time,symbol_id,symbol_name,last,trade_volume,trade_amount,open_interest_change,bv1,bp1,ap1,av1,yesterday_close,today_open,today_high,today_low,volume,amount,open_interest
2023-05-09 20:55:58,c2311-P-2400,c2311-P-2400,35.5,0.0,0.0,0.0,10,5.0,0.0,0,35.5,38.0,0.0,0.0,0.0,0.0,1121
2023-05-09 21:00:00,c2311-P-2400,c2311-P-2400,35.5,0.0,0.0,0.0,10,8.0,0.0,0,35.5,38.0,0.0,0.0,0.0,0.0,1121
2023-05-09 21:00:03,c2311-P-2400,c2311-P-2400,35.5,0.0,0.0,0.0,31,21.0,0.0,0,35.5,38.0,0.0,0.0,0.0,0.0,1121
2023-05-09 21:00:03,c2311-P-2400,c2311-P-2400,35.5,0.0,0.0,0.0,10,24.0,0.0,0,35.5,38.0,0.0,0.0,0.0,0.0,1121
2023-05-09 21:00:04,c2311-P-2400,c2311-P-2400,35.5,0.0,0.0,0.0,10,27.5,0.0,0,35.5,38.0,0.0,0.0,0.0,0.0,1121
2023-05-09 21:00:05,c2311-P-2400,c2311-P-2400,35.5,0.0,0.0,0.0,31,35.5,0.0,0,35.5,38.0,0.0,0.0,0.0,0.0,1121
2023-05-09 21:00:05,c2311-P-2400,c2311-P-2400,35.5,0.0,0.0,0.0,10,5.0,0.0,0,35.5,38.0,0.0,0.0,0.0,0.0,1121
2023-05-09 21:00:06,c2311-P-2400,c2311-P-2400,35.5,0.0,0.0,0.0,25,18.0,0.0,0,35.5,38.0,0.0,0.0,0.0,0.0,1121
2023-05-09 21:00:06,c2311-P-2400,c2311-P-2400,35.5,0.0,0.0,0.0,10,21.0,0.0,0,35.5,38.0,0.0,0.0,0.0,0.0,1121
2023-05-09 21:00:07,c2311-P-2400,c2311-P-2400,35.5,0.0,0.0,0.0,10,24.5,0.0,0,35.5,38.0,0.0,0.0,0.0,0.0,1121
2023-05-09 21:00:07,c2311-P-2400,c2311-P-2400,35.5,0.0,0.0,0.0,10,27.5,0.0,0,35.5,38.0,0.0,0.0,0.0,0.0,1121
2023-05-09 21:00:08,c2311-P-2400,c2311-P-2400,35.5,0.0,0.0,0.0,10,28.0,0.0,0,35.5,38.0,0.0,0.0,0.0,0.0,1121
2023-05-09 21:00:08,c2311-P-2400,c2311-P-2400,35.5,0.0,0.0,0.0,25,35.0,0.0,0,35.5,38.0,0.0,0.0,0.0,0.0,1121
2023-05-09 21:00:09,c2311-P-2400,c2311-P-2400,35.5,0.0,0.0,0.0,25,35.0,87.0,25,35.5,38.0,0.0,0.0,0.0,0.0,1121
2023-05-09 21:00:10,c2311-P-2400,c2311-P-2400,35.5,0.0,0.0,0.0,25,35.0,81.0,10,35.5,38.0,0.0,0.0,0.0,0.0,1121
2023-05-09 21:00:10,c2311-P-2400,c2311-P-2400,35.5,0.0,0.0,0.0,25,35.0,77.5,10,35.5,38.0,0.0,0.0,0.0,0.0,1121
2023-05-09 21:00:11,c2311-P-2400,c2311-P-2400,35.5,0.0,0.0,0.0,25,35.0,64.5,10,35.5,38.0,0.0,0.0,0.0,0.0,1121
2023-05-09 21:00:11,c2311-P-2400,c2311-P-2400,35.5,0.0,0.0,0.0,25,35.0,61.0,10,35.5,38.0,0.0,0.0,0.0,0.0,1121
2023-05-09 21:00:12,c2311-P-2400,c2311-P-2400,35.5,0.0,0.0,0.0,25,35.0,48.0,25,35.5,38.0,0.0,0.0,0.0,0.0,1121
2023-05-09 21:00:12,c2311-P-2400,c2311-P-2400,35.5,0.0,0.0,0.0,25,35.0,45.5,10,35.5,38.0,0.0,0.0,0.0,0.0,1121
2023-05-09 21:00:12,c2311-P-2400,c2311-P-2400,35.5,0.0,0.0,0.0,25,35.0,45.0,10,35.5,38.0,0.0,0.0,0.0,0.0,1121
2023-05-09 21:00:13,c2311-P-2400,c2311-P-2400,35.5,0.0,0.0,0.0,25,35.0,39.0,25,35.5,38.0,0.0,0.0,0.0,0.0,1121
2023-05-09 21:00:15,c2311-P-2400,c2311-P-2400,35.5,0.0,0.0,0.0,10,5.0,39.0,25,35.5,38.0,0.0,0.0,0.0,0.0,1121
2023-05-09 21:00:15,c2311-P-2400,c2311-P-2400,35.5,0.0,0.0,0.0,10,21.0,39.0,25,35.5,38.0,0.0,0.0,0.0,0.0,1121
2023-05-09 21:00:16,c2311-P-2400,c2311-P-2400,35.5,0.0,0.0,0.0,25,34.0,39.0,25,35.5,38.0,0.0,0.0,0.0,0.0,1121
2023-05-09 21:00:24,c2311-P-2400,c2311-P-2400,35.5,0.0,0.0,0.0,10,21.0,39.0,25,35.5,38.0,0.0,0.0,0.0,0.0,1121
2023-05-09 21:00:24,c2311-P-2400,c2311-P-2400,35.5,0.0,0.0,0.0,25,34.0,39.0,25,35.5,38.0,0.0,0.0,0.0,0.0,1121
2023-05-09 21:00:40,c2311-P-2400,c2311-P-2400,35.5,0.0,0.0,0.0,25,36.0,39.0,25,35.5,38.0,0.0,0.0,0.0,0.0,1121
2023-05-09 21:00:46,c2311-P-2400,c2311-P-2400,35.5,0.0,0.0,0.0,16,32.5,55.5,25,35.5,38.0,0.0,0.0,0.0,0.0,1121
2023-05-09 21:00:47,c2311-P-2400,c2311-P-2400,35.5,0.0,0.0,0.0,10,33.0,42.5,16,35.5,38.0,0.0,0.0,0.0,0.0,1121
2023-05-09 21:00:47,c2311-P-2400,c2311-P-2400,35.5,0.0,0.0,0.0,10,33.0,42.0,10,35.5,38.0,0.0,0.0,0.0,0.0,1121
2023-05-09 21:00:48,c2311-P-2400,c2311-P-2400,35.5,0.0,0.0,0.0,16,36.0,40.0,16,35.5,38.0,0.0,0.0,0.0,0.0,1121
2023-05-09 21:00:54,c2311-P-2400,c2311-P-2400,35.5,0.0,0.0,0.0,10,21.0,40.0,16,35.5,38.0,0.0,0.0,0.0,0.0,1121
2023-05-09 21:00:55,c2311-P-2400,c2311-P-2400,35.5,0.0,0.0,0.0,10,34.5,40.0,16,35.5,38.0,0.0,0.0,0.0,0.0,1121
2023-05-09 21:00:55,c2311-P-2400,c2311-P-2400,35.5,0.0,0.0,0.0,16,36.5,40.0,16,35.5,38.0,0.0,0.0,0.0,0.0,1121
2023-05-09 21:01:02,c2311-P-2400,c2311-P-2400,35.5,0.0,0.0,0.0,10,35.0,40.0,16,35.5,38.0,0.0,0.0,0.0,0.0,1121
2023-05-09 21:01:02,c2311-P-2400,c2311-P-2400,35.5,0.0,0.0,0.0,16,37.0,40.0,16,35.5,38.0,0.0,0.0,0.0,0.0,1121
2023-05-09 21:01:08,c2311-P-2400,c2311-P-2400,35.5,0.0,0.0,0.0,10,39.0,40.5,10,35.5,38.0,0.0,0.0,0.0,0.0,1121
2023-05-09 21:01:08,c2311-P-2400,c2311-P-2400,35.5,0.0,0.0,0.0,10,38.5,40.5,10,35.5,38.0,0.0,0.0,0.0,0.0,1121
2023-05-09 21:01:10,c2311-P-2400,c2311-P-2400,35.5,0.0,0.0,0.0,10,39.0,40.5,10,35.5,38.0,0.0,0.0,0.0,0.0,1121
2023-05-09 21:01:11,c2311-P-2400,c2311-P-2400,35.5,0.0,0.0,0.0,10,38.5,40.5,10,35.5,38.0,0.0,0.0,0.0,0.0,1121
2023-05-09 21:01:13,c2311-P-2400,c2311-P-2400,35.5,0.0,0.0,0.0,10,39.0,40.5,10,35.5,38.0,0.0,0.0,0.0,0.0,1121
2023-05-09 21:01:23,c2311-P-2400,c2311-P-2400,35.5,0.0,0.0,0.0,10,38.5,40.0,10,35.5,38.0,0.0,0.0,0.0,0.0,1121
2023-05-09 21:01:31,c2311-P-2400,c2311-P-2400,35.5,0.0,0.0,0.0,10,38.5,40.5,10,35.5,38.0,0.0,0.0,0.0,0.0,1121
2023-05-09 21:01:33,c2311-P-2400,c2311-P-2400,35.5,0.0,0.0,0.0,10,38.5,40.0,10,35.5,38.0,0.0,0.0,0.0,0.0,1121
2023-05-09 21:01:33,c2311-P-2400,c2311-P-2400,35.5,0.0,0.0,0.0,10,38.5,40.5,10,35.5,38.0,0.0,0.0,0.0,0.0,1121
2023-05-09 21:01:37,c2311-P-2400,c2311-P-2400,35.5,0.0,0.0,0.0,10,39.0,40.5,10,35.5,38.0,0.0,0.0,0.0,0.0,1121
2023-05-09 21:01:40,c2311-P-2400,c2311-P-2400,35.5,0.0,0.0,0.0,10,39.5,41.0,10,35.5,38.0,0.0,0.0,0.0,0.0,1121
2023-05-09 21:01:42,c2311-P-2400,c2311-P-2400,35.5,0.0,0.0,0.0,10,39.0,40.5,10,35.5,38.0,0.0,0.0,0.0,0.0,1121
2023-05-09 21:01:45,c2311-P-2400,c2311-P-2400,35.5,0.0,0.0,0.0,10,39.5,41.0,10,35.5,38.0,0.0,0.0,0.0,0.0,1121
2023-05-09 21:01:46,c2311-P-2400,c2311-P-2400,35.5,0.0,0.0,0.0,10,39.0,41.0,10,35.5,38.0,0.0,0.0,0.0,0.0,1121
2023-05-09 21:01:47,c2311-P-2400,c2311-P-2400,35.5,0.0,0.0,0.0,10,39.0,40.5,10,35.5,38.0,0.0,0.0,0.0,0.0,1121
2023-05-09 21:01:49,c2311-P-2400,c2311-P-2400,35.5,0.0,0.0,0.0,10,39.5,41.0,10,35.5,38.0,0.0,0.0,0.0,0.0,1121
2023-05-09 21:01:50,c2311-P-2400,c2311-P-2400,35.5,0.0,0.0,0.0,20,39.5,41.0,20,35.5,38.0,0.0,0.0,0.0,0.0,1121
2023-05-09 21:01:51,c2311-P-2400,c2311-P-2400,35.5,0.0,0.0,0.0,20,39.5,41.5,36,35.5,38.0,0.0,0.0,0.0,0.0,1121
2023-05-09 21:02:03,c2311-P-2400,c2311-P-2400,35.5,0.0,0.0,0.0,10,40.0,41.5,36,35.5,38.0,0.0,0.0,0.0,0.0,1121
2023-05-09 21:02:04,c2311-P-2400,c2311-P-2400,35.5,0.0,0.0,0.0,20,40.0,41.5,26,35.5,38.0,0.0,0.0,0.0,0.0,1121
2023-05-09 21:02:04,c2311-P-2400,c2311-P-2400,35.5,0.0,0.0,0.0,10,40.0,41.5,36,35.5,38.0,0.0,0.0,0.0,0.0,1121
2023-05-09 21:02:04,c2311-P-2400,c2311-P-2400,35.5,0.0,0.0,0.0,20,39.5,41.5,36,35.5,38.0,0.0,0.0,0.0,0.0,1121
2023-05-09 21:02:05,c2311-P-2400,c2311-P-2400,35.5,0.0,0.0,0.0,20,39.5,41.0,10,35.5,38.0,0.0,0.0,0.0,0.0,1121
2023-05-09 21:02:05,c2311-P-2400,c2311-P-2400,35.5,0.0,0.0,0.0,20,39.5,41.0,20,35.5,38.0,0.0,0.0,0.0,0.0,1121
2023-05-09 21:02:09,c2311-P-2400,c2311-P-2400,35.5,0.0,0.0,0.0,36,39.0,40.5,10,35.5,38.0,0.0,0.0,0.0,0.0,1121
2023-05-09 21:02:10,c2311-P-2400,c2311-P-2400,35.5,0.0,0.0,0.0,10,39.5,41.0,20,35.5,38.0,0.0,0.0,0.0,0.0,1121
2023-05-09 21:02:12,c2311-P-2400,c2311-P-2400,35.5,0.0,0.0,0.0,20,39.5,41.0,30,35.5,38.0,0.0,0.0,0.0,0.0,1121
2023-05-09 21:02:13,c2311-P-2400,c2311-P-2400,35.5,0.0,0.0,0.0,46,39.0,40.5,20,35.5,38.0,0.0,0.0,0.0,0.0,1121
2023-05-09 21:02:13,c2311-P-2400,c2311-P-2400,35.5,0.0,0.0,0.0,36,39.0,40.5,30,35.5,38.0,0.0,0.0,0.0,0.0,1121
2023-05-09 21:02:15,c2311-P-2400,c2311-P-2400,35.5,0.0,0.0,0.0,16,39.0,40.0,20,35.5,38.0,0.0,0.0,0.0,0.0,1121
2023-05-09 21:02:15,c2311-P-2400,c2311-P-2400,35.5,0.0,0.0,0.0,20,38.5,40.0,30,35.5,38.0,0.0,0.0,0.0,0.0,1121
2023-05-09 21:02:16,c2311-P-2400,c2311-P-2400,35.5,0.0,0.0,0.0,30,38.5,40.0,40,35.5,38.0,0.0,0.0,0.0,0.0,1121
2023-05-09 21:02:20,c2311-P-2400,c2311-P-2400,35.5,0.0,0.0,0.0,40,38.5,40.0,40,35.5,38.0,0.0,0.0,0.0,0.0,1121
2023-05-09 21:02:20,c2311-P-2400,c2311-P-2400,35.5,0.0,0.0,0.0,30,38.5,40.0,40,35.5,38.0,0.0,0.0,0.0,0.0,1121
2023-05-09 21:02:20,c2311-P-2400,c2311-P-2400,35.5,0.0,0.0,0.0,40,38.5,40.0,40,35.5,38.0,0.0,0.0,0.0,0.0,1121
2023-05-09 21:02:24,c2311-P-2400,c2311-P-2400,35.5,0.0,0.0,0.0,40,38.5,40.0,20,35.5,38.0,0.0,0.0,0.0,0.0,1121
2023-05-09 21:02:25,c2311-P-2400,c2311-P-2400,35.5,0.0,0.0,0.0,40,38.5,40.0,40,35.5,38.0,0.0,0.0,0.0,0.0,1121
2023-05-09 21:02:26,c2311-P-2400,c2311-P-2400,35.5,0.0,0.0,0.0,40,38.5,40.0,20,35.5,38.0,0.0,0.0,0.0,0.0,1121
2023-05-09 21:02:30,c2311-P-2400,c2311-P-2400,35.5,0.0,0.0,0.0,40,38.5,40.0,10,35.5,38.0,0.0,0.0,0.0,0.0,1121
2023-05-09 21:02:31,c2311-P-2400,c2311-P-2400,35.5,0.0,0.0,0.0,10,39.0,40.5,50,35.5,38.0,0.0,0.0,0.0,0.0,1121
2023-05-09 21:02:31,c2311-P-2400,c2311-P-2400,35.5,0.0,0.0,0.0,40,39.0,40.5,40,35.5,38.0,0.0,0.0,0.0,0.0,1121
2023-05-09 21:02:41,c2311-P-2400,c2311-P-2400,35.5,0.0,0.0,0.0,30,39.0,40.5,40,35.5,38.0,0.0,0.0,0.0,0.0,1121
2023-05-09 21:02:41,c2311-P-2400,c2311-P-2400,35.5,0.0,0.0,0.0,40,39.0,40.5,40,35.5,38.0,0.0,0.0,0.0,0.0,1121
2023-05-09 21:02:43,c2311-P-2400,c2311-P-2400,35.5,0.0,0.0,0.0,40,39.0,40.0,10,35.5,38.0,0.0,0.0,0.0,0.0,1121
2023-05-09 21:02:57,c2311-P-2400,c2311-P-2400,35.5,0.0,0.0,0.0,40,39.0,40.5,50,35.5,38.0,0.0,0.0,0.0,0.0,1121
2023-05-09 21:02:59,c2311-P-2400,c2311-P-2400,35.5,0.0,0.0,0.0,40,39.0,40.5,40,35.5,38.0,0.0,0.0,0.0,0.0,1121
2023-05-09 21:03:00,c2311-P-2400,c2311-P-2400,35.5,0.0,0.0,0.0,40,39.0,40.5,30,35.5,38.0,0.0,0.0,0.0,0.0,1121
2023-05-09 21:03:02,c2311-P-2400,c2311-P-2400,35.5,0.0,0.0,0.0,40,39.0,40.5,40,35.5,38.0,0.0,0.0,0.0,0.0,1121
2023-05-09 21:03:05,c2311-P-2400,c2311-P-2400,35.5,0.0,0.0,0.0,30,39.0,40.5,50,35.5,38.0,0.0,0.0,0.0,0.0,1121
2023-05-09 21:03:06,c2311-P-2400,c2311-P-2400,35.5,0.0,0.0,0.0,40,39.0,40.5,50,35.5,38.0,0.0,0.0,0.0,0.0,1121
2023-05-09 21:03:11,c2311-P-2400,c2311-P-2400,35.5,0.0,0.0,0.0,40,39.0,40.5,40,35.5,38.0,0.0,0.0,0.0,0.0,1121
2023-05-09 21:03:14,c2311-P-2400,c2311-P-2400,35.5,0.0,0.0,0.0,40,39.0,40.5,50,35.5,38.0,0.0,0.0,0.0,0.0,1121
2023-05-09 21:03:33,c2311-P-2400,c2311-P-2400,35.5,0.0,0.0,0.0,10,39.5,40.5,20,35.5,38.0,0.0,0.0,0.0,0.0,1121
2023-05-09 21:03:34,c2311-P-2400,c2311-P-2400,35.5,0.0,0.0,0.0,30,39.5,40.5,20,35.5,38.0,0.0,0.0,0.0,0.0,1121
2023-05-09 21:03:34,c2311-P-2400,c2311-P-2400,35.5,0.0,0.0,0.0,30,39.0,40.5,30,35.5,38.0,0.0,0.0,0.0,0.0,1121
2023-05-09 21:03:35,c2311-P-2400,c2311-P-2400,35.5,0.0,0.0,0.0,10,39.5,40.5,20,35.5,38.0,0.0,0.0,0.0,0.0,1121
2023-05-09 21:03:35,c2311-P-2400,c2311-P-2400,35.5,0.0,0.0,0.0,30,39.5,41.0,46,35.5,38.0,0.0,0.0,0.0,0.0,1121
2023-05-09 21:03:35,c2311-P-2400,c2311-P-2400,35.5,0.0,0.0,0.0,20,39.5,41.0,56,35.5,38.0,0.0,0.0,0.0,0.0,1121
2023-05-09 21:03:37,c2311-P-2400,c2311-P-2400,35.5,0.0,0.0,0.0,40,39.5,41.0,66,35.5,38.0,0.0,0.0,0.0,0.0,1121
2023-05-09 21:03:38,c2311-P-2400,c2311-P-2400,35.5,0.0,0.0,0.0,40,39.5,41.0,56,35.5,38.0,0.0,0.0,0.0,0.0,1121
2023-05-09 21:03:39,c2311-P-2400,c2311-P-2400,35.5,0.0,0.0,0.0,40,39.5,41.0,66,35.5,38.0,0.0,0.0,0.0,0.0,1121
2023-05-09 21:03:40,c2311-P-2400,c2311-P-2400,35.5,0.0,0.0,0.0,40,39.5,41.0,46,35.5,38.0,0.0,0.0,0.0,0.0,1121
2023-05-09 21:03:41,c2311-P-2400,c2311-P-2400,35.5,0.0,0.0,0.0,40,39.5,41.0,66,35.5,38.0,0.0,0.0,0.0,0.0,1121
2023-05-09 21:03:50,c2311-P-2400,c2311-P-2400,35.5,0.0,0.0,0.0,40,39.0,40.5,30,35.5,38.0,0.0,0.0,0.0,0.0,1121
2023-05-09 21:03:51,c2311-P-2400,c2311-P-2400,35.5,0.0,0.0,0.0,20,39.5,40.5,20,35.5,38.0,0.0,0.0,0.0,0.0,1121
2023-05-09 21:03:51,c2311-P-2400,c2311-P-2400,35.5,0.0,0.0,0.0,20,39.5,40.5,30,35.5,38.0,0.0,0.0,0.0,0.0,1121
2023-05-09 21:03:56,c2311-P-2400,c2311-P-2400,35.5,0.0,0.0,0.0,30,39.5,40.5,30,35.5,38.0,0.0,0.0,0.0,0.0,1121
2023-05-09 21:03:56,c2311-P-2400,c2311-P-2400,35.5,0.0,0.0,0.0,40,39.5,40.5,10,35.5,38.0,0.0,0.0,0.0,0.0,1121
2023-05-09 21:03:58,c2311-P-2400,c2311-P-2400,35.5,0.0,0.0,0.0,30,39.5,40.5,10,35.5,38.0,0.0,0.0,0.0,0.0,1121
2023-05-09 21:03:59,c2311-P-2400,c2311-P-2400,35.5,0.0,0.0,0.0,30,39.5,41.0,66,35.5,38.0,0.0,0.0,0.0,0.0,1121
2023-05-09 21:03:59,c2311-P-2400,c2311-P-2400,35.5,0.0,0.0,0.0,30,39.5,40.5,10,35.5,38.0,0.0,0.0,0.0,0.0,1121
2023-05-09 21:04:01,c2311-P-2400,c2311-P-2400,35.5,0.0,0.0,0.0,30,39.5,41.0,56,35.5,38.0,0.0,0.0,0.0,0.0,1121
2023-05-09 21:04:01,c2311-P-2400,c2311-P-2400,35.5,0.0,0.0,0.0,30,39.5,41.0,66,35.5,38.0,0.0,0.0,0.0,0.0,1121
2023-05-09 21:04:02,c2311-P-2400,c2311-P-2400,35.5,0.0,0.0,0.0,30,39.5,41.0,56,35.5,38.0,0.0,0.0,0.0,0.0,1121
2023-05-09 21:04:02,c2311-P-2400,c2311-P-2400,35.5,0.0,0.0,0.0,30,39.5,41.0,66,35.5,38.0,0.0,0.0,0.0,0.0,1121
2023-05-09 21:04:07,c2311-P-2400,c2311-P-2400,35.5,0.0,0.0,0.0,20,39.5,40.5,10,35.5,38.0,0.0,0.0,0.0,0.0,1121
2023-05-09 21:04:07,c2311-P-2400,c2311-P-2400,35.5,0.0,0.0,0.0,20,39.5,40.5,30,35.5,38.0,0.0,0.0,0.0,0.0,1121
2023-05-09 21:04:09,c2311-P-2400,c2311-P-2400,35.5,0.0,0.0,0.0,30,39.5,40.5,30,35.5,38.0,0.0,0.0,0.0,0.0,1121
2023-05-09 21:04:10,c2311-P-2400,c2311-P-2400,35.5,0.0,0.0,0.0,30,39.5,40.5,40,35.5,38.0,0.0,0.0,0.0,0.0,1121
2023-05-09 21:04:28,c2311-P-2400,c2311-P-2400,35.5,0.0,0.0,0.0,40,39.5,40.5,20,35.5,38.0,0.0,0.0,0.0,0.0,1121
2023-05-09 21:04:28,c2311-P-2400,c2311-P-2400,35.5,0.0,0.0,0.0,40,39.5,40.5,10,35.5,38.0,0.0,0.0,0.0,0.0,1121
2023-05-09 21:04:38,c2311-P-2400,c2311-P-2400,35.5,0.0,0.0,0.0,20,40.0,40.5,10,35.5,38.0,0.0,0.0,0.0,0.0,1121
2023-05-09 21:04:38,c2311-P-2400,c2311-P-2400,35.5,0.0,0.0,0.0,50,39.5,40.5,20,35.5,38.0,0.0,0.0,0.0,0.0,1121
2023-05-09 21:04:38,c2311-P-2400,c2311-P-2400,35.5,0.0,0.0,0.0,50,39.5,40.5,10,35.5,38.0,0.0,0.0,0.0,0.0,1121
2023-05-09 21:04:39,c2311-P-2400,c2311-P-2400,35.5,0.0,0.0,0.0,10,40.0,40.5,10,35.5,38.0,0.0,0.0,0.0,0.0,1121
2023-05-09 21:04:40,c2311-P-2400,c2311-P-2400,35.5,0.0,0.0,0.0,50,39.5,40.5,10,35.5,38.0,0.0,0.0,0.0,0.0,1121
2023-05-09 21:04:44,c2311-P-2400,c2311-P-2400,35.5,0.0,0.0,0.0,20,40.0,40.5,10,35.5,38.0,0.0,0.0,0.0,0.0,1121
2023-05-09 21:04:48,c2311-P-2400,c2311-P-2400,35.5,0.0,0.0,0.0,30,40.0,40.5,10,35.5,38.0,0.0,0.0,0.0,0.0,1121
2023-05-09 21:04:49,c2311-P-2400,c2311-P-2400,35.5,0.0,0.0,0.0,20,40.0,40.5,10,35.5,38.0,0.0,0.0,0.0,0.0,1121
2023-05-09 21:04:51,c2311-P-2400,c2311-P-2400,35.5,0.0,0.0,0.0,30,40.0,40.5,10,35.5,38.0,0.0,0.0,0.0,0.0,1121
2023-05-09 21:04:51,c2311-P-2400,c2311-P-2400,35.5,0.0,0.0,0.0,20,40.0,40.5,10,35.5,38.0,0.0,0.0,0.0,0.0,1121
2023-05-09 21:04:54,c2311-P-2400,c2311-P-2400,35.5,0.0,0.0,0.0,40,39.5,40.5,10,35.5,38.0,0.0,0.0,0.0,0.0,1121
2023-05-09 21:04:56,c2311-P-2400,c2311-P-2400,35.5,0.0,0.0,0.0,40,39.5,40.5,20,35.5,38.0,0.0,0.0,0.0,0.0,1121
2023-05-09 21:04:58,c2311-P-2400,c2311-P-2400,35.5,0.0,0.0,0.0,40,39.5,40.5,10,35.5,38.0,0.0,0.0,0.0,0.0,1121
2023-05-09 21:04:58,c2311-P-2400,c2311-P-2400,35.5,0.0,0.0,0.0,40,39.5,40.5,20,35.5,38.0,0.0,0.0,0.0,0.0,1121
2023-05-09 21:04:59,c2311-P-2400,c2311-P-2400,35.5,0.0,0.0,0.0,20,39.5,40.5,30,35.5,38.0,0.0,0.0,0.0,0.0,1121
2023-05-09 21:05:01,c2311-P-2400,c2311-P-2400,35.5,0.0,0.0,0.0,40,39.5,40.5,30,35.5,38.0,0.0,0.0,0.0,0.0,1121
2023-05-09 21:05:01,c2311-P-2400,c2311-P-2400,35.5,0.0,0.0,0.0,40,39.5,40.5,10,35.5,38.0,0.0,0.0,0.0,0.0,1121
2023-05-09 21:05:04,c2311-P-2400,c2311-P-2400,35.5,0.0,0.0,0.0,50,39.5,40.5,10,35.5,38.0,0.0,0.0,0.0,0.0,1121
2023-05-09 21:05:05,c2311-P-2400,c2311-P-2400,35.5,0.0,0.0,0.0,10,40.0,41.0,46,35.5,38.0,0.0,0.0,0.0,0.0,1121
2023-05-09 21:05:05,c2311-P-2400,c2311-P-2400,35.5,0.0,0.0,0.0,20,40.0,41.0,46,35.5,38.0,0.0,0.0,0.0,0.0,1121
2023-05-09 21:05:08,c2311-P-2400,c2311-P-2400,35.5,0.0,0.0,0.0,40,40.0,41.0,26,35.5,38.0,0.0,0.0,0.0,0.0,1121
2023-05-09 21:05:08,c2311-P-2400,c2311-P-2400,35.5,0.0,0.0,0.0,50,40.0,41.0,26,35.5,38.0,0.0,0.0,0.0,0.0,1121
2023-05-09 21:05:09,c2311-P-2400,c2311-P-2400,35.5,0.0,0.0,0.0,50,40.0,41.5,60,35.5,38.0,0.0,0.0,0.0,0.0,1121
2023-05-09 21:05:09,c2311-P-2400,c2311-P-2400,35.5,0.0,0.0,0.0,50,40.0,41.5,50,35.5,38.0,0.0,0.0,0.0,0.0,1121
2023-05-09 21:05:14,c2311-P-2400,c2311-P-2400,35.5,0.0,0.0,0.0,20,40.0,41.0,20,35.5,38.0,0.0,0.0,0.0,0.0,1121
2023-05-09 21:05:15,c2311-P-2400,c2311-P-2400,35.5,0.0,0.0,0.0,50,39.5,41.0,60,35.5,38.0,0.0,0.0,0.0,0.0,1121
2023-05-09 21:05:16,c2311-P-2400,c2311-P-2400,35.5,0.0,0.0,0.0,40,39.5,40.5,10,35.5,38.0,0.0,0.0,0.0,0.0,1121
2023-05-09 21:05:16,c2311-P-2400,c2311-P-2400,35.5,0.0,0.0,0.0,30,39.5,40.5,30,35.5,38.0,0.0,0.0,0.0,0.0,1121
2023-05-09 21:05:19,c2311-P-2400,c2311-P-2400,35.5,0.0,0.0,0.0,20,39.5,40.5,30,35.5,38.0,0.0,0.0,0.0,0.0,1121
2023-05-09 21:05:24,c2311-P-2400,c2311-P-2400,35.5,0.0,0.0,0.0,30,39.5,40.5,30,35.5,38.0,0.0,0.0,0.0,0.0,1121
2023-05-09 21:05:25,c2311-P-2400,c2311-P-2400,35.5,0.0,0.0,0.0,40,39.5,40.5,30,35.5,38.0,0.0,0.0,0.0,0.0,1121
2023-05-09 21:05:26,c2311-P-2400,c2311-P-2400,35.5,0.0,0.0,0.0,30,39.5,40.5,30,35.5,38.0,0.0,0.0,0.0,0.0,1121
2023-05-09 21:05:26,c2311-P-2400,c2311-P-2400,35.5,0.0,0.0,0.0,20,39.5,40.5,30,35.5,38.0,0.0,0.0,0.0,0.0,1121
2023-05-09 21:05:30,c2311-P-2400,c2311-P-2400,35.5,0.0,0.0,0.0,10,39.5,40.5,40,35.5,38.0,0.0,0.0,0.0,0.0,1121
2023-05-09 21:05:30,c2311-P-2400,c2311-P-2400,35.5,0.0,0.0,0.0,76,39.0,40.5,40,35.5,38.0,0.0,0.0,0.0,0.0,1121
2023-05-09 21:05:33,c2311-P-2400,c2311-P-2400,35.5,0.0,0.0,0.0,76,39.0,40.0,10,35.5,38.0,0.0,0.0,0.0,0.0,1121
2023-05-09 21:05:33,c2311-P-2400,c2311-P-2400,35.5,0.0,0.0,0.0,66,39.0,40.0,20,35.5,38.0,0.0,0.0,0.0,0.0,1121
2023-05-09 21:05:34,c2311-P-2400,c2311-P-2400,35.5,0.0,0.0,0.0,66,39.0,40.5,60,35.5,38.0,0.0,0.0,0.0,0.0,1121
2023-05-09 21:05:35,c2311-P-2400,c2311-P-2400,35.5,0.0,0.0,0.0,76,39.0,40.5,50,35.5,38.0,0.0,0.0,0.0,0.0,1121
2023-05-09 21:05:36,c2311-P-2400,c2311-P-2400,35.5,0.0,0.0,0.0,66,39.0,40.5,60,35.5,38.0,0.0,0.0,0.0,0.0,1121
2023-05-09 21:05:37,c2311-P-2400,c2311-P-2400,35.5,0.0,0.0,0.0,56,39.0,40.0,20,35.5,38.0,0.0,0.0,0.0,0.0,1121
2023-05-09 21:05:37,c2311-P-2400,c2311-P-2400,35.5,0.0,0.0,0.0,66,39.0,40.0,20,35.5,38.0,0.0,0.0,0.0,0.0,1121
2023-05-09 21:05:38,c2311-P-2400,c2311-P-2400,35.5,0.0,0.0,0.0,66,39.0,40.0,10,35.5,38.0,0.0,0.0,0.0,0.0,1121
2023-05-09 21:05:42,c2311-P-2400,c2311-P-2400,35.5,0.0,0.0,0.0,76,39.0,40.0,10,35.5,38.0,0.0,0.0,0.0,0.0,1121
2023-05-09 21:05:42,c2311-P-2400,c2311-P-2400,35.5,0.0,0.0,0.0,66,39.0,40.0,20,35.5,38.0,0.0,0.0,0.0,0.0,1121
2023-05-09 21:05:43,c2311-P-2400,c2311-P-2400,35.5,0.0,0.0,0.0,56,39.0,40.0,20,35.5,38.0,0.0,0.0,0.0,0.0,1121
2023-05-09 21:05:44,c2311-P-2400,c2311-P-2400,35.5,0.0,0.0,0.0,56,39.0,40.0,30,35.5,38.0,0.0,0.0,0.0,0.0,1121
2023-05-09 21:05:45,c2311-P-2400,c2311-P-2400,35.5,0.0,0.0,0.0,46,39.0,40.0,30,35.5,38.0,0.0,0.0,0.0,0.0,1121
2023-05-09 21:05:45,c2311-P-2400,c2311-P-2400,35.5,0.0,0.0,0.0,26,39.0,40.0,50,35.5,38.0,0.0,0.0,0.0,0.0,1121
2023-05-09 21:05:46,c2311-P-2400,c2311-P-2400,35.5,0.0,0.0,0.0,10,39.0,40.0,60,35.5,38.0,0.0,0.0,0.0,0.0,1121
2023-05-09 21:05:47,c2311-P-2400,c2311-P-2400,35.5,0.0,0.0,0.0,20,39.0,40.0,60,35.5,38.0,0.0,0.0,0.0,0.0,1121
2023-05-09 21:05:49,c2311-P-2400,c2311-P-2400,35.5,0.0,0.0,0.0,60,38.5,40.0,60,35.5,38.0,0.0,0.0,0.0,0.0,1121
2023-05-09 21:05:52,c2311-P-2400,c2311-P-2400,35.5,0.0,0.0,0.0,60,38.5,40.0,50,35.5,38.0,0.0,0.0,0.0,0.0,1121
2023-05-09 21:05:56,c2311-P-2400,c2311-P-2400,35.5,0.0,0.0,0.0,60,38.5,39.5,10,35.5,38.0,0.0,0.0,0.0,0.0,1121
2023-05-09 21:05:56,c2311-P-2400,c2311-P-2400,35.5,0.0,0.0,0.0,60,38.5,39.5,20,35.5,38.0,0.0,0.0,0.0,0.0,1121
2023-05-09 21:05:56,c2311-P-2400,c2311-P-2400,35.5,0.0,0.0,0.0,60,38.5,39.5,10,35.5,38.0,0.0,0.0,0.0,0.0,1121
2023-05-09 21:05:58,c2311-P-2400,c2311-P-2400,35.5,0.0,0.0,0.0,60,38.5,40.0,60,35.5,38.0,0.0,0.0,0.0,0.0,1121
2023-05-09 21:05:58,c2311-P-2400,c2311-P-2400,35.5,0.0,0.0,0.0,50,38.5,40.0,70,35.5,38.0,0.0,0.0,0.0,0.0,1121
2023-05-09 21:06:04,c2311-P-2400,c2311-P-2400,35.5,0.0,0.0,0.0,40,38.5,40.0,70,35.5,38.0,0.0,0.0,0.0,0.0,1121
2023-05-09 21:06:07,c2311-P-2400,c2311-P-2400,35.5,0.0,0.0,0.0,40,38.5,40.0,80,35.5,38.0,0.0,0.0,0.0,0.0,1121
2023-05-09 21:06:09,c2311-P-2400,c2311-P-2400,35.5,0.0,0.0,0.0,40,38.5,40.0,70,35.5,38.0,0.0,0.0,0.0,0.0,1121
2023-05-09 21:06:09,c2311-P-2400,c2311-P-2400,35.5,0.0,0.0,0.0,40,38.5,40.0,80,35.5,38.0,0.0,0.0,0.0,0.0,1121
2023-05-09 21:06:12,c2311-P-2400,c2311-P-2400,35.5,0.0,0.0,0.0,50,38.5,40.0,70,35.5,38.0,0.0,0.0,0.0,0.0,1121
2023-05-09 21:06:12,c2311-P-2400,c2311-P-2400,35.5,0.0,0.0,0.0,60,38.5,40.0,60,35.5,38.0,0.0,0.0,0.0,0.0,1121
2023-05-09 21:06:14,c2311-P-2400,c2311-P-2400,35.5,0.0,0.0,0.0,50,38.5,40.0,70,35.5,38.0,0.0,0.0,0.0,0.0,1121
2023-05-09 21:06:20,c2311-P-2400,c2311-P-2400,35.5,0.0,0.0,0.0,50,38.5,40.0,80,35.5,38.0,0.0,0.0,0.0,0.0,1121
2023-05-09 21:06:21,c2311-P-2400,c2311-P-2400,35.5,0.0,0.0,0.0,50,38.5,39.5,20,35.5,38.0,0.0,0.0,0.0,0.0,1121
2023-05-09 21:06:22,c2311-P-2400,c2311-P-2400,35.5,0.0,0.0,0.0,50,38.5,39.5,30,35.5,38.0,0.0,0.0,0.0,0.0,1121
2023-05-09 21:06:22,c2311-P-2400,c2311-P-2400,35.5,0.0,0.0,0.0,60,38.5,39.5,10,35.5,38.0,0.0,0.0,0.0,0.0,1121
2023-05-09 21:06:23,c2311-P-2400,c2311-P-2400,35.5,0.0,0.0,0.0,50,38.5,39.5,20,35.5,38.0,0.0,0.0,0.0,0.0,1121
2023-05-09 21:06:28,c2311-P-2400,c2311-P-2400,35.5,0.0,0.0,0.0,50,38.5,39.5,30,35.5,38.0,0.0,0.0,0.0,0.0,1121
2023-05-09 21:06:29,c2311-P-2400,c2311-P-2400,35.5,0.0,0.0,0.0,50,38.5,39.5,20,35.5,38.0,0.0,0.0,0.0,0.0,1121
2023-05-09 21:06:29,c2311-P-2400,c2311-P-2400,35.5,0.0,0.0,0.0,50,38.5,39.5,10,35.5,38.0,0.0,0.0,0.0,0.0,1121
2023-05-09 21:06:30,c2311-P-2400,c2311-P-2400,35.5,0.0,0.0,0.0,60,38.5,40.0,70,35.5,38.0,0.0,0.0,0.0,0.0,1121
2023-05-09 21:06:33,c2311-P-2400,c2311-P-2400,35.5,0.0,0.0,0.0,50,38.5,40.0,70,35.5,38.0,0.0,0.0,0.0,0.0,1121
2023-05-09 21:06:40,c2311-P-2400,c2311-P-2400,35.5,0.0,0.0,0.0,50,38.5,40.0,60,35.5,38.0,0.0,0.0,0.0,0.0,1121
2023-05-09 21:06:42,c2311-P-2400,c2311-P-2400,35.5,0.0,0.0,0.0,50,38.5,40.0,70,35.5,38.0,0.0,0.0,0.0,0.0,1121
2023-05-09 21:06:50,c2311-P-2400,c2311-P-2400,35.5,0.0,0.0,0.0,50,38.5,39.5,10,35.5,38.0,0.0,0.0,0.0,0.0,1121
2023-05-09 21:06:50,c2311-P-2400,c2311-P-2400,35.5,0.0,0.0,0.0,40,38.5,39.5,20,35.5,38.0,0.0,0.0,0.0,0.0,1121
2023-05-09 21:06:50,c2311-P-2400,c2311-P-2400,35.5,0.0,0.0,0.0,40,38.5,39.5,30,35.5,38.0,0.0,0.0,0.0,0.0,1121
2023-05-09 21:06:51,c2311-P-2400,c2311-P-2400,35.5,0.0,0.0,0.0,20,38.5,39.5,30,35.5,38.0,0.0,0.0,0.0,0.0,1121
2023-05-09 21:06:52,c2311-P-2400,c2311-P-2400,35.5,0.0,0.0,0.0,20,38.5,39.5,40,35.5,38.0,0.0,0.0,0.0,0.0,1121
2023-05-09 21:06:52,c2311-P-2400,c2311-P-2400,35.5,0.0,0.0,0.0,76,38.0,39.5,60,35.5,38.0,0.0,0.0,0.0,0.0,1121
2023-05-09 21:06:53,c2311-P-2400,c2311-P-2400,35.5,0.0,0.0,0.0,76,38.0,39.5,40,35.5,38.0,0.0,0.0,0.0,0.0,1121
2023-05-09 21:07:04,c2311-P-2400,c2311-P-2400,35.5,0.0,0.0,0.0,10,38.5,39.5,20,35.5,38.0,0.0,0.0,0.0,0.0,1121
2023-05-09 21:07:05,c2311-P-2400,c2311-P-2400,35.5,0.0,0.0,0.0,30,38.5,39.5,10,35.5,38.0,0.0,0.0,0.0,0.0,1121
2023-05-09 21:07:05,c2311-P-2400,c2311-P-2400,35.5,0.0,0.0,0.0,40,38.5,39.5,10,35.5,38.0,0.0,0.0,0.0,0.0,1121
2023-05-09 21:07:06,c2311-P-2400,c2311-P-2400,35.5,0.0,0.0,0.0,40,38.5,40.0,60,35.5,38.0,0.0,0.0,0.0,0.0,1121
2023-05-09 21:07:07,c2311-P-2400,c2311-P-2400,35.5,0.0,0.0,0.0,40,38.5,39.5,20,35.5,38.0,0.0,0.0,0.0,0.0,1121
2023-05-09 21:07:07,c2311-P-2400,c2311-P-2400,35.5,0.0,0.0,0.0,30,38.5,39.5,40,35.5,38.0,0.0,0.0,0.0,0.0,1121
2023-05-09 21:07:08,c2311-P-2400,c2311-P-2400,35.5,0.0,0.0,0.0,30,38.5,39.5,30,35.5,38.0,0.0,0.0,0.0,0.0,1121
2023-05-09 21:07:09,c2311-P-2400,c2311-P-2400,35.5,0.0,0.0,0.0,76,38.0,39.5,40,35.5,38.0,0.0,0.0,0.0,0.0,1121
2023-05-09 21:07:09,c2311-P-2400,c2311-P-2400,35.5,0.0,0.0,0.0,10,38.5,39.5,30,35.5,38.0,0.0,0.0,0.0,0.0,1121
2023-05-09 21:07:10,c2311-P-2400,c2311-P-2400,35.5,0.0,0.0,0.0,76,38.0,39.5,40,35.5,38.0,0.0,0.0,0.0,0.0,1121
2023-05-09 21:07:11,c2311-P-2400,c2311-P-2400,35.5,0.0,0.0,0.0,76,38.0,39.5,50,35.5,38.0,0.0,0.0,0.0,0.0,1121
2023-05-09 21:07:12,c2311-P-2400,c2311-P-2400,35.5,0.0,0.0,0.0,10,38.5,39.5,30,35.5,38.0,0.0,0.0,0.0,0.0,1121
2023-05-09 21:07:13,c2311-P-2400,c2311-P-2400,35.5,0.0,0.0,0.0,20,38.5,39.5,20,35.5,38.0,0.0,0.0,0.0,0.0,1121
2023-05-09 21:07:13,c2311-P-2400,c2311-P-2400,35.5,0.0,0.0,0.0,20,38.5,39.5,40,35.5,38.0,0.0,0.0,0.0,0.0,1121
2023-05-09 21:07:14,c2311-P-2400,c2311-P-2400,35.5,0.0,0.0,0.0,10,38.5,39.5,40,35.5,38.0,0.0,0.0,0.0,0.0,1121
2023-05-09 21:07:15,c2311-P-2400,c2311-P-2400,35.5,0.0,0.0,0.0,30,38.5,39.5,40,35.5,38.0,0.0,0.0,0.0,0.0,1121
2023-05-09 21:07:15,c2311-P-2400,c2311-P-2400,35.5,0.0,0.0,0.0,20,38.5,39.5,40,35.5,38.0,0.0,0.0,0.0,0.0,1121
2023-05-09 21:07:16,c2311-P-2400,c2311-P-2400,35.5,0.0,0.0,0.0,40,38.5,39.5,10,35.5,38.0,0.0,0.0,0.0,0.0,1121
2023-05-09 21:07:16,c2311-P-2400,c2311-P-2400,35.5,0.0,0.0,0.0,50,38.5,40.0,70,35.5,38.0,0.0,0.0,0.0,0.0,1121
2023-05-09 21:07:17,c2311-P-2400,c2311-P-2400,35.5,0.0,0.0,0.0,40,38.5,40.0,80,35.5,38.0,0.0,0.0,0.0,0.0,1121
2023-05-09 21:07:17,c2311-P-2400,c2311-P-2400,35.5,0.0,0.0,0.0,40,38.5,39.5,30,35.5,38.0,0.0,0.0,0.0,0.0,1121
2023-05-09 21:07:17,c2311-P-2400,c2311-P-2400,35.5,0.0,0.0,0.0,40,38.5,39.5,40,35.5,38.0,0.0,0.0,0.0,0.0,1121
2023-05-09 21:07:20,c2311-P-2400,c2311-P-2400,35.5,0.0,0.0,0.0,40,38.5,39.5,50,35.5,38.0,0.0,0.0,0.0,0.0,1121
2023-05-09 21:07:20,c2311-P-2400,c2311-P-2400,35.5,0.0,0.0,0.0,20,38.5,39.5,50,35.5,38.0,0.0,0.0,0.0,0.0,1121
2023-05-09 21:07:21,c2311-P-2400,c2311-P-2400,35.5,0.0,0.0,0.0,86,38.0,39.5,70,35.5,38.0,0.0,0.0,0.0,0.0,1121
2023-05-09 21:07:23,c2311-P-2400,c2311-P-2400,35.5,0.0,0.0,0.0,76,38.0,39.5,70,35.5,38.0,0.0,0.0,0.0,0.0,1121
2023-05-09 21:07:27,c2311-P-2400,c2311-P-2400,35.5,0.0,0.0,0.0,76,38.0,39.0,10,35.5,38.0,0.0,0.0,0.0,0.0,1121
2023-05-09 21:07:27,c2311-P-2400,c2311-P-2400,35.5,0.0,0.0,0.0,66,38.0,39.0,20,35.5,38.0,0.0,0.0,0.0,0.0,1121
2023-05-09 21:07:29,c2311-P-2400,c2311-P-2400,35.5,0.0,0.0,0.0,66,38.0,39.0,10,35.5,38.0,0.0,0.0,0.0,0.0,1121
2023-05-09 21:07:29,c2311-P-2400,c2311-P-2400,35.5,0.0,0.0,0.0,66,38.0,39.0,20,35.5,38.0,0.0,0.0,0.0,0.0,1121
2023-05-09 21:07:30,c2311-P-2400,c2311-P-2400,35.5,0.0,0.0,0.0,46,38.0,39.0,50,35.5,38.0,0.0,0.0,0.0,0.0,1121
2023-05-09 21:07:30,c2311-P-2400,c2311-P-2400,35.5,0.0,0.0,0.0,36,38.0,39.0,50,35.5,38.0,0.0,0.0,0.0,0.0,1121
2023-05-09 21:07:31,c2311-P-2400,c2311-P-2400,35.5,0.0,0.0,0.0,56,38.0,39.0,30,35.5,38.0,0.0,0.0,0.0,0.0,1121
2023-05-09 21:07:32,c2311-P-2400,c2311-P-2400,35.5,0.0,0.0,0.0,46,38.0,39.0,30,35.5,38.0,0.0,0.0,0.0,0.0,1121
2023-05-09 21:07:32,c2311-P-2400,c2311-P-2400,35.5,0.0,0.0,0.0,46,38.0,39.0,40,35.5,38.0,0.0,0.0,0.0,0.0,1121
2023-05-09 21:07:33,c2311-P-2400,c2311-P-2400,35.5,0.0,0.0,0.0,36,38.0,39.0,40,35.5,38.0,0.0,0.0,0.0,0.0,1121
2023-05-09 21:07:34,c2311-P-2400,c2311-P-2400,35.5,0.0,0.0,0.0,46,38.0,39.0,40,35.5,38.0,0.0,0.0,0.0,0.0,1121
2023-05-09 21:07:35,c2311-P-2400,c2311-P-2400,35.5,0.0,0.0,0.0,56,38.0,39.0,40,35.5,38.0,0.0,0.0,0.0,0.0,1121
2023-05-09 21:07:35,c2311-P-2400,c2311-P-2400,35.5,0.0,0.0,0.0,76,38.0,39.0,30,35.5,38.0,0.0,0.0,0.0,0.0,1121
2023-05-09 21:07:38,c2311-P-2400,c2311-P-2400,35.5,0.0,0.0,0.0,76,38.0,39.0,40,35.5,38.0,0.0,0.0,0.0,0.0,1121
2023-05-09 21:07:38,c2311-P-2400,c2311-P-2400,35.5,0.0,0.0,0.0,76,38.0,39.0,30,35.5,38.0,0.0,0.0,0.0,0.0,1121
2023-05-09 21:07:39,c2311-P-2400,c2311-P-2400,35.5,0.0,0.0,0.0,66,38.0,39.0,40,35.5,38.0,0.0,0.0,0.0,0.0,1121
2023-05-09 21:07:40,c2311-P-2400,c2311-P-2400,35.5,0.0,0.0,0.0,76,38.0,39.0,40,35.5,38.0,0.0,0.0,0.0,0.0,1121
2023-05-09 21:07:41,c2311-P-2400,c2311-P-2400,35.5,0.0,0.0,0.0,76,38.0,39.0,20,35.5,38.0,0.0,0.0,0.0,0.0,1121
2023-05-09 21:07:42,c2311-P-2400,c2311-P-2400,35.5,0.0,0.0,0.0,66,38.0,39.0,30,35.5,38.0,0.0,0.0,0.0,0.0,1121
2023-05-09 21:07:42,c2311-P-2400,c2311-P-2400,35.5,0.0,0.0,0.0,76,38.0,39.0,20,35.5,38.0,0.0,0.0,0.0,0.0,1121
2023-05-09 21:07:43,c2311-P-2400,c2311-P-2400,35.5,0.0,0.0,0.0,66,38.0,39.0,30,35.5,38.0,0.0,0.0,0.0,0.0,1121
2023-05-09 21:07:50,c2311-P-2400,c2311-P-2400,35.5,0.0,0.0,0.0,30,38.0,39.0,40,35.5,38.0,0.0,0.0,0.0,0.0,1121
2023-05-09 21:07:50,c2311-P-2400,c2311-P-2400,35.5,0.0,0.0,0.0,60,37.5,38.5,10,35.5,38.0,0.0,0.0,0.0,0.0,1121
2023-05-09 21:07:52,c2311-P-2400,c2311-P-2400,35.5,0.0,0.0,0.0,60,37.5,39.0,70,35.5,38.0,0.0,0.0,0.0,0.0,1121
2023-05-09 21:07:54,c2311-P-2400,c2311-P-2400,35.5,0.0,0.0,0.0,50,37.5,38.5,10,35.5,38.0,0.0,0.0,0.0,0.0,1121
2023-05-09 21:07:55,c2311-P-2400,c2311-P-2400,35.5,0.0,0.0,0.0,50,37.5,38.5,20,35.5,38.0,0.0,0.0,0.0,0.0,1121
2023-05-09 21:07:58,c2311-P-2400,c2311-P-2400,35.5,0.0,0.0,0.0,40,37.5,38.5,30,35.5,38.0,0.0,0.0,0.0,0.0,1121
2023-05-09 21:07:58,c2311-P-2400,c2311-P-2400,35.5,0.0,0.0,0.0,30,37.5,38.5,30,35.5,38.0,0.0,0.0,0.0,0.0,1121
2023-05-09 21:07:58,c2311-P-2400,c2311-P-2400,35.5,0.0,0.0,0.0,40,37.5,38.5,30,35.5,38.0,0.0,0.0,0.0,0.0,1121
2023-05-09 21:07:59,c2311-P-2400,c2311-P-2400,35.5,0.0,0.0,0.0,50,37.5,38.5,30,35.5,38.0,0.0,0.0,0.0,0.0,1121
2023-05-09 21:08:00,c2311-P-2400,c2311-P-2400,35.5,0.0,0.0,0.0,60,37.5,38.5,20,35.5,38.0,0.0,0.0,0.0,0.0,1121
2023-05-09 21:08:00,c2311-P-2400,c2311-P-2400,35.5,0.0,0.0,0.0,60,37.5,38.5,10,35.5,38.0,0.0,0.0,0.0,0.0,1121
2023-05-09 21:08:01,c2311-P-2400,c2311-P-2400,35.5,0.0,0.0,0.0,50,37.5,38.5,20,35.5,38.0,0.0,0.0,0.0,0.0,1121
2023-05-09 21:08:05,c2311-P-2400,c2311-P-2400,35.5,0.0,0.0,0.0,40,37.5,38.5,30,35.5,38.0,0.0,0.0,0.0,0.0,1121
2023-05-09 21:08:06,c2311-P-2400,c2311-P-2400,35.5,0.0,0.0,0.0,50,37.0,38.5,60,35.5,38.0,0.0,0.0,0.0,0.0,1121
2023-05-09 21:08:07,c2311-P-2400,c2311-P-2400,35.5,0.0,0.0,0.0,40,37.0,38.0,20,35.5,38.0,0.0,0.0,0.0,0.0,1121
2023-05-09 21:08:07,c2311-P-2400,c2311-P-2400,35.5,0.0,0.0,0.0,30,37.0,38.0,20,35.5,38.0,0.0,0.0,0.0,0.0,1121
2023-05-09 21:08:08,c2311-P-2400,c2311-P-2400,35.5,0.0,0.0,0.0,50,37.0,38.0,10,35.5,38.0,0.0,0.0,0.0,0.0,1121
2023-05-09 21:08:09,c2311-P-2400,c2311-P-2400,35.5,0.0,0.0,0.0,50,37.0,38.5,60,35.5,38.0,0.0,0.0,0.0,0.0,1121
2023-05-09 21:08:10,c2311-P-2400,c2311-P-2400,35.5,0.0,0.0,0.0,40,37.0,38.5,60,35.5,38.0,0.0,0.0,0.0,0.0,1121
2023-05-09 21:08:16,c2311-P-2400,c2311-P-2400,35.5,0.0,0.0,0.0,30,37.0,38.5,60,35.5,38.0,0.0,0.0,0.0,0.0,1121
2023-05-09 21:08:17,c2311-P-2400,c2311-P-2400,35.5,0.0,0.0,0.0,40,37.0,38.5,60,35.5,38.0,0.0,0.0,0.0,0.0,1121
2023-05-09 21:08:23,c2311-P-2400,c2311-P-2400,35.5,0.0,0.0,0.0,30,37.0,38.5,60,35.5,38.0,0.0,0.0,0.0,0.0,1121
2023-05-09 21:08:23,c2311-P-2400,c2311-P-2400,35.5,0.0,0.0,0.0,30,37.0,38.0,10,35.5,38.0,0.0,0.0,0.0,0.0,1121
2023-05-09 21:08:24,c2311-P-2400,c2311-P-2400,35.5,0.0,0.0,0.0,40,37.0,38.0,10,35.5,38.0,0.0,0.0,0.0,0.0,1121
2023-05-09 21:08:25,c2311-P-2400,c2311-P-2400,35.5,0.0,0.0,0.0,30,37.0,38.0,10,35.5,38.0,0.0,0.0,0.0,0.0,1121
2023-05-09 21:08:26,c2311-P-2400,c2311-P-2400,35.5,0.0,0.0,0.0,50,37.0,38.0,10,35.5,38.0,0.0,0.0,0.0,0.0,1121
2023-05-09 21:08:28,c2311-P-2400,c2311-P-2400,35.5,0.0,0.0,0.0,60,37.0,38.0,10,35.5,38.0,0.0,0.0,0.0,0.0,1121
2023-05-09 21:08:29,c2311-P-2400,c2311-P-2400,35.5,0.0,0.0,0.0,50,37.0,38.0,10,35.5,38.0,0.0,0.0,0.0,0.0,1121
2023-05-09 21:08:29,c2311-P-2400,c2311-P-2400,35.5,0.0,0.0,0.0,60,37.0,38.0,10,35.5,38.0,0.0,0.0,0.0,0.0,1121
2023-05-09 21:08:30,c2311-P-2400,c2311-P-2400,35.5,0.0,0.0,0.0,60,37.0,38.5,70,35.5,38.0,0.0,0.0,0.0,0.0,1121
2023-05-09 21:08:32,c2311-P-2400,c2311-P-2400,35.5,0.0,0.0,0.0,50,37.0,38.5,70,35.5,38.0,0.0,0.0,0.0,0.0,1121
2023-05-09 21:08:47,c2311-P-2400,c2311-P-2400,35.5,0.0,0.0,0.0,40,37.0,38.0,20,35.5,38.0,0.0,0.0,0.0,0.0,1121
2023-05-09 21:08:47,c2311-P-2400,c2311-P-2400,35.5,0.0,0.0,0.0,30,37.0,38.0,20,35.5,38.0,0.0,0.0,0.0,0.0,1121
2023-05-09 21:08:48,c2311-P-2400,c2311-P-2400,35.5,0.0,0.0,0.0,40,37.0,38.0,20,35.5,38.0,0.0,0.0,0.0,0.0,1121
2023-05-09 21:08:49,c2311-P-2400,c2311-P-2400,35.5,0.0,0.0,0.0,50,37.0,38.0,30,35.5,38.0,0.0,0.0,0.0,0.0,1121
2023-05-09 21:08:49,c2311-P-2400,c2311-P-2400,35.5,0.0,0.0,0.0,60,37.0,38.0,10,35.5,38.0,0.0,0.0,0.0,0.0,1121
2023-05-09 21:08:52,c2311-P-2400,c2311-P-2400,35.5,0.0,0.0,0.0,60,37.0,38.5,70,35.5,38.0,0.0,0.0,0.0,0.0,1121
2023-05-09 21:08:54,c2311-P-2400,c2311-P-2400,35.5,0.0,0.0,0.0,50,37.0,38.0,10,35.5,38.0,0.0,0.0,0.0,0.0,1121
2023-05-09 21:08:55,c2311-P-2400,c2311-P-2400,35.5,0.0,0.0,0.0,60,37.0,38.0,10,35.5,38.0,0.0,0.0,0.0,0.0,1121
2023-05-09 21:08:55,c2311-P-2400,c2311-P-2400,35.5,0.0,0.0,0.0,60,37.0,38.5,70,35.5,38.0,0.0,0.0,0.0,0.0,1121
2023-05-09 21:08:57,c2311-P-2400,c2311-P-2400,35.5,0.0,0.0,0.0,50,37.0,38.5,70,35.5,38.0,0.0,0.0,0.0,0.0,1121
2023-05-09 21:09:02,c2311-P-2400,c2311-P-2400,35.5,0.0,0.0,0.0,40,37.0,38.5,70,35.5,38.0,0.0,0.0,0.0,0.0,1121
2023-05-09 21:09:02,c2311-P-2400,c2311-P-2400,35.5,0.0,0.0,0.0,30,37.0,38.0,20,35.5,38.0,0.0,0.0,0.0,0.0,1121
2023-05-09 21:09:03,c2311-P-2400,c2311-P-2400,35.5,0.0,0.0,0.0,30,37.0,38.0,30,35.5,38.0,0.0,0.0,0.0,0.0,1121
2023-05-09 21:09:06,c2311-P-2400,c2311-P-2400,35.5,0.0,0.0,0.0,40,37.0,38.0,30,35.5,38.0,0.0,0.0,0.0,0.0,1121
2023-05-09 21:09:07,c2311-P-2400,c2311-P-2400,35.5,0.0,0.0,0.0,40,37.0,38.0,20,35.5,38.0,0.0,0.0,0.0,0.0,1121
2023-05-09 21:09:08,c2311-P-2400,c2311-P-2400,35.5,0.0,0.0,0.0,40,37.0,38.0,30,35.5,38.0,0.0,0.0,0.0,0.0,1121
2023-05-09 21:09:08,c2311-P-2400,c2311-P-2400,35.5,0.0,0.0,0.0,40,37.0,38.0,20,35.5,38.0,0.0,0.0,0.0,0.0,1121
2023-05-09 21:09:10,c2311-P-2400,c2311-P-2400,35.5,0.0,0.0,0.0,40,37.0,38.0,30,35.5,38.0,0.0,0.0,0.0,0.0,1121
2023-05-09 21:09:10,c2311-P-2400,c2311-P-2400,35.5,0.0,0.0,0.0,30,37.0,38.0,30,35.5,38.0,0.0,0.0,0.0,0.0,1121
2023-05-09 21:09:13,c2311-P-2400,c2311-P-2400,35.5,0.0,0.0,0.0,40,37.0,38.0,30,35.5,38.0,0.0,0.0,0.0,0.0,1121
2023-05-09 21:09:14,c2311-P-2400,c2311-P-2400,35.5,0.0,0.0,0.0,30,37.0,38.0,30,35.5,38.0,0.0,0.0,0.0,0.0,1121
2023-05-09 21:09:15,c2311-P-2400,c2311-P-2400,35.5,0.0,0.0,0.0,20,37.0,38.0,60,35.5,38.0,0.0,0.0,0.0,0.0,1121
2023-05-09 21:09:15,c2311-P-2400,c2311-P-2400,35.5,0.0,0.0,0.0,20,37.0,38.0,50,35.5,38.0,0.0,0.0,0.0,0.0,1121
2023-05-09 21:09:16,c2311-P-2400,c2311-P-2400,35.5,0.0,0.0,0.0,30,37.0,38.0,30,35.5,38.0,0.0,0.0,0.0,0.0,1121
2023-05-09 21:09:17,c2311-P-2400,c2311-P-2400,35.5,0.0,0.0,0.0,20,37.0,38.0,50,35.5,38.0,0.0,0.0,0.0,0.0,1121
2023-05-09 21:09:18,c2311-P-2400,c2311-P-2400,35.5,0.0,0.0,0.0,30,37.0,38.0,30,35.5,38.0,0.0,0.0,0.0,0.0,1121
2023-05-09 21:09:20,c2311-P-2400,c2311-P-2400,35.5,0.0,0.0,0.0,40,37.0,38.0,30,35.5,38.0,0.0,0.0,0.0,0.0,1121
2023-05-09 21:09:25,c2311-P-2400,c2311-P-2400,35.5,0.0,0.0,0.0,40,37.0,38.0,20,35.5,38.0,0.0,0.0,0.0,0.0,1121
2023-05-09 21:09:26,c2311-P-2400,c2311-P-2400,35.5,0.0,0.0,0.0,40,37.0,38.0,10,35.5,38.0,0.0,0.0,0.0,0.0,1121
2023-05-09 21:09:28,c2311-P-2400,c2311-P-2400,35.5,0.0,0.0,0.0,50,37.0,38.0,10,35.5,38.0,0.0,0.0,0.0,0.0,1121
2023-05-09 21:09:29,c2311-P-2400,c2311-P-2400,35.5,0.0,0.0,0.0,60,37.0,38.5,70,35.5,38.0,0.0,0.0,0.0,0.0,1121
2023-05-09 21:09:29,c2311-P-2400,c2311-P-2400,35.5,0.0,0.0,0.0,50,37.0,38.5,60,35.5,38.0,0.0,0.0,0.0,0.0,1121
2023-05-09 21:09:31,c2311-P-2400,c2311-P-2400,35.5,0.0,0.0,0.0,50,37.0,38.5,70,35.5,38.0,0.0,0.0,0.0,0.0,1121
2023-05-09 21:09:32,c2311-P-2400,c2311-P-2400,35.5,0.0,0.0,0.0,50,37.0,38.5,60,35.5,38.0,0.0,0.0,0.0,0.0,1121
2023-05-09 21:09:35,c2311-P-2400,c2311-P-2400,35.5,0.0,0.0,0.0,40,37.0,38.5,70,35.5,38.0,0.0,0.0,0.0,0.0,1121
2023-05-09 21:09:55,c2311-P-2400,c2311-P-2400,35.5,0.0,0.0,0.0,40,37.0,38.0,10,35.5,38.0,0.0,0.0,0.0,0.0,1121
2023-05-09 21:09:57,c2311-P-2400,c2311-P-2400,35.5,0.0,0.0,0.0,50,37.0,38.0,10,35.5,38.0,0.0,0.0,0.0,0.0,1121
2023-05-09 21:09:57,c2311-P-2400,c2311-P-2400,35.5,0.0,0.0,0.0,50,37.0,38.5,70,35.5,38.0,0.0,0.0,0.0,0.0,1121
2023-05-09 21:10:00,c2311-P-2400,c2311-P-2400,35.5,0.0,0.0,0.0,40,37.0,38.5,70,35.5,38.0,0.0,0.0,0.0,0.0,1121
2023-05-09 21:10:14,c2311-P-2400,c2311-P-2400,35.5,0.0,0.0,0.0,40,37.0,38.0,10,35.5,38.0,0.0,0.0,0.0,0.0,1121
2023-05-09 21:10:14,c2311-P-2400,c2311-P-2400,35.5,0.0,0.0,0.0,40,37.0,38.5,70,35.5,38.0,0.0,0.0,0.0,0.0,1121
2023-05-09 21:10:15,c2311-P-2400,c2311-P-2400,35.5,0.0,0.0,0.0,30,37.0,38.0,20,35.5,38.0,0.0,0.0,0.0,0.0,1121
2023-05-09 21:10:15,c2311-P-2400,c2311-P-2400,35.5,0.0,0.0,0.0,40,37.0,38.0,20,35.5,38.0,0.0,0.0,0.0,0.0,1121
2023-05-09 21:10:16,c2311-P-2400,c2311-P-2400,35.5,0.0,0.0,0.0,30,37.0,38.0,30,35.5,38.0,0.0,0.0,0.0,0.0,1121
2023-05-09 21:10:16,c2311-P-2400,c2311-P-2400,35.5,0.0,0.0,0.0,30,37.0,38.0,60,35.5,38.0,0.0,0.0,0.0,0.0,1121
2023-05-09 21:10:17,c2311-P-2400,c2311-P-2400,35.5,0.0,0.0,0.0,30,37.0,38.0,40,35.5,38.0,0.0,0.0,0.0,0.0,1121
2023-05-09 21:10:18,c2311-P-2400,c2311-P-2400,35.5,0.0,0.0,0.0,40,37.0,38.0,20,35.5,38.0,0.0,0.0,0.0,0.0,1121
2023-05-09 21:10:36,c2311-P-2400,c2311-P-2400,35.5,0.0,0.0,0.0,40,37.0,38.0,30,35.5,38.0,0.0,0.0,0.0,0.0,1121
2023-05-09 21:10:38,c2311-P-2400,c2311-P-2400,35.5,0.0,0.0,0.0,40,37.0,38.0,20,35.5,38.0,0.0,0.0,0.0,0.0,1121
2023-05-09 21:10:49,c2311-P-2400,c2311-P-2400,35.5,0.0,0.0,0.0,40,37.0,38.0,50,35.5,38.0,0.0,0.0,0.0,0.0,1121
2023-05-09 21:10:50,c2311-P-2400,c2311-P-2400,35.5,0.0,0.0,0.0,50,37.0,38.0,50,35.5,38.0,0.0,0.0,0.0,0.0,1121
2023-05-09 21:10:50,c2311-P-2400,c2311-P-2400,35.5,0.0,0.0,0.0,50,37.0,38.0,40,35.5,38.0,0.0,0.0,0.0,0.0,1121
2023-05-09 21:10:51,c2311-P-2400,c2311-P-2400,35.5,0.0,0.0,0.0,50,37.0,38.0,30,35.5,38.0,0.0,0.0,0.0,0.0,1121
2023-05-09 21:10:52,c2311-P-2400,c2311-P-2400,35.5,0.0,0.0,0.0,50,37.0,38.0,40,35.5,38.0,0.0,0.0,0.0,0.0,1121
2023-05-09 21:10:52,c2311-P-2400,c2311-P-2400,35.5,0.0,0.0,0.0,50,37.0,38.0,30,35.5,38.0,0.0,0.0,0.0,0.0,1121
2023-05-09 21:10:55,c2311-P-2400,c2311-P-2400,35.5,0.0,0.0,0.0,50,37.0,38.0,10,35.5,38.0,0.0,0.0,0.0,0.0,1121
2023-05-09 21:10:56,c2311-P-2400,c2311-P-2400,35.5,0.0,0.0,0.0,40,37.0,38.0,20,35.5,38.0,0.0,0.0,0.0,0.0,1121
2023-05-09 21:11:04,c2311-P-2400,c2311-P-2400,35.5,0.0,0.0,0.0,40,37.0,38.0,40,35.5,38.0,0.0,0.0,0.0,0.0,1121
2023-05-09 21:11:05,c2311-P-2400,c2311-P-2400,35.5,0.0,0.0,0.0,50,37.0,38.0,30,35.5,38.0,0.0,0.0,0.0,0.0,1121
2023-05-09 21:11:07,c2311-P-2400,c2311-P-2400,35.5,0.0,0.0,0.0,50,37.0,38.0,10,35.5,38.0,0.0,0.0,0.0,0.0,1121
2023-05-09 21:11:08,c2311-P-2400,c2311-P-2400,35.5,0.0,0.0,0.0,50,37.0,38.0,20,35.5,38.0,0.0,0.0,0.0,0.0,1121
2023-05-09 21:11:08,c2311-P-2400,c2311-P-2400,35.5,0.0,0.0,0.0,50,37.0,38.0,10,35.5,38.0,0.0,0.0,0.0,0.0,1121
2023-05-09 21:11:09,c2311-P-2400,c2311-P-2400,35.5,0.0,0.0,0.0,40,37.0,38.0,20,35.5,38.0,0.0,0.0,0.0,0.0,1121
2023-05-09 21:11:10,c2311-P-2400,c2311-P-2400,35.5,0.0,0.0,0.0,40,37.0,38.0,10,35.5,38.0,0.0,0.0,0.0,0.0,1121
2023-05-09 21:11:12,c2311-P-2400,c2311-P-2400,35.5,0.0,0.0,0.0,50,37.0,38.5,95,35.5,38.0,0.0,0.0,0.0,0.0,1121
2023-05-09 21:11:13,c2311-P-2400,c2311-P-2400,35.5,0.0,0.0,0.0,50,37.0,38.0,10,35.5,38.0,0.0,0.0,0.0,0.0,1121
2023-05-09 21:11:13,c2311-P-2400,c2311-P-2400,35.5,0.0,0.0,0.0,40,37.0,38.0,20,35.5,38.0,0.0,0.0,0.0,0.0,1121
2023-05-09 21:11:14,c2311-P-2400,c2311-P-2400,35.5,0.0,0.0,0.0,40,37.0,38.5,70,35.5,38.0,0.0,0.0,0.0,0.0,1121
2023-05-09 21:11:14,c2311-P-2400,c2311-P-2400,35.5,0.0,0.0,0.0,50,37.0,38.5,70,35.5,38.0,0.0,0.0,0.0,0.0,1121
2023-05-09 21:11:15,c2311-P-2400,c2311-P-2400,35.5,0.0,0.0,0.0,40,37.0,38.5,70,35.5,38.0,0.0,0.0,0.0,0.0,1121
2023-05-09 21:11:17,c2311-P-2400,c2311-P-2400,35.5,0.0,0.0,0.0,40,37.0,38.0,10,35.5,38.0,0.0,0.0,0.0,0.0,1121
2023-05-09 21:11:18,c2311-P-2400,c2311-P-2400,35.5,0.0,0.0,0.0,50,37.0,38.0,10,35.5,38.0,0.0,0.0,0.0,0.0,1121
2023-05-09 21:11:21,c2311-P-2400,c2311-P-2400,35.5,0.0,0.0,0.0,50,37.0,38.5,70,35.5,38.0,0.0,0.0,0.0,0.0,1121
2023-05-09 21:11:21,c2311-P-2400,c2311-P-2400,35.5,0.0,0.0,0.0,40,37.0,38.5,70,35.5,38.0,0.0,0.0,0.0,0.0,1121
2023-05-09 21:11:24,c2311-P-2400,c2311-P-2400,35.5,0.0,0.0,0.0,50,37.0,38.5,60,35.5,38.0,0.0,0.0,0.0,0.0,1121
2023-05-09 21:11:28,c2311-P-2400,c2311-P-2400,35.5,0.0,0.0,0.0,40,37.0,38.5,70,35.5,38.0,0.0,0.0,0.0,0.0,1121
2023-05-09 21:11:28,c2311-P-2400,c2311-P-2400,35.5,0.0,0.0,0.0,50,37.0,38.5,50,35.5,38.0,0.0,0.0,0.0,0.0,1121
2023-05-09 21:11:29,c2311-P-2400,c2311-P-2400,35.5,0.0,0.0,0.0,50,37.0,38.5,60,35.5,38.0,0.0,0.0,0.0,0.0,1121
2023-05-09 21:11:31,c2311-P-2400,c2311-P-2400,35.5,0.0,0.0,0.0,40,37.0,38.5,70,35.5,38.0,0.0,0.0,0.0,0.0,1121
2023-05-09 21:11:37,c2311-P-2400,c2311-P-2400,35.5,0.0,0.0,0.0,50,37.0,38.5,30,35.5,38.0,0.0,0.0,0.0,0.0,1121
2023-05-09 21:11:37,c2311-P-2400,c2311-P-2400,35.5,0.0,0.0,0.0,10,37.5,38.5,50,35.5,38.0,0.0,0.0,0.0,0.0,1121
2023-05-09 21:11:38,c2311-P-2400,c2311-P-2400,35.5,0.0,0.0,0.0,30,37.5,38.5,50,35.5,38.0,0.0,0.0,0.0,0.0,1121
2023-05-09 21:11:38,c2311-P-2400,c2311-P-2400,35.5,0.0,0.0,0.0,40,37.5,38.5,40,35.5,38.0,0.0,0.0,0.0,0.0,1121
2023-05-09 21:11:39,c2311-P-2400,c2311-P-2400,35.5,0.0,0.0,0.0,50,37.5,38.5,30,35.5,38.0,0.0,0.0,0.0,0.0,1121
2023-05-09 21:11:39,c2311-P-2400,c2311-P-2400,35.5,0.0,0.0,0.0,50,37.5,38.5,20,35.5,38.0,0.0,0.0,0.0,0.0,1121
2023-05-09 21:11:51,c2311-P-2400,c2311-P-2400,35.5,0.0,0.0,0.0,20,38.0,38.5,10,35.5,38.0,0.0,0.0,0.0,0.0,1121
2023-05-09 21:11:51,c2311-P-2400,c2311-P-2400,35.5,0.0,0.0,0.0,30,38.0,38.5,10,35.5,38.0,0.0,0.0,0.0,0.0,1121
2023-05-09 21:11:55,c2311-P-2400,c2311-P-2400,35.5,0.0,0.0,0.0,10,38.0,38.5,10,35.5,38.0,0.0,0.0,0.0,0.0,1121
2023-05-09 21:11:56,c2311-P-2400,c2311-P-2400,35.5,0.0,0.0,0.0,10,38.0,38.5,20,35.5,38.0,0.0,0.0,0.0,0.0,1121
2023-05-09 21:11:56,c2311-P-2400,c2311-P-2400,35.5,0.0,0.0,0.0,10,38.0,38.5,10,35.5,38.0,0.0,0.0,0.0,0.0,1121
2023-05-09 21:12:00,c2311-P-2400,c2311-P-2400,35.5,0.0,0.0,0.0,10,38.0,38.5,20,35.5,38.0,0.0,0.0,0.0,0.0,1121
2023-05-09 21:12:01,c2311-P-2400,c2311-P-2400,35.5,0.0,0.0,0.0,10,38.0,38.5,10,35.5,38.0,0.0,0.0,0.0,0.0,1121
2023-05-09 21:12:01,c2311-P-2400,c2311-P-2400,35.5,0.0,0.0,0.0,20,38.0,39.0,76,35.5,38.0,0.0,0.0,0.0,0.0,1121
2023-05-09 21:12:03,c2311-P-2400,c2311-P-2400,35.5,0.0,0.0,0.0,10,38.0,39.0,76,35.5,38.0,0.0,0.0,0.0,0.0,1121
2023-05-09 21:12:03,c2311-P-2400,c2311-P-2400,35.5,0.0,0.0,0.0,10,38.0,38.5,10,35.5,38.0,0.0,0.0,0.0,0.0,1121
2023-05-09 21:12:07,c2311-P-2400,c2311-P-2400,35.5,0.0,0.0,0.0,40,38.0,39.0,66,35.5,38.0,0.0,0.0,0.0,0.0,1121
2023-05-09 21:12:07,c2311-P-2400,c2311-P-2400,35.5,0.0,0.0,0.0,40,38.0,39.0,76,35.5,38.0,0.0,0.0,0.0,0.0,1121
2023-05-09 21:12:07,c2311-P-2400,c2311-P-2400,35.5,0.0,0.0,0.0,20,38.0,39.0,76,35.5,38.0,0.0,0.0,0.0,0.0,1121
2023-05-09 21:12:09,c2311-P-2400,c2311-P-2400,35.5,0.0,0.0,0.0,40,38.0,39.0,56,35.5,38.0,0.0,0.0,0.0,0.0,1121
2023-05-09 21:12:10,c2311-P-2400,c2311-P-2400,35.5,0.0,0.0,0.0,50,38.0,39.0,46,35.5,38.0,0.0,0.0,0.0,0.0,1121
2023-05-09 21:12:10,c2311-P-2400,c2311-P-2400,35.5,0.0,0.0,0.0,50,38.0,39.0,36,35.5,38.0,0.0,0.0,0.0,0.0,1121
2023-05-09 21:12:11,c2311-P-2400,c2311-P-2400,35.5,0.0,0.0,0.0,40,38.0,39.0,56,35.5,38.0,0.0,0.0,0.0,0.0,1121
2023-05-09 21:12:12,c2311-P-2400,c2311-P-2400,35.5,0.0,0.0,0.0,30,38.0,39.0,76,35.5,38.0,0.0,0.0,0.0,0.0,1121
2023-05-09 21:12:13,c2311-P-2400,c2311-P-2400,35.5,0.0,0.0,0.0,40,38.0,39.0,66,35.5,38.0,0.0,0.0,0.0,0.0,1121
2023-05-09 21:12:13,c2311-P-2400,c2311-P-2400,35.5,0.0,0.0,0.0,40,38.0,39.0,56,35.5,38.0,0.0,0.0,0.0,0.0,1121
2023-05-09 21:12:14,c2311-P-2400,c2311-P-2400,35.5,0.0,0.0,0.0,40,38.0,39.0,66,35.5,38.0,0.0,0.0,0.0,0.0,1121
2023-05-09 21:12:16,c2311-P-2400,c2311-P-2400,35.5,0.0,0.0,0.0,30,38.0,39.0,66,35.5,38.0,0.0,0.0,0.0,0.0,1121
2023-05-09 21:12:18,c2311-P-2400,c2311-P-2400,35.5,0.0,0.0,0.0,40,38.0,39.0,56,35.5,38.0,0.0,0.0,0.0,0.0,1121
2023-05-09 21:12:20,c2311-P-2400,c2311-P-2400,35.5,0.0,0.0,0.0,40,38.0,39.0,66,35.5,38.0,0.0,0.0,0.0,0.0,1121
2023-05-09 21:12:22,c2311-P-2400,c2311-P-2400,35.5,0.0,0.0,0.0,30,38.0,39.0,76,35.5,38.0,0.0,0.0,0.0,0.0,1121
2023-05-09 21:12:22,c2311-P-2400,c2311-P-2400,35.5,0.0,0.0,0.0,40,38.0,39.0,66,35.5,38.0,0.0,0.0,0.0,0.0,1121
2023-05-09 21:12:23,c2311-P-2400,c2311-P-2400,35.5,0.0,0.0,0.0,30,38.0,39.0,76,35.5,38.0,0.0,0.0,0.0,0.0,1121
2023-05-09 21:12:23,c2311-P-2400,c2311-P-2400,35.5,0.0,0.0,0.0,10,38.0,39.0,86,35.5,38.0,0.0,0.0,0.0,0.0,1121
2023-05-09 21:12:24,c2311-P-2400,c2311-P-2400,35.5,0.0,0.0,0.0,60,37.5,39.0,86,35.5,38.0,0.0,0.0,0.0,0.0,1121
2023-05-09 21:12:25,c2311-P-2400,c2311-P-2400,35.5,0.0,0.0,0.0,60,37.5,39.0,76,35.5,38.0,0.0,0.0,0.0,0.0,1121
2023-05-09 21:12:33,c2311-P-2400,c2311-P-2400,35.5,0.0,0.0,0.0,50,37.5,39.0,76,35.5,38.0,0.0,0.0,0.0,0.0,1121
2023-05-09 21:12:33,c2311-P-2400,c2311-P-2400,35.5,0.0,0.0,0.0,60,37.5,39.0,76,35.5,38.0,0.0,0.0,0.0,0.0,1121
2023-05-09 21:12:33,c2311-P-2400,c2311-P-2400,35.5,0.0,0.0,0.0,50,37.5,39.0,76,35.5,38.0,0.0,0.0,0.0,0.0,1121
2023-05-09 21:12:38,c2311-P-2400,c2311-P-2400,35.5,0.0,0.0,0.0,50,37.5,38.5,10,35.5,38.0,0.0,0.0,0.0,0.0,1121
2023-05-09 21:12:47,c2311-P-2400,c2311-P-2400,35.5,0.0,0.0,0.0,40,37.5,38.5,20,35.5,38.0,0.0,0.0,0.0,0.0,1121
2023-05-09 21:12:50,c2311-P-2400,c2311-P-2400,35.5,0.0,0.0,0.0,50,37.5,38.5,10,35.5,38.0,0.0,0.0,0.0,0.0,1121
2023-05-09 21:13:07,c2311-P-2400,c2311-P-2400,35.5,0.0,0.0,0.0,30,37.5,38.5,60,35.5,38.0,0.0,0.0,0.0,0.0,1121
2023-05-09 21:13:08,c2311-P-2400,c2311-P-2400,35.5,0.0,0.0,0.0,30,37.5,38.5,50,35.5,38.0,0.0,0.0,0.0,0.0,1121
2023-05-09 21:13:10,c2311-P-2400,c2311-P-2400,35.5,0.0,0.0,0.0,30,37.5,38.5,40,35.5,38.0,0.0,0.0,0.0,0.0,1121
2023-05-09 21:13:10,c2311-P-2400,c2311-P-2400,35.5,0.0,0.0,0.0,20,37.5,38.5,50,35.5,38.0,0.0,0.0,0.0,0.0,1121
2023-05-09 21:13:10,c2311-P-2400,c2311-P-2400,35.5,0.0,0.0,0.0,20,37.5,38.5,60,35.5,38.0,0.0,0.0,0.0,0.0,1121
2023-05-09 21:13:27,c2311-P-2400,c2311-P-2400,35.5,0.0,0.0,0.0,30,37.5,38.5,60,35.5,38.0,0.0,0.0,0.0,0.0,1121
2023-05-09 21:13:28,c2311-P-2400,c2311-P-2400,35.5,0.0,0.0,0.0,20,37.5,38.5,40,35.5,38.0,0.0,0.0,0.0,0.0,1121
2023-05-09 21:13:28,c2311-P-2400,c2311-P-2400,35.5,0.0,0.0,0.0,20,37.5,38.5,50,35.5,38.0,0.0,0.0,0.0,0.0,1121
2023-05-09 21:13:29,c2311-P-2400,c2311-P-2400,35.5,0.0,0.0,0.0,20,37.5,38.5,60,35.5,38.0,0.0,0.0,0.0,0.0,1121
2023-05-09 21:13:32,c2311-P-2400,c2311-P-2400,35.5,0.0,0.0,0.0,20,37.5,38.5,70,35.5,38.0,0.0,0.0,0.0,0.0,1121
2023-05-09 21:13:35,c2311-P-2400,c2311-P-2400,35.5,0.0,0.0,0.0,20,37.5,38.5,60,35.5,38.0,0.0,0.0,0.0,0.0,1121
2023-05-09 21:13:38,c2311-P-2400,c2311-P-2400,35.5,0.0,0.0,0.0,40,37.5,38.5,30,35.5,38.0,0.0,0.0,0.0,0.0,1121
2023-05-09 21:13:38,c2311-P-2400,c2311-P-2400,35.5,0.0,0.0,0.0,50,37.5,38.5,30,35.5,38.0,0.0,0.0,0.0,0.0,1121
2023-05-09 21:13:39,c2311-P-2400,c2311-P-2400,35.5,0.0,0.0,0.0,50,37.5,38.5,20,35.5,38.0,0.0,0.0,0.0,0.0,1121
2023-05-09 21:13:39,c2311-P-2400,c2311-P-2400,35.5,0.0,0.0,0.0,50,37.5,39.0,86,35.5,38.0,0.0,0.0,0.0,0.0,1121
2023-05-09 21:13:41,c2311-P-2400,c2311-P-2400,35.5,0.0,0.0,0.0,40,37.5,39.0,86,35.5,38.0,0.0,0.0,0.0,0.0,1121
2023-05-09 21:13:43,c2311-P-2400,c2311-P-2400,35.5,0.0,0.0,0.0,40,37.5,38.5,10,35.5,38.0,0.0,0.0,0.0,0.0,1121
2023-05-09 21:13:43,c2311-P-2400,c2311-P-2400,35.5,0.0,0.0,0.0,40,37.5,38.5,30,35.5,38.0,0.0,0.0,0.0,0.0,1121
2023-05-09 21:13:44,c2311-P-2400,c2311-P-2400,35.5,0.0,0.0,0.0,50,37.5,38.5,30,35.5,38.0,0.0,0.0,0.0,0.0,1121
2023-05-09 21:13:45,c2311-P-2400,c2311-P-2400,35.5,0.0,0.0,0.0,40,37.5,38.5,50,35.5,38.0,0.0,0.0,0.0,0.0,1121
2023-05-09 21:13:45,c2311-P-2400,c2311-P-2400,35.5,0.0,0.0,0.0,50,37.5,38.5,30,35.5,38.0,0.0,0.0,0.0,0.0,1121
2023-05-09 21:13:47,c2311-P-2400,c2311-P-2400,35.5,0.0,0.0,0.0,40,37.5,38.5,40,35.5,38.0,0.0,0.0,0.0,0.0,1121
2023-05-09 21:13:49,c2311-P-2400,c2311-P-2400,35.5,0.0,0.0,0.0,40,37.5,38.5,60,35.5,38.0,0.0,0.0,0.0,0.0,1121
2023-05-09 21:13:50,c2311-P-2400,c2311-P-2400,35.5,0.0,0.0,0.0,30,37.5,38.0,10,35.5,38.0,0.0,0.0,0.0,0.0,1121
2023-05-09 21:13:51,c2311-P-2400,c2311-P-2400,35.5,0.0,0.0,0.0,40,37.5,38.0,10,35.5,38.0,0.0,0.0,0.0,0.0,1121
2023-05-09 21:13:53,c2311-P-2400,c2311-P-2400,35.5,0.0,0.0,0.0,50,37.5,38.0,10,35.5,38.0,0.0,0.0,0.0,0.0,1121
2023-05-09 21:13:57,c2311-P-2400,c2311-P-2400,38.0,10.0,3800.0,0.0,48,37.5,38.5,18,35.5,38.0,38.0,38.0,10.0,3800.0,1121
2023-05-09 21:13:59,c2311-P-2400,c2311-P-2400,38.0,0.0,0.0,0.0,58,37.5,38.5,18,35.5,38.0,38.0,38.0,10.0,3800.0,1121
2023-05-09 21:14:00,c2311-P-2400,c2311-P-2400,38.0,0.0,0.0,0.0,58,37.5,39.0,84,35.5,38.0,38.0,38.0,10.0,3800.0,1121
2023-05-09 21:14:00,c2311-P-2400,c2311-P-2400,38.0,0.0,0.0,0.0,20,38.0,39.0,84,35.5,38.0,38.0,38.0,10.0,3800.0,1121
2023-05-09 21:14:01,c2311-P-2400,c2311-P-2400,38.0,0.0,0.0,0.0,10,38.0,39.0,84,35.5,38.0,38.0,38.0,10.0,3800.0,1121
2023-05-09 21:14:04,c2311-P-2400,c2311-P-2400,38.0,0.0,0.0,0.0,30,38.0,39.0,84,35.5,38.0,38.0,38.0,10.0,3800.0,1121
2023-05-09 21:14:04,c2311-P-2400,c2311-P-2400,38.0,0.0,0.0,0.0,20,38.0,39.0,84,35.5,38.0,38.0,38.0,10.0,3800.0,1121
2023-05-09 21:14:05,c2311-P-2400,c2311-P-2400,38.0,0.0,0.0,0.0,10,38.0,39.0,84,35.5,38.0,38.0,38.0,10.0,3800.0,1121
2023-05-09 21:14:16,c2311-P-2400,c2311-P-2400,38.0,0.0,0.0,0.0,10,38.0,38.5,10,35.5,38.0,38.0,38.0,10.0,3800.0,1121
2023-05-09 21:14:29,c2311-P-2400,c2311-P-2400,38.0,0.0,0.0,0.0,10,38.0,38.5,20,35.5,38.0,38.0,38.0,10.0,3800.0,1121
2023-05-09 21:14:29,c2311-P-2400,c2311-P-2400,38.0,0.0,0.0,0.0,10,38.0,38.5,30,35.5,38.0,38.0,38.0,10.0,3800.0,1121
2023-05-09 21:14:30,c2311-P-2400,c2311-P-2400,38.0,0.0,0.0,0.0,58,37.5,38.5,30,35.5,38.0,38.0,38.0,10.0,3800.0,1121
2023-05-09 21:14:31,c2311-P-2400,c2311-P-2400,38.0,0.0,0.0,0.0,10,38.0,38.5,30,35.5,38.0,38.0,38.0,10.0,3800.0,1121
2023-05-09 21:14:31,c2311-P-2400,c2311-P-2400,38.0,0.0,0.0,0.0,10,38.0,38.5,20,35.5,38.0,38.0,38.0,10.0,3800.0,1121
2023-05-09 21:14:36,c2311-P-2400,c2311-P-2400,38.0,0.0,0.0,0.0,48,37.5,38.5,40,35.5,38.0,38.0,38.0,10.0,3800.0,1121
2023-05-09 21:14:37,c2311-P-2400,c2311-P-2400,38.0,0.0,0.0,0.0,58,37.5,38.5,30,35.5,38.0,38.0,38.0,10.0,3800.0,1121
2023-05-09 21:14:37,c2311-P-2400,c2311-P-2400,38.0,0.0,0.0,0.0,58,37.5,38.5,20,35.5,38.0,38.0,38.0,10.0,3800.0,1121
2023-05-09 21:14:38,c2311-P-2400,c2311-P-2400,38.0,0.0,0.0,0.0,58,37.5,38.5,10,35.5,38.0,38.0,38.0,10.0,3800.0,1121
2023-05-09 21:14:39,c2311-P-2400,c2311-P-2400,38.0,0.0,0.0,0.0,58,37.5,38.5,20,35.5,38.0,38.0,38.0,10.0,3800.0,1121
2023-05-09 21:14:40,c2311-P-2400,c2311-P-2400,38.0,0.0,0.0,0.0,48,37.5,38.5,30,35.5,38.0,38.0,38.0,10.0,3800.0,1121
2023-05-09 21:14:48,c2311-P-2400,c2311-P-2400,38.0,0.0,0.0,0.0,48,37.5,38.5,40,35.5,38.0,38.0,38.0,10.0,3800.0,1121
2023-05-09 21:14:48,c2311-P-2400,c2311-P-2400,38.0,0.0,0.0,0.0,48,37.5,38.5,30,35.5,38.0,38.0,38.0,10.0,3800.0,1121
2023-05-09 21:14:49,c2311-P-2400,c2311-P-2400,38.0,0.0,0.0,0.0,48,37.5,38.5,40,35.5,38.0,38.0,38.0,10.0,3800.0,1121
2023-05-09 21:14:49,c2311-P-2400,c2311-P-2400,38.0,0.0,0.0,0.0,48,37.5,38.5,30,35.5,38.0,38.0,38.0,10.0,3800.0,1121
2023-05-09 21:14:49,c2311-P-2400,c2311-P-2400,38.0,0.0,0.0,0.0,48,37.5,38.5,40,35.5,38.0,38.0,38.0,10.0,3800.0,1121
2023-05-09 21:14:50,c2311-P-2400,c2311-P-2400,38.0,0.0,0.0,0.0,48,37.5,38.5,30,35.5,38.0,38.0,38.0,10.0,3800.0,1121
2023-05-09 21:14:57,c2311-P-2400,c2311-P-2400,38.0,0.0,0.0,0.0,48,37.5,38.5,40,35.5,38.0,38.0,38.0,10.0,3800.0,1121
2023-05-09 21:15:00,c2311-P-2400,c2311-P-2400,38.0,0.0,0.0,0.0,48,37.5,38.5,30,35.5,38.0,38.0,38.0,10.0,3800.0,1121
2023-05-09 21:15:00,c2311-P-2400,c2311-P-2400,38.0,0.0,0.0,0.0,58,37.5,38.5,10,35.5,38.0,38.0,38.0,10.0,3800.0,1121
2023-05-09 21:15:10,c2311-P-2400,c2311-P-2400,38.0,0.0,0.0,0.0,58,37.5,39.0,84,35.5,38.0,38.0,38.0,10.0,3800.0,1121
2023-05-09 21:15:11,c2311-P-2400,c2311-P-2400,38.0,0.0,0.0,0.0,48,37.5,39.0,84,35.5,38.0,38.0,38.0,10.0,3800.0,1121
2023-05-09 21:15:15,c2311-P-2400,c2311-P-2400,38.0,0.0,0.0,0.0,58,37.5,38.5,10,35.5,38.0,38.0,38.0,10.0,3800.0,1121
2023-05-09 21:15:21,c2311-P-2400,c2311-P-2400,38.0,0.0,0.0,0.0,58,37.5,38.5,30,35.5,38.0,38.0,38.0,10.0,3800.0,1121
2023-05-09 21:15:22,c2311-P-2400,c2311-P-2400,38.0,0.0,0.0,0.0,58,37.5,38.5,20,35.5,38.0,38.0,38.0,10.0,3800.0,1121
2023-05-09 21:15:30,c2311-P-2400,c2311-P-2400,38.0,0.0,0.0,0.0,48,37.5,38.5,30,35.5,38.0,38.0,38.0,10.0,3800.0,1121
2023-05-09 21:16:03,c2311-P-2400,c2311-P-2400,38.0,0.0,0.0,0.0,20,37.5,38.5,60,35.5,38.0,38.0,38.0,10.0,3800.0,1121
2023-05-09 21:16:04,c2311-P-2400,c2311-P-2400,38.0,0.0,0.0,0.0,20,37.5,38.5,70,35.5,38.0,38.0,38.0,10.0,3800.0,1121
2023-05-09 21:16:06,c2311-P-2400,c2311-P-2400,38.0,0.0,0.0,0.0,10,37.5,38.5,70,35.5,38.0,38.0,38.0,10.0,3800.0,1121
2023-05-09 21:16:07,c2311-P-2400,c2311-P-2400,38.0,0.0,0.0,0.0,84,37.0,38.5,70,35.5,38.0,38.0,38.0,10.0,3800.0,1121
2023-05-09 21:16:08,c2311-P-2400,c2311-P-2400,38.0,0.0,0.0,0.0,74,37.0,38.5,70,35.5,38.0,38.0,38.0,10.0,3800.0,1121
2023-05-09 21:16:09,c2311-P-2400,c2311-P-2400,38.0,0.0,0.0,0.0,64,37.0,38.0,10,35.5,38.0,38.0,38.0,10.0,3800.0,1121
2023-05-09 21:16:11,c2311-P-2400,c2311-P-2400,38.0,0.0,0.0,0.0,64,37.0,38.0,20,35.5,38.0,38.0,38.0,10.0,3800.0,1121
2023-05-09 21:16:11,c2311-P-2400,c2311-P-2400,38.0,0.0,0.0,0.0,64,37.0,38.0,30,35.5,38.0,38.0,38.0,10.0,3800.0,1121
2023-05-09 21:16:17,c2311-P-2400,c2311-P-2400,38.0,0.0,0.0,0.0,64,37.0,38.0,10,35.5,38.0,38.0,38.0,10.0,3800.0,1121
2023-05-09 21:16:17,c2311-P-2400,c2311-P-2400,38.0,0.0,0.0,0.0,74,37.0,38.5,70,35.5,38.0,38.0,38.0,10.0,3800.0,1121
2023-05-09 21:16:20,c2311-P-2400,c2311-P-2400,38.0,0.0,0.0,0.0,64,37.0,38.5,70,35.5,38.0,38.0,38.0,10.0,3800.0,1121
2023-05-09 21:16:22,c2311-P-2400,c2311-P-2400,38.0,0.0,0.0,0.0,64,37.0,38.0,20,35.5,38.0,38.0,38.0,10.0,3800.0,1121
2023-05-09 21:16:24,c2311-P-2400,c2311-P-2400,38.0,0.0,0.0,0.0,74,37.0,38.0,20,35.5,38.0,38.0,38.0,10.0,3800.0,1121
2023-05-09 21:16:29,c2311-P-2400,c2311-P-2400,38.0,0.0,0.0,0.0,74,37.0,38.0,30,35.5,38.0,38.0,38.0,10.0,3800.0,1121
2023-05-09 21:16:32,c2311-P-2400,c2311-P-2400,38.0,0.0,0.0,0.0,64,37.0,38.0,50,35.5,38.0,38.0,38.0,10.0,3800.0,1121
2023-05-09 21:16:32,c2311-P-2400,c2311-P-2400,38.0,0.0,0.0,0.0,44,37.0,38.0,70,35.5,38.0,38.0,38.0,10.0,3800.0,1121
2023-05-09 21:16:33,c2311-P-2400,c2311-P-2400,38.0,0.0,0.0,0.0,64,37.0,38.0,50,35.5,38.0,38.0,38.0,10.0,3800.0,1121
2023-05-09 21:16:34,c2311-P-2400,c2311-P-2400,38.0,0.0,0.0,0.0,64,37.0,38.0,40,35.5,38.0,38.0,38.0,10.0,3800.0,1121
2023-05-09 21:16:35,c2311-P-2400,c2311-P-2400,38.0,0.0,0.0,0.0,74,37.0,38.0,30,35.5,38.0,38.0,38.0,10.0,3800.0,1121
2023-05-09 21:16:36,c2311-P-2400,c2311-P-2400,38.0,0.0,0.0,0.0,64,37.0,38.0,40,35.5,38.0,38.0,38.0,10.0,3800.0,1121
2023-05-09 21:16:40,c2311-P-2400,c2311-P-2400,38.0,0.0,0.0,0.0,54,37.0,38.0,40,35.5,38.0,38.0,38.0,10.0,3800.0,1121
2023-05-09 21:16:46,c2311-P-2400,c2311-P-2400,38.0,0.0,0.0,0.0,64,37.0,38.0,30,35.5,38.0,38.0,38.0,10.0,3800.0,1121
2023-05-09 21:16:49,c2311-P-2400,c2311-P-2400,38.0,0.0,0.0,0.0,54,37.0,38.0,40,35.5,38.0,38.0,38.0,10.0,3800.0,1121
2023-05-09 21:16:49,c2311-P-2400,c2311-P-2400,38.0,0.0,0.0,0.0,64,37.0,38.0,40,35.5,38.0,38.0,38.0,10.0,3800.0,1121
2023-05-09 21:16:51,c2311-P-2400,c2311-P-2400,38.0,0.0,0.0,0.0,44,37.0,38.0,70,35.5,38.0,38.0,38.0,10.0,3800.0,1121
2023-05-09 21:16:52,c2311-P-2400,c2311-P-2400,38.0,0.0,0.0,0.0,74,37.0,38.0,30,35.5,38.0,38.0,38.0,10.0,3800.0,1121
2023-05-09 21:16:55,c2311-P-2400,c2311-P-2400,38.0,0.0,0.0,0.0,74,37.0,38.0,55,35.5,38.0,38.0,38.0,10.0,3800.0,1121
2023-05-09 21:16:55,c2311-P-2400,c2311-P-2400,38.0,0.0,0.0,0.0,64,37.0,38.0,65,35.5,38.0,38.0,38.0,10.0,3800.0,1121
2023-05-09 21:16:57,c2311-P-2400,c2311-P-2400,38.0,0.0,0.0,0.0,64,37.0,38.0,55,35.5,38.0,38.0,38.0,10.0,3800.0,1121
2023-05-09 21:16:58,c2311-P-2400,c2311-P-2400,38.0,0.0,0.0,0.0,64,37.0,38.0,30,35.5,38.0,38.0,38.0,10.0,3800.0,1121
2023-05-09 21:17:02,c2311-P-2400,c2311-P-2400,38.0,0.0,0.0,0.0,64,37.0,38.0,20,35.5,38.0,38.0,38.0,10.0,3800.0,1121
2023-05-09 21:17:03,c2311-P-2400,c2311-P-2400,38.0,0.0,0.0,0.0,74,37.0,38.0,10,35.5,38.0,38.0,38.0,10.0,3800.0,1121
2023-05-09 21:17:03,c2311-P-2400,c2311-P-2400,38.0,0.0,0.0,0.0,84,37.0,38.5,70,35.5,38.0,38.0,38.0,10.0,3800.0,1121
2023-05-09 21:17:05,c2311-P-2400,c2311-P-2400,38.0,0.0,0.0,0.0,74,37.0,38.5,70,35.5,38.0,38.0,38.0,10.0,3800.0,1121
2023-05-09 21:17:06,c2311-P-2400,c2311-P-2400,38.0,0.0,0.0,0.0,64,37.0,38.0,10,35.5,38.0,38.0,38.0,10.0,3800.0,1121
2023-05-09 21:17:08,c2311-P-2400,c2311-P-2400,38.0,0.0,0.0,0.0,84,37.0,38.5,95,35.5,38.0,38.0,38.0,10.0,3800.0,1121
2023-05-09 21:17:13,c2311-P-2400,c2311-P-2400,38.0,0.0,0.0,0.0,84,37.0,38.5,70,35.5,38.0,38.0,38.0,10.0,3800.0,1121
2023-05-09 21:17:14,c2311-P-2400,c2311-P-2400,38.0,0.0,0.0,0.0,64,37.0,38.0,10,35.5,38.0,38.0,38.0,10.0,3800.0,1121
2023-05-09 21:17:14,c2311-P-2400,c2311-P-2400,38.0,0.0,0.0,0.0,74,37.0,38.0,10,35.5,38.0,38.0,38.0,10.0,3800.0,1121
2023-05-09 21:17:18,c2311-P-2400,c2311-P-2400,38.0,0.0,0.0,0.0,74,37.0,38.0,35,35.5,38.0,38.0,38.0,10.0,3800.0,1121
2023-05-09 21:17:33,c2311-P-2400,c2311-P-2400,38.0,0.0,0.0,0.0,74,37.0,38.0,45,35.5,38.0,38.0,38.0,10.0,3800.0,1121
2023-05-09 21:17:36,c2311-P-2400,c2311-P-2400,38.0,0.0,0.0,0.0,64,37.0,38.0,65,35.5,38.0,38.0,38.0,10.0,3800.0,1121
2023-05-09 21:17:38,c2311-P-2400,c2311-P-2400,38.0,0.0,0.0,0.0,64,37.0,38.0,40,35.5,38.0,38.0,38.0,10.0,3800.0,1121
2023-05-09 21:17:39,c2311-P-2400,c2311-P-2400,38.0,0.0,0.0,0.0,64,37.0,38.0,20,35.5,38.0,38.0,38.0,10.0,3800.0,1121
2023-05-09 21:17:39,c2311-P-2400,c2311-P-2400,38.0,0.0,0.0,0.0,64,37.0,38.0,30,35.5,38.0,38.0,38.0,10.0,3800.0,1121
2023-05-09 21:17:39,c2311-P-2400,c2311-P-2400,38.0,0.0,0.0,0.0,74,37.0,38.0,20,35.5,38.0,38.0,38.0,10.0,3800.0,1121
2023-05-09 21:17:40,c2311-P-2400,c2311-P-2400,38.0,0.0,0.0,0.0,74,37.0,38.0,30,35.5,38.0,38.0,38.0,10.0,3800.0,1121
2023-05-09 21:17:45,c2311-P-2400,c2311-P-2400,38.0,0.0,0.0,0.0,74,37.0,38.0,10,35.5,38.0,38.0,38.0,10.0,3800.0,1121
2023-05-09 21:17:48,c2311-P-2400,c2311-P-2400,38.0,0.0,0.0,0.0,74,37.0,38.0,20,35.5,38.0,38.0,38.0,10.0,3800.0,1121
2023-05-09 21:17:51,c2311-P-2400,c2311-P-2400,38.0,0.0,0.0,0.0,74,37.0,38.0,10,35.5,38.0,38.0,38.0,10.0,3800.0,1121
2023-05-09 21:17:51,c2311-P-2400,c2311-P-2400,38.0,0.0,0.0,0.0,74,37.0,38.0,20,35.5,38.0,38.0,38.0,10.0,3800.0,1121
2023-05-09 21:17:53,c2311-P-2400,c2311-P-2400,38.0,0.0,0.0,0.0,64,37.0,38.0,20,35.5,38.0,38.0,38.0,10.0,3800.0,1121
2023-05-09 21:18:02,c2311-P-2400,c2311-P-2400,38.0,0.0,0.0,0.0,54,37.0,38.0,30,35.5,38.0,38.0,38.0,10.0,3800.0,1121
2023-05-09 21:18:02,c2311-P-2400,c2311-P-2400,38.0,0.0,0.0,0.0,44,37.0,38.0,40,35.5,38.0,38.0,38.0,10.0,3800.0,1121
2023-05-09 21:18:03,c2311-P-2400,c2311-P-2400,38.0,0.0,0.0,0.0,44,37.0,38.0,65,35.5,38.0,38.0,38.0,10.0,3800.0,1121
2023-05-09 21:18:09,c2311-P-2400,c2311-P-2400,38.0,0.0,0.0,0.0,44,37.0,38.0,75,35.5,38.0,38.0,38.0,10.0,3800.0,1121
2023-05-09 21:18:11,c2311-P-2400,c2311-P-2400,38.0,0.0,0.0,0.0,64,37.0,38.0,55,35.5,38.0,38.0,38.0,10.0,3800.0,1121
2023-05-09 21:18:13,c2311-P-2400,c2311-P-2400,38.0,0.0,0.0,0.0,64,37.0,38.0,45,35.5,38.0,38.0,38.0,10.0,3800.0,1121
2023-05-09 21:18:13,c2311-P-2400,c2311-P-2400,38.0,0.0,0.0,0.0,64,37.0,38.0,20,35.5,38.0,38.0,38.0,10.0,3800.0,1121
2023-05-09 21:18:14,c2311-P-2400,c2311-P-2400,38.0,0.0,0.0,0.0,54,37.0,38.0,30,35.5,38.0,38.0,38.0,10.0,3800.0,1121
2023-05-09 21:18:14,c2311-P-2400,c2311-P-2400,38.0,0.0,0.0,0.0,64,37.0,38.0,20,35.5,38.0,38.0,38.0,10.0,3800.0,1121
2023-05-09 21:18:16,c2311-P-2400,c2311-P-2400,38.0,0.0,0.0,0.0,64,37.0,38.0,30,35.5,38.0,38.0,38.0,10.0,3800.0,1121
2023-05-09 21:18:17,c2311-P-2400,c2311-P-2400,38.0,0.0,0.0,0.0,74,37.0,38.0,20,35.5,38.0,38.0,38.0,10.0,3800.0,1121
2023-05-09 21:18:19,c2311-P-2400,c2311-P-2400,38.0,0.0,0.0,0.0,64,37.0,38.0,20,35.5,38.0,38.0,38.0,10.0,3800.0,1121
2023-05-09 21:18:19,c2311-P-2400,c2311-P-2400,38.0,0.0,0.0,0.0,64,37.0,38.0,30,35.5,38.0,38.0,38.0,10.0,3800.0,1121
2023-05-09 21:18:20,c2311-P-2400,c2311-P-2400,38.0,0.0,0.0,0.0,74,37.0,38.0,20,35.5,38.0,38.0,38.0,10.0,3800.0,1121
2023-05-09 21:18:21,c2311-P-2400,c2311-P-2400,38.0,0.0,0.0,0.0,54,37.0,38.0,30,35.5,38.0,38.0,38.0,10.0,3800.0,1121
2023-05-09 21:18:22,c2311-P-2400,c2311-P-2400,38.0,0.0,0.0,0.0,54,37.0,38.0,40,35.5,38.0,38.0,38.0,10.0,3800.0,1121
2023-05-09 21:18:29,c2311-P-2400,c2311-P-2400,38.0,0.0,0.0,0.0,54,37.0,38.0,50,35.5,38.0,38.0,38.0,10.0,3800.0,1121
2023-05-09 21:18:30,c2311-P-2400,c2311-P-2400,38.0,0.0,0.0,0.0,54,37.0,38.0,75,35.5,38.0,38.0,38.0,10.0,3800.0,1121
2023-05-09 21:18:33,c2311-P-2400,c2311-P-2400,38.0,0.0,0.0,0.0,54,37.0,38.0,50,35.5,38.0,38.0,38.0,10.0,3800.0,1121
2023-05-09 21:18:34,c2311-P-2400,c2311-P-2400,38.0,0.0,0.0,0.0,64,37.0,38.0,50,35.5,38.0,38.0,38.0,10.0,3800.0,1121
2023-05-09 21:18:37,c2311-P-2400,c2311-P-2400,38.0,0.0,0.0,0.0,64,37.0,38.0,30,35.5,38.0,38.0,38.0,10.0,3800.0,1121
2023-05-09 21:18:37,c2311-P-2400,c2311-P-2400,38.0,0.0,0.0,0.0,64,37.0,38.0,40,35.5,38.0,38.0,38.0,10.0,3800.0,1121
2023-05-09 21:18:38,c2311-P-2400,c2311-P-2400,38.0,0.0,0.0,0.0,64,37.0,38.0,30,35.5,38.0,38.0,38.0,10.0,3800.0,1121
2023-05-09 21:18:40,c2311-P-2400,c2311-P-2400,38.0,0.0,0.0,0.0,74,37.0,38.0,20,35.5,38.0,38.0,38.0,10.0,3800.0,1121
2023-05-09 21:18:40,c2311-P-2400,c2311-P-2400,38.0,0.0,0.0,0.0,74,37.0,38.0,30,35.5,38.0,38.0,38.0,10.0,3800.0,1121
2023-05-09 21:18:42,c2311-P-2400,c2311-P-2400,38.0,0.0,0.0,0.0,84,37.0,38.0,30,35.5,38.0,38.0,38.0,10.0,3800.0,1121
2023-05-09 21:18:43,c2311-P-2400,c2311-P-2400,38.0,0.0,0.0,0.0,74,37.0,38.0,40,35.5,38.0,38.0,38.0,10.0,3800.0,1121
2023-05-09 21:18:46,c2311-P-2400,c2311-P-2400,38.0,0.0,0.0,0.0,84,37.0,38.0,30,35.5,38.0,38.0,38.0,10.0,3800.0,1121
2023-05-09 21:18:47,c2311-P-2400,c2311-P-2400,38.0,0.0,0.0,0.0,74,37.0,38.0,40,35.5,38.0,38.0,38.0,10.0,3800.0,1121
2023-05-09 21:18:47,c2311-P-2400,c2311-P-2400,38.0,0.0,0.0,0.0,64,37.0,38.0,50,35.5,38.0,38.0,38.0,10.0,3800.0,1121
2023-05-09 21:18:47,c2311-P-2400,c2311-P-2400,38.0,0.0,0.0,0.0,74,37.0,38.0,50,35.5,38.0,38.0,38.0,10.0,3800.0,1121
2023-05-09 21:18:48,c2311-P-2400,c2311-P-2400,38.0,0.0,0.0,0.0,74,37.0,38.0,75,35.5,38.0,38.0,38.0,10.0,3800.0,1121
2023-05-09 21:18:49,c2311-P-2400,c2311-P-2400,38.0,0.0,0.0,0.0,64,37.0,38.0,75,35.5,38.0,38.0,38.0,10.0,3800.0,1121
2023-05-09 21:18:50,c2311-P-2400,c2311-P-2400,38.0,0.0,0.0,0.0,74,37.0,38.0,65,35.5,38.0,38.0,38.0,10.0,3800.0,1121
2023-05-09 21:18:50,c2311-P-2400,c2311-P-2400,38.0,0.0,0.0,0.0,84,37.0,38.0,55,35.5,38.0,38.0,38.0,10.0,3800.0,1121
2023-05-09 21:18:52,c2311-P-2400,c2311-P-2400,38.0,0.0,0.0,0.0,74,37.0,38.0,65,35.5,38.0,38.0,38.0,10.0,3800.0,1121
2023-05-09 21:18:54,c2311-P-2400,c2311-P-2400,38.0,0.0,0.0,0.0,74,37.0,38.0,40,35.5,38.0,38.0,38.0,10.0,3800.0,1121
2023-05-09 21:18:54,c2311-P-2400,c2311-P-2400,38.0,0.0,0.0,0.0,74,37.0,38.0,30,35.5,38.0,38.0,38.0,10.0,3800.0,1121
2023-05-09 21:18:58,c2311-P-2400,c2311-P-2400,38.0,0.0,0.0,0.0,74,37.0,38.0,40,35.5,38.0,38.0,38.0,10.0,3800.0,1121
2023-05-09 21:18:58,c2311-P-2400,c2311-P-2400,38.0,0.0,0.0,0.0,74,37.0,38.0,30,35.5,38.0,38.0,38.0,10.0,3800.0,1121
2023-05-09 21:19:05,c2311-P-2400,c2311-P-2400,38.0,0.0,0.0,0.0,74,37.0,38.0,20,35.5,38.0,38.0,38.0,10.0,3800.0,1121
2023-05-09 21:19:05,c2311-P-2400,c2311-P-2400,38.0,0.0,0.0,0.0,84,37.0,38.0,10,35.5,38.0,38.0,38.0,10.0,3800.0,1121
2023-05-09 21:19:12,c2311-P-2400,c2311-P-2400,38.0,0.0,0.0,0.0,94,37.0,38.5,70,35.5,38.0,38.0,38.0,10.0,3800.0,1121
2023-05-09 21:19:13,c2311-P-2400,c2311-P-2400,38.0,0.0,0.0,0.0,10,37.5,38.5,70,35.5,38.0,38.0,38.0,10.0,3800.0,1121
2023-05-09 21:19:13,c2311-P-2400,c2311-P-2400,38.0,0.0,0.0,0.0,30,37.5,38.5,70,35.5,38.0,38.0,38.0,10.0,3800.0,1121
2023-05-09 21:19:15,c2311-P-2400,c2311-P-2400,38.0,0.0,0.0,0.0,40,37.5,38.5,70,35.5,38.0,38.0,38.0,10.0,3800.0,1121
2023-05-09 21:19:21,c2311-P-2400,c2311-P-2400,38.0,0.0,0.0,0.0,50,37.5,38.5,50,35.5,38.0,38.0,38.0,10.0,3800.0,1121
2023-05-09 21:19:22,c2311-P-2400,c2311-P-2400,38.0,0.0,0.0,0.0,50,37.5,38.5,60,35.5,38.0,38.0,38.0,10.0,3800.0,1121
2023-05-09 21:19:22,c2311-P-2400,c2311-P-2400,38.0,0.0,0.0,0.0,50,37.5,38.5,40,35.5,38.0,38.0,38.0,10.0,3800.0,1121
2023-05-09 21:19:24,c2311-P-2400,c2311-P-2400,38.0,0.0,0.0,0.0,50,37.5,38.5,50,35.5,38.0,38.0,38.0,10.0,3800.0,1121
2023-05-09 21:19:25,c2311-P-2400,c2311-P-2400,38.0,0.0,0.0,0.0,50,37.5,38.5,40,35.5,38.0,38.0,38.0,10.0,3800.0,1121
2023-05-09 21:19:26,c2311-P-2400,c2311-P-2400,38.0,0.0,0.0,0.0,50,37.5,38.5,20,35.5,38.0,38.0,38.0,10.0,3800.0,1121
2023-05-09 21:19:26,c2311-P-2400,c2311-P-2400,38.0,0.0,0.0,0.0,60,37.5,38.5,10,35.5,38.0,38.0,38.0,10.0,3800.0,1121
2023-05-09 21:19:27,c2311-P-2400,c2311-P-2400,38.0,0.0,0.0,0.0,50,37.5,38.5,20,35.5,38.0,38.0,38.0,10.0,3800.0,1121
2023-05-09 21:19:29,c2311-P-2400,c2311-P-2400,38.0,0.0,0.0,0.0,50,37.5,38.5,10,35.5,38.0,38.0,38.0,10.0,3800.0,1121
2023-05-09 21:19:30,c2311-P-2400,c2311-P-2400,38.0,0.0,0.0,0.0,60,37.5,39.0,94,35.5,38.0,38.0,38.0,10.0,3800.0,1121
2023-05-09 21:19:33,c2311-P-2400,c2311-P-2400,38.0,0.0,0.0,0.0,50,37.5,39.0,94,35.5,38.0,38.0,38.0,10.0,3800.0,1121
2023-05-09 21:19:35,c2311-P-2400,c2311-P-2400,38.0,0.0,0.0,0.0,70,37.5,39.0,84,35.5,38.0,38.0,38.0,10.0,3800.0,1121
2023-05-09 21:19:36,c2311-P-2400,c2311-P-2400,38.0,0.0,0.0,0.0,60,37.5,39.0,94,35.5,38.0,38.0,38.0,10.0,3800.0,1121
2023-05-09 21:19:39,c2311-P-2400,c2311-P-2400,38.0,0.0,0.0,0.0,70,37.5,39.0,84,35.5,38.0,38.0,38.0,10.0,3800.0,1121
2023-05-09 21:19:42,c2311-P-2400,c2311-P-2400,38.0,0.0,0.0,0.0,70,37.5,39.0,94,35.5,38.0,38.0,38.0,10.0,3800.0,1121
2023-05-09 21:19:44,c2311-P-2400,c2311-P-2400,38.0,0.0,0.0,0.0,70,37.5,38.5,10,35.5,38.0,38.0,38.0,10.0,3800.0,1121
2023-05-09 21:19:45,c2311-P-2400,c2311-P-2400,38.0,0.0,0.0,0.0,70,37.5,38.5,20,35.5,38.0,38.0,38.0,10.0,3800.0,1121
2023-05-09 21:19:51,c2311-P-2400,c2311-P-2400,38.0,0.0,0.0,0.0,70,37.5,38.5,10,35.5,38.0,38.0,38.0,10.0,3800.0,1121
2023-05-09 21:19:56,c2311-P-2400,c2311-P-2400,38.0,0.0,0.0,0.0,60,37.5,38.5,30,35.5,38.0,38.0,38.0,10.0,3800.0,1121
2023-05-09 21:20:02,c2311-P-2400,c2311-P-2400,38.0,0.0,0.0,0.0,60,37.5,38.5,50,35.5,38.0,38.0,38.0,10.0,3800.0,1121
2023-05-09 21:20:05,c2311-P-2400,c2311-P-2400,38.0,0.0,0.0,0.0,60,37.5,38.5,40,35.5,38.0,38.0,38.0,10.0,3800.0,1121
2023-05-09 21:20:14,c2311-P-2400,c2311-P-2400,38.0,0.0,0.0,0.0,60,37.5,38.5,50,35.5,38.0,38.0,38.0,10.0,3800.0,1121
2023-05-09 21:20:14,c2311-P-2400,c2311-P-2400,38.0,0.0,0.0,0.0,60,37.5,38.5,40,35.5,38.0,38.0,38.0,10.0,3800.0,1121
2023-05-09 21:20:19,c2311-P-2400,c2311-P-2400,38.0,0.0,0.0,0.0,60,37.5,38.5,30,35.5,38.0,38.0,38.0,10.0,3800.0,1121
2023-05-09 21:20:19,c2311-P-2400,c2311-P-2400,38.0,0.0,0.0,0.0,60,37.5,38.5,40,35.5,38.0,38.0,38.0,10.0,3800.0,1121
2023-05-09 21:20:20,c2311-P-2400,c2311-P-2400,38.0,0.0,0.0,0.0,60,37.5,38.5,30,35.5,38.0,38.0,38.0,10.0,3800.0,1121
2023-05-09 21:20:21,c2311-P-2400,c2311-P-2400,38.0,0.0,0.0,0.0,60,37.5,38.5,40,35.5,38.0,38.0,38.0,10.0,3800.0,1121
2023-05-09 21:20:24,c2311-P-2400,c2311-P-2400,38.0,0.0,0.0,0.0,60,37.5,38.5,50,35.5,38.0,38.0,38.0,10.0,3800.0,1121
2023-05-09 21:20:27,c2311-P-2400,c2311-P-2400,38.0,0.0,0.0,0.0,30,37.5,38.5,60,35.5,38.0,38.0,38.0,10.0,3800.0,1121
2023-05-09 21:20:27,c2311-P-2400,c2311-P-2400,38.0,0.0,0.0,0.0,20,37.5,38.5,60,35.5,38.0,38.0,38.0,10.0,3800.0,1121
2023-05-09 21:20:29,c2311-P-2400,c2311-P-2400,38.0,0.0,0.0,0.0,30,37.5,38.5,60,35.5,38.0,38.0,38.0,10.0,3800.0,1121
2023-05-09 21:20:30,c2311-P-2400,c2311-P-2400,38.0,0.0,0.0,0.0,20,37.5,38.5,60,35.5,38.0,38.0,38.0,10.0,3800.0,1121
2023-05-09 21:20:32,c2311-P-2400,c2311-P-2400,38.0,0.0,0.0,0.0,20,37.5,38.5,95,35.5,38.0,38.0,38.0,10.0,3800.0,1121
2023-05-09 21:20:33,c2311-P-2400,c2311-P-2400,38.0,0.0,0.0,0.0,20,37.5,38.5,70,35.5,38.0,38.0,38.0,10.0,3800.0,1121
2023-05-09 21:20:33,c2311-P-2400,c2311-P-2400,38.0,0.0,0.0,0.0,30,37.5,38.5,70,35.5,38.0,38.0,38.0,10.0,3800.0,1121
2023-05-09 21:20:36,c2311-P-2400,c2311-P-2400,38.0,0.0,0.0,0.0,20,37.5,38.5,70,35.5,38.0,38.0,38.0,10.0,3800.0,1121
2023-05-09 21:20:38,c2311-P-2400,c2311-P-2400,38.0,0.0,0.0,0.0,40,37.5,38.5,60,35.5,38.0,38.0,38.0,10.0,3800.0,1121
2023-05-09 21:20:38,c2311-P-2400,c2311-P-2400,38.0,0.0,0.0,0.0,60,37.5,38.5,50,35.5,38.0,38.0,38.0,10.0,3800.0,1121
2023-05-09 21:20:46,c2311-P-2400,c2311-P-2400,38.0,0.0,0.0,0.0,10,37.5,38.5,60,35.5,38.0,38.0,38.0,10.0,3800.0,1121
2023-05-09 21:20:47,c2311-P-2400,c2311-P-2400,38.0,0.0,0.0,0.0,20,37.5,38.5,70,35.5,38.0,38.0,38.0,10.0,3800.0,1121
2023-05-09 21:20:48,c2311-P-2400,c2311-P-2400,38.0,0.0,0.0,0.0,40,37.5,38.5,70,35.5,38.0,38.0,38.0,10.0,3800.0,1121
2023-05-09 21:20:51,c2311-P-2400,c2311-P-2400,38.0,0.0,0.0,0.0,30,37.5,38.5,70,35.5,38.0,38.0,38.0,10.0,3800.0,1121
2023-05-09 21:20:53,c2311-P-2400,c2311-P-2400,38.0,0.0,0.0,0.0,30,37.5,38.5,95,35.5,38.0,38.0,38.0,10.0,3800.0,1121
2023-05-09 21:20:55,c2311-P-2400,c2311-P-2400,38.0,0.0,0.0,0.0,40,37.5,38.5,95,35.5,38.0,38.0,38.0,10.0,3800.0,1121
2023-05-09 21:21:01,c2311-P-2400,c2311-P-2400,38.0,0.0,0.0,0.0,30,37.5,38.5,95,35.5,38.0,38.0,38.0,10.0,3800.0,1121
2023-05-09 21:21:01,c2311-P-2400,c2311-P-2400,38.0,0.0,0.0,0.0,40,37.5,38.5,95,35.5,38.0,38.0,38.0,10.0,3800.0,1121
2023-05-09 21:21:01,c2311-P-2400,c2311-P-2400,38.0,0.0,0.0,0.0,30,37.5,38.5,95,35.5,38.0,38.0,38.0,10.0,3800.0,1121
2023-05-09 21:21:04,c2311-P-2400,c2311-P-2400,38.0,0.0,0.0,0.0,20,37.5,38.5,95,35.5,38.0,38.0,38.0,10.0,3800.0,1121
2023-05-09 21:21:06,c2311-P-2400,c2311-P-2400,38.0,0.0,0.0,0.0,20,37.5,38.5,105,35.5,38.0,38.0,38.0,10.0,3800.0,1121
2023-05-09 21:21:09,c2311-P-2400,c2311-P-2400,38.0,0.0,0.0,0.0,84,37.0,38.5,95,35.5,38.0,38.0,38.0,10.0,3800.0,1121
2023-05-09 21:21:13,c2311-P-2400,c2311-P-2400,38.0,0.0,0.0,0.0,84,37.0,38.0,10,35.5,38.0,38.0,38.0,10.0,3800.0,1121
2023-05-09 21:21:13,c2311-P-2400,c2311-P-2400,38.0,0.0,0.0,0.0,84,37.0,38.0,20,35.5,38.0,38.0,38.0,10.0,3800.0,1121
2023-05-09 21:21:20,c2311-P-2400,c2311-P-2400,38.0,0.0,0.0,0.0,84,37.0,38.0,30,35.5,38.0,38.0,38.0,10.0,3800.0,1121
2023-05-09 21:21:33,c2311-P-2400,c2311-P-2400,38.0,0.0,0.0,0.0,84,37.0,38.0,10,35.5,38.0,38.0,38.0,10.0,3800.0,1121
2023-05-09 21:21:33,c2311-P-2400,c2311-P-2400,38.0,0.0,0.0,0.0,84,37.0,38.0,30,35.5,38.0,38.0,38.0,10.0,3800.0,1121
2023-05-09 21:21:50,c2311-P-2400,c2311-P-2400,38.0,0.0,0.0,0.0,20,37.5,38.0,30,35.5,38.0,38.0,38.0,10.0,3800.0,1121
2023-05-09 21:21:51,c2311-P-2400,c2311-P-2400,38.0,0.0,0.0,0.0,10,37.5,38.0,20,35.5,38.0,38.0,38.0,10.0,3800.0,1121
2023-05-09 21:21:51,c2311-P-2400,c2311-P-2400,38.0,0.0,0.0,0.0,20,37.5,38.0,20,35.5,38.0,38.0,38.0,10.0,3800.0,1121
2023-05-09 21:21:52,c2311-P-2400,c2311-P-2400,38.0,0.0,0.0,0.0,10,37.5,38.0,20,35.5,38.0,38.0,38.0,10.0,3800.0,1121
2023-05-09 21:21:53,c2311-P-2400,c2311-P-2400,38.0,0.0,0.0,0.0,84,37.0,38.0,20,35.5,38.0,38.0,38.0,10.0,3800.0,1121
2023-05-09 21:21:53,c2311-P-2400,c2311-P-2400,38.0,0.0,0.0,0.0,10,37.5,38.0,10,35.5,38.0,38.0,38.0,10.0,3800.0,1121
2023-05-09 21:21:54,c2311-P-2400,c2311-P-2400,38.0,0.0,0.0,0.0,40,37.5,38.5,85,35.5,38.0,38.0,38.0,10.0,3800.0,1121
2023-05-09 21:21:55,c2311-P-2400,c2311-P-2400,38.0,0.0,0.0,0.0,50,37.5,38.5,85,35.5,38.0,38.0,38.0,10.0,3800.0,1121
2023-05-09 21:21:55,c2311-P-2400,c2311-P-2400,38.0,0.0,0.0,0.0,50,37.5,38.5,75,35.5,38.0,38.0,38.0,10.0,3800.0,1121
2023-05-09 21:21:57,c2311-P-2400,c2311-P-2400,38.0,0.0,0.0,0.0,50,37.5,38.5,65,35.5,38.0,38.0,38.0,10.0,3800.0,1121
2023-05-09 21:21:58,c2311-P-2400,c2311-P-2400,38.0,0.0,0.0,0.0,40,37.5,38.5,65,35.5,38.0,38.0,38.0,10.0,3800.0,1121
2023-05-09 21:21:58,c2311-P-2400,c2311-P-2400,38.0,0.0,0.0,0.0,40,37.5,38.5,40,35.5,38.0,38.0,38.0,10.0,3800.0,1121
2023-05-09 21:21:59,c2311-P-2400,c2311-P-2400,38.0,0.0,0.0,0.0,50,37.5,38.5,40,35.5,38.0,38.0,38.0,10.0,3800.0,1121
2023-05-09 21:22:00,c2311-P-2400,c2311-P-2400,38.0,0.0,0.0,0.0,40,37.5,38.5,40,35.5,38.0,38.0,38.0,10.0,3800.0,1121
2023-05-09 21:22:01,c2311-P-2400,c2311-P-2400,38.0,0.0,0.0,0.0,50,37.5,38.5,40,35.5,38.0,38.0,38.0,10.0,3800.0,1121
2023-05-09 21:22:02,c2311-P-2400,c2311-P-2400,38.0,0.0,0.0,0.0,50,37.5,38.5,50,35.5,38.0,38.0,38.0,10.0,3800.0,1121
2023-05-09 21:22:18,c2311-P-2400,c2311-P-2400,38.0,0.0,0.0,0.0,50,37.5,38.5,40,35.5,38.0,38.0,38.0,10.0,3800.0,1121
2023-05-09 21:22:19,c2311-P-2400,c2311-P-2400,38.0,0.0,0.0,0.0,60,37.5,38.5,20,35.5,38.0,38.0,38.0,10.0,3800.0,1121
2023-05-09 21:22:26,c2311-P-2400,c2311-P-2400,38.0,0.0,0.0,0.0,60,37.5,38.5,10,35.5,38.0,38.0,38.0,10.0,3800.0,1121
2023-05-09 21:22:26,c2311-P-2400,c2311-P-2400,38.0,0.0,0.0,0.0,10,38.0,38.5,20,35.5,38.0,38.0,38.0,10.0,3800.0,1121
2023-05-09 21:22:28,c2311-P-2400,c2311-P-2400,38.0,0.0,0.0,0.0,20,38.0,38.5,20,35.5,38.0,38.0,38.0,10.0,3800.0,1121
2023-05-09 21:22:28,c2311-P-2400,c2311-P-2400,38.0,0.0,0.0,0.0,20,38.0,38.5,45,35.5,38.0,38.0,38.0,10.0,3800.0,1121
2023-05-09 21:22:32,c2311-P-2400,c2311-P-2400,38.0,0.0,0.0,0.0,30,38.0,38.5,35,35.5,38.0,38.0,38.0,10.0,3800.0,1121
2023-05-09 21:22:34,c2311-P-2400,c2311-P-2400,38.0,0.0,0.0,0.0,20,38.0,38.5,35,35.5,38.0,38.0,38.0,10.0,3800.0,1121
2023-05-09 21:22:36,c2311-P-2400,c2311-P-2400,38.0,0.0,0.0,0.0,20,38.0,39.0,84,35.5,38.0,38.0,38.0,10.0,3800.0,1121
2023-05-09 21:22:36,c2311-P-2400,c2311-P-2400,38.0,0.0,0.0,0.0,10,38.0,39.0,119,35.5,38.0,38.0,38.0,10.0,3800.0,1121
2023-05-09 21:22:38,c2311-P-2400,c2311-P-2400,38.0,0.0,0.0,0.0,10,38.0,39.0,94,35.5,38.0,38.0,38.0,10.0,3800.0,1121
2023-05-09 21:22:40,c2311-P-2400,c2311-P-2400,38.0,0.0,0.0,0.0,10,38.0,39.0,84,35.5,38.0,38.0,38.0,10.0,3800.0,1121
2023-05-09 21:22:45,c2311-P-2400,c2311-P-2400,38.0,0.0,0.0,0.0,10,38.0,39.0,94,35.5,38.0,38.0,38.0,10.0,3800.0,1121
2023-05-09 21:22:54,c2311-P-2400,c2311-P-2400,38.0,0.0,0.0,0.0,10,38.0,39.0,104,35.5,38.0,38.0,38.0,10.0,3800.0,1121
2023-05-09 21:22:55,c2311-P-2400,c2311-P-2400,38.0,0.0,0.0,0.0,20,38.0,39.0,94,35.5,38.0,38.0,38.0,10.0,3800.0,1121
2023-05-09 21:22:55,c2311-P-2400,c2311-P-2400,38.0,0.0,0.0,0.0,10,38.0,39.0,94,35.5,38.0,38.0,38.0,10.0,3800.0,1121
2023-05-09 21:22:58,c2311-P-2400,c2311-P-2400,38.0,0.0,0.0,0.0,10,38.0,39.0,104,35.5,38.0,38.0,38.0,10.0,3800.0,1121
2023-05-09 21:23:22,c2311-P-2400,c2311-P-2400,38.0,0.0,0.0,0.0,10,38.0,39.0,94,35.5,38.0,38.0,38.0,10.0,3800.0,1121
2023-05-09 21:23:23,c2311-P-2400,c2311-P-2400,38.0,0.0,0.0,0.0,20,38.0,39.0,104,35.5,38.0,38.0,38.0,10.0,3800.0,1121
2023-05-09 21:23:24,c2311-P-2400,c2311-P-2400,38.0,0.0,0.0,0.0,30,38.0,39.0,104,35.5,38.0,38.0,38.0,10.0,3800.0,1121
2023-05-09 21:23:26,c2311-P-2400,c2311-P-2400,38.0,0.0,0.0,0.0,20,38.0,39.0,104,35.5,38.0,38.0,38.0,10.0,3800.0,1121
2023-05-09 21:23:33,c2311-P-2400,c2311-P-2400,38.0,0.0,0.0,0.0,10,38.0,39.0,129,35.5,38.0,38.0,38.0,10.0,3800.0,1121
2023-05-09 21:23:33,c2311-P-2400,c2311-P-2400,38.0,0.0,0.0,0.0,10,38.0,39.0,104,35.5,38.0,38.0,38.0,10.0,3800.0,1121
2023-05-09 21:23:55,c2311-P-2400,c2311-P-2400,38.0,10.0,3800.0,0.0,58,37.5,38.5,8,35.5,38.0,38.0,38.0,20.0,7600.0,1121
2023-05-09 21:23:56,c2311-P-2400,c2311-P-2400,38.0,0.0,0.0,0.0,58,37.5,38.5,38,35.5,38.0,38.0,38.0,20.0,7600.0,1121
2023-05-09 21:23:57,c2311-P-2400,c2311-P-2400,38.0,0.0,0.0,0.0,68,37.5,38.5,48,35.5,38.0,38.0,38.0,20.0,7600.0,1121
2023-05-09 21:24:01,c2311-P-2400,c2311-P-2400,38.0,0.0,0.0,0.0,68,37.5,38.5,38,35.5,38.0,38.0,38.0,20.0,7600.0,1121
2023-05-09 21:24:03,c2311-P-2400,c2311-P-2400,38.0,0.0,0.0,0.0,68,37.5,38.5,63,35.5,38.0,38.0,38.0,20.0,7600.0,1121
2023-05-09 21:24:23,c2311-P-2400,c2311-P-2400,38.0,0.0,0.0,0.0,30,37.5,38.5,83,35.5,38.0,38.0,38.0,20.0,7600.0,1121
2023-05-09 21:24:23,c2311-P-2400,c2311-P-2400,38.0,0.0,0.0,0.0,10,37.5,38.5,103,35.5,38.0,38.0,38.0,20.0,7600.0,1121
2023-05-09 21:24:24,c2311-P-2400,c2311-P-2400,38.0,0.0,0.0,0.0,20,37.5,38.5,103,35.5,38.0,38.0,38.0,20.0,7600.0,1121
2023-05-09 21:24:24,c2311-P-2400,c2311-P-2400,38.0,0.0,0.0,0.0,20,37.5,38.5,93,35.5,38.0,38.0,38.0,20.0,7600.0,1121
2023-05-09 21:24:25,c2311-P-2400,c2311-P-2400,38.0,0.0,0.0,0.0,20,37.5,38.5,103,35.5,38.0,38.0,38.0,20.0,7600.0,1121
2023-05-09 21:25:08,c2311-P-2400,c2311-P-2400,38.0,0.0,0.0,0.0,60,37.5,38.5,103,35.5,38.0,38.0,38.0,20.0,7600.0,1121
2023-05-09 21:25:08,c2311-P-2400,c2311-P-2400,38.0,0.0,0.0,0.0,60,37.5,38.5,93,35.5,38.0,38.0,38.0,20.0,7600.0,1121
2023-05-09 21:25:09,c2311-P-2400,c2311-P-2400,38.0,0.0,0.0,0.0,40,37.5,38.5,103,35.5,38.0,38.0,38.0,20.0,7600.0,1121
2023-05-09 21:25:10,c2311-P-2400,c2311-P-2400,38.0,0.0,0.0,0.0,74,37.0,38.5,93,35.5,38.0,38.0,38.0,20.0,7600.0,1121
2023-05-09 21:25:11,c2311-P-2400,c2311-P-2400,38.0,0.0,0.0,0.0,84,37.0,38.5,103,35.5,38.0,38.0,38.0,20.0,7600.0,1121
2023-05-09 21:25:13,c2311-P-2400,c2311-P-2400,38.0,0.0,0.0,0.0,84,37.0,38.5,78,35.5,38.0,38.0,38.0,20.0,7600.0,1121
2023-05-09 21:25:16,c2311-P-2400,c2311-P-2400,38.0,0.0,0.0,0.0,20,37.5,38.5,78,35.5,38.0,38.0,38.0,20.0,7600.0,1121
2023-05-09 21:25:18,c2311-P-2400,c2311-P-2400,38.0,0.0,0.0,0.0,20,37.5,38.5,103,35.5,38.0,38.0,38.0,20.0,7600.0,1121
2023-05-09 21:25:19,c2311-P-2400,c2311-P-2400,38.0,0.0,0.0,0.0,30,37.5,38.5,103,35.5,38.0,38.0,38.0,20.0,7600.0,1121
2023-05-09 21:25:20,c2311-P-2400,c2311-P-2400,38.0,0.0,0.0,0.0,40,37.5,38.5,103,35.5,38.0,38.0,38.0,20.0,7600.0,1121
2023-05-09 21:25:21,c2311-P-2400,c2311-P-2400,38.0,0.0,0.0,0.0,50,37.5,38.5,103,35.5,38.0,38.0,38.0,20.0,7600.0,1121
2023-05-09 21:25:22,c2311-P-2400,c2311-P-2400,38.0,0.0,0.0,0.0,60,37.5,38.5,103,35.5,38.0,38.0,38.0,20.0,7600.0,1121
2023-05-09 21:25:22,c2311-P-2400,c2311-P-2400,38.0,0.0,0.0,0.0,60,37.5,38.5,78,35.5,38.0,38.0,38.0,20.0,7600.0,1121
2023-05-09 21:25:23,c2311-P-2400,c2311-P-2400,38.0,0.0,0.0,0.0,60,37.5,38.5,58,35.5,38.0,38.0,38.0,20.0,7600.0,1121
2023-05-09 21:25:24,c2311-P-2400,c2311-P-2400,38.0,0.0,0.0,0.0,60,37.5,38.5,68,35.5,38.0,38.0,38.0,20.0,7600.0,1121
2023-05-09 21:25:27,c2311-P-2400,c2311-P-2400,38.0,0.0,0.0,0.0,60,37.5,38.5,58,35.5,38.0,38.0,38.0,20.0,7600.0,1121
2023-05-09 21:25:28,c2311-P-2400,c2311-P-2400,38.0,0.0,0.0,0.0,60,37.5,38.5,83,35.5,38.0,38.0,38.0,20.0,7600.0,1121
2023-05-09 21:25:44,c2311-P-2400,c2311-P-2400,38.0,0.0,0.0,0.0,60,37.5,38.5,63,35.5,38.0,38.0,38.0,20.0,7600.0,1121
2023-05-09 21:26:02,c2311-P-2400,c2311-P-2400,38.0,0.0,0.0,0.0,60,37.5,38.5,18,35.5,38.0,38.0,38.0,20.0,7600.0,1121
2023-05-09 21:26:03,c2311-P-2400,c2311-P-2400,38.0,0.0,0.0,0.0,60,37.5,38.5,38,35.5,38.0,38.0,38.0,20.0,7600.0,1121
2023-05-09 21:26:09,c2311-P-2400,c2311-P-2400,38.0,0.0,0.0,0.0,60,37.5,38.5,8,35.5,38.0,38.0,38.0,20.0,7600.0,1121
2023-05-09 21:26:12,c2311-P-2400,c2311-P-2400,38.0,0.0,0.0,0.0,60,37.5,38.5,18,35.5,38.0,38.0,38.0,20.0,7600.0,1121
2023-05-09 21:26:29,c2311-P-2400,c2311-P-2400,38.0,0.0,0.0,0.0,60,37.5,38.5,38,35.5,38.0,38.0,38.0,20.0,7600.0,1121
2023-05-09 21:26:37,c2311-P-2400,c2311-P-2400,38.0,0.0,0.0,0.0,60,37.5,38.5,48,35.5,38.0,38.0,38.0,20.0,7600.0,1121
2023-05-09 21:26:38,c2311-P-2400,c2311-P-2400,38.0,0.0,0.0,0.0,60,37.5,38.5,38,35.5,38.0,38.0,38.0,20.0,7600.0,1121
2023-05-09 21:26:41,c2311-P-2400,c2311-P-2400,38.0,0.0,0.0,0.0,60,37.5,38.5,48,35.5,38.0,38.0,38.0,20.0,7600.0,1121
2023-05-09 21:26:42,c2311-P-2400,c2311-P-2400,38.0,0.0,0.0,0.0,60,37.5,38.5,38,35.5,38.0,38.0,38.0,20.0,7600.0,1121
2023-05-09 21:26:44,c2311-P-2400,c2311-P-2400,38.0,0.0,0.0,0.0,60,37.5,38.5,18,35.5,38.0,38.0,38.0,20.0,7600.0,1121
2023-05-09 21:26:56,c2311-P-2400,c2311-P-2400,38.0,0.0,0.0,0.0,70,37.5,38.5,18,35.5,38.0,38.0,38.0,20.0,7600.0,1121
2023-05-09 21:26:56,c2311-P-2400,c2311-P-2400,38.0,0.0,0.0,0.0,70,37.5,38.5,8,35.5,38.0,38.0,38.0,20.0,7600.0,1121
2023-05-09 21:26:56,c2311-P-2400,c2311-P-2400,38.0,0.0,0.0,0.0,70,37.5,38.5,18,35.5,38.0,38.0,38.0,20.0,7600.0,1121
2023-05-09 21:26:57,c2311-P-2400,c2311-P-2400,38.0,0.0,0.0,0.0,30,38.0,38.5,18,35.5,38.0,38.0,38.0,20.0,7600.0,1121
2023-05-09 21:27:00,c2311-P-2400,c2311-P-2400,38.0,0.0,0.0,0.0,40,38.0,38.5,18,35.5,38.0,38.0,38.0,20.0,7600.0,1121
2023-05-09 21:27:00,c2311-P-2400,c2311-P-2400,38.0,0.0,0.0,0.0,30,38.0,38.5,18,35.5,38.0,38.0,38.0,20.0,7600.0,1121
2023-05-09 21:27:05,c2311-P-2400,c2311-P-2400,38.0,0.0,0.0,0.0,20,38.0,38.5,18,35.5,38.0,38.0,38.0,20.0,7600.0,1121
2023-05-09 21:27:05,c2311-P-2400,c2311-P-2400,38.0,0.0,0.0,0.0,30,38.0,38.5,18,35.5,38.0,38.0,38.0,20.0,7600.0,1121
2023-05-09 21:27:09,c2311-P-2400,c2311-P-2400,38.0,0.0,0.0,0.0,40,38.0,38.5,18,35.5,38.0,38.0,38.0,20.0,7600.0,1121
2023-05-09 21:27:10,c2311-P-2400,c2311-P-2400,38.0,0.0,0.0,0.0,30,38.0,38.5,18,35.5,38.0,38.0,38.0,20.0,7600.0,1121
2023-05-09 21:27:14,c2311-P-2400,c2311-P-2400,38.0,0.0,0.0,0.0,30,38.0,38.5,10,35.5,38.0,38.0,38.0,20.0,7600.0,1121
2023-05-09 21:27:14,c2311-P-2400,c2311-P-2400,38.0,0.0,0.0,0.0,40,38.0,39.0,54,35.5,38.0,38.0,38.0,20.0,7600.0,1121
2023-05-09 21:27:15,c2311-P-2400,c2311-P-2400,38.0,0.0,0.0,0.0,30,38.0,38.5,10,35.5,38.0,38.0,38.0,20.0,7600.0,1121
2023-05-09 21:27:16,c2311-P-2400,c2311-P-2400,38.0,0.0,0.0,0.0,40,38.0,38.5,10,35.5,38.0,38.0,38.0,20.0,7600.0,1121
2023-05-09 21:27:17,c2311-P-2400,c2311-P-2400,38.0,0.0,0.0,0.0,30,38.0,38.5,10,35.5,38.0,38.0,38.0,20.0,7600.0,1121
2023-05-09 21:27:19,c2311-P-2400,c2311-P-2400,38.0,0.0,0.0,0.0,40,38.0,39.0,74,35.5,38.0,38.0,38.0,20.0,7600.0,1121
2023-05-09 21:27:21,c2311-P-2400,c2311-P-2400,38.0,0.0,0.0,0.0,50,38.0,39.0,74,35.5,38.0,38.0,38.0,20.0,7600.0,1121
2023-05-09 21:27:26,c2311-P-2400,c2311-P-2400,38.0,0.0,0.0,0.0,50,38.0,39.0,84,35.5,38.0,38.0,38.0,20.0,7600.0,1121
2023-05-09 21:27:30,c2311-P-2400,c2311-P-2400,38.0,0.0,0.0,0.0,50,38.0,39.0,64,35.5,38.0,38.0,38.0,20.0,7600.0,1121
2023-05-09 21:27:30,c2311-P-2400,c2311-P-2400,38.0,0.0,0.0,0.0,60,38.0,39.0,64,35.5,38.0,38.0,38.0,20.0,7600.0,1121
2023-05-09 21:27:31,c2311-P-2400,c2311-P-2400,38.0,0.0,0.0,0.0,50,38.0,39.0,64,35.5,38.0,38.0,38.0,20.0,7600.0,1121
2023-05-09 21:27:32,c2311-P-2400,c2311-P-2400,38.0,0.0,0.0,0.0,60,38.0,39.0,64,35.5,38.0,38.0,38.0,20.0,7600.0,1121
2023-05-09 21:27:33,c2311-P-2400,c2311-P-2400,38.0,0.0,0.0,0.0,50,38.0,39.0,64,35.5,38.0,38.0,38.0,20.0,7600.0,1121
2023-05-09 21:27:35,c2311-P-2400,c2311-P-2400,38.0,0.0,0.0,0.0,60,38.0,39.0,64,35.5,38.0,38.0,38.0,20.0,7600.0,1121
2023-05-09 21:27:35,c2311-P-2400,c2311-P-2400,38.0,0.0,0.0,0.0,50,38.0,39.0,74,35.5,38.0,38.0,38.0,20.0,7600.0,1121
2023-05-09 21:27:36,c2311-P-2400,c2311-P-2400,38.0,0.0,0.0,0.0,60,38.0,39.0,34,35.5,38.0,38.0,38.0,20.0,7600.0,1121
2023-05-09 21:27:38,c2311-P-2400,c2311-P-2400,38.0,0.0,0.0,0.0,60,38.0,39.0,54,35.5,38.0,38.0,38.0,20.0,7600.0,1121
2023-05-09 21:27:38,c2311-P-2400,c2311-P-2400,38.0,0.0,0.0,0.0,50,38.0,39.0,34,35.5,38.0,38.0,38.0,20.0,7600.0,1121
2023-05-09 21:27:38,c2311-P-2400,c2311-P-2400,38.0,0.0,0.0,0.0,60,38.0,39.0,44,35.5,38.0,38.0,38.0,20.0,7600.0,1121
2023-05-09 21:27:39,c2311-P-2400,c2311-P-2400,38.0,0.0,0.0,0.0,50,38.0,39.0,44,35.5,38.0,38.0,38.0,20.0,7600.0,1121
2023-05-09 21:27:39,c2311-P-2400,c2311-P-2400,38.0,0.0,0.0,0.0,60,38.0,39.0,44,35.5,38.0,38.0,38.0,20.0,7600.0,1121
2023-05-09 21:27:40,c2311-P-2400,c2311-P-2400,38.0,0.0,0.0,0.0,60,38.0,39.0,34,35.5,38.0,38.0,38.0,20.0,7600.0,1121
2023-05-09 21:27:42,c2311-P-2400,c2311-P-2400,38.0,0.0,0.0,0.0,70,38.0,39.0,34,35.5,38.0,38.0,38.0,20.0,7600.0,1121
2023-05-09 21:27:53,c2311-P-2400,c2311-P-2400,38.0,0.0,0.0,0.0,60,38.0,39.0,34,35.5,38.0,38.0,38.0,20.0,7600.0,1121
2023-05-09 21:28:04,c2311-P-2400,c2311-P-2400,38.0,0.0,0.0,0.0,60,38.0,39.0,24,35.5,38.0,38.0,38.0,20.0,7600.0,1121
2023-05-09 21:28:05,c2311-P-2400,c2311-P-2400,38.0,0.0,0.0,0.0,60,38.0,39.0,34,35.5,38.0,38.0,38.0,20.0,7600.0,1121
2023-05-09 21:28:10,c2311-P-2400,c2311-P-2400,38.0,0.0,0.0,0.0,60,38.0,39.0,24,35.5,38.0,38.0,38.0,20.0,7600.0,1121
2023-05-09 21:28:10,c2311-P-2400,c2311-P-2400,38.0,0.0,0.0,0.0,60,38.0,39.0,34,35.5,38.0,38.0,38.0,20.0,7600.0,1121
2023-05-09 21:28:12,c2311-P-2400,c2311-P-2400,38.0,0.0,0.0,0.0,60,38.0,39.0,24,35.5,38.0,38.0,38.0,20.0,7600.0,1121
2023-05-09 21:28:13,c2311-P-2400,c2311-P-2400,38.0,0.0,0.0,0.0,60,38.0,39.0,34,35.5,38.0,38.0,38.0,20.0,7600.0,1121
2023-05-09 21:28:14,c2311-P-2400,c2311-P-2400,38.0,0.0,0.0,0.0,60,38.0,39.0,24,35.5,38.0,38.0,38.0,20.0,7600.0,1121
2023-05-09 21:28:15,c2311-P-2400,c2311-P-2400,38.0,0.0,0.0,0.0,60,38.0,39.0,34,35.5,38.0,38.0,38.0,20.0,7600.0,1121
2023-05-09 21:28:22,c2311-P-2400,c2311-P-2400,38.0,0.0,0.0,0.0,60,38.0,39.0,24,35.5,38.0,38.0,38.0,20.0,7600.0,1121
2023-05-09 21:28:23,c2311-P-2400,c2311-P-2400,38.0,0.0,0.0,0.0,60,38.0,39.0,34,35.5,38.0,38.0,38.0,20.0,7600.0,1121
2023-05-09 21:28:25,c2311-P-2400,c2311-P-2400,38.0,0.0,0.0,0.0,60,38.0,39.0,24,35.5,38.0,38.0,38.0,20.0,7600.0,1121
2023-05-09 21:28:27,c2311-P-2400,c2311-P-2400,38.0,0.0,0.0,0.0,60,38.0,39.0,34,35.5,38.0,38.0,38.0,20.0,7600.0,1121
2023-05-09 21:28:29,c2311-P-2400,c2311-P-2400,38.0,0.0,0.0,0.0,60,38.0,39.0,18,35.5,38.0,38.0,38.0,20.0,7600.0,1121
2023-05-09 21:28:29,c2311-P-2400,c2311-P-2400,38.0,0.0,0.0,0.0,60,38.0,39.0,8,35.5,38.0,38.0,38.0,20.0,7600.0,1121
2023-05-09 21:28:31,c2311-P-2400,c2311-P-2400,38.0,0.0,0.0,0.0,60,38.0,39.0,18,35.5,38.0,38.0,38.0,20.0,7600.0,1121
2023-05-09 21:28:37,c2311-P-2400,c2311-P-2400,38.0,0.0,0.0,0.0,20,38.5,39.0,18,35.5,38.0,38.0,38.0,20.0,7600.0,1121
2023-05-09 21:28:38,c2311-P-2400,c2311-P-2400,38.0,0.0,0.0,0.0,30,38.5,39.0,18,35.5,38.0,38.0,38.0,20.0,7600.0,1121
2023-05-09 21:28:44,c2311-P-2400,c2311-P-2400,38.0,0.0,0.0,0.0,20,38.5,39.0,18,35.5,38.0,38.0,38.0,20.0,7600.0,1121
2023-05-09 21:28:46,c2311-P-2400,c2311-P-2400,38.0,0.0,0.0,0.0,20,38.5,39.0,10,35.5,38.0,38.0,38.0,20.0,7600.0,1121
2023-05-09 21:28:46,c2311-P-2400,c2311-P-2400,38.0,0.0,0.0,0.0,30,38.5,39.0,10,35.5,38.0,38.0,38.0,20.0,7600.0,1121
2023-05-09 21:28:47,c2311-P-2400,c2311-P-2400,38.0,0.0,0.0,0.0,40,38.5,39.0,10,35.5,38.0,38.0,38.0,20.0,7600.0,1121
2023-05-09 21:28:49,c2311-P-2400,c2311-P-2400,38.0,0.0,0.0,0.0,50,38.5,39.0,10,35.5,38.0,38.0,38.0,20.0,7600.0,1121
2023-05-09 21:28:50,c2311-P-2400,c2311-P-2400,38.0,0.0,0.0,0.0,50,38.5,39.5,30,35.5,38.0,38.0,38.0,20.0,7600.0,1121
2023-05-09 21:28:50,c2311-P-2400,c2311-P-2400,38.0,0.0,0.0,0.0,40,38.5,39.0,10,35.5,38.0,38.0,38.0,20.0,7600.0,1121
2023-05-09 21:28:52,c2311-P-2400,c2311-P-2400,38.0,0.0,0.0,0.0,30,38.5,39.0,10,35.5,38.0,38.0,38.0,20.0,7600.0,1121
2023-05-09 21:28:53,c2311-P-2400,c2311-P-2400,38.0,0.0,0.0,0.0,30,38.5,39.5,40,35.5,38.0,38.0,38.0,20.0,7600.0,1121
2023-05-09 21:28:54,c2311-P-2400,c2311-P-2400,38.0,0.0,0.0,0.0,40,38.5,39.5,40,35.5,38.0,38.0,38.0,20.0,7600.0,1121
2023-05-09 21:28:54,c2311-P-2400,c2311-P-2400,38.0,0.0,0.0,0.0,30,38.5,39.5,40,35.5,38.0,38.0,38.0,20.0,7600.0,1121
2023-05-09 21:28:54,c2311-P-2400,c2311-P-2400,38.0,0.0,0.0,0.0,30,38.5,39.5,50,35.5,38.0,38.0,38.0,20.0,7600.0,1121
2023-05-09 21:28:55,c2311-P-2400,c2311-P-2400,38.0,0.0,0.0,0.0,40,38.5,39.5,50,35.5,38.0,38.0,38.0,20.0,7600.0,1121
2023-05-09 21:28:56,c2311-P-2400,c2311-P-2400,38.0,0.0,0.0,0.0,30,38.5,39.5,50,35.5,38.0,38.0,38.0,20.0,7600.0,1121
2023-05-09 21:28:57,c2311-P-2400,c2311-P-2400,38.0,0.0,0.0,0.0,40,38.5,39.5,50,35.5,38.0,38.0,38.0,20.0,7600.0,1121
2023-05-09 21:28:58,c2311-P-2400,c2311-P-2400,38.0,0.0,0.0,0.0,50,38.5,39.5,40,35.5,38.0,38.0,38.0,20.0,7600.0,1121
2023-05-09 21:28:58,c2311-P-2400,c2311-P-2400,38.0,0.0,0.0,0.0,40,38.5,39.5,50,35.5,38.0,38.0,38.0,20.0,7600.0,1121
2023-05-09 21:29:03,c2311-P-2400,c2311-P-2400,38.0,0.0,0.0,0.0,30,38.5,39.5,40,35.5,38.0,38.0,38.0,20.0,7600.0,1121
2023-05-09 21:29:03,c2311-P-2400,c2311-P-2400,38.0,0.0,0.0,0.0,40,38.5,39.5,40,35.5,38.0,38.0,38.0,20.0,7600.0,1121
2023-05-09 21:29:06,c2311-P-2400,c2311-P-2400,38.0,0.0,0.0,0.0,50,38.5,39.5,40,35.5,38.0,38.0,38.0,20.0,7600.0,1121
2023-05-09 21:29:08,c2311-P-2400,c2311-P-2400,38.0,0.0,0.0,0.0,60,38.5,39.5,30,35.5,38.0,38.0,38.0,20.0,7600.0,1121
2023-05-09 21:29:09,c2311-P-2400,c2311-P-2400,38.0,0.0,0.0,0.0,50,38.5,39.5,30,35.5,38.0,38.0,38.0,20.0,7600.0,1121
2023-05-09 21:29:09,c2311-P-2400,c2311-P-2400,38.0,0.0,0.0,0.0,40,38.5,39.5,40,35.5,38.0,38.0,38.0,20.0,7600.0,1121
2023-05-09 21:29:10,c2311-P-2400,c2311-P-2400,38.0,0.0,0.0,0.0,50,38.5,39.5,30,35.5,38.0,38.0,38.0,20.0,7600.0,1121
2023-05-09 21:29:11,c2311-P-2400,c2311-P-2400,38.0,0.0,0.0,0.0,50,38.5,39.5,40,35.5,38.0,38.0,38.0,20.0,7600.0,1121
2023-05-09 21:29:11,c2311-P-2400,c2311-P-2400,38.0,0.0,0.0,0.0,40,38.5,39.5,40,35.5,38.0,38.0,38.0,20.0,7600.0,1121
2023-05-09 21:29:12,c2311-P-2400,c2311-P-2400,38.0,0.0,0.0,0.0,50,38.5,39.5,40,35.5,38.0,38.0,38.0,20.0,7600.0,1121
2023-05-09 21:29:16,c2311-P-2400,c2311-P-2400,38.0,0.0,0.0,0.0,60,38.5,39.5,30,35.5,38.0,38.0,38.0,20.0,7600.0,1121
2023-05-09 21:29:18,c2311-P-2400,c2311-P-2400,38.0,0.0,0.0,0.0,60,38.5,39.5,20,35.5,38.0,38.0,38.0,20.0,7600.0,1121
2023-05-09 21:29:21,c2311-P-2400,c2311-P-2400,38.0,0.0,0.0,0.0,60,38.5,39.5,30,35.5,38.0,38.0,38.0,20.0,7600.0,1121
2023-05-09 21:29:22,c2311-P-2400,c2311-P-2400,38.0,0.0,0.0,0.0,70,38.5,39.5,40,35.5,38.0,38.0,38.0,20.0,7600.0,1121
2023-05-09 21:29:22,c2311-P-2400,c2311-P-2400,38.0,0.0,0.0,0.0,70,38.5,39.5,30,35.5,38.0,38.0,38.0,20.0,7600.0,1121
2023-05-09 21:29:23,c2311-P-2400,c2311-P-2400,38.0,0.0,0.0,0.0,70,38.5,39.5,55,35.5,38.0,38.0,38.0,20.0,7600.0,1121
2023-05-09 21:29:24,c2311-P-2400,c2311-P-2400,38.0,0.0,0.0,0.0,60,38.5,39.5,65,35.5,38.0,38.0,38.0,20.0,7600.0,1121
2023-05-09 21:29:26,c2311-P-2400,c2311-P-2400,38.0,0.0,0.0,0.0,60,38.5,39.5,30,35.5,38.0,38.0,38.0,20.0,7600.0,1121
2023-05-09 21:29:26,c2311-P-2400,c2311-P-2400,38.0,0.0,0.0,0.0,60,38.5,39.5,40,35.5,38.0,38.0,38.0,20.0,7600.0,1121
2023-05-09 21:29:30,c2311-P-2400,c2311-P-2400,38.0,0.0,0.0,0.0,60,38.5,39.5,30,35.5,38.0,38.0,38.0,20.0,7600.0,1121
2023-05-09 21:29:37,c2311-P-2400,c2311-P-2400,38.0,0.0,0.0,0.0,70,38.5,39.5,30,35.5,38.0,38.0,38.0,20.0,7600.0,1121
2023-05-09 21:29:38,c2311-P-2400,c2311-P-2400,38.0,0.0,0.0,0.0,60,38.5,39.5,30,35.5,38.0,38.0,38.0,20.0,7600.0,1121
2023-05-09 21:29:47,c2311-P-2400,c2311-P-2400,38.0,0.0,0.0,0.0,70,38.5,39.5,30,35.5,38.0,38.0,38.0,20.0,7600.0,1121
2023-05-09 21:29:49,c2311-P-2400,c2311-P-2400,38.0,0.0,0.0,0.0,60,38.5,39.5,30,35.5,38.0,38.0,38.0,20.0,7600.0,1121
2023-05-09 21:29:51,c2311-P-2400,c2311-P-2400,38.0,0.0,0.0,0.0,50,38.5,39.5,30,35.5,38.0,38.0,38.0,20.0,7600.0,1121
2023-05-09 21:29:52,c2311-P-2400,c2311-P-2400,38.0,0.0,0.0,0.0,60,38.5,39.5,40,35.5,38.0,38.0,38.0,20.0,7600.0,1121
2023-05-09 21:29:52,c2311-P-2400,c2311-P-2400,38.0,0.0,0.0,0.0,60,38.5,39.5,30,35.5,38.0,38.0,38.0,20.0,7600.0,1121
2023-05-09 21:30:00,c2311-P-2400,c2311-P-2400,38.0,0.0,0.0,0.0,70,38.5,39.5,30,35.5,38.0,38.0,38.0,20.0,7600.0,1121
2023-05-09 21:30:01,c2311-P-2400,c2311-P-2400,38.0,0.0,0.0,0.0,70,38.5,39.5,20,35.5,38.0,38.0,38.0,20.0,7600.0,1121
2023-05-09 21:30:01,c2311-P-2400,c2311-P-2400,38.0,0.0,0.0,0.0,70,38.5,40.0,106,35.5,38.0,38.0,38.0,20.0,7600.0,1121
2023-05-09 21:30:02,c2311-P-2400,c2311-P-2400,38.0,0.0,0.0,0.0,70,38.5,39.5,10,35.5,38.0,38.0,38.0,20.0,7600.0,1121
2023-05-09 21:30:02,c2311-P-2400,c2311-P-2400,38.0,0.0,0.0,0.0,60,38.5,39.5,20,35.5,38.0,38.0,38.0,20.0,7600.0,1121
2023-05-09 21:30:03,c2311-P-2400,c2311-P-2400,38.0,0.0,0.0,0.0,70,38.5,39.5,20,35.5,38.0,38.0,38.0,20.0,7600.0,1121
2023-05-09 21:30:03,c2311-P-2400,c2311-P-2400,38.0,0.0,0.0,0.0,60,38.5,39.5,20,35.5,38.0,38.0,38.0,20.0,7600.0,1121
2023-05-09 21:30:09,c2311-P-2400,c2311-P-2400,38.0,0.0,0.0,0.0,70,38.5,39.5,20,35.5,38.0,38.0,38.0,20.0,7600.0,1121
2023-05-09 21:30:10,c2311-P-2400,c2311-P-2400,38.0,0.0,0.0,0.0,60,38.5,39.5,30,35.5,38.0,38.0,38.0,20.0,7600.0,1121
2023-05-09 21:30:10,c2311-P-2400,c2311-P-2400,38.0,0.0,0.0,0.0,60,38.5,39.5,20,35.5,38.0,38.0,38.0,20.0,7600.0,1121
2023-05-09 21:30:11,c2311-P-2400,c2311-P-2400,38.0,0.0,0.0,0.0,60,38.5,39.5,10,35.5,38.0,38.0,38.0,20.0,7600.0,1121
2023-05-09 21:30:12,c2311-P-2400,c2311-P-2400,38.0,0.0,0.0,0.0,60,38.5,39.5,20,35.5,38.0,38.0,38.0,20.0,7600.0,1121
2023-05-09 21:30:16,c2311-P-2400,c2311-P-2400,38.0,0.0,0.0,0.0,70,38.5,39.5,20,35.5,38.0,38.0,38.0,20.0,7600.0,1121
2023-05-09 21:30:18,c2311-P-2400,c2311-P-2400,38.0,0.0,0.0,0.0,70,38.5,39.5,10,35.5,38.0,38.0,38.0,20.0,7600.0,1121
2023-05-09 21:30:24,c2311-P-2400,c2311-P-2400,38.0,0.0,0.0,0.0,70,38.5,39.5,20,35.5,38.0,38.0,38.0,20.0,7600.0,1121
2023-05-09 21:30:24,c2311-P-2400,c2311-P-2400,38.0,0.0,0.0,0.0,70,38.5,39.5,10,35.5,38.0,38.0,38.0,20.0,7600.0,1121
2023-05-09 21:30:29,c2311-P-2400,c2311-P-2400,38.0,0.0,0.0,0.0,10,39.0,39.5,10,35.5,38.0,38.0,38.0,20.0,7600.0,1121
2023-05-09 21:30:29,c2311-P-2400,c2311-P-2400,38.0,0.0,0.0,0.0,20,39.0,40.0,86,35.5,38.0,38.0,38.0,20.0,7600.0,1121
2023-05-09 21:30:30,c2311-P-2400,c2311-P-2400,38.0,0.0,0.0,0.0,20,39.0,40.0,76,35.5,38.0,38.0,38.0,20.0,7600.0,1121
2023-05-09 21:30:30,c2311-P-2400,c2311-P-2400,38.0,0.0,0.0,0.0,70,38.5,40.0,76,35.5,38.0,38.0,38.0,20.0,7600.0,1121
2023-05-09 21:30:31,c2311-P-2400,c2311-P-2400,38.0,0.0,0.0,0.0,70,38.5,40.0,66,35.5,38.0,38.0,38.0,20.0,7600.0,1121
2023-05-09 21:30:32,c2311-P-2400,c2311-P-2400,38.0,0.0,0.0,0.0,70,38.5,40.0,76,35.5,38.0,38.0,38.0,20.0,7600.0,1121
2023-05-09 21:30:32,c2311-P-2400,c2311-P-2400,38.0,0.0,0.0,0.0,70,38.5,40.0,86,35.5,38.0,38.0,38.0,20.0,7600.0,1121
2023-05-09 21:30:43,c2311-P-2400,c2311-P-2400,38.0,0.0,0.0,0.0,70,38.5,40.0,96,35.5,38.0,38.0,38.0,20.0,7600.0,1121
2023-05-09 21:30:48,c2311-P-2400,c2311-P-2400,38.0,0.0,0.0,0.0,20,39.0,40.0,76,35.5,38.0,38.0,38.0,20.0,7600.0,1121
2023-05-09 21:30:49,c2311-P-2400,c2311-P-2400,38.0,0.0,0.0,0.0,70,38.5,40.0,96,35.5,38.0,38.0,38.0,20.0,7600.0,1121
2023-05-09 21:30:49,c2311-P-2400,c2311-P-2400,38.0,0.0,0.0,0.0,10,39.0,40.0,96,35.5,38.0,38.0,38.0,20.0,7600.0,1121
2023-05-09 21:31:09,c2311-P-2400,c2311-P-2400,38.0,0.0,0.0,0.0,10,39.0,40.0,86,35.5,38.0,38.0,38.0,20.0,7600.0,1121
2023-05-09 21:31:11,c2311-P-2400,c2311-P-2400,38.0,0.0,0.0,0.0,10,39.0,40.0,96,35.5,38.0,38.0,38.0,20.0,7600.0,1121
2023-05-09 21:31:16,c2311-P-2400,c2311-P-2400,38.0,0.0,0.0,0.0,10,39.0,40.0,66,35.5,38.0,38.0,38.0,20.0,7600.0,1121
2023-05-09 21:31:17,c2311-P-2400,c2311-P-2400,38.0,0.0,0.0,0.0,70,38.5,40.0,96,35.5,38.0,38.0,38.0,20.0,7600.0,1121
2023-05-09 21:31:33,c2311-P-2400,c2311-P-2400,38.0,0.0,0.0,0.0,60,38.5,40.0,96,35.5,38.0,38.0,38.0,20.0,7600.0,1121
2023-05-09 21:31:33,c2311-P-2400,c2311-P-2400,38.0,0.0,0.0,0.0,50,38.5,40.0,96,35.5,38.0,38.0,38.0,20.0,7600.0,1121
2023-05-09 21:31:38,c2311-P-2400,c2311-P-2400,38.0,0.0,0.0,0.0,50,38.5,40.0,121,35.5,38.0,38.0,38.0,20.0,7600.0,1121
2023-05-09 21:31:42,c2311-P-2400,c2311-P-2400,38.0,0.0,0.0,0.0,60,38.5,40.0,121,35.5,38.0,38.0,38.0,20.0,7600.0,1121
2023-05-09 21:31:42,c2311-P-2400,c2311-P-2400,38.0,0.0,0.0,0.0,60,38.5,40.0,96,35.5,38.0,38.0,38.0,20.0,7600.0,1121
2023-05-09 21:31:44,c2311-P-2400,c2311-P-2400,38.0,0.0,0.0,0.0,70,38.5,40.0,96,35.5,38.0,38.0,38.0,20.0,7600.0,1121
2023-05-09 21:31:47,c2311-P-2400,c2311-P-2400,38.0,0.0,0.0,0.0,60,38.5,40.0,96,35.5,38.0,38.0,38.0,20.0,7600.0,1121
2023-05-09 21:31:48,c2311-P-2400,c2311-P-2400,38.0,0.0,0.0,0.0,70,38.5,40.0,96,35.5,38.0,38.0,38.0,20.0,7600.0,1121
2023-05-09 21:31:56,c2311-P-2400,c2311-P-2400,38.0,0.0,0.0,0.0,60,38.5,40.0,96,35.5,38.0,38.0,38.0,20.0,7600.0,1121
2023-05-09 21:31:59,c2311-P-2400,c2311-P-2400,38.0,0.0,0.0,0.0,50,38.5,40.0,96,35.5,38.0,38.0,38.0,20.0,7600.0,1121
2023-05-09 21:32:03,c2311-P-2400,c2311-P-2400,38.0,0.0,0.0,0.0,50,38.5,40.0,121,35.5,38.0,38.0,38.0,20.0,7600.0,1121
2023-05-09 21:32:13,c2311-P-2400,c2311-P-2400,38.0,0.0,0.0,0.0,50,38.5,39.5,20,35.5,38.0,38.0,38.0,20.0,7600.0,1121
2023-05-09 21:32:14,c2311-P-2400,c2311-P-2400,38.0,0.0,0.0,0.0,50,38.5,39.5,30,35.5,38.0,38.0,38.0,20.0,7600.0,1121
2023-05-09 21:32:17,c2311-P-2400,c2311-P-2400,38.0,0.0,0.0,0.0,50,38.5,39.5,40,35.5,38.0,38.0,38.0,20.0,7600.0,1121
2023-05-09 21:32:18,c2311-P-2400,c2311-P-2400,38.0,0.0,0.0,0.0,121,38.0,39.5,105,35.5,38.0,38.0,38.0,20.0,7600.0,1121
2023-05-09 21:32:18,c2311-P-2400,c2311-P-2400,38.0,0.0,0.0,0.0,96,38.0,39.5,80,35.5,38.0,38.0,38.0,20.0,7600.0,1121
2023-05-09 21:32:25,c2311-P-2400,c2311-P-2400,38.0,0.0,0.0,0.0,96,38.0,39.5,70,35.5,38.0,38.0,38.0,20.0,7600.0,1121
2023-05-09 21:32:25,c2311-P-2400,c2311-P-2400,38.0,0.0,0.0,0.0,96,38.0,39.5,60,35.5,38.0,38.0,38.0,20.0,7600.0,1121
2023-05-09 21:32:39,c2311-P-2400,c2311-P-2400,38.0,0.0,0.0,0.0,96,38.0,39.5,50,35.5,38.0,38.0,38.0,20.0,7600.0,1121
2023-05-09 21:32:42,c2311-P-2400,c2311-P-2400,38.0,0.0,0.0,0.0,96,38.0,39.5,60,35.5,38.0,38.0,38.0,20.0,7600.0,1121
2023-05-09 21:32:43,c2311-P-2400,c2311-P-2400,38.0,0.0,0.0,0.0,96,38.0,39.5,50,35.5,38.0,38.0,38.0,20.0,7600.0,1121
2023-05-09 21:32:44,c2311-P-2400,c2311-P-2400,38.0,0.0,0.0,0.0,96,38.0,39.5,70,35.5,38.0,38.0,38.0,20.0,7600.0,1121
2023-05-09 21:32:44,c2311-P-2400,c2311-P-2400,38.0,0.0,0.0,0.0,96,38.0,39.5,80,35.5,38.0,38.0,38.0,20.0,7600.0,1121
2023-05-09 21:32:48,c2311-P-2400,c2311-P-2400,38.0,0.0,0.0,0.0,96,38.0,39.5,105,35.5,38.0,38.0,38.0,20.0,7600.0,1121
2023-05-09 21:33:03,c2311-P-2400,c2311-P-2400,38.0,0.0,0.0,0.0,96,38.0,39.5,95,35.5,38.0,38.0,38.0,20.0,7600.0,1121
2023-05-09 21:33:06,c2311-P-2400,c2311-P-2400,38.0,0.0,0.0,0.0,96,38.0,39.5,105,35.5,38.0,38.0,38.0,20.0,7600.0,1121
2023-05-09 21:33:52,c2311-P-2400,c2311-P-2400,38.0,0.0,0.0,0.0,96,38.0,39.5,121,35.5,38.0,38.0,38.0,20.0,7600.0,1121
2023-05-09 21:34:01,c2311-P-2400,c2311-P-2400,38.0,0.0,0.0,0.0,50,38.0,39.0,10,35.5,38.0,38.0,38.0,20.0,7600.0,1121
2023-05-09 21:34:01,c2311-P-2400,c2311-P-2400,38.0,0.0,0.0,0.0,20,38.0,39.0,50,35.5,38.0,38.0,38.0,20.0,7600.0,1121
2023-05-09 21:34:04,c2311-P-2400,c2311-P-2400,38.0,0.0,0.0,0.0,20,38.0,39.0,60,35.5,38.0,38.0,38.0,20.0,7600.0,1121
2023-05-09 21:34:04,c2311-P-2400,c2311-P-2400,38.0,0.0,0.0,0.0,10,38.0,39.0,105,35.5,38.0,38.0,38.0,20.0,7600.0,1121
2023-05-09 21:34:08,c2311-P-2400,c2311-P-2400,38.0,0.0,0.0,0.0,20,38.0,39.0,85,35.5,38.0,38.0,38.0,20.0,7600.0,1121
2023-05-09 21:34:09,c2311-P-2400,c2311-P-2400,38.0,0.0,0.0,0.0,20,38.0,39.0,75,35.5,38.0,38.0,38.0,20.0,7600.0,1121
2023-05-09 21:34:10,c2311-P-2400,c2311-P-2400,38.0,0.0,0.0,0.0,20,38.0,39.0,85,35.5,38.0,38.0,38.0,20.0,7600.0,1121
2023-05-09 21:34:10,c2311-P-2400,c2311-P-2400,38.0,0.0,0.0,0.0,20,38.0,39.0,75,35.5,38.0,38.0,38.0,20.0,7600.0,1121
2023-05-09 21:34:22,c2311-P-2400,c2311-P-2400,38.0,0.0,0.0,0.0,70,37.5,39.0,95,35.5,38.0,38.0,38.0,20.0,7600.0,1121
2023-05-09 21:34:25,c2311-P-2400,c2311-P-2400,38.0,0.0,0.0,0.0,70,37.5,39.0,105,35.5,38.0,38.0,38.0,20.0,7600.0,1121
2023-05-09 21:34:35,c2311-P-2400,c2311-P-2400,38.0,0.0,0.0,0.0,60,37.5,39.0,105,35.5,38.0,38.0,38.0,20.0,7600.0,1121
2023-05-09 21:35:04,c2311-P-2400,c2311-P-2400,38.0,0.0,0.0,0.0,60,37.5,39.0,121,35.5,38.0,38.0,38.0,20.0,7600.0,1121
2023-05-09 21:35:46,c2311-P-2400,c2311-P-2400,38.0,0.0,0.0,0.0,70,37.5,39.0,111,35.5,38.0,38.0,38.0,20.0,7600.0,1121
2023-05-09 21:35:46,c2311-P-2400,c2311-P-2400,38.0,0.0,0.0,0.0,70,37.5,39.0,121,35.5,38.0,38.0,38.0,20.0,7600.0,1121
2023-05-09 21:35:47,c2311-P-2400,c2311-P-2400,38.0,0.0,0.0,0.0,70,37.5,39.0,96,35.5,38.0,38.0,38.0,20.0,7600.0,1121
2023-05-09 21:35:48,c2311-P-2400,c2311-P-2400,38.0,0.0,0.0,0.0,70,37.5,39.0,86,35.5,38.0,38.0,38.0,20.0,7600.0,1121
2023-05-09 21:35:56,c2311-P-2400,c2311-P-2400,38.0,0.0,0.0,0.0,20,38.0,39.0,86,35.5,38.0,38.0,38.0,20.0,7600.0,1121
2023-05-09 21:35:57,c2311-P-2400,c2311-P-2400,38.0,0.0,0.0,0.0,10,38.0,39.0,86,35.5,38.0,38.0,38.0,20.0,7600.0,1121
2023-05-09 21:35:57,c2311-P-2400,c2311-P-2400,38.0,0.0,0.0,0.0,20,38.0,39.0,86,35.5,38.0,38.0,38.0,20.0,7600.0,1121
2023-05-09 21:35:57,c2311-P-2400,c2311-P-2400,38.0,0.0,0.0,0.0,30,38.0,39.0,86,35.5,38.0,38.0,38.0,20.0,7600.0,1121
2023-05-09 21:35:58,c2311-P-2400,c2311-P-2400,38.0,0.0,0.0,0.0,30,38.0,39.0,111,35.5,38.0,38.0,38.0,20.0,7600.0,1121
2023-05-09 21:36:01,c2311-P-2400,c2311-P-2400,38.0,0.0,0.0,0.0,20,38.0,39.0,111,35.5,38.0,38.0,38.0,20.0,7600.0,1121
2023-05-09 21:36:02,c2311-P-2400,c2311-P-2400,38.0,0.0,0.0,0.0,20,38.0,39.0,86,35.5,38.0,38.0,38.0,20.0,7600.0,1121
2023-05-09 21:36:44,c2311-P-2400,c2311-P-2400,38.0,0.0,0.0,0.0,30,38.0,39.0,66,35.5,38.0,38.0,38.0,20.0,7600.0,1121
2023-05-09 21:36:46,c2311-P-2400,c2311-P-2400,38.0,0.0,0.0,0.0,40,38.0,39.0,66,35.5,38.0,38.0,38.0,20.0,7600.0,1121
2023-05-09 21:36:46,c2311-P-2400,c2311-P-2400,38.0,0.0,0.0,0.0,50,38.0,39.0,66,35.5,38.0,38.0,38.0,20.0,7600.0,1121
2023-05-09 21:36:51,c2311-P-2400,c2311-P-2400,38.0,0.0,0.0,0.0,60,38.0,39.0,66,35.5,38.0,38.0,38.0,20.0,7600.0,1121
2023-05-09 21:37:04,c2311-P-2400,c2311-P-2400,38.0,0.0,0.0,0.0,50,38.0,39.0,66,35.5,38.0,38.0,38.0,20.0,7600.0,1121
2023-05-09 21:37:05,c2311-P-2400,c2311-P-2400,38.0,0.0,0.0,0.0,60,38.0,39.0,66,35.5,38.0,38.0,38.0,20.0,7600.0,1121
2023-05-09 21:37:08,c2311-P-2400,c2311-P-2400,38.0,0.0,0.0,0.0,50,38.0,39.0,66,35.5,38.0,38.0,38.0,20.0,7600.0,1121
2023-05-09 21:37:13,c2311-P-2400,c2311-P-2400,38.0,0.0,0.0,0.0,60,38.0,39.0,66,35.5,38.0,38.0,38.0,20.0,7600.0,1121
2023-05-09 21:37:15,c2311-P-2400,c2311-P-2400,38.0,0.0,0.0,0.0,50,38.0,39.0,66,35.5,38.0,38.0,38.0,20.0,7600.0,1121
2023-05-09 21:37:21,c2311-P-2400,c2311-P-2400,38.0,0.0,0.0,0.0,70,38.0,39.0,46,35.5,38.0,38.0,38.0,20.0,7600.0,1121
2023-05-09 21:37:22,c2311-P-2400,c2311-P-2400,38.0,0.0,0.0,0.0,70,38.0,39.0,36,35.5,38.0,38.0,38.0,20.0,7600.0,1121
2023-05-09 21:37:22,c2311-P-2400,c2311-P-2400,38.0,0.0,0.0,0.0,70,38.0,39.0,26,35.5,38.0,38.0,38.0,20.0,7600.0,1121
2023-05-09 21:37:37,c2311-P-2400,c2311-P-2400,38.0,0.0,0.0,0.0,20,38.5,39.0,16,35.5,38.0,38.0,38.0,20.0,7600.0,1121
2023-05-09 21:37:39,c2311-P-2400,c2311-P-2400,38.0,0.0,0.0,0.0,30,38.5,39.0,26,35.5,38.0,38.0,38.0,20.0,7600.0,1121
