time,symbol_id,symbol_name,last,trade_volume,trade_amount,open_interest_change,bv1,bp1,ap1,av1,yesterday_close,today_open,today_high,today_low,volume,amount,open_interest
2023-05-09 20:55:26,c2311-C-2880,c2311-C-2880,6.0,0.0,0.0,0.0,1,0.5,0.0,0,6.0,4.5,0.0,0.0,0.0,0.0,286
2023-05-09 21:00:01,c2311-C-2880,c2311-C-2880,6.0,0.0,0.0,0.0,1,3.5,0.0,0,6.0,4.5,0.0,0.0,0.0,0.0,286
2023-05-09 21:00:14,c2311-C-2880,c2311-C-2880,6.0,0.0,0.0,0.0,1,3.5,55.0,1,6.0,4.5,0.0,0.0,0.0,0.0,286
2023-05-09 21:01:55,c2311-C-2880,c2311-C-2880,6.0,0.0,0.0,0.0,1,3.5,49.5,1,6.0,4.5,0.0,0.0,0.0,0.0,286
2023-05-09 21:01:55,c2311-C-2880,c2311-C-2880,6.0,0.0,0.0,0.0,1,3.5,28.0,1,6.0,4.5,0.0,0.0,0.0,0.0,286
2023-05-09 22:56:28,c2311-C-2880,c2311-C-2880,6.0,0.0,0.0,0.0,1,0.5,0.0,0,6.0,4.5,0.0,0.0,0.0,0.0,286
2023-05-09 22:56:29,c2311-C-2880,c2311-C-2880,6.0,0.0,0.0,0.0,2,1.0,155.0,1,6.0,4.5,0.0,0.0,0.0,0.0,286
2023-05-09 22:57:18,c2311-C-2880,c2311-C-2880,6.0,0.0,0.0,0.0,1,0.5,155.0,1,6.0,4.5,0.0,0.0,0.0,0.0,286
2023-05-09 22:59:48,c2311-C-2880,c2311-C-2880,6.0,0.0,0.0,0.0,1,0.5,0.0,0,6.0,4.5,0.0,0.0,0.0,0.0,286
2023-05-10 09:00:02,c2311-C-2880,c2311-C-2880,6.0,0.0,0.0,0.0,1,3.0,0.0,0,6.0,4.5,0.0,0.0,0.0,0.0,286
2023-05-10 09:00:10,c2311-C-2880,c2311-C-2880,6.0,0.0,0.0,0.0,1,3.0,53.5,1,6.0,4.5,0.0,0.0,0.0,0.0,286
2023-05-10 09:02:02,c2311-C-2880,c2311-C-2880,6.0,0.0,0.0,0.0,1,3.0,52.0,1,6.0,4.5,0.0,0.0,0.0,0.0,286
2023-05-10 09:02:02,c2311-C-2880,c2311-C-2880,6.0,0.0,0.0,0.0,1,3.0,31.0,1,6.0,4.5,0.0,0.0,0.0,0.0,286
2023-05-10 09:02:25,c2311-C-2880,c2311-C-2880,6.0,0.0,0.0,0.0,1,3.0,4.5,1,6.0,4.5,0.0,0.0,0.0,0.0,286
2023-05-10 09:17:09,c2311-C-2880,c2311-C-2880,4.5,1.0,45.0,-1.0,1,3.0,4.5,31,6.0,4.5,4.5,4.5,1.0,45.0,285
2023-05-10 09:17:09,c2311-C-2880,c2311-C-2880,4.5,19.0,855.0,-3.0,1,3.0,4.5,12,6.0,4.5,4.5,4.5,20.0,900.0,282
2023-05-10 09:35:38,c2311-C-2880,c2311-C-2880,4.5,0.0,0.0,0.0,1,3.0,54.0,1,6.0,4.5,4.5,4.5,20.0,900.0,282
2023-05-10 09:35:38,c2311-C-2880,c2311-C-2880,4.5,0.0,0.0,0.0,1,3.0,31.5,1,6.0,4.5,4.5,4.5,20.0,900.0,282
2023-05-10 09:35:41,c2311-C-2880,c2311-C-2880,4.5,0.0,0.0,0.0,1,3.0,26.0,1,6.0,4.5,4.5,4.5,20.0,900.0,282
2023-05-10 09:35:41,c2311-C-2880,c2311-C-2880,4.5,0.0,0.0,0.0,1,3.0,5.0,1,6.0,4.5,4.5,4.5,20.0,900.0,282
2023-05-10 09:59:47,c2311-C-2880,c2311-C-2880,4.5,0.0,0.0,0.0,3,1.5,0.0,0,6.0,4.5,4.5,4.5,20.0,900.0,282
2023-05-10 09:59:47,c2311-C-2880,c2311-C-2880,4.5,0.0,0.0,0.0,2,2.0,155.0,1,6.0,4.5,4.5,4.5,20.0,900.0,282
2023-05-10 10:00:27,c2311-C-2880,c2311-C-2880,4.5,0.0,0.0,0.0,1,3.5,154.5,1,6.0,4.5,4.5,4.5,20.0,900.0,282
2023-05-10 10:00:28,c2311-C-2880,c2311-C-2880,4.5,0.0,0.0,0.0,1,3.5,153.0,1,6.0,4.5,4.5,4.5,20.0,900.0,282
2023-05-10 10:00:40,c2311-C-2880,c2311-C-2880,4.5,0.0,0.0,0.0,1,3.5,54.0,1,6.0,4.5,4.5,4.5,20.0,900.0,282
2023-05-10 10:00:40,c2311-C-2880,c2311-C-2880,4.5,0.0,0.0,0.0,1,3.5,52.5,1,6.0,4.5,4.5,4.5,20.0,900.0,282
2023-05-10 10:00:41,c2311-C-2880,c2311-C-2880,4.5,0.0,0.0,0.0,1,3.5,31.5,1,6.0,4.5,4.5,4.5,20.0,900.0,282
2023-05-10 10:00:43,c2311-C-2880,c2311-C-2880,4.5,0.0,0.0,0.0,1,3.5,26.0,1,6.0,4.5,4.5,4.5,20.0,900.0,282
2023-05-10 10:00:43,c2311-C-2880,c2311-C-2880,4.5,0.0,0.0,0.0,1,3.5,5.5,1,6.0,4.5,4.5,4.5,20.0,900.0,282
2023-05-10 11:00:49,c2311-C-2880,c2311-C-2880,4.5,0.0,0.0,0.0,1,3.5,54.0,1,6.0,4.5,4.5,4.5,20.0,900.0,282
2023-05-10 11:00:49,c2311-C-2880,c2311-C-2880,4.5,0.0,0.0,0.0,1,3.5,31.5,1,6.0,4.5,4.5,4.5,20.0,900.0,282
2023-05-10 11:00:52,c2311-C-2880,c2311-C-2880,4.5,0.0,0.0,0.0,1,3.5,26.0,1,6.0,4.5,4.5,4.5,20.0,900.0,282
2023-05-10 11:00:52,c2311-C-2880,c2311-C-2880,4.5,0.0,0.0,0.0,1,3.5,5.5,1,6.0,4.5,4.5,4.5,20.0,900.0,282
2023-05-10 11:01:30,c2311-C-2880,c2311-C-2880,4.5,0.0,0.0,0.0,7,0.5,154.5,1,6.0,4.5,4.5,4.5,20.0,900.0,282
2023-05-10 11:01:30,c2311-C-2880,c2311-C-2880,4.5,0.0,0.0,0.0,2,1.0,153.0,1,6.0,4.5,4.5,4.5,20.0,900.0,282
2023-05-10 11:01:31,c2311-C-2880,c2311-C-2880,4.5,0.0,0.0,0.0,2,1.0,149.0,1,6.0,4.5,4.5,4.5,20.0,900.0,282
2023-05-10 11:01:31,c2311-C-2880,c2311-C-2880,4.5,0.0,0.0,0.0,2,1.0,147.5,1,6.0,4.5,4.5,4.5,20.0,900.0,282
2023-05-10 11:01:42,c2311-C-2880,c2311-C-2880,4.5,0.0,0.0,0.0,1,3.5,147.5,1,6.0,4.5,4.5,4.5,20.0,900.0,282
2023-05-10 11:02:04,c2311-C-2880,c2311-C-2880,4.5,0.0,0.0,0.0,1,3.5,54.0,1,6.0,4.5,4.5,4.5,20.0,900.0,282
2023-05-10 11:02:04,c2311-C-2880,c2311-C-2880,4.5,0.0,0.0,0.0,1,3.5,52.5,1,6.0,4.5,4.5,4.5,20.0,900.0,282
2023-05-10 11:02:06,c2311-C-2880,c2311-C-2880,4.5,0.0,0.0,0.0,1,3.5,47.0,1,6.0,4.5,4.5,4.5,20.0,900.0,282
2023-05-10 11:02:06,c2311-C-2880,c2311-C-2880,4.5,0.0,0.0,0.0,1,3.5,45.5,1,6.0,4.5,4.5,4.5,20.0,900.0,282
2023-05-10 11:02:07,c2311-C-2880,c2311-C-2880,4.5,0.0,0.0,0.0,1,3.5,24.5,1,6.0,4.5,4.5,4.5,20.0,900.0,282
2023-05-10 11:05:22,c2311-C-2880,c2311-C-2880,4.5,0.0,0.0,0.0,1,3.5,5.5,1,6.0,4.5,4.5,4.5,20.0,900.0,282
2023-05-10 11:29:34,c2311-C-2880,c2311-C-2880,4.5,0.0,0.0,0.0,1,3.5,11.5,1,6.0,4.5,4.5,4.5,20.0,900.0,282
2023-05-10 13:58:19,c2311-C-2880,c2311-C-2880,4.5,0.0,0.0,0.0,3,4.0,11.5,1,6.0,4.5,4.5,4.5,20.0,900.0,282
2023-05-10 13:58:20,c2311-C-2880,c2311-C-2880,4.5,0.0,0.0,0.0,1,4.0,11.5,1,6.0,4.5,4.5,4.5,20.0,900.0,282
2023-05-10 14:02:16,c2311-C-2880,c2311-C-2880,4.5,0.0,0.0,0.0,1,4.0,6.0,10,6.0,4.5,4.5,4.5,20.0,900.0,282
2023-05-10 14:02:17,c2311-C-2880,c2311-C-2880,4.5,0.0,0.0,0.0,11,4.0,6.0,20,6.0,4.5,4.5,4.5,20.0,900.0,282
2023-05-10 14:02:17,c2311-C-2880,c2311-C-2880,4.5,0.0,0.0,0.0,11,4.0,5.5,1,6.0,4.5,4.5,4.5,20.0,900.0,282
2023-05-10 14:02:24,c2311-C-2880,c2311-C-2880,4.5,0.0,0.0,0.0,21,4.0,5.5,1,6.0,4.5,4.5,4.5,20.0,900.0,282
2023-05-10 14:02:25,c2311-C-2880,c2311-C-2880,4.5,0.0,0.0,0.0,31,4.0,5.5,1,6.0,4.5,4.5,4.5,20.0,900.0,282
2023-05-10 14:02:27,c2311-C-2880,c2311-C-2880,4.5,0.0,0.0,0.0,41,4.0,5.5,1,6.0,4.5,4.5,4.5,20.0,900.0,282
2023-05-10 14:02:29,c2311-C-2880,c2311-C-2880,4.5,0.0,0.0,0.0,31,4.0,5.5,1,6.0,4.5,4.5,4.5,20.0,900.0,282
2023-05-10 14:02:35,c2311-C-2880,c2311-C-2880,4.5,0.0,0.0,0.0,21,4.0,5.5,1,6.0,4.5,4.5,4.5,20.0,900.0,282
2023-05-10 14:02:36,c2311-C-2880,c2311-C-2880,4.5,0.0,0.0,0.0,11,4.0,5.5,1,6.0,4.5,4.5,4.5,20.0,900.0,282
2023-05-10 14:02:38,c2311-C-2880,c2311-C-2880,4.5,0.0,0.0,0.0,1,4.0,5.5,1,6.0,4.5,4.5,4.5,20.0,900.0,282
2023-05-10 14:59:18,c2311-C-2880,c2311-C-2880,4.5,0.0,0.0,0.0,1,4.0,11.5,1,6.0,4.5,4.5,4.5,20.0,900.0,282
2023-05-10 15:01:15,c2311-C-2880,c2311-C-2880,4.5,0.0,0.0,0.0,1,4.0,11.5,1,6.0,4.5,4.5,4.5,20.0,900.0,282
