time,symbol_id,symbol_name,last,trade_volume,trade_amount,open_interest_change,bv1,bp1,ap1,av1,yesterday_close,today_open,today_high,today_low,volume,amount,open_interest
2023-05-09 21:00:22,c2311-C-2360,玉米2311购2360,193.5,0.0,0.0,0.0,1,43.0,0.0,0,193.5,0.0,0.0,0.0,0.0,0.0,1
2023-05-09 21:00:25,c2311-C-2360,玉米2311购2360,193.5,0.0,0.0,0.0,1,54.5,0.0,0,193.5,0.0,0.0,0.0,0.0,0.0,1
2023-05-09 21:00:32,c2311-C-2360,玉米2311购2360,193.5,0.0,0.0,0.0,1,55.0,0.0,0,193.5,0.0,0.0,0.0,0.0,0.0,1
2023-05-09 21:01:15,c2311-C-2360,玉米2311购2360,193.5,0.0,0.0,0.0,1,55.5,0.0,0,193.5,0.0,0.0,0.0,0.0,0.0,1
2023-05-09 21:01:20,c2311-C-2360,玉米2311购2360,193.5,0.0,0.0,0.0,1,57.0,343.0,1,193.5,0.0,0.0,0.0,0.0,0.0,1
2023-05-09 21:02:54,c2311-C-2360,玉米2311购2360,193.5,0.0,0.0,0.0,1,57.5,343.0,1,193.5,0.0,0.0,0.0,0.0,0.0,1
2023-05-09 21:02:55,c2311-C-2360,玉米2311购2360,193.5,0.0,0.0,0.0,1,59.0,343.0,1,193.5,0.0,0.0,0.0,0.0,0.0,1
2023-05-09 21:06:39,c2311-C-2360,玉米2311购2360,193.5,0.0,0.0,0.0,1,59.5,343.0,1,193.5,0.0,0.0,0.0,0.0,0.0,1
2023-05-09 21:06:39,c2311-C-2360,玉米2311购2360,193.5,0.0,0.0,0.0,1,61.0,343.0,1,193.5,0.0,0.0,0.0,0.0,0.0,1
2023-05-09 21:07:55,c2311-C-2360,玉米2311购2360,193.5,0.0,0.0,0.0,1,61.5,343.0,1,193.5,0.0,0.0,0.0,0.0,0.0,1
2023-05-09 21:07:55,c2311-C-2360,玉米2311购2360,193.5,0.0,0.0,0.0,1,63.0,343.0,1,193.5,0.0,0.0,0.0,0.0,0.0,1
2023-05-09 21:07:56,c2311-C-2360,玉米2311购2360,193.5,0.0,0.0,0.0,1,63.5,343.0,1,193.5,0.0,0.0,0.0,0.0,0.0,1
2023-05-09 21:07:56,c2311-C-2360,玉米2311购2360,193.5,0.0,0.0,0.0,1,65.0,343.0,1,193.5,0.0,0.0,0.0,0.0,0.0,1
2023-05-09 21:07:57,c2311-C-2360,玉米2311购2360,193.5,0.0,0.0,0.0,2,65.5,343.0,1,193.5,0.0,0.0,0.0,0.0,0.0,1
2023-05-09 21:07:57,c2311-C-2360,玉米2311购2360,193.5,0.0,0.0,0.0,1,67.0,343.0,1,193.5,0.0,0.0,0.0,0.0,0.0,1
2023-05-09 21:07:58,c2311-C-2360,玉米2311购2360,193.5,0.0,0.0,0.0,1,67.5,343.0,1,193.5,0.0,0.0,0.0,0.0,0.0,1
2023-05-09 21:07:58,c2311-C-2360,玉米2311购2360,193.5,0.0,0.0,0.0,1,69.0,343.0,1,193.5,0.0,0.0,0.0,0.0,0.0,1
2023-05-09 21:07:59,c2311-C-2360,玉米2311购2360,193.5,0.0,0.0,0.0,1,69.5,343.0,1,193.5,0.0,0.0,0.0,0.0,0.0,1
2023-05-09 21:07:59,c2311-C-2360,玉米2311购2360,193.5,0.0,0.0,0.0,1,71.0,343.0,1,193.5,0.0,0.0,0.0,0.0,0.0,1
2023-05-09 21:08:00,c2311-C-2360,玉米2311购2360,193.5,0.0,0.0,0.0,1,71.5,343.0,1,193.5,0.0,0.0,0.0,0.0,0.0,1
2023-05-09 21:08:00,c2311-C-2360,玉米2311购2360,193.5,0.0,0.0,0.0,1,73.0,343.0,1,193.5,0.0,0.0,0.0,0.0,0.0,1
2023-05-09 21:08:01,c2311-C-2360,玉米2311购2360,193.5,0.0,0.0,0.0,1,73.5,343.0,1,193.5,0.0,0.0,0.0,0.0,0.0,1
2023-05-09 21:08:02,c2311-C-2360,玉米2311购2360,193.5,0.0,0.0,0.0,1,75.0,343.0,1,193.5,0.0,0.0,0.0,0.0,0.0,1
2023-05-09 21:08:03,c2311-C-2360,玉米2311购2360,193.5,0.0,0.0,0.0,1,75.5,343.0,1,193.5,0.0,0.0,0.0,0.0,0.0,1
2023-05-09 21:08:03,c2311-C-2360,玉米2311购2360,193.5,0.0,0.0,0.0,1,77.0,343.0,1,193.5,0.0,0.0,0.0,0.0,0.0,1
2023-05-09 21:08:04,c2311-C-2360,玉米2311购2360,193.5,0.0,0.0,0.0,1,77.5,343.0,1,193.5,0.0,0.0,0.0,0.0,0.0,1
2023-05-09 21:08:05,c2311-C-2360,玉米2311购2360,193.5,0.0,0.0,0.0,1,79.0,343.0,1,193.5,0.0,0.0,0.0,0.0,0.0,1
2023-05-09 21:08:06,c2311-C-2360,玉米2311购2360,193.5,0.0,0.0,0.0,1,79.5,343.0,1,193.5,0.0,0.0,0.0,0.0,0.0,1
2023-05-09 21:08:06,c2311-C-2360,玉米2311购2360,193.5,0.0,0.0,0.0,1,81.0,343.0,1,193.5,0.0,0.0,0.0,0.0,0.0,1
2023-05-09 21:21:16,c2311-C-2360,玉米2311购2360,193.5,0.0,0.0,0.0,1,81.5,343.0,1,193.5,0.0,0.0,0.0,0.0,0.0,1
2023-05-09 21:21:17,c2311-C-2360,玉米2311购2360,193.5,0.0,0.0,0.0,1,83.0,343.0,1,193.5,0.0,0.0,0.0,0.0,0.0,1
2023-05-09 21:37:59,c2311-C-2360,玉米2311购2360,193.5,0.0,0.0,0.0,1,83.5,343.0,1,193.5,0.0,0.0,0.0,0.0,0.0,1
2023-05-09 21:37:59,c2311-C-2360,玉米2311购2360,193.5,0.0,0.0,0.0,1,85.0,343.0,1,193.5,0.0,0.0,0.0,0.0,0.0,1
2023-05-09 22:08:04,c2311-C-2360,玉米2311购2360,193.5,0.0,0.0,0.0,1,85.5,343.0,1,193.5,0.0,0.0,0.0,0.0,0.0,1
2023-05-09 22:08:05,c2311-C-2360,玉米2311购2360,193.5,0.0,0.0,0.0,1,87.0,343.0,1,193.5,0.0,0.0,0.0,0.0,0.0,1
2023-05-09 22:39:51,c2311-C-2360,玉米2311购2360,193.5,0.0,0.0,0.0,1,87.5,343.0,1,193.5,0.0,0.0,0.0,0.0,0.0,1
2023-05-09 22:39:51,c2311-C-2360,玉米2311购2360,193.5,0.0,0.0,0.0,1,89.0,343.0,1,193.5,0.0,0.0,0.0,0.0,0.0,1
2023-05-09 22:59:48,c2311-C-2360,玉米2311购2360,193.5,0.0,0.0,0.0,1,89.0,0.0,0,193.5,0.0,0.0,0.0,0.0,0.0,1
2023-05-09 22:59:48,c2311-C-2360,玉米2311购2360,193.5,0.0,0.0,0.0,0,0.0,0.0,0,193.5,0.0,0.0,0.0,0.0,0.0,1
2023-05-10 09:00:46,c2311-C-2360,玉米2311购2360,193.5,0.0,0.0,0.0,1,43.0,0.0,0,193.5,0.0,0.0,0.0,0.0,0.0,1
2023-05-10 09:00:47,c2311-C-2360,玉米2311购2360,193.5,0.0,0.0,0.0,1,43.5,0.0,0,193.5,0.0,0.0,0.0,0.0,0.0,1
2023-05-10 09:00:48,c2311-C-2360,玉米2311购2360,193.5,0.0,0.0,0.0,1,44.0,0.0,0,193.5,0.0,0.0,0.0,0.0,0.0,1
2023-05-10 09:01:59,c2311-C-2360,玉米2311购2360,193.5,0.0,0.0,0.0,1,45.5,343.0,1,193.5,0.0,0.0,0.0,0.0,0.0,1
2023-05-10 09:02:00,c2311-C-2360,玉米2311购2360,193.5,0.0,0.0,0.0,1,46.0,343.0,1,193.5,0.0,0.0,0.0,0.0,0.0,1
2023-05-10 09:02:00,c2311-C-2360,玉米2311购2360,193.5,0.0,0.0,0.0,1,47.5,343.0,1,193.5,0.0,0.0,0.0,0.0,0.0,1
2023-05-10 09:02:02,c2311-C-2360,玉米2311购2360,193.5,0.0,0.0,0.0,1,48.0,343.0,1,193.5,0.0,0.0,0.0,0.0,0.0,1
2023-05-10 09:02:10,c2311-C-2360,玉米2311购2360,193.5,0.0,0.0,0.0,1,49.5,343.0,1,193.5,0.0,0.0,0.0,0.0,0.0,1
2023-05-10 09:02:10,c2311-C-2360,玉米2311购2360,193.5,0.0,0.0,0.0,1,50.0,343.0,1,193.5,0.0,0.0,0.0,0.0,0.0,1
2023-05-10 09:02:11,c2311-C-2360,玉米2311购2360,193.5,0.0,0.0,0.0,1,50.5,343.0,1,193.5,0.0,0.0,0.0,0.0,0.0,1
2023-05-10 09:02:12,c2311-C-2360,玉米2311购2360,193.5,0.0,0.0,0.0,1,51.0,343.0,1,193.5,0.0,0.0,0.0,0.0,0.0,1
2023-05-10 09:02:12,c2311-C-2360,玉米2311购2360,193.5,0.0,0.0,0.0,1,52.5,343.0,1,193.5,0.0,0.0,0.0,0.0,0.0,1
2023-05-10 09:03:21,c2311-C-2360,玉米2311购2360,193.5,0.0,0.0,0.0,1,53.0,343.0,1,193.5,0.0,0.0,0.0,0.0,0.0,1
2023-05-10 09:03:22,c2311-C-2360,玉米2311购2360,193.5,0.0,0.0,0.0,1,54.5,343.0,1,193.5,0.0,0.0,0.0,0.0,0.0,1
2023-05-10 09:03:24,c2311-C-2360,玉米2311购2360,193.5,0.0,0.0,0.0,1,55.0,343.0,1,193.5,0.0,0.0,0.0,0.0,0.0,1
2023-05-10 09:03:27,c2311-C-2360,玉米2311购2360,193.5,0.0,0.0,0.0,1,56.5,343.0,1,193.5,0.0,0.0,0.0,0.0,0.0,1
2023-05-10 09:03:28,c2311-C-2360,玉米2311购2360,193.5,0.0,0.0,0.0,1,57.0,343.0,1,193.5,0.0,0.0,0.0,0.0,0.0,1
2023-05-10 09:03:28,c2311-C-2360,玉米2311购2360,193.5,0.0,0.0,0.0,1,58.5,343.0,1,193.5,0.0,0.0,0.0,0.0,0.0,1
2023-05-10 09:03:29,c2311-C-2360,玉米2311购2360,193.5,0.0,0.0,0.0,1,59.0,343.0,1,193.5,0.0,0.0,0.0,0.0,0.0,1
2023-05-10 09:03:29,c2311-C-2360,玉米2311购2360,193.5,0.0,0.0,0.0,1,60.5,343.0,1,193.5,0.0,0.0,0.0,0.0,0.0,1
2023-05-10 09:17:56,c2311-C-2360,玉米2311购2360,193.5,0.0,0.0,0.0,1,60.5,166.0,20,193.5,0.0,0.0,0.0,0.0,0.0,1
2023-05-10 09:17:57,c2311-C-2360,玉米2311购2360,193.5,0.0,0.0,0.0,1,60.5,0.0,0,193.5,0.0,0.0,0.0,0.0,0.0,1
2023-05-10 09:17:58,c2311-C-2360,玉米2311购2360,193.5,0.0,0.0,0.0,1,60.5,343.0,1,193.5,0.0,0.0,0.0,0.0,0.0,1
2023-05-10 09:32:19,c2311-C-2360,玉米2311购2360,193.5,0.0,0.0,0.0,1,61.0,343.0,1,193.5,0.0,0.0,0.0,0.0,0.0,1
2023-05-10 09:32:19,c2311-C-2360,玉米2311购2360,193.5,0.0,0.0,0.0,1,62.5,343.0,1,193.5,0.0,0.0,0.0,0.0,0.0,1
2023-05-10 10:03:00,c2311-C-2360,玉米2311购2360,193.5,0.0,0.0,0.0,1,63.0,343.0,1,193.5,0.0,0.0,0.0,0.0,0.0,1
2023-05-10 10:03:00,c2311-C-2360,玉米2311购2360,193.5,0.0,0.0,0.0,1,64.5,343.0,1,193.5,0.0,0.0,0.0,0.0,0.0,1
2023-05-10 10:14:59,c2311-C-2360,玉米2311购2360,193.5,0.0,0.0,0.0,1,63.0,343.0,1,193.5,0.0,0.0,0.0,0.0,0.0,1
2023-05-10 10:14:59,c2311-C-2360,玉米2311购2360,193.5,0.0,0.0,0.0,1,63.0,0.0,0,193.5,0.0,0.0,0.0,0.0,0.0,1
2023-05-10 10:31:59,c2311-C-2360,玉米2311购2360,193.5,0.0,0.0,0.0,1,64.5,343.0,1,193.5,0.0,0.0,0.0,0.0,0.0,1
2023-05-10 10:44:11,c2311-C-2360,玉米2311购2360,193.5,0.0,0.0,0.0,1,65.0,343.0,1,193.5,0.0,0.0,0.0,0.0,0.0,1
2023-05-10 10:44:12,c2311-C-2360,玉米2311购2360,193.5,0.0,0.0,0.0,1,66.5,343.0,1,193.5,0.0,0.0,0.0,0.0,0.0,1
2023-05-10 11:21:27,c2311-C-2360,玉米2311购2360,193.5,0.0,0.0,0.0,1,67.0,343.0,1,193.5,0.0,0.0,0.0,0.0,0.0,1
2023-05-10 11:21:27,c2311-C-2360,玉米2311购2360,193.5,0.0,0.0,0.0,1,68.5,343.0,1,193.5,0.0,0.0,0.0,0.0,0.0,1
2023-05-10 11:29:45,c2311-C-2360,玉米2311购2360,193.5,0.0,0.0,0.0,1,67.0,0.0,0,193.5,0.0,0.0,0.0,0.0,0.0,1
2023-05-10 13:31:59,c2311-C-2360,玉米2311购2360,193.5,0.0,0.0,0.0,1,68.5,343.0,1,193.5,0.0,0.0,0.0,0.0,0.0,1
2023-05-10 13:44:12,c2311-C-2360,玉米2311购2360,193.5,0.0,0.0,0.0,1,69.0,343.0,1,193.5,0.0,0.0,0.0,0.0,0.0,1
2023-05-10 13:44:13,c2311-C-2360,玉米2311购2360,193.5,0.0,0.0,0.0,1,70.5,343.0,1,193.5,0.0,0.0,0.0,0.0,0.0,1
2023-05-10 14:18:51,c2311-C-2360,玉米2311购2360,193.5,0.0,0.0,0.0,1,71.0,343.0,1,193.5,0.0,0.0,0.0,0.0,0.0,1
2023-05-10 14:18:52,c2311-C-2360,玉米2311购2360,193.5,0.0,0.0,0.0,1,72.5,343.0,1,193.5,0.0,0.0,0.0,0.0,0.0,1
2023-05-10 14:49:27,c2311-C-2360,玉米2311购2360,193.5,0.0,0.0,0.0,1,73.0,343.0,1,193.5,0.0,0.0,0.0,0.0,0.0,1
2023-05-10 14:49:28,c2311-C-2360,玉米2311购2360,193.5,0.0,0.0,0.0,1,74.5,343.0,1,193.5,0.0,0.0,0.0,0.0,0.0,1
2023-05-10 14:59:44,c2311-C-2360,玉米2311购2360,193.5,0.0,0.0,0.0,1,73.0,0.0,0,193.5,0.0,0.0,0.0,0.0,0.0,1
2023-05-10 15:01:15,c2311-C-2360,玉米2311购2360,193.5,0.0,0.0,0.0,1,73.0,0.0,0,193.5,0.0,0.0,0.0,0.0,0.0,1
