time,symbol_id,symbol_name,last,trade_volume,trade_amount,open_interest_change,bv1,bp1,ap1,av1,yesterday_close,today_open,today_high,today_low,volume,amount,open_interest
2023-05-09 21:00:49,c2311-P-2840,c2311-P-2840,314.0,0.0,0.0,0.0,10,187.0,0.0,0,314.0,0.0,0.0,0.0,0.0,0.0,0
2023-05-09 21:00:50,c2311-P-2840,c2311-P-2840,314.0,0.0,0.0,0.0,1,187.5,0.0,0,314.0,0.0,0.0,0.0,0.0,0.0,0
2023-05-09 21:00:50,c2311-P-2840,c2311-P-2840,314.0,0.0,0.0,0.0,10,188.0,0.0,0,314.0,0.0,0.0,0.0,0.0,0.0,0
2023-05-09 21:01:10,c2311-P-2840,c2311-P-2840,314.0,0.0,0.0,0.0,1,191.5,0.0,0,314.0,0.0,0.0,0.0,0.0,0.0,0
2023-05-09 21:01:10,c2311-P-2840,c2311-P-2840,314.0,0.0,0.0,0.0,10,192.0,0.0,0,314.0,0.0,0.0,0.0,0.0,0.0,0
2023-05-09 21:01:13,c2311-P-2840,c2311-P-2840,314.0,0.0,0.0,0.0,1,193.5,463.5,1,314.0,0.0,0.0,0.0,0.0,0.0,0
2023-05-09 21:01:14,c2311-P-2840,c2311-P-2840,314.0,0.0,0.0,0.0,10,194.0,463.0,10,314.0,0.0,0.0,0.0,0.0,0.0,0
2023-05-09 21:01:14,c2311-P-2840,c2311-P-2840,314.0,0.0,0.0,0.0,1,195.5,461.5,1,314.0,0.0,0.0,0.0,0.0,0.0,0
2023-05-09 21:01:15,c2311-P-2840,c2311-P-2840,314.0,0.0,0.0,0.0,10,196.0,461.0,10,314.0,0.0,0.0,0.0,0.0,0.0,0
2023-05-09 21:01:22,c2311-P-2840,c2311-P-2840,314.0,0.0,0.0,0.0,1,197.5,459.5,1,314.0,0.0,0.0,0.0,0.0,0.0,0
2023-05-09 21:01:22,c2311-P-2840,c2311-P-2840,314.0,0.0,0.0,0.0,10,198.0,459.0,10,314.0,0.0,0.0,0.0,0.0,0.0,0
2023-05-09 21:01:23,c2311-P-2840,c2311-P-2840,314.0,0.0,0.0,0.0,1,199.5,457.5,1,314.0,0.0,0.0,0.0,0.0,0.0,0
2023-05-09 21:01:23,c2311-P-2840,c2311-P-2840,314.0,0.0,0.0,0.0,10,200.0,457.0,10,314.0,0.0,0.0,0.0,0.0,0.0,0
2023-05-09 21:01:24,c2311-P-2840,c2311-P-2840,314.0,0.0,0.0,0.0,1,201.5,455.5,1,314.0,0.0,0.0,0.0,0.0,0.0,0
2023-05-09 21:01:24,c2311-P-2840,c2311-P-2840,314.0,0.0,0.0,0.0,10,202.0,455.0,10,314.0,0.0,0.0,0.0,0.0,0.0,0
2023-05-09 21:01:25,c2311-P-2840,c2311-P-2840,314.0,0.0,0.0,0.0,1,203.5,453.5,1,314.0,0.0,0.0,0.0,0.0,0.0,0
2023-05-09 21:01:25,c2311-P-2840,c2311-P-2840,314.0,0.0,0.0,0.0,10,204.0,453.0,10,314.0,0.0,0.0,0.0,0.0,0.0,0
2023-05-09 21:01:31,c2311-P-2840,c2311-P-2840,314.0,0.0,0.0,0.0,1,205.5,451.5,1,314.0,0.0,0.0,0.0,0.0,0.0,0
2023-05-09 21:01:31,c2311-P-2840,c2311-P-2840,314.0,0.0,0.0,0.0,10,206.0,451.0,10,314.0,0.0,0.0,0.0,0.0,0.0,0
2023-05-09 21:01:32,c2311-P-2840,c2311-P-2840,314.0,0.0,0.0,0.0,1,207.5,449.5,1,314.0,0.0,0.0,0.0,0.0,0.0,0
2023-05-09 21:01:32,c2311-P-2840,c2311-P-2840,314.0,0.0,0.0,0.0,10,208.0,449.0,10,314.0,0.0,0.0,0.0,0.0,0.0,0
2023-05-09 21:01:33,c2311-P-2840,c2311-P-2840,314.0,0.0,0.0,0.0,1,209.5,447.5,1,314.0,0.0,0.0,0.0,0.0,0.0,0
2023-05-09 21:01:34,c2311-P-2840,c2311-P-2840,314.0,0.0,0.0,0.0,10,210.0,447.0,10,314.0,0.0,0.0,0.0,0.0,0.0,0
2023-05-09 21:01:38,c2311-P-2840,c2311-P-2840,314.0,0.0,0.0,0.0,1,211.5,445.5,1,314.0,0.0,0.0,0.0,0.0,0.0,0
2023-05-09 21:01:39,c2311-P-2840,c2311-P-2840,314.0,0.0,0.0,0.0,10,212.0,445.0,10,314.0,0.0,0.0,0.0,0.0,0.0,0
2023-05-09 21:01:43,c2311-P-2840,c2311-P-2840,314.0,0.0,0.0,0.0,1,213.5,445.0,10,314.0,0.0,0.0,0.0,0.0,0.0,0
2023-05-09 21:01:44,c2311-P-2840,c2311-P-2840,314.0,0.0,0.0,0.0,10,214.0,445.0,10,314.0,0.0,0.0,0.0,0.0,0.0,0
2023-05-09 21:01:44,c2311-P-2840,c2311-P-2840,314.0,0.0,0.0,0.0,1,215.5,443.5,1,314.0,0.0,0.0,0.0,0.0,0.0,0
2023-05-09 21:01:44,c2311-P-2840,c2311-P-2840,314.0,0.0,0.0,0.0,10,216.0,443.0,10,314.0,0.0,0.0,0.0,0.0,0.0,0
2023-05-09 21:01:51,c2311-P-2840,c2311-P-2840,314.0,0.0,0.0,0.0,1,217.5,443.0,10,314.0,0.0,0.0,0.0,0.0,0.0,0
2023-05-09 21:01:52,c2311-P-2840,c2311-P-2840,314.0,0.0,0.0,0.0,10,218.0,443.0,10,314.0,0.0,0.0,0.0,0.0,0.0,0
2023-05-09 21:01:58,c2311-P-2840,c2311-P-2840,314.0,0.0,0.0,0.0,1,219.5,441.5,1,314.0,0.0,0.0,0.0,0.0,0.0,0
2023-05-09 21:01:58,c2311-P-2840,c2311-P-2840,314.0,0.0,0.0,0.0,10,220.0,441.0,10,314.0,0.0,0.0,0.0,0.0,0.0,0
2023-05-09 21:01:59,c2311-P-2840,c2311-P-2840,314.0,0.0,0.0,0.0,1,221.5,439.5,1,314.0,0.0,0.0,0.0,0.0,0.0,0
2023-05-09 21:01:59,c2311-P-2840,c2311-P-2840,314.0,0.0,0.0,0.0,10,222.0,439.0,10,314.0,0.0,0.0,0.0,0.0,0.0,0
2023-05-09 21:02:00,c2311-P-2840,c2311-P-2840,314.0,0.0,0.0,0.0,1,223.5,437.5,1,314.0,0.0,0.0,0.0,0.0,0.0,0
2023-05-09 21:02:00,c2311-P-2840,c2311-P-2840,314.0,0.0,0.0,0.0,10,224.0,437.0,10,314.0,0.0,0.0,0.0,0.0,0.0,0
2023-05-09 21:02:03,c2311-P-2840,c2311-P-2840,314.0,0.0,0.0,0.0,1,225.5,435.5,1,314.0,0.0,0.0,0.0,0.0,0.0,0
2023-05-09 21:02:03,c2311-P-2840,c2311-P-2840,314.0,0.0,0.0,0.0,10,226.0,435.0,10,314.0,0.0,0.0,0.0,0.0,0.0,0
2023-05-09 21:02:15,c2311-P-2840,c2311-P-2840,314.0,0.0,0.0,0.0,1,227.5,433.5,1,314.0,0.0,0.0,0.0,0.0,0.0,0
2023-05-09 21:02:15,c2311-P-2840,c2311-P-2840,314.0,0.0,0.0,0.0,10,228.0,433.0,10,314.0,0.0,0.0,0.0,0.0,0.0,0
2023-05-09 21:02:22,c2311-P-2840,c2311-P-2840,314.0,0.0,0.0,0.0,1,229.5,431.5,1,314.0,0.0,0.0,0.0,0.0,0.0,0
2023-05-09 21:02:23,c2311-P-2840,c2311-P-2840,314.0,0.0,0.0,0.0,10,230.0,431.0,10,314.0,0.0,0.0,0.0,0.0,0.0,0
2023-05-09 21:02:29,c2311-P-2840,c2311-P-2840,314.0,0.0,0.0,0.0,1,231.5,431.0,10,314.0,0.0,0.0,0.0,0.0,0.0,0
2023-05-09 21:02:30,c2311-P-2840,c2311-P-2840,314.0,0.0,0.0,0.0,10,232.5,429.5,1,314.0,0.0,0.0,0.0,0.0,0.0,0
2023-05-09 21:02:30,c2311-P-2840,c2311-P-2840,314.0,0.0,0.0,0.0,10,232.5,429.0,10,314.0,0.0,0.0,0.0,0.0,0.0,0
2023-05-09 21:02:31,c2311-P-2840,c2311-P-2840,314.0,0.0,0.0,0.0,1,234.0,427.5,1,314.0,0.0,0.0,0.0,0.0,0.0,0
2023-05-09 21:02:31,c2311-P-2840,c2311-P-2840,314.0,0.0,0.0,0.0,10,234.5,427.0,10,314.0,0.0,0.0,0.0,0.0,0.0,0
2023-05-09 21:02:32,c2311-P-2840,c2311-P-2840,314.0,0.0,0.0,0.0,1,236.0,425.5,1,314.0,0.0,0.0,0.0,0.0,0.0,0
2023-05-09 21:02:32,c2311-P-2840,c2311-P-2840,314.0,0.0,0.0,0.0,10,236.5,425.0,10,314.0,0.0,0.0,0.0,0.0,0.0,0
2023-05-09 21:02:40,c2311-P-2840,c2311-P-2840,314.0,0.0,0.0,0.0,1,238.0,425.0,10,314.0,0.0,0.0,0.0,0.0,0.0,0
2023-05-09 21:02:40,c2311-P-2840,c2311-P-2840,314.0,0.0,0.0,0.0,10,238.5,425.0,10,314.0,0.0,0.0,0.0,0.0,0.0,0
2023-05-09 21:02:45,c2311-P-2840,c2311-P-2840,314.0,0.0,0.0,0.0,1,240.0,423.5,1,314.0,0.0,0.0,0.0,0.0,0.0,0
2023-05-09 21:02:45,c2311-P-2840,c2311-P-2840,314.0,0.0,0.0,0.0,10,240.5,423.0,10,314.0,0.0,0.0,0.0,0.0,0.0,0
2023-05-09 21:02:52,c2311-P-2840,c2311-P-2840,314.0,0.0,0.0,0.0,1,242.0,421.5,1,314.0,0.0,0.0,0.0,0.0,0.0,0
2023-05-09 21:02:52,c2311-P-2840,c2311-P-2840,314.0,0.0,0.0,0.0,10,242.5,421.0,10,314.0,0.0,0.0,0.0,0.0,0.0,0
2023-05-09 21:02:53,c2311-P-2840,c2311-P-2840,314.0,0.0,0.0,0.0,1,244.0,419.5,1,314.0,0.0,0.0,0.0,0.0,0.0,0
2023-05-09 21:02:53,c2311-P-2840,c2311-P-2840,314.0,0.0,0.0,0.0,10,244.5,419.0,10,314.0,0.0,0.0,0.0,0.0,0.0,0
2023-05-09 21:03:01,c2311-P-2840,c2311-P-2840,314.0,0.0,0.0,0.0,1,246.0,417.5,1,314.0,0.0,0.0,0.0,0.0,0.0,0
2023-05-09 21:03:01,c2311-P-2840,c2311-P-2840,314.0,0.0,0.0,0.0,10,246.5,417.0,10,314.0,0.0,0.0,0.0,0.0,0.0,0
2023-05-09 21:03:02,c2311-P-2840,c2311-P-2840,314.0,0.0,0.0,0.0,1,248.0,415.5,1,314.0,0.0,0.0,0.0,0.0,0.0,0
2023-05-09 21:03:03,c2311-P-2840,c2311-P-2840,314.0,0.0,0.0,0.0,10,248.5,415.0,10,314.0,0.0,0.0,0.0,0.0,0.0,0
2023-05-09 21:03:11,c2311-P-2840,c2311-P-2840,314.0,0.0,0.0,0.0,1,250.0,413.5,1,314.0,0.0,0.0,0.0,0.0,0.0,0
2023-05-09 21:03:11,c2311-P-2840,c2311-P-2840,314.0,0.0,0.0,0.0,10,250.5,413.0,10,314.0,0.0,0.0,0.0,0.0,0.0,0
2023-05-09 21:03:12,c2311-P-2840,c2311-P-2840,314.0,0.0,0.0,0.0,1,252.0,411.5,1,314.0,0.0,0.0,0.0,0.0,0.0,0
2023-05-09 21:03:12,c2311-P-2840,c2311-P-2840,314.0,0.0,0.0,0.0,10,252.5,411.0,10,314.0,0.0,0.0,0.0,0.0,0.0,0
2023-05-09 21:03:22,c2311-P-2840,c2311-P-2840,314.0,0.0,0.0,0.0,1,254.0,409.5,1,314.0,0.0,0.0,0.0,0.0,0.0,0
2023-05-09 21:03:22,c2311-P-2840,c2311-P-2840,314.0,0.0,0.0,0.0,10,254.5,409.0,10,314.0,0.0,0.0,0.0,0.0,0.0,0
2023-05-09 21:03:24,c2311-P-2840,c2311-P-2840,314.0,0.0,0.0,0.0,1,256.0,407.5,1,314.0,0.0,0.0,0.0,0.0,0.0,0
2023-05-09 21:03:25,c2311-P-2840,c2311-P-2840,314.0,0.0,0.0,0.0,10,256.5,407.0,10,314.0,0.0,0.0,0.0,0.0,0.0,0
2023-05-09 21:03:33,c2311-P-2840,c2311-P-2840,314.0,0.0,0.0,0.0,1,258.0,405.5,1,314.0,0.0,0.0,0.0,0.0,0.0,0
2023-05-09 21:03:33,c2311-P-2840,c2311-P-2840,314.0,0.0,0.0,0.0,10,258.5,405.0,10,314.0,0.0,0.0,0.0,0.0,0.0,0
2023-05-09 21:03:37,c2311-P-2840,c2311-P-2840,314.0,0.0,0.0,0.0,1,260.0,405.0,10,314.0,0.0,0.0,0.0,0.0,0.0,0
2023-05-09 21:03:38,c2311-P-2840,c2311-P-2840,314.0,0.0,0.0,0.0,10,260.5,405.0,10,314.0,0.0,0.0,0.0,0.0,0.0,0
2023-05-09 21:03:38,c2311-P-2840,c2311-P-2840,314.0,0.0,0.0,0.0,1,262.0,403.5,1,314.0,0.0,0.0,0.0,0.0,0.0,0
2023-05-09 21:03:39,c2311-P-2840,c2311-P-2840,314.0,0.0,0.0,0.0,10,262.5,403.0,10,314.0,0.0,0.0,0.0,0.0,0.0,0
2023-05-09 21:03:39,c2311-P-2840,c2311-P-2840,314.0,0.0,0.0,0.0,1,264.0,401.5,1,314.0,0.0,0.0,0.0,0.0,0.0,0
2023-05-09 21:03:39,c2311-P-2840,c2311-P-2840,314.0,0.0,0.0,0.0,10,264.5,401.0,10,314.0,0.0,0.0,0.0,0.0,0.0,0
2023-05-09 21:03:45,c2311-P-2840,c2311-P-2840,314.0,0.0,0.0,0.0,1,266.0,399.5,1,314.0,0.0,0.0,0.0,0.0,0.0,0
2023-05-09 21:03:46,c2311-P-2840,c2311-P-2840,314.0,0.0,0.0,0.0,10,266.5,399.0,10,314.0,0.0,0.0,0.0,0.0,0.0,0
2023-05-09 21:03:57,c2311-P-2840,c2311-P-2840,314.0,0.0,0.0,0.0,1,268.0,397.5,1,314.0,0.0,0.0,0.0,0.0,0.0,0
2023-05-09 21:03:57,c2311-P-2840,c2311-P-2840,314.0,0.0,0.0,0.0,10,268.5,397.0,10,314.0,0.0,0.0,0.0,0.0,0.0,0
2023-05-09 21:03:58,c2311-P-2840,c2311-P-2840,314.0,0.0,0.0,0.0,1,270.0,395.5,1,314.0,0.0,0.0,0.0,0.0,0.0,0
2023-05-09 21:03:58,c2311-P-2840,c2311-P-2840,314.0,0.0,0.0,0.0,10,270.5,395.0,10,314.0,0.0,0.0,0.0,0.0,0.0,0
2023-05-09 21:03:59,c2311-P-2840,c2311-P-2840,314.0,0.0,0.0,0.0,10,270.5,393.5,1,314.0,0.0,0.0,0.0,0.0,0.0,0
2023-05-09 21:03:59,c2311-P-2840,c2311-P-2840,314.0,0.0,0.0,0.0,10,270.5,393.0,10,314.0,0.0,0.0,0.0,0.0,0.0,0
2023-05-09 21:04:00,c2311-P-2840,c2311-P-2840,314.0,0.0,0.0,0.0,1,271.0,393.0,10,314.0,0.0,0.0,0.0,0.0,0.0,0
2023-05-09 21:04:00,c2311-P-2840,c2311-P-2840,314.0,0.0,0.0,0.0,10,271.5,393.0,10,314.0,0.0,0.0,0.0,0.0,0.0,0
2023-05-09 21:04:09,c2311-P-2840,c2311-P-2840,314.0,0.0,0.0,0.0,1,273.0,391.5,1,314.0,0.0,0.0,0.0,0.0,0.0,0
2023-05-09 21:04:09,c2311-P-2840,c2311-P-2840,314.0,0.0,0.0,0.0,11,273.5,391.0,10,314.0,0.0,0.0,0.0,0.0,0.0,0
2023-05-09 21:04:10,c2311-P-2840,c2311-P-2840,314.0,0.0,0.0,0.0,1,275.0,389.5,1,314.0,0.0,0.0,0.0,0.0,0.0,0
2023-05-09 21:04:10,c2311-P-2840,c2311-P-2840,314.0,0.0,0.0,0.0,10,275.5,389.0,10,314.0,0.0,0.0,0.0,0.0,0.0,0
2023-05-09 21:04:18,c2311-P-2840,c2311-P-2840,314.0,0.0,0.0,0.0,1,277.0,389.0,10,314.0,0.0,0.0,0.0,0.0,0.0,0
2023-05-09 21:04:19,c2311-P-2840,c2311-P-2840,314.0,0.0,0.0,0.0,10,277.5,387.5,1,314.0,0.0,0.0,0.0,0.0,0.0,0
2023-05-09 21:04:19,c2311-P-2840,c2311-P-2840,314.0,0.0,0.0,0.0,10,277.5,387.0,10,314.0,0.0,0.0,0.0,0.0,0.0,0
2023-05-09 21:04:22,c2311-P-2840,c2311-P-2840,314.0,0.0,0.0,0.0,1,279.0,385.5,1,314.0,0.0,0.0,0.0,0.0,0.0,0
2023-05-09 21:04:22,c2311-P-2840,c2311-P-2840,314.0,0.0,0.0,0.0,10,279.5,385.0,10,314.0,0.0,0.0,0.0,0.0,0.0,0
2023-05-09 21:04:29,c2311-P-2840,c2311-P-2840,314.0,0.0,0.0,0.0,1,281.0,383.5,1,314.0,0.0,0.0,0.0,0.0,0.0,0
2023-05-09 21:04:30,c2311-P-2840,c2311-P-2840,314.0,0.0,0.0,0.0,10,282.0,383.0,10,314.0,0.0,0.0,0.0,0.0,0.0,0
2023-05-09 21:04:34,c2311-P-2840,c2311-P-2840,314.0,0.0,0.0,0.0,1,283.5,381.5,1,314.0,0.0,0.0,0.0,0.0,0.0,0
2023-05-09 21:04:34,c2311-P-2840,c2311-P-2840,314.0,0.0,0.0,0.0,10,284.0,381.0,10,314.0,0.0,0.0,0.0,0.0,0.0,0
2023-05-09 21:04:35,c2311-P-2840,c2311-P-2840,314.0,0.0,0.0,0.0,1,285.5,379.5,1,314.0,0.0,0.0,0.0,0.0,0.0,0
2023-05-09 21:04:35,c2311-P-2840,c2311-P-2840,314.0,0.0,0.0,0.0,10,286.0,379.0,10,314.0,0.0,0.0,0.0,0.0,0.0,0
2023-05-09 21:04:41,c2311-P-2840,c2311-P-2840,314.0,0.0,0.0,0.0,1,287.5,377.5,1,314.0,0.0,0.0,0.0,0.0,0.0,0
2023-05-09 21:04:42,c2311-P-2840,c2311-P-2840,314.0,0.0,0.0,0.0,10,288.5,377.0,10,314.0,0.0,0.0,0.0,0.0,0.0,0
2023-05-09 21:04:47,c2311-P-2840,c2311-P-2840,314.0,0.0,0.0,0.0,1,290.0,377.0,10,314.0,0.0,0.0,0.0,0.0,0.0,0
2023-05-09 21:04:47,c2311-P-2840,c2311-P-2840,314.0,0.0,0.0,0.0,10,290.5,377.0,10,314.0,0.0,0.0,0.0,0.0,0.0,0
2023-05-09 21:04:49,c2311-P-2840,c2311-P-2840,314.0,0.0,0.0,0.0,1,292.0,377.0,10,314.0,0.0,0.0,0.0,0.0,0.0,0
2023-05-09 21:04:49,c2311-P-2840,c2311-P-2840,314.0,0.0,0.0,0.0,10,292.5,377.0,10,314.0,0.0,0.0,0.0,0.0,0.0,0
2023-05-09 21:27:57,c2311-P-2840,c2311-P-2840,314.0,0.0,0.0,0.0,1,288.0,0.0,0,314.0,0.0,0.0,0.0,0.0,0.0,0
2023-05-09 21:27:58,c2311-P-2840,c2311-P-2840,314.0,0.0,0.0,0.0,1,288.0,463.5,1,314.0,0.0,0.0,0.0,0.0,0.0,0
2023-05-09 21:29:28,c2311-P-2840,c2311-P-2840,314.0,0.0,0.0,0.0,10,288.5,463.0,10,314.0,0.0,0.0,0.0,0.0,0.0,0
2023-05-09 21:29:29,c2311-P-2840,c2311-P-2840,314.0,0.0,0.0,0.0,10,288.5,461.5,1,314.0,0.0,0.0,0.0,0.0,0.0,0
2023-05-09 21:29:29,c2311-P-2840,c2311-P-2840,314.0,0.0,0.0,0.0,10,288.5,461.0,10,314.0,0.0,0.0,0.0,0.0,0.0,0
2023-05-09 21:29:31,c2311-P-2840,c2311-P-2840,314.0,0.0,0.0,0.0,10,288.5,459.5,1,314.0,0.0,0.0,0.0,0.0,0.0,0
2023-05-09 21:29:31,c2311-P-2840,c2311-P-2840,314.0,0.0,0.0,0.0,10,288.5,459.0,10,314.0,0.0,0.0,0.0,0.0,0.0,0
2023-05-09 21:29:32,c2311-P-2840,c2311-P-2840,314.0,0.0,0.0,0.0,10,288.5,457.5,1,314.0,0.0,0.0,0.0,0.0,0.0,0
2023-05-09 21:29:32,c2311-P-2840,c2311-P-2840,314.0,0.0,0.0,0.0,10,288.5,457.0,10,314.0,0.0,0.0,0.0,0.0,0.0,0
2023-05-09 21:29:33,c2311-P-2840,c2311-P-2840,314.0,0.0,0.0,0.0,10,288.5,455.5,1,314.0,0.0,0.0,0.0,0.0,0.0,0
2023-05-09 21:29:33,c2311-P-2840,c2311-P-2840,314.0,0.0,0.0,0.0,10,288.5,455.0,10,314.0,0.0,0.0,0.0,0.0,0.0,0
2023-05-09 21:29:34,c2311-P-2840,c2311-P-2840,314.0,0.0,0.0,0.0,10,288.5,453.5,1,314.0,0.0,0.0,0.0,0.0,0.0,0
2023-05-09 21:29:34,c2311-P-2840,c2311-P-2840,314.0,0.0,0.0,0.0,10,288.5,453.0,10,314.0,0.0,0.0,0.0,0.0,0.0,0
2023-05-09 21:29:35,c2311-P-2840,c2311-P-2840,314.0,0.0,0.0,0.0,10,288.5,451.5,1,314.0,0.0,0.0,0.0,0.0,0.0,0
2023-05-09 21:29:35,c2311-P-2840,c2311-P-2840,314.0,0.0,0.0,0.0,10,288.5,451.0,10,314.0,0.0,0.0,0.0,0.0,0.0,0
2023-05-09 21:29:36,c2311-P-2840,c2311-P-2840,314.0,0.0,0.0,0.0,10,288.5,449.5,1,314.0,0.0,0.0,0.0,0.0,0.0,0
2023-05-09 21:29:36,c2311-P-2840,c2311-P-2840,314.0,0.0,0.0,0.0,10,288.5,449.0,10,314.0,0.0,0.0,0.0,0.0,0.0,0
2023-05-09 21:29:38,c2311-P-2840,c2311-P-2840,314.0,0.0,0.0,0.0,10,288.5,447.5,1,314.0,0.0,0.0,0.0,0.0,0.0,0
2023-05-09 21:29:38,c2311-P-2840,c2311-P-2840,314.0,0.0,0.0,0.0,10,288.5,447.0,10,314.0,0.0,0.0,0.0,0.0,0.0,0
2023-05-09 21:29:40,c2311-P-2840,c2311-P-2840,314.0,0.0,0.0,0.0,10,288.5,445.5,1,314.0,0.0,0.0,0.0,0.0,0.0,0
2023-05-09 21:29:40,c2311-P-2840,c2311-P-2840,314.0,0.0,0.0,0.0,10,288.5,445.0,10,314.0,0.0,0.0,0.0,0.0,0.0,0
2023-05-09 21:29:41,c2311-P-2840,c2311-P-2840,314.0,0.0,0.0,0.0,10,288.5,443.5,1,314.0,0.0,0.0,0.0,0.0,0.0,0
2023-05-09 21:29:41,c2311-P-2840,c2311-P-2840,314.0,0.0,0.0,0.0,10,288.5,443.0,10,314.0,0.0,0.0,0.0,0.0,0.0,0
2023-05-09 21:29:42,c2311-P-2840,c2311-P-2840,314.0,0.0,0.0,0.0,10,288.5,441.5,1,314.0,0.0,0.0,0.0,0.0,0.0,0
2023-05-09 21:29:42,c2311-P-2840,c2311-P-2840,314.0,0.0,0.0,0.0,10,288.5,441.0,10,314.0,0.0,0.0,0.0,0.0,0.0,0
2023-05-09 21:29:43,c2311-P-2840,c2311-P-2840,314.0,0.0,0.0,0.0,10,288.5,439.5,1,314.0,0.0,0.0,0.0,0.0,0.0,0
2023-05-09 21:29:43,c2311-P-2840,c2311-P-2840,314.0,0.0,0.0,0.0,10,288.5,439.0,10,314.0,0.0,0.0,0.0,0.0,0.0,0
2023-05-09 21:29:44,c2311-P-2840,c2311-P-2840,314.0,0.0,0.0,0.0,10,288.5,437.5,1,314.0,0.0,0.0,0.0,0.0,0.0,0
2023-05-09 21:29:44,c2311-P-2840,c2311-P-2840,314.0,0.0,0.0,0.0,10,288.5,437.0,10,314.0,0.0,0.0,0.0,0.0,0.0,0
2023-05-09 21:29:45,c2311-P-2840,c2311-P-2840,314.0,0.0,0.0,0.0,10,288.5,435.5,1,314.0,0.0,0.0,0.0,0.0,0.0,0
2023-05-09 21:29:45,c2311-P-2840,c2311-P-2840,314.0,0.0,0.0,0.0,10,288.5,435.0,10,314.0,0.0,0.0,0.0,0.0,0.0,0
2023-05-09 21:29:46,c2311-P-2840,c2311-P-2840,314.0,0.0,0.0,0.0,10,288.5,433.5,1,314.0,0.0,0.0,0.0,0.0,0.0,0
2023-05-09 21:29:46,c2311-P-2840,c2311-P-2840,314.0,0.0,0.0,0.0,10,288.5,433.0,10,314.0,0.0,0.0,0.0,0.0,0.0,0
2023-05-09 21:29:47,c2311-P-2840,c2311-P-2840,314.0,0.0,0.0,0.0,10,288.5,431.5,1,314.0,0.0,0.0,0.0,0.0,0.0,0
2023-05-09 21:29:47,c2311-P-2840,c2311-P-2840,314.0,0.0,0.0,0.0,10,288.5,431.0,10,314.0,0.0,0.0,0.0,0.0,0.0,0
2023-05-09 21:29:48,c2311-P-2840,c2311-P-2840,314.0,0.0,0.0,0.0,10,288.5,429.5,1,314.0,0.0,0.0,0.0,0.0,0.0,0
2023-05-09 21:29:48,c2311-P-2840,c2311-P-2840,314.0,0.0,0.0,0.0,10,288.5,429.0,10,314.0,0.0,0.0,0.0,0.0,0.0,0
2023-05-09 21:29:49,c2311-P-2840,c2311-P-2840,314.0,0.0,0.0,0.0,10,288.5,427.5,1,314.0,0.0,0.0,0.0,0.0,0.0,0
2023-05-09 21:29:49,c2311-P-2840,c2311-P-2840,314.0,0.0,0.0,0.0,10,288.5,427.0,10,314.0,0.0,0.0,0.0,0.0,0.0,0
2023-05-09 21:29:50,c2311-P-2840,c2311-P-2840,314.0,0.0,0.0,0.0,10,288.5,425.5,1,314.0,0.0,0.0,0.0,0.0,0.0,0
2023-05-09 21:29:50,c2311-P-2840,c2311-P-2840,314.0,0.0,0.0,0.0,10,288.5,425.0,10,314.0,0.0,0.0,0.0,0.0,0.0,0
2023-05-09 21:29:51,c2311-P-2840,c2311-P-2840,314.0,0.0,0.0,0.0,10,288.5,423.5,1,314.0,0.0,0.0,0.0,0.0,0.0,0
2023-05-09 21:29:51,c2311-P-2840,c2311-P-2840,314.0,0.0,0.0,0.0,10,288.5,423.0,10,314.0,0.0,0.0,0.0,0.0,0.0,0
2023-05-09 21:29:52,c2311-P-2840,c2311-P-2840,314.0,0.0,0.0,0.0,10,288.5,421.5,1,314.0,0.0,0.0,0.0,0.0,0.0,0
2023-05-09 21:29:52,c2311-P-2840,c2311-P-2840,314.0,0.0,0.0,0.0,10,288.5,421.0,10,314.0,0.0,0.0,0.0,0.0,0.0,0
2023-05-09 21:29:53,c2311-P-2840,c2311-P-2840,314.0,0.0,0.0,0.0,10,288.5,419.5,1,314.0,0.0,0.0,0.0,0.0,0.0,0
2023-05-09 21:29:53,c2311-P-2840,c2311-P-2840,314.0,0.0,0.0,0.0,10,288.5,419.0,10,314.0,0.0,0.0,0.0,0.0,0.0,0
2023-05-09 21:29:54,c2311-P-2840,c2311-P-2840,314.0,0.0,0.0,0.0,10,288.5,417.5,1,314.0,0.0,0.0,0.0,0.0,0.0,0
2023-05-09 21:29:54,c2311-P-2840,c2311-P-2840,314.0,0.0,0.0,0.0,10,288.5,417.0,10,314.0,0.0,0.0,0.0,0.0,0.0,0
2023-05-09 21:29:55,c2311-P-2840,c2311-P-2840,314.0,0.0,0.0,0.0,10,288.5,415.5,1,314.0,0.0,0.0,0.0,0.0,0.0,0
2023-05-09 21:29:55,c2311-P-2840,c2311-P-2840,314.0,0.0,0.0,0.0,10,288.5,415.0,10,314.0,0.0,0.0,0.0,0.0,0.0,0
2023-05-09 21:29:56,c2311-P-2840,c2311-P-2840,314.0,0.0,0.0,0.0,10,288.5,413.5,1,314.0,0.0,0.0,0.0,0.0,0.0,0
2023-05-09 21:29:56,c2311-P-2840,c2311-P-2840,314.0,0.0,0.0,0.0,10,288.5,413.0,10,314.0,0.0,0.0,0.0,0.0,0.0,0
2023-05-09 21:29:57,c2311-P-2840,c2311-P-2840,314.0,0.0,0.0,0.0,10,288.5,411.5,1,314.0,0.0,0.0,0.0,0.0,0.0,0
2023-05-09 21:29:57,c2311-P-2840,c2311-P-2840,314.0,0.0,0.0,0.0,10,288.5,411.0,10,314.0,0.0,0.0,0.0,0.0,0.0,0
2023-05-09 21:29:58,c2311-P-2840,c2311-P-2840,314.0,0.0,0.0,0.0,10,288.5,409.5,1,314.0,0.0,0.0,0.0,0.0,0.0,0
2023-05-09 21:29:58,c2311-P-2840,c2311-P-2840,314.0,0.0,0.0,0.0,10,288.5,409.0,10,314.0,0.0,0.0,0.0,0.0,0.0,0
2023-05-09 21:29:59,c2311-P-2840,c2311-P-2840,314.0,0.0,0.0,0.0,10,288.5,407.5,1,314.0,0.0,0.0,0.0,0.0,0.0,0
2023-05-09 21:29:59,c2311-P-2840,c2311-P-2840,314.0,0.0,0.0,0.0,10,288.5,407.0,10,314.0,0.0,0.0,0.0,0.0,0.0,0
2023-05-09 21:30:00,c2311-P-2840,c2311-P-2840,314.0,0.0,0.0,0.0,10,288.5,405.5,1,314.0,0.0,0.0,0.0,0.0,0.0,0
2023-05-09 21:30:00,c2311-P-2840,c2311-P-2840,314.0,0.0,0.0,0.0,10,288.5,405.0,10,314.0,0.0,0.0,0.0,0.0,0.0,0
2023-05-09 21:30:01,c2311-P-2840,c2311-P-2840,314.0,0.0,0.0,0.0,10,288.5,403.5,1,314.0,0.0,0.0,0.0,0.0,0.0,0
2023-05-09 21:30:01,c2311-P-2840,c2311-P-2840,314.0,0.0,0.0,0.0,10,288.5,403.0,10,314.0,0.0,0.0,0.0,0.0,0.0,0
2023-05-09 21:30:02,c2311-P-2840,c2311-P-2840,314.0,0.0,0.0,0.0,10,288.5,401.5,1,314.0,0.0,0.0,0.0,0.0,0.0,0
2023-05-09 21:30:02,c2311-P-2840,c2311-P-2840,314.0,0.0,0.0,0.0,10,288.5,401.0,10,314.0,0.0,0.0,0.0,0.0,0.0,0
2023-05-09 21:30:03,c2311-P-2840,c2311-P-2840,314.0,0.0,0.0,0.0,10,288.5,399.5,1,314.0,0.0,0.0,0.0,0.0,0.0,0
2023-05-09 21:30:03,c2311-P-2840,c2311-P-2840,314.0,0.0,0.0,0.0,10,288.5,399.0,10,314.0,0.0,0.0,0.0,0.0,0.0,0
2023-05-09 21:30:04,c2311-P-2840,c2311-P-2840,314.0,0.0,0.0,0.0,10,288.5,397.5,1,314.0,0.0,0.0,0.0,0.0,0.0,0
2023-05-09 21:30:04,c2311-P-2840,c2311-P-2840,314.0,0.0,0.0,0.0,10,288.5,397.0,10,314.0,0.0,0.0,0.0,0.0,0.0,0
2023-05-09 21:30:05,c2311-P-2840,c2311-P-2840,314.0,0.0,0.0,0.0,10,288.5,395.5,1,314.0,0.0,0.0,0.0,0.0,0.0,0
2023-05-09 21:30:05,c2311-P-2840,c2311-P-2840,314.0,0.0,0.0,0.0,10,288.5,395.0,10,314.0,0.0,0.0,0.0,0.0,0.0,0
2023-05-09 22:04:42,c2311-P-2840,c2311-P-2840,314.0,0.0,0.0,0.0,1,290.0,395.0,10,314.0,0.0,0.0,0.0,0.0,0.0,0
2023-05-09 22:04:42,c2311-P-2840,c2311-P-2840,314.0,0.0,0.0,0.0,10,290.5,395.0,10,314.0,0.0,0.0,0.0,0.0,0.0,0
2023-05-09 22:04:43,c2311-P-2840,c2311-P-2840,314.0,0.0,0.0,0.0,1,292.0,395.0,10,314.0,0.0,0.0,0.0,0.0,0.0,0
2023-05-09 22:04:43,c2311-P-2840,c2311-P-2840,314.0,0.0,0.0,0.0,10,292.5,395.0,10,314.0,0.0,0.0,0.0,0.0,0.0,0
2023-05-09 22:34:42,c2311-P-2840,c2311-P-2840,314.0,0.0,0.0,0.0,1,294.0,395.0,10,314.0,0.0,0.0,0.0,0.0,0.0,0
2023-05-09 22:34:42,c2311-P-2840,c2311-P-2840,314.0,0.0,0.0,0.0,10,294.5,395.0,10,314.0,0.0,0.0,0.0,0.0,0.0,0
2023-05-09 22:34:43,c2311-P-2840,c2311-P-2840,314.0,0.0,0.0,0.0,1,296.0,395.0,10,314.0,0.0,0.0,0.0,0.0,0.0,0
2023-05-09 22:34:43,c2311-P-2840,c2311-P-2840,314.0,0.0,0.0,0.0,10,296.5,395.0,10,314.0,0.0,0.0,0.0,0.0,0.0,0
2023-05-09 22:34:44,c2311-P-2840,c2311-P-2840,314.0,0.0,0.0,0.0,1,298.0,395.0,10,314.0,0.0,0.0,0.0,0.0,0.0,0
2023-05-09 22:34:44,c2311-P-2840,c2311-P-2840,314.0,0.0,0.0,0.0,10,298.5,395.0,10,314.0,0.0,0.0,0.0,0.0,0.0,0
2023-05-09 22:57:33,c2311-P-2840,c2311-P-2840,314.0,0.0,0.0,0.0,1,288.0,0.0,0,314.0,0.0,0.0,0.0,0.0,0.0,0
2023-05-09 22:57:36,c2311-P-2840,c2311-P-2840,314.0,0.0,0.0,0.0,1,289.5,463.5,1,314.0,0.0,0.0,0.0,0.0,0.0,0
2023-05-09 22:58:13,c2311-P-2840,c2311-P-2840,314.0,0.0,0.0,0.0,10,290.0,463.0,10,314.0,0.0,0.0,0.0,0.0,0.0,0
2023-05-09 22:58:14,c2311-P-2840,c2311-P-2840,314.0,0.0,0.0,0.0,1,291.5,461.5,1,314.0,0.0,0.0,0.0,0.0,0.0,0
2023-05-09 22:58:14,c2311-P-2840,c2311-P-2840,314.0,0.0,0.0,0.0,10,292.0,461.0,10,314.0,0.0,0.0,0.0,0.0,0.0,0
2023-05-09 22:58:17,c2311-P-2840,c2311-P-2840,314.0,0.0,0.0,0.0,1,293.5,459.5,1,314.0,0.0,0.0,0.0,0.0,0.0,0
2023-05-09 22:58:17,c2311-P-2840,c2311-P-2840,314.0,0.0,0.0,0.0,10,294.0,459.0,10,314.0,0.0,0.0,0.0,0.0,0.0,0
2023-05-09 22:58:18,c2311-P-2840,c2311-P-2840,314.0,0.0,0.0,0.0,1,295.5,457.5,1,314.0,0.0,0.0,0.0,0.0,0.0,0
2023-05-09 22:58:18,c2311-P-2840,c2311-P-2840,314.0,0.0,0.0,0.0,10,296.0,457.0,10,314.0,0.0,0.0,0.0,0.0,0.0,0
2023-05-09 22:58:19,c2311-P-2840,c2311-P-2840,314.0,0.0,0.0,0.0,1,297.5,455.5,1,314.0,0.0,0.0,0.0,0.0,0.0,0
2023-05-09 22:58:19,c2311-P-2840,c2311-P-2840,314.0,0.0,0.0,0.0,10,298.0,455.0,10,314.0,0.0,0.0,0.0,0.0,0.0,0
2023-05-09 22:58:21,c2311-P-2840,c2311-P-2840,314.0,0.0,0.0,0.0,1,299.5,453.5,1,314.0,0.0,0.0,0.0,0.0,0.0,0
2023-05-09 22:58:21,c2311-P-2840,c2311-P-2840,314.0,0.0,0.0,0.0,10,300.0,453.0,10,314.0,0.0,0.0,0.0,0.0,0.0,0
2023-05-09 22:58:33,c2311-P-2840,c2311-P-2840,314.0,0.0,0.0,0.0,1,301.5,451.5,1,314.0,0.0,0.0,0.0,0.0,0.0,0
2023-05-09 22:58:33,c2311-P-2840,c2311-P-2840,314.0,0.0,0.0,0.0,10,302.0,451.0,10,314.0,0.0,0.0,0.0,0.0,0.0,0
2023-05-09 22:58:34,c2311-P-2840,c2311-P-2840,314.0,0.0,0.0,0.0,10,302.0,449.5,1,314.0,0.0,0.0,0.0,0.0,0.0,0
2023-05-09 22:58:34,c2311-P-2840,c2311-P-2840,314.0,0.0,0.0,0.0,10,302.0,449.0,10,314.0,0.0,0.0,0.0,0.0,0.0,0
2023-05-09 22:58:35,c2311-P-2840,c2311-P-2840,314.0,0.0,0.0,0.0,10,302.0,447.5,1,314.0,0.0,0.0,0.0,0.0,0.0,0
2023-05-09 22:58:35,c2311-P-2840,c2311-P-2840,314.0,0.0,0.0,0.0,10,302.0,447.0,10,314.0,0.0,0.0,0.0,0.0,0.0,0
2023-05-09 22:58:39,c2311-P-2840,c2311-P-2840,314.0,0.0,0.0,0.0,10,302.0,445.5,1,314.0,0.0,0.0,0.0,0.0,0.0,0
2023-05-09 22:58:39,c2311-P-2840,c2311-P-2840,314.0,0.0,0.0,0.0,10,302.0,445.0,10,314.0,0.0,0.0,0.0,0.0,0.0,0
2023-05-09 22:58:46,c2311-P-2840,c2311-P-2840,314.0,0.0,0.0,0.0,10,302.0,443.5,1,314.0,0.0,0.0,0.0,0.0,0.0,0
2023-05-09 22:58:46,c2311-P-2840,c2311-P-2840,314.0,0.0,0.0,0.0,10,302.0,443.0,10,314.0,0.0,0.0,0.0,0.0,0.0,0
2023-05-09 22:58:48,c2311-P-2840,c2311-P-2840,314.0,0.0,0.0,0.0,10,302.0,441.5,1,314.0,0.0,0.0,0.0,0.0,0.0,0
2023-05-09 22:58:48,c2311-P-2840,c2311-P-2840,314.0,0.0,0.0,0.0,10,302.0,441.0,10,314.0,0.0,0.0,0.0,0.0,0.0,0
2023-05-09 22:58:50,c2311-P-2840,c2311-P-2840,314.0,0.0,0.0,0.0,10,302.0,439.5,1,314.0,0.0,0.0,0.0,0.0,0.0,0
2023-05-09 22:58:50,c2311-P-2840,c2311-P-2840,314.0,0.0,0.0,0.0,10,302.0,439.0,10,314.0,0.0,0.0,0.0,0.0,0.0,0
2023-05-09 22:58:51,c2311-P-2840,c2311-P-2840,314.0,0.0,0.0,0.0,10,302.0,437.5,1,314.0,0.0,0.0,0.0,0.0,0.0,0
2023-05-09 22:58:51,c2311-P-2840,c2311-P-2840,314.0,0.0,0.0,0.0,10,302.0,437.0,10,314.0,0.0,0.0,0.0,0.0,0.0,0
2023-05-09 22:59:01,c2311-P-2840,c2311-P-2840,314.0,0.0,0.0,0.0,10,302.0,435.5,1,314.0,0.0,0.0,0.0,0.0,0.0,0
2023-05-09 22:59:01,c2311-P-2840,c2311-P-2840,314.0,0.0,0.0,0.0,10,302.0,435.0,10,314.0,0.0,0.0,0.0,0.0,0.0,0
2023-05-09 22:59:05,c2311-P-2840,c2311-P-2840,314.0,0.0,0.0,0.0,10,302.0,433.5,1,314.0,0.0,0.0,0.0,0.0,0.0,0
2023-05-09 22:59:06,c2311-P-2840,c2311-P-2840,314.0,0.0,0.0,0.0,10,302.0,433.0,10,314.0,0.0,0.0,0.0,0.0,0.0,0
2023-05-09 22:59:15,c2311-P-2840,c2311-P-2840,314.0,0.0,0.0,0.0,10,302.0,431.5,1,314.0,0.0,0.0,0.0,0.0,0.0,0
2023-05-09 22:59:15,c2311-P-2840,c2311-P-2840,314.0,0.0,0.0,0.0,10,302.0,431.0,10,314.0,0.0,0.0,0.0,0.0,0.0,0
2023-05-09 22:59:16,c2311-P-2840,c2311-P-2840,314.0,0.0,0.0,0.0,10,302.0,429.5,1,314.0,0.0,0.0,0.0,0.0,0.0,0
2023-05-09 22:59:16,c2311-P-2840,c2311-P-2840,314.0,0.0,0.0,0.0,10,302.0,429.0,10,314.0,0.0,0.0,0.0,0.0,0.0,0
2023-05-09 22:59:17,c2311-P-2840,c2311-P-2840,314.0,0.0,0.0,0.0,10,302.0,427.5,1,314.0,0.0,0.0,0.0,0.0,0.0,0
2023-05-09 22:59:17,c2311-P-2840,c2311-P-2840,314.0,0.0,0.0,0.0,10,302.0,427.0,10,314.0,0.0,0.0,0.0,0.0,0.0,0
2023-05-09 22:59:18,c2311-P-2840,c2311-P-2840,314.0,0.0,0.0,0.0,10,302.0,425.5,1,314.0,0.0,0.0,0.0,0.0,0.0,0
2023-05-09 22:59:18,c2311-P-2840,c2311-P-2840,314.0,0.0,0.0,0.0,10,302.0,425.0,10,314.0,0.0,0.0,0.0,0.0,0.0,0
2023-05-09 22:59:27,c2311-P-2840,c2311-P-2840,314.0,0.0,0.0,0.0,10,302.0,423.5,1,314.0,0.0,0.0,0.0,0.0,0.0,0
2023-05-09 22:59:27,c2311-P-2840,c2311-P-2840,314.0,0.0,0.0,0.0,10,302.0,423.0,10,314.0,0.0,0.0,0.0,0.0,0.0,0
2023-05-09 22:59:34,c2311-P-2840,c2311-P-2840,314.0,0.0,0.0,0.0,10,302.0,421.5,1,314.0,0.0,0.0,0.0,0.0,0.0,0
2023-05-09 22:59:34,c2311-P-2840,c2311-P-2840,314.0,0.0,0.0,0.0,10,302.0,421.0,10,314.0,0.0,0.0,0.0,0.0,0.0,0
2023-05-09 22:59:55,c2311-P-2840,c2311-P-2840,314.0,0.0,0.0,0.0,0,0.0,0.0,0,314.0,0.0,0.0,0.0,0.0,0.0,0
2023-05-10 09:00:55,c2311-P-2840,c2311-P-2840,314.0,0.0,0.0,0.0,10,213.5,0.0,0,314.0,0.0,0.0,0.0,0.0,0.0,0
2023-05-10 09:02:05,c2311-P-2840,c2311-P-2840,314.0,0.0,0.0,0.0,1,215.0,0.0,0,314.0,0.0,0.0,0.0,0.0,0.0,0
2023-05-10 09:02:05,c2311-P-2840,c2311-P-2840,314.0,0.0,0.0,0.0,10,215.5,0.0,0,314.0,0.0,0.0,0.0,0.0,0.0,0
2023-05-10 09:02:07,c2311-P-2840,c2311-P-2840,314.0,0.0,0.0,0.0,1,217.0,463.0,10,314.0,0.0,0.0,0.0,0.0,0.0,0
2023-05-10 09:02:07,c2311-P-2840,c2311-P-2840,314.0,0.0,0.0,0.0,10,217.5,463.0,10,314.0,0.0,0.0,0.0,0.0,0.0,0
2023-05-10 09:02:11,c2311-P-2840,c2311-P-2840,314.0,0.0,0.0,0.0,1,219.0,461.5,1,314.0,0.0,0.0,0.0,0.0,0.0,0
2023-05-10 09:02:12,c2311-P-2840,c2311-P-2840,314.0,0.0,0.0,0.0,10,219.5,461.0,10,314.0,0.0,0.0,0.0,0.0,0.0,0
2023-05-10 09:02:12,c2311-P-2840,c2311-P-2840,314.0,0.0,0.0,0.0,1,221.0,459.5,1,314.0,0.0,0.0,0.0,0.0,0.0,0
2023-05-10 09:02:12,c2311-P-2840,c2311-P-2840,314.0,0.0,0.0,0.0,10,221.5,459.0,10,314.0,0.0,0.0,0.0,0.0,0.0,0
2023-05-10 09:02:13,c2311-P-2840,c2311-P-2840,314.0,0.0,0.0,0.0,1,223.0,457.5,1,314.0,0.0,0.0,0.0,0.0,0.0,0
2023-05-10 09:02:13,c2311-P-2840,c2311-P-2840,314.0,0.0,0.0,0.0,10,223.5,457.0,10,314.0,0.0,0.0,0.0,0.0,0.0,0
2023-05-10 09:02:17,c2311-P-2840,c2311-P-2840,314.0,0.0,0.0,0.0,1,225.0,455.5,1,314.0,0.0,0.0,0.0,0.0,0.0,0
2023-05-10 09:02:18,c2311-P-2840,c2311-P-2840,314.0,0.0,0.0,0.0,10,225.5,455.0,10,314.0,0.0,0.0,0.0,0.0,0.0,0
2023-05-10 09:02:20,c2311-P-2840,c2311-P-2840,314.0,0.0,0.0,0.0,1,227.0,455.0,10,314.0,0.0,0.0,0.0,0.0,0.0,0
2023-05-10 09:02:21,c2311-P-2840,c2311-P-2840,314.0,0.0,0.0,0.0,10,227.5,453.5,1,314.0,0.0,0.0,0.0,0.0,0.0,0
2023-05-10 09:02:21,c2311-P-2840,c2311-P-2840,314.0,0.0,0.0,0.0,10,227.5,453.0,10,314.0,0.0,0.0,0.0,0.0,0.0,0
2023-05-10 09:02:23,c2311-P-2840,c2311-P-2840,314.0,0.0,0.0,0.0,1,229.0,453.0,10,314.0,0.0,0.0,0.0,0.0,0.0,0
2023-05-10 09:02:23,c2311-P-2840,c2311-P-2840,314.0,0.0,0.0,0.0,10,229.5,453.0,10,314.0,0.0,0.0,0.0,0.0,0.0,0
2023-05-10 09:02:24,c2311-P-2840,c2311-P-2840,314.0,0.0,0.0,0.0,1,231.0,451.5,1,314.0,0.0,0.0,0.0,0.0,0.0,0
2023-05-10 09:02:24,c2311-P-2840,c2311-P-2840,314.0,0.0,0.0,0.0,10,231.5,451.0,10,314.0,0.0,0.0,0.0,0.0,0.0,0
2023-05-10 09:02:26,c2311-P-2840,c2311-P-2840,314.0,0.0,0.0,0.0,1,233.0,449.5,1,314.0,0.0,0.0,0.0,0.0,0.0,0
2023-05-10 09:02:26,c2311-P-2840,c2311-P-2840,314.0,0.0,0.0,0.0,10,233.5,449.0,10,314.0,0.0,0.0,0.0,0.0,0.0,0
2023-05-10 09:02:27,c2311-P-2840,c2311-P-2840,314.0,0.0,0.0,0.0,1,235.0,447.5,1,314.0,0.0,0.0,0.0,0.0,0.0,0
2023-05-10 09:02:27,c2311-P-2840,c2311-P-2840,314.0,0.0,0.0,0.0,10,235.5,447.0,10,314.0,0.0,0.0,0.0,0.0,0.0,0
2023-05-10 09:02:32,c2311-P-2840,c2311-P-2840,314.0,0.0,0.0,0.0,1,237.0,445.5,1,314.0,0.0,0.0,0.0,0.0,0.0,0
2023-05-10 09:02:32,c2311-P-2840,c2311-P-2840,314.0,0.0,0.0,0.0,10,237.5,445.0,10,314.0,0.0,0.0,0.0,0.0,0.0,0
2023-05-10 09:02:33,c2311-P-2840,c2311-P-2840,314.0,0.0,0.0,0.0,1,239.0,443.5,1,314.0,0.0,0.0,0.0,0.0,0.0,0
2023-05-10 09:02:33,c2311-P-2840,c2311-P-2840,314.0,0.0,0.0,0.0,10,239.5,443.0,10,314.0,0.0,0.0,0.0,0.0,0.0,0
2023-05-10 09:02:34,c2311-P-2840,c2311-P-2840,314.0,0.0,0.0,0.0,1,241.0,441.5,1,314.0,0.0,0.0,0.0,0.0,0.0,0
2023-05-10 09:02:34,c2311-P-2840,c2311-P-2840,314.0,0.0,0.0,0.0,10,241.5,441.0,10,314.0,0.0,0.0,0.0,0.0,0.0,0
2023-05-10 09:02:35,c2311-P-2840,c2311-P-2840,314.0,0.0,0.0,0.0,1,243.0,439.5,1,314.0,0.0,0.0,0.0,0.0,0.0,0
2023-05-10 09:02:35,c2311-P-2840,c2311-P-2840,314.0,0.0,0.0,0.0,10,243.5,439.0,10,314.0,0.0,0.0,0.0,0.0,0.0,0
2023-05-10 09:02:39,c2311-P-2840,c2311-P-2840,314.0,0.0,0.0,0.0,1,245.0,439.0,10,314.0,0.0,0.0,0.0,0.0,0.0,0
2023-05-10 09:02:39,c2311-P-2840,c2311-P-2840,314.0,0.0,0.0,0.0,10,245.5,437.5,1,314.0,0.0,0.0,0.0,0.0,0.0,0
2023-05-10 09:02:40,c2311-P-2840,c2311-P-2840,314.0,0.0,0.0,0.0,10,245.5,437.0,10,314.0,0.0,0.0,0.0,0.0,0.0,0
2023-05-10 09:02:41,c2311-P-2840,c2311-P-2840,314.0,0.0,0.0,0.0,10,245.5,435.5,1,314.0,0.0,0.0,0.0,0.0,0.0,0
2023-05-10 09:02:42,c2311-P-2840,c2311-P-2840,314.0,0.0,0.0,0.0,1,247.0,435.0,10,314.0,0.0,0.0,0.0,0.0,0.0,0
2023-05-10 09:02:42,c2311-P-2840,c2311-P-2840,314.0,0.0,0.0,0.0,10,247.5,435.0,10,314.0,0.0,0.0,0.0,0.0,0.0,0
2023-05-10 09:02:43,c2311-P-2840,c2311-P-2840,314.0,0.0,0.0,0.0,1,249.0,435.0,10,314.0,0.0,0.0,0.0,0.0,0.0,0
2023-05-10 09:02:43,c2311-P-2840,c2311-P-2840,314.0,0.0,0.0,0.0,10,249.5,435.0,10,314.0,0.0,0.0,0.0,0.0,0.0,0
2023-05-10 09:02:44,c2311-P-2840,c2311-P-2840,314.0,0.0,0.0,0.0,1,251.0,435.0,10,314.0,0.0,0.0,0.0,0.0,0.0,0
2023-05-10 09:02:44,c2311-P-2840,c2311-P-2840,314.0,0.0,0.0,0.0,10,251.5,435.0,10,314.0,0.0,0.0,0.0,0.0,0.0,0
2023-05-10 09:02:48,c2311-P-2840,c2311-P-2840,314.0,0.0,0.0,0.0,1,253.0,433.5,1,314.0,0.0,0.0,0.0,0.0,0.0,0
2023-05-10 09:02:48,c2311-P-2840,c2311-P-2840,314.0,0.0,0.0,0.0,10,253.5,433.0,10,314.0,0.0,0.0,0.0,0.0,0.0,0
2023-05-10 09:02:49,c2311-P-2840,c2311-P-2840,314.0,0.0,0.0,0.0,1,255.0,431.5,1,314.0,0.0,0.0,0.0,0.0,0.0,0
2023-05-10 09:02:49,c2311-P-2840,c2311-P-2840,314.0,0.0,0.0,0.0,10,255.5,431.0,10,314.0,0.0,0.0,0.0,0.0,0.0,0
2023-05-10 09:02:51,c2311-P-2840,c2311-P-2840,314.0,0.0,0.0,0.0,1,257.0,429.5,1,314.0,0.0,0.0,0.0,0.0,0.0,0
2023-05-10 09:02:51,c2311-P-2840,c2311-P-2840,314.0,0.0,0.0,0.0,10,257.5,429.0,10,314.0,0.0,0.0,0.0,0.0,0.0,0
2023-05-10 09:02:59,c2311-P-2840,c2311-P-2840,314.0,0.0,0.0,0.0,1,259.0,427.5,1,314.0,0.0,0.0,0.0,0.0,0.0,0
2023-05-10 09:02:59,c2311-P-2840,c2311-P-2840,314.0,0.0,0.0,0.0,10,259.5,427.0,10,314.0,0.0,0.0,0.0,0.0,0.0,0
2023-05-10 09:03:00,c2311-P-2840,c2311-P-2840,314.0,0.0,0.0,0.0,1,261.0,425.5,1,314.0,0.0,0.0,0.0,0.0,0.0,0
2023-05-10 09:03:00,c2311-P-2840,c2311-P-2840,314.0,0.0,0.0,0.0,10,261.5,425.0,10,314.0,0.0,0.0,0.0,0.0,0.0,0
2023-05-10 09:03:01,c2311-P-2840,c2311-P-2840,314.0,0.0,0.0,0.0,1,263.0,423.5,1,314.0,0.0,0.0,0.0,0.0,0.0,0
2023-05-10 09:03:01,c2311-P-2840,c2311-P-2840,314.0,0.0,0.0,0.0,10,263.5,423.0,10,314.0,0.0,0.0,0.0,0.0,0.0,0
2023-05-10 09:03:05,c2311-P-2840,c2311-P-2840,314.0,0.0,0.0,0.0,1,265.0,423.0,10,314.0,0.0,0.0,0.0,0.0,0.0,0
2023-05-10 09:03:05,c2311-P-2840,c2311-P-2840,314.0,0.0,0.0,0.0,10,265.5,423.0,10,314.0,0.0,0.0,0.0,0.0,0.0,0
2023-05-10 09:03:06,c2311-P-2840,c2311-P-2840,314.0,0.0,0.0,0.0,1,267.0,423.0,10,314.0,0.0,0.0,0.0,0.0,0.0,0
2023-05-10 09:03:06,c2311-P-2840,c2311-P-2840,314.0,0.0,0.0,0.0,10,267.5,423.0,10,314.0,0.0,0.0,0.0,0.0,0.0,0
2023-05-10 09:03:07,c2311-P-2840,c2311-P-2840,314.0,0.0,0.0,0.0,1,269.0,423.0,10,314.0,0.0,0.0,0.0,0.0,0.0,0
2023-05-10 09:03:07,c2311-P-2840,c2311-P-2840,314.0,0.0,0.0,0.0,10,269.5,423.0,10,314.0,0.0,0.0,0.0,0.0,0.0,0
2023-05-10 09:03:09,c2311-P-2840,c2311-P-2840,314.0,0.0,0.0,0.0,1,271.0,423.0,10,314.0,0.0,0.0,0.0,0.0,0.0,0
2023-05-10 09:03:09,c2311-P-2840,c2311-P-2840,314.0,0.0,0.0,0.0,10,271.5,423.0,10,314.0,0.0,0.0,0.0,0.0,0.0,0
2023-05-10 09:03:12,c2311-P-2840,c2311-P-2840,314.0,0.0,0.0,0.0,1,273.0,423.0,10,314.0,0.0,0.0,0.0,0.0,0.0,0
2023-05-10 09:03:12,c2311-P-2840,c2311-P-2840,314.0,0.0,0.0,0.0,10,273.5,423.0,10,314.0,0.0,0.0,0.0,0.0,0.0,0
2023-05-10 09:03:15,c2311-P-2840,c2311-P-2840,314.0,0.0,0.0,0.0,1,275.0,423.0,10,314.0,0.0,0.0,0.0,0.0,0.0,0
2023-05-10 09:03:15,c2311-P-2840,c2311-P-2840,314.0,0.0,0.0,0.0,10,275.5,423.0,10,314.0,0.0,0.0,0.0,0.0,0.0,0
2023-05-10 09:03:16,c2311-P-2840,c2311-P-2840,314.0,0.0,0.0,0.0,1,277.0,423.0,10,314.0,0.0,0.0,0.0,0.0,0.0,0
2023-05-10 09:03:16,c2311-P-2840,c2311-P-2840,314.0,0.0,0.0,0.0,10,277.5,423.0,10,314.0,0.0,0.0,0.0,0.0,0.0,0
2023-05-10 09:03:20,c2311-P-2840,c2311-P-2840,314.0,0.0,0.0,0.0,1,279.0,423.0,10,314.0,0.0,0.0,0.0,0.0,0.0,0
2023-05-10 09:03:20,c2311-P-2840,c2311-P-2840,314.0,0.0,0.0,0.0,10,279.5,423.0,10,314.0,0.0,0.0,0.0,0.0,0.0,0
2023-05-10 09:03:22,c2311-P-2840,c2311-P-2840,314.0,0.0,0.0,0.0,1,281.0,423.0,10,314.0,0.0,0.0,0.0,0.0,0.0,0
2023-05-10 09:03:22,c2311-P-2840,c2311-P-2840,314.0,0.0,0.0,0.0,10,281.5,423.0,10,314.0,0.0,0.0,0.0,0.0,0.0,0
2023-05-10 09:03:24,c2311-P-2840,c2311-P-2840,314.0,0.0,0.0,0.0,1,283.0,423.0,10,314.0,0.0,0.0,0.0,0.0,0.0,0
2023-05-10 09:03:24,c2311-P-2840,c2311-P-2840,314.0,0.0,0.0,0.0,10,283.5,423.0,10,314.0,0.0,0.0,0.0,0.0,0.0,0
2023-05-10 09:03:25,c2311-P-2840,c2311-P-2840,314.0,0.0,0.0,0.0,1,285.0,423.0,10,314.0,0.0,0.0,0.0,0.0,0.0,0
2023-05-10 09:03:25,c2311-P-2840,c2311-P-2840,314.0,0.0,0.0,0.0,10,285.5,423.0,10,314.0,0.0,0.0,0.0,0.0,0.0,0
2023-05-10 09:03:30,c2311-P-2840,c2311-P-2840,314.0,0.0,0.0,0.0,1,287.0,423.0,10,314.0,0.0,0.0,0.0,0.0,0.0,0
2023-05-10 09:03:30,c2311-P-2840,c2311-P-2840,314.0,0.0,0.0,0.0,10,287.5,423.0,10,314.0,0.0,0.0,0.0,0.0,0.0,0
2023-05-10 09:03:33,c2311-P-2840,c2311-P-2840,314.0,0.0,0.0,0.0,1,289.0,421.5,1,314.0,0.0,0.0,0.0,0.0,0.0,0
2023-05-10 09:03:33,c2311-P-2840,c2311-P-2840,314.0,0.0,0.0,0.0,10,289.5,421.0,10,314.0,0.0,0.0,0.0,0.0,0.0,0
2023-05-10 09:03:34,c2311-P-2840,c2311-P-2840,314.0,0.0,0.0,0.0,1,291.0,419.5,1,314.0,0.0,0.0,0.0,0.0,0.0,0
2023-05-10 09:03:34,c2311-P-2840,c2311-P-2840,314.0,0.0,0.0,0.0,10,291.5,419.0,10,314.0,0.0,0.0,0.0,0.0,0.0,0
2023-05-10 09:03:36,c2311-P-2840,c2311-P-2840,314.0,0.0,0.0,0.0,1,293.0,419.0,10,314.0,0.0,0.0,0.0,0.0,0.0,0
2023-05-10 09:03:36,c2311-P-2840,c2311-P-2840,314.0,0.0,0.0,0.0,10,293.5,419.0,10,314.0,0.0,0.0,0.0,0.0,0.0,0
2023-05-10 09:03:37,c2311-P-2840,c2311-P-2840,314.0,0.0,0.0,0.0,1,295.0,419.0,10,314.0,0.0,0.0,0.0,0.0,0.0,0
2023-05-10 09:03:37,c2311-P-2840,c2311-P-2840,314.0,0.0,0.0,0.0,10,295.5,419.0,10,314.0,0.0,0.0,0.0,0.0,0.0,0
2023-05-10 09:03:38,c2311-P-2840,c2311-P-2840,314.0,0.0,0.0,0.0,1,297.0,419.0,10,314.0,0.0,0.0,0.0,0.0,0.0,0
2023-05-10 09:03:38,c2311-P-2840,c2311-P-2840,314.0,0.0,0.0,0.0,10,297.5,419.0,10,314.0,0.0,0.0,0.0,0.0,0.0,0
2023-05-10 09:03:39,c2311-P-2840,c2311-P-2840,314.0,0.0,0.0,0.0,1,299.0,419.0,10,314.0,0.0,0.0,0.0,0.0,0.0,0
2023-05-10 09:03:39,c2311-P-2840,c2311-P-2840,314.0,0.0,0.0,0.0,10,299.5,419.0,10,314.0,0.0,0.0,0.0,0.0,0.0,0
2023-05-10 09:03:40,c2311-P-2840,c2311-P-2840,314.0,0.0,0.0,0.0,1,301.0,419.0,10,314.0,0.0,0.0,0.0,0.0,0.0,0
2023-05-10 09:03:40,c2311-P-2840,c2311-P-2840,314.0,0.0,0.0,0.0,10,301.5,419.0,10,314.0,0.0,0.0,0.0,0.0,0.0,0
2023-05-10 09:03:41,c2311-P-2840,c2311-P-2840,314.0,0.0,0.0,0.0,1,303.0,419.0,10,314.0,0.0,0.0,0.0,0.0,0.0,0
2023-05-10 09:03:41,c2311-P-2840,c2311-P-2840,314.0,0.0,0.0,0.0,10,303.5,419.0,10,314.0,0.0,0.0,0.0,0.0,0.0,0
2023-05-10 09:03:43,c2311-P-2840,c2311-P-2840,314.0,0.0,0.0,0.0,1,305.0,419.0,10,314.0,0.0,0.0,0.0,0.0,0.0,0
2023-05-10 09:03:43,c2311-P-2840,c2311-P-2840,314.0,0.0,0.0,0.0,10,305.5,419.0,10,314.0,0.0,0.0,0.0,0.0,0.0,0
2023-05-10 09:03:44,c2311-P-2840,c2311-P-2840,314.0,0.0,0.0,0.0,1,307.0,419.0,10,314.0,0.0,0.0,0.0,0.0,0.0,0
2023-05-10 09:03:44,c2311-P-2840,c2311-P-2840,314.0,0.0,0.0,0.0,10,307.5,419.0,10,314.0,0.0,0.0,0.0,0.0,0.0,0
2023-05-10 09:24:41,c2311-P-2840,c2311-P-2840,314.0,0.0,0.0,0.0,10,307.5,417.5,1,314.0,0.0,0.0,0.0,0.0,0.0,0
2023-05-10 09:24:41,c2311-P-2840,c2311-P-2840,314.0,0.0,0.0,0.0,10,307.5,417.0,10,314.0,0.0,0.0,0.0,0.0,0.0,0
2023-05-10 09:24:42,c2311-P-2840,c2311-P-2840,314.0,0.0,0.0,0.0,10,307.5,415.0,10,314.0,0.0,0.0,0.0,0.0,0.0,0
2023-05-10 09:24:43,c2311-P-2840,c2311-P-2840,314.0,0.0,0.0,0.0,10,307.5,413.5,1,314.0,0.0,0.0,0.0,0.0,0.0,0
2023-05-10 09:24:43,c2311-P-2840,c2311-P-2840,314.0,0.0,0.0,0.0,10,307.5,413.0,10,314.0,0.0,0.0,0.0,0.0,0.0,0
2023-05-10 09:24:44,c2311-P-2840,c2311-P-2840,314.0,0.0,0.0,0.0,10,307.5,411.5,1,314.0,0.0,0.0,0.0,0.0,0.0,0
2023-05-10 09:24:44,c2311-P-2840,c2311-P-2840,314.0,0.0,0.0,0.0,10,307.5,411.0,10,314.0,0.0,0.0,0.0,0.0,0.0,0
2023-05-10 10:14:32,c2311-P-2840,c2311-P-2840,314.0,0.0,0.0,0.0,1,213.0,0.0,0,314.0,0.0,0.0,0.0,0.0,0.0,0
2023-05-10 10:30:23,c2311-P-2840,c2311-P-2840,314.0,0.0,0.0,0.0,10,213.5,0.0,0,314.0,0.0,0.0,0.0,0.0,0.0,0
2023-05-10 10:32:02,c2311-P-2840,c2311-P-2840,314.0,0.0,0.0,0.0,1,215.0,463.0,10,314.0,0.0,0.0,0.0,0.0,0.0,0
2023-05-10 10:32:02,c2311-P-2840,c2311-P-2840,314.0,0.0,0.0,0.0,10,215.5,463.0,10,314.0,0.0,0.0,0.0,0.0,0.0,0
2023-05-10 10:32:03,c2311-P-2840,c2311-P-2840,314.0,0.0,0.0,0.0,1,217.0,463.0,10,314.0,0.0,0.0,0.0,0.0,0.0,0
2023-05-10 10:32:03,c2311-P-2840,c2311-P-2840,314.0,0.0,0.0,0.0,10,217.5,463.0,10,314.0,0.0,0.0,0.0,0.0,0.0,0
2023-05-10 10:32:11,c2311-P-2840,c2311-P-2840,314.0,0.0,0.0,0.0,1,219.0,461.5,1,314.0,0.0,0.0,0.0,0.0,0.0,0
2023-05-10 10:32:12,c2311-P-2840,c2311-P-2840,314.0,0.0,0.0,0.0,10,219.5,461.0,10,314.0,0.0,0.0,0.0,0.0,0.0,0
2023-05-10 10:32:12,c2311-P-2840,c2311-P-2840,314.0,0.0,0.0,0.0,1,221.0,459.5,1,314.0,0.0,0.0,0.0,0.0,0.0,0
2023-05-10 10:32:12,c2311-P-2840,c2311-P-2840,314.0,0.0,0.0,0.0,10,221.5,459.0,10,314.0,0.0,0.0,0.0,0.0,0.0,0
2023-05-10 10:32:13,c2311-P-2840,c2311-P-2840,314.0,0.0,0.0,0.0,1,223.0,457.5,1,314.0,0.0,0.0,0.0,0.0,0.0,0
2023-05-10 10:32:13,c2311-P-2840,c2311-P-2840,314.0,0.0,0.0,0.0,10,223.5,457.0,10,314.0,0.0,0.0,0.0,0.0,0.0,0
2023-05-10 10:32:15,c2311-P-2840,c2311-P-2840,314.0,0.0,0.0,0.0,1,225.0,457.0,10,314.0,0.0,0.0,0.0,0.0,0.0,0
2023-05-10 10:32:15,c2311-P-2840,c2311-P-2840,314.0,0.0,0.0,0.0,10,225.5,457.0,10,314.0,0.0,0.0,0.0,0.0,0.0,0
2023-05-10 10:32:17,c2311-P-2840,c2311-P-2840,314.0,0.0,0.0,0.0,1,227.0,455.5,1,314.0,0.0,0.0,0.0,0.0,0.0,0
2023-05-10 10:32:18,c2311-P-2840,c2311-P-2840,314.0,0.0,0.0,0.0,10,227.5,455.0,10,314.0,0.0,0.0,0.0,0.0,0.0,0
2023-05-10 10:32:21,c2311-P-2840,c2311-P-2840,314.0,0.0,0.0,0.0,1,229.0,453.5,1,314.0,0.0,0.0,0.0,0.0,0.0,0
2023-05-10 10:32:21,c2311-P-2840,c2311-P-2840,314.0,0.0,0.0,0.0,10,229.5,453.0,10,314.0,0.0,0.0,0.0,0.0,0.0,0
2023-05-10 10:32:22,c2311-P-2840,c2311-P-2840,314.0,0.0,0.0,0.0,1,231.0,451.5,1,314.0,0.0,0.0,0.0,0.0,0.0,0
2023-05-10 10:32:22,c2311-P-2840,c2311-P-2840,314.0,0.0,0.0,0.0,10,231.5,451.0,10,314.0,0.0,0.0,0.0,0.0,0.0,0
2023-05-10 10:32:25,c2311-P-2840,c2311-P-2840,314.0,0.0,0.0,0.0,10,231.5,449.5,1,314.0,0.0,0.0,0.0,0.0,0.0,0
2023-05-10 10:32:25,c2311-P-2840,c2311-P-2840,314.0,0.0,0.0,0.0,10,231.5,449.0,10,314.0,0.0,0.0,0.0,0.0,0.0,0
2023-05-10 10:32:26,c2311-P-2840,c2311-P-2840,314.0,0.0,0.0,0.0,1,233.0,447.5,1,314.0,0.0,0.0,0.0,0.0,0.0,0
2023-05-10 10:32:26,c2311-P-2840,c2311-P-2840,314.0,0.0,0.0,0.0,10,233.5,447.0,10,314.0,0.0,0.0,0.0,0.0,0.0,0
2023-05-10 10:32:27,c2311-P-2840,c2311-P-2840,314.0,0.0,0.0,0.0,1,235.0,445.5,1,314.0,0.0,0.0,0.0,0.0,0.0,0
2023-05-10 10:32:27,c2311-P-2840,c2311-P-2840,314.0,0.0,0.0,0.0,10,235.5,445.0,10,314.0,0.0,0.0,0.0,0.0,0.0,0
2023-05-10 10:32:31,c2311-P-2840,c2311-P-2840,314.0,0.0,0.0,0.0,1,237.0,443.5,1,314.0,0.0,0.0,0.0,0.0,0.0,0
2023-05-10 10:32:31,c2311-P-2840,c2311-P-2840,314.0,0.0,0.0,0.0,10,237.5,443.0,10,314.0,0.0,0.0,0.0,0.0,0.0,0
2023-05-10 10:32:33,c2311-P-2840,c2311-P-2840,314.0,0.0,0.0,0.0,1,239.0,441.5,1,314.0,0.0,0.0,0.0,0.0,0.0,0
2023-05-10 10:32:33,c2311-P-2840,c2311-P-2840,314.0,0.0,0.0,0.0,10,239.5,441.0,10,314.0,0.0,0.0,0.0,0.0,0.0,0
2023-05-10 10:32:34,c2311-P-2840,c2311-P-2840,314.0,0.0,0.0,0.0,1,241.0,439.5,1,314.0,0.0,0.0,0.0,0.0,0.0,0
2023-05-10 10:32:34,c2311-P-2840,c2311-P-2840,314.0,0.0,0.0,0.0,10,241.5,439.0,10,314.0,0.0,0.0,0.0,0.0,0.0,0
2023-05-10 10:32:35,c2311-P-2840,c2311-P-2840,314.0,0.0,0.0,0.0,1,243.0,437.5,1,314.0,0.0,0.0,0.0,0.0,0.0,0
2023-05-10 10:32:35,c2311-P-2840,c2311-P-2840,314.0,0.0,0.0,0.0,10,243.5,437.0,10,314.0,0.0,0.0,0.0,0.0,0.0,0
2023-05-10 10:32:36,c2311-P-2840,c2311-P-2840,314.0,0.0,0.0,0.0,1,245.0,435.5,1,314.0,0.0,0.0,0.0,0.0,0.0,0
2023-05-10 10:32:36,c2311-P-2840,c2311-P-2840,314.0,0.0,0.0,0.0,10,245.5,435.0,10,314.0,0.0,0.0,0.0,0.0,0.0,0
2023-05-10 10:32:37,c2311-P-2840,c2311-P-2840,314.0,0.0,0.0,0.0,1,247.0,433.5,1,314.0,0.0,0.0,0.0,0.0,0.0,0
2023-05-10 10:32:37,c2311-P-2840,c2311-P-2840,314.0,0.0,0.0,0.0,10,247.5,433.0,10,314.0,0.0,0.0,0.0,0.0,0.0,0
2023-05-10 10:32:39,c2311-P-2840,c2311-P-2840,314.0,0.0,0.0,0.0,1,249.0,433.0,10,314.0,0.0,0.0,0.0,0.0,0.0,0
2023-05-10 10:32:40,c2311-P-2840,c2311-P-2840,314.0,0.0,0.0,0.0,10,249.5,431.5,1,314.0,0.0,0.0,0.0,0.0,0.0,0
2023-05-10 10:32:40,c2311-P-2840,c2311-P-2840,314.0,0.0,0.0,0.0,10,249.5,431.0,10,314.0,0.0,0.0,0.0,0.0,0.0,0
2023-05-10 10:32:41,c2311-P-2840,c2311-P-2840,314.0,0.0,0.0,0.0,1,251.0,429.5,1,314.0,0.0,0.0,0.0,0.0,0.0,0
2023-05-10 10:32:41,c2311-P-2840,c2311-P-2840,314.0,0.0,0.0,0.0,10,251.5,429.0,10,314.0,0.0,0.0,0.0,0.0,0.0,0
2023-05-10 10:32:42,c2311-P-2840,c2311-P-2840,314.0,0.0,0.0,0.0,10,251.5,427.5,1,314.0,0.0,0.0,0.0,0.0,0.0,0
2023-05-10 10:32:42,c2311-P-2840,c2311-P-2840,314.0,0.0,0.0,0.0,1,253.0,427.0,10,314.0,0.0,0.0,0.0,0.0,0.0,0
2023-05-10 10:32:42,c2311-P-2840,c2311-P-2840,314.0,0.0,0.0,0.0,10,253.5,427.0,10,314.0,0.0,0.0,0.0,0.0,0.0,0
2023-05-10 10:32:43,c2311-P-2840,c2311-P-2840,314.0,0.0,0.0,0.0,1,255.0,425.5,1,314.0,0.0,0.0,0.0,0.0,0.0,0
2023-05-10 10:32:43,c2311-P-2840,c2311-P-2840,314.0,0.0,0.0,0.0,10,255.5,425.0,10,314.0,0.0,0.0,0.0,0.0,0.0,0
2023-05-10 10:32:44,c2311-P-2840,c2311-P-2840,314.0,0.0,0.0,0.0,1,257.0,423.5,1,314.0,0.0,0.0,0.0,0.0,0.0,0
2023-05-10 10:32:45,c2311-P-2840,c2311-P-2840,314.0,0.0,0.0,0.0,10,257.5,423.0,10,314.0,0.0,0.0,0.0,0.0,0.0,0
2023-05-10 10:32:48,c2311-P-2840,c2311-P-2840,314.0,0.0,0.0,0.0,1,259.0,421.5,1,314.0,0.0,0.0,0.0,0.0,0.0,0
2023-05-10 10:32:49,c2311-P-2840,c2311-P-2840,314.0,0.0,0.0,0.0,10,259.5,421.0,10,314.0,0.0,0.0,0.0,0.0,0.0,0
2023-05-10 10:32:49,c2311-P-2840,c2311-P-2840,314.0,0.0,0.0,0.0,10,259.5,419.5,1,314.0,0.0,0.0,0.0,0.0,0.0,0
2023-05-10 10:32:50,c2311-P-2840,c2311-P-2840,314.0,0.0,0.0,0.0,1,261.0,419.0,10,314.0,0.0,0.0,0.0,0.0,0.0,0
2023-05-10 10:32:50,c2311-P-2840,c2311-P-2840,314.0,0.0,0.0,0.0,10,261.5,419.0,10,314.0,0.0,0.0,0.0,0.0,0.0,0
2023-05-10 10:32:51,c2311-P-2840,c2311-P-2840,314.0,0.0,0.0,0.0,1,263.0,417.5,1,314.0,0.0,0.0,0.0,0.0,0.0,0
2023-05-10 10:32:51,c2311-P-2840,c2311-P-2840,314.0,0.0,0.0,0.0,10,263.5,417.0,10,314.0,0.0,0.0,0.0,0.0,0.0,0
2023-05-10 10:32:54,c2311-P-2840,c2311-P-2840,314.0,0.0,0.0,0.0,1,265.0,417.0,10,314.0,0.0,0.0,0.0,0.0,0.0,0
2023-05-10 10:32:54,c2311-P-2840,c2311-P-2840,314.0,0.0,0.0,0.0,10,265.5,417.0,10,314.0,0.0,0.0,0.0,0.0,0.0,0
2023-05-10 10:32:55,c2311-P-2840,c2311-P-2840,314.0,0.0,0.0,0.0,1,267.0,415.5,1,314.0,0.0,0.0,0.0,0.0,0.0,0
2023-05-10 10:32:55,c2311-P-2840,c2311-P-2840,314.0,0.0,0.0,0.0,10,267.5,415.0,10,314.0,0.0,0.0,0.0,0.0,0.0,0
2023-05-10 10:32:56,c2311-P-2840,c2311-P-2840,314.0,0.0,0.0,0.0,1,269.0,413.5,1,314.0,0.0,0.0,0.0,0.0,0.0,0
2023-05-10 10:32:56,c2311-P-2840,c2311-P-2840,314.0,0.0,0.0,0.0,10,269.5,413.0,10,314.0,0.0,0.0,0.0,0.0,0.0,0
2023-05-10 10:32:59,c2311-P-2840,c2311-P-2840,314.0,0.0,0.0,0.0,1,271.0,411.5,1,314.0,0.0,0.0,0.0,0.0,0.0,0
2023-05-10 10:32:59,c2311-P-2840,c2311-P-2840,314.0,0.0,0.0,0.0,10,271.5,411.0,10,314.0,0.0,0.0,0.0,0.0,0.0,0
2023-05-10 10:33:01,c2311-P-2840,c2311-P-2840,314.0,0.0,0.0,0.0,1,273.0,411.0,10,314.0,0.0,0.0,0.0,0.0,0.0,0
2023-05-10 10:33:01,c2311-P-2840,c2311-P-2840,314.0,0.0,0.0,0.0,10,273.5,411.0,10,314.0,0.0,0.0,0.0,0.0,0.0,0
2023-05-10 10:33:02,c2311-P-2840,c2311-P-2840,314.0,0.0,0.0,0.0,1,275.0,411.0,10,314.0,0.0,0.0,0.0,0.0,0.0,0
2023-05-10 10:33:02,c2311-P-2840,c2311-P-2840,314.0,0.0,0.0,0.0,10,275.5,411.0,10,314.0,0.0,0.0,0.0,0.0,0.0,0
2023-05-10 10:33:03,c2311-P-2840,c2311-P-2840,314.0,0.0,0.0,0.0,1,277.0,411.0,10,314.0,0.0,0.0,0.0,0.0,0.0,0
2023-05-10 10:33:03,c2311-P-2840,c2311-P-2840,314.0,0.0,0.0,0.0,10,277.5,411.0,10,314.0,0.0,0.0,0.0,0.0,0.0,0
2023-05-10 10:33:04,c2311-P-2840,c2311-P-2840,314.0,0.0,0.0,0.0,1,279.0,411.0,10,314.0,0.0,0.0,0.0,0.0,0.0,0
2023-05-10 10:33:04,c2311-P-2840,c2311-P-2840,314.0,0.0,0.0,0.0,10,279.5,411.0,10,314.0,0.0,0.0,0.0,0.0,0.0,0
2023-05-10 10:33:05,c2311-P-2840,c2311-P-2840,314.0,0.0,0.0,0.0,1,281.0,411.0,10,314.0,0.0,0.0,0.0,0.0,0.0,0
2023-05-10 10:33:05,c2311-P-2840,c2311-P-2840,314.0,0.0,0.0,0.0,10,281.5,411.0,10,314.0,0.0,0.0,0.0,0.0,0.0,0
2023-05-10 10:33:06,c2311-P-2840,c2311-P-2840,314.0,0.0,0.0,0.0,1,283.0,411.0,10,314.0,0.0,0.0,0.0,0.0,0.0,0
2023-05-10 10:33:06,c2311-P-2840,c2311-P-2840,314.0,0.0,0.0,0.0,10,283.5,411.0,10,314.0,0.0,0.0,0.0,0.0,0.0,0
2023-05-10 10:33:07,c2311-P-2840,c2311-P-2840,314.0,0.0,0.0,0.0,1,285.0,411.0,10,314.0,0.0,0.0,0.0,0.0,0.0,0
2023-05-10 10:33:07,c2311-P-2840,c2311-P-2840,314.0,0.0,0.0,0.0,10,285.5,411.0,10,314.0,0.0,0.0,0.0,0.0,0.0,0
2023-05-10 10:33:08,c2311-P-2840,c2311-P-2840,314.0,0.0,0.0,0.0,1,287.0,411.0,10,314.0,0.0,0.0,0.0,0.0,0.0,0
2023-05-10 10:33:08,c2311-P-2840,c2311-P-2840,314.0,0.0,0.0,0.0,10,287.5,411.0,10,314.0,0.0,0.0,0.0,0.0,0.0,0
2023-05-10 10:33:09,c2311-P-2840,c2311-P-2840,314.0,0.0,0.0,0.0,1,289.0,411.0,10,314.0,0.0,0.0,0.0,0.0,0.0,0
2023-05-10 10:33:09,c2311-P-2840,c2311-P-2840,314.0,0.0,0.0,0.0,10,289.5,411.0,10,314.0,0.0,0.0,0.0,0.0,0.0,0
2023-05-10 10:33:10,c2311-P-2840,c2311-P-2840,314.0,0.0,0.0,0.0,1,291.0,411.0,10,314.0,0.0,0.0,0.0,0.0,0.0,0
2023-05-10 10:33:10,c2311-P-2840,c2311-P-2840,314.0,0.0,0.0,0.0,10,291.5,411.0,10,314.0,0.0,0.0,0.0,0.0,0.0,0
2023-05-10 10:33:11,c2311-P-2840,c2311-P-2840,314.0,0.0,0.0,0.0,1,293.0,411.0,10,314.0,0.0,0.0,0.0,0.0,0.0,0
2023-05-10 10:33:11,c2311-P-2840,c2311-P-2840,314.0,0.0,0.0,0.0,10,293.5,411.0,10,314.0,0.0,0.0,0.0,0.0,0.0,0
2023-05-10 10:33:12,c2311-P-2840,c2311-P-2840,314.0,0.0,0.0,0.0,1,295.0,411.0,10,314.0,0.0,0.0,0.0,0.0,0.0,0
2023-05-10 10:33:12,c2311-P-2840,c2311-P-2840,314.0,0.0,0.0,0.0,10,295.5,411.0,10,314.0,0.0,0.0,0.0,0.0,0.0,0
2023-05-10 10:33:13,c2311-P-2840,c2311-P-2840,314.0,0.0,0.0,0.0,1,297.0,411.0,10,314.0,0.0,0.0,0.0,0.0,0.0,0
2023-05-10 10:33:13,c2311-P-2840,c2311-P-2840,314.0,0.0,0.0,0.0,10,297.5,411.0,10,314.0,0.0,0.0,0.0,0.0,0.0,0
2023-05-10 10:33:14,c2311-P-2840,c2311-P-2840,314.0,0.0,0.0,0.0,1,299.0,411.0,10,314.0,0.0,0.0,0.0,0.0,0.0,0
2023-05-10 10:33:14,c2311-P-2840,c2311-P-2840,314.0,0.0,0.0,0.0,10,299.5,411.0,10,314.0,0.0,0.0,0.0,0.0,0.0,0
2023-05-10 10:33:15,c2311-P-2840,c2311-P-2840,314.0,0.0,0.0,0.0,1,301.0,411.0,10,314.0,0.0,0.0,0.0,0.0,0.0,0
2023-05-10 10:33:15,c2311-P-2840,c2311-P-2840,314.0,0.0,0.0,0.0,10,301.5,411.0,10,314.0,0.0,0.0,0.0,0.0,0.0,0
2023-05-10 11:14:41,c2311-P-2840,c2311-P-2840,314.0,0.0,0.0,0.0,10,301.5,409.5,1,314.0,0.0,0.0,0.0,0.0,0.0,0
2023-05-10 11:14:41,c2311-P-2840,c2311-P-2840,314.0,0.0,0.0,0.0,10,301.5,409.0,10,314.0,0.0,0.0,0.0,0.0,0.0,0
2023-05-10 11:14:42,c2311-P-2840,c2311-P-2840,314.0,0.0,0.0,0.0,10,301.5,407.5,1,314.0,0.0,0.0,0.0,0.0,0.0,0
2023-05-10 11:14:42,c2311-P-2840,c2311-P-2840,314.0,0.0,0.0,0.0,10,301.5,407.0,10,314.0,0.0,0.0,0.0,0.0,0.0,0
2023-05-10 11:14:43,c2311-P-2840,c2311-P-2840,314.0,0.0,0.0,0.0,10,301.5,405.5,1,314.0,0.0,0.0,0.0,0.0,0.0,0
2023-05-10 11:14:43,c2311-P-2840,c2311-P-2840,314.0,0.0,0.0,0.0,10,301.5,405.0,10,314.0,0.0,0.0,0.0,0.0,0.0,0
2023-05-10 11:14:44,c2311-P-2840,c2311-P-2840,314.0,0.0,0.0,0.0,10,301.5,403.5,1,314.0,0.0,0.0,0.0,0.0,0.0,0
2023-05-10 11:14:44,c2311-P-2840,c2311-P-2840,314.0,0.0,0.0,0.0,10,301.5,403.0,10,314.0,0.0,0.0,0.0,0.0,0.0,0
2023-05-10 11:14:45,c2311-P-2840,c2311-P-2840,314.0,0.0,0.0,0.0,10,301.5,401.5,1,314.0,0.0,0.0,0.0,0.0,0.0,0
2023-05-10 11:14:45,c2311-P-2840,c2311-P-2840,314.0,0.0,0.0,0.0,10,301.5,401.0,10,314.0,0.0,0.0,0.0,0.0,0.0,0
2023-05-10 11:29:33,c2311-P-2840,c2311-P-2840,314.0,0.0,0.0,0.0,1,213.0,0.0,0,314.0,0.0,0.0,0.0,0.0,0.0,0
2023-05-10 13:30:02,c2311-P-2840,c2311-P-2840,314.0,0.0,0.0,0.0,10,213.5,0.0,0,314.0,0.0,0.0,0.0,0.0,0.0,0
2023-05-10 13:32:02,c2311-P-2840,c2311-P-2840,314.0,0.0,0.0,0.0,1,215.0,463.0,10,314.0,0.0,0.0,0.0,0.0,0.0,0
2023-05-10 13:32:02,c2311-P-2840,c2311-P-2840,314.0,0.0,0.0,0.0,10,215.5,463.0,10,314.0,0.0,0.0,0.0,0.0,0.0,0
2023-05-10 13:32:03,c2311-P-2840,c2311-P-2840,314.0,0.0,0.0,0.0,1,217.0,461.5,1,314.0,0.0,0.0,0.0,0.0,0.0,0
2023-05-10 13:32:03,c2311-P-2840,c2311-P-2840,314.0,0.0,0.0,0.0,10,217.5,461.0,10,314.0,0.0,0.0,0.0,0.0,0.0,0
2023-05-10 13:32:04,c2311-P-2840,c2311-P-2840,314.0,0.0,0.0,0.0,1,219.0,461.0,10,314.0,0.0,0.0,0.0,0.0,0.0,0
2023-05-10 13:32:05,c2311-P-2840,c2311-P-2840,314.0,0.0,0.0,0.0,10,219.5,459.5,1,314.0,0.0,0.0,0.0,0.0,0.0,0
2023-05-10 13:32:05,c2311-P-2840,c2311-P-2840,314.0,0.0,0.0,0.0,1,221.0,459.0,10,314.0,0.0,0.0,0.0,0.0,0.0,0
2023-05-10 13:32:06,c2311-P-2840,c2311-P-2840,314.0,0.0,0.0,0.0,10,221.5,457.5,1,314.0,0.0,0.0,0.0,0.0,0.0,0
2023-05-10 13:32:06,c2311-P-2840,c2311-P-2840,314.0,0.0,0.0,0.0,1,223.0,457.0,10,314.0,0.0,0.0,0.0,0.0,0.0,0
2023-05-10 13:32:06,c2311-P-2840,c2311-P-2840,314.0,0.0,0.0,0.0,10,223.5,457.0,10,314.0,0.0,0.0,0.0,0.0,0.0,0
2023-05-10 13:32:07,c2311-P-2840,c2311-P-2840,314.0,0.0,0.0,0.0,1,225.0,455.5,1,314.0,0.0,0.0,0.0,0.0,0.0,0
2023-05-10 13:32:07,c2311-P-2840,c2311-P-2840,314.0,0.0,0.0,0.0,10,225.5,455.0,10,314.0,0.0,0.0,0.0,0.0,0.0,0
2023-05-10 13:32:08,c2311-P-2840,c2311-P-2840,314.0,0.0,0.0,0.0,1,227.0,453.5,1,314.0,0.0,0.0,0.0,0.0,0.0,0
2023-05-10 13:32:08,c2311-P-2840,c2311-P-2840,314.0,0.0,0.0,0.0,10,227.5,453.0,10,314.0,0.0,0.0,0.0,0.0,0.0,0
2023-05-10 13:32:09,c2311-P-2840,c2311-P-2840,314.0,0.0,0.0,0.0,1,229.0,451.5,1,314.0,0.0,0.0,0.0,0.0,0.0,0
2023-05-10 13:32:09,c2311-P-2840,c2311-P-2840,314.0,0.0,0.0,0.0,10,229.5,451.0,10,314.0,0.0,0.0,0.0,0.0,0.0,0
2023-05-10 13:32:10,c2311-P-2840,c2311-P-2840,314.0,0.0,0.0,0.0,1,231.0,449.5,1,314.0,0.0,0.0,0.0,0.0,0.0,0
2023-05-10 13:32:10,c2311-P-2840,c2311-P-2840,314.0,0.0,0.0,0.0,10,231.5,449.0,10,314.0,0.0,0.0,0.0,0.0,0.0,0
2023-05-10 13:32:11,c2311-P-2840,c2311-P-2840,314.0,0.0,0.0,0.0,1,233.0,447.5,1,314.0,0.0,0.0,0.0,0.0,0.0,0
2023-05-10 13:32:11,c2311-P-2840,c2311-P-2840,314.0,0.0,0.0,0.0,10,233.5,447.0,10,314.0,0.0,0.0,0.0,0.0,0.0,0
2023-05-10 13:32:12,c2311-P-2840,c2311-P-2840,314.0,0.0,0.0,0.0,1,235.0,445.5,1,314.0,0.0,0.0,0.0,0.0,0.0,0
2023-05-10 13:32:12,c2311-P-2840,c2311-P-2840,314.0,0.0,0.0,0.0,10,235.5,445.0,10,314.0,0.0,0.0,0.0,0.0,0.0,0
2023-05-10 13:32:13,c2311-P-2840,c2311-P-2840,314.0,0.0,0.0,0.0,1,237.0,443.5,1,314.0,0.0,0.0,0.0,0.0,0.0,0
2023-05-10 13:32:13,c2311-P-2840,c2311-P-2840,314.0,0.0,0.0,0.0,10,237.5,443.0,10,314.0,0.0,0.0,0.0,0.0,0.0,0
2023-05-10 13:32:14,c2311-P-2840,c2311-P-2840,314.0,0.0,0.0,0.0,1,239.0,441.5,1,314.0,0.0,0.0,0.0,0.0,0.0,0
2023-05-10 13:32:14,c2311-P-2840,c2311-P-2840,314.0,0.0,0.0,0.0,10,239.5,441.0,10,314.0,0.0,0.0,0.0,0.0,0.0,0
2023-05-10 13:32:15,c2311-P-2840,c2311-P-2840,314.0,0.0,0.0,0.0,1,241.0,439.5,1,314.0,0.0,0.0,0.0,0.0,0.0,0
2023-05-10 13:32:16,c2311-P-2840,c2311-P-2840,314.0,0.0,0.0,0.0,10,241.5,439.0,10,314.0,0.0,0.0,0.0,0.0,0.0,0
2023-05-10 13:32:17,c2311-P-2840,c2311-P-2840,314.0,0.0,0.0,0.0,1,243.0,437.5,1,314.0,0.0,0.0,0.0,0.0,0.0,0
2023-05-10 13:32:17,c2311-P-2840,c2311-P-2840,314.0,0.0,0.0,0.0,10,243.5,437.0,10,314.0,0.0,0.0,0.0,0.0,0.0,0
2023-05-10 13:32:18,c2311-P-2840,c2311-P-2840,314.0,0.0,0.0,0.0,1,245.0,435.5,1,314.0,0.0,0.0,0.0,0.0,0.0,0
2023-05-10 13:32:18,c2311-P-2840,c2311-P-2840,314.0,0.0,0.0,0.0,10,245.5,435.0,10,314.0,0.0,0.0,0.0,0.0,0.0,0
2023-05-10 13:32:19,c2311-P-2840,c2311-P-2840,314.0,0.0,0.0,0.0,1,247.0,433.5,1,314.0,0.0,0.0,0.0,0.0,0.0,0
2023-05-10 13:32:19,c2311-P-2840,c2311-P-2840,314.0,0.0,0.0,0.0,10,247.5,433.0,10,314.0,0.0,0.0,0.0,0.0,0.0,0
2023-05-10 13:32:19,c2311-P-2840,c2311-P-2840,314.0,0.0,0.0,0.0,1,249.0,431.5,1,314.0,0.0,0.0,0.0,0.0,0.0,0
2023-05-10 13:32:20,c2311-P-2840,c2311-P-2840,314.0,0.0,0.0,0.0,10,249.5,431.0,10,314.0,0.0,0.0,0.0,0.0,0.0,0
2023-05-10 13:32:20,c2311-P-2840,c2311-P-2840,314.0,0.0,0.0,0.0,1,251.0,429.5,1,314.0,0.0,0.0,0.0,0.0,0.0,0
2023-05-10 13:32:21,c2311-P-2840,c2311-P-2840,314.0,0.0,0.0,0.0,10,251.5,429.0,10,314.0,0.0,0.0,0.0,0.0,0.0,0
2023-05-10 13:32:22,c2311-P-2840,c2311-P-2840,314.0,0.0,0.0,0.0,1,253.0,427.5,1,314.0,0.0,0.0,0.0,0.0,0.0,0
2023-05-10 13:32:22,c2311-P-2840,c2311-P-2840,314.0,0.0,0.0,0.0,10,253.5,427.0,10,314.0,0.0,0.0,0.0,0.0,0.0,0
2023-05-10 13:32:23,c2311-P-2840,c2311-P-2840,314.0,0.0,0.0,0.0,1,255.0,425.5,1,314.0,0.0,0.0,0.0,0.0,0.0,0
2023-05-10 13:32:23,c2311-P-2840,c2311-P-2840,314.0,0.0,0.0,0.0,10,255.5,425.0,10,314.0,0.0,0.0,0.0,0.0,0.0,0
2023-05-10 13:32:24,c2311-P-2840,c2311-P-2840,314.0,0.0,0.0,0.0,1,257.0,423.5,1,314.0,0.0,0.0,0.0,0.0,0.0,0
2023-05-10 13:32:24,c2311-P-2840,c2311-P-2840,314.0,0.0,0.0,0.0,10,257.5,423.0,10,314.0,0.0,0.0,0.0,0.0,0.0,0
2023-05-10 13:32:25,c2311-P-2840,c2311-P-2840,314.0,0.0,0.0,0.0,1,259.0,421.5,1,314.0,0.0,0.0,0.0,0.0,0.0,0
2023-05-10 13:32:25,c2311-P-2840,c2311-P-2840,314.0,0.0,0.0,0.0,10,259.5,421.0,10,314.0,0.0,0.0,0.0,0.0,0.0,0
2023-05-10 13:32:26,c2311-P-2840,c2311-P-2840,314.0,0.0,0.0,0.0,1,261.0,419.5,1,314.0,0.0,0.0,0.0,0.0,0.0,0
2023-05-10 13:32:26,c2311-P-2840,c2311-P-2840,314.0,0.0,0.0,0.0,10,261.5,419.0,10,314.0,0.0,0.0,0.0,0.0,0.0,0
2023-05-10 13:32:27,c2311-P-2840,c2311-P-2840,314.0,0.0,0.0,0.0,1,263.0,417.5,1,314.0,0.0,0.0,0.0,0.0,0.0,0
2023-05-10 13:32:27,c2311-P-2840,c2311-P-2840,314.0,0.0,0.0,0.0,10,263.5,417.0,10,314.0,0.0,0.0,0.0,0.0,0.0,0
2023-05-10 13:32:28,c2311-P-2840,c2311-P-2840,314.0,0.0,0.0,0.0,1,265.0,415.5,1,314.0,0.0,0.0,0.0,0.0,0.0,0
2023-05-10 13:32:28,c2311-P-2840,c2311-P-2840,314.0,0.0,0.0,0.0,10,265.5,415.0,10,314.0,0.0,0.0,0.0,0.0,0.0,0
2023-05-10 13:32:29,c2311-P-2840,c2311-P-2840,314.0,0.0,0.0,0.0,1,267.0,413.5,1,314.0,0.0,0.0,0.0,0.0,0.0,0
2023-05-10 13:32:29,c2311-P-2840,c2311-P-2840,314.0,0.0,0.0,0.0,10,267.5,413.0,10,314.0,0.0,0.0,0.0,0.0,0.0,0
2023-05-10 13:32:30,c2311-P-2840,c2311-P-2840,314.0,0.0,0.0,0.0,1,269.0,411.5,1,314.0,0.0,0.0,0.0,0.0,0.0,0
2023-05-10 13:32:30,c2311-P-2840,c2311-P-2840,314.0,0.0,0.0,0.0,10,269.5,411.0,10,314.0,0.0,0.0,0.0,0.0,0.0,0
2023-05-10 13:32:31,c2311-P-2840,c2311-P-2840,314.0,0.0,0.0,0.0,1,271.0,409.5,1,314.0,0.0,0.0,0.0,0.0,0.0,0
2023-05-10 13:32:31,c2311-P-2840,c2311-P-2840,314.0,0.0,0.0,0.0,10,271.5,409.0,10,314.0,0.0,0.0,0.0,0.0,0.0,0
2023-05-10 13:32:32,c2311-P-2840,c2311-P-2840,314.0,0.0,0.0,0.0,1,273.0,409.0,10,314.0,0.0,0.0,0.0,0.0,0.0,0
2023-05-10 13:32:32,c2311-P-2840,c2311-P-2840,314.0,0.0,0.0,0.0,10,273.5,409.0,10,314.0,0.0,0.0,0.0,0.0,0.0,0
2023-05-10 13:32:33,c2311-P-2840,c2311-P-2840,314.0,0.0,0.0,0.0,1,275.0,409.0,10,314.0,0.0,0.0,0.0,0.0,0.0,0
2023-05-10 13:32:34,c2311-P-2840,c2311-P-2840,314.0,0.0,0.0,0.0,10,275.5,409.0,10,314.0,0.0,0.0,0.0,0.0,0.0,0
2023-05-10 13:32:34,c2311-P-2840,c2311-P-2840,314.0,0.0,0.0,0.0,1,277.0,409.0,10,314.0,0.0,0.0,0.0,0.0,0.0,0
2023-05-10 13:32:34,c2311-P-2840,c2311-P-2840,314.0,0.0,0.0,0.0,10,277.5,409.0,10,314.0,0.0,0.0,0.0,0.0,0.0,0
2023-05-10 13:32:35,c2311-P-2840,c2311-P-2840,314.0,0.0,0.0,0.0,1,279.0,409.0,10,314.0,0.0,0.0,0.0,0.0,0.0,0
2023-05-10 13:32:35,c2311-P-2840,c2311-P-2840,314.0,0.0,0.0,0.0,10,279.5,409.0,10,314.0,0.0,0.0,0.0,0.0,0.0,0
2023-05-10 13:32:36,c2311-P-2840,c2311-P-2840,314.0,0.0,0.0,0.0,1,281.0,409.0,10,314.0,0.0,0.0,0.0,0.0,0.0,0
2023-05-10 13:32:36,c2311-P-2840,c2311-P-2840,314.0,0.0,0.0,0.0,10,281.5,409.0,10,314.0,0.0,0.0,0.0,0.0,0.0,0
2023-05-10 13:32:37,c2311-P-2840,c2311-P-2840,314.0,0.0,0.0,0.0,1,283.0,409.0,10,314.0,0.0,0.0,0.0,0.0,0.0,0
2023-05-10 13:32:37,c2311-P-2840,c2311-P-2840,314.0,0.0,0.0,0.0,10,283.5,409.0,10,314.0,0.0,0.0,0.0,0.0,0.0,0
2023-05-10 13:32:38,c2311-P-2840,c2311-P-2840,314.0,0.0,0.0,0.0,10,285.5,409.0,10,314.0,0.0,0.0,0.0,0.0,0.0,0
2023-05-10 13:32:38,c2311-P-2840,c2311-P-2840,314.0,0.0,0.0,0.0,1,287.0,409.0,10,314.0,0.0,0.0,0.0,0.0,0.0,0
2023-05-10 13:32:39,c2311-P-2840,c2311-P-2840,314.0,0.0,0.0,0.0,10,287.5,409.0,10,314.0,0.0,0.0,0.0,0.0,0.0,0
2023-05-10 13:32:41,c2311-P-2840,c2311-P-2840,314.0,0.0,0.0,0.0,1,289.0,409.0,10,314.0,0.0,0.0,0.0,0.0,0.0,0
2023-05-10 13:32:41,c2311-P-2840,c2311-P-2840,314.0,0.0,0.0,0.0,10,289.5,409.0,10,314.0,0.0,0.0,0.0,0.0,0.0,0
2023-05-10 13:32:42,c2311-P-2840,c2311-P-2840,314.0,0.0,0.0,0.0,1,291.0,409.0,10,314.0,0.0,0.0,0.0,0.0,0.0,0
2023-05-10 13:32:42,c2311-P-2840,c2311-P-2840,314.0,0.0,0.0,0.0,10,291.5,409.0,10,314.0,0.0,0.0,0.0,0.0,0.0,0
2023-05-10 13:32:43,c2311-P-2840,c2311-P-2840,314.0,0.0,0.0,0.0,1,293.0,409.0,10,314.0,0.0,0.0,0.0,0.0,0.0,0
2023-05-10 13:32:43,c2311-P-2840,c2311-P-2840,314.0,0.0,0.0,0.0,10,293.5,409.0,10,314.0,0.0,0.0,0.0,0.0,0.0,0
2023-05-10 13:32:44,c2311-P-2840,c2311-P-2840,314.0,0.0,0.0,0.0,1,295.0,409.0,10,314.0,0.0,0.0,0.0,0.0,0.0,0
2023-05-10 13:32:45,c2311-P-2840,c2311-P-2840,314.0,0.0,0.0,0.0,10,295.5,409.0,10,314.0,0.0,0.0,0.0,0.0,0.0,0
2023-05-10 13:32:45,c2311-P-2840,c2311-P-2840,314.0,0.0,0.0,0.0,1,297.0,409.0,10,314.0,0.0,0.0,0.0,0.0,0.0,0
2023-05-10 13:32:45,c2311-P-2840,c2311-P-2840,314.0,0.0,0.0,0.0,10,297.5,409.0,10,314.0,0.0,0.0,0.0,0.0,0.0,0
2023-05-10 13:44:41,c2311-P-2840,c2311-P-2840,314.0,0.0,0.0,0.0,10,297.5,407.5,1,314.0,0.0,0.0,0.0,0.0,0.0,0
2023-05-10 13:44:41,c2311-P-2840,c2311-P-2840,314.0,0.0,0.0,0.0,10,297.5,407.0,10,314.0,0.0,0.0,0.0,0.0,0.0,0
2023-05-10 13:54:41,c2311-P-2840,c2311-P-2840,314.0,0.0,0.0,0.0,10,297.5,405.5,1,314.0,0.0,0.0,0.0,0.0,0.0,0
2023-05-10 13:54:41,c2311-P-2840,c2311-P-2840,314.0,0.0,0.0,0.0,10,297.5,405.0,10,314.0,0.0,0.0,0.0,0.0,0.0,0
2023-05-10 13:54:42,c2311-P-2840,c2311-P-2840,314.0,0.0,0.0,0.0,10,297.5,403.5,1,314.0,0.0,0.0,0.0,0.0,0.0,0
2023-05-10 13:54:42,c2311-P-2840,c2311-P-2840,314.0,0.0,0.0,0.0,10,297.5,403.0,10,314.0,0.0,0.0,0.0,0.0,0.0,0
2023-05-10 14:59:02,c2311-P-2840,c2311-P-2840,314.0,0.0,0.0,0.0,1,213.0,0.0,0,314.0,0.0,0.0,0.0,0.0,0.0,0
2023-05-10 14:59:03,c2311-P-2840,c2311-P-2840,314.0,0.0,0.0,0.0,1,214.5,463.5,1,314.0,0.0,0.0,0.0,0.0,0.0,0
2023-05-10 14:59:44,c2311-P-2840,c2311-P-2840,314.0,0.0,0.0,0.0,1,213.0,0.0,0,314.0,0.0,0.0,0.0,0.0,0.0,0
2023-05-10 15:01:15,c2311-P-2840,c2311-P-2840,314.0,0.0,0.0,0.0,1,213.0,0.0,0,314.0,0.0,0.0,0.0,0.0,0.0,0
