time,symbol_id,symbol_name,last,trade_volume,trade_amount,open_interest_change,bv1,bp1,ap1,av1,yesterday_close,today_open,today_high,today_low,volume,amount,open_interest
2023-05-09 20:56:15,c2403-P-2420,c2403-P-2420,56.5,0.0,0.0,0.0,1,0.5,0.0,0,56.5,0.0,0.0,0.0,0.0,0.0,0
2023-05-09 21:00:26,c2403-P-2420,c2403-P-2420,56.5,0.0,0.0,0.0,10,1.0,0.0,0,56.5,0.0,0.0,0.0,0.0,0.0,0
2023-05-09 21:00:40,c2403-P-2420,c2403-P-2420,56.5,0.0,0.0,0.0,1,1.5,0.0,0,56.5,0.0,0.0,0.0,0.0,0.0,0
2023-05-09 21:00:40,c2403-P-2420,c2403-P-2420,56.5,0.0,0.0,0.0,10,2.0,0.0,0,56.5,0.0,0.0,0.0,0.0,0.0,0
2023-05-09 21:00:51,c2403-P-2420,c2403-P-2420,56.5,0.0,0.0,0.0,1,4.5,0.0,0,56.5,0.0,0.0,0.0,0.0,0.0,0
2023-05-09 21:00:51,c2403-P-2420,c2403-P-2420,56.5,0.0,0.0,0.0,10,5.0,0.0,0,56.5,0.0,0.0,0.0,0.0,0.0,0
2023-05-09 21:01:12,c2403-P-2420,c2403-P-2420,56.5,0.0,0.0,0.0,1,5.5,0.0,0,56.5,0.0,0.0,0.0,0.0,0.0,0
2023-05-09 21:01:12,c2403-P-2420,c2403-P-2420,56.5,0.0,0.0,0.0,10,6.0,0.0,0,56.5,0.0,0.0,0.0,0.0,0.0,0
2023-05-09 21:27:57,c2403-P-2420,c2403-P-2420,56.5,0.0,0.0,0.0,1,5.5,0.0,0,56.5,0.0,0.0,0.0,0.0,0.0,0
2023-05-09 21:29:28,c2403-P-2420,c2403-P-2420,56.5,0.0,0.0,0.0,10,6.0,0.0,0,56.5,0.0,0.0,0.0,0.0,0.0,0
2023-05-09 21:30:40,c2403-P-2420,c2403-P-2420,56.5,0.0,0.0,0.0,1,6.5,0.0,0,56.5,0.0,0.0,0.0,0.0,0.0,0
2023-05-09 21:30:40,c2403-P-2420,c2403-P-2420,56.5,0.0,0.0,0.0,10,7.0,0.0,0,56.5,0.0,0.0,0.0,0.0,0.0,0
2023-05-09 22:00:40,c2403-P-2420,c2403-P-2420,56.5,0.0,0.0,0.0,1,7.5,0.0,0,56.5,0.0,0.0,0.0,0.0,0.0,0
2023-05-09 22:00:40,c2403-P-2420,c2403-P-2420,56.5,0.0,0.0,0.0,10,8.0,0.0,0,56.5,0.0,0.0,0.0,0.0,0.0,0
2023-05-09 22:30:40,c2403-P-2420,c2403-P-2420,56.5,0.0,0.0,0.0,1,8.5,0.0,0,56.5,0.0,0.0,0.0,0.0,0.0,0
2023-05-09 22:30:40,c2403-P-2420,c2403-P-2420,56.5,0.0,0.0,0.0,10,9.0,0.0,0,56.5,0.0,0.0,0.0,0.0,0.0,0
2023-05-09 22:57:33,c2403-P-2420,c2403-P-2420,56.5,0.0,0.0,0.0,1,8.5,0.0,0,56.5,0.0,0.0,0.0,0.0,0.0,0
2023-05-09 22:58:11,c2403-P-2420,c2403-P-2420,56.5,0.0,0.0,0.0,10,9.0,0.0,0,56.5,0.0,0.0,0.0,0.0,0.0,0
2023-05-09 22:59:55,c2403-P-2420,c2403-P-2420,56.5,0.0,0.0,0.0,1,8.5,0.0,0,56.5,0.0,0.0,0.0,0.0,0.0,0
2023-05-10 09:00:01,c2403-P-2420,c2403-P-2420,56.5,0.0,0.0,0.0,10,9.0,0.0,0,56.5,0.0,0.0,0.0,0.0,0.0,0
2023-05-10 09:00:39,c2403-P-2420,c2403-P-2420,56.5,0.0,0.0,0.0,1,9.5,0.0,0,56.5,0.0,0.0,0.0,0.0,0.0,0
2023-05-10 09:00:39,c2403-P-2420,c2403-P-2420,56.5,0.0,0.0,0.0,10,10.0,0.0,0,56.5,0.0,0.0,0.0,0.0,0.0,0
2023-05-10 09:00:57,c2403-P-2420,c2403-P-2420,56.5,0.0,0.0,0.0,1,11.5,0.0,0,56.5,0.0,0.0,0.0,0.0,0.0,0
2023-05-10 09:00:57,c2403-P-2420,c2403-P-2420,56.5,0.0,0.0,0.0,10,12.0,0.0,0,56.5,0.0,0.0,0.0,0.0,0.0,0
2023-05-10 09:36:54,c2403-P-2420,c2403-P-2420,56.5,0.0,0.0,0.0,1,12.5,0.0,0,56.5,0.0,0.0,0.0,0.0,0.0,0
2023-05-10 09:36:54,c2403-P-2420,c2403-P-2420,56.5,0.0,0.0,0.0,10,13.0,0.0,0,56.5,0.0,0.0,0.0,0.0,0.0,0
2023-05-10 10:07:05,c2403-P-2420,c2403-P-2420,56.5,0.0,0.0,0.0,10,14.0,0.0,0,56.5,0.0,0.0,0.0,0.0,0.0,0
2023-05-10 10:14:32,c2403-P-2420,c2403-P-2420,56.5,0.0,0.0,0.0,1,13.5,0.0,0,56.5,0.0,0.0,0.0,0.0,0.0,0
2023-05-10 10:30:23,c2403-P-2420,c2403-P-2420,56.5,0.0,0.0,0.0,10,14.0,0.0,0,56.5,0.0,0.0,0.0,0.0,0.0,0
2023-05-10 10:49:48,c2403-P-2420,c2403-P-2420,56.5,0.0,0.0,0.0,1,14.5,0.0,0,56.5,0.0,0.0,0.0,0.0,0.0,0
2023-05-10 10:49:48,c2403-P-2420,c2403-P-2420,56.5,0.0,0.0,0.0,10,15.0,0.0,0,56.5,0.0,0.0,0.0,0.0,0.0,0
2023-05-10 11:21:33,c2403-P-2420,c2403-P-2420,56.5,0.0,0.0,0.0,1,15.5,0.0,0,56.5,0.0,0.0,0.0,0.0,0.0,0
2023-05-10 11:21:33,c2403-P-2420,c2403-P-2420,56.5,0.0,0.0,0.0,10,16.0,0.0,0,56.5,0.0,0.0,0.0,0.0,0.0,0
2023-05-10 11:29:33,c2403-P-2420,c2403-P-2420,56.5,0.0,0.0,0.0,1,15.5,0.0,0,56.5,0.0,0.0,0.0,0.0,0.0,0
2023-05-10 11:29:43,c2403-P-2420,c2403-P-2420,56.5,0.0,0.0,0.0,1,11.5,0.0,0,56.5,0.0,0.0,0.0,0.0,0.0,0
2023-05-10 13:30:02,c2403-P-2420,c2403-P-2420,56.5,0.0,0.0,0.0,10,12.0,0.0,0,56.5,0.0,0.0,0.0,0.0,0.0,0
2023-05-10 13:30:36,c2403-P-2420,c2403-P-2420,56.5,0.0,0.0,0.0,1,12.5,0.0,0,56.5,0.0,0.0,0.0,0.0,0.0,0
2023-05-10 13:30:36,c2403-P-2420,c2403-P-2420,56.5,0.0,0.0,0.0,10,13.0,0.0,0,56.5,0.0,0.0,0.0,0.0,0.0,0
2023-05-10 13:37:47,c2403-P-2420,c2403-P-2420,56.5,0.0,0.0,0.0,1,21.0,0.0,0,56.5,0.0,0.0,0.0,0.0,0.0,0
2023-05-10 13:37:47,c2403-P-2420,c2403-P-2420,56.5,0.0,0.0,0.0,10,21.5,0.0,0,56.5,0.0,0.0,0.0,0.0,0.0,0
2023-05-10 13:38:37,c2403-P-2420,c2403-P-2420,56.5,0.0,0.0,0.0,1,25.5,0.0,0,56.5,0.0,0.0,0.0,0.0,0.0,0
2023-05-10 13:38:37,c2403-P-2420,c2403-P-2420,56.5,0.0,0.0,0.0,10,26.0,0.0,0,56.5,0.0,0.0,0.0,0.0,0.0,0
2023-05-10 13:38:57,c2403-P-2420,c2403-P-2420,56.5,0.0,0.0,0.0,1,26.5,0.0,0,56.5,0.0,0.0,0.0,0.0,0.0,0
2023-05-10 13:38:57,c2403-P-2420,c2403-P-2420,56.5,0.0,0.0,0.0,10,27.0,0.0,0,56.5,0.0,0.0,0.0,0.0,0.0,0
2023-05-10 13:41:03,c2403-P-2420,c2403-P-2420,56.5,0.0,0.0,0.0,1,27.5,0.0,0,56.5,0.0,0.0,0.0,0.0,0.0,0
2023-05-10 13:41:03,c2403-P-2420,c2403-P-2420,56.5,0.0,0.0,0.0,10,28.0,0.0,0,56.5,0.0,0.0,0.0,0.0,0.0,0
2023-05-10 13:41:07,c2403-P-2420,c2403-P-2420,56.5,0.0,0.0,0.0,1,28.5,0.0,0,56.5,0.0,0.0,0.0,0.0,0.0,0
2023-05-10 13:41:07,c2403-P-2420,c2403-P-2420,56.5,0.0,0.0,0.0,10,29.0,0.0,0,56.5,0.0,0.0,0.0,0.0,0.0,0
2023-05-10 14:00:37,c2403-P-2420,c2403-P-2420,56.5,0.0,0.0,0.0,1,33.0,0.0,0,56.5,0.0,0.0,0.0,0.0,0.0,0
2023-05-10 14:00:38,c2403-P-2420,c2403-P-2420,56.5,0.0,0.0,0.0,10,33.5,0.0,0,56.5,0.0,0.0,0.0,0.0,0.0,0
2023-05-10 14:00:39,c2403-P-2420,c2403-P-2420,56.5,0.0,0.0,0.0,1,34.0,0.0,0,56.5,0.0,0.0,0.0,0.0,0.0,0
2023-05-10 14:00:39,c2403-P-2420,c2403-P-2420,56.5,0.0,0.0,0.0,10,34.5,0.0,0,56.5,0.0,0.0,0.0,0.0,0.0,0
2023-05-10 14:00:40,c2403-P-2420,c2403-P-2420,56.5,0.0,0.0,0.0,1,35.0,0.0,0,56.5,0.0,0.0,0.0,0.0,0.0,0
2023-05-10 14:00:41,c2403-P-2420,c2403-P-2420,56.5,0.0,0.0,0.0,10,35.5,0.0,0,56.5,0.0,0.0,0.0,0.0,0.0,0
2023-05-10 14:00:42,c2403-P-2420,c2403-P-2420,56.5,0.0,0.0,0.0,1,36.0,0.0,0,56.5,0.0,0.0,0.0,0.0,0.0,0
2023-05-10 14:00:42,c2403-P-2420,c2403-P-2420,56.5,0.0,0.0,0.0,10,36.5,0.0,0,56.5,0.0,0.0,0.0,0.0,0.0,0
2023-05-10 14:03:16,c2403-P-2420,c2403-P-2420,56.5,0.0,0.0,0.0,5,76.5,84.5,5,56.5,0.0,0.0,0.0,0.0,0.0,0
2023-05-10 14:03:17,c2403-P-2420,c2403-P-2420,56.5,0.0,0.0,0.0,10,76.5,84.5,10,56.5,0.0,0.0,0.0,0.0,0.0,0
2023-05-10 14:03:24,c2403-P-2420,c2403-P-2420,56.5,0.0,0.0,0.0,10,76.5,81.0,5,56.5,0.0,0.0,0.0,0.0,0.0,0
2023-05-10 14:03:27,c2403-P-2420,c2403-P-2420,56.5,0.0,0.0,0.0,10,76.5,81.0,10,56.5,0.0,0.0,0.0,0.0,0.0,0
2023-05-10 14:03:28,c2403-P-2420,c2403-P-2420,56.5,0.0,0.0,0.0,5,76.5,81.0,10,56.5,0.0,0.0,0.0,0.0,0.0,0
2023-05-10 14:03:29,c2403-P-2420,c2403-P-2420,56.5,0.0,0.0,0.0,5,76.0,81.0,10,56.5,0.0,0.0,0.0,0.0,0.0,0
2023-05-10 14:03:33,c2403-P-2420,c2403-P-2420,56.5,0.0,0.0,0.0,10,76.0,81.0,15,56.5,0.0,0.0,0.0,0.0,0.0,0
2023-05-10 14:03:35,c2403-P-2420,c2403-P-2420,56.5,0.0,0.0,0.0,10,76.0,81.0,10,56.5,0.0,0.0,0.0,0.0,0.0,0
2023-05-10 14:03:38,c2403-P-2420,c2403-P-2420,56.5,0.0,0.0,0.0,5,76.0,81.0,10,56.5,0.0,0.0,0.0,0.0,0.0,0
2023-05-10 14:03:38,c2403-P-2420,c2403-P-2420,56.5,0.0,0.0,0.0,5,76.0,81.0,5,56.5,0.0,0.0,0.0,0.0,0.0,0
2023-05-10 14:03:43,c2403-P-2420,c2403-P-2420,56.5,0.0,0.0,0.0,5,74.5,82.5,5,56.5,0.0,0.0,0.0,0.0,0.0,0
2023-05-10 14:03:46,c2403-P-2420,c2403-P-2420,56.5,0.0,0.0,0.0,1,12.5,0.0,0,56.5,0.0,0.0,0.0,0.0,0.0,0
2023-05-10 14:03:46,c2403-P-2420,c2403-P-2420,56.5,0.0,0.0,0.0,10,13.0,0.0,0,56.5,0.0,0.0,0.0,0.0,0.0,0
2023-05-10 14:03:47,c2403-P-2420,c2403-P-2420,56.5,0.0,0.0,0.0,1,21.0,0.0,0,56.5,0.0,0.0,0.0,0.0,0.0,0
2023-05-10 14:03:47,c2403-P-2420,c2403-P-2420,56.5,0.0,0.0,0.0,10,21.5,0.0,0,56.5,0.0,0.0,0.0,0.0,0.0,0
2023-05-10 14:03:49,c2403-P-2420,c2403-P-2420,56.5,0.0,0.0,0.0,1,25.5,0.0,0,56.5,0.0,0.0,0.0,0.0,0.0,0
2023-05-10 14:03:49,c2403-P-2420,c2403-P-2420,56.5,0.0,0.0,0.0,10,26.0,0.0,0,56.5,0.0,0.0,0.0,0.0,0.0,0
2023-05-10 14:03:50,c2403-P-2420,c2403-P-2420,56.5,0.0,0.0,0.0,1,26.5,0.0,0,56.5,0.0,0.0,0.0,0.0,0.0,0
2023-05-10 14:03:51,c2403-P-2420,c2403-P-2420,56.5,0.0,0.0,0.0,10,27.0,0.0,0,56.5,0.0,0.0,0.0,0.0,0.0,0
2023-05-10 14:03:52,c2403-P-2420,c2403-P-2420,56.5,0.0,0.0,0.0,1,27.5,0.0,0,56.5,0.0,0.0,0.0,0.0,0.0,0
2023-05-10 14:03:52,c2403-P-2420,c2403-P-2420,56.5,0.0,0.0,0.0,10,28.0,0.0,0,56.5,0.0,0.0,0.0,0.0,0.0,0
2023-05-10 14:03:54,c2403-P-2420,c2403-P-2420,56.5,0.0,0.0,0.0,1,28.5,0.0,0,56.5,0.0,0.0,0.0,0.0,0.0,0
2023-05-10 14:03:54,c2403-P-2420,c2403-P-2420,56.5,0.0,0.0,0.0,10,29.0,0.0,0,56.5,0.0,0.0,0.0,0.0,0.0,0
2023-05-10 14:11:52,c2403-P-2420,c2403-P-2420,56.5,0.0,0.0,0.0,1,33.0,0.0,0,56.5,0.0,0.0,0.0,0.0,0.0,0
2023-05-10 14:11:52,c2403-P-2420,c2403-P-2420,56.5,0.0,0.0,0.0,10,33.5,0.0,0,56.5,0.0,0.0,0.0,0.0,0.0,0
2023-05-10 14:11:53,c2403-P-2420,c2403-P-2420,56.5,0.0,0.0,0.0,1,34.0,0.0,0,56.5,0.0,0.0,0.0,0.0,0.0,0
2023-05-10 14:11:54,c2403-P-2420,c2403-P-2420,56.5,0.0,0.0,0.0,10,34.5,0.0,0,56.5,0.0,0.0,0.0,0.0,0.0,0
2023-05-10 14:11:55,c2403-P-2420,c2403-P-2420,56.5,0.0,0.0,0.0,1,35.0,0.0,0,56.5,0.0,0.0,0.0,0.0,0.0,0
2023-05-10 14:11:55,c2403-P-2420,c2403-P-2420,56.5,0.0,0.0,0.0,10,35.5,0.0,0,56.5,0.0,0.0,0.0,0.0,0.0,0
2023-05-10 14:11:56,c2403-P-2420,c2403-P-2420,56.5,0.0,0.0,0.0,1,36.0,0.0,0,56.5,0.0,0.0,0.0,0.0,0.0,0
2023-05-10 14:11:56,c2403-P-2420,c2403-P-2420,56.5,0.0,0.0,0.0,10,36.5,0.0,0,56.5,0.0,0.0,0.0,0.0,0.0,0
2023-05-10 14:11:58,c2403-P-2420,c2403-P-2420,56.5,0.0,0.0,0.0,1,37.0,0.0,0,56.5,0.0,0.0,0.0,0.0,0.0,0
2023-05-10 14:11:58,c2403-P-2420,c2403-P-2420,56.5,0.0,0.0,0.0,10,37.5,0.0,0,56.5,0.0,0.0,0.0,0.0,0.0,0
2023-05-10 14:11:59,c2403-P-2420,c2403-P-2420,56.5,0.0,0.0,0.0,1,38.0,0.0,0,56.5,0.0,0.0,0.0,0.0,0.0,0
2023-05-10 14:11:59,c2403-P-2420,c2403-P-2420,56.5,0.0,0.0,0.0,10,38.5,0.0,0,56.5,0.0,0.0,0.0,0.0,0.0,0
2023-05-10 14:12:00,c2403-P-2420,c2403-P-2420,56.5,0.0,0.0,0.0,1,39.0,0.0,0,56.5,0.0,0.0,0.0,0.0,0.0,0
2023-05-10 14:12:00,c2403-P-2420,c2403-P-2420,56.5,0.0,0.0,0.0,10,39.5,0.0,0,56.5,0.0,0.0,0.0,0.0,0.0,0
2023-05-10 14:59:02,c2403-P-2420,c2403-P-2420,56.5,0.0,0.0,0.0,1,12.5,0.0,0,56.5,0.0,0.0,0.0,0.0,0.0,0
2023-05-10 14:59:06,c2403-P-2420,c2403-P-2420,56.5,0.0,0.0,0.0,1,20.5,0.0,0,56.5,0.0,0.0,0.0,0.0,0.0,0
2023-05-10 15:01:15,c2403-P-2420,c2403-P-2420,56.5,0.0,0.0,0.0,1,20.5,0.0,0,56.5,0.0,0.0,0.0,0.0,0.0,0
