time,symbol_id,symbol_name,last,trade_volume,trade_amount,open_interest_change,bv1,bp1,ap1,av1,yesterday_close,today_open,today_high,today_low,volume,amount,open_interest
2023-05-09 21:00:43,c2401-P-2700,c2401-P-2700,218.0,0.0,0.0,0.0,10,68.0,0.0,0,218.0,0.0,0.0,0.0,0.0,0.0,6
2023-05-09 21:00:44,c2401-P-2700,c2401-P-2700,218.0,0.0,0.0,0.0,10,69.0,0.0,0,218.0,0.0,0.0,0.0,0.0,0.0,6
2023-05-09 21:00:46,c2401-P-2700,c2401-P-2700,218.0,0.0,0.0,0.0,1,69.5,0.0,0,218.0,0.0,0.0,0.0,0.0,0.0,6
2023-05-09 21:00:46,c2401-P-2700,c2401-P-2700,218.0,0.0,0.0,0.0,10,70.0,0.0,0,218.0,0.0,0.0,0.0,0.0,0.0,6
2023-05-09 21:00:47,c2401-P-2700,c2401-P-2700,218.0,0.0,0.0,0.0,1,70.5,0.0,0,218.0,0.0,0.0,0.0,0.0,0.0,6
2023-05-09 21:00:47,c2401-P-2700,c2401-P-2700,218.0,0.0,0.0,0.0,10,71.0,0.0,0,218.0,0.0,0.0,0.0,0.0,0.0,6
2023-05-09 21:00:47,c2401-P-2700,c2401-P-2700,218.0,0.0,0.0,0.0,11,71.0,0.0,0,218.0,0.0,0.0,0.0,0.0,0.0,6
2023-05-09 21:00:50,c2401-P-2700,c2401-P-2700,218.0,0.0,0.0,0.0,1,107.5,0.0,0,218.0,0.0,0.0,0.0,0.0,0.0,6
2023-05-09 21:00:50,c2401-P-2700,c2401-P-2700,218.0,0.0,0.0,0.0,10,108.0,0.0,0,218.0,0.0,0.0,0.0,0.0,0.0,6
2023-05-09 21:01:11,c2401-P-2700,c2401-P-2700,218.0,0.0,0.0,0.0,1,110.5,0.0,0,218.0,0.0,0.0,0.0,0.0,0.0,6
2023-05-09 21:01:11,c2401-P-2700,c2401-P-2700,218.0,0.0,0.0,0.0,10,111.0,0.0,0,218.0,0.0,0.0,0.0,0.0,0.0,6
2023-05-09 21:27:57,c2401-P-2700,c2401-P-2700,218.0,0.0,0.0,0.0,1,110.5,0.0,0,218.0,0.0,0.0,0.0,0.0,0.0,6
2023-05-09 21:29:28,c2401-P-2700,c2401-P-2700,218.0,0.0,0.0,0.0,10,111.0,0.0,0,218.0,0.0,0.0,0.0,0.0,0.0,6
2023-05-09 21:30:47,c2401-P-2700,c2401-P-2700,218.0,0.0,0.0,0.0,1,111.5,0.0,0,218.0,0.0,0.0,0.0,0.0,0.0,6
2023-05-09 21:30:47,c2401-P-2700,c2401-P-2700,218.0,0.0,0.0,0.0,10,112.0,0.0,0,218.0,0.0,0.0,0.0,0.0,0.0,6
2023-05-09 22:00:47,c2401-P-2700,c2401-P-2700,218.0,0.0,0.0,0.0,1,112.5,0.0,0,218.0,0.0,0.0,0.0,0.0,0.0,6
2023-05-09 22:00:47,c2401-P-2700,c2401-P-2700,218.0,0.0,0.0,0.0,10,113.0,0.0,0,218.0,0.0,0.0,0.0,0.0,0.0,6
2023-05-09 22:30:48,c2401-P-2700,c2401-P-2700,218.0,0.0,0.0,0.0,1,113.5,0.0,0,218.0,0.0,0.0,0.0,0.0,0.0,6
2023-05-09 22:30:48,c2401-P-2700,c2401-P-2700,218.0,0.0,0.0,0.0,10,114.0,0.0,0,218.0,0.0,0.0,0.0,0.0,0.0,6
2023-05-09 22:57:33,c2401-P-2700,c2401-P-2700,218.0,0.0,0.0,0.0,1,113.5,0.0,0,218.0,0.0,0.0,0.0,0.0,0.0,6
2023-05-09 22:58:12,c2401-P-2700,c2401-P-2700,218.0,0.0,0.0,0.0,10,114.0,0.0,0,218.0,0.0,0.0,0.0,0.0,0.0,6
2023-05-09 22:59:55,c2401-P-2700,c2401-P-2700,218.0,0.0,0.0,0.0,1,113.5,0.0,0,218.0,0.0,0.0,0.0,0.0,0.0,6
2023-05-10 09:00:01,c2401-P-2700,c2401-P-2700,218.0,0.0,0.0,0.0,10,114.0,0.0,0,218.0,0.0,0.0,0.0,0.0,0.0,6
2023-05-10 09:00:38,c2401-P-2700,c2401-P-2700,218.0,0.0,0.0,0.0,1,114.5,0.0,0,218.0,0.0,0.0,0.0,0.0,0.0,6
2023-05-10 09:00:38,c2401-P-2700,c2401-P-2700,218.0,0.0,0.0,0.0,10,115.0,0.0,0,218.0,0.0,0.0,0.0,0.0,0.0,6
2023-05-10 09:00:56,c2401-P-2700,c2401-P-2700,218.0,0.0,0.0,0.0,1,127.5,0.0,0,218.0,0.0,0.0,0.0,0.0,0.0,6
2023-05-10 09:00:56,c2401-P-2700,c2401-P-2700,218.0,0.0,0.0,0.0,10,128.0,0.0,0,218.0,0.0,0.0,0.0,0.0,0.0,6
2023-05-10 09:36:28,c2401-P-2700,c2401-P-2700,218.0,0.0,0.0,0.0,1,128.5,0.0,0,218.0,0.0,0.0,0.0,0.0,0.0,6
2023-05-10 09:36:28,c2401-P-2700,c2401-P-2700,218.0,0.0,0.0,0.0,10,129.0,0.0,0,218.0,0.0,0.0,0.0,0.0,0.0,6
2023-05-10 10:07:01,c2401-P-2700,c2401-P-2700,218.0,0.0,0.0,0.0,1,129.5,0.0,0,218.0,0.0,0.0,0.0,0.0,0.0,6
2023-05-10 10:07:01,c2401-P-2700,c2401-P-2700,218.0,0.0,0.0,0.0,10,130.0,0.0,0,218.0,0.0,0.0,0.0,0.0,0.0,6
2023-05-10 10:14:32,c2401-P-2700,c2401-P-2700,218.0,0.0,0.0,0.0,1,129.5,0.0,0,218.0,0.0,0.0,0.0,0.0,0.0,6
2023-05-10 10:30:23,c2401-P-2700,c2401-P-2700,218.0,0.0,0.0,0.0,10,130.0,0.0,0,218.0,0.0,0.0,0.0,0.0,0.0,6
2023-05-10 10:44:12,c2401-P-2700,c2401-P-2700,218.0,0.0,0.0,0.0,1,130.5,0.0,0,218.0,0.0,0.0,0.0,0.0,0.0,6
2023-05-10 10:44:12,c2401-P-2700,c2401-P-2700,218.0,0.0,0.0,0.0,10,131.0,0.0,0,218.0,0.0,0.0,0.0,0.0,0.0,6
2023-05-10 11:21:28,c2401-P-2700,c2401-P-2700,218.0,0.0,0.0,0.0,1,131.5,0.0,0,218.0,0.0,0.0,0.0,0.0,0.0,6
2023-05-10 11:21:28,c2401-P-2700,c2401-P-2700,218.0,0.0,0.0,0.0,10,132.0,0.0,0,218.0,0.0,0.0,0.0,0.0,0.0,6
2023-05-10 11:29:33,c2401-P-2700,c2401-P-2700,218.0,0.0,0.0,0.0,1,131.5,0.0,0,218.0,0.0,0.0,0.0,0.0,0.0,6
2023-05-10 13:30:02,c2401-P-2700,c2401-P-2700,218.0,0.0,0.0,0.0,10,132.0,0.0,0,218.0,0.0,0.0,0.0,0.0,0.0,6
2023-05-10 13:30:35,c2401-P-2700,c2401-P-2700,218.0,0.0,0.0,0.0,1,132.5,0.0,0,218.0,0.0,0.0,0.0,0.0,0.0,6
2023-05-10 13:30:35,c2401-P-2700,c2401-P-2700,218.0,0.0,0.0,0.0,10,133.0,0.0,0,218.0,0.0,0.0,0.0,0.0,0.0,6
2023-05-10 14:01:19,c2401-P-2700,c2401-P-2700,218.0,0.0,0.0,0.0,1,133.5,0.0,0,218.0,0.0,0.0,0.0,0.0,0.0,6
2023-05-10 14:01:19,c2401-P-2700,c2401-P-2700,218.0,0.0,0.0,0.0,10,134.0,0.0,0,218.0,0.0,0.0,0.0,0.0,0.0,6
2023-05-10 14:34:44,c2401-P-2700,c2401-P-2700,218.0,0.0,0.0,0.0,1,134.5,0.0,0,218.0,0.0,0.0,0.0,0.0,0.0,6
2023-05-10 14:34:44,c2401-P-2700,c2401-P-2700,218.0,0.0,0.0,0.0,10,135.0,0.0,0,218.0,0.0,0.0,0.0,0.0,0.0,6
2023-05-10 14:59:02,c2401-P-2700,c2401-P-2700,218.0,0.0,0.0,0.0,1,134.5,0.0,0,218.0,0.0,0.0,0.0,0.0,0.0,6
2023-05-10 15:01:15,c2401-P-2700,c2401-P-2700,218.0,0.0,0.0,0.0,1,134.5,0.0,0,218.0,0.0,0.0,0.0,0.0,0.0,6
