time,symbol_id,symbol_name,last,trade_volume,trade_amount,open_interest_change,bv1,bp1,ap1,av1,yesterday_close,today_open,today_high,today_low,volume,amount,open_interest
2023-05-09 20:56:15,c2403-P-2480,c2403-P-2480,80.5,0.0,0.0,0.0,1,0.5,0.0,0,80.5,0.0,0.0,0.0,0.0,0.0,0
2023-05-09 21:00:26,c2403-P-2480,c2403-P-2480,80.5,0.0,0.0,0.0,10,1.0,0.0,0,80.5,0.0,0.0,0.0,0.0,0.0,0
2023-05-09 21:00:40,c2403-P-2480,c2403-P-2480,80.5,0.0,0.0,0.0,1,1.5,0.0,0,80.5,0.0,0.0,0.0,0.0,0.0,0
2023-05-09 21:00:40,c2403-P-2480,c2403-P-2480,80.5,0.0,0.0,0.0,10,2.0,0.0,0,80.5,0.0,0.0,0.0,0.0,0.0,0
2023-05-09 21:00:51,c2403-P-2480,c2403-P-2480,80.5,0.0,0.0,0.0,1,19.5,0.0,0,80.5,0.0,0.0,0.0,0.0,0.0,0
2023-05-09 21:00:51,c2403-P-2480,c2403-P-2480,80.5,0.0,0.0,0.0,10,20.0,0.0,0,80.5,0.0,0.0,0.0,0.0,0.0,0
2023-05-09 21:01:12,c2403-P-2480,c2403-P-2480,80.5,0.0,0.0,0.0,1,20.5,0.0,0,80.5,0.0,0.0,0.0,0.0,0.0,0
2023-05-09 21:01:12,c2403-P-2480,c2403-P-2480,80.5,0.0,0.0,0.0,10,21.0,0.0,0,80.5,0.0,0.0,0.0,0.0,0.0,0
2023-05-09 21:01:41,c2403-P-2480,c2403-P-2480,80.5,0.0,0.0,0.0,1,21.5,0.0,0,80.5,0.0,0.0,0.0,0.0,0.0,0
2023-05-09 21:01:41,c2403-P-2480,c2403-P-2480,80.5,0.0,0.0,0.0,10,22.0,0.0,0,80.5,0.0,0.0,0.0,0.0,0.0,0
2023-05-09 21:01:47,c2403-P-2480,c2403-P-2480,80.5,0.0,0.0,0.0,1,22.5,0.0,0,80.5,0.0,0.0,0.0,0.0,0.0,0
2023-05-09 21:01:47,c2403-P-2480,c2403-P-2480,80.5,0.0,0.0,0.0,10,23.0,0.0,0,80.5,0.0,0.0,0.0,0.0,0.0,0
2023-05-09 21:01:52,c2403-P-2480,c2403-P-2480,80.5,0.0,0.0,0.0,1,23.5,0.0,0,80.5,0.0,0.0,0.0,0.0,0.0,0
2023-05-09 21:01:52,c2403-P-2480,c2403-P-2480,80.5,0.0,0.0,0.0,10,24.0,0.0,0,80.5,0.0,0.0,0.0,0.0,0.0,0
2023-05-09 21:01:55,c2403-P-2480,c2403-P-2480,80.5,0.0,0.0,0.0,1,24.5,0.0,0,80.5,0.0,0.0,0.0,0.0,0.0,0
2023-05-09 21:01:55,c2403-P-2480,c2403-P-2480,80.5,0.0,0.0,0.0,10,25.0,0.0,0,80.5,0.0,0.0,0.0,0.0,0.0,0
2023-05-09 21:04:18,c2403-P-2480,c2403-P-2480,80.5,0.0,0.0,0.0,1,25.5,0.0,0,80.5,0.0,0.0,0.0,0.0,0.0,0
2023-05-09 21:04:18,c2403-P-2480,c2403-P-2480,80.5,0.0,0.0,0.0,10,26.0,0.0,0,80.5,0.0,0.0,0.0,0.0,0.0,0
2023-05-09 21:04:37,c2403-P-2480,c2403-P-2480,80.5,0.0,0.0,0.0,1,26.5,0.0,0,80.5,0.0,0.0,0.0,0.0,0.0,0
2023-05-09 21:04:37,c2403-P-2480,c2403-P-2480,80.5,0.0,0.0,0.0,10,27.0,0.0,0,80.5,0.0,0.0,0.0,0.0,0.0,0
2023-05-09 21:05:24,c2403-P-2480,c2403-P-2480,80.5,0.0,0.0,0.0,1,27.5,0.0,0,80.5,0.0,0.0,0.0,0.0,0.0,0
2023-05-09 21:05:24,c2403-P-2480,c2403-P-2480,80.5,0.0,0.0,0.0,10,28.0,0.0,0,80.5,0.0,0.0,0.0,0.0,0.0,0
2023-05-09 21:06:14,c2403-P-2480,c2403-P-2480,80.5,0.0,0.0,0.0,1,28.5,0.0,0,80.5,0.0,0.0,0.0,0.0,0.0,0
2023-05-09 21:06:14,c2403-P-2480,c2403-P-2480,80.5,0.0,0.0,0.0,10,29.0,0.0,0,80.5,0.0,0.0,0.0,0.0,0.0,0
2023-05-09 21:07:12,c2403-P-2480,c2403-P-2480,80.5,0.0,0.0,0.0,1,29.5,0.0,0,80.5,0.0,0.0,0.0,0.0,0.0,0
2023-05-09 21:07:12,c2403-P-2480,c2403-P-2480,80.5,0.0,0.0,0.0,10,30.0,0.0,0,80.5,0.0,0.0,0.0,0.0,0.0,0
2023-05-09 21:07:16,c2403-P-2480,c2403-P-2480,80.5,0.0,0.0,0.0,1,30.5,0.0,0,80.5,0.0,0.0,0.0,0.0,0.0,0
2023-05-09 21:07:16,c2403-P-2480,c2403-P-2480,80.5,0.0,0.0,0.0,10,31.0,0.0,0,80.5,0.0,0.0,0.0,0.0,0.0,0
2023-05-09 21:27:57,c2403-P-2480,c2403-P-2480,80.5,0.0,0.0,0.0,1,20.5,0.0,0,80.5,0.0,0.0,0.0,0.0,0.0,0
2023-05-09 21:27:57,c2403-P-2480,c2403-P-2480,80.5,0.0,0.0,0.0,1,21.0,0.0,0,80.5,0.0,0.0,0.0,0.0,0.0,0
2023-05-09 21:29:28,c2403-P-2480,c2403-P-2480,80.5,0.0,0.0,0.0,10,21.5,0.0,0,80.5,0.0,0.0,0.0,0.0,0.0,0
2023-05-09 21:29:29,c2403-P-2480,c2403-P-2480,80.5,0.0,0.0,0.0,1,22.0,0.0,0,80.5,0.0,0.0,0.0,0.0,0.0,0
2023-05-09 21:29:29,c2403-P-2480,c2403-P-2480,80.5,0.0,0.0,0.0,10,22.5,0.0,0,80.5,0.0,0.0,0.0,0.0,0.0,0
2023-05-09 21:29:30,c2403-P-2480,c2403-P-2480,80.5,0.0,0.0,0.0,1,23.0,0.0,0,80.5,0.0,0.0,0.0,0.0,0.0,0
2023-05-09 21:29:30,c2403-P-2480,c2403-P-2480,80.5,0.0,0.0,0.0,10,23.5,0.0,0,80.5,0.0,0.0,0.0,0.0,0.0,0
2023-05-09 21:29:31,c2403-P-2480,c2403-P-2480,80.5,0.0,0.0,0.0,1,24.0,0.0,0,80.5,0.0,0.0,0.0,0.0,0.0,0
2023-05-09 21:29:31,c2403-P-2480,c2403-P-2480,80.5,0.0,0.0,0.0,10,24.5,0.0,0,80.5,0.0,0.0,0.0,0.0,0.0,0
2023-05-09 21:29:32,c2403-P-2480,c2403-P-2480,80.5,0.0,0.0,0.0,1,25.0,0.0,0,80.5,0.0,0.0,0.0,0.0,0.0,0
2023-05-09 21:29:32,c2403-P-2480,c2403-P-2480,80.5,0.0,0.0,0.0,10,25.5,0.0,0,80.5,0.0,0.0,0.0,0.0,0.0,0
2023-05-09 21:29:33,c2403-P-2480,c2403-P-2480,80.5,0.0,0.0,0.0,1,26.0,0.0,0,80.5,0.0,0.0,0.0,0.0,0.0,0
2023-05-09 21:29:33,c2403-P-2480,c2403-P-2480,80.5,0.0,0.0,0.0,10,26.5,0.0,0,80.5,0.0,0.0,0.0,0.0,0.0,0
2023-05-09 21:29:35,c2403-P-2480,c2403-P-2480,80.5,0.0,0.0,0.0,1,27.0,0.0,0,80.5,0.0,0.0,0.0,0.0,0.0,0
2023-05-09 21:29:35,c2403-P-2480,c2403-P-2480,80.5,0.0,0.0,0.0,10,27.5,0.0,0,80.5,0.0,0.0,0.0,0.0,0.0,0
2023-05-09 21:29:36,c2403-P-2480,c2403-P-2480,80.5,0.0,0.0,0.0,1,28.0,0.0,0,80.5,0.0,0.0,0.0,0.0,0.0,0
2023-05-09 21:29:36,c2403-P-2480,c2403-P-2480,80.5,0.0,0.0,0.0,10,28.5,0.0,0,80.5,0.0,0.0,0.0,0.0,0.0,0
2023-05-09 21:29:38,c2403-P-2480,c2403-P-2480,80.5,0.0,0.0,0.0,1,29.0,0.0,0,80.5,0.0,0.0,0.0,0.0,0.0,0
2023-05-09 21:29:38,c2403-P-2480,c2403-P-2480,80.5,0.0,0.0,0.0,10,29.5,0.0,0,80.5,0.0,0.0,0.0,0.0,0.0,0
2023-05-09 21:29:39,c2403-P-2480,c2403-P-2480,80.5,0.0,0.0,0.0,1,30.0,0.0,0,80.5,0.0,0.0,0.0,0.0,0.0,0
2023-05-09 21:29:40,c2403-P-2480,c2403-P-2480,80.5,0.0,0.0,0.0,10,30.5,0.0,0,80.5,0.0,0.0,0.0,0.0,0.0,0
2023-05-09 21:30:40,c2403-P-2480,c2403-P-2480,80.5,0.0,0.0,0.0,1,31.0,0.0,0,80.5,0.0,0.0,0.0,0.0,0.0,0
2023-05-09 21:30:40,c2403-P-2480,c2403-P-2480,80.5,0.0,0.0,0.0,10,31.5,0.0,0,80.5,0.0,0.0,0.0,0.0,0.0,0
2023-05-09 22:00:40,c2403-P-2480,c2403-P-2480,80.5,0.0,0.0,0.0,1,32.0,0.0,0,80.5,0.0,0.0,0.0,0.0,0.0,0
2023-05-09 22:00:40,c2403-P-2480,c2403-P-2480,80.5,0.0,0.0,0.0,10,32.5,0.0,0,80.5,0.0,0.0,0.0,0.0,0.0,0
2023-05-09 22:30:40,c2403-P-2480,c2403-P-2480,80.5,0.0,0.0,0.0,1,33.0,0.0,0,80.5,0.0,0.0,0.0,0.0,0.0,0
2023-05-09 22:30:40,c2403-P-2480,c2403-P-2480,80.5,0.0,0.0,0.0,10,33.5,0.0,0,80.5,0.0,0.0,0.0,0.0,0.0,0
2023-05-09 22:57:33,c2403-P-2480,c2403-P-2480,80.5,0.0,0.0,0.0,1,33.0,0.0,0,80.5,0.0,0.0,0.0,0.0,0.0,0
2023-05-09 22:58:11,c2403-P-2480,c2403-P-2480,80.5,0.0,0.0,0.0,10,33.5,0.0,0,80.5,0.0,0.0,0.0,0.0,0.0,0
2023-05-09 22:59:55,c2403-P-2480,c2403-P-2480,80.5,0.0,0.0,0.0,1,33.0,0.0,0,80.5,0.0,0.0,0.0,0.0,0.0,0
2023-05-10 09:00:01,c2403-P-2480,c2403-P-2480,80.5,0.0,0.0,0.0,10,33.5,0.0,0,80.5,0.0,0.0,0.0,0.0,0.0,0
2023-05-10 09:00:39,c2403-P-2480,c2403-P-2480,80.5,0.0,0.0,0.0,1,34.0,0.0,0,80.5,0.0,0.0,0.0,0.0,0.0,0
2023-05-10 09:00:39,c2403-P-2480,c2403-P-2480,80.5,0.0,0.0,0.0,10,34.5,0.0,0,80.5,0.0,0.0,0.0,0.0,0.0,0
2023-05-10 09:36:54,c2403-P-2480,c2403-P-2480,80.5,0.0,0.0,0.0,1,35.0,0.0,0,80.5,0.0,0.0,0.0,0.0,0.0,0
2023-05-10 09:36:54,c2403-P-2480,c2403-P-2480,80.5,0.0,0.0,0.0,10,35.5,0.0,0,80.5,0.0,0.0,0.0,0.0,0.0,0
2023-05-10 10:07:05,c2403-P-2480,c2403-P-2480,80.5,0.0,0.0,0.0,10,36.5,0.0,0,80.5,0.0,0.0,0.0,0.0,0.0,0
2023-05-10 10:14:32,c2403-P-2480,c2403-P-2480,80.5,0.0,0.0,0.0,1,36.0,0.0,0,80.5,0.0,0.0,0.0,0.0,0.0,0
2023-05-10 10:30:23,c2403-P-2480,c2403-P-2480,80.5,0.0,0.0,0.0,10,36.5,0.0,0,80.5,0.0,0.0,0.0,0.0,0.0,0
2023-05-10 10:53:55,c2403-P-2480,c2403-P-2480,80.5,0.0,0.0,0.0,1,37.0,0.0,0,80.5,0.0,0.0,0.0,0.0,0.0,0
2023-05-10 10:53:55,c2403-P-2480,c2403-P-2480,80.5,0.0,0.0,0.0,10,37.5,0.0,0,80.5,0.0,0.0,0.0,0.0,0.0,0
2023-05-10 11:25:57,c2403-P-2480,c2403-P-2480,80.5,0.0,0.0,0.0,1,38.0,0.0,0,80.5,0.0,0.0,0.0,0.0,0.0,0
2023-05-10 11:25:57,c2403-P-2480,c2403-P-2480,80.5,0.0,0.0,0.0,10,38.5,0.0,0,80.5,0.0,0.0,0.0,0.0,0.0,0
2023-05-10 11:29:33,c2403-P-2480,c2403-P-2480,80.5,0.0,0.0,0.0,1,38.0,0.0,0,80.5,0.0,0.0,0.0,0.0,0.0,0
2023-05-10 11:29:43,c2403-P-2480,c2403-P-2480,80.5,0.0,0.0,0.0,1,28.5,0.0,0,80.5,0.0,0.0,0.0,0.0,0.0,0
2023-05-10 13:30:02,c2403-P-2480,c2403-P-2480,80.5,0.0,0.0,0.0,10,29.0,0.0,0,80.5,0.0,0.0,0.0,0.0,0.0,0
2023-05-10 13:30:36,c2403-P-2480,c2403-P-2480,80.5,0.0,0.0,0.0,1,29.5,0.0,0,80.5,0.0,0.0,0.0,0.0,0.0,0
2023-05-10 13:30:36,c2403-P-2480,c2403-P-2480,80.5,0.0,0.0,0.0,10,30.0,0.0,0,80.5,0.0,0.0,0.0,0.0,0.0,0
2023-05-10 13:31:35,c2403-P-2480,c2403-P-2480,80.5,0.0,0.0,0.0,1,30.5,0.0,0,80.5,0.0,0.0,0.0,0.0,0.0,0
2023-05-10 13:31:35,c2403-P-2480,c2403-P-2480,80.5,0.0,0.0,0.0,10,31.0,0.0,0,80.5,0.0,0.0,0.0,0.0,0.0,0
2023-05-10 14:00:37,c2403-P-2480,c2403-P-2480,80.5,0.0,0.0,0.0,1,31.5,0.0,0,80.5,0.0,0.0,0.0,0.0,0.0,0
2023-05-10 14:00:37,c2403-P-2480,c2403-P-2480,80.5,0.0,0.0,0.0,10,32.0,0.0,0,80.5,0.0,0.0,0.0,0.0,0.0,0
2023-05-10 14:00:39,c2403-P-2480,c2403-P-2480,80.5,0.0,0.0,0.0,1,32.5,0.0,0,80.5,0.0,0.0,0.0,0.0,0.0,0
2023-05-10 14:00:39,c2403-P-2480,c2403-P-2480,80.5,0.0,0.0,0.0,10,33.0,0.0,0,80.5,0.0,0.0,0.0,0.0,0.0,0
2023-05-10 14:00:41,c2403-P-2480,c2403-P-2480,80.5,0.0,0.0,0.0,1,33.5,0.0,0,80.5,0.0,0.0,0.0,0.0,0.0,0
2023-05-10 14:00:41,c2403-P-2480,c2403-P-2480,80.5,0.0,0.0,0.0,10,34.0,0.0,0,80.5,0.0,0.0,0.0,0.0,0.0,0
2023-05-10 14:00:42,c2403-P-2480,c2403-P-2480,80.5,0.0,0.0,0.0,1,34.5,0.0,0,80.5,0.0,0.0,0.0,0.0,0.0,0
2023-05-10 14:00:42,c2403-P-2480,c2403-P-2480,80.5,0.0,0.0,0.0,10,35.0,0.0,0,80.5,0.0,0.0,0.0,0.0,0.0,0
2023-05-10 14:03:16,c2403-P-2480,c2403-P-2480,80.5,0.0,0.0,0.0,5,103.0,113.0,5,80.5,0.0,0.0,0.0,0.0,0.0,0
2023-05-10 14:03:17,c2403-P-2480,c2403-P-2480,80.5,0.0,0.0,0.0,10,103.0,113.0,10,80.5,0.0,0.0,0.0,0.0,0.0,0
2023-05-10 14:03:24,c2403-P-2480,c2403-P-2480,80.5,0.0,0.0,0.0,10,103.0,108.5,5,80.5,0.0,0.0,0.0,0.0,0.0,0
2023-05-10 14:03:28,c2403-P-2480,c2403-P-2480,80.5,0.0,0.0,0.0,5,103.0,108.5,5,80.5,0.0,0.0,0.0,0.0,0.0,0
2023-05-10 14:03:29,c2403-P-2480,c2403-P-2480,80.5,0.0,0.0,0.0,5,102.5,108.5,5,80.5,0.0,0.0,0.0,0.0,0.0,0
2023-05-10 14:03:33,c2403-P-2480,c2403-P-2480,80.5,0.0,0.0,0.0,10,102.5,108.5,10,80.5,0.0,0.0,0.0,0.0,0.0,0
2023-05-10 14:03:35,c2403-P-2480,c2403-P-2480,80.5,0.0,0.0,0.0,10,102.5,108.5,5,80.5,0.0,0.0,0.0,0.0,0.0,0
2023-05-10 14:03:38,c2403-P-2480,c2403-P-2480,80.5,0.0,0.0,0.0,5,102.5,108.5,5,80.5,0.0,0.0,0.0,0.0,0.0,0
2023-05-10 14:03:43,c2403-P-2480,c2403-P-2480,80.5,0.0,0.0,0.0,5,100.5,110.5,5,80.5,0.0,0.0,0.0,0.0,0.0,0
2023-05-10 14:03:46,c2403-P-2480,c2403-P-2480,80.5,0.0,0.0,0.0,1,29.5,0.0,0,80.5,0.0,0.0,0.0,0.0,0.0,0
2023-05-10 14:03:46,c2403-P-2480,c2403-P-2480,80.5,0.0,0.0,0.0,10,30.0,0.0,0,80.5,0.0,0.0,0.0,0.0,0.0,0
2023-05-10 14:03:47,c2403-P-2480,c2403-P-2480,80.5,0.0,0.0,0.0,1,30.5,0.0,0,80.5,0.0,0.0,0.0,0.0,0.0,0
2023-05-10 14:03:47,c2403-P-2480,c2403-P-2480,80.5,0.0,0.0,0.0,10,31.0,0.0,0,80.5,0.0,0.0,0.0,0.0,0.0,0
2023-05-10 14:11:52,c2403-P-2480,c2403-P-2480,80.5,0.0,0.0,0.0,1,35.0,0.0,0,80.5,0.0,0.0,0.0,0.0,0.0,0
2023-05-10 14:11:52,c2403-P-2480,c2403-P-2480,80.5,0.0,0.0,0.0,10,35.5,0.0,0,80.5,0.0,0.0,0.0,0.0,0.0,0
2023-05-10 14:11:53,c2403-P-2480,c2403-P-2480,80.5,0.0,0.0,0.0,1,36.0,0.0,0,80.5,0.0,0.0,0.0,0.0,0.0,0
2023-05-10 14:11:53,c2403-P-2480,c2403-P-2480,80.5,0.0,0.0,0.0,10,36.5,0.0,0,80.5,0.0,0.0,0.0,0.0,0.0,0
2023-05-10 14:11:54,c2403-P-2480,c2403-P-2480,80.5,0.0,0.0,0.0,1,37.0,0.0,0,80.5,0.0,0.0,0.0,0.0,0.0,0
2023-05-10 14:11:54,c2403-P-2480,c2403-P-2480,80.5,0.0,0.0,0.0,10,37.5,0.0,0,80.5,0.0,0.0,0.0,0.0,0.0,0
2023-05-10 14:11:55,c2403-P-2480,c2403-P-2480,80.5,0.0,0.0,0.0,1,38.0,0.0,0,80.5,0.0,0.0,0.0,0.0,0.0,0
2023-05-10 14:11:55,c2403-P-2480,c2403-P-2480,80.5,0.0,0.0,0.0,10,38.5,0.0,0,80.5,0.0,0.0,0.0,0.0,0.0,0
2023-05-10 14:11:57,c2403-P-2480,c2403-P-2480,80.5,0.0,0.0,0.0,1,39.0,0.0,0,80.5,0.0,0.0,0.0,0.0,0.0,0
2023-05-10 14:11:57,c2403-P-2480,c2403-P-2480,80.5,0.0,0.0,0.0,10,39.5,0.0,0,80.5,0.0,0.0,0.0,0.0,0.0,0
2023-05-10 14:25:29,c2403-P-2480,c2403-P-2480,80.5,0.0,0.0,0.0,1,40.0,0.0,0,80.5,0.0,0.0,0.0,0.0,0.0,0
2023-05-10 14:25:29,c2403-P-2480,c2403-P-2480,80.5,0.0,0.0,0.0,10,40.5,0.0,0,80.5,0.0,0.0,0.0,0.0,0.0,0
2023-05-10 14:58:47,c2403-P-2480,c2403-P-2480,80.5,0.0,0.0,0.0,1,41.0,0.0,0,80.5,0.0,0.0,0.0,0.0,0.0,0
2023-05-10 14:58:47,c2403-P-2480,c2403-P-2480,80.5,0.0,0.0,0.0,10,41.5,0.0,0,80.5,0.0,0.0,0.0,0.0,0.0,0
2023-05-10 14:59:02,c2403-P-2480,c2403-P-2480,80.5,0.0,0.0,0.0,1,41.0,0.0,0,80.5,0.0,0.0,0.0,0.0,0.0,0
2023-05-10 15:01:15,c2403-P-2480,c2403-P-2480,80.5,0.0,0.0,0.0,1,41.0,0.0,0,80.5,0.0,0.0,0.0,0.0,0.0,0
