time,symbol_id,symbol_name,last,trade_volume,trade_amount,open_interest_change,bv1,bp1,ap1,av1,yesterday_close,today_open,today_high,today_low,volume,amount,open_interest
2023-05-09 21:00:43,c2401-P-2620,c2401-P-2620,162.5,0.0,0.0,0.0,10,12.5,0.0,0,162.5,0.0,0.0,0.0,0.0,0.0,0
2023-05-09 21:00:44,c2401-P-2620,c2401-P-2620,162.5,0.0,0.0,0.0,10,13.5,0.0,0,162.5,0.0,0.0,0.0,0.0,0.0,0
2023-05-09 21:00:46,c2401-P-2620,c2401-P-2620,162.5,0.0,0.0,0.0,1,14.0,0.0,0,162.5,0.0,0.0,0.0,0.0,0.0,0
2023-05-09 21:00:46,c2401-P-2620,c2401-P-2620,162.5,0.0,0.0,0.0,10,14.5,0.0,0,162.5,0.0,0.0,0.0,0.0,0.0,0
2023-05-09 21:00:47,c2401-P-2620,c2401-P-2620,162.5,0.0,0.0,0.0,1,15.0,0.0,0,162.5,0.0,0.0,0.0,0.0,0.0,0
2023-05-09 21:00:47,c2401-P-2620,c2401-P-2620,162.5,0.0,0.0,0.0,10,15.5,0.0,0,162.5,0.0,0.0,0.0,0.0,0.0,0
2023-05-09 21:00:47,c2401-P-2620,c2401-P-2620,162.5,0.0,0.0,0.0,11,15.5,0.0,0,162.5,0.0,0.0,0.0,0.0,0.0,0
2023-05-09 21:00:50,c2401-P-2620,c2401-P-2620,162.5,0.0,0.0,0.0,1,64.0,0.0,0,162.5,0.0,0.0,0.0,0.0,0.0,0
2023-05-09 21:00:50,c2401-P-2620,c2401-P-2620,162.5,0.0,0.0,0.0,10,64.5,0.0,0,162.5,0.0,0.0,0.0,0.0,0.0,0
2023-05-09 21:01:11,c2401-P-2620,c2401-P-2620,162.5,0.0,0.0,0.0,1,66.5,0.0,0,162.5,0.0,0.0,0.0,0.0,0.0,0
2023-05-09 21:01:11,c2401-P-2620,c2401-P-2620,162.5,0.0,0.0,0.0,10,67.0,0.0,0,162.5,0.0,0.0,0.0,0.0,0.0,0
2023-05-09 21:27:57,c2401-P-2620,c2401-P-2620,162.5,0.0,0.0,0.0,1,66.5,0.0,0,162.5,0.0,0.0,0.0,0.0,0.0,0
2023-05-09 21:29:28,c2401-P-2620,c2401-P-2620,162.5,0.0,0.0,0.0,10,67.0,0.0,0,162.5,0.0,0.0,0.0,0.0,0.0,0
2023-05-09 21:30:47,c2401-P-2620,c2401-P-2620,162.5,0.0,0.0,0.0,1,67.5,0.0,0,162.5,0.0,0.0,0.0,0.0,0.0,0
2023-05-09 21:30:47,c2401-P-2620,c2401-P-2620,162.5,0.0,0.0,0.0,10,68.0,0.0,0,162.5,0.0,0.0,0.0,0.0,0.0,0
2023-05-09 22:00:47,c2401-P-2620,c2401-P-2620,162.5,0.0,0.0,0.0,1,68.5,0.0,0,162.5,0.0,0.0,0.0,0.0,0.0,0
2023-05-09 22:00:47,c2401-P-2620,c2401-P-2620,162.5,0.0,0.0,0.0,10,69.0,0.0,0,162.5,0.0,0.0,0.0,0.0,0.0,0
2023-05-09 22:30:48,c2401-P-2620,c2401-P-2620,162.5,0.0,0.0,0.0,1,69.5,0.0,0,162.5,0.0,0.0,0.0,0.0,0.0,0
2023-05-09 22:30:48,c2401-P-2620,c2401-P-2620,162.5,0.0,0.0,0.0,10,70.0,0.0,0,162.5,0.0,0.0,0.0,0.0,0.0,0
2023-05-09 22:57:33,c2401-P-2620,c2401-P-2620,162.5,0.0,0.0,0.0,1,69.5,0.0,0,162.5,0.0,0.0,0.0,0.0,0.0,0
2023-05-09 22:58:13,c2401-P-2620,c2401-P-2620,162.5,0.0,0.0,0.0,10,70.0,0.0,0,162.5,0.0,0.0,0.0,0.0,0.0,0
2023-05-09 22:59:55,c2401-P-2620,c2401-P-2620,162.5,0.0,0.0,0.0,1,69.5,0.0,0,162.5,0.0,0.0,0.0,0.0,0.0,0
2023-05-10 09:00:01,c2401-P-2620,c2401-P-2620,162.5,0.0,0.0,0.0,10,70.0,0.0,0,162.5,0.0,0.0,0.0,0.0,0.0,0
2023-05-10 09:00:38,c2401-P-2620,c2401-P-2620,162.5,0.0,0.0,0.0,1,70.5,0.0,0,162.5,0.0,0.0,0.0,0.0,0.0,0
2023-05-10 09:00:38,c2401-P-2620,c2401-P-2620,162.5,0.0,0.0,0.0,10,71.0,0.0,0,162.5,0.0,0.0,0.0,0.0,0.0,0
2023-05-10 09:00:56,c2401-P-2620,c2401-P-2620,162.5,0.0,0.0,0.0,1,79.0,0.0,0,162.5,0.0,0.0,0.0,0.0,0.0,0
2023-05-10 09:00:56,c2401-P-2620,c2401-P-2620,162.5,0.0,0.0,0.0,10,79.5,0.0,0,162.5,0.0,0.0,0.0,0.0,0.0,0
2023-05-10 09:36:28,c2401-P-2620,c2401-P-2620,162.5,0.0,0.0,0.0,1,80.0,0.0,0,162.5,0.0,0.0,0.0,0.0,0.0,0
2023-05-10 09:36:28,c2401-P-2620,c2401-P-2620,162.5,0.0,0.0,0.0,10,80.5,0.0,0,162.5,0.0,0.0,0.0,0.0,0.0,0
2023-05-10 10:06:45,c2401-P-2620,c2401-P-2620,162.5,0.0,0.0,0.0,1,81.0,0.0,0,162.5,0.0,0.0,0.0,0.0,0.0,0
2023-05-10 10:06:45,c2401-P-2620,c2401-P-2620,162.5,0.0,0.0,0.0,10,81.5,0.0,0,162.5,0.0,0.0,0.0,0.0,0.0,0
2023-05-10 10:14:32,c2401-P-2620,c2401-P-2620,162.5,0.0,0.0,0.0,1,81.0,0.0,0,162.5,0.0,0.0,0.0,0.0,0.0,0
2023-05-10 10:30:23,c2401-P-2620,c2401-P-2620,162.5,0.0,0.0,0.0,10,81.5,0.0,0,162.5,0.0,0.0,0.0,0.0,0.0,0
2023-05-10 10:44:12,c2401-P-2620,c2401-P-2620,162.5,0.0,0.0,0.0,1,82.0,0.0,0,162.5,0.0,0.0,0.0,0.0,0.0,0
2023-05-10 10:44:12,c2401-P-2620,c2401-P-2620,162.5,0.0,0.0,0.0,10,82.5,0.0,0,162.5,0.0,0.0,0.0,0.0,0.0,0
2023-05-10 11:21:28,c2401-P-2620,c2401-P-2620,162.5,0.0,0.0,0.0,1,83.0,0.0,0,162.5,0.0,0.0,0.0,0.0,0.0,0
2023-05-10 11:21:28,c2401-P-2620,c2401-P-2620,162.5,0.0,0.0,0.0,10,83.5,0.0,0,162.5,0.0,0.0,0.0,0.0,0.0,0
2023-05-10 11:29:33,c2401-P-2620,c2401-P-2620,162.5,0.0,0.0,0.0,1,83.0,0.0,0,162.5,0.0,0.0,0.0,0.0,0.0,0
2023-05-10 13:30:02,c2401-P-2620,c2401-P-2620,162.5,0.0,0.0,0.0,10,83.5,0.0,0,162.5,0.0,0.0,0.0,0.0,0.0,0
2023-05-10 13:30:32,c2401-P-2620,c2401-P-2620,162.5,0.0,0.0,0.0,1,84.0,0.0,0,162.5,0.0,0.0,0.0,0.0,0.0,0
2023-05-10 13:30:32,c2401-P-2620,c2401-P-2620,162.5,0.0,0.0,0.0,10,84.5,0.0,0,162.5,0.0,0.0,0.0,0.0,0.0,0
2023-05-10 14:00:33,c2401-P-2620,c2401-P-2620,162.5,0.0,0.0,0.0,1,85.0,0.0,0,162.5,0.0,0.0,0.0,0.0,0.0,0
2023-05-10 14:00:33,c2401-P-2620,c2401-P-2620,162.5,0.0,0.0,0.0,10,85.5,0.0,0,162.5,0.0,0.0,0.0,0.0,0.0,0
2023-05-10 14:02:46,c2401-P-2620,c2401-P-2620,162.5,0.0,0.0,0.0,5,170.5,185.5,5,162.5,0.0,0.0,0.0,0.0,0.0,0
2023-05-10 14:02:47,c2401-P-2620,c2401-P-2620,162.5,0.0,0.0,0.0,10,170.5,185.5,10,162.5,0.0,0.0,0.0,0.0,0.0,0
2023-05-10 14:02:54,c2401-P-2620,c2401-P-2620,162.5,0.0,0.0,0.0,10,170.5,183.5,5,162.5,0.0,0.0,0.0,0.0,0.0,0
2023-05-10 14:02:57,c2401-P-2620,c2401-P-2620,162.5,0.0,0.0,0.0,10,170.5,182.5,5,162.5,0.0,0.0,0.0,0.0,0.0,0
2023-05-10 14:02:58,c2401-P-2620,c2401-P-2620,162.5,0.0,0.0,0.0,5,170.5,178.0,5,162.5,0.0,0.0,0.0,0.0,0.0,0
2023-05-10 14:02:59,c2401-P-2620,c2401-P-2620,162.5,0.0,0.0,0.0,6,170.0,178.0,5,162.5,0.0,0.0,0.0,0.0,0.0,0
2023-05-10 14:03:03,c2401-P-2620,c2401-P-2620,162.5,0.0,0.0,0.0,11,170.0,178.0,10,162.5,0.0,0.0,0.0,0.0,0.0,0
2023-05-10 14:03:06,c2401-P-2620,c2401-P-2620,162.5,0.0,0.0,0.0,10,170.0,178.0,10,162.5,0.0,0.0,0.0,0.0,0.0,0
2023-05-10 14:03:08,c2401-P-2620,c2401-P-2620,162.5,0.0,0.0,0.0,5,170.0,178.0,10,162.5,0.0,0.0,0.0,0.0,0.0,0
2023-05-10 14:03:10,c2401-P-2620,c2401-P-2620,162.5,0.0,0.0,0.0,5,170.0,178.0,5,162.5,0.0,0.0,0.0,0.0,0.0,0
2023-05-10 14:03:13,c2401-P-2620,c2401-P-2620,162.5,0.0,0.0,0.0,5,166.5,181.5,5,162.5,0.0,0.0,0.0,0.0,0.0,0
2023-05-10 14:03:16,c2401-P-2620,c2401-P-2620,162.5,0.0,0.0,0.0,10,85.5,0.0,0,162.5,0.0,0.0,0.0,0.0,0.0,0
2023-05-10 14:30:51,c2401-P-2620,c2401-P-2620,162.5,0.0,0.0,0.0,1,86.0,0.0,0,162.5,0.0,0.0,0.0,0.0,0.0,0
2023-05-10 14:30:51,c2401-P-2620,c2401-P-2620,162.5,0.0,0.0,0.0,10,86.5,0.0,0,162.5,0.0,0.0,0.0,0.0,0.0,0
2023-05-10 14:59:02,c2401-P-2620,c2401-P-2620,162.5,0.0,0.0,0.0,1,86.0,0.0,0,162.5,0.0,0.0,0.0,0.0,0.0,0
2023-05-10 15:01:14,c2401-P-2620,c2401-P-2620,162.5,0.0,0.0,0.0,1,86.0,0.0,0,162.5,0.0,0.0,0.0,0.0,0.0,0
