time,symbol_id,symbol_name,last,trade_volume,trade_amount,open_interest_change,bv1,bp1,ap1,av1,yesterday_close,today_open,today_high,today_low,volume,amount,open_interest
2023-05-09 20:58:02,c2401-P-2360,c2401-P-2360,41.5,0.0,0.0,0.0,2,1.0,0.0,0,41.5,45.5,0.0,0.0,0.0,0.0,173
2023-05-09 21:00:26,c2401-P-2360,c2401-P-2360,41.5,0.0,0.0,0.0,10,1.5,0.0,0,41.5,45.5,0.0,0.0,0.0,0.0,173
2023-05-09 21:00:35,c2401-P-2360,c2401-P-2360,41.5,0.0,0.0,0.0,1,2.0,0.0,0,41.5,45.5,0.0,0.0,0.0,0.0,173
2023-05-09 21:00:35,c2401-P-2360,c2401-P-2360,41.5,0.0,0.0,0.0,10,2.5,0.0,0,41.5,45.5,0.0,0.0,0.0,0.0,173
2023-05-09 21:01:34,c2401-P-2360,c2401-P-2360,41.5,0.0,0.0,0.0,2,6.5,0.0,0,41.5,45.5,0.0,0.0,0.0,0.0,173
2023-05-09 21:01:34,c2401-P-2360,c2401-P-2360,41.5,0.0,0.0,0.0,10,7.0,0.0,0,41.5,45.5,0.0,0.0,0.0,0.0,173
2023-05-09 21:01:49,c2401-P-2360,c2401-P-2360,41.5,0.0,0.0,0.0,2,7.5,0.0,0,41.5,45.5,0.0,0.0,0.0,0.0,173
2023-05-09 21:01:49,c2401-P-2360,c2401-P-2360,41.5,0.0,0.0,0.0,10,8.0,0.0,0,41.5,45.5,0.0,0.0,0.0,0.0,173
2023-05-09 21:01:54,c2401-P-2360,c2401-P-2360,41.5,0.0,0.0,0.0,2,8.5,0.0,0,41.5,45.5,0.0,0.0,0.0,0.0,173
2023-05-09 21:01:54,c2401-P-2360,c2401-P-2360,41.5,0.0,0.0,0.0,10,9.0,0.0,0,41.5,45.5,0.0,0.0,0.0,0.0,173
2023-05-09 21:03:43,c2401-P-2360,c2401-P-2360,41.5,0.0,0.0,0.0,2,9.5,0.0,0,41.5,45.5,0.0,0.0,0.0,0.0,173
2023-05-09 21:03:43,c2401-P-2360,c2401-P-2360,41.5,0.0,0.0,0.0,10,10.0,0.0,0,41.5,45.5,0.0,0.0,0.0,0.0,173
2023-05-09 21:03:45,c2401-P-2360,c2401-P-2360,41.5,0.0,0.0,0.0,2,10.5,0.0,0,41.5,45.5,0.0,0.0,0.0,0.0,173
2023-05-09 21:03:45,c2401-P-2360,c2401-P-2360,41.5,0.0,0.0,0.0,10,11.0,0.0,0,41.5,45.5,0.0,0.0,0.0,0.0,173
2023-05-09 21:03:47,c2401-P-2360,c2401-P-2360,41.5,0.0,0.0,0.0,2,11.5,0.0,0,41.5,45.5,0.0,0.0,0.0,0.0,173
2023-05-09 21:03:47,c2401-P-2360,c2401-P-2360,41.5,0.0,0.0,0.0,10,12.0,0.0,0,41.5,45.5,0.0,0.0,0.0,0.0,173
2023-05-09 21:03:49,c2401-P-2360,c2401-P-2360,41.5,0.0,0.0,0.0,2,12.5,0.0,0,41.5,45.5,0.0,0.0,0.0,0.0,173
2023-05-09 21:03:49,c2401-P-2360,c2401-P-2360,41.5,0.0,0.0,0.0,10,13.0,0.0,0,41.5,45.5,0.0,0.0,0.0,0.0,173
2023-05-09 21:03:51,c2401-P-2360,c2401-P-2360,41.5,0.0,0.0,0.0,2,13.5,0.0,0,41.5,45.5,0.0,0.0,0.0,0.0,173
2023-05-09 21:03:51,c2401-P-2360,c2401-P-2360,41.5,0.0,0.0,0.0,10,14.0,0.0,0,41.5,45.5,0.0,0.0,0.0,0.0,173
2023-05-09 21:06:03,c2401-P-2360,c2401-P-2360,41.5,0.0,0.0,0.0,10,14.0,188.5,10,41.5,45.5,0.0,0.0,0.0,0.0,173
2023-05-09 21:10:49,c2401-P-2360,c2401-P-2360,41.5,0.0,0.0,0.0,10,14.5,188.5,10,41.5,45.5,0.0,0.0,0.0,0.0,173
2023-05-09 21:10:49,c2401-P-2360,c2401-P-2360,41.5,0.0,0.0,0.0,12,15.0,188.5,10,41.5,45.5,0.0,0.0,0.0,0.0,173
2023-05-09 21:10:50,c2401-P-2360,c2401-P-2360,41.5,0.0,0.0,0.0,12,15.0,188.0,1,41.5,45.5,0.0,0.0,0.0,0.0,173
2023-05-09 21:10:50,c2401-P-2360,c2401-P-2360,41.5,0.0,0.0,0.0,12,15.0,187.5,10,41.5,45.5,0.0,0.0,0.0,0.0,173
2023-05-09 21:10:51,c2401-P-2360,c2401-P-2360,41.5,0.0,0.0,0.0,12,15.0,187.0,1,41.5,45.5,0.0,0.0,0.0,0.0,173
2023-05-09 21:10:51,c2401-P-2360,c2401-P-2360,41.5,0.0,0.0,0.0,12,15.0,186.5,10,41.5,45.5,0.0,0.0,0.0,0.0,173
2023-05-09 21:10:52,c2401-P-2360,c2401-P-2360,41.5,0.0,0.0,0.0,12,15.0,186.0,1,41.5,45.5,0.0,0.0,0.0,0.0,173
2023-05-09 21:10:52,c2401-P-2360,c2401-P-2360,41.5,0.0,0.0,0.0,12,15.0,185.5,10,41.5,45.5,0.0,0.0,0.0,0.0,173
2023-05-09 21:10:53,c2401-P-2360,c2401-P-2360,41.5,0.0,0.0,0.0,12,15.0,185.0,1,41.5,45.5,0.0,0.0,0.0,0.0,173
2023-05-09 21:10:53,c2401-P-2360,c2401-P-2360,41.5,0.0,0.0,0.0,12,15.0,184.5,10,41.5,45.5,0.0,0.0,0.0,0.0,173
2023-05-09 21:11:05,c2401-P-2360,c2401-P-2360,41.5,0.0,0.0,0.0,10,15.0,184.5,10,41.5,45.5,0.0,0.0,0.0,0.0,173
2023-05-09 21:18:33,c2401-P-2360,c2401-P-2360,41.5,0.0,0.0,0.0,10,15.0,184.0,1,41.5,45.5,0.0,0.0,0.0,0.0,173
2023-05-09 21:18:33,c2401-P-2360,c2401-P-2360,41.5,0.0,0.0,0.0,10,15.0,183.5,10,41.5,45.5,0.0,0.0,0.0,0.0,173
2023-05-09 21:18:42,c2401-P-2360,c2401-P-2360,41.5,0.0,0.0,0.0,10,15.0,183.0,1,41.5,45.5,0.0,0.0,0.0,0.0,173
2023-05-09 21:18:43,c2401-P-2360,c2401-P-2360,41.5,0.0,0.0,0.0,10,15.0,182.0,10,41.5,45.5,0.0,0.0,0.0,0.0,173
2023-05-09 21:18:47,c2401-P-2360,c2401-P-2360,41.5,0.0,0.0,0.0,10,15.0,181.5,1,41.5,45.5,0.0,0.0,0.0,0.0,173
2023-05-09 21:18:47,c2401-P-2360,c2401-P-2360,41.5,0.0,0.0,0.0,10,15.0,181.0,10,41.5,45.5,0.0,0.0,0.0,0.0,173
2023-05-09 21:18:52,c2401-P-2360,c2401-P-2360,41.5,0.0,0.0,0.0,10,15.0,180.5,1,41.5,45.5,0.0,0.0,0.0,0.0,173
2023-05-09 21:18:52,c2401-P-2360,c2401-P-2360,41.5,0.0,0.0,0.0,10,15.0,180.0,10,41.5,45.5,0.0,0.0,0.0,0.0,173
2023-05-09 21:18:57,c2401-P-2360,c2401-P-2360,41.5,0.0,0.0,0.0,10,15.0,179.5,1,41.5,45.5,0.0,0.0,0.0,0.0,173
2023-05-09 21:18:57,c2401-P-2360,c2401-P-2360,41.5,0.0,0.0,0.0,10,15.0,179.0,10,41.5,45.5,0.0,0.0,0.0,0.0,173
2023-05-09 21:18:58,c2401-P-2360,c2401-P-2360,41.5,0.0,0.0,0.0,10,15.0,178.5,1,41.5,45.5,0.0,0.0,0.0,0.0,173
2023-05-09 21:18:58,c2401-P-2360,c2401-P-2360,41.5,0.0,0.0,0.0,10,15.0,178.0,10,41.5,45.5,0.0,0.0,0.0,0.0,173
2023-05-09 21:19:01,c2401-P-2360,c2401-P-2360,41.5,0.0,0.0,0.0,10,15.0,177.5,1,41.5,45.5,0.0,0.0,0.0,0.0,173
2023-05-09 21:19:01,c2401-P-2360,c2401-P-2360,41.5,0.0,0.0,0.0,10,15.0,177.0,10,41.5,45.5,0.0,0.0,0.0,0.0,173
2023-05-09 21:19:14,c2401-P-2360,c2401-P-2360,41.5,0.0,0.0,0.0,10,15.0,176.5,1,41.5,45.5,0.0,0.0,0.0,0.0,173
2023-05-09 21:19:14,c2401-P-2360,c2401-P-2360,41.5,0.0,0.0,0.0,10,15.0,176.0,10,41.5,45.5,0.0,0.0,0.0,0.0,173
2023-05-09 21:19:23,c2401-P-2360,c2401-P-2360,41.5,0.0,0.0,0.0,10,15.0,175.0,10,41.5,45.5,0.0,0.0,0.0,0.0,173
2023-05-09 21:19:24,c2401-P-2360,c2401-P-2360,41.5,0.0,0.0,0.0,10,15.0,174.5,1,41.5,45.5,0.0,0.0,0.0,0.0,173
2023-05-09 21:19:24,c2401-P-2360,c2401-P-2360,41.5,0.0,0.0,0.0,10,15.0,174.0,10,41.5,45.5,0.0,0.0,0.0,0.0,173
2023-05-09 21:19:34,c2401-P-2360,c2401-P-2360,41.5,0.0,0.0,0.0,10,15.0,173.5,1,41.5,45.5,0.0,0.0,0.0,0.0,173
2023-05-09 21:19:35,c2401-P-2360,c2401-P-2360,41.5,0.0,0.0,0.0,10,15.0,172.5,10,41.5,45.5,0.0,0.0,0.0,0.0,173
2023-05-09 21:19:46,c2401-P-2360,c2401-P-2360,41.5,0.0,0.0,0.0,10,15.0,172.0,1,41.5,45.5,0.0,0.0,0.0,0.0,173
2023-05-09 21:19:47,c2401-P-2360,c2401-P-2360,41.5,0.0,0.0,0.0,10,15.0,171.0,10,41.5,45.5,0.0,0.0,0.0,0.0,173
2023-05-09 21:20:26,c2401-P-2360,c2401-P-2360,41.5,0.0,0.0,0.0,10,15.0,170.5,1,41.5,45.5,0.0,0.0,0.0,0.0,173
2023-05-09 21:20:26,c2401-P-2360,c2401-P-2360,41.5,0.0,0.0,0.0,10,15.0,170.0,10,41.5,45.5,0.0,0.0,0.0,0.0,173
2023-05-09 21:20:42,c2401-P-2360,c2401-P-2360,41.5,0.0,0.0,0.0,10,15.0,169.5,1,41.5,45.5,0.0,0.0,0.0,0.0,173
2023-05-09 21:20:42,c2401-P-2360,c2401-P-2360,41.5,0.0,0.0,0.0,10,15.0,169.0,10,41.5,45.5,0.0,0.0,0.0,0.0,173
2023-05-09 21:20:56,c2401-P-2360,c2401-P-2360,41.5,0.0,0.0,0.0,10,15.0,168.5,1,41.5,45.5,0.0,0.0,0.0,0.0,173
2023-05-09 21:20:56,c2401-P-2360,c2401-P-2360,41.5,0.0,0.0,0.0,10,15.0,168.0,10,41.5,45.5,0.0,0.0,0.0,0.0,173
2023-05-09 21:21:10,c2401-P-2360,c2401-P-2360,41.5,0.0,0.0,0.0,15,15.0,168.0,10,41.5,45.5,0.0,0.0,0.0,0.0,173
2023-05-09 21:21:21,c2401-P-2360,c2401-P-2360,41.5,0.0,0.0,0.0,15,15.0,167.5,1,41.5,45.5,0.0,0.0,0.0,0.0,173
2023-05-09 21:21:22,c2401-P-2360,c2401-P-2360,41.5,0.0,0.0,0.0,15,15.0,167.0,10,41.5,45.5,0.0,0.0,0.0,0.0,173
2023-05-09 21:21:36,c2401-P-2360,c2401-P-2360,41.5,0.0,0.0,0.0,15,15.0,166.5,1,41.5,45.5,0.0,0.0,0.0,0.0,173
2023-05-09 21:21:36,c2401-P-2360,c2401-P-2360,41.5,0.0,0.0,0.0,15,15.0,166.0,10,41.5,45.5,0.0,0.0,0.0,0.0,173
2023-05-09 21:21:46,c2401-P-2360,c2401-P-2360,41.5,0.0,0.0,0.0,15,15.0,165.5,1,41.5,45.5,0.0,0.0,0.0,0.0,173
2023-05-09 21:21:46,c2401-P-2360,c2401-P-2360,41.5,0.0,0.0,0.0,15,15.0,165.0,11,41.5,45.5,0.0,0.0,0.0,0.0,173
2023-05-09 21:22:09,c2401-P-2360,c2401-P-2360,41.5,0.0,0.0,0.0,15,15.0,164.5,1,41.5,45.5,0.0,0.0,0.0,0.0,173
2023-05-09 21:22:10,c2401-P-2360,c2401-P-2360,41.5,0.0,0.0,0.0,15,15.0,163.5,10,41.5,45.5,0.0,0.0,0.0,0.0,173
2023-05-09 21:22:14,c2401-P-2360,c2401-P-2360,41.5,0.0,0.0,0.0,15,15.0,163.0,1,41.5,45.5,0.0,0.0,0.0,0.0,173
2023-05-09 21:22:14,c2401-P-2360,c2401-P-2360,41.5,0.0,0.0,0.0,15,15.0,162.5,10,41.5,45.5,0.0,0.0,0.0,0.0,173
2023-05-09 21:22:22,c2401-P-2360,c2401-P-2360,41.5,0.0,0.0,0.0,15,15.0,162.0,1,41.5,45.5,0.0,0.0,0.0,0.0,173
2023-05-09 21:22:22,c2401-P-2360,c2401-P-2360,41.5,0.0,0.0,0.0,15,15.0,161.5,10,41.5,45.5,0.0,0.0,0.0,0.0,173
2023-05-09 21:22:26,c2401-P-2360,c2401-P-2360,41.5,0.0,0.0,0.0,15,15.0,161.0,1,41.5,45.5,0.0,0.0,0.0,0.0,173
2023-05-09 21:22:26,c2401-P-2360,c2401-P-2360,41.5,0.0,0.0,0.0,15,15.0,160.5,10,41.5,45.5,0.0,0.0,0.0,0.0,173
2023-05-09 21:22:32,c2401-P-2360,c2401-P-2360,41.5,0.0,0.0,0.0,15,15.0,160.0,1,41.5,45.5,0.0,0.0,0.0,0.0,173
2023-05-09 21:22:32,c2401-P-2360,c2401-P-2360,41.5,0.0,0.0,0.0,15,15.0,159.5,10,41.5,45.5,0.0,0.0,0.0,0.0,173
2023-05-09 21:22:35,c2401-P-2360,c2401-P-2360,41.5,0.0,0.0,0.0,15,15.0,159.0,1,41.5,45.5,0.0,0.0,0.0,0.0,173
2023-05-09 21:22:35,c2401-P-2360,c2401-P-2360,41.5,0.0,0.0,0.0,15,15.0,158.5,10,41.5,45.5,0.0,0.0,0.0,0.0,173
2023-05-09 21:22:49,c2401-P-2360,c2401-P-2360,41.5,0.0,0.0,0.0,15,15.0,158.0,1,41.5,45.5,0.0,0.0,0.0,0.0,173
2023-05-09 21:22:49,c2401-P-2360,c2401-P-2360,41.5,0.0,0.0,0.0,15,15.0,157.5,11,41.5,45.5,0.0,0.0,0.0,0.0,173
2023-05-09 21:22:54,c2401-P-2360,c2401-P-2360,41.5,0.0,0.0,0.0,15,15.0,157.0,1,41.5,45.5,0.0,0.0,0.0,0.0,173
2023-05-09 21:22:54,c2401-P-2360,c2401-P-2360,41.5,0.0,0.0,0.0,15,15.0,156.5,10,41.5,45.5,0.0,0.0,0.0,0.0,173
2023-05-09 21:23:05,c2401-P-2360,c2401-P-2360,41.5,0.0,0.0,0.0,15,15.0,156.0,1,41.5,45.5,0.0,0.0,0.0,0.0,173
2023-05-09 21:23:05,c2401-P-2360,c2401-P-2360,41.5,0.0,0.0,0.0,15,15.0,155.5,10,41.5,45.5,0.0,0.0,0.0,0.0,173
2023-05-09 21:23:14,c2401-P-2360,c2401-P-2360,41.5,0.0,0.0,0.0,15,15.0,155.0,1,41.5,45.5,0.0,0.0,0.0,0.0,173
2023-05-09 21:23:14,c2401-P-2360,c2401-P-2360,41.5,0.0,0.0,0.0,15,15.0,154.5,10,41.5,45.5,0.0,0.0,0.0,0.0,173
2023-05-09 21:23:15,c2401-P-2360,c2401-P-2360,41.5,0.0,0.0,0.0,15,15.0,154.0,1,41.5,45.5,0.0,0.0,0.0,0.0,173
2023-05-09 21:23:15,c2401-P-2360,c2401-P-2360,41.5,0.0,0.0,0.0,15,15.0,153.5,10,41.5,45.5,0.0,0.0,0.0,0.0,173
2023-05-09 21:23:30,c2401-P-2360,c2401-P-2360,41.5,0.0,0.0,0.0,15,15.0,153.0,1,41.5,45.5,0.0,0.0,0.0,0.0,173
2023-05-09 21:23:31,c2401-P-2360,c2401-P-2360,41.5,0.0,0.0,0.0,15,15.0,152.5,10,41.5,45.5,0.0,0.0,0.0,0.0,173
2023-05-09 21:23:34,c2401-P-2360,c2401-P-2360,41.5,0.0,0.0,0.0,15,15.0,152.0,1,41.5,45.5,0.0,0.0,0.0,0.0,173
2023-05-09 21:23:35,c2401-P-2360,c2401-P-2360,41.5,0.0,0.0,0.0,15,15.0,151.5,10,41.5,45.5,0.0,0.0,0.0,0.0,173
2023-05-09 21:23:45,c2401-P-2360,c2401-P-2360,41.5,0.0,0.0,0.0,15,15.0,151.0,1,41.5,45.5,0.0,0.0,0.0,0.0,173
2023-05-09 21:23:46,c2401-P-2360,c2401-P-2360,41.5,0.0,0.0,0.0,15,15.0,150.5,10,41.5,45.5,0.0,0.0,0.0,0.0,173
2023-05-09 21:24:00,c2401-P-2360,c2401-P-2360,41.5,0.0,0.0,0.0,15,15.0,150.0,1,41.5,45.5,0.0,0.0,0.0,0.0,173
2023-05-09 21:24:00,c2401-P-2360,c2401-P-2360,41.5,0.0,0.0,0.0,15,15.0,149.5,10,41.5,45.5,0.0,0.0,0.0,0.0,173
2023-05-09 21:27:57,c2401-P-2360,c2401-P-2360,41.5,0.0,0.0,0.0,5,15.0,154.0,1,41.5,45.5,0.0,0.0,0.0,0.0,173
2023-05-09 21:29:28,c2401-P-2360,c2401-P-2360,41.5,0.0,0.0,0.0,10,15.5,153.5,10,41.5,45.5,0.0,0.0,0.0,0.0,173
2023-05-09 21:30:24,c2401-P-2360,c2401-P-2360,41.5,0.0,0.0,0.0,10,15.5,153.0,1,41.5,45.5,0.0,0.0,0.0,0.0,173
2023-05-09 21:30:25,c2401-P-2360,c2401-P-2360,41.5,0.0,0.0,0.0,10,15.5,152.5,10,41.5,45.5,0.0,0.0,0.0,0.0,173
2023-05-09 21:30:48,c2401-P-2360,c2401-P-2360,41.5,0.0,0.0,0.0,10,15.5,152.0,1,41.5,45.5,0.0,0.0,0.0,0.0,173
2023-05-09 21:30:49,c2401-P-2360,c2401-P-2360,41.5,0.0,0.0,0.0,10,15.5,151.5,10,41.5,45.5,0.0,0.0,0.0,0.0,173
2023-05-09 21:31:04,c2401-P-2360,c2401-P-2360,41.5,0.0,0.0,0.0,10,15.5,151.0,1,41.5,45.5,0.0,0.0,0.0,0.0,173
2023-05-09 21:31:04,c2401-P-2360,c2401-P-2360,41.5,0.0,0.0,0.0,10,15.5,150.5,10,41.5,45.5,0.0,0.0,0.0,0.0,173
2023-05-09 21:31:18,c2401-P-2360,c2401-P-2360,41.5,0.0,0.0,0.0,10,15.5,150.0,1,41.5,45.5,0.0,0.0,0.0,0.0,173
2023-05-09 21:31:19,c2401-P-2360,c2401-P-2360,41.5,0.0,0.0,0.0,10,15.5,149.5,10,41.5,45.5,0.0,0.0,0.0,0.0,173
2023-05-09 21:41:02,c2401-P-2360,c2401-P-2360,41.5,0.0,0.0,0.0,10,15.5,144.0,1,41.5,45.5,0.0,0.0,0.0,0.0,173
2023-05-09 21:41:02,c2401-P-2360,c2401-P-2360,41.5,0.0,0.0,0.0,10,15.5,143.5,10,41.5,45.5,0.0,0.0,0.0,0.0,173
2023-05-09 21:41:08,c2401-P-2360,c2401-P-2360,41.5,0.0,0.0,0.0,10,15.5,138.0,1,41.5,45.5,0.0,0.0,0.0,0.0,173
2023-05-09 21:41:08,c2401-P-2360,c2401-P-2360,41.5,0.0,0.0,0.0,10,15.5,137.5,10,41.5,45.5,0.0,0.0,0.0,0.0,173
2023-05-09 21:41:14,c2401-P-2360,c2401-P-2360,41.5,0.0,0.0,0.0,10,15.5,132.0,1,41.5,45.5,0.0,0.0,0.0,0.0,173
2023-05-09 21:41:14,c2401-P-2360,c2401-P-2360,41.5,0.0,0.0,0.0,10,15.5,131.5,10,41.5,45.5,0.0,0.0,0.0,0.0,173
2023-05-09 21:41:18,c2401-P-2360,c2401-P-2360,41.5,0.0,0.0,0.0,10,15.5,126.0,1,41.5,45.5,0.0,0.0,0.0,0.0,173
2023-05-09 21:41:19,c2401-P-2360,c2401-P-2360,41.5,0.0,0.0,0.0,10,15.5,125.5,10,41.5,45.5,0.0,0.0,0.0,0.0,173
2023-05-09 21:41:25,c2401-P-2360,c2401-P-2360,41.5,0.0,0.0,0.0,10,15.5,120.0,1,41.5,45.5,0.0,0.0,0.0,0.0,173
2023-05-09 21:41:25,c2401-P-2360,c2401-P-2360,41.5,0.0,0.0,0.0,10,15.5,119.5,10,41.5,45.5,0.0,0.0,0.0,0.0,173
2023-05-09 21:41:29,c2401-P-2360,c2401-P-2360,41.5,0.0,0.0,0.0,10,15.5,114.0,1,41.5,45.5,0.0,0.0,0.0,0.0,173
2023-05-09 21:41:29,c2401-P-2360,c2401-P-2360,41.5,0.0,0.0,0.0,10,15.5,113.5,10,41.5,45.5,0.0,0.0,0.0,0.0,173
2023-05-09 21:41:32,c2401-P-2360,c2401-P-2360,41.5,0.0,0.0,0.0,10,15.5,108.0,1,41.5,45.5,0.0,0.0,0.0,0.0,173
2023-05-09 21:41:32,c2401-P-2360,c2401-P-2360,41.5,0.0,0.0,0.0,10,15.5,107.5,10,41.5,45.5,0.0,0.0,0.0,0.0,173
2023-05-09 21:41:37,c2401-P-2360,c2401-P-2360,41.5,0.0,0.0,0.0,10,15.5,102.0,1,41.5,45.5,0.0,0.0,0.0,0.0,173
2023-05-09 21:41:37,c2401-P-2360,c2401-P-2360,41.5,0.0,0.0,0.0,10,15.5,101.5,10,41.5,45.5,0.0,0.0,0.0,0.0,173
2023-05-09 21:41:41,c2401-P-2360,c2401-P-2360,41.5,0.0,0.0,0.0,10,15.5,98.5,1,41.5,45.5,0.0,0.0,0.0,0.0,173
2023-05-09 21:41:41,c2401-P-2360,c2401-P-2360,41.5,0.0,0.0,0.0,10,15.5,98.0,10,41.5,45.5,0.0,0.0,0.0,0.0,173
2023-05-09 21:41:52,c2401-P-2360,c2401-P-2360,41.5,0.0,0.0,0.0,10,15.5,97.5,1,41.5,45.5,0.0,0.0,0.0,0.0,173
2023-05-09 21:41:53,c2401-P-2360,c2401-P-2360,41.5,0.0,0.0,0.0,10,15.5,97.0,10,41.5,45.5,0.0,0.0,0.0,0.0,173
2023-05-09 21:41:57,c2401-P-2360,c2401-P-2360,41.5,0.0,0.0,0.0,10,15.5,96.5,1,41.5,45.5,0.0,0.0,0.0,0.0,173
2023-05-09 21:41:57,c2401-P-2360,c2401-P-2360,41.5,0.0,0.0,0.0,10,15.5,96.0,10,41.5,45.5,0.0,0.0,0.0,0.0,173
2023-05-09 21:42:01,c2401-P-2360,c2401-P-2360,41.5,0.0,0.0,0.0,10,15.5,95.5,1,41.5,45.5,0.0,0.0,0.0,0.0,173
2023-05-09 21:42:01,c2401-P-2360,c2401-P-2360,41.5,0.0,0.0,0.0,10,15.5,95.0,10,41.5,45.5,0.0,0.0,0.0,0.0,173
2023-05-09 21:42:04,c2401-P-2360,c2401-P-2360,41.5,0.0,0.0,0.0,10,15.5,94.5,1,41.5,45.5,0.0,0.0,0.0,0.0,173
2023-05-09 21:42:05,c2401-P-2360,c2401-P-2360,41.5,0.0,0.0,0.0,10,15.5,94.0,10,41.5,45.5,0.0,0.0,0.0,0.0,173
2023-05-09 22:57:33,c2401-P-2360,c2401-P-2360,41.5,0.0,0.0,0.0,5,15.0,154.0,1,41.5,45.5,0.0,0.0,0.0,0.0,173
2023-05-09 22:58:21,c2401-P-2360,c2401-P-2360,41.5,0.0,0.0,0.0,10,15.5,153.5,10,41.5,45.5,0.0,0.0,0.0,0.0,173
2023-05-09 22:59:55,c2401-P-2360,c2401-P-2360,41.5,0.0,0.0,0.0,5,15.0,154.0,1,41.5,45.5,0.0,0.0,0.0,0.0,173
2023-05-10 09:00:01,c2401-P-2360,c2401-P-2360,41.5,0.0,0.0,0.0,10,15.5,153.5,10,41.5,45.5,0.0,0.0,0.0,0.0,173
2023-05-10 09:03:37,c2401-P-2360,c2401-P-2360,41.5,0.0,0.0,0.0,10,15.5,153.0,1,41.5,45.5,0.0,0.0,0.0,0.0,173
2023-05-10 09:03:37,c2401-P-2360,c2401-P-2360,41.5,0.0,0.0,0.0,10,15.5,152.5,10,41.5,45.5,0.0,0.0,0.0,0.0,173
2023-05-10 09:03:51,c2401-P-2360,c2401-P-2360,41.5,0.0,0.0,0.0,10,15.5,152.0,1,41.5,45.5,0.0,0.0,0.0,0.0,173
2023-05-10 09:03:51,c2401-P-2360,c2401-P-2360,41.5,0.0,0.0,0.0,10,15.5,151.5,10,41.5,45.5,0.0,0.0,0.0,0.0,173
2023-05-10 09:04:00,c2401-P-2360,c2401-P-2360,41.5,0.0,0.0,0.0,10,15.5,151.0,1,41.5,45.5,0.0,0.0,0.0,0.0,173
2023-05-10 09:04:00,c2401-P-2360,c2401-P-2360,41.5,0.0,0.0,0.0,10,15.5,150.5,10,41.5,45.5,0.0,0.0,0.0,0.0,173
2023-05-10 09:04:25,c2401-P-2360,c2401-P-2360,41.5,0.0,0.0,0.0,10,15.5,150.0,1,41.5,45.5,0.0,0.0,0.0,0.0,173
2023-05-10 09:04:26,c2401-P-2360,c2401-P-2360,41.5,0.0,0.0,0.0,10,15.5,149.5,10,41.5,45.5,0.0,0.0,0.0,0.0,173
2023-05-10 09:28:12,c2401-P-2360,c2401-P-2360,41.5,0.0,0.0,0.0,10,15.5,144.0,1,41.5,45.5,0.0,0.0,0.0,0.0,173
2023-05-10 09:28:12,c2401-P-2360,c2401-P-2360,41.5,0.0,0.0,0.0,10,15.5,143.5,10,41.5,45.5,0.0,0.0,0.0,0.0,173
2023-05-10 09:28:16,c2401-P-2360,c2401-P-2360,41.5,0.0,0.0,0.0,10,15.5,138.0,1,41.5,45.5,0.0,0.0,0.0,0.0,173
2023-05-10 09:28:17,c2401-P-2360,c2401-P-2360,41.5,0.0,0.0,0.0,10,15.5,137.5,10,41.5,45.5,0.0,0.0,0.0,0.0,173
2023-05-10 09:28:19,c2401-P-2360,c2401-P-2360,41.5,0.0,0.0,0.0,10,15.5,132.0,1,41.5,45.5,0.0,0.0,0.0,0.0,173
2023-05-10 09:28:19,c2401-P-2360,c2401-P-2360,41.5,0.0,0.0,0.0,10,15.5,131.5,10,41.5,45.5,0.0,0.0,0.0,0.0,173
2023-05-10 09:28:25,c2401-P-2360,c2401-P-2360,41.5,0.0,0.0,0.0,10,15.5,126.0,1,41.5,45.5,0.0,0.0,0.0,0.0,173
2023-05-10 09:28:25,c2401-P-2360,c2401-P-2360,41.5,0.0,0.0,0.0,10,15.5,125.5,10,41.5,45.5,0.0,0.0,0.0,0.0,173
2023-05-10 09:28:34,c2401-P-2360,c2401-P-2360,41.5,0.0,0.0,0.0,10,15.5,120.0,1,41.5,45.5,0.0,0.0,0.0,0.0,173
2023-05-10 09:28:34,c2401-P-2360,c2401-P-2360,41.5,0.0,0.0,0.0,10,15.5,119.5,10,41.5,45.5,0.0,0.0,0.0,0.0,173
2023-05-10 09:28:40,c2401-P-2360,c2401-P-2360,41.5,0.0,0.0,0.0,10,15.5,114.0,1,41.5,45.5,0.0,0.0,0.0,0.0,173
2023-05-10 09:28:40,c2401-P-2360,c2401-P-2360,41.5,0.0,0.0,0.0,10,15.5,113.5,10,41.5,45.5,0.0,0.0,0.0,0.0,173
2023-05-10 09:28:43,c2401-P-2360,c2401-P-2360,41.5,0.0,0.0,0.0,10,15.5,108.0,1,41.5,45.5,0.0,0.0,0.0,0.0,173
2023-05-10 09:28:43,c2401-P-2360,c2401-P-2360,41.5,0.0,0.0,0.0,10,15.5,107.5,10,41.5,45.5,0.0,0.0,0.0,0.0,173
2023-05-10 09:28:47,c2401-P-2360,c2401-P-2360,41.5,0.0,0.0,0.0,10,15.5,107.0,1,41.5,45.5,0.0,0.0,0.0,0.0,173
2023-05-10 09:28:47,c2401-P-2360,c2401-P-2360,41.5,0.0,0.0,0.0,10,15.5,106.5,10,41.5,45.5,0.0,0.0,0.0,0.0,173
2023-05-10 09:28:50,c2401-P-2360,c2401-P-2360,41.5,0.0,0.0,0.0,10,15.5,106.0,1,41.5,45.5,0.0,0.0,0.0,0.0,173
2023-05-10 09:28:50,c2401-P-2360,c2401-P-2360,41.5,0.0,0.0,0.0,10,15.5,105.5,10,41.5,45.5,0.0,0.0,0.0,0.0,173
2023-05-10 09:28:55,c2401-P-2360,c2401-P-2360,41.5,0.0,0.0,0.0,10,15.5,105.0,1,41.5,45.5,0.0,0.0,0.0,0.0,173
2023-05-10 09:28:55,c2401-P-2360,c2401-P-2360,41.5,0.0,0.0,0.0,10,15.5,104.5,10,41.5,45.5,0.0,0.0,0.0,0.0,173
2023-05-10 09:28:58,c2401-P-2360,c2401-P-2360,41.5,0.0,0.0,0.0,10,15.5,104.0,1,41.5,45.5,0.0,0.0,0.0,0.0,173
2023-05-10 09:28:58,c2401-P-2360,c2401-P-2360,41.5,0.0,0.0,0.0,10,15.5,103.5,10,41.5,45.5,0.0,0.0,0.0,0.0,173
2023-05-10 09:29:03,c2401-P-2360,c2401-P-2360,41.5,0.0,0.0,0.0,10,15.5,103.0,1,41.5,45.5,0.0,0.0,0.0,0.0,173
2023-05-10 09:29:03,c2401-P-2360,c2401-P-2360,41.5,0.0,0.0,0.0,10,15.5,102.5,10,41.5,45.5,0.0,0.0,0.0,0.0,173
2023-05-10 09:39:54,c2401-P-2360,c2401-P-2360,41.5,0.0,0.0,0.0,2,23.5,102.5,10,41.5,45.5,0.0,0.0,0.0,0.0,173
2023-05-10 09:39:55,c2401-P-2360,c2401-P-2360,41.5,0.0,0.0,0.0,10,24.0,102.5,10,41.5,45.5,0.0,0.0,0.0,0.0,173
2023-05-10 09:39:56,c2401-P-2360,c2401-P-2360,41.5,0.0,0.0,0.0,2,24.5,102.5,10,41.5,45.5,0.0,0.0,0.0,0.0,173
2023-05-10 09:39:56,c2401-P-2360,c2401-P-2360,41.5,0.0,0.0,0.0,10,25.0,102.5,10,41.5,45.5,0.0,0.0,0.0,0.0,173
2023-05-10 09:39:57,c2401-P-2360,c2401-P-2360,41.5,0.0,0.0,0.0,2,25.5,102.5,10,41.5,45.5,0.0,0.0,0.0,0.0,173
2023-05-10 09:39:58,c2401-P-2360,c2401-P-2360,41.5,0.0,0.0,0.0,10,26.0,102.5,10,41.5,45.5,0.0,0.0,0.0,0.0,173
2023-05-10 09:39:58,c2401-P-2360,c2401-P-2360,41.5,0.0,0.0,0.0,2,26.5,102.5,10,41.5,45.5,0.0,0.0,0.0,0.0,173
2023-05-10 09:39:59,c2401-P-2360,c2401-P-2360,41.5,0.0,0.0,0.0,10,27.0,102.5,10,41.5,45.5,0.0,0.0,0.0,0.0,173
2023-05-10 09:39:59,c2401-P-2360,c2401-P-2360,41.5,0.0,0.0,0.0,2,27.5,102.5,10,41.5,45.5,0.0,0.0,0.0,0.0,173
2023-05-10 09:40:00,c2401-P-2360,c2401-P-2360,41.5,0.0,0.0,0.0,10,28.0,102.5,10,41.5,45.5,0.0,0.0,0.0,0.0,173
2023-05-10 09:40:00,c2401-P-2360,c2401-P-2360,41.5,0.0,0.0,0.0,2,28.5,102.5,10,41.5,45.5,0.0,0.0,0.0,0.0,173
2023-05-10 09:40:01,c2401-P-2360,c2401-P-2360,41.5,0.0,0.0,0.0,10,29.0,102.5,10,41.5,45.5,0.0,0.0,0.0,0.0,173
2023-05-10 09:40:01,c2401-P-2360,c2401-P-2360,41.5,0.0,0.0,0.0,2,29.5,102.5,10,41.5,45.5,0.0,0.0,0.0,0.0,173
2023-05-10 09:40:01,c2401-P-2360,c2401-P-2360,41.5,0.0,0.0,0.0,10,30.0,102.5,10,41.5,45.5,0.0,0.0,0.0,0.0,173
2023-05-10 09:40:21,c2401-P-2360,c2401-P-2360,41.5,0.0,0.0,0.0,2,30.5,102.5,10,41.5,45.5,0.0,0.0,0.0,0.0,173
2023-05-10 09:40:21,c2401-P-2360,c2401-P-2360,41.5,0.0,0.0,0.0,10,31.0,102.5,10,41.5,45.5,0.0,0.0,0.0,0.0,173
2023-05-10 09:40:27,c2401-P-2360,c2401-P-2360,41.5,0.0,0.0,0.0,2,31.5,102.5,10,41.5,45.5,0.0,0.0,0.0,0.0,173
2023-05-10 09:40:29,c2401-P-2360,c2401-P-2360,41.5,0.0,0.0,0.0,5,15.0,102.5,10,41.5,45.5,0.0,0.0,0.0,0.0,173
2023-05-10 09:40:30,c2401-P-2360,c2401-P-2360,41.5,0.0,0.0,0.0,2,19.0,102.5,10,41.5,45.5,0.0,0.0,0.0,0.0,173
2023-05-10 09:40:30,c2401-P-2360,c2401-P-2360,41.5,0.0,0.0,0.0,10,19.5,102.5,10,41.5,45.5,0.0,0.0,0.0,0.0,173
2023-05-10 09:40:31,c2401-P-2360,c2401-P-2360,41.5,0.0,0.0,0.0,2,20.0,102.5,10,41.5,45.5,0.0,0.0,0.0,0.0,173
2023-05-10 09:40:31,c2401-P-2360,c2401-P-2360,41.5,0.0,0.0,0.0,10,20.5,102.5,10,41.5,45.5,0.0,0.0,0.0,0.0,173
2023-05-10 09:40:32,c2401-P-2360,c2401-P-2360,41.5,0.0,0.0,0.0,2,21.0,102.5,10,41.5,45.5,0.0,0.0,0.0,0.0,173
2023-05-10 09:40:32,c2401-P-2360,c2401-P-2360,41.5,0.0,0.0,0.0,10,21.5,102.5,10,41.5,45.5,0.0,0.0,0.0,0.0,173
2023-05-10 09:40:33,c2401-P-2360,c2401-P-2360,41.5,0.0,0.0,0.0,2,22.0,102.5,10,41.5,45.5,0.0,0.0,0.0,0.0,173
2023-05-10 09:40:33,c2401-P-2360,c2401-P-2360,41.5,0.0,0.0,0.0,10,22.5,102.5,10,41.5,45.5,0.0,0.0,0.0,0.0,173
2023-05-10 09:40:34,c2401-P-2360,c2401-P-2360,41.5,0.0,0.0,0.0,2,23.0,102.5,10,41.5,45.5,0.0,0.0,0.0,0.0,173
2023-05-10 09:40:34,c2401-P-2360,c2401-P-2360,41.5,0.0,0.0,0.0,10,23.5,102.5,10,41.5,45.5,0.0,0.0,0.0,0.0,173
2023-05-10 09:40:35,c2401-P-2360,c2401-P-2360,41.5,0.0,0.0,0.0,2,24.0,102.5,10,41.5,45.5,0.0,0.0,0.0,0.0,173
2023-05-10 09:40:35,c2401-P-2360,c2401-P-2360,41.5,0.0,0.0,0.0,10,24.5,102.5,10,41.5,45.5,0.0,0.0,0.0,0.0,173
2023-05-10 09:40:36,c2401-P-2360,c2401-P-2360,41.5,0.0,0.0,0.0,2,25.0,102.5,10,41.5,45.5,0.0,0.0,0.0,0.0,173
2023-05-10 09:40:36,c2401-P-2360,c2401-P-2360,41.5,0.0,0.0,0.0,10,25.5,102.5,10,41.5,45.5,0.0,0.0,0.0,0.0,173
2023-05-10 10:14:32,c2401-P-2360,c2401-P-2360,41.5,0.0,0.0,0.0,5,15.0,154.0,1,41.5,45.5,0.0,0.0,0.0,0.0,173
2023-05-10 10:30:23,c2401-P-2360,c2401-P-2360,41.5,0.0,0.0,0.0,10,15.5,153.5,10,41.5,45.5,0.0,0.0,0.0,0.0,173
2023-05-10 11:26:07,c2401-P-2360,c2401-P-2360,41.5,0.0,0.0,0.0,2,23.5,153.5,10,41.5,45.5,0.0,0.0,0.0,0.0,173
2023-05-10 11:26:07,c2401-P-2360,c2401-P-2360,41.5,0.0,0.0,0.0,10,24.0,153.5,10,41.5,45.5,0.0,0.0,0.0,0.0,173
2023-05-10 11:26:08,c2401-P-2360,c2401-P-2360,41.5,0.0,0.0,0.0,2,24.5,153.5,10,41.5,45.5,0.0,0.0,0.0,0.0,173
2023-05-10 11:26:09,c2401-P-2360,c2401-P-2360,41.5,0.0,0.0,0.0,10,25.0,153.5,10,41.5,45.5,0.0,0.0,0.0,0.0,173
2023-05-10 11:26:09,c2401-P-2360,c2401-P-2360,41.5,0.0,0.0,0.0,2,25.5,153.5,10,41.5,45.5,0.0,0.0,0.0,0.0,173
2023-05-10 11:26:10,c2401-P-2360,c2401-P-2360,41.5,0.0,0.0,0.0,10,26.0,153.5,10,41.5,45.5,0.0,0.0,0.0,0.0,173
2023-05-10 11:26:10,c2401-P-2360,c2401-P-2360,41.5,0.0,0.0,0.0,2,26.5,153.5,10,41.5,45.5,0.0,0.0,0.0,0.0,173
2023-05-10 11:26:11,c2401-P-2360,c2401-P-2360,41.5,0.0,0.0,0.0,10,27.0,153.5,10,41.5,45.5,0.0,0.0,0.0,0.0,173
2023-05-10 11:26:11,c2401-P-2360,c2401-P-2360,41.5,0.0,0.0,0.0,2,27.5,153.5,10,41.5,45.5,0.0,0.0,0.0,0.0,173
2023-05-10 11:26:12,c2401-P-2360,c2401-P-2360,41.5,0.0,0.0,0.0,10,28.0,153.5,10,41.5,45.5,0.0,0.0,0.0,0.0,173
2023-05-10 11:26:12,c2401-P-2360,c2401-P-2360,41.5,0.0,0.0,0.0,2,28.5,153.5,10,41.5,45.5,0.0,0.0,0.0,0.0,173
2023-05-10 11:26:13,c2401-P-2360,c2401-P-2360,41.5,0.0,0.0,0.0,10,29.0,153.5,10,41.5,45.5,0.0,0.0,0.0,0.0,173
2023-05-10 11:26:20,c2401-P-2360,c2401-P-2360,41.5,0.0,0.0,0.0,2,29.5,153.5,10,41.5,45.5,0.0,0.0,0.0,0.0,173
2023-05-10 11:26:20,c2401-P-2360,c2401-P-2360,41.5,0.0,0.0,0.0,10,30.0,153.5,10,41.5,45.5,0.0,0.0,0.0,0.0,173
2023-05-10 11:29:33,c2401-P-2360,c2401-P-2360,41.5,0.0,0.0,0.0,5,15.0,154.0,1,41.5,45.5,0.0,0.0,0.0,0.0,173
2023-05-10 13:30:02,c2401-P-2360,c2401-P-2360,41.5,0.0,0.0,0.0,10,15.5,153.5,10,41.5,45.5,0.0,0.0,0.0,0.0,173
2023-05-10 13:32:33,c2401-P-2360,c2401-P-2360,41.5,0.0,0.0,0.0,2,23.5,153.5,10,41.5,45.5,0.0,0.0,0.0,0.0,173
2023-05-10 13:32:33,c2401-P-2360,c2401-P-2360,41.5,0.0,0.0,0.0,10,24.0,153.5,10,41.5,45.5,0.0,0.0,0.0,0.0,173
2023-05-10 13:42:44,c2401-P-2360,c2401-P-2360,41.5,0.0,0.0,0.0,2,24.5,153.5,10,41.5,45.5,0.0,0.0,0.0,0.0,173
2023-05-10 13:42:45,c2401-P-2360,c2401-P-2360,41.5,0.0,0.0,0.0,10,25.0,153.5,10,41.5,45.5,0.0,0.0,0.0,0.0,173
2023-05-10 13:42:54,c2401-P-2360,c2401-P-2360,41.5,0.0,0.0,0.0,2,25.5,153.5,10,41.5,45.5,0.0,0.0,0.0,0.0,173
2023-05-10 13:42:54,c2401-P-2360,c2401-P-2360,41.5,0.0,0.0,0.0,10,26.0,153.5,10,41.5,45.5,0.0,0.0,0.0,0.0,173
2023-05-10 13:45:11,c2401-P-2360,c2401-P-2360,41.5,0.0,0.0,0.0,2,26.5,153.5,10,41.5,45.5,0.0,0.0,0.0,0.0,173
2023-05-10 13:45:12,c2401-P-2360,c2401-P-2360,41.5,0.0,0.0,0.0,10,27.0,153.5,10,41.5,45.5,0.0,0.0,0.0,0.0,173
2023-05-10 13:45:14,c2401-P-2360,c2401-P-2360,41.5,0.0,0.0,0.0,2,27.5,153.5,10,41.5,45.5,0.0,0.0,0.0,0.0,173
2023-05-10 13:45:14,c2401-P-2360,c2401-P-2360,41.5,0.0,0.0,0.0,10,28.0,153.5,10,41.5,45.5,0.0,0.0,0.0,0.0,173
2023-05-10 13:45:19,c2401-P-2360,c2401-P-2360,41.5,0.0,0.0,0.0,2,28.5,153.5,10,41.5,45.5,0.0,0.0,0.0,0.0,173
2023-05-10 13:45:19,c2401-P-2360,c2401-P-2360,41.5,0.0,0.0,0.0,10,29.0,153.5,10,41.5,45.5,0.0,0.0,0.0,0.0,173
2023-05-10 13:45:20,c2401-P-2360,c2401-P-2360,41.5,0.0,0.0,0.0,2,29.5,153.5,10,41.5,45.5,0.0,0.0,0.0,0.0,173
2023-05-10 13:45:20,c2401-P-2360,c2401-P-2360,41.5,0.0,0.0,0.0,12,29.5,153.5,10,41.5,45.5,0.0,0.0,0.0,0.0,173
2023-05-10 13:46:01,c2401-P-2360,c2401-P-2360,41.5,0.0,0.0,0.0,2,29.5,153.5,10,41.5,45.5,0.0,0.0,0.0,0.0,173
2023-05-10 14:02:46,c2401-P-2360,c2401-P-2360,45.5,10.0,4550.0,0.0,5,44.5,51.5,5,41.5,45.5,45.5,45.5,10.0,4550.0,173
2023-05-10 14:02:47,c2401-P-2360,c2401-P-2360,45.5,0.0,0.0,0.0,10,44.5,51.5,10,41.5,45.5,45.5,45.5,10.0,4550.0,173
2023-05-10 14:02:54,c2401-P-2360,c2401-P-2360,45.5,0.0,0.0,0.0,10,44.5,48.0,5,41.5,45.5,45.5,45.5,10.0,4550.0,173
2023-05-10 14:02:57,c2401-P-2360,c2401-P-2360,45.5,0.0,0.0,0.0,10,44.5,47.0,5,41.5,45.5,45.5,45.5,10.0,4550.0,173
2023-05-10 14:02:58,c2401-P-2360,c2401-P-2360,45.5,0.0,0.0,0.0,5,44.5,47.0,5,41.5,45.5,45.5,45.5,10.0,4550.0,173
2023-05-10 14:02:59,c2401-P-2360,c2401-P-2360,45.5,0.0,0.0,0.0,5,44.0,47.0,5,41.5,45.5,45.5,45.5,10.0,4550.0,173
2023-05-10 14:03:03,c2401-P-2360,c2401-P-2360,45.5,0.0,0.0,0.0,10,44.0,47.0,10,41.5,45.5,45.5,45.5,10.0,4550.0,173
2023-05-10 14:03:08,c2401-P-2360,c2401-P-2360,45.5,0.0,0.0,0.0,5,44.0,47.0,10,41.5,45.5,45.5,45.5,10.0,4550.0,173
2023-05-10 14:03:08,c2401-P-2360,c2401-P-2360,45.5,0.0,0.0,0.0,5,44.0,47.0,5,41.5,45.5,45.5,45.5,10.0,4550.0,173
2023-05-10 14:03:13,c2401-P-2360,c2401-P-2360,45.5,0.0,0.0,0.0,5,42.5,48.5,5,41.5,45.5,45.5,45.5,10.0,4550.0,173
2023-05-10 14:03:16,c2401-P-2360,c2401-P-2360,45.5,0.0,0.0,0.0,10,15.5,153.5,10,41.5,45.5,45.5,45.5,10.0,4550.0,173
2023-05-10 14:03:18,c2401-P-2360,c2401-P-2360,45.5,0.0,0.0,0.0,2,23.5,153.5,10,41.5,45.5,45.5,45.5,10.0,4550.0,173
2023-05-10 14:03:18,c2401-P-2360,c2401-P-2360,45.5,0.0,0.0,0.0,10,24.0,153.5,10,41.5,45.5,45.5,45.5,10.0,4550.0,173
2023-05-10 14:03:21,c2401-P-2360,c2401-P-2360,45.5,0.0,0.0,0.0,2,24.5,153.5,10,41.5,45.5,45.5,45.5,10.0,4550.0,173
2023-05-10 14:03:22,c2401-P-2360,c2401-P-2360,45.5,0.0,0.0,0.0,10,25.0,153.5,10,41.5,45.5,45.5,45.5,10.0,4550.0,173
2023-05-10 14:03:24,c2401-P-2360,c2401-P-2360,45.5,0.0,0.0,0.0,2,25.5,153.5,10,41.5,45.5,45.5,45.5,10.0,4550.0,173
2023-05-10 14:03:24,c2401-P-2360,c2401-P-2360,45.5,0.0,0.0,0.0,10,26.0,153.5,10,41.5,45.5,45.5,45.5,10.0,4550.0,173
2023-05-10 14:03:25,c2401-P-2360,c2401-P-2360,45.5,0.0,0.0,0.0,2,26.5,153.5,10,41.5,45.5,45.5,45.5,10.0,4550.0,173
2023-05-10 14:03:26,c2401-P-2360,c2401-P-2360,45.5,0.0,0.0,0.0,10,27.0,153.5,10,41.5,45.5,45.5,45.5,10.0,4550.0,173
2023-05-10 14:03:27,c2401-P-2360,c2401-P-2360,45.5,0.0,0.0,0.0,2,27.5,153.5,10,41.5,45.5,45.5,45.5,10.0,4550.0,173
2023-05-10 14:03:28,c2401-P-2360,c2401-P-2360,45.5,0.0,0.0,0.0,10,28.0,153.5,10,41.5,45.5,45.5,45.5,10.0,4550.0,173
2023-05-10 14:03:29,c2401-P-2360,c2401-P-2360,45.5,0.0,0.0,0.0,2,28.5,153.5,10,41.5,45.5,45.5,45.5,10.0,4550.0,173
2023-05-10 14:03:30,c2401-P-2360,c2401-P-2360,45.5,0.0,0.0,0.0,12,28.5,153.5,10,41.5,45.5,45.5,45.5,10.0,4550.0,173
2023-05-10 14:18:52,c2401-P-2360,c2401-P-2360,45.5,0.0,0.0,0.0,12,28.5,153.0,1,41.5,45.5,45.5,45.5,10.0,4550.0,173
2023-05-10 14:18:52,c2401-P-2360,c2401-P-2360,45.5,0.0,0.0,0.0,12,28.5,152.5,10,41.5,45.5,45.5,45.5,10.0,4550.0,173
2023-05-10 14:34:46,c2401-P-2360,c2401-P-2360,45.5,0.0,0.0,0.0,12,28.5,152.0,1,41.5,45.5,45.5,45.5,10.0,4550.0,173
2023-05-10 14:34:46,c2401-P-2360,c2401-P-2360,45.5,0.0,0.0,0.0,12,28.5,151.5,10,41.5,45.5,45.5,45.5,10.0,4550.0,173
2023-05-10 14:39:19,c2401-P-2360,c2401-P-2360,45.5,0.0,0.0,0.0,12,28.5,151.0,1,41.5,45.5,45.5,45.5,10.0,4550.0,173
2023-05-10 14:39:19,c2401-P-2360,c2401-P-2360,45.5,0.0,0.0,0.0,12,28.5,150.5,10,41.5,45.5,45.5,45.5,10.0,4550.0,173
2023-05-10 14:43:46,c2401-P-2360,c2401-P-2360,45.5,0.0,0.0,0.0,12,28.5,150.0,1,41.5,45.5,45.5,45.5,10.0,4550.0,173
2023-05-10 14:43:46,c2401-P-2360,c2401-P-2360,45.5,0.0,0.0,0.0,12,28.5,149.5,10,41.5,45.5,45.5,45.5,10.0,4550.0,173
2023-05-10 14:59:02,c2401-P-2360,c2401-P-2360,45.5,0.0,0.0,0.0,2,28.5,150.0,1,41.5,45.5,45.5,45.5,10.0,4550.0,173
2023-05-10 15:01:15,c2401-P-2360,c2401-P-2360,45.5,0.0,0.0,0.0,2,28.5,150.0,1,41.5,45.5,45.5,45.5,10.0,4550.0,173
