time,symbol_id,symbol_name,last,trade_volume,trade_amount,open_interest_change,bv1,bp1,ap1,av1,yesterday_close,today_open,today_high,today_low,volume,amount,open_interest
2023-05-09 20:56:25,c2401-C-2480,c2401-C-2480,132.0,0.0,0.0,0.0,1,1.5,0.0,0,132.0,0.0,0.0,0.0,0.0,0.0,0
2023-05-09 21:00:25,c2401-C-2480,c2401-C-2480,132.0,0.0,0.0,0.0,10,21.5,0.0,0,132.0,0.0,0.0,0.0,0.0,0.0,0
2023-05-09 21:00:35,c2401-C-2480,c2401-C-2480,132.0,0.0,0.0,0.0,1,22.0,0.0,0,132.0,0.0,0.0,0.0,0.0,0.0,0
2023-05-09 21:00:35,c2401-C-2480,c2401-C-2480,132.0,0.0,0.0,0.0,10,22.5,0.0,0,132.0,0.0,0.0,0.0,0.0,0.0,0
2023-05-09 21:01:23,c2401-C-2480,c2401-C-2480,132.0,0.0,0.0,0.0,2,23.0,0.0,0,132.0,0.0,0.0,0.0,0.0,0.0,0
2023-05-09 21:01:23,c2401-C-2480,c2401-C-2480,132.0,0.0,0.0,0.0,10,23.5,0.0,0,132.0,0.0,0.0,0.0,0.0,0.0,0
2023-05-09 21:01:33,c2401-C-2480,c2401-C-2480,132.0,0.0,0.0,0.0,2,24.0,0.0,0,132.0,0.0,0.0,0.0,0.0,0.0,0
2023-05-09 21:01:33,c2401-C-2480,c2401-C-2480,132.0,0.0,0.0,0.0,10,24.5,0.0,0,132.0,0.0,0.0,0.0,0.0,0.0,0
2023-05-09 21:01:35,c2401-C-2480,c2401-C-2480,132.0,0.0,0.0,0.0,2,25.0,0.0,0,132.0,0.0,0.0,0.0,0.0,0.0,0
2023-05-09 21:01:35,c2401-C-2480,c2401-C-2480,132.0,0.0,0.0,0.0,10,25.5,0.0,0,132.0,0.0,0.0,0.0,0.0,0.0,0
2023-05-09 21:01:39,c2401-C-2480,c2401-C-2480,132.0,0.0,0.0,0.0,2,26.0,0.0,0,132.0,0.0,0.0,0.0,0.0,0.0,0
2023-05-09 21:01:39,c2401-C-2480,c2401-C-2480,132.0,0.0,0.0,0.0,10,26.5,0.0,0,132.0,0.0,0.0,0.0,0.0,0.0,0
2023-05-09 21:01:41,c2401-C-2480,c2401-C-2480,132.0,0.0,0.0,0.0,2,27.0,0.0,0,132.0,0.0,0.0,0.0,0.0,0.0,0
2023-05-09 21:01:41,c2401-C-2480,c2401-C-2480,132.0,0.0,0.0,0.0,10,27.5,0.0,0,132.0,0.0,0.0,0.0,0.0,0.0,0
2023-05-09 21:01:43,c2401-C-2480,c2401-C-2480,132.0,0.0,0.0,0.0,2,28.0,0.0,0,132.0,0.0,0.0,0.0,0.0,0.0,0
2023-05-09 21:01:43,c2401-C-2480,c2401-C-2480,132.0,0.0,0.0,0.0,10,28.5,0.0,0,132.0,0.0,0.0,0.0,0.0,0.0,0
2023-05-09 21:01:45,c2401-C-2480,c2401-C-2480,132.0,0.0,0.0,0.0,2,29.0,0.0,0,132.0,0.0,0.0,0.0,0.0,0.0,0
2023-05-09 21:01:45,c2401-C-2480,c2401-C-2480,132.0,0.0,0.0,0.0,10,29.5,0.0,0,132.0,0.0,0.0,0.0,0.0,0.0,0
2023-05-09 21:01:46,c2401-C-2480,c2401-C-2480,132.0,0.0,0.0,0.0,2,30.0,0.0,0,132.0,0.0,0.0,0.0,0.0,0.0,0
2023-05-09 21:01:46,c2401-C-2480,c2401-C-2480,132.0,0.0,0.0,0.0,10,30.5,0.0,0,132.0,0.0,0.0,0.0,0.0,0.0,0
2023-05-09 21:01:47,c2401-C-2480,c2401-C-2480,132.0,0.0,0.0,0.0,2,31.0,0.0,0,132.0,0.0,0.0,0.0,0.0,0.0,0
2023-05-09 21:01:47,c2401-C-2480,c2401-C-2480,132.0,0.0,0.0,0.0,10,31.5,0.0,0,132.0,0.0,0.0,0.0,0.0,0.0,0
2023-05-09 21:01:48,c2401-C-2480,c2401-C-2480,132.0,0.0,0.0,0.0,2,32.0,0.0,0,132.0,0.0,0.0,0.0,0.0,0.0,0
2023-05-09 21:01:48,c2401-C-2480,c2401-C-2480,132.0,0.0,0.0,0.0,10,32.5,0.0,0,132.0,0.0,0.0,0.0,0.0,0.0,0
2023-05-09 21:01:50,c2401-C-2480,c2401-C-2480,132.0,0.0,0.0,0.0,2,33.0,0.0,0,132.0,0.0,0.0,0.0,0.0,0.0,0
2023-05-09 21:01:50,c2401-C-2480,c2401-C-2480,132.0,0.0,0.0,0.0,10,33.5,0.0,0,132.0,0.0,0.0,0.0,0.0,0.0,0
2023-05-09 21:01:51,c2401-C-2480,c2401-C-2480,132.0,0.0,0.0,0.0,2,34.0,0.0,0,132.0,0.0,0.0,0.0,0.0,0.0,0
2023-05-09 21:01:51,c2401-C-2480,c2401-C-2480,132.0,0.0,0.0,0.0,10,34.5,0.0,0,132.0,0.0,0.0,0.0,0.0,0.0,0
2023-05-09 21:01:52,c2401-C-2480,c2401-C-2480,132.0,0.0,0.0,0.0,2,35.0,0.0,0,132.0,0.0,0.0,0.0,0.0,0.0,0
2023-05-09 21:01:52,c2401-C-2480,c2401-C-2480,132.0,0.0,0.0,0.0,10,35.5,0.0,0,132.0,0.0,0.0,0.0,0.0,0.0,0
2023-05-09 21:01:54,c2401-C-2480,c2401-C-2480,132.0,0.0,0.0,0.0,2,36.0,0.0,0,132.0,0.0,0.0,0.0,0.0,0.0,0
2023-05-09 21:01:54,c2401-C-2480,c2401-C-2480,132.0,0.0,0.0,0.0,10,36.5,0.0,0,132.0,0.0,0.0,0.0,0.0,0.0,0
2023-05-09 21:01:56,c2401-C-2480,c2401-C-2480,132.0,0.0,0.0,0.0,2,37.0,0.0,0,132.0,0.0,0.0,0.0,0.0,0.0,0
2023-05-09 21:01:56,c2401-C-2480,c2401-C-2480,132.0,0.0,0.0,0.0,10,37.5,0.0,0,132.0,0.0,0.0,0.0,0.0,0.0,0
2023-05-09 21:02:16,c2401-C-2480,c2401-C-2480,132.0,0.0,0.0,0.0,2,38.0,0.0,0,132.0,0.0,0.0,0.0,0.0,0.0,0
2023-05-09 21:02:16,c2401-C-2480,c2401-C-2480,132.0,0.0,0.0,0.0,10,38.5,0.0,0,132.0,0.0,0.0,0.0,0.0,0.0,0
2023-05-09 21:02:59,c2401-C-2480,c2401-C-2480,132.0,0.0,0.0,0.0,2,39.0,0.0,0,132.0,0.0,0.0,0.0,0.0,0.0,0
2023-05-09 21:02:59,c2401-C-2480,c2401-C-2480,132.0,0.0,0.0,0.0,10,39.5,0.0,0,132.0,0.0,0.0,0.0,0.0,0.0,0
2023-05-09 21:03:05,c2401-C-2480,c2401-C-2480,132.0,0.0,0.0,0.0,2,40.0,0.0,0,132.0,0.0,0.0,0.0,0.0,0.0,0
2023-05-09 21:03:05,c2401-C-2480,c2401-C-2480,132.0,0.0,0.0,0.0,10,40.5,0.0,0,132.0,0.0,0.0,0.0,0.0,0.0,0
2023-05-09 21:03:11,c2401-C-2480,c2401-C-2480,132.0,0.0,0.0,0.0,2,41.0,0.0,0,132.0,0.0,0.0,0.0,0.0,0.0,0
2023-05-09 21:03:11,c2401-C-2480,c2401-C-2480,132.0,0.0,0.0,0.0,10,41.5,0.0,0,132.0,0.0,0.0,0.0,0.0,0.0,0
2023-05-09 21:03:15,c2401-C-2480,c2401-C-2480,132.0,0.0,0.0,0.0,2,42.0,0.0,0,132.0,0.0,0.0,0.0,0.0,0.0,0
2023-05-09 21:03:15,c2401-C-2480,c2401-C-2480,132.0,0.0,0.0,0.0,10,42.5,0.0,0,132.0,0.0,0.0,0.0,0.0,0.0,0
2023-05-09 21:03:19,c2401-C-2480,c2401-C-2480,132.0,0.0,0.0,0.0,2,43.0,0.0,0,132.0,0.0,0.0,0.0,0.0,0.0,0
2023-05-09 21:03:19,c2401-C-2480,c2401-C-2480,132.0,0.0,0.0,0.0,10,43.5,0.0,0,132.0,0.0,0.0,0.0,0.0,0.0,0
2023-05-09 21:03:29,c2401-C-2480,c2401-C-2480,132.0,0.0,0.0,0.0,2,44.0,0.0,0,132.0,0.0,0.0,0.0,0.0,0.0,0
2023-05-09 21:03:29,c2401-C-2480,c2401-C-2480,132.0,0.0,0.0,0.0,10,44.5,0.0,0,132.0,0.0,0.0,0.0,0.0,0.0,0
2023-05-09 21:03:33,c2401-C-2480,c2401-C-2480,132.0,0.0,0.0,0.0,2,45.0,0.0,0,132.0,0.0,0.0,0.0,0.0,0.0,0
2023-05-09 21:03:33,c2401-C-2480,c2401-C-2480,132.0,0.0,0.0,0.0,10,45.5,0.0,0,132.0,0.0,0.0,0.0,0.0,0.0,0
2023-05-09 21:03:36,c2401-C-2480,c2401-C-2480,132.0,0.0,0.0,0.0,2,46.0,0.0,0,132.0,0.0,0.0,0.0,0.0,0.0,0
2023-05-09 21:03:36,c2401-C-2480,c2401-C-2480,132.0,0.0,0.0,0.0,10,46.5,0.0,0,132.0,0.0,0.0,0.0,0.0,0.0,0
2023-05-09 21:03:39,c2401-C-2480,c2401-C-2480,132.0,0.0,0.0,0.0,2,47.0,0.0,0,132.0,0.0,0.0,0.0,0.0,0.0,0
2023-05-09 21:03:39,c2401-C-2480,c2401-C-2480,132.0,0.0,0.0,0.0,10,47.5,0.0,0,132.0,0.0,0.0,0.0,0.0,0.0,0
2023-05-09 21:03:41,c2401-C-2480,c2401-C-2480,132.0,0.0,0.0,0.0,2,48.0,0.0,0,132.0,0.0,0.0,0.0,0.0,0.0,0
2023-05-09 21:03:41,c2401-C-2480,c2401-C-2480,132.0,0.0,0.0,0.0,10,48.5,0.0,0,132.0,0.0,0.0,0.0,0.0,0.0,0
2023-05-09 21:03:42,c2401-C-2480,c2401-C-2480,132.0,0.0,0.0,0.0,2,49.0,0.0,0,132.0,0.0,0.0,0.0,0.0,0.0,0
2023-05-09 21:03:42,c2401-C-2480,c2401-C-2480,132.0,0.0,0.0,0.0,10,49.5,0.0,0,132.0,0.0,0.0,0.0,0.0,0.0,0
2023-05-09 21:03:43,c2401-C-2480,c2401-C-2480,132.0,0.0,0.0,0.0,2,50.0,0.0,0,132.0,0.0,0.0,0.0,0.0,0.0,0
2023-05-09 21:03:43,c2401-C-2480,c2401-C-2480,132.0,0.0,0.0,0.0,10,50.5,0.0,0,132.0,0.0,0.0,0.0,0.0,0.0,0
2023-05-09 21:27:57,c2401-C-2480,c2401-C-2480,132.0,0.0,0.0,0.0,1,22.0,0.0,0,132.0,0.0,0.0,0.0,0.0,0.0,0
2023-05-09 21:27:57,c2401-C-2480,c2401-C-2480,132.0,0.0,0.0,0.0,2,22.5,0.0,0,132.0,0.0,0.0,0.0,0.0,0.0,0
2023-05-09 21:29:28,c2401-C-2480,c2401-C-2480,132.0,0.0,0.0,0.0,10,23.0,0.0,0,132.0,0.0,0.0,0.0,0.0,0.0,0
2023-05-09 21:29:29,c2401-C-2480,c2401-C-2480,132.0,0.0,0.0,0.0,2,23.5,0.0,0,132.0,0.0,0.0,0.0,0.0,0.0,0
2023-05-09 21:29:29,c2401-C-2480,c2401-C-2480,132.0,0.0,0.0,0.0,10,24.0,0.0,0,132.0,0.0,0.0,0.0,0.0,0.0,0
2023-05-09 21:29:31,c2401-C-2480,c2401-C-2480,132.0,0.0,0.0,0.0,2,24.5,0.0,0,132.0,0.0,0.0,0.0,0.0,0.0,0
2023-05-09 21:29:31,c2401-C-2480,c2401-C-2480,132.0,0.0,0.0,0.0,10,25.0,0.0,0,132.0,0.0,0.0,0.0,0.0,0.0,0
2023-05-09 21:29:32,c2401-C-2480,c2401-C-2480,132.0,0.0,0.0,0.0,2,25.5,0.0,0,132.0,0.0,0.0,0.0,0.0,0.0,0
2023-05-09 21:29:32,c2401-C-2480,c2401-C-2480,132.0,0.0,0.0,0.0,10,26.0,0.0,0,132.0,0.0,0.0,0.0,0.0,0.0,0
2023-05-09 21:29:34,c2401-C-2480,c2401-C-2480,132.0,0.0,0.0,0.0,2,26.5,0.0,0,132.0,0.0,0.0,0.0,0.0,0.0,0
2023-05-09 21:29:34,c2401-C-2480,c2401-C-2480,132.0,0.0,0.0,0.0,10,27.0,0.0,0,132.0,0.0,0.0,0.0,0.0,0.0,0
2023-05-09 21:29:35,c2401-C-2480,c2401-C-2480,132.0,0.0,0.0,0.0,2,27.5,0.0,0,132.0,0.0,0.0,0.0,0.0,0.0,0
2023-05-09 21:29:35,c2401-C-2480,c2401-C-2480,132.0,0.0,0.0,0.0,10,28.0,0.0,0,132.0,0.0,0.0,0.0,0.0,0.0,0
2023-05-09 21:29:36,c2401-C-2480,c2401-C-2480,132.0,0.0,0.0,0.0,2,28.5,0.0,0,132.0,0.0,0.0,0.0,0.0,0.0,0
2023-05-09 21:29:36,c2401-C-2480,c2401-C-2480,132.0,0.0,0.0,0.0,10,29.0,0.0,0,132.0,0.0,0.0,0.0,0.0,0.0,0
2023-05-09 21:29:37,c2401-C-2480,c2401-C-2480,132.0,0.0,0.0,0.0,2,29.5,0.0,0,132.0,0.0,0.0,0.0,0.0,0.0,0
2023-05-09 21:29:37,c2401-C-2480,c2401-C-2480,132.0,0.0,0.0,0.0,10,30.0,0.0,0,132.0,0.0,0.0,0.0,0.0,0.0,0
2023-05-09 21:29:38,c2401-C-2480,c2401-C-2480,132.0,0.0,0.0,0.0,2,30.5,0.0,0,132.0,0.0,0.0,0.0,0.0,0.0,0
2023-05-09 21:29:38,c2401-C-2480,c2401-C-2480,132.0,0.0,0.0,0.0,10,31.0,0.0,0,132.0,0.0,0.0,0.0,0.0,0.0,0
2023-05-09 21:29:39,c2401-C-2480,c2401-C-2480,132.0,0.0,0.0,0.0,2,31.5,0.0,0,132.0,0.0,0.0,0.0,0.0,0.0,0
2023-05-09 21:29:40,c2401-C-2480,c2401-C-2480,132.0,0.0,0.0,0.0,10,32.0,0.0,0,132.0,0.0,0.0,0.0,0.0,0.0,0
2023-05-09 21:29:40,c2401-C-2480,c2401-C-2480,132.0,0.0,0.0,0.0,2,32.5,0.0,0,132.0,0.0,0.0,0.0,0.0,0.0,0
2023-05-09 21:29:40,c2401-C-2480,c2401-C-2480,132.0,0.0,0.0,0.0,10,33.0,0.0,0,132.0,0.0,0.0,0.0,0.0,0.0,0
2023-05-09 21:29:41,c2401-C-2480,c2401-C-2480,132.0,0.0,0.0,0.0,2,33.5,0.0,0,132.0,0.0,0.0,0.0,0.0,0.0,0
2023-05-09 21:29:41,c2401-C-2480,c2401-C-2480,132.0,0.0,0.0,0.0,10,34.0,0.0,0,132.0,0.0,0.0,0.0,0.0,0.0,0
2023-05-09 21:29:43,c2401-C-2480,c2401-C-2480,132.0,0.0,0.0,0.0,2,34.5,0.0,0,132.0,0.0,0.0,0.0,0.0,0.0,0
2023-05-09 21:29:43,c2401-C-2480,c2401-C-2480,132.0,0.0,0.0,0.0,10,35.0,0.0,0,132.0,0.0,0.0,0.0,0.0,0.0,0
2023-05-09 21:29:44,c2401-C-2480,c2401-C-2480,132.0,0.0,0.0,0.0,2,35.5,0.0,0,132.0,0.0,0.0,0.0,0.0,0.0,0
2023-05-09 21:29:44,c2401-C-2480,c2401-C-2480,132.0,0.0,0.0,0.0,10,36.0,0.0,0,132.0,0.0,0.0,0.0,0.0,0.0,0
2023-05-09 21:29:45,c2401-C-2480,c2401-C-2480,132.0,0.0,0.0,0.0,2,36.5,0.0,0,132.0,0.0,0.0,0.0,0.0,0.0,0
2023-05-09 21:29:45,c2401-C-2480,c2401-C-2480,132.0,0.0,0.0,0.0,10,37.0,0.0,0,132.0,0.0,0.0,0.0,0.0,0.0,0
2023-05-09 21:29:46,c2401-C-2480,c2401-C-2480,132.0,0.0,0.0,0.0,2,37.5,0.0,0,132.0,0.0,0.0,0.0,0.0,0.0,0
2023-05-09 21:29:46,c2401-C-2480,c2401-C-2480,132.0,0.0,0.0,0.0,10,38.0,0.0,0,132.0,0.0,0.0,0.0,0.0,0.0,0
2023-05-09 21:29:47,c2401-C-2480,c2401-C-2480,132.0,0.0,0.0,0.0,2,38.5,0.0,0,132.0,0.0,0.0,0.0,0.0,0.0,0
2023-05-09 21:29:47,c2401-C-2480,c2401-C-2480,132.0,0.0,0.0,0.0,10,39.0,0.0,0,132.0,0.0,0.0,0.0,0.0,0.0,0
2023-05-09 21:29:48,c2401-C-2480,c2401-C-2480,132.0,0.0,0.0,0.0,2,39.5,0.0,0,132.0,0.0,0.0,0.0,0.0,0.0,0
2023-05-09 21:29:48,c2401-C-2480,c2401-C-2480,132.0,0.0,0.0,0.0,10,40.0,0.0,0,132.0,0.0,0.0,0.0,0.0,0.0,0
2023-05-09 21:29:49,c2401-C-2480,c2401-C-2480,132.0,0.0,0.0,0.0,2,40.5,0.0,0,132.0,0.0,0.0,0.0,0.0,0.0,0
2023-05-09 21:29:49,c2401-C-2480,c2401-C-2480,132.0,0.0,0.0,0.0,10,41.0,0.0,0,132.0,0.0,0.0,0.0,0.0,0.0,0
2023-05-09 21:29:50,c2401-C-2480,c2401-C-2480,132.0,0.0,0.0,0.0,2,41.5,0.0,0,132.0,0.0,0.0,0.0,0.0,0.0,0
2023-05-09 21:29:50,c2401-C-2480,c2401-C-2480,132.0,0.0,0.0,0.0,10,42.0,0.0,0,132.0,0.0,0.0,0.0,0.0,0.0,0
2023-05-09 21:29:51,c2401-C-2480,c2401-C-2480,132.0,0.0,0.0,0.0,2,42.5,0.0,0,132.0,0.0,0.0,0.0,0.0,0.0,0
2023-05-09 21:29:51,c2401-C-2480,c2401-C-2480,132.0,0.0,0.0,0.0,10,43.0,0.0,0,132.0,0.0,0.0,0.0,0.0,0.0,0
2023-05-09 21:29:52,c2401-C-2480,c2401-C-2480,132.0,0.0,0.0,0.0,2,43.5,0.0,0,132.0,0.0,0.0,0.0,0.0,0.0,0
2023-05-09 21:29:52,c2401-C-2480,c2401-C-2480,132.0,0.0,0.0,0.0,10,44.0,0.0,0,132.0,0.0,0.0,0.0,0.0,0.0,0
2023-05-09 21:29:53,c2401-C-2480,c2401-C-2480,132.0,0.0,0.0,0.0,2,44.5,0.0,0,132.0,0.0,0.0,0.0,0.0,0.0,0
2023-05-09 21:29:53,c2401-C-2480,c2401-C-2480,132.0,0.0,0.0,0.0,10,45.0,0.0,0,132.0,0.0,0.0,0.0,0.0,0.0,0
2023-05-09 21:29:54,c2401-C-2480,c2401-C-2480,132.0,0.0,0.0,0.0,2,45.5,0.0,0,132.0,0.0,0.0,0.0,0.0,0.0,0
2023-05-09 21:29:54,c2401-C-2480,c2401-C-2480,132.0,0.0,0.0,0.0,10,46.0,0.0,0,132.0,0.0,0.0,0.0,0.0,0.0,0
2023-05-09 21:29:55,c2401-C-2480,c2401-C-2480,132.0,0.0,0.0,0.0,2,46.5,0.0,0,132.0,0.0,0.0,0.0,0.0,0.0,0
2023-05-09 21:29:55,c2401-C-2480,c2401-C-2480,132.0,0.0,0.0,0.0,10,47.0,0.0,0,132.0,0.0,0.0,0.0,0.0,0.0,0
2023-05-09 21:29:56,c2401-C-2480,c2401-C-2480,132.0,0.0,0.0,0.0,2,47.5,0.0,0,132.0,0.0,0.0,0.0,0.0,0.0,0
2023-05-09 21:29:56,c2401-C-2480,c2401-C-2480,132.0,0.0,0.0,0.0,10,48.0,0.0,0,132.0,0.0,0.0,0.0,0.0,0.0,0
2023-05-09 21:29:57,c2401-C-2480,c2401-C-2480,132.0,0.0,0.0,0.0,2,48.5,0.0,0,132.0,0.0,0.0,0.0,0.0,0.0,0
2023-05-09 21:29:57,c2401-C-2480,c2401-C-2480,132.0,0.0,0.0,0.0,10,49.0,0.0,0,132.0,0.0,0.0,0.0,0.0,0.0,0
2023-05-09 21:29:58,c2401-C-2480,c2401-C-2480,132.0,0.0,0.0,0.0,2,49.5,0.0,0,132.0,0.0,0.0,0.0,0.0,0.0,0
2023-05-09 21:29:58,c2401-C-2480,c2401-C-2480,132.0,0.0,0.0,0.0,10,50.0,0.0,0,132.0,0.0,0.0,0.0,0.0,0.0,0
2023-05-09 21:30:35,c2401-C-2480,c2401-C-2480,132.0,0.0,0.0,0.0,1,50.5,0.0,0,132.0,0.0,0.0,0.0,0.0,0.0,0
2023-05-09 21:30:35,c2401-C-2480,c2401-C-2480,132.0,0.0,0.0,0.0,10,51.0,0.0,0,132.0,0.0,0.0,0.0,0.0,0.0,0
2023-05-09 22:00:35,c2401-C-2480,c2401-C-2480,132.0,0.0,0.0,0.0,1,51.5,0.0,0,132.0,0.0,0.0,0.0,0.0,0.0,0
2023-05-09 22:00:35,c2401-C-2480,c2401-C-2480,132.0,0.0,0.0,0.0,10,52.0,0.0,0,132.0,0.0,0.0,0.0,0.0,0.0,0
2023-05-09 22:57:33,c2401-C-2480,c2401-C-2480,132.0,0.0,0.0,0.0,1,51.5,0.0,0,132.0,0.0,0.0,0.0,0.0,0.0,0
2023-05-09 22:57:42,c2401-C-2480,c2401-C-2480,132.0,0.0,0.0,0.0,1,21.0,0.0,0,132.0,0.0,0.0,0.0,0.0,0.0,0
2023-05-09 22:58:21,c2401-C-2480,c2401-C-2480,132.0,0.0,0.0,0.0,10,21.5,0.0,0,132.0,0.0,0.0,0.0,0.0,0.0,0
2023-05-09 22:59:55,c2401-C-2480,c2401-C-2480,132.0,0.0,0.0,0.0,1,3.5,0.0,0,132.0,0.0,0.0,0.0,0.0,0.0,0
2023-05-10 09:00:01,c2401-C-2480,c2401-C-2480,132.0,0.0,0.0,0.0,10,4.0,0.0,0,132.0,0.0,0.0,0.0,0.0,0.0,0
2023-05-10 09:00:31,c2401-C-2480,c2401-C-2480,132.0,0.0,0.0,0.0,1,11.5,0.0,0,132.0,0.0,0.0,0.0,0.0,0.0,0
2023-05-10 09:00:31,c2401-C-2480,c2401-C-2480,132.0,0.0,0.0,0.0,10,12.0,0.0,0,132.0,0.0,0.0,0.0,0.0,0.0,0
2023-05-10 09:00:37,c2401-C-2480,c2401-C-2480,132.0,0.0,0.0,0.0,1,12.5,0.0,0,132.0,0.0,0.0,0.0,0.0,0.0,0
2023-05-10 09:00:37,c2401-C-2480,c2401-C-2480,132.0,0.0,0.0,0.0,10,13.0,0.0,0,132.0,0.0,0.0,0.0,0.0,0.0,0
2023-05-10 09:02:05,c2401-C-2480,c2401-C-2480,132.0,0.0,0.0,0.0,2,13.5,0.0,0,132.0,0.0,0.0,0.0,0.0,0.0,0
2023-05-10 09:02:05,c2401-C-2480,c2401-C-2480,132.0,0.0,0.0,0.0,10,14.0,0.0,0,132.0,0.0,0.0,0.0,0.0,0.0,0
2023-05-10 09:04:23,c2401-C-2480,c2401-C-2480,132.0,0.0,0.0,0.0,2,14.5,0.0,0,132.0,0.0,0.0,0.0,0.0,0.0,0
2023-05-10 09:04:23,c2401-C-2480,c2401-C-2480,132.0,0.0,0.0,0.0,10,15.0,0.0,0,132.0,0.0,0.0,0.0,0.0,0.0,0
2023-05-10 09:07:14,c2401-C-2480,c2401-C-2480,132.0,0.0,0.0,0.0,2,15.5,0.0,0,132.0,0.0,0.0,0.0,0.0,0.0,0
2023-05-10 09:07:14,c2401-C-2480,c2401-C-2480,132.0,0.0,0.0,0.0,10,16.0,0.0,0,132.0,0.0,0.0,0.0,0.0,0.0,0
2023-05-10 09:07:58,c2401-C-2480,c2401-C-2480,132.0,0.0,0.0,0.0,2,16.5,0.0,0,132.0,0.0,0.0,0.0,0.0,0.0,0
2023-05-10 09:07:58,c2401-C-2480,c2401-C-2480,132.0,0.0,0.0,0.0,10,17.0,0.0,0,132.0,0.0,0.0,0.0,0.0,0.0,0
2023-05-10 09:08:22,c2401-C-2480,c2401-C-2480,132.0,0.0,0.0,0.0,2,17.5,0.0,0,132.0,0.0,0.0,0.0,0.0,0.0,0
2023-05-10 09:08:22,c2401-C-2480,c2401-C-2480,132.0,0.0,0.0,0.0,10,18.0,0.0,0,132.0,0.0,0.0,0.0,0.0,0.0,0
2023-05-10 09:08:45,c2401-C-2480,c2401-C-2480,132.0,0.0,0.0,0.0,2,18.5,0.0,0,132.0,0.0,0.0,0.0,0.0,0.0,0
2023-05-10 09:08:45,c2401-C-2480,c2401-C-2480,132.0,0.0,0.0,0.0,10,19.0,0.0,0,132.0,0.0,0.0,0.0,0.0,0.0,0
2023-05-10 09:08:47,c2401-C-2480,c2401-C-2480,132.0,0.0,0.0,0.0,2,19.5,0.0,0,132.0,0.0,0.0,0.0,0.0,0.0,0
2023-05-10 09:08:47,c2401-C-2480,c2401-C-2480,132.0,0.0,0.0,0.0,10,20.0,0.0,0,132.0,0.0,0.0,0.0,0.0,0.0,0
2023-05-10 09:08:50,c2401-C-2480,c2401-C-2480,132.0,0.0,0.0,0.0,2,20.5,0.0,0,132.0,0.0,0.0,0.0,0.0,0.0,0
2023-05-10 09:08:50,c2401-C-2480,c2401-C-2480,132.0,0.0,0.0,0.0,10,21.0,0.0,0,132.0,0.0,0.0,0.0,0.0,0.0,0
2023-05-10 09:08:51,c2401-C-2480,c2401-C-2480,132.0,0.0,0.0,0.0,2,21.5,0.0,0,132.0,0.0,0.0,0.0,0.0,0.0,0
2023-05-10 09:08:51,c2401-C-2480,c2401-C-2480,132.0,0.0,0.0,0.0,10,22.0,0.0,0,132.0,0.0,0.0,0.0,0.0,0.0,0
2023-05-10 09:08:53,c2401-C-2480,c2401-C-2480,132.0,0.0,0.0,0.0,2,22.5,0.0,0,132.0,0.0,0.0,0.0,0.0,0.0,0
2023-05-10 09:08:53,c2401-C-2480,c2401-C-2480,132.0,0.0,0.0,0.0,10,23.0,0.0,0,132.0,0.0,0.0,0.0,0.0,0.0,0
2023-05-10 09:08:55,c2401-C-2480,c2401-C-2480,132.0,0.0,0.0,0.0,2,23.5,0.0,0,132.0,0.0,0.0,0.0,0.0,0.0,0
2023-05-10 09:08:55,c2401-C-2480,c2401-C-2480,132.0,0.0,0.0,0.0,10,24.0,0.0,0,132.0,0.0,0.0,0.0,0.0,0.0,0
2023-05-10 09:08:56,c2401-C-2480,c2401-C-2480,132.0,0.0,0.0,0.0,2,24.5,0.0,0,132.0,0.0,0.0,0.0,0.0,0.0,0
2023-05-10 09:08:56,c2401-C-2480,c2401-C-2480,132.0,0.0,0.0,0.0,10,25.0,0.0,0,132.0,0.0,0.0,0.0,0.0,0.0,0
2023-05-10 09:08:58,c2401-C-2480,c2401-C-2480,132.0,0.0,0.0,0.0,2,25.5,0.0,0,132.0,0.0,0.0,0.0,0.0,0.0,0
2023-05-10 09:08:58,c2401-C-2480,c2401-C-2480,132.0,0.0,0.0,0.0,10,26.0,0.0,0,132.0,0.0,0.0,0.0,0.0,0.0,0
2023-05-10 09:08:59,c2401-C-2480,c2401-C-2480,132.0,0.0,0.0,0.0,2,26.5,0.0,0,132.0,0.0,0.0,0.0,0.0,0.0,0
2023-05-10 09:08:59,c2401-C-2480,c2401-C-2480,132.0,0.0,0.0,0.0,10,27.0,0.0,0,132.0,0.0,0.0,0.0,0.0,0.0,0
2023-05-10 09:09:01,c2401-C-2480,c2401-C-2480,132.0,0.0,0.0,0.0,2,27.5,0.0,0,132.0,0.0,0.0,0.0,0.0,0.0,0
2023-05-10 09:09:01,c2401-C-2480,c2401-C-2480,132.0,0.0,0.0,0.0,10,28.0,0.0,0,132.0,0.0,0.0,0.0,0.0,0.0,0
2023-05-10 09:09:02,c2401-C-2480,c2401-C-2480,132.0,0.0,0.0,0.0,2,28.5,0.0,0,132.0,0.0,0.0,0.0,0.0,0.0,0
2023-05-10 09:09:02,c2401-C-2480,c2401-C-2480,132.0,0.0,0.0,0.0,10,29.0,0.0,0,132.0,0.0,0.0,0.0,0.0,0.0,0
2023-05-10 09:09:03,c2401-C-2480,c2401-C-2480,132.0,0.0,0.0,0.0,2,29.5,0.0,0,132.0,0.0,0.0,0.0,0.0,0.0,0
2023-05-10 09:09:04,c2401-C-2480,c2401-C-2480,132.0,0.0,0.0,0.0,10,30.0,0.0,0,132.0,0.0,0.0,0.0,0.0,0.0,0
2023-05-10 09:09:05,c2401-C-2480,c2401-C-2480,132.0,0.0,0.0,0.0,2,30.5,0.0,0,132.0,0.0,0.0,0.0,0.0,0.0,0
2023-05-10 09:09:05,c2401-C-2480,c2401-C-2480,132.0,0.0,0.0,0.0,10,31.0,0.0,0,132.0,0.0,0.0,0.0,0.0,0.0,0
2023-05-10 09:09:07,c2401-C-2480,c2401-C-2480,132.0,0.0,0.0,0.0,2,31.5,0.0,0,132.0,0.0,0.0,0.0,0.0,0.0,0
2023-05-10 09:09:07,c2401-C-2480,c2401-C-2480,132.0,0.0,0.0,0.0,10,32.0,0.0,0,132.0,0.0,0.0,0.0,0.0,0.0,0
2023-05-10 09:09:08,c2401-C-2480,c2401-C-2480,132.0,0.0,0.0,0.0,2,32.5,0.0,0,132.0,0.0,0.0,0.0,0.0,0.0,0
2023-05-10 09:09:08,c2401-C-2480,c2401-C-2480,132.0,0.0,0.0,0.0,10,33.0,0.0,0,132.0,0.0,0.0,0.0,0.0,0.0,0
2023-05-10 09:09:10,c2401-C-2480,c2401-C-2480,132.0,0.0,0.0,0.0,2,33.5,0.0,0,132.0,0.0,0.0,0.0,0.0,0.0,0
2023-05-10 09:09:10,c2401-C-2480,c2401-C-2480,132.0,0.0,0.0,0.0,10,34.0,0.0,0,132.0,0.0,0.0,0.0,0.0,0.0,0
2023-05-10 09:09:11,c2401-C-2480,c2401-C-2480,132.0,0.0,0.0,0.0,2,34.5,0.0,0,132.0,0.0,0.0,0.0,0.0,0.0,0
2023-05-10 09:09:11,c2401-C-2480,c2401-C-2480,132.0,0.0,0.0,0.0,10,35.0,0.0,0,132.0,0.0,0.0,0.0,0.0,0.0,0
2023-05-10 09:09:12,c2401-C-2480,c2401-C-2480,132.0,0.0,0.0,0.0,2,35.5,0.0,0,132.0,0.0,0.0,0.0,0.0,0.0,0
2023-05-10 09:09:12,c2401-C-2480,c2401-C-2480,132.0,0.0,0.0,0.0,10,36.0,0.0,0,132.0,0.0,0.0,0.0,0.0,0.0,0
2023-05-10 09:09:13,c2401-C-2480,c2401-C-2480,132.0,0.0,0.0,0.0,2,36.5,0.0,0,132.0,0.0,0.0,0.0,0.0,0.0,0
2023-05-10 09:09:13,c2401-C-2480,c2401-C-2480,132.0,0.0,0.0,0.0,10,37.0,0.0,0,132.0,0.0,0.0,0.0,0.0,0.0,0
2023-05-10 09:09:15,c2401-C-2480,c2401-C-2480,132.0,0.0,0.0,0.0,2,37.5,0.0,0,132.0,0.0,0.0,0.0,0.0,0.0,0
2023-05-10 09:09:15,c2401-C-2480,c2401-C-2480,132.0,0.0,0.0,0.0,10,38.0,0.0,0,132.0,0.0,0.0,0.0,0.0,0.0,0
2023-05-10 09:09:16,c2401-C-2480,c2401-C-2480,132.0,0.0,0.0,0.0,2,38.5,0.0,0,132.0,0.0,0.0,0.0,0.0,0.0,0
2023-05-10 09:09:16,c2401-C-2480,c2401-C-2480,132.0,0.0,0.0,0.0,10,39.0,0.0,0,132.0,0.0,0.0,0.0,0.0,0.0,0
2023-05-10 09:09:17,c2401-C-2480,c2401-C-2480,132.0,0.0,0.0,0.0,2,39.5,0.0,0,132.0,0.0,0.0,0.0,0.0,0.0,0
2023-05-10 09:09:17,c2401-C-2480,c2401-C-2480,132.0,0.0,0.0,0.0,10,40.0,0.0,0,132.0,0.0,0.0,0.0,0.0,0.0,0
2023-05-10 09:09:18,c2401-C-2480,c2401-C-2480,132.0,0.0,0.0,0.0,2,40.5,0.0,0,132.0,0.0,0.0,0.0,0.0,0.0,0
2023-05-10 09:09:18,c2401-C-2480,c2401-C-2480,132.0,0.0,0.0,0.0,10,41.0,0.0,0,132.0,0.0,0.0,0.0,0.0,0.0,0
2023-05-10 09:09:20,c2401-C-2480,c2401-C-2480,132.0,0.0,0.0,0.0,2,41.5,0.0,0,132.0,0.0,0.0,0.0,0.0,0.0,0
2023-05-10 09:09:20,c2401-C-2480,c2401-C-2480,132.0,0.0,0.0,0.0,10,42.0,0.0,0,132.0,0.0,0.0,0.0,0.0,0.0,0
2023-05-10 09:09:21,c2401-C-2480,c2401-C-2480,132.0,0.0,0.0,0.0,2,42.5,0.0,0,132.0,0.0,0.0,0.0,0.0,0.0,0
2023-05-10 09:09:21,c2401-C-2480,c2401-C-2480,132.0,0.0,0.0,0.0,10,43.0,0.0,0,132.0,0.0,0.0,0.0,0.0,0.0,0
2023-05-10 09:09:22,c2401-C-2480,c2401-C-2480,132.0,0.0,0.0,0.0,2,43.5,0.0,0,132.0,0.0,0.0,0.0,0.0,0.0,0
2023-05-10 09:09:22,c2401-C-2480,c2401-C-2480,132.0,0.0,0.0,0.0,10,44.0,0.0,0,132.0,0.0,0.0,0.0,0.0,0.0,0
2023-05-10 09:09:23,c2401-C-2480,c2401-C-2480,132.0,0.0,0.0,0.0,2,44.5,0.0,0,132.0,0.0,0.0,0.0,0.0,0.0,0
2023-05-10 09:09:23,c2401-C-2480,c2401-C-2480,132.0,0.0,0.0,0.0,10,45.0,0.0,0,132.0,0.0,0.0,0.0,0.0,0.0,0
2023-05-10 09:09:24,c2401-C-2480,c2401-C-2480,132.0,0.0,0.0,0.0,2,45.5,0.0,0,132.0,0.0,0.0,0.0,0.0,0.0,0
2023-05-10 09:09:24,c2401-C-2480,c2401-C-2480,132.0,0.0,0.0,0.0,10,46.0,0.0,0,132.0,0.0,0.0,0.0,0.0,0.0,0
2023-05-10 09:09:25,c2401-C-2480,c2401-C-2480,132.0,0.0,0.0,0.0,2,46.5,0.0,0,132.0,0.0,0.0,0.0,0.0,0.0,0
2023-05-10 09:09:25,c2401-C-2480,c2401-C-2480,132.0,0.0,0.0,0.0,10,47.0,0.0,0,132.0,0.0,0.0,0.0,0.0,0.0,0
2023-05-10 09:09:26,c2401-C-2480,c2401-C-2480,132.0,0.0,0.0,0.0,2,47.5,0.0,0,132.0,0.0,0.0,0.0,0.0,0.0,0
2023-05-10 09:09:26,c2401-C-2480,c2401-C-2480,132.0,0.0,0.0,0.0,10,48.0,0.0,0,132.0,0.0,0.0,0.0,0.0,0.0,0
2023-05-10 09:09:27,c2401-C-2480,c2401-C-2480,132.0,0.0,0.0,0.0,2,48.5,0.0,0,132.0,0.0,0.0,0.0,0.0,0.0,0
2023-05-10 09:09:27,c2401-C-2480,c2401-C-2480,132.0,0.0,0.0,0.0,10,49.0,0.0,0,132.0,0.0,0.0,0.0,0.0,0.0,0
2023-05-10 09:09:28,c2401-C-2480,c2401-C-2480,132.0,0.0,0.0,0.0,2,49.5,0.0,0,132.0,0.0,0.0,0.0,0.0,0.0,0
2023-05-10 09:09:28,c2401-C-2480,c2401-C-2480,132.0,0.0,0.0,0.0,10,50.0,0.0,0,132.0,0.0,0.0,0.0,0.0,0.0,0
2023-05-10 09:09:29,c2401-C-2480,c2401-C-2480,132.0,0.0,0.0,0.0,2,50.5,0.0,0,132.0,0.0,0.0,0.0,0.0,0.0,0
2023-05-10 09:09:29,c2401-C-2480,c2401-C-2480,132.0,0.0,0.0,0.0,10,51.0,0.0,0,132.0,0.0,0.0,0.0,0.0,0.0,0
2023-05-10 09:09:30,c2401-C-2480,c2401-C-2480,132.0,0.0,0.0,0.0,2,51.5,0.0,0,132.0,0.0,0.0,0.0,0.0,0.0,0
2023-05-10 09:09:30,c2401-C-2480,c2401-C-2480,132.0,0.0,0.0,0.0,10,52.0,0.0,0,132.0,0.0,0.0,0.0,0.0,0.0,0
2023-05-10 09:09:31,c2401-C-2480,c2401-C-2480,132.0,0.0,0.0,0.0,2,52.5,0.0,0,132.0,0.0,0.0,0.0,0.0,0.0,0
2023-05-10 09:09:31,c2401-C-2480,c2401-C-2480,132.0,0.0,0.0,0.0,10,53.0,0.0,0,132.0,0.0,0.0,0.0,0.0,0.0,0
2023-05-10 09:09:32,c2401-C-2480,c2401-C-2480,132.0,0.0,0.0,0.0,2,53.5,0.0,0,132.0,0.0,0.0,0.0,0.0,0.0,0
2023-05-10 09:09:32,c2401-C-2480,c2401-C-2480,132.0,0.0,0.0,0.0,10,54.0,0.0,0,132.0,0.0,0.0,0.0,0.0,0.0,0
2023-05-10 09:09:33,c2401-C-2480,c2401-C-2480,132.0,0.0,0.0,0.0,2,54.5,0.0,0,132.0,0.0,0.0,0.0,0.0,0.0,0
2023-05-10 09:09:33,c2401-C-2480,c2401-C-2480,132.0,0.0,0.0,0.0,10,55.0,0.0,0,132.0,0.0,0.0,0.0,0.0,0.0,0
2023-05-10 09:20:52,c2401-C-2480,c2401-C-2480,132.0,0.0,0.0,0.0,2,55.5,0.0,0,132.0,0.0,0.0,0.0,0.0,0.0,0
2023-05-10 09:20:52,c2401-C-2480,c2401-C-2480,132.0,0.0,0.0,0.0,10,56.0,0.0,0,132.0,0.0,0.0,0.0,0.0,0.0,0
2023-05-10 10:14:32,c2401-C-2480,c2401-C-2480,132.0,0.0,0.0,0.0,1,13.5,0.0,0,132.0,0.0,0.0,0.0,0.0,0.0,0
2023-05-10 10:30:15,c2401-C-2480,c2401-C-2480,132.0,0.0,0.0,0.0,2,14.0,0.0,0,132.0,0.0,0.0,0.0,0.0,0.0,0
2023-05-10 10:30:15,c2401-C-2480,c2401-C-2480,132.0,0.0,0.0,0.0,10,14.5,0.0,0,132.0,0.0,0.0,0.0,0.0,0.0,0
2023-05-10 10:30:38,c2401-C-2480,c2401-C-2480,132.0,0.0,0.0,0.0,2,15.0,0.0,0,132.0,0.0,0.0,0.0,0.0,0.0,0
2023-05-10 10:30:38,c2401-C-2480,c2401-C-2480,132.0,0.0,0.0,0.0,10,15.5,0.0,0,132.0,0.0,0.0,0.0,0.0,0.0,0
2023-05-10 10:30:41,c2401-C-2480,c2401-C-2480,132.0,0.0,0.0,0.0,2,16.0,0.0,0,132.0,0.0,0.0,0.0,0.0,0.0,0
2023-05-10 10:30:41,c2401-C-2480,c2401-C-2480,132.0,0.0,0.0,0.0,10,16.5,0.0,0,132.0,0.0,0.0,0.0,0.0,0.0,0
2023-05-10 10:30:43,c2401-C-2480,c2401-C-2480,132.0,0.0,0.0,0.0,2,17.0,0.0,0,132.0,0.0,0.0,0.0,0.0,0.0,0
2023-05-10 10:30:43,c2401-C-2480,c2401-C-2480,132.0,0.0,0.0,0.0,10,17.5,0.0,0,132.0,0.0,0.0,0.0,0.0,0.0,0
2023-05-10 10:30:45,c2401-C-2480,c2401-C-2480,132.0,0.0,0.0,0.0,2,18.0,0.0,0,132.0,0.0,0.0,0.0,0.0,0.0,0
2023-05-10 10:30:45,c2401-C-2480,c2401-C-2480,132.0,0.0,0.0,0.0,10,18.5,0.0,0,132.0,0.0,0.0,0.0,0.0,0.0,0
2023-05-10 10:30:47,c2401-C-2480,c2401-C-2480,132.0,0.0,0.0,0.0,2,19.0,0.0,0,132.0,0.0,0.0,0.0,0.0,0.0,0
2023-05-10 10:30:47,c2401-C-2480,c2401-C-2480,132.0,0.0,0.0,0.0,10,19.5,0.0,0,132.0,0.0,0.0,0.0,0.0,0.0,0
2023-05-10 10:30:48,c2401-C-2480,c2401-C-2480,132.0,0.0,0.0,0.0,2,20.0,0.0,0,132.0,0.0,0.0,0.0,0.0,0.0,0
2023-05-10 10:30:48,c2401-C-2480,c2401-C-2480,132.0,0.0,0.0,0.0,10,20.5,0.0,0,132.0,0.0,0.0,0.0,0.0,0.0,0
2023-05-10 10:30:49,c2401-C-2480,c2401-C-2480,132.0,0.0,0.0,0.0,2,21.0,0.0,0,132.0,0.0,0.0,0.0,0.0,0.0,0
2023-05-10 10:30:49,c2401-C-2480,c2401-C-2480,132.0,0.0,0.0,0.0,10,21.5,0.0,0,132.0,0.0,0.0,0.0,0.0,0.0,0
2023-05-10 10:30:51,c2401-C-2480,c2401-C-2480,132.0,0.0,0.0,0.0,2,22.0,0.0,0,132.0,0.0,0.0,0.0,0.0,0.0,0
2023-05-10 10:30:51,c2401-C-2480,c2401-C-2480,132.0,0.0,0.0,0.0,10,22.5,0.0,0,132.0,0.0,0.0,0.0,0.0,0.0,0
2023-05-10 10:30:52,c2401-C-2480,c2401-C-2480,132.0,0.0,0.0,0.0,2,23.0,0.0,0,132.0,0.0,0.0,0.0,0.0,0.0,0
2023-05-10 10:30:52,c2401-C-2480,c2401-C-2480,132.0,0.0,0.0,0.0,10,23.5,0.0,0,132.0,0.0,0.0,0.0,0.0,0.0,0
2023-05-10 10:30:53,c2401-C-2480,c2401-C-2480,132.0,0.0,0.0,0.0,2,24.0,0.0,0,132.0,0.0,0.0,0.0,0.0,0.0,0
2023-05-10 10:30:53,c2401-C-2480,c2401-C-2480,132.0,0.0,0.0,0.0,10,24.5,0.0,0,132.0,0.0,0.0,0.0,0.0,0.0,0
2023-05-10 10:30:55,c2401-C-2480,c2401-C-2480,132.0,0.0,0.0,0.0,2,25.0,0.0,0,132.0,0.0,0.0,0.0,0.0,0.0,0
2023-05-10 10:30:55,c2401-C-2480,c2401-C-2480,132.0,0.0,0.0,0.0,10,25.5,0.0,0,132.0,0.0,0.0,0.0,0.0,0.0,0
2023-05-10 10:30:56,c2401-C-2480,c2401-C-2480,132.0,0.0,0.0,0.0,2,26.0,0.0,0,132.0,0.0,0.0,0.0,0.0,0.0,0
2023-05-10 10:30:56,c2401-C-2480,c2401-C-2480,132.0,0.0,0.0,0.0,10,26.5,0.0,0,132.0,0.0,0.0,0.0,0.0,0.0,0
2023-05-10 10:30:58,c2401-C-2480,c2401-C-2480,132.0,0.0,0.0,0.0,2,27.0,0.0,0,132.0,0.0,0.0,0.0,0.0,0.0,0
2023-05-10 10:30:58,c2401-C-2480,c2401-C-2480,132.0,0.0,0.0,0.0,10,27.5,0.0,0,132.0,0.0,0.0,0.0,0.0,0.0,0
2023-05-10 10:30:59,c2401-C-2480,c2401-C-2480,132.0,0.0,0.0,0.0,2,28.0,0.0,0,132.0,0.0,0.0,0.0,0.0,0.0,0
2023-05-10 10:30:59,c2401-C-2480,c2401-C-2480,132.0,0.0,0.0,0.0,10,28.5,0.0,0,132.0,0.0,0.0,0.0,0.0,0.0,0
2023-05-10 10:31:01,c2401-C-2480,c2401-C-2480,132.0,0.0,0.0,0.0,2,29.0,0.0,0,132.0,0.0,0.0,0.0,0.0,0.0,0
2023-05-10 10:31:01,c2401-C-2480,c2401-C-2480,132.0,0.0,0.0,0.0,10,29.5,0.0,0,132.0,0.0,0.0,0.0,0.0,0.0,0
2023-05-10 10:31:03,c2401-C-2480,c2401-C-2480,132.0,0.0,0.0,0.0,2,30.0,0.0,0,132.0,0.0,0.0,0.0,0.0,0.0,0
2023-05-10 10:31:03,c2401-C-2480,c2401-C-2480,132.0,0.0,0.0,0.0,10,30.5,0.0,0,132.0,0.0,0.0,0.0,0.0,0.0,0
2023-05-10 10:31:05,c2401-C-2480,c2401-C-2480,132.0,0.0,0.0,0.0,2,31.0,0.0,0,132.0,0.0,0.0,0.0,0.0,0.0,0
2023-05-10 10:31:05,c2401-C-2480,c2401-C-2480,132.0,0.0,0.0,0.0,10,31.5,0.0,0,132.0,0.0,0.0,0.0,0.0,0.0,0
2023-05-10 10:31:08,c2401-C-2480,c2401-C-2480,132.0,0.0,0.0,0.0,2,32.0,0.0,0,132.0,0.0,0.0,0.0,0.0,0.0,0
2023-05-10 10:31:08,c2401-C-2480,c2401-C-2480,132.0,0.0,0.0,0.0,10,32.5,0.0,0,132.0,0.0,0.0,0.0,0.0,0.0,0
2023-05-10 10:31:10,c2401-C-2480,c2401-C-2480,132.0,0.0,0.0,0.0,2,33.0,0.0,0,132.0,0.0,0.0,0.0,0.0,0.0,0
2023-05-10 10:31:10,c2401-C-2480,c2401-C-2480,132.0,0.0,0.0,0.0,10,33.5,0.0,0,132.0,0.0,0.0,0.0,0.0,0.0,0
2023-05-10 10:31:12,c2401-C-2480,c2401-C-2480,132.0,0.0,0.0,0.0,10,34.5,0.0,0,132.0,0.0,0.0,0.0,0.0,0.0,0
2023-05-10 10:31:13,c2401-C-2480,c2401-C-2480,132.0,0.0,0.0,0.0,2,35.0,0.0,0,132.0,0.0,0.0,0.0,0.0,0.0,0
2023-05-10 10:31:13,c2401-C-2480,c2401-C-2480,132.0,0.0,0.0,0.0,10,35.5,0.0,0,132.0,0.0,0.0,0.0,0.0,0.0,0
2023-05-10 10:31:14,c2401-C-2480,c2401-C-2480,132.0,0.0,0.0,0.0,2,36.0,0.0,0,132.0,0.0,0.0,0.0,0.0,0.0,0
2023-05-10 10:31:14,c2401-C-2480,c2401-C-2480,132.0,0.0,0.0,0.0,10,36.5,0.0,0,132.0,0.0,0.0,0.0,0.0,0.0,0
2023-05-10 10:31:16,c2401-C-2480,c2401-C-2480,132.0,0.0,0.0,0.0,2,37.0,0.0,0,132.0,0.0,0.0,0.0,0.0,0.0,0
2023-05-10 10:31:16,c2401-C-2480,c2401-C-2480,132.0,0.0,0.0,0.0,10,37.5,0.0,0,132.0,0.0,0.0,0.0,0.0,0.0,0
2023-05-10 10:31:18,c2401-C-2480,c2401-C-2480,132.0,0.0,0.0,0.0,2,38.0,0.0,0,132.0,0.0,0.0,0.0,0.0,0.0,0
2023-05-10 10:31:18,c2401-C-2480,c2401-C-2480,132.0,0.0,0.0,0.0,10,38.5,0.0,0,132.0,0.0,0.0,0.0,0.0,0.0,0
2023-05-10 10:31:20,c2401-C-2480,c2401-C-2480,132.0,0.0,0.0,0.0,2,39.0,0.0,0,132.0,0.0,0.0,0.0,0.0,0.0,0
2023-05-10 10:31:20,c2401-C-2480,c2401-C-2480,132.0,0.0,0.0,0.0,10,39.5,0.0,0,132.0,0.0,0.0,0.0,0.0,0.0,0
2023-05-10 10:31:22,c2401-C-2480,c2401-C-2480,132.0,0.0,0.0,0.0,2,40.0,0.0,0,132.0,0.0,0.0,0.0,0.0,0.0,0
2023-05-10 10:31:22,c2401-C-2480,c2401-C-2480,132.0,0.0,0.0,0.0,10,40.5,0.0,0,132.0,0.0,0.0,0.0,0.0,0.0,0
2023-05-10 10:31:23,c2401-C-2480,c2401-C-2480,132.0,0.0,0.0,0.0,2,41.0,0.0,0,132.0,0.0,0.0,0.0,0.0,0.0,0
2023-05-10 10:31:23,c2401-C-2480,c2401-C-2480,132.0,0.0,0.0,0.0,10,41.5,0.0,0,132.0,0.0,0.0,0.0,0.0,0.0,0
2023-05-10 10:31:24,c2401-C-2480,c2401-C-2480,132.0,0.0,0.0,0.0,2,42.0,0.0,0,132.0,0.0,0.0,0.0,0.0,0.0,0
2023-05-10 10:31:24,c2401-C-2480,c2401-C-2480,132.0,0.0,0.0,0.0,10,42.5,0.0,0,132.0,0.0,0.0,0.0,0.0,0.0,0
2023-05-10 10:31:26,c2401-C-2480,c2401-C-2480,132.0,0.0,0.0,0.0,2,43.0,0.0,0,132.0,0.0,0.0,0.0,0.0,0.0,0
2023-05-10 10:31:26,c2401-C-2480,c2401-C-2480,132.0,0.0,0.0,0.0,10,43.5,0.0,0,132.0,0.0,0.0,0.0,0.0,0.0,0
2023-05-10 10:31:27,c2401-C-2480,c2401-C-2480,132.0,0.0,0.0,0.0,2,44.0,0.0,0,132.0,0.0,0.0,0.0,0.0,0.0,0
2023-05-10 10:31:27,c2401-C-2480,c2401-C-2480,132.0,0.0,0.0,0.0,10,44.5,0.0,0,132.0,0.0,0.0,0.0,0.0,0.0,0
2023-05-10 10:31:29,c2401-C-2480,c2401-C-2480,132.0,0.0,0.0,0.0,2,45.0,0.0,0,132.0,0.0,0.0,0.0,0.0,0.0,0
2023-05-10 10:31:29,c2401-C-2480,c2401-C-2480,132.0,0.0,0.0,0.0,10,45.5,0.0,0,132.0,0.0,0.0,0.0,0.0,0.0,0
2023-05-10 10:31:30,c2401-C-2480,c2401-C-2480,132.0,0.0,0.0,0.0,2,46.0,0.0,0,132.0,0.0,0.0,0.0,0.0,0.0,0
2023-05-10 10:31:30,c2401-C-2480,c2401-C-2480,132.0,0.0,0.0,0.0,10,46.5,0.0,0,132.0,0.0,0.0,0.0,0.0,0.0,0
2023-05-10 10:31:31,c2401-C-2480,c2401-C-2480,132.0,0.0,0.0,0.0,2,47.0,0.0,0,132.0,0.0,0.0,0.0,0.0,0.0,0
2023-05-10 10:31:32,c2401-C-2480,c2401-C-2480,132.0,0.0,0.0,0.0,10,47.5,0.0,0,132.0,0.0,0.0,0.0,0.0,0.0,0
2023-05-10 10:31:32,c2401-C-2480,c2401-C-2480,132.0,0.0,0.0,0.0,2,48.0,0.0,0,132.0,0.0,0.0,0.0,0.0,0.0,0
2023-05-10 10:31:33,c2401-C-2480,c2401-C-2480,132.0,0.0,0.0,0.0,10,48.5,0.0,0,132.0,0.0,0.0,0.0,0.0,0.0,0
2023-05-10 10:31:34,c2401-C-2480,c2401-C-2480,132.0,0.0,0.0,0.0,2,49.0,0.0,0,132.0,0.0,0.0,0.0,0.0,0.0,0
2023-05-10 10:31:34,c2401-C-2480,c2401-C-2480,132.0,0.0,0.0,0.0,10,49.5,0.0,0,132.0,0.0,0.0,0.0,0.0,0.0,0
2023-05-10 10:31:35,c2401-C-2480,c2401-C-2480,132.0,0.0,0.0,0.0,2,50.0,0.0,0,132.0,0.0,0.0,0.0,0.0,0.0,0
2023-05-10 10:31:35,c2401-C-2480,c2401-C-2480,132.0,0.0,0.0,0.0,10,50.5,0.0,0,132.0,0.0,0.0,0.0,0.0,0.0,0
2023-05-10 10:31:36,c2401-C-2480,c2401-C-2480,132.0,0.0,0.0,0.0,2,51.0,0.0,0,132.0,0.0,0.0,0.0,0.0,0.0,0
2023-05-10 10:31:36,c2401-C-2480,c2401-C-2480,132.0,0.0,0.0,0.0,10,51.5,0.0,0,132.0,0.0,0.0,0.0,0.0,0.0,0
2023-05-10 10:31:37,c2401-C-2480,c2401-C-2480,132.0,0.0,0.0,0.0,2,52.0,0.0,0,132.0,0.0,0.0,0.0,0.0,0.0,0
2023-05-10 10:31:37,c2401-C-2480,c2401-C-2480,132.0,0.0,0.0,0.0,10,52.5,0.0,0,132.0,0.0,0.0,0.0,0.0,0.0,0
2023-05-10 10:31:38,c2401-C-2480,c2401-C-2480,132.0,0.0,0.0,0.0,2,53.0,0.0,0,132.0,0.0,0.0,0.0,0.0,0.0,0
2023-05-10 10:31:38,c2401-C-2480,c2401-C-2480,132.0,0.0,0.0,0.0,10,53.5,0.0,0,132.0,0.0,0.0,0.0,0.0,0.0,0
2023-05-10 10:31:39,c2401-C-2480,c2401-C-2480,132.0,0.0,0.0,0.0,2,54.0,0.0,0,132.0,0.0,0.0,0.0,0.0,0.0,0
2023-05-10 10:31:39,c2401-C-2480,c2401-C-2480,132.0,0.0,0.0,0.0,10,54.5,0.0,0,132.0,0.0,0.0,0.0,0.0,0.0,0
2023-05-10 10:37:31,c2401-C-2480,c2401-C-2480,132.0,0.0,0.0,0.0,2,55.0,0.0,0,132.0,0.0,0.0,0.0,0.0,0.0,0
2023-05-10 10:37:31,c2401-C-2480,c2401-C-2480,132.0,0.0,0.0,0.0,10,55.5,0.0,0,132.0,0.0,0.0,0.0,0.0,0.0,0
2023-05-10 11:07:38,c2401-C-2480,c2401-C-2480,132.0,0.0,0.0,0.0,2,56.0,0.0,0,132.0,0.0,0.0,0.0,0.0,0.0,0
2023-05-10 11:07:38,c2401-C-2480,c2401-C-2480,132.0,0.0,0.0,0.0,10,56.5,0.0,0,132.0,0.0,0.0,0.0,0.0,0.0,0
2023-05-10 11:29:33,c2401-C-2480,c2401-C-2480,132.0,0.0,0.0,0.0,1,13.5,0.0,0,132.0,0.0,0.0,0.0,0.0,0.0,0
2023-05-10 13:30:02,c2401-C-2480,c2401-C-2480,132.0,0.0,0.0,0.0,10,14.0,0.0,0,132.0,0.0,0.0,0.0,0.0,0.0,0
2023-05-10 13:30:32,c2401-C-2480,c2401-C-2480,132.0,0.0,0.0,0.0,1,14.5,0.0,0,132.0,0.0,0.0,0.0,0.0,0.0,0
2023-05-10 13:30:32,c2401-C-2480,c2401-C-2480,132.0,0.0,0.0,0.0,10,15.0,0.0,0,132.0,0.0,0.0,0.0,0.0,0.0,0
2023-05-10 13:31:38,c2401-C-2480,c2401-C-2480,132.0,0.0,0.0,0.0,2,15.5,0.0,0,132.0,0.0,0.0,0.0,0.0,0.0,0
2023-05-10 13:31:38,c2401-C-2480,c2401-C-2480,132.0,0.0,0.0,0.0,10,16.0,0.0,0,132.0,0.0,0.0,0.0,0.0,0.0,0
2023-05-10 13:35:23,c2401-C-2480,c2401-C-2480,132.0,0.0,0.0,0.0,2,16.5,0.0,0,132.0,0.0,0.0,0.0,0.0,0.0,0
2023-05-10 13:35:23,c2401-C-2480,c2401-C-2480,132.0,0.0,0.0,0.0,10,17.0,0.0,0,132.0,0.0,0.0,0.0,0.0,0.0,0
2023-05-10 13:36:53,c2401-C-2480,c2401-C-2480,132.0,0.0,0.0,0.0,2,17.5,0.0,0,132.0,0.0,0.0,0.0,0.0,0.0,0
2023-05-10 13:36:53,c2401-C-2480,c2401-C-2480,132.0,0.0,0.0,0.0,10,18.0,0.0,0,132.0,0.0,0.0,0.0,0.0,0.0,0
2023-05-10 13:37:54,c2401-C-2480,c2401-C-2480,132.0,0.0,0.0,0.0,2,18.5,0.0,0,132.0,0.0,0.0,0.0,0.0,0.0,0
2023-05-10 13:37:54,c2401-C-2480,c2401-C-2480,132.0,0.0,0.0,0.0,10,19.0,0.0,0,132.0,0.0,0.0,0.0,0.0,0.0,0
2023-05-10 13:38:35,c2401-C-2480,c2401-C-2480,132.0,0.0,0.0,0.0,2,19.5,0.0,0,132.0,0.0,0.0,0.0,0.0,0.0,0
2023-05-10 13:38:35,c2401-C-2480,c2401-C-2480,132.0,0.0,0.0,0.0,10,20.0,0.0,0,132.0,0.0,0.0,0.0,0.0,0.0,0
2023-05-10 13:38:48,c2401-C-2480,c2401-C-2480,132.0,0.0,0.0,0.0,2,20.5,0.0,0,132.0,0.0,0.0,0.0,0.0,0.0,0
2023-05-10 13:38:48,c2401-C-2480,c2401-C-2480,132.0,0.0,0.0,0.0,10,21.0,0.0,0,132.0,0.0,0.0,0.0,0.0,0.0,0
2023-05-10 13:39:11,c2401-C-2480,c2401-C-2480,132.0,0.0,0.0,0.0,2,21.5,0.0,0,132.0,0.0,0.0,0.0,0.0,0.0,0
2023-05-10 13:39:12,c2401-C-2480,c2401-C-2480,132.0,0.0,0.0,0.0,10,22.0,0.0,0,132.0,0.0,0.0,0.0,0.0,0.0,0
2023-05-10 13:39:17,c2401-C-2480,c2401-C-2480,132.0,0.0,0.0,0.0,2,22.5,0.0,0,132.0,0.0,0.0,0.0,0.0,0.0,0
2023-05-10 13:39:17,c2401-C-2480,c2401-C-2480,132.0,0.0,0.0,0.0,10,23.0,0.0,0,132.0,0.0,0.0,0.0,0.0,0.0,0
2023-05-10 13:39:26,c2401-C-2480,c2401-C-2480,132.0,0.0,0.0,0.0,2,23.5,0.0,0,132.0,0.0,0.0,0.0,0.0,0.0,0
2023-05-10 13:39:26,c2401-C-2480,c2401-C-2480,132.0,0.0,0.0,0.0,10,24.0,0.0,0,132.0,0.0,0.0,0.0,0.0,0.0,0
2023-05-10 13:39:28,c2401-C-2480,c2401-C-2480,132.0,0.0,0.0,0.0,2,24.5,0.0,0,132.0,0.0,0.0,0.0,0.0,0.0,0
2023-05-10 13:39:28,c2401-C-2480,c2401-C-2480,132.0,0.0,0.0,0.0,10,25.0,0.0,0,132.0,0.0,0.0,0.0,0.0,0.0,0
2023-05-10 13:39:33,c2401-C-2480,c2401-C-2480,132.0,0.0,0.0,0.0,2,25.5,0.0,0,132.0,0.0,0.0,0.0,0.0,0.0,0
2023-05-10 13:39:33,c2401-C-2480,c2401-C-2480,132.0,0.0,0.0,0.0,10,26.0,0.0,0,132.0,0.0,0.0,0.0,0.0,0.0,0
2023-05-10 13:39:35,c2401-C-2480,c2401-C-2480,132.0,0.0,0.0,0.0,2,26.5,0.0,0,132.0,0.0,0.0,0.0,0.0,0.0,0
2023-05-10 13:39:35,c2401-C-2480,c2401-C-2480,132.0,0.0,0.0,0.0,10,27.0,0.0,0,132.0,0.0,0.0,0.0,0.0,0.0,0
2023-05-10 13:39:38,c2401-C-2480,c2401-C-2480,132.0,0.0,0.0,0.0,2,27.5,0.0,0,132.0,0.0,0.0,0.0,0.0,0.0,0
2023-05-10 13:39:38,c2401-C-2480,c2401-C-2480,132.0,0.0,0.0,0.0,10,28.0,0.0,0,132.0,0.0,0.0,0.0,0.0,0.0,0
2023-05-10 13:39:42,c2401-C-2480,c2401-C-2480,132.0,0.0,0.0,0.0,2,28.5,0.0,0,132.0,0.0,0.0,0.0,0.0,0.0,0
2023-05-10 13:39:42,c2401-C-2480,c2401-C-2480,132.0,0.0,0.0,0.0,10,29.0,0.0,0,132.0,0.0,0.0,0.0,0.0,0.0,0
2023-05-10 13:40:05,c2401-C-2480,c2401-C-2480,132.0,0.0,0.0,0.0,2,29.5,0.0,0,132.0,0.0,0.0,0.0,0.0,0.0,0
2023-05-10 13:40:05,c2401-C-2480,c2401-C-2480,132.0,0.0,0.0,0.0,10,30.0,0.0,0,132.0,0.0,0.0,0.0,0.0,0.0,0
2023-05-10 13:41:55,c2401-C-2480,c2401-C-2480,132.0,0.0,0.0,0.0,2,30.5,0.0,0,132.0,0.0,0.0,0.0,0.0,0.0,0
2023-05-10 13:41:55,c2401-C-2480,c2401-C-2480,132.0,0.0,0.0,0.0,10,31.0,0.0,0,132.0,0.0,0.0,0.0,0.0,0.0,0
2023-05-10 13:42:31,c2401-C-2480,c2401-C-2480,132.0,0.0,0.0,0.0,2,31.5,0.0,0,132.0,0.0,0.0,0.0,0.0,0.0,0
2023-05-10 13:42:31,c2401-C-2480,c2401-C-2480,132.0,0.0,0.0,0.0,10,32.0,0.0,0,132.0,0.0,0.0,0.0,0.0,0.0,0
2023-05-10 13:42:33,c2401-C-2480,c2401-C-2480,132.0,0.0,0.0,0.0,2,32.5,0.0,0,132.0,0.0,0.0,0.0,0.0,0.0,0
2023-05-10 13:42:34,c2401-C-2480,c2401-C-2480,132.0,0.0,0.0,0.0,10,33.0,0.0,0,132.0,0.0,0.0,0.0,0.0,0.0,0
2023-05-10 13:42:35,c2401-C-2480,c2401-C-2480,132.0,0.0,0.0,0.0,2,33.5,0.0,0,132.0,0.0,0.0,0.0,0.0,0.0,0
2023-05-10 13:42:35,c2401-C-2480,c2401-C-2480,132.0,0.0,0.0,0.0,10,34.0,0.0,0,132.0,0.0,0.0,0.0,0.0,0.0,0
2023-05-10 13:42:37,c2401-C-2480,c2401-C-2480,132.0,0.0,0.0,0.0,2,34.5,0.0,0,132.0,0.0,0.0,0.0,0.0,0.0,0
2023-05-10 13:42:37,c2401-C-2480,c2401-C-2480,132.0,0.0,0.0,0.0,10,35.0,0.0,0,132.0,0.0,0.0,0.0,0.0,0.0,0
2023-05-10 13:42:38,c2401-C-2480,c2401-C-2480,132.0,0.0,0.0,0.0,2,35.5,0.0,0,132.0,0.0,0.0,0.0,0.0,0.0,0
2023-05-10 13:42:39,c2401-C-2480,c2401-C-2480,132.0,0.0,0.0,0.0,10,36.0,0.0,0,132.0,0.0,0.0,0.0,0.0,0.0,0
2023-05-10 13:42:39,c2401-C-2480,c2401-C-2480,132.0,0.0,0.0,0.0,2,36.5,0.0,0,132.0,0.0,0.0,0.0,0.0,0.0,0
2023-05-10 13:42:39,c2401-C-2480,c2401-C-2480,132.0,0.0,0.0,0.0,10,37.0,0.0,0,132.0,0.0,0.0,0.0,0.0,0.0,0
2023-05-10 13:42:41,c2401-C-2480,c2401-C-2480,132.0,0.0,0.0,0.0,2,37.5,0.0,0,132.0,0.0,0.0,0.0,0.0,0.0,0
2023-05-10 13:42:41,c2401-C-2480,c2401-C-2480,132.0,0.0,0.0,0.0,10,38.0,0.0,0,132.0,0.0,0.0,0.0,0.0,0.0,0
2023-05-10 13:42:42,c2401-C-2480,c2401-C-2480,132.0,0.0,0.0,0.0,2,38.5,0.0,0,132.0,0.0,0.0,0.0,0.0,0.0,0
2023-05-10 13:42:43,c2401-C-2480,c2401-C-2480,132.0,0.0,0.0,0.0,10,39.0,0.0,0,132.0,0.0,0.0,0.0,0.0,0.0,0
2023-05-10 13:42:44,c2401-C-2480,c2401-C-2480,132.0,0.0,0.0,0.0,2,39.5,0.0,0,132.0,0.0,0.0,0.0,0.0,0.0,0
2023-05-10 13:42:44,c2401-C-2480,c2401-C-2480,132.0,0.0,0.0,0.0,10,40.0,0.0,0,132.0,0.0,0.0,0.0,0.0,0.0,0
2023-05-10 13:42:45,c2401-C-2480,c2401-C-2480,132.0,0.0,0.0,0.0,2,40.5,0.0,0,132.0,0.0,0.0,0.0,0.0,0.0,0
2023-05-10 13:42:45,c2401-C-2480,c2401-C-2480,132.0,0.0,0.0,0.0,10,41.0,0.0,0,132.0,0.0,0.0,0.0,0.0,0.0,0
2023-05-10 13:42:47,c2401-C-2480,c2401-C-2480,132.0,0.0,0.0,0.0,2,41.5,0.0,0,132.0,0.0,0.0,0.0,0.0,0.0,0
2023-05-10 13:42:47,c2401-C-2480,c2401-C-2480,132.0,0.0,0.0,0.0,10,42.0,0.0,0,132.0,0.0,0.0,0.0,0.0,0.0,0
2023-05-10 13:42:49,c2401-C-2480,c2401-C-2480,132.0,0.0,0.0,0.0,2,42.5,0.0,0,132.0,0.0,0.0,0.0,0.0,0.0,0
2023-05-10 13:42:49,c2401-C-2480,c2401-C-2480,132.0,0.0,0.0,0.0,10,43.0,0.0,0,132.0,0.0,0.0,0.0,0.0,0.0,0
2023-05-10 13:42:51,c2401-C-2480,c2401-C-2480,132.0,0.0,0.0,0.0,2,43.5,0.0,0,132.0,0.0,0.0,0.0,0.0,0.0,0
2023-05-10 13:42:51,c2401-C-2480,c2401-C-2480,132.0,0.0,0.0,0.0,10,44.0,0.0,0,132.0,0.0,0.0,0.0,0.0,0.0,0
2023-05-10 13:42:52,c2401-C-2480,c2401-C-2480,132.0,0.0,0.0,0.0,2,44.5,0.0,0,132.0,0.0,0.0,0.0,0.0,0.0,0
2023-05-10 13:42:52,c2401-C-2480,c2401-C-2480,132.0,0.0,0.0,0.0,10,45.0,0.0,0,132.0,0.0,0.0,0.0,0.0,0.0,0
2023-05-10 13:42:54,c2401-C-2480,c2401-C-2480,132.0,0.0,0.0,0.0,2,45.5,0.0,0,132.0,0.0,0.0,0.0,0.0,0.0,0
2023-05-10 13:42:54,c2401-C-2480,c2401-C-2480,132.0,0.0,0.0,0.0,10,46.0,0.0,0,132.0,0.0,0.0,0.0,0.0,0.0,0
2023-05-10 13:42:56,c2401-C-2480,c2401-C-2480,132.0,0.0,0.0,0.0,2,46.5,0.0,0,132.0,0.0,0.0,0.0,0.0,0.0,0
2023-05-10 13:42:56,c2401-C-2480,c2401-C-2480,132.0,0.0,0.0,0.0,10,47.0,0.0,0,132.0,0.0,0.0,0.0,0.0,0.0,0
2023-05-10 13:42:59,c2401-C-2480,c2401-C-2480,132.0,0.0,0.0,0.0,2,47.5,0.0,0,132.0,0.0,0.0,0.0,0.0,0.0,0
2023-05-10 13:42:59,c2401-C-2480,c2401-C-2480,132.0,0.0,0.0,0.0,10,48.0,0.0,0,132.0,0.0,0.0,0.0,0.0,0.0,0
2023-05-10 13:44:44,c2401-C-2480,c2401-C-2480,132.0,0.0,0.0,0.0,2,48.5,0.0,0,132.0,0.0,0.0,0.0,0.0,0.0,0
2023-05-10 13:44:44,c2401-C-2480,c2401-C-2480,132.0,0.0,0.0,0.0,10,49.0,0.0,0,132.0,0.0,0.0,0.0,0.0,0.0,0
2023-05-10 13:44:58,c2401-C-2480,c2401-C-2480,132.0,0.0,0.0,0.0,2,49.5,0.0,0,132.0,0.0,0.0,0.0,0.0,0.0,0
2023-05-10 13:44:58,c2401-C-2480,c2401-C-2480,132.0,0.0,0.0,0.0,10,50.0,0.0,0,132.0,0.0,0.0,0.0,0.0,0.0,0
2023-05-10 13:45:10,c2401-C-2480,c2401-C-2480,132.0,0.0,0.0,0.0,2,50.5,0.0,0,132.0,0.0,0.0,0.0,0.0,0.0,0
2023-05-10 13:45:10,c2401-C-2480,c2401-C-2480,132.0,0.0,0.0,0.0,10,51.0,0.0,0,132.0,0.0,0.0,0.0,0.0,0.0,0
2023-05-10 13:45:11,c2401-C-2480,c2401-C-2480,132.0,0.0,0.0,0.0,2,51.5,0.0,0,132.0,0.0,0.0,0.0,0.0,0.0,0
2023-05-10 13:45:11,c2401-C-2480,c2401-C-2480,132.0,0.0,0.0,0.0,10,52.0,0.0,0,132.0,0.0,0.0,0.0,0.0,0.0,0
2023-05-10 13:45:12,c2401-C-2480,c2401-C-2480,132.0,0.0,0.0,0.0,2,52.5,0.0,0,132.0,0.0,0.0,0.0,0.0,0.0,0
2023-05-10 13:45:12,c2401-C-2480,c2401-C-2480,132.0,0.0,0.0,0.0,10,53.0,0.0,0,132.0,0.0,0.0,0.0,0.0,0.0,0
2023-05-10 13:45:13,c2401-C-2480,c2401-C-2480,132.0,0.0,0.0,0.0,2,53.5,0.0,0,132.0,0.0,0.0,0.0,0.0,0.0,0
2023-05-10 13:45:13,c2401-C-2480,c2401-C-2480,132.0,0.0,0.0,0.0,10,54.0,0.0,0,132.0,0.0,0.0,0.0,0.0,0.0,0
2023-05-10 13:45:14,c2401-C-2480,c2401-C-2480,132.0,0.0,0.0,0.0,2,54.5,0.0,0,132.0,0.0,0.0,0.0,0.0,0.0,0
2023-05-10 13:45:14,c2401-C-2480,c2401-C-2480,132.0,0.0,0.0,0.0,10,55.0,0.0,0,132.0,0.0,0.0,0.0,0.0,0.0,0
2023-05-10 13:45:16,c2401-C-2480,c2401-C-2480,132.0,0.0,0.0,0.0,2,55.5,0.0,0,132.0,0.0,0.0,0.0,0.0,0.0,0
2023-05-10 13:45:16,c2401-C-2480,c2401-C-2480,132.0,0.0,0.0,0.0,10,56.0,0.0,0,132.0,0.0,0.0,0.0,0.0,0.0,0
2023-05-10 13:52:22,c2401-C-2480,c2401-C-2480,132.0,0.0,0.0,0.0,2,56.5,0.0,0,132.0,0.0,0.0,0.0,0.0,0.0,0
2023-05-10 13:52:22,c2401-C-2480,c2401-C-2480,132.0,0.0,0.0,0.0,10,57.0,0.0,0,132.0,0.0,0.0,0.0,0.0,0.0,0
2023-05-10 14:02:46,c2401-C-2480,c2401-C-2480,132.0,0.0,0.0,0.0,5,91.5,100.5,5,132.0,0.0,0.0,0.0,0.0,0.0,0
2023-05-10 14:02:47,c2401-C-2480,c2401-C-2480,132.0,0.0,0.0,0.0,10,91.5,100.5,10,132.0,0.0,0.0,0.0,0.0,0.0,0
2023-05-10 14:02:54,c2401-C-2480,c2401-C-2480,132.0,0.0,0.0,0.0,10,91.5,97.0,5,132.0,0.0,0.0,0.0,0.0,0.0,0
2023-05-10 14:02:58,c2401-C-2480,c2401-C-2480,132.0,0.0,0.0,0.0,5,91.5,97.0,5,132.0,0.0,0.0,0.0,0.0,0.0,0
2023-05-10 14:02:59,c2401-C-2480,c2401-C-2480,132.0,0.0,0.0,0.0,5,91.0,97.0,5,132.0,0.0,0.0,0.0,0.0,0.0,0
2023-05-10 14:03:03,c2401-C-2480,c2401-C-2480,132.0,0.0,0.0,0.0,10,91.0,97.0,10,132.0,0.0,0.0,0.0,0.0,0.0,0
2023-05-10 14:03:05,c2401-C-2480,c2401-C-2480,132.0,0.0,0.0,0.0,10,91.0,97.0,5,132.0,0.0,0.0,0.0,0.0,0.0,0
2023-05-10 14:03:08,c2401-C-2480,c2401-C-2480,132.0,0.0,0.0,0.0,5,91.0,97.0,5,132.0,0.0,0.0,0.0,0.0,0.0,0
2023-05-10 14:03:13,c2401-C-2480,c2401-C-2480,132.0,0.0,0.0,0.0,5,90.0,98.0,5,132.0,0.0,0.0,0.0,0.0,0.0,0
2023-05-10 14:03:16,c2401-C-2480,c2401-C-2480,132.0,0.0,0.0,0.0,10,15.0,0.0,0,132.0,0.0,0.0,0.0,0.0,0.0,0
2023-05-10 14:03:16,c2401-C-2480,c2401-C-2480,132.0,0.0,0.0,0.0,2,15.5,0.0,0,132.0,0.0,0.0,0.0,0.0,0.0,0
2023-05-10 14:03:17,c2401-C-2480,c2401-C-2480,132.0,0.0,0.0,0.0,10,16.0,0.0,0,132.0,0.0,0.0,0.0,0.0,0.0,0
2023-05-10 14:03:17,c2401-C-2480,c2401-C-2480,132.0,0.0,0.0,0.0,2,16.5,0.0,0,132.0,0.0,0.0,0.0,0.0,0.0,0
2023-05-10 14:03:18,c2401-C-2480,c2401-C-2480,132.0,0.0,0.0,0.0,10,17.0,0.0,0,132.0,0.0,0.0,0.0,0.0,0.0,0
2023-05-10 14:03:19,c2401-C-2480,c2401-C-2480,132.0,0.0,0.0,0.0,2,17.5,0.0,0,132.0,0.0,0.0,0.0,0.0,0.0,0
2023-05-10 14:03:19,c2401-C-2480,c2401-C-2480,132.0,0.0,0.0,0.0,10,18.0,0.0,0,132.0,0.0,0.0,0.0,0.0,0.0,0
2023-05-10 14:03:20,c2401-C-2480,c2401-C-2480,132.0,0.0,0.0,0.0,2,18.5,0.0,0,132.0,0.0,0.0,0.0,0.0,0.0,0
2023-05-10 14:03:20,c2401-C-2480,c2401-C-2480,132.0,0.0,0.0,0.0,10,19.0,0.0,0,132.0,0.0,0.0,0.0,0.0,0.0,0
2023-05-10 14:03:21,c2401-C-2480,c2401-C-2480,132.0,0.0,0.0,0.0,2,19.5,0.0,0,132.0,0.0,0.0,0.0,0.0,0.0,0
2023-05-10 14:03:21,c2401-C-2480,c2401-C-2480,132.0,0.0,0.0,0.0,10,20.0,0.0,0,132.0,0.0,0.0,0.0,0.0,0.0,0
2023-05-10 14:03:22,c2401-C-2480,c2401-C-2480,132.0,0.0,0.0,0.0,2,20.5,0.0,0,132.0,0.0,0.0,0.0,0.0,0.0,0
2023-05-10 14:03:22,c2401-C-2480,c2401-C-2480,132.0,0.0,0.0,0.0,10,21.0,0.0,0,132.0,0.0,0.0,0.0,0.0,0.0,0
2023-05-10 14:03:23,c2401-C-2480,c2401-C-2480,132.0,0.0,0.0,0.0,2,21.5,0.0,0,132.0,0.0,0.0,0.0,0.0,0.0,0
2023-05-10 14:03:23,c2401-C-2480,c2401-C-2480,132.0,0.0,0.0,0.0,10,22.0,0.0,0,132.0,0.0,0.0,0.0,0.0,0.0,0
2023-05-10 14:03:24,c2401-C-2480,c2401-C-2480,132.0,0.0,0.0,0.0,2,22.5,0.0,0,132.0,0.0,0.0,0.0,0.0,0.0,0
2023-05-10 14:03:24,c2401-C-2480,c2401-C-2480,132.0,0.0,0.0,0.0,10,23.0,0.0,0,132.0,0.0,0.0,0.0,0.0,0.0,0
2023-05-10 14:03:25,c2401-C-2480,c2401-C-2480,132.0,0.0,0.0,0.0,2,23.5,0.0,0,132.0,0.0,0.0,0.0,0.0,0.0,0
2023-05-10 14:03:25,c2401-C-2480,c2401-C-2480,132.0,0.0,0.0,0.0,10,24.0,0.0,0,132.0,0.0,0.0,0.0,0.0,0.0,0
2023-05-10 14:03:26,c2401-C-2480,c2401-C-2480,132.0,0.0,0.0,0.0,2,24.5,0.0,0,132.0,0.0,0.0,0.0,0.0,0.0,0
2023-05-10 14:03:26,c2401-C-2480,c2401-C-2480,132.0,0.0,0.0,0.0,10,25.0,0.0,0,132.0,0.0,0.0,0.0,0.0,0.0,0
2023-05-10 14:03:27,c2401-C-2480,c2401-C-2480,132.0,0.0,0.0,0.0,2,25.5,0.0,0,132.0,0.0,0.0,0.0,0.0,0.0,0
2023-05-10 14:03:27,c2401-C-2480,c2401-C-2480,132.0,0.0,0.0,0.0,10,26.0,0.0,0,132.0,0.0,0.0,0.0,0.0,0.0,0
2023-05-10 14:03:28,c2401-C-2480,c2401-C-2480,132.0,0.0,0.0,0.0,2,26.5,0.0,0,132.0,0.0,0.0,0.0,0.0,0.0,0
2023-05-10 14:03:28,c2401-C-2480,c2401-C-2480,132.0,0.0,0.0,0.0,10,27.0,0.0,0,132.0,0.0,0.0,0.0,0.0,0.0,0
2023-05-10 14:03:29,c2401-C-2480,c2401-C-2480,132.0,0.0,0.0,0.0,2,27.5,0.0,0,132.0,0.0,0.0,0.0,0.0,0.0,0
2023-05-10 14:03:29,c2401-C-2480,c2401-C-2480,132.0,0.0,0.0,0.0,10,28.0,0.0,0,132.0,0.0,0.0,0.0,0.0,0.0,0
2023-05-10 14:03:30,c2401-C-2480,c2401-C-2480,132.0,0.0,0.0,0.0,2,28.5,0.0,0,132.0,0.0,0.0,0.0,0.0,0.0,0
2023-05-10 14:03:30,c2401-C-2480,c2401-C-2480,132.0,0.0,0.0,0.0,10,29.0,0.0,0,132.0,0.0,0.0,0.0,0.0,0.0,0
2023-05-10 14:03:31,c2401-C-2480,c2401-C-2480,132.0,0.0,0.0,0.0,2,29.5,0.0,0,132.0,0.0,0.0,0.0,0.0,0.0,0
2023-05-10 14:03:31,c2401-C-2480,c2401-C-2480,132.0,0.0,0.0,0.0,10,30.0,0.0,0,132.0,0.0,0.0,0.0,0.0,0.0,0
2023-05-10 14:03:32,c2401-C-2480,c2401-C-2480,132.0,0.0,0.0,0.0,2,30.5,0.0,0,132.0,0.0,0.0,0.0,0.0,0.0,0
2023-05-10 14:03:32,c2401-C-2480,c2401-C-2480,132.0,0.0,0.0,0.0,10,31.0,0.0,0,132.0,0.0,0.0,0.0,0.0,0.0,0
2023-05-10 14:03:33,c2401-C-2480,c2401-C-2480,132.0,0.0,0.0,0.0,2,31.5,0.0,0,132.0,0.0,0.0,0.0,0.0,0.0,0
2023-05-10 14:03:33,c2401-C-2480,c2401-C-2480,132.0,0.0,0.0,0.0,10,32.0,0.0,0,132.0,0.0,0.0,0.0,0.0,0.0,0
2023-05-10 14:03:34,c2401-C-2480,c2401-C-2480,132.0,0.0,0.0,0.0,2,32.5,0.0,0,132.0,0.0,0.0,0.0,0.0,0.0,0
2023-05-10 14:03:34,c2401-C-2480,c2401-C-2480,132.0,0.0,0.0,0.0,10,33.0,0.0,0,132.0,0.0,0.0,0.0,0.0,0.0,0
2023-05-10 14:03:35,c2401-C-2480,c2401-C-2480,132.0,0.0,0.0,0.0,2,33.5,0.0,0,132.0,0.0,0.0,0.0,0.0,0.0,0
2023-05-10 14:03:35,c2401-C-2480,c2401-C-2480,132.0,0.0,0.0,0.0,10,34.0,0.0,0,132.0,0.0,0.0,0.0,0.0,0.0,0
2023-05-10 14:03:36,c2401-C-2480,c2401-C-2480,132.0,0.0,0.0,0.0,2,34.5,0.0,0,132.0,0.0,0.0,0.0,0.0,0.0,0
2023-05-10 14:03:36,c2401-C-2480,c2401-C-2480,132.0,0.0,0.0,0.0,10,35.0,0.0,0,132.0,0.0,0.0,0.0,0.0,0.0,0
2023-05-10 14:03:37,c2401-C-2480,c2401-C-2480,132.0,0.0,0.0,0.0,2,35.5,0.0,0,132.0,0.0,0.0,0.0,0.0,0.0,0
2023-05-10 14:03:37,c2401-C-2480,c2401-C-2480,132.0,0.0,0.0,0.0,10,36.0,0.0,0,132.0,0.0,0.0,0.0,0.0,0.0,0
2023-05-10 14:03:38,c2401-C-2480,c2401-C-2480,132.0,0.0,0.0,0.0,2,36.5,0.0,0,132.0,0.0,0.0,0.0,0.0,0.0,0
2023-05-10 14:03:38,c2401-C-2480,c2401-C-2480,132.0,0.0,0.0,0.0,10,37.0,0.0,0,132.0,0.0,0.0,0.0,0.0,0.0,0
2023-05-10 14:03:39,c2401-C-2480,c2401-C-2480,132.0,0.0,0.0,0.0,2,37.5,0.0,0,132.0,0.0,0.0,0.0,0.0,0.0,0
2023-05-10 14:03:39,c2401-C-2480,c2401-C-2480,132.0,0.0,0.0,0.0,10,38.0,0.0,0,132.0,0.0,0.0,0.0,0.0,0.0,0
2023-05-10 14:03:40,c2401-C-2480,c2401-C-2480,132.0,0.0,0.0,0.0,2,38.5,0.0,0,132.0,0.0,0.0,0.0,0.0,0.0,0
2023-05-10 14:03:40,c2401-C-2480,c2401-C-2480,132.0,0.0,0.0,0.0,10,39.0,0.0,0,132.0,0.0,0.0,0.0,0.0,0.0,0
2023-05-10 14:03:42,c2401-C-2480,c2401-C-2480,132.0,0.0,0.0,0.0,2,39.5,0.0,0,132.0,0.0,0.0,0.0,0.0,0.0,0
2023-05-10 14:03:42,c2401-C-2480,c2401-C-2480,132.0,0.0,0.0,0.0,10,40.0,0.0,0,132.0,0.0,0.0,0.0,0.0,0.0,0
2023-05-10 14:03:43,c2401-C-2480,c2401-C-2480,132.0,0.0,0.0,0.0,2,40.5,0.0,0,132.0,0.0,0.0,0.0,0.0,0.0,0
2023-05-10 14:03:43,c2401-C-2480,c2401-C-2480,132.0,0.0,0.0,0.0,10,41.0,0.0,0,132.0,0.0,0.0,0.0,0.0,0.0,0
2023-05-10 14:03:44,c2401-C-2480,c2401-C-2480,132.0,0.0,0.0,0.0,2,41.5,0.0,0,132.0,0.0,0.0,0.0,0.0,0.0,0
2023-05-10 14:03:44,c2401-C-2480,c2401-C-2480,132.0,0.0,0.0,0.0,10,42.0,0.0,0,132.0,0.0,0.0,0.0,0.0,0.0,0
2023-05-10 14:03:45,c2401-C-2480,c2401-C-2480,132.0,0.0,0.0,0.0,2,42.5,0.0,0,132.0,0.0,0.0,0.0,0.0,0.0,0
2023-05-10 14:03:45,c2401-C-2480,c2401-C-2480,132.0,0.0,0.0,0.0,10,43.0,0.0,0,132.0,0.0,0.0,0.0,0.0,0.0,0
2023-05-10 14:03:46,c2401-C-2480,c2401-C-2480,132.0,0.0,0.0,0.0,2,43.5,0.0,0,132.0,0.0,0.0,0.0,0.0,0.0,0
2023-05-10 14:03:46,c2401-C-2480,c2401-C-2480,132.0,0.0,0.0,0.0,10,44.0,0.0,0,132.0,0.0,0.0,0.0,0.0,0.0,0
2023-05-10 14:03:47,c2401-C-2480,c2401-C-2480,132.0,0.0,0.0,0.0,2,44.5,0.0,0,132.0,0.0,0.0,0.0,0.0,0.0,0
2023-05-10 14:03:47,c2401-C-2480,c2401-C-2480,132.0,0.0,0.0,0.0,10,45.0,0.0,0,132.0,0.0,0.0,0.0,0.0,0.0,0
2023-05-10 14:03:48,c2401-C-2480,c2401-C-2480,132.0,0.0,0.0,0.0,2,45.5,0.0,0,132.0,0.0,0.0,0.0,0.0,0.0,0
2023-05-10 14:03:48,c2401-C-2480,c2401-C-2480,132.0,0.0,0.0,0.0,10,46.0,0.0,0,132.0,0.0,0.0,0.0,0.0,0.0,0
2023-05-10 14:03:49,c2401-C-2480,c2401-C-2480,132.0,0.0,0.0,0.0,2,46.5,0.0,0,132.0,0.0,0.0,0.0,0.0,0.0,0
2023-05-10 14:03:49,c2401-C-2480,c2401-C-2480,132.0,0.0,0.0,0.0,10,47.0,0.0,0,132.0,0.0,0.0,0.0,0.0,0.0,0
2023-05-10 14:03:50,c2401-C-2480,c2401-C-2480,132.0,0.0,0.0,0.0,2,47.5,0.0,0,132.0,0.0,0.0,0.0,0.0,0.0,0
2023-05-10 14:03:50,c2401-C-2480,c2401-C-2480,132.0,0.0,0.0,0.0,10,48.0,0.0,0,132.0,0.0,0.0,0.0,0.0,0.0,0
2023-05-10 14:03:51,c2401-C-2480,c2401-C-2480,132.0,0.0,0.0,0.0,2,48.5,0.0,0,132.0,0.0,0.0,0.0,0.0,0.0,0
2023-05-10 14:03:51,c2401-C-2480,c2401-C-2480,132.0,0.0,0.0,0.0,10,49.0,0.0,0,132.0,0.0,0.0,0.0,0.0,0.0,0
2023-05-10 14:03:52,c2401-C-2480,c2401-C-2480,132.0,0.0,0.0,0.0,2,49.5,0.0,0,132.0,0.0,0.0,0.0,0.0,0.0,0
2023-05-10 14:03:53,c2401-C-2480,c2401-C-2480,132.0,0.0,0.0,0.0,10,50.0,0.0,0,132.0,0.0,0.0,0.0,0.0,0.0,0
2023-05-10 14:03:53,c2401-C-2480,c2401-C-2480,132.0,0.0,0.0,0.0,2,50.5,0.0,0,132.0,0.0,0.0,0.0,0.0,0.0,0
2023-05-10 14:03:54,c2401-C-2480,c2401-C-2480,132.0,0.0,0.0,0.0,10,51.0,0.0,0,132.0,0.0,0.0,0.0,0.0,0.0,0
2023-05-10 14:03:54,c2401-C-2480,c2401-C-2480,132.0,0.0,0.0,0.0,2,51.5,0.0,0,132.0,0.0,0.0,0.0,0.0,0.0,0
2023-05-10 14:03:55,c2401-C-2480,c2401-C-2480,132.0,0.0,0.0,0.0,10,52.0,0.0,0,132.0,0.0,0.0,0.0,0.0,0.0,0
2023-05-10 14:03:55,c2401-C-2480,c2401-C-2480,132.0,0.0,0.0,0.0,2,52.5,0.0,0,132.0,0.0,0.0,0.0,0.0,0.0,0
2023-05-10 14:03:56,c2401-C-2480,c2401-C-2480,132.0,0.0,0.0,0.0,10,53.0,0.0,0,132.0,0.0,0.0,0.0,0.0,0.0,0
2023-05-10 14:03:56,c2401-C-2480,c2401-C-2480,132.0,0.0,0.0,0.0,2,53.5,0.0,0,132.0,0.0,0.0,0.0,0.0,0.0,0
2023-05-10 14:03:57,c2401-C-2480,c2401-C-2480,132.0,0.0,0.0,0.0,10,54.0,0.0,0,132.0,0.0,0.0,0.0,0.0,0.0,0
2023-05-10 14:03:57,c2401-C-2480,c2401-C-2480,132.0,0.0,0.0,0.0,2,54.5,0.0,0,132.0,0.0,0.0,0.0,0.0,0.0,0
2023-05-10 14:03:57,c2401-C-2480,c2401-C-2480,132.0,0.0,0.0,0.0,10,55.0,0.0,0,132.0,0.0,0.0,0.0,0.0,0.0,0
2023-05-10 14:03:58,c2401-C-2480,c2401-C-2480,132.0,0.0,0.0,0.0,2,55.5,0.0,0,132.0,0.0,0.0,0.0,0.0,0.0,0
2023-05-10 14:03:58,c2401-C-2480,c2401-C-2480,132.0,0.0,0.0,0.0,10,56.0,0.0,0,132.0,0.0,0.0,0.0,0.0,0.0,0
2023-05-10 14:59:02,c2401-C-2480,c2401-C-2480,132.0,0.0,0.0,0.0,1,14.5,0.0,0,132.0,0.0,0.0,0.0,0.0,0.0,0
2023-05-10 14:59:06,c2401-C-2480,c2401-C-2480,132.0,0.0,0.0,0.0,2,21.0,0.0,0,132.0,0.0,0.0,0.0,0.0,0.0,0
2023-05-10 15:01:14,c2401-C-2480,c2401-C-2480,132.0,0.0,0.0,0.0,2,21.0,0.0,0,132.0,0.0,0.0,0.0,0.0,0.0,0
