time,symbol_id,symbol_name,last,trade_volume,trade_amount,open_interest_change,bv1,bp1,ap1,av1,yesterday_close,today_open,today_high,today_low,volume,amount,open_interest
2023-05-09 20:55:45,c2403-C-2440,c2403-C-2440,150.0,0.0,0.0,0.0,1,0.5,0.0,0,150.0,0.0,0.0,0.0,0.0,0.0,0
2023-05-09 21:00:24,c2403-C-2440,c2403-C-2440,150.0,0.0,0.0,0.0,1,38.0,0.0,0,150.0,0.0,0.0,0.0,0.0,0.0,0
2023-05-09 21:00:36,c2403-C-2440,c2403-C-2440,150.0,0.0,0.0,0.0,1,38.5,0.0,0,150.0,0.0,0.0,0.0,0.0,0.0,0
2023-05-09 21:01:24,c2403-C-2440,c2403-C-2440,150.0,0.0,0.0,0.0,1,39.0,0.0,0,150.0,0.0,0.0,0.0,0.0,0.0,0
2023-05-09 21:30:36,c2403-C-2440,c2403-C-2440,150.0,0.0,0.0,0.0,1,39.5,0.0,0,150.0,0.0,0.0,0.0,0.0,0.0,0
2023-05-09 21:30:37,c2403-C-2440,c2403-C-2440,150.0,0.0,0.0,0.0,1,40.0,0.0,0,150.0,0.0,0.0,0.0,0.0,0.0,0
2023-05-09 22:00:37,c2403-C-2440,c2403-C-2440,150.0,0.0,0.0,0.0,1,40.5,0.0,0,150.0,0.0,0.0,0.0,0.0,0.0,0
2023-05-09 22:00:38,c2403-C-2440,c2403-C-2440,150.0,0.0,0.0,0.0,1,41.0,0.0,0,150.0,0.0,0.0,0.0,0.0,0.0,0
2023-05-09 22:30:37,c2403-C-2440,c2403-C-2440,150.0,0.0,0.0,0.0,1,41.5,0.0,0,150.0,0.0,0.0,0.0,0.0,0.0,0
2023-05-09 22:30:38,c2403-C-2440,c2403-C-2440,150.0,0.0,0.0,0.0,1,42.0,0.0,0,150.0,0.0,0.0,0.0,0.0,0.0,0
2023-05-09 22:57:38,c2403-C-2440,c2403-C-2440,150.0,0.0,0.0,0.0,1,41.5,0.0,0,150.0,0.0,0.0,0.0,0.0,0.0,0
2023-05-09 22:59:33,c2403-C-2440,c2403-C-2440,150.0,0.0,0.0,0.0,1,38.0,0.0,0,150.0,0.0,0.0,0.0,0.0,0.0,0
2023-05-09 22:59:34,c2403-C-2440,c2403-C-2440,150.0,0.0,0.0,0.0,1,2.5,0.0,0,150.0,0.0,0.0,0.0,0.0,0.0,0
2023-05-10 09:00:31,c2403-C-2440,c2403-C-2440,150.0,0.0,0.0,0.0,1,27.0,0.0,0,150.0,0.0,0.0,0.0,0.0,0.0,0
2023-05-10 09:00:38,c2403-C-2440,c2403-C-2440,150.0,0.0,0.0,0.0,1,27.5,0.0,0,150.0,0.0,0.0,0.0,0.0,0.0,0
2023-05-10 09:01:36,c2403-C-2440,c2403-C-2440,150.0,0.0,0.0,0.0,1,28.0,0.0,0,150.0,0.0,0.0,0.0,0.0,0.0,0
2023-05-10 09:36:29,c2403-C-2440,c2403-C-2440,150.0,0.0,0.0,0.0,1,28.5,0.0,0,150.0,0.0,0.0,0.0,0.0,0.0,0
2023-05-10 09:36:30,c2403-C-2440,c2403-C-2440,150.0,0.0,0.0,0.0,1,29.0,0.0,0,150.0,0.0,0.0,0.0,0.0,0.0,0
2023-05-10 10:07:01,c2403-C-2440,c2403-C-2440,150.0,0.0,0.0,0.0,1,29.5,0.0,0,150.0,0.0,0.0,0.0,0.0,0.0,0
2023-05-10 10:07:02,c2403-C-2440,c2403-C-2440,150.0,0.0,0.0,0.0,1,30.0,0.0,0,150.0,0.0,0.0,0.0,0.0,0.0,0
2023-05-10 10:12:30,c2403-C-2440,c2403-C-2440,150.0,0.0,0.0,0.0,1,29.5,0.0,0,150.0,0.0,0.0,0.0,0.0,0.0,0
2023-05-10 10:30:17,c2403-C-2440,c2403-C-2440,150.0,0.0,0.0,0.0,1,30.0,0.0,0,150.0,0.0,0.0,0.0,0.0,0.0,0
2023-05-10 10:49:48,c2403-C-2440,c2403-C-2440,150.0,0.0,0.0,0.0,1,30.5,0.0,0,150.0,0.0,0.0,0.0,0.0,0.0,0
2023-05-10 10:49:49,c2403-C-2440,c2403-C-2440,150.0,0.0,0.0,0.0,1,31.0,0.0,0,150.0,0.0,0.0,0.0,0.0,0.0,0
2023-05-10 11:21:33,c2403-C-2440,c2403-C-2440,150.0,0.0,0.0,0.0,1,31.5,0.0,0,150.0,0.0,0.0,0.0,0.0,0.0,0
2023-05-10 11:21:35,c2403-C-2440,c2403-C-2440,150.0,0.0,0.0,0.0,1,32.0,0.0,0,150.0,0.0,0.0,0.0,0.0,0.0,0
2023-05-10 11:27:29,c2403-C-2440,c2403-C-2440,150.0,0.0,0.0,0.0,1,31.5,0.0,0,150.0,0.0,0.0,0.0,0.0,0.0,0
2023-05-10 13:31:27,c2403-C-2440,c2403-C-2440,150.0,0.0,0.0,0.0,1,32.0,0.0,0,150.0,0.0,0.0,0.0,0.0,0.0,0
2023-05-10 13:31:27,c2403-C-2440,c2403-C-2440,150.0,0.0,0.0,0.0,1,32.5,0.0,0,150.0,0.0,0.0,0.0,0.0,0.0,0
2023-05-10 13:32:05,c2403-C-2440,c2403-C-2440,150.0,0.0,0.0,0.0,1,33.0,0.0,0,150.0,0.0,0.0,0.0,0.0,0.0,0
2023-05-10 14:03:16,c2403-C-2440,c2403-C-2440,150.0,0.0,0.0,0.0,5,119.0,130.5,5,150.0,0.0,0.0,0.0,0.0,0.0,0
2023-05-10 14:03:17,c2403-C-2440,c2403-C-2440,150.0,0.0,0.0,0.0,10,119.0,130.5,10,150.0,0.0,0.0,0.0,0.0,0.0,0
2023-05-10 14:03:24,c2403-C-2440,c2403-C-2440,150.0,0.0,0.0,0.0,10,119.0,127.0,5,150.0,0.0,0.0,0.0,0.0,0.0,0
2023-05-10 14:03:27,c2403-C-2440,c2403-C-2440,150.0,0.0,0.0,0.0,10,119.0,126.5,5,150.0,0.0,0.0,0.0,0.0,0.0,0
2023-05-10 14:03:28,c2403-C-2440,c2403-C-2440,150.0,0.0,0.0,0.0,5,119.0,126.5,5,150.0,0.0,0.0,0.0,0.0,0.0,0
2023-05-10 14:03:29,c2403-C-2440,c2403-C-2440,150.0,0.0,0.0,0.0,5,118.5,126.5,5,150.0,0.0,0.0,0.0,0.0,0.0,0
2023-05-10 14:03:33,c2403-C-2440,c2403-C-2440,150.0,0.0,0.0,0.0,10,118.5,126.5,10,150.0,0.0,0.0,0.0,0.0,0.0,0
2023-05-10 14:03:38,c2403-C-2440,c2403-C-2440,150.0,0.0,0.0,0.0,5,118.5,126.5,10,150.0,0.0,0.0,0.0,0.0,0.0,0
2023-05-10 14:03:38,c2403-C-2440,c2403-C-2440,150.0,0.0,0.0,0.0,5,118.5,126.5,5,150.0,0.0,0.0,0.0,0.0,0.0,0
2023-05-10 14:03:43,c2403-C-2440,c2403-C-2440,150.0,0.0,0.0,0.0,5,117.0,128.0,5,150.0,0.0,0.0,0.0,0.0,0.0,0
2023-05-10 14:03:46,c2403-C-2440,c2403-C-2440,150.0,0.0,0.0,0.0,1,32.5,0.0,0,150.0,0.0,0.0,0.0,0.0,0.0,0
2023-05-10 14:03:46,c2403-C-2440,c2403-C-2440,150.0,0.0,0.0,0.0,1,33.0,0.0,0,150.0,0.0,0.0,0.0,0.0,0.0,0
2023-05-10 14:18:51,c2403-C-2440,c2403-C-2440,150.0,0.0,0.0,0.0,1,33.5,0.0,0,150.0,0.0,0.0,0.0,0.0,0.0,0
2023-05-10 14:18:54,c2403-C-2440,c2403-C-2440,150.0,0.0,0.0,0.0,1,34.0,0.0,0,150.0,0.0,0.0,0.0,0.0,0.0,0
2023-05-10 14:49:27,c2403-C-2440,c2403-C-2440,150.0,0.0,0.0,0.0,1,34.5,0.0,0,150.0,0.0,0.0,0.0,0.0,0.0,0
2023-05-10 14:49:29,c2403-C-2440,c2403-C-2440,150.0,0.0,0.0,0.0,1,35.0,0.0,0,150.0,0.0,0.0,0.0,0.0,0.0,0
2023-05-10 15:01:15,c2403-C-2440,c2403-C-2440,150.0,0.0,0.0,0.0,1,35.0,0.0,0,150.0,0.0,0.0,0.0,0.0,0.0,0
