time,symbol_id,symbol_name,last,trade_volume,trade_amount,open_interest_change,bv1,bp1,ap1,av1,yesterday_close,today_open,today_high,today_low,volume,amount,open_interest
2023-05-09 21:00:43,c2401-P-2660,c2401-P-2660,189.0,0.0,0.0,0.0,10,39.0,0.0,0,189.0,0.0,0.0,0.0,0.0,0.0,4
2023-05-09 21:00:44,c2401-P-2660,c2401-P-2660,189.0,0.0,0.0,0.0,10,40.0,0.0,0,189.0,0.0,0.0,0.0,0.0,0.0,4
2023-05-09 21:00:46,c2401-P-2660,c2401-P-2660,189.0,0.0,0.0,0.0,1,40.5,0.0,0,189.0,0.0,0.0,0.0,0.0,0.0,4
2023-05-09 21:00:46,c2401-P-2660,c2401-P-2660,189.0,0.0,0.0,0.0,10,41.0,0.0,0,189.0,0.0,0.0,0.0,0.0,0.0,4
2023-05-09 21:00:47,c2401-P-2660,c2401-P-2660,189.0,0.0,0.0,0.0,1,41.5,0.0,0,189.0,0.0,0.0,0.0,0.0,0.0,4
2023-05-09 21:00:47,c2401-P-2660,c2401-P-2660,189.0,0.0,0.0,0.0,10,42.0,0.0,0,189.0,0.0,0.0,0.0,0.0,0.0,4
2023-05-09 21:00:47,c2401-P-2660,c2401-P-2660,189.0,0.0,0.0,0.0,11,42.0,0.0,0,189.0,0.0,0.0,0.0,0.0,0.0,4
2023-05-09 21:00:50,c2401-P-2660,c2401-P-2660,189.0,0.0,0.0,0.0,1,84.5,0.0,0,189.0,0.0,0.0,0.0,0.0,0.0,4
2023-05-09 21:00:50,c2401-P-2660,c2401-P-2660,189.0,0.0,0.0,0.0,10,85.0,0.0,0,189.0,0.0,0.0,0.0,0.0,0.0,4
2023-05-09 21:01:11,c2401-P-2660,c2401-P-2660,189.0,0.0,0.0,0.0,1,87.0,0.0,0,189.0,0.0,0.0,0.0,0.0,0.0,4
2023-05-09 21:01:11,c2401-P-2660,c2401-P-2660,189.0,0.0,0.0,0.0,10,87.5,0.0,0,189.0,0.0,0.0,0.0,0.0,0.0,4
2023-05-09 21:27:57,c2401-P-2660,c2401-P-2660,189.0,0.0,0.0,0.0,1,87.0,0.0,0,189.0,0.0,0.0,0.0,0.0,0.0,4
2023-05-09 21:29:28,c2401-P-2660,c2401-P-2660,189.0,0.0,0.0,0.0,10,87.5,0.0,0,189.0,0.0,0.0,0.0,0.0,0.0,4
2023-05-09 21:30:47,c2401-P-2660,c2401-P-2660,189.0,0.0,0.0,0.0,1,88.0,0.0,0,189.0,0.0,0.0,0.0,0.0,0.0,4
2023-05-09 21:30:47,c2401-P-2660,c2401-P-2660,189.0,0.0,0.0,0.0,10,88.5,0.0,0,189.0,0.0,0.0,0.0,0.0,0.0,4
2023-05-09 22:00:47,c2401-P-2660,c2401-P-2660,189.0,0.0,0.0,0.0,1,89.0,0.0,0,189.0,0.0,0.0,0.0,0.0,0.0,4
2023-05-09 22:00:47,c2401-P-2660,c2401-P-2660,189.0,0.0,0.0,0.0,10,89.5,0.0,0,189.0,0.0,0.0,0.0,0.0,0.0,4
2023-05-09 22:30:48,c2401-P-2660,c2401-P-2660,189.0,0.0,0.0,0.0,1,90.0,0.0,0,189.0,0.0,0.0,0.0,0.0,0.0,4
2023-05-09 22:30:48,c2401-P-2660,c2401-P-2660,189.0,0.0,0.0,0.0,10,90.5,0.0,0,189.0,0.0,0.0,0.0,0.0,0.0,4
2023-05-09 22:57:33,c2401-P-2660,c2401-P-2660,189.0,0.0,0.0,0.0,1,90.0,0.0,0,189.0,0.0,0.0,0.0,0.0,0.0,4
2023-05-09 22:58:13,c2401-P-2660,c2401-P-2660,189.0,0.0,0.0,0.0,10,90.5,0.0,0,189.0,0.0,0.0,0.0,0.0,0.0,4
2023-05-09 22:59:55,c2401-P-2660,c2401-P-2660,189.0,0.0,0.0,0.0,1,90.0,0.0,0,189.0,0.0,0.0,0.0,0.0,0.0,4
2023-05-10 09:00:01,c2401-P-2660,c2401-P-2660,189.0,0.0,0.0,0.0,10,90.5,0.0,0,189.0,0.0,0.0,0.0,0.0,0.0,4
2023-05-10 09:00:38,c2401-P-2660,c2401-P-2660,189.0,0.0,0.0,0.0,1,91.0,0.0,0,189.0,0.0,0.0,0.0,0.0,0.0,4
2023-05-10 09:00:38,c2401-P-2660,c2401-P-2660,189.0,0.0,0.0,0.0,10,91.5,0.0,0,189.0,0.0,0.0,0.0,0.0,0.0,4
2023-05-10 09:00:56,c2401-P-2660,c2401-P-2660,189.0,0.0,0.0,0.0,1,101.5,0.0,0,189.0,0.0,0.0,0.0,0.0,0.0,4
2023-05-10 09:00:56,c2401-P-2660,c2401-P-2660,189.0,0.0,0.0,0.0,10,102.0,0.0,0,189.0,0.0,0.0,0.0,0.0,0.0,4
2023-05-10 09:36:28,c2401-P-2660,c2401-P-2660,189.0,0.0,0.0,0.0,1,102.5,0.0,0,189.0,0.0,0.0,0.0,0.0,0.0,4
2023-05-10 09:36:28,c2401-P-2660,c2401-P-2660,189.0,0.0,0.0,0.0,10,103.0,0.0,0,189.0,0.0,0.0,0.0,0.0,0.0,4
2023-05-10 10:06:45,c2401-P-2660,c2401-P-2660,189.0,0.0,0.0,0.0,1,103.5,0.0,0,189.0,0.0,0.0,0.0,0.0,0.0,4
2023-05-10 10:06:45,c2401-P-2660,c2401-P-2660,189.0,0.0,0.0,0.0,10,104.0,0.0,0,189.0,0.0,0.0,0.0,0.0,0.0,4
2023-05-10 10:14:32,c2401-P-2660,c2401-P-2660,189.0,0.0,0.0,0.0,1,103.5,0.0,0,189.0,0.0,0.0,0.0,0.0,0.0,4
2023-05-10 10:30:23,c2401-P-2660,c2401-P-2660,189.0,0.0,0.0,0.0,10,104.0,0.0,0,189.0,0.0,0.0,0.0,0.0,0.0,4
2023-05-10 10:44:12,c2401-P-2660,c2401-P-2660,189.0,0.0,0.0,0.0,1,104.5,0.0,0,189.0,0.0,0.0,0.0,0.0,0.0,4
2023-05-10 10:44:12,c2401-P-2660,c2401-P-2660,189.0,0.0,0.0,0.0,10,105.0,0.0,0,189.0,0.0,0.0,0.0,0.0,0.0,4
2023-05-10 11:21:28,c2401-P-2660,c2401-P-2660,189.0,0.0,0.0,0.0,1,105.5,0.0,0,189.0,0.0,0.0,0.0,0.0,0.0,4
2023-05-10 11:21:28,c2401-P-2660,c2401-P-2660,189.0,0.0,0.0,0.0,10,106.0,0.0,0,189.0,0.0,0.0,0.0,0.0,0.0,4
2023-05-10 11:29:33,c2401-P-2660,c2401-P-2660,189.0,0.0,0.0,0.0,1,105.5,0.0,0,189.0,0.0,0.0,0.0,0.0,0.0,4
2023-05-10 13:30:02,c2401-P-2660,c2401-P-2660,189.0,0.0,0.0,0.0,10,106.0,0.0,0,189.0,0.0,0.0,0.0,0.0,0.0,4
2023-05-10 13:30:35,c2401-P-2660,c2401-P-2660,189.0,0.0,0.0,0.0,1,106.5,0.0,0,189.0,0.0,0.0,0.0,0.0,0.0,4
2023-05-10 13:30:35,c2401-P-2660,c2401-P-2660,189.0,0.0,0.0,0.0,10,107.0,0.0,0,189.0,0.0,0.0,0.0,0.0,0.0,4
2023-05-10 14:01:19,c2401-P-2660,c2401-P-2660,189.0,0.0,0.0,0.0,1,107.5,0.0,0,189.0,0.0,0.0,0.0,0.0,0.0,4
2023-05-10 14:01:19,c2401-P-2660,c2401-P-2660,189.0,0.0,0.0,0.0,10,108.0,0.0,0,189.0,0.0,0.0,0.0,0.0,0.0,4
2023-05-10 14:02:46,c2401-P-2660,c2401-P-2660,189.0,0.0,0.0,0.0,5,200.0,216.0,5,189.0,0.0,0.0,0.0,0.0,0.0,4
2023-05-10 14:02:47,c2401-P-2660,c2401-P-2660,189.0,0.0,0.0,0.0,10,200.0,216.0,10,189.0,0.0,0.0,0.0,0.0,0.0,4
2023-05-10 14:02:54,c2401-P-2660,c2401-P-2660,189.0,0.0,0.0,0.0,10,200.0,214.0,5,189.0,0.0,0.0,0.0,0.0,0.0,4
2023-05-10 14:02:57,c2401-P-2660,c2401-P-2660,189.0,0.0,0.0,0.0,10,200.0,213.0,5,189.0,0.0,0.0,0.0,0.0,0.0,4
2023-05-10 14:02:58,c2401-P-2660,c2401-P-2660,189.0,0.0,0.0,0.0,5,200.0,208.5,5,189.0,0.0,0.0,0.0,0.0,0.0,4
2023-05-10 14:02:59,c2401-P-2660,c2401-P-2660,189.0,0.0,0.0,0.0,6,199.5,208.5,5,189.0,0.0,0.0,0.0,0.0,0.0,4
2023-05-10 14:03:03,c2401-P-2660,c2401-P-2660,189.0,0.0,0.0,0.0,11,199.5,208.5,10,189.0,0.0,0.0,0.0,0.0,0.0,4
2023-05-10 14:03:06,c2401-P-2660,c2401-P-2660,189.0,0.0,0.0,0.0,10,199.5,208.5,10,189.0,0.0,0.0,0.0,0.0,0.0,4
2023-05-10 14:03:08,c2401-P-2660,c2401-P-2660,189.0,0.0,0.0,0.0,5,199.5,208.5,10,189.0,0.0,0.0,0.0,0.0,0.0,4
2023-05-10 14:03:10,c2401-P-2660,c2401-P-2660,189.0,0.0,0.0,0.0,5,199.5,208.5,5,189.0,0.0,0.0,0.0,0.0,0.0,4
2023-05-10 14:03:13,c2401-P-2660,c2401-P-2660,189.0,0.0,0.0,0.0,5,196.5,211.5,5,189.0,0.0,0.0,0.0,0.0,0.0,4
2023-05-10 14:03:16,c2401-P-2660,c2401-P-2660,189.0,0.0,0.0,0.0,10,108.0,0.0,0,189.0,0.0,0.0,0.0,0.0,0.0,4
2023-05-10 14:34:44,c2401-P-2660,c2401-P-2660,189.0,0.0,0.0,0.0,1,108.5,0.0,0,189.0,0.0,0.0,0.0,0.0,0.0,4
2023-05-10 14:34:44,c2401-P-2660,c2401-P-2660,189.0,0.0,0.0,0.0,10,109.0,0.0,0,189.0,0.0,0.0,0.0,0.0,0.0,4
2023-05-10 14:59:02,c2401-P-2660,c2401-P-2660,189.0,0.0,0.0,0.0,1,108.5,0.0,0,189.0,0.0,0.0,0.0,0.0,0.0,4
2023-05-10 15:01:15,c2401-P-2660,c2401-P-2660,189.0,0.0,0.0,0.0,1,108.5,0.0,0,189.0,0.0,0.0,0.0,0.0,0.0,4
