time,symbol_id,symbol_name,last,trade_volume,trade_amount,open_interest_change,bv1,bp1,ap1,av1,yesterday_close,today_open,today_high,today_low,volume,amount,open_interest
2023-05-10 20:59:00,rb2403,rb2403,3608.0,0.0,0.0,0.0,1,3548.0,3686.0,3,3608.0,3615.0,0.0,0.0,0.0,0.0,6224
2023-05-10 21:00:00,rb2403,rb2403,3608.0,0.0,0.0,0.0,1,3548.0,3686.0,3,3608.0,3615.0,0.0,0.0,0.0,0.0,6224
2023-05-10 21:00:01,rb2403,rb2403,3608.0,0.0,0.0,0.0,1,3575.0,3645.0,7,3608.0,3615.0,0.0,0.0,0.0,0.0,6224
2023-05-10 21:00:01,rb2403,rb2403,3608.0,0.0,0.0,0.0,1,3576.0,3644.0,1,3608.0,3615.0,0.0,0.0,0.0,0.0,6224
2023-05-10 21:00:02,rb2403,rb2403,3608.0,0.0,0.0,0.0,1,3589.0,3644.0,1,3608.0,3615.0,0.0,0.0,0.0,0.0,6224
2023-05-10 21:00:02,rb2403,rb2403,3608.0,0.0,0.0,0.0,2,3592.0,3642.0,1,3608.0,3615.0,0.0,0.0,0.0,0.0,6224
2023-05-10 21:00:03,rb2403,rb2403,3608.0,0.0,0.0,0.0,1,3601.0,3641.0,3,3608.0,3615.0,0.0,0.0,0.0,0.0,6224
2023-05-10 21:00:03,rb2403,rb2403,3608.0,0.0,0.0,0.0,1,3603.0,3634.0,1,3608.0,3615.0,0.0,0.0,0.0,0.0,6224
2023-05-10 21:00:04,rb2403,rb2403,3608.0,0.0,0.0,0.0,1,3605.0,3633.0,4,3608.0,3615.0,0.0,0.0,0.0,0.0,6224
2023-05-10 21:00:04,rb2403,rb2403,3608.0,0.0,0.0,0.0,2,3606.0,3632.0,1,3608.0,3615.0,0.0,0.0,0.0,0.0,6224
2023-05-10 21:00:05,rb2403,rb2403,3608.0,0.0,0.0,0.0,1,3607.0,3631.0,3,3608.0,3615.0,0.0,0.0,0.0,0.0,6224
2023-05-10 21:00:05,rb2403,rb2403,3608.0,0.0,0.0,0.0,2,3608.0,3631.0,4,3608.0,3615.0,0.0,0.0,0.0,0.0,6224
2023-05-10 21:00:06,rb2403,rb2403,3608.0,0.0,0.0,0.0,2,3608.0,3630.0,1,3608.0,3615.0,0.0,0.0,0.0,0.0,6224
2023-05-10 21:00:06,rb2403,rb2403,3608.0,0.0,0.0,0.0,1,3609.0,3629.0,2,3608.0,3615.0,0.0,0.0,0.0,0.0,6224
2023-05-10 21:00:07,rb2403,rb2403,3608.0,0.0,0.0,0.0,2,3606.0,3628.0,1,3608.0,3615.0,0.0,0.0,0.0,0.0,6224
2023-05-10 21:00:07,rb2403,rb2403,3608.0,0.0,0.0,0.0,2,3610.0,3627.0,2,3608.0,3615.0,0.0,0.0,0.0,0.0,6224
2023-05-10 21:00:08,rb2403,rb2403,3608.0,0.0,0.0,0.0,2,3610.0,3627.0,2,3608.0,3615.0,0.0,0.0,0.0,0.0,6224
2023-05-10 21:00:08,rb2403,rb2403,3608.0,0.0,0.0,0.0,1,3611.0,3627.0,2,3608.0,3615.0,0.0,0.0,0.0,0.0,6224
2023-05-10 21:00:09,rb2403,rb2403,3608.0,0.0,0.0,0.0,1,3612.0,3627.0,2,3608.0,3615.0,0.0,0.0,0.0,0.0,6224
2023-05-10 21:00:09,rb2403,rb2403,3608.0,0.0,0.0,0.0,2,3613.0,3627.0,2,3608.0,3615.0,0.0,0.0,0.0,0.0,6224
2023-05-10 21:00:10,rb2403,rb2403,3608.0,0.0,0.0,0.0,2,3613.0,3627.0,2,3608.0,3615.0,0.0,0.0,0.0,0.0,6224
2023-05-10 21:00:10,rb2403,rb2403,3608.0,0.0,0.0,0.0,3,3614.0,3627.0,2,3608.0,3615.0,0.0,0.0,0.0,0.0,6224
2023-05-10 21:00:11,rb2403,rb2403,3608.0,0.0,0.0,0.0,1,3615.0,3627.0,2,3608.0,3615.0,0.0,0.0,0.0,0.0,6224
2023-05-10 21:00:11,rb2403,rb2403,3615.0,1.0,36150.0,0.0,2,3616.0,3627.0,2,3608.0,3615.0,3615.0,3615.0,1.0,36150.0,6224
2023-05-10 21:00:12,rb2403,rb2403,3615.0,3.0,108470.0,1.0,1,3615.0,3626.0,1,3608.0,3615.0,3616.0,3615.0,4.0,144620.0,6225
2023-05-10 21:00:12,rb2403,rb2403,3615.0,1.0,36150.0,1.0,1,3616.0,3625.0,2,3608.0,3615.0,3616.0,3615.0,5.0,180770.0,6226
2023-05-10 21:00:13,rb2403,rb2403,3616.0,1.0,36160.0,0.0,1,3614.0,3625.0,2,3608.0,3615.0,3616.0,3615.0,6.0,216930.0,6226
2023-05-10 21:00:13,rb2403,rb2403,3616.0,0.0,0.0,0.0,2,3615.0,3625.0,2,3608.0,3615.0,3616.0,3615.0,6.0,216930.0,6226
2023-05-10 21:00:14,rb2403,rb2403,3616.0,0.0,0.0,0.0,3,3615.0,3625.0,2,3608.0,3615.0,3616.0,3615.0,6.0,216930.0,6226
2023-05-10 21:00:15,rb2403,rb2403,3616.0,0.0,0.0,0.0,3,3615.0,3625.0,2,3608.0,3615.0,3616.0,3615.0,6.0,216930.0,6226
2023-05-10 21:00:16,rb2403,rb2403,3616.0,0.0,0.0,0.0,3,3615.0,3625.0,2,3608.0,3615.0,3616.0,3615.0,6.0,216930.0,6226
2023-05-10 21:00:16,rb2403,rb2403,3616.0,0.0,0.0,0.0,1,3616.0,3639.0,1,3608.0,3615.0,3616.0,3615.0,6.0,216930.0,6226
2023-05-10 21:00:17,rb2403,rb2403,3616.0,0.0,0.0,0.0,1,3616.0,3635.0,1,3608.0,3615.0,3616.0,3615.0,6.0,216930.0,6226
2023-05-10 21:00:17,rb2403,rb2403,3616.0,0.0,0.0,0.0,3,3617.0,3634.0,3,3608.0,3615.0,3616.0,3615.0,6.0,216930.0,6226
2023-05-10 21:00:18,rb2403,rb2403,3616.0,0.0,0.0,0.0,3,3617.0,3633.0,1,3608.0,3615.0,3616.0,3615.0,6.0,216930.0,6226
2023-05-10 21:00:18,rb2403,rb2403,3616.0,0.0,0.0,0.0,3,3618.0,3632.0,3,3608.0,3615.0,3616.0,3615.0,6.0,216930.0,6226
2023-05-10 21:00:19,rb2403,rb2403,3616.0,0.0,0.0,0.0,3,3618.0,3632.0,3,3608.0,3615.0,3616.0,3615.0,6.0,216930.0,6226
2023-05-10 21:00:19,rb2403,rb2403,3616.0,0.0,0.0,0.0,1,3619.0,3632.0,4,3608.0,3615.0,3616.0,3615.0,6.0,216930.0,6226
2023-05-10 21:00:20,rb2403,rb2403,3619.0,1.0,36190.0,0.0,1,3603.0,3632.0,4,3608.0,3615.0,3619.0,3615.0,7.0,253120.0,6226
2023-05-10 21:00:20,rb2403,rb2403,3608.0,1.0,36080.0,1.0,10,3604.0,3632.0,4,3608.0,3615.0,3619.0,3608.0,8.0,289200.0,6227
2023-05-10 21:00:21,rb2403,rb2403,3608.0,0.0,0.0,0.0,1,3608.0,3631.0,2,3608.0,3615.0,3619.0,3608.0,8.0,289200.0,6227
2023-05-10 21:00:21,rb2403,rb2403,3608.0,0.0,0.0,0.0,1,3608.0,3630.0,2,3608.0,3615.0,3619.0,3608.0,8.0,289200.0,6227
2023-05-10 21:00:22,rb2403,rb2403,3608.0,0.0,0.0,0.0,1,3609.0,3630.0,2,3608.0,3615.0,3619.0,3608.0,8.0,289200.0,6227
2023-05-10 21:00:22,rb2403,rb2403,3608.0,0.0,0.0,0.0,5,3610.0,3629.0,1,3608.0,3615.0,3619.0,3608.0,8.0,289200.0,6227
2023-05-10 21:00:23,rb2403,rb2403,3608.0,0.0,0.0,0.0,1,3611.0,3628.0,2,3608.0,3615.0,3619.0,3608.0,8.0,289200.0,6227
2023-05-10 21:00:23,rb2403,rb2403,3608.0,0.0,0.0,0.0,1,3613.0,3627.0,1,3608.0,3615.0,3619.0,3608.0,8.0,289200.0,6227
2023-05-10 21:00:24,rb2403,rb2403,3608.0,0.0,0.0,0.0,1,3613.0,3626.0,4,3608.0,3615.0,3619.0,3608.0,8.0,289200.0,6227
2023-05-10 21:00:24,rb2403,rb2403,3608.0,0.0,0.0,0.0,7,3614.0,3625.0,1,3608.0,3615.0,3619.0,3608.0,8.0,289200.0,6227
2023-05-10 21:00:25,rb2403,rb2403,3608.0,0.0,0.0,0.0,6,3614.0,3624.0,2,3608.0,3615.0,3619.0,3608.0,8.0,289200.0,6227
2023-05-10 21:00:25,rb2403,rb2403,3608.0,0.0,0.0,0.0,6,3614.0,3624.0,3,3608.0,3615.0,3619.0,3608.0,8.0,289200.0,6227
2023-05-10 21:00:26,rb2403,rb2403,3608.0,0.0,0.0,0.0,6,3614.0,3624.0,3,3608.0,3615.0,3619.0,3608.0,8.0,289200.0,6227
2023-05-10 21:00:27,rb2403,rb2403,3608.0,0.0,0.0,0.0,2,3615.0,3624.0,3,3608.0,3615.0,3619.0,3608.0,8.0,289200.0,6227
2023-05-10 21:00:27,rb2403,rb2403,3608.0,0.0,0.0,0.0,2,3615.0,3624.0,3,3608.0,3615.0,3619.0,3608.0,8.0,289200.0,6227
2023-05-10 21:00:28,rb2403,rb2403,3608.0,0.0,0.0,0.0,4,3616.0,3624.0,3,3608.0,3615.0,3619.0,3608.0,8.0,289200.0,6227
2023-05-10 21:00:28,rb2403,rb2403,3616.0,3.0,108480.0,0.0,1,3616.0,3624.0,3,3608.0,3615.0,3619.0,3608.0,11.0,397680.0,6227
2023-05-10 21:00:29,rb2403,rb2403,3616.0,0.0,0.0,0.0,1,3616.0,3624.0,3,3608.0,3615.0,3619.0,3608.0,11.0,397680.0,6227
2023-05-10 21:00:29,rb2403,rb2403,3616.0,0.0,0.0,0.0,1,3603.0,3624.0,3,3608.0,3615.0,3619.0,3608.0,11.0,397680.0,6227
2023-05-10 21:00:30,rb2403,rb2403,3616.0,0.0,0.0,0.0,1,3607.0,3623.0,2,3608.0,3615.0,3619.0,3608.0,11.0,397680.0,6227
2023-05-10 21:00:30,rb2403,rb2403,3616.0,0.0,0.0,0.0,1,3608.0,3622.0,2,3608.0,3615.0,3619.0,3608.0,11.0,397680.0,6227
2023-05-10 21:00:31,rb2403,rb2403,3616.0,0.0,0.0,0.0,1,3608.0,3622.0,2,3608.0,3615.0,3619.0,3608.0,11.0,397680.0,6227
2023-05-10 21:00:31,rb2403,rb2403,3616.0,0.0,0.0,0.0,1,3609.0,3622.0,2,3608.0,3615.0,3619.0,3608.0,11.0,397680.0,6227
2023-05-10 21:00:32,rb2403,rb2403,3616.0,0.0,0.0,0.0,4,3610.0,3622.0,2,3608.0,3615.0,3619.0,3608.0,11.0,397680.0,6227
2023-05-10 21:00:32,rb2403,rb2403,3616.0,0.0,0.0,0.0,4,3610.0,3622.0,2,3608.0,3615.0,3619.0,3608.0,11.0,397680.0,6227
2023-05-10 21:00:33,rb2403,rb2403,3616.0,0.0,0.0,0.0,4,3610.0,3622.0,2,3608.0,3615.0,3619.0,3608.0,11.0,397680.0,6227
2023-05-10 21:00:33,rb2403,rb2403,3616.0,0.0,0.0,0.0,1,3611.0,3622.0,2,3608.0,3615.0,3619.0,3608.0,11.0,397680.0,6227
2023-05-10 21:00:34,rb2403,rb2403,3616.0,0.0,0.0,0.0,1,3612.0,3622.0,2,3608.0,3615.0,3619.0,3608.0,11.0,397680.0,6227
2023-05-10 21:00:34,rb2403,rb2403,3616.0,0.0,0.0,0.0,3,3613.0,3622.0,2,3608.0,3615.0,3619.0,3608.0,11.0,397680.0,6227
2023-05-10 21:00:35,rb2403,rb2403,3616.0,0.0,0.0,0.0,3,3613.0,3623.0,2,3608.0,3615.0,3619.0,3608.0,11.0,397680.0,6227
2023-05-10 21:00:35,rb2403,rb2403,3616.0,0.0,0.0,0.0,1,3614.0,3623.0,2,3608.0,3615.0,3619.0,3608.0,11.0,397680.0,6227
2023-05-10 21:00:36,rb2403,rb2403,3616.0,0.0,0.0,0.0,1,3615.0,3623.0,2,3608.0,3615.0,3619.0,3608.0,11.0,397680.0,6227
2023-05-10 21:00:36,rb2403,rb2403,3616.0,0.0,0.0,0.0,3,3616.0,3623.0,2,3608.0,3615.0,3619.0,3608.0,11.0,397680.0,6227
2023-05-10 21:00:37,rb2403,rb2403,3616.0,0.0,0.0,0.0,3,3616.0,3622.0,2,3608.0,3615.0,3619.0,3608.0,11.0,397680.0,6227
2023-05-10 21:00:38,rb2403,rb2403,3616.0,0.0,0.0,0.0,1,3607.0,3632.0,1,3608.0,3615.0,3619.0,3608.0,11.0,397680.0,6227
2023-05-10 21:00:38,rb2403,rb2403,3616.0,0.0,0.0,0.0,7,3608.0,3631.0,5,3608.0,3615.0,3619.0,3608.0,11.0,397680.0,6227
2023-05-10 21:00:39,rb2403,rb2403,3616.0,0.0,0.0,0.0,7,3608.0,3630.0,1,3608.0,3615.0,3619.0,3608.0,11.0,397680.0,6227
2023-05-10 21:00:39,rb2403,rb2403,3616.0,0.0,0.0,0.0,7,3608.0,3629.0,3,3608.0,3615.0,3619.0,3608.0,11.0,397680.0,6227
2023-05-10 21:00:40,rb2403,rb2403,3616.0,0.0,0.0,0.0,7,3608.0,3629.0,3,3608.0,3615.0,3619.0,3608.0,11.0,397680.0,6227
2023-05-10 21:00:40,rb2403,rb2403,3616.0,0.0,0.0,0.0,1,3612.0,3629.0,4,3608.0,3615.0,3619.0,3608.0,11.0,397680.0,6227
2023-05-10 21:00:41,rb2403,rb2403,3616.0,0.0,0.0,0.0,1,3613.0,3628.0,2,3608.0,3615.0,3619.0,3608.0,11.0,397680.0,6227
2023-05-10 21:00:41,rb2403,rb2403,3616.0,0.0,0.0,0.0,5,3614.0,3627.0,3,3608.0,3615.0,3619.0,3608.0,11.0,397680.0,6227
2023-05-10 21:00:42,rb2403,rb2403,3616.0,0.0,0.0,0.0,5,3614.0,3627.0,3,3608.0,3615.0,3619.0,3608.0,11.0,397680.0,6227
2023-05-10 21:00:42,rb2403,rb2403,3616.0,0.0,0.0,0.0,2,3615.0,3627.0,4,3608.0,3615.0,3619.0,3608.0,11.0,397680.0,6227
2023-05-10 21:00:43,rb2403,rb2403,3616.0,0.0,0.0,0.0,2,3615.0,3627.0,4,3608.0,3615.0,3619.0,3608.0,11.0,397680.0,6227
2023-05-10 21:00:43,rb2403,rb2403,3616.0,0.0,0.0,0.0,8,3616.0,3627.0,4,3608.0,3615.0,3619.0,3608.0,11.0,397680.0,6227
2023-05-10 21:00:44,rb2403,rb2403,3616.0,0.0,0.0,0.0,1,3617.0,3627.0,4,3608.0,3615.0,3619.0,3608.0,11.0,397680.0,6227
2023-05-10 21:00:44,rb2403,rb2403,3616.0,0.0,0.0,0.0,2,3617.0,3627.0,6,3608.0,3615.0,3619.0,3608.0,11.0,397680.0,6227
2023-05-10 21:00:45,rb2403,rb2403,3616.0,0.0,0.0,0.0,2,3617.0,3627.0,6,3608.0,3615.0,3619.0,3608.0,11.0,397680.0,6227
2023-05-10 21:00:47,rb2403,rb2403,3616.0,0.0,0.0,0.0,2,3617.0,3626.0,2,3608.0,3615.0,3619.0,3608.0,11.0,397680.0,6227
2023-05-10 21:00:47,rb2403,rb2403,3616.0,0.0,0.0,0.0,2,3617.0,3625.0,2,3608.0,3615.0,3619.0,3608.0,11.0,397680.0,6227
2023-05-10 21:00:48,rb2403,rb2403,3616.0,0.0,0.0,0.0,2,3617.0,3625.0,2,3608.0,3615.0,3619.0,3608.0,11.0,397680.0,6227
2023-05-10 21:00:48,rb2403,rb2403,3616.0,0.0,0.0,0.0,2,3617.0,3625.0,2,3608.0,3615.0,3619.0,3608.0,11.0,397680.0,6227
2023-05-10 21:00:50,rb2403,rb2403,3616.0,0.0,0.0,0.0,2,3617.0,3625.0,2,3608.0,3615.0,3619.0,3608.0,11.0,397680.0,6227
2023-05-10 21:00:52,rb2403,rb2403,3616.0,0.0,0.0,0.0,2,3617.0,3625.0,2,3608.0,3615.0,3619.0,3608.0,11.0,397680.0,6227
2023-05-10 21:00:53,rb2403,rb2403,3616.0,0.0,0.0,0.0,2,3617.0,3625.0,2,3608.0,3615.0,3619.0,3608.0,11.0,397680.0,6227
2023-05-10 21:00:53,rb2403,rb2403,3616.0,0.0,0.0,0.0,2,3617.0,3625.0,2,3608.0,3615.0,3619.0,3608.0,11.0,397680.0,6227
2023-05-10 21:00:55,rb2403,rb2403,3616.0,0.0,0.0,0.0,2,3617.0,3625.0,4,3608.0,3615.0,3619.0,3608.0,11.0,397680.0,6227
2023-05-10 21:00:55,rb2403,rb2403,3616.0,0.0,0.0,0.0,2,3617.0,3625.0,4,3608.0,3615.0,3619.0,3608.0,11.0,397680.0,6227
2023-05-10 21:00:56,rb2403,rb2403,3616.0,0.0,0.0,0.0,2,3617.0,3625.0,4,3608.0,3615.0,3619.0,3608.0,11.0,397680.0,6227
2023-05-10 21:00:59,rb2403,rb2403,3616.0,0.0,0.0,0.0,2,3617.0,3625.0,5,3608.0,3615.0,3619.0,3608.0,11.0,397680.0,6227
2023-05-10 21:01:00,rb2403,rb2403,3616.0,0.0,0.0,0.0,2,3617.0,3625.0,5,3608.0,3615.0,3619.0,3608.0,11.0,397680.0,6227
2023-05-10 21:01:01,rb2403,rb2403,3616.0,0.0,0.0,0.0,1,3618.0,3625.0,5,3608.0,3615.0,3619.0,3608.0,11.0,397680.0,6227
2023-05-10 21:01:01,rb2403,rb2403,3616.0,0.0,0.0,0.0,1,3618.0,3625.0,5,3608.0,3615.0,3619.0,3608.0,11.0,397680.0,6227
2023-05-10 21:01:02,rb2403,rb2403,3616.0,0.0,0.0,0.0,1,3604.0,3625.0,5,3608.0,3615.0,3619.0,3608.0,11.0,397680.0,6227
2023-05-10 21:01:02,rb2403,rb2403,3616.0,0.0,0.0,0.0,1,3608.0,3625.0,2,3608.0,3615.0,3619.0,3608.0,11.0,397680.0,6227
2023-05-10 21:01:03,rb2403,rb2403,3616.0,0.0,0.0,0.0,2,3618.0,3625.0,2,3608.0,3615.0,3619.0,3608.0,11.0,397680.0,6227
2023-05-10 21:01:03,rb2403,rb2403,3616.0,0.0,0.0,0.0,2,3618.0,3625.0,2,3608.0,3615.0,3619.0,3608.0,11.0,397680.0,6227
2023-05-10 21:01:04,rb2403,rb2403,3616.0,0.0,0.0,0.0,2,3618.0,3625.0,2,3608.0,3615.0,3619.0,3608.0,11.0,397680.0,6227
2023-05-10 21:01:04,rb2403,rb2403,3616.0,0.0,0.0,0.0,2,3618.0,3625.0,2,3608.0,3615.0,3619.0,3608.0,11.0,397680.0,6227
2023-05-10 21:01:05,rb2403,rb2403,3616.0,0.0,0.0,0.0,1,3619.0,3625.0,2,3608.0,3615.0,3619.0,3608.0,11.0,397680.0,6227
2023-05-10 21:01:06,rb2403,rb2403,3616.0,0.0,0.0,0.0,1,3618.0,3625.0,2,3608.0,3615.0,3619.0,3608.0,11.0,397680.0,6227
2023-05-10 21:01:09,rb2403,rb2403,3616.0,0.0,0.0,0.0,1,3617.0,3625.0,2,3608.0,3615.0,3619.0,3608.0,11.0,397680.0,6227
2023-05-10 21:01:14,rb2403,rb2403,3616.0,0.0,0.0,0.0,7,3618.0,3625.0,2,3608.0,3615.0,3619.0,3608.0,11.0,397680.0,6227
2023-05-10 21:01:14,rb2403,rb2403,3616.0,0.0,0.0,0.0,1,3619.0,3625.0,2,3608.0,3615.0,3619.0,3608.0,11.0,397680.0,6227
2023-05-10 21:01:15,rb2403,rb2403,3616.0,0.0,0.0,0.0,9,3618.0,3625.0,2,3608.0,3615.0,3619.0,3608.0,11.0,397680.0,6227
2023-05-10 21:01:15,rb2403,rb2403,3616.0,0.0,0.0,0.0,2,3618.0,3625.0,2,3608.0,3615.0,3619.0,3608.0,11.0,397680.0,6227
2023-05-10 21:01:20,rb2403,rb2403,3616.0,0.0,0.0,0.0,2,3618.0,3625.0,2,3608.0,3615.0,3619.0,3608.0,11.0,397680.0,6227
2023-05-10 21:01:23,rb2403,rb2403,3616.0,0.0,0.0,0.0,9,3619.0,3625.0,2,3608.0,3615.0,3619.0,3608.0,11.0,397680.0,6227
2023-05-10 21:01:23,rb2403,rb2403,3616.0,0.0,0.0,0.0,1,3620.0,3625.0,2,3608.0,3615.0,3619.0,3608.0,11.0,397680.0,6227
2023-05-10 21:01:24,rb2403,rb2403,3616.0,0.0,0.0,0.0,10,3619.0,3625.0,2,3608.0,3615.0,3619.0,3608.0,11.0,397680.0,6227
2023-05-10 21:01:24,rb2403,rb2403,3616.0,0.0,0.0,0.0,3,3619.0,3625.0,2,3608.0,3615.0,3619.0,3608.0,11.0,397680.0,6227
2023-05-10 21:01:25,rb2403,rb2403,3616.0,0.0,0.0,0.0,1,3619.0,3625.0,2,3608.0,3615.0,3619.0,3608.0,11.0,397680.0,6227
2023-05-10 21:01:25,rb2403,rb2403,3616.0,0.0,0.0,0.0,1,3618.0,3625.0,2,3608.0,3615.0,3619.0,3608.0,11.0,397680.0,6227
2023-05-10 21:01:26,rb2403,rb2403,3616.0,0.0,0.0,0.0,10,3619.0,3625.0,2,3608.0,3615.0,3619.0,3608.0,11.0,397680.0,6227
2023-05-10 21:01:26,rb2403,rb2403,3616.0,0.0,0.0,0.0,1,3620.0,3625.0,2,3608.0,3615.0,3619.0,3608.0,11.0,397680.0,6227
2023-05-10 21:01:27,rb2403,rb2403,3616.0,0.0,0.0,0.0,11,3619.0,3625.0,2,3608.0,3615.0,3619.0,3608.0,11.0,397680.0,6227
2023-05-10 21:01:27,rb2403,rb2403,3616.0,0.0,0.0,0.0,4,3619.0,3625.0,2,3608.0,3615.0,3619.0,3608.0,11.0,397680.0,6227
2023-05-10 21:01:28,rb2403,rb2403,3616.0,0.0,0.0,0.0,4,3619.0,3625.0,2,3608.0,3615.0,3619.0,3608.0,11.0,397680.0,6227
2023-05-10 21:01:32,rb2403,rb2403,3616.0,0.0,0.0,0.0,4,3619.0,3625.0,2,3608.0,3615.0,3619.0,3608.0,11.0,397680.0,6227
2023-05-10 21:01:32,rb2403,rb2403,3616.0,0.0,0.0,0.0,4,3619.0,3625.0,2,3608.0,3615.0,3619.0,3608.0,11.0,397680.0,6227
2023-05-10 21:01:35,rb2403,rb2403,3616.0,0.0,0.0,0.0,4,3619.0,3625.0,2,3608.0,3615.0,3619.0,3608.0,11.0,397680.0,6227
2023-05-10 21:01:40,rb2403,rb2403,3616.0,0.0,0.0,0.0,4,3619.0,3639.0,1,3608.0,3615.0,3619.0,3608.0,11.0,397680.0,6227
2023-05-10 21:01:40,rb2403,rb2403,3616.0,0.0,0.0,0.0,9,3620.0,3636.0,1,3608.0,3615.0,3619.0,3608.0,11.0,397680.0,6227
2023-05-10 21:01:41,rb2403,rb2403,3616.0,0.0,0.0,0.0,1,3621.0,3635.0,5,3608.0,3615.0,3619.0,3608.0,11.0,397680.0,6227
2023-05-10 21:01:41,rb2403,rb2403,3616.0,0.0,0.0,0.0,1,3621.0,3633.0,1,3608.0,3615.0,3619.0,3608.0,11.0,397680.0,6227
2023-05-10 21:01:42,rb2403,rb2403,3616.0,0.0,0.0,0.0,1,3621.0,3632.0,3,3608.0,3615.0,3619.0,3608.0,11.0,397680.0,6227
2023-05-10 21:01:42,rb2403,rb2403,3616.0,0.0,0.0,0.0,1,3621.0,3632.0,4,3608.0,3615.0,3619.0,3608.0,11.0,397680.0,6227
2023-05-10 21:01:43,rb2403,rb2403,3616.0,0.0,0.0,0.0,1,3620.0,3632.0,5,3608.0,3615.0,3619.0,3608.0,11.0,397680.0,6227
2023-05-10 21:01:43,rb2403,rb2403,3616.0,0.0,0.0,0.0,12,3621.0,3631.0,2,3608.0,3615.0,3619.0,3608.0,11.0,397680.0,6227
2023-05-10 21:01:44,rb2403,rb2403,3616.0,0.0,0.0,0.0,1,3622.0,3630.0,3,3608.0,3615.0,3619.0,3608.0,11.0,397680.0,6227
2023-05-10 21:01:44,rb2403,rb2403,3616.0,0.0,0.0,0.0,12,3621.0,3630.0,3,3608.0,3615.0,3619.0,3608.0,11.0,397680.0,6227
2023-05-10 21:01:45,rb2403,rb2403,3616.0,0.0,0.0,0.0,1,3622.0,3630.0,3,3608.0,3615.0,3619.0,3608.0,11.0,397680.0,6227
2023-05-10 21:01:45,rb2403,rb2403,3616.0,0.0,0.0,0.0,1,3620.0,3630.0,4,3608.0,3615.0,3619.0,3608.0,11.0,397680.0,6227
2023-05-10 21:01:46,rb2403,rb2403,3616.0,0.0,0.0,0.0,1,3622.0,3629.0,2,3608.0,3615.0,3619.0,3608.0,11.0,397680.0,6227
2023-05-10 21:01:46,rb2403,rb2403,3616.0,0.0,0.0,0.0,1,3621.0,3628.0,2,3608.0,3615.0,3619.0,3608.0,11.0,397680.0,6227
2023-05-10 21:01:47,rb2403,rb2403,3616.0,0.0,0.0,0.0,1,3617.0,3628.0,2,3608.0,3615.0,3619.0,3608.0,11.0,397680.0,6227
2023-05-10 21:01:47,rb2403,rb2403,3616.0,0.0,0.0,0.0,14,3618.0,3628.0,2,3608.0,3615.0,3619.0,3608.0,11.0,397680.0,6227
2023-05-10 21:01:48,rb2403,rb2403,3616.0,0.0,0.0,0.0,1,3619.0,3628.0,2,3608.0,3615.0,3619.0,3608.0,11.0,397680.0,6227
2023-05-10 21:01:48,rb2403,rb2403,3616.0,0.0,0.0,0.0,14,3618.0,3628.0,2,3608.0,3615.0,3619.0,3608.0,11.0,397680.0,6227
2023-05-10 21:01:49,rb2403,rb2403,3616.0,0.0,0.0,0.0,1,3619.0,3628.0,2,3608.0,3615.0,3619.0,3608.0,11.0,397680.0,6227
2023-05-10 21:01:49,rb2403,rb2403,3616.0,0.0,0.0,0.0,6,3620.0,3628.0,2,3608.0,3615.0,3619.0,3608.0,11.0,397680.0,6227
2023-05-10 21:01:50,rb2403,rb2403,3616.0,0.0,0.0,0.0,6,3620.0,3628.0,2,3608.0,3615.0,3619.0,3608.0,11.0,397680.0,6227
2023-05-10 21:01:51,rb2403,rb2403,3616.0,0.0,0.0,0.0,6,3620.0,3628.0,2,3608.0,3615.0,3619.0,3608.0,11.0,397680.0,6227
2023-05-10 21:01:52,rb2403,rb2403,3616.0,0.0,0.0,0.0,6,3620.0,3628.0,4,3608.0,3615.0,3619.0,3608.0,11.0,397680.0,6227
2023-05-10 21:01:53,rb2403,rb2403,3616.0,0.0,0.0,0.0,6,3620.0,3628.0,4,3608.0,3615.0,3619.0,3608.0,11.0,397680.0,6227
2023-05-10 21:01:53,rb2403,rb2403,3616.0,0.0,0.0,0.0,6,3620.0,3628.0,4,3608.0,3615.0,3619.0,3608.0,11.0,397680.0,6227
2023-05-10 21:01:54,rb2403,rb2403,3616.0,0.0,0.0,0.0,6,3620.0,3628.0,5,3608.0,3615.0,3619.0,3608.0,11.0,397680.0,6227
2023-05-10 21:01:55,rb2403,rb2403,3616.0,0.0,0.0,0.0,6,3621.0,3628.0,5,3608.0,3615.0,3619.0,3608.0,11.0,397680.0,6227
2023-05-10 21:01:55,rb2403,rb2403,3616.0,0.0,0.0,0.0,1,3622.0,3628.0,5,3608.0,3615.0,3619.0,3608.0,11.0,397680.0,6227
2023-05-10 21:01:56,rb2403,rb2403,3616.0,0.0,0.0,0.0,1,3622.0,3628.0,3,3608.0,3615.0,3619.0,3608.0,11.0,397680.0,6227
2023-05-10 21:01:56,rb2403,rb2403,3616.0,0.0,0.0,0.0,1,3622.0,3628.0,3,3608.0,3615.0,3619.0,3608.0,11.0,397680.0,6227
2023-05-10 21:01:57,rb2403,rb2403,3616.0,0.0,0.0,0.0,1,3620.0,3628.0,3,3608.0,3615.0,3619.0,3608.0,11.0,397680.0,6227
2023-05-10 21:01:57,rb2403,rb2403,3616.0,0.0,0.0,0.0,12,3621.0,3628.0,3,3608.0,3615.0,3619.0,3608.0,11.0,397680.0,6227
2023-05-10 21:01:58,rb2403,rb2403,3616.0,0.0,0.0,0.0,1,3622.0,3628.0,3,3608.0,3615.0,3619.0,3608.0,11.0,397680.0,6227
2023-05-10 21:01:58,rb2403,rb2403,3616.0,0.0,0.0,0.0,10,3621.0,3628.0,3,3608.0,3615.0,3619.0,3608.0,11.0,397680.0,6227
2023-05-10 21:01:59,rb2403,rb2403,3616.0,0.0,0.0,0.0,4,3621.0,3628.0,3,3608.0,3615.0,3619.0,3608.0,11.0,397680.0,6227
2023-05-10 21:01:59,rb2403,rb2403,3616.0,0.0,0.0,0.0,9,3622.0,3628.0,3,3608.0,3615.0,3619.0,3608.0,11.0,397680.0,6227
2023-05-10 21:02:00,rb2403,rb2403,3616.0,0.0,0.0,0.0,1,3623.0,3628.0,3,3608.0,3615.0,3619.0,3608.0,11.0,397680.0,6227
2023-05-10 21:02:01,rb2403,rb2403,3616.0,0.0,0.0,0.0,1,3623.0,3628.0,3,3608.0,3615.0,3619.0,3608.0,11.0,397680.0,6227
2023-05-10 21:02:02,rb2403,rb2403,3616.0,0.0,0.0,0.0,1,3622.0,3628.0,3,3608.0,3615.0,3619.0,3608.0,11.0,397680.0,6227
2023-05-10 21:02:02,rb2403,rb2403,3616.0,0.0,0.0,0.0,1,3619.0,3628.0,3,3608.0,3615.0,3619.0,3608.0,11.0,397680.0,6227
2023-05-10 21:02:03,rb2403,rb2403,3616.0,0.0,0.0,0.0,14,3620.0,3628.0,3,3608.0,3615.0,3619.0,3608.0,11.0,397680.0,6227
2023-05-10 21:02:03,rb2403,rb2403,3616.0,0.0,0.0,0.0,15,3620.0,3628.0,3,3608.0,3615.0,3619.0,3608.0,11.0,397680.0,6227
2023-05-10 21:02:05,rb2403,rb2403,3616.0,0.0,0.0,0.0,15,3620.0,3622.0,1,3608.0,3615.0,3619.0,3608.0,11.0,397680.0,6227
2023-05-10 21:02:05,rb2403,rb2403,3622.0,1.0,36220.0,0.0,15,3620.0,3628.0,1,3608.0,3615.0,3622.0,3608.0,12.0,433900.0,6227
2023-05-10 21:02:06,rb2403,rb2403,3622.0,0.0,0.0,0.0,1,3621.0,3628.0,1,3608.0,3615.0,3622.0,3608.0,12.0,433900.0,6227
2023-05-10 21:02:06,rb2403,rb2403,3622.0,0.0,0.0,0.0,1,3622.0,3628.0,1,3608.0,3615.0,3622.0,3608.0,12.0,433900.0,6227
2023-05-10 21:02:07,rb2403,rb2403,3622.0,0.0,0.0,0.0,12,3623.0,3628.0,1,3608.0,3615.0,3622.0,3608.0,12.0,433900.0,6227
2023-05-10 21:02:07,rb2403,rb2403,3622.0,0.0,0.0,0.0,1,3624.0,3628.0,1,3608.0,3615.0,3622.0,3608.0,12.0,433900.0,6227
2023-05-10 21:02:08,rb2403,rb2403,3622.0,0.0,0.0,0.0,1,3624.0,3628.0,1,3608.0,3615.0,3622.0,3608.0,12.0,433900.0,6227
2023-05-10 21:02:08,rb2403,rb2403,3622.0,0.0,0.0,0.0,1,3624.0,3628.0,1,3608.0,3615.0,3622.0,3608.0,12.0,433900.0,6227
2023-05-10 21:02:09,rb2403,rb2403,3622.0,0.0,0.0,0.0,1,3621.0,3628.0,1,3608.0,3615.0,3622.0,3608.0,12.0,433900.0,6227
2023-05-10 21:02:09,rb2403,rb2403,3622.0,0.0,0.0,0.0,1,3623.0,3628.0,1,3608.0,3615.0,3622.0,3608.0,12.0,433900.0,6227
2023-05-10 21:02:10,rb2403,rb2403,3622.0,0.0,0.0,0.0,1,3624.0,3628.0,1,3608.0,3615.0,3622.0,3608.0,12.0,433900.0,6227
2023-05-10 21:02:10,rb2403,rb2403,3622.0,0.0,0.0,0.0,1,3624.0,3628.0,1,3608.0,3615.0,3622.0,3608.0,12.0,433900.0,6227
2023-05-10 21:02:11,rb2403,rb2403,3622.0,0.0,0.0,0.0,1,3624.0,3628.0,1,3608.0,3615.0,3622.0,3608.0,12.0,433900.0,6227
2023-05-10 21:02:13,rb2403,rb2403,3622.0,0.0,0.0,0.0,1,3624.0,3628.0,1,3608.0,3615.0,3622.0,3608.0,12.0,433900.0,6227
2023-05-10 21:02:13,rb2403,rb2403,3622.0,0.0,0.0,0.0,1,3621.0,3628.0,1,3608.0,3615.0,3622.0,3608.0,12.0,433900.0,6227
2023-05-10 21:02:14,rb2403,rb2403,3622.0,0.0,0.0,0.0,15,3622.0,3628.0,1,3608.0,3615.0,3622.0,3608.0,12.0,433900.0,6227
2023-05-10 21:02:14,rb2403,rb2403,3622.0,0.0,0.0,0.0,1,3623.0,3628.0,1,3608.0,3615.0,3622.0,3608.0,12.0,433900.0,6227
2023-05-10 21:02:15,rb2403,rb2403,3622.0,0.0,0.0,0.0,1,3623.0,3628.0,1,3608.0,3615.0,3622.0,3608.0,12.0,433900.0,6227
2023-05-10 21:02:15,rb2403,rb2403,3622.0,0.0,0.0,0.0,2,3624.0,3628.0,1,3608.0,3615.0,3622.0,3608.0,12.0,433900.0,6227
2023-05-10 21:02:16,rb2403,rb2403,3622.0,0.0,0.0,0.0,1,3625.0,3628.0,1,3608.0,3615.0,3622.0,3608.0,12.0,433900.0,6227
2023-05-10 21:02:16,rb2403,rb2403,3622.0,0.0,0.0,0.0,8,3624.0,3628.0,1,3608.0,3615.0,3622.0,3608.0,12.0,433900.0,6227
2023-05-10 21:02:17,rb2403,rb2403,3622.0,0.0,0.0,0.0,1,3626.0,3628.0,1,3608.0,3615.0,3622.0,3608.0,12.0,433900.0,6227
2023-05-10 21:02:17,rb2403,rb2403,3622.0,0.0,0.0,0.0,1,3625.0,3628.0,1,3608.0,3615.0,3622.0,3608.0,12.0,433900.0,6227
2023-05-10 21:02:18,rb2403,rb2403,3622.0,0.0,0.0,0.0,1,3620.0,3628.0,1,3608.0,3615.0,3622.0,3608.0,12.0,433900.0,6227
2023-05-10 21:02:19,rb2403,rb2403,3622.0,0.0,0.0,0.0,15,3621.0,3628.0,1,3608.0,3615.0,3622.0,3608.0,12.0,433900.0,6227
2023-05-10 21:02:19,rb2403,rb2403,3622.0,0.0,0.0,0.0,1,3622.0,3628.0,1,3608.0,3615.0,3622.0,3608.0,12.0,433900.0,6227
2023-05-10 21:02:20,rb2403,rb2403,3622.0,0.0,0.0,0.0,14,3621.0,3628.0,1,3608.0,3615.0,3622.0,3608.0,12.0,433900.0,6227
2023-05-10 21:02:20,rb2403,rb2403,3622.0,0.0,0.0,0.0,2,3622.0,3628.0,1,3608.0,3615.0,3622.0,3608.0,12.0,433900.0,6227
2023-05-10 21:02:21,rb2403,rb2403,3622.0,0.0,0.0,0.0,1,3623.0,3628.0,1,3608.0,3615.0,3622.0,3608.0,12.0,433900.0,6227
2023-05-10 21:02:21,rb2403,rb2403,3622.0,0.0,0.0,0.0,8,3624.0,3628.0,1,3608.0,3615.0,3622.0,3608.0,12.0,433900.0,6227
2023-05-10 21:02:22,rb2403,rb2403,3622.0,0.0,0.0,0.0,1,3625.0,3628.0,1,3608.0,3615.0,3622.0,3608.0,12.0,433900.0,6227
2023-05-10 21:02:22,rb2403,rb2403,3622.0,0.0,0.0,0.0,1,3625.0,3628.0,1,3608.0,3615.0,3622.0,3608.0,12.0,433900.0,6227
2023-05-10 21:02:23,rb2403,rb2403,3622.0,0.0,0.0,0.0,1,3625.0,3628.0,1,3608.0,3615.0,3622.0,3608.0,12.0,433900.0,6227
2023-05-10 21:02:23,rb2403,rb2403,3622.0,0.0,0.0,0.0,1,3623.0,3628.0,1,3608.0,3615.0,3622.0,3608.0,12.0,433900.0,6227
2023-05-10 21:02:24,rb2403,rb2403,3622.0,0.0,0.0,0.0,1,3626.0,3628.0,1,3608.0,3615.0,3622.0,3608.0,12.0,433900.0,6227
2023-05-10 21:02:24,rb2403,rb2403,3622.0,0.0,0.0,0.0,1,3623.0,3628.0,1,3608.0,3615.0,3622.0,3608.0,12.0,433900.0,6227
2023-05-10 21:02:25,rb2403,rb2403,3622.0,0.0,0.0,0.0,1,3622.0,3628.0,1,3608.0,3615.0,3622.0,3608.0,12.0,433900.0,6227
2023-05-10 21:02:25,rb2403,rb2403,3622.0,0.0,0.0,0.0,12,3623.0,3628.0,1,3608.0,3615.0,3622.0,3608.0,12.0,433900.0,6227
2023-05-10 21:02:26,rb2403,rb2403,3622.0,0.0,0.0,0.0,1,3624.0,3628.0,1,3608.0,3615.0,3622.0,3608.0,12.0,433900.0,6227
2023-05-10 21:02:26,rb2403,rb2403,3622.0,0.0,0.0,0.0,13,3623.0,3628.0,1,3608.0,3615.0,3622.0,3608.0,12.0,433900.0,6227
2023-05-10 21:02:27,rb2403,rb2403,3622.0,0.0,0.0,0.0,7,3623.0,3626.0,1,3608.0,3615.0,3622.0,3608.0,12.0,433900.0,6227
2023-05-10 21:02:33,rb2403,rb2403,3622.0,0.0,0.0,0.0,7,3623.0,3626.0,1,3608.0,3615.0,3622.0,3608.0,12.0,433900.0,6227
2023-05-10 21:02:35,rb2403,rb2403,3622.0,0.0,0.0,0.0,1,3623.0,3626.0,1,3608.0,3615.0,3622.0,3608.0,12.0,433900.0,6227
2023-05-10 21:02:35,rb2403,rb2403,3622.0,0.0,0.0,0.0,1,3620.0,3626.0,1,3608.0,3615.0,3622.0,3608.0,12.0,433900.0,6227
2023-05-10 21:02:36,rb2403,rb2403,3622.0,0.0,0.0,0.0,16,3621.0,3626.0,1,3608.0,3615.0,3622.0,3608.0,12.0,433900.0,6227
2023-05-10 21:02:36,rb2403,rb2403,3622.0,0.0,0.0,0.0,1,3622.0,3626.0,1,3608.0,3615.0,3622.0,3608.0,12.0,433900.0,6227
2023-05-10 21:02:37,rb2403,rb2403,3622.0,0.0,0.0,0.0,1,3622.0,3626.0,1,3608.0,3615.0,3622.0,3608.0,12.0,433900.0,6227
2023-05-10 21:02:37,rb2403,rb2403,3622.0,0.0,0.0,0.0,1,3622.0,3626.0,1,3608.0,3615.0,3622.0,3608.0,12.0,433900.0,6227
2023-05-10 21:02:38,rb2403,rb2403,3622.0,0.0,0.0,0.0,12,3623.0,3626.0,1,3608.0,3615.0,3622.0,3608.0,12.0,433900.0,6227
2023-05-10 21:02:38,rb2403,rb2403,3622.0,0.0,0.0,0.0,12,3623.0,3626.0,1,3608.0,3615.0,3622.0,3608.0,12.0,433900.0,6227
2023-05-10 21:02:39,rb2403,rb2403,3622.0,0.0,0.0,0.0,1,3624.0,3626.0,1,3608.0,3615.0,3622.0,3608.0,12.0,433900.0,6227
2023-05-10 21:02:39,rb2403,rb2403,3622.0,0.0,0.0,0.0,1,3624.0,3626.0,1,3608.0,3615.0,3622.0,3608.0,12.0,433900.0,6227
2023-05-10 21:02:40,rb2403,rb2403,3622.0,0.0,0.0,0.0,1,3622.0,3626.0,1,3608.0,3615.0,3622.0,3608.0,12.0,433900.0,6227
2023-05-10 21:02:41,rb2403,rb2403,3622.0,0.0,0.0,0.0,12,3623.0,3626.0,1,3608.0,3615.0,3622.0,3608.0,12.0,433900.0,6227
2023-05-10 21:02:41,rb2403,rb2403,3622.0,0.0,0.0,0.0,1,3624.0,3626.0,1,3608.0,3615.0,3622.0,3608.0,12.0,433900.0,6227
2023-05-10 21:02:42,rb2403,rb2403,3622.0,0.0,0.0,0.0,1,3624.0,3626.0,1,3608.0,3615.0,3622.0,3608.0,12.0,433900.0,6227
2023-05-10 21:02:42,rb2403,rb2403,3622.0,0.0,0.0,0.0,1,3624.0,3626.0,1,3608.0,3615.0,3622.0,3608.0,12.0,433900.0,6227
2023-05-10 21:02:43,rb2403,rb2403,3624.0,1.0,36240.0,-1.0,2,3617.0,3626.0,1,3608.0,3615.0,3624.0,3608.0,13.0,470140.0,6226
2023-05-10 21:02:43,rb2403,rb2403,3624.0,0.0,0.0,0.0,18,3618.0,3626.0,1,3608.0,3615.0,3624.0,3608.0,13.0,470140.0,6226
2023-05-10 21:02:44,rb2403,rb2403,3624.0,0.0,0.0,0.0,1,3622.0,3626.0,1,3608.0,3615.0,3624.0,3608.0,13.0,470140.0,6226
2023-05-10 21:02:44,rb2403,rb2403,3624.0,0.0,0.0,0.0,1,3622.0,3626.0,1,3608.0,3615.0,3624.0,3608.0,13.0,470140.0,6226
2023-05-10 21:02:45,rb2403,rb2403,3624.0,0.0,0.0,0.0,1,3622.0,3626.0,1,3608.0,3615.0,3624.0,3608.0,13.0,470140.0,6226
2023-05-10 21:02:45,rb2403,rb2403,3624.0,0.0,0.0,0.0,12,3623.0,3626.0,1,3608.0,3615.0,3624.0,3608.0,13.0,470140.0,6226
2023-05-10 21:02:46,rb2403,rb2403,3624.0,0.0,0.0,0.0,1,3624.0,3626.0,1,3608.0,3615.0,3624.0,3608.0,13.0,470140.0,6226
2023-05-10 21:02:46,rb2403,rb2403,3624.0,0.0,0.0,0.0,1,3624.0,3626.0,1,3608.0,3615.0,3624.0,3608.0,13.0,470140.0,6226
2023-05-10 21:02:47,rb2403,rb2403,3624.0,0.0,0.0,0.0,1,3624.0,3626.0,1,3608.0,3615.0,3624.0,3608.0,13.0,470140.0,6226
2023-05-10 21:02:48,rb2403,rb2403,3624.0,0.0,0.0,0.0,1,3623.0,3626.0,1,3608.0,3615.0,3624.0,3608.0,13.0,470140.0,6226
2023-05-10 21:02:49,rb2403,rb2403,3624.0,0.0,0.0,0.0,1,3622.0,3626.0,1,3608.0,3615.0,3624.0,3608.0,13.0,470140.0,6226
2023-05-10 21:02:49,rb2403,rb2403,3624.0,0.0,0.0,0.0,3,3624.0,3626.0,1,3608.0,3615.0,3624.0,3608.0,13.0,470140.0,6226
2023-05-10 21:02:50,rb2403,rb2403,3624.0,0.0,0.0,0.0,1,3625.0,3626.0,1,3608.0,3615.0,3624.0,3608.0,13.0,470140.0,6226
2023-05-10 21:02:51,rb2403,rb2403,3624.0,0.0,0.0,0.0,1,3625.0,3626.0,1,3608.0,3615.0,3624.0,3608.0,13.0,470140.0,6226
2023-05-10 21:02:52,rb2403,rb2403,3624.0,0.0,0.0,0.0,1,3624.0,3626.0,1,3608.0,3615.0,3624.0,3608.0,13.0,470140.0,6226
2023-05-10 21:02:56,rb2403,rb2403,3624.0,0.0,0.0,0.0,1,3624.0,3626.0,1,3608.0,3615.0,3624.0,3608.0,13.0,470140.0,6226
2023-05-10 21:02:56,rb2403,rb2403,3624.0,0.0,0.0,0.0,1,3623.0,3628.0,1,3608.0,3615.0,3624.0,3608.0,13.0,470140.0,6226
2023-05-10 21:03:00,rb2403,rb2403,3624.0,0.0,0.0,0.0,1,3623.0,3628.0,1,3608.0,3615.0,3624.0,3608.0,13.0,470140.0,6226
2023-05-10 21:03:00,rb2403,rb2403,3624.0,0.0,0.0,0.0,1,3623.0,3627.0,3,3608.0,3615.0,3624.0,3608.0,13.0,470140.0,6226
2023-05-10 21:03:01,rb2403,rb2403,3624.0,0.0,0.0,0.0,1,3623.0,3627.0,7,3608.0,3615.0,3624.0,3608.0,13.0,470140.0,6226
2023-05-10 21:03:02,rb2403,rb2403,3624.0,0.0,0.0,0.0,1,3623.0,3627.0,7,3608.0,3615.0,3624.0,3608.0,13.0,470140.0,6226
2023-05-10 21:03:02,rb2403,rb2403,3624.0,0.0,0.0,0.0,9,3624.0,3627.0,7,3608.0,3615.0,3624.0,3608.0,13.0,470140.0,6226
2023-05-10 21:03:03,rb2403,rb2403,3624.0,0.0,0.0,0.0,10,3624.0,3627.0,7,3608.0,3615.0,3624.0,3608.0,13.0,470140.0,6226
2023-05-10 21:03:03,rb2403,rb2403,3624.0,0.0,0.0,0.0,1,3625.0,3627.0,7,3608.0,3615.0,3624.0,3608.0,13.0,470140.0,6226
2023-05-10 21:03:04,rb2403,rb2403,3624.0,0.0,0.0,0.0,1,3625.0,3627.0,7,3608.0,3615.0,3624.0,3608.0,13.0,470140.0,6226
2023-05-10 21:03:04,rb2403,rb2403,3624.0,0.0,0.0,0.0,1,3625.0,3627.0,7,3608.0,3615.0,3624.0,3608.0,13.0,470140.0,6226
2023-05-10 21:03:05,rb2403,rb2403,3624.0,0.0,0.0,0.0,1,3618.0,3627.0,7,3608.0,3615.0,3624.0,3608.0,13.0,470140.0,6226
2023-05-10 21:03:06,rb2403,rb2403,3624.0,0.0,0.0,0.0,16,3619.0,3625.0,1,3608.0,3615.0,3624.0,3608.0,13.0,470140.0,6226
2023-05-10 21:03:06,rb2403,rb2403,3624.0,0.0,0.0,0.0,1,3620.0,3625.0,1,3608.0,3615.0,3624.0,3608.0,13.0,470140.0,6226
2023-05-10 21:03:07,rb2403,rb2403,3624.0,0.0,0.0,0.0,1,3620.0,3625.0,1,3608.0,3615.0,3624.0,3608.0,13.0,470140.0,6226
2023-05-10 21:03:07,rb2403,rb2403,3624.0,0.0,0.0,0.0,2,3621.0,3624.0,4,3608.0,3615.0,3624.0,3608.0,13.0,470140.0,6226
2023-05-10 21:03:08,rb2403,rb2403,3624.0,0.0,0.0,0.0,7,3622.0,3624.0,7,3608.0,3615.0,3624.0,3608.0,13.0,470140.0,6226
2023-05-10 21:03:08,rb2403,rb2403,3624.0,0.0,0.0,0.0,7,3622.0,3624.0,7,3608.0,3615.0,3624.0,3608.0,13.0,470140.0,6226
2023-05-10 21:03:09,rb2403,rb2403,3624.0,0.0,0.0,0.0,7,3622.0,3624.0,7,3608.0,3615.0,3624.0,3608.0,13.0,470140.0,6226
2023-05-10 21:03:09,rb2403,rb2403,3624.0,0.0,0.0,0.0,7,3622.0,3624.0,7,3608.0,3615.0,3624.0,3608.0,13.0,470140.0,6226
2023-05-10 21:03:10,rb2403,rb2403,3624.0,0.0,0.0,0.0,7,3622.0,3624.0,7,3608.0,3615.0,3624.0,3608.0,13.0,470140.0,6226
2023-05-10 21:03:24,rb2403,rb2403,3624.0,0.0,0.0,0.0,7,3622.0,3624.0,7,3608.0,3615.0,3624.0,3608.0,13.0,470140.0,6226
2023-05-10 21:03:27,rb2403,rb2403,3624.0,0.0,0.0,0.0,5,3623.0,3624.0,7,3608.0,3615.0,3624.0,3608.0,13.0,470140.0,6226
2023-05-10 21:03:27,rb2403,rb2403,3624.0,1.0,36240.0,0.0,5,3623.0,3624.0,3,3608.0,3615.0,3624.0,3608.0,14.0,506380.0,6226
2023-05-10 21:03:28,rb2403,rb2403,3624.0,0.0,0.0,0.0,2,3617.0,3624.0,6,3608.0,3615.0,3624.0,3608.0,14.0,506380.0,6226
2023-05-10 21:03:29,rb2403,rb2403,3624.0,0.0,0.0,0.0,18,3618.0,3624.0,6,3608.0,3615.0,3624.0,3608.0,14.0,506380.0,6226
2023-05-10 21:03:31,rb2403,rb2403,3624.0,0.0,0.0,0.0,18,3618.0,3623.0,1,3608.0,3615.0,3624.0,3608.0,14.0,506380.0,6226
2023-05-10 21:03:32,rb2403,rb2403,3624.0,0.0,0.0,0.0,17,3618.0,3623.0,1,3608.0,3615.0,3624.0,3608.0,14.0,506380.0,6226
2023-05-10 21:03:33,rb2403,rb2403,3624.0,0.0,0.0,0.0,17,3618.0,3623.0,1,3608.0,3615.0,3624.0,3608.0,14.0,506380.0,6226
2023-05-10 21:03:33,rb2403,rb2403,3624.0,0.0,0.0,0.0,17,3618.0,3623.0,1,3608.0,3615.0,3624.0,3608.0,14.0,506380.0,6226
2023-05-10 21:03:34,rb2403,rb2403,3624.0,0.0,0.0,0.0,17,3618.0,3622.0,1,3608.0,3615.0,3624.0,3608.0,14.0,506380.0,6226
2023-05-10 21:03:34,rb2403,rb2403,3622.0,1.0,36220.0,0.0,17,3618.0,3623.0,3,3608.0,3615.0,3624.0,3608.0,15.0,542600.0,6226
2023-05-10 21:03:38,rb2403,rb2403,3622.0,0.0,0.0,0.0,1,3619.0,3623.0,3,3608.0,3615.0,3624.0,3608.0,15.0,542600.0,6226
2023-05-10 21:03:38,rb2403,rb2403,3622.0,0.0,0.0,0.0,2,3619.0,3623.0,1,3608.0,3615.0,3624.0,3608.0,15.0,542600.0,6226
2023-05-10 21:03:39,rb2403,rb2403,3622.0,0.0,0.0,0.0,16,3620.0,3623.0,1,3608.0,3615.0,3624.0,3608.0,15.0,542600.0,6226
2023-05-10 21:03:39,rb2403,rb2403,3622.0,0.0,0.0,0.0,16,3620.0,3623.0,1,3608.0,3615.0,3624.0,3608.0,15.0,542600.0,6226
2023-05-10 21:03:40,rb2403,rb2403,3622.0,0.0,0.0,0.0,17,3620.0,3623.0,1,3608.0,3615.0,3624.0,3608.0,15.0,542600.0,6226
2023-05-10 21:03:41,rb2403,rb2403,3622.0,0.0,0.0,0.0,17,3620.0,3623.0,3,3608.0,3615.0,3624.0,3608.0,15.0,542600.0,6226
2023-05-10 21:03:57,rb2403,rb2403,3622.0,0.0,0.0,0.0,17,3620.0,3623.0,1,3608.0,3615.0,3624.0,3608.0,15.0,542600.0,6226
2023-05-10 21:04:03,rb2403,rb2403,3622.0,0.0,0.0,0.0,17,3620.0,3623.0,3,3608.0,3615.0,3624.0,3608.0,15.0,542600.0,6226
2023-05-10 21:04:13,rb2403,rb2403,3622.0,0.0,0.0,0.0,16,3620.0,3623.0,3,3608.0,3615.0,3624.0,3608.0,15.0,542600.0,6226
2023-05-10 21:04:14,rb2403,rb2403,3622.0,0.0,0.0,0.0,1,3621.0,3623.0,3,3608.0,3615.0,3624.0,3608.0,15.0,542600.0,6226
2023-05-10 21:04:14,rb2403,rb2403,3622.0,0.0,0.0,0.0,1,3621.0,3623.0,3,3608.0,3615.0,3624.0,3608.0,15.0,542600.0,6226
2023-05-10 21:04:15,rb2403,rb2403,3622.0,0.0,0.0,0.0,10,3622.0,3623.0,3,3608.0,3615.0,3624.0,3608.0,15.0,542600.0,6226
2023-05-10 21:04:15,rb2403,rb2403,3622.0,0.0,0.0,0.0,10,3622.0,3623.0,3,3608.0,3615.0,3624.0,3608.0,15.0,542600.0,6226
2023-05-10 21:04:18,rb2403,rb2403,3622.0,0.0,0.0,0.0,10,3622.0,3623.0,3,3608.0,3615.0,3624.0,3608.0,15.0,542600.0,6226
2023-05-10 21:04:20,rb2403,rb2403,3622.0,1.0,36220.0,-1.0,1,3616.0,3623.0,3,3608.0,3615.0,3624.0,3608.0,16.0,578820.0,6225
2023-05-10 21:04:20,rb2403,rb2403,3622.0,0.0,0.0,0.0,2,3621.0,3623.0,6,3608.0,3615.0,3624.0,3608.0,16.0,578820.0,6225
2023-05-10 21:04:21,rb2403,rb2403,3622.0,0.0,0.0,0.0,2,3621.0,3623.0,6,3608.0,3615.0,3624.0,3608.0,16.0,578820.0,6225
2023-05-10 21:04:22,rb2403,rb2403,3622.0,0.0,0.0,0.0,2,3621.0,3623.0,6,3608.0,3615.0,3624.0,3608.0,16.0,578820.0,6225
2023-05-10 21:04:23,rb2403,rb2403,3622.0,0.0,0.0,0.0,1,3617.0,3623.0,6,3608.0,3615.0,3624.0,3608.0,16.0,578820.0,6225
2023-05-10 21:04:24,rb2403,rb2403,3622.0,0.0,0.0,0.0,15,3618.0,3623.0,6,3608.0,3615.0,3624.0,3608.0,16.0,578820.0,6225
2023-05-10 21:04:35,rb2403,rb2403,3622.0,0.0,0.0,0.0,15,3618.0,3623.0,6,3608.0,3615.0,3624.0,3608.0,16.0,578820.0,6225
2023-05-10 21:04:46,rb2403,rb2403,3618.0,1.0,36180.0,0.0,1,3619.0,3623.0,6,3608.0,3615.0,3624.0,3608.0,17.0,615000.0,6225
2023-05-10 21:04:46,rb2403,rb2403,3618.0,0.0,0.0,0.0,1,3619.0,3623.0,6,3608.0,3615.0,3624.0,3608.0,17.0,615000.0,6225
2023-05-10 21:04:47,rb2403,rb2403,3618.0,0.0,0.0,0.0,9,3620.0,3623.0,6,3608.0,3615.0,3624.0,3608.0,17.0,615000.0,6225
2023-05-10 21:04:47,rb2403,rb2403,3618.0,0.0,0.0,0.0,9,3620.0,3623.0,6,3608.0,3615.0,3624.0,3608.0,17.0,615000.0,6225
2023-05-10 21:04:51,rb2403,rb2403,3618.0,0.0,0.0,0.0,9,3620.0,3623.0,5,3608.0,3615.0,3624.0,3608.0,17.0,615000.0,6225
2023-05-10 21:04:52,rb2403,rb2403,3618.0,0.0,0.0,0.0,9,3620.0,3623.0,5,3608.0,3615.0,3624.0,3608.0,17.0,615000.0,6225
2023-05-10 21:04:57,rb2403,rb2403,3618.0,0.0,0.0,0.0,1,3616.0,3623.0,5,3608.0,3615.0,3624.0,3608.0,17.0,615000.0,6225
2023-05-10 21:04:58,rb2403,rb2403,3618.0,0.0,0.0,0.0,15,3617.0,3623.0,5,3608.0,3615.0,3624.0,3608.0,17.0,615000.0,6225
2023-05-10 21:05:21,rb2403,rb2403,3618.0,0.0,0.0,0.0,1,3618.0,3623.0,5,3608.0,3615.0,3624.0,3608.0,17.0,615000.0,6225
2023-05-10 21:05:21,rb2403,rb2403,3618.0,0.0,0.0,0.0,1,3618.0,3623.0,5,3608.0,3615.0,3624.0,3608.0,17.0,615000.0,6225
2023-05-10 21:05:22,rb2403,rb2403,3618.0,0.0,0.0,0.0,13,3619.0,3623.0,5,3608.0,3615.0,3624.0,3608.0,17.0,615000.0,6225
2023-05-10 21:05:23,rb2403,rb2403,3618.0,0.0,0.0,0.0,2,3620.0,3623.0,5,3608.0,3615.0,3624.0,3608.0,17.0,615000.0,6225
2023-05-10 21:05:23,rb2403,rb2403,3618.0,0.0,0.0,0.0,2,3620.0,3623.0,5,3608.0,3615.0,3624.0,3608.0,17.0,615000.0,6225
2023-05-10 21:05:24,rb2403,rb2403,3618.0,0.0,0.0,0.0,8,3621.0,3623.0,5,3608.0,3615.0,3624.0,3608.0,17.0,615000.0,6225
2023-05-10 21:05:24,rb2403,rb2403,3618.0,0.0,0.0,0.0,8,3621.0,3623.0,5,3608.0,3615.0,3624.0,3608.0,17.0,615000.0,6225
2023-05-10 21:05:27,rb2403,rb2403,3618.0,0.0,0.0,0.0,2,3622.0,3623.0,5,3608.0,3615.0,3624.0,3608.0,17.0,615000.0,6225
2023-05-10 21:05:27,rb2403,rb2403,3618.0,0.0,0.0,0.0,2,3622.0,3623.0,2,3608.0,3615.0,3624.0,3608.0,17.0,615000.0,6225
2023-05-10 21:05:28,rb2403,rb2403,3618.0,0.0,0.0,0.0,2,3622.0,3623.0,2,3608.0,3615.0,3624.0,3608.0,17.0,615000.0,6225
2023-05-10 21:05:28,rb2403,rb2403,3618.0,0.0,0.0,0.0,2,3622.0,3623.0,2,3608.0,3615.0,3624.0,3608.0,17.0,615000.0,6225
2023-05-10 21:05:30,rb2403,rb2403,3623.0,2.0,72460.0,0.0,7,3623.0,3628.0,1,3608.0,3615.0,3624.0,3608.0,19.0,687460.0,6225
2023-05-10 21:05:30,rb2403,rb2403,3623.0,0.0,0.0,0.0,7,3623.0,3628.0,1,3608.0,3615.0,3624.0,3608.0,19.0,687460.0,6225
2023-05-10 21:05:31,rb2403,rb2403,3623.0,0.0,0.0,0.0,7,3623.0,3627.0,3,3608.0,3615.0,3624.0,3608.0,19.0,687460.0,6225
2023-05-10 21:05:33,rb2403,rb2403,3623.0,0.0,0.0,0.0,7,3623.0,3627.0,3,3608.0,3615.0,3624.0,3608.0,19.0,687460.0,6225
2023-05-10 21:05:38,rb2403,rb2403,3623.0,0.0,0.0,0.0,7,3623.0,3627.0,3,3608.0,3615.0,3624.0,3608.0,19.0,687460.0,6225
2023-05-10 21:05:39,rb2403,rb2403,3623.0,0.0,0.0,0.0,3,3624.0,3627.0,3,3608.0,3615.0,3624.0,3608.0,19.0,687460.0,6225
2023-05-10 21:05:40,rb2403,rb2403,3623.0,0.0,0.0,0.0,3,3624.0,3627.0,3,3608.0,3615.0,3624.0,3608.0,19.0,687460.0,6225
2023-05-10 21:05:44,rb2403,rb2403,3623.0,0.0,0.0,0.0,3,3624.0,3627.0,4,3608.0,3615.0,3624.0,3608.0,19.0,687460.0,6225
2023-05-10 21:05:51,rb2403,rb2403,3623.0,0.0,0.0,0.0,7,3625.0,3627.0,4,3608.0,3615.0,3624.0,3608.0,19.0,687460.0,6225
2023-05-10 21:05:52,rb2403,rb2403,3623.0,0.0,0.0,0.0,7,3625.0,3627.0,4,3608.0,3615.0,3624.0,3608.0,19.0,687460.0,6225
2023-05-10 21:05:55,rb2403,rb2403,3623.0,0.0,0.0,0.0,2,3617.0,3627.0,4,3608.0,3615.0,3624.0,3608.0,19.0,687460.0,6225
2023-05-10 21:05:55,rb2403,rb2403,3623.0,0.0,0.0,0.0,17,3618.0,3627.0,4,3608.0,3615.0,3624.0,3608.0,19.0,687460.0,6225
2023-05-10 21:06:00,rb2403,rb2403,3623.0,0.0,0.0,0.0,2,3619.0,3627.0,4,3608.0,3615.0,3624.0,3608.0,19.0,687460.0,6225
2023-05-10 21:06:00,rb2403,rb2403,3623.0,0.0,0.0,0.0,2,3619.0,3627.0,4,3608.0,3615.0,3624.0,3608.0,19.0,687460.0,6225
2023-05-10 21:06:01,rb2403,rb2403,3623.0,0.0,0.0,0.0,14,3620.0,3627.0,4,3608.0,3615.0,3624.0,3608.0,19.0,687460.0,6225
2023-05-10 21:06:01,rb2403,rb2403,3623.0,0.0,0.0,0.0,15,3620.0,3627.0,4,3608.0,3615.0,3624.0,3608.0,19.0,687460.0,6225
2023-05-10 21:06:02,rb2403,rb2403,3623.0,0.0,0.0,0.0,15,3620.0,3627.0,4,3608.0,3615.0,3624.0,3608.0,19.0,687460.0,6225
2023-05-10 21:06:05,rb2403,rb2403,3623.0,0.0,0.0,0.0,1,3621.0,3627.0,4,3608.0,3615.0,3624.0,3608.0,19.0,687460.0,6225
2023-05-10 21:06:05,rb2403,rb2403,3623.0,0.0,0.0,0.0,1,3621.0,3627.0,4,3608.0,3615.0,3624.0,3608.0,19.0,687460.0,6225
2023-05-10 21:06:06,rb2403,rb2403,3623.0,0.0,0.0,0.0,15,3622.0,3627.0,4,3608.0,3615.0,3624.0,3608.0,19.0,687460.0,6225
2023-05-10 21:06:17,rb2403,rb2403,3623.0,0.0,0.0,0.0,15,3622.0,3627.0,4,3608.0,3615.0,3624.0,3608.0,19.0,687460.0,6225
2023-05-10 21:06:20,rb2403,rb2403,3623.0,0.0,0.0,0.0,11,3622.0,3627.0,4,3608.0,3615.0,3624.0,3608.0,19.0,687460.0,6225
2023-05-10 21:06:20,rb2403,rb2403,3623.0,0.0,0.0,0.0,10,3622.0,3627.0,4,3608.0,3615.0,3624.0,3608.0,19.0,687460.0,6225
2023-05-10 21:06:25,rb2403,rb2403,3623.0,0.0,0.0,0.0,10,3622.0,3627.0,4,3608.0,3615.0,3624.0,3608.0,19.0,687460.0,6225
2023-05-10 21:06:26,rb2403,rb2403,3623.0,0.0,0.0,0.0,1,3616.0,3627.0,4,3608.0,3615.0,3624.0,3608.0,19.0,687460.0,6225
2023-05-10 21:06:27,rb2403,rb2403,3623.0,0.0,0.0,0.0,15,3617.0,3626.0,1,3608.0,3615.0,3624.0,3608.0,19.0,687460.0,6225
2023-05-10 21:06:27,rb2403,rb2403,3623.0,0.0,0.0,0.0,15,3617.0,3627.0,5,3608.0,3615.0,3624.0,3608.0,19.0,687460.0,6225
2023-05-10 21:06:28,rb2403,rb2403,3623.0,0.0,0.0,0.0,15,3617.0,3627.0,3,3608.0,3615.0,3624.0,3608.0,19.0,687460.0,6225
2023-05-10 21:06:28,rb2403,rb2403,3623.0,0.0,0.0,0.0,15,3617.0,3626.0,3,3608.0,3615.0,3624.0,3608.0,19.0,687460.0,6225
2023-05-10 21:06:29,rb2403,rb2403,3623.0,0.0,0.0,0.0,15,3617.0,3626.0,3,3608.0,3615.0,3624.0,3608.0,19.0,687460.0,6225
2023-05-10 21:06:30,rb2403,rb2403,3623.0,0.0,0.0,0.0,2,3618.0,3626.0,3,3608.0,3615.0,3624.0,3608.0,19.0,687460.0,6225
2023-05-10 21:06:30,rb2403,rb2403,3623.0,0.0,0.0,0.0,1,3618.0,3626.0,3,3608.0,3615.0,3624.0,3608.0,19.0,687460.0,6225
2023-05-10 21:06:31,rb2403,rb2403,3623.0,0.0,0.0,0.0,14,3619.0,3626.0,3,3608.0,3615.0,3624.0,3608.0,19.0,687460.0,6225
2023-05-10 21:06:31,rb2403,rb2403,3623.0,0.0,0.0,0.0,15,3619.0,3626.0,3,3608.0,3615.0,3624.0,3608.0,19.0,687460.0,6225
2023-05-10 21:06:32,rb2403,rb2403,3623.0,0.0,0.0,0.0,15,3619.0,3625.0,1,3608.0,3615.0,3624.0,3608.0,19.0,687460.0,6225
2023-05-10 21:06:32,rb2403,rb2403,3623.0,0.0,0.0,0.0,11,3619.0,3626.0,4,3608.0,3615.0,3624.0,3608.0,19.0,687460.0,6225
2023-05-10 21:06:33,rb2403,rb2403,3623.0,0.0,0.0,0.0,10,3619.0,3626.0,2,3608.0,3615.0,3624.0,3608.0,19.0,687460.0,6225
2023-05-10 21:06:33,rb2403,rb2403,3623.0,0.0,0.0,0.0,10,3619.0,3625.0,3,3608.0,3615.0,3624.0,3608.0,19.0,687460.0,6225
2023-05-10 21:06:34,rb2403,rb2403,3623.0,0.0,0.0,0.0,10,3619.0,3625.0,3,3608.0,3615.0,3624.0,3608.0,19.0,687460.0,6225
2023-05-10 21:06:36,rb2403,rb2403,3623.0,0.0,0.0,0.0,5,3620.0,3625.0,3,3608.0,3615.0,3624.0,3608.0,19.0,687460.0,6225
2023-05-10 21:06:36,rb2403,rb2403,3623.0,0.0,0.0,0.0,5,3620.0,3625.0,3,3608.0,3615.0,3624.0,3608.0,19.0,687460.0,6225
2023-05-10 21:06:37,rb2403,rb2403,3623.0,0.0,0.0,0.0,10,3621.0,3625.0,3,3608.0,3615.0,3624.0,3608.0,19.0,687460.0,6225
2023-05-10 21:06:37,rb2403,rb2403,3623.0,0.0,0.0,0.0,10,3621.0,3625.0,3,3608.0,3615.0,3624.0,3608.0,19.0,687460.0,6225
2023-05-10 21:06:47,rb2403,rb2403,3623.0,0.0,0.0,0.0,10,3621.0,3625.0,3,3608.0,3615.0,3624.0,3608.0,19.0,687460.0,6225
2023-05-10 21:06:47,rb2403,rb2403,3623.0,0.0,0.0,0.0,10,3621.0,3625.0,4,3608.0,3615.0,3624.0,3608.0,19.0,687460.0,6225
2023-05-10 21:06:55,rb2403,rb2403,3623.0,0.0,0.0,0.0,10,3621.0,3625.0,3,3608.0,3615.0,3624.0,3608.0,19.0,687460.0,6225
2023-05-10 21:06:56,rb2403,rb2403,3623.0,0.0,0.0,0.0,10,3621.0,3625.0,4,3608.0,3615.0,3624.0,3608.0,19.0,687460.0,6225
2023-05-10 21:06:58,rb2403,rb2403,3623.0,0.0,0.0,0.0,10,3621.0,3625.0,3,3608.0,3615.0,3624.0,3608.0,19.0,687460.0,6225
2023-05-10 21:06:59,rb2403,rb2403,3623.0,0.0,0.0,0.0,10,3621.0,3624.0,1,3608.0,3615.0,3624.0,3608.0,19.0,687460.0,6225
2023-05-10 21:07:00,rb2403,rb2403,3623.0,0.0,0.0,0.0,10,3621.0,3624.0,1,3608.0,3615.0,3624.0,3608.0,19.0,687460.0,6225
2023-05-10 21:07:00,rb2403,rb2403,3623.0,0.0,0.0,0.0,10,3621.0,3624.0,4,3608.0,3615.0,3624.0,3608.0,19.0,687460.0,6225
2023-05-10 21:07:08,rb2403,rb2403,3623.0,0.0,0.0,0.0,10,3621.0,3624.0,4,3608.0,3615.0,3624.0,3608.0,19.0,687460.0,6225
2023-05-10 21:07:14,rb2403,rb2403,3623.0,0.0,0.0,0.0,5,3622.0,3624.0,3,3608.0,3615.0,3624.0,3608.0,19.0,687460.0,6225
2023-05-10 21:07:15,rb2403,rb2403,3623.0,0.0,0.0,0.0,5,3622.0,3623.0,1,3608.0,3615.0,3624.0,3608.0,19.0,687460.0,6225
2023-05-10 21:07:15,rb2403,rb2403,3623.0,0.0,0.0,0.0,3,3622.0,3623.0,1,3608.0,3615.0,3624.0,3608.0,19.0,687460.0,6225
2023-05-10 21:07:16,rb2403,rb2403,3623.0,0.0,0.0,0.0,1,3618.0,3623.0,1,3608.0,3615.0,3624.0,3608.0,19.0,687460.0,6225
2023-05-10 21:07:16,rb2403,rb2403,3623.0,1.0,36230.0,1.0,4,3623.0,3624.0,3,3608.0,3615.0,3624.0,3608.0,20.0,723690.0,6226
2023-05-10 21:07:17,rb2403,rb2403,3623.0,0.0,0.0,0.0,4,3623.0,3628.0,2,3608.0,3615.0,3624.0,3608.0,20.0,723690.0,6226
2023-05-10 21:07:17,rb2403,rb2403,3623.0,0.0,0.0,0.0,4,3623.0,3628.0,2,3608.0,3615.0,3624.0,3608.0,20.0,723690.0,6226
2023-05-10 21:07:18,rb2403,rb2403,3623.0,0.0,0.0,0.0,4,3623.0,3627.0,3,3608.0,3615.0,3624.0,3608.0,20.0,723690.0,6226
2023-05-10 21:07:21,rb2403,rb2403,3623.0,0.0,0.0,0.0,6,3624.0,3627.0,3,3608.0,3615.0,3624.0,3608.0,20.0,723690.0,6226
2023-05-10 21:07:21,rb2403,rb2403,3623.0,0.0,0.0,0.0,6,3624.0,3627.0,3,3608.0,3615.0,3624.0,3608.0,20.0,723690.0,6226
2023-05-10 21:07:29,rb2403,rb2403,3623.0,0.0,0.0,0.0,6,3624.0,3627.0,3,3608.0,3615.0,3624.0,3608.0,20.0,723690.0,6226
2023-05-10 21:07:30,rb2403,rb2403,3623.0,0.0,0.0,0.0,4,3625.0,3627.0,3,3608.0,3615.0,3624.0,3608.0,20.0,723690.0,6226
2023-05-10 21:07:30,rb2403,rb2403,3623.0,0.0,0.0,0.0,4,3625.0,3628.0,1,3608.0,3615.0,3624.0,3608.0,20.0,723690.0,6226
2023-05-10 21:07:31,rb2403,rb2403,3623.0,0.0,0.0,0.0,4,3625.0,3628.0,4,3608.0,3615.0,3624.0,3608.0,20.0,723690.0,6226
2023-05-10 21:07:34,rb2403,rb2403,3623.0,0.0,0.0,0.0,6,3626.0,3628.0,4,3608.0,3615.0,3624.0,3608.0,20.0,723690.0,6226
2023-05-10 21:07:34,rb2403,rb2403,3623.0,0.0,0.0,0.0,6,3626.0,3628.0,1,3608.0,3615.0,3624.0,3608.0,20.0,723690.0,6226
2023-05-10 21:07:37,rb2403,rb2403,3623.0,0.0,0.0,0.0,2,3617.0,3628.0,1,3608.0,3615.0,3624.0,3608.0,20.0,723690.0,6226
2023-05-10 21:07:37,rb2403,rb2403,3623.0,0.0,0.0,0.0,1,3622.0,3628.0,4,3608.0,3615.0,3624.0,3608.0,20.0,723690.0,6226
2023-05-10 21:07:38,rb2403,rb2403,3623.0,0.0,0.0,0.0,1,3623.0,3628.0,4,3608.0,3615.0,3624.0,3608.0,20.0,723690.0,6226
2023-05-10 21:07:38,rb2403,rb2403,3623.0,0.0,0.0,0.0,1,3623.0,3628.0,1,3608.0,3615.0,3624.0,3608.0,20.0,723690.0,6226
2023-05-10 21:07:39,rb2403,rb2403,3623.0,0.0,0.0,0.0,3,3624.0,3628.0,1,3608.0,3615.0,3624.0,3608.0,20.0,723690.0,6226
2023-05-10 21:07:39,rb2403,rb2403,3623.0,0.0,0.0,0.0,11,3625.0,3628.0,1,3608.0,3615.0,3624.0,3608.0,20.0,723690.0,6226
2023-05-10 21:07:40,rb2403,rb2403,3623.0,0.0,0.0,0.0,11,3625.0,3628.0,1,3608.0,3615.0,3624.0,3608.0,20.0,723690.0,6226
2023-05-10 21:07:41,rb2403,rb2403,3623.0,0.0,0.0,0.0,2,3626.0,3628.0,1,3608.0,3615.0,3624.0,3608.0,20.0,723690.0,6226
2023-05-10 21:07:41,rb2403,rb2403,3623.0,0.0,0.0,0.0,2,3626.0,3628.0,4,3608.0,3615.0,3624.0,3608.0,20.0,723690.0,6226
2023-05-10 21:07:43,rb2403,rb2403,3623.0,0.0,0.0,0.0,2,3626.0,3628.0,1,3608.0,3615.0,3624.0,3608.0,20.0,723690.0,6226
2023-05-10 21:07:45,rb2403,rb2403,3623.0,0.0,0.0,0.0,8,3627.0,3628.0,1,3608.0,3615.0,3624.0,3608.0,20.0,723690.0,6226
2023-05-10 21:07:45,rb2403,rb2403,3627.0,1.0,36270.0,0.0,7,3627.0,3628.0,1,3608.0,3615.0,3627.0,3608.0,21.0,759960.0,6226
2023-05-10 21:07:46,rb2403,rb2403,3627.0,2.0,72540.0,0.0,5,3627.0,3628.0,1,3608.0,3615.0,3627.0,3608.0,23.0,832500.0,6226
2023-05-10 21:07:46,rb2403,rb2403,3627.0,0.0,0.0,0.0,1,3623.0,3628.0,4,3608.0,3615.0,3627.0,3608.0,23.0,832500.0,6226
2023-05-10 21:07:47,rb2403,rb2403,3627.0,0.0,0.0,0.0,13,3624.0,3628.0,4,3608.0,3615.0,3627.0,3608.0,23.0,832500.0,6226
2023-05-10 21:07:47,rb2403,rb2403,3627.0,0.0,0.0,0.0,14,3624.0,3628.0,1,3608.0,3615.0,3627.0,3608.0,23.0,832500.0,6226
2023-05-10 21:07:52,rb2403,rb2403,3627.0,0.0,0.0,0.0,14,3624.0,3628.0,1,3608.0,3615.0,3627.0,3608.0,23.0,832500.0,6226
2023-05-10 21:07:53,rb2403,rb2403,3627.0,0.0,0.0,0.0,15,3624.0,3628.0,1,3608.0,3615.0,3627.0,3608.0,23.0,832500.0,6226
2023-05-10 21:07:54,rb2403,rb2403,3627.0,0.0,0.0,0.0,15,3624.0,3627.0,1,3608.0,3615.0,3627.0,3608.0,23.0,832500.0,6226
2023-05-10 21:07:55,rb2403,rb2403,3627.0,1.0,36270.0,-1.0,14,3624.0,3628.0,1,3608.0,3615.0,3627.0,3608.0,24.0,868770.0,6225
2023-05-10 21:07:55,rb2403,rb2403,3627.0,0.0,0.0,0.0,1,3625.0,3628.0,1,3608.0,3615.0,3627.0,3608.0,24.0,868770.0,6225
2023-05-10 21:07:56,rb2403,rb2403,3627.0,0.0,0.0,0.0,1,3625.0,3628.0,1,3608.0,3615.0,3627.0,3608.0,24.0,868770.0,6225
2023-05-10 21:07:56,rb2403,rb2403,3627.0,0.0,0.0,0.0,8,3626.0,3628.0,1,3608.0,3615.0,3627.0,3608.0,24.0,868770.0,6225
2023-05-10 21:07:57,rb2403,rb2403,3627.0,0.0,0.0,0.0,8,3626.0,3628.0,1,3608.0,3615.0,3627.0,3608.0,24.0,868770.0,6225
2023-05-10 21:07:57,rb2403,rb2403,3627.0,0.0,0.0,0.0,1,3627.0,3628.0,1,3608.0,3615.0,3627.0,3608.0,24.0,868770.0,6225
2023-05-10 21:07:58,rb2403,rb2403,3627.0,0.0,0.0,0.0,1,3627.0,3628.0,1,3608.0,3615.0,3627.0,3608.0,24.0,868770.0,6225
2023-05-10 21:08:00,rb2403,rb2403,3627.0,0.0,0.0,0.0,1,3624.0,3628.0,1,3608.0,3615.0,3627.0,3608.0,24.0,868770.0,6225
2023-05-10 21:08:01,rb2403,rb2403,3627.0,0.0,0.0,0.0,14,3625.0,3628.0,1,3608.0,3615.0,3627.0,3608.0,24.0,868770.0,6225
2023-05-10 21:08:02,rb2403,rb2403,3627.0,0.0,0.0,0.0,14,3625.0,3628.0,1,3608.0,3615.0,3627.0,3608.0,24.0,868770.0,6225
2023-05-10 21:08:03,rb2403,rb2403,3627.0,0.0,0.0,0.0,9,3625.0,3628.0,1,3608.0,3615.0,3627.0,3608.0,24.0,868770.0,6225
2023-05-10 21:08:03,rb2403,rb2403,3627.0,0.0,0.0,0.0,9,3625.0,3628.0,4,3608.0,3615.0,3627.0,3608.0,24.0,868770.0,6225
2023-05-10 21:08:09,rb2403,rb2403,3627.0,0.0,0.0,0.0,9,3625.0,3628.0,1,3608.0,3615.0,3627.0,3608.0,24.0,868770.0,6225
2023-05-10 21:08:10,rb2403,rb2403,3627.0,0.0,0.0,0.0,9,3625.0,3628.0,4,3608.0,3615.0,3627.0,3608.0,24.0,868770.0,6225
2023-05-10 21:08:10,rb2403,rb2403,3627.0,0.0,0.0,0.0,9,3625.0,3628.0,4,3608.0,3615.0,3627.0,3608.0,24.0,868770.0,6225
2023-05-10 21:08:16,rb2403,rb2403,3627.0,0.0,0.0,0.0,1,3622.0,3628.0,4,3608.0,3615.0,3627.0,3608.0,24.0,868770.0,6225
2023-05-10 21:08:16,rb2403,rb2403,3627.0,0.0,0.0,0.0,14,3623.0,3628.0,4,3608.0,3615.0,3627.0,3608.0,24.0,868770.0,6225
2023-05-10 21:08:22,rb2403,rb2403,3627.0,0.0,0.0,0.0,14,3623.0,3628.0,5,3608.0,3615.0,3627.0,3608.0,24.0,868770.0,6225
2023-05-10 21:08:24,rb2403,rb2403,3627.0,0.0,0.0,0.0,14,3623.0,3628.0,4,3608.0,3615.0,3627.0,3608.0,24.0,868770.0,6225
2023-05-10 21:08:25,rb2403,rb2403,3627.0,0.0,0.0,0.0,14,3623.0,3628.0,5,3608.0,3615.0,3627.0,3608.0,24.0,868770.0,6225
2023-05-10 21:08:26,rb2403,rb2403,3627.0,0.0,0.0,0.0,9,3623.0,3628.0,2,3608.0,3615.0,3627.0,3608.0,24.0,868770.0,6225
2023-05-10 21:08:27,rb2403,rb2403,3627.0,0.0,0.0,0.0,9,3623.0,3627.0,3,3608.0,3615.0,3627.0,3608.0,24.0,868770.0,6225
2023-05-10 21:08:27,rb2403,rb2403,3627.0,0.0,0.0,0.0,9,3623.0,3627.0,3,3608.0,3615.0,3627.0,3608.0,24.0,868770.0,6225
2023-05-10 21:08:29,rb2403,rb2403,3627.0,0.0,0.0,0.0,5,3624.0,3627.0,3,3608.0,3615.0,3627.0,3608.0,24.0,868770.0,6225
2023-05-10 21:08:29,rb2403,rb2403,3627.0,0.0,0.0,0.0,5,3624.0,3628.0,1,3608.0,3615.0,3627.0,3608.0,24.0,868770.0,6225
2023-05-10 21:08:30,rb2403,rb2403,3627.0,0.0,0.0,0.0,5,3624.0,3627.0,3,3608.0,3615.0,3627.0,3608.0,24.0,868770.0,6225
2023-05-10 21:08:30,rb2403,rb2403,3627.0,0.0,0.0,0.0,1,3621.0,3627.0,3,3608.0,3615.0,3627.0,3608.0,24.0,868770.0,6225
2023-05-10 21:08:31,rb2403,rb2403,3627.0,0.0,0.0,0.0,14,3622.0,3627.0,3,3608.0,3615.0,3627.0,3608.0,24.0,868770.0,6225
2023-05-10 21:08:32,rb2403,rb2403,3627.0,0.0,0.0,0.0,14,3622.0,3627.0,3,3608.0,3615.0,3627.0,3608.0,24.0,868770.0,6225
2023-05-10 21:08:32,rb2403,rb2403,3627.0,0.0,0.0,0.0,9,3622.0,3627.0,3,3608.0,3615.0,3627.0,3608.0,24.0,868770.0,6225
2023-05-10 21:08:33,rb2403,rb2403,3627.0,0.0,0.0,0.0,9,3622.0,3627.0,4,3608.0,3615.0,3627.0,3608.0,24.0,868770.0,6225
2023-05-10 21:08:41,rb2403,rb2403,3627.0,0.0,0.0,0.0,9,3622.0,3627.0,3,3608.0,3615.0,3627.0,3608.0,24.0,868770.0,6225
2023-05-10 21:08:43,rb2403,rb2403,3627.0,0.0,0.0,0.0,9,3622.0,3627.0,3,3608.0,3615.0,3627.0,3608.0,24.0,868770.0,6225
2023-05-10 21:08:43,rb2403,rb2403,3627.0,0.0,0.0,0.0,5,3623.0,3627.0,3,3608.0,3615.0,3627.0,3608.0,24.0,868770.0,6225
2023-05-10 21:08:44,rb2403,rb2403,3627.0,0.0,0.0,0.0,5,3623.0,3628.0,1,3608.0,3615.0,3627.0,3608.0,24.0,868770.0,6225
2023-05-10 21:08:44,rb2403,rb2403,3627.0,0.0,0.0,0.0,9,3624.0,3628.0,2,3608.0,3615.0,3627.0,3608.0,24.0,868770.0,6225
2023-05-10 21:08:45,rb2403,rb2403,3627.0,0.0,0.0,0.0,9,3624.0,3628.0,2,3608.0,3615.0,3627.0,3608.0,24.0,868770.0,6225
2023-05-10 21:08:46,rb2403,rb2403,3627.0,0.0,0.0,0.0,9,3624.0,3627.0,1,3608.0,3615.0,3627.0,3608.0,24.0,868770.0,6225
2023-05-10 21:08:47,rb2403,rb2403,3627.0,0.0,0.0,0.0,1,3621.0,3628.0,2,3608.0,3615.0,3627.0,3608.0,24.0,868770.0,6225
2023-05-10 21:08:47,rb2403,rb2403,3627.0,0.0,0.0,0.0,9,3622.0,3627.0,3,3608.0,3615.0,3627.0,3608.0,24.0,868770.0,6225
2023-05-10 21:08:48,rb2403,rb2403,3627.0,0.0,0.0,0.0,9,3622.0,3627.0,3,3608.0,3615.0,3627.0,3608.0,24.0,868770.0,6225
2023-05-10 21:08:48,rb2403,rb2403,3627.0,0.0,0.0,0.0,9,3622.0,3626.0,1,3608.0,3615.0,3627.0,3608.0,24.0,868770.0,6225
2023-05-10 21:08:51,rb2403,rb2403,3627.0,0.0,0.0,0.0,9,3622.0,3627.0,3,3608.0,3615.0,3627.0,3608.0,24.0,868770.0,6225
2023-05-10 21:08:52,rb2403,rb2403,3627.0,0.0,0.0,0.0,9,3622.0,3627.0,4,3608.0,3615.0,3627.0,3608.0,24.0,868770.0,6225
2023-05-10 21:08:52,rb2403,rb2403,3627.0,0.0,0.0,0.0,9,3622.0,3626.0,1,3608.0,3615.0,3627.0,3608.0,24.0,868770.0,6225
2023-05-10 21:08:53,rb2403,rb2403,3627.0,0.0,0.0,0.0,9,3622.0,3627.0,4,3608.0,3615.0,3627.0,3608.0,24.0,868770.0,6225
2023-05-10 21:08:53,rb2403,rb2403,3627.0,0.0,0.0,0.0,9,3622.0,3627.0,2,3608.0,3615.0,3627.0,3608.0,24.0,868770.0,6225
2023-05-10 21:08:54,rb2403,rb2403,3627.0,0.0,0.0,0.0,9,3622.0,3626.0,3,3608.0,3615.0,3627.0,3608.0,24.0,868770.0,6225
2023-05-10 21:08:54,rb2403,rb2403,3627.0,0.0,0.0,0.0,9,3622.0,3626.0,3,3608.0,3615.0,3627.0,3608.0,24.0,868770.0,6225
2023-05-10 21:09:00,rb2403,rb2403,3627.0,0.0,0.0,0.0,5,3623.0,3626.0,3,3608.0,3615.0,3627.0,3608.0,24.0,868770.0,6225
2023-05-10 21:09:01,rb2403,rb2403,3627.0,0.0,0.0,0.0,5,3623.0,3626.0,1,3608.0,3615.0,3627.0,3608.0,24.0,868770.0,6225
2023-05-10 21:09:01,rb2403,rb2403,3627.0,0.0,0.0,0.0,5,3623.0,3625.0,1,3608.0,3615.0,3627.0,3608.0,24.0,868770.0,6225
2023-05-10 21:09:02,rb2403,rb2403,3627.0,0.0,0.0,0.0,1,3619.0,3625.0,1,3608.0,3615.0,3627.0,3608.0,24.0,868770.0,6225
2023-05-10 21:09:02,rb2403,rb2403,3627.0,0.0,0.0,0.0,14,3620.0,3625.0,1,3608.0,3615.0,3627.0,3608.0,24.0,868770.0,6225
2023-05-10 21:09:03,rb2403,rb2403,3627.0,0.0,0.0,0.0,14,3620.0,3624.0,3,3608.0,3615.0,3627.0,3608.0,24.0,868770.0,6225
2023-05-10 21:09:03,rb2403,rb2403,3627.0,0.0,0.0,0.0,14,3620.0,3624.0,3,3608.0,3615.0,3627.0,3608.0,24.0,868770.0,6225
2023-05-10 21:09:04,rb2403,rb2403,3627.0,0.0,0.0,0.0,9,3620.0,3624.0,3,3608.0,3615.0,3627.0,3608.0,24.0,868770.0,6225
2023-05-10 21:09:05,rb2403,rb2403,3627.0,0.0,0.0,0.0,9,3620.0,3624.0,3,3608.0,3615.0,3627.0,3608.0,24.0,868770.0,6225
2023-05-10 21:09:05,rb2403,rb2403,3627.0,0.0,0.0,0.0,9,3620.0,3624.0,3,3608.0,3615.0,3627.0,3608.0,24.0,868770.0,6225
2023-05-10 21:09:08,rb2403,rb2403,3627.0,0.0,0.0,0.0,1,3617.0,3624.0,3,3608.0,3615.0,3627.0,3608.0,24.0,868770.0,6225
2023-05-10 21:09:09,rb2403,rb2403,3627.0,0.0,0.0,0.0,14,3618.0,3624.0,3,3608.0,3615.0,3627.0,3608.0,24.0,868770.0,6225
2023-05-10 21:09:09,rb2403,rb2403,3627.0,0.0,0.0,0.0,14,3618.0,3624.0,3,3608.0,3615.0,3627.0,3608.0,24.0,868770.0,6225
2023-05-10 21:09:11,rb2403,rb2403,3627.0,0.0,0.0,0.0,9,3618.0,3624.0,3,3608.0,3615.0,3627.0,3608.0,24.0,868770.0,6225
2023-05-10 21:09:12,rb2403,rb2403,3627.0,0.0,0.0,0.0,9,3618.0,3624.0,3,3608.0,3615.0,3627.0,3608.0,24.0,868770.0,6225
2023-05-10 21:09:13,rb2403,rb2403,3627.0,0.0,0.0,0.0,9,3618.0,3624.0,3,3608.0,3615.0,3627.0,3608.0,24.0,868770.0,6225
2023-05-10 21:09:13,rb2403,rb2403,3627.0,0.0,0.0,0.0,1,3616.0,3624.0,3,3608.0,3615.0,3627.0,3608.0,24.0,868770.0,6225
2023-05-10 21:09:14,rb2403,rb2403,3627.0,0.0,0.0,0.0,9,3617.0,3624.0,4,3608.0,3615.0,3627.0,3608.0,24.0,868770.0,6225
2023-05-10 21:09:14,rb2403,rb2403,3627.0,0.0,0.0,0.0,12,3617.0,3624.0,4,3608.0,3615.0,3627.0,3608.0,24.0,868770.0,6225
2023-05-10 21:09:16,rb2403,rb2403,3627.0,0.0,0.0,0.0,2,3618.0,3624.0,3,3608.0,3615.0,3627.0,3608.0,24.0,868770.0,6225
2023-05-10 21:09:16,rb2403,rb2403,3627.0,0.0,0.0,0.0,2,3618.0,3624.0,3,3608.0,3615.0,3627.0,3608.0,24.0,868770.0,6225
2023-05-10 21:09:17,rb2403,rb2403,3627.0,0.0,0.0,0.0,1,3618.0,3624.0,5,3608.0,3615.0,3627.0,3608.0,24.0,868770.0,6225
2023-05-10 21:09:17,rb2403,rb2403,3627.0,0.0,0.0,0.0,1,3616.0,3624.0,5,3608.0,3615.0,3627.0,3608.0,24.0,868770.0,6225
2023-05-10 21:09:18,rb2403,rb2403,3627.0,0.0,0.0,0.0,14,3617.0,3624.0,5,3608.0,3615.0,3627.0,3608.0,24.0,868770.0,6225
2023-05-10 21:09:19,rb2403,rb2403,3627.0,0.0,0.0,0.0,14,3617.0,3624.0,3,3608.0,3615.0,3627.0,3608.0,24.0,868770.0,6225
2023-05-10 21:09:23,rb2403,rb2403,3627.0,0.0,0.0,0.0,14,3617.0,3624.0,4,3608.0,3615.0,3627.0,3608.0,24.0,868770.0,6225
2023-05-10 21:09:27,rb2403,rb2403,3627.0,0.0,0.0,0.0,1,3618.0,3624.0,4,3608.0,3615.0,3627.0,3608.0,24.0,868770.0,6225
2023-05-10 21:09:27,rb2403,rb2403,3627.0,0.0,0.0,0.0,1,3618.0,3624.0,4,3608.0,3615.0,3627.0,3608.0,24.0,868770.0,6225
2023-05-10 21:09:28,rb2403,rb2403,3627.0,0.0,0.0,0.0,14,3619.0,3624.0,4,3608.0,3615.0,3627.0,3608.0,24.0,868770.0,6225
2023-05-10 21:09:36,rb2403,rb2403,3627.0,0.0,0.0,0.0,14,3619.0,3624.0,3,3608.0,3615.0,3627.0,3608.0,24.0,868770.0,6225
2023-05-10 21:09:39,rb2403,rb2403,3627.0,0.0,0.0,0.0,14,3619.0,3624.0,3,3608.0,3615.0,3627.0,3608.0,24.0,868770.0,6225
2023-05-10 21:09:41,rb2403,rb2403,3627.0,0.0,0.0,0.0,9,3619.0,3624.0,3,3608.0,3615.0,3627.0,3608.0,24.0,868770.0,6225
2023-05-10 21:09:42,rb2403,rb2403,3627.0,0.0,0.0,0.0,9,3619.0,3624.0,3,3608.0,3615.0,3627.0,3608.0,24.0,868770.0,6225
2023-05-10 21:09:42,rb2403,rb2403,3627.0,0.0,0.0,0.0,9,3619.0,3624.0,3,3608.0,3615.0,3627.0,3608.0,24.0,868770.0,6225
2023-05-10 21:09:43,rb2403,rb2403,3627.0,0.0,0.0,0.0,9,3619.0,3624.0,3,3608.0,3615.0,3627.0,3608.0,24.0,868770.0,6225
2023-05-10 21:09:50,rb2403,rb2403,3627.0,0.0,0.0,0.0,1,3616.0,3624.0,5,3608.0,3615.0,3627.0,3608.0,24.0,868770.0,6225
2023-05-10 21:09:50,rb2403,rb2403,3627.0,0.0,0.0,0.0,14,3617.0,3624.0,3,3608.0,3615.0,3627.0,3608.0,24.0,868770.0,6225
2023-05-10 21:10:20,rb2403,rb2403,3627.0,0.0,0.0,0.0,14,3617.0,3624.0,4,3608.0,3615.0,3627.0,3608.0,24.0,868770.0,6225
2023-05-10 21:10:30,rb2403,rb2403,3627.0,0.0,0.0,0.0,14,3617.0,3623.0,1,3608.0,3615.0,3627.0,3608.0,24.0,868770.0,6225
2023-05-10 21:10:31,rb2403,rb2403,3627.0,0.0,0.0,0.0,14,3617.0,3623.0,1,3608.0,3615.0,3627.0,3608.0,24.0,868770.0,6225
2023-05-10 21:10:32,rb2403,rb2403,3627.0,0.0,0.0,0.0,14,3617.0,3622.0,3,3608.0,3615.0,3627.0,3608.0,24.0,868770.0,6225
2023-05-10 21:10:32,rb2403,rb2403,3627.0,0.0,0.0,0.0,14,3617.0,3622.0,3,3608.0,3615.0,3627.0,3608.0,24.0,868770.0,6225
2023-05-10 21:10:41,rb2403,rb2403,3627.0,0.0,0.0,0.0,14,3617.0,3625.0,1,3608.0,3615.0,3627.0,3608.0,24.0,868770.0,6225
2023-05-10 21:10:42,rb2403,rb2403,3627.0,0.0,0.0,0.0,14,3617.0,3625.0,2,3608.0,3615.0,3627.0,3608.0,24.0,868770.0,6225
2023-05-10 21:10:42,rb2403,rb2403,3627.0,0.0,0.0,0.0,14,3617.0,3624.0,3,3608.0,3615.0,3627.0,3608.0,24.0,868770.0,6225
2023-05-10 21:10:43,rb2403,rb2403,3627.0,0.0,0.0,0.0,14,3617.0,3624.0,4,3608.0,3615.0,3627.0,3608.0,24.0,868770.0,6225
2023-05-10 21:10:44,rb2403,rb2403,3627.0,0.0,0.0,0.0,14,3617.0,3624.0,3,3608.0,3615.0,3627.0,3608.0,24.0,868770.0,6225
2023-05-10 21:10:46,rb2403,rb2403,3627.0,0.0,0.0,0.0,1,3618.0,3624.0,3,3608.0,3615.0,3627.0,3608.0,24.0,868770.0,6225
2023-05-10 21:10:47,rb2403,rb2403,3627.0,0.0,0.0,0.0,1,3618.0,3624.0,3,3608.0,3615.0,3627.0,3608.0,24.0,868770.0,6225
2023-05-10 21:10:47,rb2403,rb2403,3627.0,0.0,0.0,0.0,14,3619.0,3624.0,3,3608.0,3615.0,3627.0,3608.0,24.0,868770.0,6225
2023-05-10 21:10:52,rb2403,rb2403,3627.0,0.0,0.0,0.0,14,3619.0,3624.0,4,3608.0,3615.0,3627.0,3608.0,24.0,868770.0,6225
2023-05-10 21:10:53,rb2403,rb2403,3627.0,0.0,0.0,0.0,14,3619.0,3624.0,3,3608.0,3615.0,3627.0,3608.0,24.0,868770.0,6225
2023-05-10 21:10:54,rb2403,rb2403,3627.0,0.0,0.0,0.0,14,3619.0,3624.0,4,3608.0,3615.0,3627.0,3608.0,24.0,868770.0,6225
2023-05-10 21:10:56,rb2403,rb2403,3627.0,0.0,0.0,0.0,14,3619.0,3624.0,3,3608.0,3615.0,3627.0,3608.0,24.0,868770.0,6225
2023-05-10 21:10:58,rb2403,rb2403,3627.0,0.0,0.0,0.0,14,3619.0,3624.0,3,3608.0,3615.0,3627.0,3608.0,24.0,868770.0,6225
2023-05-10 21:11:00,rb2403,rb2403,3627.0,0.0,0.0,0.0,9,3619.0,3624.0,3,3608.0,3615.0,3627.0,3608.0,24.0,868770.0,6225
2023-05-10 21:11:00,rb2403,rb2403,3627.0,0.0,0.0,0.0,9,3619.0,3624.0,4,3608.0,3615.0,3627.0,3608.0,24.0,868770.0,6225
2023-05-10 21:11:01,rb2403,rb2403,3627.0,0.0,0.0,0.0,2,3616.0,3623.0,1,3608.0,3615.0,3627.0,3608.0,24.0,868770.0,6225
2023-05-10 21:11:02,rb2403,rb2403,3627.0,0.0,0.0,0.0,13,3617.0,3623.0,1,3608.0,3615.0,3627.0,3608.0,24.0,868770.0,6225
2023-05-10 21:11:02,rb2403,rb2403,3627.0,0.0,0.0,0.0,14,3617.0,3623.0,1,3608.0,3615.0,3627.0,3608.0,24.0,868770.0,6225
2023-05-10 21:11:03,rb2403,rb2403,3627.0,0.0,0.0,0.0,14,3617.0,3622.0,3,3608.0,3615.0,3627.0,3608.0,24.0,868770.0,6225
2023-05-10 21:11:03,rb2403,rb2403,3627.0,0.0,0.0,0.0,14,3617.0,3622.0,4,3608.0,3615.0,3627.0,3608.0,24.0,868770.0,6225
2023-05-10 21:11:06,rb2403,rb2403,3627.0,0.0,0.0,0.0,9,3617.0,3622.0,3,3608.0,3615.0,3627.0,3608.0,24.0,868770.0,6225
2023-05-10 21:11:07,rb2403,rb2403,3627.0,0.0,0.0,0.0,9,3617.0,3622.0,3,3608.0,3615.0,3627.0,3608.0,24.0,868770.0,6225
2023-05-10 21:11:09,rb2403,rb2403,3627.0,0.0,0.0,0.0,9,3617.0,3622.0,4,3608.0,3615.0,3627.0,3608.0,24.0,868770.0,6225
2023-05-10 21:11:09,rb2403,rb2403,3627.0,0.0,0.0,0.0,9,3617.0,3622.0,3,3608.0,3615.0,3627.0,3608.0,24.0,868770.0,6225
2023-05-10 21:11:12,rb2403,rb2403,3627.0,0.0,0.0,0.0,9,3617.0,3622.0,4,3608.0,3615.0,3627.0,3608.0,24.0,868770.0,6225
2023-05-10 21:11:12,rb2403,rb2403,3627.0,0.0,0.0,0.0,9,3617.0,3621.0,1,3608.0,3615.0,3627.0,3608.0,24.0,868770.0,6225
2023-05-10 21:11:13,rb2403,rb2403,3627.0,0.0,0.0,0.0,9,3617.0,3621.0,1,3608.0,3615.0,3627.0,3608.0,24.0,868770.0,6225
2023-05-10 21:11:13,rb2403,rb2403,3627.0,0.0,0.0,0.0,1,3616.0,3620.0,1,3608.0,3615.0,3627.0,3608.0,24.0,868770.0,6225
2023-05-10 21:11:14,rb2403,rb2403,3627.0,0.0,0.0,0.0,1,3616.0,3620.0,4,3608.0,3615.0,3627.0,3608.0,24.0,868770.0,6225
2023-05-10 21:11:14,rb2403,rb2403,3627.0,0.0,0.0,0.0,1,3616.0,3620.0,5,3608.0,3615.0,3627.0,3608.0,24.0,868770.0,6225
2023-05-10 21:11:15,rb2403,rb2403,3627.0,0.0,0.0,0.0,1,3616.0,3620.0,5,3608.0,3615.0,3627.0,3608.0,24.0,868770.0,6225
2023-05-10 21:11:15,rb2403,rb2403,3627.0,0.0,0.0,0.0,1,3616.0,3620.0,5,3608.0,3615.0,3627.0,3608.0,24.0,868770.0,6225
2023-05-10 21:11:16,rb2403,rb2403,3627.0,0.0,0.0,0.0,1,3616.0,3620.0,5,3608.0,3615.0,3627.0,3608.0,24.0,868770.0,6225
2023-05-10 21:11:16,rb2403,rb2403,3627.0,0.0,0.0,0.0,1,3616.0,3620.0,5,3608.0,3615.0,3627.0,3608.0,24.0,868770.0,6225
2023-05-10 21:11:17,rb2403,rb2403,3627.0,0.0,0.0,0.0,1,3616.0,3619.0,1,3608.0,3615.0,3627.0,3608.0,24.0,868770.0,6225
2023-05-10 21:11:17,rb2403,rb2403,3627.0,0.0,0.0,0.0,1,3616.0,3618.0,1,3608.0,3615.0,3627.0,3608.0,24.0,868770.0,6225
2023-05-10 21:11:18,rb2403,rb2403,3627.0,0.0,0.0,0.0,1,3616.0,3618.0,1,3608.0,3615.0,3627.0,3608.0,24.0,868770.0,6225
2023-05-10 21:11:18,rb2403,rb2403,3627.0,0.0,0.0,0.0,1,3616.0,3618.0,4,3608.0,3615.0,3627.0,3608.0,24.0,868770.0,6225
2023-05-10 21:11:20,rb2403,rb2403,3627.0,0.0,0.0,0.0,1,3616.0,3618.0,5,3608.0,3615.0,3627.0,3608.0,24.0,868770.0,6225
2023-05-10 21:11:22,rb2403,rb2403,3627.0,0.0,0.0,0.0,1,3616.0,3618.0,3,3608.0,3615.0,3627.0,3608.0,24.0,868770.0,6225
2023-05-10 21:11:22,rb2403,rb2403,3627.0,0.0,0.0,0.0,1,3616.0,3618.0,3,3608.0,3615.0,3627.0,3608.0,24.0,868770.0,6225
2023-05-10 21:11:23,rb2403,rb2403,3627.0,0.0,0.0,0.0,1,3616.0,3618.0,3,3608.0,3615.0,3627.0,3608.0,24.0,868770.0,6225
2023-05-10 21:11:23,rb2403,rb2403,3627.0,0.0,0.0,0.0,1,3616.0,3618.0,3,3608.0,3615.0,3627.0,3608.0,24.0,868770.0,6225
2023-05-10 21:11:24,rb2403,rb2403,3627.0,0.0,0.0,0.0,1,3616.0,3618.0,3,3608.0,3615.0,3627.0,3608.0,24.0,868770.0,6225
2023-05-10 21:11:51,rb2403,rb2403,3627.0,0.0,0.0,0.0,1,3616.0,3618.0,4,3608.0,3615.0,3627.0,3608.0,24.0,868770.0,6225
2023-05-10 21:11:52,rb2403,rb2403,3616.0,1.0,36160.0,1.0,2,3611.0,3617.0,1,3608.0,3615.0,3627.0,3608.0,25.0,904930.0,6226
2023-05-10 21:11:53,rb2403,rb2403,3616.0,0.0,0.0,0.0,14,3612.0,3617.0,1,3608.0,3615.0,3627.0,3608.0,25.0,904930.0,6226
2023-05-10 21:11:53,rb2403,rb2403,3616.0,0.0,0.0,0.0,14,3612.0,3617.0,1,3608.0,3615.0,3627.0,3608.0,25.0,904930.0,6226
2023-05-10 21:11:54,rb2403,rb2403,3616.0,0.0,0.0,0.0,14,3612.0,3616.0,3,3608.0,3615.0,3627.0,3608.0,25.0,904930.0,6226
2023-05-10 21:11:54,rb2403,rb2403,3616.0,0.0,0.0,0.0,9,3612.0,3616.0,3,3608.0,3615.0,3627.0,3608.0,25.0,904930.0,6226
2023-05-10 21:11:55,rb2403,rb2403,3616.0,0.0,0.0,0.0,9,3612.0,3616.0,3,3608.0,3615.0,3627.0,3608.0,25.0,904930.0,6226
2023-05-10 21:11:56,rb2403,rb2403,3616.0,0.0,0.0,0.0,9,3612.0,3616.0,4,3608.0,3615.0,3627.0,3608.0,25.0,904930.0,6226
2023-05-10 21:11:57,rb2403,rb2403,3616.0,0.0,0.0,0.0,9,3612.0,3616.0,4,3608.0,3615.0,3627.0,3608.0,25.0,904930.0,6226
2023-05-10 21:11:58,rb2403,rb2403,3616.0,0.0,0.0,0.0,9,3612.0,3616.0,4,3608.0,3615.0,3627.0,3608.0,25.0,904930.0,6226
2023-05-10 21:12:06,rb2403,rb2403,3616.0,0.0,0.0,0.0,9,3612.0,3616.0,3,3608.0,3615.0,3627.0,3608.0,25.0,904930.0,6226
2023-05-10 21:12:12,rb2403,rb2403,3616.0,0.0,0.0,0.0,9,3612.0,3616.0,3,3608.0,3615.0,3627.0,3608.0,25.0,904930.0,6226
2023-05-10 21:12:19,rb2403,rb2403,3616.0,0.0,0.0,0.0,9,3612.0,3616.0,3,3608.0,3615.0,3627.0,3608.0,25.0,904930.0,6226
2023-05-10 21:12:19,rb2403,rb2403,3616.0,0.0,0.0,0.0,9,3612.0,3616.0,3,3608.0,3615.0,3627.0,3608.0,25.0,904930.0,6226
2023-05-10 21:12:29,rb2403,rb2403,3616.0,0.0,0.0,0.0,1,3610.0,3616.0,3,3608.0,3615.0,3627.0,3608.0,25.0,904930.0,6226
2023-05-10 21:12:29,rb2403,rb2403,3616.0,0.0,0.0,0.0,9,3611.0,3616.0,3,3608.0,3615.0,3627.0,3608.0,25.0,904930.0,6226
2023-05-10 21:12:30,rb2403,rb2403,3616.0,0.0,0.0,0.0,9,3611.0,3616.0,3,3608.0,3615.0,3627.0,3608.0,25.0,904930.0,6226
2023-05-10 21:12:38,rb2403,rb2403,3616.0,0.0,0.0,0.0,9,3611.0,3616.0,3,3608.0,3615.0,3627.0,3608.0,25.0,904930.0,6226
2023-05-10 21:13:00,rb2403,rb2403,3616.0,0.0,0.0,0.0,5,3612.0,3616.0,3,3608.0,3615.0,3627.0,3608.0,25.0,904930.0,6226
2023-05-10 21:13:01,rb2403,rb2403,3616.0,0.0,0.0,0.0,5,3612.0,3618.0,1,3608.0,3615.0,3627.0,3608.0,25.0,904930.0,6226
2023-05-10 21:13:01,rb2403,rb2403,3616.0,0.0,0.0,0.0,5,3612.0,3615.0,3,3608.0,3615.0,3627.0,3608.0,25.0,904930.0,6226
2023-05-10 21:13:02,rb2403,rb2403,3616.0,0.0,0.0,0.0,1,3610.0,3615.0,3,3608.0,3615.0,3627.0,3608.0,25.0,904930.0,6226
2023-05-10 21:13:02,rb2403,rb2403,3616.0,0.0,0.0,0.0,14,3611.0,3615.0,3,3608.0,3615.0,3627.0,3608.0,25.0,904930.0,6226
2023-05-10 21:13:04,rb2403,rb2403,3616.0,0.0,0.0,0.0,15,3611.0,3615.0,3,3608.0,3615.0,3627.0,3608.0,25.0,904930.0,6226
2023-05-10 21:13:04,rb2403,rb2403,3616.0,0.0,0.0,0.0,15,3611.0,3619.0,1,3608.0,3615.0,3627.0,3608.0,25.0,904930.0,6226
2023-05-10 21:13:05,rb2403,rb2403,3616.0,0.0,0.0,0.0,15,3611.0,3618.0,2,3608.0,3615.0,3627.0,3608.0,25.0,904930.0,6226
2023-05-10 21:13:05,rb2403,rb2403,3616.0,0.0,0.0,0.0,15,3611.0,3618.0,5,3608.0,3615.0,3627.0,3608.0,25.0,904930.0,6226
2023-05-10 21:13:10,rb2403,rb2403,3616.0,0.0,0.0,0.0,14,3611.0,3618.0,5,3608.0,3615.0,3627.0,3608.0,25.0,904930.0,6226
2023-05-10 21:13:10,rb2403,rb2403,3616.0,0.0,0.0,0.0,14,3611.0,3618.0,5,3608.0,3615.0,3627.0,3608.0,25.0,904930.0,6226
2023-05-10 21:13:11,rb2403,rb2403,3616.0,0.0,0.0,0.0,14,3611.0,3618.0,6,3608.0,3615.0,3627.0,3608.0,25.0,904930.0,6226
2023-05-10 21:13:18,rb2403,rb2403,3616.0,0.0,0.0,0.0,14,3611.0,3618.0,6,3608.0,3615.0,3627.0,3608.0,25.0,904930.0,6226
2023-05-10 21:13:32,rb2403,rb2403,3616.0,0.0,0.0,0.0,14,3611.0,3617.0,2,3608.0,3615.0,3627.0,3608.0,25.0,904930.0,6226
2023-05-10 21:13:32,rb2403,rb2403,3616.0,0.0,0.0,0.0,14,3611.0,3616.0,3,3608.0,3615.0,3627.0,3608.0,25.0,904930.0,6226
2023-05-10 21:13:33,rb2403,rb2403,3616.0,0.0,0.0,0.0,14,3611.0,3616.0,3,3608.0,3615.0,3627.0,3608.0,25.0,904930.0,6226
2023-05-10 21:13:33,rb2403,rb2403,3616.0,0.0,0.0,0.0,14,3611.0,3615.0,3,3608.0,3615.0,3627.0,3608.0,25.0,904930.0,6226
2023-05-10 21:13:34,rb2403,rb2403,3616.0,0.0,0.0,0.0,14,3611.0,3615.0,4,3608.0,3615.0,3627.0,3608.0,25.0,904930.0,6226
2023-05-10 21:13:38,rb2403,rb2403,3616.0,0.0,0.0,0.0,14,3611.0,3615.0,3,3608.0,3615.0,3627.0,3608.0,25.0,904930.0,6226
2023-05-10 21:13:40,rb2403,rb2403,3616.0,0.0,0.0,0.0,14,3611.0,3615.0,4,3608.0,3615.0,3627.0,3608.0,25.0,904930.0,6226
2023-05-10 21:13:42,rb2403,rb2403,3616.0,0.0,0.0,0.0,14,3611.0,3615.0,1,3608.0,3615.0,3627.0,3608.0,25.0,904930.0,6226
2023-05-10 21:13:46,rb2403,rb2403,3616.0,0.0,0.0,0.0,14,3611.0,3614.0,1,3608.0,3615.0,3627.0,3608.0,25.0,904930.0,6226
2023-05-10 21:13:52,rb2403,rb2403,3616.0,0.0,0.0,0.0,14,3611.0,3617.0,2,3608.0,3615.0,3627.0,3608.0,25.0,904930.0,6226
2023-05-10 21:13:53,rb2403,rb2403,3616.0,0.0,0.0,0.0,14,3611.0,3616.0,1,3608.0,3615.0,3627.0,3608.0,25.0,904930.0,6226
2023-05-10 21:13:53,rb2403,rb2403,3616.0,0.0,0.0,0.0,14,3611.0,3616.0,4,3608.0,3615.0,3627.0,3608.0,25.0,904930.0,6226
2023-05-10 21:14:00,rb2403,rb2403,3616.0,0.0,0.0,0.0,14,3611.0,3615.0,1,3608.0,3615.0,3627.0,3608.0,25.0,904930.0,6226
2023-05-10 21:14:01,rb2403,rb2403,3616.0,0.0,0.0,0.0,14,3611.0,3614.0,1,3608.0,3615.0,3627.0,3608.0,25.0,904930.0,6226
2023-05-10 21:14:01,rb2403,rb2403,3616.0,0.0,0.0,0.0,14,3611.0,3614.0,1,3608.0,3615.0,3627.0,3608.0,25.0,904930.0,6226
2023-05-10 21:14:05,rb2403,rb2403,3616.0,0.0,0.0,0.0,14,3611.0,3616.0,3,3608.0,3615.0,3627.0,3608.0,25.0,904930.0,6226
2023-05-10 21:14:05,rb2403,rb2403,3616.0,0.0,0.0,0.0,14,3611.0,3616.0,4,3608.0,3615.0,3627.0,3608.0,25.0,904930.0,6226
2023-05-10 21:14:08,rb2403,rb2403,3616.0,0.0,0.0,0.0,9,3611.0,3615.0,1,3608.0,3615.0,3627.0,3608.0,25.0,904930.0,6226
2023-05-10 21:14:09,rb2403,rb2403,3616.0,0.0,0.0,0.0,9,3611.0,3616.0,3,3608.0,3615.0,3627.0,3608.0,25.0,904930.0,6226
2023-05-10 21:14:09,rb2403,rb2403,3616.0,0.0,0.0,0.0,9,3611.0,3616.0,4,3608.0,3615.0,3627.0,3608.0,25.0,904930.0,6226
2023-05-10 21:14:10,rb2403,rb2403,3616.0,0.0,0.0,0.0,5,3612.0,3616.0,3,3608.0,3615.0,3627.0,3608.0,25.0,904930.0,6226
2023-05-10 21:14:10,rb2403,rb2403,3616.0,0.0,0.0,0.0,5,3612.0,3616.0,3,3608.0,3615.0,3627.0,3608.0,25.0,904930.0,6226
2023-05-10 21:14:11,rb2403,rb2403,3616.0,0.0,0.0,0.0,9,3613.0,3616.0,3,3608.0,3615.0,3627.0,3608.0,25.0,904930.0,6226
2023-05-10 21:14:11,rb2403,rb2403,3616.0,0.0,0.0,0.0,9,3613.0,3616.0,3,3608.0,3615.0,3627.0,3608.0,25.0,904930.0,6226
2023-05-10 21:14:12,rb2403,rb2403,3616.0,0.0,0.0,0.0,9,3613.0,3616.0,3,3608.0,3615.0,3627.0,3608.0,25.0,904930.0,6226
2023-05-10 21:14:12,rb2403,rb2403,3616.0,0.0,0.0,0.0,9,3613.0,3619.0,1,3608.0,3615.0,3627.0,3608.0,25.0,904930.0,6226
2023-05-10 21:14:13,rb2403,rb2403,3616.0,0.0,0.0,0.0,9,3613.0,3618.0,1,3608.0,3615.0,3627.0,3608.0,25.0,904930.0,6226
2023-05-10 21:14:13,rb2403,rb2403,3616.0,0.0,0.0,0.0,9,3613.0,3618.0,4,3608.0,3615.0,3627.0,3608.0,25.0,904930.0,6226
2023-05-10 21:14:30,rb2403,rb2403,3616.0,0.0,0.0,0.0,9,3613.0,3617.0,1,3608.0,3615.0,3627.0,3608.0,25.0,904930.0,6226
2023-05-10 21:14:31,rb2403,rb2403,3616.0,0.0,0.0,0.0,9,3613.0,3617.0,2,3608.0,3615.0,3627.0,3608.0,25.0,904930.0,6226
2023-05-10 21:14:32,rb2403,rb2403,3616.0,0.0,0.0,0.0,1,3611.0,3617.0,2,3608.0,3615.0,3627.0,3608.0,25.0,904930.0,6226
2023-05-10 21:14:32,rb2403,rb2403,3616.0,0.0,0.0,0.0,9,3612.0,3617.0,2,3608.0,3615.0,3627.0,3608.0,25.0,904930.0,6226
2023-05-10 21:14:33,rb2403,rb2403,3616.0,0.0,0.0,0.0,9,3612.0,3616.0,3,3608.0,3615.0,3627.0,3608.0,25.0,904930.0,6226
2023-05-10 21:14:33,rb2403,rb2403,3616.0,0.0,0.0,0.0,9,3612.0,3616.0,3,3608.0,3615.0,3627.0,3608.0,25.0,904930.0,6226
2023-05-10 21:14:36,rb2403,rb2403,3616.0,0.0,0.0,0.0,9,3612.0,3616.0,4,3608.0,3615.0,3627.0,3608.0,25.0,904930.0,6226
2023-05-10 21:14:37,rb2403,rb2403,3616.0,0.0,0.0,0.0,9,3612.0,3616.0,3,3608.0,3615.0,3627.0,3608.0,25.0,904930.0,6226
2023-05-10 21:14:47,rb2403,rb2403,3616.0,0.0,0.0,0.0,9,3612.0,3616.0,4,3608.0,3615.0,3627.0,3608.0,25.0,904930.0,6226
2023-05-10 21:14:48,rb2403,rb2403,3616.0,0.0,0.0,0.0,9,3612.0,3616.0,3,3608.0,3615.0,3627.0,3608.0,25.0,904930.0,6226
2023-05-10 21:14:51,rb2403,rb2403,3616.0,0.0,0.0,0.0,9,3612.0,3616.0,4,3608.0,3615.0,3627.0,3608.0,25.0,904930.0,6226
2023-05-10 21:14:52,rb2403,rb2403,3616.0,0.0,0.0,0.0,9,3612.0,3616.0,3,3608.0,3615.0,3627.0,3608.0,25.0,904930.0,6226
2023-05-10 21:14:55,rb2403,rb2403,3616.0,0.0,0.0,0.0,9,3612.0,3616.0,4,3608.0,3615.0,3627.0,3608.0,25.0,904930.0,6226
2023-05-10 21:14:56,rb2403,rb2403,3616.0,0.0,0.0,0.0,9,3612.0,3616.0,3,3608.0,3615.0,3627.0,3608.0,25.0,904930.0,6226
2023-05-10 21:14:56,rb2403,rb2403,3616.0,0.0,0.0,0.0,5,3613.0,3616.0,3,3608.0,3615.0,3627.0,3608.0,25.0,904930.0,6226
2023-05-10 21:14:57,rb2403,rb2403,3616.0,0.0,0.0,0.0,5,3613.0,3618.0,2,3608.0,3615.0,3627.0,3608.0,25.0,904930.0,6226
2023-05-10 21:14:57,rb2403,rb2403,3616.0,0.0,0.0,0.0,4,3613.0,3616.0,3,3608.0,3615.0,3627.0,3608.0,25.0,904930.0,6226
2023-05-10 21:14:58,rb2403,rb2403,3616.0,0.0,0.0,0.0,1,3611.0,3616.0,4,3608.0,3615.0,3627.0,3608.0,25.0,904930.0,6226
2023-05-10 21:14:58,rb2403,rb2403,3616.0,0.0,0.0,0.0,14,3612.0,3616.0,3,3608.0,3615.0,3627.0,3608.0,25.0,904930.0,6226
2023-05-10 21:15:01,rb2403,rb2403,3616.0,0.0,0.0,0.0,14,3612.0,3616.0,4,3608.0,3615.0,3627.0,3608.0,25.0,904930.0,6226
2023-05-10 21:15:01,rb2403,rb2403,3616.0,0.0,0.0,0.0,14,3612.0,3616.0,3,3608.0,3615.0,3627.0,3608.0,25.0,904930.0,6226
2023-05-10 21:15:02,rb2403,rb2403,3616.0,0.0,0.0,0.0,14,3612.0,3616.0,4,3608.0,3615.0,3627.0,3608.0,25.0,904930.0,6226
2023-05-10 21:15:03,rb2403,rb2403,3616.0,0.0,0.0,0.0,14,3612.0,3616.0,3,3608.0,3615.0,3627.0,3608.0,25.0,904930.0,6226
2023-05-10 21:15:16,rb2403,rb2403,3616.0,0.0,0.0,0.0,14,3612.0,3616.0,3,3608.0,3615.0,3627.0,3608.0,25.0,904930.0,6226
2023-05-10 21:15:20,rb2403,rb2403,3616.0,0.0,0.0,0.0,14,3612.0,3618.0,2,3608.0,3615.0,3627.0,3608.0,25.0,904930.0,6226
2023-05-10 21:15:21,rb2403,rb2403,3616.0,0.0,0.0,0.0,14,3612.0,3618.0,1,3608.0,3615.0,3627.0,3608.0,25.0,904930.0,6226
2023-05-10 21:15:21,rb2403,rb2403,3616.0,0.0,0.0,0.0,14,3612.0,3617.0,3,3608.0,3615.0,3627.0,3608.0,25.0,904930.0,6226
2023-05-10 21:15:22,rb2403,rb2403,3616.0,0.0,0.0,0.0,14,3612.0,3617.0,3,3608.0,3615.0,3627.0,3608.0,25.0,904930.0,6226
2023-05-10 21:15:30,rb2403,rb2403,3616.0,0.0,0.0,0.0,14,3612.0,3617.0,4,3608.0,3615.0,3627.0,3608.0,25.0,904930.0,6226
2023-05-10 21:15:30,rb2403,rb2403,3616.0,0.0,0.0,0.0,9,3612.0,3616.0,1,3608.0,3615.0,3627.0,3608.0,25.0,904930.0,6226
2023-05-10 21:15:31,rb2403,rb2403,3616.0,0.0,0.0,0.0,9,3612.0,3617.0,3,3608.0,3615.0,3627.0,3608.0,25.0,904930.0,6226
2023-05-10 21:15:31,rb2403,rb2403,3616.0,0.0,0.0,0.0,9,3612.0,3617.0,4,3608.0,3615.0,3627.0,3608.0,25.0,904930.0,6226
2023-05-10 21:15:33,rb2403,rb2403,3616.0,0.0,0.0,0.0,4,3613.0,3617.0,4,3608.0,3615.0,3627.0,3608.0,25.0,904930.0,6226
2023-05-10 21:15:33,rb2403,rb2403,3616.0,0.0,0.0,0.0,5,3613.0,3617.0,4,3608.0,3615.0,3627.0,3608.0,25.0,904930.0,6226
2023-05-10 21:15:34,rb2403,rb2403,3616.0,0.0,0.0,0.0,9,3614.0,3617.0,4,3608.0,3615.0,3627.0,3608.0,25.0,904930.0,6226
2023-05-10 21:15:34,rb2403,rb2403,3616.0,0.0,0.0,0.0,9,3614.0,3617.0,4,3608.0,3615.0,3627.0,3608.0,25.0,904930.0,6226
2023-05-10 21:15:35,rb2403,rb2403,3616.0,0.0,0.0,0.0,9,3614.0,3617.0,4,3608.0,3615.0,3627.0,3608.0,25.0,904930.0,6226
2023-05-10 21:15:35,rb2403,rb2403,3616.0,0.0,0.0,0.0,1,3610.0,3617.0,4,3608.0,3615.0,3627.0,3608.0,25.0,904930.0,6226
2023-05-10 21:15:36,rb2403,rb2403,3616.0,0.0,0.0,0.0,16,3611.0,3617.0,4,3608.0,3615.0,3627.0,3608.0,25.0,904930.0,6226
2023-05-10 21:15:36,rb2403,rb2403,3616.0,0.0,0.0,0.0,14,3611.0,3617.0,1,3608.0,3615.0,3627.0,3608.0,25.0,904930.0,6226
2023-05-10 21:15:37,rb2403,rb2403,3616.0,0.0,0.0,0.0,14,3611.0,3616.0,3,3608.0,3615.0,3627.0,3608.0,25.0,904930.0,6226
2023-05-10 21:15:37,rb2403,rb2403,3616.0,0.0,0.0,0.0,14,3611.0,3616.0,3,3608.0,3615.0,3627.0,3608.0,25.0,904930.0,6226
2023-05-10 21:15:44,rb2403,rb2403,3616.0,0.0,0.0,0.0,14,3611.0,3619.0,1,3608.0,3615.0,3627.0,3608.0,25.0,904930.0,6226
2023-05-10 21:15:44,rb2403,rb2403,3616.0,0.0,0.0,0.0,14,3611.0,3618.0,2,3608.0,3615.0,3627.0,3608.0,25.0,904930.0,6226
2023-05-10 21:15:45,rb2403,rb2403,3616.0,0.0,0.0,0.0,14,3611.0,3618.0,5,3608.0,3615.0,3627.0,3608.0,25.0,904930.0,6226
2023-05-10 21:15:45,rb2403,rb2403,3616.0,0.0,0.0,0.0,14,3611.0,3617.0,1,3608.0,3615.0,3627.0,3608.0,25.0,904930.0,6226
2023-05-10 21:15:46,rb2403,rb2403,3616.0,0.0,0.0,0.0,14,3611.0,3617.0,1,3608.0,3615.0,3627.0,3608.0,25.0,904930.0,6226
2023-05-10 21:15:50,rb2403,rb2403,3616.0,0.0,0.0,0.0,1,3612.0,3617.0,1,3608.0,3615.0,3627.0,3608.0,25.0,904930.0,6226
2023-05-10 21:15:50,rb2403,rb2403,3616.0,0.0,0.0,0.0,1,3612.0,3617.0,1,3608.0,3615.0,3627.0,3608.0,25.0,904930.0,6226
2023-05-10 21:15:51,rb2403,rb2403,3616.0,0.0,0.0,0.0,14,3613.0,3617.0,1,3608.0,3615.0,3627.0,3608.0,25.0,904930.0,6226
2023-05-10 21:15:51,rb2403,rb2403,3616.0,0.0,0.0,0.0,14,3613.0,3618.0,3,3608.0,3615.0,3627.0,3608.0,25.0,904930.0,6226
2023-05-10 21:15:52,rb2403,rb2403,3616.0,0.0,0.0,0.0,14,3613.0,3617.0,1,3608.0,3615.0,3627.0,3608.0,25.0,904930.0,6226
2023-05-10 21:15:52,rb2403,rb2403,3616.0,0.0,0.0,0.0,14,3613.0,3617.0,1,3608.0,3615.0,3627.0,3608.0,25.0,904930.0,6226
2023-05-10 21:15:55,rb2403,rb2403,3616.0,0.0,0.0,0.0,14,3613.0,3617.0,2,3608.0,3615.0,3627.0,3608.0,25.0,904930.0,6226
2023-05-10 21:15:55,rb2403,rb2403,3616.0,0.0,0.0,0.0,14,3613.0,3618.0,3,3608.0,3615.0,3627.0,3608.0,25.0,904930.0,6226
2023-05-10 21:15:56,rb2403,rb2403,3616.0,0.0,0.0,0.0,14,3613.0,3618.0,4,3608.0,3615.0,3627.0,3608.0,25.0,904930.0,6226
2023-05-10 21:16:02,rb2403,rb2403,3616.0,0.0,0.0,0.0,14,3613.0,3618.0,4,3608.0,3615.0,3627.0,3608.0,25.0,904930.0,6226
2023-05-10 21:16:03,rb2403,rb2403,3616.0,0.0,0.0,0.0,14,3613.0,3617.0,1,3608.0,3615.0,3627.0,3608.0,25.0,904930.0,6226
2023-05-10 21:16:04,rb2403,rb2403,3616.0,0.0,0.0,0.0,9,3613.0,3617.0,2,3608.0,3615.0,3627.0,3608.0,25.0,904930.0,6226
2023-05-10 21:16:04,rb2403,rb2403,3616.0,0.0,0.0,0.0,9,3613.0,3617.0,2,3608.0,3615.0,3627.0,3608.0,25.0,904930.0,6226
2023-05-10 21:16:05,rb2403,rb2403,3616.0,0.0,0.0,0.0,9,3613.0,3616.0,3,3608.0,3615.0,3627.0,3608.0,25.0,904930.0,6226
2023-05-10 21:16:05,rb2403,rb2403,3616.0,0.0,0.0,0.0,9,3613.0,3616.0,3,3608.0,3615.0,3627.0,3608.0,25.0,904930.0,6226
2023-05-10 21:16:06,rb2403,rb2403,3616.0,0.0,0.0,0.0,9,3613.0,3616.0,3,3608.0,3615.0,3627.0,3608.0,25.0,904930.0,6226
2023-05-10 21:16:06,rb2403,rb2403,3616.0,0.0,0.0,0.0,5,3614.0,3616.0,3,3608.0,3615.0,3627.0,3608.0,25.0,904930.0,6226
2023-05-10 21:16:07,rb2403,rb2403,3616.0,0.0,0.0,0.0,5,3614.0,3619.0,1,3608.0,3615.0,3627.0,3608.0,25.0,904930.0,6226
2023-05-10 21:16:07,rb2403,rb2403,3616.0,0.0,0.0,0.0,9,3615.0,3618.0,2,3608.0,3615.0,3627.0,3608.0,25.0,904930.0,6226
2023-05-10 21:16:08,rb2403,rb2403,3616.0,0.0,0.0,0.0,9,3615.0,3618.0,5,3608.0,3615.0,3627.0,3608.0,25.0,904930.0,6226
2023-05-10 21:16:10,rb2403,rb2403,3615.0,1.0,36150.0,0.0,8,3615.0,3618.0,5,3608.0,3615.0,3627.0,3608.0,26.0,941080.0,6226
2023-05-10 21:16:11,rb2403,rb2403,3615.0,0.0,0.0,0.0,1,3610.0,3618.0,5,3608.0,3615.0,3627.0,3608.0,26.0,941080.0,6226
2023-05-10 21:16:11,rb2403,rb2403,3615.0,0.0,0.0,0.0,13,3611.0,3618.0,7,3608.0,3615.0,3627.0,3608.0,26.0,941080.0,6226
2023-05-10 21:16:13,rb2403,rb2403,3615.0,0.0,0.0,0.0,13,3611.0,3618.0,7,3608.0,3615.0,3627.0,3608.0,26.0,941080.0,6226
2023-05-10 21:16:13,rb2403,rb2403,3615.0,0.0,0.0,0.0,13,3611.0,3618.0,7,3608.0,3615.0,3627.0,3608.0,26.0,941080.0,6226
2023-05-10 21:16:26,rb2403,rb2403,3615.0,0.0,0.0,0.0,13,3611.0,3618.0,7,3608.0,3615.0,3627.0,3608.0,26.0,941080.0,6226
2023-05-10 21:16:27,rb2403,rb2403,3615.0,0.0,0.0,0.0,13,3611.0,3617.0,1,3608.0,3615.0,3627.0,3608.0,26.0,941080.0,6226
2023-05-10 21:16:28,rb2403,rb2403,3615.0,0.0,0.0,0.0,13,3611.0,3616.0,2,3608.0,3615.0,3627.0,3608.0,26.0,941080.0,6226
2023-05-10 21:16:28,rb2403,rb2403,3615.0,0.0,0.0,0.0,13,3611.0,3616.0,2,3608.0,3615.0,3627.0,3608.0,26.0,941080.0,6226
2023-05-10 21:16:29,rb2403,rb2403,3615.0,0.0,0.0,0.0,13,3611.0,3615.0,3,3608.0,3615.0,3627.0,3608.0,26.0,941080.0,6226
2023-05-10 21:16:29,rb2403,rb2403,3615.0,0.0,0.0,0.0,13,3611.0,3614.0,1,3608.0,3615.0,3627.0,3608.0,26.0,941080.0,6226
2023-05-10 21:16:34,rb2403,rb2403,3615.0,0.0,0.0,0.0,13,3611.0,3614.0,1,3608.0,3615.0,3627.0,3608.0,26.0,941080.0,6226
2023-05-10 21:16:35,rb2403,rb2403,3615.0,0.0,0.0,0.0,13,3611.0,3614.0,1,3608.0,3615.0,3627.0,3608.0,26.0,941080.0,6226
2023-05-10 21:16:36,rb2403,rb2403,3615.0,0.0,0.0,0.0,13,3611.0,3614.0,1,3608.0,3615.0,3627.0,3608.0,26.0,941080.0,6226
2023-05-10 21:16:41,rb2403,rb2403,3615.0,0.0,0.0,0.0,8,3611.0,3614.0,1,3608.0,3615.0,3627.0,3608.0,26.0,941080.0,6226
2023-05-10 21:16:42,rb2403,rb2403,3615.0,0.0,0.0,0.0,8,3611.0,3614.0,4,3608.0,3615.0,3627.0,3608.0,26.0,941080.0,6226
2023-05-10 21:16:47,rb2403,rb2403,3615.0,0.0,0.0,0.0,8,3611.0,3614.0,1,3608.0,3615.0,3627.0,3608.0,26.0,941080.0,6226
2023-05-10 21:16:48,rb2403,rb2403,3615.0,0.0,0.0,0.0,8,3611.0,3620.0,1,3608.0,3615.0,3627.0,3608.0,26.0,941080.0,6226
2023-05-10 21:16:48,rb2403,rb2403,3615.0,0.0,0.0,0.0,8,3611.0,3618.0,1,3608.0,3615.0,3627.0,3608.0,26.0,941080.0,6226
2023-05-10 21:16:49,rb2403,rb2403,3615.0,0.0,0.0,0.0,8,3611.0,3617.0,1,3608.0,3615.0,3627.0,3608.0,26.0,941080.0,6226
2023-05-10 21:16:49,rb2403,rb2403,3615.0,0.0,0.0,0.0,8,3611.0,3616.0,1,3608.0,3615.0,3627.0,3608.0,26.0,941080.0,6226
2023-05-10 21:16:50,rb2403,rb2403,3615.0,0.0,0.0,0.0,8,3611.0,3615.0,1,3608.0,3615.0,3627.0,3608.0,26.0,941080.0,6226
2023-05-10 21:16:50,rb2403,rb2403,3615.0,0.0,0.0,0.0,8,3611.0,3615.0,1,3608.0,3615.0,3627.0,3608.0,26.0,941080.0,6226
2023-05-10 21:16:54,rb2403,rb2403,3615.0,0.0,0.0,0.0,8,3611.0,3618.0,1,3608.0,3615.0,3627.0,3608.0,26.0,941080.0,6226
2023-05-10 21:16:55,rb2403,rb2403,3615.0,0.0,0.0,0.0,8,3611.0,3617.0,2,3608.0,3615.0,3627.0,3608.0,26.0,941080.0,6226
2023-05-10 21:16:55,rb2403,rb2403,3615.0,0.0,0.0,0.0,8,3611.0,3616.0,3,3608.0,3615.0,3627.0,3608.0,26.0,941080.0,6226
2023-05-10 21:16:56,rb2403,rb2403,3615.0,0.0,0.0,0.0,8,3611.0,3616.0,4,3608.0,3615.0,3627.0,3608.0,26.0,941080.0,6226
2023-05-10 21:16:56,rb2403,rb2403,3615.0,0.0,0.0,0.0,8,3611.0,3616.0,4,3608.0,3615.0,3627.0,3608.0,26.0,941080.0,6226
2023-05-10 21:16:58,rb2403,rb2403,3615.0,0.0,0.0,0.0,8,3611.0,3616.0,3,3608.0,3615.0,3627.0,3608.0,26.0,941080.0,6226
2023-05-10 21:17:00,rb2403,rb2403,3615.0,0.0,0.0,0.0,8,3611.0,3616.0,4,3608.0,3615.0,3627.0,3608.0,26.0,941080.0,6226
2023-05-10 21:17:04,rb2403,rb2403,3615.0,0.0,0.0,0.0,8,3611.0,3615.0,1,3608.0,3615.0,3627.0,3608.0,26.0,941080.0,6226
2023-05-10 21:17:04,rb2403,rb2403,3615.0,0.0,0.0,0.0,8,3611.0,3616.0,3,3608.0,3615.0,3627.0,3608.0,26.0,941080.0,6226
2023-05-10 21:17:05,rb2403,rb2403,3615.0,0.0,0.0,0.0,8,3611.0,3615.0,1,3608.0,3615.0,3627.0,3608.0,26.0,941080.0,6226
2023-05-10 21:17:06,rb2403,rb2403,3615.0,0.0,0.0,0.0,8,3611.0,3615.0,1,3608.0,3615.0,3627.0,3608.0,26.0,941080.0,6226
2023-05-10 21:17:07,rb2403,rb2403,3615.0,0.0,0.0,0.0,8,3611.0,3614.0,3,3608.0,3615.0,3627.0,3608.0,26.0,941080.0,6226
2023-05-10 21:17:07,rb2403,rb2403,3615.0,0.0,0.0,0.0,8,3611.0,3614.0,3,3608.0,3615.0,3627.0,3608.0,26.0,941080.0,6226
2023-05-10 21:17:11,rb2403,rb2403,3615.0,0.0,0.0,0.0,8,3611.0,3614.0,4,3608.0,3615.0,3627.0,3608.0,26.0,941080.0,6226
2023-05-10 21:17:12,rb2403,rb2403,3615.0,0.0,0.0,0.0,2,3608.0,3614.0,4,3608.0,3615.0,3627.0,3608.0,26.0,941080.0,6226
2023-05-10 21:17:12,rb2403,rb2403,3615.0,0.0,0.0,0.0,13,3609.0,3614.0,4,3608.0,3615.0,3627.0,3608.0,26.0,941080.0,6226
2023-05-10 21:17:19,rb2403,rb2403,3615.0,0.0,0.0,0.0,13,3609.0,3614.0,3,3608.0,3615.0,3627.0,3608.0,26.0,941080.0,6226
2023-05-10 21:17:22,rb2403,rb2403,3615.0,0.0,0.0,0.0,13,3609.0,3614.0,3,3608.0,3615.0,3627.0,3608.0,26.0,941080.0,6226
2023-05-10 21:17:22,rb2403,rb2403,3615.0,0.0,0.0,0.0,13,3609.0,3614.0,3,3608.0,3615.0,3627.0,3608.0,26.0,941080.0,6226
2023-05-10 21:17:32,rb2403,rb2403,3615.0,0.0,0.0,0.0,8,3609.0,3614.0,4,3608.0,3615.0,3627.0,3608.0,26.0,941080.0,6226
2023-05-10 21:17:33,rb2403,rb2403,3615.0,0.0,0.0,0.0,8,3609.0,3614.0,4,3608.0,3615.0,3627.0,3608.0,26.0,941080.0,6226
2023-05-10 21:17:47,rb2403,rb2403,3615.0,0.0,0.0,0.0,8,3609.0,3613.0,1,3608.0,3615.0,3627.0,3608.0,26.0,941080.0,6226
2023-05-10 21:17:48,rb2403,rb2403,3615.0,0.0,0.0,0.0,8,3609.0,3613.0,1,3608.0,3615.0,3627.0,3608.0,26.0,941080.0,6226
2023-05-10 21:17:48,rb2403,rb2403,3615.0,0.0,0.0,0.0,8,3609.0,3612.0,3,3608.0,3615.0,3627.0,3608.0,26.0,941080.0,6226
2023-05-10 21:17:49,rb2403,rb2403,3615.0,0.0,0.0,0.0,8,3609.0,3612.0,3,3608.0,3615.0,3627.0,3608.0,26.0,941080.0,6226
2023-05-10 21:17:52,rb2403,rb2403,3615.0,0.0,0.0,0.0,1,3605.0,3612.0,3,3608.0,3615.0,3627.0,3608.0,26.0,941080.0,6226
2023-05-10 21:17:53,rb2403,rb2403,3615.0,0.0,0.0,0.0,13,3606.0,3612.0,3,3608.0,3615.0,3627.0,3608.0,26.0,941080.0,6226
2023-05-10 21:17:53,rb2403,rb2403,3615.0,0.0,0.0,0.0,13,3606.0,3612.0,3,3608.0,3615.0,3627.0,3608.0,26.0,941080.0,6226
2023-05-10 21:17:58,rb2403,rb2403,3615.0,0.0,0.0,0.0,1,3607.0,3612.0,3,3608.0,3615.0,3627.0,3608.0,26.0,941080.0,6226
2023-05-10 21:17:59,rb2403,rb2403,3615.0,0.0,0.0,0.0,1,3607.0,3614.0,1,3608.0,3615.0,3627.0,3608.0,26.0,941080.0,6226
2023-05-10 21:17:59,rb2403,rb2403,3615.0,0.0,0.0,0.0,13,3608.0,3614.0,1,3608.0,3615.0,3627.0,3608.0,26.0,941080.0,6226
2023-05-10 21:18:00,rb2403,rb2403,3615.0,0.0,0.0,0.0,13,3608.0,3613.0,3,3608.0,3615.0,3627.0,3608.0,26.0,941080.0,6226
2023-05-10 21:18:11,rb2403,rb2403,3615.0,0.0,0.0,0.0,13,3608.0,3613.0,3,3608.0,3615.0,3627.0,3608.0,26.0,941080.0,6226
2023-05-10 21:18:58,rb2403,rb2403,3615.0,0.0,0.0,0.0,13,3608.0,3613.0,3,3608.0,3615.0,3627.0,3608.0,26.0,941080.0,6226
2023-05-10 21:18:58,rb2403,rb2403,3615.0,0.0,0.0,0.0,13,3608.0,3613.0,3,3608.0,3615.0,3627.0,3608.0,26.0,941080.0,6226
2023-05-10 21:19:02,rb2403,rb2403,3615.0,0.0,0.0,0.0,8,3608.0,3613.0,3,3608.0,3615.0,3627.0,3608.0,26.0,941080.0,6226
2023-05-10 21:19:03,rb2403,rb2403,3615.0,0.0,0.0,0.0,8,3608.0,3613.0,3,3608.0,3615.0,3627.0,3608.0,26.0,941080.0,6226
2023-05-10 21:19:03,rb2403,rb2403,3615.0,0.0,0.0,0.0,8,3608.0,3613.0,3,3608.0,3615.0,3627.0,3608.0,26.0,941080.0,6226
2023-05-10 21:19:21,rb2403,rb2403,3615.0,0.0,0.0,0.0,8,3608.0,3613.0,3,3608.0,3615.0,3627.0,3608.0,26.0,941080.0,6226
2023-05-10 21:19:22,rb2403,rb2403,3615.0,0.0,0.0,0.0,5,3609.0,3613.0,3,3608.0,3615.0,3627.0,3608.0,26.0,941080.0,6226
2023-05-10 21:19:22,rb2403,rb2403,3615.0,0.0,0.0,0.0,5,3609.0,3613.0,3,3608.0,3615.0,3627.0,3608.0,26.0,941080.0,6226
2023-05-10 21:19:23,rb2403,rb2403,3615.0,0.0,0.0,0.0,8,3610.0,3613.0,3,3608.0,3615.0,3627.0,3608.0,26.0,941080.0,6226
2023-05-10 21:19:23,rb2403,rb2403,3615.0,0.0,0.0,0.0,8,3610.0,3613.0,3,3608.0,3615.0,3627.0,3608.0,26.0,941080.0,6226
2023-05-10 21:19:32,rb2403,rb2403,3615.0,0.0,0.0,0.0,8,3610.0,3616.0,2,3608.0,3615.0,3627.0,3608.0,26.0,941080.0,6226
2023-05-10 21:19:32,rb2403,rb2403,3615.0,0.0,0.0,0.0,8,3610.0,3615.0,1,3608.0,3615.0,3627.0,3608.0,26.0,941080.0,6226
2023-05-10 21:19:33,rb2403,rb2403,3615.0,0.0,0.0,0.0,8,3610.0,3614.0,3,3608.0,3615.0,3627.0,3608.0,26.0,941080.0,6226
2023-05-10 21:19:33,rb2403,rb2403,3615.0,0.0,0.0,0.0,8,3610.0,3614.0,3,3608.0,3615.0,3627.0,3608.0,26.0,941080.0,6226
2023-05-10 21:19:53,rb2403,rb2403,3615.0,0.0,0.0,0.0,8,3610.0,3614.0,3,3608.0,3615.0,3627.0,3608.0,26.0,941080.0,6226
2023-05-10 21:19:53,rb2403,rb2403,3615.0,0.0,0.0,0.0,1,3607.0,3614.0,4,3608.0,3615.0,3627.0,3608.0,26.0,941080.0,6226
2023-05-10 21:19:54,rb2403,rb2403,3615.0,0.0,0.0,0.0,13,3608.0,3614.0,4,3608.0,3615.0,3627.0,3608.0,26.0,941080.0,6226
2023-05-10 21:19:55,rb2403,rb2403,3615.0,0.0,0.0,0.0,13,3608.0,3614.0,3,3608.0,3615.0,3627.0,3608.0,26.0,941080.0,6226
2023-05-10 21:20:18,rb2403,rb2403,3615.0,0.0,0.0,0.0,13,3608.0,3614.0,3,3608.0,3615.0,3627.0,3608.0,26.0,941080.0,6226
2023-05-10 21:20:50,rb2403,rb2403,3615.0,0.0,0.0,0.0,13,3608.0,3614.0,3,3608.0,3615.0,3627.0,3608.0,26.0,941080.0,6226
2023-05-10 21:20:51,rb2403,rb2403,3615.0,0.0,0.0,0.0,13,3608.0,3613.0,1,3608.0,3615.0,3627.0,3608.0,26.0,941080.0,6226
2023-05-10 21:20:51,rb2403,rb2403,3615.0,0.0,0.0,0.0,8,3608.0,3613.0,1,3608.0,3615.0,3627.0,3608.0,26.0,941080.0,6226
2023-05-10 21:20:52,rb2403,rb2403,3615.0,0.0,0.0,0.0,8,3608.0,3613.0,1,3608.0,3615.0,3627.0,3608.0,26.0,941080.0,6226
2023-05-10 21:20:52,rb2403,rb2403,3615.0,0.0,0.0,0.0,8,3608.0,3612.0,3,3608.0,3615.0,3627.0,3608.0,26.0,941080.0,6226
2023-05-10 21:20:53,rb2403,rb2403,3615.0,0.0,0.0,0.0,8,3608.0,3612.0,3,3608.0,3615.0,3627.0,3608.0,26.0,941080.0,6226
2023-05-10 21:21:05,rb2403,rb2403,3615.0,0.0,0.0,0.0,5,3609.0,3612.0,3,3608.0,3615.0,3627.0,3608.0,26.0,941080.0,6226
2023-05-10 21:21:05,rb2403,rb2403,3615.0,0.0,0.0,0.0,5,3609.0,3616.0,2,3608.0,3615.0,3627.0,3608.0,26.0,941080.0,6226
2023-05-10 21:21:06,rb2403,rb2403,3615.0,0.0,0.0,0.0,8,3610.0,3615.0,2,3608.0,3615.0,3627.0,3608.0,26.0,941080.0,6226
2023-05-10 21:21:06,rb2403,rb2403,3615.0,0.0,0.0,0.0,8,3610.0,3615.0,5,3608.0,3615.0,3627.0,3608.0,26.0,941080.0,6226
2023-05-10 21:21:07,rb2403,rb2403,3615.0,0.0,0.0,0.0,8,3610.0,3615.0,5,3608.0,3615.0,3627.0,3608.0,26.0,941080.0,6226
2023-05-10 21:21:21,rb2403,rb2403,3615.0,0.0,0.0,0.0,8,3610.0,3614.0,1,3608.0,3615.0,3627.0,3608.0,26.0,941080.0,6226
2023-05-10 21:21:21,rb2403,rb2403,3615.0,0.0,0.0,0.0,1,3607.0,3614.0,1,3608.0,3615.0,3627.0,3608.0,26.0,941080.0,6226
2023-05-10 21:21:22,rb2403,rb2403,3615.0,0.0,0.0,0.0,12,3608.0,3614.0,2,3608.0,3615.0,3627.0,3608.0,26.0,941080.0,6226
2023-05-10 21:21:22,rb2403,rb2403,3615.0,0.0,0.0,0.0,13,3608.0,3613.0,3,3608.0,3615.0,3627.0,3608.0,26.0,941080.0,6226
2023-05-10 21:21:23,rb2403,rb2403,3615.0,0.0,0.0,0.0,13,3608.0,3613.0,3,3608.0,3615.0,3627.0,3608.0,26.0,941080.0,6226
2023-05-10 21:21:25,rb2403,rb2403,3615.0,0.0,0.0,0.0,13,3608.0,3613.0,3,3608.0,3615.0,3627.0,3608.0,26.0,941080.0,6226
2023-05-10 21:21:25,rb2403,rb2403,3615.0,0.0,0.0,0.0,13,3608.0,3613.0,4,3608.0,3615.0,3627.0,3608.0,26.0,941080.0,6226
2023-05-10 21:21:55,rb2403,rb2403,3615.0,0.0,0.0,0.0,13,3608.0,3613.0,3,3608.0,3615.0,3627.0,3608.0,26.0,941080.0,6226
2023-05-10 21:22:05,rb2403,rb2403,3615.0,0.0,0.0,0.0,13,3608.0,3613.0,4,3608.0,3615.0,3627.0,3608.0,26.0,941080.0,6226
2023-05-10 21:22:08,rb2403,rb2403,3615.0,0.0,0.0,0.0,13,3608.0,3613.0,3,3608.0,3615.0,3627.0,3608.0,26.0,941080.0,6226
2023-05-10 21:22:16,rb2403,rb2403,3615.0,0.0,0.0,0.0,13,3608.0,3613.0,4,3608.0,3615.0,3627.0,3608.0,26.0,941080.0,6226
2023-05-10 21:22:49,rb2403,rb2403,3615.0,0.0,0.0,0.0,8,3608.0,3613.0,4,3608.0,3615.0,3627.0,3608.0,26.0,941080.0,6226
2023-05-10 21:22:51,rb2403,rb2403,3615.0,0.0,0.0,0.0,8,3608.0,3612.0,1,3608.0,3615.0,3627.0,3608.0,26.0,941080.0,6226
2023-05-10 21:22:51,rb2403,rb2403,3615.0,0.0,0.0,0.0,8,3608.0,3612.0,1,3608.0,3615.0,3627.0,3608.0,26.0,941080.0,6226
2023-05-10 21:22:52,rb2403,rb2403,3615.0,0.0,0.0,0.0,8,3608.0,3614.0,1,3608.0,3615.0,3627.0,3608.0,26.0,941080.0,6226
2023-05-10 21:22:52,rb2403,rb2403,3615.0,0.0,0.0,0.0,8,3608.0,3611.0,3,3608.0,3615.0,3627.0,3608.0,26.0,941080.0,6226
2023-05-10 21:22:53,rb2403,rb2403,3615.0,0.0,0.0,0.0,8,3608.0,3614.0,3,3608.0,3615.0,3627.0,3608.0,26.0,941080.0,6226
2023-05-10 21:22:53,rb2403,rb2403,3615.0,0.0,0.0,0.0,8,3608.0,3613.0,2,3608.0,3615.0,3627.0,3608.0,26.0,941080.0,6226
2023-05-10 21:22:54,rb2403,rb2403,3615.0,0.0,0.0,0.0,8,3608.0,3613.0,5,3608.0,3615.0,3627.0,3608.0,26.0,941080.0,6226
2023-05-10 21:23:57,rb2403,rb2403,3615.0,0.0,0.0,0.0,8,3608.0,3613.0,5,3608.0,3615.0,3627.0,3608.0,26.0,941080.0,6226
2023-05-10 21:24:23,rb2403,rb2403,3615.0,0.0,0.0,0.0,8,3608.0,3613.0,4,3608.0,3615.0,3627.0,3608.0,26.0,941080.0,6226
2023-05-10 21:24:31,rb2403,rb2403,3615.0,0.0,0.0,0.0,5,3609.0,3613.0,3,3608.0,3615.0,3627.0,3608.0,26.0,941080.0,6226
2023-05-10 21:24:31,rb2403,rb2403,3615.0,0.0,0.0,0.0,5,3609.0,3613.0,3,3608.0,3615.0,3627.0,3608.0,26.0,941080.0,6226
2023-05-10 21:24:32,rb2403,rb2403,3615.0,0.0,0.0,0.0,8,3610.0,3613.0,3,3608.0,3615.0,3627.0,3608.0,26.0,941080.0,6226
2023-05-10 21:24:32,rb2403,rb2403,3615.0,0.0,0.0,0.0,8,3610.0,3613.0,3,3608.0,3615.0,3627.0,3608.0,26.0,941080.0,6226
2023-05-10 21:24:33,rb2403,rb2403,3615.0,0.0,0.0,0.0,8,3610.0,3613.0,3,3608.0,3615.0,3627.0,3608.0,26.0,941080.0,6226
2023-05-10 21:24:51,rb2403,rb2403,3615.0,0.0,0.0,0.0,8,3610.0,3614.0,2,3608.0,3615.0,3627.0,3608.0,26.0,941080.0,6226
2023-05-10 21:24:52,rb2403,rb2403,3615.0,0.0,0.0,0.0,8,3610.0,3616.0,2,3608.0,3615.0,3627.0,3608.0,26.0,941080.0,6226
2023-05-10 21:24:52,rb2403,rb2403,3615.0,0.0,0.0,0.0,8,3610.0,3615.0,2,3608.0,3615.0,3627.0,3608.0,26.0,941080.0,6226
2023-05-10 21:24:53,rb2403,rb2403,3615.0,0.0,0.0,0.0,8,3610.0,3615.0,2,3608.0,3615.0,3627.0,3608.0,26.0,941080.0,6226
2023-05-10 21:24:54,rb2403,rb2403,3615.0,0.0,0.0,0.0,8,3610.0,3614.0,3,3608.0,3615.0,3627.0,3608.0,26.0,941080.0,6226
2023-05-10 21:24:55,rb2403,rb2403,3615.0,0.0,0.0,0.0,8,3610.0,3614.0,3,3608.0,3615.0,3627.0,3608.0,26.0,941080.0,6226
2023-05-10 21:25:43,rb2403,rb2403,3615.0,0.0,0.0,0.0,8,3610.0,3614.0,3,3608.0,3615.0,3627.0,3608.0,26.0,941080.0,6226
2023-05-10 21:25:51,rb2403,rb2403,3615.0,0.0,0.0,0.0,1,3607.0,3614.0,3,3608.0,3615.0,3627.0,3608.0,26.0,941080.0,6226
2023-05-10 21:25:52,rb2403,rb2403,3615.0,0.0,0.0,0.0,13,3608.0,3614.0,4,3608.0,3615.0,3627.0,3608.0,26.0,941080.0,6226
2023-05-10 21:25:53,rb2403,rb2403,3615.0,0.0,0.0,0.0,13,3608.0,3614.0,3,3608.0,3615.0,3627.0,3608.0,26.0,941080.0,6226
2023-05-10 21:26:31,rb2403,rb2403,3615.0,0.0,0.0,0.0,1,3609.0,3614.0,3,3608.0,3615.0,3627.0,3608.0,26.0,941080.0,6226
2023-05-10 21:26:32,rb2403,rb2403,3615.0,0.0,0.0,0.0,1,3609.0,3618.0,1,3608.0,3615.0,3627.0,3608.0,26.0,941080.0,6226
2023-05-10 21:26:32,rb2403,rb2403,3615.0,0.0,0.0,0.0,13,3610.0,3617.0,2,3608.0,3615.0,3627.0,3608.0,26.0,941080.0,6226
2023-05-10 21:26:33,rb2403,rb2403,3615.0,0.0,0.0,0.0,14,3610.0,3617.0,5,3608.0,3615.0,3627.0,3608.0,26.0,941080.0,6226
2023-05-10 21:26:33,rb2403,rb2403,3615.0,0.0,0.0,0.0,14,3610.0,3617.0,5,3608.0,3615.0,3627.0,3608.0,26.0,941080.0,6226
2023-05-10 21:26:44,rb2403,rb2403,3615.0,0.0,0.0,0.0,14,3610.0,3617.0,5,3608.0,3615.0,3627.0,3608.0,26.0,941080.0,6226
2023-05-10 21:26:44,rb2403,rb2403,3615.0,0.0,0.0,0.0,14,3610.0,3617.0,5,3608.0,3615.0,3627.0,3608.0,26.0,941080.0,6226
2023-05-10 21:26:45,rb2403,rb2403,3615.0,0.0,0.0,0.0,14,3610.0,3617.0,4,3608.0,3615.0,3627.0,3608.0,26.0,941080.0,6226
2023-05-10 21:26:45,rb2403,rb2403,3615.0,0.0,0.0,0.0,14,3610.0,3617.0,3,3608.0,3615.0,3627.0,3608.0,26.0,941080.0,6226
2023-05-10 21:26:46,rb2403,rb2403,3615.0,0.0,0.0,0.0,14,3610.0,3617.0,4,3608.0,3615.0,3627.0,3608.0,26.0,941080.0,6226
2023-05-10 21:26:46,rb2403,rb2403,3615.0,0.0,0.0,0.0,14,3610.0,3617.0,3,3608.0,3615.0,3627.0,3608.0,26.0,941080.0,6226
2023-05-10 21:27:00,rb2403,rb2403,3615.0,0.0,0.0,0.0,1,3611.0,3617.0,3,3608.0,3615.0,3627.0,3608.0,26.0,941080.0,6226
2023-05-10 21:27:00,rb2403,rb2403,3615.0,0.0,0.0,0.0,1,3611.0,3617.0,3,3608.0,3615.0,3627.0,3608.0,26.0,941080.0,6226
2023-05-10 21:27:01,rb2403,rb2403,3615.0,0.0,0.0,0.0,13,3612.0,3617.0,3,3608.0,3615.0,3627.0,3608.0,26.0,941080.0,6226
2023-05-10 21:27:12,rb2403,rb2403,3615.0,0.0,0.0,0.0,13,3612.0,3617.0,3,3608.0,3615.0,3627.0,3608.0,26.0,941080.0,6226
2023-05-10 21:27:26,rb2403,rb2403,3615.0,0.0,0.0,0.0,13,3612.0,3617.0,3,3608.0,3615.0,3627.0,3608.0,26.0,941080.0,6226
2023-05-10 21:27:27,rb2403,rb2403,3615.0,0.0,0.0,0.0,13,3612.0,3617.0,4,3608.0,3615.0,3627.0,3608.0,26.0,941080.0,6226
2023-05-10 21:27:29,rb2403,rb2403,3615.0,0.0,0.0,0.0,13,3612.0,3617.0,3,3608.0,3615.0,3627.0,3608.0,26.0,941080.0,6226
2023-05-10 21:27:42,rb2403,rb2403,3615.0,0.0,0.0,0.0,13,3612.0,3617.0,4,3608.0,3615.0,3627.0,3608.0,26.0,941080.0,6226
2023-05-10 21:27:45,rb2403,rb2403,3615.0,0.0,0.0,0.0,13,3612.0,3617.0,3,3608.0,3615.0,3627.0,3608.0,26.0,941080.0,6226
2023-05-10 21:27:46,rb2403,rb2403,3615.0,0.0,0.0,0.0,13,3612.0,3616.0,1,3608.0,3615.0,3627.0,3608.0,26.0,941080.0,6226
2023-05-10 21:27:46,rb2403,rb2403,3615.0,0.0,0.0,0.0,13,3612.0,3616.0,1,3608.0,3615.0,3627.0,3608.0,26.0,941080.0,6226
2023-05-10 21:27:47,rb2403,rb2403,3615.0,0.0,0.0,0.0,13,3612.0,3617.0,3,3608.0,3615.0,3627.0,3608.0,26.0,941080.0,6226
2023-05-10 21:27:47,rb2403,rb2403,3615.0,0.0,0.0,0.0,13,3612.0,3617.0,4,3608.0,3615.0,3627.0,3608.0,26.0,941080.0,6226
2023-05-10 21:27:48,rb2403,rb2403,3615.0,0.0,0.0,0.0,13,3612.0,3617.0,4,3608.0,3615.0,3627.0,3608.0,26.0,941080.0,6226
2023-05-10 21:27:51,rb2403,rb2403,3615.0,0.0,0.0,0.0,13,3612.0,3617.0,3,3608.0,3615.0,3627.0,3608.0,26.0,941080.0,6226
2023-05-10 21:27:51,rb2403,rb2403,3615.0,0.0,0.0,0.0,13,3612.0,3617.0,3,3608.0,3615.0,3627.0,3608.0,26.0,941080.0,6226
2023-05-10 21:28:05,rb2403,rb2403,3615.0,0.0,0.0,0.0,13,3612.0,3617.0,4,3608.0,3615.0,3627.0,3608.0,26.0,941080.0,6226
2023-05-10 21:28:05,rb2403,rb2403,3615.0,0.0,0.0,0.0,13,3612.0,3617.0,3,3608.0,3615.0,3627.0,3608.0,26.0,941080.0,6226
2023-05-10 21:28:06,rb2403,rb2403,3615.0,0.0,0.0,0.0,13,3612.0,3617.0,4,3608.0,3615.0,3627.0,3608.0,26.0,941080.0,6226
2023-05-10 21:28:08,rb2403,rb2403,3615.0,0.0,0.0,0.0,13,3612.0,3616.0,1,3608.0,3615.0,3627.0,3608.0,26.0,941080.0,6226
2023-05-10 21:28:08,rb2403,rb2403,3615.0,0.0,0.0,0.0,14,3612.0,3616.0,1,3608.0,3615.0,3627.0,3608.0,26.0,941080.0,6226
2023-05-10 21:28:09,rb2403,rb2403,3615.0,0.0,0.0,0.0,14,3612.0,3616.0,1,3608.0,3615.0,3627.0,3608.0,26.0,941080.0,6226
2023-05-10 21:28:09,rb2403,rb2403,3615.0,0.0,0.0,0.0,14,3612.0,3620.0,1,3608.0,3615.0,3627.0,3608.0,26.0,941080.0,6226
2023-05-10 21:28:10,rb2403,rb2403,3615.0,0.0,0.0,0.0,14,3612.0,3617.0,1,3608.0,3615.0,3627.0,3608.0,26.0,941080.0,6226
2023-05-10 21:28:10,rb2403,rb2403,3615.0,0.0,0.0,0.0,14,3612.0,3617.0,1,3608.0,3615.0,3627.0,3608.0,26.0,941080.0,6226
2023-05-10 21:28:15,rb2403,rb2403,3615.0,0.0,0.0,0.0,14,3612.0,3617.0,2,3608.0,3615.0,3627.0,3608.0,26.0,941080.0,6226
2023-05-10 21:28:15,rb2403,rb2403,3615.0,0.0,0.0,0.0,14,3612.0,3617.0,1,3608.0,3615.0,3627.0,3608.0,26.0,941080.0,6226
2023-05-10 21:28:19,rb2403,rb2403,3615.0,0.0,0.0,0.0,14,3612.0,3617.0,3,3608.0,3615.0,3627.0,3608.0,26.0,941080.0,6226
2023-05-10 21:28:26,rb2403,rb2403,3615.0,0.0,0.0,0.0,13,3612.0,3617.0,3,3608.0,3615.0,3627.0,3608.0,26.0,941080.0,6226
2023-05-10 21:28:32,rb2403,rb2403,3615.0,0.0,0.0,0.0,14,3612.0,3617.0,3,3608.0,3615.0,3627.0,3608.0,26.0,941080.0,6226
2023-05-10 21:28:35,rb2403,rb2403,3615.0,0.0,0.0,0.0,14,3612.0,3619.0,3,3608.0,3615.0,3627.0,3608.0,26.0,941080.0,6226
2023-05-10 21:28:36,rb2403,rb2403,3615.0,0.0,0.0,0.0,14,3612.0,3618.0,2,3608.0,3615.0,3627.0,3608.0,26.0,941080.0,6226
2023-05-10 21:28:37,rb2403,rb2403,3615.0,0.0,0.0,0.0,14,3612.0,3618.0,2,3608.0,3615.0,3627.0,3608.0,26.0,941080.0,6226
2023-05-10 21:28:37,rb2403,rb2403,3615.0,0.0,0.0,0.0,14,3612.0,3617.0,3,3608.0,3615.0,3627.0,3608.0,26.0,941080.0,6226
2023-05-10 21:28:38,rb2403,rb2403,3615.0,0.0,0.0,0.0,14,3612.0,3617.0,3,3608.0,3615.0,3627.0,3608.0,26.0,941080.0,6226
2023-05-10 21:28:54,rb2403,rb2403,3615.0,0.0,0.0,0.0,14,3612.0,3617.0,5,3608.0,3615.0,3627.0,3608.0,26.0,941080.0,6226
2023-05-10 21:28:55,rb2403,rb2403,3615.0,0.0,0.0,0.0,14,3612.0,3617.0,6,3608.0,3615.0,3627.0,3608.0,26.0,941080.0,6226
2023-05-10 21:28:59,rb2403,rb2403,3615.0,0.0,0.0,0.0,14,3612.0,3616.0,1,3608.0,3615.0,3627.0,3608.0,26.0,941080.0,6226
2023-05-10 21:28:59,rb2403,rb2403,3615.0,0.0,0.0,0.0,14,3612.0,3617.0,5,3608.0,3615.0,3627.0,3608.0,26.0,941080.0,6226
2023-05-10 21:29:00,rb2403,rb2403,3615.0,0.0,0.0,0.0,14,3612.0,3617.0,7,3608.0,3615.0,3627.0,3608.0,26.0,941080.0,6226
2023-05-10 21:29:01,rb2403,rb2403,3615.0,0.0,0.0,0.0,13,3612.0,3617.0,7,3608.0,3615.0,3627.0,3608.0,26.0,941080.0,6226
2023-05-10 21:29:01,rb2403,rb2403,3615.0,0.0,0.0,0.0,13,3612.0,3617.0,7,3608.0,3615.0,3627.0,3608.0,26.0,941080.0,6226
2023-05-10 21:29:02,rb2403,rb2403,3615.0,0.0,0.0,0.0,13,3612.0,3616.0,1,3608.0,3615.0,3627.0,3608.0,26.0,941080.0,6226
2023-05-10 21:29:02,rb2403,rb2403,3615.0,0.0,0.0,0.0,13,3612.0,3616.0,1,3608.0,3615.0,3627.0,3608.0,26.0,941080.0,6226
2023-05-10 21:29:03,rb2403,rb2403,3615.0,0.0,0.0,0.0,13,3612.0,3617.0,3,3608.0,3615.0,3627.0,3608.0,26.0,941080.0,6226
2023-05-10 21:29:03,rb2403,rb2403,3615.0,0.0,0.0,0.0,13,3612.0,3616.0,1,3608.0,3615.0,3627.0,3608.0,26.0,941080.0,6226
2023-05-10 21:29:10,rb2403,rb2403,3615.0,0.0,0.0,0.0,13,3612.0,3616.0,2,3608.0,3615.0,3627.0,3608.0,26.0,941080.0,6226
2023-05-10 21:29:10,rb2403,rb2403,3615.0,0.0,0.0,0.0,13,3612.0,3615.0,2,3608.0,3615.0,3627.0,3608.0,26.0,941080.0,6226
