time,symbol_id,symbol_name,last,trade_volume,trade_amount,open_interest_change,bv1,bp1,ap1,av1,yesterday_close,today_open,today_high,today_low,volume,amount,open_interest
2023-05-09 20:58:57,v2310,v2310,5937.0,0.0,0.0,0.0,4,5917.0,5960.0,4,5937.0,5911.0,0.0,0.0,0.0,0.0,42714
2023-05-09 21:00:00,v2310,v2310,5937.0,0.0,0.0,0.0,5,5911.0,5950.0,2,5937.0,5911.0,0.0,0.0,0.0,0.0,42714
2023-05-09 21:00:00,v2310,v2310,5937.0,0.0,0.0,0.0,5,5911.0,5915.0,1,5937.0,5911.0,0.0,0.0,0.0,0.0,42714
2023-05-09 21:00:01,v2310,v2310,5937.0,0.0,0.0,0.0,5,5911.0,5913.0,1,5937.0,5911.0,0.0,0.0,0.0,0.0,42714
2023-05-09 21:00:01,v2310,v2310,5937.0,0.0,0.0,0.0,5,5911.0,5914.0,1,5937.0,5911.0,0.0,0.0,0.0,0.0,42714
2023-05-09 21:00:02,v2310,v2310,5937.0,0.0,0.0,0.0,5,5911.0,5915.0,1,5937.0,5911.0,0.0,0.0,0.0,0.0,42714
2023-05-09 21:00:02,v2310,v2310,5911.0,5.0,147775.0,1.0,2,5903.0,5911.0,5,5937.0,5911.0,5911.0,5911.0,5.0,147775.0,42715
2023-05-09 21:00:03,v2310,v2310,5911.0,0.0,0.0,0.0,2,5910.0,5911.0,5,5937.0,5911.0,5911.0,5911.0,5.0,147775.0,42715
2023-05-09 21:00:03,v2310,v2310,5910.0,2.0,59100.0,2.0,14,5909.0,5911.0,5,5937.0,5911.0,5911.0,5910.0,7.0,206875.0,42717
2023-05-09 21:00:04,v2310,v2310,5911.0,5.0,147775.0,0.0,15,5910.0,5915.0,22,5937.0,5911.0,5911.0,5910.0,12.0,354650.0,42717
2023-05-09 21:00:04,v2310,v2310,5911.0,0.0,0.0,0.0,3,5911.0,5915.0,22,5937.0,5911.0,5911.0,5910.0,12.0,354650.0,42717
2023-05-09 21:00:05,v2310,v2310,5911.0,0.0,0.0,0.0,10,5911.0,5915.0,27,5937.0,5911.0,5911.0,5910.0,12.0,354650.0,42717
2023-05-09 21:00:05,v2310,v2310,5911.0,0.0,0.0,0.0,19,5911.0,5914.0,1,5937.0,5911.0,5911.0,5910.0,12.0,354650.0,42717
2023-05-09 21:00:06,v2310,v2310,5911.0,0.0,0.0,0.0,16,5912.0,5915.0,7,5937.0,5911.0,5911.0,5910.0,12.0,354650.0,42717
2023-05-09 21:00:06,v2310,v2310,5911.0,4.0,118220.0,-2.0,8,5913.0,5915.0,1,5937.0,5911.0,5911.0,5910.0,16.0,472870.0,42715
2023-05-09 21:00:07,v2310,v2310,5911.0,0.0,0.0,0.0,21,5913.0,5916.0,1,5937.0,5911.0,5911.0,5910.0,16.0,472870.0,42715
2023-05-09 21:00:07,v2310,v2310,5911.0,0.0,0.0,0.0,1,5913.0,5915.0,3,5937.0,5911.0,5911.0,5910.0,16.0,472870.0,42715
2023-05-09 21:00:08,v2310,v2310,5914.0,2.0,59140.0,2.0,7,5914.0,5916.0,3,5937.0,5911.0,5914.0,5910.0,18.0,532010.0,42717
2023-05-09 21:00:08,v2310,v2310,5914.0,0.0,0.0,0.0,8,5914.0,5916.0,1,5937.0,5911.0,5914.0,5910.0,18.0,532010.0,42717
2023-05-09 21:00:09,v2310,v2310,5914.0,0.0,0.0,0.0,12,5914.0,5916.0,1,5937.0,5911.0,5914.0,5910.0,18.0,532010.0,42717
2023-05-09 21:00:09,v2310,v2310,5914.0,0.0,0.0,0.0,14,5914.0,5916.0,1,5937.0,5911.0,5914.0,5910.0,18.0,532010.0,42717
2023-05-09 21:00:10,v2310,v2310,5914.0,0.0,0.0,0.0,9,5914.0,5916.0,1,5937.0,5911.0,5914.0,5910.0,18.0,532010.0,42717
2023-05-09 21:00:10,v2310,v2310,5916.0,1.0,29580.0,1.0,16,5914.0,5916.0,2,5937.0,5911.0,5916.0,5910.0,19.0,561590.0,42718
2023-05-09 21:00:11,v2310,v2310,5916.0,0.0,0.0,0.0,2,5914.0,5915.0,2,5937.0,5911.0,5916.0,5910.0,19.0,561590.0,42718
2023-05-09 21:00:11,v2310,v2310,5916.0,14.0,414070.0,8.0,1,5916.0,5917.0,1,5937.0,5911.0,5916.0,5910.0,33.0,975660.0,42726
2023-05-09 21:00:12,v2310,v2310,5917.0,2.0,59165.0,2.0,3,5915.0,5918.0,3,5937.0,5911.0,5917.0,5910.0,35.0,1034825.0,42728
2023-05-09 21:00:12,v2310,v2310,5917.0,0.0,0.0,0.0,9,5915.0,5917.0,6,5937.0,5911.0,5917.0,5910.0,35.0,1034825.0,42728
2023-05-09 21:00:13,v2310,v2310,5917.0,0.0,0.0,0.0,1,5916.0,5917.0,1,5937.0,5911.0,5917.0,5910.0,35.0,1034825.0,42728
2023-05-09 21:00:13,v2310,v2310,5917.0,0.0,0.0,0.0,4,5915.0,5917.0,6,5937.0,5911.0,5917.0,5910.0,35.0,1034825.0,42728
2023-05-09 21:00:14,v2310,v2310,5917.0,0.0,0.0,0.0,2,5915.0,5917.0,7,5937.0,5911.0,5917.0,5910.0,35.0,1034825.0,42728
2023-05-09 21:00:14,v2310,v2310,5917.0,4.0,118340.0,4.0,2,5916.0,5917.0,2,5937.0,5911.0,5917.0,5910.0,39.0,1153165.0,42732
2023-05-09 21:00:15,v2310,v2310,5917.0,0.0,0.0,0.0,7,5915.0,5917.0,7,5937.0,5911.0,5917.0,5910.0,39.0,1153165.0,42732
2023-05-09 21:00:15,v2310,v2310,5917.0,0.0,0.0,0.0,3,5916.0,5917.0,5,5937.0,5911.0,5917.0,5910.0,39.0,1153165.0,42732
2023-05-09 21:00:16,v2310,v2310,5917.0,1.0,29585.0,1.0,2,5916.0,5918.0,6,5937.0,5911.0,5917.0,5910.0,40.0,1182750.0,42733
2023-05-09 21:00:16,v2310,v2310,5917.0,0.0,0.0,0.0,1,5916.0,5917.0,2,5937.0,5911.0,5917.0,5910.0,40.0,1182750.0,42733
2023-05-09 21:00:17,v2310,v2310,5917.0,0.0,0.0,0.0,1,5917.0,5918.0,11,5937.0,5911.0,5917.0,5910.0,40.0,1182750.0,42733
2023-05-09 21:00:17,v2310,v2310,5917.0,0.0,0.0,0.0,1,5917.0,5918.0,3,5937.0,5911.0,5917.0,5910.0,40.0,1182750.0,42733
2023-05-09 21:00:18,v2310,v2310,5917.0,0.0,0.0,0.0,1,5917.0,5919.0,8,5937.0,5911.0,5917.0,5910.0,40.0,1182750.0,42733
2023-05-09 21:00:18,v2310,v2310,5917.0,0.0,0.0,0.0,1,5917.0,5919.0,7,5937.0,5911.0,5917.0,5910.0,40.0,1182750.0,42733
2023-05-09 21:00:19,v2310,v2310,5917.0,0.0,0.0,0.0,1,5917.0,5919.0,12,5937.0,5911.0,5917.0,5910.0,40.0,1182750.0,42733
2023-05-09 21:00:19,v2310,v2310,5917.0,0.0,0.0,0.0,1,5917.0,5919.0,11,5937.0,5911.0,5917.0,5910.0,40.0,1182750.0,42733
2023-05-09 21:00:20,v2310,v2310,5917.0,0.0,0.0,0.0,1,5918.0,5919.0,11,5937.0,5911.0,5917.0,5910.0,40.0,1182750.0,42733
2023-05-09 21:00:20,v2310,v2310,5917.0,0.0,0.0,0.0,2,5918.0,5919.0,1,5937.0,5911.0,5917.0,5910.0,40.0,1182750.0,42733
2023-05-09 21:00:21,v2310,v2310,5917.0,0.0,0.0,0.0,3,5918.0,5920.0,6,5937.0,5911.0,5917.0,5910.0,40.0,1182750.0,42733
2023-05-09 21:00:21,v2310,v2310,5917.0,0.0,0.0,0.0,3,5918.0,5920.0,5,5937.0,5911.0,5917.0,5910.0,40.0,1182750.0,42733
2023-05-09 21:00:22,v2310,v2310,5917.0,0.0,0.0,0.0,12,5918.0,5920.0,3,5937.0,5911.0,5917.0,5910.0,40.0,1182750.0,42733
2023-05-09 21:00:22,v2310,v2310,5917.0,0.0,0.0,0.0,7,5918.0,5921.0,10,5937.0,5911.0,5917.0,5910.0,40.0,1182750.0,42733
2023-05-09 21:00:23,v2310,v2310,5919.0,2.0,59190.0,0.0,6,5918.0,5921.0,13,5937.0,5911.0,5919.0,5910.0,42.0,1241940.0,42733
2023-05-09 21:00:23,v2310,v2310,5919.0,0.0,0.0,0.0,2,5918.0,5920.0,2,5937.0,5911.0,5919.0,5910.0,42.0,1241940.0,42733
2023-05-09 21:00:24,v2310,v2310,5919.0,0.0,0.0,0.0,2,5918.0,5920.0,1,5937.0,5911.0,5919.0,5910.0,42.0,1241940.0,42733
2023-05-09 21:00:24,v2310,v2310,5919.0,0.0,0.0,0.0,2,5919.0,5920.0,1,5937.0,5911.0,5919.0,5910.0,42.0,1241940.0,42733
2023-05-09 21:00:25,v2310,v2310,5919.0,0.0,0.0,0.0,3,5919.0,5921.0,9,5937.0,5911.0,5919.0,5910.0,42.0,1241940.0,42733
2023-05-09 21:00:25,v2310,v2310,5919.0,0.0,0.0,0.0,1,5920.0,5921.0,3,5937.0,5911.0,5919.0,5910.0,42.0,1241940.0,42733
2023-05-09 21:00:26,v2310,v2310,5919.0,0.0,0.0,0.0,1,5920.0,5922.0,8,5937.0,5911.0,5919.0,5910.0,42.0,1241940.0,42733
2023-05-09 21:00:26,v2310,v2310,5919.0,0.0,0.0,0.0,1,5920.0,5921.0,2,5937.0,5911.0,5919.0,5910.0,42.0,1241940.0,42733
2023-05-09 21:00:27,v2310,v2310,5919.0,0.0,0.0,0.0,3,5920.0,5921.0,1,5937.0,5911.0,5919.0,5910.0,42.0,1241940.0,42733
2023-05-09 21:00:27,v2310,v2310,5919.0,0.0,0.0,0.0,7,5919.0,5921.0,1,5937.0,5911.0,5919.0,5910.0,42.0,1241940.0,42733
2023-05-09 21:00:28,v2310,v2310,5919.0,6.0,177570.0,-1.0,3,5918.0,5919.0,5,5937.0,5911.0,5919.0,5910.0,48.0,1419510.0,42732
2023-05-09 21:00:28,v2310,v2310,5919.0,5.0,147975.0,3.0,1,5919.0,5920.0,5,5937.0,5911.0,5919.0,5910.0,53.0,1567485.0,42735
2023-05-09 21:00:29,v2310,v2310,5919.0,0.0,0.0,0.0,1,5919.0,5920.0,2,5937.0,5911.0,5919.0,5910.0,53.0,1567485.0,42735
2023-05-09 21:00:30,v2310,v2310,5919.0,0.0,0.0,0.0,1,5919.0,5921.0,9,5937.0,5911.0,5919.0,5910.0,53.0,1567485.0,42735
2023-05-09 21:00:30,v2310,v2310,5919.0,0.0,0.0,0.0,4,5919.0,5921.0,6,5937.0,5911.0,5919.0,5910.0,53.0,1567485.0,42735
2023-05-09 21:00:31,v2310,v2310,5919.0,0.0,0.0,0.0,2,5919.0,5921.0,7,5937.0,5911.0,5919.0,5910.0,53.0,1567485.0,42735
2023-05-09 21:00:31,v2310,v2310,5919.0,1.0,29595.0,0.0,6,5918.0,5920.0,5,5937.0,5911.0,5919.0,5910.0,54.0,1597080.0,42735
2023-05-09 21:00:32,v2310,v2310,5918.0,6.0,177540.0,0.0,9,5917.0,5918.0,2,5937.0,5911.0,5919.0,5910.0,60.0,1774620.0,42735
2023-05-09 21:00:32,v2310,v2310,5918.0,0.0,0.0,0.0,2,5917.0,5918.0,2,5937.0,5911.0,5919.0,5910.0,60.0,1774620.0,42735
2023-05-09 21:00:33,v2310,v2310,5918.0,0.0,0.0,0.0,23,5916.0,5918.0,2,5937.0,5911.0,5919.0,5910.0,60.0,1774620.0,42735
2023-05-09 21:00:33,v2310,v2310,5918.0,0.0,0.0,0.0,24,5916.0,5918.0,2,5937.0,5911.0,5919.0,5910.0,60.0,1774620.0,42735
2023-05-09 21:00:34,v2310,v2310,5918.0,0.0,0.0,0.0,6,5916.0,5918.0,6,5937.0,5911.0,5919.0,5910.0,60.0,1774620.0,42735
2023-05-09 21:00:34,v2310,v2310,5918.0,0.0,0.0,0.0,3,5916.0,5918.0,14,5937.0,5911.0,5919.0,5910.0,60.0,1774620.0,42735
2023-05-09 21:00:35,v2310,v2310,5916.0,2.0,59160.0,2.0,13,5915.0,5916.0,3,5937.0,5911.0,5919.0,5910.0,62.0,1833780.0,42737
2023-05-09 21:00:35,v2310,v2310,5916.0,12.0,354905.0,8.0,15,5914.0,5916.0,1,5937.0,5911.0,5919.0,5910.0,74.0,2188685.0,42745
2023-05-09 21:00:36,v2310,v2310,5916.0,0.0,0.0,0.0,1,5915.0,5917.0,8,5937.0,5911.0,5919.0,5910.0,74.0,2188685.0,42745
2023-05-09 21:00:36,v2310,v2310,5916.0,0.0,0.0,0.0,1,5915.0,5917.0,7,5937.0,5911.0,5919.0,5910.0,74.0,2188685.0,42745
2023-05-09 21:00:37,v2310,v2310,5916.0,0.0,0.0,0.0,1,5915.0,5916.0,2,5937.0,5911.0,5919.0,5910.0,74.0,2188685.0,42745
2023-05-09 21:00:38,v2310,v2310,5916.0,1.0,29580.0,1.0,19,5914.0,5916.0,1,5937.0,5911.0,5919.0,5910.0,75.0,2218265.0,42746
2023-05-09 21:00:38,v2310,v2310,5916.0,0.0,0.0,0.0,17,5914.0,5916.0,1,5937.0,5911.0,5919.0,5910.0,75.0,2218265.0,42746
2023-05-09 21:00:39,v2310,v2310,5916.0,0.0,0.0,0.0,18,5914.0,5917.0,17,5937.0,5911.0,5919.0,5910.0,75.0,2218265.0,42746
2023-05-09 21:00:39,v2310,v2310,5917.0,6.0,177510.0,0.0,1,5916.0,5917.0,6,5937.0,5911.0,5919.0,5910.0,81.0,2395775.0,42746
2023-05-09 21:00:40,v2310,v2310,5917.0,0.0,0.0,0.0,2,5916.0,5917.0,3,5937.0,5911.0,5919.0,5910.0,81.0,2395775.0,42746
2023-05-09 21:00:40,v2310,v2310,5917.0,3.0,88755.0,2.0,2,5916.0,5918.0,7,5937.0,5911.0,5919.0,5910.0,84.0,2484530.0,42748
2023-05-09 21:00:41,v2310,v2310,5917.0,1.0,29585.0,0.0,8,5916.0,5918.0,4,5937.0,5911.0,5919.0,5910.0,85.0,2514115.0,42748
2023-05-09 21:00:41,v2310,v2310,5917.0,0.0,0.0,0.0,3,5916.0,5918.0,3,5937.0,5911.0,5919.0,5910.0,85.0,2514115.0,42748
2023-05-09 21:00:42,v2310,v2310,5917.0,0.0,0.0,0.0,1,5916.0,5917.0,2,5937.0,5911.0,5919.0,5910.0,85.0,2514115.0,42748
2023-05-09 21:00:42,v2310,v2310,5917.0,0.0,0.0,0.0,8,5915.0,5917.0,2,5937.0,5911.0,5919.0,5910.0,85.0,2514115.0,42748
2023-05-09 21:00:43,v2310,v2310,5917.0,0.0,0.0,0.0,9,5915.0,5917.0,2,5937.0,5911.0,5919.0,5910.0,85.0,2514115.0,42748
2023-05-09 21:00:45,v2310,v2310,5917.0,0.0,0.0,0.0,7,5915.0,5917.0,3,5937.0,5911.0,5919.0,5910.0,85.0,2514115.0,42748
2023-05-09 21:00:45,v2310,v2310,5917.0,0.0,0.0,0.0,8,5915.0,5917.0,15,5937.0,5911.0,5919.0,5910.0,85.0,2514115.0,42748
2023-05-09 21:00:46,v2310,v2310,5917.0,0.0,0.0,0.0,9,5915.0,5917.0,15,5937.0,5911.0,5919.0,5910.0,85.0,2514115.0,42748
2023-05-09 21:00:46,v2310,v2310,5917.0,0.0,0.0,0.0,12,5915.0,5917.0,4,5937.0,5911.0,5919.0,5910.0,85.0,2514115.0,42748
2023-05-09 21:00:47,v2310,v2310,5917.0,5.0,147925.0,1.0,3,5917.0,5918.0,11,5937.0,5911.0,5919.0,5910.0,90.0,2662040.0,42749
2023-05-09 21:00:47,v2310,v2310,5917.0,0.0,0.0,0.0,3,5917.0,5918.0,13,5937.0,5911.0,5919.0,5910.0,90.0,2662040.0,42749
2023-05-09 21:00:48,v2310,v2310,5917.0,0.0,0.0,0.0,3,5917.0,5918.0,11,5937.0,5911.0,5919.0,5910.0,90.0,2662040.0,42749
2023-05-09 21:00:48,v2310,v2310,5917.0,3.0,88755.0,0.0,7,5916.0,5918.0,14,5937.0,5911.0,5919.0,5910.0,93.0,2750795.0,42749
2023-05-09 21:00:49,v2310,v2310,5917.0,0.0,0.0,0.0,7,5916.0,5918.0,15,5937.0,5911.0,5919.0,5910.0,93.0,2750795.0,42749
2023-05-09 21:00:49,v2310,v2310,5917.0,0.0,0.0,0.0,2,5916.0,5918.0,14,5937.0,5911.0,5919.0,5910.0,93.0,2750795.0,42749
2023-05-09 21:00:50,v2310,v2310,5917.0,0.0,0.0,0.0,10,5915.0,5917.0,2,5937.0,5911.0,5919.0,5910.0,93.0,2750795.0,42749
2023-05-09 21:00:50,v2310,v2310,5917.0,0.0,0.0,0.0,2,5916.0,5918.0,25,5937.0,5911.0,5919.0,5910.0,93.0,2750795.0,42749
2023-05-09 21:00:51,v2310,v2310,5916.0,3.0,88740.0,0.0,13,5915.0,5918.0,14,5937.0,5911.0,5919.0,5910.0,96.0,2839535.0,42749
2023-05-09 21:00:51,v2310,v2310,5915.0,5.0,147875.0,2.0,7,5914.0,5916.0,2,5937.0,5911.0,5919.0,5910.0,101.0,2987410.0,42751
2023-05-09 21:00:52,v2310,v2310,5915.0,0.0,0.0,0.0,4,5914.0,5916.0,3,5937.0,5911.0,5919.0,5910.0,101.0,2987410.0,42751
2023-05-09 21:00:52,v2310,v2310,5916.0,6.0,177480.0,2.0,2,5915.0,5916.0,4,5937.0,5911.0,5919.0,5910.0,107.0,3164890.0,42753
2023-05-09 21:00:53,v2310,v2310,5916.0,0.0,0.0,0.0,3,5915.0,5917.0,5,5937.0,5911.0,5919.0,5910.0,107.0,3164890.0,42753
2023-05-09 21:00:53,v2310,v2310,5916.0,0.0,0.0,0.0,2,5915.0,5917.0,1,5937.0,5911.0,5919.0,5910.0,107.0,3164890.0,42753
2023-05-09 21:00:54,v2310,v2310,5916.0,0.0,0.0,0.0,3,5916.0,5917.0,5,5937.0,5911.0,5919.0,5910.0,107.0,3164890.0,42753
2023-05-09 21:00:54,v2310,v2310,5916.0,0.0,0.0,0.0,5,5916.0,5918.0,12,5937.0,5911.0,5919.0,5910.0,107.0,3164890.0,42753
2023-05-09 21:00:55,v2310,v2310,5916.0,0.0,0.0,0.0,1,5917.0,5918.0,7,5937.0,5911.0,5919.0,5910.0,107.0,3164890.0,42753
2023-05-09 21:00:55,v2310,v2310,5916.0,3.0,88745.0,2.0,5,5915.0,5916.0,2,5937.0,5911.0,5919.0,5910.0,110.0,3253635.0,42755
2023-05-09 21:00:56,v2310,v2310,5915.0,6.0,177450.0,0.0,3,5914.0,5915.0,3,5937.0,5911.0,5919.0,5910.0,116.0,3431085.0,42755
2023-05-09 21:00:56,v2310,v2310,5915.0,0.0,0.0,0.0,2,5914.0,5915.0,3,5937.0,5911.0,5919.0,5910.0,116.0,3431085.0,42755
2023-05-09 21:00:57,v2310,v2310,5915.0,2.0,59150.0,-1.0,2,5914.0,5916.0,12,5937.0,5911.0,5919.0,5910.0,118.0,3490235.0,42754
2023-05-09 21:00:57,v2310,v2310,5915.0,0.0,0.0,0.0,3,5914.0,5916.0,10,5937.0,5911.0,5919.0,5910.0,118.0,3490235.0,42754
2023-05-09 21:00:58,v2310,v2310,5915.0,0.0,0.0,0.0,3,5914.0,5915.0,1,5937.0,5911.0,5919.0,5910.0,118.0,3490235.0,42754
2023-05-09 21:00:58,v2310,v2310,5915.0,0.0,0.0,0.0,10,5913.0,5915.0,2,5937.0,5911.0,5919.0,5910.0,118.0,3490235.0,42754
2023-05-09 21:00:59,v2310,v2310,5915.0,0.0,0.0,0.0,8,5913.0,5915.0,3,5937.0,5911.0,5919.0,5910.0,118.0,3490235.0,42754
2023-05-09 21:00:59,v2310,v2310,5915.0,0.0,0.0,0.0,2,5914.0,5915.0,1,5937.0,5911.0,5919.0,5910.0,118.0,3490235.0,42754
2023-05-09 21:01:00,v2310,v2310,5915.0,0.0,0.0,0.0,10,5913.0,5915.0,3,5937.0,5911.0,5919.0,5910.0,118.0,3490235.0,42754
2023-05-09 21:01:00,v2310,v2310,5915.0,0.0,0.0,0.0,4,5914.0,5915.0,5,5937.0,5911.0,5919.0,5910.0,118.0,3490235.0,42754
2023-05-09 21:01:01,v2310,v2310,5914.0,4.0,118280.0,4.0,3,5913.0,5914.0,7,5937.0,5911.0,5919.0,5910.0,122.0,3608515.0,42758
2023-05-09 21:01:02,v2310,v2310,5914.0,0.0,0.0,0.0,6,5912.0,5914.0,10,5937.0,5911.0,5919.0,5910.0,122.0,3608515.0,42758
2023-05-09 21:01:02,v2310,v2310,5914.0,0.0,0.0,0.0,1,5912.0,5914.0,22,5937.0,5911.0,5919.0,5910.0,122.0,3608515.0,42758
2023-05-09 21:01:03,v2310,v2310,5914.0,0.0,0.0,0.0,14,5911.0,5913.0,2,5937.0,5911.0,5919.0,5910.0,122.0,3608515.0,42758
2023-05-09 21:01:03,v2310,v2310,5914.0,0.0,0.0,0.0,10,5911.0,5913.0,9,5937.0,5911.0,5919.0,5910.0,122.0,3608515.0,42758
2023-05-09 21:01:04,v2310,v2310,5911.0,3.0,88665.0,3.0,6,5910.0,5911.0,3,5937.0,5911.0,5919.0,5910.0,125.0,3697180.0,42761
2023-05-09 21:01:04,v2310,v2310,5911.0,0.0,0.0,0.0,4,5910.0,5911.0,5,5937.0,5911.0,5919.0,5910.0,125.0,3697180.0,42761
2023-05-09 21:01:05,v2310,v2310,5910.0,10.0,295500.0,2.0,2,5909.0,5910.0,1,5937.0,5911.0,5919.0,5910.0,135.0,3992680.0,42763
2023-05-09 21:01:05,v2310,v2310,5910.0,0.0,0.0,0.0,4,5909.0,5910.0,1,5937.0,5911.0,5919.0,5910.0,135.0,3992680.0,42763
2023-05-09 21:01:06,v2310,v2310,5910.0,1.0,29550.0,1.0,6,5909.0,5911.0,6,5937.0,5911.0,5919.0,5910.0,136.0,4022230.0,42764
2023-05-09 21:01:06,v2310,v2310,5910.0,0.0,0.0,0.0,6,5910.0,5911.0,3,5937.0,5911.0,5919.0,5910.0,136.0,4022230.0,42764
2023-05-09 21:01:07,v2310,v2310,5910.0,0.0,0.0,0.0,1,5910.0,5911.0,10,5937.0,5911.0,5919.0,5910.0,136.0,4022230.0,42764
2023-05-09 21:01:07,v2310,v2310,5910.0,2.0,59100.0,2.0,8,5909.0,5910.0,1,5937.0,5911.0,5919.0,5910.0,138.0,4081330.0,42766
2023-05-09 21:01:08,v2310,v2310,5910.0,0.0,0.0,0.0,5,5909.0,5910.0,1,5937.0,5911.0,5919.0,5910.0,138.0,4081330.0,42766
2023-05-09 21:01:08,v2310,v2310,5910.0,1.0,29550.0,0.0,1,5910.0,5911.0,8,5937.0,5911.0,5919.0,5910.0,139.0,4110880.0,42766
2023-05-09 21:01:09,v2310,v2310,5910.0,0.0,0.0,0.0,7,5909.0,5911.0,8,5937.0,5911.0,5919.0,5910.0,139.0,4110880.0,42766
2023-05-09 21:01:09,v2310,v2310,5910.0,0.0,0.0,0.0,4,5909.0,5911.0,15,5937.0,5911.0,5919.0,5910.0,139.0,4110880.0,42766
2023-05-09 21:01:10,v2310,v2310,5910.0,0.0,0.0,0.0,10,5908.0,5910.0,3,5937.0,5911.0,5919.0,5910.0,139.0,4110880.0,42766
2023-05-09 21:01:11,v2310,v2310,5910.0,0.0,0.0,0.0,9,5908.0,5910.0,2,5937.0,5911.0,5919.0,5910.0,139.0,4110880.0,42766
2023-05-09 21:01:11,v2310,v2310,5910.0,0.0,0.0,0.0,6,5908.0,5910.0,5,5937.0,5911.0,5919.0,5910.0,139.0,4110880.0,42766
2023-05-09 21:01:12,v2310,v2310,5910.0,0.0,0.0,0.0,2,5909.0,5910.0,3,5937.0,5911.0,5919.0,5910.0,139.0,4110880.0,42766
2023-05-09 21:01:12,v2310,v2310,5910.0,0.0,0.0,0.0,12,5908.0,5910.0,2,5937.0,5911.0,5919.0,5910.0,139.0,4110880.0,42766
2023-05-09 21:01:13,v2310,v2310,5905.0,20.0,590725.0,13.0,2,5904.0,5906.0,4,5937.0,5911.0,5919.0,5905.0,159.0,4701605.0,42779
2023-05-09 21:01:13,v2310,v2310,5906.0,15.0,442990.0,-3.0,2,5906.0,5907.0,5,5937.0,5911.0,5919.0,5905.0,174.0,5144595.0,42776
2023-05-09 21:01:14,v2310,v2310,5906.0,4.0,118115.0,0.0,3,5905.0,5906.0,4,5937.0,5911.0,5919.0,5905.0,178.0,5262710.0,42776
2023-05-09 21:01:14,v2310,v2310,5906.0,0.0,0.0,0.0,7,5904.0,5906.0,4,5937.0,5911.0,5919.0,5905.0,178.0,5262710.0,42776
2023-05-09 21:01:15,v2310,v2310,5906.0,0.0,0.0,0.0,3,5904.0,5906.0,11,5937.0,5911.0,5919.0,5905.0,178.0,5262710.0,42776
2023-05-09 21:01:15,v2310,v2310,5906.0,0.0,0.0,0.0,8,5904.0,5906.0,9,5937.0,5911.0,5919.0,5905.0,178.0,5262710.0,42776
2023-05-09 21:01:16,v2310,v2310,5906.0,0.0,0.0,0.0,2,5904.0,5905.0,2,5937.0,5911.0,5919.0,5905.0,178.0,5262710.0,42776
2023-05-09 21:01:16,v2310,v2310,5906.0,0.0,0.0,0.0,10,5903.0,5904.0,6,5937.0,5911.0,5919.0,5905.0,178.0,5262710.0,42776
2023-05-09 21:01:17,v2310,v2310,5906.0,0.0,0.0,0.0,8,5903.0,5904.0,6,5937.0,5911.0,5919.0,5905.0,178.0,5262710.0,42776
2023-05-09 21:01:17,v2310,v2310,5906.0,0.0,0.0,0.0,4,5903.0,5904.0,9,5937.0,5911.0,5919.0,5905.0,178.0,5262710.0,42776
2023-05-09 21:01:18,v2310,v2310,5903.0,2.0,59030.0,-1.0,1,5903.0,5904.0,12,5937.0,5911.0,5919.0,5903.0,180.0,5321740.0,42775
2023-05-09 21:01:18,v2310,v2310,5903.0,0.0,0.0,0.0,5,5903.0,5904.0,7,5937.0,5911.0,5919.0,5903.0,180.0,5321740.0,42775
2023-05-09 21:01:19,v2310,v2310,5905.0,14.0,413315.0,7.0,1,5905.0,5906.0,5,5937.0,5911.0,5919.0,5903.0,194.0,5735055.0,42782
2023-05-09 21:01:19,v2310,v2310,5907.0,8.0,236275.0,4.0,1,5906.0,5907.0,6,5937.0,5911.0,5919.0,5903.0,202.0,5971330.0,42786
2023-05-09 21:01:20,v2310,v2310,5907.0,4.0,118130.0,4.0,1,5907.0,5908.0,10,5937.0,5911.0,5919.0,5903.0,206.0,6089460.0,42790
2023-05-09 21:01:20,v2310,v2310,5906.0,2.0,59065.0,0.0,5,5905.0,5906.0,1,5937.0,5911.0,5919.0,5903.0,208.0,6148525.0,42790
2023-05-09 21:01:21,v2310,v2310,5906.0,0.0,0.0,0.0,1,5905.0,5906.0,5,5937.0,5911.0,5919.0,5903.0,208.0,6148525.0,42790
2023-05-09 21:01:21,v2310,v2310,5905.0,1.0,29525.0,1.0,4,5904.0,5906.0,10,5937.0,5911.0,5919.0,5903.0,209.0,6178050.0,42791
2023-05-09 21:01:22,v2310,v2310,5904.0,4.0,118080.0,3.0,6,5903.0,5904.0,1,5937.0,5911.0,5919.0,5903.0,213.0,6296130.0,42794
2023-05-09 21:01:22,v2310,v2310,5904.0,0.0,0.0,0.0,3,5903.0,5904.0,1,5937.0,5911.0,5919.0,5903.0,213.0,6296130.0,42794
2023-05-09 21:01:23,v2310,v2310,5903.0,2.0,59030.0,2.0,6,5902.0,5903.0,1,5937.0,5911.0,5919.0,5903.0,215.0,6355160.0,42796
2023-05-09 21:01:23,v2310,v2310,5902.0,1.0,29510.0,0.0,8,5902.0,5904.0,10,5937.0,5911.0,5919.0,5902.0,216.0,6384670.0,42796
2023-05-09 21:01:24,v2310,v2310,5904.0,1.0,29520.0,1.0,2,5902.0,5904.0,15,5937.0,5911.0,5919.0,5902.0,217.0,6414190.0,42797
2023-05-09 21:01:24,v2310,v2310,5904.0,0.0,0.0,0.0,1,5902.0,5904.0,14,5937.0,5911.0,5919.0,5902.0,217.0,6414190.0,42797
2023-05-09 21:01:25,v2310,v2310,5904.0,0.0,0.0,0.0,1,5902.0,5903.0,3,5937.0,5911.0,5919.0,5902.0,217.0,6414190.0,42797
2023-05-09 21:01:25,v2310,v2310,5903.0,2.0,59030.0,0.0,2,5902.0,5904.0,15,5937.0,5911.0,5919.0,5902.0,219.0,6473220.0,42797
2023-05-09 21:01:26,v2310,v2310,5903.0,0.0,0.0,0.0,1,5902.0,5904.0,13,5937.0,5911.0,5919.0,5902.0,219.0,6473220.0,42797
2023-05-09 21:01:27,v2310,v2310,5903.0,0.0,0.0,0.0,8,5901.0,5903.0,4,5937.0,5911.0,5919.0,5902.0,219.0,6473220.0,42797
2023-05-09 21:01:27,v2310,v2310,5903.0,0.0,0.0,0.0,2,5902.0,5904.0,15,5937.0,5911.0,5919.0,5902.0,219.0,6473220.0,42797
2023-05-09 21:01:27,v2310,v2310,5903.0,0.0,0.0,0.0,1,5902.0,5904.0,14,5937.0,5911.0,5919.0,5902.0,219.0,6473220.0,42797
2023-05-09 21:01:28,v2310,v2310,5903.0,0.0,0.0,0.0,2,5902.0,5904.0,14,5937.0,5911.0,5919.0,5902.0,219.0,6473220.0,42797
2023-05-09 21:01:29,v2310,v2310,5903.0,0.0,0.0,0.0,1,5902.0,5904.0,15,5937.0,5911.0,5919.0,5902.0,219.0,6473220.0,42797
2023-05-09 21:01:30,v2310,v2310,5903.0,0.0,0.0,0.0,1,5902.0,5903.0,2,5937.0,5911.0,5919.0,5902.0,219.0,6473220.0,42797
2023-05-09 21:01:30,v2310,v2310,5903.0,1.0,29515.0,0.0,2,5902.0,5903.0,1,5937.0,5911.0,5919.0,5902.0,220.0,6502735.0,42797
2023-05-09 21:01:31,v2310,v2310,5903.0,0.0,0.0,0.0,6,5902.0,5904.0,14,5937.0,5911.0,5919.0,5902.0,220.0,6502735.0,42797
2023-05-09 21:01:31,v2310,v2310,5905.0,7.0,206655.0,4.0,1,5904.0,5905.0,4,5937.0,5911.0,5919.0,5902.0,227.0,6709390.0,42801
2023-05-09 21:01:32,v2310,v2310,5905.0,3.0,88575.0,-1.0,2,5905.0,5906.0,9,5937.0,5911.0,5919.0,5902.0,230.0,6797965.0,42800
2023-05-09 21:01:32,v2310,v2310,5905.0,0.0,0.0,0.0,1,5905.0,5906.0,4,5937.0,5911.0,5919.0,5902.0,230.0,6797965.0,42800
2023-05-09 21:01:33,v2310,v2310,5905.0,0.0,0.0,0.0,1,5905.0,5906.0,10,5937.0,5911.0,5919.0,5902.0,230.0,6797965.0,42800
2023-05-09 21:01:33,v2310,v2310,5906.0,2.0,59060.0,2.0,2,5905.0,5906.0,6,5937.0,5911.0,5919.0,5902.0,232.0,6857025.0,42802
2023-05-09 21:01:34,v2310,v2310,5906.0,0.0,0.0,0.0,1,5905.0,5906.0,1,5937.0,5911.0,5919.0,5902.0,232.0,6857025.0,42802
2023-05-09 21:01:35,v2310,v2310,5906.0,0.0,0.0,0.0,7,5904.0,5906.0,6,5937.0,5911.0,5919.0,5902.0,232.0,6857025.0,42802
2023-05-09 21:01:35,v2310,v2310,5906.0,0.0,0.0,0.0,8,5904.0,5906.0,7,5937.0,5911.0,5919.0,5902.0,232.0,6857025.0,42802
2023-05-09 21:01:36,v2310,v2310,5906.0,0.0,0.0,0.0,2,5905.0,5907.0,11,5937.0,5911.0,5919.0,5902.0,232.0,6857025.0,42802
2023-05-09 21:01:36,v2310,v2310,5906.0,0.0,0.0,0.0,2,5905.0,5907.0,9,5937.0,5911.0,5919.0,5902.0,232.0,6857025.0,42802
2023-05-09 21:01:37,v2310,v2310,5906.0,0.0,0.0,0.0,1,5905.0,5906.0,4,5937.0,5911.0,5919.0,5902.0,232.0,6857025.0,42802
2023-05-09 21:01:37,v2310,v2310,5905.0,1.0,29525.0,1.0,5,5904.0,5906.0,6,5937.0,5911.0,5919.0,5902.0,233.0,6886550.0,42803
2023-05-09 21:01:38,v2310,v2310,5905.0,0.0,0.0,0.0,3,5904.0,5906.0,9,5937.0,5911.0,5919.0,5902.0,233.0,6886550.0,42803
2023-05-09 21:01:38,v2310,v2310,5905.0,0.0,0.0,0.0,3,5904.0,5906.0,8,5937.0,5911.0,5919.0,5902.0,233.0,6886550.0,42803
2023-05-09 21:01:39,v2310,v2310,5905.0,0.0,0.0,0.0,8,5904.0,5906.0,1,5937.0,5911.0,5919.0,5902.0,233.0,6886550.0,42803
2023-05-09 21:01:39,v2310,v2310,5905.0,0.0,0.0,0.0,8,5904.0,5906.0,3,5937.0,5911.0,5919.0,5902.0,233.0,6886550.0,42803
2023-05-09 21:01:40,v2310,v2310,5906.0,1.0,29530.0,1.0,5,5904.0,5906.0,4,5937.0,5911.0,5919.0,5902.0,234.0,6916080.0,42804
2023-05-09 21:01:40,v2310,v2310,5906.0,0.0,0.0,0.0,3,5905.0,5906.0,1,5937.0,5911.0,5919.0,5902.0,234.0,6916080.0,42804
2023-05-09 21:01:41,v2310,v2310,5906.0,1.0,29530.0,-1.0,4,5905.0,5907.0,14,5937.0,5911.0,5919.0,5902.0,235.0,6945610.0,42803
2023-05-09 21:01:41,v2310,v2310,5906.0,0.0,0.0,0.0,2,5905.0,5907.0,25,5937.0,5911.0,5919.0,5902.0,235.0,6945610.0,42803
2023-05-09 21:01:42,v2310,v2310,5906.0,0.0,0.0,0.0,5,5905.0,5907.0,15,5937.0,5911.0,5919.0,5902.0,235.0,6945610.0,42803
2023-05-09 21:01:42,v2310,v2310,5906.0,0.0,0.0,0.0,3,5905.0,5907.0,14,5937.0,5911.0,5919.0,5902.0,235.0,6945610.0,42803
2023-05-09 21:01:43,v2310,v2310,5906.0,0.0,0.0,0.0,3,5905.0,5907.0,24,5937.0,5911.0,5919.0,5902.0,235.0,6945610.0,42803
2023-05-09 21:01:43,v2310,v2310,5903.0,14.0,413280.0,12.0,3,5902.0,5903.0,1,5937.0,5911.0,5919.0,5902.0,249.0,7358890.0,42815
2023-05-09 21:01:44,v2310,v2310,5901.0,14.0,413110.0,-1.0,2,5901.0,5902.0,2,5937.0,5911.0,5919.0,5901.0,263.0,7772000.0,42814
2023-05-09 21:01:44,v2310,v2310,5902.0,2.0,59020.0,2.0,3,5902.0,5903.0,5,5937.0,5911.0,5919.0,5901.0,265.0,7831020.0,42816
2023-05-09 21:01:45,v2310,v2310,5903.0,4.0,118060.0,4.0,4,5903.0,5904.0,9,5937.0,5911.0,5919.0,5901.0,269.0,7949080.0,42820
2023-05-09 21:01:45,v2310,v2310,5904.0,4.0,118080.0,2.0,1,5903.0,5904.0,4,5937.0,5911.0,5919.0,5901.0,273.0,8067160.0,42822
2023-05-09 21:01:46,v2310,v2310,5904.0,0.0,0.0,0.0,5,5902.0,5904.0,11,5937.0,5911.0,5919.0,5901.0,273.0,8067160.0,42822
2023-05-09 21:01:46,v2310,v2310,5904.0,0.0,0.0,0.0,3,5902.0,5904.0,14,5937.0,5911.0,5919.0,5901.0,273.0,8067160.0,42822
2023-05-09 21:01:47,v2310,v2310,5904.0,0.0,0.0,0.0,3,5902.0,5904.0,15,5937.0,5911.0,5919.0,5901.0,273.0,8067160.0,42822
2023-05-09 21:01:47,v2310,v2310,5904.0,6.0,177120.0,-1.0,1,5903.0,5904.0,3,5937.0,5911.0,5919.0,5901.0,279.0,8244280.0,42821
2023-05-09 21:01:48,v2310,v2310,5904.0,0.0,0.0,0.0,1,5903.0,5904.0,2,5937.0,5911.0,5919.0,5901.0,279.0,8244280.0,42821
2023-05-09 21:01:48,v2310,v2310,5904.0,2.0,59040.0,0.0,1,5903.0,5905.0,8,5937.0,5911.0,5919.0,5901.0,281.0,8303320.0,42821
2023-05-09 21:01:49,v2310,v2310,5904.0,0.0,0.0,0.0,1,5904.0,5905.0,1,5937.0,5911.0,5919.0,5901.0,281.0,8303320.0,42821
2023-05-09 21:01:49,v2310,v2310,5904.0,0.0,0.0,0.0,1,5904.0,5906.0,7,5937.0,5911.0,5919.0,5901.0,281.0,8303320.0,42821
2023-05-09 21:01:50,v2310,v2310,5904.0,0.0,0.0,0.0,1,5904.0,5905.0,2,5937.0,5911.0,5919.0,5901.0,281.0,8303320.0,42821
2023-05-09 21:01:51,v2310,v2310,5904.0,0.0,0.0,0.0,11,5903.0,5906.0,17,5937.0,5911.0,5919.0,5901.0,281.0,8303320.0,42821
2023-05-09 21:01:52,v2310,v2310,5904.0,0.0,0.0,0.0,1,5904.0,5906.0,14,5937.0,5911.0,5919.0,5901.0,281.0,8303320.0,42821
2023-05-09 21:01:53,v2310,v2310,5904.0,0.0,0.0,0.0,1,5904.0,5905.0,2,5937.0,5911.0,5919.0,5901.0,281.0,8303320.0,42821
2023-05-09 21:01:54,v2310,v2310,5904.0,0.0,0.0,0.0,1,5904.0,5905.0,3,5937.0,5911.0,5919.0,5901.0,281.0,8303320.0,42821
2023-05-09 21:01:54,v2310,v2310,5904.0,0.0,0.0,0.0,8,5903.0,5905.0,3,5937.0,5911.0,5919.0,5901.0,281.0,8303320.0,42821
2023-05-09 21:01:55,v2310,v2310,5905.0,1.0,29525.0,1.0,9,5903.0,5905.0,2,5937.0,5911.0,5919.0,5901.0,282.0,8332845.0,42822
2023-05-09 21:01:56,v2310,v2310,5905.0,0.0,0.0,0.0,2,5904.0,5906.0,15,5937.0,5911.0,5919.0,5901.0,282.0,8332845.0,42822
2023-05-09 21:01:56,v2310,v2310,5905.0,0.0,0.0,0.0,3,5904.0,5906.0,13,5937.0,5911.0,5919.0,5901.0,282.0,8332845.0,42822
2023-05-09 21:01:58,v2310,v2310,5905.0,0.0,0.0,0.0,3,5904.0,5906.0,14,5937.0,5911.0,5919.0,5901.0,282.0,8332845.0,42822
2023-05-09 21:02:00,v2310,v2310,5905.0,0.0,0.0,0.0,3,5904.0,5906.0,13,5937.0,5911.0,5919.0,5901.0,282.0,8332845.0,42822
2023-05-09 21:02:00,v2310,v2310,5905.0,0.0,0.0,0.0,9,5904.0,5906.0,8,5937.0,5911.0,5919.0,5901.0,282.0,8332845.0,42822
2023-05-09 21:02:01,v2310,v2310,5905.0,0.0,0.0,0.0,1,5905.0,5906.0,5,5937.0,5911.0,5919.0,5901.0,282.0,8332845.0,42822
2023-05-09 21:02:01,v2310,v2310,5905.0,1.0,29525.0,1.0,1,5904.0,5905.0,2,5937.0,5911.0,5919.0,5901.0,283.0,8362370.0,42823
2023-05-09 21:02:02,v2310,v2310,5904.0,1.0,29520.0,0.0,4,5903.0,5904.0,1,5937.0,5911.0,5919.0,5901.0,284.0,8391890.0,42823
2023-05-09 21:02:02,v2310,v2310,5903.0,5.0,147575.0,4.0,6,5902.0,5903.0,2,5937.0,5911.0,5919.0,5901.0,289.0,8539465.0,42827
2023-05-09 21:02:03,v2310,v2310,5903.0,0.0,0.0,0.0,10,5901.0,5903.0,2,5937.0,5911.0,5919.0,5901.0,289.0,8539465.0,42827
2023-05-09 21:02:03,v2310,v2310,5903.0,0.0,0.0,0.0,11,5901.0,5903.0,2,5937.0,5911.0,5919.0,5901.0,289.0,8539465.0,42827
2023-05-09 21:02:04,v2310,v2310,5903.0,0.0,0.0,0.0,10,5901.0,5903.0,6,5937.0,5911.0,5919.0,5901.0,289.0,8539465.0,42827
2023-05-09 21:02:04,v2310,v2310,5903.0,0.0,0.0,0.0,7,5901.0,5903.0,17,5937.0,5911.0,5919.0,5901.0,289.0,8539465.0,42827
2023-05-09 21:02:05,v2310,v2310,5903.0,0.0,0.0,0.0,4,5901.0,5903.0,18,5937.0,5911.0,5919.0,5901.0,289.0,8539465.0,42827
2023-05-09 21:02:06,v2310,v2310,5903.0,0.0,0.0,0.0,3,5901.0,5903.0,18,5937.0,5911.0,5919.0,5901.0,289.0,8539465.0,42827
2023-05-09 21:02:08,v2310,v2310,5903.0,0.0,0.0,0.0,11,5901.0,5903.0,8,5937.0,5911.0,5919.0,5901.0,289.0,8539465.0,42827
2023-05-09 21:02:09,v2310,v2310,5903.0,0.0,0.0,0.0,14,5901.0,5903.0,4,5937.0,5911.0,5919.0,5901.0,289.0,8539465.0,42827
2023-05-09 21:02:09,v2310,v2310,5903.0,0.0,0.0,0.0,13,5901.0,5903.0,6,5937.0,5911.0,5919.0,5901.0,289.0,8539465.0,42827
2023-05-09 21:02:10,v2310,v2310,5903.0,0.0,0.0,0.0,2,5902.0,5903.0,13,5937.0,5911.0,5919.0,5901.0,289.0,8539465.0,42827
2023-05-09 21:02:10,v2310,v2310,5903.0,6.0,177090.0,-2.0,1,5902.0,5904.0,14,5937.0,5911.0,5919.0,5901.0,295.0,8716555.0,42825
2023-05-09 21:02:11,v2310,v2310,5903.0,0.0,0.0,0.0,1,5902.0,5904.0,11,5937.0,5911.0,5919.0,5901.0,295.0,8716555.0,42825
2023-05-09 21:02:11,v2310,v2310,5903.0,0.0,0.0,0.0,1,5902.0,5904.0,16,5937.0,5911.0,5919.0,5901.0,295.0,8716555.0,42825
2023-05-09 21:02:12,v2310,v2310,5903.0,0.0,0.0,0.0,1,5902.0,5904.0,17,5937.0,5911.0,5919.0,5901.0,295.0,8716555.0,42825
2023-05-09 21:02:12,v2310,v2310,5902.0,1.0,29510.0,1.0,13,5901.0,5902.0,1,5937.0,5911.0,5919.0,5901.0,296.0,8746065.0,42826
2023-05-09 21:02:13,v2310,v2310,5902.0,0.0,0.0,0.0,8,5901.0,5903.0,7,5937.0,5911.0,5919.0,5901.0,296.0,8746065.0,42826
2023-05-09 21:02:13,v2310,v2310,5902.0,0.0,0.0,0.0,10,5901.0,5903.0,6,5937.0,5911.0,5919.0,5901.0,296.0,8746065.0,42826
2023-05-09 21:02:14,v2310,v2310,5902.0,0.0,0.0,0.0,11,5901.0,5903.0,13,5937.0,5911.0,5919.0,5901.0,296.0,8746065.0,42826
2023-05-09 21:02:14,v2310,v2310,5902.0,0.0,0.0,0.0,5,5901.0,5903.0,17,5937.0,5911.0,5919.0,5901.0,296.0,8746065.0,42826
2023-05-09 21:02:15,v2310,v2310,5902.0,0.0,0.0,0.0,3,5901.0,5903.0,15,5937.0,5911.0,5919.0,5901.0,296.0,8746065.0,42826
2023-05-09 21:02:15,v2310,v2310,5901.0,3.0,88515.0,3.0,11,5900.0,5903.0,17,5937.0,5911.0,5919.0,5901.0,299.0,8834580.0,42829
2023-05-09 21:02:16,v2310,v2310,5901.0,0.0,0.0,0.0,4,5900.0,5901.0,1,5937.0,5911.0,5919.0,5901.0,299.0,8834580.0,42829
2023-05-09 21:02:16,v2310,v2310,5901.0,2.0,59010.0,1.0,1,5900.0,5902.0,7,5937.0,5911.0,5919.0,5901.0,301.0,8893590.0,42830
2023-05-09 21:02:17,v2310,v2310,5900.0,2.0,59000.0,1.0,2,5900.0,5902.0,20,5937.0,5911.0,5919.0,5900.0,303.0,8952590.0,42831
2023-05-09 21:02:17,v2310,v2310,5901.0,1.0,29505.0,0.0,15,5899.0,5902.0,13,5937.0,5911.0,5919.0,5900.0,304.0,8982095.0,42831
2023-05-09 21:02:18,v2310,v2310,5901.0,0.0,0.0,0.0,18,5899.0,5902.0,13,5937.0,5911.0,5919.0,5900.0,304.0,8982095.0,42831
2023-05-09 21:02:18,v2310,v2310,5902.0,9.0,265590.0,3.0,3,5902.0,5903.0,5,5937.0,5911.0,5919.0,5900.0,313.0,9247685.0,42834
2023-05-09 21:02:19,v2310,v2310,5903.0,2.0,59025.0,1.0,6,5902.0,5903.0,2,5937.0,5911.0,5919.0,5900.0,315.0,9306710.0,42835
2023-05-09 21:02:19,v2310,v2310,5903.0,1.0,29515.0,1.0,8,5902.0,5904.0,8,5937.0,5911.0,5919.0,5900.0,316.0,9336225.0,42836
2023-05-09 21:02:20,v2310,v2310,5903.0,0.0,0.0,0.0,11,5902.0,5904.0,6,5937.0,5911.0,5919.0,5900.0,316.0,9336225.0,42836
2023-05-09 21:02:20,v2310,v2310,5903.0,0.0,0.0,0.0,12,5902.0,5904.0,13,5937.0,5911.0,5919.0,5900.0,316.0,9336225.0,42836
2023-05-09 21:02:21,v2310,v2310,5904.0,1.0,29520.0,0.0,3,5903.0,5904.0,11,5937.0,5911.0,5919.0,5900.0,317.0,9365745.0,42836
2023-05-09 21:02:21,v2310,v2310,5904.0,2.0,59040.0,2.0,3,5904.0,5905.0,4,5937.0,5911.0,5919.0,5900.0,319.0,9424785.0,42838
2023-05-09 21:02:22,v2310,v2310,5904.0,0.0,0.0,0.0,3,5904.0,5906.0,10,5937.0,5911.0,5919.0,5900.0,319.0,9424785.0,42838
2023-05-09 21:02:22,v2310,v2310,5904.0,0.0,0.0,0.0,6,5904.0,5906.0,11,5937.0,5911.0,5919.0,5900.0,319.0,9424785.0,42838
2023-05-09 21:02:23,v2310,v2310,5904.0,0.0,0.0,0.0,1,5905.0,5906.0,1,5937.0,5911.0,5919.0,5900.0,319.0,9424785.0,42838
2023-05-09 21:02:23,v2310,v2310,5904.0,0.0,0.0,0.0,13,5904.0,5906.0,11,5937.0,5911.0,5919.0,5900.0,319.0,9424785.0,42838
2023-05-09 21:02:24,v2310,v2310,5904.0,9.0,265680.0,4.0,2,5903.0,5904.0,4,5937.0,5911.0,5919.0,5900.0,328.0,9690465.0,42842
2023-05-09 21:02:24,v2310,v2310,5904.0,4.0,118080.0,-1.0,1,5903.0,5905.0,10,5937.0,5911.0,5919.0,5900.0,332.0,9808545.0,42841
2023-05-09 21:02:25,v2310,v2310,5904.0,0.0,0.0,0.0,3,5903.0,5905.0,3,5937.0,5911.0,5919.0,5900.0,332.0,9808545.0,42841
2023-05-09 21:02:25,v2310,v2310,5904.0,0.0,0.0,0.0,7,5903.0,5905.0,2,5937.0,5911.0,5919.0,5900.0,332.0,9808545.0,42841
2023-05-09 21:02:25,v2310,v2310,5904.0,0.0,0.0,0.0,12,5903.0,5905.0,2,5937.0,5911.0,5919.0,5900.0,332.0,9808545.0,42841
2023-05-09 21:02:26,v2310,v2310,5904.0,0.0,0.0,0.0,12,5903.0,5906.0,12,5937.0,5911.0,5919.0,5900.0,332.0,9808545.0,42841
2023-05-09 21:02:27,v2310,v2310,5904.0,0.0,0.0,0.0,13,5903.0,5906.0,11,5937.0,5911.0,5919.0,5900.0,332.0,9808545.0,42841
2023-05-09 21:02:29,v2310,v2310,5904.0,0.0,0.0,0.0,10,5904.0,5906.0,4,5937.0,5911.0,5919.0,5900.0,332.0,9808545.0,42841
2023-05-09 21:02:29,v2310,v2310,5904.0,0.0,0.0,0.0,14,5904.0,5906.0,2,5937.0,5911.0,5919.0,5900.0,332.0,9808545.0,42841
2023-05-09 21:02:30,v2310,v2310,5904.0,0.0,0.0,0.0,14,5904.0,5907.0,12,5937.0,5911.0,5919.0,5900.0,332.0,9808545.0,42841
2023-05-09 21:02:30,v2310,v2310,5904.0,0.0,0.0,0.0,1,5905.0,5907.0,11,5937.0,5911.0,5919.0,5900.0,332.0,9808545.0,42841
2023-05-09 21:02:31,v2310,v2310,5904.0,11.0,324725.0,9.0,2,5903.0,5904.0,5,5937.0,5911.0,5919.0,5900.0,343.0,10133270.0,42850
2023-05-09 21:02:31,v2310,v2310,5904.0,0.0,0.0,0.0,6,5902.0,5904.0,9,5937.0,5911.0,5919.0,5900.0,343.0,10133270.0,42850
2023-05-09 21:02:32,v2310,v2310,5904.0,0.0,0.0,0.0,1,5902.0,5904.0,14,5937.0,5911.0,5919.0,5900.0,343.0,10133270.0,42850
2023-05-09 21:02:32,v2310,v2310,5904.0,0.0,0.0,0.0,2,5902.0,5903.0,2,5937.0,5911.0,5919.0,5900.0,343.0,10133270.0,42850
2023-05-09 21:02:33,v2310,v2310,5903.0,3.0,88545.0,0.0,7,5902.0,5904.0,11,5937.0,5911.0,5919.0,5900.0,346.0,10221815.0,42850
2023-05-09 21:02:33,v2310,v2310,5903.0,0.0,0.0,0.0,8,5902.0,5904.0,13,5937.0,5911.0,5919.0,5900.0,346.0,10221815.0,42850
2023-05-09 21:02:34,v2310,v2310,5903.0,0.0,0.0,0.0,1,5902.0,5903.0,5,5937.0,5911.0,5919.0,5900.0,346.0,10221815.0,42850
2023-05-09 21:02:34,v2310,v2310,5903.0,0.0,0.0,0.0,1,5902.0,5903.0,6,5937.0,5911.0,5919.0,5900.0,346.0,10221815.0,42850
2023-05-09 21:02:36,v2310,v2310,5903.0,7.0,206605.0,1.0,2,5903.0,5904.0,18,5937.0,5911.0,5919.0,5900.0,353.0,10428420.0,42851
2023-05-09 21:02:36,v2310,v2310,5903.0,0.0,0.0,0.0,2,5903.0,5904.0,7,5937.0,5911.0,5919.0,5900.0,353.0,10428420.0,42851
2023-05-09 21:02:37,v2310,v2310,5904.0,2.0,59040.0,1.0,3,5903.0,5904.0,3,5937.0,5911.0,5919.0,5900.0,355.0,10487460.0,42852
2023-05-09 21:02:37,v2310,v2310,5904.0,0.0,0.0,0.0,13,5902.0,5904.0,4,5937.0,5911.0,5919.0,5900.0,355.0,10487460.0,42852
2023-05-09 21:02:38,v2310,v2310,5904.0,0.0,0.0,0.0,11,5902.0,5904.0,6,5937.0,5911.0,5919.0,5900.0,355.0,10487460.0,42852
2023-05-09 21:02:38,v2310,v2310,5904.0,0.0,0.0,0.0,11,5902.0,5904.0,8,5937.0,5911.0,5919.0,5900.0,355.0,10487460.0,42852
2023-05-09 21:02:39,v2310,v2310,5904.0,0.0,0.0,0.0,11,5902.0,5904.0,9,5937.0,5911.0,5919.0,5900.0,355.0,10487460.0,42852
2023-05-09 21:02:39,v2310,v2310,5904.0,0.0,0.0,0.0,11,5902.0,5904.0,19,5937.0,5911.0,5919.0,5900.0,355.0,10487460.0,42852
2023-05-09 21:02:40,v2310,v2310,5904.0,0.0,0.0,0.0,7,5902.0,5904.0,43,5937.0,5911.0,5919.0,5900.0,355.0,10487460.0,42852
2023-05-09 21:02:40,v2310,v2310,5901.0,16.0,472115.0,13.0,4,5900.0,5901.0,4,5937.0,5911.0,5919.0,5900.0,371.0,10959575.0,42865
2023-05-09 21:02:41,v2310,v2310,5900.0,4.0,118010.0,2.0,6,5899.0,5901.0,8,5937.0,5911.0,5919.0,5900.0,375.0,11077585.0,42867
2023-05-09 21:02:41,v2310,v2310,5899.0,1.0,29495.0,1.0,5,5899.0,5901.0,9,5937.0,5911.0,5919.0,5899.0,376.0,11107080.0,42868
2023-05-09 21:02:42,v2310,v2310,5899.0,0.0,0.0,0.0,6,5899.0,5901.0,9,5937.0,5911.0,5919.0,5899.0,376.0,11107080.0,42868
2023-05-09 21:02:42,v2310,v2310,5899.0,0.0,0.0,0.0,2,5900.0,5901.0,7,5937.0,5911.0,5919.0,5899.0,376.0,11107080.0,42868
2023-05-09 21:02:43,v2310,v2310,5899.0,0.0,0.0,0.0,14,5899.0,5901.0,7,5937.0,5911.0,5919.0,5899.0,376.0,11107080.0,42868
2023-05-09 21:02:43,v2310,v2310,5899.0,0.0,0.0,0.0,8,5899.0,5901.0,9,5937.0,5911.0,5919.0,5899.0,376.0,11107080.0,42868
2023-05-09 21:02:44,v2310,v2310,5899.0,0.0,0.0,0.0,3,5899.0,5901.0,12,5937.0,5911.0,5919.0,5899.0,376.0,11107080.0,42868
2023-05-09 21:02:44,v2310,v2310,5899.0,0.0,0.0,0.0,1,5899.0,5901.0,13,5937.0,5911.0,5919.0,5899.0,376.0,11107080.0,42868
2023-05-09 21:02:45,v2310,v2310,5899.0,0.0,0.0,0.0,1,5899.0,5901.0,14,5937.0,5911.0,5919.0,5899.0,376.0,11107080.0,42868
2023-05-09 21:02:45,v2310,v2310,5899.0,0.0,0.0,0.0,1,5899.0,5900.0,2,5937.0,5911.0,5919.0,5899.0,376.0,11107080.0,42868
2023-05-09 21:02:47,v2310,v2310,5900.0,2.0,59000.0,0.0,1,5899.0,5901.0,14,5937.0,5911.0,5919.0,5899.0,378.0,11166080.0,42868
2023-05-09 21:02:47,v2310,v2310,5900.0,0.0,0.0,0.0,1,5899.0,5901.0,11,5937.0,5911.0,5919.0,5899.0,378.0,11166080.0,42868
2023-05-09 21:02:48,v2310,v2310,5900.0,0.0,0.0,0.0,13,5898.0,5901.0,12,5937.0,5911.0,5919.0,5899.0,378.0,11166080.0,42868
2023-05-09 21:02:48,v2310,v2310,5900.0,0.0,0.0,0.0,3,5899.0,5900.0,2,5937.0,5911.0,5919.0,5899.0,378.0,11166080.0,42868
2023-05-09 21:02:49,v2310,v2310,5900.0,0.0,0.0,0.0,3,5899.0,5901.0,14,5937.0,5911.0,5919.0,5899.0,378.0,11166080.0,42868
2023-05-09 21:02:50,v2310,v2310,5900.0,0.0,0.0,0.0,6,5899.0,5901.0,13,5937.0,5911.0,5919.0,5899.0,378.0,11166080.0,42868
2023-05-09 21:02:51,v2310,v2310,5900.0,0.0,0.0,0.0,2,5899.0,5901.0,13,5937.0,5911.0,5919.0,5899.0,378.0,11166080.0,42868
2023-05-09 21:02:51,v2310,v2310,5900.0,0.0,0.0,0.0,2,5899.0,5900.0,2,5937.0,5911.0,5919.0,5899.0,378.0,11166080.0,42868
2023-05-09 21:02:52,v2310,v2310,5900.0,0.0,0.0,0.0,2,5899.0,5900.0,3,5937.0,5911.0,5919.0,5899.0,378.0,11166080.0,42868
2023-05-09 21:02:53,v2310,v2310,5900.0,0.0,0.0,0.0,2,5899.0,5900.0,2,5937.0,5911.0,5919.0,5899.0,378.0,11166080.0,42868
2023-05-09 21:02:54,v2310,v2310,5900.0,2.0,59000.0,0.0,2,5899.0,5901.0,12,5937.0,5911.0,5919.0,5899.0,380.0,11225080.0,42868
2023-05-09 21:02:54,v2310,v2310,5900.0,0.0,0.0,0.0,2,5900.0,5901.0,10,5937.0,5911.0,5919.0,5899.0,380.0,11225080.0,42868
2023-05-09 21:02:55,v2310,v2310,5900.0,0.0,0.0,0.0,2,5900.0,5901.0,7,5937.0,5911.0,5919.0,5899.0,380.0,11225080.0,42868
2023-05-09 21:02:55,v2310,v2310,5900.0,1.0,29500.0,0.0,7,5899.0,5901.0,11,5937.0,5911.0,5919.0,5899.0,381.0,11254580.0,42868
2023-05-09 21:02:56,v2310,v2310,5900.0,0.0,0.0,0.0,3,5899.0,5901.0,14,5937.0,5911.0,5919.0,5899.0,381.0,11254580.0,42868
2023-05-09 21:02:56,v2310,v2310,5900.0,0.0,0.0,0.0,2,5899.0,5901.0,14,5937.0,5911.0,5919.0,5899.0,381.0,11254580.0,42868
2023-05-09 21:02:57,v2310,v2310,5900.0,0.0,0.0,0.0,14,5898.0,5901.0,14,5937.0,5911.0,5919.0,5899.0,381.0,11254580.0,42868
2023-05-09 21:02:58,v2310,v2310,5900.0,0.0,0.0,0.0,1,5899.0,5901.0,14,5937.0,5911.0,5919.0,5899.0,381.0,11254580.0,42868
2023-05-09 21:02:59,v2310,v2310,5900.0,2.0,59000.0,2.0,5,5899.0,5901.0,9,5937.0,5911.0,5919.0,5899.0,383.0,11313580.0,42870
2023-05-09 21:02:59,v2310,v2310,5900.0,0.0,0.0,0.0,11,5899.0,5901.0,6,5937.0,5911.0,5919.0,5899.0,383.0,11313580.0,42870
2023-05-09 21:03:00,v2310,v2310,5900.0,0.0,0.0,0.0,2,5899.0,5901.0,11,5937.0,5911.0,5919.0,5899.0,383.0,11313580.0,42870
2023-05-09 21:03:00,v2310,v2310,5900.0,0.0,0.0,0.0,1,5899.0,5901.0,14,5937.0,5911.0,5919.0,5899.0,383.0,11313580.0,42870
2023-05-09 21:03:01,v2310,v2310,5901.0,1.0,29505.0,0.0,1,5899.0,5901.0,13,5937.0,5911.0,5919.0,5899.0,384.0,11343085.0,42870
2023-05-09 21:03:02,v2310,v2310,5899.0,4.0,118010.0,3.0,15,5898.0,5900.0,1,5937.0,5911.0,5919.0,5899.0,388.0,11461095.0,42873
2023-05-09 21:03:02,v2310,v2310,5899.0,0.0,0.0,0.0,7,5898.0,5900.0,3,5937.0,5911.0,5919.0,5899.0,388.0,11461095.0,42873
2023-05-09 21:03:03,v2310,v2310,5899.0,0.0,0.0,0.0,7,5898.0,5900.0,5,5937.0,5911.0,5919.0,5899.0,388.0,11461095.0,42873
2023-05-09 21:03:03,v2310,v2310,5899.0,0.0,0.0,0.0,9,5898.0,5900.0,9,5937.0,5911.0,5919.0,5899.0,388.0,11461095.0,42873
2023-05-09 21:03:04,v2310,v2310,5899.0,0.0,0.0,0.0,10,5898.0,5900.0,9,5937.0,5911.0,5919.0,5899.0,388.0,11461095.0,42873
2023-05-09 21:03:05,v2310,v2310,5900.0,9.0,265500.0,8.0,4,5900.0,5901.0,7,5937.0,5911.0,5919.0,5899.0,397.0,11726595.0,42881
2023-05-09 21:03:05,v2310,v2310,5900.0,0.0,0.0,0.0,4,5900.0,5901.0,2,5937.0,5911.0,5919.0,5899.0,397.0,11726595.0,42881
2023-05-09 21:03:06,v2310,v2310,5900.0,4.0,118000.0,-1.0,7,5899.0,5901.0,10,5937.0,5911.0,5919.0,5899.0,401.0,11844595.0,42880
2023-05-09 21:03:06,v2310,v2310,5900.0,0.0,0.0,0.0,8,5899.0,5901.0,6,5937.0,5911.0,5919.0,5899.0,401.0,11844595.0,42880
2023-05-09 21:03:07,v2310,v2310,5900.0,0.0,0.0,0.0,11,5899.0,5901.0,2,5937.0,5911.0,5919.0,5899.0,401.0,11844595.0,42880
2023-05-09 21:03:08,v2310,v2310,5901.0,1.0,29505.0,0.0,4,5900.0,5902.0,14,5937.0,5911.0,5919.0,5899.0,402.0,11874100.0,42880
2023-05-09 21:03:08,v2310,v2310,5901.0,0.0,0.0,0.0,1,5901.0,5902.0,7,5937.0,5911.0,5919.0,5899.0,402.0,11874100.0,42880
2023-05-09 21:03:09,v2310,v2310,5901.0,0.0,0.0,0.0,1,5901.0,5902.0,6,5937.0,5911.0,5919.0,5899.0,402.0,11874100.0,42880
2023-05-09 21:03:09,v2310,v2310,5901.0,0.0,0.0,0.0,1,5901.0,5902.0,7,5937.0,5911.0,5919.0,5899.0,402.0,11874100.0,42880
2023-05-09 21:03:09,v2310,v2310,5901.0,0.0,0.0,0.0,1,5901.0,5902.0,8,5937.0,5911.0,5919.0,5899.0,402.0,11874100.0,42880
2023-05-09 21:03:10,v2310,v2310,5901.0,0.0,0.0,0.0,1,5901.0,5902.0,7,5937.0,5911.0,5919.0,5899.0,402.0,11874100.0,42880
2023-05-09 21:03:11,v2310,v2310,5901.0,0.0,0.0,0.0,1,5901.0,5902.0,4,5937.0,5911.0,5919.0,5899.0,402.0,11874100.0,42880
2023-05-09 21:03:12,v2310,v2310,5902.0,3.0,88530.0,-2.0,7,5901.0,5903.0,9,5937.0,5911.0,5919.0,5899.0,405.0,11962630.0,42878
2023-05-09 21:03:12,v2310,v2310,5902.0,0.0,0.0,0.0,8,5901.0,5903.0,9,5937.0,5911.0,5919.0,5899.0,405.0,11962630.0,42878
2023-05-09 21:03:13,v2310,v2310,5902.0,0.0,0.0,0.0,4,5902.0,5903.0,3,5937.0,5911.0,5919.0,5899.0,405.0,11962630.0,42878
2023-05-09 21:03:13,v2310,v2310,5902.0,0.0,0.0,0.0,6,5902.0,5904.0,11,5937.0,5911.0,5919.0,5899.0,405.0,11962630.0,42878
2023-05-09 21:03:14,v2310,v2310,5902.0,0.0,0.0,0.0,8,5902.0,5904.0,12,5937.0,5911.0,5919.0,5899.0,405.0,11962630.0,42878
2023-05-09 21:03:15,v2310,v2310,5902.0,0.0,0.0,0.0,4,5902.0,5903.0,3,5937.0,5911.0,5919.0,5899.0,405.0,11962630.0,42878
2023-05-09 21:03:15,v2310,v2310,5904.0,1.0,29520.0,0.0,2,5903.0,5904.0,6,5937.0,5911.0,5919.0,5899.0,406.0,11992150.0,42878
2023-05-09 21:03:16,v2310,v2310,5904.0,0.0,0.0,0.0,3,5903.0,5904.0,1,5937.0,5911.0,5919.0,5899.0,406.0,11992150.0,42878
2023-05-09 21:03:16,v2310,v2310,5904.0,0.0,0.0,0.0,11,5902.0,5904.0,3,5937.0,5911.0,5919.0,5899.0,406.0,11992150.0,42878
2023-05-09 21:03:17,v2310,v2310,5904.0,0.0,0.0,0.0,2,5903.0,5904.0,1,5937.0,5911.0,5919.0,5899.0,406.0,11992150.0,42878
2023-05-09 21:03:17,v2310,v2310,5903.0,3.0,88545.0,2.0,8,5902.0,5904.0,5,5937.0,5911.0,5919.0,5899.0,409.0,12080695.0,42880
2023-05-09 21:03:18,v2310,v2310,5903.0,0.0,0.0,0.0,7,5902.0,5904.0,5,5937.0,5911.0,5919.0,5899.0,409.0,12080695.0,42880
2023-05-09 21:03:18,v2310,v2310,5903.0,0.0,0.0,0.0,9,5902.0,5904.0,2,5937.0,5911.0,5919.0,5899.0,409.0,12080695.0,42880
2023-05-09 21:03:19,v2310,v2310,5902.0,5.0,147550.0,0.0,9,5901.0,5902.0,5,5937.0,5911.0,5919.0,5899.0,414.0,12228245.0,42880
2023-05-09 21:03:19,v2310,v2310,5902.0,5.0,147550.0,0.0,1,5902.0,5903.0,4,5937.0,5911.0,5919.0,5899.0,419.0,12375795.0,42880
2023-05-09 21:03:20,v2310,v2310,5902.0,0.0,0.0,0.0,2,5902.0,5904.0,16,5937.0,5911.0,5919.0,5899.0,419.0,12375795.0,42880
2023-05-09 21:03:20,v2310,v2310,5902.0,0.0,0.0,0.0,5,5902.0,5904.0,13,5937.0,5911.0,5919.0,5899.0,419.0,12375795.0,42880
2023-05-09 21:03:21,v2310,v2310,5902.0,0.0,0.0,0.0,9,5902.0,5904.0,14,5937.0,5911.0,5919.0,5899.0,419.0,12375795.0,42880
2023-05-09 21:03:22,v2310,v2310,5902.0,0.0,0.0,0.0,9,5902.0,5904.0,9,5937.0,5911.0,5919.0,5899.0,419.0,12375795.0,42880
2023-05-09 21:03:22,v2310,v2310,5902.0,10.0,295100.0,4.0,1,5901.0,5902.0,4,5937.0,5911.0,5919.0,5899.0,429.0,12670895.0,42884
2023-05-09 21:03:23,v2310,v2310,5902.0,0.0,0.0,0.0,9,5900.0,5902.0,5,5937.0,5911.0,5919.0,5899.0,429.0,12670895.0,42884
2023-05-09 21:03:23,v2310,v2310,5902.0,0.0,0.0,0.0,6,5900.0,5901.0,3,5937.0,5911.0,5919.0,5899.0,429.0,12670895.0,42884
2023-05-09 21:03:24,v2310,v2310,5902.0,0.0,0.0,0.0,2,5900.0,5901.0,3,5937.0,5911.0,5919.0,5899.0,429.0,12670895.0,42884
2023-05-09 21:03:24,v2310,v2310,5901.0,2.0,59010.0,0.0,3,5900.0,5902.0,12,5937.0,5911.0,5919.0,5899.0,431.0,12729905.0,42884
2023-05-09 21:03:25,v2310,v2310,5901.0,1.0,29505.0,0.0,7,5900.0,5902.0,10,5937.0,5911.0,5919.0,5899.0,432.0,12759410.0,42884
2023-05-09 21:03:25,v2310,v2310,5901.0,0.0,0.0,0.0,10,5900.0,5902.0,11,5937.0,5911.0,5919.0,5899.0,432.0,12759410.0,42884
2023-05-09 21:03:28,v2310,v2310,5902.0,4.0,118040.0,0.0,2,5901.0,5902.0,2,5937.0,5911.0,5919.0,5899.0,436.0,12877450.0,42884
2023-05-09 21:03:28,v2310,v2310,5901.0,5.0,147520.0,2.0,3,5900.0,5902.0,5,5937.0,5911.0,5919.0,5899.0,441.0,13024970.0,42886
2023-05-09 21:03:29,v2310,v2310,5901.0,0.0,0.0,0.0,2,5901.0,5902.0,2,5937.0,5911.0,5919.0,5899.0,441.0,13024970.0,42886
2023-05-09 21:03:29,v2310,v2310,5902.0,3.0,88530.0,-3.0,2,5902.0,5903.0,2,5937.0,5911.0,5919.0,5899.0,444.0,13113500.0,42883
2023-05-09 21:03:31,v2310,v2310,5902.0,2.0,59020.0,2.0,9,5901.0,5903.0,3,5937.0,5911.0,5919.0,5899.0,446.0,13172520.0,42885
2023-05-09 21:03:31,v2310,v2310,5902.0,0.0,0.0,0.0,2,5902.0,5904.0,14,5937.0,5911.0,5919.0,5899.0,446.0,13172520.0,42885
2023-05-09 21:03:32,v2310,v2310,5902.0,0.0,0.0,0.0,2,5902.0,5903.0,1,5937.0,5911.0,5919.0,5899.0,446.0,13172520.0,42885
2023-05-09 21:03:32,v2310,v2310,5902.0,0.0,0.0,0.0,2,5902.0,5904.0,13,5937.0,5911.0,5919.0,5899.0,446.0,13172520.0,42885
2023-05-09 21:03:33,v2310,v2310,5902.0,0.0,0.0,0.0,2,5902.0,5904.0,12,5937.0,5911.0,5919.0,5899.0,446.0,13172520.0,42885
2023-05-09 21:03:34,v2310,v2310,5902.0,0.0,0.0,0.0,4,5902.0,5904.0,11,5937.0,5911.0,5919.0,5899.0,446.0,13172520.0,42885
2023-05-09 21:03:34,v2310,v2310,5902.0,0.0,0.0,0.0,7,5902.0,5904.0,9,5937.0,5911.0,5919.0,5899.0,446.0,13172520.0,42885
2023-05-09 21:03:35,v2310,v2310,5902.0,0.0,0.0,0.0,11,5902.0,5904.0,7,5937.0,5911.0,5919.0,5899.0,446.0,13172520.0,42885
2023-05-09 21:03:35,v2310,v2310,5902.0,0.0,0.0,0.0,12,5902.0,5904.0,4,5937.0,5911.0,5919.0,5899.0,446.0,13172520.0,42885
2023-05-09 21:03:35,v2310,v2310,5902.0,0.0,0.0,0.0,12,5902.0,5904.0,3,5937.0,5911.0,5919.0,5899.0,446.0,13172520.0,42885
2023-05-09 21:03:36,v2310,v2310,5902.0,0.0,0.0,0.0,12,5902.0,5904.0,1,5937.0,5911.0,5919.0,5899.0,446.0,13172520.0,42885
2023-05-09 21:03:37,v2310,v2310,5904.0,1.0,29520.0,0.0,4,5903.0,5905.0,11,5937.0,5911.0,5919.0,5899.0,447.0,13202040.0,42885
2023-05-09 21:03:37,v2310,v2310,5904.0,0.0,0.0,0.0,8,5903.0,5905.0,10,5937.0,5911.0,5919.0,5899.0,447.0,13202040.0,42885
2023-05-09 21:03:38,v2310,v2310,5904.0,0.0,0.0,0.0,2,5903.0,5905.0,12,5937.0,5911.0,5919.0,5899.0,447.0,13202040.0,42885
2023-05-09 21:03:38,v2310,v2310,5904.0,0.0,0.0,0.0,8,5903.0,5905.0,6,5937.0,5911.0,5919.0,5899.0,447.0,13202040.0,42885
2023-05-09 21:03:39,v2310,v2310,5904.0,0.0,0.0,0.0,13,5903.0,5906.0,14,5937.0,5911.0,5919.0,5899.0,447.0,13202040.0,42885
2023-05-09 21:03:39,v2310,v2310,5904.0,0.0,0.0,0.0,7,5904.0,5906.0,10,5937.0,5911.0,5919.0,5899.0,447.0,13202040.0,42885
2023-05-09 21:03:40,v2310,v2310,5904.0,0.0,0.0,0.0,6,5904.0,5906.0,10,5937.0,5911.0,5919.0,5899.0,447.0,13202040.0,42885
2023-05-09 21:03:40,v2310,v2310,5904.0,0.0,0.0,0.0,2,5904.0,5906.0,12,5937.0,5911.0,5919.0,5899.0,447.0,13202040.0,42885
2023-05-09 21:03:41,v2310,v2310,5904.0,2.0,59040.0,2.0,13,5903.0,5906.0,12,5937.0,5911.0,5919.0,5899.0,449.0,13261080.0,42887
2023-05-09 21:03:41,v2310,v2310,5904.0,0.0,0.0,0.0,5,5903.0,5904.0,1,5937.0,5911.0,5919.0,5899.0,449.0,13261080.0,42887
2023-05-09 21:03:42,v2310,v2310,5904.0,1.0,29520.0,-1.0,10,5903.0,5905.0,2,5937.0,5911.0,5919.0,5899.0,450.0,13290600.0,42886
2023-05-09 21:03:42,v2310,v2310,5905.0,2.0,59050.0,0.0,2,5905.0,5906.0,9,5937.0,5911.0,5919.0,5899.0,452.0,13349650.0,42886
2023-05-09 21:03:43,v2310,v2310,5906.0,5.0,147650.0,2.0,2,5906.0,5907.0,7,5937.0,5911.0,5919.0,5899.0,457.0,13497300.0,42888
2023-05-09 21:03:43,v2310,v2310,5907.0,5.0,147675.0,2.0,1,5907.0,5908.0,8,5937.0,5911.0,5919.0,5899.0,462.0,13644975.0,42890
2023-05-09 21:03:44,v2310,v2310,5907.0,1.0,29535.0,0.0,4,5906.0,5908.0,10,5937.0,5911.0,5919.0,5899.0,463.0,13674510.0,42890
2023-05-09 21:03:44,v2310,v2310,5906.0,4.0,118120.0,3.0,6,5905.0,5906.0,1,5937.0,5911.0,5919.0,5899.0,467.0,13792630.0,42893
2023-05-09 21:03:45,v2310,v2310,5906.0,0.0,0.0,0.0,2,5905.0,5906.0,1,5937.0,5911.0,5919.0,5899.0,467.0,13792630.0,42893
2023-05-09 21:03:45,v2310,v2310,5906.0,0.0,0.0,0.0,4,5905.0,5906.0,1,5937.0,5911.0,5919.0,5899.0,467.0,13792630.0,42893
2023-05-09 21:03:46,v2310,v2310,5906.0,0.0,0.0,0.0,5,5905.0,5906.0,1,5937.0,5911.0,5919.0,5899.0,467.0,13792630.0,42893
2023-05-09 21:03:47,v2310,v2310,5906.0,1.0,29530.0,0.0,9,5905.0,5907.0,6,5937.0,5911.0,5919.0,5899.0,468.0,13822160.0,42893
2023-05-09 21:03:48,v2310,v2310,5906.0,0.0,0.0,0.0,14,5905.0,5907.0,1,5937.0,5911.0,5919.0,5899.0,468.0,13822160.0,42893
2023-05-09 21:03:48,v2310,v2310,5906.0,0.0,0.0,0.0,14,5905.0,5908.0,14,5937.0,5911.0,5919.0,5899.0,468.0,13822160.0,42893
2023-05-09 21:03:48,v2310,v2310,5906.0,0.0,0.0,0.0,15,5905.0,5908.0,13,5937.0,5911.0,5919.0,5899.0,468.0,13822160.0,42893
2023-05-09 21:03:50,v2310,v2310,5906.0,0.0,0.0,0.0,15,5905.0,5908.0,14,5937.0,5911.0,5919.0,5899.0,468.0,13822160.0,42893
2023-05-09 21:03:50,v2310,v2310,5908.0,1.0,29540.0,0.0,15,5905.0,5908.0,13,5937.0,5911.0,5919.0,5899.0,469.0,13851700.0,42893
2023-05-09 21:03:52,v2310,v2310,5908.0,0.0,0.0,0.0,14,5905.0,5907.0,2,5937.0,5911.0,5919.0,5899.0,469.0,13851700.0,42893
2023-05-09 21:03:52,v2310,v2310,5908.0,0.0,0.0,0.0,11,5905.0,5907.0,4,5937.0,5911.0,5919.0,5899.0,469.0,13851700.0,42893
2023-05-09 21:03:53,v2310,v2310,5906.0,2.0,59060.0,2.0,11,5905.0,5908.0,13,5937.0,5911.0,5919.0,5899.0,471.0,13910760.0,42895
2023-05-09 21:03:53,v2310,v2310,5906.0,0.0,0.0,0.0,5,5905.0,5906.0,3,5937.0,5911.0,5919.0,5899.0,471.0,13910760.0,42895
2023-05-09 21:03:54,v2310,v2310,5906.0,0.0,0.0,0.0,2,5905.0,5906.0,3,5937.0,5911.0,5919.0,5899.0,471.0,13910760.0,42895
2023-05-09 21:03:54,v2310,v2310,5906.0,0.0,0.0,0.0,4,5905.0,5907.0,13,5937.0,5911.0,5919.0,5899.0,471.0,13910760.0,42895
2023-05-09 21:03:56,v2310,v2310,5906.0,0.0,0.0,0.0,4,5905.0,5907.0,12,5937.0,5911.0,5919.0,5899.0,471.0,13910760.0,42895
2023-05-09 21:03:57,v2310,v2310,5906.0,0.0,0.0,0.0,2,5905.0,5907.0,13,5937.0,5911.0,5919.0,5899.0,471.0,13910760.0,42895
2023-05-09 21:03:58,v2310,v2310,5906.0,0.0,0.0,0.0,4,5905.0,5907.0,13,5937.0,5911.0,5919.0,5899.0,471.0,13910760.0,42895
2023-05-09 21:03:59,v2310,v2310,5906.0,0.0,0.0,0.0,2,5905.0,5906.0,3,5937.0,5911.0,5919.0,5899.0,471.0,13910760.0,42895
2023-05-09 21:04:00,v2310,v2310,5906.0,4.0,118120.0,-1.0,1,5906.0,5907.0,14,5937.0,5911.0,5919.0,5899.0,475.0,14028880.0,42894
2023-05-09 21:04:00,v2310,v2310,5906.0,1.0,29530.0,0.0,7,5905.0,5906.0,3,5937.0,5911.0,5919.0,5899.0,476.0,14058410.0,42894
2023-05-09 21:04:01,v2310,v2310,5906.0,0.0,0.0,0.0,2,5906.0,5907.0,12,5937.0,5911.0,5919.0,5899.0,476.0,14058410.0,42894
2023-05-09 21:04:01,v2310,v2310,5904.0,13.0,383805.0,3.0,4,5903.0,5904.0,1,5937.0,5911.0,5919.0,5899.0,489.0,14442215.0,42897
2023-05-09 21:04:02,v2310,v2310,5904.0,2.0,59040.0,1.0,1,5904.0,5905.0,3,5937.0,5911.0,5919.0,5899.0,491.0,14501255.0,42898
2023-05-09 21:04:02,v2310,v2310,5904.0,0.0,0.0,0.0,12,5903.0,5905.0,2,5937.0,5911.0,5919.0,5899.0,491.0,14501255.0,42898
2023-05-09 21:04:03,v2310,v2310,5904.0,0.0,0.0,0.0,13,5903.0,5905.0,4,5937.0,5911.0,5919.0,5899.0,491.0,14501255.0,42898
2023-05-09 21:04:03,v2310,v2310,5904.0,0.0,0.0,0.0,10,5903.0,5905.0,10,5937.0,5911.0,5919.0,5899.0,491.0,14501255.0,42898
2023-05-09 21:04:04,v2310,v2310,5904.0,0.0,0.0,0.0,8,5903.0,5905.0,13,5937.0,5911.0,5919.0,5899.0,491.0,14501255.0,42898
2023-05-09 21:04:04,v2310,v2310,5904.0,0.0,0.0,0.0,7,5903.0,5905.0,14,5937.0,5911.0,5919.0,5899.0,491.0,14501255.0,42898
2023-05-09 21:04:05,v2310,v2310,5904.0,0.0,0.0,0.0,8,5903.0,5905.0,14,5937.0,5911.0,5919.0,5899.0,491.0,14501255.0,42898
2023-05-09 21:04:07,v2310,v2310,5904.0,0.0,0.0,0.0,7,5903.0,5905.0,14,5937.0,5911.0,5919.0,5899.0,491.0,14501255.0,42898
2023-05-09 21:04:10,v2310,v2310,5905.0,5.0,147625.0,-1.0,1,5904.0,5905.0,8,5937.0,5911.0,5919.0,5899.0,496.0,14648880.0,42897
2023-05-09 21:04:10,v2310,v2310,5905.0,1.0,29525.0,0.0,1,5904.0,5906.0,12,5937.0,5911.0,5919.0,5899.0,497.0,14678405.0,42897
2023-05-09 21:04:11,v2310,v2310,5905.0,0.0,0.0,0.0,1,5904.0,5906.0,10,5937.0,5911.0,5919.0,5899.0,497.0,14678405.0,42897
2023-05-09 21:04:11,v2310,v2310,5905.0,0.0,0.0,0.0,1,5904.0,5905.0,3,5937.0,5911.0,5919.0,5899.0,497.0,14678405.0,42897
2023-05-09 21:04:12,v2310,v2310,5905.0,0.0,0.0,0.0,1,5904.0,5905.0,1,5937.0,5911.0,5919.0,5899.0,497.0,14678405.0,42897
2023-05-09 21:04:12,v2310,v2310,5905.0,0.0,0.0,0.0,1,5904.0,5906.0,12,5937.0,5911.0,5919.0,5899.0,497.0,14678405.0,42897
2023-05-09 21:04:16,v2310,v2310,5905.0,0.0,0.0,0.0,2,5904.0,5906.0,12,5937.0,5911.0,5919.0,5899.0,497.0,14678405.0,42897
2023-05-09 21:04:17,v2310,v2310,5905.0,0.0,0.0,0.0,1,5905.0,5906.0,7,5937.0,5911.0,5919.0,5899.0,497.0,14678405.0,42897
2023-05-09 21:04:17,v2310,v2310,5905.0,0.0,0.0,0.0,1,5905.0,5906.0,5,5937.0,5911.0,5919.0,5899.0,497.0,14678405.0,42897
2023-05-09 21:04:18,v2310,v2310,5906.0,5.0,147650.0,4.0,7,5906.0,5907.0,4,5937.0,5911.0,5919.0,5899.0,502.0,14826055.0,42901
2023-05-09 21:04:18,v2310,v2310,5906.0,0.0,0.0,0.0,7,5906.0,5907.0,2,5937.0,5911.0,5919.0,5899.0,502.0,14826055.0,42901
2023-05-09 21:04:19,v2310,v2310,5906.0,7.0,206710.0,7.0,7,5905.0,5906.0,4,5937.0,5911.0,5919.0,5899.0,509.0,15032765.0,42908
2023-05-09 21:04:19,v2310,v2310,5906.0,0.0,0.0,0.0,5,5905.0,5906.0,4,5937.0,5911.0,5919.0,5899.0,509.0,15032765.0,42908
2023-05-09 21:04:20,v2310,v2310,5906.0,0.0,0.0,0.0,2,5905.0,5906.0,4,5937.0,5911.0,5919.0,5899.0,509.0,15032765.0,42908
2023-05-09 21:04:20,v2310,v2310,5906.0,0.0,0.0,0.0,6,5904.0,5906.0,13,5937.0,5911.0,5919.0,5899.0,509.0,15032765.0,42908
2023-05-09 21:04:21,v2310,v2310,5906.0,0.0,0.0,0.0,4,5904.0,5906.0,14,5937.0,5911.0,5919.0,5899.0,509.0,15032765.0,42908
2023-05-09 21:04:21,v2310,v2310,5906.0,0.0,0.0,0.0,3,5904.0,5906.0,14,5937.0,5911.0,5919.0,5899.0,509.0,15032765.0,42908
2023-05-09 21:04:22,v2310,v2310,5906.0,0.0,0.0,0.0,2,5904.0,5906.0,14,5937.0,5911.0,5919.0,5899.0,509.0,15032765.0,42908
2023-05-09 21:04:22,v2310,v2310,5906.0,0.0,0.0,0.0,9,5903.0,5905.0,5,5937.0,5911.0,5919.0,5899.0,509.0,15032765.0,42908
2023-05-09 21:04:23,v2310,v2310,5906.0,0.0,0.0,0.0,9,5903.0,5905.0,10,5937.0,5911.0,5919.0,5899.0,509.0,15032765.0,42908
2023-05-09 21:04:23,v2310,v2310,5906.0,0.0,0.0,0.0,7,5903.0,5905.0,12,5937.0,5911.0,5919.0,5899.0,509.0,15032765.0,42908
2023-05-09 21:04:24,v2310,v2310,5906.0,0.0,0.0,0.0,8,5903.0,5905.0,12,5937.0,5911.0,5919.0,5899.0,509.0,15032765.0,42908
2023-05-09 21:04:30,v2310,v2310,5906.0,0.0,0.0,0.0,7,5903.0,5905.0,12,5937.0,5911.0,5919.0,5899.0,509.0,15032765.0,42908
2023-05-09 21:04:30,v2310,v2310,5906.0,0.0,0.0,0.0,1,5903.0,5904.0,8,5937.0,5911.0,5919.0,5899.0,509.0,15032765.0,42908
2023-05-09 21:04:31,v2310,v2310,5903.0,1.0,29515.0,1.0,7,5902.0,5903.0,2,5937.0,5911.0,5919.0,5899.0,510.0,15062280.0,42909
2023-05-09 21:04:31,v2310,v2310,5903.0,0.0,0.0,0.0,11,5901.0,5902.0,1,5937.0,5911.0,5919.0,5899.0,510.0,15062280.0,42909
2023-05-09 21:04:32,v2310,v2310,5903.0,0.0,0.0,0.0,8,5901.0,5902.0,1,5937.0,5911.0,5919.0,5899.0,510.0,15062280.0,42909
2023-05-09 21:04:32,v2310,v2310,5903.0,0.0,0.0,0.0,6,5901.0,5902.0,1,5937.0,5911.0,5919.0,5899.0,510.0,15062280.0,42909
2023-05-09 21:04:33,v2310,v2310,5901.0,3.0,88515.0,1.0,6,5900.0,5902.0,9,5937.0,5911.0,5919.0,5899.0,513.0,15150795.0,42910
2023-05-09 21:04:33,v2310,v2310,5901.0,0.0,0.0,0.0,11,5899.0,5901.0,3,5937.0,5911.0,5919.0,5899.0,513.0,15150795.0,42910
2023-05-09 21:04:34,v2310,v2310,5901.0,0.0,0.0,0.0,4,5899.0,5901.0,8,5937.0,5911.0,5919.0,5899.0,513.0,15150795.0,42910
2023-05-09 21:04:34,v2310,v2310,5901.0,0.0,0.0,0.0,2,5899.0,5901.0,12,5937.0,5911.0,5919.0,5899.0,513.0,15150795.0,42910
2023-05-09 21:04:35,v2310,v2310,5901.0,0.0,0.0,0.0,11,5898.0,5900.0,4,5937.0,5911.0,5919.0,5899.0,513.0,15150795.0,42910
2023-05-09 21:04:35,v2310,v2310,5900.0,2.0,59000.0,2.0,10,5898.0,5900.0,2,5937.0,5911.0,5919.0,5899.0,515.0,15209795.0,42912
2023-05-09 21:04:36,v2310,v2310,5900.0,0.0,0.0,0.0,9,5898.0,5899.0,1,5937.0,5911.0,5919.0,5899.0,515.0,15209795.0,42912
2023-05-09 21:04:36,v2310,v2310,5900.0,0.0,0.0,0.0,5,5898.0,5899.0,1,5937.0,5911.0,5919.0,5899.0,515.0,15209795.0,42912
2023-05-09 21:04:37,v2310,v2310,5900.0,0.0,0.0,0.0,4,5898.0,5899.0,1,5937.0,5911.0,5919.0,5899.0,515.0,15209795.0,42912
2023-05-09 21:04:37,v2310,v2310,5899.0,6.0,176970.0,-1.0,1,5898.0,5900.0,9,5937.0,5911.0,5919.0,5899.0,521.0,15386765.0,42911
2023-05-09 21:04:38,v2310,v2310,5899.0,0.0,0.0,0.0,1,5899.0,5900.0,5,5937.0,5911.0,5919.0,5899.0,521.0,15386765.0,42911
2023-05-09 21:04:38,v2310,v2310,5900.0,4.0,118000.0,0.0,2,5900.0,5901.0,7,5937.0,5911.0,5919.0,5899.0,525.0,15504765.0,42911
2023-05-09 21:04:39,v2310,v2310,5900.0,0.0,0.0,0.0,2,5900.0,5901.0,5,5937.0,5911.0,5919.0,5899.0,525.0,15504765.0,42911
2023-05-09 21:04:39,v2310,v2310,5900.0,0.0,0.0,0.0,2,5900.0,5901.0,7,5937.0,5911.0,5919.0,5899.0,525.0,15504765.0,42911
2023-05-09 21:04:40,v2310,v2310,5900.0,0.0,0.0,0.0,2,5900.0,5901.0,8,5937.0,5911.0,5919.0,5899.0,525.0,15504765.0,42911
2023-05-09 21:04:40,v2310,v2310,5900.0,2.0,59000.0,2.0,3,5899.0,5900.0,1,5937.0,5911.0,5919.0,5899.0,527.0,15563765.0,42913
2023-05-09 21:04:41,v2310,v2310,5899.0,2.0,58990.0,2.0,2,5899.0,5900.0,1,5937.0,5911.0,5919.0,5899.0,529.0,15622755.0,42915
2023-05-09 21:04:42,v2310,v2310,5899.0,0.0,0.0,0.0,2,5899.0,5901.0,21,5937.0,5911.0,5919.0,5899.0,529.0,15622755.0,42915
2023-05-09 21:04:42,v2310,v2310,5899.0,0.0,0.0,0.0,2,5899.0,5901.0,32,5937.0,5911.0,5919.0,5899.0,529.0,15622755.0,42915
2023-05-09 21:04:43,v2310,v2310,5899.0,0.0,0.0,0.0,14,5898.0,5901.0,32,5937.0,5911.0,5919.0,5899.0,529.0,15622755.0,42915
2023-05-09 21:04:43,v2310,v2310,5899.0,0.0,0.0,0.0,11,5898.0,5901.0,33,5937.0,5911.0,5919.0,5899.0,529.0,15622755.0,42915
2023-05-09 21:04:44,v2310,v2310,5899.0,0.0,0.0,0.0,12,5898.0,5901.0,33,5937.0,5911.0,5919.0,5899.0,529.0,15622755.0,42915
2023-05-09 21:04:45,v2310,v2310,5899.0,0.0,0.0,0.0,7,5898.0,5900.0,8,5937.0,5911.0,5919.0,5899.0,529.0,15622755.0,42915
2023-05-09 21:04:46,v2310,v2310,5899.0,0.0,0.0,0.0,4,5898.0,5900.0,12,5937.0,5911.0,5919.0,5899.0,529.0,15622755.0,42915
2023-05-09 21:04:46,v2310,v2310,5899.0,0.0,0.0,0.0,2,5898.0,5900.0,12,5937.0,5911.0,5919.0,5899.0,529.0,15622755.0,42915
2023-05-09 21:04:47,v2310,v2310,5898.0,2.0,58980.0,0.0,8,5897.0,5899.0,13,5937.0,5911.0,5919.0,5898.0,531.0,15681735.0,42915
2023-05-09 21:04:47,v2310,v2310,5898.0,0.0,0.0,0.0,9,5897.0,5899.0,3,5937.0,5911.0,5919.0,5898.0,531.0,15681735.0,42915
2023-05-09 21:04:48,v2310,v2310,5898.0,0.0,0.0,0.0,2,5898.0,5900.0,21,5937.0,5911.0,5919.0,5898.0,531.0,15681735.0,42915
2023-05-09 21:04:48,v2310,v2310,5898.0,0.0,0.0,0.0,2,5898.0,5900.0,31,5937.0,5911.0,5919.0,5898.0,531.0,15681735.0,42915
2023-05-09 21:04:49,v2310,v2310,5898.0,0.0,0.0,0.0,10,5898.0,5900.0,7,5937.0,5911.0,5919.0,5898.0,531.0,15681735.0,42915
2023-05-09 21:04:49,v2310,v2310,5898.0,0.0,0.0,0.0,9,5898.0,5900.0,18,5937.0,5911.0,5919.0,5898.0,531.0,15681735.0,42915
2023-05-09 21:04:50,v2310,v2310,5898.0,0.0,0.0,0.0,9,5898.0,5900.0,32,5937.0,5911.0,5919.0,5898.0,531.0,15681735.0,42915
2023-05-09 21:04:50,v2310,v2310,5898.0,0.0,0.0,0.0,10,5898.0,5900.0,31,5937.0,5911.0,5919.0,5898.0,531.0,15681735.0,42915
2023-05-09 21:04:52,v2310,v2310,5898.0,0.0,0.0,0.0,10,5898.0,5900.0,30,5937.0,5911.0,5919.0,5898.0,531.0,15681735.0,42915
2023-05-09 21:04:52,v2310,v2310,5898.0,0.0,0.0,0.0,13,5898.0,5900.0,7,5937.0,5911.0,5919.0,5898.0,531.0,15681735.0,42915
2023-05-09 21:04:53,v2310,v2310,5898.0,0.0,0.0,0.0,14,5898.0,5900.0,4,5937.0,5911.0,5919.0,5898.0,531.0,15681735.0,42915
2023-05-09 21:04:53,v2310,v2310,5898.0,0.0,0.0,0.0,14,5898.0,5900.0,2,5937.0,5911.0,5919.0,5898.0,531.0,15681735.0,42915
2023-05-09 21:04:54,v2310,v2310,5898.0,0.0,0.0,0.0,2,5899.0,5901.0,22,5937.0,5911.0,5919.0,5898.0,531.0,15681735.0,42915
2023-05-09 21:04:54,v2310,v2310,5898.0,0.0,0.0,0.0,2,5899.0,5901.0,32,5937.0,5911.0,5919.0,5898.0,531.0,15681735.0,42915
2023-05-09 21:04:57,v2310,v2310,5898.0,0.0,0.0,0.0,14,5898.0,5901.0,32,5937.0,5911.0,5919.0,5898.0,531.0,15681735.0,42915
2023-05-09 21:04:57,v2310,v2310,5898.0,0.0,0.0,0.0,12,5898.0,5901.0,33,5937.0,5911.0,5919.0,5898.0,531.0,15681735.0,42915
2023-05-09 21:04:58,v2310,v2310,5898.0,0.0,0.0,0.0,12,5898.0,5901.0,32,5937.0,5911.0,5919.0,5898.0,531.0,15681735.0,42915
2023-05-09 21:04:58,v2310,v2310,5899.0,1.0,29495.0,1.0,11,5898.0,5900.0,1,5937.0,5911.0,5919.0,5898.0,532.0,15711230.0,42916
2023-05-09 21:04:59,v2310,v2310,5899.0,0.0,0.0,0.0,9,5898.0,5900.0,5,5937.0,5911.0,5919.0,5898.0,532.0,15711230.0,42916
2023-05-09 21:04:59,v2310,v2310,5898.0,7.0,206430.0,5.0,7,5897.0,5898.0,5,5937.0,5911.0,5919.0,5898.0,539.0,15917660.0,42921
2023-05-09 21:05:00,v2310,v2310,5898.0,6.0,176940.0,-2.0,1,5897.0,5898.0,1,5937.0,5911.0,5919.0,5898.0,545.0,16094600.0,42919
2023-05-09 21:05:00,v2310,v2310,5898.0,2.0,58980.0,0.0,5,5897.0,5899.0,18,5937.0,5911.0,5919.0,5898.0,547.0,16153580.0,42919
2023-05-09 21:05:01,v2310,v2310,5898.0,0.0,0.0,0.0,2,5897.0,5899.0,31,5937.0,5911.0,5919.0,5898.0,547.0,16153580.0,42919
2023-05-09 21:05:01,v2310,v2310,5898.0,0.0,0.0,0.0,12,5896.0,5899.0,32,5937.0,5911.0,5919.0,5898.0,547.0,16153580.0,42919
2023-05-09 21:05:02,v2310,v2310,5898.0,0.0,0.0,0.0,11,5896.0,5899.0,33,5937.0,5911.0,5919.0,5898.0,547.0,16153580.0,42919
2023-05-09 21:05:02,v2310,v2310,5898.0,0.0,0.0,0.0,10,5896.0,5898.0,1,5937.0,5911.0,5919.0,5898.0,547.0,16153580.0,42919
2023-05-09 21:05:03,v2310,v2310,5898.0,0.0,0.0,0.0,10,5896.0,5899.0,32,5937.0,5911.0,5919.0,5898.0,547.0,16153580.0,42919
2023-05-09 21:05:03,v2310,v2310,5898.0,0.0,0.0,0.0,11,5896.0,5899.0,33,5937.0,5911.0,5919.0,5898.0,547.0,16153580.0,42919
2023-05-09 21:05:04,v2310,v2310,5898.0,0.0,0.0,0.0,9,5897.0,5899.0,10,5937.0,5911.0,5919.0,5898.0,547.0,16153580.0,42919
2023-05-09 21:05:05,v2310,v2310,5898.0,0.0,0.0,0.0,13,5897.0,5899.0,8,5937.0,5911.0,5919.0,5898.0,547.0,16153580.0,42919
2023-05-09 21:05:05,v2310,v2310,5899.0,1.0,29495.0,0.0,3,5898.0,5899.0,2,5937.0,5911.0,5919.0,5898.0,548.0,16183075.0,42919
2023-05-09 21:05:06,v2310,v2310,5899.0,2.0,58990.0,1.0,1,5899.0,5900.0,1,5937.0,5911.0,5919.0,5898.0,550.0,16242065.0,42920
2023-05-09 21:05:06,v2310,v2310,5899.0,0.0,0.0,0.0,1,5899.0,5901.0,19,5937.0,5911.0,5919.0,5898.0,550.0,16242065.0,42920
2023-05-09 21:05:07,v2310,v2310,5899.0,0.0,0.0,0.0,1,5899.0,5901.0,30,5937.0,5911.0,5919.0,5898.0,550.0,16242065.0,42920
2023-05-09 21:05:07,v2310,v2310,5899.0,1.0,29495.0,0.0,11,5898.0,5900.0,2,5937.0,5911.0,5919.0,5898.0,551.0,16271560.0,42920
2023-05-09 21:05:08,v2310,v2310,5899.0,0.0,0.0,0.0,6,5898.0,5900.0,8,5937.0,5911.0,5919.0,5898.0,551.0,16271560.0,42920
2023-05-09 21:05:08,v2310,v2310,5899.0,0.0,0.0,0.0,4,5898.0,5900.0,12,5937.0,5911.0,5919.0,5898.0,551.0,16271560.0,42920
2023-05-09 21:05:09,v2310,v2310,5899.0,0.0,0.0,0.0,2,5898.0,5900.0,13,5937.0,5911.0,5919.0,5898.0,551.0,16271560.0,42920
2023-05-09 21:05:09,v2310,v2310,5898.0,2.0,58980.0,0.0,10,5897.0,5899.0,4,5937.0,5911.0,5919.0,5898.0,553.0,16330540.0,42920
2023-05-09 21:05:10,v2310,v2310,5898.0,0.0,0.0,0.0,4,5897.0,5899.0,27,5937.0,5911.0,5919.0,5898.0,553.0,16330540.0,42920
2023-05-09 21:05:10,v2310,v2310,5898.0,0.0,0.0,0.0,12,5896.0,5899.0,32,5937.0,5911.0,5919.0,5898.0,553.0,16330540.0,42920
2023-05-09 21:05:11,v2310,v2310,5898.0,0.0,0.0,0.0,11,5896.0,5899.0,33,5937.0,5911.0,5919.0,5898.0,553.0,16330540.0,42920
2023-05-09 21:05:11,v2310,v2310,5899.0,2.0,58990.0,2.0,10,5896.0,5899.0,31,5937.0,5911.0,5919.0,5898.0,555.0,16389530.0,42922
2023-05-09 21:05:12,v2310,v2310,5899.0,0.0,0.0,0.0,12,5896.0,5899.0,32,5937.0,5911.0,5919.0,5898.0,555.0,16389530.0,42922
2023-05-09 21:05:13,v2310,v2310,5899.0,0.0,0.0,0.0,10,5897.0,5899.0,9,5937.0,5911.0,5919.0,5898.0,555.0,16389530.0,42922
2023-05-09 21:05:13,v2310,v2310,5899.0,0.0,0.0,0.0,1,5898.0,5899.0,5,5937.0,5911.0,5919.0,5898.0,555.0,16389530.0,42922
2023-05-09 21:05:14,v2310,v2310,5899.0,0.0,0.0,0.0,14,5897.0,5899.0,2,5937.0,5911.0,5919.0,5898.0,555.0,16389530.0,42922
2023-05-09 21:05:15,v2310,v2310,5899.0,0.0,0.0,0.0,14,5897.0,5900.0,22,5937.0,5911.0,5919.0,5898.0,555.0,16389530.0,42922
2023-05-09 21:05:15,v2310,v2310,5899.0,0.0,0.0,0.0,14,5897.0,5900.0,34,5937.0,5911.0,5919.0,5898.0,555.0,16389530.0,42922
2023-05-09 21:05:16,v2310,v2310,5899.0,0.0,0.0,0.0,14,5898.0,5900.0,34,5937.0,5911.0,5919.0,5898.0,555.0,16389530.0,42922
2023-05-09 21:05:16,v2310,v2310,5899.0,0.0,0.0,0.0,15,5898.0,5900.0,33,5937.0,5911.0,5919.0,5898.0,555.0,16389530.0,42922
2023-05-09 21:05:17,v2310,v2310,5899.0,0.0,0.0,0.0,17,5898.0,5900.0,32,5937.0,5911.0,5919.0,5898.0,555.0,16389530.0,42922
2023-05-09 21:05:17,v2310,v2310,5899.0,0.0,0.0,0.0,17,5898.0,5899.0,1,5937.0,5911.0,5919.0,5898.0,555.0,16389530.0,42922
2023-05-09 21:05:18,v2310,v2310,5899.0,1.0,29495.0,0.0,18,5898.0,5900.0,20,5937.0,5911.0,5919.0,5898.0,556.0,16419025.0,42922
2023-05-09 21:05:18,v2310,v2310,5899.0,0.0,0.0,0.0,21,5898.0,5900.0,5,5937.0,5911.0,5919.0,5898.0,556.0,16419025.0,42922
2023-05-09 21:05:19,v2310,v2310,5899.0,0.0,0.0,0.0,22,5898.0,5901.0,14,5937.0,5911.0,5919.0,5898.0,556.0,16419025.0,42922
2023-05-09 21:05:19,v2310,v2310,5899.0,0.0,0.0,0.0,23,5898.0,5901.0,27,5937.0,5911.0,5919.0,5898.0,556.0,16419025.0,42922
2023-05-09 21:05:19,v2310,v2310,5899.0,0.0,0.0,0.0,22,5898.0,5901.0,33,5937.0,5911.0,5919.0,5898.0,556.0,16419025.0,42922
2023-05-09 21:05:21,v2310,v2310,5899.0,0.0,0.0,0.0,22,5898.0,5901.0,34,5937.0,5911.0,5919.0,5898.0,556.0,16419025.0,42922
2023-05-09 21:05:22,v2310,v2310,5899.0,0.0,0.0,0.0,22,5898.0,5901.0,33,5937.0,5911.0,5919.0,5898.0,556.0,16419025.0,42922
2023-05-09 21:05:22,v2310,v2310,5899.0,0.0,0.0,0.0,1,5900.0,5901.0,6,5937.0,5911.0,5919.0,5898.0,556.0,16419025.0,42922
2023-05-09 21:05:23,v2310,v2310,5899.0,0.0,0.0,0.0,2,5900.0,5902.0,12,5937.0,5911.0,5919.0,5898.0,556.0,16419025.0,42922
2023-05-09 21:05:23,v2310,v2310,5899.0,0.0,0.0,0.0,2,5900.0,5902.0,26,5937.0,5911.0,5919.0,5898.0,556.0,16419025.0,42922
2023-05-09 21:05:24,v2310,v2310,5899.0,0.0,0.0,0.0,16,5899.0,5902.0,31,5937.0,5911.0,5919.0,5898.0,556.0,16419025.0,42922
2023-05-09 21:05:24,v2310,v2310,5899.0,0.0,0.0,0.0,14,5899.0,5902.0,32,5937.0,5911.0,5919.0,5898.0,556.0,16419025.0,42922
2023-05-09 21:05:25,v2310,v2310,5900.0,1.0,29500.0,-1.0,2,5901.0,5902.0,9,5937.0,5911.0,5919.0,5898.0,557.0,16448525.0,42921
2023-05-09 21:05:25,v2310,v2310,5902.0,2.0,59010.0,1.0,13,5900.0,5902.0,3,5937.0,5911.0,5919.0,5898.0,559.0,16507535.0,42922
2023-05-09 21:05:25,v2310,v2310,5902.0,0.0,0.0,0.0,13,5900.0,5902.0,1,5937.0,5911.0,5919.0,5898.0,559.0,16507535.0,42922
2023-05-09 21:05:26,v2310,v2310,5902.0,0.0,0.0,0.0,2,5901.0,5903.0,22,5937.0,5911.0,5919.0,5898.0,559.0,16507535.0,42922
2023-05-09 21:05:27,v2310,v2310,5901.0,2.0,59010.0,2.0,7,5900.0,5902.0,10,5937.0,5911.0,5919.0,5898.0,561.0,16566545.0,42924
2023-05-09 21:05:27,v2310,v2310,5901.0,0.0,0.0,0.0,12,5899.0,5902.0,18,5937.0,5911.0,5919.0,5898.0,561.0,16566545.0,42924
2023-05-09 21:05:27,v2310,v2310,5901.0,0.0,0.0,0.0,9,5899.0,5902.0,19,5937.0,5911.0,5919.0,5898.0,561.0,16566545.0,42924
2023-05-09 21:05:28,v2310,v2310,5901.0,0.0,0.0,0.0,8,5899.0,5901.0,20,5937.0,5911.0,5919.0,5898.0,561.0,16566545.0,42924
2023-05-09 21:05:29,v2310,v2310,5901.0,0.0,0.0,0.0,5,5899.0,5901.0,27,5937.0,5911.0,5919.0,5898.0,561.0,16566545.0,42924
2023-05-09 21:05:29,v2310,v2310,5901.0,0.0,0.0,0.0,2,5899.0,5901.0,28,5937.0,5911.0,5919.0,5898.0,561.0,16566545.0,42924
2023-05-09 21:05:30,v2310,v2310,5901.0,0.0,0.0,0.0,24,5898.0,5901.0,28,5937.0,5911.0,5919.0,5898.0,561.0,16566545.0,42924
2023-05-09 21:05:30,v2310,v2310,5901.0,0.0,0.0,0.0,21,5898.0,5901.0,29,5937.0,5911.0,5919.0,5898.0,561.0,16566545.0,42924
2023-05-09 21:05:31,v2310,v2310,5901.0,0.0,0.0,0.0,22,5898.0,5901.0,30,5937.0,5911.0,5919.0,5898.0,561.0,16566545.0,42924
2023-05-09 21:05:32,v2310,v2310,5901.0,0.0,0.0,0.0,22,5898.0,5901.0,29,5937.0,5911.0,5919.0,5898.0,561.0,16566545.0,42924
2023-05-09 21:05:34,v2310,v2310,5901.0,0.0,0.0,0.0,17,5898.0,5899.0,2,5937.0,5911.0,5919.0,5898.0,561.0,16566545.0,42924
2023-05-09 21:05:35,v2310,v2310,5901.0,0.0,0.0,0.0,17,5898.0,5900.0,27,5937.0,5911.0,5919.0,5898.0,561.0,16566545.0,42924
2023-05-09 21:05:35,v2310,v2310,5901.0,0.0,0.0,0.0,18,5898.0,5900.0,33,5937.0,5911.0,5919.0,5898.0,561.0,16566545.0,42924
2023-05-09 21:05:36,v2310,v2310,5901.0,0.0,0.0,0.0,17,5898.0,5900.0,33,5937.0,5911.0,5919.0,5898.0,561.0,16566545.0,42924
2023-05-09 21:05:37,v2310,v2310,5901.0,0.0,0.0,0.0,18,5898.0,5900.0,32,5937.0,5911.0,5919.0,5898.0,561.0,16566545.0,42924
2023-05-09 21:05:37,v2310,v2310,5901.0,0.0,0.0,0.0,17,5898.0,5899.0,2,5937.0,5911.0,5919.0,5898.0,561.0,16566545.0,42924
2023-05-09 21:05:38,v2310,v2310,5901.0,0.0,0.0,0.0,16,5898.0,5900.0,28,5937.0,5911.0,5919.0,5898.0,561.0,16566545.0,42924
2023-05-09 21:05:38,v2310,v2310,5901.0,0.0,0.0,0.0,17,5898.0,5900.0,32,5937.0,5911.0,5919.0,5898.0,561.0,16566545.0,42924
2023-05-09 21:05:39,v2310,v2310,5901.0,0.0,0.0,0.0,18,5898.0,5900.0,32,5937.0,5911.0,5919.0,5898.0,561.0,16566545.0,42924
2023-05-09 21:05:40,v2310,v2310,5901.0,0.0,0.0,0.0,18,5898.0,5900.0,31,5937.0,5911.0,5919.0,5898.0,561.0,16566545.0,42924
2023-05-09 21:05:43,v2310,v2310,5901.0,0.0,0.0,0.0,3,5899.0,5900.0,6,5937.0,5911.0,5919.0,5898.0,561.0,16566545.0,42924
2023-05-09 21:05:43,v2310,v2310,5901.0,0.0,0.0,0.0,22,5898.0,5901.0,14,5937.0,5911.0,5919.0,5898.0,561.0,16566545.0,42924
2023-05-09 21:05:44,v2310,v2310,5901.0,0.0,0.0,0.0,23,5898.0,5901.0,27,5937.0,5911.0,5919.0,5898.0,561.0,16566545.0,42924
2023-05-09 21:05:44,v2310,v2310,5901.0,0.0,0.0,0.0,22,5898.0,5901.0,33,5937.0,5911.0,5919.0,5898.0,561.0,16566545.0,42924
2023-05-09 21:05:45,v2310,v2310,5901.0,0.0,0.0,0.0,20,5898.0,5900.0,4,5937.0,5911.0,5919.0,5898.0,561.0,16566545.0,42924
2023-05-09 21:05:46,v2310,v2310,5901.0,0.0,0.0,0.0,20,5898.0,5900.0,8,5937.0,5911.0,5919.0,5898.0,561.0,16566545.0,42924
2023-05-09 21:05:47,v2310,v2310,5901.0,0.0,0.0,0.0,20,5898.0,5900.0,10,5937.0,5911.0,5919.0,5898.0,561.0,16566545.0,42924
2023-05-09 21:05:48,v2310,v2310,5901.0,0.0,0.0,0.0,19,5898.0,5900.0,10,5937.0,5911.0,5919.0,5898.0,561.0,16566545.0,42924
2023-05-09 21:05:49,v2310,v2310,5901.0,0.0,0.0,0.0,1,5899.0,5900.0,8,5937.0,5911.0,5919.0,5898.0,561.0,16566545.0,42924
2023-05-09 21:05:49,v2310,v2310,5899.0,1.0,29495.0,0.0,19,5898.0,5900.0,8,5937.0,5911.0,5919.0,5898.0,562.0,16596040.0,42924
2023-05-09 21:05:50,v2310,v2310,5899.0,0.0,0.0,0.0,20,5898.0,5900.0,9,5937.0,5911.0,5919.0,5898.0,562.0,16596040.0,42924
2023-05-09 21:05:54,v2310,v2310,5899.0,0.0,0.0,0.0,20,5898.0,5900.0,8,5937.0,5911.0,5919.0,5898.0,562.0,16596040.0,42924
2023-05-09 21:05:54,v2310,v2310,5899.0,0.0,0.0,0.0,20,5898.0,5900.0,9,5937.0,5911.0,5919.0,5898.0,562.0,16596040.0,42924
2023-05-09 21:05:59,v2310,v2310,5899.0,0.0,0.0,0.0,19,5898.0,5900.0,9,5937.0,5911.0,5919.0,5898.0,562.0,16596040.0,42924
2023-05-09 21:06:00,v2310,v2310,5899.0,0.0,0.0,0.0,20,5898.0,5900.0,9,5937.0,5911.0,5919.0,5898.0,562.0,16596040.0,42924
2023-05-09 21:06:03,v2310,v2310,5899.0,0.0,0.0,0.0,19,5898.0,5900.0,10,5937.0,5911.0,5919.0,5898.0,562.0,16596040.0,42924
2023-05-09 21:06:03,v2310,v2310,5899.0,0.0,0.0,0.0,20,5898.0,5900.0,10,5937.0,5911.0,5919.0,5898.0,562.0,16596040.0,42924
2023-05-09 21:06:04,v2310,v2310,5899.0,0.0,0.0,0.0,1,5899.0,5900.0,8,5937.0,5911.0,5919.0,5898.0,562.0,16596040.0,42924
2023-05-09 21:06:05,v2310,v2310,5900.0,7.0,206500.0,6.0,7,5900.0,5901.0,25,5937.0,5911.0,5919.0,5898.0,569.0,16802540.0,42930
2023-05-09 21:06:05,v2310,v2310,5901.0,2.0,59010.0,0.0,1,5901.0,5902.0,8,5937.0,5911.0,5919.0,5898.0,571.0,16861550.0,42930
2023-05-09 21:06:06,v2310,v2310,5901.0,1.0,29505.0,0.0,11,5900.0,5902.0,19,5937.0,5911.0,5919.0,5898.0,572.0,16891055.0,42930
2023-05-09 21:06:06,v2310,v2310,5901.0,0.0,0.0,0.0,10,5900.0,5902.0,27,5937.0,5911.0,5919.0,5898.0,572.0,16891055.0,42930
2023-05-09 21:06:08,v2310,v2310,5901.0,0.0,0.0,0.0,10,5900.0,5902.0,28,5937.0,5911.0,5919.0,5898.0,572.0,16891055.0,42930
2023-05-09 21:06:08,v2310,v2310,5901.0,0.0,0.0,0.0,10,5900.0,5902.0,29,5937.0,5911.0,5919.0,5898.0,572.0,16891055.0,42930
2023-05-09 21:06:11,v2310,v2310,5900.0,10.0,295000.0,8.0,6,5899.0,5900.0,3,5937.0,5911.0,5919.0,5898.0,582.0,17186055.0,42938
2023-05-09 21:06:11,v2310,v2310,5900.0,0.0,0.0,0.0,21,5898.0,5900.0,3,5937.0,5911.0,5919.0,5898.0,582.0,17186055.0,42938
2023-05-09 21:06:12,v2310,v2310,5900.0,0.0,0.0,0.0,20,5898.0,5900.0,3,5937.0,5911.0,5919.0,5898.0,582.0,17186055.0,42938
2023-05-09 21:06:12,v2310,v2310,5900.0,0.0,0.0,0.0,22,5898.0,5900.0,3,5937.0,5911.0,5919.0,5898.0,582.0,17186055.0,42938
2023-05-09 21:06:14,v2310,v2310,5900.0,3.0,88500.0,-1.0,22,5898.0,5901.0,23,5937.0,5911.0,5919.0,5898.0,585.0,17274555.0,42937
2023-05-09 21:06:14,v2310,v2310,5900.0,0.0,0.0,0.0,22,5898.0,5901.0,33,5937.0,5911.0,5919.0,5898.0,585.0,17274555.0,42937
2023-05-09 21:06:17,v2310,v2310,5900.0,0.0,0.0,0.0,22,5898.0,5900.0,1,5937.0,5911.0,5919.0,5898.0,585.0,17274555.0,42937
2023-05-09 21:06:18,v2310,v2310,5900.0,0.0,0.0,0.0,2,5899.0,5900.0,1,5937.0,5911.0,5919.0,5898.0,585.0,17274555.0,42937
2023-05-09 21:06:24,v2310,v2310,5900.0,0.0,0.0,0.0,2,5899.0,5901.0,32,5937.0,5911.0,5919.0,5898.0,585.0,17274555.0,42937
2023-05-09 21:06:25,v2310,v2310,5900.0,0.0,0.0,0.0,5,5899.0,5901.0,11,5937.0,5911.0,5919.0,5898.0,585.0,17274555.0,42937
2023-05-09 21:06:25,v2310,v2310,5900.0,0.0,0.0,0.0,12,5899.0,5901.0,7,5937.0,5911.0,5919.0,5898.0,585.0,17274555.0,42937
2023-05-09 21:06:25,v2310,v2310,5900.0,0.0,0.0,0.0,13,5899.0,5901.0,7,5937.0,5911.0,5919.0,5898.0,585.0,17274555.0,42937
2023-05-09 21:06:27,v2310,v2310,5900.0,0.0,0.0,0.0,2,5899.0,5900.0,1,5937.0,5911.0,5919.0,5898.0,585.0,17274555.0,42937
2023-05-09 21:06:28,v2310,v2310,5900.0,1.0,29500.0,0.0,8,5899.0,5901.0,5,5937.0,5911.0,5919.0,5898.0,586.0,17304055.0,42937
2023-05-09 21:06:28,v2310,v2310,5901.0,1.0,29505.0,0.0,12,5899.0,5902.0,13,5937.0,5911.0,5919.0,5898.0,587.0,17333560.0,42937
2023-05-09 21:06:29,v2310,v2310,5901.0,0.0,0.0,0.0,4,5900.0,5902.0,9,5937.0,5911.0,5919.0,5898.0,587.0,17333560.0,42937
2023-05-09 21:06:29,v2310,v2310,5901.0,0.0,0.0,0.0,1,5900.0,5901.0,2,5937.0,5911.0,5919.0,5898.0,587.0,17333560.0,42937
2023-05-09 21:06:30,v2310,v2310,5901.0,0.0,0.0,0.0,12,5899.0,5901.0,2,5937.0,5911.0,5919.0,5898.0,587.0,17333560.0,42937
2023-05-09 21:06:31,v2310,v2310,5901.0,0.0,0.0,0.0,12,5899.0,5902.0,27,5937.0,5911.0,5919.0,5898.0,587.0,17333560.0,42937
2023-05-09 21:06:32,v2310,v2310,5901.0,0.0,0.0,0.0,2,5900.0,5902.0,12,5937.0,5911.0,5919.0,5898.0,587.0,17333560.0,42937
2023-05-09 21:06:32,v2310,v2310,5901.0,0.0,0.0,0.0,7,5900.0,5902.0,9,5937.0,5911.0,5919.0,5898.0,587.0,17333560.0,42937
2023-05-09 21:06:33,v2310,v2310,5901.0,0.0,0.0,0.0,11,5900.0,5902.0,8,5937.0,5911.0,5919.0,5898.0,587.0,17333560.0,42937
2023-05-09 21:06:33,v2310,v2310,5902.0,6.0,177060.0,0.0,4,5901.0,5903.0,8,5937.0,5911.0,5919.0,5898.0,593.0,17510620.0,42937
2023-05-09 21:06:34,v2310,v2310,5902.0,0.0,0.0,0.0,6,5901.0,5903.0,9,5937.0,5911.0,5919.0,5898.0,593.0,17510620.0,42937
2023-05-09 21:06:34,v2310,v2310,5902.0,0.0,0.0,0.0,4,5902.0,5903.0,4,5937.0,5911.0,5919.0,5898.0,593.0,17510620.0,42937
2023-05-09 21:06:35,v2310,v2310,5902.0,0.0,0.0,0.0,8,5902.0,5904.0,9,5937.0,5911.0,5919.0,5898.0,593.0,17510620.0,42937
2023-05-09 21:06:35,v2310,v2310,5902.0,0.0,0.0,0.0,11,5902.0,5904.0,8,5937.0,5911.0,5919.0,5898.0,593.0,17510620.0,42937
2023-05-09 21:06:35,v2310,v2310,5902.0,0.0,0.0,0.0,12,5902.0,5904.0,7,5937.0,5911.0,5919.0,5898.0,593.0,17510620.0,42937
2023-05-09 21:06:37,v2310,v2310,5902.0,0.0,0.0,0.0,12,5902.0,5904.0,8,5937.0,5911.0,5919.0,5898.0,593.0,17510620.0,42937
2023-05-09 21:06:39,v2310,v2310,5902.0,0.0,0.0,0.0,12,5902.0,5904.0,6,5937.0,5911.0,5919.0,5898.0,593.0,17510620.0,42937
2023-05-09 21:06:40,v2310,v2310,5902.0,0.0,0.0,0.0,12,5902.0,5904.0,2,5937.0,5911.0,5919.0,5898.0,593.0,17510620.0,42937
2023-05-09 21:06:40,v2310,v2310,5902.0,0.0,0.0,0.0,8,5903.0,5905.0,9,5937.0,5911.0,5919.0,5898.0,593.0,17510620.0,42937
2023-05-09 21:06:41,v2310,v2310,5902.0,0.0,0.0,0.0,11,5903.0,5905.0,9,5937.0,5911.0,5919.0,5898.0,593.0,17510620.0,42937
2023-05-09 21:06:41,v2310,v2310,5902.0,0.0,0.0,0.0,12,5903.0,5905.0,7,5937.0,5911.0,5919.0,5898.0,593.0,17510620.0,42937
2023-05-09 21:06:43,v2310,v2310,5902.0,0.0,0.0,0.0,12,5903.0,5905.0,8,5937.0,5911.0,5919.0,5898.0,593.0,17510620.0,42937
2023-05-09 21:06:44,v2310,v2310,5902.0,0.0,0.0,0.0,11,5903.0,5905.0,8,5937.0,5911.0,5919.0,5898.0,593.0,17510620.0,42937
2023-05-09 21:06:46,v2310,v2310,5902.0,0.0,0.0,0.0,12,5903.0,5905.0,8,5937.0,5911.0,5919.0,5898.0,593.0,17510620.0,42937
2023-05-09 21:06:47,v2310,v2310,5902.0,0.0,0.0,0.0,11,5903.0,5905.0,9,5937.0,5911.0,5919.0,5898.0,593.0,17510620.0,42937
2023-05-09 21:06:49,v2310,v2310,5902.0,0.0,0.0,0.0,11,5903.0,5905.0,7,5937.0,5911.0,5919.0,5898.0,593.0,17510620.0,42937
2023-05-09 21:06:49,v2310,v2310,5903.0,7.0,206605.0,4.0,8,5902.0,5903.0,5,5937.0,5911.0,5919.0,5898.0,600.0,17717225.0,42941
2023-05-09 21:06:50,v2310,v2310,5903.0,1.0,29515.0,-1.0,9,5902.0,5903.0,3,5937.0,5911.0,5919.0,5898.0,601.0,17746740.0,42940
2023-05-09 21:06:50,v2310,v2310,5903.0,0.0,0.0,0.0,8,5902.0,5903.0,3,5937.0,5911.0,5919.0,5898.0,601.0,17746740.0,42940
2023-05-09 21:06:50,v2310,v2310,5903.0,0.0,0.0,0.0,9,5902.0,5903.0,3,5937.0,5911.0,5919.0,5898.0,601.0,17746740.0,42940
2023-05-09 21:06:52,v2310,v2310,5903.0,0.0,0.0,0.0,8,5902.0,5903.0,3,5937.0,5911.0,5919.0,5898.0,601.0,17746740.0,42940
2023-05-09 21:06:54,v2310,v2310,5903.0,3.0,88545.0,3.0,10,5902.0,5904.0,9,5937.0,5911.0,5919.0,5898.0,604.0,17835285.0,42943
2023-05-09 21:06:54,v2310,v2310,5903.0,0.0,0.0,0.0,1,5903.0,5904.0,5,5937.0,5911.0,5919.0,5898.0,604.0,17835285.0,42943
2023-05-09 21:06:55,v2310,v2310,5903.0,0.0,0.0,0.0,14,5902.0,5904.0,3,5937.0,5911.0,5919.0,5898.0,604.0,17835285.0,42943
2023-05-09 21:06:55,v2310,v2310,5903.0,0.0,0.0,0.0,14,5902.0,5905.0,14,5937.0,5911.0,5919.0,5898.0,604.0,17835285.0,42943
2023-05-09 21:06:56,v2310,v2310,5903.0,0.0,0.0,0.0,13,5902.0,5904.0,3,5937.0,5911.0,5919.0,5898.0,604.0,17835285.0,42943
2023-05-09 21:06:56,v2310,v2310,5903.0,0.0,0.0,0.0,7,5902.0,5904.0,11,5937.0,5911.0,5919.0,5898.0,604.0,17835285.0,42943
2023-05-09 21:06:57,v2310,v2310,5903.0,0.0,0.0,0.0,4,5902.0,5904.0,13,5937.0,5911.0,5919.0,5898.0,604.0,17835285.0,42943
2023-05-09 21:06:57,v2310,v2310,5903.0,0.0,0.0,0.0,2,5902.0,5904.0,13,5937.0,5911.0,5919.0,5898.0,604.0,17835285.0,42943
2023-05-09 21:07:01,v2310,v2310,5904.0,8.0,236140.0,0.0,2,5902.0,5903.0,3,5937.0,5911.0,5919.0,5898.0,612.0,18071425.0,42943
2023-05-09 21:07:01,v2310,v2310,5902.0,2.0,59020.0,2.0,4,5901.0,5903.0,3,5937.0,5911.0,5919.0,5898.0,614.0,18130445.0,42945
2023-05-09 21:07:02,v2310,v2310,5902.0,0.0,0.0,0.0,1,5901.0,5903.0,3,5937.0,5911.0,5919.0,5898.0,614.0,18130445.0,42945
2023-05-09 21:07:02,v2310,v2310,5902.0,0.0,0.0,0.0,2,5901.0,5903.0,12,5937.0,5911.0,5919.0,5898.0,614.0,18130445.0,42945
2023-05-09 21:07:04,v2310,v2310,5902.0,0.0,0.0,0.0,9,5900.0,5902.0,4,5937.0,5911.0,5919.0,5898.0,614.0,18130445.0,42945
2023-05-09 21:07:05,v2310,v2310,5902.0,0.0,0.0,0.0,7,5900.0,5902.0,8,5937.0,5911.0,5919.0,5898.0,614.0,18130445.0,42945
2023-05-09 21:07:05,v2310,v2310,5902.0,0.0,0.0,0.0,4,5900.0,5902.0,12,5937.0,5911.0,5919.0,5898.0,614.0,18130445.0,42945
2023-05-09 21:07:06,v2310,v2310,5902.0,12.0,354120.0,-3.0,8,5902.0,5903.0,2,5937.0,5911.0,5919.0,5898.0,626.0,18484565.0,42942
2023-05-09 21:07:06,v2310,v2310,5902.0,12.0,354120.0,5.0,5,5901.0,5902.0,1,5937.0,5911.0,5919.0,5898.0,638.0,18838685.0,42947
2023-05-09 21:07:07,v2310,v2310,5902.0,0.0,0.0,0.0,2,5902.0,5903.0,7,5937.0,5911.0,5919.0,5898.0,638.0,18838685.0,42947
2023-05-09 21:07:07,v2310,v2310,5902.0,0.0,0.0,0.0,11,5901.0,5903.0,4,5937.0,5911.0,5919.0,5898.0,638.0,18838685.0,42947
2023-05-09 21:07:08,v2310,v2310,5902.0,0.0,0.0,0.0,11,5901.0,5903.0,1,5937.0,5911.0,5919.0,5898.0,638.0,18838685.0,42947
2023-05-09 21:07:08,v2310,v2310,5902.0,0.0,0.0,0.0,12,5901.0,5904.0,22,5937.0,5911.0,5919.0,5898.0,638.0,18838685.0,42947
2023-05-09 21:07:09,v2310,v2310,5902.0,0.0,0.0,0.0,12,5901.0,5904.0,32,5937.0,5911.0,5919.0,5898.0,638.0,18838685.0,42947
2023-05-09 21:07:09,v2310,v2310,5902.0,0.0,0.0,0.0,11,5901.0,5904.0,32,5937.0,5911.0,5919.0,5898.0,638.0,18838685.0,42947
2023-05-09 21:07:10,v2310,v2310,5902.0,0.0,0.0,0.0,10,5901.0,5903.0,4,5937.0,5911.0,5919.0,5898.0,638.0,18838685.0,42947
2023-05-09 21:07:10,v2310,v2310,5902.0,0.0,0.0,0.0,8,5901.0,5903.0,9,5937.0,5911.0,5919.0,5898.0,638.0,18838685.0,42947
2023-05-09 21:07:11,v2310,v2310,5902.0,0.0,0.0,0.0,8,5901.0,5903.0,12,5937.0,5911.0,5919.0,5898.0,638.0,18838685.0,42947
2023-05-09 21:07:14,v2310,v2310,5901.0,7.0,206535.0,6.0,6,5900.0,5901.0,4,5937.0,5911.0,5919.0,5898.0,645.0,19045220.0,42953
2023-05-09 21:07:14,v2310,v2310,5901.0,0.0,0.0,0.0,1,5900.0,5901.0,4,5937.0,5911.0,5919.0,5898.0,645.0,19045220.0,42953
2023-05-09 21:07:16,v2310,v2310,5900.0,1.0,29500.0,1.0,6,5899.0,5900.0,3,5937.0,5911.0,5919.0,5898.0,646.0,19074720.0,42954
2023-05-09 21:07:17,v2310,v2310,5900.0,0.0,0.0,0.0,24,5898.0,5900.0,1,5937.0,5911.0,5919.0,5898.0,646.0,19074720.0,42954
2023-05-09 21:07:17,v2310,v2310,5900.0,0.0,0.0,0.0,1,5899.0,5900.0,25,5937.0,5911.0,5919.0,5898.0,646.0,19074720.0,42954
2023-05-09 21:07:18,v2310,v2310,5900.0,0.0,0.0,0.0,1,5899.0,5900.0,27,5937.0,5911.0,5919.0,5898.0,646.0,19074720.0,42954
2023-05-09 21:07:18,v2310,v2310,5900.0,8.0,236000.0,0.0,2,5899.0,5900.0,16,5937.0,5911.0,5919.0,5898.0,654.0,19310720.0,42954
2023-05-09 21:07:19,v2310,v2310,5900.0,0.0,0.0,0.0,4,5899.0,5900.0,17,5937.0,5911.0,5919.0,5898.0,654.0,19310720.0,42954
2023-05-09 21:07:19,v2310,v2310,5901.0,22.0,649025.0,11.0,19,5900.0,5901.0,2,5937.0,5911.0,5919.0,5898.0,676.0,19959745.0,42965
2023-05-09 21:07:20,v2310,v2310,5901.0,0.0,0.0,0.0,16,5900.0,5902.0,9,5937.0,5911.0,5919.0,5898.0,676.0,19959745.0,42965
2023-05-09 21:07:20,v2310,v2310,5901.0,9.0,265550.0,1.0,6,5900.0,5901.0,1,5937.0,5911.0,5919.0,5898.0,685.0,20225295.0,42966
2023-05-09 21:07:21,v2310,v2310,5901.0,0.0,0.0,0.0,10,5900.0,5901.0,1,5937.0,5911.0,5919.0,5898.0,685.0,20225295.0,42966
2023-05-09 21:07:21,v2310,v2310,5901.0,0.0,0.0,0.0,11,5900.0,5901.0,1,5937.0,5911.0,5919.0,5898.0,685.0,20225295.0,42966
2023-05-09 21:07:22,v2310,v2310,5901.0,1.0,29505.0,0.0,10,5900.0,5902.0,7,5937.0,5911.0,5919.0,5898.0,686.0,20254800.0,42966
2023-05-09 21:07:23,v2310,v2310,5901.0,0.0,0.0,0.0,12,5900.0,5902.0,3,5937.0,5911.0,5919.0,5898.0,686.0,20254800.0,42966
2023-05-09 21:07:23,v2310,v2310,5901.0,0.0,0.0,0.0,13,5900.0,5902.0,2,5937.0,5911.0,5919.0,5898.0,686.0,20254800.0,42966
2023-05-09 21:07:24,v2310,v2310,5901.0,0.0,0.0,0.0,13,5900.0,5903.0,22,5937.0,5911.0,5919.0,5898.0,686.0,20254800.0,42966
2023-05-09 21:07:24,v2310,v2310,5901.0,0.0,0.0,0.0,13,5900.0,5903.0,32,5937.0,5911.0,5919.0,5898.0,686.0,20254800.0,42966
2023-05-09 21:07:27,v2310,v2310,5900.0,9.0,265500.0,6.0,5,5899.0,5900.0,5,5937.0,5911.0,5919.0,5898.0,695.0,20520300.0,42972
2023-05-09 21:07:27,v2310,v2310,5899.0,3.0,88485.0,3.0,18,5898.0,5900.0,6,5937.0,5911.0,5919.0,5898.0,698.0,20608785.0,42975
2023-05-09 21:07:28,v2310,v2310,5899.0,0.0,0.0,0.0,18,5898.0,5900.0,8,5937.0,5911.0,5919.0,5898.0,698.0,20608785.0,42975
2023-05-09 21:07:28,v2310,v2310,5899.0,0.0,0.0,0.0,20,5898.0,5900.0,9,5937.0,5911.0,5919.0,5898.0,698.0,20608785.0,42975
2023-05-09 21:07:28,v2310,v2310,5899.0,0.0,0.0,0.0,20,5898.0,5900.0,11,5937.0,5911.0,5919.0,5898.0,698.0,20608785.0,42975
2023-05-09 21:07:30,v2310,v2310,5899.0,0.0,0.0,0.0,15,5898.0,5899.0,1,5937.0,5911.0,5919.0,5898.0,698.0,20608785.0,42975
2023-05-09 21:07:31,v2310,v2310,5899.0,1.0,29495.0,-1.0,15,5898.0,5900.0,23,5937.0,5911.0,5919.0,5898.0,699.0,20638280.0,42974
2023-05-09 21:07:32,v2310,v2310,5900.0,8.0,236000.0,-1.0,1,5900.0,5901.0,9,5937.0,5911.0,5919.0,5898.0,707.0,20874280.0,42973
2023-05-09 21:07:32,v2310,v2310,5899.0,2.0,58995.0,0.0,1,5899.0,5900.0,3,5937.0,5911.0,5919.0,5898.0,709.0,20933275.0,42973
2023-05-09 21:07:33,v2310,v2310,5899.0,0.0,0.0,0.0,22,5898.0,5901.0,15,5937.0,5911.0,5919.0,5898.0,709.0,20933275.0,42973
2023-05-09 21:07:33,v2310,v2310,5899.0,0.0,0.0,0.0,23,5898.0,5901.0,26,5937.0,5911.0,5919.0,5898.0,709.0,20933275.0,42973
2023-05-09 21:07:33,v2310,v2310,5899.0,0.0,0.0,0.0,22,5898.0,5901.0,32,5937.0,5911.0,5919.0,5898.0,709.0,20933275.0,42973
2023-05-09 21:07:35,v2310,v2310,5899.0,0.0,0.0,0.0,22,5898.0,5901.0,31,5937.0,5911.0,5919.0,5898.0,709.0,20933275.0,42973
2023-05-09 21:07:36,v2310,v2310,5899.0,0.0,0.0,0.0,21,5898.0,5900.0,3,5937.0,5911.0,5919.0,5898.0,709.0,20933275.0,42973
2023-05-09 21:07:37,v2310,v2310,5899.0,0.0,0.0,0.0,2,5899.0,5900.0,2,5937.0,5911.0,5919.0,5898.0,709.0,20933275.0,42973
2023-05-09 21:07:37,v2310,v2310,5899.0,0.0,0.0,0.0,2,5899.0,5901.0,31,5937.0,5911.0,5919.0,5898.0,709.0,20933275.0,42973
2023-05-09 21:07:38,v2310,v2310,5899.0,0.0,0.0,0.0,8,5899.0,5901.0,4,5937.0,5911.0,5919.0,5898.0,709.0,20933275.0,42973
2023-05-09 21:07:38,v2310,v2310,5899.0,0.0,0.0,0.0,12,5899.0,5901.0,2,5937.0,5911.0,5919.0,5898.0,709.0,20933275.0,42973
2023-05-09 21:07:39,v2310,v2310,5899.0,0.0,0.0,0.0,12,5899.0,5902.0,14,5937.0,5911.0,5919.0,5898.0,709.0,20933275.0,42973
2023-05-09 21:07:39,v2310,v2310,5899.0,0.0,0.0,0.0,12,5899.0,5902.0,28,5937.0,5911.0,5919.0,5898.0,709.0,20933275.0,42973
2023-05-09 21:07:40,v2310,v2310,5899.0,0.0,0.0,0.0,10,5899.0,5901.0,3,5937.0,5911.0,5919.0,5898.0,709.0,20933275.0,42973
2023-05-09 21:07:40,v2310,v2310,5899.0,0.0,0.0,0.0,7,5899.0,5901.0,9,5937.0,5911.0,5919.0,5898.0,709.0,20933275.0,42973
2023-05-09 21:07:41,v2310,v2310,5899.0,0.0,0.0,0.0,5,5899.0,5901.0,11,5937.0,5911.0,5919.0,5898.0,709.0,20933275.0,42973
2023-05-09 21:07:41,v2310,v2310,5899.0,0.0,0.0,0.0,2,5900.0,5901.0,6,5937.0,5911.0,5919.0,5898.0,709.0,20933275.0,42973
2023-05-09 21:07:42,v2310,v2310,5899.0,0.0,0.0,0.0,12,5899.0,5902.0,33,5937.0,5911.0,5919.0,5898.0,709.0,20933275.0,42973
2023-05-09 21:07:42,v2310,v2310,5899.0,0.0,0.0,0.0,2,5901.0,5902.0,7,5937.0,5911.0,5919.0,5898.0,709.0,20933275.0,42973
2023-05-09 21:07:43,v2310,v2310,5899.0,0.0,0.0,0.0,4,5901.0,5903.0,12,5937.0,5911.0,5919.0,5898.0,709.0,20933275.0,42973
2023-05-09 21:07:43,v2310,v2310,5899.0,0.0,0.0,0.0,10,5901.0,5903.0,5,5937.0,5911.0,5919.0,5898.0,709.0,20933275.0,42973
2023-05-09 21:07:44,v2310,v2310,5899.0,0.0,0.0,0.0,11,5901.0,5903.0,2,5937.0,5911.0,5919.0,5898.0,709.0,20933275.0,42973
2023-05-09 21:07:44,v2310,v2310,5899.0,0.0,0.0,0.0,10,5901.0,5903.0,1,5937.0,5911.0,5919.0,5898.0,709.0,20933275.0,42973
2023-05-09 21:07:44,v2310,v2310,5899.0,0.0,0.0,0.0,11,5901.0,5903.0,1,5937.0,5911.0,5919.0,5898.0,709.0,20933275.0,42973
2023-05-09 21:07:45,v2310,v2310,5899.0,0.0,0.0,0.0,2,5902.0,5903.0,1,5937.0,5911.0,5919.0,5898.0,709.0,20933275.0,42973
2023-05-09 21:07:46,v2310,v2310,5902.0,2.0,59020.0,0.0,12,5901.0,5903.0,1,5937.0,5911.0,5919.0,5898.0,711.0,20992295.0,42973
2023-05-09 21:07:46,v2310,v2310,5901.0,1.0,29505.0,0.0,8,5901.0,5903.0,1,5937.0,5911.0,5919.0,5898.0,712.0,21021800.0,42973
2023-05-09 21:07:47,v2310,v2310,5901.0,0.0,0.0,0.0,9,5901.0,5903.0,1,5937.0,5911.0,5919.0,5898.0,712.0,21021800.0,42973
2023-05-09 21:07:47,v2310,v2310,5901.0,0.0,0.0,0.0,8,5901.0,5903.0,5,5937.0,5911.0,5919.0,5898.0,712.0,21021800.0,42973
2023-05-09 21:07:48,v2310,v2310,5901.0,0.0,0.0,0.0,7,5901.0,5903.0,25,5937.0,5911.0,5919.0,5898.0,712.0,21021800.0,42973
2023-05-09 21:07:48,v2310,v2310,5901.0,6.0,177030.0,4.0,9,5900.0,5901.0,1,5937.0,5911.0,5919.0,5898.0,718.0,21198830.0,42977
2023-05-09 21:07:49,v2310,v2310,5901.0,0.0,0.0,0.0,8,5900.0,5901.0,1,5937.0,5911.0,5919.0,5898.0,718.0,21198830.0,42977
2023-05-09 21:07:50,v2310,v2310,5901.0,0.0,0.0,0.0,10,5900.0,5901.0,1,5937.0,5911.0,5919.0,5898.0,718.0,21198830.0,42977
2023-05-09 21:07:51,v2310,v2310,5901.0,1.0,29505.0,0.0,11,5900.0,5902.0,8,5937.0,5911.0,5919.0,5898.0,719.0,21228335.0,42977
2023-05-09 21:07:52,v2310,v2310,5901.0,0.0,0.0,0.0,3,5901.0,5903.0,11,5937.0,5911.0,5919.0,5898.0,719.0,21228335.0,42977
2023-05-09 21:07:52,v2310,v2310,5901.0,0.0,0.0,0.0,2,5901.0,5903.0,9,5937.0,5911.0,5919.0,5898.0,719.0,21228335.0,42977
2023-05-09 21:07:53,v2310,v2310,5901.0,0.0,0.0,0.0,2,5901.0,5903.0,10,5937.0,5911.0,5919.0,5898.0,719.0,21228335.0,42977
2023-05-09 21:08:01,v2310,v2310,5901.0,0.0,0.0,0.0,1,5901.0,5902.0,2,5937.0,5911.0,5919.0,5898.0,719.0,21228335.0,42977
2023-05-09 21:08:02,v2310,v2310,5901.0,0.0,0.0,0.0,11,5900.0,5902.0,2,5937.0,5911.0,5919.0,5898.0,719.0,21228335.0,42977
2023-05-09 21:08:02,v2310,v2310,5902.0,2.0,59020.0,0.0,12,5900.0,5903.0,18,5937.0,5911.0,5919.0,5898.0,721.0,21287355.0,42977
2023-05-09 21:08:03,v2310,v2310,5902.0,0.0,0.0,0.0,8,5901.0,5903.0,8,5937.0,5911.0,5919.0,5898.0,721.0,21287355.0,42977
2023-05-09 21:08:03,v2310,v2310,5902.0,0.0,0.0,0.0,13,5901.0,5903.0,4,5937.0,5911.0,5919.0,5898.0,721.0,21287355.0,42977
2023-05-09 21:08:04,v2310,v2310,5903.0,4.0,118060.0,0.0,13,5901.0,5904.0,10,5937.0,5911.0,5919.0,5898.0,725.0,21405415.0,42977
2023-05-09 21:08:04,v2310,v2310,5903.0,0.0,0.0,0.0,9,5902.0,5904.0,5,5937.0,5911.0,5919.0,5898.0,725.0,21405415.0,42977
2023-05-09 21:08:05,v2310,v2310,5903.0,0.0,0.0,0.0,12,5902.0,5904.0,1,5937.0,5911.0,5919.0,5898.0,725.0,21405415.0,42977
2023-05-09 21:08:05,v2310,v2310,5904.0,1.0,29520.0,0.0,1,5904.0,5905.0,10,5937.0,5911.0,5919.0,5898.0,726.0,21434935.0,42977
2023-05-09 21:08:05,v2310,v2310,5904.0,0.0,0.0,0.0,1,5904.0,5905.0,8,5937.0,5911.0,5919.0,5898.0,726.0,21434935.0,42977
2023-05-09 21:08:06,v2310,v2310,5904.0,0.0,0.0,0.0,1,5904.0,5905.0,7,5937.0,5911.0,5919.0,5898.0,726.0,21434935.0,42977
2023-05-09 21:08:07,v2310,v2310,5904.0,0.0,0.0,0.0,1,5904.0,5905.0,4,5937.0,5911.0,5919.0,5898.0,726.0,21434935.0,42977
2023-05-09 21:08:07,v2310,v2310,5904.0,0.0,0.0,0.0,1,5904.0,5905.0,2,5937.0,5911.0,5919.0,5898.0,726.0,21434935.0,42977
2023-05-09 21:08:08,v2310,v2310,5904.0,1.0,29520.0,0.0,12,5903.0,5905.0,3,5937.0,5911.0,5919.0,5898.0,727.0,21464455.0,42977
2023-05-09 21:08:09,v2310,v2310,5904.0,0.0,0.0,0.0,2,5904.0,5905.0,7,5937.0,5911.0,5919.0,5898.0,727.0,21464455.0,42977
2023-05-09 21:08:09,v2310,v2310,5904.0,0.0,0.0,0.0,12,5903.0,5905.0,1,5937.0,5911.0,5919.0,5898.0,727.0,21464455.0,42977
2023-05-09 21:08:10,v2310,v2310,5904.0,0.0,0.0,0.0,2,5904.0,5906.0,22,5937.0,5911.0,5919.0,5898.0,727.0,21464455.0,42977
2023-05-09 21:08:10,v2310,v2310,5904.0,0.0,0.0,0.0,2,5904.0,5906.0,28,5937.0,5911.0,5919.0,5898.0,727.0,21464455.0,42977
2023-05-09 21:08:11,v2310,v2310,5903.0,13.0,383705.0,10.0,3,5901.0,5903.0,7,5937.0,5911.0,5919.0,5898.0,740.0,21848160.0,42987
2023-05-09 21:08:11,v2310,v2310,5903.0,0.0,0.0,0.0,2,5902.0,5903.0,10,5937.0,5911.0,5919.0,5898.0,740.0,21848160.0,42987
2023-05-09 21:08:12,v2310,v2310,5903.0,0.0,0.0,0.0,2,5902.0,5903.0,9,5937.0,5911.0,5919.0,5898.0,740.0,21848160.0,42987
2023-05-09 21:08:12,v2310,v2310,5903.0,0.0,0.0,0.0,3,5902.0,5903.0,9,5937.0,5911.0,5919.0,5898.0,740.0,21848160.0,42987
2023-05-09 21:08:13,v2310,v2310,5903.0,6.0,177090.0,-2.0,2,5902.0,5903.0,1,5937.0,5911.0,5919.0,5898.0,746.0,22025250.0,42985
2023-05-09 21:08:14,v2310,v2310,5903.0,0.0,0.0,0.0,1,5902.0,5903.0,1,5937.0,5911.0,5919.0,5898.0,746.0,22025250.0,42985
2023-05-09 21:08:16,v2310,v2310,5903.0,1.0,29515.0,0.0,2,5903.0,5904.0,8,5937.0,5911.0,5919.0,5898.0,747.0,22054765.0,42985
2023-05-09 21:08:17,v2310,v2310,5903.0,0.0,0.0,0.0,13,5902.0,5904.0,6,5937.0,5911.0,5919.0,5898.0,747.0,22054765.0,42985
2023-05-09 21:08:17,v2310,v2310,5903.0,0.0,0.0,0.0,1,5903.0,5904.0,6,5937.0,5911.0,5919.0,5898.0,747.0,22054765.0,42985
2023-05-09 21:08:20,v2310,v2310,5903.0,0.0,0.0,0.0,13,5902.0,5904.0,6,5937.0,5911.0,5919.0,5898.0,747.0,22054765.0,42985
2023-05-09 21:08:21,v2310,v2310,5903.0,0.0,0.0,0.0,5,5902.0,5904.0,12,5937.0,5911.0,5919.0,5898.0,747.0,22054765.0,42985
2023-05-09 21:08:21,v2310,v2310,5903.0,0.0,0.0,0.0,5,5902.0,5904.0,13,5937.0,5911.0,5919.0,5898.0,747.0,22054765.0,42985
2023-05-09 21:08:27,v2310,v2310,5903.0,0.0,0.0,0.0,11,5902.0,5904.0,4,5937.0,5911.0,5919.0,5898.0,747.0,22054765.0,42985
2023-05-09 21:08:27,v2310,v2310,5903.0,0.0,0.0,0.0,1,5903.0,5904.0,1,5937.0,5911.0,5919.0,5898.0,747.0,22054765.0,42985
2023-05-09 21:08:28,v2310,v2310,5903.0,0.0,0.0,0.0,3,5903.0,5904.0,1,5937.0,5911.0,5919.0,5898.0,747.0,22054765.0,42985
2023-05-09 21:08:28,v2310,v2310,5904.0,1.0,29520.0,0.0,11,5903.0,5905.0,5,5937.0,5911.0,5919.0,5898.0,748.0,22084285.0,42985
2023-05-09 21:08:29,v2310,v2310,5904.0,0.0,0.0,0.0,13,5903.0,5905.0,2,5937.0,5911.0,5919.0,5898.0,748.0,22084285.0,42985
2023-05-09 21:08:29,v2310,v2310,5904.0,0.0,0.0,0.0,13,5903.0,5906.0,15,5937.0,5911.0,5919.0,5898.0,748.0,22084285.0,42985
2023-05-09 21:08:30,v2310,v2310,5904.0,0.0,0.0,0.0,13,5903.0,5906.0,13,5937.0,5911.0,5919.0,5898.0,748.0,22084285.0,42985
2023-05-09 21:08:30,v2310,v2310,5904.0,0.0,0.0,0.0,14,5903.0,5906.0,12,5937.0,5911.0,5919.0,5898.0,748.0,22084285.0,42985
2023-05-09 21:08:31,v2310,v2310,5904.0,0.0,0.0,0.0,10,5903.0,5905.0,8,5937.0,5911.0,5919.0,5898.0,748.0,22084285.0,42985
2023-05-09 21:08:32,v2310,v2310,5904.0,0.0,0.0,0.0,10,5903.0,5905.0,10,5937.0,5911.0,5919.0,5898.0,748.0,22084285.0,42985
2023-05-09 21:08:37,v2310,v2310,5904.0,0.0,0.0,0.0,10,5903.0,5905.0,9,5937.0,5911.0,5919.0,5898.0,748.0,22084285.0,42985
2023-05-09 21:08:41,v2310,v2310,5904.0,0.0,0.0,0.0,10,5903.0,5905.0,10,5937.0,5911.0,5919.0,5898.0,748.0,22084285.0,42985
2023-05-09 21:08:46,v2310,v2310,5904.0,0.0,0.0,0.0,10,5903.0,5905.0,9,5937.0,5911.0,5919.0,5898.0,748.0,22084285.0,42985
2023-05-09 21:08:48,v2310,v2310,5904.0,0.0,0.0,0.0,10,5903.0,5905.0,8,5937.0,5911.0,5919.0,5898.0,748.0,22084285.0,42985
2023-05-09 21:08:49,v2310,v2310,5904.0,0.0,0.0,0.0,10,5903.0,5905.0,9,5937.0,5911.0,5919.0,5898.0,748.0,22084285.0,42985
2023-05-09 21:08:51,v2310,v2310,5904.0,0.0,0.0,0.0,10,5903.0,5905.0,10,5937.0,5911.0,5919.0,5898.0,748.0,22084285.0,42985
2023-05-09 21:08:58,v2310,v2310,5904.0,0.0,0.0,0.0,1,5903.0,5904.0,1,5937.0,5911.0,5919.0,5898.0,748.0,22084285.0,42985
2023-05-09 21:08:59,v2310,v2310,5904.0,0.0,0.0,0.0,11,5902.0,5904.0,1,5937.0,5911.0,5919.0,5898.0,748.0,22084285.0,42985
2023-05-09 21:08:59,v2310,v2310,5904.0,1.0,29520.0,0.0,6,5903.0,5905.0,11,5937.0,5911.0,5919.0,5898.0,749.0,22113805.0,42985
2023-05-09 21:09:00,v2310,v2310,5904.0,0.0,0.0,0.0,10,5903.0,5905.0,9,5937.0,5911.0,5919.0,5898.0,749.0,22113805.0,42985
2023-05-09 21:09:00,v2310,v2310,5904.0,0.0,0.0,0.0,12,5903.0,5905.0,7,5937.0,5911.0,5919.0,5898.0,749.0,22113805.0,42985
2023-05-09 21:09:01,v2310,v2310,5904.0,0.0,0.0,0.0,11,5903.0,5905.0,8,5937.0,5911.0,5919.0,5898.0,749.0,22113805.0,42985
2023-05-09 21:09:01,v2310,v2310,5904.0,0.0,0.0,0.0,3,5903.0,5905.0,21,5937.0,5911.0,5919.0,5898.0,749.0,22113805.0,42985
2023-05-09 21:09:02,v2310,v2310,5904.0,0.0,0.0,0.0,13,5902.0,5905.0,28,5937.0,5911.0,5919.0,5898.0,749.0,22113805.0,42985
2023-05-09 21:09:02,v2310,v2310,5904.0,0.0,0.0,0.0,12,5902.0,5905.0,29,5937.0,5911.0,5919.0,5898.0,749.0,22113805.0,42985
2023-05-09 21:09:31,v2310,v2310,5904.0,0.0,0.0,0.0,12,5902.0,5905.0,30,5937.0,5911.0,5919.0,5898.0,749.0,22113805.0,42985
2023-05-09 21:09:32,v2310,v2310,5904.0,0.0,0.0,0.0,12,5902.0,5905.0,29,5937.0,5911.0,5919.0,5898.0,749.0,22113805.0,42985
2023-05-09 21:09:34,v2310,v2310,5902.0,1.0,29510.0,1.0,12,5902.0,5905.0,29,5937.0,5911.0,5919.0,5898.0,750.0,22143315.0,42986
2023-05-09 21:09:35,v2310,v2310,5902.0,0.0,0.0,0.0,13,5903.0,5904.0,1,5937.0,5911.0,5919.0,5898.0,750.0,22143315.0,42986
2023-05-09 21:09:36,v2310,v2310,5902.0,0.0,0.0,0.0,16,5903.0,5904.0,1,5937.0,5911.0,5919.0,5898.0,750.0,22143315.0,42986
2023-05-09 21:09:38,v2310,v2310,5902.0,0.0,0.0,0.0,17,5903.0,5904.0,1,5937.0,5911.0,5919.0,5898.0,750.0,22143315.0,42986
2023-05-09 21:09:38,v2310,v2310,5902.0,0.0,0.0,0.0,18,5903.0,5905.0,28,5937.0,5911.0,5919.0,5898.0,750.0,22143315.0,42986
2023-05-09 21:09:39,v2310,v2310,5902.0,0.0,0.0,0.0,18,5903.0,5905.0,18,5937.0,5911.0,5919.0,5898.0,750.0,22143315.0,42986
2023-05-09 21:09:39,v2310,v2310,5905.0,3.0,88575.0,2.0,3,5905.0,5906.0,10,5937.0,5911.0,5919.0,5898.0,753.0,22231890.0,42988
2023-05-09 21:09:40,v2310,v2310,5905.0,0.0,0.0,0.0,7,5905.0,5906.0,1,5937.0,5911.0,5919.0,5898.0,753.0,22231890.0,42988
2023-05-09 21:09:40,v2310,v2310,5905.0,0.0,0.0,0.0,9,5905.0,5906.0,1,5937.0,5911.0,5919.0,5898.0,753.0,22231890.0,42988
2023-05-09 21:09:41,v2310,v2310,5905.0,0.0,0.0,0.0,8,5905.0,5906.0,2,5937.0,5911.0,5919.0,5898.0,753.0,22231890.0,42988
2023-05-09 21:09:41,v2310,v2310,5905.0,8.0,236200.0,7.0,10,5904.0,5905.0,3,5937.0,5911.0,5919.0,5898.0,761.0,22468090.0,42995
2023-05-09 21:09:42,v2310,v2310,5905.0,0.0,0.0,0.0,3,5904.0,5905.0,3,5937.0,5911.0,5919.0,5898.0,761.0,22468090.0,42995
2023-05-09 21:09:42,v2310,v2310,5905.0,0.0,0.0,0.0,1,5904.0,5905.0,5,5937.0,5911.0,5919.0,5898.0,761.0,22468090.0,42995
2023-05-09 21:09:43,v2310,v2310,5905.0,0.0,0.0,0.0,2,5904.0,5905.0,9,5937.0,5911.0,5919.0,5898.0,761.0,22468090.0,42995
2023-05-09 21:09:45,v2310,v2310,5905.0,0.0,0.0,0.0,1,5904.0,5905.0,11,5937.0,5911.0,5919.0,5898.0,761.0,22468090.0,42995
2023-05-09 21:09:46,v2310,v2310,5905.0,0.0,0.0,0.0,22,5903.0,5905.0,12,5937.0,5911.0,5919.0,5898.0,761.0,22468090.0,42995
2023-05-09 21:09:47,v2310,v2310,5905.0,0.0,0.0,0.0,1,5904.0,5905.0,11,5937.0,5911.0,5919.0,5898.0,761.0,22468090.0,42995
2023-05-09 21:09:48,v2310,v2310,5905.0,0.0,0.0,0.0,22,5903.0,5905.0,13,5937.0,5911.0,5919.0,5898.0,761.0,22468090.0,42995
2023-05-09 21:09:48,v2310,v2310,5905.0,0.0,0.0,0.0,21,5903.0,5905.0,13,5937.0,5911.0,5919.0,5898.0,761.0,22468090.0,42995
2023-05-09 21:09:49,v2310,v2310,5905.0,0.0,0.0,0.0,22,5903.0,5905.0,12,5937.0,5911.0,5919.0,5898.0,761.0,22468090.0,42995
2023-05-09 21:09:53,v2310,v2310,5905.0,9.0,265725.0,0.0,21,5903.0,5906.0,13,5937.0,5911.0,5919.0,5898.0,770.0,22733815.0,42995
2023-05-09 21:09:54,v2310,v2310,5905.0,0.0,0.0,0.0,9,5904.0,5906.0,10,5937.0,5911.0,5919.0,5898.0,770.0,22733815.0,42995
2023-05-09 21:09:54,v2310,v2310,5905.0,0.0,0.0,0.0,14,5904.0,5906.0,9,5937.0,5911.0,5919.0,5898.0,770.0,22733815.0,42995
2023-05-09 21:09:54,v2310,v2310,5905.0,0.0,0.0,0.0,14,5904.0,5906.0,10,5937.0,5911.0,5919.0,5898.0,770.0,22733815.0,42995
2023-05-09 21:09:55,v2310,v2310,5905.0,0.0,0.0,0.0,8,5904.0,5906.0,8,5937.0,5911.0,5919.0,5898.0,770.0,22733815.0,42995
2023-05-09 21:09:56,v2310,v2310,5905.0,0.0,0.0,0.0,11,5904.0,5906.0,10,5937.0,5911.0,5919.0,5898.0,770.0,22733815.0,42995
2023-05-09 21:09:56,v2310,v2310,5905.0,0.0,0.0,0.0,12,5904.0,5906.0,10,5937.0,5911.0,5919.0,5898.0,770.0,22733815.0,42995
2023-05-09 21:09:57,v2310,v2310,5905.0,0.0,0.0,0.0,12,5904.0,5906.0,9,5937.0,5911.0,5919.0,5898.0,770.0,22733815.0,42995
2023-05-09 21:09:58,v2310,v2310,5905.0,0.0,0.0,0.0,12,5904.0,5906.0,10,5937.0,5911.0,5919.0,5898.0,770.0,22733815.0,42995
2023-05-09 21:10:02,v2310,v2310,5905.0,0.0,0.0,0.0,12,5904.0,5906.0,9,5937.0,5911.0,5919.0,5898.0,770.0,22733815.0,42995
2023-05-09 21:10:03,v2310,v2310,5905.0,0.0,0.0,0.0,12,5904.0,5906.0,10,5937.0,5911.0,5919.0,5898.0,770.0,22733815.0,42995
2023-05-09 21:10:04,v2310,v2310,5906.0,14.0,413420.0,0.0,10,5904.0,5907.0,17,5937.0,5911.0,5919.0,5898.0,784.0,23147235.0,42995
2023-05-09 21:10:04,v2310,v2310,5906.0,0.0,0.0,0.0,2,5906.0,5907.0,8,5937.0,5911.0,5919.0,5898.0,784.0,23147235.0,42995
2023-05-09 21:10:05,v2310,v2310,5906.0,0.0,0.0,0.0,14,5905.0,5907.0,1,5937.0,5911.0,5919.0,5898.0,784.0,23147235.0,42995
2023-05-09 21:10:06,v2310,v2310,5906.0,0.0,0.0,0.0,3,5906.0,5907.0,1,5937.0,5911.0,5919.0,5898.0,784.0,23147235.0,42995
2023-05-09 21:10:06,v2310,v2310,5906.0,0.0,0.0,0.0,9,5906.0,5908.0,2,5937.0,5911.0,5919.0,5898.0,784.0,23147235.0,42995
2023-05-09 21:10:07,v2310,v2310,5906.0,0.0,0.0,0.0,12,5907.0,5908.0,2,5937.0,5911.0,5919.0,5898.0,784.0,23147235.0,42995
