time,symbol_id,symbol_name,last,trade_volume,trade_amount,open_interest_change,bv1,bp1,ap1,av1,yesterday_close,today_open,today_high,today_low,volume,amount,open_interest
2023-05-11 08:59:00,wr2309,wr2309,4365.0,0.0,0.0,0.0,1,4010.0,4400.0,1,4365.0,0.0,0.0,0.0,0.0,0.0,2
2023-05-11 09:00:16,wr2309,wr2309,4365.0,0.0,0.0,0.0,1,4010.0,4400.0,1,4365.0,0.0,0.0,0.0,0.0,0.0,2
2023-05-11 09:00:17,wr2309,wr2309,4365.0,0.0,0.0,0.0,1,4010.0,4400.0,1,4365.0,0.0,0.0,0.0,0.0,0.0,2
2023-05-11 09:00:19,wr2309,wr2309,4365.0,0.0,0.0,0.0,2,4011.0,4400.0,1,4365.0,0.0,0.0,0.0,0.0,0.0,2
2023-05-11 09:00:30,wr2309,wr2309,4365.0,0.0,0.0,0.0,2,4011.0,4400.0,1,4365.0,0.0,0.0,0.0,0.0,0.0,2
2023-05-11 09:00:53,wr2309,wr2309,4365.0,0.0,0.0,0.0,2,4011.0,4400.0,1,4365.0,0.0,0.0,0.0,0.0,0.0,2
2023-05-11 09:00:53,wr2309,wr2309,4365.0,0.0,0.0,0.0,2,4011.0,4400.0,1,4365.0,0.0,0.0,0.0,0.0,0.0,2
2023-05-11 09:00:54,wr2309,wr2309,4365.0,0.0,0.0,0.0,2,4011.0,4400.0,1,4365.0,0.0,0.0,0.0,0.0,0.0,2
2023-05-11 09:00:54,wr2309,wr2309,4365.0,0.0,0.0,0.0,2,4011.0,4400.0,1,4365.0,0.0,0.0,0.0,0.0,0.0,2
2023-05-11 09:00:55,wr2309,wr2309,4365.0,0.0,0.0,0.0,2,4011.0,4400.0,1,4365.0,0.0,0.0,0.0,0.0,0.0,2
2023-05-11 09:00:55,wr2309,wr2309,4365.0,0.0,0.0,0.0,2,4011.0,4400.0,1,4365.0,0.0,0.0,0.0,0.0,0.0,2
2023-05-11 09:02:42,wr2309,wr2309,4365.0,0.0,0.0,0.0,1,4012.0,4400.0,1,4365.0,0.0,0.0,0.0,0.0,0.0,2
2023-05-11 09:02:51,wr2309,wr2309,4365.0,0.0,0.0,0.0,2,4011.0,4400.0,1,4365.0,0.0,0.0,0.0,0.0,0.0,2
2023-05-11 09:02:51,wr2309,wr2309,4365.0,0.0,0.0,0.0,1,4012.0,4399.0,1,4365.0,0.0,0.0,0.0,0.0,0.0,2
2023-05-11 09:03:03,wr2309,wr2309,4365.0,0.0,0.0,0.0,1,4012.0,4400.0,1,4365.0,0.0,0.0,0.0,0.0,0.0,2
2023-05-11 09:03:04,wr2309,wr2309,4365.0,0.0,0.0,0.0,1,4012.0,4399.0,1,4365.0,0.0,0.0,0.0,0.0,0.0,2
2023-05-11 09:03:15,wr2309,wr2309,4365.0,0.0,0.0,0.0,1,4012.0,4400.0,1,4365.0,0.0,0.0,0.0,0.0,0.0,2
2023-05-11 09:03:16,wr2309,wr2309,4365.0,0.0,0.0,0.0,1,4012.0,4399.0,1,4365.0,0.0,0.0,0.0,0.0,0.0,2
2023-05-11 09:03:29,wr2309,wr2309,4365.0,0.0,0.0,0.0,1,4012.0,4399.0,1,4365.0,0.0,0.0,0.0,0.0,0.0,2
2023-05-11 09:03:30,wr2309,wr2309,4365.0,0.0,0.0,0.0,1,4012.0,4400.0,1,4365.0,0.0,0.0,0.0,0.0,0.0,2
2023-05-11 09:03:31,wr2309,wr2309,4365.0,0.0,0.0,0.0,1,4012.0,4398.0,1,4365.0,0.0,0.0,0.0,0.0,0.0,2
2023-05-11 09:03:45,wr2309,wr2309,4365.0,0.0,0.0,0.0,1,4012.0,4400.0,1,4365.0,0.0,0.0,0.0,0.0,0.0,2
2023-05-11 09:03:45,wr2309,wr2309,4365.0,0.0,0.0,0.0,1,4012.0,4398.0,1,4365.0,0.0,0.0,0.0,0.0,0.0,2
2023-05-11 09:03:46,wr2309,wr2309,4365.0,0.0,0.0,0.0,1,4012.0,4399.0,1,4365.0,0.0,0.0,0.0,0.0,0.0,2
2023-05-11 09:03:47,wr2309,wr2309,4365.0,0.0,0.0,0.0,1,4012.0,4397.0,1,4365.0,0.0,0.0,0.0,0.0,0.0,2
2023-05-11 09:03:52,wr2309,wr2309,4365.0,0.0,0.0,0.0,2,4013.0,4397.0,1,4365.0,0.0,0.0,0.0,0.0,0.0,2
2023-05-11 09:04:01,wr2309,wr2309,4365.0,0.0,0.0,0.0,2,4013.0,4397.0,1,4365.0,0.0,0.0,0.0,0.0,0.0,2
2023-05-11 09:04:02,wr2309,wr2309,4365.0,0.0,0.0,0.0,2,4013.0,4398.0,1,4365.0,0.0,0.0,0.0,0.0,0.0,2
2023-05-11 09:04:02,wr2309,wr2309,4365.0,0.0,0.0,0.0,2,4013.0,4398.0,1,4365.0,0.0,0.0,0.0,0.0,0.0,2
2023-05-11 09:04:03,wr2309,wr2309,4365.0,0.0,0.0,0.0,2,4013.0,4397.0,1,4365.0,0.0,0.0,0.0,0.0,0.0,2
2023-05-11 09:04:04,wr2309,wr2309,4365.0,0.0,0.0,0.0,2,4013.0,4398.0,2,4365.0,0.0,0.0,0.0,0.0,0.0,2
2023-05-11 09:04:05,wr2309,wr2309,4365.0,0.0,0.0,0.0,2,4013.0,4396.0,1,4365.0,0.0,0.0,0.0,0.0,0.0,2
2023-05-11 09:04:06,wr2309,wr2309,4365.0,0.0,0.0,0.0,2,4013.0,4390.0,1,4365.0,0.0,0.0,0.0,0.0,0.0,2
2023-05-11 09:04:12,wr2309,wr2309,4365.0,0.0,0.0,0.0,1,4014.0,4390.0,1,4365.0,0.0,0.0,0.0,0.0,0.0,2
2023-05-11 09:04:22,wr2309,wr2309,4365.0,0.0,0.0,0.0,2,4013.0,4390.0,1,4365.0,0.0,0.0,0.0,0.0,0.0,2
2023-05-11 09:04:23,wr2309,wr2309,4365.0,0.0,0.0,0.0,2,4013.0,4390.0,1,4365.0,0.0,0.0,0.0,0.0,0.0,2
2023-05-11 09:04:23,wr2309,wr2309,4365.0,0.0,0.0,0.0,1,4014.0,4390.0,1,4365.0,0.0,0.0,0.0,0.0,0.0,2
2023-05-11 09:04:24,wr2309,wr2309,4365.0,0.0,0.0,0.0,1,4014.0,4390.0,1,4365.0,0.0,0.0,0.0,0.0,0.0,2
2023-05-11 09:04:26,wr2309,wr2309,4365.0,0.0,0.0,0.0,1,4014.0,4390.0,1,4365.0,0.0,0.0,0.0,0.0,0.0,2
2023-05-11 09:04:28,wr2309,wr2309,4365.0,0.0,0.0,0.0,2,4013.0,4390.0,1,4365.0,0.0,0.0,0.0,0.0,0.0,2
2023-05-11 09:04:29,wr2309,wr2309,4365.0,0.0,0.0,0.0,1,4014.0,4389.0,1,4365.0,0.0,0.0,0.0,0.0,0.0,2
2023-05-11 09:04:35,wr2309,wr2309,4365.0,0.0,0.0,0.0,1,4014.0,4390.0,1,4365.0,0.0,0.0,0.0,0.0,0.0,2
2023-05-11 09:04:35,wr2309,wr2309,4365.0,0.0,0.0,0.0,1,4014.0,4389.0,1,4365.0,0.0,0.0,0.0,0.0,0.0,2
2023-05-11 09:04:45,wr2309,wr2309,4365.0,0.0,0.0,0.0,1,4014.0,4390.0,1,4365.0,0.0,0.0,0.0,0.0,0.0,2
2023-05-11 09:04:46,wr2309,wr2309,4365.0,0.0,0.0,0.0,2,4013.0,4389.0,1,4365.0,0.0,0.0,0.0,0.0,0.0,2
2023-05-11 09:04:46,wr2309,wr2309,4365.0,0.0,0.0,0.0,1,4015.0,4390.0,1,4365.0,0.0,0.0,0.0,0.0,0.0,2
2023-05-11 09:04:47,wr2309,wr2309,4365.0,0.0,0.0,0.0,1,4015.0,4389.0,1,4365.0,0.0,0.0,0.0,0.0,0.0,2
2023-05-11 09:04:47,wr2309,wr2309,4365.0,0.0,0.0,0.0,2,4013.0,4389.0,1,4365.0,0.0,0.0,0.0,0.0,0.0,2
2023-05-11 09:04:48,wr2309,wr2309,4365.0,0.0,0.0,0.0,1,4015.0,4389.0,1,4365.0,0.0,0.0,0.0,0.0,0.0,2
2023-05-11 09:04:49,wr2309,wr2309,4365.0,0.0,0.0,0.0,1,4015.0,4390.0,1,4365.0,0.0,0.0,0.0,0.0,0.0,2
2023-05-11 09:04:52,wr2309,wr2309,4365.0,0.0,0.0,0.0,1,4014.0,4389.0,1,4365.0,0.0,0.0,0.0,0.0,0.0,2
2023-05-11 09:04:59,wr2309,wr2309,4365.0,0.0,0.0,0.0,1,4014.0,4390.0,1,4365.0,0.0,0.0,0.0,0.0,0.0,2
2023-05-11 09:05:00,wr2309,wr2309,4365.0,0.0,0.0,0.0,1,4014.0,4388.0,1,4365.0,0.0,0.0,0.0,0.0,0.0,2
2023-05-11 09:05:04,wr2309,wr2309,4365.0,0.0,0.0,0.0,1,4014.0,4388.0,1,4365.0,0.0,0.0,0.0,0.0,0.0,2
2023-05-11 09:05:04,wr2309,wr2309,4365.0,0.0,0.0,0.0,1,4018.0,4388.0,1,4365.0,0.0,0.0,0.0,0.0,0.0,2
2023-05-11 09:05:08,wr2309,wr2309,4365.0,0.0,0.0,0.0,1,4018.0,4389.0,1,4365.0,0.0,0.0,0.0,0.0,0.0,2
2023-05-11 09:05:09,wr2309,wr2309,4365.0,0.0,0.0,0.0,1,4018.0,4390.0,1,4365.0,0.0,0.0,0.0,0.0,0.0,2
2023-05-11 09:05:10,wr2309,wr2309,4365.0,0.0,0.0,0.0,1,4018.0,4389.0,1,4365.0,0.0,0.0,0.0,0.0,0.0,2
2023-05-11 09:05:10,wr2309,wr2309,4365.0,0.0,0.0,0.0,1,4018.0,4389.0,1,4365.0,0.0,0.0,0.0,0.0,0.0,2
2023-05-11 09:05:11,wr2309,wr2309,4365.0,0.0,0.0,0.0,1,4018.0,4389.0,1,4365.0,0.0,0.0,0.0,0.0,0.0,2
2023-05-11 09:05:11,wr2309,wr2309,4365.0,0.0,0.0,0.0,1,4018.0,4389.0,1,4365.0,0.0,0.0,0.0,0.0,0.0,2
2023-05-11 09:05:13,wr2309,wr2309,4365.0,0.0,0.0,0.0,1,4018.0,4390.0,1,4365.0,0.0,0.0,0.0,0.0,0.0,2
2023-05-11 09:05:13,wr2309,wr2309,4365.0,0.0,0.0,0.0,1,4018.0,4389.0,1,4365.0,0.0,0.0,0.0,0.0,0.0,2
2023-05-11 09:05:14,wr2309,wr2309,4365.0,0.0,0.0,0.0,1,4018.0,4390.0,1,4365.0,0.0,0.0,0.0,0.0,0.0,2
2023-05-11 09:05:14,wr2309,wr2309,4365.0,0.0,0.0,0.0,1,4018.0,4390.0,1,4365.0,0.0,0.0,0.0,0.0,0.0,2
2023-05-11 09:05:16,wr2309,wr2309,4365.0,0.0,0.0,0.0,1,4018.0,4388.0,1,4365.0,0.0,0.0,0.0,0.0,0.0,2
2023-05-11 09:05:23,wr2309,wr2309,4365.0,0.0,0.0,0.0,1,4018.0,4386.0,1,4365.0,0.0,0.0,0.0,0.0,0.0,2
2023-05-11 09:05:26,wr2309,wr2309,4365.0,0.0,0.0,0.0,1,4018.0,4386.0,1,4365.0,0.0,0.0,0.0,0.0,0.0,2
2023-05-11 09:05:26,wr2309,wr2309,4365.0,0.0,0.0,0.0,1,4018.0,4386.0,1,4365.0,0.0,0.0,0.0,0.0,0.0,2
2023-05-11 09:05:30,wr2309,wr2309,4365.0,0.0,0.0,0.0,1,4018.0,4386.0,1,4365.0,0.0,0.0,0.0,0.0,0.0,2
2023-05-11 09:05:30,wr2309,wr2309,4365.0,0.0,0.0,0.0,1,4018.0,4386.0,1,4365.0,0.0,0.0,0.0,0.0,0.0,2
2023-05-11 09:05:31,wr2309,wr2309,4365.0,0.0,0.0,0.0,1,4019.0,4386.0,1,4365.0,0.0,0.0,0.0,0.0,0.0,2
2023-05-11 09:05:35,wr2309,wr2309,4365.0,0.0,0.0,0.0,1,4019.0,4386.0,1,4365.0,0.0,0.0,0.0,0.0,0.0,2
2023-05-11 09:05:36,wr2309,wr2309,4365.0,0.0,0.0,0.0,1,4018.0,4386.0,1,4365.0,0.0,0.0,0.0,0.0,0.0,2
2023-05-11 09:05:36,wr2309,wr2309,4365.0,0.0,0.0,0.0,1,4019.0,4386.0,1,4365.0,0.0,0.0,0.0,0.0,0.0,2
2023-05-11 09:05:37,wr2309,wr2309,4365.0,0.0,0.0,0.0,1,4019.0,4386.0,1,4365.0,0.0,0.0,0.0,0.0,0.0,2
2023-05-11 09:05:40,wr2309,wr2309,4365.0,0.0,0.0,0.0,1,4018.0,4386.0,1,4365.0,0.0,0.0,0.0,0.0,0.0,2
2023-05-11 09:05:41,wr2309,wr2309,4365.0,0.0,0.0,0.0,1,4020.0,4386.0,1,4365.0,0.0,0.0,0.0,0.0,0.0,2
2023-05-11 09:05:42,wr2309,wr2309,4365.0,0.0,0.0,0.0,1,4020.0,4386.0,1,4365.0,0.0,0.0,0.0,0.0,0.0,2
2023-05-11 09:05:45,wr2309,wr2309,4365.0,0.0,0.0,0.0,1,4020.0,4386.0,1,4365.0,0.0,0.0,0.0,0.0,0.0,2
2023-05-11 09:05:55,wr2309,wr2309,4365.0,0.0,0.0,0.0,1,4020.0,4385.0,1,4365.0,0.0,0.0,0.0,0.0,0.0,2
2023-05-11 09:05:57,wr2309,wr2309,4365.0,0.0,0.0,0.0,1,4020.0,4385.0,1,4365.0,0.0,0.0,0.0,0.0,0.0,2
2023-05-11 09:05:58,wr2309,wr2309,4365.0,0.0,0.0,0.0,1,4020.0,4385.0,1,4365.0,0.0,0.0,0.0,0.0,0.0,2
2023-05-11 09:06:02,wr2309,wr2309,4365.0,0.0,0.0,0.0,1,4020.0,4386.0,1,4365.0,0.0,0.0,0.0,0.0,0.0,2
2023-05-11 09:06:02,wr2309,wr2309,4365.0,0.0,0.0,0.0,1,4020.0,4385.0,1,4365.0,0.0,0.0,0.0,0.0,0.0,2
2023-05-11 09:06:03,wr2309,wr2309,4365.0,0.0,0.0,0.0,2,4021.0,4385.0,1,4365.0,0.0,0.0,0.0,0.0,0.0,2
2023-05-11 09:06:03,wr2309,wr2309,4365.0,0.0,0.0,0.0,2,4021.0,4386.0,1,4365.0,0.0,0.0,0.0,0.0,0.0,2
2023-05-11 09:06:04,wr2309,wr2309,4365.0,0.0,0.0,0.0,2,4021.0,4385.0,1,4365.0,0.0,0.0,0.0,0.0,0.0,2
2023-05-11 09:06:09,wr2309,wr2309,4365.0,0.0,0.0,0.0,2,4021.0,4386.0,1,4365.0,0.0,0.0,0.0,0.0,0.0,2
2023-05-11 09:06:10,wr2309,wr2309,4365.0,0.0,0.0,0.0,2,4021.0,4385.0,1,4365.0,0.0,0.0,0.0,0.0,0.0,2
2023-05-11 09:06:13,wr2309,wr2309,4365.0,0.0,0.0,0.0,2,4021.0,4386.0,1,4365.0,0.0,0.0,0.0,0.0,0.0,2
2023-05-11 09:06:13,wr2309,wr2309,4365.0,0.0,0.0,0.0,2,4021.0,4385.0,1,4365.0,0.0,0.0,0.0,0.0,0.0,2
2023-05-11 09:06:14,wr2309,wr2309,4365.0,0.0,0.0,0.0,2,4021.0,4385.0,1,4365.0,0.0,0.0,0.0,0.0,0.0,2
2023-05-11 09:06:15,wr2309,wr2309,4365.0,0.0,0.0,0.0,2,4021.0,4386.0,1,4365.0,0.0,0.0,0.0,0.0,0.0,2
2023-05-11 09:06:15,wr2309,wr2309,4365.0,0.0,0.0,0.0,2,4021.0,4385.0,1,4365.0,0.0,0.0,0.0,0.0,0.0,2
2023-05-11 09:06:16,wr2309,wr2309,4365.0,0.0,0.0,0.0,2,4021.0,4386.0,1,4365.0,0.0,0.0,0.0,0.0,0.0,2
2023-05-11 09:06:16,wr2309,wr2309,4365.0,0.0,0.0,0.0,3,4021.0,4386.0,1,4365.0,0.0,0.0,0.0,0.0,0.0,2
2023-05-11 09:06:17,wr2309,wr2309,4365.0,0.0,0.0,0.0,3,4021.0,4385.0,1,4365.0,0.0,0.0,0.0,0.0,0.0,2
2023-05-11 09:06:19,wr2309,wr2309,4365.0,0.0,0.0,0.0,2,4021.0,4385.0,1,4365.0,0.0,0.0,0.0,0.0,0.0,2
2023-05-11 09:06:20,wr2309,wr2309,4365.0,0.0,0.0,0.0,3,4021.0,4385.0,1,4365.0,0.0,0.0,0.0,0.0,0.0,2
2023-05-11 09:06:34,wr2309,wr2309,4365.0,0.0,0.0,0.0,2,4021.0,4385.0,1,4365.0,0.0,0.0,0.0,0.0,0.0,2
2023-05-11 09:06:35,wr2309,wr2309,4365.0,0.0,0.0,0.0,3,4021.0,4385.0,1,4365.0,0.0,0.0,0.0,0.0,0.0,2
2023-05-11 09:06:35,wr2309,wr2309,4365.0,0.0,0.0,0.0,3,4021.0,4386.0,1,4365.0,0.0,0.0,0.0,0.0,0.0,2
2023-05-11 09:06:36,wr2309,wr2309,4365.0,0.0,0.0,0.0,3,4021.0,4385.0,1,4365.0,0.0,0.0,0.0,0.0,0.0,2
2023-05-11 09:06:37,wr2309,wr2309,4365.0,0.0,0.0,0.0,3,4021.0,4380.0,1,4365.0,0.0,0.0,0.0,0.0,0.0,2
2023-05-11 09:06:41,wr2309,wr2309,4365.0,0.0,0.0,0.0,3,4021.0,4380.0,1,4365.0,0.0,0.0,0.0,0.0,0.0,2
2023-05-11 09:06:41,wr2309,wr2309,4365.0,0.0,0.0,0.0,3,4021.0,4380.0,1,4365.0,0.0,0.0,0.0,0.0,0.0,2
2023-05-11 09:06:42,wr2309,wr2309,4365.0,0.0,0.0,0.0,3,4021.0,4380.0,1,4365.0,0.0,0.0,0.0,0.0,0.0,2
2023-05-11 09:06:43,wr2309,wr2309,4365.0,0.0,0.0,0.0,3,4021.0,4380.0,1,4365.0,0.0,0.0,0.0,0.0,0.0,2
2023-05-11 09:06:44,wr2309,wr2309,4365.0,0.0,0.0,0.0,3,4021.0,4380.0,1,4365.0,0.0,0.0,0.0,0.0,0.0,2
2023-05-11 09:06:45,wr2309,wr2309,4365.0,0.0,0.0,0.0,3,4021.0,4380.0,1,4365.0,0.0,0.0,0.0,0.0,0.0,2
2023-05-11 09:06:46,wr2309,wr2309,4365.0,0.0,0.0,0.0,3,4021.0,4380.0,1,4365.0,0.0,0.0,0.0,0.0,0.0,2
2023-05-11 09:06:46,wr2309,wr2309,4365.0,0.0,0.0,0.0,3,4021.0,4380.0,1,4365.0,0.0,0.0,0.0,0.0,0.0,2
2023-05-11 09:06:50,wr2309,wr2309,4365.0,0.0,0.0,0.0,1,4027.0,4380.0,1,4365.0,0.0,0.0,0.0,0.0,0.0,2
2023-05-11 09:06:58,wr2309,wr2309,4365.0,0.0,0.0,0.0,1,4027.0,4380.0,1,4365.0,0.0,0.0,0.0,0.0,0.0,2
2023-05-11 09:06:58,wr2309,wr2309,4365.0,0.0,0.0,0.0,1,4027.0,4380.0,1,4365.0,0.0,0.0,0.0,0.0,0.0,2
2023-05-11 09:06:59,wr2309,wr2309,4365.0,0.0,0.0,0.0,1,4027.0,4379.0,1,4365.0,0.0,0.0,0.0,0.0,0.0,2
2023-05-11 09:07:03,wr2309,wr2309,4365.0,0.0,0.0,0.0,1,4027.0,4380.0,1,4365.0,0.0,0.0,0.0,0.0,0.0,2
2023-05-11 09:07:03,wr2309,wr2309,4365.0,0.0,0.0,0.0,1,4027.0,4379.0,1,4365.0,0.0,0.0,0.0,0.0,0.0,2
2023-05-11 09:07:04,wr2309,wr2309,4365.0,0.0,0.0,0.0,1,4027.0,4380.0,1,4365.0,0.0,0.0,0.0,0.0,0.0,2
2023-05-11 09:07:05,wr2309,wr2309,4365.0,0.0,0.0,0.0,1,4027.0,4379.0,1,4365.0,0.0,0.0,0.0,0.0,0.0,2
2023-05-11 09:07:08,wr2309,wr2309,4365.0,0.0,0.0,0.0,1,4027.0,4380.0,1,4365.0,0.0,0.0,0.0,0.0,0.0,2
2023-05-11 09:07:09,wr2309,wr2309,4365.0,0.0,0.0,0.0,1,4027.0,4379.0,1,4365.0,0.0,0.0,0.0,0.0,0.0,2
2023-05-11 09:07:12,wr2309,wr2309,4365.0,0.0,0.0,0.0,1,4028.0,4380.0,1,4365.0,0.0,0.0,0.0,0.0,0.0,2
2023-05-11 09:07:18,wr2309,wr2309,4365.0,0.0,0.0,0.0,1,4028.0,4379.0,1,4365.0,0.0,0.0,0.0,0.0,0.0,2
2023-05-11 09:07:19,wr2309,wr2309,4365.0,0.0,0.0,0.0,1,4027.0,4379.0,1,4365.0,0.0,0.0,0.0,0.0,0.0,2
2023-05-11 09:07:19,wr2309,wr2309,4365.0,0.0,0.0,0.0,1,4028.0,4379.0,1,4365.0,0.0,0.0,0.0,0.0,0.0,2
2023-05-11 09:07:23,wr2309,wr2309,4365.0,0.0,0.0,0.0,1,4027.0,4380.0,1,4365.0,0.0,0.0,0.0,0.0,0.0,2
2023-05-11 09:07:24,wr2309,wr2309,4365.0,0.0,0.0,0.0,1,4027.0,4378.0,1,4365.0,0.0,0.0,0.0,0.0,0.0,2
2023-05-11 09:07:24,wr2309,wr2309,4365.0,0.0,0.0,0.0,1,4028.0,4378.0,1,4365.0,0.0,0.0,0.0,0.0,0.0,2
2023-05-11 09:07:25,wr2309,wr2309,4365.0,0.0,0.0,0.0,1,4027.0,4378.0,1,4365.0,0.0,0.0,0.0,0.0,0.0,2
2023-05-11 09:07:25,wr2309,wr2309,4365.0,0.0,0.0,0.0,1,4028.0,4380.0,1,4365.0,0.0,0.0,0.0,0.0,0.0,2
2023-05-11 09:07:26,wr2309,wr2309,4365.0,0.0,0.0,0.0,1,4028.0,4379.0,1,4365.0,0.0,0.0,0.0,0.0,0.0,2
2023-05-11 09:07:27,wr2309,wr2309,4365.0,0.0,0.0,0.0,1,4027.0,4379.0,1,4365.0,0.0,0.0,0.0,0.0,0.0,2
2023-05-11 09:07:27,wr2309,wr2309,4365.0,0.0,0.0,0.0,1,4028.0,4379.0,1,4365.0,0.0,0.0,0.0,0.0,0.0,2
2023-05-11 09:07:29,wr2309,wr2309,4365.0,0.0,0.0,0.0,1,4027.0,4379.0,1,4365.0,0.0,0.0,0.0,0.0,0.0,2
2023-05-11 09:07:30,wr2309,wr2309,4365.0,0.0,0.0,0.0,1,4028.0,4379.0,1,4365.0,0.0,0.0,0.0,0.0,0.0,2
2023-05-11 09:07:33,wr2309,wr2309,4365.0,0.0,0.0,0.0,1,4028.0,4380.0,1,4365.0,0.0,0.0,0.0,0.0,0.0,2
2023-05-11 09:07:33,wr2309,wr2309,4365.0,0.0,0.0,0.0,1,4028.0,4379.0,1,4365.0,0.0,0.0,0.0,0.0,0.0,2
2023-05-11 09:07:45,wr2309,wr2309,4365.0,0.0,0.0,0.0,1,4027.0,4380.0,1,4365.0,0.0,0.0,0.0,0.0,0.0,2
2023-05-11 09:07:45,wr2309,wr2309,4365.0,0.0,0.0,0.0,1,4034.0,4377.0,1,4365.0,0.0,0.0,0.0,0.0,0.0,2
2023-05-11 09:07:46,wr2309,wr2309,4365.0,0.0,0.0,0.0,1,4034.0,4377.0,1,4365.0,0.0,0.0,0.0,0.0,0.0,2
2023-05-11 09:07:47,wr2309,wr2309,4365.0,0.0,0.0,0.0,1,4034.0,4377.0,1,4365.0,0.0,0.0,0.0,0.0,0.0,2
2023-05-11 09:07:47,wr2309,wr2309,4365.0,0.0,0.0,0.0,1,4034.0,4378.0,1,4365.0,0.0,0.0,0.0,0.0,0.0,2
2023-05-11 09:07:48,wr2309,wr2309,4365.0,0.0,0.0,0.0,1,4034.0,4378.0,1,4365.0,0.0,0.0,0.0,0.0,0.0,2
2023-05-11 09:07:48,wr2309,wr2309,4365.0,0.0,0.0,0.0,1,4034.0,4378.0,1,4365.0,0.0,0.0,0.0,0.0,0.0,2
2023-05-11 09:07:49,wr2309,wr2309,4365.0,0.0,0.0,0.0,1,4034.0,4378.0,1,4365.0,0.0,0.0,0.0,0.0,0.0,2
2023-05-11 09:07:51,wr2309,wr2309,4365.0,0.0,0.0,0.0,1,4034.0,4366.0,1,4365.0,0.0,0.0,0.0,0.0,0.0,2
2023-05-11 09:07:51,wr2309,wr2309,4365.0,0.0,0.0,0.0,1,4034.0,4366.0,1,4365.0,0.0,0.0,0.0,0.0,0.0,2
2023-05-11 09:07:52,wr2309,wr2309,4365.0,0.0,0.0,0.0,1,4034.0,4366.0,1,4365.0,0.0,0.0,0.0,0.0,0.0,2
2023-05-11 09:07:52,wr2309,wr2309,4365.0,0.0,0.0,0.0,1,4034.0,4366.0,1,4365.0,0.0,0.0,0.0,0.0,0.0,2
2023-05-11 09:07:53,wr2309,wr2309,4365.0,0.0,0.0,0.0,1,4034.0,4366.0,1,4365.0,0.0,0.0,0.0,0.0,0.0,2
2023-05-11 09:07:55,wr2309,wr2309,4365.0,0.0,0.0,0.0,1,4034.0,4366.0,1,4365.0,0.0,0.0,0.0,0.0,0.0,2
2023-05-11 09:08:02,wr2309,wr2309,4365.0,0.0,0.0,0.0,1,4034.0,4366.0,1,4365.0,0.0,0.0,0.0,0.0,0.0,2
2023-05-11 09:08:03,wr2309,wr2309,4365.0,0.0,0.0,0.0,1,4035.0,4366.0,1,4365.0,0.0,0.0,0.0,0.0,0.0,2
2023-05-11 09:08:04,wr2309,wr2309,4365.0,0.0,0.0,0.0,1,4034.0,4366.0,1,4365.0,0.0,0.0,0.0,0.0,0.0,2
2023-05-11 09:08:04,wr2309,wr2309,4365.0,0.0,0.0,0.0,1,4035.0,4366.0,1,4365.0,0.0,0.0,0.0,0.0,0.0,2
2023-05-11 09:08:05,wr2309,wr2309,4365.0,0.0,0.0,0.0,1,4035.0,4366.0,1,4365.0,0.0,0.0,0.0,0.0,0.0,2
2023-05-11 09:08:05,wr2309,wr2309,4365.0,0.0,0.0,0.0,1,4035.0,4366.0,1,4365.0,0.0,0.0,0.0,0.0,0.0,2
2023-05-11 09:08:06,wr2309,wr2309,4365.0,0.0,0.0,0.0,1,4034.0,4366.0,1,4365.0,0.0,0.0,0.0,0.0,0.0,2
2023-05-11 09:08:06,wr2309,wr2309,4365.0,0.0,0.0,0.0,1,4035.0,4366.0,1,4365.0,0.0,0.0,0.0,0.0,0.0,2
2023-05-11 09:08:07,wr2309,wr2309,4365.0,0.0,0.0,0.0,1,4034.0,4366.0,1,4365.0,0.0,0.0,0.0,0.0,0.0,2
2023-05-11 09:08:08,wr2309,wr2309,4365.0,0.0,0.0,0.0,1,4035.0,4366.0,1,4365.0,0.0,0.0,0.0,0.0,0.0,2
2023-05-11 09:08:08,wr2309,wr2309,4365.0,0.0,0.0,0.0,1,4035.0,4366.0,1,4365.0,0.0,0.0,0.0,0.0,0.0,2
2023-05-11 09:08:10,wr2309,wr2309,4365.0,0.0,0.0,0.0,1,4035.0,4365.0,1,4365.0,0.0,0.0,0.0,0.0,0.0,2
2023-05-11 09:08:10,wr2309,wr2309,4365.0,0.0,0.0,0.0,1,4035.0,4366.0,1,4365.0,0.0,0.0,0.0,0.0,0.0,2
2023-05-11 09:08:11,wr2309,wr2309,4365.0,0.0,0.0,0.0,2,4036.0,4365.0,1,4365.0,0.0,0.0,0.0,0.0,0.0,2
2023-05-11 09:08:12,wr2309,wr2309,4365.0,0.0,0.0,0.0,3,4036.0,4366.0,1,4365.0,0.0,0.0,0.0,0.0,0.0,2
2023-05-11 09:08:12,wr2309,wr2309,4365.0,0.0,0.0,0.0,3,4036.0,4364.0,1,4365.0,0.0,0.0,0.0,0.0,0.0,2
2023-05-11 09:08:13,wr2309,wr2309,4365.0,0.0,0.0,0.0,2,4036.0,4366.0,1,4365.0,0.0,0.0,0.0,0.0,0.0,2
2023-05-11 09:08:13,wr2309,wr2309,4365.0,0.0,0.0,0.0,3,4036.0,4366.0,1,4365.0,0.0,0.0,0.0,0.0,0.0,2
2023-05-11 09:08:15,wr2309,wr2309,4365.0,0.0,0.0,0.0,3,4036.0,4364.0,1,4365.0,0.0,0.0,0.0,0.0,0.0,2
2023-05-11 09:08:19,wr2309,wr2309,4365.0,0.0,0.0,0.0,3,4036.0,4360.0,1,4365.0,0.0,0.0,0.0,0.0,0.0,2
2023-05-11 09:08:22,wr2309,wr2309,4365.0,0.0,0.0,0.0,3,4036.0,4360.0,1,4365.0,0.0,0.0,0.0,0.0,0.0,2
2023-05-11 09:08:23,wr2309,wr2309,4365.0,0.0,0.0,0.0,1,4037.0,4360.0,1,4365.0,0.0,0.0,0.0,0.0,0.0,2
2023-05-11 09:08:24,wr2309,wr2309,4365.0,0.0,0.0,0.0,2,4036.0,4360.0,1,4365.0,0.0,0.0,0.0,0.0,0.0,2
2023-05-11 09:08:25,wr2309,wr2309,4365.0,0.0,0.0,0.0,3,4036.0,4360.0,1,4365.0,0.0,0.0,0.0,0.0,0.0,2
2023-05-11 09:08:25,wr2309,wr2309,4365.0,0.0,0.0,0.0,1,4037.0,4360.0,1,4365.0,0.0,0.0,0.0,0.0,0.0,2
2023-05-11 09:08:26,wr2309,wr2309,4365.0,0.0,0.0,0.0,2,4036.0,4360.0,1,4365.0,0.0,0.0,0.0,0.0,0.0,2
2023-05-11 09:08:27,wr2309,wr2309,4365.0,0.0,0.0,0.0,1,4037.0,4360.0,1,4365.0,0.0,0.0,0.0,0.0,0.0,2
2023-05-11 09:08:27,wr2309,wr2309,4365.0,0.0,0.0,0.0,1,4043.0,4360.0,1,4365.0,0.0,0.0,0.0,0.0,0.0,2
2023-05-11 09:08:28,wr2309,wr2309,4365.0,0.0,0.0,0.0,1,4043.0,4360.0,1,4365.0,0.0,0.0,0.0,0.0,0.0,2
2023-05-11 09:08:28,wr2309,wr2309,4365.0,0.0,0.0,0.0,1,4043.0,4360.0,1,4365.0,0.0,0.0,0.0,0.0,0.0,2
2023-05-11 09:08:29,wr2309,wr2309,4365.0,0.0,0.0,0.0,1,4043.0,4360.0,1,4365.0,0.0,0.0,0.0,0.0,0.0,2
2023-05-11 09:08:29,wr2309,wr2309,4365.0,0.0,0.0,0.0,1,4043.0,4360.0,1,4365.0,0.0,0.0,0.0,0.0,0.0,2
2023-05-11 09:08:30,wr2309,wr2309,4365.0,0.0,0.0,0.0,1,4043.0,4360.0,1,4365.0,0.0,0.0,0.0,0.0,0.0,2
2023-05-11 09:08:31,wr2309,wr2309,4365.0,0.0,0.0,0.0,1,4043.0,4360.0,1,4365.0,0.0,0.0,0.0,0.0,0.0,2
2023-05-11 09:08:32,wr2309,wr2309,4365.0,0.0,0.0,0.0,1,4043.0,4360.0,1,4365.0,0.0,0.0,0.0,0.0,0.0,2
2023-05-11 09:08:32,wr2309,wr2309,4365.0,0.0,0.0,0.0,1,4043.0,4360.0,1,4365.0,0.0,0.0,0.0,0.0,0.0,2
2023-05-11 09:08:57,wr2309,wr2309,4365.0,0.0,0.0,0.0,1,4044.0,4359.0,1,4365.0,0.0,0.0,0.0,0.0,0.0,2
2023-05-11 09:09:03,wr2309,wr2309,4365.0,0.0,0.0,0.0,1,4044.0,4359.0,1,4365.0,0.0,0.0,0.0,0.0,0.0,2
2023-05-11 09:09:39,wr2309,wr2309,4365.0,0.0,0.0,0.0,2,4045.0,4359.0,1,4365.0,0.0,0.0,0.0,0.0,0.0,2
2023-05-11 09:09:39,wr2309,wr2309,4365.0,0.0,0.0,0.0,1,4047.0,4359.0,1,4365.0,0.0,0.0,0.0,0.0,0.0,2
2023-05-11 09:10:17,wr2309,wr2309,4365.0,0.0,0.0,0.0,1,4047.0,4359.0,1,4365.0,0.0,0.0,0.0,0.0,0.0,2
2023-05-11 09:10:23,wr2309,wr2309,4365.0,0.0,0.0,0.0,2,4048.0,4359.0,1,4365.0,0.0,0.0,0.0,0.0,0.0,2
2023-05-11 09:10:23,wr2309,wr2309,4365.0,0.0,0.0,0.0,1,4050.0,4359.0,1,4365.0,0.0,0.0,0.0,0.0,0.0,2
2023-05-11 09:10:36,wr2309,wr2309,4365.0,0.0,0.0,0.0,1,4050.0,4359.0,1,4365.0,0.0,0.0,0.0,0.0,0.0,2
2023-05-11 09:11:07,wr2309,wr2309,4365.0,0.0,0.0,0.0,1,4050.0,4358.0,2,4365.0,0.0,0.0,0.0,0.0,0.0,2
2023-05-11 09:11:08,wr2309,wr2309,4365.0,0.0,0.0,0.0,1,4050.0,4356.0,1,4365.0,0.0,0.0,0.0,0.0,0.0,2
2023-05-11 09:11:46,wr2309,wr2309,4365.0,0.0,0.0,0.0,1,4050.0,4356.0,1,4365.0,0.0,0.0,0.0,0.0,0.0,2
2023-05-11 09:11:50,wr2309,wr2309,4365.0,0.0,0.0,0.0,1,4050.0,4355.0,2,4365.0,0.0,0.0,0.0,0.0,0.0,2
2023-05-11 09:11:51,wr2309,wr2309,4365.0,0.0,0.0,0.0,1,4050.0,4353.0,1,4365.0,0.0,0.0,0.0,0.0,0.0,2
2023-05-11 09:12:24,wr2309,wr2309,4365.0,0.0,0.0,0.0,1,4050.0,4353.0,1,4365.0,0.0,0.0,0.0,0.0,0.0,2
2023-05-11 09:12:34,wr2309,wr2309,4365.0,0.0,0.0,0.0,2,4051.0,4353.0,1,4365.0,0.0,0.0,0.0,0.0,0.0,2
2023-05-11 09:12:35,wr2309,wr2309,4365.0,0.0,0.0,0.0,1,4053.0,4353.0,1,4365.0,0.0,0.0,0.0,0.0,0.0,2
2023-05-11 09:13:13,wr2309,wr2309,4365.0,0.0,0.0,0.0,1,4053.0,4353.0,1,4365.0,0.0,0.0,0.0,0.0,0.0,2
2023-05-11 09:13:18,wr2309,wr2309,4365.0,0.0,0.0,0.0,2,4054.0,4353.0,1,4365.0,0.0,0.0,0.0,0.0,0.0,2
2023-05-11 09:13:19,wr2309,wr2309,4365.0,0.0,0.0,0.0,1,4056.0,4353.0,1,4365.0,0.0,0.0,0.0,0.0,0.0,2
2023-05-11 09:13:58,wr2309,wr2309,4365.0,0.0,0.0,0.0,1,4056.0,4353.0,1,4365.0,0.0,0.0,0.0,0.0,0.0,2
2023-05-11 09:14:01,wr2309,wr2309,4365.0,0.0,0.0,0.0,2,4057.0,4353.0,1,4365.0,0.0,0.0,0.0,0.0,0.0,2
2023-05-11 09:14:02,wr2309,wr2309,4365.0,0.0,0.0,0.0,1,4059.0,4353.0,1,4365.0,0.0,0.0,0.0,0.0,0.0,2
2023-05-11 09:14:04,wr2309,wr2309,4365.0,0.0,0.0,0.0,1,4059.0,4353.0,1,4365.0,0.0,0.0,0.0,0.0,0.0,2
2023-05-11 09:14:45,wr2309,wr2309,4365.0,0.0,0.0,0.0,2,4060.0,4353.0,1,4365.0,0.0,0.0,0.0,0.0,0.0,2
2023-05-11 09:14:46,wr2309,wr2309,4365.0,0.0,0.0,0.0,1,4062.0,4353.0,1,4365.0,0.0,0.0,0.0,0.0,0.0,2
2023-05-11 09:14:48,wr2309,wr2309,4365.0,0.0,0.0,0.0,1,4062.0,4353.0,1,4365.0,0.0,0.0,0.0,0.0,0.0,2
2023-05-11 09:15:31,wr2309,wr2309,4365.0,0.0,0.0,0.0,2,4063.0,4353.0,1,4365.0,0.0,0.0,0.0,0.0,0.0,2
2023-05-11 09:15:32,wr2309,wr2309,4365.0,0.0,0.0,0.0,1,4065.0,4353.0,1,4365.0,0.0,0.0,0.0,0.0,0.0,2
2023-05-11 09:15:36,wr2309,wr2309,4365.0,0.0,0.0,0.0,1,4065.0,4353.0,1,4365.0,0.0,0.0,0.0,0.0,0.0,2
2023-05-11 09:16:15,wr2309,wr2309,4365.0,0.0,0.0,0.0,2,4066.0,4353.0,1,4365.0,0.0,0.0,0.0,0.0,0.0,2
2023-05-11 09:16:15,wr2309,wr2309,4365.0,0.0,0.0,0.0,1,4068.0,4353.0,1,4365.0,0.0,0.0,0.0,0.0,0.0,2
2023-05-11 09:16:55,wr2309,wr2309,4365.0,0.0,0.0,0.0,1,4068.0,4353.0,1,4365.0,0.0,0.0,0.0,0.0,0.0,2
2023-05-11 09:16:59,wr2309,wr2309,4365.0,0.0,0.0,0.0,2,4069.0,4353.0,1,4365.0,0.0,0.0,0.0,0.0,0.0,2
2023-05-11 09:17:00,wr2309,wr2309,4365.0,0.0,0.0,0.0,1,4071.0,4353.0,1,4365.0,0.0,0.0,0.0,0.0,0.0,2
2023-05-11 09:17:02,wr2309,wr2309,4365.0,0.0,0.0,0.0,1,4071.0,4353.0,1,4365.0,0.0,0.0,0.0,0.0,0.0,2
2023-05-11 09:17:44,wr2309,wr2309,4365.0,0.0,0.0,0.0,1,4071.0,4352.0,2,4365.0,0.0,0.0,0.0,0.0,0.0,2
2023-05-11 09:17:45,wr2309,wr2309,4365.0,0.0,0.0,0.0,1,4071.0,4350.0,1,4365.0,0.0,0.0,0.0,0.0,0.0,2
2023-05-11 09:17:58,wr2309,wr2309,4365.0,0.0,0.0,0.0,1,4071.0,4348.0,1,4365.0,0.0,0.0,0.0,0.0,0.0,2
2023-05-11 09:17:59,wr2309,wr2309,4365.0,0.0,0.0,0.0,1,4071.0,4346.0,1,4365.0,0.0,0.0,0.0,0.0,0.0,2
2023-05-11 09:18:03,wr2309,wr2309,4365.0,0.0,0.0,0.0,1,4071.0,4340.0,1,4365.0,0.0,0.0,0.0,0.0,0.0,2
2023-05-11 09:18:03,wr2309,wr2309,4365.0,0.0,0.0,0.0,1,4071.0,4338.0,1,4365.0,0.0,0.0,0.0,0.0,0.0,2
2023-05-11 09:18:05,wr2309,wr2309,4365.0,0.0,0.0,0.0,1,4071.0,4338.0,1,4365.0,0.0,0.0,0.0,0.0,0.0,2
2023-05-11 09:18:06,wr2309,wr2309,4365.0,0.0,0.0,0.0,1,4071.0,4330.0,1,4365.0,0.0,0.0,0.0,0.0,0.0,2
2023-05-11 09:18:06,wr2309,wr2309,4365.0,0.0,0.0,0.0,1,4071.0,4328.0,1,4365.0,0.0,0.0,0.0,0.0,0.0,2
2023-05-11 09:18:09,wr2309,wr2309,4365.0,0.0,0.0,0.0,1,4071.0,4320.0,1,4365.0,0.0,0.0,0.0,0.0,0.0,2
2023-05-11 09:18:09,wr2309,wr2309,4365.0,0.0,0.0,0.0,1,4071.0,4318.0,1,4365.0,0.0,0.0,0.0,0.0,0.0,2
2023-05-11 09:18:12,wr2309,wr2309,4365.0,0.0,0.0,0.0,1,4071.0,4310.0,1,4365.0,0.0,0.0,0.0,0.0,0.0,2
2023-05-11 09:18:12,wr2309,wr2309,4365.0,0.0,0.0,0.0,1,4071.0,4308.0,1,4365.0,0.0,0.0,0.0,0.0,0.0,2
2023-05-11 09:18:15,wr2309,wr2309,4365.0,0.0,0.0,0.0,1,4071.0,4300.0,1,4365.0,0.0,0.0,0.0,0.0,0.0,2
2023-05-11 09:18:15,wr2309,wr2309,4365.0,0.0,0.0,0.0,1,4071.0,4300.0,1,4365.0,0.0,0.0,0.0,0.0,0.0,2
2023-05-11 09:18:29,wr2309,wr2309,4365.0,0.0,0.0,0.0,2,4072.0,4300.0,1,4365.0,0.0,0.0,0.0,0.0,0.0,2
2023-05-11 09:18:29,wr2309,wr2309,4365.0,0.0,0.0,0.0,1,4074.0,4300.0,1,4365.0,0.0,0.0,0.0,0.0,0.0,2
2023-05-11 09:19:08,wr2309,wr2309,4365.0,0.0,0.0,0.0,1,4074.0,4300.0,1,4365.0,0.0,0.0,0.0,0.0,0.0,2
2023-05-11 09:19:13,wr2309,wr2309,4365.0,0.0,0.0,0.0,2,4075.0,4300.0,1,4365.0,0.0,0.0,0.0,0.0,0.0,2
2023-05-11 09:19:13,wr2309,wr2309,4365.0,0.0,0.0,0.0,1,4077.0,4300.0,1,4365.0,0.0,0.0,0.0,0.0,0.0,2
2023-05-11 09:19:52,wr2309,wr2309,4365.0,0.0,0.0,0.0,1,4077.0,4300.0,1,4365.0,0.0,0.0,0.0,0.0,0.0,2
2023-05-11 09:19:57,wr2309,wr2309,4365.0,0.0,0.0,0.0,2,4078.0,4300.0,1,4365.0,0.0,0.0,0.0,0.0,0.0,2
2023-05-11 09:19:57,wr2309,wr2309,4365.0,0.0,0.0,0.0,1,4080.0,4300.0,1,4365.0,0.0,0.0,0.0,0.0,0.0,2
2023-05-11 09:20:36,wr2309,wr2309,4365.0,0.0,0.0,0.0,1,4080.0,4300.0,1,4365.0,0.0,0.0,0.0,0.0,0.0,2
2023-05-11 09:20:41,wr2309,wr2309,4365.0,0.0,0.0,0.0,2,4081.0,4300.0,1,4365.0,0.0,0.0,0.0,0.0,0.0,2
2023-05-11 09:20:42,wr2309,wr2309,4365.0,0.0,0.0,0.0,1,4083.0,4300.0,1,4365.0,0.0,0.0,0.0,0.0,0.0,2
2023-05-11 09:21:21,wr2309,wr2309,4365.0,0.0,0.0,0.0,1,4083.0,4300.0,1,4365.0,0.0,0.0,0.0,0.0,0.0,2
2023-05-11 09:21:26,wr2309,wr2309,4365.0,0.0,0.0,0.0,2,4084.0,4300.0,1,4365.0,0.0,0.0,0.0,0.0,0.0,2
2023-05-11 09:21:26,wr2309,wr2309,4365.0,0.0,0.0,0.0,1,4086.0,4300.0,1,4365.0,0.0,0.0,0.0,0.0,0.0,2
2023-05-11 09:22:05,wr2309,wr2309,4365.0,0.0,0.0,0.0,1,4086.0,4300.0,1,4365.0,0.0,0.0,0.0,0.0,0.0,2
2023-05-11 09:22:10,wr2309,wr2309,4365.0,0.0,0.0,0.0,2,4087.0,4300.0,1,4365.0,0.0,0.0,0.0,0.0,0.0,2
2023-05-11 09:22:11,wr2309,wr2309,4365.0,0.0,0.0,0.0,1,4089.0,4300.0,1,4365.0,0.0,0.0,0.0,0.0,0.0,2
2023-05-11 09:22:49,wr2309,wr2309,4365.0,0.0,0.0,0.0,1,4089.0,4300.0,1,4365.0,0.0,0.0,0.0,0.0,0.0,2
2023-05-11 09:22:54,wr2309,wr2309,4365.0,0.0,0.0,0.0,2,4090.0,4300.0,1,4365.0,0.0,0.0,0.0,0.0,0.0,2
2023-05-11 09:22:54,wr2309,wr2309,4365.0,0.0,0.0,0.0,1,4092.0,4300.0,1,4365.0,0.0,0.0,0.0,0.0,0.0,2
2023-05-11 09:23:33,wr2309,wr2309,4365.0,0.0,0.0,0.0,1,4092.0,4300.0,1,4365.0,0.0,0.0,0.0,0.0,0.0,2
2023-05-11 09:23:38,wr2309,wr2309,4365.0,0.0,0.0,0.0,2,4093.0,4300.0,1,4365.0,0.0,0.0,0.0,0.0,0.0,2
2023-05-11 09:23:39,wr2309,wr2309,4365.0,0.0,0.0,0.0,1,4095.0,4300.0,1,4365.0,0.0,0.0,0.0,0.0,0.0,2
2023-05-11 09:24:17,wr2309,wr2309,4365.0,0.0,0.0,0.0,1,4095.0,4300.0,1,4365.0,0.0,0.0,0.0,0.0,0.0,2
2023-05-11 09:24:21,wr2309,wr2309,4365.0,0.0,0.0,0.0,2,4096.0,4300.0,1,4365.0,0.0,0.0,0.0,0.0,0.0,2
2023-05-11 09:24:22,wr2309,wr2309,4365.0,0.0,0.0,0.0,1,4098.0,4300.0,1,4365.0,0.0,0.0,0.0,0.0,0.0,2
2023-05-11 09:25:00,wr2309,wr2309,4365.0,0.0,0.0,0.0,1,4098.0,4300.0,1,4365.0,0.0,0.0,0.0,0.0,0.0,2
2023-05-11 09:25:05,wr2309,wr2309,4365.0,0.0,0.0,0.0,2,4099.0,4300.0,1,4365.0,0.0,0.0,0.0,0.0,0.0,2
2023-05-11 09:25:05,wr2309,wr2309,4365.0,0.0,0.0,0.0,2,4099.0,4300.0,1,4365.0,0.0,0.0,0.0,0.0,0.0,2
2023-05-11 09:26:30,wr2309,wr2309,4365.0,0.0,0.0,0.0,1,4100.0,4300.0,1,4365.0,0.0,0.0,0.0,0.0,0.0,2
2023-05-11 09:27:07,wr2309,wr2309,4365.0,0.0,0.0,0.0,1,4100.0,4300.0,1,4365.0,0.0,0.0,0.0,0.0,0.0,2
2023-05-11 09:27:17,wr2309,wr2309,4365.0,0.0,0.0,0.0,2,4101.0,4300.0,1,4365.0,0.0,0.0,0.0,0.0,0.0,2
2023-05-11 09:28:17,wr2309,wr2309,4365.0,0.0,0.0,0.0,2,4101.0,4360.0,1,4365.0,0.0,0.0,0.0,0.0,0.0,2
2023-05-11 09:28:17,wr2309,wr2309,4365.0,0.0,0.0,0.0,2,4101.0,4358.0,1,4365.0,0.0,0.0,0.0,0.0,0.0,2
2023-05-11 09:28:18,wr2309,wr2309,4365.0,0.0,0.0,0.0,1,4100.0,4358.0,1,4365.0,0.0,0.0,0.0,0.0,0.0,2
2023-05-11 09:28:20,wr2309,wr2309,4365.0,0.0,0.0,0.0,1,4100.0,4356.0,1,4365.0,0.0,0.0,0.0,0.0,0.0,2
2023-05-11 09:28:21,wr2309,wr2309,4365.0,0.0,0.0,0.0,1,4100.0,4354.0,1,4365.0,0.0,0.0,0.0,0.0,0.0,2
2023-05-11 09:28:25,wr2309,wr2309,4365.0,0.0,0.0,0.0,1,4100.0,4344.0,1,4365.0,0.0,0.0,0.0,0.0,0.0,2
2023-05-11 09:28:26,wr2309,wr2309,4365.0,0.0,0.0,0.0,1,4100.0,4342.0,1,4365.0,0.0,0.0,0.0,0.0,0.0,2
2023-05-11 09:28:29,wr2309,wr2309,4365.0,0.0,0.0,0.0,1,4100.0,4322.0,1,4365.0,0.0,0.0,0.0,0.0,0.0,2
2023-05-11 09:28:30,wr2309,wr2309,4365.0,0.0,0.0,0.0,1,4100.0,4320.0,1,4365.0,0.0,0.0,0.0,0.0,0.0,2
2023-05-11 09:28:33,wr2309,wr2309,4365.0,0.0,0.0,0.0,1,4100.0,4320.0,1,4365.0,0.0,0.0,0.0,0.0,0.0,2
2023-05-11 09:28:34,wr2309,wr2309,4365.0,0.0,0.0,0.0,1,4100.0,4310.0,1,4365.0,0.0,0.0,0.0,0.0,0.0,2
2023-05-11 09:28:34,wr2309,wr2309,4365.0,0.0,0.0,0.0,1,4100.0,4308.0,1,4365.0,0.0,0.0,0.0,0.0,0.0,2
2023-05-11 09:28:38,wr2309,wr2309,4365.0,0.0,0.0,0.0,1,4100.0,4300.0,1,4365.0,0.0,0.0,0.0,0.0,0.0,2
2023-05-11 09:28:38,wr2309,wr2309,4365.0,0.0,0.0,0.0,1,4100.0,4300.0,1,4365.0,0.0,0.0,0.0,0.0,0.0,2
2023-05-11 09:28:45,wr2309,wr2309,4365.0,0.0,0.0,0.0,2,4101.0,4300.0,1,4365.0,0.0,0.0,0.0,0.0,0.0,2
2023-05-11 09:29:25,wr2309,wr2309,4365.0,0.0,0.0,0.0,1,4100.0,4300.0,1,4365.0,0.0,0.0,0.0,0.0,0.0,2
2023-05-11 09:29:28,wr2309,wr2309,4365.0,0.0,0.0,0.0,1,4100.0,4299.0,2,4365.0,0.0,0.0,0.0,0.0,0.0,2
2023-05-11 09:29:40,wr2309,wr2309,4365.0,0.0,0.0,0.0,1,4100.0,4300.0,1,4365.0,0.0,0.0,0.0,0.0,0.0,2
2023-05-11 09:30:12,wr2309,wr2309,4365.0,0.0,0.0,0.0,1,4100.0,4299.0,2,4365.0,0.0,0.0,0.0,0.0,0.0,2
2023-05-11 09:30:49,wr2309,wr2309,4365.0,0.0,0.0,0.0,1,4100.0,4298.0,1,4365.0,0.0,0.0,0.0,0.0,0.0,2
2023-05-11 09:31:26,wr2309,wr2309,4365.0,0.0,0.0,0.0,1,4100.0,4298.0,1,4365.0,0.0,0.0,0.0,0.0,0.0,2
2023-05-11 09:31:39,wr2309,wr2309,4365.0,0.0,0.0,0.0,1,4100.0,4297.0,2,4365.0,0.0,0.0,0.0,0.0,0.0,2
2023-05-11 09:32:12,wr2309,wr2309,4365.0,0.0,0.0,0.0,1,4100.0,4295.0,1,4365.0,0.0,0.0,0.0,0.0,0.0,2
2023-05-11 09:32:49,wr2309,wr2309,4365.0,0.0,0.0,0.0,1,4100.0,4295.0,1,4365.0,0.0,0.0,0.0,0.0,0.0,2
2023-05-11 09:33:06,wr2309,wr2309,4365.0,0.0,0.0,0.0,1,4100.0,4294.0,2,4365.0,0.0,0.0,0.0,0.0,0.0,2
2023-05-11 09:33:22,wr2309,wr2309,4365.0,0.0,0.0,0.0,1,4100.0,4293.0,1,4365.0,0.0,0.0,0.0,0.0,0.0,2
2023-05-11 09:33:59,wr2309,wr2309,4365.0,0.0,0.0,0.0,1,4100.0,4293.0,1,4365.0,0.0,0.0,0.0,0.0,0.0,2
2023-05-11 09:34:33,wr2309,wr2309,4365.0,0.0,0.0,0.0,1,4100.0,4292.0,2,4365.0,0.0,0.0,0.0,0.0,0.0,2
2023-05-11 09:37:22,wr2309,wr2309,4365.0,0.0,0.0,0.0,1,4100.0,4290.0,1,4365.0,0.0,0.0,0.0,0.0,0.0,2
2023-05-11 09:38:02,wr2309,wr2309,4365.0,0.0,0.0,0.0,1,4100.0,4290.0,1,4365.0,0.0,0.0,0.0,0.0,0.0,2
2023-05-11 09:38:08,wr2309,wr2309,4365.0,0.0,0.0,0.0,1,4100.0,4289.0,2,4365.0,0.0,0.0,0.0,0.0,0.0,2
2023-05-11 09:41:26,wr2309,wr2309,4365.0,0.0,0.0,0.0,1,4100.0,4288.0,1,4365.0,0.0,0.0,0.0,0.0,0.0,2
2023-05-11 09:42:04,wr2309,wr2309,4365.0,0.0,0.0,0.0,1,4100.0,4288.0,1,4365.0,0.0,0.0,0.0,0.0,0.0,2
2023-05-11 09:42:28,wr2309,wr2309,4365.0,0.0,0.0,0.0,1,4100.0,4287.0,2,4365.0,0.0,0.0,0.0,0.0,0.0,2
2023-05-11 09:47:27,wr2309,wr2309,4365.0,0.0,0.0,0.0,1,4100.0,4288.0,1,4365.0,0.0,0.0,0.0,0.0,0.0,2
2023-05-11 09:47:33,wr2309,wr2309,4365.0,0.0,0.0,0.0,1,4100.0,4287.0,2,4365.0,0.0,0.0,0.0,0.0,0.0,2
2023-05-11 09:51:16,wr2309,wr2309,4365.0,0.0,0.0,0.0,1,4100.0,4286.0,1,4365.0,0.0,0.0,0.0,0.0,0.0,2
2023-05-11 09:51:53,wr2309,wr2309,4365.0,0.0,0.0,0.0,1,4100.0,4286.0,1,4365.0,0.0,0.0,0.0,0.0,0.0,2
2023-05-11 09:52:35,wr2309,wr2309,4365.0,0.0,0.0,0.0,1,4100.0,4285.0,2,4365.0,0.0,0.0,0.0,0.0,0.0,2
2023-05-11 09:57:34,wr2309,wr2309,4365.0,0.0,0.0,0.0,1,4100.0,4286.0,1,4365.0,0.0,0.0,0.0,0.0,0.0,2
2023-05-11 09:58:12,wr2309,wr2309,4365.0,0.0,0.0,0.0,1,4100.0,4285.0,2,4365.0,0.0,0.0,0.0,0.0,0.0,2
2023-05-11 09:58:23,wr2309,wr2309,4365.0,0.0,0.0,0.0,1,4100.0,4285.0,2,4365.0,0.0,0.0,0.0,0.0,0.0,2
2023-05-11 10:03:11,wr2309,wr2309,4365.0,0.0,0.0,0.0,1,4100.0,4360.0,1,4365.0,0.0,0.0,0.0,0.0,0.0,2
2023-05-11 10:03:12,wr2309,wr2309,4365.0,0.0,0.0,0.0,1,4100.0,4358.0,1,4365.0,0.0,0.0,0.0,0.0,0.0,2
2023-05-11 10:03:14,wr2309,wr2309,4365.0,0.0,0.0,0.0,1,4100.0,4357.0,2,4365.0,0.0,0.0,0.0,0.0,0.0,2
2023-05-11 10:03:15,wr2309,wr2309,4365.0,0.0,0.0,0.0,1,4100.0,4355.0,1,4365.0,0.0,0.0,0.0,0.0,0.0,2
2023-05-11 10:03:53,wr2309,wr2309,4365.0,0.0,0.0,0.0,1,4100.0,4355.0,1,4365.0,0.0,0.0,0.0,0.0,0.0,2
2023-05-11 10:03:58,wr2309,wr2309,4365.0,0.0,0.0,0.0,1,4100.0,4354.0,2,4365.0,0.0,0.0,0.0,0.0,0.0,2
2023-05-11 10:03:59,wr2309,wr2309,4365.0,0.0,0.0,0.0,1,4100.0,4352.0,1,4365.0,0.0,0.0,0.0,0.0,0.0,2
2023-05-11 10:04:37,wr2309,wr2309,4365.0,0.0,0.0,0.0,1,4100.0,4352.0,1,4365.0,0.0,0.0,0.0,0.0,0.0,2
2023-05-11 10:04:41,wr2309,wr2309,4365.0,0.0,0.0,0.0,1,4100.0,4351.0,2,4365.0,0.0,0.0,0.0,0.0,0.0,2
2023-05-11 10:04:42,wr2309,wr2309,4365.0,0.0,0.0,0.0,1,4100.0,4349.0,1,4365.0,0.0,0.0,0.0,0.0,0.0,2
2023-05-11 10:04:57,wr2309,wr2309,4365.0,0.0,0.0,0.0,1,4100.0,4347.0,1,4365.0,0.0,0.0,0.0,0.0,0.0,2
2023-05-11 10:04:58,wr2309,wr2309,4365.0,0.0,0.0,0.0,1,4100.0,4345.0,1,4365.0,0.0,0.0,0.0,0.0,0.0,2
2023-05-11 10:05:10,wr2309,wr2309,4365.0,0.0,0.0,0.0,1,4095.0,4345.0,1,4365.0,0.0,0.0,0.0,0.0,0.0,2
2023-05-11 10:05:11,wr2309,wr2309,4365.0,0.0,0.0,0.0,1,4097.0,4345.0,1,4365.0,0.0,0.0,0.0,0.0,0.0,2
2023-05-11 10:05:20,wr2309,wr2309,4365.0,0.0,0.0,0.0,1,4097.0,4345.0,1,4365.0,0.0,0.0,0.0,0.0,0.0,2
2023-05-11 10:05:25,wr2309,wr2309,4365.0,0.0,0.0,0.0,1,4097.0,4344.0,2,4365.0,0.0,0.0,0.0,0.0,0.0,2
2023-05-11 10:05:25,wr2309,wr2309,4365.0,0.0,0.0,0.0,1,4097.0,4342.0,1,4365.0,0.0,0.0,0.0,0.0,0.0,2
2023-05-11 10:05:41,wr2309,wr2309,4365.0,0.0,0.0,0.0,1,4097.0,4340.0,1,4365.0,0.0,0.0,0.0,0.0,0.0,2
2023-05-11 10:05:42,wr2309,wr2309,4365.0,0.0,0.0,0.0,1,4097.0,4338.0,1,4365.0,0.0,0.0,0.0,0.0,0.0,2
2023-05-11 10:05:46,wr2309,wr2309,4365.0,0.0,0.0,0.0,1,4097.0,4334.0,1,4365.0,0.0,0.0,0.0,0.0,0.0,2
2023-05-11 10:05:47,wr2309,wr2309,4365.0,0.0,0.0,0.0,1,4097.0,4334.0,1,4365.0,0.0,0.0,0.0,0.0,0.0,2
2023-05-11 10:05:47,wr2309,wr2309,4365.0,0.0,0.0,0.0,1,4097.0,4332.0,1,4365.0,0.0,0.0,0.0,0.0,0.0,2
2023-05-11 10:05:49,wr2309,wr2309,4365.0,0.0,0.0,0.0,1,4097.0,4330.0,1,4365.0,0.0,0.0,0.0,0.0,0.0,2
2023-05-11 10:05:50,wr2309,wr2309,4365.0,0.0,0.0,0.0,1,4097.0,4328.0,1,4365.0,0.0,0.0,0.0,0.0,0.0,2
2023-05-11 10:05:53,wr2309,wr2309,4365.0,0.0,0.0,0.0,1,4097.0,4328.0,1,4365.0,0.0,0.0,0.0,0.0,0.0,2
2023-05-11 10:05:53,wr2309,wr2309,4365.0,0.0,0.0,0.0,1,4097.0,4322.0,1,4365.0,0.0,0.0,0.0,0.0,0.0,2
2023-05-11 10:05:54,wr2309,wr2309,4365.0,0.0,0.0,0.0,1,4097.0,4320.0,1,4365.0,0.0,0.0,0.0,0.0,0.0,2
2023-05-11 10:05:57,wr2309,wr2309,4365.0,0.0,0.0,0.0,1,4097.0,4318.0,1,4365.0,0.0,0.0,0.0,0.0,0.0,2
2023-05-11 10:05:57,wr2309,wr2309,4365.0,0.0,0.0,0.0,1,4097.0,4316.0,1,4365.0,0.0,0.0,0.0,0.0,0.0,2
2023-05-11 10:06:00,wr2309,wr2309,4365.0,0.0,0.0,0.0,1,4097.0,4310.0,1,4365.0,0.0,0.0,0.0,0.0,0.0,2
2023-05-11 10:06:00,wr2309,wr2309,4365.0,0.0,0.0,0.0,1,4097.0,4308.0,1,4365.0,0.0,0.0,0.0,0.0,0.0,2
2023-05-11 10:06:03,wr2309,wr2309,4365.0,0.0,0.0,0.0,1,4097.0,4308.0,1,4365.0,0.0,0.0,0.0,0.0,0.0,2
2023-05-11 10:06:04,wr2309,wr2309,4365.0,0.0,0.0,0.0,1,4097.0,4300.0,1,4365.0,0.0,0.0,0.0,0.0,0.0,2
2023-05-11 10:06:04,wr2309,wr2309,4365.0,0.0,0.0,0.0,1,4097.0,4300.0,1,4365.0,0.0,0.0,0.0,0.0,0.0,2
2023-05-11 10:06:08,wr2309,wr2309,4365.0,0.0,0.0,0.0,1,4097.0,4299.0,2,4365.0,0.0,0.0,0.0,0.0,0.0,2
2023-05-11 10:06:10,wr2309,wr2309,4365.0,0.0,0.0,0.0,1,4097.0,4296.0,1,4365.0,0.0,0.0,0.0,0.0,0.0,2
2023-05-11 10:06:48,wr2309,wr2309,4365.0,0.0,0.0,0.0,1,4097.0,4296.0,1,4365.0,0.0,0.0,0.0,0.0,0.0,2
2023-05-11 10:06:52,wr2309,wr2309,4365.0,0.0,0.0,0.0,1,4097.0,4295.0,2,4365.0,0.0,0.0,0.0,0.0,0.0,2
2023-05-11 10:07:28,wr2309,wr2309,4365.0,0.0,0.0,0.0,1,4097.0,4293.0,1,4365.0,0.0,0.0,0.0,0.0,0.0,2
2023-05-11 10:08:05,wr2309,wr2309,4365.0,0.0,0.0,0.0,1,4097.0,4293.0,1,4365.0,0.0,0.0,0.0,0.0,0.0,2
2023-05-11 10:08:20,wr2309,wr2309,4365.0,0.0,0.0,0.0,1,4097.0,4292.0,2,4365.0,0.0,0.0,0.0,0.0,0.0,2
2023-05-11 10:09:46,wr2309,wr2309,4365.0,0.0,0.0,0.0,1,4097.0,4290.0,1,4365.0,0.0,0.0,0.0,0.0,0.0,2
2023-05-11 10:10:26,wr2309,wr2309,4365.0,0.0,0.0,0.0,1,4097.0,4290.0,1,4365.0,0.0,0.0,0.0,0.0,0.0,2
2023-05-11 10:10:31,wr2309,wr2309,4365.0,0.0,0.0,0.0,1,4097.0,4289.0,2,4365.0,0.0,0.0,0.0,0.0,0.0,2
2023-05-11 10:10:56,wr2309,wr2309,4365.0,0.0,0.0,0.0,1,4097.0,4288.0,1,4365.0,0.0,0.0,0.0,0.0,0.0,2
2023-05-11 10:11:34,wr2309,wr2309,4365.0,0.0,0.0,0.0,1,4097.0,4288.0,1,4365.0,0.0,0.0,0.0,0.0,0.0,2
2023-05-11 10:11:56,wr2309,wr2309,4365.0,0.0,0.0,0.0,1,4097.0,4287.0,2,4365.0,0.0,0.0,0.0,0.0,0.0,2
2023-05-11 10:13:20,wr2309,wr2309,4365.0,0.0,0.0,0.0,1,4097.0,4288.0,1,4365.0,0.0,0.0,0.0,0.0,0.0,2
2023-05-11 10:13:23,wr2309,wr2309,4365.0,0.0,0.0,0.0,2,4098.0,4288.0,1,4365.0,0.0,0.0,0.0,0.0,0.0,2
2023-05-11 10:13:24,wr2309,wr2309,4365.0,0.0,0.0,0.0,1,4100.0,4288.0,1,4365.0,0.0,0.0,0.0,0.0,0.0,2
2023-05-11 10:14:04,wr2309,wr2309,4365.0,0.0,0.0,0.0,1,4100.0,4288.0,1,4365.0,0.0,0.0,0.0,0.0,0.0,2
2023-05-11 10:14:07,wr2309,wr2309,4365.0,0.0,0.0,0.0,2,4101.0,4288.0,1,4365.0,0.0,0.0,0.0,0.0,0.0,2
2023-05-11 10:14:07,wr2309,wr2309,4365.0,0.0,0.0,0.0,2,4101.0,4288.0,1,4365.0,0.0,0.0,0.0,0.0,0.0,2
2023-05-11 10:14:23,wr2309,wr2309,4365.0,0.0,0.0,0.0,2,4101.0,4288.0,1,4365.0,0.0,0.0,0.0,0.0,0.0,2
2023-05-11 10:14:25,wr2309,wr2309,4365.0,0.0,0.0,0.0,2,4101.0,4288.0,1,4365.0,0.0,0.0,0.0,0.0,0.0,2
2023-05-11 10:30:16,wr2309,wr2309,4365.0,0.0,0.0,0.0,2,4101.0,4288.0,1,4365.0,0.0,0.0,0.0,0.0,0.0,2
2023-05-11 10:30:17,wr2309,wr2309,4365.0,0.0,0.0,0.0,1,4095.0,4288.0,1,4365.0,0.0,0.0,0.0,0.0,0.0,2
2023-05-11 10:30:17,wr2309,wr2309,4365.0,0.0,0.0,0.0,1,4097.0,4288.0,1,4365.0,0.0,0.0,0.0,0.0,0.0,2
2023-05-11 10:30:22,wr2309,wr2309,4365.0,0.0,0.0,0.0,2,4098.0,4288.0,1,4365.0,0.0,0.0,0.0,0.0,0.0,2
2023-05-11 10:30:23,wr2309,wr2309,4365.0,0.0,0.0,0.0,1,4100.0,4288.0,1,4365.0,0.0,0.0,0.0,0.0,0.0,2
2023-05-11 10:30:31,wr2309,wr2309,4365.0,0.0,0.0,0.0,1,4100.0,4288.0,1,4365.0,0.0,0.0,0.0,0.0,0.0,2
2023-05-11 10:31:03,wr2309,wr2309,4365.0,0.0,0.0,0.0,1,4100.0,4288.0,1,4365.0,0.0,0.0,0.0,0.0,0.0,2
2023-05-11 10:31:06,wr2309,wr2309,4365.0,0.0,0.0,0.0,2,4101.0,4288.0,1,4365.0,0.0,0.0,0.0,0.0,0.0,2
2023-05-11 10:31:06,wr2309,wr2309,4365.0,0.0,0.0,0.0,2,4101.0,4288.0,1,4365.0,0.0,0.0,0.0,0.0,0.0,2
2023-05-11 10:34:24,wr2309,wr2309,4365.0,0.0,0.0,0.0,2,4101.0,4360.0,1,4365.0,0.0,0.0,0.0,0.0,0.0,2
2023-05-11 10:34:25,wr2309,wr2309,4365.0,0.0,0.0,0.0,2,4101.0,4292.0,1,4365.0,0.0,0.0,0.0,0.0,0.0,2
2023-05-11 10:34:25,wr2309,wr2309,4365.0,0.0,0.0,0.0,2,4101.0,4292.0,1,4365.0,0.0,0.0,0.0,0.0,0.0,2
2023-05-11 10:34:30,wr2309,wr2309,4365.0,0.0,0.0,0.0,2,4101.0,4360.0,1,4365.0,0.0,0.0,0.0,0.0,0.0,2
2023-05-11 10:34:31,wr2309,wr2309,4365.0,0.0,0.0,0.0,2,4101.0,4358.0,1,4365.0,0.0,0.0,0.0,0.0,0.0,2
2023-05-11 10:34:32,wr2309,wr2309,4365.0,0.0,0.0,0.0,1,4095.0,4358.0,1,4365.0,0.0,0.0,0.0,0.0,0.0,2
2023-05-11 10:34:32,wr2309,wr2309,4365.0,0.0,0.0,0.0,1,4097.0,4358.0,1,4365.0,0.0,0.0,0.0,0.0,0.0,2
2023-05-11 10:34:34,wr2309,wr2309,4365.0,0.0,0.0,0.0,1,4097.0,4356.0,1,4365.0,0.0,0.0,0.0,0.0,0.0,2
2023-05-11 10:34:34,wr2309,wr2309,4365.0,0.0,0.0,0.0,1,4097.0,4354.0,1,4365.0,0.0,0.0,0.0,0.0,0.0,2
2023-05-11 10:34:38,wr2309,wr2309,4365.0,0.0,0.0,0.0,1,4097.0,4344.0,1,4365.0,0.0,0.0,0.0,0.0,0.0,2
2023-05-11 10:34:39,wr2309,wr2309,4365.0,0.0,0.0,0.0,1,4097.0,4342.0,1,4365.0,0.0,0.0,0.0,0.0,0.0,2
2023-05-11 10:34:42,wr2309,wr2309,4365.0,0.0,0.0,0.0,1,4097.0,4341.0,2,4365.0,0.0,0.0,0.0,0.0,0.0,2
2023-05-11 10:34:42,wr2309,wr2309,4365.0,0.0,0.0,0.0,1,4097.0,4322.0,1,4365.0,0.0,0.0,0.0,0.0,0.0,2
2023-05-11 10:34:43,wr2309,wr2309,4365.0,0.0,0.0,0.0,1,4097.0,4320.0,1,4365.0,0.0,0.0,0.0,0.0,0.0,2
2023-05-11 10:34:46,wr2309,wr2309,4365.0,0.0,0.0,0.0,1,4097.0,4311.0,1,4365.0,0.0,0.0,0.0,0.0,0.0,2
2023-05-11 10:34:46,wr2309,wr2309,4365.0,0.0,0.0,0.0,1,4097.0,4309.0,1,4365.0,0.0,0.0,0.0,0.0,0.0,2
2023-05-11 10:34:49,wr2309,wr2309,4365.0,0.0,0.0,0.0,1,4097.0,4300.0,1,4365.0,0.0,0.0,0.0,0.0,0.0,2
2023-05-11 10:34:50,wr2309,wr2309,4365.0,0.0,0.0,0.0,1,4097.0,4300.0,1,4365.0,0.0,0.0,0.0,0.0,0.0,2
2023-05-11 10:35:21,wr2309,wr2309,4365.0,0.0,0.0,0.0,1,4097.0,4300.0,1,4365.0,0.0,0.0,0.0,0.0,0.0,2
2023-05-11 10:35:24,wr2309,wr2309,4365.0,0.0,0.0,0.0,1,4097.0,4299.0,2,4365.0,0.0,0.0,0.0,0.0,0.0,2
2023-05-11 10:35:49,wr2309,wr2309,4365.0,0.0,0.0,0.0,1,4097.0,4299.0,2,4365.0,0.0,0.0,0.0,0.0,0.0,2
2023-05-11 10:35:49,wr2309,wr2309,4365.0,0.0,0.0,0.0,1,4097.0,4298.0,1,4365.0,0.0,0.0,0.0,0.0,0.0,2
2023-05-11 10:36:12,wr2309,wr2309,4365.0,0.0,0.0,0.0,1,4097.0,4298.0,1,4365.0,0.0,0.0,0.0,0.0,0.0,2
2023-05-11 10:36:53,wr2309,wr2309,4365.0,0.0,0.0,0.0,2,4098.0,4298.0,1,4365.0,0.0,0.0,0.0,0.0,0.0,2
2023-05-11 10:36:54,wr2309,wr2309,4365.0,0.0,0.0,0.0,1,4100.0,4298.0,1,4365.0,0.0,0.0,0.0,0.0,0.0,2
2023-05-11 10:37:09,wr2309,wr2309,4365.0,0.0,0.0,0.0,1,4100.0,4298.0,1,4365.0,0.0,0.0,0.0,0.0,0.0,2
2023-05-11 10:37:38,wr2309,wr2309,4365.0,0.0,0.0,0.0,1,4100.0,4297.0,2,4365.0,0.0,0.0,0.0,0.0,0.0,2
2023-05-11 10:37:58,wr2309,wr2309,4365.0,0.0,0.0,0.0,1,4100.0,4296.0,1,4365.0,0.0,0.0,0.0,0.0,0.0,2
2023-05-11 10:38:08,wr2309,wr2309,4365.0,0.0,0.0,0.0,1,4100.0,4296.0,1,4365.0,0.0,0.0,0.0,0.0,0.0,2
2023-05-11 10:38:21,wr2309,wr2309,4365.0,0.0,0.0,0.0,2,4101.0,4296.0,1,4365.0,0.0,0.0,0.0,0.0,0.0,2
2023-05-11 10:38:22,wr2309,wr2309,4365.0,0.0,0.0,0.0,2,4101.0,4296.0,1,4365.0,0.0,0.0,0.0,0.0,0.0,2
2023-05-11 10:38:42,wr2309,wr2309,4365.0,0.0,0.0,0.0,1,4095.0,4296.0,1,4365.0,0.0,0.0,0.0,0.0,0.0,2
2023-05-11 10:38:42,wr2309,wr2309,4365.0,0.0,0.0,0.0,1,4098.0,4296.0,1,4365.0,0.0,0.0,0.0,0.0,0.0,2
2023-05-11 10:39:05,wr2309,wr2309,4365.0,0.0,0.0,0.0,2,4099.0,4296.0,1,4365.0,0.0,0.0,0.0,0.0,0.0,2
2023-05-11 10:39:05,wr2309,wr2309,4365.0,0.0,0.0,0.0,2,4099.0,4296.0,1,4365.0,0.0,0.0,0.0,0.0,0.0,2
2023-05-11 10:40:17,wr2309,wr2309,4365.0,0.0,0.0,0.0,1,4095.0,4296.0,1,4365.0,0.0,0.0,0.0,0.0,0.0,2
2023-05-11 10:40:17,wr2309,wr2309,4365.0,0.0,0.0,0.0,1,4098.0,4296.0,1,4365.0,0.0,0.0,0.0,0.0,0.0,2
2023-05-11 10:40:31,wr2309,wr2309,4365.0,0.0,0.0,0.0,1,4098.0,4295.0,2,4365.0,0.0,0.0,0.0,0.0,0.0,2
2023-05-11 10:41:11,wr2309,wr2309,4365.0,0.0,0.0,0.0,1,4098.0,4294.0,1,4365.0,0.0,0.0,0.0,0.0,0.0,2
2023-05-11 10:41:48,wr2309,wr2309,4365.0,0.0,0.0,0.0,1,4098.0,4294.0,1,4365.0,0.0,0.0,0.0,0.0,0.0,2
2023-05-11 10:41:58,wr2309,wr2309,4365.0,0.0,0.0,0.0,1,4098.0,4293.0,2,4365.0,0.0,0.0,0.0,0.0,0.0,2
2023-05-11 10:42:53,wr2309,wr2309,4365.0,0.0,0.0,0.0,1,4098.0,4292.0,1,4365.0,0.0,0.0,0.0,0.0,0.0,2
2023-05-11 10:43:32,wr2309,wr2309,4365.0,0.0,0.0,0.0,1,4098.0,4292.0,1,4365.0,0.0,0.0,0.0,0.0,0.0,2
2023-05-11 10:44:08,wr2309,wr2309,4365.0,0.0,0.0,0.0,1,4098.0,4291.0,2,4365.0,0.0,0.0,0.0,0.0,0.0,2
2023-05-11 10:44:28,wr2309,wr2309,4365.0,0.0,0.0,0.0,1,4098.0,4291.0,2,4365.0,0.0,0.0,0.0,0.0,0.0,2
2023-05-11 10:44:28,wr2309,wr2309,4365.0,0.0,0.0,0.0,1,4098.0,4290.0,1,4365.0,0.0,0.0,0.0,0.0,0.0,2
2023-05-11 10:45:07,wr2309,wr2309,4365.0,0.0,0.0,0.0,1,4098.0,4290.0,1,4365.0,0.0,0.0,0.0,0.0,0.0,2
2023-05-11 10:45:33,wr2309,wr2309,4365.0,0.0,0.0,0.0,2,4099.0,4290.0,1,4365.0,0.0,0.0,0.0,0.0,0.0,2
2023-05-11 10:45:33,wr2309,wr2309,4365.0,0.0,0.0,0.0,2,4099.0,4290.0,1,4365.0,0.0,0.0,0.0,0.0,0.0,2
2023-05-11 10:47:15,wr2309,wr2309,4365.0,0.0,0.0,0.0,1,4095.0,4290.0,1,4365.0,0.0,0.0,0.0,0.0,0.0,2
2023-05-11 10:47:16,wr2309,wr2309,4365.0,0.0,0.0,0.0,1,4098.0,4290.0,1,4365.0,0.0,0.0,0.0,0.0,0.0,2
2023-05-11 10:47:44,wr2309,wr2309,4365.0,0.0,0.0,0.0,2,4099.0,4290.0,1,4365.0,0.0,0.0,0.0,0.0,0.0,2
2023-05-11 10:47:45,wr2309,wr2309,4365.0,0.0,0.0,0.0,2,4099.0,4290.0,1,4365.0,0.0,0.0,0.0,0.0,0.0,2
2023-05-11 10:50:05,wr2309,wr2309,4365.0,0.0,0.0,0.0,1,4095.0,4290.0,1,4365.0,0.0,0.0,0.0,0.0,0.0,2
2023-05-11 10:50:05,wr2309,wr2309,4365.0,0.0,0.0,0.0,1,4098.0,4290.0,1,4365.0,0.0,0.0,0.0,0.0,0.0,2
2023-05-11 10:50:40,wr2309,wr2309,4365.0,0.0,0.0,0.0,1,4098.0,4289.0,2,4365.0,0.0,0.0,0.0,0.0,0.0,2
2023-05-11 10:52:29,wr2309,wr2309,4365.0,0.0,0.0,0.0,1,4098.0,4290.0,1,4365.0,0.0,0.0,0.0,0.0,0.0,2
2023-05-11 10:52:48,wr2309,wr2309,4365.0,0.0,0.0,0.0,2,4099.0,4290.0,1,4365.0,0.0,0.0,0.0,0.0,0.0,2
2023-05-11 10:52:48,wr2309,wr2309,4365.0,0.0,0.0,0.0,2,4099.0,4290.0,1,4365.0,0.0,0.0,0.0,0.0,0.0,2
2023-05-11 10:53:05,wr2309,wr2309,4365.0,0.0,0.0,0.0,1,4095.0,4290.0,1,4365.0,0.0,0.0,0.0,0.0,0.0,2
2023-05-11 10:53:06,wr2309,wr2309,4365.0,0.0,0.0,0.0,1,4098.0,4290.0,1,4365.0,0.0,0.0,0.0,0.0,0.0,2
2023-05-11 10:53:32,wr2309,wr2309,4365.0,0.0,0.0,0.0,1,4098.0,4289.0,2,4365.0,0.0,0.0,0.0,0.0,0.0,2
2023-05-11 10:53:40,wr2309,wr2309,4365.0,0.0,0.0,0.0,1,4098.0,4290.0,1,4365.0,0.0,0.0,0.0,0.0,0.0,2
2023-05-11 10:54:17,wr2309,wr2309,4365.0,0.0,0.0,0.0,1,4098.0,4289.0,2,4365.0,0.0,0.0,0.0,0.0,0.0,2
2023-05-11 10:54:19,wr2309,wr2309,4365.0,0.0,0.0,0.0,1,4098.0,4290.0,1,4365.0,0.0,0.0,0.0,0.0,0.0,2
2023-05-11 10:54:42,wr2309,wr2309,4365.0,0.0,0.0,0.0,1,4095.0,4290.0,1,4365.0,0.0,0.0,0.0,0.0,0.0,2
2023-05-11 10:55:02,wr2309,wr2309,4365.0,0.0,0.0,0.0,2,4096.0,4290.0,1,4365.0,0.0,0.0,0.0,0.0,0.0,2
2023-05-11 10:55:06,wr2309,wr2309,4365.0,0.0,0.0,0.0,1,4095.0,4290.0,1,4365.0,0.0,0.0,0.0,0.0,0.0,2
2023-05-11 10:55:45,wr2309,wr2309,4365.0,0.0,0.0,0.0,2,4096.0,4290.0,1,4365.0,0.0,0.0,0.0,0.0,0.0,2
2023-05-11 11:00:45,wr2309,wr2309,4365.0,0.0,0.0,0.0,1,4095.0,4290.0,1,4365.0,0.0,0.0,0.0,0.0,0.0,2
2023-05-11 11:01:26,wr2309,wr2309,4365.0,0.0,0.0,0.0,2,4096.0,4290.0,1,4365.0,0.0,0.0,0.0,0.0,0.0,2
2023-05-11 11:01:32,wr2309,wr2309,4365.0,0.0,0.0,0.0,2,4096.0,4298.0,1,4365.0,0.0,0.0,0.0,0.0,0.0,2
2023-05-11 11:02:13,wr2309,wr2309,4365.0,0.0,0.0,0.0,1,4098.0,4298.0,1,4365.0,0.0,0.0,0.0,0.0,0.0,2
2023-05-11 11:02:51,wr2309,wr2309,4365.0,0.0,0.0,0.0,1,4098.0,4298.0,1,4365.0,0.0,0.0,0.0,0.0,0.0,2
2023-05-11 11:03:31,wr2309,wr2309,4365.0,0.0,0.0,0.0,2,4099.0,4298.0,1,4365.0,0.0,0.0,0.0,0.0,0.0,2
2023-05-11 11:04:30,wr2309,wr2309,4365.0,0.0,0.0,0.0,2,4099.0,4302.0,1,4365.0,0.0,0.0,0.0,0.0,0.0,2
2023-05-11 11:04:31,wr2309,wr2309,4365.0,0.0,0.0,0.0,2,4099.0,4300.0,1,4365.0,0.0,0.0,0.0,0.0,0.0,2
2023-05-11 11:07:56,wr2309,wr2309,4365.0,0.0,0.0,0.0,1,4100.0,4300.0,1,4365.0,0.0,0.0,0.0,0.0,0.0,2
2023-05-11 11:08:31,wr2309,wr2309,4365.0,0.0,0.0,0.0,1,4100.0,4300.0,1,4365.0,0.0,0.0,0.0,0.0,0.0,2
2023-05-11 11:09:06,wr2309,wr2309,4365.0,0.0,0.0,0.0,2,4101.0,4300.0,1,4365.0,0.0,0.0,0.0,0.0,0.0,2
2023-05-11 11:09:38,wr2309,wr2309,4365.0,0.0,0.0,0.0,2,4101.0,4300.0,1,4365.0,0.0,0.0,0.0,0.0,0.0,2
2023-05-11 11:09:39,wr2309,wr2309,4365.0,0.0,0.0,0.0,1,4102.0,4300.0,1,4365.0,0.0,0.0,0.0,0.0,0.0,2
2023-05-11 11:10:17,wr2309,wr2309,4365.0,0.0,0.0,0.0,1,4102.0,4300.0,1,4365.0,0.0,0.0,0.0,0.0,0.0,2
2023-05-11 11:10:30,wr2309,wr2309,4365.0,0.0,0.0,0.0,2,4103.0,4300.0,1,4365.0,0.0,0.0,0.0,0.0,0.0,2
2023-05-11 11:10:47,wr2309,wr2309,4365.0,0.0,0.0,0.0,1,4105.0,4300.0,1,4365.0,0.0,0.0,0.0,0.0,0.0,2
2023-05-11 11:11:25,wr2309,wr2309,4365.0,0.0,0.0,0.0,1,4105.0,4300.0,1,4365.0,0.0,0.0,0.0,0.0,0.0,2
2023-05-11 11:11:56,wr2309,wr2309,4365.0,0.0,0.0,0.0,2,4106.0,4300.0,1,4365.0,0.0,0.0,0.0,0.0,0.0,2
2023-05-11 11:13:54,wr2309,wr2309,4365.0,0.0,0.0,0.0,2,4106.0,4300.0,1,4365.0,0.0,0.0,0.0,0.0,0.0,2
2023-05-11 11:13:54,wr2309,wr2309,4365.0,0.0,0.0,0.0,1,4108.0,4300.0,1,4365.0,0.0,0.0,0.0,0.0,0.0,2
2023-05-11 11:14:33,wr2309,wr2309,4365.0,0.0,0.0,0.0,1,4108.0,4300.0,1,4365.0,0.0,0.0,0.0,0.0,0.0,2
2023-05-11 11:14:45,wr2309,wr2309,4365.0,0.0,0.0,0.0,2,4109.0,4300.0,1,4365.0,0.0,0.0,0.0,0.0,0.0,2
2023-05-11 11:16:39,wr2309,wr2309,4365.0,0.0,0.0,0.0,1,4110.0,4300.0,1,4365.0,0.0,0.0,0.0,0.0,0.0,2
2023-05-11 11:17:16,wr2309,wr2309,4365.0,0.0,0.0,0.0,1,4110.0,4300.0,1,4365.0,0.0,0.0,0.0,0.0,0.0,2
2023-05-11 11:17:34,wr2309,wr2309,4365.0,0.0,0.0,0.0,2,4111.0,4300.0,1,4365.0,0.0,0.0,0.0,0.0,0.0,2
2023-05-11 11:18:02,wr2309,wr2309,4365.0,0.0,0.0,0.0,1,4112.0,4300.0,1,4365.0,0.0,0.0,0.0,0.0,0.0,2
2023-05-11 11:18:39,wr2309,wr2309,4365.0,0.0,0.0,0.0,1,4112.0,4300.0,1,4365.0,0.0,0.0,0.0,0.0,0.0,2
2023-05-11 11:18:59,wr2309,wr2309,4365.0,0.0,0.0,0.0,2,4113.0,4300.0,1,4365.0,0.0,0.0,0.0,0.0,0.0,2
2023-05-11 11:19:34,wr2309,wr2309,4365.0,0.0,0.0,0.0,1,4114.0,4300.0,1,4365.0,0.0,0.0,0.0,0.0,0.0,2
2023-05-11 11:20:11,wr2309,wr2309,4365.0,0.0,0.0,0.0,1,4114.0,4300.0,1,4365.0,0.0,0.0,0.0,0.0,0.0,2
2023-05-11 11:20:26,wr2309,wr2309,4365.0,0.0,0.0,0.0,2,4115.0,4300.0,1,4365.0,0.0,0.0,0.0,0.0,0.0,2
2023-05-11 11:20:34,wr2309,wr2309,4365.0,0.0,0.0,0.0,1,4116.0,4300.0,1,4365.0,0.0,0.0,0.0,0.0,0.0,2
2023-05-11 11:21:12,wr2309,wr2309,4365.0,0.0,0.0,0.0,1,4116.0,4300.0,1,4365.0,0.0,0.0,0.0,0.0,0.0,2
2023-05-11 11:21:51,wr2309,wr2309,4365.0,0.0,0.0,0.0,2,4117.0,4300.0,1,4365.0,0.0,0.0,0.0,0.0,0.0,2
2023-05-11 11:22:41,wr2309,wr2309,4365.0,0.0,0.0,0.0,1,4119.0,4300.0,1,4365.0,0.0,0.0,0.0,0.0,0.0,2
2023-05-11 11:22:59,wr2309,wr2309,4365.0,0.0,0.0,0.0,1,4119.0,4300.0,1,4365.0,0.0,0.0,0.0,0.0,0.0,2
2023-05-11 11:23:17,wr2309,wr2309,4365.0,0.0,0.0,0.0,2,4120.0,4300.0,1,4365.0,0.0,0.0,0.0,0.0,0.0,2
2023-05-11 11:23:31,wr2309,wr2309,4365.0,0.0,0.0,0.0,1,4121.0,4300.0,1,4365.0,0.0,0.0,0.0,0.0,0.0,2
2023-05-11 11:24:09,wr2309,wr2309,4365.0,0.0,0.0,0.0,1,4121.0,4300.0,1,4365.0,0.0,0.0,0.0,0.0,0.0,2
2023-05-11 11:24:46,wr2309,wr2309,4365.0,0.0,0.0,0.0,2,4122.0,4300.0,1,4365.0,0.0,0.0,0.0,0.0,0.0,2
2023-05-11 11:25:52,wr2309,wr2309,4365.0,0.0,0.0,0.0,2,4122.0,4300.0,1,4365.0,0.0,0.0,0.0,0.0,0.0,2
2023-05-11 11:25:53,wr2309,wr2309,4365.0,0.0,0.0,0.0,1,4123.0,4300.0,1,4365.0,0.0,0.0,0.0,0.0,0.0,2
2023-05-11 11:26:30,wr2309,wr2309,4365.0,0.0,0.0,0.0,1,4123.0,4300.0,1,4365.0,0.0,0.0,0.0,0.0,0.0,2
2023-05-11 11:26:53,wr2309,wr2309,4365.0,0.0,0.0,0.0,2,4124.0,4300.0,1,4365.0,0.0,0.0,0.0,0.0,0.0,2
2023-05-11 11:27:07,wr2309,wr2309,4365.0,0.0,0.0,0.0,1,4126.0,4300.0,1,4365.0,0.0,0.0,0.0,0.0,0.0,2
2023-05-11 11:27:30,wr2309,wr2309,4365.0,0.0,0.0,0.0,1,4126.0,4300.0,1,4365.0,0.0,0.0,0.0,0.0,0.0,2
2023-05-11 11:27:37,wr2309,wr2309,4365.0,0.0,0.0,0.0,1,4126.0,4299.0,2,4365.0,0.0,0.0,0.0,0.0,0.0,2
2023-05-11 11:27:37,wr2309,wr2309,4365.0,0.0,0.0,0.0,1,4126.0,4299.0,2,4365.0,0.0,0.0,0.0,0.0,0.0,2
2023-05-11 11:29:19,wr2309,wr2309,4365.0,0.0,0.0,0.0,1,4126.0,4299.0,2,4365.0,0.0,0.0,0.0,0.0,0.0,2
2023-05-11 11:29:19,wr2309,wr2309,4365.0,0.0,0.0,0.0,1,4126.0,4299.0,2,4365.0,0.0,0.0,0.0,0.0,0.0,2
2023-05-11 11:29:47,wr2309,wr2309,4365.0,0.0,0.0,0.0,1,4126.0,4302.0,1,4365.0,0.0,0.0,0.0,0.0,0.0,2
2023-05-11 11:29:48,wr2309,wr2309,4365.0,0.0,0.0,0.0,1,4126.0,4300.0,1,4365.0,0.0,0.0,0.0,0.0,0.0,2
2023-05-11 13:30:16,wr2309,wr2309,4365.0,0.0,0.0,0.0,1,4126.0,4300.0,1,4365.0,0.0,0.0,0.0,0.0,0.0,2
2023-05-11 13:30:18,wr2309,wr2309,4365.0,0.0,0.0,0.0,2,4127.0,4300.0,1,4365.0,0.0,0.0,0.0,0.0,0.0,2
2023-05-11 13:30:30,wr2309,wr2309,4365.0,0.0,0.0,0.0,1,4126.0,4300.0,1,4365.0,0.0,0.0,0.0,0.0,0.0,2
2023-05-11 13:30:31,wr2309,wr2309,4365.0,0.0,0.0,0.0,1,4126.0,4300.0,1,4365.0,0.0,0.0,0.0,0.0,0.0,2
2023-05-11 13:31:04,wr2309,wr2309,4365.0,0.0,0.0,0.0,1,4126.0,4299.0,2,4365.0,0.0,0.0,0.0,0.0,0.0,2
2023-05-11 13:31:04,wr2309,wr2309,4365.0,0.0,0.0,0.0,1,4126.0,4299.0,2,4365.0,0.0,0.0,0.0,0.0,0.0,2
2023-05-11 13:31:24,wr2309,wr2309,4365.0,0.0,0.0,0.0,1,4126.0,4302.0,1,4365.0,0.0,0.0,0.0,0.0,0.0,2
2023-05-11 13:31:24,wr2309,wr2309,4365.0,0.0,0.0,0.0,1,4126.0,4300.0,1,4365.0,0.0,0.0,0.0,0.0,0.0,2
2023-05-11 13:31:48,wr2309,wr2309,4365.0,0.0,0.0,0.0,2,4127.0,4300.0,1,4365.0,0.0,0.0,0.0,0.0,0.0,2
2023-05-11 13:32:06,wr2309,wr2309,4365.0,0.0,0.0,0.0,1,4126.0,4300.0,1,4365.0,0.0,0.0,0.0,0.0,0.0,2
2023-05-11 13:32:31,wr2309,wr2309,4365.0,0.0,0.0,0.0,1,4126.0,4299.0,2,4365.0,0.0,0.0,0.0,0.0,0.0,2
2023-05-11 13:32:31,wr2309,wr2309,4365.0,0.0,0.0,0.0,1,4126.0,4299.0,2,4365.0,0.0,0.0,0.0,0.0,0.0,2
2023-05-11 13:36:00,wr2309,wr2309,4365.0,0.0,0.0,0.0,1,4106.0,4299.0,2,4365.0,0.0,0.0,0.0,0.0,0.0,2
2023-05-11 13:36:11,wr2309,wr2309,4365.0,0.0,0.0,0.0,1,4106.0,4299.0,2,4365.0,0.0,0.0,0.0,0.0,0.0,2
2023-05-11 13:36:11,wr2309,wr2309,4365.0,0.0,0.0,0.0,1,4106.0,4298.0,1,4365.0,0.0,0.0,0.0,0.0,0.0,2
2023-05-11 13:36:44,wr2309,wr2309,4365.0,0.0,0.0,0.0,1,4106.0,4298.0,1,4365.0,0.0,0.0,0.0,0.0,0.0,2
2023-05-11 13:37:25,wr2309,wr2309,4365.0,0.0,0.0,0.0,2,4107.0,4298.0,1,4365.0,0.0,0.0,0.0,0.0,0.0,2
2023-05-11 13:38:34,wr2309,wr2309,4365.0,0.0,0.0,0.0,1,4109.0,4298.0,1,4365.0,0.0,0.0,0.0,0.0,0.0,2
2023-05-11 13:39:11,wr2309,wr2309,4365.0,0.0,0.0,0.0,1,4109.0,4298.0,1,4365.0,0.0,0.0,0.0,0.0,0.0,2
2023-05-11 13:39:35,wr2309,wr2309,4365.0,0.0,0.0,0.0,2,4110.0,4298.0,1,4365.0,0.0,0.0,0.0,0.0,0.0,2
2023-05-11 13:39:55,wr2309,wr2309,4365.0,0.0,0.0,0.0,1,4111.0,4298.0,1,4365.0,0.0,0.0,0.0,0.0,0.0,2
2023-05-11 13:40:33,wr2309,wr2309,4365.0,0.0,0.0,0.0,1,4111.0,4298.0,1,4365.0,0.0,0.0,0.0,0.0,0.0,2
2023-05-11 13:41:00,wr2309,wr2309,4365.0,0.0,0.0,0.0,2,4112.0,4298.0,1,4365.0,0.0,0.0,0.0,0.0,0.0,2
2023-05-11 13:41:19,wr2309,wr2309,4365.0,0.0,0.0,0.0,1,4113.0,4298.0,1,4365.0,0.0,0.0,0.0,0.0,0.0,2
2023-05-11 13:41:57,wr2309,wr2309,4365.0,0.0,0.0,0.0,1,4113.0,4298.0,1,4365.0,0.0,0.0,0.0,0.0,0.0,2
2023-05-11 13:42:23,wr2309,wr2309,4365.0,0.0,0.0,0.0,2,4114.0,4298.0,1,4365.0,0.0,0.0,0.0,0.0,0.0,2
2023-05-11 13:42:31,wr2309,wr2309,4365.0,0.0,0.0,0.0,1,4115.0,4298.0,1,4365.0,0.0,0.0,0.0,0.0,0.0,2
2023-05-11 13:43:10,wr2309,wr2309,4365.0,0.0,0.0,0.0,1,4115.0,4298.0,1,4365.0,0.0,0.0,0.0,0.0,0.0,2
2023-05-11 13:43:48,wr2309,wr2309,4365.0,0.0,0.0,0.0,2,4116.0,4298.0,1,4365.0,0.0,0.0,0.0,0.0,0.0,2
2023-05-11 13:46:43,wr2309,wr2309,4365.0,0.0,0.0,0.0,2,4116.0,4304.0,1,4365.0,0.0,0.0,0.0,0.0,0.0,2
2023-05-11 13:46:43,wr2309,wr2309,4365.0,0.0,0.0,0.0,2,4116.0,4301.0,1,4365.0,0.0,0.0,0.0,0.0,0.0,2
2023-05-11 13:47:41,wr2309,wr2309,4365.0,0.0,0.0,0.0,1,4118.0,4301.0,1,4365.0,0.0,0.0,0.0,0.0,0.0,2
2023-05-11 13:48:19,wr2309,wr2309,4365.0,0.0,0.0,0.0,1,4118.0,4301.0,1,4365.0,0.0,0.0,0.0,0.0,0.0,2
2023-05-11 13:48:41,wr2309,wr2309,4365.0,0.0,0.0,0.0,2,4119.0,4301.0,1,4365.0,0.0,0.0,0.0,0.0,0.0,2
2023-05-11 13:48:48,wr2309,wr2309,4365.0,0.0,0.0,0.0,2,4119.0,4301.0,1,4365.0,0.0,0.0,0.0,0.0,0.0,2
2023-05-11 13:48:48,wr2309,wr2309,4365.0,0.0,0.0,0.0,1,4120.0,4301.0,1,4365.0,0.0,0.0,0.0,0.0,0.0,2
2023-05-11 13:49:26,wr2309,wr2309,4365.0,0.0,0.0,0.0,1,4120.0,4301.0,1,4365.0,0.0,0.0,0.0,0.0,0.0,2
2023-05-11 13:50:08,wr2309,wr2309,4365.0,0.0,0.0,0.0,2,4121.0,4301.0,1,4365.0,0.0,0.0,0.0,0.0,0.0,2
2023-05-11 13:52:15,wr2309,wr2309,4365.0,0.0,0.0,0.0,1,4123.0,4301.0,1,4365.0,0.0,0.0,0.0,0.0,0.0,2
2023-05-11 13:52:53,wr2309,wr2309,4365.0,0.0,0.0,0.0,1,4123.0,4301.0,1,4365.0,0.0,0.0,0.0,0.0,0.0,2
2023-05-11 13:53:01,wr2309,wr2309,4365.0,0.0,0.0,0.0,2,4124.0,4301.0,1,4365.0,0.0,0.0,0.0,0.0,0.0,2
2023-05-11 13:53:56,wr2309,wr2309,4365.0,0.0,0.0,0.0,2,4124.0,4301.0,1,4365.0,0.0,0.0,0.0,0.0,0.0,2
2023-05-11 13:53:57,wr2309,wr2309,4365.0,0.0,0.0,0.0,1,4125.0,4301.0,1,4365.0,0.0,0.0,0.0,0.0,0.0,2
2023-05-11 13:54:34,wr2309,wr2309,4365.0,0.0,0.0,0.0,1,4125.0,4301.0,1,4365.0,0.0,0.0,0.0,0.0,0.0,2
2023-05-11 13:55:09,wr2309,wr2309,4365.0,0.0,0.0,0.0,2,4126.0,4301.0,1,4365.0,0.0,0.0,0.0,0.0,0.0,2
2023-05-11 13:56:42,wr2309,wr2309,4365.0,0.0,0.0,0.0,2,4126.0,4150.0,1,4365.0,0.0,0.0,0.0,0.0,0.0,2
2023-05-11 13:56:43,wr2309,wr2309,4365.0,0.0,0.0,0.0,2,4126.0,4150.0,1,4365.0,0.0,0.0,0.0,0.0,0.0,2
2023-05-11 13:56:43,wr2309,wr2309,4365.0,0.0,0.0,0.0,1,4125.0,4150.0,1,4365.0,0.0,0.0,0.0,0.0,0.0,2
2023-05-11 13:57:20,wr2309,wr2309,4365.0,0.0,0.0,0.0,2,4126.0,4150.0,1,4365.0,0.0,0.0,0.0,0.0,0.0,2
2023-05-11 13:57:22,wr2309,wr2309,4365.0,0.0,0.0,0.0,1,4125.0,4150.0,1,4365.0,0.0,0.0,0.0,0.0,0.0,2
2023-05-11 13:57:58,wr2309,wr2309,4365.0,0.0,0.0,0.0,1,4100.0,4150.0,1,4365.0,0.0,0.0,0.0,0.0,0.0,2
2023-05-11 13:58:05,wr2309,wr2309,4365.0,0.0,0.0,0.0,2,4101.0,4150.0,1,4365.0,0.0,0.0,0.0,0.0,0.0,2
2023-05-11 13:58:07,wr2309,wr2309,4365.0,0.0,0.0,0.0,1,4080.0,4150.0,1,4365.0,0.0,0.0,0.0,0.0,0.0,2
2023-05-11 13:58:08,wr2309,wr2309,4365.0,0.0,0.0,0.0,1,4083.0,4150.0,1,4365.0,0.0,0.0,0.0,0.0,0.0,2
2023-05-11 13:58:14,wr2309,wr2309,4365.0,0.0,0.0,0.0,1,4088.0,4150.0,1,4365.0,0.0,0.0,0.0,0.0,0.0,2
2023-05-11 13:58:15,wr2309,wr2309,4365.0,0.0,0.0,0.0,1,4090.0,4150.0,1,4365.0,0.0,0.0,0.0,0.0,0.0,2
2023-05-11 13:58:15,wr2309,wr2309,4365.0,0.0,0.0,0.0,1,4088.0,4150.0,1,4365.0,0.0,0.0,0.0,0.0,0.0,2
2023-05-11 13:58:16,wr2309,wr2309,4365.0,0.0,0.0,0.0,1,4090.0,4150.0,1,4365.0,0.0,0.0,0.0,0.0,0.0,2
2023-05-11 13:58:16,wr2309,wr2309,4365.0,0.0,0.0,0.0,1,4088.0,4150.0,1,4365.0,0.0,0.0,0.0,0.0,0.0,2
2023-05-11 13:58:17,wr2309,wr2309,4365.0,0.0,0.0,0.0,1,4090.0,4150.0,1,4365.0,0.0,0.0,0.0,0.0,0.0,2
2023-05-11 13:58:17,wr2309,wr2309,4365.0,0.0,0.0,0.0,1,4088.0,4150.0,1,4365.0,0.0,0.0,0.0,0.0,0.0,2
2023-05-11 13:58:18,wr2309,wr2309,4365.0,0.0,0.0,0.0,1,4090.0,4150.0,1,4365.0,0.0,0.0,0.0,0.0,0.0,2
2023-05-11 13:58:18,wr2309,wr2309,4365.0,0.0,0.0,0.0,1,4088.0,4150.0,1,4365.0,0.0,0.0,0.0,0.0,0.0,2
2023-05-11 13:58:19,wr2309,wr2309,4365.0,0.0,0.0,0.0,1,4090.0,4150.0,1,4365.0,0.0,0.0,0.0,0.0,0.0,2
2023-05-11 13:58:19,wr2309,wr2309,4365.0,0.0,0.0,0.0,1,4088.0,4150.0,1,4365.0,0.0,0.0,0.0,0.0,0.0,2
2023-05-11 13:58:20,wr2309,wr2309,4365.0,0.0,0.0,0.0,1,4090.0,4150.0,1,4365.0,0.0,0.0,0.0,0.0,0.0,2
2023-05-11 13:58:20,wr2309,wr2309,4365.0,0.0,0.0,0.0,1,4088.0,4150.0,1,4365.0,0.0,0.0,0.0,0.0,0.0,2
2023-05-11 13:58:21,wr2309,wr2309,4365.0,0.0,0.0,0.0,1,4090.0,4150.0,1,4365.0,0.0,0.0,0.0,0.0,0.0,2
2023-05-11 13:58:21,wr2309,wr2309,4365.0,0.0,0.0,0.0,1,4088.0,4150.0,1,4365.0,0.0,0.0,0.0,0.0,0.0,2
2023-05-11 13:58:22,wr2309,wr2309,4365.0,0.0,0.0,0.0,1,4090.0,4150.0,1,4365.0,0.0,0.0,0.0,0.0,0.0,2
2023-05-11 13:58:22,wr2309,wr2309,4365.0,0.0,0.0,0.0,1,4088.0,4150.0,1,4365.0,0.0,0.0,0.0,0.0,0.0,2
2023-05-11 13:58:23,wr2309,wr2309,4365.0,0.0,0.0,0.0,1,4090.0,4150.0,1,4365.0,0.0,0.0,0.0,0.0,0.0,2
2023-05-11 13:58:23,wr2309,wr2309,4365.0,0.0,0.0,0.0,1,4088.0,4150.0,1,4365.0,0.0,0.0,0.0,0.0,0.0,2
2023-05-11 13:58:24,wr2309,wr2309,4365.0,0.0,0.0,0.0,1,4090.0,4150.0,1,4365.0,0.0,0.0,0.0,0.0,0.0,2
2023-05-11 13:58:24,wr2309,wr2309,4365.0,0.0,0.0,0.0,1,4088.0,4150.0,1,4365.0,0.0,0.0,0.0,0.0,0.0,2
2023-05-11 13:58:25,wr2309,wr2309,4365.0,0.0,0.0,0.0,1,4090.0,4150.0,1,4365.0,0.0,0.0,0.0,0.0,0.0,2
2023-05-11 13:58:25,wr2309,wr2309,4365.0,0.0,0.0,0.0,1,4088.0,4150.0,1,4365.0,0.0,0.0,0.0,0.0,0.0,2
2023-05-11 13:58:26,wr2309,wr2309,4365.0,0.0,0.0,0.0,1,4090.0,4150.0,1,4365.0,0.0,0.0,0.0,0.0,0.0,2
2023-05-11 13:58:26,wr2309,wr2309,4365.0,0.0,0.0,0.0,1,4088.0,4150.0,1,4365.0,0.0,0.0,0.0,0.0,0.0,2
2023-05-11 13:58:27,wr2309,wr2309,4365.0,0.0,0.0,0.0,1,4090.0,4150.0,1,4365.0,0.0,0.0,0.0,0.0,0.0,2
2023-05-11 13:58:27,wr2309,wr2309,4365.0,0.0,0.0,0.0,1,4095.0,4150.0,1,4365.0,0.0,0.0,0.0,0.0,0.0,2
2023-05-11 13:58:36,wr2309,wr2309,4365.0,0.0,0.0,0.0,0,0.0,4150.0,1,4365.0,0.0,0.0,0.0,0.0,0.0,2
2023-05-11 13:58:37,wr2309,wr2309,4365.0,0.0,0.0,0.0,1,4085.0,4150.0,1,4365.0,0.0,0.0,0.0,0.0,0.0,2
2023-05-11 13:58:37,wr2309,wr2309,4365.0,0.0,0.0,0.0,1,4088.0,4150.0,1,4365.0,0.0,0.0,0.0,0.0,0.0,2
2023-05-11 13:58:42,wr2309,wr2309,4365.0,0.0,0.0,0.0,1,4088.0,4150.0,1,4365.0,0.0,0.0,0.0,0.0,0.0,2
2023-05-11 13:58:42,wr2309,wr2309,4365.0,0.0,0.0,0.0,1,4090.0,4150.0,1,4365.0,0.0,0.0,0.0,0.0,0.0,2
2023-05-11 13:58:43,wr2309,wr2309,4365.0,0.0,0.0,0.0,1,4090.0,4150.0,1,4365.0,0.0,0.0,0.0,0.0,0.0,2
2023-05-11 13:58:47,wr2309,wr2309,4365.0,0.0,0.0,0.0,2,4091.0,4150.0,1,4365.0,0.0,0.0,0.0,0.0,0.0,2
2023-05-11 13:58:48,wr2309,wr2309,4365.0,0.0,0.0,0.0,1,4090.0,4150.0,1,4365.0,0.0,0.0,0.0,0.0,0.0,2
2023-05-11 13:58:52,wr2309,wr2309,4365.0,0.0,0.0,0.0,1,4092.0,4150.0,1,4365.0,0.0,0.0,0.0,0.0,0.0,2
2023-05-11 13:59:28,wr2309,wr2309,4365.0,0.0,0.0,0.0,2,4093.0,4150.0,1,4365.0,0.0,0.0,0.0,0.0,0.0,2
2023-05-11 13:59:30,wr2309,wr2309,4365.0,0.0,0.0,0.0,1,4092.0,4150.0,1,4365.0,0.0,0.0,0.0,0.0,0.0,2
2023-05-11 13:59:51,wr2309,wr2309,4365.0,0.0,0.0,0.0,1,4088.0,4150.0,1,4365.0,0.0,0.0,0.0,0.0,0.0,2
2023-05-11 13:59:52,wr2309,wr2309,4365.0,0.0,0.0,0.0,1,4090.0,4150.0,1,4365.0,0.0,0.0,0.0,0.0,0.0,2
2023-05-11 13:59:52,wr2309,wr2309,4365.0,0.0,0.0,0.0,1,4088.0,4150.0,1,4365.0,0.0,0.0,0.0,0.0,0.0,2
2023-05-11 13:59:53,wr2309,wr2309,4365.0,0.0,0.0,0.0,1,4090.0,4150.0,1,4365.0,0.0,0.0,0.0,0.0,0.0,2
2023-05-11 13:59:53,wr2309,wr2309,4365.0,0.0,0.0,0.0,1,4088.0,4150.0,1,4365.0,0.0,0.0,0.0,0.0,0.0,2
2023-05-11 13:59:54,wr2309,wr2309,4365.0,0.0,0.0,0.0,1,4090.0,4150.0,1,4365.0,0.0,0.0,0.0,0.0,0.0,2
2023-05-11 13:59:54,wr2309,wr2309,4365.0,0.0,0.0,0.0,1,4088.0,4150.0,1,4365.0,0.0,0.0,0.0,0.0,0.0,2
2023-05-11 13:59:55,wr2309,wr2309,4365.0,0.0,0.0,0.0,1,4090.0,4150.0,1,4365.0,0.0,0.0,0.0,0.0,0.0,2
2023-05-11 13:59:55,wr2309,wr2309,4365.0,0.0,0.0,0.0,1,4088.0,4150.0,1,4365.0,0.0,0.0,0.0,0.0,0.0,2
2023-05-11 13:59:56,wr2309,wr2309,4365.0,0.0,0.0,0.0,1,4090.0,4150.0,1,4365.0,0.0,0.0,0.0,0.0,0.0,2
2023-05-11 13:59:56,wr2309,wr2309,4365.0,0.0,0.0,0.0,1,4088.0,4150.0,1,4365.0,0.0,0.0,0.0,0.0,0.0,2
2023-05-11 13:59:57,wr2309,wr2309,4365.0,0.0,0.0,0.0,1,4090.0,4150.0,1,4365.0,0.0,0.0,0.0,0.0,0.0,2
2023-05-11 13:59:57,wr2309,wr2309,4365.0,0.0,0.0,0.0,1,4088.0,4150.0,1,4365.0,0.0,0.0,0.0,0.0,0.0,2
2023-05-11 13:59:58,wr2309,wr2309,4365.0,0.0,0.0,0.0,1,4090.0,4150.0,1,4365.0,0.0,0.0,0.0,0.0,0.0,2
2023-05-11 13:59:58,wr2309,wr2309,4365.0,0.0,0.0,0.0,1,4088.0,4150.0,1,4365.0,0.0,0.0,0.0,0.0,0.0,2
2023-05-11 13:59:59,wr2309,wr2309,4365.0,0.0,0.0,0.0,1,4090.0,4150.0,1,4365.0,0.0,0.0,0.0,0.0,0.0,2
2023-05-11 13:59:59,wr2309,wr2309,4365.0,0.0,0.0,0.0,1,4088.0,4150.0,1,4365.0,0.0,0.0,0.0,0.0,0.0,2
2023-05-11 14:00:00,wr2309,wr2309,4365.0,0.0,0.0,0.0,1,4090.0,4150.0,1,4365.0,0.0,0.0,0.0,0.0,0.0,2
2023-05-11 14:00:00,wr2309,wr2309,4365.0,0.0,0.0,0.0,1,4088.0,4150.0,1,4365.0,0.0,0.0,0.0,0.0,0.0,2
2023-05-11 14:00:01,wr2309,wr2309,4365.0,0.0,0.0,0.0,1,4090.0,4150.0,1,4365.0,0.0,0.0,0.0,0.0,0.0,2
2023-05-11 14:00:01,wr2309,wr2309,4365.0,0.0,0.0,0.0,1,4088.0,4150.0,1,4365.0,0.0,0.0,0.0,0.0,0.0,2
2023-05-11 14:00:02,wr2309,wr2309,4365.0,0.0,0.0,0.0,1,4090.0,4150.0,1,4365.0,0.0,0.0,0.0,0.0,0.0,2
2023-05-11 14:00:02,wr2309,wr2309,4365.0,0.0,0.0,0.0,1,4088.0,4150.0,1,4365.0,0.0,0.0,0.0,0.0,0.0,2
2023-05-11 14:00:03,wr2309,wr2309,4365.0,0.0,0.0,0.0,1,4090.0,4150.0,1,4365.0,0.0,0.0,0.0,0.0,0.0,2
2023-05-11 14:00:03,wr2309,wr2309,4365.0,0.0,0.0,0.0,1,4088.0,4150.0,1,4365.0,0.0,0.0,0.0,0.0,0.0,2
2023-05-11 14:00:04,wr2309,wr2309,4365.0,0.0,0.0,0.0,1,4090.0,4150.0,1,4365.0,0.0,0.0,0.0,0.0,0.0,2
2023-05-11 14:00:04,wr2309,wr2309,4365.0,0.0,0.0,0.0,1,4088.0,4150.0,1,4365.0,0.0,0.0,0.0,0.0,0.0,2
2023-05-11 14:00:05,wr2309,wr2309,4365.0,0.0,0.0,0.0,1,4090.0,4150.0,1,4365.0,0.0,0.0,0.0,0.0,0.0,2
2023-05-11 14:00:05,wr2309,wr2309,4365.0,0.0,0.0,0.0,1,4088.0,4150.0,1,4365.0,0.0,0.0,0.0,0.0,0.0,2
2023-05-11 14:00:06,wr2309,wr2309,4365.0,0.0,0.0,0.0,1,4090.0,4150.0,1,4365.0,0.0,0.0,0.0,0.0,0.0,2
2023-05-11 14:00:06,wr2309,wr2309,4365.0,0.0,0.0,0.0,1,4088.0,4150.0,1,4365.0,0.0,0.0,0.0,0.0,0.0,2
2023-05-11 14:00:07,wr2309,wr2309,4365.0,0.0,0.0,0.0,1,4090.0,4150.0,1,4365.0,0.0,0.0,0.0,0.0,0.0,2
2023-05-11 14:00:07,wr2309,wr2309,4365.0,0.0,0.0,0.0,1,4088.0,4150.0,1,4365.0,0.0,0.0,0.0,0.0,0.0,2
2023-05-11 14:00:08,wr2309,wr2309,4365.0,0.0,0.0,0.0,1,4090.0,4150.0,1,4365.0,0.0,0.0,0.0,0.0,0.0,2
2023-05-11 14:00:08,wr2309,wr2309,4365.0,0.0,0.0,0.0,1,4088.0,4150.0,1,4365.0,0.0,0.0,0.0,0.0,0.0,2
2023-05-11 14:00:09,wr2309,wr2309,4365.0,0.0,0.0,0.0,1,4090.0,4150.0,1,4365.0,0.0,0.0,0.0,0.0,0.0,2
2023-05-11 14:00:09,wr2309,wr2309,4365.0,0.0,0.0,0.0,1,4088.0,4150.0,1,4365.0,0.0,0.0,0.0,0.0,0.0,2
2023-05-11 14:00:10,wr2309,wr2309,4365.0,0.0,0.0,0.0,1,4090.0,4150.0,1,4365.0,0.0,0.0,0.0,0.0,0.0,2
2023-05-11 14:00:11,wr2309,wr2309,4365.0,0.0,0.0,0.0,1,4088.0,4150.0,1,4365.0,0.0,0.0,0.0,0.0,0.0,2
2023-05-11 14:00:11,wr2309,wr2309,4365.0,0.0,0.0,0.0,1,4090.0,4150.0,1,4365.0,0.0,0.0,0.0,0.0,0.0,2
2023-05-11 14:00:12,wr2309,wr2309,4365.0,0.0,0.0,0.0,2,4089.0,4150.0,1,4365.0,0.0,0.0,0.0,0.0,0.0,2
2023-05-11 14:00:13,wr2309,wr2309,4365.0,0.0,0.0,0.0,1,4088.0,4150.0,1,4365.0,0.0,0.0,0.0,0.0,0.0,2
2023-05-11 14:00:14,wr2309,wr2309,4365.0,0.0,0.0,0.0,1,4090.0,4150.0,1,4365.0,0.0,0.0,0.0,0.0,0.0,2
2023-05-11 14:00:14,wr2309,wr2309,4365.0,0.0,0.0,0.0,1,4088.0,4150.0,1,4365.0,0.0,0.0,0.0,0.0,0.0,2
2023-05-11 14:00:15,wr2309,wr2309,4365.0,0.0,0.0,0.0,1,4090.0,4150.0,1,4365.0,0.0,0.0,0.0,0.0,0.0,2
2023-05-11 14:00:15,wr2309,wr2309,4365.0,0.0,0.0,0.0,1,4088.0,4150.0,1,4365.0,0.0,0.0,0.0,0.0,0.0,2
2023-05-11 14:00:16,wr2309,wr2309,4365.0,0.0,0.0,0.0,1,4090.0,4150.0,1,4365.0,0.0,0.0,0.0,0.0,0.0,2
2023-05-11 14:00:16,wr2309,wr2309,4365.0,0.0,0.0,0.0,1,4088.0,4150.0,1,4365.0,0.0,0.0,0.0,0.0,0.0,2
2023-05-11 14:00:17,wr2309,wr2309,4365.0,0.0,0.0,0.0,1,4090.0,4150.0,1,4365.0,0.0,0.0,0.0,0.0,0.0,2
2023-05-11 14:00:17,wr2309,wr2309,4365.0,0.0,0.0,0.0,1,4088.0,4150.0,1,4365.0,0.0,0.0,0.0,0.0,0.0,2
2023-05-11 14:00:18,wr2309,wr2309,4365.0,0.0,0.0,0.0,1,4090.0,4150.0,1,4365.0,0.0,0.0,0.0,0.0,0.0,2
2023-05-11 14:00:18,wr2309,wr2309,4365.0,0.0,0.0,0.0,1,4088.0,4150.0,1,4365.0,0.0,0.0,0.0,0.0,0.0,2
2023-05-11 14:00:19,wr2309,wr2309,4365.0,0.0,0.0,0.0,1,4090.0,4150.0,1,4365.0,0.0,0.0,0.0,0.0,0.0,2
2023-05-11 14:00:19,wr2309,wr2309,4365.0,0.0,0.0,0.0,1,4088.0,4150.0,1,4365.0,0.0,0.0,0.0,0.0,0.0,2
2023-05-11 14:00:20,wr2309,wr2309,4365.0,0.0,0.0,0.0,1,4090.0,4150.0,1,4365.0,0.0,0.0,0.0,0.0,0.0,2
2023-05-11 14:00:20,wr2309,wr2309,4365.0,0.0,0.0,0.0,1,4088.0,4150.0,1,4365.0,0.0,0.0,0.0,0.0,0.0,2
2023-05-11 14:00:21,wr2309,wr2309,4365.0,0.0,0.0,0.0,1,4090.0,4150.0,1,4365.0,0.0,0.0,0.0,0.0,0.0,2
2023-05-11 14:00:21,wr2309,wr2309,4365.0,0.0,0.0,0.0,1,4088.0,4150.0,1,4365.0,0.0,0.0,0.0,0.0,0.0,2
2023-05-11 14:00:22,wr2309,wr2309,4365.0,0.0,0.0,0.0,1,4090.0,4150.0,1,4365.0,0.0,0.0,0.0,0.0,0.0,2
2023-05-11 14:00:22,wr2309,wr2309,4365.0,0.0,0.0,0.0,1,4088.0,4150.0,1,4365.0,0.0,0.0,0.0,0.0,0.0,2
2023-05-11 14:00:23,wr2309,wr2309,4365.0,0.0,0.0,0.0,1,4090.0,4150.0,1,4365.0,0.0,0.0,0.0,0.0,0.0,2
2023-05-11 14:00:23,wr2309,wr2309,4365.0,0.0,0.0,0.0,1,4088.0,4150.0,1,4365.0,0.0,0.0,0.0,0.0,0.0,2
2023-05-11 14:00:24,wr2309,wr2309,4365.0,0.0,0.0,0.0,1,4090.0,4150.0,1,4365.0,0.0,0.0,0.0,0.0,0.0,2
2023-05-11 14:00:24,wr2309,wr2309,4365.0,0.0,0.0,0.0,1,4088.0,4150.0,1,4365.0,0.0,0.0,0.0,0.0,0.0,2
2023-05-11 14:00:25,wr2309,wr2309,4365.0,0.0,0.0,0.0,1,4090.0,4150.0,1,4365.0,0.0,0.0,0.0,0.0,0.0,2
2023-05-11 14:00:25,wr2309,wr2309,4365.0,0.0,0.0,0.0,1,4088.0,4150.0,1,4365.0,0.0,0.0,0.0,0.0,0.0,2
2023-05-11 14:00:26,wr2309,wr2309,4365.0,0.0,0.0,0.0,1,4090.0,4150.0,1,4365.0,0.0,0.0,0.0,0.0,0.0,2
2023-05-11 14:00:26,wr2309,wr2309,4365.0,0.0,0.0,0.0,1,4088.0,4150.0,1,4365.0,0.0,0.0,0.0,0.0,0.0,2
2023-05-11 14:00:27,wr2309,wr2309,4365.0,0.0,0.0,0.0,1,4090.0,4150.0,1,4365.0,0.0,0.0,0.0,0.0,0.0,2
2023-05-11 14:00:27,wr2309,wr2309,4365.0,0.0,0.0,0.0,1,4088.0,4150.0,1,4365.0,0.0,0.0,0.0,0.0,0.0,2
2023-05-11 14:00:28,wr2309,wr2309,4365.0,0.0,0.0,0.0,1,4090.0,4150.0,1,4365.0,0.0,0.0,0.0,0.0,0.0,2
2023-05-11 14:00:28,wr2309,wr2309,4365.0,0.0,0.0,0.0,1,4088.0,4150.0,1,4365.0,0.0,0.0,0.0,0.0,0.0,2
2023-05-11 14:00:29,wr2309,wr2309,4365.0,0.0,0.0,0.0,1,4090.0,4150.0,1,4365.0,0.0,0.0,0.0,0.0,0.0,2
2023-05-11 14:00:29,wr2309,wr2309,4365.0,0.0,0.0,0.0,1,4088.0,4150.0,1,4365.0,0.0,0.0,0.0,0.0,0.0,2
2023-05-11 14:00:30,wr2309,wr2309,4365.0,0.0,0.0,0.0,1,4090.0,4150.0,1,4365.0,0.0,0.0,0.0,0.0,0.0,2
2023-05-11 14:00:30,wr2309,wr2309,4365.0,0.0,0.0,0.0,1,4088.0,4150.0,1,4365.0,0.0,0.0,0.0,0.0,0.0,2
2023-05-11 14:00:31,wr2309,wr2309,4365.0,0.0,0.0,0.0,1,4090.0,4150.0,1,4365.0,0.0,0.0,0.0,0.0,0.0,2
2023-05-11 14:00:31,wr2309,wr2309,4365.0,0.0,0.0,0.0,1,4088.0,4150.0,1,4365.0,0.0,0.0,0.0,0.0,0.0,2
2023-05-11 14:00:32,wr2309,wr2309,4365.0,0.0,0.0,0.0,1,4090.0,4150.0,1,4365.0,0.0,0.0,0.0,0.0,0.0,2
2023-05-11 14:00:32,wr2309,wr2309,4365.0,0.0,0.0,0.0,1,4088.0,4150.0,1,4365.0,0.0,0.0,0.0,0.0,0.0,2
2023-05-11 14:00:33,wr2309,wr2309,4365.0,0.0,0.0,0.0,1,4090.0,4150.0,1,4365.0,0.0,0.0,0.0,0.0,0.0,2
2023-05-11 14:00:33,wr2309,wr2309,4365.0,0.0,0.0,0.0,1,4088.0,4150.0,1,4365.0,0.0,0.0,0.0,0.0,0.0,2
2023-05-11 14:00:34,wr2309,wr2309,4365.0,0.0,0.0,0.0,1,4090.0,4150.0,1,4365.0,0.0,0.0,0.0,0.0,0.0,2
2023-05-11 14:00:34,wr2309,wr2309,4365.0,0.0,0.0,0.0,1,4088.0,4150.0,1,4365.0,0.0,0.0,0.0,0.0,0.0,2
2023-05-11 14:00:35,wr2309,wr2309,4365.0,0.0,0.0,0.0,1,4090.0,4150.0,1,4365.0,0.0,0.0,0.0,0.0,0.0,2
2023-05-11 14:00:35,wr2309,wr2309,4365.0,0.0,0.0,0.0,1,4088.0,4150.0,1,4365.0,0.0,0.0,0.0,0.0,0.0,2
2023-05-11 14:00:36,wr2309,wr2309,4365.0,0.0,0.0,0.0,1,4090.0,4150.0,1,4365.0,0.0,0.0,0.0,0.0,0.0,2
2023-05-11 14:00:36,wr2309,wr2309,4365.0,0.0,0.0,0.0,1,4088.0,4150.0,1,4365.0,0.0,0.0,0.0,0.0,0.0,2
2023-05-11 14:00:37,wr2309,wr2309,4365.0,0.0,0.0,0.0,1,4090.0,4150.0,1,4365.0,0.0,0.0,0.0,0.0,0.0,2
2023-05-11 14:00:37,wr2309,wr2309,4365.0,0.0,0.0,0.0,1,4088.0,4150.0,1,4365.0,0.0,0.0,0.0,0.0,0.0,2
2023-05-11 14:00:38,wr2309,wr2309,4365.0,0.0,0.0,0.0,1,4090.0,4150.0,1,4365.0,0.0,0.0,0.0,0.0,0.0,2
2023-05-11 14:00:38,wr2309,wr2309,4365.0,0.0,0.0,0.0,1,4088.0,4150.0,1,4365.0,0.0,0.0,0.0,0.0,0.0,2
2023-05-11 14:00:39,wr2309,wr2309,4365.0,0.0,0.0,0.0,1,4090.0,4150.0,1,4365.0,0.0,0.0,0.0,0.0,0.0,2
2023-05-11 14:00:39,wr2309,wr2309,4365.0,0.0,0.0,0.0,1,4088.0,4150.0,1,4365.0,0.0,0.0,0.0,0.0,0.0,2
2023-05-11 14:00:40,wr2309,wr2309,4365.0,0.0,0.0,0.0,1,4090.0,4150.0,1,4365.0,0.0,0.0,0.0,0.0,0.0,2
2023-05-11 14:00:40,wr2309,wr2309,4365.0,0.0,0.0,0.0,1,4088.0,4150.0,1,4365.0,0.0,0.0,0.0,0.0,0.0,2
2023-05-11 14:00:41,wr2309,wr2309,4365.0,0.0,0.0,0.0,1,4090.0,4150.0,1,4365.0,0.0,0.0,0.0,0.0,0.0,2
2023-05-11 14:00:41,wr2309,wr2309,4365.0,0.0,0.0,0.0,1,4088.0,4150.0,1,4365.0,0.0,0.0,0.0,0.0,0.0,2
2023-05-11 14:00:42,wr2309,wr2309,4365.0,0.0,0.0,0.0,1,4090.0,4150.0,1,4365.0,0.0,0.0,0.0,0.0,0.0,2
2023-05-11 14:00:42,wr2309,wr2309,4365.0,0.0,0.0,0.0,1,4088.0,4150.0,1,4365.0,0.0,0.0,0.0,0.0,0.0,2
2023-05-11 14:00:43,wr2309,wr2309,4365.0,0.0,0.0,0.0,1,4090.0,4150.0,1,4365.0,0.0,0.0,0.0,0.0,0.0,2
2023-05-11 14:00:43,wr2309,wr2309,4365.0,0.0,0.0,0.0,1,4088.0,4150.0,1,4365.0,0.0,0.0,0.0,0.0,0.0,2
2023-05-11 14:00:44,wr2309,wr2309,4365.0,0.0,0.0,0.0,1,4090.0,4150.0,1,4365.0,0.0,0.0,0.0,0.0,0.0,2
2023-05-11 14:00:44,wr2309,wr2309,4365.0,0.0,0.0,0.0,1,4088.0,4150.0,1,4365.0,0.0,0.0,0.0,0.0,0.0,2
2023-05-11 14:00:45,wr2309,wr2309,4365.0,0.0,0.0,0.0,1,4090.0,4150.0,1,4365.0,0.0,0.0,0.0,0.0,0.0,2
2023-05-11 14:00:45,wr2309,wr2309,4365.0,0.0,0.0,0.0,1,4088.0,4150.0,1,4365.0,0.0,0.0,0.0,0.0,0.0,2
2023-05-11 14:00:46,wr2309,wr2309,4365.0,0.0,0.0,0.0,1,4090.0,4150.0,1,4365.0,0.0,0.0,0.0,0.0,0.0,2
2023-05-11 14:00:46,wr2309,wr2309,4365.0,0.0,0.0,0.0,1,4088.0,4150.0,1,4365.0,0.0,0.0,0.0,0.0,0.0,2
2023-05-11 14:00:47,wr2309,wr2309,4365.0,0.0,0.0,0.0,1,4090.0,4150.0,1,4365.0,0.0,0.0,0.0,0.0,0.0,2
2023-05-11 14:00:47,wr2309,wr2309,4365.0,0.0,0.0,0.0,1,4088.0,4150.0,1,4365.0,0.0,0.0,0.0,0.0,0.0,2
2023-05-11 14:00:48,wr2309,wr2309,4365.0,0.0,0.0,0.0,1,4090.0,4150.0,1,4365.0,0.0,0.0,0.0,0.0,0.0,2
2023-05-11 14:00:48,wr2309,wr2309,4365.0,0.0,0.0,0.0,1,4088.0,4150.0,1,4365.0,0.0,0.0,0.0,0.0,0.0,2
2023-05-11 14:00:49,wr2309,wr2309,4365.0,0.0,0.0,0.0,1,4090.0,4150.0,1,4365.0,0.0,0.0,0.0,0.0,0.0,2
2023-05-11 14:00:49,wr2309,wr2309,4365.0,0.0,0.0,0.0,1,4088.0,4150.0,1,4365.0,0.0,0.0,0.0,0.0,0.0,2
2023-05-11 14:00:50,wr2309,wr2309,4365.0,0.0,0.0,0.0,1,4090.0,4150.0,1,4365.0,0.0,0.0,0.0,0.0,0.0,2
2023-05-11 14:00:50,wr2309,wr2309,4365.0,0.0,0.0,0.0,1,4088.0,4150.0,1,4365.0,0.0,0.0,0.0,0.0,0.0,2
2023-05-11 14:00:51,wr2309,wr2309,4365.0,0.0,0.0,0.0,1,4090.0,4150.0,1,4365.0,0.0,0.0,0.0,0.0,0.0,2
2023-05-11 14:00:51,wr2309,wr2309,4365.0,0.0,0.0,0.0,1,4088.0,4150.0,1,4365.0,0.0,0.0,0.0,0.0,0.0,2
2023-05-11 14:00:52,wr2309,wr2309,4365.0,0.0,0.0,0.0,1,4090.0,4150.0,1,4365.0,0.0,0.0,0.0,0.0,0.0,2
2023-05-11 14:00:52,wr2309,wr2309,4365.0,0.0,0.0,0.0,1,4088.0,4150.0,1,4365.0,0.0,0.0,0.0,0.0,0.0,2
2023-05-11 14:00:53,wr2309,wr2309,4365.0,0.0,0.0,0.0,1,4090.0,4150.0,1,4365.0,0.0,0.0,0.0,0.0,0.0,2
2023-05-11 14:00:53,wr2309,wr2309,4365.0,0.0,0.0,0.0,1,4088.0,4150.0,1,4365.0,0.0,0.0,0.0,0.0,0.0,2
2023-05-11 14:00:54,wr2309,wr2309,4365.0,0.0,0.0,0.0,1,4090.0,4150.0,1,4365.0,0.0,0.0,0.0,0.0,0.0,2
2023-05-11 14:00:55,wr2309,wr2309,4365.0,0.0,0.0,0.0,1,4088.0,4150.0,1,4365.0,0.0,0.0,0.0,0.0,0.0,2
2023-05-11 14:00:55,wr2309,wr2309,4365.0,0.0,0.0,0.0,1,4090.0,4150.0,1,4365.0,0.0,0.0,0.0,0.0,0.0,2
2023-05-11 14:00:56,wr2309,wr2309,4365.0,0.0,0.0,0.0,2,4089.0,4150.0,1,4365.0,0.0,0.0,0.0,0.0,0.0,2
2023-05-11 14:00:57,wr2309,wr2309,4365.0,0.0,0.0,0.0,1,4088.0,4150.0,1,4365.0,0.0,0.0,0.0,0.0,0.0,2
2023-05-11 14:00:58,wr2309,wr2309,4365.0,0.0,0.0,0.0,1,4090.0,4150.0,1,4365.0,0.0,0.0,0.0,0.0,0.0,2
2023-05-11 14:00:58,wr2309,wr2309,4365.0,0.0,0.0,0.0,1,4088.0,4150.0,1,4365.0,0.0,0.0,0.0,0.0,0.0,2
2023-05-11 14:00:59,wr2309,wr2309,4365.0,0.0,0.0,0.0,1,4090.0,4150.0,1,4365.0,0.0,0.0,0.0,0.0,0.0,2
2023-05-11 14:00:59,wr2309,wr2309,4365.0,0.0,0.0,0.0,1,4088.0,4150.0,1,4365.0,0.0,0.0,0.0,0.0,0.0,2
2023-05-11 14:01:00,wr2309,wr2309,4365.0,0.0,0.0,0.0,1,4090.0,4150.0,1,4365.0,0.0,0.0,0.0,0.0,0.0,2
2023-05-11 14:01:00,wr2309,wr2309,4365.0,0.0,0.0,0.0,1,4088.0,4150.0,1,4365.0,0.0,0.0,0.0,0.0,0.0,2
2023-05-11 14:01:01,wr2309,wr2309,4365.0,0.0,0.0,0.0,1,4090.0,4150.0,1,4365.0,0.0,0.0,0.0,0.0,0.0,2
2023-05-11 14:01:01,wr2309,wr2309,4365.0,0.0,0.0,0.0,1,4088.0,4150.0,1,4365.0,0.0,0.0,0.0,0.0,0.0,2
2023-05-11 14:01:02,wr2309,wr2309,4365.0,0.0,0.0,0.0,1,4090.0,4150.0,1,4365.0,0.0,0.0,0.0,0.0,0.0,2
2023-05-11 14:01:02,wr2309,wr2309,4365.0,0.0,0.0,0.0,1,4088.0,4150.0,1,4365.0,0.0,0.0,0.0,0.0,0.0,2
2023-05-11 14:01:03,wr2309,wr2309,4365.0,0.0,0.0,0.0,1,4090.0,4150.0,1,4365.0,0.0,0.0,0.0,0.0,0.0,2
2023-05-11 14:01:03,wr2309,wr2309,4365.0,0.0,0.0,0.0,1,4088.0,4150.0,1,4365.0,0.0,0.0,0.0,0.0,0.0,2
2023-05-11 14:01:04,wr2309,wr2309,4365.0,0.0,0.0,0.0,1,4090.0,4150.0,1,4365.0,0.0,0.0,0.0,0.0,0.0,2
2023-05-11 14:01:04,wr2309,wr2309,4365.0,0.0,0.0,0.0,1,4088.0,4150.0,1,4365.0,0.0,0.0,0.0,0.0,0.0,2
2023-05-11 14:01:05,wr2309,wr2309,4365.0,0.0,0.0,0.0,1,4090.0,4150.0,1,4365.0,0.0,0.0,0.0,0.0,0.0,2
2023-05-11 14:01:05,wr2309,wr2309,4365.0,0.0,0.0,0.0,1,4088.0,4150.0,1,4365.0,0.0,0.0,0.0,0.0,0.0,2
2023-05-11 14:01:06,wr2309,wr2309,4365.0,0.0,0.0,0.0,1,4090.0,4150.0,1,4365.0,0.0,0.0,0.0,0.0,0.0,2
2023-05-11 14:01:07,wr2309,wr2309,4365.0,0.0,0.0,0.0,1,4088.0,4150.0,1,4365.0,0.0,0.0,0.0,0.0,0.0,2
2023-05-11 14:01:07,wr2309,wr2309,4365.0,0.0,0.0,0.0,1,4090.0,4150.0,1,4365.0,0.0,0.0,0.0,0.0,0.0,2
2023-05-11 14:01:08,wr2309,wr2309,4365.0,0.0,0.0,0.0,1,4088.0,4150.0,1,4365.0,0.0,0.0,0.0,0.0,0.0,2
2023-05-11 14:01:08,wr2309,wr2309,4365.0,0.0,0.0,0.0,1,4090.0,4150.0,1,4365.0,0.0,0.0,0.0,0.0,0.0,2
2023-05-11 14:01:09,wr2309,wr2309,4365.0,0.0,0.0,0.0,1,4088.0,4150.0,1,4365.0,0.0,0.0,0.0,0.0,0.0,2
2023-05-11 14:01:09,wr2309,wr2309,4365.0,0.0,0.0,0.0,1,4090.0,4150.0,1,4365.0,0.0,0.0,0.0,0.0,0.0,2
2023-05-11 14:01:10,wr2309,wr2309,4365.0,0.0,0.0,0.0,1,4088.0,4150.0,1,4365.0,0.0,0.0,0.0,0.0,0.0,2
2023-05-11 14:01:11,wr2309,wr2309,4365.0,0.0,0.0,0.0,1,4090.0,4150.0,1,4365.0,0.0,0.0,0.0,0.0,0.0,2
2023-05-11 14:01:11,wr2309,wr2309,4365.0,0.0,0.0,0.0,1,4088.0,4150.0,1,4365.0,0.0,0.0,0.0,0.0,0.0,2
2023-05-11 14:01:38,wr2309,wr2309,4365.0,0.0,0.0,0.0,2,4089.0,4150.0,1,4365.0,0.0,0.0,0.0,0.0,0.0,2
2023-05-11 14:01:41,wr2309,wr2309,4365.0,0.0,0.0,0.0,1,4088.0,4150.0,1,4365.0,0.0,0.0,0.0,0.0,0.0,2
2023-05-11 14:02:22,wr2309,wr2309,4365.0,0.0,0.0,0.0,2,4089.0,4150.0,1,4365.0,0.0,0.0,0.0,0.0,0.0,2
2023-05-11 14:02:25,wr2309,wr2309,4365.0,0.0,0.0,0.0,1,4088.0,4150.0,1,4365.0,0.0,0.0,0.0,0.0,0.0,2
2023-05-11 14:03:05,wr2309,wr2309,4365.0,0.0,0.0,0.0,2,4089.0,4150.0,1,4365.0,0.0,0.0,0.0,0.0,0.0,2
2023-05-11 14:03:07,wr2309,wr2309,4365.0,0.0,0.0,0.0,1,4088.0,4150.0,1,4365.0,0.0,0.0,0.0,0.0,0.0,2
2023-05-11 14:03:47,wr2309,wr2309,4365.0,0.0,0.0,0.0,2,4089.0,4150.0,1,4365.0,0.0,0.0,0.0,0.0,0.0,2
2023-05-11 14:03:50,wr2309,wr2309,4365.0,0.0,0.0,0.0,1,4088.0,4150.0,1,4365.0,0.0,0.0,0.0,0.0,0.0,2
2023-05-11 14:04:31,wr2309,wr2309,4365.0,0.0,0.0,0.0,2,4089.0,4150.0,1,4365.0,0.0,0.0,0.0,0.0,0.0,2
2023-05-11 14:04:33,wr2309,wr2309,4365.0,0.0,0.0,0.0,1,4088.0,4150.0,1,4365.0,0.0,0.0,0.0,0.0,0.0,2
2023-05-11 14:05:14,wr2309,wr2309,4365.0,0.0,0.0,0.0,2,4089.0,4150.0,1,4365.0,0.0,0.0,0.0,0.0,0.0,2
2023-05-11 14:05:16,wr2309,wr2309,4365.0,0.0,0.0,0.0,1,4088.0,4150.0,1,4365.0,0.0,0.0,0.0,0.0,0.0,2
2023-05-11 14:05:57,wr2309,wr2309,4365.0,0.0,0.0,0.0,2,4089.0,4150.0,1,4365.0,0.0,0.0,0.0,0.0,0.0,2
2023-05-11 14:05:59,wr2309,wr2309,4365.0,0.0,0.0,0.0,1,4088.0,4150.0,1,4365.0,0.0,0.0,0.0,0.0,0.0,2
2023-05-11 14:06:39,wr2309,wr2309,4365.0,0.0,0.0,0.0,2,4089.0,4150.0,1,4365.0,0.0,0.0,0.0,0.0,0.0,2
2023-05-11 14:06:42,wr2309,wr2309,4365.0,0.0,0.0,0.0,1,4088.0,4150.0,1,4365.0,0.0,0.0,0.0,0.0,0.0,2
2023-05-11 14:07:25,wr2309,wr2309,4365.0,0.0,0.0,0.0,2,4089.0,4150.0,1,4365.0,0.0,0.0,0.0,0.0,0.0,2
2023-05-11 14:07:28,wr2309,wr2309,4365.0,0.0,0.0,0.0,1,4088.0,4150.0,1,4365.0,0.0,0.0,0.0,0.0,0.0,2
2023-05-11 14:08:08,wr2309,wr2309,4365.0,0.0,0.0,0.0,2,4089.0,4150.0,1,4365.0,0.0,0.0,0.0,0.0,0.0,2
2023-05-11 14:08:11,wr2309,wr2309,4365.0,0.0,0.0,0.0,1,4088.0,4150.0,1,4365.0,0.0,0.0,0.0,0.0,0.0,2
2023-05-11 14:08:51,wr2309,wr2309,4365.0,0.0,0.0,0.0,2,4089.0,4150.0,1,4365.0,0.0,0.0,0.0,0.0,0.0,2
2023-05-11 14:08:53,wr2309,wr2309,4365.0,0.0,0.0,0.0,1,4088.0,4150.0,1,4365.0,0.0,0.0,0.0,0.0,0.0,2
2023-05-11 14:09:33,wr2309,wr2309,4365.0,0.0,0.0,0.0,2,4089.0,4150.0,1,4365.0,0.0,0.0,0.0,0.0,0.0,2
2023-05-11 14:09:35,wr2309,wr2309,4365.0,0.0,0.0,0.0,1,4088.0,4150.0,1,4365.0,0.0,0.0,0.0,0.0,0.0,2
2023-05-11 14:10:16,wr2309,wr2309,4365.0,0.0,0.0,0.0,2,4089.0,4150.0,1,4365.0,0.0,0.0,0.0,0.0,0.0,2
2023-05-11 14:10:18,wr2309,wr2309,4365.0,0.0,0.0,0.0,1,4088.0,4150.0,1,4365.0,0.0,0.0,0.0,0.0,0.0,2
2023-05-11 14:10:59,wr2309,wr2309,4365.0,0.0,0.0,0.0,2,4089.0,4150.0,1,4365.0,0.0,0.0,0.0,0.0,0.0,2
2023-05-11 14:11:01,wr2309,wr2309,4365.0,0.0,0.0,0.0,1,4088.0,4150.0,1,4365.0,0.0,0.0,0.0,0.0,0.0,2
2023-05-11 14:11:42,wr2309,wr2309,4365.0,0.0,0.0,0.0,2,4089.0,4150.0,1,4365.0,0.0,0.0,0.0,0.0,0.0,2
2023-05-11 14:11:44,wr2309,wr2309,4365.0,0.0,0.0,0.0,1,4088.0,4150.0,1,4365.0,0.0,0.0,0.0,0.0,0.0,2
2023-05-11 14:12:27,wr2309,wr2309,4365.0,0.0,0.0,0.0,2,4089.0,4150.0,1,4365.0,0.0,0.0,0.0,0.0,0.0,2
2023-05-11 14:12:29,wr2309,wr2309,4365.0,0.0,0.0,0.0,1,4088.0,4150.0,1,4365.0,0.0,0.0,0.0,0.0,0.0,2
2023-05-11 14:13:11,wr2309,wr2309,4365.0,0.0,0.0,0.0,2,4089.0,4150.0,1,4365.0,0.0,0.0,0.0,0.0,0.0,2
2023-05-11 14:13:14,wr2309,wr2309,4365.0,0.0,0.0,0.0,1,4088.0,4150.0,1,4365.0,0.0,0.0,0.0,0.0,0.0,2
2023-05-11 14:13:54,wr2309,wr2309,4365.0,0.0,0.0,0.0,2,4089.0,4150.0,1,4365.0,0.0,0.0,0.0,0.0,0.0,2
2023-05-11 14:13:57,wr2309,wr2309,4365.0,0.0,0.0,0.0,1,4088.0,4150.0,1,4365.0,0.0,0.0,0.0,0.0,0.0,2
2023-05-11 14:14:37,wr2309,wr2309,4365.0,0.0,0.0,0.0,2,4089.0,4150.0,1,4365.0,0.0,0.0,0.0,0.0,0.0,2
2023-05-11 14:14:40,wr2309,wr2309,4365.0,0.0,0.0,0.0,1,4088.0,4150.0,1,4365.0,0.0,0.0,0.0,0.0,0.0,2
2023-05-11 14:15:20,wr2309,wr2309,4365.0,0.0,0.0,0.0,2,4089.0,4150.0,1,4365.0,0.0,0.0,0.0,0.0,0.0,2
2023-05-11 14:15:22,wr2309,wr2309,4365.0,0.0,0.0,0.0,1,4088.0,4150.0,1,4365.0,0.0,0.0,0.0,0.0,0.0,2
2023-05-11 14:16:03,wr2309,wr2309,4365.0,0.0,0.0,0.0,2,4089.0,4150.0,1,4365.0,0.0,0.0,0.0,0.0,0.0,2
2023-05-11 14:16:06,wr2309,wr2309,4365.0,0.0,0.0,0.0,1,4088.0,4150.0,1,4365.0,0.0,0.0,0.0,0.0,0.0,2
2023-05-11 14:16:46,wr2309,wr2309,4365.0,0.0,0.0,0.0,2,4089.0,4150.0,1,4365.0,0.0,0.0,0.0,0.0,0.0,2
2023-05-11 14:16:49,wr2309,wr2309,4365.0,0.0,0.0,0.0,1,4088.0,4150.0,1,4365.0,0.0,0.0,0.0,0.0,0.0,2
2023-05-11 14:17:07,wr2309,wr2309,4365.0,0.0,0.0,0.0,1,4080.0,4150.0,1,4365.0,0.0,0.0,0.0,0.0,0.0,2
2023-05-11 14:17:31,wr2309,wr2309,4365.0,0.0,0.0,0.0,2,4081.0,4150.0,1,4365.0,0.0,0.0,0.0,0.0,0.0,2
2023-05-11 14:17:33,wr2309,wr2309,4365.0,0.0,0.0,0.0,1,4080.0,4150.0,1,4365.0,0.0,0.0,0.0,0.0,0.0,2
2023-05-11 14:18:14,wr2309,wr2309,4365.0,0.0,0.0,0.0,2,4081.0,4150.0,1,4365.0,0.0,0.0,0.0,0.0,0.0,2
2023-05-11 14:18:16,wr2309,wr2309,4365.0,0.0,0.0,0.0,1,4080.0,4150.0,1,4365.0,0.0,0.0,0.0,0.0,0.0,2
2023-05-11 14:18:57,wr2309,wr2309,4365.0,0.0,0.0,0.0,2,4081.0,4150.0,1,4365.0,0.0,0.0,0.0,0.0,0.0,2
2023-05-11 14:18:59,wr2309,wr2309,4365.0,0.0,0.0,0.0,1,4080.0,4150.0,1,4365.0,0.0,0.0,0.0,0.0,0.0,2
2023-05-11 14:19:38,wr2309,wr2309,4365.0,0.0,0.0,0.0,2,4081.0,4150.0,1,4365.0,0.0,0.0,0.0,0.0,0.0,2
2023-05-11 14:19:41,wr2309,wr2309,4365.0,0.0,0.0,0.0,1,4080.0,4150.0,1,4365.0,0.0,0.0,0.0,0.0,0.0,2
2023-05-11 14:20:22,wr2309,wr2309,4365.0,0.0,0.0,0.0,2,4081.0,4150.0,1,4365.0,0.0,0.0,0.0,0.0,0.0,2
2023-05-11 14:20:24,wr2309,wr2309,4365.0,0.0,0.0,0.0,1,4080.0,4150.0,1,4365.0,0.0,0.0,0.0,0.0,0.0,2
2023-05-11 14:21:05,wr2309,wr2309,4365.0,0.0,0.0,0.0,2,4081.0,4150.0,1,4365.0,0.0,0.0,0.0,0.0,0.0,2
2023-05-11 14:21:07,wr2309,wr2309,4365.0,0.0,0.0,0.0,1,4080.0,4150.0,1,4365.0,0.0,0.0,0.0,0.0,0.0,2
2023-05-11 14:21:49,wr2309,wr2309,4365.0,0.0,0.0,0.0,2,4081.0,4150.0,1,4365.0,0.0,0.0,0.0,0.0,0.0,2
2023-05-11 14:21:51,wr2309,wr2309,4365.0,0.0,0.0,0.0,1,4080.0,4150.0,1,4365.0,0.0,0.0,0.0,0.0,0.0,2
2023-05-11 14:22:33,wr2309,wr2309,4365.0,0.0,0.0,0.0,2,4081.0,4150.0,1,4365.0,0.0,0.0,0.0,0.0,0.0,2
2023-05-11 14:22:36,wr2309,wr2309,4365.0,0.0,0.0,0.0,1,4080.0,4150.0,1,4365.0,0.0,0.0,0.0,0.0,0.0,2
2023-05-11 14:23:16,wr2309,wr2309,4365.0,0.0,0.0,0.0,2,4081.0,4150.0,1,4365.0,0.0,0.0,0.0,0.0,0.0,2
2023-05-11 14:23:19,wr2309,wr2309,4365.0,0.0,0.0,0.0,1,4080.0,4150.0,1,4365.0,0.0,0.0,0.0,0.0,0.0,2
2023-05-11 14:23:59,wr2309,wr2309,4365.0,0.0,0.0,0.0,2,4081.0,4150.0,1,4365.0,0.0,0.0,0.0,0.0,0.0,2
2023-05-11 14:24:02,wr2309,wr2309,4365.0,0.0,0.0,0.0,1,4080.0,4150.0,1,4365.0,0.0,0.0,0.0,0.0,0.0,2
2023-05-11 14:24:42,wr2309,wr2309,4365.0,0.0,0.0,0.0,1,4080.0,4149.0,2,4365.0,0.0,0.0,0.0,0.0,0.0,2
2023-05-11 14:24:44,wr2309,wr2309,4365.0,0.0,0.0,0.0,1,4080.0,4150.0,1,4365.0,0.0,0.0,0.0,0.0,0.0,2
2023-05-11 14:25:25,wr2309,wr2309,4365.0,0.0,0.0,0.0,1,4080.0,4149.0,2,4365.0,0.0,0.0,0.0,0.0,0.0,2
2023-05-11 14:25:27,wr2309,wr2309,4365.0,0.0,0.0,0.0,1,4080.0,4150.0,1,4365.0,0.0,0.0,0.0,0.0,0.0,2
2023-05-11 14:26:07,wr2309,wr2309,4365.0,0.0,0.0,0.0,1,4080.0,4149.0,2,4365.0,0.0,0.0,0.0,0.0,0.0,2
2023-05-11 14:26:09,wr2309,wr2309,4365.0,0.0,0.0,0.0,1,4080.0,4150.0,1,4365.0,0.0,0.0,0.0,0.0,0.0,2
2023-05-11 14:26:51,wr2309,wr2309,4365.0,0.0,0.0,0.0,1,4080.0,4149.0,2,4365.0,0.0,0.0,0.0,0.0,0.0,2
2023-05-11 14:26:53,wr2309,wr2309,4365.0,0.0,0.0,0.0,1,4080.0,4150.0,1,4365.0,0.0,0.0,0.0,0.0,0.0,2
2023-05-11 14:27:37,wr2309,wr2309,4365.0,0.0,0.0,0.0,1,4080.0,4149.0,2,4365.0,0.0,0.0,0.0,0.0,0.0,2
2023-05-11 14:27:40,wr2309,wr2309,4365.0,0.0,0.0,0.0,1,4080.0,4150.0,1,4365.0,0.0,0.0,0.0,0.0,0.0,2
2023-05-11 14:28:21,wr2309,wr2309,4365.0,0.0,0.0,0.0,1,4080.0,4149.0,2,4365.0,0.0,0.0,0.0,0.0,0.0,2
2023-05-11 14:28:23,wr2309,wr2309,4365.0,0.0,0.0,0.0,1,4080.0,4150.0,1,4365.0,0.0,0.0,0.0,0.0,0.0,2
2023-05-11 14:29:03,wr2309,wr2309,4365.0,0.0,0.0,0.0,1,4080.0,4149.0,2,4365.0,0.0,0.0,0.0,0.0,0.0,2
2023-05-11 14:29:05,wr2309,wr2309,4365.0,0.0,0.0,0.0,1,4080.0,4150.0,1,4365.0,0.0,0.0,0.0,0.0,0.0,2
2023-05-11 14:29:45,wr2309,wr2309,4365.0,0.0,0.0,0.0,1,4080.0,4149.0,2,4365.0,0.0,0.0,0.0,0.0,0.0,2
2023-05-11 14:29:48,wr2309,wr2309,4365.0,0.0,0.0,0.0,1,4080.0,4150.0,1,4365.0,0.0,0.0,0.0,0.0,0.0,2
2023-05-11 14:30:28,wr2309,wr2309,4365.0,0.0,0.0,0.0,1,4080.0,4149.0,2,4365.0,0.0,0.0,0.0,0.0,0.0,2
2023-05-11 14:30:30,wr2309,wr2309,4365.0,0.0,0.0,0.0,1,4080.0,4150.0,1,4365.0,0.0,0.0,0.0,0.0,0.0,2
2023-05-11 14:31:12,wr2309,wr2309,4365.0,0.0,0.0,0.0,1,4080.0,4149.0,2,4365.0,0.0,0.0,0.0,0.0,0.0,2
2023-05-11 14:31:14,wr2309,wr2309,4365.0,0.0,0.0,0.0,1,4080.0,4150.0,1,4365.0,0.0,0.0,0.0,0.0,0.0,2
2023-05-11 14:31:56,wr2309,wr2309,4365.0,0.0,0.0,0.0,1,4080.0,4149.0,2,4365.0,0.0,0.0,0.0,0.0,0.0,2
2023-05-11 14:31:58,wr2309,wr2309,4365.0,0.0,0.0,0.0,1,4080.0,4150.0,1,4365.0,0.0,0.0,0.0,0.0,0.0,2
2023-05-11 14:32:40,wr2309,wr2309,4365.0,0.0,0.0,0.0,1,4080.0,4149.0,2,4365.0,0.0,0.0,0.0,0.0,0.0,2
2023-05-11 14:32:42,wr2309,wr2309,4365.0,0.0,0.0,0.0,1,4080.0,4150.0,1,4365.0,0.0,0.0,0.0,0.0,0.0,2
2023-05-11 14:33:22,wr2309,wr2309,4365.0,0.0,0.0,0.0,1,4080.0,4149.0,2,4365.0,0.0,0.0,0.0,0.0,0.0,2
2023-05-11 14:33:24,wr2309,wr2309,4365.0,0.0,0.0,0.0,1,4080.0,4150.0,1,4365.0,0.0,0.0,0.0,0.0,0.0,2
2023-05-11 14:34:04,wr2309,wr2309,4365.0,0.0,0.0,0.0,1,4080.0,4149.0,2,4365.0,0.0,0.0,0.0,0.0,0.0,2
2023-05-11 14:34:06,wr2309,wr2309,4365.0,0.0,0.0,0.0,1,4080.0,4150.0,1,4365.0,0.0,0.0,0.0,0.0,0.0,2
2023-05-11 14:34:45,wr2309,wr2309,4365.0,0.0,0.0,0.0,1,4080.0,4149.0,2,4365.0,0.0,0.0,0.0,0.0,0.0,2
2023-05-11 14:34:47,wr2309,wr2309,4365.0,0.0,0.0,0.0,1,4080.0,4150.0,1,4365.0,0.0,0.0,0.0,0.0,0.0,2
2023-05-11 14:35:27,wr2309,wr2309,4365.0,0.0,0.0,0.0,1,4080.0,4149.0,2,4365.0,0.0,0.0,0.0,0.0,0.0,2
2023-05-11 14:35:30,wr2309,wr2309,4365.0,0.0,0.0,0.0,1,4080.0,4150.0,1,4365.0,0.0,0.0,0.0,0.0,0.0,2
2023-05-11 14:36:10,wr2309,wr2309,4365.0,0.0,0.0,0.0,1,4080.0,4149.0,2,4365.0,0.0,0.0,0.0,0.0,0.0,2
2023-05-11 14:36:13,wr2309,wr2309,4365.0,0.0,0.0,0.0,1,4080.0,4150.0,1,4365.0,0.0,0.0,0.0,0.0,0.0,2
2023-05-11 14:36:24,wr2309,wr2309,4365.0,0.0,0.0,0.0,1,4070.0,4150.0,1,4365.0,0.0,0.0,0.0,0.0,0.0,2
2023-05-11 14:36:53,wr2309,wr2309,4365.0,0.0,0.0,0.0,1,4070.0,4149.0,2,4365.0,0.0,0.0,0.0,0.0,0.0,2
2023-05-11 14:36:56,wr2309,wr2309,4365.0,0.0,0.0,0.0,1,4070.0,4150.0,1,4365.0,0.0,0.0,0.0,0.0,0.0,2
2023-05-11 14:37:36,wr2309,wr2309,4365.0,0.0,0.0,0.0,1,4070.0,4149.0,2,4365.0,0.0,0.0,0.0,0.0,0.0,2
2023-05-11 14:37:39,wr2309,wr2309,4365.0,0.0,0.0,0.0,1,4070.0,4150.0,1,4365.0,0.0,0.0,0.0,0.0,0.0,2
2023-05-11 14:38:22,wr2309,wr2309,4365.0,0.0,0.0,0.0,1,4070.0,4149.0,2,4365.0,0.0,0.0,0.0,0.0,0.0,2
2023-05-11 14:38:24,wr2309,wr2309,4365.0,0.0,0.0,0.0,1,4070.0,4150.0,1,4365.0,0.0,0.0,0.0,0.0,0.0,2
2023-05-11 14:39:04,wr2309,wr2309,4365.0,0.0,0.0,0.0,1,4070.0,4149.0,2,4365.0,0.0,0.0,0.0,0.0,0.0,2
2023-05-11 14:39:07,wr2309,wr2309,4365.0,0.0,0.0,0.0,1,4070.0,4150.0,1,4365.0,0.0,0.0,0.0,0.0,0.0,2
2023-05-11 14:39:47,wr2309,wr2309,4365.0,0.0,0.0,0.0,1,4070.0,4149.0,2,4365.0,0.0,0.0,0.0,0.0,0.0,2
2023-05-11 14:39:49,wr2309,wr2309,4365.0,0.0,0.0,0.0,1,4070.0,4150.0,1,4365.0,0.0,0.0,0.0,0.0,0.0,2
2023-05-11 14:40:01,wr2309,wr2309,4365.0,0.0,0.0,0.0,1,4060.0,4150.0,1,4365.0,0.0,0.0,0.0,0.0,0.0,2
2023-05-11 14:40:07,wr2309,wr2309,4365.0,0.0,0.0,0.0,1,4050.0,4150.0,1,4365.0,0.0,0.0,0.0,0.0,0.0,2
2023-05-11 14:40:29,wr2309,wr2309,4365.0,0.0,0.0,0.0,1,4050.0,4149.0,2,4365.0,0.0,0.0,0.0,0.0,0.0,2
2023-05-11 14:45:29,wr2309,wr2309,4365.0,0.0,0.0,0.0,1,4050.0,4150.0,1,4365.0,0.0,0.0,0.0,0.0,0.0,2
2023-05-11 14:46:09,wr2309,wr2309,4365.0,0.0,0.0,0.0,1,4050.0,4149.0,2,4365.0,0.0,0.0,0.0,0.0,0.0,2
2023-05-11 14:47:03,wr2309,wr2309,4365.0,0.0,0.0,0.0,1,4050.0,4150.0,1,4365.0,0.0,0.0,0.0,0.0,0.0,2
2023-05-11 14:47:36,wr2309,wr2309,4365.0,0.0,0.0,0.0,1,4050.0,4149.0,2,4365.0,0.0,0.0,0.0,0.0,0.0,2
2023-05-11 14:48:06,wr2309,wr2309,4365.0,0.0,0.0,0.0,1,4040.0,4149.0,2,4365.0,0.0,0.0,0.0,0.0,0.0,2
2023-05-11 14:48:06,wr2309,wr2309,4365.0,0.0,0.0,0.0,1,4040.0,4150.0,1,4365.0,0.0,0.0,0.0,0.0,0.0,2
2023-05-11 14:48:19,wr2309,wr2309,4365.0,0.0,0.0,0.0,2,4041.0,4150.0,1,4365.0,0.0,0.0,0.0,0.0,0.0,2
2023-05-11 14:49:42,wr2309,wr2309,4365.0,0.0,0.0,0.0,1,4040.0,4150.0,1,4365.0,0.0,0.0,0.0,0.0,0.0,2
2023-05-11 14:49:45,wr2309,wr2309,4365.0,0.0,0.0,0.0,1,4040.0,4149.0,2,4365.0,0.0,0.0,0.0,0.0,0.0,2
2023-05-11 14:54:45,wr2309,wr2309,4365.0,0.0,0.0,0.0,1,4040.0,4150.0,1,4365.0,0.0,0.0,0.0,0.0,0.0,2
2023-05-11 14:55:26,wr2309,wr2309,4365.0,0.0,0.0,0.0,1,4040.0,4149.0,2,4365.0,0.0,0.0,0.0,0.0,0.0,2
2023-05-11 15:00:00,wr2309,wr2309,4365.0,0.0,0.0,0.0,1,4040.0,4149.0,2,4365.0,0.0,0.0,0.0,0.0,0.0,2
