time,symbol_id,symbol_name,last,trade_volume,trade_amount,open_interest_change,bv1,bp1,ap1,av1,yesterday_close,today_open,today_high,today_low,volume,amount,open_interest
2023-05-11 08:59:00,wr2403,wr2403,4407.0,0.0,0.0,0.0,1,4000.0,4488.0,1,4407.0,4469.0,0.0,0.0,0.0,0.0,1
2023-05-11 09:00:01,wr2403,wr2403,4407.0,0.0,0.0,0.0,1,4001.0,4488.0,1,4407.0,4469.0,0.0,0.0,0.0,0.0,1
2023-05-11 09:00:17,wr2403,wr2403,4407.0,0.0,0.0,0.0,1,4001.0,4488.0,1,4407.0,4469.0,0.0,0.0,0.0,0.0,1
2023-05-11 09:00:20,wr2403,wr2403,4407.0,0.0,0.0,0.0,2,4002.0,4488.0,1,4407.0,4469.0,0.0,0.0,0.0,0.0,1
2023-05-11 09:00:29,wr2403,wr2403,4407.0,0.0,0.0,0.0,1,4001.0,4488.0,1,4407.0,4469.0,0.0,0.0,0.0,0.0,1
2023-05-11 09:00:31,wr2403,wr2403,4407.0,0.0,0.0,0.0,1,4003.0,4488.0,1,4407.0,4469.0,0.0,0.0,0.0,0.0,1
2023-05-11 09:00:41,wr2403,wr2403,4407.0,0.0,0.0,0.0,1,4000.0,4488.0,1,4407.0,4469.0,0.0,0.0,0.0,0.0,1
2023-05-11 09:00:41,wr2403,wr2403,4407.0,0.0,0.0,0.0,1,4002.0,4488.0,1,4407.0,4469.0,0.0,0.0,0.0,0.0,1
2023-05-11 09:00:42,wr2403,wr2403,4407.0,0.0,0.0,0.0,1,4004.0,4488.0,1,4407.0,4469.0,0.0,0.0,0.0,0.0,1
2023-05-11 09:00:51,wr2403,wr2403,4407.0,0.0,0.0,0.0,1,4001.0,4488.0,1,4407.0,4469.0,0.0,0.0,0.0,0.0,1
2023-05-11 09:00:52,wr2403,wr2403,4407.0,0.0,0.0,0.0,1,4000.0,4488.0,1,4407.0,4469.0,0.0,0.0,0.0,0.0,1
2023-05-11 09:00:52,wr2403,wr2403,4407.0,0.0,0.0,0.0,1,4003.0,4488.0,1,4407.0,4469.0,0.0,0.0,0.0,0.0,1
2023-05-11 09:01:01,wr2403,wr2403,4407.0,0.0,0.0,0.0,1,4000.0,4488.0,1,4407.0,4469.0,0.0,0.0,0.0,0.0,1
2023-05-11 09:01:02,wr2403,wr2403,4407.0,0.0,0.0,0.0,1,4001.0,4487.0,2,4407.0,4469.0,0.0,0.0,0.0,0.0,1
2023-05-11 09:01:02,wr2403,wr2403,4407.0,0.0,0.0,0.0,1,4004.0,4487.0,2,4407.0,4469.0,0.0,0.0,0.0,0.0,1
2023-05-11 09:01:13,wr2403,wr2403,4407.0,0.0,0.0,0.0,1,4001.0,4487.0,2,4407.0,4469.0,0.0,0.0,0.0,0.0,1
2023-05-11 09:01:14,wr2403,wr2403,4407.0,0.0,0.0,0.0,1,4005.0,4488.0,1,4407.0,4469.0,0.0,0.0,0.0,0.0,1
2023-05-11 09:01:25,wr2403,wr2403,4407.0,0.0,0.0,0.0,1,4000.0,4488.0,1,4407.0,4469.0,0.0,0.0,0.0,0.0,1
2023-05-11 09:01:26,wr2403,wr2403,4407.0,0.0,0.0,0.0,1,4002.0,4488.0,1,4407.0,4469.0,0.0,0.0,0.0,0.0,1
2023-05-11 09:01:26,wr2403,wr2403,4407.0,0.0,0.0,0.0,1,4006.0,4488.0,1,4407.0,4469.0,0.0,0.0,0.0,0.0,1
2023-05-11 09:01:39,wr2403,wr2403,4407.0,0.0,0.0,0.0,1,4001.0,4488.0,1,4407.0,4469.0,0.0,0.0,0.0,0.0,1
2023-05-11 09:01:39,wr2403,wr2403,4407.0,0.0,0.0,0.0,1,4000.0,4488.0,1,4407.0,4469.0,0.0,0.0,0.0,0.0,1
2023-05-11 09:01:40,wr2403,wr2403,4407.0,0.0,0.0,0.0,1,4007.0,4488.0,1,4407.0,4469.0,0.0,0.0,0.0,0.0,1
2023-05-11 09:01:44,wr2403,wr2403,4407.0,0.0,0.0,0.0,1,4007.0,4487.0,2,4407.0,4469.0,0.0,0.0,0.0,0.0,1
2023-05-11 09:01:52,wr2403,wr2403,4407.0,0.0,0.0,0.0,1,4002.0,4487.0,2,4407.0,4469.0,0.0,0.0,0.0,0.0,1
2023-05-11 09:01:53,wr2403,wr2403,4407.0,0.0,0.0,0.0,1,4001.0,4487.0,2,4407.0,4469.0,0.0,0.0,0.0,0.0,1
2023-05-11 09:01:53,wr2403,wr2403,4407.0,0.0,0.0,0.0,1,4000.0,4487.0,2,4407.0,4469.0,0.0,0.0,0.0,0.0,1
2023-05-11 09:01:54,wr2403,wr2403,4407.0,0.0,0.0,0.0,1,4008.0,4487.0,2,4407.0,4469.0,0.0,0.0,0.0,0.0,1
2023-05-11 09:02:07,wr2403,wr2403,4407.0,0.0,0.0,0.0,1,4003.0,4487.0,2,4407.0,4469.0,0.0,0.0,0.0,0.0,1
2023-05-11 09:02:08,wr2403,wr2403,4407.0,0.0,0.0,0.0,1,4002.0,4487.0,2,4407.0,4469.0,0.0,0.0,0.0,0.0,1
2023-05-11 09:02:08,wr2403,wr2403,4407.0,0.0,0.0,0.0,1,4001.0,4487.0,2,4407.0,4469.0,0.0,0.0,0.0,0.0,1
2023-05-11 09:02:09,wr2403,wr2403,4407.0,0.0,0.0,0.0,1,4009.0,4487.0,2,4407.0,4469.0,0.0,0.0,0.0,0.0,1
2023-05-11 09:02:14,wr2403,wr2403,4407.0,0.0,0.0,0.0,1,4000.0,4487.0,2,4407.0,4469.0,0.0,0.0,0.0,0.0,1
2023-05-11 09:02:14,wr2403,wr2403,4407.0,0.0,0.0,0.0,1,4009.0,4487.0,2,4407.0,4469.0,0.0,0.0,0.0,0.0,1
2023-05-11 09:02:23,wr2403,wr2403,4407.0,0.0,0.0,0.0,1,4004.0,4487.0,2,4407.0,4469.0,0.0,0.0,0.0,0.0,1
2023-05-11 09:02:23,wr2403,wr2403,4407.0,0.0,0.0,0.0,1,4003.0,4488.0,1,4407.0,4469.0,0.0,0.0,0.0,0.0,1
2023-05-11 09:02:24,wr2403,wr2403,4407.0,0.0,0.0,0.0,1,4002.0,4488.0,1,4407.0,4469.0,0.0,0.0,0.0,0.0,1
2023-05-11 09:02:25,wr2403,wr2403,4407.0,0.0,0.0,0.0,1,4010.0,4488.0,1,4407.0,4469.0,0.0,0.0,0.0,0.0,1
2023-05-11 09:02:26,wr2403,wr2403,4407.0,0.0,0.0,0.0,1,4010.0,4488.0,1,4407.0,4469.0,0.0,0.0,0.0,0.0,1
2023-05-11 09:02:29,wr2403,wr2403,4407.0,0.0,0.0,0.0,1,4010.0,4486.0,1,4407.0,4469.0,0.0,0.0,0.0,0.0,1
2023-05-11 09:02:30,wr2403,wr2403,4407.0,0.0,0.0,0.0,2,4003.0,4486.0,1,4407.0,4469.0,0.0,0.0,0.0,0.0,1
2023-05-11 09:02:30,wr2403,wr2403,4407.0,0.0,0.0,0.0,1,4001.0,4486.0,1,4407.0,4469.0,0.0,0.0,0.0,0.0,1
2023-05-11 09:02:31,wr2403,wr2403,4407.0,0.0,0.0,0.0,1,4010.0,4486.0,1,4407.0,4469.0,0.0,0.0,0.0,0.0,1
2023-05-11 09:02:40,wr2403,wr2403,4407.0,0.0,0.0,0.0,1,4005.0,4486.0,1,4407.0,4469.0,0.0,0.0,0.0,0.0,1
2023-05-11 09:02:41,wr2403,wr2403,4407.0,0.0,0.0,0.0,1,4004.0,4486.0,1,4407.0,4469.0,0.0,0.0,0.0,0.0,1
2023-05-11 09:02:41,wr2403,wr2403,4407.0,0.0,0.0,0.0,1,4003.0,4486.0,1,4407.0,4469.0,0.0,0.0,0.0,0.0,1
2023-05-11 09:02:42,wr2403,wr2403,4407.0,0.0,0.0,0.0,1,4000.0,4486.0,1,4407.0,4469.0,0.0,0.0,0.0,0.0,1
2023-05-11 09:02:43,wr2403,wr2403,4407.0,0.0,0.0,0.0,1,4011.0,4486.0,1,4407.0,4469.0,0.0,0.0,0.0,0.0,1
2023-05-11 09:02:44,wr2403,wr2403,4407.0,0.0,0.0,0.0,1,4000.0,4486.0,1,4407.0,4469.0,0.0,0.0,0.0,0.0,1
2023-05-11 09:02:44,wr2403,wr2403,4407.0,0.0,0.0,0.0,1,4011.0,4486.0,1,4407.0,4469.0,0.0,0.0,0.0,0.0,1
2023-05-11 09:02:48,wr2403,wr2403,4407.0,0.0,0.0,0.0,1,4004.0,4486.0,1,4407.0,4469.0,0.0,0.0,0.0,0.0,1
2023-05-11 09:02:49,wr2403,wr2403,4407.0,0.0,0.0,0.0,1,4000.0,4486.0,1,4407.0,4469.0,0.0,0.0,0.0,0.0,1
2023-05-11 09:02:49,wr2403,wr2403,4407.0,0.0,0.0,0.0,1,4011.0,4486.0,1,4407.0,4469.0,0.0,0.0,0.0,0.0,1
2023-05-11 09:02:55,wr2403,wr2403,4407.0,0.0,0.0,0.0,1,4006.0,4486.0,1,4407.0,4469.0,0.0,0.0,0.0,0.0,1
2023-05-11 09:02:56,wr2403,wr2403,4407.0,0.0,0.0,0.0,1,4005.0,4486.0,1,4407.0,4469.0,0.0,0.0,0.0,0.0,1
2023-05-11 09:02:57,wr2403,wr2403,4407.0,0.0,0.0,0.0,1,4004.0,4486.0,1,4407.0,4469.0,0.0,0.0,0.0,0.0,1
2023-05-11 09:02:57,wr2403,wr2403,4407.0,0.0,0.0,0.0,1,4000.0,4486.0,1,4407.0,4469.0,0.0,0.0,0.0,0.0,1
2023-05-11 09:02:58,wr2403,wr2403,4407.0,0.0,0.0,0.0,1,4012.0,4486.0,1,4407.0,4469.0,0.0,0.0,0.0,0.0,1
2023-05-11 09:02:59,wr2403,wr2403,4407.0,0.0,0.0,0.0,1,4001.0,4486.0,1,4407.0,4469.0,0.0,0.0,0.0,0.0,1
2023-05-11 09:02:59,wr2403,wr2403,4407.0,0.0,0.0,0.0,1,4012.0,4486.0,1,4407.0,4469.0,0.0,0.0,0.0,0.0,1
2023-05-11 09:03:02,wr2403,wr2403,4407.0,0.0,0.0,0.0,1,4005.0,4486.0,1,4407.0,4469.0,0.0,0.0,0.0,0.0,1
2023-05-11 09:03:02,wr2403,wr2403,4407.0,0.0,0.0,0.0,1,4001.0,4486.0,1,4407.0,4469.0,0.0,0.0,0.0,0.0,1
2023-05-11 09:03:03,wr2403,wr2403,4407.0,0.0,0.0,0.0,1,4012.0,4486.0,1,4407.0,4469.0,0.0,0.0,0.0,0.0,1
2023-05-11 09:03:08,wr2403,wr2403,4407.0,0.0,0.0,0.0,1,4000.0,4486.0,1,4407.0,4469.0,0.0,0.0,0.0,0.0,1
2023-05-11 09:03:08,wr2403,wr2403,4407.0,0.0,0.0,0.0,1,4006.0,4486.0,1,4407.0,4469.0,0.0,0.0,0.0,0.0,1
2023-05-11 09:03:09,wr2403,wr2403,4407.0,0.0,0.0,0.0,1,4005.0,4486.0,1,4407.0,4469.0,0.0,0.0,0.0,0.0,1
2023-05-11 09:03:09,wr2403,wr2403,4407.0,0.0,0.0,0.0,1,4001.0,4486.0,1,4407.0,4469.0,0.0,0.0,0.0,0.0,1
2023-05-11 09:03:10,wr2403,wr2403,4407.0,0.0,0.0,0.0,1,4001.0,4485.0,2,4407.0,4469.0,0.0,0.0,0.0,0.0,1
2023-05-11 09:03:11,wr2403,wr2403,4407.0,0.0,0.0,0.0,1,4000.0,4485.0,2,4407.0,4469.0,0.0,0.0,0.0,0.0,1
2023-05-11 09:03:11,wr2403,wr2403,4407.0,0.0,0.0,0.0,1,4000.0,4486.0,1,4407.0,4469.0,0.0,0.0,0.0,0.0,1
2023-05-11 09:03:12,wr2403,wr2403,4407.0,0.0,0.0,0.0,1,4013.0,4486.0,1,4407.0,4469.0,0.0,0.0,0.0,0.0,1
2023-05-11 09:03:13,wr2403,wr2403,4407.0,0.0,0.0,0.0,1,4000.0,4486.0,1,4407.0,4469.0,0.0,0.0,0.0,0.0,1
2023-05-11 09:03:13,wr2403,wr2403,4407.0,0.0,0.0,0.0,1,4013.0,4486.0,1,4407.0,4469.0,0.0,0.0,0.0,0.0,1
2023-05-11 09:03:14,wr2403,wr2403,4407.0,0.0,0.0,0.0,1,4006.0,4486.0,1,4407.0,4469.0,0.0,0.0,0.0,0.0,1
2023-05-11 09:03:14,wr2403,wr2403,4407.0,0.0,0.0,0.0,1,4000.0,4486.0,1,4407.0,4469.0,0.0,0.0,0.0,0.0,1
2023-05-11 09:03:15,wr2403,wr2403,4407.0,0.0,0.0,0.0,1,4013.0,4486.0,1,4407.0,4469.0,0.0,0.0,0.0,0.0,1
2023-05-11 09:03:20,wr2403,wr2403,4407.0,0.0,0.0,0.0,1,4001.0,4486.0,1,4407.0,4469.0,0.0,0.0,0.0,0.0,1
2023-05-11 09:03:20,wr2403,wr2403,4407.0,0.0,0.0,0.0,1,4000.0,4486.0,1,4407.0,4469.0,0.0,0.0,0.0,0.0,1
2023-05-11 09:03:21,wr2403,wr2403,4407.0,0.0,0.0,0.0,1,4007.0,4486.0,1,4407.0,4469.0,0.0,0.0,0.0,0.0,1
2023-05-11 09:03:21,wr2403,wr2403,4407.0,0.0,0.0,0.0,1,4006.0,4486.0,1,4407.0,4469.0,0.0,0.0,0.0,0.0,1
2023-05-11 09:03:22,wr2403,wr2403,4407.0,0.0,0.0,0.0,1,4000.0,4486.0,1,4407.0,4469.0,0.0,0.0,0.0,0.0,1
2023-05-11 09:03:23,wr2403,wr2403,4407.0,0.0,0.0,0.0,1,4002.0,4486.0,1,4407.0,4469.0,0.0,0.0,0.0,0.0,1
2023-05-11 09:03:23,wr2403,wr2403,4407.0,0.0,0.0,0.0,1,4000.0,4486.0,1,4407.0,4469.0,0.0,0.0,0.0,0.0,1
2023-05-11 09:03:24,wr2403,wr2403,4407.0,0.0,0.0,0.0,1,4002.0,4486.0,1,4407.0,4469.0,0.0,0.0,0.0,0.0,1
2023-05-11 09:03:25,wr2403,wr2403,4407.0,0.0,0.0,0.0,1,4001.0,4486.0,1,4407.0,4469.0,0.0,0.0,0.0,0.0,1
2023-05-11 09:03:26,wr2403,wr2403,4407.0,0.0,0.0,0.0,1,4014.0,4486.0,1,4407.0,4469.0,0.0,0.0,0.0,0.0,1
2023-05-11 09:03:28,wr2403,wr2403,4407.0,0.0,0.0,0.0,1,4001.0,4486.0,1,4407.0,4469.0,0.0,0.0,0.0,0.0,1
2023-05-11 09:03:28,wr2403,wr2403,4407.0,0.0,0.0,0.0,1,4014.0,4486.0,1,4407.0,4469.0,0.0,0.0,0.0,0.0,1
2023-05-11 09:03:29,wr2403,wr2403,4407.0,0.0,0.0,0.0,1,4007.0,4486.0,1,4407.0,4469.0,0.0,0.0,0.0,0.0,1
2023-05-11 09:03:29,wr2403,wr2403,4407.0,0.0,0.0,0.0,1,4001.0,4486.0,1,4407.0,4469.0,0.0,0.0,0.0,0.0,1
2023-05-11 09:03:30,wr2403,wr2403,4407.0,0.0,0.0,0.0,1,4014.0,4486.0,1,4407.0,4469.0,0.0,0.0,0.0,0.0,1
2023-05-11 09:03:35,wr2403,wr2403,4407.0,0.0,0.0,0.0,1,4002.0,4486.0,1,4407.0,4469.0,0.0,0.0,0.0,0.0,1
2023-05-11 09:03:35,wr2403,wr2403,4407.0,0.0,0.0,0.0,1,4001.0,4486.0,1,4407.0,4469.0,0.0,0.0,0.0,0.0,1
2023-05-11 09:03:36,wr2403,wr2403,4407.0,0.0,0.0,0.0,1,4008.0,4486.0,1,4407.0,4469.0,0.0,0.0,0.0,0.0,1
2023-05-11 09:03:37,wr2403,wr2403,4407.0,0.0,0.0,0.0,1,4007.0,4486.0,1,4407.0,4469.0,0.0,0.0,0.0,0.0,1
2023-05-11 09:03:38,wr2403,wr2403,4407.0,0.0,0.0,0.0,1,4000.0,4486.0,1,4407.0,4469.0,0.0,0.0,0.0,0.0,1
2023-05-11 09:03:39,wr2403,wr2403,4407.0,0.0,0.0,0.0,1,4003.0,4486.0,1,4407.0,4469.0,0.0,0.0,0.0,0.0,1
2023-05-11 09:03:41,wr2403,wr2403,4407.0,0.0,0.0,0.0,1,4002.0,4486.0,1,4407.0,4469.0,0.0,0.0,0.0,0.0,1
2023-05-11 09:03:42,wr2403,wr2403,4407.0,0.0,0.0,0.0,1,4000.0,4486.0,1,4407.0,4469.0,0.0,0.0,0.0,0.0,1
2023-05-11 09:03:42,wr2403,wr2403,4407.0,0.0,0.0,0.0,1,4015.0,4486.0,1,4407.0,4469.0,0.0,0.0,0.0,0.0,1
2023-05-11 09:03:44,wr2403,wr2403,4407.0,0.0,0.0,0.0,1,4002.0,4486.0,1,4407.0,4469.0,0.0,0.0,0.0,0.0,1
2023-05-11 09:03:44,wr2403,wr2403,4407.0,0.0,0.0,0.0,1,4000.0,4486.0,1,4407.0,4469.0,0.0,0.0,0.0,0.0,1
2023-05-11 09:03:45,wr2403,wr2403,4407.0,0.0,0.0,0.0,1,4008.0,4486.0,1,4407.0,4469.0,0.0,0.0,0.0,0.0,1
2023-05-11 09:03:45,wr2403,wr2403,4407.0,0.0,0.0,0.0,1,4002.0,4486.0,1,4407.0,4469.0,0.0,0.0,0.0,0.0,1
2023-05-11 09:03:46,wr2403,wr2403,4407.0,0.0,0.0,0.0,1,4000.0,4486.0,1,4407.0,4469.0,0.0,0.0,0.0,0.0,1
2023-05-11 09:03:47,wr2403,wr2403,4407.0,0.0,0.0,0.0,1,4015.0,4486.0,1,4407.0,4469.0,0.0,0.0,0.0,0.0,1
2023-05-11 09:03:52,wr2403,wr2403,4407.0,0.0,0.0,0.0,1,4003.0,4486.0,1,4407.0,4469.0,0.0,0.0,0.0,0.0,1
2023-05-11 09:03:52,wr2403,wr2403,4407.0,0.0,0.0,0.0,1,4002.0,4486.0,1,4407.0,4469.0,0.0,0.0,0.0,0.0,1
2023-05-11 09:03:53,wr2403,wr2403,4407.0,0.0,0.0,0.0,1,4009.0,4485.0,2,4407.0,4469.0,0.0,0.0,0.0,0.0,1
2023-05-11 09:03:54,wr2403,wr2403,4407.0,0.0,0.0,0.0,1,4008.0,4485.0,2,4407.0,4469.0,0.0,0.0,0.0,0.0,1
2023-05-11 09:03:54,wr2403,wr2403,4407.0,0.0,0.0,0.0,1,4000.0,4485.0,2,4407.0,4469.0,0.0,0.0,0.0,0.0,1
2023-05-11 09:03:56,wr2403,wr2403,4407.0,0.0,0.0,0.0,1,4001.0,4485.0,2,4407.0,4469.0,0.0,0.0,0.0,0.0,1
2023-05-11 09:03:56,wr2403,wr2403,4407.0,0.0,0.0,0.0,1,4004.0,4485.0,2,4407.0,4469.0,0.0,0.0,0.0,0.0,1
2023-05-11 09:03:58,wr2403,wr2403,4407.0,0.0,0.0,0.0,1,4000.0,4485.0,2,4407.0,4469.0,0.0,0.0,0.0,0.0,1
2023-05-11 09:03:59,wr2403,wr2403,4407.0,0.0,0.0,0.0,1,4001.0,4485.0,2,4407.0,4469.0,0.0,0.0,0.0,0.0,1
2023-05-11 09:04:00,wr2403,wr2403,4407.0,0.0,0.0,0.0,1,4016.0,4485.0,2,4407.0,4469.0,0.0,0.0,0.0,0.0,1
2023-05-11 09:04:01,wr2403,wr2403,4407.0,0.0,0.0,0.0,1,4003.0,4485.0,2,4407.0,4469.0,0.0,0.0,0.0,0.0,1
2023-05-11 09:04:02,wr2403,wr2403,4407.0,0.0,0.0,0.0,1,4001.0,4485.0,2,4407.0,4469.0,0.0,0.0,0.0,0.0,1
2023-05-11 09:04:02,wr2403,wr2403,4407.0,0.0,0.0,0.0,1,4009.0,4485.0,2,4407.0,4469.0,0.0,0.0,0.0,0.0,1
2023-05-11 09:04:03,wr2403,wr2403,4407.0,0.0,0.0,0.0,1,4003.0,4485.0,2,4407.0,4469.0,0.0,0.0,0.0,0.0,1
2023-05-11 09:04:04,wr2403,wr2403,4407.0,0.0,0.0,0.0,1,4000.0,4485.0,2,4407.0,4469.0,0.0,0.0,0.0,0.0,1
2023-05-11 09:04:04,wr2403,wr2403,4407.0,0.0,0.0,0.0,1,4001.0,4485.0,2,4407.0,4469.0,0.0,0.0,0.0,0.0,1
2023-05-11 09:04:05,wr2403,wr2403,4407.0,0.0,0.0,0.0,1,4016.0,4485.0,2,4407.0,4469.0,0.0,0.0,0.0,0.0,1
2023-05-11 09:04:11,wr2403,wr2403,4407.0,0.0,0.0,0.0,1,4004.0,4485.0,2,4407.0,4469.0,0.0,0.0,0.0,0.0,1
2023-05-11 09:04:12,wr2403,wr2403,4407.0,0.0,0.0,0.0,1,4003.0,4485.0,2,4407.0,4469.0,0.0,0.0,0.0,0.0,1
2023-05-11 09:04:12,wr2403,wr2403,4407.0,0.0,0.0,0.0,1,4003.0,4486.0,1,4407.0,4469.0,0.0,0.0,0.0,0.0,1
2023-05-11 09:04:13,wr2403,wr2403,4407.0,0.0,0.0,0.0,1,4010.0,4486.0,1,4407.0,4469.0,0.0,0.0,0.0,0.0,1
2023-05-11 09:04:14,wr2403,wr2403,4407.0,0.0,0.0,0.0,1,4009.0,4486.0,1,4407.0,4469.0,0.0,0.0,0.0,0.0,1
2023-05-11 09:04:14,wr2403,wr2403,4407.0,0.0,0.0,0.0,1,4001.0,4486.0,1,4407.0,4469.0,0.0,0.0,0.0,0.0,1
2023-05-11 09:04:16,wr2403,wr2403,4407.0,0.0,0.0,0.0,1,4005.0,4486.0,1,4407.0,4469.0,0.0,0.0,0.0,0.0,1
2023-05-11 09:04:19,wr2403,wr2403,4407.0,0.0,0.0,0.0,1,4001.0,4486.0,1,4407.0,4469.0,0.0,0.0,0.0,0.0,1
2023-05-11 09:04:21,wr2403,wr2403,4407.0,0.0,0.0,0.0,1,4017.0,4486.0,1,4407.0,4469.0,0.0,0.0,0.0,0.0,1
2023-05-11 09:04:22,wr2403,wr2403,4407.0,0.0,0.0,0.0,1,4004.0,4486.0,1,4407.0,4469.0,0.0,0.0,0.0,0.0,1
2023-05-11 09:04:23,wr2403,wr2403,4407.0,0.0,0.0,0.0,1,4002.0,4486.0,1,4407.0,4469.0,0.0,0.0,0.0,0.0,1
2023-05-11 09:04:24,wr2403,wr2403,4407.0,0.0,0.0,0.0,1,4010.0,4486.0,1,4407.0,4469.0,0.0,0.0,0.0,0.0,1
2023-05-11 09:04:24,wr2403,wr2403,4407.0,0.0,0.0,0.0,1,4000.0,4486.0,1,4407.0,4469.0,0.0,0.0,0.0,0.0,1
2023-05-11 09:04:25,wr2403,wr2403,4407.0,0.0,0.0,0.0,1,4004.0,4486.0,1,4407.0,4469.0,0.0,0.0,0.0,0.0,1
2023-05-11 09:04:26,wr2403,wr2403,4407.0,0.0,0.0,0.0,1,4000.0,4486.0,1,4407.0,4469.0,0.0,0.0,0.0,0.0,1
2023-05-11 09:04:26,wr2403,wr2403,4407.0,0.0,0.0,0.0,1,4001.0,4486.0,1,4407.0,4469.0,0.0,0.0,0.0,0.0,1
2023-05-11 09:04:27,wr2403,wr2403,4407.0,0.0,0.0,0.0,1,4017.0,4486.0,1,4407.0,4469.0,0.0,0.0,0.0,0.0,1
2023-05-11 09:04:35,wr2403,wr2403,4407.0,0.0,0.0,0.0,1,4005.0,4486.0,1,4407.0,4469.0,0.0,0.0,0.0,0.0,1
2023-05-11 09:04:35,wr2403,wr2403,4407.0,0.0,0.0,0.0,1,4004.0,4486.0,1,4407.0,4469.0,0.0,0.0,0.0,0.0,1
2023-05-11 09:04:36,wr2403,wr2403,4407.0,0.0,0.0,0.0,1,4000.0,4485.0,2,4407.0,4469.0,0.0,0.0,0.0,0.0,1
2023-05-11 09:04:36,wr2403,wr2403,4407.0,0.0,0.0,0.0,1,4011.0,4485.0,2,4407.0,4469.0,0.0,0.0,0.0,0.0,1
2023-05-11 09:04:37,wr2403,wr2403,4407.0,0.0,0.0,0.0,1,4010.0,4485.0,2,4407.0,4469.0,0.0,0.0,0.0,0.0,1
2023-05-11 09:04:38,wr2403,wr2403,4407.0,0.0,0.0,0.0,1,4000.0,4485.0,2,4407.0,4469.0,0.0,0.0,0.0,0.0,1
2023-05-11 09:04:39,wr2403,wr2403,4407.0,0.0,0.0,0.0,1,4002.0,4485.0,2,4407.0,4469.0,0.0,0.0,0.0,0.0,1
2023-05-11 09:04:39,wr2403,wr2403,4407.0,0.0,0.0,0.0,1,4006.0,4486.0,1,4407.0,4469.0,0.0,0.0,0.0,0.0,1
2023-05-11 09:04:42,wr2403,wr2403,4407.0,0.0,0.0,0.0,1,4002.0,4486.0,1,4407.0,4469.0,0.0,0.0,0.0,0.0,1
2023-05-11 09:04:43,wr2403,wr2403,4407.0,0.0,0.0,0.0,1,4018.0,4486.0,1,4407.0,4469.0,0.0,0.0,0.0,0.0,1
2023-05-11 09:04:45,wr2403,wr2403,4407.0,0.0,0.0,0.0,1,4005.0,4486.0,1,4407.0,4469.0,0.0,0.0,0.0,0.0,1
2023-05-11 09:04:46,wr2403,wr2403,4407.0,0.0,0.0,0.0,1,4003.0,4486.0,1,4407.0,4469.0,0.0,0.0,0.0,0.0,1
2023-05-11 09:04:47,wr2403,wr2403,4407.0,0.0,0.0,0.0,1,4011.0,4486.0,1,4407.0,4469.0,0.0,0.0,0.0,0.0,1
2023-05-11 09:04:48,wr2403,wr2403,4407.0,0.0,0.0,0.0,1,4001.0,4486.0,1,4407.0,4469.0,0.0,0.0,0.0,0.0,1
2023-05-11 09:04:48,wr2403,wr2403,4407.0,0.0,0.0,0.0,1,4000.0,4486.0,1,4407.0,4469.0,0.0,0.0,0.0,0.0,1
2023-05-11 09:04:49,wr2403,wr2403,4407.0,0.0,0.0,0.0,1,4005.0,4486.0,1,4407.0,4469.0,0.0,0.0,0.0,0.0,1
2023-05-11 09:04:50,wr2403,wr2403,4407.0,0.0,0.0,0.0,1,4001.0,4486.0,1,4407.0,4469.0,0.0,0.0,0.0,0.0,1
2023-05-11 09:04:51,wr2403,wr2403,4407.0,0.0,0.0,0.0,1,4018.0,4486.0,1,4407.0,4469.0,0.0,0.0,0.0,0.0,1
2023-05-11 09:04:59,wr2403,wr2403,4407.0,0.0,0.0,0.0,1,4006.0,4486.0,1,4407.0,4469.0,0.0,0.0,0.0,0.0,1
2023-05-11 09:05:00,wr2403,wr2403,4407.0,0.0,0.0,0.0,1,4005.0,4486.0,1,4407.0,4469.0,0.0,0.0,0.0,0.0,1
2023-05-11 09:05:00,wr2403,wr2403,4407.0,0.0,0.0,0.0,1,4001.0,4486.0,1,4407.0,4469.0,0.0,0.0,0.0,0.0,1
2023-05-11 09:05:01,wr2403,wr2403,4407.0,0.0,0.0,0.0,1,4012.0,4486.0,1,4407.0,4469.0,0.0,0.0,0.0,0.0,1
2023-05-11 09:05:01,wr2403,wr2403,4407.0,0.0,0.0,0.0,1,4000.0,4486.0,1,4407.0,4469.0,0.0,0.0,0.0,0.0,1
2023-05-11 09:05:02,wr2403,wr2403,4407.0,0.0,0.0,0.0,1,4001.0,4486.0,1,4407.0,4469.0,0.0,0.0,0.0,0.0,1
2023-05-11 09:05:04,wr2403,wr2403,4407.0,0.0,0.0,0.0,1,4000.0,4486.0,1,4407.0,4469.0,0.0,0.0,0.0,0.0,1
2023-05-11 09:05:04,wr2403,wr2403,4407.0,0.0,0.0,0.0,1,4007.0,4486.0,1,4407.0,4469.0,0.0,0.0,0.0,0.0,1
2023-05-11 09:05:06,wr2403,wr2403,4407.0,0.0,0.0,0.0,1,4003.0,4486.0,1,4407.0,4469.0,0.0,0.0,0.0,0.0,1
2023-05-11 09:05:06,wr2403,wr2403,4407.0,0.0,0.0,0.0,1,4000.0,4486.0,1,4407.0,4469.0,0.0,0.0,0.0,0.0,1
2023-05-11 09:05:07,wr2403,wr2403,4407.0,0.0,0.0,0.0,1,4003.0,4486.0,1,4407.0,4469.0,0.0,0.0,0.0,0.0,1
2023-05-11 09:05:07,wr2403,wr2403,4407.0,0.0,0.0,0.0,1,4019.0,4486.0,1,4407.0,4469.0,0.0,0.0,0.0,0.0,1
2023-05-11 09:05:09,wr2403,wr2403,4407.0,0.0,0.0,0.0,1,4006.0,4486.0,1,4407.0,4469.0,0.0,0.0,0.0,0.0,1
2023-05-11 09:05:10,wr2403,wr2403,4407.0,0.0,0.0,0.0,1,4004.0,4486.0,1,4407.0,4469.0,0.0,0.0,0.0,0.0,1
2023-05-11 09:05:10,wr2403,wr2403,4407.0,0.0,0.0,0.0,1,4012.0,4486.0,1,4407.0,4469.0,0.0,0.0,0.0,0.0,1
2023-05-11 09:05:11,wr2403,wr2403,4407.0,0.0,0.0,0.0,1,4000.0,4486.0,1,4407.0,4469.0,0.0,0.0,0.0,0.0,1
2023-05-11 09:05:12,wr2403,wr2403,4407.0,0.0,0.0,0.0,1,4002.0,4486.0,1,4407.0,4469.0,0.0,0.0,0.0,0.0,1
2023-05-11 09:05:12,wr2403,wr2403,4407.0,0.0,0.0,0.0,1,4001.0,4486.0,1,4407.0,4469.0,0.0,0.0,0.0,0.0,1
2023-05-11 09:05:13,wr2403,wr2403,4407.0,0.0,0.0,0.0,1,4006.0,4486.0,1,4407.0,4469.0,0.0,0.0,0.0,0.0,1
2023-05-11 09:05:14,wr2403,wr2403,4407.0,0.0,0.0,0.0,1,4006.0,4485.0,1,4407.0,4469.0,0.0,0.0,0.0,0.0,1
2023-05-11 09:05:14,wr2403,wr2403,4407.0,0.0,0.0,0.0,1,4002.0,4485.0,1,4407.0,4469.0,0.0,0.0,0.0,0.0,1
2023-05-11 09:05:16,wr2403,wr2403,4407.0,0.0,0.0,0.0,1,4019.0,4485.0,1,4407.0,4469.0,0.0,0.0,0.0,0.0,1
2023-05-11 09:05:20,wr2403,wr2403,4407.0,0.0,0.0,0.0,1,4019.0,4484.0,2,4407.0,4469.0,0.0,0.0,0.0,0.0,1
2023-05-11 09:05:26,wr2403,wr2403,4407.0,0.0,0.0,0.0,1,4000.0,4484.0,2,4407.0,4469.0,0.0,0.0,0.0,0.0,1
2023-05-11 09:05:27,wr2403,wr2403,4407.0,0.0,0.0,0.0,1,4006.0,4484.0,2,4407.0,4469.0,0.0,0.0,0.0,0.0,1
2023-05-11 09:05:27,wr2403,wr2403,4407.0,0.0,0.0,0.0,1,4002.0,4484.0,2,4407.0,4469.0,0.0,0.0,0.0,0.0,1
2023-05-11 09:05:28,wr2403,wr2403,4407.0,0.0,0.0,0.0,1,4013.0,4484.0,2,4407.0,4469.0,0.0,0.0,0.0,0.0,1
2023-05-11 09:05:28,wr2403,wr2403,4407.0,0.0,0.0,0.0,1,4001.0,4484.0,2,4407.0,4469.0,0.0,0.0,0.0,0.0,1
2023-05-11 09:05:29,wr2403,wr2403,4407.0,0.0,0.0,0.0,1,4000.0,4484.0,2,4407.0,4469.0,0.0,0.0,0.0,0.0,1
2023-05-11 09:05:29,wr2403,wr2403,4407.0,0.0,0.0,0.0,1,4001.0,4484.0,2,4407.0,4469.0,0.0,0.0,0.0,0.0,1
2023-05-11 09:05:30,wr2403,wr2403,4407.0,0.0,0.0,0.0,1,4001.0,4485.0,1,4407.0,4469.0,0.0,0.0,0.0,0.0,1
2023-05-11 09:05:31,wr2403,wr2403,4407.0,0.0,0.0,0.0,1,4000.0,4485.0,1,4407.0,4469.0,0.0,0.0,0.0,0.0,1
2023-05-11 09:05:31,wr2403,wr2403,4407.0,0.0,0.0,0.0,1,4008.0,4485.0,1,4407.0,4469.0,0.0,0.0,0.0,0.0,1
2023-05-11 09:05:32,wr2403,wr2403,4407.0,0.0,0.0,0.0,1,4004.0,4485.0,1,4407.0,4469.0,0.0,0.0,0.0,0.0,1
2023-05-11 09:05:33,wr2403,wr2403,4407.0,0.0,0.0,0.0,1,4000.0,4485.0,1,4407.0,4469.0,0.0,0.0,0.0,0.0,1
2023-05-11 09:05:34,wr2403,wr2403,4407.0,0.0,0.0,0.0,1,4020.0,4485.0,1,4407.0,4469.0,0.0,0.0,0.0,0.0,1
2023-05-11 09:05:36,wr2403,wr2403,4407.0,0.0,0.0,0.0,1,4007.0,4485.0,1,4407.0,4469.0,0.0,0.0,0.0,0.0,1
2023-05-11 09:05:37,wr2403,wr2403,4407.0,0.0,0.0,0.0,1,4000.0,4485.0,1,4407.0,4469.0,0.0,0.0,0.0,0.0,1
2023-05-11 09:05:37,wr2403,wr2403,4407.0,0.0,0.0,0.0,1,4005.0,4485.0,1,4407.0,4469.0,0.0,0.0,0.0,0.0,1
2023-05-11 09:05:38,wr2403,wr2403,4407.0,0.0,0.0,0.0,1,4013.0,4485.0,1,4407.0,4469.0,0.0,0.0,0.0,0.0,1
2023-05-11 09:05:39,wr2403,wr2403,4407.0,0.0,0.0,0.0,1,4001.0,4485.0,1,4407.0,4469.0,0.0,0.0,0.0,0.0,1
2023-05-11 09:05:39,wr2403,wr2403,4407.0,0.0,0.0,0.0,1,4000.0,4485.0,1,4407.0,4469.0,0.0,0.0,0.0,0.0,1
2023-05-11 09:05:40,wr2403,wr2403,4407.0,0.0,0.0,0.0,1,4003.0,4485.0,1,4407.0,4469.0,0.0,0.0,0.0,0.0,1
2023-05-11 09:05:40,wr2403,wr2403,4407.0,0.0,0.0,0.0,1,4002.0,4485.0,1,4407.0,4469.0,0.0,0.0,0.0,0.0,1
2023-05-11 09:05:41,wr2403,wr2403,4407.0,0.0,0.0,0.0,1,4007.0,4485.0,1,4407.0,4469.0,0.0,0.0,0.0,0.0,1
2023-05-11 09:05:42,wr2403,wr2403,4407.0,0.0,0.0,0.0,1,4000.0,4485.0,1,4407.0,4469.0,0.0,0.0,0.0,0.0,1
2023-05-11 09:05:42,wr2403,wr2403,4407.0,0.0,0.0,0.0,1,4007.0,4485.0,1,4407.0,4469.0,0.0,0.0,0.0,0.0,1
2023-05-11 09:05:43,wr2403,wr2403,4407.0,0.0,0.0,0.0,1,4003.0,4485.0,1,4407.0,4469.0,0.0,0.0,0.0,0.0,1
2023-05-11 09:05:45,wr2403,wr2403,4407.0,0.0,0.0,0.0,1,4020.0,4485.0,1,4407.0,4469.0,0.0,0.0,0.0,0.0,1
2023-05-11 09:05:50,wr2403,wr2403,4407.0,0.0,0.0,0.0,1,4000.0,4485.0,1,4407.0,4469.0,0.0,0.0,0.0,0.0,1
2023-05-11 09:05:50,wr2403,wr2403,4407.0,0.0,0.0,0.0,1,4020.0,4485.0,1,4407.0,4469.0,0.0,0.0,0.0,0.0,1
2023-05-11 09:05:58,wr2403,wr2403,4407.0,0.0,0.0,0.0,1,4001.0,4485.0,1,4407.0,4469.0,0.0,0.0,0.0,0.0,1
2023-05-11 09:05:59,wr2403,wr2403,4407.0,0.0,0.0,0.0,1,4007.0,4485.0,1,4407.0,4469.0,0.0,0.0,0.0,0.0,1
2023-05-11 09:05:59,wr2403,wr2403,4407.0,0.0,0.0,0.0,1,4000.0,4485.0,1,4407.0,4469.0,0.0,0.0,0.0,0.0,1
2023-05-11 09:06:00,wr2403,wr2403,4407.0,0.0,0.0,0.0,1,4014.0,4485.0,1,4407.0,4469.0,0.0,0.0,0.0,0.0,1
2023-05-11 09:06:00,wr2403,wr2403,4407.0,0.0,0.0,0.0,1,4002.0,4485.0,1,4407.0,4469.0,0.0,0.0,0.0,0.0,1
2023-05-11 09:06:01,wr2403,wr2403,4407.0,0.0,0.0,0.0,1,4001.0,4485.0,1,4407.0,4469.0,0.0,0.0,0.0,0.0,1
2023-05-11 09:06:03,wr2403,wr2403,4407.0,0.0,0.0,0.0,2,4003.0,4485.0,1,4407.0,4469.0,0.0,0.0,0.0,0.0,1
2023-05-11 09:06:04,wr2403,wr2403,4407.0,0.0,0.0,0.0,1,4009.0,4485.0,1,4407.0,4469.0,0.0,0.0,0.0,0.0,1
2023-05-11 09:06:05,wr2403,wr2403,4407.0,0.0,0.0,0.0,2,4003.0,4485.0,1,4407.0,4469.0,0.0,0.0,0.0,0.0,1
2023-05-11 09:06:06,wr2403,wr2403,4407.0,0.0,0.0,0.0,2,4003.0,4485.0,1,4407.0,4469.0,0.0,0.0,0.0,0.0,1
2023-05-11 09:06:07,wr2403,wr2403,4407.0,0.0,0.0,0.0,1,4021.0,4485.0,1,4407.0,4469.0,0.0,0.0,0.0,0.0,1
2023-05-11 09:06:08,wr2403,wr2403,4407.0,0.0,0.0,0.0,1,4021.0,4485.0,1,4407.0,4469.0,0.0,0.0,0.0,0.0,1
2023-05-11 09:06:10,wr2403,wr2403,4407.0,0.0,0.0,0.0,1,4008.0,4485.0,1,4407.0,4469.0,0.0,0.0,0.0,0.0,1
2023-05-11 09:06:11,wr2403,wr2403,4407.0,0.0,0.0,0.0,1,4001.0,4485.0,1,4407.0,4469.0,0.0,0.0,0.0,0.0,1
2023-05-11 09:06:11,wr2403,wr2403,4407.0,0.0,0.0,0.0,1,4000.0,4485.0,1,4407.0,4469.0,0.0,0.0,0.0,0.0,1
2023-05-11 09:06:12,wr2403,wr2403,4407.0,0.0,0.0,0.0,1,4014.0,4485.0,1,4407.0,4469.0,0.0,0.0,0.0,0.0,1
2023-05-11 09:06:13,wr2403,wr2403,4407.0,0.0,0.0,0.0,1,4002.0,4485.0,1,4407.0,4469.0,0.0,0.0,0.0,0.0,1
2023-05-11 09:06:14,wr2403,wr2403,4407.0,0.0,0.0,0.0,1,4001.0,4485.0,1,4407.0,4469.0,0.0,0.0,0.0,0.0,1
2023-05-11 09:06:14,wr2403,wr2403,4407.0,0.0,0.0,0.0,1,4004.0,4485.0,1,4407.0,4469.0,0.0,0.0,0.0,0.0,1
2023-05-11 09:06:15,wr2403,wr2403,4407.0,0.0,0.0,0.0,1,4003.0,4485.0,1,4407.0,4469.0,0.0,0.0,0.0,0.0,1
2023-05-11 09:06:15,wr2403,wr2403,4407.0,0.0,0.0,0.0,1,4000.0,4485.0,1,4407.0,4469.0,0.0,0.0,0.0,0.0,1
2023-05-11 09:06:16,wr2403,wr2403,4407.0,0.0,0.0,0.0,1,4008.0,4485.0,1,4407.0,4469.0,0.0,0.0,0.0,0.0,1
2023-05-11 09:06:17,wr2403,wr2403,4407.0,0.0,0.0,0.0,1,4001.0,4485.0,1,4407.0,4469.0,0.0,0.0,0.0,0.0,1
2023-05-11 09:06:17,wr2403,wr2403,4407.0,0.0,0.0,0.0,1,4000.0,4485.0,1,4407.0,4469.0,0.0,0.0,0.0,0.0,1
2023-05-11 09:06:18,wr2403,wr2403,4407.0,0.0,0.0,0.0,1,4004.0,4485.0,1,4407.0,4469.0,0.0,0.0,0.0,0.0,1
2023-05-11 09:06:19,wr2403,wr2403,4407.0,0.0,0.0,0.0,1,4021.0,4485.0,1,4407.0,4469.0,0.0,0.0,0.0,0.0,1
2023-05-11 09:06:22,wr2403,wr2403,4407.0,0.0,0.0,0.0,1,4000.0,4485.0,1,4407.0,4469.0,0.0,0.0,0.0,0.0,1
2023-05-11 09:06:22,wr2403,wr2403,4407.0,0.0,0.0,0.0,1,4001.0,4485.0,1,4407.0,4469.0,0.0,0.0,0.0,0.0,1
2023-05-11 09:06:23,wr2403,wr2403,4407.0,0.0,0.0,0.0,1,4021.0,4485.0,1,4407.0,4469.0,0.0,0.0,0.0,0.0,1
2023-05-11 09:06:30,wr2403,wr2403,4407.0,0.0,0.0,0.0,1,4000.0,4485.0,1,4407.0,4469.0,0.0,0.0,0.0,0.0,1
2023-05-11 09:06:30,wr2403,wr2403,4407.0,0.0,0.0,0.0,1,4002.0,4485.0,1,4407.0,4469.0,0.0,0.0,0.0,0.0,1
2023-05-11 09:06:31,wr2403,wr2403,4407.0,0.0,0.0,0.0,1,4008.0,4485.0,1,4407.0,4469.0,0.0,0.0,0.0,0.0,1
2023-05-11 09:06:31,wr2403,wr2403,4407.0,0.0,0.0,0.0,1,4001.0,4485.0,1,4407.0,4469.0,0.0,0.0,0.0,0.0,1
2023-05-11 09:06:32,wr2403,wr2403,4407.0,0.0,0.0,0.0,1,4015.0,4485.0,1,4407.0,4469.0,0.0,0.0,0.0,0.0,1
2023-05-11 09:06:33,wr2403,wr2403,4407.0,0.0,0.0,0.0,1,4003.0,4485.0,1,4407.0,4469.0,0.0,0.0,0.0,0.0,1
2023-05-11 09:06:36,wr2403,wr2403,4407.0,0.0,0.0,0.0,1,4000.0,4485.0,1,4407.0,4469.0,0.0,0.0,0.0,0.0,1
2023-05-11 09:06:37,wr2403,wr2403,4407.0,0.0,0.0,0.0,1,4004.0,4485.0,1,4407.0,4469.0,0.0,0.0,0.0,0.0,1
2023-05-11 09:06:38,wr2403,wr2403,4407.0,0.0,0.0,0.0,1,4022.0,4485.0,1,4407.0,4469.0,0.0,0.0,0.0,0.0,1
2023-05-11 09:06:41,wr2403,wr2403,4407.0,0.0,0.0,0.0,1,4002.0,4485.0,1,4407.0,4469.0,0.0,0.0,0.0,0.0,1
2023-05-11 09:06:42,wr2403,wr2403,4407.0,0.0,0.0,0.0,1,4000.0,4485.0,1,4407.0,4469.0,0.0,0.0,0.0,0.0,1
2023-05-11 09:06:42,wr2403,wr2403,4407.0,0.0,0.0,0.0,1,4001.0,4485.0,1,4407.0,4469.0,0.0,0.0,0.0,0.0,1
2023-05-11 09:06:43,wr2403,wr2403,4407.0,0.0,0.0,0.0,1,4003.0,4485.0,1,4407.0,4469.0,0.0,0.0,0.0,0.0,1
2023-05-11 09:06:44,wr2403,wr2403,4407.0,0.0,0.0,0.0,1,4002.0,4485.0,1,4407.0,4469.0,0.0,0.0,0.0,0.0,1
2023-05-11 09:06:44,wr2403,wr2403,4407.0,0.0,0.0,0.0,1,4000.0,4485.0,1,4407.0,4469.0,0.0,0.0,0.0,0.0,1
2023-05-11 09:06:45,wr2403,wr2403,4407.0,0.0,0.0,0.0,1,4005.0,4485.0,1,4407.0,4469.0,0.0,0.0,0.0,0.0,1
2023-05-11 09:06:45,wr2403,wr2403,4407.0,0.0,0.0,0.0,1,4000.0,4485.0,1,4407.0,4469.0,0.0,0.0,0.0,0.0,1
2023-05-11 09:06:46,wr2403,wr2403,4407.0,0.0,0.0,0.0,1,4009.0,4485.0,1,4407.0,4469.0,0.0,0.0,0.0,0.0,1
2023-05-11 09:06:46,wr2403,wr2403,4407.0,0.0,0.0,0.0,1,4001.0,4484.0,2,4407.0,4469.0,0.0,0.0,0.0,0.0,1
2023-05-11 09:06:47,wr2403,wr2403,4407.0,0.0,0.0,0.0,1,4005.0,4484.0,2,4407.0,4469.0,0.0,0.0,0.0,0.0,1
2023-05-11 09:06:47,wr2403,wr2403,4407.0,0.0,0.0,0.0,1,4000.0,4484.0,2,4407.0,4469.0,0.0,0.0,0.0,0.0,1
2023-05-11 09:06:48,wr2403,wr2403,4407.0,0.0,0.0,0.0,1,4022.0,4484.0,2,4407.0,4469.0,0.0,0.0,0.0,0.0,1
2023-05-11 09:06:50,wr2403,wr2403,4407.0,0.0,0.0,0.0,1,4001.0,4484.0,2,4407.0,4469.0,0.0,0.0,0.0,0.0,1
2023-05-11 09:06:51,wr2403,wr2403,4407.0,0.0,0.0,0.0,1,4022.0,4484.0,2,4407.0,4469.0,0.0,0.0,0.0,0.0,1
2023-05-11 09:06:54,wr2403,wr2403,4407.0,0.0,0.0,0.0,1,4001.0,4484.0,2,4407.0,4469.0,0.0,0.0,0.0,0.0,1
2023-05-11 09:06:55,wr2403,wr2403,4407.0,0.0,0.0,0.0,1,4003.0,4484.0,2,4407.0,4469.0,0.0,0.0,0.0,0.0,1
2023-05-11 09:06:55,wr2403,wr2403,4407.0,0.0,0.0,0.0,1,4000.0,4484.0,2,4407.0,4469.0,0.0,0.0,0.0,0.0,1
2023-05-11 09:06:56,wr2403,wr2403,4407.0,0.0,0.0,0.0,1,4002.0,4484.0,2,4407.0,4469.0,0.0,0.0,0.0,0.0,1
2023-05-11 09:06:56,wr2403,wr2403,4407.0,0.0,0.0,0.0,1,4016.0,4484.0,2,4407.0,4469.0,0.0,0.0,0.0,0.0,1
2023-05-11 09:06:57,wr2403,wr2403,4407.0,0.0,0.0,0.0,1,4004.0,4484.0,2,4407.0,4469.0,0.0,0.0,0.0,0.0,1
2023-05-11 09:06:58,wr2403,wr2403,4407.0,0.0,0.0,0.0,1,4000.0,4484.0,2,4407.0,4469.0,0.0,0.0,0.0,0.0,1
2023-05-11 09:06:59,wr2403,wr2403,4407.0,0.0,0.0,0.0,1,4001.0,4484.0,2,4407.0,4469.0,0.0,0.0,0.0,0.0,1
2023-05-11 09:06:59,wr2403,wr2403,4407.0,0.0,0.0,0.0,1,4000.0,4484.0,2,4407.0,4469.0,0.0,0.0,0.0,0.0,1
2023-05-11 09:07:00,wr2403,wr2403,4407.0,0.0,0.0,0.0,1,4023.0,4484.0,2,4407.0,4469.0,0.0,0.0,0.0,0.0,1
2023-05-11 09:07:03,wr2403,wr2403,4407.0,0.0,0.0,0.0,1,4000.0,4484.0,2,4407.0,4469.0,0.0,0.0,0.0,0.0,1
2023-05-11 09:07:04,wr2403,wr2403,4407.0,0.0,0.0,0.0,1,4001.0,4484.0,2,4407.0,4469.0,0.0,0.0,0.0,0.0,1
2023-05-11 09:07:05,wr2403,wr2403,4407.0,0.0,0.0,0.0,1,4004.0,4484.0,2,4407.0,4469.0,0.0,0.0,0.0,0.0,1
2023-05-11 09:07:05,wr2403,wr2403,4407.0,0.0,0.0,0.0,1,4003.0,4484.0,2,4407.0,4469.0,0.0,0.0,0.0,0.0,1
2023-05-11 09:07:06,wr2403,wr2403,4407.0,0.0,0.0,0.0,1,4000.0,4484.0,2,4407.0,4469.0,0.0,0.0,0.0,0.0,1
2023-05-11 09:07:07,wr2403,wr2403,4407.0,0.0,0.0,0.0,1,4001.0,4484.0,2,4407.0,4469.0,0.0,0.0,0.0,0.0,1
2023-05-11 09:07:07,wr2403,wr2403,4407.0,0.0,0.0,0.0,1,4001.0,4480.0,1,4407.0,4469.0,0.0,0.0,0.0,0.0,1
2023-05-11 09:07:08,wr2403,wr2403,4407.0,0.0,0.0,0.0,1,4000.0,4480.0,1,4407.0,4469.0,0.0,0.0,0.0,0.0,1
2023-05-11 09:07:08,wr2403,wr2403,4407.0,0.0,0.0,0.0,1,4001.0,4480.0,1,4407.0,4469.0,0.0,0.0,0.0,0.0,1
2023-05-11 09:07:09,wr2403,wr2403,4407.0,0.0,0.0,0.0,1,4000.0,4480.0,1,4407.0,4469.0,0.0,0.0,0.0,0.0,1
2023-05-11 09:07:10,wr2403,wr2403,4407.0,0.0,0.0,0.0,1,4001.0,4480.0,1,4407.0,4469.0,0.0,0.0,0.0,0.0,1
2023-05-11 09:07:10,wr2403,wr2403,4407.0,0.0,0.0,0.0,1,4000.0,4480.0,1,4407.0,4469.0,0.0,0.0,0.0,0.0,1
2023-05-11 09:07:11,wr2403,wr2403,4407.0,0.0,0.0,0.0,1,4023.0,4480.0,1,4407.0,4469.0,0.0,0.0,0.0,0.0,1
2023-05-11 09:07:13,wr2403,wr2403,4407.0,0.0,0.0,0.0,1,4002.0,4480.0,1,4407.0,4469.0,0.0,0.0,0.0,0.0,1
2023-05-11 09:07:13,wr2403,wr2403,4407.0,0.0,0.0,0.0,1,4000.0,4480.0,1,4407.0,4469.0,0.0,0.0,0.0,0.0,1
2023-05-11 09:07:14,wr2403,wr2403,4407.0,0.0,0.0,0.0,1,4023.0,4480.0,1,4407.0,4469.0,0.0,0.0,0.0,0.0,1
2023-05-11 09:07:15,wr2403,wr2403,4407.0,0.0,0.0,0.0,1,4000.0,4480.0,1,4407.0,4469.0,0.0,0.0,0.0,0.0,1
2023-05-11 09:07:16,wr2403,wr2403,4407.0,0.0,0.0,0.0,1,4001.0,4480.0,1,4407.0,4469.0,0.0,0.0,0.0,0.0,1
2023-05-11 09:07:17,wr2403,wr2403,4407.0,0.0,0.0,0.0,1,4003.0,4480.0,1,4407.0,4469.0,0.0,0.0,0.0,0.0,1
2023-05-11 09:07:17,wr2403,wr2403,4407.0,0.0,0.0,0.0,1,4017.0,4480.0,1,4407.0,4469.0,0.0,0.0,0.0,0.0,1
2023-05-11 09:07:18,wr2403,wr2403,4407.0,0.0,0.0,0.0,1,4005.0,4480.0,1,4407.0,4469.0,0.0,0.0,0.0,0.0,1
2023-05-11 09:07:19,wr2403,wr2403,4407.0,0.0,0.0,0.0,1,4001.0,4480.0,1,4407.0,4469.0,0.0,0.0,0.0,0.0,1
2023-05-11 09:07:20,wr2403,wr2403,4407.0,0.0,0.0,0.0,1,4000.0,4480.0,1,4407.0,4469.0,0.0,0.0,0.0,0.0,1
2023-05-11 09:07:21,wr2403,wr2403,4407.0,0.0,0.0,0.0,1,4001.0,4480.0,1,4407.0,4469.0,0.0,0.0,0.0,0.0,1
2023-05-11 09:07:21,wr2403,wr2403,4407.0,0.0,0.0,0.0,1,4024.0,4480.0,1,4407.0,4469.0,0.0,0.0,0.0,0.0,1
2023-05-11 09:07:24,wr2403,wr2403,4407.0,0.0,0.0,0.0,1,4001.0,4480.0,1,4407.0,4469.0,0.0,0.0,0.0,0.0,1
2023-05-11 09:07:27,wr2403,wr2403,4407.0,0.0,0.0,0.0,1,4005.0,4480.0,1,4407.0,4469.0,0.0,0.0,0.0,0.0,1
2023-05-11 09:07:28,wr2403,wr2403,4407.0,0.0,0.0,0.0,1,4004.0,4480.0,1,4407.0,4469.0,0.0,0.0,0.0,0.0,1
2023-05-11 09:07:28,wr2403,wr2403,4407.0,0.0,0.0,0.0,1,4001.0,4480.0,1,4407.0,4469.0,0.0,0.0,0.0,0.0,1
2023-05-11 09:07:30,wr2403,wr2403,4407.0,0.0,0.0,0.0,1,4000.0,4480.0,1,4407.0,4469.0,0.0,0.0,0.0,0.0,1
2023-05-11 09:07:31,wr2403,wr2403,4407.0,0.0,0.0,0.0,1,4001.0,4480.0,1,4407.0,4469.0,0.0,0.0,0.0,0.0,1
2023-05-11 09:07:32,wr2403,wr2403,4407.0,0.0,0.0,0.0,1,4000.0,4480.0,1,4407.0,4469.0,0.0,0.0,0.0,0.0,1
2023-05-11 09:07:32,wr2403,wr2403,4407.0,0.0,0.0,0.0,1,4024.0,4480.0,1,4407.0,4469.0,0.0,0.0,0.0,0.0,1
2023-05-11 09:07:34,wr2403,wr2403,4407.0,0.0,0.0,0.0,1,4003.0,4480.0,1,4407.0,4469.0,0.0,0.0,0.0,0.0,1
2023-05-11 09:07:34,wr2403,wr2403,4407.0,0.0,0.0,0.0,1,4000.0,4480.0,1,4407.0,4469.0,0.0,0.0,0.0,0.0,1
2023-05-11 09:07:35,wr2403,wr2403,4407.0,0.0,0.0,0.0,1,4024.0,4480.0,1,4407.0,4469.0,0.0,0.0,0.0,0.0,1
2023-05-11 09:07:37,wr2403,wr2403,4407.0,0.0,0.0,0.0,1,4001.0,4480.0,1,4407.0,4469.0,0.0,0.0,0.0,0.0,1
2023-05-11 09:07:39,wr2403,wr2403,4407.0,0.0,0.0,0.0,1,4000.0,4480.0,1,4407.0,4469.0,0.0,0.0,0.0,0.0,1
2023-05-11 09:07:39,wr2403,wr2403,4407.0,0.0,0.0,0.0,1,4004.0,4480.0,1,4407.0,4469.0,0.0,0.0,0.0,0.0,1
2023-05-11 09:07:40,wr2403,wr2403,4407.0,0.0,0.0,0.0,1,4018.0,4480.0,1,4407.0,4469.0,0.0,0.0,0.0,0.0,1
2023-05-11 09:07:41,wr2403,wr2403,4407.0,0.0,0.0,0.0,1,4006.0,4480.0,1,4407.0,4469.0,0.0,0.0,0.0,0.0,1
2023-05-11 09:07:42,wr2403,wr2403,4407.0,0.0,0.0,0.0,1,4000.0,4480.0,1,4407.0,4469.0,0.0,0.0,0.0,0.0,1
2023-05-11 09:07:42,wr2403,wr2403,4407.0,0.0,0.0,0.0,1,4001.0,4480.0,1,4407.0,4469.0,0.0,0.0,0.0,0.0,1
2023-05-11 09:07:43,wr2403,wr2403,4407.0,0.0,0.0,0.0,1,4025.0,4480.0,1,4407.0,4469.0,0.0,0.0,0.0,0.0,1
2023-05-11 09:07:44,wr2403,wr2403,4407.0,0.0,0.0,0.0,1,4000.0,4480.0,1,4407.0,4469.0,0.0,0.0,0.0,0.0,1
2023-05-11 09:07:45,wr2403,wr2403,4407.0,0.0,0.0,0.0,1,4025.0,4480.0,1,4407.0,4469.0,0.0,0.0,0.0,0.0,1
2023-05-11 09:07:46,wr2403,wr2403,4407.0,0.0,0.0,0.0,1,4002.0,4480.0,1,4407.0,4469.0,0.0,0.0,0.0,0.0,1
2023-05-11 09:07:47,wr2403,wr2403,4407.0,0.0,0.0,0.0,1,4000.0,4480.0,1,4407.0,4469.0,0.0,0.0,0.0,0.0,1
2023-05-11 09:07:47,wr2403,wr2403,4407.0,0.0,0.0,0.0,1,4002.0,4480.0,1,4407.0,4469.0,0.0,0.0,0.0,0.0,1
2023-05-11 09:07:49,wr2403,wr2403,4407.0,0.0,0.0,0.0,1,4006.0,4480.0,1,4407.0,4469.0,0.0,0.0,0.0,0.0,1
2023-05-11 09:07:50,wr2403,wr2403,4407.0,0.0,0.0,0.0,1,4005.0,4480.0,1,4407.0,4469.0,0.0,0.0,0.0,0.0,1
2023-05-11 09:07:51,wr2403,wr2403,4407.0,0.0,0.0,0.0,1,4002.0,4480.0,1,4407.0,4469.0,0.0,0.0,0.0,0.0,1
2023-05-11 09:07:53,wr2403,wr2403,4407.0,0.0,0.0,0.0,1,4000.0,4480.0,1,4407.0,4469.0,0.0,0.0,0.0,0.0,1
2023-05-11 09:07:54,wr2403,wr2403,4407.0,0.0,0.0,0.0,1,4001.0,4480.0,1,4407.0,4469.0,0.0,0.0,0.0,0.0,1
2023-05-11 09:07:54,wr2403,wr2403,4407.0,0.0,0.0,0.0,1,4000.0,4480.0,1,4407.0,4469.0,0.0,0.0,0.0,0.0,1
2023-05-11 09:07:55,wr2403,wr2403,4407.0,0.0,0.0,0.0,1,4025.0,4480.0,1,4407.0,4469.0,0.0,0.0,0.0,0.0,1
2023-05-11 09:07:55,wr2403,wr2403,4407.0,0.0,0.0,0.0,1,4000.0,4480.0,1,4407.0,4469.0,0.0,0.0,0.0,0.0,1
2023-05-11 09:07:56,wr2403,wr2403,4407.0,0.0,0.0,0.0,1,4004.0,4480.0,1,4407.0,4469.0,0.0,0.0,0.0,0.0,1
2023-05-11 09:07:56,wr2403,wr2403,4407.0,0.0,0.0,0.0,1,4004.0,4480.0,1,4407.0,4469.0,0.0,0.0,0.0,0.0,1
2023-05-11 09:08:12,wr2403,wr2403,4407.0,0.0,0.0,0.0,1,4004.0,4479.0,2,4407.0,4469.0,0.0,0.0,0.0,0.0,1
2023-05-11 09:09:02,wr2403,wr2403,4407.0,0.0,0.0,0.0,1,4004.0,4478.0,1,4407.0,4469.0,0.0,0.0,0.0,0.0,1
2023-05-11 09:09:40,wr2403,wr2403,4407.0,0.0,0.0,0.0,1,4004.0,4478.0,1,4407.0,4469.0,0.0,0.0,0.0,0.0,1
2023-05-11 09:10:03,wr2403,wr2403,4407.0,0.0,0.0,0.0,1,4004.0,4470.0,1,4407.0,4469.0,0.0,0.0,0.0,0.0,1
2023-05-11 09:10:24,wr2403,wr2403,4407.0,0.0,0.0,0.0,2,4005.0,4470.0,1,4407.0,4469.0,0.0,0.0,0.0,0.0,1
2023-05-11 09:10:24,wr2403,wr2403,4407.0,0.0,0.0,0.0,1,4006.0,4470.0,1,4407.0,4469.0,0.0,0.0,0.0,0.0,1
2023-05-11 09:10:36,wr2403,wr2403,4407.0,0.0,0.0,0.0,1,4006.0,4470.0,1,4407.0,4469.0,0.0,0.0,0.0,0.0,1
2023-05-11 09:11:08,wr2403,wr2403,4407.0,0.0,0.0,0.0,1,4006.0,4469.0,2,4407.0,4469.0,0.0,0.0,0.0,0.0,1
2023-05-11 09:13:06,wr2403,wr2403,4469.0,2.0,89380.0,2.0,1,4006.0,4470.0,1,4407.0,4469.0,4469.0,4469.0,2.0,89380.0,3
2023-05-11 09:13:16,wr2403,wr2403,4469.0,0.0,0.0,0.0,1,4006.0,4478.0,1,4407.0,4469.0,4469.0,4469.0,2.0,89380.0,3
2023-05-11 09:13:17,wr2403,wr2403,4469.0,0.0,0.0,0.0,1,4007.0,4478.0,1,4407.0,4469.0,4469.0,4469.0,2.0,89380.0,3
2023-05-11 09:13:17,wr2403,wr2403,4469.0,0.0,0.0,0.0,1,4008.0,4478.0,1,4407.0,4469.0,4469.0,4469.0,2.0,89380.0,3
2023-05-11 09:13:18,wr2403,wr2403,4469.0,0.0,0.0,0.0,1,4009.0,4478.0,1,4407.0,4469.0,4469.0,4469.0,2.0,89380.0,3
2023-05-11 09:13:19,wr2403,wr2403,4469.0,0.0,0.0,0.0,1,4010.0,4476.0,1,4407.0,4469.0,4469.0,4469.0,2.0,89380.0,3
2023-05-11 09:13:19,wr2403,wr2403,4469.0,0.0,0.0,0.0,1,4010.0,4458.0,10,4407.0,4469.0,4469.0,4469.0,2.0,89380.0,3
2023-05-11 09:13:20,wr2403,wr2403,4469.0,0.0,0.0,0.0,1,4011.0,4458.0,10,4407.0,4469.0,4469.0,4469.0,2.0,89380.0,3
2023-05-11 09:13:20,wr2403,wr2403,4469.0,0.0,0.0,0.0,1,4012.0,4458.0,10,4407.0,4469.0,4469.0,4469.0,2.0,89380.0,3
2023-05-11 09:13:22,wr2403,wr2403,4469.0,0.0,0.0,0.0,1,4014.0,4458.0,10,4407.0,4469.0,4469.0,4469.0,2.0,89380.0,3
2023-05-11 09:13:23,wr2403,wr2403,4469.0,0.0,0.0,0.0,1,4015.0,4458.0,10,4407.0,4469.0,4469.0,4469.0,2.0,89380.0,3
2023-05-11 09:13:23,wr2403,wr2403,4469.0,0.0,0.0,0.0,1,4022.0,4458.0,10,4407.0,4469.0,4469.0,4469.0,2.0,89380.0,3
2023-05-11 09:13:24,wr2403,wr2403,4469.0,0.0,0.0,0.0,1,4023.0,4458.0,10,4407.0,4469.0,4469.0,4469.0,2.0,89380.0,3
2023-05-11 09:13:25,wr2403,wr2403,4469.0,0.0,0.0,0.0,1,4024.0,4400.0,1,4407.0,4469.0,4469.0,4469.0,2.0,89380.0,3
2023-05-11 09:13:25,wr2403,wr2403,4469.0,0.0,0.0,0.0,1,4025.0,4400.0,1,4407.0,4469.0,4469.0,4469.0,2.0,89380.0,3
2023-05-11 09:13:26,wr2403,wr2403,4469.0,0.0,0.0,0.0,1,4050.0,4400.0,1,4407.0,4469.0,4469.0,4469.0,2.0,89380.0,3
2023-05-11 09:13:27,wr2403,wr2403,4469.0,0.0,0.0,0.0,1,4051.0,4400.0,1,4407.0,4469.0,4469.0,4469.0,2.0,89380.0,3
2023-05-11 09:13:29,wr2403,wr2403,4469.0,0.0,0.0,0.0,1,4051.0,4400.0,1,4407.0,4469.0,4469.0,4469.0,2.0,89380.0,3
2023-05-11 09:13:29,wr2403,wr2403,4469.0,0.0,0.0,0.0,1,4066.0,4400.0,1,4407.0,4469.0,4469.0,4469.0,2.0,89380.0,3
2023-05-11 09:13:30,wr2403,wr2403,4469.0,0.0,0.0,0.0,1,4067.0,4400.0,1,4407.0,4469.0,4469.0,4469.0,2.0,89380.0,3
2023-05-11 09:13:34,wr2403,wr2403,4469.0,0.0,0.0,0.0,1,4067.0,4400.0,1,4407.0,4469.0,4469.0,4469.0,2.0,89380.0,3
2023-05-11 09:13:35,wr2403,wr2403,4469.0,0.0,0.0,0.0,1,4100.0,4400.0,1,4407.0,4469.0,4469.0,4469.0,2.0,89380.0,3
2023-05-11 09:13:35,wr2403,wr2403,4469.0,0.0,0.0,0.0,1,4101.0,4400.0,1,4407.0,4469.0,4469.0,4469.0,2.0,89380.0,3
2023-05-11 09:13:36,wr2403,wr2403,4469.0,0.0,0.0,0.0,1,4101.0,4400.0,1,4407.0,4469.0,4469.0,4469.0,2.0,89380.0,3
2023-05-11 09:13:40,wr2403,wr2403,4469.0,0.0,0.0,0.0,1,4111.0,4400.0,1,4407.0,4469.0,4469.0,4469.0,2.0,89380.0,3
2023-05-11 09:13:41,wr2403,wr2403,4469.0,0.0,0.0,0.0,1,4112.0,4400.0,1,4407.0,4469.0,4469.0,4469.0,2.0,89380.0,3
2023-05-11 09:13:44,wr2403,wr2403,4469.0,0.0,0.0,0.0,1,4122.0,4400.0,1,4407.0,4469.0,4469.0,4469.0,2.0,89380.0,3
2023-05-11 09:13:44,wr2403,wr2403,4469.0,0.0,0.0,0.0,1,4123.0,4400.0,1,4407.0,4469.0,4469.0,4469.0,2.0,89380.0,3
2023-05-11 09:13:47,wr2403,wr2403,4469.0,0.0,0.0,0.0,1,4133.0,4400.0,1,4407.0,4469.0,4469.0,4469.0,2.0,89380.0,3
2023-05-11 09:13:47,wr2403,wr2403,4469.0,0.0,0.0,0.0,1,4134.0,4400.0,1,4407.0,4469.0,4469.0,4469.0,2.0,89380.0,3
2023-05-11 09:13:50,wr2403,wr2403,4469.0,0.0,0.0,0.0,1,4144.0,4400.0,1,4407.0,4469.0,4469.0,4469.0,2.0,89380.0,3
2023-05-11 09:13:50,wr2403,wr2403,4469.0,0.0,0.0,0.0,1,4145.0,4400.0,1,4407.0,4469.0,4469.0,4469.0,2.0,89380.0,3
2023-05-11 09:13:53,wr2403,wr2403,4469.0,0.0,0.0,0.0,1,4155.0,4400.0,1,4407.0,4469.0,4469.0,4469.0,2.0,89380.0,3
2023-05-11 09:13:53,wr2403,wr2403,4469.0,0.0,0.0,0.0,1,4155.0,4400.0,1,4407.0,4469.0,4469.0,4469.0,2.0,89380.0,3
2023-05-11 09:13:58,wr2403,wr2403,4469.0,0.0,0.0,0.0,1,4155.0,4450.0,1,4407.0,4469.0,4469.0,4469.0,2.0,89380.0,3
2023-05-11 09:14:00,wr2403,wr2403,4469.0,0.0,0.0,0.0,1,4033.0,4450.0,1,4407.0,4469.0,4469.0,4469.0,2.0,89380.0,3
2023-05-11 09:14:01,wr2403,wr2403,4469.0,0.0,0.0,0.0,1,4034.0,4450.0,1,4407.0,4469.0,4469.0,4469.0,2.0,89380.0,3
2023-05-11 09:14:02,wr2403,wr2403,4469.0,0.0,0.0,0.0,2,4156.0,4450.0,1,4407.0,4469.0,4469.0,4469.0,2.0,89380.0,3
2023-05-11 09:14:02,wr2403,wr2403,4469.0,0.0,0.0,0.0,2,4156.0,4450.0,1,4407.0,4469.0,4469.0,4469.0,2.0,89380.0,3
2023-05-11 09:14:04,wr2403,wr2403,4469.0,0.0,0.0,0.0,2,4156.0,4450.0,1,4407.0,4469.0,4469.0,4469.0,2.0,89380.0,3
2023-05-11 09:14:05,wr2403,wr2403,4469.0,0.0,0.0,0.0,2,4156.0,4450.0,1,4407.0,4469.0,4469.0,4469.0,2.0,89380.0,3
2023-05-11 09:14:07,wr2403,wr2403,4469.0,0.0,0.0,0.0,2,4156.0,4445.0,1,4407.0,4469.0,4469.0,4469.0,2.0,89380.0,3
2023-05-11 09:14:07,wr2403,wr2403,4156.0,2.0,83120.0,0.0,1,4088.0,4445.0,1,4407.0,4469.0,4469.0,4156.0,4.0,172500.0,3
2023-05-11 09:14:08,wr2403,wr2403,4156.0,0.0,0.0,0.0,1,4089.0,4445.0,1,4407.0,4469.0,4469.0,4156.0,4.0,172500.0,3
2023-05-11 09:14:10,wr2403,wr2403,4156.0,0.0,0.0,0.0,1,4090.0,4445.0,1,4407.0,4469.0,4469.0,4156.0,4.0,172500.0,3
2023-05-11 09:14:10,wr2403,wr2403,4156.0,0.0,0.0,0.0,1,4091.0,4445.0,1,4407.0,4469.0,4469.0,4156.0,4.0,172500.0,3
2023-05-11 09:14:11,wr2403,wr2403,4156.0,0.0,0.0,0.0,1,4091.0,4444.0,1,4407.0,4469.0,4469.0,4156.0,4.0,172500.0,3
2023-05-11 09:14:15,wr2403,wr2403,4156.0,0.0,0.0,0.0,1,4092.0,4444.0,1,4407.0,4469.0,4469.0,4156.0,4.0,172500.0,3
2023-05-11 09:14:15,wr2403,wr2403,4156.0,0.0,0.0,0.0,1,4093.0,4443.0,1,4407.0,4469.0,4469.0,4156.0,4.0,172500.0,3
2023-05-11 09:14:16,wr2403,wr2403,4156.0,0.0,0.0,0.0,1,4093.0,4422.0,1,4407.0,4469.0,4469.0,4156.0,4.0,172500.0,3
2023-05-11 09:14:17,wr2403,wr2403,4156.0,0.0,0.0,0.0,1,4094.0,4422.0,1,4407.0,4469.0,4469.0,4156.0,4.0,172500.0,3
2023-05-11 09:14:17,wr2403,wr2403,4156.0,0.0,0.0,0.0,1,4095.0,4421.0,1,4407.0,4469.0,4469.0,4156.0,4.0,172500.0,3
2023-05-11 09:14:18,wr2403,wr2403,4156.0,0.0,0.0,0.0,1,4095.0,4421.0,1,4407.0,4469.0,4469.0,4156.0,4.0,172500.0,3
2023-05-11 09:14:18,wr2403,wr2403,4156.0,0.0,0.0,0.0,1,4096.0,4421.0,1,4407.0,4469.0,4469.0,4156.0,4.0,172500.0,3
2023-05-11 09:14:19,wr2403,wr2403,4156.0,0.0,0.0,0.0,1,4097.0,4420.0,1,4407.0,4469.0,4469.0,4156.0,4.0,172500.0,3
2023-05-11 09:14:19,wr2403,wr2403,4156.0,0.0,0.0,0.0,2,4097.0,4421.0,1,4407.0,4469.0,4469.0,4156.0,4.0,172500.0,3
2023-05-11 09:14:20,wr2403,wr2403,4156.0,0.0,0.0,0.0,1,4098.0,4419.0,1,4407.0,4469.0,4469.0,4156.0,4.0,172500.0,3
2023-05-11 09:14:20,wr2403,wr2403,4156.0,0.0,0.0,0.0,1,4099.0,4400.0,1,4407.0,4469.0,4469.0,4156.0,4.0,172500.0,3
2023-05-11 09:14:21,wr2403,wr2403,4156.0,0.0,0.0,0.0,1,4121.0,4399.0,1,4407.0,4469.0,4469.0,4156.0,4.0,172500.0,3
2023-05-11 09:14:21,wr2403,wr2403,4156.0,0.0,0.0,0.0,1,4122.0,4398.0,1,4407.0,4469.0,4469.0,4156.0,4.0,172500.0,3
2023-05-11 09:14:22,wr2403,wr2403,4156.0,0.0,0.0,0.0,1,4122.0,4398.0,2,4407.0,4469.0,4469.0,4156.0,4.0,172500.0,3
2023-05-11 09:14:22,wr2403,wr2403,4156.0,0.0,0.0,0.0,1,4122.0,4398.0,2,4407.0,4469.0,4469.0,4156.0,4.0,172500.0,3
2023-05-11 09:14:23,wr2403,wr2403,4156.0,0.0,0.0,0.0,1,4122.0,4397.0,1,4407.0,4469.0,4469.0,4156.0,4.0,172500.0,3
2023-05-11 09:14:23,wr2403,wr2403,4156.0,0.0,0.0,0.0,1,4123.0,4396.0,1,4407.0,4469.0,4469.0,4156.0,4.0,172500.0,3
2023-05-11 09:14:24,wr2403,wr2403,4156.0,0.0,0.0,0.0,1,4156.0,4396.0,1,4407.0,4469.0,4469.0,4156.0,4.0,172500.0,3
2023-05-11 09:14:24,wr2403,wr2403,4156.0,0.0,0.0,0.0,1,4156.0,4395.0,1,4407.0,4469.0,4469.0,4156.0,4.0,172500.0,3
2023-05-11 09:14:25,wr2403,wr2403,4156.0,0.0,0.0,0.0,1,4156.0,4395.0,1,4407.0,4469.0,4469.0,4156.0,4.0,172500.0,3
2023-05-11 09:14:25,wr2403,wr2403,4156.0,0.0,0.0,0.0,1,4156.0,4394.0,1,4407.0,4469.0,4469.0,4156.0,4.0,172500.0,3
2023-05-11 09:14:26,wr2403,wr2403,4156.0,0.0,0.0,0.0,1,4157.0,4394.0,1,4407.0,4469.0,4469.0,4156.0,4.0,172500.0,3
2023-05-11 09:14:26,wr2403,wr2403,4156.0,0.0,0.0,0.0,2,4157.0,4394.0,1,4407.0,4469.0,4469.0,4156.0,4.0,172500.0,3
2023-05-11 09:14:27,wr2403,wr2403,4156.0,0.0,0.0,0.0,2,4157.0,4396.0,1,4407.0,4469.0,4469.0,4156.0,4.0,172500.0,3
2023-05-11 09:14:27,wr2403,wr2403,4156.0,0.0,0.0,0.0,2,4157.0,4393.0,1,4407.0,4469.0,4469.0,4156.0,4.0,172500.0,3
2023-05-11 09:14:28,wr2403,wr2403,4156.0,0.0,0.0,0.0,1,4158.0,4393.0,1,4407.0,4469.0,4469.0,4156.0,4.0,172500.0,3
2023-05-11 09:14:29,wr2403,wr2403,4156.0,0.0,0.0,0.0,1,4158.0,4392.0,1,4407.0,4469.0,4469.0,4156.0,4.0,172500.0,3
2023-05-11 09:14:29,wr2403,wr2403,4156.0,0.0,0.0,0.0,1,4161.0,4390.0,1,4407.0,4469.0,4469.0,4156.0,4.0,172500.0,3
2023-05-11 09:14:30,wr2403,wr2403,4156.0,0.0,0.0,0.0,1,4161.0,4390.0,1,4407.0,4469.0,4469.0,4156.0,4.0,172500.0,3
2023-05-11 09:14:31,wr2403,wr2403,4156.0,0.0,0.0,0.0,1,4161.0,4389.0,1,4407.0,4469.0,4469.0,4156.0,4.0,172500.0,3
2023-05-11 09:14:31,wr2403,wr2403,4156.0,0.0,0.0,0.0,1,4161.0,4389.0,1,4407.0,4469.0,4469.0,4156.0,4.0,172500.0,3
2023-05-11 09:14:32,wr2403,wr2403,4156.0,0.0,0.0,0.0,1,4162.0,4389.0,1,4407.0,4469.0,4469.0,4156.0,4.0,172500.0,3
2023-05-11 09:14:33,wr2403,wr2403,4156.0,0.0,0.0,0.0,1,4163.0,4389.0,1,4407.0,4469.0,4469.0,4156.0,4.0,172500.0,3
2023-05-11 09:14:34,wr2403,wr2403,4156.0,0.0,0.0,0.0,1,4169.0,4389.0,1,4407.0,4469.0,4469.0,4156.0,4.0,172500.0,3
2023-05-11 09:14:35,wr2403,wr2403,4156.0,0.0,0.0,0.0,1,4169.0,4389.0,1,4407.0,4469.0,4469.0,4156.0,4.0,172500.0,3
2023-05-11 09:14:35,wr2403,wr2403,4156.0,0.0,0.0,0.0,2,4170.0,4388.0,1,4407.0,4469.0,4469.0,4156.0,4.0,172500.0,3
2023-05-11 09:14:36,wr2403,wr2403,4156.0,0.0,0.0,0.0,2,4170.0,4388.0,1,4407.0,4469.0,4469.0,4156.0,4.0,172500.0,3
2023-05-11 09:14:36,wr2403,wr2403,4156.0,0.0,0.0,0.0,2,4170.0,4387.0,1,4407.0,4469.0,4469.0,4156.0,4.0,172500.0,3
2023-05-11 09:14:38,wr2403,wr2403,4156.0,0.0,0.0,0.0,1,4171.0,4386.0,1,4407.0,4469.0,4469.0,4156.0,4.0,172500.0,3
2023-05-11 09:14:39,wr2403,wr2403,4156.0,0.0,0.0,0.0,1,4200.0,4386.0,2,4407.0,4469.0,4469.0,4156.0,4.0,172500.0,3
2023-05-11 09:14:40,wr2403,wr2403,4156.0,0.0,0.0,0.0,1,4200.0,4386.0,2,4407.0,4469.0,4469.0,4156.0,4.0,172500.0,3
2023-05-11 09:14:42,wr2403,wr2403,4156.0,0.0,0.0,0.0,1,4200.0,4386.0,2,4407.0,4469.0,4469.0,4156.0,4.0,172500.0,3
2023-05-11 09:14:42,wr2403,wr2403,4156.0,0.0,0.0,0.0,1,4200.0,4378.0,1,4407.0,4469.0,4469.0,4156.0,4.0,172500.0,3
2023-05-11 09:14:44,wr2403,wr2403,4200.0,1.0,42000.0,1.0,1,4171.0,4200.0,1,4407.0,4469.0,4469.0,4156.0,5.0,214500.0,4
2023-05-11 09:14:46,wr2403,wr2403,4200.0,0.0,0.0,0.0,1,4171.0,4378.0,1,4407.0,4469.0,4469.0,4156.0,5.0,214500.0,4
2023-05-11 09:14:46,wr2403,wr2403,4200.0,0.0,0.0,0.0,1,4170.0,4377.0,2,4407.0,4469.0,4469.0,4156.0,5.0,214500.0,4
2023-05-11 09:14:48,wr2403,wr2403,4200.0,0.0,0.0,0.0,1,4170.0,4376.0,1,4407.0,4469.0,4469.0,4156.0,5.0,214500.0,4
2023-05-11 09:14:49,wr2403,wr2403,4200.0,0.0,0.0,0.0,1,4170.0,4350.0,1,4407.0,4469.0,4469.0,4156.0,5.0,214500.0,4
2023-05-11 09:14:50,wr2403,wr2403,4200.0,0.0,0.0,0.0,1,4170.0,4349.0,1,4407.0,4469.0,4469.0,4156.0,5.0,214500.0,4
2023-05-11 09:14:52,wr2403,wr2403,4200.0,0.0,0.0,0.0,1,4020.0,4349.0,1,4407.0,4469.0,4469.0,4156.0,5.0,214500.0,4
2023-05-11 09:14:53,wr2403,wr2403,4200.0,0.0,0.0,0.0,1,4021.0,4320.0,1,4407.0,4469.0,4469.0,4156.0,5.0,214500.0,4
2023-05-11 09:14:54,wr2403,wr2403,4200.0,0.0,0.0,0.0,2,4022.0,4320.0,1,4407.0,4469.0,4469.0,4156.0,5.0,214500.0,4
2023-05-11 09:14:54,wr2403,wr2403,4200.0,0.0,0.0,0.0,1,4023.0,4320.0,1,4407.0,4469.0,4469.0,4156.0,5.0,214500.0,4
2023-05-11 09:14:56,wr2403,wr2403,4200.0,0.0,0.0,0.0,1,4024.0,4320.0,1,4407.0,4469.0,4469.0,4156.0,5.0,214500.0,4
2023-05-11 09:14:57,wr2403,wr2403,4200.0,0.0,0.0,0.0,1,4025.0,4320.0,1,4407.0,4469.0,4469.0,4156.0,5.0,214500.0,4
2023-05-11 09:14:58,wr2403,wr2403,4200.0,0.0,0.0,0.0,1,4026.0,4320.0,1,4407.0,4469.0,4469.0,4156.0,5.0,214500.0,4
2023-05-11 09:14:58,wr2403,wr2403,4200.0,0.0,0.0,0.0,1,4027.0,4320.0,1,4407.0,4469.0,4469.0,4156.0,5.0,214500.0,4
2023-05-11 09:15:01,wr2403,wr2403,4200.0,0.0,0.0,0.0,2,4027.0,4320.0,1,4407.0,4469.0,4469.0,4156.0,5.0,214500.0,4
2023-05-11 09:15:02,wr2403,wr2403,4200.0,0.0,0.0,0.0,2,4027.0,4320.0,1,4407.0,4469.0,4469.0,4156.0,5.0,214500.0,4
2023-05-11 09:15:04,wr2403,wr2403,4200.0,0.0,0.0,0.0,2,4027.0,4320.0,1,4407.0,4469.0,4469.0,4156.0,5.0,214500.0,4
2023-05-11 09:15:07,wr2403,wr2403,4200.0,0.0,0.0,0.0,2,4027.0,4320.0,1,4407.0,4469.0,4469.0,4156.0,5.0,214500.0,4
2023-05-11 09:15:07,wr2403,wr2403,4200.0,0.0,0.0,0.0,1,4028.0,4320.0,1,4407.0,4469.0,4469.0,4156.0,5.0,214500.0,4
2023-05-11 09:15:08,wr2403,wr2403,4200.0,0.0,0.0,0.0,1,4029.0,4320.0,1,4407.0,4469.0,4469.0,4156.0,5.0,214500.0,4
2023-05-11 09:15:09,wr2403,wr2403,4200.0,0.0,0.0,0.0,1,4030.0,4320.0,1,4407.0,4469.0,4469.0,4156.0,5.0,214500.0,4
2023-05-11 09:15:09,wr2403,wr2403,4200.0,0.0,0.0,0.0,1,4031.0,4320.0,1,4407.0,4469.0,4469.0,4156.0,5.0,214500.0,4
2023-05-11 09:15:10,wr2403,wr2403,4200.0,0.0,0.0,0.0,1,4031.0,4320.0,1,4407.0,4469.0,4469.0,4156.0,5.0,214500.0,4
2023-05-11 09:15:10,wr2403,wr2403,4200.0,0.0,0.0,0.0,1,4032.0,4320.0,1,4407.0,4469.0,4469.0,4156.0,5.0,214500.0,4
2023-05-11 09:15:11,wr2403,wr2403,4200.0,0.0,0.0,0.0,1,4033.0,4320.0,1,4407.0,4469.0,4469.0,4156.0,5.0,214500.0,4
2023-05-11 09:15:11,wr2403,wr2403,4200.0,0.0,0.0,0.0,1,4033.0,4320.0,1,4407.0,4469.0,4469.0,4156.0,5.0,214500.0,4
2023-05-11 09:15:12,wr2403,wr2403,4200.0,0.0,0.0,0.0,1,4034.0,4320.0,1,4407.0,4469.0,4469.0,4156.0,5.0,214500.0,4
2023-05-11 09:15:12,wr2403,wr2403,4200.0,0.0,0.0,0.0,1,4035.0,4320.0,1,4407.0,4469.0,4469.0,4156.0,5.0,214500.0,4
2023-05-11 09:15:13,wr2403,wr2403,4200.0,0.0,0.0,0.0,1,4036.0,4319.0,1,4407.0,4469.0,4469.0,4156.0,5.0,214500.0,4
2023-05-11 09:15:14,wr2403,wr2403,4200.0,0.0,0.0,0.0,1,4037.0,4319.0,1,4407.0,4469.0,4469.0,4156.0,5.0,214500.0,4
2023-05-11 09:15:17,wr2403,wr2403,4200.0,0.0,0.0,0.0,1,4037.0,4318.0,2,4407.0,4469.0,4469.0,4156.0,5.0,214500.0,4
2023-05-11 09:15:17,wr2403,wr2403,4200.0,0.0,0.0,0.0,2,4038.0,4318.0,2,4407.0,4469.0,4469.0,4156.0,5.0,214500.0,4
2023-05-11 09:15:18,wr2403,wr2403,4200.0,0.0,0.0,0.0,1,4039.0,4318.0,2,4407.0,4469.0,4469.0,4156.0,5.0,214500.0,4
2023-05-11 09:15:18,wr2403,wr2403,4200.0,0.0,0.0,0.0,1,4039.0,4317.0,1,4407.0,4469.0,4469.0,4156.0,5.0,214500.0,4
2023-05-11 09:15:19,wr2403,wr2403,4200.0,0.0,0.0,0.0,2,4040.0,4317.0,1,4407.0,4469.0,4469.0,4156.0,5.0,214500.0,4
2023-05-11 09:15:19,wr2403,wr2403,4200.0,0.0,0.0,0.0,1,4041.0,4317.0,1,4407.0,4469.0,4469.0,4156.0,5.0,214500.0,4
2023-05-11 09:15:21,wr2403,wr2403,4200.0,0.0,0.0,0.0,1,4041.0,4317.0,1,4407.0,4469.0,4469.0,4156.0,5.0,214500.0,4
2023-05-11 09:15:21,wr2403,wr2403,4200.0,0.0,0.0,0.0,2,4042.0,4317.0,1,4407.0,4469.0,4469.0,4156.0,5.0,214500.0,4
2023-05-11 09:15:22,wr2403,wr2403,4200.0,0.0,0.0,0.0,1,4043.0,4317.0,1,4407.0,4469.0,4469.0,4156.0,5.0,214500.0,4
2023-05-11 09:15:22,wr2403,wr2403,4200.0,0.0,0.0,0.0,3,4043.0,4317.0,1,4407.0,4469.0,4469.0,4156.0,5.0,214500.0,4
2023-05-11 09:15:23,wr2403,wr2403,4200.0,0.0,0.0,0.0,2,4044.0,4317.0,1,4407.0,4469.0,4469.0,4156.0,5.0,214500.0,4
2023-05-11 09:15:24,wr2403,wr2403,4200.0,0.0,0.0,0.0,1,4045.0,4317.0,1,4407.0,4469.0,4469.0,4156.0,5.0,214500.0,4
2023-05-11 09:15:24,wr2403,wr2403,4200.0,0.0,0.0,0.0,3,4045.0,4317.0,1,4407.0,4469.0,4469.0,4156.0,5.0,214500.0,4
2023-05-11 09:15:25,wr2403,wr2403,4200.0,0.0,0.0,0.0,2,4046.0,4317.0,1,4407.0,4469.0,4469.0,4156.0,5.0,214500.0,4
2023-05-11 09:15:26,wr2403,wr2403,4200.0,0.0,0.0,0.0,1,4047.0,4317.0,1,4407.0,4469.0,4469.0,4156.0,5.0,214500.0,4
2023-05-11 09:15:27,wr2403,wr2403,4200.0,0.0,0.0,0.0,1,4047.0,4375.0,2,4407.0,4469.0,4469.0,4156.0,5.0,214500.0,4
2023-05-11 09:15:27,wr2403,wr2403,4200.0,0.0,0.0,0.0,1,4047.0,4300.0,1,4407.0,4469.0,4469.0,4156.0,5.0,214500.0,4
2023-05-11 09:15:29,wr2403,wr2403,4200.0,0.0,0.0,0.0,2,4048.0,4300.0,1,4407.0,4469.0,4469.0,4156.0,5.0,214500.0,4
2023-05-11 09:15:29,wr2403,wr2403,4200.0,0.0,0.0,0.0,1,4049.0,4300.0,1,4407.0,4469.0,4469.0,4156.0,5.0,214500.0,4
2023-05-11 09:15:30,wr2403,wr2403,4200.0,0.0,0.0,0.0,1,4049.0,4300.0,1,4407.0,4469.0,4469.0,4156.0,5.0,214500.0,4
2023-05-11 09:15:31,wr2403,wr2403,4200.0,0.0,0.0,0.0,2,4050.0,4300.0,1,4407.0,4469.0,4469.0,4156.0,5.0,214500.0,4
2023-05-11 09:15:31,wr2403,wr2403,4200.0,0.0,0.0,0.0,1,4051.0,4300.0,1,4407.0,4469.0,4469.0,4156.0,5.0,214500.0,4
2023-05-11 09:15:32,wr2403,wr2403,4200.0,0.0,0.0,0.0,2,4052.0,4300.0,1,4407.0,4469.0,4469.0,4156.0,5.0,214500.0,4
2023-05-11 09:15:32,wr2403,wr2403,4200.0,0.0,0.0,0.0,1,4053.0,4299.0,1,4407.0,4469.0,4469.0,4156.0,5.0,214500.0,4
2023-05-11 09:15:33,wr2403,wr2403,4200.0,0.0,0.0,0.0,1,4053.0,4299.0,1,4407.0,4469.0,4469.0,4156.0,5.0,214500.0,4
2023-05-11 09:15:33,wr2403,wr2403,4200.0,0.0,0.0,0.0,2,4054.0,4299.0,1,4407.0,4469.0,4469.0,4156.0,5.0,214500.0,4
2023-05-11 09:15:34,wr2403,wr2403,4200.0,0.0,0.0,0.0,1,4055.0,4299.0,1,4407.0,4469.0,4469.0,4156.0,5.0,214500.0,4
2023-05-11 09:15:34,wr2403,wr2403,4200.0,0.0,0.0,0.0,2,4056.0,4299.0,1,4407.0,4469.0,4469.0,4156.0,5.0,214500.0,4
2023-05-11 09:15:35,wr2403,wr2403,4200.0,0.0,0.0,0.0,1,4057.0,4299.0,1,4407.0,4469.0,4469.0,4156.0,5.0,214500.0,4
2023-05-11 09:15:36,wr2403,wr2403,4200.0,0.0,0.0,0.0,2,4058.0,4299.0,1,4407.0,4469.0,4469.0,4156.0,5.0,214500.0,4
2023-05-11 09:15:36,wr2403,wr2403,4200.0,0.0,0.0,0.0,1,4059.0,4299.0,1,4407.0,4469.0,4469.0,4156.0,5.0,214500.0,4
2023-05-11 09:15:37,wr2403,wr2403,4200.0,0.0,0.0,0.0,1,4059.0,4298.0,1,4407.0,4469.0,4469.0,4156.0,5.0,214500.0,4
2023-05-11 09:15:38,wr2403,wr2403,4200.0,0.0,0.0,0.0,2,4060.0,4298.0,1,4407.0,4469.0,4469.0,4156.0,5.0,214500.0,4
2023-05-11 09:15:38,wr2403,wr2403,4200.0,0.0,0.0,0.0,1,4061.0,4298.0,1,4407.0,4469.0,4469.0,4156.0,5.0,214500.0,4
2023-05-11 09:15:39,wr2403,wr2403,4200.0,0.0,0.0,0.0,3,4061.0,4298.0,1,4407.0,4469.0,4469.0,4156.0,5.0,214500.0,4
2023-05-11 09:15:39,wr2403,wr2403,4200.0,0.0,0.0,0.0,2,4062.0,4298.0,1,4407.0,4469.0,4469.0,4156.0,5.0,214500.0,4
2023-05-11 09:15:40,wr2403,wr2403,4200.0,0.0,0.0,0.0,1,4063.0,4298.0,1,4407.0,4469.0,4469.0,4156.0,5.0,214500.0,4
2023-05-11 09:15:41,wr2403,wr2403,4200.0,0.0,0.0,0.0,2,4064.0,4298.0,1,4407.0,4469.0,4469.0,4156.0,5.0,214500.0,4
2023-05-11 09:15:41,wr2403,wr2403,4200.0,0.0,0.0,0.0,1,4065.0,4298.0,1,4407.0,4469.0,4469.0,4156.0,5.0,214500.0,4
2023-05-11 09:15:42,wr2403,wr2403,4200.0,0.0,0.0,0.0,2,4066.0,4298.0,1,4407.0,4469.0,4469.0,4156.0,5.0,214500.0,4
2023-05-11 09:15:42,wr2403,wr2403,4200.0,0.0,0.0,0.0,1,4067.0,4298.0,1,4407.0,4469.0,4469.0,4156.0,5.0,214500.0,4
2023-05-11 09:15:43,wr2403,wr2403,4200.0,0.0,0.0,0.0,2,4068.0,4298.0,1,4407.0,4469.0,4469.0,4156.0,5.0,214500.0,4
2023-05-11 09:15:43,wr2403,wr2403,4200.0,0.0,0.0,0.0,1,4069.0,4298.0,1,4407.0,4469.0,4469.0,4156.0,5.0,214500.0,4
2023-05-11 09:15:44,wr2403,wr2403,4200.0,0.0,0.0,0.0,3,4069.0,4298.0,1,4407.0,4469.0,4469.0,4156.0,5.0,214500.0,4
2023-05-11 09:15:44,wr2403,wr2403,4200.0,0.0,0.0,0.0,3,4069.0,4298.0,1,4407.0,4469.0,4469.0,4156.0,5.0,214500.0,4
2023-05-11 09:15:45,wr2403,wr2403,4200.0,0.0,0.0,0.0,3,4069.0,4294.0,1,4407.0,4469.0,4469.0,4156.0,5.0,214500.0,4
2023-05-11 09:15:46,wr2403,wr2403,4200.0,0.0,0.0,0.0,2,4070.0,4294.0,1,4407.0,4469.0,4469.0,4156.0,5.0,214500.0,4
2023-05-11 09:15:46,wr2403,wr2403,4200.0,0.0,0.0,0.0,1,4071.0,4293.0,1,4407.0,4469.0,4469.0,4156.0,5.0,214500.0,4
2023-05-11 09:15:47,wr2403,wr2403,4200.0,0.0,0.0,0.0,2,4072.0,4293.0,1,4407.0,4469.0,4469.0,4156.0,5.0,214500.0,4
2023-05-11 09:15:48,wr2403,wr2403,4200.0,0.0,0.0,0.0,1,4073.0,4293.0,1,4407.0,4469.0,4469.0,4156.0,5.0,214500.0,4
2023-05-11 09:15:48,wr2403,wr2403,4200.0,0.0,0.0,0.0,3,4073.0,4293.0,1,4407.0,4469.0,4469.0,4156.0,5.0,214500.0,4
2023-05-11 09:15:49,wr2403,wr2403,4200.0,0.0,0.0,0.0,3,4073.0,4293.0,1,4407.0,4469.0,4469.0,4156.0,5.0,214500.0,4
2023-05-11 09:15:49,wr2403,wr2403,4200.0,0.0,0.0,0.0,3,4073.0,4250.0,1,4407.0,4469.0,4469.0,4156.0,5.0,214500.0,4
2023-05-11 09:15:54,wr2403,wr2403,4200.0,0.0,0.0,0.0,2,4074.0,4250.0,1,4407.0,4469.0,4469.0,4156.0,5.0,214500.0,4
2023-05-11 09:15:54,wr2403,wr2403,4200.0,0.0,0.0,0.0,1,4075.0,4250.0,1,4407.0,4469.0,4469.0,4156.0,5.0,214500.0,4
2023-05-11 09:15:56,wr2403,wr2403,4200.0,0.0,0.0,0.0,2,4076.0,4250.0,1,4407.0,4469.0,4469.0,4156.0,5.0,214500.0,4
2023-05-11 09:15:56,wr2403,wr2403,4200.0,0.0,0.0,0.0,1,4077.0,4250.0,1,4407.0,4469.0,4469.0,4156.0,5.0,214500.0,4
2023-05-11 09:15:57,wr2403,wr2403,4200.0,0.0,0.0,0.0,2,4078.0,4250.0,1,4407.0,4469.0,4469.0,4156.0,5.0,214500.0,4
2023-05-11 09:15:58,wr2403,wr2403,4200.0,0.0,0.0,0.0,1,4079.0,4250.0,1,4407.0,4469.0,4469.0,4156.0,5.0,214500.0,4
2023-05-11 09:15:58,wr2403,wr2403,4200.0,0.0,0.0,0.0,2,4080.0,4250.0,1,4407.0,4469.0,4469.0,4156.0,5.0,214500.0,4
2023-05-11 09:15:59,wr2403,wr2403,4200.0,0.0,0.0,0.0,1,4081.0,4250.0,1,4407.0,4469.0,4469.0,4156.0,5.0,214500.0,4
2023-05-11 09:15:59,wr2403,wr2403,4200.0,0.0,0.0,0.0,2,4082.0,4250.0,1,4407.0,4469.0,4469.0,4156.0,5.0,214500.0,4
2023-05-11 09:16:00,wr2403,wr2403,4200.0,0.0,0.0,0.0,1,4083.0,4250.0,1,4407.0,4469.0,4469.0,4156.0,5.0,214500.0,4
2023-05-11 09:16:00,wr2403,wr2403,4200.0,0.0,0.0,0.0,1,4083.0,4250.0,1,4407.0,4469.0,4469.0,4156.0,5.0,214500.0,4
2023-05-11 09:16:01,wr2403,wr2403,4200.0,0.0,0.0,0.0,2,4084.0,4250.0,1,4407.0,4469.0,4469.0,4156.0,5.0,214500.0,4
2023-05-11 09:16:01,wr2403,wr2403,4200.0,0.0,0.0,0.0,1,4085.0,4250.0,1,4407.0,4469.0,4469.0,4156.0,5.0,214500.0,4
2023-05-11 09:16:02,wr2403,wr2403,4200.0,0.0,0.0,0.0,2,4086.0,4250.0,1,4407.0,4469.0,4469.0,4156.0,5.0,214500.0,4
2023-05-11 09:16:03,wr2403,wr2403,4200.0,0.0,0.0,0.0,1,4155.0,4250.0,1,4407.0,4469.0,4469.0,4156.0,5.0,214500.0,4
2023-05-11 09:16:03,wr2403,wr2403,4200.0,0.0,0.0,0.0,1,4155.0,4250.0,1,4407.0,4469.0,4469.0,4156.0,5.0,214500.0,4
2023-05-11 09:16:04,wr2403,wr2403,4200.0,0.0,0.0,0.0,1,4155.0,4250.0,1,4407.0,4469.0,4469.0,4156.0,5.0,214500.0,4
2023-05-11 09:16:05,wr2403,wr2403,4200.0,0.0,0.0,0.0,2,4156.0,4250.0,1,4407.0,4469.0,4469.0,4156.0,5.0,214500.0,4
2023-05-11 09:16:05,wr2403,wr2403,4200.0,0.0,0.0,0.0,1,4155.0,4250.0,1,4407.0,4469.0,4469.0,4156.0,5.0,214500.0,4
2023-05-11 09:16:06,wr2403,wr2403,4200.0,0.0,0.0,0.0,2,4156.0,4250.0,1,4407.0,4469.0,4469.0,4156.0,5.0,214500.0,4
2023-05-11 09:16:08,wr2403,wr2403,4200.0,0.0,0.0,0.0,2,4157.0,4250.0,1,4407.0,4469.0,4469.0,4156.0,5.0,214500.0,4
2023-05-11 09:16:11,wr2403,wr2403,4200.0,0.0,0.0,0.0,2,4157.0,4250.0,1,4407.0,4469.0,4469.0,4156.0,5.0,214500.0,4
2023-05-11 09:16:12,wr2403,wr2403,4200.0,0.0,0.0,0.0,2,4157.0,4375.0,2,4407.0,4469.0,4469.0,4156.0,5.0,214500.0,4
2023-05-11 09:16:12,wr2403,wr2403,4157.0,2.0,83140.0,2.0,1,4155.0,4350.0,1,4407.0,4469.0,4469.0,4156.0,7.0,297640.0,6
2023-05-11 09:16:14,wr2403,wr2403,4157.0,0.0,0.0,0.0,1,4020.0,4350.0,1,4407.0,4469.0,4469.0,4156.0,7.0,297640.0,6
2023-05-11 09:16:14,wr2403,wr2403,4157.0,0.0,0.0,0.0,1,4021.0,4350.0,1,4407.0,4469.0,4469.0,4156.0,7.0,297640.0,6
2023-05-11 09:16:16,wr2403,wr2403,4157.0,0.0,0.0,0.0,1,4021.0,4350.0,1,4407.0,4469.0,4469.0,4156.0,7.0,297640.0,6
2023-05-11 09:16:17,wr2403,wr2403,4157.0,0.0,0.0,0.0,1,4022.0,4350.0,1,4407.0,4469.0,4469.0,4156.0,7.0,297640.0,6
2023-05-11 09:16:17,wr2403,wr2403,4157.0,0.0,0.0,0.0,1,4023.0,4336.0,5,4407.0,4469.0,4469.0,4156.0,7.0,297640.0,6
2023-05-11 09:16:18,wr2403,wr2403,4157.0,0.0,0.0,0.0,1,4023.0,4336.0,5,4407.0,4469.0,4469.0,4156.0,7.0,297640.0,6
2023-05-11 09:16:19,wr2403,wr2403,4157.0,0.0,0.0,0.0,1,4023.0,4335.0,2,4407.0,4469.0,4469.0,4156.0,7.0,297640.0,6
2023-05-11 09:16:20,wr2403,wr2403,4157.0,0.0,0.0,0.0,1,4023.0,4335.0,2,4407.0,4469.0,4469.0,4156.0,7.0,297640.0,6
2023-05-11 09:16:21,wr2403,wr2403,4157.0,0.0,0.0,0.0,1,4024.0,4335.0,2,4407.0,4469.0,4469.0,4156.0,7.0,297640.0,6
2023-05-11 09:16:21,wr2403,wr2403,4157.0,0.0,0.0,0.0,1,4025.0,4322.0,1,4407.0,4469.0,4469.0,4156.0,7.0,297640.0,6
2023-05-11 09:16:22,wr2403,wr2403,4157.0,0.0,0.0,0.0,1,4026.0,4322.0,1,4407.0,4469.0,4469.0,4156.0,7.0,297640.0,6
2023-05-11 09:16:23,wr2403,wr2403,4157.0,0.0,0.0,0.0,1,4027.0,4322.0,1,4407.0,4469.0,4469.0,4156.0,7.0,297640.0,6
2023-05-11 09:16:24,wr2403,wr2403,4157.0,0.0,0.0,0.0,1,4027.0,4322.0,1,4407.0,4469.0,4469.0,4156.0,7.0,297640.0,6
2023-05-11 09:16:25,wr2403,wr2403,4157.0,0.0,0.0,0.0,1,4028.0,4322.0,1,4407.0,4469.0,4469.0,4156.0,7.0,297640.0,6
2023-05-11 09:16:25,wr2403,wr2403,4157.0,0.0,0.0,0.0,1,4029.0,4322.0,1,4407.0,4469.0,4469.0,4156.0,7.0,297640.0,6
2023-05-11 09:16:26,wr2403,wr2403,4157.0,0.0,0.0,0.0,1,4030.0,4321.0,2,4407.0,4469.0,4469.0,4156.0,7.0,297640.0,6
2023-05-11 09:16:27,wr2403,wr2403,4157.0,0.0,0.0,0.0,1,4031.0,4315.0,2,4407.0,4469.0,4469.0,4156.0,7.0,297640.0,6
2023-05-11 09:16:28,wr2403,wr2403,4157.0,0.0,0.0,0.0,1,4031.0,4300.0,1,4407.0,4469.0,4469.0,4156.0,7.0,297640.0,6
2023-05-11 09:16:28,wr2403,wr2403,4157.0,0.0,0.0,0.0,1,4032.0,4300.0,1,4407.0,4469.0,4469.0,4156.0,7.0,297640.0,6
2023-05-11 09:16:29,wr2403,wr2403,4157.0,0.0,0.0,0.0,1,4033.0,4299.0,2,4407.0,4469.0,4469.0,4156.0,7.0,297640.0,6
2023-05-11 09:16:29,wr2403,wr2403,4157.0,0.0,0.0,0.0,1,4033.0,4298.0,2,4407.0,4469.0,4469.0,4156.0,7.0,297640.0,6
2023-05-11 09:16:31,wr2403,wr2403,4157.0,0.0,0.0,0.0,1,4033.0,4297.0,2,4407.0,4469.0,4469.0,4156.0,7.0,297640.0,6
2023-05-11 09:16:31,wr2403,wr2403,4157.0,0.0,0.0,0.0,1,4033.0,4315.0,2,4407.0,4469.0,4469.0,4156.0,7.0,297640.0,6
2023-05-11 09:16:32,wr2403,wr2403,4157.0,0.0,0.0,0.0,1,4033.0,4250.0,1,4407.0,4469.0,4469.0,4156.0,7.0,297640.0,6
2023-05-11 09:16:32,wr2403,wr2403,4157.0,0.0,0.0,0.0,1,4033.0,4249.0,2,4407.0,4469.0,4469.0,4156.0,7.0,297640.0,6
2023-05-11 09:16:34,wr2403,wr2403,4157.0,0.0,0.0,0.0,2,4033.0,4248.0,2,4407.0,4469.0,4469.0,4156.0,7.0,297640.0,6
2023-05-11 09:16:35,wr2403,wr2403,4157.0,0.0,0.0,0.0,2,4033.0,4247.0,2,4407.0,4469.0,4469.0,4156.0,7.0,297640.0,6
2023-05-11 09:16:37,wr2403,wr2403,4157.0,0.0,0.0,0.0,2,4033.0,4247.0,2,4407.0,4469.0,4469.0,4156.0,7.0,297640.0,6
2023-05-11 09:16:38,wr2403,wr2403,4157.0,0.0,0.0,0.0,2,4033.0,4240.0,1,4407.0,4469.0,4469.0,4156.0,7.0,297640.0,6
2023-05-11 09:16:39,wr2403,wr2403,4157.0,0.0,0.0,0.0,2,4034.0,4239.0,2,4407.0,4469.0,4469.0,4156.0,7.0,297640.0,6
2023-05-11 09:16:40,wr2403,wr2403,4157.0,0.0,0.0,0.0,1,4035.0,4239.0,2,4407.0,4469.0,4469.0,4156.0,7.0,297640.0,6
2023-05-11 09:16:41,wr2403,wr2403,4157.0,0.0,0.0,0.0,2,4036.0,4239.0,2,4407.0,4469.0,4469.0,4156.0,7.0,297640.0,6
2023-05-11 09:16:42,wr2403,wr2403,4157.0,0.0,0.0,0.0,1,4037.0,4210.0,1,4407.0,4469.0,4469.0,4156.0,7.0,297640.0,6
2023-05-11 09:16:43,wr2403,wr2403,4157.0,0.0,0.0,0.0,2,4038.0,4210.0,1,4407.0,4469.0,4469.0,4156.0,7.0,297640.0,6
2023-05-11 09:16:43,wr2403,wr2403,4157.0,0.0,0.0,0.0,1,4039.0,4210.0,1,4407.0,4469.0,4469.0,4156.0,7.0,297640.0,6
2023-05-11 09:16:44,wr2403,wr2403,4157.0,0.0,0.0,0.0,2,4040.0,4210.0,1,4407.0,4469.0,4469.0,4156.0,7.0,297640.0,6
2023-05-11 09:16:44,wr2403,wr2403,4157.0,0.0,0.0,0.0,1,4041.0,4209.0,2,4407.0,4469.0,4469.0,4156.0,7.0,297640.0,6
2023-05-11 09:16:45,wr2403,wr2403,4157.0,0.0,0.0,0.0,2,4042.0,4209.0,2,4407.0,4469.0,4469.0,4156.0,7.0,297640.0,6
2023-05-11 09:16:45,wr2403,wr2403,4157.0,0.0,0.0,0.0,1,4043.0,4209.0,2,4407.0,4469.0,4469.0,4156.0,7.0,297640.0,6
2023-05-11 09:16:46,wr2403,wr2403,4157.0,0.0,0.0,0.0,1,4043.0,4209.0,2,4407.0,4469.0,4469.0,4156.0,7.0,297640.0,6
2023-05-11 09:16:47,wr2403,wr2403,4157.0,0.0,0.0,0.0,2,4044.0,4209.0,2,4407.0,4469.0,4469.0,4156.0,7.0,297640.0,6
2023-05-11 09:16:47,wr2403,wr2403,4157.0,0.0,0.0,0.0,1,4045.0,4209.0,2,4407.0,4469.0,4469.0,4156.0,7.0,297640.0,6
2023-05-11 09:16:48,wr2403,wr2403,4157.0,0.0,0.0,0.0,2,4046.0,4209.0,2,4407.0,4469.0,4469.0,4156.0,7.0,297640.0,6
2023-05-11 09:16:48,wr2403,wr2403,4157.0,0.0,0.0,0.0,1,4047.0,4209.0,2,4407.0,4469.0,4469.0,4156.0,7.0,297640.0,6
2023-05-11 09:16:49,wr2403,wr2403,4157.0,0.0,0.0,0.0,3,4047.0,4209.0,2,4407.0,4469.0,4469.0,4156.0,7.0,297640.0,6
2023-05-11 09:16:52,wr2403,wr2403,4157.0,0.0,0.0,0.0,3,4047.0,4205.0,1,4407.0,4469.0,4469.0,4156.0,7.0,297640.0,6
2023-05-11 09:16:54,wr2403,wr2403,4157.0,0.0,0.0,0.0,3,4047.0,4204.0,2,4407.0,4469.0,4469.0,4156.0,7.0,297640.0,6
2023-05-11 09:16:55,wr2403,wr2403,4157.0,0.0,0.0,0.0,2,4048.0,4204.0,2,4407.0,4469.0,4469.0,4156.0,7.0,297640.0,6
2023-05-11 09:16:55,wr2403,wr2403,4157.0,0.0,0.0,0.0,1,4049.0,4204.0,2,4407.0,4469.0,4469.0,4156.0,7.0,297640.0,6
2023-05-11 09:16:56,wr2403,wr2403,4157.0,0.0,0.0,0.0,2,4050.0,4204.0,2,4407.0,4469.0,4469.0,4156.0,7.0,297640.0,6
2023-05-11 09:16:57,wr2403,wr2403,4157.0,0.0,0.0,0.0,1,4051.0,4204.0,2,4407.0,4469.0,4469.0,4156.0,7.0,297640.0,6
2023-05-11 09:16:57,wr2403,wr2403,4157.0,0.0,0.0,0.0,1,4051.0,4204.0,2,4407.0,4469.0,4469.0,4156.0,7.0,297640.0,6
2023-05-11 09:16:58,wr2403,wr2403,4157.0,0.0,0.0,0.0,2,4052.0,4204.0,2,4407.0,4469.0,4469.0,4156.0,7.0,297640.0,6
2023-05-11 09:16:58,wr2403,wr2403,4157.0,0.0,0.0,0.0,2,4052.0,4204.0,2,4407.0,4469.0,4469.0,4156.0,7.0,297640.0,6
2023-05-11 09:16:59,wr2403,wr2403,4157.0,0.0,0.0,0.0,3,4053.0,4204.0,2,4407.0,4469.0,4469.0,4156.0,7.0,297640.0,6
2023-05-11 09:16:59,wr2403,wr2403,4157.0,0.0,0.0,0.0,3,4053.0,4204.0,2,4407.0,4469.0,4469.0,4156.0,7.0,297640.0,6
2023-05-11 09:17:00,wr2403,wr2403,4157.0,0.0,0.0,0.0,2,4056.0,4204.0,2,4407.0,4469.0,4469.0,4156.0,7.0,297640.0,6
2023-05-11 09:17:00,wr2403,wr2403,4157.0,0.0,0.0,0.0,1,4057.0,4204.0,2,4407.0,4469.0,4469.0,4156.0,7.0,297640.0,6
2023-05-11 09:17:01,wr2403,wr2403,4157.0,0.0,0.0,0.0,3,4057.0,4203.0,2,4407.0,4469.0,4469.0,4156.0,7.0,297640.0,6
2023-05-11 09:17:01,wr2403,wr2403,4157.0,0.0,0.0,0.0,2,4058.0,4203.0,2,4407.0,4469.0,4469.0,4156.0,7.0,297640.0,6
2023-05-11 09:17:02,wr2403,wr2403,4157.0,0.0,0.0,0.0,1,4059.0,4203.0,2,4407.0,4469.0,4469.0,4156.0,7.0,297640.0,6
2023-05-11 09:17:02,wr2403,wr2403,4157.0,0.0,0.0,0.0,1,4059.0,4180.0,2,4407.0,4469.0,4469.0,4156.0,7.0,297640.0,6
2023-05-11 09:17:03,wr2403,wr2403,4157.0,0.0,0.0,0.0,1,4059.0,4180.0,2,4407.0,4469.0,4469.0,4156.0,7.0,297640.0,6
2023-05-11 09:17:03,wr2403,wr2403,4157.0,0.0,0.0,0.0,2,4060.0,4180.0,2,4407.0,4469.0,4469.0,4156.0,7.0,297640.0,6
2023-05-11 09:17:04,wr2403,wr2403,4157.0,0.0,0.0,0.0,1,4061.0,4180.0,2,4407.0,4469.0,4469.0,4156.0,7.0,297640.0,6
2023-05-11 09:17:05,wr2403,wr2403,4157.0,0.0,0.0,0.0,2,4062.0,4180.0,2,4407.0,4469.0,4469.0,4156.0,7.0,297640.0,6
2023-05-11 09:17:05,wr2403,wr2403,4157.0,0.0,0.0,0.0,1,4063.0,4180.0,2,4407.0,4469.0,4469.0,4156.0,7.0,297640.0,6
2023-05-11 09:17:06,wr2403,wr2403,4157.0,0.0,0.0,0.0,2,4064.0,4180.0,2,4407.0,4469.0,4469.0,4156.0,7.0,297640.0,6
2023-05-11 09:17:06,wr2403,wr2403,4157.0,0.0,0.0,0.0,1,4065.0,4180.0,2,4407.0,4469.0,4469.0,4156.0,7.0,297640.0,6
2023-05-11 09:17:09,wr2403,wr2403,4157.0,0.0,0.0,0.0,1,4065.0,4180.0,2,4407.0,4469.0,4469.0,4156.0,7.0,297640.0,6
2023-05-11 09:17:13,wr2403,wr2403,4157.0,0.0,0.0,0.0,1,4065.0,4180.0,2,4407.0,4469.0,4469.0,4156.0,7.0,297640.0,6
2023-05-11 09:17:15,wr2403,wr2403,4157.0,0.0,0.0,0.0,2,4066.0,4180.0,2,4407.0,4469.0,4469.0,4156.0,7.0,297640.0,6
2023-05-11 09:17:16,wr2403,wr2403,4157.0,0.0,0.0,0.0,1,4067.0,4180.0,2,4407.0,4469.0,4469.0,4156.0,7.0,297640.0,6
2023-05-11 09:17:18,wr2403,wr2403,4157.0,0.0,0.0,0.0,1,4067.0,4180.0,2,4407.0,4469.0,4469.0,4156.0,7.0,297640.0,6
2023-05-11 09:17:21,wr2403,wr2403,4157.0,0.0,0.0,0.0,2,4068.0,4180.0,2,4407.0,4469.0,4469.0,4156.0,7.0,297640.0,6
2023-05-11 09:17:22,wr2403,wr2403,4157.0,0.0,0.0,0.0,1,4069.0,4180.0,2,4407.0,4469.0,4469.0,4156.0,7.0,297640.0,6
2023-05-11 09:17:23,wr2403,wr2403,4157.0,0.0,0.0,0.0,1,4069.0,4172.0,2,4407.0,4469.0,4469.0,4156.0,7.0,297640.0,6
2023-05-11 09:17:25,wr2403,wr2403,4157.0,0.0,0.0,0.0,1,4069.0,4172.0,2,4407.0,4469.0,4469.0,4156.0,7.0,297640.0,6
2023-05-11 09:17:27,wr2403,wr2403,4157.0,0.0,0.0,0.0,1,4069.0,4312.0,2,4407.0,4469.0,4469.0,4156.0,7.0,297640.0,6
2023-05-11 09:17:28,wr2403,wr2403,4157.0,0.0,0.0,0.0,1,4069.0,4300.0,2,4407.0,4469.0,4469.0,4156.0,7.0,297640.0,6
2023-05-11 09:17:29,wr2403,wr2403,4157.0,0.0,0.0,0.0,1,4069.0,4299.0,2,4407.0,4469.0,4469.0,4156.0,7.0,297640.0,6
2023-05-11 09:17:31,wr2403,wr2403,4157.0,0.0,0.0,0.0,1,4069.0,4280.0,1,4407.0,4469.0,4469.0,4156.0,7.0,297640.0,6
2023-05-11 09:17:33,wr2403,wr2403,4157.0,0.0,0.0,0.0,1,4069.0,4279.0,2,4407.0,4469.0,4469.0,4156.0,7.0,297640.0,6
2023-05-11 09:17:36,wr2403,wr2403,4157.0,0.0,0.0,0.0,2,4070.0,4278.0,2,4407.0,4469.0,4469.0,4156.0,7.0,297640.0,6
2023-05-11 09:17:37,wr2403,wr2403,4157.0,0.0,0.0,0.0,1,4071.0,4278.0,2,4407.0,4469.0,4469.0,4156.0,7.0,297640.0,6
2023-05-11 09:17:38,wr2403,wr2403,4157.0,0.0,0.0,0.0,1,4071.0,4267.0,1,4407.0,4469.0,4469.0,4156.0,7.0,297640.0,6
2023-05-11 09:17:39,wr2403,wr2403,4157.0,0.0,0.0,0.0,1,4071.0,4267.0,1,4407.0,4469.0,4469.0,4156.0,7.0,297640.0,6
2023-05-11 09:17:40,wr2403,wr2403,4157.0,0.0,0.0,0.0,1,4071.0,4267.0,1,4407.0,4469.0,4469.0,4156.0,7.0,297640.0,6
2023-05-11 09:17:42,wr2403,wr2403,4157.0,0.0,0.0,0.0,2,4072.0,4267.0,1,4407.0,4469.0,4469.0,4156.0,7.0,297640.0,6
2023-05-11 09:17:42,wr2403,wr2403,4157.0,0.0,0.0,0.0,1,4073.0,4267.0,1,4407.0,4469.0,4469.0,4156.0,7.0,297640.0,6
2023-05-11 09:17:43,wr2403,wr2403,4157.0,0.0,0.0,0.0,1,4073.0,4267.0,1,4407.0,4469.0,4469.0,4156.0,7.0,297640.0,6
2023-05-11 09:17:44,wr2403,wr2403,4157.0,0.0,0.0,0.0,2,4074.0,4267.0,1,4407.0,4469.0,4469.0,4156.0,7.0,297640.0,6
2023-05-11 09:17:44,wr2403,wr2403,4157.0,0.0,0.0,0.0,1,4075.0,4267.0,1,4407.0,4469.0,4469.0,4156.0,7.0,297640.0,6
2023-05-11 09:17:45,wr2403,wr2403,4157.0,0.0,0.0,0.0,1,4075.0,4267.0,1,4407.0,4469.0,4469.0,4156.0,7.0,297640.0,6
2023-05-11 09:17:46,wr2403,wr2403,4157.0,0.0,0.0,0.0,2,4076.0,4267.0,1,4407.0,4469.0,4469.0,4156.0,7.0,297640.0,6
2023-05-11 09:17:46,wr2403,wr2403,4157.0,0.0,0.0,0.0,1,4077.0,4267.0,1,4407.0,4469.0,4469.0,4156.0,7.0,297640.0,6
2023-05-11 09:17:48,wr2403,wr2403,4157.0,0.0,0.0,0.0,2,4078.0,4267.0,1,4407.0,4469.0,4469.0,4156.0,7.0,297640.0,6
2023-05-11 09:17:48,wr2403,wr2403,4157.0,0.0,0.0,0.0,1,4079.0,4267.0,1,4407.0,4469.0,4469.0,4156.0,7.0,297640.0,6
2023-05-11 09:17:49,wr2403,wr2403,4157.0,0.0,0.0,0.0,1,4079.0,4267.0,1,4407.0,4469.0,4469.0,4156.0,7.0,297640.0,6
2023-05-11 09:17:50,wr2403,wr2403,4157.0,0.0,0.0,0.0,1,4079.0,4267.0,1,4407.0,4469.0,4469.0,4156.0,7.0,297640.0,6
2023-05-11 09:17:51,wr2403,wr2403,4157.0,0.0,0.0,0.0,1,4079.0,4267.0,1,4407.0,4469.0,4469.0,4156.0,7.0,297640.0,6
2023-05-11 09:18:24,wr2403,wr2403,4157.0,0.0,0.0,0.0,1,4079.0,4267.0,1,4407.0,4469.0,4469.0,4156.0,7.0,297640.0,6
2023-05-11 09:18:30,wr2403,wr2403,4157.0,0.0,0.0,0.0,2,4080.0,4267.0,1,4407.0,4469.0,4469.0,4156.0,7.0,297640.0,6
2023-05-11 09:18:30,wr2403,wr2403,4157.0,0.0,0.0,0.0,1,4081.0,4267.0,1,4407.0,4469.0,4469.0,4156.0,7.0,297640.0,6
2023-05-11 09:18:37,wr2403,wr2403,4157.0,0.0,0.0,0.0,1,4081.0,4267.0,1,4407.0,4469.0,4469.0,4156.0,7.0,297640.0,6
2023-05-11 09:18:38,wr2403,wr2403,4157.0,0.0,0.0,0.0,1,4081.0,4267.0,1,4407.0,4469.0,4469.0,4156.0,7.0,297640.0,6
2023-05-11 09:18:46,wr2403,wr2403,4157.0,0.0,0.0,0.0,2,4082.0,4267.0,1,4407.0,4469.0,4469.0,4156.0,7.0,297640.0,6
2023-05-11 09:18:47,wr2403,wr2403,4157.0,0.0,0.0,0.0,1,4083.0,4267.0,1,4407.0,4469.0,4469.0,4156.0,7.0,297640.0,6
2023-05-11 09:18:48,wr2403,wr2403,4157.0,0.0,0.0,0.0,1,4083.0,4267.0,1,4407.0,4469.0,4469.0,4156.0,7.0,297640.0,6
2023-05-11 09:18:48,wr2403,wr2403,4157.0,0.0,0.0,0.0,2,4084.0,4267.0,1,4407.0,4469.0,4469.0,4156.0,7.0,297640.0,6
2023-05-11 09:18:49,wr2403,wr2403,4157.0,0.0,0.0,0.0,1,4085.0,4267.0,1,4407.0,4469.0,4469.0,4156.0,7.0,297640.0,6
2023-05-11 09:18:55,wr2403,wr2403,4157.0,0.0,0.0,0.0,1,4085.0,4266.0,2,4407.0,4469.0,4469.0,4156.0,7.0,297640.0,6
2023-05-11 09:18:55,wr2403,wr2403,4157.0,0.0,0.0,0.0,2,4086.0,4266.0,2,4407.0,4469.0,4469.0,4156.0,7.0,297640.0,6
2023-05-11 09:18:56,wr2403,wr2403,4157.0,0.0,0.0,0.0,1,4087.0,4266.0,2,4407.0,4469.0,4469.0,4156.0,7.0,297640.0,6
2023-05-11 09:19:00,wr2403,wr2403,4157.0,0.0,0.0,0.0,1,4087.0,4266.0,2,4407.0,4469.0,4469.0,4156.0,7.0,297640.0,6
2023-05-11 09:19:00,wr2403,wr2403,4157.0,0.0,0.0,0.0,1,4087.0,4250.0,1,4407.0,4469.0,4469.0,4156.0,7.0,297640.0,6
2023-05-11 09:19:08,wr2403,wr2403,4157.0,0.0,0.0,0.0,1,4087.0,4250.0,1,4407.0,4469.0,4469.0,4156.0,7.0,297640.0,6
2023-05-11 09:19:13,wr2403,wr2403,4157.0,0.0,0.0,0.0,2,4088.0,4250.0,1,4407.0,4469.0,4469.0,4156.0,7.0,297640.0,6
2023-05-11 09:19:14,wr2403,wr2403,4157.0,0.0,0.0,0.0,1,4089.0,4250.0,1,4407.0,4469.0,4469.0,4156.0,7.0,297640.0,6
2023-05-11 09:19:52,wr2403,wr2403,4157.0,0.0,0.0,0.0,1,4089.0,4250.0,1,4407.0,4469.0,4469.0,4156.0,7.0,297640.0,6
2023-05-11 09:19:58,wr2403,wr2403,4157.0,0.0,0.0,0.0,2,4090.0,4250.0,1,4407.0,4469.0,4469.0,4156.0,7.0,297640.0,6
2023-05-11 09:19:58,wr2403,wr2403,4157.0,0.0,0.0,0.0,1,4091.0,4250.0,1,4407.0,4469.0,4469.0,4156.0,7.0,297640.0,6
2023-05-11 09:20:01,wr2403,wr2403,4157.0,0.0,0.0,0.0,2,4092.0,4250.0,1,4407.0,4469.0,4469.0,4156.0,7.0,297640.0,6
2023-05-11 09:20:01,wr2403,wr2403,4157.0,0.0,0.0,0.0,1,4093.0,4250.0,1,4407.0,4469.0,4469.0,4156.0,7.0,297640.0,6
2023-05-11 09:20:22,wr2403,wr2403,4157.0,0.0,0.0,0.0,1,4093.0,4250.0,1,4407.0,4469.0,4469.0,4156.0,7.0,297640.0,6
2023-05-11 09:20:36,wr2403,wr2403,4157.0,0.0,0.0,0.0,1,4093.0,4250.0,1,4407.0,4469.0,4469.0,4156.0,7.0,297640.0,6
2023-05-11 09:20:42,wr2403,wr2403,4157.0,0.0,0.0,0.0,2,4094.0,4250.0,1,4407.0,4469.0,4469.0,4156.0,7.0,297640.0,6
2023-05-11 09:20:43,wr2403,wr2403,4157.0,0.0,0.0,0.0,1,4095.0,4250.0,1,4407.0,4469.0,4469.0,4156.0,7.0,297640.0,6
2023-05-11 09:21:21,wr2403,wr2403,4157.0,0.0,0.0,0.0,1,4095.0,4250.0,1,4407.0,4469.0,4469.0,4156.0,7.0,297640.0,6
2023-05-11 09:21:27,wr2403,wr2403,4157.0,0.0,0.0,0.0,2,4096.0,4250.0,1,4407.0,4469.0,4469.0,4156.0,7.0,297640.0,6
2023-05-11 09:21:27,wr2403,wr2403,4157.0,0.0,0.0,0.0,1,4097.0,4250.0,1,4407.0,4469.0,4469.0,4156.0,7.0,297640.0,6
2023-05-11 09:22:05,wr2403,wr2403,4157.0,0.0,0.0,0.0,1,4097.0,4250.0,1,4407.0,4469.0,4469.0,4156.0,7.0,297640.0,6
2023-05-11 09:22:11,wr2403,wr2403,4157.0,0.0,0.0,0.0,2,4098.0,4250.0,1,4407.0,4469.0,4469.0,4156.0,7.0,297640.0,6
2023-05-11 09:22:11,wr2403,wr2403,4157.0,0.0,0.0,0.0,1,4099.0,4250.0,1,4407.0,4469.0,4469.0,4156.0,7.0,297640.0,6
2023-05-11 09:22:49,wr2403,wr2403,4157.0,0.0,0.0,0.0,1,4099.0,4250.0,1,4407.0,4469.0,4469.0,4156.0,7.0,297640.0,6
2023-05-11 09:22:55,wr2403,wr2403,4157.0,0.0,0.0,0.0,2,4100.0,4250.0,1,4407.0,4469.0,4469.0,4156.0,7.0,297640.0,6
2023-05-11 09:22:55,wr2403,wr2403,4157.0,0.0,0.0,0.0,2,4100.0,4250.0,1,4407.0,4469.0,4469.0,4156.0,7.0,297640.0,6
2023-05-11 09:24:30,wr2403,wr2403,4157.0,0.0,0.0,0.0,3,4100.0,4250.0,1,4407.0,4469.0,4469.0,4156.0,7.0,297640.0,6
2023-05-11 09:24:43,wr2403,wr2403,4157.0,0.0,0.0,0.0,3,4100.0,4250.0,1,4407.0,4469.0,4469.0,4156.0,7.0,297640.0,6
2023-05-11 09:26:16,wr2403,wr2403,4157.0,0.0,0.0,0.0,3,4100.0,4373.0,2,4407.0,4469.0,4469.0,4156.0,7.0,297640.0,6
2023-05-11 09:26:17,wr2403,wr2403,4157.0,0.0,0.0,0.0,1,4100.0,4350.0,1,4407.0,4469.0,4469.0,4156.0,7.0,297640.0,6
2023-05-11 09:26:34,wr2403,wr2403,4157.0,0.0,0.0,0.0,1,4100.0,4349.0,2,4407.0,4469.0,4469.0,4156.0,7.0,297640.0,6
2023-05-11 09:26:42,wr2403,wr2403,4157.0,0.0,0.0,0.0,1,4100.0,4348.0,2,4407.0,4469.0,4469.0,4156.0,7.0,297640.0,6
2023-05-11 09:26:44,wr2403,wr2403,4157.0,0.0,0.0,0.0,1,4100.0,4348.0,2,4407.0,4469.0,4469.0,4156.0,7.0,297640.0,6
2023-05-11 09:26:45,wr2403,wr2403,4157.0,0.0,0.0,0.0,1,4100.0,4340.0,1,4407.0,4469.0,4469.0,4156.0,7.0,297640.0,6
2023-05-11 09:26:48,wr2403,wr2403,4157.0,0.0,0.0,0.0,1,4100.0,4339.0,2,4407.0,4469.0,4469.0,4156.0,7.0,297640.0,6
2023-05-11 09:26:49,wr2403,wr2403,4157.0,0.0,0.0,0.0,1,4100.0,4320.0,1,4407.0,4469.0,4469.0,4156.0,7.0,297640.0,6
2023-05-11 09:26:50,wr2403,wr2403,4157.0,0.0,0.0,0.0,1,4100.0,4319.0,2,4407.0,4469.0,4469.0,4156.0,7.0,297640.0,6
2023-05-11 09:26:51,wr2403,wr2403,4157.0,0.0,0.0,0.0,1,4100.0,4319.0,2,4407.0,4469.0,4469.0,4156.0,7.0,297640.0,6
2023-05-11 09:26:52,wr2403,wr2403,4157.0,0.0,0.0,0.0,1,4100.0,4319.0,2,4407.0,4469.0,4469.0,4156.0,7.0,297640.0,6
2023-05-11 09:26:53,wr2403,wr2403,4157.0,0.0,0.0,0.0,1,4100.0,4300.0,1,4407.0,4469.0,4469.0,4156.0,7.0,297640.0,6
2023-05-11 09:26:53,wr2403,wr2403,4157.0,0.0,0.0,0.0,1,4100.0,4299.0,2,4407.0,4469.0,4469.0,4156.0,7.0,297640.0,6
2023-05-11 09:26:57,wr2403,wr2403,4157.0,0.0,0.0,0.0,1,4100.0,4299.0,2,4407.0,4469.0,4469.0,4156.0,7.0,297640.0,6
2023-05-11 09:27:00,wr2403,wr2403,4157.0,0.0,0.0,0.0,1,4100.0,4280.0,1,4407.0,4469.0,4469.0,4156.0,7.0,297640.0,6
2023-05-11 09:27:02,wr2403,wr2403,4157.0,0.0,0.0,0.0,1,4100.0,4279.0,2,4407.0,4469.0,4469.0,4156.0,7.0,297640.0,6
2023-05-11 09:27:07,wr2403,wr2403,4157.0,0.0,0.0,0.0,1,4100.0,4279.0,2,4407.0,4469.0,4469.0,4156.0,7.0,297640.0,6
2023-05-11 09:27:07,wr2403,wr2403,4157.0,0.0,0.0,0.0,1,4100.0,4250.0,1,4407.0,4469.0,4469.0,4156.0,7.0,297640.0,6
2023-05-11 09:27:18,wr2403,wr2403,4157.0,0.0,0.0,0.0,2,4101.0,4250.0,1,4407.0,4469.0,4469.0,4156.0,7.0,297640.0,6
2023-05-11 09:27:25,wr2403,wr2403,4157.0,0.0,0.0,0.0,2,4101.0,4250.0,1,4407.0,4469.0,4469.0,4156.0,7.0,297640.0,6
2023-05-11 09:27:26,wr2403,wr2403,4157.0,0.0,0.0,0.0,2,4101.0,4250.0,1,4407.0,4469.0,4469.0,4156.0,7.0,297640.0,6
2023-05-11 09:27:44,wr2403,wr2403,4157.0,0.0,0.0,0.0,2,4101.0,4250.0,1,4407.0,4469.0,4469.0,4156.0,7.0,297640.0,6
2023-05-11 09:27:45,wr2403,wr2403,4157.0,0.0,0.0,0.0,2,4101.0,4250.0,1,4407.0,4469.0,4469.0,4156.0,7.0,297640.0,6
2023-05-11 09:32:15,wr2403,wr2403,4157.0,0.0,0.0,0.0,1,4100.0,4250.0,1,4407.0,4469.0,4469.0,4156.0,7.0,297640.0,6
2023-05-11 09:32:23,wr2403,wr2403,4157.0,0.0,0.0,0.0,2,4101.0,4250.0,1,4407.0,4469.0,4469.0,4156.0,7.0,297640.0,6
2023-05-11 09:36:58,wr2403,wr2403,4157.0,0.0,0.0,0.0,1,4100.0,4250.0,1,4407.0,4469.0,4469.0,4156.0,7.0,297640.0,6
2023-05-11 09:37:24,wr2403,wr2403,4157.0,0.0,0.0,0.0,2,4101.0,4250.0,1,4407.0,4469.0,4469.0,4156.0,7.0,297640.0,6
2023-05-11 09:37:58,wr2403,wr2403,4157.0,0.0,0.0,0.0,1,4100.0,4250.0,1,4407.0,4469.0,4469.0,4156.0,7.0,297640.0,6
2023-05-11 09:38:09,wr2403,wr2403,4157.0,0.0,0.0,0.0,2,4101.0,4250.0,1,4407.0,4469.0,4469.0,4156.0,7.0,297640.0,6
2023-05-11 09:39:02,wr2403,wr2403,4157.0,0.0,0.0,0.0,1,4100.0,4250.0,1,4407.0,4469.0,4469.0,4156.0,7.0,297640.0,6
2023-05-11 09:39:34,wr2403,wr2403,4157.0,0.0,0.0,0.0,1,4100.0,4249.0,2,4407.0,4469.0,4469.0,4156.0,7.0,297640.0,6
2023-05-11 09:40:04,wr2403,wr2403,4157.0,0.0,0.0,0.0,1,4100.0,4249.0,2,4407.0,4469.0,4469.0,4156.0,7.0,297640.0,6
2023-05-11 09:40:04,wr2403,wr2403,4157.0,0.0,0.0,0.0,1,4100.0,4240.0,1,4407.0,4469.0,4469.0,4156.0,7.0,297640.0,6
2023-05-11 09:40:05,wr2403,wr2403,4157.0,0.0,0.0,0.0,1,4100.0,4240.0,1,4407.0,4469.0,4469.0,4156.0,7.0,297640.0,6
2023-05-11 09:40:18,wr2403,wr2403,4157.0,0.0,0.0,0.0,2,4101.0,4240.0,1,4407.0,4469.0,4469.0,4156.0,7.0,297640.0,6
2023-05-11 09:40:30,wr2403,wr2403,4157.0,0.0,0.0,0.0,1,4100.0,4240.0,1,4407.0,4469.0,4469.0,4156.0,7.0,297640.0,6
2023-05-11 09:41:02,wr2403,wr2403,4157.0,0.0,0.0,0.0,1,4100.0,4239.0,2,4407.0,4469.0,4469.0,4156.0,7.0,297640.0,6
2023-05-11 09:41:39,wr2403,wr2403,4157.0,0.0,0.0,0.0,1,4100.0,4240.0,1,4407.0,4469.0,4469.0,4156.0,7.0,297640.0,6
2023-05-11 09:41:45,wr2403,wr2403,4157.0,0.0,0.0,0.0,2,4101.0,4240.0,1,4407.0,4469.0,4469.0,4156.0,7.0,297640.0,6
2023-05-11 09:42:01,wr2403,wr2403,4157.0,0.0,0.0,0.0,1,4100.0,4240.0,1,4407.0,4469.0,4469.0,4156.0,7.0,297640.0,6
2023-05-11 09:42:30,wr2403,wr2403,4157.0,0.0,0.0,0.0,1,4100.0,4239.0,2,4407.0,4469.0,4469.0,4156.0,7.0,297640.0,6
2023-05-11 09:42:48,wr2403,wr2403,4157.0,0.0,0.0,0.0,1,4100.0,4239.0,2,4407.0,4469.0,4469.0,4156.0,7.0,297640.0,6
2023-05-11 09:42:48,wr2403,wr2403,4157.0,0.0,0.0,0.0,1,4100.0,4230.0,1,4407.0,4469.0,4469.0,4156.0,7.0,297640.0,6
2023-05-11 09:42:49,wr2403,wr2403,4157.0,0.0,0.0,0.0,1,4100.0,4230.0,1,4407.0,4469.0,4469.0,4156.0,7.0,297640.0,6
2023-05-11 09:43:12,wr2403,wr2403,4157.0,0.0,0.0,0.0,2,4101.0,4230.0,1,4407.0,4469.0,4469.0,4156.0,7.0,297640.0,6
2023-05-11 09:44:01,wr2403,wr2403,4157.0,0.0,0.0,0.0,1,4100.0,4230.0,1,4407.0,4469.0,4469.0,4156.0,7.0,297640.0,6
2023-05-11 09:44:40,wr2403,wr2403,4157.0,0.0,0.0,0.0,1,4100.0,4229.0,2,4407.0,4469.0,4469.0,4156.0,7.0,297640.0,6
2023-05-11 09:45:06,wr2403,wr2403,4157.0,0.0,0.0,0.0,1,4100.0,4229.0,2,4407.0,4469.0,4469.0,4156.0,7.0,297640.0,6
2023-05-11 09:45:10,wr2403,wr2403,4157.0,0.0,0.0,0.0,2,4092.0,4229.0,2,4407.0,4469.0,4469.0,4156.0,7.0,297640.0,6
2023-05-11 09:45:10,wr2403,wr2403,4157.0,0.0,0.0,0.0,2,4092.0,4220.0,1,4407.0,4469.0,4469.0,4156.0,7.0,297640.0,6
2023-05-11 09:45:11,wr2403,wr2403,4157.0,0.0,0.0,0.0,2,4092.0,4220.0,1,4407.0,4469.0,4469.0,4156.0,7.0,297640.0,6
2023-05-11 09:45:14,wr2403,wr2403,4157.0,0.0,0.0,0.0,1,4093.0,4220.0,1,4407.0,4469.0,4469.0,4156.0,7.0,297640.0,6
2023-05-11 09:45:23,wr2403,wr2403,4157.0,0.0,0.0,0.0,2,4094.0,4220.0,1,4407.0,4469.0,4469.0,4156.0,7.0,297640.0,6
2023-05-11 09:45:24,wr2403,wr2403,4157.0,0.0,0.0,0.0,1,4093.0,4220.0,1,4407.0,4469.0,4469.0,4156.0,7.0,297640.0,6
2023-05-11 09:46:05,wr2403,wr2403,4157.0,0.0,0.0,0.0,2,4094.0,4220.0,1,4407.0,4469.0,4469.0,4156.0,7.0,297640.0,6
2023-05-11 09:46:07,wr2403,wr2403,4157.0,0.0,0.0,0.0,1,4093.0,4220.0,1,4407.0,4469.0,4469.0,4156.0,7.0,297640.0,6
2023-05-11 09:46:50,wr2403,wr2403,4157.0,0.0,0.0,0.0,2,4094.0,4220.0,1,4407.0,4469.0,4469.0,4156.0,7.0,297640.0,6
2023-05-11 09:46:52,wr2403,wr2403,4157.0,0.0,0.0,0.0,1,4093.0,4220.0,1,4407.0,4469.0,4469.0,4156.0,7.0,297640.0,6
2023-05-11 09:47:33,wr2403,wr2403,4157.0,0.0,0.0,0.0,2,4094.0,4220.0,1,4407.0,4469.0,4469.0,4156.0,7.0,297640.0,6
2023-05-11 09:47:35,wr2403,wr2403,4157.0,0.0,0.0,0.0,1,4093.0,4220.0,1,4407.0,4469.0,4469.0,4156.0,7.0,297640.0,6
2023-05-11 09:48:16,wr2403,wr2403,4157.0,0.0,0.0,0.0,2,4094.0,4220.0,1,4407.0,4469.0,4469.0,4156.0,7.0,297640.0,6
2023-05-11 09:48:18,wr2403,wr2403,4157.0,0.0,0.0,0.0,1,4093.0,4220.0,1,4407.0,4469.0,4469.0,4156.0,7.0,297640.0,6
2023-05-11 09:49:00,wr2403,wr2403,4157.0,0.0,0.0,0.0,2,4094.0,4220.0,1,4407.0,4469.0,4469.0,4156.0,7.0,297640.0,6
2023-05-11 09:49:01,wr2403,wr2403,4157.0,0.0,0.0,0.0,1,4093.0,4220.0,1,4407.0,4469.0,4469.0,4156.0,7.0,297640.0,6
2023-05-11 09:49:23,wr2403,wr2403,4157.0,0.0,0.0,0.0,1,4093.0,4219.0,1,4407.0,4469.0,4469.0,4156.0,7.0,297640.0,6
2023-05-11 09:49:31,wr2403,wr2403,4157.0,0.0,0.0,0.0,1,4093.0,4219.0,1,4407.0,4469.0,4469.0,4156.0,7.0,297640.0,6
2023-05-11 09:49:34,wr2403,wr2403,4157.0,0.0,0.0,0.0,1,4093.0,4210.0,1,4407.0,4469.0,4469.0,4156.0,7.0,297640.0,6
2023-05-11 09:49:37,wr2403,wr2403,4157.0,0.0,0.0,0.0,1,4093.0,4209.0,1,4407.0,4469.0,4469.0,4156.0,7.0,297640.0,6
2023-05-11 09:49:42,wr2403,wr2403,4157.0,0.0,0.0,0.0,1,4093.0,4209.0,1,4407.0,4469.0,4469.0,4156.0,7.0,297640.0,6
2023-05-11 09:49:42,wr2403,wr2403,4157.0,0.0,0.0,0.0,2,4094.0,4209.0,1,4407.0,4469.0,4469.0,4156.0,7.0,297640.0,6
2023-05-11 09:49:44,wr2403,wr2403,4157.0,0.0,0.0,0.0,1,4093.0,4209.0,1,4407.0,4469.0,4469.0,4156.0,7.0,297640.0,6
2023-05-11 09:49:45,wr2403,wr2403,4157.0,0.0,0.0,0.0,1,4093.0,4205.0,1,4407.0,4469.0,4469.0,4156.0,7.0,297640.0,6
2023-05-11 09:49:47,wr2403,wr2403,4157.0,0.0,0.0,0.0,1,4093.0,4204.0,1,4407.0,4469.0,4469.0,4156.0,7.0,297640.0,6
2023-05-11 09:49:49,wr2403,wr2403,4157.0,0.0,0.0,0.0,1,4093.0,4204.0,1,4407.0,4469.0,4469.0,4156.0,7.0,297640.0,6
2023-05-11 09:49:51,wr2403,wr2403,4157.0,0.0,0.0,0.0,1,4093.0,4204.0,1,4407.0,4469.0,4469.0,4156.0,7.0,297640.0,6
2023-05-11 09:49:52,wr2403,wr2403,4157.0,0.0,0.0,0.0,1,4093.0,4200.0,1,4407.0,4469.0,4469.0,4156.0,7.0,297640.0,6
2023-05-11 09:50:26,wr2403,wr2403,4157.0,0.0,0.0,0.0,2,4094.0,4200.0,1,4407.0,4469.0,4469.0,4156.0,7.0,297640.0,6
2023-05-11 09:50:28,wr2403,wr2403,4157.0,0.0,0.0,0.0,1,4093.0,4200.0,1,4407.0,4469.0,4469.0,4156.0,7.0,297640.0,6
2023-05-11 09:50:56,wr2403,wr2403,4157.0,0.0,0.0,0.0,1,4093.0,4199.0,1,4407.0,4469.0,4469.0,4156.0,7.0,297640.0,6
2023-05-11 09:50:59,wr2403,wr2403,4157.0,0.0,0.0,0.0,1,4093.0,4199.0,1,4407.0,4469.0,4469.0,4156.0,7.0,297640.0,6
2023-05-11 09:51:01,wr2403,wr2403,4157.0,0.0,0.0,0.0,1,4093.0,4199.0,1,4407.0,4469.0,4469.0,4156.0,7.0,297640.0,6
2023-05-11 09:51:05,wr2403,wr2403,4157.0,0.0,0.0,0.0,1,4093.0,4195.0,1,4407.0,4469.0,4469.0,4156.0,7.0,297640.0,6
2023-05-11 09:51:07,wr2403,wr2403,4157.0,0.0,0.0,0.0,1,4093.0,4194.0,1,4407.0,4469.0,4469.0,4156.0,7.0,297640.0,6
2023-05-11 09:51:09,wr2403,wr2403,4157.0,0.0,0.0,0.0,2,4094.0,4194.0,1,4407.0,4469.0,4469.0,4156.0,7.0,297640.0,6
2023-05-11 09:51:09,wr2403,wr2403,4157.0,0.0,0.0,0.0,2,4094.0,4194.0,1,4407.0,4469.0,4469.0,4156.0,7.0,297640.0,6
2023-05-11 09:51:10,wr2403,wr2403,4157.0,0.0,0.0,0.0,1,4093.0,4194.0,1,4407.0,4469.0,4469.0,4156.0,7.0,297640.0,6
2023-05-11 09:51:11,wr2403,wr2403,4157.0,0.0,0.0,0.0,1,4093.0,4194.0,1,4407.0,4469.0,4469.0,4156.0,7.0,297640.0,6
2023-05-11 09:51:15,wr2403,wr2403,4157.0,0.0,0.0,0.0,1,4093.0,4190.0,1,4407.0,4469.0,4469.0,4156.0,7.0,297640.0,6
2023-05-11 09:51:33,wr2403,wr2403,4157.0,0.0,0.0,0.0,1,4093.0,4189.0,1,4407.0,4469.0,4469.0,4156.0,7.0,297640.0,6
2023-05-11 09:51:43,wr2403,wr2403,4157.0,0.0,0.0,0.0,1,4093.0,4189.0,1,4407.0,4469.0,4469.0,4156.0,7.0,297640.0,6
2023-05-11 09:51:46,wr2403,wr2403,4157.0,0.0,0.0,0.0,1,4093.0,4390.0,1,4407.0,4469.0,4469.0,4156.0,7.0,297640.0,6
2023-05-11 09:51:47,wr2403,wr2403,4157.0,0.0,0.0,0.0,1,4093.0,4280.0,1,4407.0,4469.0,4469.0,4156.0,7.0,297640.0,6
2023-05-11 09:51:48,wr2403,wr2403,4157.0,0.0,0.0,0.0,1,4093.0,4279.0,1,4407.0,4469.0,4469.0,4156.0,7.0,297640.0,6
2023-05-11 09:51:49,wr2403,wr2403,4157.0,0.0,0.0,0.0,1,4093.0,4279.0,1,4407.0,4469.0,4469.0,4156.0,7.0,297640.0,6
2023-05-11 09:51:52,wr2403,wr2403,4157.0,0.0,0.0,0.0,1,4093.0,4278.0,2,4407.0,4469.0,4469.0,4156.0,7.0,297640.0,6
2023-05-11 09:51:54,wr2403,wr2403,4157.0,0.0,0.0,0.0,1,4093.0,4277.0,1,4407.0,4469.0,4469.0,4156.0,7.0,297640.0,6
2023-05-11 09:51:55,wr2403,wr2403,4157.0,0.0,0.0,0.0,1,4093.0,4275.0,1,4407.0,4469.0,4469.0,4156.0,7.0,297640.0,6
2023-05-11 09:52:04,wr2403,wr2403,4157.0,0.0,0.0,0.0,1,4093.0,4275.0,1,4407.0,4469.0,4469.0,4156.0,7.0,297640.0,6
2023-05-11 09:52:04,wr2403,wr2403,4157.0,0.0,0.0,0.0,1,4093.0,4274.0,1,4407.0,4469.0,4469.0,4156.0,7.0,297640.0,6
2023-05-11 09:52:06,wr2403,wr2403,4157.0,0.0,0.0,0.0,1,4093.0,4274.0,1,4407.0,4469.0,4469.0,4156.0,7.0,297640.0,6
2023-05-11 09:52:08,wr2403,wr2403,4157.0,0.0,0.0,0.0,1,4093.0,4250.0,1,4407.0,4469.0,4469.0,4156.0,7.0,297640.0,6
2023-05-11 09:52:10,wr2403,wr2403,4157.0,0.0,0.0,0.0,1,4093.0,4249.0,1,4407.0,4469.0,4469.0,4156.0,7.0,297640.0,6
2023-05-11 09:52:12,wr2403,wr2403,4157.0,0.0,0.0,0.0,1,4093.0,4249.0,1,4407.0,4469.0,4469.0,4156.0,7.0,297640.0,6
2023-05-11 09:52:12,wr2403,wr2403,4157.0,0.0,0.0,0.0,1,4093.0,4249.0,2,4407.0,4469.0,4469.0,4156.0,7.0,297640.0,6
2023-05-11 09:52:33,wr2403,wr2403,4157.0,0.0,0.0,0.0,1,4093.0,4249.0,2,4407.0,4469.0,4469.0,4156.0,7.0,297640.0,6
2023-05-11 09:52:36,wr2403,wr2403,4157.0,0.0,0.0,0.0,1,4093.0,4248.0,2,4407.0,4469.0,4469.0,4156.0,7.0,297640.0,6
2023-05-11 09:52:42,wr2403,wr2403,4157.0,0.0,0.0,0.0,1,4093.0,4248.0,2,4407.0,4469.0,4469.0,4156.0,7.0,297640.0,6
2023-05-11 09:52:43,wr2403,wr2403,4157.0,0.0,0.0,0.0,1,4093.0,4240.0,1,4407.0,4469.0,4469.0,4156.0,7.0,297640.0,6
2023-05-11 09:53:03,wr2403,wr2403,4157.0,0.0,0.0,0.0,1,4093.0,4239.0,1,4407.0,4469.0,4469.0,4156.0,7.0,297640.0,6
2023-05-11 09:53:05,wr2403,wr2403,4157.0,0.0,0.0,0.0,1,4093.0,4239.0,1,4407.0,4469.0,4469.0,4156.0,7.0,297640.0,6
2023-05-11 09:53:06,wr2403,wr2403,4157.0,0.0,0.0,0.0,1,4093.0,4239.0,2,4407.0,4469.0,4469.0,4156.0,7.0,297640.0,6
2023-05-11 09:53:21,wr2403,wr2403,4157.0,0.0,0.0,0.0,1,4093.0,4239.0,2,4407.0,4469.0,4469.0,4156.0,7.0,297640.0,6
2023-05-11 09:54:01,wr2403,wr2403,4157.0,0.0,0.0,0.0,1,4093.0,4238.0,2,4407.0,4469.0,4469.0,4156.0,7.0,297640.0,6
2023-05-11 09:54:06,wr2403,wr2403,4157.0,0.0,0.0,0.0,1,4093.0,4238.0,2,4407.0,4469.0,4469.0,4156.0,7.0,297640.0,6
2023-05-11 09:54:11,wr2403,wr2403,4157.0,0.0,0.0,0.0,1,4093.0,4235.0,1,4407.0,4469.0,4469.0,4156.0,7.0,297640.0,6
2023-05-11 09:54:41,wr2403,wr2403,4157.0,0.0,0.0,0.0,1,4093.0,4234.0,1,4407.0,4469.0,4469.0,4156.0,7.0,297640.0,6
2023-05-11 09:54:43,wr2403,wr2403,4157.0,0.0,0.0,0.0,1,4093.0,4234.0,1,4407.0,4469.0,4469.0,4156.0,7.0,297640.0,6
2023-05-11 09:54:44,wr2403,wr2403,4157.0,0.0,0.0,0.0,1,4093.0,4230.0,1,4407.0,4469.0,4469.0,4156.0,7.0,297640.0,6
2023-05-11 09:54:46,wr2403,wr2403,4157.0,0.0,0.0,0.0,1,4093.0,4230.0,1,4407.0,4469.0,4469.0,4156.0,7.0,297640.0,6
2023-05-11 09:55:23,wr2403,wr2403,4157.0,0.0,0.0,0.0,1,4093.0,4230.0,1,4407.0,4469.0,4469.0,4156.0,7.0,297640.0,6
2023-05-11 09:55:24,wr2403,wr2403,4157.0,0.0,0.0,0.0,2,4094.0,4230.0,1,4407.0,4469.0,4469.0,4156.0,7.0,297640.0,6
2023-05-11 09:56:06,wr2403,wr2403,4157.0,0.0,0.0,0.0,2,4094.0,4229.0,1,4407.0,4469.0,4469.0,4156.0,7.0,297640.0,6
2023-05-11 09:56:09,wr2403,wr2403,4157.0,0.0,0.0,0.0,2,4094.0,4229.0,1,4407.0,4469.0,4469.0,4156.0,7.0,297640.0,6
2023-05-11 09:56:10,wr2403,wr2403,4157.0,0.0,0.0,0.0,2,4094.0,4229.0,2,4407.0,4469.0,4469.0,4156.0,7.0,297640.0,6
2023-05-11 09:59:26,wr2403,wr2403,4157.0,0.0,0.0,0.0,1,4093.0,4229.0,2,4407.0,4469.0,4469.0,4156.0,7.0,297640.0,6
2023-05-11 09:59:39,wr2403,wr2403,4157.0,0.0,0.0,0.0,1,4093.0,4228.0,2,4407.0,4469.0,4469.0,4156.0,7.0,297640.0,6
2023-05-11 09:59:42,wr2403,wr2403,4157.0,0.0,0.0,0.0,1,4093.0,4228.0,2,4407.0,4469.0,4469.0,4156.0,7.0,297640.0,6
2023-05-11 09:59:44,wr2403,wr2403,4157.0,0.0,0.0,0.0,1,4093.0,4225.0,1,4407.0,4469.0,4469.0,4156.0,7.0,297640.0,6
2023-05-11 09:59:51,wr2403,wr2403,4157.0,0.0,0.0,0.0,1,4093.0,4225.0,1,4407.0,4469.0,4469.0,4156.0,7.0,297640.0,6
2023-05-11 09:59:52,wr2403,wr2403,4157.0,0.0,0.0,0.0,1,4093.0,4224.0,1,4407.0,4469.0,4469.0,4156.0,7.0,297640.0,6
2023-05-11 09:59:54,wr2403,wr2403,4157.0,0.0,0.0,0.0,1,4093.0,4224.0,1,4407.0,4469.0,4469.0,4156.0,7.0,297640.0,6
2023-05-11 09:59:55,wr2403,wr2403,4157.0,0.0,0.0,0.0,1,4093.0,4220.0,1,4407.0,4469.0,4469.0,4156.0,7.0,297640.0,6
2023-05-11 09:59:56,wr2403,wr2403,4157.0,0.0,0.0,0.0,1,4093.0,4220.0,1,4407.0,4469.0,4469.0,4156.0,7.0,297640.0,6
2023-05-11 10:00:22,wr2403,wr2403,4157.0,0.0,0.0,0.0,2,4094.0,4220.0,1,4407.0,4469.0,4469.0,4156.0,7.0,297640.0,6
2023-05-11 10:00:23,wr2403,wr2403,4157.0,0.0,0.0,0.0,1,4093.0,4220.0,1,4407.0,4469.0,4469.0,4156.0,7.0,297640.0,6
2023-05-11 10:00:59,wr2403,wr2403,4157.0,0.0,0.0,0.0,1,4093.0,4219.0,1,4407.0,4469.0,4469.0,4156.0,7.0,297640.0,6
2023-05-11 10:01:04,wr2403,wr2403,4157.0,0.0,0.0,0.0,2,4094.0,4219.0,1,4407.0,4469.0,4469.0,4156.0,7.0,297640.0,6
2023-05-11 10:01:06,wr2403,wr2403,4157.0,0.0,0.0,0.0,1,4093.0,4219.0,1,4407.0,4469.0,4469.0,4156.0,7.0,297640.0,6
2023-05-11 10:01:10,wr2403,wr2403,4157.0,0.0,0.0,0.0,1,4093.0,4219.0,1,4407.0,4469.0,4469.0,4156.0,7.0,297640.0,6
2023-05-11 10:01:10,wr2403,wr2403,4157.0,0.0,0.0,0.0,1,4093.0,4210.0,1,4407.0,4469.0,4469.0,4156.0,7.0,297640.0,6
2023-05-11 10:01:19,wr2403,wr2403,4157.0,0.0,0.0,0.0,1,4093.0,4210.0,1,4407.0,4469.0,4469.0,4156.0,7.0,297640.0,6
2023-05-11 10:01:19,wr2403,wr2403,4157.0,0.0,0.0,0.0,1,4093.0,4209.0,1,4407.0,4469.0,4469.0,4156.0,7.0,297640.0,6
2023-05-11 10:01:25,wr2403,wr2403,4157.0,0.0,0.0,0.0,1,4093.0,4209.0,1,4407.0,4469.0,4469.0,4156.0,7.0,297640.0,6
2023-05-11 10:01:26,wr2403,wr2403,4157.0,0.0,0.0,0.0,1,4093.0,4200.0,1,4407.0,4469.0,4469.0,4156.0,7.0,297640.0,6
2023-05-11 10:01:28,wr2403,wr2403,4157.0,0.0,0.0,0.0,1,4093.0,4199.0,1,4407.0,4469.0,4469.0,4156.0,7.0,297640.0,6
2023-05-11 10:01:38,wr2403,wr2403,4157.0,0.0,0.0,0.0,1,4093.0,4199.0,1,4407.0,4469.0,4469.0,4156.0,7.0,297640.0,6
2023-05-11 10:01:38,wr2403,wr2403,4157.0,0.0,0.0,0.0,1,4093.0,4195.0,1,4407.0,4469.0,4469.0,4156.0,7.0,297640.0,6
2023-05-11 10:01:40,wr2403,wr2403,4157.0,0.0,0.0,0.0,1,4093.0,4195.0,1,4407.0,4469.0,4469.0,4156.0,7.0,297640.0,6
2023-05-11 10:01:41,wr2403,wr2403,4157.0,0.0,0.0,0.0,1,4093.0,4194.0,1,4407.0,4469.0,4469.0,4156.0,7.0,297640.0,6
2023-05-11 10:01:47,wr2403,wr2403,4157.0,0.0,0.0,0.0,2,4094.0,4194.0,1,4407.0,4469.0,4469.0,4156.0,7.0,297640.0,6
2023-05-11 10:01:49,wr2403,wr2403,4157.0,0.0,0.0,0.0,1,4093.0,4194.0,1,4407.0,4469.0,4469.0,4156.0,7.0,297640.0,6
2023-05-11 10:01:51,wr2403,wr2403,4157.0,0.0,0.0,0.0,1,4093.0,4194.0,1,4407.0,4469.0,4469.0,4156.0,7.0,297640.0,6
2023-05-11 10:01:51,wr2403,wr2403,4157.0,0.0,0.0,0.0,1,4093.0,4190.0,1,4407.0,4469.0,4469.0,4156.0,7.0,297640.0,6
2023-05-11 10:01:53,wr2403,wr2403,4157.0,0.0,0.0,0.0,1,4093.0,4189.0,1,4407.0,4469.0,4469.0,4156.0,7.0,297640.0,6
2023-05-11 10:02:02,wr2403,wr2403,4157.0,0.0,0.0,0.0,1,4093.0,4189.0,1,4407.0,4469.0,4469.0,4156.0,7.0,297640.0,6
2023-05-11 10:02:03,wr2403,wr2403,4157.0,0.0,0.0,0.0,1,4093.0,4185.0,1,4407.0,4469.0,4469.0,4156.0,7.0,297640.0,6
2023-05-11 10:02:05,wr2403,wr2403,4157.0,0.0,0.0,0.0,1,4093.0,4184.0,1,4407.0,4469.0,4469.0,4156.0,7.0,297640.0,6
2023-05-11 10:02:10,wr2403,wr2403,4157.0,0.0,0.0,0.0,1,4093.0,4184.0,1,4407.0,4469.0,4469.0,4156.0,7.0,297640.0,6
2023-05-11 10:02:11,wr2403,wr2403,4157.0,0.0,0.0,0.0,1,4093.0,4180.0,1,4407.0,4469.0,4469.0,4156.0,7.0,297640.0,6
2023-05-11 10:02:12,wr2403,wr2403,4157.0,0.0,0.0,0.0,1,4093.0,4179.0,1,4407.0,4469.0,4469.0,4156.0,7.0,297640.0,6
2023-05-11 10:02:18,wr2403,wr2403,4157.0,0.0,0.0,0.0,1,4093.0,4179.0,1,4407.0,4469.0,4469.0,4156.0,7.0,297640.0,6
2023-05-11 10:02:29,wr2403,wr2403,4157.0,0.0,0.0,0.0,1,4093.0,4179.0,1,4407.0,4469.0,4469.0,4156.0,7.0,297640.0,6
2023-05-11 10:02:31,wr2403,wr2403,4157.0,0.0,0.0,0.0,1,4093.0,4390.0,2,4407.0,4469.0,4469.0,4156.0,7.0,297640.0,6
2023-05-11 10:02:31,wr2403,wr2403,4157.0,0.0,0.0,0.0,2,4094.0,4390.0,2,4407.0,4469.0,4469.0,4156.0,7.0,297640.0,6
2023-05-11 10:02:32,wr2403,wr2403,4157.0,0.0,0.0,0.0,2,4094.0,4389.0,1,4407.0,4469.0,4469.0,4156.0,7.0,297640.0,6
2023-05-11 10:02:33,wr2403,wr2403,4157.0,0.0,0.0,0.0,1,4093.0,4389.0,1,4407.0,4469.0,4469.0,4156.0,7.0,297640.0,6
2023-05-11 10:02:38,wr2403,wr2403,4157.0,0.0,0.0,0.0,1,4093.0,4389.0,1,4407.0,4469.0,4469.0,4156.0,7.0,297640.0,6
2023-05-11 10:02:40,wr2403,wr2403,4157.0,0.0,0.0,0.0,1,4093.0,4389.0,2,4407.0,4469.0,4469.0,4156.0,7.0,297640.0,6
2023-05-11 10:03:14,wr2403,wr2403,4157.0,0.0,0.0,0.0,1,4093.0,4388.0,2,4407.0,4469.0,4469.0,4156.0,7.0,297640.0,6
2023-05-11 10:03:28,wr2403,wr2403,4157.0,0.0,0.0,0.0,1,4093.0,4388.0,2,4407.0,4469.0,4469.0,4156.0,7.0,297640.0,6
2023-05-11 10:03:33,wr2403,wr2403,4157.0,0.0,0.0,0.0,1,4093.0,4370.0,1,4407.0,4469.0,4469.0,4156.0,7.0,297640.0,6
2023-05-11 10:03:36,wr2403,wr2403,4157.0,0.0,0.0,0.0,1,4093.0,4369.0,1,4407.0,4469.0,4469.0,4156.0,7.0,297640.0,6
2023-05-11 10:03:38,wr2403,wr2403,4157.0,0.0,0.0,0.0,1,4093.0,4369.0,1,4407.0,4469.0,4469.0,4156.0,7.0,297640.0,6
2023-05-11 10:03:39,wr2403,wr2403,4157.0,0.0,0.0,0.0,1,4093.0,4369.0,2,4407.0,4469.0,4469.0,4156.0,7.0,297640.0,6
2023-05-11 10:04:11,wr2403,wr2403,4157.0,0.0,0.0,0.0,1,4093.0,4369.0,2,4407.0,4469.0,4469.0,4156.0,7.0,297640.0,6
2023-05-11 10:04:42,wr2403,wr2403,4157.0,0.0,0.0,0.0,1,4093.0,4368.0,2,4407.0,4469.0,4469.0,4156.0,7.0,297640.0,6
2023-05-11 10:04:51,wr2403,wr2403,4157.0,0.0,0.0,0.0,1,4093.0,4368.0,2,4407.0,4469.0,4469.0,4156.0,7.0,297640.0,6
2023-05-11 10:04:51,wr2403,wr2403,4157.0,0.0,0.0,0.0,1,4093.0,4365.0,1,4407.0,4469.0,4469.0,4156.0,7.0,297640.0,6
2023-05-11 10:04:59,wr2403,wr2403,4157.0,0.0,0.0,0.0,1,4093.0,4364.0,1,4407.0,4469.0,4469.0,4156.0,7.0,297640.0,6
2023-05-11 10:05:03,wr2403,wr2403,4157.0,0.0,0.0,0.0,1,4093.0,4364.0,1,4407.0,4469.0,4469.0,4156.0,7.0,297640.0,6
2023-05-11 10:05:05,wr2403,wr2403,4157.0,0.0,0.0,0.0,1,4093.0,4364.0,2,4407.0,4469.0,4469.0,4156.0,7.0,297640.0,6
2023-05-11 10:05:28,wr2403,wr2403,4157.0,0.0,0.0,0.0,1,4093.0,4364.0,2,4407.0,4469.0,4469.0,4156.0,7.0,297640.0,6
2023-05-11 10:06:08,wr2403,wr2403,4157.0,0.0,0.0,0.0,1,4093.0,4363.0,2,4407.0,4469.0,4469.0,4156.0,7.0,297640.0,6
2023-05-11 10:06:12,wr2403,wr2403,4157.0,0.0,0.0,0.0,1,4093.0,4363.0,2,4407.0,4469.0,4469.0,4156.0,7.0,297640.0,6
2023-05-11 10:06:12,wr2403,wr2403,4157.0,0.0,0.0,0.0,1,4093.0,4362.0,1,4407.0,4469.0,4469.0,4156.0,7.0,297640.0,6
2023-05-11 10:06:17,wr2403,wr2403,4157.0,0.0,0.0,0.0,1,4093.0,4362.0,1,4407.0,4469.0,4469.0,4156.0,7.0,297640.0,6
2023-05-11 10:06:19,wr2403,wr2403,4157.0,0.0,0.0,0.0,1,4093.0,4362.0,2,4407.0,4469.0,4469.0,4156.0,7.0,297640.0,6
2023-05-11 10:06:39,wr2403,wr2403,4157.0,0.0,0.0,0.0,1,4093.0,4362.0,2,4407.0,4469.0,4469.0,4156.0,7.0,297640.0,6
2023-05-11 10:06:40,wr2403,wr2403,4157.0,0.0,0.0,0.0,1,4093.0,4362.0,2,4407.0,4469.0,4469.0,4156.0,7.0,297640.0,6
2023-05-11 10:06:47,wr2403,wr2403,4157.0,0.0,0.0,0.0,1,4093.0,4362.0,2,4407.0,4469.0,4469.0,4156.0,7.0,297640.0,6
2023-05-11 10:06:49,wr2403,wr2403,4157.0,0.0,0.0,0.0,1,4093.0,4362.0,2,4407.0,4469.0,4469.0,4156.0,7.0,297640.0,6
2023-05-11 10:06:53,wr2403,wr2403,4157.0,0.0,0.0,0.0,1,4093.0,4361.0,2,4407.0,4469.0,4469.0,4156.0,7.0,297640.0,6
2023-05-11 10:07:00,wr2403,wr2403,4157.0,0.0,0.0,0.0,1,4093.0,4361.0,2,4407.0,4469.0,4469.0,4156.0,7.0,297640.0,6
2023-05-11 10:07:01,wr2403,wr2403,4157.0,0.0,0.0,0.0,1,4093.0,4360.0,1,4407.0,4469.0,4469.0,4156.0,7.0,297640.0,6
2023-05-11 10:07:03,wr2403,wr2403,4157.0,0.0,0.0,0.0,1,4093.0,4359.0,1,4407.0,4469.0,4469.0,4156.0,7.0,297640.0,6
2023-05-11 10:07:06,wr2403,wr2403,4157.0,0.0,0.0,0.0,1,4093.0,4359.0,1,4407.0,4469.0,4469.0,4156.0,7.0,297640.0,6
2023-05-11 10:07:09,wr2403,wr2403,4157.0,0.0,0.0,0.0,1,4093.0,4359.0,2,4407.0,4469.0,4469.0,4156.0,7.0,297640.0,6
2023-05-11 10:07:39,wr2403,wr2403,4157.0,0.0,0.0,0.0,1,4093.0,4359.0,2,4407.0,4469.0,4469.0,4156.0,7.0,297640.0,6
2023-05-11 10:08:20,wr2403,wr2403,4157.0,0.0,0.0,0.0,1,4093.0,4358.0,2,4407.0,4469.0,4469.0,4156.0,7.0,297640.0,6
2023-05-11 10:08:29,wr2403,wr2403,4157.0,0.0,0.0,0.0,1,4093.0,4358.0,2,4407.0,4469.0,4469.0,4156.0,7.0,297640.0,6
2023-05-11 10:08:32,wr2403,wr2403,4157.0,0.0,0.0,0.0,1,4093.0,4358.0,2,4407.0,4469.0,4469.0,4156.0,7.0,297640.0,6
2023-05-11 10:08:32,wr2403,wr2403,4157.0,0.0,0.0,0.0,1,4093.0,4357.0,1,4407.0,4469.0,4469.0,4156.0,7.0,297640.0,6
2023-05-11 10:08:33,wr2403,wr2403,4157.0,0.0,0.0,0.0,1,4093.0,4355.0,1,4407.0,4469.0,4469.0,4156.0,7.0,297640.0,6
2023-05-11 10:08:36,wr2403,wr2403,4157.0,0.0,0.0,0.0,1,4093.0,4355.0,1,4407.0,4469.0,4469.0,4156.0,7.0,297640.0,6
2023-05-11 10:08:36,wr2403,wr2403,4157.0,0.0,0.0,0.0,1,4093.0,4354.0,1,4407.0,4469.0,4469.0,4156.0,7.0,297640.0,6
2023-05-11 10:08:46,wr2403,wr2403,4157.0,0.0,0.0,0.0,1,4093.0,4354.0,1,4407.0,4469.0,4469.0,4156.0,7.0,297640.0,6
2023-05-11 10:08:51,wr2403,wr2403,4157.0,0.0,0.0,0.0,1,4093.0,4354.0,2,4407.0,4469.0,4469.0,4156.0,7.0,297640.0,6
2023-05-11 10:09:10,wr2403,wr2403,4157.0,0.0,0.0,0.0,1,4093.0,4354.0,2,4407.0,4469.0,4469.0,4156.0,7.0,297640.0,6
2023-05-11 10:09:48,wr2403,wr2403,4157.0,0.0,0.0,0.0,1,4093.0,4353.0,2,4407.0,4469.0,4469.0,4156.0,7.0,297640.0,6
2023-05-11 10:10:06,wr2403,wr2403,4157.0,0.0,0.0,0.0,1,4093.0,4353.0,2,4407.0,4469.0,4469.0,4156.0,7.0,297640.0,6
2023-05-11 10:10:06,wr2403,wr2403,4157.0,0.0,0.0,0.0,1,4093.0,4300.0,1,4407.0,4469.0,4469.0,4156.0,7.0,297640.0,6
2023-05-11 10:10:19,wr2403,wr2403,4157.0,0.0,0.0,0.0,1,4093.0,4299.0,1,4407.0,4469.0,4469.0,4156.0,7.0,297640.0,6
2023-05-11 10:10:26,wr2403,wr2403,4157.0,0.0,0.0,0.0,1,4093.0,4299.0,1,4407.0,4469.0,4469.0,4156.0,7.0,297640.0,6
2023-05-11 10:10:29,wr2403,wr2403,4157.0,0.0,0.0,0.0,1,4093.0,4299.0,2,4407.0,4469.0,4469.0,4156.0,7.0,297640.0,6
2023-05-11 10:10:44,wr2403,wr2403,4157.0,0.0,0.0,0.0,1,4093.0,4299.0,2,4407.0,4469.0,4469.0,4156.0,7.0,297640.0,6
2023-05-11 10:11:14,wr2403,wr2403,4157.0,0.0,0.0,0.0,1,4093.0,4298.0,2,4407.0,4469.0,4469.0,4156.0,7.0,297640.0,6
2023-05-11 10:11:19,wr2403,wr2403,4157.0,0.0,0.0,0.0,1,4093.0,4297.0,1,4407.0,4469.0,4469.0,4156.0,7.0,297640.0,6
2023-05-11 10:11:20,wr2403,wr2403,4157.0,0.0,0.0,0.0,1,4093.0,4250.0,1,4407.0,4469.0,4469.0,4156.0,7.0,297640.0,6
2023-05-11 10:11:34,wr2403,wr2403,4157.0,0.0,0.0,0.0,1,4093.0,4250.0,1,4407.0,4469.0,4469.0,4156.0,7.0,297640.0,6
2023-05-11 10:11:35,wr2403,wr2403,4157.0,0.0,0.0,0.0,1,4093.0,4249.0,1,4407.0,4469.0,4469.0,4156.0,7.0,297640.0,6
2023-05-11 10:11:36,wr2403,wr2403,4157.0,0.0,0.0,0.0,1,4093.0,4249.0,1,4407.0,4469.0,4469.0,4156.0,7.0,297640.0,6
2023-05-11 10:11:40,wr2403,wr2403,4157.0,0.0,0.0,0.0,1,4093.0,4200.0,1,4407.0,4469.0,4469.0,4156.0,7.0,297640.0,6
2023-05-11 10:11:41,wr2403,wr2403,4157.0,0.0,0.0,0.0,1,4093.0,4200.0,1,4407.0,4469.0,4469.0,4156.0,7.0,297640.0,6
2023-05-11 10:11:42,wr2403,wr2403,4157.0,0.0,0.0,0.0,1,4093.0,4199.0,1,4407.0,4469.0,4469.0,4156.0,7.0,297640.0,6
2023-05-11 10:11:57,wr2403,wr2403,4157.0,0.0,0.0,0.0,2,4094.0,4199.0,1,4407.0,4469.0,4469.0,4156.0,7.0,297640.0,6
2023-05-11 10:11:58,wr2403,wr2403,4157.0,0.0,0.0,0.0,1,4093.0,4199.0,1,4407.0,4469.0,4469.0,4156.0,7.0,297640.0,6
2023-05-11 10:12:03,wr2403,wr2403,4157.0,0.0,0.0,0.0,1,4093.0,4199.0,1,4407.0,4469.0,4469.0,4156.0,7.0,297640.0,6
2023-05-11 10:12:08,wr2403,wr2403,4157.0,0.0,0.0,0.0,1,4093.0,4190.0,1,4407.0,4469.0,4469.0,4156.0,7.0,297640.0,6
2023-05-11 10:12:10,wr2403,wr2403,4157.0,0.0,0.0,0.0,1,4093.0,4189.0,1,4407.0,4469.0,4469.0,4156.0,7.0,297640.0,6
2023-05-11 10:12:15,wr2403,wr2403,4157.0,0.0,0.0,0.0,1,4093.0,4189.0,1,4407.0,4469.0,4469.0,4156.0,7.0,297640.0,6
2023-05-11 10:12:15,wr2403,wr2403,4157.0,0.0,0.0,0.0,1,4093.0,4180.0,1,4407.0,4469.0,4469.0,4156.0,7.0,297640.0,6
2023-05-11 10:12:40,wr2403,wr2403,4157.0,0.0,0.0,0.0,2,4094.0,4180.0,1,4407.0,4469.0,4469.0,4156.0,7.0,297640.0,6
2023-05-11 10:12:42,wr2403,wr2403,4157.0,0.0,0.0,0.0,1,4093.0,4180.0,1,4407.0,4469.0,4469.0,4156.0,7.0,297640.0,6
