time,symbol_id,symbol_name,last,trade_volume,trade_amount,open_interest_change,bv1,bp1,ap1,av1,yesterday_close,today_open,today_high,today_low,volume,amount,open_interest
2023-05-11 09:00:18,wr2402,wr2402,4214.0,0.0,0.0,0.0,0,0.0,4640.0,1,4214.0,0.0,0.0,0.0,0.0,0.0,0
2023-05-11 09:00:31,wr2402,wr2402,4214.0,0.0,0.0,0.0,0,0.0,4640.0,1,4214.0,0.0,0.0,0.0,0.0,0.0,0
2023-05-11 09:02:38,wr2402,wr2402,4214.0,0.0,0.0,0.0,0,0.0,4639.0,1,4214.0,0.0,0.0,0.0,0.0,0.0,0
2023-05-11 09:07:17,wr2402,wr2402,4214.0,0.0,0.0,0.0,0,0.0,4600.0,1,4214.0,0.0,0.0,0.0,0.0,0.0,0
2023-05-11 09:07:39,wr2402,wr2402,4214.0,0.0,0.0,0.0,0,0.0,4599.0,1,4214.0,0.0,0.0,0.0,0.0,0.0,0
2023-05-11 09:08:02,wr2402,wr2402,4214.0,0.0,0.0,0.0,0,0.0,4599.0,1,4214.0,0.0,0.0,0.0,0.0,0.0,0
2023-05-11 09:08:02,wr2402,wr2402,4214.0,0.0,0.0,0.0,0,0.0,4566.0,1,4214.0,0.0,0.0,0.0,0.0,0.0,0
2023-05-11 09:08:23,wr2402,wr2402,4214.0,0.0,0.0,0.0,0,0.0,4565.0,1,4214.0,0.0,0.0,0.0,0.0,0.0,0
2023-05-11 09:08:57,wr2402,wr2402,4214.0,0.0,0.0,0.0,0,0.0,4556.0,1,4214.0,0.0,0.0,0.0,0.0,0.0,0
2023-05-11 09:08:57,wr2402,wr2402,4214.0,0.0,0.0,0.0,0,0.0,4555.0,1,4214.0,0.0,0.0,0.0,0.0,0.0,0
2023-05-11 09:09:01,wr2402,wr2402,4214.0,0.0,0.0,0.0,0,0.0,4555.0,1,4214.0,0.0,0.0,0.0,0.0,0.0,0
2023-05-11 09:09:02,wr2402,wr2402,4214.0,0.0,0.0,0.0,0,0.0,4545.0,1,4214.0,0.0,0.0,0.0,0.0,0.0,0
2023-05-11 09:09:02,wr2402,wr2402,4214.0,0.0,0.0,0.0,0,0.0,4544.0,1,4214.0,0.0,0.0,0.0,0.0,0.0,0
2023-05-11 09:09:05,wr2402,wr2402,4214.0,0.0,0.0,0.0,0,0.0,4522.0,1,4214.0,0.0,0.0,0.0,0.0,0.0,0
2023-05-11 09:09:06,wr2402,wr2402,4214.0,0.0,0.0,0.0,0,0.0,4521.0,1,4214.0,0.0,0.0,0.0,0.0,0.0,0
2023-05-11 09:09:08,wr2402,wr2402,4214.0,0.0,0.0,0.0,0,0.0,4500.0,1,4214.0,0.0,0.0,0.0,0.0,0.0,0
2023-05-11 09:09:09,wr2402,wr2402,4214.0,0.0,0.0,0.0,0,0.0,4499.0,1,4214.0,0.0,0.0,0.0,0.0,0.0,0
2023-05-11 09:09:13,wr2402,wr2402,4214.0,0.0,0.0,0.0,0,0.0,4489.0,1,4214.0,0.0,0.0,0.0,0.0,0.0,0
2023-05-11 09:09:13,wr2402,wr2402,4214.0,0.0,0.0,0.0,0,0.0,4488.0,1,4214.0,0.0,0.0,0.0,0.0,0.0,0
2023-05-11 09:09:17,wr2402,wr2402,4214.0,0.0,0.0,0.0,0,0.0,4478.0,1,4214.0,0.0,0.0,0.0,0.0,0.0,0
2023-05-11 09:09:17,wr2402,wr2402,4214.0,0.0,0.0,0.0,0,0.0,4477.0,1,4214.0,0.0,0.0,0.0,0.0,0.0,0
2023-05-11 09:09:20,wr2402,wr2402,4214.0,0.0,0.0,0.0,0,0.0,4470.0,1,4214.0,0.0,0.0,0.0,0.0,0.0,0
2023-05-11 09:09:21,wr2402,wr2402,4214.0,0.0,0.0,0.0,0,0.0,4469.0,1,4214.0,0.0,0.0,0.0,0.0,0.0,0
2023-05-11 09:09:26,wr2402,wr2402,4214.0,0.0,0.0,0.0,0,0.0,4465.0,1,4214.0,0.0,0.0,0.0,0.0,0.0,0
2023-05-11 09:09:27,wr2402,wr2402,4214.0,0.0,0.0,0.0,0,0.0,4464.0,1,4214.0,0.0,0.0,0.0,0.0,0.0,0
2023-05-11 09:09:29,wr2402,wr2402,4214.0,0.0,0.0,0.0,0,0.0,4464.0,1,4214.0,0.0,0.0,0.0,0.0,0.0,0
2023-05-11 09:09:30,wr2402,wr2402,4214.0,0.0,0.0,0.0,0,0.0,4455.0,1,4214.0,0.0,0.0,0.0,0.0,0.0,0
2023-05-11 09:09:30,wr2402,wr2402,4214.0,0.0,0.0,0.0,0,0.0,4454.0,1,4214.0,0.0,0.0,0.0,0.0,0.0,0
2023-05-11 09:09:33,wr2402,wr2402,4214.0,0.0,0.0,0.0,0,0.0,4450.0,1,4214.0,0.0,0.0,0.0,0.0,0.0,0
2023-05-11 09:09:33,wr2402,wr2402,4214.0,0.0,0.0,0.0,0,0.0,4449.0,1,4214.0,0.0,0.0,0.0,0.0,0.0,0
2023-05-11 09:09:41,wr2402,wr2402,4214.0,0.0,0.0,0.0,0,0.0,4440.0,1,4214.0,0.0,0.0,0.0,0.0,0.0,0
2023-05-11 09:09:41,wr2402,wr2402,4214.0,0.0,0.0,0.0,0,0.0,4439.0,1,4214.0,0.0,0.0,0.0,0.0,0.0,0
2023-05-11 09:09:45,wr2402,wr2402,4214.0,0.0,0.0,0.0,0,0.0,4430.0,1,4214.0,0.0,0.0,0.0,0.0,0.0,0
2023-05-11 09:09:45,wr2402,wr2402,4214.0,0.0,0.0,0.0,0,0.0,4429.0,1,4214.0,0.0,0.0,0.0,0.0,0.0,0
2023-05-11 09:09:48,wr2402,wr2402,4214.0,0.0,0.0,0.0,0,0.0,4420.0,1,4214.0,0.0,0.0,0.0,0.0,0.0,0
2023-05-11 09:09:49,wr2402,wr2402,4214.0,0.0,0.0,0.0,0,0.0,4419.0,1,4214.0,0.0,0.0,0.0,0.0,0.0,0
2023-05-11 09:09:51,wr2402,wr2402,4214.0,0.0,0.0,0.0,0,0.0,4410.0,1,4214.0,0.0,0.0,0.0,0.0,0.0,0
2023-05-11 09:09:52,wr2402,wr2402,4214.0,0.0,0.0,0.0,0,0.0,4409.0,1,4214.0,0.0,0.0,0.0,0.0,0.0,0
2023-05-11 09:09:54,wr2402,wr2402,4214.0,0.0,0.0,0.0,0,0.0,4400.0,1,4214.0,0.0,0.0,0.0,0.0,0.0,0
2023-05-11 09:09:55,wr2402,wr2402,4214.0,0.0,0.0,0.0,0,0.0,4400.0,1,4214.0,0.0,0.0,0.0,0.0,0.0,0
2023-05-11 09:13:09,wr2402,wr2402,4214.0,0.0,0.0,0.0,0,0.0,4399.0,1,4214.0,0.0,0.0,0.0,0.0,0.0,0
2023-05-11 09:15:46,wr2402,wr2402,4214.0,0.0,0.0,0.0,0,0.0,4398.0,2,4214.0,0.0,0.0,0.0,0.0,0.0,0
2023-05-11 09:15:47,wr2402,wr2402,4214.0,0.0,0.0,0.0,0,0.0,4397.0,1,4214.0,0.0,0.0,0.0,0.0,0.0,0
2023-05-11 09:15:55,wr2402,wr2402,4214.0,0.0,0.0,0.0,2,3366.0,4397.0,1,4214.0,0.0,0.0,0.0,0.0,0.0,0
2023-05-11 09:15:56,wr2402,wr2402,4214.0,0.0,0.0,0.0,1,3367.0,4397.0,1,4214.0,0.0,0.0,0.0,0.0,0.0,0
2023-05-11 09:16:05,wr2402,wr2402,4214.0,0.0,0.0,0.0,6,3367.0,4397.0,1,4214.0,0.0,0.0,0.0,0.0,0.0,0
2023-05-11 09:16:06,wr2402,wr2402,4214.0,0.0,0.0,0.0,1,3566.0,4397.0,1,4214.0,0.0,0.0,0.0,0.0,0.0,0
2023-05-11 09:16:06,wr2402,wr2402,4214.0,0.0,0.0,0.0,1,3567.0,4397.0,1,4214.0,0.0,0.0,0.0,0.0,0.0,0
2023-05-11 09:16:09,wr2402,wr2402,4214.0,0.0,0.0,0.0,1,3567.0,4397.0,1,4214.0,0.0,0.0,0.0,0.0,0.0,0
2023-05-11 09:16:10,wr2402,wr2402,4214.0,0.0,0.0,0.0,1,3567.0,4397.0,1,4214.0,0.0,0.0,0.0,0.0,0.0,0
2023-05-11 09:16:10,wr2402,wr2402,4214.0,0.0,0.0,0.0,1,3666.0,4397.0,1,4214.0,0.0,0.0,0.0,0.0,0.0,0
2023-05-11 09:16:11,wr2402,wr2402,4214.0,0.0,0.0,0.0,1,3667.0,4397.0,1,4214.0,0.0,0.0,0.0,0.0,0.0,0
2023-05-11 09:16:14,wr2402,wr2402,4214.0,0.0,0.0,0.0,1,3788.0,4397.0,1,4214.0,0.0,0.0,0.0,0.0,0.0,0
2023-05-11 09:16:14,wr2402,wr2402,4214.0,0.0,0.0,0.0,1,3789.0,4397.0,1,4214.0,0.0,0.0,0.0,0.0,0.0,0
2023-05-11 09:16:18,wr2402,wr2402,4214.0,0.0,0.0,0.0,1,3888.0,4397.0,1,4214.0,0.0,0.0,0.0,0.0,0.0,0
2023-05-11 09:16:18,wr2402,wr2402,4214.0,0.0,0.0,0.0,1,3889.0,4397.0,1,4214.0,0.0,0.0,0.0,0.0,0.0,0
2023-05-11 09:16:22,wr2402,wr2402,4214.0,0.0,0.0,0.0,1,3999.0,4397.0,1,4214.0,0.0,0.0,0.0,0.0,0.0,0
2023-05-11 09:16:22,wr2402,wr2402,4214.0,0.0,0.0,0.0,1,4000.0,4397.0,1,4214.0,0.0,0.0,0.0,0.0,0.0,0
2023-05-11 09:16:25,wr2402,wr2402,4214.0,0.0,0.0,0.0,1,4000.0,4396.0,1,4214.0,0.0,0.0,0.0,0.0,0.0,0
2023-05-11 09:16:25,wr2402,wr2402,4214.0,0.0,0.0,0.0,1,4000.0,4395.0,1,4214.0,0.0,0.0,0.0,0.0,0.0,0
2023-05-11 09:16:26,wr2402,wr2402,4214.0,0.0,0.0,0.0,1,4040.0,4395.0,1,4214.0,0.0,0.0,0.0,0.0,0.0,0
2023-05-11 09:16:26,wr2402,wr2402,4214.0,0.0,0.0,0.0,1,4041.0,4395.0,1,4214.0,0.0,0.0,0.0,0.0,0.0,0
2023-05-11 09:16:29,wr2402,wr2402,4214.0,0.0,0.0,0.0,1,4066.0,4395.0,1,4214.0,0.0,0.0,0.0,0.0,0.0,0
2023-05-11 09:16:30,wr2402,wr2402,4214.0,0.0,0.0,0.0,1,4067.0,4395.0,1,4214.0,0.0,0.0,0.0,0.0,0.0,0
2023-05-11 09:16:33,wr2402,wr2402,4214.0,0.0,0.0,0.0,1,4088.0,4395.0,1,4214.0,0.0,0.0,0.0,0.0,0.0,0
2023-05-11 09:16:33,wr2402,wr2402,4214.0,0.0,0.0,0.0,1,4089.0,4395.0,1,4214.0,0.0,0.0,0.0,0.0,0.0,0
2023-05-11 09:16:36,wr2402,wr2402,4214.0,0.0,0.0,0.0,1,4099.0,4395.0,1,4214.0,0.0,0.0,0.0,0.0,0.0,0
2023-05-11 09:16:36,wr2402,wr2402,4214.0,0.0,0.0,0.0,1,4100.0,4395.0,1,4214.0,0.0,0.0,0.0,0.0,0.0,0
2023-05-11 09:16:39,wr2402,wr2402,4214.0,0.0,0.0,0.0,1,4100.0,4395.0,1,4214.0,0.0,0.0,0.0,0.0,0.0,0
2023-05-11 09:16:57,wr2402,wr2402,4214.0,0.0,0.0,0.0,1,4100.0,4395.0,1,4214.0,0.0,0.0,0.0,0.0,0.0,0
2023-05-11 09:16:58,wr2402,wr2402,4214.0,0.0,0.0,0.0,1,4100.0,4390.0,1,4214.0,0.0,0.0,0.0,0.0,0.0,0
2023-05-11 09:16:58,wr2402,wr2402,4214.0,0.0,0.0,0.0,1,4100.0,4389.0,1,4214.0,0.0,0.0,0.0,0.0,0.0,0
2023-05-11 09:17:16,wr2402,wr2402,4214.0,0.0,0.0,0.0,1,4100.0,4389.0,1,4214.0,0.0,0.0,0.0,0.0,0.0,0
2023-05-11 09:19:48,wr2402,wr2402,4214.0,0.0,0.0,0.0,1,4100.0,4380.0,1,4214.0,0.0,0.0,0.0,0.0,0.0,0
2023-05-11 09:19:48,wr2402,wr2402,4214.0,0.0,0.0,0.0,1,4100.0,4379.0,1,4214.0,0.0,0.0,0.0,0.0,0.0,0
2023-05-11 09:19:52,wr2402,wr2402,4214.0,0.0,0.0,0.0,1,4100.0,4370.0,1,4214.0,0.0,0.0,0.0,0.0,0.0,0
2023-05-11 09:19:53,wr2402,wr2402,4214.0,0.0,0.0,0.0,1,4100.0,4369.0,1,4214.0,0.0,0.0,0.0,0.0,0.0,0
2023-05-11 09:19:56,wr2402,wr2402,4214.0,0.0,0.0,0.0,1,4100.0,4360.0,1,4214.0,0.0,0.0,0.0,0.0,0.0,0
2023-05-11 09:19:56,wr2402,wr2402,4214.0,0.0,0.0,0.0,1,4100.0,4359.0,1,4214.0,0.0,0.0,0.0,0.0,0.0,0
2023-05-11 09:19:59,wr2402,wr2402,4214.0,0.0,0.0,0.0,1,4100.0,4350.0,1,4214.0,0.0,0.0,0.0,0.0,0.0,0
2023-05-11 09:19:59,wr2402,wr2402,4214.0,0.0,0.0,0.0,1,4100.0,4350.0,1,4214.0,0.0,0.0,0.0,0.0,0.0,0
2023-05-11 09:20:22,wr2402,wr2402,4214.0,0.0,0.0,0.0,1,4010.0,4350.0,1,4214.0,0.0,0.0,0.0,0.0,0.0,0
2023-05-11 09:20:22,wr2402,wr2402,4214.0,0.0,0.0,0.0,1,4011.0,4349.0,1,4214.0,0.0,0.0,0.0,0.0,0.0,0
2023-05-11 09:20:32,wr2402,wr2402,4214.0,0.0,0.0,0.0,1,4011.0,4348.0,1,4214.0,0.0,0.0,0.0,0.0,0.0,0
2023-05-11 09:20:32,wr2402,wr2402,4214.0,0.0,0.0,0.0,1,4011.0,4347.0,1,4214.0,0.0,0.0,0.0,0.0,0.0,0
2023-05-11 09:20:37,wr2402,wr2402,4214.0,0.0,0.0,0.0,1,4011.0,4347.0,1,4214.0,0.0,0.0,0.0,0.0,0.0,0
2023-05-11 09:20:37,wr2402,wr2402,4214.0,0.0,0.0,0.0,1,4011.0,4340.0,1,4214.0,0.0,0.0,0.0,0.0,0.0,0
2023-05-11 09:20:38,wr2402,wr2402,4214.0,0.0,0.0,0.0,1,4011.0,4339.0,1,4214.0,0.0,0.0,0.0,0.0,0.0,0
2023-05-11 09:20:40,wr2402,wr2402,4214.0,0.0,0.0,0.0,1,4011.0,4330.0,1,4214.0,0.0,0.0,0.0,0.0,0.0,0
2023-05-11 09:20:41,wr2402,wr2402,4214.0,0.0,0.0,0.0,1,4011.0,4329.0,1,4214.0,0.0,0.0,0.0,0.0,0.0,0
2023-05-11 09:20:43,wr2402,wr2402,4214.0,0.0,0.0,0.0,1,4011.0,4320.0,1,4214.0,0.0,0.0,0.0,0.0,0.0,0
2023-05-11 09:20:44,wr2402,wr2402,4214.0,0.0,0.0,0.0,1,4011.0,4319.0,1,4214.0,0.0,0.0,0.0,0.0,0.0,0
2023-05-11 09:20:46,wr2402,wr2402,4214.0,0.0,0.0,0.0,1,4011.0,4310.0,1,4214.0,0.0,0.0,0.0,0.0,0.0,0
2023-05-11 09:20:47,wr2402,wr2402,4214.0,0.0,0.0,0.0,1,4011.0,4309.0,1,4214.0,0.0,0.0,0.0,0.0,0.0,0
2023-05-11 09:20:49,wr2402,wr2402,4214.0,0.0,0.0,0.0,1,4011.0,4300.0,1,4214.0,0.0,0.0,0.0,0.0,0.0,0
2023-05-11 09:20:50,wr2402,wr2402,4214.0,0.0,0.0,0.0,1,4011.0,4300.0,1,4214.0,0.0,0.0,0.0,0.0,0.0,0
2023-05-11 09:28:57,wr2402,wr2402,4214.0,0.0,0.0,0.0,1,4017.0,4300.0,1,4214.0,0.0,0.0,0.0,0.0,0.0,0
2023-05-11 09:28:58,wr2402,wr2402,4214.0,0.0,0.0,0.0,1,4018.0,4300.0,1,4214.0,0.0,0.0,0.0,0.0,0.0,0
2023-05-11 09:29:03,wr2402,wr2402,4214.0,0.0,0.0,0.0,1,4022.0,4300.0,1,4214.0,0.0,0.0,0.0,0.0,0.0,0
2023-05-11 09:29:03,wr2402,wr2402,4214.0,0.0,0.0,0.0,1,4023.0,4300.0,1,4214.0,0.0,0.0,0.0,0.0,0.0,0
2023-05-11 09:29:08,wr2402,wr2402,4214.0,0.0,0.0,0.0,1,4044.0,4300.0,1,4214.0,0.0,0.0,0.0,0.0,0.0,0
2023-05-11 09:29:09,wr2402,wr2402,4214.0,0.0,0.0,0.0,1,4045.0,4300.0,1,4214.0,0.0,0.0,0.0,0.0,0.0,0
2023-05-11 09:29:12,wr2402,wr2402,4214.0,0.0,0.0,0.0,1,4066.0,4300.0,1,4214.0,0.0,0.0,0.0,0.0,0.0,0
2023-05-11 09:29:13,wr2402,wr2402,4214.0,0.0,0.0,0.0,1,4067.0,4300.0,1,4214.0,0.0,0.0,0.0,0.0,0.0,0
2023-05-11 09:29:16,wr2402,wr2402,4214.0,0.0,0.0,0.0,1,4088.0,4300.0,1,4214.0,0.0,0.0,0.0,0.0,0.0,0
2023-05-11 09:29:16,wr2402,wr2402,4214.0,0.0,0.0,0.0,1,4089.0,4300.0,1,4214.0,0.0,0.0,0.0,0.0,0.0,0
2023-05-11 09:29:19,wr2402,wr2402,4214.0,0.0,0.0,0.0,1,4099.0,4300.0,1,4214.0,0.0,0.0,0.0,0.0,0.0,0
2023-05-11 09:29:20,wr2402,wr2402,4214.0,0.0,0.0,0.0,1,4099.0,4300.0,1,4214.0,0.0,0.0,0.0,0.0,0.0,0
2023-05-11 09:30:13,wr2402,wr2402,4214.0,0.0,0.0,0.0,1,4099.0,4299.0,2,4214.0,0.0,0.0,0.0,0.0,0.0,0
2023-05-11 09:35:11,wr2402,wr2402,4214.0,0.0,0.0,0.0,1,4099.0,4300.0,1,4214.0,0.0,0.0,0.0,0.0,0.0,0
2023-05-11 09:35:16,wr2402,wr2402,4214.0,0.0,0.0,0.0,1,4099.0,4299.0,2,4214.0,0.0,0.0,0.0,0.0,0.0,0
2023-05-11 09:36:26,wr2402,wr2402,4214.0,0.0,0.0,0.0,0,0.0,4299.0,2,4214.0,0.0,0.0,0.0,0.0,0.0,0
2023-05-11 09:36:26,wr2402,wr2402,4214.0,0.0,0.0,0.0,1,4096.0,4299.0,2,4214.0,0.0,0.0,0.0,0.0,0.0,0
2023-05-11 09:36:27,wr2402,wr2402,4214.0,0.0,0.0,0.0,1,4097.0,4299.0,2,4214.0,0.0,0.0,0.0,0.0,0.0,0
2023-05-11 09:40:14,wr2402,wr2402,4214.0,0.0,0.0,0.0,1,4097.0,4300.0,1,4214.0,0.0,0.0,0.0,0.0,0.0,0
2023-05-11 09:40:18,wr2402,wr2402,4214.0,0.0,0.0,0.0,1,4097.0,4299.0,2,4214.0,0.0,0.0,0.0,0.0,0.0,0
2023-05-11 09:42:34,wr2402,wr2402,4214.0,0.0,0.0,0.0,1,4097.0,4299.0,2,4214.0,0.0,0.0,0.0,0.0,0.0,0
2023-05-11 09:42:34,wr2402,wr2402,4214.0,0.0,0.0,0.0,1,4097.0,4298.0,1,4214.0,0.0,0.0,0.0,0.0,0.0,0
2023-05-11 09:43:14,wr2402,wr2402,4214.0,0.0,0.0,0.0,1,4097.0,4298.0,1,4214.0,0.0,0.0,0.0,0.0,0.0,0
2023-05-11 09:43:57,wr2402,wr2402,4214.0,0.0,0.0,0.0,1,4097.0,4297.0,2,4214.0,0.0,0.0,0.0,0.0,0.0,0
2023-05-11 09:48:55,wr2402,wr2402,4214.0,0.0,0.0,0.0,1,4097.0,4298.0,1,4214.0,0.0,0.0,0.0,0.0,0.0,0
2023-05-11 09:48:59,wr2402,wr2402,4214.0,0.0,0.0,0.0,1,4097.0,4297.0,2,4214.0,0.0,0.0,0.0,0.0,0.0,0
2023-05-11 09:50:06,wr2402,wr2402,4214.0,0.0,0.0,0.0,1,4096.0,4297.0,2,4214.0,0.0,0.0,0.0,0.0,0.0,0
2023-05-11 09:53:58,wr2402,wr2402,4214.0,0.0,0.0,0.0,1,4096.0,4298.0,1,4214.0,0.0,0.0,0.0,0.0,0.0,0
2023-05-11 09:54:01,wr2402,wr2402,4214.0,0.0,0.0,0.0,1,4096.0,4297.0,2,4214.0,0.0,0.0,0.0,0.0,0.0,0
2023-05-11 09:59:00,wr2402,wr2402,4214.0,0.0,0.0,0.0,1,4096.0,4298.0,1,4214.0,0.0,0.0,0.0,0.0,0.0,0
2023-05-11 09:59:39,wr2402,wr2402,4214.0,0.0,0.0,0.0,1,4096.0,4297.0,2,4214.0,0.0,0.0,0.0,0.0,0.0,0
2023-05-11 10:04:00,wr2402,wr2402,4214.0,0.0,0.0,0.0,0,0.0,4297.0,2,4214.0,0.0,0.0,0.0,0.0,0.0,0
2023-05-11 10:04:01,wr2402,wr2402,4214.0,0.0,0.0,0.0,1,4086.0,4297.0,2,4214.0,0.0,0.0,0.0,0.0,0.0,0
2023-05-11 10:04:09,wr2402,wr2402,4214.0,0.0,0.0,0.0,0,0.0,4297.0,2,4214.0,0.0,0.0,0.0,0.0,0.0,0
2023-05-11 10:04:09,wr2402,wr2402,4214.0,0.0,0.0,0.0,1,4076.0,4297.0,2,4214.0,0.0,0.0,0.0,0.0,0.0,0
2023-05-11 10:04:10,wr2402,wr2402,4214.0,0.0,0.0,0.0,1,4077.0,4297.0,2,4214.0,0.0,0.0,0.0,0.0,0.0,0
2023-05-11 10:04:37,wr2402,wr2402,4214.0,0.0,0.0,0.0,1,4077.0,4298.0,1,4214.0,0.0,0.0,0.0,0.0,0.0,0
2023-05-11 10:04:42,wr2402,wr2402,4214.0,0.0,0.0,0.0,1,4077.0,4297.0,2,4214.0,0.0,0.0,0.0,0.0,0.0,0
2023-05-11 10:06:38,wr2402,wr2402,4214.0,0.0,0.0,0.0,1,4077.0,4298.0,1,4214.0,0.0,0.0,0.0,0.0,0.0,0
2023-05-11 10:06:47,wr2402,wr2402,4214.0,0.0,0.0,0.0,1,4077.0,4298.0,1,4214.0,0.0,0.0,0.0,0.0,0.0,0
2023-05-11 10:06:53,wr2402,wr2402,4214.0,0.0,0.0,0.0,2,4078.0,4298.0,1,4214.0,0.0,0.0,0.0,0.0,0.0,0
2023-05-11 10:06:54,wr2402,wr2402,4214.0,0.0,0.0,0.0,1,4079.0,4298.0,1,4214.0,0.0,0.0,0.0,0.0,0.0,0
2023-05-11 10:07:32,wr2402,wr2402,4214.0,0.0,0.0,0.0,1,4079.0,4298.0,1,4214.0,0.0,0.0,0.0,0.0,0.0,0
2023-05-11 10:07:36,wr2402,wr2402,4214.0,0.0,0.0,0.0,1,4079.0,4297.0,2,4214.0,0.0,0.0,0.0,0.0,0.0,0
2023-05-11 10:12:35,wr2402,wr2402,4214.0,0.0,0.0,0.0,1,4079.0,4298.0,1,4214.0,0.0,0.0,0.0,0.0,0.0,0
2023-05-11 10:12:40,wr2402,wr2402,4214.0,0.0,0.0,0.0,1,4079.0,4297.0,2,4214.0,0.0,0.0,0.0,0.0,0.0,0
2023-05-11 10:13:03,wr2402,wr2402,4214.0,0.0,0.0,0.0,1,4079.0,4298.0,1,4214.0,0.0,0.0,0.0,0.0,0.0,0
2023-05-11 10:13:24,wr2402,wr2402,4214.0,0.0,0.0,0.0,2,4080.0,4298.0,1,4214.0,0.0,0.0,0.0,0.0,0.0,0
2023-05-11 10:13:25,wr2402,wr2402,4214.0,0.0,0.0,0.0,2,4080.0,4298.0,1,4214.0,0.0,0.0,0.0,0.0,0.0,0
2023-05-11 10:14:23,wr2402,wr2402,4214.0,0.0,0.0,0.0,2,4080.0,4298.0,1,4214.0,0.0,0.0,0.0,0.0,0.0,0
2023-05-11 10:14:24,wr2402,wr2402,4214.0,0.0,0.0,0.0,2,4080.0,4298.0,1,4214.0,0.0,0.0,0.0,0.0,0.0,0
2023-05-11 10:30:16,wr2402,wr2402,4214.0,0.0,0.0,0.0,1,4076.0,4298.0,1,4214.0,0.0,0.0,0.0,0.0,0.0,0
2023-05-11 10:30:17,wr2402,wr2402,4214.0,0.0,0.0,0.0,1,4077.0,4298.0,1,4214.0,0.0,0.0,0.0,0.0,0.0,0
2023-05-11 10:30:17,wr2402,wr2402,4214.0,0.0,0.0,0.0,1,4077.0,4298.0,1,4214.0,0.0,0.0,0.0,0.0,0.0,0
2023-05-11 10:30:24,wr2402,wr2402,4214.0,0.0,0.0,0.0,2,4078.0,4298.0,1,4214.0,0.0,0.0,0.0,0.0,0.0,0
2023-05-11 10:30:24,wr2402,wr2402,4214.0,0.0,0.0,0.0,1,4079.0,4298.0,1,4214.0,0.0,0.0,0.0,0.0,0.0,0
2023-05-11 10:30:32,wr2402,wr2402,4214.0,0.0,0.0,0.0,1,4079.0,4298.0,1,4214.0,0.0,0.0,0.0,0.0,0.0,0
2023-05-11 10:31:03,wr2402,wr2402,4214.0,0.0,0.0,0.0,1,4079.0,4298.0,1,4214.0,0.0,0.0,0.0,0.0,0.0,0
2023-05-11 10:31:07,wr2402,wr2402,4214.0,0.0,0.0,0.0,2,4080.0,4298.0,1,4214.0,0.0,0.0,0.0,0.0,0.0,0
2023-05-11 10:31:07,wr2402,wr2402,4214.0,0.0,0.0,0.0,2,4080.0,4298.0,1,4214.0,0.0,0.0,0.0,0.0,0.0,0
2023-05-11 10:36:05,wr2402,wr2402,4214.0,0.0,0.0,0.0,1,4076.0,4298.0,1,4214.0,0.0,0.0,0.0,0.0,0.0,0
2023-05-11 10:36:05,wr2402,wr2402,4214.0,0.0,0.0,0.0,1,4077.0,4298.0,1,4214.0,0.0,0.0,0.0,0.0,0.0,0
2023-05-11 10:36:10,wr2402,wr2402,4214.0,0.0,0.0,0.0,2,4078.0,4298.0,1,4214.0,0.0,0.0,0.0,0.0,0.0,0
2023-05-11 10:36:11,wr2402,wr2402,4214.0,0.0,0.0,0.0,1,4079.0,4298.0,1,4214.0,0.0,0.0,0.0,0.0,0.0,0
2023-05-11 10:36:49,wr2402,wr2402,4214.0,0.0,0.0,0.0,1,4079.0,4298.0,1,4214.0,0.0,0.0,0.0,0.0,0.0,0
2023-05-11 10:36:54,wr2402,wr2402,4214.0,0.0,0.0,0.0,2,4080.0,4298.0,1,4214.0,0.0,0.0,0.0,0.0,0.0,0
2023-05-11 10:36:55,wr2402,wr2402,4214.0,0.0,0.0,0.0,2,4080.0,4298.0,1,4214.0,0.0,0.0,0.0,0.0,0.0,0
2023-05-11 10:40:55,wr2402,wr2402,4214.0,0.0,0.0,0.0,1,4076.0,4298.0,1,4214.0,0.0,0.0,0.0,0.0,0.0,0
2023-05-11 10:40:56,wr2402,wr2402,4214.0,0.0,0.0,0.0,1,4077.0,4298.0,1,4214.0,0.0,0.0,0.0,0.0,0.0,0
2023-05-11 10:41:16,wr2402,wr2402,4214.0,0.0,0.0,0.0,1,4077.0,4297.0,2,4214.0,0.0,0.0,0.0,0.0,0.0,0
2023-05-11 10:45:17,wr2402,wr2402,4214.0,0.0,0.0,0.0,1,4077.0,4298.0,1,4214.0,0.0,0.0,0.0,0.0,0.0,0
2023-05-11 10:45:33,wr2402,wr2402,4214.0,0.0,0.0,0.0,2,4078.0,4298.0,1,4214.0,0.0,0.0,0.0,0.0,0.0,0
2023-05-11 10:45:34,wr2402,wr2402,4214.0,0.0,0.0,0.0,1,4079.0,4298.0,1,4214.0,0.0,0.0,0.0,0.0,0.0,0
2023-05-11 10:46:12,wr2402,wr2402,4214.0,0.0,0.0,0.0,1,4079.0,4298.0,1,4214.0,0.0,0.0,0.0,0.0,0.0,0
2023-05-11 10:46:19,wr2402,wr2402,4214.0,0.0,0.0,0.0,2,4080.0,4298.0,1,4214.0,0.0,0.0,0.0,0.0,0.0,0
2023-05-11 10:46:19,wr2402,wr2402,4214.0,0.0,0.0,0.0,2,4080.0,4298.0,1,4214.0,0.0,0.0,0.0,0.0,0.0,0
2023-05-11 10:46:40,wr2402,wr2402,4214.0,0.0,0.0,0.0,1,4076.0,4298.0,1,4214.0,0.0,0.0,0.0,0.0,0.0,0
2023-05-11 10:46:41,wr2402,wr2402,4214.0,0.0,0.0,0.0,1,4077.0,4298.0,1,4214.0,0.0,0.0,0.0,0.0,0.0,0
2023-05-11 10:47:01,wr2402,wr2402,4214.0,0.0,0.0,0.0,2,4078.0,4298.0,1,4214.0,0.0,0.0,0.0,0.0,0.0,0
2023-05-11 10:47:02,wr2402,wr2402,4214.0,0.0,0.0,0.0,1,4079.0,4298.0,1,4214.0,0.0,0.0,0.0,0.0,0.0,0
2023-05-11 10:47:08,wr2402,wr2402,4214.0,0.0,0.0,0.0,1,4079.0,4298.0,1,4214.0,0.0,0.0,0.0,0.0,0.0,0
2023-05-11 10:47:45,wr2402,wr2402,4214.0,0.0,0.0,0.0,1,4079.0,4297.0,2,4214.0,0.0,0.0,0.0,0.0,0.0,0
2023-05-11 10:49:20,wr2402,wr2402,4214.0,0.0,0.0,0.0,1,4079.0,4298.0,1,4214.0,0.0,0.0,0.0,0.0,0.0,0
2023-05-11 10:49:57,wr2402,wr2402,4214.0,0.0,0.0,0.0,1,4079.0,4297.0,2,4214.0,0.0,0.0,0.0,0.0,0.0,0
2023-05-11 10:52:36,wr2402,wr2402,4214.0,0.0,0.0,0.0,1,4079.0,4298.0,1,4214.0,0.0,0.0,0.0,0.0,0.0,0
2023-05-11 10:52:49,wr2402,wr2402,4214.0,0.0,0.0,0.0,2,4080.0,4298.0,1,4214.0,0.0,0.0,0.0,0.0,0.0,0
2023-05-11 10:52:50,wr2402,wr2402,4214.0,0.0,0.0,0.0,2,4080.0,4298.0,1,4214.0,0.0,0.0,0.0,0.0,0.0,0
2023-05-11 10:53:03,wr2402,wr2402,4214.0,0.0,0.0,0.0,1,4076.0,4298.0,1,4214.0,0.0,0.0,0.0,0.0,0.0,0
2023-05-11 10:53:03,wr2402,wr2402,4214.0,0.0,0.0,0.0,1,4077.0,4298.0,1,4214.0,0.0,0.0,0.0,0.0,0.0,0
2023-05-11 10:53:34,wr2402,wr2402,4214.0,0.0,0.0,0.0,1,4077.0,4297.0,2,4214.0,0.0,0.0,0.0,0.0,0.0,0
2023-05-11 10:53:41,wr2402,wr2402,4214.0,0.0,0.0,0.0,1,4077.0,4298.0,1,4214.0,0.0,0.0,0.0,0.0,0.0,0
2023-05-11 10:54:17,wr2402,wr2402,4214.0,0.0,0.0,0.0,1,4077.0,4297.0,2,4214.0,0.0,0.0,0.0,0.0,0.0,0
2023-05-11 10:54:56,wr2402,wr2402,4214.0,0.0,0.0,0.0,1,4077.0,4298.0,1,4214.0,0.0,0.0,0.0,0.0,0.0,0
2023-05-11 10:55:02,wr2402,wr2402,4214.0,0.0,0.0,0.0,2,4078.0,4298.0,1,4214.0,0.0,0.0,0.0,0.0,0.0,0
2023-05-11 10:55:03,wr2402,wr2402,4214.0,0.0,0.0,0.0,1,4079.0,4298.0,1,4214.0,0.0,0.0,0.0,0.0,0.0,0
2023-05-11 10:55:04,wr2402,wr2402,4214.0,0.0,0.0,0.0,1,4079.0,4298.0,1,4214.0,0.0,0.0,0.0,0.0,0.0,0
2023-05-11 10:55:46,wr2402,wr2402,4214.0,0.0,0.0,0.0,2,4080.0,4298.0,1,4214.0,0.0,0.0,0.0,0.0,0.0,0
2023-05-11 10:55:46,wr2402,wr2402,4214.0,0.0,0.0,0.0,2,4080.0,4298.0,1,4214.0,0.0,0.0,0.0,0.0,0.0,0
2023-05-11 10:56:00,wr2402,wr2402,4214.0,0.0,0.0,0.0,1,4076.0,4298.0,1,4214.0,0.0,0.0,0.0,0.0,0.0,0
2023-05-11 10:56:00,wr2402,wr2402,4214.0,0.0,0.0,0.0,1,4077.0,4298.0,1,4214.0,0.0,0.0,0.0,0.0,0.0,0
2023-05-11 10:56:30,wr2402,wr2402,4214.0,0.0,0.0,0.0,1,4077.0,4297.0,2,4214.0,0.0,0.0,0.0,0.0,0.0,0
2023-05-11 10:56:36,wr2402,wr2402,4214.0,0.0,0.0,0.0,1,4077.0,4298.0,1,4214.0,0.0,0.0,0.0,0.0,0.0,0
2023-05-11 10:57:13,wr2402,wr2402,4214.0,0.0,0.0,0.0,2,4078.0,4298.0,1,4214.0,0.0,0.0,0.0,0.0,0.0,0
2023-05-11 10:57:14,wr2402,wr2402,4214.0,0.0,0.0,0.0,1,4079.0,4298.0,1,4214.0,0.0,0.0,0.0,0.0,0.0,0
2023-05-11 10:57:52,wr2402,wr2402,4214.0,0.0,0.0,0.0,1,4079.0,4298.0,1,4214.0,0.0,0.0,0.0,0.0,0.0,0
2023-05-11 10:57:56,wr2402,wr2402,4214.0,0.0,0.0,0.0,2,4080.0,4298.0,1,4214.0,0.0,0.0,0.0,0.0,0.0,0
2023-05-11 10:57:56,wr2402,wr2402,4214.0,0.0,0.0,0.0,2,4080.0,4298.0,1,4214.0,0.0,0.0,0.0,0.0,0.0,0
2023-05-11 11:02:55,wr2402,wr2402,4214.0,0.0,0.0,0.0,1,4076.0,4298.0,1,4214.0,0.0,0.0,0.0,0.0,0.0,0
2023-05-11 11:02:55,wr2402,wr2402,4214.0,0.0,0.0,0.0,1,4077.0,4298.0,1,4214.0,0.0,0.0,0.0,0.0,0.0,0
2023-05-11 11:02:56,wr2402,wr2402,4214.0,0.0,0.0,0.0,1,4082.0,4298.0,1,4214.0,0.0,0.0,0.0,0.0,0.0,0
2023-05-11 11:02:57,wr2402,wr2402,4214.0,0.0,0.0,0.0,1,4082.0,4298.0,1,4214.0,0.0,0.0,0.0,0.0,0.0,0
2023-05-11 11:03:32,wr2402,wr2402,4214.0,0.0,0.0,0.0,2,4083.0,4298.0,1,4214.0,0.0,0.0,0.0,0.0,0.0,0
2023-05-11 11:06:46,wr2402,wr2402,4214.0,0.0,0.0,0.0,1,4085.0,4298.0,1,4214.0,0.0,0.0,0.0,0.0,0.0,0
2023-05-11 11:07:24,wr2402,wr2402,4214.0,0.0,0.0,0.0,1,4085.0,4298.0,1,4214.0,0.0,0.0,0.0,0.0,0.0,0
2023-05-11 11:07:43,wr2402,wr2402,4214.0,0.0,0.0,0.0,2,4086.0,4298.0,1,4214.0,0.0,0.0,0.0,0.0,0.0,0
2023-05-11 11:11:03,wr2402,wr2402,4214.0,0.0,0.0,0.0,1,4089.0,4298.0,1,4214.0,0.0,0.0,0.0,0.0,0.0,0
2023-05-11 11:11:42,wr2402,wr2402,4214.0,0.0,0.0,0.0,1,4089.0,4298.0,1,4214.0,0.0,0.0,0.0,0.0,0.0,0
2023-05-11 11:11:57,wr2402,wr2402,4214.0,0.0,0.0,0.0,2,4090.0,4298.0,1,4214.0,0.0,0.0,0.0,0.0,0.0,0
2023-05-11 11:12:15,wr2402,wr2402,4214.0,0.0,0.0,0.0,1,4092.0,4298.0,1,4214.0,0.0,0.0,0.0,0.0,0.0,0
2023-05-11 11:12:53,wr2402,wr2402,4214.0,0.0,0.0,0.0,1,4092.0,4298.0,1,4214.0,0.0,0.0,0.0,0.0,0.0,0
2023-05-11 11:13:21,wr2402,wr2402,4214.0,0.0,0.0,0.0,2,4093.0,4298.0,1,4214.0,0.0,0.0,0.0,0.0,0.0,0
2023-05-11 11:18:20,wr2402,wr2402,4214.0,0.0,0.0,0.0,1,4092.0,4298.0,1,4214.0,0.0,0.0,0.0,0.0,0.0,0
2023-05-11 11:19:00,wr2402,wr2402,4214.0,0.0,0.0,0.0,2,4093.0,4298.0,1,4214.0,0.0,0.0,0.0,0.0,0.0,0
2023-05-11 11:21:17,wr2402,wr2402,4214.0,0.0,0.0,0.0,1,4095.0,4298.0,1,4214.0,0.0,0.0,0.0,0.0,0.0,0
2023-05-11 11:21:54,wr2402,wr2402,4214.0,0.0,0.0,0.0,1,4095.0,4298.0,1,4214.0,0.0,0.0,0.0,0.0,0.0,0
2023-05-11 11:22:34,wr2402,wr2402,4214.0,0.0,0.0,0.0,2,4096.0,4298.0,1,4214.0,0.0,0.0,0.0,0.0,0.0,0
2023-05-11 11:22:57,wr2402,wr2402,4214.0,0.0,0.0,0.0,2,4096.0,4308.0,1,4214.0,0.0,0.0,0.0,0.0,0.0,0
2023-05-11 11:22:57,wr2402,wr2402,4214.0,0.0,0.0,0.0,2,4096.0,4307.0,1,4214.0,0.0,0.0,0.0,0.0,0.0,0
2023-05-11 11:22:59,wr2402,wr2402,4214.0,0.0,0.0,0.0,1,4095.0,4307.0,1,4214.0,0.0,0.0,0.0,0.0,0.0,0
2023-05-11 11:23:18,wr2402,wr2402,4214.0,0.0,0.0,0.0,2,4096.0,4307.0,1,4214.0,0.0,0.0,0.0,0.0,0.0,0
2023-05-11 11:26:21,wr2402,wr2402,4214.0,0.0,0.0,0.0,1,4099.0,4307.0,1,4214.0,0.0,0.0,0.0,0.0,0.0,0
2023-05-11 11:26:58,wr2402,wr2402,4214.0,0.0,0.0,0.0,1,4099.0,4307.0,1,4214.0,0.0,0.0,0.0,0.0,0.0,0
2023-05-11 11:27:38,wr2402,wr2402,4214.0,0.0,0.0,0.0,2,4100.0,4307.0,1,4214.0,0.0,0.0,0.0,0.0,0.0,0
2023-05-11 11:28:25,wr2402,wr2402,4214.0,0.0,0.0,0.0,1,4099.0,4307.0,1,4214.0,0.0,0.0,0.0,0.0,0.0,0
2023-05-11 11:29:03,wr2402,wr2402,4214.0,0.0,0.0,0.0,1,4099.0,4306.0,2,4214.0,0.0,0.0,0.0,0.0,0.0,0
2023-05-11 11:29:03,wr2402,wr2402,4214.0,0.0,0.0,0.0,1,4099.0,4305.0,1,4214.0,0.0,0.0,0.0,0.0,0.0,0
2023-05-11 11:29:17,wr2402,wr2402,4214.0,0.0,0.0,0.0,1,4099.0,4305.0,1,4214.0,0.0,0.0,0.0,0.0,0.0,0
2023-05-11 11:29:18,wr2402,wr2402,4214.0,0.0,0.0,0.0,1,4099.0,4305.0,1,4214.0,0.0,0.0,0.0,0.0,0.0,0
2023-05-11 11:29:41,wr2402,wr2402,4214.0,0.0,0.0,0.0,1,4099.0,4305.0,1,4214.0,0.0,0.0,0.0,0.0,0.0,0
2023-05-11 11:29:45,wr2402,wr2402,4214.0,0.0,0.0,0.0,1,4099.0,4304.0,2,4214.0,0.0,0.0,0.0,0.0,0.0,0
2023-05-11 11:29:45,wr2402,wr2402,4214.0,0.0,0.0,0.0,1,4099.0,4303.0,1,4214.0,0.0,0.0,0.0,0.0,0.0,0
2023-05-11 11:29:49,wr2402,wr2402,4214.0,0.0,0.0,0.0,1,4099.0,4303.0,1,4214.0,0.0,0.0,0.0,0.0,0.0,0
2023-05-11 13:30:17,wr2402,wr2402,4214.0,0.0,0.0,0.0,1,4099.0,4303.0,1,4214.0,0.0,0.0,0.0,0.0,0.0,0
2023-05-11 13:30:19,wr2402,wr2402,4214.0,0.0,0.0,0.0,2,4100.0,4303.0,1,4214.0,0.0,0.0,0.0,0.0,0.0,0
2023-05-11 13:30:32,wr2402,wr2402,4214.0,0.0,0.0,0.0,2,4100.0,4303.0,1,4214.0,0.0,0.0,0.0,0.0,0.0,0
2023-05-11 13:30:34,wr2402,wr2402,4214.0,0.0,0.0,0.0,1,4099.0,4303.0,1,4214.0,0.0,0.0,0.0,0.0,0.0,0
2023-05-11 13:31:05,wr2402,wr2402,4214.0,0.0,0.0,0.0,1,4099.0,4302.0,2,4214.0,0.0,0.0,0.0,0.0,0.0,0
2023-05-11 13:31:05,wr2402,wr2402,4214.0,0.0,0.0,0.0,1,4099.0,4301.0,1,4214.0,0.0,0.0,0.0,0.0,0.0,0
2023-05-11 13:31:10,wr2402,wr2402,4214.0,0.0,0.0,0.0,1,4099.0,4301.0,1,4214.0,0.0,0.0,0.0,0.0,0.0,0
2023-05-11 13:31:48,wr2402,wr2402,4214.0,0.0,0.0,0.0,2,4100.0,4301.0,1,4214.0,0.0,0.0,0.0,0.0,0.0,0
2023-05-11 13:32:22,wr2402,wr2402,4214.0,0.0,0.0,0.0,1,4099.0,4301.0,1,4214.0,0.0,0.0,0.0,0.0,0.0,0
2023-05-11 13:32:32,wr2402,wr2402,4214.0,0.0,0.0,0.0,1,4099.0,4300.0,2,4214.0,0.0,0.0,0.0,0.0,0.0,0
2023-05-11 13:32:32,wr2402,wr2402,4214.0,0.0,0.0,0.0,1,4099.0,4300.0,2,4214.0,0.0,0.0,0.0,0.0,0.0,0
2023-05-11 13:37:31,wr2402,wr2402,4214.0,0.0,0.0,0.0,1,4099.0,4308.0,1,4214.0,0.0,0.0,0.0,0.0,0.0,0
2023-05-11 13:37:31,wr2402,wr2402,4214.0,0.0,0.0,0.0,1,4099.0,4307.0,1,4214.0,0.0,0.0,0.0,0.0,0.0,0
2023-05-11 13:38:08,wr2402,wr2402,4214.0,0.0,0.0,0.0,1,4099.0,4306.0,2,4214.0,0.0,0.0,0.0,0.0,0.0,0
2023-05-11 13:38:09,wr2402,wr2402,4214.0,0.0,0.0,0.0,1,4099.0,4305.0,1,4214.0,0.0,0.0,0.0,0.0,0.0,0
2023-05-11 13:38:42,wr2402,wr2402,4214.0,0.0,0.0,0.0,1,4099.0,4305.0,1,4214.0,0.0,0.0,0.0,0.0,0.0,0
2023-05-11 13:38:51,wr2402,wr2402,4214.0,0.0,0.0,0.0,2,4100.0,4305.0,1,4214.0,0.0,0.0,0.0,0.0,0.0,0
2023-05-11 13:40:57,wr2402,wr2402,4214.0,0.0,0.0,0.0,1,4102.0,4305.0,1,4214.0,0.0,0.0,0.0,0.0,0.0,0
2023-05-11 13:41:35,wr2402,wr2402,4214.0,0.0,0.0,0.0,1,4102.0,4305.0,1,4214.0,0.0,0.0,0.0,0.0,0.0,0
2023-05-11 13:41:42,wr2402,wr2402,4214.0,0.0,0.0,0.0,2,4103.0,4305.0,1,4214.0,0.0,0.0,0.0,0.0,0.0,0
2023-05-11 13:43:02,wr2402,wr2402,4214.0,0.0,0.0,0.0,1,4105.0,4305.0,1,4214.0,0.0,0.0,0.0,0.0,0.0,0
2023-05-11 13:43:40,wr2402,wr2402,4214.0,0.0,0.0,0.0,1,4105.0,4305.0,1,4214.0,0.0,0.0,0.0,0.0,0.0,0
2023-05-11 13:43:48,wr2402,wr2402,4214.0,0.0,0.0,0.0,2,4106.0,4305.0,1,4214.0,0.0,0.0,0.0,0.0,0.0,0
2023-05-11 13:48:10,wr2402,wr2402,4214.0,0.0,0.0,0.0,2,4106.0,4305.0,1,4214.0,0.0,0.0,0.0,0.0,0.0,0
2023-05-11 13:48:11,wr2402,wr2402,4214.0,0.0,0.0,0.0,1,4109.0,4305.0,1,4214.0,0.0,0.0,0.0,0.0,0.0,0
2023-05-11 13:48:47,wr2402,wr2402,4214.0,0.0,0.0,0.0,1,4109.0,4305.0,1,4214.0,0.0,0.0,0.0,0.0,0.0,0
2023-05-11 13:49:25,wr2402,wr2402,4214.0,0.0,0.0,0.0,2,4110.0,4305.0,1,4214.0,0.0,0.0,0.0,0.0,0.0,0
2023-05-11 13:50:41,wr2402,wr2402,4214.0,0.0,0.0,0.0,1,4112.0,4305.0,1,4214.0,0.0,0.0,0.0,0.0,0.0,0
2023-05-11 13:51:19,wr2402,wr2402,4214.0,0.0,0.0,0.0,1,4112.0,4305.0,1,4214.0,0.0,0.0,0.0,0.0,0.0,0
2023-05-11 13:51:33,wr2402,wr2402,4214.0,0.0,0.0,0.0,2,4113.0,4305.0,1,4214.0,0.0,0.0,0.0,0.0,0.0,0
2023-05-11 13:51:38,wr2402,wr2402,4214.0,0.0,0.0,0.0,1,4116.0,4305.0,1,4214.0,0.0,0.0,0.0,0.0,0.0,0
2023-05-11 13:52:16,wr2402,wr2402,4214.0,0.0,0.0,0.0,1,4116.0,4305.0,1,4214.0,0.0,0.0,0.0,0.0,0.0,0
2023-05-11 13:52:19,wr2402,wr2402,4214.0,0.0,0.0,0.0,1,4116.0,4304.0,2,4214.0,0.0,0.0,0.0,0.0,0.0,0
2023-05-11 13:52:20,wr2402,wr2402,4214.0,0.0,0.0,0.0,1,4116.0,4303.0,1,4214.0,0.0,0.0,0.0,0.0,0.0,0
2023-05-11 13:52:21,wr2402,wr2402,4214.0,0.0,0.0,0.0,1,4116.0,4303.0,1,4214.0,0.0,0.0,0.0,0.0,0.0,0
2023-05-11 13:53:02,wr2402,wr2402,4214.0,0.0,0.0,0.0,2,4117.0,4303.0,1,4214.0,0.0,0.0,0.0,0.0,0.0,0
2023-05-11 13:54:20,wr2402,wr2402,4214.0,0.0,0.0,0.0,1,4118.0,4303.0,1,4214.0,0.0,0.0,0.0,0.0,0.0,0
2023-05-11 13:54:57,wr2402,wr2402,4214.0,0.0,0.0,0.0,1,4118.0,4303.0,1,4214.0,0.0,0.0,0.0,0.0,0.0,0
2023-05-11 13:55:10,wr2402,wr2402,4214.0,0.0,0.0,0.0,2,4119.0,4303.0,1,4214.0,0.0,0.0,0.0,0.0,0.0,0
2023-05-11 14:00:09,wr2402,wr2402,4214.0,0.0,0.0,0.0,1,4118.0,4303.0,1,4214.0,0.0,0.0,0.0,0.0,0.0,0
2023-05-11 14:00:12,wr2402,wr2402,4214.0,0.0,0.0,0.0,2,4119.0,4303.0,1,4214.0,0.0,0.0,0.0,0.0,0.0,0
2023-05-11 14:01:14,wr2402,wr2402,4214.0,0.0,0.0,0.0,1,4118.0,4303.0,1,4214.0,0.0,0.0,0.0,0.0,0.0,0
2023-05-11 14:01:39,wr2402,wr2402,4214.0,0.0,0.0,0.0,1,4118.0,4302.0,2,4214.0,0.0,0.0,0.0,0.0,0.0,0
2023-05-11 14:01:39,wr2402,wr2402,4214.0,0.0,0.0,0.0,1,4118.0,4301.0,1,4214.0,0.0,0.0,0.0,0.0,0.0,0
2023-05-11 14:02:17,wr2402,wr2402,4214.0,0.0,0.0,0.0,1,4118.0,4301.0,1,4214.0,0.0,0.0,0.0,0.0,0.0,0
2023-05-11 14:02:23,wr2402,wr2402,4214.0,0.0,0.0,0.0,1,4118.0,4300.0,2,4214.0,0.0,0.0,0.0,0.0,0.0,0
2023-05-11 14:02:24,wr2402,wr2402,4214.0,0.0,0.0,0.0,1,4118.0,4300.0,2,4214.0,0.0,0.0,0.0,0.0,0.0,0
2023-05-11 14:07:22,wr2402,wr2402,4214.0,0.0,0.0,0.0,1,4118.0,4308.0,1,4214.0,0.0,0.0,0.0,0.0,0.0,0
2023-05-11 14:07:22,wr2402,wr2402,4214.0,0.0,0.0,0.0,1,4118.0,4307.0,1,4214.0,0.0,0.0,0.0,0.0,0.0,0
2023-05-11 14:07:26,wr2402,wr2402,4214.0,0.0,0.0,0.0,1,4118.0,4306.0,2,4214.0,0.0,0.0,0.0,0.0,0.0,0
2023-05-11 14:07:27,wr2402,wr2402,4214.0,0.0,0.0,0.0,1,4118.0,4305.0,1,4214.0,0.0,0.0,0.0,0.0,0.0,0
2023-05-11 14:08:05,wr2402,wr2402,4214.0,0.0,0.0,0.0,1,4118.0,4305.0,1,4214.0,0.0,0.0,0.0,0.0,0.0,0
2023-05-11 14:08:09,wr2402,wr2402,4214.0,0.0,0.0,0.0,1,4118.0,4304.0,2,4214.0,0.0,0.0,0.0,0.0,0.0,0
2023-05-11 14:08:09,wr2402,wr2402,4214.0,0.0,0.0,0.0,1,4118.0,4303.0,1,4214.0,0.0,0.0,0.0,0.0,0.0,0
2023-05-11 14:08:47,wr2402,wr2402,4214.0,0.0,0.0,0.0,1,4118.0,4303.0,1,4214.0,0.0,0.0,0.0,0.0,0.0,0
2023-05-11 14:08:51,wr2402,wr2402,4214.0,0.0,0.0,0.0,1,4118.0,4302.0,2,4214.0,0.0,0.0,0.0,0.0,0.0,0
2023-05-11 14:08:52,wr2402,wr2402,4214.0,0.0,0.0,0.0,1,4118.0,4301.0,1,4214.0,0.0,0.0,0.0,0.0,0.0,0
2023-05-11 14:09:29,wr2402,wr2402,4214.0,0.0,0.0,0.0,1,4118.0,4301.0,1,4214.0,0.0,0.0,0.0,0.0,0.0,0
2023-05-11 14:09:33,wr2402,wr2402,4214.0,0.0,0.0,0.0,1,4118.0,4300.0,2,4214.0,0.0,0.0,0.0,0.0,0.0,0
2023-05-11 14:09:34,wr2402,wr2402,4214.0,0.0,0.0,0.0,1,4118.0,4300.0,2,4214.0,0.0,0.0,0.0,0.0,0.0,0
2023-05-11 14:14:32,wr2402,wr2402,4214.0,0.0,0.0,0.0,1,4118.0,4308.0,1,4214.0,0.0,0.0,0.0,0.0,0.0,0
2023-05-11 14:14:33,wr2402,wr2402,4214.0,0.0,0.0,0.0,1,4118.0,4307.0,1,4214.0,0.0,0.0,0.0,0.0,0.0,0
2023-05-11 14:14:38,wr2402,wr2402,4214.0,0.0,0.0,0.0,1,4118.0,4306.0,2,4214.0,0.0,0.0,0.0,0.0,0.0,0
2023-05-11 14:14:39,wr2402,wr2402,4214.0,0.0,0.0,0.0,1,4118.0,4305.0,1,4214.0,0.0,0.0,0.0,0.0,0.0,0
2023-05-11 14:15:17,wr2402,wr2402,4214.0,0.0,0.0,0.0,1,4118.0,4305.0,1,4214.0,0.0,0.0,0.0,0.0,0.0,0
2023-05-11 14:15:20,wr2402,wr2402,4214.0,0.0,0.0,0.0,1,4118.0,4304.0,2,4214.0,0.0,0.0,0.0,0.0,0.0,0
2023-05-11 14:15:21,wr2402,wr2402,4214.0,0.0,0.0,0.0,1,4118.0,4303.0,1,4214.0,0.0,0.0,0.0,0.0,0.0,0
2023-05-11 14:15:59,wr2402,wr2402,4214.0,0.0,0.0,0.0,1,4118.0,4303.0,1,4214.0,0.0,0.0,0.0,0.0,0.0,0
2023-05-11 14:16:04,wr2402,wr2402,4214.0,0.0,0.0,0.0,1,4118.0,4302.0,2,4214.0,0.0,0.0,0.0,0.0,0.0,0
2023-05-11 14:16:05,wr2402,wr2402,4214.0,0.0,0.0,0.0,1,4118.0,4301.0,1,4214.0,0.0,0.0,0.0,0.0,0.0,0
2023-05-11 14:16:43,wr2402,wr2402,4214.0,0.0,0.0,0.0,1,4118.0,4301.0,1,4214.0,0.0,0.0,0.0,0.0,0.0,0
2023-05-11 14:16:47,wr2402,wr2402,4214.0,0.0,0.0,0.0,1,4118.0,4300.0,2,4214.0,0.0,0.0,0.0,0.0,0.0,0
2023-05-11 14:16:48,wr2402,wr2402,4214.0,0.0,0.0,0.0,1,4118.0,4300.0,2,4214.0,0.0,0.0,0.0,0.0,0.0,0
2023-05-11 14:21:47,wr2402,wr2402,4214.0,0.0,0.0,0.0,1,4118.0,4308.0,1,4214.0,0.0,0.0,0.0,0.0,0.0,0
2023-05-11 14:21:47,wr2402,wr2402,4214.0,0.0,0.0,0.0,1,4118.0,4307.0,1,4214.0,0.0,0.0,0.0,0.0,0.0,0
2023-05-11 14:21:50,wr2402,wr2402,4214.0,0.0,0.0,0.0,1,4118.0,4306.0,2,4214.0,0.0,0.0,0.0,0.0,0.0,0
2023-05-11 14:21:50,wr2402,wr2402,4214.0,0.0,0.0,0.0,1,4118.0,4305.0,1,4214.0,0.0,0.0,0.0,0.0,0.0,0
2023-05-11 14:22:28,wr2402,wr2402,4214.0,0.0,0.0,0.0,1,4118.0,4305.0,1,4214.0,0.0,0.0,0.0,0.0,0.0,0
2023-05-11 14:22:34,wr2402,wr2402,4214.0,0.0,0.0,0.0,1,4118.0,4304.0,2,4214.0,0.0,0.0,0.0,0.0,0.0,0
2023-05-11 14:22:35,wr2402,wr2402,4214.0,0.0,0.0,0.0,1,4118.0,4303.0,1,4214.0,0.0,0.0,0.0,0.0,0.0,0
2023-05-11 14:22:53,wr2402,wr2402,4214.0,0.0,0.0,0.0,1,4118.0,4302.0,1,4214.0,0.0,0.0,0.0,0.0,0.0,0
2023-05-11 14:22:53,wr2402,wr2402,4214.0,0.0,0.0,0.0,1,4118.0,4301.0,1,4214.0,0.0,0.0,0.0,0.0,0.0,0
2023-05-11 14:23:13,wr2402,wr2402,4214.0,0.0,0.0,0.0,1,4118.0,4301.0,1,4214.0,0.0,0.0,0.0,0.0,0.0,0
2023-05-11 14:23:17,wr2402,wr2402,4214.0,0.0,0.0,0.0,1,4118.0,4300.0,2,4214.0,0.0,0.0,0.0,0.0,0.0,0
2023-05-11 14:23:17,wr2402,wr2402,4214.0,0.0,0.0,0.0,1,4118.0,4300.0,2,4214.0,0.0,0.0,0.0,0.0,0.0,0
2023-05-11 14:28:16,wr2402,wr2402,4214.0,0.0,0.0,0.0,1,4118.0,4302.0,1,4214.0,0.0,0.0,0.0,0.0,0.0,0
2023-05-11 14:28:16,wr2402,wr2402,4214.0,0.0,0.0,0.0,1,4118.0,4301.0,1,4214.0,0.0,0.0,0.0,0.0,0.0,0
2023-05-11 14:28:21,wr2402,wr2402,4214.0,0.0,0.0,0.0,1,4118.0,4300.0,2,4214.0,0.0,0.0,0.0,0.0,0.0,0
2023-05-11 14:28:22,wr2402,wr2402,4214.0,0.0,0.0,0.0,1,4118.0,4300.0,2,4214.0,0.0,0.0,0.0,0.0,0.0,0
2023-05-11 14:33:20,wr2402,wr2402,4214.0,0.0,0.0,0.0,1,4118.0,4302.0,1,4214.0,0.0,0.0,0.0,0.0,0.0,0
2023-05-11 14:33:20,wr2402,wr2402,4214.0,0.0,0.0,0.0,1,4118.0,4301.0,1,4214.0,0.0,0.0,0.0,0.0,0.0,0
2023-05-11 14:33:22,wr2402,wr2402,4214.0,0.0,0.0,0.0,1,4118.0,4300.0,2,4214.0,0.0,0.0,0.0,0.0,0.0,0
2023-05-11 14:33:23,wr2402,wr2402,4214.0,0.0,0.0,0.0,1,4118.0,4300.0,2,4214.0,0.0,0.0,0.0,0.0,0.0,0
2023-05-11 14:38:24,wr2402,wr2402,4214.0,0.0,0.0,0.0,1,4118.0,4302.0,1,4214.0,0.0,0.0,0.0,0.0,0.0,0
2023-05-11 14:38:24,wr2402,wr2402,4214.0,0.0,0.0,0.0,1,4118.0,4301.0,1,4214.0,0.0,0.0,0.0,0.0,0.0,0
2023-05-11 14:39:05,wr2402,wr2402,4214.0,0.0,0.0,0.0,1,4118.0,4300.0,2,4214.0,0.0,0.0,0.0,0.0,0.0,0
2023-05-11 14:39:06,wr2402,wr2402,4214.0,0.0,0.0,0.0,1,4118.0,4300.0,2,4214.0,0.0,0.0,0.0,0.0,0.0,0
2023-05-11 14:44:06,wr2402,wr2402,4214.0,0.0,0.0,0.0,1,4118.0,4302.0,1,4214.0,0.0,0.0,0.0,0.0,0.0,0
2023-05-11 14:44:06,wr2402,wr2402,4214.0,0.0,0.0,0.0,1,4118.0,4301.0,1,4214.0,0.0,0.0,0.0,0.0,0.0,0
2023-05-11 14:44:46,wr2402,wr2402,4214.0,0.0,0.0,0.0,1,4118.0,4300.0,2,4214.0,0.0,0.0,0.0,0.0,0.0,0
2023-05-11 14:44:46,wr2402,wr2402,4214.0,0.0,0.0,0.0,1,4118.0,4300.0,2,4214.0,0.0,0.0,0.0,0.0,0.0,0
2023-05-11 14:49:48,wr2402,wr2402,4214.0,0.0,0.0,0.0,1,4118.0,4302.0,1,4214.0,0.0,0.0,0.0,0.0,0.0,0
2023-05-11 14:49:48,wr2402,wr2402,4214.0,0.0,0.0,0.0,1,4118.0,4301.0,1,4214.0,0.0,0.0,0.0,0.0,0.0,0
2023-05-11 14:50:28,wr2402,wr2402,4214.0,0.0,0.0,0.0,1,4118.0,4300.0,2,4214.0,0.0,0.0,0.0,0.0,0.0,0
2023-05-11 14:50:28,wr2402,wr2402,4214.0,0.0,0.0,0.0,1,4118.0,4300.0,2,4214.0,0.0,0.0,0.0,0.0,0.0,0
2023-05-11 14:51:09,wr2402,wr2402,4214.0,0.0,0.0,0.0,1,4100.0,4300.0,2,4214.0,0.0,0.0,0.0,0.0,0.0,0
2023-05-11 14:55:08,wr2402,wr2402,4214.0,0.0,0.0,0.0,1,4090.0,4300.0,2,4214.0,0.0,0.0,0.0,0.0,0.0,0
2023-05-11 14:55:28,wr2402,wr2402,4214.0,0.0,0.0,0.0,1,4090.0,4302.0,1,4214.0,0.0,0.0,0.0,0.0,0.0,0
2023-05-11 14:55:29,wr2402,wr2402,4214.0,0.0,0.0,0.0,1,4090.0,4301.0,1,4214.0,0.0,0.0,0.0,0.0,0.0,0
2023-05-11 14:55:43,wr2402,wr2402,4214.0,0.0,0.0,0.0,1,4080.0,4301.0,1,4214.0,0.0,0.0,0.0,0.0,0.0,0
2023-05-11 14:56:08,wr2402,wr2402,4214.0,0.0,0.0,0.0,1,4080.0,4300.0,2,4214.0,0.0,0.0,0.0,0.0,0.0,0
2023-05-11 14:56:09,wr2402,wr2402,4214.0,0.0,0.0,0.0,1,4080.0,4300.0,2,4214.0,0.0,0.0,0.0,0.0,0.0,0
2023-05-11 14:56:16,wr2402,wr2402,4214.0,0.0,0.0,0.0,1,4080.0,4302.0,1,4214.0,0.0,0.0,0.0,0.0,0.0,0
2023-05-11 14:56:17,wr2402,wr2402,4214.0,0.0,0.0,0.0,1,4080.0,4301.0,1,4214.0,0.0,0.0,0.0,0.0,0.0,0
2023-05-11 14:56:51,wr2402,wr2402,4214.0,0.0,0.0,0.0,2,4081.0,4301.0,1,4214.0,0.0,0.0,0.0,0.0,0.0,0
2023-05-11 14:57:24,wr2402,wr2402,4214.0,0.0,0.0,0.0,1,4080.0,4301.0,1,4214.0,0.0,0.0,0.0,0.0,0.0,0
2023-05-11 14:57:35,wr2402,wr2402,4214.0,0.0,0.0,0.0,2,4081.0,4301.0,1,4214.0,0.0,0.0,0.0,0.0,0.0,0
2023-05-11 15:00:00,wr2402,wr2402,4214.0,0.0,0.0,0.0,2,4081.0,4301.0,1,4214.0,0.0,0.0,0.0,0.0,0.0,0
