time,symbol_id,symbol_name,last,trade_volume,trade_amount,open_interest_change,bv1,bp1,ap1,av1,yesterday_close,today_open,today_high,today_low,volume,amount,open_interest
2023-05-10 20:59:00,bu2305,bu2305,3630.0,0.0,0.0,0.0,4,3450.0,3970.0,4,3630.0,3678.0,0.0,0.0,0.0,0.0,371
2023-05-10 21:00:03,bu2305,bu2305,3630.0,0.0,0.0,0.0,4,3450.0,3679.0,1,3630.0,3678.0,0.0,0.0,0.0,0.0,371
2023-05-10 21:00:03,bu2305,bu2305,3630.0,0.0,0.0,0.0,4,3450.0,3970.0,4,3630.0,3678.0,0.0,0.0,0.0,0.0,371
2023-05-10 21:00:04,bu2305,bu2305,3630.0,0.0,0.0,0.0,4,3450.0,3680.0,1,3630.0,3678.0,0.0,0.0,0.0,0.0,371
2023-05-10 21:00:04,bu2305,bu2305,3630.0,0.0,0.0,0.0,4,3450.0,3970.0,4,3630.0,3678.0,0.0,0.0,0.0,0.0,371
2023-05-10 21:00:05,bu2305,bu2305,3630.0,0.0,0.0,0.0,4,3450.0,3681.0,1,3630.0,3678.0,0.0,0.0,0.0,0.0,371
2023-05-10 21:00:05,bu2305,bu2305,3630.0,0.0,0.0,0.0,4,3450.0,3970.0,4,3630.0,3678.0,0.0,0.0,0.0,0.0,371
2023-05-10 21:00:06,bu2305,bu2305,3630.0,0.0,0.0,0.0,4,3450.0,3687.0,1,3630.0,3678.0,0.0,0.0,0.0,0.0,371
2023-05-10 21:00:10,bu2305,bu2305,3630.0,0.0,0.0,0.0,4,3450.0,3970.0,4,3630.0,3678.0,0.0,0.0,0.0,0.0,371
2023-05-10 21:00:11,bu2305,bu2305,3630.0,0.0,0.0,0.0,4,3450.0,3689.0,1,3630.0,3678.0,0.0,0.0,0.0,0.0,371
2023-05-10 21:00:13,bu2305,bu2305,3630.0,0.0,0.0,0.0,5,3641.0,3689.0,1,3630.0,3678.0,0.0,0.0,0.0,0.0,371
2023-05-10 21:00:14,bu2305,bu2305,3630.0,0.0,0.0,0.0,5,3641.0,3689.0,1,3630.0,3678.0,0.0,0.0,0.0,0.0,371
2023-05-10 21:00:14,bu2305,bu2305,3630.0,0.0,0.0,0.0,2,3641.0,3689.0,1,3630.0,3678.0,0.0,0.0,0.0,0.0,371
2023-05-10 21:00:18,bu2305,bu2305,3630.0,0.0,0.0,0.0,1,3642.0,3689.0,1,3630.0,3678.0,0.0,0.0,0.0,0.0,371
2023-05-10 21:00:21,bu2305,bu2305,3630.0,0.0,0.0,0.0,1,3642.0,3970.0,4,3630.0,3678.0,0.0,0.0,0.0,0.0,371
2023-05-10 21:00:22,bu2305,bu2305,3630.0,0.0,0.0,0.0,4,3450.0,3688.0,1,3630.0,3678.0,0.0,0.0,0.0,0.0,371
2023-05-10 21:00:24,bu2305,bu2305,3630.0,0.0,0.0,0.0,4,3450.0,3970.0,4,3630.0,3678.0,0.0,0.0,0.0,0.0,371
2023-05-10 21:00:25,bu2305,bu2305,3630.0,0.0,0.0,0.0,4,3450.0,3690.0,1,3630.0,3678.0,0.0,0.0,0.0,0.0,371
2023-05-10 21:00:27,bu2305,bu2305,3630.0,0.0,0.0,0.0,4,3450.0,3970.0,4,3630.0,3678.0,0.0,0.0,0.0,0.0,371
2023-05-10 21:00:27,bu2305,bu2305,3630.0,0.0,0.0,0.0,4,3450.0,3693.0,1,3630.0,3678.0,0.0,0.0,0.0,0.0,371
2023-05-10 21:00:30,bu2305,bu2305,3630.0,0.0,0.0,0.0,4,3450.0,3970.0,4,3630.0,3678.0,0.0,0.0,0.0,0.0,371
2023-05-10 21:00:31,bu2305,bu2305,3630.0,0.0,0.0,0.0,4,3450.0,3695.0,1,3630.0,3678.0,0.0,0.0,0.0,0.0,371
2023-05-10 21:00:32,bu2305,bu2305,3630.0,0.0,0.0,0.0,10,3649.0,3695.0,1,3630.0,3678.0,0.0,0.0,0.0,0.0,371
2023-05-10 21:00:33,bu2305,bu2305,3630.0,0.0,0.0,0.0,2,3650.0,3695.0,1,3630.0,3678.0,0.0,0.0,0.0,0.0,371
2023-05-10 21:00:33,bu2305,bu2305,3630.0,0.0,0.0,0.0,2,3650.0,3970.0,4,3630.0,3678.0,0.0,0.0,0.0,0.0,371
2023-05-10 21:00:34,bu2305,bu2305,3630.0,0.0,0.0,0.0,4,3450.0,3970.0,4,3630.0,3678.0,0.0,0.0,0.0,0.0,371
2023-05-10 21:00:44,bu2305,bu2305,3630.0,0.0,0.0,0.0,4,3450.0,3701.0,1,3630.0,3678.0,0.0,0.0,0.0,0.0,371
2023-05-10 21:00:46,bu2305,bu2305,3630.0,0.0,0.0,0.0,4,3450.0,3970.0,4,3630.0,3678.0,0.0,0.0,0.0,0.0,371
2023-05-10 21:00:46,bu2305,bu2305,3630.0,0.0,0.0,0.0,4,3450.0,3703.0,1,3630.0,3678.0,0.0,0.0,0.0,0.0,371
2023-05-10 21:00:54,bu2305,bu2305,3630.0,0.0,0.0,0.0,3,3658.0,3703.0,1,3630.0,3678.0,0.0,0.0,0.0,0.0,371
2023-05-10 21:00:55,bu2305,bu2305,3630.0,0.0,0.0,0.0,3,3658.0,3703.0,1,3630.0,3678.0,0.0,0.0,0.0,0.0,371
2023-05-10 21:00:55,bu2305,bu2305,3630.0,0.0,0.0,0.0,3,3658.0,3970.0,4,3630.0,3678.0,0.0,0.0,0.0,0.0,371
2023-05-10 21:00:56,bu2305,bu2305,3630.0,0.0,0.0,0.0,4,3450.0,3970.0,4,3630.0,3678.0,0.0,0.0,0.0,0.0,371
2023-05-10 21:01:05,bu2305,bu2305,3630.0,0.0,0.0,0.0,4,3450.0,3705.0,1,3630.0,3678.0,0.0,0.0,0.0,0.0,371
2023-05-10 21:01:16,bu2305,bu2305,3630.0,0.0,0.0,0.0,10,3656.0,3705.0,1,3630.0,3678.0,0.0,0.0,0.0,0.0,371
2023-05-10 21:01:16,bu2305,bu2305,3630.0,0.0,0.0,0.0,10,3656.0,3705.0,1,3630.0,3678.0,0.0,0.0,0.0,0.0,371
2023-05-10 21:01:17,bu2305,bu2305,3630.0,0.0,0.0,0.0,3,3656.0,3705.0,1,3630.0,3678.0,0.0,0.0,0.0,0.0,371
2023-05-10 21:01:20,bu2305,bu2305,3630.0,0.0,0.0,0.0,1,3657.0,3705.0,1,3630.0,3678.0,0.0,0.0,0.0,0.0,371
2023-05-10 21:01:24,bu2305,bu2305,3630.0,0.0,0.0,0.0,4,3450.0,3705.0,1,3630.0,3678.0,0.0,0.0,0.0,0.0,371
2023-05-10 21:01:24,bu2305,bu2305,3630.0,0.0,0.0,0.0,10,3655.0,3705.0,1,3630.0,3678.0,0.0,0.0,0.0,0.0,371
2023-05-10 21:01:25,bu2305,bu2305,3630.0,0.0,0.0,0.0,10,3655.0,3705.0,1,3630.0,3678.0,0.0,0.0,0.0,0.0,371
2023-05-10 21:01:28,bu2305,bu2305,3630.0,0.0,0.0,0.0,4,3450.0,3705.0,1,3630.0,3678.0,0.0,0.0,0.0,0.0,371
2023-05-10 21:01:28,bu2305,bu2305,3630.0,0.0,0.0,0.0,10,3654.0,3705.0,1,3630.0,3678.0,0.0,0.0,0.0,0.0,371
2023-05-10 21:01:29,bu2305,bu2305,3630.0,0.0,0.0,0.0,10,3654.0,3705.0,1,3630.0,3678.0,0.0,0.0,0.0,0.0,371
2023-05-10 21:01:29,bu2305,bu2305,3630.0,0.0,0.0,0.0,7,3654.0,3705.0,1,3630.0,3678.0,0.0,0.0,0.0,0.0,371
2023-05-10 21:01:31,bu2305,bu2305,3630.0,0.0,0.0,0.0,4,3450.0,3705.0,1,3630.0,3678.0,0.0,0.0,0.0,0.0,371
2023-05-10 21:01:32,bu2305,bu2305,3630.0,0.0,0.0,0.0,2,3652.0,3705.0,1,3630.0,3678.0,0.0,0.0,0.0,0.0,371
2023-05-10 21:01:32,bu2305,bu2305,3630.0,0.0,0.0,0.0,4,3450.0,3705.0,1,3630.0,3678.0,0.0,0.0,0.0,0.0,371
2023-05-10 21:01:33,bu2305,bu2305,3630.0,0.0,0.0,0.0,7,3650.0,3705.0,1,3630.0,3678.0,0.0,0.0,0.0,0.0,371
2023-05-10 21:01:33,bu2305,bu2305,3630.0,0.0,0.0,0.0,1,3651.0,3705.0,1,3630.0,3678.0,0.0,0.0,0.0,0.0,371
2023-05-10 21:01:43,bu2305,bu2305,3630.0,0.0,0.0,0.0,4,3450.0,3705.0,1,3630.0,3678.0,0.0,0.0,0.0,0.0,371
2023-05-10 21:01:43,bu2305,bu2305,3630.0,0.0,0.0,0.0,9,3649.0,3705.0,1,3630.0,3678.0,0.0,0.0,0.0,0.0,371
2023-05-10 21:01:44,bu2305,bu2305,3630.0,0.0,0.0,0.0,9,3649.0,3705.0,1,3630.0,3678.0,0.0,0.0,0.0,0.0,371
2023-05-10 21:01:44,bu2305,bu2305,3630.0,0.0,0.0,0.0,2,3649.0,3705.0,1,3630.0,3678.0,0.0,0.0,0.0,0.0,371
2023-05-10 21:01:51,bu2305,bu2305,3630.0,0.0,0.0,0.0,1,3650.0,3705.0,1,3630.0,3678.0,0.0,0.0,0.0,0.0,371
2023-05-10 21:01:56,bu2305,bu2305,3630.0,0.0,0.0,0.0,4,3450.0,3705.0,1,3630.0,3678.0,0.0,0.0,0.0,0.0,371
2023-05-10 21:01:57,bu2305,bu2305,3630.0,0.0,0.0,0.0,7,3648.0,3705.0,1,3630.0,3678.0,0.0,0.0,0.0,0.0,371
2023-05-10 21:01:57,bu2305,bu2305,3630.0,0.0,0.0,0.0,7,3648.0,3705.0,1,3630.0,3678.0,0.0,0.0,0.0,0.0,371
2023-05-10 21:02:02,bu2305,bu2305,3630.0,0.0,0.0,0.0,2,3649.0,3705.0,1,3630.0,3678.0,0.0,0.0,0.0,0.0,371
2023-05-10 21:02:35,bu2305,bu2305,3630.0,0.0,0.0,0.0,1,3651.0,3705.0,1,3630.0,3678.0,0.0,0.0,0.0,0.0,371
2023-05-10 21:02:50,bu2305,bu2305,3630.0,0.0,0.0,0.0,4,3450.0,3705.0,1,3630.0,3678.0,0.0,0.0,0.0,0.0,371
2023-05-10 21:02:51,bu2305,bu2305,3630.0,0.0,0.0,0.0,7,3648.0,3705.0,1,3630.0,3678.0,0.0,0.0,0.0,0.0,371
2023-05-10 21:02:51,bu2305,bu2305,3630.0,0.0,0.0,0.0,7,3648.0,3705.0,1,3630.0,3678.0,0.0,0.0,0.0,0.0,371
2023-05-10 21:02:55,bu2305,bu2305,3630.0,0.0,0.0,0.0,4,3648.0,3705.0,1,3630.0,3678.0,0.0,0.0,0.0,0.0,371
2023-05-10 21:03:03,bu2305,bu2305,3630.0,0.0,0.0,0.0,1,3650.0,3705.0,1,3630.0,3678.0,0.0,0.0,0.0,0.0,371
2023-05-10 21:03:14,bu2305,bu2305,3630.0,0.0,0.0,0.0,4,3450.0,3705.0,1,3630.0,3678.0,0.0,0.0,0.0,0.0,371
2023-05-10 21:03:15,bu2305,bu2305,3630.0,0.0,0.0,0.0,9,3648.0,3705.0,1,3630.0,3678.0,0.0,0.0,0.0,0.0,371
2023-05-10 21:03:15,bu2305,bu2305,3630.0,0.0,0.0,0.0,2,3649.0,3705.0,1,3630.0,3678.0,0.0,0.0,0.0,0.0,371
2023-05-10 21:03:22,bu2305,bu2305,3630.0,0.0,0.0,0.0,1,3650.0,3705.0,1,3630.0,3678.0,0.0,0.0,0.0,0.0,371
2023-05-10 21:04:08,bu2305,bu2305,3630.0,0.0,0.0,0.0,4,3450.0,3705.0,1,3630.0,3678.0,0.0,0.0,0.0,0.0,371
2023-05-10 21:04:09,bu2305,bu2305,3630.0,0.0,0.0,0.0,1,3649.0,3705.0,1,3630.0,3678.0,0.0,0.0,0.0,0.0,371
2023-05-10 21:04:09,bu2305,bu2305,3630.0,0.0,0.0,0.0,1,3649.0,3705.0,1,3630.0,3678.0,0.0,0.0,0.0,0.0,371
2023-05-10 21:04:32,bu2305,bu2305,3630.0,0.0,0.0,0.0,1,3649.0,3705.0,1,3630.0,3678.0,0.0,0.0,0.0,0.0,371
2023-05-10 21:04:48,bu2305,bu2305,3630.0,0.0,0.0,0.0,1,3649.0,3705.0,1,3630.0,3678.0,0.0,0.0,0.0,0.0,371
2023-05-10 21:04:55,bu2305,bu2305,3630.0,0.0,0.0,0.0,1,3649.0,3705.0,1,3630.0,3678.0,0.0,0.0,0.0,0.0,371
2023-05-10 21:05:02,bu2305,bu2305,3630.0,0.0,0.0,0.0,1,3649.0,3705.0,1,3630.0,3678.0,0.0,0.0,0.0,0.0,371
2023-05-10 21:05:12,bu2305,bu2305,3630.0,0.0,0.0,0.0,1,3649.0,3705.0,1,3630.0,3678.0,0.0,0.0,0.0,0.0,371
2023-05-10 21:05:19,bu2305,bu2305,3630.0,0.0,0.0,0.0,1,3649.0,3705.0,1,3630.0,3678.0,0.0,0.0,0.0,0.0,371
2023-05-10 21:05:29,bu2305,bu2305,3630.0,0.0,0.0,0.0,1,3649.0,3705.0,1,3630.0,3678.0,0.0,0.0,0.0,0.0,371
2023-05-10 21:05:37,bu2305,bu2305,3630.0,0.0,0.0,0.0,1,3649.0,3705.0,1,3630.0,3678.0,0.0,0.0,0.0,0.0,371
2023-05-10 21:05:43,bu2305,bu2305,3630.0,0.0,0.0,0.0,1,3649.0,3705.0,1,3630.0,3678.0,0.0,0.0,0.0,0.0,371
2023-05-10 21:05:50,bu2305,bu2305,3630.0,0.0,0.0,0.0,1,3649.0,3705.0,1,3630.0,3678.0,0.0,0.0,0.0,0.0,371
2023-05-10 21:05:58,bu2305,bu2305,3630.0,0.0,0.0,0.0,1,3649.0,3705.0,1,3630.0,3678.0,0.0,0.0,0.0,0.0,371
2023-05-10 21:06:13,bu2305,bu2305,3630.0,0.0,0.0,0.0,1,3649.0,3705.0,1,3630.0,3678.0,0.0,0.0,0.0,0.0,371
2023-05-10 21:06:31,bu2305,bu2305,3630.0,0.0,0.0,0.0,10,3630.0,3705.0,1,3630.0,3678.0,0.0,0.0,0.0,0.0,371
2023-05-10 21:06:31,bu2305,bu2305,3630.0,0.0,0.0,0.0,10,3647.0,3705.0,1,3630.0,3678.0,0.0,0.0,0.0,0.0,371
2023-05-10 21:06:32,bu2305,bu2305,3630.0,0.0,0.0,0.0,10,3647.0,3705.0,1,3630.0,3678.0,0.0,0.0,0.0,0.0,371
2023-05-10 21:06:33,bu2305,bu2305,3630.0,0.0,0.0,0.0,8,3647.0,3705.0,1,3630.0,3678.0,0.0,0.0,0.0,0.0,371
2023-05-10 21:06:41,bu2305,bu2305,3630.0,0.0,0.0,0.0,5,3647.0,3705.0,1,3630.0,3678.0,0.0,0.0,0.0,0.0,371
2023-05-10 21:06:49,bu2305,bu2305,3630.0,0.0,0.0,0.0,2,3648.0,3705.0,1,3630.0,3678.0,0.0,0.0,0.0,0.0,371
2023-05-10 21:06:54,bu2305,bu2305,3630.0,0.0,0.0,0.0,1,3648.0,3705.0,1,3630.0,3678.0,0.0,0.0,0.0,0.0,371
2023-05-10 21:07:18,bu2305,bu2305,3630.0,0.0,0.0,0.0,10,3630.0,3705.0,1,3630.0,3678.0,0.0,0.0,0.0,0.0,371
2023-05-10 21:07:19,bu2305,bu2305,3630.0,0.0,0.0,0.0,6,3646.0,3705.0,1,3630.0,3678.0,0.0,0.0,0.0,0.0,371
2023-05-10 21:07:19,bu2305,bu2305,3630.0,0.0,0.0,0.0,6,3646.0,3705.0,1,3630.0,3678.0,0.0,0.0,0.0,0.0,371
2023-05-10 21:07:36,bu2305,bu2305,3630.0,0.0,0.0,0.0,4,3646.0,3705.0,1,3630.0,3678.0,0.0,0.0,0.0,0.0,371
2023-05-10 21:07:38,bu2305,bu2305,3630.0,0.0,0.0,0.0,2,3646.0,3705.0,1,3630.0,3678.0,0.0,0.0,0.0,0.0,371
2023-05-10 21:07:39,bu2305,bu2305,3630.0,0.0,0.0,0.0,1,3647.0,3705.0,1,3630.0,3678.0,0.0,0.0,0.0,0.0,371
2023-05-10 21:08:18,bu2305,bu2305,3630.0,0.0,0.0,0.0,10,3630.0,3705.0,1,3630.0,3678.0,0.0,0.0,0.0,0.0,371
2023-05-10 21:08:18,bu2305,bu2305,3630.0,0.0,0.0,0.0,9,3645.0,3705.0,1,3630.0,3678.0,0.0,0.0,0.0,0.0,371
2023-05-10 21:08:19,bu2305,bu2305,3630.0,0.0,0.0,0.0,6,3645.0,3705.0,1,3630.0,3678.0,0.0,0.0,0.0,0.0,371
2023-05-10 21:08:40,bu2305,bu2305,3630.0,0.0,0.0,0.0,1,3646.0,3705.0,1,3630.0,3678.0,0.0,0.0,0.0,0.0,371
2023-05-10 21:09:09,bu2305,bu2305,3630.0,0.0,0.0,0.0,10,3630.0,3705.0,1,3630.0,3678.0,0.0,0.0,0.0,0.0,371
2023-05-10 21:09:09,bu2305,bu2305,3630.0,0.0,0.0,0.0,6,3643.0,3705.0,1,3630.0,3678.0,0.0,0.0,0.0,0.0,371
2023-05-10 21:09:10,bu2305,bu2305,3630.0,0.0,0.0,0.0,6,3643.0,3705.0,1,3630.0,3678.0,0.0,0.0,0.0,0.0,371
2023-05-10 21:09:12,bu2305,bu2305,3630.0,0.0,0.0,0.0,4,3643.0,3705.0,1,3630.0,3678.0,0.0,0.0,0.0,0.0,371
2023-05-10 21:09:13,bu2305,bu2305,3630.0,0.0,0.0,0.0,2,3643.0,3705.0,1,3630.0,3678.0,0.0,0.0,0.0,0.0,371
2023-05-10 21:09:13,bu2305,bu2305,3630.0,0.0,0.0,0.0,1,3643.0,3705.0,1,3630.0,3678.0,0.0,0.0,0.0,0.0,371
2023-05-10 21:09:21,bu2305,bu2305,3630.0,0.0,0.0,0.0,10,3630.0,3705.0,1,3630.0,3678.0,0.0,0.0,0.0,0.0,371
2023-05-10 21:09:22,bu2305,bu2305,3630.0,0.0,0.0,0.0,10,3641.0,3705.0,1,3630.0,3678.0,0.0,0.0,0.0,0.0,371
2023-05-10 21:09:22,bu2305,bu2305,3630.0,0.0,0.0,0.0,10,3641.0,3705.0,1,3630.0,3678.0,0.0,0.0,0.0,0.0,371
2023-05-10 21:09:26,bu2305,bu2305,3630.0,0.0,0.0,0.0,9,3641.0,3705.0,1,3630.0,3678.0,0.0,0.0,0.0,0.0,371
2023-05-10 21:09:32,bu2305,bu2305,3630.0,0.0,0.0,0.0,3,3641.0,3705.0,1,3630.0,3678.0,0.0,0.0,0.0,0.0,371
2023-05-10 21:09:51,bu2305,bu2305,3630.0,0.0,0.0,0.0,2,3642.0,3705.0,1,3630.0,3678.0,0.0,0.0,0.0,0.0,371
2023-05-10 21:10:08,bu2305,bu2305,3630.0,0.0,0.0,0.0,1,3644.0,3705.0,1,3630.0,3678.0,0.0,0.0,0.0,0.0,371
2023-05-10 21:10:24,bu2305,bu2305,3630.0,0.0,0.0,0.0,10,3630.0,3705.0,1,3630.0,3678.0,0.0,0.0,0.0,0.0,371
2023-05-10 21:10:24,bu2305,bu2305,3630.0,0.0,0.0,0.0,1,3641.0,3705.0,1,3630.0,3678.0,0.0,0.0,0.0,0.0,371
2023-05-10 21:10:25,bu2305,bu2305,3630.0,0.0,0.0,0.0,1,3641.0,3705.0,1,3630.0,3678.0,0.0,0.0,0.0,0.0,371
2023-05-10 21:10:56,bu2305,bu2305,3630.0,0.0,0.0,0.0,10,3630.0,3705.0,1,3630.0,3678.0,0.0,0.0,0.0,0.0,371
2023-05-10 21:10:57,bu2305,bu2305,3630.0,0.0,0.0,0.0,10,3639.0,3705.0,1,3630.0,3678.0,0.0,0.0,0.0,0.0,371
2023-05-10 21:11:02,bu2305,bu2305,3630.0,0.0,0.0,0.0,4,3640.0,3705.0,1,3630.0,3678.0,0.0,0.0,0.0,0.0,371
2023-05-10 21:11:03,bu2305,bu2305,3630.0,0.0,0.0,0.0,2,3640.0,3705.0,1,3630.0,3678.0,0.0,0.0,0.0,0.0,371
2023-05-10 21:11:08,bu2305,bu2305,3630.0,0.0,0.0,0.0,1,3642.0,3705.0,1,3630.0,3678.0,0.0,0.0,0.0,0.0,371
2023-05-10 21:11:13,bu2305,bu2305,3630.0,0.0,0.0,0.0,10,3630.0,3705.0,1,3630.0,3678.0,0.0,0.0,0.0,0.0,371
2023-05-10 21:11:14,bu2305,bu2305,3630.0,0.0,0.0,0.0,9,3640.0,3705.0,1,3630.0,3678.0,0.0,0.0,0.0,0.0,371
2023-05-10 21:11:14,bu2305,bu2305,3630.0,0.0,0.0,0.0,9,3640.0,3705.0,1,3630.0,3678.0,0.0,0.0,0.0,0.0,371
2023-05-10 21:11:18,bu2305,bu2305,3630.0,0.0,0.0,0.0,2,3640.0,3705.0,1,3630.0,3678.0,0.0,0.0,0.0,0.0,371
2023-05-10 21:11:36,bu2305,bu2305,3630.0,0.0,0.0,0.0,1,3642.0,3705.0,1,3630.0,3678.0,0.0,0.0,0.0,0.0,371
2023-05-10 21:11:47,bu2305,bu2305,3630.0,0.0,0.0,0.0,10,3630.0,3705.0,1,3630.0,3678.0,0.0,0.0,0.0,0.0,371
2023-05-10 21:11:48,bu2305,bu2305,3630.0,0.0,0.0,0.0,1,3641.0,3705.0,1,3630.0,3678.0,0.0,0.0,0.0,0.0,371
2023-05-10 21:11:48,bu2305,bu2305,3630.0,0.0,0.0,0.0,1,3641.0,3705.0,1,3630.0,3678.0,0.0,0.0,0.0,0.0,371
2023-05-10 21:12:05,bu2305,bu2305,3630.0,0.0,0.0,0.0,10,3630.0,3705.0,1,3630.0,3678.0,0.0,0.0,0.0,0.0,371
2023-05-10 21:12:06,bu2305,bu2305,3630.0,0.0,0.0,0.0,10,3639.0,3705.0,1,3630.0,3678.0,0.0,0.0,0.0,0.0,371
2023-05-10 21:12:12,bu2305,bu2305,3630.0,0.0,0.0,0.0,1,3642.0,3705.0,1,3630.0,3678.0,0.0,0.0,0.0,0.0,371
2023-05-10 21:12:30,bu2305,bu2305,3630.0,0.0,0.0,0.0,10,3630.0,3705.0,1,3630.0,3678.0,0.0,0.0,0.0,0.0,371
2023-05-10 21:12:30,bu2305,bu2305,3630.0,0.0,0.0,0.0,10,3639.0,3705.0,1,3630.0,3678.0,0.0,0.0,0.0,0.0,371
2023-05-10 21:12:41,bu2305,bu2305,3630.0,0.0,0.0,0.0,2,3640.0,3705.0,1,3630.0,3678.0,0.0,0.0,0.0,0.0,371
2023-05-10 21:12:41,bu2305,bu2305,3630.0,0.0,0.0,0.0,1,3640.0,3705.0,1,3630.0,3678.0,0.0,0.0,0.0,0.0,371
2023-05-10 21:13:18,bu2305,bu2305,3630.0,0.0,0.0,0.0,10,3630.0,3705.0,1,3630.0,3678.0,0.0,0.0,0.0,0.0,371
2023-05-10 21:13:19,bu2305,bu2305,3630.0,0.0,0.0,0.0,10,3638.0,3705.0,1,3630.0,3678.0,0.0,0.0,0.0,0.0,371
2023-05-10 21:13:21,bu2305,bu2305,3630.0,0.0,0.0,0.0,2,3638.0,3705.0,1,3630.0,3678.0,0.0,0.0,0.0,0.0,371
2023-05-10 21:13:22,bu2305,bu2305,3630.0,0.0,0.0,0.0,1,3639.0,3705.0,1,3630.0,3678.0,0.0,0.0,0.0,0.0,371
2023-05-10 21:14:19,bu2305,bu2305,3630.0,0.0,0.0,0.0,10,3630.0,3705.0,1,3630.0,3678.0,0.0,0.0,0.0,0.0,371
2023-05-10 21:14:20,bu2305,bu2305,3630.0,0.0,0.0,0.0,8,3637.0,3705.0,1,3630.0,3678.0,0.0,0.0,0.0,0.0,371
2023-05-10 21:14:21,bu2305,bu2305,3630.0,0.0,0.0,0.0,10,3630.0,3705.0,1,3630.0,3678.0,0.0,0.0,0.0,0.0,371
2023-05-10 21:14:22,bu2305,bu2305,3630.0,0.0,0.0,0.0,10,3635.0,3705.0,1,3630.0,3678.0,0.0,0.0,0.0,0.0,371
2023-05-10 21:14:25,bu2305,bu2305,3630.0,0.0,0.0,0.0,5,3636.0,3705.0,1,3630.0,3678.0,0.0,0.0,0.0,0.0,371
2023-05-10 21:14:28,bu2305,bu2305,3630.0,0.0,0.0,0.0,1,3637.0,3705.0,1,3630.0,3678.0,0.0,0.0,0.0,0.0,371
2023-05-10 21:14:54,bu2305,bu2305,3630.0,0.0,0.0,0.0,10,3630.0,3705.0,1,3630.0,3678.0,0.0,0.0,0.0,0.0,371
2023-05-10 21:14:55,bu2305,bu2305,3630.0,0.0,0.0,0.0,10,3635.0,3705.0,1,3630.0,3678.0,0.0,0.0,0.0,0.0,371
2023-05-10 21:14:56,bu2305,bu2305,3630.0,0.0,0.0,0.0,7,3635.0,3705.0,1,3630.0,3678.0,0.0,0.0,0.0,0.0,371
2023-05-10 21:15:02,bu2305,bu2305,3630.0,0.0,0.0,0.0,6,3635.0,3705.0,1,3630.0,3678.0,0.0,0.0,0.0,0.0,371
2023-05-10 21:15:05,bu2305,bu2305,3630.0,0.0,0.0,0.0,5,3635.0,3705.0,1,3630.0,3678.0,0.0,0.0,0.0,0.0,371
2023-05-10 21:15:12,bu2305,bu2305,3630.0,0.0,0.0,0.0,10,3630.0,3705.0,1,3630.0,3678.0,0.0,0.0,0.0,0.0,371
2023-05-10 21:15:13,bu2305,bu2305,3630.0,0.0,0.0,0.0,4,3634.0,3705.0,1,3630.0,3678.0,0.0,0.0,0.0,0.0,371
2023-05-10 21:15:13,bu2305,bu2305,3630.0,0.0,0.0,0.0,1,3634.0,3705.0,1,3630.0,3678.0,0.0,0.0,0.0,0.0,371
2023-05-10 21:15:18,bu2305,bu2305,3630.0,0.0,0.0,0.0,10,3630.0,3705.0,1,3630.0,3678.0,0.0,0.0,0.0,0.0,371
2023-05-10 21:15:19,bu2305,bu2305,3630.0,0.0,0.0,0.0,5,3632.0,3705.0,1,3630.0,3678.0,0.0,0.0,0.0,0.0,371
2023-05-10 21:15:22,bu2305,bu2305,3630.0,0.0,0.0,0.0,2,3632.0,3705.0,1,3630.0,3678.0,0.0,0.0,0.0,0.0,371
2023-05-10 21:15:33,bu2305,bu2305,3630.0,0.0,0.0,0.0,1,3632.0,3705.0,1,3630.0,3678.0,0.0,0.0,0.0,0.0,371
2023-05-10 21:15:37,bu2305,bu2305,3630.0,0.0,0.0,0.0,10,3630.0,3675.0,1,3630.0,3678.0,0.0,0.0,0.0,0.0,371
2023-05-10 21:15:41,bu2305,bu2305,3630.0,0.0,0.0,0.0,14,3630.0,3675.0,1,3630.0,3678.0,0.0,0.0,0.0,0.0,371
2023-05-10 21:15:43,bu2305,bu2305,3630.0,0.0,0.0,0.0,1,3631.0,3675.0,1,3630.0,3678.0,0.0,0.0,0.0,0.0,371
2023-05-10 21:15:45,bu2305,bu2305,3630.0,0.0,0.0,0.0,10,3630.0,3675.0,1,3630.0,3678.0,0.0,0.0,0.0,0.0,371
2023-05-10 21:15:46,bu2305,bu2305,3630.0,0.0,0.0,0.0,15,3630.0,3675.0,1,3630.0,3678.0,0.0,0.0,0.0,0.0,371
2023-05-10 21:15:49,bu2305,bu2305,3630.0,0.0,0.0,0.0,13,3630.0,3675.0,1,3630.0,3678.0,0.0,0.0,0.0,0.0,371
2023-05-10 21:15:53,bu2305,bu2305,3630.0,0.0,0.0,0.0,12,3630.0,3675.0,1,3630.0,3678.0,0.0,0.0,0.0,0.0,371
2023-05-10 21:15:54,bu2305,bu2305,3630.0,0.0,0.0,0.0,1,3631.0,3675.0,1,3630.0,3678.0,0.0,0.0,0.0,0.0,371
2023-05-10 21:16:05,bu2305,bu2305,3630.0,0.0,0.0,0.0,10,3630.0,3675.0,1,3630.0,3678.0,0.0,0.0,0.0,0.0,371
2023-05-10 21:17:35,bu2305,bu2305,3630.0,0.0,0.0,0.0,2,3640.0,3675.0,1,3630.0,3678.0,0.0,0.0,0.0,0.0,371
2023-05-10 21:18:40,bu2305,bu2305,3630.0,0.0,0.0,0.0,2,3640.0,3970.0,4,3630.0,3678.0,0.0,0.0,0.0,0.0,371
2023-05-10 21:18:41,bu2305,bu2305,3630.0,0.0,0.0,0.0,2,3640.0,3677.0,1,3630.0,3678.0,0.0,0.0,0.0,0.0,371
2023-05-10 21:19:46,bu2305,bu2305,3630.0,0.0,0.0,0.0,2,3640.0,3970.0,4,3630.0,3678.0,0.0,0.0,0.0,0.0,371
2023-05-10 21:19:47,bu2305,bu2305,3630.0,0.0,0.0,0.0,2,3640.0,3679.0,1,3630.0,3678.0,0.0,0.0,0.0,0.0,371
2023-05-10 22:59:49,bu2305,bu2305,3630.0,0.0,0.0,0.0,2,3640.0,3970.0,4,3630.0,3678.0,0.0,0.0,0.0,0.0,371
2023-05-10 22:59:51,bu2305,bu2305,3630.0,0.0,0.0,0.0,2,3640.0,0.0,0,3630.0,3678.0,0.0,0.0,0.0,0.0,371
2023-05-11 09:00:03,bu2305,bu2305,3630.0,0.0,0.0,0.0,2,3640.0,3668.0,1,3630.0,3678.0,0.0,0.0,0.0,0.0,371
2023-05-11 09:00:08,bu2305,bu2305,3630.0,0.0,0.0,0.0,2,3640.0,0.0,0,3630.0,3678.0,0.0,0.0,0.0,0.0,371
2023-05-11 09:00:08,bu2305,bu2305,3630.0,0.0,0.0,0.0,2,3640.0,3669.0,1,3630.0,3678.0,0.0,0.0,0.0,0.0,371
2023-05-11 09:00:23,bu2305,bu2305,3630.0,0.0,0.0,0.0,2,3640.0,0.0,0,3630.0,3678.0,0.0,0.0,0.0,0.0,371
2023-05-11 09:00:24,bu2305,bu2305,3630.0,0.0,0.0,0.0,2,3640.0,3671.0,1,3630.0,3678.0,0.0,0.0,0.0,0.0,371
2023-05-11 09:02:28,bu2305,bu2305,3630.0,0.0,0.0,0.0,2,3640.0,3671.0,1,3630.0,3678.0,0.0,0.0,0.0,0.0,371
2023-05-11 09:02:32,bu2305,bu2305,3630.0,0.0,0.0,0.0,2,3640.0,3671.0,1,3630.0,3678.0,0.0,0.0,0.0,0.0,371
2023-05-11 09:02:50,bu2305,bu2305,3630.0,0.0,0.0,0.0,2,3640.0,3671.0,1,3630.0,3678.0,0.0,0.0,0.0,0.0,371
2023-05-11 09:06:27,bu2305,bu2305,3630.0,0.0,0.0,0.0,2,3640.0,4012.0,12,3630.0,3678.0,0.0,0.0,0.0,0.0,371
2023-05-11 09:06:27,bu2305,bu2305,3630.0,0.0,0.0,0.0,2,3640.0,3673.0,1,3630.0,3678.0,0.0,0.0,0.0,0.0,371
2023-05-11 09:15:13,bu2305,bu2305,3630.0,0.0,0.0,0.0,2,3640.0,4012.0,12,3630.0,3678.0,0.0,0.0,0.0,0.0,371
2023-05-11 09:15:13,bu2305,bu2305,3630.0,0.0,0.0,0.0,2,3640.0,3675.0,1,3630.0,3678.0,0.0,0.0,0.0,0.0,371
2023-05-11 09:16:03,bu2305,bu2305,3630.0,0.0,0.0,0.0,2,3640.0,4012.0,12,3630.0,3678.0,0.0,0.0,0.0,0.0,371
2023-05-11 09:16:03,bu2305,bu2305,3630.0,0.0,0.0,0.0,2,3640.0,3677.0,1,3630.0,3678.0,0.0,0.0,0.0,0.0,371
2023-05-11 09:25:21,bu2305,bu2305,3630.0,0.0,0.0,0.0,2,3640.0,4012.0,12,3630.0,3678.0,0.0,0.0,0.0,0.0,371
2023-05-11 09:25:22,bu2305,bu2305,3630.0,0.0,0.0,0.0,2,3640.0,3679.0,1,3630.0,3678.0,0.0,0.0,0.0,0.0,371
2023-05-11 09:29:50,bu2305,bu2305,3630.0,0.0,0.0,0.0,2,3640.0,4012.0,12,3630.0,3678.0,0.0,0.0,0.0,0.0,371
2023-05-11 09:29:51,bu2305,bu2305,3630.0,0.0,0.0,0.0,2,3640.0,3681.0,1,3630.0,3678.0,0.0,0.0,0.0,0.0,371
2023-05-11 09:33:51,bu2305,bu2305,3630.0,0.0,0.0,0.0,2,3640.0,3681.0,1,3630.0,3678.0,0.0,0.0,0.0,0.0,371
2023-05-11 09:40:08,bu2305,bu2305,3630.0,0.0,0.0,0.0,1,3670.0,3681.0,1,3630.0,3678.0,0.0,0.0,0.0,0.0,371
2023-05-11 09:40:44,bu2305,bu2305,3630.0,0.0,0.0,0.0,1,3678.0,3681.0,1,3630.0,3678.0,0.0,0.0,0.0,0.0,371
2023-05-11 09:41:22,bu2305,bu2305,3678.0,1.0,36780.0,1.0,1,3670.0,3700.0,8,3630.0,3678.0,3678.0,3678.0,1.0,36780.0,372
2023-05-11 14:05:07,bu2305,bu2305,3678.0,0.0,0.0,0.0,20,3685.0,3700.0,8,3630.0,3678.0,3678.0,3678.0,1.0,36780.0,372
2023-05-11 14:05:10,bu2305,bu2305,3685.0,20.0,737000.0,0.0,1,3670.0,3700.0,8,3630.0,3678.0,3685.0,3678.0,21.0,773780.0,372
2023-05-11 14:58:52,bu2305,bu2305,3685.0,0.0,0.0,0.0,1,3670.0,3700.0,8,3630.0,3678.0,3685.0,3678.0,21.0,773780.0,372
2023-05-11 15:00:00,bu2305,bu2305,3685.0,0.0,0.0,0.0,1,3670.0,3700.0,8,3630.0,3678.0,3685.0,3678.0,21.0,773780.0,372
