time,symbol_id,symbol_name,last,trade_volume,trade_amount,open_interest_change,bv1,bp1,ap1,av1,yesterday_close,today_open,today_high,today_low,volume,amount,open_interest
2023-05-10 20:59:00,bu2306,bu2306,3696.0,1749.0,64643040.0,-695.0,1,3692.0,3696.0,5,3689.0,3696.0,3696.0,3696.0,1749.0,64643040.0,38000
2023-05-10 21:00:00,bu2306,bu2306,3700.0,14.0,517710.0,8.0,1,3699.0,3702.0,4,3689.0,3696.0,3700.0,3696.0,1763.0,65160750.0,38008
2023-05-10 21:00:01,bu2306,bu2306,3712.0,81.0,3003440.0,23.0,25,3705.0,3712.0,2,3689.0,3696.0,3712.0,3696.0,1844.0,68164190.0,38031
2023-05-10 21:00:01,bu2306,bu2306,3703.0,74.0,2742780.0,-18.0,16,3702.0,3703.0,8,3689.0,3696.0,3712.0,3696.0,1918.0,70906970.0,38013
2023-05-10 21:00:02,bu2306,bu2306,3707.0,25.0,926280.0,-22.0,1,3700.0,3707.0,29,3689.0,3696.0,3712.0,3696.0,1943.0,71833250.0,37991
2023-05-10 21:00:02,bu2306,bu2306,3707.0,0.0,0.0,0.0,5,3702.0,3704.0,4,3689.0,3696.0,3712.0,3696.0,1943.0,71833250.0,37991
2023-05-10 21:00:03,bu2306,bu2306,3706.0,13.0,481560.0,-9.0,1,3703.0,3706.0,7,3689.0,3696.0,3712.0,3696.0,1956.0,72314810.0,37982
2023-05-10 21:00:03,bu2306,bu2306,3705.0,12.0,444660.0,-5.0,16,3704.0,3705.0,2,3689.0,3696.0,3712.0,3696.0,1968.0,72759470.0,37977
2023-05-10 21:00:04,bu2306,bu2306,3704.0,2.0,74090.0,1.0,14,3704.0,3707.0,29,3689.0,3696.0,3712.0,3696.0,1970.0,72833560.0,37978
2023-05-10 21:00:04,bu2306,bu2306,3704.0,0.0,0.0,0.0,9,3705.0,3706.0,3,3689.0,3696.0,3712.0,3696.0,1970.0,72833560.0,37978
2023-05-10 21:00:05,bu2306,bu2306,3708.0,47.0,1742360.0,10.0,2,3706.0,3709.0,8,3689.0,3696.0,3712.0,3696.0,2017.0,74575920.0,37988
2023-05-10 21:00:05,bu2306,bu2306,3711.0,12.0,445080.0,2.0,1,3710.0,3712.0,6,3689.0,3696.0,3712.0,3696.0,2029.0,75021000.0,37990
2023-05-10 21:00:06,bu2306,bu2306,3712.0,4.0,148470.0,-1.0,11,3709.0,3710.0,1,3689.0,3696.0,3712.0,3696.0,2033.0,75169470.0,37989
2023-05-10 21:00:06,bu2306,bu2306,3710.0,1.0,37100.0,-1.0,1,3712.0,3713.0,6,3689.0,3696.0,3712.0,3696.0,2034.0,75206570.0,37988
2023-05-10 21:00:07,bu2306,bu2306,3712.0,1.0,37120.0,-1.0,6,3711.0,3712.0,3,3689.0,3696.0,3712.0,3696.0,2035.0,75243690.0,37987
2023-05-10 21:00:07,bu2306,bu2306,3712.0,2.0,74240.0,0.0,6,3711.0,3712.0,2,3689.0,3696.0,3712.0,3696.0,2037.0,75317930.0,37987
2023-05-10 21:00:08,bu2306,bu2306,3712.0,0.0,0.0,0.0,6,3711.0,3712.0,1,3689.0,3696.0,3712.0,3696.0,2037.0,75317930.0,37987
2023-05-10 21:00:08,bu2306,bu2306,3712.0,2.0,74240.0,1.0,1,3712.0,3713.0,6,3689.0,3696.0,3712.0,3696.0,2039.0,75392170.0,37988
2023-05-10 21:00:09,bu2306,bu2306,3712.0,1.0,37120.0,0.0,6,3711.0,3712.0,5,3689.0,3696.0,3712.0,3696.0,2040.0,75429290.0,37988
2023-05-10 21:00:09,bu2306,bu2306,3712.0,0.0,0.0,0.0,8,3710.0,3712.0,5,3689.0,3696.0,3712.0,3696.0,2040.0,75429290.0,37988
2023-05-10 21:00:10,bu2306,bu2306,3710.0,13.0,482590.0,0.0,1,3712.0,3714.0,5,3689.0,3696.0,3713.0,3696.0,2053.0,75911880.0,37988
2023-05-10 21:00:10,bu2306,bu2306,3714.0,8.0,297110.0,-4.0,2,3712.0,3714.0,6,3689.0,3696.0,3714.0,3696.0,2061.0,76208990.0,37984
2023-05-10 21:00:11,bu2306,bu2306,3713.0,3.0,111390.0,-1.0,12,3712.0,3713.0,34,3689.0,3696.0,3714.0,3696.0,2064.0,76320380.0,37983
2023-05-10 21:00:11,bu2306,bu2306,3713.0,0.0,0.0,0.0,6,3712.0,3713.0,34,3689.0,3696.0,3714.0,3696.0,2064.0,76320380.0,37983
2023-05-10 21:00:12,bu2306,bu2306,3710.0,34.0,1261680.0,21.0,51,3709.0,3712.0,2,3689.0,3696.0,3714.0,3696.0,2098.0,77582060.0,38004
2023-05-10 21:00:12,bu2306,bu2306,3711.0,1.0,37110.0,1.0,5,3710.0,3711.0,2,3689.0,3696.0,3714.0,3696.0,2099.0,77619170.0,38005
2023-05-10 21:00:13,bu2306,bu2306,3711.0,0.0,0.0,0.0,5,3710.0,3711.0,1,3689.0,3696.0,3714.0,3696.0,2099.0,77619170.0,38005
2023-05-10 21:00:13,bu2306,bu2306,3710.0,5.0,185500.0,-4.0,51,3709.0,3711.0,1,3689.0,3696.0,3714.0,3696.0,2104.0,77804670.0,38001
2023-05-10 21:00:14,bu2306,bu2306,3710.0,0.0,0.0,0.0,2,3710.0,3712.0,10,3689.0,3696.0,3714.0,3696.0,2104.0,77804670.0,38001
2023-05-10 21:00:14,bu2306,bu2306,3710.0,1.0,37100.0,1.0,6,3710.0,3712.0,7,3689.0,3696.0,3714.0,3696.0,2105.0,77841770.0,38002
2023-05-10 21:00:15,bu2306,bu2306,3710.0,0.0,0.0,0.0,6,3710.0,3712.0,7,3689.0,3696.0,3714.0,3696.0,2105.0,77841770.0,38002
2023-05-10 21:00:16,bu2306,bu2306,3710.0,0.0,0.0,0.0,6,3710.0,3712.0,7,3689.0,3696.0,3714.0,3696.0,2105.0,77841770.0,38002
2023-05-10 21:00:16,bu2306,bu2306,3710.0,0.0,0.0,0.0,6,3710.0,3712.0,7,3689.0,3696.0,3714.0,3696.0,2105.0,77841770.0,38002
2023-05-10 21:00:17,bu2306,bu2306,3712.0,7.0,259830.0,-3.0,5,3710.0,3712.0,1,3689.0,3696.0,3714.0,3696.0,2112.0,78101600.0,37999
2023-05-10 21:00:17,bu2306,bu2306,3712.0,0.0,0.0,0.0,2,3711.0,3712.0,1,3689.0,3696.0,3714.0,3696.0,2112.0,78101600.0,37999
2023-05-10 21:00:18,bu2306,bu2306,3711.0,1.0,37110.0,-1.0,1,3711.0,3713.0,35,3689.0,3696.0,3714.0,3696.0,2113.0,78138710.0,37998
2023-05-10 21:00:18,bu2306,bu2306,3711.0,0.0,0.0,0.0,5,3711.0,3713.0,35,3689.0,3696.0,3714.0,3696.0,2113.0,78138710.0,37998
2023-05-10 21:00:19,bu2306,bu2306,3711.0,0.0,0.0,0.0,4,3711.0,3712.0,2,3689.0,3696.0,3714.0,3696.0,2113.0,78138710.0,37998
2023-05-10 21:00:19,bu2306,bu2306,3712.0,2.0,74240.0,-1.0,1,3712.0,3713.0,35,3689.0,3696.0,3714.0,3696.0,2115.0,78212950.0,37997
2023-05-10 21:00:20,bu2306,bu2306,3713.0,36.0,1336680.0,-5.0,1,3713.0,3714.0,9,3689.0,3696.0,3714.0,3696.0,2151.0,79549630.0,37992
2023-05-10 21:00:20,bu2306,bu2306,3715.0,11.0,408560.0,6.0,1,3714.0,3715.0,10,3689.0,3696.0,3715.0,3696.0,2162.0,79958190.0,37998
2023-05-10 21:00:21,bu2306,bu2306,3715.0,11.0,408650.0,-5.0,2,3714.0,3716.0,7,3689.0,3696.0,3715.0,3696.0,2173.0,80366840.0,37993
2023-05-10 21:00:21,bu2306,bu2306,3712.0,18.0,668380.0,-5.0,11,3712.0,3713.0,5,3689.0,3696.0,3715.0,3696.0,2191.0,81035220.0,37988
2023-05-10 21:00:22,bu2306,bu2306,3714.0,7.0,259930.0,-1.0,1,3713.0,3714.0,5,3689.0,3696.0,3715.0,3696.0,2198.0,81295150.0,37987
2023-05-10 21:00:22,bu2306,bu2306,3713.0,4.0,148550.0,4.0,6,3712.0,3714.0,2,3689.0,3696.0,3715.0,3696.0,2202.0,81443700.0,37991
2023-05-10 21:00:23,bu2306,bu2306,3713.0,4.0,148550.0,3.0,6,3712.0,3713.0,1,3689.0,3696.0,3715.0,3696.0,2206.0,81592250.0,37994
2023-05-10 21:00:23,bu2306,bu2306,3713.0,1.0,37130.0,-1.0,7,3712.0,3714.0,6,3689.0,3696.0,3715.0,3696.0,2207.0,81629380.0,37993
2023-05-10 21:00:24,bu2306,bu2306,3714.0,6.0,222840.0,0.0,4,3714.0,3715.0,12,3689.0,3696.0,3715.0,3696.0,2213.0,81852220.0,37993
2023-05-10 21:00:24,bu2306,bu2306,3713.0,9.0,334210.0,3.0,3,3713.0,3715.0,1,3689.0,3696.0,3715.0,3696.0,2222.0,82186430.0,37996
2023-05-10 21:00:25,bu2306,bu2306,3713.0,0.0,0.0,0.0,3,3713.0,3714.0,1,3689.0,3696.0,3715.0,3696.0,2222.0,82186430.0,37996
2023-05-10 21:00:25,bu2306,bu2306,3715.0,7.0,260040.0,5.0,9,3715.0,3716.0,4,3689.0,3696.0,3715.0,3696.0,2229.0,82446470.0,38001
2023-05-10 21:00:26,bu2306,bu2306,3715.0,9.0,334350.0,9.0,7,3714.0,3716.0,4,3689.0,3696.0,3715.0,3696.0,2238.0,82780820.0,38010
2023-05-10 21:00:26,bu2306,bu2306,3717.0,9.0,334490.0,-5.0,2,3715.0,3718.0,6,3689.0,3696.0,3717.0,3696.0,2247.0,83115310.0,38005
2023-05-10 21:00:27,bu2306,bu2306,3717.0,0.0,0.0,0.0,25,3716.0,3718.0,5,3689.0,3696.0,3717.0,3696.0,2247.0,83115310.0,38005
2023-05-10 21:00:27,bu2306,bu2306,3716.0,2.0,74320.0,0.0,24,3716.0,3718.0,5,3689.0,3696.0,3717.0,3696.0,2249.0,83189630.0,38005
2023-05-10 21:00:28,bu2306,bu2306,3716.0,0.0,0.0,0.0,24,3716.0,3717.0,1,3689.0,3696.0,3717.0,3696.0,2249.0,83189630.0,38005
2023-05-10 21:00:28,bu2306,bu2306,3717.0,1.0,37170.0,-1.0,19,3716.0,3718.0,8,3689.0,3696.0,3717.0,3696.0,2250.0,83226800.0,38004
2023-05-10 21:00:29,bu2306,bu2306,3717.0,0.0,0.0,0.0,9,3716.0,3718.0,8,3689.0,3696.0,3717.0,3696.0,2250.0,83226800.0,38004
2023-05-10 21:00:29,bu2306,bu2306,3718.0,8.0,297440.0,-1.0,10,3716.0,3719.0,7,3689.0,3696.0,3718.0,3696.0,2258.0,83524240.0,38003
2023-05-10 21:00:30,bu2306,bu2306,3719.0,3.0,111530.0,-2.0,20,3717.0,3720.0,107,3689.0,3696.0,3719.0,3696.0,2261.0,83635770.0,38001
2023-05-10 21:00:30,bu2306,bu2306,3719.0,0.0,0.0,0.0,11,3718.0,3720.0,109,3689.0,3696.0,3719.0,3696.0,2261.0,83635770.0,38001
2023-05-10 21:00:31,bu2306,bu2306,3720.0,27.0,1004400.0,-23.0,11,3718.0,3720.0,79,3689.0,3696.0,3720.0,3696.0,2288.0,84640170.0,37978
2023-05-10 21:00:31,bu2306,bu2306,3719.0,1.0,37190.0,-1.0,1,3719.0,3720.0,80,3689.0,3696.0,3720.0,3696.0,2289.0,84677360.0,37977
2023-05-10 21:00:32,bu2306,bu2306,3720.0,20.0,743970.0,0.0,12,3718.0,3720.0,63,3689.0,3696.0,3720.0,3696.0,2309.0,85421330.0,37977
2023-05-10 21:00:32,bu2306,bu2306,3720.0,41.0,1525200.0,-14.0,2,3719.0,3720.0,22,3689.0,3696.0,3720.0,3696.0,2350.0,86946530.0,37963
2023-05-10 21:00:33,bu2306,bu2306,3720.0,22.0,818400.0,-5.0,7,3719.0,3722.0,4,3689.0,3696.0,3720.0,3696.0,2372.0,87764930.0,37958
2023-05-10 21:00:33,bu2306,bu2306,3720.0,0.0,0.0,0.0,20,3720.0,3722.0,5,3689.0,3696.0,3720.0,3696.0,2372.0,87764930.0,37958
2023-05-10 21:00:34,bu2306,bu2306,3720.0,0.0,0.0,0.0,21,3720.0,3722.0,4,3689.0,3696.0,3720.0,3696.0,2372.0,87764930.0,37958
2023-05-10 21:00:34,bu2306,bu2306,3722.0,2.0,74440.0,0.0,6,3721.0,3722.0,2,3689.0,3696.0,3722.0,3696.0,2374.0,87839370.0,37958
2023-05-10 21:00:35,bu2306,bu2306,3722.0,2.0,74440.0,2.0,1,3722.0,3723.0,1,3689.0,3696.0,3722.0,3696.0,2376.0,87913810.0,37960
2023-05-10 21:00:35,bu2306,bu2306,3724.0,2.0,74470.0,0.0,7,3722.0,3724.0,3,3689.0,3696.0,3724.0,3696.0,2378.0,87988280.0,37960
2023-05-10 21:00:36,bu2306,bu2306,3724.0,0.0,0.0,0.0,6,3723.0,3724.0,3,3689.0,3696.0,3724.0,3696.0,2378.0,87988280.0,37960
2023-05-10 21:00:37,bu2306,bu2306,3724.0,1.0,37240.0,0.0,6,3723.0,3724.0,2,3689.0,3696.0,3724.0,3696.0,2379.0,88025520.0,37960
2023-05-10 21:00:38,bu2306,bu2306,3723.0,1.0,37230.0,-1.0,5,3723.0,3724.0,2,3689.0,3696.0,3724.0,3696.0,2380.0,88062750.0,37959
2023-05-10 21:00:39,bu2306,bu2306,3723.0,2.0,74470.0,0.0,4,3723.0,3724.0,1,3689.0,3696.0,3724.0,3696.0,2382.0,88137220.0,37959
2023-05-10 21:00:39,bu2306,bu2306,3723.0,6.0,223390.0,-3.0,6,3722.0,3723.0,6,3689.0,3696.0,3724.0,3696.0,2388.0,88360610.0,37956
2023-05-10 21:00:40,bu2306,bu2306,3723.0,7.0,260610.0,-3.0,10,3722.0,3724.0,1,3689.0,3696.0,3724.0,3696.0,2395.0,88621220.0,37953
2023-05-10 21:00:40,bu2306,bu2306,3723.0,3.0,111730.0,0.0,5,3723.0,3726.0,4,3689.0,3696.0,3726.0,3696.0,2398.0,88732950.0,37953
2023-05-10 21:00:41,bu2306,bu2306,3726.0,2.0,74490.0,1.0,29,3724.0,3726.0,3,3689.0,3696.0,3726.0,3696.0,2400.0,88807440.0,37954
2023-05-10 21:00:41,bu2306,bu2306,3726.0,0.0,0.0,0.0,5,3725.0,3726.0,2,3689.0,3696.0,3726.0,3696.0,2400.0,88807440.0,37954
2023-05-10 21:00:42,bu2306,bu2306,3725.0,10.0,372500.0,-9.0,28,3724.0,3726.0,2,3689.0,3696.0,3726.0,3696.0,2410.0,89179940.0,37945
2023-05-10 21:00:42,bu2306,bu2306,3726.0,1.0,37260.0,1.0,27,3724.0,3726.0,2,3689.0,3696.0,3726.0,3696.0,2411.0,89217200.0,37946
2023-05-10 21:00:43,bu2306,bu2306,3726.0,0.0,0.0,0.0,1,3725.0,3726.0,2,3689.0,3696.0,3726.0,3696.0,2411.0,89217200.0,37946
2023-05-10 21:00:43,bu2306,bu2306,3726.0,0.0,0.0,0.0,5,3725.0,3726.0,2,3689.0,3696.0,3726.0,3696.0,2411.0,89217200.0,37946
2023-05-10 21:00:45,bu2306,bu2306,3725.0,9.0,335290.0,-4.0,20,3724.0,3725.0,4,3689.0,3696.0,3727.0,3696.0,2420.0,89552490.0,37942
2023-05-10 21:00:45,bu2306,bu2306,3728.0,6.0,223560.0,2.0,1,3726.0,3728.0,29,3689.0,3696.0,3728.0,3696.0,2426.0,89776050.0,37944
2023-05-10 21:00:46,bu2306,bu2306,3728.0,1.0,37280.0,0.0,5,3726.0,3727.0,1,3689.0,3696.0,3728.0,3696.0,2427.0,89813330.0,37944
2023-05-10 21:00:46,bu2306,bu2306,3726.0,2.0,74530.0,-1.0,10,3725.0,3726.0,1,3689.0,3696.0,3728.0,3696.0,2429.0,89887860.0,37943
2023-05-10 21:00:47,bu2306,bu2306,3726.0,1.0,37260.0,0.0,11,3725.0,3726.0,3,3689.0,3696.0,3728.0,3696.0,2430.0,89925120.0,37943
2023-05-10 21:00:47,bu2306,bu2306,3726.0,3.0,111780.0,0.0,2,3726.0,3728.0,30,3689.0,3696.0,3728.0,3696.0,2433.0,90036900.0,37943
2023-05-10 21:00:48,bu2306,bu2306,3726.0,0.0,0.0,0.0,12,3726.0,3728.0,30,3689.0,3696.0,3728.0,3696.0,2433.0,90036900.0,37943
2023-05-10 21:00:48,bu2306,bu2306,3726.0,0.0,0.0,0.0,8,3726.0,3728.0,30,3689.0,3696.0,3728.0,3696.0,2433.0,90036900.0,37943
2023-05-10 21:00:49,bu2306,bu2306,3727.0,1.0,37270.0,0.0,7,3726.0,3727.0,1,3689.0,3696.0,3728.0,3696.0,2434.0,90074170.0,37943
2023-05-10 21:00:49,bu2306,bu2306,3727.0,4.0,149080.0,2.0,3,3726.0,3728.0,30,3689.0,3696.0,3728.0,3696.0,2438.0,90223250.0,37945
2023-05-10 21:00:50,bu2306,bu2306,3727.0,6.0,223580.0,1.0,12,3725.0,3728.0,29,3689.0,3696.0,3728.0,3696.0,2444.0,90446830.0,37946
2023-05-10 21:00:50,bu2306,bu2306,3727.0,2.0,74540.0,2.0,1,3726.0,3727.0,4,3689.0,3696.0,3728.0,3696.0,2446.0,90521370.0,37948
2023-05-10 21:00:51,bu2306,bu2306,3727.0,1.0,37270.0,0.0,3,3726.0,3727.0,1,3689.0,3696.0,3728.0,3696.0,2447.0,90558640.0,37948
2023-05-10 21:00:51,bu2306,bu2306,3727.0,0.0,0.0,0.0,2,3727.0,3728.0,29,3689.0,3696.0,3728.0,3696.0,2447.0,90558640.0,37948
2023-05-10 21:00:52,bu2306,bu2306,3727.0,2.0,74550.0,2.0,6,3727.0,3728.0,28,3689.0,3696.0,3728.0,3696.0,2449.0,90633190.0,37950
2023-05-10 21:00:52,bu2306,bu2306,3728.0,1.0,37280.0,1.0,2,3727.0,3728.0,27,3689.0,3696.0,3728.0,3696.0,2450.0,90670470.0,37951
2023-05-10 21:00:53,bu2306,bu2306,3727.0,1.0,37270.0,0.0,6,3726.0,3728.0,27,3689.0,3696.0,3728.0,3696.0,2451.0,90707740.0,37951
2023-05-10 21:00:53,bu2306,bu2306,3728.0,3.0,111820.0,2.0,1,3727.0,3728.0,26,3689.0,3696.0,3728.0,3696.0,2454.0,90819560.0,37953
2023-05-10 21:00:54,bu2306,bu2306,3728.0,2.0,74560.0,2.0,3,3727.0,3728.0,24,3689.0,3696.0,3728.0,3696.0,2456.0,90894120.0,37955
2023-05-10 21:00:54,bu2306,bu2306,3728.0,1.0,37280.0,1.0,3,3727.0,3728.0,23,3689.0,3696.0,3728.0,3696.0,2457.0,90931400.0,37956
2023-05-10 21:00:55,bu2306,bu2306,3728.0,27.0,1006510.0,8.0,5,3728.0,3730.0,7,3689.0,3696.0,3728.0,3696.0,2484.0,91937910.0,37964
2023-05-10 21:00:55,bu2306,bu2306,3729.0,6.0,223700.0,2.0,2,3728.0,3729.0,3,3689.0,3696.0,3729.0,3696.0,2490.0,92161610.0,37966
2023-05-10 21:00:56,bu2306,bu2306,3730.0,10.0,372930.0,5.0,6,3727.0,3730.0,1,3689.0,3696.0,3730.0,3696.0,2500.0,92534540.0,37971
2023-05-10 21:00:56,bu2306,bu2306,3731.0,11.0,410310.0,-8.0,3,3730.0,3732.0,15,3689.0,3696.0,3731.0,3696.0,2511.0,92944850.0,37963
2023-05-10 21:00:57,bu2306,bu2306,3730.0,3.0,111900.0,-2.0,7,3729.0,3731.0,5,3689.0,3696.0,3731.0,3696.0,2514.0,93056750.0,37961
2023-05-10 21:00:57,bu2306,bu2306,3730.0,1.0,37300.0,1.0,8,3729.0,3731.0,5,3689.0,3696.0,3731.0,3696.0,2515.0,93094050.0,37962
2023-05-10 21:00:58,bu2306,bu2306,3730.0,21.0,783250.0,-7.0,2,3729.0,3731.0,5,3689.0,3696.0,3731.0,3696.0,2536.0,93877300.0,37955
2023-05-10 21:00:58,bu2306,bu2306,3729.0,2.0,74580.0,2.0,3,3728.0,3731.0,5,3689.0,3696.0,3731.0,3696.0,2538.0,93951880.0,37957
2023-05-10 21:00:59,bu2306,bu2306,3730.0,2.0,74600.0,2.0,3,3728.0,3730.0,3,3689.0,3696.0,3731.0,3696.0,2540.0,94026480.0,37959
2023-05-10 21:00:59,bu2306,bu2306,3730.0,3.0,111900.0,3.0,3,3728.0,3729.0,20,3689.0,3696.0,3731.0,3696.0,2543.0,94138380.0,37962
2023-05-10 21:01:00,bu2306,bu2306,3729.0,3.0,111850.0,0.0,6,3727.0,3729.0,19,3689.0,3696.0,3731.0,3696.0,2546.0,94250230.0,37962
2023-05-10 21:01:00,bu2306,bu2306,3729.0,1.0,37290.0,0.0,6,3727.0,3729.0,18,3689.0,3696.0,3731.0,3696.0,2547.0,94287520.0,37962
2023-05-10 21:01:01,bu2306,bu2306,3729.0,1.0,37290.0,0.0,1,3728.0,3729.0,17,3689.0,3696.0,3731.0,3696.0,2548.0,94324810.0,37962
2023-05-10 21:01:01,bu2306,bu2306,3729.0,1.0,37290.0,0.0,4,3728.0,3729.0,16,3689.0,3696.0,3731.0,3696.0,2549.0,94362100.0,37962
2023-05-10 21:01:02,bu2306,bu2306,3728.0,1.0,37280.0,-1.0,3,3728.0,3729.0,16,3689.0,3696.0,3731.0,3696.0,2550.0,94399380.0,37961
2023-05-10 21:01:02,bu2306,bu2306,3729.0,11.0,410190.0,-8.0,4,3728.0,3729.0,5,3689.0,3696.0,3731.0,3696.0,2561.0,94809570.0,37953
2023-05-10 21:01:03,bu2306,bu2306,3728.0,9.0,335570.0,0.0,6,3727.0,3728.0,2,3689.0,3696.0,3731.0,3696.0,2570.0,95145140.0,37953
2023-05-10 21:01:03,bu2306,bu2306,3728.0,2.0,74560.0,1.0,12,3727.0,3730.0,4,3689.0,3696.0,3731.0,3696.0,2572.0,95219700.0,37954
2023-05-10 21:01:04,bu2306,bu2306,3728.0,3.0,111860.0,1.0,2,3728.0,3729.0,2,3689.0,3696.0,3731.0,3696.0,2575.0,95331560.0,37955
2023-05-10 21:01:04,bu2306,bu2306,3730.0,3.0,111880.0,1.0,2,3728.0,3730.0,6,3689.0,3696.0,3731.0,3696.0,2578.0,95443440.0,37956
2023-05-10 21:01:05,bu2306,bu2306,3730.0,3.0,111860.0,2.0,7,3727.0,3730.0,9,3689.0,3696.0,3731.0,3696.0,2581.0,95555300.0,37958
2023-05-10 21:01:05,bu2306,bu2306,3730.0,2.0,74600.0,0.0,6,3727.0,3730.0,9,3689.0,3696.0,3731.0,3696.0,2583.0,95629900.0,37958
2023-05-10 21:01:06,bu2306,bu2306,3730.0,1.0,37300.0,1.0,7,3727.0,3730.0,9,3689.0,3696.0,3731.0,3696.0,2584.0,95667200.0,37959
2023-05-10 21:01:06,bu2306,bu2306,3730.0,3.0,111900.0,0.0,2,3728.0,3730.0,7,3689.0,3696.0,3731.0,3696.0,2587.0,95779100.0,37959
2023-05-10 21:01:07,bu2306,bu2306,3728.0,2.0,74560.0,-2.0,7,3727.0,3730.0,7,3689.0,3696.0,3731.0,3696.0,2589.0,95853660.0,37957
2023-05-10 21:01:07,bu2306,bu2306,3727.0,2.0,74560.0,0.0,6,3727.0,3729.0,4,3689.0,3696.0,3731.0,3696.0,2591.0,95928220.0,37957
2023-05-10 21:01:08,bu2306,bu2306,3729.0,8.0,298200.0,-1.0,6,3726.0,3729.0,2,3689.0,3696.0,3731.0,3696.0,2599.0,96226420.0,37956
2023-05-10 21:01:08,bu2306,bu2306,3728.0,3.0,111840.0,0.0,11,3727.0,3728.0,8,3689.0,3696.0,3731.0,3696.0,2602.0,96338260.0,37956
2023-05-10 21:01:09,bu2306,bu2306,3727.0,14.0,521780.0,0.0,6,3726.0,3727.0,37,3689.0,3696.0,3731.0,3696.0,2616.0,96860040.0,37956
2023-05-10 21:01:09,bu2306,bu2306,3727.0,3.0,111800.0,-1.0,12,3725.0,3727.0,35,3689.0,3696.0,3731.0,3696.0,2619.0,96971840.0,37955
2023-05-10 21:01:10,bu2306,bu2306,3727.0,1.0,37270.0,-1.0,13,3725.0,3727.0,34,3689.0,3696.0,3731.0,3696.0,2620.0,97009110.0,37954
2023-05-10 21:01:10,bu2306,bu2306,3727.0,5.0,186350.0,3.0,13,3725.0,3727.0,30,3689.0,3696.0,3731.0,3696.0,2625.0,97195460.0,37957
2023-05-10 21:01:11,bu2306,bu2306,3727.0,1.0,37270.0,1.0,13,3725.0,3726.0,3,3689.0,3696.0,3731.0,3696.0,2626.0,97232730.0,37958
2023-05-10 21:01:11,bu2306,bu2306,3727.0,5.0,186320.0,3.0,4,3726.0,3727.0,28,3689.0,3696.0,3731.0,3696.0,2631.0,97419050.0,37961
2023-05-10 21:01:12,bu2306,bu2306,3727.0,1.0,37270.0,-1.0,9,3726.0,3727.0,27,3689.0,3696.0,3731.0,3696.0,2632.0,97456320.0,37960
2023-05-10 21:01:12,bu2306,bu2306,3727.0,2.0,74540.0,-1.0,8,3726.0,3727.0,26,3689.0,3696.0,3731.0,3696.0,2634.0,97530860.0,37959
2023-05-10 21:01:13,bu2306,bu2306,3726.0,2.0,74520.0,0.0,6,3726.0,3727.0,34,3689.0,3696.0,3731.0,3696.0,2636.0,97605380.0,37959
2023-05-10 21:01:13,bu2306,bu2306,3726.0,4.0,149060.0,0.0,22,3725.0,3726.0,8,3689.0,3696.0,3731.0,3696.0,2640.0,97754440.0,37959
2023-05-10 21:01:14,bu2306,bu2306,3726.0,4.0,149040.0,3.0,22,3725.0,3726.0,7,3689.0,3696.0,3731.0,3696.0,2644.0,97903480.0,37962
2023-05-10 21:01:14,bu2306,bu2306,3726.0,1.0,37260.0,1.0,22,3725.0,3726.0,9,3689.0,3696.0,3731.0,3696.0,2645.0,97940740.0,37963
2023-05-10 21:01:15,bu2306,bu2306,3726.0,0.0,0.0,0.0,22,3725.0,3726.0,16,3689.0,3696.0,3731.0,3696.0,2645.0,97940740.0,37963
2023-05-10 21:01:15,bu2306,bu2306,3726.0,9.0,335260.0,8.0,12,3725.0,3726.0,17,3689.0,3696.0,3731.0,3696.0,2654.0,98276000.0,37971
2023-05-10 21:01:16,bu2306,bu2306,3726.0,3.0,111770.0,2.0,11,3725.0,3726.0,10,3689.0,3696.0,3731.0,3696.0,2657.0,98387770.0,37973
2023-05-10 21:01:16,bu2306,bu2306,3725.0,1.0,37250.0,0.0,10,3725.0,3726.0,10,3689.0,3696.0,3731.0,3696.0,2658.0,98425020.0,37973
2023-05-10 21:01:17,bu2306,bu2306,3725.0,10.0,372500.0,6.0,3,3725.0,3726.0,10,3689.0,3696.0,3731.0,3696.0,2668.0,98797520.0,37979
2023-05-10 21:01:17,bu2306,bu2306,3725.0,13.0,484260.0,9.0,7,3725.0,3726.0,1,3689.0,3696.0,3731.0,3696.0,2681.0,99281780.0,37988
2023-05-10 21:01:18,bu2306,bu2306,3725.0,7.0,260750.0,3.0,7,3724.0,3726.0,6,3689.0,3696.0,3731.0,3696.0,2688.0,99542530.0,37991
2023-05-10 21:01:18,bu2306,bu2306,3725.0,2.0,74490.0,1.0,12,3724.0,3725.0,6,3689.0,3696.0,3731.0,3696.0,2690.0,99617020.0,37992
2023-05-10 21:01:19,bu2306,bu2306,3726.0,8.0,298030.0,2.0,18,3724.0,3726.0,1,3689.0,3696.0,3731.0,3696.0,2698.0,99915050.0,37994
2023-05-10 21:01:19,bu2306,bu2306,3726.0,1.0,37260.0,-1.0,5,3725.0,3727.0,23,3689.0,3696.0,3731.0,3696.0,2699.0,99952310.0,37993
2023-05-10 21:01:20,bu2306,bu2306,3726.0,0.0,0.0,0.0,1,3726.0,3727.0,23,3689.0,3696.0,3731.0,3696.0,2699.0,99952310.0,37993
2023-05-10 21:01:20,bu2306,bu2306,3725.0,3.0,111760.0,-2.0,5,3725.0,3726.0,3,3689.0,3696.0,3731.0,3696.0,2702.0,100064070.0,37991
2023-05-10 21:01:21,bu2306,bu2306,3726.0,1.0,37260.0,0.0,2,3725.0,3726.0,6,3689.0,3696.0,3731.0,3696.0,2703.0,100101330.0,37991
2023-05-10 21:01:21,bu2306,bu2306,3726.0,0.0,0.0,0.0,2,3725.0,3726.0,1,3689.0,3696.0,3731.0,3696.0,2703.0,100101330.0,37991
2023-05-10 21:01:22,bu2306,bu2306,3726.0,0.0,0.0,0.0,4,3725.0,3726.0,2,3689.0,3696.0,3731.0,3696.0,2703.0,100101330.0,37991
2023-05-10 21:01:23,bu2306,bu2306,3726.0,2.0,74520.0,0.0,5,3725.0,3727.0,23,3689.0,3696.0,3731.0,3696.0,2705.0,100175850.0,37991
2023-05-10 21:01:23,bu2306,bu2306,3727.0,16.0,596030.0,-4.0,13,3724.0,3725.0,15,3689.0,3696.0,3731.0,3696.0,2721.0,100771880.0,37987
2023-05-10 21:01:24,bu2306,bu2306,3725.0,12.0,447000.0,9.0,17,3724.0,3725.0,3,3689.0,3696.0,3731.0,3696.0,2733.0,101218880.0,37996
2023-05-10 21:01:24,bu2306,bu2306,3725.0,1.0,37250.0,0.0,17,3724.0,3725.0,2,3689.0,3696.0,3731.0,3696.0,2734.0,101256130.0,37996
2023-05-10 21:01:25,bu2306,bu2306,3725.0,1.0,37250.0,0.0,17,3724.0,3725.0,1,3689.0,3696.0,3731.0,3696.0,2735.0,101293380.0,37996
2023-05-10 21:01:25,bu2306,bu2306,3725.0,1.0,37250.0,0.0,12,3724.0,3726.0,6,3689.0,3696.0,3731.0,3696.0,2736.0,101330630.0,37996
2023-05-10 21:01:26,bu2306,bu2306,3725.0,1.0,37250.0,0.0,12,3724.0,3725.0,1,3689.0,3696.0,3731.0,3696.0,2737.0,101367880.0,37996
2023-05-10 21:01:26,bu2306,bu2306,3725.0,0.0,0.0,0.0,12,3724.0,3725.0,1,3689.0,3696.0,3731.0,3696.0,2737.0,101367880.0,37996
2023-05-10 21:01:27,bu2306,bu2306,3725.0,13.0,484130.0,11.0,7,3723.0,3726.0,7,3689.0,3696.0,3731.0,3696.0,2750.0,101852010.0,38007
2023-05-10 21:01:28,bu2306,bu2306,3725.0,0.0,0.0,0.0,11,3723.0,3724.0,1,3689.0,3696.0,3731.0,3696.0,2750.0,101852010.0,38007
2023-05-10 21:01:28,bu2306,bu2306,3725.0,0.0,0.0,0.0,11,3723.0,3724.0,1,3689.0,3696.0,3731.0,3696.0,2750.0,101852010.0,38007
2023-05-10 21:01:29,bu2306,bu2306,3724.0,5.0,186160.0,-2.0,7,3723.0,3725.0,12,3689.0,3696.0,3731.0,3696.0,2755.0,102038170.0,38005
2023-05-10 21:01:29,bu2306,bu2306,3723.0,7.0,260610.0,3.0,10,3722.0,3724.0,4,3689.0,3696.0,3731.0,3696.0,2762.0,102298780.0,38008
2023-05-10 21:01:30,bu2306,bu2306,3723.0,0.0,0.0,0.0,12,3722.0,3723.0,4,3689.0,3696.0,3731.0,3696.0,2762.0,102298780.0,38008
2023-05-10 21:01:30,bu2306,bu2306,3723.0,0.0,0.0,0.0,8,3722.0,3723.0,7,3689.0,3696.0,3731.0,3696.0,2762.0,102298780.0,38008
2023-05-10 21:01:31,bu2306,bu2306,3723.0,0.0,0.0,0.0,2,3722.0,3723.0,17,3689.0,3696.0,3731.0,3696.0,2762.0,102298780.0,38008
2023-05-10 21:01:31,bu2306,bu2306,3721.0,12.0,446540.0,2.0,2,3721.0,3722.0,3,3689.0,3696.0,3731.0,3696.0,2774.0,102745320.0,38010
2023-05-10 21:01:32,bu2306,bu2306,3721.0,8.0,297640.0,0.0,11,3719.0,3721.0,3,3689.0,3696.0,3731.0,3696.0,2782.0,103042960.0,38010
2023-05-10 21:01:32,bu2306,bu2306,3721.0,0.0,0.0,0.0,7,3719.0,3720.0,1,3689.0,3696.0,3731.0,3696.0,2782.0,103042960.0,38010
2023-05-10 21:01:33,bu2306,bu2306,3720.0,5.0,185980.0,0.0,1,3720.0,3721.0,8,3689.0,3696.0,3731.0,3696.0,2787.0,103228940.0,38010
2023-05-10 21:01:33,bu2306,bu2306,3721.0,2.0,74410.0,-1.0,11,3719.0,3721.0,7,3689.0,3696.0,3731.0,3696.0,2789.0,103303350.0,38009
2023-05-10 21:01:34,bu2306,bu2306,3721.0,1.0,37210.0,0.0,11,3719.0,3721.0,6,3689.0,3696.0,3731.0,3696.0,2790.0,103340560.0,38009
2023-05-10 21:01:34,bu2306,bu2306,3721.0,2.0,74420.0,1.0,6,3719.0,3721.0,4,3689.0,3696.0,3731.0,3696.0,2792.0,103414980.0,38010
2023-05-10 21:01:35,bu2306,bu2306,3721.0,1.0,37210.0,0.0,5,3720.0,3721.0,3,3689.0,3696.0,3731.0,3696.0,2793.0,103452190.0,38010
2023-05-10 21:01:35,bu2306,bu2306,3721.0,1.0,37210.0,-1.0,5,3720.0,3721.0,1,3689.0,3696.0,3731.0,3696.0,2794.0,103489400.0,38009
2023-05-10 21:01:36,bu2306,bu2306,3721.0,1.0,37210.0,-1.0,7,3720.0,3722.0,12,3689.0,3696.0,3731.0,3696.0,2795.0,103526610.0,38008
2023-05-10 21:01:36,bu2306,bu2306,3721.0,1.0,37210.0,-1.0,2,3720.0,3721.0,1,3689.0,3696.0,3731.0,3696.0,2796.0,103563820.0,38007
2023-05-10 21:01:37,bu2306,bu2306,3720.0,3.0,111610.0,-2.0,9,3719.0,3720.0,1,3689.0,3696.0,3731.0,3696.0,2799.0,103675430.0,38005
2023-05-10 21:01:37,bu2306,bu2306,3720.0,1.0,37200.0,0.0,14,3719.0,3721.0,10,3689.0,3696.0,3731.0,3696.0,2800.0,103712630.0,38005
2023-05-10 21:01:38,bu2306,bu2306,3721.0,1.0,37210.0,-1.0,1,3720.0,3721.0,9,3689.0,3696.0,3731.0,3696.0,2801.0,103749840.0,38004
2023-05-10 21:01:38,bu2306,bu2306,3721.0,1.0,37210.0,-1.0,6,3720.0,3721.0,8,3689.0,3696.0,3731.0,3696.0,2802.0,103787050.0,38003
2023-05-10 21:01:39,bu2306,bu2306,3721.0,2.0,74420.0,-2.0,6,3720.0,3722.0,12,3689.0,3696.0,3731.0,3696.0,2804.0,103861470.0,38001
2023-05-10 21:01:39,bu2306,bu2306,3721.0,1.0,37210.0,0.0,1,3720.0,3721.0,1,3689.0,3696.0,3731.0,3696.0,2805.0,103898680.0,38001
2023-05-10 21:01:40,bu2306,bu2306,3721.0,1.0,37210.0,0.0,1,3720.0,3722.0,12,3689.0,3696.0,3731.0,3696.0,2806.0,103935890.0,38001
2023-05-10 21:01:40,bu2306,bu2306,3720.0,4.0,148800.0,-1.0,9,3719.0,3720.0,18,3689.0,3696.0,3731.0,3696.0,2810.0,104084690.0,38000
2023-05-10 21:01:41,bu2306,bu2306,3720.0,18.0,669600.0,-17.0,8,3719.0,3721.0,6,3689.0,3696.0,3731.0,3696.0,2828.0,104754290.0,37983
2023-05-10 21:01:41,bu2306,bu2306,3720.0,1.0,37200.0,-1.0,3,3719.0,3720.0,1,3689.0,3696.0,3731.0,3696.0,2829.0,104791490.0,37982
2023-05-10 21:01:42,bu2306,bu2306,3720.0,2.0,74400.0,0.0,8,3719.0,3720.0,2,3689.0,3696.0,3731.0,3696.0,2831.0,104865890.0,37982
2023-05-10 21:01:42,bu2306,bu2306,3719.0,2.0,74380.0,1.0,8,3718.0,3719.0,4,3689.0,3696.0,3731.0,3696.0,2833.0,104940270.0,37983
2023-05-10 21:01:43,bu2306,bu2306,3719.0,2.0,74380.0,0.0,9,3718.0,3719.0,2,3689.0,3696.0,3731.0,3696.0,2835.0,105014650.0,37983
2023-05-10 21:01:43,bu2306,bu2306,3719.0,1.0,37190.0,0.0,9,3718.0,3719.0,1,3689.0,3696.0,3731.0,3696.0,2836.0,105051840.0,37983
2023-05-10 21:01:44,bu2306,bu2306,3719.0,1.0,37190.0,0.0,2,3718.0,3720.0,6,3689.0,3696.0,3731.0,3696.0,2837.0,105089030.0,37983
2023-05-10 21:01:44,bu2306,bu2306,3719.0,0.0,0.0,0.0,2,3718.0,3719.0,1,3689.0,3696.0,3731.0,3696.0,2837.0,105089030.0,37983
2023-05-10 21:01:45,bu2306,bu2306,3719.0,1.0,37190.0,-1.0,2,3718.0,3719.0,5,3689.0,3696.0,3731.0,3696.0,2838.0,105126220.0,37982
2023-05-10 21:01:45,bu2306,bu2306,3719.0,1.0,37190.0,0.0,2,3718.0,3719.0,4,3689.0,3696.0,3731.0,3696.0,2839.0,105163410.0,37982
2023-05-10 21:01:46,bu2306,bu2306,3719.0,1.0,37190.0,0.0,4,3718.0,3719.0,3,3689.0,3696.0,3731.0,3696.0,2840.0,105200600.0,37982
2023-05-10 21:01:46,bu2306,bu2306,3719.0,1.0,37190.0,0.0,4,3718.0,3719.0,1,3689.0,3696.0,3731.0,3696.0,2841.0,105237790.0,37982
2023-05-10 21:01:47,bu2306,bu2306,3719.0,1.0,37190.0,0.0,10,3718.0,3720.0,7,3689.0,3696.0,3731.0,3696.0,2842.0,105274980.0,37982
2023-05-10 21:01:47,bu2306,bu2306,3720.0,1.0,37200.0,0.0,10,3718.0,3720.0,6,3689.0,3696.0,3731.0,3696.0,2843.0,105312180.0,37982
2023-05-10 21:01:48,bu2306,bu2306,3720.0,1.0,37200.0,0.0,10,3718.0,3720.0,5,3689.0,3696.0,3731.0,3696.0,2844.0,105349380.0,37982
2023-05-10 21:01:48,bu2306,bu2306,3720.0,1.0,37200.0,0.0,10,3718.0,3720.0,4,3689.0,3696.0,3731.0,3696.0,2845.0,105386580.0,37982
2023-05-10 21:01:49,bu2306,bu2306,3720.0,1.0,37200.0,0.0,10,3718.0,3720.0,3,3689.0,3696.0,3731.0,3696.0,2846.0,105423780.0,37982
2023-05-10 21:01:49,bu2306,bu2306,3720.0,1.0,37200.0,0.0,10,3718.0,3720.0,2,3689.0,3696.0,3731.0,3696.0,2847.0,105460980.0,37982
2023-05-10 21:01:50,bu2306,bu2306,3720.0,1.0,37200.0,0.0,4,3718.0,3720.0,2,3689.0,3696.0,3731.0,3696.0,2848.0,105498180.0,37982
2023-05-10 21:01:51,bu2306,bu2306,3720.0,1.0,37200.0,0.0,1,3719.0,3720.0,1,3689.0,3696.0,3731.0,3696.0,2849.0,105535380.0,37982
2023-05-10 21:01:51,bu2306,bu2306,3720.0,0.0,0.0,0.0,1,3719.0,3720.0,6,3689.0,3696.0,3731.0,3696.0,2849.0,105535380.0,37982
2023-05-10 21:01:53,bu2306,bu2306,3719.0,1.0,37190.0,0.0,9,3718.0,3720.0,7,3689.0,3696.0,3731.0,3696.0,2850.0,105572570.0,37982
2023-05-10 21:01:54,bu2306,bu2306,3719.0,1.0,37190.0,0.0,9,3718.0,3719.0,1,3689.0,3696.0,3731.0,3696.0,2851.0,105609760.0,37982
2023-05-10 21:01:54,bu2306,bu2306,3719.0,1.0,37190.0,0.0,9,3718.0,3720.0,10,3689.0,3696.0,3731.0,3696.0,2852.0,105646950.0,37982
2023-05-10 21:01:55,bu2306,bu2306,3719.0,0.0,0.0,0.0,9,3718.0,3720.0,12,3689.0,3696.0,3731.0,3696.0,2852.0,105646950.0,37982
2023-05-10 21:01:56,bu2306,bu2306,3718.0,9.0,334620.0,4.0,7,3717.0,3719.0,1,3689.0,3696.0,3731.0,3696.0,2861.0,105981570.0,37986
2023-05-10 21:01:56,bu2306,bu2306,3718.0,0.0,0.0,0.0,8,3717.0,3719.0,11,3689.0,3696.0,3731.0,3696.0,2861.0,105981570.0,37986
2023-05-10 21:01:57,bu2306,bu2306,3718.0,0.0,0.0,0.0,8,3717.0,3719.0,11,3689.0,3696.0,3731.0,3696.0,2861.0,105981570.0,37986
2023-05-10 21:01:58,bu2306,bu2306,3718.0,0.0,0.0,0.0,8,3717.0,3719.0,11,3689.0,3696.0,3731.0,3696.0,2861.0,105981570.0,37986
2023-05-10 21:01:59,bu2306,bu2306,3718.0,0.0,0.0,0.0,8,3717.0,3719.0,11,3689.0,3696.0,3731.0,3696.0,2861.0,105981570.0,37986
2023-05-10 21:02:00,bu2306,bu2306,3718.0,0.0,0.0,0.0,8,3717.0,3719.0,11,3689.0,3696.0,3731.0,3696.0,2861.0,105981570.0,37986
2023-05-10 21:02:01,bu2306,bu2306,3718.0,0.0,0.0,0.0,8,3717.0,3719.0,11,3689.0,3696.0,3731.0,3696.0,2861.0,105981570.0,37986
2023-05-10 21:02:02,bu2306,bu2306,3719.0,9.0,334710.0,0.0,2,3718.0,3719.0,2,3689.0,3696.0,3731.0,3696.0,2870.0,106316280.0,37986
2023-05-10 21:02:02,bu2306,bu2306,3719.0,2.0,74380.0,0.0,7,3718.0,3720.0,12,3689.0,3696.0,3731.0,3696.0,2872.0,106390660.0,37986
2023-05-10 21:02:03,bu2306,bu2306,3720.0,1.0,37200.0,0.0,7,3718.0,3720.0,11,3689.0,3696.0,3731.0,3696.0,2873.0,106427860.0,37986
2023-05-10 21:02:03,bu2306,bu2306,3720.0,2.0,74400.0,0.0,7,3718.0,3720.0,9,3689.0,3696.0,3731.0,3696.0,2875.0,106502260.0,37986
2023-05-10 21:02:04,bu2306,bu2306,3720.0,1.0,37200.0,0.0,12,3718.0,3720.0,7,3689.0,3696.0,3731.0,3696.0,2876.0,106539460.0,37986
2023-05-10 21:02:04,bu2306,bu2306,3720.0,1.0,37200.0,0.0,7,3718.0,3720.0,4,3689.0,3696.0,3731.0,3696.0,2877.0,106576660.0,37986
2023-05-10 21:02:05,bu2306,bu2306,3720.0,0.0,0.0,0.0,7,3718.0,3720.0,4,3689.0,3696.0,3731.0,3696.0,2877.0,106576660.0,37986
2023-05-10 21:02:05,bu2306,bu2306,3720.0,0.0,0.0,0.0,7,3718.0,3720.0,4,3689.0,3696.0,3731.0,3696.0,2877.0,106576660.0,37986
2023-05-10 21:02:07,bu2306,bu2306,3720.0,0.0,0.0,0.0,7,3718.0,3720.0,13,3689.0,3696.0,3731.0,3696.0,2877.0,106576660.0,37986
2023-05-10 21:02:07,bu2306,bu2306,3720.0,0.0,0.0,0.0,7,3718.0,3720.0,14,3689.0,3696.0,3731.0,3696.0,2877.0,106576660.0,37986
2023-05-10 21:02:08,bu2306,bu2306,3720.0,1.0,37200.0,1.0,7,3718.0,3720.0,13,3689.0,3696.0,3731.0,3696.0,2878.0,106613860.0,37987
2023-05-10 21:02:12,bu2306,bu2306,3720.0,0.0,0.0,0.0,8,3718.0,3720.0,13,3689.0,3696.0,3731.0,3696.0,2878.0,106613860.0,37987
2023-05-10 21:02:13,bu2306,bu2306,3720.0,0.0,0.0,0.0,8,3718.0,3720.0,13,3689.0,3696.0,3731.0,3696.0,2878.0,106613860.0,37987
2023-05-10 21:02:13,bu2306,bu2306,3720.0,10.0,372000.0,10.0,8,3718.0,3720.0,3,3689.0,3696.0,3731.0,3696.0,2888.0,106985860.0,37997
2023-05-10 21:02:15,bu2306,bu2306,3718.0,1.0,37180.0,0.0,7,3718.0,3720.0,3,3689.0,3696.0,3731.0,3696.0,2889.0,107023040.0,37997
2023-05-10 21:02:16,bu2306,bu2306,3718.0,0.0,0.0,0.0,7,3718.0,3720.0,3,3689.0,3696.0,3731.0,3696.0,2889.0,107023040.0,37997
2023-05-10 21:02:16,bu2306,bu2306,3718.0,0.0,0.0,0.0,9,3718.0,3720.0,3,3689.0,3696.0,3731.0,3696.0,2889.0,107023040.0,37997
2023-05-10 21:02:20,bu2306,bu2306,3718.0,0.0,0.0,0.0,9,3718.0,3719.0,1,3689.0,3696.0,3731.0,3696.0,2889.0,107023040.0,37997
2023-05-10 21:02:21,bu2306,bu2306,3718.0,0.0,0.0,0.0,9,3718.0,3719.0,1,3689.0,3696.0,3731.0,3696.0,2889.0,107023040.0,37997
2023-05-10 21:02:22,bu2306,bu2306,3719.0,1.0,37190.0,-1.0,9,3718.0,3720.0,6,3689.0,3696.0,3731.0,3696.0,2890.0,107060230.0,37996
2023-05-10 21:02:23,bu2306,bu2306,3719.0,0.0,0.0,0.0,10,3718.0,3720.0,6,3689.0,3696.0,3731.0,3696.0,2890.0,107060230.0,37996
2023-05-10 21:02:23,bu2306,bu2306,3720.0,6.0,223200.0,0.0,2,3720.0,3721.0,9,3689.0,3696.0,3731.0,3696.0,2896.0,107283430.0,37996
2023-05-10 21:02:24,bu2306,bu2306,3719.0,3.0,111590.0,-2.0,15,3719.0,3720.0,2,3689.0,3696.0,3731.0,3696.0,2899.0,107395020.0,37994
2023-05-10 21:02:24,bu2306,bu2306,3719.0,0.0,0.0,0.0,15,3719.0,3720.0,2,3689.0,3696.0,3731.0,3696.0,2899.0,107395020.0,37994
2023-05-10 21:02:25,bu2306,bu2306,3719.0,0.0,0.0,0.0,15,3719.0,3720.0,2,3689.0,3696.0,3731.0,3696.0,2899.0,107395020.0,37994
2023-05-10 21:02:26,bu2306,bu2306,3719.0,0.0,0.0,0.0,15,3719.0,3720.0,1,3689.0,3696.0,3731.0,3696.0,2899.0,107395020.0,37994
2023-05-10 21:02:28,bu2306,bu2306,3719.0,0.0,0.0,0.0,15,3719.0,3720.0,1,3689.0,3696.0,3731.0,3696.0,2899.0,107395020.0,37994
2023-05-10 21:02:28,bu2306,bu2306,3719.0,0.0,0.0,0.0,15,3719.0,3721.0,10,3689.0,3696.0,3731.0,3696.0,2899.0,107395020.0,37994
2023-05-10 21:02:29,bu2306,bu2306,3719.0,0.0,0.0,0.0,15,3719.0,3720.0,1,3689.0,3696.0,3731.0,3696.0,2899.0,107395020.0,37994
2023-05-10 21:02:29,bu2306,bu2306,3720.0,1.0,37200.0,1.0,9,3720.0,3721.0,10,3689.0,3696.0,3731.0,3696.0,2900.0,107432220.0,37995
2023-05-10 21:02:30,bu2306,bu2306,3720.0,3.0,111600.0,1.0,6,3720.0,3721.0,4,3689.0,3696.0,3731.0,3696.0,2903.0,107543820.0,37996
2023-05-10 21:02:30,bu2306,bu2306,3720.0,0.0,0.0,0.0,6,3720.0,3721.0,5,3689.0,3696.0,3731.0,3696.0,2903.0,107543820.0,37996
2023-05-10 21:02:31,bu2306,bu2306,3720.0,0.0,0.0,0.0,6,3720.0,3721.0,5,3689.0,3696.0,3731.0,3696.0,2903.0,107543820.0,37996
2023-05-10 21:02:32,bu2306,bu2306,3721.0,8.0,297620.0,1.0,17,3719.0,3721.0,3,3689.0,3696.0,3731.0,3696.0,2911.0,107841440.0,37997
2023-05-10 21:02:32,bu2306,bu2306,3720.0,1.0,37200.0,1.0,17,3719.0,3721.0,3,3689.0,3696.0,3731.0,3696.0,2912.0,107878640.0,37998
2023-05-10 21:02:33,bu2306,bu2306,3720.0,0.0,0.0,0.0,17,3719.0,3721.0,3,3689.0,3696.0,3731.0,3696.0,2912.0,107878640.0,37998
2023-05-10 21:02:34,bu2306,bu2306,3721.0,1.0,37210.0,-1.0,17,3719.0,3721.0,2,3689.0,3696.0,3731.0,3696.0,2913.0,107915850.0,37997
2023-05-10 21:02:34,bu2306,bu2306,3721.0,0.0,0.0,0.0,23,3719.0,3720.0,1,3689.0,3696.0,3731.0,3696.0,2913.0,107915850.0,37997
2023-05-10 21:02:35,bu2306,bu2306,3720.0,1.0,37200.0,0.0,1,3720.0,3721.0,5,3689.0,3696.0,3731.0,3696.0,2914.0,107953050.0,37997
2023-05-10 21:02:35,bu2306,bu2306,3720.0,0.0,0.0,0.0,12,3720.0,3721.0,6,3689.0,3696.0,3731.0,3696.0,2914.0,107953050.0,37997
2023-05-10 21:02:36,bu2306,bu2306,3720.0,1.0,37200.0,0.0,11,3720.0,3721.0,3,3689.0,3696.0,3731.0,3696.0,2915.0,107990250.0,37997
2023-05-10 21:02:36,bu2306,bu2306,3720.0,0.0,0.0,0.0,14,3720.0,3721.0,3,3689.0,3696.0,3731.0,3696.0,2915.0,107990250.0,37997
2023-05-10 21:02:37,bu2306,bu2306,3720.0,1.0,37200.0,0.0,13,3720.0,3721.0,3,3689.0,3696.0,3731.0,3696.0,2916.0,108027450.0,37997
2023-05-10 21:02:37,bu2306,bu2306,3720.0,0.0,0.0,0.0,13,3720.0,3721.0,3,3689.0,3696.0,3731.0,3696.0,2916.0,108027450.0,37997
2023-05-10 21:02:39,bu2306,bu2306,3721.0,2.0,74420.0,1.0,13,3720.0,3721.0,1,3689.0,3696.0,3731.0,3696.0,2918.0,108101870.0,37998
2023-05-10 21:02:41,bu2306,bu2306,3721.0,1.0,37210.0,0.0,13,3720.0,3722.0,11,3689.0,3696.0,3731.0,3696.0,2919.0,108139080.0,37998
2023-05-10 21:02:41,bu2306,bu2306,3721.0,0.0,0.0,0.0,18,3720.0,3722.0,14,3689.0,3696.0,3731.0,3696.0,2919.0,108139080.0,37998
2023-05-10 21:02:42,bu2306,bu2306,3721.0,0.0,0.0,0.0,13,3720.0,3722.0,14,3689.0,3696.0,3731.0,3696.0,2919.0,108139080.0,37998
2023-05-10 21:02:43,bu2306,bu2306,3722.0,10.0,372200.0,4.0,13,3720.0,3722.0,4,3689.0,3696.0,3731.0,3696.0,2929.0,108511280.0,38002
2023-05-10 21:02:43,bu2306,bu2306,3722.0,0.0,0.0,0.0,13,3720.0,3722.0,2,3689.0,3696.0,3731.0,3696.0,2929.0,108511280.0,38002
2023-05-10 21:02:44,bu2306,bu2306,3722.0,0.0,0.0,0.0,13,3720.0,3722.0,5,3689.0,3696.0,3731.0,3696.0,2929.0,108511280.0,38002
2023-05-10 21:02:45,bu2306,bu2306,3722.0,5.0,186100.0,0.0,3,3722.0,3723.0,60,3689.0,3696.0,3731.0,3696.0,2934.0,108697380.0,38002
2023-05-10 21:02:45,bu2306,bu2306,3722.0,3.0,111660.0,-1.0,10,3721.0,3722.0,2,3689.0,3696.0,3731.0,3696.0,2937.0,108809040.0,38001
2023-05-10 21:02:46,bu2306,bu2306,3721.0,10.0,372100.0,9.0,10,3720.0,3722.0,2,3689.0,3696.0,3731.0,3696.0,2947.0,109181140.0,38010
2023-05-10 21:02:46,bu2306,bu2306,3721.0,0.0,0.0,0.0,10,3720.0,3722.0,2,3689.0,3696.0,3731.0,3696.0,2947.0,109181140.0,38010
2023-05-10 21:02:47,bu2306,bu2306,3721.0,0.0,0.0,0.0,10,3720.0,3721.0,2,3689.0,3696.0,3731.0,3696.0,2947.0,109181140.0,38010
2023-05-10 21:02:48,bu2306,bu2306,3720.0,10.0,372000.0,-7.0,8,3719.0,3721.0,2,3689.0,3696.0,3731.0,3696.0,2957.0,109553140.0,38003
2023-05-10 21:02:48,bu2306,bu2306,3721.0,1.0,37210.0,1.0,8,3719.0,3721.0,11,3689.0,3696.0,3731.0,3696.0,2958.0,109590350.0,38004
2023-05-10 21:02:49,bu2306,bu2306,3721.0,0.0,0.0,0.0,8,3719.0,3720.0,2,3689.0,3696.0,3731.0,3696.0,2958.0,109590350.0,38004
2023-05-10 21:02:50,bu2306,bu2306,3718.0,20.0,743680.0,-2.0,7,3717.0,3720.0,15,3689.0,3696.0,3731.0,3696.0,2978.0,110334030.0,38002
2023-05-10 21:02:50,bu2306,bu2306,3718.0,0.0,0.0,0.0,7,3717.0,3719.0,16,3689.0,3696.0,3731.0,3696.0,2978.0,110334030.0,38002
2023-05-10 21:02:51,bu2306,bu2306,3718.0,0.0,0.0,0.0,7,3717.0,3719.0,26,3689.0,3696.0,3731.0,3696.0,2978.0,110334030.0,38002
2023-05-10 21:02:51,bu2306,bu2306,3718.0,0.0,0.0,0.0,7,3717.0,3718.0,1,3689.0,3696.0,3731.0,3696.0,2978.0,110334030.0,38002
2023-05-10 21:02:52,bu2306,bu2306,3718.0,0.0,0.0,0.0,7,3717.0,3718.0,1,3689.0,3696.0,3731.0,3696.0,2978.0,110334030.0,38002
2023-05-10 21:02:53,bu2306,bu2306,3718.0,0.0,0.0,0.0,7,3717.0,3718.0,1,3689.0,3696.0,3731.0,3696.0,2978.0,110334030.0,38002
2023-05-10 21:02:53,bu2306,bu2306,3718.0,0.0,0.0,0.0,7,3717.0,3718.0,11,3689.0,3696.0,3731.0,3696.0,2978.0,110334030.0,38002
2023-05-10 21:02:54,bu2306,bu2306,3718.0,0.0,0.0,0.0,9,3716.0,3718.0,1,3689.0,3696.0,3731.0,3696.0,2978.0,110334030.0,38002
2023-05-10 21:02:54,bu2306,bu2306,3718.0,0.0,0.0,0.0,4,3717.0,3718.0,6,3689.0,3696.0,3731.0,3696.0,2978.0,110334030.0,38002
2023-05-10 21:02:55,bu2306,bu2306,3719.0,7.0,260270.0,0.0,9,3716.0,3719.0,15,3689.0,3696.0,3731.0,3696.0,2985.0,110594300.0,38002
2023-05-10 21:02:55,bu2306,bu2306,3719.0,0.0,0.0,0.0,6,3717.0,3719.0,15,3689.0,3696.0,3731.0,3696.0,2985.0,110594300.0,38002
2023-05-10 21:02:56,bu2306,bu2306,3719.0,0.0,0.0,0.0,4,3718.0,3719.0,15,3689.0,3696.0,3731.0,3696.0,2985.0,110594300.0,38002
2023-05-10 21:02:56,bu2306,bu2306,3718.0,4.0,148720.0,0.0,8,3717.0,3719.0,14,3689.0,3696.0,3731.0,3696.0,2989.0,110743020.0,38002
2023-05-10 21:02:58,bu2306,bu2306,3718.0,0.0,0.0,0.0,8,3717.0,3719.0,14,3689.0,3696.0,3731.0,3696.0,2989.0,110743020.0,38002
2023-05-10 21:02:58,bu2306,bu2306,3718.0,0.0,0.0,0.0,14,3717.0,3719.0,14,3689.0,3696.0,3731.0,3696.0,2989.0,110743020.0,38002
2023-05-10 21:02:59,bu2306,bu2306,3719.0,14.0,520660.0,-5.0,4,3718.0,3720.0,8,3689.0,3696.0,3731.0,3696.0,3003.0,111263680.0,37997
2023-05-10 21:02:59,bu2306,bu2306,3719.0,0.0,0.0,0.0,10,3718.0,3720.0,8,3689.0,3696.0,3731.0,3696.0,3003.0,111263680.0,37997
2023-05-10 21:03:00,bu2306,bu2306,3718.0,8.0,297580.0,-1.0,15,3718.0,3721.0,11,3689.0,3696.0,3731.0,3696.0,3011.0,111561260.0,37996
2023-05-10 21:03:00,bu2306,bu2306,3721.0,1.0,37210.0,0.0,8,3719.0,3721.0,10,3689.0,3696.0,3731.0,3696.0,3012.0,111598470.0,37996
2023-05-10 21:03:01,bu2306,bu2306,3721.0,0.0,0.0,0.0,14,3719.0,3721.0,10,3689.0,3696.0,3731.0,3696.0,3012.0,111598470.0,37996
2023-05-10 21:03:01,bu2306,bu2306,3721.0,0.0,0.0,0.0,19,3719.0,3721.0,10,3689.0,3696.0,3731.0,3696.0,3012.0,111598470.0,37996
2023-05-10 21:03:02,bu2306,bu2306,3720.0,2.0,74400.0,0.0,5,3719.0,3721.0,6,3689.0,3696.0,3731.0,3696.0,3014.0,111672870.0,37996
2023-05-10 21:03:02,bu2306,bu2306,3719.0,5.0,185950.0,-5.0,7,3718.0,3719.0,25,3689.0,3696.0,3731.0,3696.0,3019.0,111858820.0,37991
2023-05-10 21:03:03,bu2306,bu2306,3719.0,25.0,929750.0,-18.0,1,3719.0,3720.0,6,3689.0,3696.0,3731.0,3696.0,3044.0,112788570.0,37973
2023-05-10 21:03:03,bu2306,bu2306,3719.0,0.0,0.0,0.0,5,3719.0,3720.0,6,3689.0,3696.0,3731.0,3696.0,3044.0,112788570.0,37973
2023-05-10 21:03:04,bu2306,bu2306,3719.0,0.0,0.0,0.0,5,3719.0,3721.0,6,3689.0,3696.0,3731.0,3696.0,3044.0,112788570.0,37973
2023-05-10 21:03:04,bu2306,bu2306,3719.0,0.0,0.0,0.0,5,3719.0,3720.0,5,3689.0,3696.0,3731.0,3696.0,3044.0,112788570.0,37973
2023-05-10 21:03:05,bu2306,bu2306,3719.0,0.0,0.0,0.0,6,3718.0,3720.0,5,3689.0,3696.0,3731.0,3696.0,3044.0,112788570.0,37973
2023-05-10 21:03:05,bu2306,bu2306,3720.0,1.0,37200.0,1.0,6,3718.0,3720.0,4,3689.0,3696.0,3731.0,3696.0,3045.0,112825770.0,37974
2023-05-10 21:03:06,bu2306,bu2306,3720.0,0.0,0.0,0.0,6,3718.0,3720.0,4,3689.0,3696.0,3731.0,3696.0,3045.0,112825770.0,37974
2023-05-10 21:03:10,bu2306,bu2306,3720.0,1.0,37200.0,1.0,6,3718.0,3720.0,13,3689.0,3696.0,3731.0,3696.0,3046.0,112862970.0,37975
2023-05-10 21:03:11,bu2306,bu2306,3720.0,0.0,0.0,0.0,6,3718.0,3719.0,3,3689.0,3696.0,3731.0,3696.0,3046.0,112862970.0,37975
2023-05-10 21:03:11,bu2306,bu2306,3720.0,0.0,0.0,0.0,6,3718.0,3719.0,3,3689.0,3696.0,3731.0,3696.0,3046.0,112862970.0,37975
2023-05-10 21:03:12,bu2306,bu2306,3720.0,0.0,0.0,0.0,6,3718.0,3719.0,3,3689.0,3696.0,3731.0,3696.0,3046.0,112862970.0,37975
2023-05-10 21:03:13,bu2306,bu2306,3720.0,0.0,0.0,0.0,6,3718.0,3719.0,3,3689.0,3696.0,3731.0,3696.0,3046.0,112862970.0,37975
2023-05-10 21:03:13,bu2306,bu2306,3718.0,1.0,37180.0,0.0,5,3718.0,3719.0,3,3689.0,3696.0,3731.0,3696.0,3047.0,112900150.0,37975
2023-05-10 21:03:14,bu2306,bu2306,3718.0,5.0,185900.0,-5.0,9,3717.0,3719.0,10,3689.0,3696.0,3731.0,3696.0,3052.0,113086050.0,37970
2023-05-10 21:03:14,bu2306,bu2306,3718.0,0.0,0.0,0.0,9,3717.0,3718.0,3,3689.0,3696.0,3731.0,3696.0,3052.0,113086050.0,37970
2023-05-10 21:03:15,bu2306,bu2306,3717.0,4.0,148690.0,-1.0,2,3718.0,3719.0,10,3689.0,3696.0,3731.0,3696.0,3056.0,113234740.0,37969
2023-05-10 21:03:15,bu2306,bu2306,3718.0,3.0,111540.0,1.0,6,3717.0,3719.0,20,3689.0,3696.0,3731.0,3696.0,3059.0,113346280.0,37970
2023-05-10 21:03:17,bu2306,bu2306,3718.0,0.0,0.0,0.0,2,3718.0,3719.0,10,3689.0,3696.0,3731.0,3696.0,3059.0,113346280.0,37970
2023-05-10 21:03:18,bu2306,bu2306,3718.0,0.0,0.0,0.0,2,3718.0,3719.0,6,3689.0,3696.0,3731.0,3696.0,3059.0,113346280.0,37970
2023-05-10 21:03:19,bu2306,bu2306,3718.0,0.0,0.0,0.0,2,3718.0,3719.0,6,3689.0,3696.0,3731.0,3696.0,3059.0,113346280.0,37970
2023-05-10 21:03:20,bu2306,bu2306,3719.0,1.0,37190.0,0.0,2,3718.0,3719.0,5,3689.0,3696.0,3731.0,3696.0,3060.0,113383470.0,37970
2023-05-10 21:03:21,bu2306,bu2306,3719.0,5.0,185950.0,0.0,2,3718.0,3720.0,10,3689.0,3696.0,3731.0,3696.0,3065.0,113569420.0,37970
2023-05-10 21:03:22,bu2306,bu2306,3719.0,0.0,0.0,0.0,1,3719.0,3720.0,10,3689.0,3696.0,3731.0,3696.0,3065.0,113569420.0,37970
2023-05-10 21:03:22,bu2306,bu2306,3719.0,0.0,0.0,0.0,1,3719.0,3720.0,10,3689.0,3696.0,3731.0,3696.0,3065.0,113569420.0,37970
2023-05-10 21:03:23,bu2306,bu2306,3719.0,0.0,0.0,0.0,11,3719.0,3720.0,10,3689.0,3696.0,3731.0,3696.0,3065.0,113569420.0,37970
2023-05-10 21:03:25,bu2306,bu2306,3719.0,0.0,0.0,0.0,11,3719.0,3720.0,10,3689.0,3696.0,3731.0,3696.0,3065.0,113569420.0,37970
2023-05-10 21:03:26,bu2306,bu2306,3719.0,0.0,0.0,0.0,17,3719.0,3720.0,10,3689.0,3696.0,3731.0,3696.0,3065.0,113569420.0,37970
2023-05-10 21:03:27,bu2306,bu2306,3720.0,10.0,372000.0,9.0,17,3719.0,3721.0,8,3689.0,3696.0,3731.0,3696.0,3075.0,113941420.0,37979
2023-05-10 21:03:27,bu2306,bu2306,3720.0,0.0,0.0,0.0,2,3720.0,3721.0,8,3689.0,3696.0,3731.0,3696.0,3075.0,113941420.0,37979
2023-05-10 21:03:28,bu2306,bu2306,3720.0,0.0,0.0,0.0,11,3720.0,3721.0,8,3689.0,3696.0,3731.0,3696.0,3075.0,113941420.0,37979
2023-05-10 21:03:28,bu2306,bu2306,3721.0,3.0,111630.0,0.0,10,3720.0,3721.0,2,3689.0,3696.0,3731.0,3696.0,3078.0,114053050.0,37979
2023-05-10 21:03:31,bu2306,bu2306,3720.0,1.0,37200.0,0.0,9,3720.0,3721.0,2,3689.0,3696.0,3731.0,3696.0,3079.0,114090250.0,37979
2023-05-10 21:03:32,bu2306,bu2306,3721.0,1.0,37210.0,-1.0,9,3720.0,3721.0,1,3689.0,3696.0,3731.0,3696.0,3080.0,114127460.0,37978
2023-05-10 21:03:35,bu2306,bu2306,3721.0,1.0,37210.0,0.0,9,3720.0,3722.0,7,3689.0,3696.0,3731.0,3696.0,3081.0,114164670.0,37978
2023-05-10 21:03:36,bu2306,bu2306,3721.0,0.0,0.0,0.0,9,3720.0,3722.0,12,3689.0,3696.0,3731.0,3696.0,3081.0,114164670.0,37978
2023-05-10 21:03:36,bu2306,bu2306,3721.0,0.0,0.0,0.0,15,3720.0,3722.0,12,3689.0,3696.0,3731.0,3696.0,3081.0,114164670.0,37978
2023-05-10 21:03:37,bu2306,bu2306,3721.0,0.0,0.0,0.0,10,3720.0,3721.0,1,3689.0,3696.0,3731.0,3696.0,3081.0,114164670.0,37978
2023-05-10 21:03:38,bu2306,bu2306,3720.0,10.0,372000.0,-10.0,10,3719.0,3720.0,50,3689.0,3696.0,3731.0,3696.0,3091.0,114536670.0,37968
2023-05-10 21:03:39,bu2306,bu2306,3719.0,14.0,520660.0,0.0,1,3719.0,3720.0,50,3689.0,3696.0,3731.0,3696.0,3105.0,115057330.0,37968
2023-05-10 21:03:39,bu2306,bu2306,3719.0,0.0,0.0,0.0,5,3719.0,3720.0,50,3689.0,3696.0,3731.0,3696.0,3105.0,115057330.0,37968
2023-05-10 21:03:40,bu2306,bu2306,3719.0,0.0,0.0,0.0,6,3719.0,3720.0,50,3689.0,3696.0,3731.0,3696.0,3105.0,115057330.0,37968
2023-05-10 21:03:42,bu2306,bu2306,3719.0,0.0,0.0,0.0,1,3719.0,3720.0,50,3689.0,3696.0,3731.0,3696.0,3105.0,115057330.0,37968
2023-05-10 21:03:43,bu2306,bu2306,3719.0,0.0,0.0,0.0,1,3719.0,3720.0,50,3689.0,3696.0,3731.0,3696.0,3105.0,115057330.0,37968
2023-05-10 21:03:46,bu2306,bu2306,3719.0,1.0,37190.0,0.0,12,3718.0,3719.0,2,3689.0,3696.0,3731.0,3696.0,3106.0,115094520.0,37968
2023-05-10 21:03:46,bu2306,bu2306,3719.0,2.0,74380.0,-1.0,13,3718.0,3720.0,50,3689.0,3696.0,3731.0,3696.0,3108.0,115168900.0,37967
2023-05-10 21:03:49,bu2306,bu2306,3719.0,0.0,0.0,0.0,13,3718.0,3719.0,5,3689.0,3696.0,3731.0,3696.0,3108.0,115168900.0,37967
2023-05-10 21:03:49,bu2306,bu2306,3720.0,6.0,223150.0,-5.0,13,3718.0,3720.0,49,3689.0,3696.0,3731.0,3696.0,3114.0,115392050.0,37962
2023-05-10 21:03:51,bu2306,bu2306,3720.0,0.0,0.0,0.0,4,3719.0,3720.0,49,3689.0,3696.0,3731.0,3696.0,3114.0,115392050.0,37962
2023-05-10 21:03:51,bu2306,bu2306,3720.0,8.0,297600.0,-8.0,8,3719.0,3720.0,41,3689.0,3696.0,3731.0,3696.0,3122.0,115689650.0,37954
2023-05-10 21:03:52,bu2306,bu2306,3720.0,2.0,74400.0,-2.0,8,3719.0,3720.0,39,3689.0,3696.0,3731.0,3696.0,3124.0,115764050.0,37952
2023-05-10 21:03:52,bu2306,bu2306,3719.0,21.0,781120.0,-5.0,13,3718.0,3720.0,26,3689.0,3696.0,3731.0,3696.0,3145.0,116545170.0,37947
2023-05-10 21:03:53,bu2306,bu2306,3719.0,0.0,0.0,0.0,14,3718.0,3720.0,27,3689.0,3696.0,3731.0,3696.0,3145.0,116545170.0,37947
2023-05-10 21:03:57,bu2306,bu2306,3720.0,6.0,223200.0,-4.0,14,3718.0,3720.0,22,3689.0,3696.0,3731.0,3696.0,3151.0,116768370.0,37943
2023-05-10 21:03:57,bu2306,bu2306,3720.0,1.0,37200.0,0.0,5,3719.0,3720.0,21,3689.0,3696.0,3731.0,3696.0,3152.0,116805570.0,37943
2023-05-10 21:03:58,bu2306,bu2306,3720.0,0.0,0.0,0.0,9,3719.0,3720.0,21,3689.0,3696.0,3731.0,3696.0,3152.0,116805570.0,37943
2023-05-10 21:03:58,bu2306,bu2306,3720.0,0.0,0.0,0.0,1,3719.0,3720.0,21,3689.0,3696.0,3731.0,3696.0,3152.0,116805570.0,37943
2023-05-10 21:04:00,bu2306,bu2306,3719.0,1.0,37190.0,0.0,14,3718.0,3719.0,9,3689.0,3696.0,3731.0,3696.0,3153.0,116842760.0,37943
2023-05-10 21:04:00,bu2306,bu2306,3719.0,1.0,37190.0,1.0,14,3718.0,3719.0,8,3689.0,3696.0,3731.0,3696.0,3154.0,116879950.0,37944
2023-05-10 21:04:01,bu2306,bu2306,3719.0,0.0,0.0,0.0,13,3718.0,3719.0,8,3689.0,3696.0,3731.0,3696.0,3154.0,116879950.0,37944
2023-05-10 21:04:01,bu2306,bu2306,3719.0,8.0,297520.0,0.0,13,3718.0,3720.0,21,3689.0,3696.0,3731.0,3696.0,3162.0,117177470.0,37944
2023-05-10 21:04:02,bu2306,bu2306,3719.0,0.0,0.0,0.0,19,3718.0,3720.0,21,3689.0,3696.0,3731.0,3696.0,3162.0,117177470.0,37944
2023-05-10 21:04:03,bu2306,bu2306,3719.0,0.0,0.0,0.0,14,3718.0,3720.0,21,3689.0,3696.0,3731.0,3696.0,3162.0,117177470.0,37944
2023-05-10 21:04:04,bu2306,bu2306,3719.0,0.0,0.0,0.0,14,3718.0,3719.0,2,3689.0,3696.0,3731.0,3696.0,3162.0,117177470.0,37944
2023-05-10 21:04:05,bu2306,bu2306,3718.0,8.0,297440.0,0.0,5,3718.0,3719.0,2,3689.0,3696.0,3731.0,3696.0,3170.0,117474910.0,37944
2023-05-10 21:04:05,bu2306,bu2306,3718.0,0.0,0.0,0.0,5,3718.0,3719.0,7,3689.0,3696.0,3731.0,3696.0,3170.0,117474910.0,37944
2023-05-10 21:04:06,bu2306,bu2306,3718.0,0.0,0.0,0.0,4,3718.0,3719.0,7,3689.0,3696.0,3731.0,3696.0,3170.0,117474910.0,37944
2023-05-10 21:04:07,bu2306,bu2306,3718.0,4.0,148720.0,-2.0,5,3718.0,3719.0,7,3689.0,3696.0,3731.0,3696.0,3174.0,117623630.0,37942
2023-05-10 21:04:07,bu2306,bu2306,3718.0,5.0,185900.0,-5.0,3,3718.0,3719.0,7,3689.0,3696.0,3731.0,3696.0,3179.0,117809530.0,37937
2023-05-10 21:04:08,bu2306,bu2306,3718.0,3.0,111540.0,-1.0,6,3717.0,3719.0,7,3689.0,3696.0,3731.0,3696.0,3182.0,117921070.0,37936
2023-05-10 21:04:08,bu2306,bu2306,3718.0,0.0,0.0,0.0,1,3718.0,3719.0,7,3689.0,3696.0,3731.0,3696.0,3182.0,117921070.0,37936
2023-05-10 21:04:09,bu2306,bu2306,3718.0,0.0,0.0,0.0,2,3718.0,3719.0,2,3689.0,3696.0,3731.0,3696.0,3182.0,117921070.0,37936
2023-05-10 21:04:09,bu2306,bu2306,3719.0,1.0,37190.0,0.0,2,3718.0,3719.0,1,3689.0,3696.0,3731.0,3696.0,3183.0,117958260.0,37936
2023-05-10 21:04:10,bu2306,bu2306,3719.0,0.0,0.0,0.0,1,3718.0,3719.0,1,3689.0,3696.0,3731.0,3696.0,3183.0,117958260.0,37936
2023-05-10 21:04:11,bu2306,bu2306,3719.0,0.0,0.0,0.0,2,3718.0,3719.0,1,3689.0,3696.0,3731.0,3696.0,3183.0,117958260.0,37936
2023-05-10 21:04:12,bu2306,bu2306,3718.0,2.0,74360.0,-2.0,10,3717.0,3719.0,5,3689.0,3696.0,3731.0,3696.0,3185.0,118032620.0,37934
2023-05-10 21:04:13,bu2306,bu2306,3718.0,0.0,0.0,0.0,11,3717.0,3719.0,5,3689.0,3696.0,3731.0,3696.0,3185.0,118032620.0,37934
2023-05-10 21:04:15,bu2306,bu2306,3718.0,0.0,0.0,0.0,10,3717.0,3719.0,7,3689.0,3696.0,3731.0,3696.0,3185.0,118032620.0,37934
2023-05-10 21:04:16,bu2306,bu2306,3718.0,0.0,0.0,0.0,1,3718.0,3719.0,7,3689.0,3696.0,3731.0,3696.0,3185.0,118032620.0,37934
2023-05-10 21:04:16,bu2306,bu2306,3717.0,11.0,408880.0,-2.0,1,3717.0,3719.0,3,3689.0,3696.0,3731.0,3696.0,3196.0,118441500.0,37932
2023-05-10 21:04:17,bu2306,bu2306,3717.0,0.0,0.0,0.0,6,3717.0,3719.0,12,3689.0,3696.0,3731.0,3696.0,3196.0,118441500.0,37932
2023-05-10 21:04:19,bu2306,bu2306,3717.0,0.0,0.0,0.0,6,3717.0,3719.0,12,3689.0,3696.0,3731.0,3696.0,3196.0,118441500.0,37932
2023-05-10 21:04:20,bu2306,bu2306,3717.0,0.0,0.0,0.0,7,3717.0,3719.0,12,3689.0,3696.0,3731.0,3696.0,3196.0,118441500.0,37932
2023-05-10 21:04:22,bu2306,bu2306,3717.0,0.0,0.0,0.0,2,3718.0,3719.0,12,3689.0,3696.0,3731.0,3696.0,3196.0,118441500.0,37932
2023-05-10 21:04:22,bu2306,bu2306,3717.0,0.0,0.0,0.0,2,3718.0,3719.0,7,3689.0,3696.0,3731.0,3696.0,3196.0,118441500.0,37932
2023-05-10 21:04:24,bu2306,bu2306,3719.0,1.0,37190.0,1.0,2,3718.0,3719.0,6,3689.0,3696.0,3731.0,3696.0,3197.0,118478690.0,37933
2023-05-10 21:04:29,bu2306,bu2306,3719.0,1.0,37190.0,0.0,2,3718.0,3719.0,5,3689.0,3696.0,3731.0,3696.0,3198.0,118515880.0,37933
2023-05-10 21:04:30,bu2306,bu2306,3719.0,0.0,0.0,0.0,3,3718.0,3719.0,5,3689.0,3696.0,3731.0,3696.0,3198.0,118515880.0,37933
2023-05-10 21:04:32,bu2306,bu2306,3719.0,0.0,0.0,0.0,3,3718.0,3719.0,1,3689.0,3696.0,3731.0,3696.0,3198.0,118515880.0,37933
2023-05-10 21:04:33,bu2306,bu2306,3719.0,1.0,37190.0,0.0,3,3718.0,3720.0,21,3689.0,3696.0,3731.0,3696.0,3199.0,118553070.0,37933
2023-05-10 21:04:33,bu2306,bu2306,3719.0,0.0,0.0,0.0,3,3718.0,3720.0,20,3689.0,3696.0,3731.0,3696.0,3199.0,118553070.0,37933
2023-05-10 21:04:35,bu2306,bu2306,3719.0,0.0,0.0,0.0,4,3718.0,3720.0,20,3689.0,3696.0,3731.0,3696.0,3199.0,118553070.0,37933
2023-05-10 21:04:36,bu2306,bu2306,3719.0,0.0,0.0,0.0,4,3719.0,3720.0,20,3689.0,3696.0,3731.0,3696.0,3199.0,118553070.0,37933
2023-05-10 21:04:36,bu2306,bu2306,3719.0,0.0,0.0,0.0,5,3719.0,3720.0,20,3689.0,3696.0,3731.0,3696.0,3199.0,118553070.0,37933
2023-05-10 21:04:37,bu2306,bu2306,3719.0,0.0,0.0,0.0,6,3719.0,3720.0,20,3689.0,3696.0,3731.0,3696.0,3199.0,118553070.0,37933
2023-05-10 21:04:37,bu2306,bu2306,3719.0,2.0,74380.0,0.0,4,3719.0,3720.0,20,3689.0,3696.0,3731.0,3696.0,3201.0,118627450.0,37933
2023-05-10 21:04:38,bu2306,bu2306,3719.0,0.0,0.0,0.0,2,3719.0,3720.0,20,3689.0,3696.0,3731.0,3696.0,3201.0,118627450.0,37933
2023-05-10 21:04:39,bu2306,bu2306,3720.0,2.0,74400.0,-2.0,2,3719.0,3720.0,18,3689.0,3696.0,3731.0,3696.0,3203.0,118701850.0,37931
2023-05-10 21:04:39,bu2306,bu2306,3720.0,8.0,297600.0,0.0,7,3719.0,3720.0,10,3689.0,3696.0,3731.0,3696.0,3211.0,118999450.0,37931
2023-05-10 21:04:40,bu2306,bu2306,3720.0,4.0,148800.0,-4.0,7,3719.0,3720.0,6,3689.0,3696.0,3731.0,3696.0,3215.0,119148250.0,37927
2023-05-10 21:04:42,bu2306,bu2306,3720.0,0.0,0.0,0.0,2,3719.0,3720.0,6,3689.0,3696.0,3731.0,3696.0,3215.0,119148250.0,37927
2023-05-10 21:04:43,bu2306,bu2306,3720.0,0.0,0.0,0.0,2,3719.0,3720.0,11,3689.0,3696.0,3731.0,3696.0,3215.0,119148250.0,37927
2023-05-10 21:04:43,bu2306,bu2306,3720.0,2.0,74400.0,0.0,3,3719.0,3720.0,9,3689.0,3696.0,3731.0,3696.0,3217.0,119222650.0,37927
2023-05-10 21:04:44,bu2306,bu2306,3720.0,0.0,0.0,0.0,8,3719.0,3720.0,4,3689.0,3696.0,3731.0,3696.0,3217.0,119222650.0,37927
2023-05-10 21:04:46,bu2306,bu2306,3719.0,3.0,111570.0,-3.0,4,3718.0,3719.0,7,3689.0,3696.0,3731.0,3696.0,3220.0,119334220.0,37924
2023-05-10 21:04:46,bu2306,bu2306,3719.0,1.0,37190.0,-1.0,7,3718.0,3719.0,6,3689.0,3696.0,3731.0,3696.0,3221.0,119371410.0,37923
2023-05-10 21:04:47,bu2306,bu2306,3719.0,6.0,223140.0,-6.0,1,3719.0,3720.0,7,3689.0,3696.0,3731.0,3696.0,3227.0,119594550.0,37917
2023-05-10 21:04:47,bu2306,bu2306,3719.0,0.0,0.0,0.0,6,3719.0,3720.0,12,3689.0,3696.0,3731.0,3696.0,3227.0,119594550.0,37917
2023-05-10 21:04:48,bu2306,bu2306,3719.0,0.0,0.0,0.0,6,3719.0,3720.0,7,3689.0,3696.0,3731.0,3696.0,3227.0,119594550.0,37917
2023-05-10 21:04:48,bu2306,bu2306,3720.0,1.0,37200.0,-1.0,6,3719.0,3720.0,3,3689.0,3696.0,3731.0,3696.0,3228.0,119631750.0,37916
2023-05-10 21:04:49,bu2306,bu2306,3720.0,1.0,37200.0,-1.0,6,3719.0,3720.0,2,3689.0,3696.0,3731.0,3696.0,3229.0,119668950.0,37915
2023-05-10 21:04:49,bu2306,bu2306,3720.0,1.0,37200.0,-1.0,6,3719.0,3720.0,1,3689.0,3696.0,3731.0,3696.0,3230.0,119706150.0,37914
2023-05-10 21:04:50,bu2306,bu2306,3720.0,0.0,0.0,0.0,1,3719.0,3720.0,1,3689.0,3696.0,3731.0,3696.0,3230.0,119706150.0,37914
2023-05-10 21:04:50,bu2306,bu2306,3720.0,0.0,0.0,0.0,7,3719.0,3720.0,1,3689.0,3696.0,3731.0,3696.0,3230.0,119706150.0,37914
2023-05-10 21:04:52,bu2306,bu2306,3720.0,0.0,0.0,0.0,8,3719.0,3720.0,1,3689.0,3696.0,3731.0,3696.0,3230.0,119706150.0,37914
2023-05-10 21:04:53,bu2306,bu2306,3720.0,0.0,0.0,0.0,3,3719.0,3720.0,1,3689.0,3696.0,3731.0,3696.0,3230.0,119706150.0,37914
2023-05-10 21:04:53,bu2306,bu2306,3720.0,1.0,37200.0,1.0,4,3720.0,3721.0,50,3689.0,3696.0,3731.0,3696.0,3231.0,119743350.0,37915
2023-05-10 21:04:54,bu2306,bu2306,3720.0,0.0,0.0,0.0,5,3720.0,3721.0,50,3689.0,3696.0,3731.0,3696.0,3231.0,119743350.0,37915
2023-05-10 21:04:54,bu2306,bu2306,3720.0,0.0,0.0,0.0,6,3720.0,3721.0,50,3689.0,3696.0,3731.0,3696.0,3231.0,119743350.0,37915
2023-05-10 21:04:55,bu2306,bu2306,3720.0,0.0,0.0,0.0,1,3720.0,3721.0,50,3689.0,3696.0,3731.0,3696.0,3231.0,119743350.0,37915
2023-05-10 21:04:56,bu2306,bu2306,3720.0,1.0,37200.0,-1.0,7,3719.0,3721.0,50,3689.0,3696.0,3731.0,3696.0,3232.0,119780550.0,37914
2023-05-10 21:04:56,bu2306,bu2306,3720.0,0.0,0.0,0.0,12,3719.0,3721.0,50,3689.0,3696.0,3731.0,3696.0,3232.0,119780550.0,37914
2023-05-10 21:04:58,bu2306,bu2306,3720.0,0.0,0.0,0.0,12,3719.0,3720.0,1,3689.0,3696.0,3731.0,3696.0,3232.0,119780550.0,37914
2023-05-10 21:05:00,bu2306,bu2306,3721.0,9.0,334880.0,1.0,12,3719.0,3721.0,42,3689.0,3696.0,3731.0,3696.0,3241.0,120115430.0,37915
2023-05-10 21:05:00,bu2306,bu2306,3721.0,1.0,37210.0,1.0,7,3719.0,3720.0,4,3689.0,3696.0,3731.0,3696.0,3242.0,120152640.0,37916
2023-05-10 21:05:01,bu2306,bu2306,3721.0,0.0,0.0,0.0,1,3719.0,3720.0,74,3689.0,3696.0,3731.0,3696.0,3242.0,120152640.0,37916
2023-05-10 21:05:02,bu2306,bu2306,3721.0,0.0,0.0,0.0,1,3719.0,3720.0,70,3689.0,3696.0,3731.0,3696.0,3242.0,120152640.0,37916
2023-05-10 21:05:03,bu2306,bu2306,3720.0,5.0,186000.0,-4.0,6,3719.0,3720.0,64,3689.0,3696.0,3731.0,3696.0,3247.0,120338640.0,37912
2023-05-10 21:05:03,bu2306,bu2306,3720.0,62.0,2306400.0,2.0,1,3719.0,3721.0,42,3689.0,3696.0,3731.0,3696.0,3309.0,122645040.0,37914
2023-05-10 21:05:04,bu2306,bu2306,3721.0,6.0,223260.0,0.0,1,3720.0,3721.0,36,3689.0,3696.0,3731.0,3696.0,3315.0,122868300.0,37914
2023-05-10 21:05:04,bu2306,bu2306,3721.0,19.0,706990.0,-5.0,12,3720.0,3721.0,17,3689.0,3696.0,3731.0,3696.0,3334.0,123575290.0,37909
2023-05-10 21:05:05,bu2306,bu2306,3722.0,19.0,707010.0,0.0,13,3720.0,3722.0,60,3689.0,3696.0,3731.0,3696.0,3353.0,124282300.0,37909
2023-05-10 21:05:05,bu2306,bu2306,3722.0,3.0,111660.0,3.0,7,3721.0,3722.0,57,3689.0,3696.0,3731.0,3696.0,3356.0,124393960.0,37912
2023-05-10 21:05:06,bu2306,bu2306,3721.0,19.0,707110.0,-7.0,12,3720.0,3721.0,3,3689.0,3696.0,3731.0,3696.0,3375.0,125101070.0,37905
2023-05-10 21:05:06,bu2306,bu2306,3721.0,1.0,37210.0,0.0,15,3720.0,3721.0,2,3689.0,3696.0,3731.0,3696.0,3376.0,125138280.0,37905
2023-05-10 21:05:07,bu2306,bu2306,3721.0,1.0,37210.0,0.0,15,3720.0,3721.0,1,3689.0,3696.0,3731.0,3696.0,3377.0,125175490.0,37905
2023-05-10 21:05:07,bu2306,bu2306,3721.0,1.0,37210.0,0.0,5,3721.0,3722.0,40,3689.0,3696.0,3731.0,3696.0,3378.0,125212700.0,37905
2023-05-10 21:05:08,bu2306,bu2306,3721.0,0.0,0.0,0.0,5,3721.0,3722.0,40,3689.0,3696.0,3731.0,3696.0,3378.0,125212700.0,37905
2023-05-10 21:05:08,bu2306,bu2306,3722.0,6.0,223320.0,-5.0,7,3721.0,3722.0,34,3689.0,3696.0,3731.0,3696.0,3384.0,125436020.0,37900
2023-05-10 21:05:09,bu2306,bu2306,3722.0,19.0,707180.0,-11.0,9,3721.0,3722.0,15,3689.0,3696.0,3731.0,3696.0,3403.0,126143200.0,37889
2023-05-10 21:05:09,bu2306,bu2306,3723.0,17.0,632760.0,-9.0,9,3721.0,3723.0,104,3689.0,3696.0,3731.0,3696.0,3420.0,126775960.0,37880
2023-05-10 21:05:10,bu2306,bu2306,3723.0,7.0,260610.0,-3.0,5,3721.0,3723.0,97,3689.0,3696.0,3731.0,3696.0,3427.0,127036570.0,37877
2023-05-10 21:05:10,bu2306,bu2306,3723.0,5.0,186150.0,-5.0,5,3721.0,3723.0,92,3689.0,3696.0,3731.0,3696.0,3432.0,127222720.0,37872
2023-05-10 21:05:11,bu2306,bu2306,3723.0,3.0,111690.0,-3.0,5,3721.0,3723.0,89,3689.0,3696.0,3731.0,3696.0,3435.0,127334410.0,37869
2023-05-10 21:05:11,bu2306,bu2306,3723.0,3.0,111690.0,-3.0,6,3721.0,3723.0,86,3689.0,3696.0,3731.0,3696.0,3438.0,127446100.0,37866
2023-05-10 21:05:12,bu2306,bu2306,3723.0,1.0,37230.0,-1.0,12,3721.0,3723.0,85,3689.0,3696.0,3731.0,3696.0,3439.0,127483330.0,37865
2023-05-10 21:05:12,bu2306,bu2306,3723.0,1.0,37230.0,-1.0,12,3721.0,3723.0,84,3689.0,3696.0,3731.0,3696.0,3440.0,127520560.0,37864
2023-05-10 21:05:13,bu2306,bu2306,3723.0,1.0,37230.0,-1.0,13,3721.0,3723.0,83,3689.0,3696.0,3731.0,3696.0,3441.0,127557790.0,37863
2023-05-10 21:05:13,bu2306,bu2306,3723.0,1.0,37230.0,-1.0,5,3721.0,3723.0,82,3689.0,3696.0,3731.0,3696.0,3442.0,127595020.0,37862
2023-05-10 21:05:14,bu2306,bu2306,3723.0,3.0,111690.0,-2.0,5,3721.0,3723.0,79,3689.0,3696.0,3731.0,3696.0,3445.0,127706710.0,37860
2023-05-10 21:05:14,bu2306,bu2306,3723.0,1.0,37230.0,-1.0,11,3721.0,3723.0,78,3689.0,3696.0,3731.0,3696.0,3446.0,127743940.0,37859
2023-05-10 21:05:15,bu2306,bu2306,3723.0,1.0,37230.0,-1.0,4,3721.0,3722.0,4,3689.0,3696.0,3731.0,3696.0,3447.0,127781170.0,37858
2023-05-10 21:05:15,bu2306,bu2306,3722.0,1.0,37220.0,-1.0,4,3721.0,3722.0,3,3689.0,3696.0,3731.0,3696.0,3448.0,127818390.0,37857
2023-05-10 21:05:16,bu2306,bu2306,3722.0,1.0,37220.0,-1.0,4,3721.0,3722.0,2,3689.0,3696.0,3731.0,3696.0,3449.0,127855610.0,37856
2023-05-10 21:05:16,bu2306,bu2306,3722.0,2.0,74440.0,0.0,4,3721.0,3723.0,78,3689.0,3696.0,3731.0,3696.0,3451.0,127930050.0,37856
2023-05-10 21:05:17,bu2306,bu2306,3723.0,1.0,37230.0,-1.0,4,3721.0,3723.0,77,3689.0,3696.0,3731.0,3696.0,3452.0,127967280.0,37855
2023-05-10 21:05:17,bu2306,bu2306,3723.0,1.0,37230.0,0.0,4,3721.0,3723.0,77,3689.0,3696.0,3731.0,3696.0,3453.0,128004510.0,37855
2023-05-10 21:05:18,bu2306,bu2306,3723.0,1.0,37230.0,-1.0,4,3721.0,3723.0,76,3689.0,3696.0,3731.0,3696.0,3454.0,128041740.0,37854
2023-05-10 21:05:18,bu2306,bu2306,3723.0,1.0,37230.0,-1.0,10,3722.0,3723.0,75,3689.0,3696.0,3731.0,3696.0,3455.0,128078970.0,37853
2023-05-10 21:05:19,bu2306,bu2306,3723.0,1.0,37230.0,-1.0,12,3722.0,3723.0,74,3689.0,3696.0,3731.0,3696.0,3456.0,128116200.0,37852
2023-05-10 21:05:19,bu2306,bu2306,3722.0,2.0,74450.0,-1.0,8,3722.0,3723.0,73,3689.0,3696.0,3731.0,3696.0,3458.0,128190650.0,37851
2023-05-10 21:05:20,bu2306,bu2306,3723.0,1.0,37230.0,-1.0,7,3722.0,3723.0,72,3689.0,3696.0,3731.0,3696.0,3459.0,128227880.0,37850
2023-05-10 21:05:20,bu2306,bu2306,3722.0,5.0,186110.0,1.0,9,3721.0,3722.0,6,3689.0,3696.0,3731.0,3696.0,3464.0,128413990.0,37851
2023-05-10 21:05:21,bu2306,bu2306,3723.0,9.0,335010.0,-3.0,5,3722.0,3723.0,68,3689.0,3696.0,3731.0,3696.0,3473.0,128749000.0,37848
2023-05-10 21:05:21,bu2306,bu2306,3722.0,5.0,186100.0,-5.0,8,3721.0,3723.0,69,3689.0,3696.0,3731.0,3696.0,3478.0,128935100.0,37843
2023-05-10 21:05:22,bu2306,bu2306,3722.0,0.0,0.0,0.0,7,3721.0,3722.0,2,3689.0,3696.0,3731.0,3696.0,3478.0,128935100.0,37843
2023-05-10 21:05:22,bu2306,bu2306,3722.0,0.0,0.0,0.0,7,3721.0,3722.0,2,3689.0,3696.0,3731.0,3696.0,3478.0,128935100.0,37843
2023-05-10 21:05:23,bu2306,bu2306,3721.0,7.0,260470.0,1.0,13,3720.0,3722.0,6,3689.0,3696.0,3731.0,3696.0,3485.0,129195570.0,37844
2023-05-10 21:05:24,bu2306,bu2306,3721.0,0.0,0.0,0.0,13,3720.0,3722.0,11,3689.0,3696.0,3731.0,3696.0,3485.0,129195570.0,37844
2023-05-10 21:05:25,bu2306,bu2306,3721.0,0.0,0.0,0.0,10,3720.0,3722.0,11,3689.0,3696.0,3731.0,3696.0,3485.0,129195570.0,37844
2023-05-10 21:05:26,bu2306,bu2306,3721.0,0.0,0.0,0.0,1,3721.0,3722.0,12,3689.0,3696.0,3731.0,3696.0,3485.0,129195570.0,37844
2023-05-10 21:05:27,bu2306,bu2306,3720.0,4.0,148810.0,0.0,7,3720.0,3721.0,2,3689.0,3696.0,3731.0,3696.0,3489.0,129344380.0,37844
2023-05-10 21:05:27,bu2306,bu2306,3720.0,2.0,74400.0,0.0,5,3720.0,3721.0,6,3689.0,3696.0,3731.0,3696.0,3491.0,129418780.0,37844
2023-05-10 21:05:28,bu2306,bu2306,3722.0,13.0,483680.0,2.0,23,3721.0,3722.0,8,3689.0,3696.0,3731.0,3696.0,3504.0,129902460.0,37846
2023-05-10 21:05:28,bu2306,bu2306,3721.0,23.0,855830.0,0.0,6,3720.0,3722.0,1,3689.0,3696.0,3731.0,3696.0,3527.0,130758290.0,37846
2023-05-10 21:05:29,bu2306,bu2306,3721.0,0.0,0.0,0.0,1,3721.0,3722.0,9,3689.0,3696.0,3731.0,3696.0,3527.0,130758290.0,37846
2023-05-10 21:05:29,bu2306,bu2306,3721.0,1.0,37210.0,-1.0,14,3720.0,3722.0,9,3689.0,3696.0,3731.0,3696.0,3528.0,130795500.0,37845
2023-05-10 21:05:30,bu2306,bu2306,3720.0,1.0,37200.0,-1.0,13,3720.0,3722.0,9,3689.0,3696.0,3731.0,3696.0,3529.0,130832700.0,37844
2023-05-10 21:05:31,bu2306,bu2306,3720.0,0.0,0.0,0.0,9,3720.0,3722.0,9,3689.0,3696.0,3731.0,3696.0,3529.0,130832700.0,37844
2023-05-10 21:05:32,bu2306,bu2306,3720.0,1.0,37200.0,-1.0,7,3720.0,3722.0,9,3689.0,3696.0,3731.0,3696.0,3530.0,130869900.0,37843
2023-05-10 21:05:33,bu2306,bu2306,3720.0,0.0,0.0,0.0,1,3721.0,3722.0,9,3689.0,3696.0,3731.0,3696.0,3530.0,130869900.0,37843
2023-05-10 21:05:33,bu2306,bu2306,3720.0,0.0,0.0,0.0,1,3721.0,3722.0,5,3689.0,3696.0,3731.0,3696.0,3530.0,130869900.0,37843
2023-05-10 21:05:34,bu2306,bu2306,3720.0,0.0,0.0,0.0,3,3721.0,3723.0,69,3689.0,3696.0,3731.0,3696.0,3530.0,130869900.0,37843
2023-05-10 21:05:34,bu2306,bu2306,3720.0,0.0,0.0,0.0,4,3722.0,3723.0,69,3689.0,3696.0,3731.0,3696.0,3530.0,130869900.0,37843
2023-05-10 21:05:35,bu2306,bu2306,3720.0,0.0,0.0,0.0,4,3722.0,3723.0,69,3689.0,3696.0,3731.0,3696.0,3530.0,130869900.0,37843
2023-05-10 21:05:35,bu2306,bu2306,3720.0,0.0,0.0,0.0,6,3722.0,3723.0,74,3689.0,3696.0,3731.0,3696.0,3530.0,130869900.0,37843
2023-05-10 21:05:36,bu2306,bu2306,3720.0,0.0,0.0,0.0,17,3722.0,3723.0,73,3689.0,3696.0,3731.0,3696.0,3530.0,130869900.0,37843
2023-05-10 21:05:36,bu2306,bu2306,3723.0,3.0,111690.0,-1.0,17,3722.0,3723.0,70,3689.0,3696.0,3731.0,3696.0,3533.0,130981590.0,37842
2023-05-10 21:05:37,bu2306,bu2306,3723.0,1.0,37230.0,0.0,11,3722.0,3723.0,69,3689.0,3696.0,3731.0,3696.0,3534.0,131018820.0,37842
2023-05-10 21:05:37,bu2306,bu2306,3722.0,4.0,148880.0,-1.0,9,3722.0,3723.0,69,3689.0,3696.0,3731.0,3696.0,3538.0,131167700.0,37841
2023-05-10 21:05:38,bu2306,bu2306,3723.0,3.0,111680.0,-3.0,9,3722.0,3723.0,67,3689.0,3696.0,3731.0,3696.0,3541.0,131279380.0,37838
2023-05-10 21:05:39,bu2306,bu2306,3723.0,53.0,1973190.0,-27.0,14,3722.0,3723.0,14,3689.0,3696.0,3731.0,3696.0,3594.0,133252570.0,37811
2023-05-10 21:05:39,bu2306,bu2306,3723.0,10.0,372300.0,-5.0,14,3722.0,3723.0,4,3689.0,3696.0,3731.0,3696.0,3604.0,133624870.0,37806
2023-05-10 21:05:40,bu2306,bu2306,3723.0,4.0,148920.0,-4.0,3,3723.0,3724.0,54,3689.0,3696.0,3731.0,3696.0,3608.0,133773790.0,37802
2023-05-10 21:05:40,bu2306,bu2306,3724.0,1.0,37240.0,-1.0,15,3723.0,3724.0,53,3689.0,3696.0,3731.0,3696.0,3609.0,133811030.0,37801
2023-05-10 21:05:41,bu2306,bu2306,3724.0,5.0,186200.0,-5.0,20,3723.0,3724.0,48,3689.0,3696.0,3731.0,3696.0,3614.0,133997230.0,37796
2023-05-10 21:05:41,bu2306,bu2306,3724.0,3.0,111720.0,-3.0,15,3723.0,3724.0,45,3689.0,3696.0,3731.0,3696.0,3617.0,134108950.0,37793
2023-05-10 21:05:42,bu2306,bu2306,3724.0,1.0,37240.0,-1.0,14,3723.0,3724.0,44,3689.0,3696.0,3731.0,3696.0,3618.0,134146190.0,37792
2023-05-10 21:05:42,bu2306,bu2306,3724.0,2.0,74480.0,-2.0,14,3723.0,3724.0,42,3689.0,3696.0,3731.0,3696.0,3620.0,134220670.0,37790
2023-05-10 21:05:43,bu2306,bu2306,3724.0,1.0,37240.0,-1.0,14,3723.0,3724.0,41,3689.0,3696.0,3731.0,3696.0,3621.0,134257910.0,37789
2023-05-10 21:05:43,bu2306,bu2306,3724.0,0.0,0.0,0.0,15,3723.0,3724.0,41,3689.0,3696.0,3731.0,3696.0,3621.0,134257910.0,37789
2023-05-10 21:05:44,bu2306,bu2306,3724.0,0.0,0.0,0.0,16,3723.0,3724.0,41,3689.0,3696.0,3731.0,3696.0,3621.0,134257910.0,37789
2023-05-10 21:05:44,bu2306,bu2306,3724.0,0.0,0.0,0.0,17,3723.0,3724.0,41,3689.0,3696.0,3731.0,3696.0,3621.0,134257910.0,37789
2023-05-10 21:05:45,bu2306,bu2306,3724.0,1.0,37240.0,-1.0,16,3723.0,3724.0,40,3689.0,3696.0,3731.0,3696.0,3622.0,134295150.0,37788
2023-05-10 21:05:45,bu2306,bu2306,3724.0,16.0,595840.0,-1.0,16,3723.0,3724.0,24,3689.0,3696.0,3731.0,3696.0,3638.0,134890990.0,37787
2023-05-10 21:05:47,bu2306,bu2306,3723.0,1.0,37230.0,0.0,15,3723.0,3724.0,24,3689.0,3696.0,3731.0,3696.0,3639.0,134928220.0,37787
2023-05-10 21:05:47,bu2306,bu2306,3723.0,1.0,37230.0,-1.0,13,3723.0,3724.0,24,3689.0,3696.0,3731.0,3696.0,3640.0,134965450.0,37786
2023-05-10 21:05:48,bu2306,bu2306,3724.0,7.0,260680.0,0.0,17,3723.0,3724.0,17,3689.0,3696.0,3731.0,3696.0,3647.0,135226130.0,37786
2023-05-10 21:05:48,bu2306,bu2306,3724.0,0.0,0.0,0.0,13,3723.0,3724.0,17,3689.0,3696.0,3731.0,3696.0,3647.0,135226130.0,37786
2023-05-10 21:05:50,bu2306,bu2306,3724.0,0.0,0.0,0.0,14,3723.0,3724.0,18,3689.0,3696.0,3731.0,3696.0,3647.0,135226130.0,37786
2023-05-10 21:05:51,bu2306,bu2306,3724.0,10.0,372320.0,-4.0,4,3723.0,3724.0,16,3689.0,3696.0,3731.0,3696.0,3657.0,135598450.0,37782
2023-05-10 21:05:51,bu2306,bu2306,3724.0,4.0,148930.0,-3.0,6,3723.0,3724.0,15,3689.0,3696.0,3731.0,3696.0,3661.0,135747380.0,37779
2023-05-10 21:05:52,bu2306,bu2306,3723.0,1.0,37230.0,0.0,6,3723.0,3724.0,15,3689.0,3696.0,3731.0,3696.0,3662.0,135784610.0,37779
2023-05-10 21:05:52,bu2306,bu2306,3724.0,1.0,37240.0,-1.0,2,3723.0,3724.0,14,3689.0,3696.0,3731.0,3696.0,3663.0,135821850.0,37778
2023-05-10 21:05:53,bu2306,bu2306,3723.0,2.0,74470.0,-1.0,1,3723.0,3724.0,13,3689.0,3696.0,3731.0,3696.0,3665.0,135896320.0,37777
2023-05-10 21:05:53,bu2306,bu2306,3724.0,2.0,74480.0,-1.0,1,3723.0,3724.0,11,3689.0,3696.0,3731.0,3696.0,3667.0,135970800.0,37776
2023-05-10 21:05:54,bu2306,bu2306,3724.0,1.0,37240.0,-1.0,1,3723.0,3724.0,11,3689.0,3696.0,3731.0,3696.0,3668.0,136008040.0,37775
2023-05-10 21:05:54,bu2306,bu2306,3724.0,1.0,37240.0,-1.0,1,3723.0,3724.0,10,3689.0,3696.0,3731.0,3696.0,3669.0,136045280.0,37774
2023-05-10 21:05:55,bu2306,bu2306,3723.0,2.0,74470.0,-2.0,5,3723.0,3724.0,9,3689.0,3696.0,3731.0,3696.0,3671.0,136119750.0,37772
2023-05-10 21:05:55,bu2306,bu2306,3723.0,2.0,74470.0,-2.0,5,3723.0,3724.0,8,3689.0,3696.0,3731.0,3696.0,3673.0,136194220.0,37770
2023-05-10 21:05:56,bu2306,bu2306,3724.0,6.0,223440.0,-4.0,13,3723.0,3724.0,2,3689.0,3696.0,3731.0,3696.0,3679.0,136417660.0,37766
2023-05-10 21:05:56,bu2306,bu2306,3724.0,2.0,74480.0,1.0,1,3724.0,3725.0,31,3689.0,3696.0,3731.0,3696.0,3681.0,136492140.0,37767
2023-05-10 21:05:57,bu2306,bu2306,3724.0,0.0,0.0,0.0,5,3724.0,3725.0,31,3689.0,3696.0,3731.0,3696.0,3681.0,136492140.0,37767
2023-05-10 21:05:57,bu2306,bu2306,3724.0,0.0,0.0,0.0,6,3724.0,3725.0,31,3689.0,3696.0,3731.0,3696.0,3681.0,136492140.0,37767
2023-05-10 21:05:58,bu2306,bu2306,3724.0,0.0,0.0,0.0,7,3724.0,3725.0,31,3689.0,3696.0,3731.0,3696.0,3681.0,136492140.0,37767
2023-05-10 21:05:59,bu2306,bu2306,3724.0,7.0,260680.0,-4.0,1,3724.0,3725.0,31,3689.0,3696.0,3731.0,3696.0,3688.0,136752820.0,37763
2023-05-10 21:05:59,bu2306,bu2306,3724.0,4.0,148960.0,1.0,5,3723.0,3724.0,8,3689.0,3696.0,3731.0,3696.0,3692.0,136901780.0,37764
2023-05-10 21:06:00,bu2306,bu2306,3724.0,0.0,0.0,0.0,2,3723.0,3724.0,8,3689.0,3696.0,3731.0,3696.0,3692.0,136901780.0,37764
2023-05-10 21:06:00,bu2306,bu2306,3724.0,1.0,37240.0,1.0,6,3723.0,3724.0,7,3689.0,3696.0,3731.0,3696.0,3693.0,136939020.0,37765
2023-05-10 21:06:01,bu2306,bu2306,3724.0,0.0,0.0,0.0,15,3723.0,3724.0,7,3689.0,3696.0,3731.0,3696.0,3693.0,136939020.0,37765
2023-05-10 21:06:02,bu2306,bu2306,3724.0,0.0,0.0,0.0,6,3723.0,3724.0,7,3689.0,3696.0,3731.0,3696.0,3693.0,136939020.0,37765
2023-05-10 21:06:02,bu2306,bu2306,3723.0,1.0,37230.0,-1.0,5,3723.0,3724.0,7,3689.0,3696.0,3731.0,3696.0,3694.0,136976250.0,37764
2023-05-10 21:06:03,bu2306,bu2306,3723.0,0.0,0.0,0.0,2,3723.0,3724.0,7,3689.0,3696.0,3731.0,3696.0,3694.0,136976250.0,37764
2023-05-10 21:06:04,bu2306,bu2306,3724.0,1.0,37240.0,1.0,6,3723.0,3724.0,6,3689.0,3696.0,3731.0,3696.0,3695.0,137013490.0,37765
2023-05-10 21:06:04,bu2306,bu2306,3724.0,5.0,186200.0,0.0,14,3723.0,3724.0,1,3689.0,3696.0,3731.0,3696.0,3700.0,137199690.0,37765
2023-05-10 21:06:05,bu2306,bu2306,3725.0,6.0,223490.0,-3.0,1,3724.0,3725.0,26,3689.0,3696.0,3731.0,3696.0,3706.0,137423180.0,37762
2023-05-10 21:06:05,bu2306,bu2306,3725.0,0.0,0.0,0.0,11,3724.0,3725.0,26,3689.0,3696.0,3731.0,3696.0,3706.0,137423180.0,37762
2023-05-10 21:06:06,bu2306,bu2306,3725.0,6.0,223490.0,5.0,8,3724.0,3725.0,21,3689.0,3696.0,3731.0,3696.0,3712.0,137646670.0,37767
2023-05-10 21:06:06,bu2306,bu2306,3725.0,1.0,37250.0,0.0,9,3724.0,3725.0,20,3689.0,3696.0,3731.0,3696.0,3713.0,137683920.0,37767
2023-05-10 21:06:07,bu2306,bu2306,3725.0,1.0,37250.0,0.0,17,3724.0,3725.0,19,3689.0,3696.0,3731.0,3696.0,3714.0,137721170.0,37767
2023-05-10 21:06:07,bu2306,bu2306,3724.0,11.0,409650.0,4.0,1,3724.0,3725.0,18,3689.0,3696.0,3731.0,3696.0,3725.0,138130820.0,37771
2023-05-10 21:06:08,bu2306,bu2306,3724.0,2.0,74480.0,-1.0,7,3723.0,3724.0,2,3689.0,3696.0,3731.0,3696.0,3727.0,138205300.0,37770
2023-05-10 21:06:08,bu2306,bu2306,3724.0,0.0,0.0,0.0,7,3723.0,3724.0,3,3689.0,3696.0,3731.0,3696.0,3727.0,138205300.0,37770
2023-05-10 21:06:09,bu2306,bu2306,3724.0,0.0,0.0,0.0,4,3723.0,3724.0,3,3689.0,3696.0,3731.0,3696.0,3727.0,138205300.0,37770
2023-05-10 21:06:09,bu2306,bu2306,3724.0,0.0,0.0,0.0,4,3723.0,3724.0,5,3689.0,3696.0,3731.0,3696.0,3727.0,138205300.0,37770
2023-05-10 21:06:10,bu2306,bu2306,3724.0,0.0,0.0,0.0,4,3723.0,3724.0,5,3689.0,3696.0,3731.0,3696.0,3727.0,138205300.0,37770
2023-05-10 21:06:11,bu2306,bu2306,3723.0,4.0,148920.0,-2.0,1,3723.0,3724.0,5,3689.0,3696.0,3731.0,3696.0,3731.0,138354220.0,37768
2023-05-10 21:06:12,bu2306,bu2306,3723.0,1.0,37230.0,0.0,2,3723.0,3724.0,5,3689.0,3696.0,3731.0,3696.0,3732.0,138391450.0,37768
2023-05-10 21:06:12,bu2306,bu2306,3723.0,2.0,74460.0,-1.0,6,3722.0,3724.0,5,3689.0,3696.0,3731.0,3696.0,3734.0,138465910.0,37767
2023-05-10 21:06:13,bu2306,bu2306,3723.0,0.0,0.0,0.0,7,3722.0,3723.0,3,3689.0,3696.0,3731.0,3696.0,3734.0,138465910.0,37767
2023-05-10 21:06:13,bu2306,bu2306,3722.0,2.0,74440.0,0.0,8,3721.0,3724.0,23,3689.0,3696.0,3731.0,3696.0,3736.0,138540350.0,37767
2023-05-10 21:06:14,bu2306,bu2306,3722.0,0.0,0.0,0.0,1,3722.0,3723.0,12,3689.0,3696.0,3731.0,3696.0,3736.0,138540350.0,37767
2023-05-10 21:06:14,bu2306,bu2306,3722.0,2.0,74440.0,-1.0,8,3721.0,3723.0,12,3689.0,3696.0,3731.0,3696.0,3738.0,138614790.0,37766
2023-05-10 21:06:15,bu2306,bu2306,3722.0,0.0,0.0,0.0,8,3721.0,3722.0,2,3689.0,3696.0,3731.0,3696.0,3738.0,138614790.0,37766
2023-05-10 21:06:16,bu2306,bu2306,3721.0,2.0,74420.0,0.0,6,3721.0,3722.0,2,3689.0,3696.0,3731.0,3696.0,3740.0,138689210.0,37766
2023-05-10 21:06:17,bu2306,bu2306,3721.0,2.0,74420.0,-2.0,4,3721.0,3722.0,5,3689.0,3696.0,3731.0,3696.0,3742.0,138763630.0,37764
2023-05-10 21:06:17,bu2306,bu2306,3721.0,4.0,148840.0,-4.0,4,3720.0,3722.0,6,3689.0,3696.0,3731.0,3696.0,3746.0,138912470.0,37760
2023-05-10 21:06:18,bu2306,bu2306,3721.0,0.0,0.0,0.0,4,3720.0,3722.0,10,3689.0,3696.0,3731.0,3696.0,3746.0,138912470.0,37760
2023-05-10 21:06:19,bu2306,bu2306,3721.0,0.0,0.0,0.0,5,3720.0,3722.0,10,3689.0,3696.0,3731.0,3696.0,3746.0,138912470.0,37760
2023-05-10 21:06:22,bu2306,bu2306,3721.0,0.0,0.0,0.0,5,3720.0,3721.0,1,3689.0,3696.0,3731.0,3696.0,3746.0,138912470.0,37760
2023-05-10 21:06:22,bu2306,bu2306,3720.0,6.0,223200.0,-6.0,7,3719.0,3720.0,1,3689.0,3696.0,3731.0,3696.0,3752.0,139135670.0,37754
2023-05-10 21:06:23,bu2306,bu2306,3719.0,1.0,37190.0,0.0,7,3719.0,3720.0,1,3689.0,3696.0,3731.0,3696.0,3753.0,139172860.0,37754
2023-05-10 21:06:23,bu2306,bu2306,3719.0,1.0,37190.0,0.0,4,3719.0,3720.0,1,3689.0,3696.0,3731.0,3696.0,3754.0,139210050.0,37754
2023-05-10 21:06:24,bu2306,bu2306,3719.0,1.0,37190.0,-1.0,3,3719.0,3720.0,1,3689.0,3696.0,3731.0,3696.0,3755.0,139247240.0,37753
2023-05-10 21:06:25,bu2306,bu2306,3719.0,0.0,0.0,0.0,4,3719.0,3720.0,1,3689.0,3696.0,3731.0,3696.0,3755.0,139247240.0,37753
2023-05-10 21:06:25,bu2306,bu2306,3719.0,0.0,0.0,0.0,4,3719.0,3720.0,6,3689.0,3696.0,3731.0,3696.0,3755.0,139247240.0,37753
2023-05-10 21:06:27,bu2306,bu2306,3719.0,1.0,37190.0,0.0,3,3719.0,3720.0,6,3689.0,3696.0,3731.0,3696.0,3756.0,139284430.0,37753
2023-05-10 21:06:27,bu2306,bu2306,3719.0,1.0,37190.0,0.0,2,3719.0,3720.0,6,3689.0,3696.0,3731.0,3696.0,3757.0,139321620.0,37753
2023-05-10 21:06:28,bu2306,bu2306,3719.0,3.0,111570.0,-3.0,10,3718.0,3720.0,10,3689.0,3696.0,3731.0,3696.0,3760.0,139433190.0,37750
2023-05-10 21:06:28,bu2306,bu2306,3719.0,0.0,0.0,0.0,11,3718.0,3719.0,3,3689.0,3696.0,3731.0,3696.0,3760.0,139433190.0,37750
2023-05-10 21:06:29,bu2306,bu2306,3718.0,11.0,408980.0,-7.0,7,3717.0,3719.0,12,3689.0,3696.0,3731.0,3696.0,3771.0,139842170.0,37743
2023-05-10 21:06:29,bu2306,bu2306,3718.0,0.0,0.0,0.0,5,3717.0,3718.0,1,3689.0,3696.0,3731.0,3696.0,3771.0,139842170.0,37743
2023-05-10 21:06:30,bu2306,bu2306,3718.0,0.0,0.0,0.0,6,3717.0,3718.0,10,3689.0,3696.0,3731.0,3696.0,3771.0,139842170.0,37743
2023-05-10 21:06:30,bu2306,bu2306,3717.0,3.0,111510.0,-3.0,11,3716.0,3718.0,10,3689.0,3696.0,3731.0,3696.0,3774.0,139953680.0,37740
2023-05-10 21:06:31,bu2306,bu2306,3717.0,0.0,0.0,0.0,12,3716.0,3718.0,10,3689.0,3696.0,3731.0,3696.0,3774.0,139953680.0,37740
2023-05-10 21:06:31,bu2306,bu2306,3717.0,0.0,0.0,0.0,12,3716.0,3718.0,11,3689.0,3696.0,3731.0,3696.0,3774.0,139953680.0,37740
2023-05-10 21:06:32,bu2306,bu2306,3717.0,0.0,0.0,0.0,12,3716.0,3717.0,1,3689.0,3696.0,3731.0,3696.0,3774.0,139953680.0,37740
2023-05-10 21:06:32,bu2306,bu2306,3717.0,0.0,0.0,0.0,12,3716.0,3717.0,6,3689.0,3696.0,3731.0,3696.0,3774.0,139953680.0,37740
2023-05-10 21:06:33,bu2306,bu2306,3717.0,0.0,0.0,0.0,8,3716.0,3717.0,6,3689.0,3696.0,3731.0,3696.0,3774.0,139953680.0,37740
2023-05-10 21:06:34,bu2306,bu2306,3717.0,0.0,0.0,0.0,8,3716.0,3717.0,5,3689.0,3696.0,3731.0,3696.0,3774.0,139953680.0,37740
2023-05-10 21:06:34,bu2306,bu2306,3717.0,0.0,0.0,0.0,9,3716.0,3717.0,5,3689.0,3696.0,3731.0,3696.0,3774.0,139953680.0,37740
2023-05-10 21:06:35,bu2306,bu2306,3716.0,1.0,37160.0,0.0,8,3716.0,3717.0,5,3689.0,3696.0,3731.0,3696.0,3775.0,139990840.0,37740
2023-05-10 21:06:36,bu2306,bu2306,3716.0,0.0,0.0,0.0,8,3716.0,3717.0,5,3689.0,3696.0,3731.0,3696.0,3775.0,139990840.0,37740
2023-05-10 21:06:36,bu2306,bu2306,3716.0,0.0,0.0,0.0,9,3716.0,3717.0,5,3689.0,3696.0,3731.0,3696.0,3775.0,139990840.0,37740
2023-05-10 21:06:39,bu2306,bu2306,3718.0,6.0,223030.0,0.0,9,3716.0,3718.0,10,3689.0,3696.0,3731.0,3696.0,3781.0,140213870.0,37740
2023-05-10 21:06:39,bu2306,bu2306,3718.0,0.0,0.0,0.0,9,3716.0,3718.0,15,3689.0,3696.0,3731.0,3696.0,3781.0,140213870.0,37740
2023-05-10 21:06:40,bu2306,bu2306,3718.0,0.0,0.0,0.0,9,3716.0,3718.0,14,3689.0,3696.0,3731.0,3696.0,3781.0,140213870.0,37740
2023-05-10 21:06:40,bu2306,bu2306,3716.0,5.0,185800.0,-4.0,5,3716.0,3717.0,4,3689.0,3696.0,3731.0,3696.0,3786.0,140399670.0,37736
2023-05-10 21:06:41,bu2306,bu2306,3716.0,0.0,0.0,0.0,6,3716.0,3717.0,4,3689.0,3696.0,3731.0,3696.0,3786.0,140399670.0,37736
2023-05-10 21:06:43,bu2306,bu2306,3716.0,0.0,0.0,0.0,6,3716.0,3717.0,5,3689.0,3696.0,3731.0,3696.0,3786.0,140399670.0,37736
2023-05-10 21:06:43,bu2306,bu2306,3716.0,0.0,0.0,0.0,7,3716.0,3717.0,5,3689.0,3696.0,3731.0,3696.0,3786.0,140399670.0,37736
2023-05-10 21:06:44,bu2306,bu2306,3717.0,4.0,148680.0,0.0,7,3716.0,3717.0,1,3689.0,3696.0,3731.0,3696.0,3790.0,140548350.0,37736
2023-05-10 21:06:44,bu2306,bu2306,3717.0,0.0,0.0,0.0,7,3716.0,3717.0,1,3689.0,3696.0,3731.0,3696.0,3790.0,140548350.0,37736
2023-05-10 21:06:46,bu2306,bu2306,3717.0,0.0,0.0,0.0,7,3716.0,3717.0,1,3689.0,3696.0,3731.0,3696.0,3790.0,140548350.0,37736
2023-05-10 21:06:47,bu2306,bu2306,3717.0,0.0,0.0,0.0,7,3716.0,3717.0,1,3689.0,3696.0,3731.0,3696.0,3790.0,140548350.0,37736
2023-05-10 21:06:47,bu2306,bu2306,3717.0,1.0,37170.0,0.0,7,3716.0,3718.0,10,3689.0,3696.0,3731.0,3696.0,3791.0,140585520.0,37736
2023-05-10 21:06:48,bu2306,bu2306,3717.0,0.0,0.0,0.0,7,3716.0,3718.0,7,3689.0,3696.0,3731.0,3696.0,3791.0,140585520.0,37736
2023-05-10 21:06:48,bu2306,bu2306,3717.0,0.0,0.0,0.0,17,3716.0,3718.0,7,3689.0,3696.0,3731.0,3696.0,3791.0,140585520.0,37736
2023-05-10 21:06:49,bu2306,bu2306,3717.0,0.0,0.0,0.0,2,3717.0,3718.0,7,3689.0,3696.0,3731.0,3696.0,3791.0,140585520.0,37736
2023-05-10 21:06:49,bu2306,bu2306,3717.0,0.0,0.0,0.0,7,3717.0,3718.0,7,3689.0,3696.0,3731.0,3696.0,3791.0,140585520.0,37736
2023-05-10 21:06:50,bu2306,bu2306,3717.0,0.0,0.0,0.0,7,3717.0,3718.0,1,3689.0,3696.0,3731.0,3696.0,3791.0,140585520.0,37736
2023-05-10 21:06:51,bu2306,bu2306,3717.0,1.0,37170.0,-1.0,7,3717.0,3718.0,1,3689.0,3696.0,3731.0,3696.0,3792.0,140622690.0,37735
2023-05-10 21:06:52,bu2306,bu2306,3717.0,1.0,37170.0,0.0,5,3717.0,3718.0,1,3689.0,3696.0,3731.0,3696.0,3793.0,140659860.0,37735
2023-05-10 21:06:53,bu2306,bu2306,3717.0,1.0,37170.0,0.0,4,3717.0,3718.0,1,3689.0,3696.0,3731.0,3696.0,3794.0,140697030.0,37735
2023-05-10 21:06:53,bu2306,bu2306,3717.0,1.0,37170.0,-1.0,3,3717.0,3718.0,6,3689.0,3696.0,3731.0,3696.0,3795.0,140734200.0,37734
2023-05-10 21:06:54,bu2306,bu2306,3717.0,3.0,111510.0,-2.0,1,3717.0,3718.0,10,3689.0,3696.0,3731.0,3696.0,3798.0,140845710.0,37732
2023-05-10 21:06:54,bu2306,bu2306,3717.0,1.0,37170.0,-1.0,12,3716.0,3718.0,10,3689.0,3696.0,3731.0,3696.0,3799.0,140882880.0,37731
2023-05-10 21:06:55,bu2306,bu2306,3717.0,0.0,0.0,0.0,13,3716.0,3718.0,6,3689.0,3696.0,3731.0,3696.0,3799.0,140882880.0,37731
2023-05-10 21:06:55,bu2306,bu2306,3717.0,0.0,0.0,0.0,13,3716.0,3718.0,11,3689.0,3696.0,3731.0,3696.0,3799.0,140882880.0,37731
2023-05-10 21:07:00,bu2306,bu2306,3716.0,2.0,74320.0,-1.0,4,3717.0,3718.0,11,3689.0,3696.0,3731.0,3696.0,3801.0,140957200.0,37730
2023-05-10 21:07:00,bu2306,bu2306,3717.0,5.0,185850.0,-1.0,11,3716.0,3718.0,11,3689.0,3696.0,3731.0,3696.0,3806.0,141143050.0,37729
2023-05-10 21:07:02,bu2306,bu2306,3719.0,15.0,557740.0,10.0,12,3716.0,3719.0,5,3689.0,3696.0,3731.0,3696.0,3821.0,141700790.0,37739
2023-05-10 21:07:02,bu2306,bu2306,3719.0,0.0,0.0,0.0,5,3717.0,3718.0,5,3689.0,3696.0,3731.0,3696.0,3821.0,141700790.0,37739
2023-05-10 21:07:04,bu2306,bu2306,3718.0,1.0,37180.0,0.0,5,3717.0,3718.0,4,3689.0,3696.0,3731.0,3696.0,3822.0,141737970.0,37739
2023-05-10 21:07:04,bu2306,bu2306,3718.0,0.0,0.0,0.0,5,3717.0,3718.0,5,3689.0,3696.0,3731.0,3696.0,3822.0,141737970.0,37739
2023-05-10 21:07:06,bu2306,bu2306,3718.0,0.0,0.0,0.0,6,3717.0,3718.0,5,3689.0,3696.0,3731.0,3696.0,3822.0,141737970.0,37739
2023-05-10 21:07:07,bu2306,bu2306,3718.0,0.0,0.0,0.0,8,3717.0,3718.0,5,3689.0,3696.0,3731.0,3696.0,3822.0,141737970.0,37739
2023-05-10 21:07:07,bu2306,bu2306,3718.0,0.0,0.0,0.0,9,3717.0,3718.0,5,3689.0,3696.0,3731.0,3696.0,3822.0,141737970.0,37739
2023-05-10 21:07:08,bu2306,bu2306,3718.0,0.0,0.0,0.0,10,3717.0,3718.0,5,3689.0,3696.0,3731.0,3696.0,3822.0,141737970.0,37739
2023-05-10 21:07:08,bu2306,bu2306,3718.0,2.0,74360.0,2.0,10,3717.0,3718.0,3,3689.0,3696.0,3731.0,3696.0,3824.0,141812330.0,37741
2023-05-10 21:07:09,bu2306,bu2306,3718.0,3.0,111540.0,0.0,1,3718.0,3719.0,9,3689.0,3696.0,3731.0,3696.0,3827.0,141923870.0,37741
2023-05-10 21:07:09,bu2306,bu2306,3718.0,0.0,0.0,0.0,1,3718.0,3719.0,7,3689.0,3696.0,3731.0,3696.0,3827.0,141923870.0,37741
2023-05-10 21:07:10,bu2306,bu2306,3719.0,2.0,74370.0,-1.0,11,3717.0,3719.0,6,3689.0,3696.0,3731.0,3696.0,3829.0,141998240.0,37740
2023-05-10 21:07:10,bu2306,bu2306,3719.0,0.0,0.0,0.0,12,3717.0,3718.0,3,3689.0,3696.0,3731.0,3696.0,3829.0,141998240.0,37740
2023-05-10 21:07:11,bu2306,bu2306,3719.0,0.0,0.0,0.0,12,3717.0,3718.0,5,3689.0,3696.0,3731.0,3696.0,3829.0,141998240.0,37740
2023-05-10 21:07:14,bu2306,bu2306,3719.0,0.0,0.0,0.0,12,3717.0,3718.0,5,3689.0,3696.0,3731.0,3696.0,3829.0,141998240.0,37740
2023-05-10 21:07:15,bu2306,bu2306,3717.0,12.0,446040.0,-7.0,12,3716.0,3718.0,5,3689.0,3696.0,3731.0,3696.0,3841.0,142444280.0,37733
2023-05-10 21:07:15,bu2306,bu2306,3717.0,0.0,0.0,0.0,12,3716.0,3717.0,8,3689.0,3696.0,3731.0,3696.0,3841.0,142444280.0,37733
2023-05-10 21:07:16,bu2306,bu2306,3717.0,0.0,0.0,0.0,12,3716.0,3717.0,17,3689.0,3696.0,3731.0,3696.0,3841.0,142444280.0,37733
2023-05-10 21:07:16,bu2306,bu2306,3717.0,0.0,0.0,0.0,12,3716.0,3717.0,17,3689.0,3696.0,3731.0,3696.0,3841.0,142444280.0,37733
2023-05-10 21:07:17,bu2306,bu2306,3717.0,1.0,37170.0,1.0,12,3716.0,3717.0,16,3689.0,3696.0,3731.0,3696.0,3842.0,142481450.0,37734
2023-05-10 21:07:18,bu2306,bu2306,3716.0,12.0,445920.0,0.0,9,3715.0,3716.0,1,3689.0,3696.0,3731.0,3696.0,3854.0,142927370.0,37734
2023-05-10 21:07:18,bu2306,bu2306,3716.0,0.0,0.0,0.0,6,3715.0,3716.0,12,3689.0,3696.0,3731.0,3696.0,3854.0,142927370.0,37734
2023-05-10 21:07:19,bu2306,bu2306,3715.0,1.0,37150.0,1.0,9,3715.0,3716.0,12,3689.0,3696.0,3731.0,3696.0,3855.0,142964520.0,37735
2023-05-10 21:07:19,bu2306,bu2306,3715.0,0.0,0.0,0.0,9,3715.0,3716.0,7,3689.0,3696.0,3731.0,3696.0,3855.0,142964520.0,37735
2023-05-10 21:07:21,bu2306,bu2306,3715.0,0.0,0.0,0.0,9,3715.0,3716.0,7,3689.0,3696.0,3731.0,3696.0,3855.0,142964520.0,37735
2023-05-10 21:07:21,bu2306,bu2306,3715.0,0.0,0.0,0.0,11,3715.0,3716.0,7,3689.0,3696.0,3731.0,3696.0,3855.0,142964520.0,37735
2023-05-10 21:07:22,bu2306,bu2306,3715.0,0.0,0.0,0.0,12,3715.0,3716.0,7,3689.0,3696.0,3731.0,3696.0,3855.0,142964520.0,37735
2023-05-10 21:07:25,bu2306,bu2306,3715.0,0.0,0.0,0.0,12,3715.0,3716.0,6,3689.0,3696.0,3731.0,3696.0,3855.0,142964520.0,37735
2023-05-10 21:07:26,bu2306,bu2306,3715.0,0.0,0.0,0.0,12,3715.0,3716.0,6,3689.0,3696.0,3731.0,3696.0,3855.0,142964520.0,37735
2023-05-10 21:07:26,bu2306,bu2306,3715.0,0.0,0.0,0.0,8,3715.0,3716.0,6,3689.0,3696.0,3731.0,3696.0,3855.0,142964520.0,37735
2023-05-10 21:07:27,bu2306,bu2306,3715.0,0.0,0.0,0.0,8,3715.0,3716.0,6,3689.0,3696.0,3731.0,3696.0,3855.0,142964520.0,37735
2023-05-10 21:07:28,bu2306,bu2306,3715.0,0.0,0.0,0.0,8,3715.0,3716.0,7,3689.0,3696.0,3731.0,3696.0,3855.0,142964520.0,37735
2023-05-10 21:07:30,bu2306,bu2306,3715.0,0.0,0.0,0.0,8,3715.0,3716.0,7,3689.0,3696.0,3731.0,3696.0,3855.0,142964520.0,37735
2023-05-10 21:07:34,bu2306,bu2306,3715.0,2.0,74300.0,1.0,6,3715.0,3716.0,7,3689.0,3696.0,3731.0,3696.0,3857.0,143038820.0,37736
2023-05-10 21:07:36,bu2306,bu2306,3715.0,2.0,74300.0,1.0,4,3715.0,3716.0,7,3689.0,3696.0,3731.0,3696.0,3859.0,143113120.0,37737
2023-05-10 21:07:37,bu2306,bu2306,3715.0,0.0,0.0,0.0,8,3715.0,3716.0,7,3689.0,3696.0,3731.0,3696.0,3859.0,143113120.0,37737
2023-05-10 21:07:37,bu2306,bu2306,3715.0,2.0,74300.0,0.0,2,3715.0,3716.0,7,3689.0,3696.0,3731.0,3696.0,3861.0,143187420.0,37737
2023-05-10 21:07:38,bu2306,bu2306,3716.0,6.0,222960.0,-2.0,6,3715.0,3716.0,1,3689.0,3696.0,3731.0,3696.0,3867.0,143410380.0,37735
2023-05-10 21:07:38,bu2306,bu2306,3716.0,1.0,37160.0,-1.0,1,3716.0,3717.0,12,3689.0,3696.0,3731.0,3696.0,3868.0,143447540.0,37734
2023-05-10 21:07:39,bu2306,bu2306,3716.0,0.0,0.0,0.0,1,3716.0,3717.0,12,3689.0,3696.0,3731.0,3696.0,3868.0,143447540.0,37734
2023-05-10 21:07:40,bu2306,bu2306,3716.0,1.0,37160.0,-1.0,6,3715.0,3717.0,12,3689.0,3696.0,3731.0,3696.0,3869.0,143484700.0,37733
2023-05-10 21:07:43,bu2306,bu2306,3716.0,0.0,0.0,0.0,7,3715.0,3717.0,12,3689.0,3696.0,3731.0,3696.0,3869.0,143484700.0,37733
2023-05-10 21:07:44,bu2306,bu2306,3716.0,0.0,0.0,0.0,8,3715.0,3717.0,12,3689.0,3696.0,3731.0,3696.0,3869.0,143484700.0,37733
2023-05-10 21:07:46,bu2306,bu2306,3716.0,0.0,0.0,0.0,9,3715.0,3717.0,12,3689.0,3696.0,3731.0,3696.0,3869.0,143484700.0,37733
2023-05-10 21:07:47,bu2306,bu2306,3716.0,0.0,0.0,0.0,10,3715.0,3717.0,12,3689.0,3696.0,3731.0,3696.0,3869.0,143484700.0,37733
2023-05-10 21:07:47,bu2306,bu2306,3716.0,0.0,0.0,0.0,11,3715.0,3717.0,12,3689.0,3696.0,3731.0,3696.0,3869.0,143484700.0,37733
2023-05-10 21:07:49,bu2306,bu2306,3716.0,0.0,0.0,0.0,11,3715.0,3717.0,12,3689.0,3696.0,3731.0,3696.0,3869.0,143484700.0,37733
2023-05-10 21:07:49,bu2306,bu2306,3716.0,0.0,0.0,0.0,12,3715.0,3717.0,12,3689.0,3696.0,3731.0,3696.0,3869.0,143484700.0,37733
2023-05-10 21:07:50,bu2306,bu2306,3716.0,0.0,0.0,0.0,13,3715.0,3717.0,12,3689.0,3696.0,3731.0,3696.0,3869.0,143484700.0,37733
2023-05-10 21:07:51,bu2306,bu2306,3716.0,0.0,0.0,0.0,13,3715.0,3717.0,12,3689.0,3696.0,3731.0,3696.0,3869.0,143484700.0,37733
2023-05-10 21:07:52,bu2306,bu2306,3716.0,0.0,0.0,0.0,13,3715.0,3717.0,12,3689.0,3696.0,3731.0,3696.0,3869.0,143484700.0,37733
2023-05-10 21:07:53,bu2306,bu2306,3716.0,0.0,0.0,0.0,13,3715.0,3717.0,12,3689.0,3696.0,3731.0,3696.0,3869.0,143484700.0,37733
2023-05-10 21:07:54,bu2306,bu2306,3716.0,0.0,0.0,0.0,13,3715.0,3717.0,12,3689.0,3696.0,3731.0,3696.0,3869.0,143484700.0,37733
2023-05-10 21:07:59,bu2306,bu2306,3716.0,0.0,0.0,0.0,13,3715.0,3716.0,1,3689.0,3696.0,3731.0,3696.0,3869.0,143484700.0,37733
2023-05-10 21:08:00,bu2306,bu2306,3716.0,1.0,37160.0,-1.0,9,3715.0,3717.0,12,3689.0,3696.0,3731.0,3696.0,3870.0,143521860.0,37732
2023-05-10 21:08:03,bu2306,bu2306,3716.0,0.0,0.0,0.0,4,3716.0,3717.0,11,3689.0,3696.0,3731.0,3696.0,3870.0,143521860.0,37732
2023-05-10 21:08:04,bu2306,bu2306,3716.0,0.0,0.0,0.0,2,3716.0,3717.0,11,3689.0,3696.0,3731.0,3696.0,3870.0,143521860.0,37732
2023-05-10 21:08:04,bu2306,bu2306,3716.0,0.0,0.0,0.0,2,3716.0,3717.0,16,3689.0,3696.0,3731.0,3696.0,3870.0,143521860.0,37732
2023-05-10 21:08:05,bu2306,bu2306,3716.0,0.0,0.0,0.0,6,3716.0,3717.0,16,3689.0,3696.0,3731.0,3696.0,3870.0,143521860.0,37732
2023-05-10 21:08:10,bu2306,bu2306,3716.0,0.0,0.0,0.0,6,3716.0,3717.0,16,3689.0,3696.0,3731.0,3696.0,3870.0,143521860.0,37732
2023-05-10 21:08:11,bu2306,bu2306,3716.0,0.0,0.0,0.0,6,3716.0,3717.0,16,3689.0,3696.0,3731.0,3696.0,3870.0,143521860.0,37732
2023-05-10 21:08:13,bu2306,bu2306,3716.0,0.0,0.0,0.0,6,3716.0,3717.0,16,3689.0,3696.0,3731.0,3696.0,3870.0,143521860.0,37732
2023-05-10 21:08:13,bu2306,bu2306,3716.0,1.0,37160.0,0.0,5,3716.0,3717.0,16,3689.0,3696.0,3731.0,3696.0,3871.0,143559020.0,37732
2023-05-10 21:08:14,bu2306,bu2306,3716.0,0.0,0.0,0.0,6,3716.0,3717.0,16,3689.0,3696.0,3731.0,3696.0,3871.0,143559020.0,37732
2023-05-10 21:08:14,bu2306,bu2306,3716.0,6.0,222960.0,-6.0,3,3715.0,3717.0,16,3689.0,3696.0,3731.0,3696.0,3877.0,143781980.0,37726
2023-05-10 21:08:15,bu2306,bu2306,3716.0,0.0,0.0,0.0,8,3715.0,3717.0,16,3689.0,3696.0,3731.0,3696.0,3877.0,143781980.0,37726
2023-05-10 21:08:15,bu2306,bu2306,3716.0,1.0,37160.0,0.0,5,3715.0,3717.0,16,3689.0,3696.0,3731.0,3696.0,3878.0,143819140.0,37726
2023-05-10 21:08:16,bu2306,bu2306,3716.0,0.0,0.0,0.0,9,3715.0,3716.0,1,3689.0,3696.0,3731.0,3696.0,3878.0,143819140.0,37726
2023-05-10 21:08:16,bu2306,bu2306,3716.0,0.0,0.0,0.0,5,3715.0,3716.0,7,3689.0,3696.0,3731.0,3696.0,3878.0,143819140.0,37726
2023-05-10 21:08:17,bu2306,bu2306,3715.0,5.0,185750.0,-5.0,1,3715.0,3716.0,8,3689.0,3696.0,3731.0,3696.0,3883.0,144004890.0,37721
2023-05-10 21:08:17,bu2306,bu2306,3715.0,2.0,74300.0,-1.0,8,3714.0,3715.0,3,3689.0,3696.0,3731.0,3696.0,3885.0,144079190.0,37720
2023-05-10 21:08:18,bu2306,bu2306,3715.0,0.0,0.0,0.0,9,3714.0,3715.0,9,3689.0,3696.0,3731.0,3696.0,3885.0,144079190.0,37720
2023-05-10 21:08:18,bu2306,bu2306,3715.0,1.0,37150.0,0.0,6,3714.0,3715.0,5,3689.0,3696.0,3731.0,3696.0,3886.0,144116340.0,37720
2023-05-10 21:08:19,bu2306,bu2306,3715.0,0.0,0.0,0.0,10,3714.0,3715.0,5,3689.0,3696.0,3731.0,3696.0,3886.0,144116340.0,37720
2023-05-10 21:08:20,bu2306,bu2306,3715.0,2.0,74300.0,0.0,10,3714.0,3715.0,3,3689.0,3696.0,3731.0,3696.0,3888.0,144190640.0,37720
2023-05-10 21:08:20,bu2306,bu2306,3715.0,3.0,111450.0,0.0,10,3714.0,3716.0,7,3689.0,3696.0,3731.0,3696.0,3891.0,144302090.0,37720
2023-05-10 21:08:21,bu2306,bu2306,3715.0,0.0,0.0,0.0,10,3714.0,3716.0,7,3689.0,3696.0,3731.0,3696.0,3891.0,144302090.0,37720
2023-05-10 21:08:23,bu2306,bu2306,3715.0,0.0,0.0,0.0,11,3714.0,3716.0,7,3689.0,3696.0,3731.0,3696.0,3891.0,144302090.0,37720
2023-05-10 21:08:24,bu2306,bu2306,3715.0,0.0,0.0,0.0,12,3714.0,3716.0,7,3689.0,3696.0,3731.0,3696.0,3891.0,144302090.0,37720
2023-05-10 21:08:25,bu2306,bu2306,3715.0,0.0,0.0,0.0,18,3714.0,3716.0,7,3689.0,3696.0,3731.0,3696.0,3891.0,144302090.0,37720
2023-05-10 21:08:25,bu2306,bu2306,3714.0,2.0,74280.0,1.0,16,3714.0,3716.0,7,3689.0,3696.0,3731.0,3696.0,3893.0,144376370.0,37721
2023-05-10 21:08:26,bu2306,bu2306,3714.0,0.0,0.0,0.0,17,3714.0,3716.0,7,3689.0,3696.0,3731.0,3696.0,3893.0,144376370.0,37721
2023-05-10 21:08:29,bu2306,bu2306,3714.0,5.0,185700.0,-3.0,12,3714.0,3716.0,7,3689.0,3696.0,3731.0,3696.0,3898.0,144562070.0,37718
2023-05-10 21:08:31,bu2306,bu2306,3714.0,0.0,0.0,0.0,12,3714.0,3716.0,7,3689.0,3696.0,3731.0,3696.0,3898.0,144562070.0,37718
2023-05-10 21:08:32,bu2306,bu2306,3714.0,0.0,0.0,0.0,13,3714.0,3716.0,7,3689.0,3696.0,3731.0,3696.0,3898.0,144562070.0,37718
2023-05-10 21:08:32,bu2306,bu2306,3714.0,0.0,0.0,0.0,8,3714.0,3716.0,7,3689.0,3696.0,3731.0,3696.0,3898.0,144562070.0,37718
2023-05-10 21:08:37,bu2306,bu2306,3714.0,0.0,0.0,0.0,9,3714.0,3716.0,7,3689.0,3696.0,3731.0,3696.0,3898.0,144562070.0,37718
2023-05-10 21:08:37,bu2306,bu2306,3716.0,1.0,37160.0,1.0,10,3714.0,3716.0,6,3689.0,3696.0,3731.0,3696.0,3899.0,144599230.0,37719
2023-05-10 21:08:38,bu2306,bu2306,3716.0,0.0,0.0,0.0,10,3714.0,3716.0,7,3689.0,3696.0,3731.0,3696.0,3899.0,144599230.0,37719
2023-05-10 21:08:39,bu2306,bu2306,3716.0,0.0,0.0,0.0,10,3714.0,3716.0,6,3689.0,3696.0,3731.0,3696.0,3899.0,144599230.0,37719
2023-05-10 21:08:40,bu2306,bu2306,3716.0,0.0,0.0,0.0,1,3715.0,3716.0,6,3689.0,3696.0,3731.0,3696.0,3899.0,144599230.0,37719
2023-05-10 21:08:40,bu2306,bu2306,3716.0,0.0,0.0,0.0,6,3715.0,3716.0,6,3689.0,3696.0,3731.0,3696.0,3899.0,144599230.0,37719
2023-05-10 21:08:41,bu2306,bu2306,3716.0,0.0,0.0,0.0,6,3715.0,3717.0,11,3689.0,3696.0,3731.0,3696.0,3899.0,144599230.0,37719
2023-05-10 21:08:41,bu2306,bu2306,3716.0,0.0,0.0,0.0,8,3715.0,3717.0,11,3689.0,3696.0,3731.0,3696.0,3899.0,144599230.0,37719
2023-05-10 21:08:44,bu2306,bu2306,3716.0,0.0,0.0,0.0,9,3715.0,3717.0,11,3689.0,3696.0,3731.0,3696.0,3899.0,144599230.0,37719
2023-05-10 21:08:46,bu2306,bu2306,3717.0,1.0,37170.0,1.0,9,3715.0,3717.0,10,3689.0,3696.0,3731.0,3696.0,3900.0,144636400.0,37720
2023-05-10 21:08:48,bu2306,bu2306,3717.0,0.0,0.0,0.0,9,3715.0,3717.0,10,3689.0,3696.0,3731.0,3696.0,3900.0,144636400.0,37720
2023-05-10 21:08:51,bu2306,bu2306,3717.0,0.0,0.0,0.0,9,3715.0,3717.0,10,3689.0,3696.0,3731.0,3696.0,3900.0,144636400.0,37720
2023-05-10 21:08:53,bu2306,bu2306,3715.0,1.0,37150.0,0.0,9,3715.0,3717.0,10,3689.0,3696.0,3731.0,3696.0,3901.0,144673550.0,37720
2023-05-10 21:08:56,bu2306,bu2306,3715.0,9.0,334350.0,-6.0,7,3714.0,3715.0,26,3689.0,3696.0,3731.0,3696.0,3910.0,145007900.0,37714
2023-05-10 21:08:57,bu2306,bu2306,3715.0,1.0,37150.0,0.0,7,3714.0,3715.0,25,3689.0,3696.0,3731.0,3696.0,3911.0,145045050.0,37714
2023-05-10 21:08:59,bu2306,bu2306,3715.0,4.0,148600.0,0.0,2,3714.0,3715.0,21,3689.0,3696.0,3731.0,3696.0,3915.0,145193650.0,37714
2023-05-10 21:08:59,bu2306,bu2306,3715.0,19.0,705850.0,-5.0,3,3714.0,3715.0,2,3689.0,3696.0,3731.0,3696.0,3934.0,145899500.0,37709
2023-05-10 21:09:00,bu2306,bu2306,3715.0,2.0,74300.0,-2.0,5,3715.0,3716.0,6,3689.0,3696.0,3731.0,3696.0,3936.0,145973800.0,37707
2023-05-10 21:09:00,bu2306,bu2306,3715.0,0.0,0.0,0.0,5,3715.0,3716.0,6,3689.0,3696.0,3731.0,3696.0,3936.0,145973800.0,37707
2023-05-10 21:09:01,bu2306,bu2306,3715.0,0.0,0.0,0.0,5,3715.0,3717.0,10,3689.0,3696.0,3731.0,3696.0,3936.0,145973800.0,37707
2023-05-10 21:09:01,bu2306,bu2306,3715.0,0.0,0.0,0.0,5,3715.0,3717.0,10,3689.0,3696.0,3731.0,3696.0,3936.0,145973800.0,37707
2023-05-10 21:09:03,bu2306,bu2306,3715.0,0.0,0.0,0.0,1,3715.0,3717.0,10,3689.0,3696.0,3731.0,3696.0,3936.0,145973800.0,37707
2023-05-10 21:09:03,bu2306,bu2306,3715.0,0.0,0.0,0.0,6,3714.0,3717.0,15,3689.0,3696.0,3731.0,3696.0,3936.0,145973800.0,37707
2023-05-10 21:09:04,bu2306,bu2306,3715.0,0.0,0.0,0.0,10,3714.0,3716.0,5,3689.0,3696.0,3731.0,3696.0,3936.0,145973800.0,37707
2023-05-10 21:09:04,bu2306,bu2306,3715.0,0.0,0.0,0.0,10,3714.0,3716.0,10,3689.0,3696.0,3731.0,3696.0,3936.0,145973800.0,37707
2023-05-10 21:09:05,bu2306,bu2306,3715.0,0.0,0.0,0.0,11,3714.0,3716.0,10,3689.0,3696.0,3731.0,3696.0,3936.0,145973800.0,37707
2023-05-10 21:09:05,bu2306,bu2306,3715.0,0.0,0.0,0.0,11,3714.0,3716.0,10,3689.0,3696.0,3731.0,3696.0,3936.0,145973800.0,37707
2023-05-10 21:09:06,bu2306,bu2306,3714.0,1.0,37140.0,0.0,10,3714.0,3716.0,10,3689.0,3696.0,3731.0,3696.0,3937.0,146010940.0,37707
2023-05-10 21:09:07,bu2306,bu2306,3714.0,1.0,37140.0,0.0,9,3714.0,3716.0,10,3689.0,3696.0,3731.0,3696.0,3938.0,146048080.0,37707
2023-05-10 21:09:08,bu2306,bu2306,3714.0,5.0,185700.0,-1.0,2,3713.0,3715.0,6,3689.0,3696.0,3731.0,3696.0,3943.0,146233780.0,37706
2023-05-10 21:09:09,bu2306,bu2306,3714.0,0.0,0.0,0.0,6,3712.0,3715.0,15,3689.0,3696.0,3731.0,3696.0,3943.0,146233780.0,37706
2023-05-10 21:09:09,bu2306,bu2306,3714.0,0.0,0.0,0.0,6,3712.0,3714.0,19,3689.0,3696.0,3731.0,3696.0,3943.0,146233780.0,37706
2023-05-10 21:09:10,bu2306,bu2306,3714.0,0.0,0.0,0.0,6,3712.0,3714.0,24,3689.0,3696.0,3731.0,3696.0,3943.0,146233780.0,37706
2023-05-10 21:09:10,bu2306,bu2306,3714.0,0.0,0.0,0.0,6,3712.0,3714.0,25,3689.0,3696.0,3731.0,3696.0,3943.0,146233780.0,37706
2023-05-10 21:09:12,bu2306,bu2306,3712.0,2.0,74240.0,0.0,4,3712.0,3714.0,25,3689.0,3696.0,3731.0,3696.0,3945.0,146308020.0,37706
2023-05-10 21:09:12,bu2306,bu2306,3712.0,2.0,74240.0,0.0,2,3712.0,3714.0,25,3689.0,3696.0,3731.0,3696.0,3947.0,146382260.0,37706
2023-05-10 21:09:13,bu2306,bu2306,3712.0,1.0,37120.0,0.0,1,3712.0,3714.0,25,3689.0,3696.0,3731.0,3696.0,3948.0,146419380.0,37706
2023-05-10 21:09:13,bu2306,bu2306,3712.0,6.0,222820.0,0.0,6,3711.0,3714.0,20,3689.0,3696.0,3731.0,3696.0,3954.0,146642200.0,37706
2023-05-10 21:09:14,bu2306,bu2306,3712.0,0.0,0.0,0.0,6,3711.0,3713.0,14,3689.0,3696.0,3731.0,3696.0,3954.0,146642200.0,37706
2023-05-10 21:09:14,bu2306,bu2306,3712.0,1.0,37120.0,0.0,6,3711.0,3712.0,4,3689.0,3696.0,3731.0,3696.0,3955.0,146679320.0,37706
2023-05-10 21:09:15,bu2306,bu2306,3712.0,0.0,0.0,0.0,2,3711.0,3712.0,6,3689.0,3696.0,3731.0,3696.0,3955.0,146679320.0,37706
2023-05-10 21:09:15,bu2306,bu2306,3712.0,0.0,0.0,0.0,2,3711.0,3712.0,7,3689.0,3696.0,3731.0,3696.0,3955.0,146679320.0,37706
2023-05-10 21:09:16,bu2306,bu2306,3712.0,0.0,0.0,0.0,2,3711.0,3712.0,8,3689.0,3696.0,3731.0,3696.0,3955.0,146679320.0,37706
2023-05-10 21:09:19,bu2306,bu2306,3712.0,0.0,0.0,0.0,2,3711.0,3712.0,8,3689.0,3696.0,3731.0,3696.0,3955.0,146679320.0,37706
2023-05-10 21:09:20,bu2306,bu2306,3712.0,0.0,0.0,0.0,3,3711.0,3712.0,8,3689.0,3696.0,3731.0,3696.0,3955.0,146679320.0,37706
2023-05-10 21:09:20,bu2306,bu2306,3712.0,0.0,0.0,0.0,4,3711.0,3712.0,7,3689.0,3696.0,3731.0,3696.0,3955.0,146679320.0,37706
2023-05-10 21:09:21,bu2306,bu2306,3711.0,5.0,185550.0,-4.0,9,3710.0,3711.0,30,3689.0,3696.0,3731.0,3696.0,3960.0,146864870.0,37702
2023-05-10 21:09:21,bu2306,bu2306,3711.0,0.0,0.0,0.0,14,3710.0,3711.0,36,3689.0,3696.0,3731.0,3696.0,3960.0,146864870.0,37702
2023-05-10 21:09:22,bu2306,bu2306,3711.0,0.0,0.0,0.0,14,3710.0,3711.0,30,3689.0,3696.0,3731.0,3696.0,3960.0,146864870.0,37702
2023-05-10 21:09:23,bu2306,bu2306,3710.0,1.0,37100.0,0.0,13,3710.0,3711.0,30,3689.0,3696.0,3731.0,3696.0,3961.0,146901970.0,37702
2023-05-10 21:09:25,bu2306,bu2306,3710.0,0.0,0.0,0.0,9,3710.0,3711.0,30,3689.0,3696.0,3731.0,3696.0,3961.0,146901970.0,37702
2023-05-10 21:09:27,bu2306,bu2306,3710.0,9.0,333900.0,-5.0,12,3709.0,3710.0,21,3689.0,3696.0,3731.0,3696.0,3970.0,147235870.0,37697
2023-05-10 21:09:28,bu2306,bu2306,3710.0,10.0,371000.0,-8.0,14,3709.0,3710.0,15,3689.0,3696.0,3731.0,3696.0,3980.0,147606870.0,37689
2023-05-10 21:09:28,bu2306,bu2306,3710.0,8.0,296800.0,-6.0,27,3709.0,3710.0,7,3689.0,3696.0,3731.0,3696.0,3988.0,147903670.0,37683
2023-05-10 21:09:29,bu2306,bu2306,3710.0,3.0,111300.0,-1.0,27,3709.0,3710.0,4,3689.0,3696.0,3731.0,3696.0,3991.0,148014970.0,37682
2023-05-10 21:09:29,bu2306,bu2306,3710.0,0.0,0.0,0.0,28,3709.0,3710.0,4,3689.0,3696.0,3731.0,3696.0,3991.0,148014970.0,37682
2023-05-10 21:09:30,bu2306,bu2306,3709.0,6.0,222540.0,-6.0,22,3709.0,3710.0,4,3689.0,3696.0,3731.0,3696.0,3997.0,148237510.0,37676
2023-05-10 21:09:30,bu2306,bu2306,3709.0,0.0,0.0,0.0,10,3709.0,3710.0,6,3689.0,3696.0,3731.0,3696.0,3997.0,148237510.0,37676
2023-05-10 21:09:32,bu2306,bu2306,3710.0,6.0,222600.0,4.0,3,3710.0,3711.0,30,3689.0,3696.0,3731.0,3696.0,4003.0,148460110.0,37680
2023-05-10 21:09:32,bu2306,bu2306,3711.0,1.0,37110.0,-1.0,5,3710.0,3711.0,29,3689.0,3696.0,3731.0,3696.0,4004.0,148497220.0,37679
2023-05-10 21:09:35,bu2306,bu2306,3711.0,3.0,111330.0,0.0,5,3710.0,3711.0,26,3689.0,3696.0,3731.0,3696.0,4007.0,148608550.0,37679
2023-05-10 21:09:36,bu2306,bu2306,3711.0,0.0,0.0,0.0,6,3710.0,3711.0,26,3689.0,3696.0,3731.0,3696.0,4007.0,148608550.0,37679
2023-05-10 21:09:39,bu2306,bu2306,3711.0,0.0,0.0,0.0,6,3710.0,3711.0,26,3689.0,3696.0,3731.0,3696.0,4007.0,148608550.0,37679
2023-05-10 21:09:45,bu2306,bu2306,3711.0,5.0,185550.0,-5.0,6,3710.0,3711.0,21,3689.0,3696.0,3731.0,3696.0,4012.0,148794100.0,37674
2023-05-10 21:09:46,bu2306,bu2306,3711.0,0.0,0.0,0.0,19,3710.0,3711.0,21,3689.0,3696.0,3731.0,3696.0,4012.0,148794100.0,37674
2023-05-10 21:09:46,bu2306,bu2306,3711.0,1.0,37110.0,-1.0,22,3710.0,3711.0,20,3689.0,3696.0,3731.0,3696.0,4013.0,148831210.0,37673
2023-05-10 21:09:49,bu2306,bu2306,3711.0,5.0,185550.0,-5.0,22,3710.0,3711.0,15,3689.0,3696.0,3731.0,3696.0,4018.0,149016760.0,37668
2023-05-10 21:09:49,bu2306,bu2306,3711.0,5.0,185550.0,-3.0,22,3710.0,3711.0,10,3689.0,3696.0,3731.0,3696.0,4023.0,149202310.0,37665
2023-05-10 21:09:50,bu2306,bu2306,3711.0,8.0,296880.0,-4.0,22,3710.0,3711.0,2,3689.0,3696.0,3731.0,3696.0,4031.0,149499190.0,37661
2023-05-10 21:09:50,bu2306,bu2306,3711.0,2.0,74220.0,0.0,2,3711.0,3712.0,6,3689.0,3696.0,3731.0,3696.0,4033.0,149573410.0,37661
2023-05-10 21:09:51,bu2306,bu2306,3711.0,0.0,0.0,0.0,10,3711.0,3712.0,6,3689.0,3696.0,3731.0,3696.0,4033.0,149573410.0,37661
2023-05-10 21:09:51,bu2306,bu2306,3711.0,0.0,0.0,0.0,10,3711.0,3713.0,14,3689.0,3696.0,3731.0,3696.0,4033.0,149573410.0,37661
2023-05-10 21:09:52,bu2306,bu2306,3711.0,0.0,0.0,0.0,10,3711.0,3713.0,14,3689.0,3696.0,3731.0,3696.0,4033.0,149573410.0,37661
2023-05-10 21:09:52,bu2306,bu2306,3711.0,0.0,0.0,0.0,11,3711.0,3713.0,14,3689.0,3696.0,3731.0,3696.0,4033.0,149573410.0,37661
2023-05-10 21:09:53,bu2306,bu2306,3712.0,2.0,74240.0,0.0,9,3711.0,3712.0,2,3689.0,3696.0,3731.0,3696.0,4035.0,149647650.0,37661
2023-05-10 21:09:54,bu2306,bu2306,3712.0,0.0,0.0,0.0,9,3711.0,3713.0,14,3689.0,3696.0,3731.0,3696.0,4035.0,149647650.0,37661
2023-05-10 21:09:55,bu2306,bu2306,3712.0,0.0,0.0,0.0,10,3711.0,3713.0,14,3689.0,3696.0,3731.0,3696.0,4035.0,149647650.0,37661
2023-05-10 21:10:00,bu2306,bu2306,3713.0,10.0,371300.0,-2.0,10,3711.0,3713.0,4,3689.0,3696.0,3731.0,3696.0,4045.0,150018950.0,37659
2023-05-10 21:10:01,bu2306,bu2306,3713.0,2.0,74260.0,0.0,9,3711.0,3713.0,6,3689.0,3696.0,3731.0,3696.0,4047.0,150093210.0,37659
