time,symbol_id,symbol_name,last,trade_volume,trade_amount,open_interest_change,bv1,bp1,ap1,av1,yesterday_close,today_open,today_high,today_low,volume,amount,open_interest
2023-05-10 20:59:00,bu2310,bu2310,3553.0,84.0,2984520.0,29.0,1,3542.0,3583.0,6,3553.0,3553.0,3553.0,3553.0,84.0,2984520.0,2407
2023-05-10 21:00:01,bu2310,bu2310,3553.0,0.0,0.0,0.0,1,3552.0,3583.0,7,3553.0,3553.0,3553.0,3553.0,84.0,2984520.0,2407
2023-05-10 21:00:01,bu2310,bu2310,3553.0,0.0,0.0,0.0,12,3553.0,3581.0,1,3553.0,3553.0,3553.0,3553.0,84.0,2984520.0,2407
2023-05-10 21:00:02,bu2310,bu2310,3553.0,0.0,0.0,0.0,1,3564.0,3580.0,9,3553.0,3553.0,3553.0,3553.0,84.0,2984520.0,2407
2023-05-10 21:00:02,bu2310,bu2310,3553.0,0.0,0.0,0.0,10,3565.0,3579.0,4,3553.0,3553.0,3553.0,3553.0,84.0,2984520.0,2407
2023-05-10 21:00:03,bu2310,bu2310,3553.0,0.0,0.0,0.0,2,3566.0,3578.0,8,3553.0,3553.0,3553.0,3553.0,84.0,2984520.0,2407
2023-05-10 21:00:03,bu2310,bu2310,3553.0,0.0,0.0,0.0,4,3567.0,3576.0,30,3553.0,3553.0,3553.0,3553.0,84.0,2984520.0,2407
2023-05-10 21:00:04,bu2310,bu2310,3553.0,0.0,0.0,0.0,6,3567.0,3575.0,3,3553.0,3553.0,3553.0,3553.0,84.0,2984520.0,2407
2023-05-10 21:00:04,bu2310,bu2310,3553.0,0.0,0.0,0.0,1,3568.0,3574.0,30,3553.0,3553.0,3553.0,3553.0,84.0,2984520.0,2407
2023-05-10 21:00:05,bu2310,bu2310,3553.0,0.0,0.0,0.0,1,3570.0,3573.0,5,3553.0,3553.0,3553.0,3553.0,84.0,2984520.0,2407
2023-05-10 21:00:05,bu2310,bu2310,3574.0,8.0,285870.0,-3.0,2,3572.0,3575.0,6,3553.0,3553.0,3574.0,3553.0,92.0,3270390.0,2404
2023-05-10 21:00:06,bu2310,bu2310,3574.0,0.0,0.0,0.0,7,3573.0,3578.0,1,3553.0,3553.0,3574.0,3553.0,92.0,3270390.0,2404
2023-05-10 21:00:06,bu2310,bu2310,3574.0,0.0,0.0,0.0,4,3573.0,3578.0,3,3553.0,3553.0,3574.0,3553.0,92.0,3270390.0,2404
2023-05-10 21:00:07,bu2310,bu2310,3574.0,0.0,0.0,0.0,8,3573.0,3578.0,1,3553.0,3553.0,3574.0,3553.0,92.0,3270390.0,2404
2023-05-10 21:00:07,bu2310,bu2310,3574.0,0.0,0.0,0.0,7,3573.0,3578.0,1,3553.0,3553.0,3574.0,3553.0,92.0,3270390.0,2404
2023-05-10 21:00:08,bu2310,bu2310,3578.0,1.0,35780.0,1.0,1,3574.0,3580.0,3,3553.0,3553.0,3578.0,3553.0,93.0,3306170.0,2405
2023-05-10 21:00:08,bu2310,bu2310,3578.0,0.0,0.0,0.0,1,3575.0,3578.0,31,3553.0,3553.0,3578.0,3553.0,93.0,3306170.0,2405
2023-05-10 21:00:09,bu2310,bu2310,3578.0,0.0,0.0,0.0,6,3575.0,3580.0,4,3553.0,3553.0,3578.0,3553.0,93.0,3306170.0,2405
2023-05-10 21:00:09,bu2310,bu2310,3578.0,0.0,0.0,0.0,2,3575.0,3580.0,4,3553.0,3553.0,3578.0,3553.0,93.0,3306170.0,2405
2023-05-10 21:00:10,bu2310,bu2310,3578.0,0.0,0.0,0.0,4,3576.0,3580.0,3,3553.0,3553.0,3578.0,3553.0,93.0,3306170.0,2405
2023-05-10 21:00:10,bu2310,bu2310,3578.0,0.0,0.0,0.0,3,3576.0,3580.0,2,3553.0,3553.0,3578.0,3553.0,93.0,3306170.0,2405
2023-05-10 21:00:11,bu2310,bu2310,3575.0,10.0,357630.0,-7.0,6,3577.0,3580.0,2,3553.0,3553.0,3578.0,3553.0,103.0,3663800.0,2398
2023-05-10 21:00:11,bu2310,bu2310,3575.0,0.0,0.0,0.0,5,3576.0,3580.0,3,3553.0,3553.0,3578.0,3553.0,103.0,3663800.0,2398
2023-05-10 21:00:12,bu2310,bu2310,3575.0,6.0,214550.0,-2.0,2,3576.0,3579.0,1,3553.0,3553.0,3578.0,3553.0,109.0,3878350.0,2396
2023-05-10 21:00:12,bu2310,bu2310,3575.0,0.0,0.0,0.0,1,3573.0,3579.0,7,3553.0,3553.0,3578.0,3553.0,109.0,3878350.0,2396
2023-05-10 21:00:13,bu2310,bu2310,3575.0,0.0,0.0,0.0,5,3573.0,3576.0,1,3553.0,3553.0,3578.0,3553.0,109.0,3878350.0,2396
2023-05-10 21:00:13,bu2310,bu2310,3575.0,0.0,0.0,0.0,2,3573.0,3579.0,5,3553.0,3553.0,3578.0,3553.0,109.0,3878350.0,2396
2023-05-10 21:00:14,bu2310,bu2310,3575.0,0.0,0.0,0.0,4,3573.0,3576.0,30,3553.0,3553.0,3578.0,3553.0,109.0,3878350.0,2396
2023-05-10 21:00:14,bu2310,bu2310,3575.0,0.0,0.0,0.0,4,3573.0,3576.0,30,3553.0,3553.0,3578.0,3553.0,109.0,3878350.0,2396
2023-05-10 21:00:15,bu2310,bu2310,3575.0,0.0,0.0,0.0,5,3574.0,3576.0,30,3553.0,3553.0,3578.0,3553.0,109.0,3878350.0,2396
2023-05-10 21:00:15,bu2310,bu2310,3576.0,2.0,71520.0,1.0,7,3574.0,3576.0,28,3553.0,3553.0,3578.0,3553.0,111.0,3949870.0,2397
2023-05-10 21:00:16,bu2310,bu2310,3576.0,3.0,107280.0,2.0,1,3575.0,3576.0,25,3553.0,3553.0,3578.0,3553.0,114.0,4057150.0,2399
2023-05-10 21:00:16,bu2310,bu2310,3576.0,1.0,35760.0,1.0,1,3575.0,3576.0,24,3553.0,3553.0,3578.0,3553.0,115.0,4092910.0,2400
2023-05-10 21:00:17,bu2310,bu2310,3576.0,0.0,0.0,0.0,3,3575.0,3576.0,24,3553.0,3553.0,3578.0,3553.0,115.0,4092910.0,2400
2023-05-10 21:00:17,bu2310,bu2310,3576.0,0.0,0.0,0.0,1,3575.0,3576.0,24,3553.0,3553.0,3578.0,3553.0,115.0,4092910.0,2400
2023-05-10 21:00:18,bu2310,bu2310,3576.0,0.0,0.0,0.0,2,3575.0,3576.0,24,3553.0,3553.0,3578.0,3553.0,115.0,4092910.0,2400
2023-05-10 21:00:19,bu2310,bu2310,3576.0,7.0,250320.0,0.0,2,3575.0,3576.0,17,3553.0,3553.0,3578.0,3553.0,122.0,4343230.0,2400
2023-05-10 21:00:19,bu2310,bu2310,3576.0,17.0,607920.0,0.0,4,3576.0,3579.0,6,3553.0,3553.0,3578.0,3553.0,139.0,4951150.0,2400
2023-05-10 21:00:20,bu2310,bu2310,3576.0,0.0,0.0,0.0,1,3578.0,3580.0,10,3553.0,3553.0,3578.0,3553.0,139.0,4951150.0,2400
2023-05-10 21:00:20,bu2310,bu2310,3580.0,1.0,35800.0,1.0,3,3578.0,3580.0,1,3553.0,3553.0,3580.0,3553.0,140.0,4986950.0,2401
2023-05-10 21:00:21,bu2310,bu2310,3580.0,0.0,0.0,0.0,1,3579.0,3580.0,1,3553.0,3553.0,3580.0,3553.0,140.0,4986950.0,2401
2023-05-10 21:00:21,bu2310,bu2310,3580.0,0.0,0.0,0.0,3,3579.0,3580.0,1,3553.0,3553.0,3580.0,3553.0,140.0,4986950.0,2401
2023-05-10 21:00:22,bu2310,bu2310,3579.0,1.0,35790.0,-1.0,1,3577.0,3580.0,2,3553.0,3553.0,3580.0,3553.0,141.0,5022740.0,2400
2023-05-10 21:00:23,bu2310,bu2310,3579.0,0.0,0.0,0.0,2,3576.0,3579.0,1,3553.0,3553.0,3580.0,3553.0,141.0,5022740.0,2400
2023-05-10 21:00:23,bu2310,bu2310,3579.0,0.0,0.0,0.0,8,3577.0,3579.0,1,3553.0,3553.0,3580.0,3553.0,141.0,5022740.0,2400
2023-05-10 21:00:24,bu2310,bu2310,3579.0,0.0,0.0,0.0,2,3577.0,3580.0,2,3553.0,3553.0,3580.0,3553.0,141.0,5022740.0,2400
2023-05-10 21:00:24,bu2310,bu2310,3579.0,0.0,0.0,0.0,3,3577.0,3580.0,2,3553.0,3553.0,3580.0,3553.0,141.0,5022740.0,2400
2023-05-10 21:00:25,bu2310,bu2310,3579.0,0.0,0.0,0.0,9,3577.0,3579.0,1,3553.0,3553.0,3580.0,3553.0,141.0,5022740.0,2400
2023-05-10 21:00:25,bu2310,bu2310,3579.0,0.0,0.0,0.0,1,3577.0,3580.0,2,3553.0,3553.0,3580.0,3553.0,141.0,5022740.0,2400
2023-05-10 21:00:26,bu2310,bu2310,3579.0,0.0,0.0,0.0,5,3578.0,3580.0,2,3553.0,3553.0,3580.0,3553.0,141.0,5022740.0,2400
2023-05-10 21:00:26,bu2310,bu2310,3579.0,0.0,0.0,0.0,7,3578.0,3580.0,1,3553.0,3553.0,3580.0,3553.0,141.0,5022740.0,2400
2023-05-10 21:00:27,bu2310,bu2310,3579.0,0.0,0.0,0.0,16,3578.0,3580.0,1,3553.0,3553.0,3580.0,3553.0,141.0,5022740.0,2400
2023-05-10 21:00:27,bu2310,bu2310,3580.0,1.0,35800.0,1.0,1,3580.0,3582.0,2,3553.0,3553.0,3580.0,3553.0,142.0,5058540.0,2401
2023-05-10 21:00:28,bu2310,bu2310,3580.0,0.0,0.0,0.0,3,3580.0,3582.0,6,3553.0,3553.0,3580.0,3553.0,142.0,5058540.0,2401
2023-05-10 21:00:28,bu2310,bu2310,3580.0,0.0,0.0,0.0,1,3580.0,3582.0,7,3553.0,3553.0,3580.0,3553.0,142.0,5058540.0,2401
2023-05-10 21:00:29,bu2310,bu2310,3580.0,0.0,0.0,0.0,1,3581.0,3582.0,1,3553.0,3553.0,3580.0,3553.0,142.0,5058540.0,2401
2023-05-10 21:00:29,bu2310,bu2310,3580.0,0.0,0.0,0.0,2,3581.0,3582.0,1,3553.0,3553.0,3580.0,3553.0,142.0,5058540.0,2401
2023-05-10 21:00:30,bu2310,bu2310,3582.0,1.0,35820.0,1.0,2,3581.0,3584.0,6,3553.0,3553.0,3582.0,3553.0,143.0,5094360.0,2402
2023-05-10 21:00:30,bu2310,bu2310,3582.0,0.0,0.0,0.0,3,3581.0,3584.0,6,3553.0,3553.0,3582.0,3553.0,143.0,5094360.0,2402
2023-05-10 21:00:31,bu2310,bu2310,3582.0,0.0,0.0,0.0,5,3582.0,3585.0,6,3553.0,3553.0,3582.0,3553.0,143.0,5094360.0,2402
2023-05-10 21:00:31,bu2310,bu2310,3582.0,0.0,0.0,0.0,1,3583.0,3585.0,1,3553.0,3553.0,3582.0,3553.0,143.0,5094360.0,2402
2023-05-10 21:00:32,bu2310,bu2310,3582.0,0.0,0.0,0.0,4,3584.0,3586.0,6,3553.0,3553.0,3582.0,3553.0,143.0,5094360.0,2402
2023-05-10 21:00:32,bu2310,bu2310,3582.0,0.0,0.0,0.0,4,3584.0,3585.0,1,3553.0,3553.0,3582.0,3553.0,143.0,5094360.0,2402
2023-05-10 21:00:33,bu2310,bu2310,3582.0,0.0,0.0,0.0,5,3584.0,3586.0,2,3553.0,3553.0,3582.0,3553.0,143.0,5094360.0,2402
2023-05-10 21:00:33,bu2310,bu2310,3582.0,0.0,0.0,0.0,1,3585.0,3587.0,6,3553.0,3553.0,3582.0,3553.0,143.0,5094360.0,2402
2023-05-10 21:00:34,bu2310,bu2310,3582.0,0.0,0.0,0.0,2,3586.0,3588.0,6,3553.0,3553.0,3582.0,3553.0,143.0,5094360.0,2402
2023-05-10 21:00:34,bu2310,bu2310,3582.0,0.0,0.0,0.0,3,3586.0,3588.0,6,3553.0,3553.0,3582.0,3553.0,143.0,5094360.0,2402
2023-05-10 21:00:35,bu2310,bu2310,3582.0,0.0,0.0,0.0,3,3586.0,3589.0,6,3553.0,3553.0,3582.0,3553.0,143.0,5094360.0,2402
2023-05-10 21:00:35,bu2310,bu2310,3582.0,0.0,0.0,0.0,3,3587.0,3589.0,5,3553.0,3553.0,3582.0,3553.0,143.0,5094360.0,2402
2023-05-10 21:00:36,bu2310,bu2310,3582.0,0.0,0.0,0.0,4,3587.0,3589.0,2,3553.0,3553.0,3582.0,3553.0,143.0,5094360.0,2402
2023-05-10 21:00:37,bu2310,bu2310,3582.0,0.0,0.0,0.0,5,3587.0,3589.0,1,3553.0,3553.0,3582.0,3553.0,143.0,5094360.0,2402
2023-05-10 21:00:37,bu2310,bu2310,3582.0,0.0,0.0,0.0,6,3587.0,3589.0,1,3553.0,3553.0,3582.0,3553.0,143.0,5094360.0,2402
2023-05-10 21:00:38,bu2310,bu2310,3582.0,0.0,0.0,0.0,1,3588.0,3589.0,1,3553.0,3553.0,3582.0,3553.0,143.0,5094360.0,2402
2023-05-10 21:00:38,bu2310,bu2310,3589.0,2.0,71770.0,-1.0,1,3589.0,3591.0,6,3553.0,3553.0,3589.0,3553.0,145.0,5166130.0,2401
2023-05-10 21:00:39,bu2310,bu2310,3589.0,0.0,0.0,0.0,4,3590.0,3591.0,1,3553.0,3553.0,3589.0,3553.0,145.0,5166130.0,2401
2023-05-10 21:00:39,bu2310,bu2310,3589.0,0.0,0.0,0.0,4,3590.0,3592.0,1,3553.0,3553.0,3589.0,3553.0,145.0,5166130.0,2401
2023-05-10 21:00:40,bu2310,bu2310,3592.0,1.0,35920.0,0.0,1,3592.0,3593.0,1,3553.0,3553.0,3592.0,3553.0,146.0,5202050.0,2401
2023-05-10 21:00:40,bu2310,bu2310,3592.0,0.0,0.0,0.0,2,3592.0,3593.0,5,3553.0,3553.0,3592.0,3553.0,146.0,5202050.0,2401
2023-05-10 21:00:41,bu2310,bu2310,3592.0,0.0,0.0,0.0,6,3592.0,3594.0,5,3553.0,3553.0,3592.0,3553.0,146.0,5202050.0,2401
2023-05-10 21:00:41,bu2310,bu2310,3592.0,2.0,71840.0,-1.0,7,3592.0,3594.0,5,3553.0,3553.0,3592.0,3553.0,148.0,5273890.0,2400
2023-05-10 21:00:42,bu2310,bu2310,3592.0,0.0,0.0,0.0,5,3592.0,3594.0,1,3553.0,3553.0,3592.0,3553.0,148.0,5273890.0,2400
2023-05-10 21:00:42,bu2310,bu2310,3592.0,5.0,179600.0,-5.0,1,3592.0,3593.0,1,3553.0,3553.0,3592.0,3553.0,153.0,5453490.0,2395
2023-05-10 21:00:43,bu2310,bu2310,3592.0,0.0,0.0,0.0,1,3591.0,3593.0,2,3553.0,3553.0,3592.0,3553.0,153.0,5453490.0,2395
2023-05-10 21:00:43,bu2310,bu2310,3592.0,0.0,0.0,0.0,18,3591.0,3593.0,1,3553.0,3553.0,3592.0,3553.0,153.0,5453490.0,2395
2023-05-10 21:00:44,bu2310,bu2310,3592.0,0.0,0.0,0.0,2,3591.0,3593.0,1,3553.0,3553.0,3592.0,3553.0,153.0,5453490.0,2395
2023-05-10 21:00:44,bu2310,bu2310,3592.0,0.0,0.0,0.0,2,3591.0,3594.0,1,3553.0,3553.0,3592.0,3553.0,153.0,5453490.0,2395
2023-05-10 21:00:45,bu2310,bu2310,3592.0,0.0,0.0,0.0,2,3591.0,3594.0,6,3553.0,3553.0,3592.0,3553.0,153.0,5453490.0,2395
2023-05-10 21:00:45,bu2310,bu2310,3592.0,0.0,0.0,0.0,2,3592.0,3595.0,6,3553.0,3553.0,3592.0,3553.0,153.0,5453490.0,2395
2023-05-10 21:00:46,bu2310,bu2310,3592.0,0.0,0.0,0.0,1,3593.0,3595.0,6,3553.0,3553.0,3592.0,3553.0,153.0,5453490.0,2395
2023-05-10 21:00:46,bu2310,bu2310,3592.0,0.0,0.0,0.0,1,3592.0,3594.0,1,3553.0,3553.0,3592.0,3553.0,153.0,5453490.0,2395
2023-05-10 21:00:47,bu2310,bu2310,3592.0,0.0,0.0,0.0,4,3592.0,3595.0,8,3553.0,3553.0,3592.0,3553.0,153.0,5453490.0,2395
2023-05-10 21:00:47,bu2310,bu2310,3592.0,0.0,0.0,0.0,1,3593.0,3595.0,16,3553.0,3553.0,3592.0,3553.0,153.0,5453490.0,2395
2023-05-10 21:00:48,bu2310,bu2310,3592.0,0.0,0.0,0.0,3,3593.0,3595.0,6,3553.0,3553.0,3592.0,3553.0,153.0,5453490.0,2395
2023-05-10 21:00:48,bu2310,bu2310,3592.0,0.0,0.0,0.0,2,3593.0,3595.0,6,3553.0,3553.0,3592.0,3553.0,153.0,5453490.0,2395
2023-05-10 21:00:49,bu2310,bu2310,3592.0,0.0,0.0,0.0,4,3593.0,3595.0,6,3553.0,3553.0,3592.0,3553.0,153.0,5453490.0,2395
2023-05-10 21:00:49,bu2310,bu2310,3592.0,0.0,0.0,0.0,1,3594.0,3596.0,5,3553.0,3553.0,3592.0,3553.0,153.0,5453490.0,2395
2023-05-10 21:00:50,bu2310,bu2310,3593.0,4.0,143720.0,-1.0,1,3593.0,3594.0,2,3553.0,3553.0,3593.0,3553.0,157.0,5597210.0,2394
2023-05-10 21:00:50,bu2310,bu2310,3594.0,1.0,35940.0,0.0,1,3592.0,3594.0,1,3553.0,3553.0,3594.0,3553.0,158.0,5633150.0,2394
2023-05-10 21:00:51,bu2310,bu2310,3594.0,0.0,0.0,0.0,4,3593.0,3594.0,1,3553.0,3553.0,3594.0,3553.0,158.0,5633150.0,2394
2023-05-10 21:00:51,bu2310,bu2310,3594.0,0.0,0.0,0.0,5,3593.0,3594.0,1,3553.0,3553.0,3594.0,3553.0,158.0,5633150.0,2394
2023-05-10 21:00:52,bu2310,bu2310,3594.0,0.0,0.0,0.0,6,3593.0,3594.0,1,3553.0,3553.0,3594.0,3553.0,158.0,5633150.0,2394
2023-05-10 21:00:52,bu2310,bu2310,3593.0,1.0,35930.0,-1.0,7,3593.0,3594.0,1,3553.0,3553.0,3594.0,3553.0,159.0,5669080.0,2393
2023-05-10 21:00:53,bu2310,bu2310,3593.0,2.0,71860.0,-1.0,2,3593.0,3596.0,4,3553.0,3553.0,3594.0,3553.0,161.0,5740940.0,2392
2023-05-10 21:00:53,bu2310,bu2310,3593.0,0.0,0.0,0.0,2,3593.0,3595.0,5,3553.0,3553.0,3594.0,3553.0,161.0,5740940.0,2392
2023-05-10 21:00:54,bu2310,bu2310,3593.0,0.0,0.0,0.0,4,3593.0,3595.0,5,3553.0,3553.0,3594.0,3553.0,161.0,5740940.0,2392
2023-05-10 21:00:54,bu2310,bu2310,3593.0,0.0,0.0,0.0,2,3594.0,3596.0,6,3553.0,3553.0,3594.0,3553.0,161.0,5740940.0,2392
2023-05-10 21:00:55,bu2310,bu2310,3593.0,5.0,179670.0,-4.0,4,3593.0,3596.0,2,3553.0,3553.0,3594.0,3553.0,166.0,5920610.0,2388
2023-05-10 21:00:55,bu2310,bu2310,3593.0,0.0,0.0,0.0,26,3594.0,3596.0,6,3553.0,3553.0,3594.0,3553.0,166.0,5920610.0,2388
2023-05-10 21:00:56,bu2310,bu2310,3593.0,0.0,0.0,0.0,25,3594.0,3596.0,2,3553.0,3553.0,3594.0,3553.0,166.0,5920610.0,2388
2023-05-10 21:00:56,bu2310,bu2310,3593.0,0.0,0.0,0.0,1,3594.0,3596.0,1,3553.0,3553.0,3594.0,3553.0,166.0,5920610.0,2388
2023-05-10 21:00:57,bu2310,bu2310,3593.0,0.0,0.0,0.0,1,3594.0,3596.0,5,3553.0,3553.0,3594.0,3553.0,166.0,5920610.0,2388
2023-05-10 21:00:57,bu2310,bu2310,3593.0,0.0,0.0,0.0,4,3593.0,3596.0,1,3553.0,3553.0,3594.0,3553.0,166.0,5920610.0,2388
2023-05-10 21:00:58,bu2310,bu2310,3593.0,0.0,0.0,0.0,4,3593.0,3596.0,2,3553.0,3553.0,3594.0,3553.0,166.0,5920610.0,2388
2023-05-10 21:00:58,bu2310,bu2310,3593.0,0.0,0.0,0.0,25,3593.0,3596.0,3,3553.0,3553.0,3594.0,3553.0,166.0,5920610.0,2388
2023-05-10 21:00:59,bu2310,bu2310,3593.0,0.0,0.0,0.0,26,3592.0,3596.0,9,3553.0,3553.0,3594.0,3553.0,166.0,5920610.0,2388
2023-05-10 21:00:59,bu2310,bu2310,3593.0,0.0,0.0,0.0,2,3591.0,3594.0,1,3553.0,3553.0,3594.0,3553.0,166.0,5920610.0,2388
2023-05-10 21:01:00,bu2310,bu2310,3593.0,0.0,0.0,0.0,28,3591.0,3594.0,9,3553.0,3553.0,3594.0,3553.0,166.0,5920610.0,2388
2023-05-10 21:01:00,bu2310,bu2310,3593.0,0.0,0.0,0.0,4,3591.0,3594.0,8,3553.0,3553.0,3594.0,3553.0,166.0,5920610.0,2388
2023-05-10 21:01:01,bu2310,bu2310,3593.0,0.0,0.0,0.0,2,3592.0,3594.0,8,3553.0,3553.0,3594.0,3553.0,166.0,5920610.0,2388
2023-05-10 21:01:01,bu2310,bu2310,3593.0,0.0,0.0,0.0,27,3592.0,3594.0,6,3553.0,3553.0,3594.0,3553.0,166.0,5920610.0,2388
2023-05-10 21:01:02,bu2310,bu2310,3594.0,1.0,35940.0,-1.0,28,3592.0,3594.0,5,3553.0,3553.0,3594.0,3553.0,167.0,5956550.0,2387
2023-05-10 21:01:02,bu2310,bu2310,3594.0,9.0,323460.0,5.0,25,3594.0,3596.0,6,3553.0,3553.0,3594.0,3553.0,176.0,6280010.0,2392
2023-05-10 21:01:03,bu2310,bu2310,3594.0,0.0,0.0,0.0,1,3593.0,3596.0,4,3553.0,3553.0,3594.0,3553.0,176.0,6280010.0,2392
2023-05-10 21:01:03,bu2310,bu2310,3594.0,0.0,0.0,0.0,1,3594.0,3596.0,4,3553.0,3553.0,3594.0,3553.0,176.0,6280010.0,2392
2023-05-10 21:01:04,bu2310,bu2310,3594.0,0.0,0.0,0.0,1,3594.0,3596.0,28,3553.0,3553.0,3594.0,3553.0,176.0,6280010.0,2392
2023-05-10 21:01:04,bu2310,bu2310,3594.0,1.0,35940.0,0.0,2,3593.0,3596.0,37,3553.0,3553.0,3594.0,3553.0,177.0,6315950.0,2392
2023-05-10 21:01:05,bu2310,bu2310,3593.0,2.0,71860.0,-1.0,25,3593.0,3596.0,41,3553.0,3553.0,3594.0,3553.0,179.0,6387810.0,2391
2023-05-10 21:01:05,bu2310,bu2310,3593.0,0.0,0.0,0.0,27,3592.0,3595.0,2,3553.0,3553.0,3594.0,3553.0,179.0,6387810.0,2391
2023-05-10 21:01:06,bu2310,bu2310,3593.0,0.0,0.0,0.0,28,3592.0,3594.0,2,3553.0,3553.0,3594.0,3553.0,179.0,6387810.0,2391
2023-05-10 21:01:06,bu2310,bu2310,3593.0,0.0,0.0,0.0,25,3593.0,3594.0,3,3553.0,3553.0,3594.0,3553.0,179.0,6387810.0,2391
2023-05-10 21:01:07,bu2310,bu2310,3593.0,0.0,0.0,0.0,28,3592.0,3593.0,1,3553.0,3553.0,3594.0,3553.0,179.0,6387810.0,2391
2023-05-10 21:01:08,bu2310,bu2310,3593.0,0.0,0.0,0.0,2,3592.0,3593.0,1,3553.0,3553.0,3594.0,3553.0,179.0,6387810.0,2391
2023-05-10 21:01:08,bu2310,bu2310,3592.0,7.0,251540.0,1.0,2,3591.0,3595.0,7,3553.0,3553.0,3594.0,3553.0,186.0,6639350.0,2392
2023-05-10 21:01:09,bu2310,bu2310,3592.0,0.0,0.0,0.0,27,3591.0,3595.0,23,3553.0,3553.0,3594.0,3553.0,186.0,6639350.0,2392
2023-05-10 21:01:09,bu2310,bu2310,3592.0,0.0,0.0,0.0,3,3591.0,3595.0,17,3553.0,3553.0,3594.0,3553.0,186.0,6639350.0,2392
2023-05-10 21:01:10,bu2310,bu2310,3592.0,0.0,0.0,0.0,2,3591.0,3594.0,14,3553.0,3553.0,3594.0,3553.0,186.0,6639350.0,2392
2023-05-10 21:01:10,bu2310,bu2310,3592.0,0.0,0.0,0.0,2,3591.0,3592.0,9,3553.0,3553.0,3594.0,3553.0,186.0,6639350.0,2392
2023-05-10 21:01:11,bu2310,bu2310,3592.0,0.0,0.0,0.0,1,3591.0,3593.0,1,3553.0,3553.0,3594.0,3553.0,186.0,6639350.0,2392
2023-05-10 21:01:11,bu2310,bu2310,3592.0,0.0,0.0,0.0,1,3592.0,3593.0,15,3553.0,3553.0,3594.0,3553.0,186.0,6639350.0,2392
2023-05-10 21:01:12,bu2310,bu2310,3592.0,1.0,35920.0,0.0,1,3591.0,3592.0,3,3553.0,3553.0,3594.0,3553.0,187.0,6675270.0,2392
2023-05-10 21:01:12,bu2310,bu2310,3592.0,0.0,0.0,0.0,2,3591.0,3592.0,1,3553.0,3553.0,3594.0,3553.0,187.0,6675270.0,2392
2023-05-10 21:01:13,bu2310,bu2310,3592.0,0.0,0.0,0.0,1,3591.0,3592.0,1,3553.0,3553.0,3594.0,3553.0,187.0,6675270.0,2392
2023-05-10 21:01:13,bu2310,bu2310,3592.0,0.0,0.0,0.0,1,3591.0,3592.0,2,3553.0,3553.0,3594.0,3553.0,187.0,6675270.0,2392
2023-05-10 21:01:14,bu2310,bu2310,3592.0,0.0,0.0,0.0,1,3591.0,3592.0,1,3553.0,3553.0,3594.0,3553.0,187.0,6675270.0,2392
2023-05-10 21:01:14,bu2310,bu2310,3592.0,0.0,0.0,0.0,1,3591.0,3592.0,5,3553.0,3553.0,3594.0,3553.0,187.0,6675270.0,2392
2023-05-10 21:01:15,bu2310,bu2310,3590.0,2.0,71810.0,-1.0,25,3588.0,3591.0,2,3553.0,3553.0,3594.0,3553.0,189.0,6747080.0,2391
2023-05-10 21:01:15,bu2310,bu2310,3590.0,0.0,0.0,0.0,27,3588.0,3591.0,2,3553.0,3553.0,3594.0,3553.0,189.0,6747080.0,2391
2023-05-10 21:01:16,bu2310,bu2310,3590.0,0.0,0.0,0.0,25,3589.0,3591.0,2,3553.0,3553.0,3594.0,3553.0,189.0,6747080.0,2391
2023-05-10 21:01:16,bu2310,bu2310,3590.0,0.0,0.0,0.0,3,3589.0,3592.0,19,3553.0,3553.0,3594.0,3553.0,189.0,6747080.0,2391
2023-05-10 21:01:17,bu2310,bu2310,3589.0,3.0,107670.0,0.0,25,3589.0,3592.0,34,3553.0,3553.0,3594.0,3553.0,192.0,6854750.0,2391
2023-05-10 21:01:17,bu2310,bu2310,3589.0,3.0,107670.0,3.0,5,3585.0,3592.0,4,3553.0,3553.0,3594.0,3553.0,195.0,6962420.0,2394
2023-05-10 21:01:18,bu2310,bu2310,3589.0,0.0,0.0,0.0,1,3588.0,3592.0,7,3553.0,3553.0,3594.0,3553.0,195.0,6962420.0,2394
2023-05-10 21:01:18,bu2310,bu2310,3589.0,0.0,0.0,0.0,2,3588.0,3591.0,1,3553.0,3553.0,3594.0,3553.0,195.0,6962420.0,2394
2023-05-10 21:01:19,bu2310,bu2310,3589.0,0.0,0.0,0.0,25,3590.0,3591.0,1,3553.0,3553.0,3594.0,3553.0,195.0,6962420.0,2394
2023-05-10 21:01:19,bu2310,bu2310,3589.0,0.0,0.0,0.0,1,3589.0,3592.0,3,3553.0,3553.0,3594.0,3553.0,195.0,6962420.0,2394
2023-05-10 21:01:20,bu2310,bu2310,3589.0,0.0,0.0,0.0,3,3589.0,3592.0,2,3553.0,3553.0,3594.0,3553.0,195.0,6962420.0,2394
2023-05-10 21:01:20,bu2310,bu2310,3589.0,0.0,0.0,0.0,1,3589.0,3591.0,1,3553.0,3553.0,3594.0,3553.0,195.0,6962420.0,2394
2023-05-10 21:01:21,bu2310,bu2310,3589.0,0.0,0.0,0.0,1,3589.0,3591.0,22,3553.0,3553.0,3594.0,3553.0,195.0,6962420.0,2394
2023-05-10 21:01:21,bu2310,bu2310,3589.0,0.0,0.0,0.0,25,3588.0,3591.0,33,3553.0,3553.0,3594.0,3553.0,195.0,6962420.0,2394
2023-05-10 21:01:22,bu2310,bu2310,3589.0,0.0,0.0,0.0,25,3589.0,3591.0,3,3553.0,3553.0,3594.0,3553.0,195.0,6962420.0,2394
2023-05-10 21:01:22,bu2310,bu2310,3589.0,0.0,0.0,0.0,27,3589.0,3591.0,2,3553.0,3553.0,3594.0,3553.0,195.0,6962420.0,2394
2023-05-10 21:01:23,bu2310,bu2310,3589.0,0.0,0.0,0.0,1,3590.0,3591.0,2,3553.0,3553.0,3594.0,3553.0,195.0,6962420.0,2394
2023-05-10 21:01:23,bu2310,bu2310,3589.0,0.0,0.0,0.0,25,3590.0,3591.0,2,3553.0,3553.0,3594.0,3553.0,195.0,6962420.0,2394
2023-05-10 21:01:24,bu2310,bu2310,3590.0,1.0,35900.0,0.0,25,3590.0,3591.0,2,3553.0,3553.0,3594.0,3553.0,196.0,6998320.0,2394
2023-05-10 21:01:24,bu2310,bu2310,3590.0,0.0,0.0,0.0,25,3590.0,3591.0,2,3553.0,3553.0,3594.0,3553.0,196.0,6998320.0,2394
2023-05-10 21:01:25,bu2310,bu2310,3590.0,0.0,0.0,0.0,4,3589.0,3590.0,1,3553.0,3553.0,3594.0,3553.0,196.0,6998320.0,2394
2023-05-10 21:01:25,bu2310,bu2310,3590.0,0.0,0.0,0.0,3,3586.0,3590.0,1,3553.0,3553.0,3594.0,3553.0,196.0,6998320.0,2394
2023-05-10 21:01:26,bu2310,bu2310,3590.0,0.0,0.0,0.0,26,3588.0,3590.0,1,3553.0,3553.0,3594.0,3553.0,196.0,6998320.0,2394
2023-05-10 21:01:26,bu2310,bu2310,3590.0,0.0,0.0,0.0,26,3588.0,3590.0,1,3553.0,3553.0,3594.0,3553.0,196.0,6998320.0,2394
2023-05-10 21:01:27,bu2310,bu2310,3590.0,0.0,0.0,0.0,26,3588.0,3590.0,2,3553.0,3553.0,3594.0,3553.0,196.0,6998320.0,2394
2023-05-10 21:01:27,bu2310,bu2310,3590.0,0.0,0.0,0.0,25,3588.0,3590.0,4,3553.0,3553.0,3594.0,3553.0,196.0,6998320.0,2394
2023-05-10 21:01:28,bu2310,bu2310,3590.0,0.0,0.0,0.0,25,3587.0,3589.0,1,3553.0,3553.0,3594.0,3553.0,196.0,6998320.0,2394
2023-05-10 21:01:28,bu2310,bu2310,3587.0,1.0,35870.0,0.0,26,3586.0,3588.0,3,3553.0,3553.0,3594.0,3553.0,197.0,7034190.0,2394
2023-05-10 21:01:29,bu2310,bu2310,3587.0,0.0,0.0,0.0,1,3586.0,3588.0,5,3553.0,3553.0,3594.0,3553.0,197.0,7034190.0,2394
2023-05-10 21:01:29,bu2310,bu2310,3587.0,0.0,0.0,0.0,1,3586.0,3588.0,5,3553.0,3553.0,3594.0,3553.0,197.0,7034190.0,2394
2023-05-10 21:01:30,bu2310,bu2310,3587.0,0.0,0.0,0.0,1,3586.0,3588.0,7,3553.0,3553.0,3594.0,3553.0,197.0,7034190.0,2394
2023-05-10 21:01:30,bu2310,bu2310,3587.0,0.0,0.0,0.0,26,3584.0,3587.0,2,3553.0,3553.0,3594.0,3553.0,197.0,7034190.0,2394
2023-05-10 21:01:31,bu2310,bu2310,3587.0,0.0,0.0,0.0,27,3584.0,3587.0,4,3553.0,3553.0,3594.0,3553.0,197.0,7034190.0,2394
2023-05-10 21:01:31,bu2310,bu2310,3587.0,0.0,0.0,0.0,1,3584.0,3587.0,6,3553.0,3553.0,3594.0,3553.0,197.0,7034190.0,2394
2023-05-10 21:01:32,bu2310,bu2310,3587.0,0.0,0.0,0.0,25,3583.0,3586.0,1,3553.0,3553.0,3594.0,3553.0,197.0,7034190.0,2394
2023-05-10 21:01:32,bu2310,bu2310,3587.0,0.0,0.0,0.0,25,3583.0,3586.0,3,3553.0,3553.0,3594.0,3553.0,197.0,7034190.0,2394
2023-05-10 21:01:33,bu2310,bu2310,3587.0,0.0,0.0,0.0,1,3583.0,3586.0,3,3553.0,3553.0,3594.0,3553.0,197.0,7034190.0,2394
2023-05-10 21:01:33,bu2310,bu2310,3587.0,0.0,0.0,0.0,25,3585.0,3587.0,7,3553.0,3553.0,3594.0,3553.0,197.0,7034190.0,2394
2023-05-10 21:01:34,bu2310,bu2310,3587.0,0.0,0.0,0.0,26,3585.0,3587.0,6,3553.0,3553.0,3594.0,3553.0,197.0,7034190.0,2394
2023-05-10 21:01:34,bu2310,bu2310,3587.0,0.0,0.0,0.0,26,3585.0,3587.0,4,3553.0,3553.0,3594.0,3553.0,197.0,7034190.0,2394
2023-05-10 21:01:35,bu2310,bu2310,3587.0,0.0,0.0,0.0,25,3586.0,3587.0,23,3553.0,3553.0,3594.0,3553.0,197.0,7034190.0,2394
2023-05-10 21:01:35,bu2310,bu2310,3587.0,0.0,0.0,0.0,1,3585.0,3587.0,4,3553.0,3553.0,3594.0,3553.0,197.0,7034190.0,2394
2023-05-10 21:01:36,bu2310,bu2310,3587.0,0.0,0.0,0.0,2,3584.0,3587.0,6,3553.0,3553.0,3594.0,3553.0,197.0,7034190.0,2394
2023-05-10 21:01:36,bu2310,bu2310,3587.0,0.0,0.0,0.0,2,3584.0,3587.0,6,3553.0,3553.0,3594.0,3553.0,197.0,7034190.0,2394
2023-05-10 21:01:37,bu2310,bu2310,3587.0,0.0,0.0,0.0,25,3585.0,3587.0,21,3553.0,3553.0,3594.0,3553.0,197.0,7034190.0,2394
2023-05-10 21:01:37,bu2310,bu2310,3587.0,0.0,0.0,0.0,1,3585.0,3587.0,2,3553.0,3553.0,3594.0,3553.0,197.0,7034190.0,2394
2023-05-10 21:01:38,bu2310,bu2310,3587.0,0.0,0.0,0.0,26,3586.0,3587.0,1,3553.0,3553.0,3594.0,3553.0,197.0,7034190.0,2394
2023-05-10 21:01:39,bu2310,bu2310,3587.0,0.0,0.0,0.0,1,3586.0,3587.0,1,3553.0,3553.0,3594.0,3553.0,197.0,7034190.0,2394
2023-05-10 21:01:40,bu2310,bu2310,3587.0,0.0,0.0,0.0,1,3586.0,3587.0,1,3553.0,3553.0,3594.0,3553.0,197.0,7034190.0,2394
2023-05-10 21:01:40,bu2310,bu2310,3587.0,0.0,0.0,0.0,3,3585.0,3587.0,1,3553.0,3553.0,3594.0,3553.0,197.0,7034190.0,2394
2023-05-10 21:01:41,bu2310,bu2310,3587.0,0.0,0.0,0.0,28,3585.0,3587.0,1,3553.0,3553.0,3594.0,3553.0,197.0,7034190.0,2394
2023-05-10 21:01:41,bu2310,bu2310,3587.0,0.0,0.0,0.0,2,3585.0,3587.0,3,3553.0,3553.0,3594.0,3553.0,197.0,7034190.0,2394
2023-05-10 21:01:42,bu2310,bu2310,3587.0,0.0,0.0,0.0,2,3585.0,3587.0,3,3553.0,3553.0,3594.0,3553.0,197.0,7034190.0,2394
2023-05-10 21:01:42,bu2310,bu2310,3587.0,0.0,0.0,0.0,2,3585.0,3587.0,4,3553.0,3553.0,3594.0,3553.0,197.0,7034190.0,2394
2023-05-10 21:01:43,bu2310,bu2310,3587.0,0.0,0.0,0.0,26,3584.0,3587.0,4,3553.0,3553.0,3594.0,3553.0,197.0,7034190.0,2394
2023-05-10 21:01:43,bu2310,bu2310,3587.0,0.0,0.0,0.0,25,3584.0,3585.0,2,3553.0,3553.0,3594.0,3553.0,197.0,7034190.0,2394
2023-05-10 21:01:44,bu2310,bu2310,3587.0,0.0,0.0,0.0,35,3584.0,3585.0,3,3553.0,3553.0,3594.0,3553.0,197.0,7034190.0,2394
2023-05-10 21:01:44,bu2310,bu2310,3587.0,0.0,0.0,0.0,1,3584.0,3585.0,5,3553.0,3553.0,3594.0,3553.0,197.0,7034190.0,2394
2023-05-10 21:01:45,bu2310,bu2310,3587.0,0.0,0.0,0.0,26,3582.0,3585.0,5,3553.0,3553.0,3594.0,3553.0,197.0,7034190.0,2394
2023-05-10 21:01:45,bu2310,bu2310,3589.0,25.0,897050.0,3.0,25,3583.0,3590.0,29,3553.0,3553.0,3594.0,3553.0,222.0,7931240.0,2397
2023-05-10 21:01:46,bu2310,bu2310,3589.0,0.0,0.0,0.0,26,3584.0,3587.0,20,3553.0,3553.0,3594.0,3553.0,222.0,7931240.0,2397
2023-05-10 21:01:46,bu2310,bu2310,3589.0,0.0,0.0,0.0,3,3584.0,3587.0,52,3553.0,3553.0,3594.0,3553.0,222.0,7931240.0,2397
2023-05-10 21:01:47,bu2310,bu2310,3589.0,0.0,0.0,0.0,25,3585.0,3587.0,51,3553.0,3553.0,3594.0,3553.0,222.0,7931240.0,2397
2023-05-10 21:01:47,bu2310,bu2310,3589.0,0.0,0.0,0.0,25,3585.0,3587.0,4,3553.0,3553.0,3594.0,3553.0,222.0,7931240.0,2397
2023-05-10 21:01:48,bu2310,bu2310,3589.0,0.0,0.0,0.0,25,3585.0,3587.0,5,3553.0,3553.0,3594.0,3553.0,222.0,7931240.0,2397
2023-05-10 21:01:49,bu2310,bu2310,3585.0,4.0,143400.0,4.0,25,3585.0,3587.0,5,3553.0,3553.0,3594.0,3553.0,226.0,8074640.0,2401
2023-05-10 21:01:50,bu2310,bu2310,3585.0,0.0,0.0,0.0,3,3584.0,3586.0,2,3553.0,3553.0,3594.0,3553.0,226.0,8074640.0,2401
2023-05-10 21:01:50,bu2310,bu2310,3585.0,0.0,0.0,0.0,27,3583.0,3586.0,3,3553.0,3553.0,3594.0,3553.0,226.0,8074640.0,2401
2023-05-10 21:01:51,bu2310,bu2310,3585.0,0.0,0.0,0.0,25,3584.0,3586.0,3,3553.0,3553.0,3594.0,3553.0,226.0,8074640.0,2401
2023-05-10 21:01:52,bu2310,bu2310,3585.0,0.0,0.0,0.0,27,3584.0,3586.0,3,3553.0,3553.0,3594.0,3553.0,226.0,8074640.0,2401
2023-05-10 21:01:52,bu2310,bu2310,3585.0,0.0,0.0,0.0,2,3584.0,3586.0,3,3553.0,3553.0,3594.0,3553.0,226.0,8074640.0,2401
2023-05-10 21:01:53,bu2310,bu2310,3585.0,0.0,0.0,0.0,27,3584.0,3586.0,3,3553.0,3553.0,3594.0,3553.0,226.0,8074640.0,2401
2023-05-10 21:01:53,bu2310,bu2310,3585.0,0.0,0.0,0.0,2,3584.0,3586.0,2,3553.0,3553.0,3594.0,3553.0,226.0,8074640.0,2401
2023-05-10 21:01:54,bu2310,bu2310,3585.0,0.0,0.0,0.0,27,3584.0,3586.0,2,3553.0,3553.0,3594.0,3553.0,226.0,8074640.0,2401
2023-05-10 21:01:54,bu2310,bu2310,3585.0,0.0,0.0,0.0,2,3584.0,3586.0,2,3553.0,3553.0,3594.0,3553.0,226.0,8074640.0,2401
2023-05-10 21:01:55,bu2310,bu2310,3585.0,0.0,0.0,0.0,2,3584.0,3586.0,5,3553.0,3553.0,3594.0,3553.0,226.0,8074640.0,2401
2023-05-10 21:01:56,bu2310,bu2310,3585.0,0.0,0.0,0.0,27,3583.0,3585.0,1,3553.0,3553.0,3594.0,3553.0,226.0,8074640.0,2401
2023-05-10 21:01:56,bu2310,bu2310,3585.0,0.0,0.0,0.0,25,3583.0,3585.0,4,3553.0,3553.0,3594.0,3553.0,226.0,8074640.0,2401
2023-05-10 21:01:57,bu2310,bu2310,3585.0,0.0,0.0,0.0,25,3583.0,3584.0,6,3553.0,3553.0,3594.0,3553.0,226.0,8074640.0,2401
2023-05-10 21:01:57,bu2310,bu2310,3585.0,0.0,0.0,0.0,25,3583.0,3584.0,8,3553.0,3553.0,3594.0,3553.0,226.0,8074640.0,2401
2023-05-10 21:01:58,bu2310,bu2310,3583.0,1.0,35830.0,1.0,25,3583.0,3584.0,8,3553.0,3553.0,3594.0,3553.0,227.0,8110470.0,2402
2023-05-10 21:01:59,bu2310,bu2310,3583.0,0.0,0.0,0.0,25,3583.0,3584.0,6,3553.0,3553.0,3594.0,3553.0,227.0,8110470.0,2402
2023-05-10 21:01:59,bu2310,bu2310,3583.0,0.0,0.0,0.0,27,3583.0,3584.0,6,3553.0,3553.0,3594.0,3553.0,227.0,8110470.0,2402
2023-05-10 21:02:00,bu2310,bu2310,3583.0,0.0,0.0,0.0,2,3583.0,3584.0,6,3553.0,3553.0,3594.0,3553.0,227.0,8110470.0,2402
2023-05-10 21:02:01,bu2310,bu2310,3583.0,0.0,0.0,0.0,27,3583.0,3584.0,7,3553.0,3553.0,3594.0,3553.0,227.0,8110470.0,2402
2023-05-10 21:02:01,bu2310,bu2310,3583.0,0.0,0.0,0.0,28,3583.0,3584.0,9,3553.0,3553.0,3594.0,3553.0,227.0,8110470.0,2402
2023-05-10 21:02:02,bu2310,bu2310,3583.0,13.0,465880.0,10.0,25,3583.0,3585.0,2,3553.0,3553.0,3594.0,3553.0,240.0,8576350.0,2412
2023-05-10 21:02:02,bu2310,bu2310,3583.0,0.0,0.0,0.0,2,3583.0,3585.0,2,3553.0,3553.0,3594.0,3553.0,240.0,8576350.0,2412
2023-05-10 21:02:03,bu2310,bu2310,3583.0,0.0,0.0,0.0,27,3583.0,3585.0,5,3553.0,3553.0,3594.0,3553.0,240.0,8576350.0,2412
2023-05-10 21:02:03,bu2310,bu2310,3583.0,0.0,0.0,0.0,27,3583.0,3585.0,3,3553.0,3553.0,3594.0,3553.0,240.0,8576350.0,2412
2023-05-10 21:02:04,bu2310,bu2310,3583.0,0.0,0.0,0.0,25,3584.0,3585.0,3,3553.0,3553.0,3594.0,3553.0,240.0,8576350.0,2412
2023-05-10 21:02:04,bu2310,bu2310,3583.0,0.0,0.0,0.0,2,3584.0,3585.0,3,3553.0,3553.0,3594.0,3553.0,240.0,8576350.0,2412
2023-05-10 21:02:05,bu2310,bu2310,3583.0,0.0,0.0,0.0,1,3584.0,3585.0,2,3553.0,3553.0,3594.0,3553.0,240.0,8576350.0,2412
2023-05-10 21:02:05,bu2310,bu2310,3583.0,0.0,0.0,0.0,1,3584.0,3585.0,2,3553.0,3553.0,3594.0,3553.0,240.0,8576350.0,2412
2023-05-10 21:02:06,bu2310,bu2310,3583.0,0.0,0.0,0.0,1,3584.0,3585.0,2,3553.0,3553.0,3594.0,3553.0,240.0,8576350.0,2412
2023-05-10 21:02:07,bu2310,bu2310,3584.0,1.0,35840.0,-1.0,1,3583.0,3584.0,2,3553.0,3553.0,3594.0,3553.0,241.0,8612190.0,2411
2023-05-10 21:02:07,bu2310,bu2310,3584.0,0.0,0.0,0.0,1,3583.0,3584.0,4,3553.0,3553.0,3594.0,3553.0,241.0,8612190.0,2411
2023-05-10 21:02:08,bu2310,bu2310,3584.0,0.0,0.0,0.0,1,3583.0,3584.0,4,3553.0,3553.0,3594.0,3553.0,241.0,8612190.0,2411
2023-05-10 21:02:09,bu2310,bu2310,3584.0,0.0,0.0,0.0,26,3581.0,3584.0,4,3553.0,3553.0,3594.0,3553.0,241.0,8612190.0,2411
2023-05-10 21:02:09,bu2310,bu2310,3584.0,0.0,0.0,0.0,25,3582.0,3584.0,5,3553.0,3553.0,3594.0,3553.0,241.0,8612190.0,2411
2023-05-10 21:02:10,bu2310,bu2310,3584.0,0.0,0.0,0.0,26,3582.0,3584.0,5,3553.0,3553.0,3594.0,3553.0,241.0,8612190.0,2411
2023-05-10 21:02:10,bu2310,bu2310,3584.0,0.0,0.0,0.0,26,3582.0,3584.0,5,3553.0,3553.0,3594.0,3553.0,241.0,8612190.0,2411
2023-05-10 21:02:11,bu2310,bu2310,3584.0,0.0,0.0,0.0,4,3582.0,3584.0,2,3553.0,3553.0,3594.0,3553.0,241.0,8612190.0,2411
2023-05-10 21:02:11,bu2310,bu2310,3584.0,0.0,0.0,0.0,1,3583.0,3584.0,2,3553.0,3553.0,3594.0,3553.0,241.0,8612190.0,2411
2023-05-10 21:02:12,bu2310,bu2310,3584.0,0.0,0.0,0.0,28,3583.0,3584.0,2,3553.0,3553.0,3594.0,3553.0,241.0,8612190.0,2411
2023-05-10 21:02:12,bu2310,bu2310,3584.0,0.0,0.0,0.0,25,3583.0,3584.0,2,3553.0,3553.0,3594.0,3553.0,241.0,8612190.0,2411
2023-05-10 21:02:13,bu2310,bu2310,3584.0,0.0,0.0,0.0,25,3583.0,3584.0,2,3553.0,3553.0,3594.0,3553.0,241.0,8612190.0,2411
2023-05-10 21:02:14,bu2310,bu2310,3584.0,0.0,0.0,0.0,29,3582.0,3584.0,2,3553.0,3553.0,3594.0,3553.0,241.0,8612190.0,2411
2023-05-10 21:02:14,bu2310,bu2310,3584.0,0.0,0.0,0.0,28,3582.0,3584.0,3,3553.0,3553.0,3594.0,3553.0,241.0,8612190.0,2411
2023-05-10 21:02:15,bu2310,bu2310,3584.0,0.0,0.0,0.0,26,3582.0,3584.0,4,3553.0,3553.0,3594.0,3553.0,241.0,8612190.0,2411
2023-05-10 21:02:16,bu2310,bu2310,3584.0,0.0,0.0,0.0,25,3583.0,3584.0,4,3553.0,3553.0,3594.0,3553.0,241.0,8612190.0,2411
2023-05-10 21:02:17,bu2310,bu2310,3584.0,0.0,0.0,0.0,1,3582.0,3584.0,4,3553.0,3553.0,3594.0,3553.0,241.0,8612190.0,2411
2023-05-10 21:02:17,bu2310,bu2310,3584.0,0.0,0.0,0.0,27,3582.0,3584.0,4,3553.0,3553.0,3594.0,3553.0,241.0,8612190.0,2411
2023-05-10 21:02:19,bu2310,bu2310,3584.0,0.0,0.0,0.0,28,3582.0,3584.0,4,3553.0,3553.0,3594.0,3553.0,241.0,8612190.0,2411
2023-05-10 21:02:20,bu2310,bu2310,3584.0,0.0,0.0,0.0,30,3582.0,3584.0,4,3553.0,3553.0,3594.0,3553.0,241.0,8612190.0,2411
2023-05-10 21:02:21,bu2310,bu2310,3584.0,0.0,0.0,0.0,1,3583.0,3584.0,4,3553.0,3553.0,3594.0,3553.0,241.0,8612190.0,2411
2023-05-10 21:02:22,bu2310,bu2310,3584.0,0.0,0.0,0.0,1,3583.0,3584.0,4,3553.0,3553.0,3594.0,3553.0,241.0,8612190.0,2411
2023-05-10 21:02:22,bu2310,bu2310,3584.0,0.0,0.0,0.0,27,3582.0,3584.0,4,3553.0,3553.0,3594.0,3553.0,241.0,8612190.0,2411
2023-05-10 21:02:23,bu2310,bu2310,3584.0,0.0,0.0,0.0,26,3582.0,3584.0,4,3553.0,3553.0,3594.0,3553.0,241.0,8612190.0,2411
2023-05-10 21:02:24,bu2310,bu2310,3584.0,0.0,0.0,0.0,26,3582.0,3584.0,4,3553.0,3553.0,3594.0,3553.0,241.0,8612190.0,2411
2023-05-10 21:02:25,bu2310,bu2310,3584.0,0.0,0.0,0.0,1,3582.0,3584.0,4,3553.0,3553.0,3594.0,3553.0,241.0,8612190.0,2411
2023-05-10 21:02:26,bu2310,bu2310,3584.0,0.0,0.0,0.0,26,3582.0,3584.0,4,3553.0,3553.0,3594.0,3553.0,241.0,8612190.0,2411
2023-05-10 21:02:26,bu2310,bu2310,3584.0,0.0,0.0,0.0,1,3582.0,3584.0,4,3553.0,3553.0,3594.0,3553.0,241.0,8612190.0,2411
2023-05-10 21:02:27,bu2310,bu2310,3584.0,0.0,0.0,0.0,26,3582.0,3583.0,1,3553.0,3553.0,3594.0,3553.0,241.0,8612190.0,2411
2023-05-10 21:02:27,bu2310,bu2310,3583.0,1.0,35830.0,0.0,26,3582.0,3583.0,1,3553.0,3553.0,3594.0,3553.0,242.0,8648020.0,2411
2023-05-10 21:02:28,bu2310,bu2310,3583.0,1.0,35830.0,-1.0,1,3583.0,3584.0,4,3553.0,3553.0,3594.0,3553.0,243.0,8683850.0,2410
2023-05-10 21:02:28,bu2310,bu2310,3583.0,0.0,0.0,0.0,1,3582.0,3584.0,4,3553.0,3553.0,3594.0,3553.0,243.0,8683850.0,2410
2023-05-10 21:02:29,bu2310,bu2310,3583.0,0.0,0.0,0.0,25,3583.0,3584.0,4,3553.0,3553.0,3594.0,3553.0,243.0,8683850.0,2410
2023-05-10 21:02:29,bu2310,bu2310,3583.0,0.0,0.0,0.0,26,3583.0,3584.0,4,3553.0,3553.0,3594.0,3553.0,243.0,8683850.0,2410
2023-05-10 21:02:30,bu2310,bu2310,3583.0,0.0,0.0,0.0,26,3583.0,3584.0,4,3553.0,3553.0,3594.0,3553.0,243.0,8683850.0,2410
2023-05-10 21:02:32,bu2310,bu2310,3584.0,4.0,143360.0,0.0,25,3584.0,3585.0,3,3553.0,3553.0,3594.0,3553.0,247.0,8827210.0,2410
2023-05-10 21:02:32,bu2310,bu2310,3584.0,0.0,0.0,0.0,26,3584.0,3585.0,1,3553.0,3553.0,3594.0,3553.0,247.0,8827210.0,2410
2023-05-10 21:02:33,bu2310,bu2310,3584.0,0.0,0.0,0.0,27,3584.0,3585.0,1,3553.0,3553.0,3594.0,3553.0,247.0,8827210.0,2410
2023-05-10 21:02:34,bu2310,bu2310,3585.0,1.0,35850.0,0.0,25,3585.0,3586.0,2,3553.0,3553.0,3594.0,3553.0,248.0,8863060.0,2410
2023-05-10 21:02:34,bu2310,bu2310,3585.0,0.0,0.0,0.0,1,3585.0,3586.0,2,3553.0,3553.0,3594.0,3553.0,248.0,8863060.0,2410
2023-05-10 21:02:35,bu2310,bu2310,3585.0,0.0,0.0,0.0,1,3585.0,3586.0,2,3553.0,3553.0,3594.0,3553.0,248.0,8863060.0,2410
2023-05-10 21:02:35,bu2310,bu2310,3585.0,0.0,0.0,0.0,26,3585.0,3586.0,2,3553.0,3553.0,3594.0,3553.0,248.0,8863060.0,2410
2023-05-10 21:02:37,bu2310,bu2310,3585.0,0.0,0.0,0.0,26,3585.0,3586.0,2,3553.0,3553.0,3594.0,3553.0,248.0,8863060.0,2410
2023-05-10 21:02:37,bu2310,bu2310,3585.0,0.0,0.0,0.0,26,3585.0,3586.0,2,3553.0,3553.0,3594.0,3553.0,248.0,8863060.0,2410
2023-05-10 21:02:39,bu2310,bu2310,3585.0,0.0,0.0,0.0,26,3585.0,3586.0,2,3553.0,3553.0,3594.0,3553.0,248.0,8863060.0,2410
2023-05-10 21:02:40,bu2310,bu2310,3585.0,0.0,0.0,0.0,26,3585.0,3586.0,1,3553.0,3553.0,3594.0,3553.0,248.0,8863060.0,2410
2023-05-10 21:02:40,bu2310,bu2310,3585.0,0.0,0.0,0.0,27,3585.0,3586.0,1,3553.0,3553.0,3594.0,3553.0,248.0,8863060.0,2410
2023-05-10 21:02:41,bu2310,bu2310,3586.0,1.0,35860.0,0.0,25,3586.0,3587.0,1,3553.0,3553.0,3594.0,3553.0,249.0,8898920.0,2410
2023-05-10 21:02:41,bu2310,bu2310,3586.0,0.0,0.0,0.0,25,3586.0,3587.0,1,3553.0,3553.0,3594.0,3553.0,249.0,8898920.0,2410
2023-05-10 21:02:42,bu2310,bu2310,3586.0,1.0,35860.0,1.0,27,3585.0,3587.0,1,3553.0,3553.0,3594.0,3553.0,250.0,8934780.0,2411
2023-05-10 21:02:42,bu2310,bu2310,3586.0,0.0,0.0,0.0,27,3585.0,3587.0,1,3553.0,3553.0,3594.0,3553.0,250.0,8934780.0,2411
2023-05-10 21:02:43,bu2310,bu2310,3586.0,0.0,0.0,0.0,27,3585.0,3587.0,1,3553.0,3553.0,3594.0,3553.0,250.0,8934780.0,2411
2023-05-10 21:02:44,bu2310,bu2310,3585.0,2.0,71700.0,-1.0,25,3585.0,3587.0,1,3553.0,3553.0,3594.0,3553.0,252.0,9006480.0,2410
2023-05-10 21:02:44,bu2310,bu2310,3585.0,0.0,0.0,0.0,1,3585.0,3587.0,2,3553.0,3553.0,3594.0,3553.0,252.0,9006480.0,2410
2023-05-10 21:02:45,bu2310,bu2310,3585.0,0.0,0.0,0.0,2,3584.0,3587.0,3,3553.0,3553.0,3594.0,3553.0,252.0,9006480.0,2410
2023-05-10 21:02:45,bu2310,bu2310,3585.0,0.0,0.0,0.0,26,3584.0,3586.0,1,3553.0,3553.0,3594.0,3553.0,252.0,9006480.0,2410
2023-05-10 21:02:46,bu2310,bu2310,3585.0,0.0,0.0,0.0,26,3584.0,3586.0,3,3553.0,3553.0,3594.0,3553.0,252.0,9006480.0,2410
2023-05-10 21:02:46,bu2310,bu2310,3585.0,0.0,0.0,0.0,26,3583.0,3586.0,4,3553.0,3553.0,3594.0,3553.0,252.0,9006480.0,2410
2023-05-10 21:02:47,bu2310,bu2310,3585.0,0.0,0.0,0.0,25,3583.0,3586.0,24,3553.0,3553.0,3594.0,3553.0,252.0,9006480.0,2410
2023-05-10 21:02:47,bu2310,bu2310,3585.0,0.0,0.0,0.0,26,3582.0,3585.0,2,3553.0,3553.0,3594.0,3553.0,252.0,9006480.0,2410
2023-05-10 21:02:48,bu2310,bu2310,3585.0,0.0,0.0,0.0,25,3582.0,3584.0,2,3553.0,3553.0,3594.0,3553.0,252.0,9006480.0,2410
2023-05-10 21:02:48,bu2310,bu2310,3585.0,0.0,0.0,0.0,25,3582.0,3584.0,4,3553.0,3553.0,3594.0,3553.0,252.0,9006480.0,2410
2023-05-10 21:02:49,bu2310,bu2310,3585.0,0.0,0.0,0.0,25,3582.0,3584.0,6,3553.0,3553.0,3594.0,3553.0,252.0,9006480.0,2410
2023-05-10 21:02:49,bu2310,bu2310,3585.0,0.0,0.0,0.0,1,3580.0,3584.0,6,3553.0,3553.0,3594.0,3553.0,252.0,9006480.0,2410
2023-05-10 21:02:50,bu2310,bu2310,3585.0,0.0,0.0,0.0,27,3581.0,3582.0,1,3553.0,3553.0,3594.0,3553.0,252.0,9006480.0,2410
2023-05-10 21:02:50,bu2310,bu2310,3585.0,0.0,0.0,0.0,2,3581.0,3582.0,1,3553.0,3553.0,3594.0,3553.0,252.0,9006480.0,2410
2023-05-10 21:02:51,bu2310,bu2310,3585.0,0.0,0.0,0.0,1,3581.0,3582.0,5,3553.0,3553.0,3594.0,3553.0,252.0,9006480.0,2410
2023-05-10 21:02:51,bu2310,bu2310,3585.0,0.0,0.0,0.0,2,3581.0,3582.0,6,3553.0,3553.0,3594.0,3553.0,252.0,9006480.0,2410
2023-05-10 21:02:52,bu2310,bu2310,3585.0,0.0,0.0,0.0,2,3581.0,3582.0,6,3553.0,3553.0,3594.0,3553.0,252.0,9006480.0,2410
2023-05-10 21:02:52,bu2310,bu2310,3581.0,2.0,71620.0,0.0,26,3579.0,3582.0,6,3553.0,3553.0,3594.0,3553.0,254.0,9078100.0,2410
2023-05-10 21:02:53,bu2310,bu2310,3581.0,0.0,0.0,0.0,2,3580.0,3581.0,4,3553.0,3553.0,3594.0,3553.0,254.0,9078100.0,2410
2023-05-10 21:02:53,bu2310,bu2310,3581.0,1.0,35810.0,0.0,2,3580.0,3581.0,3,3553.0,3553.0,3594.0,3553.0,255.0,9113910.0,2410
2023-05-10 21:02:54,bu2310,bu2310,3581.0,6.0,214860.0,5.0,27,3580.0,3582.0,5,3553.0,3553.0,3594.0,3553.0,261.0,9328770.0,2415
2023-05-10 21:02:54,bu2310,bu2310,3581.0,0.0,0.0,0.0,28,3580.0,3582.0,2,3553.0,3553.0,3594.0,3553.0,261.0,9328770.0,2415
2023-05-10 21:02:55,bu2310,bu2310,3581.0,0.0,0.0,0.0,4,3580.0,3584.0,5,3553.0,3553.0,3594.0,3553.0,261.0,9328770.0,2415
2023-05-10 21:02:55,bu2310,bu2310,3581.0,0.0,0.0,0.0,1,3581.0,3582.0,1,3553.0,3553.0,3594.0,3553.0,261.0,9328770.0,2415
2023-05-10 21:02:56,bu2310,bu2310,3582.0,1.0,35820.0,0.0,2,3581.0,3583.0,1,3553.0,3553.0,3594.0,3553.0,262.0,9364590.0,2415
2023-05-10 21:02:56,bu2310,bu2310,3582.0,0.0,0.0,0.0,2,3581.0,3583.0,1,3553.0,3553.0,3594.0,3553.0,262.0,9364590.0,2415
2023-05-10 21:02:57,bu2310,bu2310,3582.0,0.0,0.0,0.0,2,3581.0,3583.0,2,3553.0,3553.0,3594.0,3553.0,262.0,9364590.0,2415
2023-05-10 21:02:57,bu2310,bu2310,3582.0,0.0,0.0,0.0,1,3581.0,3583.0,4,3553.0,3553.0,3594.0,3553.0,262.0,9364590.0,2415
2023-05-10 21:02:58,bu2310,bu2310,3582.0,0.0,0.0,0.0,26,3581.0,3583.0,2,3553.0,3553.0,3594.0,3553.0,262.0,9364590.0,2415
2023-05-10 21:02:59,bu2310,bu2310,3582.0,0.0,0.0,0.0,1,3582.0,3583.0,1,3553.0,3553.0,3594.0,3553.0,262.0,9364590.0,2415
2023-05-10 21:02:59,bu2310,bu2310,3582.0,0.0,0.0,0.0,3,3582.0,3584.0,4,3553.0,3553.0,3594.0,3553.0,262.0,9364590.0,2415
2023-05-10 21:03:00,bu2310,bu2310,3582.0,0.0,0.0,0.0,26,3583.0,3584.0,1,3553.0,3553.0,3594.0,3553.0,262.0,9364590.0,2415
2023-05-10 21:03:00,bu2310,bu2310,3582.0,0.0,0.0,0.0,27,3583.0,3585.0,1,3553.0,3553.0,3594.0,3553.0,262.0,9364590.0,2415
2023-05-10 21:03:01,bu2310,bu2310,3582.0,0.0,0.0,0.0,27,3583.0,3585.0,1,3553.0,3553.0,3594.0,3553.0,262.0,9364590.0,2415
2023-05-10 21:03:01,bu2310,bu2310,3582.0,0.0,0.0,0.0,26,3584.0,3586.0,2,3553.0,3553.0,3594.0,3553.0,262.0,9364590.0,2415
2023-05-10 21:03:02,bu2310,bu2310,3582.0,0.0,0.0,0.0,2,3584.0,3585.0,1,3553.0,3553.0,3594.0,3553.0,262.0,9364590.0,2415
2023-05-10 21:03:02,bu2310,bu2310,3582.0,0.0,0.0,0.0,1,3584.0,3585.0,3,3553.0,3553.0,3594.0,3553.0,262.0,9364590.0,2415
2023-05-10 21:03:03,bu2310,bu2310,3584.0,1.0,35840.0,0.0,27,3583.0,3585.0,3,3553.0,3553.0,3594.0,3553.0,263.0,9400430.0,2415
2023-05-10 21:03:03,bu2310,bu2310,3584.0,0.0,0.0,0.0,2,3583.0,3585.0,3,3553.0,3553.0,3594.0,3553.0,263.0,9400430.0,2415
2023-05-10 21:03:04,bu2310,bu2310,3584.0,0.0,0.0,0.0,27,3582.0,3585.0,7,3553.0,3553.0,3594.0,3553.0,263.0,9400430.0,2415
2023-05-10 21:03:04,bu2310,bu2310,3584.0,0.0,0.0,0.0,1,3582.0,3584.0,1,3553.0,3553.0,3594.0,3553.0,263.0,9400430.0,2415
2023-05-10 21:03:05,bu2310,bu2310,3584.0,0.0,0.0,0.0,1,3582.0,3584.0,2,3553.0,3553.0,3594.0,3553.0,263.0,9400430.0,2415
2023-05-10 21:03:05,bu2310,bu2310,3584.0,0.0,0.0,0.0,2,3582.0,3584.0,2,3553.0,3553.0,3594.0,3553.0,263.0,9400430.0,2415
2023-05-10 21:03:08,bu2310,bu2310,3584.0,0.0,0.0,0.0,2,3582.0,3584.0,1,3553.0,3553.0,3594.0,3553.0,263.0,9400430.0,2415
2023-05-10 21:03:10,bu2310,bu2310,3584.0,0.0,0.0,0.0,2,3582.0,3584.0,2,3553.0,3553.0,3594.0,3553.0,263.0,9400430.0,2415
2023-05-10 21:03:11,bu2310,bu2310,3584.0,0.0,0.0,0.0,2,3582.0,3584.0,2,3553.0,3553.0,3594.0,3553.0,263.0,9400430.0,2415
2023-05-10 21:03:11,bu2310,bu2310,3584.0,0.0,0.0,0.0,2,3582.0,3584.0,5,3553.0,3553.0,3594.0,3553.0,263.0,9400430.0,2415
2023-05-10 21:03:12,bu2310,bu2310,3584.0,0.0,0.0,0.0,2,3582.0,3583.0,1,3553.0,3553.0,3594.0,3553.0,263.0,9400430.0,2415
2023-05-10 21:03:12,bu2310,bu2310,3584.0,0.0,0.0,0.0,2,3582.0,3583.0,3,3553.0,3553.0,3594.0,3553.0,263.0,9400430.0,2415
2023-05-10 21:03:13,bu2310,bu2310,3584.0,0.0,0.0,0.0,1,3582.0,3583.0,5,3553.0,3553.0,3594.0,3553.0,263.0,9400430.0,2415
2023-05-10 21:03:13,bu2310,bu2310,3584.0,0.0,0.0,0.0,1,3582.0,3583.0,5,3553.0,3553.0,3594.0,3553.0,263.0,9400430.0,2415
2023-05-10 21:03:14,bu2310,bu2310,3584.0,0.0,0.0,0.0,1,3582.0,3583.0,5,3553.0,3553.0,3594.0,3553.0,263.0,9400430.0,2415
2023-05-10 21:03:14,bu2310,bu2310,3582.0,1.0,35820.0,-1.0,1,3581.0,3582.0,2,3553.0,3553.0,3594.0,3553.0,264.0,9436250.0,2414
2023-05-10 21:03:15,bu2310,bu2310,3582.0,0.0,0.0,0.0,1,3581.0,3582.0,5,3553.0,3553.0,3594.0,3553.0,264.0,9436250.0,2414
2023-05-10 21:03:15,bu2310,bu2310,3582.0,0.0,0.0,0.0,1,3581.0,3582.0,3,3553.0,3553.0,3594.0,3553.0,264.0,9436250.0,2414
2023-05-10 21:03:16,bu2310,bu2310,3582.0,0.0,0.0,0.0,1,3581.0,3582.0,1,3553.0,3553.0,3594.0,3553.0,264.0,9436250.0,2414
2023-05-10 21:03:17,bu2310,bu2310,3582.0,0.0,0.0,0.0,1,3581.0,3582.0,2,3553.0,3553.0,3594.0,3553.0,264.0,9436250.0,2414
2023-05-10 21:03:17,bu2310,bu2310,3582.0,0.0,0.0,0.0,1,3581.0,3582.0,2,3553.0,3553.0,3594.0,3553.0,264.0,9436250.0,2414
2023-05-10 21:03:18,bu2310,bu2310,3582.0,0.0,0.0,0.0,1,3581.0,3582.0,1,3553.0,3553.0,3594.0,3553.0,264.0,9436250.0,2414
2023-05-10 21:03:18,bu2310,bu2310,3582.0,0.0,0.0,0.0,1,3581.0,3582.0,1,3553.0,3553.0,3594.0,3553.0,264.0,9436250.0,2414
2023-05-10 21:03:19,bu2310,bu2310,3582.0,0.0,0.0,0.0,28,3581.0,3583.0,1,3553.0,3553.0,3594.0,3553.0,264.0,9436250.0,2414
2023-05-10 21:03:19,bu2310,bu2310,3582.0,0.0,0.0,0.0,28,3581.0,3583.0,1,3553.0,3553.0,3594.0,3553.0,264.0,9436250.0,2414
2023-05-10 21:03:20,bu2310,bu2310,3582.0,0.0,0.0,0.0,3,3581.0,3583.0,1,3553.0,3553.0,3594.0,3553.0,264.0,9436250.0,2414
2023-05-10 21:03:21,bu2310,bu2310,3582.0,0.0,0.0,0.0,3,3581.0,3583.0,1,3553.0,3553.0,3594.0,3553.0,264.0,9436250.0,2414
2023-05-10 21:03:21,bu2310,bu2310,3582.0,0.0,0.0,0.0,3,3581.0,3583.0,1,3553.0,3553.0,3594.0,3553.0,264.0,9436250.0,2414
2023-05-10 21:03:22,bu2310,bu2310,3582.0,0.0,0.0,0.0,25,3582.0,3583.0,1,3553.0,3553.0,3594.0,3553.0,264.0,9436250.0,2414
2023-05-10 21:03:22,bu2310,bu2310,3582.0,0.0,0.0,0.0,27,3582.0,3584.0,2,3553.0,3553.0,3594.0,3553.0,264.0,9436250.0,2414
2023-05-10 21:03:23,bu2310,bu2310,3582.0,0.0,0.0,0.0,28,3582.0,3584.0,2,3553.0,3553.0,3594.0,3553.0,264.0,9436250.0,2414
2023-05-10 21:03:23,bu2310,bu2310,3582.0,0.0,0.0,0.0,28,3582.0,3584.0,2,3553.0,3553.0,3594.0,3553.0,264.0,9436250.0,2414
2023-05-10 21:03:25,bu2310,bu2310,3582.0,0.0,0.0,0.0,28,3582.0,3584.0,2,3553.0,3553.0,3594.0,3553.0,264.0,9436250.0,2414
2023-05-10 21:03:26,bu2310,bu2310,3582.0,0.0,0.0,0.0,25,3583.0,3584.0,2,3553.0,3553.0,3594.0,3553.0,264.0,9436250.0,2414
2023-05-10 21:03:27,bu2310,bu2310,3584.0,1.0,35840.0,0.0,25,3584.0,3585.0,3,3553.0,3553.0,3594.0,3553.0,265.0,9472090.0,2414
2023-05-10 21:03:28,bu2310,bu2310,3584.0,0.0,0.0,0.0,28,3584.0,3585.0,1,3553.0,3553.0,3594.0,3553.0,265.0,9472090.0,2414
2023-05-10 21:03:28,bu2310,bu2310,3585.0,1.0,35850.0,1.0,25,3585.0,3586.0,1,3553.0,3553.0,3594.0,3553.0,266.0,9507940.0,2415
2023-05-10 21:03:29,bu2310,bu2310,3585.0,0.0,0.0,0.0,28,3584.0,3586.0,2,3553.0,3553.0,3594.0,3553.0,266.0,9507940.0,2415
2023-05-10 21:03:30,bu2310,bu2310,3585.0,0.0,0.0,0.0,28,3584.0,3586.0,2,3553.0,3553.0,3594.0,3553.0,266.0,9507940.0,2415
2023-05-10 21:03:30,bu2310,bu2310,3585.0,0.0,0.0,0.0,28,3584.0,3586.0,22,3553.0,3553.0,3594.0,3553.0,266.0,9507940.0,2415
2023-05-10 21:03:31,bu2310,bu2310,3585.0,0.0,0.0,0.0,28,3584.0,3586.0,2,3553.0,3553.0,3594.0,3553.0,266.0,9507940.0,2415
2023-05-10 21:03:31,bu2310,bu2310,3585.0,0.0,0.0,0.0,28,3584.0,3586.0,2,3553.0,3553.0,3594.0,3553.0,266.0,9507940.0,2415
2023-05-10 21:03:32,bu2310,bu2310,3585.0,0.0,0.0,0.0,28,3584.0,3586.0,2,3553.0,3553.0,3594.0,3553.0,266.0,9507940.0,2415
2023-05-10 21:03:32,bu2310,bu2310,3585.0,0.0,0.0,0.0,28,3584.0,3586.0,2,3553.0,3553.0,3594.0,3553.0,266.0,9507940.0,2415
2023-05-10 21:03:33,bu2310,bu2310,3585.0,0.0,0.0,0.0,3,3584.0,3586.0,2,3553.0,3553.0,3594.0,3553.0,266.0,9507940.0,2415
2023-05-10 21:03:33,bu2310,bu2310,3585.0,0.0,0.0,0.0,3,3584.0,3586.0,2,3553.0,3553.0,3594.0,3553.0,266.0,9507940.0,2415
2023-05-10 21:03:34,bu2310,bu2310,3585.0,0.0,0.0,0.0,28,3584.0,3586.0,2,3553.0,3553.0,3594.0,3553.0,266.0,9507940.0,2415
2023-05-10 21:03:36,bu2310,bu2310,3585.0,0.0,0.0,0.0,3,3584.0,3586.0,2,3553.0,3553.0,3594.0,3553.0,266.0,9507940.0,2415
2023-05-10 21:03:36,bu2310,bu2310,3585.0,0.0,0.0,0.0,28,3584.0,3586.0,2,3553.0,3553.0,3594.0,3553.0,266.0,9507940.0,2415
2023-05-10 21:03:37,bu2310,bu2310,3585.0,0.0,0.0,0.0,28,3584.0,3586.0,2,3553.0,3553.0,3594.0,3553.0,266.0,9507940.0,2415
2023-05-10 21:03:39,bu2310,bu2310,3585.0,0.0,0.0,0.0,28,3584.0,3586.0,2,3553.0,3553.0,3594.0,3553.0,266.0,9507940.0,2415
2023-05-10 21:03:39,bu2310,bu2310,3585.0,0.0,0.0,0.0,1,3584.0,3586.0,2,3553.0,3553.0,3594.0,3553.0,266.0,9507940.0,2415
2023-05-10 21:03:40,bu2310,bu2310,3585.0,0.0,0.0,0.0,27,3584.0,3586.0,2,3553.0,3553.0,3594.0,3553.0,266.0,9507940.0,2415
2023-05-10 21:03:42,bu2310,bu2310,3585.0,0.0,0.0,0.0,2,3584.0,3586.0,2,3553.0,3553.0,3594.0,3553.0,266.0,9507940.0,2415
2023-05-10 21:03:42,bu2310,bu2310,3585.0,0.0,0.0,0.0,27,3584.0,3586.0,2,3553.0,3553.0,3594.0,3553.0,266.0,9507940.0,2415
2023-05-10 21:03:46,bu2310,bu2310,3585.0,0.0,0.0,0.0,1,3584.0,3586.0,2,3553.0,3553.0,3594.0,3553.0,266.0,9507940.0,2415
2023-05-10 21:03:46,bu2310,bu2310,3585.0,0.0,0.0,0.0,1,3584.0,3586.0,2,3553.0,3553.0,3594.0,3553.0,266.0,9507940.0,2415
2023-05-10 21:03:48,bu2310,bu2310,3585.0,0.0,0.0,0.0,1,3584.0,3586.0,2,3553.0,3553.0,3594.0,3553.0,266.0,9507940.0,2415
2023-05-10 21:03:48,bu2310,bu2310,3585.0,0.0,0.0,0.0,1,3584.0,3586.0,2,3553.0,3553.0,3594.0,3553.0,266.0,9507940.0,2415
2023-05-10 21:03:49,bu2310,bu2310,3585.0,0.0,0.0,0.0,3,3584.0,3586.0,2,3553.0,3553.0,3594.0,3553.0,266.0,9507940.0,2415
2023-05-10 21:03:50,bu2310,bu2310,3585.0,0.0,0.0,0.0,4,3584.0,3586.0,2,3553.0,3553.0,3594.0,3553.0,266.0,9507940.0,2415
2023-05-10 21:03:50,bu2310,bu2310,3585.0,0.0,0.0,0.0,1,3585.0,3586.0,2,3553.0,3553.0,3594.0,3553.0,266.0,9507940.0,2415
2023-05-10 21:03:51,bu2310,bu2310,3587.0,2.0,71730.0,0.0,1,3586.0,3588.0,18,3553.0,3553.0,3594.0,3553.0,268.0,9579670.0,2415
2023-05-10 21:03:51,bu2310,bu2310,3587.0,0.0,0.0,0.0,1,3586.0,3587.0,1,3553.0,3553.0,3594.0,3553.0,268.0,9579670.0,2415
2023-05-10 21:03:52,bu2310,bu2310,3587.0,2.0,71740.0,-1.0,1,3586.0,3588.0,1,3553.0,3553.0,3594.0,3553.0,270.0,9651410.0,2414
2023-05-10 21:03:52,bu2310,bu2310,3587.0,0.0,0.0,0.0,1,3586.0,3587.0,1,3553.0,3553.0,3594.0,3553.0,270.0,9651410.0,2414
2023-05-10 21:03:53,bu2310,bu2310,3587.0,0.0,0.0,0.0,2,3585.0,3587.0,2,3553.0,3553.0,3594.0,3553.0,270.0,9651410.0,2414
2023-05-10 21:03:53,bu2310,bu2310,3587.0,0.0,0.0,0.0,1,3586.0,3587.0,2,3553.0,3553.0,3594.0,3553.0,270.0,9651410.0,2414
2023-05-10 21:03:54,bu2310,bu2310,3587.0,1.0,35870.0,-1.0,3,3585.0,3587.0,1,3553.0,3553.0,3594.0,3553.0,271.0,9687280.0,2413
2023-05-10 21:03:54,bu2310,bu2310,3587.0,0.0,0.0,0.0,4,3585.0,3588.0,1,3553.0,3553.0,3594.0,3553.0,271.0,9687280.0,2413
2023-05-10 21:03:55,bu2310,bu2310,3587.0,0.0,0.0,0.0,3,3585.0,3587.0,1,3553.0,3553.0,3594.0,3553.0,271.0,9687280.0,2413
2023-05-10 21:03:55,bu2310,bu2310,3587.0,0.0,0.0,0.0,2,3585.0,3587.0,1,3553.0,3553.0,3594.0,3553.0,271.0,9687280.0,2413
2023-05-10 21:03:57,bu2310,bu2310,3587.0,0.0,0.0,0.0,2,3585.0,3588.0,3,3553.0,3553.0,3594.0,3553.0,271.0,9687280.0,2413
2023-05-10 21:03:57,bu2310,bu2310,3587.0,0.0,0.0,0.0,1,3586.0,3588.0,2,3553.0,3553.0,3594.0,3553.0,271.0,9687280.0,2413
2023-05-10 21:03:58,bu2310,bu2310,3587.0,0.0,0.0,0.0,1,3586.0,3588.0,1,3553.0,3553.0,3594.0,3553.0,271.0,9687280.0,2413
2023-05-10 21:03:58,bu2310,bu2310,3587.0,0.0,0.0,0.0,1,3586.0,3587.0,1,3553.0,3553.0,3594.0,3553.0,271.0,9687280.0,2413
2023-05-10 21:03:59,bu2310,bu2310,3587.0,0.0,0.0,0.0,1,3586.0,3587.0,1,3553.0,3553.0,3594.0,3553.0,271.0,9687280.0,2413
2023-05-10 21:04:00,bu2310,bu2310,3587.0,0.0,0.0,0.0,1,3586.0,3587.0,1,3553.0,3553.0,3594.0,3553.0,271.0,9687280.0,2413
2023-05-10 21:04:01,bu2310,bu2310,3587.0,0.0,0.0,0.0,1,3586.0,3587.0,1,3553.0,3553.0,3594.0,3553.0,271.0,9687280.0,2413
2023-05-10 21:04:01,bu2310,bu2310,3587.0,0.0,0.0,0.0,1,3586.0,3587.0,1,3553.0,3553.0,3594.0,3553.0,271.0,9687280.0,2413
2023-05-10 21:04:02,bu2310,bu2310,3587.0,0.0,0.0,0.0,1,3586.0,3588.0,3,3553.0,3553.0,3594.0,3553.0,271.0,9687280.0,2413
2023-05-10 21:04:02,bu2310,bu2310,3586.0,1.0,35860.0,0.0,30,3585.0,3588.0,5,3553.0,3553.0,3594.0,3553.0,272.0,9723140.0,2413
2023-05-10 21:04:03,bu2310,bu2310,3586.0,0.0,0.0,0.0,29,3585.0,3588.0,6,3553.0,3553.0,3594.0,3553.0,272.0,9723140.0,2413
2023-05-10 21:04:03,bu2310,bu2310,3586.0,0.0,0.0,0.0,4,3585.0,3588.0,6,3553.0,3553.0,3594.0,3553.0,272.0,9723140.0,2413
2023-05-10 21:04:04,bu2310,bu2310,3586.0,0.0,0.0,0.0,4,3585.0,3587.0,1,3553.0,3553.0,3594.0,3553.0,272.0,9723140.0,2413
2023-05-10 21:04:04,bu2310,bu2310,3586.0,0.0,0.0,0.0,2,3585.0,3587.0,2,3553.0,3553.0,3594.0,3553.0,272.0,9723140.0,2413
2023-05-10 21:04:05,bu2310,bu2310,3586.0,0.0,0.0,0.0,2,3585.0,3587.0,6,3553.0,3553.0,3594.0,3553.0,272.0,9723140.0,2413
2023-05-10 21:04:05,bu2310,bu2310,3586.0,0.0,0.0,0.0,2,3585.0,3587.0,25,3553.0,3553.0,3594.0,3553.0,272.0,9723140.0,2413
2023-05-10 21:04:06,bu2310,bu2310,3586.0,0.0,0.0,0.0,1,3585.0,3587.0,48,3553.0,3553.0,3594.0,3553.0,272.0,9723140.0,2413
2023-05-10 21:04:06,bu2310,bu2310,3586.0,0.0,0.0,0.0,1,3585.0,3587.0,56,3553.0,3553.0,3594.0,3553.0,272.0,9723140.0,2413
2023-05-10 21:04:07,bu2310,bu2310,3586.0,0.0,0.0,0.0,1,3585.0,3586.0,1,3553.0,3553.0,3594.0,3553.0,272.0,9723140.0,2413
2023-05-10 21:04:07,bu2310,bu2310,3586.0,0.0,0.0,0.0,1,3585.0,3586.0,1,3553.0,3553.0,3594.0,3553.0,272.0,9723140.0,2413
2023-05-10 21:04:08,bu2310,bu2310,3586.0,0.0,0.0,0.0,1,3585.0,3586.0,1,3553.0,3553.0,3594.0,3553.0,272.0,9723140.0,2413
2023-05-10 21:04:08,bu2310,bu2310,3586.0,0.0,0.0,0.0,1,3585.0,3586.0,1,3553.0,3553.0,3594.0,3553.0,272.0,9723140.0,2413
2023-05-10 21:04:09,bu2310,bu2310,3586.0,0.0,0.0,0.0,1,3585.0,3586.0,1,3553.0,3553.0,3594.0,3553.0,272.0,9723140.0,2413
2023-05-10 21:04:09,bu2310,bu2310,3586.0,0.0,0.0,0.0,1,3585.0,3586.0,1,3553.0,3553.0,3594.0,3553.0,272.0,9723140.0,2413
2023-05-10 21:04:10,bu2310,bu2310,3586.0,0.0,0.0,0.0,1,3585.0,3586.0,1,3553.0,3553.0,3594.0,3553.0,272.0,9723140.0,2413
2023-05-10 21:04:10,bu2310,bu2310,3586.0,0.0,0.0,0.0,1,3585.0,3586.0,1,3553.0,3553.0,3594.0,3553.0,272.0,9723140.0,2413
2023-05-10 21:04:11,bu2310,bu2310,3586.0,0.0,0.0,0.0,1,3585.0,3586.0,1,3553.0,3553.0,3594.0,3553.0,272.0,9723140.0,2413
2023-05-10 21:04:12,bu2310,bu2310,3586.0,0.0,0.0,0.0,1,3585.0,3586.0,1,3553.0,3553.0,3594.0,3553.0,272.0,9723140.0,2413
2023-05-10 21:04:12,bu2310,bu2310,3586.0,0.0,0.0,0.0,1,3585.0,3586.0,1,3553.0,3553.0,3594.0,3553.0,272.0,9723140.0,2413
2023-05-10 21:04:13,bu2310,bu2310,3586.0,0.0,0.0,0.0,1,3585.0,3586.0,2,3553.0,3553.0,3594.0,3553.0,272.0,9723140.0,2413
2023-05-10 21:04:13,bu2310,bu2310,3586.0,0.0,0.0,0.0,1,3585.0,3586.0,1,3553.0,3553.0,3594.0,3553.0,272.0,9723140.0,2413
2023-05-10 21:04:15,bu2310,bu2310,3586.0,0.0,0.0,0.0,1,3585.0,3586.0,1,3553.0,3553.0,3594.0,3553.0,272.0,9723140.0,2413
2023-05-10 21:04:15,bu2310,bu2310,3585.0,1.0,35850.0,0.0,1,3584.0,3586.0,3,3553.0,3553.0,3594.0,3553.0,273.0,9758990.0,2413
2023-05-10 21:04:16,bu2310,bu2310,3585.0,0.0,0.0,0.0,1,3584.0,3586.0,2,3553.0,3553.0,3594.0,3553.0,273.0,9758990.0,2413
2023-05-10 21:04:16,bu2310,bu2310,3585.0,0.0,0.0,0.0,3,3584.0,3586.0,2,3553.0,3553.0,3594.0,3553.0,273.0,9758990.0,2413
2023-05-10 21:04:17,bu2310,bu2310,3585.0,0.0,0.0,0.0,3,3584.0,3586.0,1,3553.0,3553.0,3594.0,3553.0,273.0,9758990.0,2413
2023-05-10 21:04:19,bu2310,bu2310,3585.0,0.0,0.0,0.0,3,3584.0,3586.0,1,3553.0,3553.0,3594.0,3553.0,273.0,9758990.0,2413
2023-05-10 21:04:20,bu2310,bu2310,3585.0,0.0,0.0,0.0,4,3584.0,3586.0,1,3553.0,3553.0,3594.0,3553.0,273.0,9758990.0,2413
2023-05-10 21:04:20,bu2310,bu2310,3585.0,0.0,0.0,0.0,26,3584.0,3586.0,1,3553.0,3553.0,3594.0,3553.0,273.0,9758990.0,2413
2023-05-10 21:04:21,bu2310,bu2310,3585.0,0.0,0.0,0.0,36,3584.0,3586.0,1,3553.0,3553.0,3594.0,3553.0,273.0,9758990.0,2413
2023-05-10 21:04:21,bu2310,bu2310,3585.0,0.0,0.0,0.0,1,3585.0,3586.0,1,3553.0,3553.0,3594.0,3553.0,273.0,9758990.0,2413
2023-05-10 21:04:22,bu2310,bu2310,3585.0,0.0,0.0,0.0,4,3584.0,3586.0,1,3553.0,3553.0,3594.0,3553.0,273.0,9758990.0,2413
2023-05-10 21:04:22,bu2310,bu2310,3585.0,0.0,0.0,0.0,4,3584.0,3586.0,1,3553.0,3553.0,3594.0,3553.0,273.0,9758990.0,2413
2023-05-10 21:04:23,bu2310,bu2310,3585.0,0.0,0.0,0.0,4,3584.0,3586.0,1,3553.0,3553.0,3594.0,3553.0,273.0,9758990.0,2413
2023-05-10 21:04:24,bu2310,bu2310,3585.0,0.0,0.0,0.0,1,3585.0,3586.0,1,3553.0,3553.0,3594.0,3553.0,273.0,9758990.0,2413
2023-05-10 21:04:24,bu2310,bu2310,3585.0,0.0,0.0,0.0,25,3584.0,3586.0,1,3553.0,3553.0,3594.0,3553.0,273.0,9758990.0,2413
2023-05-10 21:04:25,bu2310,bu2310,3585.0,0.0,0.0,0.0,25,3584.0,3586.0,1,3553.0,3553.0,3594.0,3553.0,273.0,9758990.0,2413
2023-05-10 21:04:25,bu2310,bu2310,3585.0,0.0,0.0,0.0,1,3585.0,3586.0,1,3553.0,3553.0,3594.0,3553.0,273.0,9758990.0,2413
2023-05-10 21:04:26,bu2310,bu2310,3585.0,0.0,0.0,0.0,2,3585.0,3586.0,1,3553.0,3553.0,3594.0,3553.0,273.0,9758990.0,2413
2023-05-10 21:04:26,bu2310,bu2310,3585.0,0.0,0.0,0.0,2,3585.0,3586.0,1,3553.0,3553.0,3594.0,3553.0,273.0,9758990.0,2413
2023-05-10 21:04:27,bu2310,bu2310,3585.0,0.0,0.0,0.0,2,3585.0,3586.0,1,3553.0,3553.0,3594.0,3553.0,273.0,9758990.0,2413
2023-05-10 21:04:28,bu2310,bu2310,3585.0,0.0,0.0,0.0,4,3584.0,3586.0,1,3553.0,3553.0,3594.0,3553.0,273.0,9758990.0,2413
2023-05-10 21:04:28,bu2310,bu2310,3585.0,0.0,0.0,0.0,1,3585.0,3586.0,1,3553.0,3553.0,3594.0,3553.0,273.0,9758990.0,2413
2023-05-10 21:04:29,bu2310,bu2310,3585.0,0.0,0.0,0.0,4,3584.0,3586.0,1,3553.0,3553.0,3594.0,3553.0,273.0,9758990.0,2413
2023-05-10 21:04:29,bu2310,bu2310,3585.0,0.0,0.0,0.0,4,3584.0,3586.0,1,3553.0,3553.0,3594.0,3553.0,273.0,9758990.0,2413
2023-05-10 21:04:31,bu2310,bu2310,3585.0,0.0,0.0,0.0,1,3585.0,3586.0,1,3553.0,3553.0,3594.0,3553.0,273.0,9758990.0,2413
2023-05-10 21:04:32,bu2310,bu2310,3585.0,0.0,0.0,0.0,4,3584.0,3586.0,1,3553.0,3553.0,3594.0,3553.0,273.0,9758990.0,2413
2023-05-10 21:04:32,bu2310,bu2310,3585.0,0.0,0.0,0.0,1,3585.0,3586.0,1,3553.0,3553.0,3594.0,3553.0,273.0,9758990.0,2413
2023-05-10 21:04:33,bu2310,bu2310,3585.0,0.0,0.0,0.0,1,3585.0,3586.0,1,3553.0,3553.0,3594.0,3553.0,273.0,9758990.0,2413
2023-05-10 21:04:33,bu2310,bu2310,3585.0,0.0,0.0,0.0,2,3585.0,3587.0,4,3553.0,3553.0,3594.0,3553.0,273.0,9758990.0,2413
2023-05-10 21:04:34,bu2310,bu2310,3585.0,0.0,0.0,0.0,2,3585.0,3587.0,3,3553.0,3553.0,3594.0,3553.0,273.0,9758990.0,2413
2023-05-10 21:04:34,bu2310,bu2310,3585.0,0.0,0.0,0.0,4,3585.0,3587.0,2,3553.0,3553.0,3594.0,3553.0,273.0,9758990.0,2413
2023-05-10 21:04:35,bu2310,bu2310,3585.0,0.0,0.0,0.0,4,3585.0,3587.0,2,3553.0,3553.0,3594.0,3553.0,273.0,9758990.0,2413
2023-05-10 21:04:35,bu2310,bu2310,3585.0,0.0,0.0,0.0,29,3585.0,3587.0,3,3553.0,3553.0,3594.0,3553.0,273.0,9758990.0,2413
2023-05-10 21:04:36,bu2310,bu2310,3585.0,0.0,0.0,0.0,4,3585.0,3587.0,3,3553.0,3553.0,3594.0,3553.0,273.0,9758990.0,2413
2023-05-10 21:04:36,bu2310,bu2310,3585.0,0.0,0.0,0.0,29,3585.0,3587.0,3,3553.0,3553.0,3594.0,3553.0,273.0,9758990.0,2413
2023-05-10 21:04:38,bu2310,bu2310,3585.0,0.0,0.0,0.0,29,3585.0,3587.0,3,3553.0,3553.0,3594.0,3553.0,273.0,9758990.0,2413
2023-05-10 21:04:38,bu2310,bu2310,3585.0,0.0,0.0,0.0,29,3585.0,3587.0,3,3553.0,3553.0,3594.0,3553.0,273.0,9758990.0,2413
2023-05-10 21:04:39,bu2310,bu2310,3585.0,0.0,0.0,0.0,25,3586.0,3587.0,3,3553.0,3553.0,3594.0,3553.0,273.0,9758990.0,2413
2023-05-10 21:04:40,bu2310,bu2310,3585.0,0.0,0.0,0.0,25,3586.0,3587.0,2,3553.0,3553.0,3594.0,3553.0,273.0,9758990.0,2413
2023-05-10 21:04:40,bu2310,bu2310,3585.0,0.0,0.0,0.0,25,3586.0,3587.0,2,3553.0,3553.0,3594.0,3553.0,273.0,9758990.0,2413
2023-05-10 21:04:41,bu2310,bu2310,3585.0,0.0,0.0,0.0,25,3586.0,3587.0,2,3553.0,3553.0,3594.0,3553.0,273.0,9758990.0,2413
2023-05-10 21:04:41,bu2310,bu2310,3585.0,0.0,0.0,0.0,25,3586.0,3587.0,2,3553.0,3553.0,3594.0,3553.0,273.0,9758990.0,2413
2023-05-10 21:04:42,bu2310,bu2310,3585.0,0.0,0.0,0.0,29,3585.0,3587.0,2,3553.0,3553.0,3594.0,3553.0,273.0,9758990.0,2413
2023-05-10 21:04:42,bu2310,bu2310,3585.0,0.0,0.0,0.0,29,3585.0,3587.0,2,3553.0,3553.0,3594.0,3553.0,273.0,9758990.0,2413
2023-05-10 21:04:43,bu2310,bu2310,3585.0,0.0,0.0,0.0,29,3585.0,3587.0,2,3553.0,3553.0,3594.0,3553.0,273.0,9758990.0,2413
2023-05-10 21:04:44,bu2310,bu2310,3585.0,0.0,0.0,0.0,55,3585.0,3587.0,2,3553.0,3553.0,3594.0,3553.0,273.0,9758990.0,2413
2023-05-10 21:04:44,bu2310,bu2310,3585.0,0.0,0.0,0.0,25,3586.0,3587.0,2,3553.0,3553.0,3594.0,3553.0,273.0,9758990.0,2413
2023-05-10 21:04:46,bu2310,bu2310,3585.0,0.0,0.0,0.0,69,3585.0,3587.0,2,3553.0,3553.0,3594.0,3553.0,273.0,9758990.0,2413
2023-05-10 21:04:46,bu2310,bu2310,3585.0,0.0,0.0,0.0,1,3586.0,3587.0,2,3553.0,3553.0,3594.0,3553.0,273.0,9758990.0,2413
2023-05-10 21:04:47,bu2310,bu2310,3587.0,2.0,71740.0,1.0,25,3587.0,3588.0,2,3553.0,3553.0,3594.0,3553.0,275.0,9830730.0,2414
2023-05-10 21:04:47,bu2310,bu2310,3587.0,0.0,0.0,0.0,1,3587.0,3588.0,1,3553.0,3553.0,3594.0,3553.0,275.0,9830730.0,2414
2023-05-10 21:04:48,bu2310,bu2310,3588.0,1.0,35880.0,-1.0,1,3587.0,3589.0,2,3553.0,3553.0,3594.0,3553.0,276.0,9866610.0,2413
2023-05-10 21:04:48,bu2310,bu2310,3588.0,0.0,0.0,0.0,1,3587.0,3589.0,1,3553.0,3553.0,3594.0,3553.0,276.0,9866610.0,2413
2023-05-10 21:04:49,bu2310,bu2310,3588.0,0.0,0.0,0.0,1,3587.0,3589.0,4,3553.0,3553.0,3594.0,3553.0,276.0,9866610.0,2413
2023-05-10 21:04:50,bu2310,bu2310,3588.0,0.0,0.0,0.0,1,3587.0,3589.0,4,3553.0,3553.0,3594.0,3553.0,276.0,9866610.0,2413
2023-05-10 21:04:50,bu2310,bu2310,3588.0,0.0,0.0,0.0,1,3587.0,3589.0,4,3553.0,3553.0,3594.0,3553.0,276.0,9866610.0,2413
2023-05-10 21:04:51,bu2310,bu2310,3588.0,0.0,0.0,0.0,1,3587.0,3589.0,4,3553.0,3553.0,3594.0,3553.0,276.0,9866610.0,2413
2023-05-10 21:04:53,bu2310,bu2310,3588.0,0.0,0.0,0.0,26,3587.0,3589.0,4,3553.0,3553.0,3594.0,3553.0,276.0,9866610.0,2413
2023-05-10 21:04:53,bu2310,bu2310,3588.0,0.0,0.0,0.0,26,3587.0,3589.0,22,3553.0,3553.0,3594.0,3553.0,276.0,9866610.0,2413
2023-05-10 21:04:54,bu2310,bu2310,3588.0,0.0,0.0,0.0,26,3587.0,3589.0,44,3553.0,3553.0,3594.0,3553.0,276.0,9866610.0,2413
2023-05-10 21:04:54,bu2310,bu2310,3588.0,0.0,0.0,0.0,1,3587.0,3589.0,52,3553.0,3553.0,3594.0,3553.0,276.0,9866610.0,2413
2023-05-10 21:04:55,bu2310,bu2310,3588.0,0.0,0.0,0.0,1,3587.0,3588.0,1,3553.0,3553.0,3594.0,3553.0,276.0,9866610.0,2413
2023-05-10 21:04:55,bu2310,bu2310,3588.0,0.0,0.0,0.0,1,3587.0,3588.0,1,3553.0,3553.0,3594.0,3553.0,276.0,9866610.0,2413
2023-05-10 21:04:56,bu2310,bu2310,3588.0,0.0,0.0,0.0,1,3587.0,3588.0,1,3553.0,3553.0,3594.0,3553.0,276.0,9866610.0,2413
2023-05-10 21:04:56,bu2310,bu2310,3588.0,0.0,0.0,0.0,1,3587.0,3588.0,1,3553.0,3553.0,3594.0,3553.0,276.0,9866610.0,2413
2023-05-10 21:04:57,bu2310,bu2310,3588.0,0.0,0.0,0.0,1,3587.0,3588.0,1,3553.0,3553.0,3594.0,3553.0,276.0,9866610.0,2413
2023-05-10 21:04:58,bu2310,bu2310,3587.0,1.0,35870.0,0.0,25,3586.0,3588.0,1,3553.0,3553.0,3594.0,3553.0,277.0,9902480.0,2413
2023-05-10 21:04:58,bu2310,bu2310,3587.0,0.0,0.0,0.0,26,3586.0,3588.0,2,3553.0,3553.0,3594.0,3553.0,277.0,9902480.0,2413
2023-05-10 21:04:59,bu2310,bu2310,3587.0,0.0,0.0,0.0,26,3586.0,3588.0,2,3553.0,3553.0,3594.0,3553.0,277.0,9902480.0,2413
2023-05-10 21:04:59,bu2310,bu2310,3587.0,0.0,0.0,0.0,26,3586.0,3588.0,2,3553.0,3553.0,3594.0,3553.0,277.0,9902480.0,2413
2023-05-10 21:05:00,bu2310,bu2310,3587.0,0.0,0.0,0.0,1,3586.0,3588.0,2,3553.0,3553.0,3594.0,3553.0,277.0,9902480.0,2413
2023-05-10 21:05:00,bu2310,bu2310,3587.0,0.0,0.0,0.0,28,3585.0,3588.0,19,3553.0,3553.0,3594.0,3553.0,277.0,9902480.0,2413
2023-05-10 21:05:01,bu2310,bu2310,3587.0,0.0,0.0,0.0,27,3585.0,3588.0,25,3553.0,3553.0,3594.0,3553.0,277.0,9902480.0,2413
2023-05-10 21:05:01,bu2310,bu2310,3587.0,0.0,0.0,0.0,27,3585.0,3588.0,25,3553.0,3553.0,3594.0,3553.0,277.0,9902480.0,2413
2023-05-10 21:05:02,bu2310,bu2310,3587.0,0.0,0.0,0.0,28,3585.0,3588.0,25,3553.0,3553.0,3594.0,3553.0,277.0,9902480.0,2413
2023-05-10 21:05:02,bu2310,bu2310,3587.0,0.0,0.0,0.0,25,3586.0,3588.0,22,3553.0,3553.0,3594.0,3553.0,277.0,9902480.0,2413
2023-05-10 21:05:03,bu2310,bu2310,3587.0,0.0,0.0,0.0,26,3586.0,3588.0,2,3553.0,3553.0,3594.0,3553.0,277.0,9902480.0,2413
2023-05-10 21:05:03,bu2310,bu2310,3587.0,0.0,0.0,0.0,25,3587.0,3588.0,1,3553.0,3553.0,3594.0,3553.0,277.0,9902480.0,2413
2023-05-10 21:05:04,bu2310,bu2310,3588.0,1.0,35880.0,-1.0,2,3587.0,3589.0,2,3553.0,3553.0,3594.0,3553.0,278.0,9938360.0,2412
2023-05-10 21:05:04,bu2310,bu2310,3588.0,0.0,0.0,0.0,25,3589.0,3590.0,1,3553.0,3553.0,3594.0,3553.0,278.0,9938360.0,2412
2023-05-10 21:05:05,bu2310,bu2310,3588.0,0.0,0.0,0.0,25,3589.0,3592.0,2,3553.0,3553.0,3594.0,3553.0,278.0,9938360.0,2412
2023-05-10 21:05:05,bu2310,bu2310,3588.0,0.0,0.0,0.0,3,3589.0,3591.0,1,3553.0,3553.0,3594.0,3553.0,278.0,9938360.0,2412
2023-05-10 21:05:06,bu2310,bu2310,3588.0,0.0,0.0,0.0,25,3590.0,3591.0,2,3553.0,3553.0,3594.0,3553.0,278.0,9938360.0,2412
2023-05-10 21:05:06,bu2310,bu2310,3588.0,0.0,0.0,0.0,25,3590.0,3591.0,2,3553.0,3553.0,3594.0,3553.0,278.0,9938360.0,2412
2023-05-10 21:05:07,bu2310,bu2310,3588.0,0.0,0.0,0.0,26,3590.0,3591.0,2,3553.0,3553.0,3594.0,3553.0,278.0,9938360.0,2412
2023-05-10 21:05:07,bu2310,bu2310,3588.0,0.0,0.0,0.0,26,3590.0,3591.0,2,3553.0,3553.0,3594.0,3553.0,278.0,9938360.0,2412
2023-05-10 21:05:08,bu2310,bu2310,3588.0,0.0,0.0,0.0,1,3590.0,3591.0,2,3553.0,3553.0,3594.0,3553.0,278.0,9938360.0,2412
2023-05-10 21:05:08,bu2310,bu2310,3592.0,3.0,107740.0,2.0,25,3592.0,3593.0,26,3553.0,3553.0,3594.0,3553.0,281.0,10046100.0,2414
2023-05-10 21:05:09,bu2310,bu2310,3592.0,2.0,71840.0,2.0,26,3592.0,3593.0,21,3553.0,3553.0,3594.0,3553.0,283.0,10117940.0,2416
2023-05-10 21:05:09,bu2310,bu2310,3593.0,1.0,35930.0,-1.0,25,3593.0,3595.0,1,3553.0,3553.0,3594.0,3553.0,284.0,10153870.0,2415
2023-05-10 21:05:10,bu2310,bu2310,3593.0,2.0,71860.0,2.0,25,3593.0,3595.0,22,3553.0,3553.0,3594.0,3553.0,286.0,10225730.0,2417
2023-05-10 21:05:10,bu2310,bu2310,3593.0,0.0,0.0,0.0,25,3594.0,3595.0,44,3553.0,3553.0,3594.0,3553.0,286.0,10225730.0,2417
2023-05-10 21:05:11,bu2310,bu2310,3593.0,2.0,71860.0,0.0,25,3593.0,3595.0,46,3553.0,3553.0,3594.0,3553.0,288.0,10297590.0,2417
2023-05-10 21:05:11,bu2310,bu2310,3593.0,0.0,0.0,0.0,26,3593.0,3595.0,46,3553.0,3553.0,3594.0,3553.0,288.0,10297590.0,2417
2023-05-10 21:05:12,bu2310,bu2310,3593.0,0.0,0.0,0.0,27,3593.0,3594.0,1,3553.0,3553.0,3594.0,3553.0,288.0,10297590.0,2417
2023-05-10 21:05:12,bu2310,bu2310,3594.0,2.0,71880.0,1.0,1,3593.0,3595.0,48,3553.0,3553.0,3594.0,3553.0,290.0,10369470.0,2418
2023-05-10 21:05:13,bu2310,bu2310,3594.0,0.0,0.0,0.0,1,3593.0,3595.0,50,3553.0,3553.0,3594.0,3553.0,290.0,10369470.0,2418
2023-05-10 21:05:13,bu2310,bu2310,3594.0,0.0,0.0,0.0,1,3593.0,3594.0,1,3553.0,3553.0,3594.0,3553.0,290.0,10369470.0,2418
2023-05-10 21:05:14,bu2310,bu2310,3592.0,4.0,143690.0,-2.0,1,3591.0,3594.0,1,3553.0,3553.0,3594.0,3553.0,294.0,10513160.0,2416
2023-05-10 21:05:14,bu2310,bu2310,3592.0,0.0,0.0,0.0,25,3593.0,3594.0,6,3553.0,3553.0,3594.0,3553.0,294.0,10513160.0,2416
2023-05-10 21:05:15,bu2310,bu2310,3593.0,10.0,359300.0,4.0,2,3591.0,3593.0,1,3553.0,3553.0,3594.0,3553.0,304.0,10872460.0,2420
2023-05-10 21:05:15,bu2310,bu2310,3593.0,0.0,0.0,0.0,25,3591.0,3593.0,3,3553.0,3553.0,3594.0,3553.0,304.0,10872460.0,2420
2023-05-10 21:05:16,bu2310,bu2310,3593.0,0.0,0.0,0.0,2,3590.0,3593.0,3,3553.0,3553.0,3594.0,3553.0,304.0,10872460.0,2420
2023-05-10 21:05:16,bu2310,bu2310,3593.0,0.0,0.0,0.0,2,3591.0,3593.0,21,3553.0,3553.0,3594.0,3553.0,304.0,10872460.0,2420
2023-05-10 21:05:17,bu2310,bu2310,3591.0,1.0,35910.0,0.0,25,3591.0,3593.0,1,3553.0,3553.0,3594.0,3553.0,305.0,10908370.0,2420
2023-05-10 21:05:17,bu2310,bu2310,3591.0,0.0,0.0,0.0,1,3591.0,3593.0,1,3553.0,3553.0,3594.0,3553.0,305.0,10908370.0,2420
2023-05-10 21:05:18,bu2310,bu2310,3591.0,0.0,0.0,0.0,1,3591.0,3593.0,1,3553.0,3553.0,3594.0,3553.0,305.0,10908370.0,2420
2023-05-10 21:05:18,bu2310,bu2310,3591.0,0.0,0.0,0.0,28,3591.0,3593.0,1,3553.0,3553.0,3594.0,3553.0,305.0,10908370.0,2420
2023-05-10 21:05:19,bu2310,bu2310,3591.0,0.0,0.0,0.0,3,3591.0,3593.0,1,3553.0,3553.0,3594.0,3553.0,305.0,10908370.0,2420
2023-05-10 21:05:19,bu2310,bu2310,3591.0,0.0,0.0,0.0,25,3592.0,3593.0,1,3553.0,3553.0,3594.0,3553.0,305.0,10908370.0,2420
2023-05-10 21:05:20,bu2310,bu2310,3591.0,0.0,0.0,0.0,3,3591.0,3592.0,1,3553.0,3553.0,3594.0,3553.0,305.0,10908370.0,2420
2023-05-10 21:05:20,bu2310,bu2310,3591.0,3.0,107750.0,1.0,1,3591.0,3593.0,1,3553.0,3553.0,3594.0,3553.0,308.0,11016120.0,2421
2023-05-10 21:05:21,bu2310,bu2310,3591.0,0.0,0.0,0.0,1,3591.0,3593.0,36,3553.0,3553.0,3594.0,3553.0,308.0,11016120.0,2421
2023-05-10 21:05:21,bu2310,bu2310,3591.0,0.0,0.0,0.0,25,3591.0,3592.0,3,3553.0,3553.0,3594.0,3553.0,308.0,11016120.0,2421
2023-05-10 21:05:22,bu2310,bu2310,3591.0,1.0,35910.0,0.0,27,3590.0,3592.0,9,3553.0,3553.0,3594.0,3553.0,309.0,11052030.0,2421
2023-05-10 21:05:22,bu2310,bu2310,3591.0,0.0,0.0,0.0,26,3590.0,3592.0,9,3553.0,3553.0,3594.0,3553.0,309.0,11052030.0,2421
2023-05-10 21:05:23,bu2310,bu2310,3591.0,0.0,0.0,0.0,1,3590.0,3592.0,9,3553.0,3553.0,3594.0,3553.0,309.0,11052030.0,2421
2023-05-10 21:05:23,bu2310,bu2310,3591.0,0.0,0.0,0.0,1,3590.0,3591.0,1,3553.0,3553.0,3594.0,3553.0,309.0,11052030.0,2421
2023-05-10 21:05:24,bu2310,bu2310,3591.0,0.0,0.0,0.0,1,3590.0,3591.0,2,3553.0,3553.0,3594.0,3553.0,309.0,11052030.0,2421
2023-05-10 21:05:24,bu2310,bu2310,3589.0,5.0,179460.0,-1.0,25,3589.0,3590.0,1,3553.0,3553.0,3594.0,3553.0,314.0,11231490.0,2420
2023-05-10 21:05:25,bu2310,bu2310,3589.0,0.0,0.0,0.0,25,3589.0,3590.0,2,3553.0,3553.0,3594.0,3553.0,314.0,11231490.0,2420
2023-05-10 21:05:25,bu2310,bu2310,3589.0,0.0,0.0,0.0,26,3588.0,3590.0,2,3553.0,3553.0,3594.0,3553.0,314.0,11231490.0,2420
2023-05-10 21:05:26,bu2310,bu2310,3589.0,0.0,0.0,0.0,26,3588.0,3590.0,2,3553.0,3553.0,3594.0,3553.0,314.0,11231490.0,2420
2023-05-10 21:05:26,bu2310,bu2310,3589.0,0.0,0.0,0.0,26,3588.0,3590.0,24,3553.0,3553.0,3594.0,3553.0,314.0,11231490.0,2420
2023-05-10 21:05:27,bu2310,bu2310,3589.0,0.0,0.0,0.0,26,3588.0,3590.0,46,3553.0,3553.0,3594.0,3553.0,314.0,11231490.0,2420
2023-05-10 21:05:27,bu2310,bu2310,3589.0,0.0,0.0,0.0,26,3588.0,3590.0,54,3553.0,3553.0,3594.0,3553.0,314.0,11231490.0,2420
2023-05-10 21:05:28,bu2310,bu2310,3589.0,0.0,0.0,0.0,1,3588.0,3589.0,1,3553.0,3553.0,3594.0,3553.0,314.0,11231490.0,2420
2023-05-10 21:05:28,bu2310,bu2310,3589.0,3.0,107670.0,-1.0,1,3587.0,3590.0,35,3553.0,3553.0,3594.0,3553.0,317.0,11339160.0,2419
2023-05-10 21:05:29,bu2310,bu2310,3589.0,0.0,0.0,0.0,25,3589.0,3590.0,1,3553.0,3553.0,3594.0,3553.0,317.0,11339160.0,2419
2023-05-10 21:05:29,bu2310,bu2310,3589.0,0.0,0.0,0.0,25,3590.0,3591.0,2,3553.0,3553.0,3594.0,3553.0,317.0,11339160.0,2419
2023-05-10 21:05:30,bu2310,bu2310,3589.0,0.0,0.0,0.0,25,3589.0,3591.0,23,3553.0,3553.0,3594.0,3553.0,317.0,11339160.0,2419
2023-05-10 21:05:30,bu2310,bu2310,3589.0,0.0,0.0,0.0,3,3588.0,3591.0,45,3553.0,3553.0,3594.0,3553.0,317.0,11339160.0,2419
2023-05-10 21:05:31,bu2310,bu2310,3589.0,0.0,0.0,0.0,25,3589.0,3590.0,1,3553.0,3553.0,3594.0,3553.0,317.0,11339160.0,2419
2023-05-10 21:05:31,bu2310,bu2310,3589.0,1.0,35890.0,0.0,25,3589.0,3590.0,2,3553.0,3553.0,3594.0,3553.0,318.0,11375050.0,2419
2023-05-10 21:05:32,bu2310,bu2310,3589.0,2.0,71780.0,2.0,25,3589.0,3590.0,1,3553.0,3553.0,3594.0,3553.0,320.0,11446830.0,2421
2023-05-10 21:05:32,bu2310,bu2310,3589.0,3.0,107670.0,1.0,27,3588.0,3590.0,1,3553.0,3553.0,3594.0,3553.0,323.0,11554500.0,2422
2023-05-10 21:05:33,bu2310,bu2310,3589.0,0.0,0.0,0.0,26,3589.0,3591.0,33,3553.0,3553.0,3594.0,3553.0,323.0,11554500.0,2422
2023-05-10 21:05:33,bu2310,bu2310,3589.0,0.0,0.0,0.0,1,3590.0,3592.0,3,3553.0,3553.0,3594.0,3553.0,323.0,11554500.0,2422
2023-05-10 21:05:34,bu2310,bu2310,3589.0,0.0,0.0,0.0,27,3590.0,3592.0,22,3553.0,3553.0,3594.0,3553.0,323.0,11554500.0,2422
2023-05-10 21:05:34,bu2310,bu2310,3589.0,0.0,0.0,0.0,26,3591.0,3592.0,40,3553.0,3553.0,3594.0,3553.0,323.0,11554500.0,2422
2023-05-10 21:05:35,bu2310,bu2310,3591.0,1.0,35910.0,0.0,26,3591.0,3592.0,2,3553.0,3553.0,3594.0,3553.0,324.0,11590410.0,2422
2023-05-10 21:05:35,bu2310,bu2310,3591.0,0.0,0.0,0.0,1,3591.0,3592.0,2,3553.0,3553.0,3594.0,3553.0,324.0,11590410.0,2422
2023-05-10 21:05:36,bu2310,bu2310,3591.0,0.0,0.0,0.0,30,3591.0,3592.0,2,3553.0,3553.0,3594.0,3553.0,324.0,11590410.0,2422
2023-05-10 21:05:36,bu2310,bu2310,3592.0,1.0,35920.0,1.0,26,3592.0,3595.0,2,3553.0,3553.0,3594.0,3553.0,325.0,11626330.0,2423
2023-05-10 21:05:37,bu2310,bu2310,3592.0,8.0,287360.0,8.0,30,3591.0,3593.0,20,3553.0,3553.0,3594.0,3553.0,333.0,11913690.0,2431
2023-05-10 21:05:37,bu2310,bu2310,3592.0,0.0,0.0,0.0,26,3592.0,3593.0,33,3553.0,3553.0,3594.0,3553.0,333.0,11913690.0,2431
2023-05-10 21:05:38,bu2310,bu2310,3592.0,0.0,0.0,0.0,25,3592.0,3593.0,36,3553.0,3553.0,3594.0,3553.0,333.0,11913690.0,2431
2023-05-10 21:05:38,bu2310,bu2310,3592.0,0.0,0.0,0.0,25,3592.0,3593.0,36,3553.0,3553.0,3594.0,3553.0,333.0,11913690.0,2431
2023-05-10 21:05:39,bu2310,bu2310,3593.0,25.0,898250.0,7.0,25,3592.0,3594.0,3,3553.0,3553.0,3594.0,3553.0,358.0,12811940.0,2438
2023-05-10 21:05:39,bu2310,bu2310,3593.0,0.0,0.0,0.0,1,3592.0,3594.0,1,3553.0,3553.0,3594.0,3553.0,358.0,12811940.0,2438
2023-05-10 21:05:40,bu2310,bu2310,3593.0,0.0,0.0,0.0,28,3592.0,3594.0,1,3553.0,3553.0,3594.0,3553.0,358.0,12811940.0,2438
2023-05-10 21:05:40,bu2310,bu2310,3593.0,0.0,0.0,0.0,28,3592.0,3594.0,1,3553.0,3553.0,3594.0,3553.0,358.0,12811940.0,2438
2023-05-10 21:05:41,bu2310,bu2310,3593.0,1.0,35930.0,1.0,3,3592.0,3593.0,26,3553.0,3553.0,3594.0,3553.0,359.0,12847870.0,2439
2023-05-10 21:05:41,bu2310,bu2310,3593.0,0.0,0.0,0.0,29,3592.0,3594.0,2,3553.0,3553.0,3594.0,3553.0,359.0,12847870.0,2439
2023-05-10 21:05:42,bu2310,bu2310,3593.0,0.0,0.0,0.0,29,3592.0,3594.0,1,3553.0,3553.0,3594.0,3553.0,359.0,12847870.0,2439
2023-05-10 21:05:42,bu2310,bu2310,3593.0,0.0,0.0,0.0,29,3592.0,3594.0,20,3553.0,3553.0,3594.0,3553.0,359.0,12847870.0,2439
2023-05-10 21:05:43,bu2310,bu2310,3593.0,0.0,0.0,0.0,29,3592.0,3594.0,38,3553.0,3553.0,3594.0,3553.0,359.0,12847870.0,2439
2023-05-10 21:05:43,bu2310,bu2310,3593.0,0.0,0.0,0.0,4,3592.0,3594.0,47,3553.0,3553.0,3594.0,3553.0,359.0,12847870.0,2439
2023-05-10 21:05:44,bu2310,bu2310,3593.0,0.0,0.0,0.0,29,3592.0,3594.0,45,3553.0,3553.0,3594.0,3553.0,359.0,12847870.0,2439
2023-05-10 21:05:44,bu2310,bu2310,3593.0,0.0,0.0,0.0,28,3592.0,3594.0,33,3553.0,3553.0,3594.0,3553.0,359.0,12847870.0,2439
2023-05-10 21:05:45,bu2310,bu2310,3593.0,0.0,0.0,0.0,28,3592.0,3594.0,1,3553.0,3553.0,3594.0,3553.0,359.0,12847870.0,2439
2023-05-10 21:05:45,bu2310,bu2310,3593.0,0.0,0.0,0.0,28,3592.0,3594.0,21,3553.0,3553.0,3594.0,3553.0,359.0,12847870.0,2439
2023-05-10 21:05:46,bu2310,bu2310,3593.0,0.0,0.0,0.0,28,3592.0,3594.0,38,3553.0,3553.0,3594.0,3553.0,359.0,12847870.0,2439
2023-05-10 21:05:46,bu2310,bu2310,3593.0,0.0,0.0,0.0,28,3592.0,3594.0,46,3553.0,3553.0,3594.0,3553.0,359.0,12847870.0,2439
2023-05-10 21:05:47,bu2310,bu2310,3593.0,0.0,0.0,0.0,3,3592.0,3594.0,46,3553.0,3553.0,3594.0,3553.0,359.0,12847870.0,2439
2023-05-10 21:05:47,bu2310,bu2310,3593.0,0.0,0.0,0.0,3,3592.0,3594.0,47,3553.0,3553.0,3594.0,3553.0,359.0,12847870.0,2439
2023-05-10 21:05:48,bu2310,bu2310,3593.0,0.0,0.0,0.0,25,3593.0,3594.0,47,3553.0,3553.0,3594.0,3553.0,359.0,12847870.0,2439
2023-05-10 21:05:48,bu2310,bu2310,3593.0,0.0,0.0,0.0,2,3592.0,3594.0,47,3553.0,3553.0,3594.0,3553.0,359.0,12847870.0,2439
2023-05-10 21:05:49,bu2310,bu2310,3593.0,0.0,0.0,0.0,2,3592.0,3594.0,35,3553.0,3553.0,3594.0,3553.0,359.0,12847870.0,2439
2023-05-10 21:05:50,bu2310,bu2310,3593.0,0.0,0.0,0.0,27,3592.0,3593.0,5,3553.0,3553.0,3594.0,3553.0,359.0,12847870.0,2439
2023-05-10 21:05:50,bu2310,bu2310,3593.0,0.0,0.0,0.0,27,3592.0,3593.0,5,3553.0,3553.0,3594.0,3553.0,359.0,12847870.0,2439
2023-05-10 21:05:51,bu2310,bu2310,3593.0,0.0,0.0,0.0,2,3592.0,3593.0,5,3553.0,3553.0,3594.0,3553.0,359.0,12847870.0,2439
2023-05-10 21:05:51,bu2310,bu2310,3593.0,0.0,0.0,0.0,2,3592.0,3593.0,5,3553.0,3553.0,3594.0,3553.0,359.0,12847870.0,2439
2023-05-10 21:05:52,bu2310,bu2310,3593.0,0.0,0.0,0.0,2,3592.0,3593.0,6,3553.0,3553.0,3594.0,3553.0,359.0,12847870.0,2439
2023-05-10 21:05:53,bu2310,bu2310,3593.0,0.0,0.0,0.0,2,3592.0,3593.0,6,3553.0,3553.0,3594.0,3553.0,359.0,12847870.0,2439
2023-05-10 21:05:54,bu2310,bu2310,3593.0,0.0,0.0,0.0,2,3592.0,3593.0,6,3553.0,3553.0,3594.0,3553.0,359.0,12847870.0,2439
2023-05-10 21:05:54,bu2310,bu2310,3593.0,0.0,0.0,0.0,2,3592.0,3593.0,6,3553.0,3553.0,3594.0,3553.0,359.0,12847870.0,2439
2023-05-10 21:05:55,bu2310,bu2310,3593.0,0.0,0.0,0.0,3,3592.0,3593.0,6,3553.0,3553.0,3594.0,3553.0,359.0,12847870.0,2439
2023-05-10 21:05:56,bu2310,bu2310,3593.0,0.0,0.0,0.0,28,3592.0,3593.0,6,3553.0,3553.0,3594.0,3553.0,359.0,12847870.0,2439
2023-05-10 21:05:56,bu2310,bu2310,3593.0,2.0,71860.0,-2.0,28,3592.0,3593.0,4,3553.0,3553.0,3594.0,3553.0,361.0,12919730.0,2437
2023-05-10 21:05:57,bu2310,bu2310,3593.0,1.0,35930.0,-1.0,28,3592.0,3593.0,3,3553.0,3553.0,3594.0,3553.0,362.0,12955660.0,2436
2023-05-10 21:05:57,bu2310,bu2310,3593.0,1.0,35930.0,0.0,28,3592.0,3593.0,2,3553.0,3553.0,3594.0,3553.0,363.0,12991590.0,2436
2023-05-10 21:05:59,bu2310,bu2310,3593.0,1.0,35930.0,-1.0,3,3592.0,3593.0,1,3553.0,3553.0,3594.0,3553.0,364.0,13027520.0,2435
2023-05-10 21:05:59,bu2310,bu2310,3593.0,0.0,0.0,0.0,2,3592.0,3593.0,2,3553.0,3553.0,3594.0,3553.0,364.0,13027520.0,2435
2023-05-10 21:06:00,bu2310,bu2310,3593.0,0.0,0.0,0.0,2,3592.0,3593.0,2,3553.0,3553.0,3594.0,3553.0,364.0,13027520.0,2435
2023-05-10 21:06:00,bu2310,bu2310,3593.0,0.0,0.0,0.0,3,3592.0,3593.0,2,3553.0,3553.0,3594.0,3553.0,364.0,13027520.0,2435
2023-05-10 21:06:01,bu2310,bu2310,3593.0,0.0,0.0,0.0,28,3592.0,3593.0,2,3553.0,3553.0,3594.0,3553.0,364.0,13027520.0,2435
2023-05-10 21:06:02,bu2310,bu2310,3593.0,0.0,0.0,0.0,3,3592.0,3593.0,1,3553.0,3553.0,3594.0,3553.0,364.0,13027520.0,2435
2023-05-10 21:06:02,bu2310,bu2310,3593.0,0.0,0.0,0.0,3,3592.0,3593.0,1,3553.0,3553.0,3594.0,3553.0,364.0,13027520.0,2435
2023-05-10 21:06:03,bu2310,bu2310,3593.0,1.0,35930.0,-1.0,3,3592.0,3593.0,1,3553.0,3553.0,3594.0,3553.0,365.0,13063450.0,2434
2023-05-10 21:06:03,bu2310,bu2310,3593.0,1.0,35930.0,0.0,1,3593.0,3594.0,2,3553.0,3553.0,3594.0,3553.0,366.0,13099380.0,2434
2023-05-10 21:06:04,bu2310,bu2310,3593.0,0.0,0.0,0.0,1,3593.0,3594.0,22,3553.0,3553.0,3594.0,3553.0,366.0,13099380.0,2434
2023-05-10 21:06:04,bu2310,bu2310,3593.0,0.0,0.0,0.0,1,3593.0,3594.0,40,3553.0,3553.0,3594.0,3553.0,366.0,13099380.0,2434
2023-05-10 21:06:05,bu2310,bu2310,3593.0,0.0,0.0,0.0,4,3593.0,3594.0,1,3553.0,3553.0,3594.0,3553.0,366.0,13099380.0,2434
2023-05-10 21:06:05,bu2310,bu2310,3593.0,0.0,0.0,0.0,4,3593.0,3595.0,1,3553.0,3553.0,3594.0,3553.0,366.0,13099380.0,2434
2023-05-10 21:06:06,bu2310,bu2310,3593.0,0.0,0.0,0.0,8,3593.0,3596.0,1,3553.0,3553.0,3594.0,3553.0,366.0,13099380.0,2434
2023-05-10 21:06:06,bu2310,bu2310,3593.0,0.0,0.0,0.0,1,3594.0,3596.0,21,3553.0,3553.0,3594.0,3553.0,366.0,13099380.0,2434
2023-05-10 21:06:07,bu2310,bu2310,3593.0,0.0,0.0,0.0,3,3594.0,3596.0,1,3553.0,3553.0,3594.0,3553.0,366.0,13099380.0,2434
2023-05-10 21:06:07,bu2310,bu2310,3593.0,0.0,0.0,0.0,4,3594.0,3596.0,1,3553.0,3553.0,3594.0,3553.0,366.0,13099380.0,2434
2023-05-10 21:06:08,bu2310,bu2310,3593.0,0.0,0.0,0.0,2,3594.0,3595.0,1,3553.0,3553.0,3594.0,3553.0,366.0,13099380.0,2434
2023-05-10 21:06:08,bu2310,bu2310,3593.0,0.0,0.0,0.0,1,3594.0,3595.0,1,3553.0,3553.0,3594.0,3553.0,366.0,13099380.0,2434
2023-05-10 21:06:09,bu2310,bu2310,3593.0,0.0,0.0,0.0,1,3594.0,3595.0,1,3553.0,3553.0,3594.0,3553.0,366.0,13099380.0,2434
2023-05-10 21:06:10,bu2310,bu2310,3594.0,1.0,35940.0,0.0,2,3593.0,3595.0,1,3553.0,3553.0,3594.0,3553.0,367.0,13135320.0,2434
2023-05-10 21:06:10,bu2310,bu2310,3594.0,0.0,0.0,0.0,4,3592.0,3594.0,6,3553.0,3553.0,3594.0,3553.0,367.0,13135320.0,2434
2023-05-10 21:06:11,bu2310,bu2310,3594.0,0.0,0.0,0.0,3,3592.0,3594.0,6,3553.0,3553.0,3594.0,3553.0,367.0,13135320.0,2434
2023-05-10 21:06:11,bu2310,bu2310,3594.0,0.0,0.0,0.0,3,3592.0,3594.0,6,3553.0,3553.0,3594.0,3553.0,367.0,13135320.0,2434
2023-05-10 21:06:12,bu2310,bu2310,3594.0,0.0,0.0,0.0,3,3592.0,3594.0,6,3553.0,3553.0,3594.0,3553.0,367.0,13135320.0,2434
2023-05-10 21:06:12,bu2310,bu2310,3594.0,0.0,0.0,0.0,3,3592.0,3593.0,1,3553.0,3553.0,3594.0,3553.0,367.0,13135320.0,2434
2023-05-10 21:06:13,bu2310,bu2310,3594.0,0.0,0.0,0.0,3,3591.0,3593.0,1,3553.0,3553.0,3594.0,3553.0,367.0,13135320.0,2434
2023-05-10 21:06:13,bu2310,bu2310,3594.0,0.0,0.0,0.0,1,3591.0,3593.0,18,3553.0,3553.0,3594.0,3553.0,367.0,13135320.0,2434
2023-05-10 21:06:14,bu2310,bu2310,3594.0,0.0,0.0,0.0,1,3590.0,3592.0,1,3553.0,3553.0,3594.0,3553.0,367.0,13135320.0,2434
2023-05-10 21:06:14,bu2310,bu2310,3594.0,0.0,0.0,0.0,1,3590.0,3592.0,2,3553.0,3553.0,3594.0,3553.0,367.0,13135320.0,2434
2023-05-10 21:06:15,bu2310,bu2310,3594.0,0.0,0.0,0.0,2,3590.0,3591.0,1,3553.0,3553.0,3594.0,3553.0,367.0,13135320.0,2434
2023-05-10 21:06:15,bu2310,bu2310,3591.0,1.0,35910.0,-1.0,7,3590.0,3592.0,1,3553.0,3553.0,3594.0,3553.0,368.0,13171230.0,2433
2023-05-10 21:06:16,bu2310,bu2310,3591.0,0.0,0.0,0.0,6,3590.0,3592.0,1,3553.0,3553.0,3594.0,3553.0,368.0,13171230.0,2433
2023-05-10 21:06:16,bu2310,bu2310,3591.0,0.0,0.0,0.0,1,3590.0,3592.0,1,3553.0,3553.0,3594.0,3553.0,368.0,13171230.0,2433
2023-05-10 21:06:17,bu2310,bu2310,3591.0,0.0,0.0,0.0,1,3590.0,3591.0,1,3553.0,3553.0,3594.0,3553.0,368.0,13171230.0,2433
2023-05-10 21:06:17,bu2310,bu2310,3591.0,1.0,35910.0,-1.0,1,3590.0,3592.0,46,3553.0,3553.0,3594.0,3553.0,369.0,13207140.0,2432
2023-05-10 21:06:18,bu2310,bu2310,3591.0,0.0,0.0,0.0,1,3590.0,3593.0,27,3553.0,3553.0,3594.0,3553.0,369.0,13207140.0,2432
2023-05-10 21:06:18,bu2310,bu2310,3591.0,0.0,0.0,0.0,3,3590.0,3592.0,25,3553.0,3553.0,3594.0,3553.0,369.0,13207140.0,2432
2023-05-10 21:06:20,bu2310,bu2310,3591.0,0.0,0.0,0.0,2,3590.0,3591.0,1,3553.0,3553.0,3594.0,3553.0,369.0,13207140.0,2432
2023-05-10 21:06:20,bu2310,bu2310,3591.0,0.0,0.0,0.0,2,3590.0,3591.0,1,3553.0,3553.0,3594.0,3553.0,369.0,13207140.0,2432
2023-05-10 21:06:21,bu2310,bu2310,3591.0,0.0,0.0,0.0,2,3590.0,3591.0,1,3553.0,3553.0,3594.0,3553.0,369.0,13207140.0,2432
2023-05-10 21:06:21,bu2310,bu2310,3591.0,0.0,0.0,0.0,2,3590.0,3591.0,26,3553.0,3553.0,3594.0,3553.0,369.0,13207140.0,2432
2023-05-10 21:06:22,bu2310,bu2310,3591.0,0.0,0.0,0.0,2,3590.0,3591.0,26,3553.0,3553.0,3594.0,3553.0,369.0,13207140.0,2432
2023-05-10 21:06:22,bu2310,bu2310,3591.0,0.0,0.0,0.0,3,3588.0,3590.0,1,3553.0,3553.0,3594.0,3553.0,369.0,13207140.0,2432
2023-05-10 21:06:23,bu2310,bu2310,3591.0,0.0,0.0,0.0,7,3588.0,3590.0,1,3553.0,3553.0,3594.0,3553.0,369.0,13207140.0,2432
2023-05-10 21:06:23,bu2310,bu2310,3591.0,0.0,0.0,0.0,3,3588.0,3590.0,1,3553.0,3553.0,3594.0,3553.0,369.0,13207140.0,2432
2023-05-10 21:06:24,bu2310,bu2310,3591.0,0.0,0.0,0.0,5,3588.0,3590.0,26,3553.0,3553.0,3594.0,3553.0,369.0,13207140.0,2432
2023-05-10 21:06:26,bu2310,bu2310,3591.0,0.0,0.0,0.0,5,3588.0,3590.0,26,3553.0,3553.0,3594.0,3553.0,369.0,13207140.0,2432
2023-05-10 21:06:27,bu2310,bu2310,3591.0,0.0,0.0,0.0,5,3588.0,3590.0,26,3553.0,3553.0,3594.0,3553.0,369.0,13207140.0,2432
2023-05-10 21:06:27,bu2310,bu2310,3591.0,0.0,0.0,0.0,5,3588.0,3590.0,26,3553.0,3553.0,3594.0,3553.0,369.0,13207140.0,2432
2023-05-10 21:06:28,bu2310,bu2310,3591.0,0.0,0.0,0.0,4,3588.0,3589.0,1,3553.0,3553.0,3594.0,3553.0,369.0,13207140.0,2432
2023-05-10 21:06:28,bu2310,bu2310,3591.0,0.0,0.0,0.0,3,3588.0,3589.0,1,3553.0,3553.0,3594.0,3553.0,369.0,13207140.0,2432
2023-05-10 21:06:29,bu2310,bu2310,3591.0,0.0,0.0,0.0,26,3586.0,3588.0,26,3553.0,3553.0,3594.0,3553.0,369.0,13207140.0,2432
2023-05-10 21:06:29,bu2310,bu2310,3591.0,0.0,0.0,0.0,1,3587.0,3588.0,26,3553.0,3553.0,3594.0,3553.0,369.0,13207140.0,2432
2023-05-10 21:06:30,bu2310,bu2310,3587.0,1.0,35870.0,-1.0,1,3585.0,3588.0,26,3553.0,3553.0,3594.0,3553.0,370.0,13243010.0,2431
2023-05-10 21:06:30,bu2310,bu2310,3587.0,0.0,0.0,0.0,10,3585.0,3587.0,1,3553.0,3553.0,3594.0,3553.0,370.0,13243010.0,2431
2023-05-10 21:06:31,bu2310,bu2310,3587.0,0.0,0.0,0.0,1,3586.0,3587.0,1,3553.0,3553.0,3594.0,3553.0,370.0,13243010.0,2431
2023-05-10 21:06:31,bu2310,bu2310,3587.0,0.0,0.0,0.0,2,3586.0,3587.0,26,3553.0,3553.0,3594.0,3553.0,370.0,13243010.0,2431
2023-05-10 21:06:32,bu2310,bu2310,3587.0,0.0,0.0,0.0,1,3585.0,3587.0,27,3553.0,3553.0,3594.0,3553.0,370.0,13243010.0,2431
2023-05-10 21:06:32,bu2310,bu2310,3587.0,0.0,0.0,0.0,3,3585.0,3587.0,2,3553.0,3553.0,3594.0,3553.0,370.0,13243010.0,2431
2023-05-10 21:06:33,bu2310,bu2310,3587.0,0.0,0.0,0.0,5,3585.0,3587.0,26,3553.0,3553.0,3594.0,3553.0,370.0,13243010.0,2431
2023-05-10 21:06:33,bu2310,bu2310,3587.0,0.0,0.0,0.0,6,3585.0,3587.0,25,3553.0,3553.0,3594.0,3553.0,370.0,13243010.0,2431
2023-05-10 21:06:34,bu2310,bu2310,3587.0,0.0,0.0,0.0,7,3585.0,3588.0,26,3553.0,3553.0,3594.0,3553.0,370.0,13243010.0,2431
2023-05-10 21:06:34,bu2310,bu2310,3587.0,0.0,0.0,0.0,7,3585.0,3587.0,25,3553.0,3553.0,3594.0,3553.0,370.0,13243010.0,2431
2023-05-10 21:06:35,bu2310,bu2310,3587.0,1.0,35870.0,0.0,1,3586.0,3587.0,25,3553.0,3553.0,3594.0,3553.0,371.0,13278880.0,2431
2023-05-10 21:06:35,bu2310,bu2310,3587.0,0.0,0.0,0.0,4,3586.0,3588.0,27,3553.0,3553.0,3594.0,3553.0,371.0,13278880.0,2431
2023-05-10 21:06:36,bu2310,bu2310,3587.0,0.0,0.0,0.0,4,3586.0,3588.0,27,3553.0,3553.0,3594.0,3553.0,371.0,13278880.0,2431
2023-05-10 21:06:36,bu2310,bu2310,3587.0,0.0,0.0,0.0,4,3586.0,3588.0,27,3553.0,3553.0,3594.0,3553.0,371.0,13278880.0,2431
2023-05-10 21:06:37,bu2310,bu2310,3587.0,0.0,0.0,0.0,4,3586.0,3588.0,27,3553.0,3553.0,3594.0,3553.0,371.0,13278880.0,2431
2023-05-10 21:06:37,bu2310,bu2310,3587.0,0.0,0.0,0.0,4,3586.0,3587.0,25,3553.0,3553.0,3594.0,3553.0,371.0,13278880.0,2431
2023-05-10 21:06:38,bu2310,bu2310,3587.0,1.0,35870.0,-1.0,4,3586.0,3587.0,25,3553.0,3553.0,3594.0,3553.0,372.0,13314750.0,2430
2023-05-10 21:06:38,bu2310,bu2310,3587.0,0.0,0.0,0.0,4,3586.0,3587.0,25,3553.0,3553.0,3594.0,3553.0,372.0,13314750.0,2430
2023-05-10 21:06:39,bu2310,bu2310,3587.0,0.0,0.0,0.0,4,3586.0,3587.0,25,3553.0,3553.0,3594.0,3553.0,372.0,13314750.0,2430
2023-05-10 21:06:39,bu2310,bu2310,3587.0,0.0,0.0,0.0,6,3586.0,3587.0,25,3553.0,3553.0,3594.0,3553.0,372.0,13314750.0,2430
2023-05-10 21:06:40,bu2310,bu2310,3587.0,0.0,0.0,0.0,38,3586.0,3587.0,25,3553.0,3553.0,3594.0,3553.0,372.0,13314750.0,2430
2023-05-10 21:06:40,bu2310,bu2310,3587.0,0.0,0.0,0.0,55,3586.0,3588.0,27,3553.0,3553.0,3594.0,3553.0,372.0,13314750.0,2430
2023-05-10 21:06:41,bu2310,bu2310,3587.0,0.0,0.0,0.0,58,3586.0,3588.0,25,3553.0,3553.0,3594.0,3553.0,372.0,13314750.0,2430
2023-05-10 21:06:41,bu2310,bu2310,3587.0,0.0,0.0,0.0,58,3586.0,3588.0,25,3553.0,3553.0,3594.0,3553.0,372.0,13314750.0,2430
2023-05-10 21:06:42,bu2310,bu2310,3587.0,0.0,0.0,0.0,58,3586.0,3588.0,25,3553.0,3553.0,3594.0,3553.0,372.0,13314750.0,2430
2023-05-10 21:06:42,bu2310,bu2310,3587.0,0.0,0.0,0.0,58,3586.0,3589.0,2,3553.0,3553.0,3594.0,3553.0,372.0,13314750.0,2430
2023-05-10 21:06:43,bu2310,bu2310,3587.0,0.0,0.0,0.0,59,3586.0,3588.0,1,3553.0,3553.0,3594.0,3553.0,372.0,13314750.0,2430
2023-05-10 21:06:43,bu2310,bu2310,3587.0,0.0,0.0,0.0,1,3587.0,3589.0,1,3553.0,3553.0,3594.0,3553.0,372.0,13314750.0,2430
2023-05-10 21:06:44,bu2310,bu2310,3587.0,0.0,0.0,0.0,1,3588.0,3589.0,25,3553.0,3553.0,3594.0,3553.0,372.0,13314750.0,2430
2023-05-10 21:06:44,bu2310,bu2310,3587.0,0.0,0.0,0.0,1,3588.0,3589.0,25,3553.0,3553.0,3594.0,3553.0,372.0,13314750.0,2430
2023-05-10 21:06:45,bu2310,bu2310,3587.0,0.0,0.0,0.0,1,3588.0,3589.0,25,3553.0,3553.0,3594.0,3553.0,372.0,13314750.0,2430
2023-05-10 21:06:47,bu2310,bu2310,3587.0,0.0,0.0,0.0,1,3588.0,3589.0,25,3553.0,3553.0,3594.0,3553.0,372.0,13314750.0,2430
2023-05-10 21:06:47,bu2310,bu2310,3587.0,0.0,0.0,0.0,1,3588.0,3590.0,2,3553.0,3553.0,3594.0,3553.0,372.0,13314750.0,2430
2023-05-10 21:06:48,bu2310,bu2310,3587.0,0.0,0.0,0.0,3,3588.0,3589.0,25,3553.0,3553.0,3594.0,3553.0,372.0,13314750.0,2430
2023-05-10 21:06:48,bu2310,bu2310,3587.0,0.0,0.0,0.0,4,3588.0,3589.0,25,3553.0,3553.0,3594.0,3553.0,372.0,13314750.0,2430
2023-05-10 21:06:49,bu2310,bu2310,3587.0,0.0,0.0,0.0,4,3588.0,3589.0,25,3553.0,3553.0,3594.0,3553.0,372.0,13314750.0,2430
2023-05-10 21:06:49,bu2310,bu2310,3587.0,0.0,0.0,0.0,3,3588.0,3589.0,25,3553.0,3553.0,3594.0,3553.0,372.0,13314750.0,2430
2023-05-10 21:06:50,bu2310,bu2310,3587.0,0.0,0.0,0.0,4,3588.0,3589.0,25,3553.0,3553.0,3594.0,3553.0,372.0,13314750.0,2430
2023-05-10 21:06:50,bu2310,bu2310,3587.0,0.0,0.0,0.0,4,3588.0,3589.0,25,3553.0,3553.0,3594.0,3553.0,372.0,13314750.0,2430
2023-05-10 21:06:51,bu2310,bu2310,3587.0,0.0,0.0,0.0,4,3588.0,3589.0,25,3553.0,3553.0,3594.0,3553.0,372.0,13314750.0,2430
2023-05-10 21:06:51,bu2310,bu2310,3587.0,0.0,0.0,0.0,4,3588.0,3589.0,25,3553.0,3553.0,3594.0,3553.0,372.0,13314750.0,2430
2023-05-10 21:06:52,bu2310,bu2310,3587.0,0.0,0.0,0.0,4,3588.0,3590.0,2,3553.0,3553.0,3594.0,3553.0,372.0,13314750.0,2430
2023-05-10 21:06:52,bu2310,bu2310,3588.0,4.0,143520.0,-2.0,6,3587.0,3588.0,25,3553.0,3553.0,3594.0,3553.0,376.0,13458270.0,2428
2023-05-10 21:06:53,bu2310,bu2310,3588.0,0.0,0.0,0.0,3,3587.0,3588.0,25,3553.0,3553.0,3594.0,3553.0,376.0,13458270.0,2428
2023-05-10 21:06:53,bu2310,bu2310,3588.0,0.0,0.0,0.0,2,3587.0,3588.0,25,3553.0,3553.0,3594.0,3553.0,376.0,13458270.0,2428
2023-05-10 21:06:54,bu2310,bu2310,3587.0,1.0,35870.0,0.0,13,3586.0,3587.0,25,3553.0,3553.0,3594.0,3553.0,377.0,13494140.0,2428
2023-05-10 21:06:54,bu2310,bu2310,3587.0,2.0,71740.0,-1.0,1,3587.0,3588.0,1,3553.0,3553.0,3594.0,3553.0,379.0,13565880.0,2427
2023-05-10 21:06:55,bu2310,bu2310,3587.0,1.0,35870.0,0.0,4,3586.0,3587.0,1,3553.0,3553.0,3594.0,3553.0,380.0,13601750.0,2427
2023-05-10 21:06:55,bu2310,bu2310,3587.0,0.0,0.0,0.0,3,3586.0,3587.0,26,3553.0,3553.0,3594.0,3553.0,380.0,13601750.0,2427
2023-05-10 21:06:56,bu2310,bu2310,3587.0,0.0,0.0,0.0,3,3586.0,3587.0,26,3553.0,3553.0,3594.0,3553.0,380.0,13601750.0,2427
2023-05-10 21:06:56,bu2310,bu2310,3587.0,0.0,0.0,0.0,3,3586.0,3587.0,25,3553.0,3553.0,3594.0,3553.0,380.0,13601750.0,2427
2023-05-10 21:06:57,bu2310,bu2310,3587.0,0.0,0.0,0.0,3,3586.0,3587.0,25,3553.0,3553.0,3594.0,3553.0,380.0,13601750.0,2427
2023-05-10 21:06:58,bu2310,bu2310,3587.0,0.0,0.0,0.0,3,3586.0,3587.0,25,3553.0,3553.0,3594.0,3553.0,380.0,13601750.0,2427
2023-05-10 21:06:59,bu2310,bu2310,3587.0,0.0,0.0,0.0,3,3586.0,3587.0,25,3553.0,3553.0,3594.0,3553.0,380.0,13601750.0,2427
2023-05-10 21:07:00,bu2310,bu2310,3587.0,0.0,0.0,0.0,3,3586.0,3587.0,25,3553.0,3553.0,3594.0,3553.0,380.0,13601750.0,2427
2023-05-10 21:07:00,bu2310,bu2310,3587.0,0.0,0.0,0.0,3,3586.0,3587.0,25,3553.0,3553.0,3594.0,3553.0,380.0,13601750.0,2427
2023-05-10 21:07:01,bu2310,bu2310,3587.0,0.0,0.0,0.0,3,3586.0,3587.0,25,3553.0,3553.0,3594.0,3553.0,380.0,13601750.0,2427
2023-05-10 21:07:02,bu2310,bu2310,3587.0,0.0,0.0,0.0,1,3586.0,3588.0,5,3553.0,3553.0,3594.0,3553.0,380.0,13601750.0,2427
2023-05-10 21:07:02,bu2310,bu2310,3587.0,0.0,0.0,0.0,1,3586.0,3587.0,26,3553.0,3553.0,3594.0,3553.0,380.0,13601750.0,2427
2023-05-10 21:07:03,bu2310,bu2310,3587.0,0.0,0.0,0.0,1,3586.0,3587.0,25,3553.0,3553.0,3594.0,3553.0,380.0,13601750.0,2427
2023-05-10 21:07:04,bu2310,bu2310,3587.0,0.0,0.0,0.0,1,3586.0,3588.0,5,3553.0,3553.0,3594.0,3553.0,380.0,13601750.0,2427
2023-05-10 21:07:04,bu2310,bu2310,3587.0,0.0,0.0,0.0,2,3586.0,3587.0,26,3553.0,3553.0,3594.0,3553.0,380.0,13601750.0,2427
2023-05-10 21:07:05,bu2310,bu2310,3587.0,0.0,0.0,0.0,2,3586.0,3587.0,25,3553.0,3553.0,3594.0,3553.0,380.0,13601750.0,2427
2023-05-10 21:07:06,bu2310,bu2310,3587.0,0.0,0.0,0.0,2,3586.0,3587.0,25,3553.0,3553.0,3594.0,3553.0,380.0,13601750.0,2427
2023-05-10 21:07:06,bu2310,bu2310,3587.0,0.0,0.0,0.0,2,3586.0,3587.0,25,3553.0,3553.0,3594.0,3553.0,380.0,13601750.0,2427
2023-05-10 21:07:08,bu2310,bu2310,3587.0,0.0,0.0,0.0,2,3586.0,3587.0,25,3553.0,3553.0,3594.0,3553.0,380.0,13601750.0,2427
2023-05-10 21:07:08,bu2310,bu2310,3587.0,0.0,0.0,0.0,3,3586.0,3588.0,3,3553.0,3553.0,3594.0,3553.0,380.0,13601750.0,2427
2023-05-10 21:07:09,bu2310,bu2310,3587.0,0.0,0.0,0.0,6,3586.0,3588.0,26,3553.0,3553.0,3594.0,3553.0,380.0,13601750.0,2427
2023-05-10 21:07:09,bu2310,bu2310,3587.0,0.0,0.0,0.0,6,3586.0,3588.0,25,3553.0,3553.0,3594.0,3553.0,380.0,13601750.0,2427
2023-05-10 21:07:10,bu2310,bu2310,3587.0,0.0,0.0,0.0,3,3586.0,3588.0,26,3553.0,3553.0,3594.0,3553.0,380.0,13601750.0,2427
2023-05-10 21:07:10,bu2310,bu2310,3587.0,0.0,0.0,0.0,3,3586.0,3587.0,25,3553.0,3553.0,3594.0,3553.0,380.0,13601750.0,2427
2023-05-10 21:07:11,bu2310,bu2310,3587.0,0.0,0.0,0.0,3,3586.0,3587.0,25,3553.0,3553.0,3594.0,3553.0,380.0,13601750.0,2427
2023-05-10 21:07:11,bu2310,bu2310,3587.0,0.0,0.0,0.0,3,3586.0,3587.0,25,3553.0,3553.0,3594.0,3553.0,380.0,13601750.0,2427
2023-05-10 21:07:12,bu2310,bu2310,3587.0,0.0,0.0,0.0,3,3586.0,3587.0,25,3553.0,3553.0,3594.0,3553.0,380.0,13601750.0,2427
2023-05-10 21:07:12,bu2310,bu2310,3587.0,0.0,0.0,0.0,3,3586.0,3587.0,25,3553.0,3553.0,3594.0,3553.0,380.0,13601750.0,2427
2023-05-10 21:07:13,bu2310,bu2310,3587.0,0.0,0.0,0.0,3,3586.0,3587.0,26,3553.0,3553.0,3594.0,3553.0,380.0,13601750.0,2427
2023-05-10 21:07:13,bu2310,bu2310,3587.0,0.0,0.0,0.0,3,3586.0,3587.0,26,3553.0,3553.0,3594.0,3553.0,380.0,13601750.0,2427
2023-05-10 21:07:14,bu2310,bu2310,3587.0,0.0,0.0,0.0,3,3586.0,3587.0,26,3553.0,3553.0,3594.0,3553.0,380.0,13601750.0,2427
2023-05-10 21:07:14,bu2310,bu2310,3587.0,0.0,0.0,0.0,3,3586.0,3587.0,26,3553.0,3553.0,3594.0,3553.0,380.0,13601750.0,2427
2023-05-10 21:07:15,bu2310,bu2310,3586.0,3.0,107580.0,-2.0,5,3585.0,3586.0,25,3553.0,3553.0,3594.0,3553.0,383.0,13709330.0,2425
2023-05-10 21:07:15,bu2310,bu2310,3586.0,0.0,0.0,0.0,3,3585.0,3586.0,26,3553.0,3553.0,3594.0,3553.0,383.0,13709330.0,2425
2023-05-10 21:07:16,bu2310,bu2310,3586.0,0.0,0.0,0.0,3,3585.0,3586.0,26,3553.0,3553.0,3594.0,3553.0,383.0,13709330.0,2425
2023-05-10 21:07:16,bu2310,bu2310,3586.0,0.0,0.0,0.0,3,3585.0,3586.0,26,3553.0,3553.0,3594.0,3553.0,383.0,13709330.0,2425
2023-05-10 21:07:17,bu2310,bu2310,3586.0,0.0,0.0,0.0,3,3585.0,3586.0,26,3553.0,3553.0,3594.0,3553.0,383.0,13709330.0,2425
2023-05-10 21:07:19,bu2310,bu2310,3586.0,0.0,0.0,0.0,3,3585.0,3586.0,26,3553.0,3553.0,3594.0,3553.0,383.0,13709330.0,2425
2023-05-10 21:07:20,bu2310,bu2310,3586.0,0.0,0.0,0.0,3,3585.0,3586.0,26,3553.0,3553.0,3594.0,3553.0,383.0,13709330.0,2425
2023-05-10 21:07:20,bu2310,bu2310,3586.0,0.0,0.0,0.0,3,3585.0,3586.0,26,3553.0,3553.0,3594.0,3553.0,383.0,13709330.0,2425
2023-05-10 21:07:21,bu2310,bu2310,3586.0,0.0,0.0,0.0,3,3585.0,3586.0,26,3553.0,3553.0,3594.0,3553.0,383.0,13709330.0,2425
2023-05-10 21:07:21,bu2310,bu2310,3586.0,0.0,0.0,0.0,3,3585.0,3586.0,26,3553.0,3553.0,3594.0,3553.0,383.0,13709330.0,2425
2023-05-10 21:07:22,bu2310,bu2310,3586.0,0.0,0.0,0.0,3,3585.0,3586.0,26,3553.0,3553.0,3594.0,3553.0,383.0,13709330.0,2425
2023-05-10 21:07:22,bu2310,bu2310,3586.0,0.0,0.0,0.0,3,3585.0,3586.0,26,3553.0,3553.0,3594.0,3553.0,383.0,13709330.0,2425
2023-05-10 21:07:23,bu2310,bu2310,3586.0,0.0,0.0,0.0,3,3585.0,3586.0,1,3553.0,3553.0,3594.0,3553.0,383.0,13709330.0,2425
2023-05-10 21:07:23,bu2310,bu2310,3586.0,0.0,0.0,0.0,3,3585.0,3586.0,26,3553.0,3553.0,3594.0,3553.0,383.0,13709330.0,2425
2023-05-10 21:07:24,bu2310,bu2310,3586.0,0.0,0.0,0.0,2,3585.0,3586.0,26,3553.0,3553.0,3594.0,3553.0,383.0,13709330.0,2425
2023-05-10 21:07:25,bu2310,bu2310,3586.0,0.0,0.0,0.0,2,3585.0,3586.0,26,3553.0,3553.0,3594.0,3553.0,383.0,13709330.0,2425
2023-05-10 21:07:26,bu2310,bu2310,3586.0,0.0,0.0,0.0,2,3585.0,3586.0,1,3553.0,3553.0,3594.0,3553.0,383.0,13709330.0,2425
2023-05-10 21:07:26,bu2310,bu2310,3586.0,0.0,0.0,0.0,38,3583.0,3586.0,28,3553.0,3553.0,3594.0,3553.0,383.0,13709330.0,2425
2023-05-10 21:07:27,bu2310,bu2310,3586.0,0.0,0.0,0.0,1,3584.0,3585.0,25,3553.0,3553.0,3594.0,3553.0,383.0,13709330.0,2425
2023-05-10 21:07:27,bu2310,bu2310,3586.0,0.0,0.0,0.0,2,3584.0,3585.0,25,3553.0,3553.0,3594.0,3553.0,383.0,13709330.0,2425
2023-05-10 21:07:28,bu2310,bu2310,3586.0,0.0,0.0,0.0,2,3584.0,3585.0,25,3553.0,3553.0,3594.0,3553.0,383.0,13709330.0,2425
2023-05-10 21:07:29,bu2310,bu2310,3586.0,0.0,0.0,0.0,2,3584.0,3585.0,25,3553.0,3553.0,3594.0,3553.0,383.0,13709330.0,2425
2023-05-10 21:07:29,bu2310,bu2310,3586.0,0.0,0.0,0.0,2,3584.0,3586.0,4,3553.0,3553.0,3594.0,3553.0,383.0,13709330.0,2425
2023-05-10 21:07:30,bu2310,bu2310,3586.0,0.0,0.0,0.0,2,3584.0,3585.0,25,3553.0,3553.0,3594.0,3553.0,383.0,13709330.0,2425
2023-05-10 21:07:30,bu2310,bu2310,3586.0,0.0,0.0,0.0,2,3584.0,3585.0,25,3553.0,3553.0,3594.0,3553.0,383.0,13709330.0,2425
2023-05-10 21:07:31,bu2310,bu2310,3586.0,0.0,0.0,0.0,2,3584.0,3585.0,25,3553.0,3553.0,3594.0,3553.0,383.0,13709330.0,2425
2023-05-10 21:07:31,bu2310,bu2310,3586.0,0.0,0.0,0.0,2,3584.0,3585.0,25,3553.0,3553.0,3594.0,3553.0,383.0,13709330.0,2425
2023-05-10 21:07:32,bu2310,bu2310,3586.0,0.0,0.0,0.0,2,3584.0,3585.0,25,3553.0,3553.0,3594.0,3553.0,383.0,13709330.0,2425
2023-05-10 21:07:32,bu2310,bu2310,3586.0,0.0,0.0,0.0,2,3584.0,3585.0,25,3553.0,3553.0,3594.0,3553.0,383.0,13709330.0,2425
2023-05-10 21:07:33,bu2310,bu2310,3586.0,0.0,0.0,0.0,2,3584.0,3585.0,26,3553.0,3553.0,3594.0,3553.0,383.0,13709330.0,2425
2023-05-10 21:07:33,bu2310,bu2310,3586.0,0.0,0.0,0.0,2,3584.0,3585.0,26,3553.0,3553.0,3594.0,3553.0,383.0,13709330.0,2425
2023-05-10 21:07:34,bu2310,bu2310,3586.0,0.0,0.0,0.0,2,3584.0,3585.0,1,3553.0,3553.0,3594.0,3553.0,383.0,13709330.0,2425
2023-05-10 21:07:34,bu2310,bu2310,3586.0,0.0,0.0,0.0,2,3584.0,3585.0,25,3553.0,3553.0,3594.0,3553.0,383.0,13709330.0,2425
2023-05-10 21:07:35,bu2310,bu2310,3586.0,0.0,0.0,0.0,2,3584.0,3586.0,29,3553.0,3553.0,3594.0,3553.0,383.0,13709330.0,2425
2023-05-10 21:07:35,bu2310,bu2310,3586.0,0.0,0.0,0.0,2,3584.0,3586.0,28,3553.0,3553.0,3594.0,3553.0,383.0,13709330.0,2425
2023-05-10 21:07:36,bu2310,bu2310,3586.0,0.0,0.0,0.0,2,3584.0,3586.0,3,3553.0,3553.0,3594.0,3553.0,383.0,13709330.0,2425
2023-05-10 21:07:36,bu2310,bu2310,3586.0,0.0,0.0,0.0,2,3584.0,3585.0,25,3553.0,3553.0,3594.0,3553.0,383.0,13709330.0,2425
2023-05-10 21:07:37,bu2310,bu2310,3585.0,1.0,35850.0,-1.0,4,3584.0,3585.0,25,3553.0,3553.0,3594.0,3553.0,384.0,13745180.0,2424
2023-05-10 21:07:37,bu2310,bu2310,3586.0,2.0,71710.0,1.0,3,3584.0,3585.0,25,3553.0,3553.0,3594.0,3553.0,386.0,13816890.0,2425
2023-05-10 21:07:38,bu2310,bu2310,3585.0,8.0,286800.0,-5.0,2,3585.0,3586.0,2,3553.0,3553.0,3594.0,3553.0,394.0,14103690.0,2420
2023-05-10 21:07:38,bu2310,bu2310,3585.0,1.0,35850.0,1.0,1,3585.0,3586.0,1,3553.0,3553.0,3594.0,3553.0,395.0,14139540.0,2421
2023-05-10 21:07:39,bu2310,bu2310,3585.0,0.0,0.0,0.0,1,3585.0,3586.0,2,3553.0,3553.0,3594.0,3553.0,395.0,14139540.0,2421
2023-05-10 21:07:39,bu2310,bu2310,3585.0,0.0,0.0,0.0,1,3585.0,3586.0,2,3553.0,3553.0,3594.0,3553.0,395.0,14139540.0,2421
2023-05-10 21:07:40,bu2310,bu2310,3585.0,0.0,0.0,0.0,1,3585.0,3586.0,1,3553.0,3553.0,3594.0,3553.0,395.0,14139540.0,2421
2023-05-10 21:07:40,bu2310,bu2310,3585.0,0.0,0.0,0.0,1,3584.0,3586.0,1,3553.0,3553.0,3594.0,3553.0,395.0,14139540.0,2421
2023-05-10 21:07:41,bu2310,bu2310,3585.0,0.0,0.0,0.0,1,3584.0,3586.0,27,3553.0,3553.0,3594.0,3553.0,395.0,14139540.0,2421
2023-05-10 21:07:41,bu2310,bu2310,3585.0,0.0,0.0,0.0,31,3585.0,3586.0,2,3553.0,3553.0,3594.0,3553.0,395.0,14139540.0,2421
2023-05-10 21:07:42,bu2310,bu2310,3585.0,0.0,0.0,0.0,11,3584.0,3586.0,2,3553.0,3553.0,3594.0,3553.0,395.0,14139540.0,2421
2023-05-10 21:07:42,bu2310,bu2310,3585.0,0.0,0.0,0.0,32,3584.0,3586.0,2,3553.0,3553.0,3594.0,3553.0,395.0,14139540.0,2421
2023-05-10 21:07:43,bu2310,bu2310,3585.0,0.0,0.0,0.0,1,3585.0,3586.0,2,3553.0,3553.0,3594.0,3553.0,395.0,14139540.0,2421
2023-05-10 21:07:43,bu2310,bu2310,3585.0,0.0,0.0,0.0,1,3585.0,3586.0,3,3553.0,3553.0,3594.0,3553.0,395.0,14139540.0,2421
2023-05-10 21:07:44,bu2310,bu2310,3585.0,0.0,0.0,0.0,1,3585.0,3586.0,3,3553.0,3553.0,3594.0,3553.0,395.0,14139540.0,2421
2023-05-10 21:07:44,bu2310,bu2310,3585.0,0.0,0.0,0.0,1,3585.0,3586.0,3,3553.0,3553.0,3594.0,3553.0,395.0,14139540.0,2421
2023-05-10 21:07:45,bu2310,bu2310,3585.0,0.0,0.0,0.0,1,3585.0,3586.0,3,3553.0,3553.0,3594.0,3553.0,395.0,14139540.0,2421
2023-05-10 21:07:46,bu2310,bu2310,3585.0,0.0,0.0,0.0,1,3585.0,3586.0,3,3553.0,3553.0,3594.0,3553.0,395.0,14139540.0,2421
2023-05-10 21:07:47,bu2310,bu2310,3585.0,0.0,0.0,0.0,1,3585.0,3586.0,2,3553.0,3553.0,3594.0,3553.0,395.0,14139540.0,2421
2023-05-10 21:07:48,bu2310,bu2310,3585.0,0.0,0.0,0.0,49,3584.0,3586.0,2,3553.0,3553.0,3594.0,3553.0,395.0,14139540.0,2421
2023-05-10 21:07:48,bu2310,bu2310,3585.0,0.0,0.0,0.0,52,3584.0,3586.0,27,3553.0,3553.0,3594.0,3553.0,395.0,14139540.0,2421
2023-05-10 21:07:49,bu2310,bu2310,3585.0,0.0,0.0,0.0,1,3584.0,3586.0,28,3553.0,3553.0,3594.0,3553.0,395.0,14139540.0,2421
2023-05-10 21:07:49,bu2310,bu2310,3585.0,0.0,0.0,0.0,1,3584.0,3586.0,29,3553.0,3553.0,3594.0,3553.0,395.0,14139540.0,2421
2023-05-10 21:07:50,bu2310,bu2310,3585.0,0.0,0.0,0.0,1,3584.0,3586.0,29,3553.0,3553.0,3594.0,3553.0,395.0,14139540.0,2421
2023-05-10 21:07:50,bu2310,bu2310,3585.0,0.0,0.0,0.0,1,3584.0,3586.0,29,3553.0,3553.0,3594.0,3553.0,395.0,14139540.0,2421
2023-05-10 21:07:53,bu2310,bu2310,3585.0,0.0,0.0,0.0,1,3584.0,3586.0,29,3553.0,3553.0,3594.0,3553.0,395.0,14139540.0,2421
2023-05-10 21:07:53,bu2310,bu2310,3585.0,0.0,0.0,0.0,1,3584.0,3586.0,29,3553.0,3553.0,3594.0,3553.0,395.0,14139540.0,2421
2023-05-10 21:07:54,bu2310,bu2310,3585.0,0.0,0.0,0.0,1,3584.0,3586.0,29,3553.0,3553.0,3594.0,3553.0,395.0,14139540.0,2421
2023-05-10 21:07:54,bu2310,bu2310,3585.0,0.0,0.0,0.0,1,3584.0,3586.0,4,3553.0,3553.0,3594.0,3553.0,395.0,14139540.0,2421
2023-05-10 21:07:55,bu2310,bu2310,3585.0,0.0,0.0,0.0,1,3584.0,3586.0,4,3553.0,3553.0,3594.0,3553.0,395.0,14139540.0,2421
2023-05-10 21:07:55,bu2310,bu2310,3585.0,0.0,0.0,0.0,2,3584.0,3586.0,1,3553.0,3553.0,3594.0,3553.0,395.0,14139540.0,2421
2023-05-10 21:07:56,bu2310,bu2310,3585.0,0.0,0.0,0.0,2,3584.0,3586.0,1,3553.0,3553.0,3594.0,3553.0,395.0,14139540.0,2421
2023-05-10 21:07:56,bu2310,bu2310,3585.0,0.0,0.0,0.0,2,3584.0,3586.0,27,3553.0,3553.0,3594.0,3553.0,395.0,14139540.0,2421
2023-05-10 21:07:57,bu2310,bu2310,3585.0,0.0,0.0,0.0,1,3584.0,3586.0,27,3553.0,3553.0,3594.0,3553.0,395.0,14139540.0,2421
2023-05-10 21:07:57,bu2310,bu2310,3585.0,0.0,0.0,0.0,1,3584.0,3586.0,2,3553.0,3553.0,3594.0,3553.0,395.0,14139540.0,2421
2023-05-10 21:07:58,bu2310,bu2310,3585.0,0.0,0.0,0.0,1,3584.0,3586.0,2,3553.0,3553.0,3594.0,3553.0,395.0,14139540.0,2421
2023-05-10 21:07:58,bu2310,bu2310,3585.0,0.0,0.0,0.0,1,3584.0,3586.0,4,3553.0,3553.0,3594.0,3553.0,395.0,14139540.0,2421
