time,symbol_id,symbol_name,last,trade_volume,trade_amount,open_interest_change,bv1,bp1,ap1,av1,yesterday_close,today_open,today_high,today_low,volume,amount,open_interest
2023-05-10 20:59:00,bu2406,bu2406,3396.0,0.0,0.0,0.0,1,3388.0,3430.0,1,3396.0,3420.0,0.0,0.0,0.0,0.0,1918
2023-05-10 21:00:00,bu2406,bu2406,3396.0,0.0,0.0,0.0,1,3412.0,3430.0,1,3396.0,3420.0,0.0,0.0,0.0,0.0,1918
2023-05-10 21:00:01,bu2406,bu2406,3396.0,0.0,0.0,0.0,1,3388.0,3430.0,1,3396.0,3420.0,0.0,0.0,0.0,0.0,1918
2023-05-10 21:00:01,bu2406,bu2406,3396.0,0.0,0.0,0.0,1,3397.0,3430.0,1,3396.0,3420.0,0.0,0.0,0.0,0.0,1918
2023-05-10 21:00:02,bu2406,bu2406,3396.0,0.0,0.0,0.0,1,3388.0,3430.0,1,3396.0,3420.0,0.0,0.0,0.0,0.0,1918
2023-05-10 21:00:02,bu2406,bu2406,3396.0,0.0,0.0,0.0,1,3389.0,3430.0,1,3396.0,3420.0,0.0,0.0,0.0,0.0,1918
2023-05-10 21:00:03,bu2406,bu2406,3396.0,0.0,0.0,0.0,1,3390.0,3430.0,1,3396.0,3420.0,0.0,0.0,0.0,0.0,1918
2023-05-10 21:00:03,bu2406,bu2406,3396.0,0.0,0.0,0.0,1,3397.0,3430.0,1,3396.0,3420.0,0.0,0.0,0.0,0.0,1918
2023-05-10 21:00:04,bu2406,bu2406,3396.0,0.0,0.0,0.0,1,3398.0,3429.0,2,3396.0,3420.0,0.0,0.0,0.0,0.0,1918
2023-05-10 21:00:05,bu2406,bu2406,3396.0,0.0,0.0,0.0,2,3399.0,3429.0,2,3396.0,3420.0,0.0,0.0,0.0,0.0,1918
2023-05-10 21:00:05,bu2406,bu2406,3396.0,0.0,0.0,0.0,1,3400.0,3429.0,2,3396.0,3420.0,0.0,0.0,0.0,0.0,1918
2023-05-10 21:00:06,bu2406,bu2406,3396.0,0.0,0.0,0.0,2,3400.0,3429.0,2,3396.0,3420.0,0.0,0.0,0.0,0.0,1918
2023-05-10 21:00:06,bu2406,bu2406,3396.0,0.0,0.0,0.0,2,3400.0,3429.0,1,3396.0,3420.0,0.0,0.0,0.0,0.0,1918
2023-05-10 21:00:07,bu2406,bu2406,3396.0,0.0,0.0,0.0,2,3400.0,3429.0,2,3396.0,3420.0,0.0,0.0,0.0,0.0,1918
2023-05-10 21:00:07,bu2406,bu2406,3396.0,0.0,0.0,0.0,2,3400.0,3429.0,2,3396.0,3420.0,0.0,0.0,0.0,0.0,1918
2023-05-10 21:00:08,bu2406,bu2406,3396.0,0.0,0.0,0.0,2,3400.0,3429.0,1,3396.0,3420.0,0.0,0.0,0.0,0.0,1918
2023-05-10 21:00:08,bu2406,bu2406,3396.0,0.0,0.0,0.0,2,3400.0,3428.0,1,3396.0,3420.0,0.0,0.0,0.0,0.0,1918
2023-05-10 21:00:09,bu2406,bu2406,3396.0,0.0,0.0,0.0,2,3400.0,3429.0,1,3396.0,3420.0,0.0,0.0,0.0,0.0,1918
2023-05-10 21:00:09,bu2406,bu2406,3396.0,0.0,0.0,0.0,3,3400.0,3429.0,1,3396.0,3420.0,0.0,0.0,0.0,0.0,1918
2023-05-10 21:00:10,bu2406,bu2406,3396.0,0.0,0.0,0.0,3,3400.0,3420.0,1,3396.0,3420.0,0.0,0.0,0.0,0.0,1918
2023-05-10 21:00:11,bu2406,bu2406,3396.0,0.0,0.0,0.0,3,3400.0,3420.0,1,3396.0,3420.0,0.0,0.0,0.0,0.0,1918
2023-05-10 21:00:12,bu2406,bu2406,3396.0,0.0,0.0,0.0,2,3400.0,3420.0,1,3396.0,3420.0,0.0,0.0,0.0,0.0,1918
2023-05-10 21:00:13,bu2406,bu2406,3396.0,0.0,0.0,0.0,2,3400.0,3420.0,1,3396.0,3420.0,0.0,0.0,0.0,0.0,1918
2023-05-10 21:00:13,bu2406,bu2406,3396.0,0.0,0.0,0.0,2,3400.0,3420.0,1,3396.0,3420.0,0.0,0.0,0.0,0.0,1918
2023-05-10 21:00:15,bu2406,bu2406,3396.0,0.0,0.0,0.0,2,3400.0,3420.0,1,3396.0,3420.0,0.0,0.0,0.0,0.0,1918
2023-05-10 21:00:16,bu2406,bu2406,3396.0,0.0,0.0,0.0,2,3400.0,3420.0,1,3396.0,3420.0,0.0,0.0,0.0,0.0,1918
2023-05-10 21:00:17,bu2406,bu2406,3396.0,0.0,0.0,0.0,2,3400.0,3420.0,1,3396.0,3420.0,0.0,0.0,0.0,0.0,1918
2023-05-10 21:00:18,bu2406,bu2406,3396.0,0.0,0.0,0.0,2,3400.0,3420.0,1,3396.0,3420.0,0.0,0.0,0.0,0.0,1918
2023-05-10 21:00:20,bu2406,bu2406,3396.0,0.0,0.0,0.0,2,3400.0,3420.0,1,3396.0,3420.0,0.0,0.0,0.0,0.0,1918
2023-05-10 21:00:20,bu2406,bu2406,3396.0,0.0,0.0,0.0,2,3400.0,3420.0,1,3396.0,3420.0,0.0,0.0,0.0,0.0,1918
2023-05-10 21:00:21,bu2406,bu2406,3396.0,0.0,0.0,0.0,2,3400.0,3420.0,1,3396.0,3420.0,0.0,0.0,0.0,0.0,1918
2023-05-10 21:00:22,bu2406,bu2406,3396.0,0.0,0.0,0.0,2,3400.0,3420.0,1,3396.0,3420.0,0.0,0.0,0.0,0.0,1918
2023-05-10 21:00:22,bu2406,bu2406,3396.0,0.0,0.0,0.0,2,3400.0,3420.0,1,3396.0,3420.0,0.0,0.0,0.0,0.0,1918
2023-05-10 21:00:25,bu2406,bu2406,3396.0,0.0,0.0,0.0,1,3401.0,3420.0,1,3396.0,3420.0,0.0,0.0,0.0,0.0,1918
2023-05-10 21:00:26,bu2406,bu2406,3396.0,0.0,0.0,0.0,1,3402.0,3420.0,1,3396.0,3420.0,0.0,0.0,0.0,0.0,1918
2023-05-10 21:00:26,bu2406,bu2406,3396.0,0.0,0.0,0.0,1,3403.0,3420.0,1,3396.0,3420.0,0.0,0.0,0.0,0.0,1918
2023-05-10 21:00:27,bu2406,bu2406,3396.0,0.0,0.0,0.0,1,3404.0,3420.0,1,3396.0,3420.0,0.0,0.0,0.0,0.0,1918
2023-05-10 21:00:27,bu2406,bu2406,3396.0,0.0,0.0,0.0,1,3405.0,3420.0,1,3396.0,3420.0,0.0,0.0,0.0,0.0,1918
2023-05-10 21:00:28,bu2406,bu2406,3420.0,1.0,34200.0,-1.0,1,3406.0,3430.0,1,3396.0,3420.0,3420.0,3420.0,1.0,34200.0,1917
2023-05-10 21:00:28,bu2406,bu2406,3420.0,0.0,0.0,0.0,1,3407.0,3430.0,1,3396.0,3420.0,3420.0,3420.0,1.0,34200.0,1917
2023-05-10 21:00:29,bu2406,bu2406,3420.0,0.0,0.0,0.0,2,3408.0,3430.0,1,3396.0,3420.0,3420.0,3420.0,1.0,34200.0,1917
2023-05-10 21:00:29,bu2406,bu2406,3420.0,0.0,0.0,0.0,3,3408.0,3430.0,1,3396.0,3420.0,3420.0,3420.0,1.0,34200.0,1917
2023-05-10 21:00:30,bu2406,bu2406,3420.0,0.0,0.0,0.0,3,3408.0,3430.0,1,3396.0,3420.0,3420.0,3420.0,1.0,34200.0,1917
2023-05-10 21:00:30,bu2406,bu2406,3420.0,0.0,0.0,0.0,3,3408.0,3430.0,1,3396.0,3420.0,3420.0,3420.0,1.0,34200.0,1917
2023-05-10 21:00:31,bu2406,bu2406,3420.0,0.0,0.0,0.0,5,3408.0,3430.0,1,3396.0,3420.0,3420.0,3420.0,1.0,34200.0,1917
2023-05-10 21:00:32,bu2406,bu2406,3420.0,0.0,0.0,0.0,5,3408.0,3430.0,1,3396.0,3420.0,3420.0,3420.0,1.0,34200.0,1917
2023-05-10 21:00:32,bu2406,bu2406,3420.0,0.0,0.0,0.0,5,3408.0,3430.0,1,3396.0,3420.0,3420.0,3420.0,1.0,34200.0,1917
2023-05-10 21:00:33,bu2406,bu2406,3420.0,0.0,0.0,0.0,3,3408.0,3430.0,1,3396.0,3420.0,3420.0,3420.0,1.0,34200.0,1917
2023-05-10 21:00:34,bu2406,bu2406,3420.0,0.0,0.0,0.0,2,3409.0,3430.0,1,3396.0,3420.0,3420.0,3420.0,1.0,34200.0,1917
2023-05-10 21:00:34,bu2406,bu2406,3420.0,0.0,0.0,0.0,2,3410.0,3430.0,1,3396.0,3420.0,3420.0,3420.0,1.0,34200.0,1917
2023-05-10 21:00:35,bu2406,bu2406,3420.0,0.0,0.0,0.0,1,3411.0,3430.0,1,3396.0,3420.0,3420.0,3420.0,1.0,34200.0,1917
2023-05-10 21:00:35,bu2406,bu2406,3420.0,0.0,0.0,0.0,1,3412.0,3430.0,1,3396.0,3420.0,3420.0,3420.0,1.0,34200.0,1917
2023-05-10 21:00:36,bu2406,bu2406,3420.0,0.0,0.0,0.0,2,3412.0,3430.0,1,3396.0,3420.0,3420.0,3420.0,1.0,34200.0,1917
2023-05-10 21:00:36,bu2406,bu2406,3420.0,0.0,0.0,0.0,2,3412.0,3430.0,1,3396.0,3420.0,3420.0,3420.0,1.0,34200.0,1917
2023-05-10 21:00:37,bu2406,bu2406,3420.0,0.0,0.0,0.0,3,3413.0,3430.0,1,3396.0,3420.0,3420.0,3420.0,1.0,34200.0,1917
2023-05-10 21:00:37,bu2406,bu2406,3420.0,0.0,0.0,0.0,2,3414.0,3430.0,1,3396.0,3420.0,3420.0,3420.0,1.0,34200.0,1917
2023-05-10 21:00:38,bu2406,bu2406,3420.0,0.0,0.0,0.0,1,3415.0,3430.0,1,3396.0,3420.0,3420.0,3420.0,1.0,34200.0,1917
2023-05-10 21:00:38,bu2406,bu2406,3420.0,0.0,0.0,0.0,1,3416.0,3430.0,1,3396.0,3420.0,3420.0,3420.0,1.0,34200.0,1917
2023-05-10 21:00:39,bu2406,bu2406,3420.0,0.0,0.0,0.0,1,3417.0,3430.0,1,3396.0,3420.0,3420.0,3420.0,1.0,34200.0,1917
2023-05-10 21:00:39,bu2406,bu2406,3430.0,1.0,34300.0,-1.0,1,3418.0,3451.0,1,3396.0,3420.0,3430.0,3420.0,2.0,68500.0,1916
2023-05-10 21:00:40,bu2406,bu2406,3430.0,0.0,0.0,0.0,1,3419.0,3450.0,1,3396.0,3420.0,3430.0,3420.0,2.0,68500.0,1916
2023-05-10 21:00:40,bu2406,bu2406,3430.0,0.0,0.0,0.0,2,3420.0,3450.0,1,3396.0,3420.0,3430.0,3420.0,2.0,68500.0,1916
2023-05-10 21:00:41,bu2406,bu2406,3430.0,0.0,0.0,0.0,3,3420.0,3450.0,1,3396.0,3420.0,3430.0,3420.0,2.0,68500.0,1916
2023-05-10 21:00:41,bu2406,bu2406,3430.0,0.0,0.0,0.0,3,3420.0,3450.0,1,3396.0,3420.0,3430.0,3420.0,2.0,68500.0,1916
2023-05-10 21:00:42,bu2406,bu2406,3430.0,0.0,0.0,0.0,2,3420.0,3450.0,1,3396.0,3420.0,3430.0,3420.0,2.0,68500.0,1916
2023-05-10 21:00:43,bu2406,bu2406,3430.0,0.0,0.0,0.0,1,3421.0,3450.0,1,3396.0,3420.0,3430.0,3420.0,2.0,68500.0,1916
2023-05-10 21:00:43,bu2406,bu2406,3430.0,0.0,0.0,0.0,2,3422.0,3450.0,1,3396.0,3420.0,3430.0,3420.0,2.0,68500.0,1916
2023-05-10 21:00:44,bu2406,bu2406,3430.0,0.0,0.0,0.0,1,3423.0,3450.0,1,3396.0,3420.0,3430.0,3420.0,2.0,68500.0,1916
2023-05-10 21:00:44,bu2406,bu2406,3430.0,0.0,0.0,0.0,1,3424.0,3450.0,1,3396.0,3420.0,3430.0,3420.0,2.0,68500.0,1916
2023-05-10 21:00:45,bu2406,bu2406,3430.0,0.0,0.0,0.0,1,3424.0,3445.0,1,3396.0,3420.0,3430.0,3420.0,2.0,68500.0,1916
2023-05-10 21:00:46,bu2406,bu2406,3430.0,0.0,0.0,0.0,1,3424.0,3445.0,1,3396.0,3420.0,3430.0,3420.0,2.0,68500.0,1916
2023-05-10 21:00:49,bu2406,bu2406,3430.0,0.0,0.0,0.0,1,3424.0,3445.0,1,3396.0,3420.0,3430.0,3420.0,2.0,68500.0,1916
2023-05-10 21:00:51,bu2406,bu2406,3430.0,0.0,0.0,0.0,1,3424.0,3445.0,1,3396.0,3420.0,3430.0,3420.0,2.0,68500.0,1916
2023-05-10 21:00:51,bu2406,bu2406,3430.0,0.0,0.0,0.0,1,3423.0,3445.0,1,3396.0,3420.0,3430.0,3420.0,2.0,68500.0,1916
2023-05-10 21:00:52,bu2406,bu2406,3430.0,0.0,0.0,0.0,1,3424.0,3445.0,1,3396.0,3420.0,3430.0,3420.0,2.0,68500.0,1916
2023-05-10 21:00:53,bu2406,bu2406,3430.0,0.0,0.0,0.0,1,3423.0,3445.0,1,3396.0,3420.0,3430.0,3420.0,2.0,68500.0,1916
2023-05-10 21:00:53,bu2406,bu2406,3430.0,0.0,0.0,0.0,1,3424.0,3445.0,1,3396.0,3420.0,3430.0,3420.0,2.0,68500.0,1916
2023-05-10 21:00:54,bu2406,bu2406,3430.0,0.0,0.0,0.0,1,3423.0,3445.0,1,3396.0,3420.0,3430.0,3420.0,2.0,68500.0,1916
2023-05-10 21:00:55,bu2406,bu2406,3430.0,0.0,0.0,0.0,2,3424.0,3445.0,1,3396.0,3420.0,3430.0,3420.0,2.0,68500.0,1916
2023-05-10 21:00:55,bu2406,bu2406,3430.0,0.0,0.0,0.0,1,3424.0,3445.0,1,3396.0,3420.0,3430.0,3420.0,2.0,68500.0,1916
2023-05-10 21:00:56,bu2406,bu2406,3430.0,0.0,0.0,0.0,1,3423.0,3445.0,1,3396.0,3420.0,3430.0,3420.0,2.0,68500.0,1916
2023-05-10 21:00:57,bu2406,bu2406,3430.0,0.0,0.0,0.0,1,3424.0,3445.0,1,3396.0,3420.0,3430.0,3420.0,2.0,68500.0,1916
2023-05-10 21:00:57,bu2406,bu2406,3430.0,0.0,0.0,0.0,2,3424.0,3445.0,1,3396.0,3420.0,3430.0,3420.0,2.0,68500.0,1916
2023-05-10 21:00:58,bu2406,bu2406,3430.0,0.0,0.0,0.0,1,3424.0,3445.0,1,3396.0,3420.0,3430.0,3420.0,2.0,68500.0,1916
2023-05-10 21:00:59,bu2406,bu2406,3430.0,0.0,0.0,0.0,1,3423.0,3445.0,1,3396.0,3420.0,3430.0,3420.0,2.0,68500.0,1916
2023-05-10 21:00:59,bu2406,bu2406,3430.0,0.0,0.0,0.0,1,3423.0,3445.0,1,3396.0,3420.0,3430.0,3420.0,2.0,68500.0,1916
2023-05-10 21:01:02,bu2406,bu2406,3430.0,0.0,0.0,0.0,1,3423.0,3445.0,1,3396.0,3420.0,3430.0,3420.0,2.0,68500.0,1916
2023-05-10 21:01:02,bu2406,bu2406,3430.0,0.0,0.0,0.0,3,3424.0,3445.0,1,3396.0,3420.0,3430.0,3420.0,2.0,68500.0,1916
2023-05-10 21:01:04,bu2406,bu2406,3430.0,0.0,0.0,0.0,2,3424.0,3445.0,1,3396.0,3420.0,3430.0,3420.0,2.0,68500.0,1916
2023-05-10 21:01:07,bu2406,bu2406,3430.0,0.0,0.0,0.0,2,3424.0,3445.0,1,3396.0,3420.0,3430.0,3420.0,2.0,68500.0,1916
2023-05-10 21:01:08,bu2406,bu2406,3430.0,0.0,0.0,0.0,1,3425.0,3445.0,1,3396.0,3420.0,3430.0,3420.0,2.0,68500.0,1916
2023-05-10 21:01:09,bu2406,bu2406,3430.0,0.0,0.0,0.0,1,3425.0,3445.0,1,3396.0,3420.0,3430.0,3420.0,2.0,68500.0,1916
2023-05-10 21:01:09,bu2406,bu2406,3430.0,0.0,0.0,0.0,2,3424.0,3445.0,1,3396.0,3420.0,3430.0,3420.0,2.0,68500.0,1916
2023-05-10 21:01:10,bu2406,bu2406,3430.0,0.0,0.0,0.0,1,3425.0,3445.0,1,3396.0,3420.0,3430.0,3420.0,2.0,68500.0,1916
2023-05-10 21:01:10,bu2406,bu2406,3430.0,0.0,0.0,0.0,2,3424.0,3445.0,1,3396.0,3420.0,3430.0,3420.0,2.0,68500.0,1916
2023-05-10 21:01:11,bu2406,bu2406,3430.0,0.0,0.0,0.0,3,3424.0,3445.0,2,3396.0,3420.0,3430.0,3420.0,2.0,68500.0,1916
2023-05-10 21:01:11,bu2406,bu2406,3430.0,0.0,0.0,0.0,3,3424.0,3444.0,1,3396.0,3420.0,3430.0,3420.0,2.0,68500.0,1916
2023-05-10 21:01:12,bu2406,bu2406,3430.0,0.0,0.0,0.0,3,3424.0,3445.0,1,3396.0,3420.0,3430.0,3420.0,2.0,68500.0,1916
2023-05-10 21:01:12,bu2406,bu2406,3430.0,0.0,0.0,0.0,3,3424.0,3445.0,1,3396.0,3420.0,3430.0,3420.0,2.0,68500.0,1916
2023-05-10 21:01:13,bu2406,bu2406,3430.0,0.0,0.0,0.0,3,3424.0,3444.0,1,3396.0,3420.0,3430.0,3420.0,2.0,68500.0,1916
2023-05-10 21:01:14,bu2406,bu2406,3430.0,0.0,0.0,0.0,3,3424.0,3445.0,1,3396.0,3420.0,3430.0,3420.0,2.0,68500.0,1916
2023-05-10 21:01:14,bu2406,bu2406,3430.0,0.0,0.0,0.0,3,3424.0,3444.0,1,3396.0,3420.0,3430.0,3420.0,2.0,68500.0,1916
2023-05-10 21:01:15,bu2406,bu2406,3430.0,0.0,0.0,0.0,3,3424.0,3444.0,1,3396.0,3420.0,3430.0,3420.0,2.0,68500.0,1916
2023-05-10 21:01:15,bu2406,bu2406,3430.0,0.0,0.0,0.0,3,3424.0,3444.0,2,3396.0,3420.0,3430.0,3420.0,2.0,68500.0,1916
2023-05-10 21:01:16,bu2406,bu2406,3430.0,0.0,0.0,0.0,3,3424.0,3444.0,2,3396.0,3420.0,3430.0,3420.0,2.0,68500.0,1916
2023-05-10 21:01:16,bu2406,bu2406,3430.0,0.0,0.0,0.0,3,3424.0,3444.0,1,3396.0,3420.0,3430.0,3420.0,2.0,68500.0,1916
2023-05-10 21:01:17,bu2406,bu2406,3430.0,0.0,0.0,0.0,3,3424.0,3444.0,1,3396.0,3420.0,3430.0,3420.0,2.0,68500.0,1916
2023-05-10 21:01:17,bu2406,bu2406,3430.0,0.0,0.0,0.0,3,3424.0,3444.0,2,3396.0,3420.0,3430.0,3420.0,2.0,68500.0,1916
2023-05-10 21:01:18,bu2406,bu2406,3430.0,0.0,0.0,0.0,3,3424.0,3444.0,2,3396.0,3420.0,3430.0,3420.0,2.0,68500.0,1916
2023-05-10 21:01:18,bu2406,bu2406,3430.0,0.0,0.0,0.0,3,3424.0,3444.0,2,3396.0,3420.0,3430.0,3420.0,2.0,68500.0,1916
2023-05-10 21:01:19,bu2406,bu2406,3430.0,0.0,0.0,0.0,3,3424.0,3444.0,1,3396.0,3420.0,3430.0,3420.0,2.0,68500.0,1916
2023-05-10 21:01:20,bu2406,bu2406,3430.0,0.0,0.0,0.0,3,3424.0,3443.0,1,3396.0,3420.0,3430.0,3420.0,2.0,68500.0,1916
2023-05-10 21:01:21,bu2406,bu2406,3430.0,0.0,0.0,0.0,3,3424.0,3444.0,1,3396.0,3420.0,3430.0,3420.0,2.0,68500.0,1916
2023-05-10 21:01:21,bu2406,bu2406,3430.0,0.0,0.0,0.0,3,3424.0,3444.0,2,3396.0,3420.0,3430.0,3420.0,2.0,68500.0,1916
2023-05-10 21:01:22,bu2406,bu2406,3430.0,0.0,0.0,0.0,3,3424.0,3444.0,1,3396.0,3420.0,3430.0,3420.0,2.0,68500.0,1916
2023-05-10 21:01:24,bu2406,bu2406,3430.0,0.0,0.0,0.0,3,3424.0,3444.0,1,3396.0,3420.0,3430.0,3420.0,2.0,68500.0,1916
2023-05-10 21:01:24,bu2406,bu2406,3430.0,0.0,0.0,0.0,3,3424.0,3444.0,1,3396.0,3420.0,3430.0,3420.0,2.0,68500.0,1916
2023-05-10 21:01:25,bu2406,bu2406,3430.0,0.0,0.0,0.0,3,3424.0,3444.0,1,3396.0,3420.0,3430.0,3420.0,2.0,68500.0,1916
2023-05-10 21:01:25,bu2406,bu2406,3430.0,0.0,0.0,0.0,3,3424.0,3444.0,2,3396.0,3420.0,3430.0,3420.0,2.0,68500.0,1916
2023-05-10 21:01:27,bu2406,bu2406,3430.0,0.0,0.0,0.0,3,3424.0,3443.0,1,3396.0,3420.0,3430.0,3420.0,2.0,68500.0,1916
2023-05-10 21:01:28,bu2406,bu2406,3430.0,0.0,0.0,0.0,2,3424.0,3443.0,1,3396.0,3420.0,3430.0,3420.0,2.0,68500.0,1916
2023-05-10 21:01:29,bu2406,bu2406,3430.0,0.0,0.0,0.0,2,3424.0,3443.0,1,3396.0,3420.0,3430.0,3420.0,2.0,68500.0,1916
2023-05-10 21:01:30,bu2406,bu2406,3430.0,0.0,0.0,0.0,1,3416.0,3443.0,1,3396.0,3420.0,3430.0,3420.0,2.0,68500.0,1916
2023-05-10 21:01:31,bu2406,bu2406,3430.0,0.0,0.0,0.0,2,3416.0,3443.0,1,3396.0,3420.0,3430.0,3420.0,2.0,68500.0,1916
2023-05-10 21:01:32,bu2406,bu2406,3430.0,0.0,0.0,0.0,1,3416.0,3443.0,3,3396.0,3420.0,3430.0,3420.0,2.0,68500.0,1916
2023-05-10 21:01:32,bu2406,bu2406,3430.0,0.0,0.0,0.0,1,3416.0,3443.0,3,3396.0,3420.0,3430.0,3420.0,2.0,68500.0,1916
2023-05-10 21:01:33,bu2406,bu2406,3430.0,0.0,0.0,0.0,1,3417.0,3443.0,3,3396.0,3420.0,3430.0,3420.0,2.0,68500.0,1916
2023-05-10 21:01:33,bu2406,bu2406,3430.0,0.0,0.0,0.0,1,3417.0,3443.0,3,3396.0,3420.0,3430.0,3420.0,2.0,68500.0,1916
2023-05-10 21:01:34,bu2406,bu2406,3430.0,0.0,0.0,0.0,1,3412.0,3443.0,3,3396.0,3420.0,3430.0,3420.0,2.0,68500.0,1916
2023-05-10 21:01:34,bu2406,bu2406,3430.0,0.0,0.0,0.0,2,3413.0,3443.0,3,3396.0,3420.0,3430.0,3420.0,2.0,68500.0,1916
2023-05-10 21:01:35,bu2406,bu2406,3430.0,0.0,0.0,0.0,2,3413.0,3443.0,3,3396.0,3420.0,3430.0,3420.0,2.0,68500.0,1916
2023-05-10 21:01:36,bu2406,bu2406,3430.0,0.0,0.0,0.0,3,3413.0,3443.0,3,3396.0,3420.0,3430.0,3420.0,2.0,68500.0,1916
2023-05-10 21:01:38,bu2406,bu2406,3430.0,0.0,0.0,0.0,4,3413.0,3443.0,3,3396.0,3420.0,3430.0,3420.0,2.0,68500.0,1916
2023-05-10 21:01:40,bu2406,bu2406,3430.0,0.0,0.0,0.0,4,3413.0,3443.0,1,3396.0,3420.0,3430.0,3420.0,2.0,68500.0,1916
2023-05-10 21:01:40,bu2406,bu2406,3430.0,0.0,0.0,0.0,4,3413.0,3442.0,2,3396.0,3420.0,3430.0,3420.0,2.0,68500.0,1916
2023-05-10 21:01:41,bu2406,bu2406,3430.0,0.0,0.0,0.0,4,3413.0,3441.0,1,3396.0,3420.0,3430.0,3420.0,2.0,68500.0,1916
2023-05-10 21:01:41,bu2406,bu2406,3430.0,0.0,0.0,0.0,1,3414.0,3441.0,1,3396.0,3420.0,3430.0,3420.0,2.0,68500.0,1916
2023-05-10 21:01:42,bu2406,bu2406,3430.0,0.0,0.0,0.0,2,3415.0,3441.0,1,3396.0,3420.0,3430.0,3420.0,2.0,68500.0,1916
2023-05-10 21:01:43,bu2406,bu2406,3430.0,0.0,0.0,0.0,3,3415.0,3441.0,1,3396.0,3420.0,3430.0,3420.0,2.0,68500.0,1916
2023-05-10 21:01:44,bu2406,bu2406,3430.0,0.0,0.0,0.0,2,3415.0,3441.0,1,3396.0,3420.0,3430.0,3420.0,2.0,68500.0,1916
2023-05-10 21:01:44,bu2406,bu2406,3430.0,0.0,0.0,0.0,1,3415.0,3441.0,1,3396.0,3420.0,3430.0,3420.0,2.0,68500.0,1916
2023-05-10 21:01:47,bu2406,bu2406,3430.0,0.0,0.0,0.0,1,3416.0,3441.0,1,3396.0,3420.0,3430.0,3420.0,2.0,68500.0,1916
2023-05-10 21:01:47,bu2406,bu2406,3430.0,0.0,0.0,0.0,1,3412.0,3441.0,1,3396.0,3420.0,3430.0,3420.0,2.0,68500.0,1916
2023-05-10 21:01:48,bu2406,bu2406,3430.0,0.0,0.0,0.0,5,3413.0,3440.0,2,3396.0,3420.0,3430.0,3420.0,2.0,68500.0,1916
2023-05-10 21:01:48,bu2406,bu2406,3430.0,0.0,0.0,0.0,6,3413.0,3439.0,1,3396.0,3420.0,3430.0,3420.0,2.0,68500.0,1916
2023-05-10 21:01:49,bu2406,bu2406,3430.0,0.0,0.0,0.0,6,3413.0,3439.0,1,3396.0,3420.0,3430.0,3420.0,2.0,68500.0,1916
2023-05-10 21:01:50,bu2406,bu2406,3430.0,0.0,0.0,0.0,6,3413.0,3439.0,1,3396.0,3420.0,3430.0,3420.0,2.0,68500.0,1916
2023-05-10 21:01:51,bu2406,bu2406,3430.0,0.0,0.0,0.0,6,3413.0,3439.0,1,3396.0,3420.0,3430.0,3420.0,2.0,68500.0,1916
2023-05-10 21:01:51,bu2406,bu2406,3430.0,0.0,0.0,0.0,6,3413.0,3439.0,3,3396.0,3420.0,3430.0,3420.0,2.0,68500.0,1916
2023-05-10 21:01:56,bu2406,bu2406,3430.0,0.0,0.0,0.0,5,3413.0,3439.0,3,3396.0,3420.0,3430.0,3420.0,2.0,68500.0,1916
2023-05-10 21:01:57,bu2406,bu2406,3430.0,0.0,0.0,0.0,5,3413.0,3439.0,1,3396.0,3420.0,3430.0,3420.0,2.0,68500.0,1916
2023-05-10 21:01:57,bu2406,bu2406,3430.0,0.0,0.0,0.0,5,3413.0,3438.0,1,3396.0,3420.0,3430.0,3420.0,2.0,68500.0,1916
2023-05-10 21:01:58,bu2406,bu2406,3430.0,0.0,0.0,0.0,5,3413.0,3437.0,1,3396.0,3420.0,3430.0,3420.0,2.0,68500.0,1916
2023-05-10 21:01:59,bu2406,bu2406,3430.0,0.0,0.0,0.0,5,3413.0,3430.0,1,3396.0,3420.0,3430.0,3420.0,2.0,68500.0,1916
2023-05-10 21:01:59,bu2406,bu2406,3430.0,0.0,0.0,0.0,5,3413.0,3430.0,1,3396.0,3420.0,3430.0,3420.0,2.0,68500.0,1916
2023-05-10 21:02:00,bu2406,bu2406,3430.0,0.0,0.0,0.0,5,3413.0,3430.0,1,3396.0,3420.0,3430.0,3420.0,2.0,68500.0,1916
2023-05-10 21:02:06,bu2406,bu2406,3430.0,0.0,0.0,0.0,5,3413.0,3430.0,1,3396.0,3420.0,3430.0,3420.0,2.0,68500.0,1916
2023-05-10 21:02:06,bu2406,bu2406,3430.0,0.0,0.0,0.0,5,3413.0,3430.0,1,3396.0,3420.0,3430.0,3420.0,2.0,68500.0,1916
2023-05-10 21:02:07,bu2406,bu2406,3430.0,0.0,0.0,0.0,5,3413.0,3430.0,1,3396.0,3420.0,3430.0,3420.0,2.0,68500.0,1916
2023-05-10 21:02:07,bu2406,bu2406,3430.0,0.0,0.0,0.0,5,3413.0,3430.0,1,3396.0,3420.0,3430.0,3420.0,2.0,68500.0,1916
2023-05-10 21:02:08,bu2406,bu2406,3430.0,0.0,0.0,0.0,4,3413.0,3430.0,1,3396.0,3420.0,3430.0,3420.0,2.0,68500.0,1916
2023-05-10 21:02:10,bu2406,bu2406,3430.0,0.0,0.0,0.0,1,3414.0,3430.0,1,3396.0,3420.0,3430.0,3420.0,2.0,68500.0,1916
2023-05-10 21:02:10,bu2406,bu2406,3430.0,0.0,0.0,0.0,3,3413.0,3430.0,1,3396.0,3420.0,3430.0,3420.0,2.0,68500.0,1916
2023-05-10 21:02:11,bu2406,bu2406,3430.0,0.0,0.0,0.0,1,3414.0,3430.0,1,3396.0,3420.0,3430.0,3420.0,2.0,68500.0,1916
2023-05-10 21:02:12,bu2406,bu2406,3430.0,0.0,0.0,0.0,2,3414.0,3430.0,1,3396.0,3420.0,3430.0,3420.0,2.0,68500.0,1916
2023-05-10 21:02:14,bu2406,bu2406,3430.0,0.0,0.0,0.0,1,3414.0,3430.0,1,3396.0,3420.0,3430.0,3420.0,2.0,68500.0,1916
2023-05-10 21:02:16,bu2406,bu2406,3430.0,0.0,0.0,0.0,1,3415.0,3430.0,1,3396.0,3420.0,3430.0,3420.0,2.0,68500.0,1916
2023-05-10 21:02:17,bu2406,bu2406,3430.0,0.0,0.0,0.0,2,3413.0,3430.0,1,3396.0,3420.0,3430.0,3420.0,2.0,68500.0,1916
2023-05-10 21:02:17,bu2406,bu2406,3430.0,0.0,0.0,0.0,2,3414.0,3430.0,1,3396.0,3420.0,3430.0,3420.0,2.0,68500.0,1916
2023-05-10 21:02:22,bu2406,bu2406,3430.0,0.0,0.0,0.0,1,3415.0,3430.0,1,3396.0,3420.0,3430.0,3420.0,2.0,68500.0,1916
2023-05-10 21:02:23,bu2406,bu2406,3430.0,0.0,0.0,0.0,1,3414.0,3430.0,1,3396.0,3420.0,3430.0,3420.0,2.0,68500.0,1916
2023-05-10 21:02:24,bu2406,bu2406,3430.0,0.0,0.0,0.0,2,3414.0,3430.0,1,3396.0,3420.0,3430.0,3420.0,2.0,68500.0,1916
2023-05-10 21:02:28,bu2406,bu2406,3430.0,0.0,0.0,0.0,1,3415.0,3430.0,1,3396.0,3420.0,3430.0,3420.0,2.0,68500.0,1916
2023-05-10 21:02:29,bu2406,bu2406,3430.0,0.0,0.0,0.0,1,3414.0,3430.0,1,3396.0,3420.0,3430.0,3420.0,2.0,68500.0,1916
2023-05-10 21:02:30,bu2406,bu2406,3430.0,0.0,0.0,0.0,1,3415.0,3430.0,1,3396.0,3420.0,3430.0,3420.0,2.0,68500.0,1916
2023-05-10 21:02:32,bu2406,bu2406,3430.0,0.0,0.0,0.0,1,3416.0,3430.0,1,3396.0,3420.0,3430.0,3420.0,2.0,68500.0,1916
2023-05-10 21:02:33,bu2406,bu2406,3430.0,0.0,0.0,0.0,2,3413.0,3430.0,1,3396.0,3420.0,3430.0,3420.0,2.0,68500.0,1916
2023-05-10 21:02:33,bu2406,bu2406,3430.0,0.0,0.0,0.0,2,3414.0,3430.0,1,3396.0,3420.0,3430.0,3420.0,2.0,68500.0,1916
2023-05-10 21:02:34,bu2406,bu2406,3430.0,0.0,0.0,0.0,3,3414.0,3430.0,1,3396.0,3420.0,3430.0,3420.0,2.0,68500.0,1916
2023-05-10 21:02:37,bu2406,bu2406,3430.0,0.0,0.0,0.0,1,3415.0,3430.0,1,3396.0,3420.0,3430.0,3420.0,2.0,68500.0,1916
2023-05-10 21:02:37,bu2406,bu2406,3430.0,0.0,0.0,0.0,1,3416.0,3430.0,1,3396.0,3420.0,3430.0,3420.0,2.0,68500.0,1916
2023-05-10 21:02:38,bu2406,bu2406,3430.0,0.0,0.0,0.0,1,3416.0,3430.0,1,3396.0,3420.0,3430.0,3420.0,2.0,68500.0,1916
2023-05-10 21:02:38,bu2406,bu2406,3430.0,0.0,0.0,0.0,1,3417.0,3430.0,1,3396.0,3420.0,3430.0,3420.0,2.0,68500.0,1916
2023-05-10 21:02:39,bu2406,bu2406,3430.0,0.0,0.0,0.0,1,3417.0,3430.0,1,3396.0,3420.0,3430.0,3420.0,2.0,68500.0,1916
2023-05-10 21:02:40,bu2406,bu2406,3430.0,0.0,0.0,0.0,2,3417.0,3430.0,1,3396.0,3420.0,3430.0,3420.0,2.0,68500.0,1916
2023-05-10 21:02:41,bu2406,bu2406,3430.0,0.0,0.0,0.0,1,3418.0,3430.0,1,3396.0,3420.0,3430.0,3420.0,2.0,68500.0,1916
2023-05-10 21:02:42,bu2406,bu2406,3430.0,0.0,0.0,0.0,1,3417.0,3430.0,1,3396.0,3420.0,3430.0,3420.0,2.0,68500.0,1916
2023-05-10 21:02:43,bu2406,bu2406,3430.0,0.0,0.0,0.0,2,3417.0,3430.0,1,3396.0,3420.0,3430.0,3420.0,2.0,68500.0,1916
2023-05-10 21:02:48,bu2406,bu2406,3430.0,0.0,0.0,0.0,1,3417.0,3430.0,1,3396.0,3420.0,3430.0,3420.0,2.0,68500.0,1916
2023-05-10 21:02:49,bu2406,bu2406,3430.0,0.0,0.0,0.0,2,3413.0,3430.0,1,3396.0,3420.0,3430.0,3420.0,2.0,68500.0,1916
2023-05-10 21:02:49,bu2406,bu2406,3430.0,0.0,0.0,0.0,1,3414.0,3430.0,1,3396.0,3420.0,3430.0,3420.0,2.0,68500.0,1916
2023-05-10 21:02:50,bu2406,bu2406,3430.0,0.0,0.0,0.0,2,3414.0,3430.0,1,3396.0,3420.0,3430.0,3420.0,2.0,68500.0,1916
2023-05-10 21:02:50,bu2406,bu2406,3430.0,0.0,0.0,0.0,2,3414.0,3430.0,1,3396.0,3420.0,3430.0,3420.0,2.0,68500.0,1916
2023-05-10 21:02:51,bu2406,bu2406,3430.0,0.0,0.0,0.0,2,3414.0,3430.0,1,3396.0,3420.0,3430.0,3420.0,2.0,68500.0,1916
2023-05-10 21:02:51,bu2406,bu2406,3430.0,0.0,0.0,0.0,2,3414.0,3430.0,1,3396.0,3420.0,3430.0,3420.0,2.0,68500.0,1916
2023-05-10 21:02:53,bu2406,bu2406,3430.0,0.0,0.0,0.0,1,3414.0,3430.0,1,3396.0,3420.0,3430.0,3420.0,2.0,68500.0,1916
2023-05-10 21:02:54,bu2406,bu2406,3430.0,0.0,0.0,0.0,2,3414.0,3430.0,1,3396.0,3420.0,3430.0,3420.0,2.0,68500.0,1916
2023-05-10 21:02:59,bu2406,bu2406,3430.0,0.0,0.0,0.0,1,3415.0,3430.0,1,3396.0,3420.0,3430.0,3420.0,2.0,68500.0,1916
2023-05-10 21:03:00,bu2406,bu2406,3430.0,0.0,0.0,0.0,1,3415.0,3430.0,1,3396.0,3420.0,3430.0,3420.0,2.0,68500.0,1916
2023-05-10 21:03:00,bu2406,bu2406,3430.0,0.0,0.0,0.0,1,3415.0,3430.0,1,3396.0,3420.0,3430.0,3420.0,2.0,68500.0,1916
2023-05-10 21:03:01,bu2406,bu2406,3430.0,0.0,0.0,0.0,2,3415.0,3430.0,1,3396.0,3420.0,3430.0,3420.0,2.0,68500.0,1916
2023-05-10 21:03:02,bu2406,bu2406,3430.0,0.0,0.0,0.0,1,3415.0,3430.0,1,3396.0,3420.0,3430.0,3420.0,2.0,68500.0,1916
2023-05-10 21:03:03,bu2406,bu2406,3430.0,0.0,0.0,0.0,1,3416.0,3430.0,1,3396.0,3420.0,3430.0,3420.0,2.0,68500.0,1916
2023-05-10 21:03:03,bu2406,bu2406,3430.0,0.0,0.0,0.0,2,3413.0,3430.0,1,3396.0,3420.0,3430.0,3420.0,2.0,68500.0,1916
2023-05-10 21:03:04,bu2406,bu2406,3430.0,0.0,0.0,0.0,2,3414.0,3430.0,1,3396.0,3420.0,3430.0,3420.0,2.0,68500.0,1916
2023-05-10 21:03:09,bu2406,bu2406,3430.0,0.0,0.0,0.0,1,3415.0,3430.0,1,3396.0,3420.0,3430.0,3420.0,2.0,68500.0,1916
2023-05-10 21:03:10,bu2406,bu2406,3430.0,0.0,0.0,0.0,1,3415.0,3430.0,1,3396.0,3420.0,3430.0,3420.0,2.0,68500.0,1916
2023-05-10 21:03:11,bu2406,bu2406,3430.0,0.0,0.0,0.0,2,3415.0,3430.0,1,3396.0,3420.0,3430.0,3420.0,2.0,68500.0,1916
2023-05-10 21:03:14,bu2406,bu2406,3430.0,0.0,0.0,0.0,1,3415.0,3430.0,1,3396.0,3420.0,3430.0,3420.0,2.0,68500.0,1916
2023-05-10 21:03:16,bu2406,bu2406,3430.0,0.0,0.0,0.0,2,3415.0,3430.0,1,3396.0,3420.0,3430.0,3420.0,2.0,68500.0,1916
2023-05-10 21:03:17,bu2406,bu2406,3430.0,0.0,0.0,0.0,2,3416.0,3430.0,1,3396.0,3420.0,3430.0,3420.0,2.0,68500.0,1916
2023-05-10 21:03:18,bu2406,bu2406,3430.0,0.0,0.0,0.0,2,3416.0,3430.0,1,3396.0,3420.0,3430.0,3420.0,2.0,68500.0,1916
2023-05-10 21:03:19,bu2406,bu2406,3430.0,0.0,0.0,0.0,3,3416.0,3430.0,1,3396.0,3420.0,3430.0,3420.0,2.0,68500.0,1916
2023-05-10 21:03:26,bu2406,bu2406,3430.0,0.0,0.0,0.0,1,3417.0,3430.0,1,3396.0,3420.0,3430.0,3420.0,2.0,68500.0,1916
2023-05-10 21:03:26,bu2406,bu2406,3430.0,0.0,0.0,0.0,2,3416.0,3430.0,1,3396.0,3420.0,3430.0,3420.0,2.0,68500.0,1916
2023-05-10 21:03:27,bu2406,bu2406,3430.0,0.0,0.0,0.0,1,3417.0,3430.0,1,3396.0,3420.0,3430.0,3420.0,2.0,68500.0,1916
2023-05-10 21:03:27,bu2406,bu2406,3430.0,0.0,0.0,0.0,2,3417.0,3430.0,1,3396.0,3420.0,3430.0,3420.0,2.0,68500.0,1916
2023-05-10 21:03:28,bu2406,bu2406,3430.0,0.0,0.0,0.0,1,3418.0,3430.0,1,3396.0,3420.0,3430.0,3420.0,2.0,68500.0,1916
2023-05-10 21:03:29,bu2406,bu2406,3430.0,0.0,0.0,0.0,1,3417.0,3430.0,1,3396.0,3420.0,3430.0,3420.0,2.0,68500.0,1916
2023-05-10 21:03:30,bu2406,bu2406,3430.0,0.0,0.0,0.0,2,3417.0,3430.0,1,3396.0,3420.0,3430.0,3420.0,2.0,68500.0,1916
2023-05-10 21:03:36,bu2406,bu2406,3430.0,0.0,0.0,0.0,1,3418.0,3430.0,1,3396.0,3420.0,3430.0,3420.0,2.0,68500.0,1916
2023-05-10 21:03:37,bu2406,bu2406,3430.0,0.0,0.0,0.0,1,3418.0,3430.0,1,3396.0,3420.0,3430.0,3420.0,2.0,68500.0,1916
2023-05-10 21:03:37,bu2406,bu2406,3430.0,0.0,0.0,0.0,1,3417.0,3430.0,1,3396.0,3420.0,3430.0,3420.0,2.0,68500.0,1916
2023-05-10 21:03:38,bu2406,bu2406,3430.0,0.0,0.0,0.0,2,3417.0,3430.0,1,3396.0,3420.0,3430.0,3420.0,2.0,68500.0,1916
2023-05-10 21:03:52,bu2406,bu2406,3430.0,0.0,0.0,0.0,2,3417.0,3430.0,1,3396.0,3420.0,3430.0,3420.0,2.0,68500.0,1916
2023-05-10 21:03:54,bu2406,bu2406,3430.0,0.0,0.0,0.0,2,3417.0,3430.0,1,3396.0,3420.0,3430.0,3420.0,2.0,68500.0,1916
2023-05-10 21:03:57,bu2406,bu2406,3430.0,0.0,0.0,0.0,1,3418.0,3430.0,1,3396.0,3420.0,3430.0,3420.0,2.0,68500.0,1916
2023-05-10 21:03:58,bu2406,bu2406,3430.0,0.0,0.0,0.0,1,3417.0,3430.0,1,3396.0,3420.0,3430.0,3420.0,2.0,68500.0,1916
2023-05-10 21:03:59,bu2406,bu2406,3430.0,0.0,0.0,0.0,2,3417.0,3430.0,1,3396.0,3420.0,3430.0,3420.0,2.0,68500.0,1916
2023-05-10 21:04:02,bu2406,bu2406,3430.0,0.0,0.0,0.0,1,3418.0,3430.0,1,3396.0,3420.0,3430.0,3420.0,2.0,68500.0,1916
2023-05-10 21:04:02,bu2406,bu2406,3430.0,0.0,0.0,0.0,1,3418.0,3430.0,1,3396.0,3420.0,3430.0,3420.0,2.0,68500.0,1916
2023-05-10 21:04:03,bu2406,bu2406,3430.0,0.0,0.0,0.0,1,3417.0,3430.0,1,3396.0,3420.0,3430.0,3420.0,2.0,68500.0,1916
2023-05-10 21:04:03,bu2406,bu2406,3430.0,0.0,0.0,0.0,2,3417.0,3430.0,1,3396.0,3420.0,3430.0,3420.0,2.0,68500.0,1916
2023-05-10 21:04:04,bu2406,bu2406,3430.0,0.0,0.0,0.0,2,3417.0,3430.0,1,3396.0,3420.0,3430.0,3420.0,2.0,68500.0,1916
2023-05-10 21:04:21,bu2406,bu2406,3430.0,0.0,0.0,0.0,2,3417.0,3430.0,1,3396.0,3420.0,3430.0,3420.0,2.0,68500.0,1916
2023-05-10 21:04:35,bu2406,bu2406,3430.0,0.0,0.0,0.0,1,3418.0,3430.0,1,3396.0,3420.0,3430.0,3420.0,2.0,68500.0,1916
2023-05-10 21:04:36,bu2406,bu2406,3430.0,0.0,0.0,0.0,1,3417.0,3430.0,1,3396.0,3420.0,3430.0,3420.0,2.0,68500.0,1916
2023-05-10 21:04:37,bu2406,bu2406,3430.0,0.0,0.0,0.0,1,3418.0,3430.0,1,3396.0,3420.0,3430.0,3420.0,2.0,68500.0,1916
2023-05-10 21:04:39,bu2406,bu2406,3430.0,0.0,0.0,0.0,1,3419.0,3430.0,1,3396.0,3420.0,3430.0,3420.0,2.0,68500.0,1916
2023-05-10 21:04:39,bu2406,bu2406,3430.0,0.0,0.0,0.0,1,3415.0,3430.0,1,3396.0,3420.0,3430.0,3420.0,2.0,68500.0,1916
2023-05-10 21:04:40,bu2406,bu2406,3430.0,0.0,0.0,0.0,1,3416.0,3430.0,1,3396.0,3420.0,3430.0,3420.0,2.0,68500.0,1916
2023-05-10 21:04:40,bu2406,bu2406,3430.0,0.0,0.0,0.0,1,3417.0,3430.0,1,3396.0,3420.0,3430.0,3420.0,2.0,68500.0,1916
2023-05-10 21:04:41,bu2406,bu2406,3430.0,0.0,0.0,0.0,1,3417.0,3430.0,1,3396.0,3420.0,3430.0,3420.0,2.0,68500.0,1916
2023-05-10 21:04:42,bu2406,bu2406,3430.0,0.0,0.0,0.0,2,3417.0,3430.0,1,3396.0,3420.0,3430.0,3420.0,2.0,68500.0,1916
2023-05-10 21:04:44,bu2406,bu2406,3430.0,0.0,0.0,0.0,2,3418.0,3430.0,1,3396.0,3420.0,3430.0,3420.0,2.0,68500.0,1916
2023-05-10 21:04:45,bu2406,bu2406,3430.0,0.0,0.0,0.0,2,3418.0,3430.0,1,3396.0,3420.0,3430.0,3420.0,2.0,68500.0,1916
2023-05-10 21:04:45,bu2406,bu2406,3430.0,0.0,0.0,0.0,2,3419.0,3430.0,1,3396.0,3420.0,3430.0,3420.0,2.0,68500.0,1916
2023-05-10 21:04:46,bu2406,bu2406,3430.0,0.0,0.0,0.0,1,3419.0,3430.0,1,3396.0,3420.0,3430.0,3420.0,2.0,68500.0,1916
2023-05-10 21:04:46,bu2406,bu2406,3430.0,0.0,0.0,0.0,2,3419.0,3430.0,1,3396.0,3420.0,3430.0,3420.0,2.0,68500.0,1916
2023-05-10 21:04:47,bu2406,bu2406,3430.0,0.0,0.0,0.0,1,3420.0,3430.0,1,3396.0,3420.0,3430.0,3420.0,2.0,68500.0,1916
2023-05-10 21:04:47,bu2406,bu2406,3430.0,0.0,0.0,0.0,1,3420.0,3430.0,1,3396.0,3420.0,3430.0,3420.0,2.0,68500.0,1916
2023-05-10 21:04:48,bu2406,bu2406,3430.0,0.0,0.0,0.0,1,3419.0,3430.0,1,3396.0,3420.0,3430.0,3420.0,2.0,68500.0,1916
2023-05-10 21:04:48,bu2406,bu2406,3430.0,0.0,0.0,0.0,2,3419.0,3430.0,1,3396.0,3420.0,3430.0,3420.0,2.0,68500.0,1916
2023-05-10 21:04:53,bu2406,bu2406,3430.0,0.0,0.0,0.0,1,3420.0,3430.0,1,3396.0,3420.0,3430.0,3420.0,2.0,68500.0,1916
2023-05-10 21:04:54,bu2406,bu2406,3430.0,0.0,0.0,0.0,1,3419.0,3430.0,1,3396.0,3420.0,3430.0,3420.0,2.0,68500.0,1916
2023-05-10 21:04:54,bu2406,bu2406,3430.0,0.0,0.0,0.0,1,3420.0,3430.0,1,3396.0,3420.0,3430.0,3420.0,2.0,68500.0,1916
2023-05-10 21:05:00,bu2406,bu2406,3430.0,0.0,0.0,0.0,1,3419.0,3430.0,1,3396.0,3420.0,3430.0,3420.0,2.0,68500.0,1916
2023-05-10 21:05:02,bu2406,bu2406,3430.0,0.0,0.0,0.0,2,3419.0,3430.0,1,3396.0,3420.0,3430.0,3420.0,2.0,68500.0,1916
2023-05-10 21:05:03,bu2406,bu2406,3430.0,0.0,0.0,0.0,1,3420.0,3430.0,1,3396.0,3420.0,3430.0,3420.0,2.0,68500.0,1916
2023-05-10 21:05:04,bu2406,bu2406,3430.0,0.0,0.0,0.0,1,3420.0,3430.0,1,3396.0,3420.0,3430.0,3420.0,2.0,68500.0,1916
2023-05-10 21:05:05,bu2406,bu2406,3430.0,0.0,0.0,0.0,2,3420.0,3430.0,1,3396.0,3420.0,3430.0,3420.0,2.0,68500.0,1916
2023-05-10 21:05:08,bu2406,bu2406,3430.0,0.0,0.0,0.0,2,3420.0,3430.0,1,3396.0,3420.0,3430.0,3420.0,2.0,68500.0,1916
2023-05-10 21:05:10,bu2406,bu2406,3430.0,0.0,0.0,0.0,2,3420.0,3430.0,1,3396.0,3420.0,3430.0,3420.0,2.0,68500.0,1916
2023-05-10 21:05:11,bu2406,bu2406,3430.0,0.0,0.0,0.0,1,3421.0,3430.0,1,3396.0,3420.0,3430.0,3420.0,2.0,68500.0,1916
2023-05-10 21:05:11,bu2406,bu2406,3430.0,0.0,0.0,0.0,1,3422.0,3430.0,1,3396.0,3420.0,3430.0,3420.0,2.0,68500.0,1916
2023-05-10 21:05:12,bu2406,bu2406,3430.0,0.0,0.0,0.0,1,3423.0,3430.0,1,3396.0,3420.0,3430.0,3420.0,2.0,68500.0,1916
2023-05-10 21:05:12,bu2406,bu2406,3430.0,0.0,0.0,0.0,1,3424.0,3430.0,1,3396.0,3420.0,3430.0,3420.0,2.0,68500.0,1916
2023-05-10 21:05:13,bu2406,bu2406,3430.0,0.0,0.0,0.0,1,3424.0,3430.0,1,3396.0,3420.0,3430.0,3420.0,2.0,68500.0,1916
2023-05-10 21:05:14,bu2406,bu2406,3430.0,0.0,0.0,0.0,2,3424.0,3430.0,1,3396.0,3420.0,3430.0,3420.0,2.0,68500.0,1916
2023-05-10 21:05:16,bu2406,bu2406,3430.0,0.0,0.0,0.0,1,3424.0,3430.0,1,3396.0,3420.0,3430.0,3420.0,2.0,68500.0,1916
2023-05-10 21:05:17,bu2406,bu2406,3430.0,0.0,0.0,0.0,1,3425.0,3430.0,1,3396.0,3420.0,3430.0,3420.0,2.0,68500.0,1916
2023-05-10 21:05:17,bu2406,bu2406,3430.0,0.0,0.0,0.0,1,3425.0,3430.0,1,3396.0,3420.0,3430.0,3420.0,2.0,68500.0,1916
2023-05-10 21:05:18,bu2406,bu2406,3430.0,0.0,0.0,0.0,1,3415.0,3430.0,1,3396.0,3420.0,3430.0,3420.0,2.0,68500.0,1916
2023-05-10 21:05:18,bu2406,bu2406,3430.0,0.0,0.0,0.0,4,3416.0,3430.0,1,3396.0,3420.0,3430.0,3420.0,2.0,68500.0,1916
2023-05-10 21:05:19,bu2406,bu2406,3430.0,0.0,0.0,0.0,5,3416.0,3430.0,1,3396.0,3420.0,3430.0,3420.0,2.0,68500.0,1916
2023-05-10 21:05:23,bu2406,bu2406,3430.0,0.0,0.0,0.0,4,3416.0,3430.0,1,3396.0,3420.0,3430.0,3420.0,2.0,68500.0,1916
2023-05-10 21:05:26,bu2406,bu2406,3430.0,0.0,0.0,0.0,2,3417.0,3430.0,1,3396.0,3420.0,3430.0,3420.0,2.0,68500.0,1916
2023-05-10 21:05:27,bu2406,bu2406,3430.0,0.0,0.0,0.0,1,3418.0,3430.0,1,3396.0,3420.0,3430.0,3420.0,2.0,68500.0,1916
2023-05-10 21:05:27,bu2406,bu2406,3430.0,0.0,0.0,0.0,1,3418.0,3430.0,1,3396.0,3420.0,3430.0,3420.0,2.0,68500.0,1916
2023-05-10 21:05:28,bu2406,bu2406,3430.0,0.0,0.0,0.0,1,3419.0,3430.0,1,3396.0,3420.0,3430.0,3420.0,2.0,68500.0,1916
2023-05-10 21:05:28,bu2406,bu2406,3430.0,0.0,0.0,0.0,1,3420.0,3430.0,1,3396.0,3420.0,3430.0,3420.0,2.0,68500.0,1916
2023-05-10 21:05:29,bu2406,bu2406,3430.0,0.0,0.0,0.0,2,3420.0,3430.0,1,3396.0,3420.0,3430.0,3420.0,2.0,68500.0,1916
2023-05-10 21:05:42,bu2406,bu2406,3430.0,0.0,0.0,0.0,1,3421.0,3430.0,1,3396.0,3420.0,3430.0,3420.0,2.0,68500.0,1916
2023-05-10 21:05:42,bu2406,bu2406,3430.0,0.0,0.0,0.0,1,3420.0,3430.0,1,3396.0,3420.0,3430.0,3420.0,2.0,68500.0,1916
2023-05-10 21:05:43,bu2406,bu2406,3430.0,0.0,0.0,0.0,1,3421.0,3430.0,1,3396.0,3420.0,3430.0,3420.0,2.0,68500.0,1916
2023-05-10 21:05:43,bu2406,bu2406,3430.0,0.0,0.0,0.0,1,3422.0,3430.0,1,3396.0,3420.0,3430.0,3420.0,2.0,68500.0,1916
2023-05-10 21:05:44,bu2406,bu2406,3430.0,0.0,0.0,0.0,1,3422.0,3430.0,1,3396.0,3420.0,3430.0,3420.0,2.0,68500.0,1916
2023-05-10 21:05:45,bu2406,bu2406,3430.0,0.0,0.0,0.0,2,3422.0,3430.0,1,3396.0,3420.0,3430.0,3420.0,2.0,68500.0,1916
2023-05-10 21:06:07,bu2406,bu2406,3430.0,0.0,0.0,0.0,1,3423.0,3430.0,1,3396.0,3420.0,3430.0,3420.0,2.0,68500.0,1916
2023-05-10 21:06:07,bu2406,bu2406,3430.0,0.0,0.0,0.0,1,3424.0,3430.0,1,3396.0,3420.0,3430.0,3420.0,2.0,68500.0,1916
2023-05-10 21:06:08,bu2406,bu2406,3430.0,0.0,0.0,0.0,1,3425.0,3430.0,1,3396.0,3420.0,3430.0,3420.0,2.0,68500.0,1916
2023-05-10 21:06:08,bu2406,bu2406,3430.0,0.0,0.0,0.0,1,3426.0,3430.0,1,3396.0,3420.0,3430.0,3420.0,2.0,68500.0,1916
2023-05-10 21:06:09,bu2406,bu2406,3430.0,0.0,0.0,0.0,1,3426.0,3430.0,1,3396.0,3420.0,3430.0,3420.0,2.0,68500.0,1916
2023-05-10 21:06:10,bu2406,bu2406,3430.0,0.0,0.0,0.0,1,3425.0,3430.0,1,3396.0,3420.0,3430.0,3420.0,2.0,68500.0,1916
2023-05-10 21:06:10,bu2406,bu2406,3430.0,0.0,0.0,0.0,1,3426.0,3430.0,1,3396.0,3420.0,3430.0,3420.0,2.0,68500.0,1916
2023-05-10 21:06:11,bu2406,bu2406,3430.0,0.0,0.0,0.0,1,3425.0,3430.0,1,3396.0,3420.0,3430.0,3420.0,2.0,68500.0,1916
2023-05-10 21:06:12,bu2406,bu2406,3430.0,0.0,0.0,0.0,1,3426.0,3430.0,1,3396.0,3420.0,3430.0,3420.0,2.0,68500.0,1916
2023-05-10 21:06:12,bu2406,bu2406,3430.0,0.0,0.0,0.0,1,3425.0,3430.0,1,3396.0,3420.0,3430.0,3420.0,2.0,68500.0,1916
2023-05-10 21:06:14,bu2406,bu2406,3430.0,0.0,0.0,0.0,1,3415.0,3430.0,1,3396.0,3420.0,3430.0,3420.0,2.0,68500.0,1916
2023-05-10 21:06:14,bu2406,bu2406,3430.0,0.0,0.0,0.0,4,3416.0,3430.0,1,3396.0,3420.0,3430.0,3420.0,2.0,68500.0,1916
2023-05-10 21:06:15,bu2406,bu2406,3430.0,0.0,0.0,0.0,1,3417.0,3430.0,1,3396.0,3420.0,3430.0,3420.0,2.0,68500.0,1916
2023-05-10 21:06:15,bu2406,bu2406,3430.0,0.0,0.0,0.0,1,3418.0,3430.0,1,3396.0,3420.0,3430.0,3420.0,2.0,68500.0,1916
2023-05-10 21:06:16,bu2406,bu2406,3430.0,0.0,0.0,0.0,1,3419.0,3430.0,1,3396.0,3420.0,3430.0,3420.0,2.0,68500.0,1916
2023-05-10 21:06:16,bu2406,bu2406,3430.0,0.0,0.0,0.0,1,3420.0,3430.0,1,3396.0,3420.0,3430.0,3420.0,2.0,68500.0,1916
2023-05-10 21:06:17,bu2406,bu2406,3430.0,0.0,0.0,0.0,1,3421.0,3430.0,1,3396.0,3420.0,3430.0,3420.0,2.0,68500.0,1916
2023-05-10 21:06:18,bu2406,bu2406,3430.0,0.0,0.0,0.0,2,3421.0,3430.0,1,3396.0,3420.0,3430.0,3420.0,2.0,68500.0,1916
2023-05-10 21:06:21,bu2406,bu2406,3430.0,0.0,0.0,0.0,1,3421.0,3430.0,1,3396.0,3420.0,3430.0,3420.0,2.0,68500.0,1916
2023-05-10 21:06:28,bu2406,bu2406,3430.0,0.0,0.0,0.0,1,3420.0,3430.0,1,3396.0,3420.0,3430.0,3420.0,2.0,68500.0,1916
2023-05-10 21:06:29,bu2406,bu2406,3430.0,0.0,0.0,0.0,1,3420.0,3430.0,1,3396.0,3420.0,3430.0,3420.0,2.0,68500.0,1916
2023-05-10 21:06:30,bu2406,bu2406,3430.0,0.0,0.0,0.0,1,3420.0,3430.0,1,3396.0,3420.0,3430.0,3420.0,2.0,68500.0,1916
2023-05-10 21:06:31,bu2406,bu2406,3430.0,0.0,0.0,0.0,1,3415.0,3430.0,1,3396.0,3420.0,3430.0,3420.0,2.0,68500.0,1916
2023-05-10 21:06:32,bu2406,bu2406,3430.0,0.0,0.0,0.0,2,3416.0,3430.0,1,3396.0,3420.0,3430.0,3420.0,2.0,68500.0,1916
2023-05-10 21:06:32,bu2406,bu2406,3430.0,0.0,0.0,0.0,2,3416.0,3430.0,1,3396.0,3420.0,3430.0,3420.0,2.0,68500.0,1916
2023-05-10 21:06:33,bu2406,bu2406,3430.0,0.0,0.0,0.0,1,3416.0,3430.0,1,3396.0,3420.0,3430.0,3420.0,2.0,68500.0,1916
2023-05-10 21:06:33,bu2406,bu2406,3430.0,0.0,0.0,0.0,1,3417.0,3430.0,1,3396.0,3420.0,3430.0,3420.0,2.0,68500.0,1916
2023-05-10 21:06:34,bu2406,bu2406,3430.0,0.0,0.0,0.0,1,3416.0,3430.0,1,3396.0,3420.0,3430.0,3420.0,2.0,68500.0,1916
2023-05-10 21:06:35,bu2406,bu2406,3430.0,0.0,0.0,0.0,1,3417.0,3430.0,1,3396.0,3420.0,3430.0,3420.0,2.0,68500.0,1916
2023-05-10 21:06:35,bu2406,bu2406,3430.0,0.0,0.0,0.0,1,3417.0,3430.0,1,3396.0,3420.0,3430.0,3420.0,2.0,68500.0,1916
2023-05-10 21:06:36,bu2406,bu2406,3430.0,0.0,0.0,0.0,2,3417.0,3430.0,1,3396.0,3420.0,3430.0,3420.0,2.0,68500.0,1916
2023-05-10 21:06:37,bu2406,bu2406,3430.0,0.0,0.0,0.0,1,3417.0,3430.0,1,3396.0,3420.0,3430.0,3420.0,2.0,68500.0,1916
2023-05-10 21:06:41,bu2406,bu2406,3430.0,0.0,0.0,0.0,1,3418.0,3430.0,1,3396.0,3420.0,3430.0,3420.0,2.0,68500.0,1916
2023-05-10 21:06:41,bu2406,bu2406,3430.0,0.0,0.0,0.0,1,3415.0,3430.0,1,3396.0,3420.0,3430.0,3420.0,2.0,68500.0,1916
2023-05-10 21:06:42,bu2406,bu2406,3430.0,0.0,0.0,0.0,3,3416.0,3430.0,1,3396.0,3420.0,3430.0,3420.0,2.0,68500.0,1916
2023-05-10 21:06:42,bu2406,bu2406,3430.0,0.0,0.0,0.0,4,3416.0,3430.0,1,3396.0,3420.0,3430.0,3420.0,2.0,68500.0,1916
2023-05-10 21:06:52,bu2406,bu2406,3430.0,0.0,0.0,0.0,2,3417.0,3430.0,1,3396.0,3420.0,3430.0,3420.0,2.0,68500.0,1916
2023-05-10 21:06:53,bu2406,bu2406,3430.0,0.0,0.0,0.0,2,3417.0,3430.0,1,3396.0,3420.0,3430.0,3420.0,2.0,68500.0,1916
2023-05-10 21:06:53,bu2406,bu2406,3430.0,0.0,0.0,0.0,1,3418.0,3430.0,1,3396.0,3420.0,3430.0,3420.0,2.0,68500.0,1916
2023-05-10 21:06:54,bu2406,bu2406,3430.0,0.0,0.0,0.0,1,3418.0,3430.0,1,3396.0,3420.0,3430.0,3420.0,2.0,68500.0,1916
2023-05-10 21:06:54,bu2406,bu2406,3430.0,0.0,0.0,0.0,1,3419.0,3430.0,1,3396.0,3420.0,3430.0,3420.0,2.0,68500.0,1916
2023-05-10 21:06:55,bu2406,bu2406,3430.0,0.0,0.0,0.0,1,3419.0,3430.0,1,3396.0,3420.0,3430.0,3420.0,2.0,68500.0,1916
2023-05-10 21:07:09,bu2406,bu2406,3430.0,0.0,0.0,0.0,2,3419.0,3430.0,1,3396.0,3420.0,3430.0,3420.0,2.0,68500.0,1916
2023-05-10 21:07:10,bu2406,bu2406,3430.0,0.0,0.0,0.0,1,3419.0,3430.0,1,3396.0,3420.0,3430.0,3420.0,2.0,68500.0,1916
2023-05-10 21:07:31,bu2406,bu2406,3430.0,0.0,0.0,0.0,1,3419.0,3430.0,1,3396.0,3420.0,3430.0,3420.0,2.0,68500.0,1916
2023-05-10 21:07:32,bu2406,bu2406,3430.0,0.0,0.0,0.0,1,3419.0,3430.0,1,3396.0,3420.0,3430.0,3420.0,2.0,68500.0,1916
2023-05-10 21:07:32,bu2406,bu2406,3430.0,0.0,0.0,0.0,1,3419.0,3430.0,1,3396.0,3420.0,3430.0,3420.0,2.0,68500.0,1916
2023-05-10 21:07:33,bu2406,bu2406,3430.0,0.0,0.0,0.0,1,3419.0,3430.0,1,3396.0,3420.0,3430.0,3420.0,2.0,68500.0,1916
2023-05-10 21:07:33,bu2406,bu2406,3430.0,0.0,0.0,0.0,1,3419.0,3430.0,1,3396.0,3420.0,3430.0,3420.0,2.0,68500.0,1916
2023-05-10 21:07:34,bu2406,bu2406,3430.0,0.0,0.0,0.0,1,3415.0,3430.0,1,3396.0,3420.0,3430.0,3420.0,2.0,68500.0,1916
2023-05-10 21:07:34,bu2406,bu2406,3430.0,0.0,0.0,0.0,1,3416.0,3430.0,1,3396.0,3420.0,3430.0,3420.0,2.0,68500.0,1916
2023-05-10 21:07:35,bu2406,bu2406,3430.0,0.0,0.0,0.0,1,3416.0,3430.0,1,3396.0,3420.0,3430.0,3420.0,2.0,68500.0,1916
2023-05-10 21:07:35,bu2406,bu2406,3430.0,0.0,0.0,0.0,2,3417.0,3430.0,1,3396.0,3420.0,3430.0,3420.0,2.0,68500.0,1916
2023-05-10 21:07:37,bu2406,bu2406,3430.0,0.0,0.0,0.0,3,3417.0,3430.0,1,3396.0,3420.0,3430.0,3420.0,2.0,68500.0,1916
2023-05-10 21:07:49,bu2406,bu2406,3430.0,0.0,0.0,0.0,2,3417.0,3430.0,1,3396.0,3420.0,3430.0,3420.0,2.0,68500.0,1916
2023-05-10 21:07:55,bu2406,bu2406,3430.0,0.0,0.0,0.0,3,3417.0,3430.0,1,3396.0,3420.0,3430.0,3420.0,2.0,68500.0,1916
2023-05-10 21:07:58,bu2406,bu2406,3430.0,0.0,0.0,0.0,2,3417.0,3430.0,1,3396.0,3420.0,3430.0,3420.0,2.0,68500.0,1916
2023-05-10 21:08:04,bu2406,bu2406,3430.0,0.0,0.0,0.0,3,3417.0,3430.0,1,3396.0,3420.0,3430.0,3420.0,2.0,68500.0,1916
2023-05-10 21:08:06,bu2406,bu2406,3430.0,0.0,0.0,0.0,2,3417.0,3430.0,1,3396.0,3420.0,3430.0,3420.0,2.0,68500.0,1916
2023-05-10 21:08:09,bu2406,bu2406,3430.0,0.0,0.0,0.0,3,3417.0,3430.0,1,3396.0,3420.0,3430.0,3420.0,2.0,68500.0,1916
2023-05-10 21:08:13,bu2406,bu2406,3430.0,0.0,0.0,0.0,2,3417.0,3430.0,1,3396.0,3420.0,3430.0,3420.0,2.0,68500.0,1916
2023-05-10 21:08:24,bu2406,bu2406,3430.0,0.0,0.0,0.0,3,3417.0,3430.0,1,3396.0,3420.0,3430.0,3420.0,2.0,68500.0,1916
2023-05-10 21:08:27,bu2406,bu2406,3430.0,0.0,0.0,0.0,2,3417.0,3430.0,1,3396.0,3420.0,3430.0,3420.0,2.0,68500.0,1916
2023-05-10 21:08:31,bu2406,bu2406,3430.0,0.0,0.0,0.0,3,3417.0,3430.0,1,3396.0,3420.0,3430.0,3420.0,2.0,68500.0,1916
2023-05-10 21:08:32,bu2406,bu2406,3430.0,0.0,0.0,0.0,2,3417.0,3430.0,1,3396.0,3420.0,3430.0,3420.0,2.0,68500.0,1916
2023-05-10 21:08:40,bu2406,bu2406,3430.0,0.0,0.0,0.0,3,3417.0,3430.0,1,3396.0,3420.0,3430.0,3420.0,2.0,68500.0,1916
2023-05-10 21:08:59,bu2406,bu2406,3430.0,0.0,0.0,0.0,1,3418.0,3430.0,1,3396.0,3420.0,3430.0,3420.0,2.0,68500.0,1916
2023-05-10 21:08:59,bu2406,bu2406,3430.0,0.0,0.0,0.0,1,3418.0,3430.0,1,3396.0,3420.0,3430.0,3420.0,2.0,68500.0,1916
2023-05-10 21:09:00,bu2406,bu2406,3430.0,0.0,0.0,0.0,1,3419.0,3430.0,1,3396.0,3420.0,3430.0,3420.0,2.0,68500.0,1916
2023-05-10 21:09:13,bu2406,bu2406,3430.0,0.0,0.0,0.0,2,3417.0,3430.0,1,3396.0,3420.0,3430.0,3420.0,2.0,68500.0,1916
2023-05-10 21:09:13,bu2406,bu2406,3430.0,0.0,0.0,0.0,1,3418.0,3430.0,1,3396.0,3420.0,3430.0,3420.0,2.0,68500.0,1916
2023-05-10 21:09:14,bu2406,bu2406,3430.0,0.0,0.0,0.0,2,3417.0,3430.0,1,3396.0,3420.0,3430.0,3420.0,2.0,68500.0,1916
2023-05-10 21:09:20,bu2406,bu2406,3430.0,0.0,0.0,0.0,1,3418.0,3430.0,1,3396.0,3420.0,3430.0,3420.0,2.0,68500.0,1916
2023-05-10 21:09:25,bu2406,bu2406,3430.0,0.0,0.0,0.0,2,3417.0,3430.0,1,3396.0,3420.0,3430.0,3420.0,2.0,68500.0,1916
2023-05-10 21:09:32,bu2406,bu2406,3430.0,0.0,0.0,0.0,1,3418.0,3430.0,1,3396.0,3420.0,3430.0,3420.0,2.0,68500.0,1916
2023-05-10 21:10:10,bu2406,bu2406,3430.0,0.0,0.0,0.0,1,3418.0,3430.0,1,3396.0,3420.0,3430.0,3420.0,2.0,68500.0,1916
2023-05-10 21:10:14,bu2406,bu2406,3430.0,0.0,0.0,0.0,1,3418.0,3430.0,1,3396.0,3420.0,3430.0,3420.0,2.0,68500.0,1916
2023-05-10 21:10:15,bu2406,bu2406,3430.0,0.0,0.0,0.0,1,3418.0,3430.0,1,3396.0,3420.0,3430.0,3420.0,2.0,68500.0,1916
2023-05-10 21:10:22,bu2406,bu2406,3430.0,0.0,0.0,0.0,1,3415.0,3430.0,1,3396.0,3420.0,3430.0,3420.0,2.0,68500.0,1916
2023-05-10 21:10:22,bu2406,bu2406,3430.0,0.0,0.0,0.0,1,3416.0,3430.0,1,3396.0,3420.0,3430.0,3420.0,2.0,68500.0,1916
2023-05-10 21:10:25,bu2406,bu2406,3430.0,0.0,0.0,0.0,2,3417.0,3430.0,1,3396.0,3420.0,3430.0,3420.0,2.0,68500.0,1916
2023-05-10 21:10:44,bu2406,bu2406,3430.0,0.0,0.0,0.0,2,3417.0,3430.0,1,3396.0,3420.0,3430.0,3420.0,2.0,68500.0,1916
2023-05-10 21:10:55,bu2406,bu2406,3430.0,0.0,0.0,0.0,2,3417.0,3430.0,1,3396.0,3420.0,3430.0,3420.0,2.0,68500.0,1916
2023-05-10 21:10:56,bu2406,bu2406,3430.0,0.0,0.0,0.0,1,3408.0,3430.0,1,3396.0,3420.0,3430.0,3420.0,2.0,68500.0,1916
2023-05-10 21:10:56,bu2406,bu2406,3430.0,0.0,0.0,0.0,2,3409.0,3430.0,1,3396.0,3420.0,3430.0,3420.0,2.0,68500.0,1916
2023-05-10 21:10:57,bu2406,bu2406,3430.0,0.0,0.0,0.0,2,3409.0,3430.0,1,3396.0,3420.0,3430.0,3420.0,2.0,68500.0,1916
2023-05-10 21:10:57,bu2406,bu2406,3430.0,0.0,0.0,0.0,3,3409.0,3430.0,1,3396.0,3420.0,3430.0,3420.0,2.0,68500.0,1916
2023-05-10 21:10:59,bu2406,bu2406,3430.0,0.0,0.0,0.0,3,3409.0,3430.0,1,3396.0,3420.0,3430.0,3420.0,2.0,68500.0,1916
2023-05-10 21:11:00,bu2406,bu2406,3430.0,0.0,0.0,0.0,3,3409.0,3430.0,1,3396.0,3420.0,3430.0,3420.0,2.0,68500.0,1916
2023-05-10 21:11:01,bu2406,bu2406,3430.0,0.0,0.0,0.0,4,3409.0,3430.0,1,3396.0,3420.0,3430.0,3420.0,2.0,68500.0,1916
2023-05-10 21:11:01,bu2406,bu2406,3430.0,0.0,0.0,0.0,4,3409.0,3430.0,1,3396.0,3420.0,3430.0,3420.0,2.0,68500.0,1916
2023-05-10 21:11:02,bu2406,bu2406,3430.0,0.0,0.0,0.0,4,3409.0,3430.0,1,3396.0,3420.0,3430.0,3420.0,2.0,68500.0,1916
2023-05-10 21:11:03,bu2406,bu2406,3430.0,0.0,0.0,0.0,4,3409.0,3430.0,1,3396.0,3420.0,3430.0,3420.0,2.0,68500.0,1916
2023-05-10 21:11:04,bu2406,bu2406,3430.0,0.0,0.0,0.0,1,3410.0,3430.0,1,3396.0,3420.0,3430.0,3420.0,2.0,68500.0,1916
2023-05-10 21:11:04,bu2406,bu2406,3430.0,0.0,0.0,0.0,1,3411.0,3430.0,1,3396.0,3420.0,3430.0,3420.0,2.0,68500.0,1916
2023-05-10 21:11:05,bu2406,bu2406,3430.0,0.0,0.0,0.0,1,3411.0,3430.0,1,3396.0,3420.0,3430.0,3420.0,2.0,68500.0,1916
2023-05-10 21:11:05,bu2406,bu2406,3430.0,0.0,0.0,0.0,1,3412.0,3430.0,1,3396.0,3420.0,3430.0,3420.0,2.0,68500.0,1916
2023-05-10 21:11:06,bu2406,bu2406,3430.0,0.0,0.0,0.0,1,3412.0,3430.0,1,3396.0,3420.0,3430.0,3420.0,2.0,68500.0,1916
2023-05-10 21:11:07,bu2406,bu2406,3430.0,0.0,0.0,0.0,1,3413.0,3430.0,1,3396.0,3420.0,3430.0,3420.0,2.0,68500.0,1916
2023-05-10 21:11:08,bu2406,bu2406,3430.0,0.0,0.0,0.0,1,3412.0,3430.0,1,3396.0,3420.0,3430.0,3420.0,2.0,68500.0,1916
2023-05-10 21:11:08,bu2406,bu2406,3430.0,0.0,0.0,0.0,1,3412.0,3430.0,1,3396.0,3420.0,3430.0,3420.0,2.0,68500.0,1916
2023-05-10 21:11:09,bu2406,bu2406,3430.0,0.0,0.0,0.0,2,3413.0,3430.0,1,3396.0,3420.0,3430.0,3420.0,2.0,68500.0,1916
2023-05-10 21:11:16,bu2406,bu2406,3430.0,0.0,0.0,0.0,1,3414.0,3430.0,1,3396.0,3420.0,3430.0,3420.0,2.0,68500.0,1916
2023-05-10 21:11:17,bu2406,bu2406,3430.0,0.0,0.0,0.0,1,3414.0,3430.0,1,3396.0,3420.0,3430.0,3420.0,2.0,68500.0,1916
2023-05-10 21:11:17,bu2406,bu2406,3430.0,0.0,0.0,0.0,1,3415.0,3430.0,1,3396.0,3420.0,3430.0,3420.0,2.0,68500.0,1916
2023-05-10 21:11:21,bu2406,bu2406,3430.0,0.0,0.0,0.0,1,3415.0,3430.0,1,3396.0,3420.0,3430.0,3420.0,2.0,68500.0,1916
2023-05-10 21:11:56,bu2406,bu2406,3430.0,0.0,0.0,0.0,1,3415.0,3430.0,1,3396.0,3420.0,3430.0,3420.0,2.0,68500.0,1916
2023-05-10 21:11:59,bu2406,bu2406,3430.0,0.0,0.0,0.0,1,3415.0,3430.0,1,3396.0,3420.0,3430.0,3420.0,2.0,68500.0,1916
2023-05-10 21:12:00,bu2406,bu2406,3430.0,0.0,0.0,0.0,1,3415.0,3430.0,1,3396.0,3420.0,3430.0,3420.0,2.0,68500.0,1916
2023-05-10 21:12:01,bu2406,bu2406,3430.0,0.0,0.0,0.0,1,3415.0,3430.0,1,3396.0,3420.0,3430.0,3420.0,2.0,68500.0,1916
2023-05-10 21:12:01,bu2406,bu2406,3430.0,0.0,0.0,0.0,1,3415.0,3430.0,1,3396.0,3420.0,3430.0,3420.0,2.0,68500.0,1916
2023-05-10 21:12:04,bu2406,bu2406,3430.0,0.0,0.0,0.0,1,3415.0,3430.0,1,3396.0,3420.0,3430.0,3420.0,2.0,68500.0,1916
2023-05-10 21:12:04,bu2406,bu2406,3430.0,0.0,0.0,0.0,1,3415.0,3430.0,1,3396.0,3420.0,3430.0,3420.0,2.0,68500.0,1916
2023-05-10 21:12:09,bu2406,bu2406,3430.0,0.0,0.0,0.0,1,3415.0,3430.0,1,3396.0,3420.0,3430.0,3420.0,2.0,68500.0,1916
2023-05-10 21:12:10,bu2406,bu2406,3430.0,0.0,0.0,0.0,1,3415.0,3430.0,1,3396.0,3420.0,3430.0,3420.0,2.0,68500.0,1916
2023-05-10 21:12:12,bu2406,bu2406,3430.0,0.0,0.0,0.0,1,3415.0,3430.0,1,3396.0,3420.0,3430.0,3420.0,2.0,68500.0,1916
2023-05-10 21:12:12,bu2406,bu2406,3430.0,0.0,0.0,0.0,1,3415.0,3430.0,1,3396.0,3420.0,3430.0,3420.0,2.0,68500.0,1916
2023-05-10 21:12:20,bu2406,bu2406,3430.0,0.0,0.0,0.0,1,3415.0,3430.0,1,3396.0,3420.0,3430.0,3420.0,2.0,68500.0,1916
2023-05-10 21:12:21,bu2406,bu2406,3430.0,0.0,0.0,0.0,1,3415.0,3430.0,1,3396.0,3420.0,3430.0,3420.0,2.0,68500.0,1916
2023-05-10 21:12:21,bu2406,bu2406,3430.0,0.0,0.0,0.0,1,3415.0,3430.0,1,3396.0,3420.0,3430.0,3420.0,2.0,68500.0,1916
2023-05-10 21:12:22,bu2406,bu2406,3430.0,0.0,0.0,0.0,1,3415.0,3430.0,1,3396.0,3420.0,3430.0,3420.0,2.0,68500.0,1916
2023-05-10 21:12:24,bu2406,bu2406,3430.0,0.0,0.0,0.0,1,3415.0,3430.0,1,3396.0,3420.0,3430.0,3420.0,2.0,68500.0,1916
2023-05-10 21:12:25,bu2406,bu2406,3430.0,0.0,0.0,0.0,1,3415.0,3430.0,1,3396.0,3420.0,3430.0,3420.0,2.0,68500.0,1916
2023-05-10 21:12:28,bu2406,bu2406,3430.0,0.0,0.0,0.0,1,3415.0,3430.0,1,3396.0,3420.0,3430.0,3420.0,2.0,68500.0,1916
2023-05-10 21:12:29,bu2406,bu2406,3430.0,0.0,0.0,0.0,1,3415.0,3430.0,1,3396.0,3420.0,3430.0,3420.0,2.0,68500.0,1916
2023-05-10 21:12:32,bu2406,bu2406,3430.0,0.0,0.0,0.0,1,3415.0,3430.0,1,3396.0,3420.0,3430.0,3420.0,2.0,68500.0,1916
2023-05-10 21:12:32,bu2406,bu2406,3430.0,0.0,0.0,0.0,1,3415.0,3430.0,1,3396.0,3420.0,3430.0,3420.0,2.0,68500.0,1916
2023-05-10 21:12:34,bu2406,bu2406,3430.0,0.0,0.0,0.0,1,3415.0,3430.0,1,3396.0,3420.0,3430.0,3420.0,2.0,68500.0,1916
2023-05-10 21:12:35,bu2406,bu2406,3430.0,0.0,0.0,0.0,1,3415.0,3430.0,1,3396.0,3420.0,3430.0,3420.0,2.0,68500.0,1916
2023-05-10 21:12:35,bu2406,bu2406,3430.0,0.0,0.0,0.0,1,3415.0,3430.0,1,3396.0,3420.0,3430.0,3420.0,2.0,68500.0,1916
2023-05-10 21:12:36,bu2406,bu2406,3430.0,0.0,0.0,0.0,1,3415.0,3430.0,1,3396.0,3420.0,3430.0,3420.0,2.0,68500.0,1916
2023-05-10 21:12:36,bu2406,bu2406,3430.0,0.0,0.0,0.0,1,3415.0,3430.0,1,3396.0,3420.0,3430.0,3420.0,2.0,68500.0,1916
2023-05-10 21:12:38,bu2406,bu2406,3430.0,0.0,0.0,0.0,2,3416.0,3430.0,1,3396.0,3420.0,3430.0,3420.0,2.0,68500.0,1916
2023-05-10 21:12:41,bu2406,bu2406,3430.0,0.0,0.0,0.0,2,3416.0,3429.0,1,3396.0,3420.0,3430.0,3420.0,2.0,68500.0,1916
2023-05-10 21:13:20,bu2406,bu2406,3430.0,0.0,0.0,0.0,1,3415.0,3429.0,1,3396.0,3420.0,3430.0,3420.0,2.0,68500.0,1916
2023-05-10 21:13:21,bu2406,bu2406,3430.0,0.0,0.0,0.0,1,3415.0,3428.0,2,3396.0,3420.0,3430.0,3420.0,2.0,68500.0,1916
2023-05-10 21:13:24,bu2406,bu2406,3430.0,0.0,0.0,0.0,1,3415.0,3429.0,1,3396.0,3420.0,3430.0,3420.0,2.0,68500.0,1916
2023-05-10 21:14:04,bu2406,bu2406,3430.0,0.0,0.0,0.0,1,3415.0,3428.0,2,3396.0,3420.0,3430.0,3420.0,2.0,68500.0,1916
2023-05-10 21:14:09,bu2406,bu2406,3430.0,0.0,0.0,0.0,1,3415.0,3429.0,1,3396.0,3420.0,3430.0,3420.0,2.0,68500.0,1916
2023-05-10 21:14:17,bu2406,bu2406,3430.0,0.0,0.0,0.0,1,3415.0,3429.0,2,3396.0,3420.0,3430.0,3420.0,2.0,68500.0,1916
2023-05-10 21:14:19,bu2406,bu2406,3430.0,0.0,0.0,0.0,1,3415.0,3428.0,1,3396.0,3420.0,3430.0,3420.0,2.0,68500.0,1916
2023-05-10 21:14:22,bu2406,bu2406,3430.0,0.0,0.0,0.0,1,3409.0,3428.0,1,3396.0,3420.0,3430.0,3420.0,2.0,68500.0,1916
2023-05-10 21:14:22,bu2406,bu2406,3430.0,0.0,0.0,0.0,1,3410.0,3428.0,1,3396.0,3420.0,3430.0,3420.0,2.0,68500.0,1916
2023-05-10 21:14:27,bu2406,bu2406,3430.0,0.0,0.0,0.0,1,3410.0,3429.0,1,3396.0,3420.0,3430.0,3420.0,2.0,68500.0,1916
2023-05-10 21:14:28,bu2406,bu2406,3430.0,0.0,0.0,0.0,1,3410.0,3429.0,2,3396.0,3420.0,3430.0,3420.0,2.0,68500.0,1916
2023-05-10 21:14:29,bu2406,bu2406,3430.0,0.0,0.0,0.0,1,3410.0,3428.0,1,3396.0,3420.0,3430.0,3420.0,2.0,68500.0,1916
2023-05-10 21:14:32,bu2406,bu2406,3430.0,0.0,0.0,0.0,1,3410.0,3429.0,1,3396.0,3420.0,3430.0,3420.0,2.0,68500.0,1916
2023-05-10 21:14:32,bu2406,bu2406,3430.0,0.0,0.0,0.0,1,3410.0,3428.0,1,3396.0,3420.0,3430.0,3420.0,2.0,68500.0,1916
2023-05-10 21:14:33,bu2406,bu2406,3430.0,0.0,0.0,0.0,1,3410.0,3429.0,1,3396.0,3420.0,3430.0,3420.0,2.0,68500.0,1916
2023-05-10 21:14:33,bu2406,bu2406,3430.0,0.0,0.0,0.0,1,3410.0,3429.0,2,3396.0,3420.0,3430.0,3420.0,2.0,68500.0,1916
2023-05-10 21:14:46,bu2406,bu2406,3430.0,0.0,0.0,0.0,2,3411.0,3429.0,2,3396.0,3420.0,3430.0,3420.0,2.0,68500.0,1916
2023-05-10 21:14:50,bu2406,bu2406,3430.0,0.0,0.0,0.0,2,3411.0,3428.0,1,3396.0,3420.0,3430.0,3420.0,2.0,68500.0,1916
2023-05-10 21:15:14,bu2406,bu2406,3430.0,0.0,0.0,0.0,1,3410.0,3428.0,1,3396.0,3420.0,3430.0,3420.0,2.0,68500.0,1916
2023-05-10 21:15:16,bu2406,bu2406,3430.0,0.0,0.0,0.0,1,3410.0,3428.0,2,3396.0,3420.0,3430.0,3420.0,2.0,68500.0,1916
2023-05-10 21:15:16,bu2406,bu2406,3430.0,0.0,0.0,0.0,1,3410.0,3428.0,2,3396.0,3420.0,3430.0,3420.0,2.0,68500.0,1916
2023-05-10 21:15:20,bu2406,bu2406,3430.0,0.0,0.0,0.0,1,3410.0,3427.0,1,3396.0,3420.0,3430.0,3420.0,2.0,68500.0,1916
2023-05-10 21:15:21,bu2406,bu2406,3430.0,0.0,0.0,0.0,1,3410.0,3426.0,1,3396.0,3420.0,3430.0,3420.0,2.0,68500.0,1916
2023-05-10 21:15:22,bu2406,bu2406,3430.0,0.0,0.0,0.0,1,3410.0,3426.0,2,3396.0,3420.0,3430.0,3420.0,2.0,68500.0,1916
2023-05-10 21:15:28,bu2406,bu2406,3430.0,0.0,0.0,0.0,1,3410.0,3425.0,2,3396.0,3420.0,3430.0,3420.0,2.0,68500.0,1916
2023-05-10 21:15:28,bu2406,bu2406,3430.0,0.0,0.0,0.0,1,3410.0,3424.0,1,3396.0,3420.0,3430.0,3420.0,2.0,68500.0,1916
2023-05-10 21:15:29,bu2406,bu2406,3430.0,0.0,0.0,0.0,1,3410.0,3424.0,2,3396.0,3420.0,3430.0,3420.0,2.0,68500.0,1916
2023-05-10 21:15:33,bu2406,bu2406,3430.0,0.0,0.0,0.0,1,3405.0,3424.0,2,3396.0,3420.0,3430.0,3420.0,2.0,68500.0,1916
2023-05-10 21:15:34,bu2406,bu2406,3430.0,0.0,0.0,0.0,1,3406.0,3424.0,2,3396.0,3420.0,3430.0,3420.0,2.0,68500.0,1916
2023-05-10 21:15:42,bu2406,bu2406,3430.0,0.0,0.0,0.0,1,3406.0,3424.0,2,3396.0,3420.0,3430.0,3420.0,2.0,68500.0,1916
2023-05-10 21:16:05,bu2406,bu2406,3430.0,0.0,0.0,0.0,1,3406.0,3424.0,2,3396.0,3420.0,3430.0,3420.0,2.0,68500.0,1916
2023-05-10 21:16:07,bu2406,bu2406,3430.0,0.0,0.0,0.0,1,3406.0,3424.0,2,3396.0,3420.0,3430.0,3420.0,2.0,68500.0,1916
2023-05-10 21:16:09,bu2406,bu2406,3430.0,0.0,0.0,0.0,1,3406.0,3424.0,2,3396.0,3420.0,3430.0,3420.0,2.0,68500.0,1916
2023-05-10 21:16:11,bu2406,bu2406,3430.0,0.0,0.0,0.0,1,3401.0,3423.0,1,3396.0,3420.0,3430.0,3420.0,2.0,68500.0,1916
2023-05-10 21:16:11,bu2406,bu2406,3430.0,0.0,0.0,0.0,1,3402.0,3422.0,1,3396.0,3420.0,3430.0,3420.0,2.0,68500.0,1916
2023-05-10 21:16:12,bu2406,bu2406,3430.0,0.0,0.0,0.0,1,3402.0,3422.0,1,3396.0,3420.0,3430.0,3420.0,2.0,68500.0,1916
2023-05-10 21:16:12,bu2406,bu2406,3430.0,0.0,0.0,0.0,1,3402.0,3421.0,2,3396.0,3420.0,3430.0,3420.0,2.0,68500.0,1916
2023-05-10 21:16:13,bu2406,bu2406,3430.0,0.0,0.0,0.0,1,3402.0,3420.0,1,3396.0,3420.0,3430.0,3420.0,2.0,68500.0,1916
2023-05-10 21:16:14,bu2406,bu2406,3430.0,0.0,0.0,0.0,1,3402.0,3420.0,2,3396.0,3420.0,3430.0,3420.0,2.0,68500.0,1916
2023-05-10 21:16:18,bu2406,bu2406,3430.0,0.0,0.0,0.0,1,3402.0,3420.0,2,3396.0,3420.0,3430.0,3420.0,2.0,68500.0,1916
2023-05-10 21:16:37,bu2406,bu2406,3430.0,0.0,0.0,0.0,1,3402.0,3420.0,2,3396.0,3420.0,3430.0,3420.0,2.0,68500.0,1916
2023-05-10 21:16:39,bu2406,bu2406,3430.0,0.0,0.0,0.0,1,3402.0,3420.0,2,3396.0,3420.0,3430.0,3420.0,2.0,68500.0,1916
2023-05-10 21:16:52,bu2406,bu2406,3430.0,0.0,0.0,0.0,1,3402.0,3420.0,2,3396.0,3420.0,3430.0,3420.0,2.0,68500.0,1916
2023-05-10 21:16:57,bu2406,bu2406,3430.0,0.0,0.0,0.0,2,3403.0,3420.0,2,3396.0,3420.0,3430.0,3420.0,2.0,68500.0,1916
2023-05-10 21:17:04,bu2406,bu2406,3430.0,0.0,0.0,0.0,1,3402.0,3420.0,2,3396.0,3420.0,3430.0,3420.0,2.0,68500.0,1916
2023-05-10 21:17:09,bu2406,bu2406,3430.0,0.0,0.0,0.0,1,3402.0,3420.0,2,3396.0,3420.0,3430.0,3420.0,2.0,68500.0,1916
2023-05-10 21:17:40,bu2406,bu2406,3430.0,0.0,0.0,0.0,1,3402.0,3419.0,2,3396.0,3420.0,3430.0,3420.0,2.0,68500.0,1916
2023-05-10 21:17:40,bu2406,bu2406,3430.0,0.0,0.0,0.0,1,3402.0,3418.0,1,3396.0,3420.0,3430.0,3420.0,2.0,68500.0,1916
2023-05-10 21:17:41,bu2406,bu2406,3430.0,0.0,0.0,0.0,1,3402.0,3418.0,2,3396.0,3420.0,3430.0,3420.0,2.0,68500.0,1916
2023-05-10 21:18:00,bu2406,bu2406,3430.0,0.0,0.0,0.0,1,3403.0,3418.0,2,3396.0,3420.0,3430.0,3420.0,2.0,68500.0,1916
2023-05-10 21:18:13,bu2406,bu2406,3430.0,0.0,0.0,0.0,1,3403.0,3417.0,1,3396.0,3420.0,3430.0,3420.0,2.0,68500.0,1916
2023-05-10 21:18:13,bu2406,bu2406,3430.0,0.0,0.0,0.0,1,3403.0,3417.0,1,3396.0,3420.0,3430.0,3420.0,2.0,68500.0,1916
2023-05-10 21:18:14,bu2406,bu2406,3430.0,0.0,0.0,0.0,1,3403.0,3417.0,1,3396.0,3420.0,3430.0,3420.0,2.0,68500.0,1916
2023-05-10 21:18:15,bu2406,bu2406,3430.0,0.0,0.0,0.0,1,3403.0,3417.0,2,3396.0,3420.0,3430.0,3420.0,2.0,68500.0,1916
2023-05-10 21:18:15,bu2406,bu2406,3430.0,0.0,0.0,0.0,1,3403.0,3417.0,1,3396.0,3420.0,3430.0,3420.0,2.0,68500.0,1916
2023-05-10 21:18:21,bu2406,bu2406,3430.0,0.0,0.0,0.0,1,3403.0,3417.0,2,3396.0,3420.0,3430.0,3420.0,2.0,68500.0,1916
2023-05-10 21:18:22,bu2406,bu2406,3430.0,0.0,0.0,0.0,1,3403.0,3417.0,1,3396.0,3420.0,3430.0,3420.0,2.0,68500.0,1916
2023-05-10 21:18:23,bu2406,bu2406,3430.0,0.0,0.0,0.0,2,3404.0,3417.0,2,3396.0,3420.0,3430.0,3420.0,2.0,68500.0,1916
2023-05-10 21:18:24,bu2406,bu2406,3430.0,0.0,0.0,0.0,2,3404.0,3417.0,2,3396.0,3420.0,3430.0,3420.0,2.0,68500.0,1916
2023-05-10 21:18:24,bu2406,bu2406,3430.0,0.0,0.0,0.0,2,3404.0,3417.0,1,3396.0,3420.0,3430.0,3420.0,2.0,68500.0,1916
2023-05-10 21:18:25,bu2406,bu2406,3430.0,0.0,0.0,0.0,1,3405.0,3417.0,1,3396.0,3420.0,3430.0,3420.0,2.0,68500.0,1916
2023-05-10 21:18:35,bu2406,bu2406,3430.0,0.0,0.0,0.0,1,3405.0,3430.0,1,3396.0,3420.0,3430.0,3420.0,2.0,68500.0,1916
2023-05-10 21:18:36,bu2406,bu2406,3430.0,0.0,0.0,0.0,1,3405.0,3428.0,1,3396.0,3420.0,3430.0,3420.0,2.0,68500.0,1916
2023-05-10 21:18:36,bu2406,bu2406,3430.0,0.0,0.0,0.0,1,3405.0,3427.0,1,3396.0,3420.0,3430.0,3420.0,2.0,68500.0,1916
2023-05-10 21:18:37,bu2406,bu2406,3430.0,0.0,0.0,0.0,1,3405.0,3427.0,1,3396.0,3420.0,3430.0,3420.0,2.0,68500.0,1916
2023-05-10 21:18:37,bu2406,bu2406,3430.0,0.0,0.0,0.0,1,3405.0,3427.0,4,3396.0,3420.0,3430.0,3420.0,2.0,68500.0,1916
2023-05-10 21:18:40,bu2406,bu2406,3430.0,0.0,0.0,0.0,1,3405.0,3426.0,1,3396.0,3420.0,3430.0,3420.0,2.0,68500.0,1916
2023-05-10 21:18:40,bu2406,bu2406,3430.0,0.0,0.0,0.0,1,3405.0,3425.0,1,3396.0,3420.0,3430.0,3420.0,2.0,68500.0,1916
2023-05-10 21:18:41,bu2406,bu2406,3430.0,0.0,0.0,0.0,1,3405.0,3425.0,1,3396.0,3420.0,3430.0,3420.0,2.0,68500.0,1916
2023-05-10 21:18:41,bu2406,bu2406,3430.0,0.0,0.0,0.0,1,3405.0,3425.0,2,3396.0,3420.0,3430.0,3420.0,2.0,68500.0,1916
2023-05-10 21:18:42,bu2406,bu2406,3430.0,0.0,0.0,0.0,1,3405.0,3425.0,2,3396.0,3420.0,3430.0,3420.0,2.0,68500.0,1916
2023-05-10 21:19:06,bu2406,bu2406,3430.0,0.0,0.0,0.0,1,3405.0,3424.0,2,3396.0,3420.0,3430.0,3420.0,2.0,68500.0,1916
2023-05-10 21:19:07,bu2406,bu2406,3430.0,0.0,0.0,0.0,1,3405.0,3423.0,1,3396.0,3420.0,3430.0,3420.0,2.0,68500.0,1916
2023-05-10 21:19:08,bu2406,bu2406,3430.0,0.0,0.0,0.0,1,3405.0,3423.0,2,3396.0,3420.0,3430.0,3420.0,2.0,68500.0,1916
2023-05-10 21:19:08,bu2406,bu2406,3430.0,0.0,0.0,0.0,1,3405.0,3423.0,1,3396.0,3420.0,3430.0,3420.0,2.0,68500.0,1916
2023-05-10 21:19:09,bu2406,bu2406,3430.0,0.0,0.0,0.0,1,3405.0,3423.0,2,3396.0,3420.0,3430.0,3420.0,2.0,68500.0,1916
2023-05-10 21:19:19,bu2406,bu2406,3430.0,0.0,0.0,0.0,1,3405.0,3423.0,1,3396.0,3420.0,3430.0,3420.0,2.0,68500.0,1916
2023-05-10 21:19:20,bu2406,bu2406,3430.0,0.0,0.0,0.0,1,3405.0,3423.0,1,3396.0,3420.0,3430.0,3420.0,2.0,68500.0,1916
2023-05-10 21:19:24,bu2406,bu2406,3430.0,0.0,0.0,0.0,1,3405.0,3423.0,2,3396.0,3420.0,3430.0,3420.0,2.0,68500.0,1916
2023-05-10 21:19:27,bu2406,bu2406,3430.0,0.0,0.0,0.0,1,3405.0,3423.0,1,3396.0,3420.0,3430.0,3420.0,2.0,68500.0,1916
2023-05-10 21:19:28,bu2406,bu2406,3430.0,0.0,0.0,0.0,1,3405.0,3427.0,2,3396.0,3420.0,3430.0,3420.0,2.0,68500.0,1916
2023-05-10 21:19:29,bu2406,bu2406,3430.0,0.0,0.0,0.0,1,3405.0,3426.0,1,3396.0,3420.0,3430.0,3420.0,2.0,68500.0,1916
2023-05-10 21:19:29,bu2406,bu2406,3430.0,0.0,0.0,0.0,1,3405.0,3426.0,1,3396.0,3420.0,3430.0,3420.0,2.0,68500.0,1916
2023-05-10 21:19:30,bu2406,bu2406,3430.0,0.0,0.0,0.0,1,3405.0,3426.0,2,3396.0,3420.0,3430.0,3420.0,2.0,68500.0,1916
2023-05-10 21:19:45,bu2406,bu2406,3430.0,0.0,0.0,0.0,1,3406.0,3426.0,2,3396.0,3420.0,3430.0,3420.0,2.0,68500.0,1916
2023-05-10 21:19:46,bu2406,bu2406,3430.0,0.0,0.0,0.0,1,3405.0,3426.0,2,3396.0,3420.0,3430.0,3420.0,2.0,68500.0,1916
2023-05-10 21:19:46,bu2406,bu2406,3430.0,0.0,0.0,0.0,1,3405.0,3426.0,2,3396.0,3420.0,3430.0,3420.0,2.0,68500.0,1916
2023-05-10 21:19:50,bu2406,bu2406,3430.0,0.0,0.0,0.0,3,3406.0,3426.0,2,3396.0,3420.0,3430.0,3420.0,2.0,68500.0,1916
2023-05-10 21:19:51,bu2406,bu2406,3430.0,0.0,0.0,0.0,2,3406.0,3426.0,2,3396.0,3420.0,3430.0,3420.0,2.0,68500.0,1916
2023-05-10 21:20:15,bu2406,bu2406,3430.0,0.0,0.0,0.0,2,3406.0,3426.0,1,3396.0,3420.0,3430.0,3420.0,2.0,68500.0,1916
2023-05-10 21:20:39,bu2406,bu2406,3430.0,0.0,0.0,0.0,2,3406.0,3426.0,2,3396.0,3420.0,3430.0,3420.0,2.0,68500.0,1916
2023-05-10 21:20:57,bu2406,bu2406,3430.0,0.0,0.0,0.0,1,3405.0,3426.0,2,3396.0,3420.0,3430.0,3420.0,2.0,68500.0,1916
2023-05-10 21:21:16,bu2406,bu2406,3430.0,0.0,0.0,0.0,1,3405.0,3426.0,2,3396.0,3420.0,3430.0,3420.0,2.0,68500.0,1916
2023-05-10 21:21:16,bu2406,bu2406,3430.0,0.0,0.0,0.0,1,3405.0,3425.0,4,3396.0,3420.0,3430.0,3420.0,2.0,68500.0,1916
2023-05-10 21:21:17,bu2406,bu2406,3430.0,0.0,0.0,0.0,1,3405.0,3424.0,1,3396.0,3420.0,3430.0,3420.0,2.0,68500.0,1916
2023-05-10 21:21:18,bu2406,bu2406,3430.0,0.0,0.0,0.0,1,3405.0,3424.0,2,3396.0,3420.0,3430.0,3420.0,2.0,68500.0,1916
2023-05-10 21:21:19,bu2406,bu2406,3430.0,0.0,0.0,0.0,1,3405.0,3424.0,2,3396.0,3420.0,3430.0,3420.0,2.0,68500.0,1916
2023-05-10 21:21:24,bu2406,bu2406,3430.0,0.0,0.0,0.0,1,3405.0,3424.0,4,3396.0,3420.0,3430.0,3420.0,2.0,68500.0,1916
2023-05-10 21:21:31,bu2406,bu2406,3430.0,0.0,0.0,0.0,1,3405.0,3424.0,2,3396.0,3420.0,3430.0,3420.0,2.0,68500.0,1916
2023-05-10 21:21:32,bu2406,bu2406,3430.0,0.0,0.0,0.0,1,3405.0,3423.0,2,3396.0,3420.0,3430.0,3420.0,2.0,68500.0,1916
2023-05-10 21:21:32,bu2406,bu2406,3430.0,0.0,0.0,0.0,1,3405.0,3422.0,1,3396.0,3420.0,3430.0,3420.0,2.0,68500.0,1916
2023-05-10 21:21:37,bu2406,bu2406,3430.0,0.0,0.0,0.0,1,3405.0,3422.0,2,3396.0,3420.0,3430.0,3420.0,2.0,68500.0,1916
2023-05-10 21:21:38,bu2406,bu2406,3430.0,0.0,0.0,0.0,1,3405.0,3422.0,2,3396.0,3420.0,3430.0,3420.0,2.0,68500.0,1916
2023-05-10 21:21:40,bu2406,bu2406,3430.0,0.0,0.0,0.0,1,3397.0,3422.0,2,3396.0,3420.0,3430.0,3420.0,2.0,68500.0,1916
2023-05-10 21:21:40,bu2406,bu2406,3430.0,0.0,0.0,0.0,2,3398.0,3422.0,2,3396.0,3420.0,3430.0,3420.0,2.0,68500.0,1916
2023-05-10 21:21:41,bu2406,bu2406,3430.0,0.0,0.0,0.0,1,3399.0,3422.0,4,3396.0,3420.0,3430.0,3420.0,2.0,68500.0,1916
2023-05-10 21:21:41,bu2406,bu2406,3430.0,0.0,0.0,0.0,2,3399.0,3422.0,4,3396.0,3420.0,3430.0,3420.0,2.0,68500.0,1916
2023-05-10 21:21:46,bu2406,bu2406,3430.0,0.0,0.0,0.0,2,3399.0,3422.0,2,3396.0,3420.0,3430.0,3420.0,2.0,68500.0,1916
2023-05-10 21:21:46,bu2406,bu2406,3430.0,0.0,0.0,0.0,2,3399.0,3421.0,2,3396.0,3420.0,3430.0,3420.0,2.0,68500.0,1916
2023-05-10 21:21:47,bu2406,bu2406,3430.0,0.0,0.0,0.0,2,3399.0,3420.0,1,3396.0,3420.0,3430.0,3420.0,2.0,68500.0,1916
2023-05-10 21:21:50,bu2406,bu2406,3430.0,0.0,0.0,0.0,2,3399.0,3420.0,1,3396.0,3420.0,3430.0,3420.0,2.0,68500.0,1916
2023-05-10 21:21:51,bu2406,bu2406,3430.0,0.0,0.0,0.0,2,3399.0,3420.0,2,3396.0,3420.0,3430.0,3420.0,2.0,68500.0,1916
2023-05-10 21:21:51,bu2406,bu2406,3430.0,0.0,0.0,0.0,1,3399.0,3420.0,2,3396.0,3420.0,3430.0,3420.0,2.0,68500.0,1916
2023-05-10 21:21:52,bu2406,bu2406,3430.0,0.0,0.0,0.0,1,3400.0,3420.0,2,3396.0,3420.0,3430.0,3420.0,2.0,68500.0,1916
2023-05-10 21:21:53,bu2406,bu2406,3430.0,0.0,0.0,0.0,1,3399.0,3420.0,1,3396.0,3420.0,3430.0,3420.0,2.0,68500.0,1916
2023-05-10 21:21:53,bu2406,bu2406,3430.0,0.0,0.0,0.0,2,3400.0,3420.0,1,3396.0,3420.0,3430.0,3420.0,2.0,68500.0,1916
2023-05-10 21:21:54,bu2406,bu2406,3430.0,0.0,0.0,0.0,1,3400.0,3420.0,1,3396.0,3420.0,3430.0,3420.0,2.0,68500.0,1916
2023-05-10 21:21:58,bu2406,bu2406,3430.0,0.0,0.0,0.0,1,3400.0,3420.0,2,3396.0,3420.0,3430.0,3420.0,2.0,68500.0,1916
2023-05-10 21:21:59,bu2406,bu2406,3430.0,0.0,0.0,0.0,2,3401.0,3420.0,2,3396.0,3420.0,3430.0,3420.0,2.0,68500.0,1916
2023-05-10 21:22:13,bu2406,bu2406,3430.0,0.0,0.0,0.0,2,3401.0,3419.0,1,3396.0,3420.0,3430.0,3420.0,2.0,68500.0,1916
2023-05-10 21:22:13,bu2406,bu2406,3430.0,0.0,0.0,0.0,2,3401.0,3418.0,1,3396.0,3420.0,3430.0,3420.0,2.0,68500.0,1916
2023-05-10 21:22:19,bu2406,bu2406,3430.0,0.0,0.0,0.0,2,3401.0,3418.0,1,3396.0,3420.0,3430.0,3420.0,2.0,68500.0,1916
2023-05-10 21:22:46,bu2406,bu2406,3430.0,0.0,0.0,0.0,2,3401.0,3418.0,1,3396.0,3420.0,3430.0,3420.0,2.0,68500.0,1916
2023-05-10 21:23:26,bu2406,bu2406,3430.0,0.0,0.0,0.0,2,3401.0,3430.0,1,3396.0,3420.0,3430.0,3420.0,2.0,68500.0,1916
2023-05-10 21:23:26,bu2406,bu2406,3430.0,0.0,0.0,0.0,2,3401.0,3428.0,1,3396.0,3420.0,3430.0,3420.0,2.0,68500.0,1916
2023-05-10 21:23:27,bu2406,bu2406,3430.0,0.0,0.0,0.0,2,3401.0,3427.0,1,3396.0,3420.0,3430.0,3420.0,2.0,68500.0,1916
2023-05-10 21:23:27,bu2406,bu2406,3430.0,0.0,0.0,0.0,2,3401.0,3427.0,1,3396.0,3420.0,3430.0,3420.0,2.0,68500.0,1916
2023-05-10 21:23:28,bu2406,bu2406,3430.0,0.0,0.0,0.0,2,3401.0,3427.0,2,3396.0,3420.0,3430.0,3420.0,2.0,68500.0,1916
2023-05-10 21:23:28,bu2406,bu2406,3430.0,0.0,0.0,0.0,1,3400.0,3427.0,2,3396.0,3420.0,3430.0,3420.0,2.0,68500.0,1916
2023-05-10 21:23:30,bu2406,bu2406,3430.0,0.0,0.0,0.0,1,3400.0,3426.0,1,3396.0,3420.0,3430.0,3420.0,2.0,68500.0,1916
2023-05-10 21:23:30,bu2406,bu2406,3430.0,0.0,0.0,0.0,1,3400.0,3425.0,1,3396.0,3420.0,3430.0,3420.0,2.0,68500.0,1916
2023-05-10 21:23:31,bu2406,bu2406,3430.0,0.0,0.0,0.0,1,3400.0,3425.0,1,3396.0,3420.0,3430.0,3420.0,2.0,68500.0,1916
2023-05-10 21:23:31,bu2406,bu2406,3430.0,0.0,0.0,0.0,1,3400.0,3425.0,2,3396.0,3420.0,3430.0,3420.0,2.0,68500.0,1916
2023-05-10 21:23:32,bu2406,bu2406,3430.0,0.0,0.0,0.0,1,3400.0,3425.0,2,3396.0,3420.0,3430.0,3420.0,2.0,68500.0,1916
2023-05-10 21:23:33,bu2406,bu2406,3430.0,0.0,0.0,0.0,1,3400.0,3424.0,2,3396.0,3420.0,3430.0,3420.0,2.0,68500.0,1916
2023-05-10 21:23:33,bu2406,bu2406,3430.0,0.0,0.0,0.0,1,3400.0,3423.0,1,3396.0,3420.0,3430.0,3420.0,2.0,68500.0,1916
2023-05-10 21:23:34,bu2406,bu2406,3430.0,0.0,0.0,0.0,1,3400.0,3423.0,2,3396.0,3420.0,3430.0,3420.0,2.0,68500.0,1916
2023-05-10 21:23:34,bu2406,bu2406,3430.0,0.0,0.0,0.0,1,3400.0,3423.0,3,3396.0,3420.0,3430.0,3420.0,2.0,68500.0,1916
2023-05-10 21:23:39,bu2406,bu2406,3430.0,0.0,0.0,0.0,1,3400.0,3423.0,3,3396.0,3420.0,3430.0,3420.0,2.0,68500.0,1916
2023-05-10 21:23:40,bu2406,bu2406,3430.0,0.0,0.0,0.0,1,3400.0,3422.0,2,3396.0,3420.0,3430.0,3420.0,2.0,68500.0,1916
2023-05-10 21:23:40,bu2406,bu2406,3430.0,0.0,0.0,0.0,1,3401.0,3421.0,1,3396.0,3420.0,3430.0,3420.0,2.0,68500.0,1916
2023-05-10 21:23:41,bu2406,bu2406,3430.0,0.0,0.0,0.0,1,3400.0,3421.0,1,3396.0,3420.0,3430.0,3420.0,2.0,68500.0,1916
2023-05-10 21:23:41,bu2406,bu2406,3430.0,0.0,0.0,0.0,1,3400.0,3421.0,2,3396.0,3420.0,3430.0,3420.0,2.0,68500.0,1916
2023-05-10 21:23:42,bu2406,bu2406,3430.0,0.0,0.0,0.0,1,3401.0,3421.0,2,3396.0,3420.0,3430.0,3420.0,2.0,68500.0,1916
2023-05-10 21:23:43,bu2406,bu2406,3430.0,0.0,0.0,0.0,1,3401.0,3421.0,1,3396.0,3420.0,3430.0,3420.0,2.0,68500.0,1916
2023-05-10 21:23:43,bu2406,bu2406,3430.0,0.0,0.0,0.0,1,3400.0,3421.0,1,3396.0,3420.0,3430.0,3420.0,2.0,68500.0,1916
2023-05-10 21:23:44,bu2406,bu2406,3430.0,0.0,0.0,0.0,1,3401.0,3421.0,3,3396.0,3420.0,3430.0,3420.0,2.0,68500.0,1916
2023-05-10 21:23:44,bu2406,bu2406,3430.0,0.0,0.0,0.0,1,3400.0,3421.0,3,3396.0,3420.0,3430.0,3420.0,2.0,68500.0,1916
2023-05-10 21:23:45,bu2406,bu2406,3430.0,0.0,0.0,0.0,1,3401.0,3421.0,3,3396.0,3420.0,3430.0,3420.0,2.0,68500.0,1916
2023-05-10 21:23:46,bu2406,bu2406,3430.0,0.0,0.0,0.0,1,3400.0,3421.0,3,3396.0,3420.0,3430.0,3420.0,2.0,68500.0,1916
2023-05-10 21:23:46,bu2406,bu2406,3430.0,0.0,0.0,0.0,1,3401.0,3421.0,3,3396.0,3420.0,3430.0,3420.0,2.0,68500.0,1916
2023-05-10 21:23:47,bu2406,bu2406,3430.0,0.0,0.0,0.0,1,3400.0,3421.0,3,3396.0,3420.0,3430.0,3420.0,2.0,68500.0,1916
2023-05-10 21:23:48,bu2406,bu2406,3430.0,0.0,0.0,0.0,1,3401.0,3421.0,3,3396.0,3420.0,3430.0,3420.0,2.0,68500.0,1916
2023-05-10 21:23:49,bu2406,bu2406,3430.0,0.0,0.0,0.0,1,3400.0,3421.0,3,3396.0,3420.0,3430.0,3420.0,2.0,68500.0,1916
2023-05-10 21:23:49,bu2406,bu2406,3430.0,0.0,0.0,0.0,1,3401.0,3421.0,3,3396.0,3420.0,3430.0,3420.0,2.0,68500.0,1916
2023-05-10 21:23:50,bu2406,bu2406,3430.0,0.0,0.0,0.0,1,3400.0,3421.0,3,3396.0,3420.0,3430.0,3420.0,2.0,68500.0,1916
2023-05-10 21:23:51,bu2406,bu2406,3430.0,0.0,0.0,0.0,1,3401.0,3421.0,3,3396.0,3420.0,3430.0,3420.0,2.0,68500.0,1916
2023-05-10 21:23:51,bu2406,bu2406,3430.0,0.0,0.0,0.0,1,3400.0,3421.0,3,3396.0,3420.0,3430.0,3420.0,2.0,68500.0,1916
2023-05-10 21:23:52,bu2406,bu2406,3430.0,0.0,0.0,0.0,1,3401.0,3421.0,3,3396.0,3420.0,3430.0,3420.0,2.0,68500.0,1916
2023-05-10 21:23:53,bu2406,bu2406,3430.0,0.0,0.0,0.0,1,3400.0,3421.0,3,3396.0,3420.0,3430.0,3420.0,2.0,68500.0,1916
2023-05-10 21:23:53,bu2406,bu2406,3430.0,0.0,0.0,0.0,1,3401.0,3421.0,3,3396.0,3420.0,3430.0,3420.0,2.0,68500.0,1916
2023-05-10 21:23:54,bu2406,bu2406,3430.0,0.0,0.0,0.0,1,3400.0,3421.0,3,3396.0,3420.0,3430.0,3420.0,2.0,68500.0,1916
2023-05-10 21:23:55,bu2406,bu2406,3430.0,0.0,0.0,0.0,1,3401.0,3421.0,3,3396.0,3420.0,3430.0,3420.0,2.0,68500.0,1916
2023-05-10 21:23:56,bu2406,bu2406,3430.0,0.0,0.0,0.0,1,3400.0,3421.0,3,3396.0,3420.0,3430.0,3420.0,2.0,68500.0,1916
2023-05-10 21:23:56,bu2406,bu2406,3430.0,0.0,0.0,0.0,1,3401.0,3421.0,3,3396.0,3420.0,3430.0,3420.0,2.0,68500.0,1916
2023-05-10 21:23:57,bu2406,bu2406,3430.0,0.0,0.0,0.0,1,3400.0,3421.0,3,3396.0,3420.0,3430.0,3420.0,2.0,68500.0,1916
2023-05-10 21:23:58,bu2406,bu2406,3430.0,0.0,0.0,0.0,1,3401.0,3421.0,3,3396.0,3420.0,3430.0,3420.0,2.0,68500.0,1916
2023-05-10 21:23:59,bu2406,bu2406,3430.0,0.0,0.0,0.0,1,3400.0,3421.0,3,3396.0,3420.0,3430.0,3420.0,2.0,68500.0,1916
2023-05-10 21:23:59,bu2406,bu2406,3430.0,0.0,0.0,0.0,1,3401.0,3421.0,3,3396.0,3420.0,3430.0,3420.0,2.0,68500.0,1916
2023-05-10 21:24:00,bu2406,bu2406,3430.0,0.0,0.0,0.0,1,3400.0,3421.0,3,3396.0,3420.0,3430.0,3420.0,2.0,68500.0,1916
2023-05-10 21:24:01,bu2406,bu2406,3430.0,0.0,0.0,0.0,1,3401.0,3421.0,3,3396.0,3420.0,3430.0,3420.0,2.0,68500.0,1916
2023-05-10 21:24:01,bu2406,bu2406,3430.0,0.0,0.0,0.0,1,3400.0,3421.0,3,3396.0,3420.0,3430.0,3420.0,2.0,68500.0,1916
2023-05-10 21:24:02,bu2406,bu2406,3430.0,0.0,0.0,0.0,1,3401.0,3421.0,3,3396.0,3420.0,3430.0,3420.0,2.0,68500.0,1916
2023-05-10 21:24:03,bu2406,bu2406,3430.0,0.0,0.0,0.0,1,3400.0,3421.0,3,3396.0,3420.0,3430.0,3420.0,2.0,68500.0,1916
2023-05-10 21:24:04,bu2406,bu2406,3430.0,0.0,0.0,0.0,1,3401.0,3421.0,3,3396.0,3420.0,3430.0,3420.0,2.0,68500.0,1916
2023-05-10 21:24:08,bu2406,bu2406,3430.0,0.0,0.0,0.0,2,3402.0,3421.0,3,3396.0,3420.0,3430.0,3420.0,2.0,68500.0,1916
2023-05-10 21:24:08,bu2406,bu2406,3430.0,0.0,0.0,0.0,2,3402.0,3421.0,3,3396.0,3420.0,3430.0,3420.0,2.0,68500.0,1916
2023-05-10 21:24:09,bu2406,bu2406,3430.0,0.0,0.0,0.0,1,3403.0,3421.0,3,3396.0,3420.0,3430.0,3420.0,2.0,68500.0,1916
2023-05-10 21:24:14,bu2406,bu2406,3430.0,0.0,0.0,0.0,1,3403.0,3421.0,1,3396.0,3420.0,3430.0,3420.0,2.0,68500.0,1916
2023-05-10 21:24:23,bu2406,bu2406,3430.0,0.0,0.0,0.0,1,3403.0,3421.0,1,3396.0,3420.0,3430.0,3420.0,2.0,68500.0,1916
2023-05-10 21:24:24,bu2406,bu2406,3430.0,0.0,0.0,0.0,1,3403.0,3430.0,1,3396.0,3420.0,3430.0,3420.0,2.0,68500.0,1916
2023-05-10 21:24:24,bu2406,bu2406,3430.0,0.0,0.0,0.0,1,3403.0,3429.0,2,3396.0,3420.0,3430.0,3420.0,2.0,68500.0,1916
2023-05-10 21:24:25,bu2406,bu2406,3430.0,0.0,0.0,0.0,1,3403.0,3429.0,2,3396.0,3420.0,3430.0,3420.0,2.0,68500.0,1916
2023-05-10 21:24:26,bu2406,bu2406,3430.0,0.0,0.0,0.0,1,3403.0,3429.0,3,3396.0,3420.0,3430.0,3420.0,2.0,68500.0,1916
2023-05-10 21:24:26,bu2406,bu2406,3430.0,0.0,0.0,0.0,1,3403.0,3428.0,2,3396.0,3420.0,3430.0,3420.0,2.0,68500.0,1916
2023-05-10 21:24:27,bu2406,bu2406,3430.0,0.0,0.0,0.0,1,3403.0,3427.0,1,3396.0,3420.0,3430.0,3420.0,2.0,68500.0,1916
2023-05-10 21:24:28,bu2406,bu2406,3430.0,0.0,0.0,0.0,1,3403.0,3427.0,2,3396.0,3420.0,3430.0,3420.0,2.0,68500.0,1916
2023-05-10 21:24:34,bu2406,bu2406,3430.0,0.0,0.0,0.0,1,3403.0,3427.0,2,3396.0,3420.0,3430.0,3420.0,2.0,68500.0,1916
2023-05-10 21:24:35,bu2406,bu2406,3430.0,0.0,0.0,0.0,1,3403.0,3426.0,2,3396.0,3420.0,3430.0,3420.0,2.0,68500.0,1916
2023-05-10 21:24:35,bu2406,bu2406,3430.0,0.0,0.0,0.0,1,3403.0,3425.0,1,3396.0,3420.0,3430.0,3420.0,2.0,68500.0,1916
2023-05-10 21:24:36,bu2406,bu2406,3430.0,0.0,0.0,0.0,1,3403.0,3425.0,2,3396.0,3420.0,3430.0,3420.0,2.0,68500.0,1916
2023-05-10 21:24:38,bu2406,bu2406,3430.0,0.0,0.0,0.0,1,3403.0,3425.0,2,3396.0,3420.0,3430.0,3420.0,2.0,68500.0,1916
2023-05-10 21:24:39,bu2406,bu2406,3430.0,0.0,0.0,0.0,1,3403.0,3424.0,2,3396.0,3420.0,3430.0,3420.0,2.0,68500.0,1916
2023-05-10 21:24:39,bu2406,bu2406,3430.0,0.0,0.0,0.0,1,3403.0,3423.0,1,3396.0,3420.0,3430.0,3420.0,2.0,68500.0,1916
2023-05-10 21:24:40,bu2406,bu2406,3430.0,0.0,0.0,0.0,1,3403.0,3423.0,2,3396.0,3420.0,3430.0,3420.0,2.0,68500.0,1916
2023-05-10 21:24:44,bu2406,bu2406,3430.0,0.0,0.0,0.0,1,3403.0,3422.0,1,3396.0,3420.0,3430.0,3420.0,2.0,68500.0,1916
2023-05-10 21:24:45,bu2406,bu2406,3430.0,0.0,0.0,0.0,1,3403.0,3421.0,1,3396.0,3420.0,3430.0,3420.0,2.0,68500.0,1916
2023-05-10 21:24:50,bu2406,bu2406,3430.0,0.0,0.0,0.0,2,3404.0,3421.0,1,3396.0,3420.0,3430.0,3420.0,2.0,68500.0,1916
2023-05-10 21:24:51,bu2406,bu2406,3430.0,0.0,0.0,0.0,2,3404.0,3421.0,1,3396.0,3420.0,3430.0,3420.0,2.0,68500.0,1916
2023-05-10 21:24:59,bu2406,bu2406,3430.0,0.0,0.0,0.0,1,3403.0,3421.0,1,3396.0,3420.0,3430.0,3420.0,2.0,68500.0,1916
2023-05-10 21:25:00,bu2406,bu2406,3430.0,0.0,0.0,0.0,1,3403.0,3421.0,3,3396.0,3420.0,3430.0,3420.0,2.0,68500.0,1916
2023-05-10 21:25:35,bu2406,bu2406,3430.0,0.0,0.0,0.0,1,3403.0,3420.0,2,3396.0,3420.0,3430.0,3420.0,2.0,68500.0,1916
2023-05-10 21:25:35,bu2406,bu2406,3430.0,0.0,0.0,0.0,1,3403.0,3419.0,1,3396.0,3420.0,3430.0,3420.0,2.0,68500.0,1916
2023-05-10 21:25:55,bu2406,bu2406,3430.0,0.0,0.0,0.0,1,3403.0,3419.0,1,3396.0,3420.0,3430.0,3420.0,2.0,68500.0,1916
2023-05-10 21:25:55,bu2406,bu2406,3430.0,0.0,0.0,0.0,1,3403.0,3419.0,3,3396.0,3420.0,3430.0,3420.0,2.0,68500.0,1916
2023-05-10 21:25:56,bu2406,bu2406,3430.0,0.0,0.0,0.0,1,3403.0,3419.0,4,3396.0,3420.0,3430.0,3420.0,2.0,68500.0,1916
2023-05-10 21:26:03,bu2406,bu2406,3430.0,0.0,0.0,0.0,1,3403.0,3419.0,1,3396.0,3420.0,3430.0,3420.0,2.0,68500.0,1916
2023-05-10 21:26:03,bu2406,bu2406,3430.0,0.0,0.0,0.0,1,3403.0,3418.0,3,3396.0,3420.0,3430.0,3420.0,2.0,68500.0,1916
2023-05-10 21:26:04,bu2406,bu2406,3430.0,0.0,0.0,0.0,1,3403.0,3417.0,1,3396.0,3420.0,3430.0,3420.0,2.0,68500.0,1916
2023-05-10 21:26:05,bu2406,bu2406,3430.0,0.0,0.0,0.0,1,3399.0,3417.0,1,3396.0,3420.0,3430.0,3420.0,2.0,68500.0,1916
2023-05-10 21:26:05,bu2406,bu2406,3430.0,0.0,0.0,0.0,1,3400.0,3418.0,3,3396.0,3420.0,3430.0,3420.0,2.0,68500.0,1916
2023-05-10 21:26:06,bu2406,bu2406,3430.0,0.0,0.0,0.0,1,3401.0,3420.0,2,3396.0,3420.0,3430.0,3420.0,2.0,68500.0,1916
2023-05-10 21:26:06,bu2406,bu2406,3430.0,0.0,0.0,0.0,1,3400.0,3419.0,1,3396.0,3420.0,3430.0,3420.0,2.0,68500.0,1916
2023-05-10 21:26:07,bu2406,bu2406,3430.0,0.0,0.0,0.0,1,3401.0,3419.0,1,3396.0,3420.0,3430.0,3420.0,2.0,68500.0,1916
2023-05-10 21:26:08,bu2406,bu2406,3430.0,0.0,0.0,0.0,1,3400.0,3419.0,1,3396.0,3420.0,3430.0,3420.0,2.0,68500.0,1916
2023-05-10 21:26:12,bu2406,bu2406,3430.0,0.0,0.0,0.0,1,3400.0,3419.0,4,3396.0,3420.0,3430.0,3420.0,2.0,68500.0,1916
2023-05-10 21:26:15,bu2406,bu2406,3430.0,0.0,0.0,0.0,1,3400.0,3419.0,1,3396.0,3420.0,3430.0,3420.0,2.0,68500.0,1916
2023-05-10 21:26:15,bu2406,bu2406,3430.0,0.0,0.0,0.0,1,3400.0,3418.0,3,3396.0,3420.0,3430.0,3420.0,2.0,68500.0,1916
2023-05-10 21:26:16,bu2406,bu2406,3430.0,0.0,0.0,0.0,1,3400.0,3417.0,1,3396.0,3420.0,3430.0,3420.0,2.0,68500.0,1916
2023-05-10 21:26:18,bu2406,bu2406,3430.0,0.0,0.0,0.0,2,3401.0,3417.0,1,3396.0,3420.0,3430.0,3420.0,2.0,68500.0,1916
2023-05-10 21:26:19,bu2406,bu2406,3430.0,0.0,0.0,0.0,2,3401.0,3417.0,1,3396.0,3420.0,3430.0,3420.0,2.0,68500.0,1916
2023-05-10 21:26:22,bu2406,bu2406,3430.0,0.0,0.0,0.0,2,3401.0,3417.0,4,3396.0,3420.0,3430.0,3420.0,2.0,68500.0,1916
2023-05-10 21:26:24,bu2406,bu2406,3430.0,0.0,0.0,0.0,2,3401.0,3417.0,1,3396.0,3420.0,3430.0,3420.0,2.0,68500.0,1916
2023-05-10 21:26:55,bu2406,bu2406,3430.0,0.0,0.0,0.0,2,3401.0,3417.0,4,3396.0,3420.0,3430.0,3420.0,2.0,68500.0,1916
2023-05-10 21:27:08,bu2406,bu2406,3430.0,0.0,0.0,0.0,1,3400.0,3417.0,4,3396.0,3420.0,3430.0,3420.0,2.0,68500.0,1916
2023-05-10 21:27:08,bu2406,bu2406,3430.0,0.0,0.0,0.0,1,3400.0,3417.0,1,3396.0,3420.0,3430.0,3420.0,2.0,68500.0,1916
2023-05-10 21:27:09,bu2406,bu2406,3430.0,0.0,0.0,0.0,1,3400.0,3416.0,3,3396.0,3420.0,3430.0,3420.0,2.0,68500.0,1916
2023-05-10 21:27:09,bu2406,bu2406,3430.0,0.0,0.0,0.0,1,3400.0,3415.0,1,3396.0,3420.0,3430.0,3420.0,2.0,68500.0,1916
2023-05-10 21:27:15,bu2406,bu2406,3430.0,0.0,0.0,0.0,1,3400.0,3415.0,1,3396.0,3420.0,3430.0,3420.0,2.0,68500.0,1916
2023-05-10 21:27:29,bu2406,bu2406,3430.0,0.0,0.0,0.0,1,3400.0,3430.0,1,3396.0,3420.0,3430.0,3420.0,2.0,68500.0,1916
2023-05-10 21:27:30,bu2406,bu2406,3430.0,0.0,0.0,0.0,1,3400.0,3428.0,1,3396.0,3420.0,3430.0,3420.0,2.0,68500.0,1916
2023-05-10 21:27:30,bu2406,bu2406,3430.0,0.0,0.0,0.0,1,3400.0,3427.0,2,3396.0,3420.0,3430.0,3420.0,2.0,68500.0,1916
2023-05-10 21:27:31,bu2406,bu2406,3430.0,0.0,0.0,0.0,1,3400.0,3427.0,2,3396.0,3420.0,3430.0,3420.0,2.0,68500.0,1916
2023-05-10 21:27:31,bu2406,bu2406,3430.0,0.0,0.0,0.0,1,3400.0,3427.0,3,3396.0,3420.0,3430.0,3420.0,2.0,68500.0,1916
2023-05-10 21:27:32,bu2406,bu2406,3430.0,0.0,0.0,0.0,1,3400.0,3427.0,3,3396.0,3420.0,3430.0,3420.0,2.0,68500.0,1916
2023-05-10 21:27:33,bu2406,bu2406,3430.0,0.0,0.0,0.0,1,3400.0,3426.0,3,3396.0,3420.0,3430.0,3420.0,2.0,68500.0,1916
2023-05-10 21:27:33,bu2406,bu2406,3430.0,0.0,0.0,0.0,1,3400.0,3425.0,1,3396.0,3420.0,3430.0,3420.0,2.0,68500.0,1916
2023-05-10 21:27:34,bu2406,bu2406,3430.0,0.0,0.0,0.0,1,3400.0,3424.0,1,3396.0,3420.0,3430.0,3420.0,2.0,68500.0,1916
2023-05-10 21:27:34,bu2406,bu2406,3430.0,0.0,0.0,0.0,1,3400.0,3423.0,1,3396.0,3420.0,3430.0,3420.0,2.0,68500.0,1916
2023-05-10 21:27:35,bu2406,bu2406,3430.0,0.0,0.0,0.0,1,3400.0,3423.0,1,3396.0,3420.0,3430.0,3420.0,2.0,68500.0,1916
2023-05-10 21:27:35,bu2406,bu2406,3430.0,0.0,0.0,0.0,1,3400.0,3422.0,1,3396.0,3420.0,3430.0,3420.0,2.0,68500.0,1916
2023-05-10 21:27:36,bu2406,bu2406,3430.0,0.0,0.0,0.0,1,3400.0,3421.0,3,3396.0,3420.0,3430.0,3420.0,2.0,68500.0,1916
2023-05-10 21:27:36,bu2406,bu2406,3430.0,0.0,0.0,0.0,1,3400.0,3421.0,3,3396.0,3420.0,3430.0,3420.0,2.0,68500.0,1916
2023-05-10 21:27:37,bu2406,bu2406,3430.0,0.0,0.0,0.0,1,3400.0,3421.0,4,3396.0,3420.0,3430.0,3420.0,2.0,68500.0,1916
2023-05-10 21:27:42,bu2406,bu2406,3430.0,0.0,0.0,0.0,1,3400.0,3421.0,4,3396.0,3420.0,3430.0,3420.0,2.0,68500.0,1916
2023-05-10 21:27:42,bu2406,bu2406,3430.0,0.0,0.0,0.0,1,3400.0,3420.0,1,3396.0,3420.0,3430.0,3420.0,2.0,68500.0,1916
2023-05-10 21:27:43,bu2406,bu2406,3430.0,0.0,0.0,0.0,1,3400.0,3419.0,1,3396.0,3420.0,3430.0,3420.0,2.0,68500.0,1916
2023-05-10 21:27:44,bu2406,bu2406,3430.0,0.0,0.0,0.0,1,3400.0,3419.0,2,3396.0,3420.0,3430.0,3420.0,2.0,68500.0,1916
2023-05-10 21:27:45,bu2406,bu2406,3430.0,0.0,0.0,0.0,1,3400.0,3418.0,2,3396.0,3420.0,3430.0,3420.0,2.0,68500.0,1916
2023-05-10 21:27:46,bu2406,bu2406,3430.0,0.0,0.0,0.0,1,3400.0,3417.0,1,3396.0,3420.0,3430.0,3420.0,2.0,68500.0,1916
2023-05-10 21:27:46,bu2406,bu2406,3430.0,0.0,0.0,0.0,1,3400.0,3417.0,1,3396.0,3420.0,3430.0,3420.0,2.0,68500.0,1916
2023-05-10 21:27:47,bu2406,bu2406,3430.0,0.0,0.0,0.0,1,3400.0,3416.0,3,3396.0,3420.0,3430.0,3420.0,2.0,68500.0,1916
2023-05-10 21:27:47,bu2406,bu2406,3430.0,0.0,0.0,0.0,1,3400.0,3416.0,4,3396.0,3420.0,3430.0,3420.0,2.0,68500.0,1916
2023-05-10 21:27:48,bu2406,bu2406,3430.0,0.0,0.0,0.0,1,3400.0,3416.0,3,3396.0,3420.0,3430.0,3420.0,2.0,68500.0,1916
2023-05-10 21:27:49,bu2406,bu2406,3430.0,0.0,0.0,0.0,1,3400.0,3416.0,2,3396.0,3420.0,3430.0,3420.0,2.0,68500.0,1916
2023-05-10 21:27:49,bu2406,bu2406,3430.0,0.0,0.0,0.0,1,3400.0,3430.0,1,3396.0,3420.0,3430.0,3420.0,2.0,68500.0,1916
2023-05-10 21:27:50,bu2406,bu2406,3430.0,0.0,0.0,0.0,1,3400.0,3428.0,1,3396.0,3420.0,3430.0,3420.0,2.0,68500.0,1916
2023-05-10 21:27:50,bu2406,bu2406,3430.0,0.0,0.0,0.0,1,3400.0,3427.0,1,3396.0,3420.0,3430.0,3420.0,2.0,68500.0,1916
2023-05-10 21:27:51,bu2406,bu2406,3430.0,0.0,0.0,0.0,1,3400.0,3427.0,1,3396.0,3420.0,3430.0,3420.0,2.0,68500.0,1916
2023-05-10 21:27:51,bu2406,bu2406,3430.0,0.0,0.0,0.0,1,3400.0,3427.0,2,3396.0,3420.0,3430.0,3420.0,2.0,68500.0,1916
2023-05-10 21:27:52,bu2406,bu2406,3430.0,0.0,0.0,0.0,1,3400.0,3427.0,2,3396.0,3420.0,3430.0,3420.0,2.0,68500.0,1916
2023-05-10 21:27:53,bu2406,bu2406,3430.0,0.0,0.0,0.0,1,3400.0,3426.0,3,3396.0,3420.0,3430.0,3420.0,2.0,68500.0,1916
2023-05-10 21:27:53,bu2406,bu2406,3430.0,0.0,0.0,0.0,1,3400.0,3425.0,1,3396.0,3420.0,3430.0,3420.0,2.0,68500.0,1916
2023-05-10 21:27:54,bu2406,bu2406,3430.0,0.0,0.0,0.0,1,3400.0,3424.0,1,3396.0,3420.0,3430.0,3420.0,2.0,68500.0,1916
2023-05-10 21:27:54,bu2406,bu2406,3430.0,0.0,0.0,0.0,1,3400.0,3423.0,1,3396.0,3420.0,3430.0,3420.0,2.0,68500.0,1916
2023-05-10 21:27:55,bu2406,bu2406,3430.0,0.0,0.0,0.0,1,3400.0,3423.0,1,3396.0,3420.0,3430.0,3420.0,2.0,68500.0,1916
2023-05-10 21:27:56,bu2406,bu2406,3430.0,0.0,0.0,0.0,1,3400.0,3423.0,2,3396.0,3420.0,3430.0,3420.0,2.0,68500.0,1916
2023-05-10 21:28:00,bu2406,bu2406,3430.0,0.0,0.0,0.0,1,3400.0,3423.0,2,3396.0,3420.0,3430.0,3420.0,2.0,68500.0,1916
2023-05-10 21:28:01,bu2406,bu2406,3430.0,0.0,0.0,0.0,1,3400.0,3422.0,3,3396.0,3420.0,3430.0,3420.0,2.0,68500.0,1916
2023-05-10 21:28:01,bu2406,bu2406,3430.0,0.0,0.0,0.0,1,3400.0,3421.0,1,3396.0,3420.0,3430.0,3420.0,2.0,68500.0,1916
2023-05-10 21:28:02,bu2406,bu2406,3430.0,0.0,0.0,0.0,1,3400.0,3421.0,2,3396.0,3420.0,3430.0,3420.0,2.0,68500.0,1916
2023-05-10 21:28:07,bu2406,bu2406,3430.0,0.0,0.0,0.0,1,3400.0,3421.0,2,3396.0,3420.0,3430.0,3420.0,2.0,68500.0,1916
2023-05-10 21:28:07,bu2406,bu2406,3430.0,0.0,0.0,0.0,1,3400.0,3420.0,1,3396.0,3420.0,3430.0,3420.0,2.0,68500.0,1916
2023-05-10 21:28:08,bu2406,bu2406,3430.0,0.0,0.0,0.0,1,3400.0,3419.0,1,3396.0,3420.0,3430.0,3420.0,2.0,68500.0,1916
2023-05-10 21:28:13,bu2406,bu2406,3430.0,0.0,0.0,0.0,1,3400.0,3419.0,1,3396.0,3420.0,3430.0,3420.0,2.0,68500.0,1916
2023-05-10 21:28:13,bu2406,bu2406,3430.0,0.0,0.0,0.0,1,3400.0,3418.0,2,3396.0,3420.0,3430.0,3420.0,2.0,68500.0,1916
2023-05-10 21:28:14,bu2406,bu2406,3430.0,0.0,0.0,0.0,1,3400.0,3417.0,2,3396.0,3420.0,3430.0,3420.0,2.0,68500.0,1916
2023-05-10 21:28:16,bu2406,bu2406,3430.0,0.0,0.0,0.0,1,3400.0,3417.0,2,3396.0,3420.0,3430.0,3420.0,2.0,68500.0,1916
2023-05-10 21:28:16,bu2406,bu2406,3430.0,0.0,0.0,0.0,1,3400.0,3417.0,1,3396.0,3420.0,3430.0,3420.0,2.0,68500.0,1916
2023-05-10 21:28:25,bu2406,bu2406,3430.0,0.0,0.0,0.0,1,3400.0,3430.0,1,3396.0,3420.0,3430.0,3420.0,2.0,68500.0,1916
2023-05-10 21:28:26,bu2406,bu2406,3430.0,0.0,0.0,0.0,1,3400.0,3428.0,1,3396.0,3420.0,3430.0,3420.0,2.0,68500.0,1916
2023-05-10 21:28:26,bu2406,bu2406,3430.0,0.0,0.0,0.0,1,3400.0,3427.0,1,3396.0,3420.0,3430.0,3420.0,2.0,68500.0,1916
2023-05-10 21:28:27,bu2406,bu2406,3430.0,0.0,0.0,0.0,1,3400.0,3426.0,2,3396.0,3420.0,3430.0,3420.0,2.0,68500.0,1916
2023-05-10 21:28:27,bu2406,bu2406,3430.0,0.0,0.0,0.0,1,3400.0,3425.0,1,3396.0,3420.0,3430.0,3420.0,2.0,68500.0,1916
2023-05-10 21:28:28,bu2406,bu2406,3430.0,0.0,0.0,0.0,1,3400.0,3425.0,1,3396.0,3420.0,3430.0,3420.0,2.0,68500.0,1916
2023-05-10 21:28:29,bu2406,bu2406,3430.0,0.0,0.0,0.0,1,3400.0,3425.0,2,3396.0,3420.0,3430.0,3420.0,2.0,68500.0,1916
2023-05-10 21:28:29,bu2406,bu2406,3430.0,0.0,0.0,0.0,1,3400.0,3424.0,2,3396.0,3420.0,3430.0,3420.0,2.0,68500.0,1916
2023-05-10 21:28:30,bu2406,bu2406,3430.0,0.0,0.0,0.0,1,3400.0,3423.0,1,3396.0,3420.0,3430.0,3420.0,2.0,68500.0,1916
2023-05-10 21:28:30,bu2406,bu2406,3430.0,0.0,0.0,0.0,1,3400.0,3423.0,1,3396.0,3420.0,3430.0,3420.0,2.0,68500.0,1916
2023-05-10 21:28:31,bu2406,bu2406,3430.0,0.0,0.0,0.0,1,3400.0,3423.0,2,3396.0,3420.0,3430.0,3420.0,2.0,68500.0,1916
2023-05-10 21:29:09,bu2406,bu2406,3430.0,0.0,0.0,0.0,1,3400.0,3423.0,2,3396.0,3420.0,3430.0,3420.0,2.0,68500.0,1916
2023-05-10 21:29:12,bu2406,bu2406,3430.0,0.0,0.0,0.0,1,3400.0,3422.0,1,3396.0,3420.0,3430.0,3420.0,2.0,68500.0,1916
2023-05-10 21:29:13,bu2406,bu2406,3430.0,0.0,0.0,0.0,1,3400.0,3421.0,1,3396.0,3420.0,3430.0,3420.0,2.0,68500.0,1916
2023-05-10 21:29:14,bu2406,bu2406,3430.0,0.0,0.0,0.0,1,3400.0,3420.0,2,3396.0,3420.0,3430.0,3420.0,2.0,68500.0,1916
2023-05-10 21:29:14,bu2406,bu2406,3430.0,0.0,0.0,0.0,1,3400.0,3419.0,1,3396.0,3420.0,3430.0,3420.0,2.0,68500.0,1916
2023-05-10 21:29:16,bu2406,bu2406,3430.0,0.0,0.0,0.0,1,3400.0,3419.0,1,3396.0,3420.0,3430.0,3420.0,2.0,68500.0,1916
2023-05-10 21:29:54,bu2406,bu2406,3430.0,0.0,0.0,0.0,1,3400.0,3419.0,1,3396.0,3420.0,3430.0,3420.0,2.0,68500.0,1916
2023-05-10 21:29:58,bu2406,bu2406,3430.0,0.0,0.0,0.0,1,3400.0,3418.0,2,3396.0,3420.0,3430.0,3420.0,2.0,68500.0,1916
2023-05-10 21:29:58,bu2406,bu2406,3430.0,0.0,0.0,0.0,1,3400.0,3417.0,1,3396.0,3420.0,3430.0,3420.0,2.0,68500.0,1916
2023-05-10 21:30:08,bu2406,bu2406,3430.0,0.0,0.0,0.0,1,3400.0,3418.0,2,3396.0,3420.0,3430.0,3420.0,2.0,68500.0,1916
2023-05-10 21:30:09,bu2406,bu2406,3430.0,0.0,0.0,0.0,1,3400.0,3418.0,3,3396.0,3420.0,3430.0,3420.0,2.0,68500.0,1916
2023-05-10 21:30:11,bu2406,bu2406,3430.0,0.0,0.0,0.0,1,3400.0,3417.0,1,3396.0,3420.0,3430.0,3420.0,2.0,68500.0,1916
2023-05-10 21:30:49,bu2406,bu2406,3430.0,0.0,0.0,0.0,1,3400.0,3417.0,1,3396.0,3420.0,3430.0,3420.0,2.0,68500.0,1916
2023-05-10 21:30:50,bu2406,bu2406,3430.0,0.0,0.0,0.0,1,3400.0,3430.0,1,3396.0,3420.0,3430.0,3420.0,2.0,68500.0,1916
2023-05-10 21:30:50,bu2406,bu2406,3430.0,0.0,0.0,0.0,1,3400.0,3429.0,3,3396.0,3420.0,3430.0,3420.0,2.0,68500.0,1916
2023-05-10 21:30:51,bu2406,bu2406,3430.0,0.0,0.0,0.0,1,3400.0,3428.0,2,3396.0,3420.0,3430.0,3420.0,2.0,68500.0,1916
2023-05-10 21:30:51,bu2406,bu2406,3430.0,0.0,0.0,0.0,1,3401.0,3427.0,1,3396.0,3420.0,3430.0,3420.0,2.0,68500.0,1916
2023-05-10 21:30:52,bu2406,bu2406,3430.0,0.0,0.0,0.0,1,3401.0,3427.0,2,3396.0,3420.0,3430.0,3420.0,2.0,68500.0,1916
2023-05-10 21:30:52,bu2406,bu2406,3430.0,0.0,0.0,0.0,1,3400.0,3427.0,2,3396.0,3420.0,3430.0,3420.0,2.0,68500.0,1916
2023-05-10 21:30:53,bu2406,bu2406,3430.0,0.0,0.0,0.0,1,3401.0,3427.0,2,3396.0,3420.0,3430.0,3420.0,2.0,68500.0,1916
2023-05-10 21:30:54,bu2406,bu2406,3430.0,0.0,0.0,0.0,1,3400.0,3427.0,2,3396.0,3420.0,3430.0,3420.0,2.0,68500.0,1916
2023-05-10 21:30:54,bu2406,bu2406,3430.0,0.0,0.0,0.0,1,3401.0,3427.0,2,3396.0,3420.0,3430.0,3420.0,2.0,68500.0,1916
2023-05-10 21:30:55,bu2406,bu2406,3430.0,0.0,0.0,0.0,1,3400.0,3427.0,2,3396.0,3420.0,3430.0,3420.0,2.0,68500.0,1916
2023-05-10 21:30:55,bu2406,bu2406,3430.0,0.0,0.0,0.0,1,3400.0,3427.0,2,3396.0,3420.0,3430.0,3420.0,2.0,68500.0,1916
2023-05-10 21:30:56,bu2406,bu2406,3430.0,0.0,0.0,0.0,2,3401.0,3426.0,3,3396.0,3420.0,3430.0,3420.0,2.0,68500.0,1916
2023-05-10 21:30:56,bu2406,bu2406,3430.0,0.0,0.0,0.0,1,3401.0,3425.0,1,3396.0,3420.0,3430.0,3420.0,2.0,68500.0,1916
2023-05-10 21:30:57,bu2406,bu2406,3430.0,0.0,0.0,0.0,1,3401.0,3425.0,2,3396.0,3420.0,3430.0,3420.0,2.0,68500.0,1916
2023-05-10 21:30:58,bu2406,bu2406,3430.0,0.0,0.0,0.0,1,3401.0,3425.0,2,3396.0,3420.0,3430.0,3420.0,2.0,68500.0,1916
2023-05-10 21:30:58,bu2406,bu2406,3430.0,0.0,0.0,0.0,1,3401.0,3425.0,2,3396.0,3420.0,3430.0,3420.0,2.0,68500.0,1916
2023-05-10 21:30:59,bu2406,bu2406,3430.0,0.0,0.0,0.0,1,3401.0,3425.0,5,3396.0,3420.0,3430.0,3420.0,2.0,68500.0,1916
2023-05-10 21:31:01,bu2406,bu2406,3430.0,0.0,0.0,0.0,1,3401.0,3425.0,2,3396.0,3420.0,3430.0,3420.0,2.0,68500.0,1916
2023-05-10 21:31:02,bu2406,bu2406,3430.0,0.0,0.0,0.0,1,3401.0,3424.0,3,3396.0,3420.0,3430.0,3420.0,2.0,68500.0,1916
2023-05-10 21:31:02,bu2406,bu2406,3430.0,0.0,0.0,0.0,1,3401.0,3423.0,1,3396.0,3420.0,3430.0,3420.0,2.0,68500.0,1916
2023-05-10 21:31:03,bu2406,bu2406,3430.0,0.0,0.0,0.0,1,3402.0,3423.0,1,3396.0,3420.0,3430.0,3420.0,2.0,68500.0,1916
2023-05-10 21:31:03,bu2406,bu2406,3430.0,0.0,0.0,0.0,1,3401.0,3423.0,2,3396.0,3420.0,3430.0,3420.0,2.0,68500.0,1916
2023-05-10 21:31:04,bu2406,bu2406,3430.0,0.0,0.0,0.0,1,3402.0,3423.0,2,3396.0,3420.0,3430.0,3420.0,2.0,68500.0,1916
2023-05-10 21:31:06,bu2406,bu2406,3430.0,0.0,0.0,0.0,1,3402.0,3423.0,2,3396.0,3420.0,3430.0,3420.0,2.0,68500.0,1916
2023-05-10 21:31:06,bu2406,bu2406,3430.0,0.0,0.0,0.0,1,3402.0,3422.0,3,3396.0,3420.0,3430.0,3420.0,2.0,68500.0,1916
2023-05-10 21:31:07,bu2406,bu2406,3430.0,0.0,0.0,0.0,1,3402.0,3421.0,1,3396.0,3420.0,3430.0,3420.0,2.0,68500.0,1916
2023-05-10 21:31:12,bu2406,bu2406,3430.0,0.0,0.0,0.0,1,3402.0,3421.0,1,3396.0,3420.0,3430.0,3420.0,2.0,68500.0,1916
2023-05-10 21:31:13,bu2406,bu2406,3430.0,0.0,0.0,0.0,1,3402.0,3420.0,3,3396.0,3420.0,3430.0,3420.0,2.0,68500.0,1916
2023-05-10 21:31:13,bu2406,bu2406,3430.0,0.0,0.0,0.0,1,3402.0,3419.0,1,3396.0,3420.0,3430.0,3420.0,2.0,68500.0,1916
2023-05-10 21:31:20,bu2406,bu2406,3430.0,0.0,0.0,0.0,1,3402.0,3419.0,1,3396.0,3420.0,3430.0,3420.0,2.0,68500.0,1916
2023-05-10 21:31:21,bu2406,bu2406,3430.0,0.0,0.0,0.0,1,3402.0,3419.0,4,3396.0,3420.0,3430.0,3420.0,2.0,68500.0,1916
2023-05-10 21:31:22,bu2406,bu2406,3430.0,0.0,0.0,0.0,1,3402.0,3418.0,2,3396.0,3420.0,3430.0,3420.0,2.0,68500.0,1916
2023-05-10 21:31:22,bu2406,bu2406,3430.0,0.0,0.0,0.0,1,3402.0,3418.0,3,3396.0,3420.0,3430.0,3420.0,2.0,68500.0,1916
2023-05-10 21:31:23,bu2406,bu2406,3430.0,0.0,0.0,0.0,1,3402.0,3418.0,3,3396.0,3420.0,3430.0,3420.0,2.0,68500.0,1916
2023-05-10 21:31:24,bu2406,bu2406,3430.0,0.0,0.0,0.0,1,3402.0,3418.0,6,3396.0,3420.0,3430.0,3420.0,2.0,68500.0,1916
2023-05-10 21:31:26,bu2406,bu2406,3430.0,0.0,0.0,0.0,1,3402.0,3418.0,3,3396.0,3420.0,3430.0,3420.0,2.0,68500.0,1916
2023-05-10 21:31:27,bu2406,bu2406,3430.0,0.0,0.0,0.0,1,3402.0,3417.0,3,3396.0,3420.0,3430.0,3420.0,2.0,68500.0,1916
2023-05-10 21:31:27,bu2406,bu2406,3430.0,0.0,0.0,0.0,1,3402.0,3417.0,3,3396.0,3420.0,3430.0,3420.0,2.0,68500.0,1916
2023-05-10 21:31:32,bu2406,bu2406,3430.0,0.0,0.0,0.0,1,3402.0,3417.0,3,3396.0,3420.0,3430.0,3420.0,2.0,68500.0,1916
2023-05-10 21:31:32,bu2406,bu2406,3430.0,0.0,0.0,0.0,1,3402.0,3430.0,1,3396.0,3420.0,3430.0,3420.0,2.0,68500.0,1916
2023-05-10 21:31:33,bu2406,bu2406,3430.0,0.0,0.0,0.0,1,3402.0,3429.0,5,3396.0,3420.0,3430.0,3420.0,2.0,68500.0,1916
2023-05-10 21:31:33,bu2406,bu2406,3430.0,0.0,0.0,0.0,1,3402.0,3429.0,5,3396.0,3420.0,3430.0,3420.0,2.0,68500.0,1916
2023-05-10 21:31:34,bu2406,bu2406,3430.0,0.0,0.0,0.0,1,3402.0,3429.0,6,3396.0,3420.0,3430.0,3420.0,2.0,68500.0,1916
2023-05-10 21:31:37,bu2406,bu2406,3430.0,0.0,0.0,0.0,1,3402.0,3428.0,1,3396.0,3420.0,3430.0,3420.0,2.0,68500.0,1916
2023-05-10 21:31:38,bu2406,bu2406,3430.0,0.0,0.0,0.0,1,3402.0,3427.0,1,3396.0,3420.0,3430.0,3420.0,2.0,68500.0,1916
2023-05-10 21:31:38,bu2406,bu2406,3430.0,0.0,0.0,0.0,1,3402.0,3426.0,1,3396.0,3420.0,3430.0,3420.0,2.0,68500.0,1916
2023-05-10 21:31:39,bu2406,bu2406,3430.0,0.0,0.0,0.0,1,3402.0,3425.0,1,3396.0,3420.0,3430.0,3420.0,2.0,68500.0,1916
2023-05-10 21:31:39,bu2406,bu2406,3430.0,0.0,0.0,0.0,1,3402.0,3425.0,1,3396.0,3420.0,3430.0,3420.0,2.0,68500.0,1916
2023-05-10 21:31:40,bu2406,bu2406,3430.0,0.0,0.0,0.0,1,3402.0,3425.0,2,3396.0,3420.0,3430.0,3420.0,2.0,68500.0,1916
2023-05-10 21:31:41,bu2406,bu2406,3430.0,0.0,0.0,0.0,1,3402.0,3425.0,2,3396.0,3420.0,3430.0,3420.0,2.0,68500.0,1916
2023-05-10 21:31:41,bu2406,bu2406,3430.0,0.0,0.0,0.0,1,3402.0,3424.0,3,3396.0,3420.0,3430.0,3420.0,2.0,68500.0,1916
2023-05-10 21:31:42,bu2406,bu2406,3430.0,0.0,0.0,0.0,1,3402.0,3423.0,1,3396.0,3420.0,3430.0,3420.0,2.0,68500.0,1916
2023-05-10 21:31:43,bu2406,bu2406,3430.0,0.0,0.0,0.0,1,3402.0,3423.0,2,3396.0,3420.0,3430.0,3420.0,2.0,68500.0,1916
2023-05-10 21:31:44,bu2406,bu2406,3430.0,0.0,0.0,0.0,1,3402.0,3423.0,2,3396.0,3420.0,3430.0,3420.0,2.0,68500.0,1916
2023-05-10 21:31:44,bu2406,bu2406,3430.0,0.0,0.0,0.0,1,3402.0,3422.0,3,3396.0,3420.0,3430.0,3420.0,2.0,68500.0,1916
2023-05-10 21:31:45,bu2406,bu2406,3430.0,0.0,0.0,0.0,1,3402.0,3421.0,1,3396.0,3420.0,3430.0,3420.0,2.0,68500.0,1916
2023-05-10 21:31:46,bu2406,bu2406,3430.0,0.0,0.0,0.0,1,3402.0,3421.0,2,3396.0,3420.0,3430.0,3420.0,2.0,68500.0,1916
2023-05-10 21:31:47,bu2406,bu2406,3430.0,0.0,0.0,0.0,1,3401.0,3421.0,2,3396.0,3420.0,3430.0,3420.0,2.0,68500.0,1916
2023-05-10 21:31:50,bu2406,bu2406,3430.0,0.0,0.0,0.0,1,3401.0,3421.0,2,3396.0,3420.0,3430.0,3420.0,2.0,68500.0,1916
2023-05-10 21:31:51,bu2406,bu2406,3430.0,0.0,0.0,0.0,1,3402.0,3420.0,3,3396.0,3420.0,3430.0,3420.0,2.0,68500.0,1916
2023-05-10 21:31:51,bu2406,bu2406,3430.0,0.0,0.0,0.0,1,3402.0,3419.0,1,3396.0,3420.0,3430.0,3420.0,2.0,68500.0,1916
2023-05-10 21:31:57,bu2406,bu2406,3430.0,0.0,0.0,0.0,1,3401.0,3419.0,1,3396.0,3420.0,3430.0,3420.0,2.0,68500.0,1916
2023-05-10 21:31:57,bu2406,bu2406,3430.0,0.0,0.0,0.0,1,3402.0,3418.0,1,3396.0,3420.0,3430.0,3420.0,2.0,68500.0,1916
2023-05-10 21:31:58,bu2406,bu2406,3430.0,0.0,0.0,0.0,1,3402.0,3417.0,1,3396.0,3420.0,3430.0,3420.0,2.0,68500.0,1916
2023-05-10 21:32:03,bu2406,bu2406,3430.0,0.0,0.0,0.0,1,3402.0,3417.0,1,3396.0,3420.0,3430.0,3420.0,2.0,68500.0,1916
2023-05-10 21:32:03,bu2406,bu2406,3430.0,0.0,0.0,0.0,1,3402.0,3417.0,1,3396.0,3420.0,3430.0,3420.0,2.0,68500.0,1916
2023-05-10 21:32:06,bu2406,bu2406,3430.0,0.0,0.0,0.0,1,3402.0,3416.0,2,3396.0,3420.0,3430.0,3420.0,2.0,68500.0,1916
2023-05-10 21:32:06,bu2406,bu2406,3430.0,0.0,0.0,0.0,1,3402.0,3416.0,2,3396.0,3420.0,3430.0,3420.0,2.0,68500.0,1916
2023-05-10 21:32:11,bu2406,bu2406,3430.0,0.0,0.0,0.0,1,3399.0,3416.0,3,3396.0,3420.0,3430.0,3420.0,2.0,68500.0,1916
2023-05-10 21:32:11,bu2406,bu2406,3430.0,0.0,0.0,0.0,1,3400.0,3416.0,3,3396.0,3420.0,3430.0,3420.0,2.0,68500.0,1916
2023-05-10 21:32:12,bu2406,bu2406,3430.0,0.0,0.0,0.0,1,3400.0,3416.0,6,3396.0,3420.0,3430.0,3420.0,2.0,68500.0,1916
2023-05-10 21:32:12,bu2406,bu2406,3430.0,0.0,0.0,0.0,1,3400.0,3416.0,6,3396.0,3420.0,3430.0,3420.0,2.0,68500.0,1916
2023-05-10 21:32:21,bu2406,bu2406,3430.0,0.0,0.0,0.0,1,3400.0,3416.0,5,3396.0,3420.0,3430.0,3420.0,2.0,68500.0,1916
2023-05-10 21:32:24,bu2406,bu2406,3430.0,0.0,0.0,0.0,1,3400.0,3416.0,2,3396.0,3420.0,3430.0,3420.0,2.0,68500.0,1916
2023-05-10 21:32:29,bu2406,bu2406,3430.0,0.0,0.0,0.0,1,3400.0,3430.0,1,3396.0,3420.0,3430.0,3420.0,2.0,68500.0,1916
2023-05-10 21:32:29,bu2406,bu2406,3430.0,0.0,0.0,0.0,1,3400.0,3429.0,3,3396.0,3420.0,3430.0,3420.0,2.0,68500.0,1916
2023-05-10 21:32:30,bu2406,bu2406,3430.0,0.0,0.0,0.0,1,3400.0,3429.0,3,3396.0,3420.0,3430.0,3420.0,2.0,68500.0,1916
2023-05-10 21:32:31,bu2406,bu2406,3430.0,0.0,0.0,0.0,1,3400.0,3428.0,3,3396.0,3420.0,3430.0,3420.0,2.0,68500.0,1916
2023-05-10 21:32:31,bu2406,bu2406,3430.0,0.0,0.0,0.0,1,3400.0,3427.0,2,3396.0,3420.0,3430.0,3420.0,2.0,68500.0,1916
2023-05-10 21:32:32,bu2406,bu2406,3430.0,0.0,0.0,0.0,1,3400.0,3427.0,3,3396.0,3420.0,3430.0,3420.0,2.0,68500.0,1916
2023-05-10 21:32:34,bu2406,bu2406,3430.0,0.0,0.0,0.0,1,3400.0,3426.0,1,3396.0,3420.0,3430.0,3420.0,2.0,68500.0,1916
2023-05-10 21:32:34,bu2406,bu2406,3430.0,0.0,0.0,0.0,1,3400.0,3425.0,1,3396.0,3420.0,3430.0,3420.0,2.0,68500.0,1916
2023-05-10 21:32:35,bu2406,bu2406,3430.0,0.0,0.0,0.0,1,3400.0,3425.0,1,3396.0,3420.0,3430.0,3420.0,2.0,68500.0,1916
2023-05-10 21:32:36,bu2406,bu2406,3430.0,0.0,0.0,0.0,1,3400.0,3425.0,2,3396.0,3420.0,3430.0,3420.0,2.0,68500.0,1916
2023-05-10 21:32:44,bu2406,bu2406,3430.0,0.0,0.0,0.0,1,3400.0,3424.0,1,3396.0,3420.0,3430.0,3420.0,2.0,68500.0,1916
2023-05-10 21:32:45,bu2406,bu2406,3430.0,0.0,0.0,0.0,1,3400.0,3423.0,1,3396.0,3420.0,3430.0,3420.0,2.0,68500.0,1916
2023-05-10 21:32:46,bu2406,bu2406,3430.0,0.0,0.0,0.0,1,3400.0,3423.0,2,3396.0,3420.0,3430.0,3420.0,2.0,68500.0,1916
2023-05-10 21:32:49,bu2406,bu2406,3430.0,0.0,0.0,0.0,1,3400.0,3422.0,2,3396.0,3420.0,3430.0,3420.0,2.0,68500.0,1916
2023-05-10 21:32:50,bu2406,bu2406,3430.0,0.0,0.0,0.0,1,3400.0,3421.0,1,3396.0,3420.0,3430.0,3420.0,2.0,68500.0,1916
2023-05-10 21:32:50,bu2406,bu2406,3430.0,0.0,0.0,0.0,1,3400.0,3421.0,1,3396.0,3420.0,3430.0,3420.0,2.0,68500.0,1916
2023-05-10 21:32:51,bu2406,bu2406,3430.0,0.0,0.0,0.0,1,3400.0,3421.0,2,3396.0,3420.0,3430.0,3420.0,2.0,68500.0,1916
2023-05-10 21:32:51,bu2406,bu2406,3430.0,0.0,0.0,0.0,1,3397.0,3421.0,2,3396.0,3420.0,3430.0,3420.0,2.0,68500.0,1916
2023-05-10 21:32:52,bu2406,bu2406,3430.0,0.0,0.0,0.0,1,3398.0,3421.0,2,3396.0,3420.0,3430.0,3420.0,2.0,68500.0,1916
2023-05-10 21:32:55,bu2406,bu2406,3430.0,0.0,0.0,0.0,1,3398.0,3420.0,1,3396.0,3420.0,3430.0,3420.0,2.0,68500.0,1916
2023-05-10 21:32:55,bu2406,bu2406,3430.0,0.0,0.0,0.0,1,3398.0,3419.0,1,3396.0,3420.0,3430.0,3420.0,2.0,68500.0,1916
2023-05-10 21:32:56,bu2406,bu2406,3430.0,0.0,0.0,0.0,1,3398.0,3419.0,2,3396.0,3420.0,3430.0,3420.0,2.0,68500.0,1916
2023-05-10 21:32:58,bu2406,bu2406,3430.0,0.0,0.0,0.0,1,3398.0,3419.0,1,3396.0,3420.0,3430.0,3420.0,2.0,68500.0,1916
2023-05-10 21:33:00,bu2406,bu2406,3430.0,0.0,0.0,0.0,1,3398.0,3419.0,1,3396.0,3420.0,3430.0,3420.0,2.0,68500.0,1916
2023-05-10 21:33:02,bu2406,bu2406,3430.0,0.0,0.0,0.0,1,3398.0,3419.0,2,3396.0,3420.0,3430.0,3420.0,2.0,68500.0,1916
2023-05-10 21:33:09,bu2406,bu2406,3430.0,0.0,0.0,0.0,1,3398.0,3418.0,1,3396.0,3420.0,3430.0,3420.0,2.0,68500.0,1916
2023-05-10 21:33:09,bu2406,bu2406,3430.0,0.0,0.0,0.0,1,3398.0,3417.0,1,3396.0,3420.0,3430.0,3420.0,2.0,68500.0,1916
2023-05-10 21:33:13,bu2406,bu2406,3430.0,0.0,0.0,0.0,1,3398.0,3417.0,1,3396.0,3420.0,3430.0,3420.0,2.0,68500.0,1916
2023-05-10 21:33:25,bu2406,bu2406,3430.0,0.0,0.0,0.0,1,3398.0,3417.0,1,3396.0,3420.0,3430.0,3420.0,2.0,68500.0,1916
2023-05-10 21:33:29,bu2406,bu2406,3430.0,0.0,0.0,0.0,1,3399.0,3417.0,1,3396.0,3420.0,3430.0,3420.0,2.0,68500.0,1916
2023-05-10 21:33:30,bu2406,bu2406,3430.0,0.0,0.0,0.0,1,3398.0,3417.0,1,3396.0,3420.0,3430.0,3420.0,2.0,68500.0,1916
2023-05-10 21:33:31,bu2406,bu2406,3430.0,0.0,0.0,0.0,2,3399.0,3430.0,1,3396.0,3420.0,3430.0,3420.0,2.0,68500.0,1916
2023-05-10 21:33:31,bu2406,bu2406,3430.0,0.0,0.0,0.0,2,3399.0,3428.0,1,3396.0,3420.0,3430.0,3420.0,2.0,68500.0,1916
2023-05-10 21:33:32,bu2406,bu2406,3430.0,0.0,0.0,0.0,1,3399.0,3427.0,2,3396.0,3420.0,3430.0,3420.0,2.0,68500.0,1916
2023-05-10 21:33:32,bu2406,bu2406,3430.0,0.0,0.0,0.0,1,3399.0,3427.0,4,3396.0,3420.0,3430.0,3420.0,2.0,68500.0,1916
2023-05-10 21:33:33,bu2406,bu2406,3430.0,0.0,0.0,0.0,1,3399.0,3427.0,5,3396.0,3420.0,3430.0,3420.0,2.0,68500.0,1916
2023-05-10 21:33:34,bu2406,bu2406,3430.0,0.0,0.0,0.0,1,3399.0,3427.0,5,3396.0,3420.0,3430.0,3420.0,2.0,68500.0,1916
2023-05-10 21:33:34,bu2406,bu2406,3430.0,0.0,0.0,0.0,1,3399.0,3426.0,3,3396.0,3420.0,3430.0,3420.0,2.0,68500.0,1916
2023-05-10 21:33:35,bu2406,bu2406,3430.0,0.0,0.0,0.0,1,3399.0,3425.0,1,3396.0,3420.0,3430.0,3420.0,2.0,68500.0,1916
2023-05-10 21:33:36,bu2406,bu2406,3430.0,0.0,0.0,0.0,1,3399.0,3425.0,2,3396.0,3420.0,3430.0,3420.0,2.0,68500.0,1916
2023-05-10 21:33:40,bu2406,bu2406,3430.0,0.0,0.0,0.0,1,3399.0,3425.0,2,3396.0,3420.0,3430.0,3420.0,2.0,68500.0,1916
2023-05-10 21:33:41,bu2406,bu2406,3430.0,0.0,0.0,0.0,1,3399.0,3424.0,3,3396.0,3420.0,3430.0,3420.0,2.0,68500.0,1916
2023-05-10 21:33:41,bu2406,bu2406,3430.0,0.0,0.0,0.0,1,3399.0,3423.0,1,3396.0,3420.0,3430.0,3420.0,2.0,68500.0,1916
2023-05-10 21:33:42,bu2406,bu2406,3430.0,0.0,0.0,0.0,1,3399.0,3423.0,2,3396.0,3420.0,3430.0,3420.0,2.0,68500.0,1916
2023-05-10 21:33:47,bu2406,bu2406,3430.0,0.0,0.0,0.0,1,3399.0,3423.0,2,3396.0,3420.0,3430.0,3420.0,2.0,68500.0,1916
2023-05-10 21:33:48,bu2406,bu2406,3430.0,0.0,0.0,0.0,1,3399.0,3422.0,1,3396.0,3420.0,3430.0,3420.0,2.0,68500.0,1916
2023-05-10 21:33:48,bu2406,bu2406,3430.0,0.0,0.0,0.0,1,3399.0,3421.0,1,3396.0,3420.0,3430.0,3420.0,2.0,68500.0,1916
2023-05-10 21:33:49,bu2406,bu2406,3430.0,0.0,0.0,0.0,1,3399.0,3421.0,2,3396.0,3420.0,3430.0,3420.0,2.0,68500.0,1916
2023-05-10 21:33:54,bu2406,bu2406,3430.0,0.0,0.0,0.0,1,3399.0,3421.0,2,3396.0,3420.0,3430.0,3420.0,2.0,68500.0,1916
2023-05-10 21:34:13,bu2406,bu2406,3430.0,0.0,0.0,0.0,1,3399.0,3421.0,2,3396.0,3420.0,3430.0,3420.0,2.0,68500.0,1916
2023-05-10 21:34:16,bu2406,bu2406,3430.0,0.0,0.0,0.0,1,3399.0,3420.0,2,3396.0,3420.0,3430.0,3420.0,2.0,68500.0,1916
2023-05-10 21:34:16,bu2406,bu2406,3430.0,0.0,0.0,0.0,1,3399.0,3419.0,1,3396.0,3420.0,3430.0,3420.0,2.0,68500.0,1916
2023-05-10 21:34:34,bu2406,bu2406,3430.0,0.0,0.0,0.0,1,3399.0,3419.0,1,3396.0,3420.0,3430.0,3420.0,2.0,68500.0,1916
2023-05-10 21:34:56,bu2406,bu2406,3430.0,0.0,0.0,0.0,1,3399.0,3419.0,1,3396.0,3420.0,3430.0,3420.0,2.0,68500.0,1916
2023-05-10 21:34:59,bu2406,bu2406,3430.0,0.0,0.0,0.0,1,3399.0,3418.0,2,3396.0,3420.0,3430.0,3420.0,2.0,68500.0,1916
2023-05-10 21:35:00,bu2406,bu2406,3430.0,0.0,0.0,0.0,1,3399.0,3417.0,1,3396.0,3420.0,3430.0,3420.0,2.0,68500.0,1916
2023-05-10 21:35:04,bu2406,bu2406,3430.0,0.0,0.0,0.0,1,3399.0,3417.0,1,3396.0,3420.0,3430.0,3420.0,2.0,68500.0,1916
2023-05-10 21:35:05,bu2406,bu2406,3430.0,0.0,0.0,0.0,1,3400.0,3417.0,1,3396.0,3420.0,3430.0,3420.0,2.0,68500.0,1916
2023-05-10 21:35:05,bu2406,bu2406,3430.0,0.0,0.0,0.0,1,3400.0,3417.0,1,3396.0,3420.0,3430.0,3420.0,2.0,68500.0,1916
2023-05-10 21:35:06,bu2406,bu2406,3430.0,0.0,0.0,0.0,1,3401.0,3417.0,1,3396.0,3420.0,3430.0,3420.0,2.0,68500.0,1916
2023-05-10 21:35:06,bu2406,bu2406,3430.0,0.0,0.0,0.0,1,3401.0,3417.0,1,3396.0,3420.0,3430.0,3420.0,2.0,68500.0,1916
2023-05-10 21:35:11,bu2406,bu2406,3430.0,0.0,0.0,0.0,1,3401.0,3417.0,1,3396.0,3420.0,3430.0,3420.0,2.0,68500.0,1916
2023-05-10 21:35:21,bu2406,bu2406,3430.0,0.0,0.0,0.0,1,3397.0,3417.0,1,3396.0,3420.0,3430.0,3420.0,2.0,68500.0,1916
2023-05-10 21:35:21,bu2406,bu2406,3430.0,0.0,0.0,0.0,1,3398.0,3417.0,1,3396.0,3420.0,3430.0,3420.0,2.0,68500.0,1916
