time,symbol_id,symbol_name,last,trade_volume,trade_amount,open_interest_change,bv1,bp1,ap1,av1,yesterday_close,today_open,today_high,today_low,volume,amount,open_interest
2023-05-09 20:56:07,p2312-P-6800,p2312-P-6800,338.5,0.0,0.0,0.0,1,0.5,0.0,0,338.5,0.0,0.0,0.0,0.0,0.0,6
2023-05-09 21:00:44,p2312-P-6800,p2312-P-6800,338.5,0.0,0.0,0.0,1,92.5,0.0,0,338.5,0.0,0.0,0.0,0.0,0.0,6
2023-05-09 21:01:47,p2312-P-6800,p2312-P-6800,338.5,0.0,0.0,0.0,1,93.0,0.0,0,338.5,0.0,0.0,0.0,0.0,0.0,6
2023-05-09 21:02:42,p2312-P-6800,p2312-P-6800,338.5,0.0,0.0,0.0,1,93.5,0.0,0,338.5,0.0,0.0,0.0,0.0,0.0,6
2023-05-09 21:31:48,p2312-P-6800,p2312-P-6800,338.5,0.0,0.0,0.0,1,94.0,0.0,0,338.5,0.0,0.0,0.0,0.0,0.0,6
2023-05-09 21:31:51,p2312-P-6800,p2312-P-6800,338.5,0.0,0.0,0.0,1,94.5,0.0,0,338.5,0.0,0.0,0.0,0.0,0.0,6
2023-05-09 22:01:48,p2312-P-6800,p2312-P-6800,338.5,0.0,0.0,0.0,1,95.0,0.0,0,338.5,0.0,0.0,0.0,0.0,0.0,6
2023-05-09 22:01:50,p2312-P-6800,p2312-P-6800,338.5,0.0,0.0,0.0,1,95.5,0.0,0,338.5,0.0,0.0,0.0,0.0,0.0,6
2023-05-09 22:31:48,p2312-P-6800,p2312-P-6800,338.5,0.0,0.0,0.0,1,96.0,0.0,0,338.5,0.0,0.0,0.0,0.0,0.0,6
2023-05-09 22:31:51,p2312-P-6800,p2312-P-6800,338.5,0.0,0.0,0.0,1,96.5,0.0,0,338.5,0.0,0.0,0.0,0.0,0.0,6
2023-05-09 22:57:21,p2312-P-6800,p2312-P-6800,338.5,0.0,0.0,0.0,1,96.0,0.0,0,338.5,0.0,0.0,0.0,0.0,0.0,6
2023-05-10 09:00:50,p2312-P-6800,p2312-P-6800,338.5,0.0,0.0,0.0,1,99.5,0.0,0,338.5,0.0,0.0,0.0,0.0,0.0,6
2023-05-10 09:01:49,p2312-P-6800,p2312-P-6800,338.5,0.0,0.0,0.0,1,100.0,0.0,0,338.5,0.0,0.0,0.0,0.0,0.0,6
2023-05-10 09:03:32,p2312-P-6800,p2312-P-6800,338.5,0.0,0.0,0.0,1,100.5,0.0,0,338.5,0.0,0.0,0.0,0.0,0.0,6
2023-05-10 09:43:21,p2312-P-6800,p2312-P-6800,338.5,0.0,0.0,0.0,1,101.0,0.0,0,338.5,0.0,0.0,0.0,0.0,0.0,6
2023-05-10 09:43:30,p2312-P-6800,p2312-P-6800,338.5,0.0,0.0,0.0,1,101.5,0.0,0,338.5,0.0,0.0,0.0,0.0,0.0,6
2023-05-10 10:12:16,p2312-P-6800,p2312-P-6800,338.5,0.0,0.0,0.0,1,101.0,0.0,0,338.5,0.0,0.0,0.0,0.0,0.0,6
2023-05-10 10:30:31,p2312-P-6800,p2312-P-6800,338.5,0.0,0.0,0.0,1,101.5,0.0,0,338.5,0.0,0.0,0.0,0.0,0.0,6
2023-05-10 11:00:26,p2312-P-6800,p2312-P-6800,338.5,0.0,0.0,0.0,1,102.0,0.0,0,338.5,0.0,0.0,0.0,0.0,0.0,6
2023-05-10 11:00:28,p2312-P-6800,p2312-P-6800,338.5,0.0,0.0,0.0,1,102.5,0.0,0,338.5,0.0,0.0,0.0,0.0,0.0,6
2023-05-10 11:27:15,p2312-P-6800,p2312-P-6800,338.5,0.0,0.0,0.0,1,102.0,0.0,0,338.5,0.0,0.0,0.0,0.0,0.0,6
2023-05-10 11:29:49,p2312-P-6800,p2312-P-6800,338.5,0.0,0.0,0.0,1,99.5,0.0,0,338.5,0.0,0.0,0.0,0.0,0.0,6
2023-05-10 13:31:08,p2312-P-6800,p2312-P-6800,338.5,0.0,0.0,0.0,1,100.0,0.0,0,338.5,0.0,0.0,0.0,0.0,0.0,6
2023-05-10 13:32:55,p2312-P-6800,p2312-P-6800,338.5,0.0,0.0,0.0,1,100.5,0.0,0,338.5,0.0,0.0,0.0,0.0,0.0,6
2023-05-10 13:33:38,p2312-P-6800,p2312-P-6800,338.5,0.0,0.0,0.0,1,328.5,361.5,1,338.5,0.0,0.0,0.0,0.0,0.0,6
2023-05-10 13:33:39,p2312-P-6800,p2312-P-6800,338.5,0.0,0.0,0.0,2,328.5,361.5,2,338.5,0.0,0.0,0.0,0.0,0.0,6
2023-05-10 13:33:47,p2312-P-6800,p2312-P-6800,338.5,0.0,0.0,0.0,2,328.5,360.5,1,338.5,0.0,0.0,0.0,0.0,0.0,6
2023-05-10 13:33:48,p2312-P-6800,p2312-P-6800,338.5,0.0,0.0,0.0,2,328.5,360.0,1,338.5,0.0,0.0,0.0,0.0,0.0,6
2023-05-10 13:33:50,p2312-P-6800,p2312-P-6800,338.5,0.0,0.0,0.0,1,328.5,360.0,1,338.5,0.0,0.0,0.0,0.0,0.0,6
2023-05-10 13:33:52,p2312-P-6800,p2312-P-6800,338.5,0.0,0.0,0.0,1,335.0,360.0,1,338.5,0.0,0.0,0.0,0.0,0.0,6
2023-05-10 13:33:55,p2312-P-6800,p2312-P-6800,338.5,0.0,0.0,0.0,2,335.0,360.0,1,338.5,0.0,0.0,0.0,0.0,0.0,6
2023-05-10 13:33:59,p2312-P-6800,p2312-P-6800,338.5,0.0,0.0,0.0,2,335.0,360.5,1,338.5,0.0,0.0,0.0,0.0,0.0,6
2023-05-10 13:34:04,p2312-P-6800,p2312-P-6800,338.5,0.0,0.0,0.0,1,335.0,360.5,1,338.5,0.0,0.0,0.0,0.0,0.0,6
2023-05-10 13:34:06,p2312-P-6800,p2312-P-6800,338.5,0.0,0.0,0.0,1,100.0,0.0,0,338.5,0.0,0.0,0.0,0.0,0.0,6
2023-05-10 13:34:07,p2312-P-6800,p2312-P-6800,338.5,0.0,0.0,0.0,1,100.5,0.0,0,338.5,0.0,0.0,0.0,0.0,0.0,6
2023-05-10 14:01:34,p2312-P-6800,p2312-P-6800,338.5,0.0,0.0,0.0,1,101.0,0.0,0,338.5,0.0,0.0,0.0,0.0,0.0,6
2023-05-10 14:01:51,p2312-P-6800,p2312-P-6800,338.5,0.0,0.0,0.0,1,101.5,0.0,0,338.5,0.0,0.0,0.0,0.0,0.0,6
2023-05-10 14:49:54,p2312-P-6800,p2312-P-6800,338.5,0.0,0.0,0.0,1,102.0,0.0,0,338.5,0.0,0.0,0.0,0.0,0.0,6
2023-05-10 14:49:56,p2312-P-6800,p2312-P-6800,338.5,0.0,0.0,0.0,1,102.5,0.0,0,338.5,0.0,0.0,0.0,0.0,0.0,6
2023-05-10 15:01:15,p2312-P-6800,p2312-P-6800,338.5,0.0,0.0,0.0,1,102.5,0.0,0,338.5,0.0,0.0,0.0,0.0,0.0,6
