time,symbol_id,symbol_name,last,trade_volume,trade_amount,open_interest_change,bv1,bp1,ap1,av1,yesterday_close,today_open,today_high,today_low,volume,amount,open_interest
2023-05-09 20:56:07,p2312-P-6400,p2312-P-6400,191.0,0.0,0.0,0.0,1,0.5,0.0,0,191.0,0.0,0.0,0.0,0.0,0.0,16
2023-05-09 21:00:44,p2312-P-6400,p2312-P-6400,191.0,0.0,0.0,0.0,1,8.5,0.0,0,191.0,0.0,0.0,0.0,0.0,0.0,16
2023-05-09 21:01:47,p2312-P-6400,p2312-P-6400,191.0,0.0,0.0,0.0,1,9.0,0.0,0,191.0,0.0,0.0,0.0,0.0,0.0,16
2023-05-09 21:02:44,p2312-P-6400,p2312-P-6400,191.0,0.0,0.0,0.0,1,9.5,0.0,0,191.0,0.0,0.0,0.0,0.0,0.0,16
2023-05-09 21:31:48,p2312-P-6400,p2312-P-6400,191.0,0.0,0.0,0.0,1,10.0,0.0,0,191.0,0.0,0.0,0.0,0.0,0.0,16
2023-05-09 21:31:59,p2312-P-6400,p2312-P-6400,191.0,0.0,0.0,0.0,1,10.5,0.0,0,191.0,0.0,0.0,0.0,0.0,0.0,16
2023-05-09 22:01:48,p2312-P-6400,p2312-P-6400,191.0,0.0,0.0,0.0,1,11.0,0.0,0,191.0,0.0,0.0,0.0,0.0,0.0,16
2023-05-09 22:01:51,p2312-P-6400,p2312-P-6400,191.0,0.0,0.0,0.0,1,11.5,0.0,0,191.0,0.0,0.0,0.0,0.0,0.0,16
2023-05-09 22:31:48,p2312-P-6400,p2312-P-6400,191.0,0.0,0.0,0.0,1,12.0,0.0,0,191.0,0.0,0.0,0.0,0.0,0.0,16
2023-05-09 22:31:55,p2312-P-6400,p2312-P-6400,191.0,0.0,0.0,0.0,1,12.5,0.0,0,191.0,0.0,0.0,0.0,0.0,0.0,16
2023-05-09 22:57:21,p2312-P-6400,p2312-P-6400,191.0,0.0,0.0,0.0,1,12.0,0.0,0,191.0,0.0,0.0,0.0,0.0,0.0,16
2023-05-10 09:00:50,p2312-P-6400,p2312-P-6400,191.0,0.0,0.0,0.0,1,13.0,0.0,0,191.0,0.0,0.0,0.0,0.0,0.0,16
2023-05-10 09:01:49,p2312-P-6400,p2312-P-6400,191.0,0.0,0.0,0.0,1,13.5,0.0,0,191.0,0.0,0.0,0.0,0.0,0.0,16
2023-05-10 09:03:34,p2312-P-6400,p2312-P-6400,191.0,0.0,0.0,0.0,1,14.0,0.0,0,191.0,0.0,0.0,0.0,0.0,0.0,16
2023-05-10 09:43:21,p2312-P-6400,p2312-P-6400,191.0,0.0,0.0,0.0,1,14.5,0.0,0,191.0,0.0,0.0,0.0,0.0,0.0,16
2023-05-10 09:43:30,p2312-P-6400,p2312-P-6400,191.0,0.0,0.0,0.0,1,15.0,0.0,0,191.0,0.0,0.0,0.0,0.0,0.0,16
2023-05-10 10:12:16,p2312-P-6400,p2312-P-6400,191.0,0.0,0.0,0.0,1,14.5,0.0,0,191.0,0.0,0.0,0.0,0.0,0.0,16
2023-05-10 10:30:31,p2312-P-6400,p2312-P-6400,191.0,0.0,0.0,0.0,1,15.0,0.0,0,191.0,0.0,0.0,0.0,0.0,0.0,16
2023-05-10 11:00:26,p2312-P-6400,p2312-P-6400,191.0,0.0,0.0,0.0,1,15.5,0.0,0,191.0,0.0,0.0,0.0,0.0,0.0,16
2023-05-10 11:00:29,p2312-P-6400,p2312-P-6400,191.0,0.0,0.0,0.0,1,16.0,0.0,0,191.0,0.0,0.0,0.0,0.0,0.0,16
2023-05-10 11:27:16,p2312-P-6400,p2312-P-6400,191.0,0.0,0.0,0.0,1,15.5,0.0,0,191.0,0.0,0.0,0.0,0.0,0.0,16
2023-05-10 11:29:49,p2312-P-6400,p2312-P-6400,191.0,0.0,0.0,0.0,1,13.0,0.0,0,191.0,0.0,0.0,0.0,0.0,0.0,16
2023-05-10 13:31:08,p2312-P-6400,p2312-P-6400,191.0,0.0,0.0,0.0,1,13.5,0.0,0,191.0,0.0,0.0,0.0,0.0,0.0,16
2023-05-10 13:32:56,p2312-P-6400,p2312-P-6400,191.0,0.0,0.0,0.0,1,14.0,0.0,0,191.0,0.0,0.0,0.0,0.0,0.0,16
2023-05-10 13:33:37,p2312-P-6400,p2312-P-6400,191.0,0.0,0.0,0.0,1,183.0,207.0,1,191.0,0.0,0.0,0.0,0.0,0.0,16
2023-05-10 13:33:38,p2312-P-6400,p2312-P-6400,191.0,0.0,0.0,0.0,2,183.0,207.0,2,191.0,0.0,0.0,0.0,0.0,0.0,16
2023-05-10 13:33:46,p2312-P-6400,p2312-P-6400,191.0,0.0,0.0,0.0,2,190.5,207.0,2,191.0,0.0,0.0,0.0,0.0,0.0,16
2023-05-10 13:33:49,p2312-P-6400,p2312-P-6400,191.0,0.0,0.0,0.0,2,190.5,207.0,1,191.0,0.0,0.0,0.0,0.0,0.0,16
2023-05-10 13:33:50,p2312-P-6400,p2312-P-6400,191.0,0.0,0.0,0.0,3,190.5,210.0,1,191.0,0.0,0.0,0.0,0.0,0.0,16
2023-05-10 13:33:57,p2312-P-6400,p2312-P-6400,191.0,0.0,0.0,0.0,1,190.5,212.0,1,191.0,0.0,0.0,0.0,0.0,0.0,16
2023-05-10 13:34:00,p2312-P-6400,p2312-P-6400,191.0,0.0,0.0,0.0,1,190.5,214.5,1,191.0,0.0,0.0,0.0,0.0,0.0,16
2023-05-10 13:34:02,p2312-P-6400,p2312-P-6400,191.0,0.0,0.0,0.0,1,13.5,0.0,0,191.0,0.0,0.0,0.0,0.0,0.0,16
2023-05-10 13:34:03,p2312-P-6400,p2312-P-6400,191.0,0.0,0.0,0.0,1,14.0,0.0,0,191.0,0.0,0.0,0.0,0.0,0.0,16
2023-05-10 14:01:34,p2312-P-6400,p2312-P-6400,191.0,0.0,0.0,0.0,1,14.5,0.0,0,191.0,0.0,0.0,0.0,0.0,0.0,16
2023-05-10 14:01:51,p2312-P-6400,p2312-P-6400,191.0,0.0,0.0,0.0,1,15.0,0.0,0,191.0,0.0,0.0,0.0,0.0,0.0,16
2023-05-10 14:49:29,p2312-P-6400,p2312-P-6400,191.0,0.0,0.0,0.0,1,15.5,0.0,0,191.0,0.0,0.0,0.0,0.0,0.0,16
2023-05-10 14:49:34,p2312-P-6400,p2312-P-6400,191.0,0.0,0.0,0.0,1,16.0,0.0,0,191.0,0.0,0.0,0.0,0.0,0.0,16
2023-05-10 15:01:15,p2312-P-6400,p2312-P-6400,191.0,0.0,0.0,0.0,1,16.0,0.0,0,191.0,0.0,0.0,0.0,0.0,0.0,16
