time,symbol_id,symbol_name,last,trade_volume,trade_amount,open_interest_change,bv1,bp1,ap1,av1,yesterday_close,today_open,today_high,today_low,volume,amount,open_interest
2023-05-09 20:56:01,p2311-P-6500,棕榈油2311沽6500,196.0,0.0,0.0,0.0,1,0.5,0.0,0,196.0,0.0,0.0,0.0,0.0,0.0,15
2023-05-09 21:00:26,p2311-P-6500,棕榈油2311沽6500,196.0,0.0,0.0,0.0,10,1.0,0.0,0,196.0,0.0,0.0,0.0,0.0,0.0,15
2023-05-09 21:00:44,p2311-P-6500,棕榈油2311沽6500,196.0,0.0,0.0,0.0,11,1.0,0.0,0,196.0,0.0,0.0,0.0,0.0,0.0,15
2023-05-09 21:01:45,p2311-P-6500,棕榈油2311沽6500,196.0,0.0,0.0,0.0,1,1.5,0.0,0,196.0,0.0,0.0,0.0,0.0,0.0,15
2023-05-09 21:01:45,p2311-P-6500,棕榈油2311沽6500,196.0,0.0,0.0,0.0,10,2.0,0.0,0,196.0,0.0,0.0,0.0,0.0,0.0,15
2023-05-09 21:03:26,p2311-P-6500,棕榈油2311沽6500,196.0,0.0,0.0,0.0,1,2.5,0.0,0,196.0,0.0,0.0,0.0,0.0,0.0,15
2023-05-09 21:03:26,p2311-P-6500,棕榈油2311沽6500,196.0,0.0,0.0,0.0,10,3.0,0.0,0,196.0,0.0,0.0,0.0,0.0,0.0,15
2023-05-09 21:13:13,p2311-P-6500,棕榈油2311沽6500,196.0,0.0,0.0,0.0,1,7.0,0.0,0,196.0,0.0,0.0,0.0,0.0,0.0,15
2023-05-09 21:13:13,p2311-P-6500,棕榈油2311沽6500,196.0,0.0,0.0,0.0,10,7.5,0.0,0,196.0,0.0,0.0,0.0,0.0,0.0,15
2023-05-09 21:15:39,p2311-P-6500,棕榈油2311沽6500,196.0,0.0,0.0,0.0,1,8.0,0.0,0,196.0,0.0,0.0,0.0,0.0,0.0,15
2023-05-09 21:15:39,p2311-P-6500,棕榈油2311沽6500,196.0,0.0,0.0,0.0,10,8.5,0.0,0,196.0,0.0,0.0,0.0,0.0,0.0,15
2023-05-09 21:16:04,p2311-P-6500,棕榈油2311沽6500,196.0,0.0,0.0,0.0,1,9.0,0.0,0,196.0,0.0,0.0,0.0,0.0,0.0,15
2023-05-09 21:16:04,p2311-P-6500,棕榈油2311沽6500,196.0,0.0,0.0,0.0,10,9.5,0.0,0,196.0,0.0,0.0,0.0,0.0,0.0,15
2023-05-09 21:16:07,p2311-P-6500,棕榈油2311沽6500,196.0,0.0,0.0,0.0,1,10.0,0.0,0,196.0,0.0,0.0,0.0,0.0,0.0,15
2023-05-09 21:16:07,p2311-P-6500,棕榈油2311沽6500,196.0,0.0,0.0,0.0,10,10.5,0.0,0,196.0,0.0,0.0,0.0,0.0,0.0,15
2023-05-09 21:16:08,p2311-P-6500,棕榈油2311沽6500,196.0,0.0,0.0,0.0,1,11.0,0.0,0,196.0,0.0,0.0,0.0,0.0,0.0,15
2023-05-09 21:16:08,p2311-P-6500,棕榈油2311沽6500,196.0,0.0,0.0,0.0,10,11.5,0.0,0,196.0,0.0,0.0,0.0,0.0,0.0,15
2023-05-09 21:16:10,p2311-P-6500,棕榈油2311沽6500,196.0,0.0,0.0,0.0,1,12.0,0.0,0,196.0,0.0,0.0,0.0,0.0,0.0,15
2023-05-09 21:16:10,p2311-P-6500,棕榈油2311沽6500,196.0,0.0,0.0,0.0,10,12.5,0.0,0,196.0,0.0,0.0,0.0,0.0,0.0,15
2023-05-09 21:16:11,p2311-P-6500,棕榈油2311沽6500,196.0,0.0,0.0,0.0,1,13.0,0.0,0,196.0,0.0,0.0,0.0,0.0,0.0,15
2023-05-09 21:16:11,p2311-P-6500,棕榈油2311沽6500,196.0,0.0,0.0,0.0,10,13.5,0.0,0,196.0,0.0,0.0,0.0,0.0,0.0,15
2023-05-09 21:16:12,p2311-P-6500,棕榈油2311沽6500,196.0,0.0,0.0,0.0,1,14.0,0.0,0,196.0,0.0,0.0,0.0,0.0,0.0,15
2023-05-09 21:16:12,p2311-P-6500,棕榈油2311沽6500,196.0,0.0,0.0,0.0,10,14.5,0.0,0,196.0,0.0,0.0,0.0,0.0,0.0,15
2023-05-09 21:16:13,p2311-P-6500,棕榈油2311沽6500,196.0,0.0,0.0,0.0,1,15.0,0.0,0,196.0,0.0,0.0,0.0,0.0,0.0,15
2023-05-09 21:16:13,p2311-P-6500,棕榈油2311沽6500,196.0,0.0,0.0,0.0,10,15.5,0.0,0,196.0,0.0,0.0,0.0,0.0,0.0,15
2023-05-09 21:16:14,p2311-P-6500,棕榈油2311沽6500,196.0,0.0,0.0,0.0,1,16.0,0.0,0,196.0,0.0,0.0,0.0,0.0,0.0,15
2023-05-09 21:16:14,p2311-P-6500,棕榈油2311沽6500,196.0,0.0,0.0,0.0,10,16.5,0.0,0,196.0,0.0,0.0,0.0,0.0,0.0,15
2023-05-09 21:16:16,p2311-P-6500,棕榈油2311沽6500,196.0,0.0,0.0,0.0,1,17.0,0.0,0,196.0,0.0,0.0,0.0,0.0,0.0,15
2023-05-09 21:16:16,p2311-P-6500,棕榈油2311沽6500,196.0,0.0,0.0,0.0,10,17.5,0.0,0,196.0,0.0,0.0,0.0,0.0,0.0,15
2023-05-09 21:16:17,p2311-P-6500,棕榈油2311沽6500,196.0,0.0,0.0,0.0,1,18.0,0.0,0,196.0,0.0,0.0,0.0,0.0,0.0,15
2023-05-09 21:16:17,p2311-P-6500,棕榈油2311沽6500,196.0,0.0,0.0,0.0,10,18.5,0.0,0,196.0,0.0,0.0,0.0,0.0,0.0,15
2023-05-09 21:16:19,p2311-P-6500,棕榈油2311沽6500,196.0,0.0,0.0,0.0,1,19.0,0.0,0,196.0,0.0,0.0,0.0,0.0,0.0,15
2023-05-09 21:16:19,p2311-P-6500,棕榈油2311沽6500,196.0,0.0,0.0,0.0,10,19.5,0.0,0,196.0,0.0,0.0,0.0,0.0,0.0,15
2023-05-09 21:16:21,p2311-P-6500,棕榈油2311沽6500,196.0,0.0,0.0,0.0,1,20.0,0.0,0,196.0,0.0,0.0,0.0,0.0,0.0,15
2023-05-09 21:16:21,p2311-P-6500,棕榈油2311沽6500,196.0,0.0,0.0,0.0,10,20.5,0.0,0,196.0,0.0,0.0,0.0,0.0,0.0,15
2023-05-09 21:16:22,p2311-P-6500,棕榈油2311沽6500,196.0,0.0,0.0,0.0,1,21.0,0.0,0,196.0,0.0,0.0,0.0,0.0,0.0,15
2023-05-09 21:16:22,p2311-P-6500,棕榈油2311沽6500,196.0,0.0,0.0,0.0,10,21.5,0.0,0,196.0,0.0,0.0,0.0,0.0,0.0,15
2023-05-09 21:16:23,p2311-P-6500,棕榈油2311沽6500,196.0,0.0,0.0,0.0,1,22.0,0.0,0,196.0,0.0,0.0,0.0,0.0,0.0,15
2023-05-09 21:16:23,p2311-P-6500,棕榈油2311沽6500,196.0,0.0,0.0,0.0,10,22.5,0.0,0,196.0,0.0,0.0,0.0,0.0,0.0,15
2023-05-09 21:16:25,p2311-P-6500,棕榈油2311沽6500,196.0,0.0,0.0,0.0,1,23.0,0.0,0,196.0,0.0,0.0,0.0,0.0,0.0,15
2023-05-09 21:16:25,p2311-P-6500,棕榈油2311沽6500,196.0,0.0,0.0,0.0,10,23.5,0.0,0,196.0,0.0,0.0,0.0,0.0,0.0,15
2023-05-09 21:16:27,p2311-P-6500,棕榈油2311沽6500,196.0,0.0,0.0,0.0,1,24.0,0.0,0,196.0,0.0,0.0,0.0,0.0,0.0,15
2023-05-09 21:16:27,p2311-P-6500,棕榈油2311沽6500,196.0,0.0,0.0,0.0,10,24.5,0.0,0,196.0,0.0,0.0,0.0,0.0,0.0,15
2023-05-09 21:16:29,p2311-P-6500,棕榈油2311沽6500,196.0,0.0,0.0,0.0,1,25.0,0.0,0,196.0,0.0,0.0,0.0,0.0,0.0,15
2023-05-09 21:16:29,p2311-P-6500,棕榈油2311沽6500,196.0,0.0,0.0,0.0,10,25.5,0.0,0,196.0,0.0,0.0,0.0,0.0,0.0,15
2023-05-09 21:16:30,p2311-P-6500,棕榈油2311沽6500,196.0,0.0,0.0,0.0,1,26.0,0.0,0,196.0,0.0,0.0,0.0,0.0,0.0,15
2023-05-09 21:16:30,p2311-P-6500,棕榈油2311沽6500,196.0,0.0,0.0,0.0,10,26.5,0.0,0,196.0,0.0,0.0,0.0,0.0,0.0,15
2023-05-09 21:16:32,p2311-P-6500,棕榈油2311沽6500,196.0,0.0,0.0,0.0,1,27.0,0.0,0,196.0,0.0,0.0,0.0,0.0,0.0,15
2023-05-09 21:16:32,p2311-P-6500,棕榈油2311沽6500,196.0,0.0,0.0,0.0,10,27.5,0.0,0,196.0,0.0,0.0,0.0,0.0,0.0,15
2023-05-09 21:16:33,p2311-P-6500,棕榈油2311沽6500,196.0,0.0,0.0,0.0,1,28.0,0.0,0,196.0,0.0,0.0,0.0,0.0,0.0,15
2023-05-09 21:16:33,p2311-P-6500,棕榈油2311沽6500,196.0,0.0,0.0,0.0,10,28.5,0.0,0,196.0,0.0,0.0,0.0,0.0,0.0,15
2023-05-09 21:16:35,p2311-P-6500,棕榈油2311沽6500,196.0,0.0,0.0,0.0,1,29.0,0.0,0,196.0,0.0,0.0,0.0,0.0,0.0,15
2023-05-09 21:16:35,p2311-P-6500,棕榈油2311沽6500,196.0,0.0,0.0,0.0,10,29.5,0.0,0,196.0,0.0,0.0,0.0,0.0,0.0,15
2023-05-09 21:16:36,p2311-P-6500,棕榈油2311沽6500,196.0,0.0,0.0,0.0,1,30.0,0.0,0,196.0,0.0,0.0,0.0,0.0,0.0,15
2023-05-09 21:16:36,p2311-P-6500,棕榈油2311沽6500,196.0,0.0,0.0,0.0,10,30.5,0.0,0,196.0,0.0,0.0,0.0,0.0,0.0,15
2023-05-09 21:16:41,p2311-P-6500,棕榈油2311沽6500,196.0,0.0,0.0,0.0,1,31.0,0.0,0,196.0,0.0,0.0,0.0,0.0,0.0,15
2023-05-09 21:16:41,p2311-P-6500,棕榈油2311沽6500,196.0,0.0,0.0,0.0,10,31.5,0.0,0,196.0,0.0,0.0,0.0,0.0,0.0,15
2023-05-09 21:16:42,p2311-P-6500,棕榈油2311沽6500,196.0,0.0,0.0,0.0,1,32.0,0.0,0,196.0,0.0,0.0,0.0,0.0,0.0,15
2023-05-09 21:16:42,p2311-P-6500,棕榈油2311沽6500,196.0,0.0,0.0,0.0,10,32.5,0.0,0,196.0,0.0,0.0,0.0,0.0,0.0,15
2023-05-09 21:16:43,p2311-P-6500,棕榈油2311沽6500,196.0,0.0,0.0,0.0,1,33.0,0.0,0,196.0,0.0,0.0,0.0,0.0,0.0,15
2023-05-09 21:16:43,p2311-P-6500,棕榈油2311沽6500,196.0,0.0,0.0,0.0,10,33.5,0.0,0,196.0,0.0,0.0,0.0,0.0,0.0,15
2023-05-09 21:16:45,p2311-P-6500,棕榈油2311沽6500,196.0,0.0,0.0,0.0,1,34.0,0.0,0,196.0,0.0,0.0,0.0,0.0,0.0,15
2023-05-09 21:16:45,p2311-P-6500,棕榈油2311沽6500,196.0,0.0,0.0,0.0,10,34.5,0.0,0,196.0,0.0,0.0,0.0,0.0,0.0,15
2023-05-09 21:16:46,p2311-P-6500,棕榈油2311沽6500,196.0,0.0,0.0,0.0,1,35.0,0.0,0,196.0,0.0,0.0,0.0,0.0,0.0,15
2023-05-09 21:16:46,p2311-P-6500,棕榈油2311沽6500,196.0,0.0,0.0,0.0,10,35.5,0.0,0,196.0,0.0,0.0,0.0,0.0,0.0,15
2023-05-09 21:16:48,p2311-P-6500,棕榈油2311沽6500,196.0,0.0,0.0,0.0,1,36.0,0.0,0,196.0,0.0,0.0,0.0,0.0,0.0,15
2023-05-09 21:16:48,p2311-P-6500,棕榈油2311沽6500,196.0,0.0,0.0,0.0,10,36.5,0.0,0,196.0,0.0,0.0,0.0,0.0,0.0,15
2023-05-09 21:16:49,p2311-P-6500,棕榈油2311沽6500,196.0,0.0,0.0,0.0,1,37.0,0.0,0,196.0,0.0,0.0,0.0,0.0,0.0,15
2023-05-09 21:16:49,p2311-P-6500,棕榈油2311沽6500,196.0,0.0,0.0,0.0,10,37.5,0.0,0,196.0,0.0,0.0,0.0,0.0,0.0,15
2023-05-09 21:16:51,p2311-P-6500,棕榈油2311沽6500,196.0,0.0,0.0,0.0,1,38.0,0.0,0,196.0,0.0,0.0,0.0,0.0,0.0,15
2023-05-09 21:16:51,p2311-P-6500,棕榈油2311沽6500,196.0,0.0,0.0,0.0,10,38.5,0.0,0,196.0,0.0,0.0,0.0,0.0,0.0,15
2023-05-09 21:16:52,p2311-P-6500,棕榈油2311沽6500,196.0,0.0,0.0,0.0,1,39.0,0.0,0,196.0,0.0,0.0,0.0,0.0,0.0,15
2023-05-09 21:16:52,p2311-P-6500,棕榈油2311沽6500,196.0,0.0,0.0,0.0,10,39.5,0.0,0,196.0,0.0,0.0,0.0,0.0,0.0,15
2023-05-09 21:16:53,p2311-P-6500,棕榈油2311沽6500,196.0,0.0,0.0,0.0,1,40.0,0.0,0,196.0,0.0,0.0,0.0,0.0,0.0,15
2023-05-09 21:16:53,p2311-P-6500,棕榈油2311沽6500,196.0,0.0,0.0,0.0,10,40.5,0.0,0,196.0,0.0,0.0,0.0,0.0,0.0,15
2023-05-09 21:16:55,p2311-P-6500,棕榈油2311沽6500,196.0,0.0,0.0,0.0,1,41.0,0.0,0,196.0,0.0,0.0,0.0,0.0,0.0,15
2023-05-09 21:16:55,p2311-P-6500,棕榈油2311沽6500,196.0,0.0,0.0,0.0,10,41.5,0.0,0,196.0,0.0,0.0,0.0,0.0,0.0,15
2023-05-09 21:16:57,p2311-P-6500,棕榈油2311沽6500,196.0,0.0,0.0,0.0,1,42.0,0.0,0,196.0,0.0,0.0,0.0,0.0,0.0,15
2023-05-09 21:16:57,p2311-P-6500,棕榈油2311沽6500,196.0,0.0,0.0,0.0,10,42.5,0.0,0,196.0,0.0,0.0,0.0,0.0,0.0,15
2023-05-09 21:16:58,p2311-P-6500,棕榈油2311沽6500,196.0,0.0,0.0,0.0,1,43.0,0.0,0,196.0,0.0,0.0,0.0,0.0,0.0,15
2023-05-09 21:16:58,p2311-P-6500,棕榈油2311沽6500,196.0,0.0,0.0,0.0,10,43.5,0.0,0,196.0,0.0,0.0,0.0,0.0,0.0,15
2023-05-09 21:17:00,p2311-P-6500,棕榈油2311沽6500,196.0,0.0,0.0,0.0,1,44.0,0.0,0,196.0,0.0,0.0,0.0,0.0,0.0,15
2023-05-09 21:17:00,p2311-P-6500,棕榈油2311沽6500,196.0,0.0,0.0,0.0,10,44.5,0.0,0,196.0,0.0,0.0,0.0,0.0,0.0,15
2023-05-09 21:17:04,p2311-P-6500,棕榈油2311沽6500,196.0,0.0,0.0,0.0,1,45.0,0.0,0,196.0,0.0,0.0,0.0,0.0,0.0,15
2023-05-09 21:17:04,p2311-P-6500,棕榈油2311沽6500,196.0,0.0,0.0,0.0,10,45.5,0.0,0,196.0,0.0,0.0,0.0,0.0,0.0,15
2023-05-09 21:17:07,p2311-P-6500,棕榈油2311沽6500,196.0,0.0,0.0,0.0,1,46.0,0.0,0,196.0,0.0,0.0,0.0,0.0,0.0,15
2023-05-09 21:17:07,p2311-P-6500,棕榈油2311沽6500,196.0,0.0,0.0,0.0,10,46.5,0.0,0,196.0,0.0,0.0,0.0,0.0,0.0,15
2023-05-09 21:17:11,p2311-P-6500,棕榈油2311沽6500,196.0,0.0,0.0,0.0,1,47.0,0.0,0,196.0,0.0,0.0,0.0,0.0,0.0,15
2023-05-09 21:17:11,p2311-P-6500,棕榈油2311沽6500,196.0,0.0,0.0,0.0,10,47.5,0.0,0,196.0,0.0,0.0,0.0,0.0,0.0,15
2023-05-09 21:17:17,p2311-P-6500,棕榈油2311沽6500,196.0,0.0,0.0,0.0,1,48.0,0.0,0,196.0,0.0,0.0,0.0,0.0,0.0,15
2023-05-09 21:17:17,p2311-P-6500,棕榈油2311沽6500,196.0,0.0,0.0,0.0,10,48.5,0.0,0,196.0,0.0,0.0,0.0,0.0,0.0,15
2023-05-09 21:17:21,p2311-P-6500,棕榈油2311沽6500,196.0,0.0,0.0,0.0,1,49.0,0.0,0,196.0,0.0,0.0,0.0,0.0,0.0,15
2023-05-09 21:17:21,p2311-P-6500,棕榈油2311沽6500,196.0,0.0,0.0,0.0,10,49.5,0.0,0,196.0,0.0,0.0,0.0,0.0,0.0,15
2023-05-09 21:17:26,p2311-P-6500,棕榈油2311沽6500,196.0,0.0,0.0,0.0,1,50.0,0.0,0,196.0,0.0,0.0,0.0,0.0,0.0,15
2023-05-09 21:17:26,p2311-P-6500,棕榈油2311沽6500,196.0,0.0,0.0,0.0,10,50.5,0.0,0,196.0,0.0,0.0,0.0,0.0,0.0,15
2023-05-09 21:17:28,p2311-P-6500,棕榈油2311沽6500,196.0,0.0,0.0,0.0,1,51.0,0.0,0,196.0,0.0,0.0,0.0,0.0,0.0,15
2023-05-09 21:17:28,p2311-P-6500,棕榈油2311沽6500,196.0,0.0,0.0,0.0,10,51.5,0.0,0,196.0,0.0,0.0,0.0,0.0,0.0,15
2023-05-09 21:17:29,p2311-P-6500,棕榈油2311沽6500,196.0,0.0,0.0,0.0,1,52.0,0.0,0,196.0,0.0,0.0,0.0,0.0,0.0,15
2023-05-09 21:17:29,p2311-P-6500,棕榈油2311沽6500,196.0,0.0,0.0,0.0,10,52.5,0.0,0,196.0,0.0,0.0,0.0,0.0,0.0,15
2023-05-09 21:17:31,p2311-P-6500,棕榈油2311沽6500,196.0,0.0,0.0,0.0,1,53.0,0.0,0,196.0,0.0,0.0,0.0,0.0,0.0,15
2023-05-09 21:17:31,p2311-P-6500,棕榈油2311沽6500,196.0,0.0,0.0,0.0,10,53.5,0.0,0,196.0,0.0,0.0,0.0,0.0,0.0,15
2023-05-09 21:17:32,p2311-P-6500,棕榈油2311沽6500,196.0,0.0,0.0,0.0,1,54.0,0.0,0,196.0,0.0,0.0,0.0,0.0,0.0,15
2023-05-09 21:17:32,p2311-P-6500,棕榈油2311沽6500,196.0,0.0,0.0,0.0,10,54.5,0.0,0,196.0,0.0,0.0,0.0,0.0,0.0,15
2023-05-09 21:17:34,p2311-P-6500,棕榈油2311沽6500,196.0,0.0,0.0,0.0,1,55.0,0.0,0,196.0,0.0,0.0,0.0,0.0,0.0,15
2023-05-09 21:17:34,p2311-P-6500,棕榈油2311沽6500,196.0,0.0,0.0,0.0,10,55.5,0.0,0,196.0,0.0,0.0,0.0,0.0,0.0,15
2023-05-09 21:17:35,p2311-P-6500,棕榈油2311沽6500,196.0,0.0,0.0,0.0,1,56.0,0.0,0,196.0,0.0,0.0,0.0,0.0,0.0,15
2023-05-09 21:17:35,p2311-P-6500,棕榈油2311沽6500,196.0,0.0,0.0,0.0,10,56.5,0.0,0,196.0,0.0,0.0,0.0,0.0,0.0,15
2023-05-09 21:17:37,p2311-P-6500,棕榈油2311沽6500,196.0,0.0,0.0,0.0,1,57.0,0.0,0,196.0,0.0,0.0,0.0,0.0,0.0,15
2023-05-09 21:17:37,p2311-P-6500,棕榈油2311沽6500,196.0,0.0,0.0,0.0,10,57.5,0.0,0,196.0,0.0,0.0,0.0,0.0,0.0,15
2023-05-09 21:17:38,p2311-P-6500,棕榈油2311沽6500,196.0,0.0,0.0,0.0,1,58.0,0.0,0,196.0,0.0,0.0,0.0,0.0,0.0,15
2023-05-09 21:17:38,p2311-P-6500,棕榈油2311沽6500,196.0,0.0,0.0,0.0,10,58.5,0.0,0,196.0,0.0,0.0,0.0,0.0,0.0,15
2023-05-09 21:17:40,p2311-P-6500,棕榈油2311沽6500,196.0,0.0,0.0,0.0,1,59.0,0.0,0,196.0,0.0,0.0,0.0,0.0,0.0,15
2023-05-09 21:17:40,p2311-P-6500,棕榈油2311沽6500,196.0,0.0,0.0,0.0,10,59.5,0.0,0,196.0,0.0,0.0,0.0,0.0,0.0,15
2023-05-09 21:17:41,p2311-P-6500,棕榈油2311沽6500,196.0,0.0,0.0,0.0,1,60.0,0.0,0,196.0,0.0,0.0,0.0,0.0,0.0,15
2023-05-09 21:17:41,p2311-P-6500,棕榈油2311沽6500,196.0,0.0,0.0,0.0,10,60.5,0.0,0,196.0,0.0,0.0,0.0,0.0,0.0,15
2023-05-09 21:17:43,p2311-P-6500,棕榈油2311沽6500,196.0,0.0,0.0,0.0,1,61.0,0.0,0,196.0,0.0,0.0,0.0,0.0,0.0,15
2023-05-09 21:17:43,p2311-P-6500,棕榈油2311沽6500,196.0,0.0,0.0,0.0,10,61.5,0.0,0,196.0,0.0,0.0,0.0,0.0,0.0,15
2023-05-09 21:17:44,p2311-P-6500,棕榈油2311沽6500,196.0,0.0,0.0,0.0,1,62.0,0.0,0,196.0,0.0,0.0,0.0,0.0,0.0,15
2023-05-09 21:17:44,p2311-P-6500,棕榈油2311沽6500,196.0,0.0,0.0,0.0,10,62.5,0.0,0,196.0,0.0,0.0,0.0,0.0,0.0,15
2023-05-09 21:17:46,p2311-P-6500,棕榈油2311沽6500,196.0,0.0,0.0,0.0,1,63.0,0.0,0,196.0,0.0,0.0,0.0,0.0,0.0,15
2023-05-09 21:17:46,p2311-P-6500,棕榈油2311沽6500,196.0,0.0,0.0,0.0,10,63.5,0.0,0,196.0,0.0,0.0,0.0,0.0,0.0,15
2023-05-09 21:17:47,p2311-P-6500,棕榈油2311沽6500,196.0,0.0,0.0,0.0,1,64.0,0.0,0,196.0,0.0,0.0,0.0,0.0,0.0,15
2023-05-09 21:17:47,p2311-P-6500,棕榈油2311沽6500,196.0,0.0,0.0,0.0,10,64.5,0.0,0,196.0,0.0,0.0,0.0,0.0,0.0,15
2023-05-09 21:17:49,p2311-P-6500,棕榈油2311沽6500,196.0,0.0,0.0,0.0,1,65.0,0.0,0,196.0,0.0,0.0,0.0,0.0,0.0,15
2023-05-09 21:17:49,p2311-P-6500,棕榈油2311沽6500,196.0,0.0,0.0,0.0,10,65.5,0.0,0,196.0,0.0,0.0,0.0,0.0,0.0,15
2023-05-09 21:17:50,p2311-P-6500,棕榈油2311沽6500,196.0,0.0,0.0,0.0,1,66.0,0.0,0,196.0,0.0,0.0,0.0,0.0,0.0,15
2023-05-09 21:17:50,p2311-P-6500,棕榈油2311沽6500,196.0,0.0,0.0,0.0,10,66.5,0.0,0,196.0,0.0,0.0,0.0,0.0,0.0,15
2023-05-09 21:17:52,p2311-P-6500,棕榈油2311沽6500,196.0,0.0,0.0,0.0,1,67.0,0.0,0,196.0,0.0,0.0,0.0,0.0,0.0,15
2023-05-09 21:17:52,p2311-P-6500,棕榈油2311沽6500,196.0,0.0,0.0,0.0,10,67.5,0.0,0,196.0,0.0,0.0,0.0,0.0,0.0,15
2023-05-09 21:17:53,p2311-P-6500,棕榈油2311沽6500,196.0,0.0,0.0,0.0,1,68.0,0.0,0,196.0,0.0,0.0,0.0,0.0,0.0,15
2023-05-09 21:17:53,p2311-P-6500,棕榈油2311沽6500,196.0,0.0,0.0,0.0,10,68.5,0.0,0,196.0,0.0,0.0,0.0,0.0,0.0,15
2023-05-09 21:17:55,p2311-P-6500,棕榈油2311沽6500,196.0,0.0,0.0,0.0,1,69.0,0.0,0,196.0,0.0,0.0,0.0,0.0,0.0,15
2023-05-09 21:17:55,p2311-P-6500,棕榈油2311沽6500,196.0,0.0,0.0,0.0,10,69.5,0.0,0,196.0,0.0,0.0,0.0,0.0,0.0,15
2023-05-09 21:17:56,p2311-P-6500,棕榈油2311沽6500,196.0,0.0,0.0,0.0,1,70.0,0.0,0,196.0,0.0,0.0,0.0,0.0,0.0,15
2023-05-09 21:17:56,p2311-P-6500,棕榈油2311沽6500,196.0,0.0,0.0,0.0,10,70.5,0.0,0,196.0,0.0,0.0,0.0,0.0,0.0,15
2023-05-09 21:17:58,p2311-P-6500,棕榈油2311沽6500,196.0,0.0,0.0,0.0,1,71.0,0.0,0,196.0,0.0,0.0,0.0,0.0,0.0,15
2023-05-09 21:17:58,p2311-P-6500,棕榈油2311沽6500,196.0,0.0,0.0,0.0,10,71.5,0.0,0,196.0,0.0,0.0,0.0,0.0,0.0,15
2023-05-09 21:17:59,p2311-P-6500,棕榈油2311沽6500,196.0,0.0,0.0,0.0,1,72.0,0.0,0,196.0,0.0,0.0,0.0,0.0,0.0,15
2023-05-09 21:17:59,p2311-P-6500,棕榈油2311沽6500,196.0,0.0,0.0,0.0,10,72.5,0.0,0,196.0,0.0,0.0,0.0,0.0,0.0,15
2023-05-09 21:18:01,p2311-P-6500,棕榈油2311沽6500,196.0,0.0,0.0,0.0,1,73.0,0.0,0,196.0,0.0,0.0,0.0,0.0,0.0,15
2023-05-09 21:18:01,p2311-P-6500,棕榈油2311沽6500,196.0,0.0,0.0,0.0,10,73.5,0.0,0,196.0,0.0,0.0,0.0,0.0,0.0,15
2023-05-09 21:18:02,p2311-P-6500,棕榈油2311沽6500,196.0,0.0,0.0,0.0,1,74.0,0.0,0,196.0,0.0,0.0,0.0,0.0,0.0,15
2023-05-09 21:18:02,p2311-P-6500,棕榈油2311沽6500,196.0,0.0,0.0,0.0,10,74.5,0.0,0,196.0,0.0,0.0,0.0,0.0,0.0,15
2023-05-09 21:18:04,p2311-P-6500,棕榈油2311沽6500,196.0,0.0,0.0,0.0,1,75.0,0.0,0,196.0,0.0,0.0,0.0,0.0,0.0,15
2023-05-09 21:18:04,p2311-P-6500,棕榈油2311沽6500,196.0,0.0,0.0,0.0,10,75.5,0.0,0,196.0,0.0,0.0,0.0,0.0,0.0,15
2023-05-09 21:18:05,p2311-P-6500,棕榈油2311沽6500,196.0,0.0,0.0,0.0,1,76.0,0.0,0,196.0,0.0,0.0,0.0,0.0,0.0,15
2023-05-09 21:18:05,p2311-P-6500,棕榈油2311沽6500,196.0,0.0,0.0,0.0,10,76.5,0.0,0,196.0,0.0,0.0,0.0,0.0,0.0,15
2023-05-09 21:18:07,p2311-P-6500,棕榈油2311沽6500,196.0,0.0,0.0,0.0,1,77.0,0.0,0,196.0,0.0,0.0,0.0,0.0,0.0,15
2023-05-09 21:18:07,p2311-P-6500,棕榈油2311沽6500,196.0,0.0,0.0,0.0,10,77.5,0.0,0,196.0,0.0,0.0,0.0,0.0,0.0,15
2023-05-09 21:18:08,p2311-P-6500,棕榈油2311沽6500,196.0,0.0,0.0,0.0,1,78.0,0.0,0,196.0,0.0,0.0,0.0,0.0,0.0,15
2023-05-09 21:18:08,p2311-P-6500,棕榈油2311沽6500,196.0,0.0,0.0,0.0,10,78.5,0.0,0,196.0,0.0,0.0,0.0,0.0,0.0,15
2023-05-09 21:18:10,p2311-P-6500,棕榈油2311沽6500,196.0,0.0,0.0,0.0,1,79.0,0.0,0,196.0,0.0,0.0,0.0,0.0,0.0,15
2023-05-09 21:18:10,p2311-P-6500,棕榈油2311沽6500,196.0,0.0,0.0,0.0,10,79.5,0.0,0,196.0,0.0,0.0,0.0,0.0,0.0,15
2023-05-09 21:18:11,p2311-P-6500,棕榈油2311沽6500,196.0,0.0,0.0,0.0,1,80.0,0.0,0,196.0,0.0,0.0,0.0,0.0,0.0,15
2023-05-09 21:18:11,p2311-P-6500,棕榈油2311沽6500,196.0,0.0,0.0,0.0,10,80.5,0.0,0,196.0,0.0,0.0,0.0,0.0,0.0,15
2023-05-09 21:18:12,p2311-P-6500,棕榈油2311沽6500,196.0,0.0,0.0,0.0,1,81.0,0.0,0,196.0,0.0,0.0,0.0,0.0,0.0,15
2023-05-09 21:18:13,p2311-P-6500,棕榈油2311沽6500,196.0,0.0,0.0,0.0,10,81.5,0.0,0,196.0,0.0,0.0,0.0,0.0,0.0,15
2023-05-09 21:18:14,p2311-P-6500,棕榈油2311沽6500,196.0,0.0,0.0,0.0,1,82.0,0.0,0,196.0,0.0,0.0,0.0,0.0,0.0,15
2023-05-09 21:18:14,p2311-P-6500,棕榈油2311沽6500,196.0,0.0,0.0,0.0,10,82.5,0.0,0,196.0,0.0,0.0,0.0,0.0,0.0,15
2023-05-09 21:18:15,p2311-P-6500,棕榈油2311沽6500,196.0,0.0,0.0,0.0,1,83.0,0.0,0,196.0,0.0,0.0,0.0,0.0,0.0,15
2023-05-09 21:18:15,p2311-P-6500,棕榈油2311沽6500,196.0,0.0,0.0,0.0,10,83.5,0.0,0,196.0,0.0,0.0,0.0,0.0,0.0,15
2023-05-09 21:18:17,p2311-P-6500,棕榈油2311沽6500,196.0,0.0,0.0,0.0,1,84.0,0.0,0,196.0,0.0,0.0,0.0,0.0,0.0,15
2023-05-09 21:18:17,p2311-P-6500,棕榈油2311沽6500,196.0,0.0,0.0,0.0,10,84.5,0.0,0,196.0,0.0,0.0,0.0,0.0,0.0,15
2023-05-09 21:18:18,p2311-P-6500,棕榈油2311沽6500,196.0,0.0,0.0,0.0,1,85.0,0.0,0,196.0,0.0,0.0,0.0,0.0,0.0,15
2023-05-09 21:18:18,p2311-P-6500,棕榈油2311沽6500,196.0,0.0,0.0,0.0,10,85.5,0.0,0,196.0,0.0,0.0,0.0,0.0,0.0,15
2023-05-09 21:18:20,p2311-P-6500,棕榈油2311沽6500,196.0,0.0,0.0,0.0,1,86.0,0.0,0,196.0,0.0,0.0,0.0,0.0,0.0,15
2023-05-09 21:18:20,p2311-P-6500,棕榈油2311沽6500,196.0,0.0,0.0,0.0,10,86.5,0.0,0,196.0,0.0,0.0,0.0,0.0,0.0,15
2023-05-09 21:18:21,p2311-P-6500,棕榈油2311沽6500,196.0,0.0,0.0,0.0,1,87.0,0.0,0,196.0,0.0,0.0,0.0,0.0,0.0,15
2023-05-09 21:18:21,p2311-P-6500,棕榈油2311沽6500,196.0,0.0,0.0,0.0,10,87.5,0.0,0,196.0,0.0,0.0,0.0,0.0,0.0,15
2023-05-09 21:18:22,p2311-P-6500,棕榈油2311沽6500,196.0,0.0,0.0,0.0,1,88.0,0.0,0,196.0,0.0,0.0,0.0,0.0,0.0,15
2023-05-09 21:18:22,p2311-P-6500,棕榈油2311沽6500,196.0,0.0,0.0,0.0,10,88.5,0.0,0,196.0,0.0,0.0,0.0,0.0,0.0,15
2023-05-09 21:18:24,p2311-P-6500,棕榈油2311沽6500,196.0,0.0,0.0,0.0,1,89.0,0.0,0,196.0,0.0,0.0,0.0,0.0,0.0,15
2023-05-09 21:18:24,p2311-P-6500,棕榈油2311沽6500,196.0,0.0,0.0,0.0,10,89.5,0.0,0,196.0,0.0,0.0,0.0,0.0,0.0,15
2023-05-09 21:18:25,p2311-P-6500,棕榈油2311沽6500,196.0,0.0,0.0,0.0,1,90.0,0.0,0,196.0,0.0,0.0,0.0,0.0,0.0,15
2023-05-09 21:18:25,p2311-P-6500,棕榈油2311沽6500,196.0,0.0,0.0,0.0,10,90.5,0.0,0,196.0,0.0,0.0,0.0,0.0,0.0,15
2023-05-09 21:18:27,p2311-P-6500,棕榈油2311沽6500,196.0,0.0,0.0,0.0,1,91.0,0.0,0,196.0,0.0,0.0,0.0,0.0,0.0,15
2023-05-09 21:18:27,p2311-P-6500,棕榈油2311沽6500,196.0,0.0,0.0,0.0,10,91.5,0.0,0,196.0,0.0,0.0,0.0,0.0,0.0,15
2023-05-09 21:18:28,p2311-P-6500,棕榈油2311沽6500,196.0,0.0,0.0,0.0,1,92.0,0.0,0,196.0,0.0,0.0,0.0,0.0,0.0,15
2023-05-09 21:18:28,p2311-P-6500,棕榈油2311沽6500,196.0,0.0,0.0,0.0,10,92.5,0.0,0,196.0,0.0,0.0,0.0,0.0,0.0,15
2023-05-09 21:18:29,p2311-P-6500,棕榈油2311沽6500,196.0,0.0,0.0,0.0,1,93.0,0.0,0,196.0,0.0,0.0,0.0,0.0,0.0,15
2023-05-09 21:18:29,p2311-P-6500,棕榈油2311沽6500,196.0,0.0,0.0,0.0,10,93.5,0.0,0,196.0,0.0,0.0,0.0,0.0,0.0,15
2023-05-09 21:18:31,p2311-P-6500,棕榈油2311沽6500,196.0,0.0,0.0,0.0,1,94.0,0.0,0,196.0,0.0,0.0,0.0,0.0,0.0,15
2023-05-09 21:18:31,p2311-P-6500,棕榈油2311沽6500,196.0,0.0,0.0,0.0,10,94.5,0.0,0,196.0,0.0,0.0,0.0,0.0,0.0,15
2023-05-09 21:18:32,p2311-P-6500,棕榈油2311沽6500,196.0,0.0,0.0,0.0,1,95.0,0.0,0,196.0,0.0,0.0,0.0,0.0,0.0,15
2023-05-09 21:18:32,p2311-P-6500,棕榈油2311沽6500,196.0,0.0,0.0,0.0,10,95.5,0.0,0,196.0,0.0,0.0,0.0,0.0,0.0,15
2023-05-09 21:18:34,p2311-P-6500,棕榈油2311沽6500,196.0,0.0,0.0,0.0,1,96.0,0.0,0,196.0,0.0,0.0,0.0,0.0,0.0,15
2023-05-09 21:18:34,p2311-P-6500,棕榈油2311沽6500,196.0,0.0,0.0,0.0,10,96.5,0.0,0,196.0,0.0,0.0,0.0,0.0,0.0,15
2023-05-09 21:18:35,p2311-P-6500,棕榈油2311沽6500,196.0,0.0,0.0,0.0,1,97.0,0.0,0,196.0,0.0,0.0,0.0,0.0,0.0,15
2023-05-09 21:18:35,p2311-P-6500,棕榈油2311沽6500,196.0,0.0,0.0,0.0,10,97.5,0.0,0,196.0,0.0,0.0,0.0,0.0,0.0,15
2023-05-09 21:18:37,p2311-P-6500,棕榈油2311沽6500,196.0,0.0,0.0,0.0,1,98.0,0.0,0,196.0,0.0,0.0,0.0,0.0,0.0,15
2023-05-09 21:18:37,p2311-P-6500,棕榈油2311沽6500,196.0,0.0,0.0,0.0,10,98.5,0.0,0,196.0,0.0,0.0,0.0,0.0,0.0,15
2023-05-09 22:56:55,p2311-P-6500,棕榈油2311沽6500,196.0,0.0,0.0,0.0,1,2.5,0.0,0,196.0,0.0,0.0,0.0,0.0,0.0,15
2023-05-09 22:56:56,p2311-P-6500,棕榈油2311沽6500,196.0,0.0,0.0,0.0,1,3.0,0.0,0,196.0,0.0,0.0,0.0,0.0,0.0,15
2023-05-09 22:59:14,p2311-P-6500,棕榈油2311沽6500,196.0,0.0,0.0,0.0,10,3.5,0.0,0,196.0,0.0,0.0,0.0,0.0,0.0,15
2023-05-09 22:59:56,p2311-P-6500,棕榈油2311沽6500,196.0,0.0,0.0,0.0,1,3.0,0.0,0,196.0,0.0,0.0,0.0,0.0,0.0,15
2023-05-10 09:00:02,p2311-P-6500,棕榈油2311沽6500,196.0,0.0,0.0,0.0,10,3.5,0.0,0,196.0,0.0,0.0,0.0,0.0,0.0,15
2023-05-10 09:00:50,p2311-P-6500,棕榈油2311沽6500,196.0,0.0,0.0,0.0,1,5.5,0.0,0,196.0,0.0,0.0,0.0,0.0,0.0,15
2023-05-10 09:00:50,p2311-P-6500,棕榈油2311沽6500,196.0,0.0,0.0,0.0,10,6.0,0.0,0,196.0,0.0,0.0,0.0,0.0,0.0,15
2023-05-10 09:01:42,p2311-P-6500,棕榈油2311沽6500,196.0,0.0,0.0,0.0,1,6.5,0.0,0,196.0,0.0,0.0,0.0,0.0,0.0,15
2023-05-10 09:01:42,p2311-P-6500,棕榈油2311沽6500,196.0,0.0,0.0,0.0,10,7.0,0.0,0,196.0,0.0,0.0,0.0,0.0,0.0,15
2023-05-10 09:03:35,p2311-P-6500,棕榈油2311沽6500,196.0,0.0,0.0,0.0,1,7.5,0.0,0,196.0,0.0,0.0,0.0,0.0,0.0,15
2023-05-10 09:03:35,p2311-P-6500,棕榈油2311沽6500,196.0,0.0,0.0,0.0,10,8.0,0.0,0,196.0,0.0,0.0,0.0,0.0,0.0,15
2023-05-10 09:17:45,p2311-P-6500,棕榈油2311沽6500,196.0,0.0,0.0,0.0,1,8.5,0.0,0,196.0,0.0,0.0,0.0,0.0,0.0,15
2023-05-10 09:17:45,p2311-P-6500,棕榈油2311沽6500,196.0,0.0,0.0,0.0,10,9.0,0.0,0,196.0,0.0,0.0,0.0,0.0,0.0,15
2023-05-10 09:18:03,p2311-P-6500,棕榈油2311沽6500,196.0,0.0,0.0,0.0,1,9.5,0.0,0,196.0,0.0,0.0,0.0,0.0,0.0,15
2023-05-10 09:18:03,p2311-P-6500,棕榈油2311沽6500,196.0,0.0,0.0,0.0,10,10.0,0.0,0,196.0,0.0,0.0,0.0,0.0,0.0,15
2023-05-10 09:18:28,p2311-P-6500,棕榈油2311沽6500,196.0,0.0,0.0,0.0,1,10.5,0.0,0,196.0,0.0,0.0,0.0,0.0,0.0,15
2023-05-10 09:18:28,p2311-P-6500,棕榈油2311沽6500,196.0,0.0,0.0,0.0,10,11.0,0.0,0,196.0,0.0,0.0,0.0,0.0,0.0,15
2023-05-10 09:18:36,p2311-P-6500,棕榈油2311沽6500,196.0,0.0,0.0,0.0,1,11.5,0.0,0,196.0,0.0,0.0,0.0,0.0,0.0,15
2023-05-10 09:18:36,p2311-P-6500,棕榈油2311沽6500,196.0,0.0,0.0,0.0,10,12.0,0.0,0,196.0,0.0,0.0,0.0,0.0,0.0,15
2023-05-10 09:18:39,p2311-P-6500,棕榈油2311沽6500,196.0,0.0,0.0,0.0,1,12.5,0.0,0,196.0,0.0,0.0,0.0,0.0,0.0,15
2023-05-10 09:18:39,p2311-P-6500,棕榈油2311沽6500,196.0,0.0,0.0,0.0,10,13.0,0.0,0,196.0,0.0,0.0,0.0,0.0,0.0,15
2023-05-10 09:18:40,p2311-P-6500,棕榈油2311沽6500,196.0,0.0,0.0,0.0,1,13.5,0.0,0,196.0,0.0,0.0,0.0,0.0,0.0,15
2023-05-10 09:18:40,p2311-P-6500,棕榈油2311沽6500,196.0,0.0,0.0,0.0,10,14.0,0.0,0,196.0,0.0,0.0,0.0,0.0,0.0,15
2023-05-10 09:18:42,p2311-P-6500,棕榈油2311沽6500,196.0,0.0,0.0,0.0,1,14.5,0.0,0,196.0,0.0,0.0,0.0,0.0,0.0,15
2023-05-10 09:18:42,p2311-P-6500,棕榈油2311沽6500,196.0,0.0,0.0,0.0,10,15.0,0.0,0,196.0,0.0,0.0,0.0,0.0,0.0,15
2023-05-10 09:18:43,p2311-P-6500,棕榈油2311沽6500,196.0,0.0,0.0,0.0,1,15.5,0.0,0,196.0,0.0,0.0,0.0,0.0,0.0,15
2023-05-10 09:18:43,p2311-P-6500,棕榈油2311沽6500,196.0,0.0,0.0,0.0,10,16.0,0.0,0,196.0,0.0,0.0,0.0,0.0,0.0,15
2023-05-10 09:18:45,p2311-P-6500,棕榈油2311沽6500,196.0,0.0,0.0,0.0,1,16.5,0.0,0,196.0,0.0,0.0,0.0,0.0,0.0,15
2023-05-10 09:18:45,p2311-P-6500,棕榈油2311沽6500,196.0,0.0,0.0,0.0,10,17.0,0.0,0,196.0,0.0,0.0,0.0,0.0,0.0,15
2023-05-10 09:18:46,p2311-P-6500,棕榈油2311沽6500,196.0,0.0,0.0,0.0,1,17.5,0.0,0,196.0,0.0,0.0,0.0,0.0,0.0,15
2023-05-10 09:18:46,p2311-P-6500,棕榈油2311沽6500,196.0,0.0,0.0,0.0,10,18.0,0.0,0,196.0,0.0,0.0,0.0,0.0,0.0,15
2023-05-10 09:18:48,p2311-P-6500,棕榈油2311沽6500,196.0,0.0,0.0,0.0,1,18.5,0.0,0,196.0,0.0,0.0,0.0,0.0,0.0,15
2023-05-10 09:18:48,p2311-P-6500,棕榈油2311沽6500,196.0,0.0,0.0,0.0,10,19.0,0.0,0,196.0,0.0,0.0,0.0,0.0,0.0,15
2023-05-10 09:18:49,p2311-P-6500,棕榈油2311沽6500,196.0,0.0,0.0,0.0,1,19.5,0.0,0,196.0,0.0,0.0,0.0,0.0,0.0,15
2023-05-10 09:18:49,p2311-P-6500,棕榈油2311沽6500,196.0,0.0,0.0,0.0,10,20.0,0.0,0,196.0,0.0,0.0,0.0,0.0,0.0,15
2023-05-10 09:18:50,p2311-P-6500,棕榈油2311沽6500,196.0,0.0,0.0,0.0,1,20.5,0.0,0,196.0,0.0,0.0,0.0,0.0,0.0,15
2023-05-10 09:18:50,p2311-P-6500,棕榈油2311沽6500,196.0,0.0,0.0,0.0,10,21.0,0.0,0,196.0,0.0,0.0,0.0,0.0,0.0,15
2023-05-10 09:18:52,p2311-P-6500,棕榈油2311沽6500,196.0,0.0,0.0,0.0,10,22.0,0.0,0,196.0,0.0,0.0,0.0,0.0,0.0,15
2023-05-10 09:18:53,p2311-P-6500,棕榈油2311沽6500,196.0,0.0,0.0,0.0,1,22.5,0.0,0,196.0,0.0,0.0,0.0,0.0,0.0,15
2023-05-10 09:18:53,p2311-P-6500,棕榈油2311沽6500,196.0,0.0,0.0,0.0,10,23.0,0.0,0,196.0,0.0,0.0,0.0,0.0,0.0,15
2023-05-10 09:18:54,p2311-P-6500,棕榈油2311沽6500,196.0,0.0,0.0,0.0,1,23.5,0.0,0,196.0,0.0,0.0,0.0,0.0,0.0,15
2023-05-10 09:18:54,p2311-P-6500,棕榈油2311沽6500,196.0,0.0,0.0,0.0,10,24.0,0.0,0,196.0,0.0,0.0,0.0,0.0,0.0,15
2023-05-10 09:18:55,p2311-P-6500,棕榈油2311沽6500,196.0,0.0,0.0,0.0,1,24.5,0.0,0,196.0,0.0,0.0,0.0,0.0,0.0,15
2023-05-10 09:18:55,p2311-P-6500,棕榈油2311沽6500,196.0,0.0,0.0,0.0,10,25.0,0.0,0,196.0,0.0,0.0,0.0,0.0,0.0,15
2023-05-10 09:18:56,p2311-P-6500,棕榈油2311沽6500,196.0,0.0,0.0,0.0,1,25.5,0.0,0,196.0,0.0,0.0,0.0,0.0,0.0,15
2023-05-10 09:18:56,p2311-P-6500,棕榈油2311沽6500,196.0,0.0,0.0,0.0,10,26.0,0.0,0,196.0,0.0,0.0,0.0,0.0,0.0,15
2023-05-10 09:18:57,p2311-P-6500,棕榈油2311沽6500,196.0,0.0,0.0,0.0,1,26.5,0.0,0,196.0,0.0,0.0,0.0,0.0,0.0,15
2023-05-10 09:18:57,p2311-P-6500,棕榈油2311沽6500,196.0,0.0,0.0,0.0,10,27.0,0.0,0,196.0,0.0,0.0,0.0,0.0,0.0,15
2023-05-10 09:18:59,p2311-P-6500,棕榈油2311沽6500,196.0,0.0,0.0,0.0,1,27.5,0.0,0,196.0,0.0,0.0,0.0,0.0,0.0,15
2023-05-10 09:18:59,p2311-P-6500,棕榈油2311沽6500,196.0,0.0,0.0,0.0,10,28.0,0.0,0,196.0,0.0,0.0,0.0,0.0,0.0,15
2023-05-10 09:19:00,p2311-P-6500,棕榈油2311沽6500,196.0,0.0,0.0,0.0,1,28.5,0.0,0,196.0,0.0,0.0,0.0,0.0,0.0,15
2023-05-10 09:19:00,p2311-P-6500,棕榈油2311沽6500,196.0,0.0,0.0,0.0,10,29.0,0.0,0,196.0,0.0,0.0,0.0,0.0,0.0,15
2023-05-10 09:19:01,p2311-P-6500,棕榈油2311沽6500,196.0,0.0,0.0,0.0,1,29.5,0.0,0,196.0,0.0,0.0,0.0,0.0,0.0,15
2023-05-10 09:19:01,p2311-P-6500,棕榈油2311沽6500,196.0,0.0,0.0,0.0,10,30.0,0.0,0,196.0,0.0,0.0,0.0,0.0,0.0,15
2023-05-10 09:19:02,p2311-P-6500,棕榈油2311沽6500,196.0,0.0,0.0,0.0,1,30.5,0.0,0,196.0,0.0,0.0,0.0,0.0,0.0,15
2023-05-10 09:19:02,p2311-P-6500,棕榈油2311沽6500,196.0,0.0,0.0,0.0,10,31.0,0.0,0,196.0,0.0,0.0,0.0,0.0,0.0,15
2023-05-10 09:19:03,p2311-P-6500,棕榈油2311沽6500,196.0,0.0,0.0,0.0,1,31.5,0.0,0,196.0,0.0,0.0,0.0,0.0,0.0,15
2023-05-10 09:19:03,p2311-P-6500,棕榈油2311沽6500,196.0,0.0,0.0,0.0,10,32.0,0.0,0,196.0,0.0,0.0,0.0,0.0,0.0,15
2023-05-10 09:19:05,p2311-P-6500,棕榈油2311沽6500,196.0,0.0,0.0,0.0,1,32.5,0.0,0,196.0,0.0,0.0,0.0,0.0,0.0,15
2023-05-10 09:19:05,p2311-P-6500,棕榈油2311沽6500,196.0,0.0,0.0,0.0,10,33.0,0.0,0,196.0,0.0,0.0,0.0,0.0,0.0,15
2023-05-10 09:19:06,p2311-P-6500,棕榈油2311沽6500,196.0,0.0,0.0,0.0,1,33.5,0.0,0,196.0,0.0,0.0,0.0,0.0,0.0,15
2023-05-10 09:19:06,p2311-P-6500,棕榈油2311沽6500,196.0,0.0,0.0,0.0,10,34.0,0.0,0,196.0,0.0,0.0,0.0,0.0,0.0,15
2023-05-10 09:19:07,p2311-P-6500,棕榈油2311沽6500,196.0,0.0,0.0,0.0,1,34.5,0.0,0,196.0,0.0,0.0,0.0,0.0,0.0,15
2023-05-10 09:19:07,p2311-P-6500,棕榈油2311沽6500,196.0,0.0,0.0,0.0,10,35.0,0.0,0,196.0,0.0,0.0,0.0,0.0,0.0,15
2023-05-10 09:19:08,p2311-P-6500,棕榈油2311沽6500,196.0,0.0,0.0,0.0,1,35.5,0.0,0,196.0,0.0,0.0,0.0,0.0,0.0,15
2023-05-10 09:19:08,p2311-P-6500,棕榈油2311沽6500,196.0,0.0,0.0,0.0,10,36.0,0.0,0,196.0,0.0,0.0,0.0,0.0,0.0,15
2023-05-10 09:19:09,p2311-P-6500,棕榈油2311沽6500,196.0,0.0,0.0,0.0,1,36.5,0.0,0,196.0,0.0,0.0,0.0,0.0,0.0,15
2023-05-10 09:19:09,p2311-P-6500,棕榈油2311沽6500,196.0,0.0,0.0,0.0,10,37.0,0.0,0,196.0,0.0,0.0,0.0,0.0,0.0,15
2023-05-10 09:19:11,p2311-P-6500,棕榈油2311沽6500,196.0,0.0,0.0,0.0,1,37.5,0.0,0,196.0,0.0,0.0,0.0,0.0,0.0,15
2023-05-10 09:19:11,p2311-P-6500,棕榈油2311沽6500,196.0,0.0,0.0,0.0,10,38.0,0.0,0,196.0,0.0,0.0,0.0,0.0,0.0,15
2023-05-10 09:19:12,p2311-P-6500,棕榈油2311沽6500,196.0,0.0,0.0,0.0,1,38.5,0.0,0,196.0,0.0,0.0,0.0,0.0,0.0,15
2023-05-10 09:19:12,p2311-P-6500,棕榈油2311沽6500,196.0,0.0,0.0,0.0,10,39.0,0.0,0,196.0,0.0,0.0,0.0,0.0,0.0,15
2023-05-10 09:19:14,p2311-P-6500,棕榈油2311沽6500,196.0,0.0,0.0,0.0,1,39.5,0.0,0,196.0,0.0,0.0,0.0,0.0,0.0,15
2023-05-10 09:19:14,p2311-P-6500,棕榈油2311沽6500,196.0,0.0,0.0,0.0,10,40.0,0.0,0,196.0,0.0,0.0,0.0,0.0,0.0,15
2023-05-10 09:19:15,p2311-P-6500,棕榈油2311沽6500,196.0,0.0,0.0,0.0,1,40.5,0.0,0,196.0,0.0,0.0,0.0,0.0,0.0,15
2023-05-10 09:19:15,p2311-P-6500,棕榈油2311沽6500,196.0,0.0,0.0,0.0,10,41.0,0.0,0,196.0,0.0,0.0,0.0,0.0,0.0,15
2023-05-10 09:19:17,p2311-P-6500,棕榈油2311沽6500,196.0,0.0,0.0,0.0,1,41.5,0.0,0,196.0,0.0,0.0,0.0,0.0,0.0,15
2023-05-10 09:19:17,p2311-P-6500,棕榈油2311沽6500,196.0,0.0,0.0,0.0,10,42.0,0.0,0,196.0,0.0,0.0,0.0,0.0,0.0,15
2023-05-10 09:19:18,p2311-P-6500,棕榈油2311沽6500,196.0,0.0,0.0,0.0,1,42.5,0.0,0,196.0,0.0,0.0,0.0,0.0,0.0,15
2023-05-10 09:19:18,p2311-P-6500,棕榈油2311沽6500,196.0,0.0,0.0,0.0,10,43.0,0.0,0,196.0,0.0,0.0,0.0,0.0,0.0,15
2023-05-10 09:19:20,p2311-P-6500,棕榈油2311沽6500,196.0,0.0,0.0,0.0,1,43.5,0.0,0,196.0,0.0,0.0,0.0,0.0,0.0,15
2023-05-10 09:19:20,p2311-P-6500,棕榈油2311沽6500,196.0,0.0,0.0,0.0,10,44.0,0.0,0,196.0,0.0,0.0,0.0,0.0,0.0,15
2023-05-10 09:19:21,p2311-P-6500,棕榈油2311沽6500,196.0,0.0,0.0,0.0,1,44.5,0.0,0,196.0,0.0,0.0,0.0,0.0,0.0,15
2023-05-10 09:19:21,p2311-P-6500,棕榈油2311沽6500,196.0,0.0,0.0,0.0,10,45.0,0.0,0,196.0,0.0,0.0,0.0,0.0,0.0,15
2023-05-10 09:19:23,p2311-P-6500,棕榈油2311沽6500,196.0,0.0,0.0,0.0,1,45.5,0.0,0,196.0,0.0,0.0,0.0,0.0,0.0,15
2023-05-10 09:19:23,p2311-P-6500,棕榈油2311沽6500,196.0,0.0,0.0,0.0,10,46.0,0.0,0,196.0,0.0,0.0,0.0,0.0,0.0,15
2023-05-10 09:19:25,p2311-P-6500,棕榈油2311沽6500,196.0,0.0,0.0,0.0,1,46.5,0.0,0,196.0,0.0,0.0,0.0,0.0,0.0,15
2023-05-10 09:19:25,p2311-P-6500,棕榈油2311沽6500,196.0,0.0,0.0,0.0,10,47.0,0.0,0,196.0,0.0,0.0,0.0,0.0,0.0,15
2023-05-10 09:19:26,p2311-P-6500,棕榈油2311沽6500,196.0,0.0,0.0,0.0,1,47.5,0.0,0,196.0,0.0,0.0,0.0,0.0,0.0,15
2023-05-10 09:19:26,p2311-P-6500,棕榈油2311沽6500,196.0,0.0,0.0,0.0,10,48.0,0.0,0,196.0,0.0,0.0,0.0,0.0,0.0,15
2023-05-10 09:19:27,p2311-P-6500,棕榈油2311沽6500,196.0,0.0,0.0,0.0,1,48.5,0.0,0,196.0,0.0,0.0,0.0,0.0,0.0,15
2023-05-10 09:19:27,p2311-P-6500,棕榈油2311沽6500,196.0,0.0,0.0,0.0,10,49.0,0.0,0,196.0,0.0,0.0,0.0,0.0,0.0,15
2023-05-10 09:19:29,p2311-P-6500,棕榈油2311沽6500,196.0,0.0,0.0,0.0,1,49.5,0.0,0,196.0,0.0,0.0,0.0,0.0,0.0,15
2023-05-10 09:19:29,p2311-P-6500,棕榈油2311沽6500,196.0,0.0,0.0,0.0,10,50.0,0.0,0,196.0,0.0,0.0,0.0,0.0,0.0,15
2023-05-10 09:19:30,p2311-P-6500,棕榈油2311沽6500,196.0,0.0,0.0,0.0,1,50.5,0.0,0,196.0,0.0,0.0,0.0,0.0,0.0,15
2023-05-10 09:19:30,p2311-P-6500,棕榈油2311沽6500,196.0,0.0,0.0,0.0,10,51.0,0.0,0,196.0,0.0,0.0,0.0,0.0,0.0,15
2023-05-10 09:19:31,p2311-P-6500,棕榈油2311沽6500,196.0,0.0,0.0,0.0,1,51.5,0.0,0,196.0,0.0,0.0,0.0,0.0,0.0,15
2023-05-10 09:19:31,p2311-P-6500,棕榈油2311沽6500,196.0,0.0,0.0,0.0,10,52.0,0.0,0,196.0,0.0,0.0,0.0,0.0,0.0,15
2023-05-10 09:19:32,p2311-P-6500,棕榈油2311沽6500,196.0,0.0,0.0,0.0,1,52.5,0.0,0,196.0,0.0,0.0,0.0,0.0,0.0,15
2023-05-10 09:19:32,p2311-P-6500,棕榈油2311沽6500,196.0,0.0,0.0,0.0,10,53.0,0.0,0,196.0,0.0,0.0,0.0,0.0,0.0,15
2023-05-10 09:19:33,p2311-P-6500,棕榈油2311沽6500,196.0,0.0,0.0,0.0,1,53.5,0.0,0,196.0,0.0,0.0,0.0,0.0,0.0,15
2023-05-10 09:19:33,p2311-P-6500,棕榈油2311沽6500,196.0,0.0,0.0,0.0,10,54.0,0.0,0,196.0,0.0,0.0,0.0,0.0,0.0,15
2023-05-10 09:19:34,p2311-P-6500,棕榈油2311沽6500,196.0,0.0,0.0,0.0,1,54.5,0.0,0,196.0,0.0,0.0,0.0,0.0,0.0,15
2023-05-10 09:19:34,p2311-P-6500,棕榈油2311沽6500,196.0,0.0,0.0,0.0,10,55.0,0.0,0,196.0,0.0,0.0,0.0,0.0,0.0,15
2023-05-10 09:19:35,p2311-P-6500,棕榈油2311沽6500,196.0,0.0,0.0,0.0,1,55.5,0.0,0,196.0,0.0,0.0,0.0,0.0,0.0,15
2023-05-10 09:19:35,p2311-P-6500,棕榈油2311沽6500,196.0,0.0,0.0,0.0,10,56.0,0.0,0,196.0,0.0,0.0,0.0,0.0,0.0,15
2023-05-10 09:19:36,p2311-P-6500,棕榈油2311沽6500,196.0,0.0,0.0,0.0,1,56.5,0.0,0,196.0,0.0,0.0,0.0,0.0,0.0,15
2023-05-10 09:19:36,p2311-P-6500,棕榈油2311沽6500,196.0,0.0,0.0,0.0,10,57.0,0.0,0,196.0,0.0,0.0,0.0,0.0,0.0,15
2023-05-10 09:19:37,p2311-P-6500,棕榈油2311沽6500,196.0,0.0,0.0,0.0,1,57.5,0.0,0,196.0,0.0,0.0,0.0,0.0,0.0,15
2023-05-10 09:19:37,p2311-P-6500,棕榈油2311沽6500,196.0,0.0,0.0,0.0,10,58.0,0.0,0,196.0,0.0,0.0,0.0,0.0,0.0,15
2023-05-10 09:19:39,p2311-P-6500,棕榈油2311沽6500,196.0,0.0,0.0,0.0,1,58.5,0.0,0,196.0,0.0,0.0,0.0,0.0,0.0,15
2023-05-10 09:19:39,p2311-P-6500,棕榈油2311沽6500,196.0,0.0,0.0,0.0,10,59.0,0.0,0,196.0,0.0,0.0,0.0,0.0,0.0,15
2023-05-10 09:19:40,p2311-P-6500,棕榈油2311沽6500,196.0,0.0,0.0,0.0,1,59.5,0.0,0,196.0,0.0,0.0,0.0,0.0,0.0,15
2023-05-10 09:19:40,p2311-P-6500,棕榈油2311沽6500,196.0,0.0,0.0,0.0,10,60.0,0.0,0,196.0,0.0,0.0,0.0,0.0,0.0,15
2023-05-10 09:19:41,p2311-P-6500,棕榈油2311沽6500,196.0,0.0,0.0,0.0,1,60.5,0.0,0,196.0,0.0,0.0,0.0,0.0,0.0,15
2023-05-10 09:19:41,p2311-P-6500,棕榈油2311沽6500,196.0,0.0,0.0,0.0,10,61.0,0.0,0,196.0,0.0,0.0,0.0,0.0,0.0,15
2023-05-10 09:19:43,p2311-P-6500,棕榈油2311沽6500,196.0,0.0,0.0,0.0,1,61.5,0.0,0,196.0,0.0,0.0,0.0,0.0,0.0,15
2023-05-10 09:19:43,p2311-P-6500,棕榈油2311沽6500,196.0,0.0,0.0,0.0,10,62.0,0.0,0,196.0,0.0,0.0,0.0,0.0,0.0,15
2023-05-10 09:19:44,p2311-P-6500,棕榈油2311沽6500,196.0,0.0,0.0,0.0,1,62.5,0.0,0,196.0,0.0,0.0,0.0,0.0,0.0,15
2023-05-10 09:19:44,p2311-P-6500,棕榈油2311沽6500,196.0,0.0,0.0,0.0,10,63.0,0.0,0,196.0,0.0,0.0,0.0,0.0,0.0,15
2023-05-10 09:19:45,p2311-P-6500,棕榈油2311沽6500,196.0,0.0,0.0,0.0,1,63.5,0.0,0,196.0,0.0,0.0,0.0,0.0,0.0,15
2023-05-10 09:19:45,p2311-P-6500,棕榈油2311沽6500,196.0,0.0,0.0,0.0,10,64.0,0.0,0,196.0,0.0,0.0,0.0,0.0,0.0,15
2023-05-10 09:19:46,p2311-P-6500,棕榈油2311沽6500,196.0,0.0,0.0,0.0,1,64.5,0.0,0,196.0,0.0,0.0,0.0,0.0,0.0,15
2023-05-10 09:19:46,p2311-P-6500,棕榈油2311沽6500,196.0,0.0,0.0,0.0,10,65.0,0.0,0,196.0,0.0,0.0,0.0,0.0,0.0,15
2023-05-10 09:19:48,p2311-P-6500,棕榈油2311沽6500,196.0,0.0,0.0,0.0,1,65.5,0.0,0,196.0,0.0,0.0,0.0,0.0,0.0,15
2023-05-10 09:19:48,p2311-P-6500,棕榈油2311沽6500,196.0,0.0,0.0,0.0,10,66.0,0.0,0,196.0,0.0,0.0,0.0,0.0,0.0,15
2023-05-10 09:19:49,p2311-P-6500,棕榈油2311沽6500,196.0,0.0,0.0,0.0,1,66.5,0.0,0,196.0,0.0,0.0,0.0,0.0,0.0,15
2023-05-10 09:19:49,p2311-P-6500,棕榈油2311沽6500,196.0,0.0,0.0,0.0,10,67.0,0.0,0,196.0,0.0,0.0,0.0,0.0,0.0,15
2023-05-10 09:19:50,p2311-P-6500,棕榈油2311沽6500,196.0,0.0,0.0,0.0,1,67.5,0.0,0,196.0,0.0,0.0,0.0,0.0,0.0,15
2023-05-10 09:19:50,p2311-P-6500,棕榈油2311沽6500,196.0,0.0,0.0,0.0,10,68.0,0.0,0,196.0,0.0,0.0,0.0,0.0,0.0,15
2023-05-10 09:19:51,p2311-P-6500,棕榈油2311沽6500,196.0,0.0,0.0,0.0,1,68.5,0.0,0,196.0,0.0,0.0,0.0,0.0,0.0,15
2023-05-10 09:19:51,p2311-P-6500,棕榈油2311沽6500,196.0,0.0,0.0,0.0,10,69.0,0.0,0,196.0,0.0,0.0,0.0,0.0,0.0,15
2023-05-10 09:19:52,p2311-P-6500,棕榈油2311沽6500,196.0,0.0,0.0,0.0,1,69.5,0.0,0,196.0,0.0,0.0,0.0,0.0,0.0,15
2023-05-10 09:19:52,p2311-P-6500,棕榈油2311沽6500,196.0,0.0,0.0,0.0,10,70.0,0.0,0,196.0,0.0,0.0,0.0,0.0,0.0,15
2023-05-10 09:19:54,p2311-P-6500,棕榈油2311沽6500,196.0,0.0,0.0,0.0,1,70.5,0.0,0,196.0,0.0,0.0,0.0,0.0,0.0,15
2023-05-10 09:19:54,p2311-P-6500,棕榈油2311沽6500,196.0,0.0,0.0,0.0,10,71.0,0.0,0,196.0,0.0,0.0,0.0,0.0,0.0,15
2023-05-10 09:19:55,p2311-P-6500,棕榈油2311沽6500,196.0,0.0,0.0,0.0,1,71.5,0.0,0,196.0,0.0,0.0,0.0,0.0,0.0,15
2023-05-10 09:19:55,p2311-P-6500,棕榈油2311沽6500,196.0,0.0,0.0,0.0,10,72.0,0.0,0,196.0,0.0,0.0,0.0,0.0,0.0,15
2023-05-10 09:19:56,p2311-P-6500,棕榈油2311沽6500,196.0,0.0,0.0,0.0,1,72.5,0.0,0,196.0,0.0,0.0,0.0,0.0,0.0,15
2023-05-10 09:19:56,p2311-P-6500,棕榈油2311沽6500,196.0,0.0,0.0,0.0,10,73.0,0.0,0,196.0,0.0,0.0,0.0,0.0,0.0,15
2023-05-10 09:19:57,p2311-P-6500,棕榈油2311沽6500,196.0,0.0,0.0,0.0,1,73.5,0.0,0,196.0,0.0,0.0,0.0,0.0,0.0,15
2023-05-10 09:19:57,p2311-P-6500,棕榈油2311沽6500,196.0,0.0,0.0,0.0,10,74.0,0.0,0,196.0,0.0,0.0,0.0,0.0,0.0,15
2023-05-10 09:19:58,p2311-P-6500,棕榈油2311沽6500,196.0,0.0,0.0,0.0,1,74.5,0.0,0,196.0,0.0,0.0,0.0,0.0,0.0,15
2023-05-10 09:19:58,p2311-P-6500,棕榈油2311沽6500,196.0,0.0,0.0,0.0,10,75.0,0.0,0,196.0,0.0,0.0,0.0,0.0,0.0,15
2023-05-10 09:19:59,p2311-P-6500,棕榈油2311沽6500,196.0,0.0,0.0,0.0,1,75.5,0.0,0,196.0,0.0,0.0,0.0,0.0,0.0,15
2023-05-10 09:19:59,p2311-P-6500,棕榈油2311沽6500,196.0,0.0,0.0,0.0,10,76.0,0.0,0,196.0,0.0,0.0,0.0,0.0,0.0,15
2023-05-10 09:20:01,p2311-P-6500,棕榈油2311沽6500,196.0,0.0,0.0,0.0,1,76.5,0.0,0,196.0,0.0,0.0,0.0,0.0,0.0,15
2023-05-10 09:20:01,p2311-P-6500,棕榈油2311沽6500,196.0,0.0,0.0,0.0,10,77.0,0.0,0,196.0,0.0,0.0,0.0,0.0,0.0,15
2023-05-10 09:20:02,p2311-P-6500,棕榈油2311沽6500,196.0,0.0,0.0,0.0,1,77.5,0.0,0,196.0,0.0,0.0,0.0,0.0,0.0,15
2023-05-10 09:20:02,p2311-P-6500,棕榈油2311沽6500,196.0,0.0,0.0,0.0,10,78.0,0.0,0,196.0,0.0,0.0,0.0,0.0,0.0,15
2023-05-10 09:20:03,p2311-P-6500,棕榈油2311沽6500,196.0,0.0,0.0,0.0,1,78.5,0.0,0,196.0,0.0,0.0,0.0,0.0,0.0,15
2023-05-10 09:20:03,p2311-P-6500,棕榈油2311沽6500,196.0,0.0,0.0,0.0,10,79.0,0.0,0,196.0,0.0,0.0,0.0,0.0,0.0,15
2023-05-10 09:20:04,p2311-P-6500,棕榈油2311沽6500,196.0,0.0,0.0,0.0,1,79.5,0.0,0,196.0,0.0,0.0,0.0,0.0,0.0,15
2023-05-10 09:20:04,p2311-P-6500,棕榈油2311沽6500,196.0,0.0,0.0,0.0,10,80.0,0.0,0,196.0,0.0,0.0,0.0,0.0,0.0,15
2023-05-10 09:20:05,p2311-P-6500,棕榈油2311沽6500,196.0,0.0,0.0,0.0,1,80.5,0.0,0,196.0,0.0,0.0,0.0,0.0,0.0,15
2023-05-10 09:20:05,p2311-P-6500,棕榈油2311沽6500,196.0,0.0,0.0,0.0,10,81.0,0.0,0,196.0,0.0,0.0,0.0,0.0,0.0,15
2023-05-10 09:20:07,p2311-P-6500,棕榈油2311沽6500,196.0,0.0,0.0,0.0,1,81.5,0.0,0,196.0,0.0,0.0,0.0,0.0,0.0,15
2023-05-10 09:20:07,p2311-P-6500,棕榈油2311沽6500,196.0,0.0,0.0,0.0,10,82.0,0.0,0,196.0,0.0,0.0,0.0,0.0,0.0,15
2023-05-10 09:20:08,p2311-P-6500,棕榈油2311沽6500,196.0,0.0,0.0,0.0,1,82.5,0.0,0,196.0,0.0,0.0,0.0,0.0,0.0,15
2023-05-10 09:20:08,p2311-P-6500,棕榈油2311沽6500,196.0,0.0,0.0,0.0,10,83.0,0.0,0,196.0,0.0,0.0,0.0,0.0,0.0,15
2023-05-10 09:20:09,p2311-P-6500,棕榈油2311沽6500,196.0,0.0,0.0,0.0,1,83.5,0.0,0,196.0,0.0,0.0,0.0,0.0,0.0,15
2023-05-10 09:20:09,p2311-P-6500,棕榈油2311沽6500,196.0,0.0,0.0,0.0,10,84.0,0.0,0,196.0,0.0,0.0,0.0,0.0,0.0,15
2023-05-10 09:20:10,p2311-P-6500,棕榈油2311沽6500,196.0,0.0,0.0,0.0,1,84.5,0.0,0,196.0,0.0,0.0,0.0,0.0,0.0,15
2023-05-10 09:20:10,p2311-P-6500,棕榈油2311沽6500,196.0,0.0,0.0,0.0,10,85.0,0.0,0,196.0,0.0,0.0,0.0,0.0,0.0,15
2023-05-10 09:20:12,p2311-P-6500,棕榈油2311沽6500,196.0,0.0,0.0,0.0,1,85.5,0.0,0,196.0,0.0,0.0,0.0,0.0,0.0,15
2023-05-10 09:20:12,p2311-P-6500,棕榈油2311沽6500,196.0,0.0,0.0,0.0,10,86.0,0.0,0,196.0,0.0,0.0,0.0,0.0,0.0,15
2023-05-10 09:20:13,p2311-P-6500,棕榈油2311沽6500,196.0,0.0,0.0,0.0,1,86.5,0.0,0,196.0,0.0,0.0,0.0,0.0,0.0,15
2023-05-10 09:20:13,p2311-P-6500,棕榈油2311沽6500,196.0,0.0,0.0,0.0,10,87.0,0.0,0,196.0,0.0,0.0,0.0,0.0,0.0,15
2023-05-10 09:20:14,p2311-P-6500,棕榈油2311沽6500,196.0,0.0,0.0,0.0,1,87.5,0.0,0,196.0,0.0,0.0,0.0,0.0,0.0,15
2023-05-10 09:20:14,p2311-P-6500,棕榈油2311沽6500,196.0,0.0,0.0,0.0,10,88.0,0.0,0,196.0,0.0,0.0,0.0,0.0,0.0,15
2023-05-10 09:20:15,p2311-P-6500,棕榈油2311沽6500,196.0,0.0,0.0,0.0,1,88.5,0.0,0,196.0,0.0,0.0,0.0,0.0,0.0,15
2023-05-10 09:20:15,p2311-P-6500,棕榈油2311沽6500,196.0,0.0,0.0,0.0,10,89.0,0.0,0,196.0,0.0,0.0,0.0,0.0,0.0,15
2023-05-10 09:20:16,p2311-P-6500,棕榈油2311沽6500,196.0,0.0,0.0,0.0,1,89.5,0.0,0,196.0,0.0,0.0,0.0,0.0,0.0,15
2023-05-10 09:20:16,p2311-P-6500,棕榈油2311沽6500,196.0,0.0,0.0,0.0,10,90.0,0.0,0,196.0,0.0,0.0,0.0,0.0,0.0,15
2023-05-10 09:20:18,p2311-P-6500,棕榈油2311沽6500,196.0,0.0,0.0,0.0,1,90.5,0.0,0,196.0,0.0,0.0,0.0,0.0,0.0,15
2023-05-10 09:20:18,p2311-P-6500,棕榈油2311沽6500,196.0,0.0,0.0,0.0,10,91.0,0.0,0,196.0,0.0,0.0,0.0,0.0,0.0,15
2023-05-10 09:20:19,p2311-P-6500,棕榈油2311沽6500,196.0,0.0,0.0,0.0,1,91.5,0.0,0,196.0,0.0,0.0,0.0,0.0,0.0,15
2023-05-10 09:20:19,p2311-P-6500,棕榈油2311沽6500,196.0,0.0,0.0,0.0,10,92.0,0.0,0,196.0,0.0,0.0,0.0,0.0,0.0,15
2023-05-10 09:20:20,p2311-P-6500,棕榈油2311沽6500,196.0,0.0,0.0,0.0,1,92.5,0.0,0,196.0,0.0,0.0,0.0,0.0,0.0,15
2023-05-10 09:20:20,p2311-P-6500,棕榈油2311沽6500,196.0,0.0,0.0,0.0,10,93.0,0.0,0,196.0,0.0,0.0,0.0,0.0,0.0,15
2023-05-10 09:20:21,p2311-P-6500,棕榈油2311沽6500,196.0,0.0,0.0,0.0,1,93.5,0.0,0,196.0,0.0,0.0,0.0,0.0,0.0,15
2023-05-10 09:20:21,p2311-P-6500,棕榈油2311沽6500,196.0,0.0,0.0,0.0,10,94.0,0.0,0,196.0,0.0,0.0,0.0,0.0,0.0,15
2023-05-10 09:20:22,p2311-P-6500,棕榈油2311沽6500,196.0,0.0,0.0,0.0,1,94.5,0.0,0,196.0,0.0,0.0,0.0,0.0,0.0,15
2023-05-10 09:20:22,p2311-P-6500,棕榈油2311沽6500,196.0,0.0,0.0,0.0,10,95.0,0.0,0,196.0,0.0,0.0,0.0,0.0,0.0,15
2023-05-10 09:20:23,p2311-P-6500,棕榈油2311沽6500,196.0,0.0,0.0,0.0,1,95.5,0.0,0,196.0,0.0,0.0,0.0,0.0,0.0,15
2023-05-10 09:20:23,p2311-P-6500,棕榈油2311沽6500,196.0,0.0,0.0,0.0,10,96.0,0.0,0,196.0,0.0,0.0,0.0,0.0,0.0,15
2023-05-10 09:20:24,p2311-P-6500,棕榈油2311沽6500,196.0,0.0,0.0,0.0,1,96.5,0.0,0,196.0,0.0,0.0,0.0,0.0,0.0,15
2023-05-10 09:20:24,p2311-P-6500,棕榈油2311沽6500,196.0,0.0,0.0,0.0,10,97.0,0.0,0,196.0,0.0,0.0,0.0,0.0,0.0,15
2023-05-10 09:20:25,p2311-P-6500,棕榈油2311沽6500,196.0,0.0,0.0,0.0,1,97.5,0.0,0,196.0,0.0,0.0,0.0,0.0,0.0,15
2023-05-10 09:20:25,p2311-P-6500,棕榈油2311沽6500,196.0,0.0,0.0,0.0,10,98.0,0.0,0,196.0,0.0,0.0,0.0,0.0,0.0,15
2023-05-10 10:14:32,p2311-P-6500,棕榈油2311沽6500,196.0,0.0,0.0,0.0,1,8.0,0.0,0,196.0,0.0,0.0,0.0,0.0,0.0,15
2023-05-10 10:30:23,p2311-P-6500,棕榈油2311沽6500,196.0,0.0,0.0,0.0,10,8.5,0.0,0,196.0,0.0,0.0,0.0,0.0,0.0,15
2023-05-10 10:31:10,p2311-P-6500,棕榈油2311沽6500,196.0,0.0,0.0,0.0,1,9.0,0.0,0,196.0,0.0,0.0,0.0,0.0,0.0,15
2023-05-10 10:31:10,p2311-P-6500,棕榈油2311沽6500,196.0,0.0,0.0,0.0,10,9.5,0.0,0,196.0,0.0,0.0,0.0,0.0,0.0,15
2023-05-10 10:35:17,p2311-P-6500,棕榈油2311沽6500,196.0,0.0,0.0,0.0,1,10.0,0.0,0,196.0,0.0,0.0,0.0,0.0,0.0,15
2023-05-10 10:35:17,p2311-P-6500,棕榈油2311沽6500,196.0,0.0,0.0,0.0,10,10.5,0.0,0,196.0,0.0,0.0,0.0,0.0,0.0,15
2023-05-10 10:35:32,p2311-P-6500,棕榈油2311沽6500,196.0,0.0,0.0,0.0,1,11.0,0.0,0,196.0,0.0,0.0,0.0,0.0,0.0,15
2023-05-10 10:35:32,p2311-P-6500,棕榈油2311沽6500,196.0,0.0,0.0,0.0,10,11.5,0.0,0,196.0,0.0,0.0,0.0,0.0,0.0,15
2023-05-10 10:35:37,p2311-P-6500,棕榈油2311沽6500,196.0,0.0,0.0,0.0,1,12.0,0.0,0,196.0,0.0,0.0,0.0,0.0,0.0,15
2023-05-10 10:35:37,p2311-P-6500,棕榈油2311沽6500,196.0,0.0,0.0,0.0,10,12.5,0.0,0,196.0,0.0,0.0,0.0,0.0,0.0,15
2023-05-10 10:35:42,p2311-P-6500,棕榈油2311沽6500,196.0,0.0,0.0,0.0,1,13.0,0.0,0,196.0,0.0,0.0,0.0,0.0,0.0,15
2023-05-10 10:35:42,p2311-P-6500,棕榈油2311沽6500,196.0,0.0,0.0,0.0,10,13.5,0.0,0,196.0,0.0,0.0,0.0,0.0,0.0,15
2023-05-10 10:35:48,p2311-P-6500,棕榈油2311沽6500,196.0,0.0,0.0,0.0,1,14.0,0.0,0,196.0,0.0,0.0,0.0,0.0,0.0,15
2023-05-10 10:35:48,p2311-P-6500,棕榈油2311沽6500,196.0,0.0,0.0,0.0,10,14.5,0.0,0,196.0,0.0,0.0,0.0,0.0,0.0,15
2023-05-10 10:35:53,p2311-P-6500,棕榈油2311沽6500,196.0,0.0,0.0,0.0,1,15.0,0.0,0,196.0,0.0,0.0,0.0,0.0,0.0,15
2023-05-10 10:35:53,p2311-P-6500,棕榈油2311沽6500,196.0,0.0,0.0,0.0,10,15.5,0.0,0,196.0,0.0,0.0,0.0,0.0,0.0,15
2023-05-10 10:35:59,p2311-P-6500,棕榈油2311沽6500,196.0,0.0,0.0,0.0,1,16.0,0.0,0,196.0,0.0,0.0,0.0,0.0,0.0,15
2023-05-10 10:35:59,p2311-P-6500,棕榈油2311沽6500,196.0,0.0,0.0,0.0,10,16.5,0.0,0,196.0,0.0,0.0,0.0,0.0,0.0,15
2023-05-10 10:36:03,p2311-P-6500,棕榈油2311沽6500,196.0,0.0,0.0,0.0,1,17.0,0.0,0,196.0,0.0,0.0,0.0,0.0,0.0,15
2023-05-10 10:36:03,p2311-P-6500,棕榈油2311沽6500,196.0,0.0,0.0,0.0,10,17.5,0.0,0,196.0,0.0,0.0,0.0,0.0,0.0,15
2023-05-10 10:36:07,p2311-P-6500,棕榈油2311沽6500,196.0,0.0,0.0,0.0,1,18.0,0.0,0,196.0,0.0,0.0,0.0,0.0,0.0,15
2023-05-10 10:36:07,p2311-P-6500,棕榈油2311沽6500,196.0,0.0,0.0,0.0,10,18.5,0.0,0,196.0,0.0,0.0,0.0,0.0,0.0,15
2023-05-10 10:36:10,p2311-P-6500,棕榈油2311沽6500,196.0,0.0,0.0,0.0,1,19.0,0.0,0,196.0,0.0,0.0,0.0,0.0,0.0,15
2023-05-10 10:36:10,p2311-P-6500,棕榈油2311沽6500,196.0,0.0,0.0,0.0,10,19.5,0.0,0,196.0,0.0,0.0,0.0,0.0,0.0,15
2023-05-10 10:36:13,p2311-P-6500,棕榈油2311沽6500,196.0,0.0,0.0,0.0,1,20.0,0.0,0,196.0,0.0,0.0,0.0,0.0,0.0,15
2023-05-10 10:36:13,p2311-P-6500,棕榈油2311沽6500,196.0,0.0,0.0,0.0,10,20.5,0.0,0,196.0,0.0,0.0,0.0,0.0,0.0,15
2023-05-10 10:36:17,p2311-P-6500,棕榈油2311沽6500,196.0,0.0,0.0,0.0,1,21.0,0.0,0,196.0,0.0,0.0,0.0,0.0,0.0,15
2023-05-10 10:36:17,p2311-P-6500,棕榈油2311沽6500,196.0,0.0,0.0,0.0,10,21.5,0.0,0,196.0,0.0,0.0,0.0,0.0,0.0,15
2023-05-10 10:36:23,p2311-P-6500,棕榈油2311沽6500,196.0,0.0,0.0,0.0,1,22.0,0.0,0,196.0,0.0,0.0,0.0,0.0,0.0,15
2023-05-10 10:36:23,p2311-P-6500,棕榈油2311沽6500,196.0,0.0,0.0,0.0,10,22.5,0.0,0,196.0,0.0,0.0,0.0,0.0,0.0,15
2023-05-10 10:36:30,p2311-P-6500,棕榈油2311沽6500,196.0,0.0,0.0,0.0,1,23.0,0.0,0,196.0,0.0,0.0,0.0,0.0,0.0,15
2023-05-10 10:36:30,p2311-P-6500,棕榈油2311沽6500,196.0,0.0,0.0,0.0,10,23.5,0.0,0,196.0,0.0,0.0,0.0,0.0,0.0,15
2023-05-10 10:36:36,p2311-P-6500,棕榈油2311沽6500,196.0,0.0,0.0,0.0,1,24.0,0.0,0,196.0,0.0,0.0,0.0,0.0,0.0,15
2023-05-10 10:36:36,p2311-P-6500,棕榈油2311沽6500,196.0,0.0,0.0,0.0,10,24.5,0.0,0,196.0,0.0,0.0,0.0,0.0,0.0,15
2023-05-10 10:36:42,p2311-P-6500,棕榈油2311沽6500,196.0,0.0,0.0,0.0,1,25.0,0.0,0,196.0,0.0,0.0,0.0,0.0,0.0,15
2023-05-10 10:36:42,p2311-P-6500,棕榈油2311沽6500,196.0,0.0,0.0,0.0,10,25.5,0.0,0,196.0,0.0,0.0,0.0,0.0,0.0,15
2023-05-10 10:36:45,p2311-P-6500,棕榈油2311沽6500,196.0,0.0,0.0,0.0,1,26.0,0.0,0,196.0,0.0,0.0,0.0,0.0,0.0,15
2023-05-10 10:36:45,p2311-P-6500,棕榈油2311沽6500,196.0,0.0,0.0,0.0,10,26.5,0.0,0,196.0,0.0,0.0,0.0,0.0,0.0,15
2023-05-10 10:36:52,p2311-P-6500,棕榈油2311沽6500,196.0,0.0,0.0,0.0,1,27.0,0.0,0,196.0,0.0,0.0,0.0,0.0,0.0,15
2023-05-10 10:36:52,p2311-P-6500,棕榈油2311沽6500,196.0,0.0,0.0,0.0,10,27.5,0.0,0,196.0,0.0,0.0,0.0,0.0,0.0,15
2023-05-10 10:36:55,p2311-P-6500,棕榈油2311沽6500,196.0,0.0,0.0,0.0,1,28.0,0.0,0,196.0,0.0,0.0,0.0,0.0,0.0,15
2023-05-10 10:36:55,p2311-P-6500,棕榈油2311沽6500,196.0,0.0,0.0,0.0,10,28.5,0.0,0,196.0,0.0,0.0,0.0,0.0,0.0,15
2023-05-10 10:36:58,p2311-P-6500,棕榈油2311沽6500,196.0,0.0,0.0,0.0,1,29.0,0.0,0,196.0,0.0,0.0,0.0,0.0,0.0,15
2023-05-10 10:36:58,p2311-P-6500,棕榈油2311沽6500,196.0,0.0,0.0,0.0,10,29.5,0.0,0,196.0,0.0,0.0,0.0,0.0,0.0,15
2023-05-10 10:37:01,p2311-P-6500,棕榈油2311沽6500,196.0,0.0,0.0,0.0,1,30.0,0.0,0,196.0,0.0,0.0,0.0,0.0,0.0,15
2023-05-10 10:37:01,p2311-P-6500,棕榈油2311沽6500,196.0,0.0,0.0,0.0,10,30.5,0.0,0,196.0,0.0,0.0,0.0,0.0,0.0,15
2023-05-10 10:37:04,p2311-P-6500,棕榈油2311沽6500,196.0,0.0,0.0,0.0,1,31.0,0.0,0,196.0,0.0,0.0,0.0,0.0,0.0,15
2023-05-10 10:37:04,p2311-P-6500,棕榈油2311沽6500,196.0,0.0,0.0,0.0,10,31.5,0.0,0,196.0,0.0,0.0,0.0,0.0,0.0,15
2023-05-10 10:37:06,p2311-P-6500,棕榈油2311沽6500,196.0,0.0,0.0,0.0,1,32.0,0.0,0,196.0,0.0,0.0,0.0,0.0,0.0,15
2023-05-10 10:37:06,p2311-P-6500,棕榈油2311沽6500,196.0,0.0,0.0,0.0,10,32.5,0.0,0,196.0,0.0,0.0,0.0,0.0,0.0,15
2023-05-10 10:37:07,p2311-P-6500,棕榈油2311沽6500,196.0,0.0,0.0,0.0,1,33.0,0.0,0,196.0,0.0,0.0,0.0,0.0,0.0,15
2023-05-10 10:37:07,p2311-P-6500,棕榈油2311沽6500,196.0,0.0,0.0,0.0,10,33.5,0.0,0,196.0,0.0,0.0,0.0,0.0,0.0,15
2023-05-10 10:37:09,p2311-P-6500,棕榈油2311沽6500,196.0,0.0,0.0,0.0,1,34.0,0.0,0,196.0,0.0,0.0,0.0,0.0,0.0,15
2023-05-10 10:37:09,p2311-P-6500,棕榈油2311沽6500,196.0,0.0,0.0,0.0,10,34.5,0.0,0,196.0,0.0,0.0,0.0,0.0,0.0,15
2023-05-10 10:37:11,p2311-P-6500,棕榈油2311沽6500,196.0,0.0,0.0,0.0,1,35.0,0.0,0,196.0,0.0,0.0,0.0,0.0,0.0,15
2023-05-10 10:37:11,p2311-P-6500,棕榈油2311沽6500,196.0,0.0,0.0,0.0,10,35.5,0.0,0,196.0,0.0,0.0,0.0,0.0,0.0,15
2023-05-10 10:37:13,p2311-P-6500,棕榈油2311沽6500,196.0,0.0,0.0,0.0,1,36.0,0.0,0,196.0,0.0,0.0,0.0,0.0,0.0,15
2023-05-10 10:37:13,p2311-P-6500,棕榈油2311沽6500,196.0,0.0,0.0,0.0,10,36.5,0.0,0,196.0,0.0,0.0,0.0,0.0,0.0,15
2023-05-10 10:37:14,p2311-P-6500,棕榈油2311沽6500,196.0,0.0,0.0,0.0,1,37.0,0.0,0,196.0,0.0,0.0,0.0,0.0,0.0,15
2023-05-10 10:37:14,p2311-P-6500,棕榈油2311沽6500,196.0,0.0,0.0,0.0,10,37.5,0.0,0,196.0,0.0,0.0,0.0,0.0,0.0,15
2023-05-10 10:37:16,p2311-P-6500,棕榈油2311沽6500,196.0,0.0,0.0,0.0,1,38.0,0.0,0,196.0,0.0,0.0,0.0,0.0,0.0,15
2023-05-10 10:37:16,p2311-P-6500,棕榈油2311沽6500,196.0,0.0,0.0,0.0,10,38.5,0.0,0,196.0,0.0,0.0,0.0,0.0,0.0,15
2023-05-10 10:37:17,p2311-P-6500,棕榈油2311沽6500,196.0,0.0,0.0,0.0,1,39.0,0.0,0,196.0,0.0,0.0,0.0,0.0,0.0,15
2023-05-10 10:37:17,p2311-P-6500,棕榈油2311沽6500,196.0,0.0,0.0,0.0,10,39.5,0.0,0,196.0,0.0,0.0,0.0,0.0,0.0,15
2023-05-10 10:37:19,p2311-P-6500,棕榈油2311沽6500,196.0,0.0,0.0,0.0,1,40.0,0.0,0,196.0,0.0,0.0,0.0,0.0,0.0,15
2023-05-10 10:37:19,p2311-P-6500,棕榈油2311沽6500,196.0,0.0,0.0,0.0,10,40.5,0.0,0,196.0,0.0,0.0,0.0,0.0,0.0,15
2023-05-10 10:37:20,p2311-P-6500,棕榈油2311沽6500,196.0,0.0,0.0,0.0,1,41.0,0.0,0,196.0,0.0,0.0,0.0,0.0,0.0,15
2023-05-10 10:37:20,p2311-P-6500,棕榈油2311沽6500,196.0,0.0,0.0,0.0,10,41.5,0.0,0,196.0,0.0,0.0,0.0,0.0,0.0,15
2023-05-10 10:37:21,p2311-P-6500,棕榈油2311沽6500,196.0,0.0,0.0,0.0,1,42.0,0.0,0,196.0,0.0,0.0,0.0,0.0,0.0,15
2023-05-10 10:37:21,p2311-P-6500,棕榈油2311沽6500,196.0,0.0,0.0,0.0,10,42.5,0.0,0,196.0,0.0,0.0,0.0,0.0,0.0,15
2023-05-10 10:37:22,p2311-P-6500,棕榈油2311沽6500,196.0,0.0,0.0,0.0,1,43.0,0.0,0,196.0,0.0,0.0,0.0,0.0,0.0,15
2023-05-10 10:37:22,p2311-P-6500,棕榈油2311沽6500,196.0,0.0,0.0,0.0,10,43.5,0.0,0,196.0,0.0,0.0,0.0,0.0,0.0,15
2023-05-10 10:37:24,p2311-P-6500,棕榈油2311沽6500,196.0,0.0,0.0,0.0,1,44.0,0.0,0,196.0,0.0,0.0,0.0,0.0,0.0,15
2023-05-10 10:37:24,p2311-P-6500,棕榈油2311沽6500,196.0,0.0,0.0,0.0,10,44.5,0.0,0,196.0,0.0,0.0,0.0,0.0,0.0,15
2023-05-10 10:37:25,p2311-P-6500,棕榈油2311沽6500,196.0,0.0,0.0,0.0,1,45.0,0.0,0,196.0,0.0,0.0,0.0,0.0,0.0,15
2023-05-10 10:37:25,p2311-P-6500,棕榈油2311沽6500,196.0,0.0,0.0,0.0,10,45.5,0.0,0,196.0,0.0,0.0,0.0,0.0,0.0,15
2023-05-10 10:37:27,p2311-P-6500,棕榈油2311沽6500,196.0,0.0,0.0,0.0,1,46.0,0.0,0,196.0,0.0,0.0,0.0,0.0,0.0,15
2023-05-10 10:37:27,p2311-P-6500,棕榈油2311沽6500,196.0,0.0,0.0,0.0,10,46.5,0.0,0,196.0,0.0,0.0,0.0,0.0,0.0,15
2023-05-10 10:37:28,p2311-P-6500,棕榈油2311沽6500,196.0,0.0,0.0,0.0,1,47.0,0.0,0,196.0,0.0,0.0,0.0,0.0,0.0,15
2023-05-10 10:37:28,p2311-P-6500,棕榈油2311沽6500,196.0,0.0,0.0,0.0,10,47.5,0.0,0,196.0,0.0,0.0,0.0,0.0,0.0,15
2023-05-10 10:37:29,p2311-P-6500,棕榈油2311沽6500,196.0,0.0,0.0,0.0,1,48.0,0.0,0,196.0,0.0,0.0,0.0,0.0,0.0,15
2023-05-10 10:37:29,p2311-P-6500,棕榈油2311沽6500,196.0,0.0,0.0,0.0,10,48.5,0.0,0,196.0,0.0,0.0,0.0,0.0,0.0,15
2023-05-10 10:37:30,p2311-P-6500,棕榈油2311沽6500,196.0,0.0,0.0,0.0,1,49.0,0.0,0,196.0,0.0,0.0,0.0,0.0,0.0,15
2023-05-10 10:37:30,p2311-P-6500,棕榈油2311沽6500,196.0,0.0,0.0,0.0,10,49.5,0.0,0,196.0,0.0,0.0,0.0,0.0,0.0,15
2023-05-10 10:37:32,p2311-P-6500,棕榈油2311沽6500,196.0,0.0,0.0,0.0,1,50.0,0.0,0,196.0,0.0,0.0,0.0,0.0,0.0,15
2023-05-10 10:37:32,p2311-P-6500,棕榈油2311沽6500,196.0,0.0,0.0,0.0,10,50.5,0.0,0,196.0,0.0,0.0,0.0,0.0,0.0,15
2023-05-10 10:37:33,p2311-P-6500,棕榈油2311沽6500,196.0,0.0,0.0,0.0,1,51.0,0.0,0,196.0,0.0,0.0,0.0,0.0,0.0,15
2023-05-10 10:37:33,p2311-P-6500,棕榈油2311沽6500,196.0,0.0,0.0,0.0,10,51.5,0.0,0,196.0,0.0,0.0,0.0,0.0,0.0,15
2023-05-10 10:37:34,p2311-P-6500,棕榈油2311沽6500,196.0,0.0,0.0,0.0,1,52.0,0.0,0,196.0,0.0,0.0,0.0,0.0,0.0,15
2023-05-10 10:37:34,p2311-P-6500,棕榈油2311沽6500,196.0,0.0,0.0,0.0,10,52.5,0.0,0,196.0,0.0,0.0,0.0,0.0,0.0,15
2023-05-10 10:37:35,p2311-P-6500,棕榈油2311沽6500,196.0,0.0,0.0,0.0,1,53.0,0.0,0,196.0,0.0,0.0,0.0,0.0,0.0,15
2023-05-10 10:37:35,p2311-P-6500,棕榈油2311沽6500,196.0,0.0,0.0,0.0,10,53.5,0.0,0,196.0,0.0,0.0,0.0,0.0,0.0,15
2023-05-10 10:37:36,p2311-P-6500,棕榈油2311沽6500,196.0,0.0,0.0,0.0,1,54.0,0.0,0,196.0,0.0,0.0,0.0,0.0,0.0,15
2023-05-10 10:37:36,p2311-P-6500,棕榈油2311沽6500,196.0,0.0,0.0,0.0,10,54.5,0.0,0,196.0,0.0,0.0,0.0,0.0,0.0,15
2023-05-10 10:37:38,p2311-P-6500,棕榈油2311沽6500,196.0,0.0,0.0,0.0,1,55.0,0.0,0,196.0,0.0,0.0,0.0,0.0,0.0,15
2023-05-10 10:37:38,p2311-P-6500,棕榈油2311沽6500,196.0,0.0,0.0,0.0,10,55.5,0.0,0,196.0,0.0,0.0,0.0,0.0,0.0,15
2023-05-10 10:37:39,p2311-P-6500,棕榈油2311沽6500,196.0,0.0,0.0,0.0,1,56.0,0.0,0,196.0,0.0,0.0,0.0,0.0,0.0,15
2023-05-10 10:37:39,p2311-P-6500,棕榈油2311沽6500,196.0,0.0,0.0,0.0,10,56.5,0.0,0,196.0,0.0,0.0,0.0,0.0,0.0,15
2023-05-10 10:37:40,p2311-P-6500,棕榈油2311沽6500,196.0,0.0,0.0,0.0,1,57.0,0.0,0,196.0,0.0,0.0,0.0,0.0,0.0,15
2023-05-10 10:37:40,p2311-P-6500,棕榈油2311沽6500,196.0,0.0,0.0,0.0,10,57.5,0.0,0,196.0,0.0,0.0,0.0,0.0,0.0,15
2023-05-10 10:37:42,p2311-P-6500,棕榈油2311沽6500,196.0,0.0,0.0,0.0,1,58.0,0.0,0,196.0,0.0,0.0,0.0,0.0,0.0,15
2023-05-10 10:37:42,p2311-P-6500,棕榈油2311沽6500,196.0,0.0,0.0,0.0,10,58.5,0.0,0,196.0,0.0,0.0,0.0,0.0,0.0,15
2023-05-10 10:37:43,p2311-P-6500,棕榈油2311沽6500,196.0,0.0,0.0,0.0,1,59.0,0.0,0,196.0,0.0,0.0,0.0,0.0,0.0,15
2023-05-10 10:37:43,p2311-P-6500,棕榈油2311沽6500,196.0,0.0,0.0,0.0,10,59.5,0.0,0,196.0,0.0,0.0,0.0,0.0,0.0,15
2023-05-10 10:37:44,p2311-P-6500,棕榈油2311沽6500,196.0,0.0,0.0,0.0,1,60.0,0.0,0,196.0,0.0,0.0,0.0,0.0,0.0,15
2023-05-10 10:37:44,p2311-P-6500,棕榈油2311沽6500,196.0,0.0,0.0,0.0,10,60.5,0.0,0,196.0,0.0,0.0,0.0,0.0,0.0,15
2023-05-10 10:37:45,p2311-P-6500,棕榈油2311沽6500,196.0,0.0,0.0,0.0,1,61.0,0.0,0,196.0,0.0,0.0,0.0,0.0,0.0,15
2023-05-10 10:37:45,p2311-P-6500,棕榈油2311沽6500,196.0,0.0,0.0,0.0,10,61.5,0.0,0,196.0,0.0,0.0,0.0,0.0,0.0,15
2023-05-10 10:37:46,p2311-P-6500,棕榈油2311沽6500,196.0,0.0,0.0,0.0,1,62.0,0.0,0,196.0,0.0,0.0,0.0,0.0,0.0,15
2023-05-10 10:37:46,p2311-P-6500,棕榈油2311沽6500,196.0,0.0,0.0,0.0,10,62.5,0.0,0,196.0,0.0,0.0,0.0,0.0,0.0,15
2023-05-10 10:37:47,p2311-P-6500,棕榈油2311沽6500,196.0,0.0,0.0,0.0,1,63.0,0.0,0,196.0,0.0,0.0,0.0,0.0,0.0,15
2023-05-10 10:37:47,p2311-P-6500,棕榈油2311沽6500,196.0,0.0,0.0,0.0,10,63.5,0.0,0,196.0,0.0,0.0,0.0,0.0,0.0,15
2023-05-10 10:37:48,p2311-P-6500,棕榈油2311沽6500,196.0,0.0,0.0,0.0,1,64.0,0.0,0,196.0,0.0,0.0,0.0,0.0,0.0,15
2023-05-10 10:37:48,p2311-P-6500,棕榈油2311沽6500,196.0,0.0,0.0,0.0,10,64.5,0.0,0,196.0,0.0,0.0,0.0,0.0,0.0,15
2023-05-10 10:37:49,p2311-P-6500,棕榈油2311沽6500,196.0,0.0,0.0,0.0,1,65.0,0.0,0,196.0,0.0,0.0,0.0,0.0,0.0,15
2023-05-10 10:37:49,p2311-P-6500,棕榈油2311沽6500,196.0,0.0,0.0,0.0,10,65.5,0.0,0,196.0,0.0,0.0,0.0,0.0,0.0,15
2023-05-10 10:37:50,p2311-P-6500,棕榈油2311沽6500,196.0,0.0,0.0,0.0,1,66.0,0.0,0,196.0,0.0,0.0,0.0,0.0,0.0,15
2023-05-10 10:37:50,p2311-P-6500,棕榈油2311沽6500,196.0,0.0,0.0,0.0,10,66.5,0.0,0,196.0,0.0,0.0,0.0,0.0,0.0,15
2023-05-10 10:37:52,p2311-P-6500,棕榈油2311沽6500,196.0,0.0,0.0,0.0,1,67.0,0.0,0,196.0,0.0,0.0,0.0,0.0,0.0,15
2023-05-10 10:37:52,p2311-P-6500,棕榈油2311沽6500,196.0,0.0,0.0,0.0,10,67.5,0.0,0,196.0,0.0,0.0,0.0,0.0,0.0,15
2023-05-10 10:37:53,p2311-P-6500,棕榈油2311沽6500,196.0,0.0,0.0,0.0,1,68.0,0.0,0,196.0,0.0,0.0,0.0,0.0,0.0,15
2023-05-10 10:37:53,p2311-P-6500,棕榈油2311沽6500,196.0,0.0,0.0,0.0,10,68.5,0.0,0,196.0,0.0,0.0,0.0,0.0,0.0,15
2023-05-10 10:37:54,p2311-P-6500,棕榈油2311沽6500,196.0,0.0,0.0,0.0,1,69.0,0.0,0,196.0,0.0,0.0,0.0,0.0,0.0,15
2023-05-10 10:37:54,p2311-P-6500,棕榈油2311沽6500,196.0,0.0,0.0,0.0,10,69.5,0.0,0,196.0,0.0,0.0,0.0,0.0,0.0,15
2023-05-10 10:37:55,p2311-P-6500,棕榈油2311沽6500,196.0,0.0,0.0,0.0,1,70.0,0.0,0,196.0,0.0,0.0,0.0,0.0,0.0,15
2023-05-10 10:37:55,p2311-P-6500,棕榈油2311沽6500,196.0,0.0,0.0,0.0,10,70.5,0.0,0,196.0,0.0,0.0,0.0,0.0,0.0,15
2023-05-10 10:37:56,p2311-P-6500,棕榈油2311沽6500,196.0,0.0,0.0,0.0,1,71.0,0.0,0,196.0,0.0,0.0,0.0,0.0,0.0,15
2023-05-10 10:37:56,p2311-P-6500,棕榈油2311沽6500,196.0,0.0,0.0,0.0,10,71.5,0.0,0,196.0,0.0,0.0,0.0,0.0,0.0,15
2023-05-10 10:37:57,p2311-P-6500,棕榈油2311沽6500,196.0,0.0,0.0,0.0,1,72.0,0.0,0,196.0,0.0,0.0,0.0,0.0,0.0,15
2023-05-10 10:37:57,p2311-P-6500,棕榈油2311沽6500,196.0,0.0,0.0,0.0,10,72.5,0.0,0,196.0,0.0,0.0,0.0,0.0,0.0,15
2023-05-10 10:37:58,p2311-P-6500,棕榈油2311沽6500,196.0,0.0,0.0,0.0,1,73.0,0.0,0,196.0,0.0,0.0,0.0,0.0,0.0,15
2023-05-10 10:37:58,p2311-P-6500,棕榈油2311沽6500,196.0,0.0,0.0,0.0,10,73.5,0.0,0,196.0,0.0,0.0,0.0,0.0,0.0,15
2023-05-10 10:37:59,p2311-P-6500,棕榈油2311沽6500,196.0,0.0,0.0,0.0,1,74.0,0.0,0,196.0,0.0,0.0,0.0,0.0,0.0,15
2023-05-10 10:37:59,p2311-P-6500,棕榈油2311沽6500,196.0,0.0,0.0,0.0,10,74.5,0.0,0,196.0,0.0,0.0,0.0,0.0,0.0,15
2023-05-10 10:38:00,p2311-P-6500,棕榈油2311沽6500,196.0,0.0,0.0,0.0,1,75.0,0.0,0,196.0,0.0,0.0,0.0,0.0,0.0,15
2023-05-10 10:38:00,p2311-P-6500,棕榈油2311沽6500,196.0,0.0,0.0,0.0,10,75.5,0.0,0,196.0,0.0,0.0,0.0,0.0,0.0,15
2023-05-10 10:38:02,p2311-P-6500,棕榈油2311沽6500,196.0,0.0,0.0,0.0,1,76.0,0.0,0,196.0,0.0,0.0,0.0,0.0,0.0,15
2023-05-10 10:38:02,p2311-P-6500,棕榈油2311沽6500,196.0,0.0,0.0,0.0,10,76.5,0.0,0,196.0,0.0,0.0,0.0,0.0,0.0,15
2023-05-10 10:38:03,p2311-P-6500,棕榈油2311沽6500,196.0,0.0,0.0,0.0,1,77.0,0.0,0,196.0,0.0,0.0,0.0,0.0,0.0,15
2023-05-10 10:38:03,p2311-P-6500,棕榈油2311沽6500,196.0,0.0,0.0,0.0,10,77.5,0.0,0,196.0,0.0,0.0,0.0,0.0,0.0,15
2023-05-10 10:38:05,p2311-P-6500,棕榈油2311沽6500,196.0,0.0,0.0,0.0,1,78.0,0.0,0,196.0,0.0,0.0,0.0,0.0,0.0,15
2023-05-10 10:38:05,p2311-P-6500,棕榈油2311沽6500,196.0,0.0,0.0,0.0,10,78.5,0.0,0,196.0,0.0,0.0,0.0,0.0,0.0,15
2023-05-10 10:38:06,p2311-P-6500,棕榈油2311沽6500,196.0,0.0,0.0,0.0,1,79.0,0.0,0,196.0,0.0,0.0,0.0,0.0,0.0,15
2023-05-10 10:38:06,p2311-P-6500,棕榈油2311沽6500,196.0,0.0,0.0,0.0,10,79.5,0.0,0,196.0,0.0,0.0,0.0,0.0,0.0,15
2023-05-10 10:38:08,p2311-P-6500,棕榈油2311沽6500,196.0,0.0,0.0,0.0,1,80.0,0.0,0,196.0,0.0,0.0,0.0,0.0,0.0,15
2023-05-10 10:38:08,p2311-P-6500,棕榈油2311沽6500,196.0,0.0,0.0,0.0,10,80.5,0.0,0,196.0,0.0,0.0,0.0,0.0,0.0,15
2023-05-10 10:38:09,p2311-P-6500,棕榈油2311沽6500,196.0,0.0,0.0,0.0,1,81.0,0.0,0,196.0,0.0,0.0,0.0,0.0,0.0,15
2023-05-10 10:38:09,p2311-P-6500,棕榈油2311沽6500,196.0,0.0,0.0,0.0,10,81.5,0.0,0,196.0,0.0,0.0,0.0,0.0,0.0,15
2023-05-10 10:38:10,p2311-P-6500,棕榈油2311沽6500,196.0,0.0,0.0,0.0,1,82.0,0.0,0,196.0,0.0,0.0,0.0,0.0,0.0,15
2023-05-10 10:38:10,p2311-P-6500,棕榈油2311沽6500,196.0,0.0,0.0,0.0,10,82.5,0.0,0,196.0,0.0,0.0,0.0,0.0,0.0,15
2023-05-10 10:38:11,p2311-P-6500,棕榈油2311沽6500,196.0,0.0,0.0,0.0,1,83.0,0.0,0,196.0,0.0,0.0,0.0,0.0,0.0,15
2023-05-10 10:38:11,p2311-P-6500,棕榈油2311沽6500,196.0,0.0,0.0,0.0,10,83.5,0.0,0,196.0,0.0,0.0,0.0,0.0,0.0,15
2023-05-10 10:38:12,p2311-P-6500,棕榈油2311沽6500,196.0,0.0,0.0,0.0,1,84.0,0.0,0,196.0,0.0,0.0,0.0,0.0,0.0,15
2023-05-10 10:38:12,p2311-P-6500,棕榈油2311沽6500,196.0,0.0,0.0,0.0,10,84.5,0.0,0,196.0,0.0,0.0,0.0,0.0,0.0,15
2023-05-10 10:38:14,p2311-P-6500,棕榈油2311沽6500,196.0,0.0,0.0,0.0,1,85.0,0.0,0,196.0,0.0,0.0,0.0,0.0,0.0,15
2023-05-10 10:38:14,p2311-P-6500,棕榈油2311沽6500,196.0,0.0,0.0,0.0,10,85.5,0.0,0,196.0,0.0,0.0,0.0,0.0,0.0,15
2023-05-10 10:38:15,p2311-P-6500,棕榈油2311沽6500,196.0,0.0,0.0,0.0,1,86.0,0.0,0,196.0,0.0,0.0,0.0,0.0,0.0,15
2023-05-10 10:38:15,p2311-P-6500,棕榈油2311沽6500,196.0,0.0,0.0,0.0,10,86.5,0.0,0,196.0,0.0,0.0,0.0,0.0,0.0,15
2023-05-10 10:38:16,p2311-P-6500,棕榈油2311沽6500,196.0,0.0,0.0,0.0,1,87.0,0.0,0,196.0,0.0,0.0,0.0,0.0,0.0,15
2023-05-10 10:38:16,p2311-P-6500,棕榈油2311沽6500,196.0,0.0,0.0,0.0,10,87.5,0.0,0,196.0,0.0,0.0,0.0,0.0,0.0,15
2023-05-10 10:38:18,p2311-P-6500,棕榈油2311沽6500,196.0,0.0,0.0,0.0,1,88.0,0.0,0,196.0,0.0,0.0,0.0,0.0,0.0,15
2023-05-10 10:38:18,p2311-P-6500,棕榈油2311沽6500,196.0,0.0,0.0,0.0,10,88.5,0.0,0,196.0,0.0,0.0,0.0,0.0,0.0,15
2023-05-10 10:38:19,p2311-P-6500,棕榈油2311沽6500,196.0,0.0,0.0,0.0,1,89.0,0.0,0,196.0,0.0,0.0,0.0,0.0,0.0,15
2023-05-10 10:38:19,p2311-P-6500,棕榈油2311沽6500,196.0,0.0,0.0,0.0,10,89.5,0.0,0,196.0,0.0,0.0,0.0,0.0,0.0,15
2023-05-10 10:38:20,p2311-P-6500,棕榈油2311沽6500,196.0,0.0,0.0,0.0,1,90.0,0.0,0,196.0,0.0,0.0,0.0,0.0,0.0,15
2023-05-10 10:38:20,p2311-P-6500,棕榈油2311沽6500,196.0,0.0,0.0,0.0,10,90.5,0.0,0,196.0,0.0,0.0,0.0,0.0,0.0,15
2023-05-10 10:38:21,p2311-P-6500,棕榈油2311沽6500,196.0,0.0,0.0,0.0,1,91.0,0.0,0,196.0,0.0,0.0,0.0,0.0,0.0,15
2023-05-10 10:38:21,p2311-P-6500,棕榈油2311沽6500,196.0,0.0,0.0,0.0,10,91.5,0.0,0,196.0,0.0,0.0,0.0,0.0,0.0,15
2023-05-10 10:38:22,p2311-P-6500,棕榈油2311沽6500,196.0,0.0,0.0,0.0,1,92.0,0.0,0,196.0,0.0,0.0,0.0,0.0,0.0,15
2023-05-10 10:38:22,p2311-P-6500,棕榈油2311沽6500,196.0,0.0,0.0,0.0,10,92.5,0.0,0,196.0,0.0,0.0,0.0,0.0,0.0,15
2023-05-10 10:38:23,p2311-P-6500,棕榈油2311沽6500,196.0,0.0,0.0,0.0,1,93.0,0.0,0,196.0,0.0,0.0,0.0,0.0,0.0,15
2023-05-10 10:38:23,p2311-P-6500,棕榈油2311沽6500,196.0,0.0,0.0,0.0,10,93.5,0.0,0,196.0,0.0,0.0,0.0,0.0,0.0,15
2023-05-10 10:38:24,p2311-P-6500,棕榈油2311沽6500,196.0,0.0,0.0,0.0,1,94.0,0.0,0,196.0,0.0,0.0,0.0,0.0,0.0,15
2023-05-10 10:38:24,p2311-P-6500,棕榈油2311沽6500,196.0,0.0,0.0,0.0,10,94.5,0.0,0,196.0,0.0,0.0,0.0,0.0,0.0,15
2023-05-10 10:38:25,p2311-P-6500,棕榈油2311沽6500,196.0,0.0,0.0,0.0,1,95.0,0.0,0,196.0,0.0,0.0,0.0,0.0,0.0,15
2023-05-10 10:38:25,p2311-P-6500,棕榈油2311沽6500,196.0,0.0,0.0,0.0,10,95.5,0.0,0,196.0,0.0,0.0,0.0,0.0,0.0,15
2023-05-10 10:38:26,p2311-P-6500,棕榈油2311沽6500,196.0,0.0,0.0,0.0,1,96.0,0.0,0,196.0,0.0,0.0,0.0,0.0,0.0,15
2023-05-10 10:38:26,p2311-P-6500,棕榈油2311沽6500,196.0,0.0,0.0,0.0,10,96.5,0.0,0,196.0,0.0,0.0,0.0,0.0,0.0,15
2023-05-10 10:38:27,p2311-P-6500,棕榈油2311沽6500,196.0,0.0,0.0,0.0,1,97.0,0.0,0,196.0,0.0,0.0,0.0,0.0,0.0,15
2023-05-10 10:38:27,p2311-P-6500,棕榈油2311沽6500,196.0,0.0,0.0,0.0,10,97.5,0.0,0,196.0,0.0,0.0,0.0,0.0,0.0,15
2023-05-10 10:38:28,p2311-P-6500,棕榈油2311沽6500,196.0,0.0,0.0,0.0,1,98.0,0.0,0,196.0,0.0,0.0,0.0,0.0,0.0,15
2023-05-10 10:38:28,p2311-P-6500,棕榈油2311沽6500,196.0,0.0,0.0,0.0,10,98.5,0.0,0,196.0,0.0,0.0,0.0,0.0,0.0,15
2023-05-10 11:29:33,p2311-P-6500,棕榈油2311沽6500,196.0,0.0,0.0,0.0,1,8.0,0.0,0,196.0,0.0,0.0,0.0,0.0,0.0,15
2023-05-10 13:31:06,p2311-P-6500,棕榈油2311沽6500,196.0,0.0,0.0,0.0,1,8.5,0.0,0,196.0,0.0,0.0,0.0,0.0,0.0,15
2023-05-10 13:33:06,p2311-P-6500,棕榈油2311沽6500,196.0,0.0,0.0,0.0,1,9.0,0.0,0,196.0,0.0,0.0,0.0,0.0,0.0,15
2023-05-10 13:33:06,p2311-P-6500,棕榈油2311沽6500,196.0,0.0,0.0,0.0,10,9.5,0.0,0,196.0,0.0,0.0,0.0,0.0,0.0,15
2023-05-10 13:33:32,p2311-P-6500,棕榈油2311沽6500,196.0,0.0,0.0,0.0,1,10.0,0.0,0,196.0,0.0,0.0,0.0,0.0,0.0,15
2023-05-10 13:33:32,p2311-P-6500,棕榈油2311沽6500,196.0,0.0,0.0,0.0,10,10.5,0.0,0,196.0,0.0,0.0,0.0,0.0,0.0,15
2023-05-10 13:33:49,p2311-P-6500,棕榈油2311沽6500,196.0,0.0,0.0,0.0,1,11.0,0.0,0,196.0,0.0,0.0,0.0,0.0,0.0,15
2023-05-10 13:33:49,p2311-P-6500,棕榈油2311沽6500,196.0,0.0,0.0,0.0,10,11.5,0.0,0,196.0,0.0,0.0,0.0,0.0,0.0,15
2023-05-10 13:35:55,p2311-P-6500,棕榈油2311沽6500,196.0,0.0,0.0,0.0,1,12.0,0.0,0,196.0,0.0,0.0,0.0,0.0,0.0,15
2023-05-10 13:35:55,p2311-P-6500,棕榈油2311沽6500,196.0,0.0,0.0,0.0,10,12.5,0.0,0,196.0,0.0,0.0,0.0,0.0,0.0,15
2023-05-10 13:36:07,p2311-P-6500,棕榈油2311沽6500,196.0,0.0,0.0,0.0,1,13.0,0.0,0,196.0,0.0,0.0,0.0,0.0,0.0,15
2023-05-10 13:36:07,p2311-P-6500,棕榈油2311沽6500,196.0,0.0,0.0,0.0,10,13.5,0.0,0,196.0,0.0,0.0,0.0,0.0,0.0,15
2023-05-10 13:36:13,p2311-P-6500,棕榈油2311沽6500,196.0,0.0,0.0,0.0,1,14.0,0.0,0,196.0,0.0,0.0,0.0,0.0,0.0,15
2023-05-10 13:36:13,p2311-P-6500,棕榈油2311沽6500,196.0,0.0,0.0,0.0,10,14.5,0.0,0,196.0,0.0,0.0,0.0,0.0,0.0,15
2023-05-10 13:36:20,p2311-P-6500,棕榈油2311沽6500,196.0,0.0,0.0,0.0,1,15.0,0.0,0,196.0,0.0,0.0,0.0,0.0,0.0,15
2023-05-10 13:36:20,p2311-P-6500,棕榈油2311沽6500,196.0,0.0,0.0,0.0,10,15.5,0.0,0,196.0,0.0,0.0,0.0,0.0,0.0,15
2023-05-10 13:36:25,p2311-P-6500,棕榈油2311沽6500,196.0,0.0,0.0,0.0,1,16.0,0.0,0,196.0,0.0,0.0,0.0,0.0,0.0,15
2023-05-10 13:36:25,p2311-P-6500,棕榈油2311沽6500,196.0,0.0,0.0,0.0,10,16.5,0.0,0,196.0,0.0,0.0,0.0,0.0,0.0,15
2023-05-10 13:36:28,p2311-P-6500,棕榈油2311沽6500,196.0,0.0,0.0,0.0,1,17.0,0.0,0,196.0,0.0,0.0,0.0,0.0,0.0,15
2023-05-10 13:36:28,p2311-P-6500,棕榈油2311沽6500,196.0,0.0,0.0,0.0,10,17.5,0.0,0,196.0,0.0,0.0,0.0,0.0,0.0,15
2023-05-10 13:36:32,p2311-P-6500,棕榈油2311沽6500,196.0,0.0,0.0,0.0,1,18.0,0.0,0,196.0,0.0,0.0,0.0,0.0,0.0,15
2023-05-10 13:36:32,p2311-P-6500,棕榈油2311沽6500,196.0,0.0,0.0,0.0,10,18.5,0.0,0,196.0,0.0,0.0,0.0,0.0,0.0,15
2023-05-10 13:36:36,p2311-P-6500,棕榈油2311沽6500,196.0,0.0,0.0,0.0,1,19.0,0.0,0,196.0,0.0,0.0,0.0,0.0,0.0,15
2023-05-10 13:36:36,p2311-P-6500,棕榈油2311沽6500,196.0,0.0,0.0,0.0,10,19.5,0.0,0,196.0,0.0,0.0,0.0,0.0,0.0,15
2023-05-10 13:36:46,p2311-P-6500,棕榈油2311沽6500,196.0,0.0,0.0,0.0,1,20.0,0.0,0,196.0,0.0,0.0,0.0,0.0,0.0,15
2023-05-10 13:36:46,p2311-P-6500,棕榈油2311沽6500,196.0,0.0,0.0,0.0,10,20.5,0.0,0,196.0,0.0,0.0,0.0,0.0,0.0,15
2023-05-10 13:37:09,p2311-P-6500,棕榈油2311沽6500,196.0,0.0,0.0,0.0,1,21.0,0.0,0,196.0,0.0,0.0,0.0,0.0,0.0,15
2023-05-10 13:37:09,p2311-P-6500,棕榈油2311沽6500,196.0,0.0,0.0,0.0,10,21.5,0.0,0,196.0,0.0,0.0,0.0,0.0,0.0,15
2023-05-10 13:37:21,p2311-P-6500,棕榈油2311沽6500,196.0,0.0,0.0,0.0,1,22.0,0.0,0,196.0,0.0,0.0,0.0,0.0,0.0,15
2023-05-10 13:37:21,p2311-P-6500,棕榈油2311沽6500,196.0,0.0,0.0,0.0,10,22.5,0.0,0,196.0,0.0,0.0,0.0,0.0,0.0,15
2023-05-10 13:37:33,p2311-P-6500,棕榈油2311沽6500,196.0,0.0,0.0,0.0,1,23.0,0.0,0,196.0,0.0,0.0,0.0,0.0,0.0,15
2023-05-10 13:37:33,p2311-P-6500,棕榈油2311沽6500,196.0,0.0,0.0,0.0,10,23.5,0.0,0,196.0,0.0,0.0,0.0,0.0,0.0,15
2023-05-10 13:37:36,p2311-P-6500,棕榈油2311沽6500,196.0,0.0,0.0,0.0,1,24.0,0.0,0,196.0,0.0,0.0,0.0,0.0,0.0,15
2023-05-10 13:37:36,p2311-P-6500,棕榈油2311沽6500,196.0,0.0,0.0,0.0,10,24.5,0.0,0,196.0,0.0,0.0,0.0,0.0,0.0,15
2023-05-10 13:37:41,p2311-P-6500,棕榈油2311沽6500,196.0,0.0,0.0,0.0,1,25.0,0.0,0,196.0,0.0,0.0,0.0,0.0,0.0,15
2023-05-10 13:37:41,p2311-P-6500,棕榈油2311沽6500,196.0,0.0,0.0,0.0,10,25.5,0.0,0,196.0,0.0,0.0,0.0,0.0,0.0,15
2023-05-10 13:37:42,p2311-P-6500,棕榈油2311沽6500,196.0,0.0,0.0,0.0,1,26.0,0.0,0,196.0,0.0,0.0,0.0,0.0,0.0,15
2023-05-10 13:37:42,p2311-P-6500,棕榈油2311沽6500,196.0,0.0,0.0,0.0,10,26.5,0.0,0,196.0,0.0,0.0,0.0,0.0,0.0,15
2023-05-10 13:37:44,p2311-P-6500,棕榈油2311沽6500,196.0,0.0,0.0,0.0,1,27.0,0.0,0,196.0,0.0,0.0,0.0,0.0,0.0,15
2023-05-10 13:37:44,p2311-P-6500,棕榈油2311沽6500,196.0,0.0,0.0,0.0,10,27.5,0.0,0,196.0,0.0,0.0,0.0,0.0,0.0,15
2023-05-10 13:37:45,p2311-P-6500,棕榈油2311沽6500,196.0,0.0,0.0,0.0,1,28.0,0.0,0,196.0,0.0,0.0,0.0,0.0,0.0,15
2023-05-10 13:37:45,p2311-P-6500,棕榈油2311沽6500,196.0,0.0,0.0,0.0,10,28.5,0.0,0,196.0,0.0,0.0,0.0,0.0,0.0,15
2023-05-10 13:37:46,p2311-P-6500,棕榈油2311沽6500,196.0,0.0,0.0,0.0,1,29.0,0.0,0,196.0,0.0,0.0,0.0,0.0,0.0,15
2023-05-10 13:37:46,p2311-P-6500,棕榈油2311沽6500,196.0,0.0,0.0,0.0,10,29.5,0.0,0,196.0,0.0,0.0,0.0,0.0,0.0,15
2023-05-10 13:37:48,p2311-P-6500,棕榈油2311沽6500,196.0,0.0,0.0,0.0,1,30.0,0.0,0,196.0,0.0,0.0,0.0,0.0,0.0,15
2023-05-10 13:37:48,p2311-P-6500,棕榈油2311沽6500,196.0,0.0,0.0,0.0,10,30.5,0.0,0,196.0,0.0,0.0,0.0,0.0,0.0,15
2023-05-10 13:37:50,p2311-P-6500,棕榈油2311沽6500,196.0,0.0,0.0,0.0,1,31.0,0.0,0,196.0,0.0,0.0,0.0,0.0,0.0,15
2023-05-10 13:37:50,p2311-P-6500,棕榈油2311沽6500,196.0,0.0,0.0,0.0,10,31.5,0.0,0,196.0,0.0,0.0,0.0,0.0,0.0,15
2023-05-10 13:37:51,p2311-P-6500,棕榈油2311沽6500,196.0,0.0,0.0,0.0,1,32.0,0.0,0,196.0,0.0,0.0,0.0,0.0,0.0,15
2023-05-10 13:37:51,p2311-P-6500,棕榈油2311沽6500,196.0,0.0,0.0,0.0,10,32.5,0.0,0,196.0,0.0,0.0,0.0,0.0,0.0,15
2023-05-10 13:37:53,p2311-P-6500,棕榈油2311沽6500,196.0,0.0,0.0,0.0,1,33.0,0.0,0,196.0,0.0,0.0,0.0,0.0,0.0,15
2023-05-10 13:37:53,p2311-P-6500,棕榈油2311沽6500,196.0,0.0,0.0,0.0,10,33.5,0.0,0,196.0,0.0,0.0,0.0,0.0,0.0,15
2023-05-10 13:37:54,p2311-P-6500,棕榈油2311沽6500,196.0,0.0,0.0,0.0,1,34.0,0.0,0,196.0,0.0,0.0,0.0,0.0,0.0,15
2023-05-10 13:37:54,p2311-P-6500,棕榈油2311沽6500,196.0,0.0,0.0,0.0,10,34.5,0.0,0,196.0,0.0,0.0,0.0,0.0,0.0,15
2023-05-10 13:37:56,p2311-P-6500,棕榈油2311沽6500,196.0,0.0,0.0,0.0,1,35.0,0.0,0,196.0,0.0,0.0,0.0,0.0,0.0,15
2023-05-10 13:37:56,p2311-P-6500,棕榈油2311沽6500,196.0,0.0,0.0,0.0,10,35.5,0.0,0,196.0,0.0,0.0,0.0,0.0,0.0,15
2023-05-10 13:37:58,p2311-P-6500,棕榈油2311沽6500,196.0,0.0,0.0,0.0,1,36.0,0.0,0,196.0,0.0,0.0,0.0,0.0,0.0,15
2023-05-10 13:37:58,p2311-P-6500,棕榈油2311沽6500,196.0,0.0,0.0,0.0,10,36.5,0.0,0,196.0,0.0,0.0,0.0,0.0,0.0,15
2023-05-10 13:37:59,p2311-P-6500,棕榈油2311沽6500,196.0,0.0,0.0,0.0,1,37.0,0.0,0,196.0,0.0,0.0,0.0,0.0,0.0,15
2023-05-10 13:37:59,p2311-P-6500,棕榈油2311沽6500,196.0,0.0,0.0,0.0,10,37.5,0.0,0,196.0,0.0,0.0,0.0,0.0,0.0,15
2023-05-10 13:38:00,p2311-P-6500,棕榈油2311沽6500,196.0,0.0,0.0,0.0,1,38.0,0.0,0,196.0,0.0,0.0,0.0,0.0,0.0,15
2023-05-10 13:38:00,p2311-P-6500,棕榈油2311沽6500,196.0,0.0,0.0,0.0,10,38.5,0.0,0,196.0,0.0,0.0,0.0,0.0,0.0,15
2023-05-10 13:38:02,p2311-P-6500,棕榈油2311沽6500,196.0,0.0,0.0,0.0,1,39.0,0.0,0,196.0,0.0,0.0,0.0,0.0,0.0,15
2023-05-10 13:38:02,p2311-P-6500,棕榈油2311沽6500,196.0,0.0,0.0,0.0,10,39.5,0.0,0,196.0,0.0,0.0,0.0,0.0,0.0,15
2023-05-10 13:38:03,p2311-P-6500,棕榈油2311沽6500,196.0,0.0,0.0,0.0,1,40.0,0.0,0,196.0,0.0,0.0,0.0,0.0,0.0,15
2023-05-10 13:38:03,p2311-P-6500,棕榈油2311沽6500,196.0,0.0,0.0,0.0,10,40.5,0.0,0,196.0,0.0,0.0,0.0,0.0,0.0,15
2023-05-10 13:38:04,p2311-P-6500,棕榈油2311沽6500,196.0,0.0,0.0,0.0,1,41.0,0.0,0,196.0,0.0,0.0,0.0,0.0,0.0,15
2023-05-10 13:38:04,p2311-P-6500,棕榈油2311沽6500,196.0,0.0,0.0,0.0,10,41.5,0.0,0,196.0,0.0,0.0,0.0,0.0,0.0,15
2023-05-10 13:38:05,p2311-P-6500,棕榈油2311沽6500,196.0,0.0,0.0,0.0,1,42.0,0.0,0,196.0,0.0,0.0,0.0,0.0,0.0,15
2023-05-10 13:38:05,p2311-P-6500,棕榈油2311沽6500,196.0,0.0,0.0,0.0,10,42.5,0.0,0,196.0,0.0,0.0,0.0,0.0,0.0,15
2023-05-10 13:38:06,p2311-P-6500,棕榈油2311沽6500,196.0,0.0,0.0,0.0,1,43.0,0.0,0,196.0,0.0,0.0,0.0,0.0,0.0,15
2023-05-10 13:38:06,p2311-P-6500,棕榈油2311沽6500,196.0,0.0,0.0,0.0,10,43.5,0.0,0,196.0,0.0,0.0,0.0,0.0,0.0,15
2023-05-10 13:38:08,p2311-P-6500,棕榈油2311沽6500,196.0,0.0,0.0,0.0,1,44.0,0.0,0,196.0,0.0,0.0,0.0,0.0,0.0,15
2023-05-10 13:38:08,p2311-P-6500,棕榈油2311沽6500,196.0,0.0,0.0,0.0,10,44.5,0.0,0,196.0,0.0,0.0,0.0,0.0,0.0,15
2023-05-10 13:38:09,p2311-P-6500,棕榈油2311沽6500,196.0,0.0,0.0,0.0,1,45.0,0.0,0,196.0,0.0,0.0,0.0,0.0,0.0,15
2023-05-10 13:38:09,p2311-P-6500,棕榈油2311沽6500,196.0,0.0,0.0,0.0,10,45.5,0.0,0,196.0,0.0,0.0,0.0,0.0,0.0,15
2023-05-10 13:38:11,p2311-P-6500,棕榈油2311沽6500,196.0,0.0,0.0,0.0,1,46.0,0.0,0,196.0,0.0,0.0,0.0,0.0,0.0,15
2023-05-10 13:38:11,p2311-P-6500,棕榈油2311沽6500,196.0,0.0,0.0,0.0,10,46.5,0.0,0,196.0,0.0,0.0,0.0,0.0,0.0,15
2023-05-10 13:38:12,p2311-P-6500,棕榈油2311沽6500,196.0,0.0,0.0,0.0,1,47.0,0.0,0,196.0,0.0,0.0,0.0,0.0,0.0,15
2023-05-10 13:38:12,p2311-P-6500,棕榈油2311沽6500,196.0,0.0,0.0,0.0,10,47.5,0.0,0,196.0,0.0,0.0,0.0,0.0,0.0,15
2023-05-10 13:38:13,p2311-P-6500,棕榈油2311沽6500,196.0,0.0,0.0,0.0,1,48.0,0.0,0,196.0,0.0,0.0,0.0,0.0,0.0,15
2023-05-10 13:38:13,p2311-P-6500,棕榈油2311沽6500,196.0,0.0,0.0,0.0,10,48.5,0.0,0,196.0,0.0,0.0,0.0,0.0,0.0,15
2023-05-10 13:38:15,p2311-P-6500,棕榈油2311沽6500,196.0,0.0,0.0,0.0,1,49.0,0.0,0,196.0,0.0,0.0,0.0,0.0,0.0,15
2023-05-10 13:38:15,p2311-P-6500,棕榈油2311沽6500,196.0,0.0,0.0,0.0,10,49.5,0.0,0,196.0,0.0,0.0,0.0,0.0,0.0,15
2023-05-10 13:38:16,p2311-P-6500,棕榈油2311沽6500,196.0,0.0,0.0,0.0,1,50.0,0.0,0,196.0,0.0,0.0,0.0,0.0,0.0,15
2023-05-10 13:38:16,p2311-P-6500,棕榈油2311沽6500,196.0,0.0,0.0,0.0,10,50.5,0.0,0,196.0,0.0,0.0,0.0,0.0,0.0,15
2023-05-10 13:38:17,p2311-P-6500,棕榈油2311沽6500,196.0,0.0,0.0,0.0,1,51.0,0.0,0,196.0,0.0,0.0,0.0,0.0,0.0,15
2023-05-10 13:38:17,p2311-P-6500,棕榈油2311沽6500,196.0,0.0,0.0,0.0,10,51.5,0.0,0,196.0,0.0,0.0,0.0,0.0,0.0,15
2023-05-10 13:38:18,p2311-P-6500,棕榈油2311沽6500,196.0,0.0,0.0,0.0,1,52.0,0.0,0,196.0,0.0,0.0,0.0,0.0,0.0,15
2023-05-10 13:38:18,p2311-P-6500,棕榈油2311沽6500,196.0,0.0,0.0,0.0,10,52.5,0.0,0,196.0,0.0,0.0,0.0,0.0,0.0,15
2023-05-10 13:38:20,p2311-P-6500,棕榈油2311沽6500,196.0,0.0,0.0,0.0,1,53.0,0.0,0,196.0,0.0,0.0,0.0,0.0,0.0,15
2023-05-10 13:38:20,p2311-P-6500,棕榈油2311沽6500,196.0,0.0,0.0,0.0,10,53.5,0.0,0,196.0,0.0,0.0,0.0,0.0,0.0,15
2023-05-10 13:38:21,p2311-P-6500,棕榈油2311沽6500,196.0,0.0,0.0,0.0,1,54.0,0.0,0,196.0,0.0,0.0,0.0,0.0,0.0,15
2023-05-10 13:38:21,p2311-P-6500,棕榈油2311沽6500,196.0,0.0,0.0,0.0,10,54.5,0.0,0,196.0,0.0,0.0,0.0,0.0,0.0,15
2023-05-10 13:38:22,p2311-P-6500,棕榈油2311沽6500,196.0,0.0,0.0,0.0,1,55.0,0.0,0,196.0,0.0,0.0,0.0,0.0,0.0,15
2023-05-10 13:38:22,p2311-P-6500,棕榈油2311沽6500,196.0,0.0,0.0,0.0,10,55.5,0.0,0,196.0,0.0,0.0,0.0,0.0,0.0,15
2023-05-10 13:38:24,p2311-P-6500,棕榈油2311沽6500,196.0,0.0,0.0,0.0,1,56.0,0.0,0,196.0,0.0,0.0,0.0,0.0,0.0,15
2023-05-10 13:38:24,p2311-P-6500,棕榈油2311沽6500,196.0,0.0,0.0,0.0,10,56.5,0.0,0,196.0,0.0,0.0,0.0,0.0,0.0,15
2023-05-10 13:38:25,p2311-P-6500,棕榈油2311沽6500,196.0,0.0,0.0,0.0,1,57.0,0.0,0,196.0,0.0,0.0,0.0,0.0,0.0,15
2023-05-10 13:38:25,p2311-P-6500,棕榈油2311沽6500,196.0,0.0,0.0,0.0,10,57.5,0.0,0,196.0,0.0,0.0,0.0,0.0,0.0,15
2023-05-10 13:38:26,p2311-P-6500,棕榈油2311沽6500,196.0,0.0,0.0,0.0,1,58.0,0.0,0,196.0,0.0,0.0,0.0,0.0,0.0,15
2023-05-10 13:38:26,p2311-P-6500,棕榈油2311沽6500,196.0,0.0,0.0,0.0,10,58.5,0.0,0,196.0,0.0,0.0,0.0,0.0,0.0,15
2023-05-10 13:38:27,p2311-P-6500,棕榈油2311沽6500,196.0,0.0,0.0,0.0,1,59.0,0.0,0,196.0,0.0,0.0,0.0,0.0,0.0,15
2023-05-10 13:38:27,p2311-P-6500,棕榈油2311沽6500,196.0,0.0,0.0,0.0,10,59.5,0.0,0,196.0,0.0,0.0,0.0,0.0,0.0,15
2023-05-10 13:38:28,p2311-P-6500,棕榈油2311沽6500,196.0,0.0,0.0,0.0,1,60.0,0.0,0,196.0,0.0,0.0,0.0,0.0,0.0,15
2023-05-10 13:38:28,p2311-P-6500,棕榈油2311沽6500,196.0,0.0,0.0,0.0,10,60.5,0.0,0,196.0,0.0,0.0,0.0,0.0,0.0,15
2023-05-10 13:38:29,p2311-P-6500,棕榈油2311沽6500,196.0,0.0,0.0,0.0,1,61.0,0.0,0,196.0,0.0,0.0,0.0,0.0,0.0,15
2023-05-10 13:38:29,p2311-P-6500,棕榈油2311沽6500,196.0,0.0,0.0,0.0,10,61.5,0.0,0,196.0,0.0,0.0,0.0,0.0,0.0,15
2023-05-10 13:38:30,p2311-P-6500,棕榈油2311沽6500,196.0,0.0,0.0,0.0,1,62.0,0.0,0,196.0,0.0,0.0,0.0,0.0,0.0,15
2023-05-10 13:38:30,p2311-P-6500,棕榈油2311沽6500,196.0,0.0,0.0,0.0,10,62.5,0.0,0,196.0,0.0,0.0,0.0,0.0,0.0,15
2023-05-10 13:38:32,p2311-P-6500,棕榈油2311沽6500,196.0,0.0,0.0,0.0,1,63.0,0.0,0,196.0,0.0,0.0,0.0,0.0,0.0,15
2023-05-10 13:38:32,p2311-P-6500,棕榈油2311沽6500,196.0,0.0,0.0,0.0,10,63.5,0.0,0,196.0,0.0,0.0,0.0,0.0,0.0,15
2023-05-10 13:38:33,p2311-P-6500,棕榈油2311沽6500,196.0,0.0,0.0,0.0,1,64.0,0.0,0,196.0,0.0,0.0,0.0,0.0,0.0,15
2023-05-10 13:38:33,p2311-P-6500,棕榈油2311沽6500,196.0,0.0,0.0,0.0,10,64.5,0.0,0,196.0,0.0,0.0,0.0,0.0,0.0,15
2023-05-10 13:38:34,p2311-P-6500,棕榈油2311沽6500,196.0,0.0,0.0,0.0,1,65.0,0.0,0,196.0,0.0,0.0,0.0,0.0,0.0,15
2023-05-10 13:38:34,p2311-P-6500,棕榈油2311沽6500,196.0,0.0,0.0,0.0,10,65.5,0.0,0,196.0,0.0,0.0,0.0,0.0,0.0,15
2023-05-10 13:38:35,p2311-P-6500,棕榈油2311沽6500,196.0,0.0,0.0,0.0,1,66.0,0.0,0,196.0,0.0,0.0,0.0,0.0,0.0,15
2023-05-10 13:38:35,p2311-P-6500,棕榈油2311沽6500,196.0,0.0,0.0,0.0,10,66.5,0.0,0,196.0,0.0,0.0,0.0,0.0,0.0,15
2023-05-10 13:38:36,p2311-P-6500,棕榈油2311沽6500,196.0,0.0,0.0,0.0,1,67.0,0.0,0,196.0,0.0,0.0,0.0,0.0,0.0,15
2023-05-10 13:38:36,p2311-P-6500,棕榈油2311沽6500,196.0,0.0,0.0,0.0,10,67.5,0.0,0,196.0,0.0,0.0,0.0,0.0,0.0,15
2023-05-10 13:38:37,p2311-P-6500,棕榈油2311沽6500,196.0,0.0,0.0,0.0,1,68.0,0.0,0,196.0,0.0,0.0,0.0,0.0,0.0,15
2023-05-10 13:38:37,p2311-P-6500,棕榈油2311沽6500,196.0,0.0,0.0,0.0,10,68.5,0.0,0,196.0,0.0,0.0,0.0,0.0,0.0,15
2023-05-10 13:38:39,p2311-P-6500,棕榈油2311沽6500,196.0,0.0,0.0,0.0,1,69.0,0.0,0,196.0,0.0,0.0,0.0,0.0,0.0,15
2023-05-10 13:38:39,p2311-P-6500,棕榈油2311沽6500,196.0,0.0,0.0,0.0,10,69.5,0.0,0,196.0,0.0,0.0,0.0,0.0,0.0,15
2023-05-10 13:38:40,p2311-P-6500,棕榈油2311沽6500,196.0,0.0,0.0,0.0,1,70.0,0.0,0,196.0,0.0,0.0,0.0,0.0,0.0,15
2023-05-10 13:38:40,p2311-P-6500,棕榈油2311沽6500,196.0,0.0,0.0,0.0,10,70.5,0.0,0,196.0,0.0,0.0,0.0,0.0,0.0,15
2023-05-10 13:38:41,p2311-P-6500,棕榈油2311沽6500,196.0,0.0,0.0,0.0,1,71.0,0.0,0,196.0,0.0,0.0,0.0,0.0,0.0,15
2023-05-10 13:38:41,p2311-P-6500,棕榈油2311沽6500,196.0,0.0,0.0,0.0,10,71.5,0.0,0,196.0,0.0,0.0,0.0,0.0,0.0,15
2023-05-10 13:38:43,p2311-P-6500,棕榈油2311沽6500,196.0,0.0,0.0,0.0,1,72.0,0.0,0,196.0,0.0,0.0,0.0,0.0,0.0,15
2023-05-10 13:38:43,p2311-P-6500,棕榈油2311沽6500,196.0,0.0,0.0,0.0,10,72.5,0.0,0,196.0,0.0,0.0,0.0,0.0,0.0,15
2023-05-10 13:38:44,p2311-P-6500,棕榈油2311沽6500,196.0,0.0,0.0,0.0,1,73.0,0.0,0,196.0,0.0,0.0,0.0,0.0,0.0,15
2023-05-10 13:38:44,p2311-P-6500,棕榈油2311沽6500,196.0,0.0,0.0,0.0,10,73.5,0.0,0,196.0,0.0,0.0,0.0,0.0,0.0,15
2023-05-10 13:38:45,p2311-P-6500,棕榈油2311沽6500,196.0,0.0,0.0,0.0,1,74.0,0.0,0,196.0,0.0,0.0,0.0,0.0,0.0,15
2023-05-10 13:38:45,p2311-P-6500,棕榈油2311沽6500,196.0,0.0,0.0,0.0,10,74.5,0.0,0,196.0,0.0,0.0,0.0,0.0,0.0,15
2023-05-10 13:38:47,p2311-P-6500,棕榈油2311沽6500,196.0,0.0,0.0,0.0,1,75.0,0.0,0,196.0,0.0,0.0,0.0,0.0,0.0,15
2023-05-10 13:38:47,p2311-P-6500,棕榈油2311沽6500,196.0,0.0,0.0,0.0,10,75.5,0.0,0,196.0,0.0,0.0,0.0,0.0,0.0,15
2023-05-10 13:38:48,p2311-P-6500,棕榈油2311沽6500,196.0,0.0,0.0,0.0,1,76.0,0.0,0,196.0,0.0,0.0,0.0,0.0,0.0,15
2023-05-10 13:38:48,p2311-P-6500,棕榈油2311沽6500,196.0,0.0,0.0,0.0,10,76.5,0.0,0,196.0,0.0,0.0,0.0,0.0,0.0,15
2023-05-10 13:38:49,p2311-P-6500,棕榈油2311沽6500,196.0,0.0,0.0,0.0,1,77.0,0.0,0,196.0,0.0,0.0,0.0,0.0,0.0,15
2023-05-10 13:38:49,p2311-P-6500,棕榈油2311沽6500,196.0,0.0,0.0,0.0,10,77.5,0.0,0,196.0,0.0,0.0,0.0,0.0,0.0,15
2023-05-10 13:38:50,p2311-P-6500,棕榈油2311沽6500,196.0,0.0,0.0,0.0,1,78.0,0.0,0,196.0,0.0,0.0,0.0,0.0,0.0,15
2023-05-10 13:38:50,p2311-P-6500,棕榈油2311沽6500,196.0,0.0,0.0,0.0,10,78.5,0.0,0,196.0,0.0,0.0,0.0,0.0,0.0,15
2023-05-10 13:38:51,p2311-P-6500,棕榈油2311沽6500,196.0,0.0,0.0,0.0,1,79.0,0.0,0,196.0,0.0,0.0,0.0,0.0,0.0,15
2023-05-10 13:38:51,p2311-P-6500,棕榈油2311沽6500,196.0,0.0,0.0,0.0,10,79.5,0.0,0,196.0,0.0,0.0,0.0,0.0,0.0,15
2023-05-10 13:38:53,p2311-P-6500,棕榈油2311沽6500,196.0,0.0,0.0,0.0,1,80.0,0.0,0,196.0,0.0,0.0,0.0,0.0,0.0,15
2023-05-10 13:38:53,p2311-P-6500,棕榈油2311沽6500,196.0,0.0,0.0,0.0,10,80.5,0.0,0,196.0,0.0,0.0,0.0,0.0,0.0,15
2023-05-10 13:38:54,p2311-P-6500,棕榈油2311沽6500,196.0,0.0,0.0,0.0,1,81.0,0.0,0,196.0,0.0,0.0,0.0,0.0,0.0,15
2023-05-10 13:38:54,p2311-P-6500,棕榈油2311沽6500,196.0,0.0,0.0,0.0,10,81.5,0.0,0,196.0,0.0,0.0,0.0,0.0,0.0,15
2023-05-10 13:38:55,p2311-P-6500,棕榈油2311沽6500,196.0,0.0,0.0,0.0,1,82.0,0.0,0,196.0,0.0,0.0,0.0,0.0,0.0,15
2023-05-10 13:38:55,p2311-P-6500,棕榈油2311沽6500,196.0,0.0,0.0,0.0,10,82.5,0.0,0,196.0,0.0,0.0,0.0,0.0,0.0,15
2023-05-10 13:38:56,p2311-P-6500,棕榈油2311沽6500,196.0,0.0,0.0,0.0,1,83.0,0.0,0,196.0,0.0,0.0,0.0,0.0,0.0,15
2023-05-10 13:38:56,p2311-P-6500,棕榈油2311沽6500,196.0,0.0,0.0,0.0,10,83.5,0.0,0,196.0,0.0,0.0,0.0,0.0,0.0,15
2023-05-10 13:38:57,p2311-P-6500,棕榈油2311沽6500,196.0,0.0,0.0,0.0,1,84.0,0.0,0,196.0,0.0,0.0,0.0,0.0,0.0,15
2023-05-10 13:38:57,p2311-P-6500,棕榈油2311沽6500,196.0,0.0,0.0,0.0,10,84.5,0.0,0,196.0,0.0,0.0,0.0,0.0,0.0,15
2023-05-10 13:38:59,p2311-P-6500,棕榈油2311沽6500,196.0,0.0,0.0,0.0,1,85.0,0.0,0,196.0,0.0,0.0,0.0,0.0,0.0,15
2023-05-10 13:38:59,p2311-P-6500,棕榈油2311沽6500,196.0,0.0,0.0,0.0,10,85.5,0.0,0,196.0,0.0,0.0,0.0,0.0,0.0,15
2023-05-10 13:39:00,p2311-P-6500,棕榈油2311沽6500,196.0,0.0,0.0,0.0,1,86.0,0.0,0,196.0,0.0,0.0,0.0,0.0,0.0,15
2023-05-10 13:39:00,p2311-P-6500,棕榈油2311沽6500,196.0,0.0,0.0,0.0,10,86.5,0.0,0,196.0,0.0,0.0,0.0,0.0,0.0,15
2023-05-10 13:39:01,p2311-P-6500,棕榈油2311沽6500,196.0,0.0,0.0,0.0,1,87.0,0.0,0,196.0,0.0,0.0,0.0,0.0,0.0,15
2023-05-10 13:39:01,p2311-P-6500,棕榈油2311沽6500,196.0,0.0,0.0,0.0,10,87.5,0.0,0,196.0,0.0,0.0,0.0,0.0,0.0,15
2023-05-10 13:39:02,p2311-P-6500,棕榈油2311沽6500,196.0,0.0,0.0,0.0,1,88.0,0.0,0,196.0,0.0,0.0,0.0,0.0,0.0,15
2023-05-10 13:39:02,p2311-P-6500,棕榈油2311沽6500,196.0,0.0,0.0,0.0,10,88.5,0.0,0,196.0,0.0,0.0,0.0,0.0,0.0,15
2023-05-10 13:39:03,p2311-P-6500,棕榈油2311沽6500,196.0,0.0,0.0,0.0,1,89.0,0.0,0,196.0,0.0,0.0,0.0,0.0,0.0,15
2023-05-10 13:39:03,p2311-P-6500,棕榈油2311沽6500,196.0,0.0,0.0,0.0,10,89.5,0.0,0,196.0,0.0,0.0,0.0,0.0,0.0,15
2023-05-10 13:39:05,p2311-P-6500,棕榈油2311沽6500,196.0,0.0,0.0,0.0,1,90.0,0.0,0,196.0,0.0,0.0,0.0,0.0,0.0,15
2023-05-10 13:39:05,p2311-P-6500,棕榈油2311沽6500,196.0,0.0,0.0,0.0,10,90.5,0.0,0,196.0,0.0,0.0,0.0,0.0,0.0,15
2023-05-10 13:39:06,p2311-P-6500,棕榈油2311沽6500,196.0,0.0,0.0,0.0,1,91.0,0.0,0,196.0,0.0,0.0,0.0,0.0,0.0,15
2023-05-10 13:39:06,p2311-P-6500,棕榈油2311沽6500,196.0,0.0,0.0,0.0,10,91.5,0.0,0,196.0,0.0,0.0,0.0,0.0,0.0,15
2023-05-10 13:39:07,p2311-P-6500,棕榈油2311沽6500,196.0,0.0,0.0,0.0,1,92.0,0.0,0,196.0,0.0,0.0,0.0,0.0,0.0,15
2023-05-10 13:39:07,p2311-P-6500,棕榈油2311沽6500,196.0,0.0,0.0,0.0,10,92.5,0.0,0,196.0,0.0,0.0,0.0,0.0,0.0,15
2023-05-10 13:39:08,p2311-P-6500,棕榈油2311沽6500,196.0,0.0,0.0,0.0,1,93.0,0.0,0,196.0,0.0,0.0,0.0,0.0,0.0,15
2023-05-10 13:39:08,p2311-P-6500,棕榈油2311沽6500,196.0,0.0,0.0,0.0,10,93.5,0.0,0,196.0,0.0,0.0,0.0,0.0,0.0,15
2023-05-10 13:39:09,p2311-P-6500,棕榈油2311沽6500,196.0,0.0,0.0,0.0,1,94.0,0.0,0,196.0,0.0,0.0,0.0,0.0,0.0,15
2023-05-10 13:39:09,p2311-P-6500,棕榈油2311沽6500,196.0,0.0,0.0,0.0,10,94.5,0.0,0,196.0,0.0,0.0,0.0,0.0,0.0,15
2023-05-10 13:39:10,p2311-P-6500,棕榈油2311沽6500,196.0,0.0,0.0,0.0,1,95.0,0.0,0,196.0,0.0,0.0,0.0,0.0,0.0,15
2023-05-10 13:39:10,p2311-P-6500,棕榈油2311沽6500,196.0,0.0,0.0,0.0,10,95.5,0.0,0,196.0,0.0,0.0,0.0,0.0,0.0,15
2023-05-10 13:39:11,p2311-P-6500,棕榈油2311沽6500,196.0,0.0,0.0,0.0,1,96.0,0.0,0,196.0,0.0,0.0,0.0,0.0,0.0,15
2023-05-10 13:39:11,p2311-P-6500,棕榈油2311沽6500,196.0,0.0,0.0,0.0,10,96.5,0.0,0,196.0,0.0,0.0,0.0,0.0,0.0,15
2023-05-10 13:39:12,p2311-P-6500,棕榈油2311沽6500,196.0,0.0,0.0,0.0,1,97.0,0.0,0,196.0,0.0,0.0,0.0,0.0,0.0,15
2023-05-10 13:39:12,p2311-P-6500,棕榈油2311沽6500,196.0,0.0,0.0,0.0,10,97.5,0.0,0,196.0,0.0,0.0,0.0,0.0,0.0,15
2023-05-10 13:39:13,p2311-P-6500,棕榈油2311沽6500,196.0,0.0,0.0,0.0,1,98.0,0.0,0,196.0,0.0,0.0,0.0,0.0,0.0,15
2023-05-10 13:39:13,p2311-P-6500,棕榈油2311沽6500,196.0,0.0,0.0,0.0,10,98.5,0.0,0,196.0,0.0,0.0,0.0,0.0,0.0,15
2023-05-10 14:20:16,p2311-P-6500,棕榈油2311沽6500,196.0,0.0,0.0,0.0,1,178.5,202.5,1,196.0,0.0,0.0,0.0,0.0,0.0,15
2023-05-10 14:20:17,p2311-P-6500,棕榈油2311沽6500,196.0,0.0,0.0,0.0,2,178.5,202.5,2,196.0,0.0,0.0,0.0,0.0,0.0,15
2023-05-10 14:20:23,p2311-P-6500,棕榈油2311沽6500,196.0,0.0,0.0,0.0,1,183.5,202.5,2,196.0,0.0,0.0,0.0,0.0,0.0,15
2023-05-10 14:20:24,p2311-P-6500,棕榈油2311沽6500,196.0,0.0,0.0,0.0,1,186.5,202.5,2,196.0,0.0,0.0,0.0,0.0,0.0,15
2023-05-10 14:20:28,p2311-P-6500,棕榈油2311沽6500,196.0,0.0,0.0,0.0,1,186.5,202.5,1,196.0,0.0,0.0,0.0,0.0,0.0,15
2023-05-10 14:20:35,p2311-P-6500,棕榈油2311沽6500,196.0,0.0,0.0,0.0,1,183.5,202.5,1,196.0,0.0,0.0,0.0,0.0,0.0,15
2023-05-10 14:20:41,p2311-P-6500,棕榈油2311沽6500,196.0,0.0,0.0,0.0,1,183.5,204.5,1,196.0,0.0,0.0,0.0,0.0,0.0,15
2023-05-10 14:20:43,p2311-P-6500,棕榈油2311沽6500,196.0,0.0,0.0,0.0,1,8.5,0.0,0,196.0,0.0,0.0,0.0,0.0,0.0,15
2023-05-10 14:20:43,p2311-P-6500,棕榈油2311沽6500,196.0,0.0,0.0,0.0,10,9.0,0.0,0,196.0,0.0,0.0,0.0,0.0,0.0,15
2023-05-10 14:20:45,p2311-P-6500,棕榈油2311沽6500,196.0,0.0,0.0,0.0,1,9.5,0.0,0,196.0,0.0,0.0,0.0,0.0,0.0,15
2023-05-10 14:20:45,p2311-P-6500,棕榈油2311沽6500,196.0,0.0,0.0,0.0,10,10.0,0.0,0,196.0,0.0,0.0,0.0,0.0,0.0,15
2023-05-10 14:20:46,p2311-P-6500,棕榈油2311沽6500,196.0,0.0,0.0,0.0,1,10.5,0.0,0,196.0,0.0,0.0,0.0,0.0,0.0,15
2023-05-10 14:20:46,p2311-P-6500,棕榈油2311沽6500,196.0,0.0,0.0,0.0,10,11.0,0.0,0,196.0,0.0,0.0,0.0,0.0,0.0,15
2023-05-10 14:20:47,p2311-P-6500,棕榈油2311沽6500,196.0,0.0,0.0,0.0,1,11.5,0.0,0,196.0,0.0,0.0,0.0,0.0,0.0,15
2023-05-10 14:20:47,p2311-P-6500,棕榈油2311沽6500,196.0,0.0,0.0,0.0,10,12.0,0.0,0,196.0,0.0,0.0,0.0,0.0,0.0,15
2023-05-10 14:20:48,p2311-P-6500,棕榈油2311沽6500,196.0,0.0,0.0,0.0,1,12.5,0.0,0,196.0,0.0,0.0,0.0,0.0,0.0,15
2023-05-10 14:20:48,p2311-P-6500,棕榈油2311沽6500,196.0,0.0,0.0,0.0,10,13.0,0.0,0,196.0,0.0,0.0,0.0,0.0,0.0,15
2023-05-10 14:20:50,p2311-P-6500,棕榈油2311沽6500,196.0,0.0,0.0,0.0,1,13.5,0.0,0,196.0,0.0,0.0,0.0,0.0,0.0,15
2023-05-10 14:20:50,p2311-P-6500,棕榈油2311沽6500,196.0,0.0,0.0,0.0,10,14.0,0.0,0,196.0,0.0,0.0,0.0,0.0,0.0,15
2023-05-10 14:20:51,p2311-P-6500,棕榈油2311沽6500,196.0,0.0,0.0,0.0,1,14.5,0.0,0,196.0,0.0,0.0,0.0,0.0,0.0,15
2023-05-10 14:20:51,p2311-P-6500,棕榈油2311沽6500,196.0,0.0,0.0,0.0,10,15.0,0.0,0,196.0,0.0,0.0,0.0,0.0,0.0,15
2023-05-10 14:20:52,p2311-P-6500,棕榈油2311沽6500,196.0,0.0,0.0,0.0,1,15.5,0.0,0,196.0,0.0,0.0,0.0,0.0,0.0,15
2023-05-10 14:20:52,p2311-P-6500,棕榈油2311沽6500,196.0,0.0,0.0,0.0,10,16.0,0.0,0,196.0,0.0,0.0,0.0,0.0,0.0,15
2023-05-10 14:20:54,p2311-P-6500,棕榈油2311沽6500,196.0,0.0,0.0,0.0,1,16.5,0.0,0,196.0,0.0,0.0,0.0,0.0,0.0,15
2023-05-10 14:20:54,p2311-P-6500,棕榈油2311沽6500,196.0,0.0,0.0,0.0,10,17.0,0.0,0,196.0,0.0,0.0,0.0,0.0,0.0,15
2023-05-10 14:20:55,p2311-P-6500,棕榈油2311沽6500,196.0,0.0,0.0,0.0,1,17.5,0.0,0,196.0,0.0,0.0,0.0,0.0,0.0,15
2023-05-10 14:20:55,p2311-P-6500,棕榈油2311沽6500,196.0,0.0,0.0,0.0,10,18.0,0.0,0,196.0,0.0,0.0,0.0,0.0,0.0,15
2023-05-10 14:20:57,p2311-P-6500,棕榈油2311沽6500,196.0,0.0,0.0,0.0,1,18.5,0.0,0,196.0,0.0,0.0,0.0,0.0,0.0,15
2023-05-10 14:20:57,p2311-P-6500,棕榈油2311沽6500,196.0,0.0,0.0,0.0,10,19.0,0.0,0,196.0,0.0,0.0,0.0,0.0,0.0,15
2023-05-10 14:20:58,p2311-P-6500,棕榈油2311沽6500,196.0,0.0,0.0,0.0,1,19.5,0.0,0,196.0,0.0,0.0,0.0,0.0,0.0,15
2023-05-10 14:20:58,p2311-P-6500,棕榈油2311沽6500,196.0,0.0,0.0,0.0,10,20.0,0.0,0,196.0,0.0,0.0,0.0,0.0,0.0,15
2023-05-10 14:20:59,p2311-P-6500,棕榈油2311沽6500,196.0,0.0,0.0,0.0,1,20.5,0.0,0,196.0,0.0,0.0,0.0,0.0,0.0,15
2023-05-10 14:20:59,p2311-P-6500,棕榈油2311沽6500,196.0,0.0,0.0,0.0,10,21.0,0.0,0,196.0,0.0,0.0,0.0,0.0,0.0,15
2023-05-10 14:21:01,p2311-P-6500,棕榈油2311沽6500,196.0,0.0,0.0,0.0,1,21.5,0.0,0,196.0,0.0,0.0,0.0,0.0,0.0,15
2023-05-10 14:21:01,p2311-P-6500,棕榈油2311沽6500,196.0,0.0,0.0,0.0,10,22.0,0.0,0,196.0,0.0,0.0,0.0,0.0,0.0,15
2023-05-10 14:21:02,p2311-P-6500,棕榈油2311沽6500,196.0,0.0,0.0,0.0,1,22.5,0.0,0,196.0,0.0,0.0,0.0,0.0,0.0,15
2023-05-10 14:21:02,p2311-P-6500,棕榈油2311沽6500,196.0,0.0,0.0,0.0,10,23.0,0.0,0,196.0,0.0,0.0,0.0,0.0,0.0,15
2023-05-10 14:21:03,p2311-P-6500,棕榈油2311沽6500,196.0,0.0,0.0,0.0,1,23.5,0.0,0,196.0,0.0,0.0,0.0,0.0,0.0,15
2023-05-10 14:21:03,p2311-P-6500,棕榈油2311沽6500,196.0,0.0,0.0,0.0,10,24.0,0.0,0,196.0,0.0,0.0,0.0,0.0,0.0,15
2023-05-10 14:21:04,p2311-P-6500,棕榈油2311沽6500,196.0,0.0,0.0,0.0,1,24.5,0.0,0,196.0,0.0,0.0,0.0,0.0,0.0,15
2023-05-10 14:21:04,p2311-P-6500,棕榈油2311沽6500,196.0,0.0,0.0,0.0,10,25.0,0.0,0,196.0,0.0,0.0,0.0,0.0,0.0,15
2023-05-10 14:21:06,p2311-P-6500,棕榈油2311沽6500,196.0,0.0,0.0,0.0,1,25.5,0.0,0,196.0,0.0,0.0,0.0,0.0,0.0,15
2023-05-10 14:21:06,p2311-P-6500,棕榈油2311沽6500,196.0,0.0,0.0,0.0,10,26.0,0.0,0,196.0,0.0,0.0,0.0,0.0,0.0,15
2023-05-10 14:21:07,p2311-P-6500,棕榈油2311沽6500,196.0,0.0,0.0,0.0,1,26.5,0.0,0,196.0,0.0,0.0,0.0,0.0,0.0,15
2023-05-10 14:21:07,p2311-P-6500,棕榈油2311沽6500,196.0,0.0,0.0,0.0,10,27.0,0.0,0,196.0,0.0,0.0,0.0,0.0,0.0,15
2023-05-10 14:21:08,p2311-P-6500,棕榈油2311沽6500,196.0,0.0,0.0,0.0,1,27.5,0.0,0,196.0,0.0,0.0,0.0,0.0,0.0,15
2023-05-10 14:21:08,p2311-P-6500,棕榈油2311沽6500,196.0,0.0,0.0,0.0,10,28.0,0.0,0,196.0,0.0,0.0,0.0,0.0,0.0,15
2023-05-10 14:21:10,p2311-P-6500,棕榈油2311沽6500,196.0,0.0,0.0,0.0,1,28.5,0.0,0,196.0,0.0,0.0,0.0,0.0,0.0,15
2023-05-10 14:21:10,p2311-P-6500,棕榈油2311沽6500,196.0,0.0,0.0,0.0,10,29.0,0.0,0,196.0,0.0,0.0,0.0,0.0,0.0,15
2023-05-10 14:21:11,p2311-P-6500,棕榈油2311沽6500,196.0,0.0,0.0,0.0,1,29.5,0.0,0,196.0,0.0,0.0,0.0,0.0,0.0,15
2023-05-10 14:21:11,p2311-P-6500,棕榈油2311沽6500,196.0,0.0,0.0,0.0,10,30.0,0.0,0,196.0,0.0,0.0,0.0,0.0,0.0,15
2023-05-10 14:21:13,p2311-P-6500,棕榈油2311沽6500,196.0,0.0,0.0,0.0,1,30.5,0.0,0,196.0,0.0,0.0,0.0,0.0,0.0,15
2023-05-10 14:21:13,p2311-P-6500,棕榈油2311沽6500,196.0,0.0,0.0,0.0,10,31.0,0.0,0,196.0,0.0,0.0,0.0,0.0,0.0,15
2023-05-10 14:21:14,p2311-P-6500,棕榈油2311沽6500,196.0,0.0,0.0,0.0,1,31.5,0.0,0,196.0,0.0,0.0,0.0,0.0,0.0,15
2023-05-10 14:21:14,p2311-P-6500,棕榈油2311沽6500,196.0,0.0,0.0,0.0,10,32.0,0.0,0,196.0,0.0,0.0,0.0,0.0,0.0,15
2023-05-10 14:21:15,p2311-P-6500,棕榈油2311沽6500,196.0,0.0,0.0,0.0,1,32.5,0.0,0,196.0,0.0,0.0,0.0,0.0,0.0,15
2023-05-10 14:21:15,p2311-P-6500,棕榈油2311沽6500,196.0,0.0,0.0,0.0,10,33.0,0.0,0,196.0,0.0,0.0,0.0,0.0,0.0,15
2023-05-10 14:21:17,p2311-P-6500,棕榈油2311沽6500,196.0,0.0,0.0,0.0,1,33.5,0.0,0,196.0,0.0,0.0,0.0,0.0,0.0,15
2023-05-10 14:21:17,p2311-P-6500,棕榈油2311沽6500,196.0,0.0,0.0,0.0,10,34.0,0.0,0,196.0,0.0,0.0,0.0,0.0,0.0,15
2023-05-10 14:21:18,p2311-P-6500,棕榈油2311沽6500,196.0,0.0,0.0,0.0,1,34.5,0.0,0,196.0,0.0,0.0,0.0,0.0,0.0,15
2023-05-10 14:21:18,p2311-P-6500,棕榈油2311沽6500,196.0,0.0,0.0,0.0,10,35.0,0.0,0,196.0,0.0,0.0,0.0,0.0,0.0,15
2023-05-10 14:26:05,p2311-P-6500,棕榈油2311沽6500,196.0,0.0,0.0,0.0,1,35.5,0.0,0,196.0,0.0,0.0,0.0,0.0,0.0,15
2023-05-10 14:26:05,p2311-P-6500,棕榈油2311沽6500,196.0,0.0,0.0,0.0,10,36.0,0.0,0,196.0,0.0,0.0,0.0,0.0,0.0,15
2023-05-10 14:58:48,p2311-P-6500,棕榈油2311沽6500,196.0,0.0,0.0,0.0,1,36.5,0.0,0,196.0,0.0,0.0,0.0,0.0,0.0,15
2023-05-10 14:58:48,p2311-P-6500,棕榈油2311沽6500,196.0,0.0,0.0,0.0,10,37.0,0.0,0,196.0,0.0,0.0,0.0,0.0,0.0,15
2023-05-10 14:59:02,p2311-P-6500,棕榈油2311沽6500,196.0,0.0,0.0,0.0,1,36.5,0.0,0,196.0,0.0,0.0,0.0,0.0,0.0,15
2023-05-10 15:01:15,p2311-P-6500,棕榈油2311沽6500,196.0,0.0,0.0,0.0,1,36.5,0.0,0,196.0,0.0,0.0,0.0,0.0,0.0,15
