time,symbol_id,symbol_name,last,trade_volume,trade_amount,open_interest_change,bv1,bp1,ap1,av1,yesterday_close,today_open,today_high,today_low,volume,amount,open_interest
2023-05-09 20:55:29,p2311-C-7600,p2311-C-7600,262.0,0.0,0.0,0.0,1,0.5,0.0,0,262.0,0.0,0.0,0.0,0.0,0.0,5
2023-05-09 21:00:26,p2311-C-7600,p2311-C-7600,262.0,0.0,0.0,0.0,10,1.0,0.0,0,262.0,0.0,0.0,0.0,0.0,0.0,5
2023-05-09 21:00:28,p2311-C-7600,p2311-C-7600,262.0,0.0,0.0,0.0,1,25.0,0.0,0,262.0,0.0,0.0,0.0,0.0,0.0,5
2023-05-09 21:00:28,p2311-C-7600,p2311-C-7600,262.0,0.0,0.0,0.0,10,25.5,0.0,0,262.0,0.0,0.0,0.0,0.0,0.0,5
2023-05-09 21:01:45,p2311-C-7600,p2311-C-7600,262.0,0.0,0.0,0.0,1,26.0,0.0,0,262.0,0.0,0.0,0.0,0.0,0.0,5
2023-05-09 21:01:45,p2311-C-7600,p2311-C-7600,262.0,0.0,0.0,0.0,10,26.5,0.0,0,262.0,0.0,0.0,0.0,0.0,0.0,5
2023-05-09 21:02:47,p2311-C-7600,p2311-C-7600,262.0,0.0,0.0,0.0,1,27.0,0.0,0,262.0,0.0,0.0,0.0,0.0,0.0,5
2023-05-09 21:02:47,p2311-C-7600,p2311-C-7600,262.0,0.0,0.0,0.0,10,27.5,0.0,0,262.0,0.0,0.0,0.0,0.0,0.0,5
2023-05-09 21:04:44,p2311-C-7600,p2311-C-7600,262.0,0.0,0.0,0.0,1,28.0,0.0,0,262.0,0.0,0.0,0.0,0.0,0.0,5
2023-05-09 21:04:44,p2311-C-7600,p2311-C-7600,262.0,0.0,0.0,0.0,10,28.5,0.0,0,262.0,0.0,0.0,0.0,0.0,0.0,5
2023-05-09 21:07:43,p2311-C-7600,p2311-C-7600,262.0,0.0,0.0,0.0,1,29.0,0.0,0,262.0,0.0,0.0,0.0,0.0,0.0,5
2023-05-09 21:07:43,p2311-C-7600,p2311-C-7600,262.0,0.0,0.0,0.0,10,29.5,0.0,0,262.0,0.0,0.0,0.0,0.0,0.0,5
2023-05-09 21:08:27,p2311-C-7600,p2311-C-7600,262.0,0.0,0.0,0.0,1,30.0,0.0,0,262.0,0.0,0.0,0.0,0.0,0.0,5
2023-05-09 21:08:27,p2311-C-7600,p2311-C-7600,262.0,0.0,0.0,0.0,10,30.5,0.0,0,262.0,0.0,0.0,0.0,0.0,0.0,5
2023-05-09 21:09:21,p2311-C-7600,p2311-C-7600,262.0,0.0,0.0,0.0,1,31.0,0.0,0,262.0,0.0,0.0,0.0,0.0,0.0,5
2023-05-09 21:09:21,p2311-C-7600,p2311-C-7600,262.0,0.0,0.0,0.0,10,31.5,0.0,0,262.0,0.0,0.0,0.0,0.0,0.0,5
2023-05-09 21:09:23,p2311-C-7600,p2311-C-7600,262.0,0.0,0.0,0.0,1,32.0,0.0,0,262.0,0.0,0.0,0.0,0.0,0.0,5
2023-05-09 21:09:23,p2311-C-7600,p2311-C-7600,262.0,0.0,0.0,0.0,10,32.5,0.0,0,262.0,0.0,0.0,0.0,0.0,0.0,5
2023-05-09 21:09:26,p2311-C-7600,p2311-C-7600,262.0,0.0,0.0,0.0,1,33.0,0.0,0,262.0,0.0,0.0,0.0,0.0,0.0,5
2023-05-09 21:09:26,p2311-C-7600,p2311-C-7600,262.0,0.0,0.0,0.0,10,33.5,0.0,0,262.0,0.0,0.0,0.0,0.0,0.0,5
2023-05-09 21:09:28,p2311-C-7600,p2311-C-7600,262.0,0.0,0.0,0.0,1,34.0,0.0,0,262.0,0.0,0.0,0.0,0.0,0.0,5
2023-05-09 21:09:28,p2311-C-7600,p2311-C-7600,262.0,0.0,0.0,0.0,10,34.5,0.0,0,262.0,0.0,0.0,0.0,0.0,0.0,5
2023-05-09 21:09:31,p2311-C-7600,p2311-C-7600,262.0,0.0,0.0,0.0,1,35.0,0.0,0,262.0,0.0,0.0,0.0,0.0,0.0,5
2023-05-09 21:09:31,p2311-C-7600,p2311-C-7600,262.0,0.0,0.0,0.0,10,35.5,0.0,0,262.0,0.0,0.0,0.0,0.0,0.0,5
2023-05-09 21:09:35,p2311-C-7600,p2311-C-7600,262.0,0.0,0.0,0.0,1,36.0,0.0,0,262.0,0.0,0.0,0.0,0.0,0.0,5
2023-05-09 21:09:35,p2311-C-7600,p2311-C-7600,262.0,0.0,0.0,0.0,10,36.5,0.0,0,262.0,0.0,0.0,0.0,0.0,0.0,5
2023-05-09 21:09:37,p2311-C-7600,p2311-C-7600,262.0,0.0,0.0,0.0,1,37.0,0.0,0,262.0,0.0,0.0,0.0,0.0,0.0,5
2023-05-09 21:09:37,p2311-C-7600,p2311-C-7600,262.0,0.0,0.0,0.0,10,37.5,0.0,0,262.0,0.0,0.0,0.0,0.0,0.0,5
2023-05-09 21:09:39,p2311-C-7600,p2311-C-7600,262.0,0.0,0.0,0.0,1,38.0,0.0,0,262.0,0.0,0.0,0.0,0.0,0.0,5
2023-05-09 21:09:39,p2311-C-7600,p2311-C-7600,262.0,0.0,0.0,0.0,10,38.5,0.0,0,262.0,0.0,0.0,0.0,0.0,0.0,5
2023-05-09 21:09:44,p2311-C-7600,p2311-C-7600,262.0,0.0,0.0,0.0,1,39.0,0.0,0,262.0,0.0,0.0,0.0,0.0,0.0,5
2023-05-09 21:09:44,p2311-C-7600,p2311-C-7600,262.0,0.0,0.0,0.0,10,39.5,0.0,0,262.0,0.0,0.0,0.0,0.0,0.0,5
2023-05-09 21:09:53,p2311-C-7600,p2311-C-7600,262.0,0.0,0.0,0.0,1,40.0,0.0,0,262.0,0.0,0.0,0.0,0.0,0.0,5
2023-05-09 21:09:53,p2311-C-7600,p2311-C-7600,262.0,0.0,0.0,0.0,10,40.5,0.0,0,262.0,0.0,0.0,0.0,0.0,0.0,5
2023-05-09 21:09:59,p2311-C-7600,p2311-C-7600,262.0,0.0,0.0,0.0,1,41.0,0.0,0,262.0,0.0,0.0,0.0,0.0,0.0,5
2023-05-09 21:09:59,p2311-C-7600,p2311-C-7600,262.0,0.0,0.0,0.0,10,41.5,0.0,0,262.0,0.0,0.0,0.0,0.0,0.0,5
2023-05-09 21:10:05,p2311-C-7600,p2311-C-7600,262.0,0.0,0.0,0.0,1,42.0,0.0,0,262.0,0.0,0.0,0.0,0.0,0.0,5
2023-05-09 21:10:05,p2311-C-7600,p2311-C-7600,262.0,0.0,0.0,0.0,10,42.5,0.0,0,262.0,0.0,0.0,0.0,0.0,0.0,5
2023-05-09 21:10:12,p2311-C-7600,p2311-C-7600,262.0,0.0,0.0,0.0,1,43.0,0.0,0,262.0,0.0,0.0,0.0,0.0,0.0,5
2023-05-09 21:10:12,p2311-C-7600,p2311-C-7600,262.0,0.0,0.0,0.0,10,43.5,0.0,0,262.0,0.0,0.0,0.0,0.0,0.0,5
2023-05-09 21:10:14,p2311-C-7600,p2311-C-7600,262.0,0.0,0.0,0.0,1,44.0,0.0,0,262.0,0.0,0.0,0.0,0.0,0.0,5
2023-05-09 21:10:14,p2311-C-7600,p2311-C-7600,262.0,0.0,0.0,0.0,10,44.5,0.0,0,262.0,0.0,0.0,0.0,0.0,0.0,5
2023-05-09 21:10:16,p2311-C-7600,p2311-C-7600,262.0,0.0,0.0,0.0,1,45.0,0.0,0,262.0,0.0,0.0,0.0,0.0,0.0,5
2023-05-09 21:10:16,p2311-C-7600,p2311-C-7600,262.0,0.0,0.0,0.0,10,45.5,0.0,0,262.0,0.0,0.0,0.0,0.0,0.0,5
2023-05-09 21:10:18,p2311-C-7600,p2311-C-7600,262.0,0.0,0.0,0.0,1,46.0,0.0,0,262.0,0.0,0.0,0.0,0.0,0.0,5
2023-05-09 21:10:18,p2311-C-7600,p2311-C-7600,262.0,0.0,0.0,0.0,10,46.5,0.0,0,262.0,0.0,0.0,0.0,0.0,0.0,5
2023-05-09 21:10:21,p2311-C-7600,p2311-C-7600,262.0,0.0,0.0,0.0,1,47.0,0.0,0,262.0,0.0,0.0,0.0,0.0,0.0,5
2023-05-09 21:10:21,p2311-C-7600,p2311-C-7600,262.0,0.0,0.0,0.0,10,47.5,0.0,0,262.0,0.0,0.0,0.0,0.0,0.0,5
2023-05-09 21:10:23,p2311-C-7600,p2311-C-7600,262.0,0.0,0.0,0.0,1,48.0,0.0,0,262.0,0.0,0.0,0.0,0.0,0.0,5
2023-05-09 21:10:23,p2311-C-7600,p2311-C-7600,262.0,0.0,0.0,0.0,10,48.5,0.0,0,262.0,0.0,0.0,0.0,0.0,0.0,5
2023-05-09 21:10:25,p2311-C-7600,p2311-C-7600,262.0,0.0,0.0,0.0,1,49.0,0.0,0,262.0,0.0,0.0,0.0,0.0,0.0,5
2023-05-09 21:10:25,p2311-C-7600,p2311-C-7600,262.0,0.0,0.0,0.0,10,49.5,0.0,0,262.0,0.0,0.0,0.0,0.0,0.0,5
2023-05-09 21:10:28,p2311-C-7600,p2311-C-7600,262.0,0.0,0.0,0.0,1,50.0,0.0,0,262.0,0.0,0.0,0.0,0.0,0.0,5
2023-05-09 21:10:28,p2311-C-7600,p2311-C-7600,262.0,0.0,0.0,0.0,10,50.5,0.0,0,262.0,0.0,0.0,0.0,0.0,0.0,5
2023-05-09 21:10:30,p2311-C-7600,p2311-C-7600,262.0,0.0,0.0,0.0,1,51.0,0.0,0,262.0,0.0,0.0,0.0,0.0,0.0,5
2023-05-09 21:10:30,p2311-C-7600,p2311-C-7600,262.0,0.0,0.0,0.0,10,51.5,0.0,0,262.0,0.0,0.0,0.0,0.0,0.0,5
2023-05-09 21:10:33,p2311-C-7600,p2311-C-7600,262.0,0.0,0.0,0.0,1,52.0,0.0,0,262.0,0.0,0.0,0.0,0.0,0.0,5
2023-05-09 21:10:33,p2311-C-7600,p2311-C-7600,262.0,0.0,0.0,0.0,10,52.5,0.0,0,262.0,0.0,0.0,0.0,0.0,0.0,5
2023-05-09 21:10:35,p2311-C-7600,p2311-C-7600,262.0,0.0,0.0,0.0,1,53.0,0.0,0,262.0,0.0,0.0,0.0,0.0,0.0,5
2023-05-09 21:10:35,p2311-C-7600,p2311-C-7600,262.0,0.0,0.0,0.0,10,53.5,0.0,0,262.0,0.0,0.0,0.0,0.0,0.0,5
2023-05-09 21:10:37,p2311-C-7600,p2311-C-7600,262.0,0.0,0.0,0.0,1,54.0,0.0,0,262.0,0.0,0.0,0.0,0.0,0.0,5
2023-05-09 21:10:37,p2311-C-7600,p2311-C-7600,262.0,0.0,0.0,0.0,10,54.5,0.0,0,262.0,0.0,0.0,0.0,0.0,0.0,5
2023-05-09 21:10:40,p2311-C-7600,p2311-C-7600,262.0,0.0,0.0,0.0,1,55.0,0.0,0,262.0,0.0,0.0,0.0,0.0,0.0,5
2023-05-09 21:10:40,p2311-C-7600,p2311-C-7600,262.0,0.0,0.0,0.0,10,55.5,0.0,0,262.0,0.0,0.0,0.0,0.0,0.0,5
2023-05-09 21:10:42,p2311-C-7600,p2311-C-7600,262.0,0.0,0.0,0.0,1,56.0,0.0,0,262.0,0.0,0.0,0.0,0.0,0.0,5
2023-05-09 21:10:42,p2311-C-7600,p2311-C-7600,262.0,0.0,0.0,0.0,10,56.5,0.0,0,262.0,0.0,0.0,0.0,0.0,0.0,5
2023-05-09 21:10:44,p2311-C-7600,p2311-C-7600,262.0,0.0,0.0,0.0,1,57.0,0.0,0,262.0,0.0,0.0,0.0,0.0,0.0,5
2023-05-09 21:10:44,p2311-C-7600,p2311-C-7600,262.0,0.0,0.0,0.0,10,57.5,0.0,0,262.0,0.0,0.0,0.0,0.0,0.0,5
2023-05-09 21:10:46,p2311-C-7600,p2311-C-7600,262.0,0.0,0.0,0.0,1,58.0,0.0,0,262.0,0.0,0.0,0.0,0.0,0.0,5
2023-05-09 21:10:46,p2311-C-7600,p2311-C-7600,262.0,0.0,0.0,0.0,10,58.5,0.0,0,262.0,0.0,0.0,0.0,0.0,0.0,5
2023-05-09 21:10:48,p2311-C-7600,p2311-C-7600,262.0,0.0,0.0,0.0,1,59.0,0.0,0,262.0,0.0,0.0,0.0,0.0,0.0,5
2023-05-09 21:10:48,p2311-C-7600,p2311-C-7600,262.0,0.0,0.0,0.0,10,59.5,0.0,0,262.0,0.0,0.0,0.0,0.0,0.0,5
2023-05-09 21:10:50,p2311-C-7600,p2311-C-7600,262.0,0.0,0.0,0.0,1,60.0,0.0,0,262.0,0.0,0.0,0.0,0.0,0.0,5
2023-05-09 21:10:50,p2311-C-7600,p2311-C-7600,262.0,0.0,0.0,0.0,10,60.5,0.0,0,262.0,0.0,0.0,0.0,0.0,0.0,5
2023-05-09 21:10:53,p2311-C-7600,p2311-C-7600,262.0,0.0,0.0,0.0,1,61.0,0.0,0,262.0,0.0,0.0,0.0,0.0,0.0,5
2023-05-09 21:10:53,p2311-C-7600,p2311-C-7600,262.0,0.0,0.0,0.0,10,61.5,0.0,0,262.0,0.0,0.0,0.0,0.0,0.0,5
2023-05-09 21:10:56,p2311-C-7600,p2311-C-7600,262.0,0.0,0.0,0.0,1,62.0,0.0,0,262.0,0.0,0.0,0.0,0.0,0.0,5
2023-05-09 21:10:56,p2311-C-7600,p2311-C-7600,262.0,0.0,0.0,0.0,10,62.5,0.0,0,262.0,0.0,0.0,0.0,0.0,0.0,5
2023-05-09 21:10:59,p2311-C-7600,p2311-C-7600,262.0,0.0,0.0,0.0,1,63.0,0.0,0,262.0,0.0,0.0,0.0,0.0,0.0,5
2023-05-09 21:10:59,p2311-C-7600,p2311-C-7600,262.0,0.0,0.0,0.0,10,63.5,0.0,0,262.0,0.0,0.0,0.0,0.0,0.0,5
2023-05-09 21:11:16,p2311-C-7600,p2311-C-7600,262.0,0.0,0.0,0.0,1,64.0,0.0,0,262.0,0.0,0.0,0.0,0.0,0.0,5
2023-05-09 21:11:16,p2311-C-7600,p2311-C-7600,262.0,0.0,0.0,0.0,10,64.5,0.0,0,262.0,0.0,0.0,0.0,0.0,0.0,5
2023-05-09 21:13:43,p2311-C-7600,p2311-C-7600,262.0,0.0,0.0,0.0,1,65.0,0.0,0,262.0,0.0,0.0,0.0,0.0,0.0,5
2023-05-09 21:13:43,p2311-C-7600,p2311-C-7600,262.0,0.0,0.0,0.0,10,65.5,0.0,0,262.0,0.0,0.0,0.0,0.0,0.0,5
2023-05-09 21:13:48,p2311-C-7600,p2311-C-7600,262.0,0.0,0.0,0.0,1,66.0,0.0,0,262.0,0.0,0.0,0.0,0.0,0.0,5
2023-05-09 21:13:48,p2311-C-7600,p2311-C-7600,262.0,0.0,0.0,0.0,10,66.5,0.0,0,262.0,0.0,0.0,0.0,0.0,0.0,5
2023-05-09 21:13:51,p2311-C-7600,p2311-C-7600,262.0,0.0,0.0,0.0,1,67.0,0.0,0,262.0,0.0,0.0,0.0,0.0,0.0,5
2023-05-09 21:13:51,p2311-C-7600,p2311-C-7600,262.0,0.0,0.0,0.0,10,67.5,0.0,0,262.0,0.0,0.0,0.0,0.0,0.0,5
2023-05-09 21:13:53,p2311-C-7600,p2311-C-7600,262.0,0.0,0.0,0.0,1,68.0,0.0,0,262.0,0.0,0.0,0.0,0.0,0.0,5
2023-05-09 21:13:53,p2311-C-7600,p2311-C-7600,262.0,0.0,0.0,0.0,10,68.5,0.0,0,262.0,0.0,0.0,0.0,0.0,0.0,5
2023-05-09 21:13:55,p2311-C-7600,p2311-C-7600,262.0,0.0,0.0,0.0,1,69.0,0.0,0,262.0,0.0,0.0,0.0,0.0,0.0,5
2023-05-09 21:13:55,p2311-C-7600,p2311-C-7600,262.0,0.0,0.0,0.0,10,69.5,0.0,0,262.0,0.0,0.0,0.0,0.0,0.0,5
2023-05-09 21:13:57,p2311-C-7600,p2311-C-7600,262.0,0.0,0.0,0.0,1,70.0,0.0,0,262.0,0.0,0.0,0.0,0.0,0.0,5
2023-05-09 21:13:57,p2311-C-7600,p2311-C-7600,262.0,0.0,0.0,0.0,10,70.5,0.0,0,262.0,0.0,0.0,0.0,0.0,0.0,5
2023-05-09 21:13:59,p2311-C-7600,p2311-C-7600,262.0,0.0,0.0,0.0,1,71.0,0.0,0,262.0,0.0,0.0,0.0,0.0,0.0,5
2023-05-09 21:13:59,p2311-C-7600,p2311-C-7600,262.0,0.0,0.0,0.0,10,71.5,0.0,0,262.0,0.0,0.0,0.0,0.0,0.0,5
2023-05-09 21:14:01,p2311-C-7600,p2311-C-7600,262.0,0.0,0.0,0.0,1,72.0,0.0,0,262.0,0.0,0.0,0.0,0.0,0.0,5
2023-05-09 21:14:01,p2311-C-7600,p2311-C-7600,262.0,0.0,0.0,0.0,10,72.5,0.0,0,262.0,0.0,0.0,0.0,0.0,0.0,5
2023-05-09 21:14:03,p2311-C-7600,p2311-C-7600,262.0,0.0,0.0,0.0,1,73.0,0.0,0,262.0,0.0,0.0,0.0,0.0,0.0,5
2023-05-09 21:14:03,p2311-C-7600,p2311-C-7600,262.0,0.0,0.0,0.0,10,73.5,0.0,0,262.0,0.0,0.0,0.0,0.0,0.0,5
2023-05-09 21:14:05,p2311-C-7600,p2311-C-7600,262.0,0.0,0.0,0.0,1,74.0,0.0,0,262.0,0.0,0.0,0.0,0.0,0.0,5
2023-05-09 21:14:05,p2311-C-7600,p2311-C-7600,262.0,0.0,0.0,0.0,10,74.5,0.0,0,262.0,0.0,0.0,0.0,0.0,0.0,5
2023-05-09 21:14:07,p2311-C-7600,p2311-C-7600,262.0,0.0,0.0,0.0,1,75.0,0.0,0,262.0,0.0,0.0,0.0,0.0,0.0,5
2023-05-09 21:14:07,p2311-C-7600,p2311-C-7600,262.0,0.0,0.0,0.0,10,75.5,0.0,0,262.0,0.0,0.0,0.0,0.0,0.0,5
2023-05-09 21:14:09,p2311-C-7600,p2311-C-7600,262.0,0.0,0.0,0.0,1,76.0,0.0,0,262.0,0.0,0.0,0.0,0.0,0.0,5
2023-05-09 21:14:09,p2311-C-7600,p2311-C-7600,262.0,0.0,0.0,0.0,10,76.5,0.0,0,262.0,0.0,0.0,0.0,0.0,0.0,5
2023-05-09 21:14:11,p2311-C-7600,p2311-C-7600,262.0,0.0,0.0,0.0,1,77.0,0.0,0,262.0,0.0,0.0,0.0,0.0,0.0,5
2023-05-09 21:14:11,p2311-C-7600,p2311-C-7600,262.0,0.0,0.0,0.0,10,77.5,0.0,0,262.0,0.0,0.0,0.0,0.0,0.0,5
2023-05-09 21:14:13,p2311-C-7600,p2311-C-7600,262.0,0.0,0.0,0.0,1,78.0,0.0,0,262.0,0.0,0.0,0.0,0.0,0.0,5
2023-05-09 21:14:13,p2311-C-7600,p2311-C-7600,262.0,0.0,0.0,0.0,10,78.5,0.0,0,262.0,0.0,0.0,0.0,0.0,0.0,5
2023-05-09 21:14:15,p2311-C-7600,p2311-C-7600,262.0,0.0,0.0,0.0,1,79.0,0.0,0,262.0,0.0,0.0,0.0,0.0,0.0,5
2023-05-09 21:14:15,p2311-C-7600,p2311-C-7600,262.0,0.0,0.0,0.0,10,79.5,0.0,0,262.0,0.0,0.0,0.0,0.0,0.0,5
2023-05-09 21:14:17,p2311-C-7600,p2311-C-7600,262.0,0.0,0.0,0.0,1,80.0,0.0,0,262.0,0.0,0.0,0.0,0.0,0.0,5
2023-05-09 21:14:17,p2311-C-7600,p2311-C-7600,262.0,0.0,0.0,0.0,10,80.5,0.0,0,262.0,0.0,0.0,0.0,0.0,0.0,5
2023-05-09 21:14:19,p2311-C-7600,p2311-C-7600,262.0,0.0,0.0,0.0,1,81.0,0.0,0,262.0,0.0,0.0,0.0,0.0,0.0,5
2023-05-09 21:14:19,p2311-C-7600,p2311-C-7600,262.0,0.0,0.0,0.0,10,81.5,0.0,0,262.0,0.0,0.0,0.0,0.0,0.0,5
2023-05-09 21:14:22,p2311-C-7600,p2311-C-7600,262.0,0.0,0.0,0.0,1,82.0,0.0,0,262.0,0.0,0.0,0.0,0.0,0.0,5
2023-05-09 21:14:22,p2311-C-7600,p2311-C-7600,262.0,0.0,0.0,0.0,10,82.5,0.0,0,262.0,0.0,0.0,0.0,0.0,0.0,5
2023-05-09 21:14:24,p2311-C-7600,p2311-C-7600,262.0,0.0,0.0,0.0,1,83.0,0.0,0,262.0,0.0,0.0,0.0,0.0,0.0,5
2023-05-09 21:14:24,p2311-C-7600,p2311-C-7600,262.0,0.0,0.0,0.0,10,83.5,0.0,0,262.0,0.0,0.0,0.0,0.0,0.0,5
2023-05-09 21:14:26,p2311-C-7600,p2311-C-7600,262.0,0.0,0.0,0.0,1,84.0,0.0,0,262.0,0.0,0.0,0.0,0.0,0.0,5
2023-05-09 21:14:26,p2311-C-7600,p2311-C-7600,262.0,0.0,0.0,0.0,10,84.5,0.0,0,262.0,0.0,0.0,0.0,0.0,0.0,5
2023-05-09 21:14:28,p2311-C-7600,p2311-C-7600,262.0,0.0,0.0,0.0,1,85.0,0.0,0,262.0,0.0,0.0,0.0,0.0,0.0,5
2023-05-09 21:14:28,p2311-C-7600,p2311-C-7600,262.0,0.0,0.0,0.0,10,85.5,0.0,0,262.0,0.0,0.0,0.0,0.0,0.0,5
2023-05-09 21:14:30,p2311-C-7600,p2311-C-7600,262.0,0.0,0.0,0.0,1,86.0,0.0,0,262.0,0.0,0.0,0.0,0.0,0.0,5
2023-05-09 21:14:30,p2311-C-7600,p2311-C-7600,262.0,0.0,0.0,0.0,10,86.5,0.0,0,262.0,0.0,0.0,0.0,0.0,0.0,5
2023-05-09 21:14:32,p2311-C-7600,p2311-C-7600,262.0,0.0,0.0,0.0,1,87.0,0.0,0,262.0,0.0,0.0,0.0,0.0,0.0,5
2023-05-09 21:14:32,p2311-C-7600,p2311-C-7600,262.0,0.0,0.0,0.0,10,87.5,0.0,0,262.0,0.0,0.0,0.0,0.0,0.0,5
2023-05-09 21:14:34,p2311-C-7600,p2311-C-7600,262.0,0.0,0.0,0.0,1,88.0,0.0,0,262.0,0.0,0.0,0.0,0.0,0.0,5
2023-05-09 21:14:34,p2311-C-7600,p2311-C-7600,262.0,0.0,0.0,0.0,10,88.5,0.0,0,262.0,0.0,0.0,0.0,0.0,0.0,5
2023-05-09 21:14:36,p2311-C-7600,p2311-C-7600,262.0,0.0,0.0,0.0,1,89.0,0.0,0,262.0,0.0,0.0,0.0,0.0,0.0,5
2023-05-09 21:14:36,p2311-C-7600,p2311-C-7600,262.0,0.0,0.0,0.0,10,89.5,0.0,0,262.0,0.0,0.0,0.0,0.0,0.0,5
2023-05-09 21:14:37,p2311-C-7600,p2311-C-7600,262.0,0.0,0.0,0.0,1,90.0,0.0,0,262.0,0.0,0.0,0.0,0.0,0.0,5
2023-05-09 21:14:37,p2311-C-7600,p2311-C-7600,262.0,0.0,0.0,0.0,10,90.5,0.0,0,262.0,0.0,0.0,0.0,0.0,0.0,5
2023-05-09 21:14:39,p2311-C-7600,p2311-C-7600,262.0,0.0,0.0,0.0,1,91.0,0.0,0,262.0,0.0,0.0,0.0,0.0,0.0,5
2023-05-09 21:14:39,p2311-C-7600,p2311-C-7600,262.0,0.0,0.0,0.0,10,91.5,0.0,0,262.0,0.0,0.0,0.0,0.0,0.0,5
2023-05-09 21:14:41,p2311-C-7600,p2311-C-7600,262.0,0.0,0.0,0.0,1,92.0,0.0,0,262.0,0.0,0.0,0.0,0.0,0.0,5
2023-05-09 21:14:41,p2311-C-7600,p2311-C-7600,262.0,0.0,0.0,0.0,10,92.5,0.0,0,262.0,0.0,0.0,0.0,0.0,0.0,5
2023-05-09 21:14:43,p2311-C-7600,p2311-C-7600,262.0,0.0,0.0,0.0,1,93.0,0.0,0,262.0,0.0,0.0,0.0,0.0,0.0,5
2023-05-09 21:14:43,p2311-C-7600,p2311-C-7600,262.0,0.0,0.0,0.0,10,93.5,0.0,0,262.0,0.0,0.0,0.0,0.0,0.0,5
2023-05-09 21:14:45,p2311-C-7600,p2311-C-7600,262.0,0.0,0.0,0.0,1,94.0,0.0,0,262.0,0.0,0.0,0.0,0.0,0.0,5
2023-05-09 21:14:45,p2311-C-7600,p2311-C-7600,262.0,0.0,0.0,0.0,10,94.5,0.0,0,262.0,0.0,0.0,0.0,0.0,0.0,5
2023-05-09 21:14:46,p2311-C-7600,p2311-C-7600,262.0,0.0,0.0,0.0,1,95.0,0.0,0,262.0,0.0,0.0,0.0,0.0,0.0,5
2023-05-09 21:14:46,p2311-C-7600,p2311-C-7600,262.0,0.0,0.0,0.0,10,95.5,0.0,0,262.0,0.0,0.0,0.0,0.0,0.0,5
2023-05-09 21:14:48,p2311-C-7600,p2311-C-7600,262.0,0.0,0.0,0.0,1,96.0,0.0,0,262.0,0.0,0.0,0.0,0.0,0.0,5
2023-05-09 21:14:48,p2311-C-7600,p2311-C-7600,262.0,0.0,0.0,0.0,10,96.5,0.0,0,262.0,0.0,0.0,0.0,0.0,0.0,5
2023-05-09 21:14:50,p2311-C-7600,p2311-C-7600,262.0,0.0,0.0,0.0,1,97.0,0.0,0,262.0,0.0,0.0,0.0,0.0,0.0,5
2023-05-09 21:14:50,p2311-C-7600,p2311-C-7600,262.0,0.0,0.0,0.0,10,97.5,0.0,0,262.0,0.0,0.0,0.0,0.0,0.0,5
2023-05-09 21:14:52,p2311-C-7600,p2311-C-7600,262.0,0.0,0.0,0.0,1,98.0,0.0,0,262.0,0.0,0.0,0.0,0.0,0.0,5
2023-05-09 21:14:52,p2311-C-7600,p2311-C-7600,262.0,0.0,0.0,0.0,10,98.5,0.0,0,262.0,0.0,0.0,0.0,0.0,0.0,5
2023-05-09 21:14:54,p2311-C-7600,p2311-C-7600,262.0,0.0,0.0,0.0,1,99.0,0.0,0,262.0,0.0,0.0,0.0,0.0,0.0,5
2023-05-09 21:14:54,p2311-C-7600,p2311-C-7600,262.0,0.0,0.0,0.0,10,99.5,0.0,0,262.0,0.0,0.0,0.0,0.0,0.0,5
2023-05-09 21:14:56,p2311-C-7600,p2311-C-7600,262.0,0.0,0.0,0.0,1,100.0,0.0,0,262.0,0.0,0.0,0.0,0.0,0.0,5
2023-05-09 21:14:56,p2311-C-7600,p2311-C-7600,262.0,0.0,0.0,0.0,10,100.5,0.0,0,262.0,0.0,0.0,0.0,0.0,0.0,5
2023-05-09 21:14:58,p2311-C-7600,p2311-C-7600,262.0,0.0,0.0,0.0,1,101.0,0.0,0,262.0,0.0,0.0,0.0,0.0,0.0,5
2023-05-09 21:14:58,p2311-C-7600,p2311-C-7600,262.0,0.0,0.0,0.0,10,101.5,0.0,0,262.0,0.0,0.0,0.0,0.0,0.0,5
2023-05-09 21:15:00,p2311-C-7600,p2311-C-7600,262.0,0.0,0.0,0.0,1,102.0,0.0,0,262.0,0.0,0.0,0.0,0.0,0.0,5
2023-05-09 21:15:00,p2311-C-7600,p2311-C-7600,262.0,0.0,0.0,0.0,10,102.5,0.0,0,262.0,0.0,0.0,0.0,0.0,0.0,5
2023-05-09 21:15:02,p2311-C-7600,p2311-C-7600,262.0,0.0,0.0,0.0,1,103.0,0.0,0,262.0,0.0,0.0,0.0,0.0,0.0,5
2023-05-09 21:15:02,p2311-C-7600,p2311-C-7600,262.0,0.0,0.0,0.0,10,103.5,0.0,0,262.0,0.0,0.0,0.0,0.0,0.0,5
2023-05-09 21:15:04,p2311-C-7600,p2311-C-7600,262.0,0.0,0.0,0.0,1,104.0,0.0,0,262.0,0.0,0.0,0.0,0.0,0.0,5
2023-05-09 21:15:04,p2311-C-7600,p2311-C-7600,262.0,0.0,0.0,0.0,10,104.5,0.0,0,262.0,0.0,0.0,0.0,0.0,0.0,5
2023-05-09 21:15:06,p2311-C-7600,p2311-C-7600,262.0,0.0,0.0,0.0,1,105.0,0.0,0,262.0,0.0,0.0,0.0,0.0,0.0,5
2023-05-09 21:15:06,p2311-C-7600,p2311-C-7600,262.0,0.0,0.0,0.0,10,105.5,0.0,0,262.0,0.0,0.0,0.0,0.0,0.0,5
2023-05-09 21:15:08,p2311-C-7600,p2311-C-7600,262.0,0.0,0.0,0.0,1,106.0,0.0,0,262.0,0.0,0.0,0.0,0.0,0.0,5
2023-05-09 21:15:08,p2311-C-7600,p2311-C-7600,262.0,0.0,0.0,0.0,10,106.5,0.0,0,262.0,0.0,0.0,0.0,0.0,0.0,5
2023-05-09 21:15:10,p2311-C-7600,p2311-C-7600,262.0,0.0,0.0,0.0,1,107.0,0.0,0,262.0,0.0,0.0,0.0,0.0,0.0,5
2023-05-09 21:15:10,p2311-C-7600,p2311-C-7600,262.0,0.0,0.0,0.0,10,107.5,0.0,0,262.0,0.0,0.0,0.0,0.0,0.0,5
2023-05-09 21:15:12,p2311-C-7600,p2311-C-7600,262.0,0.0,0.0,0.0,1,108.0,0.0,0,262.0,0.0,0.0,0.0,0.0,0.0,5
2023-05-09 21:15:12,p2311-C-7600,p2311-C-7600,262.0,0.0,0.0,0.0,10,108.5,0.0,0,262.0,0.0,0.0,0.0,0.0,0.0,5
2023-05-09 21:15:13,p2311-C-7600,p2311-C-7600,262.0,0.0,0.0,0.0,1,109.0,0.0,0,262.0,0.0,0.0,0.0,0.0,0.0,5
2023-05-09 21:15:13,p2311-C-7600,p2311-C-7600,262.0,0.0,0.0,0.0,10,109.5,0.0,0,262.0,0.0,0.0,0.0,0.0,0.0,5
2023-05-09 21:15:15,p2311-C-7600,p2311-C-7600,262.0,0.0,0.0,0.0,1,110.0,0.0,0,262.0,0.0,0.0,0.0,0.0,0.0,5
2023-05-09 21:15:15,p2311-C-7600,p2311-C-7600,262.0,0.0,0.0,0.0,10,110.5,0.0,0,262.0,0.0,0.0,0.0,0.0,0.0,5
2023-05-09 21:15:17,p2311-C-7600,p2311-C-7600,262.0,0.0,0.0,0.0,1,111.0,0.0,0,262.0,0.0,0.0,0.0,0.0,0.0,5
2023-05-09 21:15:17,p2311-C-7600,p2311-C-7600,262.0,0.0,0.0,0.0,10,111.5,0.0,0,262.0,0.0,0.0,0.0,0.0,0.0,5
2023-05-09 21:15:19,p2311-C-7600,p2311-C-7600,262.0,0.0,0.0,0.0,1,112.0,0.0,0,262.0,0.0,0.0,0.0,0.0,0.0,5
2023-05-09 21:15:19,p2311-C-7600,p2311-C-7600,262.0,0.0,0.0,0.0,10,112.5,0.0,0,262.0,0.0,0.0,0.0,0.0,0.0,5
2023-05-09 21:15:21,p2311-C-7600,p2311-C-7600,262.0,0.0,0.0,0.0,1,113.0,0.0,0,262.0,0.0,0.0,0.0,0.0,0.0,5
2023-05-09 21:15:21,p2311-C-7600,p2311-C-7600,262.0,0.0,0.0,0.0,10,113.5,0.0,0,262.0,0.0,0.0,0.0,0.0,0.0,5
2023-05-09 21:15:23,p2311-C-7600,p2311-C-7600,262.0,0.0,0.0,0.0,1,114.0,0.0,0,262.0,0.0,0.0,0.0,0.0,0.0,5
2023-05-09 21:15:23,p2311-C-7600,p2311-C-7600,262.0,0.0,0.0,0.0,10,114.5,0.0,0,262.0,0.0,0.0,0.0,0.0,0.0,5
2023-05-09 21:15:25,p2311-C-7600,p2311-C-7600,262.0,0.0,0.0,0.0,1,115.0,0.0,0,262.0,0.0,0.0,0.0,0.0,0.0,5
2023-05-09 21:15:25,p2311-C-7600,p2311-C-7600,262.0,0.0,0.0,0.0,10,115.5,0.0,0,262.0,0.0,0.0,0.0,0.0,0.0,5
2023-05-09 21:15:27,p2311-C-7600,p2311-C-7600,262.0,0.0,0.0,0.0,1,116.0,0.0,0,262.0,0.0,0.0,0.0,0.0,0.0,5
2023-05-09 21:15:27,p2311-C-7600,p2311-C-7600,262.0,0.0,0.0,0.0,10,116.5,0.0,0,262.0,0.0,0.0,0.0,0.0,0.0,5
2023-05-09 21:15:28,p2311-C-7600,p2311-C-7600,262.0,0.0,0.0,0.0,1,117.0,0.0,0,262.0,0.0,0.0,0.0,0.0,0.0,5
2023-05-09 21:15:28,p2311-C-7600,p2311-C-7600,262.0,0.0,0.0,0.0,10,117.5,0.0,0,262.0,0.0,0.0,0.0,0.0,0.0,5
2023-05-09 21:15:30,p2311-C-7600,p2311-C-7600,262.0,0.0,0.0,0.0,1,118.0,0.0,0,262.0,0.0,0.0,0.0,0.0,0.0,5
2023-05-09 21:15:30,p2311-C-7600,p2311-C-7600,262.0,0.0,0.0,0.0,10,118.5,0.0,0,262.0,0.0,0.0,0.0,0.0,0.0,5
2023-05-09 21:15:31,p2311-C-7600,p2311-C-7600,262.0,0.0,0.0,0.0,1,119.0,0.0,0,262.0,0.0,0.0,0.0,0.0,0.0,5
2023-05-09 21:15:31,p2311-C-7600,p2311-C-7600,262.0,0.0,0.0,0.0,10,119.5,0.0,0,262.0,0.0,0.0,0.0,0.0,0.0,5
2023-05-09 21:15:33,p2311-C-7600,p2311-C-7600,262.0,0.0,0.0,0.0,1,120.0,0.0,0,262.0,0.0,0.0,0.0,0.0,0.0,5
2023-05-09 21:15:33,p2311-C-7600,p2311-C-7600,262.0,0.0,0.0,0.0,10,120.5,0.0,0,262.0,0.0,0.0,0.0,0.0,0.0,5
2023-05-09 21:15:34,p2311-C-7600,p2311-C-7600,262.0,0.0,0.0,0.0,1,121.0,0.0,0,262.0,0.0,0.0,0.0,0.0,0.0,5
2023-05-09 21:15:34,p2311-C-7600,p2311-C-7600,262.0,0.0,0.0,0.0,10,121.5,0.0,0,262.0,0.0,0.0,0.0,0.0,0.0,5
2023-05-09 21:15:35,p2311-C-7600,p2311-C-7600,262.0,0.0,0.0,0.0,1,122.0,0.0,0,262.0,0.0,0.0,0.0,0.0,0.0,5
2023-05-09 21:15:35,p2311-C-7600,p2311-C-7600,262.0,0.0,0.0,0.0,10,122.5,0.0,0,262.0,0.0,0.0,0.0,0.0,0.0,5
2023-05-09 21:15:37,p2311-C-7600,p2311-C-7600,262.0,0.0,0.0,0.0,1,123.0,0.0,0,262.0,0.0,0.0,0.0,0.0,0.0,5
2023-05-09 21:15:37,p2311-C-7600,p2311-C-7600,262.0,0.0,0.0,0.0,10,123.5,0.0,0,262.0,0.0,0.0,0.0,0.0,0.0,5
2023-05-09 21:15:38,p2311-C-7600,p2311-C-7600,262.0,0.0,0.0,0.0,1,124.0,0.0,0,262.0,0.0,0.0,0.0,0.0,0.0,5
2023-05-09 21:15:38,p2311-C-7600,p2311-C-7600,262.0,0.0,0.0,0.0,10,124.5,0.0,0,262.0,0.0,0.0,0.0,0.0,0.0,5
2023-05-09 21:15:39,p2311-C-7600,p2311-C-7600,262.0,0.0,0.0,0.0,1,125.0,0.0,0,262.0,0.0,0.0,0.0,0.0,0.0,5
2023-05-09 21:15:39,p2311-C-7600,p2311-C-7600,262.0,0.0,0.0,0.0,10,125.5,0.0,0,262.0,0.0,0.0,0.0,0.0,0.0,5
2023-05-09 21:15:41,p2311-C-7600,p2311-C-7600,262.0,0.0,0.0,0.0,1,126.0,0.0,0,262.0,0.0,0.0,0.0,0.0,0.0,5
2023-05-09 21:15:41,p2311-C-7600,p2311-C-7600,262.0,0.0,0.0,0.0,10,126.5,0.0,0,262.0,0.0,0.0,0.0,0.0,0.0,5
2023-05-09 21:15:59,p2311-C-7600,p2311-C-7600,262.0,0.0,0.0,0.0,1,127.0,0.0,0,262.0,0.0,0.0,0.0,0.0,0.0,5
2023-05-09 21:15:59,p2311-C-7600,p2311-C-7600,262.0,0.0,0.0,0.0,10,127.5,0.0,0,262.0,0.0,0.0,0.0,0.0,0.0,5
2023-05-09 21:16:01,p2311-C-7600,p2311-C-7600,262.0,0.0,0.0,0.0,1,128.0,0.0,0,262.0,0.0,0.0,0.0,0.0,0.0,5
2023-05-09 21:16:01,p2311-C-7600,p2311-C-7600,262.0,0.0,0.0,0.0,10,128.5,0.0,0,262.0,0.0,0.0,0.0,0.0,0.0,5
2023-05-09 21:16:03,p2311-C-7600,p2311-C-7600,262.0,0.0,0.0,0.0,1,129.0,0.0,0,262.0,0.0,0.0,0.0,0.0,0.0,5
2023-05-09 21:16:03,p2311-C-7600,p2311-C-7600,262.0,0.0,0.0,0.0,10,129.5,0.0,0,262.0,0.0,0.0,0.0,0.0,0.0,5
2023-05-09 21:16:04,p2311-C-7600,p2311-C-7600,262.0,0.0,0.0,0.0,1,130.0,0.0,0,262.0,0.0,0.0,0.0,0.0,0.0,5
2023-05-09 21:16:04,p2311-C-7600,p2311-C-7600,262.0,0.0,0.0,0.0,10,130.5,0.0,0,262.0,0.0,0.0,0.0,0.0,0.0,5
2023-05-09 21:17:36,p2311-C-7600,p2311-C-7600,262.0,0.0,0.0,0.0,1,131.0,0.0,0,262.0,0.0,0.0,0.0,0.0,0.0,5
2023-05-09 21:17:36,p2311-C-7600,p2311-C-7600,262.0,0.0,0.0,0.0,10,131.5,0.0,0,262.0,0.0,0.0,0.0,0.0,0.0,5
2023-05-09 22:56:55,p2311-C-7600,p2311-C-7600,262.0,0.0,0.0,0.0,1,26.0,0.0,0,262.0,0.0,0.0,0.0,0.0,0.0,5
2023-05-09 22:59:15,p2311-C-7600,p2311-C-7600,262.0,0.0,0.0,0.0,10,26.5,0.0,0,262.0,0.0,0.0,0.0,0.0,0.0,5
2023-05-09 22:59:59,p2311-C-7600,p2311-C-7600,262.0,0.0,0.0,0.0,1,26.0,0.0,0,262.0,0.0,0.0,0.0,0.0,0.0,5
2023-05-10 09:00:02,p2311-C-7600,p2311-C-7600,262.0,0.0,0.0,0.0,10,26.5,0.0,0,262.0,0.0,0.0,0.0,0.0,0.0,5
2023-05-10 09:01:42,p2311-C-7600,p2311-C-7600,262.0,0.0,0.0,0.0,1,27.0,0.0,0,262.0,0.0,0.0,0.0,0.0,0.0,5
2023-05-10 09:01:42,p2311-C-7600,p2311-C-7600,262.0,0.0,0.0,0.0,10,27.5,0.0,0,262.0,0.0,0.0,0.0,0.0,0.0,5
2023-05-10 09:02:50,p2311-C-7600,p2311-C-7600,262.0,0.0,0.0,0.0,1,28.0,0.0,0,262.0,0.0,0.0,0.0,0.0,0.0,5
2023-05-10 09:02:50,p2311-C-7600,p2311-C-7600,262.0,0.0,0.0,0.0,10,28.5,0.0,0,262.0,0.0,0.0,0.0,0.0,0.0,5
2023-05-10 09:03:59,p2311-C-7600,p2311-C-7600,262.0,0.0,0.0,0.0,1,29.0,0.0,0,262.0,0.0,0.0,0.0,0.0,0.0,5
2023-05-10 09:03:59,p2311-C-7600,p2311-C-7600,262.0,0.0,0.0,0.0,10,29.5,0.0,0,262.0,0.0,0.0,0.0,0.0,0.0,5
2023-05-10 09:05:36,p2311-C-7600,p2311-C-7600,262.0,0.0,0.0,0.0,1,30.0,0.0,0,262.0,0.0,0.0,0.0,0.0,0.0,5
2023-05-10 09:05:36,p2311-C-7600,p2311-C-7600,262.0,0.0,0.0,0.0,10,30.5,0.0,0,262.0,0.0,0.0,0.0,0.0,0.0,5
2023-05-10 09:06:43,p2311-C-7600,p2311-C-7600,262.0,0.0,0.0,0.0,1,31.0,0.0,0,262.0,0.0,0.0,0.0,0.0,0.0,5
2023-05-10 09:06:43,p2311-C-7600,p2311-C-7600,262.0,0.0,0.0,0.0,10,31.5,0.0,0,262.0,0.0,0.0,0.0,0.0,0.0,5
2023-05-10 09:07:32,p2311-C-7600,p2311-C-7600,262.0,0.0,0.0,0.0,1,32.0,0.0,0,262.0,0.0,0.0,0.0,0.0,0.0,5
2023-05-10 09:07:32,p2311-C-7600,p2311-C-7600,262.0,0.0,0.0,0.0,10,32.5,0.0,0,262.0,0.0,0.0,0.0,0.0,0.0,5
2023-05-10 09:07:36,p2311-C-7600,p2311-C-7600,262.0,0.0,0.0,0.0,1,33.0,0.0,0,262.0,0.0,0.0,0.0,0.0,0.0,5
2023-05-10 09:07:36,p2311-C-7600,p2311-C-7600,262.0,0.0,0.0,0.0,10,33.5,0.0,0,262.0,0.0,0.0,0.0,0.0,0.0,5
2023-05-10 09:07:42,p2311-C-7600,p2311-C-7600,262.0,0.0,0.0,0.0,1,34.0,0.0,0,262.0,0.0,0.0,0.0,0.0,0.0,5
2023-05-10 09:07:42,p2311-C-7600,p2311-C-7600,262.0,0.0,0.0,0.0,10,34.5,0.0,0,262.0,0.0,0.0,0.0,0.0,0.0,5
2023-05-10 09:07:49,p2311-C-7600,p2311-C-7600,262.0,0.0,0.0,0.0,1,35.0,0.0,0,262.0,0.0,0.0,0.0,0.0,0.0,5
2023-05-10 09:07:49,p2311-C-7600,p2311-C-7600,262.0,0.0,0.0,0.0,10,35.5,0.0,0,262.0,0.0,0.0,0.0,0.0,0.0,5
2023-05-10 09:07:52,p2311-C-7600,p2311-C-7600,262.0,0.0,0.0,0.0,1,36.0,0.0,0,262.0,0.0,0.0,0.0,0.0,0.0,5
2023-05-10 09:07:52,p2311-C-7600,p2311-C-7600,262.0,0.0,0.0,0.0,10,36.5,0.0,0,262.0,0.0,0.0,0.0,0.0,0.0,5
2023-05-10 09:08:02,p2311-C-7600,p2311-C-7600,262.0,0.0,0.0,0.0,1,37.0,0.0,0,262.0,0.0,0.0,0.0,0.0,0.0,5
2023-05-10 09:08:02,p2311-C-7600,p2311-C-7600,262.0,0.0,0.0,0.0,10,37.5,0.0,0,262.0,0.0,0.0,0.0,0.0,0.0,5
2023-05-10 09:08:08,p2311-C-7600,p2311-C-7600,262.0,0.0,0.0,0.0,1,38.0,0.0,0,262.0,0.0,0.0,0.0,0.0,0.0,5
2023-05-10 09:08:08,p2311-C-7600,p2311-C-7600,262.0,0.0,0.0,0.0,10,38.5,0.0,0,262.0,0.0,0.0,0.0,0.0,0.0,5
2023-05-10 09:09:41,p2311-C-7600,p2311-C-7600,262.0,0.0,0.0,0.0,1,39.0,0.0,0,262.0,0.0,0.0,0.0,0.0,0.0,5
2023-05-10 09:09:41,p2311-C-7600,p2311-C-7600,262.0,0.0,0.0,0.0,10,39.5,0.0,0,262.0,0.0,0.0,0.0,0.0,0.0,5
2023-05-10 09:09:48,p2311-C-7600,p2311-C-7600,262.0,0.0,0.0,0.0,1,40.0,0.0,0,262.0,0.0,0.0,0.0,0.0,0.0,5
2023-05-10 09:09:48,p2311-C-7600,p2311-C-7600,262.0,0.0,0.0,0.0,10,40.5,0.0,0,262.0,0.0,0.0,0.0,0.0,0.0,5
2023-05-10 09:09:51,p2311-C-7600,p2311-C-7600,262.0,0.0,0.0,0.0,1,41.0,0.0,0,262.0,0.0,0.0,0.0,0.0,0.0,5
2023-05-10 09:09:51,p2311-C-7600,p2311-C-7600,262.0,0.0,0.0,0.0,10,41.5,0.0,0,262.0,0.0,0.0,0.0,0.0,0.0,5
2023-05-10 09:09:53,p2311-C-7600,p2311-C-7600,262.0,0.0,0.0,0.0,1,42.0,0.0,0,262.0,0.0,0.0,0.0,0.0,0.0,5
2023-05-10 09:09:53,p2311-C-7600,p2311-C-7600,262.0,0.0,0.0,0.0,10,42.5,0.0,0,262.0,0.0,0.0,0.0,0.0,0.0,5
2023-05-10 09:09:56,p2311-C-7600,p2311-C-7600,262.0,0.0,0.0,0.0,1,43.0,0.0,0,262.0,0.0,0.0,0.0,0.0,0.0,5
2023-05-10 09:09:56,p2311-C-7600,p2311-C-7600,262.0,0.0,0.0,0.0,10,43.5,0.0,0,262.0,0.0,0.0,0.0,0.0,0.0,5
2023-05-10 09:09:59,p2311-C-7600,p2311-C-7600,262.0,0.0,0.0,0.0,1,44.0,0.0,0,262.0,0.0,0.0,0.0,0.0,0.0,5
2023-05-10 09:09:59,p2311-C-7600,p2311-C-7600,262.0,0.0,0.0,0.0,10,44.5,0.0,0,262.0,0.0,0.0,0.0,0.0,0.0,5
2023-05-10 09:10:03,p2311-C-7600,p2311-C-7600,262.0,0.0,0.0,0.0,1,45.0,0.0,0,262.0,0.0,0.0,0.0,0.0,0.0,5
2023-05-10 09:10:03,p2311-C-7600,p2311-C-7600,262.0,0.0,0.0,0.0,10,45.5,0.0,0,262.0,0.0,0.0,0.0,0.0,0.0,5
2023-05-10 09:10:05,p2311-C-7600,p2311-C-7600,262.0,0.0,0.0,0.0,1,46.0,0.0,0,262.0,0.0,0.0,0.0,0.0,0.0,5
2023-05-10 09:10:05,p2311-C-7600,p2311-C-7600,262.0,0.0,0.0,0.0,10,46.5,0.0,0,262.0,0.0,0.0,0.0,0.0,0.0,5
2023-05-10 09:10:07,p2311-C-7600,p2311-C-7600,262.0,0.0,0.0,0.0,1,47.0,0.0,0,262.0,0.0,0.0,0.0,0.0,0.0,5
2023-05-10 09:10:07,p2311-C-7600,p2311-C-7600,262.0,0.0,0.0,0.0,10,47.5,0.0,0,262.0,0.0,0.0,0.0,0.0,0.0,5
2023-05-10 09:10:10,p2311-C-7600,p2311-C-7600,262.0,0.0,0.0,0.0,1,48.0,0.0,0,262.0,0.0,0.0,0.0,0.0,0.0,5
2023-05-10 09:10:10,p2311-C-7600,p2311-C-7600,262.0,0.0,0.0,0.0,10,48.5,0.0,0,262.0,0.0,0.0,0.0,0.0,0.0,5
2023-05-10 09:10:13,p2311-C-7600,p2311-C-7600,262.0,0.0,0.0,0.0,1,49.0,0.0,0,262.0,0.0,0.0,0.0,0.0,0.0,5
2023-05-10 09:10:13,p2311-C-7600,p2311-C-7600,262.0,0.0,0.0,0.0,10,49.5,0.0,0,262.0,0.0,0.0,0.0,0.0,0.0,5
2023-05-10 09:10:16,p2311-C-7600,p2311-C-7600,262.0,0.0,0.0,0.0,1,50.0,0.0,0,262.0,0.0,0.0,0.0,0.0,0.0,5
2023-05-10 09:10:16,p2311-C-7600,p2311-C-7600,262.0,0.0,0.0,0.0,10,50.5,0.0,0,262.0,0.0,0.0,0.0,0.0,0.0,5
2023-05-10 09:10:18,p2311-C-7600,p2311-C-7600,262.0,0.0,0.0,0.0,1,51.0,0.0,0,262.0,0.0,0.0,0.0,0.0,0.0,5
2023-05-10 09:10:18,p2311-C-7600,p2311-C-7600,262.0,0.0,0.0,0.0,10,51.5,0.0,0,262.0,0.0,0.0,0.0,0.0,0.0,5
2023-05-10 09:10:21,p2311-C-7600,p2311-C-7600,262.0,0.0,0.0,0.0,1,52.0,0.0,0,262.0,0.0,0.0,0.0,0.0,0.0,5
2023-05-10 09:10:21,p2311-C-7600,p2311-C-7600,262.0,0.0,0.0,0.0,10,52.5,0.0,0,262.0,0.0,0.0,0.0,0.0,0.0,5
2023-05-10 09:10:24,p2311-C-7600,p2311-C-7600,262.0,0.0,0.0,0.0,1,53.0,0.0,0,262.0,0.0,0.0,0.0,0.0,0.0,5
2023-05-10 09:10:24,p2311-C-7600,p2311-C-7600,262.0,0.0,0.0,0.0,10,53.5,0.0,0,262.0,0.0,0.0,0.0,0.0,0.0,5
2023-05-10 09:10:27,p2311-C-7600,p2311-C-7600,262.0,0.0,0.0,0.0,1,54.0,0.0,0,262.0,0.0,0.0,0.0,0.0,0.0,5
2023-05-10 09:10:27,p2311-C-7600,p2311-C-7600,262.0,0.0,0.0,0.0,10,54.5,0.0,0,262.0,0.0,0.0,0.0,0.0,0.0,5
2023-05-10 09:10:30,p2311-C-7600,p2311-C-7600,262.0,0.0,0.0,0.0,1,55.0,0.0,0,262.0,0.0,0.0,0.0,0.0,0.0,5
2023-05-10 09:10:30,p2311-C-7600,p2311-C-7600,262.0,0.0,0.0,0.0,10,55.5,0.0,0,262.0,0.0,0.0,0.0,0.0,0.0,5
2023-05-10 09:10:33,p2311-C-7600,p2311-C-7600,262.0,0.0,0.0,0.0,1,56.0,0.0,0,262.0,0.0,0.0,0.0,0.0,0.0,5
2023-05-10 09:10:33,p2311-C-7600,p2311-C-7600,262.0,0.0,0.0,0.0,10,56.5,0.0,0,262.0,0.0,0.0,0.0,0.0,0.0,5
2023-05-10 09:10:36,p2311-C-7600,p2311-C-7600,262.0,0.0,0.0,0.0,1,57.0,0.0,0,262.0,0.0,0.0,0.0,0.0,0.0,5
2023-05-10 09:10:36,p2311-C-7600,p2311-C-7600,262.0,0.0,0.0,0.0,10,57.5,0.0,0,262.0,0.0,0.0,0.0,0.0,0.0,5
2023-05-10 09:10:39,p2311-C-7600,p2311-C-7600,262.0,0.0,0.0,0.0,1,58.0,0.0,0,262.0,0.0,0.0,0.0,0.0,0.0,5
2023-05-10 09:10:39,p2311-C-7600,p2311-C-7600,262.0,0.0,0.0,0.0,10,58.5,0.0,0,262.0,0.0,0.0,0.0,0.0,0.0,5
2023-05-10 09:10:41,p2311-C-7600,p2311-C-7600,262.0,0.0,0.0,0.0,1,59.0,0.0,0,262.0,0.0,0.0,0.0,0.0,0.0,5
2023-05-10 09:10:41,p2311-C-7600,p2311-C-7600,262.0,0.0,0.0,0.0,10,59.5,0.0,0,262.0,0.0,0.0,0.0,0.0,0.0,5
2023-05-10 09:10:44,p2311-C-7600,p2311-C-7600,262.0,0.0,0.0,0.0,1,60.0,0.0,0,262.0,0.0,0.0,0.0,0.0,0.0,5
2023-05-10 09:10:44,p2311-C-7600,p2311-C-7600,262.0,0.0,0.0,0.0,10,60.5,0.0,0,262.0,0.0,0.0,0.0,0.0,0.0,5
2023-05-10 09:10:46,p2311-C-7600,p2311-C-7600,262.0,0.0,0.0,0.0,1,61.0,0.0,0,262.0,0.0,0.0,0.0,0.0,0.0,5
2023-05-10 09:10:46,p2311-C-7600,p2311-C-7600,262.0,0.0,0.0,0.0,10,61.5,0.0,0,262.0,0.0,0.0,0.0,0.0,0.0,5
2023-05-10 09:10:49,p2311-C-7600,p2311-C-7600,262.0,0.0,0.0,0.0,1,62.0,0.0,0,262.0,0.0,0.0,0.0,0.0,0.0,5
2023-05-10 09:10:49,p2311-C-7600,p2311-C-7600,262.0,0.0,0.0,0.0,10,62.5,0.0,0,262.0,0.0,0.0,0.0,0.0,0.0,5
2023-05-10 09:10:52,p2311-C-7600,p2311-C-7600,262.0,0.0,0.0,0.0,1,63.0,0.0,0,262.0,0.0,0.0,0.0,0.0,0.0,5
2023-05-10 09:10:52,p2311-C-7600,p2311-C-7600,262.0,0.0,0.0,0.0,10,63.5,0.0,0,262.0,0.0,0.0,0.0,0.0,0.0,5
2023-05-10 09:10:55,p2311-C-7600,p2311-C-7600,262.0,0.0,0.0,0.0,1,64.0,0.0,0,262.0,0.0,0.0,0.0,0.0,0.0,5
2023-05-10 09:10:55,p2311-C-7600,p2311-C-7600,262.0,0.0,0.0,0.0,10,64.5,0.0,0,262.0,0.0,0.0,0.0,0.0,0.0,5
2023-05-10 09:10:57,p2311-C-7600,p2311-C-7600,262.0,0.0,0.0,0.0,1,65.0,0.0,0,262.0,0.0,0.0,0.0,0.0,0.0,5
2023-05-10 09:10:57,p2311-C-7600,p2311-C-7600,262.0,0.0,0.0,0.0,10,65.5,0.0,0,262.0,0.0,0.0,0.0,0.0,0.0,5
2023-05-10 09:11:00,p2311-C-7600,p2311-C-7600,262.0,0.0,0.0,0.0,1,66.0,0.0,0,262.0,0.0,0.0,0.0,0.0,0.0,5
2023-05-10 09:11:00,p2311-C-7600,p2311-C-7600,262.0,0.0,0.0,0.0,10,66.5,0.0,0,262.0,0.0,0.0,0.0,0.0,0.0,5
2023-05-10 09:11:36,p2311-C-7600,p2311-C-7600,262.0,0.0,0.0,0.0,1,67.0,0.0,0,262.0,0.0,0.0,0.0,0.0,0.0,5
2023-05-10 09:11:36,p2311-C-7600,p2311-C-7600,262.0,0.0,0.0,0.0,10,67.5,0.0,0,262.0,0.0,0.0,0.0,0.0,0.0,5
2023-05-10 09:12:49,p2311-C-7600,p2311-C-7600,262.0,0.0,0.0,0.0,1,68.0,0.0,0,262.0,0.0,0.0,0.0,0.0,0.0,5
2023-05-10 09:12:49,p2311-C-7600,p2311-C-7600,262.0,0.0,0.0,0.0,10,68.5,0.0,0,262.0,0.0,0.0,0.0,0.0,0.0,5
2023-05-10 09:16:22,p2311-C-7600,p2311-C-7600,262.0,0.0,0.0,0.0,1,69.0,0.0,0,262.0,0.0,0.0,0.0,0.0,0.0,5
2023-05-10 09:16:22,p2311-C-7600,p2311-C-7600,262.0,0.0,0.0,0.0,10,69.5,0.0,0,262.0,0.0,0.0,0.0,0.0,0.0,5
2023-05-10 09:16:30,p2311-C-7600,p2311-C-7600,262.0,0.0,0.0,0.0,1,70.0,0.0,0,262.0,0.0,0.0,0.0,0.0,0.0,5
2023-05-10 09:16:30,p2311-C-7600,p2311-C-7600,262.0,0.0,0.0,0.0,10,70.5,0.0,0,262.0,0.0,0.0,0.0,0.0,0.0,5
2023-05-10 09:16:34,p2311-C-7600,p2311-C-7600,262.0,0.0,0.0,0.0,1,71.0,0.0,0,262.0,0.0,0.0,0.0,0.0,0.0,5
2023-05-10 09:16:34,p2311-C-7600,p2311-C-7600,262.0,0.0,0.0,0.0,10,71.5,0.0,0,262.0,0.0,0.0,0.0,0.0,0.0,5
2023-05-10 09:16:39,p2311-C-7600,p2311-C-7600,262.0,0.0,0.0,0.0,1,72.0,0.0,0,262.0,0.0,0.0,0.0,0.0,0.0,5
2023-05-10 09:16:39,p2311-C-7600,p2311-C-7600,262.0,0.0,0.0,0.0,10,72.5,0.0,0,262.0,0.0,0.0,0.0,0.0,0.0,5
2023-05-10 09:16:44,p2311-C-7600,p2311-C-7600,262.0,0.0,0.0,0.0,1,73.0,0.0,0,262.0,0.0,0.0,0.0,0.0,0.0,5
2023-05-10 09:16:44,p2311-C-7600,p2311-C-7600,262.0,0.0,0.0,0.0,10,73.5,0.0,0,262.0,0.0,0.0,0.0,0.0,0.0,5
2023-05-10 09:16:48,p2311-C-7600,p2311-C-7600,262.0,0.0,0.0,0.0,1,74.0,0.0,0,262.0,0.0,0.0,0.0,0.0,0.0,5
2023-05-10 09:16:48,p2311-C-7600,p2311-C-7600,262.0,0.0,0.0,0.0,10,74.5,0.0,0,262.0,0.0,0.0,0.0,0.0,0.0,5
2023-05-10 09:16:51,p2311-C-7600,p2311-C-7600,262.0,0.0,0.0,0.0,1,75.0,0.0,0,262.0,0.0,0.0,0.0,0.0,0.0,5
2023-05-10 09:16:51,p2311-C-7600,p2311-C-7600,262.0,0.0,0.0,0.0,10,75.5,0.0,0,262.0,0.0,0.0,0.0,0.0,0.0,5
2023-05-10 09:16:54,p2311-C-7600,p2311-C-7600,262.0,0.0,0.0,0.0,1,76.0,0.0,0,262.0,0.0,0.0,0.0,0.0,0.0,5
2023-05-10 09:16:54,p2311-C-7600,p2311-C-7600,262.0,0.0,0.0,0.0,10,76.5,0.0,0,262.0,0.0,0.0,0.0,0.0,0.0,5
2023-05-10 09:16:58,p2311-C-7600,p2311-C-7600,262.0,0.0,0.0,0.0,1,77.0,0.0,0,262.0,0.0,0.0,0.0,0.0,0.0,5
2023-05-10 09:16:58,p2311-C-7600,p2311-C-7600,262.0,0.0,0.0,0.0,10,77.5,0.0,0,262.0,0.0,0.0,0.0,0.0,0.0,5
2023-05-10 09:17:01,p2311-C-7600,p2311-C-7600,262.0,0.0,0.0,0.0,1,78.0,0.0,0,262.0,0.0,0.0,0.0,0.0,0.0,5
2023-05-10 09:17:01,p2311-C-7600,p2311-C-7600,262.0,0.0,0.0,0.0,10,78.5,0.0,0,262.0,0.0,0.0,0.0,0.0,0.0,5
2023-05-10 09:17:06,p2311-C-7600,p2311-C-7600,262.0,0.0,0.0,0.0,1,79.0,0.0,0,262.0,0.0,0.0,0.0,0.0,0.0,5
2023-05-10 09:17:06,p2311-C-7600,p2311-C-7600,262.0,0.0,0.0,0.0,10,79.5,0.0,0,262.0,0.0,0.0,0.0,0.0,0.0,5
2023-05-10 09:17:08,p2311-C-7600,p2311-C-7600,262.0,0.0,0.0,0.0,1,80.0,0.0,0,262.0,0.0,0.0,0.0,0.0,0.0,5
2023-05-10 09:17:08,p2311-C-7600,p2311-C-7600,262.0,0.0,0.0,0.0,10,80.5,0.0,0,262.0,0.0,0.0,0.0,0.0,0.0,5
2023-05-10 09:17:11,p2311-C-7600,p2311-C-7600,262.0,0.0,0.0,0.0,1,81.0,0.0,0,262.0,0.0,0.0,0.0,0.0,0.0,5
2023-05-10 09:17:11,p2311-C-7600,p2311-C-7600,262.0,0.0,0.0,0.0,10,81.5,0.0,0,262.0,0.0,0.0,0.0,0.0,0.0,5
2023-05-10 09:17:12,p2311-C-7600,p2311-C-7600,262.0,0.0,0.0,0.0,1,82.0,0.0,0,262.0,0.0,0.0,0.0,0.0,0.0,5
2023-05-10 09:17:12,p2311-C-7600,p2311-C-7600,262.0,0.0,0.0,0.0,10,82.5,0.0,0,262.0,0.0,0.0,0.0,0.0,0.0,5
2023-05-10 09:17:15,p2311-C-7600,p2311-C-7600,262.0,0.0,0.0,0.0,1,83.0,0.0,0,262.0,0.0,0.0,0.0,0.0,0.0,5
2023-05-10 09:17:15,p2311-C-7600,p2311-C-7600,262.0,0.0,0.0,0.0,10,83.5,0.0,0,262.0,0.0,0.0,0.0,0.0,0.0,5
2023-05-10 09:17:17,p2311-C-7600,p2311-C-7600,262.0,0.0,0.0,0.0,1,84.0,0.0,0,262.0,0.0,0.0,0.0,0.0,0.0,5
2023-05-10 09:17:17,p2311-C-7600,p2311-C-7600,262.0,0.0,0.0,0.0,10,84.5,0.0,0,262.0,0.0,0.0,0.0,0.0,0.0,5
2023-05-10 09:17:20,p2311-C-7600,p2311-C-7600,262.0,0.0,0.0,0.0,1,85.0,0.0,0,262.0,0.0,0.0,0.0,0.0,0.0,5
2023-05-10 09:17:20,p2311-C-7600,p2311-C-7600,262.0,0.0,0.0,0.0,10,85.5,0.0,0,262.0,0.0,0.0,0.0,0.0,0.0,5
2023-05-10 09:17:23,p2311-C-7600,p2311-C-7600,262.0,0.0,0.0,0.0,1,86.0,0.0,0,262.0,0.0,0.0,0.0,0.0,0.0,5
2023-05-10 09:17:23,p2311-C-7600,p2311-C-7600,262.0,0.0,0.0,0.0,10,86.5,0.0,0,262.0,0.0,0.0,0.0,0.0,0.0,5
2023-05-10 09:17:26,p2311-C-7600,p2311-C-7600,262.0,0.0,0.0,0.0,1,87.0,0.0,0,262.0,0.0,0.0,0.0,0.0,0.0,5
2023-05-10 09:17:26,p2311-C-7600,p2311-C-7600,262.0,0.0,0.0,0.0,10,87.5,0.0,0,262.0,0.0,0.0,0.0,0.0,0.0,5
2023-05-10 09:17:28,p2311-C-7600,p2311-C-7600,262.0,0.0,0.0,0.0,1,88.0,0.0,0,262.0,0.0,0.0,0.0,0.0,0.0,5
2023-05-10 09:17:28,p2311-C-7600,p2311-C-7600,262.0,0.0,0.0,0.0,10,88.5,0.0,0,262.0,0.0,0.0,0.0,0.0,0.0,5
2023-05-10 09:17:31,p2311-C-7600,p2311-C-7600,262.0,0.0,0.0,0.0,1,89.0,0.0,0,262.0,0.0,0.0,0.0,0.0,0.0,5
2023-05-10 09:17:31,p2311-C-7600,p2311-C-7600,262.0,0.0,0.0,0.0,10,89.5,0.0,0,262.0,0.0,0.0,0.0,0.0,0.0,5
2023-05-10 09:17:33,p2311-C-7600,p2311-C-7600,262.0,0.0,0.0,0.0,1,90.0,0.0,0,262.0,0.0,0.0,0.0,0.0,0.0,5
2023-05-10 09:17:33,p2311-C-7600,p2311-C-7600,262.0,0.0,0.0,0.0,10,90.5,0.0,0,262.0,0.0,0.0,0.0,0.0,0.0,5
2023-05-10 09:17:34,p2311-C-7600,p2311-C-7600,262.0,0.0,0.0,0.0,1,91.0,0.0,0,262.0,0.0,0.0,0.0,0.0,0.0,5
2023-05-10 09:17:34,p2311-C-7600,p2311-C-7600,262.0,0.0,0.0,0.0,10,91.5,0.0,0,262.0,0.0,0.0,0.0,0.0,0.0,5
2023-05-10 09:17:36,p2311-C-7600,p2311-C-7600,262.0,0.0,0.0,0.0,1,92.0,0.0,0,262.0,0.0,0.0,0.0,0.0,0.0,5
2023-05-10 09:17:36,p2311-C-7600,p2311-C-7600,262.0,0.0,0.0,0.0,10,92.5,0.0,0,262.0,0.0,0.0,0.0,0.0,0.0,5
2023-05-10 09:17:38,p2311-C-7600,p2311-C-7600,262.0,0.0,0.0,0.0,1,93.0,0.0,0,262.0,0.0,0.0,0.0,0.0,0.0,5
2023-05-10 09:17:38,p2311-C-7600,p2311-C-7600,262.0,0.0,0.0,0.0,10,93.5,0.0,0,262.0,0.0,0.0,0.0,0.0,0.0,5
2023-05-10 09:17:39,p2311-C-7600,p2311-C-7600,262.0,0.0,0.0,0.0,1,94.0,0.0,0,262.0,0.0,0.0,0.0,0.0,0.0,5
2023-05-10 09:17:39,p2311-C-7600,p2311-C-7600,262.0,0.0,0.0,0.0,10,94.5,0.0,0,262.0,0.0,0.0,0.0,0.0,0.0,5
2023-05-10 09:17:41,p2311-C-7600,p2311-C-7600,262.0,0.0,0.0,0.0,1,95.0,0.0,0,262.0,0.0,0.0,0.0,0.0,0.0,5
2023-05-10 09:17:41,p2311-C-7600,p2311-C-7600,262.0,0.0,0.0,0.0,10,95.5,0.0,0,262.0,0.0,0.0,0.0,0.0,0.0,5
2023-05-10 09:17:43,p2311-C-7600,p2311-C-7600,262.0,0.0,0.0,0.0,1,96.0,0.0,0,262.0,0.0,0.0,0.0,0.0,0.0,5
2023-05-10 09:17:43,p2311-C-7600,p2311-C-7600,262.0,0.0,0.0,0.0,10,96.5,0.0,0,262.0,0.0,0.0,0.0,0.0,0.0,5
2023-05-10 09:17:44,p2311-C-7600,p2311-C-7600,262.0,0.0,0.0,0.0,1,97.0,0.0,0,262.0,0.0,0.0,0.0,0.0,0.0,5
2023-05-10 09:17:44,p2311-C-7600,p2311-C-7600,262.0,0.0,0.0,0.0,10,97.5,0.0,0,262.0,0.0,0.0,0.0,0.0,0.0,5
2023-05-10 09:17:46,p2311-C-7600,p2311-C-7600,262.0,0.0,0.0,0.0,1,98.0,0.0,0,262.0,0.0,0.0,0.0,0.0,0.0,5
2023-05-10 09:17:46,p2311-C-7600,p2311-C-7600,262.0,0.0,0.0,0.0,10,98.5,0.0,0,262.0,0.0,0.0,0.0,0.0,0.0,5
2023-05-10 09:17:48,p2311-C-7600,p2311-C-7600,262.0,0.0,0.0,0.0,10,99.5,0.0,0,262.0,0.0,0.0,0.0,0.0,0.0,5
2023-05-10 09:17:49,p2311-C-7600,p2311-C-7600,262.0,0.0,0.0,0.0,1,100.0,0.0,0,262.0,0.0,0.0,0.0,0.0,0.0,5
2023-05-10 09:17:49,p2311-C-7600,p2311-C-7600,262.0,0.0,0.0,0.0,10,100.5,0.0,0,262.0,0.0,0.0,0.0,0.0,0.0,5
2023-05-10 09:17:51,p2311-C-7600,p2311-C-7600,262.0,0.0,0.0,0.0,1,101.0,0.0,0,262.0,0.0,0.0,0.0,0.0,0.0,5
2023-05-10 09:17:51,p2311-C-7600,p2311-C-7600,262.0,0.0,0.0,0.0,10,101.5,0.0,0,262.0,0.0,0.0,0.0,0.0,0.0,5
2023-05-10 09:17:53,p2311-C-7600,p2311-C-7600,262.0,0.0,0.0,0.0,10,102.5,0.0,0,262.0,0.0,0.0,0.0,0.0,0.0,5
2023-05-10 09:17:54,p2311-C-7600,p2311-C-7600,262.0,0.0,0.0,0.0,1,103.0,0.0,0,262.0,0.0,0.0,0.0,0.0,0.0,5
2023-05-10 09:17:54,p2311-C-7600,p2311-C-7600,262.0,0.0,0.0,0.0,10,103.5,0.0,0,262.0,0.0,0.0,0.0,0.0,0.0,5
2023-05-10 09:17:56,p2311-C-7600,p2311-C-7600,262.0,0.0,0.0,0.0,1,104.0,0.0,0,262.0,0.0,0.0,0.0,0.0,0.0,5
2023-05-10 09:17:56,p2311-C-7600,p2311-C-7600,262.0,0.0,0.0,0.0,10,104.5,0.0,0,262.0,0.0,0.0,0.0,0.0,0.0,5
2023-05-10 09:17:57,p2311-C-7600,p2311-C-7600,262.0,0.0,0.0,0.0,1,105.0,0.0,0,262.0,0.0,0.0,0.0,0.0,0.0,5
2023-05-10 09:17:57,p2311-C-7600,p2311-C-7600,262.0,0.0,0.0,0.0,10,105.5,0.0,0,262.0,0.0,0.0,0.0,0.0,0.0,5
2023-05-10 09:17:59,p2311-C-7600,p2311-C-7600,262.0,0.0,0.0,0.0,1,106.0,0.0,0,262.0,0.0,0.0,0.0,0.0,0.0,5
2023-05-10 09:17:59,p2311-C-7600,p2311-C-7600,262.0,0.0,0.0,0.0,10,106.5,0.0,0,262.0,0.0,0.0,0.0,0.0,0.0,5
2023-05-10 09:18:01,p2311-C-7600,p2311-C-7600,262.0,0.0,0.0,0.0,1,107.0,0.0,0,262.0,0.0,0.0,0.0,0.0,0.0,5
2023-05-10 09:18:01,p2311-C-7600,p2311-C-7600,262.0,0.0,0.0,0.0,10,107.5,0.0,0,262.0,0.0,0.0,0.0,0.0,0.0,5
2023-05-10 09:18:02,p2311-C-7600,p2311-C-7600,262.0,0.0,0.0,0.0,1,108.0,0.0,0,262.0,0.0,0.0,0.0,0.0,0.0,5
2023-05-10 09:18:02,p2311-C-7600,p2311-C-7600,262.0,0.0,0.0,0.0,10,108.5,0.0,0,262.0,0.0,0.0,0.0,0.0,0.0,5
2023-05-10 09:18:04,p2311-C-7600,p2311-C-7600,262.0,0.0,0.0,0.0,1,109.0,0.0,0,262.0,0.0,0.0,0.0,0.0,0.0,5
2023-05-10 09:18:04,p2311-C-7600,p2311-C-7600,262.0,0.0,0.0,0.0,10,109.5,0.0,0,262.0,0.0,0.0,0.0,0.0,0.0,5
2023-05-10 09:18:05,p2311-C-7600,p2311-C-7600,262.0,0.0,0.0,0.0,1,110.0,0.0,0,262.0,0.0,0.0,0.0,0.0,0.0,5
2023-05-10 09:18:05,p2311-C-7600,p2311-C-7600,262.0,0.0,0.0,0.0,10,110.5,0.0,0,262.0,0.0,0.0,0.0,0.0,0.0,5
2023-05-10 09:18:07,p2311-C-7600,p2311-C-7600,262.0,0.0,0.0,0.0,1,111.0,0.0,0,262.0,0.0,0.0,0.0,0.0,0.0,5
2023-05-10 09:18:07,p2311-C-7600,p2311-C-7600,262.0,0.0,0.0,0.0,10,111.5,0.0,0,262.0,0.0,0.0,0.0,0.0,0.0,5
2023-05-10 09:18:08,p2311-C-7600,p2311-C-7600,262.0,0.0,0.0,0.0,1,112.0,0.0,0,262.0,0.0,0.0,0.0,0.0,0.0,5
2023-05-10 09:18:08,p2311-C-7600,p2311-C-7600,262.0,0.0,0.0,0.0,10,112.5,0.0,0,262.0,0.0,0.0,0.0,0.0,0.0,5
2023-05-10 09:18:10,p2311-C-7600,p2311-C-7600,262.0,0.0,0.0,0.0,1,113.0,0.0,0,262.0,0.0,0.0,0.0,0.0,0.0,5
2023-05-10 09:18:10,p2311-C-7600,p2311-C-7600,262.0,0.0,0.0,0.0,10,113.5,0.0,0,262.0,0.0,0.0,0.0,0.0,0.0,5
2023-05-10 09:18:12,p2311-C-7600,p2311-C-7600,262.0,0.0,0.0,0.0,1,114.0,0.0,0,262.0,0.0,0.0,0.0,0.0,0.0,5
2023-05-10 09:18:12,p2311-C-7600,p2311-C-7600,262.0,0.0,0.0,0.0,10,114.5,0.0,0,262.0,0.0,0.0,0.0,0.0,0.0,5
2023-05-10 09:18:13,p2311-C-7600,p2311-C-7600,262.0,0.0,0.0,0.0,1,115.0,0.0,0,262.0,0.0,0.0,0.0,0.0,0.0,5
2023-05-10 09:18:13,p2311-C-7600,p2311-C-7600,262.0,0.0,0.0,0.0,10,115.5,0.0,0,262.0,0.0,0.0,0.0,0.0,0.0,5
2023-05-10 09:18:16,p2311-C-7600,p2311-C-7600,262.0,0.0,0.0,0.0,1,116.0,0.0,0,262.0,0.0,0.0,0.0,0.0,0.0,5
2023-05-10 09:18:16,p2311-C-7600,p2311-C-7600,262.0,0.0,0.0,0.0,10,116.5,0.0,0,262.0,0.0,0.0,0.0,0.0,0.0,5
2023-05-10 09:18:18,p2311-C-7600,p2311-C-7600,262.0,0.0,0.0,0.0,1,117.0,0.0,0,262.0,0.0,0.0,0.0,0.0,0.0,5
2023-05-10 09:18:18,p2311-C-7600,p2311-C-7600,262.0,0.0,0.0,0.0,10,117.5,0.0,0,262.0,0.0,0.0,0.0,0.0,0.0,5
2023-05-10 09:18:19,p2311-C-7600,p2311-C-7600,262.0,0.0,0.0,0.0,1,118.0,0.0,0,262.0,0.0,0.0,0.0,0.0,0.0,5
2023-05-10 09:18:19,p2311-C-7600,p2311-C-7600,262.0,0.0,0.0,0.0,10,118.5,0.0,0,262.0,0.0,0.0,0.0,0.0,0.0,5
2023-05-10 09:18:21,p2311-C-7600,p2311-C-7600,262.0,0.0,0.0,0.0,1,119.0,0.0,0,262.0,0.0,0.0,0.0,0.0,0.0,5
2023-05-10 09:18:21,p2311-C-7600,p2311-C-7600,262.0,0.0,0.0,0.0,10,119.5,0.0,0,262.0,0.0,0.0,0.0,0.0,0.0,5
2023-05-10 09:18:22,p2311-C-7600,p2311-C-7600,262.0,0.0,0.0,0.0,1,120.0,0.0,0,262.0,0.0,0.0,0.0,0.0,0.0,5
2023-05-10 09:18:22,p2311-C-7600,p2311-C-7600,262.0,0.0,0.0,0.0,10,120.5,0.0,0,262.0,0.0,0.0,0.0,0.0,0.0,5
2023-05-10 09:18:23,p2311-C-7600,p2311-C-7600,262.0,0.0,0.0,0.0,1,121.0,0.0,0,262.0,0.0,0.0,0.0,0.0,0.0,5
2023-05-10 09:18:23,p2311-C-7600,p2311-C-7600,262.0,0.0,0.0,0.0,10,121.5,0.0,0,262.0,0.0,0.0,0.0,0.0,0.0,5
2023-05-10 09:18:25,p2311-C-7600,p2311-C-7600,262.0,0.0,0.0,0.0,1,122.0,0.0,0,262.0,0.0,0.0,0.0,0.0,0.0,5
2023-05-10 09:18:25,p2311-C-7600,p2311-C-7600,262.0,0.0,0.0,0.0,10,122.5,0.0,0,262.0,0.0,0.0,0.0,0.0,0.0,5
2023-05-10 09:18:26,p2311-C-7600,p2311-C-7600,262.0,0.0,0.0,0.0,1,123.0,0.0,0,262.0,0.0,0.0,0.0,0.0,0.0,5
2023-05-10 09:18:26,p2311-C-7600,p2311-C-7600,262.0,0.0,0.0,0.0,10,123.5,0.0,0,262.0,0.0,0.0,0.0,0.0,0.0,5
2023-05-10 09:18:27,p2311-C-7600,p2311-C-7600,262.0,0.0,0.0,0.0,1,124.0,0.0,0,262.0,0.0,0.0,0.0,0.0,0.0,5
2023-05-10 09:18:27,p2311-C-7600,p2311-C-7600,262.0,0.0,0.0,0.0,10,124.5,0.0,0,262.0,0.0,0.0,0.0,0.0,0.0,5
2023-05-10 09:18:29,p2311-C-7600,p2311-C-7600,262.0,0.0,0.0,0.0,1,125.0,0.0,0,262.0,0.0,0.0,0.0,0.0,0.0,5
2023-05-10 09:18:29,p2311-C-7600,p2311-C-7600,262.0,0.0,0.0,0.0,10,125.5,0.0,0,262.0,0.0,0.0,0.0,0.0,0.0,5
2023-05-10 09:18:30,p2311-C-7600,p2311-C-7600,262.0,0.0,0.0,0.0,1,126.0,0.0,0,262.0,0.0,0.0,0.0,0.0,0.0,5
2023-05-10 09:18:30,p2311-C-7600,p2311-C-7600,262.0,0.0,0.0,0.0,10,126.5,0.0,0,262.0,0.0,0.0,0.0,0.0,0.0,5
2023-05-10 09:18:32,p2311-C-7600,p2311-C-7600,262.0,0.0,0.0,0.0,1,127.0,0.0,0,262.0,0.0,0.0,0.0,0.0,0.0,5
2023-05-10 09:18:32,p2311-C-7600,p2311-C-7600,262.0,0.0,0.0,0.0,10,127.5,0.0,0,262.0,0.0,0.0,0.0,0.0,0.0,5
2023-05-10 09:18:33,p2311-C-7600,p2311-C-7600,262.0,0.0,0.0,0.0,1,128.0,0.0,0,262.0,0.0,0.0,0.0,0.0,0.0,5
2023-05-10 09:18:33,p2311-C-7600,p2311-C-7600,262.0,0.0,0.0,0.0,10,128.5,0.0,0,262.0,0.0,0.0,0.0,0.0,0.0,5
2023-05-10 09:18:35,p2311-C-7600,p2311-C-7600,262.0,0.0,0.0,0.0,1,129.0,0.0,0,262.0,0.0,0.0,0.0,0.0,0.0,5
2023-05-10 09:18:35,p2311-C-7600,p2311-C-7600,262.0,0.0,0.0,0.0,10,129.5,0.0,0,262.0,0.0,0.0,0.0,0.0,0.0,5
2023-05-10 09:18:36,p2311-C-7600,p2311-C-7600,262.0,0.0,0.0,0.0,1,130.0,0.0,0,262.0,0.0,0.0,0.0,0.0,0.0,5
2023-05-10 09:18:36,p2311-C-7600,p2311-C-7600,262.0,0.0,0.0,0.0,10,130.5,0.0,0,262.0,0.0,0.0,0.0,0.0,0.0,5
2023-05-10 09:18:37,p2311-C-7600,p2311-C-7600,262.0,0.0,0.0,0.0,1,131.0,0.0,0,262.0,0.0,0.0,0.0,0.0,0.0,5
2023-05-10 09:18:37,p2311-C-7600,p2311-C-7600,262.0,0.0,0.0,0.0,10,131.5,0.0,0,262.0,0.0,0.0,0.0,0.0,0.0,5
2023-05-10 10:14:32,p2311-C-7600,p2311-C-7600,262.0,0.0,0.0,0.0,1,27.0,0.0,0,262.0,0.0,0.0,0.0,0.0,0.0,5
2023-05-10 10:30:23,p2311-C-7600,p2311-C-7600,262.0,0.0,0.0,0.0,10,27.5,0.0,0,262.0,0.0,0.0,0.0,0.0,0.0,5
2023-05-10 10:30:44,p2311-C-7600,p2311-C-7600,262.0,0.0,0.0,0.0,1,28.0,0.0,0,262.0,0.0,0.0,0.0,0.0,0.0,5
2023-05-10 10:30:44,p2311-C-7600,p2311-C-7600,262.0,0.0,0.0,0.0,10,28.5,0.0,0,262.0,0.0,0.0,0.0,0.0,0.0,5
2023-05-10 10:31:34,p2311-C-7600,p2311-C-7600,262.0,0.0,0.0,0.0,1,29.0,0.0,0,262.0,0.0,0.0,0.0,0.0,0.0,5
2023-05-10 10:31:34,p2311-C-7600,p2311-C-7600,262.0,0.0,0.0,0.0,10,29.5,0.0,0,262.0,0.0,0.0,0.0,0.0,0.0,5
2023-05-10 10:31:54,p2311-C-7600,p2311-C-7600,262.0,0.0,0.0,0.0,1,30.0,0.0,0,262.0,0.0,0.0,0.0,0.0,0.0,5
2023-05-10 10:31:54,p2311-C-7600,p2311-C-7600,262.0,0.0,0.0,0.0,10,30.5,0.0,0,262.0,0.0,0.0,0.0,0.0,0.0,5
2023-05-10 10:33:30,p2311-C-7600,p2311-C-7600,262.0,0.0,0.0,0.0,1,31.0,0.0,0,262.0,0.0,0.0,0.0,0.0,0.0,5
2023-05-10 10:33:30,p2311-C-7600,p2311-C-7600,262.0,0.0,0.0,0.0,10,31.5,0.0,0,262.0,0.0,0.0,0.0,0.0,0.0,5
2023-05-10 10:34:46,p2311-C-7600,p2311-C-7600,262.0,0.0,0.0,0.0,1,32.0,0.0,0,262.0,0.0,0.0,0.0,0.0,0.0,5
2023-05-10 10:34:46,p2311-C-7600,p2311-C-7600,262.0,0.0,0.0,0.0,10,32.5,0.0,0,262.0,0.0,0.0,0.0,0.0,0.0,5
2023-05-10 10:34:54,p2311-C-7600,p2311-C-7600,262.0,0.0,0.0,0.0,1,33.0,0.0,0,262.0,0.0,0.0,0.0,0.0,0.0,5
2023-05-10 10:34:54,p2311-C-7600,p2311-C-7600,262.0,0.0,0.0,0.0,10,33.5,0.0,0,262.0,0.0,0.0,0.0,0.0,0.0,5
2023-05-10 10:34:58,p2311-C-7600,p2311-C-7600,262.0,0.0,0.0,0.0,1,34.0,0.0,0,262.0,0.0,0.0,0.0,0.0,0.0,5
2023-05-10 10:34:58,p2311-C-7600,p2311-C-7600,262.0,0.0,0.0,0.0,10,34.5,0.0,0,262.0,0.0,0.0,0.0,0.0,0.0,5
2023-05-10 10:35:00,p2311-C-7600,p2311-C-7600,262.0,0.0,0.0,0.0,1,35.0,0.0,0,262.0,0.0,0.0,0.0,0.0,0.0,5
2023-05-10 10:35:00,p2311-C-7600,p2311-C-7600,262.0,0.0,0.0,0.0,10,35.5,0.0,0,262.0,0.0,0.0,0.0,0.0,0.0,5
2023-05-10 10:35:03,p2311-C-7600,p2311-C-7600,262.0,0.0,0.0,0.0,1,36.0,0.0,0,262.0,0.0,0.0,0.0,0.0,0.0,5
2023-05-10 10:35:03,p2311-C-7600,p2311-C-7600,262.0,0.0,0.0,0.0,10,36.5,0.0,0,262.0,0.0,0.0,0.0,0.0,0.0,5
2023-05-10 10:35:04,p2311-C-7600,p2311-C-7600,262.0,0.0,0.0,0.0,1,37.0,0.0,0,262.0,0.0,0.0,0.0,0.0,0.0,5
2023-05-10 10:35:04,p2311-C-7600,p2311-C-7600,262.0,0.0,0.0,0.0,10,37.5,0.0,0,262.0,0.0,0.0,0.0,0.0,0.0,5
2023-05-10 10:35:06,p2311-C-7600,p2311-C-7600,262.0,0.0,0.0,0.0,1,38.0,0.0,0,262.0,0.0,0.0,0.0,0.0,0.0,5
2023-05-10 10:35:06,p2311-C-7600,p2311-C-7600,262.0,0.0,0.0,0.0,10,38.5,0.0,0,262.0,0.0,0.0,0.0,0.0,0.0,5
2023-05-10 10:35:08,p2311-C-7600,p2311-C-7600,262.0,0.0,0.0,0.0,1,39.0,0.0,0,262.0,0.0,0.0,0.0,0.0,0.0,5
2023-05-10 10:35:08,p2311-C-7600,p2311-C-7600,262.0,0.0,0.0,0.0,10,39.5,0.0,0,262.0,0.0,0.0,0.0,0.0,0.0,5
2023-05-10 10:35:09,p2311-C-7600,p2311-C-7600,262.0,0.0,0.0,0.0,1,40.0,0.0,0,262.0,0.0,0.0,0.0,0.0,0.0,5
2023-05-10 10:35:09,p2311-C-7600,p2311-C-7600,262.0,0.0,0.0,0.0,10,40.5,0.0,0,262.0,0.0,0.0,0.0,0.0,0.0,5
2023-05-10 10:35:11,p2311-C-7600,p2311-C-7600,262.0,0.0,0.0,0.0,1,41.0,0.0,0,262.0,0.0,0.0,0.0,0.0,0.0,5
2023-05-10 10:35:11,p2311-C-7600,p2311-C-7600,262.0,0.0,0.0,0.0,10,41.5,0.0,0,262.0,0.0,0.0,0.0,0.0,0.0,5
2023-05-10 10:35:12,p2311-C-7600,p2311-C-7600,262.0,0.0,0.0,0.0,1,42.0,0.0,0,262.0,0.0,0.0,0.0,0.0,0.0,5
2023-05-10 10:35:12,p2311-C-7600,p2311-C-7600,262.0,0.0,0.0,0.0,10,42.5,0.0,0,262.0,0.0,0.0,0.0,0.0,0.0,5
2023-05-10 10:35:14,p2311-C-7600,p2311-C-7600,262.0,0.0,0.0,0.0,1,43.0,0.0,0,262.0,0.0,0.0,0.0,0.0,0.0,5
2023-05-10 10:35:14,p2311-C-7600,p2311-C-7600,262.0,0.0,0.0,0.0,10,43.5,0.0,0,262.0,0.0,0.0,0.0,0.0,0.0,5
2023-05-10 10:35:15,p2311-C-7600,p2311-C-7600,262.0,0.0,0.0,0.0,1,44.0,0.0,0,262.0,0.0,0.0,0.0,0.0,0.0,5
2023-05-10 10:35:15,p2311-C-7600,p2311-C-7600,262.0,0.0,0.0,0.0,10,44.5,0.0,0,262.0,0.0,0.0,0.0,0.0,0.0,5
2023-05-10 10:35:16,p2311-C-7600,p2311-C-7600,262.0,0.0,0.0,0.0,1,45.0,0.0,0,262.0,0.0,0.0,0.0,0.0,0.0,5
2023-05-10 10:35:16,p2311-C-7600,p2311-C-7600,262.0,0.0,0.0,0.0,10,45.5,0.0,0,262.0,0.0,0.0,0.0,0.0,0.0,5
2023-05-10 10:35:18,p2311-C-7600,p2311-C-7600,262.0,0.0,0.0,0.0,1,46.0,0.0,0,262.0,0.0,0.0,0.0,0.0,0.0,5
2023-05-10 10:35:18,p2311-C-7600,p2311-C-7600,262.0,0.0,0.0,0.0,10,46.5,0.0,0,262.0,0.0,0.0,0.0,0.0,0.0,5
2023-05-10 10:35:20,p2311-C-7600,p2311-C-7600,262.0,0.0,0.0,0.0,1,47.0,0.0,0,262.0,0.0,0.0,0.0,0.0,0.0,5
2023-05-10 10:35:20,p2311-C-7600,p2311-C-7600,262.0,0.0,0.0,0.0,10,47.5,0.0,0,262.0,0.0,0.0,0.0,0.0,0.0,5
2023-05-10 10:35:22,p2311-C-7600,p2311-C-7600,262.0,0.0,0.0,0.0,1,48.0,0.0,0,262.0,0.0,0.0,0.0,0.0,0.0,5
2023-05-10 10:35:22,p2311-C-7600,p2311-C-7600,262.0,0.0,0.0,0.0,10,48.5,0.0,0,262.0,0.0,0.0,0.0,0.0,0.0,5
2023-05-10 10:35:24,p2311-C-7600,p2311-C-7600,262.0,0.0,0.0,0.0,1,49.0,0.0,0,262.0,0.0,0.0,0.0,0.0,0.0,5
2023-05-10 10:35:24,p2311-C-7600,p2311-C-7600,262.0,0.0,0.0,0.0,10,49.5,0.0,0,262.0,0.0,0.0,0.0,0.0,0.0,5
2023-05-10 10:35:28,p2311-C-7600,p2311-C-7600,262.0,0.0,0.0,0.0,1,50.0,0.0,0,262.0,0.0,0.0,0.0,0.0,0.0,5
2023-05-10 10:35:28,p2311-C-7600,p2311-C-7600,262.0,0.0,0.0,0.0,10,50.5,0.0,0,262.0,0.0,0.0,0.0,0.0,0.0,5
2023-05-10 10:35:29,p2311-C-7600,p2311-C-7600,262.0,0.0,0.0,0.0,1,51.0,0.0,0,262.0,0.0,0.0,0.0,0.0,0.0,5
2023-05-10 10:35:29,p2311-C-7600,p2311-C-7600,262.0,0.0,0.0,0.0,10,51.5,0.0,0,262.0,0.0,0.0,0.0,0.0,0.0,5
2023-05-10 10:35:31,p2311-C-7600,p2311-C-7600,262.0,0.0,0.0,0.0,1,52.0,0.0,0,262.0,0.0,0.0,0.0,0.0,0.0,5
2023-05-10 10:35:31,p2311-C-7600,p2311-C-7600,262.0,0.0,0.0,0.0,10,52.5,0.0,0,262.0,0.0,0.0,0.0,0.0,0.0,5
2023-05-10 10:35:32,p2311-C-7600,p2311-C-7600,262.0,0.0,0.0,0.0,1,53.0,0.0,0,262.0,0.0,0.0,0.0,0.0,0.0,5
2023-05-10 10:35:32,p2311-C-7600,p2311-C-7600,262.0,0.0,0.0,0.0,10,53.5,0.0,0,262.0,0.0,0.0,0.0,0.0,0.0,5
2023-05-10 10:35:33,p2311-C-7600,p2311-C-7600,262.0,0.0,0.0,0.0,1,54.0,0.0,0,262.0,0.0,0.0,0.0,0.0,0.0,5
2023-05-10 10:35:33,p2311-C-7600,p2311-C-7600,262.0,0.0,0.0,0.0,10,54.5,0.0,0,262.0,0.0,0.0,0.0,0.0,0.0,5
2023-05-10 10:35:34,p2311-C-7600,p2311-C-7600,262.0,0.0,0.0,0.0,1,55.0,0.0,0,262.0,0.0,0.0,0.0,0.0,0.0,5
2023-05-10 10:35:34,p2311-C-7600,p2311-C-7600,262.0,0.0,0.0,0.0,10,55.5,0.0,0,262.0,0.0,0.0,0.0,0.0,0.0,5
2023-05-10 10:35:36,p2311-C-7600,p2311-C-7600,262.0,0.0,0.0,0.0,1,56.0,0.0,0,262.0,0.0,0.0,0.0,0.0,0.0,5
2023-05-10 10:35:36,p2311-C-7600,p2311-C-7600,262.0,0.0,0.0,0.0,10,56.5,0.0,0,262.0,0.0,0.0,0.0,0.0,0.0,5
2023-05-10 10:35:37,p2311-C-7600,p2311-C-7600,262.0,0.0,0.0,0.0,1,57.0,0.0,0,262.0,0.0,0.0,0.0,0.0,0.0,5
2023-05-10 10:35:37,p2311-C-7600,p2311-C-7600,262.0,0.0,0.0,0.0,10,57.5,0.0,0,262.0,0.0,0.0,0.0,0.0,0.0,5
2023-05-10 10:35:38,p2311-C-7600,p2311-C-7600,262.0,0.0,0.0,0.0,1,58.0,0.0,0,262.0,0.0,0.0,0.0,0.0,0.0,5
2023-05-10 10:35:38,p2311-C-7600,p2311-C-7600,262.0,0.0,0.0,0.0,10,58.5,0.0,0,262.0,0.0,0.0,0.0,0.0,0.0,5
2023-05-10 10:35:40,p2311-C-7600,p2311-C-7600,262.0,0.0,0.0,0.0,1,59.0,0.0,0,262.0,0.0,0.0,0.0,0.0,0.0,5
2023-05-10 10:35:40,p2311-C-7600,p2311-C-7600,262.0,0.0,0.0,0.0,10,59.5,0.0,0,262.0,0.0,0.0,0.0,0.0,0.0,5
2023-05-10 10:35:41,p2311-C-7600,p2311-C-7600,262.0,0.0,0.0,0.0,1,60.0,0.0,0,262.0,0.0,0.0,0.0,0.0,0.0,5
2023-05-10 10:35:41,p2311-C-7600,p2311-C-7600,262.0,0.0,0.0,0.0,10,60.5,0.0,0,262.0,0.0,0.0,0.0,0.0,0.0,5
2023-05-10 10:35:42,p2311-C-7600,p2311-C-7600,262.0,0.0,0.0,0.0,1,61.0,0.0,0,262.0,0.0,0.0,0.0,0.0,0.0,5
2023-05-10 10:35:42,p2311-C-7600,p2311-C-7600,262.0,0.0,0.0,0.0,10,61.5,0.0,0,262.0,0.0,0.0,0.0,0.0,0.0,5
2023-05-10 10:35:44,p2311-C-7600,p2311-C-7600,262.0,0.0,0.0,0.0,1,62.0,0.0,0,262.0,0.0,0.0,0.0,0.0,0.0,5
2023-05-10 10:35:44,p2311-C-7600,p2311-C-7600,262.0,0.0,0.0,0.0,10,62.5,0.0,0,262.0,0.0,0.0,0.0,0.0,0.0,5
2023-05-10 10:35:45,p2311-C-7600,p2311-C-7600,262.0,0.0,0.0,0.0,1,63.0,0.0,0,262.0,0.0,0.0,0.0,0.0,0.0,5
2023-05-10 10:35:45,p2311-C-7600,p2311-C-7600,262.0,0.0,0.0,0.0,10,63.5,0.0,0,262.0,0.0,0.0,0.0,0.0,0.0,5
2023-05-10 10:35:46,p2311-C-7600,p2311-C-7600,262.0,0.0,0.0,0.0,1,64.0,0.0,0,262.0,0.0,0.0,0.0,0.0,0.0,5
2023-05-10 10:35:46,p2311-C-7600,p2311-C-7600,262.0,0.0,0.0,0.0,10,64.5,0.0,0,262.0,0.0,0.0,0.0,0.0,0.0,5
2023-05-10 10:35:48,p2311-C-7600,p2311-C-7600,262.0,0.0,0.0,0.0,1,65.0,0.0,0,262.0,0.0,0.0,0.0,0.0,0.0,5
2023-05-10 10:35:48,p2311-C-7600,p2311-C-7600,262.0,0.0,0.0,0.0,10,65.5,0.0,0,262.0,0.0,0.0,0.0,0.0,0.0,5
2023-05-10 10:35:49,p2311-C-7600,p2311-C-7600,262.0,0.0,0.0,0.0,1,66.0,0.0,0,262.0,0.0,0.0,0.0,0.0,0.0,5
2023-05-10 10:35:49,p2311-C-7600,p2311-C-7600,262.0,0.0,0.0,0.0,10,66.5,0.0,0,262.0,0.0,0.0,0.0,0.0,0.0,5
2023-05-10 10:35:50,p2311-C-7600,p2311-C-7600,262.0,0.0,0.0,0.0,1,67.0,0.0,0,262.0,0.0,0.0,0.0,0.0,0.0,5
2023-05-10 10:35:50,p2311-C-7600,p2311-C-7600,262.0,0.0,0.0,0.0,10,67.5,0.0,0,262.0,0.0,0.0,0.0,0.0,0.0,5
2023-05-10 10:35:52,p2311-C-7600,p2311-C-7600,262.0,0.0,0.0,0.0,1,68.0,0.0,0,262.0,0.0,0.0,0.0,0.0,0.0,5
2023-05-10 10:35:52,p2311-C-7600,p2311-C-7600,262.0,0.0,0.0,0.0,10,68.5,0.0,0,262.0,0.0,0.0,0.0,0.0,0.0,5
2023-05-10 10:35:53,p2311-C-7600,p2311-C-7600,262.0,0.0,0.0,0.0,1,69.0,0.0,0,262.0,0.0,0.0,0.0,0.0,0.0,5
2023-05-10 10:35:53,p2311-C-7600,p2311-C-7600,262.0,0.0,0.0,0.0,10,69.5,0.0,0,262.0,0.0,0.0,0.0,0.0,0.0,5
2023-05-10 10:35:54,p2311-C-7600,p2311-C-7600,262.0,0.0,0.0,0.0,1,70.0,0.0,0,262.0,0.0,0.0,0.0,0.0,0.0,5
2023-05-10 10:35:54,p2311-C-7600,p2311-C-7600,262.0,0.0,0.0,0.0,10,70.5,0.0,0,262.0,0.0,0.0,0.0,0.0,0.0,5
2023-05-10 10:35:55,p2311-C-7600,p2311-C-7600,262.0,0.0,0.0,0.0,1,71.0,0.0,0,262.0,0.0,0.0,0.0,0.0,0.0,5
2023-05-10 10:35:55,p2311-C-7600,p2311-C-7600,262.0,0.0,0.0,0.0,10,71.5,0.0,0,262.0,0.0,0.0,0.0,0.0,0.0,5
2023-05-10 10:35:57,p2311-C-7600,p2311-C-7600,262.0,0.0,0.0,0.0,1,72.0,0.0,0,262.0,0.0,0.0,0.0,0.0,0.0,5
2023-05-10 10:35:57,p2311-C-7600,p2311-C-7600,262.0,0.0,0.0,0.0,10,72.5,0.0,0,262.0,0.0,0.0,0.0,0.0,0.0,5
2023-05-10 10:35:58,p2311-C-7600,p2311-C-7600,262.0,0.0,0.0,0.0,1,73.0,0.0,0,262.0,0.0,0.0,0.0,0.0,0.0,5
2023-05-10 10:35:58,p2311-C-7600,p2311-C-7600,262.0,0.0,0.0,0.0,10,73.5,0.0,0,262.0,0.0,0.0,0.0,0.0,0.0,5
2023-05-10 10:35:59,p2311-C-7600,p2311-C-7600,262.0,0.0,0.0,0.0,1,74.0,0.0,0,262.0,0.0,0.0,0.0,0.0,0.0,5
2023-05-10 10:35:59,p2311-C-7600,p2311-C-7600,262.0,0.0,0.0,0.0,10,74.5,0.0,0,262.0,0.0,0.0,0.0,0.0,0.0,5
2023-05-10 10:36:01,p2311-C-7600,p2311-C-7600,262.0,0.0,0.0,0.0,1,75.0,0.0,0,262.0,0.0,0.0,0.0,0.0,0.0,5
2023-05-10 10:36:01,p2311-C-7600,p2311-C-7600,262.0,0.0,0.0,0.0,10,75.5,0.0,0,262.0,0.0,0.0,0.0,0.0,0.0,5
2023-05-10 10:36:02,p2311-C-7600,p2311-C-7600,262.0,0.0,0.0,0.0,1,76.0,0.0,0,262.0,0.0,0.0,0.0,0.0,0.0,5
2023-05-10 10:36:02,p2311-C-7600,p2311-C-7600,262.0,0.0,0.0,0.0,10,76.5,0.0,0,262.0,0.0,0.0,0.0,0.0,0.0,5
2023-05-10 10:36:03,p2311-C-7600,p2311-C-7600,262.0,0.0,0.0,0.0,1,77.0,0.0,0,262.0,0.0,0.0,0.0,0.0,0.0,5
2023-05-10 10:36:03,p2311-C-7600,p2311-C-7600,262.0,0.0,0.0,0.0,10,77.5,0.0,0,262.0,0.0,0.0,0.0,0.0,0.0,5
2023-05-10 10:36:05,p2311-C-7600,p2311-C-7600,262.0,0.0,0.0,0.0,1,78.0,0.0,0,262.0,0.0,0.0,0.0,0.0,0.0,5
2023-05-10 10:36:05,p2311-C-7600,p2311-C-7600,262.0,0.0,0.0,0.0,10,78.5,0.0,0,262.0,0.0,0.0,0.0,0.0,0.0,5
2023-05-10 10:36:06,p2311-C-7600,p2311-C-7600,262.0,0.0,0.0,0.0,1,79.0,0.0,0,262.0,0.0,0.0,0.0,0.0,0.0,5
2023-05-10 10:36:06,p2311-C-7600,p2311-C-7600,262.0,0.0,0.0,0.0,10,79.5,0.0,0,262.0,0.0,0.0,0.0,0.0,0.0,5
2023-05-10 10:36:07,p2311-C-7600,p2311-C-7600,262.0,0.0,0.0,0.0,1,80.0,0.0,0,262.0,0.0,0.0,0.0,0.0,0.0,5
2023-05-10 10:36:07,p2311-C-7600,p2311-C-7600,262.0,0.0,0.0,0.0,10,80.5,0.0,0,262.0,0.0,0.0,0.0,0.0,0.0,5
2023-05-10 10:36:09,p2311-C-7600,p2311-C-7600,262.0,0.0,0.0,0.0,1,81.0,0.0,0,262.0,0.0,0.0,0.0,0.0,0.0,5
2023-05-10 10:36:09,p2311-C-7600,p2311-C-7600,262.0,0.0,0.0,0.0,10,81.5,0.0,0,262.0,0.0,0.0,0.0,0.0,0.0,5
2023-05-10 10:36:10,p2311-C-7600,p2311-C-7600,262.0,0.0,0.0,0.0,1,82.0,0.0,0,262.0,0.0,0.0,0.0,0.0,0.0,5
2023-05-10 10:36:10,p2311-C-7600,p2311-C-7600,262.0,0.0,0.0,0.0,10,82.5,0.0,0,262.0,0.0,0.0,0.0,0.0,0.0,5
2023-05-10 10:36:11,p2311-C-7600,p2311-C-7600,262.0,0.0,0.0,0.0,1,83.0,0.0,0,262.0,0.0,0.0,0.0,0.0,0.0,5
2023-05-10 10:36:11,p2311-C-7600,p2311-C-7600,262.0,0.0,0.0,0.0,10,83.5,0.0,0,262.0,0.0,0.0,0.0,0.0,0.0,5
2023-05-10 10:36:13,p2311-C-7600,p2311-C-7600,262.0,0.0,0.0,0.0,1,84.0,0.0,0,262.0,0.0,0.0,0.0,0.0,0.0,5
2023-05-10 10:36:13,p2311-C-7600,p2311-C-7600,262.0,0.0,0.0,0.0,10,84.5,0.0,0,262.0,0.0,0.0,0.0,0.0,0.0,5
2023-05-10 10:36:14,p2311-C-7600,p2311-C-7600,262.0,0.0,0.0,0.0,1,85.0,0.0,0,262.0,0.0,0.0,0.0,0.0,0.0,5
2023-05-10 10:36:14,p2311-C-7600,p2311-C-7600,262.0,0.0,0.0,0.0,10,85.5,0.0,0,262.0,0.0,0.0,0.0,0.0,0.0,5
2023-05-10 10:36:15,p2311-C-7600,p2311-C-7600,262.0,0.0,0.0,0.0,1,86.0,0.0,0,262.0,0.0,0.0,0.0,0.0,0.0,5
2023-05-10 10:36:15,p2311-C-7600,p2311-C-7600,262.0,0.0,0.0,0.0,10,86.5,0.0,0,262.0,0.0,0.0,0.0,0.0,0.0,5
2023-05-10 10:36:17,p2311-C-7600,p2311-C-7600,262.0,0.0,0.0,0.0,1,87.0,0.0,0,262.0,0.0,0.0,0.0,0.0,0.0,5
2023-05-10 10:36:17,p2311-C-7600,p2311-C-7600,262.0,0.0,0.0,0.0,10,87.5,0.0,0,262.0,0.0,0.0,0.0,0.0,0.0,5
2023-05-10 10:36:18,p2311-C-7600,p2311-C-7600,262.0,0.0,0.0,0.0,1,88.0,0.0,0,262.0,0.0,0.0,0.0,0.0,0.0,5
2023-05-10 10:36:18,p2311-C-7600,p2311-C-7600,262.0,0.0,0.0,0.0,10,88.5,0.0,0,262.0,0.0,0.0,0.0,0.0,0.0,5
2023-05-10 10:36:19,p2311-C-7600,p2311-C-7600,262.0,0.0,0.0,0.0,1,89.0,0.0,0,262.0,0.0,0.0,0.0,0.0,0.0,5
2023-05-10 10:36:19,p2311-C-7600,p2311-C-7600,262.0,0.0,0.0,0.0,10,89.5,0.0,0,262.0,0.0,0.0,0.0,0.0,0.0,5
2023-05-10 10:36:21,p2311-C-7600,p2311-C-7600,262.0,0.0,0.0,0.0,1,90.0,0.0,0,262.0,0.0,0.0,0.0,0.0,0.0,5
2023-05-10 10:36:21,p2311-C-7600,p2311-C-7600,262.0,0.0,0.0,0.0,10,90.5,0.0,0,262.0,0.0,0.0,0.0,0.0,0.0,5
2023-05-10 10:36:22,p2311-C-7600,p2311-C-7600,262.0,0.0,0.0,0.0,1,91.0,0.0,0,262.0,0.0,0.0,0.0,0.0,0.0,5
2023-05-10 10:36:22,p2311-C-7600,p2311-C-7600,262.0,0.0,0.0,0.0,10,91.5,0.0,0,262.0,0.0,0.0,0.0,0.0,0.0,5
2023-05-10 10:36:24,p2311-C-7600,p2311-C-7600,262.0,0.0,0.0,0.0,1,92.0,0.0,0,262.0,0.0,0.0,0.0,0.0,0.0,5
2023-05-10 10:36:24,p2311-C-7600,p2311-C-7600,262.0,0.0,0.0,0.0,10,92.5,0.0,0,262.0,0.0,0.0,0.0,0.0,0.0,5
2023-05-10 10:36:25,p2311-C-7600,p2311-C-7600,262.0,0.0,0.0,0.0,1,93.0,0.0,0,262.0,0.0,0.0,0.0,0.0,0.0,5
2023-05-10 10:36:25,p2311-C-7600,p2311-C-7600,262.0,0.0,0.0,0.0,10,93.5,0.0,0,262.0,0.0,0.0,0.0,0.0,0.0,5
2023-05-10 10:36:26,p2311-C-7600,p2311-C-7600,262.0,0.0,0.0,0.0,1,94.0,0.0,0,262.0,0.0,0.0,0.0,0.0,0.0,5
2023-05-10 10:36:26,p2311-C-7600,p2311-C-7600,262.0,0.0,0.0,0.0,10,94.5,0.0,0,262.0,0.0,0.0,0.0,0.0,0.0,5
2023-05-10 10:36:28,p2311-C-7600,p2311-C-7600,262.0,0.0,0.0,0.0,1,95.0,0.0,0,262.0,0.0,0.0,0.0,0.0,0.0,5
2023-05-10 10:36:28,p2311-C-7600,p2311-C-7600,262.0,0.0,0.0,0.0,10,95.5,0.0,0,262.0,0.0,0.0,0.0,0.0,0.0,5
2023-05-10 10:36:29,p2311-C-7600,p2311-C-7600,262.0,0.0,0.0,0.0,1,96.0,0.0,0,262.0,0.0,0.0,0.0,0.0,0.0,5
2023-05-10 10:36:29,p2311-C-7600,p2311-C-7600,262.0,0.0,0.0,0.0,10,96.5,0.0,0,262.0,0.0,0.0,0.0,0.0,0.0,5
2023-05-10 10:36:30,p2311-C-7600,p2311-C-7600,262.0,0.0,0.0,0.0,1,97.0,0.0,0,262.0,0.0,0.0,0.0,0.0,0.0,5
2023-05-10 10:36:30,p2311-C-7600,p2311-C-7600,262.0,0.0,0.0,0.0,10,97.5,0.0,0,262.0,0.0,0.0,0.0,0.0,0.0,5
2023-05-10 10:36:31,p2311-C-7600,p2311-C-7600,262.0,0.0,0.0,0.0,1,98.0,0.0,0,262.0,0.0,0.0,0.0,0.0,0.0,5
2023-05-10 10:36:31,p2311-C-7600,p2311-C-7600,262.0,0.0,0.0,0.0,10,98.5,0.0,0,262.0,0.0,0.0,0.0,0.0,0.0,5
2023-05-10 10:36:33,p2311-C-7600,p2311-C-7600,262.0,0.0,0.0,0.0,1,99.0,0.0,0,262.0,0.0,0.0,0.0,0.0,0.0,5
2023-05-10 10:36:33,p2311-C-7600,p2311-C-7600,262.0,0.0,0.0,0.0,10,99.5,0.0,0,262.0,0.0,0.0,0.0,0.0,0.0,5
2023-05-10 10:36:34,p2311-C-7600,p2311-C-7600,262.0,0.0,0.0,0.0,1,100.0,0.0,0,262.0,0.0,0.0,0.0,0.0,0.0,5
2023-05-10 10:36:34,p2311-C-7600,p2311-C-7600,262.0,0.0,0.0,0.0,10,100.5,0.0,0,262.0,0.0,0.0,0.0,0.0,0.0,5
2023-05-10 10:36:35,p2311-C-7600,p2311-C-7600,262.0,0.0,0.0,0.0,1,101.0,0.0,0,262.0,0.0,0.0,0.0,0.0,0.0,5
2023-05-10 10:36:35,p2311-C-7600,p2311-C-7600,262.0,0.0,0.0,0.0,10,101.5,0.0,0,262.0,0.0,0.0,0.0,0.0,0.0,5
2023-05-10 10:36:37,p2311-C-7600,p2311-C-7600,262.0,0.0,0.0,0.0,1,102.0,0.0,0,262.0,0.0,0.0,0.0,0.0,0.0,5
2023-05-10 10:36:37,p2311-C-7600,p2311-C-7600,262.0,0.0,0.0,0.0,10,102.5,0.0,0,262.0,0.0,0.0,0.0,0.0,0.0,5
2023-05-10 10:36:38,p2311-C-7600,p2311-C-7600,262.0,0.0,0.0,0.0,1,103.0,0.0,0,262.0,0.0,0.0,0.0,0.0,0.0,5
2023-05-10 10:36:38,p2311-C-7600,p2311-C-7600,262.0,0.0,0.0,0.0,10,103.5,0.0,0,262.0,0.0,0.0,0.0,0.0,0.0,5
2023-05-10 10:36:39,p2311-C-7600,p2311-C-7600,262.0,0.0,0.0,0.0,1,104.0,0.0,0,262.0,0.0,0.0,0.0,0.0,0.0,5
2023-05-10 10:36:39,p2311-C-7600,p2311-C-7600,262.0,0.0,0.0,0.0,10,104.5,0.0,0,262.0,0.0,0.0,0.0,0.0,0.0,5
2023-05-10 10:36:40,p2311-C-7600,p2311-C-7600,262.0,0.0,0.0,0.0,1,105.0,0.0,0,262.0,0.0,0.0,0.0,0.0,0.0,5
2023-05-10 10:36:40,p2311-C-7600,p2311-C-7600,262.0,0.0,0.0,0.0,10,105.5,0.0,0,262.0,0.0,0.0,0.0,0.0,0.0,5
2023-05-10 10:36:42,p2311-C-7600,p2311-C-7600,262.0,0.0,0.0,0.0,1,106.0,0.0,0,262.0,0.0,0.0,0.0,0.0,0.0,5
2023-05-10 10:36:42,p2311-C-7600,p2311-C-7600,262.0,0.0,0.0,0.0,10,106.5,0.0,0,262.0,0.0,0.0,0.0,0.0,0.0,5
2023-05-10 10:36:44,p2311-C-7600,p2311-C-7600,262.0,0.0,0.0,0.0,1,107.0,0.0,0,262.0,0.0,0.0,0.0,0.0,0.0,5
2023-05-10 10:36:44,p2311-C-7600,p2311-C-7600,262.0,0.0,0.0,0.0,10,107.5,0.0,0,262.0,0.0,0.0,0.0,0.0,0.0,5
2023-05-10 10:36:45,p2311-C-7600,p2311-C-7600,262.0,0.0,0.0,0.0,1,108.0,0.0,0,262.0,0.0,0.0,0.0,0.0,0.0,5
2023-05-10 10:36:45,p2311-C-7600,p2311-C-7600,262.0,0.0,0.0,0.0,10,108.5,0.0,0,262.0,0.0,0.0,0.0,0.0,0.0,5
2023-05-10 10:36:46,p2311-C-7600,p2311-C-7600,262.0,0.0,0.0,0.0,1,109.0,0.0,0,262.0,0.0,0.0,0.0,0.0,0.0,5
2023-05-10 10:36:46,p2311-C-7600,p2311-C-7600,262.0,0.0,0.0,0.0,10,109.5,0.0,0,262.0,0.0,0.0,0.0,0.0,0.0,5
2023-05-10 10:36:48,p2311-C-7600,p2311-C-7600,262.0,0.0,0.0,0.0,1,110.0,0.0,0,262.0,0.0,0.0,0.0,0.0,0.0,5
2023-05-10 10:36:48,p2311-C-7600,p2311-C-7600,262.0,0.0,0.0,0.0,10,110.5,0.0,0,262.0,0.0,0.0,0.0,0.0,0.0,5
2023-05-10 10:36:49,p2311-C-7600,p2311-C-7600,262.0,0.0,0.0,0.0,1,111.0,0.0,0,262.0,0.0,0.0,0.0,0.0,0.0,5
2023-05-10 10:36:49,p2311-C-7600,p2311-C-7600,262.0,0.0,0.0,0.0,10,111.5,0.0,0,262.0,0.0,0.0,0.0,0.0,0.0,5
2023-05-10 10:36:51,p2311-C-7600,p2311-C-7600,262.0,0.0,0.0,0.0,1,112.0,0.0,0,262.0,0.0,0.0,0.0,0.0,0.0,5
2023-05-10 10:36:51,p2311-C-7600,p2311-C-7600,262.0,0.0,0.0,0.0,10,112.5,0.0,0,262.0,0.0,0.0,0.0,0.0,0.0,5
2023-05-10 10:36:52,p2311-C-7600,p2311-C-7600,262.0,0.0,0.0,0.0,1,113.0,0.0,0,262.0,0.0,0.0,0.0,0.0,0.0,5
2023-05-10 10:36:52,p2311-C-7600,p2311-C-7600,262.0,0.0,0.0,0.0,10,113.5,0.0,0,262.0,0.0,0.0,0.0,0.0,0.0,5
2023-05-10 10:36:53,p2311-C-7600,p2311-C-7600,262.0,0.0,0.0,0.0,1,114.0,0.0,0,262.0,0.0,0.0,0.0,0.0,0.0,5
2023-05-10 10:36:53,p2311-C-7600,p2311-C-7600,262.0,0.0,0.0,0.0,10,114.5,0.0,0,262.0,0.0,0.0,0.0,0.0,0.0,5
2023-05-10 10:36:55,p2311-C-7600,p2311-C-7600,262.0,0.0,0.0,0.0,1,115.0,0.0,0,262.0,0.0,0.0,0.0,0.0,0.0,5
2023-05-10 10:36:55,p2311-C-7600,p2311-C-7600,262.0,0.0,0.0,0.0,10,115.5,0.0,0,262.0,0.0,0.0,0.0,0.0,0.0,5
2023-05-10 10:36:56,p2311-C-7600,p2311-C-7600,262.0,0.0,0.0,0.0,1,116.0,0.0,0,262.0,0.0,0.0,0.0,0.0,0.0,5
2023-05-10 10:36:56,p2311-C-7600,p2311-C-7600,262.0,0.0,0.0,0.0,10,116.5,0.0,0,262.0,0.0,0.0,0.0,0.0,0.0,5
2023-05-10 10:36:57,p2311-C-7600,p2311-C-7600,262.0,0.0,0.0,0.0,1,117.0,0.0,0,262.0,0.0,0.0,0.0,0.0,0.0,5
2023-05-10 10:36:57,p2311-C-7600,p2311-C-7600,262.0,0.0,0.0,0.0,10,117.5,0.0,0,262.0,0.0,0.0,0.0,0.0,0.0,5
2023-05-10 10:36:59,p2311-C-7600,p2311-C-7600,262.0,0.0,0.0,0.0,1,118.0,0.0,0,262.0,0.0,0.0,0.0,0.0,0.0,5
2023-05-10 10:36:59,p2311-C-7600,p2311-C-7600,262.0,0.0,0.0,0.0,10,118.5,0.0,0,262.0,0.0,0.0,0.0,0.0,0.0,5
2023-05-10 10:37:00,p2311-C-7600,p2311-C-7600,262.0,0.0,0.0,0.0,1,119.0,0.0,0,262.0,0.0,0.0,0.0,0.0,0.0,5
2023-05-10 10:37:00,p2311-C-7600,p2311-C-7600,262.0,0.0,0.0,0.0,10,119.5,0.0,0,262.0,0.0,0.0,0.0,0.0,0.0,5
2023-05-10 10:37:02,p2311-C-7600,p2311-C-7600,262.0,0.0,0.0,0.0,1,120.0,0.0,0,262.0,0.0,0.0,0.0,0.0,0.0,5
2023-05-10 10:37:02,p2311-C-7600,p2311-C-7600,262.0,0.0,0.0,0.0,10,120.5,0.0,0,262.0,0.0,0.0,0.0,0.0,0.0,5
2023-05-10 10:37:03,p2311-C-7600,p2311-C-7600,262.0,0.0,0.0,0.0,1,121.0,0.0,0,262.0,0.0,0.0,0.0,0.0,0.0,5
2023-05-10 10:37:03,p2311-C-7600,p2311-C-7600,262.0,0.0,0.0,0.0,10,121.5,0.0,0,262.0,0.0,0.0,0.0,0.0,0.0,5
2023-05-10 10:37:04,p2311-C-7600,p2311-C-7600,262.0,0.0,0.0,0.0,1,122.0,0.0,0,262.0,0.0,0.0,0.0,0.0,0.0,5
2023-05-10 10:37:04,p2311-C-7600,p2311-C-7600,262.0,0.0,0.0,0.0,10,122.5,0.0,0,262.0,0.0,0.0,0.0,0.0,0.0,5
2023-05-10 10:37:05,p2311-C-7600,p2311-C-7600,262.0,0.0,0.0,0.0,1,123.0,0.0,0,262.0,0.0,0.0,0.0,0.0,0.0,5
2023-05-10 10:37:05,p2311-C-7600,p2311-C-7600,262.0,0.0,0.0,0.0,10,123.5,0.0,0,262.0,0.0,0.0,0.0,0.0,0.0,5
2023-05-10 10:37:06,p2311-C-7600,p2311-C-7600,262.0,0.0,0.0,0.0,1,124.0,0.0,0,262.0,0.0,0.0,0.0,0.0,0.0,5
2023-05-10 10:37:06,p2311-C-7600,p2311-C-7600,262.0,0.0,0.0,0.0,10,124.5,0.0,0,262.0,0.0,0.0,0.0,0.0,0.0,5
2023-05-10 10:37:07,p2311-C-7600,p2311-C-7600,262.0,0.0,0.0,0.0,1,125.0,0.0,0,262.0,0.0,0.0,0.0,0.0,0.0,5
2023-05-10 10:37:07,p2311-C-7600,p2311-C-7600,262.0,0.0,0.0,0.0,10,125.5,0.0,0,262.0,0.0,0.0,0.0,0.0,0.0,5
2023-05-10 10:37:09,p2311-C-7600,p2311-C-7600,262.0,0.0,0.0,0.0,1,126.0,0.0,0,262.0,0.0,0.0,0.0,0.0,0.0,5
2023-05-10 10:37:09,p2311-C-7600,p2311-C-7600,262.0,0.0,0.0,0.0,10,126.5,0.0,0,262.0,0.0,0.0,0.0,0.0,0.0,5
2023-05-10 10:37:10,p2311-C-7600,p2311-C-7600,262.0,0.0,0.0,0.0,1,127.0,0.0,0,262.0,0.0,0.0,0.0,0.0,0.0,5
2023-05-10 10:37:10,p2311-C-7600,p2311-C-7600,262.0,0.0,0.0,0.0,10,127.5,0.0,0,262.0,0.0,0.0,0.0,0.0,0.0,5
2023-05-10 10:37:11,p2311-C-7600,p2311-C-7600,262.0,0.0,0.0,0.0,1,128.0,0.0,0,262.0,0.0,0.0,0.0,0.0,0.0,5
2023-05-10 10:37:11,p2311-C-7600,p2311-C-7600,262.0,0.0,0.0,0.0,10,128.5,0.0,0,262.0,0.0,0.0,0.0,0.0,0.0,5
2023-05-10 10:37:12,p2311-C-7600,p2311-C-7600,262.0,0.0,0.0,0.0,1,129.0,0.0,0,262.0,0.0,0.0,0.0,0.0,0.0,5
2023-05-10 10:37:12,p2311-C-7600,p2311-C-7600,262.0,0.0,0.0,0.0,10,129.5,0.0,0,262.0,0.0,0.0,0.0,0.0,0.0,5
2023-05-10 11:10:18,p2311-C-7600,p2311-C-7600,262.0,0.0,0.0,0.0,1,130.0,0.0,0,262.0,0.0,0.0,0.0,0.0,0.0,5
2023-05-10 11:10:18,p2311-C-7600,p2311-C-7600,262.0,0.0,0.0,0.0,10,130.5,0.0,0,262.0,0.0,0.0,0.0,0.0,0.0,5
2023-05-10 11:29:33,p2311-C-7600,p2311-C-7600,262.0,0.0,0.0,0.0,1,27.0,0.0,0,262.0,0.0,0.0,0.0,0.0,0.0,5
2023-05-10 11:29:49,p2311-C-7600,p2311-C-7600,262.0,0.0,0.0,0.0,1,19.5,0.0,0,262.0,0.0,0.0,0.0,0.0,0.0,5
2023-05-10 13:31:06,p2311-C-7600,p2311-C-7600,262.0,0.0,0.0,0.0,1,20.0,0.0,0,262.0,0.0,0.0,0.0,0.0,0.0,5
2023-05-10 13:32:12,p2311-C-7600,p2311-C-7600,262.0,0.0,0.0,0.0,1,20.5,0.0,0,262.0,0.0,0.0,0.0,0.0,0.0,5
2023-05-10 13:34:01,p2311-C-7600,p2311-C-7600,262.0,0.0,0.0,0.0,10,21.0,0.0,0,262.0,0.0,0.0,0.0,0.0,0.0,5
2023-05-10 13:34:30,p2311-C-7600,p2311-C-7600,262.0,0.0,0.0,0.0,1,21.5,0.0,0,262.0,0.0,0.0,0.0,0.0,0.0,5
2023-05-10 13:34:30,p2311-C-7600,p2311-C-7600,262.0,0.0,0.0,0.0,10,22.0,0.0,0,262.0,0.0,0.0,0.0,0.0,0.0,5
2023-05-10 13:34:41,p2311-C-7600,p2311-C-7600,262.0,0.0,0.0,0.0,1,22.5,0.0,0,262.0,0.0,0.0,0.0,0.0,0.0,5
2023-05-10 13:34:41,p2311-C-7600,p2311-C-7600,262.0,0.0,0.0,0.0,10,23.0,0.0,0,262.0,0.0,0.0,0.0,0.0,0.0,5
2023-05-10 13:35:24,p2311-C-7600,p2311-C-7600,262.0,0.0,0.0,0.0,1,23.5,0.0,0,262.0,0.0,0.0,0.0,0.0,0.0,5
2023-05-10 13:35:24,p2311-C-7600,p2311-C-7600,262.0,0.0,0.0,0.0,10,24.0,0.0,0,262.0,0.0,0.0,0.0,0.0,0.0,5
2023-05-10 13:35:39,p2311-C-7600,p2311-C-7600,262.0,0.0,0.0,0.0,1,24.5,0.0,0,262.0,0.0,0.0,0.0,0.0,0.0,5
2023-05-10 13:35:39,p2311-C-7600,p2311-C-7600,262.0,0.0,0.0,0.0,10,25.0,0.0,0,262.0,0.0,0.0,0.0,0.0,0.0,5
2023-05-10 13:35:47,p2311-C-7600,p2311-C-7600,262.0,0.0,0.0,0.0,1,25.5,0.0,0,262.0,0.0,0.0,0.0,0.0,0.0,5
2023-05-10 13:35:47,p2311-C-7600,p2311-C-7600,262.0,0.0,0.0,0.0,10,26.0,0.0,0,262.0,0.0,0.0,0.0,0.0,0.0,5
2023-05-10 13:35:50,p2311-C-7600,p2311-C-7600,262.0,0.0,0.0,0.0,1,26.5,0.0,0,262.0,0.0,0.0,0.0,0.0,0.0,5
2023-05-10 13:35:50,p2311-C-7600,p2311-C-7600,262.0,0.0,0.0,0.0,10,27.0,0.0,0,262.0,0.0,0.0,0.0,0.0,0.0,5
2023-05-10 13:35:52,p2311-C-7600,p2311-C-7600,262.0,0.0,0.0,0.0,1,27.5,0.0,0,262.0,0.0,0.0,0.0,0.0,0.0,5
2023-05-10 13:35:52,p2311-C-7600,p2311-C-7600,262.0,0.0,0.0,0.0,10,28.0,0.0,0,262.0,0.0,0.0,0.0,0.0,0.0,5
2023-05-10 13:35:54,p2311-C-7600,p2311-C-7600,262.0,0.0,0.0,0.0,1,28.5,0.0,0,262.0,0.0,0.0,0.0,0.0,0.0,5
2023-05-10 13:35:54,p2311-C-7600,p2311-C-7600,262.0,0.0,0.0,0.0,10,29.0,0.0,0,262.0,0.0,0.0,0.0,0.0,0.0,5
2023-05-10 13:35:55,p2311-C-7600,p2311-C-7600,262.0,0.0,0.0,0.0,1,29.5,0.0,0,262.0,0.0,0.0,0.0,0.0,0.0,5
2023-05-10 13:35:55,p2311-C-7600,p2311-C-7600,262.0,0.0,0.0,0.0,10,30.0,0.0,0,262.0,0.0,0.0,0.0,0.0,0.0,5
2023-05-10 13:35:57,p2311-C-7600,p2311-C-7600,262.0,0.0,0.0,0.0,1,30.5,0.0,0,262.0,0.0,0.0,0.0,0.0,0.0,5
2023-05-10 13:35:57,p2311-C-7600,p2311-C-7600,262.0,0.0,0.0,0.0,10,31.0,0.0,0,262.0,0.0,0.0,0.0,0.0,0.0,5
2023-05-10 13:35:59,p2311-C-7600,p2311-C-7600,262.0,0.0,0.0,0.0,1,31.5,0.0,0,262.0,0.0,0.0,0.0,0.0,0.0,5
2023-05-10 13:35:59,p2311-C-7600,p2311-C-7600,262.0,0.0,0.0,0.0,10,32.0,0.0,0,262.0,0.0,0.0,0.0,0.0,0.0,5
2023-05-10 13:36:01,p2311-C-7600,p2311-C-7600,262.0,0.0,0.0,0.0,1,32.5,0.0,0,262.0,0.0,0.0,0.0,0.0,0.0,5
2023-05-10 13:36:01,p2311-C-7600,p2311-C-7600,262.0,0.0,0.0,0.0,10,33.0,0.0,0,262.0,0.0,0.0,0.0,0.0,0.0,5
2023-05-10 13:36:02,p2311-C-7600,p2311-C-7600,262.0,0.0,0.0,0.0,1,33.5,0.0,0,262.0,0.0,0.0,0.0,0.0,0.0,5
2023-05-10 13:36:02,p2311-C-7600,p2311-C-7600,262.0,0.0,0.0,0.0,10,34.0,0.0,0,262.0,0.0,0.0,0.0,0.0,0.0,5
2023-05-10 13:36:03,p2311-C-7600,p2311-C-7600,262.0,0.0,0.0,0.0,1,34.5,0.0,0,262.0,0.0,0.0,0.0,0.0,0.0,5
2023-05-10 13:36:03,p2311-C-7600,p2311-C-7600,262.0,0.0,0.0,0.0,10,35.0,0.0,0,262.0,0.0,0.0,0.0,0.0,0.0,5
2023-05-10 13:36:05,p2311-C-7600,p2311-C-7600,262.0,0.0,0.0,0.0,1,35.5,0.0,0,262.0,0.0,0.0,0.0,0.0,0.0,5
2023-05-10 13:36:05,p2311-C-7600,p2311-C-7600,262.0,0.0,0.0,0.0,10,36.0,0.0,0,262.0,0.0,0.0,0.0,0.0,0.0,5
2023-05-10 13:36:06,p2311-C-7600,p2311-C-7600,262.0,0.0,0.0,0.0,1,36.5,0.0,0,262.0,0.0,0.0,0.0,0.0,0.0,5
2023-05-10 13:36:06,p2311-C-7600,p2311-C-7600,262.0,0.0,0.0,0.0,10,37.0,0.0,0,262.0,0.0,0.0,0.0,0.0,0.0,5
2023-05-10 13:36:07,p2311-C-7600,p2311-C-7600,262.0,0.0,0.0,0.0,1,37.5,0.0,0,262.0,0.0,0.0,0.0,0.0,0.0,5
2023-05-10 13:36:07,p2311-C-7600,p2311-C-7600,262.0,0.0,0.0,0.0,10,38.0,0.0,0,262.0,0.0,0.0,0.0,0.0,0.0,5
2023-05-10 13:36:09,p2311-C-7600,p2311-C-7600,262.0,0.0,0.0,0.0,1,38.5,0.0,0,262.0,0.0,0.0,0.0,0.0,0.0,5
2023-05-10 13:36:09,p2311-C-7600,p2311-C-7600,262.0,0.0,0.0,0.0,10,39.0,0.0,0,262.0,0.0,0.0,0.0,0.0,0.0,5
2023-05-10 13:36:10,p2311-C-7600,p2311-C-7600,262.0,0.0,0.0,0.0,1,39.5,0.0,0,262.0,0.0,0.0,0.0,0.0,0.0,5
2023-05-10 13:36:10,p2311-C-7600,p2311-C-7600,262.0,0.0,0.0,0.0,10,40.0,0.0,0,262.0,0.0,0.0,0.0,0.0,0.0,5
2023-05-10 13:36:12,p2311-C-7600,p2311-C-7600,262.0,0.0,0.0,0.0,1,40.5,0.0,0,262.0,0.0,0.0,0.0,0.0,0.0,5
2023-05-10 13:36:12,p2311-C-7600,p2311-C-7600,262.0,0.0,0.0,0.0,10,41.0,0.0,0,262.0,0.0,0.0,0.0,0.0,0.0,5
2023-05-10 13:36:13,p2311-C-7600,p2311-C-7600,262.0,0.0,0.0,0.0,1,41.5,0.0,0,262.0,0.0,0.0,0.0,0.0,0.0,5
2023-05-10 13:36:13,p2311-C-7600,p2311-C-7600,262.0,0.0,0.0,0.0,10,42.0,0.0,0,262.0,0.0,0.0,0.0,0.0,0.0,5
2023-05-10 13:36:15,p2311-C-7600,p2311-C-7600,262.0,0.0,0.0,0.0,1,42.5,0.0,0,262.0,0.0,0.0,0.0,0.0,0.0,5
2023-05-10 13:36:15,p2311-C-7600,p2311-C-7600,262.0,0.0,0.0,0.0,10,43.0,0.0,0,262.0,0.0,0.0,0.0,0.0,0.0,5
2023-05-10 13:36:17,p2311-C-7600,p2311-C-7600,262.0,0.0,0.0,0.0,1,43.5,0.0,0,262.0,0.0,0.0,0.0,0.0,0.0,5
2023-05-10 13:36:17,p2311-C-7600,p2311-C-7600,262.0,0.0,0.0,0.0,10,44.0,0.0,0,262.0,0.0,0.0,0.0,0.0,0.0,5
2023-05-10 13:36:18,p2311-C-7600,p2311-C-7600,262.0,0.0,0.0,0.0,1,44.5,0.0,0,262.0,0.0,0.0,0.0,0.0,0.0,5
2023-05-10 13:36:18,p2311-C-7600,p2311-C-7600,262.0,0.0,0.0,0.0,10,45.0,0.0,0,262.0,0.0,0.0,0.0,0.0,0.0,5
2023-05-10 13:36:19,p2311-C-7600,p2311-C-7600,262.0,0.0,0.0,0.0,1,45.5,0.0,0,262.0,0.0,0.0,0.0,0.0,0.0,5
2023-05-10 13:36:19,p2311-C-7600,p2311-C-7600,262.0,0.0,0.0,0.0,10,46.0,0.0,0,262.0,0.0,0.0,0.0,0.0,0.0,5
2023-05-10 13:36:21,p2311-C-7600,p2311-C-7600,262.0,0.0,0.0,0.0,1,46.5,0.0,0,262.0,0.0,0.0,0.0,0.0,0.0,5
2023-05-10 13:36:21,p2311-C-7600,p2311-C-7600,262.0,0.0,0.0,0.0,10,47.0,0.0,0,262.0,0.0,0.0,0.0,0.0,0.0,5
2023-05-10 13:36:22,p2311-C-7600,p2311-C-7600,262.0,0.0,0.0,0.0,1,47.5,0.0,0,262.0,0.0,0.0,0.0,0.0,0.0,5
2023-05-10 13:36:22,p2311-C-7600,p2311-C-7600,262.0,0.0,0.0,0.0,10,48.0,0.0,0,262.0,0.0,0.0,0.0,0.0,0.0,5
2023-05-10 13:36:23,p2311-C-7600,p2311-C-7600,262.0,0.0,0.0,0.0,1,48.5,0.0,0,262.0,0.0,0.0,0.0,0.0,0.0,5
2023-05-10 13:36:23,p2311-C-7600,p2311-C-7600,262.0,0.0,0.0,0.0,10,49.0,0.0,0,262.0,0.0,0.0,0.0,0.0,0.0,5
2023-05-10 13:36:25,p2311-C-7600,p2311-C-7600,262.0,0.0,0.0,0.0,1,49.5,0.0,0,262.0,0.0,0.0,0.0,0.0,0.0,5
2023-05-10 13:36:25,p2311-C-7600,p2311-C-7600,262.0,0.0,0.0,0.0,10,50.0,0.0,0,262.0,0.0,0.0,0.0,0.0,0.0,5
2023-05-10 13:36:26,p2311-C-7600,p2311-C-7600,262.0,0.0,0.0,0.0,1,50.5,0.0,0,262.0,0.0,0.0,0.0,0.0,0.0,5
2023-05-10 13:36:26,p2311-C-7600,p2311-C-7600,262.0,0.0,0.0,0.0,10,51.0,0.0,0,262.0,0.0,0.0,0.0,0.0,0.0,5
2023-05-10 13:36:28,p2311-C-7600,p2311-C-7600,262.0,0.0,0.0,0.0,1,51.5,0.0,0,262.0,0.0,0.0,0.0,0.0,0.0,5
2023-05-10 13:36:28,p2311-C-7600,p2311-C-7600,262.0,0.0,0.0,0.0,10,52.0,0.0,0,262.0,0.0,0.0,0.0,0.0,0.0,5
2023-05-10 13:36:29,p2311-C-7600,p2311-C-7600,262.0,0.0,0.0,0.0,1,52.5,0.0,0,262.0,0.0,0.0,0.0,0.0,0.0,5
2023-05-10 13:36:29,p2311-C-7600,p2311-C-7600,262.0,0.0,0.0,0.0,10,53.0,0.0,0,262.0,0.0,0.0,0.0,0.0,0.0,5
2023-05-10 13:36:31,p2311-C-7600,p2311-C-7600,262.0,0.0,0.0,0.0,1,53.5,0.0,0,262.0,0.0,0.0,0.0,0.0,0.0,5
2023-05-10 13:36:31,p2311-C-7600,p2311-C-7600,262.0,0.0,0.0,0.0,10,54.0,0.0,0,262.0,0.0,0.0,0.0,0.0,0.0,5
2023-05-10 13:36:32,p2311-C-7600,p2311-C-7600,262.0,0.0,0.0,0.0,1,54.5,0.0,0,262.0,0.0,0.0,0.0,0.0,0.0,5
2023-05-10 13:36:32,p2311-C-7600,p2311-C-7600,262.0,0.0,0.0,0.0,10,55.0,0.0,0,262.0,0.0,0.0,0.0,0.0,0.0,5
2023-05-10 13:36:33,p2311-C-7600,p2311-C-7600,262.0,0.0,0.0,0.0,1,55.5,0.0,0,262.0,0.0,0.0,0.0,0.0,0.0,5
2023-05-10 13:36:33,p2311-C-7600,p2311-C-7600,262.0,0.0,0.0,0.0,10,56.0,0.0,0,262.0,0.0,0.0,0.0,0.0,0.0,5
2023-05-10 13:36:35,p2311-C-7600,p2311-C-7600,262.0,0.0,0.0,0.0,1,56.5,0.0,0,262.0,0.0,0.0,0.0,0.0,0.0,5
2023-05-10 13:36:35,p2311-C-7600,p2311-C-7600,262.0,0.0,0.0,0.0,10,57.0,0.0,0,262.0,0.0,0.0,0.0,0.0,0.0,5
2023-05-10 13:36:36,p2311-C-7600,p2311-C-7600,262.0,0.0,0.0,0.0,1,57.5,0.0,0,262.0,0.0,0.0,0.0,0.0,0.0,5
2023-05-10 13:36:36,p2311-C-7600,p2311-C-7600,262.0,0.0,0.0,0.0,10,58.0,0.0,0,262.0,0.0,0.0,0.0,0.0,0.0,5
2023-05-10 13:36:37,p2311-C-7600,p2311-C-7600,262.0,0.0,0.0,0.0,1,58.5,0.0,0,262.0,0.0,0.0,0.0,0.0,0.0,5
2023-05-10 13:36:37,p2311-C-7600,p2311-C-7600,262.0,0.0,0.0,0.0,10,59.0,0.0,0,262.0,0.0,0.0,0.0,0.0,0.0,5
2023-05-10 13:36:39,p2311-C-7600,p2311-C-7600,262.0,0.0,0.0,0.0,1,59.5,0.0,0,262.0,0.0,0.0,0.0,0.0,0.0,5
2023-05-10 13:36:39,p2311-C-7600,p2311-C-7600,262.0,0.0,0.0,0.0,10,60.0,0.0,0,262.0,0.0,0.0,0.0,0.0,0.0,5
2023-05-10 13:36:40,p2311-C-7600,p2311-C-7600,262.0,0.0,0.0,0.0,1,60.5,0.0,0,262.0,0.0,0.0,0.0,0.0,0.0,5
2023-05-10 13:36:40,p2311-C-7600,p2311-C-7600,262.0,0.0,0.0,0.0,10,61.0,0.0,0,262.0,0.0,0.0,0.0,0.0,0.0,5
2023-05-10 13:36:41,p2311-C-7600,p2311-C-7600,262.0,0.0,0.0,0.0,1,61.5,0.0,0,262.0,0.0,0.0,0.0,0.0,0.0,5
2023-05-10 13:36:41,p2311-C-7600,p2311-C-7600,262.0,0.0,0.0,0.0,10,62.0,0.0,0,262.0,0.0,0.0,0.0,0.0,0.0,5
2023-05-10 13:36:43,p2311-C-7600,p2311-C-7600,262.0,0.0,0.0,0.0,1,62.5,0.0,0,262.0,0.0,0.0,0.0,0.0,0.0,5
2023-05-10 13:36:43,p2311-C-7600,p2311-C-7600,262.0,0.0,0.0,0.0,10,63.0,0.0,0,262.0,0.0,0.0,0.0,0.0,0.0,5
2023-05-10 13:36:44,p2311-C-7600,p2311-C-7600,262.0,0.0,0.0,0.0,1,63.5,0.0,0,262.0,0.0,0.0,0.0,0.0,0.0,5
2023-05-10 13:36:44,p2311-C-7600,p2311-C-7600,262.0,0.0,0.0,0.0,10,64.0,0.0,0,262.0,0.0,0.0,0.0,0.0,0.0,5
2023-05-10 13:36:46,p2311-C-7600,p2311-C-7600,262.0,0.0,0.0,0.0,1,64.5,0.0,0,262.0,0.0,0.0,0.0,0.0,0.0,5
2023-05-10 13:36:46,p2311-C-7600,p2311-C-7600,262.0,0.0,0.0,0.0,10,65.0,0.0,0,262.0,0.0,0.0,0.0,0.0,0.0,5
2023-05-10 13:36:47,p2311-C-7600,p2311-C-7600,262.0,0.0,0.0,0.0,1,65.5,0.0,0,262.0,0.0,0.0,0.0,0.0,0.0,5
2023-05-10 13:36:47,p2311-C-7600,p2311-C-7600,262.0,0.0,0.0,0.0,10,66.0,0.0,0,262.0,0.0,0.0,0.0,0.0,0.0,5
2023-05-10 13:36:48,p2311-C-7600,p2311-C-7600,262.0,0.0,0.0,0.0,1,66.5,0.0,0,262.0,0.0,0.0,0.0,0.0,0.0,5
2023-05-10 13:36:48,p2311-C-7600,p2311-C-7600,262.0,0.0,0.0,0.0,10,67.0,0.0,0,262.0,0.0,0.0,0.0,0.0,0.0,5
2023-05-10 13:36:50,p2311-C-7600,p2311-C-7600,262.0,0.0,0.0,0.0,1,67.5,0.0,0,262.0,0.0,0.0,0.0,0.0,0.0,5
2023-05-10 13:36:50,p2311-C-7600,p2311-C-7600,262.0,0.0,0.0,0.0,10,68.0,0.0,0,262.0,0.0,0.0,0.0,0.0,0.0,5
2023-05-10 13:36:51,p2311-C-7600,p2311-C-7600,262.0,0.0,0.0,0.0,1,68.5,0.0,0,262.0,0.0,0.0,0.0,0.0,0.0,5
2023-05-10 13:36:51,p2311-C-7600,p2311-C-7600,262.0,0.0,0.0,0.0,10,69.0,0.0,0,262.0,0.0,0.0,0.0,0.0,0.0,5
2023-05-10 13:36:52,p2311-C-7600,p2311-C-7600,262.0,0.0,0.0,0.0,1,69.5,0.0,0,262.0,0.0,0.0,0.0,0.0,0.0,5
2023-05-10 13:36:52,p2311-C-7600,p2311-C-7600,262.0,0.0,0.0,0.0,10,70.0,0.0,0,262.0,0.0,0.0,0.0,0.0,0.0,5
2023-05-10 13:36:54,p2311-C-7600,p2311-C-7600,262.0,0.0,0.0,0.0,1,70.5,0.0,0,262.0,0.0,0.0,0.0,0.0,0.0,5
2023-05-10 13:36:54,p2311-C-7600,p2311-C-7600,262.0,0.0,0.0,0.0,10,71.0,0.0,0,262.0,0.0,0.0,0.0,0.0,0.0,5
2023-05-10 13:36:55,p2311-C-7600,p2311-C-7600,262.0,0.0,0.0,0.0,1,71.5,0.0,0,262.0,0.0,0.0,0.0,0.0,0.0,5
2023-05-10 13:36:55,p2311-C-7600,p2311-C-7600,262.0,0.0,0.0,0.0,10,72.0,0.0,0,262.0,0.0,0.0,0.0,0.0,0.0,5
2023-05-10 13:36:56,p2311-C-7600,p2311-C-7600,262.0,0.0,0.0,0.0,1,72.5,0.0,0,262.0,0.0,0.0,0.0,0.0,0.0,5
2023-05-10 13:36:56,p2311-C-7600,p2311-C-7600,262.0,0.0,0.0,0.0,10,73.0,0.0,0,262.0,0.0,0.0,0.0,0.0,0.0,5
2023-05-10 13:36:58,p2311-C-7600,p2311-C-7600,262.0,0.0,0.0,0.0,1,73.5,0.0,0,262.0,0.0,0.0,0.0,0.0,0.0,5
2023-05-10 13:36:58,p2311-C-7600,p2311-C-7600,262.0,0.0,0.0,0.0,10,74.0,0.0,0,262.0,0.0,0.0,0.0,0.0,0.0,5
2023-05-10 13:36:59,p2311-C-7600,p2311-C-7600,262.0,0.0,0.0,0.0,1,74.5,0.0,0,262.0,0.0,0.0,0.0,0.0,0.0,5
2023-05-10 13:36:59,p2311-C-7600,p2311-C-7600,262.0,0.0,0.0,0.0,10,75.0,0.0,0,262.0,0.0,0.0,0.0,0.0,0.0,5
2023-05-10 13:37:01,p2311-C-7600,p2311-C-7600,262.0,0.0,0.0,0.0,1,75.5,0.0,0,262.0,0.0,0.0,0.0,0.0,0.0,5
2023-05-10 13:37:01,p2311-C-7600,p2311-C-7600,262.0,0.0,0.0,0.0,10,76.0,0.0,0,262.0,0.0,0.0,0.0,0.0,0.0,5
2023-05-10 13:37:02,p2311-C-7600,p2311-C-7600,262.0,0.0,0.0,0.0,1,76.5,0.0,0,262.0,0.0,0.0,0.0,0.0,0.0,5
2023-05-10 13:37:02,p2311-C-7600,p2311-C-7600,262.0,0.0,0.0,0.0,10,77.0,0.0,0,262.0,0.0,0.0,0.0,0.0,0.0,5
2023-05-10 13:37:03,p2311-C-7600,p2311-C-7600,262.0,0.0,0.0,0.0,1,77.5,0.0,0,262.0,0.0,0.0,0.0,0.0,0.0,5
2023-05-10 13:37:03,p2311-C-7600,p2311-C-7600,262.0,0.0,0.0,0.0,10,78.0,0.0,0,262.0,0.0,0.0,0.0,0.0,0.0,5
2023-05-10 13:37:05,p2311-C-7600,p2311-C-7600,262.0,0.0,0.0,0.0,1,78.5,0.0,0,262.0,0.0,0.0,0.0,0.0,0.0,5
2023-05-10 13:37:05,p2311-C-7600,p2311-C-7600,262.0,0.0,0.0,0.0,10,79.0,0.0,0,262.0,0.0,0.0,0.0,0.0,0.0,5
2023-05-10 13:37:06,p2311-C-7600,p2311-C-7600,262.0,0.0,0.0,0.0,1,79.5,0.0,0,262.0,0.0,0.0,0.0,0.0,0.0,5
2023-05-10 13:37:06,p2311-C-7600,p2311-C-7600,262.0,0.0,0.0,0.0,10,80.0,0.0,0,262.0,0.0,0.0,0.0,0.0,0.0,5
2023-05-10 13:37:08,p2311-C-7600,p2311-C-7600,262.0,0.0,0.0,0.0,1,80.5,0.0,0,262.0,0.0,0.0,0.0,0.0,0.0,5
2023-05-10 13:37:08,p2311-C-7600,p2311-C-7600,262.0,0.0,0.0,0.0,10,81.0,0.0,0,262.0,0.0,0.0,0.0,0.0,0.0,5
2023-05-10 13:37:10,p2311-C-7600,p2311-C-7600,262.0,0.0,0.0,0.0,1,81.5,0.0,0,262.0,0.0,0.0,0.0,0.0,0.0,5
2023-05-10 13:37:10,p2311-C-7600,p2311-C-7600,262.0,0.0,0.0,0.0,10,82.0,0.0,0,262.0,0.0,0.0,0.0,0.0,0.0,5
2023-05-10 13:37:11,p2311-C-7600,p2311-C-7600,262.0,0.0,0.0,0.0,1,82.5,0.0,0,262.0,0.0,0.0,0.0,0.0,0.0,5
2023-05-10 13:37:11,p2311-C-7600,p2311-C-7600,262.0,0.0,0.0,0.0,10,83.0,0.0,0,262.0,0.0,0.0,0.0,0.0,0.0,5
2023-05-10 13:37:12,p2311-C-7600,p2311-C-7600,262.0,0.0,0.0,0.0,1,83.5,0.0,0,262.0,0.0,0.0,0.0,0.0,0.0,5
2023-05-10 13:37:12,p2311-C-7600,p2311-C-7600,262.0,0.0,0.0,0.0,10,84.0,0.0,0,262.0,0.0,0.0,0.0,0.0,0.0,5
2023-05-10 13:37:14,p2311-C-7600,p2311-C-7600,262.0,0.0,0.0,0.0,1,84.5,0.0,0,262.0,0.0,0.0,0.0,0.0,0.0,5
2023-05-10 13:37:14,p2311-C-7600,p2311-C-7600,262.0,0.0,0.0,0.0,10,85.0,0.0,0,262.0,0.0,0.0,0.0,0.0,0.0,5
2023-05-10 13:37:15,p2311-C-7600,p2311-C-7600,262.0,0.0,0.0,0.0,1,85.5,0.0,0,262.0,0.0,0.0,0.0,0.0,0.0,5
2023-05-10 13:37:15,p2311-C-7600,p2311-C-7600,262.0,0.0,0.0,0.0,10,86.0,0.0,0,262.0,0.0,0.0,0.0,0.0,0.0,5
2023-05-10 13:37:17,p2311-C-7600,p2311-C-7600,262.0,0.0,0.0,0.0,1,86.5,0.0,0,262.0,0.0,0.0,0.0,0.0,0.0,5
2023-05-10 13:37:17,p2311-C-7600,p2311-C-7600,262.0,0.0,0.0,0.0,10,87.0,0.0,0,262.0,0.0,0.0,0.0,0.0,0.0,5
2023-05-10 13:37:18,p2311-C-7600,p2311-C-7600,262.0,0.0,0.0,0.0,1,87.5,0.0,0,262.0,0.0,0.0,0.0,0.0,0.0,5
2023-05-10 13:37:18,p2311-C-7600,p2311-C-7600,262.0,0.0,0.0,0.0,10,88.0,0.0,0,262.0,0.0,0.0,0.0,0.0,0.0,5
2023-05-10 13:37:20,p2311-C-7600,p2311-C-7600,262.0,0.0,0.0,0.0,1,88.5,0.0,0,262.0,0.0,0.0,0.0,0.0,0.0,5
2023-05-10 13:37:20,p2311-C-7600,p2311-C-7600,262.0,0.0,0.0,0.0,10,89.0,0.0,0,262.0,0.0,0.0,0.0,0.0,0.0,5
2023-05-10 13:37:22,p2311-C-7600,p2311-C-7600,262.0,0.0,0.0,0.0,1,89.5,0.0,0,262.0,0.0,0.0,0.0,0.0,0.0,5
2023-05-10 13:37:22,p2311-C-7600,p2311-C-7600,262.0,0.0,0.0,0.0,10,90.0,0.0,0,262.0,0.0,0.0,0.0,0.0,0.0,5
2023-05-10 13:37:23,p2311-C-7600,p2311-C-7600,262.0,0.0,0.0,0.0,1,90.5,0.0,0,262.0,0.0,0.0,0.0,0.0,0.0,5
2023-05-10 13:37:23,p2311-C-7600,p2311-C-7600,262.0,0.0,0.0,0.0,10,91.0,0.0,0,262.0,0.0,0.0,0.0,0.0,0.0,5
2023-05-10 13:37:25,p2311-C-7600,p2311-C-7600,262.0,0.0,0.0,0.0,1,91.5,0.0,0,262.0,0.0,0.0,0.0,0.0,0.0,5
2023-05-10 13:37:25,p2311-C-7600,p2311-C-7600,262.0,0.0,0.0,0.0,10,92.0,0.0,0,262.0,0.0,0.0,0.0,0.0,0.0,5
2023-05-10 13:37:26,p2311-C-7600,p2311-C-7600,262.0,0.0,0.0,0.0,1,92.5,0.0,0,262.0,0.0,0.0,0.0,0.0,0.0,5
2023-05-10 13:37:26,p2311-C-7600,p2311-C-7600,262.0,0.0,0.0,0.0,10,93.0,0.0,0,262.0,0.0,0.0,0.0,0.0,0.0,5
2023-05-10 13:37:28,p2311-C-7600,p2311-C-7600,262.0,0.0,0.0,0.0,1,93.5,0.0,0,262.0,0.0,0.0,0.0,0.0,0.0,5
2023-05-10 13:37:28,p2311-C-7600,p2311-C-7600,262.0,0.0,0.0,0.0,10,94.0,0.0,0,262.0,0.0,0.0,0.0,0.0,0.0,5
2023-05-10 13:37:29,p2311-C-7600,p2311-C-7600,262.0,0.0,0.0,0.0,1,94.5,0.0,0,262.0,0.0,0.0,0.0,0.0,0.0,5
2023-05-10 13:37:29,p2311-C-7600,p2311-C-7600,262.0,0.0,0.0,0.0,10,95.0,0.0,0,262.0,0.0,0.0,0.0,0.0,0.0,5
2023-05-10 13:37:31,p2311-C-7600,p2311-C-7600,262.0,0.0,0.0,0.0,1,95.5,0.0,0,262.0,0.0,0.0,0.0,0.0,0.0,5
2023-05-10 13:37:31,p2311-C-7600,p2311-C-7600,262.0,0.0,0.0,0.0,10,96.0,0.0,0,262.0,0.0,0.0,0.0,0.0,0.0,5
2023-05-10 13:37:32,p2311-C-7600,p2311-C-7600,262.0,0.0,0.0,0.0,1,96.5,0.0,0,262.0,0.0,0.0,0.0,0.0,0.0,5
2023-05-10 13:37:32,p2311-C-7600,p2311-C-7600,262.0,0.0,0.0,0.0,10,97.0,0.0,0,262.0,0.0,0.0,0.0,0.0,0.0,5
2023-05-10 14:20:16,p2311-C-7600,p2311-C-7600,262.0,0.0,0.0,0.0,1,222.0,246.0,1,262.0,0.0,0.0,0.0,0.0,0.0,5
2023-05-10 14:20:17,p2311-C-7600,p2311-C-7600,262.0,0.0,0.0,0.0,2,222.0,246.0,2,262.0,0.0,0.0,0.0,0.0,0.0,5
2023-05-10 14:20:19,p2311-C-7600,p2311-C-7600,262.0,0.0,0.0,0.0,1,222.5,246.0,3,262.0,0.0,0.0,0.0,0.0,0.0,5
2023-05-10 14:20:24,p2311-C-7600,p2311-C-7600,262.0,0.0,0.0,0.0,1,225.0,246.0,4,262.0,0.0,0.0,0.0,0.0,0.0,5
2023-05-10 14:20:28,p2311-C-7600,p2311-C-7600,262.0,0.0,0.0,0.0,1,225.0,246.0,3,262.0,0.0,0.0,0.0,0.0,0.0,5
2023-05-10 14:20:29,p2311-C-7600,p2311-C-7600,262.0,0.0,0.0,0.0,1,225.0,246.0,2,262.0,0.0,0.0,0.0,0.0,0.0,5
2023-05-10 14:20:30,p2311-C-7600,p2311-C-7600,262.0,0.0,0.0,0.0,1,225.0,246.0,1,262.0,0.0,0.0,0.0,0.0,0.0,5
2023-05-10 14:20:35,p2311-C-7600,p2311-C-7600,262.0,0.0,0.0,0.0,1,224.5,247.0,1,262.0,0.0,0.0,0.0,0.0,0.0,5
2023-05-10 14:20:36,p2311-C-7600,p2311-C-7600,262.0,0.0,0.0,0.0,1,224.5,249.0,1,262.0,0.0,0.0,0.0,0.0,0.0,5
2023-05-10 14:20:41,p2311-C-7600,p2311-C-7600,262.0,0.0,0.0,0.0,1,20.0,0.0,0,262.0,0.0,0.0,0.0,0.0,0.0,5
2023-05-10 14:20:41,p2311-C-7600,p2311-C-7600,262.0,0.0,0.0,0.0,10,20.5,0.0,0,262.0,0.0,0.0,0.0,0.0,0.0,5
2023-05-10 14:26:05,p2311-C-7600,p2311-C-7600,262.0,0.0,0.0,0.0,1,21.0,0.0,0,262.0,0.0,0.0,0.0,0.0,0.0,5
2023-05-10 14:26:05,p2311-C-7600,p2311-C-7600,262.0,0.0,0.0,0.0,10,21.5,0.0,0,262.0,0.0,0.0,0.0,0.0,0.0,5
2023-05-10 14:58:48,p2311-C-7600,p2311-C-7600,262.0,0.0,0.0,0.0,1,22.0,0.0,0,262.0,0.0,0.0,0.0,0.0,0.0,5
2023-05-10 14:58:48,p2311-C-7600,p2311-C-7600,262.0,0.0,0.0,0.0,10,22.5,0.0,0,262.0,0.0,0.0,0.0,0.0,0.0,5
2023-05-10 14:59:02,p2311-C-7600,p2311-C-7600,262.0,0.0,0.0,0.0,1,22.0,0.0,0,262.0,0.0,0.0,0.0,0.0,0.0,5
2023-05-10 15:01:15,p2311-C-7600,p2311-C-7600,262.0,0.0,0.0,0.0,1,22.0,0.0,0,262.0,0.0,0.0,0.0,0.0,0.0,5
