time,symbol_id,symbol_name,last,trade_volume,trade_amount,open_interest_change,bv1,bp1,ap1,av1,yesterday_close,today_open,today_high,today_low,volume,amount,open_interest
2023-05-09 20:56:28,p2401-C-7700,p2401-C-7700,247.0,0.0,0.0,0.0,1,1.5,0.0,0,247.0,0.0,0.0,0.0,0.0,0.0,1
2023-05-09 21:00:26,p2401-C-7700,p2401-C-7700,247.0,0.0,0.0,0.0,10,2.0,0.0,0,247.0,0.0,0.0,0.0,0.0,0.0,1
2023-05-09 21:00:27,p2401-C-7700,p2401-C-7700,247.0,0.0,0.0,0.0,1,36.5,0.0,0,247.0,0.0,0.0,0.0,0.0,0.0,1
2023-05-09 21:00:27,p2401-C-7700,p2401-C-7700,247.0,0.0,0.0,0.0,10,37.0,0.0,0,247.0,0.0,0.0,0.0,0.0,0.0,1
2023-05-09 21:01:49,p2401-C-7700,p2401-C-7700,247.0,0.0,0.0,0.0,1,37.5,0.0,0,247.0,0.0,0.0,0.0,0.0,0.0,1
2023-05-09 21:01:49,p2401-C-7700,p2401-C-7700,247.0,0.0,0.0,0.0,10,38.0,0.0,0,247.0,0.0,0.0,0.0,0.0,0.0,1
2023-05-09 21:02:03,p2401-C-7700,p2401-C-7700,247.0,0.0,0.0,0.0,1,44.5,0.0,0,247.0,0.0,0.0,0.0,0.0,0.0,1
2023-05-09 21:02:03,p2401-C-7700,p2401-C-7700,247.0,0.0,0.0,0.0,10,45.0,0.0,0,247.0,0.0,0.0,0.0,0.0,0.0,1
2023-05-09 21:02:53,p2401-C-7700,p2401-C-7700,247.0,0.0,0.0,0.0,1,51.5,0.0,0,247.0,0.0,0.0,0.0,0.0,0.0,1
2023-05-09 21:02:53,p2401-C-7700,p2401-C-7700,247.0,0.0,0.0,0.0,10,52.0,0.0,0,247.0,0.0,0.0,0.0,0.0,0.0,1
2023-05-09 21:06:53,p2401-C-7700,p2401-C-7700,247.0,0.0,0.0,0.0,1,55.5,0.0,0,247.0,0.0,0.0,0.0,0.0,0.0,1
2023-05-09 21:06:53,p2401-C-7700,p2401-C-7700,247.0,0.0,0.0,0.0,10,56.0,0.0,0,247.0,0.0,0.0,0.0,0.0,0.0,1
2023-05-09 21:08:10,p2401-C-7700,p2401-C-7700,247.0,0.0,0.0,0.0,1,56.5,0.0,0,247.0,0.0,0.0,0.0,0.0,0.0,1
2023-05-09 21:08:10,p2401-C-7700,p2401-C-7700,247.0,0.0,0.0,0.0,10,57.0,0.0,0,247.0,0.0,0.0,0.0,0.0,0.0,1
2023-05-09 21:09:04,p2401-C-7700,p2401-C-7700,247.0,0.0,0.0,0.0,1,57.5,0.0,0,247.0,0.0,0.0,0.0,0.0,0.0,1
2023-05-09 21:09:04,p2401-C-7700,p2401-C-7700,247.0,0.0,0.0,0.0,10,58.0,0.0,0,247.0,0.0,0.0,0.0,0.0,0.0,1
2023-05-09 21:09:48,p2401-C-7700,p2401-C-7700,247.0,0.0,0.0,0.0,1,58.5,0.0,0,247.0,0.0,0.0,0.0,0.0,0.0,1
2023-05-09 21:09:48,p2401-C-7700,p2401-C-7700,247.0,0.0,0.0,0.0,10,59.0,0.0,0,247.0,0.0,0.0,0.0,0.0,0.0,1
2023-05-09 21:14:20,p2401-C-7700,p2401-C-7700,247.0,0.0,0.0,0.0,1,59.5,0.0,0,247.0,0.0,0.0,0.0,0.0,0.0,1
2023-05-09 21:14:20,p2401-C-7700,p2401-C-7700,247.0,0.0,0.0,0.0,10,60.0,0.0,0,247.0,0.0,0.0,0.0,0.0,0.0,1
2023-05-09 21:18:24,p2401-C-7700,p2401-C-7700,247.0,0.0,0.0,0.0,1,60.5,0.0,0,247.0,0.0,0.0,0.0,0.0,0.0,1
2023-05-09 21:18:24,p2401-C-7700,p2401-C-7700,247.0,0.0,0.0,0.0,10,61.0,0.0,0,247.0,0.0,0.0,0.0,0.0,0.0,1
2023-05-09 21:19:42,p2401-C-7700,p2401-C-7700,247.0,0.0,0.0,0.0,1,61.5,0.0,0,247.0,0.0,0.0,0.0,0.0,0.0,1
2023-05-09 21:19:42,p2401-C-7700,p2401-C-7700,247.0,0.0,0.0,0.0,10,62.0,0.0,0,247.0,0.0,0.0,0.0,0.0,0.0,1
2023-05-09 21:20:33,p2401-C-7700,p2401-C-7700,247.0,0.0,0.0,0.0,1,62.5,0.0,0,247.0,0.0,0.0,0.0,0.0,0.0,1
2023-05-09 21:20:33,p2401-C-7700,p2401-C-7700,247.0,0.0,0.0,0.0,10,63.0,0.0,0,247.0,0.0,0.0,0.0,0.0,0.0,1
2023-05-09 21:20:44,p2401-C-7700,p2401-C-7700,247.0,0.0,0.0,0.0,1,63.5,0.0,0,247.0,0.0,0.0,0.0,0.0,0.0,1
2023-05-09 21:20:44,p2401-C-7700,p2401-C-7700,247.0,0.0,0.0,0.0,10,64.0,0.0,0,247.0,0.0,0.0,0.0,0.0,0.0,1
2023-05-09 21:20:48,p2401-C-7700,p2401-C-7700,247.0,0.0,0.0,0.0,1,64.5,0.0,0,247.0,0.0,0.0,0.0,0.0,0.0,1
2023-05-09 21:20:48,p2401-C-7700,p2401-C-7700,247.0,0.0,0.0,0.0,10,65.0,0.0,0,247.0,0.0,0.0,0.0,0.0,0.0,1
2023-05-09 21:20:52,p2401-C-7700,p2401-C-7700,247.0,0.0,0.0,0.0,1,65.5,0.0,0,247.0,0.0,0.0,0.0,0.0,0.0,1
2023-05-09 21:20:52,p2401-C-7700,p2401-C-7700,247.0,0.0,0.0,0.0,10,66.0,0.0,0,247.0,0.0,0.0,0.0,0.0,0.0,1
2023-05-09 21:20:55,p2401-C-7700,p2401-C-7700,247.0,0.0,0.0,0.0,1,66.5,0.0,0,247.0,0.0,0.0,0.0,0.0,0.0,1
2023-05-09 21:20:55,p2401-C-7700,p2401-C-7700,247.0,0.0,0.0,0.0,10,67.0,0.0,0,247.0,0.0,0.0,0.0,0.0,0.0,1
2023-05-09 21:20:58,p2401-C-7700,p2401-C-7700,247.0,0.0,0.0,0.0,1,67.5,0.0,0,247.0,0.0,0.0,0.0,0.0,0.0,1
2023-05-09 21:20:58,p2401-C-7700,p2401-C-7700,247.0,0.0,0.0,0.0,10,68.0,0.0,0,247.0,0.0,0.0,0.0,0.0,0.0,1
2023-05-09 21:21:02,p2401-C-7700,p2401-C-7700,247.0,0.0,0.0,0.0,1,68.5,0.0,0,247.0,0.0,0.0,0.0,0.0,0.0,1
2023-05-09 21:21:02,p2401-C-7700,p2401-C-7700,247.0,0.0,0.0,0.0,10,69.0,0.0,0,247.0,0.0,0.0,0.0,0.0,0.0,1
2023-05-09 21:21:05,p2401-C-7700,p2401-C-7700,247.0,0.0,0.0,0.0,1,69.5,0.0,0,247.0,0.0,0.0,0.0,0.0,0.0,1
2023-05-09 21:21:05,p2401-C-7700,p2401-C-7700,247.0,0.0,0.0,0.0,10,70.0,0.0,0,247.0,0.0,0.0,0.0,0.0,0.0,1
2023-05-09 21:21:08,p2401-C-7700,p2401-C-7700,247.0,0.0,0.0,0.0,1,70.5,0.0,0,247.0,0.0,0.0,0.0,0.0,0.0,1
2023-05-09 21:21:08,p2401-C-7700,p2401-C-7700,247.0,0.0,0.0,0.0,10,71.0,0.0,0,247.0,0.0,0.0,0.0,0.0,0.0,1
2023-05-09 21:21:13,p2401-C-7700,p2401-C-7700,247.0,0.0,0.0,0.0,1,71.5,0.0,0,247.0,0.0,0.0,0.0,0.0,0.0,1
2023-05-09 21:21:13,p2401-C-7700,p2401-C-7700,247.0,0.0,0.0,0.0,10,72.0,0.0,0,247.0,0.0,0.0,0.0,0.0,0.0,1
2023-05-09 21:21:18,p2401-C-7700,p2401-C-7700,247.0,0.0,0.0,0.0,1,72.5,0.0,0,247.0,0.0,0.0,0.0,0.0,0.0,1
2023-05-09 21:21:18,p2401-C-7700,p2401-C-7700,247.0,0.0,0.0,0.0,10,73.0,0.0,0,247.0,0.0,0.0,0.0,0.0,0.0,1
2023-05-09 21:21:21,p2401-C-7700,p2401-C-7700,247.0,0.0,0.0,0.0,1,73.5,0.0,0,247.0,0.0,0.0,0.0,0.0,0.0,1
2023-05-09 21:21:21,p2401-C-7700,p2401-C-7700,247.0,0.0,0.0,0.0,10,74.0,0.0,0,247.0,0.0,0.0,0.0,0.0,0.0,1
2023-05-09 21:21:23,p2401-C-7700,p2401-C-7700,247.0,0.0,0.0,0.0,1,74.5,0.0,0,247.0,0.0,0.0,0.0,0.0,0.0,1
2023-05-09 21:21:23,p2401-C-7700,p2401-C-7700,247.0,0.0,0.0,0.0,10,75.0,0.0,0,247.0,0.0,0.0,0.0,0.0,0.0,1
2023-05-09 21:21:26,p2401-C-7700,p2401-C-7700,247.0,0.0,0.0,0.0,1,75.5,0.0,0,247.0,0.0,0.0,0.0,0.0,0.0,1
2023-05-09 21:21:26,p2401-C-7700,p2401-C-7700,247.0,0.0,0.0,0.0,10,76.0,0.0,0,247.0,0.0,0.0,0.0,0.0,0.0,1
2023-05-09 21:21:28,p2401-C-7700,p2401-C-7700,247.0,0.0,0.0,0.0,1,76.5,0.0,0,247.0,0.0,0.0,0.0,0.0,0.0,1
2023-05-09 21:21:28,p2401-C-7700,p2401-C-7700,247.0,0.0,0.0,0.0,10,77.0,0.0,0,247.0,0.0,0.0,0.0,0.0,0.0,1
2023-05-09 21:21:31,p2401-C-7700,p2401-C-7700,247.0,0.0,0.0,0.0,1,77.5,0.0,0,247.0,0.0,0.0,0.0,0.0,0.0,1
2023-05-09 21:21:31,p2401-C-7700,p2401-C-7700,247.0,0.0,0.0,0.0,10,78.0,0.0,0,247.0,0.0,0.0,0.0,0.0,0.0,1
2023-05-09 21:21:33,p2401-C-7700,p2401-C-7700,247.0,0.0,0.0,0.0,1,78.5,0.0,0,247.0,0.0,0.0,0.0,0.0,0.0,1
2023-05-09 21:21:33,p2401-C-7700,p2401-C-7700,247.0,0.0,0.0,0.0,10,79.0,0.0,0,247.0,0.0,0.0,0.0,0.0,0.0,1
2023-05-09 21:21:35,p2401-C-7700,p2401-C-7700,247.0,0.0,0.0,0.0,1,79.5,0.0,0,247.0,0.0,0.0,0.0,0.0,0.0,1
2023-05-09 21:21:35,p2401-C-7700,p2401-C-7700,247.0,0.0,0.0,0.0,10,80.0,0.0,0,247.0,0.0,0.0,0.0,0.0,0.0,1
2023-05-09 21:21:38,p2401-C-7700,p2401-C-7700,247.0,0.0,0.0,0.0,1,80.5,0.0,0,247.0,0.0,0.0,0.0,0.0,0.0,1
2023-05-09 21:21:38,p2401-C-7700,p2401-C-7700,247.0,0.0,0.0,0.0,10,81.0,0.0,0,247.0,0.0,0.0,0.0,0.0,0.0,1
2023-05-09 21:21:40,p2401-C-7700,p2401-C-7700,247.0,0.0,0.0,0.0,1,81.5,0.0,0,247.0,0.0,0.0,0.0,0.0,0.0,1
2023-05-09 21:21:40,p2401-C-7700,p2401-C-7700,247.0,0.0,0.0,0.0,10,82.0,0.0,0,247.0,0.0,0.0,0.0,0.0,0.0,1
2023-05-09 21:21:43,p2401-C-7700,p2401-C-7700,247.0,0.0,0.0,0.0,1,82.5,0.0,0,247.0,0.0,0.0,0.0,0.0,0.0,1
2023-05-09 21:21:43,p2401-C-7700,p2401-C-7700,247.0,0.0,0.0,0.0,10,83.0,0.0,0,247.0,0.0,0.0,0.0,0.0,0.0,1
2023-05-09 21:21:45,p2401-C-7700,p2401-C-7700,247.0,0.0,0.0,0.0,1,83.5,0.0,0,247.0,0.0,0.0,0.0,0.0,0.0,1
2023-05-09 21:21:45,p2401-C-7700,p2401-C-7700,247.0,0.0,0.0,0.0,10,84.0,0.0,0,247.0,0.0,0.0,0.0,0.0,0.0,1
2023-05-09 21:21:46,p2401-C-7700,p2401-C-7700,247.0,0.0,0.0,0.0,1,84.5,0.0,0,247.0,0.0,0.0,0.0,0.0,0.0,1
2023-05-09 21:21:46,p2401-C-7700,p2401-C-7700,247.0,0.0,0.0,0.0,10,85.0,0.0,0,247.0,0.0,0.0,0.0,0.0,0.0,1
2023-05-09 21:21:48,p2401-C-7700,p2401-C-7700,247.0,0.0,0.0,0.0,1,85.5,0.0,0,247.0,0.0,0.0,0.0,0.0,0.0,1
2023-05-09 21:21:48,p2401-C-7700,p2401-C-7700,247.0,0.0,0.0,0.0,10,86.0,0.0,0,247.0,0.0,0.0,0.0,0.0,0.0,1
2023-05-09 21:21:50,p2401-C-7700,p2401-C-7700,247.0,0.0,0.0,0.0,1,86.5,0.0,0,247.0,0.0,0.0,0.0,0.0,0.0,1
2023-05-09 21:21:50,p2401-C-7700,p2401-C-7700,247.0,0.0,0.0,0.0,10,87.0,0.0,0,247.0,0.0,0.0,0.0,0.0,0.0,1
2023-05-09 21:21:52,p2401-C-7700,p2401-C-7700,247.0,0.0,0.0,0.0,1,87.5,0.0,0,247.0,0.0,0.0,0.0,0.0,0.0,1
2023-05-09 21:21:52,p2401-C-7700,p2401-C-7700,247.0,0.0,0.0,0.0,10,88.0,0.0,0,247.0,0.0,0.0,0.0,0.0,0.0,1
2023-05-09 21:21:54,p2401-C-7700,p2401-C-7700,247.0,0.0,0.0,0.0,1,88.5,0.0,0,247.0,0.0,0.0,0.0,0.0,0.0,1
2023-05-09 21:21:54,p2401-C-7700,p2401-C-7700,247.0,0.0,0.0,0.0,10,89.0,0.0,0,247.0,0.0,0.0,0.0,0.0,0.0,1
2023-05-09 21:21:56,p2401-C-7700,p2401-C-7700,247.0,0.0,0.0,0.0,1,89.5,0.0,0,247.0,0.0,0.0,0.0,0.0,0.0,1
2023-05-09 21:21:56,p2401-C-7700,p2401-C-7700,247.0,0.0,0.0,0.0,10,90.0,0.0,0,247.0,0.0,0.0,0.0,0.0,0.0,1
2023-05-09 21:21:58,p2401-C-7700,p2401-C-7700,247.0,0.0,0.0,0.0,1,90.5,0.0,0,247.0,0.0,0.0,0.0,0.0,0.0,1
2023-05-09 21:21:58,p2401-C-7700,p2401-C-7700,247.0,0.0,0.0,0.0,10,91.0,0.0,0,247.0,0.0,0.0,0.0,0.0,0.0,1
2023-05-09 21:21:59,p2401-C-7700,p2401-C-7700,247.0,0.0,0.0,0.0,1,91.5,0.0,0,247.0,0.0,0.0,0.0,0.0,0.0,1
2023-05-09 21:21:59,p2401-C-7700,p2401-C-7700,247.0,0.0,0.0,0.0,10,92.0,0.0,0,247.0,0.0,0.0,0.0,0.0,0.0,1
2023-05-09 21:22:01,p2401-C-7700,p2401-C-7700,247.0,0.0,0.0,0.0,1,92.5,0.0,0,247.0,0.0,0.0,0.0,0.0,0.0,1
2023-05-09 21:22:01,p2401-C-7700,p2401-C-7700,247.0,0.0,0.0,0.0,10,93.0,0.0,0,247.0,0.0,0.0,0.0,0.0,0.0,1
2023-05-09 21:22:04,p2401-C-7700,p2401-C-7700,247.0,0.0,0.0,0.0,1,93.5,0.0,0,247.0,0.0,0.0,0.0,0.0,0.0,1
2023-05-09 21:22:04,p2401-C-7700,p2401-C-7700,247.0,0.0,0.0,0.0,10,94.0,0.0,0,247.0,0.0,0.0,0.0,0.0,0.0,1
2023-05-09 21:22:06,p2401-C-7700,p2401-C-7700,247.0,0.0,0.0,0.0,1,94.5,0.0,0,247.0,0.0,0.0,0.0,0.0,0.0,1
2023-05-09 21:22:06,p2401-C-7700,p2401-C-7700,247.0,0.0,0.0,0.0,10,95.0,0.0,0,247.0,0.0,0.0,0.0,0.0,0.0,1
2023-05-09 21:23:52,p2401-C-7700,p2401-C-7700,247.0,0.0,0.0,0.0,1,95.5,0.0,0,247.0,0.0,0.0,0.0,0.0,0.0,1
2023-05-09 21:23:52,p2401-C-7700,p2401-C-7700,247.0,0.0,0.0,0.0,10,96.0,0.0,0,247.0,0.0,0.0,0.0,0.0,0.0,1
2023-05-09 21:46:48,p2401-C-7700,p2401-C-7700,247.0,0.0,0.0,0.0,1,96.5,0.0,0,247.0,0.0,0.0,0.0,0.0,0.0,1
2023-05-09 21:46:48,p2401-C-7700,p2401-C-7700,247.0,0.0,0.0,0.0,10,97.0,0.0,0,247.0,0.0,0.0,0.0,0.0,0.0,1
2023-05-09 21:46:50,p2401-C-7700,p2401-C-7700,247.0,0.0,0.0,0.0,1,97.5,0.0,0,247.0,0.0,0.0,0.0,0.0,0.0,1
2023-05-09 21:46:50,p2401-C-7700,p2401-C-7700,247.0,0.0,0.0,0.0,10,98.0,0.0,0,247.0,0.0,0.0,0.0,0.0,0.0,1
2023-05-09 22:56:55,p2401-C-7700,p2401-C-7700,247.0,0.0,0.0,0.0,1,37.5,0.0,0,247.0,0.0,0.0,0.0,0.0,0.0,1
2023-05-09 22:59:15,p2401-C-7700,p2401-C-7700,247.0,0.0,0.0,0.0,10,38.0,0.0,0,247.0,0.0,0.0,0.0,0.0,0.0,1
2023-05-09 22:59:59,p2401-C-7700,p2401-C-7700,247.0,0.0,0.0,0.0,1,37.5,0.0,0,247.0,0.0,0.0,0.0,0.0,0.0,1
2023-05-10 09:00:02,p2401-C-7700,p2401-C-7700,247.0,0.0,0.0,0.0,10,38.0,0.0,0,247.0,0.0,0.0,0.0,0.0,0.0,1
2023-05-10 09:01:49,p2401-C-7700,p2401-C-7700,247.0,0.0,0.0,0.0,1,38.5,0.0,0,247.0,0.0,0.0,0.0,0.0,0.0,1
2023-05-10 09:01:49,p2401-C-7700,p2401-C-7700,247.0,0.0,0.0,0.0,10,39.0,0.0,0,247.0,0.0,0.0,0.0,0.0,0.0,1
2023-05-10 09:01:52,p2401-C-7700,p2401-C-7700,247.0,0.0,0.0,0.0,1,45.5,0.0,0,247.0,0.0,0.0,0.0,0.0,0.0,1
2023-05-10 09:01:52,p2401-C-7700,p2401-C-7700,247.0,0.0,0.0,0.0,10,46.0,0.0,0,247.0,0.0,0.0,0.0,0.0,0.0,1
2023-05-10 09:04:35,p2401-C-7700,p2401-C-7700,247.0,0.0,0.0,0.0,1,52.5,0.0,0,247.0,0.0,0.0,0.0,0.0,0.0,1
2023-05-10 09:04:35,p2401-C-7700,p2401-C-7700,247.0,0.0,0.0,0.0,10,53.0,0.0,0,247.0,0.0,0.0,0.0,0.0,0.0,1
2023-05-10 09:05:03,p2401-C-7700,p2401-C-7700,247.0,0.0,0.0,0.0,1,53.5,0.0,0,247.0,0.0,0.0,0.0,0.0,0.0,1
2023-05-10 09:05:03,p2401-C-7700,p2401-C-7700,247.0,0.0,0.0,0.0,10,54.0,0.0,0,247.0,0.0,0.0,0.0,0.0,0.0,1
2023-05-10 09:05:08,p2401-C-7700,p2401-C-7700,247.0,0.0,0.0,0.0,1,54.5,0.0,0,247.0,0.0,0.0,0.0,0.0,0.0,1
2023-05-10 09:05:08,p2401-C-7700,p2401-C-7700,247.0,0.0,0.0,0.0,10,55.0,0.0,0,247.0,0.0,0.0,0.0,0.0,0.0,1
2023-05-10 09:05:12,p2401-C-7700,p2401-C-7700,247.0,0.0,0.0,0.0,1,55.5,0.0,0,247.0,0.0,0.0,0.0,0.0,0.0,1
2023-05-10 09:05:12,p2401-C-7700,p2401-C-7700,247.0,0.0,0.0,0.0,10,56.0,0.0,0,247.0,0.0,0.0,0.0,0.0,0.0,1
2023-05-10 09:05:15,p2401-C-7700,p2401-C-7700,247.0,0.0,0.0,0.0,1,56.5,0.0,0,247.0,0.0,0.0,0.0,0.0,0.0,1
2023-05-10 09:05:15,p2401-C-7700,p2401-C-7700,247.0,0.0,0.0,0.0,10,57.0,0.0,0,247.0,0.0,0.0,0.0,0.0,0.0,1
2023-05-10 09:05:18,p2401-C-7700,p2401-C-7700,247.0,0.0,0.0,0.0,1,57.5,0.0,0,247.0,0.0,0.0,0.0,0.0,0.0,1
2023-05-10 09:05:18,p2401-C-7700,p2401-C-7700,247.0,0.0,0.0,0.0,10,58.0,0.0,0,247.0,0.0,0.0,0.0,0.0,0.0,1
2023-05-10 09:05:23,p2401-C-7700,p2401-C-7700,247.0,0.0,0.0,0.0,1,58.5,0.0,0,247.0,0.0,0.0,0.0,0.0,0.0,1
2023-05-10 09:05:23,p2401-C-7700,p2401-C-7700,247.0,0.0,0.0,0.0,10,59.0,0.0,0,247.0,0.0,0.0,0.0,0.0,0.0,1
2023-05-10 09:05:43,p2401-C-7700,p2401-C-7700,247.0,0.0,0.0,0.0,1,59.5,0.0,0,247.0,0.0,0.0,0.0,0.0,0.0,1
2023-05-10 09:05:43,p2401-C-7700,p2401-C-7700,247.0,0.0,0.0,0.0,10,60.0,0.0,0,247.0,0.0,0.0,0.0,0.0,0.0,1
2023-05-10 09:05:45,p2401-C-7700,p2401-C-7700,247.0,0.0,0.0,0.0,1,60.5,0.0,0,247.0,0.0,0.0,0.0,0.0,0.0,1
2023-05-10 09:05:45,p2401-C-7700,p2401-C-7700,247.0,0.0,0.0,0.0,10,61.0,0.0,0,247.0,0.0,0.0,0.0,0.0,0.0,1
2023-05-10 09:05:46,p2401-C-7700,p2401-C-7700,247.0,0.0,0.0,0.0,1,61.5,0.0,0,247.0,0.0,0.0,0.0,0.0,0.0,1
2023-05-10 09:05:47,p2401-C-7700,p2401-C-7700,247.0,0.0,0.0,0.0,10,62.0,0.0,0,247.0,0.0,0.0,0.0,0.0,0.0,1
2023-05-10 09:05:48,p2401-C-7700,p2401-C-7700,247.0,0.0,0.0,0.0,1,62.5,0.0,0,247.0,0.0,0.0,0.0,0.0,0.0,1
2023-05-10 09:05:48,p2401-C-7700,p2401-C-7700,247.0,0.0,0.0,0.0,11,63.0,0.0,0,247.0,0.0,0.0,0.0,0.0,0.0,1
2023-05-10 09:05:49,p2401-C-7700,p2401-C-7700,247.0,0.0,0.0,0.0,10,63.0,0.0,0,247.0,0.0,0.0,0.0,0.0,0.0,1
2023-05-10 09:05:49,p2401-C-7700,p2401-C-7700,247.0,0.0,0.0,0.0,1,63.5,0.0,0,247.0,0.0,0.0,0.0,0.0,0.0,1
2023-05-10 09:05:49,p2401-C-7700,p2401-C-7700,247.0,0.0,0.0,0.0,10,64.0,0.0,0,247.0,0.0,0.0,0.0,0.0,0.0,1
2023-05-10 09:05:50,p2401-C-7700,p2401-C-7700,247.0,0.0,0.0,0.0,11,64.0,0.0,0,247.0,0.0,0.0,0.0,0.0,0.0,1
2023-05-10 09:05:50,p2401-C-7700,p2401-C-7700,247.0,0.0,0.0,0.0,10,64.0,0.0,0,247.0,0.0,0.0,0.0,0.0,0.0,1
2023-05-10 09:05:51,p2401-C-7700,p2401-C-7700,247.0,0.0,0.0,0.0,1,38.5,0.0,0,247.0,0.0,0.0,0.0,0.0,0.0,1
2023-05-10 09:05:52,p2401-C-7700,p2401-C-7700,247.0,0.0,0.0,0.0,1,45.0,0.0,0,247.0,0.0,0.0,0.0,0.0,0.0,1
2023-05-10 09:05:52,p2401-C-7700,p2401-C-7700,247.0,0.0,0.0,0.0,10,45.5,0.0,0,247.0,0.0,0.0,0.0,0.0,0.0,1
2023-05-10 09:05:53,p2401-C-7700,p2401-C-7700,247.0,0.0,0.0,0.0,1,52.0,0.0,0,247.0,0.0,0.0,0.0,0.0,0.0,1
2023-05-10 09:05:53,p2401-C-7700,p2401-C-7700,247.0,0.0,0.0,0.0,10,52.5,0.0,0,247.0,0.0,0.0,0.0,0.0,0.0,1
2023-05-10 09:05:55,p2401-C-7700,p2401-C-7700,247.0,0.0,0.0,0.0,1,59.0,0.0,0,247.0,0.0,0.0,0.0,0.0,0.0,1
2023-05-10 09:05:55,p2401-C-7700,p2401-C-7700,247.0,0.0,0.0,0.0,10,59.5,0.0,0,247.0,0.0,0.0,0.0,0.0,0.0,1
2023-05-10 09:05:56,p2401-C-7700,p2401-C-7700,247.0,0.0,0.0,0.0,1,63.0,0.0,0,247.0,0.0,0.0,0.0,0.0,0.0,1
2023-05-10 09:05:56,p2401-C-7700,p2401-C-7700,247.0,0.0,0.0,0.0,10,63.5,0.0,0,247.0,0.0,0.0,0.0,0.0,0.0,1
2023-05-10 09:05:57,p2401-C-7700,p2401-C-7700,247.0,0.0,0.0,0.0,11,63.5,0.0,0,247.0,0.0,0.0,0.0,0.0,0.0,1
2023-05-10 09:43:22,p2401-C-7700,p2401-C-7700,247.0,0.0,0.0,0.0,1,64.0,0.0,0,247.0,0.0,0.0,0.0,0.0,0.0,1
2023-05-10 09:43:23,p2401-C-7700,p2401-C-7700,247.0,0.0,0.0,0.0,10,64.5,0.0,0,247.0,0.0,0.0,0.0,0.0,0.0,1
2023-05-10 09:43:23,p2401-C-7700,p2401-C-7700,247.0,0.0,0.0,0.0,1,70.5,0.0,0,247.0,0.0,0.0,0.0,0.0,0.0,1
2023-05-10 09:43:23,p2401-C-7700,p2401-C-7700,247.0,0.0,0.0,0.0,10,71.0,0.0,0,247.0,0.0,0.0,0.0,0.0,0.0,1
2023-05-10 09:43:24,p2401-C-7700,p2401-C-7700,247.0,0.0,0.0,0.0,1,77.5,0.0,0,247.0,0.0,0.0,0.0,0.0,0.0,1
2023-05-10 09:43:24,p2401-C-7700,p2401-C-7700,247.0,0.0,0.0,0.0,10,78.0,0.0,0,247.0,0.0,0.0,0.0,0.0,0.0,1
2023-05-10 09:43:25,p2401-C-7700,p2401-C-7700,247.0,0.0,0.0,0.0,1,84.5,0.0,0,247.0,0.0,0.0,0.0,0.0,0.0,1
2023-05-10 09:43:25,p2401-C-7700,p2401-C-7700,247.0,0.0,0.0,0.0,10,85.0,0.0,0,247.0,0.0,0.0,0.0,0.0,0.0,1
2023-05-10 09:43:26,p2401-C-7700,p2401-C-7700,247.0,0.0,0.0,0.0,1,88.5,0.0,0,247.0,0.0,0.0,0.0,0.0,0.0,1
2023-05-10 09:43:26,p2401-C-7700,p2401-C-7700,247.0,0.0,0.0,0.0,10,89.0,0.0,0,247.0,0.0,0.0,0.0,0.0,0.0,1
2023-05-10 09:43:28,p2401-C-7700,p2401-C-7700,247.0,0.0,0.0,0.0,1,92.5,0.0,0,247.0,0.0,0.0,0.0,0.0,0.0,1
2023-05-10 09:43:28,p2401-C-7700,p2401-C-7700,247.0,0.0,0.0,0.0,10,93.0,0.0,0,247.0,0.0,0.0,0.0,0.0,0.0,1
2023-05-10 09:43:29,p2401-C-7700,p2401-C-7700,247.0,0.0,0.0,0.0,1,93.5,0.0,0,247.0,0.0,0.0,0.0,0.0,0.0,1
2023-05-10 09:43:29,p2401-C-7700,p2401-C-7700,247.0,0.0,0.0,0.0,10,94.0,0.0,0,247.0,0.0,0.0,0.0,0.0,0.0,1
2023-05-10 09:43:30,p2401-C-7700,p2401-C-7700,247.0,0.0,0.0,0.0,1,94.5,0.0,0,247.0,0.0,0.0,0.0,0.0,0.0,1
2023-05-10 09:43:30,p2401-C-7700,p2401-C-7700,247.0,0.0,0.0,0.0,10,95.0,0.0,0,247.0,0.0,0.0,0.0,0.0,0.0,1
2023-05-10 09:43:31,p2401-C-7700,p2401-C-7700,247.0,0.0,0.0,0.0,1,95.5,0.0,0,247.0,0.0,0.0,0.0,0.0,0.0,1
2023-05-10 09:43:31,p2401-C-7700,p2401-C-7700,247.0,0.0,0.0,0.0,10,96.0,0.0,0,247.0,0.0,0.0,0.0,0.0,0.0,1
2023-05-10 09:43:32,p2401-C-7700,p2401-C-7700,247.0,0.0,0.0,0.0,1,96.5,0.0,0,247.0,0.0,0.0,0.0,0.0,0.0,1
2023-05-10 09:43:32,p2401-C-7700,p2401-C-7700,247.0,0.0,0.0,0.0,10,97.0,0.0,0,247.0,0.0,0.0,0.0,0.0,0.0,1
2023-05-10 10:14:32,p2401-C-7700,p2401-C-7700,247.0,0.0,0.0,0.0,1,64.0,0.0,0,247.0,0.0,0.0,0.0,0.0,0.0,1
2023-05-10 10:30:23,p2401-C-7700,p2401-C-7700,247.0,0.0,0.0,0.0,10,64.5,0.0,0,247.0,0.0,0.0,0.0,0.0,0.0,1
2023-05-10 10:31:00,p2401-C-7700,p2401-C-7700,247.0,0.0,0.0,0.0,1,65.0,0.0,0,247.0,0.0,0.0,0.0,0.0,0.0,1
2023-05-10 10:31:01,p2401-C-7700,p2401-C-7700,247.0,0.0,0.0,0.0,10,65.5,0.0,0,247.0,0.0,0.0,0.0,0.0,0.0,1
2023-05-10 10:31:02,p2401-C-7700,p2401-C-7700,247.0,0.0,0.0,0.0,1,66.0,0.0,0,247.0,0.0,0.0,0.0,0.0,0.0,1
2023-05-10 10:31:02,p2401-C-7700,p2401-C-7700,247.0,0.0,0.0,0.0,10,66.5,0.0,0,247.0,0.0,0.0,0.0,0.0,0.0,1
2023-05-10 10:31:03,p2401-C-7700,p2401-C-7700,247.0,0.0,0.0,0.0,1,64.0,0.0,0,247.0,0.0,0.0,0.0,0.0,0.0,1
2023-05-10 10:31:03,p2401-C-7700,p2401-C-7700,247.0,0.0,0.0,0.0,10,64.5,0.0,0,247.0,0.0,0.0,0.0,0.0,0.0,1
2023-05-10 10:31:04,p2401-C-7700,p2401-C-7700,247.0,0.0,0.0,0.0,1,65.0,0.0,0,247.0,0.0,0.0,0.0,0.0,0.0,1
2023-05-10 10:31:04,p2401-C-7700,p2401-C-7700,247.0,0.0,0.0,0.0,10,65.5,0.0,0,247.0,0.0,0.0,0.0,0.0,0.0,1
2023-05-10 10:31:05,p2401-C-7700,p2401-C-7700,247.0,0.0,0.0,0.0,1,66.0,0.0,0,247.0,0.0,0.0,0.0,0.0,0.0,1
2023-05-10 10:31:06,p2401-C-7700,p2401-C-7700,247.0,0.0,0.0,0.0,11,66.5,0.0,0,247.0,0.0,0.0,0.0,0.0,0.0,1
2023-05-10 10:31:06,p2401-C-7700,p2401-C-7700,247.0,0.0,0.0,0.0,10,66.5,0.0,0,247.0,0.0,0.0,0.0,0.0,0.0,1
2023-05-10 10:31:07,p2401-C-7700,p2401-C-7700,247.0,0.0,0.0,0.0,1,64.0,0.0,0,247.0,0.0,0.0,0.0,0.0,0.0,1
2023-05-10 10:31:07,p2401-C-7700,p2401-C-7700,247.0,0.0,0.0,0.0,1,64.5,0.0,0,247.0,0.0,0.0,0.0,0.0,0.0,1
2023-05-10 10:31:08,p2401-C-7700,p2401-C-7700,247.0,0.0,0.0,0.0,10,65.0,0.0,0,247.0,0.0,0.0,0.0,0.0,0.0,1
2023-05-10 10:31:08,p2401-C-7700,p2401-C-7700,247.0,0.0,0.0,0.0,1,65.5,0.0,0,247.0,0.0,0.0,0.0,0.0,0.0,1
2023-05-10 10:31:08,p2401-C-7700,p2401-C-7700,247.0,0.0,0.0,0.0,10,66.0,0.0,0,247.0,0.0,0.0,0.0,0.0,0.0,1
2023-05-10 10:31:09,p2401-C-7700,p2401-C-7700,247.0,0.0,0.0,0.0,1,66.5,0.0,0,247.0,0.0,0.0,0.0,0.0,0.0,1
2023-05-10 10:31:10,p2401-C-7700,p2401-C-7700,247.0,0.0,0.0,0.0,11,67.0,0.0,0,247.0,0.0,0.0,0.0,0.0,0.0,1
2023-05-10 10:31:10,p2401-C-7700,p2401-C-7700,247.0,0.0,0.0,0.0,1,67.5,0.0,0,247.0,0.0,0.0,0.0,0.0,0.0,1
2023-05-10 10:31:11,p2401-C-7700,p2401-C-7700,247.0,0.0,0.0,0.0,11,68.0,0.0,0,247.0,0.0,0.0,0.0,0.0,0.0,1
2023-05-10 10:31:11,p2401-C-7700,p2401-C-7700,247.0,0.0,0.0,0.0,1,68.5,0.0,0,247.0,0.0,0.0,0.0,0.0,0.0,1
2023-05-10 10:31:12,p2401-C-7700,p2401-C-7700,247.0,0.0,0.0,0.0,11,69.0,0.0,0,247.0,0.0,0.0,0.0,0.0,0.0,1
2023-05-10 10:31:12,p2401-C-7700,p2401-C-7700,247.0,0.0,0.0,0.0,1,69.5,0.0,0,247.0,0.0,0.0,0.0,0.0,0.0,1
2023-05-10 10:31:13,p2401-C-7700,p2401-C-7700,247.0,0.0,0.0,0.0,11,70.0,0.0,0,247.0,0.0,0.0,0.0,0.0,0.0,1
2023-05-10 10:31:13,p2401-C-7700,p2401-C-7700,247.0,0.0,0.0,0.0,1,70.5,0.0,0,247.0,0.0,0.0,0.0,0.0,0.0,1
2023-05-10 10:31:14,p2401-C-7700,p2401-C-7700,247.0,0.0,0.0,0.0,10,71.0,0.0,0,247.0,0.0,0.0,0.0,0.0,0.0,1
2023-05-10 10:31:14,p2401-C-7700,p2401-C-7700,247.0,0.0,0.0,0.0,1,71.5,0.0,0,247.0,0.0,0.0,0.0,0.0,0.0,1
2023-05-10 10:31:15,p2401-C-7700,p2401-C-7700,247.0,0.0,0.0,0.0,10,72.0,0.0,0,247.0,0.0,0.0,0.0,0.0,0.0,1
2023-05-10 10:31:16,p2401-C-7700,p2401-C-7700,247.0,0.0,0.0,0.0,1,72.5,0.0,0,247.0,0.0,0.0,0.0,0.0,0.0,1
2023-05-10 10:31:16,p2401-C-7700,p2401-C-7700,247.0,0.0,0.0,0.0,10,73.0,0.0,0,247.0,0.0,0.0,0.0,0.0,0.0,1
2023-05-10 10:31:17,p2401-C-7700,p2401-C-7700,247.0,0.0,0.0,0.0,1,73.5,0.0,0,247.0,0.0,0.0,0.0,0.0,0.0,1
2023-05-10 10:31:17,p2401-C-7700,p2401-C-7700,247.0,0.0,0.0,0.0,10,74.0,0.0,0,247.0,0.0,0.0,0.0,0.0,0.0,1
2023-05-10 10:31:18,p2401-C-7700,p2401-C-7700,247.0,0.0,0.0,0.0,1,64.0,0.0,0,247.0,0.0,0.0,0.0,0.0,0.0,1
2023-05-10 10:31:19,p2401-C-7700,p2401-C-7700,247.0,0.0,0.0,0.0,10,64.5,0.0,0,247.0,0.0,0.0,0.0,0.0,0.0,1
2023-05-10 10:31:20,p2401-C-7700,p2401-C-7700,247.0,0.0,0.0,0.0,1,71.0,0.0,0,247.0,0.0,0.0,0.0,0.0,0.0,1
2023-05-10 10:31:20,p2401-C-7700,p2401-C-7700,247.0,0.0,0.0,0.0,10,71.5,0.0,0,247.0,0.0,0.0,0.0,0.0,0.0,1
2023-05-10 10:31:21,p2401-C-7700,p2401-C-7700,247.0,0.0,0.0,0.0,1,75.0,0.0,0,247.0,0.0,0.0,0.0,0.0,0.0,1
2023-05-10 10:31:21,p2401-C-7700,p2401-C-7700,247.0,0.0,0.0,0.0,10,75.5,0.0,0,247.0,0.0,0.0,0.0,0.0,0.0,1
2023-05-10 10:31:22,p2401-C-7700,p2401-C-7700,247.0,0.0,0.0,0.0,1,76.0,0.0,0,247.0,0.0,0.0,0.0,0.0,0.0,1
2023-05-10 10:31:22,p2401-C-7700,p2401-C-7700,247.0,0.0,0.0,0.0,10,76.5,0.0,0,247.0,0.0,0.0,0.0,0.0,0.0,1
2023-05-10 10:31:24,p2401-C-7700,p2401-C-7700,247.0,0.0,0.0,0.0,1,77.0,0.0,0,247.0,0.0,0.0,0.0,0.0,0.0,1
2023-05-10 10:31:24,p2401-C-7700,p2401-C-7700,247.0,0.0,0.0,0.0,10,77.5,0.0,0,247.0,0.0,0.0,0.0,0.0,0.0,1
2023-05-10 10:31:25,p2401-C-7700,p2401-C-7700,247.0,0.0,0.0,0.0,1,78.0,0.0,0,247.0,0.0,0.0,0.0,0.0,0.0,1
2023-05-10 10:31:25,p2401-C-7700,p2401-C-7700,247.0,0.0,0.0,0.0,10,78.5,0.0,0,247.0,0.0,0.0,0.0,0.0,0.0,1
2023-05-10 10:31:26,p2401-C-7700,p2401-C-7700,247.0,0.0,0.0,0.0,1,79.0,0.0,0,247.0,0.0,0.0,0.0,0.0,0.0,1
2023-05-10 10:31:26,p2401-C-7700,p2401-C-7700,247.0,0.0,0.0,0.0,10,79.5,0.0,0,247.0,0.0,0.0,0.0,0.0,0.0,1
2023-05-10 10:31:27,p2401-C-7700,p2401-C-7700,247.0,0.0,0.0,0.0,1,80.0,0.0,0,247.0,0.0,0.0,0.0,0.0,0.0,1
2023-05-10 10:31:27,p2401-C-7700,p2401-C-7700,247.0,0.0,0.0,0.0,10,80.5,0.0,0,247.0,0.0,0.0,0.0,0.0,0.0,1
2023-05-10 10:31:28,p2401-C-7700,p2401-C-7700,247.0,0.0,0.0,0.0,1,64.0,0.0,0,247.0,0.0,0.0,0.0,0.0,0.0,1
2023-05-10 10:31:29,p2401-C-7700,p2401-C-7700,247.0,0.0,0.0,0.0,1,67.5,0.0,0,247.0,0.0,0.0,0.0,0.0,0.0,1
2023-05-10 10:31:29,p2401-C-7700,p2401-C-7700,247.0,0.0,0.0,0.0,10,68.0,0.0,0,247.0,0.0,0.0,0.0,0.0,0.0,1
2023-05-10 10:31:30,p2401-C-7700,p2401-C-7700,247.0,0.0,0.0,0.0,1,71.5,0.0,0,247.0,0.0,0.0,0.0,0.0,0.0,1
2023-05-10 10:31:30,p2401-C-7700,p2401-C-7700,247.0,0.0,0.0,0.0,10,72.0,0.0,0,247.0,0.0,0.0,0.0,0.0,0.0,1
2023-05-10 10:31:31,p2401-C-7700,p2401-C-7700,247.0,0.0,0.0,0.0,1,72.5,0.0,0,247.0,0.0,0.0,0.0,0.0,0.0,1
2023-05-10 10:31:31,p2401-C-7700,p2401-C-7700,247.0,0.0,0.0,0.0,10,73.0,0.0,0,247.0,0.0,0.0,0.0,0.0,0.0,1
2023-05-10 10:31:33,p2401-C-7700,p2401-C-7700,247.0,0.0,0.0,0.0,1,73.5,0.0,0,247.0,0.0,0.0,0.0,0.0,0.0,1
2023-05-10 10:31:33,p2401-C-7700,p2401-C-7700,247.0,0.0,0.0,0.0,10,74.0,0.0,0,247.0,0.0,0.0,0.0,0.0,0.0,1
2023-05-10 10:31:34,p2401-C-7700,p2401-C-7700,247.0,0.0,0.0,0.0,1,80.5,0.0,0,247.0,0.0,0.0,0.0,0.0,0.0,1
2023-05-10 10:31:34,p2401-C-7700,p2401-C-7700,247.0,0.0,0.0,0.0,10,81.0,0.0,0,247.0,0.0,0.0,0.0,0.0,0.0,1
2023-05-10 10:31:35,p2401-C-7700,p2401-C-7700,247.0,0.0,0.0,0.0,1,84.5,0.0,0,247.0,0.0,0.0,0.0,0.0,0.0,1
2023-05-10 10:31:35,p2401-C-7700,p2401-C-7700,247.0,0.0,0.0,0.0,10,85.0,0.0,0,247.0,0.0,0.0,0.0,0.0,0.0,1
2023-05-10 10:31:36,p2401-C-7700,p2401-C-7700,247.0,0.0,0.0,0.0,1,88.5,0.0,0,247.0,0.0,0.0,0.0,0.0,0.0,1
2023-05-10 10:31:36,p2401-C-7700,p2401-C-7700,247.0,0.0,0.0,0.0,10,89.0,0.0,0,247.0,0.0,0.0,0.0,0.0,0.0,1
2023-05-10 10:31:37,p2401-C-7700,p2401-C-7700,247.0,0.0,0.0,0.0,1,89.5,0.0,0,247.0,0.0,0.0,0.0,0.0,0.0,1
2023-05-10 10:31:37,p2401-C-7700,p2401-C-7700,247.0,0.0,0.0,0.0,10,90.0,0.0,0,247.0,0.0,0.0,0.0,0.0,0.0,1
2023-05-10 10:31:38,p2401-C-7700,p2401-C-7700,247.0,0.0,0.0,0.0,1,90.5,0.0,0,247.0,0.0,0.0,0.0,0.0,0.0,1
2023-05-10 10:31:38,p2401-C-7700,p2401-C-7700,247.0,0.0,0.0,0.0,10,91.0,0.0,0,247.0,0.0,0.0,0.0,0.0,0.0,1
2023-05-10 10:31:39,p2401-C-7700,p2401-C-7700,247.0,0.0,0.0,0.0,1,91.5,0.0,0,247.0,0.0,0.0,0.0,0.0,0.0,1
2023-05-10 10:31:39,p2401-C-7700,p2401-C-7700,247.0,0.0,0.0,0.0,10,92.0,0.0,0,247.0,0.0,0.0,0.0,0.0,0.0,1
2023-05-10 10:31:40,p2401-C-7700,p2401-C-7700,247.0,0.0,0.0,0.0,1,92.5,0.0,0,247.0,0.0,0.0,0.0,0.0,0.0,1
2023-05-10 10:31:40,p2401-C-7700,p2401-C-7700,247.0,0.0,0.0,0.0,10,93.0,0.0,0,247.0,0.0,0.0,0.0,0.0,0.0,1
2023-05-10 10:31:41,p2401-C-7700,p2401-C-7700,247.0,0.0,0.0,0.0,1,93.5,0.0,0,247.0,0.0,0.0,0.0,0.0,0.0,1
2023-05-10 10:31:41,p2401-C-7700,p2401-C-7700,247.0,0.0,0.0,0.0,10,94.0,0.0,0,247.0,0.0,0.0,0.0,0.0,0.0,1
2023-05-10 10:31:42,p2401-C-7700,p2401-C-7700,247.0,0.0,0.0,0.0,1,94.5,0.0,0,247.0,0.0,0.0,0.0,0.0,0.0,1
2023-05-10 10:31:42,p2401-C-7700,p2401-C-7700,247.0,0.0,0.0,0.0,10,95.0,0.0,0,247.0,0.0,0.0,0.0,0.0,0.0,1
2023-05-10 10:31:44,p2401-C-7700,p2401-C-7700,247.0,0.0,0.0,0.0,1,64.0,0.0,0,247.0,0.0,0.0,0.0,0.0,0.0,1
2023-05-10 10:31:44,p2401-C-7700,p2401-C-7700,247.0,0.0,0.0,0.0,1,67.5,0.0,0,247.0,0.0,0.0,0.0,0.0,0.0,1
2023-05-10 10:31:44,p2401-C-7700,p2401-C-7700,247.0,0.0,0.0,0.0,10,68.0,0.0,0,247.0,0.0,0.0,0.0,0.0,0.0,1
2023-05-10 10:31:45,p2401-C-7700,p2401-C-7700,247.0,0.0,0.0,0.0,1,71.5,0.0,0,247.0,0.0,0.0,0.0,0.0,0.0,1
2023-05-10 10:31:45,p2401-C-7700,p2401-C-7700,247.0,0.0,0.0,0.0,10,72.0,0.0,0,247.0,0.0,0.0,0.0,0.0,0.0,1
2023-05-10 10:31:47,p2401-C-7700,p2401-C-7700,247.0,0.0,0.0,0.0,1,72.5,0.0,0,247.0,0.0,0.0,0.0,0.0,0.0,1
2023-05-10 10:31:47,p2401-C-7700,p2401-C-7700,247.0,0.0,0.0,0.0,10,73.0,0.0,0,247.0,0.0,0.0,0.0,0.0,0.0,1
2023-05-10 10:31:48,p2401-C-7700,p2401-C-7700,247.0,0.0,0.0,0.0,1,73.5,0.0,0,247.0,0.0,0.0,0.0,0.0,0.0,1
2023-05-10 10:31:48,p2401-C-7700,p2401-C-7700,247.0,0.0,0.0,0.0,10,74.0,0.0,0,247.0,0.0,0.0,0.0,0.0,0.0,1
2023-05-10 10:31:49,p2401-C-7700,p2401-C-7700,247.0,0.0,0.0,0.0,1,80.5,0.0,0,247.0,0.0,0.0,0.0,0.0,0.0,1
2023-05-10 10:31:50,p2401-C-7700,p2401-C-7700,247.0,0.0,0.0,0.0,10,81.0,0.0,0,247.0,0.0,0.0,0.0,0.0,0.0,1
2023-05-10 10:31:50,p2401-C-7700,p2401-C-7700,247.0,0.0,0.0,0.0,1,87.5,0.0,0,247.0,0.0,0.0,0.0,0.0,0.0,1
2023-05-10 10:31:51,p2401-C-7700,p2401-C-7700,247.0,0.0,0.0,0.0,10,88.0,0.0,0,247.0,0.0,0.0,0.0,0.0,0.0,1
2023-05-10 10:31:51,p2401-C-7700,p2401-C-7700,247.0,0.0,0.0,0.0,1,94.5,0.0,0,247.0,0.0,0.0,0.0,0.0,0.0,1
2023-05-10 10:31:52,p2401-C-7700,p2401-C-7700,247.0,0.0,0.0,0.0,10,95.0,0.0,0,247.0,0.0,0.0,0.0,0.0,0.0,1
2023-05-10 10:31:52,p2401-C-7700,p2401-C-7700,247.0,0.0,0.0,0.0,1,101.5,0.0,0,247.0,0.0,0.0,0.0,0.0,0.0,1
2023-05-10 10:31:52,p2401-C-7700,p2401-C-7700,247.0,0.0,0.0,0.0,10,102.0,0.0,0,247.0,0.0,0.0,0.0,0.0,0.0,1
2023-05-10 10:31:53,p2401-C-7700,p2401-C-7700,247.0,0.0,0.0,0.0,1,105.5,0.0,0,247.0,0.0,0.0,0.0,0.0,0.0,1
2023-05-10 10:31:53,p2401-C-7700,p2401-C-7700,247.0,0.0,0.0,0.0,10,106.0,0.0,0,247.0,0.0,0.0,0.0,0.0,0.0,1
2023-05-10 10:31:54,p2401-C-7700,p2401-C-7700,247.0,0.0,0.0,0.0,1,106.5,0.0,0,247.0,0.0,0.0,0.0,0.0,0.0,1
2023-05-10 10:31:54,p2401-C-7700,p2401-C-7700,247.0,0.0,0.0,0.0,10,107.0,0.0,0,247.0,0.0,0.0,0.0,0.0,0.0,1
2023-05-10 10:31:55,p2401-C-7700,p2401-C-7700,247.0,0.0,0.0,0.0,1,107.5,0.0,0,247.0,0.0,0.0,0.0,0.0,0.0,1
2023-05-10 10:31:55,p2401-C-7700,p2401-C-7700,247.0,0.0,0.0,0.0,10,108.0,0.0,0,247.0,0.0,0.0,0.0,0.0,0.0,1
2023-05-10 10:31:56,p2401-C-7700,p2401-C-7700,247.0,0.0,0.0,0.0,1,108.5,0.0,0,247.0,0.0,0.0,0.0,0.0,0.0,1
2023-05-10 10:31:56,p2401-C-7700,p2401-C-7700,247.0,0.0,0.0,0.0,10,109.0,0.0,0,247.0,0.0,0.0,0.0,0.0,0.0,1
2023-05-10 11:29:33,p2401-C-7700,p2401-C-7700,247.0,0.0,0.0,0.0,1,64.0,0.0,0,247.0,0.0,0.0,0.0,0.0,0.0,1
2023-05-10 11:29:50,p2401-C-7700,p2401-C-7700,247.0,0.0,0.0,0.0,1,31.0,0.0,0,247.0,0.0,0.0,0.0,0.0,0.0,1
2023-05-10 13:31:09,p2401-C-7700,p2401-C-7700,247.0,0.0,0.0,0.0,1,31.5,0.0,0,247.0,0.0,0.0,0.0,0.0,0.0,1
2023-05-10 13:31:19,p2401-C-7700,p2401-C-7700,247.0,0.0,0.0,0.0,1,38.0,0.0,0,247.0,0.0,0.0,0.0,0.0,0.0,1
2023-05-10 13:34:01,p2401-C-7700,p2401-C-7700,247.0,0.0,0.0,0.0,10,38.5,0.0,0,247.0,0.0,0.0,0.0,0.0,0.0,1
2023-05-10 13:34:09,p2401-C-7700,p2401-C-7700,247.0,0.0,0.0,0.0,1,45.0,0.0,0,247.0,0.0,0.0,0.0,0.0,0.0,1
2023-05-10 13:34:09,p2401-C-7700,p2401-C-7700,247.0,0.0,0.0,0.0,10,45.5,0.0,0,247.0,0.0,0.0,0.0,0.0,0.0,1
2023-05-10 13:34:50,p2401-C-7700,p2401-C-7700,247.0,0.0,0.0,0.0,1,52.0,0.0,0,247.0,0.0,0.0,0.0,0.0,0.0,1
2023-05-10 13:34:50,p2401-C-7700,p2401-C-7700,247.0,0.0,0.0,0.0,10,52.5,0.0,0,247.0,0.0,0.0,0.0,0.0,0.0,1
2023-05-10 13:35:17,p2401-C-7700,p2401-C-7700,247.0,0.0,0.0,0.0,1,56.0,0.0,0,247.0,0.0,0.0,0.0,0.0,0.0,1
2023-05-10 13:35:17,p2401-C-7700,p2401-C-7700,247.0,0.0,0.0,0.0,10,56.5,0.0,0,247.0,0.0,0.0,0.0,0.0,0.0,1
2023-05-10 13:39:59,p2401-C-7700,p2401-C-7700,247.0,0.0,0.0,0.0,1,57.0,0.0,0,247.0,0.0,0.0,0.0,0.0,0.0,1
2023-05-10 13:39:59,p2401-C-7700,p2401-C-7700,247.0,0.0,0.0,0.0,10,57.5,0.0,0,247.0,0.0,0.0,0.0,0.0,0.0,1
2023-05-10 13:40:26,p2401-C-7700,p2401-C-7700,247.0,0.0,0.0,0.0,1,58.0,0.0,0,247.0,0.0,0.0,0.0,0.0,0.0,1
2023-05-10 13:40:26,p2401-C-7700,p2401-C-7700,247.0,0.0,0.0,0.0,10,58.5,0.0,0,247.0,0.0,0.0,0.0,0.0,0.0,1
2023-05-10 13:40:41,p2401-C-7700,p2401-C-7700,247.0,0.0,0.0,0.0,1,59.0,0.0,0,247.0,0.0,0.0,0.0,0.0,0.0,1
2023-05-10 13:40:41,p2401-C-7700,p2401-C-7700,247.0,0.0,0.0,0.0,10,59.5,0.0,0,247.0,0.0,0.0,0.0,0.0,0.0,1
2023-05-10 13:42:23,p2401-C-7700,p2401-C-7700,247.0,0.0,0.0,0.0,1,60.0,0.0,0,247.0,0.0,0.0,0.0,0.0,0.0,1
2023-05-10 13:42:23,p2401-C-7700,p2401-C-7700,247.0,0.0,0.0,0.0,10,60.5,0.0,0,247.0,0.0,0.0,0.0,0.0,0.0,1
2023-05-10 13:45:13,p2401-C-7700,p2401-C-7700,247.0,0.0,0.0,0.0,1,61.0,0.0,0,247.0,0.0,0.0,0.0,0.0,0.0,1
2023-05-10 13:45:13,p2401-C-7700,p2401-C-7700,247.0,0.0,0.0,0.0,10,61.5,0.0,0,247.0,0.0,0.0,0.0,0.0,0.0,1
2023-05-10 13:45:15,p2401-C-7700,p2401-C-7700,247.0,0.0,0.0,0.0,1,62.0,0.0,0,247.0,0.0,0.0,0.0,0.0,0.0,1
2023-05-10 13:45:16,p2401-C-7700,p2401-C-7700,247.0,0.0,0.0,0.0,10,62.5,0.0,0,247.0,0.0,0.0,0.0,0.0,0.0,1
2023-05-10 13:45:21,p2401-C-7700,p2401-C-7700,247.0,0.0,0.0,0.0,1,63.0,0.0,0,247.0,0.0,0.0,0.0,0.0,0.0,1
2023-05-10 13:45:22,p2401-C-7700,p2401-C-7700,247.0,0.0,0.0,0.0,10,63.5,0.0,0,247.0,0.0,0.0,0.0,0.0,0.0,1
2023-05-10 13:45:25,p2401-C-7700,p2401-C-7700,247.0,0.0,0.0,0.0,1,64.0,0.0,0,247.0,0.0,0.0,0.0,0.0,0.0,1
2023-05-10 13:45:25,p2401-C-7700,p2401-C-7700,247.0,0.0,0.0,0.0,10,64.5,0.0,0,247.0,0.0,0.0,0.0,0.0,0.0,1
2023-05-10 13:45:28,p2401-C-7700,p2401-C-7700,247.0,0.0,0.0,0.0,1,65.0,0.0,0,247.0,0.0,0.0,0.0,0.0,0.0,1
2023-05-10 13:45:28,p2401-C-7700,p2401-C-7700,247.0,0.0,0.0,0.0,10,65.5,0.0,0,247.0,0.0,0.0,0.0,0.0,0.0,1
2023-05-10 13:45:31,p2401-C-7700,p2401-C-7700,247.0,0.0,0.0,0.0,1,66.0,0.0,0,247.0,0.0,0.0,0.0,0.0,0.0,1
2023-05-10 13:45:31,p2401-C-7700,p2401-C-7700,247.0,0.0,0.0,0.0,10,66.5,0.0,0,247.0,0.0,0.0,0.0,0.0,0.0,1
2023-05-10 13:45:34,p2401-C-7700,p2401-C-7700,247.0,0.0,0.0,0.0,1,67.0,0.0,0,247.0,0.0,0.0,0.0,0.0,0.0,1
2023-05-10 13:45:34,p2401-C-7700,p2401-C-7700,247.0,0.0,0.0,0.0,10,67.5,0.0,0,247.0,0.0,0.0,0.0,0.0,0.0,1
2023-05-10 13:45:37,p2401-C-7700,p2401-C-7700,247.0,0.0,0.0,0.0,1,68.0,0.0,0,247.0,0.0,0.0,0.0,0.0,0.0,1
2023-05-10 13:45:38,p2401-C-7700,p2401-C-7700,247.0,0.0,0.0,0.0,10,68.5,0.0,0,247.0,0.0,0.0,0.0,0.0,0.0,1
2023-05-10 13:45:41,p2401-C-7700,p2401-C-7700,247.0,0.0,0.0,0.0,1,31.5,0.0,0,247.0,0.0,0.0,0.0,0.0,0.0,1
2023-05-10 13:45:41,p2401-C-7700,p2401-C-7700,247.0,0.0,0.0,0.0,1,38.0,0.0,0,247.0,0.0,0.0,0.0,0.0,0.0,1
2023-05-10 13:45:41,p2401-C-7700,p2401-C-7700,247.0,0.0,0.0,0.0,10,38.5,0.0,0,247.0,0.0,0.0,0.0,0.0,0.0,1
2023-05-10 13:45:47,p2401-C-7700,p2401-C-7700,247.0,0.0,0.0,0.0,1,45.0,0.0,0,247.0,0.0,0.0,0.0,0.0,0.0,1
2023-05-10 13:45:47,p2401-C-7700,p2401-C-7700,247.0,0.0,0.0,0.0,10,45.5,0.0,0,247.0,0.0,0.0,0.0,0.0,0.0,1
2023-05-10 13:45:53,p2401-C-7700,p2401-C-7700,247.0,0.0,0.0,0.0,1,52.0,0.0,0,247.0,0.0,0.0,0.0,0.0,0.0,1
2023-05-10 13:45:53,p2401-C-7700,p2401-C-7700,247.0,0.0,0.0,0.0,10,52.5,0.0,0,247.0,0.0,0.0,0.0,0.0,0.0,1
2023-05-10 13:46:00,p2401-C-7700,p2401-C-7700,247.0,0.0,0.0,0.0,1,59.0,0.0,0,247.0,0.0,0.0,0.0,0.0,0.0,1
2023-05-10 13:46:00,p2401-C-7700,p2401-C-7700,247.0,0.0,0.0,0.0,10,59.5,0.0,0,247.0,0.0,0.0,0.0,0.0,0.0,1
2023-05-10 13:46:02,p2401-C-7700,p2401-C-7700,247.0,0.0,0.0,0.0,1,63.0,0.0,0,247.0,0.0,0.0,0.0,0.0,0.0,1
2023-05-10 13:46:02,p2401-C-7700,p2401-C-7700,247.0,0.0,0.0,0.0,10,63.5,0.0,0,247.0,0.0,0.0,0.0,0.0,0.0,1
2023-05-10 13:46:05,p2401-C-7700,p2401-C-7700,247.0,0.0,0.0,0.0,1,64.0,0.0,0,247.0,0.0,0.0,0.0,0.0,0.0,1
2023-05-10 13:46:05,p2401-C-7700,p2401-C-7700,247.0,0.0,0.0,0.0,10,64.5,0.0,0,247.0,0.0,0.0,0.0,0.0,0.0,1
2023-05-10 13:46:08,p2401-C-7700,p2401-C-7700,247.0,0.0,0.0,0.0,1,65.0,0.0,0,247.0,0.0,0.0,0.0,0.0,0.0,1
2023-05-10 13:46:08,p2401-C-7700,p2401-C-7700,247.0,0.0,0.0,0.0,10,65.5,0.0,0,247.0,0.0,0.0,0.0,0.0,0.0,1
2023-05-10 13:46:16,p2401-C-7700,p2401-C-7700,247.0,0.0,0.0,0.0,1,69.0,0.0,0,247.0,0.0,0.0,0.0,0.0,0.0,1
2023-05-10 13:46:17,p2401-C-7700,p2401-C-7700,247.0,0.0,0.0,0.0,11,69.5,0.0,0,247.0,0.0,0.0,0.0,0.0,0.0,1
2023-05-10 13:46:17,p2401-C-7700,p2401-C-7700,247.0,0.0,0.0,0.0,10,69.5,0.0,0,247.0,0.0,0.0,0.0,0.0,0.0,1
2023-05-10 13:46:18,p2401-C-7700,p2401-C-7700,247.0,0.0,0.0,0.0,1,31.5,0.0,0,247.0,0.0,0.0,0.0,0.0,0.0,1
2023-05-10 13:46:18,p2401-C-7700,p2401-C-7700,247.0,0.0,0.0,0.0,1,38.0,0.0,0,247.0,0.0,0.0,0.0,0.0,0.0,1
2023-05-10 13:46:18,p2401-C-7700,p2401-C-7700,247.0,0.0,0.0,0.0,10,38.5,0.0,0,247.0,0.0,0.0,0.0,0.0,0.0,1
2023-05-10 13:46:20,p2401-C-7700,p2401-C-7700,247.0,0.0,0.0,0.0,1,45.0,0.0,0,247.0,0.0,0.0,0.0,0.0,0.0,1
2023-05-10 13:46:20,p2401-C-7700,p2401-C-7700,247.0,0.0,0.0,0.0,10,45.5,0.0,0,247.0,0.0,0.0,0.0,0.0,0.0,1
2023-05-10 13:46:22,p2401-C-7700,p2401-C-7700,247.0,0.0,0.0,0.0,1,52.0,0.0,0,247.0,0.0,0.0,0.0,0.0,0.0,1
2023-05-10 13:46:22,p2401-C-7700,p2401-C-7700,247.0,0.0,0.0,0.0,10,52.5,0.0,0,247.0,0.0,0.0,0.0,0.0,0.0,1
2023-05-10 13:46:23,p2401-C-7700,p2401-C-7700,247.0,0.0,0.0,0.0,1,59.0,0.0,0,247.0,0.0,0.0,0.0,0.0,0.0,1
2023-05-10 13:46:23,p2401-C-7700,p2401-C-7700,247.0,0.0,0.0,0.0,10,59.5,0.0,0,247.0,0.0,0.0,0.0,0.0,0.0,1
2023-05-10 13:46:26,p2401-C-7700,p2401-C-7700,247.0,0.0,0.0,0.0,1,63.0,0.0,0,247.0,0.0,0.0,0.0,0.0,0.0,1
2023-05-10 13:46:26,p2401-C-7700,p2401-C-7700,247.0,0.0,0.0,0.0,10,63.5,0.0,0,247.0,0.0,0.0,0.0,0.0,0.0,1
2023-05-10 13:46:27,p2401-C-7700,p2401-C-7700,247.0,0.0,0.0,0.0,1,64.0,0.0,0,247.0,0.0,0.0,0.0,0.0,0.0,1
2023-05-10 13:46:27,p2401-C-7700,p2401-C-7700,247.0,0.0,0.0,0.0,10,64.5,0.0,0,247.0,0.0,0.0,0.0,0.0,0.0,1
2023-05-10 13:46:28,p2401-C-7700,p2401-C-7700,247.0,0.0,0.0,0.0,1,65.0,0.0,0,247.0,0.0,0.0,0.0,0.0,0.0,1
2023-05-10 13:46:28,p2401-C-7700,p2401-C-7700,247.0,0.0,0.0,0.0,10,65.5,0.0,0,247.0,0.0,0.0,0.0,0.0,0.0,1
2023-05-10 13:46:30,p2401-C-7700,p2401-C-7700,247.0,0.0,0.0,0.0,1,66.0,0.0,0,247.0,0.0,0.0,0.0,0.0,0.0,1
2023-05-10 13:46:30,p2401-C-7700,p2401-C-7700,247.0,0.0,0.0,0.0,10,66.5,0.0,0,247.0,0.0,0.0,0.0,0.0,0.0,1
2023-05-10 13:46:32,p2401-C-7700,p2401-C-7700,247.0,0.0,0.0,0.0,1,73.0,0.0,0,247.0,0.0,0.0,0.0,0.0,0.0,1
2023-05-10 13:46:32,p2401-C-7700,p2401-C-7700,247.0,0.0,0.0,0.0,1,79.5,0.0,0,247.0,0.0,0.0,0.0,0.0,0.0,1
2023-05-10 13:46:32,p2401-C-7700,p2401-C-7700,247.0,0.0,0.0,0.0,10,80.0,0.0,0,247.0,0.0,0.0,0.0,0.0,0.0,1
2023-05-10 13:46:34,p2401-C-7700,p2401-C-7700,247.0,0.0,0.0,0.0,1,80.5,0.0,0,247.0,0.0,0.0,0.0,0.0,0.0,1
2023-05-10 13:46:34,p2401-C-7700,p2401-C-7700,247.0,0.0,0.0,0.0,10,81.0,0.0,0,247.0,0.0,0.0,0.0,0.0,0.0,1
2023-05-10 13:46:36,p2401-C-7700,p2401-C-7700,247.0,0.0,0.0,0.0,1,81.5,0.0,0,247.0,0.0,0.0,0.0,0.0,0.0,1
2023-05-10 13:46:36,p2401-C-7700,p2401-C-7700,247.0,0.0,0.0,0.0,10,82.0,0.0,0,247.0,0.0,0.0,0.0,0.0,0.0,1
2023-05-10 13:46:37,p2401-C-7700,p2401-C-7700,247.0,0.0,0.0,0.0,1,82.5,0.0,0,247.0,0.0,0.0,0.0,0.0,0.0,1
2023-05-10 13:46:37,p2401-C-7700,p2401-C-7700,247.0,0.0,0.0,0.0,10,83.0,0.0,0,247.0,0.0,0.0,0.0,0.0,0.0,1
2023-05-10 13:46:38,p2401-C-7700,p2401-C-7700,247.0,0.0,0.0,0.0,1,83.5,0.0,0,247.0,0.0,0.0,0.0,0.0,0.0,1
2023-05-10 13:46:38,p2401-C-7700,p2401-C-7700,247.0,0.0,0.0,0.0,10,84.0,0.0,0,247.0,0.0,0.0,0.0,0.0,0.0,1
2023-05-10 13:46:39,p2401-C-7700,p2401-C-7700,247.0,0.0,0.0,0.0,1,84.5,0.0,0,247.0,0.0,0.0,0.0,0.0,0.0,1
2023-05-10 13:46:39,p2401-C-7700,p2401-C-7700,247.0,0.0,0.0,0.0,10,85.0,0.0,0,247.0,0.0,0.0,0.0,0.0,0.0,1
2023-05-10 13:46:41,p2401-C-7700,p2401-C-7700,247.0,0.0,0.0,0.0,1,85.5,0.0,0,247.0,0.0,0.0,0.0,0.0,0.0,1
2023-05-10 13:46:41,p2401-C-7700,p2401-C-7700,247.0,0.0,0.0,0.0,10,86.0,0.0,0,247.0,0.0,0.0,0.0,0.0,0.0,1
2023-05-10 13:56:19,p2401-C-7700,p2401-C-7700,247.0,0.0,0.0,0.0,1,86.5,0.0,0,247.0,0.0,0.0,0.0,0.0,0.0,1
2023-05-10 13:56:19,p2401-C-7700,p2401-C-7700,247.0,0.0,0.0,0.0,10,87.0,0.0,0,247.0,0.0,0.0,0.0,0.0,0.0,1
2023-05-10 14:59:02,p2401-C-7700,p2401-C-7700,247.0,0.0,0.0,0.0,1,31.5,0.0,0,247.0,0.0,0.0,0.0,0.0,0.0,1
2023-05-10 14:59:04,p2401-C-7700,p2401-C-7700,247.0,0.0,0.0,0.0,1,38.0,0.0,0,247.0,0.0,0.0,0.0,0.0,0.0,1
2023-05-10 15:01:14,p2401-C-7700,p2401-C-7700,247.0,0.0,0.0,0.0,1,38.0,0.0,0,247.0,0.0,0.0,0.0,0.0,0.0,1
