time,symbol_id,symbol_name,last,trade_volume,trade_amount,open_interest_change,bv1,bp1,ap1,av1,yesterday_close,today_open,today_high,today_low,volume,amount,open_interest
2023-05-09 20:56:29,p2401-C-8200,p2401-C-8200,138.5,0.0,0.0,0.0,1,1.5,0.0,0,138.5,0.0,0.0,0.0,0.0,0.0,9
2023-05-09 21:00:26,p2401-C-8200,p2401-C-8200,138.5,0.0,0.0,0.0,10,2.0,0.0,0,138.5,0.0,0.0,0.0,0.0,0.0,9
2023-05-09 21:01:49,p2401-C-8200,p2401-C-8200,138.5,0.0,0.0,0.0,1,2.5,0.0,0,138.5,0.0,0.0,0.0,0.0,0.0,9
2023-05-09 21:01:49,p2401-C-8200,p2401-C-8200,138.5,0.0,0.0,0.0,10,3.0,0.0,0,138.5,0.0,0.0,0.0,0.0,0.0,9
2023-05-09 21:02:04,p2401-C-8200,p2401-C-8200,138.5,0.0,0.0,0.0,1,9.5,0.0,0,138.5,0.0,0.0,0.0,0.0,0.0,9
2023-05-09 21:02:04,p2401-C-8200,p2401-C-8200,138.5,0.0,0.0,0.0,10,10.0,0.0,0,138.5,0.0,0.0,0.0,0.0,0.0,9
2023-05-09 21:05:28,p2401-C-8200,p2401-C-8200,138.5,0.0,0.0,0.0,1,16.5,0.0,0,138.5,0.0,0.0,0.0,0.0,0.0,9
2023-05-09 21:05:28,p2401-C-8200,p2401-C-8200,138.5,0.0,0.0,0.0,10,17.0,0.0,0,138.5,0.0,0.0,0.0,0.0,0.0,9
2023-05-09 21:06:59,p2401-C-8200,p2401-C-8200,138.5,0.0,0.0,0.0,1,23.5,0.0,0,138.5,0.0,0.0,0.0,0.0,0.0,9
2023-05-09 21:06:59,p2401-C-8200,p2401-C-8200,138.5,0.0,0.0,0.0,10,24.0,0.0,0,138.5,0.0,0.0,0.0,0.0,0.0,9
2023-05-09 21:08:52,p2401-C-8200,p2401-C-8200,138.5,0.0,0.0,0.0,1,30.5,0.0,0,138.5,0.0,0.0,0.0,0.0,0.0,9
2023-05-09 21:08:52,p2401-C-8200,p2401-C-8200,138.5,0.0,0.0,0.0,10,31.0,0.0,0,138.5,0.0,0.0,0.0,0.0,0.0,9
2023-05-09 21:09:07,p2401-C-8200,p2401-C-8200,138.5,0.0,0.0,0.0,1,37.5,0.0,0,138.5,0.0,0.0,0.0,0.0,0.0,9
2023-05-09 21:09:07,p2401-C-8200,p2401-C-8200,138.5,0.0,0.0,0.0,10,38.0,0.0,0,138.5,0.0,0.0,0.0,0.0,0.0,9
2023-05-09 21:09:52,p2401-C-8200,p2401-C-8200,138.5,0.0,0.0,0.0,1,44.5,0.0,0,138.5,0.0,0.0,0.0,0.0,0.0,9
2023-05-09 21:09:52,p2401-C-8200,p2401-C-8200,138.5,0.0,0.0,0.0,10,45.0,0.0,0,138.5,0.0,0.0,0.0,0.0,0.0,9
2023-05-09 21:11:54,p2401-C-8200,p2401-C-8200,138.5,0.0,0.0,0.0,1,51.5,0.0,0,138.5,0.0,0.0,0.0,0.0,0.0,9
2023-05-09 21:11:54,p2401-C-8200,p2401-C-8200,138.5,0.0,0.0,0.0,10,52.0,0.0,0,138.5,0.0,0.0,0.0,0.0,0.0,9
2023-05-09 21:12:09,p2401-C-8200,p2401-C-8200,138.5,0.0,0.0,0.0,1,55.5,0.0,0,138.5,0.0,0.0,0.0,0.0,0.0,9
2023-05-09 21:12:09,p2401-C-8200,p2401-C-8200,138.5,0.0,0.0,0.0,10,56.0,0.0,0,138.5,0.0,0.0,0.0,0.0,0.0,9
2023-05-09 21:12:16,p2401-C-8200,p2401-C-8200,138.5,0.0,0.0,0.0,1,56.5,0.0,0,138.5,0.0,0.0,0.0,0.0,0.0,9
2023-05-09 21:12:16,p2401-C-8200,p2401-C-8200,138.5,0.0,0.0,0.0,10,57.0,0.0,0,138.5,0.0,0.0,0.0,0.0,0.0,9
2023-05-09 21:13:56,p2401-C-8200,p2401-C-8200,138.5,0.0,0.0,0.0,1,57.5,0.0,0,138.5,0.0,0.0,0.0,0.0,0.0,9
2023-05-09 21:13:56,p2401-C-8200,p2401-C-8200,138.5,0.0,0.0,0.0,10,58.0,0.0,0,138.5,0.0,0.0,0.0,0.0,0.0,9
2023-05-09 21:14:12,p2401-C-8200,p2401-C-8200,138.5,0.0,0.0,0.0,1,58.5,0.0,0,138.5,0.0,0.0,0.0,0.0,0.0,9
2023-05-09 21:14:12,p2401-C-8200,p2401-C-8200,138.5,0.0,0.0,0.0,10,59.0,0.0,0,138.5,0.0,0.0,0.0,0.0,0.0,9
2023-05-09 21:46:39,p2401-C-8200,p2401-C-8200,138.5,0.0,0.0,0.0,1,65.5,0.0,0,138.5,0.0,0.0,0.0,0.0,0.0,9
2023-05-09 21:46:39,p2401-C-8200,p2401-C-8200,138.5,0.0,0.0,0.0,10,66.0,0.0,0,138.5,0.0,0.0,0.0,0.0,0.0,9
2023-05-09 21:46:41,p2401-C-8200,p2401-C-8200,138.5,0.0,0.0,0.0,1,72.5,0.0,0,138.5,0.0,0.0,0.0,0.0,0.0,9
2023-05-09 21:46:41,p2401-C-8200,p2401-C-8200,138.5,0.0,0.0,0.0,10,73.0,0.0,0,138.5,0.0,0.0,0.0,0.0,0.0,9
2023-05-09 21:46:42,p2401-C-8200,p2401-C-8200,138.5,0.0,0.0,0.0,1,79.5,0.0,0,138.5,0.0,0.0,0.0,0.0,0.0,9
2023-05-09 21:46:42,p2401-C-8200,p2401-C-8200,138.5,0.0,0.0,0.0,10,80.0,0.0,0,138.5,0.0,0.0,0.0,0.0,0.0,9
2023-05-09 21:46:43,p2401-C-8200,p2401-C-8200,138.5,0.0,0.0,0.0,1,83.5,0.0,0,138.5,0.0,0.0,0.0,0.0,0.0,9
2023-05-09 21:46:43,p2401-C-8200,p2401-C-8200,138.5,0.0,0.0,0.0,10,84.0,0.0,0,138.5,0.0,0.0,0.0,0.0,0.0,9
2023-05-09 21:46:44,p2401-C-8200,p2401-C-8200,138.5,0.0,0.0,0.0,1,84.5,0.0,0,138.5,0.0,0.0,0.0,0.0,0.0,9
2023-05-09 21:46:44,p2401-C-8200,p2401-C-8200,138.5,0.0,0.0,0.0,10,85.0,0.0,0,138.5,0.0,0.0,0.0,0.0,0.0,9
2023-05-09 21:46:45,p2401-C-8200,p2401-C-8200,138.5,0.0,0.0,0.0,1,85.5,0.0,0,138.5,0.0,0.0,0.0,0.0,0.0,9
2023-05-09 21:46:45,p2401-C-8200,p2401-C-8200,138.5,0.0,0.0,0.0,10,86.0,0.0,0,138.5,0.0,0.0,0.0,0.0,0.0,9
2023-05-09 21:46:46,p2401-C-8200,p2401-C-8200,138.5,0.0,0.0,0.0,1,86.5,0.0,0,138.5,0.0,0.0,0.0,0.0,0.0,9
2023-05-09 21:46:46,p2401-C-8200,p2401-C-8200,138.5,0.0,0.0,0.0,10,87.0,0.0,0,138.5,0.0,0.0,0.0,0.0,0.0,9
2023-05-09 21:46:48,p2401-C-8200,p2401-C-8200,138.5,0.0,0.0,0.0,1,90.5,0.0,0,138.5,0.0,0.0,0.0,0.0,0.0,9
2023-05-09 21:46:48,p2401-C-8200,p2401-C-8200,138.5,0.0,0.0,0.0,10,91.0,0.0,0,138.5,0.0,0.0,0.0,0.0,0.0,9
2023-05-09 21:46:50,p2401-C-8200,p2401-C-8200,138.5,0.0,0.0,0.0,1,94.5,0.0,0,138.5,0.0,0.0,0.0,0.0,0.0,9
2023-05-09 21:46:51,p2401-C-8200,p2401-C-8200,138.5,0.0,0.0,0.0,10,95.0,0.0,0,138.5,0.0,0.0,0.0,0.0,0.0,9
2023-05-09 22:30:09,p2401-C-8200,p2401-C-8200,138.5,0.0,0.0,0.0,1,95.5,0.0,0,138.5,0.0,0.0,0.0,0.0,0.0,9
2023-05-09 22:30:09,p2401-C-8200,p2401-C-8200,138.5,0.0,0.0,0.0,10,96.0,0.0,0,138.5,0.0,0.0,0.0,0.0,0.0,9
2023-05-09 22:30:11,p2401-C-8200,p2401-C-8200,138.5,0.0,0.0,0.0,1,96.5,0.0,0,138.5,0.0,0.0,0.0,0.0,0.0,9
2023-05-09 22:30:11,p2401-C-8200,p2401-C-8200,138.5,0.0,0.0,0.0,11,96.5,0.0,0,138.5,0.0,0.0,0.0,0.0,0.0,9
2023-05-09 22:30:12,p2401-C-8200,p2401-C-8200,138.5,0.0,0.0,0.0,1,96.5,0.0,0,138.5,0.0,0.0,0.0,0.0,0.0,9
2023-05-09 22:30:13,p2401-C-8200,p2401-C-8200,138.5,0.0,0.0,0.0,10,7.5,0.0,0,138.5,0.0,0.0,0.0,0.0,0.0,9
2023-05-09 22:30:13,p2401-C-8200,p2401-C-8200,138.5,0.0,0.0,0.0,1,14.0,0.0,0,138.5,0.0,0.0,0.0,0.0,0.0,9
2023-05-09 22:30:13,p2401-C-8200,p2401-C-8200,138.5,0.0,0.0,0.0,10,14.5,0.0,0,138.5,0.0,0.0,0.0,0.0,0.0,9
2023-05-09 22:30:14,p2401-C-8200,p2401-C-8200,138.5,0.0,0.0,0.0,1,21.0,0.0,0,138.5,0.0,0.0,0.0,0.0,0.0,9
2023-05-09 22:30:14,p2401-C-8200,p2401-C-8200,138.5,0.0,0.0,0.0,10,21.5,0.0,0,138.5,0.0,0.0,0.0,0.0,0.0,9
2023-05-09 22:30:15,p2401-C-8200,p2401-C-8200,138.5,0.0,0.0,0.0,1,28.0,0.0,0,138.5,0.0,0.0,0.0,0.0,0.0,9
2023-05-09 22:30:15,p2401-C-8200,p2401-C-8200,138.5,0.0,0.0,0.0,10,28.5,0.0,0,138.5,0.0,0.0,0.0,0.0,0.0,9
2023-05-09 22:30:17,p2401-C-8200,p2401-C-8200,138.5,0.0,0.0,0.0,1,35.0,0.0,0,138.5,0.0,0.0,0.0,0.0,0.0,9
2023-05-09 22:30:17,p2401-C-8200,p2401-C-8200,138.5,0.0,0.0,0.0,10,35.5,0.0,0,138.5,0.0,0.0,0.0,0.0,0.0,9
2023-05-09 22:30:18,p2401-C-8200,p2401-C-8200,138.5,0.0,0.0,0.0,1,42.0,0.0,0,138.5,0.0,0.0,0.0,0.0,0.0,9
2023-05-09 22:30:18,p2401-C-8200,p2401-C-8200,138.5,0.0,0.0,0.0,10,42.5,0.0,0,138.5,0.0,0.0,0.0,0.0,0.0,9
2023-05-09 22:30:19,p2401-C-8200,p2401-C-8200,138.5,0.0,0.0,0.0,1,49.0,0.0,0,138.5,0.0,0.0,0.0,0.0,0.0,9
2023-05-09 22:30:19,p2401-C-8200,p2401-C-8200,138.5,0.0,0.0,0.0,10,49.5,0.0,0,138.5,0.0,0.0,0.0,0.0,0.0,9
2023-05-09 22:30:20,p2401-C-8200,p2401-C-8200,138.5,0.0,0.0,0.0,1,56.0,0.0,0,138.5,0.0,0.0,0.0,0.0,0.0,9
2023-05-09 22:30:20,p2401-C-8200,p2401-C-8200,138.5,0.0,0.0,0.0,10,56.5,0.0,0,138.5,0.0,0.0,0.0,0.0,0.0,9
2023-05-09 22:30:21,p2401-C-8200,p2401-C-8200,138.5,0.0,0.0,0.0,1,63.0,0.0,0,138.5,0.0,0.0,0.0,0.0,0.0,9
2023-05-09 22:30:21,p2401-C-8200,p2401-C-8200,138.5,0.0,0.0,0.0,10,63.5,0.0,0,138.5,0.0,0.0,0.0,0.0,0.0,9
2023-05-09 22:30:22,p2401-C-8200,p2401-C-8200,138.5,0.0,0.0,0.0,1,70.0,0.0,0,138.5,0.0,0.0,0.0,0.0,0.0,9
2023-05-09 22:30:22,p2401-C-8200,p2401-C-8200,138.5,0.0,0.0,0.0,10,70.5,0.0,0,138.5,0.0,0.0,0.0,0.0,0.0,9
2023-05-09 22:30:23,p2401-C-8200,p2401-C-8200,138.5,0.0,0.0,0.0,1,77.0,0.0,0,138.5,0.0,0.0,0.0,0.0,0.0,9
2023-05-09 22:30:23,p2401-C-8200,p2401-C-8200,138.5,0.0,0.0,0.0,10,77.5,0.0,0,138.5,0.0,0.0,0.0,0.0,0.0,9
2023-05-09 22:30:24,p2401-C-8200,p2401-C-8200,138.5,0.0,0.0,0.0,1,81.0,0.0,0,138.5,0.0,0.0,0.0,0.0,0.0,9
2023-05-09 22:30:24,p2401-C-8200,p2401-C-8200,138.5,0.0,0.0,0.0,10,81.5,0.0,0,138.5,0.0,0.0,0.0,0.0,0.0,9
2023-05-09 22:30:25,p2401-C-8200,p2401-C-8200,138.5,0.0,0.0,0.0,1,85.0,0.0,0,138.5,0.0,0.0,0.0,0.0,0.0,9
2023-05-09 22:30:25,p2401-C-8200,p2401-C-8200,138.5,0.0,0.0,0.0,10,85.5,0.0,0,138.5,0.0,0.0,0.0,0.0,0.0,9
2023-05-09 22:30:27,p2401-C-8200,p2401-C-8200,138.5,0.0,0.0,0.0,1,86.0,0.0,0,138.5,0.0,0.0,0.0,0.0,0.0,9
2023-05-09 22:30:27,p2401-C-8200,p2401-C-8200,138.5,0.0,0.0,0.0,10,86.5,0.0,0,138.5,0.0,0.0,0.0,0.0,0.0,9
2023-05-09 22:30:28,p2401-C-8200,p2401-C-8200,138.5,0.0,0.0,0.0,1,87.0,0.0,0,138.5,0.0,0.0,0.0,0.0,0.0,9
2023-05-09 22:30:28,p2401-C-8200,p2401-C-8200,138.5,0.0,0.0,0.0,10,87.5,0.0,0,138.5,0.0,0.0,0.0,0.0,0.0,9
2023-05-09 22:56:55,p2401-C-8200,p2401-C-8200,138.5,0.0,0.0,0.0,1,3.5,0.0,0,138.5,0.0,0.0,0.0,0.0,0.0,9
2023-05-09 22:56:56,p2401-C-8200,p2401-C-8200,138.5,0.0,0.0,0.0,1,4.0,0.0,0,138.5,0.0,0.0,0.0,0.0,0.0,9
2023-05-09 22:59:15,p2401-C-8200,p2401-C-8200,138.5,0.0,0.0,0.0,10,4.5,0.0,0,138.5,0.0,0.0,0.0,0.0,0.0,9
2023-05-09 22:59:59,p2401-C-8200,p2401-C-8200,138.5,0.0,0.0,0.0,1,4.0,0.0,0,138.5,0.0,0.0,0.0,0.0,0.0,9
2023-05-10 09:00:02,p2401-C-8200,p2401-C-8200,138.5,0.0,0.0,0.0,10,4.5,0.0,0,138.5,0.0,0.0,0.0,0.0,0.0,9
2023-05-10 09:01:55,p2401-C-8200,p2401-C-8200,138.5,0.0,0.0,0.0,1,8.0,0.0,0,138.5,0.0,0.0,0.0,0.0,0.0,9
2023-05-10 09:01:55,p2401-C-8200,p2401-C-8200,138.5,0.0,0.0,0.0,10,8.5,0.0,0,138.5,0.0,0.0,0.0,0.0,0.0,9
2023-05-10 09:05:00,p2401-C-8200,p2401-C-8200,138.5,0.0,0.0,0.0,1,15.0,0.0,0,138.5,0.0,0.0,0.0,0.0,0.0,9
2023-05-10 09:05:00,p2401-C-8200,p2401-C-8200,138.5,0.0,0.0,0.0,10,15.5,0.0,0,138.5,0.0,0.0,0.0,0.0,0.0,9
2023-05-10 09:05:05,p2401-C-8200,p2401-C-8200,138.5,0.0,0.0,0.0,1,19.0,0.0,0,138.5,0.0,0.0,0.0,0.0,0.0,9
2023-05-10 09:05:05,p2401-C-8200,p2401-C-8200,138.5,0.0,0.0,0.0,10,19.5,0.0,0,138.5,0.0,0.0,0.0,0.0,0.0,9
2023-05-10 09:05:09,p2401-C-8200,p2401-C-8200,138.5,0.0,0.0,0.0,1,26.0,0.0,0,138.5,0.0,0.0,0.0,0.0,0.0,9
2023-05-10 09:05:09,p2401-C-8200,p2401-C-8200,138.5,0.0,0.0,0.0,10,26.5,0.0,0,138.5,0.0,0.0,0.0,0.0,0.0,9
2023-05-10 09:05:12,p2401-C-8200,p2401-C-8200,138.5,0.0,0.0,0.0,1,33.0,0.0,0,138.5,0.0,0.0,0.0,0.0,0.0,9
2023-05-10 09:05:12,p2401-C-8200,p2401-C-8200,138.5,0.0,0.0,0.0,10,33.5,0.0,0,138.5,0.0,0.0,0.0,0.0,0.0,9
2023-05-10 09:05:16,p2401-C-8200,p2401-C-8200,138.5,0.0,0.0,0.0,1,40.0,0.0,0,138.5,0.0,0.0,0.0,0.0,0.0,9
2023-05-10 09:05:16,p2401-C-8200,p2401-C-8200,138.5,0.0,0.0,0.0,10,40.5,0.0,0,138.5,0.0,0.0,0.0,0.0,0.0,9
2023-05-10 09:05:19,p2401-C-8200,p2401-C-8200,138.5,0.0,0.0,0.0,1,47.0,0.0,0,138.5,0.0,0.0,0.0,0.0,0.0,9
2023-05-10 09:05:19,p2401-C-8200,p2401-C-8200,138.5,0.0,0.0,0.0,10,47.5,0.0,0,138.5,0.0,0.0,0.0,0.0,0.0,9
2023-05-10 09:05:24,p2401-C-8200,p2401-C-8200,138.5,0.0,0.0,0.0,1,51.0,0.0,0,138.5,0.0,0.0,0.0,0.0,0.0,9
2023-05-10 09:05:24,p2401-C-8200,p2401-C-8200,138.5,0.0,0.0,0.0,10,51.5,0.0,0,138.5,0.0,0.0,0.0,0.0,0.0,9
2023-05-10 09:05:30,p2401-C-8200,p2401-C-8200,138.5,0.0,0.0,0.0,1,55.0,0.0,0,138.5,0.0,0.0,0.0,0.0,0.0,9
2023-05-10 09:05:30,p2401-C-8200,p2401-C-8200,138.5,0.0,0.0,0.0,10,55.5,0.0,0,138.5,0.0,0.0,0.0,0.0,0.0,9
2023-05-10 09:05:34,p2401-C-8200,p2401-C-8200,138.5,0.0,0.0,0.0,1,56.0,0.0,0,138.5,0.0,0.0,0.0,0.0,0.0,9
2023-05-10 09:05:34,p2401-C-8200,p2401-C-8200,138.5,0.0,0.0,0.0,10,56.5,0.0,0,138.5,0.0,0.0,0.0,0.0,0.0,9
2023-05-10 09:05:36,p2401-C-8200,p2401-C-8200,138.5,0.0,0.0,0.0,1,57.0,0.0,0,138.5,0.0,0.0,0.0,0.0,0.0,9
2023-05-10 09:05:36,p2401-C-8200,p2401-C-8200,138.5,0.0,0.0,0.0,10,57.5,0.0,0,138.5,0.0,0.0,0.0,0.0,0.0,9
2023-05-10 09:05:38,p2401-C-8200,p2401-C-8200,138.5,0.0,0.0,0.0,1,58.0,0.0,0,138.5,0.0,0.0,0.0,0.0,0.0,9
2023-05-10 09:05:38,p2401-C-8200,p2401-C-8200,138.5,0.0,0.0,0.0,10,58.5,0.0,0,138.5,0.0,0.0,0.0,0.0,0.0,9
2023-05-10 09:05:41,p2401-C-8200,p2401-C-8200,138.5,0.0,0.0,0.0,1,59.0,0.0,0,138.5,0.0,0.0,0.0,0.0,0.0,9
2023-05-10 09:05:41,p2401-C-8200,p2401-C-8200,138.5,0.0,0.0,0.0,10,59.5,0.0,0,138.5,0.0,0.0,0.0,0.0,0.0,9
2023-05-10 09:05:42,p2401-C-8200,p2401-C-8200,138.5,0.0,0.0,0.0,1,60.0,0.0,0,138.5,0.0,0.0,0.0,0.0,0.0,9
2023-05-10 09:05:42,p2401-C-8200,p2401-C-8200,138.5,0.0,0.0,0.0,10,60.5,0.0,0,138.5,0.0,0.0,0.0,0.0,0.0,9
2023-05-10 09:05:44,p2401-C-8200,p2401-C-8200,138.5,0.0,0.0,0.0,1,61.0,0.0,0,138.5,0.0,0.0,0.0,0.0,0.0,9
2023-05-10 09:05:44,p2401-C-8200,p2401-C-8200,138.5,0.0,0.0,0.0,10,61.5,0.0,0,138.5,0.0,0.0,0.0,0.0,0.0,9
2023-05-10 09:05:46,p2401-C-8200,p2401-C-8200,138.5,0.0,0.0,0.0,1,62.0,0.0,0,138.5,0.0,0.0,0.0,0.0,0.0,9
2023-05-10 09:05:46,p2401-C-8200,p2401-C-8200,138.5,0.0,0.0,0.0,10,62.5,0.0,0,138.5,0.0,0.0,0.0,0.0,0.0,9
2023-05-10 09:05:48,p2401-C-8200,p2401-C-8200,138.5,0.0,0.0,0.0,1,63.0,0.0,0,138.5,0.0,0.0,0.0,0.0,0.0,9
2023-05-10 09:05:48,p2401-C-8200,p2401-C-8200,138.5,0.0,0.0,0.0,10,63.5,0.0,0,138.5,0.0,0.0,0.0,0.0,0.0,9
2023-05-10 09:05:50,p2401-C-8200,p2401-C-8200,138.5,0.0,0.0,0.0,1,64.0,0.0,0,138.5,0.0,0.0,0.0,0.0,0.0,9
2023-05-10 09:05:50,p2401-C-8200,p2401-C-8200,138.5,0.0,0.0,0.0,10,64.5,0.0,0,138.5,0.0,0.0,0.0,0.0,0.0,9
2023-05-10 09:05:51,p2401-C-8200,p2401-C-8200,138.5,0.0,0.0,0.0,1,65.0,0.0,0,138.5,0.0,0.0,0.0,0.0,0.0,9
2023-05-10 09:05:51,p2401-C-8200,p2401-C-8200,138.5,0.0,0.0,0.0,10,65.5,0.0,0,138.5,0.0,0.0,0.0,0.0,0.0,9
2023-05-10 09:05:53,p2401-C-8200,p2401-C-8200,138.5,0.0,0.0,0.0,1,66.0,0.0,0,138.5,0.0,0.0,0.0,0.0,0.0,9
2023-05-10 09:05:53,p2401-C-8200,p2401-C-8200,138.5,0.0,0.0,0.0,10,66.5,0.0,0,138.5,0.0,0.0,0.0,0.0,0.0,9
2023-05-10 09:05:55,p2401-C-8200,p2401-C-8200,138.5,0.0,0.0,0.0,1,67.0,0.0,0,138.5,0.0,0.0,0.0,0.0,0.0,9
2023-05-10 09:05:55,p2401-C-8200,p2401-C-8200,138.5,0.0,0.0,0.0,10,67.5,0.0,0,138.5,0.0,0.0,0.0,0.0,0.0,9
2023-05-10 09:05:57,p2401-C-8200,p2401-C-8200,138.5,0.0,0.0,0.0,1,68.0,0.0,0,138.5,0.0,0.0,0.0,0.0,0.0,9
2023-05-10 09:05:57,p2401-C-8200,p2401-C-8200,138.5,0.0,0.0,0.0,10,68.5,0.0,0,138.5,0.0,0.0,0.0,0.0,0.0,9
2023-05-10 09:07:21,p2401-C-8200,p2401-C-8200,138.5,0.0,0.0,0.0,1,69.0,0.0,0,138.5,0.0,0.0,0.0,0.0,0.0,9
2023-05-10 09:07:21,p2401-C-8200,p2401-C-8200,138.5,0.0,0.0,0.0,10,69.5,0.0,0,138.5,0.0,0.0,0.0,0.0,0.0,9
2023-05-10 10:14:32,p2401-C-8200,p2401-C-8200,138.5,0.0,0.0,0.0,1,9.0,0.0,0,138.5,0.0,0.0,0.0,0.0,0.0,9
2023-05-10 10:30:20,p2401-C-8200,p2401-C-8200,138.5,0.0,0.0,0.0,10,16.0,0.0,0,138.5,0.0,0.0,0.0,0.0,0.0,9
2023-05-10 10:30:29,p2401-C-8200,p2401-C-8200,138.5,0.0,0.0,0.0,1,22.5,0.0,0,138.5,0.0,0.0,0.0,0.0,0.0,9
2023-05-10 10:30:29,p2401-C-8200,p2401-C-8200,138.5,0.0,0.0,0.0,10,23.0,0.0,0,138.5,0.0,0.0,0.0,0.0,0.0,9
2023-05-10 10:30:32,p2401-C-8200,p2401-C-8200,138.5,0.0,0.0,0.0,1,29.5,0.0,0,138.5,0.0,0.0,0.0,0.0,0.0,9
2023-05-10 10:30:32,p2401-C-8200,p2401-C-8200,138.5,0.0,0.0,0.0,10,30.0,0.0,0,138.5,0.0,0.0,0.0,0.0,0.0,9
2023-05-10 10:30:35,p2401-C-8200,p2401-C-8200,138.5,0.0,0.0,0.0,1,36.5,0.0,0,138.5,0.0,0.0,0.0,0.0,0.0,9
2023-05-10 10:30:35,p2401-C-8200,p2401-C-8200,138.5,0.0,0.0,0.0,10,37.0,0.0,0,138.5,0.0,0.0,0.0,0.0,0.0,9
2023-05-10 10:30:37,p2401-C-8200,p2401-C-8200,138.5,0.0,0.0,0.0,1,43.5,0.0,0,138.5,0.0,0.0,0.0,0.0,0.0,9
2023-05-10 10:30:37,p2401-C-8200,p2401-C-8200,138.5,0.0,0.0,0.0,10,44.0,0.0,0,138.5,0.0,0.0,0.0,0.0,0.0,9
2023-05-10 10:30:40,p2401-C-8200,p2401-C-8200,138.5,0.0,0.0,0.0,1,50.5,0.0,0,138.5,0.0,0.0,0.0,0.0,0.0,9
2023-05-10 10:30:40,p2401-C-8200,p2401-C-8200,138.5,0.0,0.0,0.0,10,51.0,0.0,0,138.5,0.0,0.0,0.0,0.0,0.0,9
2023-05-10 10:30:42,p2401-C-8200,p2401-C-8200,138.5,0.0,0.0,0.0,1,54.5,0.0,0,138.5,0.0,0.0,0.0,0.0,0.0,9
2023-05-10 10:30:42,p2401-C-8200,p2401-C-8200,138.5,0.0,0.0,0.0,10,55.0,0.0,0,138.5,0.0,0.0,0.0,0.0,0.0,9
2023-05-10 10:30:45,p2401-C-8200,p2401-C-8200,138.5,0.0,0.0,0.0,1,55.5,0.0,0,138.5,0.0,0.0,0.0,0.0,0.0,9
2023-05-10 10:30:45,p2401-C-8200,p2401-C-8200,138.5,0.0,0.0,0.0,10,56.0,0.0,0,138.5,0.0,0.0,0.0,0.0,0.0,9
2023-05-10 10:30:47,p2401-C-8200,p2401-C-8200,138.5,0.0,0.0,0.0,1,56.5,0.0,0,138.5,0.0,0.0,0.0,0.0,0.0,9
2023-05-10 10:30:47,p2401-C-8200,p2401-C-8200,138.5,0.0,0.0,0.0,10,57.0,0.0,0,138.5,0.0,0.0,0.0,0.0,0.0,9
2023-05-10 10:30:49,p2401-C-8200,p2401-C-8200,138.5,0.0,0.0,0.0,1,57.5,0.0,0,138.5,0.0,0.0,0.0,0.0,0.0,9
2023-05-10 10:30:49,p2401-C-8200,p2401-C-8200,138.5,0.0,0.0,0.0,10,58.0,0.0,0,138.5,0.0,0.0,0.0,0.0,0.0,9
2023-05-10 10:30:52,p2401-C-8200,p2401-C-8200,138.5,0.0,0.0,0.0,1,58.5,0.0,0,138.5,0.0,0.0,0.0,0.0,0.0,9
2023-05-10 10:30:52,p2401-C-8200,p2401-C-8200,138.5,0.0,0.0,0.0,10,59.0,0.0,0,138.5,0.0,0.0,0.0,0.0,0.0,9
2023-05-10 10:31:02,p2401-C-8200,p2401-C-8200,138.5,0.0,0.0,0.0,1,59.5,0.0,0,138.5,0.0,0.0,0.0,0.0,0.0,9
2023-05-10 10:31:02,p2401-C-8200,p2401-C-8200,138.5,0.0,0.0,0.0,10,60.0,0.0,0,138.5,0.0,0.0,0.0,0.0,0.0,9
2023-05-10 11:29:33,p2401-C-8200,p2401-C-8200,138.5,0.0,0.0,0.0,1,9.0,0.0,0,138.5,0.0,0.0,0.0,0.0,0.0,9
2023-05-10 13:31:09,p2401-C-8200,p2401-C-8200,138.5,0.0,0.0,0.0,1,9.5,0.0,0,138.5,0.0,0.0,0.0,0.0,0.0,9
2023-05-10 13:31:21,p2401-C-8200,p2401-C-8200,138.5,0.0,0.0,0.0,1,16.0,0.0,0,138.5,0.0,0.0,0.0,0.0,0.0,9
2023-05-10 13:34:01,p2401-C-8200,p2401-C-8200,138.5,0.0,0.0,0.0,10,16.5,0.0,0,138.5,0.0,0.0,0.0,0.0,0.0,9
2023-05-10 13:34:12,p2401-C-8200,p2401-C-8200,138.5,0.0,0.0,0.0,1,23.0,0.0,0,138.5,0.0,0.0,0.0,0.0,0.0,9
2023-05-10 13:34:12,p2401-C-8200,p2401-C-8200,138.5,0.0,0.0,0.0,10,23.5,0.0,0,138.5,0.0,0.0,0.0,0.0,0.0,9
2023-05-10 13:34:56,p2401-C-8200,p2401-C-8200,138.5,0.0,0.0,0.0,1,30.0,0.0,0,138.5,0.0,0.0,0.0,0.0,0.0,9
2023-05-10 13:34:56,p2401-C-8200,p2401-C-8200,138.5,0.0,0.0,0.0,10,30.5,0.0,0,138.5,0.0,0.0,0.0,0.0,0.0,9
2023-05-10 13:35:39,p2401-C-8200,p2401-C-8200,138.5,0.0,0.0,0.0,1,37.0,0.0,0,138.5,0.0,0.0,0.0,0.0,0.0,9
2023-05-10 13:35:39,p2401-C-8200,p2401-C-8200,138.5,0.0,0.0,0.0,10,37.5,0.0,0,138.5,0.0,0.0,0.0,0.0,0.0,9
2023-05-10 13:40:22,p2401-C-8200,p2401-C-8200,138.5,0.0,0.0,0.0,1,44.0,0.0,0,138.5,0.0,0.0,0.0,0.0,0.0,9
2023-05-10 13:40:22,p2401-C-8200,p2401-C-8200,138.5,0.0,0.0,0.0,10,44.5,0.0,0,138.5,0.0,0.0,0.0,0.0,0.0,9
2023-05-10 13:40:33,p2401-C-8200,p2401-C-8200,138.5,0.0,0.0,0.0,1,51.0,0.0,0,138.5,0.0,0.0,0.0,0.0,0.0,9
2023-05-10 13:40:33,p2401-C-8200,p2401-C-8200,138.5,0.0,0.0,0.0,10,51.5,0.0,0,138.5,0.0,0.0,0.0,0.0,0.0,9
2023-05-10 13:40:49,p2401-C-8200,p2401-C-8200,138.5,0.0,0.0,0.0,1,55.0,0.0,0,138.5,0.0,0.0,0.0,0.0,0.0,9
2023-05-10 13:40:49,p2401-C-8200,p2401-C-8200,138.5,0.0,0.0,0.0,10,55.5,0.0,0,138.5,0.0,0.0,0.0,0.0,0.0,9
2023-05-10 13:42:27,p2401-C-8200,p2401-C-8200,138.5,0.0,0.0,0.0,1,56.0,0.0,0,138.5,0.0,0.0,0.0,0.0,0.0,9
2023-05-10 13:42:27,p2401-C-8200,p2401-C-8200,138.5,0.0,0.0,0.0,10,56.5,0.0,0,138.5,0.0,0.0,0.0,0.0,0.0,9
2023-05-10 13:43:08,p2401-C-8200,p2401-C-8200,138.5,0.0,0.0,0.0,1,57.0,0.0,0,138.5,0.0,0.0,0.0,0.0,0.0,9
2023-05-10 13:43:08,p2401-C-8200,p2401-C-8200,138.5,0.0,0.0,0.0,10,57.5,0.0,0,138.5,0.0,0.0,0.0,0.0,0.0,9
2023-05-10 13:43:46,p2401-C-8200,p2401-C-8200,138.5,0.0,0.0,0.0,1,58.0,0.0,0,138.5,0.0,0.0,0.0,0.0,0.0,9
2023-05-10 13:43:46,p2401-C-8200,p2401-C-8200,138.5,0.0,0.0,0.0,10,58.5,0.0,0,138.5,0.0,0.0,0.0,0.0,0.0,9
2023-05-10 13:43:53,p2401-C-8200,p2401-C-8200,138.5,0.0,0.0,0.0,1,59.0,0.0,0,138.5,0.0,0.0,0.0,0.0,0.0,9
2023-05-10 13:43:53,p2401-C-8200,p2401-C-8200,138.5,0.0,0.0,0.0,10,59.5,0.0,0,138.5,0.0,0.0,0.0,0.0,0.0,9
2023-05-10 13:44:00,p2401-C-8200,p2401-C-8200,138.5,0.0,0.0,0.0,1,60.0,0.0,0,138.5,0.0,0.0,0.0,0.0,0.0,9
2023-05-10 13:44:00,p2401-C-8200,p2401-C-8200,138.5,0.0,0.0,0.0,10,60.5,0.0,0,138.5,0.0,0.0,0.0,0.0,0.0,9
2023-05-10 13:44:41,p2401-C-8200,p2401-C-8200,138.5,0.0,0.0,0.0,1,61.0,0.0,0,138.5,0.0,0.0,0.0,0.0,0.0,9
2023-05-10 13:44:41,p2401-C-8200,p2401-C-8200,138.5,0.0,0.0,0.0,10,61.5,0.0,0,138.5,0.0,0.0,0.0,0.0,0.0,9
2023-05-10 13:45:14,p2401-C-8200,p2401-C-8200,138.5,0.0,0.0,0.0,1,62.0,0.0,0,138.5,0.0,0.0,0.0,0.0,0.0,9
2023-05-10 13:45:14,p2401-C-8200,p2401-C-8200,138.5,0.0,0.0,0.0,10,62.5,0.0,0,138.5,0.0,0.0,0.0,0.0,0.0,9
2023-05-10 13:45:18,p2401-C-8200,p2401-C-8200,138.5,0.0,0.0,0.0,1,63.0,0.0,0,138.5,0.0,0.0,0.0,0.0,0.0,9
2023-05-10 13:45:18,p2401-C-8200,p2401-C-8200,138.5,0.0,0.0,0.0,10,63.5,0.0,0,138.5,0.0,0.0,0.0,0.0,0.0,9
2023-05-10 13:45:23,p2401-C-8200,p2401-C-8200,138.5,0.0,0.0,0.0,1,64.0,0.0,0,138.5,0.0,0.0,0.0,0.0,0.0,9
2023-05-10 13:45:23,p2401-C-8200,p2401-C-8200,138.5,0.0,0.0,0.0,10,64.5,0.0,0,138.5,0.0,0.0,0.0,0.0,0.0,9
2023-05-10 13:45:26,p2401-C-8200,p2401-C-8200,138.5,0.0,0.0,0.0,1,65.0,0.0,0,138.5,0.0,0.0,0.0,0.0,0.0,9
2023-05-10 13:45:26,p2401-C-8200,p2401-C-8200,138.5,0.0,0.0,0.0,10,65.5,0.0,0,138.5,0.0,0.0,0.0,0.0,0.0,9
2023-05-10 13:45:30,p2401-C-8200,p2401-C-8200,138.5,0.0,0.0,0.0,1,66.0,0.0,0,138.5,0.0,0.0,0.0,0.0,0.0,9
2023-05-10 13:45:30,p2401-C-8200,p2401-C-8200,138.5,0.0,0.0,0.0,10,66.5,0.0,0,138.5,0.0,0.0,0.0,0.0,0.0,9
2023-05-10 13:45:32,p2401-C-8200,p2401-C-8200,138.5,0.0,0.0,0.0,1,67.0,0.0,0,138.5,0.0,0.0,0.0,0.0,0.0,9
2023-05-10 13:45:32,p2401-C-8200,p2401-C-8200,138.5,0.0,0.0,0.0,10,67.5,0.0,0,138.5,0.0,0.0,0.0,0.0,0.0,9
2023-05-10 13:45:36,p2401-C-8200,p2401-C-8200,138.5,0.0,0.0,0.0,1,68.0,0.0,0,138.5,0.0,0.0,0.0,0.0,0.0,9
2023-05-10 13:45:36,p2401-C-8200,p2401-C-8200,138.5,0.0,0.0,0.0,10,68.5,0.0,0,138.5,0.0,0.0,0.0,0.0,0.0,9
2023-05-10 13:45:42,p2401-C-8200,p2401-C-8200,138.5,0.0,0.0,0.0,1,69.0,0.0,0,138.5,0.0,0.0,0.0,0.0,0.0,9
2023-05-10 13:45:42,p2401-C-8200,p2401-C-8200,138.5,0.0,0.0,0.0,10,69.5,0.0,0,138.5,0.0,0.0,0.0,0.0,0.0,9
2023-05-10 14:59:02,p2401-C-8200,p2401-C-8200,138.5,0.0,0.0,0.0,1,9.5,0.0,0,138.5,0.0,0.0,0.0,0.0,0.0,9
2023-05-10 14:59:04,p2401-C-8200,p2401-C-8200,138.5,0.0,0.0,0.0,1,16.0,0.0,0,138.5,0.0,0.0,0.0,0.0,0.0,9
2023-05-10 15:01:15,p2401-C-8200,p2401-C-8200,138.5,0.0,0.0,0.0,1,16.0,0.0,0,138.5,0.0,0.0,0.0,0.0,0.0,9
