time,symbol_id,symbol_name,last,trade_volume,trade_amount,open_interest_change,bv1,bp1,ap1,av1,yesterday_close,today_open,today_high,today_low,volume,amount,open_interest
2023-05-09 20:56:29,p2401-C-8300,p2401-C-8300,122.5,0.0,0.0,0.0,1,1.5,0.0,0,122.5,0.0,0.0,0.0,0.0,0.0,7
2023-05-09 21:00:26,p2401-C-8300,p2401-C-8300,122.5,0.0,0.0,0.0,10,2.0,0.0,0,122.5,0.0,0.0,0.0,0.0,0.0,7
2023-05-09 21:01:49,p2401-C-8300,p2401-C-8300,122.5,0.0,0.0,0.0,1,2.5,0.0,0,122.5,0.0,0.0,0.0,0.0,0.0,7
2023-05-09 21:01:49,p2401-C-8300,p2401-C-8300,122.5,0.0,0.0,0.0,10,3.0,0.0,0,122.5,0.0,0.0,0.0,0.0,0.0,7
2023-05-09 21:02:05,p2401-C-8300,p2401-C-8300,122.5,0.0,0.0,0.0,1,9.5,0.0,0,122.5,0.0,0.0,0.0,0.0,0.0,7
2023-05-09 21:02:05,p2401-C-8300,p2401-C-8300,122.5,0.0,0.0,0.0,10,10.0,0.0,0,122.5,0.0,0.0,0.0,0.0,0.0,7
2023-05-09 21:05:35,p2401-C-8300,p2401-C-8300,122.5,0.0,0.0,0.0,1,16.5,0.0,0,122.5,0.0,0.0,0.0,0.0,0.0,7
2023-05-09 21:05:35,p2401-C-8300,p2401-C-8300,122.5,0.0,0.0,0.0,10,17.0,0.0,0,122.5,0.0,0.0,0.0,0.0,0.0,7
2023-05-09 21:07:00,p2401-C-8300,p2401-C-8300,122.5,0.0,0.0,0.0,1,23.5,0.0,0,122.5,0.0,0.0,0.0,0.0,0.0,7
2023-05-09 21:07:00,p2401-C-8300,p2401-C-8300,122.5,0.0,0.0,0.0,10,24.0,0.0,0,122.5,0.0,0.0,0.0,0.0,0.0,7
2023-05-09 21:08:52,p2401-C-8300,p2401-C-8300,122.5,0.0,0.0,0.0,1,30.5,0.0,0,122.5,0.0,0.0,0.0,0.0,0.0,7
2023-05-09 21:08:52,p2401-C-8300,p2401-C-8300,122.5,0.0,0.0,0.0,10,31.0,0.0,0,122.5,0.0,0.0,0.0,0.0,0.0,7
2023-05-09 21:09:08,p2401-C-8300,p2401-C-8300,122.5,0.0,0.0,0.0,1,37.5,0.0,0,122.5,0.0,0.0,0.0,0.0,0.0,7
2023-05-09 21:09:08,p2401-C-8300,p2401-C-8300,122.5,0.0,0.0,0.0,10,38.0,0.0,0,122.5,0.0,0.0,0.0,0.0,0.0,7
2023-05-09 21:09:53,p2401-C-8300,p2401-C-8300,122.5,0.0,0.0,0.0,1,44.5,0.0,0,122.5,0.0,0.0,0.0,0.0,0.0,7
2023-05-09 21:09:53,p2401-C-8300,p2401-C-8300,122.5,0.0,0.0,0.0,10,45.0,0.0,0,122.5,0.0,0.0,0.0,0.0,0.0,7
2023-05-09 21:11:56,p2401-C-8300,p2401-C-8300,122.5,0.0,0.0,0.0,1,51.5,0.0,0,122.5,0.0,0.0,0.0,0.0,0.0,7
2023-05-09 21:11:56,p2401-C-8300,p2401-C-8300,122.5,0.0,0.0,0.0,10,52.0,0.0,0,122.5,0.0,0.0,0.0,0.0,0.0,7
2023-05-09 21:12:09,p2401-C-8300,p2401-C-8300,122.5,0.0,0.0,0.0,1,55.5,0.0,0,122.5,0.0,0.0,0.0,0.0,0.0,7
2023-05-09 21:12:09,p2401-C-8300,p2401-C-8300,122.5,0.0,0.0,0.0,10,56.0,0.0,0,122.5,0.0,0.0,0.0,0.0,0.0,7
2023-05-09 21:12:16,p2401-C-8300,p2401-C-8300,122.5,0.0,0.0,0.0,1,56.5,0.0,0,122.5,0.0,0.0,0.0,0.0,0.0,7
2023-05-09 21:12:16,p2401-C-8300,p2401-C-8300,122.5,0.0,0.0,0.0,10,57.0,0.0,0,122.5,0.0,0.0,0.0,0.0,0.0,7
2023-05-09 21:13:57,p2401-C-8300,p2401-C-8300,122.5,0.0,0.0,0.0,1,57.5,0.0,0,122.5,0.0,0.0,0.0,0.0,0.0,7
2023-05-09 21:13:57,p2401-C-8300,p2401-C-8300,122.5,0.0,0.0,0.0,10,58.0,0.0,0,122.5,0.0,0.0,0.0,0.0,0.0,7
2023-05-09 21:14:12,p2401-C-8300,p2401-C-8300,122.5,0.0,0.0,0.0,1,58.5,0.0,0,122.5,0.0,0.0,0.0,0.0,0.0,7
2023-05-09 21:14:12,p2401-C-8300,p2401-C-8300,122.5,0.0,0.0,0.0,10,59.0,0.0,0,122.5,0.0,0.0,0.0,0.0,0.0,7
2023-05-09 21:46:40,p2401-C-8300,p2401-C-8300,122.5,0.0,0.0,0.0,1,65.5,0.0,0,122.5,0.0,0.0,0.0,0.0,0.0,7
2023-05-09 21:46:40,p2401-C-8300,p2401-C-8300,122.5,0.0,0.0,0.0,10,66.0,0.0,0,122.5,0.0,0.0,0.0,0.0,0.0,7
2023-05-09 21:46:41,p2401-C-8300,p2401-C-8300,122.5,0.0,0.0,0.0,1,72.5,0.0,0,122.5,0.0,0.0,0.0,0.0,0.0,7
2023-05-09 21:46:41,p2401-C-8300,p2401-C-8300,122.5,0.0,0.0,0.0,10,73.0,0.0,0,122.5,0.0,0.0,0.0,0.0,0.0,7
2023-05-09 21:46:42,p2401-C-8300,p2401-C-8300,122.5,0.0,0.0,0.0,1,79.5,0.0,0,122.5,0.0,0.0,0.0,0.0,0.0,7
2023-05-09 21:46:42,p2401-C-8300,p2401-C-8300,122.5,0.0,0.0,0.0,10,80.0,0.0,0,122.5,0.0,0.0,0.0,0.0,0.0,7
2023-05-09 21:46:43,p2401-C-8300,p2401-C-8300,122.5,0.0,0.0,0.0,1,83.5,0.0,0,122.5,0.0,0.0,0.0,0.0,0.0,7
2023-05-09 21:46:43,p2401-C-8300,p2401-C-8300,122.5,0.0,0.0,0.0,10,84.0,0.0,0,122.5,0.0,0.0,0.0,0.0,0.0,7
2023-05-09 21:46:44,p2401-C-8300,p2401-C-8300,122.5,0.0,0.0,0.0,1,84.5,0.0,0,122.5,0.0,0.0,0.0,0.0,0.0,7
2023-05-09 21:46:44,p2401-C-8300,p2401-C-8300,122.5,0.0,0.0,0.0,10,85.0,0.0,0,122.5,0.0,0.0,0.0,0.0,0.0,7
2023-05-09 21:46:45,p2401-C-8300,p2401-C-8300,122.5,0.0,0.0,0.0,1,85.5,0.0,0,122.5,0.0,0.0,0.0,0.0,0.0,7
2023-05-09 21:46:45,p2401-C-8300,p2401-C-8300,122.5,0.0,0.0,0.0,10,86.0,0.0,0,122.5,0.0,0.0,0.0,0.0,0.0,7
2023-05-09 21:46:47,p2401-C-8300,p2401-C-8300,122.5,0.0,0.0,0.0,1,86.5,0.0,0,122.5,0.0,0.0,0.0,0.0,0.0,7
2023-05-09 21:46:47,p2401-C-8300,p2401-C-8300,122.5,0.0,0.0,0.0,11,86.5,0.0,0,122.5,0.0,0.0,0.0,0.0,0.0,7
2023-05-09 21:47:04,p2401-C-8300,p2401-C-8300,122.5,0.0,0.0,0.0,10,86.5,0.0,0,122.5,0.0,0.0,0.0,0.0,0.0,7
2023-05-09 22:12:16,p2401-C-8300,p2401-C-8300,122.5,0.0,0.0,0.0,5,6.5,0.0,0,122.5,0.0,0.0,0.0,0.0,0.0,7
2023-05-09 22:12:16,p2401-C-8300,p2401-C-8300,122.5,0.0,0.0,0.0,1,13.0,0.0,0,122.5,0.0,0.0,0.0,0.0,0.0,7
2023-05-09 22:12:16,p2401-C-8300,p2401-C-8300,122.5,0.0,0.0,0.0,10,13.5,0.0,0,122.5,0.0,0.0,0.0,0.0,0.0,7
2023-05-09 22:12:17,p2401-C-8300,p2401-C-8300,122.5,0.0,0.0,0.0,1,20.0,0.0,0,122.5,0.0,0.0,0.0,0.0,0.0,7
2023-05-09 22:12:17,p2401-C-8300,p2401-C-8300,122.5,0.0,0.0,0.0,10,20.5,0.0,0,122.5,0.0,0.0,0.0,0.0,0.0,7
2023-05-09 22:12:18,p2401-C-8300,p2401-C-8300,122.5,0.0,0.0,0.0,1,27.0,0.0,0,122.5,0.0,0.0,0.0,0.0,0.0,7
2023-05-09 22:12:18,p2401-C-8300,p2401-C-8300,122.5,0.0,0.0,0.0,10,27.5,0.0,0,122.5,0.0,0.0,0.0,0.0,0.0,7
2023-05-09 22:12:19,p2401-C-8300,p2401-C-8300,122.5,0.0,0.0,0.0,1,34.0,0.0,0,122.5,0.0,0.0,0.0,0.0,0.0,7
2023-05-09 22:12:19,p2401-C-8300,p2401-C-8300,122.5,0.0,0.0,0.0,10,34.5,0.0,0,122.5,0.0,0.0,0.0,0.0,0.0,7
2023-05-09 22:12:20,p2401-C-8300,p2401-C-8300,122.5,0.0,0.0,0.0,1,41.0,0.0,0,122.5,0.0,0.0,0.0,0.0,0.0,7
2023-05-09 22:12:20,p2401-C-8300,p2401-C-8300,122.5,0.0,0.0,0.0,10,41.5,0.0,0,122.5,0.0,0.0,0.0,0.0,0.0,7
2023-05-09 22:12:21,p2401-C-8300,p2401-C-8300,122.5,0.0,0.0,0.0,1,48.0,0.0,0,122.5,0.0,0.0,0.0,0.0,0.0,7
2023-05-09 22:12:21,p2401-C-8300,p2401-C-8300,122.5,0.0,0.0,0.0,10,48.5,0.0,0,122.5,0.0,0.0,0.0,0.0,0.0,7
2023-05-09 22:12:22,p2401-C-8300,p2401-C-8300,122.5,0.0,0.0,0.0,1,52.0,0.0,0,122.5,0.0,0.0,0.0,0.0,0.0,7
2023-05-09 22:12:22,p2401-C-8300,p2401-C-8300,122.5,0.0,0.0,0.0,10,52.5,0.0,0,122.5,0.0,0.0,0.0,0.0,0.0,7
2023-05-09 22:12:23,p2401-C-8300,p2401-C-8300,122.5,0.0,0.0,0.0,1,53.0,0.0,0,122.5,0.0,0.0,0.0,0.0,0.0,7
2023-05-09 22:12:23,p2401-C-8300,p2401-C-8300,122.5,0.0,0.0,0.0,10,53.5,0.0,0,122.5,0.0,0.0,0.0,0.0,0.0,7
2023-05-09 22:12:24,p2401-C-8300,p2401-C-8300,122.5,0.0,0.0,0.0,1,54.0,0.0,0,122.5,0.0,0.0,0.0,0.0,0.0,7
2023-05-09 22:12:24,p2401-C-8300,p2401-C-8300,122.5,0.0,0.0,0.0,10,54.5,0.0,0,122.5,0.0,0.0,0.0,0.0,0.0,7
2023-05-09 22:12:25,p2401-C-8300,p2401-C-8300,122.5,0.0,0.0,0.0,1,55.0,0.0,0,122.5,0.0,0.0,0.0,0.0,0.0,7
2023-05-09 22:12:25,p2401-C-8300,p2401-C-8300,122.5,0.0,0.0,0.0,10,55.5,0.0,0,122.5,0.0,0.0,0.0,0.0,0.0,7
2023-05-09 22:12:26,p2401-C-8300,p2401-C-8300,122.5,0.0,0.0,0.0,1,56.0,0.0,0,122.5,0.0,0.0,0.0,0.0,0.0,7
2023-05-09 22:12:26,p2401-C-8300,p2401-C-8300,122.5,0.0,0.0,0.0,10,56.5,0.0,0,122.5,0.0,0.0,0.0,0.0,0.0,7
2023-05-09 22:12:27,p2401-C-8300,p2401-C-8300,122.5,0.0,0.0,0.0,1,57.0,0.0,0,122.5,0.0,0.0,0.0,0.0,0.0,7
2023-05-09 22:12:27,p2401-C-8300,p2401-C-8300,122.5,0.0,0.0,0.0,10,57.5,0.0,0,122.5,0.0,0.0,0.0,0.0,0.0,7
2023-05-09 22:30:01,p2401-C-8300,p2401-C-8300,122.5,0.0,0.0,0.0,1,64.0,0.0,0,122.5,0.0,0.0,0.0,0.0,0.0,7
2023-05-09 22:30:01,p2401-C-8300,p2401-C-8300,122.5,0.0,0.0,0.0,10,64.5,0.0,0,122.5,0.0,0.0,0.0,0.0,0.0,7
2023-05-09 22:30:02,p2401-C-8300,p2401-C-8300,122.5,0.0,0.0,0.0,1,71.0,0.0,0,122.5,0.0,0.0,0.0,0.0,0.0,7
2023-05-09 22:30:02,p2401-C-8300,p2401-C-8300,122.5,0.0,0.0,0.0,10,71.5,0.0,0,122.5,0.0,0.0,0.0,0.0,0.0,7
2023-05-09 22:30:03,p2401-C-8300,p2401-C-8300,122.5,0.0,0.0,0.0,1,75.0,0.0,0,122.5,0.0,0.0,0.0,0.0,0.0,7
2023-05-09 22:30:03,p2401-C-8300,p2401-C-8300,122.5,0.0,0.0,0.0,10,75.5,0.0,0,122.5,0.0,0.0,0.0,0.0,0.0,7
2023-05-09 22:30:04,p2401-C-8300,p2401-C-8300,122.5,0.0,0.0,0.0,1,79.0,0.0,0,122.5,0.0,0.0,0.0,0.0,0.0,7
2023-05-09 22:30:04,p2401-C-8300,p2401-C-8300,122.5,0.0,0.0,0.0,10,79.5,0.0,0,122.5,0.0,0.0,0.0,0.0,0.0,7
2023-05-09 22:30:05,p2401-C-8300,p2401-C-8300,122.5,0.0,0.0,0.0,1,80.0,0.0,0,122.5,0.0,0.0,0.0,0.0,0.0,7
2023-05-09 22:30:05,p2401-C-8300,p2401-C-8300,122.5,0.0,0.0,0.0,10,80.5,0.0,0,122.5,0.0,0.0,0.0,0.0,0.0,7
2023-05-09 22:30:06,p2401-C-8300,p2401-C-8300,122.5,0.0,0.0,0.0,1,81.0,0.0,0,122.5,0.0,0.0,0.0,0.0,0.0,7
2023-05-09 22:30:06,p2401-C-8300,p2401-C-8300,122.5,0.0,0.0,0.0,10,81.5,0.0,0,122.5,0.0,0.0,0.0,0.0,0.0,7
2023-05-09 22:30:07,p2401-C-8300,p2401-C-8300,122.5,0.0,0.0,0.0,1,82.0,0.0,0,122.5,0.0,0.0,0.0,0.0,0.0,7
2023-05-09 22:30:07,p2401-C-8300,p2401-C-8300,122.5,0.0,0.0,0.0,10,82.5,0.0,0,122.5,0.0,0.0,0.0,0.0,0.0,7
2023-05-09 22:30:08,p2401-C-8300,p2401-C-8300,122.5,0.0,0.0,0.0,1,83.0,0.0,0,122.5,0.0,0.0,0.0,0.0,0.0,7
2023-05-09 22:30:08,p2401-C-8300,p2401-C-8300,122.5,0.0,0.0,0.0,10,83.5,0.0,0,122.5,0.0,0.0,0.0,0.0,0.0,7
2023-05-09 22:30:10,p2401-C-8300,p2401-C-8300,122.5,0.0,0.0,0.0,1,90.0,0.0,0,122.5,0.0,0.0,0.0,0.0,0.0,7
2023-05-09 22:30:26,p2401-C-8300,p2401-C-8300,122.5,0.0,0.0,0.0,10,7.0,0.0,0,122.5,0.0,0.0,0.0,0.0,0.0,7
2023-05-09 22:30:26,p2401-C-8300,p2401-C-8300,122.5,0.0,0.0,0.0,1,13.5,0.0,0,122.5,0.0,0.0,0.0,0.0,0.0,7
2023-05-09 22:30:26,p2401-C-8300,p2401-C-8300,122.5,0.0,0.0,0.0,10,14.0,0.0,0,122.5,0.0,0.0,0.0,0.0,0.0,7
2023-05-09 22:30:28,p2401-C-8300,p2401-C-8300,122.5,0.0,0.0,0.0,1,20.5,0.0,0,122.5,0.0,0.0,0.0,0.0,0.0,7
2023-05-09 22:30:28,p2401-C-8300,p2401-C-8300,122.5,0.0,0.0,0.0,10,21.0,0.0,0,122.5,0.0,0.0,0.0,0.0,0.0,7
2023-05-09 22:30:29,p2401-C-8300,p2401-C-8300,122.5,0.0,0.0,0.0,1,27.5,0.0,0,122.5,0.0,0.0,0.0,0.0,0.0,7
2023-05-09 22:30:29,p2401-C-8300,p2401-C-8300,122.5,0.0,0.0,0.0,10,28.0,0.0,0,122.5,0.0,0.0,0.0,0.0,0.0,7
2023-05-09 22:30:30,p2401-C-8300,p2401-C-8300,122.5,0.0,0.0,0.0,1,34.5,0.0,0,122.5,0.0,0.0,0.0,0.0,0.0,7
2023-05-09 22:30:30,p2401-C-8300,p2401-C-8300,122.5,0.0,0.0,0.0,10,35.0,0.0,0,122.5,0.0,0.0,0.0,0.0,0.0,7
2023-05-09 22:30:31,p2401-C-8300,p2401-C-8300,122.5,0.0,0.0,0.0,1,41.5,0.0,0,122.5,0.0,0.0,0.0,0.0,0.0,7
2023-05-09 22:30:31,p2401-C-8300,p2401-C-8300,122.5,0.0,0.0,0.0,10,42.0,0.0,0,122.5,0.0,0.0,0.0,0.0,0.0,7
2023-05-09 22:30:32,p2401-C-8300,p2401-C-8300,122.5,0.0,0.0,0.0,1,48.5,0.0,0,122.5,0.0,0.0,0.0,0.0,0.0,7
2023-05-09 22:30:32,p2401-C-8300,p2401-C-8300,122.5,0.0,0.0,0.0,10,49.0,0.0,0,122.5,0.0,0.0,0.0,0.0,0.0,7
2023-05-09 22:30:33,p2401-C-8300,p2401-C-8300,122.5,0.0,0.0,0.0,1,55.5,0.0,0,122.5,0.0,0.0,0.0,0.0,0.0,7
2023-05-09 22:30:33,p2401-C-8300,p2401-C-8300,122.5,0.0,0.0,0.0,10,56.0,0.0,0,122.5,0.0,0.0,0.0,0.0,0.0,7
2023-05-09 22:30:34,p2401-C-8300,p2401-C-8300,122.5,0.0,0.0,0.0,1,62.5,0.0,0,122.5,0.0,0.0,0.0,0.0,0.0,7
2023-05-09 22:30:34,p2401-C-8300,p2401-C-8300,122.5,0.0,0.0,0.0,10,63.0,0.0,0,122.5,0.0,0.0,0.0,0.0,0.0,7
2023-05-09 22:30:35,p2401-C-8300,p2401-C-8300,122.5,0.0,0.0,0.0,1,66.5,0.0,0,122.5,0.0,0.0,0.0,0.0,0.0,7
2023-05-09 22:30:35,p2401-C-8300,p2401-C-8300,122.5,0.0,0.0,0.0,10,67.0,0.0,0,122.5,0.0,0.0,0.0,0.0,0.0,7
2023-05-09 22:30:36,p2401-C-8300,p2401-C-8300,122.5,0.0,0.0,0.0,1,67.5,0.0,0,122.5,0.0,0.0,0.0,0.0,0.0,7
2023-05-09 22:30:36,p2401-C-8300,p2401-C-8300,122.5,0.0,0.0,0.0,10,68.0,0.0,0,122.5,0.0,0.0,0.0,0.0,0.0,7
2023-05-09 22:30:37,p2401-C-8300,p2401-C-8300,122.5,0.0,0.0,0.0,1,71.5,0.0,0,122.5,0.0,0.0,0.0,0.0,0.0,7
2023-05-09 22:30:37,p2401-C-8300,p2401-C-8300,122.5,0.0,0.0,0.0,10,72.0,0.0,0,122.5,0.0,0.0,0.0,0.0,0.0,7
2023-05-09 22:30:38,p2401-C-8300,p2401-C-8300,122.5,0.0,0.0,0.0,1,72.5,0.0,0,122.5,0.0,0.0,0.0,0.0,0.0,7
2023-05-09 22:30:38,p2401-C-8300,p2401-C-8300,122.5,0.0,0.0,0.0,10,73.0,0.0,0,122.5,0.0,0.0,0.0,0.0,0.0,7
2023-05-09 22:30:39,p2401-C-8300,p2401-C-8300,122.5,0.0,0.0,0.0,1,73.5,0.0,0,122.5,0.0,0.0,0.0,0.0,0.0,7
2023-05-09 22:30:39,p2401-C-8300,p2401-C-8300,122.5,0.0,0.0,0.0,10,74.0,0.0,0,122.5,0.0,0.0,0.0,0.0,0.0,7
2023-05-09 22:30:40,p2401-C-8300,p2401-C-8300,122.5,0.0,0.0,0.0,1,74.5,0.0,0,122.5,0.0,0.0,0.0,0.0,0.0,7
2023-05-09 22:30:40,p2401-C-8300,p2401-C-8300,122.5,0.0,0.0,0.0,10,75.0,0.0,0,122.5,0.0,0.0,0.0,0.0,0.0,7
2023-05-09 22:30:41,p2401-C-8300,p2401-C-8300,122.5,0.0,0.0,0.0,1,75.5,0.0,0,122.5,0.0,0.0,0.0,0.0,0.0,7
2023-05-09 22:30:41,p2401-C-8300,p2401-C-8300,122.5,0.0,0.0,0.0,10,76.0,0.0,0,122.5,0.0,0.0,0.0,0.0,0.0,7
2023-05-09 22:30:43,p2401-C-8300,p2401-C-8300,122.5,0.0,0.0,0.0,1,76.5,0.0,0,122.5,0.0,0.0,0.0,0.0,0.0,7
2023-05-09 22:30:43,p2401-C-8300,p2401-C-8300,122.5,0.0,0.0,0.0,10,77.0,0.0,0,122.5,0.0,0.0,0.0,0.0,0.0,7
2023-05-09 22:30:44,p2401-C-8300,p2401-C-8300,122.5,0.0,0.0,0.0,1,77.5,0.0,0,122.5,0.0,0.0,0.0,0.0,0.0,7
2023-05-09 22:30:44,p2401-C-8300,p2401-C-8300,122.5,0.0,0.0,0.0,10,78.0,0.0,0,122.5,0.0,0.0,0.0,0.0,0.0,7
2023-05-09 22:56:55,p2401-C-8300,p2401-C-8300,122.5,0.0,0.0,0.0,1,3.5,0.0,0,122.5,0.0,0.0,0.0,0.0,0.0,7
2023-05-09 22:56:56,p2401-C-8300,p2401-C-8300,122.5,0.0,0.0,0.0,1,4.0,0.0,0,122.5,0.0,0.0,0.0,0.0,0.0,7
2023-05-09 22:59:15,p2401-C-8300,p2401-C-8300,122.5,0.0,0.0,0.0,10,4.5,0.0,0,122.5,0.0,0.0,0.0,0.0,0.0,7
2023-05-09 22:59:56,p2401-C-8300,p2401-C-8300,122.5,0.0,0.0,0.0,1,4.0,0.0,0,122.5,0.0,0.0,0.0,0.0,0.0,7
2023-05-10 09:00:02,p2401-C-8300,p2401-C-8300,122.5,0.0,0.0,0.0,10,4.5,0.0,0,122.5,0.0,0.0,0.0,0.0,0.0,7
2023-05-10 09:01:55,p2401-C-8300,p2401-C-8300,122.5,0.0,0.0,0.0,1,5.0,0.0,0,122.5,0.0,0.0,0.0,0.0,0.0,7
2023-05-10 09:01:55,p2401-C-8300,p2401-C-8300,122.5,0.0,0.0,0.0,10,5.5,0.0,0,122.5,0.0,0.0,0.0,0.0,0.0,7
2023-05-10 09:01:57,p2401-C-8300,p2401-C-8300,122.5,0.0,0.0,0.0,1,9.0,0.0,0,122.5,0.0,0.0,0.0,0.0,0.0,7
2023-05-10 09:01:57,p2401-C-8300,p2401-C-8300,122.5,0.0,0.0,0.0,10,9.5,0.0,0,122.5,0.0,0.0,0.0,0.0,0.0,7
2023-05-10 09:05:00,p2401-C-8300,p2401-C-8300,122.5,0.0,0.0,0.0,1,13.0,0.0,0,122.5,0.0,0.0,0.0,0.0,0.0,7
2023-05-10 09:05:00,p2401-C-8300,p2401-C-8300,122.5,0.0,0.0,0.0,10,13.5,0.0,0,122.5,0.0,0.0,0.0,0.0,0.0,7
2023-05-10 09:05:05,p2401-C-8300,p2401-C-8300,122.5,0.0,0.0,0.0,1,17.0,0.0,0,122.5,0.0,0.0,0.0,0.0,0.0,7
2023-05-10 09:05:05,p2401-C-8300,p2401-C-8300,122.5,0.0,0.0,0.0,10,17.5,0.0,0,122.5,0.0,0.0,0.0,0.0,0.0,7
2023-05-10 09:05:09,p2401-C-8300,p2401-C-8300,122.5,0.0,0.0,0.0,1,24.0,0.0,0,122.5,0.0,0.0,0.0,0.0,0.0,7
2023-05-10 09:05:09,p2401-C-8300,p2401-C-8300,122.5,0.0,0.0,0.0,10,24.5,0.0,0,122.5,0.0,0.0,0.0,0.0,0.0,7
2023-05-10 09:05:13,p2401-C-8300,p2401-C-8300,122.5,0.0,0.0,0.0,1,31.0,0.0,0,122.5,0.0,0.0,0.0,0.0,0.0,7
2023-05-10 09:05:13,p2401-C-8300,p2401-C-8300,122.5,0.0,0.0,0.0,10,31.5,0.0,0,122.5,0.0,0.0,0.0,0.0,0.0,7
2023-05-10 09:05:16,p2401-C-8300,p2401-C-8300,122.5,0.0,0.0,0.0,1,38.0,0.0,0,122.5,0.0,0.0,0.0,0.0,0.0,7
2023-05-10 09:05:16,p2401-C-8300,p2401-C-8300,122.5,0.0,0.0,0.0,10,38.5,0.0,0,122.5,0.0,0.0,0.0,0.0,0.0,7
2023-05-10 09:05:20,p2401-C-8300,p2401-C-8300,122.5,0.0,0.0,0.0,1,45.0,0.0,0,122.5,0.0,0.0,0.0,0.0,0.0,7
2023-05-10 09:05:20,p2401-C-8300,p2401-C-8300,122.5,0.0,0.0,0.0,10,45.5,0.0,0,122.5,0.0,0.0,0.0,0.0,0.0,7
2023-05-10 09:05:25,p2401-C-8300,p2401-C-8300,122.5,0.0,0.0,0.0,1,52.0,0.0,0,122.5,0.0,0.0,0.0,0.0,0.0,7
2023-05-10 09:05:25,p2401-C-8300,p2401-C-8300,122.5,0.0,0.0,0.0,10,52.5,0.0,0,122.5,0.0,0.0,0.0,0.0,0.0,7
2023-05-10 09:05:31,p2401-C-8300,p2401-C-8300,122.5,0.0,0.0,0.0,1,56.0,0.0,0,122.5,0.0,0.0,0.0,0.0,0.0,7
2023-05-10 09:05:31,p2401-C-8300,p2401-C-8300,122.5,0.0,0.0,0.0,10,56.5,0.0,0,122.5,0.0,0.0,0.0,0.0,0.0,7
2023-05-10 09:05:34,p2401-C-8300,p2401-C-8300,122.5,0.0,0.0,0.0,1,57.0,0.0,0,122.5,0.0,0.0,0.0,0.0,0.0,7
2023-05-10 09:05:34,p2401-C-8300,p2401-C-8300,122.5,0.0,0.0,0.0,10,57.5,0.0,0,122.5,0.0,0.0,0.0,0.0,0.0,7
2023-05-10 09:05:36,p2401-C-8300,p2401-C-8300,122.5,0.0,0.0,0.0,1,58.0,0.0,0,122.5,0.0,0.0,0.0,0.0,0.0,7
2023-05-10 09:05:36,p2401-C-8300,p2401-C-8300,122.5,0.0,0.0,0.0,10,58.5,0.0,0,122.5,0.0,0.0,0.0,0.0,0.0,7
2023-05-10 09:05:39,p2401-C-8300,p2401-C-8300,122.5,0.0,0.0,0.0,1,59.0,0.0,0,122.5,0.0,0.0,0.0,0.0,0.0,7
2023-05-10 09:05:39,p2401-C-8300,p2401-C-8300,122.5,0.0,0.0,0.0,10,59.5,0.0,0,122.5,0.0,0.0,0.0,0.0,0.0,7
2023-05-10 09:05:41,p2401-C-8300,p2401-C-8300,122.5,0.0,0.0,0.0,1,60.0,0.0,0,122.5,0.0,0.0,0.0,0.0,0.0,7
2023-05-10 09:05:41,p2401-C-8300,p2401-C-8300,122.5,0.0,0.0,0.0,10,60.5,0.0,0,122.5,0.0,0.0,0.0,0.0,0.0,7
2023-05-10 09:07:06,p2401-C-8300,p2401-C-8300,122.5,0.0,0.0,0.0,1,61.0,0.0,0,122.5,0.0,0.0,0.0,0.0,0.0,7
2023-05-10 09:07:06,p2401-C-8300,p2401-C-8300,122.5,0.0,0.0,0.0,10,61.5,0.0,0,122.5,0.0,0.0,0.0,0.0,0.0,7
2023-05-10 10:14:32,p2401-C-8300,p2401-C-8300,122.5,0.0,0.0,0.0,1,8.5,0.0,0,122.5,0.0,0.0,0.0,0.0,0.0,7
2023-05-10 10:30:20,p2401-C-8300,p2401-C-8300,122.5,0.0,0.0,0.0,10,15.5,0.0,0,122.5,0.0,0.0,0.0,0.0,0.0,7
2023-05-10 10:30:29,p2401-C-8300,p2401-C-8300,122.5,0.0,0.0,0.0,1,22.0,0.0,0,122.5,0.0,0.0,0.0,0.0,0.0,7
2023-05-10 10:30:29,p2401-C-8300,p2401-C-8300,122.5,0.0,0.0,0.0,10,22.5,0.0,0,122.5,0.0,0.0,0.0,0.0,0.0,7
2023-05-10 10:30:32,p2401-C-8300,p2401-C-8300,122.5,0.0,0.0,0.0,1,29.0,0.0,0,122.5,0.0,0.0,0.0,0.0,0.0,7
2023-05-10 10:30:32,p2401-C-8300,p2401-C-8300,122.5,0.0,0.0,0.0,10,29.5,0.0,0,122.5,0.0,0.0,0.0,0.0,0.0,7
2023-05-10 10:30:35,p2401-C-8300,p2401-C-8300,122.5,0.0,0.0,0.0,1,36.0,0.0,0,122.5,0.0,0.0,0.0,0.0,0.0,7
2023-05-10 10:30:35,p2401-C-8300,p2401-C-8300,122.5,0.0,0.0,0.0,10,36.5,0.0,0,122.5,0.0,0.0,0.0,0.0,0.0,7
2023-05-10 10:30:37,p2401-C-8300,p2401-C-8300,122.5,0.0,0.0,0.0,1,43.0,0.0,0,122.5,0.0,0.0,0.0,0.0,0.0,7
2023-05-10 10:30:37,p2401-C-8300,p2401-C-8300,122.5,0.0,0.0,0.0,10,43.5,0.0,0,122.5,0.0,0.0,0.0,0.0,0.0,7
2023-05-10 10:30:40,p2401-C-8300,p2401-C-8300,122.5,0.0,0.0,0.0,1,50.0,0.0,0,122.5,0.0,0.0,0.0,0.0,0.0,7
2023-05-10 10:30:40,p2401-C-8300,p2401-C-8300,122.5,0.0,0.0,0.0,10,50.5,0.0,0,122.5,0.0,0.0,0.0,0.0,0.0,7
2023-05-10 10:30:42,p2401-C-8300,p2401-C-8300,122.5,0.0,0.0,0.0,1,54.0,0.0,0,122.5,0.0,0.0,0.0,0.0,0.0,7
2023-05-10 10:30:42,p2401-C-8300,p2401-C-8300,122.5,0.0,0.0,0.0,10,54.5,0.0,0,122.5,0.0,0.0,0.0,0.0,0.0,7
2023-05-10 10:30:45,p2401-C-8300,p2401-C-8300,122.5,0.0,0.0,0.0,1,55.0,0.0,0,122.5,0.0,0.0,0.0,0.0,0.0,7
2023-05-10 10:30:45,p2401-C-8300,p2401-C-8300,122.5,0.0,0.0,0.0,10,55.5,0.0,0,122.5,0.0,0.0,0.0,0.0,0.0,7
2023-05-10 10:30:47,p2401-C-8300,p2401-C-8300,122.5,0.0,0.0,0.0,1,56.0,0.0,0,122.5,0.0,0.0,0.0,0.0,0.0,7
2023-05-10 10:30:47,p2401-C-8300,p2401-C-8300,122.5,0.0,0.0,0.0,10,56.5,0.0,0,122.5,0.0,0.0,0.0,0.0,0.0,7
2023-05-10 10:30:50,p2401-C-8300,p2401-C-8300,122.5,0.0,0.0,0.0,1,57.0,0.0,0,122.5,0.0,0.0,0.0,0.0,0.0,7
2023-05-10 10:30:50,p2401-C-8300,p2401-C-8300,122.5,0.0,0.0,0.0,10,57.5,0.0,0,122.5,0.0,0.0,0.0,0.0,0.0,7
2023-05-10 10:30:52,p2401-C-8300,p2401-C-8300,122.5,0.0,0.0,0.0,1,58.0,0.0,0,122.5,0.0,0.0,0.0,0.0,0.0,7
2023-05-10 10:30:52,p2401-C-8300,p2401-C-8300,122.5,0.0,0.0,0.0,10,58.5,0.0,0,122.5,0.0,0.0,0.0,0.0,0.0,7
2023-05-10 10:30:54,p2401-C-8300,p2401-C-8300,122.5,0.0,0.0,0.0,1,59.0,0.0,0,122.5,0.0,0.0,0.0,0.0,0.0,7
2023-05-10 10:30:54,p2401-C-8300,p2401-C-8300,122.5,0.0,0.0,0.0,10,59.5,0.0,0,122.5,0.0,0.0,0.0,0.0,0.0,7
2023-05-10 10:30:55,p2401-C-8300,p2401-C-8300,122.5,0.0,0.0,0.0,1,60.0,0.0,0,122.5,0.0,0.0,0.0,0.0,0.0,7
2023-05-10 10:30:55,p2401-C-8300,p2401-C-8300,122.5,0.0,0.0,0.0,10,60.5,0.0,0,122.5,0.0,0.0,0.0,0.0,0.0,7
2023-05-10 10:31:01,p2401-C-8300,p2401-C-8300,122.5,0.0,0.0,0.0,1,61.0,0.0,0,122.5,0.0,0.0,0.0,0.0,0.0,7
2023-05-10 10:31:01,p2401-C-8300,p2401-C-8300,122.5,0.0,0.0,0.0,10,61.5,0.0,0,122.5,0.0,0.0,0.0,0.0,0.0,7
2023-05-10 11:29:33,p2401-C-8300,p2401-C-8300,122.5,0.0,0.0,0.0,1,8.5,0.0,0,122.5,0.0,0.0,0.0,0.0,0.0,7
2023-05-10 13:31:12,p2401-C-8300,p2401-C-8300,122.5,0.0,0.0,0.0,1,9.0,0.0,0,122.5,0.0,0.0,0.0,0.0,0.0,7
2023-05-10 13:31:21,p2401-C-8300,p2401-C-8300,122.5,0.0,0.0,0.0,1,15.5,0.0,0,122.5,0.0,0.0,0.0,0.0,0.0,7
2023-05-10 13:34:01,p2401-C-8300,p2401-C-8300,122.5,0.0,0.0,0.0,10,16.0,0.0,0,122.5,0.0,0.0,0.0,0.0,0.0,7
2023-05-10 13:34:14,p2401-C-8300,p2401-C-8300,122.5,0.0,0.0,0.0,1,22.5,0.0,0,122.5,0.0,0.0,0.0,0.0,0.0,7
2023-05-10 13:34:14,p2401-C-8300,p2401-C-8300,122.5,0.0,0.0,0.0,10,23.0,0.0,0,122.5,0.0,0.0,0.0,0.0,0.0,7
2023-05-10 13:35:00,p2401-C-8300,p2401-C-8300,122.5,0.0,0.0,0.0,1,29.5,0.0,0,122.5,0.0,0.0,0.0,0.0,0.0,7
2023-05-10 13:35:00,p2401-C-8300,p2401-C-8300,122.5,0.0,0.0,0.0,10,30.0,0.0,0,122.5,0.0,0.0,0.0,0.0,0.0,7
2023-05-10 13:36:00,p2401-C-8300,p2401-C-8300,122.5,0.0,0.0,0.0,1,36.5,0.0,0,122.5,0.0,0.0,0.0,0.0,0.0,7
2023-05-10 13:36:00,p2401-C-8300,p2401-C-8300,122.5,0.0,0.0,0.0,10,37.0,0.0,0,122.5,0.0,0.0,0.0,0.0,0.0,7
2023-05-10 13:40:22,p2401-C-8300,p2401-C-8300,122.5,0.0,0.0,0.0,1,43.5,0.0,0,122.5,0.0,0.0,0.0,0.0,0.0,7
2023-05-10 13:40:22,p2401-C-8300,p2401-C-8300,122.5,0.0,0.0,0.0,10,44.0,0.0,0,122.5,0.0,0.0,0.0,0.0,0.0,7
2023-05-10 13:40:34,p2401-C-8300,p2401-C-8300,122.5,0.0,0.0,0.0,1,50.5,0.0,0,122.5,0.0,0.0,0.0,0.0,0.0,7
2023-05-10 13:40:34,p2401-C-8300,p2401-C-8300,122.5,0.0,0.0,0.0,10,51.0,0.0,0,122.5,0.0,0.0,0.0,0.0,0.0,7
2023-05-10 13:41:00,p2401-C-8300,p2401-C-8300,122.5,0.0,0.0,0.0,1,54.5,0.0,0,122.5,0.0,0.0,0.0,0.0,0.0,7
2023-05-10 13:41:00,p2401-C-8300,p2401-C-8300,122.5,0.0,0.0,0.0,10,55.0,0.0,0,122.5,0.0,0.0,0.0,0.0,0.0,7
2023-05-10 13:42:29,p2401-C-8300,p2401-C-8300,122.5,0.0,0.0,0.0,1,55.5,0.0,0,122.5,0.0,0.0,0.0,0.0,0.0,7
2023-05-10 13:42:29,p2401-C-8300,p2401-C-8300,122.5,0.0,0.0,0.0,10,56.0,0.0,0,122.5,0.0,0.0,0.0,0.0,0.0,7
2023-05-10 13:43:10,p2401-C-8300,p2401-C-8300,122.5,0.0,0.0,0.0,1,56.5,0.0,0,122.5,0.0,0.0,0.0,0.0,0.0,7
2023-05-10 13:43:10,p2401-C-8300,p2401-C-8300,122.5,0.0,0.0,0.0,10,57.0,0.0,0,122.5,0.0,0.0,0.0,0.0,0.0,7
2023-05-10 13:43:47,p2401-C-8300,p2401-C-8300,122.5,0.0,0.0,0.0,1,57.5,0.0,0,122.5,0.0,0.0,0.0,0.0,0.0,7
2023-05-10 13:43:47,p2401-C-8300,p2401-C-8300,122.5,0.0,0.0,0.0,10,58.0,0.0,0,122.5,0.0,0.0,0.0,0.0,0.0,7
2023-05-10 13:43:54,p2401-C-8300,p2401-C-8300,122.5,0.0,0.0,0.0,1,58.5,0.0,0,122.5,0.0,0.0,0.0,0.0,0.0,7
2023-05-10 13:43:54,p2401-C-8300,p2401-C-8300,122.5,0.0,0.0,0.0,10,59.0,0.0,0,122.5,0.0,0.0,0.0,0.0,0.0,7
2023-05-10 14:59:02,p2401-C-8300,p2401-C-8300,122.5,0.0,0.0,0.0,1,9.0,0.0,0,122.5,0.0,0.0,0.0,0.0,0.0,7
2023-05-10 14:59:04,p2401-C-8300,p2401-C-8300,122.5,0.0,0.0,0.0,1,15.5,0.0,0,122.5,0.0,0.0,0.0,0.0,0.0,7
2023-05-10 15:01:15,p2401-C-8300,p2401-C-8300,122.5,0.0,0.0,0.0,1,15.5,0.0,0,122.5,0.0,0.0,0.0,0.0,0.0,7
