time,symbol_id,symbol_name,last,trade_volume,trade_amount,open_interest_change,bv1,bp1,ap1,av1,yesterday_close,today_open,today_high,today_low,volume,amount,open_interest
2023-05-09 20:55:43,p2402-C-8100,p2402-C-8100,220.0,0.0,0.0,0.0,1,0.5,0.0,0,220.0,0.0,0.0,0.0,0.0,0.0,4
2023-05-09 21:00:26,p2402-C-8100,p2402-C-8100,220.0,0.0,0.0,0.0,1,15.5,0.0,0,220.0,0.0,0.0,0.0,0.0,0.0,4
2023-05-09 21:01:49,p2402-C-8100,p2402-C-8100,220.0,0.0,0.0,0.0,1,16.0,0.0,0,220.0,0.0,0.0,0.0,0.0,0.0,4
2023-05-09 21:01:52,p2402-C-8100,p2402-C-8100,220.0,0.0,0.0,0.0,1,16.5,0.0,0,220.0,0.0,0.0,0.0,0.0,0.0,4
2023-05-09 21:31:50,p2402-C-8100,p2402-C-8100,220.0,0.0,0.0,0.0,1,17.0,0.0,0,220.0,0.0,0.0,0.0,0.0,0.0,4
2023-05-09 21:31:51,p2402-C-8100,p2402-C-8100,220.0,0.0,0.0,0.0,1,17.5,0.0,0,220.0,0.0,0.0,0.0,0.0,0.0,4
2023-05-09 22:01:50,p2402-C-8100,p2402-C-8100,220.0,0.0,0.0,0.0,1,18.0,0.0,0,220.0,0.0,0.0,0.0,0.0,0.0,4
2023-05-09 22:01:52,p2402-C-8100,p2402-C-8100,220.0,0.0,0.0,0.0,1,18.5,0.0,0,220.0,0.0,0.0,0.0,0.0,0.0,4
2023-05-09 22:14:55,p2402-C-8100,p2402-C-8100,220.0,0.0,0.0,0.0,1,173.5,197.5,1,220.0,0.0,0.0,0.0,0.0,0.0,4
2023-05-09 22:15:03,p2402-C-8100,p2402-C-8100,220.0,0.0,0.0,0.0,1,173.5,194.5,1,220.0,0.0,0.0,0.0,0.0,0.0,4
2023-05-09 22:15:06,p2402-C-8100,p2402-C-8100,220.0,0.0,0.0,0.0,1,173.5,180.0,1,220.0,0.0,0.0,0.0,0.0,0.0,4
2023-05-09 22:15:07,p2402-C-8100,p2402-C-8100,220.0,0.0,0.0,0.0,2,172.5,180.0,1,220.0,0.0,0.0,0.0,0.0,0.0,4
2023-05-09 22:15:16,p2402-C-8100,p2402-C-8100,220.0,0.0,0.0,0.0,1,172.5,180.0,1,220.0,0.0,0.0,0.0,0.0,0.0,4
2023-05-09 22:15:16,p2402-C-8100,p2402-C-8100,220.0,0.0,0.0,0.0,1,164.5,180.0,1,220.0,0.0,0.0,0.0,0.0,0.0,4
2023-05-09 22:15:17,p2402-C-8100,p2402-C-8100,220.0,0.0,0.0,0.0,1,164.5,188.5,1,220.0,0.0,0.0,0.0,0.0,0.0,4
2023-05-09 22:15:20,p2402-C-8100,p2402-C-8100,220.0,0.0,0.0,0.0,1,18.0,0.0,0,220.0,0.0,0.0,0.0,0.0,0.0,4
2023-05-09 22:15:21,p2402-C-8100,p2402-C-8100,220.0,0.0,0.0,0.0,1,18.5,0.0,0,220.0,0.0,0.0,0.0,0.0,0.0,4
2023-05-09 22:31:50,p2402-C-8100,p2402-C-8100,220.0,0.0,0.0,0.0,1,19.0,0.0,0,220.0,0.0,0.0,0.0,0.0,0.0,4
2023-05-09 22:31:57,p2402-C-8100,p2402-C-8100,220.0,0.0,0.0,0.0,1,19.5,0.0,0,220.0,0.0,0.0,0.0,0.0,0.0,4
2023-05-09 22:57:25,p2402-C-8100,p2402-C-8100,220.0,0.0,0.0,0.0,1,19.0,0.0,0,220.0,0.0,0.0,0.0,0.0,0.0,4
2023-05-10 09:01:42,p2402-C-8100,p2402-C-8100,220.0,0.0,0.0,0.0,1,19.5,0.0,0,220.0,0.0,0.0,0.0,0.0,0.0,4
2023-05-10 09:29:25,p2402-C-8100,p2402-C-8100,220.0,0.0,0.0,0.0,1,20.0,0.0,0,220.0,0.0,0.0,0.0,0.0,0.0,4
2023-05-10 09:29:26,p2402-C-8100,p2402-C-8100,220.0,0.0,0.0,0.0,1,20.5,0.0,0,220.0,0.0,0.0,0.0,0.0,0.0,4
2023-05-10 10:03:02,p2402-C-8100,p2402-C-8100,220.0,0.0,0.0,0.0,1,21.0,0.0,0,220.0,0.0,0.0,0.0,0.0,0.0,4
2023-05-10 10:03:03,p2402-C-8100,p2402-C-8100,220.0,0.0,0.0,0.0,1,21.5,0.0,0,220.0,0.0,0.0,0.0,0.0,0.0,4
2023-05-10 10:12:20,p2402-C-8100,p2402-C-8100,220.0,0.0,0.0,0.0,1,21.0,0.0,0,220.0,0.0,0.0,0.0,0.0,0.0,4
2023-05-10 10:30:39,p2402-C-8100,p2402-C-8100,220.0,0.0,0.0,0.0,1,21.5,0.0,0,220.0,0.0,0.0,0.0,0.0,0.0,4
2023-05-10 11:00:27,p2402-C-8100,p2402-C-8100,220.0,0.0,0.0,0.0,1,22.0,0.0,0,220.0,0.0,0.0,0.0,0.0,0.0,4
2023-05-10 11:00:31,p2402-C-8100,p2402-C-8100,220.0,0.0,0.0,0.0,1,22.5,0.0,0,220.0,0.0,0.0,0.0,0.0,0.0,4
2023-05-10 11:27:19,p2402-C-8100,p2402-C-8100,220.0,0.0,0.0,0.0,1,22.0,0.0,0,220.0,0.0,0.0,0.0,0.0,0.0,4
2023-05-10 11:29:50,p2402-C-8100,p2402-C-8100,220.0,0.0,0.0,0.0,1,11.0,0.0,0,220.0,0.0,0.0,0.0,0.0,0.0,4
2023-05-10 13:31:09,p2402-C-8100,p2402-C-8100,220.0,0.0,0.0,0.0,1,11.5,0.0,0,220.0,0.0,0.0,0.0,0.0,0.0,4
2023-05-10 13:31:30,p2402-C-8100,p2402-C-8100,220.0,0.0,0.0,0.0,1,12.0,0.0,0,220.0,0.0,0.0,0.0,0.0,0.0,4
2023-05-10 14:01:35,p2402-C-8100,p2402-C-8100,220.0,0.0,0.0,0.0,1,12.5,0.0,0,220.0,0.0,0.0,0.0,0.0,0.0,4
2023-05-10 14:01:37,p2402-C-8100,p2402-C-8100,220.0,0.0,0.0,0.0,1,13.0,0.0,0,220.0,0.0,0.0,0.0,0.0,0.0,4
2023-05-10 14:53:44,p2402-C-8100,p2402-C-8100,220.0,0.0,0.0,0.0,1,13.5,0.0,0,220.0,0.0,0.0,0.0,0.0,0.0,4
2023-05-10 14:53:45,p2402-C-8100,p2402-C-8100,220.0,0.0,0.0,0.0,1,14.0,0.0,0,220.0,0.0,0.0,0.0,0.0,0.0,4
2023-05-10 15:01:15,p2402-C-8100,p2402-C-8100,220.0,0.0,0.0,0.0,1,14.0,0.0,0,220.0,0.0,0.0,0.0,0.0,0.0,4
