time,symbol_id,symbol_name,last,trade_volume,trade_amount,open_interest_change,bv1,bp1,ap1,av1,yesterday_close,today_open,today_high,today_low,volume,amount,open_interest
2023-05-09 20:56:51,p2401-P-6800,p2401-P-6800,367.0,0.0,0.0,0.0,1,59.5,0.0,0,367.0,0.0,0.0,0.0,0.0,0.0,4
2023-05-09 21:00:26,p2401-P-6800,p2401-P-6800,367.0,0.0,0.0,0.0,10,60.0,0.0,0,367.0,0.0,0.0,0.0,0.0,0.0,4
2023-05-09 21:00:45,p2401-P-6800,p2401-P-6800,367.0,0.0,0.0,0.0,1,130.5,0.0,0,367.0,0.0,0.0,0.0,0.0,0.0,4
2023-05-09 21:00:45,p2401-P-6800,p2401-P-6800,367.0,0.0,0.0,0.0,10,131.0,0.0,0,367.0,0.0,0.0,0.0,0.0,0.0,4
2023-05-09 21:01:50,p2401-P-6800,p2401-P-6800,367.0,0.0,0.0,0.0,1,131.5,0.0,0,367.0,0.0,0.0,0.0,0.0,0.0,4
2023-05-09 21:01:50,p2401-P-6800,p2401-P-6800,367.0,0.0,0.0,0.0,10,132.0,0.0,0,367.0,0.0,0.0,0.0,0.0,0.0,4
2023-05-09 21:02:07,p2401-P-6800,p2401-P-6800,367.0,0.0,0.0,0.0,1,132.5,0.0,0,367.0,0.0,0.0,0.0,0.0,0.0,4
2023-05-09 21:02:07,p2401-P-6800,p2401-P-6800,367.0,0.0,0.0,0.0,10,133.0,0.0,0,367.0,0.0,0.0,0.0,0.0,0.0,4
2023-05-09 21:22:09,p2401-P-6800,p2401-P-6800,367.0,0.0,0.0,0.0,1,141.0,0.0,0,367.0,0.0,0.0,0.0,0.0,0.0,4
2023-05-09 21:22:09,p2401-P-6800,p2401-P-6800,367.0,0.0,0.0,0.0,10,141.5,0.0,0,367.0,0.0,0.0,0.0,0.0,0.0,4
2023-05-09 21:22:17,p2401-P-6800,p2401-P-6800,367.0,0.0,0.0,0.0,1,149.5,0.0,0,367.0,0.0,0.0,0.0,0.0,0.0,4
2023-05-09 21:22:17,p2401-P-6800,p2401-P-6800,367.0,0.0,0.0,0.0,10,150.0,0.0,0,367.0,0.0,0.0,0.0,0.0,0.0,4
2023-05-09 21:22:26,p2401-P-6800,p2401-P-6800,367.0,0.0,0.0,0.0,1,158.0,0.0,0,367.0,0.0,0.0,0.0,0.0,0.0,4
2023-05-09 21:22:26,p2401-P-6800,p2401-P-6800,367.0,0.0,0.0,0.0,10,158.5,0.0,0,367.0,0.0,0.0,0.0,0.0,0.0,4
2023-05-09 21:22:30,p2401-P-6800,p2401-P-6800,367.0,0.0,0.0,0.0,1,162.5,0.0,0,367.0,0.0,0.0,0.0,0.0,0.0,4
2023-05-09 21:22:30,p2401-P-6800,p2401-P-6800,367.0,0.0,0.0,0.0,10,163.0,0.0,0,367.0,0.0,0.0,0.0,0.0,0.0,4
2023-05-09 21:22:35,p2401-P-6800,p2401-P-6800,367.0,0.0,0.0,0.0,1,163.5,0.0,0,367.0,0.0,0.0,0.0,0.0,0.0,4
2023-05-09 21:22:35,p2401-P-6800,p2401-P-6800,367.0,0.0,0.0,0.0,10,164.0,0.0,0,367.0,0.0,0.0,0.0,0.0,0.0,4
2023-05-09 21:22:40,p2401-P-6800,p2401-P-6800,367.0,0.0,0.0,0.0,1,164.5,0.0,0,367.0,0.0,0.0,0.0,0.0,0.0,4
2023-05-09 21:22:40,p2401-P-6800,p2401-P-6800,367.0,0.0,0.0,0.0,10,165.0,0.0,0,367.0,0.0,0.0,0.0,0.0,0.0,4
2023-05-09 21:22:43,p2401-P-6800,p2401-P-6800,367.0,0.0,0.0,0.0,1,165.5,0.0,0,367.0,0.0,0.0,0.0,0.0,0.0,4
2023-05-09 21:22:43,p2401-P-6800,p2401-P-6800,367.0,0.0,0.0,0.0,10,166.0,0.0,0,367.0,0.0,0.0,0.0,0.0,0.0,4
2023-05-09 21:22:45,p2401-P-6800,p2401-P-6800,367.0,0.0,0.0,0.0,1,166.5,0.0,0,367.0,0.0,0.0,0.0,0.0,0.0,4
2023-05-09 21:22:45,p2401-P-6800,p2401-P-6800,367.0,0.0,0.0,0.0,10,167.0,0.0,0,367.0,0.0,0.0,0.0,0.0,0.0,4
2023-05-09 21:22:47,p2401-P-6800,p2401-P-6800,367.0,0.0,0.0,0.0,1,167.5,0.0,0,367.0,0.0,0.0,0.0,0.0,0.0,4
2023-05-09 21:22:47,p2401-P-6800,p2401-P-6800,367.0,0.0,0.0,0.0,10,168.0,0.0,0,367.0,0.0,0.0,0.0,0.0,0.0,4
2023-05-09 21:22:48,p2401-P-6800,p2401-P-6800,367.0,0.0,0.0,0.0,1,168.5,0.0,0,367.0,0.0,0.0,0.0,0.0,0.0,4
2023-05-09 21:22:48,p2401-P-6800,p2401-P-6800,367.0,0.0,0.0,0.0,10,169.0,0.0,0,367.0,0.0,0.0,0.0,0.0,0.0,4
2023-05-09 21:22:50,p2401-P-6800,p2401-P-6800,367.0,0.0,0.0,0.0,1,169.5,0.0,0,367.0,0.0,0.0,0.0,0.0,0.0,4
2023-05-09 21:22:50,p2401-P-6800,p2401-P-6800,367.0,0.0,0.0,0.0,10,170.0,0.0,0,367.0,0.0,0.0,0.0,0.0,0.0,4
2023-05-09 21:22:51,p2401-P-6800,p2401-P-6800,367.0,0.0,0.0,0.0,1,170.5,0.0,0,367.0,0.0,0.0,0.0,0.0,0.0,4
2023-05-09 21:22:51,p2401-P-6800,p2401-P-6800,367.0,0.0,0.0,0.0,10,171.0,0.0,0,367.0,0.0,0.0,0.0,0.0,0.0,4
2023-05-09 21:22:53,p2401-P-6800,p2401-P-6800,367.0,0.0,0.0,0.0,1,171.5,0.0,0,367.0,0.0,0.0,0.0,0.0,0.0,4
2023-05-09 21:22:53,p2401-P-6800,p2401-P-6800,367.0,0.0,0.0,0.0,10,172.0,0.0,0,367.0,0.0,0.0,0.0,0.0,0.0,4
2023-05-09 21:22:54,p2401-P-6800,p2401-P-6800,367.0,0.0,0.0,0.0,1,172.5,0.0,0,367.0,0.0,0.0,0.0,0.0,0.0,4
2023-05-09 21:22:54,p2401-P-6800,p2401-P-6800,367.0,0.0,0.0,0.0,10,173.0,0.0,0,367.0,0.0,0.0,0.0,0.0,0.0,4
2023-05-09 21:22:55,p2401-P-6800,p2401-P-6800,367.0,0.0,0.0,0.0,1,173.5,0.0,0,367.0,0.0,0.0,0.0,0.0,0.0,4
2023-05-09 21:22:55,p2401-P-6800,p2401-P-6800,367.0,0.0,0.0,0.0,10,174.0,0.0,0,367.0,0.0,0.0,0.0,0.0,0.0,4
2023-05-09 21:22:56,p2401-P-6800,p2401-P-6800,367.0,0.0,0.0,0.0,1,174.5,0.0,0,367.0,0.0,0.0,0.0,0.0,0.0,4
2023-05-09 21:22:56,p2401-P-6800,p2401-P-6800,367.0,0.0,0.0,0.0,10,175.0,0.0,0,367.0,0.0,0.0,0.0,0.0,0.0,4
2023-05-09 21:22:57,p2401-P-6800,p2401-P-6800,367.0,0.0,0.0,0.0,1,175.5,0.0,0,367.0,0.0,0.0,0.0,0.0,0.0,4
2023-05-09 21:22:57,p2401-P-6800,p2401-P-6800,367.0,0.0,0.0,0.0,10,176.0,0.0,0,367.0,0.0,0.0,0.0,0.0,0.0,4
2023-05-09 21:22:58,p2401-P-6800,p2401-P-6800,367.0,0.0,0.0,0.0,1,176.5,0.0,0,367.0,0.0,0.0,0.0,0.0,0.0,4
2023-05-09 21:22:58,p2401-P-6800,p2401-P-6800,367.0,0.0,0.0,0.0,10,177.0,0.0,0,367.0,0.0,0.0,0.0,0.0,0.0,4
2023-05-09 21:22:59,p2401-P-6800,p2401-P-6800,367.0,0.0,0.0,0.0,1,177.5,0.0,0,367.0,0.0,0.0,0.0,0.0,0.0,4
2023-05-09 21:22:59,p2401-P-6800,p2401-P-6800,367.0,0.0,0.0,0.0,10,178.0,0.0,0,367.0,0.0,0.0,0.0,0.0,0.0,4
2023-05-09 21:23:00,p2401-P-6800,p2401-P-6800,367.0,0.0,0.0,0.0,1,178.5,0.0,0,367.0,0.0,0.0,0.0,0.0,0.0,4
2023-05-09 21:23:00,p2401-P-6800,p2401-P-6800,367.0,0.0,0.0,0.0,10,179.0,0.0,0,367.0,0.0,0.0,0.0,0.0,0.0,4
2023-05-09 21:23:01,p2401-P-6800,p2401-P-6800,367.0,0.0,0.0,0.0,1,179.5,0.0,0,367.0,0.0,0.0,0.0,0.0,0.0,4
2023-05-09 21:23:01,p2401-P-6800,p2401-P-6800,367.0,0.0,0.0,0.0,10,180.0,0.0,0,367.0,0.0,0.0,0.0,0.0,0.0,4
2023-05-09 21:23:02,p2401-P-6800,p2401-P-6800,367.0,0.0,0.0,0.0,1,180.5,0.0,0,367.0,0.0,0.0,0.0,0.0,0.0,4
2023-05-09 21:23:02,p2401-P-6800,p2401-P-6800,367.0,0.0,0.0,0.0,10,181.0,0.0,0,367.0,0.0,0.0,0.0,0.0,0.0,4
2023-05-09 21:23:03,p2401-P-6800,p2401-P-6800,367.0,0.0,0.0,0.0,1,181.5,0.0,0,367.0,0.0,0.0,0.0,0.0,0.0,4
2023-05-09 21:23:03,p2401-P-6800,p2401-P-6800,367.0,0.0,0.0,0.0,10,182.0,0.0,0,367.0,0.0,0.0,0.0,0.0,0.0,4
2023-05-09 21:23:04,p2401-P-6800,p2401-P-6800,367.0,0.0,0.0,0.0,1,182.5,0.0,0,367.0,0.0,0.0,0.0,0.0,0.0,4
2023-05-09 21:23:04,p2401-P-6800,p2401-P-6800,367.0,0.0,0.0,0.0,10,183.0,0.0,0,367.0,0.0,0.0,0.0,0.0,0.0,4
2023-05-09 21:23:05,p2401-P-6800,p2401-P-6800,367.0,0.0,0.0,0.0,1,183.5,0.0,0,367.0,0.0,0.0,0.0,0.0,0.0,4
2023-05-09 21:23:05,p2401-P-6800,p2401-P-6800,367.0,0.0,0.0,0.0,10,184.0,0.0,0,367.0,0.0,0.0,0.0,0.0,0.0,4
2023-05-09 21:31:50,p2401-P-6800,p2401-P-6800,367.0,0.0,0.0,0.0,1,184.5,0.0,0,367.0,0.0,0.0,0.0,0.0,0.0,4
2023-05-09 21:31:50,p2401-P-6800,p2401-P-6800,367.0,0.0,0.0,0.0,10,185.0,0.0,0,367.0,0.0,0.0,0.0,0.0,0.0,4
2023-05-09 22:01:51,p2401-P-6800,p2401-P-6800,367.0,0.0,0.0,0.0,1,185.5,0.0,0,367.0,0.0,0.0,0.0,0.0,0.0,4
2023-05-09 22:01:51,p2401-P-6800,p2401-P-6800,367.0,0.0,0.0,0.0,10,186.0,0.0,0,367.0,0.0,0.0,0.0,0.0,0.0,4
2023-05-09 22:31:51,p2401-P-6800,p2401-P-6800,367.0,0.0,0.0,0.0,1,186.5,0.0,0,367.0,0.0,0.0,0.0,0.0,0.0,4
2023-05-09 22:31:51,p2401-P-6800,p2401-P-6800,367.0,0.0,0.0,0.0,10,187.0,0.0,0,367.0,0.0,0.0,0.0,0.0,0.0,4
2023-05-09 22:56:55,p2401-P-6800,p2401-P-6800,367.0,0.0,0.0,0.0,1,186.5,0.0,0,367.0,0.0,0.0,0.0,0.0,0.0,4
2023-05-09 22:59:15,p2401-P-6800,p2401-P-6800,367.0,0.0,0.0,0.0,10,187.0,0.0,0,367.0,0.0,0.0,0.0,0.0,0.0,4
2023-05-09 22:59:59,p2401-P-6800,p2401-P-6800,367.0,0.0,0.0,0.0,1,186.5,0.0,0,367.0,0.0,0.0,0.0,0.0,0.0,4
2023-05-10 09:00:02,p2401-P-6800,p2401-P-6800,367.0,0.0,0.0,0.0,10,187.0,0.0,0,367.0,0.0,0.0,0.0,0.0,0.0,4
2023-05-10 09:01:55,p2401-P-6800,p2401-P-6800,367.0,0.0,0.0,0.0,1,187.5,0.0,0,367.0,0.0,0.0,0.0,0.0,0.0,4
2023-05-10 09:01:55,p2401-P-6800,p2401-P-6800,367.0,0.0,0.0,0.0,10,188.0,0.0,0,367.0,0.0,0.0,0.0,0.0,0.0,4
2023-05-10 09:43:22,p2401-P-6800,p2401-P-6800,367.0,0.0,0.0,0.0,1,188.5,0.0,0,367.0,0.0,0.0,0.0,0.0,0.0,4
2023-05-10 09:43:22,p2401-P-6800,p2401-P-6800,367.0,0.0,0.0,0.0,10,189.0,0.0,0,367.0,0.0,0.0,0.0,0.0,0.0,4
2023-05-10 10:14:32,p2401-P-6800,p2401-P-6800,367.0,0.0,0.0,0.0,1,188.5,0.0,0,367.0,0.0,0.0,0.0,0.0,0.0,4
2023-05-10 10:30:23,p2401-P-6800,p2401-P-6800,367.0,0.0,0.0,0.0,10,189.0,0.0,0,367.0,0.0,0.0,0.0,0.0,0.0,4
2023-05-10 11:00:27,p2401-P-6800,p2401-P-6800,367.0,0.0,0.0,0.0,1,189.5,0.0,0,367.0,0.0,0.0,0.0,0.0,0.0,4
2023-05-10 11:00:27,p2401-P-6800,p2401-P-6800,367.0,0.0,0.0,0.0,10,190.0,0.0,0,367.0,0.0,0.0,0.0,0.0,0.0,4
2023-05-10 11:29:33,p2401-P-6800,p2401-P-6800,367.0,0.0,0.0,0.0,1,189.5,0.0,0,367.0,0.0,0.0,0.0,0.0,0.0,4
2023-05-10 11:29:50,p2401-P-6800,p2401-P-6800,367.0,0.0,0.0,0.0,1,138.5,0.0,0,367.0,0.0,0.0,0.0,0.0,0.0,4
2023-05-10 13:31:09,p2401-P-6800,p2401-P-6800,367.0,0.0,0.0,0.0,1,139.0,0.0,0,367.0,0.0,0.0,0.0,0.0,0.0,4
2023-05-10 13:32:17,p2401-P-6800,p2401-P-6800,367.0,0.0,0.0,0.0,1,147.0,0.0,0,367.0,0.0,0.0,0.0,0.0,0.0,4
2023-05-10 13:34:01,p2401-P-6800,p2401-P-6800,367.0,0.0,0.0,0.0,10,147.5,0.0,0,367.0,0.0,0.0,0.0,0.0,0.0,4
2023-05-10 13:46:33,p2401-P-6800,p2401-P-6800,367.0,0.0,0.0,0.0,1,155.5,0.0,0,367.0,0.0,0.0,0.0,0.0,0.0,4
2023-05-10 13:46:33,p2401-P-6800,p2401-P-6800,367.0,0.0,0.0,0.0,10,156.0,0.0,0,367.0,0.0,0.0,0.0,0.0,0.0,4
2023-05-10 13:46:36,p2401-P-6800,p2401-P-6800,367.0,0.0,0.0,0.0,1,160.0,0.0,0,367.0,0.0,0.0,0.0,0.0,0.0,4
2023-05-10 13:46:36,p2401-P-6800,p2401-P-6800,367.0,0.0,0.0,0.0,10,160.5,0.0,0,367.0,0.0,0.0,0.0,0.0,0.0,4
2023-05-10 13:46:41,p2401-P-6800,p2401-P-6800,367.0,0.0,0.0,0.0,10,161.5,0.0,0,367.0,0.0,0.0,0.0,0.0,0.0,4
2023-05-10 13:46:45,p2401-P-6800,p2401-P-6800,367.0,0.0,0.0,0.0,1,162.0,0.0,0,367.0,0.0,0.0,0.0,0.0,0.0,4
2023-05-10 13:46:45,p2401-P-6800,p2401-P-6800,367.0,0.0,0.0,0.0,10,162.5,0.0,0,367.0,0.0,0.0,0.0,0.0,0.0,4
2023-05-10 13:46:47,p2401-P-6800,p2401-P-6800,367.0,0.0,0.0,0.0,1,163.0,0.0,0,367.0,0.0,0.0,0.0,0.0,0.0,4
2023-05-10 13:46:47,p2401-P-6800,p2401-P-6800,367.0,0.0,0.0,0.0,10,163.5,0.0,0,367.0,0.0,0.0,0.0,0.0,0.0,4
2023-05-10 13:46:49,p2401-P-6800,p2401-P-6800,367.0,0.0,0.0,0.0,1,164.0,0.0,0,367.0,0.0,0.0,0.0,0.0,0.0,4
2023-05-10 13:46:49,p2401-P-6800,p2401-P-6800,367.0,0.0,0.0,0.0,10,164.5,0.0,0,367.0,0.0,0.0,0.0,0.0,0.0,4
2023-05-10 14:01:36,p2401-P-6800,p2401-P-6800,367.0,0.0,0.0,0.0,1,165.0,0.0,0,367.0,0.0,0.0,0.0,0.0,0.0,4
2023-05-10 14:01:36,p2401-P-6800,p2401-P-6800,367.0,0.0,0.0,0.0,10,165.5,0.0,0,367.0,0.0,0.0,0.0,0.0,0.0,4
2023-05-10 14:01:36,p2401-P-6800,p2401-P-6800,367.0,0.0,0.0,0.0,11,165.5,0.0,0,367.0,0.0,0.0,0.0,0.0,0.0,4
2023-05-10 14:49:55,p2401-P-6800,p2401-P-6800,367.0,0.0,0.0,0.0,1,166.0,0.0,0,367.0,0.0,0.0,0.0,0.0,0.0,4
2023-05-10 14:49:55,p2401-P-6800,p2401-P-6800,367.0,0.0,0.0,0.0,10,166.5,0.0,0,367.0,0.0,0.0,0.0,0.0,0.0,4
2023-05-10 14:49:56,p2401-P-6800,p2401-P-6800,367.0,0.0,0.0,0.0,1,167.0,0.0,0,367.0,0.0,0.0,0.0,0.0,0.0,4
2023-05-10 14:49:56,p2401-P-6800,p2401-P-6800,367.0,0.0,0.0,0.0,10,167.5,0.0,0,367.0,0.0,0.0,0.0,0.0,0.0,4
2023-05-10 14:49:57,p2401-P-6800,p2401-P-6800,367.0,0.0,0.0,0.0,1,168.0,0.0,0,367.0,0.0,0.0,0.0,0.0,0.0,4
2023-05-10 14:49:57,p2401-P-6800,p2401-P-6800,367.0,0.0,0.0,0.0,10,168.5,0.0,0,367.0,0.0,0.0,0.0,0.0,0.0,4
2023-05-10 14:49:58,p2401-P-6800,p2401-P-6800,367.0,0.0,0.0,0.0,1,169.0,0.0,0,367.0,0.0,0.0,0.0,0.0,0.0,4
2023-05-10 14:49:58,p2401-P-6800,p2401-P-6800,367.0,0.0,0.0,0.0,10,169.5,0.0,0,367.0,0.0,0.0,0.0,0.0,0.0,4
2023-05-10 14:49:59,p2401-P-6800,p2401-P-6800,367.0,0.0,0.0,0.0,1,170.0,0.0,0,367.0,0.0,0.0,0.0,0.0,0.0,4
2023-05-10 14:49:59,p2401-P-6800,p2401-P-6800,367.0,0.0,0.0,0.0,10,170.5,0.0,0,367.0,0.0,0.0,0.0,0.0,0.0,4
2023-05-10 14:50:00,p2401-P-6800,p2401-P-6800,367.0,0.0,0.0,0.0,1,171.0,0.0,0,367.0,0.0,0.0,0.0,0.0,0.0,4
2023-05-10 14:50:00,p2401-P-6800,p2401-P-6800,367.0,0.0,0.0,0.0,10,171.5,0.0,0,367.0,0.0,0.0,0.0,0.0,0.0,4
2023-05-10 14:50:01,p2401-P-6800,p2401-P-6800,367.0,0.0,0.0,0.0,1,172.0,0.0,0,367.0,0.0,0.0,0.0,0.0,0.0,4
2023-05-10 14:50:01,p2401-P-6800,p2401-P-6800,367.0,0.0,0.0,0.0,10,172.5,0.0,0,367.0,0.0,0.0,0.0,0.0,0.0,4
2023-05-10 14:50:02,p2401-P-6800,p2401-P-6800,367.0,0.0,0.0,0.0,1,173.0,0.0,0,367.0,0.0,0.0,0.0,0.0,0.0,4
2023-05-10 14:50:02,p2401-P-6800,p2401-P-6800,367.0,0.0,0.0,0.0,10,173.5,0.0,0,367.0,0.0,0.0,0.0,0.0,0.0,4
2023-05-10 14:50:03,p2401-P-6800,p2401-P-6800,367.0,0.0,0.0,0.0,1,174.0,0.0,0,367.0,0.0,0.0,0.0,0.0,0.0,4
2023-05-10 14:50:03,p2401-P-6800,p2401-P-6800,367.0,0.0,0.0,0.0,10,174.5,0.0,0,367.0,0.0,0.0,0.0,0.0,0.0,4
2023-05-10 14:50:04,p2401-P-6800,p2401-P-6800,367.0,0.0,0.0,0.0,1,175.0,0.0,0,367.0,0.0,0.0,0.0,0.0,0.0,4
2023-05-10 14:50:04,p2401-P-6800,p2401-P-6800,367.0,0.0,0.0,0.0,10,175.5,0.0,0,367.0,0.0,0.0,0.0,0.0,0.0,4
2023-05-10 14:50:06,p2401-P-6800,p2401-P-6800,367.0,0.0,0.0,0.0,1,176.0,0.0,0,367.0,0.0,0.0,0.0,0.0,0.0,4
2023-05-10 14:50:06,p2401-P-6800,p2401-P-6800,367.0,0.0,0.0,0.0,10,176.5,0.0,0,367.0,0.0,0.0,0.0,0.0,0.0,4
2023-05-10 14:50:07,p2401-P-6800,p2401-P-6800,367.0,0.0,0.0,0.0,1,177.0,0.0,0,367.0,0.0,0.0,0.0,0.0,0.0,4
2023-05-10 14:50:07,p2401-P-6800,p2401-P-6800,367.0,0.0,0.0,0.0,10,177.5,0.0,0,367.0,0.0,0.0,0.0,0.0,0.0,4
2023-05-10 14:50:08,p2401-P-6800,p2401-P-6800,367.0,0.0,0.0,0.0,1,178.0,0.0,0,367.0,0.0,0.0,0.0,0.0,0.0,4
2023-05-10 14:50:08,p2401-P-6800,p2401-P-6800,367.0,0.0,0.0,0.0,10,178.5,0.0,0,367.0,0.0,0.0,0.0,0.0,0.0,4
2023-05-10 14:50:09,p2401-P-6800,p2401-P-6800,367.0,0.0,0.0,0.0,1,179.0,0.0,0,367.0,0.0,0.0,0.0,0.0,0.0,4
2023-05-10 14:50:09,p2401-P-6800,p2401-P-6800,367.0,0.0,0.0,0.0,10,179.5,0.0,0,367.0,0.0,0.0,0.0,0.0,0.0,4
2023-05-10 14:50:10,p2401-P-6800,p2401-P-6800,367.0,0.0,0.0,0.0,1,180.0,0.0,0,367.0,0.0,0.0,0.0,0.0,0.0,4
2023-05-10 14:50:10,p2401-P-6800,p2401-P-6800,367.0,0.0,0.0,0.0,10,180.5,0.0,0,367.0,0.0,0.0,0.0,0.0,0.0,4
2023-05-10 14:50:11,p2401-P-6800,p2401-P-6800,367.0,0.0,0.0,0.0,1,181.0,0.0,0,367.0,0.0,0.0,0.0,0.0,0.0,4
2023-05-10 14:50:11,p2401-P-6800,p2401-P-6800,367.0,0.0,0.0,0.0,10,181.5,0.0,0,367.0,0.0,0.0,0.0,0.0,0.0,4
2023-05-10 14:50:12,p2401-P-6800,p2401-P-6800,367.0,0.0,0.0,0.0,1,182.0,0.0,0,367.0,0.0,0.0,0.0,0.0,0.0,4
2023-05-10 14:50:12,p2401-P-6800,p2401-P-6800,367.0,0.0,0.0,0.0,10,182.5,0.0,0,367.0,0.0,0.0,0.0,0.0,0.0,4
2023-05-10 14:50:13,p2401-P-6800,p2401-P-6800,367.0,0.0,0.0,0.0,1,183.0,0.0,0,367.0,0.0,0.0,0.0,0.0,0.0,4
2023-05-10 14:50:13,p2401-P-6800,p2401-P-6800,367.0,0.0,0.0,0.0,10,183.5,0.0,0,367.0,0.0,0.0,0.0,0.0,0.0,4
2023-05-10 14:59:02,p2401-P-6800,p2401-P-6800,367.0,0.0,0.0,0.0,1,166.0,0.0,0,367.0,0.0,0.0,0.0,0.0,0.0,4
2023-05-10 15:01:15,p2401-P-6800,p2401-P-6800,367.0,0.0,0.0,0.0,1,166.0,0.0,0,367.0,0.0,0.0,0.0,0.0,0.0,4
