time,symbol_id,symbol_name,last,trade_volume,trade_amount,open_interest_change,bv1,bp1,ap1,av1,yesterday_close,today_open,today_high,today_low,volume,amount,open_interest
2023-05-09 20:55:02,p2401-P-7100,p2401-P-7100,517.0,0.0,0.0,0.0,2,190.0,855.0,1,517.0,0.0,0.0,0.0,0.0,0.0,10
2023-05-09 21:00:26,p2401-P-7100,p2401-P-7100,517.0,0.0,0.0,0.0,10,190.5,854.5,10,517.0,0.0,0.0,0.0,0.0,0.0,10
2023-05-09 21:00:45,p2401-P-7100,p2401-P-7100,517.0,0.0,0.0,0.0,1,230.5,854.5,10,517.0,0.0,0.0,0.0,0.0,0.0,10
2023-05-09 21:00:45,p2401-P-7100,p2401-P-7100,517.0,0.0,0.0,0.0,10,231.0,854.5,10,517.0,0.0,0.0,0.0,0.0,0.0,10
2023-05-09 21:02:07,p2401-P-7100,p2401-P-7100,517.0,0.0,0.0,0.0,1,239.0,854.5,10,517.0,0.0,0.0,0.0,0.0,0.0,10
2023-05-09 21:02:07,p2401-P-7100,p2401-P-7100,517.0,0.0,0.0,0.0,10,239.5,854.5,10,517.0,0.0,0.0,0.0,0.0,0.0,10
2023-05-09 21:19:01,p2401-P-7100,p2401-P-7100,517.0,0.0,0.0,0.0,1,512.5,545.5,1,517.0,0.0,0.0,0.0,0.0,0.0,10
2023-05-09 21:19:09,p2401-P-7100,p2401-P-7100,517.0,0.0,0.0,0.0,1,519.5,545.5,1,517.0,0.0,0.0,0.0,0.0,0.0,10
2023-05-09 21:19:12,p2401-P-7100,p2401-P-7100,517.0,0.0,0.0,0.0,1,519.5,540.0,1,517.0,0.0,0.0,0.0,0.0,0.0,10
2023-05-09 21:19:20,p2401-P-7100,p2401-P-7100,517.0,0.0,0.0,0.0,2,517.0,540.0,1,517.0,0.0,0.0,0.0,0.0,0.0,10
2023-05-09 21:19:21,p2401-P-7100,p2401-P-7100,517.0,0.0,0.0,0.0,1,517.0,540.0,1,517.0,0.0,0.0,0.0,0.0,0.0,10
2023-05-09 21:19:23,p2401-P-7100,p2401-P-7100,517.0,0.0,0.0,0.0,1,517.0,546.5,2,517.0,0.0,0.0,0.0,0.0,0.0,10
2023-05-09 21:19:26,p2401-P-7100,p2401-P-7100,517.0,0.0,0.0,0.0,1,517.0,546.5,1,517.0,0.0,0.0,0.0,0.0,0.0,10
2023-05-09 21:19:29,p2401-P-7100,p2401-P-7100,517.0,0.0,0.0,0.0,10,231.0,854.5,10,517.0,0.0,0.0,0.0,0.0,0.0,10
2023-05-09 21:19:30,p2401-P-7100,p2401-P-7100,517.0,0.0,0.0,0.0,1,239.0,854.5,10,517.0,0.0,0.0,0.0,0.0,0.0,10
2023-05-09 21:19:30,p2401-P-7100,p2401-P-7100,517.0,0.0,0.0,0.0,10,239.5,854.5,10,517.0,0.0,0.0,0.0,0.0,0.0,10
2023-05-09 21:22:16,p2401-P-7100,p2401-P-7100,517.0,0.0,0.0,0.0,10,248.0,854.5,10,517.0,0.0,0.0,0.0,0.0,0.0,10
2023-05-09 21:22:23,p2401-P-7100,p2401-P-7100,517.0,0.0,0.0,0.0,1,256.0,854.5,10,517.0,0.0,0.0,0.0,0.0,0.0,10
2023-05-09 21:22:24,p2401-P-7100,p2401-P-7100,517.0,0.0,0.0,0.0,10,256.5,854.5,10,517.0,0.0,0.0,0.0,0.0,0.0,10
2023-05-09 21:22:30,p2401-P-7100,p2401-P-7100,517.0,0.0,0.0,0.0,1,264.5,854.5,10,517.0,0.0,0.0,0.0,0.0,0.0,10
2023-05-09 21:22:30,p2401-P-7100,p2401-P-7100,517.0,0.0,0.0,0.0,10,265.0,854.5,10,517.0,0.0,0.0,0.0,0.0,0.0,10
2023-05-09 21:22:33,p2401-P-7100,p2401-P-7100,517.0,0.0,0.0,0.0,1,273.0,854.5,10,517.0,0.0,0.0,0.0,0.0,0.0,10
2023-05-09 21:22:33,p2401-P-7100,p2401-P-7100,517.0,0.0,0.0,0.0,10,273.5,854.5,10,517.0,0.0,0.0,0.0,0.0,0.0,10
2023-05-09 21:22:38,p2401-P-7100,p2401-P-7100,517.0,0.0,0.0,0.0,1,281.5,854.5,10,517.0,0.0,0.0,0.0,0.0,0.0,10
2023-05-09 21:22:38,p2401-P-7100,p2401-P-7100,517.0,0.0,0.0,0.0,10,282.0,854.5,10,517.0,0.0,0.0,0.0,0.0,0.0,10
2023-05-09 21:22:42,p2401-P-7100,p2401-P-7100,517.0,0.0,0.0,0.0,1,290.0,854.5,10,517.0,0.0,0.0,0.0,0.0,0.0,10
2023-05-09 21:22:43,p2401-P-7100,p2401-P-7100,517.0,0.0,0.0,0.0,10,290.5,854.5,10,517.0,0.0,0.0,0.0,0.0,0.0,10
2023-05-09 21:22:44,p2401-P-7100,p2401-P-7100,517.0,0.0,0.0,0.0,1,298.5,854.5,10,517.0,0.0,0.0,0.0,0.0,0.0,10
2023-05-09 21:22:45,p2401-P-7100,p2401-P-7100,517.0,0.0,0.0,0.0,10,299.0,854.5,10,517.0,0.0,0.0,0.0,0.0,0.0,10
2023-05-09 21:22:46,p2401-P-7100,p2401-P-7100,517.0,0.0,0.0,0.0,1,307.0,854.5,10,517.0,0.0,0.0,0.0,0.0,0.0,10
2023-05-09 21:22:46,p2401-P-7100,p2401-P-7100,517.0,0.0,0.0,0.0,10,307.5,854.5,10,517.0,0.0,0.0,0.0,0.0,0.0,10
2023-05-09 21:22:47,p2401-P-7100,p2401-P-7100,517.0,0.0,0.0,0.0,1,311.5,854.5,10,517.0,0.0,0.0,0.0,0.0,0.0,10
2023-05-09 21:22:48,p2401-P-7100,p2401-P-7100,517.0,0.0,0.0,0.0,10,312.0,854.5,10,517.0,0.0,0.0,0.0,0.0,0.0,10
2023-05-09 21:22:49,p2401-P-7100,p2401-P-7100,517.0,0.0,0.0,0.0,1,316.0,854.5,10,517.0,0.0,0.0,0.0,0.0,0.0,10
2023-05-09 21:22:49,p2401-P-7100,p2401-P-7100,517.0,0.0,0.0,0.0,10,316.5,854.5,10,517.0,0.0,0.0,0.0,0.0,0.0,10
2023-05-09 21:22:50,p2401-P-7100,p2401-P-7100,517.0,0.0,0.0,0.0,1,317.0,854.5,10,517.0,0.0,0.0,0.0,0.0,0.0,10
2023-05-09 21:22:51,p2401-P-7100,p2401-P-7100,517.0,0.0,0.0,0.0,10,317.5,854.5,10,517.0,0.0,0.0,0.0,0.0,0.0,10
2023-05-09 21:22:52,p2401-P-7100,p2401-P-7100,517.0,0.0,0.0,0.0,1,318.0,854.5,10,517.0,0.0,0.0,0.0,0.0,0.0,10
2023-05-09 21:22:52,p2401-P-7100,p2401-P-7100,517.0,0.0,0.0,0.0,10,318.5,854.5,10,517.0,0.0,0.0,0.0,0.0,0.0,10
2023-05-09 21:22:53,p2401-P-7100,p2401-P-7100,517.0,0.0,0.0,0.0,1,319.0,854.5,10,517.0,0.0,0.0,0.0,0.0,0.0,10
2023-05-09 21:22:53,p2401-P-7100,p2401-P-7100,517.0,0.0,0.0,0.0,10,319.5,854.5,10,517.0,0.0,0.0,0.0,0.0,0.0,10
2023-05-09 22:56:55,p2401-P-7100,p2401-P-7100,517.0,0.0,0.0,0.0,1,230.5,855.0,1,517.0,0.0,0.0,0.0,0.0,0.0,10
2023-05-09 22:59:13,p2401-P-7100,p2401-P-7100,517.0,0.0,0.0,0.0,2,190.0,855.0,1,517.0,0.0,0.0,0.0,0.0,0.0,10
2023-05-09 22:59:15,p2401-P-7100,p2401-P-7100,517.0,0.0,0.0,0.0,10,190.5,854.5,10,517.0,0.0,0.0,0.0,0.0,0.0,10
2023-05-09 22:59:59,p2401-P-7100,p2401-P-7100,517.0,0.0,0.0,0.0,2,190.0,855.0,1,517.0,0.0,0.0,0.0,0.0,0.0,10
2023-05-10 09:00:02,p2401-P-7100,p2401-P-7100,517.0,0.0,0.0,0.0,10,190.5,854.5,10,517.0,0.0,0.0,0.0,0.0,0.0,10
2023-05-10 09:00:51,p2401-P-7100,p2401-P-7100,517.0,0.0,0.0,0.0,1,241.0,854.5,10,517.0,0.0,0.0,0.0,0.0,0.0,10
2023-05-10 09:00:51,p2401-P-7100,p2401-P-7100,517.0,0.0,0.0,0.0,10,241.5,854.5,10,517.0,0.0,0.0,0.0,0.0,0.0,10
2023-05-10 09:02:01,p2401-P-7100,p2401-P-7100,517.0,0.0,0.0,0.0,1,249.5,854.5,10,517.0,0.0,0.0,0.0,0.0,0.0,10
2023-05-10 09:02:02,p2401-P-7100,p2401-P-7100,517.0,0.0,0.0,0.0,10,250.0,854.5,10,517.0,0.0,0.0,0.0,0.0,0.0,10
2023-05-10 09:05:44,p2401-P-7100,p2401-P-7100,517.0,0.0,0.0,0.0,1,258.0,854.5,10,517.0,0.0,0.0,0.0,0.0,0.0,10
2023-05-10 09:05:44,p2401-P-7100,p2401-P-7100,517.0,0.0,0.0,0.0,10,258.5,854.5,10,517.0,0.0,0.0,0.0,0.0,0.0,10
2023-05-10 09:06:01,p2401-P-7100,p2401-P-7100,517.0,0.0,0.0,0.0,1,266.5,854.5,10,517.0,0.0,0.0,0.0,0.0,0.0,10
2023-05-10 09:06:01,p2401-P-7100,p2401-P-7100,517.0,0.0,0.0,0.0,10,267.0,854.5,10,517.0,0.0,0.0,0.0,0.0,0.0,10
2023-05-10 09:06:04,p2401-P-7100,p2401-P-7100,517.0,0.0,0.0,0.0,1,275.0,854.5,10,517.0,0.0,0.0,0.0,0.0,0.0,10
2023-05-10 09:06:04,p2401-P-7100,p2401-P-7100,517.0,0.0,0.0,0.0,10,275.5,854.5,10,517.0,0.0,0.0,0.0,0.0,0.0,10
2023-05-10 09:06:07,p2401-P-7100,p2401-P-7100,517.0,0.0,0.0,0.0,1,283.5,854.5,10,517.0,0.0,0.0,0.0,0.0,0.0,10
2023-05-10 09:06:08,p2401-P-7100,p2401-P-7100,517.0,0.0,0.0,0.0,10,284.0,854.5,10,517.0,0.0,0.0,0.0,0.0,0.0,10
2023-05-10 09:06:11,p2401-P-7100,p2401-P-7100,517.0,0.0,0.0,0.0,1,292.0,854.5,10,517.0,0.0,0.0,0.0,0.0,0.0,10
2023-05-10 09:06:12,p2401-P-7100,p2401-P-7100,517.0,0.0,0.0,0.0,10,292.5,854.5,10,517.0,0.0,0.0,0.0,0.0,0.0,10
2023-05-10 09:06:14,p2401-P-7100,p2401-P-7100,517.0,0.0,0.0,0.0,1,300.5,854.5,10,517.0,0.0,0.0,0.0,0.0,0.0,10
2023-05-10 09:06:14,p2401-P-7100,p2401-P-7100,517.0,0.0,0.0,0.0,10,301.0,854.5,10,517.0,0.0,0.0,0.0,0.0,0.0,10
2023-05-10 09:06:18,p2401-P-7100,p2401-P-7100,517.0,0.0,0.0,0.0,1,309.0,854.5,10,517.0,0.0,0.0,0.0,0.0,0.0,10
2023-05-10 09:06:18,p2401-P-7100,p2401-P-7100,517.0,0.0,0.0,0.0,10,309.5,854.5,10,517.0,0.0,0.0,0.0,0.0,0.0,10
2023-05-10 09:06:21,p2401-P-7100,p2401-P-7100,517.0,0.0,0.0,0.0,1,313.5,854.5,10,517.0,0.0,0.0,0.0,0.0,0.0,10
2023-05-10 09:06:21,p2401-P-7100,p2401-P-7100,517.0,0.0,0.0,0.0,10,314.0,854.5,10,517.0,0.0,0.0,0.0,0.0,0.0,10
2023-05-10 09:06:23,p2401-P-7100,p2401-P-7100,517.0,0.0,0.0,0.0,1,314.5,854.5,10,517.0,0.0,0.0,0.0,0.0,0.0,10
2023-05-10 09:06:23,p2401-P-7100,p2401-P-7100,517.0,0.0,0.0,0.0,10,315.0,854.5,10,517.0,0.0,0.0,0.0,0.0,0.0,10
2023-05-10 09:06:25,p2401-P-7100,p2401-P-7100,517.0,0.0,0.0,0.0,1,315.5,854.5,10,517.0,0.0,0.0,0.0,0.0,0.0,10
2023-05-10 09:06:26,p2401-P-7100,p2401-P-7100,517.0,0.0,0.0,0.0,10,316.0,854.5,10,517.0,0.0,0.0,0.0,0.0,0.0,10
2023-05-10 09:06:27,p2401-P-7100,p2401-P-7100,517.0,0.0,0.0,0.0,1,316.5,854.5,10,517.0,0.0,0.0,0.0,0.0,0.0,10
2023-05-10 09:06:27,p2401-P-7100,p2401-P-7100,517.0,0.0,0.0,0.0,10,317.0,854.5,10,517.0,0.0,0.0,0.0,0.0,0.0,10
2023-05-10 09:06:29,p2401-P-7100,p2401-P-7100,517.0,0.0,0.0,0.0,1,317.5,854.5,10,517.0,0.0,0.0,0.0,0.0,0.0,10
2023-05-10 09:06:30,p2401-P-7100,p2401-P-7100,517.0,0.0,0.0,0.0,10,318.0,854.5,10,517.0,0.0,0.0,0.0,0.0,0.0,10
2023-05-10 09:06:31,p2401-P-7100,p2401-P-7100,517.0,0.0,0.0,0.0,1,318.5,854.5,10,517.0,0.0,0.0,0.0,0.0,0.0,10
2023-05-10 09:06:32,p2401-P-7100,p2401-P-7100,517.0,0.0,0.0,0.0,10,319.0,854.5,10,517.0,0.0,0.0,0.0,0.0,0.0,10
2023-05-10 09:42:35,p2401-P-7100,p2401-P-7100,517.0,0.0,0.0,0.0,1,498.5,531.5,1,517.0,0.0,0.0,0.0,0.0,0.0,10
2023-05-10 09:42:37,p2401-P-7100,p2401-P-7100,517.0,0.0,0.0,0.0,2,498.5,530.5,1,517.0,0.0,0.0,0.0,0.0,0.0,10
2023-05-10 09:42:43,p2401-P-7100,p2401-P-7100,517.0,0.0,0.0,0.0,1,511.0,530.5,1,517.0,0.0,0.0,0.0,0.0,0.0,10
2023-05-10 09:42:48,p2401-P-7100,p2401-P-7100,517.0,0.0,0.0,0.0,1,511.0,536.0,1,517.0,0.0,0.0,0.0,0.0,0.0,10
2023-05-10 09:42:54,p2401-P-7100,p2401-P-7100,517.0,0.0,0.0,0.0,2,505.5,536.0,1,517.0,0.0,0.0,0.0,0.0,0.0,10
2023-05-10 09:42:55,p2401-P-7100,p2401-P-7100,517.0,0.0,0.0,0.0,1,505.5,537.5,2,517.0,0.0,0.0,0.0,0.0,0.0,10
2023-05-10 09:42:59,p2401-P-7100,p2401-P-7100,517.0,0.0,0.0,0.0,1,505.5,537.5,1,517.0,0.0,0.0,0.0,0.0,0.0,10
2023-05-10 09:43:02,p2401-P-7100,p2401-P-7100,517.0,0.0,0.0,0.0,1,241.0,855.0,1,517.0,0.0,0.0,0.0,0.0,0.0,10
2023-05-10 09:43:02,p2401-P-7100,p2401-P-7100,517.0,0.0,0.0,0.0,1,249.0,854.5,10,517.0,0.0,0.0,0.0,0.0,0.0,10
2023-05-10 09:43:03,p2401-P-7100,p2401-P-7100,517.0,0.0,0.0,0.0,10,249.5,854.5,10,517.0,0.0,0.0,0.0,0.0,0.0,10
2023-05-10 09:43:03,p2401-P-7100,p2401-P-7100,517.0,0.0,0.0,0.0,1,257.5,854.5,10,517.0,0.0,0.0,0.0,0.0,0.0,10
2023-05-10 09:43:04,p2401-P-7100,p2401-P-7100,517.0,0.0,0.0,0.0,10,258.0,854.5,10,517.0,0.0,0.0,0.0,0.0,0.0,10
2023-05-10 09:43:04,p2401-P-7100,p2401-P-7100,517.0,0.0,0.0,0.0,1,266.0,854.5,10,517.0,0.0,0.0,0.0,0.0,0.0,10
2023-05-10 09:43:05,p2401-P-7100,p2401-P-7100,517.0,0.0,0.0,0.0,10,266.5,854.5,10,517.0,0.0,0.0,0.0,0.0,0.0,10
2023-05-10 09:43:06,p2401-P-7100,p2401-P-7100,517.0,0.0,0.0,0.0,1,274.5,854.5,10,517.0,0.0,0.0,0.0,0.0,0.0,10
2023-05-10 09:43:06,p2401-P-7100,p2401-P-7100,517.0,0.0,0.0,0.0,10,275.0,854.5,10,517.0,0.0,0.0,0.0,0.0,0.0,10
2023-05-10 09:43:07,p2401-P-7100,p2401-P-7100,517.0,0.0,0.0,0.0,1,283.0,854.5,10,517.0,0.0,0.0,0.0,0.0,0.0,10
2023-05-10 09:43:07,p2401-P-7100,p2401-P-7100,517.0,0.0,0.0,0.0,10,283.5,854.5,10,517.0,0.0,0.0,0.0,0.0,0.0,10
2023-05-10 09:43:08,p2401-P-7100,p2401-P-7100,517.0,0.0,0.0,0.0,1,291.5,854.5,10,517.0,0.0,0.0,0.0,0.0,0.0,10
2023-05-10 09:43:08,p2401-P-7100,p2401-P-7100,517.0,0.0,0.0,0.0,10,292.0,854.5,10,517.0,0.0,0.0,0.0,0.0,0.0,10
2023-05-10 09:43:09,p2401-P-7100,p2401-P-7100,517.0,0.0,0.0,0.0,1,300.0,854.5,10,517.0,0.0,0.0,0.0,0.0,0.0,10
2023-05-10 09:43:09,p2401-P-7100,p2401-P-7100,517.0,0.0,0.0,0.0,10,300.5,854.5,10,517.0,0.0,0.0,0.0,0.0,0.0,10
2023-05-10 09:43:10,p2401-P-7100,p2401-P-7100,517.0,0.0,0.0,0.0,1,308.5,854.5,10,517.0,0.0,0.0,0.0,0.0,0.0,10
2023-05-10 09:43:10,p2401-P-7100,p2401-P-7100,517.0,0.0,0.0,0.0,10,309.0,854.5,10,517.0,0.0,0.0,0.0,0.0,0.0,10
2023-05-10 09:43:11,p2401-P-7100,p2401-P-7100,517.0,0.0,0.0,0.0,1,313.0,854.5,10,517.0,0.0,0.0,0.0,0.0,0.0,10
2023-05-10 09:43:11,p2401-P-7100,p2401-P-7100,517.0,0.0,0.0,0.0,10,313.5,854.5,10,517.0,0.0,0.0,0.0,0.0,0.0,10
2023-05-10 09:43:12,p2401-P-7100,p2401-P-7100,517.0,0.0,0.0,0.0,1,314.0,854.5,10,517.0,0.0,0.0,0.0,0.0,0.0,10
2023-05-10 09:43:12,p2401-P-7100,p2401-P-7100,517.0,0.0,0.0,0.0,10,314.5,854.5,10,517.0,0.0,0.0,0.0,0.0,0.0,10
2023-05-10 09:43:13,p2401-P-7100,p2401-P-7100,517.0,0.0,0.0,0.0,1,315.0,854.5,10,517.0,0.0,0.0,0.0,0.0,0.0,10
2023-05-10 09:43:13,p2401-P-7100,p2401-P-7100,517.0,0.0,0.0,0.0,10,315.5,854.5,10,517.0,0.0,0.0,0.0,0.0,0.0,10
2023-05-10 09:43:14,p2401-P-7100,p2401-P-7100,517.0,0.0,0.0,0.0,1,316.0,854.5,10,517.0,0.0,0.0,0.0,0.0,0.0,10
2023-05-10 09:43:14,p2401-P-7100,p2401-P-7100,517.0,0.0,0.0,0.0,10,316.5,854.5,10,517.0,0.0,0.0,0.0,0.0,0.0,10
2023-05-10 09:43:15,p2401-P-7100,p2401-P-7100,517.0,0.0,0.0,0.0,1,317.0,854.5,10,517.0,0.0,0.0,0.0,0.0,0.0,10
2023-05-10 09:43:16,p2401-P-7100,p2401-P-7100,517.0,0.0,0.0,0.0,10,317.5,854.5,10,517.0,0.0,0.0,0.0,0.0,0.0,10
2023-05-10 09:43:17,p2401-P-7100,p2401-P-7100,517.0,0.0,0.0,0.0,1,318.0,854.5,10,517.0,0.0,0.0,0.0,0.0,0.0,10
2023-05-10 09:43:17,p2401-P-7100,p2401-P-7100,517.0,0.0,0.0,0.0,10,318.5,854.5,10,517.0,0.0,0.0,0.0,0.0,0.0,10
2023-05-10 09:43:18,p2401-P-7100,p2401-P-7100,517.0,0.0,0.0,0.0,1,319.0,854.5,10,517.0,0.0,0.0,0.0,0.0,0.0,10
2023-05-10 09:43:18,p2401-P-7100,p2401-P-7100,517.0,0.0,0.0,0.0,10,319.5,854.5,10,517.0,0.0,0.0,0.0,0.0,0.0,10
2023-05-10 10:14:32,p2401-P-7100,p2401-P-7100,517.0,0.0,0.0,0.0,1,241.0,855.0,1,517.0,0.0,0.0,0.0,0.0,0.0,10
2023-05-10 10:30:21,p2401-P-7100,p2401-P-7100,517.0,0.0,0.0,0.0,10,249.5,854.5,10,517.0,0.0,0.0,0.0,0.0,0.0,10
2023-05-10 10:30:55,p2401-P-7100,p2401-P-7100,517.0,0.0,0.0,0.0,1,257.5,854.5,10,517.0,0.0,0.0,0.0,0.0,0.0,10
2023-05-10 10:30:55,p2401-P-7100,p2401-P-7100,517.0,0.0,0.0,0.0,10,258.0,854.5,10,517.0,0.0,0.0,0.0,0.0,0.0,10
2023-05-10 10:30:57,p2401-P-7100,p2401-P-7100,517.0,0.0,0.0,0.0,1,266.0,854.5,10,517.0,0.0,0.0,0.0,0.0,0.0,10
2023-05-10 10:30:57,p2401-P-7100,p2401-P-7100,517.0,0.0,0.0,0.0,10,266.5,854.5,10,517.0,0.0,0.0,0.0,0.0,0.0,10
2023-05-10 10:30:59,p2401-P-7100,p2401-P-7100,517.0,0.0,0.0,0.0,1,274.5,854.5,10,517.0,0.0,0.0,0.0,0.0,0.0,10
2023-05-10 10:31:00,p2401-P-7100,p2401-P-7100,517.0,0.0,0.0,0.0,10,275.0,854.5,10,517.0,0.0,0.0,0.0,0.0,0.0,10
2023-05-10 10:31:04,p2401-P-7100,p2401-P-7100,517.0,0.0,0.0,0.0,1,283.0,854.5,10,517.0,0.0,0.0,0.0,0.0,0.0,10
2023-05-10 10:31:04,p2401-P-7100,p2401-P-7100,517.0,0.0,0.0,0.0,10,283.5,854.5,10,517.0,0.0,0.0,0.0,0.0,0.0,10
2023-05-10 10:31:15,p2401-P-7100,p2401-P-7100,517.0,0.0,0.0,0.0,1,291.5,854.5,10,517.0,0.0,0.0,0.0,0.0,0.0,10
2023-05-10 10:31:15,p2401-P-7100,p2401-P-7100,517.0,0.0,0.0,0.0,10,292.0,854.5,10,517.0,0.0,0.0,0.0,0.0,0.0,10
2023-05-10 10:31:19,p2401-P-7100,p2401-P-7100,517.0,0.0,0.0,0.0,1,300.0,854.5,10,517.0,0.0,0.0,0.0,0.0,0.0,10
2023-05-10 10:31:19,p2401-P-7100,p2401-P-7100,517.0,0.0,0.0,0.0,10,300.5,854.5,10,517.0,0.0,0.0,0.0,0.0,0.0,10
2023-05-10 10:31:21,p2401-P-7100,p2401-P-7100,517.0,0.0,0.0,0.0,1,308.5,854.5,10,517.0,0.0,0.0,0.0,0.0,0.0,10
2023-05-10 10:31:21,p2401-P-7100,p2401-P-7100,517.0,0.0,0.0,0.0,10,309.0,854.5,10,517.0,0.0,0.0,0.0,0.0,0.0,10
2023-05-10 10:31:23,p2401-P-7100,p2401-P-7100,517.0,0.0,0.0,0.0,10,313.5,854.5,10,517.0,0.0,0.0,0.0,0.0,0.0,10
2023-05-10 10:31:24,p2401-P-7100,p2401-P-7100,517.0,0.0,0.0,0.0,1,314.0,854.5,10,517.0,0.0,0.0,0.0,0.0,0.0,10
2023-05-10 10:31:24,p2401-P-7100,p2401-P-7100,517.0,0.0,0.0,0.0,10,314.5,854.5,10,517.0,0.0,0.0,0.0,0.0,0.0,10
2023-05-10 10:31:25,p2401-P-7100,p2401-P-7100,517.0,0.0,0.0,0.0,1,315.0,854.5,10,517.0,0.0,0.0,0.0,0.0,0.0,10
2023-05-10 10:31:26,p2401-P-7100,p2401-P-7100,517.0,0.0,0.0,0.0,10,315.5,854.5,10,517.0,0.0,0.0,0.0,0.0,0.0,10
2023-05-10 10:31:27,p2401-P-7100,p2401-P-7100,517.0,0.0,0.0,0.0,1,316.0,854.5,10,517.0,0.0,0.0,0.0,0.0,0.0,10
2023-05-10 10:31:27,p2401-P-7100,p2401-P-7100,517.0,0.0,0.0,0.0,10,316.5,854.5,10,517.0,0.0,0.0,0.0,0.0,0.0,10
2023-05-10 10:31:28,p2401-P-7100,p2401-P-7100,517.0,0.0,0.0,0.0,1,317.0,854.5,10,517.0,0.0,0.0,0.0,0.0,0.0,10
2023-05-10 10:31:28,p2401-P-7100,p2401-P-7100,517.0,0.0,0.0,0.0,10,317.5,854.5,10,517.0,0.0,0.0,0.0,0.0,0.0,10
2023-05-10 10:31:30,p2401-P-7100,p2401-P-7100,517.0,0.0,0.0,0.0,1,318.0,854.5,10,517.0,0.0,0.0,0.0,0.0,0.0,10
2023-05-10 10:31:30,p2401-P-7100,p2401-P-7100,517.0,0.0,0.0,0.0,10,318.5,854.5,10,517.0,0.0,0.0,0.0,0.0,0.0,10
2023-05-10 10:31:31,p2401-P-7100,p2401-P-7100,517.0,0.0,0.0,0.0,1,319.0,854.5,10,517.0,0.0,0.0,0.0,0.0,0.0,10
2023-05-10 10:31:32,p2401-P-7100,p2401-P-7100,517.0,0.0,0.0,0.0,10,319.5,854.5,10,517.0,0.0,0.0,0.0,0.0,0.0,10
2023-05-10 11:29:33,p2401-P-7100,p2401-P-7100,517.0,0.0,0.0,0.0,1,241.0,855.0,1,517.0,0.0,0.0,0.0,0.0,0.0,10
2023-05-10 13:32:15,p2401-P-7100,p2401-P-7100,517.0,0.0,0.0,0.0,1,249.0,855.0,1,517.0,0.0,0.0,0.0,0.0,0.0,10
2023-05-10 13:34:01,p2401-P-7100,p2401-P-7100,517.0,0.0,0.0,0.0,10,249.5,854.5,10,517.0,0.0,0.0,0.0,0.0,0.0,10
2023-05-10 13:46:29,p2401-P-7100,p2401-P-7100,517.0,0.0,0.0,0.0,1,257.5,854.5,10,517.0,0.0,0.0,0.0,0.0,0.0,10
2023-05-10 13:46:29,p2401-P-7100,p2401-P-7100,517.0,0.0,0.0,0.0,10,258.0,854.5,10,517.0,0.0,0.0,0.0,0.0,0.0,10
2023-05-10 13:46:35,p2401-P-7100,p2401-P-7100,517.0,0.0,0.0,0.0,1,266.0,854.5,10,517.0,0.0,0.0,0.0,0.0,0.0,10
2023-05-10 13:46:35,p2401-P-7100,p2401-P-7100,517.0,0.0,0.0,0.0,10,266.5,854.5,10,517.0,0.0,0.0,0.0,0.0,0.0,10
2023-05-10 13:46:39,p2401-P-7100,p2401-P-7100,517.0,0.0,0.0,0.0,1,274.5,854.5,10,517.0,0.0,0.0,0.0,0.0,0.0,10
2023-05-10 13:46:39,p2401-P-7100,p2401-P-7100,517.0,0.0,0.0,0.0,10,275.0,854.5,10,517.0,0.0,0.0,0.0,0.0,0.0,10
2023-05-10 13:46:44,p2401-P-7100,p2401-P-7100,517.0,0.0,0.0,0.0,1,283.0,854.5,10,517.0,0.0,0.0,0.0,0.0,0.0,10
2023-05-10 13:46:44,p2401-P-7100,p2401-P-7100,517.0,0.0,0.0,0.0,10,283.5,854.5,10,517.0,0.0,0.0,0.0,0.0,0.0,10
2023-05-10 13:46:46,p2401-P-7100,p2401-P-7100,517.0,0.0,0.0,0.0,1,291.5,854.5,10,517.0,0.0,0.0,0.0,0.0,0.0,10
2023-05-10 13:46:47,p2401-P-7100,p2401-P-7100,517.0,0.0,0.0,0.0,10,292.0,854.5,10,517.0,0.0,0.0,0.0,0.0,0.0,10
2023-05-10 13:46:48,p2401-P-7100,p2401-P-7100,517.0,0.0,0.0,0.0,1,300.0,854.5,10,517.0,0.0,0.0,0.0,0.0,0.0,10
2023-05-10 13:46:48,p2401-P-7100,p2401-P-7100,517.0,0.0,0.0,0.0,10,300.5,854.5,10,517.0,0.0,0.0,0.0,0.0,0.0,10
2023-05-10 13:46:50,p2401-P-7100,p2401-P-7100,517.0,0.0,0.0,0.0,1,308.5,854.5,10,517.0,0.0,0.0,0.0,0.0,0.0,10
2023-05-10 13:46:51,p2401-P-7100,p2401-P-7100,517.0,0.0,0.0,0.0,10,309.0,854.5,10,517.0,0.0,0.0,0.0,0.0,0.0,10
2023-05-10 13:46:52,p2401-P-7100,p2401-P-7100,517.0,0.0,0.0,0.0,1,313.0,854.5,10,517.0,0.0,0.0,0.0,0.0,0.0,10
2023-05-10 13:46:53,p2401-P-7100,p2401-P-7100,517.0,0.0,0.0,0.0,10,313.5,854.5,10,517.0,0.0,0.0,0.0,0.0,0.0,10
2023-05-10 13:46:54,p2401-P-7100,p2401-P-7100,517.0,0.0,0.0,0.0,1,314.0,854.5,10,517.0,0.0,0.0,0.0,0.0,0.0,10
2023-05-10 13:46:54,p2401-P-7100,p2401-P-7100,517.0,0.0,0.0,0.0,10,314.5,854.5,10,517.0,0.0,0.0,0.0,0.0,0.0,10
2023-05-10 13:46:55,p2401-P-7100,p2401-P-7100,517.0,0.0,0.0,0.0,1,315.0,854.5,10,517.0,0.0,0.0,0.0,0.0,0.0,10
2023-05-10 13:46:55,p2401-P-7100,p2401-P-7100,517.0,0.0,0.0,0.0,10,315.5,854.5,10,517.0,0.0,0.0,0.0,0.0,0.0,10
2023-05-10 13:46:57,p2401-P-7100,p2401-P-7100,517.0,0.0,0.0,0.0,1,316.0,854.5,10,517.0,0.0,0.0,0.0,0.0,0.0,10
2023-05-10 13:46:57,p2401-P-7100,p2401-P-7100,517.0,0.0,0.0,0.0,10,316.5,854.5,10,517.0,0.0,0.0,0.0,0.0,0.0,10
2023-05-10 13:46:58,p2401-P-7100,p2401-P-7100,517.0,0.0,0.0,0.0,1,317.0,854.5,10,517.0,0.0,0.0,0.0,0.0,0.0,10
2023-05-10 13:46:59,p2401-P-7100,p2401-P-7100,517.0,0.0,0.0,0.0,10,317.5,854.5,10,517.0,0.0,0.0,0.0,0.0,0.0,10
2023-05-10 13:47:00,p2401-P-7100,p2401-P-7100,517.0,0.0,0.0,0.0,1,318.0,854.5,10,517.0,0.0,0.0,0.0,0.0,0.0,10
2023-05-10 13:47:00,p2401-P-7100,p2401-P-7100,517.0,0.0,0.0,0.0,10,318.5,854.5,10,517.0,0.0,0.0,0.0,0.0,0.0,10
2023-05-10 13:47:01,p2401-P-7100,p2401-P-7100,517.0,0.0,0.0,0.0,1,319.0,854.5,10,517.0,0.0,0.0,0.0,0.0,0.0,10
2023-05-10 13:47:01,p2401-P-7100,p2401-P-7100,517.0,0.0,0.0,0.0,10,319.5,854.5,10,517.0,0.0,0.0,0.0,0.0,0.0,10
2023-05-10 14:59:02,p2401-P-7100,p2401-P-7100,517.0,0.0,0.0,0.0,1,241.0,855.0,1,517.0,0.0,0.0,0.0,0.0,0.0,10
2023-05-10 14:59:05,p2401-P-7100,p2401-P-7100,517.0,0.0,0.0,0.0,1,249.0,855.0,1,517.0,0.0,0.0,0.0,0.0,0.0,10
2023-05-10 15:01:15,p2401-P-7100,p2401-P-7100,517.0,0.0,0.0,0.0,1,249.0,855.0,1,517.0,0.0,0.0,0.0,0.0,0.0,10
