time,symbol_id,symbol_name,last,trade_volume,trade_amount,open_interest_change,bv1,bp1,ap1,av1,yesterday_close,today_open,today_high,today_low,volume,amount,open_interest
2023-05-09 20:56:29,p2401-C-8400,p2401-C-8400,108.5,0.0,0.0,0.0,1,1.5,0.0,0,108.5,101.0,0.0,0.0,0.0,0.0,9
2023-05-09 21:00:26,p2401-C-8400,p2401-C-8400,108.5,0.0,0.0,0.0,10,2.0,0.0,0,108.5,101.0,0.0,0.0,0.0,0.0,9
2023-05-09 21:02:05,p2401-C-8400,p2401-C-8400,108.5,0.0,0.0,0.0,1,8.5,0.0,0,108.5,101.0,0.0,0.0,0.0,0.0,9
2023-05-09 21:02:05,p2401-C-8400,p2401-C-8400,108.5,0.0,0.0,0.0,10,9.0,0.0,0,108.5,101.0,0.0,0.0,0.0,0.0,9
2023-05-09 21:05:37,p2401-C-8400,p2401-C-8400,108.5,0.0,0.0,0.0,1,15.5,0.0,0,108.5,101.0,0.0,0.0,0.0,0.0,9
2023-05-09 21:05:37,p2401-C-8400,p2401-C-8400,108.5,0.0,0.0,0.0,10,16.0,0.0,0,108.5,101.0,0.0,0.0,0.0,0.0,9
2023-05-09 21:07:00,p2401-C-8400,p2401-C-8400,108.5,0.0,0.0,0.0,1,22.5,0.0,0,108.5,101.0,0.0,0.0,0.0,0.0,9
2023-05-09 21:07:00,p2401-C-8400,p2401-C-8400,108.5,0.0,0.0,0.0,10,23.0,0.0,0,108.5,101.0,0.0,0.0,0.0,0.0,9
2023-05-09 21:08:53,p2401-C-8400,p2401-C-8400,108.5,0.0,0.0,0.0,1,29.5,0.0,0,108.5,101.0,0.0,0.0,0.0,0.0,9
2023-05-09 21:08:53,p2401-C-8400,p2401-C-8400,108.5,0.0,0.0,0.0,10,30.0,0.0,0,108.5,101.0,0.0,0.0,0.0,0.0,9
2023-05-09 21:09:08,p2401-C-8400,p2401-C-8400,108.5,0.0,0.0,0.0,1,36.5,0.0,0,108.5,101.0,0.0,0.0,0.0,0.0,9
2023-05-09 21:09:08,p2401-C-8400,p2401-C-8400,108.5,0.0,0.0,0.0,10,37.0,0.0,0,108.5,101.0,0.0,0.0,0.0,0.0,9
2023-05-09 21:10:38,p2401-C-8400,p2401-C-8400,108.5,0.0,0.0,0.0,1,43.5,0.0,0,108.5,101.0,0.0,0.0,0.0,0.0,9
2023-05-09 21:10:38,p2401-C-8400,p2401-C-8400,108.5,0.0,0.0,0.0,10,44.0,0.0,0,108.5,101.0,0.0,0.0,0.0,0.0,9
2023-05-09 21:11:56,p2401-C-8400,p2401-C-8400,108.5,0.0,0.0,0.0,1,50.5,0.0,0,108.5,101.0,0.0,0.0,0.0,0.0,9
2023-05-09 21:11:56,p2401-C-8400,p2401-C-8400,108.5,0.0,0.0,0.0,10,51.0,0.0,0,108.5,101.0,0.0,0.0,0.0,0.0,9
2023-05-09 21:12:10,p2401-C-8400,p2401-C-8400,108.5,0.0,0.0,0.0,1,54.5,0.0,0,108.5,101.0,0.0,0.0,0.0,0.0,9
2023-05-09 21:12:10,p2401-C-8400,p2401-C-8400,108.5,0.0,0.0,0.0,10,55.0,0.0,0,108.5,101.0,0.0,0.0,0.0,0.0,9
2023-05-09 21:12:17,p2401-C-8400,p2401-C-8400,108.5,0.0,0.0,0.0,1,55.5,0.0,0,108.5,101.0,0.0,0.0,0.0,0.0,9
2023-05-09 21:12:17,p2401-C-8400,p2401-C-8400,108.5,0.0,0.0,0.0,10,56.0,0.0,0,108.5,101.0,0.0,0.0,0.0,0.0,9
2023-05-09 21:13:57,p2401-C-8400,p2401-C-8400,108.5,0.0,0.0,0.0,1,56.5,0.0,0,108.5,101.0,0.0,0.0,0.0,0.0,9
2023-05-09 21:13:57,p2401-C-8400,p2401-C-8400,108.5,0.0,0.0,0.0,10,57.0,0.0,0,108.5,101.0,0.0,0.0,0.0,0.0,9
2023-05-09 21:14:13,p2401-C-8400,p2401-C-8400,108.5,0.0,0.0,0.0,1,57.5,0.0,0,108.5,101.0,0.0,0.0,0.0,0.0,9
2023-05-09 21:14:13,p2401-C-8400,p2401-C-8400,108.5,0.0,0.0,0.0,10,58.0,0.0,0,108.5,101.0,0.0,0.0,0.0,0.0,9
2023-05-09 21:14:18,p2401-C-8400,p2401-C-8400,108.5,0.0,0.0,0.0,1,58.5,0.0,0,108.5,101.0,0.0,0.0,0.0,0.0,9
2023-05-09 21:14:18,p2401-C-8400,p2401-C-8400,108.5,0.0,0.0,0.0,10,59.0,0.0,0,108.5,101.0,0.0,0.0,0.0,0.0,9
2023-05-09 21:46:39,p2401-C-8400,p2401-C-8400,108.5,0.0,0.0,0.0,1,88.0,112.0,1,108.5,101.0,0.0,0.0,0.0,0.0,9
2023-05-09 21:46:46,p2401-C-8400,p2401-C-8400,108.5,0.0,0.0,0.0,1,88.0,109.5,1,108.5,101.0,0.0,0.0,0.0,0.0,9
2023-05-09 21:46:47,p2401-C-8400,p2401-C-8400,108.5,0.0,0.0,0.0,1,101.0,109.5,1,108.5,101.0,0.0,0.0,0.0,0.0,9
2023-05-09 21:46:50,p2401-C-8400,p2401-C-8400,101.0,1.0,1010.0,1.0,1,95.0,109.5,1,108.5,101.0,101.0,101.0,1.0,1010.0,10
2023-05-09 21:46:57,p2401-C-8400,p2401-C-8400,101.0,0.0,0.0,0.0,1,95.0,114.5,1,108.5,101.0,101.0,101.0,1.0,1010.0,10
2023-05-09 21:46:59,p2401-C-8400,p2401-C-8400,101.0,0.0,0.0,0.0,1,90.5,114.5,1,108.5,101.0,101.0,101.0,1.0,1010.0,10
2023-05-09 21:47:04,p2401-C-8400,p2401-C-8400,101.0,0.0,0.0,0.0,5,6.0,0.0,0,108.5,101.0,101.0,101.0,1.0,1010.0,10
2023-05-09 21:47:04,p2401-C-8400,p2401-C-8400,101.0,0.0,0.0,0.0,1,12.5,0.0,0,108.5,101.0,101.0,101.0,1.0,1010.0,10
2023-05-09 21:47:05,p2401-C-8400,p2401-C-8400,101.0,0.0,0.0,0.0,11,13.0,0.0,0,108.5,101.0,101.0,101.0,1.0,1010.0,10
2023-05-09 21:47:06,p2401-C-8400,p2401-C-8400,101.0,0.0,0.0,0.0,1,19.5,0.0,0,108.5,101.0,101.0,101.0,1.0,1010.0,10
2023-05-09 21:47:06,p2401-C-8400,p2401-C-8400,101.0,0.0,0.0,0.0,11,20.0,0.0,0,108.5,101.0,101.0,101.0,1.0,1010.0,10
2023-05-09 21:47:07,p2401-C-8400,p2401-C-8400,101.0,0.0,0.0,0.0,1,26.5,0.0,0,108.5,101.0,101.0,101.0,1.0,1010.0,10
2023-05-09 21:47:07,p2401-C-8400,p2401-C-8400,101.0,0.0,0.0,0.0,11,27.0,0.0,0,108.5,101.0,101.0,101.0,1.0,1010.0,10
2023-05-09 21:47:08,p2401-C-8400,p2401-C-8400,101.0,0.0,0.0,0.0,1,33.5,0.0,0,108.5,101.0,101.0,101.0,1.0,1010.0,10
2023-05-09 21:47:08,p2401-C-8400,p2401-C-8400,101.0,0.0,0.0,0.0,11,34.0,0.0,0,108.5,101.0,101.0,101.0,1.0,1010.0,10
2023-05-09 21:47:09,p2401-C-8400,p2401-C-8400,101.0,0.0,0.0,0.0,1,40.5,0.0,0,108.5,101.0,101.0,101.0,1.0,1010.0,10
2023-05-09 21:47:09,p2401-C-8400,p2401-C-8400,101.0,0.0,0.0,0.0,11,41.0,0.0,0,108.5,101.0,101.0,101.0,1.0,1010.0,10
2023-05-09 21:47:10,p2401-C-8400,p2401-C-8400,101.0,0.0,0.0,0.0,1,47.5,0.0,0,108.5,101.0,101.0,101.0,1.0,1010.0,10
2023-05-09 21:47:10,p2401-C-8400,p2401-C-8400,101.0,0.0,0.0,0.0,11,48.0,0.0,0,108.5,101.0,101.0,101.0,1.0,1010.0,10
2023-05-09 21:47:11,p2401-C-8400,p2401-C-8400,101.0,0.0,0.0,0.0,1,51.5,0.0,0,108.5,101.0,101.0,101.0,1.0,1010.0,10
2023-05-09 21:47:11,p2401-C-8400,p2401-C-8400,101.0,0.0,0.0,0.0,10,52.0,0.0,0,108.5,101.0,101.0,101.0,1.0,1010.0,10
2023-05-09 21:47:12,p2401-C-8400,p2401-C-8400,101.0,0.0,0.0,0.0,1,55.5,0.0,0,108.5,101.0,101.0,101.0,1.0,1010.0,10
2023-05-09 21:47:12,p2401-C-8400,p2401-C-8400,101.0,0.0,0.0,0.0,10,56.0,0.0,0,108.5,101.0,101.0,101.0,1.0,1010.0,10
2023-05-09 21:47:13,p2401-C-8400,p2401-C-8400,101.0,0.0,0.0,0.0,1,56.5,0.0,0,108.5,101.0,101.0,101.0,1.0,1010.0,10
2023-05-09 21:47:13,p2401-C-8400,p2401-C-8400,101.0,0.0,0.0,0.0,10,57.0,0.0,0,108.5,101.0,101.0,101.0,1.0,1010.0,10
2023-05-09 21:47:14,p2401-C-8400,p2401-C-8400,101.0,0.0,0.0,0.0,1,57.5,0.0,0,108.5,101.0,101.0,101.0,1.0,1010.0,10
2023-05-09 21:47:14,p2401-C-8400,p2401-C-8400,101.0,0.0,0.0,0.0,10,58.0,0.0,0,108.5,101.0,101.0,101.0,1.0,1010.0,10
2023-05-09 21:47:15,p2401-C-8400,p2401-C-8400,101.0,0.0,0.0,0.0,1,58.5,0.0,0,108.5,101.0,101.0,101.0,1.0,1010.0,10
2023-05-09 21:47:15,p2401-C-8400,p2401-C-8400,101.0,0.0,0.0,0.0,10,59.0,0.0,0,108.5,101.0,101.0,101.0,1.0,1010.0,10
2023-05-09 22:30:00,p2401-C-8400,p2401-C-8400,101.0,0.0,0.0,0.0,1,85.0,109.0,1,108.5,101.0,101.0,101.0,1.0,1010.0,10
2023-05-09 22:30:09,p2401-C-8400,p2401-C-8400,101.0,0.0,0.0,0.0,1,99.5,109.0,1,108.5,101.0,101.0,101.0,1.0,1010.0,10
2023-05-09 22:30:12,p2401-C-8400,p2401-C-8400,99.5,1.0,995.0,1.0,1,93.0,112.5,1,108.5,101.0,101.0,99.5,2.0,2005.0,11
2023-05-09 22:30:17,p2401-C-8400,p2401-C-8400,99.5,0.0,0.0,0.0,1,93.0,100.5,1,108.5,101.0,101.0,99.5,2.0,2005.0,11
2023-05-09 22:30:20,p2401-C-8400,p2401-C-8400,99.5,0.0,0.0,0.0,1,91.0,100.5,1,108.5,101.0,101.0,99.5,2.0,2005.0,11
2023-05-09 22:30:25,p2401-C-8400,p2401-C-8400,99.5,0.0,0.0,0.0,1,89.5,100.5,1,108.5,101.0,101.0,99.5,2.0,2005.0,11
2023-05-09 22:30:28,p2401-C-8400,p2401-C-8400,99.5,0.0,0.0,0.0,1,48.0,0.0,0,108.5,101.0,101.0,99.5,2.0,2005.0,11
2023-05-09 22:30:28,p2401-C-8400,p2401-C-8400,99.5,0.0,0.0,0.0,1,51.5,0.0,0,108.5,101.0,101.0,99.5,2.0,2005.0,11
2023-05-09 22:30:28,p2401-C-8400,p2401-C-8400,99.5,0.0,0.0,0.0,10,52.0,0.0,0,108.5,101.0,101.0,99.5,2.0,2005.0,11
2023-05-09 22:30:30,p2401-C-8400,p2401-C-8400,99.5,0.0,0.0,0.0,1,58.5,0.0,0,108.5,101.0,101.0,99.5,2.0,2005.0,11
2023-05-09 22:30:30,p2401-C-8400,p2401-C-8400,99.5,0.0,0.0,0.0,10,59.0,0.0,0,108.5,101.0,101.0,99.5,2.0,2005.0,11
2023-05-09 22:30:31,p2401-C-8400,p2401-C-8400,99.5,0.0,0.0,0.0,1,65.5,0.0,0,108.5,101.0,101.0,99.5,2.0,2005.0,11
2023-05-09 22:30:31,p2401-C-8400,p2401-C-8400,99.5,0.0,0.0,0.0,10,66.0,0.0,0,108.5,101.0,101.0,99.5,2.0,2005.0,11
2023-05-09 22:30:32,p2401-C-8400,p2401-C-8400,99.5,0.0,0.0,0.0,1,69.5,0.0,0,108.5,101.0,101.0,99.5,2.0,2005.0,11
2023-05-09 22:30:32,p2401-C-8400,p2401-C-8400,99.5,0.0,0.0,0.0,10,70.0,0.0,0,108.5,101.0,101.0,99.5,2.0,2005.0,11
2023-05-09 22:30:33,p2401-C-8400,p2401-C-8400,99.5,0.0,0.0,0.0,1,70.5,0.0,0,108.5,101.0,101.0,99.5,2.0,2005.0,11
2023-05-09 22:30:33,p2401-C-8400,p2401-C-8400,99.5,0.0,0.0,0.0,10,71.0,0.0,0,108.5,101.0,101.0,99.5,2.0,2005.0,11
2023-05-09 22:30:34,p2401-C-8400,p2401-C-8400,99.5,0.0,0.0,0.0,1,71.5,0.0,0,108.5,101.0,101.0,99.5,2.0,2005.0,11
2023-05-09 22:30:34,p2401-C-8400,p2401-C-8400,99.5,0.0,0.0,0.0,10,72.0,0.0,0,108.5,101.0,101.0,99.5,2.0,2005.0,11
2023-05-09 22:30:35,p2401-C-8400,p2401-C-8400,99.5,0.0,0.0,0.0,1,72.5,0.0,0,108.5,101.0,101.0,99.5,2.0,2005.0,11
2023-05-09 22:30:35,p2401-C-8400,p2401-C-8400,99.5,0.0,0.0,0.0,10,73.0,0.0,0,108.5,101.0,101.0,99.5,2.0,2005.0,11
2023-05-09 22:30:36,p2401-C-8400,p2401-C-8400,99.5,0.0,0.0,0.0,1,73.5,0.0,0,108.5,101.0,101.0,99.5,2.0,2005.0,11
2023-05-09 22:30:36,p2401-C-8400,p2401-C-8400,99.5,0.0,0.0,0.0,10,74.0,0.0,0,108.5,101.0,101.0,99.5,2.0,2005.0,11
2023-05-09 22:30:38,p2401-C-8400,p2401-C-8400,99.5,0.0,0.0,0.0,1,74.5,0.0,0,108.5,101.0,101.0,99.5,2.0,2005.0,11
2023-05-09 22:30:38,p2401-C-8400,p2401-C-8400,99.5,0.0,0.0,0.0,10,75.0,0.0,0,108.5,101.0,101.0,99.5,2.0,2005.0,11
2023-05-09 22:30:39,p2401-C-8400,p2401-C-8400,99.5,0.0,0.0,0.0,1,75.5,0.0,0,108.5,101.0,101.0,99.5,2.0,2005.0,11
2023-05-09 22:30:49,p2401-C-8400,p2401-C-8400,99.5,0.0,0.0,0.0,10,48.5,0.0,0,108.5,101.0,101.0,99.5,2.0,2005.0,11
2023-05-09 22:30:50,p2401-C-8400,p2401-C-8400,99.5,0.0,0.0,0.0,1,55.0,0.0,0,108.5,101.0,101.0,99.5,2.0,2005.0,11
2023-05-09 22:30:50,p2401-C-8400,p2401-C-8400,99.5,0.0,0.0,0.0,10,55.5,0.0,0,108.5,101.0,101.0,99.5,2.0,2005.0,11
2023-05-09 22:30:51,p2401-C-8400,p2401-C-8400,99.5,0.0,0.0,0.0,1,62.0,0.0,0,108.5,101.0,101.0,99.5,2.0,2005.0,11
2023-05-09 22:30:51,p2401-C-8400,p2401-C-8400,99.5,0.0,0.0,0.0,10,62.5,0.0,0,108.5,101.0,101.0,99.5,2.0,2005.0,11
2023-05-09 22:30:52,p2401-C-8400,p2401-C-8400,99.5,0.0,0.0,0.0,1,66.0,0.0,0,108.5,101.0,101.0,99.5,2.0,2005.0,11
2023-05-09 22:30:52,p2401-C-8400,p2401-C-8400,99.5,0.0,0.0,0.0,10,66.5,0.0,0,108.5,101.0,101.0,99.5,2.0,2005.0,11
2023-05-09 22:30:53,p2401-C-8400,p2401-C-8400,99.5,0.0,0.0,0.0,1,67.0,0.0,0,108.5,101.0,101.0,99.5,2.0,2005.0,11
2023-05-09 22:30:54,p2401-C-8400,p2401-C-8400,99.5,0.0,0.0,0.0,10,67.5,0.0,0,108.5,101.0,101.0,99.5,2.0,2005.0,11
2023-05-09 22:56:55,p2401-C-8400,p2401-C-8400,99.5,0.0,0.0,0.0,1,49.0,0.0,0,108.5,101.0,101.0,99.5,2.0,2005.0,11
2023-05-09 22:57:53,p2401-C-8400,p2401-C-8400,99.5,0.0,0.0,0.0,1,13.0,0.0,0,108.5,101.0,101.0,99.5,2.0,2005.0,11
2023-05-09 22:59:15,p2401-C-8400,p2401-C-8400,99.5,0.0,0.0,0.0,10,13.5,0.0,0,108.5,101.0,101.0,99.5,2.0,2005.0,11
2023-05-09 22:59:59,p2401-C-8400,p2401-C-8400,99.5,0.0,0.0,0.0,1,13.0,0.0,0,108.5,101.0,101.0,99.5,2.0,2005.0,11
2023-05-10 09:00:02,p2401-C-8400,p2401-C-8400,99.5,0.0,0.0,0.0,10,13.5,0.0,0,108.5,101.0,101.0,99.5,2.0,2005.0,11
2023-05-10 09:01:57,p2401-C-8400,p2401-C-8400,99.5,0.0,0.0,0.0,1,20.0,0.0,0,108.5,101.0,101.0,99.5,2.0,2005.0,11
2023-05-10 09:01:57,p2401-C-8400,p2401-C-8400,99.5,0.0,0.0,0.0,10,20.5,0.0,0,108.5,101.0,101.0,99.5,2.0,2005.0,11
2023-05-10 09:05:01,p2401-C-8400,p2401-C-8400,99.5,0.0,0.0,0.0,1,27.0,0.0,0,108.5,101.0,101.0,99.5,2.0,2005.0,11
2023-05-10 09:05:01,p2401-C-8400,p2401-C-8400,99.5,0.0,0.0,0.0,10,27.5,0.0,0,108.5,101.0,101.0,99.5,2.0,2005.0,11
2023-05-10 09:05:05,p2401-C-8400,p2401-C-8400,99.5,0.0,0.0,0.0,1,34.0,0.0,0,108.5,101.0,101.0,99.5,2.0,2005.0,11
2023-05-10 09:05:05,p2401-C-8400,p2401-C-8400,99.5,0.0,0.0,0.0,10,34.5,0.0,0,108.5,101.0,101.0,99.5,2.0,2005.0,11
2023-05-10 09:05:10,p2401-C-8400,p2401-C-8400,99.5,0.0,0.0,0.0,1,41.0,0.0,0,108.5,101.0,101.0,99.5,2.0,2005.0,11
2023-05-10 09:05:10,p2401-C-8400,p2401-C-8400,99.5,0.0,0.0,0.0,10,41.5,0.0,0,108.5,101.0,101.0,99.5,2.0,2005.0,11
2023-05-10 09:05:13,p2401-C-8400,p2401-C-8400,99.5,0.0,0.0,0.0,1,48.0,0.0,0,108.5,101.0,101.0,99.5,2.0,2005.0,11
2023-05-10 09:05:13,p2401-C-8400,p2401-C-8400,99.5,0.0,0.0,0.0,10,48.5,0.0,0,108.5,101.0,101.0,99.5,2.0,2005.0,11
2023-05-10 09:05:17,p2401-C-8400,p2401-C-8400,99.5,0.0,0.0,0.0,1,52.0,0.0,0,108.5,101.0,101.0,99.5,2.0,2005.0,11
2023-05-10 09:05:17,p2401-C-8400,p2401-C-8400,99.5,0.0,0.0,0.0,10,52.5,0.0,0,108.5,101.0,101.0,99.5,2.0,2005.0,11
2023-05-10 09:05:20,p2401-C-8400,p2401-C-8400,99.5,0.0,0.0,0.0,1,56.0,0.0,0,108.5,101.0,101.0,99.5,2.0,2005.0,11
2023-05-10 09:05:20,p2401-C-8400,p2401-C-8400,99.5,0.0,0.0,0.0,10,56.5,0.0,0,108.5,101.0,101.0,99.5,2.0,2005.0,11
2023-05-10 09:05:26,p2401-C-8400,p2401-C-8400,99.5,0.0,0.0,0.0,1,57.0,0.0,0,108.5,101.0,101.0,99.5,2.0,2005.0,11
2023-05-10 09:05:26,p2401-C-8400,p2401-C-8400,99.5,0.0,0.0,0.0,10,57.5,0.0,0,108.5,101.0,101.0,99.5,2.0,2005.0,11
2023-05-10 09:05:31,p2401-C-8400,p2401-C-8400,99.5,0.0,0.0,0.0,1,58.0,0.0,0,108.5,101.0,101.0,99.5,2.0,2005.0,11
2023-05-10 09:05:31,p2401-C-8400,p2401-C-8400,99.5,0.0,0.0,0.0,10,58.5,0.0,0,108.5,101.0,101.0,99.5,2.0,2005.0,11
2023-05-10 09:05:34,p2401-C-8400,p2401-C-8400,99.5,0.0,0.0,0.0,1,59.0,0.0,0,108.5,101.0,101.0,99.5,2.0,2005.0,11
2023-05-10 09:05:34,p2401-C-8400,p2401-C-8400,99.5,0.0,0.0,0.0,10,59.5,0.0,0,108.5,101.0,101.0,99.5,2.0,2005.0,11
2023-05-10 10:14:32,p2401-C-8400,p2401-C-8400,99.5,0.0,0.0,0.0,1,8.0,0.0,0,108.5,101.0,101.0,99.5,2.0,2005.0,11
2023-05-10 10:30:21,p2401-C-8400,p2401-C-8400,99.5,0.0,0.0,0.0,10,15.0,0.0,0,108.5,101.0,101.0,99.5,2.0,2005.0,11
2023-05-10 10:30:30,p2401-C-8400,p2401-C-8400,99.5,0.0,0.0,0.0,1,21.5,0.0,0,108.5,101.0,101.0,99.5,2.0,2005.0,11
2023-05-10 10:30:30,p2401-C-8400,p2401-C-8400,99.5,0.0,0.0,0.0,10,22.0,0.0,0,108.5,101.0,101.0,99.5,2.0,2005.0,11
2023-05-10 10:30:32,p2401-C-8400,p2401-C-8400,99.5,0.0,0.0,0.0,1,28.5,0.0,0,108.5,101.0,101.0,99.5,2.0,2005.0,11
2023-05-10 10:30:32,p2401-C-8400,p2401-C-8400,99.5,0.0,0.0,0.0,10,29.0,0.0,0,108.5,101.0,101.0,99.5,2.0,2005.0,11
2023-05-10 10:30:35,p2401-C-8400,p2401-C-8400,99.5,0.0,0.0,0.0,1,35.5,0.0,0,108.5,101.0,101.0,99.5,2.0,2005.0,11
2023-05-10 10:30:35,p2401-C-8400,p2401-C-8400,99.5,0.0,0.0,0.0,10,36.0,0.0,0,108.5,101.0,101.0,99.5,2.0,2005.0,11
2023-05-10 10:30:37,p2401-C-8400,p2401-C-8400,99.5,0.0,0.0,0.0,1,42.5,0.0,0,108.5,101.0,101.0,99.5,2.0,2005.0,11
2023-05-10 10:30:37,p2401-C-8400,p2401-C-8400,99.5,0.0,0.0,0.0,10,43.0,0.0,0,108.5,101.0,101.0,99.5,2.0,2005.0,11
2023-05-10 10:30:40,p2401-C-8400,p2401-C-8400,99.5,0.0,0.0,0.0,1,49.5,0.0,0,108.5,101.0,101.0,99.5,2.0,2005.0,11
2023-05-10 10:30:40,p2401-C-8400,p2401-C-8400,99.5,0.0,0.0,0.0,10,50.0,0.0,0,108.5,101.0,101.0,99.5,2.0,2005.0,11
2023-05-10 10:30:43,p2401-C-8400,p2401-C-8400,99.5,0.0,0.0,0.0,1,53.5,0.0,0,108.5,101.0,101.0,99.5,2.0,2005.0,11
2023-05-10 10:30:43,p2401-C-8400,p2401-C-8400,99.5,0.0,0.0,0.0,10,54.0,0.0,0,108.5,101.0,101.0,99.5,2.0,2005.0,11
2023-05-10 10:30:45,p2401-C-8400,p2401-C-8400,99.5,0.0,0.0,0.0,1,54.5,0.0,0,108.5,101.0,101.0,99.5,2.0,2005.0,11
2023-05-10 10:30:45,p2401-C-8400,p2401-C-8400,99.5,0.0,0.0,0.0,10,55.0,0.0,0,108.5,101.0,101.0,99.5,2.0,2005.0,11
2023-05-10 10:30:47,p2401-C-8400,p2401-C-8400,99.5,0.0,0.0,0.0,1,55.5,0.0,0,108.5,101.0,101.0,99.5,2.0,2005.0,11
2023-05-10 10:30:47,p2401-C-8400,p2401-C-8400,99.5,0.0,0.0,0.0,10,56.0,0.0,0,108.5,101.0,101.0,99.5,2.0,2005.0,11
2023-05-10 10:30:50,p2401-C-8400,p2401-C-8400,99.5,0.0,0.0,0.0,1,56.5,0.0,0,108.5,101.0,101.0,99.5,2.0,2005.0,11
2023-05-10 10:30:50,p2401-C-8400,p2401-C-8400,99.5,0.0,0.0,0.0,10,57.0,0.0,0,108.5,101.0,101.0,99.5,2.0,2005.0,11
2023-05-10 10:30:52,p2401-C-8400,p2401-C-8400,99.5,0.0,0.0,0.0,1,57.5,0.0,0,108.5,101.0,101.0,99.5,2.0,2005.0,11
2023-05-10 10:30:52,p2401-C-8400,p2401-C-8400,99.5,0.0,0.0,0.0,10,58.0,0.0,0,108.5,101.0,101.0,99.5,2.0,2005.0,11
2023-05-10 10:30:54,p2401-C-8400,p2401-C-8400,99.5,0.0,0.0,0.0,1,58.5,0.0,0,108.5,101.0,101.0,99.5,2.0,2005.0,11
2023-05-10 10:30:54,p2401-C-8400,p2401-C-8400,99.5,0.0,0.0,0.0,10,59.0,0.0,0,108.5,101.0,101.0,99.5,2.0,2005.0,11
2023-05-10 11:29:33,p2401-C-8400,p2401-C-8400,99.5,0.0,0.0,0.0,1,8.0,0.0,0,108.5,101.0,101.0,99.5,2.0,2005.0,11
2023-05-10 13:31:22,p2401-C-8400,p2401-C-8400,99.5,0.0,0.0,0.0,1,14.5,0.0,0,108.5,101.0,101.0,99.5,2.0,2005.0,11
2023-05-10 13:34:01,p2401-C-8400,p2401-C-8400,99.5,0.0,0.0,0.0,10,15.0,0.0,0,108.5,101.0,101.0,99.5,2.0,2005.0,11
2023-05-10 13:34:20,p2401-C-8400,p2401-C-8400,99.5,0.0,0.0,0.0,1,21.5,0.0,0,108.5,101.0,101.0,99.5,2.0,2005.0,11
2023-05-10 13:34:20,p2401-C-8400,p2401-C-8400,99.5,0.0,0.0,0.0,10,22.0,0.0,0,108.5,101.0,101.0,99.5,2.0,2005.0,11
2023-05-10 13:35:01,p2401-C-8400,p2401-C-8400,99.5,0.0,0.0,0.0,1,28.5,0.0,0,108.5,101.0,101.0,99.5,2.0,2005.0,11
2023-05-10 13:35:01,p2401-C-8400,p2401-C-8400,99.5,0.0,0.0,0.0,10,29.0,0.0,0,108.5,101.0,101.0,99.5,2.0,2005.0,11
2023-05-10 13:36:26,p2401-C-8400,p2401-C-8400,99.5,0.0,0.0,0.0,1,35.5,0.0,0,108.5,101.0,101.0,99.5,2.0,2005.0,11
2023-05-10 13:36:26,p2401-C-8400,p2401-C-8400,99.5,0.0,0.0,0.0,10,36.0,0.0,0,108.5,101.0,101.0,99.5,2.0,2005.0,11
2023-05-10 13:40:23,p2401-C-8400,p2401-C-8400,99.5,0.0,0.0,0.0,1,42.5,0.0,0,108.5,101.0,101.0,99.5,2.0,2005.0,11
2023-05-10 13:40:23,p2401-C-8400,p2401-C-8400,99.5,0.0,0.0,0.0,10,43.0,0.0,0,108.5,101.0,101.0,99.5,2.0,2005.0,11
2023-05-10 13:40:36,p2401-C-8400,p2401-C-8400,99.5,0.0,0.0,0.0,1,49.5,0.0,0,108.5,101.0,101.0,99.5,2.0,2005.0,11
2023-05-10 13:40:36,p2401-C-8400,p2401-C-8400,99.5,0.0,0.0,0.0,10,50.0,0.0,0,108.5,101.0,101.0,99.5,2.0,2005.0,11
2023-05-10 13:41:10,p2401-C-8400,p2401-C-8400,99.5,0.0,0.0,0.0,1,53.5,0.0,0,108.5,101.0,101.0,99.5,2.0,2005.0,11
2023-05-10 13:41:10,p2401-C-8400,p2401-C-8400,99.5,0.0,0.0,0.0,10,54.0,0.0,0,108.5,101.0,101.0,99.5,2.0,2005.0,11
2023-05-10 13:42:39,p2401-C-8400,p2401-C-8400,99.5,0.0,0.0,0.0,1,54.5,0.0,0,108.5,101.0,101.0,99.5,2.0,2005.0,11
2023-05-10 13:42:39,p2401-C-8400,p2401-C-8400,99.5,0.0,0.0,0.0,10,55.0,0.0,0,108.5,101.0,101.0,99.5,2.0,2005.0,11
2023-05-10 13:43:27,p2401-C-8400,p2401-C-8400,99.5,0.0,0.0,0.0,1,55.5,0.0,0,108.5,101.0,101.0,99.5,2.0,2005.0,11
2023-05-10 13:43:27,p2401-C-8400,p2401-C-8400,99.5,0.0,0.0,0.0,10,56.0,0.0,0,108.5,101.0,101.0,99.5,2.0,2005.0,11
2023-05-10 13:43:48,p2401-C-8400,p2401-C-8400,99.5,0.0,0.0,0.0,1,56.5,0.0,0,108.5,101.0,101.0,99.5,2.0,2005.0,11
2023-05-10 13:43:48,p2401-C-8400,p2401-C-8400,99.5,0.0,0.0,0.0,10,57.0,0.0,0,108.5,101.0,101.0,99.5,2.0,2005.0,11
2023-05-10 13:43:54,p2401-C-8400,p2401-C-8400,99.5,0.0,0.0,0.0,1,57.5,0.0,0,108.5,101.0,101.0,99.5,2.0,2005.0,11
2023-05-10 13:43:54,p2401-C-8400,p2401-C-8400,99.5,0.0,0.0,0.0,10,58.0,0.0,0,108.5,101.0,101.0,99.5,2.0,2005.0,11
2023-05-10 13:44:20,p2401-C-8400,p2401-C-8400,99.5,0.0,0.0,0.0,1,58.5,0.0,0,108.5,101.0,101.0,99.5,2.0,2005.0,11
2023-05-10 13:44:20,p2401-C-8400,p2401-C-8400,99.5,0.0,0.0,0.0,10,59.0,0.0,0,108.5,101.0,101.0,99.5,2.0,2005.0,11
2023-05-10 14:59:02,p2401-C-8400,p2401-C-8400,99.5,0.0,0.0,0.0,1,8.0,0.0,0,108.5,101.0,101.0,99.5,2.0,2005.0,11
2023-05-10 14:59:04,p2401-C-8400,p2401-C-8400,99.5,0.0,0.0,0.0,1,14.5,0.0,0,108.5,101.0,101.0,99.5,2.0,2005.0,11
2023-05-10 15:01:15,p2401-C-8400,p2401-C-8400,99.5,0.0,0.0,0.0,1,14.5,0.0,0,108.5,101.0,101.0,99.5,2.0,2005.0,11
