time,symbol_id,symbol_name,last,trade_volume,trade_amount,open_interest_change,bv1,bp1,ap1,av1,yesterday_close,today_open,today_high,today_low,volume,amount,open_interest
2023-05-10 20:59:00,pg2309,pg2309,4138.0,3.0,248280.0,-2.0,3,4134.0,4148.0,3,4122.0,4138.0,4138.0,4138.0,3.0,248280.0,34640
2023-05-10 21:00:00,pg2309,pg2309,4142.0,2.0,165520.0,-1.0,3,4142.0,4148.0,3,4122.0,4138.0,4142.0,4134.0,5.0,413800.0,34639
2023-05-10 21:00:00,pg2309,pg2309,4132.0,13.0,1076060.0,1.0,1,4130.0,4142.0,1,4122.0,4138.0,4142.0,4132.0,18.0,1489860.0,34640
2023-05-10 21:00:01,pg2309,pg2309,4143.0,4.0,331420.0,-3.0,3,4142.0,4143.0,1,4122.0,4138.0,4144.0,4132.0,22.0,1821280.0,34637
2023-05-10 21:00:01,pg2309,pg2309,4143.0,3.0,248540.0,1.0,1,4138.0,4144.0,1,4122.0,4138.0,4144.0,4132.0,25.0,2069820.0,34638
2023-05-10 21:00:02,pg2309,pg2309,4142.0,1.0,82840.0,1.0,2,4140.0,4146.0,1,4122.0,4138.0,4144.0,4132.0,26.0,2152660.0,34639
2023-05-10 21:00:02,pg2309,pg2309,4142.0,2.0,165740.0,2.0,1,4143.0,4145.0,2,4122.0,4138.0,4145.0,4132.0,28.0,2318400.0,34641
2023-05-10 21:00:03,pg2309,pg2309,4141.0,4.0,331360.0,1.0,22,4141.0,4142.0,1,4122.0,4138.0,4145.0,4132.0,32.0,2649760.0,34642
2023-05-10 21:00:03,pg2309,pg2309,4142.0,3.0,248540.0,-1.0,22,4141.0,4146.0,2,4122.0,4138.0,4145.0,4132.0,35.0,2898300.0,34641
2023-05-10 21:00:04,pg2309,pg2309,4142.0,0.0,0.0,0.0,23,4141.0,4145.0,4,4122.0,4138.0,4145.0,4132.0,35.0,2898300.0,34641
2023-05-10 21:00:04,pg2309,pg2309,4142.0,0.0,0.0,0.0,22,4141.0,4145.0,4,4122.0,4138.0,4145.0,4132.0,35.0,2898300.0,34641
2023-05-10 21:00:05,pg2309,pg2309,4141.0,15.0,1242300.0,4.0,8,4141.0,4142.0,2,4122.0,4138.0,4145.0,4132.0,50.0,4140600.0,34645
2023-05-10 21:00:05,pg2309,pg2309,4135.0,14.0,1159100.0,11.0,2,4131.0,4138.0,1,4122.0,4138.0,4145.0,4132.0,64.0,5299700.0,34656
2023-05-10 21:00:06,pg2309,pg2309,4138.0,2.0,165480.0,-1.0,2,4135.0,4140.0,1,4122.0,4138.0,4145.0,4132.0,66.0,5465180.0,34655
2023-05-10 21:00:06,pg2309,pg2309,4138.0,2.0,165520.0,0.0,1,4134.0,4140.0,1,4122.0,4138.0,4145.0,4132.0,68.0,5630700.0,34655
2023-05-10 21:00:07,pg2309,pg2309,4138.0,0.0,0.0,0.0,2,4135.0,4139.0,1,4122.0,4138.0,4145.0,4132.0,68.0,5630700.0,34655
2023-05-10 21:00:07,pg2309,pg2309,4138.0,0.0,0.0,0.0,2,4135.0,4139.0,2,4122.0,4138.0,4145.0,4132.0,68.0,5630700.0,34655
2023-05-10 21:00:08,pg2309,pg2309,4138.0,0.0,0.0,0.0,1,4135.0,4137.0,1,4122.0,4138.0,4145.0,4132.0,68.0,5630700.0,34655
2023-05-10 21:00:09,pg2309,pg2309,4135.0,3.0,248080.0,0.0,1,4132.0,4136.0,1,4122.0,4138.0,4145.0,4132.0,71.0,5878780.0,34655
2023-05-10 21:00:09,pg2309,pg2309,4136.0,1.0,82720.0,-1.0,3,4134.0,4138.0,1,4122.0,4138.0,4145.0,4132.0,72.0,5961500.0,34654
2023-05-10 21:00:10,pg2309,pg2309,4135.0,1.0,82700.0,0.0,3,4134.0,4138.0,1,4122.0,4138.0,4145.0,4132.0,73.0,6044200.0,34654
2023-05-10 21:00:10,pg2309,pg2309,4135.0,0.0,0.0,0.0,2,4134.0,4138.0,5,4122.0,4138.0,4145.0,4132.0,73.0,6044200.0,34654
2023-05-10 21:00:11,pg2309,pg2309,4135.0,0.0,0.0,0.0,2,4134.0,4138.0,2,4122.0,4138.0,4145.0,4132.0,73.0,6044200.0,34654
2023-05-10 21:00:11,pg2309,pg2309,4135.0,0.0,0.0,0.0,1,4137.0,4138.0,2,4122.0,4138.0,4145.0,4132.0,73.0,6044200.0,34654
2023-05-10 21:00:12,pg2309,pg2309,4137.0,1.0,82740.0,1.0,4,4134.0,4138.0,1,4122.0,4138.0,4145.0,4132.0,74.0,6126940.0,34655
2023-05-10 21:00:12,pg2309,pg2309,4137.0,0.0,0.0,0.0,2,4134.0,4137.0,1,4122.0,4138.0,4145.0,4132.0,74.0,6126940.0,34655
2023-05-10 21:00:13,pg2309,pg2309,4137.0,1.0,82740.0,-1.0,3,4135.0,4138.0,3,4122.0,4138.0,4145.0,4132.0,75.0,6209680.0,34654
2023-05-10 21:00:13,pg2309,pg2309,4134.0,7.0,578820.0,4.0,2,4132.0,4134.0,1,4122.0,4138.0,4145.0,4132.0,82.0,6788500.0,34658
2023-05-10 21:00:14,pg2309,pg2309,4134.0,1.0,82680.0,-1.0,1,4132.0,4135.0,1,4122.0,4138.0,4145.0,4132.0,83.0,6871180.0,34657
2023-05-10 21:00:14,pg2309,pg2309,4134.0,2.0,165360.0,-1.0,3,4131.0,4134.0,14,4122.0,4138.0,4145.0,4132.0,85.0,7036540.0,34656
2023-05-10 21:00:15,pg2309,pg2309,4132.0,1.0,82640.0,1.0,3,4131.0,4134.0,15,4122.0,4138.0,4145.0,4132.0,86.0,7119180.0,34657
2023-05-10 21:00:15,pg2309,pg2309,4131.0,1.0,82620.0,-1.0,2,4131.0,4134.0,15,4122.0,4138.0,4145.0,4131.0,87.0,7201800.0,34656
2023-05-10 21:00:16,pg2309,pg2309,4130.0,9.0,743560.0,2.0,1,4129.0,4130.0,1,4122.0,4138.0,4145.0,4130.0,96.0,7945360.0,34658
2023-05-10 21:00:16,pg2309,pg2309,4128.0,3.0,247800.0,-1.0,2,4128.0,4130.0,2,4122.0,4138.0,4145.0,4128.0,99.0,8193160.0,34657
2023-05-10 21:00:17,pg2309,pg2309,4128.0,0.0,0.0,0.0,1,4127.0,4130.0,3,4122.0,4138.0,4145.0,4128.0,99.0,8193160.0,34657
2023-05-10 21:00:17,pg2309,pg2309,4128.0,0.0,0.0,0.0,3,4126.0,4128.0,1,4122.0,4138.0,4145.0,4128.0,99.0,8193160.0,34657
2023-05-10 21:00:18,pg2309,pg2309,4129.0,2.0,165140.0,-1.0,1,4128.0,4130.0,1,4122.0,4138.0,4145.0,4128.0,101.0,8358300.0,34656
2023-05-10 21:00:18,pg2309,pg2309,4129.0,1.0,82580.0,0.0,6,4127.0,4128.0,4,4122.0,4138.0,4145.0,4128.0,102.0,8440880.0,34656
2023-05-10 21:00:19,pg2309,pg2309,4130.0,10.0,825860.0,-7.0,1,4130.0,4132.0,4,4122.0,4138.0,4145.0,4128.0,112.0,9266740.0,34649
2023-05-10 21:00:19,pg2309,pg2309,4130.0,1.0,82600.0,0.0,1,4129.0,4132.0,2,4122.0,4138.0,4145.0,4128.0,113.0,9349340.0,34649
2023-05-10 21:00:20,pg2309,pg2309,4130.0,0.0,0.0,0.0,2,4128.0,4131.0,2,4122.0,4138.0,4145.0,4128.0,113.0,9349340.0,34649
2023-05-10 21:00:20,pg2309,pg2309,4130.0,0.0,0.0,0.0,1,4129.0,4130.0,2,4122.0,4138.0,4145.0,4128.0,113.0,9349340.0,34649
2023-05-10 21:00:21,pg2309,pg2309,4130.0,2.0,165200.0,-2.0,1,4129.0,4132.0,5,4122.0,4138.0,4145.0,4128.0,115.0,9514540.0,34647
2023-05-10 21:00:21,pg2309,pg2309,4132.0,5.0,413200.0,4.0,2,4130.0,4132.0,2,4122.0,4138.0,4145.0,4128.0,120.0,9927740.0,34651
2023-05-10 21:00:22,pg2309,pg2309,4132.0,0.0,0.0,0.0,2,4130.0,4133.0,1,4122.0,4138.0,4145.0,4128.0,120.0,9927740.0,34651
2023-05-10 21:00:22,pg2309,pg2309,4132.0,0.0,0.0,0.0,4,4130.0,4134.0,15,4122.0,4138.0,4145.0,4128.0,120.0,9927740.0,34651
2023-05-10 21:00:23,pg2309,pg2309,4132.0,1.0,82640.0,-1.0,2,4130.0,4133.0,3,4122.0,4138.0,4145.0,4128.0,121.0,10010380.0,34650
2023-05-10 21:00:24,pg2309,pg2309,4133.0,2.0,165300.0,2.0,3,4130.0,4133.0,1,4122.0,4138.0,4145.0,4128.0,123.0,10175680.0,34652
2023-05-10 21:00:25,pg2309,pg2309,4134.0,5.0,413380.0,-4.0,1,4131.0,4134.0,10,4122.0,4138.0,4145.0,4128.0,128.0,10589060.0,34648
2023-05-10 21:00:25,pg2309,pg2309,4134.0,0.0,0.0,0.0,3,4132.0,4135.0,2,4122.0,4138.0,4145.0,4128.0,128.0,10589060.0,34648
2023-05-10 21:00:26,pg2309,pg2309,4131.0,3.0,247920.0,-2.0,1,4132.0,4134.0,1,4122.0,4138.0,4145.0,4128.0,131.0,10836980.0,34646
2023-05-10 21:00:26,pg2309,pg2309,4131.0,0.0,0.0,0.0,1,4130.0,4132.0,1,4122.0,4138.0,4145.0,4128.0,131.0,10836980.0,34646
2023-05-10 21:00:27,pg2309,pg2309,4132.0,2.0,165260.0,0.0,1,4130.0,4133.0,2,4122.0,4138.0,4145.0,4128.0,133.0,11002240.0,34646
2023-05-10 21:00:27,pg2309,pg2309,4132.0,0.0,0.0,0.0,2,4130.0,4133.0,4,4122.0,4138.0,4145.0,4128.0,133.0,11002240.0,34646
2023-05-10 21:00:28,pg2309,pg2309,4132.0,0.0,0.0,0.0,2,4130.0,4133.0,3,4122.0,4138.0,4145.0,4128.0,133.0,11002240.0,34646
2023-05-10 21:00:29,pg2309,pg2309,4132.0,0.0,0.0,0.0,3,4130.0,4133.0,3,4122.0,4138.0,4145.0,4128.0,133.0,11002240.0,34646
2023-05-10 21:00:29,pg2309,pg2309,4132.0,0.0,0.0,0.0,2,4130.0,4133.0,4,4122.0,4138.0,4145.0,4128.0,133.0,11002240.0,34646
2023-05-10 21:00:30,pg2309,pg2309,4130.0,2.0,165200.0,-1.0,3,4129.0,4130.0,6,4122.0,4138.0,4145.0,4128.0,135.0,11167440.0,34645
2023-05-10 21:00:30,pg2309,pg2309,4130.0,0.0,0.0,0.0,2,4129.0,4130.0,8,4122.0,4138.0,4145.0,4128.0,135.0,11167440.0,34645
2023-05-10 21:00:31,pg2309,pg2309,4129.0,2.0,165160.0,0.0,1,4128.0,4130.0,8,4122.0,4138.0,4145.0,4128.0,137.0,11332600.0,34645
2023-05-10 21:00:32,pg2309,pg2309,4128.0,1.0,82560.0,1.0,4,4127.0,4129.0,2,4122.0,4138.0,4145.0,4128.0,138.0,11415160.0,34646
2023-05-10 21:00:32,pg2309,pg2309,4129.0,10.0,825580.0,2.0,1,4127.0,4130.0,9,4122.0,4138.0,4145.0,4127.0,148.0,12240740.0,34648
2023-05-10 21:00:33,pg2309,pg2309,4129.0,0.0,0.0,0.0,1,4126.0,4130.0,11,4122.0,4138.0,4145.0,4127.0,148.0,12240740.0,34648
2023-05-10 21:00:33,pg2309,pg2309,4129.0,0.0,0.0,0.0,1,4127.0,4130.0,10,4122.0,4138.0,4145.0,4127.0,148.0,12240740.0,34648
2023-05-10 21:00:34,pg2309,pg2309,4130.0,2.0,165200.0,-1.0,2,4128.0,4130.0,6,4122.0,4138.0,4145.0,4127.0,150.0,12405940.0,34647
2023-05-10 21:00:34,pg2309,pg2309,4130.0,6.0,495600.0,-5.0,2,4130.0,4132.0,2,4122.0,4138.0,4145.0,4127.0,156.0,12901540.0,34642
2023-05-10 21:00:35,pg2309,pg2309,4128.0,2.0,165160.0,-1.0,1,4128.0,4131.0,2,4122.0,4138.0,4145.0,4127.0,158.0,13066700.0,34641
2023-05-10 21:00:36,pg2309,pg2309,4128.0,0.0,0.0,0.0,4,4127.0,4131.0,5,4122.0,4138.0,4145.0,4127.0,158.0,13066700.0,34641
2023-05-10 21:00:36,pg2309,pg2309,4128.0,0.0,0.0,0.0,2,4127.0,4131.0,5,4122.0,4138.0,4145.0,4127.0,158.0,13066700.0,34641
2023-05-10 21:00:37,pg2309,pg2309,4128.0,0.0,0.0,0.0,1,4128.0,4131.0,8,4122.0,4138.0,4145.0,4127.0,158.0,13066700.0,34641
2023-05-10 21:00:37,pg2309,pg2309,4128.0,0.0,0.0,0.0,3,4128.0,4131.0,5,4122.0,4138.0,4145.0,4127.0,158.0,13066700.0,34641
2023-05-10 21:00:38,pg2309,pg2309,4128.0,0.0,0.0,0.0,2,4128.0,4131.0,3,4122.0,4138.0,4145.0,4127.0,158.0,13066700.0,34641
2023-05-10 21:00:38,pg2309,pg2309,4128.0,0.0,0.0,0.0,1,4129.0,4131.0,2,4122.0,4138.0,4145.0,4127.0,158.0,13066700.0,34641
2023-05-10 21:00:39,pg2309,pg2309,4131.0,1.0,82620.0,0.0,4,4128.0,4131.0,2,4122.0,4138.0,4145.0,4127.0,159.0,13149320.0,34641
2023-05-10 21:00:39,pg2309,pg2309,4131.0,0.0,0.0,0.0,2,4128.0,4131.0,2,4122.0,4138.0,4145.0,4127.0,159.0,13149320.0,34641
2023-05-10 21:00:40,pg2309,pg2309,4131.0,0.0,0.0,0.0,2,4128.0,4131.0,4,4122.0,4138.0,4145.0,4127.0,159.0,13149320.0,34641
2023-05-10 21:00:41,pg2309,pg2309,4131.0,0.0,0.0,0.0,2,4128.0,4131.0,3,4122.0,4138.0,4145.0,4127.0,159.0,13149320.0,34641
2023-05-10 21:00:41,pg2309,pg2309,4131.0,0.0,0.0,0.0,3,4129.0,4131.0,1,4122.0,4138.0,4145.0,4127.0,159.0,13149320.0,34641
2023-05-10 21:00:42,pg2309,pg2309,4131.0,0.0,0.0,0.0,2,4129.0,4131.0,2,4122.0,4138.0,4145.0,4127.0,159.0,13149320.0,34641
2023-05-10 21:00:42,pg2309,pg2309,4131.0,0.0,0.0,0.0,5,4128.0,4131.0,2,4122.0,4138.0,4145.0,4127.0,159.0,13149320.0,34641
2023-05-10 21:00:43,pg2309,pg2309,4131.0,0.0,0.0,0.0,5,4128.0,4131.0,1,4122.0,4138.0,4145.0,4127.0,159.0,13149320.0,34641
2023-05-10 21:00:43,pg2309,pg2309,4131.0,0.0,0.0,0.0,1,4129.0,4131.0,1,4122.0,4138.0,4145.0,4127.0,159.0,13149320.0,34641
2023-05-10 21:00:44,pg2309,pg2309,4131.0,0.0,0.0,0.0,5,4128.0,4131.0,1,4122.0,4138.0,4145.0,4127.0,159.0,13149320.0,34641
2023-05-10 21:00:44,pg2309,pg2309,4131.0,0.0,0.0,0.0,1,4129.0,4131.0,2,4122.0,4138.0,4145.0,4127.0,159.0,13149320.0,34641
2023-05-10 21:00:45,pg2309,pg2309,4131.0,0.0,0.0,0.0,1,4130.0,4131.0,3,4122.0,4138.0,4145.0,4127.0,159.0,13149320.0,34641
2023-05-10 21:00:46,pg2309,pg2309,4130.0,1.0,82600.0,0.0,1,4129.0,4131.0,4,4122.0,4138.0,4145.0,4127.0,160.0,13231920.0,34641
2023-05-10 21:00:46,pg2309,pg2309,4130.0,0.0,0.0,0.0,1,4129.0,4131.0,3,4122.0,4138.0,4145.0,4127.0,160.0,13231920.0,34641
2023-05-10 21:00:47,pg2309,pg2309,4130.0,0.0,0.0,0.0,2,4129.0,4131.0,4,4122.0,4138.0,4145.0,4127.0,160.0,13231920.0,34641
2023-05-10 21:00:47,pg2309,pg2309,4130.0,0.0,0.0,0.0,2,4129.0,4131.0,3,4122.0,4138.0,4145.0,4127.0,160.0,13231920.0,34641
2023-05-10 21:00:48,pg2309,pg2309,4130.0,0.0,0.0,0.0,5,4128.0,4131.0,5,4122.0,4138.0,4145.0,4127.0,160.0,13231920.0,34641
2023-05-10 21:00:49,pg2309,pg2309,4130.0,0.0,0.0,0.0,3,4128.0,4131.0,7,4122.0,4138.0,4145.0,4127.0,160.0,13231920.0,34641
2023-05-10 21:00:49,pg2309,pg2309,4130.0,0.0,0.0,0.0,4,4128.0,4131.0,7,4122.0,4138.0,4145.0,4127.0,160.0,13231920.0,34641
2023-05-10 21:00:50,pg2309,pg2309,4130.0,0.0,0.0,0.0,4,4128.0,4131.0,11,4122.0,4138.0,4145.0,4127.0,160.0,13231920.0,34641
2023-05-10 21:00:50,pg2309,pg2309,4130.0,0.0,0.0,0.0,5,4128.0,4131.0,11,4122.0,4138.0,4145.0,4127.0,160.0,13231920.0,34641
2023-05-10 21:00:51,pg2309,pg2309,4130.0,0.0,0.0,0.0,6,4128.0,4131.0,9,4122.0,4138.0,4145.0,4127.0,160.0,13231920.0,34641
2023-05-10 21:00:51,pg2309,pg2309,4130.0,0.0,0.0,0.0,6,4128.0,4131.0,10,4122.0,4138.0,4145.0,4127.0,160.0,13231920.0,34641
2023-05-10 21:00:52,pg2309,pg2309,4130.0,0.0,0.0,0.0,1,4130.0,4131.0,8,4122.0,4138.0,4145.0,4127.0,160.0,13231920.0,34641
2023-05-10 21:00:52,pg2309,pg2309,4130.0,0.0,0.0,0.0,1,4130.0,4131.0,10,4122.0,4138.0,4145.0,4127.0,160.0,13231920.0,34641
2023-05-10 21:00:53,pg2309,pg2309,4131.0,10.0,826200.0,2.0,1,4130.0,4132.0,1,4122.0,4138.0,4145.0,4127.0,170.0,14058120.0,34643
2023-05-10 21:00:54,pg2309,pg2309,4131.0,0.0,0.0,0.0,2,4130.0,4133.0,7,4122.0,4138.0,4145.0,4127.0,170.0,14058120.0,34643
2023-05-10 21:00:54,pg2309,pg2309,4131.0,0.0,0.0,0.0,1,4130.0,4133.0,6,4122.0,4138.0,4145.0,4127.0,170.0,14058120.0,34643
2023-05-10 21:00:55,pg2309,pg2309,4130.0,1.0,82600.0,0.0,6,4129.0,4133.0,8,4122.0,4138.0,4145.0,4127.0,171.0,14140720.0,34643
2023-05-10 21:00:55,pg2309,pg2309,4130.0,0.0,0.0,0.0,1,4130.0,4133.0,8,4122.0,4138.0,4145.0,4127.0,171.0,14140720.0,34643
2023-05-10 21:00:56,pg2309,pg2309,4130.0,0.0,0.0,0.0,6,4129.0,4132.0,1,4122.0,4138.0,4145.0,4127.0,171.0,14140720.0,34643
2023-05-10 21:00:56,pg2309,pg2309,4130.0,0.0,0.0,0.0,1,4130.0,4132.0,2,4122.0,4138.0,4145.0,4127.0,171.0,14140720.0,34643
2023-05-10 21:00:57,pg2309,pg2309,4130.0,0.0,0.0,0.0,1,4130.0,4132.0,1,4122.0,4138.0,4145.0,4127.0,171.0,14140720.0,34643
2023-05-10 21:00:57,pg2309,pg2309,4130.0,0.0,0.0,0.0,1,4130.0,4132.0,4,4122.0,4138.0,4145.0,4127.0,171.0,14140720.0,34643
2023-05-10 21:00:58,pg2309,pg2309,4130.0,0.0,0.0,0.0,1,4130.0,4132.0,2,4122.0,4138.0,4145.0,4127.0,171.0,14140720.0,34643
2023-05-10 21:00:58,pg2309,pg2309,4130.0,1.0,82600.0,0.0,3,4129.0,4130.0,3,4122.0,4138.0,4145.0,4127.0,172.0,14223320.0,34643
2023-05-10 21:00:59,pg2309,pg2309,4130.0,1.0,82600.0,0.0,7,4128.0,4130.0,2,4122.0,4138.0,4145.0,4127.0,173.0,14305920.0,34643
2023-05-10 21:00:59,pg2309,pg2309,4130.0,0.0,0.0,0.0,10,4128.0,4130.0,2,4122.0,4138.0,4145.0,4127.0,173.0,14305920.0,34643
2023-05-10 21:01:00,pg2309,pg2309,4130.0,0.0,0.0,0.0,7,4128.0,4130.0,3,4122.0,4138.0,4145.0,4127.0,173.0,14305920.0,34643
2023-05-10 21:01:00,pg2309,pg2309,4130.0,1.0,82600.0,0.0,8,4128.0,4130.0,1,4122.0,4138.0,4145.0,4127.0,174.0,14388520.0,34643
2023-05-10 21:01:02,pg2309,pg2309,4130.0,1.0,82600.0,-1.0,1,4129.0,4132.0,8,4122.0,4138.0,4145.0,4127.0,175.0,14471120.0,34642
2023-05-10 21:01:02,pg2309,pg2309,4130.0,0.0,0.0,0.0,8,4128.0,4132.0,9,4122.0,4138.0,4145.0,4127.0,175.0,14471120.0,34642
2023-05-10 21:01:03,pg2309,pg2309,4128.0,5.0,412800.0,5.0,5,4127.0,4128.0,1,4122.0,4138.0,4145.0,4127.0,180.0,14883920.0,34647
2023-05-10 21:01:03,pg2309,pg2309,4127.0,3.0,247620.0,0.0,5,4126.0,4127.0,3,4122.0,4138.0,4145.0,4127.0,183.0,15131540.0,34647
2023-05-10 21:01:04,pg2309,pg2309,4127.0,3.0,247620.0,-2.0,7,4126.0,4128.0,3,4122.0,4138.0,4145.0,4127.0,186.0,15379160.0,34645
2023-05-10 21:01:04,pg2309,pg2309,4127.0,0.0,0.0,0.0,8,4126.0,4128.0,2,4122.0,4138.0,4145.0,4127.0,186.0,15379160.0,34645
2023-05-10 21:01:04,pg2309,pg2309,4127.0,0.0,0.0,0.0,8,4126.0,4128.0,1,4122.0,4138.0,4145.0,4127.0,186.0,15379160.0,34645
2023-05-10 21:01:05,pg2309,pg2309,4127.0,0.0,0.0,0.0,8,4126.0,4128.0,2,4122.0,4138.0,4145.0,4127.0,186.0,15379160.0,34645
2023-05-10 21:01:06,pg2309,pg2309,4127.0,0.0,0.0,0.0,1,4127.0,4128.0,1,4122.0,4138.0,4145.0,4127.0,186.0,15379160.0,34645
2023-05-10 21:01:06,pg2309,pg2309,4127.0,0.0,0.0,0.0,2,4127.0,4128.0,1,4122.0,4138.0,4145.0,4127.0,186.0,15379160.0,34645
2023-05-10 21:01:08,pg2309,pg2309,4127.0,0.0,0.0,0.0,2,4127.0,4128.0,2,4122.0,4138.0,4145.0,4127.0,186.0,15379160.0,34645
2023-05-10 21:01:08,pg2309,pg2309,4128.0,2.0,165120.0,-2.0,2,4127.0,4129.0,3,4122.0,4138.0,4145.0,4127.0,188.0,15544280.0,34643
2023-05-10 21:01:09,pg2309,pg2309,4127.0,2.0,165080.0,0.0,1,4127.0,4129.0,2,4122.0,4138.0,4145.0,4127.0,190.0,15709360.0,34643
2023-05-10 21:01:09,pg2309,pg2309,4127.0,0.0,0.0,0.0,1,4127.0,4129.0,1,4122.0,4138.0,4145.0,4127.0,190.0,15709360.0,34643
2023-05-10 21:01:10,pg2309,pg2309,4127.0,0.0,0.0,0.0,9,4126.0,4129.0,1,4122.0,4138.0,4145.0,4127.0,190.0,15709360.0,34643
2023-05-10 21:01:10,pg2309,pg2309,4127.0,2.0,165120.0,-1.0,9,4126.0,4129.0,2,4122.0,4138.0,4145.0,4127.0,192.0,15874480.0,34642
2023-05-10 21:01:11,pg2309,pg2309,4127.0,0.0,0.0,0.0,1,4128.0,4130.0,4,4122.0,4138.0,4145.0,4127.0,192.0,15874480.0,34642
2023-05-10 21:01:11,pg2309,pg2309,4127.0,0.0,0.0,0.0,1,4128.0,4130.0,2,4122.0,4138.0,4145.0,4127.0,192.0,15874480.0,34642
2023-05-10 21:01:12,pg2309,pg2309,4127.0,0.0,0.0,0.0,1,4129.0,4130.0,3,4122.0,4138.0,4145.0,4127.0,192.0,15874480.0,34642
2023-05-10 21:01:12,pg2309,pg2309,4127.0,0.0,0.0,0.0,1,4129.0,4130.0,1,4122.0,4138.0,4145.0,4127.0,192.0,15874480.0,34642
2023-05-10 21:01:13,pg2309,pg2309,4127.0,0.0,0.0,0.0,1,4129.0,4130.0,2,4122.0,4138.0,4145.0,4127.0,192.0,15874480.0,34642
2023-05-10 21:01:13,pg2309,pg2309,4127.0,0.0,0.0,0.0,1,4129.0,4130.0,4,4122.0,4138.0,4145.0,4127.0,192.0,15874480.0,34642
2023-05-10 21:01:14,pg2309,pg2309,4127.0,0.0,0.0,0.0,1,4129.0,4130.0,2,4122.0,4138.0,4145.0,4127.0,192.0,15874480.0,34642
2023-05-10 21:01:15,pg2309,pg2309,4129.0,1.0,82580.0,0.0,4,4127.0,4129.0,1,4122.0,4138.0,4145.0,4127.0,193.0,15957060.0,34642
2023-05-10 21:01:16,pg2309,pg2309,4129.0,0.0,0.0,0.0,1,4127.0,4129.0,1,4122.0,4138.0,4145.0,4127.0,193.0,15957060.0,34642
2023-05-10 21:01:16,pg2309,pg2309,4129.0,0.0,0.0,0.0,3,4127.0,4129.0,1,4122.0,4138.0,4145.0,4127.0,193.0,15957060.0,34642
2023-05-10 21:01:17,pg2309,pg2309,4129.0,0.0,0.0,0.0,1,4127.0,4129.0,1,4122.0,4138.0,4145.0,4127.0,193.0,15957060.0,34642
2023-05-10 21:01:17,pg2309,pg2309,4129.0,0.0,0.0,0.0,12,4126.0,4129.0,1,4122.0,4138.0,4145.0,4127.0,193.0,15957060.0,34642
2023-05-10 21:01:17,pg2309,pg2309,4129.0,0.0,0.0,0.0,11,4126.0,4129.0,2,4122.0,4138.0,4145.0,4127.0,193.0,15957060.0,34642
2023-05-10 21:01:18,pg2309,pg2309,4129.0,1.0,82580.0,0.0,11,4126.0,4129.0,1,4122.0,4138.0,4145.0,4127.0,194.0,16039640.0,34642
2023-05-10 21:01:19,pg2309,pg2309,4129.0,0.0,0.0,0.0,14,4126.0,4129.0,1,4122.0,4138.0,4145.0,4127.0,194.0,16039640.0,34642
2023-05-10 21:01:19,pg2309,pg2309,4129.0,0.0,0.0,0.0,1,4127.0,4130.0,8,4122.0,4138.0,4145.0,4127.0,194.0,16039640.0,34642
2023-05-10 21:01:20,pg2309,pg2309,4129.0,0.0,0.0,0.0,3,4127.0,4130.0,7,4122.0,4138.0,4145.0,4127.0,194.0,16039640.0,34642
2023-05-10 21:01:20,pg2309,pg2309,4129.0,0.0,0.0,0.0,2,4128.0,4130.0,5,4122.0,4138.0,4145.0,4127.0,194.0,16039640.0,34642
2023-05-10 21:01:21,pg2309,pg2309,4128.0,1.0,82560.0,-1.0,1,4128.0,4130.0,2,4122.0,4138.0,4145.0,4127.0,195.0,16122200.0,34641
2023-05-10 21:01:22,pg2309,pg2309,4131.0,10.0,826140.0,2.0,3,4131.0,4132.0,2,4122.0,4138.0,4145.0,4127.0,205.0,16948340.0,34643
2023-05-10 21:01:22,pg2309,pg2309,4132.0,2.0,165260.0,-1.0,3,4131.0,4132.0,2,4122.0,4138.0,4145.0,4127.0,207.0,17113600.0,34642
2023-05-10 21:01:23,pg2309,pg2309,4132.0,0.0,0.0,0.0,2,4131.0,4132.0,3,4122.0,4138.0,4145.0,4127.0,207.0,17113600.0,34642
2023-05-10 21:01:24,pg2309,pg2309,4132.0,0.0,0.0,0.0,3,4131.0,4132.0,2,4122.0,4138.0,4145.0,4127.0,207.0,17113600.0,34642
2023-05-10 21:01:24,pg2309,pg2309,4132.0,0.0,0.0,0.0,2,4131.0,4132.0,2,4122.0,4138.0,4145.0,4127.0,207.0,17113600.0,34642
2023-05-10 21:01:25,pg2309,pg2309,4132.0,2.0,165280.0,-2.0,2,4131.0,4133.0,6,4122.0,4138.0,4145.0,4127.0,209.0,17278880.0,34640
2023-05-10 21:01:26,pg2309,pg2309,4132.0,0.0,0.0,0.0,2,4131.0,4133.0,2,4122.0,4138.0,4145.0,4127.0,209.0,17278880.0,34640
2023-05-10 21:01:26,pg2309,pg2309,4133.0,2.0,165320.0,-2.0,7,4131.0,4134.0,4,4122.0,4138.0,4145.0,4127.0,211.0,17444200.0,34638
2023-05-10 21:01:27,pg2309,pg2309,4132.0,1.0,82640.0,-1.0,1,4132.0,4135.0,10,4122.0,4138.0,4145.0,4127.0,212.0,17526840.0,34637
2023-05-10 21:01:27,pg2309,pg2309,4132.0,0.0,0.0,0.0,8,4131.0,4134.0,5,4122.0,4138.0,4145.0,4127.0,212.0,17526840.0,34637
2023-05-10 21:01:28,pg2309,pg2309,4131.0,1.0,82620.0,0.0,5,4131.0,4134.0,9,4122.0,4138.0,4145.0,4127.0,213.0,17609460.0,34637
2023-05-10 21:01:28,pg2309,pg2309,4131.0,0.0,0.0,0.0,6,4131.0,4134.0,9,4122.0,4138.0,4145.0,4127.0,213.0,17609460.0,34637
2023-05-10 21:01:29,pg2309,pg2309,4133.0,1.0,82660.0,0.0,5,4131.0,4133.0,2,4122.0,4138.0,4145.0,4127.0,214.0,17692120.0,34637
2023-05-10 21:01:29,pg2309,pg2309,4133.0,0.0,0.0,0.0,3,4131.0,4133.0,1,4122.0,4138.0,4145.0,4127.0,214.0,17692120.0,34637
2023-05-10 21:01:29,pg2309,pg2309,4133.0,0.0,0.0,0.0,2,4131.0,4133.0,1,4122.0,4138.0,4145.0,4127.0,214.0,17692120.0,34637
2023-05-10 21:01:30,pg2309,pg2309,4133.0,0.0,0.0,0.0,3,4131.0,4133.0,1,4122.0,4138.0,4145.0,4127.0,214.0,17692120.0,34637
2023-05-10 21:01:31,pg2309,pg2309,4133.0,0.0,0.0,0.0,3,4131.0,4134.0,13,4122.0,4138.0,4145.0,4127.0,214.0,17692120.0,34637
2023-05-10 21:01:31,pg2309,pg2309,4133.0,0.0,0.0,0.0,3,4131.0,4133.0,1,4122.0,4138.0,4145.0,4127.0,214.0,17692120.0,34637
2023-05-10 21:01:32,pg2309,pg2309,4133.0,0.0,0.0,0.0,2,4131.0,4133.0,1,4122.0,4138.0,4145.0,4127.0,214.0,17692120.0,34637
2023-05-10 21:01:33,pg2309,pg2309,4133.0,0.0,0.0,0.0,3,4131.0,4133.0,1,4122.0,4138.0,4145.0,4127.0,214.0,17692120.0,34637
2023-05-10 21:01:34,pg2309,pg2309,4133.0,0.0,0.0,0.0,4,4131.0,4134.0,13,4122.0,4138.0,4145.0,4127.0,214.0,17692120.0,34637
2023-05-10 21:01:34,pg2309,pg2309,4133.0,0.0,0.0,0.0,4,4131.0,4133.0,1,4122.0,4138.0,4145.0,4127.0,214.0,17692120.0,34637
2023-05-10 21:01:35,pg2309,pg2309,4133.0,0.0,0.0,0.0,3,4131.0,4133.0,1,4122.0,4138.0,4145.0,4127.0,214.0,17692120.0,34637
2023-05-10 21:01:36,pg2309,pg2309,4133.0,0.0,0.0,0.0,3,4131.0,4133.0,2,4122.0,4138.0,4145.0,4127.0,214.0,17692120.0,34637
2023-05-10 21:01:37,pg2309,pg2309,4133.0,0.0,0.0,0.0,3,4131.0,4133.0,1,4122.0,4138.0,4145.0,4127.0,214.0,17692120.0,34637
2023-05-10 21:01:38,pg2309,pg2309,4133.0,0.0,0.0,0.0,4,4131.0,4133.0,1,4122.0,4138.0,4145.0,4127.0,214.0,17692120.0,34637
2023-05-10 21:01:38,pg2309,pg2309,4133.0,0.0,0.0,0.0,8,4131.0,4133.0,1,4122.0,4138.0,4145.0,4127.0,214.0,17692120.0,34637
2023-05-10 21:01:39,pg2309,pg2309,4133.0,0.0,0.0,0.0,7,4131.0,4132.0,1,4122.0,4138.0,4145.0,4127.0,214.0,17692120.0,34637
2023-05-10 21:01:40,pg2309,pg2309,4131.0,5.0,413100.0,4.0,18,4130.0,4131.0,1,4122.0,4138.0,4145.0,4127.0,219.0,18105220.0,34641
2023-05-10 21:01:40,pg2309,pg2309,4131.0,1.0,82620.0,-1.0,17,4130.0,4132.0,1,4122.0,4138.0,4145.0,4127.0,220.0,18187840.0,34640
2023-05-10 21:01:41,pg2309,pg2309,4131.0,0.0,0.0,0.0,18,4130.0,4132.0,1,4122.0,4138.0,4145.0,4127.0,220.0,18187840.0,34640
2023-05-10 21:01:41,pg2309,pg2309,4131.0,0.0,0.0,0.0,19,4130.0,4132.0,1,4122.0,4138.0,4145.0,4127.0,220.0,18187840.0,34640
2023-05-10 21:01:42,pg2309,pg2309,4131.0,0.0,0.0,0.0,19,4130.0,4132.0,2,4122.0,4138.0,4145.0,4127.0,220.0,18187840.0,34640
2023-05-10 21:01:42,pg2309,pg2309,4131.0,0.0,0.0,0.0,19,4130.0,4132.0,3,4122.0,4138.0,4145.0,4127.0,220.0,18187840.0,34640
2023-05-10 21:01:43,pg2309,pg2309,4131.0,0.0,0.0,0.0,18,4130.0,4131.0,1,4122.0,4138.0,4145.0,4127.0,220.0,18187840.0,34640
2023-05-10 21:01:43,pg2309,pg2309,4131.0,0.0,0.0,0.0,17,4130.0,4131.0,1,4122.0,4138.0,4145.0,4127.0,220.0,18187840.0,34640
2023-05-10 21:01:44,pg2309,pg2309,4130.0,17.0,1404200.0,13.0,5,4129.0,4130.0,2,4122.0,4138.0,4145.0,4127.0,237.0,19592040.0,34653
2023-05-10 21:01:45,pg2309,pg2309,4130.0,0.0,0.0,0.0,3,4129.0,4130.0,3,4122.0,4138.0,4145.0,4127.0,237.0,19592040.0,34653
2023-05-10 21:01:46,pg2309,pg2309,4130.0,1.0,82600.0,0.0,2,4129.0,4130.0,2,4122.0,4138.0,4145.0,4127.0,238.0,19674640.0,34653
2023-05-10 21:01:47,pg2309,pg2309,4129.0,2.0,165160.0,2.0,8,4128.0,4130.0,3,4122.0,4138.0,4145.0,4127.0,240.0,19839800.0,34655
2023-05-10 21:01:47,pg2309,pg2309,4129.0,0.0,0.0,0.0,7,4128.0,4129.0,1,4122.0,4138.0,4145.0,4127.0,240.0,19839800.0,34655
2023-05-10 21:01:48,pg2309,pg2309,4129.0,0.0,0.0,0.0,6,4128.0,4129.0,2,4122.0,4138.0,4145.0,4127.0,240.0,19839800.0,34655
2023-05-10 21:01:48,pg2309,pg2309,4129.0,0.0,0.0,0.0,5,4128.0,4129.0,2,4122.0,4138.0,4145.0,4127.0,240.0,19839800.0,34655
2023-05-10 21:01:49,pg2309,pg2309,4128.0,5.0,412800.0,5.0,3,4127.0,4128.0,2,4122.0,4138.0,4145.0,4127.0,245.0,20252600.0,34660
2023-05-10 21:01:49,pg2309,pg2309,4128.0,0.0,0.0,0.0,2,4127.0,4128.0,2,4122.0,4138.0,4145.0,4127.0,245.0,20252600.0,34660
2023-05-10 21:01:50,pg2309,pg2309,4128.0,0.0,0.0,0.0,1,4127.0,4128.0,2,4122.0,4138.0,4145.0,4127.0,245.0,20252600.0,34660
2023-05-10 21:01:51,pg2309,pg2309,4128.0,2.0,165120.0,-2.0,5,4128.0,4129.0,6,4122.0,4138.0,4145.0,4127.0,247.0,20417720.0,34658
2023-05-10 21:01:51,pg2309,pg2309,4129.0,1.0,82580.0,-1.0,7,4128.0,4130.0,4,4122.0,4138.0,4145.0,4127.0,248.0,20500300.0,34657
2023-05-10 21:01:52,pg2309,pg2309,4129.0,0.0,0.0,0.0,9,4128.0,4130.0,2,4122.0,4138.0,4145.0,4127.0,248.0,20500300.0,34657
2023-05-10 21:01:52,pg2309,pg2309,4129.0,2.0,165180.0,-1.0,8,4128.0,4130.0,2,4122.0,4138.0,4145.0,4127.0,250.0,20665480.0,34656
2023-05-10 21:01:53,pg2309,pg2309,4129.0,0.0,0.0,0.0,9,4128.0,4130.0,2,4122.0,4138.0,4145.0,4127.0,250.0,20665480.0,34656
2023-05-10 21:01:53,pg2309,pg2309,4129.0,0.0,0.0,0.0,10,4128.0,4130.0,1,4122.0,4138.0,4145.0,4127.0,250.0,20665480.0,34656
2023-05-10 21:01:54,pg2309,pg2309,4129.0,0.0,0.0,0.0,9,4128.0,4130.0,1,4122.0,4138.0,4145.0,4127.0,250.0,20665480.0,34656
2023-05-10 21:01:54,pg2309,pg2309,4129.0,0.0,0.0,0.0,9,4128.0,4130.0,3,4122.0,4138.0,4145.0,4127.0,250.0,20665480.0,34656
2023-05-10 21:01:55,pg2309,pg2309,4129.0,0.0,0.0,0.0,10,4128.0,4130.0,1,4122.0,4138.0,4145.0,4127.0,250.0,20665480.0,34656
2023-05-10 21:01:56,pg2309,pg2309,4129.0,0.0,0.0,0.0,1,4129.0,4130.0,1,4122.0,4138.0,4145.0,4127.0,250.0,20665480.0,34656
2023-05-10 21:01:57,pg2309,pg2309,4130.0,1.0,82600.0,0.0,1,4129.0,4131.0,5,4122.0,4138.0,4145.0,4127.0,251.0,20748080.0,34656
2023-05-10 21:01:57,pg2309,pg2309,4130.0,0.0,0.0,0.0,1,4129.0,4132.0,15,4122.0,4138.0,4145.0,4127.0,251.0,20748080.0,34656
2023-05-10 21:01:58,pg2309,pg2309,4130.0,0.0,0.0,0.0,1,4129.0,4132.0,17,4122.0,4138.0,4145.0,4127.0,251.0,20748080.0,34656
2023-05-10 21:01:58,pg2309,pg2309,4130.0,0.0,0.0,0.0,2,4129.0,4132.0,15,4122.0,4138.0,4145.0,4127.0,251.0,20748080.0,34656
2023-05-10 21:01:59,pg2309,pg2309,4130.0,0.0,0.0,0.0,5,4129.0,4132.0,11,4122.0,4138.0,4145.0,4127.0,251.0,20748080.0,34656
2023-05-10 21:01:59,pg2309,pg2309,4130.0,0.0,0.0,0.0,2,4130.0,4132.0,8,4122.0,4138.0,4145.0,4127.0,251.0,20748080.0,34656
2023-05-10 21:02:00,pg2309,pg2309,4130.0,0.0,0.0,0.0,8,4130.0,4132.0,2,4122.0,4138.0,4145.0,4127.0,251.0,20748080.0,34656
2023-05-10 21:02:00,pg2309,pg2309,4130.0,0.0,0.0,0.0,7,4130.0,4132.0,3,4122.0,4138.0,4145.0,4127.0,251.0,20748080.0,34656
2023-05-10 21:02:01,pg2309,pg2309,4130.0,0.0,0.0,0.0,1,4130.0,4132.0,2,4122.0,4138.0,4145.0,4127.0,251.0,20748080.0,34656
2023-05-10 21:02:04,pg2309,pg2309,4130.0,0.0,0.0,0.0,1,4130.0,4132.0,3,4122.0,4138.0,4145.0,4127.0,251.0,20748080.0,34656
2023-05-10 21:02:04,pg2309,pg2309,4130.0,0.0,0.0,0.0,4,4130.0,4132.0,3,4122.0,4138.0,4145.0,4127.0,251.0,20748080.0,34656
2023-05-10 21:02:05,pg2309,pg2309,4130.0,4.0,330400.0,-2.0,6,4129.0,4130.0,6,4122.0,4138.0,4145.0,4127.0,255.0,21078480.0,34654
2023-05-10 21:02:05,pg2309,pg2309,4130.0,7.0,578200.0,-6.0,1,4130.0,4131.0,1,4122.0,4138.0,4145.0,4127.0,262.0,21656680.0,34648
2023-05-10 21:02:06,pg2309,pg2309,4130.0,0.0,0.0,0.0,1,4130.0,4132.0,8,4122.0,4138.0,4145.0,4127.0,262.0,21656680.0,34648
2023-05-10 21:02:06,pg2309,pg2309,4130.0,0.0,0.0,0.0,1,4130.0,4131.0,1,4122.0,4138.0,4145.0,4127.0,262.0,21656680.0,34648
2023-05-10 21:02:07,pg2309,pg2309,4130.0,1.0,82600.0,0.0,4,4129.0,4131.0,3,4122.0,4138.0,4145.0,4127.0,263.0,21739280.0,34648
2023-05-10 21:02:07,pg2309,pg2309,4130.0,0.0,0.0,0.0,1,4129.0,4131.0,3,4122.0,4138.0,4145.0,4127.0,263.0,21739280.0,34648
2023-05-10 21:02:08,pg2309,pg2309,4130.0,0.0,0.0,0.0,1,4129.0,4130.0,1,4122.0,4138.0,4145.0,4127.0,263.0,21739280.0,34648
2023-05-10 21:02:09,pg2309,pg2309,4129.0,1.0,82580.0,1.0,11,4128.0,4130.0,2,4122.0,4138.0,4145.0,4127.0,264.0,21821860.0,34649
2023-05-10 21:02:09,pg2309,pg2309,4129.0,0.0,0.0,0.0,11,4128.0,4130.0,1,4122.0,4138.0,4145.0,4127.0,264.0,21821860.0,34649
2023-05-10 21:02:10,pg2309,pg2309,4129.0,0.0,0.0,0.0,1,4129.0,4130.0,1,4122.0,4138.0,4145.0,4127.0,264.0,21821860.0,34649
2023-05-10 21:02:11,pg2309,pg2309,4129.0,0.0,0.0,0.0,1,4129.0,4130.0,2,4122.0,4138.0,4145.0,4127.0,264.0,21821860.0,34649
2023-05-10 21:02:12,pg2309,pg2309,4129.0,1.0,82580.0,-1.0,11,4128.0,4129.0,2,4122.0,4138.0,4145.0,4127.0,265.0,21904440.0,34648
2023-05-10 21:02:12,pg2309,pg2309,4129.0,3.0,247740.0,-2.0,9,4128.0,4129.0,14,4122.0,4138.0,4145.0,4127.0,268.0,22152180.0,34646
2023-05-10 21:02:13,pg2309,pg2309,4129.0,14.0,1156120.0,-1.0,5,4129.0,4130.0,2,4122.0,4138.0,4145.0,4127.0,282.0,23308300.0,34645
2023-05-10 21:02:13,pg2309,pg2309,4129.0,0.0,0.0,0.0,4,4129.0,4130.0,1,4122.0,4138.0,4145.0,4127.0,282.0,23308300.0,34645
2023-05-10 21:02:14,pg2309,pg2309,4129.0,0.0,0.0,0.0,3,4129.0,4130.0,1,4122.0,4138.0,4145.0,4127.0,282.0,23308300.0,34645
2023-05-10 21:02:15,pg2309,pg2309,4129.0,4.0,330320.0,-3.0,12,4128.0,4129.0,7,4122.0,4138.0,4145.0,4127.0,286.0,23638620.0,34642
2023-05-10 21:02:15,pg2309,pg2309,4129.0,5.0,412900.0,-3.0,9,4128.0,4129.0,2,4122.0,4138.0,4145.0,4127.0,291.0,24051520.0,34639
2023-05-10 21:02:16,pg2309,pg2309,4129.0,0.0,0.0,0.0,10,4128.0,4129.0,2,4122.0,4138.0,4145.0,4127.0,291.0,24051520.0,34639
2023-05-10 21:02:16,pg2309,pg2309,4129.0,2.0,165160.0,-2.0,10,4128.0,4130.0,1,4122.0,4138.0,4145.0,4127.0,293.0,24216680.0,34637
2023-05-10 21:02:17,pg2309,pg2309,4129.0,0.0,0.0,0.0,12,4128.0,4130.0,1,4122.0,4138.0,4145.0,4127.0,293.0,24216680.0,34637
2023-05-10 21:02:17,pg2309,pg2309,4129.0,0.0,0.0,0.0,1,4129.0,4130.0,1,4122.0,4138.0,4145.0,4127.0,293.0,24216680.0,34637
2023-05-10 21:02:18,pg2309,pg2309,4129.0,0.0,0.0,0.0,2,4129.0,4130.0,1,4122.0,4138.0,4145.0,4127.0,293.0,24216680.0,34637
2023-05-10 21:02:18,pg2309,pg2309,4129.0,0.0,0.0,0.0,1,4129.0,4130.0,1,4122.0,4138.0,4145.0,4127.0,293.0,24216680.0,34637
2023-05-10 21:02:19,pg2309,pg2309,4129.0,0.0,0.0,0.0,2,4129.0,4130.0,1,4122.0,4138.0,4145.0,4127.0,293.0,24216680.0,34637
2023-05-10 21:02:20,pg2309,pg2309,4130.0,2.0,165200.0,1.0,2,4129.0,4131.0,1,4122.0,4138.0,4145.0,4127.0,295.0,24381880.0,34638
2023-05-10 21:02:21,pg2309,pg2309,4130.0,0.0,0.0,0.0,6,4129.0,4132.0,9,4122.0,4138.0,4145.0,4127.0,295.0,24381880.0,34638
2023-05-10 21:02:21,pg2309,pg2309,4130.0,0.0,0.0,0.0,7,4129.0,4132.0,10,4122.0,4138.0,4145.0,4127.0,295.0,24381880.0,34638
2023-05-10 21:02:22,pg2309,pg2309,4130.0,0.0,0.0,0.0,7,4129.0,4132.0,11,4122.0,4138.0,4145.0,4127.0,295.0,24381880.0,34638
2023-05-10 21:02:23,pg2309,pg2309,4130.0,0.0,0.0,0.0,8,4129.0,4132.0,10,4122.0,4138.0,4145.0,4127.0,295.0,24381880.0,34638
2023-05-10 21:02:23,pg2309,pg2309,4130.0,0.0,0.0,0.0,8,4129.0,4132.0,11,4122.0,4138.0,4145.0,4127.0,295.0,24381880.0,34638
2023-05-10 21:02:24,pg2309,pg2309,4130.0,0.0,0.0,0.0,7,4129.0,4132.0,10,4122.0,4138.0,4145.0,4127.0,295.0,24381880.0,34638
2023-05-10 21:02:24,pg2309,pg2309,4130.0,0.0,0.0,0.0,2,4130.0,4132.0,8,4122.0,4138.0,4145.0,4127.0,295.0,24381880.0,34638
2023-05-10 21:02:25,pg2309,pg2309,4130.0,0.0,0.0,0.0,11,4129.0,4132.0,7,4122.0,4138.0,4145.0,4127.0,295.0,24381880.0,34638
2023-05-10 21:02:25,pg2309,pg2309,4130.0,1.0,82600.0,0.0,9,4129.0,4132.0,8,4122.0,4138.0,4145.0,4127.0,296.0,24464480.0,34638
2023-05-10 21:02:26,pg2309,pg2309,4130.0,0.0,0.0,0.0,11,4129.0,4132.0,7,4122.0,4138.0,4145.0,4127.0,296.0,24464480.0,34638
2023-05-10 21:02:27,pg2309,pg2309,4129.0,1.0,82580.0,1.0,7,4129.0,4131.0,2,4122.0,4138.0,4145.0,4127.0,297.0,24547060.0,34639
2023-05-10 21:02:27,pg2309,pg2309,4129.0,0.0,0.0,0.0,7,4129.0,4131.0,1,4122.0,4138.0,4145.0,4127.0,297.0,24547060.0,34639
2023-05-10 21:02:28,pg2309,pg2309,4129.0,0.0,0.0,0.0,7,4129.0,4132.0,10,4122.0,4138.0,4145.0,4127.0,297.0,24547060.0,34639
2023-05-10 21:02:29,pg2309,pg2309,4129.0,0.0,0.0,0.0,7,4129.0,4131.0,1,4122.0,4138.0,4145.0,4127.0,297.0,24547060.0,34639
2023-05-10 21:02:30,pg2309,pg2309,4129.0,0.0,0.0,0.0,6,4129.0,4131.0,2,4122.0,4138.0,4145.0,4127.0,297.0,24547060.0,34639
2023-05-10 21:02:31,pg2309,pg2309,4129.0,0.0,0.0,0.0,7,4129.0,4131.0,1,4122.0,4138.0,4145.0,4127.0,297.0,24547060.0,34639
2023-05-10 21:02:36,pg2309,pg2309,4129.0,0.0,0.0,0.0,6,4129.0,4131.0,3,4122.0,4138.0,4145.0,4127.0,297.0,24547060.0,34639
2023-05-10 21:02:36,pg2309,pg2309,4129.0,0.0,0.0,0.0,7,4129.0,4131.0,2,4122.0,4138.0,4145.0,4127.0,297.0,24547060.0,34639
2023-05-10 21:02:37,pg2309,pg2309,4129.0,0.0,0.0,0.0,6,4129.0,4131.0,3,4122.0,4138.0,4145.0,4127.0,297.0,24547060.0,34639
2023-05-10 21:02:37,pg2309,pg2309,4129.0,0.0,0.0,0.0,6,4129.0,4131.0,4,4122.0,4138.0,4145.0,4127.0,297.0,24547060.0,34639
2023-05-10 21:02:38,pg2309,pg2309,4129.0,0.0,0.0,0.0,5,4129.0,4131.0,10,4122.0,4138.0,4145.0,4127.0,297.0,24547060.0,34639
2023-05-10 21:02:38,pg2309,pg2309,4129.0,0.0,0.0,0.0,2,4129.0,4131.0,12,4122.0,4138.0,4145.0,4127.0,297.0,24547060.0,34639
2023-05-10 21:02:39,pg2309,pg2309,4129.0,0.0,0.0,0.0,2,4129.0,4131.0,13,4122.0,4138.0,4145.0,4127.0,297.0,24547060.0,34639
2023-05-10 21:02:39,pg2309,pg2309,4129.0,0.0,0.0,0.0,2,4129.0,4131.0,15,4122.0,4138.0,4145.0,4127.0,297.0,24547060.0,34639
2023-05-10 21:02:44,pg2309,pg2309,4129.0,2.0,165160.0,0.0,17,4128.0,4131.0,16,4122.0,4138.0,4145.0,4127.0,299.0,24712220.0,34639
2023-05-10 21:02:45,pg2309,pg2309,4129.0,0.0,0.0,0.0,18,4128.0,4131.0,16,4122.0,4138.0,4145.0,4127.0,299.0,24712220.0,34639
2023-05-10 21:02:45,pg2309,pg2309,4129.0,0.0,0.0,0.0,15,4128.0,4130.0,3,4122.0,4138.0,4145.0,4127.0,299.0,24712220.0,34639
2023-05-10 21:02:46,pg2309,pg2309,4129.0,0.0,0.0,0.0,16,4128.0,4130.0,3,4122.0,4138.0,4145.0,4127.0,299.0,24712220.0,34639
2023-05-10 21:02:46,pg2309,pg2309,4129.0,0.0,0.0,0.0,16,4128.0,4130.0,4,4122.0,4138.0,4145.0,4127.0,299.0,24712220.0,34639
2023-05-10 21:02:47,pg2309,pg2309,4129.0,0.0,0.0,0.0,16,4128.0,4130.0,3,4122.0,4138.0,4145.0,4127.0,299.0,24712220.0,34639
2023-05-10 21:02:50,pg2309,pg2309,4128.0,17.0,1403520.0,8.0,6,4127.0,4128.0,3,4122.0,4138.0,4145.0,4127.0,316.0,26115740.0,34647
2023-05-10 21:02:50,pg2309,pg2309,4127.0,8.0,660320.0,2.0,8,4126.0,4127.0,1,4122.0,4138.0,4145.0,4127.0,324.0,26776060.0,34649
2023-05-10 21:02:51,pg2309,pg2309,4127.0,0.0,0.0,0.0,6,4126.0,4127.0,1,4122.0,4138.0,4145.0,4127.0,324.0,26776060.0,34649
2023-05-10 21:02:51,pg2309,pg2309,4127.0,1.0,82540.0,-1.0,1,4127.0,4128.0,6,4122.0,4138.0,4145.0,4127.0,325.0,26858600.0,34648
2023-05-10 21:02:52,pg2309,pg2309,4127.0,1.0,82540.0,-1.0,6,4126.0,4128.0,6,4122.0,4138.0,4145.0,4127.0,326.0,26941140.0,34647
2023-05-10 21:02:52,pg2309,pg2309,4127.0,0.0,0.0,0.0,8,4126.0,4128.0,5,4122.0,4138.0,4145.0,4127.0,326.0,26941140.0,34647
2023-05-10 21:02:54,pg2309,pg2309,4127.0,0.0,0.0,0.0,9,4126.0,4128.0,5,4122.0,4138.0,4145.0,4127.0,326.0,26941140.0,34647
2023-05-10 21:02:56,pg2309,pg2309,4127.0,0.0,0.0,0.0,10,4126.0,4128.0,5,4122.0,4138.0,4145.0,4127.0,326.0,26941140.0,34647
2023-05-10 21:02:57,pg2309,pg2309,4127.0,0.0,0.0,0.0,9,4126.0,4128.0,7,4122.0,4138.0,4145.0,4127.0,326.0,26941140.0,34647
2023-05-10 21:02:57,pg2309,pg2309,4127.0,0.0,0.0,0.0,8,4126.0,4128.0,6,4122.0,4138.0,4145.0,4127.0,326.0,26941140.0,34647
2023-05-10 21:02:58,pg2309,pg2309,4128.0,1.0,82560.0,0.0,8,4126.0,4128.0,9,4122.0,4138.0,4145.0,4127.0,327.0,27023700.0,34647
2023-05-10 21:02:58,pg2309,pg2309,4128.0,0.0,0.0,0.0,7,4126.0,4127.0,1,4122.0,4138.0,4145.0,4127.0,327.0,27023700.0,34647
2023-05-10 21:02:59,pg2309,pg2309,4128.0,0.0,0.0,0.0,8,4126.0,4127.0,2,4122.0,4138.0,4145.0,4127.0,327.0,27023700.0,34647
2023-05-10 21:02:59,pg2309,pg2309,4128.0,0.0,0.0,0.0,8,4126.0,4127.0,1,4122.0,4138.0,4145.0,4127.0,327.0,27023700.0,34647
2023-05-10 21:03:00,pg2309,pg2309,4128.0,0.0,0.0,0.0,8,4126.0,4128.0,8,4122.0,4138.0,4145.0,4127.0,327.0,27023700.0,34647
2023-05-10 21:03:00,pg2309,pg2309,4128.0,0.0,0.0,0.0,8,4126.0,4127.0,1,4122.0,4138.0,4145.0,4127.0,327.0,27023700.0,34647
2023-05-10 21:03:01,pg2309,pg2309,4128.0,0.0,0.0,0.0,8,4126.0,4127.0,2,4122.0,4138.0,4145.0,4127.0,327.0,27023700.0,34647
2023-05-10 21:03:02,pg2309,pg2309,4127.0,2.0,165080.0,-2.0,2,4127.0,4128.0,5,4122.0,4138.0,4145.0,4127.0,329.0,27188780.0,34645
2023-05-10 21:03:02,pg2309,pg2309,4127.0,0.0,0.0,0.0,1,4127.0,4128.0,6,4122.0,4138.0,4145.0,4127.0,329.0,27188780.0,34645
2023-05-10 21:03:03,pg2309,pg2309,4127.0,0.0,0.0,0.0,1,4127.0,4128.0,7,4122.0,4138.0,4145.0,4127.0,329.0,27188780.0,34645
2023-05-10 21:03:03,pg2309,pg2309,4127.0,1.0,82540.0,0.0,8,4126.0,4128.0,7,4122.0,4138.0,4145.0,4127.0,330.0,27271320.0,34645
2023-05-10 21:03:04,pg2309,pg2309,4127.0,0.0,0.0,0.0,7,4126.0,4128.0,8,4122.0,4138.0,4145.0,4127.0,330.0,27271320.0,34645
2023-05-10 21:03:04,pg2309,pg2309,4127.0,0.0,0.0,0.0,8,4126.0,4128.0,8,4122.0,4138.0,4145.0,4127.0,330.0,27271320.0,34645
2023-05-10 21:03:05,pg2309,pg2309,4127.0,0.0,0.0,0.0,8,4126.0,4128.0,7,4122.0,4138.0,4145.0,4127.0,330.0,27271320.0,34645
2023-05-10 21:03:06,pg2309,pg2309,4127.0,0.0,0.0,0.0,1,4127.0,4128.0,6,4122.0,4138.0,4145.0,4127.0,330.0,27271320.0,34645
2023-05-10 21:03:06,pg2309,pg2309,4127.0,0.0,0.0,0.0,2,4127.0,4128.0,4,4122.0,4138.0,4145.0,4127.0,330.0,27271320.0,34645
2023-05-10 21:03:07,pg2309,pg2309,4127.0,0.0,0.0,0.0,1,4127.0,4128.0,6,4122.0,4138.0,4145.0,4127.0,330.0,27271320.0,34645
2023-05-10 21:03:08,pg2309,pg2309,4127.0,0.0,0.0,0.0,1,4127.0,4128.0,5,4122.0,4138.0,4145.0,4127.0,330.0,27271320.0,34645
2023-05-10 21:03:09,pg2309,pg2309,4127.0,0.0,0.0,0.0,3,4127.0,4128.0,4,4122.0,4138.0,4145.0,4127.0,330.0,27271320.0,34645
2023-05-10 21:03:09,pg2309,pg2309,4127.0,0.0,0.0,0.0,2,4127.0,4128.0,6,4122.0,4138.0,4145.0,4127.0,330.0,27271320.0,34645
2023-05-10 21:03:11,pg2309,pg2309,4127.0,0.0,0.0,0.0,2,4127.0,4128.0,7,4122.0,4138.0,4145.0,4127.0,330.0,27271320.0,34645
2023-05-10 21:03:12,pg2309,pg2309,4128.0,7.0,577920.0,2.0,3,4128.0,4129.0,5,4122.0,4138.0,4145.0,4127.0,337.0,27849240.0,34647
2023-05-10 21:03:12,pg2309,pg2309,4128.0,0.0,0.0,0.0,2,4128.0,4129.0,2,4122.0,4138.0,4145.0,4127.0,337.0,27849240.0,34647
2023-05-10 21:03:15,pg2309,pg2309,4128.0,0.0,0.0,0.0,3,4128.0,4129.0,2,4122.0,4138.0,4145.0,4127.0,337.0,27849240.0,34647
2023-05-10 21:03:15,pg2309,pg2309,4128.0,0.0,0.0,0.0,4,4128.0,4129.0,2,4122.0,4138.0,4145.0,4127.0,337.0,27849240.0,34647
2023-05-10 21:03:16,pg2309,pg2309,4130.0,14.0,1156360.0,-2.0,5,4128.0,4131.0,11,4122.0,4138.0,4145.0,4127.0,351.0,29005600.0,34645
2023-05-10 21:03:16,pg2309,pg2309,4130.0,0.0,0.0,0.0,7,4128.0,4131.0,10,4122.0,4138.0,4145.0,4127.0,351.0,29005600.0,34645
2023-05-10 21:03:17,pg2309,pg2309,4130.0,0.0,0.0,0.0,9,4128.0,4131.0,12,4122.0,4138.0,4145.0,4127.0,351.0,29005600.0,34645
2023-05-10 21:03:17,pg2309,pg2309,4130.0,0.0,0.0,0.0,7,4128.0,4130.0,2,4122.0,4138.0,4145.0,4127.0,351.0,29005600.0,34645
2023-05-10 21:03:18,pg2309,pg2309,4130.0,0.0,0.0,0.0,8,4128.0,4131.0,13,4122.0,4138.0,4145.0,4127.0,351.0,29005600.0,34645
2023-05-10 21:03:18,pg2309,pg2309,4130.0,0.0,0.0,0.0,8,4128.0,4130.0,2,4122.0,4138.0,4145.0,4127.0,351.0,29005600.0,34645
2023-05-10 21:03:19,pg2309,pg2309,4130.0,0.0,0.0,0.0,10,4128.0,4131.0,10,4122.0,4138.0,4145.0,4127.0,351.0,29005600.0,34645
2023-05-10 21:03:20,pg2309,pg2309,4130.0,0.0,0.0,0.0,11,4128.0,4131.0,9,4122.0,4138.0,4145.0,4127.0,351.0,29005600.0,34645
2023-05-10 21:03:21,pg2309,pg2309,4130.0,0.0,0.0,0.0,9,4128.0,4131.0,10,4122.0,4138.0,4145.0,4127.0,351.0,29005600.0,34645
2023-05-10 21:03:21,pg2309,pg2309,4130.0,0.0,0.0,0.0,8,4128.0,4131.0,13,4122.0,4138.0,4145.0,4127.0,351.0,29005600.0,34645
2023-05-10 21:03:22,pg2309,pg2309,4130.0,0.0,0.0,0.0,8,4128.0,4130.0,2,4122.0,4138.0,4145.0,4127.0,351.0,29005600.0,34645
2023-05-10 21:03:23,pg2309,pg2309,4130.0,0.0,0.0,0.0,7,4128.0,4130.0,5,4122.0,4138.0,4145.0,4127.0,351.0,29005600.0,34645
2023-05-10 21:03:23,pg2309,pg2309,4130.0,0.0,0.0,0.0,6,4128.0,4130.0,4,4122.0,4138.0,4145.0,4127.0,351.0,29005600.0,34645
2023-05-10 21:03:24,pg2309,pg2309,4130.0,0.0,0.0,0.0,5,4128.0,4130.0,5,4122.0,4138.0,4145.0,4127.0,351.0,29005600.0,34645
2023-05-10 21:03:24,pg2309,pg2309,4130.0,0.0,0.0,0.0,5,4128.0,4129.0,1,4122.0,4138.0,4145.0,4127.0,351.0,29005600.0,34645
2023-05-10 21:03:25,pg2309,pg2309,4130.0,0.0,0.0,0.0,5,4128.0,4129.0,3,4122.0,4138.0,4145.0,4127.0,351.0,29005600.0,34645
2023-05-10 21:03:25,pg2309,pg2309,4130.0,0.0,0.0,0.0,5,4128.0,4130.0,12,4122.0,4138.0,4145.0,4127.0,351.0,29005600.0,34645
2023-05-10 21:03:28,pg2309,pg2309,4128.0,5.0,412800.0,-2.0,6,4127.0,4130.0,13,4122.0,4138.0,4145.0,4127.0,356.0,29418400.0,34643
2023-05-10 21:03:28,pg2309,pg2309,4128.0,0.0,0.0,0.0,1,4128.0,4130.0,13,4122.0,4138.0,4145.0,4127.0,356.0,29418400.0,34643
2023-05-10 21:03:28,pg2309,pg2309,4128.0,0.0,0.0,0.0,1,4128.0,4130.0,11,4122.0,4138.0,4145.0,4127.0,356.0,29418400.0,34643
2023-05-10 21:03:29,pg2309,pg2309,4128.0,0.0,0.0,0.0,2,4128.0,4130.0,9,4122.0,4138.0,4145.0,4127.0,356.0,29418400.0,34643
2023-05-10 21:03:30,pg2309,pg2309,4128.0,0.0,0.0,0.0,1,4128.0,4130.0,10,4122.0,4138.0,4145.0,4127.0,356.0,29418400.0,34643
2023-05-10 21:03:30,pg2309,pg2309,4128.0,0.0,0.0,0.0,1,4128.0,4130.0,14,4122.0,4138.0,4145.0,4127.0,356.0,29418400.0,34643
2023-05-10 21:03:31,pg2309,pg2309,4128.0,0.0,0.0,0.0,1,4128.0,4130.0,12,4122.0,4138.0,4145.0,4127.0,356.0,29418400.0,34643
2023-05-10 21:03:32,pg2309,pg2309,4128.0,0.0,0.0,0.0,1,4128.0,4130.0,11,4122.0,4138.0,4145.0,4127.0,356.0,29418400.0,34643
2023-05-10 21:03:33,pg2309,pg2309,4130.0,1.0,82600.0,0.0,2,4128.0,4130.0,8,4122.0,4138.0,4145.0,4127.0,357.0,29501000.0,34643
2023-05-10 21:03:34,pg2309,pg2309,4130.0,0.0,0.0,0.0,2,4128.0,4129.0,1,4122.0,4138.0,4145.0,4127.0,357.0,29501000.0,34643
2023-05-10 21:03:34,pg2309,pg2309,4130.0,0.0,0.0,0.0,1,4128.0,4129.0,1,4122.0,4138.0,4145.0,4127.0,357.0,29501000.0,34643
2023-05-10 21:03:35,pg2309,pg2309,4130.0,0.0,0.0,0.0,1,4128.0,4129.0,2,4122.0,4138.0,4145.0,4127.0,357.0,29501000.0,34643
2023-05-10 21:03:36,pg2309,pg2309,4130.0,0.0,0.0,0.0,1,4128.0,4129.0,1,4122.0,4138.0,4145.0,4127.0,357.0,29501000.0,34643
2023-05-10 21:03:38,pg2309,pg2309,4130.0,0.0,0.0,0.0,2,4128.0,4129.0,1,4122.0,4138.0,4145.0,4127.0,357.0,29501000.0,34643
2023-05-10 21:03:38,pg2309,pg2309,4130.0,0.0,0.0,0.0,1,4128.0,4129.0,2,4122.0,4138.0,4145.0,4127.0,357.0,29501000.0,34643
2023-05-10 21:03:39,pg2309,pg2309,4130.0,0.0,0.0,0.0,1,4128.0,4129.0,1,4122.0,4138.0,4145.0,4127.0,357.0,29501000.0,34643
2023-05-10 21:03:39,pg2309,pg2309,4128.0,1.0,82560.0,0.0,7,4127.0,4128.0,1,4122.0,4138.0,4145.0,4127.0,358.0,29583560.0,34643
2023-05-10 21:03:40,pg2309,pg2309,4128.0,1.0,82560.0,-1.0,7,4128.0,4129.0,1,4122.0,4138.0,4145.0,4127.0,359.0,29666120.0,34642
2023-05-10 21:03:40,pg2309,pg2309,4128.0,2.0,165140.0,1.0,2,4128.0,4130.0,3,4122.0,4138.0,4145.0,4127.0,361.0,29831260.0,34643
2023-05-10 21:03:41,pg2309,pg2309,4128.0,0.0,0.0,0.0,1,4128.0,4130.0,3,4122.0,4138.0,4145.0,4127.0,361.0,29831260.0,34643
2023-05-10 21:03:42,pg2309,pg2309,4128.0,0.0,0.0,0.0,10,4127.0,4130.0,3,4122.0,4138.0,4145.0,4127.0,361.0,29831260.0,34643
2023-05-10 21:03:42,pg2309,pg2309,4128.0,0.0,0.0,0.0,10,4127.0,4130.0,2,4122.0,4138.0,4145.0,4127.0,361.0,29831260.0,34643
2023-05-10 21:03:43,pg2309,pg2309,4128.0,0.0,0.0,0.0,2,4128.0,4130.0,3,4122.0,4138.0,4145.0,4127.0,361.0,29831260.0,34643
2023-05-10 21:03:44,pg2309,pg2309,4128.0,0.0,0.0,0.0,4,4128.0,4130.0,2,4122.0,4138.0,4145.0,4127.0,361.0,29831260.0,34643
2023-05-10 21:03:45,pg2309,pg2309,4128.0,0.0,0.0,0.0,2,4128.0,4130.0,2,4122.0,4138.0,4145.0,4127.0,361.0,29831260.0,34643
2023-05-10 21:03:46,pg2309,pg2309,4128.0,0.0,0.0,0.0,4,4128.0,4130.0,2,4122.0,4138.0,4145.0,4127.0,361.0,29831260.0,34643
2023-05-10 21:03:46,pg2309,pg2309,4128.0,0.0,0.0,0.0,2,4128.0,4130.0,2,4122.0,4138.0,4145.0,4127.0,361.0,29831260.0,34643
2023-05-10 21:03:47,pg2309,pg2309,4128.0,0.0,0.0,0.0,3,4128.0,4130.0,2,4122.0,4138.0,4145.0,4127.0,361.0,29831260.0,34643
2023-05-10 21:03:48,pg2309,pg2309,4128.0,1.0,82560.0,1.0,2,4128.0,4130.0,2,4122.0,4138.0,4145.0,4127.0,362.0,29913820.0,34644
2023-05-10 21:03:50,pg2309,pg2309,4128.0,0.0,0.0,0.0,4,4128.0,4130.0,2,4122.0,4138.0,4145.0,4127.0,362.0,29913820.0,34644
2023-05-10 21:03:50,pg2309,pg2309,4128.0,0.0,0.0,0.0,2,4128.0,4130.0,2,4122.0,4138.0,4145.0,4127.0,362.0,29913820.0,34644
2023-05-10 21:03:52,pg2309,pg2309,4128.0,0.0,0.0,0.0,2,4128.0,4130.0,3,4122.0,4138.0,4145.0,4127.0,362.0,29913820.0,34644
2023-05-10 21:03:53,pg2309,pg2309,4128.0,2.0,165120.0,2.0,10,4127.0,4128.0,8,4122.0,4138.0,4145.0,4127.0,364.0,30078940.0,34646
2023-05-10 21:03:53,pg2309,pg2309,4128.0,9.0,743040.0,6.0,1,4128.0,4130.0,6,4122.0,4138.0,4145.0,4127.0,373.0,30821980.0,34652
2023-05-10 21:03:54,pg2309,pg2309,4128.0,0.0,0.0,0.0,1,4128.0,4130.0,4,4122.0,4138.0,4145.0,4127.0,373.0,30821980.0,34652
2023-05-10 21:03:55,pg2309,pg2309,4128.0,1.0,82560.0,0.0,6,4127.0,4129.0,2,4122.0,4138.0,4145.0,4127.0,374.0,30904540.0,34652
2023-05-10 21:03:55,pg2309,pg2309,4128.0,0.0,0.0,0.0,1,4127.0,4128.0,10,4122.0,4138.0,4145.0,4127.0,374.0,30904540.0,34652
2023-05-10 21:03:56,pg2309,pg2309,4127.0,1.0,82540.0,0.0,9,4126.0,4128.0,12,4122.0,4138.0,4145.0,4127.0,375.0,30987080.0,34652
2023-05-10 21:03:56,pg2309,pg2309,4127.0,0.0,0.0,0.0,8,4126.0,4128.0,12,4122.0,4138.0,4145.0,4127.0,375.0,30987080.0,34652
2023-05-10 21:03:58,pg2309,pg2309,4127.0,0.0,0.0,0.0,8,4126.0,4128.0,13,4122.0,4138.0,4145.0,4127.0,375.0,30987080.0,34652
2023-05-10 21:03:59,pg2309,pg2309,4127.0,0.0,0.0,0.0,9,4126.0,4128.0,12,4122.0,4138.0,4145.0,4127.0,375.0,30987080.0,34652
2023-05-10 21:04:00,pg2309,pg2309,4127.0,0.0,0.0,0.0,9,4126.0,4128.0,13,4122.0,4138.0,4145.0,4127.0,375.0,30987080.0,34652
2023-05-10 21:04:00,pg2309,pg2309,4127.0,0.0,0.0,0.0,9,4126.0,4128.0,12,4122.0,4138.0,4145.0,4127.0,375.0,30987080.0,34652
2023-05-10 21:04:01,pg2309,pg2309,4127.0,0.0,0.0,0.0,11,4126.0,4128.0,12,4122.0,4138.0,4145.0,4127.0,375.0,30987080.0,34652
2023-05-10 21:04:02,pg2309,pg2309,4127.0,0.0,0.0,0.0,10,4126.0,4128.0,12,4122.0,4138.0,4145.0,4127.0,375.0,30987080.0,34652
2023-05-10 21:04:02,pg2309,pg2309,4128.0,1.0,82560.0,0.0,11,4126.0,4128.0,10,4122.0,4138.0,4145.0,4127.0,376.0,31069640.0,34652
2023-05-10 21:04:03,pg2309,pg2309,4128.0,11.0,908160.0,9.0,2,4128.0,4129.0,2,4122.0,4138.0,4145.0,4127.0,387.0,31977800.0,34661
2023-05-10 21:04:03,pg2309,pg2309,4128.0,0.0,0.0,0.0,2,4128.0,4129.0,1,4122.0,4138.0,4145.0,4127.0,387.0,31977800.0,34661
2023-05-10 21:04:05,pg2309,pg2309,4128.0,0.0,0.0,0.0,1,4128.0,4129.0,2,4122.0,4138.0,4145.0,4127.0,387.0,31977800.0,34661
2023-05-10 21:04:05,pg2309,pg2309,4128.0,1.0,82560.0,-1.0,3,4127.0,4128.0,9,4122.0,4138.0,4145.0,4127.0,388.0,32060360.0,34660
2023-05-10 21:04:06,pg2309,pg2309,4128.0,0.0,0.0,0.0,11,4126.0,4128.0,10,4122.0,4138.0,4145.0,4127.0,388.0,32060360.0,34660
2023-05-10 21:04:06,pg2309,pg2309,4128.0,0.0,0.0,0.0,11,4126.0,4128.0,11,4122.0,4138.0,4145.0,4127.0,388.0,32060360.0,34660
2023-05-10 21:04:07,pg2309,pg2309,4128.0,0.0,0.0,0.0,1,4127.0,4128.0,11,4122.0,4138.0,4145.0,4127.0,388.0,32060360.0,34660
2023-05-10 21:04:08,pg2309,pg2309,4128.0,0.0,0.0,0.0,1,4127.0,4128.0,10,4122.0,4138.0,4145.0,4127.0,388.0,32060360.0,34660
2023-05-10 21:04:09,pg2309,pg2309,4128.0,0.0,0.0,0.0,1,4127.0,4128.0,11,4122.0,4138.0,4145.0,4127.0,388.0,32060360.0,34660
2023-05-10 21:04:10,pg2309,pg2309,4128.0,3.0,247680.0,0.0,1,4127.0,4128.0,7,4122.0,4138.0,4145.0,4127.0,391.0,32308040.0,34660
2023-05-10 21:04:10,pg2309,pg2309,4128.0,6.0,495360.0,-1.0,1,4127.0,4128.0,1,4122.0,4138.0,4145.0,4127.0,397.0,32803400.0,34659
2023-05-10 21:04:11,pg2309,pg2309,4128.0,1.0,82560.0,1.0,1,4128.0,4129.0,5,4122.0,4138.0,4145.0,4127.0,398.0,32885960.0,34660
2023-05-10 21:04:11,pg2309,pg2309,4128.0,0.0,0.0,0.0,1,4128.0,4129.0,1,4122.0,4138.0,4145.0,4127.0,398.0,32885960.0,34660
2023-05-10 21:04:17,pg2309,pg2309,4128.0,0.0,0.0,0.0,2,4128.0,4129.0,1,4122.0,4138.0,4145.0,4127.0,398.0,32885960.0,34660
2023-05-10 21:04:18,pg2309,pg2309,4128.0,0.0,0.0,0.0,1,4128.0,4129.0,1,4122.0,4138.0,4145.0,4127.0,398.0,32885960.0,34660
2023-05-10 21:04:19,pg2309,pg2309,4128.0,1.0,82560.0,0.0,9,4127.0,4129.0,1,4122.0,4138.0,4145.0,4127.0,399.0,32968520.0,34660
2023-05-10 21:04:19,pg2309,pg2309,4128.0,0.0,0.0,0.0,7,4127.0,4129.0,1,4122.0,4138.0,4145.0,4127.0,399.0,32968520.0,34660
2023-05-10 21:04:20,pg2309,pg2309,4127.0,6.0,495240.0,0.0,8,4126.0,4127.0,4,4122.0,4138.0,4145.0,4127.0,405.0,33463760.0,34660
2023-05-10 21:04:21,pg2309,pg2309,4127.0,0.0,0.0,0.0,6,4126.0,4127.0,4,4122.0,4138.0,4145.0,4127.0,405.0,33463760.0,34660
2023-05-10 21:04:22,pg2309,pg2309,4127.0,0.0,0.0,0.0,5,4126.0,4127.0,9,4122.0,4138.0,4145.0,4127.0,405.0,33463760.0,34660
2023-05-10 21:04:22,pg2309,pg2309,4125.0,15.0,1237620.0,6.0,6,4125.0,4126.0,2,4122.0,4138.0,4145.0,4125.0,420.0,34701380.0,34666
2023-05-10 21:04:23,pg2309,pg2309,4125.0,8.0,660020.0,0.0,5,4124.0,4126.0,1,4122.0,4138.0,4145.0,4125.0,428.0,35361400.0,34666
2023-05-10 21:04:23,pg2309,pg2309,4126.0,1.0,82520.0,0.0,4,4124.0,4127.0,11,4122.0,4138.0,4145.0,4125.0,429.0,35443920.0,34666
2023-05-10 21:04:24,pg2309,pg2309,4126.0,0.0,0.0,0.0,2,4125.0,4127.0,12,4122.0,4138.0,4145.0,4125.0,429.0,35443920.0,34666
2023-05-10 21:04:24,pg2309,pg2309,4126.0,0.0,0.0,0.0,2,4125.0,4127.0,10,4122.0,4138.0,4145.0,4125.0,429.0,35443920.0,34666
2023-05-10 21:04:25,pg2309,pg2309,4125.0,1.0,82500.0,-1.0,7,4124.0,4127.0,11,4122.0,4138.0,4145.0,4125.0,430.0,35526420.0,34665
2023-05-10 21:04:26,pg2309,pg2309,4125.0,0.0,0.0,0.0,6,4124.0,4127.0,12,4122.0,4138.0,4145.0,4125.0,430.0,35526420.0,34665
2023-05-10 21:04:26,pg2309,pg2309,4125.0,0.0,0.0,0.0,1,4125.0,4127.0,11,4122.0,4138.0,4145.0,4125.0,430.0,35526420.0,34665
2023-05-10 21:04:27,pg2309,pg2309,4125.0,0.0,0.0,0.0,2,4125.0,4127.0,10,4122.0,4138.0,4145.0,4125.0,430.0,35526420.0,34665
2023-05-10 21:04:27,pg2309,pg2309,4125.0,0.0,0.0,0.0,7,4124.0,4127.0,11,4122.0,4138.0,4145.0,4125.0,430.0,35526420.0,34665
2023-05-10 21:04:28,pg2309,pg2309,4125.0,0.0,0.0,0.0,6,4124.0,4127.0,12,4122.0,4138.0,4145.0,4125.0,430.0,35526420.0,34665
2023-05-10 21:04:28,pg2309,pg2309,4125.0,0.0,0.0,0.0,2,4125.0,4127.0,11,4122.0,4138.0,4145.0,4125.0,430.0,35526420.0,34665
2023-05-10 21:04:29,pg2309,pg2309,4127.0,1.0,82540.0,0.0,2,4125.0,4127.0,9,4122.0,4138.0,4145.0,4125.0,431.0,35608960.0,34665
2023-05-10 21:04:29,pg2309,pg2309,4127.0,0.0,0.0,0.0,2,4125.0,4127.0,10,4122.0,4138.0,4145.0,4125.0,431.0,35608960.0,34665
2023-05-10 21:04:30,pg2309,pg2309,4127.0,0.0,0.0,0.0,3,4125.0,4127.0,10,4122.0,4138.0,4145.0,4125.0,431.0,35608960.0,34665
2023-05-10 21:04:31,pg2309,pg2309,4127.0,0.0,0.0,0.0,3,4125.0,4127.0,9,4122.0,4138.0,4145.0,4125.0,431.0,35608960.0,34665
2023-05-10 21:04:31,pg2309,pg2309,4127.0,0.0,0.0,0.0,2,4125.0,4127.0,9,4122.0,4138.0,4145.0,4125.0,431.0,35608960.0,34665
2023-05-10 21:04:31,pg2309,pg2309,4127.0,0.0,0.0,0.0,2,4125.0,4127.0,10,4122.0,4138.0,4145.0,4125.0,431.0,35608960.0,34665
2023-05-10 21:04:33,pg2309,pg2309,4127.0,0.0,0.0,0.0,3,4125.0,4127.0,9,4122.0,4138.0,4145.0,4125.0,431.0,35608960.0,34665
2023-05-10 21:04:34,pg2309,pg2309,4127.0,0.0,0.0,0.0,3,4125.0,4127.0,11,4122.0,4138.0,4145.0,4125.0,431.0,35608960.0,34665
2023-05-10 21:04:37,pg2309,pg2309,4127.0,0.0,0.0,0.0,5,4125.0,4127.0,10,4122.0,4138.0,4145.0,4125.0,431.0,35608960.0,34665
2023-05-10 21:04:37,pg2309,pg2309,4125.0,1.0,82500.0,0.0,3,4125.0,4127.0,10,4122.0,4138.0,4145.0,4125.0,432.0,35691460.0,34665
2023-05-10 21:04:37,pg2309,pg2309,4125.0,0.0,0.0,0.0,3,4125.0,4127.0,11,4122.0,4138.0,4145.0,4125.0,432.0,35691460.0,34665
2023-05-10 21:04:38,pg2309,pg2309,4125.0,0.0,0.0,0.0,2,4125.0,4127.0,11,4122.0,4138.0,4145.0,4125.0,432.0,35691460.0,34665
2023-05-10 21:04:39,pg2309,pg2309,4125.0,0.0,0.0,0.0,3,4125.0,4127.0,9,4122.0,4138.0,4145.0,4125.0,432.0,35691460.0,34665
2023-05-10 21:04:39,pg2309,pg2309,4125.0,0.0,0.0,0.0,2,4125.0,4127.0,9,4122.0,4138.0,4145.0,4125.0,432.0,35691460.0,34665
2023-05-10 21:04:40,pg2309,pg2309,4127.0,1.0,82540.0,0.0,2,4125.0,4127.0,8,4122.0,4138.0,4145.0,4125.0,433.0,35774000.0,34665
2023-05-10 21:04:40,pg2309,pg2309,4127.0,0.0,0.0,0.0,3,4125.0,4127.0,9,4122.0,4138.0,4145.0,4125.0,433.0,35774000.0,34665
2023-05-10 21:04:41,pg2309,pg2309,4127.0,0.0,0.0,0.0,4,4125.0,4127.0,8,4122.0,4138.0,4145.0,4125.0,433.0,35774000.0,34665
2023-05-10 21:04:43,pg2309,pg2309,4125.0,2.0,165000.0,2.0,7,4124.0,4127.0,10,4122.0,4138.0,4145.0,4125.0,435.0,35939000.0,34667
2023-05-10 21:04:44,pg2309,pg2309,4125.0,0.0,0.0,0.0,6,4124.0,4127.0,13,4122.0,4138.0,4145.0,4125.0,435.0,35939000.0,34667
2023-05-10 21:04:46,pg2309,pg2309,4125.0,0.0,0.0,0.0,6,4124.0,4127.0,12,4122.0,4138.0,4145.0,4125.0,435.0,35939000.0,34667
2023-05-10 21:04:46,pg2309,pg2309,4125.0,0.0,0.0,0.0,6,4124.0,4126.0,1,4122.0,4138.0,4145.0,4125.0,435.0,35939000.0,34667
2023-05-10 21:04:47,pg2309,pg2309,4125.0,0.0,0.0,0.0,2,4125.0,4126.0,1,4122.0,4138.0,4145.0,4125.0,435.0,35939000.0,34667
2023-05-10 21:04:47,pg2309,pg2309,4125.0,0.0,0.0,0.0,3,4125.0,4126.0,1,4122.0,4138.0,4145.0,4125.0,435.0,35939000.0,34667
2023-05-10 21:04:49,pg2309,pg2309,4125.0,2.0,165000.0,-1.0,8,4124.0,4125.0,4,4122.0,4138.0,4145.0,4125.0,437.0,36104000.0,34666
2023-05-10 21:04:49,pg2309,pg2309,4125.0,4.0,330000.0,-3.0,2,4124.0,4126.0,2,4122.0,4138.0,4145.0,4125.0,441.0,36434000.0,34663
2023-05-10 21:04:50,pg2309,pg2309,4125.0,0.0,0.0,0.0,2,4124.0,4126.0,1,4122.0,4138.0,4145.0,4125.0,441.0,36434000.0,34663
2023-05-10 21:04:52,pg2309,pg2309,4125.0,0.0,0.0,0.0,1,4124.0,4126.0,3,4122.0,4138.0,4145.0,4125.0,441.0,36434000.0,34663
2023-05-10 21:04:52,pg2309,pg2309,4125.0,0.0,0.0,0.0,9,4123.0,4126.0,2,4122.0,4138.0,4145.0,4125.0,441.0,36434000.0,34663
2023-05-10 21:04:53,pg2309,pg2309,4125.0,0.0,0.0,0.0,9,4123.0,4126.0,3,4122.0,4138.0,4145.0,4125.0,441.0,36434000.0,34663
2023-05-10 21:04:54,pg2309,pg2309,4125.0,0.0,0.0,0.0,1,4124.0,4126.0,2,4122.0,4138.0,4145.0,4125.0,441.0,36434000.0,34663
2023-05-10 21:04:56,pg2309,pg2309,4125.0,0.0,0.0,0.0,8,4123.0,4125.0,1,4122.0,4138.0,4145.0,4125.0,441.0,36434000.0,34663
2023-05-10 21:04:56,pg2309,pg2309,4125.0,0.0,0.0,0.0,7,4123.0,4125.0,1,4122.0,4138.0,4145.0,4125.0,441.0,36434000.0,34663
2023-05-10 21:04:57,pg2309,pg2309,4125.0,0.0,0.0,0.0,6,4123.0,4125.0,3,4122.0,4138.0,4145.0,4125.0,441.0,36434000.0,34663
2023-05-10 21:05:03,pg2309,pg2309,4125.0,0.0,0.0,0.0,7,4123.0,4125.0,2,4122.0,4138.0,4145.0,4125.0,441.0,36434000.0,34663
2023-05-10 21:05:04,pg2309,pg2309,4126.0,5.0,412560.0,-2.0,1,4124.0,4126.0,4,4122.0,4138.0,4145.0,4125.0,446.0,36846560.0,34661
2023-05-10 21:05:04,pg2309,pg2309,4126.0,0.0,0.0,0.0,3,4124.0,4126.0,2,4122.0,4138.0,4145.0,4125.0,446.0,36846560.0,34661
2023-05-10 21:05:05,pg2309,pg2309,4126.0,0.0,0.0,0.0,3,4125.0,4127.0,14,4122.0,4138.0,4145.0,4125.0,446.0,36846560.0,34661
2023-05-10 21:05:05,pg2309,pg2309,4126.0,0.0,0.0,0.0,4,4125.0,4127.0,10,4122.0,4138.0,4145.0,4125.0,446.0,36846560.0,34661
2023-05-10 21:05:06,pg2309,pg2309,4125.0,1.0,82500.0,1.0,4,4125.0,4127.0,11,4122.0,4138.0,4145.0,4125.0,447.0,36929060.0,34662
2023-05-10 21:05:07,pg2309,pg2309,4125.0,0.0,0.0,0.0,4,4125.0,4127.0,10,4122.0,4138.0,4145.0,4125.0,447.0,36929060.0,34662
2023-05-10 21:05:07,pg2309,pg2309,4125.0,0.0,0.0,0.0,6,4125.0,4127.0,9,4122.0,4138.0,4145.0,4125.0,447.0,36929060.0,34662
2023-05-10 21:05:08,pg2309,pg2309,4125.0,0.0,0.0,0.0,7,4125.0,4127.0,9,4122.0,4138.0,4145.0,4125.0,447.0,36929060.0,34662
2023-05-10 21:05:09,pg2309,pg2309,4125.0,0.0,0.0,0.0,2,4126.0,4127.0,8,4122.0,4138.0,4145.0,4125.0,447.0,36929060.0,34662
2023-05-10 21:05:09,pg2309,pg2309,4125.0,0.0,0.0,0.0,2,4126.0,4127.0,9,4122.0,4138.0,4145.0,4125.0,447.0,36929060.0,34662
2023-05-10 21:05:10,pg2309,pg2309,4126.0,2.0,165060.0,1.0,8,4125.0,4127.0,8,4122.0,4138.0,4145.0,4125.0,449.0,37094120.0,34663
2023-05-10 21:05:11,pg2309,pg2309,4126.0,1.0,82520.0,-1.0,7,4125.0,4127.0,8,4122.0,4138.0,4145.0,4125.0,450.0,37176640.0,34662
2023-05-10 21:05:11,pg2309,pg2309,4126.0,0.0,0.0,0.0,7,4125.0,4127.0,9,4122.0,4138.0,4145.0,4125.0,450.0,37176640.0,34662
2023-05-10 21:05:12,pg2309,pg2309,4126.0,0.0,0.0,0.0,9,4125.0,4127.0,7,4122.0,4138.0,4145.0,4125.0,450.0,37176640.0,34662
2023-05-10 21:05:13,pg2309,pg2309,4126.0,0.0,0.0,0.0,8,4125.0,4127.0,8,4122.0,4138.0,4145.0,4125.0,450.0,37176640.0,34662
2023-05-10 21:05:13,pg2309,pg2309,4126.0,0.0,0.0,0.0,9,4125.0,4127.0,8,4122.0,4138.0,4145.0,4125.0,450.0,37176640.0,34662
2023-05-10 21:05:14,pg2309,pg2309,4126.0,0.0,0.0,0.0,8,4125.0,4127.0,8,4122.0,4138.0,4145.0,4125.0,450.0,37176640.0,34662
2023-05-10 21:05:15,pg2309,pg2309,4127.0,1.0,82540.0,0.0,9,4125.0,4127.0,6,4122.0,4138.0,4145.0,4125.0,451.0,37259180.0,34662
2023-05-10 21:05:16,pg2309,pg2309,4127.0,7.0,577780.0,2.0,1,4127.0,4128.0,5,4122.0,4138.0,4145.0,4125.0,458.0,37836960.0,34664
2023-05-10 21:05:16,pg2309,pg2309,4127.0,0.0,0.0,0.0,1,4127.0,4128.0,1,4122.0,4138.0,4145.0,4125.0,458.0,37836960.0,34664
2023-05-10 21:05:17,pg2309,pg2309,4128.0,2.0,165100.0,-1.0,1,4127.0,4129.0,3,4122.0,4138.0,4145.0,4125.0,460.0,38002060.0,34663
2023-05-10 21:05:17,pg2309,pg2309,4128.0,0.0,0.0,0.0,4,4127.0,4130.0,8,4122.0,4138.0,4145.0,4125.0,460.0,38002060.0,34663
2023-05-10 21:05:18,pg2309,pg2309,4128.0,0.0,0.0,0.0,3,4127.0,4129.0,3,4122.0,4138.0,4145.0,4125.0,460.0,38002060.0,34663
2023-05-10 21:05:18,pg2309,pg2309,4128.0,0.0,0.0,0.0,4,4127.0,4130.0,7,4122.0,4138.0,4145.0,4125.0,460.0,38002060.0,34663
2023-05-10 21:05:19,pg2309,pg2309,4128.0,0.0,0.0,0.0,4,4127.0,4130.0,9,4122.0,4138.0,4145.0,4125.0,460.0,38002060.0,34663
2023-05-10 21:05:19,pg2309,pg2309,4128.0,0.0,0.0,0.0,2,4128.0,4130.0,9,4122.0,4138.0,4145.0,4125.0,460.0,38002060.0,34663
2023-05-10 21:05:20,pg2309,pg2309,4128.0,0.0,0.0,0.0,1,4128.0,4130.0,8,4122.0,4138.0,4145.0,4125.0,460.0,38002060.0,34663
2023-05-10 21:05:20,pg2309,pg2309,4128.0,0.0,0.0,0.0,3,4128.0,4130.0,7,4122.0,4138.0,4145.0,4125.0,460.0,38002060.0,34663
2023-05-10 21:05:21,pg2309,pg2309,4128.0,0.0,0.0,0.0,11,4127.0,4130.0,8,4122.0,4138.0,4145.0,4125.0,460.0,38002060.0,34663
2023-05-10 21:05:22,pg2309,pg2309,4128.0,0.0,0.0,0.0,1,4128.0,4130.0,7,4122.0,4138.0,4145.0,4125.0,460.0,38002060.0,34663
2023-05-10 21:05:23,pg2309,pg2309,4128.0,0.0,0.0,0.0,3,4128.0,4130.0,7,4122.0,4138.0,4145.0,4125.0,460.0,38002060.0,34663
2023-05-10 21:05:23,pg2309,pg2309,4128.0,1.0,82560.0,0.0,3,4128.0,4129.0,1,4122.0,4138.0,4145.0,4125.0,461.0,38084620.0,34663
2023-05-10 21:05:24,pg2309,pg2309,4128.0,0.0,0.0,0.0,9,4127.0,4130.0,9,4122.0,4138.0,4145.0,4125.0,461.0,38084620.0,34663
2023-05-10 21:05:24,pg2309,pg2309,4128.0,0.0,0.0,0.0,10,4127.0,4130.0,8,4122.0,4138.0,4145.0,4125.0,461.0,38084620.0,34663
2023-05-10 21:05:24,pg2309,pg2309,4128.0,0.0,0.0,0.0,11,4127.0,4130.0,8,4122.0,4138.0,4145.0,4125.0,461.0,38084620.0,34663
2023-05-10 21:05:26,pg2309,pg2309,4128.0,0.0,0.0,0.0,10,4127.0,4130.0,10,4122.0,4138.0,4145.0,4125.0,461.0,38084620.0,34663
2023-05-10 21:05:26,pg2309,pg2309,4128.0,0.0,0.0,0.0,8,4127.0,4129.0,5,4122.0,4138.0,4145.0,4125.0,461.0,38084620.0,34663
2023-05-10 21:05:27,pg2309,pg2309,4127.0,2.0,165080.0,2.0,2,4127.0,4129.0,5,4122.0,4138.0,4145.0,4125.0,463.0,38249700.0,34665
2023-05-10 21:05:27,pg2309,pg2309,4127.0,0.0,0.0,0.0,9,4126.0,4129.0,7,4122.0,4138.0,4145.0,4125.0,463.0,38249700.0,34665
2023-05-10 21:05:28,pg2309,pg2309,4127.0,0.0,0.0,0.0,9,4126.0,4129.0,6,4122.0,4138.0,4145.0,4125.0,463.0,38249700.0,34665
2023-05-10 21:05:28,pg2309,pg2309,4127.0,0.0,0.0,0.0,9,4126.0,4129.0,8,4122.0,4138.0,4145.0,4125.0,463.0,38249700.0,34665
2023-05-10 21:05:29,pg2309,pg2309,4127.0,0.0,0.0,0.0,2,4127.0,4129.0,7,4122.0,4138.0,4145.0,4125.0,463.0,38249700.0,34665
2023-05-10 21:05:29,pg2309,pg2309,4127.0,0.0,0.0,0.0,3,4127.0,4129.0,7,4122.0,4138.0,4145.0,4125.0,463.0,38249700.0,34665
2023-05-10 21:05:30,pg2309,pg2309,4127.0,0.0,0.0,0.0,2,4127.0,4129.0,8,4122.0,4138.0,4145.0,4125.0,463.0,38249700.0,34665
2023-05-10 21:05:30,pg2309,pg2309,4127.0,0.0,0.0,0.0,1,4128.0,4129.0,7,4122.0,4138.0,4145.0,4125.0,463.0,38249700.0,34665
2023-05-10 21:05:31,pg2309,pg2309,4127.0,0.0,0.0,0.0,3,4127.0,4129.0,6,4122.0,4138.0,4145.0,4125.0,463.0,38249700.0,34665
2023-05-10 21:05:31,pg2309,pg2309,4127.0,0.0,0.0,0.0,2,4127.0,4129.0,8,4122.0,4138.0,4145.0,4125.0,463.0,38249700.0,34665
2023-05-10 21:05:32,pg2309,pg2309,4127.0,0.0,0.0,0.0,4,4127.0,4129.0,5,4122.0,4138.0,4145.0,4125.0,463.0,38249700.0,34665
2023-05-10 21:05:32,pg2309,pg2309,4127.0,0.0,0.0,0.0,3,4127.0,4129.0,2,4122.0,4138.0,4145.0,4125.0,463.0,38249700.0,34665
2023-05-10 21:05:33,pg2309,pg2309,4127.0,0.0,0.0,0.0,1,4128.0,4129.0,1,4122.0,4138.0,4145.0,4125.0,463.0,38249700.0,34665
2023-05-10 21:05:33,pg2309,pg2309,4127.0,0.0,0.0,0.0,2,4128.0,4130.0,11,4122.0,4138.0,4145.0,4125.0,463.0,38249700.0,34665
2023-05-10 21:05:34,pg2309,pg2309,4127.0,0.0,0.0,0.0,2,4128.0,4130.0,10,4122.0,4138.0,4145.0,4125.0,463.0,38249700.0,34665
2023-05-10 21:05:35,pg2309,pg2309,4127.0,0.0,0.0,0.0,9,4127.0,4130.0,8,4122.0,4138.0,4145.0,4125.0,463.0,38249700.0,34665
2023-05-10 21:05:35,pg2309,pg2309,4127.0,0.0,0.0,0.0,1,4128.0,4130.0,11,4122.0,4138.0,4145.0,4125.0,463.0,38249700.0,34665
2023-05-10 21:05:36,pg2309,pg2309,4127.0,0.0,0.0,0.0,1,4128.0,4130.0,9,4122.0,4138.0,4145.0,4125.0,463.0,38249700.0,34665
2023-05-10 21:05:38,pg2309,pg2309,4127.0,0.0,0.0,0.0,2,4129.0,4130.0,8,4122.0,4138.0,4145.0,4125.0,463.0,38249700.0,34665
2023-05-10 21:05:39,pg2309,pg2309,4127.0,0.0,0.0,0.0,2,4129.0,4130.0,7,4122.0,4138.0,4145.0,4125.0,463.0,38249700.0,34665
2023-05-10 21:05:39,pg2309,pg2309,4127.0,0.0,0.0,0.0,2,4129.0,4130.0,6,4122.0,4138.0,4145.0,4125.0,463.0,38249700.0,34665
2023-05-10 21:05:40,pg2309,pg2309,4130.0,2.0,165200.0,0.0,2,4129.0,4130.0,1,4122.0,4138.0,4145.0,4125.0,465.0,38414900.0,34665
2023-05-10 21:05:41,pg2309,pg2309,4130.0,1.0,82600.0,-1.0,1,4129.0,4131.0,11,4122.0,4138.0,4145.0,4125.0,466.0,38497500.0,34664
2023-05-10 21:05:45,pg2309,pg2309,4129.0,1.0,82580.0,0.0,4,4128.0,4130.0,1,4122.0,4138.0,4145.0,4125.0,467.0,38580080.0,34664
2023-05-10 21:05:46,pg2309,pg2309,4129.0,0.0,0.0,0.0,14,4127.0,4130.0,2,4122.0,4138.0,4145.0,4125.0,467.0,38580080.0,34664
2023-05-10 21:05:46,pg2309,pg2309,4129.0,0.0,0.0,0.0,1,4128.0,4130.0,1,4122.0,4138.0,4145.0,4125.0,467.0,38580080.0,34664
2023-05-10 21:05:47,pg2309,pg2309,4129.0,0.0,0.0,0.0,4,4128.0,4130.0,1,4122.0,4138.0,4145.0,4125.0,467.0,38580080.0,34664
2023-05-10 21:05:47,pg2309,pg2309,4130.0,1.0,82600.0,0.0,4,4129.0,4131.0,9,4122.0,4138.0,4145.0,4125.0,468.0,38662680.0,34664
2023-05-10 21:05:48,pg2309,pg2309,4131.0,1.0,82620.0,-1.0,3,4129.0,4131.0,7,4122.0,4138.0,4145.0,4125.0,469.0,38745300.0,34663
2023-05-10 21:05:48,pg2309,pg2309,4131.0,0.0,0.0,0.0,1,4129.0,4131.0,10,4122.0,4138.0,4145.0,4125.0,469.0,38745300.0,34663
2023-05-10 21:05:49,pg2309,pg2309,4131.0,0.0,0.0,0.0,2,4129.0,4131.0,9,4122.0,4138.0,4145.0,4125.0,469.0,38745300.0,34663
2023-05-10 21:05:49,pg2309,pg2309,4131.0,0.0,0.0,0.0,2,4129.0,4131.0,10,4122.0,4138.0,4145.0,4125.0,469.0,38745300.0,34663
2023-05-10 21:05:50,pg2309,pg2309,4131.0,0.0,0.0,0.0,2,4129.0,4130.0,1,4122.0,4138.0,4145.0,4125.0,469.0,38745300.0,34663
2023-05-10 21:05:51,pg2309,pg2309,4131.0,0.0,0.0,0.0,2,4129.0,4131.0,10,4122.0,4138.0,4145.0,4125.0,469.0,38745300.0,34663
2023-05-10 21:05:51,pg2309,pg2309,4131.0,0.0,0.0,0.0,2,4129.0,4131.0,9,4122.0,4138.0,4145.0,4125.0,469.0,38745300.0,34663
2023-05-10 21:05:52,pg2309,pg2309,4131.0,0.0,0.0,0.0,1,4129.0,4130.0,1,4122.0,4138.0,4145.0,4125.0,469.0,38745300.0,34663
2023-05-10 21:05:55,pg2309,pg2309,4131.0,0.0,0.0,0.0,2,4129.0,4130.0,1,4122.0,4138.0,4145.0,4125.0,469.0,38745300.0,34663
2023-05-10 21:05:56,pg2309,pg2309,4131.0,0.0,0.0,0.0,2,4129.0,4131.0,11,4122.0,4138.0,4145.0,4125.0,469.0,38745300.0,34663
2023-05-10 21:05:56,pg2309,pg2309,4131.0,0.0,0.0,0.0,1,4129.0,4130.0,1,4122.0,4138.0,4145.0,4125.0,469.0,38745300.0,34663
2023-05-10 21:05:57,pg2309,pg2309,4129.0,1.0,82580.0,-1.0,8,4128.0,4131.0,9,4122.0,4138.0,4145.0,4125.0,470.0,38827880.0,34662
2023-05-10 21:05:57,pg2309,pg2309,4129.0,0.0,0.0,0.0,4,4128.0,4130.0,1,4122.0,4138.0,4145.0,4125.0,470.0,38827880.0,34662
2023-05-10 21:05:58,pg2309,pg2309,4129.0,0.0,0.0,0.0,5,4128.0,4130.0,1,4122.0,4138.0,4145.0,4125.0,470.0,38827880.0,34662
2023-05-10 21:05:59,pg2309,pg2309,4128.0,1.0,82560.0,1.0,7,4128.0,4130.0,1,4122.0,4138.0,4145.0,4125.0,471.0,38910440.0,34663
2023-05-10 21:06:01,pg2309,pg2309,4128.0,0.0,0.0,0.0,8,4128.0,4130.0,1,4122.0,4138.0,4145.0,4125.0,471.0,38910440.0,34663
2023-05-10 21:06:02,pg2309,pg2309,4128.0,0.0,0.0,0.0,2,4129.0,4131.0,10,4122.0,4138.0,4145.0,4125.0,471.0,38910440.0,34663
2023-05-10 21:06:02,pg2309,pg2309,4128.0,1.0,82560.0,-1.0,1,4129.0,4131.0,9,4122.0,4138.0,4145.0,4125.0,472.0,38993000.0,34662
2023-05-10 21:06:03,pg2309,pg2309,4128.0,0.0,0.0,0.0,2,4129.0,4131.0,8,4122.0,4138.0,4145.0,4125.0,472.0,38993000.0,34662
2023-05-10 21:06:03,pg2309,pg2309,4128.0,0.0,0.0,0.0,1,4129.0,4131.0,8,4122.0,4138.0,4145.0,4125.0,472.0,38993000.0,34662
2023-05-10 21:06:04,pg2309,pg2309,4128.0,0.0,0.0,0.0,1,4129.0,4131.0,10,4122.0,4138.0,4145.0,4125.0,472.0,38993000.0,34662
2023-05-10 21:06:06,pg2309,pg2309,4128.0,0.0,0.0,0.0,1,4129.0,4131.0,9,4122.0,4138.0,4145.0,4125.0,472.0,38993000.0,34662
2023-05-10 21:06:07,pg2309,pg2309,4128.0,0.0,0.0,0.0,1,4129.0,4131.0,7,4122.0,4138.0,4145.0,4125.0,472.0,38993000.0,34662
2023-05-10 21:06:07,pg2309,pg2309,4128.0,0.0,0.0,0.0,1,4129.0,4131.0,9,4122.0,4138.0,4145.0,4125.0,472.0,38993000.0,34662
2023-05-10 21:06:08,pg2309,pg2309,4128.0,0.0,0.0,0.0,1,4129.0,4131.0,10,4122.0,4138.0,4145.0,4125.0,472.0,38993000.0,34662
2023-05-10 21:06:09,pg2309,pg2309,4128.0,0.0,0.0,0.0,2,4129.0,4131.0,9,4122.0,4138.0,4145.0,4125.0,472.0,38993000.0,34662
2023-05-10 21:06:09,pg2309,pg2309,4128.0,0.0,0.0,0.0,2,4129.0,4131.0,8,4122.0,4138.0,4145.0,4125.0,472.0,38993000.0,34662
2023-05-10 21:06:10,pg2309,pg2309,4128.0,0.0,0.0,0.0,1,4129.0,4131.0,10,4122.0,4138.0,4145.0,4125.0,472.0,38993000.0,34662
2023-05-10 21:06:11,pg2309,pg2309,4128.0,0.0,0.0,0.0,1,4129.0,4131.0,7,4122.0,4138.0,4145.0,4125.0,472.0,38993000.0,34662
2023-05-10 21:06:11,pg2309,pg2309,4128.0,0.0,0.0,0.0,1,4129.0,4131.0,8,4122.0,4138.0,4145.0,4125.0,472.0,38993000.0,34662
2023-05-10 21:06:12,pg2309,pg2309,4128.0,0.0,0.0,0.0,1,4129.0,4131.0,9,4122.0,4138.0,4145.0,4125.0,472.0,38993000.0,34662
2023-05-10 21:06:13,pg2309,pg2309,4131.0,1.0,82620.0,0.0,1,4129.0,4131.0,8,4122.0,4138.0,4145.0,4125.0,473.0,39075620.0,34662
2023-05-10 21:06:13,pg2309,pg2309,4131.0,0.0,0.0,0.0,2,4129.0,4131.0,8,4122.0,4138.0,4145.0,4125.0,473.0,39075620.0,34662
2023-05-10 21:06:14,pg2309,pg2309,4131.0,0.0,0.0,0.0,1,4130.0,4131.0,8,4122.0,4138.0,4145.0,4125.0,473.0,39075620.0,34662
2023-05-10 21:06:15,pg2309,pg2309,4131.0,0.0,0.0,0.0,1,4130.0,4131.0,3,4122.0,4138.0,4145.0,4125.0,473.0,39075620.0,34662
2023-05-10 21:06:15,pg2309,pg2309,4131.0,1.0,82620.0,1.0,1,4130.0,4131.0,2,4122.0,4138.0,4145.0,4125.0,474.0,39158240.0,34663
2023-05-10 21:06:16,pg2309,pg2309,4131.0,2.0,165240.0,0.0,5,4130.0,4132.0,9,4122.0,4138.0,4145.0,4125.0,476.0,39323480.0,34663
2023-05-10 21:06:17,pg2309,pg2309,4132.0,1.0,82640.0,0.0,5,4130.0,4132.0,4,4122.0,4138.0,4145.0,4125.0,477.0,39406120.0,34663
2023-05-10 21:06:17,pg2309,pg2309,4132.0,0.0,0.0,0.0,2,4130.0,4132.0,3,4122.0,4138.0,4145.0,4125.0,477.0,39406120.0,34663
2023-05-10 21:06:18,pg2309,pg2309,4132.0,0.0,0.0,0.0,2,4130.0,4132.0,4,4122.0,4138.0,4145.0,4125.0,477.0,39406120.0,34663
2023-05-10 21:06:18,pg2309,pg2309,4132.0,0.0,0.0,0.0,2,4130.0,4132.0,6,4122.0,4138.0,4145.0,4125.0,477.0,39406120.0,34663
2023-05-10 21:06:19,pg2309,pg2309,4132.0,0.0,0.0,0.0,2,4130.0,4132.0,8,4122.0,4138.0,4145.0,4125.0,477.0,39406120.0,34663
2023-05-10 21:06:21,pg2309,pg2309,4132.0,0.0,0.0,0.0,2,4130.0,4131.0,2,4122.0,4138.0,4145.0,4125.0,477.0,39406120.0,34663
2023-05-10 21:06:21,pg2309,pg2309,4132.0,0.0,0.0,0.0,1,4130.0,4131.0,1,4122.0,4138.0,4145.0,4125.0,477.0,39406120.0,34663
2023-05-10 21:06:22,pg2309,pg2309,4132.0,0.0,0.0,0.0,2,4130.0,4132.0,10,4122.0,4138.0,4145.0,4125.0,477.0,39406120.0,34663
2023-05-10 21:06:25,pg2309,pg2309,4132.0,0.0,0.0,0.0,2,4130.0,4131.0,1,4122.0,4138.0,4145.0,4125.0,477.0,39406120.0,34663
2023-05-10 21:06:25,pg2309,pg2309,4132.0,0.0,0.0,0.0,1,4130.0,4131.0,1,4122.0,4138.0,4145.0,4125.0,477.0,39406120.0,34663
2023-05-10 21:06:26,pg2309,pg2309,4130.0,1.0,82600.0,1.0,8,4129.0,4130.0,1,4122.0,4138.0,4145.0,4125.0,478.0,39488720.0,34664
2023-05-10 21:06:27,pg2309,pg2309,4131.0,2.0,165220.0,0.0,1,4130.0,4132.0,9,4122.0,4138.0,4145.0,4125.0,480.0,39653940.0,34664
2023-05-10 21:06:27,pg2309,pg2309,4131.0,0.0,0.0,0.0,2,4130.0,4132.0,8,4122.0,4138.0,4145.0,4125.0,480.0,39653940.0,34664
2023-05-10 21:06:29,pg2309,pg2309,4131.0,0.0,0.0,0.0,3,4130.0,4132.0,5,4122.0,4138.0,4145.0,4125.0,480.0,39653940.0,34664
2023-05-10 21:06:29,pg2309,pg2309,4131.0,0.0,0.0,0.0,2,4130.0,4132.0,3,4122.0,4138.0,4145.0,4125.0,480.0,39653940.0,34664
2023-05-10 21:06:30,pg2309,pg2309,4131.0,0.0,0.0,0.0,2,4130.0,4132.0,5,4122.0,4138.0,4145.0,4125.0,480.0,39653940.0,34664
2023-05-10 21:06:31,pg2309,pg2309,4131.0,0.0,0.0,0.0,2,4130.0,4132.0,9,4122.0,4138.0,4145.0,4125.0,480.0,39653940.0,34664
2023-05-10 21:06:34,pg2309,pg2309,4132.0,1.0,82640.0,0.0,2,4130.0,4132.0,8,4122.0,4138.0,4145.0,4125.0,481.0,39736580.0,34664
2023-05-10 21:06:34,pg2309,pg2309,4132.0,0.0,0.0,0.0,4,4130.0,4131.0,1,4122.0,4138.0,4145.0,4125.0,481.0,39736580.0,34664
2023-05-10 21:06:35,pg2309,pg2309,4132.0,0.0,0.0,0.0,6,4130.0,4131.0,1,4122.0,4138.0,4145.0,4125.0,481.0,39736580.0,34664
2023-05-10 21:06:35,pg2309,pg2309,4132.0,0.0,0.0,0.0,5,4130.0,4131.0,2,4122.0,4138.0,4145.0,4125.0,481.0,39736580.0,34664
2023-05-10 21:06:36,pg2309,pg2309,4132.0,0.0,0.0,0.0,6,4130.0,4131.0,1,4122.0,4138.0,4145.0,4125.0,481.0,39736580.0,34664
2023-05-10 21:06:36,pg2309,pg2309,4131.0,1.0,82620.0,0.0,4,4130.0,4131.0,1,4122.0,4138.0,4145.0,4125.0,482.0,39819200.0,34664
2023-05-10 21:06:37,pg2309,pg2309,4131.0,0.0,0.0,0.0,6,4130.0,4132.0,6,4122.0,4138.0,4145.0,4125.0,482.0,39819200.0,34664
2023-05-10 21:06:37,pg2309,pg2309,4131.0,0.0,0.0,0.0,7,4130.0,4132.0,6,4122.0,4138.0,4145.0,4125.0,482.0,39819200.0,34664
2023-05-10 21:06:38,pg2309,pg2309,4131.0,0.0,0.0,0.0,8,4130.0,4132.0,6,4122.0,4138.0,4145.0,4125.0,482.0,39819200.0,34664
2023-05-10 21:06:39,pg2309,pg2309,4131.0,0.0,0.0,0.0,10,4130.0,4132.0,5,4122.0,4138.0,4145.0,4125.0,482.0,39819200.0,34664
2023-05-10 21:06:40,pg2309,pg2309,4131.0,0.0,0.0,0.0,11,4130.0,4132.0,3,4122.0,4138.0,4145.0,4125.0,482.0,39819200.0,34664
2023-05-10 21:06:42,pg2309,pg2309,4130.0,1.0,82600.0,0.0,11,4130.0,4132.0,3,4122.0,4138.0,4145.0,4125.0,483.0,39901800.0,34664
2023-05-10 21:06:42,pg2309,pg2309,4132.0,3.0,247920.0,-3.0,14,4130.0,4133.0,7,4122.0,4138.0,4145.0,4125.0,486.0,40149720.0,34661
2023-05-10 21:06:43,pg2309,pg2309,4132.0,0.0,0.0,0.0,14,4130.0,4133.0,8,4122.0,4138.0,4145.0,4125.0,486.0,40149720.0,34661
2023-05-10 21:06:43,pg2309,pg2309,4132.0,0.0,0.0,0.0,13,4130.0,4133.0,8,4122.0,4138.0,4145.0,4125.0,486.0,40149720.0,34661
2023-05-10 21:06:45,pg2309,pg2309,4132.0,0.0,0.0,0.0,1,4131.0,4133.0,8,4122.0,4138.0,4145.0,4125.0,486.0,40149720.0,34661
2023-05-10 21:06:45,pg2309,pg2309,4132.0,0.0,0.0,0.0,2,4131.0,4133.0,8,4122.0,4138.0,4145.0,4125.0,486.0,40149720.0,34661
2023-05-10 21:06:46,pg2309,pg2309,4133.0,8.0,661280.0,-2.0,1,4133.0,4134.0,7,4122.0,4138.0,4145.0,4125.0,494.0,40811000.0,34659
2023-05-10 21:06:46,pg2309,pg2309,4133.0,0.0,0.0,0.0,2,4133.0,4134.0,8,4122.0,4138.0,4145.0,4125.0,494.0,40811000.0,34659
2023-05-10 21:06:47,pg2309,pg2309,4133.0,1.0,82660.0,-1.0,1,4133.0,4134.0,7,4122.0,4138.0,4145.0,4125.0,495.0,40893660.0,34658
2023-05-10 21:06:47,pg2309,pg2309,4133.0,1.0,82660.0,1.0,4,4132.0,4133.0,1,4122.0,4138.0,4145.0,4125.0,496.0,40976320.0,34659
2023-05-10 21:06:48,pg2309,pg2309,4133.0,1.0,82660.0,1.0,4,4132.0,4134.0,8,4122.0,4138.0,4145.0,4125.0,497.0,41058980.0,34660
2023-05-10 21:06:48,pg2309,pg2309,4133.0,0.0,0.0,0.0,3,4132.0,4134.0,7,4122.0,4138.0,4145.0,4125.0,497.0,41058980.0,34660
2023-05-10 21:06:49,pg2309,pg2309,4133.0,0.0,0.0,0.0,3,4132.0,4134.0,8,4122.0,4138.0,4145.0,4125.0,497.0,41058980.0,34660
2023-05-10 21:06:49,pg2309,pg2309,4133.0,0.0,0.0,0.0,5,4132.0,4134.0,7,4122.0,4138.0,4145.0,4125.0,497.0,41058980.0,34660
2023-05-10 21:06:49,pg2309,pg2309,4133.0,0.0,0.0,0.0,7,4132.0,4134.0,6,4122.0,4138.0,4145.0,4125.0,497.0,41058980.0,34660
2023-05-10 21:06:53,pg2309,pg2309,4133.0,0.0,0.0,0.0,6,4132.0,4134.0,7,4122.0,4138.0,4145.0,4125.0,497.0,41058980.0,34660
2023-05-10 21:06:54,pg2309,pg2309,4133.0,0.0,0.0,0.0,8,4132.0,4134.0,4,4122.0,4138.0,4145.0,4125.0,497.0,41058980.0,34660
2023-05-10 21:06:54,pg2309,pg2309,4133.0,0.0,0.0,0.0,7,4132.0,4134.0,4,4122.0,4138.0,4145.0,4125.0,497.0,41058980.0,34660
2023-05-10 21:06:55,pg2309,pg2309,4133.0,0.0,0.0,0.0,5,4132.0,4134.0,4,4122.0,4138.0,4145.0,4125.0,497.0,41058980.0,34660
2023-05-10 21:06:55,pg2309,pg2309,4133.0,0.0,0.0,0.0,2,4132.0,4134.0,5,4122.0,4138.0,4145.0,4125.0,497.0,41058980.0,34660
2023-05-10 21:06:56,pg2309,pg2309,4133.0,0.0,0.0,0.0,6,4132.0,4134.0,3,4122.0,4138.0,4145.0,4125.0,497.0,41058980.0,34660
2023-05-10 21:06:57,pg2309,pg2309,4133.0,0.0,0.0,0.0,9,4132.0,4134.0,2,4122.0,4138.0,4145.0,4125.0,497.0,41058980.0,34660
2023-05-10 21:06:57,pg2309,pg2309,4133.0,0.0,0.0,0.0,10,4132.0,4134.0,2,4122.0,4138.0,4145.0,4125.0,497.0,41058980.0,34660
2023-05-10 21:06:58,pg2309,pg2309,4134.0,1.0,82680.0,-1.0,10,4132.0,4134.0,1,4122.0,4138.0,4145.0,4125.0,498.0,41141660.0,34659
2023-05-10 21:06:59,pg2309,pg2309,4134.0,1.0,82680.0,-1.0,9,4132.0,4135.0,15,4122.0,4138.0,4145.0,4125.0,499.0,41224340.0,34658
2023-05-10 21:06:59,pg2309,pg2309,4134.0,0.0,0.0,0.0,9,4132.0,4134.0,2,4122.0,4138.0,4145.0,4125.0,499.0,41224340.0,34658
2023-05-10 21:07:00,pg2309,pg2309,4134.0,0.0,0.0,0.0,6,4132.0,4134.0,2,4122.0,4138.0,4145.0,4125.0,499.0,41224340.0,34658
2023-05-10 21:07:00,pg2309,pg2309,4134.0,0.0,0.0,0.0,2,4132.0,4134.0,6,4122.0,4138.0,4145.0,4125.0,499.0,41224340.0,34658
2023-05-10 21:07:01,pg2309,pg2309,4134.0,0.0,0.0,0.0,1,4132.0,4134.0,9,4122.0,4138.0,4145.0,4125.0,499.0,41224340.0,34658
2023-05-10 21:07:01,pg2309,pg2309,4134.0,5.0,413400.0,-2.0,1,4132.0,4134.0,4,4122.0,4138.0,4145.0,4125.0,504.0,41637740.0,34656
2023-05-10 21:07:02,pg2309,pg2309,4134.0,0.0,0.0,0.0,1,4134.0,4135.0,14,4122.0,4138.0,4145.0,4125.0,504.0,41637740.0,34656
2023-05-10 21:07:02,pg2309,pg2309,4133.0,2.0,165340.0,0.0,5,4132.0,4134.0,2,4122.0,4138.0,4145.0,4125.0,506.0,41803080.0,34656
2023-05-10 21:07:03,pg2309,pg2309,4133.0,0.0,0.0,0.0,2,4132.0,4134.0,1,4122.0,4138.0,4145.0,4125.0,506.0,41803080.0,34656
2023-05-10 21:07:03,pg2309,pg2309,4133.0,0.0,0.0,0.0,2,4132.0,4134.0,2,4122.0,4138.0,4145.0,4125.0,506.0,41803080.0,34656
2023-05-10 21:07:04,pg2309,pg2309,4133.0,0.0,0.0,0.0,1,4132.0,4134.0,2,4122.0,4138.0,4145.0,4125.0,506.0,41803080.0,34656
2023-05-10 21:07:04,pg2309,pg2309,4133.0,0.0,0.0,0.0,2,4132.0,4134.0,8,4122.0,4138.0,4145.0,4125.0,506.0,41803080.0,34656
2023-05-10 21:07:05,pg2309,pg2309,4133.0,0.0,0.0,0.0,6,4132.0,4134.0,8,4122.0,4138.0,4145.0,4125.0,506.0,41803080.0,34656
2023-05-10 21:07:05,pg2309,pg2309,4133.0,0.0,0.0,0.0,7,4132.0,4134.0,6,4122.0,4138.0,4145.0,4125.0,506.0,41803080.0,34656
2023-05-10 21:07:06,pg2309,pg2309,4133.0,0.0,0.0,0.0,6,4132.0,4134.0,9,4122.0,4138.0,4145.0,4125.0,506.0,41803080.0,34656
2023-05-10 21:07:07,pg2309,pg2309,4133.0,0.0,0.0,0.0,9,4132.0,4134.0,8,4122.0,4138.0,4145.0,4125.0,506.0,41803080.0,34656
2023-05-10 21:07:07,pg2309,pg2309,4133.0,0.0,0.0,0.0,8,4132.0,4134.0,9,4122.0,4138.0,4145.0,4125.0,506.0,41803080.0,34656
2023-05-10 21:07:08,pg2309,pg2309,4133.0,0.0,0.0,0.0,9,4132.0,4134.0,8,4122.0,4138.0,4145.0,4125.0,506.0,41803080.0,34656
2023-05-10 21:07:08,pg2309,pg2309,4133.0,0.0,0.0,0.0,7,4132.0,4134.0,9,4122.0,4138.0,4145.0,4125.0,506.0,41803080.0,34656
2023-05-10 21:07:13,pg2309,pg2309,4133.0,0.0,0.0,0.0,7,4132.0,4134.0,8,4122.0,4138.0,4145.0,4125.0,506.0,41803080.0,34656
2023-05-10 21:07:13,pg2309,pg2309,4133.0,0.0,0.0,0.0,8,4132.0,4134.0,5,4122.0,4138.0,4145.0,4125.0,506.0,41803080.0,34656
2023-05-10 21:07:14,pg2309,pg2309,4133.0,0.0,0.0,0.0,9,4132.0,4134.0,3,4122.0,4138.0,4145.0,4125.0,506.0,41803080.0,34656
2023-05-10 21:07:14,pg2309,pg2309,4133.0,0.0,0.0,0.0,10,4132.0,4134.0,3,4122.0,4138.0,4145.0,4125.0,506.0,41803080.0,34656
2023-05-10 21:07:15,pg2309,pg2309,4133.0,0.0,0.0,0.0,10,4132.0,4133.0,1,4122.0,4138.0,4145.0,4125.0,506.0,41803080.0,34656
2023-05-10 21:07:15,pg2309,pg2309,4133.0,1.0,82660.0,0.0,10,4132.0,4134.0,2,4122.0,4138.0,4145.0,4125.0,507.0,41885740.0,34656
2023-05-10 21:07:17,pg2309,pg2309,4133.0,0.0,0.0,0.0,10,4132.0,4134.0,1,4122.0,4138.0,4145.0,4125.0,507.0,41885740.0,34656
2023-05-10 21:07:19,pg2309,pg2309,4133.0,0.0,0.0,0.0,10,4132.0,4134.0,2,4122.0,4138.0,4145.0,4125.0,507.0,41885740.0,34656
2023-05-10 21:07:22,pg2309,pg2309,4133.0,0.0,0.0,0.0,10,4132.0,4134.0,1,4122.0,4138.0,4145.0,4125.0,507.0,41885740.0,34656
2023-05-10 21:07:22,pg2309,pg2309,4133.0,0.0,0.0,0.0,3,4133.0,4134.0,1,4122.0,4138.0,4145.0,4125.0,507.0,41885740.0,34656
2023-05-10 21:07:23,pg2309,pg2309,4133.0,0.0,0.0,0.0,12,4132.0,4134.0,1,4122.0,4138.0,4145.0,4125.0,507.0,41885740.0,34656
2023-05-10 21:07:23,pg2309,pg2309,4133.0,0.0,0.0,0.0,10,4132.0,4134.0,1,4122.0,4138.0,4145.0,4125.0,507.0,41885740.0,34656
2023-05-10 21:07:24,pg2309,pg2309,4132.0,1.0,82640.0,0.0,9,4132.0,4134.0,1,4122.0,4138.0,4145.0,4125.0,508.0,41968380.0,34656
2023-05-10 21:07:24,pg2309,pg2309,4132.0,0.0,0.0,0.0,8,4132.0,4134.0,2,4122.0,4138.0,4145.0,4125.0,508.0,41968380.0,34656
2023-05-10 21:07:25,pg2309,pg2309,4132.0,0.0,0.0,0.0,10,4132.0,4134.0,2,4122.0,4138.0,4145.0,4125.0,508.0,41968380.0,34656
2023-05-10 21:07:27,pg2309,pg2309,4132.0,0.0,0.0,0.0,10,4132.0,4134.0,1,4122.0,4138.0,4145.0,4125.0,508.0,41968380.0,34656
2023-05-10 21:07:29,pg2309,pg2309,4132.0,0.0,0.0,0.0,1,4133.0,4134.0,1,4122.0,4138.0,4145.0,4125.0,508.0,41968380.0,34656
2023-05-10 21:07:30,pg2309,pg2309,4132.0,0.0,0.0,0.0,1,4133.0,4134.0,2,4122.0,4138.0,4145.0,4125.0,508.0,41968380.0,34656
2023-05-10 21:07:31,pg2309,pg2309,4132.0,0.0,0.0,0.0,2,4133.0,4134.0,1,4122.0,4138.0,4145.0,4125.0,508.0,41968380.0,34656
2023-05-10 21:07:31,pg2309,pg2309,4132.0,0.0,0.0,0.0,1,4133.0,4134.0,1,4122.0,4138.0,4145.0,4125.0,508.0,41968380.0,34656
2023-05-10 21:07:32,pg2309,pg2309,4133.0,1.0,82660.0,0.0,12,4132.0,4134.0,1,4122.0,4138.0,4145.0,4125.0,509.0,42051040.0,34656
2023-05-10 21:07:32,pg2309,pg2309,4133.0,0.0,0.0,0.0,10,4132.0,4133.0,1,4122.0,4138.0,4145.0,4125.0,509.0,42051040.0,34656
2023-05-10 21:07:33,pg2309,pg2309,4133.0,1.0,82660.0,1.0,10,4132.0,4134.0,2,4122.0,4138.0,4145.0,4125.0,510.0,42133700.0,34657
2023-05-10 21:07:33,pg2309,pg2309,4133.0,0.0,0.0,0.0,10,4132.0,4134.0,1,4122.0,4138.0,4145.0,4125.0,510.0,42133700.0,34657
2023-05-10 21:07:34,pg2309,pg2309,4133.0,0.0,0.0,0.0,10,4132.0,4133.0,3,4122.0,4138.0,4145.0,4125.0,510.0,42133700.0,34657
2023-05-10 21:07:35,pg2309,pg2309,4132.0,1.0,82640.0,1.0,8,4132.0,4133.0,3,4122.0,4138.0,4145.0,4125.0,511.0,42216340.0,34658
2023-05-10 21:07:35,pg2309,pg2309,4132.0,0.0,0.0,0.0,6,4132.0,4133.0,3,4122.0,4138.0,4145.0,4125.0,511.0,42216340.0,34658
2023-05-10 21:07:37,pg2309,pg2309,4132.0,0.0,0.0,0.0,7,4132.0,4133.0,3,4122.0,4138.0,4145.0,4125.0,511.0,42216340.0,34658
2023-05-10 21:07:38,pg2309,pg2309,4133.0,1.0,82660.0,0.0,7,4132.0,4133.0,2,4122.0,4138.0,4145.0,4125.0,512.0,42299000.0,34658
2023-05-10 21:07:38,pg2309,pg2309,4133.0,0.0,0.0,0.0,8,4132.0,4133.0,2,4122.0,4138.0,4145.0,4125.0,512.0,42299000.0,34658
2023-05-10 21:07:40,pg2309,pg2309,4133.0,0.0,0.0,0.0,8,4132.0,4133.0,4,4122.0,4138.0,4145.0,4125.0,512.0,42299000.0,34658
2023-05-10 21:07:40,pg2309,pg2309,4133.0,0.0,0.0,0.0,7,4132.0,4133.0,4,4122.0,4138.0,4145.0,4125.0,512.0,42299000.0,34658
2023-05-10 21:07:41,pg2309,pg2309,4133.0,0.0,0.0,0.0,6,4132.0,4133.0,4,4122.0,4138.0,4145.0,4125.0,512.0,42299000.0,34658
2023-05-10 21:07:43,pg2309,pg2309,4133.0,0.0,0.0,0.0,6,4132.0,4133.0,5,4122.0,4138.0,4145.0,4125.0,512.0,42299000.0,34658
2023-05-10 21:07:43,pg2309,pg2309,4133.0,0.0,0.0,0.0,5,4132.0,4133.0,6,4122.0,4138.0,4145.0,4125.0,512.0,42299000.0,34658
2023-05-10 21:07:44,pg2309,pg2309,4133.0,0.0,0.0,0.0,6,4132.0,4133.0,6,4122.0,4138.0,4145.0,4125.0,512.0,42299000.0,34658
2023-05-10 21:07:44,pg2309,pg2309,4133.0,0.0,0.0,0.0,7,4132.0,4133.0,6,4122.0,4138.0,4145.0,4125.0,512.0,42299000.0,34658
2023-05-10 21:07:45,pg2309,pg2309,4133.0,0.0,0.0,0.0,6,4132.0,4133.0,7,4122.0,4138.0,4145.0,4125.0,512.0,42299000.0,34658
2023-05-10 21:07:46,pg2309,pg2309,4133.0,0.0,0.0,0.0,6,4132.0,4133.0,6,4122.0,4138.0,4145.0,4125.0,512.0,42299000.0,34658
2023-05-10 21:07:49,pg2309,pg2309,4133.0,0.0,0.0,0.0,5,4132.0,4133.0,6,4122.0,4138.0,4145.0,4125.0,512.0,42299000.0,34658
2023-05-10 21:07:49,pg2309,pg2309,4133.0,0.0,0.0,0.0,4,4132.0,4133.0,6,4122.0,4138.0,4145.0,4125.0,512.0,42299000.0,34658
2023-05-10 21:07:53,pg2309,pg2309,4133.0,0.0,0.0,0.0,6,4132.0,4133.0,6,4122.0,4138.0,4145.0,4125.0,512.0,42299000.0,34658
2023-05-10 21:07:53,pg2309,pg2309,4133.0,0.0,0.0,0.0,7,4132.0,4133.0,6,4122.0,4138.0,4145.0,4125.0,512.0,42299000.0,34658
2023-05-10 21:07:54,pg2309,pg2309,4133.0,0.0,0.0,0.0,8,4132.0,4133.0,6,4122.0,4138.0,4145.0,4125.0,512.0,42299000.0,34658
2023-05-10 21:07:58,pg2309,pg2309,4133.0,5.0,413300.0,3.0,9,4132.0,4134.0,4,4122.0,4138.0,4145.0,4125.0,517.0,42712300.0,34661
2023-05-10 21:07:58,pg2309,pg2309,4133.0,0.0,0.0,0.0,12,4132.0,4134.0,2,4122.0,4138.0,4145.0,4125.0,517.0,42712300.0,34661
2023-05-10 21:07:59,pg2309,pg2309,4133.0,0.0,0.0,0.0,12,4132.0,4134.0,1,4122.0,4138.0,4145.0,4125.0,517.0,42712300.0,34661
2023-05-10 21:07:59,pg2309,pg2309,4133.0,0.0,0.0,0.0,1,4133.0,4134.0,1,4122.0,4138.0,4145.0,4125.0,517.0,42712300.0,34661
2023-05-10 21:08:02,pg2309,pg2309,4133.0,1.0,82660.0,1.0,12,4132.0,4133.0,1,4122.0,4138.0,4145.0,4125.0,518.0,42794960.0,34662
2023-05-10 21:08:02,pg2309,pg2309,4133.0,0.0,0.0,0.0,11,4132.0,4133.0,1,4122.0,4138.0,4145.0,4125.0,518.0,42794960.0,34662
2023-05-10 21:08:04,pg2309,pg2309,4132.0,9.0,743760.0,9.0,4,4131.0,4132.0,2,4122.0,4138.0,4145.0,4125.0,527.0,43538720.0,34671
2023-05-10 21:08:05,pg2309,pg2309,4132.0,0.0,0.0,0.0,11,4130.0,4132.0,2,4122.0,4138.0,4145.0,4125.0,527.0,43538720.0,34671
2023-05-10 21:08:05,pg2309,pg2309,4132.0,1.0,82640.0,0.0,2,4131.0,4132.0,1,4122.0,4138.0,4145.0,4125.0,528.0,43621360.0,34671
2023-05-10 21:08:06,pg2309,pg2309,4132.0,1.0,82640.0,-1.0,4,4131.0,4133.0,1,4122.0,4138.0,4145.0,4125.0,529.0,43704000.0,34670
2023-05-10 21:08:06,pg2309,pg2309,4132.0,0.0,0.0,0.0,7,4131.0,4133.0,1,4122.0,4138.0,4145.0,4125.0,529.0,43704000.0,34670
2023-05-10 21:08:07,pg2309,pg2309,4132.0,0.0,0.0,0.0,9,4131.0,4133.0,1,4122.0,4138.0,4145.0,4125.0,529.0,43704000.0,34670
2023-05-10 21:08:08,pg2309,pg2309,4132.0,0.0,0.0,0.0,8,4131.0,4133.0,1,4122.0,4138.0,4145.0,4125.0,529.0,43704000.0,34670
2023-05-10 21:08:08,pg2309,pg2309,4132.0,0.0,0.0,0.0,9,4131.0,4134.0,7,4122.0,4138.0,4145.0,4125.0,529.0,43704000.0,34670
2023-05-10 21:08:09,pg2309,pg2309,4132.0,0.0,0.0,0.0,12,4131.0,4134.0,6,4122.0,4138.0,4145.0,4125.0,529.0,43704000.0,34670
2023-05-10 21:08:09,pg2309,pg2309,4132.0,0.0,0.0,0.0,11,4131.0,4134.0,6,4122.0,4138.0,4145.0,4125.0,529.0,43704000.0,34670
2023-05-10 21:08:10,pg2309,pg2309,4134.0,1.0,82680.0,0.0,10,4131.0,4134.0,3,4122.0,4138.0,4145.0,4125.0,530.0,43786680.0,34670
2023-05-10 21:08:10,pg2309,pg2309,4131.0,1.0,82620.0,0.0,9,4131.0,4134.0,2,4122.0,4138.0,4145.0,4125.0,531.0,43869300.0,34670
2023-05-10 21:08:12,pg2309,pg2309,4131.0,0.0,0.0,0.0,1,4132.0,4135.0,18,4122.0,4138.0,4145.0,4125.0,531.0,43869300.0,34670
2023-05-10 21:08:12,pg2309,pg2309,4131.0,0.0,0.0,0.0,9,4131.0,4134.0,3,4122.0,4138.0,4145.0,4125.0,531.0,43869300.0,34670
2023-05-10 21:08:13,pg2309,pg2309,4131.0,0.0,0.0,0.0,9,4131.0,4134.0,5,4122.0,4138.0,4145.0,4125.0,531.0,43869300.0,34670
2023-05-10 21:08:13,pg2309,pg2309,4131.0,0.0,0.0,0.0,8,4131.0,4134.0,8,4122.0,4138.0,4145.0,4125.0,531.0,43869300.0,34670
2023-05-10 21:08:14,pg2309,pg2309,4131.0,0.0,0.0,0.0,8,4131.0,4134.0,10,4122.0,4138.0,4145.0,4125.0,531.0,43869300.0,34670
2023-05-10 21:08:14,pg2309,pg2309,4132.0,1.0,82640.0,0.0,7,4131.0,4134.0,13,4122.0,4138.0,4145.0,4125.0,532.0,43951940.0,34670
2023-05-10 21:08:15,pg2309,pg2309,4132.0,0.0,0.0,0.0,7,4131.0,4134.0,14,4122.0,4138.0,4145.0,4125.0,532.0,43951940.0,34670
2023-05-10 21:08:16,pg2309,pg2309,4132.0,0.0,0.0,0.0,7,4131.0,4134.0,13,4122.0,4138.0,4145.0,4125.0,532.0,43951940.0,34670
2023-05-10 21:08:17,pg2309,pg2309,4132.0,0.0,0.0,0.0,8,4131.0,4134.0,13,4122.0,4138.0,4145.0,4125.0,532.0,43951940.0,34670
2023-05-10 21:08:18,pg2309,pg2309,4134.0,9.0,744120.0,1.0,1,4132.0,4134.0,2,4122.0,4138.0,4145.0,4125.0,541.0,44696060.0,34671
2023-05-10 21:08:19,pg2309,pg2309,4134.0,0.0,0.0,0.0,1,4132.0,4134.0,4,4122.0,4138.0,4145.0,4125.0,541.0,44696060.0,34671
2023-05-10 21:08:19,pg2309,pg2309,4134.0,0.0,0.0,0.0,9,4131.0,4134.0,8,4122.0,4138.0,4145.0,4125.0,541.0,44696060.0,34671
2023-05-10 21:08:19,pg2309,pg2309,4134.0,0.0,0.0,0.0,10,4131.0,4134.0,9,4122.0,4138.0,4145.0,4125.0,541.0,44696060.0,34671
2023-05-10 21:08:20,pg2309,pg2309,4134.0,0.0,0.0,0.0,10,4131.0,4134.0,8,4122.0,4138.0,4145.0,4125.0,541.0,44696060.0,34671
2023-05-10 21:08:37,pg2309,pg2309,4134.0,0.0,0.0,0.0,8,4131.0,4134.0,9,4122.0,4138.0,4145.0,4125.0,541.0,44696060.0,34671
2023-05-10 21:08:38,pg2309,pg2309,4134.0,0.0,0.0,0.0,5,4131.0,4133.0,4,4122.0,4138.0,4145.0,4125.0,541.0,44696060.0,34671
2023-05-10 21:08:38,pg2309,pg2309,4134.0,0.0,0.0,0.0,3,4131.0,4133.0,5,4122.0,4138.0,4145.0,4125.0,541.0,44696060.0,34671
2023-05-10 21:08:39,pg2309,pg2309,4134.0,0.0,0.0,0.0,1,4131.0,4133.0,9,4122.0,4138.0,4145.0,4125.0,541.0,44696060.0,34671
2023-05-10 21:08:39,pg2309,pg2309,4134.0,0.0,0.0,0.0,1,4131.0,4133.0,8,4122.0,4138.0,4145.0,4125.0,541.0,44696060.0,34671
2023-05-10 21:08:40,pg2309,pg2309,4134.0,0.0,0.0,0.0,1,4131.0,4133.0,9,4122.0,4138.0,4145.0,4125.0,541.0,44696060.0,34671
2023-05-10 21:08:40,pg2309,pg2309,4134.0,0.0,0.0,0.0,2,4131.0,4133.0,8,4122.0,4138.0,4145.0,4125.0,541.0,44696060.0,34671
2023-05-10 21:08:41,pg2309,pg2309,4134.0,0.0,0.0,0.0,3,4131.0,4133.0,8,4122.0,4138.0,4145.0,4125.0,541.0,44696060.0,34671
2023-05-10 21:08:41,pg2309,pg2309,4134.0,0.0,0.0,0.0,2,4131.0,4133.0,8,4122.0,4138.0,4145.0,4125.0,541.0,44696060.0,34671
2023-05-10 21:08:42,pg2309,pg2309,4134.0,0.0,0.0,0.0,1,4131.0,4133.0,9,4122.0,4138.0,4145.0,4125.0,541.0,44696060.0,34671
2023-05-10 21:08:42,pg2309,pg2309,4134.0,0.0,0.0,0.0,2,4131.0,4133.0,8,4122.0,4138.0,4145.0,4125.0,541.0,44696060.0,34671
2023-05-10 21:08:42,pg2309,pg2309,4134.0,0.0,0.0,0.0,2,4131.0,4133.0,9,4122.0,4138.0,4145.0,4125.0,541.0,44696060.0,34671
2023-05-10 21:08:44,pg2309,pg2309,4134.0,0.0,0.0,0.0,6,4131.0,4133.0,9,4122.0,4138.0,4145.0,4125.0,541.0,44696060.0,34671
2023-05-10 21:08:44,pg2309,pg2309,4134.0,0.0,0.0,0.0,7,4131.0,4133.0,8,4122.0,4138.0,4145.0,4125.0,541.0,44696060.0,34671
2023-05-10 21:08:45,pg2309,pg2309,4134.0,0.0,0.0,0.0,10,4131.0,4133.0,4,4122.0,4138.0,4145.0,4125.0,541.0,44696060.0,34671
2023-05-10 21:08:46,pg2309,pg2309,4134.0,0.0,0.0,0.0,12,4131.0,4133.0,3,4122.0,4138.0,4145.0,4125.0,541.0,44696060.0,34671
2023-05-10 21:08:47,pg2309,pg2309,4134.0,0.0,0.0,0.0,11,4131.0,4133.0,4,4122.0,4138.0,4145.0,4125.0,541.0,44696060.0,34671
2023-05-10 21:08:51,pg2309,pg2309,4134.0,0.0,0.0,0.0,1,4132.0,4133.0,4,4122.0,4138.0,4145.0,4125.0,541.0,44696060.0,34671
2023-05-10 21:08:51,pg2309,pg2309,4134.0,0.0,0.0,0.0,1,4132.0,4133.0,5,4122.0,4138.0,4145.0,4125.0,541.0,44696060.0,34671
2023-05-10 21:08:54,pg2309,pg2309,4132.0,1.0,82640.0,0.0,10,4131.0,4133.0,5,4122.0,4138.0,4145.0,4125.0,542.0,44778700.0,34671
2023-05-10 21:08:54,pg2309,pg2309,4132.0,0.0,0.0,0.0,11,4131.0,4133.0,4,4122.0,4138.0,4145.0,4125.0,542.0,44778700.0,34671
2023-05-10 21:08:55,pg2309,pg2309,4132.0,0.0,0.0,0.0,11,4131.0,4133.0,5,4122.0,4138.0,4145.0,4125.0,542.0,44778700.0,34671
2023-05-10 21:08:56,pg2309,pg2309,4132.0,0.0,0.0,0.0,10,4131.0,4133.0,6,4122.0,4138.0,4145.0,4125.0,542.0,44778700.0,34671
2023-05-10 21:08:57,pg2309,pg2309,4131.0,2.0,165240.0,-2.0,8,4131.0,4133.0,6,4122.0,4138.0,4145.0,4125.0,544.0,44943940.0,34669
2023-05-10 21:08:57,pg2309,pg2309,4131.0,0.0,0.0,0.0,9,4131.0,4133.0,5,4122.0,4138.0,4145.0,4125.0,544.0,44943940.0,34669
2023-05-10 21:08:58,pg2309,pg2309,4131.0,0.0,0.0,0.0,8,4131.0,4133.0,7,4122.0,4138.0,4145.0,4125.0,544.0,44943940.0,34669
2023-05-10 21:08:59,pg2309,pg2309,4131.0,0.0,0.0,0.0,8,4131.0,4133.0,6,4122.0,4138.0,4145.0,4125.0,544.0,44943940.0,34669
2023-05-10 21:09:01,pg2309,pg2309,4131.0,0.0,0.0,0.0,9,4131.0,4133.0,5,4122.0,4138.0,4145.0,4125.0,544.0,44943940.0,34669
2023-05-10 21:09:01,pg2309,pg2309,4131.0,0.0,0.0,0.0,8,4131.0,4133.0,7,4122.0,4138.0,4145.0,4125.0,544.0,44943940.0,34669
2023-05-10 21:09:02,pg2309,pg2309,4131.0,0.0,0.0,0.0,8,4131.0,4133.0,6,4122.0,4138.0,4145.0,4125.0,544.0,44943940.0,34669
2023-05-10 21:09:03,pg2309,pg2309,4131.0,1.0,82620.0,0.0,7,4131.0,4133.0,6,4122.0,4138.0,4145.0,4125.0,545.0,45026560.0,34669
2023-05-10 21:09:05,pg2309,pg2309,4131.0,0.0,0.0,0.0,10,4131.0,4133.0,3,4122.0,4138.0,4145.0,4125.0,545.0,45026560.0,34669
2023-05-10 21:09:05,pg2309,pg2309,4133.0,2.0,165320.0,-2.0,7,4132.0,4134.0,5,4122.0,4138.0,4145.0,4125.0,547.0,45191880.0,34667
2023-05-10 21:09:06,pg2309,pg2309,4134.0,2.0,165360.0,1.0,11,4132.0,4134.0,1,4122.0,4138.0,4145.0,4125.0,549.0,45357240.0,34668
2023-05-10 21:09:06,pg2309,pg2309,4134.0,0.0,0.0,0.0,12,4132.0,4134.0,2,4122.0,4138.0,4145.0,4125.0,549.0,45357240.0,34668
2023-05-10 21:09:06,pg2309,pg2309,4134.0,0.0,0.0,0.0,10,4132.0,4134.0,2,4122.0,4138.0,4145.0,4125.0,549.0,45357240.0,34668
2023-05-10 21:09:07,pg2309,pg2309,4134.0,0.0,0.0,0.0,10,4132.0,4133.0,1,4122.0,4138.0,4145.0,4125.0,549.0,45357240.0,34668
2023-05-10 21:09:08,pg2309,pg2309,4134.0,0.0,0.0,0.0,12,4131.0,4133.0,1,4122.0,4138.0,4145.0,4125.0,549.0,45357240.0,34668
2023-05-10 21:09:08,pg2309,pg2309,4134.0,0.0,0.0,0.0,11,4131.0,4133.0,1,4122.0,4138.0,4145.0,4125.0,549.0,45357240.0,34668
2023-05-10 21:09:09,pg2309,pg2309,4134.0,0.0,0.0,0.0,10,4131.0,4133.0,1,4122.0,4138.0,4145.0,4125.0,549.0,45357240.0,34668
2023-05-10 21:09:13,pg2309,pg2309,4134.0,0.0,0.0,0.0,9,4131.0,4133.0,1,4122.0,4138.0,4145.0,4125.0,549.0,45357240.0,34668
2023-05-10 21:09:13,pg2309,pg2309,4134.0,0.0,0.0,0.0,8,4131.0,4133.0,3,4122.0,4138.0,4145.0,4125.0,549.0,45357240.0,34668
2023-05-10 21:09:14,pg2309,pg2309,4134.0,0.0,0.0,0.0,8,4131.0,4133.0,4,4122.0,4138.0,4145.0,4125.0,549.0,45357240.0,34668
2023-05-10 21:09:14,pg2309,pg2309,4134.0,0.0,0.0,0.0,8,4131.0,4133.0,3,4122.0,4138.0,4145.0,4125.0,549.0,45357240.0,34668
2023-05-10 21:09:16,pg2309,pg2309,4134.0,0.0,0.0,0.0,11,4131.0,4133.0,3,4122.0,4138.0,4145.0,4125.0,549.0,45357240.0,34668
2023-05-10 21:09:16,pg2309,pg2309,4134.0,0.0,0.0,0.0,10,4131.0,4133.0,3,4122.0,4138.0,4145.0,4125.0,549.0,45357240.0,34668
2023-05-10 21:09:17,pg2309,pg2309,4133.0,3.0,247900.0,1.0,6,4131.0,4133.0,3,4122.0,4138.0,4145.0,4125.0,552.0,45605140.0,34669
2023-05-10 21:09:18,pg2309,pg2309,4133.0,0.0,0.0,0.0,7,4131.0,4133.0,2,4122.0,4138.0,4145.0,4125.0,552.0,45605140.0,34669
2023-05-10 21:09:18,pg2309,pg2309,4133.0,0.0,0.0,0.0,1,4132.0,4133.0,2,4122.0,4138.0,4145.0,4125.0,552.0,45605140.0,34669
2023-05-10 21:09:19,pg2309,pg2309,4133.0,0.0,0.0,0.0,2,4132.0,4133.0,2,4122.0,4138.0,4145.0,4125.0,552.0,45605140.0,34669
2023-05-10 21:09:19,pg2309,pg2309,4133.0,0.0,0.0,0.0,1,4132.0,4133.0,2,4122.0,4138.0,4145.0,4125.0,552.0,45605140.0,34669
2023-05-10 21:09:27,pg2309,pg2309,4132.0,1.0,82640.0,1.0,11,4131.0,4133.0,2,4122.0,4138.0,4145.0,4125.0,553.0,45687780.0,34670
2023-05-10 21:09:27,pg2309,pg2309,4133.0,1.0,82660.0,1.0,11,4131.0,4133.0,1,4122.0,4138.0,4145.0,4125.0,554.0,45770440.0,34671
2023-05-10 21:09:27,pg2309,pg2309,4133.0,0.0,0.0,0.0,10,4131.0,4133.0,1,4122.0,4138.0,4145.0,4125.0,554.0,45770440.0,34671
2023-05-10 21:09:28,pg2309,pg2309,4133.0,0.0,0.0,0.0,15,4131.0,4133.0,2,4122.0,4138.0,4145.0,4125.0,554.0,45770440.0,34671
2023-05-10 21:09:30,pg2309,pg2309,4133.0,0.0,0.0,0.0,15,4131.0,4133.0,3,4122.0,4138.0,4145.0,4125.0,554.0,45770440.0,34671
2023-05-10 21:09:31,pg2309,pg2309,4131.0,4.0,330480.0,1.0,11,4131.0,4133.0,3,4122.0,4138.0,4145.0,4125.0,558.0,46100920.0,34672
2023-05-10 21:09:32,pg2309,pg2309,4131.0,0.0,0.0,0.0,12,4131.0,4133.0,3,4122.0,4138.0,4145.0,4125.0,558.0,46100920.0,34672
2023-05-10 21:09:32,pg2309,pg2309,4131.0,0.0,0.0,0.0,13,4131.0,4133.0,3,4122.0,4138.0,4145.0,4125.0,558.0,46100920.0,34672
2023-05-10 21:09:33,pg2309,pg2309,4131.0,0.0,0.0,0.0,12,4131.0,4133.0,3,4122.0,4138.0,4145.0,4125.0,558.0,46100920.0,34672
2023-05-10 21:09:34,pg2309,pg2309,4131.0,0.0,0.0,0.0,14,4131.0,4133.0,3,4122.0,4138.0,4145.0,4125.0,558.0,46100920.0,34672
2023-05-10 21:09:34,pg2309,pg2309,4131.0,0.0,0.0,0.0,13,4131.0,4133.0,3,4122.0,4138.0,4145.0,4125.0,558.0,46100920.0,34672
2023-05-10 21:09:36,pg2309,pg2309,4131.0,0.0,0.0,0.0,14,4131.0,4133.0,3,4122.0,4138.0,4145.0,4125.0,558.0,46100920.0,34672
2023-05-10 21:09:37,pg2309,pg2309,4131.0,0.0,0.0,0.0,1,4132.0,4133.0,3,4122.0,4138.0,4145.0,4125.0,558.0,46100920.0,34672
2023-05-10 21:09:38,pg2309,pg2309,4132.0,4.0,330620.0,1.0,1,4132.0,4134.0,8,4122.0,4138.0,4145.0,4125.0,562.0,46431540.0,34673
2023-05-10 21:09:39,pg2309,pg2309,4132.0,0.0,0.0,0.0,14,4131.0,4134.0,10,4122.0,4138.0,4145.0,4125.0,562.0,46431540.0,34673
2023-05-10 21:09:39,pg2309,pg2309,4132.0,0.0,0.0,0.0,14,4131.0,4132.0,2,4122.0,4138.0,4145.0,4125.0,562.0,46431540.0,34673
2023-05-10 21:09:40,pg2309,pg2309,4133.0,3.0,247940.0,0.0,1,4133.0,4134.0,6,4122.0,4138.0,4145.0,4125.0,565.0,46679480.0,34673
2023-05-10 21:09:41,pg2309,pg2309,4133.0,0.0,0.0,0.0,1,4133.0,4134.0,5,4122.0,4138.0,4145.0,4125.0,565.0,46679480.0,34673
2023-05-10 21:09:41,pg2309,pg2309,4133.0,0.0,0.0,0.0,1,4133.0,4134.0,3,4122.0,4138.0,4145.0,4125.0,565.0,46679480.0,34673
2023-05-10 21:09:47,pg2309,pg2309,4133.0,2.0,165320.0,1.0,9,4132.0,4134.0,3,4122.0,4138.0,4145.0,4125.0,567.0,46844800.0,34674
2023-05-10 21:09:47,pg2309,pg2309,4133.0,0.0,0.0,0.0,10,4132.0,4134.0,3,4122.0,4138.0,4145.0,4125.0,567.0,46844800.0,34674
2023-05-10 21:09:48,pg2309,pg2309,4133.0,0.0,0.0,0.0,1,4133.0,4134.0,3,4122.0,4138.0,4145.0,4125.0,567.0,46844800.0,34674
2023-05-10 21:09:48,pg2309,pg2309,4133.0,0.0,0.0,0.0,2,4133.0,4134.0,3,4122.0,4138.0,4145.0,4125.0,567.0,46844800.0,34674
2023-05-10 21:09:53,pg2309,pg2309,4133.0,1.0,82660.0,0.0,1,4133.0,4134.0,3,4122.0,4138.0,4145.0,4125.0,568.0,46927460.0,34674
2023-05-10 21:09:54,pg2309,pg2309,4134.0,3.0,248040.0,-1.0,2,4133.0,4135.0,19,4122.0,4138.0,4145.0,4125.0,571.0,47175500.0,34673
2023-05-10 21:09:54,pg2309,pg2309,4134.0,0.0,0.0,0.0,1,4133.0,4135.0,21,4122.0,4138.0,4145.0,4125.0,571.0,47175500.0,34673
2023-05-10 21:09:55,pg2309,pg2309,4134.0,0.0,0.0,0.0,1,4133.0,4135.0,19,4122.0,4138.0,4145.0,4125.0,571.0,47175500.0,34673
2023-05-10 21:09:55,pg2309,pg2309,4135.0,1.0,82700.0,0.0,1,4133.0,4135.0,18,4122.0,4138.0,4145.0,4125.0,572.0,47258200.0,34673
2023-05-10 21:09:56,pg2309,pg2309,4135.0,0.0,0.0,0.0,3,4133.0,4135.0,18,4122.0,4138.0,4145.0,4125.0,572.0,47258200.0,34673
2023-05-10 21:09:57,pg2309,pg2309,4135.0,0.0,0.0,0.0,2,4134.0,4135.0,16,4122.0,4138.0,4145.0,4125.0,572.0,47258200.0,34673
2023-05-10 21:09:57,pg2309,pg2309,4136.0,22.0,1819520.0,0.0,2,4135.0,4137.0,5,4122.0,4138.0,4145.0,4125.0,594.0,49077720.0,34673
2023-05-10 21:09:58,pg2309,pg2309,4135.0,2.0,165440.0,-1.0,3,4135.0,4137.0,2,4122.0,4138.0,4145.0,4125.0,596.0,49243160.0,34672
2023-05-10 21:09:58,pg2309,pg2309,4135.0,0.0,0.0,0.0,10,4135.0,4138.0,12,4122.0,4138.0,4145.0,4125.0,596.0,49243160.0,34672
2023-05-10 21:09:59,pg2309,pg2309,4135.0,0.0,0.0,0.0,14,4135.0,4138.0,11,4122.0,4138.0,4145.0,4125.0,596.0,49243160.0,34672
2023-05-10 21:09:59,pg2309,pg2309,4135.0,0.0,0.0,0.0,14,4135.0,4138.0,10,4122.0,4138.0,4145.0,4125.0,596.0,49243160.0,34672
2023-05-10 21:10:00,pg2309,pg2309,4135.0,0.0,0.0,0.0,11,4135.0,4138.0,10,4122.0,4138.0,4145.0,4125.0,596.0,49243160.0,34672
2023-05-10 21:10:00,pg2309,pg2309,4135.0,0.0,0.0,0.0,1,4136.0,4138.0,10,4122.0,4138.0,4145.0,4125.0,596.0,49243160.0,34672
2023-05-10 21:10:01,pg2309,pg2309,4138.0,1.0,82760.0,1.0,6,4137.0,4138.0,7,4122.0,4138.0,4145.0,4125.0,597.0,49325920.0,34673
2023-05-10 21:10:01,pg2309,pg2309,4137.0,3.0,248220.0,0.0,1,4136.0,4138.0,8,4122.0,4138.0,4145.0,4125.0,600.0,49574140.0,34673
2023-05-10 21:10:02,pg2309,pg2309,4137.0,0.0,0.0,0.0,13,4135.0,4138.0,10,4122.0,4138.0,4145.0,4125.0,600.0,49574140.0,34673
2023-05-10 21:10:03,pg2309,pg2309,4137.0,0.0,0.0,0.0,3,4136.0,4138.0,9,4122.0,4138.0,4145.0,4125.0,600.0,49574140.0,34673
2023-05-10 21:10:04,pg2309,pg2309,4137.0,0.0,0.0,0.0,11,4135.0,4138.0,9,4122.0,4138.0,4145.0,4125.0,600.0,49574140.0,34673
2023-05-10 21:10:04,pg2309,pg2309,4137.0,0.0,0.0,0.0,4,4136.0,4138.0,10,4122.0,4138.0,4145.0,4125.0,600.0,49574140.0,34673
2023-05-10 21:10:05,pg2309,pg2309,4137.0,0.0,0.0,0.0,9,4136.0,4138.0,7,4122.0,4138.0,4145.0,4125.0,600.0,49574140.0,34673
2023-05-10 21:10:05,pg2309,pg2309,4138.0,1.0,82760.0,-1.0,12,4136.0,4138.0,6,4122.0,4138.0,4145.0,4125.0,601.0,49656900.0,34672
2023-05-10 21:10:06,pg2309,pg2309,4138.0,1.0,82760.0,-1.0,13,4136.0,4138.0,3,4122.0,4138.0,4145.0,4125.0,602.0,49739660.0,34671
2023-05-10 21:10:06,pg2309,pg2309,4138.0,1.0,82760.0,-1.0,12,4136.0,4138.0,2,4122.0,4138.0,4145.0,4125.0,603.0,49822420.0,34670
2023-05-10 21:10:07,pg2309,pg2309,4138.0,0.0,0.0,0.0,8,4136.0,4138.0,3,4122.0,4138.0,4145.0,4125.0,603.0,49822420.0,34670
2023-05-10 21:10:07,pg2309,pg2309,4138.0,0.0,0.0,0.0,7,4136.0,4138.0,3,4122.0,4138.0,4145.0,4125.0,603.0,49822420.0,34670
2023-05-10 21:10:08,pg2309,pg2309,4138.0,2.0,165520.0,-1.0,6,4137.0,4139.0,10,4122.0,4138.0,4145.0,4125.0,605.0,49987940.0,34669
2023-05-10 21:10:08,pg2309,pg2309,4137.0,1.0,82740.0,0.0,8,4137.0,4139.0,10,4122.0,4138.0,4145.0,4125.0,606.0,50070680.0,34669
2023-05-10 21:10:09,pg2309,pg2309,4137.0,0.0,0.0,0.0,3,4137.0,4139.0,10,4122.0,4138.0,4145.0,4125.0,606.0,50070680.0,34669
2023-05-10 21:10:09,pg2309,pg2309,4137.0,0.0,0.0,0.0,2,4138.0,4139.0,9,4122.0,4138.0,4145.0,4125.0,606.0,50070680.0,34669
2023-05-10 21:10:10,pg2309,pg2309,4138.0,2.0,165520.0,-1.0,8,4137.0,4138.0,1,4122.0,4138.0,4145.0,4125.0,608.0,50236200.0,34668
2023-05-10 21:10:10,pg2309,pg2309,4138.0,0.0,0.0,0.0,7,4137.0,4138.0,1,4122.0,4138.0,4145.0,4125.0,608.0,50236200.0,34668
2023-05-10 21:10:11,pg2309,pg2309,4138.0,0.0,0.0,0.0,6,4137.0,4138.0,1,4122.0,4138.0,4145.0,4125.0,608.0,50236200.0,34668
2023-05-10 21:10:12,pg2309,pg2309,4138.0,1.0,82760.0,0.0,4,4137.0,4139.0,12,4122.0,4138.0,4145.0,4125.0,609.0,50318960.0,34668
2023-05-10 21:10:12,pg2309,pg2309,4138.0,0.0,0.0,0.0,6,4137.0,4139.0,11,4122.0,4138.0,4145.0,4125.0,609.0,50318960.0,34668
2023-05-10 21:10:13,pg2309,pg2309,4138.0,0.0,0.0,0.0,8,4137.0,4139.0,10,4122.0,4138.0,4145.0,4125.0,609.0,50318960.0,34668
2023-05-10 21:10:14,pg2309,pg2309,4138.0,1.0,82760.0,0.0,6,4137.0,4139.0,11,4122.0,4138.0,4145.0,4125.0,610.0,50401720.0,34668
2023-05-10 21:10:14,pg2309,pg2309,4138.0,0.0,0.0,0.0,5,4137.0,4139.0,11,4122.0,4138.0,4145.0,4125.0,610.0,50401720.0,34668
2023-05-10 21:10:15,pg2309,pg2309,4139.0,5.0,413900.0,0.0,4,4137.0,4139.0,7,4122.0,4138.0,4145.0,4125.0,615.0,50815620.0,34668
2023-05-10 21:10:15,pg2309,pg2309,4139.0,1.0,82780.0,-1.0,4,4137.0,4139.0,5,4122.0,4138.0,4145.0,4125.0,616.0,50898400.0,34667
2023-05-10 21:10:16,pg2309,pg2309,4139.0,0.0,0.0,0.0,3,4137.0,4139.0,6,4122.0,4138.0,4145.0,4125.0,616.0,50898400.0,34667
2023-05-10 21:10:16,pg2309,pg2309,4139.0,0.0,0.0,0.0,4,4137.0,4139.0,7,4122.0,4138.0,4145.0,4125.0,616.0,50898400.0,34667
2023-05-10 21:10:17,pg2309,pg2309,4139.0,0.0,0.0,0.0,4,4137.0,4139.0,6,4122.0,4138.0,4145.0,4125.0,616.0,50898400.0,34667
2023-05-10 21:10:18,pg2309,pg2309,4139.0,0.0,0.0,0.0,1,4138.0,4139.0,7,4122.0,4138.0,4145.0,4125.0,616.0,50898400.0,34667
2023-05-10 21:10:18,pg2309,pg2309,4138.0,1.0,82760.0,1.0,7,4137.0,4139.0,5,4122.0,4138.0,4145.0,4125.0,617.0,50981160.0,34668
2023-05-10 21:10:19,pg2309,pg2309,4138.0,0.0,0.0,0.0,9,4137.0,4139.0,2,4122.0,4138.0,4145.0,4125.0,617.0,50981160.0,34668
2023-05-10 21:10:19,pg2309,pg2309,4138.0,0.0,0.0,0.0,10,4137.0,4139.0,2,4122.0,4138.0,4145.0,4125.0,617.0,50981160.0,34668
2023-05-10 21:10:20,pg2309,pg2309,4138.0,0.0,0.0,0.0,10,4137.0,4139.0,1,4122.0,4138.0,4145.0,4125.0,617.0,50981160.0,34668
2023-05-10 21:10:22,pg2309,pg2309,4139.0,1.0,82780.0,0.0,10,4137.0,4140.0,17,4122.0,4138.0,4145.0,4125.0,618.0,51063940.0,34668
2023-05-10 21:10:22,pg2309,pg2309,4137.0,1.0,82740.0,0.0,9,4137.0,4140.0,17,4122.0,4138.0,4145.0,4125.0,619.0,51146680.0,34668
