,time,symbol_id,symbol_name,last,trade_volume,trade_amount,open_interest_change,bv1,bp1,ap1,av1,prev_close,open,high,low,volume,amount,open_interest
0,2023-09-18 08:55:00,AP2310,AP310,9050.0,0.0,0.0,0.0,0,0.0,0.0,0,9050.0,9052.0,0.0,0.0,0.0,0.0,11479
1,2023-09-18 08:55:05,AP2310,AP310,9050.0,0.0,0.0,0.0,0,0.0,0.0,0,9050.0,9052.0,0.0,0.0,0.0,0.0,11479
2,2023-09-18 08:55:05,AP2310,AP310,9050.0,0.0,0.0,0.0,0,0.0,0.0,0,9050.0,9052.0,0.0,0.0,0.0,0.0,11479
3,2023-09-18 08:55:13,AP2310,AP310,9050.0,0.0,0.0,0.0,0,0.0,0.0,0,9050.0,9052.0,0.0,0.0,0.0,0.0,11479
4,2023-09-18 08:55:19,AP2310,AP310,9050.0,0.0,0.0,0.0,0,0.0,0.0,0,9050.0,9052.0,0.0,0.0,0.0,0.0,11479
5,2023-09-18 08:55:20,AP2310,AP310,9050.0,0.0,0.0,0.0,0,0.0,0.0,0,9050.0,9052.0,0.0,0.0,0.0,0.0,11479
6,2023-09-18 08:55:22,AP2310,AP310,9050.0,0.0,0.0,0.0,0,0.0,0.0,0,9050.0,9052.0,0.0,0.0,0.0,0.0,11479
7,2023-09-18 08:55:40,AP2310,AP310,9050.0,0.0,0.0,0.0,0,0.0,0.0,0,9050.0,9052.0,0.0,0.0,0.0,0.0,11479
8,2023-09-18 08:55:53,AP2310,AP310,9050.0,0.0,0.0,0.0,0,0.0,0.0,0,9050.0,9052.0,0.0,0.0,0.0,0.0,11479
9,2023-09-18 08:56:03,AP2310,AP310,9050.0,0.0,0.0,0.0,0,0.0,0.0,0,9050.0,9052.0,0.0,0.0,0.0,0.0,11479
10,2023-09-18 08:56:04,AP2310,AP310,9050.0,0.0,0.0,0.0,0,0.0,0.0,0,9050.0,9052.0,0.0,0.0,0.0,0.0,11479
11,2023-09-18 08:56:11,AP2310,AP310,9050.0,0.0,0.0,0.0,0,0.0,0.0,0,9050.0,9052.0,0.0,0.0,0.0,0.0,11479
12,2023-09-18 08:56:16,AP2310,AP310,9050.0,0.0,0.0,0.0,0,0.0,0.0,0,9050.0,9052.0,0.0,0.0,0.0,0.0,11479
13,2023-09-18 08:56:21,AP2310,AP310,9050.0,0.0,0.0,0.0,0,0.0,0.0,0,9050.0,9052.0,0.0,0.0,0.0,0.0,11479
14,2023-09-18 08:57:01,AP2310,AP310,9050.0,0.0,0.0,0.0,0,0.0,0.0,0,9050.0,9052.0,0.0,0.0,0.0,0.0,11479
15,2023-09-18 08:57:02,AP2310,AP310,9050.0,0.0,0.0,0.0,0,0.0,0.0,0,9050.0,9052.0,0.0,0.0,0.0,0.0,11479
16,2023-09-18 08:57:05,AP2310,AP310,9050.0,0.0,0.0,0.0,0,0.0,0.0,0,9050.0,9052.0,0.0,0.0,0.0,0.0,11479
17,2023-09-18 08:57:15,AP2310,AP310,9050.0,0.0,0.0,0.0,0,0.0,0.0,0,9050.0,9052.0,0.0,0.0,0.0,0.0,11479
18,2023-09-18 08:57:16,AP2310,AP310,9050.0,0.0,0.0,0.0,0,0.0,0.0,0,9050.0,9052.0,0.0,0.0,0.0,0.0,11479
19,2023-09-18 08:57:25,AP2310,AP310,9050.0,0.0,0.0,0.0,0,0.0,0.0,0,9050.0,9052.0,0.0,0.0,0.0,0.0,11479
20,2023-09-18 08:58:10,AP2310,AP310,9050.0,0.0,0.0,0.0,0,0.0,0.0,0,9050.0,9052.0,0.0,0.0,0.0,0.0,11479
21,2023-09-18 08:58:16,AP2310,AP310,9050.0,0.0,0.0,0.0,0,0.0,0.0,0,9050.0,9052.0,0.0,0.0,0.0,0.0,11479
22,2023-09-18 08:58:18,AP2310,AP310,9050.0,0.0,0.0,0.0,0,0.0,0.0,0,9050.0,9052.0,0.0,0.0,0.0,0.0,11479
23,2023-09-18 08:59:00,AP2310,AP310,9052.0,115.0,1040980.0,-41.0,8,9052.0,9070.0,6,9050.0,9052.0,9052.0,9052.0,115.0,1040980.0,11438
24,2023-09-18 09:00:00,AP2310,AP310,9052.0,2.0,18104.0,0.0,6,9052.0,9070.0,6,9050.0,9052.0,9052.0,9052.0,117.0,1059084.0,11438
25,2023-09-18 09:00:00,AP2310,AP310,9052.0,1.0,9052.0,0.0,5,9052.0,9070.0,6,9050.0,9052.0,9052.0,9052.0,118.0,1068136.0,11438
26,2023-09-18 09:00:01,AP2310,AP310,9050.0,29.0,263096.0,-9.0,4,9050.0,9068.0,1,9050.0,9052.0,9100.0,9050.0,147.0,1331232.0,11429
27,2023-09-18 09:00:01,AP2310,AP310,9052.0,1.0,9056.0,-1.0,10,9053.0,9068.0,1,9050.0,9052.0,9100.0,9050.0,148.0,1340288.0,11428
28,2023-09-18 09:00:02,AP2310,AP310,9052.0,2.0,18112.0,0.0,8,9053.0,9061.0,1,9050.0,9052.0,9100.0,9050.0,150.0,1358400.0,11428
29,2023-09-18 09:00:02,AP2310,AP310,9053.0,6.0,54336.0,-2.0,4,9053.0,9086.0,1,9050.0,9052.0,9100.0,9050.0,156.0,1412736.0,11426
30,2023-09-18 09:00:02,AP2310,AP310,9068.0,4.0,36224.0,1.0,4,9053.0,9099.0,13,9050.0,9052.0,9100.0,9050.0,160.0,1448960.0,11427
31,2023-09-18 09:00:03,AP2310,AP310,9053.0,6.0,54336.0,2.0,3,9051.0,9095.0,5,9050.0,9052.0,9100.0,9050.0,166.0,1503296.0,11429
32,2023-09-18 09:00:04,AP2310,AP310,9053.0,0.0,0.0,0.0,3,9051.0,9095.0,13,9050.0,9052.0,9100.0,9050.0,166.0,1503296.0,11429
33,2023-09-18 09:00:04,AP2310,AP310,9051.0,1.0,9056.0,-1.0,2,9051.0,9067.0,1,9050.0,9052.0,9100.0,9050.0,167.0,1512352.0,11428
34,2023-09-18 09:00:04,AP2310,AP310,9051.0,0.0,0.0,0.0,10,9050.0,9051.0,1,9050.0,9052.0,9100.0,9050.0,167.0,1512352.0,11428
35,2023-09-18 09:00:05,AP2310,AP310,9053.0,3.0,27168.0,-1.0,1,9051.0,9053.0,2,9050.0,9052.0,9100.0,9050.0,170.0,1539520.0,11427
36,2023-09-18 09:00:05,AP2310,AP310,9053.0,2.0,18112.0,-2.0,3,9051.0,9067.0,1,9050.0,9052.0,9100.0,9050.0,172.0,1557632.0,11425
37,2023-09-18 09:00:06,AP2310,AP310,9051.0,3.0,27168.0,-3.0,1,9053.0,9068.0,1,9050.0,9052.0,9100.0,9050.0,175.0,1584800.0,11422
38,2023-09-18 09:00:06,AP2310,AP310,9051.0,0.0,0.0,0.0,2,9052.0,9066.0,1,9050.0,9052.0,9100.0,9050.0,175.0,1584800.0,11422
39,2023-09-18 09:00:07,AP2310,AP310,9066.0,2.0,18112.0,-2.0,1,9067.0,9068.0,1,9050.0,9052.0,9100.0,9050.0,177.0,1602912.0,11420
40,2023-09-18 09:00:08,AP2310,AP310,9067.0,5.0,45280.0,0.0,1,9053.0,9068.0,1,9050.0,9052.0,9100.0,9050.0,182.0,1648192.0,11420
41,2023-09-18 09:00:08,AP2310,AP310,9054.0,2.0,18112.0,0.0,2,9055.0,9064.0,1,9050.0,9052.0,9100.0,9050.0,184.0,1666304.0,11420
42,2023-09-18 09:00:08,AP2310,AP310,9064.0,2.0,18112.0,-1.0,1,9057.0,9063.0,1,9050.0,9052.0,9100.0,9050.0,186.0,1684416.0,11419
43,2023-09-18 09:00:09,AP2310,AP310,9057.0,2.0,18112.0,0.0,1,9058.0,9061.0,2,9050.0,9052.0,9100.0,9050.0,188.0,1702528.0,11419
44,2023-09-18 09:00:09,AP2310,AP310,9057.0,1.0,9056.0,0.0,2,9054.0,9060.0,1,9050.0,9052.0,9100.0,9050.0,189.0,1711584.0,11419
45,2023-09-18 09:00:10,AP2310,AP310,9054.0,2.0,18112.0,0.0,1,9053.0,9055.0,1,9050.0,9052.0,9100.0,9050.0,191.0,1729696.0,11419
46,2023-09-18 09:00:10,AP2310,AP310,9053.0,1.0,9056.0,-1.0,2,9051.0,9057.0,1,9050.0,9052.0,9100.0,9050.0,192.0,1738752.0,11418
47,2023-09-18 09:00:11,AP2310,AP310,9053.0,5.0,45280.0,-3.0,10,9050.0,9053.0,1,9050.0,9052.0,9100.0,9050.0,197.0,1784032.0,11415
48,2023-09-18 09:00:11,AP2310,AP310,9050.0,1.0,9056.0,0.0,9,9050.0,9052.0,1,9050.0,9052.0,9100.0,9050.0,198.0,1793088.0,11415
49,2023-09-18 09:00:12,AP2310,AP310,9053.0,5.0,45280.0,-3.0,19,9053.0,9054.0,1,9050.0,9052.0,9100.0,9050.0,203.0,1838368.0,11412
50,2023-09-18 09:00:12,AP2310,AP310,9054.0,4.0,36224.0,-3.0,2,9054.0,9067.0,2,9050.0,9052.0,9100.0,9050.0,207.0,1874592.0,11409
51,2023-09-18 09:00:13,AP2310,AP310,9054.0,1.0,9056.0,-1.0,1,9054.0,9065.0,2,9050.0,9052.0,9100.0,9050.0,208.0,1883648.0,11408
52,2023-09-18 09:00:13,AP2310,AP310,9054.0,0.0,0.0,0.0,1,9055.0,9063.0,1,9050.0,9052.0,9100.0,9050.0,208.0,1883648.0,11408
53,2023-09-18 09:00:14,AP2310,AP310,9054.0,0.0,0.0,0.0,1,9055.0,9061.0,1,9050.0,9052.0,9100.0,9050.0,208.0,1883648.0,11408
54,2023-09-18 09:00:14,AP2310,AP310,9055.0,1.0,9056.0,1.0,1,9054.0,9061.0,1,9050.0,9052.0,9100.0,9050.0,209.0,1892704.0,11409
55,2023-09-18 09:00:15,AP2310,AP310,9055.0,0.0,0.0,0.0,1,9054.0,9060.0,1,9050.0,9052.0,9100.0,9050.0,209.0,1892704.0,11409
56,2023-09-18 09:00:15,AP2310,AP310,9055.0,0.0,0.0,0.0,1,9054.0,9059.0,1,9050.0,9052.0,9100.0,9050.0,209.0,1892704.0,11409
57,2023-09-18 09:00:16,AP2310,AP310,9055.0,3.0,27168.0,-1.0,1,9054.0,9060.0,1,9050.0,9052.0,9100.0,9050.0,212.0,1919872.0,11408
58,2023-09-18 09:00:17,AP2310,AP310,9057.0,1.0,9056.0,0.0,21,9053.0,9054.0,8,9050.0,9052.0,9100.0,9050.0,213.0,1928928.0,11408
59,2023-09-18 09:00:17,AP2310,AP310,9049.0,44.0,398207.0,-25.0,1,9044.0,9053.0,16,9050.0,9052.0,9100.0,9049.0,257.0,2327135.0,11383
60,2023-09-18 09:00:18,AP2310,AP310,9048.0,6.0,54330.0,4.0,1,9036.0,9049.0,15,9050.0,9052.0,9100.0,9044.0,263.0,2381465.0,11387
61,2023-09-18 09:00:19,AP2310,AP310,9032.0,16.0,144601.0,-3.0,22,9032.0,9044.0,6,9050.0,9052.0,9100.0,9032.0,279.0,2526066.0,11384
62,2023-09-18 09:00:19,AP2310,AP310,9032.0,3.0,27162.0,-1.0,20,9032.0,9041.0,4,9050.0,9052.0,9100.0,9032.0,282.0,2553228.0,11383
63,2023-09-18 09:00:19,AP2310,AP310,9032.0,0.0,0.0,0.0,20,9032.0,9037.0,2,9050.0,9052.0,9100.0,9032.0,282.0,2553228.0,11383
64,2023-09-18 09:00:20,AP2310,AP310,9032.0,3.0,27162.0,1.0,17,9032.0,9033.0,5,9050.0,9052.0,9100.0,9032.0,285.0,2580390.0,11384
65,2023-09-18 09:00:20,AP2310,AP310,9032.0,17.0,153314.0,8.0,2,9031.0,9033.0,3,9050.0,9052.0,9100.0,9032.0,302.0,2733704.0,11392
66,2023-09-18 09:00:21,AP2310,AP310,9031.0,2.0,18104.0,2.0,2,9020.0,9032.0,1,9050.0,9052.0,9100.0,9031.0,304.0,2751808.0,11394
67,2023-09-18 09:00:21,AP2310,AP310,9025.0,2.0,18104.0,-2.0,2,9020.0,9031.0,2,9050.0,9052.0,9100.0,9025.0,306.0,2769912.0,11392
68,2023-09-18 09:00:22,AP2310,AP310,9018.0,12.0,108306.0,-6.0,5,9008.0,9033.0,3,9050.0,9052.0,9100.0,9018.0,318.0,2878218.0,11386
69,2023-09-18 09:00:22,AP2310,AP310,9018.0,0.0,0.0,0.0,1,9009.0,9031.0,1,9050.0,9052.0,9100.0,9018.0,318.0,2878218.0,11386
70,2023-09-18 09:00:23,AP2310,AP310,9029.0,3.0,27153.0,-3.0,5,9008.0,9024.0,2,9050.0,9052.0,9100.0,9018.0,321.0,2905371.0,11383
71,2023-09-18 09:00:23,AP2310,AP310,9024.0,3.0,26829.0,-3.0,1,9010.0,9042.0,1,9050.0,9052.0,9100.0,9018.0,324.0,2932200.0,11380
72,2023-09-18 09:00:24,AP2310,AP310,9024.0,0.0,0.0,0.0,2,9012.0,9040.0,1,9050.0,9052.0,9100.0,9018.0,324.0,2932200.0,11380
73,2023-09-18 09:00:24,AP2310,AP310,9024.0,0.0,0.0,0.0,1,9018.0,9038.0,1,9050.0,9052.0,9100.0,9018.0,324.0,2932200.0,11380
74,2023-09-18 09:00:25,AP2310,AP310,9019.0,2.0,18100.0,-2.0,1,9019.0,9036.0,2,9050.0,9052.0,9100.0,9018.0,326.0,2950300.0,11378
75,2023-09-18 09:00:25,AP2310,AP310,9034.0,1.0,9050.0,0.0,1,9023.0,9034.0,1,9050.0,9052.0,9100.0,9018.0,327.0,2959350.0,11378
76,2023-09-18 09:00:26,AP2310,AP310,9033.0,2.0,18100.0,1.0,3,9019.0,9032.0,1,9050.0,9052.0,9100.0,9018.0,329.0,2977450.0,11379
77,2023-09-18 09:00:26,AP2310,AP310,9032.0,2.0,18100.0,-1.0,2,9021.0,9033.0,1,9050.0,9052.0,9100.0,9018.0,331.0,2995550.0,11378
78,2023-09-18 09:00:27,AP2310,AP310,9033.0,1.0,9050.0,0.0,3,9023.0,9033.0,1,9050.0,9052.0,9100.0,9018.0,332.0,3004600.0,11378
79,2023-09-18 09:00:27,AP2310,AP310,9033.0,0.0,0.0,0.0,3,9025.0,9033.0,1,9050.0,9052.0,9100.0,9018.0,332.0,3004600.0,11378
80,2023-09-18 09:00:28,AP2310,AP310,9033.0,2.0,18100.0,-1.0,1,9026.0,9034.0,1,9050.0,9052.0,9100.0,9018.0,334.0,3022700.0,11377
81,2023-09-18 09:00:28,AP2310,AP310,9034.0,1.0,9050.0,0.0,1,9027.0,9043.0,2,9050.0,9052.0,9100.0,9018.0,335.0,3031750.0,11377
82,2023-09-18 09:00:29,AP2310,AP310,9034.0,0.0,0.0,0.0,1,9029.0,9043.0,2,9050.0,9052.0,9100.0,9018.0,335.0,3031750.0,11377
83,2023-09-18 09:00:29,AP2310,AP310,9043.0,1.0,9050.0,0.0,1,9031.0,9043.0,1,9050.0,9052.0,9100.0,9018.0,336.0,3040800.0,11377
84,2023-09-18 09:00:30,AP2310,AP310,9027.0,2.0,18100.0,-2.0,3,9018.0,9027.0,2,9050.0,9052.0,9100.0,9018.0,338.0,3058900.0,11375
85,2023-09-18 09:00:30,AP2310,AP310,9043.0,3.0,26809.0,-1.0,1,9043.0,9048.0,1,9050.0,9052.0,9100.0,9018.0,341.0,3085709.0,11374
86,2023-09-18 09:00:31,AP2310,AP310,9018.0,5.0,45245.0,0.0,1,9018.0,9046.0,5,9050.0,9052.0,9100.0,9018.0,346.0,3130954.0,11374
87,2023-09-18 09:00:31,AP2310,AP310,9018.0,0.0,0.0,0.0,1,9020.0,9044.0,2,9050.0,9052.0,9100.0,9018.0,346.0,3130954.0,11374
88,2023-09-18 09:00:32,AP2310,AP310,9018.0,2.0,18098.0,-2.0,1,9020.0,9042.0,2,9050.0,9052.0,9100.0,9018.0,348.0,3149052.0,11372
89,2023-09-18 09:00:32,AP2310,AP310,9018.0,0.0,0.0,0.0,1,9022.0,9040.0,1,9050.0,9052.0,9100.0,9018.0,348.0,3149052.0,11372
90,2023-09-18 09:00:33,AP2310,AP310,9018.0,0.0,0.0,0.0,1,9022.0,9038.0,1,9050.0,9052.0,9100.0,9018.0,348.0,3149052.0,11372
91,2023-09-18 09:00:34,AP2310,AP310,9037.0,1.0,9049.0,-1.0,1,9023.0,9042.0,2,9050.0,9052.0,9100.0,9018.0,349.0,3158101.0,11371
92,2023-09-18 09:00:34,AP2310,AP310,9037.0,0.0,0.0,0.0,2,9025.0,9040.0,1,9050.0,9052.0,9100.0,9018.0,349.0,3158101.0,11371
93,2023-09-18 09:00:34,AP2310,AP310,9022.0,3.0,27147.0,-3.0,6,9021.0,9038.0,1,9050.0,9052.0,9100.0,9018.0,352.0,3185248.0,11368
94,2023-09-18 09:00:35,AP2310,AP310,9022.0,0.0,0.0,0.0,1,9023.0,9036.0,1,9050.0,9052.0,9100.0,9018.0,352.0,3185248.0,11368
95,2023-09-18 09:00:35,AP2310,AP310,9022.0,0.0,0.0,0.0,1,9025.0,9034.0,1,9050.0,9052.0,9100.0,9018.0,352.0,3185248.0,11368
96,2023-09-18 09:00:36,AP2310,AP310,9036.0,2.0,18098.0,0.0,1,9036.0,9037.0,1,9050.0,9052.0,9100.0,9018.0,354.0,3203346.0,11368
97,2023-09-18 09:00:36,AP2310,AP310,9036.0,1.0,9049.0,1.0,1,9024.0,9036.0,1,9050.0,9052.0,9100.0,9018.0,355.0,3212395.0,11369
98,2023-09-18 09:00:37,AP2310,AP310,9036.0,0.0,0.0,0.0,1,9026.0,9034.0,1,9050.0,9052.0,9100.0,9018.0,355.0,3212395.0,11369
99,2023-09-18 09:00:37,AP2310,AP310,9033.0,2.0,18098.0,-2.0,1,9025.0,9034.0,1,9050.0,9052.0,9100.0,9018.0,357.0,3230493.0,11367
100,2023-09-18 09:00:38,AP2310,AP310,9034.0,1.0,8691.0,0.0,2,9027.0,9035.0,1,9050.0,9052.0,9100.0,9018.0,358.0,3239184.0,11367
101,2023-09-18 09:00:38,AP2310,AP310,9029.0,2.0,18096.0,-2.0,1,9029.0,9036.0,1,9050.0,9052.0,9100.0,9018.0,360.0,3257280.0,11365
102,2023-09-18 09:00:39,AP2310,AP310,9035.0,1.0,9048.0,-1.0,1,9031.0,9036.0,1,9050.0,9052.0,9100.0,9018.0,361.0,3266328.0,11364
103,2023-09-18 09:00:39,AP2310,AP310,9036.0,1.0,9048.0,0.0,1,9033.0,9044.0,2,9050.0,9052.0,9100.0,9018.0,362.0,3275376.0,11364
104,2023-09-18 09:00:40,AP2310,AP310,9036.0,0.0,0.0,0.0,1,9033.0,9040.0,2,9050.0,9052.0,9100.0,9018.0,362.0,3275376.0,11364
105,2023-09-18 09:00:40,AP2310,AP310,9038.0,1.0,9048.0,0.0,1,9036.0,9039.0,1,9050.0,9052.0,9100.0,9018.0,363.0,3284424.0,11364
106,2023-09-18 09:00:41,AP2310,AP310,9036.0,3.0,27144.0,-1.0,1,9035.0,9042.0,1,9050.0,9052.0,9100.0,9018.0,366.0,3311568.0,11363
107,2023-09-18 09:00:42,AP2310,AP310,9039.0,4.0,36192.0,0.0,1,9035.0,9039.0,1,9050.0,9052.0,9100.0,9018.0,370.0,3347760.0,11363
108,2023-09-18 09:00:42,AP2310,AP310,9039.0,0.0,0.0,0.0,1,9035.0,9037.0,1,9050.0,9052.0,9100.0,9018.0,370.0,3347760.0,11363
109,2023-09-18 09:00:42,AP2310,AP310,9037.0,1.0,9048.0,0.0,1,9035.0,9038.0,1,9050.0,9052.0,9100.0,9018.0,371.0,3356808.0,11363
110,2023-09-18 09:00:43,AP2310,AP310,9035.0,1.0,9048.0,-1.0,1,9034.0,9038.0,1,9050.0,9052.0,9100.0,9018.0,372.0,3365856.0,11362
111,2023-09-18 09:00:44,AP2310,AP310,9035.0,3.0,27144.0,0.0,2,9034.0,9039.0,2,9050.0,9052.0,9100.0,9018.0,375.0,3393000.0,11362
112,2023-09-18 09:00:44,AP2310,AP310,9041.0,4.0,36192.0,-3.0,2,9036.0,9045.0,2,9050.0,9052.0,9100.0,9018.0,379.0,3429192.0,11359
113,2023-09-18 09:00:45,AP2310,AP310,9041.0,0.0,0.0,0.0,1,9038.0,9044.0,1,9050.0,9052.0,9100.0,9018.0,379.0,3429192.0,11359
114,2023-09-18 09:00:45,AP2310,AP310,9041.0,0.0,0.0,0.0,1,9036.0,9043.0,1,9050.0,9052.0,9100.0,9018.0,379.0,3429192.0,11359
115,2023-09-18 09:00:46,AP2310,AP310,9042.0,2.0,18096.0,0.0,1,9037.0,9044.0,1,9050.0,9052.0,9100.0,9018.0,381.0,3447288.0,11359
116,2023-09-18 09:00:46,AP2310,AP310,9042.0,0.0,0.0,0.0,1,9039.0,9044.0,1,9050.0,9052.0,9100.0,9018.0,381.0,3447288.0,11359
117,2023-09-18 09:00:47,AP2310,AP310,9042.0,0.0,0.0,0.0,1,9042.0,9044.0,1,9050.0,9052.0,9100.0,9018.0,381.0,3447288.0,11359
118,2023-09-18 09:00:47,AP2310,AP310,9042.0,1.0,9048.0,-1.0,1,9037.0,9042.0,2,9050.0,9052.0,9100.0,9018.0,382.0,3456336.0,11358
119,2023-09-18 09:00:48,AP2310,AP310,9037.0,6.0,54288.0,-6.0,1,9036.0,9037.0,14,9050.0,9052.0,9100.0,9018.0,388.0,3510624.0,11352
120,2023-09-18 09:00:48,AP2310,AP310,9036.0,16.0,144364.0,-1.0,2,9034.0,9044.0,10,9050.0,9052.0,9100.0,9018.0,404.0,3654988.0,11351
121,2023-09-18 09:00:49,AP2310,AP310,9036.0,0.0,0.0,0.0,2,9036.0,9042.0,1,9050.0,9052.0,9100.0,9018.0,404.0,3654988.0,11351
122,2023-09-18 09:00:49,AP2310,AP310,9036.0,0.0,0.0,0.0,1,9037.0,9041.0,1,9050.0,9052.0,9100.0,9018.0,404.0,3654988.0,11351
123,2023-09-18 09:00:50,AP2310,AP310,9041.0,1.0,9047.0,0.0,1,9038.0,9042.0,1,9050.0,9052.0,9100.0,9018.0,405.0,3664035.0,11351
124,2023-09-18 09:00:51,AP2310,AP310,9041.0,0.0,0.0,0.0,1,9040.0,9042.0,11,9050.0,9052.0,9100.0,9018.0,405.0,3664035.0,11351
125,2023-09-18 09:00:51,AP2310,AP310,9041.0,0.0,0.0,0.0,1,9037.0,9040.0,2,9050.0,9052.0,9100.0,9018.0,405.0,3664035.0,11351
126,2023-09-18 09:00:52,AP2310,AP310,9036.0,3.0,27141.0,0.0,1,9035.0,9040.0,5,9050.0,9052.0,9100.0,9018.0,408.0,3691176.0,11351
127,2023-09-18 09:00:52,AP2310,AP310,9036.0,0.0,0.0,0.0,1,9035.0,9039.0,1,9050.0,9052.0,9100.0,9018.0,408.0,3691176.0,11351
128,2023-09-18 09:00:53,AP2310,AP310,9034.0,2.0,18094.0,0.0,1,9032.0,9038.0,7,9050.0,9052.0,9100.0,9018.0,410.0,3709270.0,11351
129,2023-09-18 09:00:53,AP2310,AP310,9034.0,0.0,0.0,0.0,1,9033.0,9037.0,1,9050.0,9052.0,9100.0,9018.0,410.0,3709270.0,11351
130,2023-09-18 09:00:54,AP2310,AP310,9034.0,0.0,0.0,0.0,1,9033.0,9035.0,1,9050.0,9052.0,9100.0,9018.0,410.0,3709270.0,11351
131,2023-09-18 09:00:54,AP2310,AP310,9033.0,1.0,9047.0,0.0,1,9032.0,9035.0,1,9050.0,9052.0,9100.0,9018.0,411.0,3718317.0,11351
132,2023-09-18 09:00:55,AP2310,AP310,9032.0,2.0,18094.0,-1.0,1,9023.0,9026.0,10,9050.0,9052.0,9100.0,9018.0,413.0,3736411.0,11350
133,2023-09-18 09:00:55,AP2310,AP310,9027.0,19.0,171461.0,-16.0,1,9024.0,9036.0,1,9050.0,9052.0,9100.0,9018.0,432.0,3907872.0,11334
134,2023-09-18 09:00:56,AP2310,AP310,9027.0,0.0,0.0,0.0,1,9026.0,9034.0,1,9050.0,9052.0,9100.0,9018.0,432.0,3907872.0,11334
135,2023-09-18 09:00:56,AP2310,AP310,9027.0,0.0,0.0,0.0,1,9028.0,9033.0,1,9050.0,9052.0,9100.0,9018.0,432.0,3907872.0,11334
136,2023-09-18 09:00:57,AP2310,AP310,9027.0,0.0,0.0,0.0,1,9030.0,9032.0,1,9050.0,9052.0,9100.0,9018.0,432.0,3907872.0,11334
137,2023-09-18 09:00:57,AP2310,AP310,9027.0,0.0,0.0,0.0,1,9024.0,9031.0,1,9050.0,9052.0,9100.0,9018.0,432.0,3907872.0,11334
138,2023-09-18 09:00:58,AP2310,AP310,9027.0,0.0,0.0,0.0,1,9025.0,9031.0,1,9050.0,9052.0,9100.0,9018.0,432.0,3907872.0,11334
139,2023-09-18 09:00:58,AP2310,AP310,9032.0,2.0,18092.0,-2.0,10,9027.0,9033.0,2,9050.0,9052.0,9100.0,9018.0,434.0,3925964.0,11332
140,2023-09-18 09:00:59,AP2310,AP310,9032.0,1.0,9046.0,-1.0,2,9031.0,9033.0,2,9050.0,9052.0,9100.0,9018.0,435.0,3935010.0,11331
141,2023-09-18 09:00:59,AP2310,AP310,9032.0,1.0,9046.0,-1.0,2,9031.0,9032.0,1,9050.0,9052.0,9100.0,9018.0,436.0,3944056.0,11330
142,2023-09-18 09:01:00,AP2310,AP310,9029.0,5.0,45230.0,-1.0,2,9028.0,9032.0,1,9050.0,9052.0,9100.0,9018.0,441.0,3989286.0,11329
143,2023-09-18 09:01:00,AP2310,AP310,9029.0,0.0,0.0,0.0,2,9028.0,9031.0,1,9050.0,9052.0,9100.0,9018.0,441.0,3989286.0,11329
144,2023-09-18 09:01:01,AP2310,AP310,9028.0,2.0,18092.0,0.0,1,9028.0,9030.0,1,9050.0,9052.0,9100.0,9018.0,443.0,4007378.0,11329
145,2023-09-18 09:01:01,AP2310,AP310,9027.0,11.0,99052.0,-5.0,2,9022.0,9029.0,4,9050.0,9052.0,9100.0,9018.0,454.0,4106430.0,11324
146,2023-09-18 09:01:02,AP2310,AP310,9027.0,0.0,0.0,0.0,5,9025.0,9026.0,12,9050.0,9052.0,9100.0,9018.0,454.0,4106430.0,11324
147,2023-09-18 09:01:03,AP2310,AP310,9025.0,6.0,54270.0,4.0,2,9022.0,9024.0,2,9050.0,9052.0,9100.0,9018.0,460.0,4160700.0,11328
148,2023-09-18 09:01:03,AP2310,AP310,9023.0,11.0,99024.0,-9.0,2,9022.0,9024.0,10,9050.0,9052.0,9100.0,9018.0,471.0,4259724.0,11319
149,2023-09-18 09:01:03,AP2310,AP310,9021.0,11.0,99484.0,-10.0,1,9020.0,9021.0,1,9050.0,9052.0,9100.0,9018.0,482.0,4359208.0,11309
150,2023-09-18 09:01:04,AP2310,AP310,9018.0,2.0,18088.0,0.0,1,9017.0,9020.0,1,9050.0,9052.0,9100.0,9018.0,484.0,4377296.0,11309
151,2023-09-18 09:01:05,AP2310,AP310,9016.0,3.0,27132.0,-3.0,1,9012.0,9017.0,8,9050.0,9052.0,9100.0,9016.0,487.0,4404428.0,11306
152,2023-09-18 09:01:05,AP2310,AP310,9012.0,1.0,9044.0,0.0,2,9011.0,9014.0,1,9050.0,9052.0,9100.0,9012.0,488.0,4413472.0,11306
153,2023-09-18 09:01:05,AP2310,AP310,9008.0,11.0,98985.0,-3.0,1,9006.0,9014.0,1,9050.0,9052.0,9100.0,9008.0,499.0,4512457.0,11303
154,2023-09-18 09:01:06,AP2310,AP310,9012.0,3.0,27129.0,0.0,1,9008.0,9017.0,19,9050.0,9052.0,9100.0,9008.0,502.0,4539586.0,11303
155,2023-09-18 09:01:06,AP2310,AP310,9012.0,1.0,9043.0,-1.0,1,9008.0,9012.0,8,9050.0,9052.0,9100.0,9008.0,503.0,4548629.0,11302
156,2023-09-18 09:01:07,AP2310,AP310,9012.0,0.0,0.0,0.0,1,9007.0,9011.0,18,9050.0,9052.0,9100.0,9008.0,503.0,4548629.0,11302
157,2023-09-18 09:01:07,AP2310,AP310,9001.0,4.0,35665.0,-1.0,13,9000.0,9008.0,15,9050.0,9052.0,9100.0,9001.0,507.0,4584294.0,11301
158,2023-09-18 09:01:08,AP2310,AP310,9007.0,16.0,144149.0,-4.0,1,9001.0,9007.0,1,9050.0,9052.0,9100.0,9000.0,523.0,4728443.0,11297
159,2023-09-18 09:01:08,AP2310,AP310,9000.0,11.0,98917.0,-3.0,4,9000.0,9001.0,1,9050.0,9052.0,9100.0,9000.0,534.0,4827360.0,11294
160,2023-09-18 09:01:09,AP2310,AP310,8970.0,23.0,206806.0,-14.0,46,8970.0,9000.0,19,9050.0,9052.0,9100.0,8970.0,557.0,5034166.0,11280
161,2023-09-18 09:01:09,AP2310,AP310,8985.0,16.0,143462.0,-12.0,1,8973.0,8998.0,2,9050.0,9052.0,9100.0,8970.0,573.0,5177628.0,11268
162,2023-09-18 09:01:10,AP2310,AP310,8997.0,1.0,9036.0,0.0,1,8975.0,8999.0,1,9050.0,9052.0,9100.0,8970.0,574.0,5186664.0,11268
163,2023-09-18 09:01:10,AP2310,AP310,8997.0,0.0,0.0,0.0,1,8975.0,8997.0,2,9050.0,9052.0,9100.0,8970.0,574.0,5186664.0,11268
164,2023-09-18 09:01:10,AP2310,AP310,8997.0,0.0,0.0,0.0,1,8975.0,8999.0,1,9050.0,9052.0,9100.0,8970.0,574.0,5186664.0,11268
165,2023-09-18 09:01:11,AP2310,AP310,8997.0,0.0,0.0,0.0,1,8977.0,8995.0,2,9050.0,9052.0,9100.0,8970.0,574.0,5186664.0,11268
166,2023-09-18 09:01:11,AP2310,AP310,8994.0,2.0,18072.0,0.0,1,8980.0,8994.0,2,9050.0,9052.0,9100.0,8970.0,576.0,5204736.0,11268
167,2023-09-18 09:01:12,AP2310,AP310,8981.0,2.0,18072.0,-1.0,1,8980.0,8990.0,1,9050.0,9052.0,9100.0,8970.0,578.0,5222808.0,11267
168,2023-09-18 09:01:12,AP2310,AP310,8981.0,2.0,18072.0,0.0,1,8980.0,8989.0,1,9050.0,9052.0,9100.0,8970.0,580.0,5240880.0,11267
169,2023-09-18 09:01:13,AP2310,AP310,8981.0,0.0,0.0,0.0,1,8980.0,8989.0,3,9050.0,9052.0,9100.0,8970.0,580.0,5240880.0,11267
170,2023-09-18 09:01:14,AP2310,AP310,8981.0,1.0,9036.0,0.0,1,8980.0,8989.0,3,9050.0,9052.0,9100.0,8970.0,581.0,5249916.0,11267
171,2023-09-18 09:01:14,AP2310,AP310,8991.0,5.0,44594.0,3.0,3,8989.0,8997.0,1,9050.0,9052.0,9100.0,8970.0,586.0,5294510.0,11270
172,2023-09-18 09:01:15,AP2310,AP310,8996.0,2.0,18070.0,0.0,1,8991.0,8998.0,1,9050.0,9052.0,9100.0,8970.0,588.0,5312580.0,11270
173,2023-09-18 09:01:16,AP2310,AP310,8997.0,3.0,27105.0,2.0,1,8993.0,8998.0,1,9050.0,9052.0,9100.0,8970.0,591.0,5339685.0,11272
174,2023-09-18 09:01:16,AP2310,AP310,8993.0,5.0,45175.0,1.0,1,8990.0,8998.0,1,9050.0,9052.0,9100.0,8970.0,596.0,5384860.0,11273
175,2023-09-18 09:01:16,AP2310,AP310,8998.0,1.0,8438.0,0.0,1,8996.0,8997.0,1,9050.0,9052.0,9100.0,8970.0,597.0,5393298.0,11273
176,2023-09-18 09:01:17,AP2310,AP310,9000.0,10.0,90340.0,1.0,3,8998.0,9011.0,1,9050.0,9052.0,9100.0,8970.0,607.0,5483638.0,11274
177,2023-09-18 09:01:17,AP2310,AP310,9000.0,0.0,0.0,0.0,2,9000.0,9011.0,1,9050.0,9052.0,9100.0,8970.0,607.0,5483638.0,11274
178,2023-09-18 09:01:18,AP2310,AP310,9000.0,0.0,0.0,0.0,1,9002.0,9012.0,1,9050.0,9052.0,9100.0,8970.0,607.0,5483638.0,11274
179,2023-09-18 09:01:18,AP2310,AP310,9000.0,0.0,0.0,0.0,20,9011.0,9015.0,1,9050.0,9052.0,9100.0,8970.0,607.0,5483638.0,11274
180,2023-09-18 09:01:19,AP2310,AP310,9011.0,1.0,9034.0,1.0,3,9012.0,9014.0,1,9050.0,9052.0,9100.0,8970.0,608.0,5492672.0,11275
181,2023-09-18 09:01:19,AP2310,AP310,9012.0,3.0,27102.0,-3.0,19,9011.0,9015.0,1,9050.0,9052.0,9100.0,8970.0,611.0,5519774.0,11272
182,2023-09-18 09:01:20,AP2310,AP310,9015.0,1.0,9034.0,1.0,1,9012.0,9020.0,1,9050.0,9052.0,9100.0,8970.0,612.0,5528808.0,11273
183,2023-09-18 09:01:21,AP2310,AP310,9015.0,1.0,9034.0,0.0,1,9014.0,9020.0,1,9050.0,9052.0,9100.0,8970.0,613.0,5537842.0,11273
184,2023-09-18 09:01:21,AP2310,AP310,9012.0,3.0,27102.0,0.0,19,9011.0,9015.0,1,9050.0,9052.0,9100.0,8970.0,616.0,5564944.0,11273
185,2023-09-18 09:01:21,AP2310,AP310,9010.0,20.0,180044.0,16.0,1,8996.0,9014.0,1,9050.0,9052.0,9100.0,8970.0,636.0,5744988.0,11289
186,2023-09-18 09:01:22,AP2310,AP310,9010.0,0.0,0.0,0.0,1,8998.0,9014.0,1,9050.0,9052.0,9100.0,8970.0,636.0,5744988.0,11289
187,2023-09-18 09:01:22,AP2310,AP310,9010.0,0.0,0.0,0.0,1,9000.0,9010.0,1,9050.0,9052.0,9100.0,8970.0,636.0,5744988.0,11289
188,2023-09-18 09:01:23,AP2310,AP310,9010.0,0.0,0.0,0.0,1,9002.0,9010.0,1,9050.0,9052.0,9100.0,8970.0,636.0,5744988.0,11289
189,2023-09-18 09:01:24,AP2310,AP310,9014.0,2.0,18066.0,-1.0,1,9004.0,9009.0,1,9050.0,9052.0,9100.0,8970.0,638.0,5763054.0,11288
190,2023-09-18 09:01:24,AP2310,AP310,9009.0,1.0,9033.0,0.0,1,9006.0,9020.0,4,9050.0,9052.0,9100.0,8970.0,639.0,5772087.0,11288
191,2023-09-18 09:01:24,AP2310,AP310,9009.0,0.0,0.0,0.0,2,9008.0,9019.0,2,9050.0,9052.0,9100.0,8970.0,639.0,5772087.0,11288
192,2023-09-18 09:01:25,AP2310,AP310,9008.0,3.0,27099.0,1.0,1,9008.0,9017.0,4,9050.0,9052.0,9100.0,8970.0,642.0,5799186.0,11289
193,2023-09-18 09:01:25,AP2310,AP310,9008.0,0.0,0.0,0.0,1,9009.0,9015.0,1,9050.0,9052.0,9100.0,8970.0,642.0,5799186.0,11289
194,2023-09-18 09:01:26,AP2310,AP310,9016.0,10.0,89678.0,-8.0,1,9010.0,9017.0,1,9050.0,9052.0,9100.0,8970.0,652.0,5888864.0,11281
195,2023-09-18 09:01:26,AP2310,AP310,9015.0,2.0,18064.0,-2.0,1,9009.0,9015.0,1,9050.0,9052.0,9100.0,8970.0,654.0,5906928.0,11279
196,2023-09-18 09:01:27,AP2310,AP310,9008.0,3.0,27096.0,-1.0,1,8999.0,9008.0,5,9050.0,9052.0,9100.0,8970.0,657.0,5934024.0,11278
197,2023-09-18 09:01:27,AP2310,AP310,9008.0,0.0,0.0,0.0,1,9001.0,9008.0,5,9050.0,9052.0,9100.0,8970.0,657.0,5934024.0,11278
198,2023-09-18 09:01:28,AP2310,AP310,9008.0,0.0,0.0,0.0,1,9003.0,9008.0,5,9050.0,9052.0,9100.0,8970.0,657.0,5934024.0,11278
199,2023-09-18 09:01:28,AP2310,AP310,9003.0,3.0,27096.0,1.0,1,9004.0,9007.0,1,9050.0,9052.0,9100.0,8970.0,660.0,5961120.0,11279
200,2023-09-18 09:01:29,AP2310,AP310,9008.0,8.0,72256.0,0.0,1,9002.0,9008.0,2,9050.0,9052.0,9100.0,8970.0,668.0,6033376.0,11279
201,2023-09-18 09:01:29,AP2310,AP310,8990.0,4.0,36128.0,-4.0,1,8990.0,9002.0,1,9050.0,9052.0,9100.0,8970.0,672.0,6069504.0,11275
202,2023-09-18 09:01:30,AP2310,AP310,8990.0,0.0,0.0,0.0,1,8990.0,9000.0,1,9050.0,9052.0,9100.0,8970.0,672.0,6069504.0,11275
203,2023-09-18 09:01:30,AP2310,AP310,9000.0,2.0,17390.0,-1.0,5,9000.0,9002.0,1,9050.0,9052.0,9100.0,8970.0,674.0,6086894.0,11274
204,2023-09-18 09:01:31,AP2310,AP310,8991.0,8.0,72248.0,2.0,1,8990.0,8998.0,1,9050.0,9052.0,9100.0,8970.0,682.0,6159142.0,11276
205,2023-09-18 09:01:31,AP2310,AP310,8990.0,1.0,9031.0,-1.0,11,8989.0,9000.0,2,9050.0,9052.0,9100.0,8970.0,683.0,6168173.0,11275
206,2023-09-18 09:01:32,AP2310,AP310,8990.0,0.0,0.0,0.0,11,8989.0,8998.0,2,9050.0,9052.0,9100.0,8970.0,683.0,6168173.0,11275
207,2023-09-18 09:01:32,AP2310,AP310,8990.0,0.0,0.0,0.0,11,8989.0,8996.0,2,9050.0,9052.0,9100.0,8970.0,683.0,6168173.0,11275
208,2023-09-18 09:01:33,AP2310,AP310,9003.0,35.0,314649.0,-16.0,1,8989.0,9003.0,25,9050.0,9052.0,9100.0,8970.0,718.0,6482822.0,11259
209,2023-09-18 09:01:34,AP2310,AP310,9003.0,0.0,0.0,0.0,3,8996.0,9001.0,1,9050.0,9052.0,9100.0,8970.0,718.0,6482822.0,11259
210,2023-09-18 09:01:34,AP2310,AP310,9003.0,1.0,9029.0,0.0,3,9000.0,9002.0,1,9050.0,9052.0,9100.0,8970.0,719.0,6491851.0,11259
211,2023-09-18 09:01:35,AP2310,AP310,9003.0,26.0,234009.0,-1.0,1,9003.0,9007.0,1,9050.0,9052.0,9100.0,8970.0,745.0,6725860.0,11258
212,2023-09-18 09:01:35,AP2310,AP310,9002.0,7.0,63196.0,-4.0,1,9001.0,9009.0,7,9050.0,9052.0,9100.0,8970.0,752.0,6789056.0,11254
213,2023-09-18 09:01:35,AP2310,AP310,9000.0,6.0,54168.0,-2.0,2,8998.0,9006.0,8,9050.0,9052.0,9100.0,8970.0,758.0,6843224.0,11252
214,2023-09-18 09:01:36,AP2310,AP310,9000.0,0.0,0.0,0.0,1,9000.0,9005.0,1,9050.0,9052.0,9100.0,8970.0,758.0,6843224.0,11252
215,2023-09-18 09:01:36,AP2310,AP310,9000.0,0.0,0.0,0.0,1,9002.0,9005.0,1,9050.0,9052.0,9100.0,8970.0,758.0,6843224.0,11252
216,2023-09-18 09:01:37,AP2310,AP310,9000.0,0.0,0.0,0.0,6,9003.0,9005.0,1,9050.0,9052.0,9100.0,8970.0,758.0,6843224.0,11252
217,2023-09-18 09:01:38,AP2310,AP310,9004.0,2.0,18056.0,-1.0,6,9003.0,9007.0,3,9050.0,9052.0,9100.0,8970.0,760.0,6861280.0,11251
218,2023-09-18 09:01:38,AP2310,AP310,9004.0,0.0,0.0,0.0,1,9004.0,9007.0,3,9050.0,9052.0,9100.0,8970.0,760.0,6861280.0,11251
219,2023-09-18 09:01:38,AP2310,AP310,9004.0,0.0,0.0,0.0,1,9005.0,9009.0,7,9050.0,9052.0,9100.0,8970.0,760.0,6861280.0,11251
220,2023-09-18 09:01:39,AP2310,AP310,9006.0,6.0,54168.0,-6.0,2,9005.0,9008.0,3,9050.0,9052.0,9100.0,8970.0,766.0,6915448.0,11245
221,2023-09-18 09:01:39,AP2310,AP310,9006.0,0.0,0.0,0.0,1,9002.0,9006.0,1,9050.0,9052.0,9100.0,8970.0,766.0,6915448.0,11245
222,2023-09-18 09:01:40,AP2310,AP310,9006.0,0.0,0.0,0.0,2,9003.0,9006.0,1,9050.0,9052.0,9100.0,8970.0,766.0,6915448.0,11245
223,2023-09-18 09:01:41,AP2310,AP310,9006.0,0.0,0.0,0.0,1,9004.0,9005.0,2,9050.0,9052.0,9100.0,8970.0,766.0,6915448.0,11245
224,2023-09-18 09:01:41,AP2310,AP310,9003.0,3.0,27084.0,-3.0,1,9002.0,9005.0,1,9050.0,9052.0,9100.0,8970.0,769.0,6942532.0,11242
225,2023-09-18 09:01:41,AP2310,AP310,9002.0,1.0,9028.0,0.0,1,9001.0,9003.0,2,9050.0,9052.0,9100.0,8970.0,770.0,6951560.0,11242
226,2023-09-18 09:01:42,AP2310,AP310,8999.0,5.0,44365.0,-3.0,11,8997.0,9002.0,3,9050.0,9052.0,9100.0,8970.0,775.0,6995925.0,11239
227,2023-09-18 09:01:43,AP2310,AP310,8999.0,0.0,0.0,0.0,11,8997.0,9001.0,3,9050.0,9052.0,9100.0,8970.0,775.0,6995925.0,11239
228,2023-09-18 09:01:43,AP2310,AP310,8996.0,13.0,117351.0,-13.0,2,8995.0,9000.0,2,9050.0,9052.0,9100.0,8970.0,788.0,7113276.0,11226
229,2023-09-18 09:01:43,AP2310,AP310,8988.0,6.0,54162.0,0.0,11,8980.0,8992.0,1,9050.0,9052.0,9100.0,8970.0,794.0,7167438.0,11226
230,2023-09-18 09:01:44,AP2310,AP310,8980.0,9.0,80440.0,-8.0,4,8980.0,8981.0,1,9050.0,9052.0,9100.0,8970.0,803.0,7247878.0,11218
231,2023-09-18 09:01:44,AP2310,AP310,8984.0,11.0,98472.0,-3.0,2,8981.0,8985.0,1,9050.0,9052.0,9100.0,8970.0,814.0,7346350.0,11215
232,2023-09-18 09:01:45,AP2310,AP310,8980.0,8.0,72200.0,-5.0,36,8970.0,8998.0,2,9050.0,9052.0,9100.0,8970.0,822.0,7418550.0,11210
233,2023-09-18 09:01:45,AP2310,AP310,8980.0,0.0,0.0,0.0,2,8985.0,8993.0,1,9050.0,9052.0,9100.0,8970.0,822.0,7418550.0,11210
234,2023-09-18 09:01:46,AP2310,AP310,8970.0,16.0,143562.0,-16.0,22,8970.0,8985.0,1,9050.0,9052.0,9100.0,8970.0,838.0,7562112.0,11194
235,2023-09-18 09:01:46,AP2310,AP310,8984.0,1.0,9024.0,1.0,22,8970.0,8991.0,2,9050.0,9052.0,9100.0,8970.0,839.0,7571136.0,11195
236,2023-09-18 09:01:47,AP2310,AP310,8970.0,1.0,9024.0,-1.0,21,8970.0,8998.0,1,9050.0,9052.0,9100.0,8970.0,840.0,7580160.0,11194
237,2023-09-18 09:01:47,AP2310,AP310,8970.0,0.0,0.0,0.0,21,8970.0,8989.0,1,9050.0,9052.0,9100.0,8970.0,840.0,7580160.0,11194
238,2023-09-18 09:01:49,AP2310,AP310,8989.0,1.0,9024.0,0.0,2,8989.0,8999.0,1,9050.0,9052.0,9100.0,8970.0,841.0,7589184.0,11194
239,2023-09-18 09:01:49,AP2310,AP310,8989.0,0.0,0.0,0.0,2,8989.0,9000.0,1,9050.0,9052.0,9100.0,8970.0,841.0,7589184.0,11194
240,2023-09-18 09:01:49,AP2310,AP310,8989.0,0.0,0.0,0.0,2,8989.0,8998.0,2,9050.0,9052.0,9100.0,8970.0,841.0,7589184.0,11194
241,2023-09-18 09:01:50,AP2310,AP310,8989.0,0.0,0.0,0.0,2,8989.0,8996.0,1,9050.0,9052.0,9100.0,8970.0,841.0,7589184.0,11194
242,2023-09-18 09:01:51,AP2310,AP310,8990.0,2.0,18048.0,0.0,2,8989.0,8995.0,1,9050.0,9052.0,9100.0,8970.0,843.0,7607232.0,11194
243,2023-09-18 09:01:51,AP2310,AP310,8990.0,0.0,0.0,0.0,2,8989.0,8994.0,1,9050.0,9052.0,9100.0,8970.0,843.0,7607232.0,11194
244,2023-09-18 09:01:52,AP2310,AP310,8989.0,1.0,9024.0,-1.0,1,8989.0,8994.0,1,9050.0,9052.0,9100.0,8970.0,844.0,7616256.0,11193
245,2023-09-18 09:01:53,AP2310,AP310,8992.0,1.0,9024.0,-1.0,1,8989.0,8993.0,1,9050.0,9052.0,9100.0,8970.0,845.0,7625280.0,11192
246,2023-09-18 09:01:53,AP2310,AP310,8993.0,1.0,9024.0,0.0,1,8989.0,8994.0,1,9050.0,9052.0,9100.0,8970.0,846.0,7634304.0,11192
247,2023-09-18 09:01:54,AP2310,AP310,8993.0,0.0,0.0,0.0,1,8991.0,8994.0,1,9050.0,9052.0,9100.0,8970.0,846.0,7634304.0,11192
248,2023-09-18 09:01:54,AP2310,AP310,8993.0,1.0,9024.0,0.0,3,8990.0,8994.0,1,9050.0,9052.0,9100.0,8970.0,847.0,7643328.0,11192
249,2023-09-18 09:01:55,AP2310,AP310,8994.0,1.0,9024.0,0.0,3,8990.0,8995.0,1,9050.0,9052.0,9100.0,8970.0,848.0,7652352.0,11192
250,2023-09-18 09:01:55,AP2310,AP310,8991.0,1.0,9024.0,-1.0,1,8991.0,8995.0,1,9050.0,9052.0,9100.0,8970.0,849.0,7661376.0,11191
251,2023-09-18 09:01:56,AP2310,AP310,8989.0,8.0,71335.0,-6.0,1,8985.0,8990.0,1,9050.0,9052.0,9100.0,8970.0,857.0,7732711.0,11185
252,2023-09-18 09:01:57,AP2310,AP310,8990.0,2.0,18046.0,1.0,1,8985.0,8988.0,1,9050.0,9052.0,9100.0,8970.0,859.0,7750757.0,11186
253,2023-09-18 09:01:57,AP2310,AP310,8985.0,2.0,18046.0,-1.0,2,8980.0,8988.0,3,9050.0,9052.0,9100.0,8970.0,861.0,7768803.0,11185
254,2023-09-18 09:01:57,AP2310,AP310,8985.0,0.0,0.0,0.0,1,8981.0,8986.0,1,9050.0,9052.0,9100.0,8970.0,861.0,7768803.0,11185
255,2023-09-18 09:01:58,AP2310,AP310,8985.0,0.0,0.0,0.0,1,8981.0,8986.0,3,9050.0,9052.0,9100.0,8970.0,861.0,7768803.0,11185
256,2023-09-18 09:01:58,AP2310,AP310,8986.0,4.0,36092.0,0.0,1,8981.0,8986.0,1,9050.0,9052.0,9100.0,8970.0,865.0,7804895.0,11185
257,2023-09-18 09:01:59,AP2310,AP310,8981.0,1.0,9023.0,0.0,7,8980.0,8981.0,4,9050.0,9052.0,9100.0,8970.0,866.0,7813918.0,11185
258,2023-09-18 09:01:59,AP2310,AP310,8980.0,17.0,152508.0,-12.0,4,8980.0,8990.0,6,9050.0,9052.0,9100.0,8970.0,883.0,7966426.0,11173
259,2023-09-18 09:02:00,AP2310,AP310,8981.0,7.0,63154.0,-1.0,4,8980.0,8987.0,1,9050.0,9052.0,9100.0,8970.0,890.0,8029580.0,11172
260,2023-09-18 09:02:01,AP2310,AP310,8948.0,65.0,582610.0,-9.0,1,8941.0,8945.0,2,9050.0,9052.0,9100.0,8948.0,955.0,8612190.0,11163
261,2023-09-18 09:02:01,AP2310,AP310,8933.0,48.0,428852.0,-15.0,1,8930.0,8931.0,5,9050.0,9052.0,9100.0,8933.0,1003.0,9041042.0,11148
262,2023-09-18 09:02:02,AP2310,AP310,8930.0,29.0,259342.0,1.0,1,8925.0,8930.0,1,9050.0,9052.0,9100.0,8911.0,1032.0,9300384.0,11149
263,2023-09-18 09:02:02,AP2310,AP310,8933.0,15.0,134133.0,-11.0,1,8918.0,8933.0,22,9050.0,9052.0,9100.0,8911.0,1047.0,9434517.0,11138
264,2023-09-18 09:02:02,AP2310,AP310,8933.0,2.0,16973.0,0.0,1,8924.0,8933.0,20,9050.0,9052.0,9100.0,8911.0,1049.0,9451490.0,11138
265,2023-09-18 09:02:03,AP2310,AP310,8933.0,6.0,54060.0,-4.0,1,8924.0,8933.0,18,9050.0,9052.0,9100.0,8911.0,1055.0,9505550.0,11134
266,2023-09-18 09:02:04,AP2310,AP310,8933.0,3.0,27030.0,-3.0,2,8925.0,8933.0,15,9050.0,9052.0,9100.0,8911.0,1058.0,9532580.0,11131
267,2023-09-18 09:02:04,AP2310,AP310,8925.0,2.0,18020.0,1.0,3,8925.0,8933.0,14,9050.0,9052.0,9100.0,8911.0,1060.0,9550600.0,11132
268,2023-09-18 09:02:05,AP2310,AP310,8933.0,1.0,9010.0,-1.0,3,8925.0,8933.0,13,9050.0,9052.0,9100.0,8911.0,1061.0,9559610.0,11131
269,2023-09-18 09:02:05,AP2310,AP310,8933.0,5.0,43984.0,-4.0,1,8931.0,8933.0,9,9050.0,9052.0,9100.0,8911.0,1066.0,9603594.0,11127
270,2023-09-18 09:02:06,AP2310,AP310,8932.0,11.0,98022.0,0.0,41,8933.0,8939.0,7,9050.0,9052.0,9100.0,8911.0,1077.0,9701616.0,11127
271,2023-09-18 09:02:06,AP2310,AP310,8939.0,2.0,18016.0,-1.0,4,8936.0,8939.0,6,9050.0,9052.0,9100.0,8911.0,1079.0,9719632.0,11126
272,2023-09-18 09:02:06,AP2310,AP310,8937.0,1.0,9008.0,1.0,4,8936.0,8939.0,6,9050.0,9052.0,9100.0,8911.0,1080.0,9728640.0,11127
273,2023-09-18 09:02:07,AP2310,AP310,8938.0,5.0,45040.0,0.0,52,8933.0,8938.0,8,9050.0,9052.0,9100.0,8911.0,1085.0,9773680.0,11127
274,2023-09-18 09:02:07,AP2310,AP310,8938.0,1.0,9008.0,0.0,52,8933.0,8938.0,8,9050.0,9052.0,9100.0,8911.0,1086.0,9782688.0,11127
275,2023-09-18 09:02:08,AP2310,AP310,8938.0,3.0,27024.0,-2.0,52,8933.0,8938.0,5,9050.0,9052.0,9100.0,8911.0,1089.0,9809712.0,11125
276,2023-09-18 09:02:08,AP2310,AP310,8938.0,3.0,25932.0,-2.0,2,8934.0,8938.0,2,9050.0,9052.0,9100.0,8911.0,1092.0,9835644.0,11123
277,2023-09-18 09:02:09,AP2310,AP310,8938.0,5.0,45035.0,0.0,4,8938.0,8939.0,6,9050.0,9052.0,9100.0,8911.0,1097.0,9880679.0,11123
278,2023-09-18 09:02:09,AP2310,AP310,8939.0,6.0,54042.0,0.0,3,8939.0,8942.0,2,9050.0,9052.0,9100.0,8911.0,1103.0,9934721.0,11123
279,2023-09-18 09:02:11,AP2310,AP310,8939.0,4.0,36028.0,2.0,4,8938.0,8942.0,1,9050.0,9052.0,9100.0,8911.0,1107.0,9970749.0,11125
280,2023-09-18 09:02:11,AP2310,AP310,8942.0,1.0,7899.0,-1.0,4,8938.0,8944.0,20,9050.0,9052.0,9100.0,8911.0,1108.0,9978648.0,11124
281,2023-09-18 09:02:12,AP2310,AP310,8942.0,0.0,0.0,0.0,1,8943.0,8944.0,20,9050.0,9052.0,9100.0,8911.0,1108.0,9978648.0,11124
282,2023-09-18 09:02:12,AP2310,AP310,8942.0,1.0,9006.0,0.0,4,8938.0,8944.0,20,9050.0,9052.0,9100.0,8911.0,1109.0,9987654.0,11124
283,2023-09-18 09:02:13,AP2310,AP310,8944.0,21.0,187996.0,5.0,4,8938.0,8943.0,11,9050.0,9052.0,9100.0,8911.0,1130.0,10175650.0,11129
284,2023-09-18 09:02:13,AP2310,AP310,8938.0,1.0,9005.0,-1.0,6,8938.0,8942.0,1,9050.0,9052.0,9100.0,8911.0,1131.0,10184655.0,11128
285,2023-09-18 09:02:13,AP2310,AP310,8942.0,12.0,106917.0,-11.0,4,8938.0,8943.0,11,9050.0,9052.0,9100.0,8911.0,1143.0,10291572.0,11117
286,2023-09-18 09:02:15,AP2310,AP310,8943.0,11.0,99044.0,-1.0,2,8943.0,8962.0,1,9050.0,9052.0,9100.0,8911.0,1154.0,10390616.0,11116
287,2023-09-18 09:02:15,AP2310,AP310,8943.0,5.0,45020.0,-2.0,13,8943.0,8972.0,13,9050.0,9052.0,9100.0,8911.0,1159.0,10435636.0,11114
288,2023-09-18 09:02:16,AP2310,AP310,8976.0,1.0,9004.0,-1.0,13,8943.0,8978.0,1,9050.0,9052.0,9100.0,8911.0,1160.0,10444640.0,11113
289,2023-09-18 09:02:16,AP2310,AP310,8947.0,35.0,313945.0,-26.0,1,8945.0,8988.0,1,9050.0,9052.0,9100.0,8911.0,1195.0,10758585.0,11087
290,2023-09-18 09:02:16,AP2310,AP310,8947.0,0.0,0.0,0.0,10,8948.0,8977.0,20,9050.0,9052.0,9100.0,8911.0,1195.0,10758585.0,11087
291,2023-09-18 09:02:18,AP2310,AP310,8976.0,2.0,18006.0,2.0,10,8948.0,8977.0,20,9050.0,9052.0,9100.0,8911.0,1197.0,10776591.0,11089
292,2023-09-18 09:02:19,AP2310,AP310,8977.0,2.0,18006.0,0.0,2,8949.0,8976.0,2,9050.0,9052.0,9100.0,8911.0,1199.0,10794597.0,11089
293,2023-09-18 09:02:19,AP2310,AP310,8949.0,2.0,18006.0,0.0,12,8948.0,8976.0,2,9050.0,9052.0,9100.0,8911.0,1201.0,10812603.0,11089
294,2023-09-18 09:02:19,AP2310,AP310,8949.0,0.0,0.0,0.0,11,8948.0,8976.0,2,9050.0,9052.0,9100.0,8911.0,1201.0,10812603.0,11089
295,2023-09-18 09:02:20,AP2310,AP310,8976.0,1.0,9003.0,0.0,11,8948.0,8976.0,1,9050.0,9052.0,9100.0,8911.0,1202.0,10821606.0,11089
296,2023-09-18 09:02:20,AP2310,AP310,8976.0,0.0,0.0,0.0,1,8955.0,8976.0,1,9050.0,9052.0,9100.0,8911.0,1202.0,10821606.0,11089
297,2023-09-18 09:02:21,AP2310,AP310,8976.0,1.0,9003.0,0.0,1,8955.0,8976.0,1,9050.0,9052.0,9100.0,8911.0,1203.0,10830609.0,11089
298,2023-09-18 09:02:21,AP2310,AP310,8976.0,0.0,0.0,0.0,1,8955.0,8976.0,2,9050.0,9052.0,9100.0,8911.0,1203.0,10830609.0,11089
299,2023-09-18 09:02:22,AP2310,AP310,8976.0,1.0,9003.0,0.0,1,8955.0,8975.0,3,9050.0,9052.0,9100.0,8911.0,1204.0,10839612.0,11089
300,2023-09-18 09:02:22,AP2310,AP310,8976.0,0.0,0.0,0.0,1,8955.0,8974.0,1,9050.0,9052.0,9100.0,8911.0,1204.0,10839612.0,11089
301,2023-09-18 09:02:23,AP2310,AP310,8973.0,2.0,18006.0,0.0,1,8955.0,8973.0,2,9050.0,9052.0,9100.0,8911.0,1206.0,10857618.0,11089
302,2023-09-18 09:02:23,AP2310,AP310,8973.0,0.0,0.0,0.0,1,8955.0,8972.0,2,9050.0,9052.0,9100.0,8911.0,1206.0,10857618.0,11089
303,2023-09-18 09:02:24,AP2310,AP310,8972.0,3.0,27009.0,1.0,1,8955.0,8973.0,2,9050.0,9052.0,9100.0,8911.0,1209.0,10884627.0,11090
304,2023-09-18 09:02:24,AP2310,AP310,8973.0,1.0,9003.0,0.0,1,8955.0,8973.0,1,9050.0,9052.0,9100.0,8911.0,1210.0,10893630.0,11090
305,2023-09-18 09:02:25,AP2310,AP310,8955.0,3.0,27009.0,2.0,1,8951.0,8972.0,1,9050.0,9052.0,9100.0,8911.0,1213.0,10920639.0,11092
306,2023-09-18 09:02:26,AP2310,AP310,8972.0,1.0,9003.0,0.0,1,8974.0,8976.0,4,9050.0,9052.0,9100.0,8911.0,1214.0,10929642.0,11092
307,2023-09-18 09:02:26,AP2310,AP310,8975.0,5.0,43796.0,0.0,11,8950.0,8975.0,1,9050.0,9052.0,9100.0,8911.0,1219.0,10973438.0,11092
308,2023-09-18 09:02:26,AP2310,AP310,8975.0,0.0,0.0,0.0,1,8951.0,8975.0,1,9050.0,9052.0,9100.0,8911.0,1219.0,10973438.0,11092
309,2023-09-18 09:02:27,AP2310,AP310,8975.0,0.0,0.0,0.0,1,8952.0,8974.0,2,9050.0,9052.0,9100.0,8911.0,1219.0,10973438.0,11092
310,2023-09-18 09:02:28,AP2310,AP310,8975.0,0.0,0.0,0.0,2,8953.0,8973.0,1,9050.0,9052.0,9100.0,8911.0,1219.0,10973438.0,11092
311,2023-09-18 09:02:28,AP2310,AP310,8955.0,2.0,18004.0,2.0,2,8954.0,8974.0,2,9050.0,9052.0,9100.0,8911.0,1221.0,10991442.0,11094
312,2023-09-18 09:02:29,AP2310,AP310,8974.0,2.0,18004.0,0.0,2,8955.0,8976.0,4,9050.0,9052.0,9100.0,8911.0,1223.0,11009446.0,11094
313,2023-09-18 09:02:29,AP2310,AP310,8954.0,12.0,108024.0,-6.0,2,8956.0,8972.0,1,9050.0,9052.0,9100.0,8911.0,1235.0,11117470.0,11088
314,2023-09-18 09:02:29,AP2310,AP310,8954.0,0.0,0.0,0.0,2,8956.0,8971.0,2,9050.0,9052.0,9100.0,8911.0,1235.0,11117470.0,11088
315,2023-09-18 09:02:30,AP2310,AP310,8954.0,0.0,0.0,0.0,2,8956.0,8969.0,1,9050.0,9052.0,9100.0,8911.0,1235.0,11117470.0,11088
316,2023-09-18 09:02:31,AP2310,AP310,8968.0,1.0,9002.0,0.0,2,8956.0,8968.0,1,9050.0,9052.0,9100.0,8911.0,1236.0,11126472.0,11088
317,2023-09-18 09:02:31,AP2310,AP310,8951.0,5.0,45010.0,3.0,11,8950.0,8967.0,1,9050.0,9052.0,9100.0,8911.0,1241.0,11171482.0,11091
318,2023-09-18 09:02:31,AP2310,AP310,8956.0,1.0,9002.0,1.0,11,8950.0,8966.0,2,9050.0,9052.0,9100.0,8911.0,1242.0,11180484.0,11092
319,2023-09-18 09:02:32,AP2310,AP310,8950.0,2.0,16760.0,1.0,9,8950.0,8965.0,2,9050.0,9052.0,9100.0,8911.0,1244.0,11197244.0,11093
320,2023-09-18 09:02:32,AP2310,AP310,8950.0,0.0,0.0,0.0,9,8950.0,8964.0,3,9050.0,9052.0,9100.0,8911.0,1244.0,11197244.0,11093
321,2023-09-18 09:02:33,AP2310,AP310,8950.0,1.0,9001.0,0.0,8,8950.0,8963.0,2,9050.0,9052.0,9100.0,8911.0,1245.0,11206245.0,11093
322,2023-09-18 09:02:34,AP2310,AP310,8964.0,5.0,45005.0,4.0,8,8950.0,8962.0,1,9050.0,9052.0,9100.0,8911.0,1250.0,11251250.0,11097
323,2023-09-18 09:02:35,AP2310,AP310,8965.0,3.0,27003.0,1.0,1,8965.0,8972.0,2,9050.0,9052.0,9100.0,8911.0,1253.0,11278253.0,11098
324,2023-09-18 09:02:35,AP2310,AP310,8965.0,1.0,9001.0,0.0,1,8966.0,8972.0,2,9050.0,9052.0,9100.0,8911.0,1254.0,11287254.0,11098
325,2023-09-18 09:02:36,AP2310,AP310,8966.0,1.0,9001.0,-1.0,1,8967.0,8972.0,2,9050.0,9052.0,9100.0,8911.0,1255.0,11296255.0,11097
326,2023-09-18 09:02:36,AP2310,AP310,8967.0,1.0,9001.0,-1.0,1,8953.0,8972.0,2,9050.0,9052.0,9100.0,8911.0,1256.0,11305256.0,11096
327,2023-09-18 09:02:36,AP2310,AP310,8967.0,0.0,0.0,0.0,2,8954.0,8967.0,1,9050.0,9052.0,9100.0,8911.0,1256.0,11305256.0,11096
328,2023-09-18 09:02:38,AP2310,AP310,8967.0,1.0,9001.0,0.0,2,8954.0,8972.0,2,9050.0,9052.0,9100.0,8911.0,1257.0,11314257.0,11096
329,2023-09-18 09:02:38,AP2310,AP310,8967.0,0.0,0.0,0.0,1,8967.0,8972.0,2,9050.0,9052.0,9100.0,8911.0,1257.0,11314257.0,11096
330,2023-09-18 09:02:39,AP2310,AP310,8954.0,6.0,54006.0,6.0,2,8952.0,8954.0,8,9050.0,9052.0,9100.0,8911.0,1263.0,11368263.0,11102
331,2023-09-18 09:02:39,AP2310,AP310,8954.0,8.0,72008.0,7.0,2,8952.0,8967.0,1,9050.0,9052.0,9100.0,8911.0,1271.0,11440271.0,11109
332,2023-09-18 09:02:40,AP2310,AP310,8954.0,0.0,0.0,0.0,2,8955.0,8966.0,2,9050.0,9052.0,9100.0,8911.0,1271.0,11440271.0,11109
333,2023-09-18 09:02:41,AP2310,AP310,8954.0,0.0,0.0,0.0,2,8956.0,8966.0,2,9050.0,9052.0,9100.0,8911.0,1271.0,11440271.0,11109
334,2023-09-18 09:02:41,AP2310,AP310,8954.0,0.0,0.0,0.0,2,8956.0,8965.0,2,9050.0,9052.0,9100.0,8911.0,1271.0,11440271.0,11109
335,2023-09-18 09:02:41,AP2310,AP310,8954.0,0.0,0.0,0.0,10,8960.0,8965.0,2,9050.0,9052.0,9100.0,8911.0,1271.0,11440271.0,11109
336,2023-09-18 09:02:42,AP2310,AP310,8965.0,1.0,9001.0,0.0,10,8960.0,8965.0,1,9050.0,9052.0,9100.0,8911.0,1272.0,11449272.0,11109
337,2023-09-18 09:02:42,AP2310,AP310,8965.0,0.0,0.0,0.0,10,8960.0,8965.0,2,9050.0,9052.0,9100.0,8911.0,1272.0,11449272.0,11109
338,2023-09-18 09:02:44,AP2310,AP310,8965.0,2.0,18002.0,0.0,10,8960.0,8967.0,1,9050.0,9052.0,9100.0,8911.0,1274.0,11467274.0,11109
339,2023-09-18 09:02:46,AP2310,AP310,8965.0,0.0,0.0,0.0,10,8960.0,8966.0,1,9050.0,9052.0,9100.0,8911.0,1274.0,11467274.0,11109
340,2023-09-18 09:02:47,AP2310,AP310,8965.0,0.0,0.0,0.0,12,8960.0,8966.0,1,9050.0,9052.0,9100.0,8911.0,1274.0,11467274.0,11109
341,2023-09-18 09:02:47,AP2310,AP310,8960.0,1.0,7726.0,1.0,9,8960.0,8966.0,1,9050.0,9052.0,9100.0,8911.0,1275.0,11475000.0,11110
342,2023-09-18 09:02:48,AP2310,AP310,8960.0,6.0,54000.0,-1.0,8,8960.0,8967.0,1,9050.0,9052.0,9100.0,8911.0,1281.0,11529000.0,11109
343,2023-09-18 09:02:49,AP2310,AP310,8960.0,8.0,72000.0,0.0,10,8958.0,8960.0,2,9050.0,9052.0,9100.0,8911.0,1289.0,11601000.0,11109
344,2023-09-18 09:02:49,AP2310,AP310,8960.0,2.0,18000.0,0.0,1,8966.0,8967.0,1,9050.0,9052.0,9100.0,8911.0,1291.0,11619000.0,11109
345,2023-09-18 09:02:50,AP2310,AP310,8966.0,1.0,9000.0,0.0,3,8959.0,8966.0,1,9050.0,9052.0,9100.0,8911.0,1292.0,11628000.0,11109
346,2023-09-18 09:02:51,AP2310,AP310,8960.0,1.0,9000.0,1.0,5,8964.0,8966.0,2,9050.0,9052.0,9100.0,8911.0,1293.0,11637000.0,11110
347,2023-09-18 09:02:52,AP2310,AP310,8964.0,5.0,45000.0,0.0,2,8960.0,8965.0,2,9050.0,9052.0,9100.0,8911.0,1298.0,11682000.0,11110
348,2023-09-18 09:02:52,AP2310,AP310,8964.0,0.0,0.0,0.0,2,8960.0,8964.0,1,9050.0,9052.0,9100.0,8911.0,1298.0,11682000.0,11110
349,2023-09-18 09:02:52,AP2310,AP310,8960.0,2.0,18000.0,1.0,1,8960.0,8965.0,2,9050.0,9052.0,9100.0,8911.0,1300.0,11700000.0,11111
350,2023-09-18 09:02:54,AP2310,AP310,8960.0,0.0,0.0,0.0,1,8964.0,8965.0,2,9050.0,9052.0,9100.0,8911.0,1300.0,11700000.0,11111
351,2023-09-18 09:02:54,AP2310,AP310,8960.0,2.0,18000.0,1.0,3,8959.0,8965.0,2,9050.0,9052.0,9100.0,8911.0,1302.0,11718000.0,11112
352,2023-09-18 09:02:55,AP2310,AP310,8960.0,0.0,0.0,0.0,3,8959.0,8964.0,2,9050.0,9052.0,9100.0,8911.0,1302.0,11718000.0,11112
353,2023-09-18 09:02:56,AP2310,AP310,8960.0,0.0,0.0,0.0,3,8959.0,8964.0,3,9050.0,9052.0,9100.0,8911.0,1302.0,11718000.0,11112
354,2023-09-18 09:02:56,AP2310,AP310,8959.0,3.0,27000.0,1.0,1,8959.0,8964.0,2,9050.0,9052.0,9100.0,8911.0,1305.0,11745000.0,11113
355,2023-09-18 09:02:57,AP2310,AP310,8959.0,0.0,0.0,0.0,3,8960.0,8964.0,2,9050.0,9052.0,9100.0,8911.0,1305.0,11745000.0,11113
356,2023-09-18 09:02:57,AP2310,AP310,8959.0,0.0,0.0,0.0,3,8960.0,8963.0,2,9050.0,9052.0,9100.0,8911.0,1305.0,11745000.0,11113
357,2023-09-18 09:02:58,AP2310,AP310,8959.0,1.0,9000.0,0.0,2,8960.0,8963.0,2,9050.0,9052.0,9100.0,8911.0,1306.0,11754000.0,11113
358,2023-09-18 09:02:58,AP2310,AP310,8964.0,4.0,34690.0,0.0,4,8960.0,8965.0,1,9050.0,9052.0,9100.0,8911.0,1310.0,11788690.0,11113
359,2023-09-18 09:02:59,AP2310,AP310,8964.0,0.0,0.0,0.0,5,8963.0,8965.0,1,9050.0,9052.0,9100.0,8911.0,1310.0,11788690.0,11113
360,2023-09-18 09:03:00,AP2310,AP310,8963.0,5.0,44995.0,0.0,4,8960.0,8965.0,1,9050.0,9052.0,9100.0,8911.0,1315.0,11833685.0,11113
361,2023-09-18 09:03:01,AP2310,AP310,8965.0,5.0,44995.0,3.0,4,8960.0,8965.0,1,9050.0,9052.0,9100.0,8911.0,1320.0,11878680.0,11116
362,2023-09-18 09:03:01,AP2310,AP310,8959.0,5.0,44995.0,-2.0,10,8958.0,8966.0,2,9050.0,9052.0,9100.0,8911.0,1325.0,11923675.0,11114
363,2023-09-18 09:03:01,AP2310,AP310,8959.0,0.0,0.0,0.0,10,8958.0,8965.0,2,9050.0,9052.0,9100.0,8911.0,1325.0,11923675.0,11114
364,2023-09-18 09:03:02,AP2310,AP310,8959.0,0.0,0.0,0.0,10,8958.0,8962.0,2,9050.0,9052.0,9100.0,8911.0,1325.0,11923675.0,11114
365,2023-09-18 09:03:02,AP2310,AP310,8959.0,0.0,0.0,0.0,10,8958.0,8960.0,2,9050.0,9052.0,9100.0,8911.0,1325.0,11923675.0,11114
366,2023-09-18 09:03:03,AP2310,AP310,8965.0,5.0,44995.0,1.0,4,8965.0,8967.0,1,9050.0,9052.0,9100.0,8911.0,1330.0,11968670.0,11115
367,2023-09-18 09:03:03,AP2310,AP310,8958.0,5.0,44995.0,-2.0,7,8958.0,8965.0,2,9050.0,9052.0,9100.0,8911.0,1335.0,12013665.0,11113
368,2023-09-18 09:03:04,AP2310,AP310,8958.0,4.0,35996.0,1.0,3,8958.0,8965.0,1,9050.0,9052.0,9100.0,8911.0,1339.0,12049661.0,11114
369,2023-09-18 09:03:05,AP2310,AP310,8957.0,4.0,35996.0,3.0,1,8955.0,8962.0,3,9050.0,9052.0,9100.0,8911.0,1343.0,12085657.0,11117
370,2023-09-18 09:03:05,AP2310,AP310,8957.0,8.0,70641.0,2.0,19,8957.0,8960.0,3,9050.0,9052.0,9100.0,8911.0,1351.0,12156298.0,11119
371,2023-09-18 09:03:05,AP2310,AP310,8954.0,22.0,197956.0,-18.0,4,8951.0,8958.0,1,9050.0,9052.0,9100.0,8911.0,1373.0,12354254.0,11101
372,2023-09-18 09:03:06,AP2310,AP310,8959.0,3.0,26994.0,-1.0,4,8951.0,8965.0,1,9050.0,9052.0,9100.0,8911.0,1376.0,12381248.0,11100
373,2023-09-18 09:03:07,AP2310,AP310,8959.0,0.0,0.0,0.0,1,8957.0,8965.0,1,9050.0,9052.0,9100.0,8911.0,1376.0,12381248.0,11100
374,2023-09-18 09:03:07,AP2310,AP310,8959.0,0.0,0.0,0.0,1,8957.0,8965.0,3,9050.0,9052.0,9100.0,8911.0,1376.0,12381248.0,11100
375,2023-09-18 09:03:08,AP2310,AP310,8951.0,10.0,88594.0,4.0,3,8951.0,8964.0,2,9050.0,9052.0,9100.0,8911.0,1386.0,12469842.0,11104
376,2023-09-18 09:03:08,AP2310,AP310,8951.0,0.0,0.0,0.0,1,8951.0,8964.0,2,9050.0,9052.0,9100.0,8911.0,1386.0,12469842.0,11104
377,2023-09-18 09:03:09,AP2310,AP310,8951.0,0.0,0.0,0.0,2,8952.0,8959.0,1,9050.0,9052.0,9100.0,8911.0,1386.0,12469842.0,11104
378,2023-09-18 09:03:10,AP2310,AP310,8951.0,1.0,8997.0,1.0,2,8953.0,8959.0,1,9050.0,9052.0,9100.0,8911.0,1387.0,12478839.0,11105
379,2023-09-18 09:03:12,AP2310,AP310,8959.0,1.0,8997.0,0.0,2,8953.0,8964.0,2,9050.0,9052.0,9100.0,8911.0,1388.0,12487836.0,11105
380,2023-09-18 09:03:12,AP2310,AP310,8965.0,4.0,35988.0,2.0,1,8965.0,8967.0,1,9050.0,9052.0,9100.0,8911.0,1392.0,12523824.0,11107
381,2023-09-18 09:03:13,AP2310,AP310,8966.0,4.0,35988.0,2.0,1,8951.0,8967.0,1,9050.0,9052.0,9100.0,8911.0,1396.0,12559812.0,11109
382,2023-09-18 09:03:13,AP2310,AP310,8966.0,0.0,0.0,0.0,1,8959.0,8967.0,1,9050.0,9052.0,9100.0,8911.0,1396.0,12559812.0,11109
383,2023-09-18 09:03:14,AP2310,AP310,8966.0,0.0,0.0,0.0,4,8960.0,8967.0,1,9050.0,9052.0,9100.0,8911.0,1396.0,12559812.0,11109
384,2023-09-18 09:03:15,AP2310,AP310,8966.0,0.0,0.0,0.0,2,8960.0,8967.0,1,9050.0,9052.0,9100.0,8911.0,1396.0,12559812.0,11109
385,2023-09-18 09:03:16,AP2310,AP310,8960.0,1.0,8997.0,1.0,1,8960.0,8967.0,1,9050.0,9052.0,9100.0,8911.0,1397.0,12568809.0,11110
386,2023-09-18 09:03:17,AP2310,AP310,8967.0,1.0,8997.0,-1.0,26,8967.0,8974.0,4,9050.0,9052.0,9100.0,8911.0,1398.0,12577806.0,11109
387,2023-09-18 09:03:17,AP2310,AP310,8967.0,0.0,0.0,0.0,26,8967.0,8973.0,1,9050.0,9052.0,9100.0,8911.0,1398.0,12577806.0,11109
388,2023-09-18 09:03:18,AP2310,AP310,8967.0,0.0,0.0,0.0,1,8968.0,8973.0,1,9050.0,9052.0,9100.0,8911.0,1398.0,12577806.0,11109
389,2023-09-18 09:03:19,AP2310,AP310,8967.0,27.0,241494.0,-26.0,1,8959.0,8967.0,61,9050.0,9052.0,9100.0,8911.0,1425.0,12819300.0,11083
390,2023-09-18 09:03:21,AP2310,AP310,8967.0,0.0,0.0,0.0,1,8959.0,8966.0,1,9050.0,9052.0,9100.0,8911.0,1425.0,12819300.0,11083
391,2023-09-18 09:03:21,AP2310,AP310,8967.0,0.0,0.0,0.0,1,8959.0,8965.0,3,9050.0,9052.0,9100.0,8911.0,1425.0,12819300.0,11083
392,2023-09-18 09:03:22,AP2310,AP310,8967.0,0.0,0.0,0.0,1,8959.0,8964.0,1,9050.0,9052.0,9100.0,8911.0,1425.0,12819300.0,11083
393,2023-09-18 09:03:22,AP2310,AP310,8966.0,2.0,17992.0,-1.0,1,8959.0,8965.0,2,9050.0,9052.0,9100.0,8911.0,1427.0,12837292.0,11082
394,2023-09-18 09:03:24,AP2310,AP310,8963.0,2.0,17992.0,0.0,1,8959.0,8963.0,1,9050.0,9052.0,9100.0,8911.0,1429.0,12855284.0,11082
395,2023-09-18 09:03:25,AP2310,AP310,8963.0,0.0,0.0,0.0,2,8960.0,8963.0,1,9050.0,9052.0,9100.0,8911.0,1429.0,12855284.0,11082
396,2023-09-18 09:03:25,AP2310,AP310,8963.0,7.0,62972.0,0.0,6,8963.0,8965.0,1,9050.0,9052.0,9100.0,8911.0,1436.0,12918256.0,11082
397,2023-09-18 09:03:25,AP2310,AP310,8965.0,1.0,8996.0,1.0,6,8963.0,8967.0,61,9050.0,9052.0,9100.0,8911.0,1437.0,12927252.0,11083
398,2023-09-18 09:03:26,AP2310,AP310,8965.0,0.0,0.0,0.0,6,8963.0,8965.0,2,9050.0,9052.0,9100.0,8911.0,1437.0,12927252.0,11083
399,2023-09-18 09:03:27,AP2310,AP310,8965.0,0.0,0.0,0.0,6,8963.0,8964.0,1,9050.0,9052.0,9100.0,8911.0,1437.0,12927252.0,11083
400,2023-09-18 09:03:27,AP2310,AP310,8967.0,8.0,71968.0,3.0,1,8964.0,8967.0,56,9050.0,9052.0,9100.0,8911.0,1445.0,12999220.0,11086
401,2023-09-18 09:03:28,AP2310,AP310,8966.0,10.0,89960.0,0.0,2,8966.0,8967.0,48,9050.0,9052.0,9100.0,8911.0,1455.0,13089180.0,11086
402,2023-09-18 09:03:28,AP2310,AP310,8967.0,2.0,17992.0,-2.0,3,8964.0,8967.0,46,9050.0,9052.0,9100.0,8911.0,1457.0,13107172.0,11084
403,2023-09-18 09:03:28,AP2310,AP310,8963.0,2.0,17992.0,-2.0,5,8963.0,8967.0,45,9050.0,9052.0,9100.0,8911.0,1459.0,13125164.0,11082
404,2023-09-18 09:03:29,AP2310,AP310,8967.0,10.0,88491.0,-10.0,2,8964.0,8967.0,35,9050.0,9052.0,9100.0,8911.0,1469.0,13213655.0,11072
405,2023-09-18 09:03:30,AP2310,AP310,8967.0,2.0,17990.0,0.0,2,8964.0,8967.0,33,9050.0,9052.0,9100.0,8911.0,1471.0,13231645.0,11072
406,2023-09-18 09:03:31,AP2310,AP310,8967.0,1.0,8995.0,0.0,2,8964.0,8967.0,32,9050.0,9052.0,9100.0,8911.0,1472.0,13240640.0,11072
407,2023-09-18 09:03:32,AP2310,AP310,8967.0,1.0,8995.0,-1.0,3,8964.0,8967.0,31,9050.0,9052.0,9100.0,8911.0,1473.0,13249635.0,11071
408,2023-09-18 09:03:32,AP2310,AP310,8967.0,1.0,8995.0,0.0,3,8964.0,8967.0,30,9050.0,9052.0,9100.0,8911.0,1474.0,13258630.0,11071
409,2023-09-18 09:03:33,AP2310,AP310,8967.0,1.0,8995.0,0.0,3,8964.0,8967.0,29,9050.0,9052.0,9100.0,8911.0,1475.0,13267625.0,11071
410,2023-09-18 09:03:33,AP2310,AP310,8967.0,4.0,35980.0,0.0,3,8964.0,8967.0,25,9050.0,9052.0,9100.0,8911.0,1479.0,13303605.0,11071
411,2023-09-18 09:03:34,AP2310,AP310,8967.0,0.0,0.0,0.0,2,8966.0,8967.0,25,9050.0,9052.0,9100.0,8911.0,1479.0,13303605.0,11071
412,2023-09-18 09:03:35,AP2310,AP310,8967.0,2.0,17990.0,0.0,2,8966.0,8967.0,23,9050.0,9052.0,9100.0,8911.0,1481.0,13321595.0,11071
413,2023-09-18 09:03:36,AP2310,AP310,8967.0,3.0,26985.0,-2.0,2,8966.0,8967.0,20,9050.0,9052.0,9100.0,8911.0,1484.0,13348580.0,11069
414,2023-09-18 09:03:36,AP2310,AP310,8967.0,5.0,44975.0,-2.0,1,8965.0,8967.0,17,9050.0,9052.0,9100.0,8911.0,1489.0,13393555.0,11067
415,2023-09-18 09:03:37,AP2310,AP310,8967.0,5.0,44975.0,-2.0,4,8966.0,8967.0,12,9050.0,9052.0,9100.0,8911.0,1494.0,13438530.0,11065
416,2023-09-18 09:03:38,AP2310,AP310,8967.0,0.0,0.0,0.0,1,8965.0,8967.0,12,9050.0,9052.0,9100.0,8911.0,1494.0,13438530.0,11065
417,2023-09-18 09:03:39,AP2310,AP310,8967.0,5.0,44975.0,0.0,1,8965.0,8967.0,7,9050.0,9052.0,9100.0,8911.0,1499.0,13483505.0,11065
418,2023-09-18 09:03:40,AP2310,AP310,8967.0,1.0,8995.0,0.0,1,8965.0,8967.0,6,9050.0,9052.0,9100.0,8911.0,1500.0,13492500.0,11065
419,2023-09-18 09:03:43,AP2310,AP310,8967.0,0.0,0.0,0.0,2,8965.0,8967.0,6,9050.0,9052.0,9100.0,8911.0,1500.0,13492500.0,11065
420,2023-09-18 09:03:44,AP2310,AP310,8967.0,1.0,8995.0,0.0,2,8965.0,8967.0,5,9050.0,9052.0,9100.0,8911.0,1501.0,13501495.0,11065
421,2023-09-18 09:03:45,AP2310,AP310,8967.0,0.0,0.0,0.0,2,8965.0,8967.0,6,9050.0,9052.0,9100.0,8911.0,1501.0,13501495.0,11065
422,2023-09-18 09:03:46,AP2310,AP310,8965.0,1.0,8995.0,0.0,1,8965.0,8967.0,6,9050.0,9052.0,9100.0,8911.0,1502.0,13510490.0,11065
423,2023-09-18 09:03:46,AP2310,AP310,8965.0,0.0,0.0,0.0,2,8965.0,8967.0,6,9050.0,9052.0,9100.0,8911.0,1502.0,13510490.0,11065
424,2023-09-18 09:03:47,AP2310,AP310,8967.0,1.0,8995.0,-1.0,7,8965.0,8967.0,5,9050.0,9052.0,9100.0,8911.0,1503.0,13519485.0,11064
425,2023-09-18 09:03:48,AP2310,AP310,8967.0,1.0,8995.0,-1.0,7,8965.0,8967.0,4,9050.0,9052.0,9100.0,8911.0,1504.0,13528480.0,11063
426,2023-09-18 09:03:48,AP2310,AP310,8965.0,8.0,71960.0,4.0,6,8965.0,8974.0,4,9050.0,9052.0,9100.0,8911.0,1512.0,13600440.0,11067
427,2023-09-18 09:03:48,AP2310,AP310,8965.0,1.0,8995.0,0.0,5,8965.0,8974.0,4,9050.0,9052.0,9100.0,8911.0,1513.0,13609435.0,11067
428,2023-09-18 09:03:49,AP2310,AP310,8965.0,0.0,0.0,0.0,5,8965.0,8973.0,2,9050.0,9052.0,9100.0,8911.0,1513.0,13609435.0,11067
429,2023-09-18 09:03:50,AP2310,AP310,8973.0,2.0,17990.0,0.0,5,8965.0,8974.0,4,9050.0,9052.0,9100.0,8911.0,1515.0,13627425.0,11067
430,2023-09-18 09:03:51,AP2310,AP310,8973.0,0.0,0.0,0.0,1,8973.0,8974.0,4,9050.0,9052.0,9100.0,8911.0,1515.0,13627425.0,11067
431,2023-09-18 09:03:52,AP2310,AP310,8973.0,3.0,25467.0,2.0,5,8965.0,8974.0,4,9050.0,9052.0,9100.0,8911.0,1518.0,13652892.0,11069
432,2023-09-18 09:03:53,AP2310,AP310,8973.0,0.0,0.0,0.0,5,8965.0,8973.0,1,9050.0,9052.0,9100.0,8911.0,1518.0,13652892.0,11069
433,2023-09-18 09:03:53,AP2310,AP310,8967.0,1.0,8994.0,-1.0,9,8967.0,8973.0,1,9050.0,9052.0,9100.0,8911.0,1519.0,13661886.0,11068
434,2023-09-18 09:03:56,AP2310,AP310,8973.0,1.0,8994.0,-1.0,2,8973.0,8974.0,4,9050.0,9052.0,9100.0,8911.0,1520.0,13670880.0,11067
435,2023-09-18 09:03:56,AP2310,AP310,8973.0,2.0,17988.0,0.0,9,8967.0,8973.0,2,9050.0,9052.0,9100.0,8911.0,1522.0,13688868.0,11067
436,2023-09-18 09:03:59,AP2310,AP310,8973.0,2.0,17988.0,0.0,8,8967.0,8973.0,1,9050.0,9052.0,9100.0,8911.0,1524.0,13706856.0,11067
437,2023-09-18 09:04:01,AP2310,AP310,8973.0,5.0,44970.0,0.0,8,8967.0,8974.0,4,9050.0,9052.0,9100.0,8911.0,1529.0,13751826.0,11067
438,2023-09-18 09:04:02,AP2310,AP310,8967.0,1.0,8994.0,-1.0,7,8967.0,8974.0,4,9050.0,9052.0,9100.0,8911.0,1530.0,13760820.0,11066
439,2023-09-18 09:04:03,AP2310,AP310,8973.0,1.0,8994.0,-1.0,2,8968.0,8973.0,1,9050.0,9052.0,9100.0,8911.0,1531.0,13769814.0,11065
440,2023-09-18 09:04:03,AP2310,AP310,8968.0,1.0,8994.0,0.0,1,8968.0,8974.0,4,9050.0,9052.0,9100.0,8911.0,1532.0,13778808.0,11065
441,2023-09-18 09:04:04,AP2310,AP310,8974.0,2.0,17988.0,2.0,1,8968.0,8973.0,2,9050.0,9052.0,9100.0,8911.0,1534.0,13796796.0,11067
442,2023-09-18 09:04:05,AP2310,AP310,8973.0,2.0,17988.0,2.0,1,8968.0,8972.0,1,9050.0,9052.0,9100.0,8911.0,1536.0,13814784.0,11069
443,2023-09-18 09:04:05,AP2310,AP310,8972.0,1.0,8994.0,0.0,1,8968.0,8974.0,2,9050.0,9052.0,9100.0,8911.0,1537.0,13823778.0,11069
444,2023-09-18 09:04:06,AP2310,AP310,8972.0,0.0,0.0,0.0,1,8968.0,8973.0,1,9050.0,9052.0,9100.0,8911.0,1537.0,13823778.0,11069
445,2023-09-18 09:04:06,AP2310,AP310,8972.0,0.0,0.0,0.0,2,8968.0,8973.0,11,9050.0,9052.0,9100.0,8911.0,1537.0,13823778.0,11069
446,2023-09-18 09:04:08,AP2310,AP310,8973.0,1.0,8994.0,0.0,2,8968.0,8972.0,2,9050.0,9052.0,9100.0,8911.0,1538.0,13832772.0,11069
447,2023-09-18 09:04:09,AP2310,AP310,8973.0,5.0,44970.0,5.0,2,8968.0,8973.0,7,9050.0,9052.0,9100.0,8911.0,1543.0,13877742.0,11074
448,2023-09-18 09:04:10,AP2310,AP310,8973.0,3.0,26982.0,0.0,2,8968.0,8973.0,4,9050.0,9052.0,9100.0,8911.0,1546.0,13904724.0,11074
449,2023-09-18 09:04:11,AP2310,AP310,8973.0,1.0,8994.0,1.0,2,8968.0,8973.0,3,9050.0,9052.0,9100.0,8911.0,1547.0,13913718.0,11075
450,2023-09-18 09:04:11,AP2310,AP310,8973.0,0.0,0.0,0.0,2,8968.0,8972.0,1,9050.0,9052.0,9100.0,8911.0,1547.0,13913718.0,11075
451,2023-09-18 09:04:12,AP2310,AP310,8973.0,1.0,8994.0,-1.0,2,8968.0,8973.0,3,9050.0,9052.0,9100.0,8911.0,1548.0,13922712.0,11074
452,2023-09-18 09:04:13,AP2310,AP310,8973.0,0.0,0.0,0.0,4,8972.0,8973.0,3,9050.0,9052.0,9100.0,8911.0,1548.0,13922712.0,11074
453,2023-09-18 09:04:13,AP2310,AP310,8972.0,3.0,26982.0,3.0,1,8972.0,8973.0,3,9050.0,9052.0,9100.0,8911.0,1551.0,13949694.0,11077
454,2023-09-18 09:04:16,AP2310,AP310,8973.0,2.0,17988.0,1.0,1,8972.0,8973.0,1,9050.0,9052.0,9100.0,8911.0,1553.0,13967682.0,11078
455,2023-09-18 09:04:18,AP2310,AP310,8973.0,1.0,8994.0,1.0,1,8972.0,8974.0,2,9050.0,9052.0,9100.0,8911.0,1554.0,13976676.0,11079
456,2023-09-18 09:04:18,AP2310,AP310,8972.0,1.0,8994.0,0.0,1,8969.0,8974.0,2,9050.0,9052.0,9100.0,8911.0,1555.0,13985670.0,11079
457,2023-09-18 09:04:19,AP2310,AP310,8969.0,1.0,8994.0,1.0,7,8967.0,8974.0,2,9050.0,9052.0,9100.0,8911.0,1556.0,13994664.0,11080
458,2023-09-18 09:04:21,AP2310,AP310,8969.0,0.0,0.0,0.0,7,8967.0,8973.0,2,9050.0,9052.0,9100.0,8911.0,1556.0,13994664.0,11080
459,2023-09-18 09:04:24,AP2310,AP310,8969.0,0.0,0.0,0.0,5,8968.0,8973.0,2,9050.0,9052.0,9100.0,8911.0,1556.0,13994664.0,11080
460,2023-09-18 09:04:24,AP2310,AP310,8969.0,0.0,0.0,0.0,1,8969.0,8973.0,2,9050.0,9052.0,9100.0,8911.0,1556.0,13994664.0,11080
461,2023-09-18 09:04:28,AP2310,AP310,8969.0,0.0,0.0,0.0,1,8970.0,8973.0,2,9050.0,9052.0,9100.0,8911.0,1556.0,13994664.0,11080
462,2023-09-18 09:04:29,AP2310,AP310,8973.0,2.0,17988.0,1.0,3,8971.0,8974.0,3,9050.0,9052.0,9100.0,8911.0,1558.0,14012652.0,11081
463,2023-09-18 09:04:32,AP2310,AP310,8974.0,3.0,26982.0,2.0,3,8971.0,8978.0,1,9050.0,9052.0,9100.0,8911.0,1561.0,14039634.0,11083
464,2023-09-18 09:04:33,AP2310,AP310,8971.0,1.0,8994.0,1.0,2,8971.0,8978.0,1,9050.0,9052.0,9100.0,8911.0,1562.0,14048628.0,11084
465,2023-09-18 09:04:36,AP2310,AP310,8971.0,0.0,0.0,0.0,1,8977.0,8978.0,1,9050.0,9052.0,9100.0,8911.0,1562.0,14048628.0,11084
466,2023-09-18 09:04:36,AP2310,AP310,8977.0,1.0,8994.0,1.0,2,8971.0,8978.0,1,9050.0,9052.0,9100.0,8911.0,1563.0,14057622.0,11085
467,2023-09-18 09:04:37,AP2310,AP310,8977.0,1.0,8994.0,0.0,2,8971.0,8978.0,1,9050.0,9052.0,9100.0,8911.0,1564.0,14066616.0,11085
468,2023-09-18 09:04:38,AP2310,AP310,8978.0,1.0,8994.0,1.0,2,8971.0,8981.0,4,9050.0,9052.0,9100.0,8911.0,1565.0,14075610.0,11086
469,2023-09-18 09:04:38,AP2310,AP310,8978.0,0.0,0.0,0.0,3,8978.0,8981.0,4,9050.0,9052.0,9100.0,8911.0,1565.0,14075610.0,11086
470,2023-09-18 09:04:39,AP2310,AP310,8978.0,1.0,8994.0,0.0,2,8978.0,8981.0,4,9050.0,9052.0,9100.0,8911.0,1566.0,14084604.0,11086
471,2023-09-18 09:04:42,AP2310,AP310,8981.0,4.0,35976.0,3.0,8,8978.0,8981.0,1,9050.0,9052.0,9100.0,8911.0,1570.0,14120580.0,11089
472,2023-09-18 09:04:42,AP2310,AP310,8981.0,1.0,8994.0,1.0,2,8979.0,8988.0,5,9050.0,9052.0,9100.0,8911.0,1571.0,14129574.0,11090
473,2023-09-18 09:04:42,AP2310,AP310,8981.0,0.0,0.0,0.0,2,8979.0,8987.0,10,9050.0,9052.0,9100.0,8911.0,1571.0,14129574.0,11090
474,2023-09-18 09:04:43,AP2310,AP310,8981.0,0.0,0.0,0.0,2,8979.0,8987.0,3,9050.0,9052.0,9100.0,8911.0,1571.0,14129574.0,11090
475,2023-09-18 09:04:44,AP2310,AP310,8979.0,2.0,17988.0,0.0,8,8978.0,8979.0,3,9050.0,9052.0,9100.0,8911.0,1573.0,14147562.0,11090
476,2023-09-18 09:04:44,AP2310,AP310,8979.0,3.0,26982.0,-1.0,8,8978.0,8992.0,4,9050.0,9052.0,9100.0,8911.0,1576.0,14174544.0,11089
477,2023-09-18 09:04:45,AP2310,AP310,8987.0,3.0,26982.0,3.0,8,8978.0,8992.0,2,9050.0,9052.0,9100.0,8911.0,1579.0,14201526.0,11092
478,2023-09-18 09:04:45,AP2310,AP310,8987.0,0.0,0.0,0.0,8,8978.0,8993.0,1,9050.0,9052.0,9100.0,8911.0,1579.0,14201526.0,11092
479,2023-09-18 09:04:46,AP2310,AP310,8987.0,0.0,0.0,0.0,8,8978.0,8993.0,7,9050.0,9052.0,9100.0,8911.0,1579.0,14201526.0,11092
480,2023-09-18 09:04:46,AP2310,AP310,8987.0,0.0,0.0,0.0,8,8978.0,8992.0,12,9050.0,9052.0,9100.0,8911.0,1579.0,14201526.0,11092
481,2023-09-18 09:04:46,AP2310,AP310,8987.0,0.0,0.0,0.0,8,8978.0,8989.0,3,9050.0,9052.0,9100.0,8911.0,1579.0,14201526.0,11092
482,2023-09-18 09:04:47,AP2310,AP310,8987.0,0.0,0.0,0.0,8,8978.0,8988.0,2,9050.0,9052.0,9100.0,8911.0,1579.0,14201526.0,11092
483,2023-09-18 09:04:47,AP2310,AP310,8978.0,1.0,8994.0,1.0,7,8978.0,8988.0,2,9050.0,9052.0,9100.0,8911.0,1580.0,14210520.0,11093
484,2023-09-18 09:04:48,AP2310,AP310,8988.0,2.0,17988.0,2.0,7,8978.0,8987.0,2,9050.0,9052.0,9100.0,8911.0,1582.0,14228508.0,11095
485,2023-09-18 09:04:49,AP2310,AP310,8988.0,0.0,0.0,0.0,2,8979.0,8987.0,2,9050.0,9052.0,9100.0,8911.0,1582.0,14228508.0,11095
486,2023-09-18 09:04:50,AP2310,AP310,8988.0,6.0,53964.0,1.0,2,8979.0,8988.0,1,9050.0,9052.0,9100.0,8911.0,1588.0,14282472.0,11096
487,2023-09-18 09:04:50,AP2310,AP310,8988.0,0.0,0.0,0.0,2,8980.0,8991.0,1,9050.0,9052.0,9100.0,8911.0,1588.0,14282472.0,11096
488,2023-09-18 09:04:51,AP2310,AP310,8991.0,12.0,107928.0,4.0,2,8980.0,8991.0,4,9050.0,9052.0,9100.0,8911.0,1600.0,14390400.0,11100
489,2023-09-18 09:04:51,AP2310,AP310,8991.0,0.0,0.0,0.0,2,8980.0,8989.0,2,9050.0,9052.0,9100.0,8911.0,1600.0,14390400.0,11100
490,2023-09-18 09:04:51,AP2310,AP310,8991.0,0.0,0.0,0.0,2,8981.0,8988.0,2,9050.0,9052.0,9100.0,8911.0,1600.0,14390400.0,11100
491,2023-09-18 09:04:52,AP2310,AP310,8991.0,0.0,0.0,0.0,2,8982.0,8988.0,2,9050.0,9052.0,9100.0,8911.0,1600.0,14390400.0,11100
492,2023-09-18 09:04:52,AP2310,AP310,8991.0,2.0,17988.0,0.0,2,8982.0,8991.0,3,9050.0,9052.0,9100.0,8911.0,1602.0,14408388.0,11100
493,2023-09-18 09:04:53,AP2310,AP310,8982.0,3.0,26982.0,0.0,2,8981.0,8982.0,10,9050.0,9052.0,9100.0,8911.0,1605.0,14435370.0,11100
494,2023-09-18 09:04:53,AP2310,AP310,8982.0,11.0,98934.0,-7.0,2,8981.0,8991.0,3,9050.0,9052.0,9100.0,8911.0,1616.0,14534304.0,11093
495,2023-09-18 09:04:54,AP2310,AP310,8991.0,3.0,26982.0,3.0,2,8981.0,8991.0,2,9050.0,9052.0,9100.0,8911.0,1619.0,14561286.0,11096
496,2023-09-18 09:04:55,AP2310,AP310,8989.0,4.0,35976.0,0.0,2,8981.0,8991.0,2,9050.0,9052.0,9100.0,8911.0,1623.0,14597262.0,11096
497,2023-09-18 09:04:57,AP2310,AP310,8989.0,0.0,0.0,0.0,3,8981.0,8991.0,2,9050.0,9052.0,9100.0,8911.0,1623.0,14597262.0,11096
498,2023-09-18 09:04:58,AP2310,AP310,8991.0,1.0,8994.0,-1.0,3,8981.0,8991.0,2,9050.0,9052.0,9100.0,8911.0,1624.0,14606256.0,11095
499,2023-09-18 09:04:59,AP2310,AP310,8991.0,0.0,0.0,0.0,5,8982.0,8991.0,2,9050.0,9052.0,9100.0,8911.0,1624.0,14606256.0,11095
500,2023-09-18 09:05:00,AP2310,AP310,8991.0,0.0,0.0,0.0,2,8983.0,8991.0,2,9050.0,9052.0,9100.0,8911.0,1624.0,14606256.0,11095
501,2023-09-18 09:05:00,AP2310,AP310,8991.0,2.0,17988.0,0.0,2,8983.0,8989.0,1,9050.0,9052.0,9100.0,8911.0,1626.0,14624244.0,11095
502,2023-09-18 09:05:00,AP2310,AP310,8991.0,0.0,0.0,0.0,2,8983.0,8986.0,2,9050.0,9052.0,9100.0,8911.0,1626.0,14624244.0,11095
503,2023-09-18 09:05:01,AP2310,AP310,8985.0,2.0,17988.0,-2.0,2,8983.0,8986.0,1,9050.0,9052.0,9100.0,8911.0,1628.0,14642232.0,11093
504,2023-09-18 09:05:01,AP2310,AP310,8983.0,1.0,8994.0,-1.0,2,8983.0,8985.0,6,9050.0,9052.0,9100.0,8911.0,1629.0,14651226.0,11092
505,2023-09-18 09:05:02,AP2310,AP310,8983.0,1.0,8994.0,-1.0,1,8983.0,8987.0,1,9050.0,9052.0,9100.0,8911.0,1630.0,14660220.0,11091
506,2023-09-18 09:05:03,AP2310,AP310,8983.0,0.0,0.0,0.0,1,8983.0,8986.0,1,9050.0,9052.0,9100.0,8911.0,1630.0,14660220.0,11091
507,2023-09-18 09:05:05,AP2310,AP310,8983.0,0.0,0.0,0.0,1,8983.0,8986.0,2,9050.0,9052.0,9100.0,8911.0,1630.0,14660220.0,11091
508,2023-09-18 09:05:06,AP2310,AP310,8986.0,5.0,44970.0,-4.0,5,8982.0,8989.0,3,9050.0,9052.0,9100.0,8911.0,1635.0,14705190.0,11087
509,2023-09-18 09:05:06,AP2310,AP310,8986.0,0.0,0.0,0.0,5,8982.0,8989.0,1,9050.0,9052.0,9100.0,8911.0,1635.0,14705190.0,11087
510,2023-09-18 09:05:06,AP2310,AP310,8982.0,2.0,16351.0,-2.0,3,8982.0,8989.0,1,9050.0,9052.0,9100.0,8911.0,1637.0,14721541.0,11085
511,2023-09-18 09:05:07,AP2310,AP310,8982.0,2.0,17986.0,0.0,1,8982.0,8989.0,1,9050.0,9052.0,9100.0,8911.0,1639.0,14739527.0,11085
512,2023-09-18 09:05:07,AP2310,AP310,8982.0,0.0,0.0,0.0,1,8982.0,8991.0,6,9050.0,9052.0,9100.0,8911.0,1639.0,14739527.0,11085
513,2023-09-18 09:05:08,AP2310,AP310,8991.0,6.0,53958.0,2.0,1,8982.0,8988.0,1,9050.0,9052.0,9100.0,8911.0,1645.0,14793485.0,11087
514,2023-09-18 09:05:08,AP2310,AP310,8991.0,0.0,0.0,0.0,2,8982.0,8987.0,3,9050.0,9052.0,9100.0,8911.0,1645.0,14793485.0,11087
515,2023-09-18 09:05:10,AP2310,AP310,8982.0,1.0,8993.0,-1.0,1,8982.0,8986.0,1,9050.0,9052.0,9100.0,8911.0,1646.0,14802478.0,11086
516,2023-09-18 09:05:11,AP2310,AP310,8981.0,5.0,44965.0,-3.0,2,8981.0,8986.0,1,9050.0,9052.0,9100.0,8911.0,1651.0,14847443.0,11083
517,2023-09-18 09:05:11,AP2310,AP310,8981.0,0.0,0.0,0.0,2,8981.0,8984.0,1,9050.0,9052.0,9100.0,8911.0,1651.0,14847443.0,11083
518,2023-09-18 09:05:12,AP2310,AP310,8984.0,1.0,8993.0,0.0,3,8981.0,8988.0,1,9050.0,9052.0,9100.0,8911.0,1652.0,14856436.0,11083
519,2023-09-18 09:05:12,AP2310,AP310,8984.0,0.0,0.0,0.0,3,8981.0,8987.0,1,9050.0,9052.0,9100.0,8911.0,1652.0,14856436.0,11083
520,2023-09-18 09:05:13,AP2310,AP310,8978.0,6.0,53958.0,-2.0,3,8978.0,8988.0,1,9050.0,9052.0,9100.0,8911.0,1658.0,14910394.0,11081
521,2023-09-18 09:05:14,AP2310,AP310,8978.0,1.0,8993.0,0.0,2,8978.0,8987.0,1,9050.0,9052.0,9100.0,8911.0,1659.0,14919387.0,11081
522,2023-09-18 09:05:14,AP2310,AP310,8978.0,1.0,8993.0,0.0,2,8978.0,8987.0,1,9050.0,9052.0,9100.0,8911.0,1660.0,14928380.0,11081
523,2023-09-18 09:05:14,AP2310,AP310,8987.0,4.0,35972.0,0.0,1,8977.0,8989.0,1,9050.0,9052.0,9100.0,8911.0,1664.0,14964352.0,11081
524,2023-09-18 09:05:15,AP2310,AP310,8987.0,0.0,0.0,0.0,1,8977.0,8988.0,1,9050.0,9052.0,9100.0,8911.0,1664.0,14964352.0,11081
525,2023-09-18 09:05:16,AP2310,AP310,8988.0,1.0,8993.0,0.0,1,8977.0,8990.0,3,9050.0,9052.0,9100.0,8911.0,1665.0,14973345.0,11081
526,2023-09-18 09:05:18,AP2310,AP310,8988.0,0.0,0.0,0.0,3,8978.0,8991.0,5,9050.0,9052.0,9100.0,8911.0,1665.0,14973345.0,11081
527,2023-09-18 09:05:18,AP2310,AP310,8988.0,0.0,0.0,0.0,3,8978.0,8990.0,3,9050.0,9052.0,9100.0,8911.0,1665.0,14973345.0,11081
528,2023-09-18 09:05:20,AP2310,AP310,8988.0,0.0,0.0,0.0,3,8978.0,8989.0,3,9050.0,9052.0,9100.0,8911.0,1665.0,14973345.0,11081
529,2023-09-18 09:05:21,AP2310,AP310,8988.0,0.0,0.0,0.0,3,8978.0,8988.0,3,9050.0,9052.0,9100.0,8911.0,1665.0,14973345.0,11081
530,2023-09-18 09:05:22,AP2310,AP310,8988.0,0.0,0.0,0.0,3,8978.0,8986.0,1,9050.0,9052.0,9100.0,8911.0,1665.0,14973345.0,11081
531,2023-09-18 09:05:22,AP2310,AP310,8985.0,2.0,17986.0,0.0,2,8978.0,8985.0,2,9050.0,9052.0,9100.0,8911.0,1667.0,14991331.0,11081
532,2023-09-18 09:05:23,AP2310,AP310,8985.0,0.0,0.0,0.0,2,8978.0,8986.0,2,9050.0,9052.0,9100.0,8911.0,1667.0,14991331.0,11081
533,2023-09-18 09:05:24,AP2310,AP310,8986.0,4.0,35972.0,-3.0,1,8986.0,8987.0,3,9050.0,9052.0,9100.0,8911.0,1671.0,15027303.0,11078
534,2023-09-18 09:05:24,AP2310,AP310,8986.0,1.0,8993.0,-1.0,2,8978.0,8986.0,5,9050.0,9052.0,9100.0,8911.0,1672.0,15036296.0,11077
535,2023-09-18 09:05:25,AP2310,AP310,8978.0,2.0,17986.0,0.0,1,8977.0,8978.0,8,9050.0,9052.0,9100.0,8911.0,1674.0,15054282.0,11077
536,2023-09-18 09:05:25,AP2310,AP310,8978.0,9.0,80937.0,-5.0,1,8977.0,8990.0,4,9050.0,9052.0,9100.0,8911.0,1683.0,15135219.0,11072
537,2023-09-18 09:05:26,AP2310,AP310,8978.0,0.0,0.0,0.0,1,8977.0,8989.0,2,9050.0,9052.0,9100.0,8911.0,1683.0,15135219.0,11072
538,2023-09-18 09:05:26,AP2310,AP310,8978.0,0.0,0.0,0.0,1,8977.0,8988.0,1,9050.0,9052.0,9100.0,8911.0,1683.0,15135219.0,11072
539,2023-09-18 09:05:27,AP2310,AP310,8978.0,0.0,0.0,0.0,4,8978.0,8988.0,1,9050.0,9052.0,9100.0,8911.0,1683.0,15135219.0,11072
540,2023-09-18 09:05:28,AP2310,AP310,8978.0,0.0,0.0,0.0,4,8978.0,8988.0,3,9050.0,9052.0,9100.0,8911.0,1683.0,15135219.0,11072
541,2023-09-18 09:05:29,AP2310,AP310,8988.0,3.0,26979.0,0.0,4,8978.0,8988.0,1,9050.0,9052.0,9100.0,8911.0,1686.0,15162198.0,11072
542,2023-09-18 09:05:29,AP2310,AP310,8988.0,0.0,0.0,0.0,4,8978.0,8987.0,2,9050.0,9052.0,9100.0,8911.0,1686.0,15162198.0,11072
543,2023-09-18 09:05:30,AP2310,AP310,8978.0,1.0,8993.0,-1.0,3,8978.0,8987.0,2,9050.0,9052.0,9100.0,8911.0,1687.0,15171191.0,11071
544,2023-09-18 09:05:30,AP2310,AP310,8978.0,0.0,0.0,0.0,3,8978.0,8986.0,1,9050.0,9052.0,9100.0,8911.0,1687.0,15171191.0,11071
545,2023-09-18 09:05:31,AP2310,AP310,8985.0,1.0,8993.0,0.0,3,8978.0,8985.0,1,9050.0,9052.0,9100.0,8911.0,1688.0,15180184.0,11071
546,2023-09-18 09:05:34,AP2310,AP310,8985.0,0.0,0.0,0.0,3,8978.0,8984.0,1,9050.0,9052.0,9100.0,8911.0,1688.0,15180184.0,11071
547,2023-09-18 09:05:35,AP2310,AP310,8985.0,2.0,17986.0,1.0,3,8978.0,8988.0,2,9050.0,9052.0,9100.0,8911.0,1690.0,15198170.0,11072
548,2023-09-18 09:05:35,AP2310,AP310,8985.0,0.0,0.0,0.0,8,8978.0,8988.0,2,9050.0,9052.0,9100.0,8911.0,1690.0,15198170.0,11072
549,2023-09-18 09:05:37,AP2310,AP310,8989.0,1.0,8993.0,0.0,1,8979.0,8989.0,1,9050.0,9052.0,9100.0,8911.0,1691.0,15207163.0,11072
550,2023-09-18 09:05:39,AP2310,AP310,8989.0,0.0,0.0,0.0,1,8979.0,8988.0,2,9050.0,9052.0,9100.0,8911.0,1691.0,15207163.0,11072
551,2023-09-18 09:05:39,AP2310,AP310,8989.0,0.0,0.0,0.0,1,8979.0,8988.0,3,9050.0,9052.0,9100.0,8911.0,1691.0,15207163.0,11072
552,2023-09-18 09:05:39,AP2310,AP310,8989.0,0.0,0.0,0.0,1,8980.0,8987.0,1,9050.0,9052.0,9100.0,8911.0,1691.0,15207163.0,11072
553,2023-09-18 09:05:41,AP2310,AP310,8988.0,1.0,8993.0,0.0,1,8981.0,8986.0,1,9050.0,9052.0,9100.0,8911.0,1692.0,15216156.0,11072
554,2023-09-18 09:05:41,AP2310,AP310,8988.0,0.0,0.0,0.0,1,8981.0,8987.0,1,9050.0,9052.0,9100.0,8911.0,1692.0,15216156.0,11072
555,2023-09-18 09:05:42,AP2310,AP310,8988.0,2.0,17986.0,0.0,1,8981.0,8988.0,6,9050.0,9052.0,9100.0,8911.0,1694.0,15234142.0,11072
556,2023-09-18 09:05:42,AP2310,AP310,8988.0,0.0,0.0,0.0,1,8981.0,8987.0,2,9050.0,9052.0,9100.0,8911.0,1694.0,15234142.0,11072
557,2023-09-18 09:05:42,AP2310,AP310,8988.0,0.0,0.0,0.0,1,8981.0,8988.0,6,9050.0,9052.0,9100.0,8911.0,1694.0,15234142.0,11072
558,2023-09-18 09:05:43,AP2310,AP310,8988.0,0.0,0.0,0.0,1,8981.0,8988.0,2,9050.0,9052.0,9100.0,8911.0,1694.0,15234142.0,11072
559,2023-09-18 09:05:45,AP2310,AP310,8988.0,1.0,8993.0,0.0,1,8981.0,8988.0,1,9050.0,9052.0,9100.0,8911.0,1695.0,15243135.0,11072
560,2023-09-18 09:05:45,AP2310,AP310,8988.0,0.0,0.0,0.0,3,8981.0,8988.0,1,9050.0,9052.0,9100.0,8911.0,1695.0,15243135.0,11072
561,2023-09-18 09:05:46,AP2310,AP310,8988.0,1.0,8993.0,0.0,2,8988.0,8990.0,3,9050.0,9052.0,9100.0,8911.0,1696.0,15252128.0,11072
562,2023-09-18 09:05:46,AP2310,AP310,8988.0,2.0,17986.0,-2.0,3,8981.0,8990.0,3,9050.0,9052.0,9100.0,8911.0,1698.0,15270114.0,11070
563,2023-09-18 09:05:47,AP2310,AP310,8988.0,0.0,0.0,0.0,2,8982.0,8990.0,3,9050.0,9052.0,9100.0,8911.0,1698.0,15270114.0,11070
564,2023-09-18 09:05:50,AP2310,AP310,8990.0,1.0,8993.0,0.0,2,8982.0,8989.0,1,9050.0,9052.0,9100.0,8911.0,1699.0,15279107.0,11070
565,2023-09-18 09:05:50,AP2310,AP310,8990.0,0.0,0.0,0.0,1,8983.0,8989.0,1,9050.0,9052.0,9100.0,8911.0,1699.0,15279107.0,11070
566,2023-09-18 09:05:51,AP2310,AP310,8990.0,0.0,0.0,0.0,2,8984.0,8989.0,2,9050.0,9052.0,9100.0,8911.0,1699.0,15279107.0,11070
567,2023-09-18 09:05:52,AP2310,AP310,8984.0,1.0,8993.0,-1.0,1,8984.0,8988.0,1,9050.0,9052.0,9100.0,8911.0,1700.0,15288100.0,11069
568,2023-09-18 09:05:52,AP2310,AP310,8984.0,0.0,0.0,0.0,1,8984.0,8988.0,5,9050.0,9052.0,9100.0,8911.0,1700.0,15288100.0,11069
569,2023-09-18 09:05:53,AP2310,AP310,8984.0,0.0,0.0,0.0,1,8983.0,8987.0,4,9050.0,9052.0,9100.0,8911.0,1700.0,15288100.0,11069
570,2023-09-18 09:05:54,AP2310,AP310,8984.0,0.0,0.0,0.0,1,8983.0,8988.0,5,9050.0,9052.0,9100.0,8911.0,1700.0,15288100.0,11069
571,2023-09-18 09:05:54,AP2310,AP310,8984.0,0.0,0.0,0.0,3,8981.0,8988.0,5,9050.0,9052.0,9100.0,8911.0,1700.0,15288100.0,11069
572,2023-09-18 09:05:55,AP2310,AP310,8984.0,0.0,0.0,0.0,2,8982.0,8988.0,5,9050.0,9052.0,9100.0,8911.0,1700.0,15288100.0,11069
573,2023-09-18 09:05:56,AP2310,AP310,8982.0,1.0,8993.0,0.0,1,8982.0,8988.0,5,9050.0,9052.0,9100.0,8911.0,1701.0,15297093.0,11069
574,2023-09-18 09:05:58,AP2310,AP310,8982.0,0.0,0.0,0.0,1,8982.0,8988.0,2,9050.0,9052.0,9100.0,8911.0,1701.0,15297093.0,11069
575,2023-09-18 09:05:58,AP2310,AP310,8982.0,0.0,0.0,0.0,1,8982.0,8988.0,1,9050.0,9052.0,9100.0,8911.0,1701.0,15297093.0,11069
576,2023-09-18 09:05:58,AP2310,AP310,8987.0,2.0,17986.0,0.0,1,8982.0,8988.0,1,9050.0,9052.0,9100.0,8911.0,1703.0,15315079.0,11069
577,2023-09-18 09:06:00,AP2310,AP310,8987.0,0.0,0.0,0.0,1,8983.0,8988.0,5,9050.0,9052.0,9100.0,8911.0,1703.0,15315079.0,11069
578,2023-09-18 09:06:01,AP2310,AP310,8983.0,1.0,8993.0,-1.0,1,8982.0,8987.0,4,9050.0,9052.0,9100.0,8911.0,1704.0,15324072.0,11068
579,2023-09-18 09:06:02,AP2310,AP310,8983.0,0.0,0.0,0.0,3,8981.0,8987.0,4,9050.0,9052.0,9100.0,8911.0,1704.0,15324072.0,11068
580,2023-09-18 09:06:03,AP2310,AP310,8983.0,0.0,0.0,0.0,3,8981.0,8988.0,5,9050.0,9052.0,9100.0,8911.0,1704.0,15324072.0,11068
581,2023-09-18 09:06:04,AP2310,AP310,8983.0,0.0,0.0,0.0,3,8981.0,8988.0,1,9050.0,9052.0,9100.0,8911.0,1704.0,15324072.0,11068
582,2023-09-18 09:06:05,AP2310,AP310,8983.0,0.0,0.0,0.0,3,8981.0,8988.0,6,9050.0,9052.0,9100.0,8911.0,1704.0,15324072.0,11068
583,2023-09-18 09:06:06,AP2310,AP310,8983.0,0.0,0.0,0.0,3,8981.0,8988.0,4,9050.0,9052.0,9100.0,8911.0,1704.0,15324072.0,11068
584,2023-09-18 09:06:06,AP2310,AP310,8983.0,0.0,0.0,0.0,3,8981.0,8988.0,2,9050.0,9052.0,9100.0,8911.0,1704.0,15324072.0,11068
585,2023-09-18 09:06:07,AP2310,AP310,8981.0,3.0,26979.0,0.0,1,8980.0,8988.0,2,9050.0,9052.0,9100.0,8911.0,1707.0,15351051.0,11068
586,2023-09-18 09:06:11,AP2310,AP310,8981.0,0.0,0.0,0.0,1,8981.0,8988.0,2,9050.0,9052.0,9100.0,8911.0,1707.0,15351051.0,11068
587,2023-09-18 09:06:11,AP2310,AP310,8988.0,1.0,8993.0,0.0,1,8981.0,8988.0,1,9050.0,9052.0,9100.0,8911.0,1708.0,15360044.0,11068
588,2023-09-18 09:06:14,AP2310,AP310,8988.0,2.0,17986.0,1.0,1,8981.0,8988.0,3,9050.0,9052.0,9100.0,8911.0,1710.0,15378030.0,11069
589,2023-09-18 09:06:15,AP2310,AP310,8981.0,1.0,8993.0,-1.0,1,8980.0,8988.0,3,9050.0,9052.0,9100.0,8911.0,1711.0,15387023.0,11068
590,2023-09-18 09:06:19,AP2310,AP310,8988.0,4.0,35972.0,4.0,1,8980.0,8989.0,1,9050.0,9052.0,9100.0,8911.0,1715.0,15422995.0,11072
591,2023-09-18 09:06:20,AP2310,AP310,8988.0,0.0,0.0,0.0,1,8981.0,8989.0,1,9050.0,9052.0,9100.0,8911.0,1715.0,15422995.0,11072
592,2023-09-18 09:06:20,AP2310,AP310,8980.0,2.0,17986.0,-1.0,2,8979.0,8980.0,2,9050.0,9052.0,9100.0,8911.0,1717.0,15440981.0,11071
593,2023-09-18 09:06:20,AP2310,AP310,8980.0,2.0,17986.0,-2.0,6,8980.0,8989.0,1,9050.0,9052.0,9100.0,8911.0,1719.0,15458967.0,11069
594,2023-09-18 09:06:21,AP2310,AP310,8980.0,0.0,0.0,0.0,6,8980.0,8988.0,1,9050.0,9052.0,9100.0,8911.0,1719.0,15458967.0,11069
595,2023-09-18 09:06:23,AP2310,AP310,8988.0,1.0,8993.0,-1.0,6,8980.0,8989.0,1,9050.0,9052.0,9100.0,8911.0,1720.0,15467960.0,11068
596,2023-09-18 09:06:24,AP2310,AP310,8988.0,0.0,0.0,0.0,1,8981.0,8989.0,1,9050.0,9052.0,9100.0,8911.0,1720.0,15467960.0,11068
597,2023-09-18 09:06:25,AP2310,AP310,8988.0,0.0,0.0,0.0,2,8982.0,8989.0,1,9050.0,9052.0,9100.0,8911.0,1720.0,15467960.0,11068
598,2023-09-18 09:06:27,AP2310,AP310,8988.0,0.0,0.0,0.0,1,8983.0,8989.0,1,9050.0,9052.0,9100.0,8911.0,1720.0,15467960.0,11068
599,2023-09-18 09:06:30,AP2310,AP310,8983.0,1.0,8993.0,0.0,2,8982.0,8983.0,1,9050.0,9052.0,9100.0,8911.0,1721.0,15476953.0,11068
600,2023-09-18 09:06:30,AP2310,AP310,8983.0,1.0,8993.0,-1.0,2,8982.0,8989.0,1,9050.0,9052.0,9100.0,8911.0,1722.0,15485946.0,11067
601,2023-09-18 09:06:31,AP2310,AP310,8983.0,0.0,0.0,0.0,2,8982.0,8988.0,1,9050.0,9052.0,9100.0,8911.0,1722.0,15485946.0,11067
602,2023-09-18 09:06:32,AP2310,AP310,8982.0,1.0,8993.0,0.0,1,8982.0,8988.0,1,9050.0,9052.0,9100.0,8911.0,1723.0,15494939.0,11067
603,2023-09-18 09:06:33,AP2310,AP310,8982.0,0.0,0.0,0.0,1,8982.0,8988.0,2,9050.0,9052.0,9100.0,8911.0,1723.0,15494939.0,11067
604,2023-09-18 09:06:34,AP2310,AP310,8982.0,0.0,0.0,0.0,1,8982.0,8988.0,1,9050.0,9052.0,9100.0,8911.0,1723.0,15494939.0,11067
605,2023-09-18 09:06:35,AP2310,AP310,8982.0,1.0,8993.0,1.0,3,8980.0,8988.0,1,9050.0,9052.0,9100.0,8911.0,1724.0,15503932.0,11068
606,2023-09-18 09:06:36,AP2310,AP310,8982.0,0.0,0.0,0.0,3,8980.0,8987.0,2,9050.0,9052.0,9100.0,8911.0,1724.0,15503932.0,11068
607,2023-09-18 09:06:37,AP2310,AP310,8980.0,5.0,44965.0,-2.0,2,8979.0,8986.0,1,9050.0,9052.0,9100.0,8911.0,1729.0,15548897.0,11066
608,2023-09-18 09:06:38,AP2310,AP310,8980.0,0.0,0.0,0.0,2,8979.0,8985.0,2,9050.0,9052.0,9100.0,8911.0,1729.0,15548897.0,11066
609,2023-09-18 09:06:40,AP2310,AP310,8979.0,1.0,8993.0,0.0,1,8979.0,8985.0,2,9050.0,9052.0,9100.0,8911.0,1730.0,15557890.0,11066
610,2023-09-18 09:06:41,AP2310,AP310,8979.0,1.0,8993.0,0.0,8,8978.0,8979.0,3,9050.0,9052.0,9100.0,8911.0,1731.0,15566883.0,11066
611,2023-09-18 09:06:41,AP2310,AP310,8979.0,3.0,26979.0,0.0,8,8978.0,8985.0,2,9050.0,9052.0,9100.0,8911.0,1734.0,15593862.0,11066
612,2023-09-18 09:06:43,AP2310,AP310,8978.0,1.0,8993.0,-1.0,7,8978.0,8984.0,1,9050.0,9052.0,9100.0,8911.0,1735.0,15602855.0,11065
613,2023-09-18 09:06:44,AP2310,AP310,8978.0,1.0,8993.0,-1.0,6,8978.0,8983.0,1,9050.0,9052.0,9100.0,8911.0,1736.0,15611848.0,11064
614,2023-09-18 09:06:45,AP2310,AP310,8977.0,8.0,71944.0,-6.0,5,8972.0,8982.0,1,9050.0,9052.0,9100.0,8911.0,1744.0,15683792.0,11058
615,2023-09-18 09:06:47,AP2310,AP310,8977.0,0.0,0.0,0.0,5,8972.0,8981.0,1,9050.0,9052.0,9100.0,8911.0,1744.0,15683792.0,11058
616,2023-09-18 09:06:47,AP2310,AP310,8977.0,0.0,0.0,0.0,5,8972.0,8980.0,2,9050.0,9052.0,9100.0,8911.0,1744.0,15683792.0,11058
617,2023-09-18 09:06:48,AP2310,AP310,8977.0,0.0,0.0,0.0,5,8972.0,8980.0,3,9050.0,9052.0,9100.0,8911.0,1744.0,15683792.0,11058
618,2023-09-18 09:06:50,AP2310,AP310,8977.0,0.0,0.0,0.0,6,8972.0,8979.0,1,9050.0,9052.0,9100.0,8911.0,1744.0,15683792.0,11058
619,2023-09-18 09:06:50,AP2310,AP310,8968.0,13.0,116909.0,-7.0,8,8967.0,8980.0,3,9050.0,9052.0,9100.0,8911.0,1757.0,15800701.0,11051
620,2023-09-18 09:06:51,AP2310,AP310,8968.0,0.0,0.0,0.0,8,8967.0,8980.0,2,9050.0,9052.0,9100.0,8911.0,1757.0,15800701.0,11051
621,2023-09-18 09:06:51,AP2310,AP310,8968.0,0.0,0.0,0.0,1,8968.0,8980.0,2,9050.0,9052.0,9100.0,8911.0,1757.0,15800701.0,11051
622,2023-09-18 09:06:52,AP2310,AP310,8968.0,0.0,0.0,0.0,1,8968.0,8980.0,3,9050.0,9052.0,9100.0,8911.0,1757.0,15800701.0,11051
623,2023-09-18 09:06:52,AP2310,AP310,8968.0,0.0,0.0,0.0,1,8968.0,8980.0,2,9050.0,9052.0,9100.0,8911.0,1757.0,15800701.0,11051
624,2023-09-18 09:06:53,AP2310,AP310,8968.0,0.0,0.0,0.0,2,8969.0,8980.0,2,9050.0,9052.0,9100.0,8911.0,1757.0,15800701.0,11051
625,2023-09-18 09:06:54,AP2310,AP310,8968.0,1.0,8993.0,1.0,1,8969.0,8980.0,2,9050.0,9052.0,9100.0,8911.0,1758.0,15809694.0,11052
626,2023-09-18 09:06:55,AP2310,AP310,8968.0,0.0,0.0,0.0,1,8969.0,8978.0,5,9050.0,9052.0,9100.0,8911.0,1758.0,15809694.0,11052
627,2023-09-18 09:06:56,AP2310,AP310,8968.0,0.0,0.0,0.0,1,8969.0,8978.0,3,9050.0,9052.0,9100.0,8911.0,1758.0,15809694.0,11052
628,2023-09-18 09:06:56,AP2310,AP310,8968.0,0.0,0.0,0.0,1,8969.0,8980.0,10,9050.0,9052.0,9100.0,8911.0,1758.0,15809694.0,11052
629,2023-09-18 09:06:57,AP2310,AP310,8968.0,0.0,0.0,0.0,1,8969.0,8980.0,6,9050.0,9052.0,9100.0,8911.0,1758.0,15809694.0,11052
630,2023-09-18 09:06:57,AP2310,AP310,8968.0,0.0,0.0,0.0,1,8969.0,8979.0,4,9050.0,9052.0,9100.0,8911.0,1758.0,15809694.0,11052
631,2023-09-18 09:06:57,AP2310,AP310,8968.0,0.0,0.0,0.0,1,8969.0,8980.0,12,9050.0,9052.0,9100.0,8911.0,1758.0,15809694.0,11052
632,2023-09-18 09:06:58,AP2310,AP310,8970.0,2.0,17986.0,2.0,1,8969.0,8980.0,13,9050.0,9052.0,9100.0,8911.0,1760.0,15827680.0,11054
633,2023-09-18 09:06:59,AP2310,AP310,8970.0,0.0,0.0,0.0,1,8969.0,8979.0,6,9050.0,9052.0,9100.0,8911.0,1760.0,15827680.0,11054
634,2023-09-18 09:06:59,AP2310,AP310,8970.0,0.0,0.0,0.0,1,8969.0,8979.0,5,9050.0,9052.0,9100.0,8911.0,1760.0,15827680.0,11054
635,2023-09-18 09:06:59,AP2310,AP310,8970.0,0.0,0.0,0.0,1,8969.0,8979.0,1,9050.0,9052.0,9100.0,8911.0,1760.0,15827680.0,11054
636,2023-09-18 09:07:02,AP2310,AP310,8969.0,1.0,8993.0,0.0,8,8967.0,8979.0,1,9050.0,9052.0,9100.0,8911.0,1761.0,15836673.0,11054
637,2023-09-18 09:07:03,AP2310,AP310,8969.0,0.0,0.0,0.0,8,8967.0,8980.0,2,9050.0,9052.0,9100.0,8911.0,1761.0,15836673.0,11054
638,2023-09-18 09:07:04,AP2310,AP310,8969.0,0.0,0.0,0.0,1,8968.0,8980.0,2,9050.0,9052.0,9100.0,8911.0,1761.0,15836673.0,11054
639,2023-09-18 09:07:08,AP2310,AP310,8969.0,0.0,0.0,0.0,1,8969.0,8980.0,2,9050.0,9052.0,9100.0,8911.0,1761.0,15836673.0,11054
640,2023-09-18 09:07:08,AP2310,AP310,8969.0,1.0,8993.0,-1.0,1,8968.0,8980.0,2,9050.0,9052.0,9100.0,8911.0,1762.0,15845666.0,11053
641,2023-09-18 09:07:09,AP2310,AP310,8969.0,0.0,0.0,0.0,1,8969.0,8980.0,2,9050.0,9052.0,9100.0,8911.0,1762.0,15845666.0,11053
642,2023-09-18 09:07:12,AP2310,AP310,8980.0,1.0,8993.0,1.0,1,8969.0,8980.0,1,9050.0,9052.0,9100.0,8911.0,1763.0,15854659.0,11054
643,2023-09-18 09:07:14,AP2310,AP310,8980.0,0.0,0.0,0.0,4,8969.0,8980.0,1,9050.0,9052.0,9100.0,8911.0,1763.0,15854659.0,11054
644,2023-09-18 09:07:15,AP2310,AP310,8969.0,4.0,35972.0,0.0,1,8969.0,8980.0,1,9050.0,9052.0,9100.0,8911.0,1767.0,15890631.0,11054
645,2023-09-18 09:07:15,AP2310,AP310,8980.0,1.0,8993.0,0.0,2,8980.0,8981.0,1,9050.0,9052.0,9100.0,8911.0,1768.0,15899624.0,11054
646,2023-09-18 09:07:15,AP2310,AP310,8980.0,2.0,17986.0,-2.0,1,8969.0,8980.0,1,9050.0,9052.0,9100.0,8911.0,1770.0,15917610.0,11052
647,2023-09-18 09:07:16,AP2310,AP310,8980.0,0.0,0.0,0.0,1,8970.0,8980.0,1,9050.0,9052.0,9100.0,8911.0,1770.0,15917610.0,11052
648,2023-09-18 09:07:17,AP2310,AP310,8980.0,0.0,0.0,0.0,1,8970.0,8979.0,2,9050.0,9052.0,9100.0,8911.0,1770.0,15917610.0,11052
649,2023-09-18 09:07:19,AP2310,AP310,8979.0,1.0,8993.0,1.0,1,8970.0,8978.0,1,9050.0,9052.0,9100.0,8911.0,1771.0,15926603.0,11053
650,2023-09-18 09:07:20,AP2310,AP310,8970.0,1.0,7221.0,-1.0,1,8969.0,8978.0,1,9050.0,9052.0,9100.0,8911.0,1772.0,15933824.0,11052
651,2023-09-18 09:07:21,AP2310,AP310,8970.0,0.0,0.0,0.0,3,8970.0,8978.0,1,9050.0,9052.0,9100.0,8911.0,1772.0,15933824.0,11052
652,2023-09-18 09:07:24,AP2310,AP310,8970.0,0.0,0.0,0.0,8,8970.0,8978.0,1,9050.0,9052.0,9100.0,8911.0,1772.0,15933824.0,11052
653,2023-09-18 09:07:26,AP2310,AP310,8970.0,8.0,71936.0,-5.0,1,8969.0,8978.0,1,9050.0,9052.0,9100.0,8911.0,1780.0,16005760.0,11047
654,2023-09-18 09:07:27,AP2310,AP310,8970.0,0.0,0.0,0.0,1,8971.0,8978.0,1,9050.0,9052.0,9100.0,8911.0,1780.0,16005760.0,11047
655,2023-09-18 09:07:30,AP2310,AP310,8978.0,1.0,8992.0,0.0,1,8971.0,8979.0,1,9050.0,9052.0,9100.0,8911.0,1781.0,16014752.0,11047
656,2023-09-18 09:07:31,AP2310,AP310,8978.0,1.0,8992.0,0.0,1,8971.0,8979.0,1,9050.0,9052.0,9100.0,8911.0,1782.0,16023744.0,11047
657,2023-09-18 09:07:31,AP2310,AP310,8979.0,1.0,8992.0,0.0,1,8971.0,8981.0,1,9050.0,9052.0,9100.0,8911.0,1783.0,16032736.0,11047
658,2023-09-18 09:07:33,AP2310,AP310,8972.0,1.0,8992.0,0.0,1,8979.0,8981.0,1,9050.0,9052.0,9100.0,8911.0,1784.0,16041728.0,11047
659,2023-09-18 09:07:33,AP2310,AP310,8979.0,1.0,8992.0,0.0,1,8971.0,8981.0,1,9050.0,9052.0,9100.0,8911.0,1785.0,16050720.0,11047
660,2023-09-18 09:07:33,AP2310,AP310,8979.0,0.0,0.0,0.0,1,8971.0,8980.0,1,9050.0,9052.0,9100.0,8911.0,1785.0,16050720.0,11047
661,2023-09-18 09:07:34,AP2310,AP310,8980.0,1.0,8992.0,0.0,1,8971.0,8981.0,1,9050.0,9052.0,9100.0,8911.0,1786.0,16059712.0,11047
662,2023-09-18 09:07:36,AP2310,AP310,8980.0,0.0,0.0,0.0,1,8980.0,8981.0,1,9050.0,9052.0,9100.0,8911.0,1786.0,16059712.0,11047
663,2023-09-18 09:07:36,AP2310,AP310,8980.0,1.0,8992.0,0.0,2,8972.0,8980.0,1,9050.0,9052.0,9100.0,8911.0,1787.0,16068704.0,11047
664,2023-09-18 09:07:36,AP2310,AP310,8980.0,0.0,0.0,0.0,1,8973.0,8980.0,1,9050.0,9052.0,9100.0,8911.0,1787.0,16068704.0,11047
665,2023-09-18 09:07:37,AP2310,AP310,8980.0,0.0,0.0,0.0,1,8973.0,8980.0,2,9050.0,9052.0,9100.0,8911.0,1787.0,16068704.0,11047
666,2023-09-18 09:07:38,AP2310,AP310,8973.0,1.0,8992.0,0.0,2,8972.0,8980.0,1,9050.0,9052.0,9100.0,8911.0,1788.0,16077696.0,11047
667,2023-09-18 09:07:40,AP2310,AP310,8973.0,0.0,0.0,0.0,2,8972.0,8979.0,1,9050.0,9052.0,9100.0,8911.0,1788.0,16077696.0,11047
668,2023-09-18 09:07:42,AP2310,AP310,8979.0,1.0,8992.0,0.0,2,8979.0,8980.0,2,9050.0,9052.0,9100.0,8911.0,1789.0,16086688.0,11047
669,2023-09-18 09:07:42,AP2310,AP310,8979.0,2.0,17984.0,2.0,1,8971.0,8980.0,1,9050.0,9052.0,9100.0,8911.0,1791.0,16104672.0,11049
670,2023-09-18 09:07:43,AP2310,AP310,8979.0,0.0,0.0,0.0,1,8971.0,8980.0,2,9050.0,9052.0,9100.0,8911.0,1791.0,16104672.0,11049
671,2023-09-18 09:07:44,AP2310,AP310,8979.0,0.0,0.0,0.0,1,8972.0,8980.0,2,9050.0,9052.0,9100.0,8911.0,1791.0,16104672.0,11049
672,2023-09-18 09:07:45,AP2310,AP310,8972.0,1.0,8992.0,0.0,1,8971.0,8980.0,2,9050.0,9052.0,9100.0,8911.0,1792.0,16113664.0,11049
673,2023-09-18 09:07:45,AP2310,AP310,8972.0,0.0,0.0,0.0,1,8971.0,8979.0,1,9050.0,9052.0,9100.0,8911.0,1792.0,16113664.0,11049
674,2023-09-18 09:07:51,AP2310,AP310,8971.0,1.0,8992.0,-1.0,4,8970.0,8979.0,1,9050.0,9052.0,9100.0,8911.0,1793.0,16122656.0,11048
675,2023-09-18 09:07:51,AP2310,AP310,8971.0,0.0,0.0,0.0,4,8970.0,8977.0,1,9050.0,9052.0,9100.0,8911.0,1793.0,16122656.0,11048
676,2023-09-18 09:07:53,AP2310,AP310,8971.0,0.0,0.0,0.0,4,8970.0,8976.0,1,9050.0,9052.0,9100.0,8911.0,1793.0,16122656.0,11048
677,2023-09-18 09:07:57,AP2310,AP310,8970.0,4.0,35968.0,-3.0,2,8968.0,8976.0,1,9050.0,9052.0,9100.0,8911.0,1797.0,16158624.0,11045
678,2023-09-18 09:07:57,AP2310,AP310,8970.0,0.0,0.0,0.0,1,8971.0,8976.0,1,9050.0,9052.0,9100.0,8911.0,1797.0,16158624.0,11045
679,2023-09-18 09:08:04,AP2310,AP310,8970.0,0.0,0.0,0.0,1,8972.0,8976.0,1,9050.0,9052.0,9100.0,8911.0,1797.0,16158624.0,11045
680,2023-09-18 09:08:09,AP2310,AP310,8970.0,0.0,0.0,0.0,11,8972.0,8976.0,1,9050.0,9052.0,9100.0,8911.0,1797.0,16158624.0,11045
681,2023-09-18 09:08:10,AP2310,AP310,8976.0,1.0,8992.0,0.0,1,8973.0,8976.0,17,9050.0,9052.0,9100.0,8911.0,1798.0,16167616.0,11045
682,2023-09-18 09:08:12,AP2310,AP310,8976.0,0.0,0.0,0.0,11,8972.0,8976.0,17,9050.0,9052.0,9100.0,8911.0,1798.0,16167616.0,11045
683,2023-09-18 09:08:13,AP2310,AP310,8976.0,0.0,0.0,0.0,12,8972.0,8976.0,17,9050.0,9052.0,9100.0,8911.0,1798.0,16167616.0,11045
684,2023-09-18 09:08:14,AP2310,AP310,8976.0,0.0,0.0,0.0,12,8972.0,8976.0,18,9050.0,9052.0,9100.0,8911.0,1798.0,16167616.0,11045
685,2023-09-18 09:08:18,AP2310,AP310,8976.0,0.0,0.0,0.0,1,8973.0,8976.0,18,9050.0,9052.0,9100.0,8911.0,1798.0,16167616.0,11045
686,2023-09-18 09:08:19,AP2310,AP310,8976.0,0.0,0.0,0.0,1,8973.0,8975.0,1,9050.0,9052.0,9100.0,8911.0,1798.0,16167616.0,11045
687,2023-09-18 09:08:20,AP2310,AP310,8975.0,1.0,8992.0,1.0,1,8973.0,8976.0,18,9050.0,9052.0,9100.0,8911.0,1799.0,16176608.0,11046
688,2023-09-18 09:08:27,AP2310,AP310,8975.0,0.0,0.0,0.0,4,8973.0,8976.0,18,9050.0,9052.0,9100.0,8911.0,1799.0,16176608.0,11046
689,2023-09-18 09:08:32,AP2310,AP310,8976.0,14.0,125888.0,-3.0,1,8974.0,8976.0,4,9050.0,9052.0,9100.0,8911.0,1813.0,16302496.0,11043
690,2023-09-18 09:08:37,AP2310,AP310,8976.0,0.0,0.0,0.0,3,8975.0,8976.0,4,9050.0,9052.0,9100.0,8911.0,1813.0,16302496.0,11043
691,2023-09-18 09:08:39,AP2310,AP310,8976.0,1.0,8992.0,0.0,3,8975.0,8976.0,3,9050.0,9052.0,9100.0,8911.0,1814.0,16311488.0,11043
692,2023-09-18 09:08:39,AP2310,AP310,8976.0,1.0,8992.0,0.0,3,8975.0,8976.0,2,9050.0,9052.0,9100.0,8911.0,1815.0,16320480.0,11043
693,2023-09-18 09:08:43,AP2310,AP310,8976.0,2.0,17984.0,0.0,8,8976.0,8980.0,1,9050.0,9052.0,9100.0,8911.0,1817.0,16338464.0,11043
694,2023-09-18 09:08:43,AP2310,AP310,8976.0,0.0,0.0,0.0,8,8976.0,8990.0,3,9050.0,9052.0,9100.0,8911.0,1817.0,16338464.0,11043
695,2023-09-18 09:08:43,AP2310,AP310,8976.0,0.0,0.0,0.0,8,8976.0,8989.0,3,9050.0,9052.0,9100.0,8911.0,1817.0,16338464.0,11043
696,2023-09-18 09:08:44,AP2310,AP310,8976.0,0.0,0.0,0.0,9,8976.0,8988.0,1,9050.0,9052.0,9100.0,8911.0,1817.0,16338464.0,11043
697,2023-09-18 09:08:48,AP2310,AP310,8988.0,12.0,107904.0,-2.0,9,8976.0,8988.0,2,9050.0,9052.0,9100.0,8911.0,1829.0,16446368.0,11041
698,2023-09-18 09:08:48,AP2310,AP310,8988.0,0.0,0.0,0.0,9,8976.0,8986.0,1,9050.0,9052.0,9100.0,8911.0,1829.0,16446368.0,11041
699,2023-09-18 09:08:48,AP2310,AP310,8988.0,0.0,0.0,0.0,1,8977.0,8986.0,1,9050.0,9052.0,9100.0,8911.0,1829.0,16446368.0,11041
700,2023-09-18 09:08:52,AP2310,AP310,8977.0,1.0,8992.0,1.0,9,8976.0,8986.0,1,9050.0,9052.0,9100.0,8911.0,1830.0,16455360.0,11042
701,2023-09-18 09:08:53,AP2310,AP310,8977.0,0.0,0.0,0.0,9,8976.0,8985.0,1,9050.0,9052.0,9100.0,8911.0,1830.0,16455360.0,11042
702,2023-09-18 09:08:54,AP2310,AP310,8977.0,0.0,0.0,0.0,9,8976.0,8985.0,2,9050.0,9052.0,9100.0,8911.0,1830.0,16455360.0,11042
703,2023-09-18 09:08:56,AP2310,AP310,8985.0,1.0,8992.0,-1.0,9,8976.0,8985.0,1,9050.0,9052.0,9100.0,8911.0,1831.0,16464352.0,11041
704,2023-09-18 09:08:57,AP2310,AP310,8985.0,0.0,0.0,0.0,1,8977.0,8985.0,1,9050.0,9052.0,9100.0,8911.0,1831.0,16464352.0,11041
705,2023-09-18 09:09:00,AP2310,AP310,8985.0,0.0,0.0,0.0,1,8980.0,8985.0,1,9050.0,9052.0,9100.0,8911.0,1831.0,16464352.0,11041
706,2023-09-18 09:09:03,AP2310,AP310,8985.0,0.0,0.0,0.0,1,8980.0,8985.0,4,9050.0,9052.0,9100.0,8911.0,1831.0,16464352.0,11041
707,2023-09-18 09:09:03,AP2310,AP310,8985.0,0.0,0.0,0.0,1,8980.0,8985.0,6,9050.0,9052.0,9100.0,8911.0,1831.0,16464352.0,11041
708,2023-09-18 09:09:03,AP2310,AP310,8985.0,0.0,0.0,0.0,1,8980.0,8984.0,1,9050.0,9052.0,9100.0,8911.0,1831.0,16464352.0,11041
709,2023-09-18 09:09:04,AP2310,AP310,8985.0,1.0,8992.0,0.0,1,8980.0,8984.0,5,9050.0,9052.0,9100.0,8911.0,1832.0,16473344.0,11041
710,2023-09-18 09:09:05,AP2310,AP310,8985.0,0.0,0.0,0.0,1,8980.0,8983.0,4,9050.0,9052.0,9100.0,8911.0,1832.0,16473344.0,11041
711,2023-09-18 09:09:06,AP2310,AP310,8985.0,0.0,0.0,0.0,1,8980.0,8984.0,5,9050.0,9052.0,9100.0,8911.0,1832.0,16473344.0,11041
712,2023-09-18 09:09:07,AP2310,AP310,8985.0,0.0,0.0,0.0,1,8980.0,8984.0,1,9050.0,9052.0,9100.0,8911.0,1832.0,16473344.0,11041
713,2023-09-18 09:09:07,AP2310,AP310,8985.0,0.0,0.0,0.0,1,8980.0,8983.0,4,9050.0,9052.0,9100.0,8911.0,1832.0,16473344.0,11041
714,2023-09-18 09:09:08,AP2310,AP310,8980.0,1.0,8992.0,0.0,1,8976.0,8983.0,4,9050.0,9052.0,9100.0,8911.0,1833.0,16482336.0,11041
715,2023-09-18 09:09:10,AP2310,AP310,8980.0,0.0,0.0,0.0,1,8976.0,8980.0,1,9050.0,9052.0,9100.0,8911.0,1833.0,16482336.0,11041
716,2023-09-18 09:09:14,AP2310,AP310,8980.0,0.0,0.0,0.0,1,8976.0,8980.0,2,9050.0,9052.0,9100.0,8911.0,1833.0,16482336.0,11041
717,2023-09-18 09:09:18,AP2310,AP310,8980.0,5.0,44960.0,1.0,1,8976.0,8982.0,5,9050.0,9052.0,9100.0,8911.0,1838.0,16527296.0,11042
718,2023-09-18 09:09:20,AP2310,AP310,8980.0,0.0,0.0,0.0,1,8977.0,8982.0,5,9050.0,9052.0,9100.0,8911.0,1838.0,16527296.0,11042
719,2023-09-18 09:09:21,AP2310,AP310,8980.0,0.0,0.0,0.0,1,8977.0,8981.0,1,9050.0,9052.0,9100.0,8911.0,1838.0,16527296.0,11042
720,2023-09-18 09:09:26,AP2310,AP310,8981.0,1.0,8992.0,0.0,1,8977.0,8982.0,1,9050.0,9052.0,9100.0,8911.0,1839.0,16536288.0,11042
721,2023-09-18 09:09:27,AP2310,AP310,8977.0,1.0,8992.0,-1.0,1,8976.0,8977.0,3,9050.0,9052.0,9100.0,8911.0,1840.0,16545280.0,11041
722,2023-09-18 09:09:27,AP2310,AP310,8977.0,3.0,26976.0,-1.0,2,8976.0,8982.0,1,9050.0,9052.0,9100.0,8911.0,1843.0,16572256.0,11040
723,2023-09-18 09:09:28,AP2310,AP310,8977.0,0.0,0.0,0.0,2,8976.0,8982.0,5,9050.0,9052.0,9100.0,8911.0,1843.0,16572256.0,11040
724,2023-09-18 09:09:28,AP2310,AP310,8977.0,0.0,0.0,0.0,3,8977.0,8982.0,5,9050.0,9052.0,9100.0,8911.0,1843.0,16572256.0,11040
725,2023-09-18 09:09:29,AP2310,AP310,8977.0,0.0,0.0,0.0,1,8978.0,8982.0,5,9050.0,9052.0,9100.0,8911.0,1843.0,16572256.0,11040
726,2023-09-18 09:09:33,AP2310,AP310,8981.0,4.0,35968.0,0.0,1,8978.0,8982.0,16,9050.0,9052.0,9100.0,8911.0,1847.0,16608224.0,11040
727,2023-09-18 09:09:33,AP2310,AP310,8982.0,2.0,17984.0,-2.0,1,8978.0,8982.0,12,9050.0,9052.0,9100.0,8911.0,1849.0,16626208.0,11038
728,2023-09-18 09:09:34,AP2310,AP310,8982.0,0.0,0.0,0.0,1,8978.0,8982.0,14,9050.0,9052.0,9100.0,8911.0,1849.0,16626208.0,11038
729,2023-09-18 09:09:35,AP2310,AP310,8982.0,0.0,0.0,0.0,1,8978.0,8982.0,13,9050.0,9052.0,9100.0,8911.0,1849.0,16626208.0,11038
730,2023-09-18 09:09:35,AP2310,AP310,8982.0,0.0,0.0,0.0,1,8977.0,8982.0,13,9050.0,9052.0,9100.0,8911.0,1849.0,16626208.0,11038
731,2023-09-18 09:09:36,AP2310,AP310,8982.0,2.0,17984.0,0.0,1,8977.0,8982.0,1,9050.0,9052.0,9100.0,8911.0,1851.0,16644192.0,11038
732,2023-09-18 09:09:38,AP2310,AP310,8982.0,0.0,0.0,0.0,1,8977.0,8982.0,9,9050.0,9052.0,9100.0,8911.0,1851.0,16644192.0,11038
733,2023-09-18 09:09:39,AP2310,AP310,8982.0,0.0,0.0,0.0,1,8977.0,8982.0,8,9050.0,9052.0,9100.0,8911.0,1851.0,16644192.0,11038
734,2023-09-18 09:09:39,AP2310,AP310,8982.0,0.0,0.0,0.0,1,8977.0,8982.0,1,9050.0,9052.0,9100.0,8911.0,1851.0,16644192.0,11038
735,2023-09-18 09:09:46,AP2310,AP310,8982.0,0.0,0.0,0.0,1,8978.0,8982.0,1,9050.0,9052.0,9100.0,8911.0,1851.0,16644192.0,11038
736,2023-09-18 09:09:51,AP2310,AP310,8982.0,0.0,0.0,0.0,2,8978.0,8982.0,1,9050.0,9052.0,9100.0,8911.0,1851.0,16644192.0,11038
737,2023-09-18 09:09:52,AP2310,AP310,8982.0,1.0,8992.0,-1.0,2,8978.0,8983.0,11,9050.0,9052.0,9100.0,8911.0,1852.0,16653184.0,11037
738,2023-09-18 09:09:53,AP2310,AP310,8982.0,0.0,0.0,0.0,2,8978.0,8982.0,5,9050.0,9052.0,9100.0,8911.0,1852.0,16653184.0,11037
739,2023-09-18 09:09:53,AP2310,AP310,8982.0,0.0,0.0,0.0,2,8978.0,8982.0,8,9050.0,9052.0,9100.0,8911.0,1852.0,16653184.0,11037
740,2023-09-18 09:09:54,AP2310,AP310,8982.0,0.0,0.0,0.0,2,8978.0,8980.0,11,9050.0,9052.0,9100.0,8911.0,1852.0,16653184.0,11037
741,2023-09-18 09:09:55,AP2310,AP310,8978.0,1.0,8992.0,0.0,1,8978.0,8980.0,11,9050.0,9052.0,9100.0,8911.0,1853.0,16662176.0,11037
742,2023-09-18 09:09:56,AP2310,AP310,8978.0,0.0,0.0,0.0,1,8978.0,8979.0,7,9050.0,9052.0,9100.0,8911.0,1853.0,16662176.0,11037
743,2023-09-18 09:09:57,AP2310,AP310,8977.0,2.0,17984.0,-1.0,2,8976.0,8979.0,8,9050.0,9052.0,9100.0,8911.0,1855.0,16680160.0,11036
744,2023-09-18 09:09:57,AP2310,AP310,8971.0,13.0,116896.0,-7.0,2,8971.0,8978.0,12,9050.0,9052.0,9100.0,8911.0,1868.0,16797056.0,11029
745,2023-09-18 09:09:58,AP2310,AP310,8976.0,4.0,35968.0,-4.0,2,8971.0,8976.0,7,9050.0,9052.0,9100.0,8911.0,1872.0,16833024.0,11025
746,2023-09-18 09:10:00,AP2310,AP310,8976.0,0.0,0.0,0.0,2,8971.0,8975.0,5,9050.0,9052.0,9100.0,8911.0,1872.0,16833024.0,11025
747,2023-09-18 09:10:00,AP2310,AP310,8976.0,0.0,0.0,0.0,2,8971.0,8974.0,9,9050.0,9052.0,9100.0,8911.0,1872.0,16833024.0,11025
748,2023-09-18 09:10:01,AP2310,AP310,8976.0,0.0,0.0,0.0,2,8971.0,8974.0,5,9050.0,9052.0,9100.0,8911.0,1872.0,16833024.0,11025
749,2023-09-18 09:10:01,AP2310,AP310,8974.0,2.0,17984.0,0.0,2,8971.0,8977.0,3,9050.0,9052.0,9100.0,8911.0,1874.0,16851008.0,11025
750,2023-09-18 09:10:02,AP2310,AP310,8974.0,0.0,0.0,0.0,2,8971.0,8976.0,5,9050.0,9052.0,9100.0,8911.0,1874.0,16851008.0,11025
751,2023-09-18 09:10:02,AP2310,AP310,8974.0,0.0,0.0,0.0,2,8971.0,8974.0,2,9050.0,9052.0,9100.0,8911.0,1874.0,16851008.0,11025
752,2023-09-18 09:10:02,AP2310,AP310,8974.0,0.0,0.0,0.0,2,8971.0,8974.0,4,9050.0,9052.0,9100.0,8911.0,1874.0,16851008.0,11025
753,2023-09-18 09:10:03,AP2310,AP310,8974.0,0.0,0.0,0.0,2,8971.0,8973.0,1,9050.0,9052.0,9100.0,8911.0,1874.0,16851008.0,11025
754,2023-09-18 09:10:04,AP2310,AP310,8974.0,0.0,0.0,0.0,2,8971.0,8972.0,4,9050.0,9052.0,9100.0,8911.0,1874.0,16851008.0,11025
755,2023-09-18 09:10:04,AP2310,AP310,8971.0,2.0,17984.0,0.0,1,8969.0,8971.0,1,9050.0,9052.0,9100.0,8911.0,1876.0,16868992.0,11025
756,2023-09-18 09:10:05,AP2310,AP310,8969.0,1.0,8992.0,0.0,3,8968.0,8971.0,1,9050.0,9052.0,9100.0,8911.0,1877.0,16877984.0,11025
757,2023-09-18 09:10:06,AP2310,AP310,8969.0,0.0,0.0,0.0,3,8968.0,8971.0,8,9050.0,9052.0,9100.0,8911.0,1877.0,16877984.0,11025
758,2023-09-18 09:10:08,AP2310,AP310,8969.0,0.0,0.0,0.0,3,8968.0,8970.0,5,9050.0,9052.0,9100.0,8911.0,1877.0,16877984.0,11025
759,2023-09-18 09:10:08,AP2310,AP310,8968.0,1.0,8992.0,0.0,2,8968.0,8970.0,7,9050.0,9052.0,9100.0,8911.0,1878.0,16886976.0,11025
760,2023-09-18 09:10:09,AP2310,AP310,8968.0,0.0,0.0,0.0,2,8968.0,8970.0,2,9050.0,9052.0,9100.0,8911.0,1878.0,16886976.0,11025
761,2023-09-18 09:10:10,AP2310,AP310,8970.0,2.0,17984.0,1.0,3,8969.0,8972.0,7,9050.0,9052.0,9100.0,8911.0,1880.0,16904960.0,11026
762,2023-09-18 09:10:10,AP2310,AP310,8970.0,0.0,0.0,0.0,2,8970.0,8972.0,7,9050.0,9052.0,9100.0,8911.0,1880.0,16904960.0,11026
763,2023-09-18 09:10:11,AP2310,AP310,8970.0,0.0,0.0,0.0,2,8970.0,8973.0,7,9050.0,9052.0,9100.0,8911.0,1880.0,16904960.0,11026
764,2023-09-18 09:10:11,AP2310,AP310,8971.0,1.0,8992.0,-1.0,2,8970.0,8973.0,6,9050.0,9052.0,9100.0,8911.0,1881.0,16913952.0,11025
765,2023-09-18 09:10:11,AP2310,AP310,8971.0,0.0,0.0,0.0,2,8970.0,8972.0,6,9050.0,9052.0,9100.0,8911.0,1881.0,16913952.0,11025
766,2023-09-18 09:10:13,AP2310,AP310,8970.0,2.0,17984.0,-2.0,3,8969.0,8971.0,2,9050.0,9052.0,9100.0,8911.0,1883.0,16931936.0,11023
767,2023-09-18 09:10:13,AP2310,AP310,8970.0,0.0,0.0,0.0,3,8969.0,8972.0,5,9050.0,9052.0,9100.0,8911.0,1883.0,16931936.0,11023
768,2023-09-18 09:10:15,AP2310,AP310,8970.0,1.0,8992.0,-1.0,1,8969.0,8972.0,5,9050.0,9052.0,9100.0,8911.0,1884.0,16940928.0,11022
769,2023-09-18 09:10:16,AP2310,AP310,8969.0,1.0,8992.0,0.0,5,8968.0,8971.0,1,9050.0,9052.0,9100.0,8911.0,1885.0,16949920.0,11022
770,2023-09-18 09:10:16,AP2310,AP310,8968.0,1.0,8992.0,0.0,1,8968.0,8971.0,5,9050.0,9052.0,9100.0,8911.0,1886.0,16958912.0,11022
771,2023-09-18 09:10:17,AP2310,AP310,8967.0,5.0,43069.0,-1.0,3,8967.0,8971.0,5,9050.0,9052.0,9100.0,8911.0,1891.0,17001981.0,11021
772,2023-09-18 09:10:17,AP2310,AP310,8971.0,4.0,35964.0,0.0,4,8966.0,8971.0,4,9050.0,9052.0,9100.0,8911.0,1895.0,17037945.0,11021
773,2023-09-18 09:10:18,AP2310,AP310,8971.0,0.0,0.0,0.0,4,8966.0,8972.0,4,9050.0,9052.0,9100.0,8911.0,1895.0,17037945.0,11021
774,2023-09-18 09:10:18,AP2310,AP310,8971.0,0.0,0.0,0.0,4,8966.0,8971.0,4,9050.0,9052.0,9100.0,8911.0,1895.0,17037945.0,11021
775,2023-09-18 09:10:19,AP2310,AP310,8971.0,0.0,0.0,0.0,4,8966.0,8972.0,4,9050.0,9052.0,9100.0,8911.0,1895.0,17037945.0,11021
776,2023-09-18 09:10:20,AP2310,AP310,8971.0,0.0,0.0,0.0,4,8966.0,8969.0,2,9050.0,9052.0,9100.0,8911.0,1895.0,17037945.0,11021
777,2023-09-18 09:10:22,AP2310,AP310,8969.0,2.0,17982.0,2.0,4,8966.0,8972.0,4,9050.0,9052.0,9100.0,8911.0,1897.0,17055927.0,11023
778,2023-09-18 09:10:22,AP2310,AP310,8969.0,0.0,0.0,0.0,4,8966.0,8971.0,4,9050.0,9052.0,9100.0,8911.0,1897.0,17055927.0,11023
779,2023-09-18 09:10:23,AP2310,AP310,8969.0,0.0,0.0,0.0,4,8966.0,8970.0,2,9050.0,9052.0,9100.0,8911.0,1897.0,17055927.0,11023
780,2023-09-18 09:10:23,AP2310,AP310,8969.0,0.0,0.0,0.0,4,8966.0,8970.0,4,9050.0,9052.0,9100.0,8911.0,1897.0,17055927.0,11023
781,2023-09-18 09:10:24,AP2310,AP310,8969.0,0.0,0.0,0.0,5,8966.0,8970.0,4,9050.0,9052.0,9100.0,8911.0,1897.0,17055927.0,11023
782,2023-09-18 09:10:25,AP2310,AP310,8970.0,1.0,8991.0,-1.0,5,8966.0,8970.0,2,9050.0,9052.0,9100.0,8911.0,1898.0,17064918.0,11022
783,2023-09-18 09:10:26,AP2310,AP310,8970.0,0.0,0.0,0.0,5,8966.0,8970.0,1,9050.0,9052.0,9100.0,8911.0,1898.0,17064918.0,11022
784,2023-09-18 09:10:26,AP2310,AP310,8970.0,0.0,0.0,0.0,5,8966.0,8970.0,3,9050.0,9052.0,9100.0,8911.0,1898.0,17064918.0,11022
