time,symbol_id,symbol_name,last,trade_volume,trade_amount,open_interest_change,bv1,bp1,ap1,av1,yesterday_close,today_open,today_high,today_low,volume,amount,open_interest
2023-05-09 20:59:00,cu2305,cu2305,67190.0,20.0,6719000.0,-20.0,15,67180.0,67360.0,5,67140.0,67190.0,67190.0,67190.0,20.0,6719000.0,27155
2023-05-09 21:00:00,cu2305,cu2305,67190.0,0.0,0.0,0.0,25,67180.0,67360.0,10,67140.0,67190.0,67190.0,67190.0,20.0,6719000.0,27155
2023-05-09 21:00:01,cu2305,cu2305,67190.0,0.0,0.0,0.0,5,67200.0,67260.0,5,67140.0,67190.0,67190.0,67190.0,20.0,6719000.0,27155
2023-05-09 21:00:01,cu2305,cu2305,67190.0,0.0,0.0,0.0,15,67200.0,67260.0,5,67140.0,67190.0,67190.0,67190.0,20.0,6719000.0,27155
2023-05-09 21:00:02,cu2305,cu2305,67190.0,0.0,0.0,0.0,10,67220.0,67260.0,45,67140.0,67190.0,67190.0,67190.0,20.0,6719000.0,27155
2023-05-09 21:00:02,cu2305,cu2305,67190.0,0.0,0.0,0.0,15,67180.0,67260.0,50,67140.0,67190.0,67190.0,67190.0,20.0,6719000.0,27155
2023-05-09 21:00:03,cu2305,cu2305,67190.0,0.0,0.0,0.0,10,67220.0,67260.0,55,67140.0,67190.0,67190.0,67190.0,20.0,6719000.0,27155
2023-05-09 21:00:03,cu2305,cu2305,67190.0,0.0,0.0,0.0,15,67220.0,67260.0,5,67140.0,67190.0,67190.0,67190.0,20.0,6719000.0,27155
2023-05-09 21:00:04,cu2305,cu2305,67190.0,0.0,0.0,0.0,15,67180.0,67260.0,60,67140.0,67190.0,67190.0,67190.0,20.0,6719000.0,27155
2023-05-09 21:00:04,cu2305,cu2305,67190.0,0.0,0.0,0.0,10,67210.0,67260.0,10,67140.0,67190.0,67190.0,67190.0,20.0,6719000.0,27155
2023-05-09 21:00:05,cu2305,cu2305,67190.0,0.0,0.0,0.0,20,67220.0,67260.0,5,67140.0,67190.0,67190.0,67190.0,20.0,6719000.0,27155
2023-05-09 21:00:05,cu2305,cu2305,67190.0,0.0,0.0,0.0,45,67230.0,67350.0,5,67140.0,67190.0,67190.0,67190.0,20.0,6719000.0,27155
2023-05-09 21:00:06,cu2305,cu2305,67190.0,0.0,0.0,0.0,15,67180.0,67280.0,15,67140.0,67190.0,67190.0,67190.0,20.0,6719000.0,27155
2023-05-09 21:00:06,cu2305,cu2305,67190.0,0.0,0.0,0.0,20,67210.0,67270.0,5,67140.0,67190.0,67190.0,67190.0,20.0,6719000.0,27155
2023-05-09 21:00:07,cu2305,cu2305,67190.0,0.0,0.0,0.0,25,67220.0,67270.0,25,67140.0,67190.0,67190.0,67190.0,20.0,6719000.0,27155
2023-05-09 21:00:07,cu2305,cu2305,67190.0,0.0,0.0,0.0,10,67220.0,67260.0,40,67140.0,67190.0,67190.0,67190.0,20.0,6719000.0,27155
2023-05-09 21:00:08,cu2305,cu2305,67190.0,0.0,0.0,0.0,25,67220.0,67330.0,5,67140.0,67190.0,67190.0,67190.0,20.0,6719000.0,27155
2023-05-09 21:00:08,cu2305,cu2305,67190.0,0.0,0.0,0.0,25,67220.0,67270.0,45,67140.0,67190.0,67190.0,67190.0,20.0,6719000.0,27155
2023-05-09 21:00:09,cu2305,cu2305,67190.0,0.0,0.0,0.0,25,67220.0,67270.0,50,67140.0,67190.0,67190.0,67190.0,20.0,6719000.0,27155
2023-05-09 21:00:09,cu2305,cu2305,67190.0,0.0,0.0,0.0,30,67220.0,67270.0,10,67140.0,67190.0,67190.0,67190.0,20.0,6719000.0,27155
2023-05-09 21:00:10,cu2305,cu2305,67190.0,0.0,0.0,0.0,40,67220.0,67270.0,10,67140.0,67190.0,67190.0,67190.0,20.0,6719000.0,27155
2023-05-09 21:00:10,cu2305,cu2305,67190.0,0.0,0.0,0.0,20,67230.0,67270.0,10,67140.0,67190.0,67190.0,67190.0,20.0,6719000.0,27155
2023-05-09 21:00:11,cu2305,cu2305,67190.0,0.0,0.0,0.0,5,67230.0,67270.0,30,67140.0,67190.0,67190.0,67190.0,20.0,6719000.0,27155
2023-05-09 21:00:11,cu2305,cu2305,67190.0,0.0,0.0,0.0,5,67230.0,67270.0,10,67140.0,67190.0,67190.0,67190.0,20.0,6719000.0,27155
2023-05-09 21:00:12,cu2305,cu2305,67190.0,0.0,0.0,0.0,5,67210.0,67270.0,10,67140.0,67190.0,67190.0,67190.0,20.0,6719000.0,27155
2023-05-09 21:00:13,cu2305,cu2305,67190.0,0.0,0.0,0.0,40,67220.0,67270.0,5,67140.0,67190.0,67190.0,67190.0,20.0,6719000.0,27155
2023-05-09 21:00:13,cu2305,cu2305,67190.0,0.0,0.0,0.0,40,67220.0,67270.0,10,67140.0,67190.0,67190.0,67190.0,20.0,6719000.0,27155
2023-05-09 21:00:14,cu2305,cu2305,67190.0,0.0,0.0,0.0,15,67230.0,67270.0,10,67140.0,67190.0,67190.0,67190.0,20.0,6719000.0,27155
2023-05-09 21:00:14,cu2305,cu2305,67190.0,0.0,0.0,0.0,15,67230.0,67270.0,5,67140.0,67190.0,67190.0,67190.0,20.0,6719000.0,27155
2023-05-09 21:00:15,cu2305,cu2305,67190.0,0.0,0.0,0.0,15,67230.0,67270.0,10,67140.0,67190.0,67190.0,67190.0,20.0,6719000.0,27155
2023-05-09 21:00:15,cu2305,cu2305,67190.0,0.0,0.0,0.0,15,67230.0,67270.0,5,67140.0,67190.0,67190.0,67190.0,20.0,6719000.0,27155
2023-05-09 21:00:16,cu2305,cu2305,67190.0,0.0,0.0,0.0,5,67240.0,67270.0,5,67140.0,67190.0,67190.0,67190.0,20.0,6719000.0,27155
2023-05-09 21:00:16,cu2305,cu2305,67190.0,0.0,0.0,0.0,5,67240.0,67330.0,5,67140.0,67190.0,67190.0,67190.0,20.0,6719000.0,27155
2023-05-09 21:00:17,cu2305,cu2305,67190.0,0.0,0.0,0.0,5,67210.0,67280.0,5,67140.0,67190.0,67190.0,67190.0,20.0,6719000.0,27155
2023-05-09 21:00:17,cu2305,cu2305,67190.0,0.0,0.0,0.0,20,67210.0,67280.0,25,67140.0,67190.0,67190.0,67190.0,20.0,6719000.0,27155
2023-05-09 21:00:18,cu2305,cu2305,67190.0,0.0,0.0,0.0,25,67230.0,67280.0,50,67140.0,67190.0,67190.0,67190.0,20.0,6719000.0,27155
2023-05-09 21:00:18,cu2305,cu2305,67190.0,0.0,0.0,0.0,5,67210.0,67270.0,40,67140.0,67190.0,67190.0,67190.0,20.0,6719000.0,27155
2023-05-09 21:00:19,cu2305,cu2305,67190.0,0.0,0.0,0.0,25,67220.0,67270.0,50,67140.0,67190.0,67190.0,67190.0,20.0,6719000.0,27155
2023-05-09 21:00:19,cu2305,cu2305,67190.0,0.0,0.0,0.0,25,67220.0,67270.0,50,67140.0,67190.0,67190.0,67190.0,20.0,6719000.0,27155
2023-05-09 21:00:20,cu2305,cu2305,67190.0,0.0,0.0,0.0,15,67220.0,67270.0,45,67140.0,67190.0,67190.0,67190.0,20.0,6719000.0,27155
2023-05-09 21:00:21,cu2305,cu2305,67190.0,0.0,0.0,0.0,25,67220.0,67270.0,50,67140.0,67190.0,67190.0,67190.0,20.0,6719000.0,27155
2023-05-09 21:00:21,cu2305,cu2305,67190.0,0.0,0.0,0.0,10,67230.0,67270.0,45,67140.0,67190.0,67190.0,67190.0,20.0,6719000.0,27155
2023-05-09 21:00:22,cu2305,cu2305,67190.0,0.0,0.0,0.0,5,67210.0,67270.0,50,67140.0,67190.0,67190.0,67190.0,20.0,6719000.0,27155
2023-05-09 21:00:22,cu2305,cu2305,67190.0,0.0,0.0,0.0,25,67220.0,67270.0,50,67140.0,67190.0,67190.0,67190.0,20.0,6719000.0,27155
2023-05-09 21:00:23,cu2305,cu2305,67190.0,0.0,0.0,0.0,25,67220.0,67270.0,50,67140.0,67190.0,67190.0,67190.0,20.0,6719000.0,27155
2023-05-09 21:00:24,cu2305,cu2305,67190.0,0.0,0.0,0.0,5,67210.0,67270.0,5,67140.0,67190.0,67190.0,67190.0,20.0,6719000.0,27155
2023-05-09 21:00:24,cu2305,cu2305,67190.0,0.0,0.0,0.0,10,67220.0,67270.0,60,67140.0,67190.0,67190.0,67190.0,20.0,6719000.0,27155
2023-05-09 21:00:25,cu2305,cu2305,67190.0,0.0,0.0,0.0,25,67220.0,67270.0,50,67140.0,67190.0,67190.0,67190.0,20.0,6719000.0,27155
2023-05-09 21:00:26,cu2305,cu2305,67190.0,0.0,0.0,0.0,30,67220.0,67270.0,45,67140.0,67190.0,67190.0,67190.0,20.0,6719000.0,27155
2023-05-09 21:00:27,cu2305,cu2305,67190.0,0.0,0.0,0.0,15,67230.0,67270.0,45,67140.0,67190.0,67190.0,67190.0,20.0,6719000.0,27155
2023-05-09 21:00:27,cu2305,cu2305,67190.0,0.0,0.0,0.0,20,67230.0,67270.0,10,67140.0,67190.0,67190.0,67190.0,20.0,6719000.0,27155
2023-05-09 21:00:28,cu2305,cu2305,67190.0,0.0,0.0,0.0,20,67230.0,67270.0,5,67140.0,67190.0,67190.0,67190.0,20.0,6719000.0,27155
2023-05-09 21:00:28,cu2305,cu2305,67190.0,0.0,0.0,0.0,25,67230.0,67270.0,5,67140.0,67190.0,67190.0,67190.0,20.0,6719000.0,27155
2023-05-09 21:00:29,cu2305,cu2305,67190.0,0.0,0.0,0.0,15,67240.0,67360.0,5,67140.0,67190.0,67190.0,67190.0,20.0,6719000.0,27155
2023-05-09 21:00:29,cu2305,cu2305,67190.0,0.0,0.0,0.0,15,67240.0,67300.0,20,67140.0,67190.0,67190.0,67190.0,20.0,6719000.0,27155
2023-05-09 21:00:30,cu2305,cu2305,67190.0,0.0,0.0,0.0,15,67240.0,67290.0,5,67140.0,67190.0,67190.0,67190.0,20.0,6719000.0,27155
2023-05-09 21:00:30,cu2305,cu2305,67190.0,0.0,0.0,0.0,25,67240.0,67290.0,45,67140.0,67190.0,67190.0,67190.0,20.0,6719000.0,27155
2023-05-09 21:00:31,cu2305,cu2305,67190.0,0.0,0.0,0.0,40,67240.0,67290.0,10,67140.0,67190.0,67190.0,67190.0,20.0,6719000.0,27155
2023-05-09 21:00:31,cu2305,cu2305,67190.0,0.0,0.0,0.0,20,67240.0,67280.0,5,67140.0,67190.0,67190.0,67190.0,20.0,6719000.0,27155
2023-05-09 21:00:32,cu2305,cu2305,67190.0,0.0,0.0,0.0,20,67240.0,67360.0,5,67140.0,67190.0,67190.0,67190.0,20.0,6719000.0,27155
2023-05-09 21:00:32,cu2305,cu2305,67190.0,0.0,0.0,0.0,20,67240.0,67290.0,5,67140.0,67190.0,67190.0,67190.0,20.0,6719000.0,27155
2023-05-09 21:00:33,cu2305,cu2305,67190.0,0.0,0.0,0.0,15,67250.0,67290.0,10,67140.0,67190.0,67190.0,67190.0,20.0,6719000.0,27155
2023-05-09 21:00:33,cu2305,cu2305,67190.0,0.0,0.0,0.0,5,67220.0,67280.0,5,67140.0,67190.0,67190.0,67190.0,20.0,6719000.0,27155
2023-05-09 21:00:34,cu2305,cu2305,67190.0,0.0,0.0,0.0,15,67240.0,67280.0,10,67140.0,67190.0,67190.0,67190.0,20.0,6719000.0,27155
2023-05-09 21:00:34,cu2305,cu2305,67190.0,0.0,0.0,0.0,15,67240.0,67280.0,15,67140.0,67190.0,67190.0,67190.0,20.0,6719000.0,27155
2023-05-09 21:00:35,cu2305,cu2305,67190.0,0.0,0.0,0.0,35,67240.0,67280.0,10,67140.0,67190.0,67190.0,67190.0,20.0,6719000.0,27155
2023-05-09 21:00:35,cu2305,cu2305,67190.0,0.0,0.0,0.0,15,67240.0,67280.0,15,67140.0,67190.0,67190.0,67190.0,20.0,6719000.0,27155
2023-05-09 21:00:36,cu2305,cu2305,67190.0,0.0,0.0,0.0,15,67180.0,67280.0,15,67140.0,67190.0,67190.0,67190.0,20.0,6719000.0,27155
2023-05-09 21:00:36,cu2305,cu2305,67190.0,0.0,0.0,0.0,15,67240.0,67280.0,10,67140.0,67190.0,67190.0,67190.0,20.0,6719000.0,27155
2023-05-09 21:00:37,cu2305,cu2305,67190.0,0.0,0.0,0.0,15,67250.0,67330.0,5,67140.0,67190.0,67190.0,67190.0,20.0,6719000.0,27155
2023-05-09 21:00:37,cu2305,cu2305,67190.0,0.0,0.0,0.0,5,67220.0,67280.0,5,67140.0,67190.0,67190.0,67190.0,20.0,6719000.0,27155
2023-05-09 21:00:38,cu2305,cu2305,67190.0,0.0,0.0,0.0,10,67240.0,67280.0,10,67140.0,67190.0,67190.0,67190.0,20.0,6719000.0,27155
2023-05-09 21:00:38,cu2305,cu2305,67190.0,0.0,0.0,0.0,15,67180.0,67280.0,35,67140.0,67190.0,67190.0,67190.0,20.0,6719000.0,27155
2023-05-09 21:00:39,cu2305,cu2305,67190.0,0.0,0.0,0.0,15,67230.0,67280.0,50,67140.0,67190.0,67190.0,67190.0,20.0,6719000.0,27155
2023-05-09 21:00:39,cu2305,cu2305,67190.0,0.0,0.0,0.0,5,67210.0,67280.0,50,67140.0,67190.0,67190.0,67190.0,20.0,6719000.0,27155
2023-05-09 21:00:40,cu2305,cu2305,67190.0,0.0,0.0,0.0,15,67230.0,67280.0,50,67140.0,67190.0,67190.0,67190.0,20.0,6719000.0,27155
2023-05-09 21:00:40,cu2305,cu2305,67190.0,0.0,0.0,0.0,15,67230.0,67280.0,50,67140.0,67190.0,67190.0,67190.0,20.0,6719000.0,27155
2023-05-09 21:00:41,cu2305,cu2305,67190.0,0.0,0.0,0.0,30,67230.0,67280.0,10,67140.0,67190.0,67190.0,67190.0,20.0,6719000.0,27155
2023-05-09 21:00:41,cu2305,cu2305,67190.0,0.0,0.0,0.0,15,67240.0,67280.0,10,67140.0,67190.0,67190.0,67190.0,20.0,6719000.0,27155
2023-05-09 21:00:42,cu2305,cu2305,67190.0,0.0,0.0,0.0,5,67210.0,67280.0,10,67140.0,67190.0,67190.0,67190.0,20.0,6719000.0,27155
2023-05-09 21:00:42,cu2305,cu2305,67190.0,0.0,0.0,0.0,15,67240.0,67280.0,10,67140.0,67190.0,67190.0,67190.0,20.0,6719000.0,27155
2023-05-09 21:00:43,cu2305,cu2305,67190.0,0.0,0.0,0.0,5,67210.0,67280.0,5,67140.0,67190.0,67190.0,67190.0,20.0,6719000.0,27155
2023-05-09 21:00:43,cu2305,cu2305,67190.0,0.0,0.0,0.0,40,67230.0,67280.0,5,67140.0,67190.0,67190.0,67190.0,20.0,6719000.0,27155
2023-05-09 21:00:44,cu2305,cu2305,67190.0,0.0,0.0,0.0,40,67230.0,67280.0,5,67140.0,67190.0,67190.0,67190.0,20.0,6719000.0,27155
2023-05-09 21:00:44,cu2305,cu2305,67190.0,0.0,0.0,0.0,35,67230.0,67280.0,40,67140.0,67190.0,67190.0,67190.0,20.0,6719000.0,27155
2023-05-09 21:00:45,cu2305,cu2305,67190.0,0.0,0.0,0.0,20,67230.0,67280.0,40,67140.0,67190.0,67190.0,67190.0,20.0,6719000.0,27155
2023-05-09 21:00:46,cu2305,cu2305,67190.0,0.0,0.0,0.0,20,67230.0,67270.0,30,67140.0,67190.0,67190.0,67190.0,20.0,6719000.0,27155
2023-05-09 21:00:46,cu2305,cu2305,67190.0,0.0,0.0,0.0,20,67230.0,67270.0,5,67140.0,67190.0,67190.0,67190.0,20.0,6719000.0,27155
2023-05-09 21:00:47,cu2305,cu2305,67190.0,0.0,0.0,0.0,20,67230.0,67270.0,35,67140.0,67190.0,67190.0,67190.0,20.0,6719000.0,27155
2023-05-09 21:00:47,cu2305,cu2305,67190.0,0.0,0.0,0.0,5,67210.0,67270.0,40,67140.0,67190.0,67190.0,67190.0,20.0,6719000.0,27155
2023-05-09 21:00:48,cu2305,cu2305,67190.0,0.0,0.0,0.0,25,67220.0,67270.0,45,67140.0,67190.0,67190.0,67190.0,20.0,6719000.0,27155
2023-05-09 21:00:48,cu2305,cu2305,67190.0,0.0,0.0,0.0,10,67220.0,67270.0,50,67140.0,67190.0,67190.0,67190.0,20.0,6719000.0,27155
2023-05-09 21:00:49,cu2305,cu2305,67190.0,0.0,0.0,0.0,15,67220.0,67270.0,50,67140.0,67190.0,67190.0,67190.0,20.0,6719000.0,27155
2023-05-09 21:00:49,cu2305,cu2305,67190.0,0.0,0.0,0.0,5,67210.0,67260.0,40,67140.0,67190.0,67190.0,67190.0,20.0,6719000.0,27155
2023-05-09 21:00:50,cu2305,cu2305,67190.0,0.0,0.0,0.0,30,67210.0,67260.0,50,67140.0,67190.0,67190.0,67190.0,20.0,6719000.0,27155
2023-05-09 21:00:50,cu2305,cu2305,67190.0,0.0,0.0,0.0,15,67220.0,67260.0,10,67140.0,67190.0,67190.0,67190.0,20.0,6719000.0,27155
2023-05-09 21:00:51,cu2305,cu2305,67190.0,0.0,0.0,0.0,5,67210.0,67260.0,10,67140.0,67190.0,67190.0,67190.0,20.0,6719000.0,27155
2023-05-09 21:00:51,cu2305,cu2305,67190.0,0.0,0.0,0.0,20,67210.0,67250.0,5,67140.0,67190.0,67190.0,67190.0,20.0,6719000.0,27155
2023-05-09 21:00:52,cu2305,cu2305,67190.0,0.0,0.0,0.0,20,67210.0,67250.0,10,67140.0,67190.0,67190.0,67190.0,20.0,6719000.0,27155
2023-05-09 21:00:54,cu2305,cu2305,67190.0,0.0,0.0,0.0,20,67210.0,67250.0,5,67140.0,67190.0,67190.0,67190.0,20.0,6719000.0,27155
2023-05-09 21:00:54,cu2305,cu2305,67190.0,0.0,0.0,0.0,25,67210.0,67330.0,5,67140.0,67190.0,67190.0,67190.0,20.0,6719000.0,27155
2023-05-09 21:00:55,cu2305,cu2305,67190.0,0.0,0.0,0.0,25,67210.0,67260.0,5,67140.0,67190.0,67190.0,67190.0,20.0,6719000.0,27155
2023-05-09 21:00:55,cu2305,cu2305,67190.0,0.0,0.0,0.0,20,67210.0,67260.0,50,67140.0,67190.0,67190.0,67190.0,20.0,6719000.0,27155
2023-05-09 21:00:56,cu2305,cu2305,67190.0,0.0,0.0,0.0,20,67210.0,67260.0,50,67140.0,67190.0,67190.0,67190.0,20.0,6719000.0,27155
2023-05-09 21:00:56,cu2305,cu2305,67190.0,0.0,0.0,0.0,20,67210.0,67260.0,10,67140.0,67190.0,67190.0,67190.0,20.0,6719000.0,27155
2023-05-09 21:00:57,cu2305,cu2305,67190.0,0.0,0.0,0.0,15,67210.0,67260.0,50,67140.0,67190.0,67190.0,67190.0,20.0,6719000.0,27155
2023-05-09 21:00:58,cu2305,cu2305,67190.0,0.0,0.0,0.0,15,67180.0,67260.0,10,67140.0,67190.0,67190.0,67190.0,20.0,6719000.0,27155
2023-05-09 21:00:58,cu2305,cu2305,67190.0,0.0,0.0,0.0,10,67200.0,67250.0,40,67140.0,67190.0,67190.0,67190.0,20.0,6719000.0,27155
2023-05-09 21:00:59,cu2305,cu2305,67190.0,0.0,0.0,0.0,10,67200.0,67250.0,50,67140.0,67190.0,67190.0,67190.0,20.0,6719000.0,27155
2023-05-09 21:00:59,cu2305,cu2305,67190.0,0.0,0.0,0.0,30,67200.0,67250.0,50,67140.0,67190.0,67190.0,67190.0,20.0,6719000.0,27155
2023-05-09 21:01:00,cu2305,cu2305,67190.0,0.0,0.0,0.0,5,67200.0,67240.0,50,67140.0,67190.0,67190.0,67190.0,20.0,6719000.0,27155
2023-05-09 21:01:00,cu2305,cu2305,67200.0,5.0,1680000.0,-5.0,20,67200.0,67230.0,5,67140.0,67190.0,67200.0,67190.0,25.0,8399000.0,27150
2023-05-09 21:01:01,cu2305,cu2305,67200.0,0.0,0.0,0.0,5,67200.0,67230.0,5,67140.0,67190.0,67200.0,67190.0,25.0,8399000.0,27150
2023-05-09 21:01:01,cu2305,cu2305,67200.0,0.0,0.0,0.0,20,67200.0,67350.0,5,67140.0,67190.0,67200.0,67190.0,25.0,8399000.0,27150
2023-05-09 21:01:02,cu2305,cu2305,67200.0,0.0,0.0,0.0,20,67200.0,67230.0,5,67140.0,67190.0,67200.0,67190.0,25.0,8399000.0,27150
2023-05-09 21:01:02,cu2305,cu2305,67200.0,0.0,0.0,0.0,20,67200.0,67270.0,5,67140.0,67190.0,67200.0,67190.0,25.0,8399000.0,27150
2023-05-09 21:01:03,cu2305,cu2305,67200.0,0.0,0.0,0.0,20,67200.0,67240.0,5,67140.0,67190.0,67200.0,67190.0,25.0,8399000.0,27150
2023-05-09 21:01:03,cu2305,cu2305,67200.0,0.0,0.0,0.0,5,67200.0,67230.0,5,67140.0,67190.0,67200.0,67190.0,25.0,8399000.0,27150
2023-05-09 21:01:04,cu2305,cu2305,67200.0,0.0,0.0,0.0,20,67180.0,67230.0,10,67140.0,67190.0,67200.0,67190.0,25.0,8399000.0,27150
2023-05-09 21:01:04,cu2305,cu2305,67200.0,0.0,0.0,0.0,20,67190.0,67230.0,10,67140.0,67190.0,67200.0,67190.0,25.0,8399000.0,27150
2023-05-09 21:01:05,cu2305,cu2305,67200.0,0.0,0.0,0.0,20,67180.0,67220.0,5,67140.0,67190.0,67200.0,67190.0,25.0,8399000.0,27150
2023-05-09 21:01:05,cu2305,cu2305,67200.0,0.0,0.0,0.0,5,67190.0,67220.0,10,67140.0,67190.0,67200.0,67190.0,25.0,8399000.0,27150
2023-05-09 21:01:06,cu2305,cu2305,67200.0,0.0,0.0,0.0,5,67190.0,67210.0,5,67140.0,67190.0,67200.0,67190.0,25.0,8399000.0,27150
2023-05-09 21:01:06,cu2305,cu2305,67200.0,0.0,0.0,0.0,5,67190.0,67210.0,10,67140.0,67190.0,67200.0,67190.0,25.0,8399000.0,27150
2023-05-09 21:01:07,cu2305,cu2305,67200.0,0.0,0.0,0.0,5,67190.0,67210.0,10,67140.0,67190.0,67200.0,67190.0,25.0,8399000.0,27150
2023-05-09 21:01:08,cu2305,cu2305,67200.0,0.0,0.0,0.0,15,67180.0,67210.0,10,67140.0,67190.0,67200.0,67190.0,25.0,8399000.0,27150
2023-05-09 21:01:08,cu2305,cu2305,67200.0,0.0,0.0,0.0,15,67180.0,67210.0,10,67140.0,67190.0,67200.0,67190.0,25.0,8399000.0,27150
2023-05-09 21:01:09,cu2305,cu2305,67200.0,0.0,0.0,0.0,15,67180.0,67200.0,5,67140.0,67190.0,67200.0,67190.0,25.0,8399000.0,27150
2023-05-09 21:01:09,cu2305,cu2305,67200.0,0.0,0.0,0.0,15,67180.0,67200.0,10,67140.0,67190.0,67200.0,67190.0,25.0,8399000.0,27150
2023-05-09 21:01:10,cu2305,cu2305,67200.0,0.0,0.0,0.0,15,67180.0,67200.0,5,67140.0,67190.0,67200.0,67190.0,25.0,8399000.0,27150
2023-05-09 21:01:11,cu2305,cu2305,67200.0,0.0,0.0,0.0,5,67190.0,67210.0,5,67140.0,67190.0,67200.0,67190.0,25.0,8399000.0,27150
2023-05-09 21:01:11,cu2305,cu2305,67200.0,0.0,0.0,0.0,5,67190.0,67210.0,45,67140.0,67190.0,67200.0,67190.0,25.0,8399000.0,27150
2023-05-09 21:01:12,cu2305,cu2305,67200.0,0.0,0.0,0.0,5,67190.0,67210.0,50,67140.0,67190.0,67200.0,67190.0,25.0,8399000.0,27150
2023-05-09 21:01:13,cu2305,cu2305,67200.0,0.0,0.0,0.0,15,67180.0,67210.0,5,67140.0,67190.0,67200.0,67190.0,25.0,8399000.0,27150
2023-05-09 21:01:13,cu2305,cu2305,67200.0,0.0,0.0,0.0,15,67180.0,67210.0,10,67140.0,67190.0,67200.0,67190.0,25.0,8399000.0,27150
2023-05-09 21:01:14,cu2305,cu2305,67200.0,0.0,0.0,0.0,15,67180.0,67210.0,50,67140.0,67190.0,67200.0,67190.0,25.0,8399000.0,27150
2023-05-09 21:01:14,cu2305,cu2305,67200.0,0.0,0.0,0.0,15,67180.0,67200.0,5,67140.0,67190.0,67200.0,67190.0,25.0,8399000.0,27150
2023-05-09 21:01:15,cu2305,cu2305,67200.0,0.0,0.0,0.0,15,67180.0,67200.0,10,67140.0,67190.0,67200.0,67190.0,25.0,8399000.0,27150
2023-05-09 21:01:16,cu2305,cu2305,67200.0,0.0,0.0,0.0,5,67190.0,67200.0,5,67140.0,67190.0,67200.0,67190.0,25.0,8399000.0,27150
2023-05-09 21:01:16,cu2305,cu2305,67200.0,0.0,0.0,0.0,5,67190.0,67330.0,5,67140.0,67190.0,67200.0,67190.0,25.0,8399000.0,27150
2023-05-09 21:01:17,cu2305,cu2305,67200.0,0.0,0.0,0.0,15,67180.0,67220.0,55,67140.0,67190.0,67200.0,67190.0,25.0,8399000.0,27150
2023-05-09 21:01:17,cu2305,cu2305,67200.0,0.0,0.0,0.0,15,67180.0,67220.0,50,67140.0,67190.0,67200.0,67190.0,25.0,8399000.0,27150
2023-05-09 21:01:18,cu2305,cu2305,67200.0,0.0,0.0,0.0,15,67180.0,67210.0,5,67140.0,67190.0,67200.0,67190.0,25.0,8399000.0,27150
2023-05-09 21:01:18,cu2305,cu2305,67200.0,0.0,0.0,0.0,15,67180.0,67210.0,10,67140.0,67190.0,67200.0,67190.0,25.0,8399000.0,27150
2023-05-09 21:01:19,cu2305,cu2305,67200.0,0.0,0.0,0.0,15,67180.0,67210.0,50,67140.0,67190.0,67200.0,67190.0,25.0,8399000.0,27150
2023-05-09 21:01:19,cu2305,cu2305,67200.0,0.0,0.0,0.0,15,67180.0,67210.0,10,67140.0,67190.0,67200.0,67190.0,25.0,8399000.0,27150
2023-05-09 21:01:20,cu2305,cu2305,67200.0,0.0,0.0,0.0,15,67180.0,67210.0,50,67140.0,67190.0,67200.0,67190.0,25.0,8399000.0,27150
2023-05-09 21:01:20,cu2305,cu2305,67200.0,0.0,0.0,0.0,15,67180.0,67210.0,10,67140.0,67190.0,67200.0,67190.0,25.0,8399000.0,27150
2023-05-09 21:01:21,cu2305,cu2305,67200.0,0.0,0.0,0.0,5,67190.0,67210.0,10,67140.0,67190.0,67200.0,67190.0,25.0,8399000.0,27150
2023-05-09 21:01:21,cu2305,cu2305,67200.0,0.0,0.0,0.0,5,67190.0,67210.0,50,67140.0,67190.0,67200.0,67190.0,25.0,8399000.0,27150
2023-05-09 21:01:22,cu2305,cu2305,67200.0,0.0,0.0,0.0,5,67190.0,67210.0,10,67140.0,67190.0,67200.0,67190.0,25.0,8399000.0,27150
2023-05-09 21:01:24,cu2305,cu2305,67210.0,10.0,3360500.0,0.0,5,67190.0,67250.0,5,67140.0,67190.0,67210.0,67190.0,35.0,11759500.0,27150
2023-05-09 21:01:24,cu2305,cu2305,67210.0,0.0,0.0,0.0,15,67180.0,67230.0,45,67140.0,67190.0,67210.0,67190.0,35.0,11759500.0,27150
2023-05-09 21:01:25,cu2305,cu2305,67210.0,0.0,0.0,0.0,15,67180.0,67220.0,40,67140.0,67190.0,67210.0,67190.0,35.0,11759500.0,27150
2023-05-09 21:01:25,cu2305,cu2305,67210.0,0.0,0.0,0.0,15,67180.0,67250.0,5,67140.0,67190.0,67210.0,67190.0,35.0,11759500.0,27150
2023-05-09 21:01:26,cu2305,cu2305,67210.0,0.0,0.0,0.0,15,67180.0,67220.0,40,67140.0,67190.0,67210.0,67190.0,35.0,11759500.0,27150
2023-05-09 21:01:26,cu2305,cu2305,67210.0,0.0,0.0,0.0,15,67180.0,67250.0,5,67140.0,67190.0,67210.0,67190.0,35.0,11759500.0,27150
2023-05-09 21:01:27,cu2305,cu2305,67210.0,0.0,0.0,0.0,15,67180.0,67230.0,55,67140.0,67190.0,67210.0,67190.0,35.0,11759500.0,27150
2023-05-09 21:01:27,cu2305,cu2305,67210.0,0.0,0.0,0.0,15,67180.0,67220.0,5,67140.0,67190.0,67210.0,67190.0,35.0,11759500.0,27150
2023-05-09 21:01:28,cu2305,cu2305,67210.0,0.0,0.0,0.0,15,67180.0,67220.0,5,67140.0,67190.0,67210.0,67190.0,35.0,11759500.0,27150
2023-05-09 21:01:30,cu2305,cu2305,67210.0,0.0,0.0,0.0,15,67180.0,67210.0,30,67140.0,67190.0,67210.0,67190.0,35.0,11759500.0,27150
2023-05-09 21:01:30,cu2305,cu2305,67210.0,0.0,0.0,0.0,15,67180.0,67210.0,40,67140.0,67190.0,67210.0,67190.0,35.0,11759500.0,27150
2023-05-09 21:01:32,cu2305,cu2305,67210.0,0.0,0.0,0.0,5,67190.0,67210.0,40,67140.0,67190.0,67210.0,67190.0,35.0,11759500.0,27150
2023-05-09 21:01:32,cu2305,cu2305,67210.0,0.0,0.0,0.0,5,67190.0,67250.0,5,67140.0,67190.0,67210.0,67190.0,35.0,11759500.0,27150
2023-05-09 21:01:33,cu2305,cu2305,67210.0,0.0,0.0,0.0,15,67180.0,67210.0,40,67140.0,67190.0,67210.0,67190.0,35.0,11759500.0,27150
2023-05-09 21:01:33,cu2305,cu2305,67210.0,0.0,0.0,0.0,15,67180.0,67240.0,5,67140.0,67190.0,67210.0,67190.0,35.0,11759500.0,27150
2023-05-09 21:01:34,cu2305,cu2305,67210.0,0.0,0.0,0.0,15,67180.0,67220.0,45,67140.0,67190.0,67210.0,67190.0,35.0,11759500.0,27150
2023-05-09 21:01:34,cu2305,cu2305,67210.0,0.0,0.0,0.0,15,67180.0,67220.0,45,67140.0,67190.0,67210.0,67190.0,35.0,11759500.0,27150
2023-05-09 21:01:35,cu2305,cu2305,67210.0,0.0,0.0,0.0,15,67180.0,67220.0,55,67140.0,67190.0,67210.0,67190.0,35.0,11759500.0,27150
2023-05-09 21:01:35,cu2305,cu2305,67210.0,0.0,0.0,0.0,15,67180.0,67220.0,45,67140.0,67190.0,67210.0,67190.0,35.0,11759500.0,27150
2023-05-09 21:01:36,cu2305,cu2305,67210.0,0.0,0.0,0.0,15,67180.0,67220.0,40,67140.0,67190.0,67210.0,67190.0,35.0,11759500.0,27150
2023-05-09 21:01:36,cu2305,cu2305,67210.0,0.0,0.0,0.0,15,67180.0,67250.0,5,67140.0,67190.0,67210.0,67190.0,35.0,11759500.0,27150
2023-05-09 21:01:37,cu2305,cu2305,67210.0,0.0,0.0,0.0,15,67180.0,67230.0,55,67140.0,67190.0,67210.0,67190.0,35.0,11759500.0,27150
2023-05-09 21:01:37,cu2305,cu2305,67210.0,0.0,0.0,0.0,15,67180.0,67230.0,55,67140.0,67190.0,67210.0,67190.0,35.0,11759500.0,27150
2023-05-09 21:01:39,cu2305,cu2305,67210.0,0.0,0.0,0.0,20,67220.0,67230.0,50,67140.0,67190.0,67210.0,67190.0,35.0,11759500.0,27150
2023-05-09 21:01:39,cu2305,cu2305,67220.0,20.0,6722000.0,-20.0,15,67180.0,67230.0,55,67140.0,67190.0,67220.0,67190.0,55.0,18481500.0,27130
2023-05-09 21:01:40,cu2305,cu2305,67220.0,0.0,0.0,0.0,40,67180.0,67230.0,45,67140.0,67190.0,67220.0,67190.0,55.0,18481500.0,27130
2023-05-09 21:01:40,cu2305,cu2305,67220.0,0.0,0.0,0.0,5,67190.0,67230.0,40,67140.0,67190.0,67220.0,67190.0,55.0,18481500.0,27130
2023-05-09 21:01:41,cu2305,cu2305,67220.0,0.0,0.0,0.0,5,67190.0,67320.0,5,67140.0,67190.0,67220.0,67190.0,55.0,18481500.0,27130
2023-05-09 21:01:41,cu2305,cu2305,67220.0,0.0,0.0,0.0,15,67180.0,67220.0,5,67140.0,67190.0,67220.0,67190.0,55.0,18481500.0,27130
2023-05-09 21:01:42,cu2305,cu2305,67180.0,5.0,1679500.0,-5.0,10,67180.0,67260.0,5,67140.0,67190.0,67220.0,67180.0,60.0,20161000.0,27125
2023-05-09 21:01:42,cu2305,cu2305,67180.0,0.0,0.0,0.0,10,67180.0,67230.0,45,67140.0,67190.0,67220.0,67180.0,60.0,20161000.0,27125
2023-05-09 21:01:43,cu2305,cu2305,67180.0,0.0,0.0,0.0,10,67180.0,67230.0,45,67140.0,67190.0,67220.0,67180.0,60.0,20161000.0,27125
2023-05-09 21:01:43,cu2305,cu2305,67180.0,0.0,0.0,0.0,20,67180.0,67230.0,55,67140.0,67190.0,67220.0,67180.0,60.0,20161000.0,27125
2023-05-09 21:01:44,cu2305,cu2305,67180.0,0.0,0.0,0.0,10,67180.0,67220.0,5,67140.0,67190.0,67220.0,67180.0,60.0,20161000.0,27125
2023-05-09 21:01:44,cu2305,cu2305,67180.0,0.0,0.0,0.0,10,67180.0,67250.0,5,67140.0,67190.0,67220.0,67180.0,60.0,20161000.0,27125
2023-05-09 21:01:45,cu2305,cu2305,67180.0,0.0,0.0,0.0,10,67180.0,67230.0,55,67140.0,67190.0,67220.0,67180.0,60.0,20161000.0,27125
2023-05-09 21:01:45,cu2305,cu2305,67180.0,0.0,0.0,0.0,10,67180.0,67220.0,5,67140.0,67190.0,67220.0,67180.0,60.0,20161000.0,27125
2023-05-09 21:01:46,cu2305,cu2305,67180.0,0.0,0.0,0.0,10,67180.0,67220.0,5,67140.0,67190.0,67220.0,67180.0,60.0,20161000.0,27125
2023-05-09 21:01:48,cu2305,cu2305,67180.0,0.0,0.0,0.0,10,67180.0,67250.0,5,67140.0,67190.0,67220.0,67180.0,60.0,20161000.0,27125
2023-05-09 21:01:49,cu2305,cu2305,67180.0,0.0,0.0,0.0,10,67180.0,67220.0,5,67140.0,67190.0,67220.0,67180.0,60.0,20161000.0,27125
2023-05-09 21:01:49,cu2305,cu2305,67180.0,0.0,0.0,0.0,10,67180.0,67220.0,45,67140.0,67190.0,67220.0,67180.0,60.0,20161000.0,27125
2023-05-09 21:01:51,cu2305,cu2305,67180.0,0.0,0.0,0.0,5,67190.0,67220.0,40,67140.0,67190.0,67220.0,67180.0,60.0,20161000.0,27125
2023-05-09 21:01:51,cu2305,cu2305,67180.0,0.0,0.0,0.0,5,67190.0,67220.0,5,67140.0,67190.0,67220.0,67180.0,60.0,20161000.0,27125
2023-05-09 21:01:54,cu2305,cu2305,67180.0,0.0,0.0,0.0,5,67190.0,67250.0,5,67140.0,67190.0,67220.0,67180.0,60.0,20161000.0,27125
2023-05-09 21:01:55,cu2305,cu2305,67180.0,0.0,0.0,0.0,10,67180.0,67230.0,45,67140.0,67190.0,67220.0,67180.0,60.0,20161000.0,27125
2023-05-09 21:01:55,cu2305,cu2305,67180.0,0.0,0.0,0.0,10,67180.0,67230.0,45,67140.0,67190.0,67220.0,67180.0,60.0,20161000.0,27125
2023-05-09 21:01:56,cu2305,cu2305,67180.0,0.0,0.0,0.0,20,67180.0,67230.0,45,67140.0,67190.0,67220.0,67180.0,60.0,20161000.0,27125
2023-05-09 21:01:56,cu2305,cu2305,67180.0,0.0,0.0,0.0,35,67180.0,67230.0,45,67140.0,67190.0,67220.0,67180.0,60.0,20161000.0,27125
2023-05-09 21:01:57,cu2305,cu2305,67180.0,0.0,0.0,0.0,5,67190.0,67230.0,45,67140.0,67190.0,67220.0,67180.0,60.0,20161000.0,27125
2023-05-09 21:01:58,cu2305,cu2305,67180.0,0.0,0.0,0.0,5,67190.0,67230.0,45,67140.0,67190.0,67220.0,67180.0,60.0,20161000.0,27125
2023-05-09 21:01:59,cu2305,cu2305,67180.0,0.0,0.0,0.0,10,67180.0,67230.0,45,67140.0,67190.0,67220.0,67180.0,60.0,20161000.0,27125
2023-05-09 21:02:00,cu2305,cu2305,67180.0,0.0,0.0,0.0,35,67180.0,67230.0,40,67140.0,67190.0,67220.0,67180.0,60.0,20161000.0,27125
2023-05-09 21:02:00,cu2305,cu2305,67180.0,0.0,0.0,0.0,15,67190.0,67230.0,5,67140.0,67190.0,67220.0,67180.0,60.0,20161000.0,27125
2023-05-09 21:02:01,cu2305,cu2305,67180.0,0.0,0.0,0.0,10,67180.0,67230.0,40,67140.0,67190.0,67220.0,67180.0,60.0,20161000.0,27125
2023-05-09 21:02:01,cu2305,cu2305,67180.0,0.0,0.0,0.0,25,67180.0,67230.0,40,67140.0,67190.0,67220.0,67180.0,60.0,20161000.0,27125
2023-05-09 21:02:02,cu2305,cu2305,67180.0,0.0,0.0,0.0,25,67180.0,67220.0,5,67140.0,67190.0,67220.0,67180.0,60.0,20161000.0,27125
2023-05-09 21:02:02,cu2305,cu2305,67180.0,0.0,0.0,0.0,25,67180.0,67270.0,5,67140.0,67190.0,67220.0,67180.0,60.0,20161000.0,27125
2023-05-09 21:02:03,cu2305,cu2305,67180.0,0.0,0.0,0.0,25,67180.0,67220.0,5,67140.0,67190.0,67220.0,67180.0,60.0,20161000.0,27125
2023-05-09 21:02:03,cu2305,cu2305,67180.0,0.0,0.0,0.0,25,67180.0,67220.0,5,67140.0,67190.0,67220.0,67180.0,60.0,20161000.0,27125
2023-05-09 21:02:07,cu2305,cu2305,67180.0,0.0,0.0,0.0,25,67180.0,67220.0,5,67140.0,67190.0,67220.0,67180.0,60.0,20161000.0,27125
2023-05-09 21:02:10,cu2305,cu2305,67180.0,0.0,0.0,0.0,10,67180.0,67220.0,5,67140.0,67190.0,67220.0,67180.0,60.0,20161000.0,27125
2023-05-09 21:02:10,cu2305,cu2305,67180.0,0.0,0.0,0.0,10,67180.0,67210.0,5,67140.0,67190.0,67220.0,67180.0,60.0,20161000.0,27125
2023-05-09 21:02:11,cu2305,cu2305,67180.0,0.0,0.0,0.0,10,67180.0,67210.0,5,67140.0,67190.0,67220.0,67180.0,60.0,20161000.0,27125
2023-05-09 21:02:11,cu2305,cu2305,67180.0,0.0,0.0,0.0,10,67180.0,67320.0,5,67140.0,67190.0,67220.0,67180.0,60.0,20161000.0,27125
2023-05-09 21:02:12,cu2305,cu2305,67180.0,0.0,0.0,0.0,10,67180.0,67210.0,5,67140.0,67190.0,67220.0,67180.0,60.0,20161000.0,27125
2023-05-09 21:02:12,cu2305,cu2305,67180.0,0.0,0.0,0.0,10,67180.0,67210.0,5,67140.0,67190.0,67220.0,67180.0,60.0,20161000.0,27125
2023-05-09 21:02:16,cu2305,cu2305,67180.0,0.0,0.0,0.0,10,67180.0,67210.0,5,67140.0,67190.0,67220.0,67180.0,60.0,20161000.0,27125
2023-05-09 21:02:17,cu2305,cu2305,67180.0,0.0,0.0,0.0,10,67180.0,67210.0,40,67140.0,67190.0,67220.0,67180.0,60.0,20161000.0,27125
2023-05-09 21:02:18,cu2305,cu2305,67180.0,0.0,0.0,0.0,10,67180.0,67250.0,5,67140.0,67190.0,67220.0,67180.0,60.0,20161000.0,27125
2023-05-09 21:02:18,cu2305,cu2305,67180.0,0.0,0.0,0.0,10,67180.0,67200.0,40,67140.0,67190.0,67220.0,67180.0,60.0,20161000.0,27125
2023-05-09 21:02:19,cu2305,cu2305,67180.0,0.0,0.0,0.0,10,67180.0,67200.0,40,67140.0,67190.0,67220.0,67180.0,60.0,20161000.0,27125
2023-05-09 21:02:20,cu2305,cu2305,67180.0,0.0,0.0,0.0,10,67180.0,67200.0,5,67140.0,67190.0,67220.0,67180.0,60.0,20161000.0,27125
2023-05-09 21:02:20,cu2305,cu2305,67180.0,0.0,0.0,0.0,10,67180.0,67250.0,5,67140.0,67190.0,67220.0,67180.0,60.0,20161000.0,27125
2023-05-09 21:02:21,cu2305,cu2305,67180.0,0.0,0.0,0.0,10,67180.0,67210.0,40,67140.0,67190.0,67220.0,67180.0,60.0,20161000.0,27125
2023-05-09 21:02:21,cu2305,cu2305,67180.0,0.0,0.0,0.0,10,67180.0,67210.0,40,67140.0,67190.0,67220.0,67180.0,60.0,20161000.0,27125
2023-05-09 21:02:23,cu2305,cu2305,67180.0,0.0,0.0,0.0,10,67180.0,67210.0,40,67140.0,67190.0,67220.0,67180.0,60.0,20161000.0,27125
2023-05-09 21:02:25,cu2305,cu2305,67180.0,0.0,0.0,0.0,10,67180.0,67200.0,5,67140.0,67190.0,67220.0,67180.0,60.0,20161000.0,27125
2023-05-09 21:02:25,cu2305,cu2305,67180.0,0.0,0.0,0.0,10,67180.0,67200.0,5,67140.0,67190.0,67220.0,67180.0,60.0,20161000.0,27125
2023-05-09 21:02:26,cu2305,cu2305,67180.0,0.0,0.0,0.0,10,67180.0,67220.0,5,67140.0,67190.0,67220.0,67180.0,60.0,20161000.0,27125
2023-05-09 21:02:26,cu2305,cu2305,67180.0,0.0,0.0,0.0,10,67180.0,67210.0,35,67140.0,67190.0,67220.0,67180.0,60.0,20161000.0,27125
2023-05-09 21:02:27,cu2305,cu2305,67180.0,0.0,0.0,0.0,10,67180.0,67210.0,5,67140.0,67190.0,67220.0,67180.0,60.0,20161000.0,27125
2023-05-09 21:02:27,cu2305,cu2305,67180.0,0.0,0.0,0.0,10,67180.0,67210.0,10,67140.0,67190.0,67220.0,67180.0,60.0,20161000.0,27125
2023-05-09 21:02:28,cu2305,cu2305,67180.0,0.0,0.0,0.0,10,67180.0,67210.0,45,67140.0,67190.0,67220.0,67180.0,60.0,20161000.0,27125
2023-05-09 21:02:30,cu2305,cu2305,67180.0,0.0,0.0,0.0,5,67190.0,67210.0,5,67140.0,67190.0,67220.0,67180.0,60.0,20161000.0,27125
2023-05-09 21:02:31,cu2305,cu2305,67180.0,0.0,0.0,0.0,5,67190.0,67240.0,5,67140.0,67190.0,67220.0,67180.0,60.0,20161000.0,27125
2023-05-09 21:02:31,cu2305,cu2305,67180.0,0.0,0.0,0.0,10,67180.0,67220.0,40,67140.0,67190.0,67220.0,67180.0,60.0,20161000.0,27125
2023-05-09 21:02:32,cu2305,cu2305,67180.0,0.0,0.0,0.0,10,67180.0,67220.0,40,67140.0,67190.0,67220.0,67180.0,60.0,20161000.0,27125
2023-05-09 21:02:32,cu2305,cu2305,67180.0,0.0,0.0,0.0,10,67180.0,67210.0,5,67140.0,67190.0,67220.0,67180.0,60.0,20161000.0,27125
2023-05-09 21:02:33,cu2305,cu2305,67180.0,0.0,0.0,0.0,10,67180.0,67210.0,5,67140.0,67190.0,67220.0,67180.0,60.0,20161000.0,27125
2023-05-09 21:02:33,cu2305,cu2305,67180.0,0.0,0.0,0.0,10,67180.0,67210.0,40,67140.0,67190.0,67220.0,67180.0,60.0,20161000.0,27125
2023-05-09 21:02:37,cu2305,cu2305,67180.0,0.0,0.0,0.0,10,67180.0,67210.0,5,67140.0,67190.0,67220.0,67180.0,60.0,20161000.0,27125
2023-05-09 21:02:37,cu2305,cu2305,67180.0,0.0,0.0,0.0,10,67180.0,67210.0,10,67140.0,67190.0,67220.0,67180.0,60.0,20161000.0,27125
2023-05-09 21:02:38,cu2305,cu2305,67180.0,0.0,0.0,0.0,10,67180.0,67210.0,45,67140.0,67190.0,67220.0,67180.0,60.0,20161000.0,27125
2023-05-09 21:02:38,cu2305,cu2305,67180.0,0.0,0.0,0.0,10,67180.0,67210.0,10,67140.0,67190.0,67220.0,67180.0,60.0,20161000.0,27125
2023-05-09 21:02:39,cu2305,cu2305,67180.0,0.0,0.0,0.0,10,67180.0,67210.0,40,67140.0,67190.0,67220.0,67180.0,60.0,20161000.0,27125
2023-05-09 21:02:39,cu2305,cu2305,67180.0,0.0,0.0,0.0,10,67180.0,67210.0,40,67140.0,67190.0,67220.0,67180.0,60.0,20161000.0,27125
2023-05-09 21:02:40,cu2305,cu2305,67180.0,0.0,0.0,0.0,10,67180.0,67200.0,40,67140.0,67190.0,67220.0,67180.0,60.0,20161000.0,27125
2023-05-09 21:02:40,cu2305,cu2305,67180.0,0.0,0.0,0.0,10,67180.0,67200.0,5,67140.0,67190.0,67220.0,67180.0,60.0,20161000.0,27125
2023-05-09 21:02:41,cu2305,cu2305,67180.0,0.0,0.0,0.0,10,67180.0,67310.0,5,67140.0,67190.0,67220.0,67180.0,60.0,20161000.0,27125
2023-05-09 21:02:41,cu2305,cu2305,67180.0,0.0,0.0,0.0,10,67180.0,67210.0,50,67140.0,67190.0,67220.0,67180.0,60.0,20161000.0,27125
2023-05-09 21:02:42,cu2305,cu2305,67180.0,0.0,0.0,0.0,10,67180.0,67210.0,40,67140.0,67190.0,67220.0,67180.0,60.0,20161000.0,27125
2023-05-09 21:02:43,cu2305,cu2305,67180.0,0.0,0.0,0.0,10,67180.0,67210.0,50,67140.0,67190.0,67220.0,67180.0,60.0,20161000.0,27125
2023-05-09 21:02:43,cu2305,cu2305,67180.0,0.0,0.0,0.0,10,67180.0,67210.0,40,67140.0,67190.0,67220.0,67180.0,60.0,20161000.0,27125
2023-05-09 21:02:44,cu2305,cu2305,67180.0,0.0,0.0,0.0,10,67180.0,67200.0,35,67140.0,67190.0,67220.0,67180.0,60.0,20161000.0,27125
2023-05-09 21:02:44,cu2305,cu2305,67180.0,0.0,0.0,0.0,10,67180.0,67240.0,5,67140.0,67190.0,67220.0,67180.0,60.0,20161000.0,27125
2023-05-09 21:02:45,cu2305,cu2305,67180.0,0.0,0.0,0.0,10,67180.0,67200.0,40,67140.0,67190.0,67220.0,67180.0,60.0,20161000.0,27125
2023-05-09 21:02:45,cu2305,cu2305,67180.0,0.0,0.0,0.0,10,67180.0,67200.0,35,67140.0,67190.0,67220.0,67180.0,60.0,20161000.0,27125
2023-05-09 21:02:46,cu2305,cu2305,67180.0,0.0,0.0,0.0,10,67180.0,67230.0,5,67140.0,67190.0,67220.0,67180.0,60.0,20161000.0,27125
2023-05-09 21:02:46,cu2305,cu2305,67180.0,0.0,0.0,0.0,10,67180.0,67210.0,50,67140.0,67190.0,67220.0,67180.0,60.0,20161000.0,27125
2023-05-09 21:02:47,cu2305,cu2305,67180.0,0.0,0.0,0.0,10,67180.0,67210.0,40,67140.0,67190.0,67220.0,67180.0,60.0,20161000.0,27125
2023-05-09 21:02:49,cu2305,cu2305,67180.0,0.0,0.0,0.0,10,67180.0,67200.0,5,67140.0,67190.0,67220.0,67180.0,60.0,20161000.0,27125
2023-05-09 21:02:49,cu2305,cu2305,67180.0,0.0,0.0,0.0,10,67180.0,67230.0,5,67140.0,67190.0,67220.0,67180.0,60.0,20161000.0,27125
2023-05-09 21:02:50,cu2305,cu2305,67180.0,0.0,0.0,0.0,10,67180.0,67210.0,40,67140.0,67190.0,67220.0,67180.0,60.0,20161000.0,27125
2023-05-09 21:02:50,cu2305,cu2305,67180.0,0.0,0.0,0.0,10,67180.0,67210.0,40,67140.0,67190.0,67220.0,67180.0,60.0,20161000.0,27125
2023-05-09 21:02:52,cu2305,cu2305,67180.0,0.0,0.0,0.0,10,67180.0,67210.0,5,67140.0,67190.0,67220.0,67180.0,60.0,20161000.0,27125
2023-05-09 21:02:53,cu2305,cu2305,67180.0,0.0,0.0,0.0,10,67180.0,67230.0,5,67140.0,67190.0,67220.0,67180.0,60.0,20161000.0,27125
2023-05-09 21:02:54,cu2305,cu2305,67180.0,0.0,0.0,0.0,10,67180.0,67220.0,40,67140.0,67190.0,67220.0,67180.0,60.0,20161000.0,27125
2023-05-09 21:02:54,cu2305,cu2305,67180.0,0.0,0.0,0.0,10,67180.0,67220.0,40,67140.0,67190.0,67220.0,67180.0,60.0,20161000.0,27125
2023-05-09 21:02:55,cu2305,cu2305,67180.0,0.0,0.0,0.0,10,67180.0,67220.0,35,67140.0,67190.0,67220.0,67180.0,60.0,20161000.0,27125
2023-05-09 21:02:56,cu2305,cu2305,67180.0,0.0,0.0,0.0,10,67180.0,67290.0,5,67140.0,67190.0,67220.0,67180.0,60.0,20161000.0,27125
2023-05-09 21:02:57,cu2305,cu2305,67180.0,0.0,0.0,0.0,10,67180.0,67230.0,50,67140.0,67190.0,67220.0,67180.0,60.0,20161000.0,27125
2023-05-09 21:02:57,cu2305,cu2305,67180.0,0.0,0.0,0.0,15,67180.0,67230.0,40,67140.0,67190.0,67220.0,67180.0,60.0,20161000.0,27125
2023-05-09 21:02:58,cu2305,cu2305,67180.0,0.0,0.0,0.0,20,67180.0,67220.0,5,67140.0,67190.0,67220.0,67180.0,60.0,20161000.0,27125
2023-05-09 21:02:58,cu2305,cu2305,67180.0,0.0,0.0,0.0,5,67190.0,67220.0,5,67140.0,67190.0,67220.0,67180.0,60.0,20161000.0,27125
2023-05-09 21:02:59,cu2305,cu2305,67180.0,0.0,0.0,0.0,5,67190.0,67240.0,5,67140.0,67190.0,67220.0,67180.0,60.0,20161000.0,27125
2023-05-09 21:02:59,cu2305,cu2305,67180.0,0.0,0.0,0.0,5,67190.0,67220.0,35,67140.0,67190.0,67220.0,67180.0,60.0,20161000.0,27125
2023-05-09 21:03:00,cu2305,cu2305,67180.0,0.0,0.0,0.0,5,67190.0,67220.0,35,67140.0,67190.0,67220.0,67180.0,60.0,20161000.0,27125
2023-05-09 21:03:01,cu2305,cu2305,67180.0,0.0,0.0,0.0,5,67190.0,67220.0,35,67140.0,67190.0,67220.0,67180.0,60.0,20161000.0,27125
2023-05-09 21:03:02,cu2305,cu2305,67180.0,0.0,0.0,0.0,5,67190.0,67240.0,5,67140.0,67190.0,67220.0,67180.0,60.0,20161000.0,27125
2023-05-09 21:03:03,cu2305,cu2305,67180.0,0.0,0.0,0.0,10,67180.0,67230.0,40,67140.0,67190.0,67220.0,67180.0,60.0,20161000.0,27125
2023-05-09 21:03:03,cu2305,cu2305,67180.0,0.0,0.0,0.0,15,67180.0,67230.0,40,67140.0,67190.0,67220.0,67180.0,60.0,20161000.0,27125
2023-05-09 21:03:04,cu2305,cu2305,67180.0,0.0,0.0,0.0,25,67180.0,67220.0,5,67140.0,67190.0,67220.0,67180.0,60.0,20161000.0,27125
2023-05-09 21:03:04,cu2305,cu2305,67180.0,0.0,0.0,0.0,25,67180.0,67220.0,10,67140.0,67190.0,67220.0,67180.0,60.0,20161000.0,27125
2023-05-09 21:03:05,cu2305,cu2305,67180.0,0.0,0.0,0.0,45,67180.0,67220.0,5,67140.0,67190.0,67220.0,67180.0,60.0,20161000.0,27125
2023-05-09 21:03:05,cu2305,cu2305,67180.0,0.0,0.0,0.0,45,67180.0,67250.0,5,67140.0,67190.0,67220.0,67180.0,60.0,20161000.0,27125
2023-05-09 21:03:06,cu2305,cu2305,67180.0,0.0,0.0,0.0,45,67180.0,67230.0,5,67140.0,67190.0,67220.0,67180.0,60.0,20161000.0,27125
2023-05-09 21:03:06,cu2305,cu2305,67180.0,0.0,0.0,0.0,45,67180.0,67220.0,5,67140.0,67190.0,67220.0,67180.0,60.0,20161000.0,27125
2023-05-09 21:03:07,cu2305,cu2305,67180.0,0.0,0.0,0.0,50,67180.0,67220.0,5,67140.0,67190.0,67220.0,67180.0,60.0,20161000.0,27125
2023-05-09 21:03:07,cu2305,cu2305,67180.0,0.0,0.0,0.0,20,67190.0,67250.0,5,67140.0,67190.0,67220.0,67180.0,60.0,20161000.0,27125
2023-05-09 21:03:08,cu2305,cu2305,67180.0,0.0,0.0,0.0,20,67190.0,67240.0,15,67140.0,67190.0,67220.0,67180.0,60.0,20161000.0,27125
2023-05-09 21:03:08,cu2305,cu2305,67180.0,0.0,0.0,0.0,25,67190.0,67230.0,10,67140.0,67190.0,67220.0,67180.0,60.0,20161000.0,27125
2023-05-09 21:03:09,cu2305,cu2305,67180.0,0.0,0.0,0.0,35,67190.0,67230.0,5,67140.0,67190.0,67220.0,67180.0,60.0,20161000.0,27125
2023-05-09 21:03:09,cu2305,cu2305,67180.0,0.0,0.0,0.0,40,67190.0,67250.0,5,67140.0,67190.0,67220.0,67180.0,60.0,20161000.0,27125
2023-05-09 21:03:10,cu2305,cu2305,67180.0,0.0,0.0,0.0,5,67190.0,67240.0,45,67140.0,67190.0,67220.0,67180.0,60.0,20161000.0,27125
2023-05-09 21:03:10,cu2305,cu2305,67180.0,0.0,0.0,0.0,20,67190.0,67230.0,5,67140.0,67190.0,67220.0,67180.0,60.0,20161000.0,27125
2023-05-09 21:03:11,cu2305,cu2305,67180.0,0.0,0.0,0.0,20,67190.0,67230.0,5,67140.0,67190.0,67220.0,67180.0,60.0,20161000.0,27125
2023-05-09 21:03:11,cu2305,cu2305,67180.0,0.0,0.0,0.0,20,67190.0,67250.0,5,67140.0,67190.0,67220.0,67180.0,60.0,20161000.0,27125
2023-05-09 21:03:12,cu2305,cu2305,67180.0,0.0,0.0,0.0,15,67190.0,67240.0,35,67140.0,67190.0,67220.0,67180.0,60.0,20161000.0,27125
2023-05-09 21:03:12,cu2305,cu2305,67180.0,0.0,0.0,0.0,15,67190.0,67230.0,10,67140.0,67190.0,67220.0,67180.0,60.0,20161000.0,27125
2023-05-09 21:03:13,cu2305,cu2305,67180.0,0.0,0.0,0.0,15,67190.0,67230.0,10,67140.0,67190.0,67220.0,67180.0,60.0,20161000.0,27125
2023-05-09 21:03:14,cu2305,cu2305,67180.0,0.0,0.0,0.0,20,67190.0,67230.0,5,67140.0,67190.0,67220.0,67180.0,60.0,20161000.0,27125
2023-05-09 21:03:14,cu2305,cu2305,67180.0,0.0,0.0,0.0,45,67190.0,67260.0,5,67140.0,67190.0,67220.0,67180.0,60.0,20161000.0,27125
2023-05-09 21:03:15,cu2305,cu2305,67180.0,0.0,0.0,0.0,35,67190.0,67240.0,35,67140.0,67190.0,67220.0,67180.0,60.0,20161000.0,27125
2023-05-09 21:03:15,cu2305,cu2305,67180.0,0.0,0.0,0.0,35,67190.0,67240.0,35,67140.0,67190.0,67220.0,67180.0,60.0,20161000.0,27125
2023-05-09 21:03:16,cu2305,cu2305,67180.0,0.0,0.0,0.0,15,67200.0,67240.0,5,67140.0,67190.0,67220.0,67180.0,60.0,20161000.0,27125
2023-05-09 21:03:16,cu2305,cu2305,67180.0,0.0,0.0,0.0,20,67180.0,67230.0,5,67140.0,67190.0,67220.0,67180.0,60.0,20161000.0,27125
2023-05-09 21:03:17,cu2305,cu2305,67180.0,0.0,0.0,0.0,45,67190.0,67230.0,5,67140.0,67190.0,67220.0,67180.0,60.0,20161000.0,27125
2023-05-09 21:03:17,cu2305,cu2305,67180.0,0.0,0.0,0.0,45,67190.0,67350.0,5,67140.0,67190.0,67220.0,67180.0,60.0,20161000.0,27125
2023-05-09 21:03:18,cu2305,cu2305,67180.0,0.0,0.0,0.0,5,67200.0,67240.0,5,67140.0,67190.0,67220.0,67180.0,60.0,20161000.0,27125
2023-05-09 21:03:18,cu2305,cu2305,67180.0,0.0,0.0,0.0,15,67200.0,67240.0,5,67140.0,67190.0,67220.0,67180.0,60.0,20161000.0,27125
2023-05-09 21:03:19,cu2305,cu2305,67180.0,0.0,0.0,0.0,5,67190.0,67240.0,45,67140.0,67190.0,67220.0,67180.0,60.0,20161000.0,27125
2023-05-09 21:03:19,cu2305,cu2305,67180.0,0.0,0.0,0.0,20,67190.0,67230.0,5,67140.0,67190.0,67220.0,67180.0,60.0,20161000.0,27125
2023-05-09 21:03:20,cu2305,cu2305,67180.0,0.0,0.0,0.0,20,67190.0,67230.0,10,67140.0,67190.0,67220.0,67180.0,60.0,20161000.0,27125
2023-05-09 21:03:21,cu2305,cu2305,67180.0,0.0,0.0,0.0,25,67190.0,67230.0,10,67140.0,67190.0,67220.0,67180.0,60.0,20161000.0,27125
2023-05-09 21:03:22,cu2305,cu2305,67180.0,0.0,0.0,0.0,20,67190.0,67230.0,10,67140.0,67190.0,67220.0,67180.0,60.0,20161000.0,27125
2023-05-09 21:03:24,cu2305,cu2305,67180.0,0.0,0.0,0.0,5,67190.0,67220.0,5,67140.0,67190.0,67220.0,67180.0,60.0,20161000.0,27125
2023-05-09 21:03:25,cu2305,cu2305,67180.0,0.0,0.0,0.0,20,67180.0,67220.0,5,67140.0,67190.0,67220.0,67180.0,60.0,20161000.0,27125
2023-05-09 21:03:25,cu2305,cu2305,67180.0,0.0,0.0,0.0,20,67180.0,67220.0,40,67140.0,67190.0,67220.0,67180.0,60.0,20161000.0,27125
2023-05-09 21:03:26,cu2305,cu2305,67180.0,0.0,0.0,0.0,20,67180.0,67220.0,5,67140.0,67190.0,67220.0,67180.0,60.0,20161000.0,27125
2023-05-09 21:03:26,cu2305,cu2305,67180.0,0.0,0.0,0.0,35,67180.0,67220.0,10,67140.0,67190.0,67220.0,67180.0,60.0,20161000.0,27125
2023-05-09 21:03:27,cu2305,cu2305,67180.0,0.0,0.0,0.0,20,67180.0,67220.0,10,67140.0,67190.0,67220.0,67180.0,60.0,20161000.0,27125
2023-05-09 21:03:27,cu2305,cu2305,67180.0,0.0,0.0,0.0,35,67180.0,67220.0,10,67140.0,67190.0,67220.0,67180.0,60.0,20161000.0,27125
2023-05-09 21:03:28,cu2305,cu2305,67180.0,0.0,0.0,0.0,20,67180.0,67220.0,45,67140.0,67190.0,67220.0,67180.0,60.0,20161000.0,27125
2023-05-09 21:03:28,cu2305,cu2305,67180.0,0.0,0.0,0.0,20,67180.0,67220.0,10,67140.0,67190.0,67220.0,67180.0,60.0,20161000.0,27125
2023-05-09 21:03:29,cu2305,cu2305,67180.0,0.0,0.0,0.0,35,67180.0,67220.0,5,67140.0,67190.0,67220.0,67180.0,60.0,20161000.0,27125
2023-05-09 21:03:29,cu2305,cu2305,67180.0,0.0,0.0,0.0,20,67180.0,67220.0,5,67140.0,67190.0,67220.0,67180.0,60.0,20161000.0,27125
2023-05-09 21:03:30,cu2305,cu2305,67180.0,0.0,0.0,0.0,40,67180.0,67220.0,5,67140.0,67190.0,67220.0,67180.0,60.0,20161000.0,27125
2023-05-09 21:03:30,cu2305,cu2305,67180.0,0.0,0.0,0.0,20,67180.0,67220.0,40,67140.0,67190.0,67220.0,67180.0,60.0,20161000.0,27125
2023-05-09 21:03:33,cu2305,cu2305,67180.0,0.0,0.0,0.0,20,67180.0,67210.0,25,67140.0,67190.0,67220.0,67180.0,60.0,20161000.0,27125
2023-05-09 21:03:33,cu2305,cu2305,67180.0,0.0,0.0,0.0,20,67180.0,67210.0,35,67140.0,67190.0,67220.0,67180.0,60.0,20161000.0,27125
2023-05-09 21:03:34,cu2305,cu2305,67180.0,0.0,0.0,0.0,20,67180.0,67210.0,40,67140.0,67190.0,67220.0,67180.0,60.0,20161000.0,27125
2023-05-09 21:03:37,cu2305,cu2305,67180.0,0.0,0.0,0.0,20,67180.0,67210.0,5,67140.0,67190.0,67220.0,67180.0,60.0,20161000.0,27125
2023-05-09 21:03:38,cu2305,cu2305,67180.0,0.0,0.0,0.0,5,67190.0,67270.0,5,67140.0,67190.0,67220.0,67180.0,60.0,20161000.0,27125
2023-05-09 21:03:38,cu2305,cu2305,67180.0,0.0,0.0,0.0,20,67180.0,67220.0,40,67140.0,67190.0,67220.0,67180.0,60.0,20161000.0,27125
2023-05-09 21:03:39,cu2305,cu2305,67180.0,0.0,0.0,0.0,20,67180.0,67220.0,40,67140.0,67190.0,67220.0,67180.0,60.0,20161000.0,27125
2023-05-09 21:03:40,cu2305,cu2305,67180.0,0.0,0.0,0.0,20,67180.0,67210.0,5,67140.0,67190.0,67220.0,67180.0,60.0,20161000.0,27125
2023-05-09 21:03:40,cu2305,cu2305,67180.0,0.0,0.0,0.0,20,67180.0,67210.0,35,67140.0,67190.0,67220.0,67180.0,60.0,20161000.0,27125
2023-05-09 21:03:41,cu2305,cu2305,67180.0,0.0,0.0,0.0,20,67180.0,67210.0,40,67140.0,67190.0,67220.0,67180.0,60.0,20161000.0,27125
2023-05-09 21:03:42,cu2305,cu2305,67180.0,0.0,0.0,0.0,20,67180.0,67210.0,5,67140.0,67190.0,67220.0,67180.0,60.0,20161000.0,27125
2023-05-09 21:03:42,cu2305,cu2305,67180.0,0.0,0.0,0.0,20,67180.0,67210.0,10,67140.0,67190.0,67220.0,67180.0,60.0,20161000.0,27125
2023-05-09 21:03:43,cu2305,cu2305,67180.0,0.0,0.0,0.0,20,67180.0,67210.0,5,67140.0,67190.0,67220.0,67180.0,60.0,20161000.0,27125
2023-05-09 21:03:44,cu2305,cu2305,67180.0,0.0,0.0,0.0,20,67180.0,67250.0,5,67140.0,67190.0,67220.0,67180.0,60.0,20161000.0,27125
2023-05-09 21:03:45,cu2305,cu2305,67180.0,0.0,0.0,0.0,20,67180.0,67220.0,40,67140.0,67190.0,67220.0,67180.0,60.0,20161000.0,27125
2023-05-09 21:03:45,cu2305,cu2305,67180.0,0.0,0.0,0.0,20,67180.0,67210.0,5,67140.0,67190.0,67220.0,67180.0,60.0,20161000.0,27125
2023-05-09 21:03:46,cu2305,cu2305,67180.0,0.0,0.0,0.0,20,67180.0,67210.0,35,67140.0,67190.0,67220.0,67180.0,60.0,20161000.0,27125
2023-05-09 21:03:46,cu2305,cu2305,67180.0,0.0,0.0,0.0,20,67180.0,67210.0,40,67140.0,67190.0,67220.0,67180.0,60.0,20161000.0,27125
2023-05-09 21:03:47,cu2305,cu2305,67180.0,0.0,0.0,0.0,20,67180.0,67210.0,40,67140.0,67190.0,67220.0,67180.0,60.0,20161000.0,27125
2023-05-09 21:03:48,cu2305,cu2305,67180.0,0.0,0.0,0.0,20,67180.0,67210.0,5,67140.0,67190.0,67220.0,67180.0,60.0,20161000.0,27125
2023-05-09 21:03:49,cu2305,cu2305,67180.0,0.0,0.0,0.0,20,67180.0,67220.0,5,67140.0,67190.0,67220.0,67180.0,60.0,20161000.0,27125
2023-05-09 21:03:49,cu2305,cu2305,67180.0,0.0,0.0,0.0,20,67180.0,67210.0,40,67140.0,67190.0,67220.0,67180.0,60.0,20161000.0,27125
2023-05-09 21:03:50,cu2305,cu2305,67180.0,0.0,0.0,0.0,20,67180.0,67210.0,40,67140.0,67190.0,67220.0,67180.0,60.0,20161000.0,27125
2023-05-09 21:03:50,cu2305,cu2305,67180.0,0.0,0.0,0.0,20,67180.0,67210.0,5,67140.0,67190.0,67220.0,67180.0,60.0,20161000.0,27125
2023-05-09 21:03:51,cu2305,cu2305,67180.0,0.0,0.0,0.0,10,67200.0,67210.0,5,67140.0,67190.0,67220.0,67180.0,60.0,20161000.0,27125
2023-05-09 21:03:53,cu2305,cu2305,67200.0,10.0,3360000.0,10.0,20,67180.0,67210.0,10,67140.0,67190.0,67220.0,67180.0,70.0,23521000.0,27135
2023-05-09 21:03:58,cu2305,cu2305,67200.0,0.0,0.0,0.0,20,67180.0,67210.0,35,67140.0,67190.0,67220.0,67180.0,70.0,23521000.0,27135
2023-05-09 21:03:58,cu2305,cu2305,67200.0,0.0,0.0,0.0,20,67180.0,67210.0,40,67140.0,67190.0,67220.0,67180.0,70.0,23521000.0,27135
2023-05-09 21:04:01,cu2305,cu2305,67200.0,0.0,0.0,0.0,20,67180.0,67210.0,40,67140.0,67190.0,67220.0,67180.0,70.0,23521000.0,27135
2023-05-09 21:04:03,cu2305,cu2305,67200.0,0.0,0.0,0.0,20,67180.0,67210.0,35,67140.0,67190.0,67220.0,67180.0,70.0,23521000.0,27135
2023-05-09 21:04:04,cu2305,cu2305,67200.0,0.0,0.0,0.0,20,67180.0,67200.0,5,67140.0,67190.0,67220.0,67180.0,70.0,23521000.0,27135
2023-05-09 21:04:04,cu2305,cu2305,67200.0,0.0,0.0,0.0,20,67180.0,67200.0,5,67140.0,67190.0,67220.0,67180.0,70.0,23521000.0,27135
2023-05-09 21:04:07,cu2305,cu2305,67200.0,0.0,0.0,0.0,20,67180.0,67250.0,5,67140.0,67190.0,67220.0,67180.0,70.0,23521000.0,27135
2023-05-09 21:04:07,cu2305,cu2305,67200.0,0.0,0.0,0.0,20,67180.0,67190.0,5,67140.0,67190.0,67220.0,67180.0,70.0,23521000.0,27135
2023-05-09 21:04:08,cu2305,cu2305,67180.0,5.0,1679500.0,-5.0,15,67180.0,67190.0,40,67140.0,67190.0,67220.0,67180.0,75.0,25200500.0,27130
2023-05-09 21:04:09,cu2305,cu2305,67180.0,0.0,0.0,0.0,15,67180.0,67190.0,35,67140.0,67190.0,67220.0,67180.0,75.0,25200500.0,27130
2023-05-09 21:04:10,cu2305,cu2305,67180.0,15.0,5038500.0,-15.0,90,67150.0,67190.0,55,67140.0,67190.0,67220.0,67180.0,90.0,30239000.0,27115
2023-05-09 21:04:10,cu2305,cu2305,67180.0,0.0,0.0,0.0,90,67150.0,67190.0,35,67140.0,67190.0,67220.0,67180.0,90.0,30239000.0,27115
2023-05-09 21:04:11,cu2305,cu2305,67180.0,0.0,0.0,0.0,90,67150.0,67190.0,35,67140.0,67190.0,67220.0,67180.0,90.0,30239000.0,27115
2023-05-09 21:04:13,cu2305,cu2305,67180.0,0.0,0.0,0.0,90,67150.0,67230.0,10,67140.0,67190.0,67220.0,67180.0,90.0,30239000.0,27115
2023-05-09 21:04:14,cu2305,cu2305,67180.0,0.0,0.0,0.0,90,67150.0,67200.0,55,67140.0,67190.0,67220.0,67180.0,90.0,30239000.0,27115
2023-05-09 21:04:14,cu2305,cu2305,67180.0,0.0,0.0,0.0,90,67150.0,67200.0,55,67140.0,67190.0,67220.0,67180.0,90.0,30239000.0,27115
2023-05-09 21:04:16,cu2305,cu2305,67180.0,0.0,0.0,0.0,90,67150.0,67200.0,35,67140.0,67190.0,67220.0,67180.0,90.0,30239000.0,27115
2023-05-09 21:04:17,cu2305,cu2305,67180.0,0.0,0.0,0.0,90,67150.0,67200.0,55,67140.0,67190.0,67220.0,67180.0,90.0,30239000.0,27115
2023-05-09 21:04:17,cu2305,cu2305,67180.0,0.0,0.0,0.0,5,67160.0,67190.0,5,67140.0,67190.0,67220.0,67180.0,90.0,30239000.0,27115
2023-05-09 21:04:18,cu2305,cu2305,67180.0,0.0,0.0,0.0,5,67160.0,67190.0,5,67140.0,67190.0,67220.0,67180.0,90.0,30239000.0,27115
2023-05-09 21:04:18,cu2305,cu2305,67180.0,0.0,0.0,0.0,5,67160.0,67210.0,5,67140.0,67190.0,67220.0,67180.0,90.0,30239000.0,27115
2023-05-09 21:04:19,cu2305,cu2305,67180.0,0.0,0.0,0.0,5,67160.0,67200.0,40,67140.0,67190.0,67220.0,67180.0,90.0,30239000.0,27115
2023-05-09 21:04:19,cu2305,cu2305,67180.0,0.0,0.0,0.0,5,67160.0,67190.0,5,67140.0,67190.0,67220.0,67180.0,90.0,30239000.0,27115
2023-05-09 21:04:20,cu2305,cu2305,67180.0,0.0,0.0,0.0,5,67160.0,67190.0,60,67140.0,67190.0,67220.0,67180.0,90.0,30239000.0,27115
2023-05-09 21:04:21,cu2305,cu2305,67180.0,0.0,0.0,0.0,5,67160.0,67180.0,5,67140.0,67190.0,67220.0,67180.0,90.0,30239000.0,27115
2023-05-09 21:04:21,cu2305,cu2305,67180.0,0.0,0.0,0.0,5,67160.0,67180.0,40,67140.0,67190.0,67220.0,67180.0,90.0,30239000.0,27115
2023-05-09 21:04:22,cu2305,cu2305,67180.0,0.0,0.0,0.0,90,67150.0,67180.0,40,67140.0,67190.0,67220.0,67180.0,90.0,30239000.0,27115
2023-05-09 21:04:24,cu2305,cu2305,67180.0,0.0,0.0,0.0,5,67160.0,67180.0,5,67140.0,67190.0,67220.0,67180.0,90.0,30239000.0,27115
2023-05-09 21:04:25,cu2305,cu2305,67180.0,0.0,0.0,0.0,5,67160.0,67220.0,5,67140.0,67190.0,67220.0,67180.0,90.0,30239000.0,27115
2023-05-09 21:04:25,cu2305,cu2305,67180.0,0.0,0.0,0.0,5,67160.0,67190.0,20,67140.0,67190.0,67220.0,67180.0,90.0,30239000.0,27115
2023-05-09 21:04:26,cu2305,cu2305,67180.0,0.0,0.0,0.0,5,67160.0,67190.0,55,67140.0,67190.0,67220.0,67180.0,90.0,30239000.0,27115
2023-05-09 21:04:26,cu2305,cu2305,67180.0,0.0,0.0,0.0,5,67160.0,67190.0,55,67140.0,67190.0,67220.0,67180.0,90.0,30239000.0,27115
2023-05-09 21:04:27,cu2305,cu2305,67180.0,0.0,0.0,0.0,10,67180.0,67190.0,55,67140.0,67190.0,67220.0,67180.0,90.0,30239000.0,27115
2023-05-09 21:04:28,cu2305,cu2305,67180.0,10.0,3359000.0,0.0,5,67160.0,67180.0,5,67140.0,67190.0,67220.0,67180.0,100.0,33598000.0,27115
2023-05-09 21:04:28,cu2305,cu2305,67180.0,0.0,0.0,0.0,5,67160.0,67180.0,5,67140.0,67190.0,67220.0,67180.0,100.0,33598000.0,27115
2023-05-09 21:04:29,cu2305,cu2305,67160.0,5.0,1679000.0,-5.0,90,67150.0,67180.0,5,67140.0,67190.0,67220.0,67160.0,105.0,35277000.0,27110
2023-05-09 21:04:29,cu2305,cu2305,67160.0,0.0,0.0,0.0,5,67160.0,67200.0,5,67140.0,67190.0,67220.0,67160.0,105.0,35277000.0,27110
2023-05-09 21:04:30,cu2305,cu2305,67160.0,0.0,0.0,0.0,5,67160.0,67190.0,35,67140.0,67190.0,67220.0,67160.0,105.0,35277000.0,27110
2023-05-09 21:04:30,cu2305,cu2305,67160.0,0.0,0.0,0.0,5,67160.0,67200.0,5,67140.0,67190.0,67220.0,67160.0,105.0,35277000.0,27110
2023-05-09 21:04:31,cu2305,cu2305,67160.0,0.0,0.0,0.0,5,67160.0,67200.0,55,67140.0,67190.0,67220.0,67160.0,105.0,35277000.0,27110
2023-05-09 21:04:32,cu2305,cu2305,67160.0,0.0,0.0,0.0,5,67160.0,67200.0,55,67140.0,67190.0,67220.0,67160.0,105.0,35277000.0,27110
2023-05-09 21:04:34,cu2305,cu2305,67160.0,0.0,0.0,0.0,5,67160.0,67190.0,5,67140.0,67190.0,67220.0,67160.0,105.0,35277000.0,27110
2023-05-09 21:04:35,cu2305,cu2305,67160.0,0.0,0.0,0.0,5,67160.0,67190.0,5,67140.0,67190.0,67220.0,67160.0,105.0,35277000.0,27110
2023-05-09 21:04:35,cu2305,cu2305,67160.0,0.0,0.0,0.0,5,67160.0,67320.0,5,67140.0,67190.0,67220.0,67160.0,105.0,35277000.0,27110
2023-05-09 21:04:36,cu2305,cu2305,67160.0,0.0,0.0,0.0,5,67160.0,67200.0,20,67140.0,67190.0,67220.0,67160.0,105.0,35277000.0,27110
2023-05-09 21:04:36,cu2305,cu2305,67160.0,0.0,0.0,0.0,5,67160.0,67200.0,55,67140.0,67190.0,67220.0,67160.0,105.0,35277000.0,27110
2023-05-09 21:04:37,cu2305,cu2305,67160.0,0.0,0.0,0.0,5,67160.0,67200.0,55,67140.0,67190.0,67220.0,67160.0,105.0,35277000.0,27110
2023-05-09 21:04:37,cu2305,cu2305,67160.0,0.0,0.0,0.0,5,67160.0,67200.0,35,67140.0,67190.0,67220.0,67160.0,105.0,35277000.0,27110
2023-05-09 21:04:38,cu2305,cu2305,67160.0,0.0,0.0,0.0,5,67160.0,67190.0,5,67140.0,67190.0,67220.0,67160.0,105.0,35277000.0,27110
2023-05-09 21:04:38,cu2305,cu2305,67160.0,0.0,0.0,0.0,15,67160.0,67190.0,40,67140.0,67190.0,67220.0,67160.0,105.0,35277000.0,27110
2023-05-09 21:04:41,cu2305,cu2305,67160.0,0.0,0.0,0.0,15,67160.0,67180.0,5,67140.0,67190.0,67220.0,67160.0,105.0,35277000.0,27110
2023-05-09 21:04:42,cu2305,cu2305,67160.0,0.0,0.0,0.0,15,67160.0,67180.0,5,67140.0,67190.0,67220.0,67160.0,105.0,35277000.0,27110
2023-05-09 21:04:42,cu2305,cu2305,67160.0,0.0,0.0,0.0,15,67160.0,67300.0,5,67140.0,67190.0,67220.0,67160.0,105.0,35277000.0,27110
2023-05-09 21:04:43,cu2305,cu2305,67160.0,0.0,0.0,0.0,5,67170.0,67180.0,35,67140.0,67190.0,67220.0,67160.0,105.0,35277000.0,27110
2023-05-09 21:04:43,cu2305,cu2305,67170.0,5.0,1679250.0,0.0,10,67160.0,67180.0,35,67140.0,67190.0,67220.0,67160.0,110.0,36956250.0,27110
2023-05-09 21:04:47,cu2305,cu2305,67180.0,5.0,1679500.0,-5.0,10,67160.0,67180.0,30,67140.0,67190.0,67220.0,67160.0,115.0,38635750.0,27105
2023-05-09 21:04:51,cu2305,cu2305,67160.0,5.0,1679000.0,0.0,5,67160.0,67170.0,10,67140.0,67190.0,67220.0,67160.0,120.0,40314750.0,27105
2023-05-09 21:04:51,cu2305,cu2305,67160.0,10.0,3358000.0,10.0,90,67150.0,67160.0,5,67140.0,67190.0,67220.0,67160.0,130.0,43672750.0,27115
2023-05-09 21:04:52,cu2305,cu2305,67150.0,5.0,1678750.0,0.0,85,67150.0,67170.0,5,67140.0,67190.0,67220.0,67150.0,135.0,45351500.0,27115
2023-05-09 21:04:52,cu2305,cu2305,67150.0,5.0,1678750.0,0.0,80,67150.0,67160.0,30,67140.0,67190.0,67220.0,67150.0,140.0,47030250.0,27115
2023-05-09 21:04:53,cu2305,cu2305,67150.0,0.0,0.0,0.0,80,67150.0,67200.0,5,67140.0,67190.0,67220.0,67150.0,140.0,47030250.0,27115
2023-05-09 21:04:53,cu2305,cu2305,67150.0,0.0,0.0,0.0,80,67150.0,67170.0,30,67140.0,67190.0,67220.0,67150.0,140.0,47030250.0,27115
2023-05-09 21:04:54,cu2305,cu2305,67150.0,0.0,0.0,0.0,80,67150.0,67170.0,30,67140.0,67190.0,67220.0,67150.0,140.0,47030250.0,27115
2023-05-09 21:04:55,cu2305,cu2305,67150.0,0.0,0.0,0.0,80,67150.0,67190.0,5,67140.0,67190.0,67220.0,67150.0,140.0,47030250.0,27115
2023-05-09 21:04:55,cu2305,cu2305,67150.0,0.0,0.0,0.0,80,67150.0,67170.0,50,67140.0,67190.0,67220.0,67150.0,140.0,47030250.0,27115
2023-05-09 21:04:56,cu2305,cu2305,67150.0,0.0,0.0,0.0,80,67150.0,67170.0,50,67140.0,67190.0,67220.0,67150.0,140.0,47030250.0,27115
2023-05-09 21:05:00,cu2305,cu2305,67150.0,0.0,0.0,0.0,80,67150.0,67170.0,20,67140.0,67190.0,67220.0,67150.0,140.0,47030250.0,27115
2023-05-09 21:05:00,cu2305,cu2305,67150.0,0.0,0.0,0.0,80,67150.0,67180.0,5,67140.0,67190.0,67220.0,67150.0,140.0,47030250.0,27115
2023-05-09 21:05:01,cu2305,cu2305,67150.0,0.0,0.0,0.0,80,67150.0,67180.0,55,67140.0,67190.0,67220.0,67150.0,140.0,47030250.0,27115
2023-05-09 21:05:01,cu2305,cu2305,67150.0,0.0,0.0,0.0,5,67160.0,67180.0,55,67140.0,67190.0,67220.0,67150.0,140.0,47030250.0,27115
2023-05-09 21:05:02,cu2305,cu2305,67150.0,0.0,0.0,0.0,5,67160.0,67200.0,5,67140.0,67190.0,67220.0,67150.0,140.0,47030250.0,27115
2023-05-09 21:05:02,cu2305,cu2305,67150.0,0.0,0.0,0.0,80,67150.0,67190.0,55,67140.0,67190.0,67220.0,67150.0,140.0,47030250.0,27115
2023-05-09 21:05:03,cu2305,cu2305,67150.0,0.0,0.0,0.0,80,67150.0,67180.0,5,67140.0,67190.0,67220.0,67150.0,140.0,47030250.0,27115
2023-05-09 21:05:03,cu2305,cu2305,67150.0,0.0,0.0,0.0,80,67150.0,67180.0,60,67140.0,67190.0,67220.0,67150.0,140.0,47030250.0,27115
2023-05-09 21:05:05,cu2305,cu2305,67150.0,0.0,0.0,0.0,95,67150.0,67180.0,40,67140.0,67190.0,67220.0,67150.0,140.0,47030250.0,27115
2023-05-09 21:05:05,cu2305,cu2305,67150.0,0.0,0.0,0.0,95,67150.0,67180.0,60,67140.0,67190.0,67220.0,67150.0,140.0,47030250.0,27115
2023-05-09 21:05:06,cu2305,cu2305,67150.0,0.0,0.0,0.0,95,67150.0,67180.0,25,67140.0,67190.0,67220.0,67150.0,140.0,47030250.0,27115
2023-05-09 21:05:06,cu2305,cu2305,67150.0,0.0,0.0,0.0,5,67160.0,67180.0,5,67140.0,67190.0,67220.0,67150.0,140.0,47030250.0,27115
2023-05-09 21:05:07,cu2305,cu2305,67150.0,0.0,0.0,0.0,5,67160.0,67280.0,5,67140.0,67190.0,67220.0,67150.0,140.0,47030250.0,27115
2023-05-09 21:05:07,cu2305,cu2305,67150.0,0.0,0.0,0.0,5,67160.0,67180.0,20,67140.0,67190.0,67220.0,67150.0,140.0,47030250.0,27115
2023-05-09 21:05:08,cu2305,cu2305,67150.0,0.0,0.0,0.0,5,67160.0,67210.0,5,67140.0,67190.0,67220.0,67150.0,140.0,47030250.0,27115
2023-05-09 21:05:08,cu2305,cu2305,67150.0,0.0,0.0,0.0,5,67160.0,67190.0,50,67140.0,67190.0,67220.0,67150.0,140.0,47030250.0,27115
2023-05-09 21:05:09,cu2305,cu2305,67150.0,0.0,0.0,0.0,5,67160.0,67190.0,55,67140.0,67190.0,67220.0,67150.0,140.0,47030250.0,27115
2023-05-09 21:05:10,cu2305,cu2305,67150.0,0.0,0.0,0.0,5,67160.0,67190.0,55,67140.0,67190.0,67220.0,67150.0,140.0,47030250.0,27115
2023-05-09 21:05:11,cu2305,cu2305,67150.0,0.0,0.0,0.0,5,67160.0,67190.0,60,67140.0,67190.0,67220.0,67150.0,140.0,47030250.0,27115
2023-05-09 21:05:11,cu2305,cu2305,67150.0,0.0,0.0,0.0,5,67160.0,67190.0,40,67140.0,67190.0,67220.0,67150.0,140.0,47030250.0,27115
2023-05-09 21:05:12,cu2305,cu2305,67150.0,0.0,0.0,0.0,5,67160.0,67190.0,5,67140.0,67190.0,67220.0,67150.0,140.0,47030250.0,27115
2023-05-09 21:05:12,cu2305,cu2305,67150.0,0.0,0.0,0.0,5,67160.0,67190.0,20,67140.0,67190.0,67220.0,67150.0,140.0,47030250.0,27115
2023-05-09 21:05:13,cu2305,cu2305,67150.0,0.0,0.0,0.0,5,67160.0,67190.0,20,67140.0,67190.0,67220.0,67150.0,140.0,47030250.0,27115
2023-05-09 21:05:13,cu2305,cu2305,67150.0,0.0,0.0,0.0,5,67160.0,67200.0,5,67140.0,67190.0,67220.0,67150.0,140.0,47030250.0,27115
2023-05-09 21:05:14,cu2305,cu2305,67150.0,0.0,0.0,0.0,5,67160.0,67200.0,55,67140.0,67190.0,67220.0,67150.0,140.0,47030250.0,27115
2023-05-09 21:05:15,cu2305,cu2305,67150.0,0.0,0.0,0.0,5,67160.0,67260.0,5,67140.0,67190.0,67220.0,67150.0,140.0,47030250.0,27115
2023-05-09 21:05:15,cu2305,cu2305,67150.0,0.0,0.0,0.0,5,67160.0,67210.0,50,67140.0,67190.0,67220.0,67150.0,140.0,47030250.0,27115
2023-05-09 21:05:16,cu2305,cu2305,67150.0,0.0,0.0,0.0,25,67160.0,67210.0,20,67140.0,67190.0,67220.0,67150.0,140.0,47030250.0,27115
2023-05-09 21:05:16,cu2305,cu2305,67150.0,0.0,0.0,0.0,10,67170.0,67210.0,25,67140.0,67190.0,67220.0,67150.0,140.0,47030250.0,27115
2023-05-09 21:05:17,cu2305,cu2305,67150.0,0.0,0.0,0.0,5,67180.0,67210.0,5,67140.0,67190.0,67220.0,67150.0,140.0,47030250.0,27115
2023-05-09 21:05:17,cu2305,cu2305,67150.0,0.0,0.0,0.0,5,67180.0,67320.0,5,67140.0,67190.0,67220.0,67150.0,140.0,47030250.0,27115
2023-05-09 21:05:18,cu2305,cu2305,67150.0,0.0,0.0,0.0,5,67160.0,67220.0,50,67140.0,67190.0,67220.0,67150.0,140.0,47030250.0,27115
2023-05-09 21:05:18,cu2305,cu2305,67150.0,0.0,0.0,0.0,5,67170.0,67220.0,55,67140.0,67190.0,67220.0,67150.0,140.0,47030250.0,27115
2023-05-09 21:05:19,cu2305,cu2305,67150.0,0.0,0.0,0.0,5,67180.0,67220.0,55,67140.0,67190.0,67220.0,67150.0,140.0,47030250.0,27115
2023-05-09 21:05:19,cu2305,cu2305,67150.0,0.0,0.0,0.0,5,67180.0,67220.0,35,67140.0,67190.0,67220.0,67150.0,140.0,47030250.0,27115
2023-05-09 21:05:20,cu2305,cu2305,67150.0,0.0,0.0,0.0,5,67180.0,67220.0,40,67140.0,67190.0,67220.0,67150.0,140.0,47030250.0,27115
2023-05-09 21:05:20,cu2305,cu2305,67150.0,0.0,0.0,0.0,5,67180.0,67220.0,40,67140.0,67190.0,67220.0,67150.0,140.0,47030250.0,27115
2023-05-09 21:05:21,cu2305,cu2305,67150.0,0.0,0.0,0.0,5,67180.0,67220.0,40,67140.0,67190.0,67220.0,67150.0,140.0,47030250.0,27115
2023-05-09 21:05:22,cu2305,cu2305,67150.0,0.0,0.0,0.0,5,67180.0,67220.0,5,67140.0,67190.0,67220.0,67150.0,140.0,47030250.0,27115
2023-05-09 21:05:22,cu2305,cu2305,67150.0,0.0,0.0,0.0,5,67180.0,67300.0,5,67140.0,67190.0,67220.0,67150.0,140.0,47030250.0,27115
2023-05-09 21:05:23,cu2305,cu2305,67150.0,0.0,0.0,0.0,5,67180.0,67230.0,40,67140.0,67190.0,67220.0,67150.0,140.0,47030250.0,27115
2023-05-09 21:05:23,cu2305,cu2305,67150.0,0.0,0.0,0.0,5,67180.0,67230.0,45,67140.0,67190.0,67220.0,67150.0,140.0,47030250.0,27115
2023-05-09 21:05:24,cu2305,cu2305,67150.0,0.0,0.0,0.0,15,67180.0,67230.0,50,67140.0,67190.0,67220.0,67150.0,140.0,47030250.0,27115
2023-05-09 21:05:24,cu2305,cu2305,67150.0,0.0,0.0,0.0,5,67190.0,67230.0,50,67140.0,67190.0,67220.0,67150.0,140.0,47030250.0,27115
2023-05-09 21:05:25,cu2305,cu2305,67150.0,0.0,0.0,0.0,5,67190.0,67230.0,35,67140.0,67190.0,67220.0,67150.0,140.0,47030250.0,27115
2023-05-09 21:05:25,cu2305,cu2305,67150.0,0.0,0.0,0.0,5,67180.0,67280.0,5,67140.0,67190.0,67220.0,67150.0,140.0,47030250.0,27115
2023-05-09 21:05:26,cu2305,cu2305,67150.0,0.0,0.0,0.0,25,67180.0,67240.0,50,67140.0,67190.0,67220.0,67150.0,140.0,47030250.0,27115
2023-05-09 21:05:26,cu2305,cu2305,67150.0,0.0,0.0,0.0,5,67190.0,67240.0,55,67140.0,67190.0,67220.0,67150.0,140.0,47030250.0,27115
2023-05-09 21:05:27,cu2305,cu2305,67150.0,0.0,0.0,0.0,10,67190.0,67240.0,55,67140.0,67190.0,67220.0,67150.0,140.0,47030250.0,27115
2023-05-09 21:05:27,cu2305,cu2305,67150.0,0.0,0.0,0.0,5,67200.0,67270.0,5,67140.0,67190.0,67220.0,67150.0,140.0,47030250.0,27115
2023-05-09 21:05:28,cu2305,cu2305,67150.0,0.0,0.0,0.0,10,67200.0,67250.0,50,67140.0,67190.0,67220.0,67150.0,140.0,47030250.0,27115
2023-05-09 21:05:28,cu2305,cu2305,67150.0,0.0,0.0,0.0,5,67210.0,67250.0,55,67140.0,67190.0,67220.0,67150.0,140.0,47030250.0,27115
2023-05-09 21:05:29,cu2305,cu2305,67150.0,0.0,0.0,0.0,5,67210.0,67240.0,5,67140.0,67190.0,67220.0,67150.0,140.0,47030250.0,27115
2023-05-09 21:05:29,cu2305,cu2305,67150.0,0.0,0.0,0.0,5,67180.0,67240.0,5,67140.0,67190.0,67220.0,67150.0,140.0,47030250.0,27115
2023-05-09 21:05:30,cu2305,cu2305,67150.0,0.0,0.0,0.0,20,67200.0,67350.0,5,67140.0,67190.0,67220.0,67150.0,140.0,47030250.0,27115
2023-05-09 21:05:30,cu2305,cu2305,67150.0,0.0,0.0,0.0,5,67210.0,67260.0,10,67140.0,67190.0,67220.0,67150.0,140.0,47030250.0,27115
2023-05-09 21:05:31,cu2305,cu2305,67150.0,0.0,0.0,0.0,5,67210.0,67250.0,40,67140.0,67190.0,67220.0,67150.0,140.0,47030250.0,27115
2023-05-09 21:05:31,cu2305,cu2305,67150.0,0.0,0.0,0.0,5,67190.0,67240.0,5,67140.0,67190.0,67220.0,67150.0,140.0,47030250.0,27115
2023-05-09 21:05:32,cu2305,cu2305,67150.0,0.0,0.0,0.0,10,67190.0,67240.0,5,67140.0,67190.0,67220.0,67150.0,140.0,47030250.0,27115
2023-05-09 21:05:32,cu2305,cu2305,67150.0,0.0,0.0,0.0,5,67200.0,67240.0,35,67140.0,67190.0,67220.0,67150.0,140.0,47030250.0,27115
2023-05-09 21:05:33,cu2305,cu2305,67150.0,0.0,0.0,0.0,5,67200.0,67230.0,5,67140.0,67190.0,67220.0,67150.0,140.0,47030250.0,27115
2023-05-09 21:05:33,cu2305,cu2305,67150.0,0.0,0.0,0.0,5,67180.0,67230.0,5,67140.0,67190.0,67220.0,67150.0,140.0,47030250.0,27115
2023-05-09 21:05:34,cu2305,cu2305,67150.0,0.0,0.0,0.0,20,67190.0,67260.0,5,67140.0,67190.0,67220.0,67150.0,140.0,47030250.0,27115
2023-05-09 21:05:34,cu2305,cu2305,67150.0,0.0,0.0,0.0,5,67200.0,67240.0,10,67140.0,67190.0,67220.0,67150.0,140.0,47030250.0,27115
2023-05-09 21:05:35,cu2305,cu2305,67150.0,0.0,0.0,0.0,5,67200.0,67230.0,5,67140.0,67190.0,67220.0,67150.0,140.0,47030250.0,27115
2023-05-09 21:05:35,cu2305,cu2305,67150.0,0.0,0.0,0.0,5,67180.0,67230.0,5,67140.0,67190.0,67220.0,67150.0,140.0,47030250.0,27115
2023-05-09 21:05:36,cu2305,cu2305,67150.0,0.0,0.0,0.0,45,67190.0,67260.0,5,67140.0,67190.0,67220.0,67150.0,140.0,47030250.0,27115
2023-05-09 21:05:36,cu2305,cu2305,67150.0,0.0,0.0,0.0,5,67200.0,67240.0,10,67140.0,67190.0,67220.0,67150.0,140.0,47030250.0,27115
2023-05-09 21:05:37,cu2305,cu2305,67150.0,0.0,0.0,0.0,5,67200.0,67230.0,5,67140.0,67190.0,67220.0,67150.0,140.0,47030250.0,27115
2023-05-09 21:05:37,cu2305,cu2305,67150.0,0.0,0.0,0.0,5,67180.0,67230.0,5,67140.0,67190.0,67220.0,67150.0,140.0,47030250.0,27115
2023-05-09 21:05:38,cu2305,cu2305,67150.0,0.0,0.0,0.0,20,67190.0,67240.0,5,67140.0,67190.0,67220.0,67150.0,140.0,47030250.0,27115
2023-05-09 21:05:38,cu2305,cu2305,67150.0,0.0,0.0,0.0,5,67200.0,67230.0,15,67140.0,67190.0,67220.0,67150.0,140.0,47030250.0,27115
2023-05-09 21:05:39,cu2305,cu2305,67150.0,0.0,0.0,0.0,5,67180.0,67220.0,10,67140.0,67190.0,67220.0,67150.0,140.0,47030250.0,27115
2023-05-09 21:05:39,cu2305,cu2305,67150.0,0.0,0.0,0.0,5,67180.0,67220.0,10,67140.0,67190.0,67220.0,67150.0,140.0,47030250.0,27115
2023-05-09 21:05:40,cu2305,cu2305,67150.0,0.0,0.0,0.0,5,67180.0,67220.0,55,67140.0,67190.0,67220.0,67150.0,140.0,47030250.0,27115
2023-05-09 21:05:41,cu2305,cu2305,67150.0,0.0,0.0,0.0,5,67180.0,67220.0,20,67140.0,67190.0,67220.0,67150.0,140.0,47030250.0,27115
2023-05-09 21:05:43,cu2305,cu2305,67150.0,0.0,0.0,0.0,5,67180.0,67220.0,5,67140.0,67190.0,67220.0,67150.0,140.0,47030250.0,27115
2023-05-09 21:05:43,cu2305,cu2305,67150.0,0.0,0.0,0.0,50,67180.0,67230.0,5,67140.0,67190.0,67220.0,67150.0,140.0,47030250.0,27115
2023-05-09 21:05:44,cu2305,cu2305,67150.0,0.0,0.0,0.0,5,67190.0,67230.0,35,67140.0,67190.0,67220.0,67150.0,140.0,47030250.0,27115
2023-05-09 21:05:44,cu2305,cu2305,67150.0,0.0,0.0,0.0,5,67190.0,67220.0,5,67140.0,67190.0,67220.0,67150.0,140.0,47030250.0,27115
2023-05-09 21:05:45,cu2305,cu2305,67150.0,0.0,0.0,0.0,5,67180.0,67220.0,5,67140.0,67190.0,67220.0,67150.0,140.0,47030250.0,27115
2023-05-09 21:05:45,cu2305,cu2305,67150.0,0.0,0.0,0.0,30,67180.0,67220.0,5,67140.0,67190.0,67220.0,67150.0,140.0,47030250.0,27115
2023-05-09 21:05:46,cu2305,cu2305,67150.0,0.0,0.0,0.0,5,67190.0,67220.0,5,67140.0,67190.0,67220.0,67150.0,140.0,47030250.0,27115
2023-05-09 21:05:46,cu2305,cu2305,67150.0,0.0,0.0,0.0,5,67190.0,67220.0,35,67140.0,67190.0,67220.0,67150.0,140.0,47030250.0,27115
2023-05-09 21:05:47,cu2305,cu2305,67150.0,0.0,0.0,0.0,5,67180.0,67220.0,10,67140.0,67190.0,67220.0,67150.0,140.0,47030250.0,27115
2023-05-09 21:05:49,cu2305,cu2305,67150.0,0.0,0.0,0.0,5,67180.0,67220.0,15,67140.0,67190.0,67220.0,67150.0,140.0,47030250.0,27115
2023-05-09 21:05:49,cu2305,cu2305,67150.0,0.0,0.0,0.0,5,67180.0,67220.0,45,67140.0,67190.0,67220.0,67150.0,140.0,47030250.0,27115
2023-05-09 21:05:50,cu2305,cu2305,67150.0,0.0,0.0,0.0,5,67180.0,67210.0,5,67140.0,67190.0,67220.0,67150.0,140.0,47030250.0,27115
2023-05-09 21:05:50,cu2305,cu2305,67150.0,0.0,0.0,0.0,5,67180.0,67210.0,5,67140.0,67190.0,67220.0,67150.0,140.0,47030250.0,27115
2023-05-09 21:05:51,cu2305,cu2305,67150.0,0.0,0.0,0.0,5,67180.0,67230.0,5,67140.0,67190.0,67220.0,67150.0,140.0,47030250.0,27115
2023-05-09 21:05:51,cu2305,cu2305,67150.0,0.0,0.0,0.0,5,67180.0,67220.0,5,67140.0,67190.0,67220.0,67150.0,140.0,47030250.0,27115
2023-05-09 21:05:52,cu2305,cu2305,67150.0,0.0,0.0,0.0,5,67180.0,67220.0,10,67140.0,67190.0,67220.0,67150.0,140.0,47030250.0,27115
2023-05-09 21:05:53,cu2305,cu2305,67150.0,0.0,0.0,0.0,5,67180.0,67210.0,5,67140.0,67190.0,67220.0,67150.0,140.0,47030250.0,27115
2023-05-09 21:05:54,cu2305,cu2305,67150.0,0.0,0.0,0.0,5,67180.0,67210.0,5,67140.0,67190.0,67220.0,67150.0,140.0,47030250.0,27115
2023-05-09 21:05:54,cu2305,cu2305,67150.0,0.0,0.0,0.0,25,67180.0,67270.0,5,67140.0,67190.0,67220.0,67150.0,140.0,47030250.0,27115
2023-05-09 21:05:55,cu2305,cu2305,67150.0,0.0,0.0,0.0,5,67190.0,67220.0,5,67140.0,67190.0,67220.0,67150.0,140.0,47030250.0,27115
2023-05-09 21:05:55,cu2305,cu2305,67150.0,0.0,0.0,0.0,5,67180.0,67250.0,10,67140.0,67190.0,67220.0,67150.0,140.0,47030250.0,27115
2023-05-09 21:05:56,cu2305,cu2305,67150.0,0.0,0.0,0.0,5,67180.0,67230.0,35,67140.0,67190.0,67220.0,67150.0,140.0,47030250.0,27115
2023-05-09 21:05:56,cu2305,cu2305,67150.0,0.0,0.0,0.0,5,67180.0,67230.0,55,67140.0,67190.0,67220.0,67150.0,140.0,47030250.0,27115
2023-05-09 21:05:57,cu2305,cu2305,67150.0,0.0,0.0,0.0,15,67190.0,67270.0,5,67140.0,67190.0,67220.0,67150.0,140.0,47030250.0,27115
2023-05-09 21:05:57,cu2305,cu2305,67150.0,0.0,0.0,0.0,5,67200.0,67240.0,5,67140.0,67190.0,67220.0,67150.0,140.0,47030250.0,27115
2023-05-09 21:05:58,cu2305,cu2305,67150.0,0.0,0.0,0.0,15,67200.0,67330.0,5,67140.0,67190.0,67220.0,67150.0,140.0,47030250.0,27115
2023-05-09 21:05:58,cu2305,cu2305,67150.0,0.0,0.0,0.0,5,67210.0,67250.0,35,67140.0,67190.0,67220.0,67150.0,140.0,47030250.0,27115
2023-05-09 21:05:59,cu2305,cu2305,67150.0,0.0,0.0,0.0,5,67210.0,67240.0,40,67140.0,67190.0,67220.0,67150.0,140.0,47030250.0,27115
2023-05-09 21:05:59,cu2305,cu2305,67150.0,0.0,0.0,0.0,5,67180.0,67270.0,5,67140.0,67190.0,67220.0,67150.0,140.0,47030250.0,27115
2023-05-09 21:06:00,cu2305,cu2305,67150.0,0.0,0.0,0.0,5,67190.0,67250.0,35,67140.0,67190.0,67220.0,67150.0,140.0,47030250.0,27115
2023-05-09 21:06:00,cu2305,cu2305,67150.0,0.0,0.0,0.0,5,67200.0,67240.0,10,67140.0,67190.0,67220.0,67150.0,140.0,47030250.0,27115
2023-05-09 21:06:01,cu2305,cu2305,67150.0,0.0,0.0,0.0,5,67180.0,67240.0,65,67140.0,67190.0,67220.0,67150.0,140.0,47030250.0,27115
2023-05-09 21:06:01,cu2305,cu2305,67150.0,0.0,0.0,0.0,5,67200.0,67240.0,5,67140.0,67190.0,67220.0,67150.0,140.0,47030250.0,27115
2023-05-09 21:06:02,cu2305,cu2305,67150.0,0.0,0.0,0.0,5,67210.0,67240.0,5,67140.0,67190.0,67220.0,67150.0,140.0,47030250.0,27115
2023-05-09 21:06:02,cu2305,cu2305,67150.0,0.0,0.0,0.0,5,67180.0,67240.0,5,67140.0,67190.0,67220.0,67150.0,140.0,47030250.0,27115
2023-05-09 21:06:03,cu2305,cu2305,67150.0,0.0,0.0,0.0,45,67190.0,67240.0,10,67140.0,67190.0,67220.0,67150.0,140.0,47030250.0,27115
2023-05-09 21:06:03,cu2305,cu2305,67150.0,0.0,0.0,0.0,5,67200.0,67230.0,5,67140.0,67190.0,67220.0,67150.0,140.0,47030250.0,27115
2023-05-09 21:06:04,cu2305,cu2305,67150.0,0.0,0.0,0.0,5,67200.0,67230.0,5,67140.0,67190.0,67220.0,67150.0,140.0,47030250.0,27115
2023-05-09 21:06:04,cu2305,cu2305,67150.0,0.0,0.0,0.0,5,67180.0,67270.0,5,67140.0,67190.0,67220.0,67150.0,140.0,47030250.0,27115
2023-05-09 21:06:05,cu2305,cu2305,67150.0,0.0,0.0,0.0,20,67180.0,67240.0,35,67140.0,67190.0,67220.0,67150.0,140.0,47030250.0,27115
2023-05-09 21:06:05,cu2305,cu2305,67150.0,0.0,0.0,0.0,5,67190.0,67240.0,40,67140.0,67190.0,67220.0,67150.0,140.0,47030250.0,27115
2023-05-09 21:06:06,cu2305,cu2305,67150.0,0.0,0.0,0.0,25,67190.0,67230.0,5,67140.0,67190.0,67220.0,67150.0,140.0,47030250.0,27115
2023-05-09 21:06:06,cu2305,cu2305,67150.0,0.0,0.0,0.0,5,67200.0,67230.0,5,67140.0,67190.0,67220.0,67150.0,140.0,47030250.0,27115
2023-05-09 21:06:07,cu2305,cu2305,67150.0,0.0,0.0,0.0,5,67200.0,67260.0,5,67140.0,67190.0,67220.0,67150.0,140.0,47030250.0,27115
2023-05-09 21:06:07,cu2305,cu2305,67150.0,0.0,0.0,0.0,5,67180.0,67250.0,20,67140.0,67190.0,67220.0,67150.0,140.0,47030250.0,27115
2023-05-09 21:06:08,cu2305,cu2305,67150.0,0.0,0.0,0.0,10,67180.0,67230.0,5,67140.0,67190.0,67220.0,67150.0,140.0,47030250.0,27115
2023-05-09 21:06:08,cu2305,cu2305,67150.0,0.0,0.0,0.0,5,67190.0,67220.0,5,67140.0,67190.0,67220.0,67150.0,140.0,47030250.0,27115
2023-05-09 21:06:09,cu2305,cu2305,67150.0,0.0,0.0,0.0,5,67190.0,67220.0,5,67140.0,67190.0,67220.0,67150.0,140.0,47030250.0,27115
2023-05-09 21:06:09,cu2305,cu2305,67150.0,0.0,0.0,0.0,5,67180.0,67260.0,5,67140.0,67190.0,67220.0,67150.0,140.0,47030250.0,27115
2023-05-09 21:06:10,cu2305,cu2305,67150.0,0.0,0.0,0.0,5,67180.0,67220.0,5,67140.0,67190.0,67220.0,67150.0,140.0,47030250.0,27115
2023-05-09 21:06:10,cu2305,cu2305,67150.0,0.0,0.0,0.0,5,67180.0,67220.0,10,67140.0,67190.0,67220.0,67150.0,140.0,47030250.0,27115
2023-05-09 21:06:11,cu2305,cu2305,67150.0,0.0,0.0,0.0,5,67180.0,67210.0,5,67140.0,67190.0,67220.0,67150.0,140.0,47030250.0,27115
2023-05-09 21:06:11,cu2305,cu2305,67150.0,0.0,0.0,0.0,5,67180.0,67210.0,5,67140.0,67190.0,67220.0,67150.0,140.0,47030250.0,27115
2023-05-09 21:06:12,cu2305,cu2305,67150.0,0.0,0.0,0.0,5,67180.0,67220.0,5,67140.0,67190.0,67220.0,67150.0,140.0,47030250.0,27115
2023-05-09 21:06:12,cu2305,cu2305,67150.0,0.0,0.0,0.0,5,67180.0,67220.0,45,67140.0,67190.0,67220.0,67150.0,140.0,47030250.0,27115
2023-05-09 21:06:13,cu2305,cu2305,67150.0,0.0,0.0,0.0,5,67180.0,67210.0,5,67140.0,67190.0,67220.0,67150.0,140.0,47030250.0,27115
2023-05-09 21:06:13,cu2305,cu2305,67150.0,0.0,0.0,0.0,5,67180.0,67210.0,5,67140.0,67190.0,67220.0,67150.0,140.0,47030250.0,27115
2023-05-09 21:06:15,cu2305,cu2305,67150.0,0.0,0.0,0.0,5,67180.0,67210.0,5,67140.0,67190.0,67220.0,67150.0,140.0,47030250.0,27115
2023-05-09 21:06:15,cu2305,cu2305,67150.0,0.0,0.0,0.0,5,67180.0,67210.0,10,67140.0,67190.0,67220.0,67150.0,140.0,47030250.0,27115
2023-05-09 21:06:18,cu2305,cu2305,67150.0,0.0,0.0,0.0,5,67180.0,67200.0,10,67140.0,67190.0,67220.0,67150.0,140.0,47030250.0,27115
2023-05-09 21:06:18,cu2305,cu2305,67150.0,0.0,0.0,0.0,5,67180.0,67200.0,5,67140.0,67190.0,67220.0,67150.0,140.0,47030250.0,27115
2023-05-09 21:06:19,cu2305,cu2305,67150.0,0.0,0.0,0.0,5,67180.0,67250.0,5,67140.0,67190.0,67220.0,67150.0,140.0,47030250.0,27115
2023-05-09 21:06:19,cu2305,cu2305,67150.0,0.0,0.0,0.0,5,67180.0,67210.0,35,67140.0,67190.0,67220.0,67150.0,140.0,47030250.0,27115
2023-05-09 21:06:20,cu2305,cu2305,67150.0,0.0,0.0,0.0,5,67180.0,67210.0,40,67140.0,67190.0,67220.0,67150.0,140.0,47030250.0,27115
2023-05-09 21:06:20,cu2305,cu2305,67150.0,0.0,0.0,0.0,5,67180.0,67200.0,5,67140.0,67190.0,67220.0,67150.0,140.0,47030250.0,27115
2023-05-09 21:06:21,cu2305,cu2305,67150.0,0.0,0.0,0.0,5,67180.0,67200.0,5,67140.0,67190.0,67220.0,67150.0,140.0,47030250.0,27115
2023-05-09 21:06:21,cu2305,cu2305,67150.0,0.0,0.0,0.0,5,67180.0,67220.0,5,67140.0,67190.0,67220.0,67150.0,140.0,47030250.0,27115
2023-05-09 21:06:22,cu2305,cu2305,67150.0,0.0,0.0,0.0,5,67180.0,67210.0,45,67140.0,67190.0,67220.0,67150.0,140.0,47030250.0,27115
2023-05-09 21:06:22,cu2305,cu2305,67150.0,0.0,0.0,0.0,5,67180.0,67200.0,40,67140.0,67190.0,67220.0,67150.0,140.0,47030250.0,27115
2023-05-09 21:06:23,cu2305,cu2305,67150.0,0.0,0.0,0.0,20,67170.0,67200.0,45,67140.0,67190.0,67220.0,67150.0,140.0,47030250.0,27115
2023-05-09 21:06:24,cu2305,cu2305,67150.0,0.0,0.0,0.0,20,67170.0,67200.0,55,67140.0,67190.0,67220.0,67150.0,140.0,47030250.0,27115
2023-05-09 21:06:25,cu2305,cu2305,67150.0,0.0,0.0,0.0,20,67170.0,67200.0,65,67140.0,67190.0,67220.0,67150.0,140.0,47030250.0,27115
2023-05-09 21:06:25,cu2305,cu2305,67150.0,0.0,0.0,0.0,20,67170.0,67200.0,45,67140.0,67190.0,67220.0,67150.0,140.0,47030250.0,27115
2023-05-09 21:06:28,cu2305,cu2305,67150.0,0.0,0.0,0.0,15,67170.0,67200.0,45,67140.0,67190.0,67220.0,67150.0,140.0,47030250.0,27115
2023-05-09 21:06:28,cu2305,cu2305,67150.0,0.0,0.0,0.0,15,67170.0,67200.0,65,67140.0,67190.0,67220.0,67150.0,140.0,47030250.0,27115
2023-05-09 21:06:29,cu2305,cu2305,67150.0,0.0,0.0,0.0,20,67170.0,67200.0,65,67140.0,67190.0,67220.0,67150.0,140.0,47030250.0,27115
2023-05-09 21:06:30,cu2305,cu2305,67150.0,0.0,0.0,0.0,15,67170.0,67190.0,5,67140.0,67190.0,67220.0,67150.0,140.0,47030250.0,27115
2023-05-09 21:06:30,cu2305,cu2305,67150.0,0.0,0.0,0.0,15,67170.0,67190.0,5,67140.0,67190.0,67220.0,67150.0,140.0,47030250.0,27115
2023-05-09 21:06:31,cu2305,cu2305,67150.0,0.0,0.0,0.0,15,67170.0,67200.0,5,67140.0,67190.0,67220.0,67150.0,140.0,47030250.0,27115
2023-05-09 21:06:31,cu2305,cu2305,67150.0,0.0,0.0,0.0,15,67170.0,67200.0,65,67140.0,67190.0,67220.0,67150.0,140.0,47030250.0,27115
2023-05-09 21:06:34,cu2305,cu2305,67150.0,0.0,0.0,0.0,15,67170.0,67190.0,5,67140.0,67190.0,67220.0,67150.0,140.0,47030250.0,27115
2023-05-09 21:06:35,cu2305,cu2305,67150.0,0.0,0.0,0.0,15,67170.0,67190.0,10,67140.0,67190.0,67220.0,67150.0,140.0,47030250.0,27115
2023-05-09 21:06:36,cu2305,cu2305,67150.0,0.0,0.0,0.0,20,67170.0,67190.0,10,67140.0,67190.0,67220.0,67150.0,140.0,47030250.0,27115
2023-05-09 21:06:36,cu2305,cu2305,67150.0,0.0,0.0,0.0,15,67170.0,67190.0,5,67140.0,67190.0,67220.0,67150.0,140.0,47030250.0,27115
2023-05-09 21:06:37,cu2305,cu2305,67150.0,0.0,0.0,0.0,20,67170.0,67200.0,5,67140.0,67190.0,67220.0,67150.0,140.0,47030250.0,27115
2023-05-09 21:06:37,cu2305,cu2305,67150.0,0.0,0.0,0.0,20,67170.0,67200.0,45,67140.0,67190.0,67220.0,67150.0,140.0,47030250.0,27115
2023-05-09 21:06:42,cu2305,cu2305,67150.0,0.0,0.0,0.0,5,67180.0,67200.0,10,67140.0,67190.0,67220.0,67150.0,140.0,47030250.0,27115
2023-05-09 21:06:43,cu2305,cu2305,67150.0,0.0,0.0,0.0,5,67180.0,67200.0,5,67140.0,67190.0,67220.0,67150.0,140.0,47030250.0,27115
2023-05-09 21:06:43,cu2305,cu2305,67150.0,0.0,0.0,0.0,5,67180.0,67230.0,5,67140.0,67190.0,67220.0,67150.0,140.0,47030250.0,27115
2023-05-09 21:06:44,cu2305,cu2305,67150.0,0.0,0.0,0.0,5,67180.0,67210.0,35,67140.0,67190.0,67220.0,67150.0,140.0,47030250.0,27115
2023-05-09 21:06:44,cu2305,cu2305,67150.0,0.0,0.0,0.0,5,67180.0,67210.0,40,67140.0,67190.0,67220.0,67150.0,140.0,47030250.0,27115
2023-05-09 21:06:47,cu2305,cu2305,67150.0,0.0,0.0,0.0,20,67170.0,67200.0,10,67140.0,67190.0,67220.0,67150.0,140.0,47030250.0,27115
2023-05-09 21:06:48,cu2305,cu2305,67150.0,0.0,0.0,0.0,20,67170.0,67200.0,45,67140.0,67190.0,67220.0,67150.0,140.0,47030250.0,27115
2023-05-09 21:06:48,cu2305,cu2305,67150.0,0.0,0.0,0.0,20,67170.0,67200.0,45,67140.0,67190.0,67220.0,67150.0,140.0,47030250.0,27115
2023-05-09 21:06:57,cu2305,cu2305,67150.0,0.0,0.0,0.0,20,67170.0,67200.0,40,67140.0,67190.0,67220.0,67150.0,140.0,47030250.0,27115
2023-05-09 21:07:01,cu2305,cu2305,67150.0,0.0,0.0,0.0,20,67170.0,67190.0,5,67140.0,67190.0,67220.0,67150.0,140.0,47030250.0,27115
2023-05-09 21:07:02,cu2305,cu2305,67150.0,0.0,0.0,0.0,15,67170.0,67190.0,15,67140.0,67190.0,67220.0,67150.0,140.0,47030250.0,27115
2023-05-09 21:07:02,cu2305,cu2305,67150.0,0.0,0.0,0.0,15,67170.0,67190.0,45,67140.0,67190.0,67220.0,67150.0,140.0,47030250.0,27115
2023-05-09 21:07:05,cu2305,cu2305,67150.0,0.0,0.0,0.0,20,67170.0,67190.0,10,67140.0,67190.0,67220.0,67150.0,140.0,47030250.0,27115
2023-05-09 21:07:06,cu2305,cu2305,67150.0,0.0,0.0,0.0,20,67170.0,67190.0,5,67140.0,67190.0,67220.0,67150.0,140.0,47030250.0,27115
2023-05-09 21:07:06,cu2305,cu2305,67150.0,0.0,0.0,0.0,20,67170.0,67230.0,5,67140.0,67190.0,67220.0,67150.0,140.0,47030250.0,27115
2023-05-09 21:07:07,cu2305,cu2305,67150.0,0.0,0.0,0.0,5,67180.0,67200.0,30,67140.0,67190.0,67220.0,67150.0,140.0,47030250.0,27115
2023-05-09 21:07:07,cu2305,cu2305,67150.0,0.0,0.0,0.0,5,67180.0,67200.0,35,67140.0,67190.0,67220.0,67150.0,140.0,47030250.0,27115
2023-05-09 21:07:08,cu2305,cu2305,67150.0,0.0,0.0,0.0,20,67170.0,67190.0,5,67140.0,67190.0,67220.0,67150.0,140.0,47030250.0,27115
2023-05-09 21:07:08,cu2305,cu2305,67150.0,0.0,0.0,0.0,15,67170.0,67190.0,10,67140.0,67190.0,67220.0,67150.0,140.0,47030250.0,27115
2023-05-09 21:07:09,cu2305,cu2305,67150.0,0.0,0.0,0.0,15,67170.0,67190.0,45,67140.0,67190.0,67220.0,67150.0,140.0,47030250.0,27115
2023-05-09 21:07:17,cu2305,cu2305,67170.0,15.0,5037750.0,0.0,10,67160.0,67170.0,35,67140.0,67190.0,67220.0,67150.0,155.0,52068000.0,27115
2023-05-09 21:07:18,cu2305,cu2305,67170.0,0.0,0.0,0.0,10,67160.0,67170.0,35,67140.0,67190.0,67220.0,67150.0,155.0,52068000.0,27115
2023-05-09 21:07:19,cu2305,cu2305,67170.0,0.0,0.0,0.0,10,67160.0,67170.0,35,67140.0,67190.0,67220.0,67150.0,155.0,52068000.0,27115
2023-05-09 21:07:19,cu2305,cu2305,67170.0,20.0,6717000.0,0.0,10,67160.0,67170.0,15,67140.0,67190.0,67220.0,67150.0,175.0,58785000.0,27115
2023-05-09 21:07:20,cu2305,cu2305,67170.0,10.0,3358500.0,0.0,10,67160.0,67170.0,5,67140.0,67190.0,67220.0,67150.0,185.0,62143500.0,27115
2023-05-09 21:07:20,cu2305,cu2305,67170.0,5.0,1679250.0,-5.0,10,67160.0,67190.0,5,67140.0,67190.0,67220.0,67150.0,190.0,63822750.0,27110
2023-05-09 21:07:21,cu2305,cu2305,67170.0,0.0,0.0,0.0,10,67160.0,67190.0,5,67140.0,67190.0,67220.0,67150.0,190.0,63822750.0,27110
2023-05-09 21:07:22,cu2305,cu2305,67160.0,10.0,3358000.0,-5.0,95,67150.0,67160.0,40,67140.0,67190.0,67220.0,67150.0,200.0,67180750.0,27105
2023-05-09 21:07:23,cu2305,cu2305,67160.0,15.0,5037000.0,-5.0,120,67150.0,67160.0,25,67140.0,67190.0,67220.0,67150.0,215.0,72217750.0,27100
2023-05-09 21:07:24,cu2305,cu2305,67160.0,20.0,6716000.0,-5.0,100,67150.0,67160.0,5,67140.0,67190.0,67220.0,67150.0,235.0,78933750.0,27095
2023-05-09 21:07:24,cu2305,cu2305,67160.0,5.0,1679000.0,0.0,25,67160.0,67210.0,5,67140.0,67190.0,67220.0,67150.0,240.0,80612750.0,27095
2023-05-09 21:07:25,cu2305,cu2305,67160.0,0.0,0.0,0.0,20,67160.0,67200.0,30,67140.0,67190.0,67220.0,67150.0,240.0,80612750.0,27095
2023-05-09 21:07:25,cu2305,cu2305,67200.0,5.0,1680000.0,-5.0,20,67160.0,67200.0,25,67140.0,67190.0,67220.0,67150.0,245.0,82292750.0,27090
2023-05-09 21:07:28,cu2305,cu2305,67200.0,0.0,0.0,0.0,20,67160.0,67190.0,5,67140.0,67190.0,67220.0,67150.0,245.0,82292750.0,27090
2023-05-09 21:07:28,cu2305,cu2305,67200.0,0.0,0.0,0.0,20,67160.0,67190.0,5,67140.0,67190.0,67220.0,67150.0,245.0,82292750.0,27090
2023-05-09 21:07:29,cu2305,cu2305,67200.0,0.0,0.0,0.0,20,67160.0,67210.0,5,67140.0,67190.0,67220.0,67150.0,245.0,82292750.0,27090
2023-05-09 21:07:29,cu2305,cu2305,67200.0,0.0,0.0,0.0,20,67160.0,67200.0,25,67140.0,67190.0,67220.0,67150.0,245.0,82292750.0,27090
2023-05-09 21:07:30,cu2305,cu2305,67200.0,0.0,0.0,0.0,20,67160.0,67200.0,25,67140.0,67190.0,67220.0,67150.0,245.0,82292750.0,27090
2023-05-09 21:07:31,cu2305,cu2305,67160.0,20.0,6716000.0,0.0,100,67150.0,67160.0,30,67140.0,67190.0,67220.0,67150.0,265.0,89008750.0,27090
2023-05-09 21:07:31,cu2305,cu2305,67160.0,5.0,1679000.0,0.0,125,67150.0,67160.0,25,67140.0,67190.0,67220.0,67150.0,270.0,90687750.0,27090
2023-05-09 21:07:33,cu2305,cu2305,67160.0,5.0,1679000.0,-5.0,125,67150.0,67160.0,20,67140.0,67190.0,67220.0,67150.0,275.0,92366750.0,27085
2023-05-09 21:07:34,cu2305,cu2305,67160.0,5.0,1679000.0,-5.0,135,67150.0,67160.0,15,67140.0,67190.0,67220.0,67150.0,280.0,94045750.0,27080
2023-05-09 21:07:34,cu2305,cu2305,67160.0,5.0,1679000.0,-5.0,135,67150.0,67160.0,10,67140.0,67190.0,67220.0,67150.0,285.0,95724750.0,27075
2023-05-09 21:07:35,cu2305,cu2305,67160.0,10.0,3358000.0,-5.0,135,67150.0,67210.0,5,67140.0,67190.0,67220.0,67150.0,295.0,99082750.0,27070
2023-05-09 21:07:35,cu2305,cu2305,67160.0,0.0,0.0,0.0,135,67150.0,67200.0,25,67140.0,67190.0,67220.0,67150.0,295.0,99082750.0,27070
2023-05-09 21:07:36,cu2305,cu2305,67160.0,0.0,0.0,0.0,135,67150.0,67190.0,5,67140.0,67190.0,67220.0,67150.0,295.0,99082750.0,27070
2023-05-09 21:07:36,cu2305,cu2305,67160.0,0.0,0.0,0.0,135,67150.0,67190.0,5,67140.0,67190.0,67220.0,67150.0,295.0,99082750.0,27070
2023-05-09 21:07:37,cu2305,cu2305,67160.0,0.0,0.0,0.0,135,67150.0,67210.0,5,67140.0,67190.0,67220.0,67150.0,295.0,99082750.0,27070
2023-05-09 21:07:38,cu2305,cu2305,67160.0,0.0,0.0,0.0,135,67150.0,67210.0,5,67140.0,67190.0,67220.0,67150.0,295.0,99082750.0,27070
2023-05-09 21:07:38,cu2305,cu2305,67160.0,0.0,0.0,0.0,30,67160.0,67210.0,30,67140.0,67190.0,67220.0,67150.0,295.0,99082750.0,27070
2023-05-09 21:07:39,cu2305,cu2305,67160.0,0.0,0.0,0.0,30,67160.0,67210.0,30,67140.0,67190.0,67220.0,67150.0,295.0,99082750.0,27070
2023-05-09 21:07:39,cu2305,cu2305,67160.0,0.0,0.0,0.0,30,67160.0,67200.0,5,67140.0,67190.0,67220.0,67150.0,295.0,99082750.0,27070
2023-05-09 21:07:40,cu2305,cu2305,67160.0,0.0,0.0,0.0,30,67160.0,67200.0,5,67140.0,67190.0,67220.0,67150.0,295.0,99082750.0,27070
2023-05-09 21:07:40,cu2305,cu2305,67160.0,0.0,0.0,0.0,30,67160.0,67310.0,5,67140.0,67190.0,67220.0,67150.0,295.0,99082750.0,27070
2023-05-09 21:07:41,cu2305,cu2305,67160.0,0.0,0.0,0.0,5,67170.0,67210.0,35,67140.0,67190.0,67220.0,67150.0,295.0,99082750.0,27070
2023-05-09 21:07:41,cu2305,cu2305,67160.0,0.0,0.0,0.0,5,67170.0,67210.0,35,67140.0,67190.0,67220.0,67150.0,295.0,99082750.0,27070
2023-05-09 21:07:42,cu2305,cu2305,67160.0,0.0,0.0,0.0,5,67160.0,67200.0,5,67140.0,67190.0,67220.0,67150.0,295.0,99082750.0,27070
2023-05-09 21:07:42,cu2305,cu2305,67160.0,0.0,0.0,0.0,5,67160.0,67200.0,5,67140.0,67190.0,67220.0,67150.0,295.0,99082750.0,27070
2023-05-09 21:07:43,cu2305,cu2305,67160.0,0.0,0.0,0.0,30,67160.0,67220.0,5,67140.0,67190.0,67220.0,67150.0,295.0,99082750.0,27070
2023-05-09 21:07:43,cu2305,cu2305,67160.0,0.0,0.0,0.0,30,67160.0,67210.0,20,67140.0,67190.0,67220.0,67150.0,295.0,99082750.0,27070
2023-05-09 21:07:44,cu2305,cu2305,67160.0,0.0,0.0,0.0,30,67160.0,67200.0,5,67140.0,67190.0,67220.0,67150.0,295.0,99082750.0,27070
2023-05-09 21:07:44,cu2305,cu2305,67160.0,0.0,0.0,0.0,30,67160.0,67200.0,5,67140.0,67190.0,67220.0,67150.0,295.0,99082750.0,27070
2023-05-09 21:07:45,cu2305,cu2305,67160.0,0.0,0.0,0.0,30,67160.0,67220.0,5,67140.0,67190.0,67220.0,67150.0,295.0,99082750.0,27070
2023-05-09 21:07:45,cu2305,cu2305,67160.0,0.0,0.0,0.0,30,67160.0,67210.0,20,67140.0,67190.0,67220.0,67150.0,295.0,99082750.0,27070
2023-05-09 21:07:46,cu2305,cu2305,67160.0,0.0,0.0,0.0,30,67160.0,67210.0,25,67140.0,67190.0,67220.0,67150.0,295.0,99082750.0,27070
2023-05-09 21:07:46,cu2305,cu2305,67160.0,0.0,0.0,0.0,30,67160.0,67200.0,5,67140.0,67190.0,67220.0,67150.0,295.0,99082750.0,27070
2023-05-09 21:07:47,cu2305,cu2305,67160.0,0.0,0.0,0.0,30,67160.0,67200.0,5,67140.0,67190.0,67220.0,67150.0,295.0,99082750.0,27070
2023-05-09 21:07:47,cu2305,cu2305,67160.0,0.0,0.0,0.0,5,67160.0,67200.0,5,67140.0,67190.0,67220.0,67150.0,295.0,99082750.0,27070
2023-05-09 21:07:50,cu2305,cu2305,67160.0,0.0,0.0,0.0,5,67160.0,67200.0,20,67140.0,67190.0,67220.0,67150.0,295.0,99082750.0,27070
2023-05-09 21:07:51,cu2305,cu2305,67160.0,0.0,0.0,0.0,95,67150.0,67190.0,5,67140.0,67190.0,67220.0,67150.0,295.0,99082750.0,27070
2023-05-09 21:07:51,cu2305,cu2305,67160.0,0.0,0.0,0.0,130,67150.0,67190.0,5,67140.0,67190.0,67220.0,67150.0,295.0,99082750.0,27070
2023-05-09 21:07:52,cu2305,cu2305,67160.0,0.0,0.0,0.0,130,67150.0,67220.0,5,67140.0,67190.0,67220.0,67150.0,295.0,99082750.0,27070
2023-05-09 21:07:52,cu2305,cu2305,67160.0,0.0,0.0,0.0,130,67150.0,67200.0,20,67140.0,67190.0,67220.0,67150.0,295.0,99082750.0,27070
2023-05-09 21:07:53,cu2305,cu2305,67160.0,0.0,0.0,0.0,130,67150.0,67200.0,25,67140.0,67190.0,67220.0,67150.0,295.0,99082750.0,27070
2023-05-09 21:07:53,cu2305,cu2305,67160.0,0.0,0.0,0.0,130,67150.0,67190.0,5,67140.0,67190.0,67220.0,67150.0,295.0,99082750.0,27070
2023-05-09 21:07:54,cu2305,cu2305,67160.0,0.0,0.0,0.0,5,67160.0,67190.0,5,67140.0,67190.0,67220.0,67150.0,295.0,99082750.0,27070
2023-05-09 21:07:54,cu2305,cu2305,67160.0,0.0,0.0,0.0,30,67160.0,67220.0,5,67140.0,67190.0,67220.0,67150.0,295.0,99082750.0,27070
2023-05-09 21:07:55,cu2305,cu2305,67160.0,0.0,0.0,0.0,35,67160.0,67210.0,20,67140.0,67190.0,67220.0,67150.0,295.0,99082750.0,27070
2023-05-09 21:07:55,cu2305,cu2305,67160.0,0.0,0.0,0.0,40,67160.0,67210.0,25,67140.0,67190.0,67220.0,67150.0,295.0,99082750.0,27070
2023-05-09 21:07:56,cu2305,cu2305,67160.0,0.0,0.0,0.0,40,67160.0,67200.0,5,67140.0,67190.0,67220.0,67150.0,295.0,99082750.0,27070
2023-05-09 21:07:56,cu2305,cu2305,67160.0,0.0,0.0,0.0,30,67160.0,67200.0,5,67140.0,67190.0,67220.0,67150.0,295.0,99082750.0,27070
2023-05-09 21:07:57,cu2305,cu2305,67160.0,0.0,0.0,0.0,30,67160.0,67220.0,5,67140.0,67190.0,67220.0,67150.0,295.0,99082750.0,27070
2023-05-09 21:07:57,cu2305,cu2305,67160.0,0.0,0.0,0.0,30,67160.0,67210.0,35,67140.0,67190.0,67220.0,67150.0,295.0,99082750.0,27070
2023-05-09 21:07:58,cu2305,cu2305,67160.0,0.0,0.0,0.0,30,67160.0,67200.0,5,67140.0,67190.0,67220.0,67150.0,295.0,99082750.0,27070
2023-05-09 21:07:58,cu2305,cu2305,67160.0,0.0,0.0,0.0,30,67160.0,67200.0,5,67140.0,67190.0,67220.0,67150.0,295.0,99082750.0,27070
2023-05-09 21:07:59,cu2305,cu2305,67160.0,0.0,0.0,0.0,30,67160.0,67220.0,5,67140.0,67190.0,67220.0,67150.0,295.0,99082750.0,27070
2023-05-09 21:07:59,cu2305,cu2305,67160.0,0.0,0.0,0.0,30,67160.0,67210.0,20,67140.0,67190.0,67220.0,67150.0,295.0,99082750.0,27070
2023-05-09 21:08:00,cu2305,cu2305,67160.0,0.0,0.0,0.0,30,67160.0,67210.0,40,67140.0,67190.0,67220.0,67150.0,295.0,99082750.0,27070
2023-05-09 21:08:00,cu2305,cu2305,67160.0,0.0,0.0,0.0,35,67160.0,67200.0,5,67140.0,67190.0,67220.0,67150.0,295.0,99082750.0,27070
2023-05-09 21:08:01,cu2305,cu2305,67160.0,0.0,0.0,0.0,35,67160.0,67200.0,5,67140.0,67190.0,67220.0,67150.0,295.0,99082750.0,27070
2023-05-09 21:08:01,cu2305,cu2305,67160.0,0.0,0.0,0.0,35,67160.0,67220.0,5,67140.0,67190.0,67220.0,67150.0,295.0,99082750.0,27070
2023-05-09 21:08:02,cu2305,cu2305,67160.0,0.0,0.0,0.0,35,67160.0,67210.0,20,67140.0,67190.0,67220.0,67150.0,295.0,99082750.0,27070
2023-05-09 21:08:02,cu2305,cu2305,67160.0,0.0,0.0,0.0,35,67160.0,67210.0,25,67140.0,67190.0,67220.0,67150.0,295.0,99082750.0,27070
2023-05-09 21:08:04,cu2305,cu2305,67160.0,0.0,0.0,0.0,35,67160.0,67200.0,5,67140.0,67190.0,67220.0,67150.0,295.0,99082750.0,27070
2023-05-09 21:08:04,cu2305,cu2305,67160.0,0.0,0.0,0.0,5,67170.0,67200.0,5,67140.0,67190.0,67220.0,67150.0,295.0,99082750.0,27070
2023-05-09 21:08:05,cu2305,cu2305,67160.0,0.0,0.0,0.0,5,67170.0,67220.0,5,67140.0,67190.0,67220.0,67150.0,295.0,99082750.0,27070
2023-05-09 21:08:05,cu2305,cu2305,67160.0,0.0,0.0,0.0,35,67170.0,67220.0,35,67140.0,67190.0,67220.0,67150.0,295.0,99082750.0,27070
2023-05-09 21:08:06,cu2305,cu2305,67160.0,0.0,0.0,0.0,45,67170.0,67220.0,20,67140.0,67190.0,67220.0,67150.0,295.0,99082750.0,27070
2023-05-09 21:08:06,cu2305,cu2305,67160.0,0.0,0.0,0.0,45,67170.0,67220.0,25,67140.0,67190.0,67220.0,67150.0,295.0,99082750.0,27070
2023-05-09 21:08:07,cu2305,cu2305,67160.0,0.0,0.0,0.0,45,67170.0,67210.0,5,67140.0,67190.0,67220.0,67150.0,295.0,99082750.0,27070
2023-05-09 21:08:08,cu2305,cu2305,67160.0,0.0,0.0,0.0,30,67180.0,67210.0,5,67140.0,67190.0,67220.0,67150.0,295.0,99082750.0,27070
2023-05-09 21:08:08,cu2305,cu2305,67160.0,0.0,0.0,0.0,30,67180.0,67290.0,5,67140.0,67190.0,67220.0,67150.0,295.0,99082750.0,27070
2023-05-09 21:08:09,cu2305,cu2305,67160.0,0.0,0.0,0.0,30,67180.0,67230.0,35,67140.0,67190.0,67220.0,67150.0,295.0,99082750.0,27070
2023-05-09 21:08:09,cu2305,cu2305,67160.0,0.0,0.0,0.0,40,67180.0,67230.0,20,67140.0,67190.0,67220.0,67150.0,295.0,99082750.0,27070
2023-05-09 21:08:10,cu2305,cu2305,67160.0,0.0,0.0,0.0,40,67180.0,67220.0,5,67140.0,67190.0,67220.0,67150.0,295.0,99082750.0,27070
2023-05-09 21:08:10,cu2305,cu2305,67160.0,0.0,0.0,0.0,5,67190.0,67220.0,5,67140.0,67190.0,67220.0,67150.0,295.0,99082750.0,27070
2023-05-09 21:08:11,cu2305,cu2305,67160.0,0.0,0.0,0.0,5,67190.0,67240.0,5,67140.0,67190.0,67220.0,67150.0,295.0,99082750.0,27070
2023-05-09 21:08:11,cu2305,cu2305,67160.0,0.0,0.0,0.0,5,67180.0,67230.0,20,67140.0,67190.0,67220.0,67150.0,295.0,99082750.0,27070
2023-05-09 21:08:12,cu2305,cu2305,67160.0,0.0,0.0,0.0,20,67180.0,67220.0,5,67140.0,67190.0,67220.0,67150.0,295.0,99082750.0,27070
2023-05-09 21:08:12,cu2305,cu2305,67160.0,0.0,0.0,0.0,20,67180.0,67220.0,5,67140.0,67190.0,67220.0,67150.0,295.0,99082750.0,27070
2023-05-09 21:08:13,cu2305,cu2305,67160.0,0.0,0.0,0.0,45,67180.0,67240.0,5,67140.0,67190.0,67220.0,67150.0,295.0,99082750.0,27070
2023-05-09 21:08:13,cu2305,cu2305,67160.0,0.0,0.0,0.0,45,67180.0,67230.0,5,67140.0,67190.0,67220.0,67150.0,295.0,99082750.0,27070
2023-05-09 21:08:14,cu2305,cu2305,67160.0,0.0,0.0,0.0,45,67180.0,67230.0,10,67140.0,67190.0,67220.0,67150.0,295.0,99082750.0,27070
2023-05-09 21:08:14,cu2305,cu2305,67160.0,0.0,0.0,0.0,25,67190.0,67230.0,5,67140.0,67190.0,67220.0,67150.0,295.0,99082750.0,27070
2023-05-09 21:08:15,cu2305,cu2305,67160.0,0.0,0.0,0.0,25,67190.0,67270.0,5,67140.0,67190.0,67220.0,67150.0,295.0,99082750.0,27070
2023-05-09 21:08:15,cu2305,cu2305,67160.0,0.0,0.0,0.0,25,67190.0,67240.0,20,67140.0,67190.0,67220.0,67150.0,295.0,99082750.0,27070
2023-05-09 21:08:16,cu2305,cu2305,67160.0,0.0,0.0,0.0,25,67190.0,67240.0,20,67140.0,67190.0,67220.0,67150.0,295.0,99082750.0,27070
2023-05-09 21:08:16,cu2305,cu2305,67160.0,0.0,0.0,0.0,25,67190.0,67230.0,5,67140.0,67190.0,67220.0,67150.0,295.0,99082750.0,27070
2023-05-09 21:08:17,cu2305,cu2305,67160.0,0.0,0.0,0.0,25,67200.0,67210.0,50,67140.0,67190.0,67220.0,67150.0,295.0,99082750.0,27070
2023-05-09 21:08:17,cu2305,cu2305,67160.0,0.0,0.0,0.0,10,67180.0,67210.0,50,67140.0,67190.0,67220.0,67150.0,295.0,99082750.0,27070
2023-05-09 21:08:18,cu2305,cu2305,67160.0,0.0,0.0,0.0,45,67190.0,67210.0,50,67140.0,67190.0,67220.0,67150.0,295.0,99082750.0,27070
2023-05-09 21:08:18,cu2305,cu2305,67210.0,5.0,1680250.0,-5.0,10,67200.0,67210.0,45,67140.0,67190.0,67220.0,67150.0,300.0,100763000.0,27065
2023-05-09 21:08:19,cu2305,cu2305,67210.0,0.0,0.0,0.0,30,67200.0,67210.0,45,67140.0,67190.0,67220.0,67150.0,300.0,100763000.0,27065
2023-05-09 21:08:22,cu2305,cu2305,67210.0,5.0,1680250.0,-5.0,30,67200.0,67210.0,40,67140.0,67190.0,67220.0,67150.0,305.0,102443250.0,27060
2023-05-09 21:08:23,cu2305,cu2305,67210.0,25.0,8401250.0,0.0,75,67200.0,67210.0,15,67140.0,67190.0,67220.0,67150.0,330.0,110844500.0,27060
2023-05-09 21:08:23,cu2305,cu2305,67210.0,0.0,0.0,0.0,15,67200.0,67210.0,15,67140.0,67190.0,67220.0,67150.0,330.0,110844500.0,27060
2023-05-09 21:08:24,cu2305,cu2305,67210.0,0.0,0.0,0.0,5,67200.0,67210.0,15,67140.0,67190.0,67220.0,67150.0,330.0,110844500.0,27060
2023-05-09 21:08:31,cu2305,cu2305,67210.0,0.0,0.0,0.0,5,67190.0,67210.0,15,67140.0,67190.0,67220.0,67150.0,330.0,110844500.0,27060
2023-05-09 21:08:31,cu2305,cu2305,67210.0,0.0,0.0,0.0,10,67180.0,67210.0,15,67140.0,67190.0,67220.0,67150.0,330.0,110844500.0,27060
2023-05-09 21:08:32,cu2305,cu2305,67210.0,0.0,0.0,0.0,15,67180.0,67210.0,15,67140.0,67190.0,67220.0,67150.0,330.0,110844500.0,27060
2023-05-09 21:08:32,cu2305,cu2305,67210.0,0.0,0.0,0.0,5,67180.0,67210.0,20,67140.0,67190.0,67220.0,67150.0,330.0,110844500.0,27060
2023-05-09 21:08:33,cu2305,cu2305,67210.0,0.0,0.0,0.0,5,67170.0,67210.0,20,67140.0,67190.0,67220.0,67150.0,330.0,110844500.0,27060
2023-05-09 21:08:33,cu2305,cu2305,67210.0,0.0,0.0,0.0,5,67180.0,67210.0,15,67140.0,67190.0,67220.0,67150.0,330.0,110844500.0,27060
2023-05-09 21:08:34,cu2305,cu2305,67210.0,0.0,0.0,0.0,75,67180.0,67210.0,15,67140.0,67190.0,67220.0,67150.0,330.0,110844500.0,27060
2023-05-09 21:08:35,cu2305,cu2305,67210.0,0.0,0.0,0.0,80,67180.0,67210.0,15,67140.0,67190.0,67220.0,67150.0,330.0,110844500.0,27060
2023-05-09 21:08:36,cu2305,cu2305,67210.0,0.0,0.0,0.0,5,67190.0,67210.0,15,67140.0,67190.0,67220.0,67150.0,330.0,110844500.0,27060
2023-05-09 21:08:36,cu2305,cu2305,67210.0,0.0,0.0,0.0,10,67190.0,67210.0,15,67140.0,67190.0,67220.0,67150.0,330.0,110844500.0,27060
2023-05-09 21:08:42,cu2305,cu2305,67210.0,0.0,0.0,0.0,5,67190.0,67210.0,15,67140.0,67190.0,67220.0,67150.0,330.0,110844500.0,27060
2023-05-09 21:08:44,cu2305,cu2305,67190.0,5.0,1679750.0,0.0,10,67180.0,67190.0,50,67140.0,67190.0,67220.0,67150.0,335.0,112524250.0,27060
2023-05-09 21:08:45,cu2305,cu2305,67190.0,0.0,0.0,0.0,30,67180.0,67190.0,50,67140.0,67190.0,67220.0,67150.0,335.0,112524250.0,27060
2023-05-09 21:08:45,cu2305,cu2305,67190.0,0.0,0.0,0.0,10,67180.0,67190.0,50,67140.0,67190.0,67220.0,67150.0,335.0,112524250.0,27060
2023-05-09 21:08:54,cu2305,cu2305,67190.0,0.0,0.0,0.0,15,67180.0,67210.0,15,67140.0,67190.0,67220.0,67150.0,335.0,112524250.0,27060
2023-05-09 21:08:58,cu2305,cu2305,67190.0,0.0,0.0,0.0,10,67180.0,67210.0,15,67140.0,67190.0,67220.0,67150.0,335.0,112524250.0,27060
2023-05-09 21:09:03,cu2305,cu2305,67190.0,0.0,0.0,0.0,10,67180.0,67210.0,20,67140.0,67190.0,67220.0,67150.0,335.0,112524250.0,27060
2023-05-09 21:09:04,cu2305,cu2305,67190.0,0.0,0.0,0.0,10,67180.0,67210.0,20,67140.0,67190.0,67220.0,67150.0,335.0,112524250.0,27060
2023-05-09 21:09:07,cu2305,cu2305,67190.0,0.0,0.0,0.0,10,67180.0,67190.0,10,67140.0,67190.0,67220.0,67150.0,335.0,112524250.0,27060
2023-05-09 21:09:10,cu2305,cu2305,67190.0,5.0,1679750.0,0.0,5,67180.0,67190.0,5,67140.0,67190.0,67220.0,67150.0,340.0,114204000.0,27060
2023-05-09 21:09:18,cu2305,cu2305,67190.0,0.0,0.0,0.0,5,67160.0,67190.0,5,67140.0,67190.0,67220.0,67150.0,340.0,114204000.0,27060
2023-05-09 21:09:18,cu2305,cu2305,67190.0,0.0,0.0,0.0,40,67180.0,67190.0,5,67140.0,67190.0,67220.0,67150.0,340.0,114204000.0,27060
2023-05-09 21:09:19,cu2305,cu2305,67190.0,0.0,0.0,0.0,55,67180.0,67190.0,5,67140.0,67190.0,67220.0,67150.0,340.0,114204000.0,27060
2023-05-09 21:09:23,cu2305,cu2305,67190.0,5.0,1679750.0,-5.0,55,67180.0,67210.0,20,67140.0,67190.0,67220.0,67150.0,345.0,115883750.0,27055
2023-05-09 21:09:23,cu2305,cu2305,67190.0,0.0,0.0,0.0,55,67180.0,67210.0,15,67140.0,67190.0,67220.0,67150.0,345.0,115883750.0,27055
2023-05-09 21:09:26,cu2305,cu2305,67190.0,0.0,0.0,0.0,5,67180.0,67210.0,15,67140.0,67190.0,67220.0,67150.0,345.0,115883750.0,27055
2023-05-09 21:09:27,cu2305,cu2305,67190.0,0.0,0.0,0.0,25,67180.0,67210.0,15,67140.0,67190.0,67220.0,67150.0,345.0,115883750.0,27055
2023-05-09 21:09:28,cu2305,cu2305,67190.0,0.0,0.0,0.0,60,67180.0,67210.0,15,67140.0,67190.0,67220.0,67150.0,345.0,115883750.0,27055
2023-05-09 21:09:28,cu2305,cu2305,67190.0,0.0,0.0,0.0,5,67190.0,67210.0,15,67140.0,67190.0,67220.0,67150.0,345.0,115883750.0,27055
2023-05-09 21:09:29,cu2305,cu2305,67190.0,0.0,0.0,0.0,5,67190.0,67210.0,15,67140.0,67190.0,67220.0,67150.0,345.0,115883750.0,27055
2023-05-09 21:09:39,cu2305,cu2305,67190.0,5.0,1679750.0,0.0,5,67180.0,67210.0,15,67140.0,67190.0,67220.0,67150.0,350.0,117563500.0,27055
2023-05-09 21:09:39,cu2305,cu2305,67190.0,0.0,0.0,0.0,65,67180.0,67210.0,15,67140.0,67190.0,67220.0,67150.0,350.0,117563500.0,27055
2023-05-09 21:09:40,cu2305,cu2305,67180.0,10.0,3359000.0,0.0,55,67180.0,67210.0,15,67140.0,67190.0,67220.0,67150.0,360.0,120922500.0,27055
2023-05-09 21:09:40,cu2305,cu2305,67200.0,5.0,1680000.0,0.0,5,67180.0,67200.0,30,67140.0,67190.0,67220.0,67150.0,365.0,122602500.0,27055
2023-05-09 21:09:41,cu2305,cu2305,67200.0,0.0,0.0,0.0,5,67160.0,67200.0,30,67140.0,67190.0,67220.0,67150.0,365.0,122602500.0,27055
2023-05-09 21:09:41,cu2305,cu2305,67200.0,0.0,0.0,0.0,45,67170.0,67200.0,30,67140.0,67190.0,67220.0,67150.0,365.0,122602500.0,27055
2023-05-09 21:09:42,cu2305,cu2305,67200.0,0.0,0.0,0.0,50,67170.0,67200.0,30,67140.0,67190.0,67220.0,67150.0,365.0,122602500.0,27055
2023-05-09 21:09:42,cu2305,cu2305,67200.0,0.0,0.0,0.0,60,67170.0,67200.0,30,67140.0,67190.0,67220.0,67150.0,365.0,122602500.0,27055
2023-05-09 21:09:43,cu2305,cu2305,67200.0,0.0,0.0,0.0,5,67190.0,67200.0,30,67140.0,67190.0,67220.0,67150.0,365.0,122602500.0,27055
2023-05-09 21:09:44,cu2305,cu2305,67190.0,5.0,1679750.0,-5.0,5,67160.0,67200.0,30,67140.0,67190.0,67220.0,67150.0,370.0,124282250.0,27050
2023-05-09 21:09:44,cu2305,cu2305,67190.0,0.0,0.0,0.0,35,67180.0,67200.0,30,67140.0,67190.0,67220.0,67150.0,370.0,124282250.0,27050
2023-05-09 21:09:45,cu2305,cu2305,67190.0,0.0,0.0,0.0,50,67180.0,67200.0,30,67140.0,67190.0,67220.0,67150.0,370.0,124282250.0,27050
2023-05-09 21:09:46,cu2305,cu2305,67190.0,0.0,0.0,0.0,5,67180.0,67200.0,30,67140.0,67190.0,67220.0,67150.0,370.0,124282250.0,27050
2023-05-09 21:09:51,cu2305,cu2305,67190.0,0.0,0.0,0.0,5,67160.0,67180.0,10,67140.0,67190.0,67220.0,67150.0,370.0,124282250.0,27050
2023-05-09 21:09:52,cu2305,cu2305,67180.0,5.0,1679500.0,-5.0,35,67170.0,67180.0,5,67140.0,67190.0,67220.0,67150.0,375.0,125961750.0,27045
2023-05-09 21:09:52,cu2305,cu2305,67180.0,5.0,1679500.0,-5.0,50,67170.0,67200.0,30,67140.0,67190.0,67220.0,67150.0,380.0,127641250.0,27040
2023-05-09 21:09:53,cu2305,cu2305,67180.0,0.0,0.0,0.0,5,67160.0,67200.0,30,67140.0,67190.0,67220.0,67150.0,380.0,127641250.0,27040
2023-05-09 21:09:54,cu2305,cu2305,67180.0,0.0,0.0,0.0,60,67160.0,67200.0,30,67140.0,67190.0,67220.0,67150.0,380.0,127641250.0,27040
2023-05-09 21:09:54,cu2305,cu2305,67180.0,0.0,0.0,0.0,65,67160.0,67200.0,30,67140.0,67190.0,67220.0,67150.0,380.0,127641250.0,27040
2023-05-09 21:09:55,cu2305,cu2305,67180.0,0.0,0.0,0.0,5,67170.0,67200.0,30,67140.0,67190.0,67220.0,67150.0,380.0,127641250.0,27040
2023-05-09 21:09:55,cu2305,cu2305,67180.0,0.0,0.0,0.0,10,67170.0,67200.0,30,67140.0,67190.0,67220.0,67150.0,380.0,127641250.0,27040
2023-05-09 21:09:56,cu2305,cu2305,67180.0,0.0,0.0,0.0,55,67170.0,67200.0,30,67140.0,67190.0,67220.0,67150.0,380.0,127641250.0,27040
2023-05-09 21:09:56,cu2305,cu2305,67180.0,0.0,0.0,0.0,60,67170.0,67200.0,30,67140.0,67190.0,67220.0,67150.0,380.0,127641250.0,27040
2023-05-09 21:09:57,cu2305,cu2305,67180.0,0.0,0.0,0.0,20,67170.0,67200.0,30,67140.0,67190.0,67220.0,67150.0,380.0,127641250.0,27040
2023-05-09 21:09:58,cu2305,cu2305,67180.0,0.0,0.0,0.0,65,67170.0,67200.0,30,67140.0,67190.0,67220.0,67150.0,380.0,127641250.0,27040
2023-05-09 21:10:03,cu2305,cu2305,67180.0,0.0,0.0,0.0,65,67170.0,67180.0,15,67140.0,67190.0,67220.0,67150.0,380.0,127641250.0,27040
2023-05-09 21:10:04,cu2305,cu2305,67180.0,5.0,1679500.0,-5.0,65,67170.0,67180.0,10,67140.0,67190.0,67220.0,67150.0,385.0,129320750.0,27035
