time,symbol_id,symbol_name,last,trade_volume,trade_amount,open_interest_change,bv1,bp1,ap1,av1,yesterday_close,today_open,today_high,today_low,volume,amount,open_interest
2023-05-09 20:59:00,cu2404,cu2404,66700.0,0.0,0.0,0.0,6,66020.0,67400.0,6,66700.0,66640.0,0.0,0.0,0.0,0.0,371
2023-05-09 21:00:01,cu2404,cu2404,66700.0,0.0,0.0,0.0,2,66530.0,67130.0,1,66700.0,66640.0,0.0,0.0,0.0,0.0,371
2023-05-09 21:00:01,cu2404,cu2404,66700.0,0.0,0.0,0.0,2,66530.0,67120.0,2,66700.0,66640.0,0.0,0.0,0.0,0.0,371
2023-05-09 21:00:02,cu2404,cu2404,66700.0,0.0,0.0,0.0,2,66530.0,67010.0,1,66700.0,66640.0,0.0,0.0,0.0,0.0,371
2023-05-09 21:00:02,cu2404,cu2404,66700.0,0.0,0.0,0.0,2,66530.0,67010.0,1,66700.0,66640.0,0.0,0.0,0.0,0.0,371
2023-05-09 21:00:03,cu2404,cu2404,66700.0,0.0,0.0,0.0,2,66530.0,66740.0,1,66700.0,66640.0,0.0,0.0,0.0,0.0,371
2023-05-09 21:00:03,cu2404,cu2404,66700.0,0.0,0.0,0.0,1,66570.0,67010.0,2,66700.0,66640.0,0.0,0.0,0.0,0.0,371
2023-05-09 21:00:04,cu2404,cu2404,66700.0,0.0,0.0,0.0,1,66570.0,67010.0,2,66700.0,66640.0,0.0,0.0,0.0,0.0,371
2023-05-09 21:00:04,cu2404,cu2404,66700.0,0.0,0.0,0.0,2,66580.0,67000.0,3,66700.0,66640.0,0.0,0.0,0.0,0.0,371
2023-05-09 21:00:05,cu2404,cu2404,66700.0,0.0,0.0,0.0,2,66580.0,66750.0,1,66700.0,66640.0,0.0,0.0,0.0,0.0,371
2023-05-09 21:00:05,cu2404,cu2404,66700.0,0.0,0.0,0.0,2,66580.0,66920.0,1,66700.0,66640.0,0.0,0.0,0.0,0.0,371
2023-05-09 21:00:06,cu2404,cu2404,66700.0,0.0,0.0,0.0,4,66580.0,66920.0,1,66700.0,66640.0,0.0,0.0,0.0,0.0,371
2023-05-09 21:00:07,cu2404,cu2404,66700.0,0.0,0.0,0.0,4,66580.0,66750.0,1,66700.0,66640.0,0.0,0.0,0.0,0.0,371
2023-05-09 21:00:07,cu2404,cu2404,66700.0,0.0,0.0,0.0,4,66580.0,66750.0,1,66700.0,66640.0,0.0,0.0,0.0,0.0,371
2023-05-09 21:00:08,cu2404,cu2404,66700.0,0.0,0.0,0.0,4,66580.0,66910.0,2,66700.0,66640.0,0.0,0.0,0.0,0.0,371
2023-05-09 21:00:08,cu2404,cu2404,66700.0,0.0,0.0,0.0,4,66580.0,66750.0,1,66700.0,66640.0,0.0,0.0,0.0,0.0,371
2023-05-09 21:00:09,cu2404,cu2404,66700.0,0.0,0.0,0.0,4,66580.0,66750.0,1,66700.0,66640.0,0.0,0.0,0.0,0.0,371
2023-05-09 21:00:09,cu2404,cu2404,66700.0,0.0,0.0,0.0,4,66580.0,66850.0,1,66700.0,66640.0,0.0,0.0,0.0,0.0,371
2023-05-09 21:00:10,cu2404,cu2404,66700.0,0.0,0.0,0.0,4,66580.0,66760.0,1,66700.0,66640.0,0.0,0.0,0.0,0.0,371
2023-05-09 21:00:10,cu2404,cu2404,66700.0,0.0,0.0,0.0,4,66580.0,66760.0,1,66700.0,66640.0,0.0,0.0,0.0,0.0,371
2023-05-09 21:00:11,cu2404,cu2404,66700.0,0.0,0.0,0.0,1,66590.0,66760.0,1,66700.0,66640.0,0.0,0.0,0.0,0.0,371
2023-05-09 21:00:11,cu2404,cu2404,66700.0,0.0,0.0,0.0,1,66590.0,66760.0,1,66700.0,66640.0,0.0,0.0,0.0,0.0,371
2023-05-09 21:00:12,cu2404,cu2404,66700.0,0.0,0.0,0.0,2,66600.0,66760.0,1,66700.0,66640.0,0.0,0.0,0.0,0.0,371
2023-05-09 21:00:12,cu2404,cu2404,66700.0,0.0,0.0,0.0,2,66600.0,66760.0,1,66700.0,66640.0,0.0,0.0,0.0,0.0,371
2023-05-09 21:00:13,cu2404,cu2404,66700.0,0.0,0.0,0.0,3,66600.0,66760.0,1,66700.0,66640.0,0.0,0.0,0.0,0.0,371
2023-05-09 21:00:13,cu2404,cu2404,66700.0,0.0,0.0,0.0,1,66600.0,66760.0,1,66700.0,66640.0,0.0,0.0,0.0,0.0,371
2023-05-09 21:00:14,cu2404,cu2404,66700.0,0.0,0.0,0.0,1,66600.0,66760.0,1,66700.0,66640.0,0.0,0.0,0.0,0.0,371
2023-05-09 21:00:15,cu2404,cu2404,66700.0,0.0,0.0,0.0,1,66600.0,66760.0,1,66700.0,66640.0,0.0,0.0,0.0,0.0,371
2023-05-09 21:00:16,cu2404,cu2404,66700.0,0.0,0.0,0.0,3,66610.0,66830.0,1,66700.0,66640.0,0.0,0.0,0.0,0.0,371
2023-05-09 21:00:17,cu2404,cu2404,66700.0,0.0,0.0,0.0,3,66610.0,66770.0,1,66700.0,66640.0,0.0,0.0,0.0,0.0,371
2023-05-09 21:00:17,cu2404,cu2404,66700.0,0.0,0.0,0.0,2,66620.0,66770.0,1,66700.0,66640.0,0.0,0.0,0.0,0.0,371
2023-05-09 21:00:18,cu2404,cu2404,66700.0,0.0,0.0,0.0,2,66620.0,66770.0,1,66700.0,66640.0,0.0,0.0,0.0,0.0,371
2023-05-09 21:00:19,cu2404,cu2404,66700.0,0.0,0.0,0.0,2,66610.0,66770.0,1,66700.0,66640.0,0.0,0.0,0.0,0.0,371
2023-05-09 21:00:19,cu2404,cu2404,66700.0,0.0,0.0,0.0,5,66610.0,66770.0,1,66700.0,66640.0,0.0,0.0,0.0,0.0,371
2023-05-09 21:00:20,cu2404,cu2404,66700.0,0.0,0.0,0.0,5,66610.0,66770.0,1,66700.0,66640.0,0.0,0.0,0.0,0.0,371
2023-05-09 21:00:20,cu2404,cu2404,66700.0,0.0,0.0,0.0,5,66610.0,66770.0,1,66700.0,66640.0,0.0,0.0,0.0,0.0,371
2023-05-09 21:00:21,cu2404,cu2404,66700.0,0.0,0.0,0.0,5,66610.0,66770.0,3,66700.0,66640.0,0.0,0.0,0.0,0.0,371
2023-05-09 21:00:22,cu2404,cu2404,66700.0,0.0,0.0,0.0,2,66610.0,66770.0,3,66700.0,66640.0,0.0,0.0,0.0,0.0,371
2023-05-09 21:00:22,cu2404,cu2404,66700.0,0.0,0.0,0.0,2,66620.0,66770.0,3,66700.0,66640.0,0.0,0.0,0.0,0.0,371
2023-05-09 21:00:23,cu2404,cu2404,66700.0,0.0,0.0,0.0,2,66610.0,66770.0,3,66700.0,66640.0,0.0,0.0,0.0,0.0,371
2023-05-09 21:00:24,cu2404,cu2404,66700.0,0.0,0.0,0.0,3,66540.0,66760.0,1,66700.0,66640.0,0.0,0.0,0.0,0.0,371
2023-05-09 21:00:24,cu2404,cu2404,66700.0,0.0,0.0,0.0,1,66580.0,66750.0,1,66700.0,66640.0,0.0,0.0,0.0,0.0,371
2023-05-09 21:00:25,cu2404,cu2404,66700.0,0.0,0.0,0.0,2,66580.0,66740.0,1,66700.0,66640.0,0.0,0.0,0.0,0.0,371
2023-05-09 21:00:25,cu2404,cu2404,66700.0,0.0,0.0,0.0,2,66580.0,66740.0,1,66700.0,66640.0,0.0,0.0,0.0,0.0,371
2023-05-09 21:00:26,cu2404,cu2404,66700.0,0.0,0.0,0.0,3,66580.0,66740.0,1,66700.0,66640.0,0.0,0.0,0.0,0.0,371
2023-05-09 21:00:27,cu2404,cu2404,66700.0,0.0,0.0,0.0,7,66580.0,66740.0,1,66700.0,66640.0,0.0,0.0,0.0,0.0,371
2023-05-09 21:00:27,cu2404,cu2404,66700.0,0.0,0.0,0.0,3,66590.0,66740.0,1,66700.0,66640.0,0.0,0.0,0.0,0.0,371
2023-05-09 21:00:28,cu2404,cu2404,66700.0,0.0,0.0,0.0,3,66590.0,66740.0,1,66700.0,66640.0,0.0,0.0,0.0,0.0,371
2023-05-09 21:00:28,cu2404,cu2404,66700.0,0.0,0.0,0.0,4,66590.0,66740.0,1,66700.0,66640.0,0.0,0.0,0.0,0.0,371
2023-05-09 21:00:29,cu2404,cu2404,66700.0,0.0,0.0,0.0,9,66590.0,66740.0,1,66700.0,66640.0,0.0,0.0,0.0,0.0,371
2023-05-09 21:00:30,cu2404,cu2404,66700.0,0.0,0.0,0.0,8,66590.0,66870.0,1,66700.0,66640.0,0.0,0.0,0.0,0.0,371
2023-05-09 21:00:30,cu2404,cu2404,66700.0,0.0,0.0,0.0,9,66590.0,66770.0,1,66700.0,66640.0,0.0,0.0,0.0,0.0,371
2023-05-09 21:00:31,cu2404,cu2404,66700.0,0.0,0.0,0.0,9,66590.0,66760.0,1,66700.0,66640.0,0.0,0.0,0.0,0.0,371
2023-05-09 21:00:31,cu2404,cu2404,66700.0,0.0,0.0,0.0,1,66600.0,66760.0,1,66700.0,66640.0,0.0,0.0,0.0,0.0,371
2023-05-09 21:00:32,cu2404,cu2404,66700.0,0.0,0.0,0.0,1,66620.0,66760.0,1,66700.0,66640.0,0.0,0.0,0.0,0.0,371
2023-05-09 21:00:32,cu2404,cu2404,66700.0,0.0,0.0,0.0,3,66620.0,66760.0,1,66700.0,66640.0,0.0,0.0,0.0,0.0,371
2023-05-09 21:00:33,cu2404,cu2404,66700.0,0.0,0.0,0.0,1,66630.0,66760.0,1,66700.0,66640.0,0.0,0.0,0.0,0.0,371
2023-05-09 21:00:35,cu2404,cu2404,66700.0,0.0,0.0,0.0,1,66630.0,66760.0,1,66700.0,66640.0,0.0,0.0,0.0,0.0,371
2023-05-09 21:00:36,cu2404,cu2404,66700.0,0.0,0.0,0.0,1,66630.0,66760.0,1,66700.0,66640.0,0.0,0.0,0.0,0.0,371
2023-05-09 21:00:37,cu2404,cu2404,66700.0,0.0,0.0,0.0,2,66630.0,66760.0,1,66700.0,66640.0,0.0,0.0,0.0,0.0,371
2023-05-09 21:00:38,cu2404,cu2404,66700.0,0.0,0.0,0.0,4,66630.0,66760.0,1,66700.0,66640.0,0.0,0.0,0.0,0.0,371
2023-05-09 21:00:38,cu2404,cu2404,66700.0,0.0,0.0,0.0,4,66630.0,66760.0,3,66700.0,66640.0,0.0,0.0,0.0,0.0,371
2023-05-09 21:00:39,cu2404,cu2404,66700.0,0.0,0.0,0.0,4,66630.0,66760.0,3,66700.0,66640.0,0.0,0.0,0.0,0.0,371
2023-05-09 21:00:40,cu2404,cu2404,66700.0,0.0,0.0,0.0,3,66630.0,66760.0,3,66700.0,66640.0,0.0,0.0,0.0,0.0,371
2023-05-09 21:00:40,cu2404,cu2404,66700.0,0.0,0.0,0.0,1,66630.0,66760.0,3,66700.0,66640.0,0.0,0.0,0.0,0.0,371
2023-05-09 21:00:41,cu2404,cu2404,66700.0,0.0,0.0,0.0,1,66630.0,66760.0,2,66700.0,66640.0,0.0,0.0,0.0,0.0,371
2023-05-09 21:00:41,cu2404,cu2404,66700.0,0.0,0.0,0.0,1,66630.0,66760.0,2,66700.0,66640.0,0.0,0.0,0.0,0.0,371
2023-05-09 21:00:42,cu2404,cu2404,66700.0,0.0,0.0,0.0,1,66630.0,66760.0,2,66700.0,66640.0,0.0,0.0,0.0,0.0,371
2023-05-09 21:00:43,cu2404,cu2404,66700.0,0.0,0.0,0.0,1,66630.0,66760.0,2,66700.0,66640.0,0.0,0.0,0.0,0.0,371
2023-05-09 21:00:43,cu2404,cu2404,66700.0,0.0,0.0,0.0,1,66630.0,66760.0,2,66700.0,66640.0,0.0,0.0,0.0,0.0,371
2023-05-09 21:00:44,cu2404,cu2404,66700.0,0.0,0.0,0.0,1,66630.0,66760.0,3,66700.0,66640.0,0.0,0.0,0.0,0.0,371
2023-05-09 21:00:45,cu2404,cu2404,66700.0,0.0,0.0,0.0,1,66630.0,66760.0,3,66700.0,66640.0,0.0,0.0,0.0,0.0,371
2023-05-09 21:00:45,cu2404,cu2404,66700.0,0.0,0.0,0.0,1,66630.0,66760.0,3,66700.0,66640.0,0.0,0.0,0.0,0.0,371
2023-05-09 21:00:46,cu2404,cu2404,66700.0,0.0,0.0,0.0,1,66630.0,66760.0,2,66700.0,66640.0,0.0,0.0,0.0,0.0,371
2023-05-09 21:00:47,cu2404,cu2404,66700.0,0.0,0.0,0.0,1,66630.0,66750.0,1,66700.0,66640.0,0.0,0.0,0.0,0.0,371
2023-05-09 21:00:47,cu2404,cu2404,66700.0,0.0,0.0,0.0,1,66630.0,66740.0,1,66700.0,66640.0,0.0,0.0,0.0,0.0,371
2023-05-09 21:00:48,cu2404,cu2404,66700.0,0.0,0.0,0.0,1,66630.0,66740.0,1,66700.0,66640.0,0.0,0.0,0.0,0.0,371
2023-05-09 21:00:49,cu2404,cu2404,66700.0,0.0,0.0,0.0,1,66630.0,66740.0,2,66700.0,66640.0,0.0,0.0,0.0,0.0,371
2023-05-09 21:00:50,cu2404,cu2404,66700.0,0.0,0.0,0.0,3,66540.0,66740.0,1,66700.0,66640.0,0.0,0.0,0.0,0.0,371
2023-05-09 21:00:51,cu2404,cu2404,66700.0,0.0,0.0,0.0,1,66570.0,66740.0,1,66700.0,66640.0,0.0,0.0,0.0,0.0,371
2023-05-09 21:00:51,cu2404,cu2404,66700.0,0.0,0.0,0.0,1,66580.0,66740.0,2,66700.0,66640.0,0.0,0.0,0.0,0.0,371
2023-05-09 21:00:52,cu2404,cu2404,66700.0,0.0,0.0,0.0,1,66580.0,66740.0,3,66700.0,66640.0,0.0,0.0,0.0,0.0,371
2023-05-09 21:00:53,cu2404,cu2404,66700.0,0.0,0.0,0.0,1,66580.0,66740.0,3,66700.0,66640.0,0.0,0.0,0.0,0.0,371
2023-05-09 21:00:53,cu2404,cu2404,66700.0,0.0,0.0,0.0,1,66580.0,66740.0,3,66700.0,66640.0,0.0,0.0,0.0,0.0,371
2023-05-09 21:00:54,cu2404,cu2404,66700.0,0.0,0.0,0.0,3,66590.0,66740.0,2,66700.0,66640.0,0.0,0.0,0.0,0.0,371
2023-05-09 21:00:54,cu2404,cu2404,66700.0,0.0,0.0,0.0,3,66590.0,66740.0,2,66700.0,66640.0,0.0,0.0,0.0,0.0,371
2023-05-09 21:00:55,cu2404,cu2404,66700.0,0.0,0.0,0.0,1,66600.0,66740.0,2,66700.0,66640.0,0.0,0.0,0.0,0.0,371
2023-05-09 21:00:56,cu2404,cu2404,66700.0,0.0,0.0,0.0,1,66600.0,66730.0,1,66700.0,66640.0,0.0,0.0,0.0,0.0,371
2023-05-09 21:00:56,cu2404,cu2404,66700.0,0.0,0.0,0.0,1,66600.0,66720.0,1,66700.0,66640.0,0.0,0.0,0.0,0.0,371
2023-05-09 21:00:58,cu2404,cu2404,66700.0,0.0,0.0,0.0,1,66600.0,66720.0,1,66700.0,66640.0,0.0,0.0,0.0,0.0,371
2023-05-09 21:01:00,cu2404,cu2404,66700.0,0.0,0.0,0.0,1,66600.0,66720.0,2,66700.0,66640.0,0.0,0.0,0.0,0.0,371
2023-05-09 21:01:00,cu2404,cu2404,66700.0,0.0,0.0,0.0,1,66600.0,66710.0,1,66700.0,66640.0,0.0,0.0,0.0,0.0,371
2023-05-09 21:01:01,cu2404,cu2404,66700.0,0.0,0.0,0.0,1,66600.0,66710.0,2,66700.0,66640.0,0.0,0.0,0.0,0.0,371
2023-05-09 21:01:04,cu2404,cu2404,66700.0,0.0,0.0,0.0,1,66600.0,66700.0,1,66700.0,66640.0,0.0,0.0,0.0,0.0,371
2023-05-09 21:01:05,cu2404,cu2404,66700.0,0.0,0.0,0.0,1,66600.0,66700.0,1,66700.0,66640.0,0.0,0.0,0.0,0.0,371
2023-05-09 21:01:05,cu2404,cu2404,66700.0,0.0,0.0,0.0,1,66600.0,66700.0,1,66700.0,66640.0,0.0,0.0,0.0,0.0,371
2023-05-09 21:01:06,cu2404,cu2404,66700.0,0.0,0.0,0.0,1,66600.0,66700.0,2,66700.0,66640.0,0.0,0.0,0.0,0.0,371
2023-05-09 21:01:06,cu2404,cu2404,66700.0,0.0,0.0,0.0,1,66600.0,66690.0,1,66700.0,66640.0,0.0,0.0,0.0,0.0,371
2023-05-09 21:01:07,cu2404,cu2404,66700.0,0.0,0.0,0.0,3,66540.0,66690.0,2,66700.0,66640.0,0.0,0.0,0.0,0.0,371
2023-05-09 21:01:07,cu2404,cu2404,66700.0,0.0,0.0,0.0,3,66550.0,66690.0,2,66700.0,66640.0,0.0,0.0,0.0,0.0,371
2023-05-09 21:01:08,cu2404,cu2404,66700.0,0.0,0.0,0.0,1,66560.0,66690.0,2,66700.0,66640.0,0.0,0.0,0.0,0.0,371
2023-05-09 21:01:09,cu2404,cu2404,66700.0,0.0,0.0,0.0,1,66560.0,66680.0,1,66700.0,66640.0,0.0,0.0,0.0,0.0,371
2023-05-09 21:01:09,cu2404,cu2404,66700.0,0.0,0.0,0.0,1,66560.0,66680.0,1,66700.0,66640.0,0.0,0.0,0.0,0.0,371
2023-05-09 21:01:10,cu2404,cu2404,66700.0,0.0,0.0,0.0,1,66560.0,66680.0,1,66700.0,66640.0,0.0,0.0,0.0,0.0,371
2023-05-09 21:01:10,cu2404,cu2404,66700.0,0.0,0.0,0.0,1,66560.0,66680.0,1,66700.0,66640.0,0.0,0.0,0.0,0.0,371
2023-05-09 21:01:11,cu2404,cu2404,66700.0,0.0,0.0,0.0,1,66560.0,66670.0,1,66700.0,66640.0,0.0,0.0,0.0,0.0,371
2023-05-09 21:01:12,cu2404,cu2404,66700.0,0.0,0.0,0.0,1,66560.0,66670.0,1,66700.0,66640.0,0.0,0.0,0.0,0.0,371
2023-05-09 21:01:13,cu2404,cu2404,66700.0,0.0,0.0,0.0,1,66560.0,66710.0,1,66700.0,66640.0,0.0,0.0,0.0,0.0,371
2023-05-09 21:01:14,cu2404,cu2404,66700.0,0.0,0.0,0.0,1,66560.0,66690.0,1,66700.0,66640.0,0.0,0.0,0.0,0.0,371
2023-05-09 21:01:14,cu2404,cu2404,66700.0,0.0,0.0,0.0,1,66560.0,66680.0,1,66700.0,66640.0,0.0,0.0,0.0,0.0,371
2023-05-09 21:01:15,cu2404,cu2404,66700.0,0.0,0.0,0.0,1,66560.0,66680.0,1,66700.0,66640.0,0.0,0.0,0.0,0.0,371
2023-05-09 21:01:16,cu2404,cu2404,66700.0,0.0,0.0,0.0,1,66560.0,66680.0,1,66700.0,66640.0,0.0,0.0,0.0,0.0,371
2023-05-09 21:01:16,cu2404,cu2404,66700.0,0.0,0.0,0.0,1,66560.0,66680.0,1,66700.0,66640.0,0.0,0.0,0.0,0.0,371
2023-05-09 21:01:17,cu2404,cu2404,66700.0,0.0,0.0,0.0,4,66560.0,66680.0,1,66700.0,66640.0,0.0,0.0,0.0,0.0,371
2023-05-09 21:01:18,cu2404,cu2404,66700.0,0.0,0.0,0.0,4,66560.0,66670.0,1,66700.0,66640.0,0.0,0.0,0.0,0.0,371
2023-05-09 21:01:18,cu2404,cu2404,66700.0,0.0,0.0,0.0,4,66560.0,66670.0,1,66700.0,66640.0,0.0,0.0,0.0,0.0,371
2023-05-09 21:01:20,cu2404,cu2404,66700.0,0.0,0.0,0.0,1,66560.0,66710.0,1,66700.0,66640.0,0.0,0.0,0.0,0.0,371
2023-05-09 21:01:20,cu2404,cu2404,66700.0,0.0,0.0,0.0,1,66560.0,66700.0,3,66700.0,66640.0,0.0,0.0,0.0,0.0,371
2023-05-09 21:01:21,cu2404,cu2404,66700.0,0.0,0.0,0.0,1,66560.0,66700.0,3,66700.0,66640.0,0.0,0.0,0.0,0.0,371
2023-05-09 21:01:22,cu2404,cu2404,66700.0,0.0,0.0,0.0,1,66560.0,66700.0,4,66700.0,66640.0,0.0,0.0,0.0,0.0,371
2023-05-09 21:01:23,cu2404,cu2404,66700.0,0.0,0.0,0.0,1,66560.0,66700.0,4,66700.0,66640.0,0.0,0.0,0.0,0.0,371
2023-05-09 21:01:24,cu2404,cu2404,66700.0,0.0,0.0,0.0,4,66560.0,66700.0,2,66700.0,66640.0,0.0,0.0,0.0,0.0,371
2023-05-09 21:01:25,cu2404,cu2404,66700.0,0.0,0.0,0.0,4,66560.0,66700.0,3,66700.0,66640.0,0.0,0.0,0.0,0.0,371
2023-05-09 21:01:25,cu2404,cu2404,66700.0,0.0,0.0,0.0,1,66570.0,66700.0,2,66700.0,66640.0,0.0,0.0,0.0,0.0,371
2023-05-09 21:01:26,cu2404,cu2404,66700.0,0.0,0.0,0.0,3,66560.0,66700.0,3,66700.0,66640.0,0.0,0.0,0.0,0.0,371
2023-05-09 21:01:26,cu2404,cu2404,66700.0,0.0,0.0,0.0,1,66580.0,66700.0,2,66700.0,66640.0,0.0,0.0,0.0,0.0,371
2023-05-09 21:01:27,cu2404,cu2404,66700.0,0.0,0.0,0.0,3,66560.0,66700.0,2,66700.0,66640.0,0.0,0.0,0.0,0.0,371
2023-05-09 21:01:27,cu2404,cu2404,66700.0,0.0,0.0,0.0,1,66590.0,66700.0,2,66700.0,66640.0,0.0,0.0,0.0,0.0,371
2023-05-09 21:01:28,cu2404,cu2404,66700.0,0.0,0.0,0.0,3,66560.0,66700.0,3,66700.0,66640.0,0.0,0.0,0.0,0.0,371
2023-05-09 21:01:29,cu2404,cu2404,66700.0,0.0,0.0,0.0,1,66570.0,66700.0,4,66700.0,66640.0,0.0,0.0,0.0,0.0,371
2023-05-09 21:01:30,cu2404,cu2404,66700.0,0.0,0.0,0.0,1,66570.0,66700.0,4,66700.0,66640.0,0.0,0.0,0.0,0.0,371
2023-05-09 21:01:36,cu2404,cu2404,66700.0,0.0,0.0,0.0,1,66570.0,66700.0,3,66700.0,66640.0,0.0,0.0,0.0,0.0,371
2023-05-09 21:01:39,cu2404,cu2404,66700.0,0.0,0.0,0.0,1,66570.0,66700.0,2,66700.0,66640.0,0.0,0.0,0.0,0.0,371
2023-05-09 21:01:40,cu2404,cu2404,66700.0,0.0,0.0,0.0,4,66570.0,66700.0,2,66700.0,66640.0,0.0,0.0,0.0,0.0,371
2023-05-09 21:01:42,cu2404,cu2404,66700.0,0.0,0.0,0.0,1,66580.0,66700.0,2,66700.0,66640.0,0.0,0.0,0.0,0.0,371
2023-05-09 21:01:42,cu2404,cu2404,66700.0,0.0,0.0,0.0,3,66570.0,66700.0,2,66700.0,66640.0,0.0,0.0,0.0,0.0,371
2023-05-09 21:01:43,cu2404,cu2404,66700.0,0.0,0.0,0.0,1,66580.0,66700.0,2,66700.0,66640.0,0.0,0.0,0.0,0.0,371
2023-05-09 21:01:46,cu2404,cu2404,66700.0,0.0,0.0,0.0,1,66580.0,66700.0,3,66700.0,66640.0,0.0,0.0,0.0,0.0,371
2023-05-09 21:01:49,cu2404,cu2404,66700.0,0.0,0.0,0.0,1,66580.0,66700.0,4,66700.0,66640.0,0.0,0.0,0.0,0.0,371
2023-05-09 21:01:51,cu2404,cu2404,66700.0,0.0,0.0,0.0,1,66580.0,66700.0,3,66700.0,66640.0,0.0,0.0,0.0,0.0,371
2023-05-09 21:01:54,cu2404,cu2404,66700.0,0.0,0.0,0.0,1,66580.0,66700.0,2,66700.0,66640.0,0.0,0.0,0.0,0.0,371
2023-05-09 21:01:57,cu2404,cu2404,66700.0,0.0,0.0,0.0,1,66590.0,66700.0,2,66700.0,66640.0,0.0,0.0,0.0,0.0,371
2023-05-09 21:01:58,cu2404,cu2404,66700.0,0.0,0.0,0.0,1,66590.0,66700.0,2,66700.0,66640.0,0.0,0.0,0.0,0.0,371
2023-05-09 21:01:58,cu2404,cu2404,66700.0,0.0,0.0,0.0,2,66590.0,66680.0,2,66700.0,66640.0,0.0,0.0,0.0,0.0,371
2023-05-09 21:01:59,cu2404,cu2404,66700.0,0.0,0.0,0.0,2,66590.0,66670.0,1,66700.0,66640.0,0.0,0.0,0.0,0.0,371
2023-05-09 21:02:00,cu2404,cu2404,66700.0,0.0,0.0,0.0,2,66590.0,66680.0,2,66700.0,66640.0,0.0,0.0,0.0,0.0,371
2023-05-09 21:02:01,cu2404,cu2404,66700.0,0.0,0.0,0.0,1,66590.0,66670.0,1,66700.0,66640.0,0.0,0.0,0.0,0.0,371
2023-05-09 21:02:01,cu2404,cu2404,66700.0,0.0,0.0,0.0,1,66600.0,66670.0,1,66700.0,66640.0,0.0,0.0,0.0,0.0,371
2023-05-09 21:02:02,cu2404,cu2404,66700.0,0.0,0.0,0.0,2,66540.0,66670.0,1,66700.0,66640.0,0.0,0.0,0.0,0.0,371
2023-05-09 21:02:02,cu2404,cu2404,66700.0,0.0,0.0,0.0,4,66550.0,66670.0,1,66700.0,66640.0,0.0,0.0,0.0,0.0,371
2023-05-09 21:02:03,cu2404,cu2404,66700.0,0.0,0.0,0.0,1,66560.0,66670.0,1,66700.0,66640.0,0.0,0.0,0.0,0.0,371
2023-05-09 21:02:03,cu2404,cu2404,66700.0,0.0,0.0,0.0,1,66570.0,66670.0,1,66700.0,66640.0,0.0,0.0,0.0,0.0,371
2023-05-09 21:02:04,cu2404,cu2404,66700.0,0.0,0.0,0.0,1,66570.0,66670.0,1,66700.0,66640.0,0.0,0.0,0.0,0.0,371
2023-05-09 21:02:04,cu2404,cu2404,66700.0,0.0,0.0,0.0,1,66580.0,66670.0,1,66700.0,66640.0,0.0,0.0,0.0,0.0,371
2023-05-09 21:02:05,cu2404,cu2404,66700.0,0.0,0.0,0.0,2,66580.0,66670.0,1,66700.0,66640.0,0.0,0.0,0.0,0.0,371
2023-05-09 21:02:06,cu2404,cu2404,66700.0,0.0,0.0,0.0,2,66580.0,66670.0,1,66700.0,66640.0,0.0,0.0,0.0,0.0,371
2023-05-09 21:02:10,cu2404,cu2404,66700.0,0.0,0.0,0.0,1,66580.0,66670.0,1,66700.0,66640.0,0.0,0.0,0.0,0.0,371
2023-05-09 21:02:10,cu2404,cu2404,66700.0,0.0,0.0,0.0,1,66580.0,66670.0,2,66700.0,66640.0,0.0,0.0,0.0,0.0,371
2023-05-09 21:02:11,cu2404,cu2404,66700.0,0.0,0.0,0.0,1,66580.0,66670.0,1,66700.0,66640.0,0.0,0.0,0.0,0.0,371
2023-05-09 21:02:11,cu2404,cu2404,66700.0,0.0,0.0,0.0,1,66580.0,66670.0,2,66700.0,66640.0,0.0,0.0,0.0,0.0,371
2023-05-09 21:02:12,cu2404,cu2404,66700.0,0.0,0.0,0.0,3,66590.0,66670.0,2,66700.0,66640.0,0.0,0.0,0.0,0.0,371
2023-05-09 21:02:12,cu2404,cu2404,66700.0,0.0,0.0,0.0,1,66490.0,66670.0,2,66700.0,66640.0,0.0,0.0,0.0,0.0,371
2023-05-09 21:02:13,cu2404,cu2404,66700.0,0.0,0.0,0.0,6,66500.0,66670.0,1,66700.0,66640.0,0.0,0.0,0.0,0.0,371
2023-05-09 21:02:13,cu2404,cu2404,66700.0,0.0,0.0,0.0,5,66510.0,66670.0,1,66700.0,66640.0,0.0,0.0,0.0,0.0,371
2023-05-09 21:02:14,cu2404,cu2404,66700.0,0.0,0.0,0.0,1,66520.0,66670.0,1,66700.0,66640.0,0.0,0.0,0.0,0.0,371
2023-05-09 21:02:14,cu2404,cu2404,66700.0,0.0,0.0,0.0,2,66520.0,66670.0,1,66700.0,66640.0,0.0,0.0,0.0,0.0,371
2023-05-09 21:02:15,cu2404,cu2404,66700.0,0.0,0.0,0.0,1,66530.0,66670.0,1,66700.0,66640.0,0.0,0.0,0.0,0.0,371
2023-05-09 21:02:15,cu2404,cu2404,66700.0,0.0,0.0,0.0,1,66540.0,66670.0,1,66700.0,66640.0,0.0,0.0,0.0,0.0,371
2023-05-09 21:02:16,cu2404,cu2404,66700.0,0.0,0.0,0.0,2,66550.0,66670.0,1,66700.0,66640.0,0.0,0.0,0.0,0.0,371
2023-05-09 21:02:16,cu2404,cu2404,66700.0,0.0,0.0,0.0,2,66560.0,66670.0,1,66700.0,66640.0,0.0,0.0,0.0,0.0,371
2023-05-09 21:02:18,cu2404,cu2404,66700.0,0.0,0.0,0.0,2,66560.0,66670.0,2,66700.0,66640.0,0.0,0.0,0.0,0.0,371
2023-05-09 21:02:18,cu2404,cu2404,66700.0,0.0,0.0,0.0,2,66560.0,66670.0,1,66700.0,66640.0,0.0,0.0,0.0,0.0,371
2023-05-09 21:02:19,cu2404,cu2404,66700.0,0.0,0.0,0.0,2,66560.0,66670.0,2,66700.0,66640.0,0.0,0.0,0.0,0.0,371
2023-05-09 21:02:20,cu2404,cu2404,66700.0,0.0,0.0,0.0,2,66560.0,66670.0,1,66700.0,66640.0,0.0,0.0,0.0,0.0,371
2023-05-09 21:02:33,cu2404,cu2404,66700.0,0.0,0.0,0.0,1,66560.0,66670.0,1,66700.0,66640.0,0.0,0.0,0.0,0.0,371
2023-05-09 21:02:37,cu2404,cu2404,66700.0,0.0,0.0,0.0,1,66570.0,66670.0,1,66700.0,66640.0,0.0,0.0,0.0,0.0,371
2023-05-09 21:02:38,cu2404,cu2404,66700.0,0.0,0.0,0.0,1,66580.0,66670.0,1,66700.0,66640.0,0.0,0.0,0.0,0.0,371
2023-05-09 21:02:38,cu2404,cu2404,66700.0,0.0,0.0,0.0,1,66580.0,66670.0,1,66700.0,66640.0,0.0,0.0,0.0,0.0,371
2023-05-09 21:02:40,cu2404,cu2404,66700.0,0.0,0.0,0.0,3,66500.0,66670.0,1,66700.0,66640.0,0.0,0.0,0.0,0.0,371
2023-05-09 21:02:41,cu2404,cu2404,66700.0,0.0,0.0,0.0,6,66510.0,66670.0,1,66700.0,66640.0,0.0,0.0,0.0,0.0,371
2023-05-09 21:02:44,cu2404,cu2404,66700.0,0.0,0.0,0.0,1,66520.0,66670.0,1,66700.0,66640.0,0.0,0.0,0.0,0.0,371
2023-05-09 21:02:44,cu2404,cu2404,66700.0,0.0,0.0,0.0,1,66530.0,66690.0,1,66700.0,66640.0,0.0,0.0,0.0,0.0,371
2023-05-09 21:02:45,cu2404,cu2404,66700.0,0.0,0.0,0.0,3,66540.0,66680.0,3,66700.0,66640.0,0.0,0.0,0.0,0.0,371
2023-05-09 21:02:45,cu2404,cu2404,66700.0,0.0,0.0,0.0,2,66550.0,66680.0,3,66700.0,66640.0,0.0,0.0,0.0,0.0,371
2023-05-09 21:02:46,cu2404,cu2404,66700.0,0.0,0.0,0.0,2,66550.0,66670.0,1,66700.0,66640.0,0.0,0.0,0.0,0.0,371
2023-05-09 21:02:46,cu2404,cu2404,66700.0,0.0,0.0,0.0,2,66550.0,66670.0,1,66700.0,66640.0,0.0,0.0,0.0,0.0,371
2023-05-09 21:02:47,cu2404,cu2404,66700.0,0.0,0.0,0.0,2,66550.0,66670.0,1,66700.0,66640.0,0.0,0.0,0.0,0.0,371
2023-05-09 21:02:48,cu2404,cu2404,66700.0,0.0,0.0,0.0,2,66550.0,66700.0,1,66700.0,66640.0,0.0,0.0,0.0,0.0,371
2023-05-09 21:02:48,cu2404,cu2404,66700.0,0.0,0.0,0.0,2,66550.0,66690.0,2,66700.0,66640.0,0.0,0.0,0.0,0.0,371
2023-05-09 21:02:49,cu2404,cu2404,66700.0,0.0,0.0,0.0,2,66550.0,66680.0,1,66700.0,66640.0,0.0,0.0,0.0,0.0,371
2023-05-09 21:02:49,cu2404,cu2404,66700.0,0.0,0.0,0.0,2,66550.0,66680.0,2,66700.0,66640.0,0.0,0.0,0.0,0.0,371
2023-05-09 21:02:51,cu2404,cu2404,66700.0,0.0,0.0,0.0,2,66550.0,66680.0,2,66700.0,66640.0,0.0,0.0,0.0,0.0,371
2023-05-09 21:02:52,cu2404,cu2404,66700.0,0.0,0.0,0.0,2,66550.0,66670.0,1,66700.0,66640.0,0.0,0.0,0.0,0.0,371
2023-05-09 21:02:53,cu2404,cu2404,66700.0,0.0,0.0,0.0,5,66550.0,66660.0,1,66700.0,66640.0,0.0,0.0,0.0,0.0,371
2023-05-09 21:02:54,cu2404,cu2404,66700.0,0.0,0.0,0.0,5,66550.0,66710.0,1,66700.0,66640.0,0.0,0.0,0.0,0.0,371
2023-05-09 21:02:54,cu2404,cu2404,66700.0,0.0,0.0,0.0,5,66550.0,66700.0,2,66700.0,66640.0,0.0,0.0,0.0,0.0,371
2023-05-09 21:02:55,cu2404,cu2404,66700.0,0.0,0.0,0.0,5,66550.0,66700.0,4,66700.0,66640.0,0.0,0.0,0.0,0.0,371
2023-05-09 21:02:55,cu2404,cu2404,66700.0,0.0,0.0,0.0,2,66550.0,66700.0,4,66700.0,66640.0,0.0,0.0,0.0,0.0,371
2023-05-09 21:02:56,cu2404,cu2404,66700.0,0.0,0.0,0.0,3,66560.0,66700.0,4,66700.0,66640.0,0.0,0.0,0.0,0.0,371
2023-05-09 21:02:56,cu2404,cu2404,66700.0,0.0,0.0,0.0,1,66570.0,66700.0,3,66700.0,66640.0,0.0,0.0,0.0,0.0,371
2023-05-09 21:02:57,cu2404,cu2404,66700.0,0.0,0.0,0.0,1,66580.0,66680.0,1,66700.0,66640.0,0.0,0.0,0.0,0.0,371
2023-05-09 21:02:57,cu2404,cu2404,66700.0,0.0,0.0,0.0,1,66590.0,66700.0,1,66700.0,66640.0,0.0,0.0,0.0,0.0,371
2023-05-09 21:02:58,cu2404,cu2404,66700.0,0.0,0.0,0.0,1,66590.0,66700.0,2,66700.0,66640.0,0.0,0.0,0.0,0.0,371
2023-05-09 21:02:58,cu2404,cu2404,66700.0,0.0,0.0,0.0,2,66590.0,66700.0,3,66700.0,66640.0,0.0,0.0,0.0,0.0,371
2023-05-09 21:02:59,cu2404,cu2404,66700.0,0.0,0.0,0.0,2,66590.0,66700.0,4,66700.0,66640.0,0.0,0.0,0.0,0.0,371
2023-05-09 21:03:02,cu2404,cu2404,66700.0,0.0,0.0,0.0,2,66590.0,66700.0,3,66700.0,66640.0,0.0,0.0,0.0,0.0,371
2023-05-09 21:03:02,cu2404,cu2404,66700.0,0.0,0.0,0.0,2,66590.0,66700.0,2,66700.0,66640.0,0.0,0.0,0.0,0.0,371
2023-05-09 21:03:03,cu2404,cu2404,66700.0,0.0,0.0,0.0,2,66590.0,66700.0,3,66700.0,66640.0,0.0,0.0,0.0,0.0,371
2023-05-09 21:03:07,cu2404,cu2404,66700.0,0.0,0.0,0.0,2,66590.0,66700.0,2,66700.0,66640.0,0.0,0.0,0.0,0.0,371
2023-05-09 21:03:08,cu2404,cu2404,66700.0,0.0,0.0,0.0,2,66590.0,66700.0,1,66700.0,66640.0,0.0,0.0,0.0,0.0,371
2023-05-09 21:03:08,cu2404,cu2404,66700.0,0.0,0.0,0.0,2,66590.0,66700.0,1,66700.0,66640.0,0.0,0.0,0.0,0.0,371
2023-05-09 21:03:09,cu2404,cu2404,66700.0,0.0,0.0,0.0,2,66590.0,66700.0,1,66700.0,66640.0,0.0,0.0,0.0,0.0,371
2023-05-09 21:03:10,cu2404,cu2404,66700.0,0.0,0.0,0.0,2,66590.0,66700.0,2,66700.0,66640.0,0.0,0.0,0.0,0.0,371
2023-05-09 21:03:11,cu2404,cu2404,66700.0,0.0,0.0,0.0,2,66590.0,66700.0,1,66700.0,66640.0,0.0,0.0,0.0,0.0,371
2023-05-09 21:03:11,cu2404,cu2404,66700.0,0.0,0.0,0.0,2,66590.0,66700.0,1,66700.0,66640.0,0.0,0.0,0.0,0.0,371
2023-05-09 21:03:12,cu2404,cu2404,66700.0,0.0,0.0,0.0,2,66590.0,66700.0,1,66700.0,66640.0,0.0,0.0,0.0,0.0,371
2023-05-09 21:03:12,cu2404,cu2404,66700.0,0.0,0.0,0.0,2,66590.0,66700.0,1,66700.0,66640.0,0.0,0.0,0.0,0.0,371
2023-05-09 21:03:13,cu2404,cu2404,66700.0,0.0,0.0,0.0,2,66590.0,66700.0,1,66700.0,66640.0,0.0,0.0,0.0,0.0,371
2023-05-09 21:03:14,cu2404,cu2404,66700.0,0.0,0.0,0.0,2,66590.0,66700.0,1,66700.0,66640.0,0.0,0.0,0.0,0.0,371
2023-05-09 21:03:15,cu2404,cu2404,66700.0,0.0,0.0,0.0,2,66600.0,66700.0,1,66700.0,66640.0,0.0,0.0,0.0,0.0,371
2023-05-09 21:03:16,cu2404,cu2404,66700.0,0.0,0.0,0.0,1,66600.0,66700.0,1,66700.0,66640.0,0.0,0.0,0.0,0.0,371
2023-05-09 21:03:16,cu2404,cu2404,66700.0,0.0,0.0,0.0,2,66600.0,66700.0,1,66700.0,66640.0,0.0,0.0,0.0,0.0,371
2023-05-09 21:03:17,cu2404,cu2404,66700.0,0.0,0.0,0.0,2,66610.0,66700.0,1,66700.0,66640.0,0.0,0.0,0.0,0.0,371
2023-05-09 21:03:17,cu2404,cu2404,66700.0,0.0,0.0,0.0,1,66490.0,66700.0,1,66700.0,66640.0,0.0,0.0,0.0,0.0,371
2023-05-09 21:03:18,cu2404,cu2404,66700.0,0.0,0.0,0.0,1,66510.0,66700.0,1,66700.0,66640.0,0.0,0.0,0.0,0.0,371
2023-05-09 21:03:18,cu2404,cu2404,66700.0,0.0,0.0,0.0,6,66520.0,66700.0,1,66700.0,66640.0,0.0,0.0,0.0,0.0,371
2023-05-09 21:03:19,cu2404,cu2404,66700.0,0.0,0.0,0.0,6,66520.0,66700.0,1,66700.0,66640.0,0.0,0.0,0.0,0.0,371
2023-05-09 21:03:19,cu2404,cu2404,66700.0,0.0,0.0,0.0,4,66530.0,66700.0,1,66700.0,66640.0,0.0,0.0,0.0,0.0,371
2023-05-09 21:03:20,cu2404,cu2404,66700.0,0.0,0.0,0.0,2,66540.0,66700.0,1,66700.0,66640.0,0.0,0.0,0.0,0.0,371
2023-05-09 21:03:20,cu2404,cu2404,66700.0,0.0,0.0,0.0,2,66540.0,66700.0,1,66700.0,66640.0,0.0,0.0,0.0,0.0,371
2023-05-09 21:03:21,cu2404,cu2404,66700.0,0.0,0.0,0.0,3,66550.0,66700.0,1,66700.0,66640.0,0.0,0.0,0.0,0.0,371
2023-05-09 21:03:21,cu2404,cu2404,66700.0,0.0,0.0,0.0,2,66580.0,66700.0,1,66700.0,66640.0,0.0,0.0,0.0,0.0,371
2023-05-09 21:03:22,cu2404,cu2404,66700.0,0.0,0.0,0.0,2,66590.0,66700.0,1,66700.0,66640.0,0.0,0.0,0.0,0.0,371
2023-05-09 21:03:23,cu2404,cu2404,66700.0,0.0,0.0,0.0,2,66590.0,66700.0,1,66700.0,66640.0,0.0,0.0,0.0,0.0,371
2023-05-09 21:03:24,cu2404,cu2404,66700.0,0.0,0.0,0.0,2,66590.0,66700.0,2,66700.0,66640.0,0.0,0.0,0.0,0.0,371
2023-05-09 21:03:25,cu2404,cu2404,66700.0,0.0,0.0,0.0,2,66590.0,66700.0,4,66700.0,66640.0,0.0,0.0,0.0,0.0,371
2023-05-09 21:03:26,cu2404,cu2404,66700.0,0.0,0.0,0.0,2,66590.0,66700.0,3,66700.0,66640.0,0.0,0.0,0.0,0.0,371
2023-05-09 21:03:28,cu2404,cu2404,66700.0,0.0,0.0,0.0,2,66590.0,66700.0,4,66700.0,66640.0,0.0,0.0,0.0,0.0,371
2023-05-09 21:03:28,cu2404,cu2404,66700.0,0.0,0.0,0.0,2,66590.0,66700.0,3,66700.0,66640.0,0.0,0.0,0.0,0.0,371
2023-05-09 21:03:29,cu2404,cu2404,66700.0,0.0,0.0,0.0,1,66590.0,66700.0,3,66700.0,66640.0,0.0,0.0,0.0,0.0,371
2023-05-09 21:03:30,cu2404,cu2404,66700.0,0.0,0.0,0.0,1,66590.0,66700.0,4,66700.0,66640.0,0.0,0.0,0.0,0.0,371
2023-05-09 21:03:31,cu2404,cu2404,66700.0,0.0,0.0,0.0,1,66590.0,66700.0,4,66700.0,66640.0,0.0,0.0,0.0,0.0,371
2023-05-09 21:03:32,cu2404,cu2404,66700.0,0.0,0.0,0.0,1,66490.0,66700.0,4,66700.0,66640.0,0.0,0.0,0.0,0.0,371
2023-05-09 21:03:32,cu2404,cu2404,66700.0,0.0,0.0,0.0,12,66500.0,66700.0,4,66700.0,66640.0,0.0,0.0,0.0,0.0,371
2023-05-09 21:03:33,cu2404,cu2404,66700.0,0.0,0.0,0.0,15,66500.0,66700.0,4,66700.0,66640.0,0.0,0.0,0.0,0.0,371
2023-05-09 21:03:33,cu2404,cu2404,66700.0,0.0,0.0,0.0,15,66500.0,66690.0,1,66700.0,66640.0,0.0,0.0,0.0,0.0,371
2023-05-09 21:03:34,cu2404,cu2404,66700.0,0.0,0.0,0.0,15,66500.0,66680.0,1,66700.0,66640.0,0.0,0.0,0.0,0.0,371
2023-05-09 21:03:34,cu2404,cu2404,66700.0,0.0,0.0,0.0,15,66500.0,66680.0,1,66700.0,66640.0,0.0,0.0,0.0,0.0,371
2023-05-09 21:03:38,cu2404,cu2404,66700.0,0.0,0.0,0.0,15,66500.0,66680.0,1,66700.0,66640.0,0.0,0.0,0.0,0.0,371
2023-05-09 21:03:38,cu2404,cu2404,66700.0,0.0,0.0,0.0,15,66500.0,66700.0,1,66700.0,66640.0,0.0,0.0,0.0,0.0,371
2023-05-09 21:03:39,cu2404,cu2404,66700.0,0.0,0.0,0.0,15,66500.0,66690.0,1,66700.0,66640.0,0.0,0.0,0.0,0.0,371
2023-05-09 21:03:39,cu2404,cu2404,66700.0,0.0,0.0,0.0,15,66500.0,66680.0,1,66700.0,66640.0,0.0,0.0,0.0,0.0,371
2023-05-09 21:03:40,cu2404,cu2404,66700.0,0.0,0.0,0.0,15,66500.0,66680.0,1,66700.0,66640.0,0.0,0.0,0.0,0.0,371
2023-05-09 21:03:40,cu2404,cu2404,66700.0,0.0,0.0,0.0,15,66500.0,66700.0,1,66700.0,66640.0,0.0,0.0,0.0,0.0,371
2023-05-09 21:03:41,cu2404,cu2404,66700.0,0.0,0.0,0.0,15,66500.0,66690.0,3,66700.0,66640.0,0.0,0.0,0.0,0.0,371
2023-05-09 21:03:42,cu2404,cu2404,66700.0,0.0,0.0,0.0,15,66500.0,66690.0,2,66700.0,66640.0,0.0,0.0,0.0,0.0,371
2023-05-09 21:03:43,cu2404,cu2404,66700.0,0.0,0.0,0.0,15,66500.0,66690.0,2,66700.0,66640.0,0.0,0.0,0.0,0.0,371
2023-05-09 21:03:43,cu2404,cu2404,66700.0,0.0,0.0,0.0,15,66500.0,66690.0,3,66700.0,66640.0,0.0,0.0,0.0,0.0,371
2023-05-09 21:03:44,cu2404,cu2404,66700.0,0.0,0.0,0.0,15,66500.0,66690.0,4,66700.0,66640.0,0.0,0.0,0.0,0.0,371
2023-05-09 21:03:45,cu2404,cu2404,66700.0,0.0,0.0,0.0,15,66500.0,66690.0,3,66700.0,66640.0,0.0,0.0,0.0,0.0,371
2023-05-09 21:03:45,cu2404,cu2404,66700.0,0.0,0.0,0.0,15,66500.0,66690.0,3,66700.0,66640.0,0.0,0.0,0.0,0.0,371
2023-05-09 21:03:46,cu2404,cu2404,66700.0,0.0,0.0,0.0,15,66500.0,66690.0,4,66700.0,66640.0,0.0,0.0,0.0,0.0,371
2023-05-09 21:03:47,cu2404,cu2404,66700.0,0.0,0.0,0.0,15,66500.0,66690.0,4,66700.0,66640.0,0.0,0.0,0.0,0.0,371
2023-05-09 21:03:48,cu2404,cu2404,66700.0,0.0,0.0,0.0,15,66500.0,66690.0,4,66700.0,66640.0,0.0,0.0,0.0,0.0,371
2023-05-09 21:03:48,cu2404,cu2404,66700.0,0.0,0.0,0.0,15,66500.0,66690.0,3,66700.0,66640.0,0.0,0.0,0.0,0.0,371
2023-05-09 21:03:49,cu2404,cu2404,66700.0,0.0,0.0,0.0,15,66500.0,66690.0,3,66700.0,66640.0,0.0,0.0,0.0,0.0,371
2023-05-09 21:03:49,cu2404,cu2404,66700.0,0.0,0.0,0.0,15,66500.0,66690.0,4,66700.0,66640.0,0.0,0.0,0.0,0.0,371
2023-05-09 21:03:50,cu2404,cu2404,66700.0,0.0,0.0,0.0,13,66500.0,66690.0,3,66700.0,66640.0,0.0,0.0,0.0,0.0,371
2023-05-09 21:03:51,cu2404,cu2404,66700.0,0.0,0.0,0.0,2,66510.0,66690.0,3,66700.0,66640.0,0.0,0.0,0.0,0.0,371
2023-05-09 21:03:52,cu2404,cu2404,66700.0,0.0,0.0,0.0,2,66520.0,66690.0,3,66700.0,66640.0,0.0,0.0,0.0,0.0,371
2023-05-09 21:03:52,cu2404,cu2404,66700.0,0.0,0.0,0.0,5,66530.0,66690.0,3,66700.0,66640.0,0.0,0.0,0.0,0.0,371
2023-05-09 21:03:53,cu2404,cu2404,66700.0,0.0,0.0,0.0,1,66540.0,66690.0,3,66700.0,66640.0,0.0,0.0,0.0,0.0,371
2023-05-09 21:03:53,cu2404,cu2404,66700.0,0.0,0.0,0.0,1,66540.0,66690.0,4,66700.0,66640.0,0.0,0.0,0.0,0.0,371
2023-05-09 21:03:54,cu2404,cu2404,66700.0,0.0,0.0,0.0,3,66550.0,66690.0,3,66700.0,66640.0,0.0,0.0,0.0,0.0,371
2023-05-09 21:03:54,cu2404,cu2404,66700.0,0.0,0.0,0.0,1,66560.0,66690.0,3,66700.0,66640.0,0.0,0.0,0.0,0.0,371
2023-05-09 21:03:55,cu2404,cu2404,66700.0,0.0,0.0,0.0,1,66560.0,66690.0,3,66700.0,66640.0,0.0,0.0,0.0,0.0,371
2023-05-09 21:03:55,cu2404,cu2404,66700.0,0.0,0.0,0.0,2,66560.0,66690.0,3,66700.0,66640.0,0.0,0.0,0.0,0.0,371
2023-05-09 21:03:56,cu2404,cu2404,66700.0,0.0,0.0,0.0,2,66560.0,66690.0,2,66700.0,66640.0,0.0,0.0,0.0,0.0,371
2023-05-09 21:03:56,cu2404,cu2404,66700.0,0.0,0.0,0.0,2,66560.0,66680.0,1,66700.0,66640.0,0.0,0.0,0.0,0.0,371
2023-05-09 21:03:57,cu2404,cu2404,66700.0,0.0,0.0,0.0,2,66560.0,66670.0,2,66700.0,66640.0,0.0,0.0,0.0,0.0,371
2023-05-09 21:03:59,cu2404,cu2404,66700.0,0.0,0.0,0.0,2,66560.0,66670.0,2,66700.0,66640.0,0.0,0.0,0.0,0.0,371
2023-05-09 21:04:02,cu2404,cu2404,66700.0,0.0,0.0,0.0,2,66560.0,66670.0,2,66700.0,66640.0,0.0,0.0,0.0,0.0,371
2023-05-09 21:04:03,cu2404,cu2404,66700.0,0.0,0.0,0.0,2,66560.0,66670.0,2,66700.0,66640.0,0.0,0.0,0.0,0.0,371
2023-05-09 21:04:03,cu2404,cu2404,66700.0,0.0,0.0,0.0,2,66560.0,66670.0,2,66700.0,66640.0,0.0,0.0,0.0,0.0,371
2023-05-09 21:04:04,cu2404,cu2404,66700.0,0.0,0.0,0.0,2,66560.0,66670.0,1,66700.0,66640.0,0.0,0.0,0.0,0.0,371
2023-05-09 21:04:04,cu2404,cu2404,66700.0,0.0,0.0,0.0,2,66560.0,66700.0,1,66700.0,66640.0,0.0,0.0,0.0,0.0,371
2023-05-09 21:04:05,cu2404,cu2404,66700.0,0.0,0.0,0.0,2,66560.0,66690.0,1,66700.0,66640.0,0.0,0.0,0.0,0.0,371
2023-05-09 21:04:05,cu2404,cu2404,66700.0,0.0,0.0,0.0,2,66560.0,66670.0,1,66700.0,66640.0,0.0,0.0,0.0,0.0,371
2023-05-09 21:04:06,cu2404,cu2404,66700.0,0.0,0.0,0.0,2,66560.0,66660.0,1,66700.0,66640.0,0.0,0.0,0.0,0.0,371
2023-05-09 21:04:06,cu2404,cu2404,66700.0,0.0,0.0,0.0,2,66560.0,66660.0,1,66700.0,66640.0,0.0,0.0,0.0,0.0,371
2023-05-09 21:04:07,cu2404,cu2404,66700.0,0.0,0.0,0.0,2,66560.0,66660.0,1,66700.0,66640.0,0.0,0.0,0.0,0.0,371
2023-05-09 21:04:07,cu2404,cu2404,66700.0,0.0,0.0,0.0,2,66560.0,66660.0,1,66700.0,66640.0,0.0,0.0,0.0,0.0,371
2023-05-09 21:04:08,cu2404,cu2404,66700.0,0.0,0.0,0.0,2,66560.0,66670.0,1,66700.0,66640.0,0.0,0.0,0.0,0.0,371
2023-05-09 21:04:08,cu2404,cu2404,66700.0,0.0,0.0,0.0,1,66560.0,66650.0,1,66700.0,66640.0,0.0,0.0,0.0,0.0,371
2023-05-09 21:04:09,cu2404,cu2404,66700.0,0.0,0.0,0.0,1,66560.0,66650.0,1,66700.0,66640.0,0.0,0.0,0.0,0.0,371
2023-05-09 21:04:09,cu2404,cu2404,66700.0,0.0,0.0,0.0,1,66560.0,66650.0,1,66700.0,66640.0,0.0,0.0,0.0,0.0,371
2023-05-09 21:04:10,cu2404,cu2404,66700.0,0.0,0.0,0.0,1,66560.0,66650.0,1,66700.0,66640.0,0.0,0.0,0.0,0.0,371
2023-05-09 21:04:10,cu2404,cu2404,66700.0,0.0,0.0,0.0,1,66560.0,66650.0,1,66700.0,66640.0,0.0,0.0,0.0,0.0,371
2023-05-09 21:04:11,cu2404,cu2404,66700.0,0.0,0.0,0.0,1,66560.0,66650.0,1,66700.0,66640.0,0.0,0.0,0.0,0.0,371
2023-05-09 21:04:11,cu2404,cu2404,66700.0,0.0,0.0,0.0,1,66560.0,66650.0,1,66700.0,66640.0,0.0,0.0,0.0,0.0,371
2023-05-09 21:04:12,cu2404,cu2404,66700.0,0.0,0.0,0.0,1,66560.0,66640.0,1,66700.0,66640.0,0.0,0.0,0.0,0.0,371
2023-05-09 21:04:12,cu2404,cu2404,66700.0,0.0,0.0,0.0,1,66560.0,66640.0,1,66700.0,66640.0,0.0,0.0,0.0,0.0,371
2023-05-09 21:04:13,cu2404,cu2404,66700.0,0.0,0.0,0.0,1,66560.0,66640.0,1,66700.0,66640.0,0.0,0.0,0.0,0.0,371
2023-05-09 21:04:13,cu2404,cu2404,66700.0,0.0,0.0,0.0,1,66560.0,66700.0,1,66700.0,66640.0,0.0,0.0,0.0,0.0,371
2023-05-09 21:04:14,cu2404,cu2404,66700.0,0.0,0.0,0.0,1,66560.0,66680.0,1,66700.0,66640.0,0.0,0.0,0.0,0.0,371
2023-05-09 21:04:14,cu2404,cu2404,66700.0,0.0,0.0,0.0,1,66560.0,66670.0,1,66700.0,66640.0,0.0,0.0,0.0,0.0,371
2023-05-09 21:04:15,cu2404,cu2404,66700.0,0.0,0.0,0.0,1,66560.0,66660.0,1,66700.0,66640.0,0.0,0.0,0.0,0.0,371
2023-05-09 21:04:15,cu2404,cu2404,66700.0,0.0,0.0,0.0,1,66560.0,66650.0,1,66700.0,66640.0,0.0,0.0,0.0,0.0,371
2023-05-09 21:04:16,cu2404,cu2404,66700.0,0.0,0.0,0.0,1,66560.0,66650.0,1,66700.0,66640.0,0.0,0.0,0.0,0.0,371
2023-05-09 21:04:16,cu2404,cu2404,66700.0,0.0,0.0,0.0,1,66560.0,66650.0,1,66700.0,66640.0,0.0,0.0,0.0,0.0,371
2023-05-09 21:04:19,cu2404,cu2404,66700.0,0.0,0.0,0.0,1,66560.0,66650.0,1,66700.0,66640.0,0.0,0.0,0.0,0.0,371
2023-05-09 21:04:20,cu2404,cu2404,66700.0,0.0,0.0,0.0,1,66490.0,66640.0,1,66700.0,66640.0,0.0,0.0,0.0,0.0,371
2023-05-09 21:04:20,cu2404,cu2404,66700.0,0.0,0.0,0.0,5,66500.0,66660.0,1,66700.0,66640.0,0.0,0.0,0.0,0.0,371
2023-05-09 21:04:21,cu2404,cu2404,66700.0,0.0,0.0,0.0,8,66500.0,66640.0,1,66700.0,66640.0,0.0,0.0,0.0,0.0,371
2023-05-09 21:04:21,cu2404,cu2404,66700.0,0.0,0.0,0.0,8,66500.0,66640.0,1,66700.0,66640.0,0.0,0.0,0.0,0.0,371
2023-05-09 21:04:22,cu2404,cu2404,66700.0,0.0,0.0,0.0,8,66500.0,66640.0,1,66700.0,66640.0,0.0,0.0,0.0,0.0,371
2023-05-09 21:04:22,cu2404,cu2404,66700.0,0.0,0.0,0.0,8,66500.0,66630.0,1,66700.0,66640.0,0.0,0.0,0.0,0.0,371
2023-05-09 21:04:23,cu2404,cu2404,66700.0,0.0,0.0,0.0,8,66500.0,66630.0,1,66700.0,66640.0,0.0,0.0,0.0,0.0,371
2023-05-09 21:04:23,cu2404,cu2404,66700.0,0.0,0.0,0.0,8,66500.0,66650.0,1,66700.0,66640.0,0.0,0.0,0.0,0.0,371
2023-05-09 21:04:24,cu2404,cu2404,66700.0,0.0,0.0,0.0,8,66500.0,66640.0,1,66700.0,66640.0,0.0,0.0,0.0,0.0,371
2023-05-09 21:04:24,cu2404,cu2404,66700.0,0.0,0.0,0.0,8,66500.0,66640.0,1,66700.0,66640.0,0.0,0.0,0.0,0.0,371
2023-05-09 21:04:26,cu2404,cu2404,66700.0,0.0,0.0,0.0,8,66500.0,66640.0,1,66700.0,66640.0,0.0,0.0,0.0,0.0,371
2023-05-09 21:04:26,cu2404,cu2404,66700.0,0.0,0.0,0.0,8,66500.0,66640.0,1,66700.0,66640.0,0.0,0.0,0.0,0.0,371
2023-05-09 21:04:27,cu2404,cu2404,66700.0,0.0,0.0,0.0,8,66500.0,66640.0,1,66700.0,66640.0,0.0,0.0,0.0,0.0,371
2023-05-09 21:04:28,cu2404,cu2404,66700.0,0.0,0.0,0.0,8,66500.0,66640.0,1,66700.0,66640.0,0.0,0.0,0.0,0.0,371
2023-05-09 21:04:29,cu2404,cu2404,66700.0,0.0,0.0,0.0,8,66500.0,66640.0,1,66700.0,66640.0,0.0,0.0,0.0,0.0,371
2023-05-09 21:04:31,cu2404,cu2404,66700.0,0.0,0.0,0.0,8,66500.0,66710.0,1,66700.0,66640.0,0.0,0.0,0.0,0.0,371
2023-05-09 21:04:31,cu2404,cu2404,66700.0,0.0,0.0,0.0,8,66500.0,66650.0,1,66700.0,66640.0,0.0,0.0,0.0,0.0,371
2023-05-09 21:04:32,cu2404,cu2404,66700.0,0.0,0.0,0.0,8,66500.0,66650.0,2,66700.0,66640.0,0.0,0.0,0.0,0.0,371
2023-05-09 21:04:32,cu2404,cu2404,66700.0,0.0,0.0,0.0,8,66500.0,66650.0,1,66700.0,66640.0,0.0,0.0,0.0,0.0,371
2023-05-09 21:04:33,cu2404,cu2404,66700.0,0.0,0.0,0.0,2,66510.0,66700.0,3,66700.0,66640.0,0.0,0.0,0.0,0.0,371
2023-05-09 21:04:34,cu2404,cu2404,66700.0,0.0,0.0,0.0,1,66520.0,66680.0,1,66700.0,66640.0,0.0,0.0,0.0,0.0,371
2023-05-09 21:04:34,cu2404,cu2404,66700.0,0.0,0.0,0.0,4,66530.0,66670.0,3,66700.0,66640.0,0.0,0.0,0.0,0.0,371
2023-05-09 21:04:35,cu2404,cu2404,66700.0,0.0,0.0,0.0,1,66540.0,66670.0,3,66700.0,66640.0,0.0,0.0,0.0,0.0,371
2023-05-09 21:04:35,cu2404,cu2404,66700.0,0.0,0.0,0.0,1,66540.0,66670.0,3,66700.0,66640.0,0.0,0.0,0.0,0.0,371
2023-05-09 21:04:36,cu2404,cu2404,66700.0,0.0,0.0,0.0,1,66550.0,66670.0,3,66700.0,66640.0,0.0,0.0,0.0,0.0,371
2023-05-09 21:04:36,cu2404,cu2404,66700.0,0.0,0.0,0.0,1,66560.0,66670.0,3,66700.0,66640.0,0.0,0.0,0.0,0.0,371
2023-05-09 21:04:37,cu2404,cu2404,66700.0,0.0,0.0,0.0,1,66560.0,66670.0,3,66700.0,66640.0,0.0,0.0,0.0,0.0,371
2023-05-09 21:04:37,cu2404,cu2404,66700.0,0.0,0.0,0.0,2,66560.0,66670.0,3,66700.0,66640.0,0.0,0.0,0.0,0.0,371
2023-05-09 21:04:38,cu2404,cu2404,66700.0,0.0,0.0,0.0,2,66560.0,66670.0,3,66700.0,66640.0,0.0,0.0,0.0,0.0,371
2023-05-09 21:04:38,cu2404,cu2404,66700.0,0.0,0.0,0.0,2,66560.0,66670.0,4,66700.0,66640.0,0.0,0.0,0.0,0.0,371
2023-05-09 21:04:39,cu2404,cu2404,66700.0,0.0,0.0,0.0,1,66560.0,66670.0,4,66700.0,66640.0,0.0,0.0,0.0,0.0,371
2023-05-09 21:04:40,cu2404,cu2404,66700.0,0.0,0.0,0.0,1,66560.0,66670.0,4,66700.0,66640.0,0.0,0.0,0.0,0.0,371
2023-05-09 21:04:41,cu2404,cu2404,66700.0,0.0,0.0,0.0,2,66520.0,66670.0,4,66700.0,66640.0,0.0,0.0,0.0,0.0,371
2023-05-09 21:04:41,cu2404,cu2404,66700.0,0.0,0.0,0.0,2,66530.0,66670.0,4,66700.0,66640.0,0.0,0.0,0.0,0.0,371
2023-05-09 21:04:42,cu2404,cu2404,66700.0,0.0,0.0,0.0,2,66530.0,66670.0,6,66700.0,66640.0,0.0,0.0,0.0,0.0,371
2023-05-09 21:04:44,cu2404,cu2404,66700.0,0.0,0.0,0.0,2,66530.0,66670.0,6,66700.0,66640.0,0.0,0.0,0.0,0.0,371
2023-05-09 21:04:46,cu2404,cu2404,66700.0,0.0,0.0,0.0,2,66530.0,66670.0,4,66700.0,66640.0,0.0,0.0,0.0,0.0,371
2023-05-09 21:04:49,cu2404,cu2404,66700.0,0.0,0.0,0.0,2,66530.0,66670.0,6,66700.0,66640.0,0.0,0.0,0.0,0.0,371
2023-05-09 21:04:50,cu2404,cu2404,66700.0,0.0,0.0,0.0,2,66530.0,66670.0,6,66700.0,66640.0,0.0,0.0,0.0,0.0,371
2023-05-09 21:04:51,cu2404,cu2404,66700.0,0.0,0.0,0.0,2,66530.0,66670.0,5,66700.0,66640.0,0.0,0.0,0.0,0.0,371
2023-05-09 21:04:52,cu2404,cu2404,66700.0,0.0,0.0,0.0,2,66530.0,66660.0,2,66700.0,66640.0,0.0,0.0,0.0,0.0,371
2023-05-09 21:04:52,cu2404,cu2404,66700.0,0.0,0.0,0.0,2,66530.0,66640.0,1,66700.0,66640.0,0.0,0.0,0.0,0.0,371
2023-05-09 21:04:53,cu2404,cu2404,66700.0,0.0,0.0,0.0,2,66530.0,66630.0,2,66700.0,66640.0,0.0,0.0,0.0,0.0,371
2023-05-09 21:04:54,cu2404,cu2404,66700.0,0.0,0.0,0.0,2,66530.0,66630.0,2,66700.0,66640.0,0.0,0.0,0.0,0.0,371
2023-05-09 21:04:55,cu2404,cu2404,66700.0,0.0,0.0,0.0,2,66530.0,66630.0,2,66700.0,66640.0,0.0,0.0,0.0,0.0,371
2023-05-09 21:04:55,cu2404,cu2404,66700.0,0.0,0.0,0.0,2,66530.0,66630.0,2,66700.0,66640.0,0.0,0.0,0.0,0.0,371
2023-05-09 21:04:56,cu2404,cu2404,66700.0,0.0,0.0,0.0,2,66530.0,66630.0,2,66700.0,66640.0,0.0,0.0,0.0,0.0,371
2023-05-09 21:04:57,cu2404,cu2404,66700.0,0.0,0.0,0.0,2,66530.0,66630.0,2,66700.0,66640.0,0.0,0.0,0.0,0.0,371
2023-05-09 21:05:01,cu2404,cu2404,66700.0,0.0,0.0,0.0,2,66530.0,66630.0,2,66700.0,66640.0,0.0,0.0,0.0,0.0,371
2023-05-09 21:05:01,cu2404,cu2404,66700.0,0.0,0.0,0.0,2,66530.0,66630.0,1,66700.0,66640.0,0.0,0.0,0.0,0.0,371
2023-05-09 21:05:02,cu2404,cu2404,66700.0,0.0,0.0,0.0,2,66530.0,66640.0,1,66700.0,66640.0,0.0,0.0,0.0,0.0,371
2023-05-09 21:05:02,cu2404,cu2404,66700.0,0.0,0.0,0.0,2,66530.0,66640.0,2,66700.0,66640.0,0.0,0.0,0.0,0.0,371
2023-05-09 21:05:03,cu2404,cu2404,66700.0,0.0,0.0,0.0,2,66530.0,66640.0,2,66700.0,66640.0,0.0,0.0,0.0,0.0,371
2023-05-09 21:05:04,cu2404,cu2404,66700.0,0.0,0.0,0.0,2,66530.0,66640.0,2,66700.0,66640.0,0.0,0.0,0.0,0.0,371
2023-05-09 21:05:04,cu2404,cu2404,66700.0,0.0,0.0,0.0,2,66530.0,66640.0,2,66700.0,66640.0,0.0,0.0,0.0,0.0,371
2023-05-09 21:05:05,cu2404,cu2404,66700.0,0.0,0.0,0.0,2,66530.0,66640.0,2,66700.0,66640.0,0.0,0.0,0.0,0.0,371
2023-05-09 21:05:06,cu2404,cu2404,66700.0,0.0,0.0,0.0,2,66530.0,66640.0,2,66700.0,66640.0,0.0,0.0,0.0,0.0,371
2023-05-09 21:05:06,cu2404,cu2404,66700.0,0.0,0.0,0.0,2,66530.0,66640.0,2,66700.0,66640.0,0.0,0.0,0.0,0.0,371
2023-05-09 21:05:07,cu2404,cu2404,66700.0,0.0,0.0,0.0,2,66530.0,66640.0,1,66700.0,66640.0,0.0,0.0,0.0,0.0,371
2023-05-09 21:05:08,cu2404,cu2404,66700.0,0.0,0.0,0.0,3,66540.0,66640.0,1,66700.0,66640.0,0.0,0.0,0.0,0.0,371
2023-05-09 21:05:08,cu2404,cu2404,66700.0,0.0,0.0,0.0,1,66540.0,66640.0,1,66700.0,66640.0,0.0,0.0,0.0,0.0,371
2023-05-09 21:05:10,cu2404,cu2404,66700.0,0.0,0.0,0.0,1,66540.0,66630.0,1,66700.0,66640.0,0.0,0.0,0.0,0.0,371
2023-05-09 21:05:10,cu2404,cu2404,66700.0,0.0,0.0,0.0,1,66550.0,66710.0,1,66700.0,66640.0,0.0,0.0,0.0,0.0,371
2023-05-09 21:05:11,cu2404,cu2404,66700.0,0.0,0.0,0.0,1,66490.0,66670.0,1,66700.0,66640.0,0.0,0.0,0.0,0.0,371
2023-05-09 21:05:11,cu2404,cu2404,66700.0,0.0,0.0,0.0,2,66500.0,66660.0,2,66700.0,66640.0,0.0,0.0,0.0,0.0,371
2023-05-09 21:05:12,cu2404,cu2404,66700.0,0.0,0.0,0.0,1,66510.0,66660.0,2,66700.0,66640.0,0.0,0.0,0.0,0.0,371
2023-05-09 21:05:12,cu2404,cu2404,66700.0,0.0,0.0,0.0,1,66520.0,66660.0,2,66700.0,66640.0,0.0,0.0,0.0,0.0,371
2023-05-09 21:05:13,cu2404,cu2404,66700.0,0.0,0.0,0.0,1,66530.0,66660.0,2,66700.0,66640.0,0.0,0.0,0.0,0.0,371
2023-05-09 21:05:13,cu2404,cu2404,66700.0,0.0,0.0,0.0,1,66540.0,66640.0,1,66700.0,66640.0,0.0,0.0,0.0,0.0,371
2023-05-09 21:05:14,cu2404,cu2404,66700.0,0.0,0.0,0.0,1,66540.0,66710.0,1,66700.0,66640.0,0.0,0.0,0.0,0.0,371
2023-05-09 21:05:14,cu2404,cu2404,66700.0,0.0,0.0,0.0,1,66550.0,66680.0,1,66700.0,66640.0,0.0,0.0,0.0,0.0,371
2023-05-09 21:05:15,cu2404,cu2404,66700.0,0.0,0.0,0.0,1,66560.0,66670.0,2,66700.0,66640.0,0.0,0.0,0.0,0.0,371
2023-05-09 21:05:15,cu2404,cu2404,66700.0,0.0,0.0,0.0,1,66560.0,66670.0,2,66700.0,66640.0,0.0,0.0,0.0,0.0,371
2023-05-09 21:05:16,cu2404,cu2404,66700.0,0.0,0.0,0.0,2,66560.0,66670.0,2,66700.0,66640.0,0.0,0.0,0.0,0.0,371
2023-05-09 21:05:17,cu2404,cu2404,66700.0,0.0,0.0,0.0,2,66560.0,66670.0,2,66700.0,66640.0,0.0,0.0,0.0,0.0,371
2023-05-09 21:05:17,cu2404,cu2404,66700.0,0.0,0.0,0.0,2,66560.0,66670.0,2,66700.0,66640.0,0.0,0.0,0.0,0.0,371
2023-05-09 21:05:22,cu2404,cu2404,66700.0,0.0,0.0,0.0,2,66560.0,66670.0,1,66700.0,66640.0,0.0,0.0,0.0,0.0,371
2023-05-09 21:05:22,cu2404,cu2404,66700.0,0.0,0.0,0.0,2,66560.0,66670.0,1,66700.0,66640.0,0.0,0.0,0.0,0.0,371
2023-05-09 21:05:23,cu2404,cu2404,66700.0,0.0,0.0,0.0,2,66560.0,66670.0,1,66700.0,66640.0,0.0,0.0,0.0,0.0,371
2023-05-09 21:05:24,cu2404,cu2404,66700.0,0.0,0.0,0.0,5,66560.0,66670.0,1,66700.0,66640.0,0.0,0.0,0.0,0.0,371
2023-05-09 21:05:25,cu2404,cu2404,66700.0,0.0,0.0,0.0,5,66560.0,66710.0,1,66700.0,66640.0,0.0,0.0,0.0,0.0,371
2023-05-09 21:05:26,cu2404,cu2404,66700.0,0.0,0.0,0.0,5,66560.0,66700.0,2,66700.0,66640.0,0.0,0.0,0.0,0.0,371
2023-05-09 21:05:26,cu2404,cu2404,66700.0,0.0,0.0,0.0,3,66570.0,66700.0,2,66700.0,66640.0,0.0,0.0,0.0,0.0,371
2023-05-09 21:05:27,cu2404,cu2404,66700.0,0.0,0.0,0.0,1,66580.0,66680.0,1,66700.0,66640.0,0.0,0.0,0.0,0.0,371
2023-05-09 21:05:27,cu2404,cu2404,66700.0,0.0,0.0,0.0,1,66590.0,66710.0,2,66700.0,66640.0,0.0,0.0,0.0,0.0,371
2023-05-09 21:05:28,cu2404,cu2404,66700.0,0.0,0.0,0.0,2,66590.0,66700.0,2,66700.0,66640.0,0.0,0.0,0.0,0.0,371
2023-05-09 21:05:28,cu2404,cu2404,66700.0,0.0,0.0,0.0,2,66590.0,66700.0,2,66700.0,66640.0,0.0,0.0,0.0,0.0,371
2023-05-09 21:05:29,cu2404,cu2404,66700.0,0.0,0.0,0.0,2,66590.0,66700.0,2,66700.0,66640.0,0.0,0.0,0.0,0.0,371
2023-05-09 21:05:30,cu2404,cu2404,66700.0,0.0,0.0,0.0,2,66590.0,66700.0,2,66700.0,66640.0,0.0,0.0,0.0,0.0,371
2023-05-09 21:05:32,cu2404,cu2404,66700.0,0.0,0.0,0.0,2,66590.0,66700.0,2,66700.0,66640.0,0.0,0.0,0.0,0.0,371
2023-05-09 21:05:33,cu2404,cu2404,66700.0,0.0,0.0,0.0,2,66590.0,66700.0,2,66700.0,66640.0,0.0,0.0,0.0,0.0,371
2023-05-09 21:05:33,cu2404,cu2404,66700.0,0.0,0.0,0.0,1,66590.0,66700.0,2,66700.0,66640.0,0.0,0.0,0.0,0.0,371
2023-05-09 21:05:34,cu2404,cu2404,66700.0,0.0,0.0,0.0,1,66590.0,66700.0,2,66700.0,66640.0,0.0,0.0,0.0,0.0,371
2023-05-09 21:05:34,cu2404,cu2404,66700.0,0.0,0.0,0.0,1,66590.0,66700.0,2,66700.0,66640.0,0.0,0.0,0.0,0.0,371
2023-05-09 21:05:39,cu2404,cu2404,66700.0,0.0,0.0,0.0,1,66590.0,66700.0,3,66700.0,66640.0,0.0,0.0,0.0,0.0,371
2023-05-09 21:05:40,cu2404,cu2404,66700.0,0.0,0.0,0.0,1,66590.0,66700.0,4,66700.0,66640.0,0.0,0.0,0.0,0.0,371
2023-05-09 21:05:40,cu2404,cu2404,66700.0,0.0,0.0,0.0,1,66500.0,66700.0,4,66700.0,66640.0,0.0,0.0,0.0,0.0,371
2023-05-09 21:05:41,cu2404,cu2404,66700.0,0.0,0.0,0.0,2,66510.0,66700.0,3,66700.0,66640.0,0.0,0.0,0.0,0.0,371
2023-05-09 21:05:41,cu2404,cu2404,66700.0,0.0,0.0,0.0,1,66520.0,66700.0,3,66700.0,66640.0,0.0,0.0,0.0,0.0,371
2023-05-09 21:05:42,cu2404,cu2404,66700.0,0.0,0.0,0.0,2,66530.0,66700.0,3,66700.0,66640.0,0.0,0.0,0.0,0.0,371
2023-05-09 21:05:42,cu2404,cu2404,66700.0,0.0,0.0,0.0,3,66530.0,66700.0,3,66700.0,66640.0,0.0,0.0,0.0,0.0,371
2023-05-09 21:05:43,cu2404,cu2404,66700.0,0.0,0.0,0.0,7,66530.0,66700.0,2,66700.0,66640.0,0.0,0.0,0.0,0.0,371
2023-05-09 21:05:43,cu2404,cu2404,66700.0,0.0,0.0,0.0,7,66530.0,66700.0,3,66700.0,66640.0,0.0,0.0,0.0,0.0,371
2023-05-09 21:05:44,cu2404,cu2404,66700.0,0.0,0.0,0.0,7,66530.0,66700.0,3,66700.0,66640.0,0.0,0.0,0.0,0.0,371
2023-05-09 21:05:44,cu2404,cu2404,66700.0,0.0,0.0,0.0,2,66540.0,66700.0,3,66700.0,66640.0,0.0,0.0,0.0,0.0,371
2023-05-09 21:05:45,cu2404,cu2404,66700.0,0.0,0.0,0.0,1,66550.0,66700.0,3,66700.0,66640.0,0.0,0.0,0.0,0.0,371
2023-05-09 21:05:45,cu2404,cu2404,66700.0,0.0,0.0,0.0,1,66560.0,66700.0,3,66700.0,66640.0,0.0,0.0,0.0,0.0,371
2023-05-09 21:05:46,cu2404,cu2404,66700.0,0.0,0.0,0.0,1,66570.0,66700.0,2,66700.0,66640.0,0.0,0.0,0.0,0.0,371
2023-05-09 21:05:46,cu2404,cu2404,66700.0,0.0,0.0,0.0,1,66570.0,66680.0,1,66700.0,66640.0,0.0,0.0,0.0,0.0,371
2023-05-09 21:05:47,cu2404,cu2404,66700.0,0.0,0.0,0.0,1,66580.0,66670.0,1,66700.0,66640.0,0.0,0.0,0.0,0.0,371
2023-05-09 21:05:47,cu2404,cu2404,66700.0,0.0,0.0,0.0,2,66580.0,66670.0,1,66700.0,66640.0,0.0,0.0,0.0,0.0,371
2023-05-09 21:05:48,cu2404,cu2404,66700.0,0.0,0.0,0.0,2,66580.0,66680.0,1,66700.0,66640.0,0.0,0.0,0.0,0.0,371
2023-05-09 21:05:49,cu2404,cu2404,66700.0,0.0,0.0,0.0,2,66580.0,66670.0,1,66700.0,66640.0,0.0,0.0,0.0,0.0,371
2023-05-09 21:05:49,cu2404,cu2404,66700.0,0.0,0.0,0.0,2,66580.0,66670.0,1,66700.0,66640.0,0.0,0.0,0.0,0.0,371
2023-05-09 21:05:50,cu2404,cu2404,66700.0,0.0,0.0,0.0,2,66580.0,66680.0,1,66700.0,66640.0,0.0,0.0,0.0,0.0,371
2023-05-09 21:05:50,cu2404,cu2404,66700.0,0.0,0.0,0.0,2,66580.0,66680.0,2,66700.0,66640.0,0.0,0.0,0.0,0.0,371
2023-05-09 21:05:51,cu2404,cu2404,66700.0,0.0,0.0,0.0,2,66580.0,66680.0,2,66700.0,66640.0,0.0,0.0,0.0,0.0,371
2023-05-09 21:05:53,cu2404,cu2404,66700.0,0.0,0.0,0.0,2,66580.0,66670.0,1,66700.0,66640.0,0.0,0.0,0.0,0.0,371
2023-05-09 21:05:54,cu2404,cu2404,66700.0,0.0,0.0,0.0,2,66580.0,66670.0,1,66700.0,66640.0,0.0,0.0,0.0,0.0,371
2023-05-09 21:05:54,cu2404,cu2404,66700.0,0.0,0.0,0.0,2,66580.0,66700.0,1,66700.0,66640.0,0.0,0.0,0.0,0.0,371
2023-05-09 21:05:55,cu2404,cu2404,66700.0,0.0,0.0,0.0,2,66580.0,66690.0,1,66700.0,66640.0,0.0,0.0,0.0,0.0,371
2023-05-09 21:05:55,cu2404,cu2404,66700.0,0.0,0.0,0.0,2,66580.0,66680.0,1,66700.0,66640.0,0.0,0.0,0.0,0.0,371
2023-05-09 21:05:56,cu2404,cu2404,66700.0,0.0,0.0,0.0,2,66580.0,66680.0,2,66700.0,66640.0,0.0,0.0,0.0,0.0,371
2023-05-09 21:05:57,cu2404,cu2404,66700.0,0.0,0.0,0.0,1,66590.0,66700.0,1,66700.0,66640.0,0.0,0.0,0.0,0.0,371
2023-05-09 21:05:57,cu2404,cu2404,66700.0,0.0,0.0,0.0,1,66590.0,66690.0,1,66700.0,66640.0,0.0,0.0,0.0,0.0,371
2023-05-09 21:05:58,cu2404,cu2404,66700.0,0.0,0.0,0.0,1,66600.0,66690.0,1,66700.0,66640.0,0.0,0.0,0.0,0.0,371
2023-05-09 21:05:58,cu2404,cu2404,66700.0,0.0,0.0,0.0,1,66610.0,66690.0,1,66700.0,66640.0,0.0,0.0,0.0,0.0,371
2023-05-09 21:05:59,cu2404,cu2404,66700.0,0.0,0.0,0.0,1,66610.0,66700.0,1,66700.0,66640.0,0.0,0.0,0.0,0.0,371
2023-05-09 21:05:59,cu2404,cu2404,66700.0,0.0,0.0,0.0,2,66580.0,66700.0,2,66700.0,66640.0,0.0,0.0,0.0,0.0,371
2023-05-09 21:06:00,cu2404,cu2404,66700.0,0.0,0.0,0.0,1,66590.0,66700.0,2,66700.0,66640.0,0.0,0.0,0.0,0.0,371
2023-05-09 21:06:00,cu2404,cu2404,66700.0,0.0,0.0,0.0,1,66600.0,66700.0,2,66700.0,66640.0,0.0,0.0,0.0,0.0,371
2023-05-09 21:06:01,cu2404,cu2404,66700.0,0.0,0.0,0.0,2,66600.0,66700.0,2,66700.0,66640.0,0.0,0.0,0.0,0.0,371
2023-05-09 21:06:01,cu2404,cu2404,66700.0,0.0,0.0,0.0,2,66600.0,66700.0,2,66700.0,66640.0,0.0,0.0,0.0,0.0,371
2023-05-09 21:06:05,cu2404,cu2404,66700.0,0.0,0.0,0.0,2,66600.0,66700.0,2,66700.0,66640.0,0.0,0.0,0.0,0.0,371
2023-05-09 21:06:06,cu2404,cu2404,66700.0,0.0,0.0,0.0,2,66600.0,66700.0,2,66700.0,66640.0,0.0,0.0,0.0,0.0,371
2023-05-09 21:06:07,cu2404,cu2404,66700.0,0.0,0.0,0.0,2,66600.0,66700.0,2,66700.0,66640.0,0.0,0.0,0.0,0.0,371
2023-05-09 21:06:08,cu2404,cu2404,66700.0,0.0,0.0,0.0,1,66600.0,66690.0,1,66700.0,66640.0,0.0,0.0,0.0,0.0,371
2023-05-09 21:06:08,cu2404,cu2404,66700.0,0.0,0.0,0.0,1,66600.0,66680.0,1,66700.0,66640.0,0.0,0.0,0.0,0.0,371
2023-05-09 21:06:09,cu2404,cu2404,66700.0,0.0,0.0,0.0,3,66510.0,66680.0,1,66700.0,66640.0,0.0,0.0,0.0,0.0,371
2023-05-09 21:06:10,cu2404,cu2404,66700.0,0.0,0.0,0.0,5,66520.0,66680.0,1,66700.0,66640.0,0.0,0.0,0.0,0.0,371
2023-05-09 21:06:10,cu2404,cu2404,66700.0,0.0,0.0,0.0,1,66530.0,66680.0,1,66700.0,66640.0,0.0,0.0,0.0,0.0,371
2023-05-09 21:06:11,cu2404,cu2404,66700.0,0.0,0.0,0.0,1,66540.0,66680.0,1,66700.0,66640.0,0.0,0.0,0.0,0.0,371
2023-05-09 21:06:11,cu2404,cu2404,66700.0,0.0,0.0,0.0,1,66540.0,66670.0,1,66700.0,66640.0,0.0,0.0,0.0,0.0,371
2023-05-09 21:06:12,cu2404,cu2404,66700.0,0.0,0.0,0.0,1,66550.0,66670.0,1,66700.0,66640.0,0.0,0.0,0.0,0.0,371
2023-05-09 21:06:12,cu2404,cu2404,66700.0,0.0,0.0,0.0,1,66560.0,66690.0,1,66700.0,66640.0,0.0,0.0,0.0,0.0,371
2023-05-09 21:06:13,cu2404,cu2404,66700.0,0.0,0.0,0.0,1,66560.0,66680.0,1,66700.0,66640.0,0.0,0.0,0.0,0.0,371
2023-05-09 21:06:13,cu2404,cu2404,66700.0,0.0,0.0,0.0,1,66570.0,66680.0,1,66700.0,66640.0,0.0,0.0,0.0,0.0,371
2023-05-09 21:06:14,cu2404,cu2404,66700.0,0.0,0.0,0.0,1,66580.0,66670.0,1,66700.0,66640.0,0.0,0.0,0.0,0.0,371
2023-05-09 21:06:14,cu2404,cu2404,66700.0,0.0,0.0,0.0,1,66580.0,66670.0,1,66700.0,66640.0,0.0,0.0,0.0,0.0,371
2023-05-09 21:06:15,cu2404,cu2404,66700.0,0.0,0.0,0.0,1,66580.0,66680.0,1,66700.0,66640.0,0.0,0.0,0.0,0.0,371
2023-05-09 21:06:15,cu2404,cu2404,66700.0,0.0,0.0,0.0,2,66580.0,66680.0,2,66700.0,66640.0,0.0,0.0,0.0,0.0,371
2023-05-09 21:06:18,cu2404,cu2404,66700.0,0.0,0.0,0.0,2,66580.0,66680.0,3,66700.0,66640.0,0.0,0.0,0.0,0.0,371
2023-05-09 21:06:18,cu2404,cu2404,66700.0,0.0,0.0,0.0,1,66580.0,66670.0,1,66700.0,66640.0,0.0,0.0,0.0,0.0,371
2023-05-09 21:06:19,cu2404,cu2404,66700.0,0.0,0.0,0.0,1,66580.0,66660.0,1,66700.0,66640.0,0.0,0.0,0.0,0.0,371
2023-05-09 21:06:19,cu2404,cu2404,66700.0,0.0,0.0,0.0,1,66580.0,66660.0,1,66700.0,66640.0,0.0,0.0,0.0,0.0,371
2023-05-09 21:06:20,cu2404,cu2404,66700.0,0.0,0.0,0.0,1,66580.0,66670.0,1,66700.0,66640.0,0.0,0.0,0.0,0.0,371
2023-05-09 21:06:21,cu2404,cu2404,66700.0,0.0,0.0,0.0,1,66580.0,66670.0,2,66700.0,66640.0,0.0,0.0,0.0,0.0,371
2023-05-09 21:06:22,cu2404,cu2404,66700.0,0.0,0.0,0.0,1,66500.0,66670.0,2,66700.0,66640.0,0.0,0.0,0.0,0.0,371
2023-05-09 21:06:22,cu2404,cu2404,66700.0,0.0,0.0,0.0,5,66510.0,66670.0,2,66700.0,66640.0,0.0,0.0,0.0,0.0,371
2023-05-09 21:06:23,cu2404,cu2404,66700.0,0.0,0.0,0.0,1,66520.0,66670.0,2,66700.0,66640.0,0.0,0.0,0.0,0.0,371
2023-05-09 21:06:23,cu2404,cu2404,66700.0,0.0,0.0,0.0,1,66530.0,66670.0,2,66700.0,66640.0,0.0,0.0,0.0,0.0,371
2023-05-09 21:06:24,cu2404,cu2404,66700.0,0.0,0.0,0.0,1,66530.0,66670.0,2,66700.0,66640.0,0.0,0.0,0.0,0.0,371
2023-05-09 21:06:24,cu2404,cu2404,66700.0,0.0,0.0,0.0,1,66540.0,66670.0,2,66700.0,66640.0,0.0,0.0,0.0,0.0,371
2023-05-09 21:06:25,cu2404,cu2404,66700.0,0.0,0.0,0.0,1,66550.0,66670.0,2,66700.0,66640.0,0.0,0.0,0.0,0.0,371
2023-05-09 21:06:25,cu2404,cu2404,66700.0,0.0,0.0,0.0,1,66550.0,66670.0,2,66700.0,66640.0,0.0,0.0,0.0,0.0,371
2023-05-09 21:06:26,cu2404,cu2404,66700.0,0.0,0.0,0.0,2,66550.0,66670.0,2,66700.0,66640.0,0.0,0.0,0.0,0.0,371
2023-05-09 21:06:28,cu2404,cu2404,66700.0,0.0,0.0,0.0,2,66550.0,66670.0,2,66700.0,66640.0,0.0,0.0,0.0,0.0,371
2023-05-09 21:06:29,cu2404,cu2404,66700.0,0.0,0.0,0.0,2,66550.0,66670.0,3,66700.0,66640.0,0.0,0.0,0.0,0.0,371
2023-05-09 21:06:30,cu2404,cu2404,66700.0,0.0,0.0,0.0,2,66550.0,66670.0,3,66700.0,66640.0,0.0,0.0,0.0,0.0,371
2023-05-09 21:06:30,cu2404,cu2404,66700.0,0.0,0.0,0.0,2,66550.0,66670.0,3,66700.0,66640.0,0.0,0.0,0.0,0.0,371
2023-05-09 21:06:31,cu2404,cu2404,66700.0,0.0,0.0,0.0,2,66550.0,66660.0,1,66700.0,66640.0,0.0,0.0,0.0,0.0,371
2023-05-09 21:06:32,cu2404,cu2404,66700.0,0.0,0.0,0.0,2,66550.0,66650.0,1,66700.0,66640.0,0.0,0.0,0.0,0.0,371
2023-05-09 21:06:33,cu2404,cu2404,66700.0,0.0,0.0,0.0,2,66550.0,66660.0,1,66700.0,66640.0,0.0,0.0,0.0,0.0,371
2023-05-09 21:06:33,cu2404,cu2404,66700.0,0.0,0.0,0.0,2,66550.0,66660.0,2,66700.0,66640.0,0.0,0.0,0.0,0.0,371
2023-05-09 21:06:34,cu2404,cu2404,66700.0,0.0,0.0,0.0,2,66550.0,66660.0,2,66700.0,66640.0,0.0,0.0,0.0,0.0,371
2023-05-09 21:06:35,cu2404,cu2404,66700.0,0.0,0.0,0.0,2,66550.0,66660.0,2,66700.0,66640.0,0.0,0.0,0.0,0.0,371
2023-05-09 21:06:41,cu2404,cu2404,66700.0,0.0,0.0,0.0,5,66550.0,66660.0,2,66700.0,66640.0,0.0,0.0,0.0,0.0,371
2023-05-09 21:06:42,cu2404,cu2404,66700.0,0.0,0.0,0.0,5,66550.0,66660.0,1,66700.0,66640.0,0.0,0.0,0.0,0.0,371
2023-05-09 21:06:43,cu2404,cu2404,66700.0,0.0,0.0,0.0,5,66550.0,66700.0,1,66700.0,66640.0,0.0,0.0,0.0,0.0,371
2023-05-09 21:06:43,cu2404,cu2404,66700.0,0.0,0.0,0.0,5,66550.0,66690.0,2,66700.0,66640.0,0.0,0.0,0.0,0.0,371
2023-05-09 21:06:44,cu2404,cu2404,66700.0,0.0,0.0,0.0,5,66550.0,66690.0,2,66700.0,66640.0,0.0,0.0,0.0,0.0,371
2023-05-09 21:06:44,cu2404,cu2404,66700.0,0.0,0.0,0.0,5,66550.0,66680.0,1,66700.0,66640.0,0.0,0.0,0.0,0.0,371
2023-05-09 21:06:45,cu2404,cu2404,66700.0,0.0,0.0,0.0,5,66550.0,66670.0,1,66700.0,66640.0,0.0,0.0,0.0,0.0,371
2023-05-09 21:06:46,cu2404,cu2404,66700.0,0.0,0.0,0.0,5,66550.0,66660.0,1,66700.0,66640.0,0.0,0.0,0.0,0.0,371
2023-05-09 21:06:46,cu2404,cu2404,66700.0,0.0,0.0,0.0,5,66550.0,66680.0,1,66700.0,66640.0,0.0,0.0,0.0,0.0,371
2023-05-09 21:06:47,cu2404,cu2404,66700.0,0.0,0.0,0.0,5,66550.0,66670.0,1,66700.0,66640.0,0.0,0.0,0.0,0.0,371
2023-05-09 21:06:47,cu2404,cu2404,66700.0,0.0,0.0,0.0,5,66550.0,66660.0,1,66700.0,66640.0,0.0,0.0,0.0,0.0,371
2023-05-09 21:06:48,cu2404,cu2404,66700.0,0.0,0.0,0.0,5,66550.0,66660.0,2,66700.0,66640.0,0.0,0.0,0.0,0.0,371
2023-05-09 21:06:50,cu2404,cu2404,66700.0,0.0,0.0,0.0,5,66550.0,66660.0,2,66700.0,66640.0,0.0,0.0,0.0,0.0,371
2023-05-09 21:06:50,cu2404,cu2404,66700.0,0.0,0.0,0.0,5,66550.0,66660.0,2,66700.0,66640.0,0.0,0.0,0.0,0.0,371
2023-05-09 21:07:01,cu2404,cu2404,66700.0,0.0,0.0,0.0,5,66550.0,66660.0,2,66700.0,66640.0,0.0,0.0,0.0,0.0,371
2023-05-09 21:07:01,cu2404,cu2404,66700.0,0.0,0.0,0.0,2,66550.0,66660.0,2,66700.0,66640.0,0.0,0.0,0.0,0.0,371
2023-05-09 21:07:02,cu2404,cu2404,66700.0,0.0,0.0,0.0,2,66550.0,66660.0,2,66700.0,66640.0,0.0,0.0,0.0,0.0,371
2023-05-09 21:07:02,cu2404,cu2404,66700.0,0.0,0.0,0.0,2,66550.0,66650.0,1,66700.0,66640.0,0.0,0.0,0.0,0.0,371
2023-05-09 21:07:03,cu2404,cu2404,66700.0,0.0,0.0,0.0,2,66550.0,66640.0,1,66700.0,66640.0,0.0,0.0,0.0,0.0,371
2023-05-09 21:07:03,cu2404,cu2404,66700.0,0.0,0.0,0.0,2,66550.0,66640.0,1,66700.0,66640.0,0.0,0.0,0.0,0.0,371
2023-05-09 21:07:04,cu2404,cu2404,66700.0,0.0,0.0,0.0,2,66550.0,66660.0,1,66700.0,66640.0,0.0,0.0,0.0,0.0,371
2023-05-09 21:07:04,cu2404,cu2404,66700.0,0.0,0.0,0.0,2,66550.0,66650.0,1,66700.0,66640.0,0.0,0.0,0.0,0.0,371
2023-05-09 21:07:05,cu2404,cu2404,66700.0,0.0,0.0,0.0,2,66550.0,66650.0,1,66700.0,66640.0,0.0,0.0,0.0,0.0,371
2023-05-09 21:07:07,cu2404,cu2404,66700.0,0.0,0.0,0.0,2,66550.0,66650.0,1,66700.0,66640.0,0.0,0.0,0.0,0.0,371
2023-05-09 21:07:07,cu2404,cu2404,66700.0,0.0,0.0,0.0,2,66550.0,66650.0,1,66700.0,66640.0,0.0,0.0,0.0,0.0,371
2023-05-09 21:07:08,cu2404,cu2404,66700.0,0.0,0.0,0.0,2,66550.0,66650.0,1,66700.0,66640.0,0.0,0.0,0.0,0.0,371
2023-05-09 21:07:09,cu2404,cu2404,66700.0,0.0,0.0,0.0,2,66550.0,66640.0,1,66700.0,66640.0,0.0,0.0,0.0,0.0,371
2023-05-09 21:07:09,cu2404,cu2404,66700.0,0.0,0.0,0.0,2,66550.0,66640.0,1,66700.0,66640.0,0.0,0.0,0.0,0.0,371
2023-05-09 21:07:10,cu2404,cu2404,66700.0,0.0,0.0,0.0,2,66550.0,66660.0,1,66700.0,66640.0,0.0,0.0,0.0,0.0,371
2023-05-09 21:07:11,cu2404,cu2404,66700.0,0.0,0.0,0.0,2,66550.0,66650.0,1,66700.0,66640.0,0.0,0.0,0.0,0.0,371
2023-05-09 21:07:11,cu2404,cu2404,66700.0,0.0,0.0,0.0,1,66550.0,66640.0,1,66700.0,66640.0,0.0,0.0,0.0,0.0,371
2023-05-09 21:07:12,cu2404,cu2404,66700.0,0.0,0.0,0.0,1,66550.0,66640.0,2,66700.0,66640.0,0.0,0.0,0.0,0.0,371
2023-05-09 21:07:18,cu2404,cu2404,66700.0,0.0,0.0,0.0,1,66550.0,66640.0,2,66700.0,66640.0,0.0,0.0,0.0,0.0,371
2023-05-09 21:07:18,cu2404,cu2404,66700.0,0.0,0.0,0.0,1,66550.0,66640.0,2,66700.0,66640.0,0.0,0.0,0.0,0.0,371
2023-05-09 21:07:20,cu2404,cu2404,66700.0,0.0,0.0,0.0,1,66560.0,66640.0,1,66700.0,66640.0,0.0,0.0,0.0,0.0,371
2023-05-09 21:07:20,cu2404,cu2404,66700.0,0.0,0.0,0.0,1,66560.0,66650.0,1,66700.0,66640.0,0.0,0.0,0.0,0.0,371
2023-05-09 21:07:21,cu2404,cu2404,66700.0,0.0,0.0,0.0,2,66560.0,66650.0,2,66700.0,66640.0,0.0,0.0,0.0,0.0,371
2023-05-09 21:07:24,cu2404,cu2404,66700.0,0.0,0.0,0.0,2,66560.0,66650.0,1,66700.0,66640.0,0.0,0.0,0.0,0.0,371
2023-05-09 21:07:25,cu2404,cu2404,66700.0,0.0,0.0,0.0,2,66560.0,66650.0,1,66700.0,66640.0,0.0,0.0,0.0,0.0,371
2023-05-09 21:07:26,cu2404,cu2404,66700.0,0.0,0.0,0.0,2,66560.0,66660.0,1,66700.0,66640.0,0.0,0.0,0.0,0.0,371
2023-05-09 21:07:26,cu2404,cu2404,66700.0,0.0,0.0,0.0,2,66560.0,66660.0,2,66700.0,66640.0,0.0,0.0,0.0,0.0,371
2023-05-09 21:07:29,cu2404,cu2404,66700.0,0.0,0.0,0.0,2,66560.0,66660.0,2,66700.0,66640.0,0.0,0.0,0.0,0.0,371
2023-05-09 21:07:30,cu2404,cu2404,66700.0,0.0,0.0,0.0,2,66560.0,66660.0,2,66700.0,66640.0,0.0,0.0,0.0,0.0,371
2023-05-09 21:07:30,cu2404,cu2404,66700.0,0.0,0.0,0.0,2,66560.0,66660.0,2,66700.0,66640.0,0.0,0.0,0.0,0.0,371
2023-05-09 21:07:31,cu2404,cu2404,66700.0,0.0,0.0,0.0,2,66560.0,66660.0,2,66700.0,66640.0,0.0,0.0,0.0,0.0,371
2023-05-09 21:07:33,cu2404,cu2404,66700.0,0.0,0.0,0.0,2,66560.0,66660.0,2,66700.0,66640.0,0.0,0.0,0.0,0.0,371
2023-05-09 21:07:34,cu2404,cu2404,66700.0,0.0,0.0,0.0,2,66560.0,66660.0,2,66700.0,66640.0,0.0,0.0,0.0,0.0,371
2023-05-09 21:07:37,cu2404,cu2404,66700.0,0.0,0.0,0.0,2,66560.0,66660.0,2,66700.0,66640.0,0.0,0.0,0.0,0.0,371
2023-05-09 21:07:38,cu2404,cu2404,66700.0,0.0,0.0,0.0,2,66560.0,66660.0,2,66700.0,66640.0,0.0,0.0,0.0,0.0,371
2023-05-09 21:07:39,cu2404,cu2404,66700.0,0.0,0.0,0.0,2,66560.0,66660.0,2,66700.0,66640.0,0.0,0.0,0.0,0.0,371
2023-05-09 21:07:39,cu2404,cu2404,66700.0,0.0,0.0,0.0,2,66560.0,66660.0,2,66700.0,66640.0,0.0,0.0,0.0,0.0,371
2023-05-09 21:07:54,cu2404,cu2404,66700.0,0.0,0.0,0.0,2,66560.0,66660.0,2,66700.0,66640.0,0.0,0.0,0.0,0.0,371
2023-05-09 21:07:54,cu2404,cu2404,66700.0,0.0,0.0,0.0,5,66560.0,66660.0,2,66700.0,66640.0,0.0,0.0,0.0,0.0,371
2023-05-09 21:07:56,cu2404,cu2404,66700.0,0.0,0.0,0.0,5,66560.0,66660.0,1,66700.0,66640.0,0.0,0.0,0.0,0.0,371
2023-05-09 21:07:56,cu2404,cu2404,66700.0,0.0,0.0,0.0,5,66560.0,66660.0,1,66700.0,66640.0,0.0,0.0,0.0,0.0,371
2023-05-09 21:07:57,cu2404,cu2404,66700.0,0.0,0.0,0.0,3,66570.0,66700.0,1,66700.0,66640.0,0.0,0.0,0.0,0.0,371
2023-05-09 21:07:57,cu2404,cu2404,66700.0,0.0,0.0,0.0,1,66570.0,66690.0,3,66700.0,66640.0,0.0,0.0,0.0,0.0,371
2023-05-09 21:07:58,cu2404,cu2404,66700.0,0.0,0.0,0.0,2,66570.0,66690.0,3,66700.0,66640.0,0.0,0.0,0.0,0.0,371
2023-05-09 21:07:58,cu2404,cu2404,66700.0,0.0,0.0,0.0,2,66570.0,66680.0,1,66700.0,66640.0,0.0,0.0,0.0,0.0,371
2023-05-09 21:07:59,cu2404,cu2404,66700.0,0.0,0.0,0.0,2,66570.0,66670.0,1,66700.0,66640.0,0.0,0.0,0.0,0.0,371
2023-05-09 21:07:59,cu2404,cu2404,66700.0,0.0,0.0,0.0,2,66570.0,66660.0,1,66700.0,66640.0,0.0,0.0,0.0,0.0,371
2023-05-09 21:08:00,cu2404,cu2404,66700.0,0.0,0.0,0.0,2,66570.0,66670.0,1,66700.0,66640.0,0.0,0.0,0.0,0.0,371
2023-05-09 21:08:00,cu2404,cu2404,66700.0,0.0,0.0,0.0,2,66570.0,66670.0,1,66700.0,66640.0,0.0,0.0,0.0,0.0,371
2023-05-09 21:08:01,cu2404,cu2404,66700.0,0.0,0.0,0.0,2,66570.0,66660.0,1,66700.0,66640.0,0.0,0.0,0.0,0.0,371
2023-05-09 21:08:01,cu2404,cu2404,66700.0,0.0,0.0,0.0,2,66570.0,66660.0,1,66700.0,66640.0,0.0,0.0,0.0,0.0,371
2023-05-09 21:08:02,cu2404,cu2404,66700.0,0.0,0.0,0.0,2,66570.0,66700.0,1,66700.0,66640.0,0.0,0.0,0.0,0.0,371
2023-05-09 21:08:02,cu2404,cu2404,66700.0,0.0,0.0,0.0,2,66570.0,66690.0,2,66700.0,66640.0,0.0,0.0,0.0,0.0,371
2023-05-09 21:08:03,cu2404,cu2404,66700.0,0.0,0.0,0.0,2,66570.0,66680.0,1,66700.0,66640.0,0.0,0.0,0.0,0.0,371
2023-05-09 21:08:03,cu2404,cu2404,66700.0,0.0,0.0,0.0,2,66570.0,66670.0,1,66700.0,66640.0,0.0,0.0,0.0,0.0,371
2023-05-09 21:08:04,cu2404,cu2404,66700.0,0.0,0.0,0.0,2,66570.0,66660.0,1,66700.0,66640.0,0.0,0.0,0.0,0.0,371
2023-05-09 21:08:04,cu2404,cu2404,66700.0,0.0,0.0,0.0,2,66570.0,66660.0,1,66700.0,66640.0,0.0,0.0,0.0,0.0,371
2023-05-09 21:08:05,cu2404,cu2404,66700.0,0.0,0.0,0.0,2,66570.0,66680.0,1,66700.0,66640.0,0.0,0.0,0.0,0.0,371
2023-05-09 21:08:05,cu2404,cu2404,66700.0,0.0,0.0,0.0,1,66580.0,66680.0,2,66700.0,66640.0,0.0,0.0,0.0,0.0,371
2023-05-09 21:08:06,cu2404,cu2404,66700.0,0.0,0.0,0.0,1,66580.0,66680.0,2,66700.0,66640.0,0.0,0.0,0.0,0.0,371
2023-05-09 21:08:06,cu2404,cu2404,66700.0,0.0,0.0,0.0,1,66590.0,66680.0,1,66700.0,66640.0,0.0,0.0,0.0,0.0,371
2023-05-09 21:08:07,cu2404,cu2404,66700.0,0.0,0.0,0.0,2,66590.0,66700.0,1,66700.0,66640.0,0.0,0.0,0.0,0.0,371
2023-05-09 21:08:07,cu2404,cu2404,66700.0,0.0,0.0,0.0,2,66590.0,66690.0,1,66700.0,66640.0,0.0,0.0,0.0,0.0,371
2023-05-09 21:08:08,cu2404,cu2404,66700.0,0.0,0.0,0.0,2,66590.0,66680.0,1,66700.0,66640.0,0.0,0.0,0.0,0.0,371
2023-05-09 21:08:08,cu2404,cu2404,66700.0,0.0,0.0,0.0,2,66590.0,66680.0,1,66700.0,66640.0,0.0,0.0,0.0,0.0,371
2023-05-09 21:08:09,cu2404,cu2404,66700.0,0.0,0.0,0.0,2,66590.0,66680.0,2,66700.0,66640.0,0.0,0.0,0.0,0.0,371
2023-05-09 21:08:09,cu2404,cu2404,66700.0,0.0,0.0,0.0,2,66590.0,66680.0,1,66700.0,66640.0,0.0,0.0,0.0,0.0,371
2023-05-09 21:08:10,cu2404,cu2404,66700.0,0.0,0.0,0.0,2,66590.0,66690.0,1,66700.0,66640.0,0.0,0.0,0.0,0.0,371
2023-05-09 21:08:10,cu2404,cu2404,66700.0,0.0,0.0,0.0,2,66590.0,66690.0,1,66700.0,66640.0,0.0,0.0,0.0,0.0,371
2023-05-09 21:08:11,cu2404,cu2404,66700.0,0.0,0.0,0.0,2,66590.0,66680.0,1,66700.0,66640.0,0.0,0.0,0.0,0.0,371
2023-05-09 21:08:11,cu2404,cu2404,66700.0,0.0,0.0,0.0,2,66590.0,66700.0,1,66700.0,66640.0,0.0,0.0,0.0,0.0,371
2023-05-09 21:08:12,cu2404,cu2404,66700.0,0.0,0.0,0.0,2,66590.0,66690.0,1,66700.0,66640.0,0.0,0.0,0.0,0.0,371
2023-05-09 21:08:13,cu2404,cu2404,66700.0,0.0,0.0,0.0,2,66590.0,66680.0,1,66700.0,66640.0,0.0,0.0,0.0,0.0,371
2023-05-09 21:08:13,cu2404,cu2404,66700.0,0.0,0.0,0.0,2,66590.0,66680.0,1,66700.0,66640.0,0.0,0.0,0.0,0.0,371
2023-05-09 21:08:14,cu2404,cu2404,66700.0,0.0,0.0,0.0,2,66590.0,66710.0,1,66700.0,66640.0,0.0,0.0,0.0,0.0,371
2023-05-09 21:08:14,cu2404,cu2404,66700.0,0.0,0.0,0.0,2,66590.0,66700.0,2,66700.0,66640.0,0.0,0.0,0.0,0.0,371
2023-05-09 21:08:15,cu2404,cu2404,66700.0,0.0,0.0,0.0,2,66600.0,66700.0,2,66700.0,66640.0,0.0,0.0,0.0,0.0,371
2023-05-09 21:08:15,cu2404,cu2404,66700.0,0.0,0.0,0.0,1,66600.0,66700.0,2,66700.0,66640.0,0.0,0.0,0.0,0.0,371
2023-05-09 21:08:16,cu2404,cu2404,66700.0,0.0,0.0,0.0,2,66600.0,66700.0,2,66700.0,66640.0,0.0,0.0,0.0,0.0,371
2023-05-09 21:08:17,cu2404,cu2404,66700.0,0.0,0.0,0.0,2,66600.0,66700.0,1,66700.0,66640.0,0.0,0.0,0.0,0.0,371
2023-05-09 21:08:18,cu2404,cu2404,66700.0,0.0,0.0,0.0,2,66600.0,66700.0,2,66700.0,66640.0,0.0,0.0,0.0,0.0,371
2023-05-09 21:08:18,cu2404,cu2404,66700.0,0.0,0.0,0.0,2,66610.0,66700.0,2,66700.0,66640.0,0.0,0.0,0.0,0.0,371
2023-05-09 21:08:19,cu2404,cu2404,66700.0,0.0,0.0,0.0,1,66500.0,66700.0,2,66700.0,66640.0,0.0,0.0,0.0,0.0,371
2023-05-09 21:08:19,cu2404,cu2404,66700.0,0.0,0.0,0.0,1,66520.0,66700.0,2,66700.0,66640.0,0.0,0.0,0.0,0.0,371
2023-05-09 21:08:20,cu2404,cu2404,66700.0,0.0,0.0,0.0,6,66530.0,66700.0,2,66700.0,66640.0,0.0,0.0,0.0,0.0,371
2023-05-09 21:08:20,cu2404,cu2404,66700.0,0.0,0.0,0.0,6,66530.0,66700.0,2,66700.0,66640.0,0.0,0.0,0.0,0.0,371
2023-05-09 21:08:21,cu2404,cu2404,66700.0,0.0,0.0,0.0,3,66540.0,66700.0,2,66700.0,66640.0,0.0,0.0,0.0,0.0,371
2023-05-09 21:08:21,cu2404,cu2404,66700.0,0.0,0.0,0.0,2,66550.0,66700.0,1,66700.0,66640.0,0.0,0.0,0.0,0.0,371
2023-05-09 21:08:22,cu2404,cu2404,66700.0,0.0,0.0,0.0,1,66560.0,66720.0,1,66700.0,66640.0,0.0,0.0,0.0,0.0,371
2023-05-09 21:08:22,cu2404,cu2404,66700.0,0.0,0.0,0.0,1,66570.0,66710.0,1,66700.0,66640.0,0.0,0.0,0.0,0.0,371
2023-05-09 21:08:23,cu2404,cu2404,66700.0,0.0,0.0,0.0,1,66580.0,66710.0,1,66700.0,66640.0,0.0,0.0,0.0,0.0,371
2023-05-09 21:08:23,cu2404,cu2404,66700.0,0.0,0.0,0.0,2,66590.0,66700.0,1,66700.0,66640.0,0.0,0.0,0.0,0.0,371
2023-05-09 21:08:24,cu2404,cu2404,66700.0,0.0,0.0,0.0,2,66590.0,66700.0,1,66700.0,66640.0,0.0,0.0,0.0,0.0,371
2023-05-09 21:08:24,cu2404,cu2404,66700.0,0.0,0.0,0.0,2,66590.0,66700.0,1,66700.0,66640.0,0.0,0.0,0.0,0.0,371
2023-05-09 21:08:25,cu2404,cu2404,66700.0,0.0,0.0,0.0,2,66590.0,66700.0,1,66700.0,66640.0,0.0,0.0,0.0,0.0,371
2023-05-09 21:08:25,cu2404,cu2404,66700.0,0.0,0.0,0.0,2,66590.0,66700.0,1,66700.0,66640.0,0.0,0.0,0.0,0.0,371
2023-05-09 21:08:26,cu2404,cu2404,66700.0,0.0,0.0,0.0,5,66590.0,66700.0,1,66700.0,66640.0,0.0,0.0,0.0,0.0,371
2023-05-09 21:08:26,cu2404,cu2404,66700.0,0.0,0.0,0.0,5,66590.0,66700.0,1,66700.0,66640.0,0.0,0.0,0.0,0.0,371
2023-05-09 21:08:27,cu2404,cu2404,66700.0,0.0,0.0,0.0,5,66590.0,66700.0,1,66700.0,66640.0,0.0,0.0,0.0,0.0,371
2023-05-09 21:08:29,cu2404,cu2404,66700.0,0.0,0.0,0.0,5,66590.0,66700.0,1,66700.0,66640.0,0.0,0.0,0.0,0.0,371
2023-05-09 21:08:30,cu2404,cu2404,66700.0,0.0,0.0,0.0,5,66590.0,66700.0,1,66700.0,66640.0,0.0,0.0,0.0,0.0,371
2023-05-09 21:08:31,cu2404,cu2404,66700.0,0.0,0.0,0.0,5,66590.0,66700.0,1,66700.0,66640.0,0.0,0.0,0.0,0.0,371
2023-05-09 21:08:31,cu2404,cu2404,66700.0,0.0,0.0,0.0,2,66590.0,66690.0,1,66700.0,66640.0,0.0,0.0,0.0,0.0,371
2023-05-09 21:08:32,cu2404,cu2404,66700.0,0.0,0.0,0.0,2,66590.0,66690.0,2,66700.0,66640.0,0.0,0.0,0.0,0.0,371
2023-05-09 21:08:32,cu2404,cu2404,66700.0,0.0,0.0,0.0,2,66590.0,66690.0,1,66700.0,66640.0,0.0,0.0,0.0,0.0,371
2023-05-09 21:08:33,cu2404,cu2404,66700.0,0.0,0.0,0.0,2,66590.0,66720.0,1,66700.0,66640.0,0.0,0.0,0.0,0.0,371
2023-05-09 21:08:33,cu2404,cu2404,66700.0,0.0,0.0,0.0,2,66590.0,66700.0,1,66700.0,66640.0,0.0,0.0,0.0,0.0,371
2023-05-09 21:08:34,cu2404,cu2404,66700.0,0.0,0.0,0.0,2,66590.0,66690.0,2,66700.0,66640.0,0.0,0.0,0.0,0.0,371
2023-05-09 21:08:36,cu2404,cu2404,66700.0,0.0,0.0,0.0,2,66590.0,66690.0,2,66700.0,66640.0,0.0,0.0,0.0,0.0,371
2023-05-09 21:08:36,cu2404,cu2404,66700.0,0.0,0.0,0.0,2,66590.0,66690.0,1,66700.0,66640.0,0.0,0.0,0.0,0.0,371
2023-05-09 21:08:37,cu2404,cu2404,66700.0,0.0,0.0,0.0,2,66590.0,66690.0,1,66700.0,66640.0,0.0,0.0,0.0,0.0,371
2023-05-09 21:08:38,cu2404,cu2404,66700.0,0.0,0.0,0.0,2,66590.0,66690.0,1,66700.0,66640.0,0.0,0.0,0.0,0.0,371
2023-05-09 21:08:39,cu2404,cu2404,66700.0,0.0,0.0,0.0,2,66590.0,66690.0,1,66700.0,66640.0,0.0,0.0,0.0,0.0,371
2023-05-09 21:08:47,cu2404,cu2404,66700.0,0.0,0.0,0.0,2,66590.0,66690.0,1,66700.0,66640.0,0.0,0.0,0.0,0.0,371
2023-05-09 21:08:48,cu2404,cu2404,66700.0,0.0,0.0,0.0,2,66590.0,66700.0,1,66700.0,66640.0,0.0,0.0,0.0,0.0,371
2023-05-09 21:08:49,cu2404,cu2404,66700.0,0.0,0.0,0.0,2,66590.0,66700.0,2,66700.0,66640.0,0.0,0.0,0.0,0.0,371
2023-05-09 21:08:50,cu2404,cu2404,66700.0,0.0,0.0,0.0,2,66590.0,66690.0,1,66700.0,66640.0,0.0,0.0,0.0,0.0,371
2023-05-09 21:08:51,cu2404,cu2404,66700.0,0.0,0.0,0.0,2,66590.0,66680.0,1,66700.0,66640.0,0.0,0.0,0.0,0.0,371
2023-05-09 21:08:51,cu2404,cu2404,66700.0,0.0,0.0,0.0,2,66590.0,66680.0,1,66700.0,66640.0,0.0,0.0,0.0,0.0,371
2023-05-09 21:08:53,cu2404,cu2404,66700.0,0.0,0.0,0.0,2,66590.0,66680.0,1,66700.0,66640.0,0.0,0.0,0.0,0.0,371
2023-05-09 21:08:54,cu2404,cu2404,66700.0,0.0,0.0,0.0,2,66590.0,66720.0,1,66700.0,66640.0,0.0,0.0,0.0,0.0,371
2023-05-09 21:08:55,cu2404,cu2404,66700.0,0.0,0.0,0.0,2,66590.0,66700.0,1,66700.0,66640.0,0.0,0.0,0.0,0.0,371
2023-05-09 21:08:55,cu2404,cu2404,66700.0,0.0,0.0,0.0,2,66590.0,66690.0,2,66700.0,66640.0,0.0,0.0,0.0,0.0,371
2023-05-09 21:08:56,cu2404,cu2404,66700.0,0.0,0.0,0.0,2,66590.0,66690.0,2,66700.0,66640.0,0.0,0.0,0.0,0.0,371
2023-05-09 21:08:56,cu2404,cu2404,66700.0,0.0,0.0,0.0,2,66590.0,66690.0,2,66700.0,66640.0,0.0,0.0,0.0,0.0,371
2023-05-09 21:09:00,cu2404,cu2404,66700.0,0.0,0.0,0.0,2,66590.0,66690.0,2,66700.0,66640.0,0.0,0.0,0.0,0.0,371
2023-05-09 21:09:01,cu2404,cu2404,66700.0,0.0,0.0,0.0,2,66590.0,66690.0,2,66700.0,66640.0,0.0,0.0,0.0,0.0,371
2023-05-09 21:09:04,cu2404,cu2404,66700.0,0.0,0.0,0.0,2,66590.0,66690.0,2,66700.0,66640.0,0.0,0.0,0.0,0.0,371
2023-05-09 21:09:05,cu2404,cu2404,66700.0,0.0,0.0,0.0,2,66590.0,66690.0,2,66700.0,66640.0,0.0,0.0,0.0,0.0,371
2023-05-09 21:09:08,cu2404,cu2404,66700.0,0.0,0.0,0.0,2,66590.0,66690.0,2,66700.0,66640.0,0.0,0.0,0.0,0.0,371
2023-05-09 21:09:08,cu2404,cu2404,66700.0,0.0,0.0,0.0,1,66590.0,66690.0,2,66700.0,66640.0,0.0,0.0,0.0,0.0,371
2023-05-09 21:09:09,cu2404,cu2404,66700.0,0.0,0.0,0.0,2,66590.0,66690.0,2,66700.0,66640.0,0.0,0.0,0.0,0.0,371
2023-05-09 21:09:09,cu2404,cu2404,66700.0,0.0,0.0,0.0,2,66590.0,66690.0,2,66700.0,66640.0,0.0,0.0,0.0,0.0,371
2023-05-09 21:09:10,cu2404,cu2404,66700.0,0.0,0.0,0.0,2,66590.0,66690.0,2,66700.0,66640.0,0.0,0.0,0.0,0.0,371
2023-05-09 21:09:11,cu2404,cu2404,66700.0,0.0,0.0,0.0,2,66590.0,66690.0,2,66700.0,66640.0,0.0,0.0,0.0,0.0,371
2023-05-09 21:09:12,cu2404,cu2404,66700.0,0.0,0.0,0.0,2,66590.0,66690.0,2,66700.0,66640.0,0.0,0.0,0.0,0.0,371
2023-05-09 21:09:13,cu2404,cu2404,66700.0,0.0,0.0,0.0,2,66590.0,66690.0,2,66700.0,66640.0,0.0,0.0,0.0,0.0,371
2023-05-09 21:09:13,cu2404,cu2404,66700.0,0.0,0.0,0.0,2,66590.0,66690.0,2,66700.0,66640.0,0.0,0.0,0.0,0.0,371
2023-05-09 21:09:14,cu2404,cu2404,66700.0,0.0,0.0,0.0,2,66590.0,66690.0,2,66700.0,66640.0,0.0,0.0,0.0,0.0,371
2023-05-09 21:09:17,cu2404,cu2404,66700.0,0.0,0.0,0.0,2,66590.0,66690.0,2,66700.0,66640.0,0.0,0.0,0.0,0.0,371
2023-05-09 21:09:17,cu2404,cu2404,66700.0,0.0,0.0,0.0,2,66590.0,66690.0,2,66700.0,66640.0,0.0,0.0,0.0,0.0,371
2023-05-09 21:09:18,cu2404,cu2404,66700.0,0.0,0.0,0.0,1,66600.0,66690.0,2,66700.0,66640.0,0.0,0.0,0.0,0.0,371
2023-05-09 21:09:19,cu2404,cu2404,66700.0,0.0,0.0,0.0,1,66600.0,66690.0,2,66700.0,66640.0,0.0,0.0,0.0,0.0,371
2023-05-09 21:09:29,cu2404,cu2404,66700.0,0.0,0.0,0.0,2,66600.0,66690.0,2,66700.0,66640.0,0.0,0.0,0.0,0.0,371
2023-05-09 21:09:32,cu2404,cu2404,66700.0,0.0,0.0,0.0,1,66600.0,66690.0,2,66700.0,66640.0,0.0,0.0,0.0,0.0,371
2023-05-09 21:09:37,cu2404,cu2404,66700.0,0.0,0.0,0.0,2,66600.0,66690.0,2,66700.0,66640.0,0.0,0.0,0.0,0.0,371
2023-05-09 21:09:39,cu2404,cu2404,66700.0,0.0,0.0,0.0,1,66600.0,66690.0,2,66700.0,66640.0,0.0,0.0,0.0,0.0,371
2023-05-09 21:09:44,cu2404,cu2404,66700.0,0.0,0.0,0.0,1,66600.0,66690.0,2,66700.0,66640.0,0.0,0.0,0.0,0.0,371
2023-05-09 21:09:45,cu2404,cu2404,66700.0,0.0,0.0,0.0,1,66600.0,66690.0,2,66700.0,66640.0,0.0,0.0,0.0,0.0,371
2023-05-09 21:09:45,cu2404,cu2404,66700.0,0.0,0.0,0.0,1,66600.0,66690.0,2,66700.0,66640.0,0.0,0.0,0.0,0.0,371
2023-05-09 21:09:46,cu2404,cu2404,66700.0,0.0,0.0,0.0,1,66600.0,66690.0,2,66700.0,66640.0,0.0,0.0,0.0,0.0,371
2023-05-09 21:09:47,cu2404,cu2404,66700.0,0.0,0.0,0.0,1,66600.0,66690.0,2,66700.0,66640.0,0.0,0.0,0.0,0.0,371
2023-05-09 21:09:47,cu2404,cu2404,66700.0,0.0,0.0,0.0,1,66600.0,66690.0,2,66700.0,66640.0,0.0,0.0,0.0,0.0,371
2023-05-09 21:09:48,cu2404,cu2404,66700.0,0.0,0.0,0.0,1,66600.0,66690.0,2,66700.0,66640.0,0.0,0.0,0.0,0.0,371
2023-05-09 21:09:49,cu2404,cu2404,66700.0,0.0,0.0,0.0,1,66600.0,66690.0,2,66700.0,66640.0,0.0,0.0,0.0,0.0,371
2023-05-09 21:09:50,cu2404,cu2404,66700.0,0.0,0.0,0.0,1,66500.0,66690.0,2,66700.0,66640.0,0.0,0.0,0.0,0.0,371
2023-05-09 21:09:51,cu2404,cu2404,66700.0,0.0,0.0,0.0,13,66510.0,66690.0,2,66700.0,66640.0,0.0,0.0,0.0,0.0,371
2023-05-09 21:09:51,cu2404,cu2404,66700.0,0.0,0.0,0.0,1,66520.0,66690.0,2,66700.0,66640.0,0.0,0.0,0.0,0.0,371
2023-05-09 21:09:52,cu2404,cu2404,66700.0,0.0,0.0,0.0,2,66530.0,66690.0,2,66700.0,66640.0,0.0,0.0,0.0,0.0,371
2023-05-09 21:09:52,cu2404,cu2404,66700.0,0.0,0.0,0.0,2,66550.0,66690.0,2,66700.0,66640.0,0.0,0.0,0.0,0.0,371
2023-05-09 21:09:53,cu2404,cu2404,66700.0,0.0,0.0,0.0,3,66560.0,66690.0,2,66700.0,66640.0,0.0,0.0,0.0,0.0,371
2023-05-09 21:09:53,cu2404,cu2404,66700.0,0.0,0.0,0.0,3,66560.0,66690.0,2,66700.0,66640.0,0.0,0.0,0.0,0.0,371
2023-05-09 21:09:54,cu2404,cu2404,66700.0,0.0,0.0,0.0,6,66560.0,66690.0,2,66700.0,66640.0,0.0,0.0,0.0,0.0,371
2023-05-09 21:09:55,cu2404,cu2404,66700.0,0.0,0.0,0.0,5,66560.0,66690.0,2,66700.0,66640.0,0.0,0.0,0.0,0.0,371
2023-05-09 21:10:01,cu2404,cu2404,66700.0,0.0,0.0,0.0,5,66560.0,66690.0,2,66700.0,66640.0,0.0,0.0,0.0,0.0,371
2023-05-09 21:10:01,cu2404,cu2404,66700.0,0.0,0.0,0.0,5,66560.0,66690.0,2,66700.0,66640.0,0.0,0.0,0.0,0.0,371
2023-05-09 21:10:06,cu2404,cu2404,66700.0,0.0,0.0,0.0,5,66560.0,66690.0,1,66700.0,66640.0,0.0,0.0,0.0,0.0,371
2023-05-09 21:10:06,cu2404,cu2404,66700.0,0.0,0.0,0.0,5,66560.0,66700.0,1,66700.0,66640.0,0.0,0.0,0.0,0.0,371
2023-05-09 21:10:07,cu2404,cu2404,66700.0,0.0,0.0,0.0,2,66560.0,66720.0,1,66700.0,66640.0,0.0,0.0,0.0,0.0,371
2023-05-09 21:10:07,cu2404,cu2404,66700.0,0.0,0.0,0.0,3,66570.0,66690.0,2,66700.0,66640.0,0.0,0.0,0.0,0.0,371
2023-05-09 21:10:08,cu2404,cu2404,66700.0,0.0,0.0,0.0,3,66570.0,66690.0,1,66700.0,66640.0,0.0,0.0,0.0,0.0,371
2023-05-09 21:10:08,cu2404,cu2404,66700.0,0.0,0.0,0.0,1,66580.0,66690.0,1,66700.0,66640.0,0.0,0.0,0.0,0.0,371
2023-05-09 21:10:09,cu2404,cu2404,66700.0,0.0,0.0,0.0,1,66580.0,66720.0,1,66700.0,66640.0,0.0,0.0,0.0,0.0,371
2023-05-09 21:10:09,cu2404,cu2404,66700.0,0.0,0.0,0.0,3,66590.0,66720.0,2,66700.0,66640.0,0.0,0.0,0.0,0.0,371
2023-05-09 21:10:10,cu2404,cu2404,66700.0,0.0,0.0,0.0,1,66560.0,66700.0,1,66700.0,66640.0,0.0,0.0,0.0,0.0,371
2023-05-09 21:10:10,cu2404,cu2404,66700.0,0.0,0.0,0.0,4,66570.0,66690.0,1,66700.0,66640.0,0.0,0.0,0.0,0.0,371
2023-05-09 21:10:11,cu2404,cu2404,66700.0,0.0,0.0,0.0,2,66590.0,66690.0,1,66700.0,66640.0,0.0,0.0,0.0,0.0,371
2023-05-09 21:10:12,cu2404,cu2404,66700.0,0.0,0.0,0.0,2,66590.0,66690.0,1,66700.0,66640.0,0.0,0.0,0.0,0.0,371
2023-05-09 21:10:12,cu2404,cu2404,66700.0,0.0,0.0,0.0,1,66600.0,66690.0,1,66700.0,66640.0,0.0,0.0,0.0,0.0,371
2023-05-09 21:10:13,cu2404,cu2404,66700.0,0.0,0.0,0.0,1,66600.0,66690.0,1,66700.0,66640.0,0.0,0.0,0.0,0.0,371
2023-05-09 21:10:13,cu2404,cu2404,66700.0,0.0,0.0,0.0,1,66600.0,66690.0,1,66700.0,66640.0,0.0,0.0,0.0,0.0,371
2023-05-09 21:10:14,cu2404,cu2404,66700.0,0.0,0.0,0.0,1,66600.0,66690.0,1,66700.0,66640.0,0.0,0.0,0.0,0.0,371
2023-05-09 21:10:14,cu2404,cu2404,66700.0,0.0,0.0,0.0,1,66600.0,66710.0,1,66700.0,66640.0,0.0,0.0,0.0,0.0,371
2023-05-09 21:10:15,cu2404,cu2404,66700.0,0.0,0.0,0.0,1,66600.0,66720.0,1,66700.0,66640.0,0.0,0.0,0.0,0.0,371
2023-05-09 21:10:15,cu2404,cu2404,66700.0,0.0,0.0,0.0,1,66600.0,66710.0,1,66700.0,66640.0,0.0,0.0,0.0,0.0,371
2023-05-09 21:10:20,cu2404,cu2404,66700.0,0.0,0.0,0.0,1,66600.0,66710.0,1,66700.0,66640.0,0.0,0.0,0.0,0.0,371
2023-05-09 21:10:20,cu2404,cu2404,66700.0,0.0,0.0,0.0,2,66610.0,66720.0,1,66700.0,66640.0,0.0,0.0,0.0,0.0,371
2023-05-09 21:10:21,cu2404,cu2404,66700.0,0.0,0.0,0.0,1,66580.0,66720.0,1,66700.0,66640.0,0.0,0.0,0.0,0.0,371
2023-05-09 21:10:21,cu2404,cu2404,66700.0,0.0,0.0,0.0,3,66590.0,66720.0,1,66700.0,66640.0,0.0,0.0,0.0,0.0,371
2023-05-09 21:10:22,cu2404,cu2404,66700.0,0.0,0.0,0.0,1,66600.0,66720.0,1,66700.0,66640.0,0.0,0.0,0.0,0.0,371
2023-05-09 21:10:24,cu2404,cu2404,66700.0,0.0,0.0,0.0,1,66600.0,66720.0,1,66700.0,66640.0,0.0,0.0,0.0,0.0,371
2023-05-09 21:10:25,cu2404,cu2404,66700.0,0.0,0.0,0.0,4,66600.0,66720.0,1,66700.0,66640.0,0.0,0.0,0.0,0.0,371
2023-05-09 21:10:26,cu2404,cu2404,66700.0,0.0,0.0,0.0,2,66610.0,66720.0,1,66700.0,66640.0,0.0,0.0,0.0,0.0,371
2023-05-09 21:10:27,cu2404,cu2404,66700.0,0.0,0.0,0.0,3,66600.0,66720.0,1,66700.0,66640.0,0.0,0.0,0.0,0.0,371
2023-05-09 21:10:28,cu2404,cu2404,66700.0,0.0,0.0,0.0,1,66610.0,66720.0,1,66700.0,66640.0,0.0,0.0,0.0,0.0,371
2023-05-09 21:10:29,cu2404,cu2404,66700.0,0.0,0.0,0.0,1,66610.0,66720.0,1,66700.0,66640.0,0.0,0.0,0.0,0.0,371
2023-05-09 21:10:31,cu2404,cu2404,66700.0,0.0,0.0,0.0,1,66610.0,66720.0,1,66700.0,66640.0,0.0,0.0,0.0,0.0,371
2023-05-09 21:10:32,cu2404,cu2404,66700.0,0.0,0.0,0.0,1,66610.0,66720.0,2,66700.0,66640.0,0.0,0.0,0.0,0.0,371
2023-05-09 21:10:35,cu2404,cu2404,66700.0,0.0,0.0,0.0,1,66610.0,66720.0,2,66700.0,66640.0,0.0,0.0,0.0,0.0,371
2023-05-09 21:10:35,cu2404,cu2404,66700.0,0.0,0.0,0.0,2,66610.0,66720.0,2,66700.0,66640.0,0.0,0.0,0.0,0.0,371
2023-05-09 21:10:39,cu2404,cu2404,66700.0,0.0,0.0,0.0,2,66610.0,66720.0,2,66700.0,66640.0,0.0,0.0,0.0,0.0,371
2023-05-09 21:10:40,cu2404,cu2404,66700.0,0.0,0.0,0.0,2,66610.0,66720.0,2,66700.0,66640.0,0.0,0.0,0.0,0.0,371
2023-05-09 21:10:45,cu2404,cu2404,66700.0,0.0,0.0,0.0,1,66620.0,66720.0,2,66700.0,66640.0,0.0,0.0,0.0,0.0,371
2023-05-09 21:10:45,cu2404,cu2404,66700.0,0.0,0.0,0.0,1,66620.0,66720.0,2,66700.0,66640.0,0.0,0.0,0.0,0.0,371
2023-05-09 21:10:46,cu2404,cu2404,66700.0,0.0,0.0,0.0,1,66630.0,66720.0,2,66700.0,66640.0,0.0,0.0,0.0,0.0,371
2023-05-09 21:10:46,cu2404,cu2404,66700.0,0.0,0.0,0.0,1,66630.0,66720.0,2,66700.0,66640.0,0.0,0.0,0.0,0.0,371
2023-05-09 21:10:48,cu2404,cu2404,66700.0,0.0,0.0,0.0,1,66630.0,66720.0,2,66700.0,66640.0,0.0,0.0,0.0,0.0,371
2023-05-09 21:10:48,cu2404,cu2404,66700.0,0.0,0.0,0.0,1,66630.0,66720.0,2,66700.0,66640.0,0.0,0.0,0.0,0.0,371
2023-05-09 21:10:54,cu2404,cu2404,66700.0,0.0,0.0,0.0,1,66630.0,66720.0,2,66700.0,66640.0,0.0,0.0,0.0,0.0,371
2023-05-09 21:10:55,cu2404,cu2404,66700.0,0.0,0.0,0.0,1,66630.0,66720.0,2,66700.0,66640.0,0.0,0.0,0.0,0.0,371
2023-05-09 21:10:59,cu2404,cu2404,66700.0,0.0,0.0,0.0,2,66630.0,66720.0,1,66700.0,66640.0,0.0,0.0,0.0,0.0,371
2023-05-09 21:10:59,cu2404,cu2404,66700.0,0.0,0.0,0.0,2,66630.0,66720.0,1,66700.0,66640.0,0.0,0.0,0.0,0.0,371
2023-05-09 21:11:00,cu2404,cu2404,66700.0,0.0,0.0,0.0,3,66640.0,66720.0,1,66700.0,66640.0,0.0,0.0,0.0,0.0,371
2023-05-09 21:11:00,cu2404,cu2404,66700.0,0.0,0.0,0.0,1,66500.0,66720.0,1,66700.0,66640.0,0.0,0.0,0.0,0.0,371
2023-05-09 21:11:01,cu2404,cu2404,66700.0,0.0,0.0,0.0,12,66510.0,66720.0,1,66700.0,66640.0,0.0,0.0,0.0,0.0,371
2023-05-09 21:11:01,cu2404,cu2404,66700.0,0.0,0.0,0.0,1,66540.0,66720.0,1,66700.0,66640.0,0.0,0.0,0.0,0.0,371
2023-05-09 21:11:02,cu2404,cu2404,66700.0,0.0,0.0,0.0,2,66550.0,66720.0,1,66700.0,66640.0,0.0,0.0,0.0,0.0,371
2023-05-09 21:11:02,cu2404,cu2404,66700.0,0.0,0.0,0.0,4,66560.0,66720.0,2,66700.0,66640.0,0.0,0.0,0.0,0.0,371
2023-05-09 21:11:03,cu2404,cu2404,66700.0,0.0,0.0,0.0,3,66570.0,66720.0,2,66700.0,66640.0,0.0,0.0,0.0,0.0,371
2023-05-09 21:11:03,cu2404,cu2404,66700.0,0.0,0.0,0.0,3,66570.0,66720.0,2,66700.0,66640.0,0.0,0.0,0.0,0.0,371
2023-05-09 21:11:04,cu2404,cu2404,66700.0,0.0,0.0,0.0,8,66580.0,66720.0,2,66700.0,66640.0,0.0,0.0,0.0,0.0,371
2023-05-09 21:11:04,cu2404,cu2404,66700.0,0.0,0.0,0.0,4,66590.0,66720.0,2,66700.0,66640.0,0.0,0.0,0.0,0.0,371
2023-05-09 21:11:05,cu2404,cu2404,66700.0,0.0,0.0,0.0,1,66600.0,66720.0,2,66700.0,66640.0,0.0,0.0,0.0,0.0,371
2023-05-09 21:11:05,cu2404,cu2404,66700.0,0.0,0.0,0.0,1,66610.0,66720.0,2,66700.0,66640.0,0.0,0.0,0.0,0.0,371
2023-05-09 21:11:06,cu2404,cu2404,66700.0,0.0,0.0,0.0,1,66610.0,66720.0,2,66700.0,66640.0,0.0,0.0,0.0,0.0,371
2023-05-09 21:11:06,cu2404,cu2404,66700.0,0.0,0.0,0.0,1,66620.0,66720.0,2,66700.0,66640.0,0.0,0.0,0.0,0.0,371
2023-05-09 21:11:07,cu2404,cu2404,66700.0,0.0,0.0,0.0,4,66620.0,66720.0,2,66700.0,66640.0,0.0,0.0,0.0,0.0,371
2023-05-09 21:11:09,cu2404,cu2404,66700.0,0.0,0.0,0.0,4,66620.0,66720.0,2,66700.0,66640.0,0.0,0.0,0.0,0.0,371
2023-05-09 21:11:10,cu2404,cu2404,66700.0,0.0,0.0,0.0,4,66620.0,66720.0,2,66700.0,66640.0,0.0,0.0,0.0,0.0,371
2023-05-09 21:11:11,cu2404,cu2404,66700.0,0.0,0.0,0.0,5,66620.0,66720.0,2,66700.0,66640.0,0.0,0.0,0.0,0.0,371
2023-05-09 21:11:13,cu2404,cu2404,66700.0,0.0,0.0,0.0,1,66630.0,66720.0,1,66700.0,66640.0,0.0,0.0,0.0,0.0,371
2023-05-09 21:11:13,cu2404,cu2404,66700.0,0.0,0.0,0.0,3,66620.0,66720.0,2,66700.0,66640.0,0.0,0.0,0.0,0.0,371
2023-05-09 21:11:14,cu2404,cu2404,66700.0,0.0,0.0,0.0,1,66630.0,66720.0,1,66700.0,66640.0,0.0,0.0,0.0,0.0,371
2023-05-09 21:11:14,cu2404,cu2404,66700.0,0.0,0.0,0.0,1,66630.0,66720.0,2,66700.0,66640.0,0.0,0.0,0.0,0.0,371
2023-05-09 21:11:15,cu2404,cu2404,66700.0,0.0,0.0,0.0,1,66630.0,66720.0,1,66700.0,66640.0,0.0,0.0,0.0,0.0,371
2023-05-09 21:11:18,cu2404,cu2404,66700.0,0.0,0.0,0.0,1,66630.0,66720.0,1,66700.0,66640.0,0.0,0.0,0.0,0.0,371
2023-05-09 21:11:20,cu2404,cu2404,66700.0,0.0,0.0,0.0,1,66630.0,66720.0,1,66700.0,66640.0,0.0,0.0,0.0,0.0,371
2023-05-09 21:11:20,cu2404,cu2404,66700.0,0.0,0.0,0.0,1,66630.0,66720.0,1,66700.0,66640.0,0.0,0.0,0.0,0.0,371
2023-05-09 21:11:21,cu2404,cu2404,66700.0,0.0,0.0,0.0,1,66630.0,66720.0,1,66700.0,66640.0,0.0,0.0,0.0,0.0,371
2023-05-09 21:11:21,cu2404,cu2404,66700.0,0.0,0.0,0.0,1,66630.0,66760.0,1,66700.0,66640.0,0.0,0.0,0.0,0.0,371
2023-05-09 21:11:22,cu2404,cu2404,66700.0,0.0,0.0,0.0,1,66630.0,66740.0,1,66700.0,66640.0,0.0,0.0,0.0,0.0,371
2023-05-09 21:11:22,cu2404,cu2404,66700.0,0.0,0.0,0.0,1,66630.0,66730.0,2,66700.0,66640.0,0.0,0.0,0.0,0.0,371
2023-05-09 21:11:24,cu2404,cu2404,66700.0,0.0,0.0,0.0,1,66630.0,66730.0,2,66700.0,66640.0,0.0,0.0,0.0,0.0,371
2023-05-09 21:11:25,cu2404,cu2404,66700.0,0.0,0.0,0.0,1,66630.0,66730.0,2,66700.0,66640.0,0.0,0.0,0.0,0.0,371
2023-05-09 21:11:25,cu2404,cu2404,66700.0,0.0,0.0,0.0,5,66630.0,66730.0,1,66700.0,66640.0,0.0,0.0,0.0,0.0,371
2023-05-09 21:11:26,cu2404,cu2404,66700.0,0.0,0.0,0.0,5,66630.0,66730.0,2,66700.0,66640.0,0.0,0.0,0.0,0.0,371
2023-05-09 21:11:27,cu2404,cu2404,66700.0,0.0,0.0,0.0,5,66630.0,66730.0,2,66700.0,66640.0,0.0,0.0,0.0,0.0,371
2023-05-09 21:11:27,cu2404,cu2404,66700.0,0.0,0.0,0.0,5,66630.0,66730.0,2,66700.0,66640.0,0.0,0.0,0.0,0.0,371
2023-05-09 21:11:31,cu2404,cu2404,66700.0,0.0,0.0,0.0,5,66630.0,66730.0,2,66700.0,66640.0,0.0,0.0,0.0,0.0,371
2023-05-09 21:11:31,cu2404,cu2404,66700.0,0.0,0.0,0.0,5,66630.0,66730.0,2,66700.0,66640.0,0.0,0.0,0.0,0.0,371
2023-05-09 21:11:33,cu2404,cu2404,66700.0,0.0,0.0,0.0,5,66630.0,66730.0,1,66700.0,66640.0,0.0,0.0,0.0,0.0,371
2023-05-09 21:11:34,cu2404,cu2404,66700.0,0.0,0.0,0.0,5,66630.0,66730.0,1,66700.0,66640.0,0.0,0.0,0.0,0.0,371
2023-05-09 21:11:34,cu2404,cu2404,66700.0,0.0,0.0,0.0,5,66630.0,66760.0,1,66700.0,66640.0,0.0,0.0,0.0,0.0,371
2023-05-09 21:11:35,cu2404,cu2404,66700.0,0.0,0.0,0.0,5,66630.0,66740.0,1,66700.0,66640.0,0.0,0.0,0.0,0.0,371
2023-05-09 21:11:35,cu2404,cu2404,66700.0,0.0,0.0,0.0,5,66630.0,66740.0,2,66700.0,66640.0,0.0,0.0,0.0,0.0,371
2023-05-09 21:11:36,cu2404,cu2404,66700.0,0.0,0.0,0.0,5,66630.0,66730.0,1,66700.0,66640.0,0.0,0.0,0.0,0.0,371
2023-05-09 21:11:36,cu2404,cu2404,66700.0,0.0,0.0,0.0,5,66630.0,66730.0,1,66700.0,66640.0,0.0,0.0,0.0,0.0,371
2023-05-09 21:11:37,cu2404,cu2404,66700.0,0.0,0.0,0.0,5,66630.0,66730.0,2,66700.0,66640.0,0.0,0.0,0.0,0.0,371
2023-05-09 21:11:37,cu2404,cu2404,66700.0,0.0,0.0,0.0,5,66630.0,66730.0,2,66700.0,66640.0,0.0,0.0,0.0,0.0,371
2023-05-09 21:11:39,cu2404,cu2404,66700.0,0.0,0.0,0.0,5,66630.0,66730.0,2,66700.0,66640.0,0.0,0.0,0.0,0.0,371
2023-05-09 21:11:39,cu2404,cu2404,66700.0,0.0,0.0,0.0,5,66630.0,66730.0,2,66700.0,66640.0,0.0,0.0,0.0,0.0,371
2023-05-09 21:11:40,cu2404,cu2404,66700.0,0.0,0.0,0.0,2,66630.0,66730.0,2,66700.0,66640.0,0.0,0.0,0.0,0.0,371
2023-05-09 21:11:42,cu2404,cu2404,66700.0,0.0,0.0,0.0,2,66630.0,66730.0,2,66700.0,66640.0,0.0,0.0,0.0,0.0,371
2023-05-09 21:11:42,cu2404,cu2404,66700.0,0.0,0.0,0.0,5,66630.0,66730.0,2,66700.0,66640.0,0.0,0.0,0.0,0.0,371
2023-05-09 21:11:43,cu2404,cu2404,66700.0,0.0,0.0,0.0,5,66630.0,66730.0,2,66700.0,66640.0,0.0,0.0,0.0,0.0,371
2023-05-09 21:11:44,cu2404,cu2404,66700.0,0.0,0.0,0.0,5,66630.0,66730.0,1,66700.0,66640.0,0.0,0.0,0.0,0.0,371
2023-05-09 21:11:45,cu2404,cu2404,66700.0,0.0,0.0,0.0,5,66630.0,66740.0,1,66700.0,66640.0,0.0,0.0,0.0,0.0,371
2023-05-09 21:11:45,cu2404,cu2404,66700.0,0.0,0.0,0.0,2,66630.0,66740.0,1,66700.0,66640.0,0.0,0.0,0.0,0.0,371
2023-05-09 21:11:46,cu2404,cu2404,66700.0,0.0,0.0,0.0,3,66640.0,66730.0,1,66700.0,66640.0,0.0,0.0,0.0,0.0,371
2023-05-09 21:11:46,cu2404,cu2404,66700.0,0.0,0.0,0.0,1,66650.0,66770.0,1,66700.0,66640.0,0.0,0.0,0.0,0.0,371
2023-05-09 21:11:47,cu2404,cu2404,66700.0,0.0,0.0,0.0,2,66650.0,66760.0,2,66700.0,66640.0,0.0,0.0,0.0,0.0,371
2023-05-09 21:11:47,cu2404,cu2404,66700.0,0.0,0.0,0.0,2,66650.0,66760.0,1,66700.0,66640.0,0.0,0.0,0.0,0.0,371
2023-05-09 21:11:48,cu2404,cu2404,66700.0,0.0,0.0,0.0,2,66650.0,66760.0,1,66700.0,66640.0,0.0,0.0,0.0,0.0,371
2023-05-09 21:11:48,cu2404,cu2404,66700.0,0.0,0.0,0.0,2,66650.0,66760.0,1,66700.0,66640.0,0.0,0.0,0.0,0.0,371
2023-05-09 21:11:49,cu2404,cu2404,66700.0,0.0,0.0,0.0,3,66660.0,66760.0,1,66700.0,66640.0,0.0,0.0,0.0,0.0,371
2023-05-09 21:11:49,cu2404,cu2404,66700.0,0.0,0.0,0.0,3,66660.0,66760.0,1,66700.0,66640.0,0.0,0.0,0.0,0.0,371
2023-05-09 21:11:50,cu2404,cu2404,66700.0,0.0,0.0,0.0,3,66660.0,66760.0,1,66700.0,66640.0,0.0,0.0,0.0,0.0,371
2023-05-09 21:11:50,cu2404,cu2404,66700.0,0.0,0.0,0.0,1,66670.0,66760.0,1,66700.0,66640.0,0.0,0.0,0.0,0.0,371
2023-05-09 21:11:51,cu2404,cu2404,66700.0,0.0,0.0,0.0,1,66670.0,66820.0,1,66700.0,66640.0,0.0,0.0,0.0,0.0,371
2023-05-09 21:11:52,cu2404,cu2404,66700.0,0.0,0.0,0.0,1,66670.0,66800.0,1,66700.0,66640.0,0.0,0.0,0.0,0.0,371
2023-05-09 21:11:52,cu2404,cu2404,66700.0,0.0,0.0,0.0,1,66670.0,66790.0,2,66700.0,66640.0,0.0,0.0,0.0,0.0,371
2023-05-09 21:11:53,cu2404,cu2404,66700.0,0.0,0.0,0.0,1,66670.0,66790.0,2,66700.0,66640.0,0.0,0.0,0.0,0.0,371
2023-05-09 21:11:53,cu2404,cu2404,66700.0,0.0,0.0,0.0,1,66670.0,66790.0,2,66700.0,66640.0,0.0,0.0,0.0,0.0,371
2023-05-09 21:11:54,cu2404,cu2404,66700.0,0.0,0.0,0.0,1,66670.0,66790.0,2,66700.0,66640.0,0.0,0.0,0.0,0.0,371
2023-05-09 21:11:55,cu2404,cu2404,66700.0,0.0,0.0,0.0,1,66670.0,66790.0,2,66700.0,66640.0,0.0,0.0,0.0,0.0,371
2023-05-09 21:11:59,cu2404,cu2404,66700.0,0.0,0.0,0.0,1,66670.0,66790.0,3,66700.0,66640.0,0.0,0.0,0.0,0.0,371
2023-05-09 21:12:00,cu2404,cu2404,66700.0,0.0,0.0,0.0,1,66670.0,66790.0,3,66700.0,66640.0,0.0,0.0,0.0,0.0,371
2023-05-09 21:12:02,cu2404,cu2404,66700.0,0.0,0.0,0.0,1,66670.0,66790.0,4,66700.0,66640.0,0.0,0.0,0.0,0.0,371
2023-05-09 21:12:03,cu2404,cu2404,66700.0,0.0,0.0,0.0,1,66670.0,66790.0,3,66700.0,66640.0,0.0,0.0,0.0,0.0,371
2023-05-09 21:12:03,cu2404,cu2404,66700.0,0.0,0.0,0.0,1,66670.0,66790.0,3,66700.0,66640.0,0.0,0.0,0.0,0.0,371
2023-05-09 21:12:05,cu2404,cu2404,66700.0,0.0,0.0,0.0,1,66670.0,66790.0,4,66700.0,66640.0,0.0,0.0,0.0,0.0,371
2023-05-09 21:12:05,cu2404,cu2404,66700.0,0.0,0.0,0.0,1,66670.0,66780.0,1,66700.0,66640.0,0.0,0.0,0.0,0.0,371
2023-05-09 21:12:06,cu2404,cu2404,66700.0,0.0,0.0,0.0,1,66670.0,66770.0,2,66700.0,66640.0,0.0,0.0,0.0,0.0,371
2023-05-09 21:12:06,cu2404,cu2404,66700.0,0.0,0.0,0.0,1,66670.0,66770.0,2,66700.0,66640.0,0.0,0.0,0.0,0.0,371
2023-05-09 21:12:08,cu2404,cu2404,66700.0,0.0,0.0,0.0,1,66670.0,66770.0,2,66700.0,66640.0,0.0,0.0,0.0,0.0,371
2023-05-09 21:12:08,cu2404,cu2404,66700.0,0.0,0.0,0.0,1,66670.0,66770.0,2,66700.0,66640.0,0.0,0.0,0.0,0.0,371
2023-05-09 21:12:10,cu2404,cu2404,66700.0,0.0,0.0,0.0,1,66670.0,66770.0,2,66700.0,66640.0,0.0,0.0,0.0,0.0,371
2023-05-09 21:12:12,cu2404,cu2404,66700.0,0.0,0.0,0.0,1,66670.0,66770.0,2,66700.0,66640.0,0.0,0.0,0.0,0.0,371
2023-05-09 21:12:13,cu2404,cu2404,66700.0,0.0,0.0,0.0,1,66670.0,66770.0,2,66700.0,66640.0,0.0,0.0,0.0,0.0,371
2023-05-09 21:12:13,cu2404,cu2404,66700.0,0.0,0.0,0.0,1,66670.0,66770.0,2,66700.0,66640.0,0.0,0.0,0.0,0.0,371
2023-05-09 21:12:14,cu2404,cu2404,66700.0,0.0,0.0,0.0,1,66670.0,66770.0,2,66700.0,66640.0,0.0,0.0,0.0,0.0,371
2023-05-09 21:12:14,cu2404,cu2404,66700.0,0.0,0.0,0.0,1,66670.0,66770.0,2,66700.0,66640.0,0.0,0.0,0.0,0.0,371
2023-05-09 21:12:20,cu2404,cu2404,66700.0,0.0,0.0,0.0,1,66670.0,66770.0,2,66700.0,66640.0,0.0,0.0,0.0,0.0,371
2023-05-09 21:12:20,cu2404,cu2404,66700.0,0.0,0.0,0.0,1,66670.0,66770.0,2,66700.0,66640.0,0.0,0.0,0.0,0.0,371
2023-05-09 21:12:21,cu2404,cu2404,66700.0,0.0,0.0,0.0,2,66670.0,66770.0,2,66700.0,66640.0,0.0,0.0,0.0,0.0,371
2023-05-09 21:12:24,cu2404,cu2404,66700.0,0.0,0.0,0.0,1,66670.0,66770.0,2,66700.0,66640.0,0.0,0.0,0.0,0.0,371
2023-05-09 21:12:27,cu2404,cu2404,66700.0,0.0,0.0,0.0,1,66670.0,66770.0,2,66700.0,66640.0,0.0,0.0,0.0,0.0,371
2023-05-09 21:12:28,cu2404,cu2404,66700.0,0.0,0.0,0.0,1,66670.0,66770.0,2,66700.0,66640.0,0.0,0.0,0.0,0.0,371
2023-05-09 21:12:32,cu2404,cu2404,66700.0,0.0,0.0,0.0,1,66670.0,66770.0,2,66700.0,66640.0,0.0,0.0,0.0,0.0,371
2023-05-09 21:12:33,cu2404,cu2404,66700.0,0.0,0.0,0.0,1,66670.0,66770.0,2,66700.0,66640.0,0.0,0.0,0.0,0.0,371
2023-05-09 21:12:42,cu2404,cu2404,66700.0,0.0,0.0,0.0,1,66670.0,66770.0,2,66700.0,66640.0,0.0,0.0,0.0,0.0,371
2023-05-09 21:12:42,cu2404,cu2404,66700.0,0.0,0.0,0.0,1,66670.0,66770.0,2,66700.0,66640.0,0.0,0.0,0.0,0.0,371
2023-05-09 21:12:43,cu2404,cu2404,66700.0,0.0,0.0,0.0,1,66670.0,66770.0,2,66700.0,66640.0,0.0,0.0,0.0,0.0,371
2023-05-09 21:12:44,cu2404,cu2404,66700.0,0.0,0.0,0.0,1,66670.0,66770.0,2,66700.0,66640.0,0.0,0.0,0.0,0.0,371
2023-05-09 21:12:47,cu2404,cu2404,66700.0,0.0,0.0,0.0,1,66670.0,66770.0,2,66700.0,66640.0,0.0,0.0,0.0,0.0,371
2023-05-09 21:12:48,cu2404,cu2404,66700.0,0.0,0.0,0.0,1,66670.0,66770.0,2,66700.0,66640.0,0.0,0.0,0.0,0.0,371
2023-05-09 21:12:50,cu2404,cu2404,66700.0,0.0,0.0,0.0,1,66670.0,66770.0,2,66700.0,66640.0,0.0,0.0,0.0,0.0,371
2023-05-09 21:12:50,cu2404,cu2404,66700.0,0.0,0.0,0.0,1,66670.0,66770.0,2,66700.0,66640.0,0.0,0.0,0.0,0.0,371
2023-05-09 21:12:55,cu2404,cu2404,66700.0,0.0,0.0,0.0,1,66670.0,66770.0,2,66700.0,66640.0,0.0,0.0,0.0,0.0,371
2023-05-09 21:12:55,cu2404,cu2404,66700.0,0.0,0.0,0.0,1,66670.0,66770.0,2,66700.0,66640.0,0.0,0.0,0.0,0.0,371
2023-05-09 21:12:56,cu2404,cu2404,66700.0,0.0,0.0,0.0,1,66670.0,66770.0,2,66700.0,66640.0,0.0,0.0,0.0,0.0,371
2023-05-09 21:12:57,cu2404,cu2404,66700.0,0.0,0.0,0.0,1,66680.0,66770.0,1,66700.0,66640.0,0.0,0.0,0.0,0.0,371
2023-05-09 21:12:57,cu2404,cu2404,66700.0,0.0,0.0,0.0,1,66680.0,66810.0,1,66700.0,66640.0,0.0,0.0,0.0,0.0,371
2023-05-09 21:12:58,cu2404,cu2404,66700.0,0.0,0.0,0.0,4,66690.0,66800.0,2,66700.0,66640.0,0.0,0.0,0.0,0.0,371
2023-05-09 21:12:58,cu2404,cu2404,66700.0,0.0,0.0,0.0,1,66690.0,66790.0,1,66700.0,66640.0,0.0,0.0,0.0,0.0,371
2023-05-09 21:12:59,cu2404,cu2404,66700.0,0.0,0.0,0.0,1,66690.0,66780.0,1,66700.0,66640.0,0.0,0.0,0.0,0.0,371
2023-05-09 21:13:00,cu2404,cu2404,66700.0,0.0,0.0,0.0,1,66690.0,66770.0,1,66700.0,66640.0,0.0,0.0,0.0,0.0,371
2023-05-09 21:13:00,cu2404,cu2404,66700.0,0.0,0.0,0.0,1,66690.0,66770.0,1,66700.0,66640.0,0.0,0.0,0.0,0.0,371
2023-05-09 21:13:01,cu2404,cu2404,66700.0,0.0,0.0,0.0,1,66690.0,66800.0,1,66700.0,66640.0,0.0,0.0,0.0,0.0,371
2023-05-09 21:13:01,cu2404,cu2404,66700.0,0.0,0.0,0.0,1,66690.0,66790.0,1,66700.0,66640.0,0.0,0.0,0.0,0.0,371
2023-05-09 21:13:02,cu2404,cu2404,66700.0,0.0,0.0,0.0,1,66690.0,66780.0,1,66700.0,66640.0,0.0,0.0,0.0,0.0,371
2023-05-09 21:13:02,cu2404,cu2404,66700.0,0.0,0.0,0.0,1,66690.0,66780.0,2,66700.0,66640.0,0.0,0.0,0.0,0.0,371
2023-05-09 21:13:03,cu2404,cu2404,66700.0,0.0,0.0,0.0,1,66690.0,66770.0,1,66700.0,66640.0,0.0,0.0,0.0,0.0,371
2023-05-09 21:13:04,cu2404,cu2404,66700.0,0.0,0.0,0.0,1,66690.0,66760.0,1,66700.0,66640.0,0.0,0.0,0.0,0.0,371
2023-05-09 21:13:05,cu2404,cu2404,66700.0,0.0,0.0,0.0,1,66690.0,66760.0,2,66700.0,66640.0,0.0,0.0,0.0,0.0,371
2023-05-09 21:13:06,cu2404,cu2404,66700.0,0.0,0.0,0.0,1,66540.0,66760.0,2,66700.0,66640.0,0.0,0.0,0.0,0.0,371
2023-05-09 21:13:07,cu2404,cu2404,66700.0,0.0,0.0,0.0,12,66550.0,66760.0,2,66700.0,66640.0,0.0,0.0,0.0,0.0,371
2023-05-09 21:13:07,cu2404,cu2404,66700.0,0.0,0.0,0.0,1,66580.0,66760.0,2,66700.0,66640.0,0.0,0.0,0.0,0.0,371
2023-05-09 21:13:08,cu2404,cu2404,66700.0,0.0,0.0,0.0,2,66590.0,66760.0,2,66700.0,66640.0,0.0,0.0,0.0,0.0,371
2023-05-09 21:13:08,cu2404,cu2404,66700.0,0.0,0.0,0.0,2,66590.0,66760.0,2,66700.0,66640.0,0.0,0.0,0.0,0.0,371
2023-05-09 21:13:09,cu2404,cu2404,66700.0,0.0,0.0,0.0,8,66600.0,66760.0,2,66700.0,66640.0,0.0,0.0,0.0,0.0,371
2023-05-09 21:13:09,cu2404,cu2404,66700.0,0.0,0.0,0.0,2,66610.0,66760.0,2,66700.0,66640.0,0.0,0.0,0.0,0.0,371
2023-05-09 21:13:10,cu2404,cu2404,66700.0,0.0,0.0,0.0,4,66620.0,66760.0,2,66700.0,66640.0,0.0,0.0,0.0,0.0,371
2023-05-09 21:13:10,cu2404,cu2404,66700.0,0.0,0.0,0.0,2,66630.0,66760.0,2,66700.0,66640.0,0.0,0.0,0.0,0.0,371
2023-05-09 21:13:11,cu2404,cu2404,66700.0,0.0,0.0,0.0,5,66630.0,66760.0,2,66700.0,66640.0,0.0,0.0,0.0,0.0,371
2023-05-09 21:13:16,cu2404,cu2404,66700.0,0.0,0.0,0.0,5,66630.0,66760.0,2,66700.0,66640.0,0.0,0.0,0.0,0.0,371
2023-05-09 21:13:16,cu2404,cu2404,66700.0,0.0,0.0,0.0,3,66640.0,66760.0,2,66700.0,66640.0,0.0,0.0,0.0,0.0,371
2023-05-09 21:13:17,cu2404,cu2404,66700.0,0.0,0.0,0.0,1,66650.0,66760.0,2,66700.0,66640.0,0.0,0.0,0.0,0.0,371
2023-05-09 21:13:17,cu2404,cu2404,66700.0,0.0,0.0,0.0,1,66660.0,66760.0,2,66700.0,66640.0,0.0,0.0,0.0,0.0,371
2023-05-09 21:13:18,cu2404,cu2404,66700.0,0.0,0.0,0.0,1,66660.0,66760.0,2,66700.0,66640.0,0.0,0.0,0.0,0.0,371
2023-05-09 21:13:18,cu2404,cu2404,66700.0,0.0,0.0,0.0,1,66660.0,66760.0,2,66700.0,66640.0,0.0,0.0,0.0,0.0,371
2023-05-09 21:13:19,cu2404,cu2404,66700.0,0.0,0.0,0.0,1,66660.0,66760.0,2,66700.0,66640.0,0.0,0.0,0.0,0.0,371
2023-05-09 21:13:21,cu2404,cu2404,66700.0,0.0,0.0,0.0,1,66660.0,66760.0,2,66700.0,66640.0,0.0,0.0,0.0,0.0,371
2023-05-09 21:13:21,cu2404,cu2404,66700.0,0.0,0.0,0.0,1,66660.0,66760.0,2,66700.0,66640.0,0.0,0.0,0.0,0.0,371
2023-05-09 21:13:24,cu2404,cu2404,66700.0,0.0,0.0,0.0,1,66660.0,66760.0,2,66700.0,66640.0,0.0,0.0,0.0,0.0,371
2023-05-09 21:13:25,cu2404,cu2404,66700.0,0.0,0.0,0.0,1,66660.0,66760.0,1,66700.0,66640.0,0.0,0.0,0.0,0.0,371
2023-05-09 21:13:25,cu2404,cu2404,66700.0,0.0,0.0,0.0,5,66660.0,66820.0,1,66700.0,66640.0,0.0,0.0,0.0,0.0,371
2023-05-09 21:13:26,cu2404,cu2404,66700.0,0.0,0.0,0.0,5,66660.0,66770.0,1,66700.0,66640.0,0.0,0.0,0.0,0.0,371
2023-05-09 21:13:26,cu2404,cu2404,66700.0,0.0,0.0,0.0,5,66660.0,66770.0,2,66700.0,66640.0,0.0,0.0,0.0,0.0,371
2023-05-09 21:13:27,cu2404,cu2404,66700.0,0.0,0.0,0.0,5,66660.0,66770.0,2,66700.0,66640.0,0.0,0.0,0.0,0.0,371
2023-05-09 21:13:28,cu2404,cu2404,66700.0,0.0,0.0,0.0,5,66660.0,66770.0,2,66700.0,66640.0,0.0,0.0,0.0,0.0,371
2023-05-09 21:13:29,cu2404,cu2404,66700.0,0.0,0.0,0.0,5,66660.0,66770.0,2,66700.0,66640.0,0.0,0.0,0.0,0.0,371
2023-05-09 21:13:30,cu2404,cu2404,66700.0,0.0,0.0,0.0,2,66660.0,66770.0,2,66700.0,66640.0,0.0,0.0,0.0,0.0,371
2023-05-09 21:13:31,cu2404,cu2404,66700.0,0.0,0.0,0.0,2,66660.0,66770.0,2,66700.0,66640.0,0.0,0.0,0.0,0.0,371
2023-05-09 21:13:32,cu2404,cu2404,66700.0,0.0,0.0,0.0,2,66660.0,66770.0,2,66700.0,66640.0,0.0,0.0,0.0,0.0,371
2023-05-09 21:13:32,cu2404,cu2404,66700.0,0.0,0.0,0.0,5,66660.0,66770.0,2,66700.0,66640.0,0.0,0.0,0.0,0.0,371
2023-05-09 21:13:35,cu2404,cu2404,66700.0,0.0,0.0,0.0,2,66660.0,66770.0,2,66700.0,66640.0,0.0,0.0,0.0,0.0,371
2023-05-09 21:13:36,cu2404,cu2404,66700.0,0.0,0.0,0.0,2,66660.0,66770.0,2,66700.0,66640.0,0.0,0.0,0.0,0.0,371
2023-05-09 21:13:37,cu2404,cu2404,66700.0,0.0,0.0,0.0,2,66660.0,66770.0,2,66700.0,66640.0,0.0,0.0,0.0,0.0,371
2023-05-09 21:13:37,cu2404,cu2404,66700.0,0.0,0.0,0.0,2,66660.0,66770.0,2,66700.0,66640.0,0.0,0.0,0.0,0.0,371
2023-05-09 21:13:38,cu2404,cu2404,66700.0,0.0,0.0,0.0,5,66660.0,66770.0,1,66700.0,66640.0,0.0,0.0,0.0,0.0,371
2023-05-09 21:13:38,cu2404,cu2404,66700.0,0.0,0.0,0.0,5,66660.0,66770.0,1,66700.0,66640.0,0.0,0.0,0.0,0.0,371
2023-05-09 21:13:39,cu2404,cu2404,66700.0,0.0,0.0,0.0,5,66660.0,66770.0,1,66700.0,66640.0,0.0,0.0,0.0,0.0,371
2023-05-09 21:13:39,cu2404,cu2404,66700.0,0.0,0.0,0.0,1,66670.0,66770.0,1,66700.0,66640.0,0.0,0.0,0.0,0.0,371
2023-05-09 21:13:40,cu2404,cu2404,66700.0,0.0,0.0,0.0,1,66670.0,66820.0,3,66700.0,66640.0,0.0,0.0,0.0,0.0,371
2023-05-09 21:13:40,cu2404,cu2404,66700.0,0.0,0.0,0.0,1,66680.0,66810.0,3,66700.0,66640.0,0.0,0.0,0.0,0.0,371
2023-05-09 21:13:41,cu2404,cu2404,66700.0,0.0,0.0,0.0,1,66680.0,66800.0,1,66700.0,66640.0,0.0,0.0,0.0,0.0,371
2023-05-09 21:13:41,cu2404,cu2404,66700.0,0.0,0.0,0.0,1,66680.0,66790.0,1,66700.0,66640.0,0.0,0.0,0.0,0.0,371
2023-05-09 21:13:42,cu2404,cu2404,66700.0,0.0,0.0,0.0,1,66680.0,66780.0,1,66700.0,66640.0,0.0,0.0,0.0,0.0,371
2023-05-09 21:13:43,cu2404,cu2404,66700.0,0.0,0.0,0.0,1,66680.0,66780.0,2,66700.0,66640.0,0.0,0.0,0.0,0.0,371
2023-05-09 21:13:43,cu2404,cu2404,66700.0,0.0,0.0,0.0,1,66680.0,66780.0,2,66700.0,66640.0,0.0,0.0,0.0,0.0,371
2023-05-09 21:13:44,cu2404,cu2404,66700.0,0.0,0.0,0.0,1,66680.0,66780.0,2,66700.0,66640.0,0.0,0.0,0.0,0.0,371
2023-05-09 21:13:47,cu2404,cu2404,66700.0,0.0,0.0,0.0,1,66680.0,66780.0,2,66700.0,66640.0,0.0,0.0,0.0,0.0,371
2023-05-09 21:13:48,cu2404,cu2404,66700.0,0.0,0.0,0.0,1,66680.0,66780.0,2,66700.0,66640.0,0.0,0.0,0.0,0.0,371
2023-05-09 21:13:49,cu2404,cu2404,66700.0,0.0,0.0,0.0,1,66680.0,66780.0,2,66700.0,66640.0,0.0,0.0,0.0,0.0,371
2023-05-09 21:13:49,cu2404,cu2404,66700.0,0.0,0.0,0.0,1,66680.0,66780.0,2,66700.0,66640.0,0.0,0.0,0.0,0.0,371
2023-05-09 21:13:50,cu2404,cu2404,66700.0,0.0,0.0,0.0,1,66680.0,66770.0,1,66700.0,66640.0,0.0,0.0,0.0,0.0,371
2023-05-09 21:13:51,cu2404,cu2404,66700.0,0.0,0.0,0.0,1,66680.0,66760.0,1,66700.0,66640.0,0.0,0.0,0.0,0.0,371
2023-05-09 21:13:51,cu2404,cu2404,66700.0,0.0,0.0,0.0,1,66680.0,66760.0,1,66700.0,66640.0,0.0,0.0,0.0,0.0,371
2023-05-09 21:13:52,cu2404,cu2404,66700.0,0.0,0.0,0.0,1,66680.0,66760.0,1,66700.0,66640.0,0.0,0.0,0.0,0.0,371
2023-05-09 21:13:53,cu2404,cu2404,66700.0,0.0,0.0,0.0,1,66680.0,66780.0,1,66700.0,66640.0,0.0,0.0,0.0,0.0,371
2023-05-09 21:13:53,cu2404,cu2404,66700.0,0.0,0.0,0.0,1,66680.0,66770.0,1,66700.0,66640.0,0.0,0.0,0.0,0.0,371
2023-05-09 21:13:54,cu2404,cu2404,66700.0,0.0,0.0,0.0,1,66680.0,66760.0,1,66700.0,66640.0,0.0,0.0,0.0,0.0,371
2023-05-09 21:13:54,cu2404,cu2404,66700.0,0.0,0.0,0.0,1,66680.0,66760.0,1,66700.0,66640.0,0.0,0.0,0.0,0.0,371
2023-05-09 21:13:56,cu2404,cu2404,66700.0,0.0,0.0,0.0,1,66680.0,66780.0,1,66700.0,66640.0,0.0,0.0,0.0,0.0,371
2023-05-09 21:13:57,cu2404,cu2404,66700.0,0.0,0.0,0.0,1,66680.0,66770.0,1,66700.0,66640.0,0.0,0.0,0.0,0.0,371
2023-05-09 21:13:57,cu2404,cu2404,66700.0,0.0,0.0,0.0,1,66680.0,66770.0,1,66700.0,66640.0,0.0,0.0,0.0,0.0,371
2023-05-09 21:13:58,cu2404,cu2404,66700.0,0.0,0.0,0.0,1,66680.0,66780.0,1,66700.0,66640.0,0.0,0.0,0.0,0.0,371
2023-05-09 21:13:58,cu2404,cu2404,66700.0,0.0,0.0,0.0,1,66680.0,66780.0,2,66700.0,66640.0,0.0,0.0,0.0,0.0,371
2023-05-09 21:14:01,cu2404,cu2404,66700.0,0.0,0.0,0.0,1,66680.0,66770.0,1,66700.0,66640.0,0.0,0.0,0.0,0.0,371
2023-05-09 21:14:01,cu2404,cu2404,66700.0,0.0,0.0,0.0,1,66680.0,66760.0,1,66700.0,66640.0,0.0,0.0,0.0,0.0,371
2023-05-09 21:14:02,cu2404,cu2404,66700.0,0.0,0.0,0.0,1,66680.0,66760.0,1,66700.0,66640.0,0.0,0.0,0.0,0.0,371
2023-05-09 21:14:03,cu2404,cu2404,66700.0,0.0,0.0,0.0,1,66680.0,66780.0,1,66700.0,66640.0,0.0,0.0,0.0,0.0,371
2023-05-09 21:14:03,cu2404,cu2404,66700.0,0.0,0.0,0.0,1,66680.0,66770.0,1,66700.0,66640.0,0.0,0.0,0.0,0.0,371
2023-05-09 21:14:05,cu2404,cu2404,66700.0,0.0,0.0,0.0,1,66680.0,66760.0,1,66700.0,66640.0,0.0,0.0,0.0,0.0,371
2023-05-09 21:14:05,cu2404,cu2404,66700.0,0.0,0.0,0.0,1,66680.0,66760.0,1,66700.0,66640.0,0.0,0.0,0.0,0.0,371
