time,symbol_id,symbol_name,last,trade_volume,trade_amount,open_interest_change,bv1,bp1,ap1,av1,yesterday_close,today_open,today_high,today_low,volume,amount,open_interest
2023-05-10 21:01:39,rb2311P3450,rb2311P3450,107.5,0.0,0.0,0.0,1,1.0,0.0,0,107.5,131.5,0.0,0.0,0.0,0.0,6
2023-05-10 21:01:40,rb2311P3450,rb2311P3450,107.5,0.0,0.0,0.0,4,1.5,0.0,0,107.5,131.5,0.0,0.0,0.0,0.0,6
2023-05-10 21:03:02,rb2311P3450,rb2311P3450,107.5,0.0,0.0,0.0,1,2.0,0.0,0,107.5,131.5,0.0,0.0,0.0,0.0,6
2023-05-10 21:03:03,rb2311P3450,rb2311P3450,107.5,0.0,0.0,0.0,1,2.0,0.0,0,107.5,131.5,0.0,0.0,0.0,0.0,6
2023-05-10 21:03:03,rb2311P3450,rb2311P3450,107.5,0.0,0.0,0.0,4,2.5,0.0,0,107.5,131.5,0.0,0.0,0.0,0.0,6
2023-05-10 21:03:27,rb2311P3450,rb2311P3450,107.5,0.0,0.0,0.0,1,3.0,0.0,0,107.5,131.5,0.0,0.0,0.0,0.0,6
2023-05-10 21:03:28,rb2311P3450,rb2311P3450,107.5,0.0,0.0,0.0,1,3.0,0.0,0,107.5,131.5,0.0,0.0,0.0,0.0,6
2023-05-10 21:03:28,rb2311P3450,rb2311P3450,107.5,0.0,0.0,0.0,4,3.5,0.0,0,107.5,131.5,0.0,0.0,0.0,0.0,6
2023-05-10 21:03:55,rb2311P3450,rb2311P3450,107.5,0.0,0.0,0.0,1,4.0,0.0,0,107.5,131.5,0.0,0.0,0.0,0.0,6
2023-05-10 21:03:55,rb2311P3450,rb2311P3450,107.5,0.0,0.0,0.0,1,4.0,0.0,0,107.5,131.5,0.0,0.0,0.0,0.0,6
2023-05-10 21:03:56,rb2311P3450,rb2311P3450,107.5,0.0,0.0,0.0,4,4.5,0.0,0,107.5,131.5,0.0,0.0,0.0,0.0,6
2023-05-10 21:03:58,rb2311P3450,rb2311P3450,107.5,0.0,0.0,0.0,1,5.0,0.0,0,107.5,131.5,0.0,0.0,0.0,0.0,6
2023-05-10 21:03:58,rb2311P3450,rb2311P3450,107.5,0.0,0.0,0.0,1,5.0,0.0,0,107.5,131.5,0.0,0.0,0.0,0.0,6
2023-05-10 21:03:59,rb2311P3450,rb2311P3450,107.5,0.0,0.0,0.0,4,5.5,0.0,0,107.5,131.5,0.0,0.0,0.0,0.0,6
2023-05-10 21:04:00,rb2311P3450,rb2311P3450,107.5,0.0,0.0,0.0,1,6.0,0.0,0,107.5,131.5,0.0,0.0,0.0,0.0,6
2023-05-10 21:04:00,rb2311P3450,rb2311P3450,107.5,0.0,0.0,0.0,1,6.0,0.0,0,107.5,131.5,0.0,0.0,0.0,0.0,6
2023-05-10 21:04:01,rb2311P3450,rb2311P3450,107.5,0.0,0.0,0.0,4,6.5,0.0,0,107.5,131.5,0.0,0.0,0.0,0.0,6
2023-05-10 21:04:06,rb2311P3450,rb2311P3450,107.5,0.0,0.0,0.0,1,7.0,0.0,0,107.5,131.5,0.0,0.0,0.0,0.0,6
2023-05-10 21:04:06,rb2311P3450,rb2311P3450,107.5,0.0,0.0,0.0,1,7.0,0.0,0,107.5,131.5,0.0,0.0,0.0,0.0,6
2023-05-10 21:04:07,rb2311P3450,rb2311P3450,107.5,0.0,0.0,0.0,4,7.5,0.0,0,107.5,131.5,0.0,0.0,0.0,0.0,6
2023-05-10 21:04:08,rb2311P3450,rb2311P3450,107.5,0.0,0.0,0.0,1,8.0,0.0,0,107.5,131.5,0.0,0.0,0.0,0.0,6
2023-05-10 21:04:08,rb2311P3450,rb2311P3450,107.5,0.0,0.0,0.0,1,8.0,0.0,0,107.5,131.5,0.0,0.0,0.0,0.0,6
2023-05-10 21:04:09,rb2311P3450,rb2311P3450,107.5,0.0,0.0,0.0,4,8.5,0.0,0,107.5,131.5,0.0,0.0,0.0,0.0,6
2023-05-10 21:04:11,rb2311P3450,rb2311P3450,107.5,0.0,0.0,0.0,1,9.0,0.0,0,107.5,131.5,0.0,0.0,0.0,0.0,6
2023-05-10 21:04:12,rb2311P3450,rb2311P3450,107.5,0.0,0.0,0.0,1,9.0,0.0,0,107.5,131.5,0.0,0.0,0.0,0.0,6
2023-05-10 21:04:12,rb2311P3450,rb2311P3450,107.5,0.0,0.0,0.0,4,9.5,0.0,0,107.5,131.5,0.0,0.0,0.0,0.0,6
2023-05-10 21:04:13,rb2311P3450,rb2311P3450,107.5,0.0,0.0,0.0,4,9.5,0.0,0,107.5,131.5,0.0,0.0,0.0,0.0,6
2023-05-10 21:04:13,rb2311P3450,rb2311P3450,107.5,0.0,0.0,0.0,1,10.0,0.0,0,107.5,131.5,0.0,0.0,0.0,0.0,6
2023-05-10 21:04:14,rb2311P3450,rb2311P3450,107.5,0.0,0.0,0.0,1,10.0,0.0,0,107.5,131.5,0.0,0.0,0.0,0.0,6
2023-05-10 21:04:14,rb2311P3450,rb2311P3450,107.5,0.0,0.0,0.0,4,10.5,0.0,0,107.5,131.5,0.0,0.0,0.0,0.0,6
2023-05-10 21:04:17,rb2311P3450,rb2311P3450,107.5,0.0,0.0,0.0,1,11.0,0.0,0,107.5,131.5,0.0,0.0,0.0,0.0,6
2023-05-10 21:04:18,rb2311P3450,rb2311P3450,107.5,0.0,0.0,0.0,1,11.0,0.0,0,107.5,131.5,0.0,0.0,0.0,0.0,6
2023-05-10 21:04:18,rb2311P3450,rb2311P3450,107.5,0.0,0.0,0.0,4,11.5,0.0,0,107.5,131.5,0.0,0.0,0.0,0.0,6
2023-05-10 21:04:22,rb2311P3450,rb2311P3450,107.5,0.0,0.0,0.0,1,12.0,0.0,0,107.5,131.5,0.0,0.0,0.0,0.0,6
2023-05-10 21:04:23,rb2311P3450,rb2311P3450,107.5,0.0,0.0,0.0,1,12.0,0.0,0,107.5,131.5,0.0,0.0,0.0,0.0,6
2023-05-10 21:04:23,rb2311P3450,rb2311P3450,107.5,0.0,0.0,0.0,4,12.5,0.0,0,107.5,131.5,0.0,0.0,0.0,0.0,6
2023-05-10 21:04:24,rb2311P3450,rb2311P3450,107.5,0.0,0.0,0.0,1,13.0,0.0,0,107.5,131.5,0.0,0.0,0.0,0.0,6
2023-05-10 21:04:25,rb2311P3450,rb2311P3450,107.5,0.0,0.0,0.0,1,13.0,0.0,0,107.5,131.5,0.0,0.0,0.0,0.0,6
2023-05-10 21:04:25,rb2311P3450,rb2311P3450,107.5,0.0,0.0,0.0,4,13.5,0.0,0,107.5,131.5,0.0,0.0,0.0,0.0,6
2023-05-10 21:04:26,rb2311P3450,rb2311P3450,107.5,0.0,0.0,0.0,1,14.0,0.0,0,107.5,131.5,0.0,0.0,0.0,0.0,6
2023-05-10 21:04:27,rb2311P3450,rb2311P3450,107.5,0.0,0.0,0.0,1,14.0,0.0,0,107.5,131.5,0.0,0.0,0.0,0.0,6
2023-05-10 21:04:27,rb2311P3450,rb2311P3450,107.5,0.0,0.0,0.0,4,14.5,0.0,0,107.5,131.5,0.0,0.0,0.0,0.0,6
2023-05-10 21:04:28,rb2311P3450,rb2311P3450,107.5,0.0,0.0,0.0,4,14.5,0.0,0,107.5,131.5,0.0,0.0,0.0,0.0,6
2023-05-10 21:04:28,rb2311P3450,rb2311P3450,107.5,0.0,0.0,0.0,1,15.0,0.0,0,107.5,131.5,0.0,0.0,0.0,0.0,6
2023-05-10 21:04:29,rb2311P3450,rb2311P3450,107.5,0.0,0.0,0.0,1,15.0,0.0,0,107.5,131.5,0.0,0.0,0.0,0.0,6
2023-05-10 21:04:29,rb2311P3450,rb2311P3450,107.5,0.0,0.0,0.0,4,15.5,0.0,0,107.5,131.5,0.0,0.0,0.0,0.0,6
2023-05-10 21:04:30,rb2311P3450,rb2311P3450,107.5,0.0,0.0,0.0,1,16.0,0.0,0,107.5,131.5,0.0,0.0,0.0,0.0,6
2023-05-10 21:04:30,rb2311P3450,rb2311P3450,107.5,0.0,0.0,0.0,1,16.0,0.0,0,107.5,131.5,0.0,0.0,0.0,0.0,6
2023-05-10 21:04:31,rb2311P3450,rb2311P3450,107.5,0.0,0.0,0.0,4,16.5,0.0,0,107.5,131.5,0.0,0.0,0.0,0.0,6
2023-05-10 21:04:31,rb2311P3450,rb2311P3450,107.5,0.0,0.0,0.0,1,17.0,0.0,0,107.5,131.5,0.0,0.0,0.0,0.0,6
2023-05-10 21:04:32,rb2311P3450,rb2311P3450,107.5,0.0,0.0,0.0,1,17.0,0.0,0,107.5,131.5,0.0,0.0,0.0,0.0,6
2023-05-10 21:04:32,rb2311P3450,rb2311P3450,107.5,0.0,0.0,0.0,4,17.5,0.0,0,107.5,131.5,0.0,0.0,0.0,0.0,6
2023-05-10 21:04:43,rb2311P3450,rb2311P3450,107.5,0.0,0.0,0.0,4,17.5,0.0,0,107.5,131.5,0.0,0.0,0.0,0.0,6
2023-05-10 21:04:44,rb2311P3450,rb2311P3450,107.5,0.0,0.0,0.0,1,18.0,0.0,0,107.5,131.5,0.0,0.0,0.0,0.0,6
2023-05-10 21:04:45,rb2311P3450,rb2311P3450,107.5,0.0,0.0,0.0,1,18.0,0.0,0,107.5,131.5,0.0,0.0,0.0,0.0,6
2023-05-10 21:04:45,rb2311P3450,rb2311P3450,107.5,0.0,0.0,0.0,4,18.5,0.0,0,107.5,131.5,0.0,0.0,0.0,0.0,6
2023-05-10 21:04:56,rb2311P3450,rb2311P3450,107.5,0.0,0.0,0.0,1,19.0,0.0,0,107.5,131.5,0.0,0.0,0.0,0.0,6
2023-05-10 21:04:56,rb2311P3450,rb2311P3450,107.5,0.0,0.0,0.0,1,19.0,0.0,0,107.5,131.5,0.0,0.0,0.0,0.0,6
2023-05-10 21:04:57,rb2311P3450,rb2311P3450,107.5,0.0,0.0,0.0,4,19.5,0.0,0,107.5,131.5,0.0,0.0,0.0,0.0,6
2023-05-10 21:04:58,rb2311P3450,rb2311P3450,107.5,0.0,0.0,0.0,4,19.5,0.0,0,107.5,131.5,0.0,0.0,0.0,0.0,6
2023-05-10 21:05:02,rb2311P3450,rb2311P3450,107.5,0.0,0.0,0.0,4,19.5,0.0,0,107.5,131.5,0.0,0.0,0.0,0.0,6
2023-05-10 21:05:03,rb2311P3450,rb2311P3450,107.5,0.0,0.0,0.0,1,20.0,0.0,0,107.5,131.5,0.0,0.0,0.0,0.0,6
2023-05-10 21:05:03,rb2311P3450,rb2311P3450,107.5,0.0,0.0,0.0,1,20.0,0.0,0,107.5,131.5,0.0,0.0,0.0,0.0,6
2023-05-10 21:05:04,rb2311P3450,rb2311P3450,107.5,0.0,0.0,0.0,4,20.5,0.0,0,107.5,131.5,0.0,0.0,0.0,0.0,6
2023-05-10 21:05:22,rb2311P3450,rb2311P3450,107.5,0.0,0.0,0.0,1,21.0,0.0,0,107.5,131.5,0.0,0.0,0.0,0.0,6
2023-05-10 21:05:23,rb2311P3450,rb2311P3450,107.5,0.0,0.0,0.0,1,21.0,0.0,0,107.5,131.5,0.0,0.0,0.0,0.0,6
2023-05-10 21:05:23,rb2311P3450,rb2311P3450,107.5,0.0,0.0,0.0,4,21.5,0.0,0,107.5,131.5,0.0,0.0,0.0,0.0,6
2023-05-10 21:05:27,rb2311P3450,rb2311P3450,107.5,0.0,0.0,0.0,1,22.0,0.0,0,107.5,131.5,0.0,0.0,0.0,0.0,6
2023-05-10 21:05:28,rb2311P3450,rb2311P3450,107.5,0.0,0.0,0.0,1,22.0,0.0,0,107.5,131.5,0.0,0.0,0.0,0.0,6
2023-05-10 21:05:28,rb2311P3450,rb2311P3450,107.5,0.0,0.0,0.0,4,22.5,0.0,0,107.5,131.5,0.0,0.0,0.0,0.0,6
2023-05-10 21:05:30,rb2311P3450,rb2311P3450,107.5,0.0,0.0,0.0,1,23.0,0.0,0,107.5,131.5,0.0,0.0,0.0,0.0,6
2023-05-10 21:05:30,rb2311P3450,rb2311P3450,107.5,0.0,0.0,0.0,1,23.0,0.0,0,107.5,131.5,0.0,0.0,0.0,0.0,6
2023-05-10 21:05:31,rb2311P3450,rb2311P3450,107.5,0.0,0.0,0.0,4,23.5,0.0,0,107.5,131.5,0.0,0.0,0.0,0.0,6
2023-05-10 21:05:31,rb2311P3450,rb2311P3450,107.5,0.0,0.0,0.0,4,23.5,0.0,0,107.5,131.5,0.0,0.0,0.0,0.0,6
2023-05-10 21:05:32,rb2311P3450,rb2311P3450,107.5,0.0,0.0,0.0,1,24.0,0.0,0,107.5,131.5,0.0,0.0,0.0,0.0,6
2023-05-10 21:05:32,rb2311P3450,rb2311P3450,107.5,0.0,0.0,0.0,1,24.0,0.0,0,107.5,131.5,0.0,0.0,0.0,0.0,6
2023-05-10 21:05:33,rb2311P3450,rb2311P3450,107.5,0.0,0.0,0.0,4,24.5,0.0,0,107.5,131.5,0.0,0.0,0.0,0.0,6
2023-05-10 21:05:35,rb2311P3450,rb2311P3450,107.5,0.0,0.0,0.0,1,25.0,0.0,0,107.5,131.5,0.0,0.0,0.0,0.0,6
2023-05-10 21:05:36,rb2311P3450,rb2311P3450,107.5,0.0,0.0,0.0,1,25.0,0.0,0,107.5,131.5,0.0,0.0,0.0,0.0,6
2023-05-10 21:05:36,rb2311P3450,rb2311P3450,107.5,0.0,0.0,0.0,4,25.5,0.0,0,107.5,131.5,0.0,0.0,0.0,0.0,6
2023-05-10 21:05:37,rb2311P3450,rb2311P3450,107.5,0.0,0.0,0.0,1,26.0,0.0,0,107.5,131.5,0.0,0.0,0.0,0.0,6
2023-05-10 21:05:38,rb2311P3450,rb2311P3450,107.5,0.0,0.0,0.0,1,26.0,0.0,0,107.5,131.5,0.0,0.0,0.0,0.0,6
2023-05-10 21:05:38,rb2311P3450,rb2311P3450,107.5,0.0,0.0,0.0,4,26.5,0.0,0,107.5,131.5,0.0,0.0,0.0,0.0,6
2023-05-10 21:05:40,rb2311P3450,rb2311P3450,107.5,0.0,0.0,0.0,1,27.0,0.0,0,107.5,131.5,0.0,0.0,0.0,0.0,6
2023-05-10 21:05:40,rb2311P3450,rb2311P3450,107.5,0.0,0.0,0.0,1,27.0,0.0,0,107.5,131.5,0.0,0.0,0.0,0.0,6
2023-05-10 21:05:41,rb2311P3450,rb2311P3450,107.5,0.0,0.0,0.0,4,27.5,0.0,0,107.5,131.5,0.0,0.0,0.0,0.0,6
2023-05-10 21:05:42,rb2311P3450,rb2311P3450,107.5,0.0,0.0,0.0,1,28.0,0.0,0,107.5,131.5,0.0,0.0,0.0,0.0,6
2023-05-10 21:05:43,rb2311P3450,rb2311P3450,107.5,0.0,0.0,0.0,1,28.0,0.0,0,107.5,131.5,0.0,0.0,0.0,0.0,6
2023-05-10 21:05:43,rb2311P3450,rb2311P3450,107.5,0.0,0.0,0.0,4,28.5,0.0,0,107.5,131.5,0.0,0.0,0.0,0.0,6
2023-05-10 21:05:45,rb2311P3450,rb2311P3450,107.5,0.0,0.0,0.0,1,29.0,0.0,0,107.5,131.5,0.0,0.0,0.0,0.0,6
2023-05-10 21:05:45,rb2311P3450,rb2311P3450,107.5,0.0,0.0,0.0,1,29.0,0.0,0,107.5,131.5,0.0,0.0,0.0,0.0,6
2023-05-10 21:05:46,rb2311P3450,rb2311P3450,107.5,0.0,0.0,0.0,4,29.5,0.0,0,107.5,131.5,0.0,0.0,0.0,0.0,6
2023-05-10 21:05:47,rb2311P3450,rb2311P3450,107.5,0.0,0.0,0.0,1,30.0,0.0,0,107.5,131.5,0.0,0.0,0.0,0.0,6
2023-05-10 21:05:47,rb2311P3450,rb2311P3450,107.5,0.0,0.0,0.0,1,30.0,0.0,0,107.5,131.5,0.0,0.0,0.0,0.0,6
2023-05-10 21:05:48,rb2311P3450,rb2311P3450,107.5,0.0,0.0,0.0,4,30.5,0.0,0,107.5,131.5,0.0,0.0,0.0,0.0,6
2023-05-10 21:05:49,rb2311P3450,rb2311P3450,107.5,0.0,0.0,0.0,1,31.0,0.0,0,107.5,131.5,0.0,0.0,0.0,0.0,6
2023-05-10 21:05:50,rb2311P3450,rb2311P3450,107.5,0.0,0.0,0.0,1,31.0,0.0,0,107.5,131.5,0.0,0.0,0.0,0.0,6
2023-05-10 21:05:50,rb2311P3450,rb2311P3450,107.5,0.0,0.0,0.0,4,31.5,0.0,0,107.5,131.5,0.0,0.0,0.0,0.0,6
2023-05-10 21:05:52,rb2311P3450,rb2311P3450,107.5,0.0,0.0,0.0,1,32.0,0.0,0,107.5,131.5,0.0,0.0,0.0,0.0,6
2023-05-10 21:05:52,rb2311P3450,rb2311P3450,107.5,0.0,0.0,0.0,1,32.0,0.0,0,107.5,131.5,0.0,0.0,0.0,0.0,6
2023-05-10 21:05:53,rb2311P3450,rb2311P3450,107.5,0.0,0.0,0.0,4,32.5,0.0,0,107.5,131.5,0.0,0.0,0.0,0.0,6
2023-05-10 21:05:53,rb2311P3450,rb2311P3450,107.5,0.0,0.0,0.0,1,33.0,0.0,0,107.5,131.5,0.0,0.0,0.0,0.0,6
2023-05-10 21:05:54,rb2311P3450,rb2311P3450,107.5,0.0,0.0,0.0,1,33.0,0.0,0,107.5,131.5,0.0,0.0,0.0,0.0,6
2023-05-10 21:05:54,rb2311P3450,rb2311P3450,107.5,0.0,0.0,0.0,4,33.5,0.0,0,107.5,131.5,0.0,0.0,0.0,0.0,6
2023-05-10 21:05:56,rb2311P3450,rb2311P3450,107.5,0.0,0.0,0.0,1,34.0,0.0,0,107.5,131.5,0.0,0.0,0.0,0.0,6
2023-05-10 21:05:57,rb2311P3450,rb2311P3450,107.5,0.0,0.0,0.0,1,34.0,0.0,0,107.5,131.5,0.0,0.0,0.0,0.0,6
2023-05-10 21:05:57,rb2311P3450,rb2311P3450,107.5,0.0,0.0,0.0,4,34.5,0.0,0,107.5,131.5,0.0,0.0,0.0,0.0,6
2023-05-10 21:05:59,rb2311P3450,rb2311P3450,107.5,0.0,0.0,0.0,1,35.0,0.0,0,107.5,131.5,0.0,0.0,0.0,0.0,6
2023-05-10 21:05:59,rb2311P3450,rb2311P3450,107.5,0.0,0.0,0.0,1,35.0,0.0,0,107.5,131.5,0.0,0.0,0.0,0.0,6
2023-05-10 21:06:00,rb2311P3450,rb2311P3450,107.5,0.0,0.0,0.0,4,35.5,0.0,0,107.5,131.5,0.0,0.0,0.0,0.0,6
2023-05-10 21:06:01,rb2311P3450,rb2311P3450,107.5,0.0,0.0,0.0,1,36.0,0.0,0,107.5,131.5,0.0,0.0,0.0,0.0,6
2023-05-10 21:06:02,rb2311P3450,rb2311P3450,107.5,0.0,0.0,0.0,1,36.0,0.0,0,107.5,131.5,0.0,0.0,0.0,0.0,6
2023-05-10 21:06:02,rb2311P3450,rb2311P3450,107.5,0.0,0.0,0.0,4,36.5,0.0,0,107.5,131.5,0.0,0.0,0.0,0.0,6
2023-05-10 21:06:03,rb2311P3450,rb2311P3450,107.5,0.0,0.0,0.0,1,37.0,0.0,0,107.5,131.5,0.0,0.0,0.0,0.0,6
2023-05-10 21:06:03,rb2311P3450,rb2311P3450,107.5,0.0,0.0,0.0,1,37.0,0.0,0,107.5,131.5,0.0,0.0,0.0,0.0,6
2023-05-10 21:06:04,rb2311P3450,rb2311P3450,107.5,0.0,0.0,0.0,4,37.5,0.0,0,107.5,131.5,0.0,0.0,0.0,0.0,6
2023-05-10 21:06:04,rb2311P3450,rb2311P3450,107.5,0.0,0.0,0.0,1,38.0,0.0,0,107.5,131.5,0.0,0.0,0.0,0.0,6
2023-05-10 21:06:05,rb2311P3450,rb2311P3450,107.5,0.0,0.0,0.0,1,38.0,0.0,0,107.5,131.5,0.0,0.0,0.0,0.0,6
2023-05-10 21:06:05,rb2311P3450,rb2311P3450,107.5,0.0,0.0,0.0,4,38.5,0.0,0,107.5,131.5,0.0,0.0,0.0,0.0,6
2023-05-10 21:06:06,rb2311P3450,rb2311P3450,107.5,0.0,0.0,0.0,1,39.0,0.0,0,107.5,131.5,0.0,0.0,0.0,0.0,6
2023-05-10 21:06:07,rb2311P3450,rb2311P3450,107.5,0.0,0.0,0.0,1,39.0,0.0,0,107.5,131.5,0.0,0.0,0.0,0.0,6
2023-05-10 21:06:07,rb2311P3450,rb2311P3450,107.5,0.0,0.0,0.0,4,39.5,0.0,0,107.5,131.5,0.0,0.0,0.0,0.0,6
2023-05-10 21:06:08,rb2311P3450,rb2311P3450,107.5,0.0,0.0,0.0,1,40.0,0.0,0,107.5,131.5,0.0,0.0,0.0,0.0,6
2023-05-10 21:06:08,rb2311P3450,rb2311P3450,107.5,0.0,0.0,0.0,1,40.0,0.0,0,107.5,131.5,0.0,0.0,0.0,0.0,6
2023-05-10 21:06:09,rb2311P3450,rb2311P3450,107.5,0.0,0.0,0.0,4,40.5,0.0,0,107.5,131.5,0.0,0.0,0.0,0.0,6
2023-05-10 21:06:09,rb2311P3450,rb2311P3450,107.5,0.0,0.0,0.0,1,41.0,0.0,0,107.5,131.5,0.0,0.0,0.0,0.0,6
2023-05-10 21:06:10,rb2311P3450,rb2311P3450,107.5,0.0,0.0,0.0,1,41.0,0.0,0,107.5,131.5,0.0,0.0,0.0,0.0,6
2023-05-10 21:06:10,rb2311P3450,rb2311P3450,107.5,0.0,0.0,0.0,4,41.5,0.0,0,107.5,131.5,0.0,0.0,0.0,0.0,6
2023-05-10 21:06:11,rb2311P3450,rb2311P3450,107.5,0.0,0.0,0.0,1,42.0,0.0,0,107.5,131.5,0.0,0.0,0.0,0.0,6
2023-05-10 21:06:11,rb2311P3450,rb2311P3450,107.5,0.0,0.0,0.0,1,42.0,0.0,0,107.5,131.5,0.0,0.0,0.0,0.0,6
2023-05-10 21:06:12,rb2311P3450,rb2311P3450,107.5,0.0,0.0,0.0,4,42.5,0.0,0,107.5,131.5,0.0,0.0,0.0,0.0,6
2023-05-10 21:06:12,rb2311P3450,rb2311P3450,107.5,0.0,0.0,0.0,1,43.0,0.0,0,107.5,131.5,0.0,0.0,0.0,0.0,6
2023-05-10 21:06:13,rb2311P3450,rb2311P3450,107.5,0.0,0.0,0.0,1,43.0,0.0,0,107.5,131.5,0.0,0.0,0.0,0.0,6
2023-05-10 21:06:13,rb2311P3450,rb2311P3450,107.5,0.0,0.0,0.0,4,43.5,0.0,0,107.5,131.5,0.0,0.0,0.0,0.0,6
2023-05-10 21:06:14,rb2311P3450,rb2311P3450,107.5,0.0,0.0,0.0,1,44.0,0.0,0,107.5,131.5,0.0,0.0,0.0,0.0,6
2023-05-10 21:06:15,rb2311P3450,rb2311P3450,107.5,0.0,0.0,0.0,1,44.0,0.0,0,107.5,131.5,0.0,0.0,0.0,0.0,6
2023-05-10 21:06:15,rb2311P3450,rb2311P3450,107.5,0.0,0.0,0.0,4,44.5,0.0,0,107.5,131.5,0.0,0.0,0.0,0.0,6
2023-05-10 21:06:16,rb2311P3450,rb2311P3450,107.5,0.0,0.0,0.0,4,44.5,0.0,0,107.5,131.5,0.0,0.0,0.0,0.0,6
2023-05-10 21:49:13,rb2311P3450,rb2311P3450,107.5,0.0,0.0,0.0,1,2.0,0.0,0,107.5,131.5,0.0,0.0,0.0,0.0,6
2023-05-10 21:49:14,rb2311P3450,rb2311P3450,107.5,0.0,0.0,0.0,1,2.5,0.0,0,107.5,131.5,0.0,0.0,0.0,0.0,6
2023-05-10 21:49:14,rb2311P3450,rb2311P3450,107.5,0.0,0.0,0.0,1,3.0,0.0,0,107.5,131.5,0.0,0.0,0.0,0.0,6
2023-05-10 21:49:15,rb2311P3450,rb2311P3450,107.5,0.0,0.0,0.0,1,3.0,0.0,0,107.5,131.5,0.0,0.0,0.0,0.0,6
2023-05-10 21:49:16,rb2311P3450,rb2311P3450,107.5,0.0,0.0,0.0,1,3.5,0.0,0,107.5,131.5,0.0,0.0,0.0,0.0,6
2023-05-10 21:51:52,rb2311P3450,rb2311P3450,107.5,0.0,0.0,0.0,4,4.0,0.0,0,107.5,131.5,0.0,0.0,0.0,0.0,6
2023-05-10 21:51:53,rb2311P3450,rb2311P3450,107.5,0.0,0.0,0.0,4,4.0,0.0,0,107.5,131.5,0.0,0.0,0.0,0.0,6
2023-05-10 21:51:53,rb2311P3450,rb2311P3450,107.5,0.0,0.0,0.0,1,4.5,0.0,0,107.5,131.5,0.0,0.0,0.0,0.0,6
2023-05-10 21:51:54,rb2311P3450,rb2311P3450,107.5,0.0,0.0,0.0,1,4.5,0.0,0,107.5,131.5,0.0,0.0,0.0,0.0,6
2023-05-10 21:51:54,rb2311P3450,rb2311P3450,107.5,0.0,0.0,0.0,4,5.0,0.0,0,107.5,131.5,0.0,0.0,0.0,0.0,6
2023-05-10 21:51:55,rb2311P3450,rb2311P3450,107.5,0.0,0.0,0.0,1,5.5,0.0,0,107.5,131.5,0.0,0.0,0.0,0.0,6
2023-05-10 21:51:55,rb2311P3450,rb2311P3450,107.5,0.0,0.0,0.0,1,5.5,0.0,0,107.5,131.5,0.0,0.0,0.0,0.0,6
2023-05-10 21:51:56,rb2311P3450,rb2311P3450,107.5,0.0,0.0,0.0,4,6.0,0.0,0,107.5,131.5,0.0,0.0,0.0,0.0,6
2023-05-10 21:51:57,rb2311P3450,rb2311P3450,107.5,0.0,0.0,0.0,1,6.5,0.0,0,107.5,131.5,0.0,0.0,0.0,0.0,6
2023-05-10 21:51:57,rb2311P3450,rb2311P3450,107.5,0.0,0.0,0.0,1,6.5,0.0,0,107.5,131.5,0.0,0.0,0.0,0.0,6
2023-05-10 21:51:58,rb2311P3450,rb2311P3450,107.5,0.0,0.0,0.0,4,7.0,0.0,0,107.5,131.5,0.0,0.0,0.0,0.0,6
2023-05-10 21:51:59,rb2311P3450,rb2311P3450,107.5,0.0,0.0,0.0,1,7.5,0.0,0,107.5,131.5,0.0,0.0,0.0,0.0,6
2023-05-10 21:51:59,rb2311P3450,rb2311P3450,107.5,0.0,0.0,0.0,1,7.5,0.0,0,107.5,131.5,0.0,0.0,0.0,0.0,6
2023-05-10 21:52:00,rb2311P3450,rb2311P3450,107.5,0.0,0.0,0.0,4,8.0,0.0,0,107.5,131.5,0.0,0.0,0.0,0.0,6
2023-05-10 21:52:01,rb2311P3450,rb2311P3450,107.5,0.0,0.0,0.0,1,8.5,0.0,0,107.5,131.5,0.0,0.0,0.0,0.0,6
2023-05-10 21:52:01,rb2311P3450,rb2311P3450,107.5,0.0,0.0,0.0,1,8.5,0.0,0,107.5,131.5,0.0,0.0,0.0,0.0,6
2023-05-10 21:52:02,rb2311P3450,rb2311P3450,107.5,0.0,0.0,0.0,4,9.0,0.0,0,107.5,131.5,0.0,0.0,0.0,0.0,6
2023-05-10 21:52:03,rb2311P3450,rb2311P3450,107.5,0.0,0.0,0.0,1,9.5,0.0,0,107.5,131.5,0.0,0.0,0.0,0.0,6
2023-05-10 21:52:03,rb2311P3450,rb2311P3450,107.5,0.0,0.0,0.0,1,9.5,0.0,0,107.5,131.5,0.0,0.0,0.0,0.0,6
2023-05-10 21:52:04,rb2311P3450,rb2311P3450,107.5,0.0,0.0,0.0,4,10.0,0.0,0,107.5,131.5,0.0,0.0,0.0,0.0,6
2023-05-10 21:52:05,rb2311P3450,rb2311P3450,107.5,0.0,0.0,0.0,1,10.5,0.0,0,107.5,131.5,0.0,0.0,0.0,0.0,6
2023-05-10 21:52:05,rb2311P3450,rb2311P3450,107.5,0.0,0.0,0.0,1,10.5,0.0,0,107.5,131.5,0.0,0.0,0.0,0.0,6
2023-05-10 21:52:06,rb2311P3450,rb2311P3450,107.5,0.0,0.0,0.0,4,11.0,0.0,0,107.5,131.5,0.0,0.0,0.0,0.0,6
2023-05-10 21:52:06,rb2311P3450,rb2311P3450,107.5,0.0,0.0,0.0,1,11.5,0.0,0,107.5,131.5,0.0,0.0,0.0,0.0,6
2023-05-10 21:52:07,rb2311P3450,rb2311P3450,107.5,0.0,0.0,0.0,1,11.5,0.0,0,107.5,131.5,0.0,0.0,0.0,0.0,6
2023-05-10 21:52:07,rb2311P3450,rb2311P3450,107.5,0.0,0.0,0.0,4,12.0,0.0,0,107.5,131.5,0.0,0.0,0.0,0.0,6
2023-05-10 21:52:08,rb2311P3450,rb2311P3450,107.5,0.0,0.0,0.0,4,12.0,0.0,0,107.5,131.5,0.0,0.0,0.0,0.0,6
2023-05-10 21:52:08,rb2311P3450,rb2311P3450,107.5,0.0,0.0,0.0,1,12.5,0.0,0,107.5,131.5,0.0,0.0,0.0,0.0,6
2023-05-10 21:52:09,rb2311P3450,rb2311P3450,107.5,0.0,0.0,0.0,1,12.5,0.0,0,107.5,131.5,0.0,0.0,0.0,0.0,6
2023-05-10 21:52:09,rb2311P3450,rb2311P3450,107.5,0.0,0.0,0.0,4,13.0,0.0,0,107.5,131.5,0.0,0.0,0.0,0.0,6
2023-05-10 21:52:10,rb2311P3450,rb2311P3450,107.5,0.0,0.0,0.0,1,13.5,0.0,0,107.5,131.5,0.0,0.0,0.0,0.0,6
2023-05-10 21:52:10,rb2311P3450,rb2311P3450,107.5,0.0,0.0,0.0,1,13.5,0.0,0,107.5,131.5,0.0,0.0,0.0,0.0,6
2023-05-10 21:52:11,rb2311P3450,rb2311P3450,107.5,0.0,0.0,0.0,4,14.0,0.0,0,107.5,131.5,0.0,0.0,0.0,0.0,6
2023-05-10 21:52:11,rb2311P3450,rb2311P3450,107.5,0.0,0.0,0.0,1,14.5,0.0,0,107.5,131.5,0.0,0.0,0.0,0.0,6
2023-05-10 21:52:12,rb2311P3450,rb2311P3450,107.5,0.0,0.0,0.0,1,14.5,0.0,0,107.5,131.5,0.0,0.0,0.0,0.0,6
2023-05-10 21:52:12,rb2311P3450,rb2311P3450,107.5,0.0,0.0,0.0,4,15.0,0.0,0,107.5,131.5,0.0,0.0,0.0,0.0,6
2023-05-10 21:52:13,rb2311P3450,rb2311P3450,107.5,0.0,0.0,0.0,1,15.5,0.0,0,107.5,131.5,0.0,0.0,0.0,0.0,6
2023-05-10 21:52:13,rb2311P3450,rb2311P3450,107.5,0.0,0.0,0.0,1,15.5,0.0,0,107.5,131.5,0.0,0.0,0.0,0.0,6
2023-05-10 21:52:14,rb2311P3450,rb2311P3450,107.5,0.0,0.0,0.0,4,16.0,0.0,0,107.5,131.5,0.0,0.0,0.0,0.0,6
2023-05-10 21:52:14,rb2311P3450,rb2311P3450,107.5,0.0,0.0,0.0,1,16.5,0.0,0,107.5,131.5,0.0,0.0,0.0,0.0,6
2023-05-10 21:52:15,rb2311P3450,rb2311P3450,107.5,0.0,0.0,0.0,1,16.5,0.0,0,107.5,131.5,0.0,0.0,0.0,0.0,6
2023-05-10 21:52:15,rb2311P3450,rb2311P3450,107.5,0.0,0.0,0.0,4,17.0,0.0,0,107.5,131.5,0.0,0.0,0.0,0.0,6
2023-05-10 21:52:16,rb2311P3450,rb2311P3450,107.5,0.0,0.0,0.0,1,17.5,0.0,0,107.5,131.5,0.0,0.0,0.0,0.0,6
2023-05-10 21:52:16,rb2311P3450,rb2311P3450,107.5,0.0,0.0,0.0,1,17.5,0.0,0,107.5,131.5,0.0,0.0,0.0,0.0,6
2023-05-10 21:52:17,rb2311P3450,rb2311P3450,107.5,0.0,0.0,0.0,4,18.0,0.0,0,107.5,131.5,0.0,0.0,0.0,0.0,6
2023-05-10 21:52:17,rb2311P3450,rb2311P3450,107.5,0.0,0.0,0.0,4,18.0,0.0,0,107.5,131.5,0.0,0.0,0.0,0.0,6
2023-05-10 21:52:18,rb2311P3450,rb2311P3450,107.5,0.0,0.0,0.0,1,18.5,0.0,0,107.5,131.5,0.0,0.0,0.0,0.0,6
2023-05-10 21:52:18,rb2311P3450,rb2311P3450,107.5,0.0,0.0,0.0,1,18.5,0.0,0,107.5,131.5,0.0,0.0,0.0,0.0,6
2023-05-10 21:52:19,rb2311P3450,rb2311P3450,107.5,0.0,0.0,0.0,4,19.0,0.0,0,107.5,131.5,0.0,0.0,0.0,0.0,6
2023-05-10 21:52:20,rb2311P3450,rb2311P3450,107.5,0.0,0.0,0.0,1,19.5,0.0,0,107.5,131.5,0.0,0.0,0.0,0.0,6
2023-05-10 21:52:21,rb2311P3450,rb2311P3450,107.5,0.0,0.0,0.0,1,19.5,0.0,0,107.5,131.5,0.0,0.0,0.0,0.0,6
2023-05-10 21:52:21,rb2311P3450,rb2311P3450,107.5,0.0,0.0,0.0,4,20.0,0.0,0,107.5,131.5,0.0,0.0,0.0,0.0,6
2023-05-10 21:52:22,rb2311P3450,rb2311P3450,107.5,0.0,0.0,0.0,1,20.5,0.0,0,107.5,131.5,0.0,0.0,0.0,0.0,6
2023-05-10 21:52:22,rb2311P3450,rb2311P3450,107.5,0.0,0.0,0.0,1,20.5,0.0,0,107.5,131.5,0.0,0.0,0.0,0.0,6
2023-05-10 21:52:23,rb2311P3450,rb2311P3450,107.5,0.0,0.0,0.0,4,21.0,0.0,0,107.5,131.5,0.0,0.0,0.0,0.0,6
2023-05-10 21:52:24,rb2311P3450,rb2311P3450,107.5,0.0,0.0,0.0,1,21.5,0.0,0,107.5,131.5,0.0,0.0,0.0,0.0,6
2023-05-10 21:52:25,rb2311P3450,rb2311P3450,107.5,0.0,0.0,0.0,1,21.5,0.0,0,107.5,131.5,0.0,0.0,0.0,0.0,6
2023-05-10 21:52:25,rb2311P3450,rb2311P3450,107.5,0.0,0.0,0.0,4,22.0,0.0,0,107.5,131.5,0.0,0.0,0.0,0.0,6
2023-05-10 21:52:26,rb2311P3450,rb2311P3450,107.5,0.0,0.0,0.0,1,22.5,0.0,0,107.5,131.5,0.0,0.0,0.0,0.0,6
2023-05-10 21:52:27,rb2311P3450,rb2311P3450,107.5,0.0,0.0,0.0,1,22.5,0.0,0,107.5,131.5,0.0,0.0,0.0,0.0,6
2023-05-10 21:52:27,rb2311P3450,rb2311P3450,107.5,0.0,0.0,0.0,4,23.0,0.0,0,107.5,131.5,0.0,0.0,0.0,0.0,6
2023-05-10 21:52:28,rb2311P3450,rb2311P3450,107.5,0.0,0.0,0.0,1,23.5,0.0,0,107.5,131.5,0.0,0.0,0.0,0.0,6
2023-05-10 21:52:28,rb2311P3450,rb2311P3450,107.5,0.0,0.0,0.0,1,23.5,0.0,0,107.5,131.5,0.0,0.0,0.0,0.0,6
2023-05-10 21:52:29,rb2311P3450,rb2311P3450,107.5,0.0,0.0,0.0,4,24.0,0.0,0,107.5,131.5,0.0,0.0,0.0,0.0,6
2023-05-10 21:52:29,rb2311P3450,rb2311P3450,107.5,0.0,0.0,0.0,4,24.0,0.0,0,107.5,131.5,0.0,0.0,0.0,0.0,6
2023-05-10 21:52:30,rb2311P3450,rb2311P3450,107.5,0.0,0.0,0.0,1,24.5,0.0,0,107.5,131.5,0.0,0.0,0.0,0.0,6
2023-05-10 21:52:30,rb2311P3450,rb2311P3450,107.5,0.0,0.0,0.0,1,24.5,0.0,0,107.5,131.5,0.0,0.0,0.0,0.0,6
2023-05-10 21:52:31,rb2311P3450,rb2311P3450,107.5,0.0,0.0,0.0,4,25.0,0.0,0,107.5,131.5,0.0,0.0,0.0,0.0,6
2023-05-10 21:52:32,rb2311P3450,rb2311P3450,107.5,0.0,0.0,0.0,4,25.0,0.0,0,107.5,131.5,0.0,0.0,0.0,0.0,6
2023-05-10 21:52:32,rb2311P3450,rb2311P3450,107.5,0.0,0.0,0.0,1,25.5,0.0,0,107.5,131.5,0.0,0.0,0.0,0.0,6
2023-05-10 21:52:33,rb2311P3450,rb2311P3450,107.5,0.0,0.0,0.0,1,25.5,0.0,0,107.5,131.5,0.0,0.0,0.0,0.0,6
2023-05-10 21:52:33,rb2311P3450,rb2311P3450,107.5,0.0,0.0,0.0,4,26.0,0.0,0,107.5,131.5,0.0,0.0,0.0,0.0,6
2023-05-10 21:52:34,rb2311P3450,rb2311P3450,107.5,0.0,0.0,0.0,1,26.5,0.0,0,107.5,131.5,0.0,0.0,0.0,0.0,6
2023-05-10 21:52:35,rb2311P3450,rb2311P3450,107.5,0.0,0.0,0.0,1,26.5,0.0,0,107.5,131.5,0.0,0.0,0.0,0.0,6
2023-05-10 21:52:35,rb2311P3450,rb2311P3450,107.5,0.0,0.0,0.0,4,27.0,0.0,0,107.5,131.5,0.0,0.0,0.0,0.0,6
2023-05-10 21:52:36,rb2311P3450,rb2311P3450,107.5,0.0,0.0,0.0,1,27.5,0.0,0,107.5,131.5,0.0,0.0,0.0,0.0,6
2023-05-10 21:52:37,rb2311P3450,rb2311P3450,107.5,0.0,0.0,0.0,1,27.5,0.0,0,107.5,131.5,0.0,0.0,0.0,0.0,6
2023-05-10 21:52:37,rb2311P3450,rb2311P3450,107.5,0.0,0.0,0.0,4,28.0,0.0,0,107.5,131.5,0.0,0.0,0.0,0.0,6
2023-05-10 21:52:38,rb2311P3450,rb2311P3450,107.5,0.0,0.0,0.0,1,28.5,0.0,0,107.5,131.5,0.0,0.0,0.0,0.0,6
2023-05-10 21:52:39,rb2311P3450,rb2311P3450,107.5,0.0,0.0,0.0,1,28.5,0.0,0,107.5,131.5,0.0,0.0,0.0,0.0,6
2023-05-10 21:52:39,rb2311P3450,rb2311P3450,107.5,0.0,0.0,0.0,4,29.0,0.0,0,107.5,131.5,0.0,0.0,0.0,0.0,6
2023-05-10 21:52:40,rb2311P3450,rb2311P3450,107.5,0.0,0.0,0.0,1,29.5,0.0,0,107.5,131.5,0.0,0.0,0.0,0.0,6
2023-05-10 21:52:41,rb2311P3450,rb2311P3450,107.5,0.0,0.0,0.0,1,29.5,0.0,0,107.5,131.5,0.0,0.0,0.0,0.0,6
2023-05-10 21:52:41,rb2311P3450,rb2311P3450,107.5,0.0,0.0,0.0,4,30.0,0.0,0,107.5,131.5,0.0,0.0,0.0,0.0,6
2023-05-10 21:52:42,rb2311P3450,rb2311P3450,107.5,0.0,0.0,0.0,4,30.0,0.0,0,107.5,131.5,0.0,0.0,0.0,0.0,6
2023-05-10 21:52:43,rb2311P3450,rb2311P3450,107.5,0.0,0.0,0.0,1,30.5,0.0,0,107.5,131.5,0.0,0.0,0.0,0.0,6
2023-05-10 21:52:43,rb2311P3450,rb2311P3450,107.5,0.0,0.0,0.0,1,30.5,0.0,0,107.5,131.5,0.0,0.0,0.0,0.0,6
2023-05-10 21:52:44,rb2311P3450,rb2311P3450,107.5,0.0,0.0,0.0,4,31.0,0.0,0,107.5,131.5,0.0,0.0,0.0,0.0,6
2023-05-10 21:52:44,rb2311P3450,rb2311P3450,107.5,0.0,0.0,0.0,1,31.5,0.0,0,107.5,131.5,0.0,0.0,0.0,0.0,6
2023-05-10 21:52:45,rb2311P3450,rb2311P3450,107.5,0.0,0.0,0.0,1,31.5,0.0,0,107.5,131.5,0.0,0.0,0.0,0.0,6
2023-05-10 21:52:45,rb2311P3450,rb2311P3450,107.5,0.0,0.0,0.0,4,32.0,0.0,0,107.5,131.5,0.0,0.0,0.0,0.0,6
2023-05-10 21:52:46,rb2311P3450,rb2311P3450,107.5,0.0,0.0,0.0,4,32.0,0.0,0,107.5,131.5,0.0,0.0,0.0,0.0,6
2023-05-10 21:52:46,rb2311P3450,rb2311P3450,107.5,0.0,0.0,0.0,1,32.5,0.0,0,107.5,131.5,0.0,0.0,0.0,0.0,6
2023-05-10 21:52:47,rb2311P3450,rb2311P3450,107.5,0.0,0.0,0.0,1,32.5,0.0,0,107.5,131.5,0.0,0.0,0.0,0.0,6
2023-05-10 21:52:47,rb2311P3450,rb2311P3450,107.5,0.0,0.0,0.0,4,33.0,0.0,0,107.5,131.5,0.0,0.0,0.0,0.0,6
2023-05-10 21:52:48,rb2311P3450,rb2311P3450,107.5,0.0,0.0,0.0,1,33.5,0.0,0,107.5,131.5,0.0,0.0,0.0,0.0,6
2023-05-10 21:52:48,rb2311P3450,rb2311P3450,107.5,0.0,0.0,0.0,1,33.5,0.0,0,107.5,131.5,0.0,0.0,0.0,0.0,6
2023-05-10 21:52:49,rb2311P3450,rb2311P3450,107.5,0.0,0.0,0.0,4,34.0,0.0,0,107.5,131.5,0.0,0.0,0.0,0.0,6
2023-05-10 21:52:49,rb2311P3450,rb2311P3450,107.5,0.0,0.0,0.0,1,34.5,0.0,0,107.5,131.5,0.0,0.0,0.0,0.0,6
2023-05-10 21:52:50,rb2311P3450,rb2311P3450,107.5,0.0,0.0,0.0,1,34.5,0.0,0,107.5,131.5,0.0,0.0,0.0,0.0,6
2023-05-10 21:52:50,rb2311P3450,rb2311P3450,107.5,0.0,0.0,0.0,4,35.0,0.0,0,107.5,131.5,0.0,0.0,0.0,0.0,6
2023-05-10 21:52:51,rb2311P3450,rb2311P3450,107.5,0.0,0.0,0.0,1,35.5,0.0,0,107.5,131.5,0.0,0.0,0.0,0.0,6
2023-05-10 21:52:51,rb2311P3450,rb2311P3450,107.5,0.0,0.0,0.0,1,35.5,0.0,0,107.5,131.5,0.0,0.0,0.0,0.0,6
2023-05-10 21:52:52,rb2311P3450,rb2311P3450,107.5,0.0,0.0,0.0,4,36.0,0.0,0,107.5,131.5,0.0,0.0,0.0,0.0,6
2023-05-10 21:52:52,rb2311P3450,rb2311P3450,107.5,0.0,0.0,0.0,1,36.5,0.0,0,107.5,131.5,0.0,0.0,0.0,0.0,6
2023-05-10 21:52:53,rb2311P3450,rb2311P3450,107.5,0.0,0.0,0.0,1,36.5,0.0,0,107.5,131.5,0.0,0.0,0.0,0.0,6
2023-05-10 21:52:53,rb2311P3450,rb2311P3450,107.5,0.0,0.0,0.0,4,37.0,0.0,0,107.5,131.5,0.0,0.0,0.0,0.0,6
2023-05-10 21:52:54,rb2311P3450,rb2311P3450,107.5,0.0,0.0,0.0,1,37.5,0.0,0,107.5,131.5,0.0,0.0,0.0,0.0,6
2023-05-10 21:52:54,rb2311P3450,rb2311P3450,107.5,0.0,0.0,0.0,1,37.5,0.0,0,107.5,131.5,0.0,0.0,0.0,0.0,6
2023-05-10 21:52:55,rb2311P3450,rb2311P3450,107.5,0.0,0.0,0.0,4,38.0,0.0,0,107.5,131.5,0.0,0.0,0.0,0.0,6
2023-05-10 21:52:55,rb2311P3450,rb2311P3450,107.5,0.0,0.0,0.0,1,38.5,0.0,0,107.5,131.5,0.0,0.0,0.0,0.0,6
2023-05-10 21:52:56,rb2311P3450,rb2311P3450,107.5,0.0,0.0,0.0,1,38.5,0.0,0,107.5,131.5,0.0,0.0,0.0,0.0,6
2023-05-10 21:52:56,rb2311P3450,rb2311P3450,107.5,0.0,0.0,0.0,4,39.0,0.0,0,107.5,131.5,0.0,0.0,0.0,0.0,6
2023-05-10 21:52:57,rb2311P3450,rb2311P3450,107.5,0.0,0.0,0.0,1,39.5,0.0,0,107.5,131.5,0.0,0.0,0.0,0.0,6
2023-05-10 21:52:57,rb2311P3450,rb2311P3450,107.5,0.0,0.0,0.0,1,39.5,0.0,0,107.5,131.5,0.0,0.0,0.0,0.0,6
2023-05-10 21:52:58,rb2311P3450,rb2311P3450,107.5,0.0,0.0,0.0,4,40.0,0.0,0,107.5,131.5,0.0,0.0,0.0,0.0,6
2023-05-10 21:52:58,rb2311P3450,rb2311P3450,107.5,0.0,0.0,0.0,1,40.5,0.0,0,107.5,131.5,0.0,0.0,0.0,0.0,6
2023-05-10 21:52:59,rb2311P3450,rb2311P3450,107.5,0.0,0.0,0.0,1,40.5,0.0,0,107.5,131.5,0.0,0.0,0.0,0.0,6
2023-05-10 21:52:59,rb2311P3450,rb2311P3450,107.5,0.0,0.0,0.0,4,41.0,0.0,0,107.5,131.5,0.0,0.0,0.0,0.0,6
2023-05-10 21:53:00,rb2311P3450,rb2311P3450,107.5,0.0,0.0,0.0,1,41.5,0.0,0,107.5,131.5,0.0,0.0,0.0,0.0,6
2023-05-10 21:53:00,rb2311P3450,rb2311P3450,107.5,0.0,0.0,0.0,1,41.5,0.0,0,107.5,131.5,0.0,0.0,0.0,0.0,6
2023-05-10 21:53:01,rb2311P3450,rb2311P3450,107.5,0.0,0.0,0.0,4,42.0,0.0,0,107.5,131.5,0.0,0.0,0.0,0.0,6
2023-05-10 21:53:01,rb2311P3450,rb2311P3450,107.5,0.0,0.0,0.0,1,42.5,0.0,0,107.5,131.5,0.0,0.0,0.0,0.0,6
2023-05-10 21:53:02,rb2311P3450,rb2311P3450,107.5,0.0,0.0,0.0,1,42.5,0.0,0,107.5,131.5,0.0,0.0,0.0,0.0,6
2023-05-10 21:53:02,rb2311P3450,rb2311P3450,107.5,0.0,0.0,0.0,4,43.0,0.0,0,107.5,131.5,0.0,0.0,0.0,0.0,6
2023-05-10 21:53:03,rb2311P3450,rb2311P3450,107.5,0.0,0.0,0.0,1,43.5,0.0,0,107.5,131.5,0.0,0.0,0.0,0.0,6
2023-05-10 21:53:03,rb2311P3450,rb2311P3450,107.5,0.0,0.0,0.0,1,43.5,0.0,0,107.5,131.5,0.0,0.0,0.0,0.0,6
2023-05-10 21:53:04,rb2311P3450,rb2311P3450,107.5,0.0,0.0,0.0,4,44.0,0.0,0,107.5,131.5,0.0,0.0,0.0,0.0,6
2023-05-10 21:53:04,rb2311P3450,rb2311P3450,107.5,0.0,0.0,0.0,1,44.5,0.0,0,107.5,131.5,0.0,0.0,0.0,0.0,6
2023-05-10 21:53:05,rb2311P3450,rb2311P3450,107.5,0.0,0.0,0.0,1,44.5,0.0,0,107.5,131.5,0.0,0.0,0.0,0.0,6
2023-05-10 21:53:05,rb2311P3450,rb2311P3450,107.5,0.0,0.0,0.0,4,45.0,0.0,0,107.5,131.5,0.0,0.0,0.0,0.0,6
2023-05-10 21:53:06,rb2311P3450,rb2311P3450,107.5,0.0,0.0,0.0,4,45.0,0.0,0,107.5,131.5,0.0,0.0,0.0,0.0,6
2023-05-10 22:00:57,rb2311P3450,rb2311P3450,107.5,0.0,0.0,0.0,4,45.0,0.0,0,107.5,131.5,0.0,0.0,0.0,0.0,6
2023-05-10 22:23:07,rb2311P3450,rb2311P3450,107.5,0.0,0.0,0.0,1,45.5,0.0,0,107.5,131.5,0.0,0.0,0.0,0.0,6
2023-05-10 22:23:07,rb2311P3450,rb2311P3450,107.5,0.0,0.0,0.0,1,45.5,0.0,0,107.5,131.5,0.0,0.0,0.0,0.0,6
2023-05-10 22:23:08,rb2311P3450,rb2311P3450,107.5,0.0,0.0,0.0,4,46.0,0.0,0,107.5,131.5,0.0,0.0,0.0,0.0,6
2023-05-10 22:27:18,rb2311P3450,rb2311P3450,107.5,0.0,0.0,0.0,4,46.0,0.0,0,107.5,131.5,0.0,0.0,0.0,0.0,6
2023-05-10 22:57:03,rb2311P3450,rb2311P3450,107.5,0.0,0.0,0.0,1,45.5,0.0,0,107.5,131.5,0.0,0.0,0.0,0.0,6
2023-05-10 22:57:42,rb2311P3450,rb2311P3450,107.5,0.0,0.0,0.0,1,0.5,0.0,0,107.5,131.5,0.0,0.0,0.0,0.0,6
2023-05-10 22:58:48,rb2311P3450,rb2311P3450,107.5,0.0,0.0,0.0,0,0.0,0.0,0,107.5,131.5,0.0,0.0,0.0,0.0,6
2023-05-11 09:01:40,rb2311P3450,rb2311P3450,107.5,0.0,0.0,0.0,1,8.5,0.0,0,107.5,131.5,0.0,0.0,0.0,0.0,6
2023-05-11 09:01:40,rb2311P3450,rb2311P3450,107.5,0.0,0.0,0.0,4,9.0,0.0,0,107.5,131.5,0.0,0.0,0.0,0.0,6
2023-05-11 09:02:14,rb2311P3450,rb2311P3450,107.5,0.0,0.0,0.0,1,17.0,0.0,0,107.5,131.5,0.0,0.0,0.0,0.0,6
2023-05-11 09:02:14,rb2311P3450,rb2311P3450,107.5,0.0,0.0,0.0,1,17.0,0.0,0,107.5,131.5,0.0,0.0,0.0,0.0,6
2023-05-11 09:02:15,rb2311P3450,rb2311P3450,107.5,0.0,0.0,0.0,4,17.5,0.0,0,107.5,131.5,0.0,0.0,0.0,0.0,6
2023-05-11 09:02:24,rb2311P3450,rb2311P3450,107.5,0.0,0.0,0.0,4,17.5,0.0,0,107.5,131.5,0.0,0.0,0.0,0.0,6
2023-05-11 09:02:24,rb2311P3450,rb2311P3450,107.5,0.0,0.0,0.0,1,21.5,0.0,0,107.5,131.5,0.0,0.0,0.0,0.0,6
2023-05-11 09:02:25,rb2311P3450,rb2311P3450,107.5,0.0,0.0,0.0,1,21.5,0.0,0,107.5,131.5,0.0,0.0,0.0,0.0,6
2023-05-11 09:02:25,rb2311P3450,rb2311P3450,107.5,0.0,0.0,0.0,4,22.0,0.0,0,107.5,131.5,0.0,0.0,0.0,0.0,6
2023-05-11 09:02:32,rb2311P3450,rb2311P3450,107.5,0.0,0.0,0.0,1,22.5,0.0,0,107.5,131.5,0.0,0.0,0.0,0.0,6
2023-05-11 09:02:33,rb2311P3450,rb2311P3450,107.5,0.0,0.0,0.0,1,22.5,0.0,0,107.5,131.5,0.0,0.0,0.0,0.0,6
2023-05-11 09:02:33,rb2311P3450,rb2311P3450,107.5,0.0,0.0,0.0,4,23.0,0.0,0,107.5,131.5,0.0,0.0,0.0,0.0,6
2023-05-11 09:03:04,rb2311P3450,rb2311P3450,107.5,0.0,0.0,0.0,4,23.0,0.0,0,107.5,131.5,0.0,0.0,0.0,0.0,6
2023-05-11 09:03:05,rb2311P3450,rb2311P3450,107.5,0.0,0.0,0.0,1,23.5,0.0,0,107.5,131.5,0.0,0.0,0.0,0.0,6
2023-05-11 09:03:05,rb2311P3450,rb2311P3450,107.5,0.0,0.0,0.0,1,23.5,0.0,0,107.5,131.5,0.0,0.0,0.0,0.0,6
2023-05-11 09:03:06,rb2311P3450,rb2311P3450,107.5,0.0,0.0,0.0,4,24.0,0.0,0,107.5,131.5,0.0,0.0,0.0,0.0,6
2023-05-11 09:03:24,rb2311P3450,rb2311P3450,107.5,0.0,0.0,0.0,1,24.5,0.0,0,107.5,131.5,0.0,0.0,0.0,0.0,6
2023-05-11 09:03:25,rb2311P3450,rb2311P3450,107.5,0.0,0.0,0.0,1,24.5,0.0,0,107.5,131.5,0.0,0.0,0.0,0.0,6
2023-05-11 09:03:25,rb2311P3450,rb2311P3450,107.5,0.0,0.0,0.0,4,25.0,0.0,0,107.5,131.5,0.0,0.0,0.0,0.0,6
2023-05-11 09:03:26,rb2311P3450,rb2311P3450,107.5,0.0,0.0,0.0,4,25.0,0.0,0,107.5,131.5,0.0,0.0,0.0,0.0,6
2023-05-11 09:03:27,rb2311P3450,rb2311P3450,107.5,0.0,0.0,0.0,1,25.5,0.0,0,107.5,131.5,0.0,0.0,0.0,0.0,6
2023-05-11 09:03:27,rb2311P3450,rb2311P3450,107.5,0.0,0.0,0.0,1,25.5,0.0,0,107.5,131.5,0.0,0.0,0.0,0.0,6
2023-05-11 09:03:28,rb2311P3450,rb2311P3450,107.5,0.0,0.0,0.0,4,26.0,0.0,0,107.5,131.5,0.0,0.0,0.0,0.0,6
2023-05-11 09:03:28,rb2311P3450,rb2311P3450,107.5,0.0,0.0,0.0,4,26.0,0.0,0,107.5,131.5,0.0,0.0,0.0,0.0,6
2023-05-11 09:03:29,rb2311P3450,rb2311P3450,107.5,0.0,0.0,0.0,1,26.5,0.0,0,107.5,131.5,0.0,0.0,0.0,0.0,6
2023-05-11 09:03:29,rb2311P3450,rb2311P3450,107.5,0.0,0.0,0.0,1,26.5,0.0,0,107.5,131.5,0.0,0.0,0.0,0.0,6
2023-05-11 09:03:30,rb2311P3450,rb2311P3450,107.5,0.0,0.0,0.0,4,27.0,0.0,0,107.5,131.5,0.0,0.0,0.0,0.0,6
2023-05-11 09:03:30,rb2311P3450,rb2311P3450,107.5,0.0,0.0,0.0,4,27.0,0.0,0,107.5,131.5,0.0,0.0,0.0,0.0,6
2023-05-11 09:03:31,rb2311P3450,rb2311P3450,107.5,0.0,0.0,0.0,1,27.5,0.0,0,107.5,131.5,0.0,0.0,0.0,0.0,6
2023-05-11 09:03:31,rb2311P3450,rb2311P3450,107.5,0.0,0.0,0.0,1,27.5,0.0,0,107.5,131.5,0.0,0.0,0.0,0.0,6
2023-05-11 09:03:32,rb2311P3450,rb2311P3450,107.5,0.0,0.0,0.0,4,28.0,0.0,0,107.5,131.5,0.0,0.0,0.0,0.0,6
2023-05-11 09:03:55,rb2311P3450,rb2311P3450,107.5,0.0,0.0,0.0,4,28.0,0.0,0,107.5,131.5,0.0,0.0,0.0,0.0,6
2023-05-11 09:03:56,rb2311P3450,rb2311P3450,107.5,0.0,0.0,0.0,1,28.5,0.0,0,107.5,131.5,0.0,0.0,0.0,0.0,6
2023-05-11 09:03:56,rb2311P3450,rb2311P3450,107.5,0.0,0.0,0.0,1,28.5,0.0,0,107.5,131.5,0.0,0.0,0.0,0.0,6
2023-05-11 09:03:57,rb2311P3450,rb2311P3450,107.5,0.0,0.0,0.0,4,29.0,0.0,0,107.5,131.5,0.0,0.0,0.0,0.0,6
2023-05-11 09:03:57,rb2311P3450,rb2311P3450,107.5,0.0,0.0,0.0,4,29.0,0.0,0,107.5,131.5,0.0,0.0,0.0,0.0,6
2023-05-11 09:03:58,rb2311P3450,rb2311P3450,107.5,0.0,0.0,0.0,1,29.5,0.0,0,107.5,131.5,0.0,0.0,0.0,0.0,6
2023-05-11 09:03:58,rb2311P3450,rb2311P3450,107.5,0.0,0.0,0.0,1,29.5,0.0,0,107.5,131.5,0.0,0.0,0.0,0.0,6
2023-05-11 09:03:59,rb2311P3450,rb2311P3450,107.5,0.0,0.0,0.0,4,30.0,0.0,0,107.5,131.5,0.0,0.0,0.0,0.0,6
2023-05-11 09:04:00,rb2311P3450,rb2311P3450,107.5,0.0,0.0,0.0,1,30.5,0.0,0,107.5,131.5,0.0,0.0,0.0,0.0,6
2023-05-11 09:04:01,rb2311P3450,rb2311P3450,107.5,0.0,0.0,0.0,1,30.5,0.0,0,107.5,131.5,0.0,0.0,0.0,0.0,6
2023-05-11 09:04:01,rb2311P3450,rb2311P3450,107.5,0.0,0.0,0.0,4,31.0,0.0,0,107.5,131.5,0.0,0.0,0.0,0.0,6
2023-05-11 09:04:02,rb2311P3450,rb2311P3450,107.5,0.0,0.0,0.0,4,31.0,0.0,0,107.5,131.5,0.0,0.0,0.0,0.0,6
2023-05-11 09:04:03,rb2311P3450,rb2311P3450,107.5,0.0,0.0,0.0,1,31.5,0.0,0,107.5,131.5,0.0,0.0,0.0,0.0,6
2023-05-11 09:04:03,rb2311P3450,rb2311P3450,107.5,0.0,0.0,0.0,1,31.5,0.0,0,107.5,131.5,0.0,0.0,0.0,0.0,6
2023-05-11 09:04:04,rb2311P3450,rb2311P3450,107.5,0.0,0.0,0.0,4,32.0,0.0,0,107.5,131.5,0.0,0.0,0.0,0.0,6
2023-05-11 09:04:05,rb2311P3450,rb2311P3450,107.5,0.0,0.0,0.0,1,32.5,0.0,0,107.5,131.5,0.0,0.0,0.0,0.0,6
2023-05-11 09:04:06,rb2311P3450,rb2311P3450,107.5,0.0,0.0,0.0,1,32.5,0.0,0,107.5,131.5,0.0,0.0,0.0,0.0,6
2023-05-11 09:04:06,rb2311P3450,rb2311P3450,107.5,0.0,0.0,0.0,4,33.0,0.0,0,107.5,131.5,0.0,0.0,0.0,0.0,6
2023-05-11 09:04:07,rb2311P3450,rb2311P3450,107.5,0.0,0.0,0.0,4,33.0,0.0,0,107.5,131.5,0.0,0.0,0.0,0.0,6
2023-05-11 09:04:07,rb2311P3450,rb2311P3450,107.5,0.0,0.0,0.0,1,33.5,0.0,0,107.5,131.5,0.0,0.0,0.0,0.0,6
2023-05-11 09:04:08,rb2311P3450,rb2311P3450,107.5,0.0,0.0,0.0,1,33.5,0.0,0,107.5,131.5,0.0,0.0,0.0,0.0,6
2023-05-11 09:04:08,rb2311P3450,rb2311P3450,107.5,0.0,0.0,0.0,4,34.0,0.0,0,107.5,131.5,0.0,0.0,0.0,0.0,6
2023-05-11 09:04:09,rb2311P3450,rb2311P3450,107.5,0.0,0.0,0.0,1,34.5,0.0,0,107.5,131.5,0.0,0.0,0.0,0.0,6
2023-05-11 09:04:10,rb2311P3450,rb2311P3450,107.5,0.0,0.0,0.0,1,34.5,0.0,0,107.5,131.5,0.0,0.0,0.0,0.0,6
2023-05-11 09:04:10,rb2311P3450,rb2311P3450,107.5,0.0,0.0,0.0,4,35.0,0.0,0,107.5,131.5,0.0,0.0,0.0,0.0,6
2023-05-11 09:04:11,rb2311P3450,rb2311P3450,107.5,0.0,0.0,0.0,1,35.5,0.0,0,107.5,131.5,0.0,0.0,0.0,0.0,6
2023-05-11 09:04:12,rb2311P3450,rb2311P3450,107.5,0.0,0.0,0.0,1,35.5,0.0,0,107.5,131.5,0.0,0.0,0.0,0.0,6
2023-05-11 09:04:12,rb2311P3450,rb2311P3450,107.5,0.0,0.0,0.0,4,36.0,0.0,0,107.5,131.5,0.0,0.0,0.0,0.0,6
2023-05-11 09:04:13,rb2311P3450,rb2311P3450,107.5,0.0,0.0,0.0,4,36.0,0.0,0,107.5,131.5,0.0,0.0,0.0,0.0,6
2023-05-11 09:04:13,rb2311P3450,rb2311P3450,107.5,0.0,0.0,0.0,1,36.5,0.0,0,107.5,131.5,0.0,0.0,0.0,0.0,6
2023-05-11 09:04:14,rb2311P3450,rb2311P3450,107.5,0.0,0.0,0.0,1,36.5,0.0,0,107.5,131.5,0.0,0.0,0.0,0.0,6
2023-05-11 09:04:14,rb2311P3450,rb2311P3450,107.5,0.0,0.0,0.0,4,37.0,0.0,0,107.5,131.5,0.0,0.0,0.0,0.0,6
2023-05-11 09:04:15,rb2311P3450,rb2311P3450,107.5,0.0,0.0,0.0,1,37.5,0.0,0,107.5,131.5,0.0,0.0,0.0,0.0,6
2023-05-11 09:04:15,rb2311P3450,rb2311P3450,107.5,0.0,0.0,0.0,1,37.5,0.0,0,107.5,131.5,0.0,0.0,0.0,0.0,6
2023-05-11 09:04:16,rb2311P3450,rb2311P3450,107.5,0.0,0.0,0.0,4,38.0,0.0,0,107.5,131.5,0.0,0.0,0.0,0.0,6
2023-05-11 09:04:16,rb2311P3450,rb2311P3450,107.5,0.0,0.0,0.0,1,38.5,0.0,0,107.5,131.5,0.0,0.0,0.0,0.0,6
2023-05-11 09:04:17,rb2311P3450,rb2311P3450,107.5,0.0,0.0,0.0,1,38.5,0.0,0,107.5,131.5,0.0,0.0,0.0,0.0,6
2023-05-11 09:04:17,rb2311P3450,rb2311P3450,107.5,0.0,0.0,0.0,4,39.0,0.0,0,107.5,131.5,0.0,0.0,0.0,0.0,6
2023-05-11 09:04:18,rb2311P3450,rb2311P3450,107.5,0.0,0.0,0.0,4,39.0,0.0,0,107.5,131.5,0.0,0.0,0.0,0.0,6
2023-05-11 09:04:18,rb2311P3450,rb2311P3450,107.5,0.0,0.0,0.0,1,39.5,0.0,0,107.5,131.5,0.0,0.0,0.0,0.0,6
2023-05-11 09:04:19,rb2311P3450,rb2311P3450,107.5,0.0,0.0,0.0,1,39.5,0.0,0,107.5,131.5,0.0,0.0,0.0,0.0,6
2023-05-11 09:04:19,rb2311P3450,rb2311P3450,107.5,0.0,0.0,0.0,4,40.0,0.0,0,107.5,131.5,0.0,0.0,0.0,0.0,6
2023-05-11 09:04:20,rb2311P3450,rb2311P3450,107.5,0.0,0.0,0.0,1,40.5,0.0,0,107.5,131.5,0.0,0.0,0.0,0.0,6
2023-05-11 09:04:20,rb2311P3450,rb2311P3450,107.5,0.0,0.0,0.0,1,40.5,0.0,0,107.5,131.5,0.0,0.0,0.0,0.0,6
2023-05-11 09:04:21,rb2311P3450,rb2311P3450,107.5,0.0,0.0,0.0,4,41.0,0.0,0,107.5,131.5,0.0,0.0,0.0,0.0,6
2023-05-11 09:04:22,rb2311P3450,rb2311P3450,107.5,0.0,0.0,0.0,1,41.5,0.0,0,107.5,131.5,0.0,0.0,0.0,0.0,6
2023-05-11 09:04:22,rb2311P3450,rb2311P3450,107.5,0.0,0.0,0.0,1,41.5,0.0,0,107.5,131.5,0.0,0.0,0.0,0.0,6
2023-05-11 09:04:23,rb2311P3450,rb2311P3450,107.5,0.0,0.0,0.0,4,42.0,0.0,0,107.5,131.5,0.0,0.0,0.0,0.0,6
2023-05-11 09:04:23,rb2311P3450,rb2311P3450,107.5,0.0,0.0,0.0,4,42.0,0.0,0,107.5,131.5,0.0,0.0,0.0,0.0,6
2023-05-11 09:04:24,rb2311P3450,rb2311P3450,107.5,0.0,0.0,0.0,1,42.5,0.0,0,107.5,131.5,0.0,0.0,0.0,0.0,6
2023-05-11 09:04:24,rb2311P3450,rb2311P3450,107.5,0.0,0.0,0.0,1,42.5,0.0,0,107.5,131.5,0.0,0.0,0.0,0.0,6
2023-05-11 09:04:25,rb2311P3450,rb2311P3450,107.5,0.0,0.0,0.0,4,43.0,0.0,0,107.5,131.5,0.0,0.0,0.0,0.0,6
2023-05-11 09:04:25,rb2311P3450,rb2311P3450,107.5,0.0,0.0,0.0,1,43.5,0.0,0,107.5,131.5,0.0,0.0,0.0,0.0,6
2023-05-11 09:04:26,rb2311P3450,rb2311P3450,107.5,0.0,0.0,0.0,1,43.5,0.0,0,107.5,131.5,0.0,0.0,0.0,0.0,6
2023-05-11 09:04:26,rb2311P3450,rb2311P3450,107.5,0.0,0.0,0.0,4,44.0,0.0,0,107.5,131.5,0.0,0.0,0.0,0.0,6
2023-05-11 09:04:27,rb2311P3450,rb2311P3450,107.5,0.0,0.0,0.0,1,44.5,0.0,0,107.5,131.5,0.0,0.0,0.0,0.0,6
2023-05-11 09:04:27,rb2311P3450,rb2311P3450,107.5,0.0,0.0,0.0,1,44.5,0.0,0,107.5,131.5,0.0,0.0,0.0,0.0,6
2023-05-11 09:04:28,rb2311P3450,rb2311P3450,107.5,0.0,0.0,0.0,4,45.0,0.0,0,107.5,131.5,0.0,0.0,0.0,0.0,6
2023-05-11 09:04:29,rb2311P3450,rb2311P3450,107.5,0.0,0.0,0.0,1,45.5,0.0,0,107.5,131.5,0.0,0.0,0.0,0.0,6
2023-05-11 09:04:29,rb2311P3450,rb2311P3450,107.5,0.0,0.0,0.0,1,45.5,0.0,0,107.5,131.5,0.0,0.0,0.0,0.0,6
2023-05-11 09:04:30,rb2311P3450,rb2311P3450,107.5,0.0,0.0,0.0,4,46.0,0.0,0,107.5,131.5,0.0,0.0,0.0,0.0,6
2023-05-11 09:04:31,rb2311P3450,rb2311P3450,107.5,0.0,0.0,0.0,1,46.5,0.0,0,107.5,131.5,0.0,0.0,0.0,0.0,6
2023-05-11 09:04:31,rb2311P3450,rb2311P3450,107.5,0.0,0.0,0.0,1,46.5,0.0,0,107.5,131.5,0.0,0.0,0.0,0.0,6
2023-05-11 09:04:32,rb2311P3450,rb2311P3450,107.5,0.0,0.0,0.0,4,47.0,0.0,0,107.5,131.5,0.0,0.0,0.0,0.0,6
2023-05-11 09:04:32,rb2311P3450,rb2311P3450,107.5,0.0,0.0,0.0,4,47.0,0.0,0,107.5,131.5,0.0,0.0,0.0,0.0,6
2023-05-11 10:04:11,rb2311P3450,rb2311P3450,107.5,0.0,0.0,0.0,1,47.5,0.0,0,107.5,131.5,0.0,0.0,0.0,0.0,6
2023-05-11 10:04:12,rb2311P3450,rb2311P3450,107.5,0.0,0.0,0.0,1,47.5,0.0,0,107.5,131.5,0.0,0.0,0.0,0.0,6
2023-05-11 10:04:12,rb2311P3450,rb2311P3450,107.5,0.0,0.0,0.0,4,48.0,0.0,0,107.5,131.5,0.0,0.0,0.0,0.0,6
2023-05-11 10:05:04,rb2311P3450,rb2311P3450,107.5,0.0,0.0,0.0,4,48.0,0.0,0,107.5,131.5,0.0,0.0,0.0,0.0,6
2023-05-11 10:14:33,rb2311P3450,rb2311P3450,107.5,0.0,0.0,0.0,1,47.5,0.0,0,107.5,131.5,0.0,0.0,0.0,0.0,6
2023-05-11 10:35:38,rb2311P3450,rb2311P3450,107.5,0.0,0.0,0.0,4,48.0,0.0,0,107.5,131.5,0.0,0.0,0.0,0.0,6
2023-05-11 10:39:43,rb2311P3450,rb2311P3450,107.5,0.0,0.0,0.0,1,48.5,0.0,0,107.5,131.5,0.0,0.0,0.0,0.0,6
2023-05-11 10:39:43,rb2311P3450,rb2311P3450,107.5,0.0,0.0,0.0,1,48.5,0.0,0,107.5,131.5,0.0,0.0,0.0,0.0,6
2023-05-11 10:39:44,rb2311P3450,rb2311P3450,107.5,0.0,0.0,0.0,4,49.0,0.0,0,107.5,131.5,0.0,0.0,0.0,0.0,6
2023-05-11 10:41:39,rb2311P3450,rb2311P3450,107.5,0.0,0.0,0.0,4,49.0,0.0,0,107.5,131.5,0.0,0.0,0.0,0.0,6
2023-05-11 10:49:15,rb2311P3450,rb2311P3450,107.5,0.0,0.0,0.0,1,130.5,144.5,1,107.5,131.5,0.0,0.0,0.0,0.0,6
2023-05-11 10:49:16,rb2311P3450,rb2311P3450,107.5,0.0,0.0,0.0,1,130.5,144.0,4,107.5,131.5,0.0,0.0,0.0,0.0,6
2023-05-11 10:49:26,rb2311P3450,rb2311P3450,107.5,0.0,0.0,0.0,1,130.5,131.5,1,107.5,131.5,0.0,0.0,0.0,0.0,6
2023-05-11 10:49:26,rb2311P3450,rb2311P3450,107.5,0.0,0.0,0.0,1,130.5,131.5,1,107.5,131.5,0.0,0.0,0.0,0.0,6
2023-05-11 10:49:27,rb2311P3450,rb2311P3450,107.5,0.0,0.0,0.0,1,130.0,131.5,1,107.5,131.5,0.0,0.0,0.0,0.0,6
2023-05-11 10:49:28,rb2311P3450,rb2311P3450,107.5,0.0,0.0,0.0,1,130.0,131.5,1,107.5,131.5,0.0,0.0,0.0,0.0,6
2023-05-11 10:49:29,rb2311P3450,rb2311P3450,107.5,0.0,0.0,0.0,1,130.0,131.5,1,107.5,131.5,0.0,0.0,0.0,0.0,6
2023-05-11 10:49:29,rb2311P3450,rb2311P3450,107.5,0.0,0.0,0.0,1,130.0,131.5,1,107.5,131.5,0.0,0.0,0.0,0.0,6
2023-05-11 10:49:30,rb2311P3450,rb2311P3450,131.5,1.0,1315.0,1.0,1,130.0,132.0,2,107.5,131.5,131.5,131.5,1.0,1315.0,7
2023-05-11 10:49:33,rb2311P3450,rb2311P3450,131.5,0.0,0.0,0.0,1,130.0,132.0,2,107.5,131.5,131.5,131.5,1.0,1315.0,7
2023-05-11 10:49:33,rb2311P3450,rb2311P3450,131.5,0.0,0.0,0.0,1,130.0,132.0,2,107.5,131.5,131.5,131.5,1.0,1315.0,7
2023-05-11 10:49:36,rb2311P3450,rb2311P3450,131.5,0.0,0.0,0.0,1,130.0,132.0,2,107.5,131.5,131.5,131.5,1.0,1315.0,7
2023-05-11 10:49:39,rb2311P3450,rb2311P3450,131.5,0.0,0.0,0.0,1,129.5,132.0,1,107.5,131.5,131.5,131.5,1.0,1315.0,7
2023-05-11 10:49:39,rb2311P3450,rb2311P3450,131.5,0.0,0.0,0.0,1,129.5,132.0,1,107.5,131.5,131.5,131.5,1.0,1315.0,7
2023-05-11 10:49:40,rb2311P3450,rb2311P3450,131.5,0.0,0.0,0.0,1,127.5,134.5,1,107.5,131.5,131.5,131.5,1.0,1315.0,7
2023-05-11 10:49:40,rb2311P3450,rb2311P3450,131.5,0.0,0.0,0.0,1,127.5,134.5,1,107.5,131.5,131.5,131.5,1.0,1315.0,7
2023-05-11 10:49:41,rb2311P3450,rb2311P3450,131.5,0.0,0.0,0.0,1,127.5,134.5,1,107.5,131.5,131.5,131.5,1.0,1315.0,7
2023-05-11 10:49:43,rb2311P3450,rb2311P3450,131.5,0.0,0.0,0.0,1,127.5,134.5,1,107.5,131.5,131.5,131.5,1.0,1315.0,7
2023-05-11 10:49:46,rb2311P3450,rb2311P3450,131.5,0.0,0.0,0.0,1,48.5,0.0,0,107.5,131.5,131.5,131.5,1.0,1315.0,7
2023-05-11 10:49:46,rb2311P3450,rb2311P3450,131.5,0.0,0.0,0.0,4,49.0,0.0,0,107.5,131.5,131.5,131.5,1.0,1315.0,7
2023-05-11 10:50:00,rb2311P3450,rb2311P3450,131.5,0.0,0.0,0.0,1,49.5,0.0,0,107.5,131.5,131.5,131.5,1.0,1315.0,7
2023-05-11 10:50:00,rb2311P3450,rb2311P3450,131.5,0.0,0.0,0.0,1,49.5,0.0,0,107.5,131.5,131.5,131.5,1.0,1315.0,7
2023-05-11 10:50:01,rb2311P3450,rb2311P3450,131.5,0.0,0.0,0.0,4,50.0,0.0,0,107.5,131.5,131.5,131.5,1.0,1315.0,7
2023-05-11 10:50:49,rb2311P3450,rb2311P3450,131.5,0.0,0.0,0.0,4,50.0,0.0,0,107.5,131.5,131.5,131.5,1.0,1315.0,7
2023-05-11 11:29:34,rb2311P3450,rb2311P3450,131.5,0.0,0.0,0.0,1,49.5,0.0,0,107.5,131.5,131.5,131.5,1.0,1315.0,7
2023-05-11 11:29:48,rb2311P3450,rb2311P3450,131.5,0.0,0.0,0.0,1,0.5,0.0,0,107.5,131.5,131.5,131.5,1.0,1315.0,7
2023-05-11 13:30:10,rb2311P3450,rb2311P3450,131.5,0.0,0.0,0.0,4,1.0,0.0,0,107.5,131.5,131.5,131.5,1.0,1315.0,7
2023-05-11 13:31:35,rb2311P3450,rb2311P3450,131.5,0.0,0.0,0.0,1,1.5,0.0,0,107.5,131.5,131.5,131.5,1.0,1315.0,7
2023-05-11 13:31:36,rb2311P3450,rb2311P3450,131.5,0.0,0.0,0.0,1,1.5,0.0,0,107.5,131.5,131.5,131.5,1.0,1315.0,7
2023-05-11 13:31:36,rb2311P3450,rb2311P3450,131.5,0.0,0.0,0.0,4,2.0,0.0,0,107.5,131.5,131.5,131.5,1.0,1315.0,7
2023-05-11 13:32:09,rb2311P3450,rb2311P3450,131.5,0.0,0.0,0.0,1,2.5,0.0,0,107.5,131.5,131.5,131.5,1.0,1315.0,7
2023-05-11 13:32:09,rb2311P3450,rb2311P3450,131.5,0.0,0.0,0.0,1,2.5,0.0,0,107.5,131.5,131.5,131.5,1.0,1315.0,7
2023-05-11 13:32:10,rb2311P3450,rb2311P3450,131.5,0.0,0.0,0.0,4,3.0,0.0,0,107.5,131.5,131.5,131.5,1.0,1315.0,7
2023-05-11 13:32:15,rb2311P3450,rb2311P3450,131.5,0.0,0.0,0.0,1,3.5,0.0,0,107.5,131.5,131.5,131.5,1.0,1315.0,7
2023-05-11 13:32:16,rb2311P3450,rb2311P3450,131.5,0.0,0.0,0.0,1,3.5,0.0,0,107.5,131.5,131.5,131.5,1.0,1315.0,7
2023-05-11 13:32:16,rb2311P3450,rb2311P3450,131.5,0.0,0.0,0.0,4,4.0,0.0,0,107.5,131.5,131.5,131.5,1.0,1315.0,7
2023-05-11 13:32:42,rb2311P3450,rb2311P3450,131.5,0.0,0.0,0.0,1,4.5,0.0,0,107.5,131.5,131.5,131.5,1.0,1315.0,7
2023-05-11 13:32:42,rb2311P3450,rb2311P3450,131.5,0.0,0.0,0.0,1,4.5,0.0,0,107.5,131.5,131.5,131.5,1.0,1315.0,7
2023-05-11 13:32:43,rb2311P3450,rb2311P3450,131.5,0.0,0.0,0.0,4,5.0,0.0,0,107.5,131.5,131.5,131.5,1.0,1315.0,7
2023-05-11 13:32:43,rb2311P3450,rb2311P3450,131.5,0.0,0.0,0.0,4,5.0,0.0,0,107.5,131.5,131.5,131.5,1.0,1315.0,7
2023-05-11 13:32:44,rb2311P3450,rb2311P3450,131.5,0.0,0.0,0.0,1,5.5,0.0,0,107.5,131.5,131.5,131.5,1.0,1315.0,7
2023-05-11 13:32:44,rb2311P3450,rb2311P3450,131.5,0.0,0.0,0.0,1,5.5,0.0,0,107.5,131.5,131.5,131.5,1.0,1315.0,7
2023-05-11 13:32:45,rb2311P3450,rb2311P3450,131.5,0.0,0.0,0.0,4,6.0,0.0,0,107.5,131.5,131.5,131.5,1.0,1315.0,7
2023-05-11 13:32:49,rb2311P3450,rb2311P3450,131.5,0.0,0.0,0.0,1,6.5,0.0,0,107.5,131.5,131.5,131.5,1.0,1315.0,7
2023-05-11 13:32:49,rb2311P3450,rb2311P3450,131.5,0.0,0.0,0.0,1,6.5,0.0,0,107.5,131.5,131.5,131.5,1.0,1315.0,7
2023-05-11 13:32:50,rb2311P3450,rb2311P3450,131.5,0.0,0.0,0.0,4,7.0,0.0,0,107.5,131.5,131.5,131.5,1.0,1315.0,7
2023-05-11 13:32:51,rb2311P3450,rb2311P3450,131.5,0.0,0.0,0.0,4,7.0,0.0,0,107.5,131.5,131.5,131.5,1.0,1315.0,7
2023-05-11 13:32:52,rb2311P3450,rb2311P3450,131.5,0.0,0.0,0.0,1,7.5,0.0,0,107.5,131.5,131.5,131.5,1.0,1315.0,7
2023-05-11 13:32:52,rb2311P3450,rb2311P3450,131.5,0.0,0.0,0.0,1,7.5,0.0,0,107.5,131.5,131.5,131.5,1.0,1315.0,7
2023-05-11 13:32:53,rb2311P3450,rb2311P3450,131.5,0.0,0.0,0.0,4,8.0,0.0,0,107.5,131.5,131.5,131.5,1.0,1315.0,7
2023-05-11 13:32:55,rb2311P3450,rb2311P3450,131.5,0.0,0.0,0.0,1,8.5,0.0,0,107.5,131.5,131.5,131.5,1.0,1315.0,7
2023-05-11 13:32:55,rb2311P3450,rb2311P3450,131.5,0.0,0.0,0.0,1,8.5,0.0,0,107.5,131.5,131.5,131.5,1.0,1315.0,7
2023-05-11 13:32:56,rb2311P3450,rb2311P3450,131.5,0.0,0.0,0.0,4,9.0,0.0,0,107.5,131.5,131.5,131.5,1.0,1315.0,7
2023-05-11 13:32:58,rb2311P3450,rb2311P3450,131.5,0.0,0.0,0.0,1,9.5,0.0,0,107.5,131.5,131.5,131.5,1.0,1315.0,7
2023-05-11 13:32:58,rb2311P3450,rb2311P3450,131.5,0.0,0.0,0.0,1,9.5,0.0,0,107.5,131.5,131.5,131.5,1.0,1315.0,7
2023-05-11 13:32:59,rb2311P3450,rb2311P3450,131.5,0.0,0.0,0.0,4,10.0,0.0,0,107.5,131.5,131.5,131.5,1.0,1315.0,7
2023-05-11 13:33:00,rb2311P3450,rb2311P3450,131.5,0.0,0.0,0.0,1,10.5,0.0,0,107.5,131.5,131.5,131.5,1.0,1315.0,7
2023-05-11 13:33:00,rb2311P3450,rb2311P3450,131.5,0.0,0.0,0.0,1,10.5,0.0,0,107.5,131.5,131.5,131.5,1.0,1315.0,7
2023-05-11 13:33:01,rb2311P3450,rb2311P3450,131.5,0.0,0.0,0.0,4,11.0,0.0,0,107.5,131.5,131.5,131.5,1.0,1315.0,7
2023-05-11 13:33:02,rb2311P3450,rb2311P3450,131.5,0.0,0.0,0.0,1,11.5,0.0,0,107.5,131.5,131.5,131.5,1.0,1315.0,7
2023-05-11 13:33:02,rb2311P3450,rb2311P3450,131.5,0.0,0.0,0.0,1,11.5,0.0,0,107.5,131.5,131.5,131.5,1.0,1315.0,7
2023-05-11 13:33:03,rb2311P3450,rb2311P3450,131.5,0.0,0.0,0.0,4,12.0,0.0,0,107.5,131.5,131.5,131.5,1.0,1315.0,7
2023-05-11 13:33:04,rb2311P3450,rb2311P3450,131.5,0.0,0.0,0.0,1,12.5,0.0,0,107.5,131.5,131.5,131.5,1.0,1315.0,7
2023-05-11 13:33:04,rb2311P3450,rb2311P3450,131.5,0.0,0.0,0.0,1,12.5,0.0,0,107.5,131.5,131.5,131.5,1.0,1315.0,7
2023-05-11 13:33:05,rb2311P3450,rb2311P3450,131.5,0.0,0.0,0.0,4,13.0,0.0,0,107.5,131.5,131.5,131.5,1.0,1315.0,7
2023-05-11 13:33:05,rb2311P3450,rb2311P3450,131.5,0.0,0.0,0.0,4,13.0,0.0,0,107.5,131.5,131.5,131.5,1.0,1315.0,7
2023-05-11 13:33:06,rb2311P3450,rb2311P3450,131.5,0.0,0.0,0.0,1,13.5,0.0,0,107.5,131.5,131.5,131.5,1.0,1315.0,7
2023-05-11 13:33:06,rb2311P3450,rb2311P3450,131.5,0.0,0.0,0.0,1,13.5,0.0,0,107.5,131.5,131.5,131.5,1.0,1315.0,7
2023-05-11 13:33:07,rb2311P3450,rb2311P3450,131.5,0.0,0.0,0.0,4,14.0,0.0,0,107.5,131.5,131.5,131.5,1.0,1315.0,7
2023-05-11 13:33:07,rb2311P3450,rb2311P3450,131.5,0.0,0.0,0.0,4,14.0,0.0,0,107.5,131.5,131.5,131.5,1.0,1315.0,7
2023-05-11 13:33:08,rb2311P3450,rb2311P3450,131.5,0.0,0.0,0.0,1,14.5,0.0,0,107.5,131.5,131.5,131.5,1.0,1315.0,7
2023-05-11 13:33:08,rb2311P3450,rb2311P3450,131.5,0.0,0.0,0.0,1,14.5,0.0,0,107.5,131.5,131.5,131.5,1.0,1315.0,7
2023-05-11 13:33:09,rb2311P3450,rb2311P3450,131.5,0.0,0.0,0.0,4,15.0,0.0,0,107.5,131.5,131.5,131.5,1.0,1315.0,7
2023-05-11 13:33:11,rb2311P3450,rb2311P3450,131.5,0.0,0.0,0.0,4,15.0,0.0,0,107.5,131.5,131.5,131.5,1.0,1315.0,7
2023-05-11 13:33:11,rb2311P3450,rb2311P3450,131.5,0.0,0.0,0.0,1,15.5,0.0,0,107.5,131.5,131.5,131.5,1.0,1315.0,7
2023-05-11 13:33:12,rb2311P3450,rb2311P3450,131.5,0.0,0.0,0.0,1,15.5,0.0,0,107.5,131.5,131.5,131.5,1.0,1315.0,7
2023-05-11 13:33:12,rb2311P3450,rb2311P3450,131.5,0.0,0.0,0.0,4,16.0,0.0,0,107.5,131.5,131.5,131.5,1.0,1315.0,7
2023-05-11 13:33:18,rb2311P3450,rb2311P3450,131.5,0.0,0.0,0.0,1,16.5,0.0,0,107.5,131.5,131.5,131.5,1.0,1315.0,7
2023-05-11 13:33:18,rb2311P3450,rb2311P3450,131.5,0.0,0.0,0.0,1,16.5,0.0,0,107.5,131.5,131.5,131.5,1.0,1315.0,7
2023-05-11 13:33:19,rb2311P3450,rb2311P3450,131.5,0.0,0.0,0.0,4,17.0,0.0,0,107.5,131.5,131.5,131.5,1.0,1315.0,7
2023-05-11 13:33:22,rb2311P3450,rb2311P3450,131.5,0.0,0.0,0.0,1,17.5,0.0,0,107.5,131.5,131.5,131.5,1.0,1315.0,7
2023-05-11 13:33:23,rb2311P3450,rb2311P3450,131.5,0.0,0.0,0.0,1,17.5,0.0,0,107.5,131.5,131.5,131.5,1.0,1315.0,7
2023-05-11 13:33:23,rb2311P3450,rb2311P3450,131.5,0.0,0.0,0.0,4,18.0,0.0,0,107.5,131.5,131.5,131.5,1.0,1315.0,7
2023-05-11 13:33:25,rb2311P3450,rb2311P3450,131.5,0.0,0.0,0.0,1,18.5,0.0,0,107.5,131.5,131.5,131.5,1.0,1315.0,7
2023-05-11 13:33:26,rb2311P3450,rb2311P3450,131.5,0.0,0.0,0.0,1,18.5,0.0,0,107.5,131.5,131.5,131.5,1.0,1315.0,7
2023-05-11 13:33:26,rb2311P3450,rb2311P3450,131.5,0.0,0.0,0.0,4,19.0,0.0,0,107.5,131.5,131.5,131.5,1.0,1315.0,7
2023-05-11 13:33:28,rb2311P3450,rb2311P3450,131.5,0.0,0.0,0.0,1,19.5,0.0,0,107.5,131.5,131.5,131.5,1.0,1315.0,7
2023-05-11 13:33:28,rb2311P3450,rb2311P3450,131.5,0.0,0.0,0.0,1,19.5,0.0,0,107.5,131.5,131.5,131.5,1.0,1315.0,7
2023-05-11 13:33:29,rb2311P3450,rb2311P3450,131.5,0.0,0.0,0.0,4,20.0,0.0,0,107.5,131.5,131.5,131.5,1.0,1315.0,7
2023-05-11 13:33:29,rb2311P3450,rb2311P3450,131.5,0.0,0.0,0.0,4,20.0,0.0,0,107.5,131.5,131.5,131.5,1.0,1315.0,7
2023-05-11 13:33:30,rb2311P3450,rb2311P3450,131.5,0.0,0.0,0.0,1,20.5,0.0,0,107.5,131.5,131.5,131.5,1.0,1315.0,7
2023-05-11 13:33:30,rb2311P3450,rb2311P3450,131.5,0.0,0.0,0.0,1,20.5,0.0,0,107.5,131.5,131.5,131.5,1.0,1315.0,7
2023-05-11 13:33:31,rb2311P3450,rb2311P3450,131.5,0.0,0.0,0.0,4,21.0,0.0,0,107.5,131.5,131.5,131.5,1.0,1315.0,7
2023-05-11 13:33:31,rb2311P3450,rb2311P3450,131.5,0.0,0.0,0.0,1,21.5,0.0,0,107.5,131.5,131.5,131.5,1.0,1315.0,7
2023-05-11 13:33:32,rb2311P3450,rb2311P3450,131.5,0.0,0.0,0.0,1,21.5,0.0,0,107.5,131.5,131.5,131.5,1.0,1315.0,7
2023-05-11 13:33:32,rb2311P3450,rb2311P3450,131.5,0.0,0.0,0.0,4,22.0,0.0,0,107.5,131.5,131.5,131.5,1.0,1315.0,7
2023-05-11 13:33:33,rb2311P3450,rb2311P3450,131.5,0.0,0.0,0.0,1,22.5,0.0,0,107.5,131.5,131.5,131.5,1.0,1315.0,7
2023-05-11 13:33:34,rb2311P3450,rb2311P3450,131.5,0.0,0.0,0.0,1,22.5,0.0,0,107.5,131.5,131.5,131.5,1.0,1315.0,7
2023-05-11 13:33:34,rb2311P3450,rb2311P3450,131.5,0.0,0.0,0.0,4,23.0,0.0,0,107.5,131.5,131.5,131.5,1.0,1315.0,7
2023-05-11 13:33:35,rb2311P3450,rb2311P3450,131.5,0.0,0.0,0.0,1,23.5,0.0,0,107.5,131.5,131.5,131.5,1.0,1315.0,7
2023-05-11 13:33:35,rb2311P3450,rb2311P3450,131.5,0.0,0.0,0.0,1,23.5,0.0,0,107.5,131.5,131.5,131.5,1.0,1315.0,7
2023-05-11 13:33:36,rb2311P3450,rb2311P3450,131.5,0.0,0.0,0.0,4,24.0,0.0,0,107.5,131.5,131.5,131.5,1.0,1315.0,7
2023-05-11 13:33:37,rb2311P3450,rb2311P3450,131.5,0.0,0.0,0.0,4,24.0,0.0,0,107.5,131.5,131.5,131.5,1.0,1315.0,7
2023-05-11 13:33:37,rb2311P3450,rb2311P3450,131.5,0.0,0.0,0.0,1,24.5,0.0,0,107.5,131.5,131.5,131.5,1.0,1315.0,7
2023-05-11 13:33:38,rb2311P3450,rb2311P3450,131.5,0.0,0.0,0.0,1,24.5,0.0,0,107.5,131.5,131.5,131.5,1.0,1315.0,7
2023-05-11 13:33:38,rb2311P3450,rb2311P3450,131.5,0.0,0.0,0.0,4,25.0,0.0,0,107.5,131.5,131.5,131.5,1.0,1315.0,7
2023-05-11 13:33:39,rb2311P3450,rb2311P3450,131.5,0.0,0.0,0.0,4,25.0,0.0,0,107.5,131.5,131.5,131.5,1.0,1315.0,7
2023-05-11 13:33:39,rb2311P3450,rb2311P3450,131.5,0.0,0.0,0.0,1,25.5,0.0,0,107.5,131.5,131.5,131.5,1.0,1315.0,7
2023-05-11 13:33:40,rb2311P3450,rb2311P3450,131.5,0.0,0.0,0.0,1,25.5,0.0,0,107.5,131.5,131.5,131.5,1.0,1315.0,7
2023-05-11 13:33:40,rb2311P3450,rb2311P3450,131.5,0.0,0.0,0.0,4,26.0,0.0,0,107.5,131.5,131.5,131.5,1.0,1315.0,7
2023-05-11 13:33:41,rb2311P3450,rb2311P3450,131.5,0.0,0.0,0.0,1,26.5,0.0,0,107.5,131.5,131.5,131.5,1.0,1315.0,7
2023-05-11 13:33:41,rb2311P3450,rb2311P3450,131.5,0.0,0.0,0.0,1,26.5,0.0,0,107.5,131.5,131.5,131.5,1.0,1315.0,7
2023-05-11 13:33:42,rb2311P3450,rb2311P3450,131.5,0.0,0.0,0.0,4,27.0,0.0,0,107.5,131.5,131.5,131.5,1.0,1315.0,7
2023-05-11 13:33:42,rb2311P3450,rb2311P3450,131.5,0.0,0.0,0.0,1,27.5,0.0,0,107.5,131.5,131.5,131.5,1.0,1315.0,7
2023-05-11 13:33:43,rb2311P3450,rb2311P3450,131.5,0.0,0.0,0.0,1,27.5,0.0,0,107.5,131.5,131.5,131.5,1.0,1315.0,7
2023-05-11 13:33:43,rb2311P3450,rb2311P3450,131.5,0.0,0.0,0.0,4,28.0,0.0,0,107.5,131.5,131.5,131.5,1.0,1315.0,7
2023-05-11 13:33:44,rb2311P3450,rb2311P3450,131.5,0.0,0.0,0.0,1,28.5,0.0,0,107.5,131.5,131.5,131.5,1.0,1315.0,7
2023-05-11 13:33:44,rb2311P3450,rb2311P3450,131.5,0.0,0.0,0.0,1,28.5,0.0,0,107.5,131.5,131.5,131.5,1.0,1315.0,7
2023-05-11 13:33:45,rb2311P3450,rb2311P3450,131.5,0.0,0.0,0.0,4,29.0,0.0,0,107.5,131.5,131.5,131.5,1.0,1315.0,7
2023-05-11 13:33:45,rb2311P3450,rb2311P3450,131.5,0.0,0.0,0.0,4,29.0,0.0,0,107.5,131.5,131.5,131.5,1.0,1315.0,7
2023-05-11 13:33:46,rb2311P3450,rb2311P3450,131.5,0.0,0.0,0.0,1,29.5,0.0,0,107.5,131.5,131.5,131.5,1.0,1315.0,7
2023-05-11 13:33:46,rb2311P3450,rb2311P3450,131.5,0.0,0.0,0.0,1,29.5,0.0,0,107.5,131.5,131.5,131.5,1.0,1315.0,7
2023-05-11 13:33:47,rb2311P3450,rb2311P3450,131.5,0.0,0.0,0.0,4,30.0,0.0,0,107.5,131.5,131.5,131.5,1.0,1315.0,7
2023-05-11 13:33:47,rb2311P3450,rb2311P3450,131.5,0.0,0.0,0.0,1,30.5,0.0,0,107.5,131.5,131.5,131.5,1.0,1315.0,7
2023-05-11 13:33:48,rb2311P3450,rb2311P3450,131.5,0.0,0.0,0.0,1,30.5,0.0,0,107.5,131.5,131.5,131.5,1.0,1315.0,7
2023-05-11 13:33:48,rb2311P3450,rb2311P3450,131.5,0.0,0.0,0.0,4,31.0,0.0,0,107.5,131.5,131.5,131.5,1.0,1315.0,7
2023-05-11 13:33:49,rb2311P3450,rb2311P3450,131.5,0.0,0.0,0.0,1,31.5,0.0,0,107.5,131.5,131.5,131.5,1.0,1315.0,7
2023-05-11 13:33:49,rb2311P3450,rb2311P3450,131.5,0.0,0.0,0.0,1,31.5,0.0,0,107.5,131.5,131.5,131.5,1.0,1315.0,7
2023-05-11 13:33:50,rb2311P3450,rb2311P3450,131.5,0.0,0.0,0.0,4,32.0,0.0,0,107.5,131.5,131.5,131.5,1.0,1315.0,7
2023-05-11 13:33:51,rb2311P3450,rb2311P3450,131.5,0.0,0.0,0.0,1,32.5,0.0,0,107.5,131.5,131.5,131.5,1.0,1315.0,7
2023-05-11 13:33:51,rb2311P3450,rb2311P3450,131.5,0.0,0.0,0.0,1,32.5,0.0,0,107.5,131.5,131.5,131.5,1.0,1315.0,7
2023-05-11 13:33:52,rb2311P3450,rb2311P3450,131.5,0.0,0.0,0.0,4,33.0,0.0,0,107.5,131.5,131.5,131.5,1.0,1315.0,7
2023-05-11 13:33:53,rb2311P3450,rb2311P3450,131.5,0.0,0.0,0.0,1,33.5,0.0,0,107.5,131.5,131.5,131.5,1.0,1315.0,7
2023-05-11 13:33:53,rb2311P3450,rb2311P3450,131.5,0.0,0.0,0.0,1,33.5,0.0,0,107.5,131.5,131.5,131.5,1.0,1315.0,7
2023-05-11 13:33:54,rb2311P3450,rb2311P3450,131.5,0.0,0.0,0.0,4,34.0,0.0,0,107.5,131.5,131.5,131.5,1.0,1315.0,7
2023-05-11 13:33:54,rb2311P3450,rb2311P3450,131.5,0.0,0.0,0.0,1,34.5,0.0,0,107.5,131.5,131.5,131.5,1.0,1315.0,7
2023-05-11 13:33:55,rb2311P3450,rb2311P3450,131.5,0.0,0.0,0.0,1,34.5,0.0,0,107.5,131.5,131.5,131.5,1.0,1315.0,7
2023-05-11 13:33:55,rb2311P3450,rb2311P3450,131.5,0.0,0.0,0.0,4,35.0,0.0,0,107.5,131.5,131.5,131.5,1.0,1315.0,7
2023-05-11 13:33:56,rb2311P3450,rb2311P3450,131.5,0.0,0.0,0.0,1,35.5,0.0,0,107.5,131.5,131.5,131.5,1.0,1315.0,7
2023-05-11 13:33:56,rb2311P3450,rb2311P3450,131.5,0.0,0.0,0.0,1,35.5,0.0,0,107.5,131.5,131.5,131.5,1.0,1315.0,7
2023-05-11 13:33:57,rb2311P3450,rb2311P3450,131.5,0.0,0.0,0.0,4,36.0,0.0,0,107.5,131.5,131.5,131.5,1.0,1315.0,7
2023-05-11 13:33:57,rb2311P3450,rb2311P3450,131.5,0.0,0.0,0.0,1,36.5,0.0,0,107.5,131.5,131.5,131.5,1.0,1315.0,7
2023-05-11 13:33:58,rb2311P3450,rb2311P3450,131.5,0.0,0.0,0.0,1,36.5,0.0,0,107.5,131.5,131.5,131.5,1.0,1315.0,7
2023-05-11 13:33:58,rb2311P3450,rb2311P3450,131.5,0.0,0.0,0.0,4,37.0,0.0,0,107.5,131.5,131.5,131.5,1.0,1315.0,7
2023-05-11 13:33:59,rb2311P3450,rb2311P3450,131.5,0.0,0.0,0.0,1,37.5,0.0,0,107.5,131.5,131.5,131.5,1.0,1315.0,7
2023-05-11 13:33:59,rb2311P3450,rb2311P3450,131.5,0.0,0.0,0.0,1,37.5,0.0,0,107.5,131.5,131.5,131.5,1.0,1315.0,7
2023-05-11 13:34:00,rb2311P3450,rb2311P3450,131.5,0.0,0.0,0.0,4,38.0,0.0,0,107.5,131.5,131.5,131.5,1.0,1315.0,7
2023-05-11 13:34:00,rb2311P3450,rb2311P3450,131.5,0.0,0.0,0.0,1,38.5,0.0,0,107.5,131.5,131.5,131.5,1.0,1315.0,7
2023-05-11 13:34:01,rb2311P3450,rb2311P3450,131.5,0.0,0.0,0.0,1,38.5,0.0,0,107.5,131.5,131.5,131.5,1.0,1315.0,7
2023-05-11 13:34:01,rb2311P3450,rb2311P3450,131.5,0.0,0.0,0.0,4,39.0,0.0,0,107.5,131.5,131.5,131.5,1.0,1315.0,7
2023-05-11 13:34:02,rb2311P3450,rb2311P3450,131.5,0.0,0.0,0.0,1,39.5,0.0,0,107.5,131.5,131.5,131.5,1.0,1315.0,7
2023-05-11 13:34:02,rb2311P3450,rb2311P3450,131.5,0.0,0.0,0.0,1,39.5,0.0,0,107.5,131.5,131.5,131.5,1.0,1315.0,7
2023-05-11 13:34:03,rb2311P3450,rb2311P3450,131.5,0.0,0.0,0.0,4,40.0,0.0,0,107.5,131.5,131.5,131.5,1.0,1315.0,7
2023-05-11 13:34:03,rb2311P3450,rb2311P3450,131.5,0.0,0.0,0.0,1,40.5,0.0,0,107.5,131.5,131.5,131.5,1.0,1315.0,7
2023-05-11 13:34:04,rb2311P3450,rb2311P3450,131.5,0.0,0.0,0.0,1,40.5,0.0,0,107.5,131.5,131.5,131.5,1.0,1315.0,7
2023-05-11 13:34:04,rb2311P3450,rb2311P3450,131.5,0.0,0.0,0.0,4,41.0,0.0,0,107.5,131.5,131.5,131.5,1.0,1315.0,7
2023-05-11 13:34:05,rb2311P3450,rb2311P3450,131.5,0.0,0.0,0.0,1,41.5,0.0,0,107.5,131.5,131.5,131.5,1.0,1315.0,7
2023-05-11 13:34:05,rb2311P3450,rb2311P3450,131.5,0.0,0.0,0.0,1,41.5,0.0,0,107.5,131.5,131.5,131.5,1.0,1315.0,7
2023-05-11 13:34:06,rb2311P3450,rb2311P3450,131.5,0.0,0.0,0.0,4,42.0,0.0,0,107.5,131.5,131.5,131.5,1.0,1315.0,7
2023-05-11 13:34:06,rb2311P3450,rb2311P3450,131.5,0.0,0.0,0.0,1,42.5,0.0,0,107.5,131.5,131.5,131.5,1.0,1315.0,7
2023-05-11 13:34:07,rb2311P3450,rb2311P3450,131.5,0.0,0.0,0.0,1,42.5,0.0,0,107.5,131.5,131.5,131.5,1.0,1315.0,7
2023-05-11 13:34:07,rb2311P3450,rb2311P3450,131.5,0.0,0.0,0.0,4,43.0,0.0,0,107.5,131.5,131.5,131.5,1.0,1315.0,7
2023-05-11 13:34:08,rb2311P3450,rb2311P3450,131.5,0.0,0.0,0.0,1,43.5,0.0,0,107.5,131.5,131.5,131.5,1.0,1315.0,7
2023-05-11 13:34:08,rb2311P3450,rb2311P3450,131.5,0.0,0.0,0.0,1,43.5,0.0,0,107.5,131.5,131.5,131.5,1.0,1315.0,7
2023-05-11 13:34:09,rb2311P3450,rb2311P3450,131.5,0.0,0.0,0.0,4,44.0,0.0,0,107.5,131.5,131.5,131.5,1.0,1315.0,7
2023-05-11 13:34:09,rb2311P3450,rb2311P3450,131.5,0.0,0.0,0.0,1,44.5,0.0,0,107.5,131.5,131.5,131.5,1.0,1315.0,7
2023-05-11 13:34:10,rb2311P3450,rb2311P3450,131.5,0.0,0.0,0.0,1,44.5,0.0,0,107.5,131.5,131.5,131.5,1.0,1315.0,7
2023-05-11 13:34:10,rb2311P3450,rb2311P3450,131.5,0.0,0.0,0.0,4,45.0,0.0,0,107.5,131.5,131.5,131.5,1.0,1315.0,7
2023-05-11 13:34:11,rb2311P3450,rb2311P3450,131.5,0.0,0.0,0.0,1,45.5,0.0,0,107.5,131.5,131.5,131.5,1.0,1315.0,7
2023-05-11 13:34:11,rb2311P3450,rb2311P3450,131.5,0.0,0.0,0.0,1,45.5,0.0,0,107.5,131.5,131.5,131.5,1.0,1315.0,7
2023-05-11 13:34:12,rb2311P3450,rb2311P3450,131.5,0.0,0.0,0.0,4,46.0,0.0,0,107.5,131.5,131.5,131.5,1.0,1315.0,7
2023-05-11 13:34:12,rb2311P3450,rb2311P3450,131.5,0.0,0.0,0.0,1,46.5,0.0,0,107.5,131.5,131.5,131.5,1.0,1315.0,7
2023-05-11 13:34:13,rb2311P3450,rb2311P3450,131.5,0.0,0.0,0.0,1,46.5,0.0,0,107.5,131.5,131.5,131.5,1.0,1315.0,7
2023-05-11 13:34:13,rb2311P3450,rb2311P3450,131.5,0.0,0.0,0.0,4,47.0,0.0,0,107.5,131.5,131.5,131.5,1.0,1315.0,7
2023-05-11 13:34:14,rb2311P3450,rb2311P3450,131.5,0.0,0.0,0.0,4,47.0,0.0,0,107.5,131.5,131.5,131.5,1.0,1315.0,7
2023-05-11 13:59:04,rb2311P3450,rb2311P3450,131.5,0.0,0.0,0.0,4,47.0,0.0,0,107.5,131.5,131.5,131.5,1.0,1315.0,7
2023-05-11 14:02:14,rb2311P3450,rb2311P3450,131.5,0.0,0.0,0.0,1,47.5,0.0,0,107.5,131.5,131.5,131.5,1.0,1315.0,7
2023-05-11 14:02:15,rb2311P3450,rb2311P3450,131.5,0.0,0.0,0.0,1,47.5,0.0,0,107.5,131.5,131.5,131.5,1.0,1315.0,7
2023-05-11 14:02:15,rb2311P3450,rb2311P3450,131.5,0.0,0.0,0.0,4,48.0,0.0,0,107.5,131.5,131.5,131.5,1.0,1315.0,7
2023-05-11 14:04:03,rb2311P3450,rb2311P3450,131.5,0.0,0.0,0.0,4,48.0,0.0,0,107.5,131.5,131.5,131.5,1.0,1315.0,7
2023-05-11 14:14:47,rb2311P3450,rb2311P3450,131.5,0.0,0.0,0.0,1,117.5,131.5,1,107.5,131.5,131.5,131.5,1.0,1315.0,7
2023-05-11 14:14:48,rb2311P3450,rb2311P3450,131.5,0.0,0.0,0.0,1,117.5,131.0,4,107.5,131.5,131.5,131.5,1.0,1315.0,7
2023-05-11 14:14:48,rb2311P3450,rb2311P3450,131.5,0.0,0.0,0.0,2,117.5,131.0,5,107.5,131.5,131.5,131.5,1.0,1315.0,7
2023-05-11 14:14:57,rb2311P3450,rb2311P3450,131.5,0.0,0.0,0.0,2,117.5,131.0,6,107.5,131.5,131.5,131.5,1.0,1315.0,7
2023-05-11 14:14:57,rb2311P3450,rb2311P3450,131.5,0.0,0.0,0.0,3,117.5,131.0,7,107.5,131.5,131.5,131.5,1.0,1315.0,7
2023-05-11 14:14:58,rb2311P3450,rb2311P3450,121.5,1.0,1215.0,1.0,3,117.5,125.5,1,107.5,131.5,131.5,121.5,2.0,2530.0,8
2023-05-11 14:14:58,rb2311P3450,rb2311P3450,121.5,0.0,0.0,0.0,3,117.5,125.5,1,107.5,131.5,131.5,121.5,2.0,2530.0,8
2023-05-11 14:14:59,rb2311P3450,rb2311P3450,121.5,0.0,0.0,0.0,3,117.5,125.5,2,107.5,131.5,131.5,121.5,2.0,2530.0,8
2023-05-11 14:15:00,rb2311P3450,rb2311P3450,121.5,0.0,0.0,0.0,3,117.5,125.5,2,107.5,131.5,131.5,121.5,2.0,2530.0,8
2023-05-11 14:15:03,rb2311P3450,rb2311P3450,121.5,0.0,0.0,0.0,2,117.5,125.5,2,107.5,131.5,131.5,121.5,2.0,2530.0,8
2023-05-11 14:15:04,rb2311P3450,rb2311P3450,121.5,0.0,0.0,0.0,2,117.5,125.5,2,107.5,131.5,131.5,121.5,2.0,2530.0,8
2023-05-11 14:15:05,rb2311P3450,rb2311P3450,121.5,0.0,0.0,0.0,1,118.0,125.0,1,107.5,131.5,131.5,121.5,2.0,2530.0,8
2023-05-11 14:15:09,rb2311P3450,rb2311P3450,121.5,0.0,0.0,0.0,1,118.0,125.0,1,107.5,131.5,131.5,121.5,2.0,2530.0,8
2023-05-11 14:15:09,rb2311P3450,rb2311P3450,121.5,0.0,0.0,0.0,1,118.0,125.0,1,107.5,131.5,131.5,121.5,2.0,2530.0,8
2023-05-11 14:15:10,rb2311P3450,rb2311P3450,121.5,0.0,0.0,0.0,1,118.0,125.0,1,107.5,131.5,131.5,121.5,2.0,2530.0,8
2023-05-11 14:15:10,rb2311P3450,rb2311P3450,121.5,0.0,0.0,0.0,1,118.0,125.0,1,107.5,131.5,131.5,121.5,2.0,2530.0,8
2023-05-11 14:15:11,rb2311P3450,rb2311P3450,121.5,0.0,0.0,0.0,1,118.0,125.0,1,107.5,131.5,131.5,121.5,2.0,2530.0,8
2023-05-11 14:15:15,rb2311P3450,rb2311P3450,121.5,0.0,0.0,0.0,1,118.0,125.0,1,107.5,131.5,131.5,121.5,2.0,2530.0,8
2023-05-11 14:15:17,rb2311P3450,rb2311P3450,121.5,0.0,0.0,0.0,1,47.5,0.0,0,107.5,131.5,131.5,121.5,2.0,2530.0,8
2023-05-11 14:15:18,rb2311P3450,rb2311P3450,121.5,0.0,0.0,0.0,4,48.0,0.0,0,107.5,131.5,131.5,121.5,2.0,2530.0,8
2023-05-11 14:33:19,rb2311P3450,rb2311P3450,121.5,0.0,0.0,0.0,1,48.5,0.0,0,107.5,131.5,131.5,121.5,2.0,2530.0,8
2023-05-11 14:33:20,rb2311P3450,rb2311P3450,121.5,0.0,0.0,0.0,1,48.5,0.0,0,107.5,131.5,131.5,121.5,2.0,2530.0,8
2023-05-11 14:33:20,rb2311P3450,rb2311P3450,121.5,0.0,0.0,0.0,4,49.0,0.0,0,107.5,131.5,131.5,121.5,2.0,2530.0,8
2023-05-11 14:33:43,rb2311P3450,rb2311P3450,121.5,0.0,0.0,0.0,4,49.0,0.0,0,107.5,131.5,131.5,121.5,2.0,2530.0,8
2023-05-11 14:59:03,rb2311P3450,rb2311P3450,121.5,0.0,0.0,0.0,1,48.5,0.0,0,107.5,131.5,131.5,121.5,2.0,2530.0,8
2023-05-11 15:18:18,rb2311P3450,rb2311P3450,121.5,0.0,0.0,0.0,1,48.5,0.0,0,107.5,131.5,131.5,121.5,2.0,2530.0,8
