time,symbol_id,symbol_name,last,trade_volume,trade_amount,open_interest_change,bv1,bp1,ap1,av1,yesterday_close,today_open,today_high,today_low,volume,amount,open_interest
2023-05-10 21:01:30,rb2311P3550,rb2311P3550,145.0,0.0,0.0,0.0,1,5.0,0.0,0,145.0,0.0,0.0,0.0,0.0,0.0,6
2023-05-10 21:01:31,rb2311P3550,rb2311P3550,145.0,0.0,0.0,0.0,4,5.5,0.0,0,145.0,0.0,0.0,0.0,0.0,0.0,6
2023-05-10 21:01:39,rb2311P3550,rb2311P3550,145.0,0.0,0.0,0.0,1,6.0,0.0,0,145.0,0.0,0.0,0.0,0.0,0.0,6
2023-05-10 21:01:39,rb2311P3550,rb2311P3550,145.0,0.0,0.0,0.0,1,6.0,0.0,0,145.0,0.0,0.0,0.0,0.0,0.0,6
2023-05-10 21:01:40,rb2311P3550,rb2311P3550,145.0,0.0,0.0,0.0,4,6.5,0.0,0,145.0,0.0,0.0,0.0,0.0,0.0,6
2023-05-10 21:02:59,rb2311P3550,rb2311P3550,145.0,0.0,0.0,0.0,1,7.0,0.0,0,145.0,0.0,0.0,0.0,0.0,0.0,6
2023-05-10 21:03:00,rb2311P3550,rb2311P3550,145.0,0.0,0.0,0.0,1,7.0,0.0,0,145.0,0.0,0.0,0.0,0.0,0.0,6
2023-05-10 21:03:00,rb2311P3550,rb2311P3550,145.0,0.0,0.0,0.0,4,7.5,0.0,0,145.0,0.0,0.0,0.0,0.0,0.0,6
2023-05-10 21:03:03,rb2311P3550,rb2311P3550,145.0,0.0,0.0,0.0,1,8.0,0.0,0,145.0,0.0,0.0,0.0,0.0,0.0,6
2023-05-10 21:03:04,rb2311P3550,rb2311P3550,145.0,0.0,0.0,0.0,1,8.0,0.0,0,145.0,0.0,0.0,0.0,0.0,0.0,6
2023-05-10 21:03:04,rb2311P3550,rb2311P3550,145.0,0.0,0.0,0.0,4,8.5,0.0,0,145.0,0.0,0.0,0.0,0.0,0.0,6
2023-05-10 21:03:27,rb2311P3550,rb2311P3550,145.0,0.0,0.0,0.0,4,8.5,0.0,0,145.0,0.0,0.0,0.0,0.0,0.0,6
2023-05-10 21:03:28,rb2311P3550,rb2311P3550,145.0,0.0,0.0,0.0,1,9.0,0.0,0,145.0,0.0,0.0,0.0,0.0,0.0,6
2023-05-10 21:03:28,rb2311P3550,rb2311P3550,145.0,0.0,0.0,0.0,1,9.0,0.0,0,145.0,0.0,0.0,0.0,0.0,0.0,6
2023-05-10 21:03:29,rb2311P3550,rb2311P3550,145.0,0.0,0.0,0.0,4,9.5,0.0,0,145.0,0.0,0.0,0.0,0.0,0.0,6
2023-05-10 21:03:55,rb2311P3550,rb2311P3550,145.0,0.0,0.0,0.0,4,9.5,0.0,0,145.0,0.0,0.0,0.0,0.0,0.0,6
2023-05-10 21:03:55,rb2311P3550,rb2311P3550,145.0,0.0,0.0,0.0,1,10.0,0.0,0,145.0,0.0,0.0,0.0,0.0,0.0,6
2023-05-10 21:03:56,rb2311P3550,rb2311P3550,145.0,0.0,0.0,0.0,1,10.0,0.0,0,145.0,0.0,0.0,0.0,0.0,0.0,6
2023-05-10 21:03:56,rb2311P3550,rb2311P3550,145.0,0.0,0.0,0.0,4,10.5,0.0,0,145.0,0.0,0.0,0.0,0.0,0.0,6
2023-05-10 21:03:59,rb2311P3550,rb2311P3550,145.0,0.0,0.0,0.0,1,11.0,0.0,0,145.0,0.0,0.0,0.0,0.0,0.0,6
2023-05-10 21:03:59,rb2311P3550,rb2311P3550,145.0,0.0,0.0,0.0,1,11.0,0.0,0,145.0,0.0,0.0,0.0,0.0,0.0,6
2023-05-10 21:04:00,rb2311P3550,rb2311P3550,145.0,0.0,0.0,0.0,4,11.5,0.0,0,145.0,0.0,0.0,0.0,0.0,0.0,6
2023-05-10 21:04:01,rb2311P3550,rb2311P3550,145.0,0.0,0.0,0.0,4,11.5,0.0,0,145.0,0.0,0.0,0.0,0.0,0.0,6
2023-05-10 21:04:02,rb2311P3550,rb2311P3550,145.0,0.0,0.0,0.0,1,12.0,0.0,0,145.0,0.0,0.0,0.0,0.0,0.0,6
2023-05-10 21:04:02,rb2311P3550,rb2311P3550,145.0,0.0,0.0,0.0,1,12.0,0.0,0,145.0,0.0,0.0,0.0,0.0,0.0,6
2023-05-10 21:04:03,rb2311P3550,rb2311P3550,145.0,0.0,0.0,0.0,4,12.5,0.0,0,145.0,0.0,0.0,0.0,0.0,0.0,6
2023-05-10 21:04:06,rb2311P3550,rb2311P3550,145.0,0.0,0.0,0.0,1,13.0,0.0,0,145.0,0.0,0.0,0.0,0.0,0.0,6
2023-05-10 21:04:06,rb2311P3550,rb2311P3550,145.0,0.0,0.0,0.0,1,13.0,0.0,0,145.0,0.0,0.0,0.0,0.0,0.0,6
2023-05-10 21:04:07,rb2311P3550,rb2311P3550,145.0,0.0,0.0,0.0,4,13.5,0.0,0,145.0,0.0,0.0,0.0,0.0,0.0,6
2023-05-10 21:04:08,rb2311P3550,rb2311P3550,145.0,0.0,0.0,0.0,4,13.5,0.0,0,145.0,0.0,0.0,0.0,0.0,0.0,6
2023-05-10 21:04:08,rb2311P3550,rb2311P3550,145.0,0.0,0.0,0.0,1,14.0,0.0,0,145.0,0.0,0.0,0.0,0.0,0.0,6
2023-05-10 21:04:09,rb2311P3550,rb2311P3550,145.0,0.0,0.0,0.0,1,14.0,0.0,0,145.0,0.0,0.0,0.0,0.0,0.0,6
2023-05-10 21:04:09,rb2311P3550,rb2311P3550,145.0,0.0,0.0,0.0,4,14.5,0.0,0,145.0,0.0,0.0,0.0,0.0,0.0,6
2023-05-10 21:04:12,rb2311P3550,rb2311P3550,145.0,0.0,0.0,0.0,1,15.0,0.0,0,145.0,0.0,0.0,0.0,0.0,0.0,6
2023-05-10 21:04:12,rb2311P3550,rb2311P3550,145.0,0.0,0.0,0.0,1,15.0,0.0,0,145.0,0.0,0.0,0.0,0.0,0.0,6
2023-05-10 21:04:13,rb2311P3550,rb2311P3550,145.0,0.0,0.0,0.0,4,15.5,0.0,0,145.0,0.0,0.0,0.0,0.0,0.0,6
2023-05-10 21:04:13,rb2311P3550,rb2311P3550,145.0,0.0,0.0,0.0,4,15.5,0.0,0,145.0,0.0,0.0,0.0,0.0,0.0,6
2023-05-10 21:04:14,rb2311P3550,rb2311P3550,145.0,0.0,0.0,0.0,1,16.0,0.0,0,145.0,0.0,0.0,0.0,0.0,0.0,6
2023-05-10 21:04:14,rb2311P3550,rb2311P3550,145.0,0.0,0.0,0.0,1,16.0,0.0,0,145.0,0.0,0.0,0.0,0.0,0.0,6
2023-05-10 21:04:15,rb2311P3550,rb2311P3550,145.0,0.0,0.0,0.0,4,16.5,0.0,0,145.0,0.0,0.0,0.0,0.0,0.0,6
2023-05-10 21:04:20,rb2311P3550,rb2311P3550,145.0,0.0,0.0,0.0,4,16.5,0.0,0,145.0,0.0,0.0,0.0,0.0,0.0,6
2023-05-10 21:04:21,rb2311P3550,rb2311P3550,145.0,0.0,0.0,0.0,1,17.0,0.0,0,145.0,0.0,0.0,0.0,0.0,0.0,6
2023-05-10 21:04:21,rb2311P3550,rb2311P3550,145.0,0.0,0.0,0.0,1,17.0,0.0,0,145.0,0.0,0.0,0.0,0.0,0.0,6
2023-05-10 21:04:22,rb2311P3550,rb2311P3550,145.0,0.0,0.0,0.0,4,17.5,0.0,0,145.0,0.0,0.0,0.0,0.0,0.0,6
2023-05-10 21:04:23,rb2311P3550,rb2311P3550,145.0,0.0,0.0,0.0,1,18.0,0.0,0,145.0,0.0,0.0,0.0,0.0,0.0,6
2023-05-10 21:04:24,rb2311P3550,rb2311P3550,145.0,0.0,0.0,0.0,1,18.0,0.0,0,145.0,0.0,0.0,0.0,0.0,0.0,6
2023-05-10 21:04:24,rb2311P3550,rb2311P3550,145.0,0.0,0.0,0.0,4,18.5,0.0,0,145.0,0.0,0.0,0.0,0.0,0.0,6
2023-05-10 21:04:25,rb2311P3550,rb2311P3550,145.0,0.0,0.0,0.0,1,19.0,0.0,0,145.0,0.0,0.0,0.0,0.0,0.0,6
2023-05-10 21:04:25,rb2311P3550,rb2311P3550,145.0,0.0,0.0,0.0,1,19.0,0.0,0,145.0,0.0,0.0,0.0,0.0,0.0,6
2023-05-10 21:04:26,rb2311P3550,rb2311P3550,145.0,0.0,0.0,0.0,4,19.5,0.0,0,145.0,0.0,0.0,0.0,0.0,0.0,6
2023-05-10 21:04:26,rb2311P3550,rb2311P3550,145.0,0.0,0.0,0.0,4,19.5,0.0,0,145.0,0.0,0.0,0.0,0.0,0.0,6
2023-05-10 21:04:27,rb2311P3550,rb2311P3550,145.0,0.0,0.0,0.0,1,20.0,0.0,0,145.0,0.0,0.0,0.0,0.0,0.0,6
2023-05-10 21:04:27,rb2311P3550,rb2311P3550,145.0,0.0,0.0,0.0,1,20.0,0.0,0,145.0,0.0,0.0,0.0,0.0,0.0,6
2023-05-10 21:04:28,rb2311P3550,rb2311P3550,145.0,0.0,0.0,0.0,4,20.5,0.0,0,145.0,0.0,0.0,0.0,0.0,0.0,6
2023-05-10 21:04:28,rb2311P3550,rb2311P3550,145.0,0.0,0.0,0.0,1,21.0,0.0,0,145.0,0.0,0.0,0.0,0.0,0.0,6
2023-05-10 21:04:29,rb2311P3550,rb2311P3550,145.0,0.0,0.0,0.0,1,21.0,0.0,0,145.0,0.0,0.0,0.0,0.0,0.0,6
2023-05-10 21:04:29,rb2311P3550,rb2311P3550,145.0,0.0,0.0,0.0,4,21.5,0.0,0,145.0,0.0,0.0,0.0,0.0,0.0,6
2023-05-10 21:04:30,rb2311P3550,rb2311P3550,145.0,0.0,0.0,0.0,1,22.0,0.0,0,145.0,0.0,0.0,0.0,0.0,0.0,6
2023-05-10 21:04:31,rb2311P3550,rb2311P3550,145.0,0.0,0.0,0.0,1,22.0,0.0,0,145.0,0.0,0.0,0.0,0.0,0.0,6
2023-05-10 21:04:31,rb2311P3550,rb2311P3550,145.0,0.0,0.0,0.0,4,22.5,0.0,0,145.0,0.0,0.0,0.0,0.0,0.0,6
2023-05-10 21:04:32,rb2311P3550,rb2311P3550,145.0,0.0,0.0,0.0,1,23.0,0.0,0,145.0,0.0,0.0,0.0,0.0,0.0,6
2023-05-10 21:04:32,rb2311P3550,rb2311P3550,145.0,0.0,0.0,0.0,1,23.0,0.0,0,145.0,0.0,0.0,0.0,0.0,0.0,6
2023-05-10 21:04:33,rb2311P3550,rb2311P3550,145.0,0.0,0.0,0.0,4,23.5,0.0,0,145.0,0.0,0.0,0.0,0.0,0.0,6
2023-05-10 21:04:45,rb2311P3550,rb2311P3550,145.0,0.0,0.0,0.0,1,24.0,0.0,0,145.0,0.0,0.0,0.0,0.0,0.0,6
2023-05-10 21:04:46,rb2311P3550,rb2311P3550,145.0,0.0,0.0,0.0,1,24.0,0.0,0,145.0,0.0,0.0,0.0,0.0,0.0,6
2023-05-10 21:04:46,rb2311P3550,rb2311P3550,145.0,0.0,0.0,0.0,4,24.5,0.0,0,145.0,0.0,0.0,0.0,0.0,0.0,6
2023-05-10 21:04:59,rb2311P3550,rb2311P3550,145.0,0.0,0.0,0.0,4,24.5,0.0,0,145.0,0.0,0.0,0.0,0.0,0.0,6
2023-05-10 21:05:00,rb2311P3550,rb2311P3550,145.0,0.0,0.0,0.0,1,25.0,0.0,0,145.0,0.0,0.0,0.0,0.0,0.0,6
2023-05-10 21:05:00,rb2311P3550,rb2311P3550,145.0,0.0,0.0,0.0,1,25.0,0.0,0,145.0,0.0,0.0,0.0,0.0,0.0,6
2023-05-10 21:05:01,rb2311P3550,rb2311P3550,145.0,0.0,0.0,0.0,4,25.5,0.0,0,145.0,0.0,0.0,0.0,0.0,0.0,6
2023-05-10 21:05:08,rb2311P3550,rb2311P3550,145.0,0.0,0.0,0.0,4,25.5,0.0,0,145.0,0.0,0.0,0.0,0.0,0.0,6
2023-05-10 21:05:08,rb2311P3550,rb2311P3550,145.0,0.0,0.0,0.0,1,26.0,0.0,0,145.0,0.0,0.0,0.0,0.0,0.0,6
2023-05-10 21:05:09,rb2311P3550,rb2311P3550,145.0,0.0,0.0,0.0,1,26.0,0.0,0,145.0,0.0,0.0,0.0,0.0,0.0,6
2023-05-10 21:05:09,rb2311P3550,rb2311P3550,145.0,0.0,0.0,0.0,4,26.5,0.0,0,145.0,0.0,0.0,0.0,0.0,0.0,6
2023-05-10 21:05:24,rb2311P3550,rb2311P3550,145.0,0.0,0.0,0.0,4,26.5,0.0,0,145.0,0.0,0.0,0.0,0.0,0.0,6
2023-05-10 21:05:25,rb2311P3550,rb2311P3550,145.0,0.0,0.0,0.0,1,27.0,0.0,0,145.0,0.0,0.0,0.0,0.0,0.0,6
2023-05-10 21:05:25,rb2311P3550,rb2311P3550,145.0,0.0,0.0,0.0,1,27.0,0.0,0,145.0,0.0,0.0,0.0,0.0,0.0,6
2023-05-10 21:05:26,rb2311P3550,rb2311P3550,145.0,0.0,0.0,0.0,4,27.5,0.0,0,145.0,0.0,0.0,0.0,0.0,0.0,6
2023-05-10 21:05:28,rb2311P3550,rb2311P3550,145.0,0.0,0.0,0.0,1,28.0,0.0,0,145.0,0.0,0.0,0.0,0.0,0.0,6
2023-05-10 21:05:29,rb2311P3550,rb2311P3550,145.0,0.0,0.0,0.0,1,28.0,0.0,0,145.0,0.0,0.0,0.0,0.0,0.0,6
2023-05-10 21:05:29,rb2311P3550,rb2311P3550,145.0,0.0,0.0,0.0,4,28.5,0.0,0,145.0,0.0,0.0,0.0,0.0,0.0,6
2023-05-10 21:05:30,rb2311P3550,rb2311P3550,145.0,0.0,0.0,0.0,4,28.5,0.0,0,145.0,0.0,0.0,0.0,0.0,0.0,6
2023-05-10 21:05:31,rb2311P3550,rb2311P3550,145.0,0.0,0.0,0.0,1,29.0,0.0,0,145.0,0.0,0.0,0.0,0.0,0.0,6
2023-05-10 21:05:31,rb2311P3550,rb2311P3550,145.0,0.0,0.0,0.0,1,29.0,0.0,0,145.0,0.0,0.0,0.0,0.0,0.0,6
2023-05-10 21:05:32,rb2311P3550,rb2311P3550,145.0,0.0,0.0,0.0,4,29.5,0.0,0,145.0,0.0,0.0,0.0,0.0,0.0,6
2023-05-10 21:05:34,rb2311P3550,rb2311P3550,145.0,0.0,0.0,0.0,1,30.0,0.0,0,145.0,0.0,0.0,0.0,0.0,0.0,6
2023-05-10 21:05:35,rb2311P3550,rb2311P3550,145.0,0.0,0.0,0.0,1,30.0,0.0,0,145.0,0.0,0.0,0.0,0.0,0.0,6
2023-05-10 21:05:35,rb2311P3550,rb2311P3550,145.0,0.0,0.0,0.0,4,30.5,0.0,0,145.0,0.0,0.0,0.0,0.0,0.0,6
2023-05-10 21:05:36,rb2311P3550,rb2311P3550,145.0,0.0,0.0,0.0,1,31.0,0.0,0,145.0,0.0,0.0,0.0,0.0,0.0,6
2023-05-10 21:05:37,rb2311P3550,rb2311P3550,145.0,0.0,0.0,0.0,1,31.0,0.0,0,145.0,0.0,0.0,0.0,0.0,0.0,6
2023-05-10 21:05:37,rb2311P3550,rb2311P3550,145.0,0.0,0.0,0.0,4,31.5,0.0,0,145.0,0.0,0.0,0.0,0.0,0.0,6
2023-05-10 21:05:38,rb2311P3550,rb2311P3550,145.0,0.0,0.0,0.0,4,31.5,0.0,0,145.0,0.0,0.0,0.0,0.0,0.0,6
2023-05-10 21:05:39,rb2311P3550,rb2311P3550,145.0,0.0,0.0,0.0,1,32.0,0.0,0,145.0,0.0,0.0,0.0,0.0,0.0,6
2023-05-10 21:05:39,rb2311P3550,rb2311P3550,145.0,0.0,0.0,0.0,1,32.0,0.0,0,145.0,0.0,0.0,0.0,0.0,0.0,6
2023-05-10 21:05:40,rb2311P3550,rb2311P3550,145.0,0.0,0.0,0.0,4,32.5,0.0,0,145.0,0.0,0.0,0.0,0.0,0.0,6
2023-05-10 21:05:40,rb2311P3550,rb2311P3550,145.0,0.0,0.0,0.0,1,33.0,0.0,0,145.0,0.0,0.0,0.0,0.0,0.0,6
2023-05-10 21:05:41,rb2311P3550,rb2311P3550,145.0,0.0,0.0,0.0,1,33.0,0.0,0,145.0,0.0,0.0,0.0,0.0,0.0,6
2023-05-10 21:05:41,rb2311P3550,rb2311P3550,145.0,0.0,0.0,0.0,4,33.5,0.0,0,145.0,0.0,0.0,0.0,0.0,0.0,6
2023-05-10 21:05:43,rb2311P3550,rb2311P3550,145.0,0.0,0.0,0.0,4,33.5,0.0,0,145.0,0.0,0.0,0.0,0.0,0.0,6
2023-05-10 21:05:43,rb2311P3550,rb2311P3550,145.0,0.0,0.0,0.0,1,34.0,0.0,0,145.0,0.0,0.0,0.0,0.0,0.0,6
2023-05-10 21:05:44,rb2311P3550,rb2311P3550,145.0,0.0,0.0,0.0,1,34.0,0.0,0,145.0,0.0,0.0,0.0,0.0,0.0,6
2023-05-10 21:05:44,rb2311P3550,rb2311P3550,145.0,0.0,0.0,0.0,4,34.5,0.0,0,145.0,0.0,0.0,0.0,0.0,0.0,6
2023-05-10 21:05:46,rb2311P3550,rb2311P3550,145.0,0.0,0.0,0.0,1,35.0,0.0,0,145.0,0.0,0.0,0.0,0.0,0.0,6
2023-05-10 21:05:46,rb2311P3550,rb2311P3550,145.0,0.0,0.0,0.0,1,35.0,0.0,0,145.0,0.0,0.0,0.0,0.0,0.0,6
2023-05-10 21:05:47,rb2311P3550,rb2311P3550,145.0,0.0,0.0,0.0,4,35.5,0.0,0,145.0,0.0,0.0,0.0,0.0,0.0,6
2023-05-10 21:05:47,rb2311P3550,rb2311P3550,145.0,0.0,0.0,0.0,4,35.5,0.0,0,145.0,0.0,0.0,0.0,0.0,0.0,6
2023-05-10 21:05:48,rb2311P3550,rb2311P3550,145.0,0.0,0.0,0.0,1,36.0,0.0,0,145.0,0.0,0.0,0.0,0.0,0.0,6
2023-05-10 21:05:48,rb2311P3550,rb2311P3550,145.0,0.0,0.0,0.0,1,36.0,0.0,0,145.0,0.0,0.0,0.0,0.0,0.0,6
2023-05-10 21:05:49,rb2311P3550,rb2311P3550,145.0,0.0,0.0,0.0,4,36.5,0.0,0,145.0,0.0,0.0,0.0,0.0,0.0,6
2023-05-10 21:05:50,rb2311P3550,rb2311P3550,145.0,0.0,0.0,0.0,1,37.0,0.0,0,145.0,0.0,0.0,0.0,0.0,0.0,6
2023-05-10 21:05:50,rb2311P3550,rb2311P3550,145.0,0.0,0.0,0.0,1,37.0,0.0,0,145.0,0.0,0.0,0.0,0.0,0.0,6
2023-05-10 21:05:51,rb2311P3550,rb2311P3550,145.0,0.0,0.0,0.0,4,37.5,0.0,0,145.0,0.0,0.0,0.0,0.0,0.0,6
2023-05-10 21:05:52,rb2311P3550,rb2311P3550,145.0,0.0,0.0,0.0,1,38.0,0.0,0,145.0,0.0,0.0,0.0,0.0,0.0,6
2023-05-10 21:05:53,rb2311P3550,rb2311P3550,145.0,0.0,0.0,0.0,1,38.0,0.0,0,145.0,0.0,0.0,0.0,0.0,0.0,6
2023-05-10 21:05:53,rb2311P3550,rb2311P3550,145.0,0.0,0.0,0.0,4,38.5,0.0,0,145.0,0.0,0.0,0.0,0.0,0.0,6
2023-05-10 21:05:55,rb2311P3550,rb2311P3550,145.0,0.0,0.0,0.0,1,39.0,0.0,0,145.0,0.0,0.0,0.0,0.0,0.0,6
2023-05-10 21:05:55,rb2311P3550,rb2311P3550,145.0,0.0,0.0,0.0,1,39.0,0.0,0,145.0,0.0,0.0,0.0,0.0,0.0,6
2023-05-10 21:05:56,rb2311P3550,rb2311P3550,145.0,0.0,0.0,0.0,4,39.5,0.0,0,145.0,0.0,0.0,0.0,0.0,0.0,6
2023-05-10 21:05:57,rb2311P3550,rb2311P3550,145.0,0.0,0.0,0.0,1,40.0,0.0,0,145.0,0.0,0.0,0.0,0.0,0.0,6
2023-05-10 21:05:57,rb2311P3550,rb2311P3550,145.0,0.0,0.0,0.0,1,40.0,0.0,0,145.0,0.0,0.0,0.0,0.0,0.0,6
2023-05-10 21:05:58,rb2311P3550,rb2311P3550,145.0,0.0,0.0,0.0,4,40.5,0.0,0,145.0,0.0,0.0,0.0,0.0,0.0,6
2023-05-10 21:06:00,rb2311P3550,rb2311P3550,145.0,0.0,0.0,0.0,1,41.0,0.0,0,145.0,0.0,0.0,0.0,0.0,0.0,6
2023-05-10 21:06:00,rb2311P3550,rb2311P3550,145.0,0.0,0.0,0.0,1,41.0,0.0,0,145.0,0.0,0.0,0.0,0.0,0.0,6
2023-05-10 21:06:01,rb2311P3550,rb2311P3550,145.0,0.0,0.0,0.0,4,41.5,0.0,0,145.0,0.0,0.0,0.0,0.0,0.0,6
2023-05-10 21:06:02,rb2311P3550,rb2311P3550,145.0,0.0,0.0,0.0,1,42.0,0.0,0,145.0,0.0,0.0,0.0,0.0,0.0,6
2023-05-10 21:06:02,rb2311P3550,rb2311P3550,145.0,0.0,0.0,0.0,1,42.0,0.0,0,145.0,0.0,0.0,0.0,0.0,0.0,6
2023-05-10 21:06:03,rb2311P3550,rb2311P3550,145.0,0.0,0.0,0.0,4,42.5,0.0,0,145.0,0.0,0.0,0.0,0.0,0.0,6
2023-05-10 21:06:03,rb2311P3550,rb2311P3550,145.0,0.0,0.0,0.0,1,43.0,0.0,0,145.0,0.0,0.0,0.0,0.0,0.0,6
2023-05-10 21:06:04,rb2311P3550,rb2311P3550,145.0,0.0,0.0,0.0,1,43.0,0.0,0,145.0,0.0,0.0,0.0,0.0,0.0,6
2023-05-10 21:06:04,rb2311P3550,rb2311P3550,145.0,0.0,0.0,0.0,4,43.5,0.0,0,145.0,0.0,0.0,0.0,0.0,0.0,6
2023-05-10 21:06:05,rb2311P3550,rb2311P3550,145.0,0.0,0.0,0.0,1,44.0,0.0,0,145.0,0.0,0.0,0.0,0.0,0.0,6
2023-05-10 21:06:05,rb2311P3550,rb2311P3550,145.0,0.0,0.0,0.0,1,44.0,0.0,0,145.0,0.0,0.0,0.0,0.0,0.0,6
2023-05-10 21:06:06,rb2311P3550,rb2311P3550,145.0,0.0,0.0,0.0,4,44.5,0.0,0,145.0,0.0,0.0,0.0,0.0,0.0,6
2023-05-10 21:06:06,rb2311P3550,rb2311P3550,145.0,0.0,0.0,0.0,1,45.0,0.0,0,145.0,0.0,0.0,0.0,0.0,0.0,6
2023-05-10 21:06:07,rb2311P3550,rb2311P3550,145.0,0.0,0.0,0.0,1,45.0,0.0,0,145.0,0.0,0.0,0.0,0.0,0.0,6
2023-05-10 21:06:07,rb2311P3550,rb2311P3550,145.0,0.0,0.0,0.0,4,45.5,0.0,0,145.0,0.0,0.0,0.0,0.0,0.0,6
2023-05-10 21:06:08,rb2311P3550,rb2311P3550,145.0,0.0,0.0,0.0,1,46.0,0.0,0,145.0,0.0,0.0,0.0,0.0,0.0,6
2023-05-10 21:06:08,rb2311P3550,rb2311P3550,145.0,0.0,0.0,0.0,1,46.0,0.0,0,145.0,0.0,0.0,0.0,0.0,0.0,6
2023-05-10 21:06:09,rb2311P3550,rb2311P3550,145.0,0.0,0.0,0.0,4,46.5,0.0,0,145.0,0.0,0.0,0.0,0.0,0.0,6
2023-05-10 21:06:09,rb2311P3550,rb2311P3550,145.0,0.0,0.0,0.0,1,47.0,0.0,0,145.0,0.0,0.0,0.0,0.0,0.0,6
2023-05-10 21:06:10,rb2311P3550,rb2311P3550,145.0,0.0,0.0,0.0,1,47.0,0.0,0,145.0,0.0,0.0,0.0,0.0,0.0,6
2023-05-10 21:06:10,rb2311P3550,rb2311P3550,145.0,0.0,0.0,0.0,4,47.5,0.0,0,145.0,0.0,0.0,0.0,0.0,0.0,6
2023-05-10 21:06:11,rb2311P3550,rb2311P3550,145.0,0.0,0.0,0.0,1,48.0,0.0,0,145.0,0.0,0.0,0.0,0.0,0.0,6
2023-05-10 21:06:11,rb2311P3550,rb2311P3550,145.0,0.0,0.0,0.0,1,48.0,0.0,0,145.0,0.0,0.0,0.0,0.0,0.0,6
2023-05-10 21:06:12,rb2311P3550,rb2311P3550,145.0,0.0,0.0,0.0,4,48.5,0.0,0,145.0,0.0,0.0,0.0,0.0,0.0,6
2023-05-10 21:06:12,rb2311P3550,rb2311P3550,145.0,0.0,0.0,0.0,1,49.0,0.0,0,145.0,0.0,0.0,0.0,0.0,0.0,6
2023-05-10 21:06:13,rb2311P3550,rb2311P3550,145.0,0.0,0.0,0.0,1,49.0,0.0,0,145.0,0.0,0.0,0.0,0.0,0.0,6
2023-05-10 21:06:13,rb2311P3550,rb2311P3550,145.0,0.0,0.0,0.0,4,49.5,0.0,0,145.0,0.0,0.0,0.0,0.0,0.0,6
2023-05-10 21:06:14,rb2311P3550,rb2311P3550,145.0,0.0,0.0,0.0,1,50.0,0.0,0,145.0,0.0,0.0,0.0,0.0,0.0,6
2023-05-10 21:06:14,rb2311P3550,rb2311P3550,145.0,0.0,0.0,0.0,1,50.0,0.0,0,145.0,0.0,0.0,0.0,0.0,0.0,6
2023-05-10 21:06:15,rb2311P3550,rb2311P3550,145.0,0.0,0.0,0.0,4,50.5,0.0,0,145.0,0.0,0.0,0.0,0.0,0.0,6
2023-05-10 21:06:15,rb2311P3550,rb2311P3550,145.0,0.0,0.0,0.0,1,51.0,0.0,0,145.0,0.0,0.0,0.0,0.0,0.0,6
2023-05-10 21:06:16,rb2311P3550,rb2311P3550,145.0,0.0,0.0,0.0,1,51.0,0.0,0,145.0,0.0,0.0,0.0,0.0,0.0,6
2023-05-10 21:06:16,rb2311P3550,rb2311P3550,145.0,0.0,0.0,0.0,4,51.5,0.0,0,145.0,0.0,0.0,0.0,0.0,0.0,6
2023-05-10 21:06:17,rb2311P3550,rb2311P3550,145.0,0.0,0.0,0.0,1,52.0,0.0,0,145.0,0.0,0.0,0.0,0.0,0.0,6
2023-05-10 21:06:17,rb2311P3550,rb2311P3550,145.0,0.0,0.0,0.0,1,52.0,0.0,0,145.0,0.0,0.0,0.0,0.0,0.0,6
2023-05-10 21:06:18,rb2311P3550,rb2311P3550,145.0,0.0,0.0,0.0,4,52.5,0.0,0,145.0,0.0,0.0,0.0,0.0,0.0,6
2023-05-10 21:06:18,rb2311P3550,rb2311P3550,145.0,0.0,0.0,0.0,1,53.0,0.0,0,145.0,0.0,0.0,0.0,0.0,0.0,6
2023-05-10 21:06:19,rb2311P3550,rb2311P3550,145.0,0.0,0.0,0.0,1,53.0,0.0,0,145.0,0.0,0.0,0.0,0.0,0.0,6
2023-05-10 21:06:19,rb2311P3550,rb2311P3550,145.0,0.0,0.0,0.0,4,53.5,0.0,0,145.0,0.0,0.0,0.0,0.0,0.0,6
2023-05-10 21:06:20,rb2311P3550,rb2311P3550,145.0,0.0,0.0,0.0,4,53.5,0.0,0,145.0,0.0,0.0,0.0,0.0,0.0,6
2023-05-10 21:06:20,rb2311P3550,rb2311P3550,145.0,0.0,0.0,0.0,1,54.0,0.0,0,145.0,0.0,0.0,0.0,0.0,0.0,6
2023-05-10 21:06:21,rb2311P3550,rb2311P3550,145.0,0.0,0.0,0.0,1,54.0,0.0,0,145.0,0.0,0.0,0.0,0.0,0.0,6
2023-05-10 21:06:21,rb2311P3550,rb2311P3550,145.0,0.0,0.0,0.0,4,54.5,0.0,0,145.0,0.0,0.0,0.0,0.0,0.0,6
2023-05-10 21:06:22,rb2311P3550,rb2311P3550,145.0,0.0,0.0,0.0,1,55.0,0.0,0,145.0,0.0,0.0,0.0,0.0,0.0,6
2023-05-10 21:06:22,rb2311P3550,rb2311P3550,145.0,0.0,0.0,0.0,1,55.0,0.0,0,145.0,0.0,0.0,0.0,0.0,0.0,6
2023-05-10 21:06:23,rb2311P3550,rb2311P3550,145.0,0.0,0.0,0.0,4,55.5,0.0,0,145.0,0.0,0.0,0.0,0.0,0.0,6
2023-05-10 21:06:23,rb2311P3550,rb2311P3550,145.0,0.0,0.0,0.0,1,56.0,0.0,0,145.0,0.0,0.0,0.0,0.0,0.0,6
2023-05-10 21:06:24,rb2311P3550,rb2311P3550,145.0,0.0,0.0,0.0,1,56.0,0.0,0,145.0,0.0,0.0,0.0,0.0,0.0,6
2023-05-10 21:06:24,rb2311P3550,rb2311P3550,145.0,0.0,0.0,0.0,4,56.5,0.0,0,145.0,0.0,0.0,0.0,0.0,0.0,6
2023-05-10 21:06:25,rb2311P3550,rb2311P3550,145.0,0.0,0.0,0.0,1,57.0,0.0,0,145.0,0.0,0.0,0.0,0.0,0.0,6
2023-05-10 21:06:25,rb2311P3550,rb2311P3550,145.0,0.0,0.0,0.0,1,57.0,0.0,0,145.0,0.0,0.0,0.0,0.0,0.0,6
2023-05-10 21:06:26,rb2311P3550,rb2311P3550,145.0,0.0,0.0,0.0,4,57.5,0.0,0,145.0,0.0,0.0,0.0,0.0,0.0,6
2023-05-10 21:06:26,rb2311P3550,rb2311P3550,145.0,0.0,0.0,0.0,1,58.0,0.0,0,145.0,0.0,0.0,0.0,0.0,0.0,6
2023-05-10 21:06:27,rb2311P3550,rb2311P3550,145.0,0.0,0.0,0.0,1,58.0,0.0,0,145.0,0.0,0.0,0.0,0.0,0.0,6
2023-05-10 21:06:27,rb2311P3550,rb2311P3550,145.0,0.0,0.0,0.0,4,58.5,0.0,0,145.0,0.0,0.0,0.0,0.0,0.0,6
2023-05-10 21:06:28,rb2311P3550,rb2311P3550,145.0,0.0,0.0,0.0,4,58.5,0.0,0,145.0,0.0,0.0,0.0,0.0,0.0,6
2023-05-10 21:06:28,rb2311P3550,rb2311P3550,145.0,0.0,0.0,0.0,1,59.0,0.0,0,145.0,0.0,0.0,0.0,0.0,0.0,6
2023-05-10 21:06:29,rb2311P3550,rb2311P3550,145.0,0.0,0.0,0.0,1,59.0,0.0,0,145.0,0.0,0.0,0.0,0.0,0.0,6
2023-05-10 21:06:29,rb2311P3550,rb2311P3550,145.0,0.0,0.0,0.0,4,59.5,0.0,0,145.0,0.0,0.0,0.0,0.0,0.0,6
2023-05-10 21:06:30,rb2311P3550,rb2311P3550,145.0,0.0,0.0,0.0,1,60.0,0.0,0,145.0,0.0,0.0,0.0,0.0,0.0,6
2023-05-10 21:06:30,rb2311P3550,rb2311P3550,145.0,0.0,0.0,0.0,1,60.0,0.0,0,145.0,0.0,0.0,0.0,0.0,0.0,6
2023-05-10 21:06:31,rb2311P3550,rb2311P3550,145.0,0.0,0.0,0.0,4,60.5,0.0,0,145.0,0.0,0.0,0.0,0.0,0.0,6
2023-05-10 21:06:31,rb2311P3550,rb2311P3550,145.0,0.0,0.0,0.0,1,61.0,0.0,0,145.0,0.0,0.0,0.0,0.0,0.0,6
2023-05-10 21:06:32,rb2311P3550,rb2311P3550,145.0,0.0,0.0,0.0,1,61.0,0.0,0,145.0,0.0,0.0,0.0,0.0,0.0,6
2023-05-10 21:06:32,rb2311P3550,rb2311P3550,145.0,0.0,0.0,0.0,4,61.5,0.0,0,145.0,0.0,0.0,0.0,0.0,0.0,6
2023-05-10 21:06:33,rb2311P3550,rb2311P3550,145.0,0.0,0.0,0.0,1,62.0,0.0,0,145.0,0.0,0.0,0.0,0.0,0.0,6
2023-05-10 21:06:33,rb2311P3550,rb2311P3550,145.0,0.0,0.0,0.0,1,62.0,0.0,0,145.0,0.0,0.0,0.0,0.0,0.0,6
2023-05-10 21:06:34,rb2311P3550,rb2311P3550,145.0,0.0,0.0,0.0,4,62.5,0.0,0,145.0,0.0,0.0,0.0,0.0,0.0,6
2023-05-10 21:06:34,rb2311P3550,rb2311P3550,145.0,0.0,0.0,0.0,4,62.5,0.0,0,145.0,0.0,0.0,0.0,0.0,0.0,6
2023-05-10 21:14:27,rb2311P3550,rb2311P3550,145.0,0.0,0.0,0.0,4,62.5,0.0,0,145.0,0.0,0.0,0.0,0.0,0.0,6
2023-05-10 21:33:39,rb2311P3550,rb2311P3550,145.0,0.0,0.0,0.0,1,63.0,0.0,0,145.0,0.0,0.0,0.0,0.0,0.0,6
2023-05-10 21:33:40,rb2311P3550,rb2311P3550,145.0,0.0,0.0,0.0,1,63.0,0.0,0,145.0,0.0,0.0,0.0,0.0,0.0,6
2023-05-10 21:33:40,rb2311P3550,rb2311P3550,145.0,0.0,0.0,0.0,4,63.5,0.0,0,145.0,0.0,0.0,0.0,0.0,0.0,6
2023-05-10 21:49:13,rb2311P3550,rb2311P3550,145.0,0.0,0.0,0.0,1,63.0,0.0,0,145.0,0.0,0.0,0.0,0.0,0.0,6
2023-05-10 21:51:52,rb2311P3550,rb2311P3550,145.0,0.0,0.0,0.0,4,63.5,0.0,0,145.0,0.0,0.0,0.0,0.0,0.0,6
2023-05-10 22:01:00,rb2311P3550,rb2311P3550,145.0,0.0,0.0,0.0,4,63.5,0.0,0,145.0,0.0,0.0,0.0,0.0,0.0,6
2023-05-10 22:07:02,rb2311P3550,rb2311P3550,145.0,0.0,0.0,0.0,1,64.0,0.0,0,145.0,0.0,0.0,0.0,0.0,0.0,6
2023-05-10 22:07:03,rb2311P3550,rb2311P3550,145.0,0.0,0.0,0.0,1,64.0,0.0,0,145.0,0.0,0.0,0.0,0.0,0.0,6
2023-05-10 22:07:03,rb2311P3550,rb2311P3550,145.0,0.0,0.0,0.0,4,64.5,0.0,0,145.0,0.0,0.0,0.0,0.0,0.0,6
2023-05-10 22:26:04,rb2311P3550,rb2311P3550,145.0,0.0,0.0,0.0,4,64.5,0.0,0,145.0,0.0,0.0,0.0,0.0,0.0,6
2023-05-10 22:41:18,rb2311P3550,rb2311P3550,145.0,0.0,0.0,0.0,1,65.0,0.0,0,145.0,0.0,0.0,0.0,0.0,0.0,6
2023-05-10 22:41:18,rb2311P3550,rb2311P3550,145.0,0.0,0.0,0.0,1,65.0,0.0,0,145.0,0.0,0.0,0.0,0.0,0.0,6
2023-05-10 22:41:19,rb2311P3550,rb2311P3550,145.0,0.0,0.0,0.0,4,65.5,0.0,0,145.0,0.0,0.0,0.0,0.0,0.0,6
2023-05-10 22:49:31,rb2311P3550,rb2311P3550,145.0,0.0,0.0,0.0,4,65.5,0.0,0,145.0,0.0,0.0,0.0,0.0,0.0,6
2023-05-10 22:57:03,rb2311P3550,rb2311P3550,145.0,0.0,0.0,0.0,1,65.0,0.0,0,145.0,0.0,0.0,0.0,0.0,0.0,6
2023-05-10 22:57:53,rb2311P3550,rb2311P3550,145.0,0.0,0.0,0.0,1,65.0,0.0,0,145.0,0.0,0.0,0.0,0.0,0.0,6
2023-05-10 22:58:48,rb2311P3550,rb2311P3550,145.0,0.0,0.0,0.0,1,65.0,0.0,0,145.0,0.0,0.0,0.0,0.0,0.0,6
2023-05-11 09:00:39,rb2311P3550,rb2311P3550,145.0,0.0,0.0,0.0,1,65.0,0.0,0,145.0,0.0,0.0,0.0,0.0,0.0,6
2023-05-11 09:00:40,rb2311P3550,rb2311P3550,145.0,0.0,0.0,0.0,4,65.5,0.0,0,145.0,0.0,0.0,0.0,0.0,0.0,6
2023-05-11 09:01:39,rb2311P3550,rb2311P3550,145.0,0.0,0.0,0.0,1,66.0,0.0,0,145.0,0.0,0.0,0.0,0.0,0.0,6
2023-05-11 09:01:40,rb2311P3550,rb2311P3550,145.0,0.0,0.0,0.0,1,66.0,0.0,0,145.0,0.0,0.0,0.0,0.0,0.0,6
2023-05-11 09:01:40,rb2311P3550,rb2311P3550,145.0,0.0,0.0,0.0,4,66.5,0.0,0,145.0,0.0,0.0,0.0,0.0,0.0,6
2023-05-11 09:01:41,rb2311P3550,rb2311P3550,145.0,0.0,0.0,0.0,4,66.5,0.0,0,145.0,0.0,0.0,0.0,0.0,0.0,6
2023-05-11 09:02:32,rb2311P3550,rb2311P3550,145.0,0.0,0.0,0.0,1,67.0,0.0,0,145.0,0.0,0.0,0.0,0.0,0.0,6
2023-05-11 09:02:33,rb2311P3550,rb2311P3550,145.0,0.0,0.0,0.0,1,67.0,0.0,0,145.0,0.0,0.0,0.0,0.0,0.0,6
2023-05-11 09:02:33,rb2311P3550,rb2311P3550,145.0,0.0,0.0,0.0,4,67.5,0.0,0,145.0,0.0,0.0,0.0,0.0,0.0,6
2023-05-11 09:10:21,rb2311P3550,rb2311P3550,145.0,0.0,0.0,0.0,4,67.5,0.0,0,145.0,0.0,0.0,0.0,0.0,0.0,6
2023-05-11 09:21:27,rb2311P3550,rb2311P3550,145.0,0.0,0.0,0.0,4,67.5,0.0,0,145.0,0.0,0.0,0.0,0.0,0.0,6
2023-05-11 10:04:11,rb2311P3550,rb2311P3550,145.0,0.0,0.0,0.0,1,68.0,0.0,0,145.0,0.0,0.0,0.0,0.0,0.0,6
2023-05-11 10:04:12,rb2311P3550,rb2311P3550,145.0,0.0,0.0,0.0,1,68.0,0.0,0,145.0,0.0,0.0,0.0,0.0,0.0,6
2023-05-11 10:04:12,rb2311P3550,rb2311P3550,145.0,0.0,0.0,0.0,4,68.5,0.0,0,145.0,0.0,0.0,0.0,0.0,0.0,6
2023-05-11 10:05:06,rb2311P3550,rb2311P3550,145.0,0.0,0.0,0.0,4,68.5,0.0,0,145.0,0.0,0.0,0.0,0.0,0.0,6
2023-05-11 10:14:33,rb2311P3550,rb2311P3550,145.0,0.0,0.0,0.0,1,68.0,0.0,0,145.0,0.0,0.0,0.0,0.0,0.0,6
2023-05-11 10:35:38,rb2311P3550,rb2311P3550,145.0,0.0,0.0,0.0,4,68.5,0.0,0,145.0,0.0,0.0,0.0,0.0,0.0,6
2023-05-11 10:39:43,rb2311P3550,rb2311P3550,145.0,0.0,0.0,0.0,1,69.0,0.0,0,145.0,0.0,0.0,0.0,0.0,0.0,6
2023-05-11 10:39:43,rb2311P3550,rb2311P3550,145.0,0.0,0.0,0.0,1,69.0,0.0,0,145.0,0.0,0.0,0.0,0.0,0.0,6
2023-05-11 10:39:44,rb2311P3550,rb2311P3550,145.0,0.0,0.0,0.0,4,69.5,0.0,0,145.0,0.0,0.0,0.0,0.0,0.0,6
2023-05-11 10:41:41,rb2311P3550,rb2311P3550,145.0,0.0,0.0,0.0,4,69.5,0.0,0,145.0,0.0,0.0,0.0,0.0,0.0,6
2023-05-11 10:49:15,rb2311P3550,rb2311P3550,145.0,0.0,0.0,0.0,1,175.0,189.0,1,145.0,0.0,0.0,0.0,0.0,0.0,6
2023-05-11 10:49:16,rb2311P3550,rb2311P3550,145.0,0.0,0.0,0.0,2,175.0,188.5,4,145.0,0.0,0.0,0.0,0.0,0.0,6
2023-05-11 10:49:16,rb2311P3550,rb2311P3550,145.0,0.0,0.0,0.0,2,175.0,188.5,5,145.0,0.0,0.0,0.0,0.0,0.0,6
2023-05-11 10:49:21,rb2311P3550,rb2311P3550,145.0,0.0,0.0,0.0,2,175.0,188.5,5,145.0,0.0,0.0,0.0,0.0,0.0,6
2023-05-11 10:49:21,rb2311P3550,rb2311P3550,145.0,0.0,0.0,0.0,2,175.0,180.0,1,145.0,0.0,0.0,0.0,0.0,0.0,6
2023-05-11 10:49:22,rb2311P3550,rb2311P3550,145.0,0.0,0.0,0.0,2,175.0,180.0,1,145.0,0.0,0.0,0.0,0.0,0.0,6
2023-05-11 10:49:26,rb2311P3550,rb2311P3550,145.0,0.0,0.0,0.0,2,175.0,175.5,1,145.0,0.0,0.0,0.0,0.0,0.0,6
2023-05-11 10:49:26,rb2311P3550,rb2311P3550,145.0,0.0,0.0,0.0,2,175.0,175.5,1,145.0,0.0,0.0,0.0,0.0,0.0,6
2023-05-11 10:49:27,rb2311P3550,rb2311P3550,145.0,0.0,0.0,0.0,1,175.0,175.5,1,145.0,0.0,0.0,0.0,0.0,0.0,6
2023-05-11 10:49:29,rb2311P3550,rb2311P3550,145.0,0.0,0.0,0.0,1,175.0,175.5,1,145.0,0.0,0.0,0.0,0.0,0.0,6
2023-05-11 10:49:29,rb2311P3550,rb2311P3550,145.0,0.0,0.0,0.0,1,175.0,175.5,1,145.0,0.0,0.0,0.0,0.0,0.0,6
2023-05-11 10:49:31,rb2311P3550,rb2311P3550,145.0,0.0,0.0,0.0,1,175.0,175.5,1,145.0,0.0,0.0,0.0,0.0,0.0,6
2023-05-11 10:49:32,rb2311P3550,rb2311P3550,145.0,0.0,0.0,0.0,1,175.0,175.5,1,145.0,0.0,0.0,0.0,0.0,0.0,6
2023-05-11 10:49:33,rb2311P3550,rb2311P3550,145.0,0.0,0.0,0.0,1,175.0,175.5,1,145.0,0.0,0.0,0.0,0.0,0.0,6
2023-05-11 10:49:33,rb2311P3550,rb2311P3550,145.0,0.0,0.0,0.0,1,175.0,175.5,1,145.0,0.0,0.0,0.0,0.0,0.0,6
2023-05-11 10:49:35,rb2311P3550,rb2311P3550,145.0,0.0,0.0,0.0,4,174.5,175.5,1,145.0,0.0,0.0,0.0,0.0,0.0,6
2023-05-11 10:49:36,rb2311P3550,rb2311P3550,145.0,0.0,0.0,0.0,4,174.5,176.0,3,145.0,0.0,0.0,0.0,0.0,0.0,6
2023-05-11 10:49:39,rb2311P3550,rb2311P3550,145.0,0.0,0.0,0.0,3,174.5,176.0,2,145.0,0.0,0.0,0.0,0.0,0.0,6
2023-05-11 10:49:39,rb2311P3550,rb2311P3550,145.0,0.0,0.0,0.0,2,174.5,176.0,2,145.0,0.0,0.0,0.0,0.0,0.0,6
2023-05-11 10:49:40,rb2311P3550,rb2311P3550,145.0,0.0,0.0,0.0,1,174.5,176.0,1,145.0,0.0,0.0,0.0,0.0,0.0,6
2023-05-11 10:49:43,rb2311P3550,rb2311P3550,145.0,0.0,0.0,0.0,1,170.5,180.0,1,145.0,0.0,0.0,0.0,0.0,0.0,6
2023-05-11 10:49:46,rb2311P3550,rb2311P3550,145.0,0.0,0.0,0.0,1,69.0,0.0,0,145.0,0.0,0.0,0.0,0.0,0.0,6
2023-05-11 10:49:46,rb2311P3550,rb2311P3550,145.0,0.0,0.0,0.0,4,69.5,0.0,0,145.0,0.0,0.0,0.0,0.0,0.0,6
2023-05-11 11:14:56,rb2311P3550,rb2311P3550,145.0,0.0,0.0,0.0,1,70.0,0.0,0,145.0,0.0,0.0,0.0,0.0,0.0,6
2023-05-11 11:14:56,rb2311P3550,rb2311P3550,145.0,0.0,0.0,0.0,1,70.0,0.0,0,145.0,0.0,0.0,0.0,0.0,0.0,6
2023-05-11 11:14:57,rb2311P3550,rb2311P3550,145.0,0.0,0.0,0.0,4,70.5,0.0,0,145.0,0.0,0.0,0.0,0.0,0.0,6
2023-05-11 11:15:45,rb2311P3550,rb2311P3550,145.0,0.0,0.0,0.0,4,70.5,0.0,0,145.0,0.0,0.0,0.0,0.0,0.0,6
2023-05-11 11:29:34,rb2311P3550,rb2311P3550,145.0,0.0,0.0,0.0,1,70.0,0.0,0,145.0,0.0,0.0,0.0,0.0,0.0,6
2023-05-11 11:29:48,rb2311P3550,rb2311P3550,145.0,0.0,0.0,0.0,1,25.0,0.0,0,145.0,0.0,0.0,0.0,0.0,0.0,6
2023-05-11 13:30:10,rb2311P3550,rb2311P3550,145.0,0.0,0.0,0.0,4,25.5,0.0,0,145.0,0.0,0.0,0.0,0.0,0.0,6
2023-05-11 13:31:34,rb2311P3550,rb2311P3550,145.0,0.0,0.0,0.0,1,26.0,0.0,0,145.0,0.0,0.0,0.0,0.0,0.0,6
2023-05-11 13:31:35,rb2311P3550,rb2311P3550,145.0,0.0,0.0,0.0,1,26.0,0.0,0,145.0,0.0,0.0,0.0,0.0,0.0,6
2023-05-11 13:31:35,rb2311P3550,rb2311P3550,145.0,0.0,0.0,0.0,4,26.5,0.0,0,145.0,0.0,0.0,0.0,0.0,0.0,6
2023-05-11 13:32:02,rb2311P3550,rb2311P3550,145.0,0.0,0.0,0.0,4,26.5,0.0,0,145.0,0.0,0.0,0.0,0.0,0.0,6
2023-05-11 13:32:03,rb2311P3550,rb2311P3550,145.0,0.0,0.0,0.0,1,27.0,0.0,0,145.0,0.0,0.0,0.0,0.0,0.0,6
2023-05-11 13:32:03,rb2311P3550,rb2311P3550,145.0,0.0,0.0,0.0,1,27.0,0.0,0,145.0,0.0,0.0,0.0,0.0,0.0,6
2023-05-11 13:32:04,rb2311P3550,rb2311P3550,145.0,0.0,0.0,0.0,4,27.5,0.0,0,145.0,0.0,0.0,0.0,0.0,0.0,6
2023-05-11 13:32:09,rb2311P3550,rb2311P3550,145.0,0.0,0.0,0.0,4,27.5,0.0,0,145.0,0.0,0.0,0.0,0.0,0.0,6
2023-05-11 13:32:09,rb2311P3550,rb2311P3550,145.0,0.0,0.0,0.0,1,28.0,0.0,0,145.0,0.0,0.0,0.0,0.0,0.0,6
2023-05-11 13:32:10,rb2311P3550,rb2311P3550,145.0,0.0,0.0,0.0,1,28.0,0.0,0,145.0,0.0,0.0,0.0,0.0,0.0,6
2023-05-11 13:32:10,rb2311P3550,rb2311P3550,145.0,0.0,0.0,0.0,4,28.5,0.0,0,145.0,0.0,0.0,0.0,0.0,0.0,6
2023-05-11 13:32:36,rb2311P3550,rb2311P3550,145.0,0.0,0.0,0.0,4,28.5,0.0,0,145.0,0.0,0.0,0.0,0.0,0.0,6
2023-05-11 13:32:37,rb2311P3550,rb2311P3550,145.0,0.0,0.0,0.0,1,29.0,0.0,0,145.0,0.0,0.0,0.0,0.0,0.0,6
2023-05-11 13:32:37,rb2311P3550,rb2311P3550,145.0,0.0,0.0,0.0,1,29.0,0.0,0,145.0,0.0,0.0,0.0,0.0,0.0,6
2023-05-11 13:32:38,rb2311P3550,rb2311P3550,145.0,0.0,0.0,0.0,4,29.5,0.0,0,145.0,0.0,0.0,0.0,0.0,0.0,6
2023-05-11 13:32:42,rb2311P3550,rb2311P3550,145.0,0.0,0.0,0.0,1,30.0,0.0,0,145.0,0.0,0.0,0.0,0.0,0.0,6
2023-05-11 13:32:43,rb2311P3550,rb2311P3550,145.0,0.0,0.0,0.0,1,30.0,0.0,0,145.0,0.0,0.0,0.0,0.0,0.0,6
2023-05-11 13:32:43,rb2311P3550,rb2311P3550,145.0,0.0,0.0,0.0,4,30.5,0.0,0,145.0,0.0,0.0,0.0,0.0,0.0,6
2023-05-11 13:32:44,rb2311P3550,rb2311P3550,145.0,0.0,0.0,0.0,4,30.5,0.0,0,145.0,0.0,0.0,0.0,0.0,0.0,6
2023-05-11 13:32:44,rb2311P3550,rb2311P3550,145.0,0.0,0.0,0.0,1,31.0,0.0,0,145.0,0.0,0.0,0.0,0.0,0.0,6
2023-05-11 13:32:45,rb2311P3550,rb2311P3550,145.0,0.0,0.0,0.0,1,31.0,0.0,0,145.0,0.0,0.0,0.0,0.0,0.0,6
2023-05-11 13:32:45,rb2311P3550,rb2311P3550,145.0,0.0,0.0,0.0,4,31.5,0.0,0,145.0,0.0,0.0,0.0,0.0,0.0,6
2023-05-11 13:32:49,rb2311P3550,rb2311P3550,145.0,0.0,0.0,0.0,4,31.5,0.0,0,145.0,0.0,0.0,0.0,0.0,0.0,6
2023-05-11 13:32:49,rb2311P3550,rb2311P3550,145.0,0.0,0.0,0.0,1,32.0,0.0,0,145.0,0.0,0.0,0.0,0.0,0.0,6
2023-05-11 13:32:50,rb2311P3550,rb2311P3550,145.0,0.0,0.0,0.0,1,32.0,0.0,0,145.0,0.0,0.0,0.0,0.0,0.0,6
2023-05-11 13:32:50,rb2311P3550,rb2311P3550,145.0,0.0,0.0,0.0,4,32.5,0.0,0,145.0,0.0,0.0,0.0,0.0,0.0,6
2023-05-11 13:32:52,rb2311P3550,rb2311P3550,145.0,0.0,0.0,0.0,1,33.0,0.0,0,145.0,0.0,0.0,0.0,0.0,0.0,6
2023-05-11 13:32:52,rb2311P3550,rb2311P3550,145.0,0.0,0.0,0.0,1,33.0,0.0,0,145.0,0.0,0.0,0.0,0.0,0.0,6
2023-05-11 13:32:53,rb2311P3550,rb2311P3550,145.0,0.0,0.0,0.0,4,33.5,0.0,0,145.0,0.0,0.0,0.0,0.0,0.0,6
2023-05-11 13:32:54,rb2311P3550,rb2311P3550,145.0,0.0,0.0,0.0,1,34.0,0.0,0,145.0,0.0,0.0,0.0,0.0,0.0,6
2023-05-11 13:32:54,rb2311P3550,rb2311P3550,145.0,0.0,0.0,0.0,1,34.0,0.0,0,145.0,0.0,0.0,0.0,0.0,0.0,6
2023-05-11 13:32:55,rb2311P3550,rb2311P3550,145.0,0.0,0.0,0.0,4,34.5,0.0,0,145.0,0.0,0.0,0.0,0.0,0.0,6
2023-05-11 13:32:57,rb2311P3550,rb2311P3550,145.0,0.0,0.0,0.0,1,35.0,0.0,0,145.0,0.0,0.0,0.0,0.0,0.0,6
2023-05-11 13:32:57,rb2311P3550,rb2311P3550,145.0,0.0,0.0,0.0,1,35.0,0.0,0,145.0,0.0,0.0,0.0,0.0,0.0,6
2023-05-11 13:32:58,rb2311P3550,rb2311P3550,145.0,0.0,0.0,0.0,4,35.5,0.0,0,145.0,0.0,0.0,0.0,0.0,0.0,6
2023-05-11 13:32:58,rb2311P3550,rb2311P3550,145.0,0.0,0.0,0.0,4,35.5,0.0,0,145.0,0.0,0.0,0.0,0.0,0.0,6
2023-05-11 13:32:59,rb2311P3550,rb2311P3550,145.0,0.0,0.0,0.0,1,36.0,0.0,0,145.0,0.0,0.0,0.0,0.0,0.0,6
2023-05-11 13:32:59,rb2311P3550,rb2311P3550,145.0,0.0,0.0,0.0,1,36.0,0.0,0,145.0,0.0,0.0,0.0,0.0,0.0,6
2023-05-11 13:33:00,rb2311P3550,rb2311P3550,145.0,0.0,0.0,0.0,4,36.5,0.0,0,145.0,0.0,0.0,0.0,0.0,0.0,6
2023-05-11 13:33:01,rb2311P3550,rb2311P3550,145.0,0.0,0.0,0.0,1,37.0,0.0,0,145.0,0.0,0.0,0.0,0.0,0.0,6
2023-05-11 13:33:01,rb2311P3550,rb2311P3550,145.0,0.0,0.0,0.0,1,37.0,0.0,0,145.0,0.0,0.0,0.0,0.0,0.0,6
2023-05-11 13:33:02,rb2311P3550,rb2311P3550,145.0,0.0,0.0,0.0,4,37.5,0.0,0,145.0,0.0,0.0,0.0,0.0,0.0,6
2023-05-11 13:33:03,rb2311P3550,rb2311P3550,145.0,0.0,0.0,0.0,1,38.0,0.0,0,145.0,0.0,0.0,0.0,0.0,0.0,6
2023-05-11 13:33:03,rb2311P3550,rb2311P3550,145.0,0.0,0.0,0.0,1,38.0,0.0,0,145.0,0.0,0.0,0.0,0.0,0.0,6
2023-05-11 13:33:04,rb2311P3550,rb2311P3550,145.0,0.0,0.0,0.0,4,38.5,0.0,0,145.0,0.0,0.0,0.0,0.0,0.0,6
2023-05-11 13:33:05,rb2311P3550,rb2311P3550,145.0,0.0,0.0,0.0,1,39.0,0.0,0,145.0,0.0,0.0,0.0,0.0,0.0,6
2023-05-11 13:33:05,rb2311P3550,rb2311P3550,145.0,0.0,0.0,0.0,1,39.0,0.0,0,145.0,0.0,0.0,0.0,0.0,0.0,6
2023-05-11 13:33:06,rb2311P3550,rb2311P3550,145.0,0.0,0.0,0.0,4,39.5,0.0,0,145.0,0.0,0.0,0.0,0.0,0.0,6
2023-05-11 13:33:07,rb2311P3550,rb2311P3550,145.0,0.0,0.0,0.0,1,40.0,0.0,0,145.0,0.0,0.0,0.0,0.0,0.0,6
2023-05-11 13:33:07,rb2311P3550,rb2311P3550,145.0,0.0,0.0,0.0,1,40.0,0.0,0,145.0,0.0,0.0,0.0,0.0,0.0,6
2023-05-11 13:33:08,rb2311P3550,rb2311P3550,145.0,0.0,0.0,0.0,4,40.5,0.0,0,145.0,0.0,0.0,0.0,0.0,0.0,6
2023-05-11 13:33:09,rb2311P3550,rb2311P3550,145.0,0.0,0.0,0.0,1,41.0,0.0,0,145.0,0.0,0.0,0.0,0.0,0.0,6
2023-05-11 13:33:09,rb2311P3550,rb2311P3550,145.0,0.0,0.0,0.0,1,41.0,0.0,0,145.0,0.0,0.0,0.0,0.0,0.0,6
2023-05-11 13:33:10,rb2311P3550,rb2311P3550,145.0,0.0,0.0,0.0,4,41.5,0.0,0,145.0,0.0,0.0,0.0,0.0,0.0,6
2023-05-11 13:33:11,rb2311P3550,rb2311P3550,145.0,0.0,0.0,0.0,1,42.0,0.0,0,145.0,0.0,0.0,0.0,0.0,0.0,6
2023-05-11 13:33:12,rb2311P3550,rb2311P3550,145.0,0.0,0.0,0.0,1,42.0,0.0,0,145.0,0.0,0.0,0.0,0.0,0.0,6
2023-05-11 13:33:12,rb2311P3550,rb2311P3550,145.0,0.0,0.0,0.0,4,42.5,0.0,0,145.0,0.0,0.0,0.0,0.0,0.0,6
2023-05-11 13:33:16,rb2311P3550,rb2311P3550,145.0,0.0,0.0,0.0,1,43.0,0.0,0,145.0,0.0,0.0,0.0,0.0,0.0,6
2023-05-11 13:33:16,rb2311P3550,rb2311P3550,145.0,0.0,0.0,0.0,1,43.0,0.0,0,145.0,0.0,0.0,0.0,0.0,0.0,6
2023-05-11 13:33:17,rb2311P3550,rb2311P3550,145.0,0.0,0.0,0.0,4,43.5,0.0,0,145.0,0.0,0.0,0.0,0.0,0.0,6
2023-05-11 13:33:19,rb2311P3550,rb2311P3550,145.0,0.0,0.0,0.0,4,43.5,0.0,0,145.0,0.0,0.0,0.0,0.0,0.0,6
2023-05-11 13:33:19,rb2311P3550,rb2311P3550,145.0,0.0,0.0,0.0,1,44.0,0.0,0,145.0,0.0,0.0,0.0,0.0,0.0,6
2023-05-11 13:33:20,rb2311P3550,rb2311P3550,145.0,0.0,0.0,0.0,1,44.0,0.0,0,145.0,0.0,0.0,0.0,0.0,0.0,6
2023-05-11 13:33:20,rb2311P3550,rb2311P3550,145.0,0.0,0.0,0.0,4,44.5,0.0,0,145.0,0.0,0.0,0.0,0.0,0.0,6
2023-05-11 13:33:23,rb2311P3550,rb2311P3550,145.0,0.0,0.0,0.0,1,45.0,0.0,0,145.0,0.0,0.0,0.0,0.0,0.0,6
2023-05-11 13:33:24,rb2311P3550,rb2311P3550,145.0,0.0,0.0,0.0,1,45.0,0.0,0,145.0,0.0,0.0,0.0,0.0,0.0,6
2023-05-11 13:33:24,rb2311P3550,rb2311P3550,145.0,0.0,0.0,0.0,4,45.5,0.0,0,145.0,0.0,0.0,0.0,0.0,0.0,6
2023-05-11 13:33:25,rb2311P3550,rb2311P3550,145.0,0.0,0.0,0.0,1,46.0,0.0,0,145.0,0.0,0.0,0.0,0.0,0.0,6
2023-05-11 13:33:26,rb2311P3550,rb2311P3550,145.0,0.0,0.0,0.0,1,46.0,0.0,0,145.0,0.0,0.0,0.0,0.0,0.0,6
2023-05-11 13:33:26,rb2311P3550,rb2311P3550,145.0,0.0,0.0,0.0,4,46.5,0.0,0,145.0,0.0,0.0,0.0,0.0,0.0,6
2023-05-11 13:33:27,rb2311P3550,rb2311P3550,145.0,0.0,0.0,0.0,1,47.0,0.0,0,145.0,0.0,0.0,0.0,0.0,0.0,6
2023-05-11 13:33:28,rb2311P3550,rb2311P3550,145.0,0.0,0.0,0.0,1,47.0,0.0,0,145.0,0.0,0.0,0.0,0.0,0.0,6
2023-05-11 13:33:28,rb2311P3550,rb2311P3550,145.0,0.0,0.0,0.0,4,47.5,0.0,0,145.0,0.0,0.0,0.0,0.0,0.0,6
2023-05-11 13:33:29,rb2311P3550,rb2311P3550,145.0,0.0,0.0,0.0,1,48.0,0.0,0,145.0,0.0,0.0,0.0,0.0,0.0,6
2023-05-11 13:33:30,rb2311P3550,rb2311P3550,145.0,0.0,0.0,0.0,1,48.0,0.0,0,145.0,0.0,0.0,0.0,0.0,0.0,6
2023-05-11 13:33:30,rb2311P3550,rb2311P3550,145.0,0.0,0.0,0.0,4,48.5,0.0,0,145.0,0.0,0.0,0.0,0.0,0.0,6
2023-05-11 13:33:31,rb2311P3550,rb2311P3550,145.0,0.0,0.0,0.0,1,49.0,0.0,0,145.0,0.0,0.0,0.0,0.0,0.0,6
2023-05-11 13:33:31,rb2311P3550,rb2311P3550,145.0,0.0,0.0,0.0,1,49.0,0.0,0,145.0,0.0,0.0,0.0,0.0,0.0,6
2023-05-11 13:33:32,rb2311P3550,rb2311P3550,145.0,0.0,0.0,0.0,4,49.5,0.0,0,145.0,0.0,0.0,0.0,0.0,0.0,6
2023-05-11 13:33:32,rb2311P3550,rb2311P3550,145.0,0.0,0.0,0.0,4,49.5,0.0,0,145.0,0.0,0.0,0.0,0.0,0.0,6
2023-05-11 13:33:33,rb2311P3550,rb2311P3550,145.0,0.0,0.0,0.0,1,50.0,0.0,0,145.0,0.0,0.0,0.0,0.0,0.0,6
2023-05-11 13:33:33,rb2311P3550,rb2311P3550,145.0,0.0,0.0,0.0,1,50.0,0.0,0,145.0,0.0,0.0,0.0,0.0,0.0,6
2023-05-11 13:33:34,rb2311P3550,rb2311P3550,145.0,0.0,0.0,0.0,4,50.5,0.0,0,145.0,0.0,0.0,0.0,0.0,0.0,6
2023-05-11 13:33:34,rb2311P3550,rb2311P3550,145.0,0.0,0.0,0.0,1,51.0,0.0,0,145.0,0.0,0.0,0.0,0.0,0.0,6
2023-05-11 13:33:35,rb2311P3550,rb2311P3550,145.0,0.0,0.0,0.0,1,51.0,0.0,0,145.0,0.0,0.0,0.0,0.0,0.0,6
2023-05-11 13:33:35,rb2311P3550,rb2311P3550,145.0,0.0,0.0,0.0,4,51.5,0.0,0,145.0,0.0,0.0,0.0,0.0,0.0,6
2023-05-11 13:33:36,rb2311P3550,rb2311P3550,145.0,0.0,0.0,0.0,1,52.0,0.0,0,145.0,0.0,0.0,0.0,0.0,0.0,6
2023-05-11 13:33:37,rb2311P3550,rb2311P3550,145.0,0.0,0.0,0.0,1,52.0,0.0,0,145.0,0.0,0.0,0.0,0.0,0.0,6
2023-05-11 13:33:37,rb2311P3550,rb2311P3550,145.0,0.0,0.0,0.0,4,52.5,0.0,0,145.0,0.0,0.0,0.0,0.0,0.0,6
2023-05-11 13:33:38,rb2311P3550,rb2311P3550,145.0,0.0,0.0,0.0,1,53.0,0.0,0,145.0,0.0,0.0,0.0,0.0,0.0,6
2023-05-11 13:33:39,rb2311P3550,rb2311P3550,145.0,0.0,0.0,0.0,1,53.0,0.0,0,145.0,0.0,0.0,0.0,0.0,0.0,6
2023-05-11 13:33:39,rb2311P3550,rb2311P3550,145.0,0.0,0.0,0.0,4,53.5,0.0,0,145.0,0.0,0.0,0.0,0.0,0.0,6
2023-05-11 13:33:40,rb2311P3550,rb2311P3550,145.0,0.0,0.0,0.0,1,54.0,0.0,0,145.0,0.0,0.0,0.0,0.0,0.0,6
2023-05-11 13:33:40,rb2311P3550,rb2311P3550,145.0,0.0,0.0,0.0,1,54.0,0.0,0,145.0,0.0,0.0,0.0,0.0,0.0,6
2023-05-11 13:33:41,rb2311P3550,rb2311P3550,145.0,0.0,0.0,0.0,4,54.5,0.0,0,145.0,0.0,0.0,0.0,0.0,0.0,6
2023-05-11 13:33:42,rb2311P3550,rb2311P3550,145.0,0.0,0.0,0.0,1,55.0,0.0,0,145.0,0.0,0.0,0.0,0.0,0.0,6
2023-05-11 13:33:42,rb2311P3550,rb2311P3550,145.0,0.0,0.0,0.0,1,55.0,0.0,0,145.0,0.0,0.0,0.0,0.0,0.0,6
2023-05-11 13:33:43,rb2311P3550,rb2311P3550,145.0,0.0,0.0,0.0,4,55.5,0.0,0,145.0,0.0,0.0,0.0,0.0,0.0,6
2023-05-11 13:33:43,rb2311P3550,rb2311P3550,145.0,0.0,0.0,0.0,1,56.0,0.0,0,145.0,0.0,0.0,0.0,0.0,0.0,6
2023-05-11 13:33:44,rb2311P3550,rb2311P3550,145.0,0.0,0.0,0.0,1,56.0,0.0,0,145.0,0.0,0.0,0.0,0.0,0.0,6
2023-05-11 13:33:44,rb2311P3550,rb2311P3550,145.0,0.0,0.0,0.0,4,56.5,0.0,0,145.0,0.0,0.0,0.0,0.0,0.0,6
2023-05-11 13:33:45,rb2311P3550,rb2311P3550,145.0,0.0,0.0,0.0,1,57.0,0.0,0,145.0,0.0,0.0,0.0,0.0,0.0,6
2023-05-11 13:33:45,rb2311P3550,rb2311P3550,145.0,0.0,0.0,0.0,1,57.0,0.0,0,145.0,0.0,0.0,0.0,0.0,0.0,6
2023-05-11 13:33:46,rb2311P3550,rb2311P3550,145.0,0.0,0.0,0.0,4,57.5,0.0,0,145.0,0.0,0.0,0.0,0.0,0.0,6
2023-05-11 13:33:46,rb2311P3550,rb2311P3550,145.0,0.0,0.0,0.0,1,58.0,0.0,0,145.0,0.0,0.0,0.0,0.0,0.0,6
2023-05-11 13:33:47,rb2311P3550,rb2311P3550,145.0,0.0,0.0,0.0,1,58.0,0.0,0,145.0,0.0,0.0,0.0,0.0,0.0,6
2023-05-11 13:33:47,rb2311P3550,rb2311P3550,145.0,0.0,0.0,0.0,4,58.5,0.0,0,145.0,0.0,0.0,0.0,0.0,0.0,6
2023-05-11 13:33:48,rb2311P3550,rb2311P3550,145.0,0.0,0.0,0.0,4,58.5,0.0,0,145.0,0.0,0.0,0.0,0.0,0.0,6
2023-05-11 13:33:48,rb2311P3550,rb2311P3550,145.0,0.0,0.0,0.0,1,59.0,0.0,0,145.0,0.0,0.0,0.0,0.0,0.0,6
2023-05-11 13:33:49,rb2311P3550,rb2311P3550,145.0,0.0,0.0,0.0,1,59.0,0.0,0,145.0,0.0,0.0,0.0,0.0,0.0,6
2023-05-11 13:33:49,rb2311P3550,rb2311P3550,145.0,0.0,0.0,0.0,4,59.5,0.0,0,145.0,0.0,0.0,0.0,0.0,0.0,6
2023-05-11 13:33:50,rb2311P3550,rb2311P3550,145.0,0.0,0.0,0.0,4,59.5,0.0,0,145.0,0.0,0.0,0.0,0.0,0.0,6
2023-05-11 13:33:50,rb2311P3550,rb2311P3550,145.0,0.0,0.0,0.0,1,60.0,0.0,0,145.0,0.0,0.0,0.0,0.0,0.0,6
2023-05-11 13:33:51,rb2311P3550,rb2311P3550,145.0,0.0,0.0,0.0,1,60.0,0.0,0,145.0,0.0,0.0,0.0,0.0,0.0,6
2023-05-11 13:33:51,rb2311P3550,rb2311P3550,145.0,0.0,0.0,0.0,4,60.5,0.0,0,145.0,0.0,0.0,0.0,0.0,0.0,6
2023-05-11 13:33:52,rb2311P3550,rb2311P3550,145.0,0.0,0.0,0.0,1,61.0,0.0,0,145.0,0.0,0.0,0.0,0.0,0.0,6
2023-05-11 13:33:52,rb2311P3550,rb2311P3550,145.0,0.0,0.0,0.0,1,61.0,0.0,0,145.0,0.0,0.0,0.0,0.0,0.0,6
2023-05-11 13:33:53,rb2311P3550,rb2311P3550,145.0,0.0,0.0,0.0,4,61.5,0.0,0,145.0,0.0,0.0,0.0,0.0,0.0,6
2023-05-11 13:33:53,rb2311P3550,rb2311P3550,145.0,0.0,0.0,0.0,1,62.0,0.0,0,145.0,0.0,0.0,0.0,0.0,0.0,6
2023-05-11 13:33:54,rb2311P3550,rb2311P3550,145.0,0.0,0.0,0.0,1,62.0,0.0,0,145.0,0.0,0.0,0.0,0.0,0.0,6
2023-05-11 13:33:54,rb2311P3550,rb2311P3550,145.0,0.0,0.0,0.0,4,62.5,0.0,0,145.0,0.0,0.0,0.0,0.0,0.0,6
2023-05-11 13:33:55,rb2311P3550,rb2311P3550,145.0,0.0,0.0,0.0,1,63.0,0.0,0,145.0,0.0,0.0,0.0,0.0,0.0,6
2023-05-11 13:33:55,rb2311P3550,rb2311P3550,145.0,0.0,0.0,0.0,1,63.0,0.0,0,145.0,0.0,0.0,0.0,0.0,0.0,6
2023-05-11 13:33:56,rb2311P3550,rb2311P3550,145.0,0.0,0.0,0.0,4,63.5,0.0,0,145.0,0.0,0.0,0.0,0.0,0.0,6
2023-05-11 13:33:56,rb2311P3550,rb2311P3550,145.0,0.0,0.0,0.0,1,64.0,0.0,0,145.0,0.0,0.0,0.0,0.0,0.0,6
2023-05-11 13:33:57,rb2311P3550,rb2311P3550,145.0,0.0,0.0,0.0,1,64.0,0.0,0,145.0,0.0,0.0,0.0,0.0,0.0,6
2023-05-11 13:33:57,rb2311P3550,rb2311P3550,145.0,0.0,0.0,0.0,4,64.5,0.0,0,145.0,0.0,0.0,0.0,0.0,0.0,6
2023-05-11 13:33:58,rb2311P3550,rb2311P3550,145.0,0.0,0.0,0.0,1,65.0,0.0,0,145.0,0.0,0.0,0.0,0.0,0.0,6
2023-05-11 13:33:58,rb2311P3550,rb2311P3550,145.0,0.0,0.0,0.0,1,65.0,0.0,0,145.0,0.0,0.0,0.0,0.0,0.0,6
2023-05-11 13:33:59,rb2311P3550,rb2311P3550,145.0,0.0,0.0,0.0,4,65.5,0.0,0,145.0,0.0,0.0,0.0,0.0,0.0,6
2023-05-11 13:33:59,rb2311P3550,rb2311P3550,145.0,0.0,0.0,0.0,1,66.0,0.0,0,145.0,0.0,0.0,0.0,0.0,0.0,6
2023-05-11 13:34:00,rb2311P3550,rb2311P3550,145.0,0.0,0.0,0.0,1,66.0,0.0,0,145.0,0.0,0.0,0.0,0.0,0.0,6
2023-05-11 13:34:00,rb2311P3550,rb2311P3550,145.0,0.0,0.0,0.0,4,66.5,0.0,0,145.0,0.0,0.0,0.0,0.0,0.0,6
2023-05-11 13:34:01,rb2311P3550,rb2311P3550,145.0,0.0,0.0,0.0,4,66.5,0.0,0,145.0,0.0,0.0,0.0,0.0,0.0,6
2023-05-11 13:57:34,rb2311P3550,rb2311P3550,145.0,0.0,0.0,0.0,1,67.0,0.0,0,145.0,0.0,0.0,0.0,0.0,0.0,6
2023-05-11 13:57:34,rb2311P3550,rb2311P3550,145.0,0.0,0.0,0.0,1,67.0,0.0,0,145.0,0.0,0.0,0.0,0.0,0.0,6
2023-05-11 13:57:35,rb2311P3550,rb2311P3550,145.0,0.0,0.0,0.0,4,67.5,0.0,0,145.0,0.0,0.0,0.0,0.0,0.0,6
2023-05-11 14:14:47,rb2311P3550,rb2311P3550,145.0,0.0,0.0,0.0,1,158.5,172.5,1,145.0,0.0,0.0,0.0,0.0,0.0,6
2023-05-11 14:14:48,rb2311P3550,rb2311P3550,145.0,0.0,0.0,0.0,1,158.5,172.5,5,145.0,0.0,0.0,0.0,0.0,0.0,6
2023-05-11 14:14:48,rb2311P3550,rb2311P3550,145.0,0.0,0.0,0.0,2,158.5,172.5,6,145.0,0.0,0.0,0.0,0.0,0.0,6
2023-05-11 14:14:50,rb2311P3550,rb2311P3550,145.0,0.0,0.0,0.0,2,158.5,172.5,2,145.0,0.0,0.0,0.0,0.0,0.0,6
2023-05-11 14:14:57,rb2311P3550,rb2311P3550,145.0,0.0,0.0,0.0,2,158.5,172.5,2,145.0,0.0,0.0,0.0,0.0,0.0,6
2023-05-11 14:14:57,rb2311P3550,rb2311P3550,145.0,0.0,0.0,0.0,2,158.5,172.5,6,145.0,0.0,0.0,0.0,0.0,0.0,6
2023-05-11 14:14:58,rb2311P3550,rb2311P3550,145.0,0.0,0.0,0.0,2,158.5,160.5,1,145.0,0.0,0.0,0.0,0.0,0.0,6
2023-05-11 14:14:58,rb2311P3550,rb2311P3550,145.0,0.0,0.0,0.0,2,158.5,160.5,1,145.0,0.0,0.0,0.0,0.0,0.0,6
2023-05-11 14:14:59,rb2311P3550,rb2311P3550,145.0,0.0,0.0,0.0,1,158.5,160.5,1,145.0,0.0,0.0,0.0,0.0,0.0,6
2023-05-11 14:15:00,rb2311P3550,rb2311P3550,145.0,0.0,0.0,0.0,1,158.5,160.5,1,145.0,0.0,0.0,0.0,0.0,0.0,6
2023-05-11 14:15:03,rb2311P3550,rb2311P3550,145.0,0.0,0.0,0.0,1,160.0,160.5,1,145.0,0.0,0.0,0.0,0.0,0.0,6
2023-05-11 14:15:04,rb2311P3550,rb2311P3550,145.0,0.0,0.0,0.0,1,160.0,160.5,1,145.0,0.0,0.0,0.0,0.0,0.0,6
2023-05-11 14:15:05,rb2311P3550,rb2311P3550,145.0,0.0,0.0,0.0,1,160.0,160.5,1,145.0,0.0,0.0,0.0,0.0,0.0,6
2023-05-11 14:15:09,rb2311P3550,rb2311P3550,145.0,0.0,0.0,0.0,1,160.0,161.0,3,145.0,0.0,0.0,0.0,0.0,0.0,6
2023-05-11 14:15:09,rb2311P3550,rb2311P3550,145.0,0.0,0.0,0.0,1,160.0,161.0,3,145.0,0.0,0.0,0.0,0.0,0.0,6
2023-05-11 14:15:10,rb2311P3550,rb2311P3550,145.0,0.0,0.0,0.0,1,160.0,161.0,3,145.0,0.0,0.0,0.0,0.0,0.0,6
2023-05-11 14:15:10,rb2311P3550,rb2311P3550,145.0,0.0,0.0,0.0,1,160.0,161.0,2,145.0,0.0,0.0,0.0,0.0,0.0,6
2023-05-11 14:15:11,rb2311P3550,rb2311P3550,145.0,0.0,0.0,0.0,1,160.0,161.0,1,145.0,0.0,0.0,0.0,0.0,0.0,6
2023-05-11 14:15:14,rb2311P3550,rb2311P3550,145.0,0.0,0.0,0.0,1,158.0,161.0,1,145.0,0.0,0.0,0.0,0.0,0.0,6
2023-05-11 14:15:15,rb2311P3550,rb2311P3550,145.0,0.0,0.0,0.0,1,156.0,164.5,1,145.0,0.0,0.0,0.0,0.0,0.0,6
2023-05-11 14:15:17,rb2311P3550,rb2311P3550,145.0,0.0,0.0,0.0,1,67.0,0.0,0,145.0,0.0,0.0,0.0,0.0,0.0,6
2023-05-11 14:15:18,rb2311P3550,rb2311P3550,145.0,0.0,0.0,0.0,4,67.5,0.0,0,145.0,0.0,0.0,0.0,0.0,0.0,6
2023-05-11 14:32:02,rb2311P3550,rb2311P3550,145.0,0.0,0.0,0.0,1,68.0,0.0,0,145.0,0.0,0.0,0.0,0.0,0.0,6
2023-05-11 14:32:03,rb2311P3550,rb2311P3550,145.0,0.0,0.0,0.0,1,68.0,0.0,0,145.0,0.0,0.0,0.0,0.0,0.0,6
2023-05-11 14:32:03,rb2311P3550,rb2311P3550,145.0,0.0,0.0,0.0,4,68.5,0.0,0,145.0,0.0,0.0,0.0,0.0,0.0,6
2023-05-11 14:32:17,rb2311P3550,rb2311P3550,145.0,0.0,0.0,0.0,4,68.5,0.0,0,145.0,0.0,0.0,0.0,0.0,0.0,6
2023-05-11 14:59:03,rb2311P3550,rb2311P3550,145.0,0.0,0.0,0.0,1,68.0,0.0,0,145.0,0.0,0.0,0.0,0.0,0.0,6
2023-05-11 15:18:18,rb2311P3550,rb2311P3550,145.0,0.0,0.0,0.0,1,68.0,0.0,0,145.0,0.0,0.0,0.0,0.0,0.0,6
