time,symbol_id,symbol_name,last,trade_volume,trade_amount,open_interest_change,bv1,bp1,ap1,av1,yesterday_close,today_open,today_high,today_low,volume,amount,open_interest
2023-05-10 21:53:09,rb2311C4100,rb2311C4100,75.0,0.0,0.0,0.0,1,7.0,0.0,0,75.0,41.5,0.0,0.0,0.0,0.0,4
2023-05-10 21:53:10,rb2311C4100,rb2311C4100,75.0,0.0,0.0,0.0,4,7.5,0.0,0,75.0,41.5,0.0,0.0,0.0,0.0,4
2023-05-10 21:53:10,rb2311C4100,rb2311C4100,75.0,0.0,0.0,0.0,1,11.0,0.0,0,75.0,41.5,0.0,0.0,0.0,0.0,4
2023-05-10 21:53:11,rb2311C4100,rb2311C4100,75.0,0.0,0.0,0.0,1,11.0,0.0,0,75.0,41.5,0.0,0.0,0.0,0.0,4
2023-05-10 21:53:11,rb2311C4100,rb2311C4100,75.0,0.0,0.0,0.0,4,11.5,0.0,0,75.0,41.5,0.0,0.0,0.0,0.0,4
2023-05-10 21:53:12,rb2311C4100,rb2311C4100,75.0,0.0,0.0,0.0,1,15.0,0.0,0,75.0,41.5,0.0,0.0,0.0,0.0,4
2023-05-10 21:53:12,rb2311C4100,rb2311C4100,75.0,0.0,0.0,0.0,1,15.0,0.0,0,75.0,41.5,0.0,0.0,0.0,0.0,4
2023-05-10 21:53:13,rb2311C4100,rb2311C4100,75.0,0.0,0.0,0.0,4,15.5,0.0,0,75.0,41.5,0.0,0.0,0.0,0.0,4
2023-05-10 21:53:13,rb2311C4100,rb2311C4100,75.0,0.0,0.0,0.0,1,19.0,0.0,0,75.0,41.5,0.0,0.0,0.0,0.0,4
2023-05-10 21:53:14,rb2311C4100,rb2311C4100,75.0,0.0,0.0,0.0,1,19.0,0.0,0,75.0,41.5,0.0,0.0,0.0,0.0,4
2023-05-10 21:53:14,rb2311C4100,rb2311C4100,75.0,0.0,0.0,0.0,4,19.5,0.0,0,75.0,41.5,0.0,0.0,0.0,0.0,4
2023-05-10 21:53:15,rb2311C4100,rb2311C4100,75.0,0.0,0.0,0.0,1,20.0,0.0,0,75.0,41.5,0.0,0.0,0.0,0.0,4
2023-05-10 21:53:15,rb2311C4100,rb2311C4100,75.0,0.0,0.0,0.0,1,20.0,0.0,0,75.0,41.5,0.0,0.0,0.0,0.0,4
2023-05-10 21:53:16,rb2311C4100,rb2311C4100,75.0,0.0,0.0,0.0,4,20.5,0.0,0,75.0,41.5,0.0,0.0,0.0,0.0,4
2023-05-10 21:53:16,rb2311C4100,rb2311C4100,75.0,0.0,0.0,0.0,1,21.0,0.0,0,75.0,41.5,0.0,0.0,0.0,0.0,4
2023-05-10 21:53:17,rb2311C4100,rb2311C4100,75.0,0.0,0.0,0.0,1,21.0,0.0,0,75.0,41.5,0.0,0.0,0.0,0.0,4
2023-05-10 21:53:17,rb2311C4100,rb2311C4100,75.0,0.0,0.0,0.0,4,21.5,0.0,0,75.0,41.5,0.0,0.0,0.0,0.0,4
2023-05-10 21:53:18,rb2311C4100,rb2311C4100,75.0,0.0,0.0,0.0,4,21.5,0.0,0,75.0,41.5,0.0,0.0,0.0,0.0,4
2023-05-10 21:53:18,rb2311C4100,rb2311C4100,75.0,0.0,0.0,0.0,1,22.0,0.0,0,75.0,41.5,0.0,0.0,0.0,0.0,4
2023-05-10 21:53:19,rb2311C4100,rb2311C4100,75.0,0.0,0.0,0.0,1,22.0,0.0,0,75.0,41.5,0.0,0.0,0.0,0.0,4
2023-05-10 21:53:19,rb2311C4100,rb2311C4100,75.0,0.0,0.0,0.0,4,22.5,0.0,0,75.0,41.5,0.0,0.0,0.0,0.0,4
2023-05-10 21:53:20,rb2311C4100,rb2311C4100,75.0,0.0,0.0,0.0,1,23.0,0.0,0,75.0,41.5,0.0,0.0,0.0,0.0,4
2023-05-10 21:53:20,rb2311C4100,rb2311C4100,75.0,0.0,0.0,0.0,1,23.0,0.0,0,75.0,41.5,0.0,0.0,0.0,0.0,4
2023-05-10 21:53:21,rb2311C4100,rb2311C4100,75.0,0.0,0.0,0.0,4,23.5,0.0,0,75.0,41.5,0.0,0.0,0.0,0.0,4
2023-05-10 21:53:21,rb2311C4100,rb2311C4100,75.0,0.0,0.0,0.0,1,24.0,0.0,0,75.0,41.5,0.0,0.0,0.0,0.0,4
2023-05-10 21:53:22,rb2311C4100,rb2311C4100,75.0,0.0,0.0,0.0,1,24.0,0.0,0,75.0,41.5,0.0,0.0,0.0,0.0,4
2023-05-10 21:53:22,rb2311C4100,rb2311C4100,75.0,0.0,0.0,0.0,4,24.5,0.0,0,75.0,41.5,0.0,0.0,0.0,0.0,4
2023-05-10 21:53:23,rb2311C4100,rb2311C4100,75.0,0.0,0.0,0.0,1,25.0,0.0,0,75.0,41.5,0.0,0.0,0.0,0.0,4
2023-05-10 21:53:23,rb2311C4100,rb2311C4100,75.0,0.0,0.0,0.0,1,25.0,0.0,0,75.0,41.5,0.0,0.0,0.0,0.0,4
2023-05-10 21:53:24,rb2311C4100,rb2311C4100,75.0,0.0,0.0,0.0,4,25.5,0.0,0,75.0,41.5,0.0,0.0,0.0,0.0,4
2023-05-10 21:53:24,rb2311C4100,rb2311C4100,75.0,0.0,0.0,0.0,4,25.5,0.0,0,75.0,41.5,0.0,0.0,0.0,0.0,4
2023-05-10 21:53:53,rb2311C4100,rb2311C4100,75.0,0.0,0.0,0.0,1,26.0,0.0,0,75.0,41.5,0.0,0.0,0.0,0.0,4
2023-05-10 21:53:54,rb2311C4100,rb2311C4100,75.0,0.0,0.0,0.0,1,26.0,0.0,0,75.0,41.5,0.0,0.0,0.0,0.0,4
2023-05-10 21:53:54,rb2311C4100,rb2311C4100,75.0,0.0,0.0,0.0,4,26.5,0.0,0,75.0,41.5,0.0,0.0,0.0,0.0,4
2023-05-10 21:53:55,rb2311C4100,rb2311C4100,75.0,0.0,0.0,0.0,1,27.0,0.0,0,75.0,41.5,0.0,0.0,0.0,0.0,4
2023-05-10 21:53:55,rb2311C4100,rb2311C4100,75.0,0.0,0.0,0.0,1,27.0,0.0,0,75.0,41.5,0.0,0.0,0.0,0.0,4
2023-05-10 21:53:56,rb2311C4100,rb2311C4100,75.0,0.0,0.0,0.0,4,27.5,0.0,0,75.0,41.5,0.0,0.0,0.0,0.0,4
2023-05-10 21:53:56,rb2311C4100,rb2311C4100,75.0,0.0,0.0,0.0,1,28.0,0.0,0,75.0,41.5,0.0,0.0,0.0,0.0,4
2023-05-10 21:53:57,rb2311C4100,rb2311C4100,75.0,0.0,0.0,0.0,1,28.0,0.0,0,75.0,41.5,0.0,0.0,0.0,0.0,4
2023-05-10 21:53:57,rb2311C4100,rb2311C4100,75.0,0.0,0.0,0.0,4,28.5,0.0,0,75.0,41.5,0.0,0.0,0.0,0.0,4
2023-05-10 21:53:58,rb2311C4100,rb2311C4100,75.0,0.0,0.0,0.0,1,29.0,0.0,0,75.0,41.5,0.0,0.0,0.0,0.0,4
2023-05-10 21:53:58,rb2311C4100,rb2311C4100,75.0,0.0,0.0,0.0,1,29.0,0.0,0,75.0,41.5,0.0,0.0,0.0,0.0,4
2023-05-10 21:53:59,rb2311C4100,rb2311C4100,75.0,0.0,0.0,0.0,4,29.5,0.0,0,75.0,41.5,0.0,0.0,0.0,0.0,4
2023-05-10 21:53:59,rb2311C4100,rb2311C4100,75.0,0.0,0.0,0.0,1,30.0,0.0,0,75.0,41.5,0.0,0.0,0.0,0.0,4
2023-05-10 21:54:00,rb2311C4100,rb2311C4100,75.0,0.0,0.0,0.0,1,30.0,0.0,0,75.0,41.5,0.0,0.0,0.0,0.0,4
2023-05-10 21:54:00,rb2311C4100,rb2311C4100,75.0,0.0,0.0,0.0,4,30.5,0.0,0,75.0,41.5,0.0,0.0,0.0,0.0,4
2023-05-10 21:54:01,rb2311C4100,rb2311C4100,75.0,0.0,0.0,0.0,1,31.0,0.0,0,75.0,41.5,0.0,0.0,0.0,0.0,4
2023-05-10 21:54:01,rb2311C4100,rb2311C4100,75.0,0.0,0.0,0.0,1,31.0,0.0,0,75.0,41.5,0.0,0.0,0.0,0.0,4
2023-05-10 21:54:02,rb2311C4100,rb2311C4100,75.0,0.0,0.0,0.0,4,31.5,0.0,0,75.0,41.5,0.0,0.0,0.0,0.0,4
2023-05-10 21:54:02,rb2311C4100,rb2311C4100,75.0,0.0,0.0,0.0,1,32.0,0.0,0,75.0,41.5,0.0,0.0,0.0,0.0,4
2023-05-10 21:54:03,rb2311C4100,rb2311C4100,75.0,0.0,0.0,0.0,1,32.0,0.0,0,75.0,41.5,0.0,0.0,0.0,0.0,4
2023-05-10 21:54:03,rb2311C4100,rb2311C4100,75.0,0.0,0.0,0.0,4,32.5,0.0,0,75.0,41.5,0.0,0.0,0.0,0.0,4
2023-05-10 21:54:04,rb2311C4100,rb2311C4100,75.0,0.0,0.0,0.0,1,33.0,0.0,0,75.0,41.5,0.0,0.0,0.0,0.0,4
2023-05-10 21:54:04,rb2311C4100,rb2311C4100,75.0,0.0,0.0,0.0,1,33.0,0.0,0,75.0,41.5,0.0,0.0,0.0,0.0,4
2023-05-10 21:54:05,rb2311C4100,rb2311C4100,75.0,0.0,0.0,0.0,4,33.5,0.0,0,75.0,41.5,0.0,0.0,0.0,0.0,4
2023-05-10 21:54:05,rb2311C4100,rb2311C4100,75.0,0.0,0.0,0.0,1,34.0,0.0,0,75.0,41.5,0.0,0.0,0.0,0.0,4
2023-05-10 21:54:06,rb2311C4100,rb2311C4100,75.0,0.0,0.0,0.0,1,34.0,0.0,0,75.0,41.5,0.0,0.0,0.0,0.0,4
2023-05-10 21:54:06,rb2311C4100,rb2311C4100,75.0,0.0,0.0,0.0,4,34.5,0.0,0,75.0,41.5,0.0,0.0,0.0,0.0,4
2023-05-10 21:54:07,rb2311C4100,rb2311C4100,75.0,0.0,0.0,0.0,4,34.5,0.0,0,75.0,41.5,0.0,0.0,0.0,0.0,4
2023-05-10 21:54:14,rb2311C4100,rb2311C4100,75.0,0.0,0.0,0.0,1,35.0,0.0,0,75.0,41.5,0.0,0.0,0.0,0.0,4
2023-05-10 21:54:14,rb2311C4100,rb2311C4100,75.0,0.0,0.0,0.0,1,35.0,0.0,0,75.0,41.5,0.0,0.0,0.0,0.0,4
2023-05-10 21:54:15,rb2311C4100,rb2311C4100,75.0,0.0,0.0,0.0,4,35.5,0.0,0,75.0,41.5,0.0,0.0,0.0,0.0,4
2023-05-10 21:54:15,rb2311C4100,rb2311C4100,75.0,0.0,0.0,0.0,4,35.5,0.0,0,75.0,41.5,0.0,0.0,0.0,0.0,4
2023-05-10 22:00:25,rb2311C4100,rb2311C4100,75.0,0.0,0.0,0.0,4,35.5,0.0,0,75.0,41.5,0.0,0.0,0.0,0.0,4
2023-05-10 22:57:03,rb2311C4100,rb2311C4100,75.0,0.0,0.0,0.0,1,0.5,0.0,0,75.0,41.5,0.0,0.0,0.0,0.0,4
2023-05-10 22:58:48,rb2311C4100,rb2311C4100,75.0,0.0,0.0,0.0,0,0.0,0.0,0,75.0,41.5,0.0,0.0,0.0,0.0,4
2023-05-11 10:49:15,rb2311C4100,rb2311C4100,75.0,0.0,0.0,0.0,1,37.5,45.5,1,75.0,41.5,0.0,0.0,0.0,0.0,4
2023-05-11 10:49:26,rb2311C4100,rb2311C4100,75.0,0.0,0.0,0.0,1,41.5,45.0,1,75.0,41.5,0.0,0.0,0.0,0.0,4
2023-05-11 10:49:26,rb2311C4100,rb2311C4100,75.0,0.0,0.0,0.0,1,41.5,45.0,1,75.0,41.5,0.0,0.0,0.0,0.0,4
2023-05-11 10:49:27,rb2311C4100,rb2311C4100,41.5,1.0,415.0,0.0,1,40.5,45.0,1,75.0,41.5,41.5,41.5,1.0,415.0,4
2023-05-11 10:49:27,rb2311C4100,rb2311C4100,41.5,0.0,0.0,0.0,1,40.5,45.0,2,75.0,41.5,41.5,41.5,1.0,415.0,4
2023-05-11 10:49:28,rb2311C4100,rb2311C4100,41.5,0.0,0.0,0.0,1,40.5,45.0,2,75.0,41.5,41.5,41.5,1.0,415.0,4
2023-05-11 10:49:29,rb2311C4100,rb2311C4100,41.5,0.0,0.0,0.0,1,40.5,45.0,2,75.0,41.5,41.5,41.5,1.0,415.0,4
2023-05-11 10:49:29,rb2311C4100,rb2311C4100,41.5,0.0,0.0,0.0,1,40.5,45.0,2,75.0,41.5,41.5,41.5,1.0,415.0,4
2023-05-11 10:49:33,rb2311C4100,rb2311C4100,41.5,0.0,0.0,0.0,1,40.5,45.0,2,75.0,41.5,41.5,41.5,1.0,415.0,4
2023-05-11 10:49:33,rb2311C4100,rb2311C4100,41.5,0.0,0.0,0.0,1,41.0,44.5,1,75.0,41.5,41.5,41.5,1.0,415.0,4
2023-05-11 10:49:36,rb2311C4100,rb2311C4100,41.5,0.0,0.0,0.0,1,41.0,44.5,1,75.0,41.5,41.5,41.5,1.0,415.0,4
2023-05-11 10:49:38,rb2311C4100,rb2311C4100,41.5,0.0,0.0,0.0,1,41.0,44.5,1,75.0,41.5,41.5,41.5,1.0,415.0,4
2023-05-11 10:49:38,rb2311C4100,rb2311C4100,41.5,0.0,0.0,0.0,1,41.0,44.5,1,75.0,41.5,41.5,41.5,1.0,415.0,4
2023-05-11 10:49:39,rb2311C4100,rb2311C4100,41.5,0.0,0.0,0.0,1,41.0,44.5,1,75.0,41.5,41.5,41.5,1.0,415.0,4
2023-05-11 10:49:39,rb2311C4100,rb2311C4100,41.5,0.0,0.0,0.0,1,41.0,44.5,1,75.0,41.5,41.5,41.5,1.0,415.0,4
2023-05-11 10:49:40,rb2311C4100,rb2311C4100,41.5,0.0,0.0,0.0,1,41.0,44.5,1,75.0,41.5,41.5,41.5,1.0,415.0,4
2023-05-11 10:49:43,rb2311C4100,rb2311C4100,41.5,0.0,0.0,0.0,1,41.0,44.5,1,75.0,41.5,41.5,41.5,1.0,415.0,4
2023-05-11 10:49:46,rb2311C4100,rb2311C4100,41.5,0.0,0.0,0.0,0,0.0,0.0,0,75.0,41.5,41.5,41.5,1.0,415.0,4
2023-05-11 10:49:47,rb2311C4100,rb2311C4100,41.5,0.0,0.0,0.0,1,7.0,0.0,0,75.0,41.5,41.5,41.5,1.0,415.0,4
2023-05-11 10:49:47,rb2311C4100,rb2311C4100,41.5,0.0,0.0,0.0,4,7.5,0.0,0,75.0,41.5,41.5,41.5,1.0,415.0,4
2023-05-11 10:49:59,rb2311C4100,rb2311C4100,41.5,0.0,0.0,0.0,1,8.0,0.0,0,75.0,41.5,41.5,41.5,1.0,415.0,4
2023-05-11 10:49:59,rb2311C4100,rb2311C4100,41.5,0.0,0.0,0.0,1,8.0,0.0,0,75.0,41.5,41.5,41.5,1.0,415.0,4
2023-05-11 10:50:00,rb2311C4100,rb2311C4100,41.5,0.0,0.0,0.0,4,8.5,0.0,0,75.0,41.5,41.5,41.5,1.0,415.0,4
2023-05-11 11:29:34,rb2311C4100,rb2311C4100,41.5,0.0,0.0,0.0,1,8.0,0.0,0,75.0,41.5,41.5,41.5,1.0,415.0,4
2023-05-11 11:29:48,rb2311C4100,rb2311C4100,41.5,0.0,0.0,0.0,0,0.0,0.0,0,75.0,41.5,41.5,41.5,1.0,415.0,4
2023-05-11 14:14:47,rb2311C4100,rb2311C4100,41.5,0.0,0.0,0.0,1,43.0,51.0,1,75.0,41.5,41.5,41.5,1.0,415.0,4
2023-05-11 14:14:48,rb2311C4100,rb2311C4100,41.5,0.0,0.0,0.0,2,43.0,51.0,2,75.0,41.5,41.5,41.5,1.0,415.0,4
2023-05-11 14:14:53,rb2311C4100,rb2311C4100,41.5,0.0,0.0,0.0,1,44.0,47.0,1,75.0,41.5,41.5,41.5,1.0,415.0,4
2023-05-11 14:14:54,rb2311C4100,rb2311C4100,41.5,0.0,0.0,0.0,1,44.0,47.0,1,75.0,41.5,41.5,41.5,1.0,415.0,4
2023-05-11 14:14:54,rb2311C4100,rb2311C4100,41.5,0.0,0.0,0.0,1,44.0,47.0,1,75.0,41.5,41.5,41.5,1.0,415.0,4
2023-05-11 14:14:57,rb2311C4100,rb2311C4100,41.5,0.0,0.0,0.0,1,44.0,47.0,1,75.0,41.5,41.5,41.5,1.0,415.0,4
2023-05-11 14:14:58,rb2311C4100,rb2311C4100,47.0,1.0,470.0,1.0,1,44.0,48.5,2,75.0,41.5,47.0,41.5,2.0,885.0,5
2023-05-11 14:14:58,rb2311C4100,rb2311C4100,47.0,0.0,0.0,0.0,1,44.0,48.5,1,75.0,41.5,47.0,41.5,2.0,885.0,5
2023-05-11 14:14:59,rb2311C4100,rb2311C4100,47.0,0.0,0.0,0.0,1,44.0,49.5,1,75.0,41.5,47.0,41.5,2.0,885.0,5
2023-05-11 14:14:59,rb2311C4100,rb2311C4100,47.0,0.0,0.0,0.0,2,44.0,49.5,3,75.0,41.5,47.0,41.5,2.0,885.0,5
2023-05-11 14:15:00,rb2311C4100,rb2311C4100,47.0,0.0,0.0,0.0,2,44.0,49.5,3,75.0,41.5,47.0,41.5,2.0,885.0,5
2023-05-11 14:15:03,rb2311C4100,rb2311C4100,47.0,0.0,0.0,0.0,2,44.0,49.5,3,75.0,41.5,47.0,41.5,2.0,885.0,5
2023-05-11 14:15:04,rb2311C4100,rb2311C4100,47.0,0.0,0.0,0.0,1,44.0,49.5,4,75.0,41.5,47.0,41.5,2.0,885.0,5
2023-05-11 14:15:05,rb2311C4100,rb2311C4100,47.0,0.0,0.0,0.0,3,43.5,49.5,3,75.0,41.5,47.0,41.5,2.0,885.0,5
2023-05-11 14:15:05,rb2311C4100,rb2311C4100,47.0,0.0,0.0,0.0,1,44.5,48.5,1,75.0,41.5,47.0,41.5,2.0,885.0,5
2023-05-11 14:15:06,rb2311C4100,rb2311C4100,47.0,0.0,0.0,0.0,1,44.5,48.5,1,75.0,41.5,47.0,41.5,2.0,885.0,5
2023-05-11 14:15:06,rb2311C4100,rb2311C4100,47.0,0.0,0.0,0.0,1,44.5,48.5,1,75.0,41.5,47.0,41.5,2.0,885.0,5
2023-05-11 14:15:09,rb2311C4100,rb2311C4100,47.0,0.0,0.0,0.0,1,44.5,48.5,1,75.0,41.5,47.0,41.5,2.0,885.0,5
2023-05-11 14:15:10,rb2311C4100,rb2311C4100,47.0,0.0,0.0,0.0,1,44.5,48.5,1,75.0,41.5,47.0,41.5,2.0,885.0,5
2023-05-11 14:15:11,rb2311C4100,rb2311C4100,47.0,0.0,0.0,0.0,1,44.5,48.5,1,75.0,41.5,47.0,41.5,2.0,885.0,5
2023-05-11 14:15:13,rb2311C4100,rb2311C4100,47.0,0.0,0.0,0.0,1,44.5,48.5,1,75.0,41.5,47.0,41.5,2.0,885.0,5
2023-05-11 14:15:15,rb2311C4100,rb2311C4100,47.0,0.0,0.0,0.0,1,44.5,48.5,1,75.0,41.5,47.0,41.5,2.0,885.0,5
2023-05-11 14:15:17,rb2311C4100,rb2311C4100,47.0,0.0,0.0,0.0,0,0.0,0.0,0,75.0,41.5,47.0,41.5,2.0,885.0,5
2023-05-11 15:18:18,rb2311C4100,rb2311C4100,47.0,0.0,0.0,0.0,0,0.0,0.0,0,75.0,41.5,47.0,41.5,2.0,885.0,5
