time,symbol_id,symbol_name,last,trade_volume,trade_amount,open_interest_change,bv1,bp1,ap1,av1,yesterday_close,today_open,today_high,today_low,volume,amount,open_interest
2023-05-10 21:00:31,rb2311C3800,rb2311C3800,161.0,0.0,0.0,0.0,1,2.5,0.0,0,161.0,0.0,0.0,0.0,0.0,0.0,0
2023-05-10 21:01:37,rb2311C3800,rb2311C3800,161.0,0.0,0.0,0.0,1,3.0,0.0,0,161.0,0.0,0.0,0.0,0.0,0.0,0
2023-05-10 21:03:02,rb2311C3800,rb2311C3800,161.0,0.0,0.0,0.0,1,3.5,0.0,0,161.0,0.0,0.0,0.0,0.0,0.0,0
2023-05-10 21:03:10,rb2311C3800,rb2311C3800,161.0,0.0,0.0,0.0,1,4.0,0.0,0,161.0,0.0,0.0,0.0,0.0,0.0,0
2023-05-10 21:08:11,rb2311C3800,rb2311C3800,161.0,0.0,0.0,0.0,1,4.0,0.0,0,161.0,0.0,0.0,0.0,0.0,0.0,0
2023-05-10 21:33:37,rb2311C3800,rb2311C3800,161.0,0.0,0.0,0.0,1,4.5,0.0,0,161.0,0.0,0.0,0.0,0.0,0.0,0
2023-05-10 21:33:38,rb2311C3800,rb2311C3800,161.0,0.0,0.0,0.0,1,11.0,0.0,0,161.0,0.0,0.0,0.0,0.0,0.0,0
2023-05-10 22:00:54,rb2311C3800,rb2311C3800,161.0,0.0,0.0,0.0,1,11.0,0.0,0,161.0,0.0,0.0,0.0,0.0,0.0,0
2023-05-10 22:07:01,rb2311C3800,rb2311C3800,161.0,0.0,0.0,0.0,1,11.5,0.0,0,161.0,0.0,0.0,0.0,0.0,0.0,0
2023-05-10 22:07:02,rb2311C3800,rb2311C3800,161.0,0.0,0.0,0.0,1,18.0,0.0,0,161.0,0.0,0.0,0.0,0.0,0.0,0
2023-05-10 22:26:03,rb2311C3800,rb2311C3800,161.0,0.0,0.0,0.0,1,18.0,0.0,0,161.0,0.0,0.0,0.0,0.0,0.0,0
2023-05-10 22:41:18,rb2311C3800,rb2311C3800,161.0,0.0,0.0,0.0,1,18.5,0.0,0,161.0,0.0,0.0,0.0,0.0,0.0,0
2023-05-10 22:41:19,rb2311C3800,rb2311C3800,161.0,0.0,0.0,0.0,1,18.5,0.0,0,161.0,0.0,0.0,0.0,0.0,0.0,0
2023-05-10 22:41:19,rb2311C3800,rb2311C3800,161.0,0.0,0.0,0.0,1,25.0,0.0,0,161.0,0.0,0.0,0.0,0.0,0.0,0
2023-05-10 22:49:30,rb2311C3800,rb2311C3800,161.0,0.0,0.0,0.0,1,25.0,0.0,0,161.0,0.0,0.0,0.0,0.0,0.0,0
2023-05-10 22:57:07,rb2311C3800,rb2311C3800,161.0,0.0,0.0,0.0,1,18.5,0.0,0,161.0,0.0,0.0,0.0,0.0,0.0,0
2023-05-10 22:58:48,rb2311C3800,rb2311C3800,161.0,0.0,0.0,0.0,1,18.5,0.0,0,161.0,0.0,0.0,0.0,0.0,0.0,0
2023-05-10 22:58:55,rb2311C3800,rb2311C3800,161.0,0.0,0.0,0.0,1,18.5,0.0,0,161.0,0.0,0.0,0.0,0.0,0.0,0
2023-05-11 09:01:37,rb2311C3800,rb2311C3800,161.0,0.0,0.0,0.0,1,19.0,0.0,0,161.0,0.0,0.0,0.0,0.0,0.0,0
2023-05-11 09:02:32,rb2311C3800,rb2311C3800,161.0,0.0,0.0,0.0,1,19.5,0.0,0,161.0,0.0,0.0,0.0,0.0,0.0,0
2023-05-11 09:02:36,rb2311C3800,rb2311C3800,161.0,0.0,0.0,0.0,1,19.5,0.0,0,161.0,0.0,0.0,0.0,0.0,0.0,0
2023-05-11 09:02:36,rb2311C3800,rb2311C3800,161.0,0.0,0.0,0.0,1,20.0,0.0,0,161.0,0.0,0.0,0.0,0.0,0.0,0
2023-05-11 09:05:11,rb2311C3800,rb2311C3800,161.0,0.0,0.0,0.0,1,20.0,0.0,0,161.0,0.0,0.0,0.0,0.0,0.0,0
2023-05-11 09:21:28,rb2311C3800,rb2311C3800,161.0,0.0,0.0,0.0,1,20.0,0.0,0,161.0,0.0,0.0,0.0,0.0,0.0,0
2023-05-11 10:04:11,rb2311C3800,rb2311C3800,161.0,0.0,0.0,0.0,1,20.5,0.0,0,161.0,0.0,0.0,0.0,0.0,0.0,0
2023-05-11 10:04:12,rb2311C3800,rb2311C3800,161.0,0.0,0.0,0.0,1,27.0,0.0,0,161.0,0.0,0.0,0.0,0.0,0.0,0
2023-05-11 10:05:01,rb2311C3800,rb2311C3800,161.0,0.0,0.0,0.0,1,27.0,0.0,0,161.0,0.0,0.0,0.0,0.0,0.0,0
2023-05-11 10:12:10,rb2311C3800,rb2311C3800,161.0,0.0,0.0,0.0,1,20.5,0.0,0,161.0,0.0,0.0,0.0,0.0,0.0,0
2023-05-11 10:30:28,rb2311C3800,rb2311C3800,161.0,0.0,0.0,0.0,1,21.0,0.0,0,161.0,0.0,0.0,0.0,0.0,0.0,0
2023-05-11 10:39:43,rb2311C3800,rb2311C3800,161.0,0.0,0.0,0.0,1,21.5,0.0,0,161.0,0.0,0.0,0.0,0.0,0.0,0
2023-05-11 10:39:44,rb2311C3800,rb2311C3800,161.0,0.0,0.0,0.0,1,28.0,0.0,0,161.0,0.0,0.0,0.0,0.0,0.0,0
2023-05-11 10:41:37,rb2311C3800,rb2311C3800,161.0,0.0,0.0,0.0,1,28.0,0.0,0,161.0,0.0,0.0,0.0,0.0,0.0,0
2023-05-11 10:49:15,rb2311C3800,rb2311C3800,161.0,0.0,0.0,0.0,1,99.0,108.5,1,161.0,0.0,0.0,0.0,0.0,0.0,0
2023-05-11 10:49:16,rb2311C3800,rb2311C3800,161.0,0.0,0.0,0.0,1,99.0,108.5,1,161.0,0.0,0.0,0.0,0.0,0.0,0
2023-05-11 10:49:16,rb2311C3800,rb2311C3800,161.0,0.0,0.0,0.0,2,99.0,108.5,2,161.0,0.0,0.0,0.0,0.0,0.0,0
2023-05-11 10:49:24,rb2311C3800,rb2311C3800,161.0,0.0,0.0,0.0,1,100.5,104.5,1,161.0,0.0,0.0,0.0,0.0,0.0,0
2023-05-11 10:49:24,rb2311C3800,rb2311C3800,161.0,0.0,0.0,0.0,1,100.5,104.5,1,161.0,0.0,0.0,0.0,0.0,0.0,0
2023-05-11 10:49:25,rb2311C3800,rb2311C3800,161.0,0.0,0.0,0.0,1,100.5,104.5,1,161.0,0.0,0.0,0.0,0.0,0.0,0
2023-05-11 10:49:26,rb2311C3800,rb2311C3800,161.0,0.0,0.0,0.0,1,100.5,104.5,1,161.0,0.0,0.0,0.0,0.0,0.0,0
2023-05-11 10:49:27,rb2311C3800,rb2311C3800,161.0,0.0,0.0,0.0,1,100.5,104.5,1,161.0,0.0,0.0,0.0,0.0,0.0,0
2023-05-11 10:49:28,rb2311C3800,rb2311C3800,161.0,0.0,0.0,0.0,1,100.5,104.5,1,161.0,0.0,0.0,0.0,0.0,0.0,0
2023-05-11 10:49:29,rb2311C3800,rb2311C3800,161.0,0.0,0.0,0.0,1,100.5,104.5,1,161.0,0.0,0.0,0.0,0.0,0.0,0
2023-05-11 10:49:29,rb2311C3800,rb2311C3800,161.0,0.0,0.0,0.0,1,100.5,104.5,1,161.0,0.0,0.0,0.0,0.0,0.0,0
2023-05-11 10:49:31,rb2311C3800,rb2311C3800,161.0,0.0,0.0,0.0,1,100.5,104.5,1,161.0,0.0,0.0,0.0,0.0,0.0,0
2023-05-11 10:49:33,rb2311C3800,rb2311C3800,161.0,0.0,0.0,0.0,1,100.5,104.5,1,161.0,0.0,0.0,0.0,0.0,0.0,0
2023-05-11 10:49:33,rb2311C3800,rb2311C3800,161.0,0.0,0.0,0.0,1,100.5,104.5,1,161.0,0.0,0.0,0.0,0.0,0.0,0
2023-05-11 10:49:35,rb2311C3800,rb2311C3800,161.0,0.0,0.0,0.0,4,100.0,105.0,4,161.0,0.0,0.0,0.0,0.0,0.0,0
2023-05-11 10:49:36,rb2311C3800,rb2311C3800,161.0,0.0,0.0,0.0,3,100.0,105.0,3,161.0,0.0,0.0,0.0,0.0,0.0,0
2023-05-11 10:49:37,rb2311C3800,rb2311C3800,161.0,0.0,0.0,0.0,3,100.0,105.0,3,161.0,0.0,0.0,0.0,0.0,0.0,0
2023-05-11 10:49:39,rb2311C3800,rb2311C3800,161.0,0.0,0.0,0.0,2,100.0,105.0,2,161.0,0.0,0.0,0.0,0.0,0.0,0
2023-05-11 10:49:40,rb2311C3800,rb2311C3800,161.0,0.0,0.0,0.0,1,100.0,105.0,1,161.0,0.0,0.0,0.0,0.0,0.0,0
2023-05-11 10:49:43,rb2311C3800,rb2311C3800,161.0,0.0,0.0,0.0,1,99.5,105.5,1,161.0,0.0,0.0,0.0,0.0,0.0,0
2023-05-11 10:49:46,rb2311C3800,rb2311C3800,161.0,0.0,0.0,0.0,1,21.5,0.0,0,161.0,0.0,0.0,0.0,0.0,0.0,0
2023-05-11 10:49:47,rb2311C3800,rb2311C3800,161.0,0.0,0.0,0.0,1,22.0,0.0,0,161.0,0.0,0.0,0.0,0.0,0.0,0
2023-05-11 11:14:56,rb2311C3800,rb2311C3800,161.0,0.0,0.0,0.0,1,22.5,0.0,0,161.0,0.0,0.0,0.0,0.0,0.0,0
2023-05-11 11:14:57,rb2311C3800,rb2311C3800,161.0,0.0,0.0,0.0,1,29.0,0.0,0,161.0,0.0,0.0,0.0,0.0,0.0,0
2023-05-11 11:15:43,rb2311C3800,rb2311C3800,161.0,0.0,0.0,0.0,1,29.0,0.0,0,161.0,0.0,0.0,0.0,0.0,0.0,0
2023-05-11 11:27:05,rb2311C3800,rb2311C3800,161.0,0.0,0.0,0.0,1,22.5,0.0,0,161.0,0.0,0.0,0.0,0.0,0.0,0
2023-05-11 11:29:48,rb2311C3800,rb2311C3800,161.0,0.0,0.0,0.0,10,3.5,0.0,0,161.0,0.0,0.0,0.0,0.0,0.0,0
2023-05-11 13:31:32,rb2311C3800,rb2311C3800,161.0,0.0,0.0,0.0,1,4.0,0.0,0,161.0,0.0,0.0,0.0,0.0,0.0,0
2023-05-11 13:57:34,rb2311C3800,rb2311C3800,161.0,0.0,0.0,0.0,1,4.5,0.0,0,161.0,0.0,0.0,0.0,0.0,0.0,0
2023-05-11 13:57:35,rb2311C3800,rb2311C3800,161.0,0.0,0.0,0.0,1,4.5,0.0,0,161.0,0.0,0.0,0.0,0.0,0.0,0
2023-05-11 13:57:35,rb2311C3800,rb2311C3800,161.0,0.0,0.0,0.0,1,11.0,0.0,0,161.0,0.0,0.0,0.0,0.0,0.0,0
2023-05-11 14:14:47,rb2311C3800,rb2311C3800,161.0,0.0,0.0,0.0,1,109.5,123.5,1,161.0,0.0,0.0,0.0,0.0,0.0,0
2023-05-11 14:14:48,rb2311C3800,rb2311C3800,161.0,0.0,0.0,0.0,1,109.5,123.5,1,161.0,0.0,0.0,0.0,0.0,0.0,0
2023-05-11 14:14:48,rb2311C3800,rb2311C3800,161.0,0.0,0.0,0.0,2,109.5,123.5,2,161.0,0.0,0.0,0.0,0.0,0.0,0
2023-05-11 14:14:57,rb2311C3800,rb2311C3800,161.0,0.0,0.0,0.0,3,109.5,123.5,3,161.0,0.0,0.0,0.0,0.0,0.0,0
2023-05-11 14:14:57,rb2311C3800,rb2311C3800,161.0,0.0,0.0,0.0,4,109.5,123.5,4,161.0,0.0,0.0,0.0,0.0,0.0,0
2023-05-11 14:14:58,rb2311C3800,rb2311C3800,161.0,0.0,0.0,0.0,1,112.0,117.0,1,161.0,0.0,0.0,0.0,0.0,0.0,0
2023-05-11 14:14:58,rb2311C3800,rb2311C3800,161.0,0.0,0.0,0.0,1,112.0,117.0,1,161.0,0.0,0.0,0.0,0.0,0.0,0
2023-05-11 14:14:59,rb2311C3800,rb2311C3800,161.0,0.0,0.0,0.0,1,112.0,117.0,1,161.0,0.0,0.0,0.0,0.0,0.0,0
2023-05-11 14:15:00,rb2311C3800,rb2311C3800,161.0,0.0,0.0,0.0,1,112.0,117.0,1,161.0,0.0,0.0,0.0,0.0,0.0,0
2023-05-11 14:15:03,rb2311C3800,rb2311C3800,161.0,0.0,0.0,0.0,1,112.0,117.0,1,161.0,0.0,0.0,0.0,0.0,0.0,0
2023-05-11 14:15:04,rb2311C3800,rb2311C3800,161.0,0.0,0.0,0.0,1,113.0,117.0,1,161.0,0.0,0.0,0.0,0.0,0.0,0
2023-05-11 14:15:04,rb2311C3800,rb2311C3800,161.0,0.0,0.0,0.0,1,113.0,117.0,1,161.0,0.0,0.0,0.0,0.0,0.0,0
2023-05-11 14:15:05,rb2311C3800,rb2311C3800,161.0,0.0,0.0,0.0,1,113.0,117.0,1,161.0,0.0,0.0,0.0,0.0,0.0,0
2023-05-11 14:15:09,rb2311C3800,rb2311C3800,161.0,0.0,0.0,0.0,1,113.0,117.5,3,161.0,0.0,0.0,0.0,0.0,0.0,0
2023-05-11 14:15:09,rb2311C3800,rb2311C3800,161.0,0.0,0.0,0.0,1,113.0,117.5,3,161.0,0.0,0.0,0.0,0.0,0.0,0
2023-05-11 14:15:10,rb2311C3800,rb2311C3800,161.0,0.0,0.0,0.0,1,113.0,117.5,3,161.0,0.0,0.0,0.0,0.0,0.0,0
2023-05-11 14:15:10,rb2311C3800,rb2311C3800,161.0,0.0,0.0,0.0,1,113.0,117.5,2,161.0,0.0,0.0,0.0,0.0,0.0,0
2023-05-11 14:15:11,rb2311C3800,rb2311C3800,161.0,0.0,0.0,0.0,1,113.0,117.5,1,161.0,0.0,0.0,0.0,0.0,0.0,0
2023-05-11 14:15:15,rb2311C3800,rb2311C3800,161.0,0.0,0.0,0.0,1,111.5,118.5,1,161.0,0.0,0.0,0.0,0.0,0.0,0
2023-05-11 14:15:17,rb2311C3800,rb2311C3800,161.0,0.0,0.0,0.0,1,4.5,0.0,0,161.0,0.0,0.0,0.0,0.0,0.0,0
2023-05-11 14:15:18,rb2311C3800,rb2311C3800,161.0,0.0,0.0,0.0,1,5.0,0.0,0,161.0,0.0,0.0,0.0,0.0,0.0,0
2023-05-11 14:32:02,rb2311C3800,rb2311C3800,161.0,0.0,0.0,0.0,1,5.5,0.0,0,161.0,0.0,0.0,0.0,0.0,0.0,0
2023-05-11 14:32:03,rb2311C3800,rb2311C3800,161.0,0.0,0.0,0.0,1,12.0,0.0,0,161.0,0.0,0.0,0.0,0.0,0.0,0
2023-05-11 14:32:15,rb2311C3800,rb2311C3800,161.0,0.0,0.0,0.0,1,12.0,0.0,0,161.0,0.0,0.0,0.0,0.0,0.0,0
2023-05-11 15:18:18,rb2311C3800,rb2311C3800,161.0,0.0,0.0,0.0,1,12.0,0.0,0,161.0,0.0,0.0,0.0,0.0,0.0,0
