time,symbol_id,symbol_name,last,trade_volume,trade_amount,open_interest_change,bv1,bp1,ap1,av1,yesterday_close,today_open,today_high,today_low,volume,amount,open_interest
2023-05-10 21:01:38,rb2311C3950,rb2311C3950,111.5,0.0,0.0,0.0,1,1.0,0.0,0,111.5,0.0,0.0,0.0,0.0,0.0,0
2023-05-10 21:01:38,rb2311C3950,rb2311C3950,111.5,0.0,0.0,0.0,4,1.5,0.0,0,111.5,0.0,0.0,0.0,0.0,0.0,0
2023-05-10 21:02:12,rb2311C3950,rb2311C3950,111.5,0.0,0.0,0.0,1,2.0,0.0,0,111.5,0.0,0.0,0.0,0.0,0.0,0
2023-05-10 21:02:12,rb2311C3950,rb2311C3950,111.5,0.0,0.0,0.0,1,2.0,0.0,0,111.5,0.0,0.0,0.0,0.0,0.0,0
2023-05-10 21:02:13,rb2311C3950,rb2311C3950,111.5,0.0,0.0,0.0,4,2.5,0.0,0,111.5,0.0,0.0,0.0,0.0,0.0,0
2023-05-10 21:02:15,rb2311C3950,rb2311C3950,111.5,0.0,0.0,0.0,1,3.0,0.0,0,111.5,0.0,0.0,0.0,0.0,0.0,0
2023-05-10 21:02:16,rb2311C3950,rb2311C3950,111.5,0.0,0.0,0.0,1,3.0,0.0,0,111.5,0.0,0.0,0.0,0.0,0.0,0
2023-05-10 21:02:16,rb2311C3950,rb2311C3950,111.5,0.0,0.0,0.0,4,3.5,0.0,0,111.5,0.0,0.0,0.0,0.0,0.0,0
2023-05-10 21:02:18,rb2311C3950,rb2311C3950,111.5,0.0,0.0,0.0,4,3.5,0.0,0,111.5,0.0,0.0,0.0,0.0,0.0,0
2023-05-10 21:02:19,rb2311C3950,rb2311C3950,111.5,0.0,0.0,0.0,1,4.0,0.0,0,111.5,0.0,0.0,0.0,0.0,0.0,0
2023-05-10 21:02:19,rb2311C3950,rb2311C3950,111.5,0.0,0.0,0.0,1,4.0,0.0,0,111.5,0.0,0.0,0.0,0.0,0.0,0
2023-05-10 21:02:20,rb2311C3950,rb2311C3950,111.5,0.0,0.0,0.0,4,4.5,0.0,0,111.5,0.0,0.0,0.0,0.0,0.0,0
2023-05-10 21:02:22,rb2311C3950,rb2311C3950,111.5,0.0,0.0,0.0,4,4.5,0.0,0,111.5,0.0,0.0,0.0,0.0,0.0,0
2023-05-10 21:02:23,rb2311C3950,rb2311C3950,111.5,0.0,0.0,0.0,1,5.0,0.0,0,111.5,0.0,0.0,0.0,0.0,0.0,0
2023-05-10 21:02:23,rb2311C3950,rb2311C3950,111.5,0.0,0.0,0.0,1,5.0,0.0,0,111.5,0.0,0.0,0.0,0.0,0.0,0
2023-05-10 21:02:24,rb2311C3950,rb2311C3950,111.5,0.0,0.0,0.0,4,5.5,0.0,0,111.5,0.0,0.0,0.0,0.0,0.0,0
2023-05-10 21:02:25,rb2311C3950,rb2311C3950,111.5,0.0,0.0,0.0,1,6.0,0.0,0,111.5,0.0,0.0,0.0,0.0,0.0,0
2023-05-10 21:02:26,rb2311C3950,rb2311C3950,111.5,0.0,0.0,0.0,1,6.0,0.0,0,111.5,0.0,0.0,0.0,0.0,0.0,0
2023-05-10 21:02:26,rb2311C3950,rb2311C3950,111.5,0.0,0.0,0.0,4,6.5,0.0,0,111.5,0.0,0.0,0.0,0.0,0.0,0
2023-05-10 21:02:27,rb2311C3950,rb2311C3950,111.5,0.0,0.0,0.0,1,7.0,0.0,0,111.5,0.0,0.0,0.0,0.0,0.0,0
2023-05-10 21:02:28,rb2311C3950,rb2311C3950,111.5,0.0,0.0,0.0,1,7.0,0.0,0,111.5,0.0,0.0,0.0,0.0,0.0,0
2023-05-10 21:02:28,rb2311C3950,rb2311C3950,111.5,0.0,0.0,0.0,4,7.5,0.0,0,111.5,0.0,0.0,0.0,0.0,0.0,0
2023-05-10 21:02:29,rb2311C3950,rb2311C3950,111.5,0.0,0.0,0.0,1,8.0,0.0,0,111.5,0.0,0.0,0.0,0.0,0.0,0
2023-05-10 21:02:30,rb2311C3950,rb2311C3950,111.5,0.0,0.0,0.0,1,8.0,0.0,0,111.5,0.0,0.0,0.0,0.0,0.0,0
2023-05-10 21:02:30,rb2311C3950,rb2311C3950,111.5,0.0,0.0,0.0,4,8.5,0.0,0,111.5,0.0,0.0,0.0,0.0,0.0,0
2023-05-10 21:02:31,rb2311C3950,rb2311C3950,111.5,0.0,0.0,0.0,1,9.0,0.0,0,111.5,0.0,0.0,0.0,0.0,0.0,0
2023-05-10 21:02:32,rb2311C3950,rb2311C3950,111.5,0.0,0.0,0.0,1,9.0,0.0,0,111.5,0.0,0.0,0.0,0.0,0.0,0
2023-05-10 21:02:32,rb2311C3950,rb2311C3950,111.5,0.0,0.0,0.0,4,9.5,0.0,0,111.5,0.0,0.0,0.0,0.0,0.0,0
2023-05-10 21:02:34,rb2311C3950,rb2311C3950,111.5,0.0,0.0,0.0,4,9.5,0.0,0,111.5,0.0,0.0,0.0,0.0,0.0,0
2023-05-10 21:02:35,rb2311C3950,rb2311C3950,111.5,0.0,0.0,0.0,1,10.0,0.0,0,111.5,0.0,0.0,0.0,0.0,0.0,0
2023-05-10 21:02:35,rb2311C3950,rb2311C3950,111.5,0.0,0.0,0.0,1,10.0,0.0,0,111.5,0.0,0.0,0.0,0.0,0.0,0
2023-05-10 21:02:36,rb2311C3950,rb2311C3950,111.5,0.0,0.0,0.0,4,10.5,0.0,0,111.5,0.0,0.0,0.0,0.0,0.0,0
2023-05-10 21:02:36,rb2311C3950,rb2311C3950,111.5,0.0,0.0,0.0,4,10.5,0.0,0,111.5,0.0,0.0,0.0,0.0,0.0,0
2023-05-10 21:02:37,rb2311C3950,rb2311C3950,111.5,0.0,0.0,0.0,1,11.0,0.0,0,111.5,0.0,0.0,0.0,0.0,0.0,0
2023-05-10 21:02:37,rb2311C3950,rb2311C3950,111.5,0.0,0.0,0.0,1,11.0,0.0,0,111.5,0.0,0.0,0.0,0.0,0.0,0
2023-05-10 21:02:38,rb2311C3950,rb2311C3950,111.5,0.0,0.0,0.0,4,11.5,0.0,0,111.5,0.0,0.0,0.0,0.0,0.0,0
2023-05-10 21:02:39,rb2311C3950,rb2311C3950,111.5,0.0,0.0,0.0,4,11.5,0.0,0,111.5,0.0,0.0,0.0,0.0,0.0,0
2023-05-10 21:02:39,rb2311C3950,rb2311C3950,111.5,0.0,0.0,0.0,1,12.0,0.0,0,111.5,0.0,0.0,0.0,0.0,0.0,0
2023-05-10 21:02:40,rb2311C3950,rb2311C3950,111.5,0.0,0.0,0.0,1,12.0,0.0,0,111.5,0.0,0.0,0.0,0.0,0.0,0
2023-05-10 21:02:40,rb2311C3950,rb2311C3950,111.5,0.0,0.0,0.0,4,12.5,0.0,0,111.5,0.0,0.0,0.0,0.0,0.0,0
2023-05-10 21:02:41,rb2311C3950,rb2311C3950,111.5,0.0,0.0,0.0,4,12.5,0.0,0,111.5,0.0,0.0,0.0,0.0,0.0,0
2023-05-10 21:02:42,rb2311C3950,rb2311C3950,111.5,0.0,0.0,0.0,1,13.0,0.0,0,111.5,0.0,0.0,0.0,0.0,0.0,0
2023-05-10 21:02:42,rb2311C3950,rb2311C3950,111.5,0.0,0.0,0.0,1,13.0,0.0,0,111.5,0.0,0.0,0.0,0.0,0.0,0
2023-05-10 21:02:43,rb2311C3950,rb2311C3950,111.5,0.0,0.0,0.0,4,13.5,0.0,0,111.5,0.0,0.0,0.0,0.0,0.0,0
2023-05-10 21:02:43,rb2311C3950,rb2311C3950,111.5,0.0,0.0,0.0,4,13.5,0.0,0,111.5,0.0,0.0,0.0,0.0,0.0,0
2023-05-10 21:02:44,rb2311C3950,rb2311C3950,111.5,0.0,0.0,0.0,1,14.0,0.0,0,111.5,0.0,0.0,0.0,0.0,0.0,0
2023-05-10 21:02:44,rb2311C3950,rb2311C3950,111.5,0.0,0.0,0.0,1,14.0,0.0,0,111.5,0.0,0.0,0.0,0.0,0.0,0
2023-05-10 21:02:45,rb2311C3950,rb2311C3950,111.5,0.0,0.0,0.0,4,14.5,0.0,0,111.5,0.0,0.0,0.0,0.0,0.0,0
2023-05-10 21:02:45,rb2311C3950,rb2311C3950,111.5,0.0,0.0,0.0,4,14.5,0.0,0,111.5,0.0,0.0,0.0,0.0,0.0,0
2023-05-10 21:02:46,rb2311C3950,rb2311C3950,111.5,0.0,0.0,0.0,1,15.0,0.0,0,111.5,0.0,0.0,0.0,0.0,0.0,0
2023-05-10 21:02:46,rb2311C3950,rb2311C3950,111.5,0.0,0.0,0.0,1,15.0,0.0,0,111.5,0.0,0.0,0.0,0.0,0.0,0
2023-05-10 21:02:47,rb2311C3950,rb2311C3950,111.5,0.0,0.0,0.0,4,15.5,0.0,0,111.5,0.0,0.0,0.0,0.0,0.0,0
2023-05-10 21:02:48,rb2311C3950,rb2311C3950,111.5,0.0,0.0,0.0,1,16.0,0.0,0,111.5,0.0,0.0,0.0,0.0,0.0,0
2023-05-10 21:02:48,rb2311C3950,rb2311C3950,111.5,0.0,0.0,0.0,1,16.0,0.0,0,111.5,0.0,0.0,0.0,0.0,0.0,0
2023-05-10 21:02:49,rb2311C3950,rb2311C3950,111.5,0.0,0.0,0.0,4,16.5,0.0,0,111.5,0.0,0.0,0.0,0.0,0.0,0
2023-05-10 21:02:50,rb2311C3950,rb2311C3950,111.5,0.0,0.0,0.0,1,17.0,0.0,0,111.5,0.0,0.0,0.0,0.0,0.0,0
2023-05-10 21:02:51,rb2311C3950,rb2311C3950,111.5,0.0,0.0,0.0,1,17.0,0.0,0,111.5,0.0,0.0,0.0,0.0,0.0,0
2023-05-10 21:02:51,rb2311C3950,rb2311C3950,111.5,0.0,0.0,0.0,4,17.5,0.0,0,111.5,0.0,0.0,0.0,0.0,0.0,0
2023-05-10 21:02:52,rb2311C3950,rb2311C3950,111.5,0.0,0.0,0.0,4,17.5,0.0,0,111.5,0.0,0.0,0.0,0.0,0.0,0
2023-05-10 21:02:52,rb2311C3950,rb2311C3950,111.5,0.0,0.0,0.0,1,18.0,0.0,0,111.5,0.0,0.0,0.0,0.0,0.0,0
2023-05-10 21:02:53,rb2311C3950,rb2311C3950,111.5,0.0,0.0,0.0,1,18.0,0.0,0,111.5,0.0,0.0,0.0,0.0,0.0,0
2023-05-10 21:02:53,rb2311C3950,rb2311C3950,111.5,0.0,0.0,0.0,4,18.5,0.0,0,111.5,0.0,0.0,0.0,0.0,0.0,0
2023-05-10 21:02:54,rb2311C3950,rb2311C3950,111.5,0.0,0.0,0.0,4,18.5,0.0,0,111.5,0.0,0.0,0.0,0.0,0.0,0
2023-05-10 21:02:55,rb2311C3950,rb2311C3950,111.5,0.0,0.0,0.0,1,19.0,0.0,0,111.5,0.0,0.0,0.0,0.0,0.0,0
2023-05-10 21:02:55,rb2311C3950,rb2311C3950,111.5,0.0,0.0,0.0,1,19.0,0.0,0,111.5,0.0,0.0,0.0,0.0,0.0,0
2023-05-10 21:02:56,rb2311C3950,rb2311C3950,111.5,0.0,0.0,0.0,4,19.5,0.0,0,111.5,0.0,0.0,0.0,0.0,0.0,0
2023-05-10 21:02:57,rb2311C3950,rb2311C3950,111.5,0.0,0.0,0.0,4,19.5,0.0,0,111.5,0.0,0.0,0.0,0.0,0.0,0
2023-05-10 21:02:58,rb2311C3950,rb2311C3950,111.5,0.0,0.0,0.0,1,20.0,0.0,0,111.5,0.0,0.0,0.0,0.0,0.0,0
2023-05-10 21:02:58,rb2311C3950,rb2311C3950,111.5,0.0,0.0,0.0,1,20.0,0.0,0,111.5,0.0,0.0,0.0,0.0,0.0,0
2023-05-10 21:02:59,rb2311C3950,rb2311C3950,111.5,0.0,0.0,0.0,4,20.5,0.0,0,111.5,0.0,0.0,0.0,0.0,0.0,0
2023-05-10 21:03:00,rb2311C3950,rb2311C3950,111.5,0.0,0.0,0.0,1,21.0,0.0,0,111.5,0.0,0.0,0.0,0.0,0.0,0
2023-05-10 21:03:00,rb2311C3950,rb2311C3950,111.5,0.0,0.0,0.0,1,21.0,0.0,0,111.5,0.0,0.0,0.0,0.0,0.0,0
2023-05-10 21:03:01,rb2311C3950,rb2311C3950,111.5,0.0,0.0,0.0,4,21.5,0.0,0,111.5,0.0,0.0,0.0,0.0,0.0,0
2023-05-10 21:03:02,rb2311C3950,rb2311C3950,111.5,0.0,0.0,0.0,1,22.0,0.0,0,111.5,0.0,0.0,0.0,0.0,0.0,0
2023-05-10 21:03:03,rb2311C3950,rb2311C3950,111.5,0.0,0.0,0.0,1,22.0,0.0,0,111.5,0.0,0.0,0.0,0.0,0.0,0
2023-05-10 21:03:03,rb2311C3950,rb2311C3950,111.5,0.0,0.0,0.0,4,22.5,0.0,0,111.5,0.0,0.0,0.0,0.0,0.0,0
2023-05-10 21:03:10,rb2311C3950,rb2311C3950,111.5,0.0,0.0,0.0,4,22.5,0.0,0,111.5,0.0,0.0,0.0,0.0,0.0,0
2023-05-10 21:03:11,rb2311C3950,rb2311C3950,111.5,0.0,0.0,0.0,1,23.0,0.0,0,111.5,0.0,0.0,0.0,0.0,0.0,0
2023-05-10 21:03:11,rb2311C3950,rb2311C3950,111.5,0.0,0.0,0.0,1,23.0,0.0,0,111.5,0.0,0.0,0.0,0.0,0.0,0
2023-05-10 21:03:12,rb2311C3950,rb2311C3950,111.5,0.0,0.0,0.0,4,23.5,0.0,0,111.5,0.0,0.0,0.0,0.0,0.0,0
2023-05-10 21:03:13,rb2311C3950,rb2311C3950,111.5,0.0,0.0,0.0,1,24.0,0.0,0,111.5,0.0,0.0,0.0,0.0,0.0,0
2023-05-10 21:03:13,rb2311C3950,rb2311C3950,111.5,0.0,0.0,0.0,1,24.0,0.0,0,111.5,0.0,0.0,0.0,0.0,0.0,0
2023-05-10 21:03:14,rb2311C3950,rb2311C3950,111.5,0.0,0.0,0.0,4,24.5,0.0,0,111.5,0.0,0.0,0.0,0.0,0.0,0
2023-05-10 21:03:15,rb2311C3950,rb2311C3950,111.5,0.0,0.0,0.0,1,25.0,0.0,0,111.5,0.0,0.0,0.0,0.0,0.0,0
2023-05-10 21:03:16,rb2311C3950,rb2311C3950,111.5,0.0,0.0,0.0,1,25.0,0.0,0,111.5,0.0,0.0,0.0,0.0,0.0,0
2023-05-10 21:03:16,rb2311C3950,rb2311C3950,111.5,0.0,0.0,0.0,4,25.5,0.0,0,111.5,0.0,0.0,0.0,0.0,0.0,0
2023-05-10 21:03:17,rb2311C3950,rb2311C3950,111.5,0.0,0.0,0.0,4,25.5,0.0,0,111.5,0.0,0.0,0.0,0.0,0.0,0
2023-05-10 21:03:18,rb2311C3950,rb2311C3950,111.5,0.0,0.0,0.0,1,26.0,0.0,0,111.5,0.0,0.0,0.0,0.0,0.0,0
2023-05-10 21:03:18,rb2311C3950,rb2311C3950,111.5,0.0,0.0,0.0,1,26.0,0.0,0,111.5,0.0,0.0,0.0,0.0,0.0,0
2023-05-10 21:03:19,rb2311C3950,rb2311C3950,111.5,0.0,0.0,0.0,4,26.5,0.0,0,111.5,0.0,0.0,0.0,0.0,0.0,0
2023-05-10 21:03:19,rb2311C3950,rb2311C3950,111.5,0.0,0.0,0.0,1,27.0,0.0,0,111.5,0.0,0.0,0.0,0.0,0.0,0
2023-05-10 21:03:20,rb2311C3950,rb2311C3950,111.5,0.0,0.0,0.0,1,27.0,0.0,0,111.5,0.0,0.0,0.0,0.0,0.0,0
2023-05-10 21:03:20,rb2311C3950,rb2311C3950,111.5,0.0,0.0,0.0,4,27.5,0.0,0,111.5,0.0,0.0,0.0,0.0,0.0,0
2023-05-10 21:03:22,rb2311C3950,rb2311C3950,111.5,0.0,0.0,0.0,4,27.5,0.0,0,111.5,0.0,0.0,0.0,0.0,0.0,0
2023-05-10 21:03:22,rb2311C3950,rb2311C3950,111.5,0.0,0.0,0.0,1,28.0,0.0,0,111.5,0.0,0.0,0.0,0.0,0.0,0
2023-05-10 21:03:23,rb2311C3950,rb2311C3950,111.5,0.0,0.0,0.0,1,28.0,0.0,0,111.5,0.0,0.0,0.0,0.0,0.0,0
2023-05-10 21:03:23,rb2311C3950,rb2311C3950,111.5,0.0,0.0,0.0,4,28.5,0.0,0,111.5,0.0,0.0,0.0,0.0,0.0,0
2023-05-10 21:03:25,rb2311C3950,rb2311C3950,111.5,0.0,0.0,0.0,1,29.0,0.0,0,111.5,0.0,0.0,0.0,0.0,0.0,0
2023-05-10 21:03:26,rb2311C3950,rb2311C3950,111.5,0.0,0.0,0.0,1,29.0,0.0,0,111.5,0.0,0.0,0.0,0.0,0.0,0
2023-05-10 21:03:26,rb2311C3950,rb2311C3950,111.5,0.0,0.0,0.0,4,29.5,0.0,0,111.5,0.0,0.0,0.0,0.0,0.0,0
2023-05-10 21:03:27,rb2311C3950,rb2311C3950,111.5,0.0,0.0,0.0,1,30.0,0.0,0,111.5,0.0,0.0,0.0,0.0,0.0,0
2023-05-10 21:03:27,rb2311C3950,rb2311C3950,111.5,0.0,0.0,0.0,1,30.0,0.0,0,111.5,0.0,0.0,0.0,0.0,0.0,0
2023-05-10 21:03:28,rb2311C3950,rb2311C3950,111.5,0.0,0.0,0.0,4,30.5,0.0,0,111.5,0.0,0.0,0.0,0.0,0.0,0
2023-05-10 21:03:29,rb2311C3950,rb2311C3950,111.5,0.0,0.0,0.0,1,31.0,0.0,0,111.5,0.0,0.0,0.0,0.0,0.0,0
2023-05-10 21:03:30,rb2311C3950,rb2311C3950,111.5,0.0,0.0,0.0,1,31.0,0.0,0,111.5,0.0,0.0,0.0,0.0,0.0,0
2023-05-10 21:03:30,rb2311C3950,rb2311C3950,111.5,0.0,0.0,0.0,4,31.5,0.0,0,111.5,0.0,0.0,0.0,0.0,0.0,0
2023-05-10 21:03:37,rb2311C3950,rb2311C3950,111.5,0.0,0.0,0.0,1,32.0,0.0,0,111.5,0.0,0.0,0.0,0.0,0.0,0
2023-05-10 21:03:38,rb2311C3950,rb2311C3950,111.5,0.0,0.0,0.0,1,32.0,0.0,0,111.5,0.0,0.0,0.0,0.0,0.0,0
2023-05-10 21:03:38,rb2311C3950,rb2311C3950,111.5,0.0,0.0,0.0,4,32.5,0.0,0,111.5,0.0,0.0,0.0,0.0,0.0,0
2023-05-10 21:03:48,rb2311C3950,rb2311C3950,111.5,0.0,0.0,0.0,1,33.0,0.0,0,111.5,0.0,0.0,0.0,0.0,0.0,0
2023-05-10 21:03:48,rb2311C3950,rb2311C3950,111.5,0.0,0.0,0.0,1,33.0,0.0,0,111.5,0.0,0.0,0.0,0.0,0.0,0
2023-05-10 21:03:49,rb2311C3950,rb2311C3950,111.5,0.0,0.0,0.0,4,33.5,0.0,0,111.5,0.0,0.0,0.0,0.0,0.0,0
2023-05-10 21:03:50,rb2311C3950,rb2311C3950,111.5,0.0,0.0,0.0,1,34.0,0.0,0,111.5,0.0,0.0,0.0,0.0,0.0,0
2023-05-10 21:03:51,rb2311C3950,rb2311C3950,111.5,0.0,0.0,0.0,1,34.0,0.0,0,111.5,0.0,0.0,0.0,0.0,0.0,0
2023-05-10 21:03:51,rb2311C3950,rb2311C3950,111.5,0.0,0.0,0.0,4,34.5,0.0,0,111.5,0.0,0.0,0.0,0.0,0.0,0
2023-05-10 21:03:54,rb2311C3950,rb2311C3950,111.5,0.0,0.0,0.0,1,35.0,0.0,0,111.5,0.0,0.0,0.0,0.0,0.0,0
2023-05-10 21:03:54,rb2311C3950,rb2311C3950,111.5,0.0,0.0,0.0,1,35.0,0.0,0,111.5,0.0,0.0,0.0,0.0,0.0,0
2023-05-10 21:03:55,rb2311C3950,rb2311C3950,111.5,0.0,0.0,0.0,4,35.5,0.0,0,111.5,0.0,0.0,0.0,0.0,0.0,0
2023-05-10 21:03:56,rb2311C3950,rb2311C3950,111.5,0.0,0.0,0.0,4,35.5,0.0,0,111.5,0.0,0.0,0.0,0.0,0.0,0
2023-05-10 21:03:56,rb2311C3950,rb2311C3950,111.5,0.0,0.0,0.0,1,36.0,0.0,0,111.5,0.0,0.0,0.0,0.0,0.0,0
2023-05-10 21:03:57,rb2311C3950,rb2311C3950,111.5,0.0,0.0,0.0,1,36.0,0.0,0,111.5,0.0,0.0,0.0,0.0,0.0,0
2023-05-10 21:03:57,rb2311C3950,rb2311C3950,111.5,0.0,0.0,0.0,4,36.5,0.0,0,111.5,0.0,0.0,0.0,0.0,0.0,0
2023-05-10 21:03:58,rb2311C3950,rb2311C3950,111.5,0.0,0.0,0.0,1,37.0,0.0,0,111.5,0.0,0.0,0.0,0.0,0.0,0
2023-05-10 21:03:58,rb2311C3950,rb2311C3950,111.5,0.0,0.0,0.0,1,37.0,0.0,0,111.5,0.0,0.0,0.0,0.0,0.0,0
2023-05-10 21:03:59,rb2311C3950,rb2311C3950,111.5,0.0,0.0,0.0,4,37.5,0.0,0,111.5,0.0,0.0,0.0,0.0,0.0,0
2023-05-10 21:03:59,rb2311C3950,rb2311C3950,111.5,0.0,0.0,0.0,4,37.5,0.0,0,111.5,0.0,0.0,0.0,0.0,0.0,0
2023-05-10 21:04:00,rb2311C3950,rb2311C3950,111.5,0.0,0.0,0.0,1,38.0,0.0,0,111.5,0.0,0.0,0.0,0.0,0.0,0
2023-05-10 21:04:00,rb2311C3950,rb2311C3950,111.5,0.0,0.0,0.0,1,38.0,0.0,0,111.5,0.0,0.0,0.0,0.0,0.0,0
2023-05-10 21:04:01,rb2311C3950,rb2311C3950,111.5,0.0,0.0,0.0,4,38.5,0.0,0,111.5,0.0,0.0,0.0,0.0,0.0,0
2023-05-10 21:04:01,rb2311C3950,rb2311C3950,111.5,0.0,0.0,0.0,4,38.5,0.0,0,111.5,0.0,0.0,0.0,0.0,0.0,0
2023-05-10 21:04:02,rb2311C3950,rb2311C3950,111.5,0.0,0.0,0.0,1,39.0,0.0,0,111.5,0.0,0.0,0.0,0.0,0.0,0
2023-05-10 21:04:02,rb2311C3950,rb2311C3950,111.5,0.0,0.0,0.0,1,39.0,0.0,0,111.5,0.0,0.0,0.0,0.0,0.0,0
2023-05-10 21:04:03,rb2311C3950,rb2311C3950,111.5,0.0,0.0,0.0,4,39.5,0.0,0,111.5,0.0,0.0,0.0,0.0,0.0,0
2023-05-10 21:04:03,rb2311C3950,rb2311C3950,111.5,0.0,0.0,0.0,4,39.5,0.0,0,111.5,0.0,0.0,0.0,0.0,0.0,0
2023-05-10 21:04:04,rb2311C3950,rb2311C3950,111.5,0.0,0.0,0.0,1,40.0,0.0,0,111.5,0.0,0.0,0.0,0.0,0.0,0
2023-05-10 21:04:04,rb2311C3950,rb2311C3950,111.5,0.0,0.0,0.0,1,40.0,0.0,0,111.5,0.0,0.0,0.0,0.0,0.0,0
2023-05-10 21:04:05,rb2311C3950,rb2311C3950,111.5,0.0,0.0,0.0,4,40.5,0.0,0,111.5,0.0,0.0,0.0,0.0,0.0,0
2023-05-10 21:04:05,rb2311C3950,rb2311C3950,111.5,0.0,0.0,0.0,4,40.5,0.0,0,111.5,0.0,0.0,0.0,0.0,0.0,0
2023-05-10 21:04:06,rb2311C3950,rb2311C3950,111.5,0.0,0.0,0.0,1,41.0,0.0,0,111.5,0.0,0.0,0.0,0.0,0.0,0
2023-05-10 21:04:06,rb2311C3950,rb2311C3950,111.5,0.0,0.0,0.0,1,41.0,0.0,0,111.5,0.0,0.0,0.0,0.0,0.0,0
2023-05-10 21:04:07,rb2311C3950,rb2311C3950,111.5,0.0,0.0,0.0,4,41.5,0.0,0,111.5,0.0,0.0,0.0,0.0,0.0,0
2023-05-10 21:04:07,rb2311C3950,rb2311C3950,111.5,0.0,0.0,0.0,4,41.5,0.0,0,111.5,0.0,0.0,0.0,0.0,0.0,0
2023-05-10 21:04:08,rb2311C3950,rb2311C3950,111.5,0.0,0.0,0.0,1,42.0,0.0,0,111.5,0.0,0.0,0.0,0.0,0.0,0
2023-05-10 21:04:08,rb2311C3950,rb2311C3950,111.5,0.0,0.0,0.0,1,42.0,0.0,0,111.5,0.0,0.0,0.0,0.0,0.0,0
2023-05-10 21:04:09,rb2311C3950,rb2311C3950,111.5,0.0,0.0,0.0,4,42.5,0.0,0,111.5,0.0,0.0,0.0,0.0,0.0,0
2023-05-10 21:04:10,rb2311C3950,rb2311C3950,111.5,0.0,0.0,0.0,1,43.0,0.0,0,111.5,0.0,0.0,0.0,0.0,0.0,0
2023-05-10 21:04:10,rb2311C3950,rb2311C3950,111.5,0.0,0.0,0.0,1,43.0,0.0,0,111.5,0.0,0.0,0.0,0.0,0.0,0
2023-05-10 21:04:11,rb2311C3950,rb2311C3950,111.5,0.0,0.0,0.0,4,43.5,0.0,0,111.5,0.0,0.0,0.0,0.0,0.0,0
2023-05-10 21:04:12,rb2311C3950,rb2311C3950,111.5,0.0,0.0,0.0,1,44.0,0.0,0,111.5,0.0,0.0,0.0,0.0,0.0,0
2023-05-10 21:04:12,rb2311C3950,rb2311C3950,111.5,0.0,0.0,0.0,1,44.0,0.0,0,111.5,0.0,0.0,0.0,0.0,0.0,0
2023-05-10 21:04:13,rb2311C3950,rb2311C3950,111.5,0.0,0.0,0.0,4,44.5,0.0,0,111.5,0.0,0.0,0.0,0.0,0.0,0
2023-05-10 21:04:13,rb2311C3950,rb2311C3950,111.5,0.0,0.0,0.0,4,44.5,0.0,0,111.5,0.0,0.0,0.0,0.0,0.0,0
2023-05-10 21:04:14,rb2311C3950,rb2311C3950,111.5,0.0,0.0,0.0,1,45.0,0.0,0,111.5,0.0,0.0,0.0,0.0,0.0,0
2023-05-10 21:04:14,rb2311C3950,rb2311C3950,111.5,0.0,0.0,0.0,1,45.0,0.0,0,111.5,0.0,0.0,0.0,0.0,0.0,0
2023-05-10 21:04:15,rb2311C3950,rb2311C3950,111.5,0.0,0.0,0.0,4,45.5,0.0,0,111.5,0.0,0.0,0.0,0.0,0.0,0
2023-05-10 21:04:16,rb2311C3950,rb2311C3950,111.5,0.0,0.0,0.0,4,45.5,0.0,0,111.5,0.0,0.0,0.0,0.0,0.0,0
2023-05-10 21:06:33,rb2311C3950,rb2311C3950,111.5,0.0,0.0,0.0,4,45.5,0.0,0,111.5,0.0,0.0,0.0,0.0,0.0,0
2023-05-10 21:49:13,rb2311C3950,rb2311C3950,111.5,0.0,0.0,0.0,1,22.0,0.0,0,111.5,0.0,0.0,0.0,0.0,0.0,0
2023-05-10 21:49:14,rb2311C3950,rb2311C3950,111.5,0.0,0.0,0.0,1,22.5,0.0,0,111.5,0.0,0.0,0.0,0.0,0.0,0
2023-05-10 21:51:52,rb2311C3950,rb2311C3950,111.5,0.0,0.0,0.0,4,23.0,0.0,0,111.5,0.0,0.0,0.0,0.0,0.0,0
2023-05-10 21:51:52,rb2311C3950,rb2311C3950,111.5,0.0,0.0,0.0,1,23.5,0.0,0,111.5,0.0,0.0,0.0,0.0,0.0,0
2023-05-10 21:51:53,rb2311C3950,rb2311C3950,111.5,0.0,0.0,0.0,1,23.5,0.0,0,111.5,0.0,0.0,0.0,0.0,0.0,0
2023-05-10 21:51:53,rb2311C3950,rb2311C3950,111.5,0.0,0.0,0.0,4,24.0,0.0,0,111.5,0.0,0.0,0.0,0.0,0.0,0
2023-05-10 21:51:54,rb2311C3950,rb2311C3950,111.5,0.0,0.0,0.0,1,24.5,0.0,0,111.5,0.0,0.0,0.0,0.0,0.0,0
2023-05-10 21:51:54,rb2311C3950,rb2311C3950,111.5,0.0,0.0,0.0,1,24.5,0.0,0,111.5,0.0,0.0,0.0,0.0,0.0,0
2023-05-10 21:51:55,rb2311C3950,rb2311C3950,111.5,0.0,0.0,0.0,4,25.0,0.0,0,111.5,0.0,0.0,0.0,0.0,0.0,0
2023-05-10 21:51:55,rb2311C3950,rb2311C3950,111.5,0.0,0.0,0.0,1,25.5,0.0,0,111.5,0.0,0.0,0.0,0.0,0.0,0
2023-05-10 21:51:56,rb2311C3950,rb2311C3950,111.5,0.0,0.0,0.0,1,25.5,0.0,0,111.5,0.0,0.0,0.0,0.0,0.0,0
2023-05-10 21:51:56,rb2311C3950,rb2311C3950,111.5,0.0,0.0,0.0,4,26.0,0.0,0,111.5,0.0,0.0,0.0,0.0,0.0,0
2023-05-10 21:51:57,rb2311C3950,rb2311C3950,111.5,0.0,0.0,0.0,1,26.5,0.0,0,111.5,0.0,0.0,0.0,0.0,0.0,0
2023-05-10 21:51:57,rb2311C3950,rb2311C3950,111.5,0.0,0.0,0.0,1,26.5,0.0,0,111.5,0.0,0.0,0.0,0.0,0.0,0
2023-05-10 21:51:58,rb2311C3950,rb2311C3950,111.5,0.0,0.0,0.0,4,27.0,0.0,0,111.5,0.0,0.0,0.0,0.0,0.0,0
2023-05-10 21:51:58,rb2311C3950,rb2311C3950,111.5,0.0,0.0,0.0,4,27.0,0.0,0,111.5,0.0,0.0,0.0,0.0,0.0,0
2023-05-10 21:51:59,rb2311C3950,rb2311C3950,111.5,0.0,0.0,0.0,1,27.5,0.0,0,111.5,0.0,0.0,0.0,0.0,0.0,0
2023-05-10 21:51:59,rb2311C3950,rb2311C3950,111.5,0.0,0.0,0.0,1,27.5,0.0,0,111.5,0.0,0.0,0.0,0.0,0.0,0
2023-05-10 21:52:00,rb2311C3950,rb2311C3950,111.5,0.0,0.0,0.0,4,28.0,0.0,0,111.5,0.0,0.0,0.0,0.0,0.0,0
2023-05-10 21:52:00,rb2311C3950,rb2311C3950,111.5,0.0,0.0,0.0,1,28.5,0.0,0,111.5,0.0,0.0,0.0,0.0,0.0,0
2023-05-10 21:52:01,rb2311C3950,rb2311C3950,111.5,0.0,0.0,0.0,1,28.5,0.0,0,111.5,0.0,0.0,0.0,0.0,0.0,0
2023-05-10 21:52:01,rb2311C3950,rb2311C3950,111.5,0.0,0.0,0.0,4,29.0,0.0,0,111.5,0.0,0.0,0.0,0.0,0.0,0
2023-05-10 21:52:02,rb2311C3950,rb2311C3950,111.5,0.0,0.0,0.0,1,29.5,0.0,0,111.5,0.0,0.0,0.0,0.0,0.0,0
2023-05-10 21:52:02,rb2311C3950,rb2311C3950,111.5,0.0,0.0,0.0,1,29.5,0.0,0,111.5,0.0,0.0,0.0,0.0,0.0,0
2023-05-10 21:52:03,rb2311C3950,rb2311C3950,111.5,0.0,0.0,0.0,4,30.0,0.0,0,111.5,0.0,0.0,0.0,0.0,0.0,0
2023-05-10 21:52:03,rb2311C3950,rb2311C3950,111.5,0.0,0.0,0.0,1,30.5,0.0,0,111.5,0.0,0.0,0.0,0.0,0.0,0
2023-05-10 21:52:04,rb2311C3950,rb2311C3950,111.5,0.0,0.0,0.0,1,30.5,0.0,0,111.5,0.0,0.0,0.0,0.0,0.0,0
2023-05-10 21:52:04,rb2311C3950,rb2311C3950,111.5,0.0,0.0,0.0,4,31.0,0.0,0,111.5,0.0,0.0,0.0,0.0,0.0,0
2023-05-10 21:52:05,rb2311C3950,rb2311C3950,111.5,0.0,0.0,0.0,1,31.5,0.0,0,111.5,0.0,0.0,0.0,0.0,0.0,0
2023-05-10 21:52:05,rb2311C3950,rb2311C3950,111.5,0.0,0.0,0.0,1,31.5,0.0,0,111.5,0.0,0.0,0.0,0.0,0.0,0
2023-05-10 21:52:06,rb2311C3950,rb2311C3950,111.5,0.0,0.0,0.0,4,32.0,0.0,0,111.5,0.0,0.0,0.0,0.0,0.0,0
2023-05-10 21:52:06,rb2311C3950,rb2311C3950,111.5,0.0,0.0,0.0,1,32.5,0.0,0,111.5,0.0,0.0,0.0,0.0,0.0,0
2023-05-10 21:52:07,rb2311C3950,rb2311C3950,111.5,0.0,0.0,0.0,1,32.5,0.0,0,111.5,0.0,0.0,0.0,0.0,0.0,0
2023-05-10 21:52:07,rb2311C3950,rb2311C3950,111.5,0.0,0.0,0.0,4,33.0,0.0,0,111.5,0.0,0.0,0.0,0.0,0.0,0
2023-05-10 21:52:08,rb2311C3950,rb2311C3950,111.5,0.0,0.0,0.0,1,33.5,0.0,0,111.5,0.0,0.0,0.0,0.0,0.0,0
2023-05-10 21:52:08,rb2311C3950,rb2311C3950,111.5,0.0,0.0,0.0,1,33.5,0.0,0,111.5,0.0,0.0,0.0,0.0,0.0,0
2023-05-10 21:52:09,rb2311C3950,rb2311C3950,111.5,0.0,0.0,0.0,4,34.0,0.0,0,111.5,0.0,0.0,0.0,0.0,0.0,0
2023-05-10 21:52:09,rb2311C3950,rb2311C3950,111.5,0.0,0.0,0.0,1,34.5,0.0,0,111.5,0.0,0.0,0.0,0.0,0.0,0
2023-05-10 21:52:10,rb2311C3950,rb2311C3950,111.5,0.0,0.0,0.0,1,34.5,0.0,0,111.5,0.0,0.0,0.0,0.0,0.0,0
2023-05-10 21:52:10,rb2311C3950,rb2311C3950,111.5,0.0,0.0,0.0,4,35.0,0.0,0,111.5,0.0,0.0,0.0,0.0,0.0,0
2023-05-10 21:52:11,rb2311C3950,rb2311C3950,111.5,0.0,0.0,0.0,1,35.5,0.0,0,111.5,0.0,0.0,0.0,0.0,0.0,0
2023-05-10 21:52:11,rb2311C3950,rb2311C3950,111.5,0.0,0.0,0.0,1,35.5,0.0,0,111.5,0.0,0.0,0.0,0.0,0.0,0
2023-05-10 21:52:12,rb2311C3950,rb2311C3950,111.5,0.0,0.0,0.0,4,36.0,0.0,0,111.5,0.0,0.0,0.0,0.0,0.0,0
2023-05-10 21:52:12,rb2311C3950,rb2311C3950,111.5,0.0,0.0,0.0,1,36.5,0.0,0,111.5,0.0,0.0,0.0,0.0,0.0,0
2023-05-10 21:52:13,rb2311C3950,rb2311C3950,111.5,0.0,0.0,0.0,1,36.5,0.0,0,111.5,0.0,0.0,0.0,0.0,0.0,0
2023-05-10 21:52:13,rb2311C3950,rb2311C3950,111.5,0.0,0.0,0.0,4,37.0,0.0,0,111.5,0.0,0.0,0.0,0.0,0.0,0
2023-05-10 21:52:14,rb2311C3950,rb2311C3950,111.5,0.0,0.0,0.0,1,37.5,0.0,0,111.5,0.0,0.0,0.0,0.0,0.0,0
2023-05-10 21:52:14,rb2311C3950,rb2311C3950,111.5,0.0,0.0,0.0,1,37.5,0.0,0,111.5,0.0,0.0,0.0,0.0,0.0,0
2023-05-10 21:52:15,rb2311C3950,rb2311C3950,111.5,0.0,0.0,0.0,4,38.0,0.0,0,111.5,0.0,0.0,0.0,0.0,0.0,0
2023-05-10 21:52:15,rb2311C3950,rb2311C3950,111.5,0.0,0.0,0.0,1,38.5,0.0,0,111.5,0.0,0.0,0.0,0.0,0.0,0
2023-05-10 21:52:16,rb2311C3950,rb2311C3950,111.5,0.0,0.0,0.0,1,38.5,0.0,0,111.5,0.0,0.0,0.0,0.0,0.0,0
2023-05-10 21:52:16,rb2311C3950,rb2311C3950,111.5,0.0,0.0,0.0,4,39.0,0.0,0,111.5,0.0,0.0,0.0,0.0,0.0,0
2023-05-10 21:52:17,rb2311C3950,rb2311C3950,111.5,0.0,0.0,0.0,1,39.5,0.0,0,111.5,0.0,0.0,0.0,0.0,0.0,0
2023-05-10 21:52:17,rb2311C3950,rb2311C3950,111.5,0.0,0.0,0.0,1,39.5,0.0,0,111.5,0.0,0.0,0.0,0.0,0.0,0
2023-05-10 21:52:18,rb2311C3950,rb2311C3950,111.5,0.0,0.0,0.0,4,40.0,0.0,0,111.5,0.0,0.0,0.0,0.0,0.0,0
2023-05-10 21:52:18,rb2311C3950,rb2311C3950,111.5,0.0,0.0,0.0,1,40.5,0.0,0,111.5,0.0,0.0,0.0,0.0,0.0,0
2023-05-10 21:52:19,rb2311C3950,rb2311C3950,111.5,0.0,0.0,0.0,1,40.5,0.0,0,111.5,0.0,0.0,0.0,0.0,0.0,0
2023-05-10 21:52:19,rb2311C3950,rb2311C3950,111.5,0.0,0.0,0.0,4,41.0,0.0,0,111.5,0.0,0.0,0.0,0.0,0.0,0
2023-05-10 21:52:20,rb2311C3950,rb2311C3950,111.5,0.0,0.0,0.0,1,41.5,0.0,0,111.5,0.0,0.0,0.0,0.0,0.0,0
2023-05-10 21:52:20,rb2311C3950,rb2311C3950,111.5,0.0,0.0,0.0,1,41.5,0.0,0,111.5,0.0,0.0,0.0,0.0,0.0,0
2023-05-10 21:52:21,rb2311C3950,rb2311C3950,111.5,0.0,0.0,0.0,4,42.0,0.0,0,111.5,0.0,0.0,0.0,0.0,0.0,0
2023-05-10 21:52:21,rb2311C3950,rb2311C3950,111.5,0.0,0.0,0.0,1,42.5,0.0,0,111.5,0.0,0.0,0.0,0.0,0.0,0
2023-05-10 21:52:22,rb2311C3950,rb2311C3950,111.5,0.0,0.0,0.0,1,42.5,0.0,0,111.5,0.0,0.0,0.0,0.0,0.0,0
2023-05-10 21:52:22,rb2311C3950,rb2311C3950,111.5,0.0,0.0,0.0,4,43.0,0.0,0,111.5,0.0,0.0,0.0,0.0,0.0,0
2023-05-10 21:52:23,rb2311C3950,rb2311C3950,111.5,0.0,0.0,0.0,1,43.5,0.0,0,111.5,0.0,0.0,0.0,0.0,0.0,0
2023-05-10 21:52:23,rb2311C3950,rb2311C3950,111.5,0.0,0.0,0.0,1,43.5,0.0,0,111.5,0.0,0.0,0.0,0.0,0.0,0
2023-05-10 21:52:24,rb2311C3950,rb2311C3950,111.5,0.0,0.0,0.0,4,44.0,0.0,0,111.5,0.0,0.0,0.0,0.0,0.0,0
2023-05-10 21:52:24,rb2311C3950,rb2311C3950,111.5,0.0,0.0,0.0,4,44.0,0.0,0,111.5,0.0,0.0,0.0,0.0,0.0,0
2023-05-10 22:01:34,rb2311C3950,rb2311C3950,111.5,0.0,0.0,0.0,1,44.5,0.0,0,111.5,0.0,0.0,0.0,0.0,0.0,0
2023-05-10 22:01:34,rb2311C3950,rb2311C3950,111.5,0.0,0.0,0.0,1,44.5,0.0,0,111.5,0.0,0.0,0.0,0.0,0.0,0
2023-05-10 22:01:35,rb2311C3950,rb2311C3950,111.5,0.0,0.0,0.0,4,45.0,0.0,0,111.5,0.0,0.0,0.0,0.0,0.0,0
2023-05-10 22:01:35,rb2311C3950,rb2311C3950,111.5,0.0,0.0,0.0,4,45.0,0.0,0,111.5,0.0,0.0,0.0,0.0,0.0,0
2023-05-10 22:57:03,rb2311C3950,rb2311C3950,111.5,0.0,0.0,0.0,1,22.0,0.0,0,111.5,0.0,0.0,0.0,0.0,0.0,0
2023-05-10 22:57:42,rb2311C3950,rb2311C3950,111.5,0.0,0.0,0.0,1,0.5,0.0,0,111.5,0.0,0.0,0.0,0.0,0.0,0
2023-05-10 22:58:48,rb2311C3950,rb2311C3950,111.5,0.0,0.0,0.0,0,0.0,0.0,0,111.5,0.0,0.0,0.0,0.0,0.0,0
2023-05-11 09:01:38,rb2311C3950,rb2311C3950,111.5,0.0,0.0,0.0,1,1.0,0.0,0,111.5,0.0,0.0,0.0,0.0,0.0,0
2023-05-11 09:01:38,rb2311C3950,rb2311C3950,111.5,0.0,0.0,0.0,4,1.5,0.0,0,111.5,0.0,0.0,0.0,0.0,0.0,0
2023-05-11 09:01:55,rb2311C3950,rb2311C3950,111.5,0.0,0.0,0.0,4,1.5,0.0,0,111.5,0.0,0.0,0.0,0.0,0.0,0
2023-05-11 09:01:56,rb2311C3950,rb2311C3950,111.5,0.0,0.0,0.0,1,2.0,0.0,0,111.5,0.0,0.0,0.0,0.0,0.0,0
2023-05-11 09:01:56,rb2311C3950,rb2311C3950,111.5,0.0,0.0,0.0,1,2.0,0.0,0,111.5,0.0,0.0,0.0,0.0,0.0,0
2023-05-11 09:01:57,rb2311C3950,rb2311C3950,111.5,0.0,0.0,0.0,4,2.5,0.0,0,111.5,0.0,0.0,0.0,0.0,0.0,0
2023-05-11 09:02:02,rb2311C3950,rb2311C3950,111.5,0.0,0.0,0.0,1,3.0,0.0,0,111.5,0.0,0.0,0.0,0.0,0.0,0
2023-05-11 09:02:02,rb2311C3950,rb2311C3950,111.5,0.0,0.0,0.0,1,3.0,0.0,0,111.5,0.0,0.0,0.0,0.0,0.0,0
2023-05-11 09:02:03,rb2311C3950,rb2311C3950,111.5,0.0,0.0,0.0,4,3.5,0.0,0,111.5,0.0,0.0,0.0,0.0,0.0,0
2023-05-11 09:02:10,rb2311C3950,rb2311C3950,111.5,0.0,0.0,0.0,4,3.5,0.0,0,111.5,0.0,0.0,0.0,0.0,0.0,0
2023-05-11 09:02:10,rb2311C3950,rb2311C3950,111.5,0.0,0.0,0.0,1,4.0,0.0,0,111.5,0.0,0.0,0.0,0.0,0.0,0
2023-05-11 09:02:11,rb2311C3950,rb2311C3950,111.5,0.0,0.0,0.0,1,4.0,0.0,0,111.5,0.0,0.0,0.0,0.0,0.0,0
2023-05-11 09:02:11,rb2311C3950,rb2311C3950,111.5,0.0,0.0,0.0,4,4.5,0.0,0,111.5,0.0,0.0,0.0,0.0,0.0,0
2023-05-11 09:02:13,rb2311C3950,rb2311C3950,111.5,0.0,0.0,0.0,1,5.0,0.0,0,111.5,0.0,0.0,0.0,0.0,0.0,0
2023-05-11 09:02:13,rb2311C3950,rb2311C3950,111.5,0.0,0.0,0.0,1,5.0,0.0,0,111.5,0.0,0.0,0.0,0.0,0.0,0
2023-05-11 09:02:14,rb2311C3950,rb2311C3950,111.5,0.0,0.0,0.0,4,5.5,0.0,0,111.5,0.0,0.0,0.0,0.0,0.0,0
2023-05-11 09:02:15,rb2311C3950,rb2311C3950,111.5,0.0,0.0,0.0,4,5.5,0.0,0,111.5,0.0,0.0,0.0,0.0,0.0,0
2023-05-11 09:02:15,rb2311C3950,rb2311C3950,111.5,0.0,0.0,0.0,1,6.0,0.0,0,111.5,0.0,0.0,0.0,0.0,0.0,0
2023-05-11 09:02:16,rb2311C3950,rb2311C3950,111.5,0.0,0.0,0.0,1,6.0,0.0,0,111.5,0.0,0.0,0.0,0.0,0.0,0
2023-05-11 09:02:16,rb2311C3950,rb2311C3950,111.5,0.0,0.0,0.0,4,6.5,0.0,0,111.5,0.0,0.0,0.0,0.0,0.0,0
2023-05-11 09:02:17,rb2311C3950,rb2311C3950,111.5,0.0,0.0,0.0,4,6.5,0.0,0,111.5,0.0,0.0,0.0,0.0,0.0,0
2023-05-11 09:02:18,rb2311C3950,rb2311C3950,111.5,0.0,0.0,0.0,1,7.0,0.0,0,111.5,0.0,0.0,0.0,0.0,0.0,0
2023-05-11 09:02:18,rb2311C3950,rb2311C3950,111.5,0.0,0.0,0.0,1,7.0,0.0,0,111.5,0.0,0.0,0.0,0.0,0.0,0
2023-05-11 09:02:19,rb2311C3950,rb2311C3950,111.5,0.0,0.0,0.0,4,7.5,0.0,0,111.5,0.0,0.0,0.0,0.0,0.0,0
2023-05-11 09:02:21,rb2311C3950,rb2311C3950,111.5,0.0,0.0,0.0,4,7.5,0.0,0,111.5,0.0,0.0,0.0,0.0,0.0,0
2023-05-11 09:02:21,rb2311C3950,rb2311C3950,111.5,0.0,0.0,0.0,1,8.0,0.0,0,111.5,0.0,0.0,0.0,0.0,0.0,0
2023-05-11 09:02:22,rb2311C3950,rb2311C3950,111.5,0.0,0.0,0.0,1,8.0,0.0,0,111.5,0.0,0.0,0.0,0.0,0.0,0
2023-05-11 09:02:22,rb2311C3950,rb2311C3950,111.5,0.0,0.0,0.0,4,8.5,0.0,0,111.5,0.0,0.0,0.0,0.0,0.0,0
2023-05-11 09:02:23,rb2311C3950,rb2311C3950,111.5,0.0,0.0,0.0,4,8.5,0.0,0,111.5,0.0,0.0,0.0,0.0,0.0,0
2023-05-11 09:02:23,rb2311C3950,rb2311C3950,111.5,0.0,0.0,0.0,1,9.0,0.0,0,111.5,0.0,0.0,0.0,0.0,0.0,0
2023-05-11 09:02:24,rb2311C3950,rb2311C3950,111.5,0.0,0.0,0.0,1,9.0,0.0,0,111.5,0.0,0.0,0.0,0.0,0.0,0
2023-05-11 09:02:24,rb2311C3950,rb2311C3950,111.5,0.0,0.0,0.0,4,9.5,0.0,0,111.5,0.0,0.0,0.0,0.0,0.0,0
2023-05-11 09:02:26,rb2311C3950,rb2311C3950,111.5,0.0,0.0,0.0,1,10.0,0.0,0,111.5,0.0,0.0,0.0,0.0,0.0,0
2023-05-11 09:02:26,rb2311C3950,rb2311C3950,111.5,0.0,0.0,0.0,1,10.0,0.0,0,111.5,0.0,0.0,0.0,0.0,0.0,0
2023-05-11 09:02:27,rb2311C3950,rb2311C3950,111.5,0.0,0.0,0.0,4,10.5,0.0,0,111.5,0.0,0.0,0.0,0.0,0.0,0
2023-05-11 09:02:28,rb2311C3950,rb2311C3950,111.5,0.0,0.0,0.0,1,11.0,0.0,0,111.5,0.0,0.0,0.0,0.0,0.0,0
2023-05-11 09:02:28,rb2311C3950,rb2311C3950,111.5,0.0,0.0,0.0,1,11.0,0.0,0,111.5,0.0,0.0,0.0,0.0,0.0,0
2023-05-11 09:02:29,rb2311C3950,rb2311C3950,111.5,0.0,0.0,0.0,4,11.5,0.0,0,111.5,0.0,0.0,0.0,0.0,0.0,0
2023-05-11 09:02:31,rb2311C3950,rb2311C3950,111.5,0.0,0.0,0.0,4,11.5,0.0,0,111.5,0.0,0.0,0.0,0.0,0.0,0
2023-05-11 09:02:31,rb2311C3950,rb2311C3950,111.5,0.0,0.0,0.0,1,12.0,0.0,0,111.5,0.0,0.0,0.0,0.0,0.0,0
2023-05-11 09:02:32,rb2311C3950,rb2311C3950,111.5,0.0,0.0,0.0,1,12.0,0.0,0,111.5,0.0,0.0,0.0,0.0,0.0,0
2023-05-11 09:02:32,rb2311C3950,rb2311C3950,111.5,0.0,0.0,0.0,4,12.5,0.0,0,111.5,0.0,0.0,0.0,0.0,0.0,0
2023-05-11 09:02:38,rb2311C3950,rb2311C3950,111.5,0.0,0.0,0.0,1,13.0,0.0,0,111.5,0.0,0.0,0.0,0.0,0.0,0
2023-05-11 09:02:38,rb2311C3950,rb2311C3950,111.5,0.0,0.0,0.0,1,13.0,0.0,0,111.5,0.0,0.0,0.0,0.0,0.0,0
2023-05-11 09:02:39,rb2311C3950,rb2311C3950,111.5,0.0,0.0,0.0,4,13.5,0.0,0,111.5,0.0,0.0,0.0,0.0,0.0,0
2023-05-11 09:02:40,rb2311C3950,rb2311C3950,111.5,0.0,0.0,0.0,4,13.5,0.0,0,111.5,0.0,0.0,0.0,0.0,0.0,0
2023-05-11 09:02:40,rb2311C3950,rb2311C3950,111.5,0.0,0.0,0.0,1,14.0,0.0,0,111.5,0.0,0.0,0.0,0.0,0.0,0
2023-05-11 09:02:41,rb2311C3950,rb2311C3950,111.5,0.0,0.0,0.0,1,14.0,0.0,0,111.5,0.0,0.0,0.0,0.0,0.0,0
2023-05-11 09:02:41,rb2311C3950,rb2311C3950,111.5,0.0,0.0,0.0,4,14.5,0.0,0,111.5,0.0,0.0,0.0,0.0,0.0,0
2023-05-11 09:02:42,rb2311C3950,rb2311C3950,111.5,0.0,0.0,0.0,4,14.5,0.0,0,111.5,0.0,0.0,0.0,0.0,0.0,0
2023-05-11 09:02:43,rb2311C3950,rb2311C3950,111.5,0.0,0.0,0.0,1,15.0,0.0,0,111.5,0.0,0.0,0.0,0.0,0.0,0
2023-05-11 09:02:43,rb2311C3950,rb2311C3950,111.5,0.0,0.0,0.0,1,15.0,0.0,0,111.5,0.0,0.0,0.0,0.0,0.0,0
2023-05-11 09:02:44,rb2311C3950,rb2311C3950,111.5,0.0,0.0,0.0,4,15.5,0.0,0,111.5,0.0,0.0,0.0,0.0,0.0,0
2023-05-11 09:02:46,rb2311C3950,rb2311C3950,111.5,0.0,0.0,0.0,1,16.0,0.0,0,111.5,0.0,0.0,0.0,0.0,0.0,0
2023-05-11 09:02:46,rb2311C3950,rb2311C3950,111.5,0.0,0.0,0.0,1,16.0,0.0,0,111.5,0.0,0.0,0.0,0.0,0.0,0
2023-05-11 09:02:47,rb2311C3950,rb2311C3950,111.5,0.0,0.0,0.0,4,16.5,0.0,0,111.5,0.0,0.0,0.0,0.0,0.0,0
2023-05-11 09:02:47,rb2311C3950,rb2311C3950,111.5,0.0,0.0,0.0,4,16.5,0.0,0,111.5,0.0,0.0,0.0,0.0,0.0,0
2023-05-11 09:02:48,rb2311C3950,rb2311C3950,111.5,0.0,0.0,0.0,1,17.0,0.0,0,111.5,0.0,0.0,0.0,0.0,0.0,0
2023-05-11 09:02:48,rb2311C3950,rb2311C3950,111.5,0.0,0.0,0.0,1,17.0,0.0,0,111.5,0.0,0.0,0.0,0.0,0.0,0
2023-05-11 09:02:49,rb2311C3950,rb2311C3950,111.5,0.0,0.0,0.0,4,17.5,0.0,0,111.5,0.0,0.0,0.0,0.0,0.0,0
2023-05-11 09:02:51,rb2311C3950,rb2311C3950,111.5,0.0,0.0,0.0,4,17.5,0.0,0,111.5,0.0,0.0,0.0,0.0,0.0,0
2023-05-11 09:02:51,rb2311C3950,rb2311C3950,111.5,0.0,0.0,0.0,1,18.0,0.0,0,111.5,0.0,0.0,0.0,0.0,0.0,0
2023-05-11 09:02:52,rb2311C3950,rb2311C3950,111.5,0.0,0.0,0.0,1,18.0,0.0,0,111.5,0.0,0.0,0.0,0.0,0.0,0
2023-05-11 09:02:52,rb2311C3950,rb2311C3950,111.5,0.0,0.0,0.0,4,18.5,0.0,0,111.5,0.0,0.0,0.0,0.0,0.0,0
2023-05-11 09:02:54,rb2311C3950,rb2311C3950,111.5,0.0,0.0,0.0,4,18.5,0.0,0,111.5,0.0,0.0,0.0,0.0,0.0,0
2023-05-11 09:02:54,rb2311C3950,rb2311C3950,111.5,0.0,0.0,0.0,1,19.0,0.0,0,111.5,0.0,0.0,0.0,0.0,0.0,0
2023-05-11 09:02:55,rb2311C3950,rb2311C3950,111.5,0.0,0.0,0.0,1,19.0,0.0,0,111.5,0.0,0.0,0.0,0.0,0.0,0
2023-05-11 09:02:55,rb2311C3950,rb2311C3950,111.5,0.0,0.0,0.0,4,19.5,0.0,0,111.5,0.0,0.0,0.0,0.0,0.0,0
2023-05-11 09:02:57,rb2311C3950,rb2311C3950,111.5,0.0,0.0,0.0,4,19.5,0.0,0,111.5,0.0,0.0,0.0,0.0,0.0,0
2023-05-11 09:02:58,rb2311C3950,rb2311C3950,111.5,0.0,0.0,0.0,1,20.0,0.0,0,111.5,0.0,0.0,0.0,0.0,0.0,0
2023-05-11 09:02:58,rb2311C3950,rb2311C3950,111.5,0.0,0.0,0.0,1,20.0,0.0,0,111.5,0.0,0.0,0.0,0.0,0.0,0
2023-05-11 09:02:59,rb2311C3950,rb2311C3950,111.5,0.0,0.0,0.0,4,20.5,0.0,0,111.5,0.0,0.0,0.0,0.0,0.0,0
2023-05-11 09:02:59,rb2311C3950,rb2311C3950,111.5,0.0,0.0,0.0,4,20.5,0.0,0,111.5,0.0,0.0,0.0,0.0,0.0,0
2023-05-11 09:03:00,rb2311C3950,rb2311C3950,111.5,0.0,0.0,0.0,1,21.0,0.0,0,111.5,0.0,0.0,0.0,0.0,0.0,0
2023-05-11 09:03:00,rb2311C3950,rb2311C3950,111.5,0.0,0.0,0.0,1,21.0,0.0,0,111.5,0.0,0.0,0.0,0.0,0.0,0
2023-05-11 09:03:01,rb2311C3950,rb2311C3950,111.5,0.0,0.0,0.0,4,21.5,0.0,0,111.5,0.0,0.0,0.0,0.0,0.0,0
2023-05-11 09:03:01,rb2311C3950,rb2311C3950,111.5,0.0,0.0,0.0,4,21.5,0.0,0,111.5,0.0,0.0,0.0,0.0,0.0,0
2023-05-11 09:03:02,rb2311C3950,rb2311C3950,111.5,0.0,0.0,0.0,1,22.0,0.0,0,111.5,0.0,0.0,0.0,0.0,0.0,0
2023-05-11 09:03:02,rb2311C3950,rb2311C3950,111.5,0.0,0.0,0.0,1,22.0,0.0,0,111.5,0.0,0.0,0.0,0.0,0.0,0
2023-05-11 09:03:03,rb2311C3950,rb2311C3950,111.5,0.0,0.0,0.0,4,22.5,0.0,0,111.5,0.0,0.0,0.0,0.0,0.0,0
2023-05-11 09:03:04,rb2311C3950,rb2311C3950,111.5,0.0,0.0,0.0,1,23.0,0.0,0,111.5,0.0,0.0,0.0,0.0,0.0,0
2023-05-11 09:03:04,rb2311C3950,rb2311C3950,111.5,0.0,0.0,0.0,1,23.0,0.0,0,111.5,0.0,0.0,0.0,0.0,0.0,0
2023-05-11 09:03:05,rb2311C3950,rb2311C3950,111.5,0.0,0.0,0.0,4,23.5,0.0,0,111.5,0.0,0.0,0.0,0.0,0.0,0
2023-05-11 09:03:06,rb2311C3950,rb2311C3950,111.5,0.0,0.0,0.0,4,23.5,0.0,0,111.5,0.0,0.0,0.0,0.0,0.0,0
2023-05-11 09:03:06,rb2311C3950,rb2311C3950,111.5,0.0,0.0,0.0,1,24.0,0.0,0,111.5,0.0,0.0,0.0,0.0,0.0,0
2023-05-11 09:03:07,rb2311C3950,rb2311C3950,111.5,0.0,0.0,0.0,1,24.0,0.0,0,111.5,0.0,0.0,0.0,0.0,0.0,0
2023-05-11 09:03:07,rb2311C3950,rb2311C3950,111.5,0.0,0.0,0.0,4,24.5,0.0,0,111.5,0.0,0.0,0.0,0.0,0.0,0
2023-05-11 09:03:08,rb2311C3950,rb2311C3950,111.5,0.0,0.0,0.0,4,24.5,0.0,0,111.5,0.0,0.0,0.0,0.0,0.0,0
2023-05-11 09:03:09,rb2311C3950,rb2311C3950,111.5,0.0,0.0,0.0,1,25.0,0.0,0,111.5,0.0,0.0,0.0,0.0,0.0,0
2023-05-11 09:03:09,rb2311C3950,rb2311C3950,111.5,0.0,0.0,0.0,1,25.0,0.0,0,111.5,0.0,0.0,0.0,0.0,0.0,0
2023-05-11 09:03:10,rb2311C3950,rb2311C3950,111.5,0.0,0.0,0.0,4,25.5,0.0,0,111.5,0.0,0.0,0.0,0.0,0.0,0
2023-05-11 09:03:11,rb2311C3950,rb2311C3950,111.5,0.0,0.0,0.0,1,26.0,0.0,0,111.5,0.0,0.0,0.0,0.0,0.0,0
2023-05-11 09:03:12,rb2311C3950,rb2311C3950,111.5,0.0,0.0,0.0,1,26.0,0.0,0,111.5,0.0,0.0,0.0,0.0,0.0,0
2023-05-11 09:03:12,rb2311C3950,rb2311C3950,111.5,0.0,0.0,0.0,4,26.5,0.0,0,111.5,0.0,0.0,0.0,0.0,0.0,0
2023-05-11 09:03:13,rb2311C3950,rb2311C3950,111.5,0.0,0.0,0.0,1,27.0,0.0,0,111.5,0.0,0.0,0.0,0.0,0.0,0
2023-05-11 09:03:14,rb2311C3950,rb2311C3950,111.5,0.0,0.0,0.0,1,27.0,0.0,0,111.5,0.0,0.0,0.0,0.0,0.0,0
2023-05-11 09:03:14,rb2311C3950,rb2311C3950,111.5,0.0,0.0,0.0,4,27.5,0.0,0,111.5,0.0,0.0,0.0,0.0,0.0,0
2023-05-11 09:03:15,rb2311C3950,rb2311C3950,111.5,0.0,0.0,0.0,4,27.5,0.0,0,111.5,0.0,0.0,0.0,0.0,0.0,0
2023-05-11 09:03:16,rb2311C3950,rb2311C3950,111.5,0.0,0.0,0.0,1,28.0,0.0,0,111.5,0.0,0.0,0.0,0.0,0.0,0
2023-05-11 09:03:16,rb2311C3950,rb2311C3950,111.5,0.0,0.0,0.0,1,28.0,0.0,0,111.5,0.0,0.0,0.0,0.0,0.0,0
2023-05-11 09:03:17,rb2311C3950,rb2311C3950,111.5,0.0,0.0,0.0,4,28.5,0.0,0,111.5,0.0,0.0,0.0,0.0,0.0,0
2023-05-11 09:03:18,rb2311C3950,rb2311C3950,111.5,0.0,0.0,0.0,1,29.0,0.0,0,111.5,0.0,0.0,0.0,0.0,0.0,0
2023-05-11 09:03:18,rb2311C3950,rb2311C3950,111.5,0.0,0.0,0.0,1,29.0,0.0,0,111.5,0.0,0.0,0.0,0.0,0.0,0
2023-05-11 09:03:19,rb2311C3950,rb2311C3950,111.5,0.0,0.0,0.0,4,29.5,0.0,0,111.5,0.0,0.0,0.0,0.0,0.0,0
2023-05-11 09:03:20,rb2311C3950,rb2311C3950,111.5,0.0,0.0,0.0,4,29.5,0.0,0,111.5,0.0,0.0,0.0,0.0,0.0,0
2023-05-11 09:03:21,rb2311C3950,rb2311C3950,111.5,0.0,0.0,0.0,1,30.0,0.0,0,111.5,0.0,0.0,0.0,0.0,0.0,0
2023-05-11 09:03:21,rb2311C3950,rb2311C3950,111.5,0.0,0.0,0.0,1,30.0,0.0,0,111.5,0.0,0.0,0.0,0.0,0.0,0
2023-05-11 09:03:22,rb2311C3950,rb2311C3950,111.5,0.0,0.0,0.0,4,30.5,0.0,0,111.5,0.0,0.0,0.0,0.0,0.0,0
2023-05-11 09:03:22,rb2311C3950,rb2311C3950,111.5,0.0,0.0,0.0,4,30.5,0.0,0,111.5,0.0,0.0,0.0,0.0,0.0,0
2023-05-11 09:03:23,rb2311C3950,rb2311C3950,111.5,0.0,0.0,0.0,1,31.0,0.0,0,111.5,0.0,0.0,0.0,0.0,0.0,0
2023-05-11 09:03:23,rb2311C3950,rb2311C3950,111.5,0.0,0.0,0.0,1,31.0,0.0,0,111.5,0.0,0.0,0.0,0.0,0.0,0
2023-05-11 09:03:24,rb2311C3950,rb2311C3950,111.5,0.0,0.0,0.0,4,31.5,0.0,0,111.5,0.0,0.0,0.0,0.0,0.0,0
2023-05-11 09:03:24,rb2311C3950,rb2311C3950,111.5,0.0,0.0,0.0,1,32.0,0.0,0,111.5,0.0,0.0,0.0,0.0,0.0,0
2023-05-11 09:03:25,rb2311C3950,rb2311C3950,111.5,0.0,0.0,0.0,1,32.0,0.0,0,111.5,0.0,0.0,0.0,0.0,0.0,0
2023-05-11 09:03:25,rb2311C3950,rb2311C3950,111.5,0.0,0.0,0.0,4,32.5,0.0,0,111.5,0.0,0.0,0.0,0.0,0.0,0
2023-05-11 09:03:26,rb2311C3950,rb2311C3950,111.5,0.0,0.0,0.0,1,33.0,0.0,0,111.5,0.0,0.0,0.0,0.0,0.0,0
2023-05-11 09:03:26,rb2311C3950,rb2311C3950,111.5,0.0,0.0,0.0,1,33.0,0.0,0,111.5,0.0,0.0,0.0,0.0,0.0,0
2023-05-11 09:03:27,rb2311C3950,rb2311C3950,111.5,0.0,0.0,0.0,4,33.5,0.0,0,111.5,0.0,0.0,0.0,0.0,0.0,0
2023-05-11 09:03:27,rb2311C3950,rb2311C3950,111.5,0.0,0.0,0.0,4,33.5,0.0,0,111.5,0.0,0.0,0.0,0.0,0.0,0
2023-05-11 09:03:28,rb2311C3950,rb2311C3950,111.5,0.0,0.0,0.0,1,34.0,0.0,0,111.5,0.0,0.0,0.0,0.0,0.0,0
2023-05-11 09:03:28,rb2311C3950,rb2311C3950,111.5,0.0,0.0,0.0,1,34.0,0.0,0,111.5,0.0,0.0,0.0,0.0,0.0,0
2023-05-11 09:03:29,rb2311C3950,rb2311C3950,111.5,0.0,0.0,0.0,4,34.5,0.0,0,111.5,0.0,0.0,0.0,0.0,0.0,0
2023-05-11 09:03:29,rb2311C3950,rb2311C3950,111.5,0.0,0.0,0.0,4,34.5,0.0,0,111.5,0.0,0.0,0.0,0.0,0.0,0
2023-05-11 09:03:30,rb2311C3950,rb2311C3950,111.5,0.0,0.0,0.0,1,35.0,0.0,0,111.5,0.0,0.0,0.0,0.0,0.0,0
2023-05-11 09:03:30,rb2311C3950,rb2311C3950,111.5,0.0,0.0,0.0,1,35.0,0.0,0,111.5,0.0,0.0,0.0,0.0,0.0,0
2023-05-11 09:03:31,rb2311C3950,rb2311C3950,111.5,0.0,0.0,0.0,4,35.5,0.0,0,111.5,0.0,0.0,0.0,0.0,0.0,0
2023-05-11 09:03:33,rb2311C3950,rb2311C3950,111.5,0.0,0.0,0.0,4,35.5,0.0,0,111.5,0.0,0.0,0.0,0.0,0.0,0
2023-05-11 09:03:33,rb2311C3950,rb2311C3950,111.5,0.0,0.0,0.0,1,36.0,0.0,0,111.5,0.0,0.0,0.0,0.0,0.0,0
2023-05-11 09:03:34,rb2311C3950,rb2311C3950,111.5,0.0,0.0,0.0,1,36.0,0.0,0,111.5,0.0,0.0,0.0,0.0,0.0,0
2023-05-11 09:03:34,rb2311C3950,rb2311C3950,111.5,0.0,0.0,0.0,4,36.5,0.0,0,111.5,0.0,0.0,0.0,0.0,0.0,0
2023-05-11 09:03:36,rb2311C3950,rb2311C3950,111.5,0.0,0.0,0.0,4,36.5,0.0,0,111.5,0.0,0.0,0.0,0.0,0.0,0
2023-05-11 09:03:36,rb2311C3950,rb2311C3950,111.5,0.0,0.0,0.0,1,37.0,0.0,0,111.5,0.0,0.0,0.0,0.0,0.0,0
2023-05-11 09:03:37,rb2311C3950,rb2311C3950,111.5,0.0,0.0,0.0,1,37.0,0.0,0,111.5,0.0,0.0,0.0,0.0,0.0,0
2023-05-11 09:03:37,rb2311C3950,rb2311C3950,111.5,0.0,0.0,0.0,4,37.5,0.0,0,111.5,0.0,0.0,0.0,0.0,0.0,0
2023-05-11 09:03:40,rb2311C3950,rb2311C3950,111.5,0.0,0.0,0.0,4,37.5,0.0,0,111.5,0.0,0.0,0.0,0.0,0.0,0
2023-05-11 09:03:40,rb2311C3950,rb2311C3950,111.5,0.0,0.0,0.0,1,38.0,0.0,0,111.5,0.0,0.0,0.0,0.0,0.0,0
2023-05-11 09:03:41,rb2311C3950,rb2311C3950,111.5,0.0,0.0,0.0,1,38.0,0.0,0,111.5,0.0,0.0,0.0,0.0,0.0,0
2023-05-11 09:03:41,rb2311C3950,rb2311C3950,111.5,0.0,0.0,0.0,4,38.5,0.0,0,111.5,0.0,0.0,0.0,0.0,0.0,0
2023-05-11 09:03:43,rb2311C3950,rb2311C3950,111.5,0.0,0.0,0.0,1,39.0,0.0,0,111.5,0.0,0.0,0.0,0.0,0.0,0
2023-05-11 09:03:43,rb2311C3950,rb2311C3950,111.5,0.0,0.0,0.0,1,39.0,0.0,0,111.5,0.0,0.0,0.0,0.0,0.0,0
2023-05-11 09:03:44,rb2311C3950,rb2311C3950,111.5,0.0,0.0,0.0,4,39.5,0.0,0,111.5,0.0,0.0,0.0,0.0,0.0,0
2023-05-11 09:03:46,rb2311C3950,rb2311C3950,111.5,0.0,0.0,0.0,1,40.0,0.0,0,111.5,0.0,0.0,0.0,0.0,0.0,0
2023-05-11 09:03:47,rb2311C3950,rb2311C3950,111.5,0.0,0.0,0.0,1,40.0,0.0,0,111.5,0.0,0.0,0.0,0.0,0.0,0
2023-05-11 09:03:47,rb2311C3950,rb2311C3950,111.5,0.0,0.0,0.0,4,40.5,0.0,0,111.5,0.0,0.0,0.0,0.0,0.0,0
2023-05-11 09:03:51,rb2311C3950,rb2311C3950,111.5,0.0,0.0,0.0,4,40.5,0.0,0,111.5,0.0,0.0,0.0,0.0,0.0,0
2023-05-11 09:03:51,rb2311C3950,rb2311C3950,111.5,0.0,0.0,0.0,1,41.0,0.0,0,111.5,0.0,0.0,0.0,0.0,0.0,0
2023-05-11 09:03:52,rb2311C3950,rb2311C3950,111.5,0.0,0.0,0.0,1,41.0,0.0,0,111.5,0.0,0.0,0.0,0.0,0.0,0
2023-05-11 09:03:52,rb2311C3950,rb2311C3950,111.5,0.0,0.0,0.0,4,41.5,0.0,0,111.5,0.0,0.0,0.0,0.0,0.0,0
2023-05-11 09:03:53,rb2311C3950,rb2311C3950,111.5,0.0,0.0,0.0,4,41.5,0.0,0,111.5,0.0,0.0,0.0,0.0,0.0,0
2023-05-11 09:03:54,rb2311C3950,rb2311C3950,111.5,0.0,0.0,0.0,4,41.5,0.0,0,111.5,0.0,0.0,0.0,0.0,0.0,0
2023-05-11 09:03:54,rb2311C3950,rb2311C3950,111.5,0.0,0.0,0.0,1,42.0,0.0,0,111.5,0.0,0.0,0.0,0.0,0.0,0
2023-05-11 09:03:55,rb2311C3950,rb2311C3950,111.5,0.0,0.0,0.0,1,42.0,0.0,0,111.5,0.0,0.0,0.0,0.0,0.0,0
2023-05-11 09:03:55,rb2311C3950,rb2311C3950,111.5,0.0,0.0,0.0,4,42.5,0.0,0,111.5,0.0,0.0,0.0,0.0,0.0,0
2023-05-11 09:03:56,rb2311C3950,rb2311C3950,111.5,0.0,0.0,0.0,4,42.5,0.0,0,111.5,0.0,0.0,0.0,0.0,0.0,0
2023-05-11 09:03:56,rb2311C3950,rb2311C3950,111.5,0.0,0.0,0.0,1,43.0,0.0,0,111.5,0.0,0.0,0.0,0.0,0.0,0
2023-05-11 09:03:57,rb2311C3950,rb2311C3950,111.5,0.0,0.0,0.0,1,43.0,0.0,0,111.5,0.0,0.0,0.0,0.0,0.0,0
2023-05-11 09:03:57,rb2311C3950,rb2311C3950,111.5,0.0,0.0,0.0,4,43.5,0.0,0,111.5,0.0,0.0,0.0,0.0,0.0,0
2023-05-11 09:03:58,rb2311C3950,rb2311C3950,111.5,0.0,0.0,0.0,4,43.5,0.0,0,111.5,0.0,0.0,0.0,0.0,0.0,0
2023-05-11 09:04:11,rb2311C3950,rb2311C3950,111.5,0.0,0.0,0.0,1,44.0,0.0,0,111.5,0.0,0.0,0.0,0.0,0.0,0
2023-05-11 09:04:11,rb2311C3950,rb2311C3950,111.5,0.0,0.0,0.0,1,44.0,0.0,0,111.5,0.0,0.0,0.0,0.0,0.0,0
2023-05-11 09:04:12,rb2311C3950,rb2311C3950,111.5,0.0,0.0,0.0,4,44.5,0.0,0,111.5,0.0,0.0,0.0,0.0,0.0,0
2023-05-11 09:04:12,rb2311C3950,rb2311C3950,111.5,0.0,0.0,0.0,4,44.5,0.0,0,111.5,0.0,0.0,0.0,0.0,0.0,0
2023-05-11 10:14:33,rb2311C3950,rb2311C3950,111.5,0.0,0.0,0.0,1,0.5,0.0,0,111.5,0.0,0.0,0.0,0.0,0.0,0
2023-05-11 10:30:31,rb2311C3950,rb2311C3950,111.5,0.0,0.0,0.0,1,1.0,0.0,0,111.5,0.0,0.0,0.0,0.0,0.0,0
2023-05-11 10:30:32,rb2311C3950,rb2311C3950,111.5,0.0,0.0,0.0,4,1.5,0.0,0,111.5,0.0,0.0,0.0,0.0,0.0,0
2023-05-11 10:30:46,rb2311C3950,rb2311C3950,111.5,0.0,0.0,0.0,4,1.5,0.0,0,111.5,0.0,0.0,0.0,0.0,0.0,0
2023-05-11 10:30:46,rb2311C3950,rb2311C3950,111.5,0.0,0.0,0.0,1,2.0,0.0,0,111.5,0.0,0.0,0.0,0.0,0.0,0
2023-05-11 10:30:47,rb2311C3950,rb2311C3950,111.5,0.0,0.0,0.0,1,2.0,0.0,0,111.5,0.0,0.0,0.0,0.0,0.0,0
2023-05-11 10:30:47,rb2311C3950,rb2311C3950,111.5,0.0,0.0,0.0,4,2.5,0.0,0,111.5,0.0,0.0,0.0,0.0,0.0,0
2023-05-11 10:30:48,rb2311C3950,rb2311C3950,111.5,0.0,0.0,0.0,4,2.5,0.0,0,111.5,0.0,0.0,0.0,0.0,0.0,0
2023-05-11 10:30:49,rb2311C3950,rb2311C3950,111.5,0.0,0.0,0.0,1,3.0,0.0,0,111.5,0.0,0.0,0.0,0.0,0.0,0
2023-05-11 10:30:49,rb2311C3950,rb2311C3950,111.5,0.0,0.0,0.0,1,3.0,0.0,0,111.5,0.0,0.0,0.0,0.0,0.0,0
2023-05-11 10:30:50,rb2311C3950,rb2311C3950,111.5,0.0,0.0,0.0,4,3.5,0.0,0,111.5,0.0,0.0,0.0,0.0,0.0,0
2023-05-11 10:30:54,rb2311C3950,rb2311C3950,111.5,0.0,0.0,0.0,1,4.0,0.0,0,111.5,0.0,0.0,0.0,0.0,0.0,0
2023-05-11 10:30:55,rb2311C3950,rb2311C3950,111.5,0.0,0.0,0.0,1,4.0,0.0,0,111.5,0.0,0.0,0.0,0.0,0.0,0
2023-05-11 10:30:55,rb2311C3950,rb2311C3950,111.5,0.0,0.0,0.0,4,4.5,0.0,0,111.5,0.0,0.0,0.0,0.0,0.0,0
2023-05-11 10:30:59,rb2311C3950,rb2311C3950,111.5,0.0,0.0,0.0,1,5.0,0.0,0,111.5,0.0,0.0,0.0,0.0,0.0,0
2023-05-11 10:31:00,rb2311C3950,rb2311C3950,111.5,0.0,0.0,0.0,1,5.0,0.0,0,111.5,0.0,0.0,0.0,0.0,0.0,0
2023-05-11 10:31:00,rb2311C3950,rb2311C3950,111.5,0.0,0.0,0.0,4,5.5,0.0,0,111.5,0.0,0.0,0.0,0.0,0.0,0
2023-05-11 10:31:01,rb2311C3950,rb2311C3950,111.5,0.0,0.0,0.0,1,6.0,0.0,0,111.5,0.0,0.0,0.0,0.0,0.0,0
2023-05-11 10:31:02,rb2311C3950,rb2311C3950,111.5,0.0,0.0,0.0,1,6.0,0.0,0,111.5,0.0,0.0,0.0,0.0,0.0,0
2023-05-11 10:31:02,rb2311C3950,rb2311C3950,111.5,0.0,0.0,0.0,4,6.5,0.0,0,111.5,0.0,0.0,0.0,0.0,0.0,0
2023-05-11 10:31:03,rb2311C3950,rb2311C3950,111.5,0.0,0.0,0.0,4,6.5,0.0,0,111.5,0.0,0.0,0.0,0.0,0.0,0
2023-05-11 10:31:03,rb2311C3950,rb2311C3950,111.5,0.0,0.0,0.0,1,7.0,0.0,0,111.5,0.0,0.0,0.0,0.0,0.0,0
2023-05-11 10:31:04,rb2311C3950,rb2311C3950,111.5,0.0,0.0,0.0,1,7.0,0.0,0,111.5,0.0,0.0,0.0,0.0,0.0,0
2023-05-11 10:31:04,rb2311C3950,rb2311C3950,111.5,0.0,0.0,0.0,4,7.5,0.0,0,111.5,0.0,0.0,0.0,0.0,0.0,0
2023-05-11 10:31:05,rb2311C3950,rb2311C3950,111.5,0.0,0.0,0.0,1,8.0,0.0,0,111.5,0.0,0.0,0.0,0.0,0.0,0
2023-05-11 10:31:06,rb2311C3950,rb2311C3950,111.5,0.0,0.0,0.0,1,8.0,0.0,0,111.5,0.0,0.0,0.0,0.0,0.0,0
2023-05-11 10:31:06,rb2311C3950,rb2311C3950,111.5,0.0,0.0,0.0,4,8.5,0.0,0,111.5,0.0,0.0,0.0,0.0,0.0,0
2023-05-11 10:31:07,rb2311C3950,rb2311C3950,111.5,0.0,0.0,0.0,1,9.0,0.0,0,111.5,0.0,0.0,0.0,0.0,0.0,0
2023-05-11 10:31:08,rb2311C3950,rb2311C3950,111.5,0.0,0.0,0.0,1,9.0,0.0,0,111.5,0.0,0.0,0.0,0.0,0.0,0
2023-05-11 10:31:08,rb2311C3950,rb2311C3950,111.5,0.0,0.0,0.0,4,9.5,0.0,0,111.5,0.0,0.0,0.0,0.0,0.0,0
2023-05-11 10:31:09,rb2311C3950,rb2311C3950,111.5,0.0,0.0,0.0,1,10.0,0.0,0,111.5,0.0,0.0,0.0,0.0,0.0,0
2023-05-11 10:31:10,rb2311C3950,rb2311C3950,111.5,0.0,0.0,0.0,1,10.0,0.0,0,111.5,0.0,0.0,0.0,0.0,0.0,0
2023-05-11 10:31:10,rb2311C3950,rb2311C3950,111.5,0.0,0.0,0.0,4,10.5,0.0,0,111.5,0.0,0.0,0.0,0.0,0.0,0
2023-05-11 10:31:11,rb2311C3950,rb2311C3950,111.5,0.0,0.0,0.0,1,11.0,0.0,0,111.5,0.0,0.0,0.0,0.0,0.0,0
2023-05-11 10:31:11,rb2311C3950,rb2311C3950,111.5,0.0,0.0,0.0,1,11.0,0.0,0,111.5,0.0,0.0,0.0,0.0,0.0,0
2023-05-11 10:31:12,rb2311C3950,rb2311C3950,111.5,0.0,0.0,0.0,4,11.5,0.0,0,111.5,0.0,0.0,0.0,0.0,0.0,0
2023-05-11 10:31:12,rb2311C3950,rb2311C3950,111.5,0.0,0.0,0.0,1,12.0,0.0,0,111.5,0.0,0.0,0.0,0.0,0.0,0
2023-05-11 10:31:13,rb2311C3950,rb2311C3950,111.5,0.0,0.0,0.0,1,12.0,0.0,0,111.5,0.0,0.0,0.0,0.0,0.0,0
2023-05-11 10:31:13,rb2311C3950,rb2311C3950,111.5,0.0,0.0,0.0,4,12.5,0.0,0,111.5,0.0,0.0,0.0,0.0,0.0,0
2023-05-11 10:31:14,rb2311C3950,rb2311C3950,111.5,0.0,0.0,0.0,1,13.0,0.0,0,111.5,0.0,0.0,0.0,0.0,0.0,0
2023-05-11 10:31:15,rb2311C3950,rb2311C3950,111.5,0.0,0.0,0.0,1,13.0,0.0,0,111.5,0.0,0.0,0.0,0.0,0.0,0
2023-05-11 10:31:15,rb2311C3950,rb2311C3950,111.5,0.0,0.0,0.0,4,13.5,0.0,0,111.5,0.0,0.0,0.0,0.0,0.0,0
2023-05-11 10:31:16,rb2311C3950,rb2311C3950,111.5,0.0,0.0,0.0,1,14.0,0.0,0,111.5,0.0,0.0,0.0,0.0,0.0,0
2023-05-11 10:31:17,rb2311C3950,rb2311C3950,111.5,0.0,0.0,0.0,1,14.0,0.0,0,111.5,0.0,0.0,0.0,0.0,0.0,0
2023-05-11 10:31:17,rb2311C3950,rb2311C3950,111.5,0.0,0.0,0.0,4,14.5,0.0,0,111.5,0.0,0.0,0.0,0.0,0.0,0
2023-05-11 10:31:18,rb2311C3950,rb2311C3950,111.5,0.0,0.0,0.0,1,15.0,0.0,0,111.5,0.0,0.0,0.0,0.0,0.0,0
2023-05-11 10:31:18,rb2311C3950,rb2311C3950,111.5,0.0,0.0,0.0,1,15.0,0.0,0,111.5,0.0,0.0,0.0,0.0,0.0,0
2023-05-11 10:31:19,rb2311C3950,rb2311C3950,111.5,0.0,0.0,0.0,4,15.5,0.0,0,111.5,0.0,0.0,0.0,0.0,0.0,0
2023-05-11 10:31:19,rb2311C3950,rb2311C3950,111.5,0.0,0.0,0.0,1,16.0,0.0,0,111.5,0.0,0.0,0.0,0.0,0.0,0
2023-05-11 10:31:20,rb2311C3950,rb2311C3950,111.5,0.0,0.0,0.0,1,16.0,0.0,0,111.5,0.0,0.0,0.0,0.0,0.0,0
2023-05-11 10:31:20,rb2311C3950,rb2311C3950,111.5,0.0,0.0,0.0,4,16.5,0.0,0,111.5,0.0,0.0,0.0,0.0,0.0,0
2023-05-11 10:31:21,rb2311C3950,rb2311C3950,111.5,0.0,0.0,0.0,1,17.0,0.0,0,111.5,0.0,0.0,0.0,0.0,0.0,0
2023-05-11 10:31:21,rb2311C3950,rb2311C3950,111.5,0.0,0.0,0.0,1,17.0,0.0,0,111.5,0.0,0.0,0.0,0.0,0.0,0
2023-05-11 10:31:22,rb2311C3950,rb2311C3950,111.5,0.0,0.0,0.0,4,17.5,0.0,0,111.5,0.0,0.0,0.0,0.0,0.0,0
2023-05-11 10:31:22,rb2311C3950,rb2311C3950,111.5,0.0,0.0,0.0,1,18.0,0.0,0,111.5,0.0,0.0,0.0,0.0,0.0,0
2023-05-11 10:31:23,rb2311C3950,rb2311C3950,111.5,0.0,0.0,0.0,1,18.0,0.0,0,111.5,0.0,0.0,0.0,0.0,0.0,0
2023-05-11 10:31:23,rb2311C3950,rb2311C3950,111.5,0.0,0.0,0.0,4,18.5,0.0,0,111.5,0.0,0.0,0.0,0.0,0.0,0
2023-05-11 10:31:24,rb2311C3950,rb2311C3950,111.5,0.0,0.0,0.0,1,19.0,0.0,0,111.5,0.0,0.0,0.0,0.0,0.0,0
2023-05-11 10:31:24,rb2311C3950,rb2311C3950,111.5,0.0,0.0,0.0,1,19.0,0.0,0,111.5,0.0,0.0,0.0,0.0,0.0,0
2023-05-11 10:31:25,rb2311C3950,rb2311C3950,111.5,0.0,0.0,0.0,4,19.5,0.0,0,111.5,0.0,0.0,0.0,0.0,0.0,0
2023-05-11 10:31:27,rb2311C3950,rb2311C3950,111.5,0.0,0.0,0.0,4,19.5,0.0,0,111.5,0.0,0.0,0.0,0.0,0.0,0
2023-05-11 10:31:27,rb2311C3950,rb2311C3950,111.5,0.0,0.0,0.0,1,20.0,0.0,0,111.5,0.0,0.0,0.0,0.0,0.0,0
2023-05-11 10:31:28,rb2311C3950,rb2311C3950,111.5,0.0,0.0,0.0,1,20.0,0.0,0,111.5,0.0,0.0,0.0,0.0,0.0,0
2023-05-11 10:31:28,rb2311C3950,rb2311C3950,111.5,0.0,0.0,0.0,4,20.5,0.0,0,111.5,0.0,0.0,0.0,0.0,0.0,0
2023-05-11 10:31:29,rb2311C3950,rb2311C3950,111.5,0.0,0.0,0.0,4,20.5,0.0,0,111.5,0.0,0.0,0.0,0.0,0.0,0
2023-05-11 10:31:30,rb2311C3950,rb2311C3950,111.5,0.0,0.0,0.0,1,21.0,0.0,0,111.5,0.0,0.0,0.0,0.0,0.0,0
2023-05-11 10:31:30,rb2311C3950,rb2311C3950,111.5,0.0,0.0,0.0,1,21.0,0.0,0,111.5,0.0,0.0,0.0,0.0,0.0,0
2023-05-11 10:31:31,rb2311C3950,rb2311C3950,111.5,0.0,0.0,0.0,4,21.5,0.0,0,111.5,0.0,0.0,0.0,0.0,0.0,0
2023-05-11 10:31:31,rb2311C3950,rb2311C3950,111.5,0.0,0.0,0.0,4,21.5,0.0,0,111.5,0.0,0.0,0.0,0.0,0.0,0
2023-05-11 10:31:32,rb2311C3950,rb2311C3950,111.5,0.0,0.0,0.0,1,22.0,0.0,0,111.5,0.0,0.0,0.0,0.0,0.0,0
2023-05-11 10:31:32,rb2311C3950,rb2311C3950,111.5,0.0,0.0,0.0,1,22.0,0.0,0,111.5,0.0,0.0,0.0,0.0,0.0,0
2023-05-11 10:31:33,rb2311C3950,rb2311C3950,111.5,0.0,0.0,0.0,4,22.5,0.0,0,111.5,0.0,0.0,0.0,0.0,0.0,0
2023-05-11 10:31:33,rb2311C3950,rb2311C3950,111.5,0.0,0.0,0.0,1,23.0,0.0,0,111.5,0.0,0.0,0.0,0.0,0.0,0
2023-05-11 10:31:34,rb2311C3950,rb2311C3950,111.5,0.0,0.0,0.0,1,23.0,0.0,0,111.5,0.0,0.0,0.0,0.0,0.0,0
2023-05-11 10:31:34,rb2311C3950,rb2311C3950,111.5,0.0,0.0,0.0,4,23.5,0.0,0,111.5,0.0,0.0,0.0,0.0,0.0,0
2023-05-11 10:31:35,rb2311C3950,rb2311C3950,111.5,0.0,0.0,0.0,4,23.5,0.0,0,111.5,0.0,0.0,0.0,0.0,0.0,0
2023-05-11 10:31:35,rb2311C3950,rb2311C3950,111.5,0.0,0.0,0.0,1,24.0,0.0,0,111.5,0.0,0.0,0.0,0.0,0.0,0
2023-05-11 10:31:36,rb2311C3950,rb2311C3950,111.5,0.0,0.0,0.0,1,24.0,0.0,0,111.5,0.0,0.0,0.0,0.0,0.0,0
2023-05-11 10:31:36,rb2311C3950,rb2311C3950,111.5,0.0,0.0,0.0,4,24.5,0.0,0,111.5,0.0,0.0,0.0,0.0,0.0,0
2023-05-11 10:31:37,rb2311C3950,rb2311C3950,111.5,0.0,0.0,0.0,1,25.0,0.0,0,111.5,0.0,0.0,0.0,0.0,0.0,0
2023-05-11 10:31:37,rb2311C3950,rb2311C3950,111.5,0.0,0.0,0.0,1,25.0,0.0,0,111.5,0.0,0.0,0.0,0.0,0.0,0
2023-05-11 10:31:38,rb2311C3950,rb2311C3950,111.5,0.0,0.0,0.0,4,25.5,0.0,0,111.5,0.0,0.0,0.0,0.0,0.0,0
2023-05-11 10:31:38,rb2311C3950,rb2311C3950,111.5,0.0,0.0,0.0,4,25.5,0.0,0,111.5,0.0,0.0,0.0,0.0,0.0,0
2023-05-11 10:31:39,rb2311C3950,rb2311C3950,111.5,0.0,0.0,0.0,1,26.0,0.0,0,111.5,0.0,0.0,0.0,0.0,0.0,0
2023-05-11 10:31:39,rb2311C3950,rb2311C3950,111.5,0.0,0.0,0.0,1,26.0,0.0,0,111.5,0.0,0.0,0.0,0.0,0.0,0
2023-05-11 10:31:40,rb2311C3950,rb2311C3950,111.5,0.0,0.0,0.0,4,26.5,0.0,0,111.5,0.0,0.0,0.0,0.0,0.0,0
2023-05-11 10:31:40,rb2311C3950,rb2311C3950,111.5,0.0,0.0,0.0,4,26.5,0.0,0,111.5,0.0,0.0,0.0,0.0,0.0,0
2023-05-11 10:31:41,rb2311C3950,rb2311C3950,111.5,0.0,0.0,0.0,1,27.0,0.0,0,111.5,0.0,0.0,0.0,0.0,0.0,0
2023-05-11 10:31:41,rb2311C3950,rb2311C3950,111.5,0.0,0.0,0.0,1,27.0,0.0,0,111.5,0.0,0.0,0.0,0.0,0.0,0
2023-05-11 10:31:42,rb2311C3950,rb2311C3950,111.5,0.0,0.0,0.0,4,27.5,0.0,0,111.5,0.0,0.0,0.0,0.0,0.0,0
2023-05-11 10:31:42,rb2311C3950,rb2311C3950,111.5,0.0,0.0,0.0,4,27.5,0.0,0,111.5,0.0,0.0,0.0,0.0,0.0,0
2023-05-11 10:31:43,rb2311C3950,rb2311C3950,111.5,0.0,0.0,0.0,1,28.0,0.0,0,111.5,0.0,0.0,0.0,0.0,0.0,0
2023-05-11 10:31:43,rb2311C3950,rb2311C3950,111.5,0.0,0.0,0.0,1,28.0,0.0,0,111.5,0.0,0.0,0.0,0.0,0.0,0
2023-05-11 10:31:44,rb2311C3950,rb2311C3950,111.5,0.0,0.0,0.0,4,28.5,0.0,0,111.5,0.0,0.0,0.0,0.0,0.0,0
2023-05-11 10:31:44,rb2311C3950,rb2311C3950,111.5,0.0,0.0,0.0,4,28.5,0.0,0,111.5,0.0,0.0,0.0,0.0,0.0,0
2023-05-11 10:31:45,rb2311C3950,rb2311C3950,111.5,0.0,0.0,0.0,1,29.0,0.0,0,111.5,0.0,0.0,0.0,0.0,0.0,0
2023-05-11 10:31:45,rb2311C3950,rb2311C3950,111.5,0.0,0.0,0.0,1,29.0,0.0,0,111.5,0.0,0.0,0.0,0.0,0.0,0
2023-05-11 10:31:46,rb2311C3950,rb2311C3950,111.5,0.0,0.0,0.0,4,29.5,0.0,0,111.5,0.0,0.0,0.0,0.0,0.0,0
2023-05-11 10:31:48,rb2311C3950,rb2311C3950,111.5,0.0,0.0,0.0,1,30.0,0.0,0,111.5,0.0,0.0,0.0,0.0,0.0,0
2023-05-11 10:31:48,rb2311C3950,rb2311C3950,111.5,0.0,0.0,0.0,1,30.0,0.0,0,111.5,0.0,0.0,0.0,0.0,0.0,0
2023-05-11 10:31:49,rb2311C3950,rb2311C3950,111.5,0.0,0.0,0.0,4,30.5,0.0,0,111.5,0.0,0.0,0.0,0.0,0.0,0
2023-05-11 10:31:50,rb2311C3950,rb2311C3950,111.5,0.0,0.0,0.0,4,30.5,0.0,0,111.5,0.0,0.0,0.0,0.0,0.0,0
2023-05-11 10:31:51,rb2311C3950,rb2311C3950,111.5,0.0,0.0,0.0,1,31.0,0.0,0,111.5,0.0,0.0,0.0,0.0,0.0,0
2023-05-11 10:31:51,rb2311C3950,rb2311C3950,111.5,0.0,0.0,0.0,1,31.0,0.0,0,111.5,0.0,0.0,0.0,0.0,0.0,0
2023-05-11 10:31:52,rb2311C3950,rb2311C3950,111.5,0.0,0.0,0.0,4,31.5,0.0,0,111.5,0.0,0.0,0.0,0.0,0.0,0
2023-05-11 10:31:53,rb2311C3950,rb2311C3950,111.5,0.0,0.0,0.0,4,31.5,0.0,0,111.5,0.0,0.0,0.0,0.0,0.0,0
2023-05-11 10:31:54,rb2311C3950,rb2311C3950,111.5,0.0,0.0,0.0,1,32.0,0.0,0,111.5,0.0,0.0,0.0,0.0,0.0,0
2023-05-11 10:31:54,rb2311C3950,rb2311C3950,111.5,0.0,0.0,0.0,1,32.0,0.0,0,111.5,0.0,0.0,0.0,0.0,0.0,0
2023-05-11 10:31:55,rb2311C3950,rb2311C3950,111.5,0.0,0.0,0.0,4,32.5,0.0,0,111.5,0.0,0.0,0.0,0.0,0.0,0
2023-05-11 10:31:57,rb2311C3950,rb2311C3950,111.5,0.0,0.0,0.0,4,32.5,0.0,0,111.5,0.0,0.0,0.0,0.0,0.0,0
2023-05-11 10:31:58,rb2311C3950,rb2311C3950,111.5,0.0,0.0,0.0,1,33.0,0.0,0,111.5,0.0,0.0,0.0,0.0,0.0,0
2023-05-11 10:31:58,rb2311C3950,rb2311C3950,111.5,0.0,0.0,0.0,1,33.0,0.0,0,111.5,0.0,0.0,0.0,0.0,0.0,0
2023-05-11 10:31:59,rb2311C3950,rb2311C3950,111.5,0.0,0.0,0.0,4,33.5,0.0,0,111.5,0.0,0.0,0.0,0.0,0.0,0
2023-05-11 10:32:00,rb2311C3950,rb2311C3950,111.5,0.0,0.0,0.0,4,33.5,0.0,0,111.5,0.0,0.0,0.0,0.0,0.0,0
2023-05-11 10:32:01,rb2311C3950,rb2311C3950,111.5,0.0,0.0,0.0,1,34.0,0.0,0,111.5,0.0,0.0,0.0,0.0,0.0,0
2023-05-11 10:32:01,rb2311C3950,rb2311C3950,111.5,0.0,0.0,0.0,1,34.0,0.0,0,111.5,0.0,0.0,0.0,0.0,0.0,0
2023-05-11 10:32:02,rb2311C3950,rb2311C3950,111.5,0.0,0.0,0.0,4,34.5,0.0,0,111.5,0.0,0.0,0.0,0.0,0.0,0
2023-05-11 10:32:03,rb2311C3950,rb2311C3950,111.5,0.0,0.0,0.0,4,34.5,0.0,0,111.5,0.0,0.0,0.0,0.0,0.0,0
2023-05-11 10:32:03,rb2311C3950,rb2311C3950,111.5,0.0,0.0,0.0,1,35.0,0.0,0,111.5,0.0,0.0,0.0,0.0,0.0,0
2023-05-11 10:32:04,rb2311C3950,rb2311C3950,111.5,0.0,0.0,0.0,1,35.0,0.0,0,111.5,0.0,0.0,0.0,0.0,0.0,0
2023-05-11 10:32:04,rb2311C3950,rb2311C3950,111.5,0.0,0.0,0.0,4,35.5,0.0,0,111.5,0.0,0.0,0.0,0.0,0.0,0
2023-05-11 10:32:06,rb2311C3950,rb2311C3950,111.5,0.0,0.0,0.0,1,36.0,0.0,0,111.5,0.0,0.0,0.0,0.0,0.0,0
2023-05-11 10:32:07,rb2311C3950,rb2311C3950,111.5,0.0,0.0,0.0,1,36.0,0.0,0,111.5,0.0,0.0,0.0,0.0,0.0,0
2023-05-11 10:32:07,rb2311C3950,rb2311C3950,111.5,0.0,0.0,0.0,4,36.5,0.0,0,111.5,0.0,0.0,0.0,0.0,0.0,0
2023-05-11 10:32:08,rb2311C3950,rb2311C3950,111.5,0.0,0.0,0.0,1,37.0,0.0,0,111.5,0.0,0.0,0.0,0.0,0.0,0
2023-05-11 10:32:08,rb2311C3950,rb2311C3950,111.5,0.0,0.0,0.0,1,37.0,0.0,0,111.5,0.0,0.0,0.0,0.0,0.0,0
2023-05-11 10:32:09,rb2311C3950,rb2311C3950,111.5,0.0,0.0,0.0,4,37.5,0.0,0,111.5,0.0,0.0,0.0,0.0,0.0,0
2023-05-11 10:32:09,rb2311C3950,rb2311C3950,111.5,0.0,0.0,0.0,1,38.0,0.0,0,111.5,0.0,0.0,0.0,0.0,0.0,0
2023-05-11 10:32:10,rb2311C3950,rb2311C3950,111.5,0.0,0.0,0.0,1,38.0,0.0,0,111.5,0.0,0.0,0.0,0.0,0.0,0
2023-05-11 10:32:10,rb2311C3950,rb2311C3950,111.5,0.0,0.0,0.0,4,38.5,0.0,0,111.5,0.0,0.0,0.0,0.0,0.0,0
2023-05-11 10:32:11,rb2311C3950,rb2311C3950,111.5,0.0,0.0,0.0,1,39.0,0.0,0,111.5,0.0,0.0,0.0,0.0,0.0,0
2023-05-11 10:32:12,rb2311C3950,rb2311C3950,111.5,0.0,0.0,0.0,1,39.0,0.0,0,111.5,0.0,0.0,0.0,0.0,0.0,0
2023-05-11 10:32:12,rb2311C3950,rb2311C3950,111.5,0.0,0.0,0.0,4,39.5,0.0,0,111.5,0.0,0.0,0.0,0.0,0.0,0
2023-05-11 10:32:13,rb2311C3950,rb2311C3950,111.5,0.0,0.0,0.0,1,40.0,0.0,0,111.5,0.0,0.0,0.0,0.0,0.0,0
2023-05-11 10:32:13,rb2311C3950,rb2311C3950,111.5,0.0,0.0,0.0,1,40.0,0.0,0,111.5,0.0,0.0,0.0,0.0,0.0,0
2023-05-11 10:32:14,rb2311C3950,rb2311C3950,111.5,0.0,0.0,0.0,4,40.5,0.0,0,111.5,0.0,0.0,0.0,0.0,0.0,0
2023-05-11 10:32:14,rb2311C3950,rb2311C3950,111.5,0.0,0.0,0.0,1,41.0,0.0,0,111.5,0.0,0.0,0.0,0.0,0.0,0
2023-05-11 10:32:15,rb2311C3950,rb2311C3950,111.5,0.0,0.0,0.0,1,41.0,0.0,0,111.5,0.0,0.0,0.0,0.0,0.0,0
2023-05-11 10:32:15,rb2311C3950,rb2311C3950,111.5,0.0,0.0,0.0,4,41.5,0.0,0,111.5,0.0,0.0,0.0,0.0,0.0,0
2023-05-11 10:32:16,rb2311C3950,rb2311C3950,111.5,0.0,0.0,0.0,1,42.0,0.0,0,111.5,0.0,0.0,0.0,0.0,0.0,0
2023-05-11 10:32:16,rb2311C3950,rb2311C3950,111.5,0.0,0.0,0.0,1,42.0,0.0,0,111.5,0.0,0.0,0.0,0.0,0.0,0
2023-05-11 10:32:17,rb2311C3950,rb2311C3950,111.5,0.0,0.0,0.0,4,42.5,0.0,0,111.5,0.0,0.0,0.0,0.0,0.0,0
2023-05-11 10:32:18,rb2311C3950,rb2311C3950,111.5,0.0,0.0,0.0,4,42.5,0.0,0,111.5,0.0,0.0,0.0,0.0,0.0,0
2023-05-11 10:32:27,rb2311C3950,rb2311C3950,111.5,0.0,0.0,0.0,1,43.0,0.0,0,111.5,0.0,0.0,0.0,0.0,0.0,0
2023-05-11 10:32:27,rb2311C3950,rb2311C3950,111.5,0.0,0.0,0.0,1,43.0,0.0,0,111.5,0.0,0.0,0.0,0.0,0.0,0
2023-05-11 10:32:28,rb2311C3950,rb2311C3950,111.5,0.0,0.0,0.0,4,43.5,0.0,0,111.5,0.0,0.0,0.0,0.0,0.0,0
2023-05-11 10:32:28,rb2311C3950,rb2311C3950,111.5,0.0,0.0,0.0,4,43.5,0.0,0,111.5,0.0,0.0,0.0,0.0,0.0,0
2023-05-11 10:49:15,rb2311C3950,rb2311C3950,111.5,0.0,0.0,0.0,1,64.5,72.5,1,111.5,0.0,0.0,0.0,0.0,0.0,0
2023-05-11 10:49:16,rb2311C3950,rb2311C3950,111.5,0.0,0.0,0.0,1,64.5,72.5,1,111.5,0.0,0.0,0.0,0.0,0.0,0
2023-05-11 10:49:16,rb2311C3950,rb2311C3950,111.5,0.0,0.0,0.0,2,64.5,72.5,2,111.5,0.0,0.0,0.0,0.0,0.0,0
2023-05-11 10:49:26,rb2311C3950,rb2311C3950,111.5,0.0,0.0,0.0,3,64.5,68.5,1,111.5,0.0,0.0,0.0,0.0,0.0,0
2023-05-11 10:49:26,rb2311C3950,rb2311C3950,111.5,0.0,0.0,0.0,3,64.5,68.5,1,111.5,0.0,0.0,0.0,0.0,0.0,0
2023-05-11 10:49:27,rb2311C3950,rb2311C3950,111.5,0.0,0.0,0.0,2,64.5,68.5,2,111.5,0.0,0.0,0.0,0.0,0.0,0
2023-05-11 10:49:28,rb2311C3950,rb2311C3950,111.5,0.0,0.0,0.0,3,64.5,68.5,2,111.5,0.0,0.0,0.0,0.0,0.0,0
2023-05-11 10:49:29,rb2311C3950,rb2311C3950,111.5,0.0,0.0,0.0,3,64.5,68.5,2,111.5,0.0,0.0,0.0,0.0,0.0,0
2023-05-11 10:49:29,rb2311C3950,rb2311C3950,111.5,0.0,0.0,0.0,3,64.5,68.5,2,111.5,0.0,0.0,0.0,0.0,0.0,0
2023-05-11 10:49:31,rb2311C3950,rb2311C3950,111.5,0.0,0.0,0.0,3,64.5,66.0,1,111.5,0.0,0.0,0.0,0.0,0.0,0
2023-05-11 10:49:31,rb2311C3950,rb2311C3950,111.5,0.0,0.0,0.0,2,64.5,66.0,1,111.5,0.0,0.0,0.0,0.0,0.0,0
2023-05-11 10:49:32,rb2311C3950,rb2311C3950,111.5,0.0,0.0,0.0,2,64.5,66.0,1,111.5,0.0,0.0,0.0,0.0,0.0,0
2023-05-11 10:49:33,rb2311C3950,rb2311C3950,111.5,0.0,0.0,0.0,2,64.5,66.0,1,111.5,0.0,0.0,0.0,0.0,0.0,0
2023-05-11 10:49:33,rb2311C3950,rb2311C3950,111.5,0.0,0.0,0.0,2,64.5,66.0,1,111.5,0.0,0.0,0.0,0.0,0.0,0
2023-05-11 10:49:36,rb2311C3950,rb2311C3950,111.5,0.0,0.0,0.0,1,64.5,66.0,1,111.5,0.0,0.0,0.0,0.0,0.0,0
2023-05-11 10:49:39,rb2311C3950,rb2311C3950,111.5,0.0,0.0,0.0,1,64.5,66.0,1,111.5,0.0,0.0,0.0,0.0,0.0,0
2023-05-11 10:49:40,rb2311C3950,rb2311C3950,111.5,0.0,0.0,0.0,1,64.0,66.0,1,111.5,0.0,0.0,0.0,0.0,0.0,0
2023-05-11 10:49:42,rb2311C3950,rb2311C3950,111.5,0.0,0.0,0.0,1,64.0,67.0,1,111.5,0.0,0.0,0.0,0.0,0.0,0
2023-05-11 10:49:43,rb2311C3950,rb2311C3950,111.5,0.0,0.0,0.0,1,63.5,67.0,1,111.5,0.0,0.0,0.0,0.0,0.0,0
2023-05-11 10:49:45,rb2311C3950,rb2311C3950,111.5,0.0,0.0,0.0,1,63.5,67.0,1,111.5,0.0,0.0,0.0,0.0,0.0,0
2023-05-11 10:49:46,rb2311C3950,rb2311C3950,111.5,0.0,0.0,0.0,1,0.5,0.0,0,111.5,0.0,0.0,0.0,0.0,0.0,0
2023-05-11 10:49:46,rb2311C3950,rb2311C3950,111.5,0.0,0.0,0.0,4,1.0,0.0,0,111.5,0.0,0.0,0.0,0.0,0.0,0
2023-05-11 10:49:47,rb2311C3950,rb2311C3950,111.5,0.0,0.0,0.0,1,7.5,0.0,0,111.5,0.0,0.0,0.0,0.0,0.0,0
2023-05-11 10:49:47,rb2311C3950,rb2311C3950,111.5,0.0,0.0,0.0,1,7.5,0.0,0,111.5,0.0,0.0,0.0,0.0,0.0,0
2023-05-11 10:49:48,rb2311C3950,rb2311C3950,111.5,0.0,0.0,0.0,4,8.0,0.0,0,111.5,0.0,0.0,0.0,0.0,0.0,0
2023-05-11 10:49:49,rb2311C3950,rb2311C3950,111.5,0.0,0.0,0.0,1,8.5,0.0,0,111.5,0.0,0.0,0.0,0.0,0.0,0
2023-05-11 10:49:50,rb2311C3950,rb2311C3950,111.5,0.0,0.0,0.0,1,8.5,0.0,0,111.5,0.0,0.0,0.0,0.0,0.0,0
2023-05-11 10:49:50,rb2311C3950,rb2311C3950,111.5,0.0,0.0,0.0,4,9.0,0.0,0,111.5,0.0,0.0,0.0,0.0,0.0,0
2023-05-11 10:49:51,rb2311C3950,rb2311C3950,111.5,0.0,0.0,0.0,1,9.5,0.0,0,111.5,0.0,0.0,0.0,0.0,0.0,0
2023-05-11 10:49:51,rb2311C3950,rb2311C3950,111.5,0.0,0.0,0.0,1,9.5,0.0,0,111.5,0.0,0.0,0.0,0.0,0.0,0
2023-05-11 10:49:52,rb2311C3950,rb2311C3950,111.5,0.0,0.0,0.0,4,10.0,0.0,0,111.5,0.0,0.0,0.0,0.0,0.0,0
2023-05-11 10:49:52,rb2311C3950,rb2311C3950,111.5,0.0,0.0,0.0,1,10.5,0.0,0,111.5,0.0,0.0,0.0,0.0,0.0,0
2023-05-11 10:49:53,rb2311C3950,rb2311C3950,111.5,0.0,0.0,0.0,1,10.5,0.0,0,111.5,0.0,0.0,0.0,0.0,0.0,0
2023-05-11 10:49:53,rb2311C3950,rb2311C3950,111.5,0.0,0.0,0.0,4,11.0,0.0,0,111.5,0.0,0.0,0.0,0.0,0.0,0
2023-05-11 10:49:54,rb2311C3950,rb2311C3950,111.5,0.0,0.0,0.0,1,11.5,0.0,0,111.5,0.0,0.0,0.0,0.0,0.0,0
2023-05-11 10:49:54,rb2311C3950,rb2311C3950,111.5,0.0,0.0,0.0,1,11.5,0.0,0,111.5,0.0,0.0,0.0,0.0,0.0,0
2023-05-11 10:49:55,rb2311C3950,rb2311C3950,111.5,0.0,0.0,0.0,4,12.0,0.0,0,111.5,0.0,0.0,0.0,0.0,0.0,0
2023-05-11 10:49:55,rb2311C3950,rb2311C3950,111.5,0.0,0.0,0.0,1,12.5,0.0,0,111.5,0.0,0.0,0.0,0.0,0.0,0
2023-05-11 10:49:56,rb2311C3950,rb2311C3950,111.5,0.0,0.0,0.0,1,12.5,0.0,0,111.5,0.0,0.0,0.0,0.0,0.0,0
2023-05-11 10:49:56,rb2311C3950,rb2311C3950,111.5,0.0,0.0,0.0,4,13.0,0.0,0,111.5,0.0,0.0,0.0,0.0,0.0,0
2023-05-11 10:49:57,rb2311C3950,rb2311C3950,111.5,0.0,0.0,0.0,1,13.5,0.0,0,111.5,0.0,0.0,0.0,0.0,0.0,0
2023-05-11 10:49:57,rb2311C3950,rb2311C3950,111.5,0.0,0.0,0.0,1,13.5,0.0,0,111.5,0.0,0.0,0.0,0.0,0.0,0
2023-05-11 10:49:58,rb2311C3950,rb2311C3950,111.5,0.0,0.0,0.0,4,14.0,0.0,0,111.5,0.0,0.0,0.0,0.0,0.0,0
2023-05-11 10:49:58,rb2311C3950,rb2311C3950,111.5,0.0,0.0,0.0,1,14.5,0.0,0,111.5,0.0,0.0,0.0,0.0,0.0,0
2023-05-11 10:49:59,rb2311C3950,rb2311C3950,111.5,0.0,0.0,0.0,1,14.5,0.0,0,111.5,0.0,0.0,0.0,0.0,0.0,0
2023-05-11 10:49:59,rb2311C3950,rb2311C3950,111.5,0.0,0.0,0.0,4,15.0,0.0,0,111.5,0.0,0.0,0.0,0.0,0.0,0
2023-05-11 10:50:00,rb2311C3950,rb2311C3950,111.5,0.0,0.0,0.0,1,15.5,0.0,0,111.5,0.0,0.0,0.0,0.0,0.0,0
2023-05-11 10:50:00,rb2311C3950,rb2311C3950,111.5,0.0,0.0,0.0,1,15.5,0.0,0,111.5,0.0,0.0,0.0,0.0,0.0,0
2023-05-11 10:50:01,rb2311C3950,rb2311C3950,111.5,0.0,0.0,0.0,4,16.0,0.0,0,111.5,0.0,0.0,0.0,0.0,0.0,0
2023-05-11 10:50:01,rb2311C3950,rb2311C3950,111.5,0.0,0.0,0.0,4,16.0,0.0,0,111.5,0.0,0.0,0.0,0.0,0.0,0
2023-05-11 10:50:02,rb2311C3950,rb2311C3950,111.5,0.0,0.0,0.0,1,16.5,0.0,0,111.5,0.0,0.0,0.0,0.0,0.0,0
2023-05-11 10:50:02,rb2311C3950,rb2311C3950,111.5,0.0,0.0,0.0,1,16.5,0.0,0,111.5,0.0,0.0,0.0,0.0,0.0,0
2023-05-11 10:50:03,rb2311C3950,rb2311C3950,111.5,0.0,0.0,0.0,4,17.0,0.0,0,111.5,0.0,0.0,0.0,0.0,0.0,0
2023-05-11 10:50:03,rb2311C3950,rb2311C3950,111.5,0.0,0.0,0.0,1,17.5,0.0,0,111.5,0.0,0.0,0.0,0.0,0.0,0
2023-05-11 10:50:04,rb2311C3950,rb2311C3950,111.5,0.0,0.0,0.0,1,17.5,0.0,0,111.5,0.0,0.0,0.0,0.0,0.0,0
2023-05-11 10:50:04,rb2311C3950,rb2311C3950,111.5,0.0,0.0,0.0,4,18.0,0.0,0,111.5,0.0,0.0,0.0,0.0,0.0,0
2023-05-11 10:50:05,rb2311C3950,rb2311C3950,111.5,0.0,0.0,0.0,1,18.5,0.0,0,111.5,0.0,0.0,0.0,0.0,0.0,0
2023-05-11 10:50:05,rb2311C3950,rb2311C3950,111.5,0.0,0.0,0.0,1,18.5,0.0,0,111.5,0.0,0.0,0.0,0.0,0.0,0
2023-05-11 10:50:06,rb2311C3950,rb2311C3950,111.5,0.0,0.0,0.0,4,19.0,0.0,0,111.5,0.0,0.0,0.0,0.0,0.0,0
2023-05-11 10:50:06,rb2311C3950,rb2311C3950,111.5,0.0,0.0,0.0,1,19.5,0.0,0,111.5,0.0,0.0,0.0,0.0,0.0,0
2023-05-11 10:50:07,rb2311C3950,rb2311C3950,111.5,0.0,0.0,0.0,1,19.5,0.0,0,111.5,0.0,0.0,0.0,0.0,0.0,0
2023-05-11 10:50:07,rb2311C3950,rb2311C3950,111.5,0.0,0.0,0.0,4,20.0,0.0,0,111.5,0.0,0.0,0.0,0.0,0.0,0
2023-05-11 10:50:08,rb2311C3950,rb2311C3950,111.5,0.0,0.0,0.0,1,20.5,0.0,0,111.5,0.0,0.0,0.0,0.0,0.0,0
2023-05-11 10:50:08,rb2311C3950,rb2311C3950,111.5,0.0,0.0,0.0,1,20.5,0.0,0,111.5,0.0,0.0,0.0,0.0,0.0,0
2023-05-11 10:50:09,rb2311C3950,rb2311C3950,111.5,0.0,0.0,0.0,4,21.0,0.0,0,111.5,0.0,0.0,0.0,0.0,0.0,0
2023-05-11 10:50:09,rb2311C3950,rb2311C3950,111.5,0.0,0.0,0.0,1,21.5,0.0,0,111.5,0.0,0.0,0.0,0.0,0.0,0
2023-05-11 10:50:10,rb2311C3950,rb2311C3950,111.5,0.0,0.0,0.0,1,21.5,0.0,0,111.5,0.0,0.0,0.0,0.0,0.0,0
2023-05-11 10:50:10,rb2311C3950,rb2311C3950,111.5,0.0,0.0,0.0,4,22.0,0.0,0,111.5,0.0,0.0,0.0,0.0,0.0,0
2023-05-11 10:50:11,rb2311C3950,rb2311C3950,111.5,0.0,0.0,0.0,1,22.5,0.0,0,111.5,0.0,0.0,0.0,0.0,0.0,0
2023-05-11 10:50:11,rb2311C3950,rb2311C3950,111.5,0.0,0.0,0.0,1,22.5,0.0,0,111.5,0.0,0.0,0.0,0.0,0.0,0
2023-05-11 10:50:12,rb2311C3950,rb2311C3950,111.5,0.0,0.0,0.0,4,23.0,0.0,0,111.5,0.0,0.0,0.0,0.0,0.0,0
2023-05-11 10:50:12,rb2311C3950,rb2311C3950,111.5,0.0,0.0,0.0,1,23.5,0.0,0,111.5,0.0,0.0,0.0,0.0,0.0,0
2023-05-11 10:50:13,rb2311C3950,rb2311C3950,111.5,0.0,0.0,0.0,1,23.5,0.0,0,111.5,0.0,0.0,0.0,0.0,0.0,0
2023-05-11 10:50:13,rb2311C3950,rb2311C3950,111.5,0.0,0.0,0.0,4,24.0,0.0,0,111.5,0.0,0.0,0.0,0.0,0.0,0
2023-05-11 10:50:14,rb2311C3950,rb2311C3950,111.5,0.0,0.0,0.0,1,24.5,0.0,0,111.5,0.0,0.0,0.0,0.0,0.0,0
2023-05-11 10:50:14,rb2311C3950,rb2311C3950,111.5,0.0,0.0,0.0,1,24.5,0.0,0,111.5,0.0,0.0,0.0,0.0,0.0,0
2023-05-11 10:50:15,rb2311C3950,rb2311C3950,111.5,0.0,0.0,0.0,4,25.0,0.0,0,111.5,0.0,0.0,0.0,0.0,0.0,0
2023-05-11 10:50:15,rb2311C3950,rb2311C3950,111.5,0.0,0.0,0.0,1,25.5,0.0,0,111.5,0.0,0.0,0.0,0.0,0.0,0
2023-05-11 10:50:16,rb2311C3950,rb2311C3950,111.5,0.0,0.0,0.0,1,25.5,0.0,0,111.5,0.0,0.0,0.0,0.0,0.0,0
2023-05-11 10:50:16,rb2311C3950,rb2311C3950,111.5,0.0,0.0,0.0,4,26.0,0.0,0,111.5,0.0,0.0,0.0,0.0,0.0,0
2023-05-11 10:50:17,rb2311C3950,rb2311C3950,111.5,0.0,0.0,0.0,1,26.5,0.0,0,111.5,0.0,0.0,0.0,0.0,0.0,0
2023-05-11 10:50:17,rb2311C3950,rb2311C3950,111.5,0.0,0.0,0.0,1,26.5,0.0,0,111.5,0.0,0.0,0.0,0.0,0.0,0
2023-05-11 10:50:18,rb2311C3950,rb2311C3950,111.5,0.0,0.0,0.0,4,27.0,0.0,0,111.5,0.0,0.0,0.0,0.0,0.0,0
2023-05-11 10:50:18,rb2311C3950,rb2311C3950,111.5,0.0,0.0,0.0,1,27.5,0.0,0,111.5,0.0,0.0,0.0,0.0,0.0,0
2023-05-11 10:50:19,rb2311C3950,rb2311C3950,111.5,0.0,0.0,0.0,1,27.5,0.0,0,111.5,0.0,0.0,0.0,0.0,0.0,0
2023-05-11 10:50:19,rb2311C3950,rb2311C3950,111.5,0.0,0.0,0.0,4,28.0,0.0,0,111.5,0.0,0.0,0.0,0.0,0.0,0
2023-05-11 10:50:20,rb2311C3950,rb2311C3950,111.5,0.0,0.0,0.0,1,28.5,0.0,0,111.5,0.0,0.0,0.0,0.0,0.0,0
2023-05-11 10:50:20,rb2311C3950,rb2311C3950,111.5,0.0,0.0,0.0,1,28.5,0.0,0,111.5,0.0,0.0,0.0,0.0,0.0,0
2023-05-11 10:50:21,rb2311C3950,rb2311C3950,111.5,0.0,0.0,0.0,4,29.0,0.0,0,111.5,0.0,0.0,0.0,0.0,0.0,0
2023-05-11 10:50:21,rb2311C3950,rb2311C3950,111.5,0.0,0.0,0.0,1,29.5,0.0,0,111.5,0.0,0.0,0.0,0.0,0.0,0
2023-05-11 10:50:22,rb2311C3950,rb2311C3950,111.5,0.0,0.0,0.0,1,29.5,0.0,0,111.5,0.0,0.0,0.0,0.0,0.0,0
2023-05-11 10:50:22,rb2311C3950,rb2311C3950,111.5,0.0,0.0,0.0,4,30.0,0.0,0,111.5,0.0,0.0,0.0,0.0,0.0,0
2023-05-11 10:50:23,rb2311C3950,rb2311C3950,111.5,0.0,0.0,0.0,1,30.5,0.0,0,111.5,0.0,0.0,0.0,0.0,0.0,0
2023-05-11 10:50:23,rb2311C3950,rb2311C3950,111.5,0.0,0.0,0.0,1,30.5,0.0,0,111.5,0.0,0.0,0.0,0.0,0.0,0
2023-05-11 10:50:24,rb2311C3950,rb2311C3950,111.5,0.0,0.0,0.0,4,31.0,0.0,0,111.5,0.0,0.0,0.0,0.0,0.0,0
2023-05-11 10:50:24,rb2311C3950,rb2311C3950,111.5,0.0,0.0,0.0,1,31.5,0.0,0,111.5,0.0,0.0,0.0,0.0,0.0,0
2023-05-11 10:50:25,rb2311C3950,rb2311C3950,111.5,0.0,0.0,0.0,1,31.5,0.0,0,111.5,0.0,0.0,0.0,0.0,0.0,0
2023-05-11 10:50:25,rb2311C3950,rb2311C3950,111.5,0.0,0.0,0.0,4,32.0,0.0,0,111.5,0.0,0.0,0.0,0.0,0.0,0
2023-05-11 10:50:26,rb2311C3950,rb2311C3950,111.5,0.0,0.0,0.0,1,32.5,0.0,0,111.5,0.0,0.0,0.0,0.0,0.0,0
2023-05-11 10:50:26,rb2311C3950,rb2311C3950,111.5,0.0,0.0,0.0,1,32.5,0.0,0,111.5,0.0,0.0,0.0,0.0,0.0,0
2023-05-11 10:50:27,rb2311C3950,rb2311C3950,111.5,0.0,0.0,0.0,4,33.0,0.0,0,111.5,0.0,0.0,0.0,0.0,0.0,0
2023-05-11 10:50:27,rb2311C3950,rb2311C3950,111.5,0.0,0.0,0.0,1,33.5,0.0,0,111.5,0.0,0.0,0.0,0.0,0.0,0
2023-05-11 10:50:28,rb2311C3950,rb2311C3950,111.5,0.0,0.0,0.0,1,33.5,0.0,0,111.5,0.0,0.0,0.0,0.0,0.0,0
2023-05-11 10:50:28,rb2311C3950,rb2311C3950,111.5,0.0,0.0,0.0,4,34.0,0.0,0,111.5,0.0,0.0,0.0,0.0,0.0,0
2023-05-11 10:50:29,rb2311C3950,rb2311C3950,111.5,0.0,0.0,0.0,1,34.5,0.0,0,111.5,0.0,0.0,0.0,0.0,0.0,0
2023-05-11 10:50:29,rb2311C3950,rb2311C3950,111.5,0.0,0.0,0.0,1,34.5,0.0,0,111.5,0.0,0.0,0.0,0.0,0.0,0
2023-05-11 10:50:30,rb2311C3950,rb2311C3950,111.5,0.0,0.0,0.0,4,35.0,0.0,0,111.5,0.0,0.0,0.0,0.0,0.0,0
2023-05-11 10:50:30,rb2311C3950,rb2311C3950,111.5,0.0,0.0,0.0,1,35.5,0.0,0,111.5,0.0,0.0,0.0,0.0,0.0,0
2023-05-11 10:50:31,rb2311C3950,rb2311C3950,111.5,0.0,0.0,0.0,1,35.5,0.0,0,111.5,0.0,0.0,0.0,0.0,0.0,0
2023-05-11 10:50:31,rb2311C3950,rb2311C3950,111.5,0.0,0.0,0.0,4,36.0,0.0,0,111.5,0.0,0.0,0.0,0.0,0.0,0
2023-05-11 10:50:32,rb2311C3950,rb2311C3950,111.5,0.0,0.0,0.0,1,36.5,0.0,0,111.5,0.0,0.0,0.0,0.0,0.0,0
2023-05-11 10:50:32,rb2311C3950,rb2311C3950,111.5,0.0,0.0,0.0,1,36.5,0.0,0,111.5,0.0,0.0,0.0,0.0,0.0,0
2023-05-11 10:50:33,rb2311C3950,rb2311C3950,111.5,0.0,0.0,0.0,4,37.0,0.0,0,111.5,0.0,0.0,0.0,0.0,0.0,0
2023-05-11 10:50:33,rb2311C3950,rb2311C3950,111.5,0.0,0.0,0.0,1,37.5,0.0,0,111.5,0.0,0.0,0.0,0.0,0.0,0
2023-05-11 10:50:34,rb2311C3950,rb2311C3950,111.5,0.0,0.0,0.0,1,37.5,0.0,0,111.5,0.0,0.0,0.0,0.0,0.0,0
2023-05-11 10:50:34,rb2311C3950,rb2311C3950,111.5,0.0,0.0,0.0,4,38.0,0.0,0,111.5,0.0,0.0,0.0,0.0,0.0,0
2023-05-11 10:50:35,rb2311C3950,rb2311C3950,111.5,0.0,0.0,0.0,1,38.5,0.0,0,111.5,0.0,0.0,0.0,0.0,0.0,0
2023-05-11 10:50:35,rb2311C3950,rb2311C3950,111.5,0.0,0.0,0.0,1,38.5,0.0,0,111.5,0.0,0.0,0.0,0.0,0.0,0
2023-05-11 10:50:36,rb2311C3950,rb2311C3950,111.5,0.0,0.0,0.0,4,39.0,0.0,0,111.5,0.0,0.0,0.0,0.0,0.0,0
2023-05-11 10:50:36,rb2311C3950,rb2311C3950,111.5,0.0,0.0,0.0,1,39.5,0.0,0,111.5,0.0,0.0,0.0,0.0,0.0,0
2023-05-11 10:50:37,rb2311C3950,rb2311C3950,111.5,0.0,0.0,0.0,1,39.5,0.0,0,111.5,0.0,0.0,0.0,0.0,0.0,0
2023-05-11 10:50:37,rb2311C3950,rb2311C3950,111.5,0.0,0.0,0.0,4,40.0,0.0,0,111.5,0.0,0.0,0.0,0.0,0.0,0
2023-05-11 10:50:38,rb2311C3950,rb2311C3950,111.5,0.0,0.0,0.0,1,40.5,0.0,0,111.5,0.0,0.0,0.0,0.0,0.0,0
2023-05-11 10:50:38,rb2311C3950,rb2311C3950,111.5,0.0,0.0,0.0,1,40.5,0.0,0,111.5,0.0,0.0,0.0,0.0,0.0,0
2023-05-11 10:50:39,rb2311C3950,rb2311C3950,111.5,0.0,0.0,0.0,4,41.0,0.0,0,111.5,0.0,0.0,0.0,0.0,0.0,0
2023-05-11 10:50:39,rb2311C3950,rb2311C3950,111.5,0.0,0.0,0.0,1,41.5,0.0,0,111.5,0.0,0.0,0.0,0.0,0.0,0
2023-05-11 10:50:40,rb2311C3950,rb2311C3950,111.5,0.0,0.0,0.0,1,41.5,0.0,0,111.5,0.0,0.0,0.0,0.0,0.0,0
2023-05-11 10:50:40,rb2311C3950,rb2311C3950,111.5,0.0,0.0,0.0,4,42.0,0.0,0,111.5,0.0,0.0,0.0,0.0,0.0,0
2023-05-11 10:50:41,rb2311C3950,rb2311C3950,111.5,0.0,0.0,0.0,4,42.0,0.0,0,111.5,0.0,0.0,0.0,0.0,0.0,0
2023-05-11 10:57:13,rb2311C3950,rb2311C3950,111.5,0.0,0.0,0.0,1,42.5,0.0,0,111.5,0.0,0.0,0.0,0.0,0.0,0
2023-05-11 10:57:14,rb2311C3950,rb2311C3950,111.5,0.0,0.0,0.0,1,42.5,0.0,0,111.5,0.0,0.0,0.0,0.0,0.0,0
2023-05-11 10:57:14,rb2311C3950,rb2311C3950,111.5,0.0,0.0,0.0,4,43.0,0.0,0,111.5,0.0,0.0,0.0,0.0,0.0,0
2023-05-11 10:57:15,rb2311C3950,rb2311C3950,111.5,0.0,0.0,0.0,4,43.0,0.0,0,111.5,0.0,0.0,0.0,0.0,0.0,0
2023-05-11 11:04:29,rb2311C3950,rb2311C3950,111.5,0.0,0.0,0.0,1,43.5,0.0,0,111.5,0.0,0.0,0.0,0.0,0.0,0
2023-05-11 11:04:29,rb2311C3950,rb2311C3950,111.5,0.0,0.0,0.0,1,43.5,0.0,0,111.5,0.0,0.0,0.0,0.0,0.0,0
2023-05-11 11:04:30,rb2311C3950,rb2311C3950,111.5,0.0,0.0,0.0,4,44.0,0.0,0,111.5,0.0,0.0,0.0,0.0,0.0,0
2023-05-11 11:04:30,rb2311C3950,rb2311C3950,111.5,0.0,0.0,0.0,4,44.0,0.0,0,111.5,0.0,0.0,0.0,0.0,0.0,0
2023-05-11 11:14:09,rb2311C3950,rb2311C3950,111.5,0.0,0.0,0.0,4,44.0,0.0,0,111.5,0.0,0.0,0.0,0.0,0.0,0
2023-05-11 11:29:34,rb2311C3950,rb2311C3950,111.5,0.0,0.0,0.0,1,1.0,0.0,0,111.5,0.0,0.0,0.0,0.0,0.0,0
2023-05-11 11:29:48,rb2311C3950,rb2311C3950,111.5,0.0,0.0,0.0,1,0.5,0.0,0,111.5,0.0,0.0,0.0,0.0,0.0,0
2023-05-11 13:30:10,rb2311C3950,rb2311C3950,111.5,0.0,0.0,0.0,4,1.0,0.0,0,111.5,0.0,0.0,0.0,0.0,0.0,0
2023-05-11 13:31:34,rb2311C3950,rb2311C3950,111.5,0.0,0.0,0.0,1,1.5,0.0,0,111.5,0.0,0.0,0.0,0.0,0.0,0
2023-05-11 13:31:34,rb2311C3950,rb2311C3950,111.5,0.0,0.0,0.0,1,1.5,0.0,0,111.5,0.0,0.0,0.0,0.0,0.0,0
2023-05-11 13:31:35,rb2311C3950,rb2311C3950,111.5,0.0,0.0,0.0,4,2.0,0.0,0,111.5,0.0,0.0,0.0,0.0,0.0,0
2023-05-11 13:31:40,rb2311C3950,rb2311C3950,111.5,0.0,0.0,0.0,1,2.5,0.0,0,111.5,0.0,0.0,0.0,0.0,0.0,0
2023-05-11 13:31:41,rb2311C3950,rb2311C3950,111.5,0.0,0.0,0.0,1,2.5,0.0,0,111.5,0.0,0.0,0.0,0.0,0.0,0
2023-05-11 13:31:41,rb2311C3950,rb2311C3950,111.5,0.0,0.0,0.0,4,3.0,0.0,0,111.5,0.0,0.0,0.0,0.0,0.0,0
2023-05-11 13:31:56,rb2311C3950,rb2311C3950,111.5,0.0,0.0,0.0,1,3.5,0.0,0,111.5,0.0,0.0,0.0,0.0,0.0,0
2023-05-11 13:31:57,rb2311C3950,rb2311C3950,111.5,0.0,0.0,0.0,1,3.5,0.0,0,111.5,0.0,0.0,0.0,0.0,0.0,0
2023-05-11 13:31:57,rb2311C3950,rb2311C3950,111.5,0.0,0.0,0.0,4,4.0,0.0,0,111.5,0.0,0.0,0.0,0.0,0.0,0
2023-05-11 13:32:00,rb2311C3950,rb2311C3950,111.5,0.0,0.0,0.0,1,4.5,0.0,0,111.5,0.0,0.0,0.0,0.0,0.0,0
2023-05-11 13:32:00,rb2311C3950,rb2311C3950,111.5,0.0,0.0,0.0,1,4.5,0.0,0,111.5,0.0,0.0,0.0,0.0,0.0,0
2023-05-11 13:32:01,rb2311C3950,rb2311C3950,111.5,0.0,0.0,0.0,4,5.0,0.0,0,111.5,0.0,0.0,0.0,0.0,0.0,0
2023-05-11 13:32:01,rb2311C3950,rb2311C3950,111.5,0.0,0.0,0.0,4,5.0,0.0,0,111.5,0.0,0.0,0.0,0.0,0.0,0
2023-05-11 13:32:02,rb2311C3950,rb2311C3950,111.5,0.0,0.0,0.0,1,5.5,0.0,0,111.5,0.0,0.0,0.0,0.0,0.0,0
2023-05-11 13:32:02,rb2311C3950,rb2311C3950,111.5,0.0,0.0,0.0,1,5.5,0.0,0,111.5,0.0,0.0,0.0,0.0,0.0,0
2023-05-11 13:32:03,rb2311C3950,rb2311C3950,111.5,0.0,0.0,0.0,4,6.0,0.0,0,111.5,0.0,0.0,0.0,0.0,0.0,0
2023-05-11 13:32:04,rb2311C3950,rb2311C3950,111.5,0.0,0.0,0.0,1,6.5,0.0,0,111.5,0.0,0.0,0.0,0.0,0.0,0
2023-05-11 13:32:04,rb2311C3950,rb2311C3950,111.5,0.0,0.0,0.0,1,6.5,0.0,0,111.5,0.0,0.0,0.0,0.0,0.0,0
2023-05-11 13:32:05,rb2311C3950,rb2311C3950,111.5,0.0,0.0,0.0,4,7.0,0.0,0,111.5,0.0,0.0,0.0,0.0,0.0,0
2023-05-11 13:32:05,rb2311C3950,rb2311C3950,111.5,0.0,0.0,0.0,4,7.0,0.0,0,111.5,0.0,0.0,0.0,0.0,0.0,0
2023-05-11 13:32:06,rb2311C3950,rb2311C3950,111.5,0.0,0.0,0.0,1,7.5,0.0,0,111.5,0.0,0.0,0.0,0.0,0.0,0
2023-05-11 13:32:06,rb2311C3950,rb2311C3950,111.5,0.0,0.0,0.0,1,7.5,0.0,0,111.5,0.0,0.0,0.0,0.0,0.0,0
2023-05-11 13:32:07,rb2311C3950,rb2311C3950,111.5,0.0,0.0,0.0,4,8.0,0.0,0,111.5,0.0,0.0,0.0,0.0,0.0,0
2023-05-11 13:32:08,rb2311C3950,rb2311C3950,111.5,0.0,0.0,0.0,1,8.5,0.0,0,111.5,0.0,0.0,0.0,0.0,0.0,0
2023-05-11 13:32:08,rb2311C3950,rb2311C3950,111.5,0.0,0.0,0.0,1,8.5,0.0,0,111.5,0.0,0.0,0.0,0.0,0.0,0
2023-05-11 13:32:09,rb2311C3950,rb2311C3950,111.5,0.0,0.0,0.0,4,9.0,0.0,0,111.5,0.0,0.0,0.0,0.0,0.0,0
2023-05-11 13:32:10,rb2311C3950,rb2311C3950,111.5,0.0,0.0,0.0,4,9.0,0.0,0,111.5,0.0,0.0,0.0,0.0,0.0,0
2023-05-11 13:32:10,rb2311C3950,rb2311C3950,111.5,0.0,0.0,0.0,1,9.5,0.0,0,111.5,0.0,0.0,0.0,0.0,0.0,0
2023-05-11 13:32:11,rb2311C3950,rb2311C3950,111.5,0.0,0.0,0.0,1,9.5,0.0,0,111.5,0.0,0.0,0.0,0.0,0.0,0
2023-05-11 13:32:11,rb2311C3950,rb2311C3950,111.5,0.0,0.0,0.0,4,10.0,0.0,0,111.5,0.0,0.0,0.0,0.0,0.0,0
2023-05-11 13:32:13,rb2311C3950,rb2311C3950,111.5,0.0,0.0,0.0,4,10.0,0.0,0,111.5,0.0,0.0,0.0,0.0,0.0,0
2023-05-11 13:32:13,rb2311C3950,rb2311C3950,111.5,0.0,0.0,0.0,1,10.5,0.0,0,111.5,0.0,0.0,0.0,0.0,0.0,0
2023-05-11 13:32:14,rb2311C3950,rb2311C3950,111.5,0.0,0.0,0.0,1,10.5,0.0,0,111.5,0.0,0.0,0.0,0.0,0.0,0
2023-05-11 13:32:14,rb2311C3950,rb2311C3950,111.5,0.0,0.0,0.0,4,11.0,0.0,0,111.5,0.0,0.0,0.0,0.0,0.0,0
2023-05-11 13:32:15,rb2311C3950,rb2311C3950,111.5,0.0,0.0,0.0,4,11.0,0.0,0,111.5,0.0,0.0,0.0,0.0,0.0,0
2023-05-11 13:32:15,rb2311C3950,rb2311C3950,111.5,0.0,0.0,0.0,1,11.5,0.0,0,111.5,0.0,0.0,0.0,0.0,0.0,0
2023-05-11 13:32:16,rb2311C3950,rb2311C3950,111.5,0.0,0.0,0.0,1,11.5,0.0,0,111.5,0.0,0.0,0.0,0.0,0.0,0
2023-05-11 13:32:16,rb2311C3950,rb2311C3950,111.5,0.0,0.0,0.0,4,12.0,0.0,0,111.5,0.0,0.0,0.0,0.0,0.0,0
2023-05-11 13:32:19,rb2311C3950,rb2311C3950,111.5,0.0,0.0,0.0,1,12.5,0.0,0,111.5,0.0,0.0,0.0,0.0,0.0,0
2023-05-11 13:32:20,rb2311C3950,rb2311C3950,111.5,0.0,0.0,0.0,1,12.5,0.0,0,111.5,0.0,0.0,0.0,0.0,0.0,0
2023-05-11 13:32:20,rb2311C3950,rb2311C3950,111.5,0.0,0.0,0.0,4,13.0,0.0,0,111.5,0.0,0.0,0.0,0.0,0.0,0
2023-05-11 13:32:23,rb2311C3950,rb2311C3950,111.5,0.0,0.0,0.0,1,13.5,0.0,0,111.5,0.0,0.0,0.0,0.0,0.0,0
2023-05-11 13:32:24,rb2311C3950,rb2311C3950,111.5,0.0,0.0,0.0,1,13.5,0.0,0,111.5,0.0,0.0,0.0,0.0,0.0,0
2023-05-11 13:32:24,rb2311C3950,rb2311C3950,111.5,0.0,0.0,0.0,4,14.0,0.0,0,111.5,0.0,0.0,0.0,0.0,0.0,0
2023-05-11 13:32:26,rb2311C3950,rb2311C3950,111.5,0.0,0.0,0.0,4,14.0,0.0,0,111.5,0.0,0.0,0.0,0.0,0.0,0
2023-05-11 13:32:27,rb2311C3950,rb2311C3950,111.5,0.0,0.0,0.0,1,14.5,0.0,0,111.5,0.0,0.0,0.0,0.0,0.0,0
2023-05-11 13:32:27,rb2311C3950,rb2311C3950,111.5,0.0,0.0,0.0,1,14.5,0.0,0,111.5,0.0,0.0,0.0,0.0,0.0,0
2023-05-11 13:32:28,rb2311C3950,rb2311C3950,111.5,0.0,0.0,0.0,4,15.0,0.0,0,111.5,0.0,0.0,0.0,0.0,0.0,0
2023-05-11 13:32:34,rb2311C3950,rb2311C3950,111.5,0.0,0.0,0.0,4,15.0,0.0,0,111.5,0.0,0.0,0.0,0.0,0.0,0
2023-05-11 13:32:34,rb2311C3950,rb2311C3950,111.5,0.0,0.0,0.0,1,15.5,0.0,0,111.5,0.0,0.0,0.0,0.0,0.0,0
2023-05-11 13:32:35,rb2311C3950,rb2311C3950,111.5,0.0,0.0,0.0,1,15.5,0.0,0,111.5,0.0,0.0,0.0,0.0,0.0,0
2023-05-11 13:32:35,rb2311C3950,rb2311C3950,111.5,0.0,0.0,0.0,4,16.0,0.0,0,111.5,0.0,0.0,0.0,0.0,0.0,0
2023-05-11 13:32:36,rb2311C3950,rb2311C3950,111.5,0.0,0.0,0.0,1,16.5,0.0,0,111.5,0.0,0.0,0.0,0.0,0.0,0
2023-05-11 13:32:37,rb2311C3950,rb2311C3950,111.5,0.0,0.0,0.0,1,16.5,0.0,0,111.5,0.0,0.0,0.0,0.0,0.0,0
2023-05-11 13:32:37,rb2311C3950,rb2311C3950,111.5,0.0,0.0,0.0,4,17.0,0.0,0,111.5,0.0,0.0,0.0,0.0,0.0,0
2023-05-11 13:32:38,rb2311C3950,rb2311C3950,111.5,0.0,0.0,0.0,4,17.0,0.0,0,111.5,0.0,0.0,0.0,0.0,0.0,0
2023-05-11 13:32:39,rb2311C3950,rb2311C3950,111.5,0.0,0.0,0.0,1,17.5,0.0,0,111.5,0.0,0.0,0.0,0.0,0.0,0
2023-05-11 13:32:39,rb2311C3950,rb2311C3950,111.5,0.0,0.0,0.0,1,17.5,0.0,0,111.5,0.0,0.0,0.0,0.0,0.0,0
2023-05-11 13:32:40,rb2311C3950,rb2311C3950,111.5,0.0,0.0,0.0,4,18.0,0.0,0,111.5,0.0,0.0,0.0,0.0,0.0,0
2023-05-11 13:32:41,rb2311C3950,rb2311C3950,111.5,0.0,0.0,0.0,1,18.5,0.0,0,111.5,0.0,0.0,0.0,0.0,0.0,0
2023-05-11 13:32:42,rb2311C3950,rb2311C3950,111.5,0.0,0.0,0.0,1,18.5,0.0,0,111.5,0.0,0.0,0.0,0.0,0.0,0
2023-05-11 13:32:42,rb2311C3950,rb2311C3950,111.5,0.0,0.0,0.0,4,19.0,0.0,0,111.5,0.0,0.0,0.0,0.0,0.0,0
2023-05-11 13:32:43,rb2311C3950,rb2311C3950,111.5,0.0,0.0,0.0,1,19.5,0.0,0,111.5,0.0,0.0,0.0,0.0,0.0,0
2023-05-11 13:32:44,rb2311C3950,rb2311C3950,111.5,0.0,0.0,0.0,1,19.5,0.0,0,111.5,0.0,0.0,0.0,0.0,0.0,0
2023-05-11 13:32:44,rb2311C3950,rb2311C3950,111.5,0.0,0.0,0.0,4,20.0,0.0,0,111.5,0.0,0.0,0.0,0.0,0.0,0
2023-05-11 13:32:45,rb2311C3950,rb2311C3950,111.5,0.0,0.0,0.0,1,20.5,0.0,0,111.5,0.0,0.0,0.0,0.0,0.0,0
2023-05-11 13:32:46,rb2311C3950,rb2311C3950,111.5,0.0,0.0,0.0,1,20.5,0.0,0,111.5,0.0,0.0,0.0,0.0,0.0,0
2023-05-11 13:32:46,rb2311C3950,rb2311C3950,111.5,0.0,0.0,0.0,4,21.0,0.0,0,111.5,0.0,0.0,0.0,0.0,0.0,0
2023-05-11 13:32:48,rb2311C3950,rb2311C3950,111.5,0.0,0.0,0.0,1,21.5,0.0,0,111.5,0.0,0.0,0.0,0.0,0.0,0
2023-05-11 13:32:48,rb2311C3950,rb2311C3950,111.5,0.0,0.0,0.0,1,21.5,0.0,0,111.5,0.0,0.0,0.0,0.0,0.0,0
2023-05-11 13:32:49,rb2311C3950,rb2311C3950,111.5,0.0,0.0,0.0,4,22.0,0.0,0,111.5,0.0,0.0,0.0,0.0,0.0,0
2023-05-11 13:32:49,rb2311C3950,rb2311C3950,111.5,0.0,0.0,0.0,4,22.0,0.0,0,111.5,0.0,0.0,0.0,0.0,0.0,0
2023-05-11 13:32:50,rb2311C3950,rb2311C3950,111.5,0.0,0.0,0.0,1,22.5,0.0,0,111.5,0.0,0.0,0.0,0.0,0.0,0
2023-05-11 13:32:50,rb2311C3950,rb2311C3950,111.5,0.0,0.0,0.0,1,22.5,0.0,0,111.5,0.0,0.0,0.0,0.0,0.0,0
2023-05-11 13:32:51,rb2311C3950,rb2311C3950,111.5,0.0,0.0,0.0,4,23.0,0.0,0,111.5,0.0,0.0,0.0,0.0,0.0,0
2023-05-11 13:32:51,rb2311C3950,rb2311C3950,111.5,0.0,0.0,0.0,1,23.5,0.0,0,111.5,0.0,0.0,0.0,0.0,0.0,0
2023-05-11 13:32:52,rb2311C3950,rb2311C3950,111.5,0.0,0.0,0.0,1,23.5,0.0,0,111.5,0.0,0.0,0.0,0.0,0.0,0
2023-05-11 13:32:52,rb2311C3950,rb2311C3950,111.5,0.0,0.0,0.0,4,24.0,0.0,0,111.5,0.0,0.0,0.0,0.0,0.0,0
2023-05-11 13:32:54,rb2311C3950,rb2311C3950,111.5,0.0,0.0,0.0,1,24.5,0.0,0,111.5,0.0,0.0,0.0,0.0,0.0,0
2023-05-11 13:32:54,rb2311C3950,rb2311C3950,111.5,0.0,0.0,0.0,1,24.5,0.0,0,111.5,0.0,0.0,0.0,0.0,0.0,0
2023-05-11 13:32:55,rb2311C3950,rb2311C3950,111.5,0.0,0.0,0.0,4,25.0,0.0,0,111.5,0.0,0.0,0.0,0.0,0.0,0
2023-05-11 13:32:56,rb2311C3950,rb2311C3950,111.5,0.0,0.0,0.0,1,25.5,0.0,0,111.5,0.0,0.0,0.0,0.0,0.0,0
2023-05-11 13:32:56,rb2311C3950,rb2311C3950,111.5,0.0,0.0,0.0,1,25.5,0.0,0,111.5,0.0,0.0,0.0,0.0,0.0,0
2023-05-11 13:32:57,rb2311C3950,rb2311C3950,111.5,0.0,0.0,0.0,4,26.0,0.0,0,111.5,0.0,0.0,0.0,0.0,0.0,0
2023-05-11 13:32:58,rb2311C3950,rb2311C3950,111.5,0.0,0.0,0.0,1,26.5,0.0,0,111.5,0.0,0.0,0.0,0.0,0.0,0
2023-05-11 13:32:58,rb2311C3950,rb2311C3950,111.5,0.0,0.0,0.0,1,26.5,0.0,0,111.5,0.0,0.0,0.0,0.0,0.0,0
2023-05-11 13:32:59,rb2311C3950,rb2311C3950,111.5,0.0,0.0,0.0,4,27.0,0.0,0,111.5,0.0,0.0,0.0,0.0,0.0,0
2023-05-11 13:32:59,rb2311C3950,rb2311C3950,111.5,0.0,0.0,0.0,1,27.5,0.0,0,111.5,0.0,0.0,0.0,0.0,0.0,0
2023-05-11 13:33:00,rb2311C3950,rb2311C3950,111.5,0.0,0.0,0.0,1,27.5,0.0,0,111.5,0.0,0.0,0.0,0.0,0.0,0
2023-05-11 13:33:00,rb2311C3950,rb2311C3950,111.5,0.0,0.0,0.0,4,28.0,0.0,0,111.5,0.0,0.0,0.0,0.0,0.0,0
2023-05-11 13:33:01,rb2311C3950,rb2311C3950,111.5,0.0,0.0,0.0,1,28.5,0.0,0,111.5,0.0,0.0,0.0,0.0,0.0,0
2023-05-11 13:33:01,rb2311C3950,rb2311C3950,111.5,0.0,0.0,0.0,1,28.5,0.0,0,111.5,0.0,0.0,0.0,0.0,0.0,0
2023-05-11 13:33:02,rb2311C3950,rb2311C3950,111.5,0.0,0.0,0.0,4,29.0,0.0,0,111.5,0.0,0.0,0.0,0.0,0.0,0
2023-05-11 13:33:02,rb2311C3950,rb2311C3950,111.5,0.0,0.0,0.0,1,29.5,0.0,0,111.5,0.0,0.0,0.0,0.0,0.0,0
2023-05-11 13:33:03,rb2311C3950,rb2311C3950,111.5,0.0,0.0,0.0,1,29.5,0.0,0,111.5,0.0,0.0,0.0,0.0,0.0,0
2023-05-11 13:33:03,rb2311C3950,rb2311C3950,111.5,0.0,0.0,0.0,4,30.0,0.0,0,111.5,0.0,0.0,0.0,0.0,0.0,0
2023-05-11 13:33:04,rb2311C3950,rb2311C3950,111.5,0.0,0.0,0.0,1,30.5,0.0,0,111.5,0.0,0.0,0.0,0.0,0.0,0
2023-05-11 13:33:05,rb2311C3950,rb2311C3950,111.5,0.0,0.0,0.0,1,30.5,0.0,0,111.5,0.0,0.0,0.0,0.0,0.0,0
2023-05-11 13:33:05,rb2311C3950,rb2311C3950,111.5,0.0,0.0,0.0,4,31.0,0.0,0,111.5,0.0,0.0,0.0,0.0,0.0,0
2023-05-11 13:33:06,rb2311C3950,rb2311C3950,111.5,0.0,0.0,0.0,1,31.5,0.0,0,111.5,0.0,0.0,0.0,0.0,0.0,0
2023-05-11 13:33:07,rb2311C3950,rb2311C3950,111.5,0.0,0.0,0.0,1,31.5,0.0,0,111.5,0.0,0.0,0.0,0.0,0.0,0
2023-05-11 13:33:07,rb2311C3950,rb2311C3950,111.5,0.0,0.0,0.0,4,32.0,0.0,0,111.5,0.0,0.0,0.0,0.0,0.0,0
2023-05-11 13:33:08,rb2311C3950,rb2311C3950,111.5,0.0,0.0,0.0,1,32.5,0.0,0,111.5,0.0,0.0,0.0,0.0,0.0,0
2023-05-11 13:33:08,rb2311C3950,rb2311C3950,111.5,0.0,0.0,0.0,1,32.5,0.0,0,111.5,0.0,0.0,0.0,0.0,0.0,0
2023-05-11 13:33:09,rb2311C3950,rb2311C3950,111.5,0.0,0.0,0.0,4,33.0,0.0,0,111.5,0.0,0.0,0.0,0.0,0.0,0
2023-05-11 13:33:10,rb2311C3950,rb2311C3950,111.5,0.0,0.0,0.0,1,33.5,0.0,0,111.5,0.0,0.0,0.0,0.0,0.0,0
2023-05-11 13:33:10,rb2311C3950,rb2311C3950,111.5,0.0,0.0,0.0,1,33.5,0.0,0,111.5,0.0,0.0,0.0,0.0,0.0,0
2023-05-11 13:33:11,rb2311C3950,rb2311C3950,111.5,0.0,0.0,0.0,4,34.0,0.0,0,111.5,0.0,0.0,0.0,0.0,0.0,0
2023-05-11 13:33:12,rb2311C3950,rb2311C3950,111.5,0.0,0.0,0.0,1,34.5,0.0,0,111.5,0.0,0.0,0.0,0.0,0.0,0
2023-05-11 13:33:12,rb2311C3950,rb2311C3950,111.5,0.0,0.0,0.0,1,34.5,0.0,0,111.5,0.0,0.0,0.0,0.0,0.0,0
2023-05-11 13:33:13,rb2311C3950,rb2311C3950,111.5,0.0,0.0,0.0,4,35.0,0.0,0,111.5,0.0,0.0,0.0,0.0,0.0,0
2023-05-11 13:33:14,rb2311C3950,rb2311C3950,111.5,0.0,0.0,0.0,1,35.5,0.0,0,111.5,0.0,0.0,0.0,0.0,0.0,0
2023-05-11 13:33:14,rb2311C3950,rb2311C3950,111.5,0.0,0.0,0.0,1,35.5,0.0,0,111.5,0.0,0.0,0.0,0.0,0.0,0
2023-05-11 13:33:15,rb2311C3950,rb2311C3950,111.5,0.0,0.0,0.0,4,36.0,0.0,0,111.5,0.0,0.0,0.0,0.0,0.0,0
2023-05-11 13:33:16,rb2311C3950,rb2311C3950,111.5,0.0,0.0,0.0,1,36.5,0.0,0,111.5,0.0,0.0,0.0,0.0,0.0,0
2023-05-11 13:33:16,rb2311C3950,rb2311C3950,111.5,0.0,0.0,0.0,1,36.5,0.0,0,111.5,0.0,0.0,0.0,0.0,0.0,0
2023-05-11 13:33:17,rb2311C3950,rb2311C3950,111.5,0.0,0.0,0.0,4,37.0,0.0,0,111.5,0.0,0.0,0.0,0.0,0.0,0
2023-05-11 13:33:18,rb2311C3950,rb2311C3950,111.5,0.0,0.0,0.0,1,37.5,0.0,0,111.5,0.0,0.0,0.0,0.0,0.0,0
2023-05-11 13:33:18,rb2311C3950,rb2311C3950,111.5,0.0,0.0,0.0,1,37.5,0.0,0,111.5,0.0,0.0,0.0,0.0,0.0,0
2023-05-11 13:33:19,rb2311C3950,rb2311C3950,111.5,0.0,0.0,0.0,4,38.0,0.0,0,111.5,0.0,0.0,0.0,0.0,0.0,0
2023-05-11 13:33:20,rb2311C3950,rb2311C3950,111.5,0.0,0.0,0.0,4,38.0,0.0,0,111.5,0.0,0.0,0.0,0.0,0.0,0
2023-05-11 13:33:20,rb2311C3950,rb2311C3950,111.5,0.0,0.0,0.0,1,38.5,0.0,0,111.5,0.0,0.0,0.0,0.0,0.0,0
2023-05-11 13:33:21,rb2311C3950,rb2311C3950,111.5,0.0,0.0,0.0,1,38.5,0.0,0,111.5,0.0,0.0,0.0,0.0,0.0,0
2023-05-11 13:33:21,rb2311C3950,rb2311C3950,111.5,0.0,0.0,0.0,4,39.0,0.0,0,111.5,0.0,0.0,0.0,0.0,0.0,0
2023-05-11 13:33:22,rb2311C3950,rb2311C3950,111.5,0.0,0.0,0.0,1,39.5,0.0,0,111.5,0.0,0.0,0.0,0.0,0.0,0
2023-05-11 13:33:22,rb2311C3950,rb2311C3950,111.5,0.0,0.0,0.0,1,39.5,0.0,0,111.5,0.0,0.0,0.0,0.0,0.0,0
2023-05-11 13:33:23,rb2311C3950,rb2311C3950,111.5,0.0,0.0,0.0,4,40.0,0.0,0,111.5,0.0,0.0,0.0,0.0,0.0,0
2023-05-11 13:33:24,rb2311C3950,rb2311C3950,111.5,0.0,0.0,0.0,1,40.5,0.0,0,111.5,0.0,0.0,0.0,0.0,0.0,0
2023-05-11 13:33:25,rb2311C3950,rb2311C3950,111.5,0.0,0.0,0.0,1,40.5,0.0,0,111.5,0.0,0.0,0.0,0.0,0.0,0
2023-05-11 13:33:25,rb2311C3950,rb2311C3950,111.5,0.0,0.0,0.0,4,41.0,0.0,0,111.5,0.0,0.0,0.0,0.0,0.0,0
2023-05-11 13:33:26,rb2311C3950,rb2311C3950,111.5,0.0,0.0,0.0,1,41.5,0.0,0,111.5,0.0,0.0,0.0,0.0,0.0,0
2023-05-11 13:33:27,rb2311C3950,rb2311C3950,111.5,0.0,0.0,0.0,1,41.5,0.0,0,111.5,0.0,0.0,0.0,0.0,0.0,0
2023-05-11 13:33:27,rb2311C3950,rb2311C3950,111.5,0.0,0.0,0.0,4,42.0,0.0,0,111.5,0.0,0.0,0.0,0.0,0.0,0
2023-05-11 13:33:28,rb2311C3950,rb2311C3950,111.5,0.0,0.0,0.0,1,42.5,0.0,0,111.5,0.0,0.0,0.0,0.0,0.0,0
2023-05-11 13:33:28,rb2311C3950,rb2311C3950,111.5,0.0,0.0,0.0,1,42.5,0.0,0,111.5,0.0,0.0,0.0,0.0,0.0,0
2023-05-11 13:33:29,rb2311C3950,rb2311C3950,111.5,0.0,0.0,0.0,4,43.0,0.0,0,111.5,0.0,0.0,0.0,0.0,0.0,0
2023-05-11 13:33:29,rb2311C3950,rb2311C3950,111.5,0.0,0.0,0.0,4,43.0,0.0,0,111.5,0.0,0.0,0.0,0.0,0.0,0
2023-05-11 13:36:41,rb2311C3950,rb2311C3950,111.5,0.0,0.0,0.0,1,43.5,0.0,0,111.5,0.0,0.0,0.0,0.0,0.0,0
2023-05-11 13:36:41,rb2311C3950,rb2311C3950,111.5,0.0,0.0,0.0,1,43.5,0.0,0,111.5,0.0,0.0,0.0,0.0,0.0,0
2023-05-11 13:36:42,rb2311C3950,rb2311C3950,111.5,0.0,0.0,0.0,4,44.0,0.0,0,111.5,0.0,0.0,0.0,0.0,0.0,0
2023-05-11 13:36:42,rb2311C3950,rb2311C3950,111.5,0.0,0.0,0.0,4,44.0,0.0,0,111.5,0.0,0.0,0.0,0.0,0.0,0
2023-05-11 13:39:11,rb2311C3950,rb2311C3950,111.5,0.0,0.0,0.0,1,44.5,0.0,0,111.5,0.0,0.0,0.0,0.0,0.0,0
2023-05-11 13:39:12,rb2311C3950,rb2311C3950,111.5,0.0,0.0,0.0,1,44.5,0.0,0,111.5,0.0,0.0,0.0,0.0,0.0,0
2023-05-11 13:39:12,rb2311C3950,rb2311C3950,111.5,0.0,0.0,0.0,4,45.0,0.0,0,111.5,0.0,0.0,0.0,0.0,0.0,0
2023-05-11 13:39:13,rb2311C3950,rb2311C3950,111.5,0.0,0.0,0.0,4,45.0,0.0,0,111.5,0.0,0.0,0.0,0.0,0.0,0
2023-05-11 13:47:21,rb2311C3950,rb2311C3950,111.5,0.0,0.0,0.0,1,45.5,0.0,0,111.5,0.0,0.0,0.0,0.0,0.0,0
2023-05-11 13:47:22,rb2311C3950,rb2311C3950,111.5,0.0,0.0,0.0,1,45.5,0.0,0,111.5,0.0,0.0,0.0,0.0,0.0,0
2023-05-11 13:47:22,rb2311C3950,rb2311C3950,111.5,0.0,0.0,0.0,4,46.0,0.0,0,111.5,0.0,0.0,0.0,0.0,0.0,0
2023-05-11 13:47:23,rb2311C3950,rb2311C3950,111.5,0.0,0.0,0.0,4,46.0,0.0,0,111.5,0.0,0.0,0.0,0.0,0.0,0
2023-05-11 13:59:03,rb2311C3950,rb2311C3950,111.5,0.0,0.0,0.0,4,46.0,0.0,0,111.5,0.0,0.0,0.0,0.0,0.0,0
2023-05-11 14:14:47,rb2311C3950,rb2311C3950,111.5,0.0,0.0,0.0,1,73.0,81.0,1,111.5,0.0,0.0,0.0,0.0,0.0,0
2023-05-11 14:14:48,rb2311C3950,rb2311C3950,111.5,0.0,0.0,0.0,1,73.0,81.0,1,111.5,0.0,0.0,0.0,0.0,0.0,0
2023-05-11 14:14:48,rb2311C3950,rb2311C3950,111.5,0.0,0.0,0.0,2,73.0,81.0,2,111.5,0.0,0.0,0.0,0.0,0.0,0
2023-05-11 14:14:57,rb2311C3950,rb2311C3950,111.5,0.0,0.0,0.0,2,73.0,81.0,2,111.5,0.0,0.0,0.0,0.0,0.0,0
2023-05-11 14:14:57,rb2311C3950,rb2311C3950,111.5,0.0,0.0,0.0,2,73.0,81.0,2,111.5,0.0,0.0,0.0,0.0,0.0,0
2023-05-11 14:14:58,rb2311C3950,rb2311C3950,111.5,0.0,0.0,0.0,3,73.0,77.0,1,111.5,0.0,0.0,0.0,0.0,0.0,0
2023-05-11 14:14:58,rb2311C3950,rb2311C3950,111.5,0.0,0.0,0.0,3,73.0,77.0,1,111.5,0.0,0.0,0.0,0.0,0.0,0
2023-05-11 14:14:59,rb2311C3950,rb2311C3950,111.5,0.0,0.0,0.0,3,73.0,77.0,1,111.5,0.0,0.0,0.0,0.0,0.0,0
2023-05-11 14:15:00,rb2311C3950,rb2311C3950,111.5,0.0,0.0,0.0,3,73.0,77.0,1,111.5,0.0,0.0,0.0,0.0,0.0,0
2023-05-11 14:15:02,rb2311C3950,rb2311C3950,111.5,0.0,0.0,0.0,3,73.0,75.0,1,111.5,0.0,0.0,0.0,0.0,0.0,0
2023-05-11 14:15:03,rb2311C3950,rb2311C3950,111.5,0.0,0.0,0.0,2,73.0,75.0,1,111.5,0.0,0.0,0.0,0.0,0.0,0
2023-05-11 14:15:04,rb2311C3950,rb2311C3950,111.5,0.0,0.0,0.0,2,73.0,75.0,1,111.5,0.0,0.0,0.0,0.0,0.0,0
2023-05-11 14:15:05,rb2311C3950,rb2311C3950,111.5,0.0,0.0,0.0,2,73.0,75.0,1,111.5,0.0,0.0,0.0,0.0,0.0,0
2023-05-11 14:15:09,rb2311C3950,rb2311C3950,111.5,0.0,0.0,0.0,1,73.0,75.0,1,111.5,0.0,0.0,0.0,0.0,0.0,0
2023-05-11 14:15:09,rb2311C3950,rb2311C3950,111.5,0.0,0.0,0.0,1,73.0,75.0,1,111.5,0.0,0.0,0.0,0.0,0.0,0
2023-05-11 14:15:10,rb2311C3950,rb2311C3950,111.5,0.0,0.0,0.0,1,73.0,75.0,1,111.5,0.0,0.0,0.0,0.0,0.0,0
2023-05-11 14:15:10,rb2311C3950,rb2311C3950,111.5,0.0,0.0,0.0,1,73.0,75.0,1,111.5,0.0,0.0,0.0,0.0,0.0,0
2023-05-11 14:15:11,rb2311C3950,rb2311C3950,111.5,0.0,0.0,0.0,1,72.5,75.0,1,111.5,0.0,0.0,0.0,0.0,0.0,0
2023-05-11 14:15:13,rb2311C3950,rb2311C3950,111.5,0.0,0.0,0.0,1,72.5,76.5,1,111.5,0.0,0.0,0.0,0.0,0.0,0
2023-05-11 14:15:15,rb2311C3950,rb2311C3950,111.5,0.0,0.0,0.0,1,71.5,76.5,1,111.5,0.0,0.0,0.0,0.0,0.0,0
2023-05-11 14:15:17,rb2311C3950,rb2311C3950,111.5,0.0,0.0,0.0,1,1.0,0.0,0,111.5,0.0,0.0,0.0,0.0,0.0,0
2023-05-11 14:15:18,rb2311C3950,rb2311C3950,111.5,0.0,0.0,0.0,4,1.5,0.0,0,111.5,0.0,0.0,0.0,0.0,0.0,0
2023-05-11 14:15:18,rb2311C3950,rb2311C3950,111.5,0.0,0.0,0.0,1,2.0,0.0,0,111.5,0.0,0.0,0.0,0.0,0.0,0
2023-05-11 14:15:19,rb2311C3950,rb2311C3950,111.5,0.0,0.0,0.0,1,2.0,0.0,0,111.5,0.0,0.0,0.0,0.0,0.0,0
2023-05-11 14:15:19,rb2311C3950,rb2311C3950,111.5,0.0,0.0,0.0,4,2.5,0.0,0,111.5,0.0,0.0,0.0,0.0,0.0,0
2023-05-11 14:15:20,rb2311C3950,rb2311C3950,111.5,0.0,0.0,0.0,1,3.0,0.0,0,111.5,0.0,0.0,0.0,0.0,0.0,0
2023-05-11 14:15:21,rb2311C3950,rb2311C3950,111.5,0.0,0.0,0.0,1,3.0,0.0,0,111.5,0.0,0.0,0.0,0.0,0.0,0
2023-05-11 14:15:21,rb2311C3950,rb2311C3950,111.5,0.0,0.0,0.0,4,3.5,0.0,0,111.5,0.0,0.0,0.0,0.0,0.0,0
2023-05-11 14:15:22,rb2311C3950,rb2311C3950,111.5,0.0,0.0,0.0,1,4.0,0.0,0,111.5,0.0,0.0,0.0,0.0,0.0,0
2023-05-11 14:15:22,rb2311C3950,rb2311C3950,111.5,0.0,0.0,0.0,1,4.0,0.0,0,111.5,0.0,0.0,0.0,0.0,0.0,0
2023-05-11 14:15:23,rb2311C3950,rb2311C3950,111.5,0.0,0.0,0.0,4,4.5,0.0,0,111.5,0.0,0.0,0.0,0.0,0.0,0
2023-05-11 14:15:23,rb2311C3950,rb2311C3950,111.5,0.0,0.0,0.0,1,5.0,0.0,0,111.5,0.0,0.0,0.0,0.0,0.0,0
2023-05-11 14:15:24,rb2311C3950,rb2311C3950,111.5,0.0,0.0,0.0,1,5.0,0.0,0,111.5,0.0,0.0,0.0,0.0,0.0,0
2023-05-11 14:15:24,rb2311C3950,rb2311C3950,111.5,0.0,0.0,0.0,4,5.5,0.0,0,111.5,0.0,0.0,0.0,0.0,0.0,0
2023-05-11 14:15:25,rb2311C3950,rb2311C3950,111.5,0.0,0.0,0.0,1,6.0,0.0,0,111.5,0.0,0.0,0.0,0.0,0.0,0
2023-05-11 14:15:25,rb2311C3950,rb2311C3950,111.5,0.0,0.0,0.0,1,6.0,0.0,0,111.5,0.0,0.0,0.0,0.0,0.0,0
2023-05-11 14:15:26,rb2311C3950,rb2311C3950,111.5,0.0,0.0,0.0,4,6.5,0.0,0,111.5,0.0,0.0,0.0,0.0,0.0,0
2023-05-11 14:15:26,rb2311C3950,rb2311C3950,111.5,0.0,0.0,0.0,1,7.0,0.0,0,111.5,0.0,0.0,0.0,0.0,0.0,0
2023-05-11 14:15:27,rb2311C3950,rb2311C3950,111.5,0.0,0.0,0.0,1,7.0,0.0,0,111.5,0.0,0.0,0.0,0.0,0.0,0
2023-05-11 14:15:27,rb2311C3950,rb2311C3950,111.5,0.0,0.0,0.0,4,7.5,0.0,0,111.5,0.0,0.0,0.0,0.0,0.0,0
2023-05-11 14:15:28,rb2311C3950,rb2311C3950,111.5,0.0,0.0,0.0,1,8.0,0.0,0,111.5,0.0,0.0,0.0,0.0,0.0,0
2023-05-11 14:15:28,rb2311C3950,rb2311C3950,111.5,0.0,0.0,0.0,1,8.0,0.0,0,111.5,0.0,0.0,0.0,0.0,0.0,0
2023-05-11 14:15:29,rb2311C3950,rb2311C3950,111.5,0.0,0.0,0.0,4,8.5,0.0,0,111.5,0.0,0.0,0.0,0.0,0.0,0
2023-05-11 14:15:29,rb2311C3950,rb2311C3950,111.5,0.0,0.0,0.0,1,9.0,0.0,0,111.5,0.0,0.0,0.0,0.0,0.0,0
2023-05-11 14:15:30,rb2311C3950,rb2311C3950,111.5,0.0,0.0,0.0,1,9.0,0.0,0,111.5,0.0,0.0,0.0,0.0,0.0,0
2023-05-11 14:15:30,rb2311C3950,rb2311C3950,111.5,0.0,0.0,0.0,4,9.5,0.0,0,111.5,0.0,0.0,0.0,0.0,0.0,0
2023-05-11 14:15:31,rb2311C3950,rb2311C3950,111.5,0.0,0.0,0.0,1,10.0,0.0,0,111.5,0.0,0.0,0.0,0.0,0.0,0
2023-05-11 14:15:31,rb2311C3950,rb2311C3950,111.5,0.0,0.0,0.0,1,10.0,0.0,0,111.5,0.0,0.0,0.0,0.0,0.0,0
2023-05-11 14:15:32,rb2311C3950,rb2311C3950,111.5,0.0,0.0,0.0,4,10.5,0.0,0,111.5,0.0,0.0,0.0,0.0,0.0,0
2023-05-11 14:15:32,rb2311C3950,rb2311C3950,111.5,0.0,0.0,0.0,1,11.0,0.0,0,111.5,0.0,0.0,0.0,0.0,0.0,0
2023-05-11 14:15:33,rb2311C3950,rb2311C3950,111.5,0.0,0.0,0.0,1,11.0,0.0,0,111.5,0.0,0.0,0.0,0.0,0.0,0
2023-05-11 14:15:33,rb2311C3950,rb2311C3950,111.5,0.0,0.0,0.0,4,11.5,0.0,0,111.5,0.0,0.0,0.0,0.0,0.0,0
2023-05-11 14:15:34,rb2311C3950,rb2311C3950,111.5,0.0,0.0,0.0,1,12.0,0.0,0,111.5,0.0,0.0,0.0,0.0,0.0,0
2023-05-11 14:15:34,rb2311C3950,rb2311C3950,111.5,0.0,0.0,0.0,1,12.0,0.0,0,111.5,0.0,0.0,0.0,0.0,0.0,0
2023-05-11 14:15:35,rb2311C3950,rb2311C3950,111.5,0.0,0.0,0.0,4,12.5,0.0,0,111.5,0.0,0.0,0.0,0.0,0.0,0
2023-05-11 14:15:35,rb2311C3950,rb2311C3950,111.5,0.0,0.0,0.0,1,13.0,0.0,0,111.5,0.0,0.0,0.0,0.0,0.0,0
2023-05-11 14:15:36,rb2311C3950,rb2311C3950,111.5,0.0,0.0,0.0,1,13.0,0.0,0,111.5,0.0,0.0,0.0,0.0,0.0,0
2023-05-11 14:15:36,rb2311C3950,rb2311C3950,111.5,0.0,0.0,0.0,4,13.5,0.0,0,111.5,0.0,0.0,0.0,0.0,0.0,0
2023-05-11 14:15:37,rb2311C3950,rb2311C3950,111.5,0.0,0.0,0.0,1,14.0,0.0,0,111.5,0.0,0.0,0.0,0.0,0.0,0
2023-05-11 14:15:37,rb2311C3950,rb2311C3950,111.5,0.0,0.0,0.0,1,14.0,0.0,0,111.5,0.0,0.0,0.0,0.0,0.0,0
2023-05-11 14:15:38,rb2311C3950,rb2311C3950,111.5,0.0,0.0,0.0,4,14.5,0.0,0,111.5,0.0,0.0,0.0,0.0,0.0,0
2023-05-11 14:15:38,rb2311C3950,rb2311C3950,111.5,0.0,0.0,0.0,1,15.0,0.0,0,111.5,0.0,0.0,0.0,0.0,0.0,0
2023-05-11 14:15:39,rb2311C3950,rb2311C3950,111.5,0.0,0.0,0.0,1,15.0,0.0,0,111.5,0.0,0.0,0.0,0.0,0.0,0
2023-05-11 14:15:39,rb2311C3950,rb2311C3950,111.5,0.0,0.0,0.0,4,15.5,0.0,0,111.5,0.0,0.0,0.0,0.0,0.0,0
2023-05-11 14:15:40,rb2311C3950,rb2311C3950,111.5,0.0,0.0,0.0,1,16.0,0.0,0,111.5,0.0,0.0,0.0,0.0,0.0,0
2023-05-11 14:15:40,rb2311C3950,rb2311C3950,111.5,0.0,0.0,0.0,1,16.0,0.0,0,111.5,0.0,0.0,0.0,0.0,0.0,0
2023-05-11 14:15:41,rb2311C3950,rb2311C3950,111.5,0.0,0.0,0.0,4,16.5,0.0,0,111.5,0.0,0.0,0.0,0.0,0.0,0
2023-05-11 14:15:41,rb2311C3950,rb2311C3950,111.5,0.0,0.0,0.0,1,17.0,0.0,0,111.5,0.0,0.0,0.0,0.0,0.0,0
2023-05-11 14:15:42,rb2311C3950,rb2311C3950,111.5,0.0,0.0,0.0,1,17.0,0.0,0,111.5,0.0,0.0,0.0,0.0,0.0,0
2023-05-11 14:15:42,rb2311C3950,rb2311C3950,111.5,0.0,0.0,0.0,4,17.5,0.0,0,111.5,0.0,0.0,0.0,0.0,0.0,0
2023-05-11 14:15:43,rb2311C3950,rb2311C3950,111.5,0.0,0.0,0.0,1,18.0,0.0,0,111.5,0.0,0.0,0.0,0.0,0.0,0
2023-05-11 14:15:43,rb2311C3950,rb2311C3950,111.5,0.0,0.0,0.0,1,18.0,0.0,0,111.5,0.0,0.0,0.0,0.0,0.0,0
2023-05-11 14:15:44,rb2311C3950,rb2311C3950,111.5,0.0,0.0,0.0,4,18.5,0.0,0,111.5,0.0,0.0,0.0,0.0,0.0,0
2023-05-11 14:15:44,rb2311C3950,rb2311C3950,111.5,0.0,0.0,0.0,1,19.0,0.0,0,111.5,0.0,0.0,0.0,0.0,0.0,0
2023-05-11 14:15:45,rb2311C3950,rb2311C3950,111.5,0.0,0.0,0.0,1,19.0,0.0,0,111.5,0.0,0.0,0.0,0.0,0.0,0
2023-05-11 14:15:45,rb2311C3950,rb2311C3950,111.5,0.0,0.0,0.0,4,19.5,0.0,0,111.5,0.0,0.0,0.0,0.0,0.0,0
2023-05-11 14:15:46,rb2311C3950,rb2311C3950,111.5,0.0,0.0,0.0,1,20.0,0.0,0,111.5,0.0,0.0,0.0,0.0,0.0,0
2023-05-11 14:15:46,rb2311C3950,rb2311C3950,111.5,0.0,0.0,0.0,1,20.0,0.0,0,111.5,0.0,0.0,0.0,0.0,0.0,0
2023-05-11 14:15:47,rb2311C3950,rb2311C3950,111.5,0.0,0.0,0.0,4,20.5,0.0,0,111.5,0.0,0.0,0.0,0.0,0.0,0
2023-05-11 14:15:47,rb2311C3950,rb2311C3950,111.5,0.0,0.0,0.0,1,21.0,0.0,0,111.5,0.0,0.0,0.0,0.0,0.0,0
2023-05-11 14:15:48,rb2311C3950,rb2311C3950,111.5,0.0,0.0,0.0,1,21.0,0.0,0,111.5,0.0,0.0,0.0,0.0,0.0,0
2023-05-11 14:15:48,rb2311C3950,rb2311C3950,111.5,0.0,0.0,0.0,4,21.5,0.0,0,111.5,0.0,0.0,0.0,0.0,0.0,0
2023-05-11 14:15:49,rb2311C3950,rb2311C3950,111.5,0.0,0.0,0.0,1,22.0,0.0,0,111.5,0.0,0.0,0.0,0.0,0.0,0
2023-05-11 14:15:49,rb2311C3950,rb2311C3950,111.5,0.0,0.0,0.0,1,22.0,0.0,0,111.5,0.0,0.0,0.0,0.0,0.0,0
2023-05-11 14:15:50,rb2311C3950,rb2311C3950,111.5,0.0,0.0,0.0,4,22.5,0.0,0,111.5,0.0,0.0,0.0,0.0,0.0,0
2023-05-11 14:15:50,rb2311C3950,rb2311C3950,111.5,0.0,0.0,0.0,1,23.0,0.0,0,111.5,0.0,0.0,0.0,0.0,0.0,0
2023-05-11 14:15:51,rb2311C3950,rb2311C3950,111.5,0.0,0.0,0.0,1,23.0,0.0,0,111.5,0.0,0.0,0.0,0.0,0.0,0
2023-05-11 14:15:51,rb2311C3950,rb2311C3950,111.5,0.0,0.0,0.0,4,23.5,0.0,0,111.5,0.0,0.0,0.0,0.0,0.0,0
2023-05-11 14:15:52,rb2311C3950,rb2311C3950,111.5,0.0,0.0,0.0,1,24.0,0.0,0,111.5,0.0,0.0,0.0,0.0,0.0,0
2023-05-11 14:15:52,rb2311C3950,rb2311C3950,111.5,0.0,0.0,0.0,1,24.0,0.0,0,111.5,0.0,0.0,0.0,0.0,0.0,0
2023-05-11 14:15:53,rb2311C3950,rb2311C3950,111.5,0.0,0.0,0.0,4,24.5,0.0,0,111.5,0.0,0.0,0.0,0.0,0.0,0
2023-05-11 14:15:53,rb2311C3950,rb2311C3950,111.5,0.0,0.0,0.0,1,25.0,0.0,0,111.5,0.0,0.0,0.0,0.0,0.0,0
2023-05-11 14:15:54,rb2311C3950,rb2311C3950,111.5,0.0,0.0,0.0,1,25.0,0.0,0,111.5,0.0,0.0,0.0,0.0,0.0,0
2023-05-11 14:15:54,rb2311C3950,rb2311C3950,111.5,0.0,0.0,0.0,4,25.5,0.0,0,111.5,0.0,0.0,0.0,0.0,0.0,0
2023-05-11 14:15:55,rb2311C3950,rb2311C3950,111.5,0.0,0.0,0.0,1,26.0,0.0,0,111.5,0.0,0.0,0.0,0.0,0.0,0
2023-05-11 14:15:55,rb2311C3950,rb2311C3950,111.5,0.0,0.0,0.0,1,26.0,0.0,0,111.5,0.0,0.0,0.0,0.0,0.0,0
2023-05-11 14:15:56,rb2311C3950,rb2311C3950,111.5,0.0,0.0,0.0,4,26.5,0.0,0,111.5,0.0,0.0,0.0,0.0,0.0,0
2023-05-11 14:15:56,rb2311C3950,rb2311C3950,111.5,0.0,0.0,0.0,1,27.0,0.0,0,111.5,0.0,0.0,0.0,0.0,0.0,0
2023-05-11 14:15:57,rb2311C3950,rb2311C3950,111.5,0.0,0.0,0.0,1,27.0,0.0,0,111.5,0.0,0.0,0.0,0.0,0.0,0
2023-05-11 14:15:57,rb2311C3950,rb2311C3950,111.5,0.0,0.0,0.0,4,27.5,0.0,0,111.5,0.0,0.0,0.0,0.0,0.0,0
2023-05-11 14:15:58,rb2311C3950,rb2311C3950,111.5,0.0,0.0,0.0,1,28.0,0.0,0,111.5,0.0,0.0,0.0,0.0,0.0,0
2023-05-11 14:15:58,rb2311C3950,rb2311C3950,111.5,0.0,0.0,0.0,1,28.0,0.0,0,111.5,0.0,0.0,0.0,0.0,0.0,0
2023-05-11 14:15:59,rb2311C3950,rb2311C3950,111.5,0.0,0.0,0.0,4,28.5,0.0,0,111.5,0.0,0.0,0.0,0.0,0.0,0
2023-05-11 14:15:59,rb2311C3950,rb2311C3950,111.5,0.0,0.0,0.0,1,29.0,0.0,0,111.5,0.0,0.0,0.0,0.0,0.0,0
2023-05-11 14:16:00,rb2311C3950,rb2311C3950,111.5,0.0,0.0,0.0,1,29.0,0.0,0,111.5,0.0,0.0,0.0,0.0,0.0,0
2023-05-11 14:16:00,rb2311C3950,rb2311C3950,111.5,0.0,0.0,0.0,4,29.5,0.0,0,111.5,0.0,0.0,0.0,0.0,0.0,0
2023-05-11 14:16:01,rb2311C3950,rb2311C3950,111.5,0.0,0.0,0.0,1,30.0,0.0,0,111.5,0.0,0.0,0.0,0.0,0.0,0
2023-05-11 14:16:01,rb2311C3950,rb2311C3950,111.5,0.0,0.0,0.0,1,30.0,0.0,0,111.5,0.0,0.0,0.0,0.0,0.0,0
2023-05-11 14:16:02,rb2311C3950,rb2311C3950,111.5,0.0,0.0,0.0,4,30.5,0.0,0,111.5,0.0,0.0,0.0,0.0,0.0,0
2023-05-11 14:16:02,rb2311C3950,rb2311C3950,111.5,0.0,0.0,0.0,1,31.0,0.0,0,111.5,0.0,0.0,0.0,0.0,0.0,0
2023-05-11 14:16:03,rb2311C3950,rb2311C3950,111.5,0.0,0.0,0.0,1,31.0,0.0,0,111.5,0.0,0.0,0.0,0.0,0.0,0
2023-05-11 14:16:03,rb2311C3950,rb2311C3950,111.5,0.0,0.0,0.0,4,31.5,0.0,0,111.5,0.0,0.0,0.0,0.0,0.0,0
2023-05-11 14:16:04,rb2311C3950,rb2311C3950,111.5,0.0,0.0,0.0,1,32.0,0.0,0,111.5,0.0,0.0,0.0,0.0,0.0,0
2023-05-11 14:16:04,rb2311C3950,rb2311C3950,111.5,0.0,0.0,0.0,1,32.0,0.0,0,111.5,0.0,0.0,0.0,0.0,0.0,0
2023-05-11 14:16:05,rb2311C3950,rb2311C3950,111.5,0.0,0.0,0.0,4,32.5,0.0,0,111.5,0.0,0.0,0.0,0.0,0.0,0
2023-05-11 14:16:05,rb2311C3950,rb2311C3950,111.5,0.0,0.0,0.0,1,33.0,0.0,0,111.5,0.0,0.0,0.0,0.0,0.0,0
2023-05-11 14:16:06,rb2311C3950,rb2311C3950,111.5,0.0,0.0,0.0,1,33.0,0.0,0,111.5,0.0,0.0,0.0,0.0,0.0,0
2023-05-11 14:16:06,rb2311C3950,rb2311C3950,111.5,0.0,0.0,0.0,4,33.5,0.0,0,111.5,0.0,0.0,0.0,0.0,0.0,0
2023-05-11 14:16:07,rb2311C3950,rb2311C3950,111.5,0.0,0.0,0.0,1,34.0,0.0,0,111.5,0.0,0.0,0.0,0.0,0.0,0
2023-05-11 14:16:07,rb2311C3950,rb2311C3950,111.5,0.0,0.0,0.0,1,34.0,0.0,0,111.5,0.0,0.0,0.0,0.0,0.0,0
2023-05-11 14:16:08,rb2311C3950,rb2311C3950,111.5,0.0,0.0,0.0,4,34.5,0.0,0,111.5,0.0,0.0,0.0,0.0,0.0,0
2023-05-11 14:16:08,rb2311C3950,rb2311C3950,111.5,0.0,0.0,0.0,1,35.0,0.0,0,111.5,0.0,0.0,0.0,0.0,0.0,0
2023-05-11 14:16:09,rb2311C3950,rb2311C3950,111.5,0.0,0.0,0.0,1,35.0,0.0,0,111.5,0.0,0.0,0.0,0.0,0.0,0
2023-05-11 14:16:09,rb2311C3950,rb2311C3950,111.5,0.0,0.0,0.0,4,35.5,0.0,0,111.5,0.0,0.0,0.0,0.0,0.0,0
2023-05-11 14:16:10,rb2311C3950,rb2311C3950,111.5,0.0,0.0,0.0,1,36.0,0.0,0,111.5,0.0,0.0,0.0,0.0,0.0,0
2023-05-11 14:16:10,rb2311C3950,rb2311C3950,111.5,0.0,0.0,0.0,1,36.0,0.0,0,111.5,0.0,0.0,0.0,0.0,0.0,0
2023-05-11 14:16:11,rb2311C3950,rb2311C3950,111.5,0.0,0.0,0.0,4,36.5,0.0,0,111.5,0.0,0.0,0.0,0.0,0.0,0
2023-05-11 14:16:11,rb2311C3950,rb2311C3950,111.5,0.0,0.0,0.0,1,37.0,0.0,0,111.5,0.0,0.0,0.0,0.0,0.0,0
2023-05-11 14:16:12,rb2311C3950,rb2311C3950,111.5,0.0,0.0,0.0,1,37.0,0.0,0,111.5,0.0,0.0,0.0,0.0,0.0,0
2023-05-11 14:16:12,rb2311C3950,rb2311C3950,111.5,0.0,0.0,0.0,4,37.5,0.0,0,111.5,0.0,0.0,0.0,0.0,0.0,0
2023-05-11 14:16:13,rb2311C3950,rb2311C3950,111.5,0.0,0.0,0.0,1,38.0,0.0,0,111.5,0.0,0.0,0.0,0.0,0.0,0
2023-05-11 14:16:13,rb2311C3950,rb2311C3950,111.5,0.0,0.0,0.0,1,38.0,0.0,0,111.5,0.0,0.0,0.0,0.0,0.0,0
2023-05-11 14:16:14,rb2311C3950,rb2311C3950,111.5,0.0,0.0,0.0,4,38.5,0.0,0,111.5,0.0,0.0,0.0,0.0,0.0,0
2023-05-11 14:16:14,rb2311C3950,rb2311C3950,111.5,0.0,0.0,0.0,1,39.0,0.0,0,111.5,0.0,0.0,0.0,0.0,0.0,0
2023-05-11 14:16:15,rb2311C3950,rb2311C3950,111.5,0.0,0.0,0.0,1,39.0,0.0,0,111.5,0.0,0.0,0.0,0.0,0.0,0
2023-05-11 14:16:15,rb2311C3950,rb2311C3950,111.5,0.0,0.0,0.0,4,39.5,0.0,0,111.5,0.0,0.0,0.0,0.0,0.0,0
2023-05-11 14:16:16,rb2311C3950,rb2311C3950,111.5,0.0,0.0,0.0,1,40.0,0.0,0,111.5,0.0,0.0,0.0,0.0,0.0,0
2023-05-11 14:16:16,rb2311C3950,rb2311C3950,111.5,0.0,0.0,0.0,1,40.0,0.0,0,111.5,0.0,0.0,0.0,0.0,0.0,0
