time,symbol_id,symbol_name,last,trade_volume,trade_amount,open_interest_change,bv1,bp1,ap1,av1,yesterday_close,today_open,today_high,today_low,volume,amount,open_interest
2023-05-10 21:00:17,rb2311C3400,rb2311C3400,369.0,0.0,0.0,0.0,1,1.0,0.0,0,369.0,0.0,0.0,0.0,0.0,0.0,5
2023-05-10 21:00:31,rb2311C3400,rb2311C3400,369.0,0.0,0.0,0.0,1,139.5,0.0,0,369.0,0.0,0.0,0.0,0.0,0.0,5
2023-05-10 21:01:35,rb2311C3400,rb2311C3400,369.0,0.0,0.0,0.0,1,140.0,0.0,0,369.0,0.0,0.0,0.0,0.0,0.0,5
2023-05-10 21:03:01,rb2311C3400,rb2311C3400,369.0,0.0,0.0,0.0,1,140.5,0.0,0,369.0,0.0,0.0,0.0,0.0,0.0,5
2023-05-10 21:03:02,rb2311C3400,rb2311C3400,369.0,0.0,0.0,0.0,1,141.0,0.0,0,369.0,0.0,0.0,0.0,0.0,0.0,5
2023-05-10 21:33:18,rb2311C3400,rb2311C3400,369.0,0.0,0.0,0.0,1,141.5,0.0,0,369.0,0.0,0.0,0.0,0.0,0.0,5
2023-05-10 21:33:19,rb2311C3400,rb2311C3400,369.0,0.0,0.0,0.0,1,142.0,0.0,0,369.0,0.0,0.0,0.0,0.0,0.0,5
2023-05-10 21:48:13,rb2311C3400,rb2311C3400,369.0,0.0,0.0,0.0,1,141.5,0.0,0,369.0,0.0,0.0,0.0,0.0,0.0,5
2023-05-10 21:48:13,rb2311C3400,rb2311C3400,369.0,0.0,0.0,0.0,1,142.0,0.0,0,369.0,0.0,0.0,0.0,0.0,0.0,5
2023-05-10 21:48:14,rb2311C3400,rb2311C3400,369.0,0.0,0.0,0.0,1,141.5,0.0,0,369.0,0.0,0.0,0.0,0.0,0.0,5
2023-05-10 21:48:14,rb2311C3400,rb2311C3400,369.0,0.0,0.0,0.0,1,142.0,0.0,0,369.0,0.0,0.0,0.0,0.0,0.0,5
2023-05-10 21:48:15,rb2311C3400,rb2311C3400,369.0,0.0,0.0,0.0,1,141.5,0.0,0,369.0,0.0,0.0,0.0,0.0,0.0,5
2023-05-10 21:48:15,rb2311C3400,rb2311C3400,369.0,0.0,0.0,0.0,1,142.0,0.0,0,369.0,0.0,0.0,0.0,0.0,0.0,5
2023-05-10 21:48:16,rb2311C3400,rb2311C3400,369.0,0.0,0.0,0.0,1,141.5,0.0,0,369.0,0.0,0.0,0.0,0.0,0.0,5
2023-05-10 21:48:16,rb2311C3400,rb2311C3400,369.0,0.0,0.0,0.0,1,142.0,0.0,0,369.0,0.0,0.0,0.0,0.0,0.0,5
2023-05-10 21:48:17,rb2311C3400,rb2311C3400,369.0,0.0,0.0,0.0,1,141.5,0.0,0,369.0,0.0,0.0,0.0,0.0,0.0,5
2023-05-10 21:48:17,rb2311C3400,rb2311C3400,369.0,0.0,0.0,0.0,1,142.0,0.0,0,369.0,0.0,0.0,0.0,0.0,0.0,5
2023-05-10 21:48:18,rb2311C3400,rb2311C3400,369.0,0.0,0.0,0.0,1,141.5,0.0,0,369.0,0.0,0.0,0.0,0.0,0.0,5
2023-05-10 21:48:18,rb2311C3400,rb2311C3400,369.0,0.0,0.0,0.0,1,142.0,0.0,0,369.0,0.0,0.0,0.0,0.0,0.0,5
2023-05-10 21:48:19,rb2311C3400,rb2311C3400,369.0,0.0,0.0,0.0,1,141.5,0.0,0,369.0,0.0,0.0,0.0,0.0,0.0,5
2023-05-10 21:48:19,rb2311C3400,rb2311C3400,369.0,0.0,0.0,0.0,1,142.0,0.0,0,369.0,0.0,0.0,0.0,0.0,0.0,5
2023-05-10 21:48:20,rb2311C3400,rb2311C3400,369.0,0.0,0.0,0.0,1,141.5,0.0,0,369.0,0.0,0.0,0.0,0.0,0.0,5
2023-05-10 21:48:20,rb2311C3400,rb2311C3400,369.0,0.0,0.0,0.0,1,142.0,0.0,0,369.0,0.0,0.0,0.0,0.0,0.0,5
2023-05-10 21:48:21,rb2311C3400,rb2311C3400,369.0,0.0,0.0,0.0,1,141.5,0.0,0,369.0,0.0,0.0,0.0,0.0,0.0,5
2023-05-10 21:48:21,rb2311C3400,rb2311C3400,369.0,0.0,0.0,0.0,1,142.0,0.0,0,369.0,0.0,0.0,0.0,0.0,0.0,5
2023-05-10 21:48:22,rb2311C3400,rb2311C3400,369.0,0.0,0.0,0.0,1,141.5,0.0,0,369.0,0.0,0.0,0.0,0.0,0.0,5
2023-05-10 21:48:22,rb2311C3400,rb2311C3400,369.0,0.0,0.0,0.0,1,142.0,0.0,0,369.0,0.0,0.0,0.0,0.0,0.0,5
2023-05-10 21:48:23,rb2311C3400,rb2311C3400,369.0,0.0,0.0,0.0,1,141.5,0.0,0,369.0,0.0,0.0,0.0,0.0,0.0,5
2023-05-10 21:48:23,rb2311C3400,rb2311C3400,369.0,0.0,0.0,0.0,1,142.0,0.0,0,369.0,0.0,0.0,0.0,0.0,0.0,5
2023-05-10 21:48:24,rb2311C3400,rb2311C3400,369.0,0.0,0.0,0.0,1,141.5,0.0,0,369.0,0.0,0.0,0.0,0.0,0.0,5
2023-05-10 21:48:24,rb2311C3400,rb2311C3400,369.0,0.0,0.0,0.0,1,142.0,0.0,0,369.0,0.0,0.0,0.0,0.0,0.0,5
2023-05-10 21:48:25,rb2311C3400,rb2311C3400,369.0,0.0,0.0,0.0,1,141.5,0.0,0,369.0,0.0,0.0,0.0,0.0,0.0,5
2023-05-10 21:48:25,rb2311C3400,rb2311C3400,369.0,0.0,0.0,0.0,1,142.0,0.0,0,369.0,0.0,0.0,0.0,0.0,0.0,5
2023-05-10 21:48:26,rb2311C3400,rb2311C3400,369.0,0.0,0.0,0.0,1,141.5,0.0,0,369.0,0.0,0.0,0.0,0.0,0.0,5
2023-05-10 21:48:26,rb2311C3400,rb2311C3400,369.0,0.0,0.0,0.0,1,142.0,0.0,0,369.0,0.0,0.0,0.0,0.0,0.0,5
2023-05-10 21:48:27,rb2311C3400,rb2311C3400,369.0,0.0,0.0,0.0,1,141.5,0.0,0,369.0,0.0,0.0,0.0,0.0,0.0,5
2023-05-10 21:48:27,rb2311C3400,rb2311C3400,369.0,0.0,0.0,0.0,1,142.0,0.0,0,369.0,0.0,0.0,0.0,0.0,0.0,5
2023-05-10 21:48:28,rb2311C3400,rb2311C3400,369.0,0.0,0.0,0.0,1,141.5,0.0,0,369.0,0.0,0.0,0.0,0.0,0.0,5
2023-05-10 21:48:28,rb2311C3400,rb2311C3400,369.0,0.0,0.0,0.0,1,142.0,0.0,0,369.0,0.0,0.0,0.0,0.0,0.0,5
2023-05-10 21:48:29,rb2311C3400,rb2311C3400,369.0,0.0,0.0,0.0,1,141.5,0.0,0,369.0,0.0,0.0,0.0,0.0,0.0,5
2023-05-10 21:48:29,rb2311C3400,rb2311C3400,369.0,0.0,0.0,0.0,1,142.0,0.0,0,369.0,0.0,0.0,0.0,0.0,0.0,5
2023-05-10 21:48:30,rb2311C3400,rb2311C3400,369.0,0.0,0.0,0.0,1,141.5,0.0,0,369.0,0.0,0.0,0.0,0.0,0.0,5
2023-05-10 21:48:30,rb2311C3400,rb2311C3400,369.0,0.0,0.0,0.0,1,142.0,0.0,0,369.0,0.0,0.0,0.0,0.0,0.0,5
2023-05-10 21:48:31,rb2311C3400,rb2311C3400,369.0,0.0,0.0,0.0,1,141.5,0.0,0,369.0,0.0,0.0,0.0,0.0,0.0,5
2023-05-10 21:48:31,rb2311C3400,rb2311C3400,369.0,0.0,0.0,0.0,1,142.0,0.0,0,369.0,0.0,0.0,0.0,0.0,0.0,5
2023-05-10 21:48:32,rb2311C3400,rb2311C3400,369.0,0.0,0.0,0.0,1,141.5,0.0,0,369.0,0.0,0.0,0.0,0.0,0.0,5
2023-05-10 21:48:32,rb2311C3400,rb2311C3400,369.0,0.0,0.0,0.0,1,142.0,0.0,0,369.0,0.0,0.0,0.0,0.0,0.0,5
2023-05-10 21:48:33,rb2311C3400,rb2311C3400,369.0,0.0,0.0,0.0,1,141.5,0.0,0,369.0,0.0,0.0,0.0,0.0,0.0,5
2023-05-10 21:48:33,rb2311C3400,rb2311C3400,369.0,0.0,0.0,0.0,1,142.0,0.0,0,369.0,0.0,0.0,0.0,0.0,0.0,5
2023-05-10 21:48:34,rb2311C3400,rb2311C3400,369.0,0.0,0.0,0.0,1,141.5,0.0,0,369.0,0.0,0.0,0.0,0.0,0.0,5
2023-05-10 21:48:34,rb2311C3400,rb2311C3400,369.0,0.0,0.0,0.0,1,142.0,0.0,0,369.0,0.0,0.0,0.0,0.0,0.0,5
2023-05-10 21:48:35,rb2311C3400,rb2311C3400,369.0,0.0,0.0,0.0,1,141.5,0.0,0,369.0,0.0,0.0,0.0,0.0,0.0,5
2023-05-10 21:48:35,rb2311C3400,rb2311C3400,369.0,0.0,0.0,0.0,1,142.0,0.0,0,369.0,0.0,0.0,0.0,0.0,0.0,5
2023-05-10 21:48:36,rb2311C3400,rb2311C3400,369.0,0.0,0.0,0.0,1,141.5,0.0,0,369.0,0.0,0.0,0.0,0.0,0.0,5
2023-05-10 21:48:36,rb2311C3400,rb2311C3400,369.0,0.0,0.0,0.0,1,142.0,0.0,0,369.0,0.0,0.0,0.0,0.0,0.0,5
2023-05-10 21:48:37,rb2311C3400,rb2311C3400,369.0,0.0,0.0,0.0,1,141.5,0.0,0,369.0,0.0,0.0,0.0,0.0,0.0,5
2023-05-10 21:48:37,rb2311C3400,rb2311C3400,369.0,0.0,0.0,0.0,1,142.0,0.0,0,369.0,0.0,0.0,0.0,0.0,0.0,5
2023-05-10 21:48:38,rb2311C3400,rb2311C3400,369.0,0.0,0.0,0.0,1,141.5,0.0,0,369.0,0.0,0.0,0.0,0.0,0.0,5
2023-05-10 21:48:38,rb2311C3400,rb2311C3400,369.0,0.0,0.0,0.0,1,142.0,0.0,0,369.0,0.0,0.0,0.0,0.0,0.0,5
2023-05-10 21:48:39,rb2311C3400,rb2311C3400,369.0,0.0,0.0,0.0,1,141.5,0.0,0,369.0,0.0,0.0,0.0,0.0,0.0,5
2023-05-10 21:48:39,rb2311C3400,rb2311C3400,369.0,0.0,0.0,0.0,1,142.0,0.0,0,369.0,0.0,0.0,0.0,0.0,0.0,5
2023-05-10 21:48:40,rb2311C3400,rb2311C3400,369.0,0.0,0.0,0.0,1,141.5,0.0,0,369.0,0.0,0.0,0.0,0.0,0.0,5
2023-05-10 21:48:40,rb2311C3400,rb2311C3400,369.0,0.0,0.0,0.0,1,142.0,0.0,0,369.0,0.0,0.0,0.0,0.0,0.0,5
2023-05-10 21:48:41,rb2311C3400,rb2311C3400,369.0,0.0,0.0,0.0,1,141.5,0.0,0,369.0,0.0,0.0,0.0,0.0,0.0,5
2023-05-10 21:48:41,rb2311C3400,rb2311C3400,369.0,0.0,0.0,0.0,1,142.0,0.0,0,369.0,0.0,0.0,0.0,0.0,0.0,5
2023-05-10 21:48:42,rb2311C3400,rb2311C3400,369.0,0.0,0.0,0.0,1,141.5,0.0,0,369.0,0.0,0.0,0.0,0.0,0.0,5
2023-05-10 21:48:42,rb2311C3400,rb2311C3400,369.0,0.0,0.0,0.0,1,142.0,0.0,0,369.0,0.0,0.0,0.0,0.0,0.0,5
2023-05-10 21:48:43,rb2311C3400,rb2311C3400,369.0,0.0,0.0,0.0,1,141.5,0.0,0,369.0,0.0,0.0,0.0,0.0,0.0,5
2023-05-10 21:48:43,rb2311C3400,rb2311C3400,369.0,0.0,0.0,0.0,1,142.0,0.0,0,369.0,0.0,0.0,0.0,0.0,0.0,5
2023-05-10 21:48:44,rb2311C3400,rb2311C3400,369.0,0.0,0.0,0.0,1,141.5,0.0,0,369.0,0.0,0.0,0.0,0.0,0.0,5
2023-05-10 21:48:44,rb2311C3400,rb2311C3400,369.0,0.0,0.0,0.0,1,142.0,0.0,0,369.0,0.0,0.0,0.0,0.0,0.0,5
2023-05-10 21:48:45,rb2311C3400,rb2311C3400,369.0,0.0,0.0,0.0,1,141.5,0.0,0,369.0,0.0,0.0,0.0,0.0,0.0,5
2023-05-10 21:48:45,rb2311C3400,rb2311C3400,369.0,0.0,0.0,0.0,1,142.0,0.0,0,369.0,0.0,0.0,0.0,0.0,0.0,5
2023-05-10 21:48:46,rb2311C3400,rb2311C3400,369.0,0.0,0.0,0.0,1,141.5,0.0,0,369.0,0.0,0.0,0.0,0.0,0.0,5
2023-05-10 21:48:46,rb2311C3400,rb2311C3400,369.0,0.0,0.0,0.0,1,142.0,0.0,0,369.0,0.0,0.0,0.0,0.0,0.0,5
2023-05-10 21:48:47,rb2311C3400,rb2311C3400,369.0,0.0,0.0,0.0,1,141.5,0.0,0,369.0,0.0,0.0,0.0,0.0,0.0,5
2023-05-10 21:48:47,rb2311C3400,rb2311C3400,369.0,0.0,0.0,0.0,1,142.0,0.0,0,369.0,0.0,0.0,0.0,0.0,0.0,5
2023-05-10 21:48:48,rb2311C3400,rb2311C3400,369.0,0.0,0.0,0.0,1,141.5,0.0,0,369.0,0.0,0.0,0.0,0.0,0.0,5
2023-05-10 21:48:53,rb2311C3400,rb2311C3400,369.0,0.0,0.0,0.0,1,142.0,0.0,0,369.0,0.0,0.0,0.0,0.0,0.0,5
2023-05-10 21:48:53,rb2311C3400,rb2311C3400,369.0,0.0,0.0,0.0,1,141.5,0.0,0,369.0,0.0,0.0,0.0,0.0,0.0,5
2023-05-10 21:48:54,rb2311C3400,rb2311C3400,369.0,0.0,0.0,0.0,1,142.0,0.0,0,369.0,0.0,0.0,0.0,0.0,0.0,5
2023-05-10 21:48:54,rb2311C3400,rb2311C3400,369.0,0.0,0.0,0.0,1,141.5,0.0,0,369.0,0.0,0.0,0.0,0.0,0.0,5
2023-05-10 21:48:55,rb2311C3400,rb2311C3400,369.0,0.0,0.0,0.0,1,142.0,0.0,0,369.0,0.0,0.0,0.0,0.0,0.0,5
2023-05-10 21:48:55,rb2311C3400,rb2311C3400,369.0,0.0,0.0,0.0,1,141.5,0.0,0,369.0,0.0,0.0,0.0,0.0,0.0,5
2023-05-10 21:48:56,rb2311C3400,rb2311C3400,369.0,0.0,0.0,0.0,1,142.0,0.0,0,369.0,0.0,0.0,0.0,0.0,0.0,5
2023-05-10 21:48:56,rb2311C3400,rb2311C3400,369.0,0.0,0.0,0.0,1,141.5,0.0,0,369.0,0.0,0.0,0.0,0.0,0.0,5
2023-05-10 21:48:57,rb2311C3400,rb2311C3400,369.0,0.0,0.0,0.0,1,142.0,0.0,0,369.0,0.0,0.0,0.0,0.0,0.0,5
2023-05-10 21:48:57,rb2311C3400,rb2311C3400,369.0,0.0,0.0,0.0,1,141.5,0.0,0,369.0,0.0,0.0,0.0,0.0,0.0,5
2023-05-10 21:48:58,rb2311C3400,rb2311C3400,369.0,0.0,0.0,0.0,1,142.0,0.0,0,369.0,0.0,0.0,0.0,0.0,0.0,5
2023-05-10 21:48:58,rb2311C3400,rb2311C3400,369.0,0.0,0.0,0.0,1,141.5,0.0,0,369.0,0.0,0.0,0.0,0.0,0.0,5
2023-05-10 21:48:59,rb2311C3400,rb2311C3400,369.0,0.0,0.0,0.0,1,142.0,0.0,0,369.0,0.0,0.0,0.0,0.0,0.0,5
2023-05-10 21:48:59,rb2311C3400,rb2311C3400,369.0,0.0,0.0,0.0,1,141.5,0.0,0,369.0,0.0,0.0,0.0,0.0,0.0,5
2023-05-10 21:49:00,rb2311C3400,rb2311C3400,369.0,0.0,0.0,0.0,1,142.0,0.0,0,369.0,0.0,0.0,0.0,0.0,0.0,5
2023-05-10 21:49:00,rb2311C3400,rb2311C3400,369.0,0.0,0.0,0.0,1,141.5,0.0,0,369.0,0.0,0.0,0.0,0.0,0.0,5
2023-05-10 21:49:01,rb2311C3400,rb2311C3400,369.0,0.0,0.0,0.0,1,142.0,0.0,0,369.0,0.0,0.0,0.0,0.0,0.0,5
2023-05-10 21:49:01,rb2311C3400,rb2311C3400,369.0,0.0,0.0,0.0,1,141.5,0.0,0,369.0,0.0,0.0,0.0,0.0,0.0,5
2023-05-10 21:49:02,rb2311C3400,rb2311C3400,369.0,0.0,0.0,0.0,1,142.0,0.0,0,369.0,0.0,0.0,0.0,0.0,0.0,5
2023-05-10 21:49:02,rb2311C3400,rb2311C3400,369.0,0.0,0.0,0.0,1,141.5,0.0,0,369.0,0.0,0.0,0.0,0.0,0.0,5
2023-05-10 21:49:13,rb2311C3400,rb2311C3400,369.0,0.0,0.0,0.0,1,142.0,0.0,0,369.0,0.0,0.0,0.0,0.0,0.0,5
2023-05-10 21:49:13,rb2311C3400,rb2311C3400,369.0,0.0,0.0,0.0,1,141.5,0.0,0,369.0,0.0,0.0,0.0,0.0,0.0,5
2023-05-10 21:49:14,rb2311C3400,rb2311C3400,369.0,0.0,0.0,0.0,1,142.0,0.0,0,369.0,0.0,0.0,0.0,0.0,0.0,5
2023-05-10 21:49:14,rb2311C3400,rb2311C3400,369.0,0.0,0.0,0.0,1,141.5,0.0,0,369.0,0.0,0.0,0.0,0.0,0.0,5
2023-05-10 21:49:15,rb2311C3400,rb2311C3400,369.0,0.0,0.0,0.0,1,142.0,0.0,0,369.0,0.0,0.0,0.0,0.0,0.0,5
2023-05-10 21:49:15,rb2311C3400,rb2311C3400,369.0,0.0,0.0,0.0,1,141.5,0.0,0,369.0,0.0,0.0,0.0,0.0,0.0,5
2023-05-10 21:49:16,rb2311C3400,rb2311C3400,369.0,0.0,0.0,0.0,1,142.0,0.0,0,369.0,0.0,0.0,0.0,0.0,0.0,5
2023-05-10 21:49:16,rb2311C3400,rb2311C3400,369.0,0.0,0.0,0.0,1,141.5,0.0,0,369.0,0.0,0.0,0.0,0.0,0.0,5
2023-05-10 21:49:17,rb2311C3400,rb2311C3400,369.0,0.0,0.0,0.0,1,142.0,0.0,0,369.0,0.0,0.0,0.0,0.0,0.0,5
2023-05-10 21:49:17,rb2311C3400,rb2311C3400,369.0,0.0,0.0,0.0,1,141.5,0.0,0,369.0,0.0,0.0,0.0,0.0,0.0,5
2023-05-10 21:49:18,rb2311C3400,rb2311C3400,369.0,0.0,0.0,0.0,1,142.0,0.0,0,369.0,0.0,0.0,0.0,0.0,0.0,5
2023-05-10 21:49:18,rb2311C3400,rb2311C3400,369.0,0.0,0.0,0.0,1,141.5,0.0,0,369.0,0.0,0.0,0.0,0.0,0.0,5
2023-05-10 21:49:19,rb2311C3400,rb2311C3400,369.0,0.0,0.0,0.0,1,142.0,0.0,0,369.0,0.0,0.0,0.0,0.0,0.0,5
2023-05-10 21:49:19,rb2311C3400,rb2311C3400,369.0,0.0,0.0,0.0,1,141.5,0.0,0,369.0,0.0,0.0,0.0,0.0,0.0,5
2023-05-10 21:49:20,rb2311C3400,rb2311C3400,369.0,0.0,0.0,0.0,1,142.0,0.0,0,369.0,0.0,0.0,0.0,0.0,0.0,5
2023-05-10 21:49:20,rb2311C3400,rb2311C3400,369.0,0.0,0.0,0.0,1,141.5,0.0,0,369.0,0.0,0.0,0.0,0.0,0.0,5
2023-05-10 21:49:21,rb2311C3400,rb2311C3400,369.0,0.0,0.0,0.0,1,142.0,0.0,0,369.0,0.0,0.0,0.0,0.0,0.0,5
2023-05-10 21:49:21,rb2311C3400,rb2311C3400,369.0,0.0,0.0,0.0,1,141.5,0.0,0,369.0,0.0,0.0,0.0,0.0,0.0,5
2023-05-10 21:49:22,rb2311C3400,rb2311C3400,369.0,0.0,0.0,0.0,1,142.0,0.0,0,369.0,0.0,0.0,0.0,0.0,0.0,5
2023-05-10 21:49:22,rb2311C3400,rb2311C3400,369.0,0.0,0.0,0.0,1,141.5,0.0,0,369.0,0.0,0.0,0.0,0.0,0.0,5
2023-05-10 21:49:23,rb2311C3400,rb2311C3400,369.0,0.0,0.0,0.0,1,142.0,0.0,0,369.0,0.0,0.0,0.0,0.0,0.0,5
2023-05-10 21:49:23,rb2311C3400,rb2311C3400,369.0,0.0,0.0,0.0,1,141.5,0.0,0,369.0,0.0,0.0,0.0,0.0,0.0,5
2023-05-10 21:49:28,rb2311C3400,rb2311C3400,369.0,0.0,0.0,0.0,1,142.0,0.0,0,369.0,0.0,0.0,0.0,0.0,0.0,5
2023-05-10 21:49:29,rb2311C3400,rb2311C3400,369.0,0.0,0.0,0.0,1,141.5,0.0,0,369.0,0.0,0.0,0.0,0.0,0.0,5
2023-05-10 21:49:29,rb2311C3400,rb2311C3400,369.0,0.0,0.0,0.0,1,142.0,0.0,0,369.0,0.0,0.0,0.0,0.0,0.0,5
2023-05-10 21:49:30,rb2311C3400,rb2311C3400,369.0,0.0,0.0,0.0,1,141.5,0.0,0,369.0,0.0,0.0,0.0,0.0,0.0,5
2023-05-10 21:49:30,rb2311C3400,rb2311C3400,369.0,0.0,0.0,0.0,1,142.0,0.0,0,369.0,0.0,0.0,0.0,0.0,0.0,5
2023-05-10 21:49:31,rb2311C3400,rb2311C3400,369.0,0.0,0.0,0.0,1,141.5,0.0,0,369.0,0.0,0.0,0.0,0.0,0.0,5
2023-05-10 21:49:31,rb2311C3400,rb2311C3400,369.0,0.0,0.0,0.0,1,142.0,0.0,0,369.0,0.0,0.0,0.0,0.0,0.0,5
2023-05-10 21:49:32,rb2311C3400,rb2311C3400,369.0,0.0,0.0,0.0,1,141.5,0.0,0,369.0,0.0,0.0,0.0,0.0,0.0,5
2023-05-10 21:49:32,rb2311C3400,rb2311C3400,369.0,0.0,0.0,0.0,1,142.0,0.0,0,369.0,0.0,0.0,0.0,0.0,0.0,5
2023-05-10 21:49:33,rb2311C3400,rb2311C3400,369.0,0.0,0.0,0.0,1,141.5,0.0,0,369.0,0.0,0.0,0.0,0.0,0.0,5
2023-05-10 21:49:33,rb2311C3400,rb2311C3400,369.0,0.0,0.0,0.0,1,142.0,0.0,0,369.0,0.0,0.0,0.0,0.0,0.0,5
2023-05-10 21:49:34,rb2311C3400,rb2311C3400,369.0,0.0,0.0,0.0,1,141.5,0.0,0,369.0,0.0,0.0,0.0,0.0,0.0,5
2023-05-10 21:49:34,rb2311C3400,rb2311C3400,369.0,0.0,0.0,0.0,1,142.0,0.0,0,369.0,0.0,0.0,0.0,0.0,0.0,5
2023-05-10 21:49:35,rb2311C3400,rb2311C3400,369.0,0.0,0.0,0.0,1,141.5,0.0,0,369.0,0.0,0.0,0.0,0.0,0.0,5
2023-05-10 21:49:35,rb2311C3400,rb2311C3400,369.0,0.0,0.0,0.0,1,142.0,0.0,0,369.0,0.0,0.0,0.0,0.0,0.0,5
2023-05-10 21:49:36,rb2311C3400,rb2311C3400,369.0,0.0,0.0,0.0,1,141.5,0.0,0,369.0,0.0,0.0,0.0,0.0,0.0,5
2023-05-10 21:49:36,rb2311C3400,rb2311C3400,369.0,0.0,0.0,0.0,1,142.0,0.0,0,369.0,0.0,0.0,0.0,0.0,0.0,5
2023-05-10 21:49:37,rb2311C3400,rb2311C3400,369.0,0.0,0.0,0.0,1,141.5,0.0,0,369.0,0.0,0.0,0.0,0.0,0.0,5
2023-05-10 21:49:37,rb2311C3400,rb2311C3400,369.0,0.0,0.0,0.0,1,142.0,0.0,0,369.0,0.0,0.0,0.0,0.0,0.0,5
2023-05-10 21:49:38,rb2311C3400,rb2311C3400,369.0,0.0,0.0,0.0,1,141.5,0.0,0,369.0,0.0,0.0,0.0,0.0,0.0,5
2023-05-10 21:49:38,rb2311C3400,rb2311C3400,369.0,0.0,0.0,0.0,1,142.0,0.0,0,369.0,0.0,0.0,0.0,0.0,0.0,5
2023-05-10 21:49:39,rb2311C3400,rb2311C3400,369.0,0.0,0.0,0.0,1,141.5,0.0,0,369.0,0.0,0.0,0.0,0.0,0.0,5
2023-05-10 21:49:39,rb2311C3400,rb2311C3400,369.0,0.0,0.0,0.0,1,142.0,0.0,0,369.0,0.0,0.0,0.0,0.0,0.0,5
2023-05-10 21:49:40,rb2311C3400,rb2311C3400,369.0,0.0,0.0,0.0,1,141.5,0.0,0,369.0,0.0,0.0,0.0,0.0,0.0,5
2023-05-10 21:49:40,rb2311C3400,rb2311C3400,369.0,0.0,0.0,0.0,1,142.0,0.0,0,369.0,0.0,0.0,0.0,0.0,0.0,5
2023-05-10 21:49:41,rb2311C3400,rb2311C3400,369.0,0.0,0.0,0.0,1,141.5,0.0,0,369.0,0.0,0.0,0.0,0.0,0.0,5
2023-05-10 21:49:41,rb2311C3400,rb2311C3400,369.0,0.0,0.0,0.0,1,142.0,0.0,0,369.0,0.0,0.0,0.0,0.0,0.0,5
2023-05-10 21:49:42,rb2311C3400,rb2311C3400,369.0,0.0,0.0,0.0,1,141.5,0.0,0,369.0,0.0,0.0,0.0,0.0,0.0,5
2023-05-10 21:49:42,rb2311C3400,rb2311C3400,369.0,0.0,0.0,0.0,1,142.0,0.0,0,369.0,0.0,0.0,0.0,0.0,0.0,5
2023-05-10 21:49:43,rb2311C3400,rb2311C3400,369.0,0.0,0.0,0.0,1,141.5,0.0,0,369.0,0.0,0.0,0.0,0.0,0.0,5
2023-05-10 21:49:43,rb2311C3400,rb2311C3400,369.0,0.0,0.0,0.0,1,142.0,0.0,0,369.0,0.0,0.0,0.0,0.0,0.0,5
2023-05-10 21:49:44,rb2311C3400,rb2311C3400,369.0,0.0,0.0,0.0,1,141.5,0.0,0,369.0,0.0,0.0,0.0,0.0,0.0,5
2023-05-10 21:49:44,rb2311C3400,rb2311C3400,369.0,0.0,0.0,0.0,1,142.0,0.0,0,369.0,0.0,0.0,0.0,0.0,0.0,5
2023-05-10 21:49:45,rb2311C3400,rb2311C3400,369.0,0.0,0.0,0.0,1,141.5,0.0,0,369.0,0.0,0.0,0.0,0.0,0.0,5
2023-05-10 21:49:45,rb2311C3400,rb2311C3400,369.0,0.0,0.0,0.0,1,142.0,0.0,0,369.0,0.0,0.0,0.0,0.0,0.0,5
2023-05-10 21:49:46,rb2311C3400,rb2311C3400,369.0,0.0,0.0,0.0,1,141.5,0.0,0,369.0,0.0,0.0,0.0,0.0,0.0,5
2023-05-10 21:49:46,rb2311C3400,rb2311C3400,369.0,0.0,0.0,0.0,1,142.0,0.0,0,369.0,0.0,0.0,0.0,0.0,0.0,5
2023-05-10 21:49:47,rb2311C3400,rb2311C3400,369.0,0.0,0.0,0.0,1,141.5,0.0,0,369.0,0.0,0.0,0.0,0.0,0.0,5
2023-05-10 21:49:47,rb2311C3400,rb2311C3400,369.0,0.0,0.0,0.0,1,142.0,0.0,0,369.0,0.0,0.0,0.0,0.0,0.0,5
2023-05-10 21:49:48,rb2311C3400,rb2311C3400,369.0,0.0,0.0,0.0,1,141.5,0.0,0,369.0,0.0,0.0,0.0,0.0,0.0,5
2023-05-10 21:49:48,rb2311C3400,rb2311C3400,369.0,0.0,0.0,0.0,1,142.0,0.0,0,369.0,0.0,0.0,0.0,0.0,0.0,5
2023-05-10 21:49:49,rb2311C3400,rb2311C3400,369.0,0.0,0.0,0.0,1,141.5,0.0,0,369.0,0.0,0.0,0.0,0.0,0.0,5
2023-05-10 21:49:49,rb2311C3400,rb2311C3400,369.0,0.0,0.0,0.0,1,142.0,0.0,0,369.0,0.0,0.0,0.0,0.0,0.0,5
2023-05-10 21:49:50,rb2311C3400,rb2311C3400,369.0,0.0,0.0,0.0,1,141.5,0.0,0,369.0,0.0,0.0,0.0,0.0,0.0,5
2023-05-10 21:49:50,rb2311C3400,rb2311C3400,369.0,0.0,0.0,0.0,1,142.0,0.0,0,369.0,0.0,0.0,0.0,0.0,0.0,5
2023-05-10 21:49:51,rb2311C3400,rb2311C3400,369.0,0.0,0.0,0.0,1,141.5,0.0,0,369.0,0.0,0.0,0.0,0.0,0.0,5
2023-05-10 21:49:51,rb2311C3400,rb2311C3400,369.0,0.0,0.0,0.0,1,142.0,0.0,0,369.0,0.0,0.0,0.0,0.0,0.0,5
2023-05-10 21:49:52,rb2311C3400,rb2311C3400,369.0,0.0,0.0,0.0,1,141.5,0.0,0,369.0,0.0,0.0,0.0,0.0,0.0,5
2023-05-10 21:49:52,rb2311C3400,rb2311C3400,369.0,0.0,0.0,0.0,1,142.0,0.0,0,369.0,0.0,0.0,0.0,0.0,0.0,5
2023-05-10 21:49:53,rb2311C3400,rb2311C3400,369.0,0.0,0.0,0.0,1,141.5,0.0,0,369.0,0.0,0.0,0.0,0.0,0.0,5
2023-05-10 21:49:53,rb2311C3400,rb2311C3400,369.0,0.0,0.0,0.0,1,142.0,0.0,0,369.0,0.0,0.0,0.0,0.0,0.0,5
2023-05-10 21:49:54,rb2311C3400,rb2311C3400,369.0,0.0,0.0,0.0,1,141.5,0.0,0,369.0,0.0,0.0,0.0,0.0,0.0,5
2023-05-10 21:49:54,rb2311C3400,rb2311C3400,369.0,0.0,0.0,0.0,1,142.0,0.0,0,369.0,0.0,0.0,0.0,0.0,0.0,5
2023-05-10 21:49:55,rb2311C3400,rb2311C3400,369.0,0.0,0.0,0.0,1,141.5,0.0,0,369.0,0.0,0.0,0.0,0.0,0.0,5
2023-05-10 21:49:55,rb2311C3400,rb2311C3400,369.0,0.0,0.0,0.0,1,142.0,0.0,0,369.0,0.0,0.0,0.0,0.0,0.0,5
2023-05-10 21:49:56,rb2311C3400,rb2311C3400,369.0,0.0,0.0,0.0,1,141.5,0.0,0,369.0,0.0,0.0,0.0,0.0,0.0,5
2023-05-10 21:49:56,rb2311C3400,rb2311C3400,369.0,0.0,0.0,0.0,1,142.0,0.0,0,369.0,0.0,0.0,0.0,0.0,0.0,5
2023-05-10 21:49:57,rb2311C3400,rb2311C3400,369.0,0.0,0.0,0.0,1,141.5,0.0,0,369.0,0.0,0.0,0.0,0.0,0.0,5
2023-05-10 21:49:57,rb2311C3400,rb2311C3400,369.0,0.0,0.0,0.0,1,142.0,0.0,0,369.0,0.0,0.0,0.0,0.0,0.0,5
2023-05-10 21:49:58,rb2311C3400,rb2311C3400,369.0,0.0,0.0,0.0,1,141.5,0.0,0,369.0,0.0,0.0,0.0,0.0,0.0,5
2023-05-10 21:49:58,rb2311C3400,rb2311C3400,369.0,0.0,0.0,0.0,1,142.0,0.0,0,369.0,0.0,0.0,0.0,0.0,0.0,5
2023-05-10 21:49:59,rb2311C3400,rb2311C3400,369.0,0.0,0.0,0.0,1,141.5,0.0,0,369.0,0.0,0.0,0.0,0.0,0.0,5
2023-05-10 21:49:59,rb2311C3400,rb2311C3400,369.0,0.0,0.0,0.0,1,142.0,0.0,0,369.0,0.0,0.0,0.0,0.0,0.0,5
2023-05-10 21:50:00,rb2311C3400,rb2311C3400,369.0,0.0,0.0,0.0,1,141.5,0.0,0,369.0,0.0,0.0,0.0,0.0,0.0,5
2023-05-10 21:50:00,rb2311C3400,rb2311C3400,369.0,0.0,0.0,0.0,1,142.0,0.0,0,369.0,0.0,0.0,0.0,0.0,0.0,5
2023-05-10 21:50:01,rb2311C3400,rb2311C3400,369.0,0.0,0.0,0.0,1,141.5,0.0,0,369.0,0.0,0.0,0.0,0.0,0.0,5
2023-05-10 21:50:01,rb2311C3400,rb2311C3400,369.0,0.0,0.0,0.0,1,142.0,0.0,0,369.0,0.0,0.0,0.0,0.0,0.0,5
2023-05-10 21:50:02,rb2311C3400,rb2311C3400,369.0,0.0,0.0,0.0,1,141.5,0.0,0,369.0,0.0,0.0,0.0,0.0,0.0,5
2023-05-10 21:50:02,rb2311C3400,rb2311C3400,369.0,0.0,0.0,0.0,1,142.0,0.0,0,369.0,0.0,0.0,0.0,0.0,0.0,5
2023-05-10 21:50:03,rb2311C3400,rb2311C3400,369.0,0.0,0.0,0.0,1,141.5,0.0,0,369.0,0.0,0.0,0.0,0.0,0.0,5
2023-05-10 21:50:03,rb2311C3400,rb2311C3400,369.0,0.0,0.0,0.0,1,142.0,0.0,0,369.0,0.0,0.0,0.0,0.0,0.0,5
2023-05-10 21:50:04,rb2311C3400,rb2311C3400,369.0,0.0,0.0,0.0,1,141.5,0.0,0,369.0,0.0,0.0,0.0,0.0,0.0,5
2023-05-10 21:50:04,rb2311C3400,rb2311C3400,369.0,0.0,0.0,0.0,1,142.0,0.0,0,369.0,0.0,0.0,0.0,0.0,0.0,5
2023-05-10 21:50:05,rb2311C3400,rb2311C3400,369.0,0.0,0.0,0.0,1,141.5,0.0,0,369.0,0.0,0.0,0.0,0.0,0.0,5
2023-05-10 21:50:05,rb2311C3400,rb2311C3400,369.0,0.0,0.0,0.0,1,142.0,0.0,0,369.0,0.0,0.0,0.0,0.0,0.0,5
2023-05-10 21:50:06,rb2311C3400,rb2311C3400,369.0,0.0,0.0,0.0,1,141.5,0.0,0,369.0,0.0,0.0,0.0,0.0,0.0,5
2023-05-10 21:50:06,rb2311C3400,rb2311C3400,369.0,0.0,0.0,0.0,1,142.0,0.0,0,369.0,0.0,0.0,0.0,0.0,0.0,5
2023-05-10 21:50:07,rb2311C3400,rb2311C3400,369.0,0.0,0.0,0.0,1,141.5,0.0,0,369.0,0.0,0.0,0.0,0.0,0.0,5
2023-05-10 21:50:07,rb2311C3400,rb2311C3400,369.0,0.0,0.0,0.0,1,142.0,0.0,0,369.0,0.0,0.0,0.0,0.0,0.0,5
2023-05-10 21:50:08,rb2311C3400,rb2311C3400,369.0,0.0,0.0,0.0,1,141.5,0.0,0,369.0,0.0,0.0,0.0,0.0,0.0,5
2023-05-10 21:50:08,rb2311C3400,rb2311C3400,369.0,0.0,0.0,0.0,1,142.0,0.0,0,369.0,0.0,0.0,0.0,0.0,0.0,5
2023-05-10 21:50:09,rb2311C3400,rb2311C3400,369.0,0.0,0.0,0.0,1,141.5,0.0,0,369.0,0.0,0.0,0.0,0.0,0.0,5
2023-05-10 21:50:09,rb2311C3400,rb2311C3400,369.0,0.0,0.0,0.0,1,142.0,0.0,0,369.0,0.0,0.0,0.0,0.0,0.0,5
2023-05-10 21:50:10,rb2311C3400,rb2311C3400,369.0,0.0,0.0,0.0,1,141.5,0.0,0,369.0,0.0,0.0,0.0,0.0,0.0,5
2023-05-10 21:50:10,rb2311C3400,rb2311C3400,369.0,0.0,0.0,0.0,1,142.0,0.0,0,369.0,0.0,0.0,0.0,0.0,0.0,5
2023-05-10 21:50:11,rb2311C3400,rb2311C3400,369.0,0.0,0.0,0.0,1,141.5,0.0,0,369.0,0.0,0.0,0.0,0.0,0.0,5
2023-05-10 21:50:11,rb2311C3400,rb2311C3400,369.0,0.0,0.0,0.0,1,142.0,0.0,0,369.0,0.0,0.0,0.0,0.0,0.0,5
2023-05-10 21:50:12,rb2311C3400,rb2311C3400,369.0,0.0,0.0,0.0,1,141.5,0.0,0,369.0,0.0,0.0,0.0,0.0,0.0,5
2023-05-10 21:50:12,rb2311C3400,rb2311C3400,369.0,0.0,0.0,0.0,1,142.0,0.0,0,369.0,0.0,0.0,0.0,0.0,0.0,5
2023-05-10 21:50:13,rb2311C3400,rb2311C3400,369.0,0.0,0.0,0.0,1,141.5,0.0,0,369.0,0.0,0.0,0.0,0.0,0.0,5
2023-05-10 21:50:13,rb2311C3400,rb2311C3400,369.0,0.0,0.0,0.0,1,142.0,0.0,0,369.0,0.0,0.0,0.0,0.0,0.0,5
2023-05-10 21:50:14,rb2311C3400,rb2311C3400,369.0,0.0,0.0,0.0,1,141.5,0.0,0,369.0,0.0,0.0,0.0,0.0,0.0,5
2023-05-10 21:50:14,rb2311C3400,rb2311C3400,369.0,0.0,0.0,0.0,1,142.0,0.0,0,369.0,0.0,0.0,0.0,0.0,0.0,5
2023-05-10 21:50:15,rb2311C3400,rb2311C3400,369.0,0.0,0.0,0.0,1,141.5,0.0,0,369.0,0.0,0.0,0.0,0.0,0.0,5
2023-05-10 21:50:15,rb2311C3400,rb2311C3400,369.0,0.0,0.0,0.0,1,142.0,0.0,0,369.0,0.0,0.0,0.0,0.0,0.0,5
2023-05-10 21:50:16,rb2311C3400,rb2311C3400,369.0,0.0,0.0,0.0,1,141.5,0.0,0,369.0,0.0,0.0,0.0,0.0,0.0,5
2023-05-10 21:50:16,rb2311C3400,rb2311C3400,369.0,0.0,0.0,0.0,1,142.0,0.0,0,369.0,0.0,0.0,0.0,0.0,0.0,5
2023-05-10 21:50:17,rb2311C3400,rb2311C3400,369.0,0.0,0.0,0.0,1,141.5,0.0,0,369.0,0.0,0.0,0.0,0.0,0.0,5
2023-05-10 21:50:17,rb2311C3400,rb2311C3400,369.0,0.0,0.0,0.0,1,142.0,0.0,0,369.0,0.0,0.0,0.0,0.0,0.0,5
2023-05-10 21:50:18,rb2311C3400,rb2311C3400,369.0,0.0,0.0,0.0,1,141.5,0.0,0,369.0,0.0,0.0,0.0,0.0,0.0,5
2023-05-10 21:50:18,rb2311C3400,rb2311C3400,369.0,0.0,0.0,0.0,1,142.0,0.0,0,369.0,0.0,0.0,0.0,0.0,0.0,5
2023-05-10 21:50:19,rb2311C3400,rb2311C3400,369.0,0.0,0.0,0.0,1,141.5,0.0,0,369.0,0.0,0.0,0.0,0.0,0.0,5
2023-05-10 21:50:19,rb2311C3400,rb2311C3400,369.0,0.0,0.0,0.0,1,142.0,0.0,0,369.0,0.0,0.0,0.0,0.0,0.0,5
2023-05-10 21:50:20,rb2311C3400,rb2311C3400,369.0,0.0,0.0,0.0,1,141.5,0.0,0,369.0,0.0,0.0,0.0,0.0,0.0,5
2023-05-10 21:50:20,rb2311C3400,rb2311C3400,369.0,0.0,0.0,0.0,1,142.0,0.0,0,369.0,0.0,0.0,0.0,0.0,0.0,5
2023-05-10 21:50:21,rb2311C3400,rb2311C3400,369.0,0.0,0.0,0.0,1,141.5,0.0,0,369.0,0.0,0.0,0.0,0.0,0.0,5
2023-05-10 21:50:21,rb2311C3400,rb2311C3400,369.0,0.0,0.0,0.0,1,142.0,0.0,0,369.0,0.0,0.0,0.0,0.0,0.0,5
2023-05-10 21:50:22,rb2311C3400,rb2311C3400,369.0,0.0,0.0,0.0,1,141.5,0.0,0,369.0,0.0,0.0,0.0,0.0,0.0,5
2023-05-10 21:50:22,rb2311C3400,rb2311C3400,369.0,0.0,0.0,0.0,1,142.0,0.0,0,369.0,0.0,0.0,0.0,0.0,0.0,5
2023-05-10 21:50:23,rb2311C3400,rb2311C3400,369.0,0.0,0.0,0.0,1,141.5,0.0,0,369.0,0.0,0.0,0.0,0.0,0.0,5
2023-05-10 21:50:23,rb2311C3400,rb2311C3400,369.0,0.0,0.0,0.0,1,142.0,0.0,0,369.0,0.0,0.0,0.0,0.0,0.0,5
2023-05-10 21:50:24,rb2311C3400,rb2311C3400,369.0,0.0,0.0,0.0,1,141.5,0.0,0,369.0,0.0,0.0,0.0,0.0,0.0,5
2023-05-10 21:50:24,rb2311C3400,rb2311C3400,369.0,0.0,0.0,0.0,1,142.0,0.0,0,369.0,0.0,0.0,0.0,0.0,0.0,5
2023-05-10 21:50:25,rb2311C3400,rb2311C3400,369.0,0.0,0.0,0.0,1,141.5,0.0,0,369.0,0.0,0.0,0.0,0.0,0.0,5
2023-05-10 21:50:25,rb2311C3400,rb2311C3400,369.0,0.0,0.0,0.0,1,142.0,0.0,0,369.0,0.0,0.0,0.0,0.0,0.0,5
2023-05-10 21:50:26,rb2311C3400,rb2311C3400,369.0,0.0,0.0,0.0,1,141.5,0.0,0,369.0,0.0,0.0,0.0,0.0,0.0,5
2023-05-10 21:50:26,rb2311C3400,rb2311C3400,369.0,0.0,0.0,0.0,1,142.0,0.0,0,369.0,0.0,0.0,0.0,0.0,0.0,5
2023-05-10 21:50:27,rb2311C3400,rb2311C3400,369.0,0.0,0.0,0.0,1,141.5,0.0,0,369.0,0.0,0.0,0.0,0.0,0.0,5
2023-05-10 21:50:27,rb2311C3400,rb2311C3400,369.0,0.0,0.0,0.0,1,142.0,0.0,0,369.0,0.0,0.0,0.0,0.0,0.0,5
2023-05-10 21:50:28,rb2311C3400,rb2311C3400,369.0,0.0,0.0,0.0,1,141.5,0.0,0,369.0,0.0,0.0,0.0,0.0,0.0,5
2023-05-10 21:50:28,rb2311C3400,rb2311C3400,369.0,0.0,0.0,0.0,1,142.0,0.0,0,369.0,0.0,0.0,0.0,0.0,0.0,5
2023-05-10 21:50:29,rb2311C3400,rb2311C3400,369.0,0.0,0.0,0.0,1,141.5,0.0,0,369.0,0.0,0.0,0.0,0.0,0.0,5
2023-05-10 21:50:29,rb2311C3400,rb2311C3400,369.0,0.0,0.0,0.0,1,142.0,0.0,0,369.0,0.0,0.0,0.0,0.0,0.0,5
2023-05-10 21:50:30,rb2311C3400,rb2311C3400,369.0,0.0,0.0,0.0,1,141.5,0.0,0,369.0,0.0,0.0,0.0,0.0,0.0,5
2023-05-10 21:50:30,rb2311C3400,rb2311C3400,369.0,0.0,0.0,0.0,1,142.0,0.0,0,369.0,0.0,0.0,0.0,0.0,0.0,5
2023-05-10 21:50:31,rb2311C3400,rb2311C3400,369.0,0.0,0.0,0.0,1,141.5,0.0,0,369.0,0.0,0.0,0.0,0.0,0.0,5
2023-05-10 21:50:31,rb2311C3400,rb2311C3400,369.0,0.0,0.0,0.0,1,142.0,0.0,0,369.0,0.0,0.0,0.0,0.0,0.0,5
2023-05-10 21:50:32,rb2311C3400,rb2311C3400,369.0,0.0,0.0,0.0,1,141.5,0.0,0,369.0,0.0,0.0,0.0,0.0,0.0,5
2023-05-10 21:50:32,rb2311C3400,rb2311C3400,369.0,0.0,0.0,0.0,1,142.0,0.0,0,369.0,0.0,0.0,0.0,0.0,0.0,5
2023-05-10 21:50:33,rb2311C3400,rb2311C3400,369.0,0.0,0.0,0.0,1,141.5,0.0,0,369.0,0.0,0.0,0.0,0.0,0.0,5
2023-05-10 21:50:33,rb2311C3400,rb2311C3400,369.0,0.0,0.0,0.0,1,142.0,0.0,0,369.0,0.0,0.0,0.0,0.0,0.0,5
2023-05-10 21:50:34,rb2311C3400,rb2311C3400,369.0,0.0,0.0,0.0,1,141.5,0.0,0,369.0,0.0,0.0,0.0,0.0,0.0,5
2023-05-10 21:50:34,rb2311C3400,rb2311C3400,369.0,0.0,0.0,0.0,1,142.0,0.0,0,369.0,0.0,0.0,0.0,0.0,0.0,5
2023-05-10 21:50:35,rb2311C3400,rb2311C3400,369.0,0.0,0.0,0.0,1,141.5,0.0,0,369.0,0.0,0.0,0.0,0.0,0.0,5
2023-05-10 21:50:35,rb2311C3400,rb2311C3400,369.0,0.0,0.0,0.0,1,142.0,0.0,0,369.0,0.0,0.0,0.0,0.0,0.0,5
2023-05-10 21:50:36,rb2311C3400,rb2311C3400,369.0,0.0,0.0,0.0,1,141.5,0.0,0,369.0,0.0,0.0,0.0,0.0,0.0,5
2023-05-10 21:50:36,rb2311C3400,rb2311C3400,369.0,0.0,0.0,0.0,1,142.0,0.0,0,369.0,0.0,0.0,0.0,0.0,0.0,5
2023-05-10 21:50:37,rb2311C3400,rb2311C3400,369.0,0.0,0.0,0.0,1,141.5,0.0,0,369.0,0.0,0.0,0.0,0.0,0.0,5
2023-05-10 21:50:37,rb2311C3400,rb2311C3400,369.0,0.0,0.0,0.0,1,142.0,0.0,0,369.0,0.0,0.0,0.0,0.0,0.0,5
2023-05-10 21:50:38,rb2311C3400,rb2311C3400,369.0,0.0,0.0,0.0,1,141.5,0.0,0,369.0,0.0,0.0,0.0,0.0,0.0,5
2023-05-10 21:50:38,rb2311C3400,rb2311C3400,369.0,0.0,0.0,0.0,1,142.0,0.0,0,369.0,0.0,0.0,0.0,0.0,0.0,5
2023-05-10 21:50:39,rb2311C3400,rb2311C3400,369.0,0.0,0.0,0.0,1,141.5,0.0,0,369.0,0.0,0.0,0.0,0.0,0.0,5
2023-05-10 21:50:39,rb2311C3400,rb2311C3400,369.0,0.0,0.0,0.0,1,142.0,0.0,0,369.0,0.0,0.0,0.0,0.0,0.0,5
2023-05-10 21:50:40,rb2311C3400,rb2311C3400,369.0,0.0,0.0,0.0,1,141.5,0.0,0,369.0,0.0,0.0,0.0,0.0,0.0,5
2023-05-10 21:50:40,rb2311C3400,rb2311C3400,369.0,0.0,0.0,0.0,1,142.0,0.0,0,369.0,0.0,0.0,0.0,0.0,0.0,5
2023-05-10 21:50:41,rb2311C3400,rb2311C3400,369.0,0.0,0.0,0.0,1,141.5,0.0,0,369.0,0.0,0.0,0.0,0.0,0.0,5
2023-05-10 21:50:41,rb2311C3400,rb2311C3400,369.0,0.0,0.0,0.0,1,142.0,0.0,0,369.0,0.0,0.0,0.0,0.0,0.0,5
2023-05-10 21:50:42,rb2311C3400,rb2311C3400,369.0,0.0,0.0,0.0,1,141.5,0.0,0,369.0,0.0,0.0,0.0,0.0,0.0,5
2023-05-10 21:50:42,rb2311C3400,rb2311C3400,369.0,0.0,0.0,0.0,1,142.0,0.0,0,369.0,0.0,0.0,0.0,0.0,0.0,5
2023-05-10 21:50:43,rb2311C3400,rb2311C3400,369.0,0.0,0.0,0.0,1,141.5,0.0,0,369.0,0.0,0.0,0.0,0.0,0.0,5
2023-05-10 21:50:43,rb2311C3400,rb2311C3400,369.0,0.0,0.0,0.0,1,142.0,0.0,0,369.0,0.0,0.0,0.0,0.0,0.0,5
2023-05-10 21:50:44,rb2311C3400,rb2311C3400,369.0,0.0,0.0,0.0,1,141.5,0.0,0,369.0,0.0,0.0,0.0,0.0,0.0,5
2023-05-10 21:50:44,rb2311C3400,rb2311C3400,369.0,0.0,0.0,0.0,1,142.0,0.0,0,369.0,0.0,0.0,0.0,0.0,0.0,5
2023-05-10 21:50:45,rb2311C3400,rb2311C3400,369.0,0.0,0.0,0.0,1,141.5,0.0,0,369.0,0.0,0.0,0.0,0.0,0.0,5
2023-05-10 21:50:45,rb2311C3400,rb2311C3400,369.0,0.0,0.0,0.0,1,142.0,0.0,0,369.0,0.0,0.0,0.0,0.0,0.0,5
2023-05-10 21:50:46,rb2311C3400,rb2311C3400,369.0,0.0,0.0,0.0,1,141.5,0.0,0,369.0,0.0,0.0,0.0,0.0,0.0,5
2023-05-10 21:50:46,rb2311C3400,rb2311C3400,369.0,0.0,0.0,0.0,1,142.0,0.0,0,369.0,0.0,0.0,0.0,0.0,0.0,5
2023-05-10 21:50:47,rb2311C3400,rb2311C3400,369.0,0.0,0.0,0.0,1,141.5,0.0,0,369.0,0.0,0.0,0.0,0.0,0.0,5
2023-05-10 21:50:47,rb2311C3400,rb2311C3400,369.0,0.0,0.0,0.0,1,142.0,0.0,0,369.0,0.0,0.0,0.0,0.0,0.0,5
2023-05-10 21:50:48,rb2311C3400,rb2311C3400,369.0,0.0,0.0,0.0,1,141.5,0.0,0,369.0,0.0,0.0,0.0,0.0,0.0,5
2023-05-10 21:50:48,rb2311C3400,rb2311C3400,369.0,0.0,0.0,0.0,1,142.0,0.0,0,369.0,0.0,0.0,0.0,0.0,0.0,5
2023-05-10 21:50:49,rb2311C3400,rb2311C3400,369.0,0.0,0.0,0.0,1,141.5,0.0,0,369.0,0.0,0.0,0.0,0.0,0.0,5
2023-05-10 21:50:49,rb2311C3400,rb2311C3400,369.0,0.0,0.0,0.0,1,142.0,0.0,0,369.0,0.0,0.0,0.0,0.0,0.0,5
2023-05-10 21:50:50,rb2311C3400,rb2311C3400,369.0,0.0,0.0,0.0,1,141.5,0.0,0,369.0,0.0,0.0,0.0,0.0,0.0,5
2023-05-10 21:50:50,rb2311C3400,rb2311C3400,369.0,0.0,0.0,0.0,1,142.0,0.0,0,369.0,0.0,0.0,0.0,0.0,0.0,5
2023-05-10 21:50:51,rb2311C3400,rb2311C3400,369.0,0.0,0.0,0.0,1,141.5,0.0,0,369.0,0.0,0.0,0.0,0.0,0.0,5
2023-05-10 21:50:51,rb2311C3400,rb2311C3400,369.0,0.0,0.0,0.0,1,142.0,0.0,0,369.0,0.0,0.0,0.0,0.0,0.0,5
2023-05-10 21:50:52,rb2311C3400,rb2311C3400,369.0,0.0,0.0,0.0,1,141.5,0.0,0,369.0,0.0,0.0,0.0,0.0,0.0,5
2023-05-10 21:50:52,rb2311C3400,rb2311C3400,369.0,0.0,0.0,0.0,1,142.0,0.0,0,369.0,0.0,0.0,0.0,0.0,0.0,5
2023-05-10 21:50:53,rb2311C3400,rb2311C3400,369.0,0.0,0.0,0.0,1,141.5,0.0,0,369.0,0.0,0.0,0.0,0.0,0.0,5
2023-05-10 21:50:53,rb2311C3400,rb2311C3400,369.0,0.0,0.0,0.0,1,142.0,0.0,0,369.0,0.0,0.0,0.0,0.0,0.0,5
2023-05-10 21:50:54,rb2311C3400,rb2311C3400,369.0,0.0,0.0,0.0,1,141.5,0.0,0,369.0,0.0,0.0,0.0,0.0,0.0,5
2023-05-10 21:50:54,rb2311C3400,rb2311C3400,369.0,0.0,0.0,0.0,1,142.0,0.0,0,369.0,0.0,0.0,0.0,0.0,0.0,5
2023-05-10 21:50:55,rb2311C3400,rb2311C3400,369.0,0.0,0.0,0.0,1,141.5,0.0,0,369.0,0.0,0.0,0.0,0.0,0.0,5
2023-05-10 21:50:55,rb2311C3400,rb2311C3400,369.0,0.0,0.0,0.0,1,142.0,0.0,0,369.0,0.0,0.0,0.0,0.0,0.0,5
2023-05-10 21:50:56,rb2311C3400,rb2311C3400,369.0,0.0,0.0,0.0,1,141.5,0.0,0,369.0,0.0,0.0,0.0,0.0,0.0,5
2023-05-10 21:50:56,rb2311C3400,rb2311C3400,369.0,0.0,0.0,0.0,1,142.0,0.0,0,369.0,0.0,0.0,0.0,0.0,0.0,5
2023-05-10 21:50:57,rb2311C3400,rb2311C3400,369.0,0.0,0.0,0.0,1,141.5,0.0,0,369.0,0.0,0.0,0.0,0.0,0.0,5
2023-05-10 21:50:57,rb2311C3400,rb2311C3400,369.0,0.0,0.0,0.0,1,142.0,0.0,0,369.0,0.0,0.0,0.0,0.0,0.0,5
2023-05-10 21:50:58,rb2311C3400,rb2311C3400,369.0,0.0,0.0,0.0,1,141.5,0.0,0,369.0,0.0,0.0,0.0,0.0,0.0,5
2023-05-10 21:50:58,rb2311C3400,rb2311C3400,369.0,0.0,0.0,0.0,1,142.0,0.0,0,369.0,0.0,0.0,0.0,0.0,0.0,5
2023-05-10 21:50:59,rb2311C3400,rb2311C3400,369.0,0.0,0.0,0.0,1,141.5,0.0,0,369.0,0.0,0.0,0.0,0.0,0.0,5
2023-05-10 21:50:59,rb2311C3400,rb2311C3400,369.0,0.0,0.0,0.0,1,142.0,0.0,0,369.0,0.0,0.0,0.0,0.0,0.0,5
2023-05-10 21:51:00,rb2311C3400,rb2311C3400,369.0,0.0,0.0,0.0,1,141.5,0.0,0,369.0,0.0,0.0,0.0,0.0,0.0,5
2023-05-10 21:51:00,rb2311C3400,rb2311C3400,369.0,0.0,0.0,0.0,1,142.0,0.0,0,369.0,0.0,0.0,0.0,0.0,0.0,5
2023-05-10 21:51:01,rb2311C3400,rb2311C3400,369.0,0.0,0.0,0.0,1,141.5,0.0,0,369.0,0.0,0.0,0.0,0.0,0.0,5
2023-05-10 21:51:01,rb2311C3400,rb2311C3400,369.0,0.0,0.0,0.0,1,142.0,0.0,0,369.0,0.0,0.0,0.0,0.0,0.0,5
2023-05-10 21:51:02,rb2311C3400,rb2311C3400,369.0,0.0,0.0,0.0,1,141.5,0.0,0,369.0,0.0,0.0,0.0,0.0,0.0,5
2023-05-10 21:51:02,rb2311C3400,rb2311C3400,369.0,0.0,0.0,0.0,1,142.0,0.0,0,369.0,0.0,0.0,0.0,0.0,0.0,5
2023-05-10 21:51:03,rb2311C3400,rb2311C3400,369.0,0.0,0.0,0.0,1,141.5,0.0,0,369.0,0.0,0.0,0.0,0.0,0.0,5
2023-05-10 21:51:03,rb2311C3400,rb2311C3400,369.0,0.0,0.0,0.0,1,142.0,0.0,0,369.0,0.0,0.0,0.0,0.0,0.0,5
2023-05-10 21:51:04,rb2311C3400,rb2311C3400,369.0,0.0,0.0,0.0,1,141.5,0.0,0,369.0,0.0,0.0,0.0,0.0,0.0,5
2023-05-10 21:51:04,rb2311C3400,rb2311C3400,369.0,0.0,0.0,0.0,1,142.0,0.0,0,369.0,0.0,0.0,0.0,0.0,0.0,5
2023-05-10 21:51:05,rb2311C3400,rb2311C3400,369.0,0.0,0.0,0.0,1,141.5,0.0,0,369.0,0.0,0.0,0.0,0.0,0.0,5
2023-05-10 21:51:05,rb2311C3400,rb2311C3400,369.0,0.0,0.0,0.0,1,142.0,0.0,0,369.0,0.0,0.0,0.0,0.0,0.0,5
2023-05-10 21:51:06,rb2311C3400,rb2311C3400,369.0,0.0,0.0,0.0,1,141.5,0.0,0,369.0,0.0,0.0,0.0,0.0,0.0,5
2023-05-10 21:51:06,rb2311C3400,rb2311C3400,369.0,0.0,0.0,0.0,1,142.0,0.0,0,369.0,0.0,0.0,0.0,0.0,0.0,5
2023-05-10 21:51:07,rb2311C3400,rb2311C3400,369.0,0.0,0.0,0.0,1,141.5,0.0,0,369.0,0.0,0.0,0.0,0.0,0.0,5
2023-05-10 21:51:07,rb2311C3400,rb2311C3400,369.0,0.0,0.0,0.0,1,142.0,0.0,0,369.0,0.0,0.0,0.0,0.0,0.0,5
2023-05-10 21:51:08,rb2311C3400,rb2311C3400,369.0,0.0,0.0,0.0,1,141.5,0.0,0,369.0,0.0,0.0,0.0,0.0,0.0,5
2023-05-10 21:51:08,rb2311C3400,rb2311C3400,369.0,0.0,0.0,0.0,1,142.0,0.0,0,369.0,0.0,0.0,0.0,0.0,0.0,5
2023-05-10 21:51:09,rb2311C3400,rb2311C3400,369.0,0.0,0.0,0.0,1,141.5,0.0,0,369.0,0.0,0.0,0.0,0.0,0.0,5
2023-05-10 21:51:09,rb2311C3400,rb2311C3400,369.0,0.0,0.0,0.0,1,142.0,0.0,0,369.0,0.0,0.0,0.0,0.0,0.0,5
2023-05-10 21:51:10,rb2311C3400,rb2311C3400,369.0,0.0,0.0,0.0,1,141.5,0.0,0,369.0,0.0,0.0,0.0,0.0,0.0,5
2023-05-10 21:51:10,rb2311C3400,rb2311C3400,369.0,0.0,0.0,0.0,1,142.0,0.0,0,369.0,0.0,0.0,0.0,0.0,0.0,5
2023-05-10 21:51:11,rb2311C3400,rb2311C3400,369.0,0.0,0.0,0.0,1,141.5,0.0,0,369.0,0.0,0.0,0.0,0.0,0.0,5
2023-05-10 21:51:11,rb2311C3400,rb2311C3400,369.0,0.0,0.0,0.0,1,142.0,0.0,0,369.0,0.0,0.0,0.0,0.0,0.0,5
2023-05-10 21:51:12,rb2311C3400,rb2311C3400,369.0,0.0,0.0,0.0,1,141.5,0.0,0,369.0,0.0,0.0,0.0,0.0,0.0,5
2023-05-10 21:51:12,rb2311C3400,rb2311C3400,369.0,0.0,0.0,0.0,1,142.0,0.0,0,369.0,0.0,0.0,0.0,0.0,0.0,5
2023-05-10 21:51:13,rb2311C3400,rb2311C3400,369.0,0.0,0.0,0.0,1,141.5,0.0,0,369.0,0.0,0.0,0.0,0.0,0.0,5
2023-05-10 21:51:13,rb2311C3400,rb2311C3400,369.0,0.0,0.0,0.0,1,142.0,0.0,0,369.0,0.0,0.0,0.0,0.0,0.0,5
2023-05-10 21:51:14,rb2311C3400,rb2311C3400,369.0,0.0,0.0,0.0,1,141.5,0.0,0,369.0,0.0,0.0,0.0,0.0,0.0,5
2023-05-10 21:51:14,rb2311C3400,rb2311C3400,369.0,0.0,0.0,0.0,1,142.0,0.0,0,369.0,0.0,0.0,0.0,0.0,0.0,5
2023-05-10 21:51:15,rb2311C3400,rb2311C3400,369.0,0.0,0.0,0.0,1,141.5,0.0,0,369.0,0.0,0.0,0.0,0.0,0.0,5
2023-05-10 21:51:15,rb2311C3400,rb2311C3400,369.0,0.0,0.0,0.0,1,142.0,0.0,0,369.0,0.0,0.0,0.0,0.0,0.0,5
2023-05-10 21:51:16,rb2311C3400,rb2311C3400,369.0,0.0,0.0,0.0,1,141.5,0.0,0,369.0,0.0,0.0,0.0,0.0,0.0,5
2023-05-10 21:51:16,rb2311C3400,rb2311C3400,369.0,0.0,0.0,0.0,1,142.0,0.0,0,369.0,0.0,0.0,0.0,0.0,0.0,5
2023-05-10 21:51:17,rb2311C3400,rb2311C3400,369.0,0.0,0.0,0.0,1,141.5,0.0,0,369.0,0.0,0.0,0.0,0.0,0.0,5
2023-05-10 21:51:17,rb2311C3400,rb2311C3400,369.0,0.0,0.0,0.0,1,142.0,0.0,0,369.0,0.0,0.0,0.0,0.0,0.0,5
2023-05-10 21:51:18,rb2311C3400,rb2311C3400,369.0,0.0,0.0,0.0,1,141.5,0.0,0,369.0,0.0,0.0,0.0,0.0,0.0,5
2023-05-10 21:51:18,rb2311C3400,rb2311C3400,369.0,0.0,0.0,0.0,1,142.0,0.0,0,369.0,0.0,0.0,0.0,0.0,0.0,5
2023-05-10 21:51:19,rb2311C3400,rb2311C3400,369.0,0.0,0.0,0.0,1,141.5,0.0,0,369.0,0.0,0.0,0.0,0.0,0.0,5
2023-05-10 21:51:19,rb2311C3400,rb2311C3400,369.0,0.0,0.0,0.0,1,142.0,0.0,0,369.0,0.0,0.0,0.0,0.0,0.0,5
2023-05-10 21:51:20,rb2311C3400,rb2311C3400,369.0,0.0,0.0,0.0,1,141.5,0.0,0,369.0,0.0,0.0,0.0,0.0,0.0,5
2023-05-10 21:51:20,rb2311C3400,rb2311C3400,369.0,0.0,0.0,0.0,1,142.0,0.0,0,369.0,0.0,0.0,0.0,0.0,0.0,5
2023-05-10 21:51:21,rb2311C3400,rb2311C3400,369.0,0.0,0.0,0.0,1,141.5,0.0,0,369.0,0.0,0.0,0.0,0.0,0.0,5
2023-05-10 21:51:21,rb2311C3400,rb2311C3400,369.0,0.0,0.0,0.0,1,142.0,0.0,0,369.0,0.0,0.0,0.0,0.0,0.0,5
2023-05-10 21:51:22,rb2311C3400,rb2311C3400,369.0,0.0,0.0,0.0,1,141.5,0.0,0,369.0,0.0,0.0,0.0,0.0,0.0,5
2023-05-10 21:51:22,rb2311C3400,rb2311C3400,369.0,0.0,0.0,0.0,1,142.0,0.0,0,369.0,0.0,0.0,0.0,0.0,0.0,5
2023-05-10 21:51:23,rb2311C3400,rb2311C3400,369.0,0.0,0.0,0.0,1,141.5,0.0,0,369.0,0.0,0.0,0.0,0.0,0.0,5
2023-05-10 21:51:23,rb2311C3400,rb2311C3400,369.0,0.0,0.0,0.0,1,142.0,0.0,0,369.0,0.0,0.0,0.0,0.0,0.0,5
2023-05-10 21:51:24,rb2311C3400,rb2311C3400,369.0,0.0,0.0,0.0,1,141.5,0.0,0,369.0,0.0,0.0,0.0,0.0,0.0,5
2023-05-10 21:51:24,rb2311C3400,rb2311C3400,369.0,0.0,0.0,0.0,1,142.0,0.0,0,369.0,0.0,0.0,0.0,0.0,0.0,5
2023-05-10 21:51:25,rb2311C3400,rb2311C3400,369.0,0.0,0.0,0.0,1,141.5,0.0,0,369.0,0.0,0.0,0.0,0.0,0.0,5
2023-05-10 21:51:25,rb2311C3400,rb2311C3400,369.0,0.0,0.0,0.0,1,142.0,0.0,0,369.0,0.0,0.0,0.0,0.0,0.0,5
2023-05-10 21:51:26,rb2311C3400,rb2311C3400,369.0,0.0,0.0,0.0,1,141.5,0.0,0,369.0,0.0,0.0,0.0,0.0,0.0,5
2023-05-10 21:51:26,rb2311C3400,rb2311C3400,369.0,0.0,0.0,0.0,1,142.0,0.0,0,369.0,0.0,0.0,0.0,0.0,0.0,5
2023-05-10 21:51:27,rb2311C3400,rb2311C3400,369.0,0.0,0.0,0.0,1,141.5,0.0,0,369.0,0.0,0.0,0.0,0.0,0.0,5
2023-05-10 21:51:27,rb2311C3400,rb2311C3400,369.0,0.0,0.0,0.0,1,142.0,0.0,0,369.0,0.0,0.0,0.0,0.0,0.0,5
2023-05-10 21:51:28,rb2311C3400,rb2311C3400,369.0,0.0,0.0,0.0,1,141.5,0.0,0,369.0,0.0,0.0,0.0,0.0,0.0,5
2023-05-10 21:51:28,rb2311C3400,rb2311C3400,369.0,0.0,0.0,0.0,1,142.0,0.0,0,369.0,0.0,0.0,0.0,0.0,0.0,5
2023-05-10 21:51:29,rb2311C3400,rb2311C3400,369.0,0.0,0.0,0.0,1,141.5,0.0,0,369.0,0.0,0.0,0.0,0.0,0.0,5
2023-05-10 21:51:29,rb2311C3400,rb2311C3400,369.0,0.0,0.0,0.0,1,142.0,0.0,0,369.0,0.0,0.0,0.0,0.0,0.0,5
2023-05-10 21:51:30,rb2311C3400,rb2311C3400,369.0,0.0,0.0,0.0,1,141.5,0.0,0,369.0,0.0,0.0,0.0,0.0,0.0,5
2023-05-10 21:51:30,rb2311C3400,rb2311C3400,369.0,0.0,0.0,0.0,1,142.0,0.0,0,369.0,0.0,0.0,0.0,0.0,0.0,5
2023-05-10 21:51:31,rb2311C3400,rb2311C3400,369.0,0.0,0.0,0.0,1,141.5,0.0,0,369.0,0.0,0.0,0.0,0.0,0.0,5
2023-05-10 21:51:31,rb2311C3400,rb2311C3400,369.0,0.0,0.0,0.0,1,142.0,0.0,0,369.0,0.0,0.0,0.0,0.0,0.0,5
2023-05-10 21:51:32,rb2311C3400,rb2311C3400,369.0,0.0,0.0,0.0,1,141.5,0.0,0,369.0,0.0,0.0,0.0,0.0,0.0,5
2023-05-10 21:51:32,rb2311C3400,rb2311C3400,369.0,0.0,0.0,0.0,1,142.0,0.0,0,369.0,0.0,0.0,0.0,0.0,0.0,5
2023-05-10 21:51:33,rb2311C3400,rb2311C3400,369.0,0.0,0.0,0.0,1,141.5,0.0,0,369.0,0.0,0.0,0.0,0.0,0.0,5
2023-05-10 21:51:33,rb2311C3400,rb2311C3400,369.0,0.0,0.0,0.0,1,142.0,0.0,0,369.0,0.0,0.0,0.0,0.0,0.0,5
2023-05-10 21:51:34,rb2311C3400,rb2311C3400,369.0,0.0,0.0,0.0,1,141.5,0.0,0,369.0,0.0,0.0,0.0,0.0,0.0,5
2023-05-10 21:51:34,rb2311C3400,rb2311C3400,369.0,0.0,0.0,0.0,1,142.0,0.0,0,369.0,0.0,0.0,0.0,0.0,0.0,5
2023-05-10 21:51:35,rb2311C3400,rb2311C3400,369.0,0.0,0.0,0.0,1,141.5,0.0,0,369.0,0.0,0.0,0.0,0.0,0.0,5
2023-05-10 21:51:35,rb2311C3400,rb2311C3400,369.0,0.0,0.0,0.0,1,142.0,0.0,0,369.0,0.0,0.0,0.0,0.0,0.0,5
2023-05-10 21:51:36,rb2311C3400,rb2311C3400,369.0,0.0,0.0,0.0,1,141.5,0.0,0,369.0,0.0,0.0,0.0,0.0,0.0,5
2023-05-10 21:51:36,rb2311C3400,rb2311C3400,369.0,0.0,0.0,0.0,1,142.0,0.0,0,369.0,0.0,0.0,0.0,0.0,0.0,5
2023-05-10 21:51:37,rb2311C3400,rb2311C3400,369.0,0.0,0.0,0.0,1,141.5,0.0,0,369.0,0.0,0.0,0.0,0.0,0.0,5
2023-05-10 21:51:37,rb2311C3400,rb2311C3400,369.0,0.0,0.0,0.0,1,142.0,0.0,0,369.0,0.0,0.0,0.0,0.0,0.0,5
2023-05-10 21:51:38,rb2311C3400,rb2311C3400,369.0,0.0,0.0,0.0,1,141.5,0.0,0,369.0,0.0,0.0,0.0,0.0,0.0,5
2023-05-10 21:51:38,rb2311C3400,rb2311C3400,369.0,0.0,0.0,0.0,1,142.0,0.0,0,369.0,0.0,0.0,0.0,0.0,0.0,5
2023-05-10 21:51:39,rb2311C3400,rb2311C3400,369.0,0.0,0.0,0.0,1,141.5,0.0,0,369.0,0.0,0.0,0.0,0.0,0.0,5
2023-05-10 21:51:39,rb2311C3400,rb2311C3400,369.0,0.0,0.0,0.0,1,142.0,0.0,0,369.0,0.0,0.0,0.0,0.0,0.0,5
2023-05-10 21:51:40,rb2311C3400,rb2311C3400,369.0,0.0,0.0,0.0,1,141.5,0.0,0,369.0,0.0,0.0,0.0,0.0,0.0,5
2023-05-10 21:51:40,rb2311C3400,rb2311C3400,369.0,0.0,0.0,0.0,1,142.0,0.0,0,369.0,0.0,0.0,0.0,0.0,0.0,5
2023-05-10 21:51:41,rb2311C3400,rb2311C3400,369.0,0.0,0.0,0.0,1,141.5,0.0,0,369.0,0.0,0.0,0.0,0.0,0.0,5
2023-05-10 21:51:41,rb2311C3400,rb2311C3400,369.0,0.0,0.0,0.0,1,142.0,0.0,0,369.0,0.0,0.0,0.0,0.0,0.0,5
2023-05-10 21:51:42,rb2311C3400,rb2311C3400,369.0,0.0,0.0,0.0,1,141.5,0.0,0,369.0,0.0,0.0,0.0,0.0,0.0,5
2023-05-10 21:51:42,rb2311C3400,rb2311C3400,369.0,0.0,0.0,0.0,1,142.0,0.0,0,369.0,0.0,0.0,0.0,0.0,0.0,5
2023-05-10 21:51:43,rb2311C3400,rb2311C3400,369.0,0.0,0.0,0.0,1,141.5,0.0,0,369.0,0.0,0.0,0.0,0.0,0.0,5
2023-05-10 21:51:43,rb2311C3400,rb2311C3400,369.0,0.0,0.0,0.0,1,142.0,0.0,0,369.0,0.0,0.0,0.0,0.0,0.0,5
2023-05-10 21:51:44,rb2311C3400,rb2311C3400,369.0,0.0,0.0,0.0,1,141.5,0.0,0,369.0,0.0,0.0,0.0,0.0,0.0,5
2023-05-10 21:51:44,rb2311C3400,rb2311C3400,369.0,0.0,0.0,0.0,1,142.0,0.0,0,369.0,0.0,0.0,0.0,0.0,0.0,5
2023-05-10 21:51:45,rb2311C3400,rb2311C3400,369.0,0.0,0.0,0.0,1,141.5,0.0,0,369.0,0.0,0.0,0.0,0.0,0.0,5
2023-05-10 21:51:45,rb2311C3400,rb2311C3400,369.0,0.0,0.0,0.0,1,142.0,0.0,0,369.0,0.0,0.0,0.0,0.0,0.0,5
2023-05-10 21:51:46,rb2311C3400,rb2311C3400,369.0,0.0,0.0,0.0,1,141.5,0.0,0,369.0,0.0,0.0,0.0,0.0,0.0,5
2023-05-10 21:51:46,rb2311C3400,rb2311C3400,369.0,0.0,0.0,0.0,1,142.0,0.0,0,369.0,0.0,0.0,0.0,0.0,0.0,5
2023-05-10 21:51:47,rb2311C3400,rb2311C3400,369.0,0.0,0.0,0.0,1,141.5,0.0,0,369.0,0.0,0.0,0.0,0.0,0.0,5
2023-05-10 21:51:47,rb2311C3400,rb2311C3400,369.0,0.0,0.0,0.0,1,142.0,0.0,0,369.0,0.0,0.0,0.0,0.0,0.0,5
2023-05-10 21:51:48,rb2311C3400,rb2311C3400,369.0,0.0,0.0,0.0,1,141.5,0.0,0,369.0,0.0,0.0,0.0,0.0,0.0,5
2023-05-10 21:51:48,rb2311C3400,rb2311C3400,369.0,0.0,0.0,0.0,1,142.0,0.0,0,369.0,0.0,0.0,0.0,0.0,0.0,5
2023-05-10 21:51:49,rb2311C3400,rb2311C3400,369.0,0.0,0.0,0.0,1,141.5,0.0,0,369.0,0.0,0.0,0.0,0.0,0.0,5
2023-05-10 21:51:49,rb2311C3400,rb2311C3400,369.0,0.0,0.0,0.0,1,142.0,0.0,0,369.0,0.0,0.0,0.0,0.0,0.0,5
2023-05-10 21:51:50,rb2311C3400,rb2311C3400,369.0,0.0,0.0,0.0,1,141.5,0.0,0,369.0,0.0,0.0,0.0,0.0,0.0,5
2023-05-10 21:51:50,rb2311C3400,rb2311C3400,369.0,0.0,0.0,0.0,1,142.0,0.0,0,369.0,0.0,0.0,0.0,0.0,0.0,5
2023-05-10 21:51:51,rb2311C3400,rb2311C3400,369.0,0.0,0.0,0.0,1,141.5,0.0,0,369.0,0.0,0.0,0.0,0.0,0.0,5
2023-05-10 21:51:51,rb2311C3400,rb2311C3400,369.0,0.0,0.0,0.0,1,142.0,0.0,0,369.0,0.0,0.0,0.0,0.0,0.0,5
2023-05-10 21:51:52,rb2311C3400,rb2311C3400,369.0,0.0,0.0,0.0,1,141.5,0.0,0,369.0,0.0,0.0,0.0,0.0,0.0,5
2023-05-10 21:51:52,rb2311C3400,rb2311C3400,369.0,0.0,0.0,0.0,1,142.0,0.0,0,369.0,0.0,0.0,0.0,0.0,0.0,5
2023-05-10 21:51:53,rb2311C3400,rb2311C3400,369.0,0.0,0.0,0.0,1,141.5,0.0,0,369.0,0.0,0.0,0.0,0.0,0.0,5
2023-05-10 21:51:53,rb2311C3400,rb2311C3400,369.0,0.0,0.0,0.0,1,142.0,0.0,0,369.0,0.0,0.0,0.0,0.0,0.0,5
2023-05-10 21:51:54,rb2311C3400,rb2311C3400,369.0,0.0,0.0,0.0,1,141.5,0.0,0,369.0,0.0,0.0,0.0,0.0,0.0,5
2023-05-10 21:51:54,rb2311C3400,rb2311C3400,369.0,0.0,0.0,0.0,1,142.0,0.0,0,369.0,0.0,0.0,0.0,0.0,0.0,5
2023-05-10 21:51:55,rb2311C3400,rb2311C3400,369.0,0.0,0.0,0.0,1,141.5,0.0,0,369.0,0.0,0.0,0.0,0.0,0.0,5
2023-05-10 21:51:55,rb2311C3400,rb2311C3400,369.0,0.0,0.0,0.0,1,142.0,0.0,0,369.0,0.0,0.0,0.0,0.0,0.0,5
2023-05-10 21:51:56,rb2311C3400,rb2311C3400,369.0,0.0,0.0,0.0,1,141.5,0.0,0,369.0,0.0,0.0,0.0,0.0,0.0,5
2023-05-10 21:51:56,rb2311C3400,rb2311C3400,369.0,0.0,0.0,0.0,1,142.0,0.0,0,369.0,0.0,0.0,0.0,0.0,0.0,5
2023-05-10 21:51:57,rb2311C3400,rb2311C3400,369.0,0.0,0.0,0.0,1,141.5,0.0,0,369.0,0.0,0.0,0.0,0.0,0.0,5
2023-05-10 21:51:57,rb2311C3400,rb2311C3400,369.0,0.0,0.0,0.0,1,142.0,0.0,0,369.0,0.0,0.0,0.0,0.0,0.0,5
2023-05-10 21:51:58,rb2311C3400,rb2311C3400,369.0,0.0,0.0,0.0,1,141.5,0.0,0,369.0,0.0,0.0,0.0,0.0,0.0,5
2023-05-10 21:51:58,rb2311C3400,rb2311C3400,369.0,0.0,0.0,0.0,1,142.0,0.0,0,369.0,0.0,0.0,0.0,0.0,0.0,5
2023-05-10 21:51:59,rb2311C3400,rb2311C3400,369.0,0.0,0.0,0.0,1,141.5,0.0,0,369.0,0.0,0.0,0.0,0.0,0.0,5
2023-05-10 21:51:59,rb2311C3400,rb2311C3400,369.0,0.0,0.0,0.0,1,142.0,0.0,0,369.0,0.0,0.0,0.0,0.0,0.0,5
2023-05-10 21:52:00,rb2311C3400,rb2311C3400,369.0,0.0,0.0,0.0,1,141.5,0.0,0,369.0,0.0,0.0,0.0,0.0,0.0,5
2023-05-10 21:52:00,rb2311C3400,rb2311C3400,369.0,0.0,0.0,0.0,1,142.0,0.0,0,369.0,0.0,0.0,0.0,0.0,0.0,5
2023-05-10 21:52:01,rb2311C3400,rb2311C3400,369.0,0.0,0.0,0.0,1,141.5,0.0,0,369.0,0.0,0.0,0.0,0.0,0.0,5
2023-05-10 21:52:01,rb2311C3400,rb2311C3400,369.0,0.0,0.0,0.0,1,142.0,0.0,0,369.0,0.0,0.0,0.0,0.0,0.0,5
2023-05-10 21:52:02,rb2311C3400,rb2311C3400,369.0,0.0,0.0,0.0,1,141.5,0.0,0,369.0,0.0,0.0,0.0,0.0,0.0,5
2023-05-10 21:52:02,rb2311C3400,rb2311C3400,369.0,0.0,0.0,0.0,1,142.0,0.0,0,369.0,0.0,0.0,0.0,0.0,0.0,5
2023-05-10 21:52:03,rb2311C3400,rb2311C3400,369.0,0.0,0.0,0.0,1,141.5,0.0,0,369.0,0.0,0.0,0.0,0.0,0.0,5
2023-05-10 22:00:46,rb2311C3400,rb2311C3400,369.0,0.0,0.0,0.0,1,141.5,0.0,0,369.0,0.0,0.0,0.0,0.0,0.0,5
2023-05-10 22:01:34,rb2311C3400,rb2311C3400,369.0,0.0,0.0,0.0,1,142.0,0.0,0,369.0,0.0,0.0,0.0,0.0,0.0,5
2023-05-10 22:01:34,rb2311C3400,rb2311C3400,369.0,0.0,0.0,0.0,1,141.5,0.0,0,369.0,0.0,0.0,0.0,0.0,0.0,5
2023-05-10 22:01:35,rb2311C3400,rb2311C3400,369.0,0.0,0.0,0.0,1,142.0,0.0,0,369.0,0.0,0.0,0.0,0.0,0.0,5
2023-05-10 22:01:35,rb2311C3400,rb2311C3400,369.0,0.0,0.0,0.0,1,141.5,0.0,0,369.0,0.0,0.0,0.0,0.0,0.0,5
2023-05-10 22:01:36,rb2311C3400,rb2311C3400,369.0,0.0,0.0,0.0,1,142.0,0.0,0,369.0,0.0,0.0,0.0,0.0,0.0,5
2023-05-10 22:01:36,rb2311C3400,rb2311C3400,369.0,0.0,0.0,0.0,1,141.5,0.0,0,369.0,0.0,0.0,0.0,0.0,0.0,5
2023-05-10 22:01:37,rb2311C3400,rb2311C3400,369.0,0.0,0.0,0.0,1,142.0,0.0,0,369.0,0.0,0.0,0.0,0.0,0.0,5
2023-05-10 22:01:37,rb2311C3400,rb2311C3400,369.0,0.0,0.0,0.0,1,141.5,0.0,0,369.0,0.0,0.0,0.0,0.0,0.0,5
2023-05-10 22:01:38,rb2311C3400,rb2311C3400,369.0,0.0,0.0,0.0,1,142.0,0.0,0,369.0,0.0,0.0,0.0,0.0,0.0,5
2023-05-10 22:01:38,rb2311C3400,rb2311C3400,369.0,0.0,0.0,0.0,1,141.5,0.0,0,369.0,0.0,0.0,0.0,0.0,0.0,5
2023-05-10 22:06:24,rb2311C3400,rb2311C3400,369.0,0.0,0.0,0.0,1,142.0,0.0,0,369.0,0.0,0.0,0.0,0.0,0.0,5
2023-05-10 22:06:24,rb2311C3400,rb2311C3400,369.0,0.0,0.0,0.0,1,141.5,0.0,0,369.0,0.0,0.0,0.0,0.0,0.0,5
2023-05-10 22:06:25,rb2311C3400,rb2311C3400,369.0,0.0,0.0,0.0,1,142.0,0.0,0,369.0,0.0,0.0,0.0,0.0,0.0,5
2023-05-10 22:06:25,rb2311C3400,rb2311C3400,369.0,0.0,0.0,0.0,1,141.5,0.0,0,369.0,0.0,0.0,0.0,0.0,0.0,5
2023-05-10 22:06:26,rb2311C3400,rb2311C3400,369.0,0.0,0.0,0.0,1,142.0,0.0,0,369.0,0.0,0.0,0.0,0.0,0.0,5
2023-05-10 22:06:26,rb2311C3400,rb2311C3400,369.0,0.0,0.0,0.0,1,141.5,0.0,0,369.0,0.0,0.0,0.0,0.0,0.0,5
2023-05-10 22:06:27,rb2311C3400,rb2311C3400,369.0,0.0,0.0,0.0,1,142.0,0.0,0,369.0,0.0,0.0,0.0,0.0,0.0,5
2023-05-10 22:06:27,rb2311C3400,rb2311C3400,369.0,0.0,0.0,0.0,1,141.5,0.0,0,369.0,0.0,0.0,0.0,0.0,0.0,5
2023-05-10 22:06:28,rb2311C3400,rb2311C3400,369.0,0.0,0.0,0.0,1,142.0,0.0,0,369.0,0.0,0.0,0.0,0.0,0.0,5
2023-05-10 22:06:28,rb2311C3400,rb2311C3400,369.0,0.0,0.0,0.0,1,141.5,0.0,0,369.0,0.0,0.0,0.0,0.0,0.0,5
2023-05-10 22:06:29,rb2311C3400,rb2311C3400,369.0,0.0,0.0,0.0,1,142.0,0.0,0,369.0,0.0,0.0,0.0,0.0,0.0,5
2023-05-10 22:06:29,rb2311C3400,rb2311C3400,369.0,0.0,0.0,0.0,1,141.5,0.0,0,369.0,0.0,0.0,0.0,0.0,0.0,5
2023-05-10 22:06:30,rb2311C3400,rb2311C3400,369.0,0.0,0.0,0.0,1,142.0,0.0,0,369.0,0.0,0.0,0.0,0.0,0.0,5
2023-05-10 22:06:30,rb2311C3400,rb2311C3400,369.0,0.0,0.0,0.0,1,141.5,0.0,0,369.0,0.0,0.0,0.0,0.0,0.0,5
2023-05-10 22:06:31,rb2311C3400,rb2311C3400,369.0,0.0,0.0,0.0,1,142.0,0.0,0,369.0,0.0,0.0,0.0,0.0,0.0,5
2023-05-10 22:06:31,rb2311C3400,rb2311C3400,369.0,0.0,0.0,0.0,1,141.5,0.0,0,369.0,0.0,0.0,0.0,0.0,0.0,5
2023-05-10 22:06:32,rb2311C3400,rb2311C3400,369.0,0.0,0.0,0.0,1,142.0,0.0,0,369.0,0.0,0.0,0.0,0.0,0.0,5
2023-05-10 22:06:32,rb2311C3400,rb2311C3400,369.0,0.0,0.0,0.0,1,141.5,0.0,0,369.0,0.0,0.0,0.0,0.0,0.0,5
2023-05-10 22:06:33,rb2311C3400,rb2311C3400,369.0,0.0,0.0,0.0,1,142.0,0.0,0,369.0,0.0,0.0,0.0,0.0,0.0,5
2023-05-10 22:06:33,rb2311C3400,rb2311C3400,369.0,0.0,0.0,0.0,1,141.5,0.0,0,369.0,0.0,0.0,0.0,0.0,0.0,5
2023-05-10 22:06:34,rb2311C3400,rb2311C3400,369.0,0.0,0.0,0.0,1,142.0,0.0,0,369.0,0.0,0.0,0.0,0.0,0.0,5
2023-05-10 22:06:34,rb2311C3400,rb2311C3400,369.0,0.0,0.0,0.0,1,141.5,0.0,0,369.0,0.0,0.0,0.0,0.0,0.0,5
2023-05-10 22:06:35,rb2311C3400,rb2311C3400,369.0,0.0,0.0,0.0,1,142.0,0.0,0,369.0,0.0,0.0,0.0,0.0,0.0,5
2023-05-10 22:06:35,rb2311C3400,rb2311C3400,369.0,0.0,0.0,0.0,1,141.5,0.0,0,369.0,0.0,0.0,0.0,0.0,0.0,5
2023-05-10 22:06:36,rb2311C3400,rb2311C3400,369.0,0.0,0.0,0.0,1,142.0,0.0,0,369.0,0.0,0.0,0.0,0.0,0.0,5
2023-05-10 22:06:36,rb2311C3400,rb2311C3400,369.0,0.0,0.0,0.0,1,141.5,0.0,0,369.0,0.0,0.0,0.0,0.0,0.0,5
2023-05-10 22:06:37,rb2311C3400,rb2311C3400,369.0,0.0,0.0,0.0,1,142.0,0.0,0,369.0,0.0,0.0,0.0,0.0,0.0,5
2023-05-10 22:06:37,rb2311C3400,rb2311C3400,369.0,0.0,0.0,0.0,1,141.5,0.0,0,369.0,0.0,0.0,0.0,0.0,0.0,5
2023-05-10 22:06:38,rb2311C3400,rb2311C3400,369.0,0.0,0.0,0.0,1,142.0,0.0,0,369.0,0.0,0.0,0.0,0.0,0.0,5
2023-05-10 22:06:38,rb2311C3400,rb2311C3400,369.0,0.0,0.0,0.0,1,141.5,0.0,0,369.0,0.0,0.0,0.0,0.0,0.0,5
2023-05-10 22:06:39,rb2311C3400,rb2311C3400,369.0,0.0,0.0,0.0,1,142.0,0.0,0,369.0,0.0,0.0,0.0,0.0,0.0,5
2023-05-10 22:06:39,rb2311C3400,rb2311C3400,369.0,0.0,0.0,0.0,1,141.5,0.0,0,369.0,0.0,0.0,0.0,0.0,0.0,5
2023-05-10 22:06:40,rb2311C3400,rb2311C3400,369.0,0.0,0.0,0.0,1,142.0,0.0,0,369.0,0.0,0.0,0.0,0.0,0.0,5
2023-05-10 22:06:40,rb2311C3400,rb2311C3400,369.0,0.0,0.0,0.0,1,141.5,0.0,0,369.0,0.0,0.0,0.0,0.0,0.0,5
2023-05-10 22:06:41,rb2311C3400,rb2311C3400,369.0,0.0,0.0,0.0,1,142.0,0.0,0,369.0,0.0,0.0,0.0,0.0,0.0,5
2023-05-10 22:06:41,rb2311C3400,rb2311C3400,369.0,0.0,0.0,0.0,1,141.5,0.0,0,369.0,0.0,0.0,0.0,0.0,0.0,5
2023-05-10 22:06:42,rb2311C3400,rb2311C3400,369.0,0.0,0.0,0.0,1,142.0,0.0,0,369.0,0.0,0.0,0.0,0.0,0.0,5
2023-05-10 22:06:42,rb2311C3400,rb2311C3400,369.0,0.0,0.0,0.0,1,141.5,0.0,0,369.0,0.0,0.0,0.0,0.0,0.0,5
2023-05-10 22:06:43,rb2311C3400,rb2311C3400,369.0,0.0,0.0,0.0,1,142.0,0.0,0,369.0,0.0,0.0,0.0,0.0,0.0,5
2023-05-10 22:06:43,rb2311C3400,rb2311C3400,369.0,0.0,0.0,0.0,1,141.5,0.0,0,369.0,0.0,0.0,0.0,0.0,0.0,5
2023-05-10 22:06:44,rb2311C3400,rb2311C3400,369.0,0.0,0.0,0.0,1,142.0,0.0,0,369.0,0.0,0.0,0.0,0.0,0.0,5
2023-05-10 22:06:44,rb2311C3400,rb2311C3400,369.0,0.0,0.0,0.0,1,141.5,0.0,0,369.0,0.0,0.0,0.0,0.0,0.0,5
2023-05-10 22:06:45,rb2311C3400,rb2311C3400,369.0,0.0,0.0,0.0,1,142.0,0.0,0,369.0,0.0,0.0,0.0,0.0,0.0,5
2023-05-10 22:06:45,rb2311C3400,rb2311C3400,369.0,0.0,0.0,0.0,1,141.5,0.0,0,369.0,0.0,0.0,0.0,0.0,0.0,5
2023-05-10 22:06:46,rb2311C3400,rb2311C3400,369.0,0.0,0.0,0.0,1,142.0,0.0,0,369.0,0.0,0.0,0.0,0.0,0.0,5
2023-05-10 22:06:46,rb2311C3400,rb2311C3400,369.0,0.0,0.0,0.0,1,141.5,0.0,0,369.0,0.0,0.0,0.0,0.0,0.0,5
2023-05-10 22:06:47,rb2311C3400,rb2311C3400,369.0,0.0,0.0,0.0,1,142.0,0.0,0,369.0,0.0,0.0,0.0,0.0,0.0,5
2023-05-10 22:06:47,rb2311C3400,rb2311C3400,369.0,0.0,0.0,0.0,1,141.5,0.0,0,369.0,0.0,0.0,0.0,0.0,0.0,5
2023-05-10 22:06:48,rb2311C3400,rb2311C3400,369.0,0.0,0.0,0.0,1,142.0,0.0,0,369.0,0.0,0.0,0.0,0.0,0.0,5
2023-05-10 22:06:48,rb2311C3400,rb2311C3400,369.0,0.0,0.0,0.0,1,141.5,0.0,0,369.0,0.0,0.0,0.0,0.0,0.0,5
2023-05-10 22:06:49,rb2311C3400,rb2311C3400,369.0,0.0,0.0,0.0,1,142.5,0.0,0,369.0,0.0,0.0,0.0,0.0,0.0,5
2023-05-10 22:06:49,rb2311C3400,rb2311C3400,369.0,0.0,0.0,0.0,1,142.5,0.0,0,369.0,0.0,0.0,0.0,0.0,0.0,5
2023-05-10 22:08:24,rb2311C3400,rb2311C3400,369.0,0.0,0.0,0.0,1,143.0,0.0,0,369.0,0.0,0.0,0.0,0.0,0.0,5
2023-05-10 22:08:24,rb2311C3400,rb2311C3400,369.0,0.0,0.0,0.0,1,142.5,0.0,0,369.0,0.0,0.0,0.0,0.0,0.0,5
2023-05-10 22:08:25,rb2311C3400,rb2311C3400,369.0,0.0,0.0,0.0,1,143.0,0.0,0,369.0,0.0,0.0,0.0,0.0,0.0,5
2023-05-10 22:08:25,rb2311C3400,rb2311C3400,369.0,0.0,0.0,0.0,1,142.5,0.0,0,369.0,0.0,0.0,0.0,0.0,0.0,5
2023-05-10 22:08:26,rb2311C3400,rb2311C3400,369.0,0.0,0.0,0.0,1,143.0,0.0,0,369.0,0.0,0.0,0.0,0.0,0.0,5
2023-05-10 22:08:26,rb2311C3400,rb2311C3400,369.0,0.0,0.0,0.0,1,142.5,0.0,0,369.0,0.0,0.0,0.0,0.0,0.0,5
2023-05-10 22:08:27,rb2311C3400,rb2311C3400,369.0,0.0,0.0,0.0,1,143.0,0.0,0,369.0,0.0,0.0,0.0,0.0,0.0,5
2023-05-10 22:08:27,rb2311C3400,rb2311C3400,369.0,0.0,0.0,0.0,1,142.5,0.0,0,369.0,0.0,0.0,0.0,0.0,0.0,5
2023-05-10 22:08:28,rb2311C3400,rb2311C3400,369.0,0.0,0.0,0.0,1,143.0,0.0,0,369.0,0.0,0.0,0.0,0.0,0.0,5
2023-05-10 22:08:28,rb2311C3400,rb2311C3400,369.0,0.0,0.0,0.0,1,142.5,0.0,0,369.0,0.0,0.0,0.0,0.0,0.0,5
2023-05-10 22:08:29,rb2311C3400,rb2311C3400,369.0,0.0,0.0,0.0,1,143.0,0.0,0,369.0,0.0,0.0,0.0,0.0,0.0,5
2023-05-10 22:08:29,rb2311C3400,rb2311C3400,369.0,0.0,0.0,0.0,1,142.5,0.0,0,369.0,0.0,0.0,0.0,0.0,0.0,5
2023-05-10 22:08:30,rb2311C3400,rb2311C3400,369.0,0.0,0.0,0.0,1,143.0,0.0,0,369.0,0.0,0.0,0.0,0.0,0.0,5
2023-05-10 22:08:30,rb2311C3400,rb2311C3400,369.0,0.0,0.0,0.0,1,142.5,0.0,0,369.0,0.0,0.0,0.0,0.0,0.0,5
2023-05-10 22:08:31,rb2311C3400,rb2311C3400,369.0,0.0,0.0,0.0,1,143.0,0.0,0,369.0,0.0,0.0,0.0,0.0,0.0,5
2023-05-10 22:08:31,rb2311C3400,rb2311C3400,369.0,0.0,0.0,0.0,1,142.5,0.0,0,369.0,0.0,0.0,0.0,0.0,0.0,5
2023-05-10 22:08:32,rb2311C3400,rb2311C3400,369.0,0.0,0.0,0.0,1,143.0,0.0,0,369.0,0.0,0.0,0.0,0.0,0.0,5
2023-05-10 22:08:32,rb2311C3400,rb2311C3400,369.0,0.0,0.0,0.0,1,142.5,0.0,0,369.0,0.0,0.0,0.0,0.0,0.0,5
2023-05-10 22:08:33,rb2311C3400,rb2311C3400,369.0,0.0,0.0,0.0,1,143.0,0.0,0,369.0,0.0,0.0,0.0,0.0,0.0,5
2023-05-10 22:08:33,rb2311C3400,rb2311C3400,369.0,0.0,0.0,0.0,1,142.5,0.0,0,369.0,0.0,0.0,0.0,0.0,0.0,5
2023-05-10 22:08:34,rb2311C3400,rb2311C3400,369.0,0.0,0.0,0.0,1,143.0,0.0,0,369.0,0.0,0.0,0.0,0.0,0.0,5
2023-05-10 22:08:34,rb2311C3400,rb2311C3400,369.0,0.0,0.0,0.0,1,142.5,0.0,0,369.0,0.0,0.0,0.0,0.0,0.0,5
2023-05-10 22:08:35,rb2311C3400,rb2311C3400,369.0,0.0,0.0,0.0,1,143.0,0.0,0,369.0,0.0,0.0,0.0,0.0,0.0,5
2023-05-10 22:08:35,rb2311C3400,rb2311C3400,369.0,0.0,0.0,0.0,1,142.5,0.0,0,369.0,0.0,0.0,0.0,0.0,0.0,5
2023-05-10 22:08:36,rb2311C3400,rb2311C3400,369.0,0.0,0.0,0.0,1,143.0,0.0,0,369.0,0.0,0.0,0.0,0.0,0.0,5
2023-05-10 22:08:36,rb2311C3400,rb2311C3400,369.0,0.0,0.0,0.0,1,142.5,0.0,0,369.0,0.0,0.0,0.0,0.0,0.0,5
2023-05-10 22:08:37,rb2311C3400,rb2311C3400,369.0,0.0,0.0,0.0,1,143.0,0.0,0,369.0,0.0,0.0,0.0,0.0,0.0,5
2023-05-10 22:08:37,rb2311C3400,rb2311C3400,369.0,0.0,0.0,0.0,1,142.5,0.0,0,369.0,0.0,0.0,0.0,0.0,0.0,5
2023-05-10 22:08:38,rb2311C3400,rb2311C3400,369.0,0.0,0.0,0.0,1,143.0,0.0,0,369.0,0.0,0.0,0.0,0.0,0.0,5
2023-05-10 22:08:38,rb2311C3400,rb2311C3400,369.0,0.0,0.0,0.0,1,142.5,0.0,0,369.0,0.0,0.0,0.0,0.0,0.0,5
2023-05-10 22:08:39,rb2311C3400,rb2311C3400,369.0,0.0,0.0,0.0,1,143.0,0.0,0,369.0,0.0,0.0,0.0,0.0,0.0,5
2023-05-10 22:08:39,rb2311C3400,rb2311C3400,369.0,0.0,0.0,0.0,1,142.5,0.0,0,369.0,0.0,0.0,0.0,0.0,0.0,5
2023-05-10 22:08:40,rb2311C3400,rb2311C3400,369.0,0.0,0.0,0.0,1,143.0,0.0,0,369.0,0.0,0.0,0.0,0.0,0.0,5
2023-05-10 22:08:40,rb2311C3400,rb2311C3400,369.0,0.0,0.0,0.0,1,142.5,0.0,0,369.0,0.0,0.0,0.0,0.0,0.0,5
2023-05-10 22:08:41,rb2311C3400,rb2311C3400,369.0,0.0,0.0,0.0,1,143.0,0.0,0,369.0,0.0,0.0,0.0,0.0,0.0,5
2023-05-10 22:08:41,rb2311C3400,rb2311C3400,369.0,0.0,0.0,0.0,1,142.5,0.0,0,369.0,0.0,0.0,0.0,0.0,0.0,5
2023-05-10 22:08:42,rb2311C3400,rb2311C3400,369.0,0.0,0.0,0.0,1,143.0,0.0,0,369.0,0.0,0.0,0.0,0.0,0.0,5
2023-05-10 22:08:42,rb2311C3400,rb2311C3400,369.0,0.0,0.0,0.0,1,142.5,0.0,0,369.0,0.0,0.0,0.0,0.0,0.0,5
2023-05-10 22:08:43,rb2311C3400,rb2311C3400,369.0,0.0,0.0,0.0,1,143.0,0.0,0,369.0,0.0,0.0,0.0,0.0,0.0,5
2023-05-10 22:08:43,rb2311C3400,rb2311C3400,369.0,0.0,0.0,0.0,1,142.5,0.0,0,369.0,0.0,0.0,0.0,0.0,0.0,5
2023-05-10 22:08:44,rb2311C3400,rb2311C3400,369.0,0.0,0.0,0.0,1,143.0,0.0,0,369.0,0.0,0.0,0.0,0.0,0.0,5
2023-05-10 22:08:44,rb2311C3400,rb2311C3400,369.0,0.0,0.0,0.0,1,142.5,0.0,0,369.0,0.0,0.0,0.0,0.0,0.0,5
2023-05-10 22:08:45,rb2311C3400,rb2311C3400,369.0,0.0,0.0,0.0,1,143.0,0.0,0,369.0,0.0,0.0,0.0,0.0,0.0,5
2023-05-10 22:08:45,rb2311C3400,rb2311C3400,369.0,0.0,0.0,0.0,1,142.5,0.0,0,369.0,0.0,0.0,0.0,0.0,0.0,5
2023-05-10 22:08:46,rb2311C3400,rb2311C3400,369.0,0.0,0.0,0.0,1,143.0,0.0,0,369.0,0.0,0.0,0.0,0.0,0.0,5
2023-05-10 22:08:46,rb2311C3400,rb2311C3400,369.0,0.0,0.0,0.0,1,142.5,0.0,0,369.0,0.0,0.0,0.0,0.0,0.0,5
2023-05-10 22:08:47,rb2311C3400,rb2311C3400,369.0,0.0,0.0,0.0,1,143.0,0.0,0,369.0,0.0,0.0,0.0,0.0,0.0,5
2023-05-10 22:08:47,rb2311C3400,rb2311C3400,369.0,0.0,0.0,0.0,1,142.5,0.0,0,369.0,0.0,0.0,0.0,0.0,0.0,5
2023-05-10 22:08:48,rb2311C3400,rb2311C3400,369.0,0.0,0.0,0.0,1,143.0,0.0,0,369.0,0.0,0.0,0.0,0.0,0.0,5
2023-05-10 22:08:48,rb2311C3400,rb2311C3400,369.0,0.0,0.0,0.0,1,142.5,0.0,0,369.0,0.0,0.0,0.0,0.0,0.0,5
2023-05-10 22:08:49,rb2311C3400,rb2311C3400,369.0,0.0,0.0,0.0,1,143.0,0.0,0,369.0,0.0,0.0,0.0,0.0,0.0,5
2023-05-10 22:08:49,rb2311C3400,rb2311C3400,369.0,0.0,0.0,0.0,1,142.5,0.0,0,369.0,0.0,0.0,0.0,0.0,0.0,5
2023-05-10 22:08:50,rb2311C3400,rb2311C3400,369.0,0.0,0.0,0.0,1,143.0,0.0,0,369.0,0.0,0.0,0.0,0.0,0.0,5
2023-05-10 22:08:50,rb2311C3400,rb2311C3400,369.0,0.0,0.0,0.0,1,142.5,0.0,0,369.0,0.0,0.0,0.0,0.0,0.0,5
2023-05-10 22:08:51,rb2311C3400,rb2311C3400,369.0,0.0,0.0,0.0,1,143.0,0.0,0,369.0,0.0,0.0,0.0,0.0,0.0,5
2023-05-10 22:08:51,rb2311C3400,rb2311C3400,369.0,0.0,0.0,0.0,1,142.5,0.0,0,369.0,0.0,0.0,0.0,0.0,0.0,5
2023-05-10 22:08:52,rb2311C3400,rb2311C3400,369.0,0.0,0.0,0.0,1,143.0,0.0,0,369.0,0.0,0.0,0.0,0.0,0.0,5
2023-05-10 22:08:52,rb2311C3400,rb2311C3400,369.0,0.0,0.0,0.0,1,142.5,0.0,0,369.0,0.0,0.0,0.0,0.0,0.0,5
2023-05-10 22:08:53,rb2311C3400,rb2311C3400,369.0,0.0,0.0,0.0,1,143.0,0.0,0,369.0,0.0,0.0,0.0,0.0,0.0,5
2023-05-10 22:08:53,rb2311C3400,rb2311C3400,369.0,0.0,0.0,0.0,1,142.5,0.0,0,369.0,0.0,0.0,0.0,0.0,0.0,5
2023-05-10 22:08:54,rb2311C3400,rb2311C3400,369.0,0.0,0.0,0.0,1,143.0,0.0,0,369.0,0.0,0.0,0.0,0.0,0.0,5
2023-05-10 22:08:54,rb2311C3400,rb2311C3400,369.0,0.0,0.0,0.0,1,142.5,0.0,0,369.0,0.0,0.0,0.0,0.0,0.0,5
2023-05-10 22:08:55,rb2311C3400,rb2311C3400,369.0,0.0,0.0,0.0,1,143.0,0.0,0,369.0,0.0,0.0,0.0,0.0,0.0,5
2023-05-10 22:08:55,rb2311C3400,rb2311C3400,369.0,0.0,0.0,0.0,1,142.5,0.0,0,369.0,0.0,0.0,0.0,0.0,0.0,5
2023-05-10 22:08:56,rb2311C3400,rb2311C3400,369.0,0.0,0.0,0.0,1,143.0,0.0,0,369.0,0.0,0.0,0.0,0.0,0.0,5
2023-05-10 22:08:56,rb2311C3400,rb2311C3400,369.0,0.0,0.0,0.0,1,142.5,0.0,0,369.0,0.0,0.0,0.0,0.0,0.0,5
2023-05-10 22:08:57,rb2311C3400,rb2311C3400,369.0,0.0,0.0,0.0,1,143.0,0.0,0,369.0,0.0,0.0,0.0,0.0,0.0,5
2023-05-10 22:08:57,rb2311C3400,rb2311C3400,369.0,0.0,0.0,0.0,1,142.5,0.0,0,369.0,0.0,0.0,0.0,0.0,0.0,5
2023-05-10 22:08:58,rb2311C3400,rb2311C3400,369.0,0.0,0.0,0.0,1,143.0,0.0,0,369.0,0.0,0.0,0.0,0.0,0.0,5
2023-05-10 22:08:58,rb2311C3400,rb2311C3400,369.0,0.0,0.0,0.0,1,142.5,0.0,0,369.0,0.0,0.0,0.0,0.0,0.0,5
2023-05-10 22:08:59,rb2311C3400,rb2311C3400,369.0,0.0,0.0,0.0,1,143.0,0.0,0,369.0,0.0,0.0,0.0,0.0,0.0,5
2023-05-10 22:08:59,rb2311C3400,rb2311C3400,369.0,0.0,0.0,0.0,1,142.5,0.0,0,369.0,0.0,0.0,0.0,0.0,0.0,5
2023-05-10 22:09:00,rb2311C3400,rb2311C3400,369.0,0.0,0.0,0.0,1,143.0,0.0,0,369.0,0.0,0.0,0.0,0.0,0.0,5
2023-05-10 22:09:00,rb2311C3400,rb2311C3400,369.0,0.0,0.0,0.0,1,142.5,0.0,0,369.0,0.0,0.0,0.0,0.0,0.0,5
2023-05-10 22:09:01,rb2311C3400,rb2311C3400,369.0,0.0,0.0,0.0,1,143.0,0.0,0,369.0,0.0,0.0,0.0,0.0,0.0,5
2023-05-10 22:09:01,rb2311C3400,rb2311C3400,369.0,0.0,0.0,0.0,1,142.5,0.0,0,369.0,0.0,0.0,0.0,0.0,0.0,5
2023-05-10 22:09:02,rb2311C3400,rb2311C3400,369.0,0.0,0.0,0.0,1,143.0,0.0,0,369.0,0.0,0.0,0.0,0.0,0.0,5
2023-05-10 22:09:02,rb2311C3400,rb2311C3400,369.0,0.0,0.0,0.0,1,142.5,0.0,0,369.0,0.0,0.0,0.0,0.0,0.0,5
2023-05-10 22:09:03,rb2311C3400,rb2311C3400,369.0,0.0,0.0,0.0,1,143.0,0.0,0,369.0,0.0,0.0,0.0,0.0,0.0,5
2023-05-10 22:09:03,rb2311C3400,rb2311C3400,369.0,0.0,0.0,0.0,1,142.5,0.0,0,369.0,0.0,0.0,0.0,0.0,0.0,5
2023-05-10 22:09:04,rb2311C3400,rb2311C3400,369.0,0.0,0.0,0.0,1,143.0,0.0,0,369.0,0.0,0.0,0.0,0.0,0.0,5
2023-05-10 22:09:04,rb2311C3400,rb2311C3400,369.0,0.0,0.0,0.0,1,142.5,0.0,0,369.0,0.0,0.0,0.0,0.0,0.0,5
2023-05-10 22:09:05,rb2311C3400,rb2311C3400,369.0,0.0,0.0,0.0,1,143.0,0.0,0,369.0,0.0,0.0,0.0,0.0,0.0,5
2023-05-10 22:09:05,rb2311C3400,rb2311C3400,369.0,0.0,0.0,0.0,1,142.5,0.0,0,369.0,0.0,0.0,0.0,0.0,0.0,5
2023-05-10 22:09:06,rb2311C3400,rb2311C3400,369.0,0.0,0.0,0.0,1,143.0,0.0,0,369.0,0.0,0.0,0.0,0.0,0.0,5
2023-05-10 22:09:06,rb2311C3400,rb2311C3400,369.0,0.0,0.0,0.0,1,142.5,0.0,0,369.0,0.0,0.0,0.0,0.0,0.0,5
2023-05-10 22:09:07,rb2311C3400,rb2311C3400,369.0,0.0,0.0,0.0,1,143.0,0.0,0,369.0,0.0,0.0,0.0,0.0,0.0,5
2023-05-10 22:09:07,rb2311C3400,rb2311C3400,369.0,0.0,0.0,0.0,1,142.5,0.0,0,369.0,0.0,0.0,0.0,0.0,0.0,5
2023-05-10 22:09:08,rb2311C3400,rb2311C3400,369.0,0.0,0.0,0.0,1,143.0,0.0,0,369.0,0.0,0.0,0.0,0.0,0.0,5
2023-05-10 22:09:08,rb2311C3400,rb2311C3400,369.0,0.0,0.0,0.0,1,142.5,0.0,0,369.0,0.0,0.0,0.0,0.0,0.0,5
2023-05-10 22:09:09,rb2311C3400,rb2311C3400,369.0,0.0,0.0,0.0,1,143.0,0.0,0,369.0,0.0,0.0,0.0,0.0,0.0,5
2023-05-10 22:09:09,rb2311C3400,rb2311C3400,369.0,0.0,0.0,0.0,1,142.5,0.0,0,369.0,0.0,0.0,0.0,0.0,0.0,5
2023-05-10 22:25:47,rb2311C3400,rb2311C3400,369.0,0.0,0.0,0.0,1,142.5,0.0,0,369.0,0.0,0.0,0.0,0.0,0.0,5
2023-05-10 22:58:48,rb2311C3400,rb2311C3400,369.0,0.0,0.0,0.0,1,142.5,0.0,0,369.0,0.0,0.0,0.0,0.0,0.0,5
2023-05-10 22:58:55,rb2311C3400,rb2311C3400,369.0,0.0,0.0,0.0,1,142.5,0.0,0,369.0,0.0,0.0,0.0,0.0,0.0,5
2023-05-11 09:00:20,rb2311C3400,rb2311C3400,369.0,0.0,0.0,0.0,1,142.5,0.0,0,369.0,0.0,0.0,0.0,0.0,0.0,5
2023-05-11 09:00:33,rb2311C3400,rb2311C3400,369.0,0.0,0.0,0.0,1,142.5,0.0,0,369.0,0.0,0.0,0.0,0.0,0.0,5
2023-05-11 10:49:15,rb2311C3400,rb2311C3400,369.0,0.0,0.0,0.0,1,285.5,308.0,1,369.0,0.0,0.0,0.0,0.0,0.0,5
2023-05-11 10:49:16,rb2311C3400,rb2311C3400,369.0,0.0,0.0,0.0,1,285.5,308.0,1,369.0,0.0,0.0,0.0,0.0,0.0,5
2023-05-11 10:49:16,rb2311C3400,rb2311C3400,369.0,0.0,0.0,0.0,2,285.5,308.0,2,369.0,0.0,0.0,0.0,0.0,0.0,5
2023-05-11 10:49:21,rb2311C3400,rb2311C3400,369.0,0.0,0.0,0.0,2,285.5,308.0,2,369.0,0.0,0.0,0.0,0.0,0.0,5
2023-05-11 10:49:26,rb2311C3400,rb2311C3400,369.0,0.0,0.0,0.0,1,286.0,292.5,1,369.0,0.0,0.0,0.0,0.0,0.0,5
2023-05-11 10:49:26,rb2311C3400,rb2311C3400,369.0,0.0,0.0,0.0,1,286.0,292.5,1,369.0,0.0,0.0,0.0,0.0,0.0,5
2023-05-11 10:49:27,rb2311C3400,rb2311C3400,369.0,0.0,0.0,0.0,1,286.0,292.5,1,369.0,0.0,0.0,0.0,0.0,0.0,5
2023-05-11 10:49:27,rb2311C3400,rb2311C3400,369.0,0.0,0.0,0.0,1,286.0,292.5,1,369.0,0.0,0.0,0.0,0.0,0.0,5
2023-05-11 10:49:28,rb2311C3400,rb2311C3400,369.0,0.0,0.0,0.0,1,286.0,292.5,1,369.0,0.0,0.0,0.0,0.0,0.0,5
2023-05-11 10:49:29,rb2311C3400,rb2311C3400,369.0,0.0,0.0,0.0,1,286.0,292.5,1,369.0,0.0,0.0,0.0,0.0,0.0,5
2023-05-11 10:49:29,rb2311C3400,rb2311C3400,369.0,0.0,0.0,0.0,1,290.5,292.5,1,369.0,0.0,0.0,0.0,0.0,0.0,5
2023-05-11 10:49:31,rb2311C3400,rb2311C3400,369.0,0.0,0.0,0.0,1,290.5,292.5,1,369.0,0.0,0.0,0.0,0.0,0.0,5
2023-05-11 10:49:33,rb2311C3400,rb2311C3400,369.0,0.0,0.0,0.0,1,290.5,292.5,1,369.0,0.0,0.0,0.0,0.0,0.0,5
2023-05-11 10:49:33,rb2311C3400,rb2311C3400,369.0,0.0,0.0,0.0,1,290.5,292.5,1,369.0,0.0,0.0,0.0,0.0,0.0,5
2023-05-11 10:49:36,rb2311C3400,rb2311C3400,369.0,0.0,0.0,0.0,1,290.5,293.0,3,369.0,0.0,0.0,0.0,0.0,0.0,5
2023-05-11 10:49:39,rb2311C3400,rb2311C3400,369.0,0.0,0.0,0.0,1,290.5,293.0,2,369.0,0.0,0.0,0.0,0.0,0.0,5
2023-05-11 10:49:39,rb2311C3400,rb2311C3400,369.0,0.0,0.0,0.0,1,290.5,293.0,2,369.0,0.0,0.0,0.0,0.0,0.0,5
2023-05-11 10:49:40,rb2311C3400,rb2311C3400,369.0,0.0,0.0,0.0,1,290.5,293.0,1,369.0,0.0,0.0,0.0,0.0,0.0,5
2023-05-11 10:49:40,rb2311C3400,rb2311C3400,369.0,0.0,0.0,0.0,1,285.5,293.0,1,369.0,0.0,0.0,0.0,0.0,0.0,5
2023-05-11 10:49:43,rb2311C3400,rb2311C3400,369.0,0.0,0.0,0.0,1,283.5,299.5,1,369.0,0.0,0.0,0.0,0.0,0.0,5
2023-05-11 10:49:46,rb2311C3400,rb2311C3400,369.0,0.0,0.0,0.0,1,142.5,0.0,0,369.0,0.0,0.0,0.0,0.0,0.0,5
2023-05-11 13:31:12,rb2311C3400,rb2311C3400,369.0,0.0,0.0,0.0,1,143.0,0.0,0,369.0,0.0,0.0,0.0,0.0,0.0,5
2023-05-11 13:39:50,rb2311C3400,rb2311C3400,369.0,0.0,0.0,0.0,1,142.5,0.0,0,369.0,0.0,0.0,0.0,0.0,0.0,5
2023-05-11 13:39:50,rb2311C3400,rb2311C3400,369.0,0.0,0.0,0.0,1,143.0,0.0,0,369.0,0.0,0.0,0.0,0.0,0.0,5
2023-05-11 13:41:09,rb2311C3400,rb2311C3400,369.0,0.0,0.0,0.0,1,142.5,0.0,0,369.0,0.0,0.0,0.0,0.0,0.0,5
2023-05-11 13:41:19,rb2311C3400,rb2311C3400,369.0,0.0,0.0,0.0,1,143.0,0.0,0,369.0,0.0,0.0,0.0,0.0,0.0,5
2023-05-11 13:41:29,rb2311C3400,rb2311C3400,369.0,0.0,0.0,0.0,1,142.5,0.0,0,369.0,0.0,0.0,0.0,0.0,0.0,5
2023-05-11 13:42:10,rb2311C3400,rb2311C3400,369.0,0.0,0.0,0.0,1,143.0,0.0,0,369.0,0.0,0.0,0.0,0.0,0.0,5
2023-05-11 13:43:09,rb2311C3400,rb2311C3400,369.0,0.0,0.0,0.0,1,142.5,0.0,0,369.0,0.0,0.0,0.0,0.0,0.0,5
2023-05-11 13:43:10,rb2311C3400,rb2311C3400,369.0,0.0,0.0,0.0,1,143.0,0.0,0,369.0,0.0,0.0,0.0,0.0,0.0,5
2023-05-11 13:43:11,rb2311C3400,rb2311C3400,369.0,0.0,0.0,0.0,1,142.5,0.0,0,369.0,0.0,0.0,0.0,0.0,0.0,5
2023-05-11 13:43:12,rb2311C3400,rb2311C3400,369.0,0.0,0.0,0.0,1,143.0,0.0,0,369.0,0.0,0.0,0.0,0.0,0.0,5
2023-05-11 13:43:17,rb2311C3400,rb2311C3400,369.0,0.0,0.0,0.0,1,142.5,0.0,0,369.0,0.0,0.0,0.0,0.0,0.0,5
2023-05-11 13:43:20,rb2311C3400,rb2311C3400,369.0,0.0,0.0,0.0,1,143.0,0.0,0,369.0,0.0,0.0,0.0,0.0,0.0,5
2023-05-11 13:44:33,rb2311C3400,rb2311C3400,369.0,0.0,0.0,0.0,1,142.5,0.0,0,369.0,0.0,0.0,0.0,0.0,0.0,5
2023-05-11 13:52:12,rb2311C3400,rb2311C3400,369.0,0.0,0.0,0.0,1,143.0,0.0,0,369.0,0.0,0.0,0.0,0.0,0.0,5
2023-05-11 13:52:12,rb2311C3400,rb2311C3400,369.0,0.0,0.0,0.0,1,142.5,0.0,0,369.0,0.0,0.0,0.0,0.0,0.0,5
2023-05-11 13:52:14,rb2311C3400,rb2311C3400,369.0,0.0,0.0,0.0,1,143.0,0.0,0,369.0,0.0,0.0,0.0,0.0,0.0,5
2023-05-11 13:52:20,rb2311C3400,rb2311C3400,369.0,0.0,0.0,0.0,1,142.5,0.0,0,369.0,0.0,0.0,0.0,0.0,0.0,5
2023-05-11 13:52:32,rb2311C3400,rb2311C3400,369.0,0.0,0.0,0.0,1,143.0,0.0,0,369.0,0.0,0.0,0.0,0.0,0.0,5
2023-05-11 13:53:15,rb2311C3400,rb2311C3400,369.0,0.0,0.0,0.0,1,142.5,0.0,0,369.0,0.0,0.0,0.0,0.0,0.0,5
2023-05-11 13:57:20,rb2311C3400,rb2311C3400,369.0,0.0,0.0,0.0,1,143.0,0.0,0,369.0,0.0,0.0,0.0,0.0,0.0,5
2023-05-11 13:57:21,rb2311C3400,rb2311C3400,369.0,0.0,0.0,0.0,1,142.5,0.0,0,369.0,0.0,0.0,0.0,0.0,0.0,5
2023-05-11 13:57:30,rb2311C3400,rb2311C3400,369.0,0.0,0.0,0.0,1,143.0,0.0,0,369.0,0.0,0.0,0.0,0.0,0.0,5
2023-05-11 13:57:33,rb2311C3400,rb2311C3400,369.0,0.0,0.0,0.0,1,143.5,0.0,0,369.0,0.0,0.0,0.0,0.0,0.0,5
2023-05-11 13:57:34,rb2311C3400,rb2311C3400,369.0,0.0,0.0,0.0,1,144.0,0.0,0,369.0,0.0,0.0,0.0,0.0,0.0,5
2023-05-11 13:57:38,rb2311C3400,rb2311C3400,369.0,0.0,0.0,0.0,1,144.0,0.0,0,369.0,0.0,0.0,0.0,0.0,0.0,5
2023-05-11 13:57:45,rb2311C3400,rb2311C3400,369.0,0.0,0.0,0.0,1,143.5,0.0,0,369.0,0.0,0.0,0.0,0.0,0.0,5
2023-05-11 14:01:17,rb2311C3400,rb2311C3400,369.0,0.0,0.0,0.0,1,144.0,0.0,0,369.0,0.0,0.0,0.0,0.0,0.0,5
2023-05-11 14:01:17,rb2311C3400,rb2311C3400,369.0,0.0,0.0,0.0,1,143.5,0.0,0,369.0,0.0,0.0,0.0,0.0,0.0,5
2023-05-11 14:01:42,rb2311C3400,rb2311C3400,369.0,0.0,0.0,0.0,1,144.0,0.0,0,369.0,0.0,0.0,0.0,0.0,0.0,5
2023-05-11 14:01:44,rb2311C3400,rb2311C3400,369.0,0.0,0.0,0.0,1,143.5,0.0,0,369.0,0.0,0.0,0.0,0.0,0.0,5
2023-05-11 14:01:54,rb2311C3400,rb2311C3400,369.0,0.0,0.0,0.0,1,144.0,0.0,0,369.0,0.0,0.0,0.0,0.0,0.0,5
2023-05-11 14:14:47,rb2311C3400,rb2311C3400,369.0,0.0,0.0,0.0,1,311.0,347.0,1,369.0,0.0,0.0,0.0,0.0,0.0,5
2023-05-11 14:14:48,rb2311C3400,rb2311C3400,369.0,0.0,0.0,0.0,1,311.0,347.0,1,369.0,0.0,0.0,0.0,0.0,0.0,5
2023-05-11 14:14:48,rb2311C3400,rb2311C3400,369.0,0.0,0.0,0.0,2,311.0,347.0,2,369.0,0.0,0.0,0.0,0.0,0.0,5
2023-05-11 14:14:57,rb2311C3400,rb2311C3400,369.0,0.0,0.0,0.0,3,311.0,347.0,3,369.0,0.0,0.0,0.0,0.0,0.0,5
2023-05-11 14:14:57,rb2311C3400,rb2311C3400,369.0,0.0,0.0,0.0,4,311.0,347.0,4,369.0,0.0,0.0,0.0,0.0,0.0,5
2023-05-11 14:14:58,rb2311C3400,rb2311C3400,369.0,0.0,0.0,0.0,4,311.0,317.0,1,369.0,0.0,0.0,0.0,0.0,0.0,5
2023-05-11 14:14:58,rb2311C3400,rb2311C3400,369.0,0.0,0.0,0.0,3,311.0,317.0,1,369.0,0.0,0.0,0.0,0.0,0.0,5
2023-05-11 14:14:59,rb2311C3400,rb2311C3400,369.0,0.0,0.0,0.0,3,311.0,317.0,1,369.0,0.0,0.0,0.0,0.0,0.0,5
2023-05-11 14:15:00,rb2311C3400,rb2311C3400,369.0,0.0,0.0,0.0,3,311.0,317.0,1,369.0,0.0,0.0,0.0,0.0,0.0,5
2023-05-11 14:15:03,rb2311C3400,rb2311C3400,369.0,0.0,0.0,0.0,2,311.0,317.0,1,369.0,0.0,0.0,0.0,0.0,0.0,5
2023-05-11 14:15:04,rb2311C3400,rb2311C3400,369.0,0.0,0.0,0.0,2,311.0,317.0,1,369.0,0.0,0.0,0.0,0.0,0.0,5
2023-05-11 14:15:05,rb2311C3400,rb2311C3400,369.0,0.0,0.0,0.0,2,311.0,317.0,1,369.0,0.0,0.0,0.0,0.0,0.0,5
2023-05-11 14:15:06,rb2311C3400,rb2311C3400,369.0,0.0,0.0,0.0,1,316.0,317.0,1,369.0,0.0,0.0,0.0,0.0,0.0,5
2023-05-11 14:15:09,rb2311C3400,rb2311C3400,369.0,0.0,0.0,0.0,1,316.0,317.5,3,369.0,0.0,0.0,0.0,0.0,0.0,5
2023-05-11 14:15:09,rb2311C3400,rb2311C3400,369.0,0.0,0.0,0.0,1,316.0,317.5,3,369.0,0.0,0.0,0.0,0.0,0.0,5
2023-05-11 14:15:10,rb2311C3400,rb2311C3400,369.0,0.0,0.0,0.0,1,316.0,317.5,3,369.0,0.0,0.0,0.0,0.0,0.0,5
2023-05-11 14:15:10,rb2311C3400,rb2311C3400,369.0,0.0,0.0,0.0,1,316.0,317.5,2,369.0,0.0,0.0,0.0,0.0,0.0,5
2023-05-11 14:15:11,rb2311C3400,rb2311C3400,369.0,0.0,0.0,0.0,1,316.0,317.5,1,369.0,0.0,0.0,0.0,0.0,0.0,5
2023-05-11 14:15:15,rb2311C3400,rb2311C3400,369.0,0.0,0.0,0.0,1,316.0,322.5,1,369.0,0.0,0.0,0.0,0.0,0.0,5
2023-05-11 14:15:17,rb2311C3400,rb2311C3400,369.0,0.0,0.0,0.0,1,305.0,323.0,1,369.0,0.0,0.0,0.0,0.0,0.0,5
2023-05-11 14:15:17,rb2311C3400,rb2311C3400,369.0,0.0,0.0,0.0,1,143.5,0.0,0,369.0,0.0,0.0,0.0,0.0,0.0,5
2023-05-11 14:15:18,rb2311C3400,rb2311C3400,369.0,0.0,0.0,0.0,1,144.0,0.0,0,369.0,0.0,0.0,0.0,0.0,0.0,5
2023-05-11 14:15:42,rb2311C3400,rb2311C3400,369.0,0.0,0.0,0.0,1,143.5,0.0,0,369.0,0.0,0.0,0.0,0.0,0.0,5
2023-05-11 14:15:58,rb2311C3400,rb2311C3400,369.0,0.0,0.0,0.0,1,144.0,0.0,0,369.0,0.0,0.0,0.0,0.0,0.0,5
2023-05-11 14:31:43,rb2311C3400,rb2311C3400,369.0,0.0,0.0,0.0,1,144.5,0.0,0,369.0,0.0,0.0,0.0,0.0,0.0,5
2023-05-11 14:31:45,rb2311C3400,rb2311C3400,369.0,0.0,0.0,0.0,1,144.5,0.0,0,369.0,0.0,0.0,0.0,0.0,0.0,5
2023-05-11 14:31:45,rb2311C3400,rb2311C3400,369.0,0.0,0.0,0.0,1,145.0,0.0,0,369.0,0.0,0.0,0.0,0.0,0.0,5
2023-05-11 15:18:18,rb2311C3400,rb2311C3400,369.0,0.0,0.0,0.0,1,145.0,0.0,0,369.0,0.0,0.0,0.0,0.0,0.0,5
