time,symbol_id,symbol_name,last,trade_volume,trade_amount,open_interest_change,bv1,bp1,ap1,av1,yesterday_close,today_open,today_high,today_low,volume,amount,open_interest
2023-05-10 20:59:00,rb2401P2900,rb2401P2900,27.5,0.0,0.0,0.0,1,1.5,0.0,0,27.5,27.0,0.0,0.0,0.0,0.0,77
2023-05-10 21:07:53,rb2401P2900,rb2401P2900,27.5,0.0,0.0,0.0,1,22.0,30.0,1,27.5,27.0,0.0,0.0,0.0,0.0,77
2023-05-10 21:07:54,rb2401P2900,rb2401P2900,27.5,0.0,0.0,0.0,2,22.0,30.0,2,27.5,27.0,0.0,0.0,0.0,0.0,77
2023-05-10 21:08:03,rb2401P2900,rb2401P2900,27.5,0.0,0.0,0.0,1,27.0,29.0,1,27.5,27.0,0.0,0.0,0.0,0.0,77
2023-05-10 21:08:03,rb2401P2900,rb2401P2900,27.0,1.0,270.0,1.0,1,25.5,29.0,1,27.5,27.0,27.0,27.0,1.0,270.0,78
2023-05-10 21:08:04,rb2401P2900,rb2401P2900,27.0,0.0,0.0,0.0,1,24.0,29.0,1,27.5,27.0,27.0,27.0,1.0,270.0,78
2023-05-10 21:08:04,rb2401P2900,rb2401P2900,27.0,0.0,0.0,0.0,2,24.0,29.0,1,27.5,27.0,27.0,27.0,1.0,270.0,78
2023-05-10 21:08:05,rb2401P2900,rb2401P2900,27.0,0.0,0.0,0.0,2,24.0,29.0,2,27.5,27.0,27.0,27.0,1.0,270.0,78
2023-05-10 21:08:06,rb2401P2900,rb2401P2900,27.0,0.0,0.0,0.0,2,24.0,29.0,2,27.5,27.0,27.0,27.0,1.0,270.0,78
2023-05-10 21:08:09,rb2401P2900,rb2401P2900,27.0,0.0,0.0,0.0,2,24.0,29.0,2,27.5,27.0,27.0,27.0,1.0,270.0,78
2023-05-10 21:08:10,rb2401P2900,rb2401P2900,27.0,0.0,0.0,0.0,2,24.0,29.0,2,27.5,27.0,27.0,27.0,1.0,270.0,78
2023-05-10 21:08:11,rb2401P2900,rb2401P2900,27.0,0.0,0.0,0.0,1,24.5,28.5,1,27.5,27.0,27.0,27.0,1.0,270.0,78
2023-05-10 21:08:14,rb2401P2900,rb2401P2900,27.0,0.0,0.0,0.0,1,24.5,28.5,1,27.5,27.0,27.0,27.0,1.0,270.0,78
2023-05-10 21:08:15,rb2401P2900,rb2401P2900,27.0,0.0,0.0,0.0,1,24.5,28.5,1,27.5,27.0,27.0,27.0,1.0,270.0,78
2023-05-10 21:08:16,rb2401P2900,rb2401P2900,27.0,0.0,0.0,0.0,1,24.5,28.5,1,27.5,27.0,27.0,27.0,1.0,270.0,78
2023-05-10 21:08:17,rb2401P2900,rb2401P2900,27.0,0.0,0.0,0.0,1,24.5,28.5,1,27.5,27.0,27.0,27.0,1.0,270.0,78
2023-05-10 21:08:20,rb2401P2900,rb2401P2900,27.0,0.0,0.0,0.0,1,24.5,28.5,1,27.5,27.0,27.0,27.0,1.0,270.0,78
2023-05-10 21:08:23,rb2401P2900,rb2401P2900,27.0,0.0,0.0,0.0,1,1.5,0.0,0,27.5,27.0,27.0,27.0,1.0,270.0,78
2023-05-10 21:08:23,rb2401P2900,rb2401P2900,27.0,0.0,0.0,0.0,1,2.0,0.0,0,27.5,27.0,27.0,27.0,1.0,270.0,78
2023-05-10 21:14:15,rb2401P2900,rb2401P2900,27.0,0.0,0.0,0.0,1,22.5,30.5,1,27.5,27.0,27.0,27.0,1.0,270.0,78
2023-05-10 21:14:16,rb2401P2900,rb2401P2900,27.0,0.0,0.0,0.0,2,22.5,30.5,2,27.5,27.0,27.0,27.0,1.0,270.0,78
2023-05-10 21:14:25,rb2401P2900,rb2401P2900,27.0,0.0,0.0,0.0,1,27.5,29.5,1,27.5,27.0,27.0,27.0,1.0,270.0,78
2023-05-10 21:14:26,rb2401P2900,rb2401P2900,27.5,1.0,275.0,1.0,2,26.0,28.5,1,27.5,27.0,27.5,27.0,2.0,545.0,79
2023-05-10 21:14:26,rb2401P2900,rb2401P2900,27.5,0.0,0.0,0.0,2,26.0,28.5,1,27.5,27.0,27.5,27.0,2.0,545.0,79
2023-05-10 21:14:27,rb2401P2900,rb2401P2900,27.5,0.0,0.0,0.0,2,26.0,28.5,1,27.5,27.0,27.5,27.0,2.0,545.0,79
2023-05-10 21:14:31,rb2401P2900,rb2401P2900,27.5,0.0,0.0,0.0,2,26.0,28.5,1,27.5,27.0,27.5,27.0,2.0,545.0,79
2023-05-10 21:14:32,rb2401P2900,rb2401P2900,27.5,0.0,0.0,0.0,2,26.0,28.5,1,27.5,27.0,27.5,27.0,2.0,545.0,79
2023-05-10 21:14:33,rb2401P2900,rb2401P2900,27.5,0.0,0.0,0.0,2,26.0,28.5,1,27.5,27.0,27.5,27.0,2.0,545.0,79
2023-05-10 21:14:37,rb2401P2900,rb2401P2900,27.5,0.0,0.0,0.0,3,25.5,29.0,2,27.5,27.0,27.5,27.0,2.0,545.0,79
2023-05-10 21:14:38,rb2401P2900,rb2401P2900,27.5,0.0,0.0,0.0,2,25.5,29.0,1,27.5,27.0,27.5,27.0,2.0,545.0,79
2023-05-10 21:14:39,rb2401P2900,rb2401P2900,27.5,0.0,0.0,0.0,2,25.5,29.0,1,27.5,27.0,27.5,27.0,2.0,545.0,79
2023-05-10 21:14:43,rb2401P2900,rb2401P2900,27.5,0.0,0.0,0.0,1,25.5,29.0,1,27.5,27.0,27.5,27.0,2.0,545.0,79
2023-05-10 21:14:45,rb2401P2900,rb2401P2900,27.5,0.0,0.0,0.0,1,2.0,0.0,0,27.5,27.0,27.5,27.0,2.0,545.0,79
2023-05-10 21:22:43,rb2401P2900,rb2401P2900,27.5,0.0,0.0,0.0,1,23.0,31.0,1,27.5,27.0,27.5,27.0,2.0,545.0,79
2023-05-10 21:22:44,rb2401P2900,rb2401P2900,27.5,0.0,0.0,0.0,2,23.0,31.0,2,27.5,27.0,27.5,27.0,2.0,545.0,79
2023-05-10 21:22:53,rb2401P2900,rb2401P2900,27.5,0.0,0.0,0.0,1,26.5,28.5,1,27.5,27.0,27.5,27.0,2.0,545.0,79
2023-05-10 21:22:53,rb2401P2900,rb2401P2900,27.5,0.0,0.0,0.0,1,26.5,28.5,1,27.5,27.0,27.5,27.0,2.0,545.0,79
2023-05-10 21:22:54,rb2401P2900,rb2401P2900,27.5,0.0,0.0,0.0,1,26.5,28.5,1,27.5,27.0,27.5,27.0,2.0,545.0,79
2023-05-10 21:22:55,rb2401P2900,rb2401P2900,27.5,0.0,0.0,0.0,1,26.5,28.5,1,27.5,27.0,27.5,27.0,2.0,545.0,79
2023-05-10 21:22:58,rb2401P2900,rb2401P2900,27.5,0.0,0.0,0.0,1,27.5,28.5,1,27.5,27.0,27.5,27.0,2.0,545.0,79
2023-05-10 21:22:58,rb2401P2900,rb2401P2900,27.5,0.0,0.0,0.0,1,27.5,28.5,1,27.5,27.0,27.5,27.0,2.0,545.0,79
2023-05-10 21:22:59,rb2401P2900,rb2401P2900,27.5,0.0,0.0,0.0,1,27.5,28.5,1,27.5,27.0,27.5,27.0,2.0,545.0,79
2023-05-10 21:23:00,rb2401P2900,rb2401P2900,27.5,0.0,0.0,0.0,1,27.5,28.5,1,27.5,27.0,27.5,27.0,2.0,545.0,79
2023-05-10 21:23:01,rb2401P2900,rb2401P2900,27.5,0.0,0.0,0.0,1,27.5,28.5,1,27.5,27.0,27.5,27.0,2.0,545.0,79
2023-05-10 21:23:04,rb2401P2900,rb2401P2900,27.5,0.0,0.0,0.0,1,27.5,29.0,1,27.5,27.0,27.5,27.0,2.0,545.0,79
2023-05-10 21:23:04,rb2401P2900,rb2401P2900,27.5,0.0,0.0,0.0,1,27.5,29.0,1,27.5,27.0,27.5,27.0,2.0,545.0,79
2023-05-10 21:23:06,rb2401P2900,rb2401P2900,27.5,0.0,0.0,0.0,1,27.5,29.5,3,27.5,27.0,27.5,27.0,2.0,545.0,79
2023-05-10 21:23:06,rb2401P2900,rb2401P2900,27.5,0.0,0.0,0.0,1,27.5,29.5,3,27.5,27.0,27.5,27.0,2.0,545.0,79
2023-05-10 21:23:07,rb2401P2900,rb2401P2900,27.5,0.0,0.0,0.0,1,27.5,29.5,3,27.5,27.0,27.5,27.0,2.0,545.0,79
2023-05-10 21:23:09,rb2401P2900,rb2401P2900,27.5,0.0,0.0,0.0,2,26.5,29.5,2,27.5,27.0,27.5,27.0,2.0,545.0,79
2023-05-10 21:23:10,rb2401P2900,rb2401P2900,27.5,0.0,0.0,0.0,1,26.5,29.5,1,27.5,27.0,27.5,27.0,2.0,545.0,79
2023-05-10 21:23:10,rb2401P2900,rb2401P2900,27.5,0.0,0.0,0.0,1,26.0,30.0,1,27.5,27.0,27.5,27.0,2.0,545.0,79
2023-05-10 21:23:13,rb2401P2900,rb2401P2900,27.5,0.0,0.0,0.0,1,2.0,0.0,0,27.5,27.0,27.5,27.0,2.0,545.0,79
2023-05-10 21:49:33,rb2401P2900,rb2401P2900,27.5,0.0,0.0,0.0,1,24.0,32.0,1,27.5,27.0,27.5,27.0,2.0,545.0,79
2023-05-10 21:49:34,rb2401P2900,rb2401P2900,27.5,0.0,0.0,0.0,2,24.0,32.0,2,27.5,27.0,27.5,27.0,2.0,545.0,79
2023-05-10 21:49:43,rb2401P2900,rb2401P2900,27.5,0.0,0.0,0.0,1,27.5,30.0,1,27.5,27.0,27.5,27.0,2.0,545.0,79
2023-05-10 21:49:43,rb2401P2900,rb2401P2900,27.5,0.0,0.0,0.0,1,27.5,30.0,1,27.5,27.0,27.5,27.0,2.0,545.0,79
2023-05-10 21:49:45,rb2401P2900,rb2401P2900,27.5,0.0,0.0,0.0,1,27.5,30.0,1,27.5,27.0,27.5,27.0,2.0,545.0,79
2023-05-10 21:49:46,rb2401P2900,rb2401P2900,27.5,0.0,0.0,0.0,1,27.5,30.0,1,27.5,27.0,27.5,27.0,2.0,545.0,79
2023-05-10 21:49:49,rb2401P2900,rb2401P2900,27.5,0.0,0.0,0.0,1,27.5,30.0,1,27.5,27.0,27.5,27.0,2.0,545.0,79
2023-05-10 21:49:51,rb2401P2900,rb2401P2900,27.5,0.0,0.0,0.0,1,28.0,30.0,2,27.5,27.0,27.5,27.0,2.0,545.0,79
2023-05-10 21:49:51,rb2401P2900,rb2401P2900,27.5,0.0,0.0,0.0,1,28.0,30.0,2,27.5,27.0,27.5,27.0,2.0,545.0,79
2023-05-10 21:49:54,rb2401P2900,rb2401P2900,27.5,0.0,0.0,0.0,1,28.0,30.0,1,27.5,27.0,27.5,27.0,2.0,545.0,79
2023-05-10 21:49:54,rb2401P2900,rb2401P2900,27.5,0.0,0.0,0.0,1,28.0,30.0,1,27.5,27.0,27.5,27.0,2.0,545.0,79
2023-05-10 21:49:55,rb2401P2900,rb2401P2900,27.5,0.0,0.0,0.0,1,28.0,30.0,1,27.5,27.0,27.5,27.0,2.0,545.0,79
2023-05-10 21:49:56,rb2401P2900,rb2401P2900,27.5,0.0,0.0,0.0,1,28.0,30.0,1,27.5,27.0,27.5,27.0,2.0,545.0,79
2023-05-10 21:49:57,rb2401P2900,rb2401P2900,27.5,0.0,0.0,0.0,1,28.0,30.0,1,27.5,27.0,27.5,27.0,2.0,545.0,79
2023-05-10 21:50:02,rb2401P2900,rb2401P2900,27.5,0.0,0.0,0.0,2,27.0,30.5,1,27.5,27.0,27.5,27.0,2.0,545.0,79
2023-05-10 21:50:03,rb2401P2900,rb2401P2900,27.5,0.0,0.0,0.0,1,2.0,0.0,0,27.5,27.0,27.5,27.0,2.0,545.0,79
2023-05-10 21:54:45,rb2401P2900,rb2401P2900,27.5,0.0,0.0,0.0,1,3.0,0.0,0,27.5,27.0,27.5,27.0,2.0,545.0,79
2023-05-10 22:08:58,rb2401P2900,rb2401P2900,27.5,0.0,0.0,0.0,1,23.5,31.5,1,27.5,27.0,27.5,27.0,2.0,545.0,79
2023-05-10 22:08:59,rb2401P2900,rb2401P2900,27.5,0.0,0.0,0.0,2,23.5,31.5,2,27.5,27.0,27.5,27.0,2.0,545.0,79
2023-05-10 22:09:08,rb2401P2900,rb2401P2900,27.5,0.0,0.0,0.0,3,23.5,31.5,3,27.5,27.0,27.5,27.0,2.0,545.0,79
2023-05-10 22:09:08,rb2401P2900,rb2401P2900,27.5,0.0,0.0,0.0,1,27.0,29.5,1,27.5,27.0,27.5,27.0,2.0,545.0,79
2023-05-10 22:09:09,rb2401P2900,rb2401P2900,27.5,0.0,0.0,0.0,1,27.0,29.5,1,27.5,27.0,27.5,27.0,2.0,545.0,79
2023-05-10 22:09:10,rb2401P2900,rb2401P2900,27.5,0.0,0.0,0.0,1,27.0,29.5,1,27.5,27.0,27.5,27.0,2.0,545.0,79
2023-05-10 22:09:11,rb2401P2900,rb2401P2900,27.5,0.0,0.0,0.0,1,27.0,29.5,1,27.5,27.0,27.5,27.0,2.0,545.0,79
2023-05-10 22:09:12,rb2401P2900,rb2401P2900,27.5,0.0,0.0,0.0,1,28.5,29.5,1,27.5,27.0,27.5,27.0,2.0,545.0,79
2023-05-10 22:09:13,rb2401P2900,rb2401P2900,27.5,0.0,0.0,0.0,1,28.5,29.5,1,27.5,27.0,27.5,27.0,2.0,545.0,79
2023-05-10 22:09:14,rb2401P2900,rb2401P2900,27.5,0.0,0.0,0.0,1,28.5,29.5,1,27.5,27.0,27.5,27.0,2.0,545.0,79
2023-05-10 22:09:15,rb2401P2900,rb2401P2900,27.5,0.0,0.0,0.0,1,28.5,29.5,1,27.5,27.0,27.5,27.0,2.0,545.0,79
2023-05-10 22:09:16,rb2401P2900,rb2401P2900,27.5,0.0,0.0,0.0,1,28.5,29.5,1,27.5,27.0,27.5,27.0,2.0,545.0,79
2023-05-10 22:09:19,rb2401P2900,rb2401P2900,27.5,0.0,0.0,0.0,1,28.5,30.0,3,27.5,27.0,27.5,27.0,2.0,545.0,79
2023-05-10 22:09:20,rb2401P2900,rb2401P2900,27.5,0.0,0.0,0.0,1,28.5,30.0,3,27.5,27.0,27.5,27.0,2.0,545.0,79
2023-05-10 22:09:20,rb2401P2900,rb2401P2900,27.5,0.0,0.0,0.0,1,28.5,30.0,3,27.5,27.0,27.5,27.0,2.0,545.0,79
2023-05-10 22:09:21,rb2401P2900,rb2401P2900,27.5,0.0,0.0,0.0,1,28.5,30.0,2,27.5,27.0,27.5,27.0,2.0,545.0,79
2023-05-10 22:09:22,rb2401P2900,rb2401P2900,27.5,0.0,0.0,0.0,1,28.5,30.0,1,27.5,27.0,27.5,27.0,2.0,545.0,79
2023-05-10 22:09:23,rb2401P2900,rb2401P2900,27.5,0.0,0.0,0.0,1,27.5,30.0,1,27.5,27.0,27.5,27.0,2.0,545.0,79
2023-05-10 22:09:25,rb2401P2900,rb2401P2900,27.5,0.0,0.0,0.0,2,27.0,30.0,1,27.5,27.0,27.5,27.0,2.0,545.0,79
2023-05-10 22:09:25,rb2401P2900,rb2401P2900,27.5,0.0,0.0,0.0,1,27.0,31.0,1,27.5,27.0,27.5,27.0,2.0,545.0,79
2023-05-10 22:09:28,rb2401P2900,rb2401P2900,27.5,0.0,0.0,0.0,1,3.0,0.0,0,27.5,27.0,27.5,27.0,2.0,545.0,79
2023-05-10 22:33:58,rb2401P2900,rb2401P2900,27.5,0.0,0.0,0.0,1,25.5,33.5,1,27.5,27.0,27.5,27.0,2.0,545.0,79
2023-05-10 22:33:59,rb2401P2900,rb2401P2900,27.5,0.0,0.0,0.0,2,25.5,33.5,2,27.5,27.0,27.5,27.0,2.0,545.0,79
2023-05-10 22:34:08,rb2401P2900,rb2401P2900,27.5,0.0,0.0,0.0,3,25.5,33.5,3,27.5,27.0,27.5,27.0,2.0,545.0,79
2023-05-10 22:34:09,rb2401P2900,rb2401P2900,27.5,0.0,0.0,0.0,1,29.0,31.5,1,27.5,27.0,27.5,27.0,2.0,545.0,79
2023-05-10 22:34:10,rb2401P2900,rb2401P2900,27.5,0.0,0.0,0.0,1,29.0,31.5,1,27.5,27.0,27.5,27.0,2.0,545.0,79
2023-05-10 22:34:10,rb2401P2900,rb2401P2900,27.5,0.0,0.0,0.0,1,29.0,31.5,1,27.5,27.0,27.5,27.0,2.0,545.0,79
2023-05-10 22:34:11,rb2401P2900,rb2401P2900,27.5,0.0,0.0,0.0,1,29.0,31.5,1,27.5,27.0,27.5,27.0,2.0,545.0,79
2023-05-10 22:34:15,rb2401P2900,rb2401P2900,27.5,0.0,0.0,0.0,1,29.0,31.5,1,27.5,27.0,27.5,27.0,2.0,545.0,79
2023-05-10 22:34:15,rb2401P2900,rb2401P2900,27.5,0.0,0.0,0.0,1,29.0,31.5,1,27.5,27.0,27.5,27.0,2.0,545.0,79
2023-05-10 22:34:16,rb2401P2900,rb2401P2900,27.5,0.0,0.0,0.0,1,29.0,31.5,1,27.5,27.0,27.5,27.0,2.0,545.0,79
2023-05-10 22:34:17,rb2401P2900,rb2401P2900,27.5,0.0,0.0,0.0,1,30.5,31.5,1,27.5,27.0,27.5,27.0,2.0,545.0,79
2023-05-10 22:34:18,rb2401P2900,rb2401P2900,27.5,0.0,0.0,0.0,1,30.5,31.5,1,27.5,27.0,27.5,27.0,2.0,545.0,79
2023-05-10 22:34:20,rb2401P2900,rb2401P2900,27.5,0.0,0.0,0.0,1,30.5,32.0,4,27.5,27.0,27.5,27.0,2.0,545.0,79
2023-05-10 22:34:21,rb2401P2900,rb2401P2900,27.5,0.0,0.0,0.0,1,30.5,32.0,4,27.5,27.0,27.5,27.0,2.0,545.0,79
2023-05-10 22:34:22,rb2401P2900,rb2401P2900,27.5,0.0,0.0,0.0,1,30.5,32.0,3,27.5,27.0,27.5,27.0,2.0,545.0,79
2023-05-10 22:34:22,rb2401P2900,rb2401P2900,27.5,0.0,0.0,0.0,1,30.5,32.0,3,27.5,27.0,27.5,27.0,2.0,545.0,79
2023-05-10 22:34:23,rb2401P2900,rb2401P2900,27.5,0.0,0.0,0.0,1,30.5,32.0,2,27.5,27.0,27.5,27.0,2.0,545.0,79
2023-05-10 22:34:26,rb2401P2900,rb2401P2900,27.5,0.0,0.0,0.0,1,30.5,32.0,1,27.5,27.0,27.5,27.0,2.0,545.0,79
2023-05-10 22:34:28,rb2401P2900,rb2401P2900,27.5,0.0,0.0,0.0,1,28.5,32.0,1,27.5,27.0,27.5,27.0,2.0,545.0,79
2023-05-10 22:34:28,rb2401P2900,rb2401P2900,27.5,0.0,0.0,0.0,1,3.0,0.0,0,27.5,27.0,27.5,27.0,2.0,545.0,79
2023-05-11 09:00:07,rb2401P2900,rb2401P2900,27.5,0.0,0.0,0.0,1,3.0,0.0,0,27.5,27.0,27.5,27.0,2.0,545.0,79
2023-05-11 09:03:51,rb2401P2900,rb2401P2900,27.5,0.0,0.0,0.0,1,25.5,33.5,1,27.5,27.0,27.5,27.0,2.0,545.0,79
2023-05-11 09:04:01,rb2401P2900,rb2401P2900,27.5,0.0,0.0,0.0,2,25.5,33.5,2,27.5,27.0,27.5,27.0,2.0,545.0,79
2023-05-11 09:04:03,rb2401P2900,rb2401P2900,27.5,0.0,0.0,0.0,1,25.5,33.5,2,27.5,27.0,27.5,27.0,2.0,545.0,79
2023-05-11 09:04:04,rb2401P2900,rb2401P2900,27.5,0.0,0.0,0.0,1,25.5,33.5,2,27.5,27.0,27.5,27.0,2.0,545.0,79
2023-05-11 09:04:08,rb2401P2900,rb2401P2900,27.5,0.0,0.0,0.0,1,31.5,33.5,3,27.5,27.0,27.5,27.0,2.0,545.0,79
2023-05-11 09:04:09,rb2401P2900,rb2401P2900,31.5,1.0,315.0,1.0,1,30.0,33.5,2,27.5,27.0,31.5,27.0,3.0,860.0,80
2023-05-11 09:04:09,rb2401P2900,rb2401P2900,31.5,0.0,0.0,0.0,1,30.0,33.5,3,27.5,27.0,31.5,27.0,3.0,860.0,80
2023-05-11 09:04:10,rb2401P2900,rb2401P2900,31.5,0.0,0.0,0.0,1,30.0,33.5,3,27.5,27.0,31.5,27.0,3.0,860.0,80
2023-05-11 09:04:10,rb2401P2900,rb2401P2900,31.5,0.0,0.0,0.0,1,30.0,33.5,4,27.5,27.0,31.5,27.0,3.0,860.0,80
2023-05-11 09:04:14,rb2401P2900,rb2401P2900,31.5,0.0,0.0,0.0,1,30.0,33.5,3,27.5,27.0,31.5,27.0,3.0,860.0,80
2023-05-11 09:04:15,rb2401P2900,rb2401P2900,31.5,0.0,0.0,0.0,1,30.0,33.5,3,27.5,27.0,31.5,27.0,3.0,860.0,80
2023-05-11 09:04:19,rb2401P2900,rb2401P2900,31.5,0.0,0.0,0.0,1,30.0,33.5,2,27.5,27.0,31.5,27.0,3.0,860.0,80
2023-05-11 09:04:21,rb2401P2900,rb2401P2900,31.5,0.0,0.0,0.0,1,30.0,33.5,1,27.5,27.0,31.5,27.0,3.0,860.0,80
2023-05-11 09:04:21,rb2401P2900,rb2401P2900,31.5,0.0,0.0,0.0,1,29.0,34.5,1,27.5,27.0,31.5,27.0,3.0,860.0,80
2023-05-11 09:04:22,rb2401P2900,rb2401P2900,31.5,0.0,0.0,0.0,1,3.0,0.0,0,27.5,27.0,31.5,27.0,3.0,860.0,80
2023-05-11 09:20:49,rb2401P2900,rb2401P2900,31.5,0.0,0.0,0.0,1,3.5,0.0,0,27.5,27.0,31.5,27.0,3.0,860.0,80
2023-05-11 10:49:18,rb2401P2900,rb2401P2900,31.5,0.0,0.0,0.0,1,28.0,36.0,1,27.5,27.0,31.5,27.0,3.0,860.0,80
2023-05-11 10:49:19,rb2401P2900,rb2401P2900,31.5,0.0,0.0,0.0,2,28.0,36.0,2,27.5,27.0,31.5,27.0,3.0,860.0,80
2023-05-11 10:49:28,rb2401P2900,rb2401P2900,31.5,0.0,0.0,0.0,3,28.0,36.0,3,27.5,27.0,31.5,27.0,3.0,860.0,80
2023-05-11 10:49:29,rb2401P2900,rb2401P2900,31.5,0.0,0.0,0.0,1,32.0,34.5,1,27.5,27.0,31.5,27.0,3.0,860.0,80
2023-05-11 10:49:29,rb2401P2900,rb2401P2900,31.5,0.0,0.0,0.0,1,32.0,34.5,1,27.5,27.0,31.5,27.0,3.0,860.0,80
2023-05-11 10:49:30,rb2401P2900,rb2401P2900,31.5,0.0,0.0,0.0,1,32.0,34.5,1,27.5,27.0,31.5,27.0,3.0,860.0,80
2023-05-11 10:49:31,rb2401P2900,rb2401P2900,31.5,0.0,0.0,0.0,1,32.0,34.5,1,27.5,27.0,31.5,27.0,3.0,860.0,80
2023-05-11 10:49:34,rb2401P2900,rb2401P2900,31.5,0.0,0.0,0.0,1,32.0,34.5,1,27.5,27.0,31.5,27.0,3.0,860.0,80
2023-05-11 10:49:35,rb2401P2900,rb2401P2900,31.5,0.0,0.0,0.0,1,32.0,34.5,1,27.5,27.0,31.5,27.0,3.0,860.0,80
2023-05-11 10:49:35,rb2401P2900,rb2401P2900,31.5,0.0,0.0,0.0,1,34.0,34.5,1,27.5,27.0,31.5,27.0,3.0,860.0,80
2023-05-11 10:49:36,rb2401P2900,rb2401P2900,34.0,1.0,340.0,1.0,1,33.0,34.5,1,27.5,27.0,34.0,27.0,4.0,1200.0,81
2023-05-11 10:49:39,rb2401P2900,rb2401P2900,34.0,0.0,0.0,0.0,1,33.0,35.0,3,27.5,27.0,34.0,27.0,4.0,1200.0,81
2023-05-11 10:49:41,rb2401P2900,rb2401P2900,34.0,0.0,0.0,0.0,1,33.0,35.0,2,27.5,27.0,34.0,27.0,4.0,1200.0,81
2023-05-11 10:49:41,rb2401P2900,rb2401P2900,34.0,0.0,0.0,0.0,1,33.0,35.0,2,27.5,27.0,34.0,27.0,4.0,1200.0,81
2023-05-11 10:49:42,rb2401P2900,rb2401P2900,34.0,0.0,0.0,0.0,1,33.0,35.0,1,27.5,27.0,34.0,27.0,4.0,1200.0,81
2023-05-11 10:49:45,rb2401P2900,rb2401P2900,34.0,0.0,0.0,0.0,1,33.0,35.5,1,27.5,27.0,34.0,27.0,4.0,1200.0,81
2023-05-11 10:49:46,rb2401P2900,rb2401P2900,34.0,0.0,0.0,0.0,1,33.0,35.5,1,27.5,27.0,34.0,27.0,4.0,1200.0,81
2023-05-11 10:49:47,rb2401P2900,rb2401P2900,34.0,0.0,0.0,0.0,1,32.5,36.0,1,27.5,27.0,34.0,27.0,4.0,1200.0,81
2023-05-11 10:49:48,rb2401P2900,rb2401P2900,34.0,0.0,0.0,0.0,1,3.5,0.0,0,27.5,27.0,34.0,27.0,4.0,1200.0,81
2023-05-11 14:15:28,rb2401P2900,rb2401P2900,34.0,0.0,0.0,0.0,1,29.5,32.0,1,27.5,27.0,34.0,27.0,4.0,1200.0,81
2023-05-11 14:15:28,rb2401P2900,rb2401P2900,34.0,0.0,0.0,0.0,1,29.5,32.0,1,27.5,27.0,34.0,27.0,4.0,1200.0,81
2023-05-11 14:15:29,rb2401P2900,rb2401P2900,34.0,0.0,0.0,0.0,1,29.5,32.0,1,27.5,27.0,34.0,27.0,4.0,1200.0,81
2023-05-11 14:15:30,rb2401P2900,rb2401P2900,34.0,0.0,0.0,0.0,1,29.5,32.0,1,27.5,27.0,34.0,27.0,4.0,1200.0,81
2023-05-11 14:15:31,rb2401P2900,rb2401P2900,34.0,0.0,0.0,0.0,1,31.5,32.0,1,27.5,27.0,34.0,27.0,4.0,1200.0,81
2023-05-11 14:15:31,rb2401P2900,rb2401P2900,31.5,1.0,315.0,1.0,1,30.5,32.0,1,27.5,27.0,34.0,27.0,5.0,1515.0,82
2023-05-11 14:15:34,rb2401P2900,rb2401P2900,31.5,0.0,0.0,0.0,1,30.5,32.0,1,27.5,27.0,34.0,27.0,5.0,1515.0,82
2023-05-11 14:15:35,rb2401P2900,rb2401P2900,31.5,0.0,0.0,0.0,1,30.5,32.0,1,27.5,27.0,34.0,27.0,5.0,1515.0,82
2023-05-11 14:15:39,rb2401P2900,rb2401P2900,31.5,0.0,0.0,0.0,1,30.5,32.5,3,27.5,27.0,34.0,27.0,5.0,1515.0,82
2023-05-11 14:15:40,rb2401P2900,rb2401P2900,31.5,0.0,0.0,0.0,1,30.5,32.5,2,27.5,27.0,34.0,27.0,5.0,1515.0,82
2023-05-11 14:15:41,rb2401P2900,rb2401P2900,31.5,0.0,0.0,0.0,1,30.5,32.5,1,27.5,27.0,34.0,27.0,5.0,1515.0,82
2023-05-11 14:15:42,rb2401P2900,rb2401P2900,31.5,0.0,0.0,0.0,1,30.5,32.5,1,27.5,27.0,34.0,27.0,5.0,1515.0,82
2023-05-11 14:15:42,rb2401P2900,rb2401P2900,31.5,0.0,0.0,0.0,1,29.5,32.5,1,27.5,27.0,34.0,27.0,5.0,1515.0,82
2023-05-11 14:15:45,rb2401P2900,rb2401P2900,31.5,0.0,0.0,0.0,1,29.5,33.0,1,27.5,27.0,34.0,27.0,5.0,1515.0,82
2023-05-11 14:15:47,rb2401P2900,rb2401P2900,31.5,0.0,0.0,0.0,1,3.5,0.0,0,27.5,27.0,34.0,27.0,5.0,1515.0,82
2023-05-11 14:37:50,rb2401P2900,rb2401P2900,31.5,0.0,0.0,0.0,1,3.5,29.5,1,27.5,27.0,34.0,27.0,5.0,1515.0,82
2023-05-11 14:37:50,rb2401P2900,rb2401P2900,29.5,1.0,295.0,1.0,1,3.5,0.0,0,27.5,27.0,34.0,27.0,6.0,1810.0,83
2023-05-11 14:37:51,rb2401P2900,rb2401P2900,29.5,0.0,0.0,0.0,1,4.0,0.0,0,27.5,27.0,34.0,27.0,6.0,1810.0,83
2023-05-11 14:44:39,rb2401P2900,rb2401P2900,29.5,0.0,0.0,0.0,1,4.5,0.0,0,27.5,27.0,34.0,27.0,6.0,1810.0,83
2023-05-11 15:18:18,rb2401P2900,rb2401P2900,29.5,0.0,0.0,0.0,1,4.5,0.0,0,27.5,27.0,34.0,27.0,6.0,1810.0,83
