time,symbol_id,symbol_name,last,trade_volume,trade_amount,open_interest_change,bv1,bp1,ap1,av1,yesterday_close,today_open,today_high,today_low,volume,amount,open_interest
2023-05-10 20:59:00,rb2401C3500,rb2401C3500,279.5,0.0,0.0,0.0,1,1.5,0.0,0,279.5,0.0,0.0,0.0,0.0,0.0,2
2023-05-10 21:00:19,rb2401C3500,rb2401C3500,279.5,0.0,0.0,0.0,1,2.0,0.0,0,279.5,0.0,0.0,0.0,0.0,0.0,2
2023-05-10 21:00:30,rb2401C3500,rb2401C3500,279.5,0.0,0.0,0.0,1,99.5,0.0,0,279.5,0.0,0.0,0.0,0.0,0.0,2
2023-05-10 21:03:06,rb2401C3500,rb2401C3500,279.5,0.0,0.0,0.0,1,100.0,0.0,0,279.5,0.0,0.0,0.0,0.0,0.0,2
2023-05-10 21:04:25,rb2401C3500,rb2401C3500,279.5,0.0,0.0,0.0,1,100.0,0.0,0,279.5,0.0,0.0,0.0,0.0,0.0,2
2023-05-10 21:09:56,rb2401C3500,rb2401C3500,279.5,0.0,0.0,0.0,1,100.0,0.0,0,279.5,0.0,0.0,0.0,0.0,0.0,2
2023-05-10 21:16:17,rb2401C3500,rb2401C3500,279.5,0.0,0.0,0.0,1,100.0,0.0,0,279.5,0.0,0.0,0.0,0.0,0.0,2
2023-05-10 21:18:25,rb2401C3500,rb2401C3500,279.5,0.0,0.0,0.0,1,100.0,0.0,0,279.5,0.0,0.0,0.0,0.0,0.0,2
2023-05-10 21:21:05,rb2401C3500,rb2401C3500,279.5,0.0,0.0,0.0,1,100.0,0.0,0,279.5,0.0,0.0,0.0,0.0,0.0,2
2023-05-10 22:48:23,rb2401C3500,rb2401C3500,279.5,0.0,0.0,0.0,1,100.0,0.0,0,279.5,0.0,0.0,0.0,0.0,0.0,2
2023-05-10 22:52:12,rb2401C3500,rb2401C3500,279.5,0.0,0.0,0.0,1,100.0,0.0,0,279.5,0.0,0.0,0.0,0.0,0.0,2
2023-05-10 22:52:46,rb2401C3500,rb2401C3500,279.5,0.0,0.0,0.0,1,100.0,0.0,0,279.5,0.0,0.0,0.0,0.0,0.0,2
2023-05-10 22:58:46,rb2401C3500,rb2401C3500,279.5,0.0,0.0,0.0,1,100.0,0.0,0,279.5,0.0,0.0,0.0,0.0,0.0,2
2023-05-10 22:58:56,rb2401C3500,rb2401C3500,279.5,0.0,0.0,0.0,1,100.0,0.0,0,279.5,0.0,0.0,0.0,0.0,0.0,2
2023-05-11 09:00:21,rb2401C3500,rb2401C3500,279.5,0.0,0.0,0.0,1,100.0,0.0,0,279.5,0.0,0.0,0.0,0.0,0.0,2
2023-05-11 09:00:33,rb2401C3500,rb2401C3500,279.5,0.0,0.0,0.0,1,100.0,0.0,0,279.5,0.0,0.0,0.0,0.0,0.0,2
2023-05-11 09:32:19,rb2401C3500,rb2401C3500,279.5,0.0,0.0,0.0,1,100.0,0.0,0,279.5,0.0,0.0,0.0,0.0,0.0,2
2023-05-11 09:33:47,rb2401C3500,rb2401C3500,279.5,0.0,0.0,0.0,1,100.0,0.0,0,279.5,0.0,0.0,0.0,0.0,0.0,2
2023-05-11 09:37:51,rb2401C3500,rb2401C3500,279.5,0.0,0.0,0.0,1,100.0,0.0,0,279.5,0.0,0.0,0.0,0.0,0.0,2
2023-05-11 09:39:11,rb2401C3500,rb2401C3500,279.5,0.0,0.0,0.0,1,100.0,0.0,0,279.5,0.0,0.0,0.0,0.0,0.0,2
2023-05-11 09:41:12,rb2401C3500,rb2401C3500,279.5,0.0,0.0,0.0,1,100.0,0.0,0,279.5,0.0,0.0,0.0,0.0,0.0,2
2023-05-11 09:54:37,rb2401C3500,rb2401C3500,279.5,0.0,0.0,0.0,2,106.5,0.0,0,279.5,0.0,0.0,0.0,0.0,0.0,2
2023-05-11 09:55:03,rb2401C3500,rb2401C3500,279.5,0.0,0.0,0.0,1,100.0,0.0,0,279.5,0.0,0.0,0.0,0.0,0.0,2
2023-05-11 09:55:23,rb2401C3500,rb2401C3500,279.5,0.0,0.0,0.0,2,106.5,0.0,0,279.5,0.0,0.0,0.0,0.0,0.0,2
2023-05-11 09:57:44,rb2401C3500,rb2401C3500,279.5,0.0,0.0,0.0,1,100.0,0.0,0,279.5,0.0,0.0,0.0,0.0,0.0,2
2023-05-11 09:57:44,rb2401C3500,rb2401C3500,279.5,0.0,0.0,0.0,2,106.5,0.0,0,279.5,0.0,0.0,0.0,0.0,0.0,2
2023-05-11 09:58:07,rb2401C3500,rb2401C3500,279.5,0.0,0.0,0.0,1,100.0,0.0,0,279.5,0.0,0.0,0.0,0.0,0.0,2
2023-05-11 09:58:28,rb2401C3500,rb2401C3500,279.5,0.0,0.0,0.0,2,106.5,0.0,0,279.5,0.0,0.0,0.0,0.0,0.0,2
2023-05-11 10:04:11,rb2401C3500,rb2401C3500,279.5,0.0,0.0,0.0,1,107.0,0.0,0,279.5,0.0,0.0,0.0,0.0,0.0,2
2023-05-11 10:04:12,rb2401C3500,rb2401C3500,279.5,0.0,0.0,0.0,1,107.0,0.0,0,279.5,0.0,0.0,0.0,0.0,0.0,2
2023-05-11 10:04:13,rb2401C3500,rb2401C3500,279.5,0.0,0.0,0.0,2,113.5,0.0,0,279.5,0.0,0.0,0.0,0.0,0.0,2
2023-05-11 10:04:15,rb2401C3500,rb2401C3500,279.5,0.0,0.0,0.0,2,113.5,0.0,0,279.5,0.0,0.0,0.0,0.0,0.0,2
2023-05-11 10:12:10,rb2401C3500,rb2401C3500,279.5,0.0,0.0,0.0,1,107.0,0.0,0,279.5,0.0,0.0,0.0,0.0,0.0,2
2023-05-11 10:49:18,rb2401C3500,rb2401C3500,279.5,0.0,0.0,0.0,1,234.5,253.0,1,279.5,0.0,0.0,0.0,0.0,0.0,2
2023-05-11 10:49:18,rb2401C3500,rb2401C3500,279.5,0.0,0.0,0.0,2,234.5,253.0,1,279.5,0.0,0.0,0.0,0.0,0.0,2
2023-05-11 10:49:19,rb2401C3500,rb2401C3500,279.5,0.0,0.0,0.0,3,234.5,253.0,2,279.5,0.0,0.0,0.0,0.0,0.0,2
2023-05-11 10:49:24,rb2401C3500,rb2401C3500,279.5,0.0,0.0,0.0,3,234.5,253.0,2,279.5,0.0,0.0,0.0,0.0,0.0,2
2023-05-11 10:49:28,rb2401C3500,rb2401C3500,279.5,0.0,0.0,0.0,3,234.5,253.0,2,279.5,0.0,0.0,0.0,0.0,0.0,2
2023-05-11 10:49:29,rb2401C3500,rb2401C3500,279.5,0.0,0.0,0.0,3,234.5,238.5,1,279.5,0.0,0.0,0.0,0.0,0.0,2
2023-05-11 10:49:29,rb2401C3500,rb2401C3500,279.5,0.0,0.0,0.0,3,234.5,238.5,1,279.5,0.0,0.0,0.0,0.0,0.0,2
2023-05-11 10:49:30,rb2401C3500,rb2401C3500,279.5,0.0,0.0,0.0,3,234.5,238.5,1,279.5,0.0,0.0,0.0,0.0,0.0,2
2023-05-11 10:49:31,rb2401C3500,rb2401C3500,279.5,0.0,0.0,0.0,1,235.5,238.5,1,279.5,0.0,0.0,0.0,0.0,0.0,2
2023-05-11 10:49:34,rb2401C3500,rb2401C3500,279.5,0.0,0.0,0.0,1,235.5,238.5,1,279.5,0.0,0.0,0.0,0.0,0.0,2
2023-05-11 10:49:35,rb2401C3500,rb2401C3500,279.5,0.0,0.0,0.0,1,235.5,238.5,1,279.5,0.0,0.0,0.0,0.0,0.0,2
2023-05-11 10:49:36,rb2401C3500,rb2401C3500,279.5,0.0,0.0,0.0,1,235.5,238.5,1,279.5,0.0,0.0,0.0,0.0,0.0,2
2023-05-11 10:49:37,rb2401C3500,rb2401C3500,279.5,0.0,0.0,0.0,1,235.5,238.5,1,279.5,0.0,0.0,0.0,0.0,0.0,2
2023-05-11 10:49:39,rb2401C3500,rb2401C3500,279.5,0.0,0.0,0.0,1,235.5,239.0,3,279.5,0.0,0.0,0.0,0.0,0.0,2
2023-05-11 10:49:40,rb2401C3500,rb2401C3500,279.5,0.0,0.0,0.0,1,235.5,239.0,3,279.5,0.0,0.0,0.0,0.0,0.0,2
2023-05-11 10:49:41,rb2401C3500,rb2401C3500,279.5,0.0,0.0,0.0,1,235.5,239.0,2,279.5,0.0,0.0,0.0,0.0,0.0,2
2023-05-11 10:49:42,rb2401C3500,rb2401C3500,279.5,0.0,0.0,0.0,1,234.5,239.0,1,279.5,0.0,0.0,0.0,0.0,0.0,2
2023-05-11 10:49:45,rb2401C3500,rb2401C3500,279.5,0.0,0.0,0.0,1,230.5,243.5,1,279.5,0.0,0.0,0.0,0.0,0.0,2
2023-05-11 10:49:48,rb2401C3500,rb2401C3500,279.5,0.0,0.0,0.0,1,107.0,0.0,0,279.5,0.0,0.0,0.0,0.0,0.0,2
2023-05-11 10:49:48,rb2401C3500,rb2401C3500,279.5,0.0,0.0,0.0,2,113.5,0.0,0,279.5,0.0,0.0,0.0,0.0,0.0,2
2023-05-11 10:49:50,rb2401C3500,rb2401C3500,279.5,0.0,0.0,0.0,1,107.0,0.0,0,279.5,0.0,0.0,0.0,0.0,0.0,2
2023-05-11 14:15:23,rb2401C3500,rb2401C3500,279.5,0.0,0.0,0.0,1,255.5,261.0,1,279.5,0.0,0.0,0.0,0.0,0.0,2
2023-05-11 14:15:23,rb2401C3500,rb2401C3500,279.5,0.0,0.0,0.0,1,255.5,261.0,1,279.5,0.0,0.0,0.0,0.0,0.0,2
2023-05-11 14:15:26,rb2401C3500,rb2401C3500,279.5,0.0,0.0,0.0,2,255.5,261.0,2,279.5,0.0,0.0,0.0,0.0,0.0,2
2023-05-11 14:15:27,rb2401C3500,rb2401C3500,279.5,0.0,0.0,0.0,2,255.5,261.0,2,279.5,0.0,0.0,0.0,0.0,0.0,2
2023-05-11 14:15:28,rb2401C3500,rb2401C3500,279.5,0.0,0.0,0.0,2,255.5,257.0,1,279.5,0.0,0.0,0.0,0.0,0.0,2
2023-05-11 14:15:28,rb2401C3500,rb2401C3500,279.5,0.0,0.0,0.0,2,255.5,257.0,1,279.5,0.0,0.0,0.0,0.0,0.0,2
2023-05-11 14:15:29,rb2401C3500,rb2401C3500,279.5,0.0,0.0,0.0,2,255.5,257.0,1,279.5,0.0,0.0,0.0,0.0,0.0,2
2023-05-11 14:15:30,rb2401C3500,rb2401C3500,279.5,0.0,0.0,0.0,2,255.5,257.0,1,279.5,0.0,0.0,0.0,0.0,0.0,2
2023-05-11 14:15:34,rb2401C3500,rb2401C3500,279.5,0.0,0.0,0.0,1,255.5,257.0,1,279.5,0.0,0.0,0.0,0.0,0.0,2
2023-05-11 14:15:34,rb2401C3500,rb2401C3500,279.5,0.0,0.0,0.0,1,255.5,257.0,1,279.5,0.0,0.0,0.0,0.0,0.0,2
2023-05-11 14:15:35,rb2401C3500,rb2401C3500,279.5,0.0,0.0,0.0,1,255.5,257.0,1,279.5,0.0,0.0,0.0,0.0,0.0,2
2023-05-11 14:15:39,rb2401C3500,rb2401C3500,279.5,0.0,0.0,0.0,1,255.5,257.5,3,279.5,0.0,0.0,0.0,0.0,0.0,2
2023-05-11 14:15:39,rb2401C3500,rb2401C3500,279.5,0.0,0.0,0.0,1,255.5,257.5,3,279.5,0.0,0.0,0.0,0.0,0.0,2
2023-05-11 14:15:40,rb2401C3500,rb2401C3500,279.5,0.0,0.0,0.0,1,255.5,257.5,2,279.5,0.0,0.0,0.0,0.0,0.0,2
2023-05-11 14:15:41,rb2401C3500,rb2401C3500,279.5,0.0,0.0,0.0,1,255.0,257.5,1,279.5,0.0,0.0,0.0,0.0,0.0,2
2023-05-11 14:15:45,rb2401C3500,rb2401C3500,279.5,0.0,0.0,0.0,1,249.0,263.5,1,279.5,0.0,0.0,0.0,0.0,0.0,2
2023-05-11 14:15:47,rb2401C3500,rb2401C3500,279.5,0.0,0.0,0.0,1,107.0,0.0,0,279.5,0.0,0.0,0.0,0.0,0.0,2
2023-05-11 14:34:10,rb2401C3500,rb2401C3500,279.5,0.0,0.0,0.0,2,113.5,0.0,0,279.5,0.0,0.0,0.0,0.0,0.0,2
2023-05-11 14:34:34,rb2401C3500,rb2401C3500,279.5,0.0,0.0,0.0,1,107.0,0.0,0,279.5,0.0,0.0,0.0,0.0,0.0,2
2023-05-11 14:34:38,rb2401C3500,rb2401C3500,279.5,0.0,0.0,0.0,2,113.5,0.0,0,279.5,0.0,0.0,0.0,0.0,0.0,2
2023-05-11 14:34:58,rb2401C3500,rb2401C3500,279.5,0.0,0.0,0.0,1,107.0,0.0,0,279.5,0.0,0.0,0.0,0.0,0.0,2
2023-05-11 14:48:14,rb2401C3500,rb2401C3500,279.5,0.0,0.0,0.0,1,107.0,0.0,0,279.5,0.0,0.0,0.0,0.0,0.0,2
2023-05-11 15:18:18,rb2401C3500,rb2401C3500,279.5,0.0,0.0,0.0,1,107.0,0.0,0,279.5,0.0,0.0,0.0,0.0,0.0,2
