time,symbol_id,symbol_name,last,trade_volume,trade_amount,open_interest_change,bv1,bp1,ap1,av1,yesterday_close,today_open,today_high,today_low,volume,amount,open_interest
2023-05-10 20:59:00,rb2401P3050,rb2401P3050,42.0,0.0,0.0,0.0,1,2.0,0.0,0,42.0,44.5,0.0,0.0,0.0,0.0,95
2023-05-10 21:00:13,rb2401P3050,rb2401P3050,42.0,0.0,0.0,0.0,4,2.5,0.0,0,42.0,44.5,0.0,0.0,0.0,0.0,95
2023-05-10 21:01:39,rb2401P3050,rb2401P3050,42.0,0.0,0.0,0.0,2,3.0,0.0,0,42.0,44.5,0.0,0.0,0.0,0.0,95
2023-05-10 21:01:39,rb2401P3050,rb2401P3050,42.0,0.0,0.0,0.0,2,3.0,0.0,0,42.0,44.5,0.0,0.0,0.0,0.0,95
2023-05-10 21:01:40,rb2401P3050,rb2401P3050,42.0,0.0,0.0,0.0,4,3.5,0.0,0,42.0,44.5,0.0,0.0,0.0,0.0,95
2023-05-10 21:03:06,rb2401P3050,rb2401P3050,42.0,0.0,0.0,0.0,1,4.0,0.0,0,42.0,44.5,0.0,0.0,0.0,0.0,95
2023-05-10 21:03:07,rb2401P3050,rb2401P3050,42.0,0.0,0.0,0.0,1,4.0,0.0,0,42.0,44.5,0.0,0.0,0.0,0.0,95
2023-05-10 21:03:07,rb2401P3050,rb2401P3050,42.0,0.0,0.0,0.0,4,4.5,0.0,0,42.0,44.5,0.0,0.0,0.0,0.0,95
2023-05-10 21:04:45,rb2401P3050,rb2401P3050,42.0,0.0,0.0,0.0,4,4.5,0.0,0,42.0,44.5,0.0,0.0,0.0,0.0,95
2023-05-10 21:05:37,rb2401P3050,rb2401P3050,42.0,0.0,0.0,0.0,4,4.5,0.0,0,42.0,44.5,0.0,0.0,0.0,0.0,95
2023-05-10 21:07:16,rb2401P3050,rb2401P3050,42.0,0.0,0.0,0.0,2,12.5,0.0,0,42.0,44.5,0.0,0.0,0.0,0.0,95
2023-05-10 21:07:16,rb2401P3050,rb2401P3050,42.0,0.0,0.0,0.0,2,12.5,0.0,0,42.0,44.5,0.0,0.0,0.0,0.0,95
2023-05-10 21:07:17,rb2401P3050,rb2401P3050,42.0,0.0,0.0,0.0,4,13.0,0.0,0,42.0,44.5,0.0,0.0,0.0,0.0,95
2023-05-10 21:07:35,rb2401P3050,rb2401P3050,42.0,0.0,0.0,0.0,2,21.0,0.0,0,42.0,44.5,0.0,0.0,0.0,0.0,95
2023-05-10 21:07:36,rb2401P3050,rb2401P3050,42.0,0.0,0.0,0.0,2,21.0,0.0,0,42.0,44.5,0.0,0.0,0.0,0.0,95
2023-05-10 21:07:36,rb2401P3050,rb2401P3050,42.0,0.0,0.0,0.0,4,21.5,0.0,0,42.0,44.5,0.0,0.0,0.0,0.0,95
2023-05-10 21:07:39,rb2401P3050,rb2401P3050,42.0,0.0,0.0,0.0,4,21.5,0.0,0,42.0,44.5,0.0,0.0,0.0,0.0,95
2023-05-10 21:07:44,rb2401P3050,rb2401P3050,42.0,0.0,0.0,0.0,1,38.5,46.5,1,42.0,44.5,0.0,0.0,0.0,0.0,95
2023-05-10 21:07:45,rb2401P3050,rb2401P3050,42.0,0.0,0.0,0.0,1,38.5,46.5,1,42.0,44.5,0.0,0.0,0.0,0.0,95
2023-05-10 21:07:57,rb2401P3050,rb2401P3050,42.0,0.0,0.0,0.0,1,38.0,46.5,1,42.0,44.5,0.0,0.0,0.0,0.0,95
2023-05-10 21:07:58,rb2401P3050,rb2401P3050,42.0,0.0,0.0,0.0,1,38.0,46.5,1,42.0,44.5,0.0,0.0,0.0,0.0,95
2023-05-10 21:08:00,rb2401P3050,rb2401P3050,42.0,0.0,0.0,0.0,1,44.5,45.0,1,42.0,44.5,0.0,0.0,0.0,0.0,95
2023-05-10 21:08:00,rb2401P3050,rb2401P3050,44.5,1.0,445.0,1.0,1,42.0,45.0,1,42.0,44.5,44.5,44.5,1.0,445.0,96
2023-05-10 21:08:01,rb2401P3050,rb2401P3050,44.5,0.0,0.0,0.0,1,38.0,45.0,1,42.0,44.5,44.5,44.5,1.0,445.0,96
2023-05-10 21:08:03,rb2401P3050,rb2401P3050,44.5,0.0,0.0,0.0,1,39.5,43.5,1,42.0,44.5,44.5,44.5,1.0,445.0,96
2023-05-10 21:08:03,rb2401P3050,rb2401P3050,44.5,0.0,0.0,0.0,1,39.5,43.5,1,42.0,44.5,44.5,44.5,1.0,445.0,96
2023-05-10 21:08:04,rb2401P3050,rb2401P3050,43.5,1.0,435.0,1.0,1,39.0,44.5,1,42.0,44.5,44.5,43.5,2.0,880.0,97
2023-05-10 21:08:04,rb2401P3050,rb2401P3050,43.5,0.0,0.0,0.0,1,39.0,44.5,1,42.0,44.5,44.5,43.5,2.0,880.0,97
2023-05-10 21:08:08,rb2401P3050,rb2401P3050,43.5,0.0,0.0,0.0,1,39.0,44.5,1,42.0,44.5,44.5,43.5,2.0,880.0,97
2023-05-10 21:08:09,rb2401P3050,rb2401P3050,43.5,0.0,0.0,0.0,1,39.0,44.5,1,42.0,44.5,44.5,43.5,2.0,880.0,97
2023-05-10 21:08:14,rb2401P3050,rb2401P3050,43.5,0.0,0.0,0.0,1,39.0,44.5,1,42.0,44.5,44.5,43.5,2.0,880.0,97
2023-05-10 21:08:15,rb2401P3050,rb2401P3050,43.5,0.0,0.0,0.0,1,38.0,45.5,1,42.0,44.5,44.5,43.5,2.0,880.0,97
2023-05-10 21:08:16,rb2401P3050,rb2401P3050,43.5,0.0,0.0,0.0,1,4.0,0.0,0,42.0,44.5,44.5,43.5,2.0,880.0,97
2023-05-10 21:08:17,rb2401P3050,rb2401P3050,43.5,0.0,0.0,0.0,2,12.0,0.0,0,42.0,44.5,44.5,43.5,2.0,880.0,97
2023-05-10 21:08:17,rb2401P3050,rb2401P3050,43.5,0.0,0.0,0.0,1,12.5,0.0,0,42.0,44.5,44.5,43.5,2.0,880.0,97
2023-05-10 21:08:18,rb2401P3050,rb2401P3050,43.5,0.0,0.0,0.0,4,13.0,0.0,0,42.0,44.5,44.5,43.5,2.0,880.0,97
2023-05-10 21:08:18,rb2401P3050,rb2401P3050,43.5,0.0,0.0,0.0,1,13.5,0.0,0,42.0,44.5,44.5,43.5,2.0,880.0,97
2023-05-10 21:08:19,rb2401P3050,rb2401P3050,43.5,0.0,0.0,0.0,2,21.5,0.0,0,42.0,44.5,44.5,43.5,2.0,880.0,97
2023-05-10 21:08:19,rb2401P3050,rb2401P3050,43.5,0.0,0.0,0.0,5,22.0,0.0,0,42.0,44.5,44.5,43.5,2.0,880.0,97
2023-05-10 21:08:20,rb2401P3050,rb2401P3050,43.5,0.0,0.0,0.0,2,22.5,0.0,0,42.0,44.5,44.5,43.5,2.0,880.0,97
2023-05-10 21:08:21,rb2401P3050,rb2401P3050,43.5,0.0,0.0,0.0,2,22.5,0.0,0,42.0,44.5,44.5,43.5,2.0,880.0,97
2023-05-10 21:08:21,rb2401P3050,rb2401P3050,43.5,0.0,0.0,0.0,4,23.0,0.0,0,42.0,44.5,44.5,43.5,2.0,880.0,97
2023-05-10 21:08:22,rb2401P3050,rb2401P3050,43.5,0.0,0.0,0.0,2,23.5,0.0,0,42.0,44.5,44.5,43.5,2.0,880.0,97
2023-05-10 21:08:23,rb2401P3050,rb2401P3050,43.5,0.0,0.0,0.0,2,23.5,0.0,0,42.0,44.5,44.5,43.5,2.0,880.0,97
2023-05-10 21:08:23,rb2401P3050,rb2401P3050,43.5,0.0,0.0,0.0,4,24.0,0.0,0,42.0,44.5,44.5,43.5,2.0,880.0,97
2023-05-10 21:10:16,rb2401P3050,rb2401P3050,43.5,0.0,0.0,0.0,4,24.0,0.0,0,42.0,44.5,44.5,43.5,2.0,880.0,97
2023-05-10 21:14:26,rb2401P3050,rb2401P3050,43.5,0.0,0.0,0.0,2,24.5,0.0,0,42.0,44.5,44.5,43.5,2.0,880.0,97
2023-05-10 21:14:26,rb2401P3050,rb2401P3050,43.5,0.0,0.0,0.0,2,24.5,0.0,0,42.0,44.5,44.5,43.5,2.0,880.0,97
2023-05-10 21:14:27,rb2401P3050,rb2401P3050,43.5,0.0,0.0,0.0,4,25.0,0.0,0,42.0,44.5,44.5,43.5,2.0,880.0,97
2023-05-10 21:14:27,rb2401P3050,rb2401P3050,43.5,0.0,0.0,0.0,4,25.0,0.0,0,42.0,44.5,44.5,43.5,2.0,880.0,97
2023-05-10 21:14:31,rb2401P3050,rb2401P3050,43.5,0.0,0.0,0.0,2,25.5,0.0,0,42.0,44.5,44.5,43.5,2.0,880.0,97
2023-05-10 21:14:32,rb2401P3050,rb2401P3050,43.5,0.0,0.0,0.0,2,25.5,0.0,0,42.0,44.5,44.5,43.5,2.0,880.0,97
2023-05-10 21:14:32,rb2401P3050,rb2401P3050,43.5,0.0,0.0,0.0,4,26.0,0.0,0,42.0,44.5,44.5,43.5,2.0,880.0,97
2023-05-10 21:14:33,rb2401P3050,rb2401P3050,43.5,0.0,0.0,0.0,4,26.0,0.0,0,42.0,44.5,44.5,43.5,2.0,880.0,97
2023-05-10 21:14:42,rb2401P3050,rb2401P3050,43.5,0.0,0.0,0.0,2,26.5,0.0,0,42.0,44.5,44.5,43.5,2.0,880.0,97
2023-05-10 21:14:43,rb2401P3050,rb2401P3050,43.5,0.0,0.0,0.0,2,26.5,0.0,0,42.0,44.5,44.5,43.5,2.0,880.0,97
2023-05-10 21:14:43,rb2401P3050,rb2401P3050,43.5,0.0,0.0,0.0,4,27.0,0.0,0,42.0,44.5,44.5,43.5,2.0,880.0,97
2023-05-10 21:14:44,rb2401P3050,rb2401P3050,43.5,0.0,0.0,0.0,2,27.5,0.0,0,42.0,44.5,44.5,43.5,2.0,880.0,97
2023-05-10 21:14:44,rb2401P3050,rb2401P3050,43.5,0.0,0.0,0.0,2,27.5,0.0,0,42.0,44.5,44.5,43.5,2.0,880.0,97
2023-05-10 21:14:45,rb2401P3050,rb2401P3050,43.5,0.0,0.0,0.0,4,28.0,0.0,0,42.0,44.5,44.5,43.5,2.0,880.0,97
2023-05-10 21:14:45,rb2401P3050,rb2401P3050,43.5,0.0,0.0,0.0,2,28.5,0.0,0,42.0,44.5,44.5,43.5,2.0,880.0,97
2023-05-10 21:14:46,rb2401P3050,rb2401P3050,43.5,0.0,0.0,0.0,2,28.5,0.0,0,42.0,44.5,44.5,43.5,2.0,880.0,97
2023-05-10 21:14:46,rb2401P3050,rb2401P3050,43.5,0.0,0.0,0.0,4,29.0,0.0,0,42.0,44.5,44.5,43.5,2.0,880.0,97
2023-05-10 21:14:47,rb2401P3050,rb2401P3050,43.5,0.0,0.0,0.0,2,29.5,0.0,0,42.0,44.5,44.5,43.5,2.0,880.0,97
2023-05-10 21:14:47,rb2401P3050,rb2401P3050,43.5,0.0,0.0,0.0,2,29.5,0.0,0,42.0,44.5,44.5,43.5,2.0,880.0,97
2023-05-10 21:14:48,rb2401P3050,rb2401P3050,43.5,0.0,0.0,0.0,4,30.0,0.0,0,42.0,44.5,44.5,43.5,2.0,880.0,97
2023-05-10 21:14:48,rb2401P3050,rb2401P3050,43.5,0.0,0.0,0.0,2,30.5,0.0,0,42.0,44.5,44.5,43.5,2.0,880.0,97
2023-05-10 21:14:49,rb2401P3050,rb2401P3050,43.5,0.0,0.0,0.0,2,30.5,0.0,0,42.0,44.5,44.5,43.5,2.0,880.0,97
2023-05-10 21:14:49,rb2401P3050,rb2401P3050,43.5,0.0,0.0,0.0,4,31.0,0.0,0,42.0,44.5,44.5,43.5,2.0,880.0,97
2023-05-10 21:14:50,rb2401P3050,rb2401P3050,43.5,0.0,0.0,0.0,2,31.5,0.0,0,42.0,44.5,44.5,43.5,2.0,880.0,97
2023-05-10 21:14:51,rb2401P3050,rb2401P3050,43.5,0.0,0.0,0.0,2,31.5,0.0,0,42.0,44.5,44.5,43.5,2.0,880.0,97
2023-05-10 21:14:51,rb2401P3050,rb2401P3050,43.5,0.0,0.0,0.0,4,32.0,0.0,0,42.0,44.5,44.5,43.5,2.0,880.0,97
2023-05-10 21:14:52,rb2401P3050,rb2401P3050,43.5,0.0,0.0,0.0,2,32.5,0.0,0,42.0,44.5,44.5,43.5,2.0,880.0,97
2023-05-10 21:14:52,rb2401P3050,rb2401P3050,43.5,0.0,0.0,0.0,2,32.5,0.0,0,42.0,44.5,44.5,43.5,2.0,880.0,97
2023-05-10 21:14:53,rb2401P3050,rb2401P3050,43.5,0.0,0.0,0.0,4,33.0,0.0,0,42.0,44.5,44.5,43.5,2.0,880.0,97
2023-05-10 21:14:53,rb2401P3050,rb2401P3050,43.5,0.0,0.0,0.0,1,39.5,47.5,1,42.0,44.5,44.5,43.5,2.0,880.0,97
2023-05-10 21:14:54,rb2401P3050,rb2401P3050,43.5,0.0,0.0,0.0,1,39.5,47.5,1,42.0,44.5,44.5,43.5,2.0,880.0,97
2023-05-10 21:15:02,rb2401P3050,rb2401P3050,43.5,0.0,0.0,0.0,1,44.5,47.0,1,42.0,44.5,44.5,43.5,2.0,880.0,97
2023-05-10 21:15:02,rb2401P3050,rb2401P3050,43.5,0.0,0.0,0.0,1,44.5,47.0,1,42.0,44.5,44.5,43.5,2.0,880.0,97
2023-05-10 21:15:04,rb2401P3050,rb2401P3050,43.5,0.0,0.0,0.0,1,44.5,45.0,1,42.0,44.5,44.5,43.5,2.0,880.0,97
2023-05-10 21:15:04,rb2401P3050,rb2401P3050,43.5,0.0,0.0,0.0,1,44.5,45.0,1,42.0,44.5,44.5,43.5,2.0,880.0,97
2023-05-10 21:15:05,rb2401P3050,rb2401P3050,43.5,0.0,0.0,0.0,2,44.5,45.0,1,42.0,44.5,44.5,43.5,2.0,880.0,97
2023-05-10 21:15:10,rb2401P3050,rb2401P3050,43.5,0.0,0.0,0.0,2,44.5,45.0,1,42.0,44.5,44.5,43.5,2.0,880.0,97
2023-05-10 21:15:11,rb2401P3050,rb2401P3050,43.5,0.0,0.0,0.0,2,44.5,45.0,1,42.0,44.5,44.5,43.5,2.0,880.0,97
2023-05-10 21:15:13,rb2401P3050,rb2401P3050,43.5,0.0,0.0,0.0,1,44.5,45.0,1,42.0,44.5,44.5,43.5,2.0,880.0,97
2023-05-10 21:15:13,rb2401P3050,rb2401P3050,43.5,0.0,0.0,0.0,1,44.5,45.0,1,42.0,44.5,44.5,43.5,2.0,880.0,97
2023-05-10 21:15:15,rb2401P3050,rb2401P3050,43.5,0.0,0.0,0.0,1,44.5,45.5,3,42.0,44.5,44.5,43.5,2.0,880.0,97
2023-05-10 21:15:15,rb2401P3050,rb2401P3050,43.5,0.0,0.0,0.0,2,44.0,45.5,2,42.0,44.5,44.5,43.5,2.0,880.0,97
2023-05-10 21:15:16,rb2401P3050,rb2401P3050,43.5,0.0,0.0,0.0,1,44.0,45.5,1,42.0,44.5,44.5,43.5,2.0,880.0,97
2023-05-10 21:15:17,rb2401P3050,rb2401P3050,43.5,0.0,0.0,0.0,1,44.0,45.5,1,42.0,44.5,44.5,43.5,2.0,880.0,97
2023-05-10 21:15:21,rb2401P3050,rb2401P3050,43.5,0.0,0.0,0.0,1,43.0,46.5,1,42.0,44.5,44.5,43.5,2.0,880.0,97
2023-05-10 21:15:23,rb2401P3050,rb2401P3050,43.5,0.0,0.0,0.0,1,22.0,0.0,0,42.0,44.5,44.5,43.5,2.0,880.0,97
2023-05-10 21:15:24,rb2401P3050,rb2401P3050,43.5,0.0,0.0,0.0,4,22.5,0.0,0,42.0,44.5,44.5,43.5,2.0,880.0,97
2023-05-10 21:22:53,rb2401P3050,rb2401P3050,43.5,0.0,0.0,0.0,2,23.0,0.0,0,42.0,44.5,44.5,43.5,2.0,880.0,97
2023-05-10 21:22:54,rb2401P3050,rb2401P3050,43.5,0.0,0.0,0.0,2,23.0,0.0,0,42.0,44.5,44.5,43.5,2.0,880.0,97
2023-05-10 21:22:54,rb2401P3050,rb2401P3050,43.5,0.0,0.0,0.0,4,23.5,0.0,0,42.0,44.5,44.5,43.5,2.0,880.0,97
2023-05-10 21:22:55,rb2401P3050,rb2401P3050,43.5,0.0,0.0,0.0,2,24.0,0.0,0,42.0,44.5,44.5,43.5,2.0,880.0,97
2023-05-10 21:22:55,rb2401P3050,rb2401P3050,43.5,0.0,0.0,0.0,2,24.0,0.0,0,42.0,44.5,44.5,43.5,2.0,880.0,97
2023-05-10 21:22:56,rb2401P3050,rb2401P3050,43.5,0.0,0.0,0.0,4,24.5,0.0,0,42.0,44.5,44.5,43.5,2.0,880.0,97
2023-05-10 21:22:56,rb2401P3050,rb2401P3050,43.5,0.0,0.0,0.0,2,25.0,0.0,0,42.0,44.5,44.5,43.5,2.0,880.0,97
2023-05-10 21:22:57,rb2401P3050,rb2401P3050,43.5,0.0,0.0,0.0,2,25.0,0.0,0,42.0,44.5,44.5,43.5,2.0,880.0,97
2023-05-10 21:22:57,rb2401P3050,rb2401P3050,43.5,0.0,0.0,0.0,4,25.5,0.0,0,42.0,44.5,44.5,43.5,2.0,880.0,97
2023-05-10 21:22:58,rb2401P3050,rb2401P3050,43.5,0.0,0.0,0.0,4,25.5,0.0,0,42.0,44.5,44.5,43.5,2.0,880.0,97
2023-05-10 21:22:58,rb2401P3050,rb2401P3050,43.5,0.0,0.0,0.0,2,26.0,0.0,0,42.0,44.5,44.5,43.5,2.0,880.0,97
2023-05-10 21:22:59,rb2401P3050,rb2401P3050,43.5,0.0,0.0,0.0,2,26.0,0.0,0,42.0,44.5,44.5,43.5,2.0,880.0,97
2023-05-10 21:22:59,rb2401P3050,rb2401P3050,43.5,0.0,0.0,0.0,4,26.5,0.0,0,42.0,44.5,44.5,43.5,2.0,880.0,97
2023-05-10 21:23:00,rb2401P3050,rb2401P3050,43.5,0.0,0.0,0.0,4,26.5,0.0,0,42.0,44.5,44.5,43.5,2.0,880.0,97
2023-05-10 21:23:06,rb2401P3050,rb2401P3050,43.5,0.0,0.0,0.0,2,27.0,0.0,0,42.0,44.5,44.5,43.5,2.0,880.0,97
2023-05-10 21:23:06,rb2401P3050,rb2401P3050,43.5,0.0,0.0,0.0,2,27.0,0.0,0,42.0,44.5,44.5,43.5,2.0,880.0,97
2023-05-10 21:23:07,rb2401P3050,rb2401P3050,43.5,0.0,0.0,0.0,4,27.5,0.0,0,42.0,44.5,44.5,43.5,2.0,880.0,97
2023-05-10 21:23:07,rb2401P3050,rb2401P3050,43.5,0.0,0.0,0.0,2,28.0,0.0,0,42.0,44.5,44.5,43.5,2.0,880.0,97
2023-05-10 21:23:08,rb2401P3050,rb2401P3050,43.5,0.0,0.0,0.0,2,28.0,0.0,0,42.0,44.5,44.5,43.5,2.0,880.0,97
2023-05-10 21:23:08,rb2401P3050,rb2401P3050,43.5,0.0,0.0,0.0,4,28.5,0.0,0,42.0,44.5,44.5,43.5,2.0,880.0,97
2023-05-10 21:23:09,rb2401P3050,rb2401P3050,43.5,0.0,0.0,0.0,2,29.0,0.0,0,42.0,44.5,44.5,43.5,2.0,880.0,97
2023-05-10 21:23:09,rb2401P3050,rb2401P3050,43.5,0.0,0.0,0.0,2,29.0,0.0,0,42.0,44.5,44.5,43.5,2.0,880.0,97
2023-05-10 21:23:10,rb2401P3050,rb2401P3050,43.5,0.0,0.0,0.0,4,29.5,0.0,0,42.0,44.5,44.5,43.5,2.0,880.0,97
2023-05-10 21:23:10,rb2401P3050,rb2401P3050,43.5,0.0,0.0,0.0,2,30.0,0.0,0,42.0,44.5,44.5,43.5,2.0,880.0,97
2023-05-10 21:23:11,rb2401P3050,rb2401P3050,43.5,0.0,0.0,0.0,2,30.0,0.0,0,42.0,44.5,44.5,43.5,2.0,880.0,97
2023-05-10 21:23:11,rb2401P3050,rb2401P3050,43.5,0.0,0.0,0.0,4,30.5,0.0,0,42.0,44.5,44.5,43.5,2.0,880.0,97
2023-05-10 21:23:12,rb2401P3050,rb2401P3050,43.5,0.0,0.0,0.0,2,31.0,0.0,0,42.0,44.5,44.5,43.5,2.0,880.0,97
2023-05-10 21:23:12,rb2401P3050,rb2401P3050,43.5,0.0,0.0,0.0,2,31.0,0.0,0,42.0,44.5,44.5,43.5,2.0,880.0,97
2023-05-10 21:23:13,rb2401P3050,rb2401P3050,43.5,0.0,0.0,0.0,4,31.5,0.0,0,42.0,44.5,44.5,43.5,2.0,880.0,97
2023-05-10 21:23:13,rb2401P3050,rb2401P3050,43.5,0.0,0.0,0.0,4,31.5,0.0,0,42.0,44.5,44.5,43.5,2.0,880.0,97
2023-05-10 21:23:14,rb2401P3050,rb2401P3050,43.5,0.0,0.0,0.0,2,32.0,0.0,0,42.0,44.5,44.5,43.5,2.0,880.0,97
2023-05-10 21:23:14,rb2401P3050,rb2401P3050,43.5,0.0,0.0,0.0,2,32.0,0.0,0,42.0,44.5,44.5,43.5,2.0,880.0,97
2023-05-10 21:23:15,rb2401P3050,rb2401P3050,43.5,0.0,0.0,0.0,4,32.5,0.0,0,42.0,44.5,44.5,43.5,2.0,880.0,97
2023-05-10 21:23:15,rb2401P3050,rb2401P3050,43.5,0.0,0.0,0.0,4,32.5,0.0,0,42.0,44.5,44.5,43.5,2.0,880.0,97
2023-05-10 21:23:24,rb2401P3050,rb2401P3050,43.5,0.0,0.0,0.0,1,40.0,48.0,1,42.0,44.5,44.5,43.5,2.0,880.0,97
2023-05-10 21:23:25,rb2401P3050,rb2401P3050,43.5,0.0,0.0,0.0,1,40.0,48.0,1,42.0,44.5,44.5,43.5,2.0,880.0,97
2023-05-10 21:23:34,rb2401P3050,rb2401P3050,43.5,0.0,0.0,0.0,2,40.0,48.0,2,42.0,44.5,44.5,43.5,2.0,880.0,97
2023-05-10 21:23:35,rb2401P3050,rb2401P3050,43.5,0.0,0.0,0.0,1,43.0,45.5,1,42.0,44.5,44.5,43.5,2.0,880.0,97
2023-05-10 21:23:35,rb2401P3050,rb2401P3050,43.5,0.0,0.0,0.0,1,43.0,45.5,1,42.0,44.5,44.5,43.5,2.0,880.0,97
2023-05-10 21:23:36,rb2401P3050,rb2401P3050,43.5,0.0,0.0,0.0,1,44.5,45.5,1,42.0,44.5,44.5,43.5,2.0,880.0,97
2023-05-10 21:23:36,rb2401P3050,rb2401P3050,43.5,0.0,0.0,0.0,1,44.5,45.5,1,42.0,44.5,44.5,43.5,2.0,880.0,97
2023-05-10 21:23:37,rb2401P3050,rb2401P3050,43.5,0.0,0.0,0.0,1,44.5,45.5,1,42.0,44.5,44.5,43.5,2.0,880.0,97
2023-05-10 21:23:42,rb2401P3050,rb2401P3050,43.5,0.0,0.0,0.0,1,44.5,45.5,1,42.0,44.5,44.5,43.5,2.0,880.0,97
2023-05-10 21:23:43,rb2401P3050,rb2401P3050,43.5,0.0,0.0,0.0,1,44.5,45.5,1,42.0,44.5,44.5,43.5,2.0,880.0,97
2023-05-10 21:23:46,rb2401P3050,rb2401P3050,43.5,0.0,0.0,0.0,1,44.5,46.0,1,42.0,44.5,44.5,43.5,2.0,880.0,97
2023-05-10 21:23:46,rb2401P3050,rb2401P3050,43.5,0.0,0.0,0.0,1,44.5,46.0,1,42.0,44.5,44.5,43.5,2.0,880.0,97
2023-05-10 21:23:47,rb2401P3050,rb2401P3050,43.5,0.0,0.0,0.0,1,44.0,46.0,1,42.0,44.5,44.5,43.5,2.0,880.0,97
2023-05-10 21:23:47,rb2401P3050,rb2401P3050,43.5,0.0,0.0,0.0,1,44.0,46.0,1,42.0,44.5,44.5,43.5,2.0,880.0,97
2023-05-10 21:23:48,rb2401P3050,rb2401P3050,43.5,0.0,0.0,0.0,1,43.5,46.5,1,42.0,44.5,44.5,43.5,2.0,880.0,97
2023-05-10 21:23:48,rb2401P3050,rb2401P3050,43.5,0.0,0.0,0.0,1,43.5,46.5,1,42.0,44.5,44.5,43.5,2.0,880.0,97
2023-05-10 21:23:52,rb2401P3050,rb2401P3050,43.5,0.0,0.0,0.0,1,43.0,47.0,1,42.0,44.5,44.5,43.5,2.0,880.0,97
2023-05-10 21:23:55,rb2401P3050,rb2401P3050,43.5,0.0,0.0,0.0,1,22.0,0.0,0,42.0,44.5,44.5,43.5,2.0,880.0,97
2023-05-10 21:23:55,rb2401P3050,rb2401P3050,43.5,0.0,0.0,0.0,4,22.5,0.0,0,42.0,44.5,44.5,43.5,2.0,880.0,97
2023-05-10 21:49:13,rb2401P3050,rb2401P3050,43.5,0.0,0.0,0.0,1,22.0,0.0,0,42.0,44.5,44.5,43.5,2.0,880.0,97
2023-05-10 21:49:33,rb2401P3050,rb2401P3050,43.5,0.0,0.0,0.0,2,22.5,0.0,0,42.0,44.5,44.5,43.5,2.0,880.0,97
2023-05-10 21:50:03,rb2401P3050,rb2401P3050,43.5,0.0,0.0,0.0,1,22.0,0.0,0,42.0,44.5,44.5,43.5,2.0,880.0,97
2023-05-10 21:51:52,rb2401P3050,rb2401P3050,43.5,0.0,0.0,0.0,4,22.5,0.0,0,42.0,44.5,44.5,43.5,2.0,880.0,97
2023-05-10 22:09:09,rb2401P3050,rb2401P3050,43.5,0.0,0.0,0.0,2,23.0,0.0,0,42.0,44.5,44.5,43.5,2.0,880.0,97
2023-05-10 22:09:09,rb2401P3050,rb2401P3050,43.5,0.0,0.0,0.0,2,23.0,0.0,0,42.0,44.5,44.5,43.5,2.0,880.0,97
2023-05-10 22:09:10,rb2401P3050,rb2401P3050,43.5,0.0,0.0,0.0,4,23.5,0.0,0,42.0,44.5,44.5,43.5,2.0,880.0,97
2023-05-10 22:09:10,rb2401P3050,rb2401P3050,43.5,0.0,0.0,0.0,2,24.0,0.0,0,42.0,44.5,44.5,43.5,2.0,880.0,97
2023-05-10 22:09:11,rb2401P3050,rb2401P3050,43.5,0.0,0.0,0.0,2,24.0,0.0,0,42.0,44.5,44.5,43.5,2.0,880.0,97
2023-05-10 22:09:11,rb2401P3050,rb2401P3050,43.5,0.0,0.0,0.0,4,24.5,0.0,0,42.0,44.5,44.5,43.5,2.0,880.0,97
2023-05-10 22:09:12,rb2401P3050,rb2401P3050,43.5,0.0,0.0,0.0,2,25.0,0.0,0,42.0,44.5,44.5,43.5,2.0,880.0,97
2023-05-10 22:09:12,rb2401P3050,rb2401P3050,43.5,0.0,0.0,0.0,2,25.0,0.0,0,42.0,44.5,44.5,43.5,2.0,880.0,97
2023-05-10 22:09:13,rb2401P3050,rb2401P3050,43.5,0.0,0.0,0.0,4,25.5,0.0,0,42.0,44.5,44.5,43.5,2.0,880.0,97
2023-05-10 22:09:13,rb2401P3050,rb2401P3050,43.5,0.0,0.0,0.0,2,26.0,0.0,0,42.0,44.5,44.5,43.5,2.0,880.0,97
2023-05-10 22:09:14,rb2401P3050,rb2401P3050,43.5,0.0,0.0,0.0,2,26.0,0.0,0,42.0,44.5,44.5,43.5,2.0,880.0,97
2023-05-10 22:09:14,rb2401P3050,rb2401P3050,43.5,0.0,0.0,0.0,4,26.5,0.0,0,42.0,44.5,44.5,43.5,2.0,880.0,97
2023-05-10 22:09:15,rb2401P3050,rb2401P3050,43.5,0.0,0.0,0.0,2,27.0,0.0,0,42.0,44.5,44.5,43.5,2.0,880.0,97
2023-05-10 22:09:15,rb2401P3050,rb2401P3050,43.5,0.0,0.0,0.0,2,27.0,0.0,0,42.0,44.5,44.5,43.5,2.0,880.0,97
2023-05-10 22:09:16,rb2401P3050,rb2401P3050,43.5,0.0,0.0,0.0,4,27.5,0.0,0,42.0,44.5,44.5,43.5,2.0,880.0,97
2023-05-10 22:09:16,rb2401P3050,rb2401P3050,43.5,0.0,0.0,0.0,4,27.5,0.0,0,42.0,44.5,44.5,43.5,2.0,880.0,97
2023-05-10 22:09:19,rb2401P3050,rb2401P3050,43.5,0.0,0.0,0.0,2,28.0,0.0,0,42.0,44.5,44.5,43.5,2.0,880.0,97
2023-05-10 22:09:19,rb2401P3050,rb2401P3050,43.5,0.0,0.0,0.0,2,28.0,0.0,0,42.0,44.5,44.5,43.5,2.0,880.0,97
2023-05-10 22:09:20,rb2401P3050,rb2401P3050,43.5,0.0,0.0,0.0,4,28.5,0.0,0,42.0,44.5,44.5,43.5,2.0,880.0,97
2023-05-10 22:09:20,rb2401P3050,rb2401P3050,43.5,0.0,0.0,0.0,2,29.0,0.0,0,42.0,44.5,44.5,43.5,2.0,880.0,97
2023-05-10 22:09:21,rb2401P3050,rb2401P3050,43.5,0.0,0.0,0.0,2,29.0,0.0,0,42.0,44.5,44.5,43.5,2.0,880.0,97
2023-05-10 22:09:21,rb2401P3050,rb2401P3050,43.5,0.0,0.0,0.0,4,29.5,0.0,0,42.0,44.5,44.5,43.5,2.0,880.0,97
2023-05-10 22:09:22,rb2401P3050,rb2401P3050,43.5,0.0,0.0,0.0,2,30.0,0.0,0,42.0,44.5,44.5,43.5,2.0,880.0,97
2023-05-10 22:09:22,rb2401P3050,rb2401P3050,43.5,0.0,0.0,0.0,2,30.0,0.0,0,42.0,44.5,44.5,43.5,2.0,880.0,97
2023-05-10 22:09:23,rb2401P3050,rb2401P3050,43.5,0.0,0.0,0.0,4,30.5,0.0,0,42.0,44.5,44.5,43.5,2.0,880.0,97
2023-05-10 22:09:23,rb2401P3050,rb2401P3050,43.5,0.0,0.0,0.0,2,31.0,0.0,0,42.0,44.5,44.5,43.5,2.0,880.0,97
2023-05-10 22:09:24,rb2401P3050,rb2401P3050,43.5,0.0,0.0,0.0,2,31.0,0.0,0,42.0,44.5,44.5,43.5,2.0,880.0,97
2023-05-10 22:09:24,rb2401P3050,rb2401P3050,43.5,0.0,0.0,0.0,4,31.5,0.0,0,42.0,44.5,44.5,43.5,2.0,880.0,97
2023-05-10 22:09:25,rb2401P3050,rb2401P3050,43.5,0.0,0.0,0.0,2,32.0,0.0,0,42.0,44.5,44.5,43.5,2.0,880.0,97
2023-05-10 22:09:25,rb2401P3050,rb2401P3050,43.5,0.0,0.0,0.0,2,32.0,0.0,0,42.0,44.5,44.5,43.5,2.0,880.0,97
2023-05-10 22:09:26,rb2401P3050,rb2401P3050,43.5,0.0,0.0,0.0,4,32.5,0.0,0,42.0,44.5,44.5,43.5,2.0,880.0,97
2023-05-10 22:09:27,rb2401P3050,rb2401P3050,43.5,0.0,0.0,0.0,1,41.5,49.5,1,42.0,44.5,44.5,43.5,2.0,880.0,97
2023-05-10 22:09:27,rb2401P3050,rb2401P3050,43.5,0.0,0.0,0.0,1,41.5,49.5,1,42.0,44.5,44.5,43.5,2.0,880.0,97
2023-05-10 22:09:28,rb2401P3050,rb2401P3050,43.5,0.0,0.0,0.0,2,41.5,49.5,2,42.0,44.5,44.5,43.5,2.0,880.0,97
2023-05-10 22:09:37,rb2401P3050,rb2401P3050,43.5,0.0,0.0,0.0,3,41.5,49.5,3,42.0,44.5,44.5,43.5,2.0,880.0,97
2023-05-10 22:09:37,rb2401P3050,rb2401P3050,43.5,0.0,0.0,0.0,1,44.0,47.0,1,42.0,44.5,44.5,43.5,2.0,880.0,97
2023-05-10 22:09:38,rb2401P3050,rb2401P3050,43.5,0.0,0.0,0.0,1,44.0,47.0,1,42.0,44.5,44.5,43.5,2.0,880.0,97
2023-05-10 22:09:39,rb2401P3050,rb2401P3050,43.5,0.0,0.0,0.0,1,46.0,47.0,1,42.0,44.5,44.5,43.5,2.0,880.0,97
2023-05-10 22:09:39,rb2401P3050,rb2401P3050,43.5,0.0,0.0,0.0,1,46.0,47.0,1,42.0,44.5,44.5,43.5,2.0,880.0,97
2023-05-10 22:09:40,rb2401P3050,rb2401P3050,43.5,0.0,0.0,0.0,1,46.0,47.0,1,42.0,44.5,44.5,43.5,2.0,880.0,97
2023-05-10 22:09:43,rb2401P3050,rb2401P3050,43.5,0.0,0.0,0.0,1,46.0,47.0,1,42.0,44.5,44.5,43.5,2.0,880.0,97
2023-05-10 22:09:44,rb2401P3050,rb2401P3050,43.5,0.0,0.0,0.0,1,46.0,47.0,1,42.0,44.5,44.5,43.5,2.0,880.0,97
2023-05-10 22:09:45,rb2401P3050,rb2401P3050,43.5,0.0,0.0,0.0,1,46.0,47.0,1,42.0,44.5,44.5,43.5,2.0,880.0,97
2023-05-10 22:09:48,rb2401P3050,rb2401P3050,43.5,0.0,0.0,0.0,1,46.0,47.5,3,42.0,44.5,44.5,43.5,2.0,880.0,97
2023-05-10 22:09:49,rb2401P3050,rb2401P3050,43.5,0.0,0.0,0.0,1,46.0,47.5,3,42.0,44.5,44.5,43.5,2.0,880.0,97
2023-05-10 22:09:50,rb2401P3050,rb2401P3050,43.5,0.0,0.0,0.0,1,45.5,47.5,2,42.0,44.5,44.5,43.5,2.0,880.0,97
2023-05-10 22:09:51,rb2401P3050,rb2401P3050,43.5,0.0,0.0,0.0,1,45.0,47.5,1,42.0,44.5,44.5,43.5,2.0,880.0,97
2023-05-10 22:09:54,rb2401P3050,rb2401P3050,43.5,0.0,0.0,0.0,1,44.5,48.5,1,42.0,44.5,44.5,43.5,2.0,880.0,97
2023-05-10 22:09:57,rb2401P3050,rb2401P3050,43.5,0.0,0.0,0.0,1,22.0,0.0,0,42.0,44.5,44.5,43.5,2.0,880.0,97
2023-05-10 22:09:57,rb2401P3050,rb2401P3050,43.5,0.0,0.0,0.0,4,22.5,0.0,0,42.0,44.5,44.5,43.5,2.0,880.0,97
2023-05-10 22:28:01,rb2401P3050,rb2401P3050,43.5,0.0,0.0,0.0,4,22.5,0.0,0,42.0,44.5,44.5,43.5,2.0,880.0,97
2023-05-10 22:28:02,rb2401P3050,rb2401P3050,43.5,0.0,0.0,0.0,4,22.5,0.0,0,42.0,44.5,44.5,43.5,2.0,880.0,97
2023-05-10 22:33:59,rb2401P3050,rb2401P3050,43.5,0.0,0.0,0.0,2,23.0,0.0,0,42.0,44.5,44.5,43.5,2.0,880.0,97
2023-05-10 22:33:59,rb2401P3050,rb2401P3050,43.5,0.0,0.0,0.0,2,23.0,0.0,0,42.0,44.5,44.5,43.5,2.0,880.0,97
2023-05-10 22:34:00,rb2401P3050,rb2401P3050,43.5,0.0,0.0,0.0,4,23.5,0.0,0,42.0,44.5,44.5,43.5,2.0,880.0,97
2023-05-10 22:34:00,rb2401P3050,rb2401P3050,43.5,0.0,0.0,0.0,2,24.0,0.0,0,42.0,44.5,44.5,43.5,2.0,880.0,97
2023-05-10 22:34:01,rb2401P3050,rb2401P3050,43.5,0.0,0.0,0.0,2,24.0,0.0,0,42.0,44.5,44.5,43.5,2.0,880.0,97
2023-05-10 22:34:01,rb2401P3050,rb2401P3050,43.5,0.0,0.0,0.0,4,24.5,0.0,0,42.0,44.5,44.5,43.5,2.0,880.0,97
2023-05-10 22:34:02,rb2401P3050,rb2401P3050,43.5,0.0,0.0,0.0,4,24.5,0.0,0,42.0,44.5,44.5,43.5,2.0,880.0,97
2023-05-10 22:34:10,rb2401P3050,rb2401P3050,43.5,0.0,0.0,0.0,2,25.0,0.0,0,42.0,44.5,44.5,43.5,2.0,880.0,97
2023-05-10 22:34:10,rb2401P3050,rb2401P3050,43.5,0.0,0.0,0.0,2,25.0,0.0,0,42.0,44.5,44.5,43.5,2.0,880.0,97
2023-05-10 22:34:11,rb2401P3050,rb2401P3050,43.5,0.0,0.0,0.0,4,25.5,0.0,0,42.0,44.5,44.5,43.5,2.0,880.0,97
2023-05-10 22:34:11,rb2401P3050,rb2401P3050,43.5,0.0,0.0,0.0,2,26.0,0.0,0,42.0,44.5,44.5,43.5,2.0,880.0,97
2023-05-10 22:34:12,rb2401P3050,rb2401P3050,43.5,0.0,0.0,0.0,2,26.0,0.0,0,42.0,44.5,44.5,43.5,2.0,880.0,97
2023-05-10 22:34:12,rb2401P3050,rb2401P3050,43.5,0.0,0.0,0.0,4,26.5,0.0,0,42.0,44.5,44.5,43.5,2.0,880.0,97
2023-05-10 22:34:13,rb2401P3050,rb2401P3050,43.5,0.0,0.0,0.0,2,27.0,0.0,0,42.0,44.5,44.5,43.5,2.0,880.0,97
2023-05-10 22:34:13,rb2401P3050,rb2401P3050,43.5,0.0,0.0,0.0,2,27.0,0.0,0,42.0,44.5,44.5,43.5,2.0,880.0,97
2023-05-10 22:34:14,rb2401P3050,rb2401P3050,43.5,0.0,0.0,0.0,4,27.5,0.0,0,42.0,44.5,44.5,43.5,2.0,880.0,97
2023-05-10 22:34:14,rb2401P3050,rb2401P3050,43.5,0.0,0.0,0.0,4,27.5,0.0,0,42.0,44.5,44.5,43.5,2.0,880.0,97
2023-05-10 22:34:18,rb2401P3050,rb2401P3050,43.5,0.0,0.0,0.0,2,28.0,0.0,0,42.0,44.5,44.5,43.5,2.0,880.0,97
2023-05-10 22:34:18,rb2401P3050,rb2401P3050,43.5,0.0,0.0,0.0,2,28.0,0.0,0,42.0,44.5,44.5,43.5,2.0,880.0,97
2023-05-10 22:34:19,rb2401P3050,rb2401P3050,43.5,0.0,0.0,0.0,4,28.5,0.0,0,42.0,44.5,44.5,43.5,2.0,880.0,97
2023-05-10 22:34:19,rb2401P3050,rb2401P3050,43.5,0.0,0.0,0.0,2,29.0,0.0,0,42.0,44.5,44.5,43.5,2.0,880.0,97
2023-05-10 22:34:20,rb2401P3050,rb2401P3050,43.5,0.0,0.0,0.0,2,29.0,0.0,0,42.0,44.5,44.5,43.5,2.0,880.0,97
2023-05-10 22:34:20,rb2401P3050,rb2401P3050,43.5,0.0,0.0,0.0,4,29.5,0.0,0,42.0,44.5,44.5,43.5,2.0,880.0,97
2023-05-10 22:34:21,rb2401P3050,rb2401P3050,43.5,0.0,0.0,0.0,4,29.5,0.0,0,42.0,44.5,44.5,43.5,2.0,880.0,97
2023-05-10 22:48:11,rb2401P3050,rb2401P3050,43.5,0.0,0.0,0.0,4,29.5,0.0,0,42.0,44.5,44.5,43.5,2.0,880.0,97
2023-05-10 22:50:16,rb2401P3050,rb2401P3050,43.5,0.0,0.0,0.0,4,29.5,0.0,0,42.0,44.5,44.5,43.5,2.0,880.0,97
2023-05-10 22:52:32,rb2401P3050,rb2401P3050,43.5,0.0,0.0,0.0,4,29.5,0.0,0,42.0,44.5,44.5,43.5,2.0,880.0,97
2023-05-10 22:57:03,rb2401P3050,rb2401P3050,43.5,0.0,0.0,0.0,1,22.0,0.0,0,42.0,44.5,44.5,43.5,2.0,880.0,97
2023-05-10 22:57:42,rb2401P3050,rb2401P3050,43.5,0.0,0.0,0.0,1,3.5,0.0,0,42.0,44.5,44.5,43.5,2.0,880.0,97
2023-05-10 22:58:46,rb2401P3050,rb2401P3050,43.5,0.0,0.0,0.0,1,3.5,0.0,0,42.0,44.5,44.5,43.5,2.0,880.0,97
2023-05-11 09:00:54,rb2401P3050,rb2401P3050,43.5,0.0,0.0,0.0,4,4.0,0.0,0,42.0,44.5,44.5,43.5,2.0,880.0,97
2023-05-11 09:01:36,rb2401P3050,rb2401P3050,43.5,0.0,0.0,0.0,2,4.5,0.0,0,42.0,44.5,44.5,43.5,2.0,880.0,97
2023-05-11 09:01:36,rb2401P3050,rb2401P3050,43.5,0.0,0.0,0.0,2,4.5,0.0,0,42.0,44.5,44.5,43.5,2.0,880.0,97
2023-05-11 09:01:37,rb2401P3050,rb2401P3050,43.5,0.0,0.0,0.0,4,5.0,0.0,0,42.0,44.5,44.5,43.5,2.0,880.0,97
2023-05-11 09:02:31,rb2401P3050,rb2401P3050,43.5,0.0,0.0,0.0,1,5.5,0.0,0,42.0,44.5,44.5,43.5,2.0,880.0,97
2023-05-11 09:02:32,rb2401P3050,rb2401P3050,43.5,0.0,0.0,0.0,1,5.5,0.0,0,42.0,44.5,44.5,43.5,2.0,880.0,97
2023-05-11 09:02:32,rb2401P3050,rb2401P3050,43.5,0.0,0.0,0.0,4,6.0,0.0,0,42.0,44.5,44.5,43.5,2.0,880.0,97
2023-05-11 09:03:53,rb2401P3050,rb2401P3050,43.5,0.0,0.0,0.0,2,14.0,0.0,0,42.0,44.5,44.5,43.5,2.0,880.0,97
2023-05-11 09:03:54,rb2401P3050,rb2401P3050,43.5,0.0,0.0,0.0,2,14.0,0.0,0,42.0,44.5,44.5,43.5,2.0,880.0,97
2023-05-11 09:03:54,rb2401P3050,rb2401P3050,43.5,0.0,0.0,0.0,4,14.5,0.0,0,42.0,44.5,44.5,43.5,2.0,880.0,97
2023-05-11 09:04:09,rb2401P3050,rb2401P3050,43.5,0.0,0.0,0.0,1,46.0,54.0,1,42.0,44.5,44.5,43.5,2.0,880.0,97
2023-05-11 09:04:09,rb2401P3050,rb2401P3050,43.5,0.0,0.0,0.0,1,46.0,54.0,1,42.0,44.5,44.5,43.5,2.0,880.0,97
2023-05-11 09:04:10,rb2401P3050,rb2401P3050,43.5,0.0,0.0,0.0,2,46.0,54.0,2,42.0,44.5,44.5,43.5,2.0,880.0,97
2023-05-11 09:04:19,rb2401P3050,rb2401P3050,43.5,0.0,0.0,0.0,3,46.0,54.0,3,42.0,44.5,44.5,43.5,2.0,880.0,97
2023-05-11 09:04:19,rb2401P3050,rb2401P3050,43.5,0.0,0.0,0.0,1,51.5,54.0,4,42.0,44.5,44.5,43.5,2.0,880.0,97
2023-05-11 09:04:20,rb2401P3050,rb2401P3050,43.5,0.0,0.0,0.0,1,51.5,54.0,3,42.0,44.5,44.5,43.5,2.0,880.0,97
2023-05-11 09:04:20,rb2401P3050,rb2401P3050,43.5,0.0,0.0,0.0,1,51.5,54.0,3,42.0,44.5,44.5,43.5,2.0,880.0,97
2023-05-11 09:04:21,rb2401P3050,rb2401P3050,43.5,0.0,0.0,0.0,1,51.5,54.0,2,42.0,44.5,44.5,43.5,2.0,880.0,97
2023-05-11 09:04:22,rb2401P3050,rb2401P3050,43.5,0.0,0.0,0.0,1,51.5,54.0,2,42.0,44.5,44.5,43.5,2.0,880.0,97
2023-05-11 09:04:25,rb2401P3050,rb2401P3050,43.5,0.0,0.0,0.0,1,51.5,54.0,1,42.0,44.5,44.5,43.5,2.0,880.0,97
2023-05-11 09:04:26,rb2401P3050,rb2401P3050,43.5,0.0,0.0,0.0,1,51.5,54.0,1,42.0,44.5,44.5,43.5,2.0,880.0,97
2023-05-11 09:04:27,rb2401P3050,rb2401P3050,43.5,0.0,0.0,0.0,1,51.5,54.0,1,42.0,44.5,44.5,43.5,2.0,880.0,97
2023-05-11 09:04:30,rb2401P3050,rb2401P3050,43.5,0.0,0.0,0.0,4,51.0,54.5,4,42.0,44.5,44.5,43.5,2.0,880.0,97
2023-05-11 09:04:32,rb2401P3050,rb2401P3050,43.5,0.0,0.0,0.0,3,51.0,54.5,3,42.0,44.5,44.5,43.5,2.0,880.0,97
2023-05-11 09:04:33,rb2401P3050,rb2401P3050,43.5,0.0,0.0,0.0,2,51.0,54.5,2,42.0,44.5,44.5,43.5,2.0,880.0,97
2023-05-11 09:04:36,rb2401P3050,rb2401P3050,43.5,0.0,0.0,0.0,1,51.0,54.5,1,42.0,44.5,44.5,43.5,2.0,880.0,97
2023-05-11 09:04:39,rb2401P3050,rb2401P3050,43.5,0.0,0.0,0.0,1,5.5,0.0,0,42.0,44.5,44.5,43.5,2.0,880.0,97
2023-05-11 09:04:40,rb2401P3050,rb2401P3050,43.5,0.0,0.0,0.0,4,6.0,0.0,0,42.0,44.5,44.5,43.5,2.0,880.0,97
2023-05-11 09:32:41,rb2401P3050,rb2401P3050,43.5,0.0,0.0,0.0,4,6.0,0.0,0,42.0,44.5,44.5,43.5,2.0,880.0,97
2023-05-11 09:34:09,rb2401P3050,rb2401P3050,43.5,0.0,0.0,0.0,4,6.0,0.0,0,42.0,44.5,44.5,43.5,2.0,880.0,97
2023-05-11 09:36:39,rb2401P3050,rb2401P3050,43.5,0.0,0.0,0.0,4,6.0,400.0,1,42.0,44.5,44.5,43.5,2.0,880.0,97
2023-05-11 09:36:39,rb2401P3050,rb2401P3050,43.5,0.0,0.0,0.0,4,6.0,399.5,4,42.0,44.5,44.5,43.5,2.0,880.0,97
2023-05-11 09:37:03,rb2401P3050,rb2401P3050,43.5,0.0,0.0,0.0,4,6.0,399.5,4,42.0,44.5,44.5,43.5,2.0,880.0,97
2023-05-11 09:37:27,rb2401P3050,rb2401P3050,43.5,0.0,0.0,0.0,4,6.0,399.0,1,42.0,44.5,44.5,43.5,2.0,880.0,97
2023-05-11 09:37:28,rb2401P3050,rb2401P3050,43.5,0.0,0.0,0.0,4,6.0,399.0,1,42.0,44.5,44.5,43.5,2.0,880.0,97
2023-05-11 09:37:28,rb2401P3050,rb2401P3050,43.5,0.0,0.0,0.0,4,6.0,398.5,4,42.0,44.5,44.5,43.5,2.0,880.0,97
2023-05-11 09:37:42,rb2401P3050,rb2401P3050,43.5,0.0,0.0,0.0,4,6.0,398.5,4,42.0,44.5,44.5,43.5,2.0,880.0,97
2023-05-11 09:37:58,rb2401P3050,rb2401P3050,43.5,0.0,0.0,0.0,4,6.0,397.0,1,42.0,44.5,44.5,43.5,2.0,880.0,97
2023-05-11 09:37:59,rb2401P3050,rb2401P3050,43.5,0.0,0.0,0.0,4,6.0,397.0,1,42.0,44.5,44.5,43.5,2.0,880.0,97
2023-05-11 09:37:59,rb2401P3050,rb2401P3050,43.5,0.0,0.0,0.0,4,6.0,396.5,4,42.0,44.5,44.5,43.5,2.0,880.0,97
2023-05-11 09:38:10,rb2401P3050,rb2401P3050,43.5,0.0,0.0,0.0,4,6.0,396.5,4,42.0,44.5,44.5,43.5,2.0,880.0,97
2023-05-11 09:38:28,rb2401P3050,rb2401P3050,43.5,0.0,0.0,0.0,4,6.0,396.5,4,42.0,44.5,44.5,43.5,2.0,880.0,97
2023-05-11 09:38:40,rb2401P3050,rb2401P3050,43.5,0.0,0.0,0.0,4,6.0,396.5,4,42.0,44.5,44.5,43.5,2.0,880.0,97
2023-05-11 09:41:33,rb2401P3050,rb2401P3050,43.5,0.0,0.0,0.0,4,6.0,396.5,4,42.0,44.5,44.5,43.5,2.0,880.0,97
2023-05-11 10:03:33,rb2401P3050,rb2401P3050,43.5,0.0,0.0,0.0,1,6.5,396.0,1,42.0,44.5,44.5,43.5,2.0,880.0,97
2023-05-11 10:03:34,rb2401P3050,rb2401P3050,43.5,0.0,0.0,0.0,1,6.5,396.0,1,42.0,44.5,44.5,43.5,2.0,880.0,97
2023-05-11 10:03:34,rb2401P3050,rb2401P3050,43.5,0.0,0.0,0.0,4,7.0,395.5,4,42.0,44.5,44.5,43.5,2.0,880.0,97
2023-05-11 10:05:37,rb2401P3050,rb2401P3050,43.5,0.0,0.0,0.0,4,7.0,395.5,4,42.0,44.5,44.5,43.5,2.0,880.0,97
2023-05-11 10:14:33,rb2401P3050,rb2401P3050,43.5,0.0,0.0,0.0,1,6.5,396.0,1,42.0,44.5,44.5,43.5,2.0,880.0,97
2023-05-11 10:35:38,rb2401P3050,rb2401P3050,43.5,0.0,0.0,0.0,4,7.0,395.5,4,42.0,44.5,44.5,43.5,2.0,880.0,97
2023-05-11 10:39:42,rb2401P3050,rb2401P3050,43.5,0.0,0.0,0.0,1,7.5,395.0,1,42.0,44.5,44.5,43.5,2.0,880.0,97
2023-05-11 10:39:42,rb2401P3050,rb2401P3050,43.5,0.0,0.0,0.0,1,7.5,395.0,1,42.0,44.5,44.5,43.5,2.0,880.0,97
2023-05-11 10:39:43,rb2401P3050,rb2401P3050,43.5,0.0,0.0,0.0,4,8.0,394.5,4,42.0,44.5,44.5,43.5,2.0,880.0,97
2023-05-11 10:43:30,rb2401P3050,rb2401P3050,43.5,0.0,0.0,0.0,4,8.0,394.5,4,42.0,44.5,44.5,43.5,2.0,880.0,97
2023-05-11 10:43:31,rb2401P3050,rb2401P3050,43.5,0.0,0.0,0.0,4,8.0,394.5,4,42.0,44.5,44.5,43.5,2.0,880.0,97
2023-05-11 10:49:18,rb2401P3050,rb2401P3050,43.5,0.0,0.0,0.0,1,49.5,57.5,1,42.0,44.5,44.5,43.5,2.0,880.0,97
2023-05-11 10:49:18,rb2401P3050,rb2401P3050,43.5,0.0,0.0,0.0,1,49.5,57.5,1,42.0,44.5,44.5,43.5,2.0,880.0,97
2023-05-11 10:49:19,rb2401P3050,rb2401P3050,43.5,0.0,0.0,0.0,2,49.5,57.5,2,42.0,44.5,44.5,43.5,2.0,880.0,97
2023-05-11 10:49:23,rb2401P3050,rb2401P3050,43.5,0.0,0.0,0.0,1,55.0,57.5,3,42.0,44.5,44.5,43.5,2.0,880.0,97
2023-05-11 10:49:24,rb2401P3050,rb2401P3050,43.5,0.0,0.0,0.0,1,55.0,57.5,3,42.0,44.5,44.5,43.5,2.0,880.0,97
2023-05-11 10:49:28,rb2401P3050,rb2401P3050,43.5,0.0,0.0,0.0,1,55.0,57.5,3,42.0,44.5,44.5,43.5,2.0,880.0,97
2023-05-11 10:49:29,rb2401P3050,rb2401P3050,55.0,1.0,550.0,1.0,1,54.0,57.5,3,42.0,44.5,55.0,43.5,3.0,1430.0,98
2023-05-11 10:49:30,rb2401P3050,rb2401P3050,55.0,0.0,0.0,0.0,1,54.0,57.5,4,42.0,44.5,55.0,43.5,3.0,1430.0,98
2023-05-11 10:49:31,rb2401P3050,rb2401P3050,55.0,0.0,0.0,0.0,1,54.0,57.5,4,42.0,44.5,55.0,43.5,3.0,1430.0,98
2023-05-11 10:49:34,rb2401P3050,rb2401P3050,55.0,0.0,0.0,0.0,1,54.0,57.5,3,42.0,44.5,55.0,43.5,3.0,1430.0,98
2023-05-11 10:49:34,rb2401P3050,rb2401P3050,55.0,0.0,0.0,0.0,1,54.0,57.5,2,42.0,44.5,55.0,43.5,3.0,1430.0,98
2023-05-11 10:49:35,rb2401P3050,rb2401P3050,55.0,0.0,0.0,0.0,1,54.0,57.5,2,42.0,44.5,55.0,43.5,3.0,1430.0,98
2023-05-11 10:49:36,rb2401P3050,rb2401P3050,55.0,0.0,0.0,0.0,2,54.0,57.5,3,42.0,44.5,55.0,43.5,3.0,1430.0,98
2023-05-11 10:49:36,rb2401P3050,rb2401P3050,55.0,0.0,0.0,0.0,2,54.0,57.5,3,42.0,44.5,55.0,43.5,3.0,1430.0,98
2023-05-11 10:49:37,rb2401P3050,rb2401P3050,55.0,0.0,0.0,0.0,2,54.0,57.5,3,42.0,44.5,55.0,43.5,3.0,1430.0,98
2023-05-11 10:49:39,rb2401P3050,rb2401P3050,55.0,0.0,0.0,0.0,1,54.0,57.5,3,42.0,44.5,55.0,43.5,3.0,1430.0,98
2023-05-11 10:49:41,rb2401P3050,rb2401P3050,55.0,0.0,0.0,0.0,1,54.0,57.5,2,42.0,44.5,55.0,43.5,3.0,1430.0,98
2023-05-11 10:49:42,rb2401P3050,rb2401P3050,55.0,0.0,0.0,0.0,1,54.0,57.5,1,42.0,44.5,55.0,43.5,3.0,1430.0,98
2023-05-11 10:49:45,rb2401P3050,rb2401P3050,55.0,0.0,0.0,0.0,1,54.0,57.5,1,42.0,44.5,55.0,43.5,3.0,1430.0,98
2023-05-11 10:49:48,rb2401P3050,rb2401P3050,55.0,0.0,0.0,0.0,1,7.5,395.0,1,42.0,44.5,55.0,43.5,3.0,1430.0,98
2023-05-11 10:49:48,rb2401P3050,rb2401P3050,55.0,0.0,0.0,0.0,4,8.0,394.5,4,42.0,44.5,55.0,43.5,3.0,1430.0,98
2023-05-11 11:14:09,rb2401P3050,rb2401P3050,55.0,0.0,0.0,0.0,1,8.5,394.0,1,42.0,44.5,55.0,43.5,3.0,1430.0,98
2023-05-11 11:14:09,rb2401P3050,rb2401P3050,55.0,0.0,0.0,0.0,1,8.5,394.0,1,42.0,44.5,55.0,43.5,3.0,1430.0,98
2023-05-11 11:14:10,rb2401P3050,rb2401P3050,55.0,0.0,0.0,0.0,4,9.0,393.5,4,42.0,44.5,55.0,43.5,3.0,1430.0,98
2023-05-11 11:14:40,rb2401P3050,rb2401P3050,55.0,0.0,0.0,0.0,4,9.0,393.5,4,42.0,44.5,55.0,43.5,3.0,1430.0,98
2023-05-11 11:14:41,rb2401P3050,rb2401P3050,55.0,0.0,0.0,0.0,4,9.0,393.5,4,42.0,44.5,55.0,43.5,3.0,1430.0,98
2023-05-11 11:29:34,rb2401P3050,rb2401P3050,55.0,0.0,0.0,0.0,1,8.5,394.0,1,42.0,44.5,55.0,43.5,3.0,1430.0,98
2023-05-11 11:29:49,rb2401P3050,rb2401P3050,55.0,0.0,0.0,0.0,2,3.5,394.0,1,42.0,44.5,55.0,43.5,3.0,1430.0,98
2023-05-11 13:30:10,rb2401P3050,rb2401P3050,55.0,0.0,0.0,0.0,4,4.0,393.5,4,42.0,44.5,55.0,43.5,3.0,1430.0,98
2023-05-11 13:31:33,rb2401P3050,rb2401P3050,55.0,0.0,0.0,0.0,2,4.5,393.5,4,42.0,44.5,55.0,43.5,3.0,1430.0,98
2023-05-11 13:31:33,rb2401P3050,rb2401P3050,55.0,0.0,0.0,0.0,2,4.5,393.5,4,42.0,44.5,55.0,43.5,3.0,1430.0,98
2023-05-11 13:31:34,rb2401P3050,rb2401P3050,55.0,0.0,0.0,0.0,4,5.0,393.5,4,42.0,44.5,55.0,43.5,3.0,1430.0,98
2023-05-11 13:32:05,rb2401P3050,rb2401P3050,55.0,0.0,0.0,0.0,4,5.0,393.5,4,42.0,44.5,55.0,43.5,3.0,1430.0,98
2023-05-11 13:42:55,rb2401P3050,rb2401P3050,55.0,0.0,0.0,0.0,24,5.0,393.5,4,42.0,44.5,55.0,43.5,3.0,1430.0,98
2023-05-11 13:57:33,rb2401P3050,rb2401P3050,55.0,0.0,0.0,0.0,1,5.5,393.0,1,42.0,44.5,55.0,43.5,3.0,1430.0,98
2023-05-11 13:57:33,rb2401P3050,rb2401P3050,55.0,0.0,0.0,0.0,1,5.5,393.0,1,42.0,44.5,55.0,43.5,3.0,1430.0,98
2023-05-11 13:57:34,rb2401P3050,rb2401P3050,55.0,0.0,0.0,0.0,4,6.0,392.5,4,42.0,44.5,55.0,43.5,3.0,1430.0,98
2023-05-11 13:58:00,rb2401P3050,rb2401P3050,55.0,0.0,0.0,0.0,4,6.0,392.5,4,42.0,44.5,55.0,43.5,3.0,1430.0,98
2023-05-11 14:12:03,rb2401P3050,rb2401P3050,55.0,0.0,0.0,0.0,2,14.0,392.5,4,42.0,44.5,55.0,43.5,3.0,1430.0,98
2023-05-11 14:12:04,rb2401P3050,rb2401P3050,55.0,0.0,0.0,0.0,2,14.0,392.5,4,42.0,44.5,55.0,43.5,3.0,1430.0,98
2023-05-11 14:12:04,rb2401P3050,rb2401P3050,55.0,0.0,0.0,0.0,4,14.5,392.5,4,42.0,44.5,55.0,43.5,3.0,1430.0,98
2023-05-11 14:12:05,rb2401P3050,rb2401P3050,55.0,0.0,0.0,0.0,2,22.5,392.5,4,42.0,44.5,55.0,43.5,3.0,1430.0,98
2023-05-11 14:12:06,rb2401P3050,rb2401P3050,55.0,0.0,0.0,0.0,2,22.5,392.5,4,42.0,44.5,55.0,43.5,3.0,1430.0,98
2023-05-11 14:12:06,rb2401P3050,rb2401P3050,55.0,0.0,0.0,0.0,4,23.0,392.5,4,42.0,44.5,55.0,43.5,3.0,1430.0,98
2023-05-11 14:12:07,rb2401P3050,rb2401P3050,55.0,0.0,0.0,0.0,2,27.0,392.5,4,42.0,44.5,55.0,43.5,3.0,1430.0,98
2023-05-11 14:12:07,rb2401P3050,rb2401P3050,55.0,0.0,0.0,0.0,2,27.0,392.5,4,42.0,44.5,55.0,43.5,3.0,1430.0,98
2023-05-11 14:12:08,rb2401P3050,rb2401P3050,55.0,0.0,0.0,0.0,4,27.5,392.5,4,42.0,44.5,55.0,43.5,3.0,1430.0,98
2023-05-11 14:12:08,rb2401P3050,rb2401P3050,55.0,0.0,0.0,0.0,2,28.0,392.5,4,42.0,44.5,55.0,43.5,3.0,1430.0,98
2023-05-11 14:12:09,rb2401P3050,rb2401P3050,55.0,0.0,0.0,0.0,2,28.0,392.5,4,42.0,44.5,55.0,43.5,3.0,1430.0,98
2023-05-11 14:12:09,rb2401P3050,rb2401P3050,55.0,0.0,0.0,0.0,4,28.5,392.5,4,42.0,44.5,55.0,43.5,3.0,1430.0,98
2023-05-11 14:12:10,rb2401P3050,rb2401P3050,55.0,0.0,0.0,0.0,2,29.0,392.5,4,42.0,44.5,55.0,43.5,3.0,1430.0,98
2023-05-11 14:12:10,rb2401P3050,rb2401P3050,55.0,0.0,0.0,0.0,2,29.0,392.5,4,42.0,44.5,55.0,43.5,3.0,1430.0,98
2023-05-11 14:12:11,rb2401P3050,rb2401P3050,55.0,0.0,0.0,0.0,4,29.5,392.5,4,42.0,44.5,55.0,43.5,3.0,1430.0,98
2023-05-11 14:12:11,rb2401P3050,rb2401P3050,55.0,0.0,0.0,0.0,4,29.5,392.5,4,42.0,44.5,55.0,43.5,3.0,1430.0,98
2023-05-11 14:12:12,rb2401P3050,rb2401P3050,55.0,0.0,0.0,0.0,2,30.0,392.5,4,42.0,44.5,55.0,43.5,3.0,1430.0,98
2023-05-11 14:12:12,rb2401P3050,rb2401P3050,55.0,0.0,0.0,0.0,2,30.0,392.5,4,42.0,44.5,55.0,43.5,3.0,1430.0,98
2023-05-11 14:12:13,rb2401P3050,rb2401P3050,55.0,0.0,0.0,0.0,4,30.5,392.5,4,42.0,44.5,55.0,43.5,3.0,1430.0,98
2023-05-11 14:12:13,rb2401P3050,rb2401P3050,55.0,0.0,0.0,0.0,2,31.0,392.5,4,42.0,44.5,55.0,43.5,3.0,1430.0,98
2023-05-11 14:12:14,rb2401P3050,rb2401P3050,55.0,0.0,0.0,0.0,2,31.0,392.5,4,42.0,44.5,55.0,43.5,3.0,1430.0,98
2023-05-11 14:12:14,rb2401P3050,rb2401P3050,55.0,0.0,0.0,0.0,4,31.5,392.5,4,42.0,44.5,55.0,43.5,3.0,1430.0,98
2023-05-11 14:12:15,rb2401P3050,rb2401P3050,55.0,0.0,0.0,0.0,2,32.0,392.5,4,42.0,44.5,55.0,43.5,3.0,1430.0,98
2023-05-11 14:12:15,rb2401P3050,rb2401P3050,55.0,0.0,0.0,0.0,2,32.0,392.5,4,42.0,44.5,55.0,43.5,3.0,1430.0,98
2023-05-11 14:12:16,rb2401P3050,rb2401P3050,55.0,0.0,0.0,0.0,4,32.5,392.5,4,42.0,44.5,55.0,43.5,3.0,1430.0,98
2023-05-11 14:12:16,rb2401P3050,rb2401P3050,55.0,0.0,0.0,0.0,2,33.0,392.5,4,42.0,44.5,55.0,43.5,3.0,1430.0,98
2023-05-11 14:12:17,rb2401P3050,rb2401P3050,55.0,0.0,0.0,0.0,2,33.0,392.5,4,42.0,44.5,55.0,43.5,3.0,1430.0,98
2023-05-11 14:12:17,rb2401P3050,rb2401P3050,55.0,0.0,0.0,0.0,4,33.5,392.5,4,42.0,44.5,55.0,43.5,3.0,1430.0,98
2023-05-11 14:12:18,rb2401P3050,rb2401P3050,55.0,0.0,0.0,0.0,4,33.5,392.5,4,42.0,44.5,55.0,43.5,3.0,1430.0,98
2023-05-11 14:12:34,rb2401P3050,rb2401P3050,55.0,0.0,0.0,0.0,2,34.0,392.5,4,42.0,44.5,55.0,43.5,3.0,1430.0,98
2023-05-11 14:12:35,rb2401P3050,rb2401P3050,55.0,0.0,0.0,0.0,2,34.0,392.5,4,42.0,44.5,55.0,43.5,3.0,1430.0,98
2023-05-11 14:12:35,rb2401P3050,rb2401P3050,55.0,0.0,0.0,0.0,4,34.5,392.5,4,42.0,44.5,55.0,43.5,3.0,1430.0,98
2023-05-11 14:12:36,rb2401P3050,rb2401P3050,55.0,0.0,0.0,0.0,4,34.5,392.5,4,42.0,44.5,55.0,43.5,3.0,1430.0,98
2023-05-11 14:12:37,rb2401P3050,rb2401P3050,55.0,0.0,0.0,0.0,2,35.0,392.5,4,42.0,44.5,55.0,43.5,3.0,1430.0,98
2023-05-11 14:12:37,rb2401P3050,rb2401P3050,55.0,0.0,0.0,0.0,2,35.0,392.5,4,42.0,44.5,55.0,43.5,3.0,1430.0,98
2023-05-11 14:12:38,rb2401P3050,rb2401P3050,55.0,0.0,0.0,0.0,4,35.5,392.5,4,42.0,44.5,55.0,43.5,3.0,1430.0,98
2023-05-11 14:12:38,rb2401P3050,rb2401P3050,55.0,0.0,0.0,0.0,2,36.0,392.5,4,42.0,44.5,55.0,43.5,3.0,1430.0,98
2023-05-11 14:12:39,rb2401P3050,rb2401P3050,55.0,0.0,0.0,0.0,2,36.0,392.5,4,42.0,44.5,55.0,43.5,3.0,1430.0,98
2023-05-11 14:12:39,rb2401P3050,rb2401P3050,55.0,0.0,0.0,0.0,4,36.5,392.5,4,42.0,44.5,55.0,43.5,3.0,1430.0,98
2023-05-11 14:12:40,rb2401P3050,rb2401P3050,55.0,0.0,0.0,0.0,2,37.0,392.5,4,42.0,44.5,55.0,43.5,3.0,1430.0,98
2023-05-11 14:12:40,rb2401P3050,rb2401P3050,55.0,0.0,0.0,0.0,2,37.0,392.5,4,42.0,44.5,55.0,43.5,3.0,1430.0,98
2023-05-11 14:12:41,rb2401P3050,rb2401P3050,55.0,0.0,0.0,0.0,4,37.5,392.5,4,42.0,44.5,55.0,43.5,3.0,1430.0,98
2023-05-11 14:12:41,rb2401P3050,rb2401P3050,55.0,0.0,0.0,0.0,2,38.0,392.5,4,42.0,44.5,55.0,43.5,3.0,1430.0,98
2023-05-11 14:12:42,rb2401P3050,rb2401P3050,55.0,0.0,0.0,0.0,2,38.0,392.5,4,42.0,44.5,55.0,43.5,3.0,1430.0,98
2023-05-11 14:12:42,rb2401P3050,rb2401P3050,55.0,0.0,0.0,0.0,4,38.5,392.5,4,42.0,44.5,55.0,43.5,3.0,1430.0,98
2023-05-11 14:12:43,rb2401P3050,rb2401P3050,55.0,0.0,0.0,0.0,2,39.0,392.5,4,42.0,44.5,55.0,43.5,3.0,1430.0,98
2023-05-11 14:12:43,rb2401P3050,rb2401P3050,55.0,0.0,0.0,0.0,2,39.0,392.5,4,42.0,44.5,55.0,43.5,3.0,1430.0,98
2023-05-11 14:12:44,rb2401P3050,rb2401P3050,55.0,0.0,0.0,0.0,4,39.5,392.5,4,42.0,44.5,55.0,43.5,3.0,1430.0,98
2023-05-11 14:12:44,rb2401P3050,rb2401P3050,55.0,0.0,0.0,0.0,2,40.0,392.5,4,42.0,44.5,55.0,43.5,3.0,1430.0,98
2023-05-11 14:12:45,rb2401P3050,rb2401P3050,55.0,0.0,0.0,0.0,2,40.0,392.5,4,42.0,44.5,55.0,43.5,3.0,1430.0,98
2023-05-11 14:12:45,rb2401P3050,rb2401P3050,55.0,0.0,0.0,0.0,4,40.5,392.5,4,42.0,44.5,55.0,43.5,3.0,1430.0,98
2023-05-11 14:12:46,rb2401P3050,rb2401P3050,55.0,0.0,0.0,0.0,2,41.0,392.5,4,42.0,44.5,55.0,43.5,3.0,1430.0,98
2023-05-11 14:12:46,rb2401P3050,rb2401P3050,55.0,0.0,0.0,0.0,2,41.0,392.5,4,42.0,44.5,55.0,43.5,3.0,1430.0,98
2023-05-11 14:12:47,rb2401P3050,rb2401P3050,55.0,0.0,0.0,0.0,6,41.0,392.5,4,42.0,44.5,55.0,43.5,3.0,1430.0,98
2023-05-11 14:12:55,rb2401P3050,rb2401P3050,55.0,0.0,0.0,0.0,4,41.0,392.5,4,42.0,44.5,55.0,43.5,3.0,1430.0,98
2023-05-11 14:13:40,rb2401P3050,rb2401P3050,55.0,0.0,0.0,0.0,1,5.5,392.5,4,42.0,44.5,55.0,43.5,3.0,1430.0,98
2023-05-11 14:13:41,rb2401P3050,rb2401P3050,55.0,0.0,0.0,0.0,4,6.0,392.5,4,42.0,44.5,55.0,43.5,3.0,1430.0,98
2023-05-11 14:15:23,rb2401P3050,rb2401P3050,55.0,0.0,0.0,0.0,2,14.0,392.5,4,42.0,44.5,55.0,43.5,3.0,1430.0,98
2023-05-11 14:15:24,rb2401P3050,rb2401P3050,55.0,0.0,0.0,0.0,2,14.0,392.5,4,42.0,44.5,55.0,43.5,3.0,1430.0,98
2023-05-11 14:15:24,rb2401P3050,rb2401P3050,55.0,0.0,0.0,0.0,4,14.5,392.5,4,42.0,44.5,55.0,43.5,3.0,1430.0,98
2023-05-11 14:15:26,rb2401P3050,rb2401P3050,55.0,0.0,0.0,0.0,2,22.5,392.5,4,42.0,44.5,55.0,43.5,3.0,1430.0,98
2023-05-11 14:15:27,rb2401P3050,rb2401P3050,55.0,0.0,0.0,0.0,2,22.5,392.5,4,42.0,44.5,55.0,43.5,3.0,1430.0,98
2023-05-11 14:15:27,rb2401P3050,rb2401P3050,55.0,0.0,0.0,0.0,4,23.0,392.5,4,42.0,44.5,55.0,43.5,3.0,1430.0,98
2023-05-11 14:15:28,rb2401P3050,rb2401P3050,55.0,0.0,0.0,0.0,1,48.0,51.0,1,42.0,44.5,55.0,43.5,3.0,1430.0,98
2023-05-11 14:15:28,rb2401P3050,rb2401P3050,55.0,0.0,0.0,0.0,1,48.0,51.0,1,42.0,44.5,55.0,43.5,3.0,1430.0,98
2023-05-11 14:15:29,rb2401P3050,rb2401P3050,55.0,0.0,0.0,0.0,1,48.0,51.0,1,42.0,44.5,55.0,43.5,3.0,1430.0,98
2023-05-11 14:15:30,rb2401P3050,rb2401P3050,55.0,0.0,0.0,0.0,1,50.5,51.0,1,42.0,44.5,55.0,43.5,3.0,1430.0,98
2023-05-11 14:15:30,rb2401P3050,rb2401P3050,55.0,0.0,0.0,0.0,1,50.5,51.0,1,42.0,44.5,55.0,43.5,3.0,1430.0,98
2023-05-11 14:15:31,rb2401P3050,rb2401P3050,55.0,0.0,0.0,0.0,2,50.5,51.0,1,42.0,44.5,55.0,43.5,3.0,1430.0,98
2023-05-11 14:15:34,rb2401P3050,rb2401P3050,55.0,0.0,0.0,0.0,2,50.5,51.0,1,42.0,44.5,55.0,43.5,3.0,1430.0,98
2023-05-11 14:15:35,rb2401P3050,rb2401P3050,55.0,0.0,0.0,0.0,2,50.5,51.0,1,42.0,44.5,55.0,43.5,3.0,1430.0,98
2023-05-11 14:15:39,rb2401P3050,rb2401P3050,55.0,0.0,0.0,0.0,2,50.5,51.5,4,42.0,44.5,55.0,43.5,3.0,1430.0,98
2023-05-11 14:15:39,rb2401P3050,rb2401P3050,55.0,0.0,0.0,0.0,1,50.5,51.5,3,42.0,44.5,55.0,43.5,3.0,1430.0,98
2023-05-11 14:15:40,rb2401P3050,rb2401P3050,55.0,0.0,0.0,0.0,1,50.5,51.5,3,42.0,44.5,55.0,43.5,3.0,1430.0,98
2023-05-11 14:15:40,rb2401P3050,rb2401P3050,55.0,0.0,0.0,0.0,1,50.5,51.5,2,42.0,44.5,55.0,43.5,3.0,1430.0,98
2023-05-11 14:15:41,rb2401P3050,rb2401P3050,55.0,0.0,0.0,0.0,2,50.0,51.5,2,42.0,44.5,55.0,43.5,3.0,1430.0,98
2023-05-11 14:15:41,rb2401P3050,rb2401P3050,55.0,0.0,0.0,0.0,1,50.0,51.5,1,42.0,44.5,55.0,43.5,3.0,1430.0,98
2023-05-11 14:15:45,rb2401P3050,rb2401P3050,55.0,0.0,0.0,0.0,1,49.0,52.5,1,42.0,44.5,55.0,43.5,3.0,1430.0,98
2023-05-11 14:15:47,rb2401P3050,rb2401P3050,55.0,0.0,0.0,0.0,1,5.5,393.0,1,42.0,44.5,55.0,43.5,3.0,1430.0,98
2023-05-11 14:15:48,rb2401P3050,rb2401P3050,55.0,0.0,0.0,0.0,4,6.0,392.5,4,42.0,44.5,55.0,43.5,3.0,1430.0,98
2023-05-11 14:31:43,rb2401P3050,rb2401P3050,55.0,0.0,0.0,0.0,1,6.5,392.0,1,42.0,44.5,55.0,43.5,3.0,1430.0,98
2023-05-11 14:31:44,rb2401P3050,rb2401P3050,55.0,0.0,0.0,0.0,1,6.5,392.0,1,42.0,44.5,55.0,43.5,3.0,1430.0,98
2023-05-11 14:31:44,rb2401P3050,rb2401P3050,55.0,0.0,0.0,0.0,4,7.0,391.5,4,42.0,44.5,55.0,43.5,3.0,1430.0,98
2023-05-11 14:32:33,rb2401P3050,rb2401P3050,55.0,0.0,0.0,0.0,4,7.0,391.5,4,42.0,44.5,55.0,43.5,3.0,1430.0,98
2023-05-11 14:32:34,rb2401P3050,rb2401P3050,55.0,0.0,0.0,0.0,4,7.0,391.5,4,42.0,44.5,55.0,43.5,3.0,1430.0,98
2023-05-11 14:48:28,rb2401P3050,rb2401P3050,55.0,0.0,0.0,0.0,4,7.0,391.5,4,42.0,44.5,55.0,43.5,3.0,1430.0,98
2023-05-11 14:48:57,rb2401P3050,rb2401P3050,55.0,0.0,0.0,0.0,4,7.0,391.5,4,42.0,44.5,55.0,43.5,3.0,1430.0,98
2023-05-11 14:59:03,rb2401P3050,rb2401P3050,55.0,0.0,0.0,0.0,1,6.5,392.0,1,42.0,44.5,55.0,43.5,3.0,1430.0,98
2023-05-11 15:18:18,rb2401P3050,rb2401P3050,55.0,0.0,0.0,0.0,1,6.5,392.0,1,42.0,44.5,55.0,43.5,3.0,1430.0,98
