time,symbol_id,symbol_name,last,trade_volume,trade_amount,open_interest_change,bv1,bp1,ap1,av1,yesterday_close,today_open,today_high,today_low,volume,amount,open_interest
2023-05-10 08:59:00,SF2312,SF312,7276.0,0.0,0.0,0.0,5,7064.0,7500.0,5,7276.0,0.0,0.0,0.0,0.0,0.0,238
2023-05-10 09:00:00,SF2312,SF312,7276.0,0.0,0.0,0.0,1,7066.0,7498.0,1,7276.0,0.0,0.0,0.0,0.0,0.0,238
2023-05-10 09:00:01,SF2312,SF312,7276.0,0.0,0.0,0.0,5,7068.0,7498.0,1,7276.0,0.0,0.0,0.0,0.0,0.0,238
2023-05-10 09:00:01,SF2312,SF312,7276.0,0.0,0.0,0.0,1,7238.0,7320.0,1,7276.0,0.0,0.0,0.0,0.0,0.0,238
2023-05-10 09:00:02,SF2312,SF312,7276.0,0.0,0.0,0.0,1,7238.0,7320.0,2,7276.0,0.0,0.0,0.0,0.0,0.0,238
2023-05-10 09:00:02,SF2312,SF312,7276.0,0.0,0.0,0.0,1,7238.0,7320.0,1,7276.0,0.0,0.0,0.0,0.0,0.0,238
2023-05-10 09:00:04,SF2312,SF312,7276.0,0.0,0.0,0.0,1,7238.0,7318.0,1,7276.0,0.0,0.0,0.0,0.0,0.0,238
2023-05-10 09:00:04,SF2312,SF312,7276.0,0.0,0.0,0.0,1,7240.0,7320.0,1,7276.0,0.0,0.0,0.0,0.0,0.0,238
2023-05-10 09:00:06,SF2312,SF312,7276.0,0.0,0.0,0.0,1,7240.0,7318.0,1,7276.0,0.0,0.0,0.0,0.0,0.0,238
2023-05-10 09:00:06,SF2312,SF312,7276.0,0.0,0.0,0.0,1,7242.0,7318.0,1,7276.0,0.0,0.0,0.0,0.0,0.0,238
2023-05-10 09:00:08,SF2312,SF312,7276.0,0.0,0.0,0.0,1,7242.0,7320.0,1,7276.0,0.0,0.0,0.0,0.0,0.0,238
2023-05-10 09:00:08,SF2312,SF312,7276.0,0.0,0.0,0.0,1,7244.0,7320.0,2,7276.0,0.0,0.0,0.0,0.0,0.0,238
2023-05-10 09:00:09,SF2312,SF312,7276.0,0.0,0.0,0.0,1,7246.0,7318.0,1,7276.0,0.0,0.0,0.0,0.0,0.0,238
2023-05-10 09:00:10,SF2312,SF312,7276.0,0.0,0.0,0.0,1,7246.0,7316.0,1,7276.0,0.0,0.0,0.0,0.0,0.0,238
2023-05-10 09:00:10,SF2312,SF312,7276.0,0.0,0.0,0.0,1,7248.0,7314.0,1,7276.0,0.0,0.0,0.0,0.0,0.0,238
2023-05-10 09:00:11,SF2312,SF312,7276.0,0.0,0.0,0.0,1,7248.0,7310.0,1,7276.0,0.0,0.0,0.0,0.0,0.0,238
2023-05-10 09:00:11,SF2312,SF312,7276.0,0.0,0.0,0.0,1,7248.0,7308.0,1,7276.0,0.0,0.0,0.0,0.0,0.0,238
2023-05-10 09:00:12,SF2312,SF312,7276.0,0.0,0.0,0.0,1,7248.0,7308.0,2,7276.0,0.0,0.0,0.0,0.0,0.0,238
2023-05-10 09:00:12,SF2312,SF312,7276.0,0.0,0.0,0.0,1,7248.0,7308.0,3,7276.0,0.0,0.0,0.0,0.0,0.0,238
2023-05-10 09:00:13,SF2312,SF312,7276.0,0.0,0.0,0.0,1,7244.0,7308.0,3,7276.0,0.0,0.0,0.0,0.0,0.0,238
2023-05-10 09:00:13,SF2312,SF312,7276.0,0.0,0.0,0.0,3,7244.0,7308.0,3,7276.0,0.0,0.0,0.0,0.0,0.0,238
2023-05-10 09:00:13,SF2312,SF312,7276.0,0.0,0.0,0.0,3,7244.0,7308.0,1,7276.0,0.0,0.0,0.0,0.0,0.0,238
2023-05-10 09:00:14,SF2312,SF312,7276.0,0.0,0.0,0.0,3,7244.0,7306.0,2,7276.0,0.0,0.0,0.0,0.0,0.0,238
2023-05-10 09:00:15,SF2312,SF312,7276.0,0.0,0.0,0.0,1,7244.0,7306.0,2,7276.0,0.0,0.0,0.0,0.0,0.0,238
2023-05-10 09:00:16,SF2312,SF312,7276.0,0.0,0.0,0.0,2,7246.0,7306.0,2,7276.0,0.0,0.0,0.0,0.0,0.0,238
2023-05-10 09:00:32,SF2312,SF312,7276.0,0.0,0.0,0.0,1,7248.0,7306.0,2,7276.0,0.0,0.0,0.0,0.0,0.0,238
2023-05-10 09:00:33,SF2312,SF312,7276.0,0.0,0.0,0.0,2,7248.0,7306.0,2,7276.0,0.0,0.0,0.0,0.0,0.0,238
2023-05-10 09:00:34,SF2312,SF312,7276.0,0.0,0.0,0.0,1,7248.0,7306.0,2,7276.0,0.0,0.0,0.0,0.0,0.0,238
2023-05-10 09:00:35,SF2312,SF312,7276.0,0.0,0.0,0.0,2,7248.0,7306.0,2,7276.0,0.0,0.0,0.0,0.0,0.0,238
2023-05-10 09:00:35,SF2312,SF312,7276.0,0.0,0.0,0.0,3,7248.0,7306.0,2,7276.0,0.0,0.0,0.0,0.0,0.0,238
2023-05-10 09:00:37,SF2312,SF312,7276.0,0.0,0.0,0.0,2,7248.0,7306.0,2,7276.0,0.0,0.0,0.0,0.0,0.0,238
2023-05-10 09:00:37,SF2312,SF312,7276.0,0.0,0.0,0.0,3,7248.0,7306.0,2,7276.0,0.0,0.0,0.0,0.0,0.0,238
2023-05-10 09:00:38,SF2312,SF312,7276.0,0.0,0.0,0.0,2,7248.0,7306.0,2,7276.0,0.0,0.0,0.0,0.0,0.0,238
2023-05-10 09:00:38,SF2312,SF312,7276.0,0.0,0.0,0.0,3,7248.0,7306.0,2,7276.0,0.0,0.0,0.0,0.0,0.0,238
2023-05-10 09:00:39,SF2312,SF312,7276.0,0.0,0.0,0.0,2,7248.0,7306.0,2,7276.0,0.0,0.0,0.0,0.0,0.0,238
2023-05-10 09:00:40,SF2312,SF312,7276.0,0.0,0.0,0.0,1,7248.0,7306.0,2,7276.0,0.0,0.0,0.0,0.0,0.0,238
2023-05-10 09:00:43,SF2312,SF312,7276.0,0.0,0.0,0.0,1,7248.0,7306.0,5,7276.0,0.0,0.0,0.0,0.0,0.0,238
2023-05-10 09:00:45,SF2312,SF312,7276.0,0.0,0.0,0.0,1,7248.0,7304.0,1,7276.0,0.0,0.0,0.0,0.0,0.0,238
2023-05-10 09:00:46,SF2312,SF312,7276.0,0.0,0.0,0.0,1,7248.0,7304.0,3,7276.0,0.0,0.0,0.0,0.0,0.0,238
2023-05-10 09:00:48,SF2312,SF312,7276.0,0.0,0.0,0.0,1,7248.0,7304.0,4,7276.0,0.0,0.0,0.0,0.0,0.0,238
2023-05-10 09:00:48,SF2312,SF312,7276.0,0.0,0.0,0.0,1,7248.0,7302.0,2,7276.0,0.0,0.0,0.0,0.0,0.0,238
2023-05-10 09:00:49,SF2312,SF312,7276.0,0.0,0.0,0.0,1,7238.0,7302.0,1,7276.0,0.0,0.0,0.0,0.0,0.0,238
2023-05-10 09:00:49,SF2312,SF312,7276.0,0.0,0.0,0.0,2,7238.0,7300.0,2,7276.0,0.0,0.0,0.0,0.0,0.0,238
2023-05-10 09:00:50,SF2312,SF312,7276.0,0.0,0.0,0.0,2,7240.0,7300.0,3,7276.0,0.0,0.0,0.0,0.0,0.0,238
2023-05-10 09:00:52,SF2312,SF312,7276.0,0.0,0.0,0.0,2,7240.0,7300.0,1,7276.0,0.0,0.0,0.0,0.0,0.0,238
2023-05-10 09:00:52,SF2312,SF312,7276.0,0.0,0.0,0.0,1,7242.0,7306.0,2,7276.0,0.0,0.0,0.0,0.0,0.0,238
2023-05-10 09:00:53,SF2312,SF312,7276.0,0.0,0.0,0.0,1,7244.0,7306.0,2,7276.0,0.0,0.0,0.0,0.0,0.0,238
2023-05-10 09:00:54,SF2312,SF312,7276.0,0.0,0.0,0.0,2,7244.0,7306.0,2,7276.0,0.0,0.0,0.0,0.0,0.0,238
2023-05-10 09:00:56,SF2312,SF312,7276.0,0.0,0.0,0.0,3,7244.0,7306.0,4,7276.0,0.0,0.0,0.0,0.0,0.0,238
2023-05-10 09:00:57,SF2312,SF312,7276.0,0.0,0.0,0.0,1,7244.0,7306.0,5,7276.0,0.0,0.0,0.0,0.0,0.0,238
2023-05-10 09:00:58,SF2312,SF312,7276.0,0.0,0.0,0.0,1,7244.0,7306.0,3,7276.0,0.0,0.0,0.0,0.0,0.0,238
2023-05-10 09:00:58,SF2312,SF312,7276.0,0.0,0.0,0.0,2,7244.0,7304.0,2,7276.0,0.0,0.0,0.0,0.0,0.0,238
2023-05-10 09:00:59,SF2312,SF312,7276.0,0.0,0.0,0.0,3,7244.0,7304.0,3,7276.0,0.0,0.0,0.0,0.0,0.0,238
2023-05-10 09:00:59,SF2312,SF312,7276.0,0.0,0.0,0.0,3,7244.0,7304.0,4,7276.0,0.0,0.0,0.0,0.0,0.0,238
2023-05-10 09:01:00,SF2312,SF312,7276.0,0.0,0.0,0.0,3,7244.0,7304.0,3,7276.0,0.0,0.0,0.0,0.0,0.0,238
2023-05-10 09:01:00,SF2312,SF312,7276.0,0.0,0.0,0.0,3,7244.0,7302.0,1,7276.0,0.0,0.0,0.0,0.0,0.0,238
2023-05-10 09:01:01,SF2312,SF312,7276.0,0.0,0.0,0.0,1,7244.0,7302.0,1,7276.0,0.0,0.0,0.0,0.0,0.0,238
2023-05-10 09:01:02,SF2312,SF312,7276.0,0.0,0.0,0.0,1,7244.0,7300.0,2,7276.0,0.0,0.0,0.0,0.0,0.0,238
2023-05-10 09:01:03,SF2312,SF312,7276.0,0.0,0.0,0.0,2,7246.0,7300.0,2,7276.0,0.0,0.0,0.0,0.0,0.0,238
2023-05-10 09:01:04,SF2312,SF312,7276.0,0.0,0.0,0.0,2,7246.0,7306.0,2,7276.0,0.0,0.0,0.0,0.0,0.0,238
2023-05-10 09:01:04,SF2312,SF312,7276.0,0.0,0.0,0.0,2,7246.0,7304.0,3,7276.0,0.0,0.0,0.0,0.0,0.0,238
2023-05-10 09:01:05,SF2312,SF312,7276.0,0.0,0.0,0.0,2,7240.0,7304.0,3,7276.0,0.0,0.0,0.0,0.0,0.0,238
2023-05-10 09:01:06,SF2312,SF312,7276.0,0.0,0.0,0.0,2,7242.0,7298.0,1,7276.0,0.0,0.0,0.0,0.0,0.0,238
2023-05-10 09:01:06,SF2312,SF312,7276.0,0.0,0.0,0.0,2,7242.0,7298.0,2,7276.0,0.0,0.0,0.0,0.0,0.0,238
2023-05-10 09:01:07,SF2312,SF312,7276.0,0.0,0.0,0.0,2,7242.0,7298.0,1,7276.0,0.0,0.0,0.0,0.0,0.0,238
2023-05-10 09:01:09,SF2312,SF312,7276.0,0.0,0.0,0.0,2,7242.0,7306.0,2,7276.0,0.0,0.0,0.0,0.0,0.0,238
2023-05-10 09:01:09,SF2312,SF312,7276.0,0.0,0.0,0.0,3,7242.0,7306.0,4,7276.0,0.0,0.0,0.0,0.0,0.0,238
2023-05-10 09:01:10,SF2312,SF312,7276.0,0.0,0.0,0.0,3,7242.0,7306.0,5,7276.0,0.0,0.0,0.0,0.0,0.0,238
2023-05-10 09:01:14,SF2312,SF312,7276.0,0.0,0.0,0.0,3,7242.0,7298.0,1,7276.0,0.0,0.0,0.0,0.0,0.0,238
2023-05-10 09:01:17,SF2312,SF312,7276.0,0.0,0.0,0.0,1,7260.0,7298.0,1,7276.0,0.0,0.0,0.0,0.0,0.0,238
2023-05-10 09:01:17,SF2312,SF312,7276.0,0.0,0.0,0.0,1,7260.0,7306.0,2,7276.0,0.0,0.0,0.0,0.0,0.0,238
2023-05-10 09:01:17,SF2312,SF312,7276.0,0.0,0.0,0.0,1,7260.0,7306.0,3,7276.0,0.0,0.0,0.0,0.0,0.0,238
2023-05-10 09:01:18,SF2312,SF312,7276.0,0.0,0.0,0.0,1,7260.0,7300.0,1,7276.0,0.0,0.0,0.0,0.0,0.0,238
2023-05-10 09:01:19,SF2312,SF312,7276.0,0.0,0.0,0.0,1,7260.0,7298.0,1,7276.0,0.0,0.0,0.0,0.0,0.0,238
2023-05-10 09:01:20,SF2312,SF312,7276.0,0.0,0.0,0.0,1,7260.0,7300.0,1,7276.0,0.0,0.0,0.0,0.0,0.0,238
2023-05-10 09:01:21,SF2312,SF312,7276.0,0.0,0.0,0.0,1,7260.0,7298.0,1,7276.0,0.0,0.0,0.0,0.0,0.0,238
2023-05-10 09:01:25,SF2312,SF312,7276.0,0.0,0.0,0.0,1,7260.0,7296.0,1,7276.0,0.0,0.0,0.0,0.0,0.0,238
2023-05-10 09:01:27,SF2312,SF312,7276.0,0.0,0.0,0.0,1,7260.0,7298.0,2,7276.0,0.0,0.0,0.0,0.0,0.0,238
2023-05-10 09:01:28,SF2312,SF312,7276.0,0.0,0.0,0.0,1,7260.0,7298.0,1,7276.0,0.0,0.0,0.0,0.0,0.0,238
2023-05-10 09:01:30,SF2312,SF312,7276.0,0.0,0.0,0.0,1,7260.0,7298.0,2,7276.0,0.0,0.0,0.0,0.0,0.0,238
2023-05-10 09:01:31,SF2312,SF312,7276.0,0.0,0.0,0.0,1,7260.0,7298.0,1,7276.0,0.0,0.0,0.0,0.0,0.0,238
2023-05-10 09:01:32,SF2312,SF312,7276.0,0.0,0.0,0.0,1,7260.0,7298.0,2,7276.0,0.0,0.0,0.0,0.0,0.0,238
2023-05-10 09:01:33,SF2312,SF312,7276.0,0.0,0.0,0.0,1,7260.0,7298.0,1,7276.0,0.0,0.0,0.0,0.0,0.0,238
2023-05-10 09:01:35,SF2312,SF312,7276.0,0.0,0.0,0.0,1,7260.0,7300.0,1,7276.0,0.0,0.0,0.0,0.0,0.0,238
2023-05-10 09:01:37,SF2312,SF312,7276.0,0.0,0.0,0.0,1,7260.0,7302.0,1,7276.0,0.0,0.0,0.0,0.0,0.0,238
2023-05-10 09:01:37,SF2312,SF312,7276.0,0.0,0.0,0.0,1,7260.0,7298.0,1,7276.0,0.0,0.0,0.0,0.0,0.0,238
2023-05-10 09:01:38,SF2312,SF312,7276.0,0.0,0.0,0.0,1,7260.0,7300.0,1,7276.0,0.0,0.0,0.0,0.0,0.0,238
2023-05-10 09:01:39,SF2312,SF312,7276.0,0.0,0.0,0.0,1,7260.0,7298.0,1,7276.0,0.0,0.0,0.0,0.0,0.0,238
2023-05-10 09:01:39,SF2312,SF312,7276.0,0.0,0.0,0.0,1,7260.0,7300.0,1,7276.0,0.0,0.0,0.0,0.0,0.0,238
2023-05-10 09:01:40,SF2312,SF312,7276.0,0.0,0.0,0.0,1,7260.0,7298.0,1,7276.0,0.0,0.0,0.0,0.0,0.0,238
2023-05-10 09:01:41,SF2312,SF312,7276.0,0.0,0.0,0.0,1,7260.0,7294.0,1,7276.0,0.0,0.0,0.0,0.0,0.0,238
2023-05-10 09:01:42,SF2312,SF312,7276.0,0.0,0.0,0.0,1,7260.0,7292.0,1,7276.0,0.0,0.0,0.0,0.0,0.0,238
2023-05-10 09:01:42,SF2312,SF312,7276.0,0.0,0.0,0.0,1,7260.0,7294.0,1,7276.0,0.0,0.0,0.0,0.0,0.0,238
2023-05-10 09:01:43,SF2312,SF312,7276.0,0.0,0.0,0.0,1,7260.0,7294.0,2,7276.0,0.0,0.0,0.0,0.0,0.0,238
2023-05-10 09:01:45,SF2312,SF312,7276.0,0.0,0.0,0.0,1,7260.0,7294.0,1,7276.0,0.0,0.0,0.0,0.0,0.0,238
2023-05-10 09:01:46,SF2312,SF312,7276.0,0.0,0.0,0.0,1,7260.0,7296.0,1,7276.0,0.0,0.0,0.0,0.0,0.0,238
2023-05-10 09:01:48,SF2312,SF312,7276.0,0.0,0.0,0.0,1,7260.0,7296.0,2,7276.0,0.0,0.0,0.0,0.0,0.0,238
2023-05-10 09:01:50,SF2312,SF312,7276.0,0.0,0.0,0.0,1,7260.0,7294.0,1,7276.0,0.0,0.0,0.0,0.0,0.0,238
2023-05-10 09:01:51,SF2312,SF312,7276.0,0.0,0.0,0.0,1,7260.0,7294.0,2,7276.0,0.0,0.0,0.0,0.0,0.0,238
2023-05-10 09:01:52,SF2312,SF312,7276.0,0.0,0.0,0.0,1,7260.0,7292.0,1,7276.0,0.0,0.0,0.0,0.0,0.0,238
2023-05-10 09:01:52,SF2312,SF312,7276.0,0.0,0.0,0.0,1,7238.0,7290.0,1,7276.0,0.0,0.0,0.0,0.0,0.0,238
2023-05-10 09:01:53,SF2312,SF312,7276.0,0.0,0.0,0.0,2,7238.0,7288.0,1,7276.0,0.0,0.0,0.0,0.0,0.0,238
2023-05-10 09:01:54,SF2312,SF312,7276.0,0.0,0.0,0.0,2,7238.0,7288.0,2,7276.0,0.0,0.0,0.0,0.0,0.0,238
2023-05-10 09:01:55,SF2312,SF312,7276.0,0.0,0.0,0.0,2,7238.0,7278.0,1,7276.0,0.0,0.0,0.0,0.0,0.0,238
2023-05-10 09:02:02,SF2312,SF312,7276.0,0.0,0.0,0.0,4,7238.0,7278.0,1,7276.0,0.0,0.0,0.0,0.0,0.0,238
2023-05-10 09:02:03,SF2312,SF312,7276.0,0.0,0.0,0.0,1,7240.0,7278.0,1,7276.0,0.0,0.0,0.0,0.0,0.0,238
2023-05-10 09:02:05,SF2312,SF312,7276.0,0.0,0.0,0.0,1,7242.0,7278.0,1,7276.0,0.0,0.0,0.0,0.0,0.0,238
2023-05-10 09:02:05,SF2312,SF312,7276.0,0.0,0.0,0.0,1,7244.0,7278.0,1,7276.0,0.0,0.0,0.0,0.0,0.0,238
2023-05-10 09:02:05,SF2312,SF312,7276.0,0.0,0.0,0.0,1,7242.0,7278.0,1,7276.0,0.0,0.0,0.0,0.0,0.0,238
2023-05-10 09:02:05,SF2312,SF312,7276.0,0.0,0.0,0.0,1,7244.0,7278.0,1,7276.0,0.0,0.0,0.0,0.0,0.0,238
2023-05-10 09:02:07,SF2312,SF312,7276.0,0.0,0.0,0.0,1,7244.0,7296.0,1,7276.0,0.0,0.0,0.0,0.0,0.0,238
2023-05-10 09:02:07,SF2312,SF312,7276.0,0.0,0.0,0.0,1,7244.0,7298.0,1,7276.0,0.0,0.0,0.0,0.0,0.0,238
2023-05-10 09:02:08,SF2312,SF312,7276.0,0.0,0.0,0.0,2,7242.0,7298.0,2,7276.0,0.0,0.0,0.0,0.0,0.0,238
2023-05-10 09:02:08,SF2312,SF312,7276.0,0.0,0.0,0.0,3,7242.0,7298.0,1,7276.0,0.0,0.0,0.0,0.0,0.0,238
2023-05-10 09:02:10,SF2312,SF312,7276.0,0.0,0.0,0.0,4,7242.0,7298.0,1,7276.0,0.0,0.0,0.0,0.0,0.0,238
2023-05-10 09:02:10,SF2312,SF312,7276.0,0.0,0.0,0.0,4,7242.0,7300.0,1,7276.0,0.0,0.0,0.0,0.0,0.0,238
2023-05-10 09:02:11,SF2312,SF312,7276.0,0.0,0.0,0.0,3,7242.0,7300.0,2,7276.0,0.0,0.0,0.0,0.0,0.0,238
2023-05-10 09:02:14,SF2312,SF312,7276.0,0.0,0.0,0.0,2,7242.0,7300.0,2,7276.0,0.0,0.0,0.0,0.0,0.0,238
2023-05-10 09:02:15,SF2312,SF312,7276.0,0.0,0.0,0.0,1,7244.0,7300.0,2,7276.0,0.0,0.0,0.0,0.0,0.0,238
2023-05-10 09:02:16,SF2312,SF312,7276.0,0.0,0.0,0.0,1,7246.0,7300.0,2,7276.0,0.0,0.0,0.0,0.0,0.0,238
2023-05-10 09:02:19,SF2312,SF312,7276.0,0.0,0.0,0.0,2,7246.0,7300.0,2,7276.0,0.0,0.0,0.0,0.0,0.0,238
2023-05-10 09:02:19,SF2312,SF312,7276.0,0.0,0.0,0.0,3,7246.0,7300.0,2,7276.0,0.0,0.0,0.0,0.0,0.0,238
2023-05-10 09:02:20,SF2312,SF312,7276.0,0.0,0.0,0.0,3,7246.0,7298.0,1,7276.0,0.0,0.0,0.0,0.0,0.0,238
2023-05-10 09:02:20,SF2312,SF312,7276.0,0.0,0.0,0.0,2,7246.0,7298.0,1,7276.0,0.0,0.0,0.0,0.0,0.0,238
2023-05-10 09:02:21,SF2312,SF312,7276.0,0.0,0.0,0.0,2,7246.0,7298.0,2,7276.0,0.0,0.0,0.0,0.0,0.0,238
2023-05-10 09:02:21,SF2312,SF312,7276.0,0.0,0.0,0.0,3,7246.0,7298.0,2,7276.0,0.0,0.0,0.0,0.0,0.0,238
2023-05-10 09:02:23,SF2312,SF312,7276.0,0.0,0.0,0.0,2,7246.0,7298.0,2,7276.0,0.0,0.0,0.0,0.0,0.0,238
2023-05-10 09:02:24,SF2312,SF312,7276.0,0.0,0.0,0.0,1,7248.0,7298.0,1,7276.0,0.0,0.0,0.0,0.0,0.0,238
2023-05-10 09:02:25,SF2312,SF312,7276.0,0.0,0.0,0.0,2,7252.0,7298.0,1,7276.0,0.0,0.0,0.0,0.0,0.0,238
2023-05-10 09:02:25,SF2312,SF312,7276.0,0.0,0.0,0.0,2,7252.0,7296.0,2,7276.0,0.0,0.0,0.0,0.0,0.0,238
2023-05-10 09:02:30,SF2312,SF312,7276.0,0.0,0.0,0.0,2,7252.0,7296.0,3,7276.0,0.0,0.0,0.0,0.0,0.0,238
2023-05-10 09:02:31,SF2312,SF312,7276.0,0.0,0.0,0.0,1,7238.0,7292.0,1,7276.0,0.0,0.0,0.0,0.0,0.0,238
2023-05-10 09:02:31,SF2312,SF312,7276.0,0.0,0.0,0.0,2,7240.0,7292.0,1,7276.0,0.0,0.0,0.0,0.0,0.0,238
2023-05-10 09:02:32,SF2312,SF312,7276.0,0.0,0.0,0.0,2,7240.0,7294.0,1,7276.0,0.0,0.0,0.0,0.0,0.0,238
2023-05-10 09:02:34,SF2312,SF312,7276.0,0.0,0.0,0.0,2,7240.0,7294.0,2,7276.0,0.0,0.0,0.0,0.0,0.0,238
2023-05-10 09:02:38,SF2312,SF312,7276.0,0.0,0.0,0.0,2,7240.0,7292.0,1,7276.0,0.0,0.0,0.0,0.0,0.0,238
2023-05-10 09:02:40,SF2312,SF312,7276.0,0.0,0.0,0.0,2,7240.0,7292.0,2,7276.0,0.0,0.0,0.0,0.0,0.0,238
2023-05-10 09:02:44,SF2312,SF312,7276.0,0.0,0.0,0.0,3,7240.0,7292.0,2,7276.0,0.0,0.0,0.0,0.0,0.0,238
2023-05-10 09:02:45,SF2312,SF312,7276.0,0.0,0.0,0.0,3,7240.0,7292.0,1,7276.0,0.0,0.0,0.0,0.0,0.0,238
2023-05-10 09:02:46,SF2312,SF312,7276.0,0.0,0.0,0.0,3,7240.0,7294.0,1,7276.0,0.0,0.0,0.0,0.0,0.0,238
2023-05-10 09:02:46,SF2312,SF312,7276.0,0.0,0.0,0.0,3,7240.0,7292.0,1,7276.0,0.0,0.0,0.0,0.0,0.0,238
2023-05-10 09:02:49,SF2312,SF312,7276.0,0.0,0.0,0.0,1,7240.0,7290.0,1,7276.0,0.0,0.0,0.0,0.0,0.0,238
2023-05-10 09:02:49,SF2312,SF312,7276.0,0.0,0.0,0.0,1,7240.0,7288.0,1,7276.0,0.0,0.0,0.0,0.0,0.0,238
2023-05-10 09:02:52,SF2312,SF312,7276.0,0.0,0.0,0.0,1,7240.0,7288.0,2,7276.0,0.0,0.0,0.0,0.0,0.0,238
2023-05-10 09:02:53,SF2312,SF312,7276.0,0.0,0.0,0.0,1,7240.0,7288.0,1,7276.0,0.0,0.0,0.0,0.0,0.0,238
2023-05-10 09:02:53,SF2312,SF312,7276.0,0.0,0.0,0.0,3,7240.0,7288.0,1,7276.0,0.0,0.0,0.0,0.0,0.0,238
2023-05-10 09:02:55,SF2312,SF312,7276.0,0.0,0.0,0.0,3,7240.0,7290.0,1,7276.0,0.0,0.0,0.0,0.0,0.0,238
2023-05-10 09:02:55,SF2312,SF312,7276.0,0.0,0.0,0.0,3,7240.0,7290.0,2,7276.0,0.0,0.0,0.0,0.0,0.0,238
2023-05-10 09:02:56,SF2312,SF312,7276.0,0.0,0.0,0.0,1,7240.0,7290.0,2,7276.0,0.0,0.0,0.0,0.0,0.0,238
2023-05-10 09:03:00,SF2312,SF312,7276.0,0.0,0.0,0.0,1,7240.0,7288.0,1,7276.0,0.0,0.0,0.0,0.0,0.0,238
2023-05-10 09:03:00,SF2312,SF312,7276.0,0.0,0.0,0.0,1,7240.0,7290.0,1,7276.0,0.0,0.0,0.0,0.0,0.0,238
2023-05-10 09:03:01,SF2312,SF312,7276.0,0.0,0.0,0.0,1,7240.0,7290.0,2,7276.0,0.0,0.0,0.0,0.0,0.0,238
2023-05-10 09:03:02,SF2312,SF312,7276.0,0.0,0.0,0.0,1,7240.0,7288.0,1,7276.0,0.0,0.0,0.0,0.0,0.0,238
2023-05-10 09:03:03,SF2312,SF312,7276.0,0.0,0.0,0.0,1,7240.0,7286.0,1,7276.0,0.0,0.0,0.0,0.0,0.0,238
2023-05-10 09:03:03,SF2312,SF312,7276.0,0.0,0.0,0.0,1,7240.0,7288.0,1,7276.0,0.0,0.0,0.0,0.0,0.0,238
2023-05-10 09:03:04,SF2312,SF312,7276.0,0.0,0.0,0.0,1,7240.0,7288.0,2,7276.0,0.0,0.0,0.0,0.0,0.0,238
2023-05-10 09:03:04,SF2312,SF312,7276.0,0.0,0.0,0.0,1,7240.0,7288.0,1,7276.0,0.0,0.0,0.0,0.0,0.0,238
2023-05-10 09:03:06,SF2312,SF312,7276.0,0.0,0.0,0.0,1,7240.0,7290.0,1,7276.0,0.0,0.0,0.0,0.0,0.0,238
2023-05-10 09:03:10,SF2312,SF312,7276.0,0.0,0.0,0.0,2,7246.0,7290.0,1,7276.0,0.0,0.0,0.0,0.0,0.0,238
2023-05-10 09:03:10,SF2312,SF312,7276.0,0.0,0.0,0.0,2,7246.0,7288.0,2,7276.0,0.0,0.0,0.0,0.0,0.0,238
2023-05-10 09:03:30,SF2312,SF312,7276.0,0.0,0.0,0.0,1,7256.0,7288.0,2,7276.0,0.0,0.0,0.0,0.0,0.0,238
2023-05-10 09:04:12,SF2312,SF312,7276.0,0.0,0.0,0.0,1,7256.0,7286.0,1,7276.0,0.0,0.0,0.0,0.0,0.0,238
2023-05-10 09:04:17,SF2312,SF312,7276.0,0.0,0.0,0.0,1,7256.0,7284.0,1,7276.0,0.0,0.0,0.0,0.0,0.0,238
2023-05-10 09:04:17,SF2312,SF312,7276.0,0.0,0.0,0.0,1,7256.0,7284.0,2,7276.0,0.0,0.0,0.0,0.0,0.0,238
2023-05-10 09:04:18,SF2312,SF312,7276.0,0.0,0.0,0.0,1,7250.0,7284.0,2,7276.0,0.0,0.0,0.0,0.0,0.0,238
2023-05-10 09:04:21,SF2312,SF312,7276.0,0.0,0.0,0.0,1,7250.0,7284.0,1,7276.0,0.0,0.0,0.0,0.0,0.0,238
2023-05-10 09:04:21,SF2312,SF312,7276.0,0.0,0.0,0.0,1,7250.0,7286.0,1,7276.0,0.0,0.0,0.0,0.0,0.0,238
2023-05-10 09:04:25,SF2312,SF312,7276.0,0.0,0.0,0.0,1,7250.0,7288.0,3,7276.0,0.0,0.0,0.0,0.0,0.0,238
2023-05-10 09:04:25,SF2312,SF312,7276.0,0.0,0.0,0.0,1,7250.0,7288.0,4,7276.0,0.0,0.0,0.0,0.0,0.0,238
2023-05-10 09:04:26,SF2312,SF312,7276.0,0.0,0.0,0.0,1,7250.0,7288.0,3,7276.0,0.0,0.0,0.0,0.0,0.0,238
2023-05-10 09:04:27,SF2312,SF312,7276.0,0.0,0.0,0.0,1,7250.0,7288.0,4,7276.0,0.0,0.0,0.0,0.0,0.0,238
2023-05-10 09:04:29,SF2312,SF312,7276.0,0.0,0.0,0.0,1,7250.0,7286.0,1,7276.0,0.0,0.0,0.0,0.0,0.0,238
2023-05-10 09:04:30,SF2312,SF312,7276.0,0.0,0.0,0.0,1,7250.0,7286.0,2,7276.0,0.0,0.0,0.0,0.0,0.0,238
2023-05-10 09:04:31,SF2312,SF312,7276.0,0.0,0.0,0.0,1,7250.0,7286.0,1,7276.0,0.0,0.0,0.0,0.0,0.0,238
2023-05-10 09:04:33,SF2312,SF312,7276.0,0.0,0.0,0.0,1,7250.0,7286.0,2,7276.0,0.0,0.0,0.0,0.0,0.0,238
2023-05-10 09:04:33,SF2312,SF312,7276.0,0.0,0.0,0.0,1,7250.0,7284.0,1,7276.0,0.0,0.0,0.0,0.0,0.0,238
2023-05-10 09:04:34,SF2312,SF312,7276.0,0.0,0.0,0.0,1,7250.0,7284.0,2,7276.0,0.0,0.0,0.0,0.0,0.0,238
2023-05-10 09:04:35,SF2312,SF312,7276.0,0.0,0.0,0.0,1,7250.0,7284.0,1,7276.0,0.0,0.0,0.0,0.0,0.0,238
2023-05-10 09:04:39,SF2312,SF312,7276.0,0.0,0.0,0.0,1,7250.0,7284.0,2,7276.0,0.0,0.0,0.0,0.0,0.0,238
2023-05-10 09:04:40,SF2312,SF312,7276.0,0.0,0.0,0.0,1,7250.0,7284.0,1,7276.0,0.0,0.0,0.0,0.0,0.0,238
2023-05-10 09:04:41,SF2312,SF312,7276.0,0.0,0.0,0.0,1,7250.0,7286.0,1,7276.0,0.0,0.0,0.0,0.0,0.0,238
2023-05-10 09:04:43,SF2312,SF312,7276.0,0.0,0.0,0.0,1,7250.0,7284.0,1,7276.0,0.0,0.0,0.0,0.0,0.0,238
2023-05-10 09:04:43,SF2312,SF312,7276.0,0.0,0.0,0.0,1,7250.0,7284.0,2,7276.0,0.0,0.0,0.0,0.0,0.0,238
2023-05-10 09:04:45,SF2312,SF312,7276.0,0.0,0.0,0.0,1,7250.0,7284.0,1,7276.0,0.0,0.0,0.0,0.0,0.0,238
2023-05-10 09:04:46,SF2312,SF312,7276.0,0.0,0.0,0.0,1,7250.0,7286.0,1,7276.0,0.0,0.0,0.0,0.0,0.0,238
2023-05-10 09:04:47,SF2312,SF312,7276.0,0.0,0.0,0.0,1,7250.0,7286.0,2,7276.0,0.0,0.0,0.0,0.0,0.0,238
2023-05-10 09:04:48,SF2312,SF312,7276.0,0.0,0.0,0.0,1,7250.0,7286.0,1,7276.0,0.0,0.0,0.0,0.0,0.0,238
2023-05-10 09:04:48,SF2312,SF312,7276.0,0.0,0.0,0.0,1,7250.0,7288.0,3,7276.0,0.0,0.0,0.0,0.0,0.0,238
2023-05-10 09:04:50,SF2312,SF312,7276.0,0.0,0.0,0.0,1,7250.0,7286.0,1,7276.0,0.0,0.0,0.0,0.0,0.0,238
2023-05-10 09:04:51,SF2312,SF312,7276.0,0.0,0.0,0.0,1,7250.0,7286.0,2,7276.0,0.0,0.0,0.0,0.0,0.0,238
2023-05-10 09:04:51,SF2312,SF312,7276.0,0.0,0.0,0.0,1,7250.0,7286.0,1,7276.0,0.0,0.0,0.0,0.0,0.0,238
2023-05-10 09:04:54,SF2312,SF312,7276.0,0.0,0.0,0.0,1,7250.0,7288.0,3,7276.0,0.0,0.0,0.0,0.0,0.0,238
2023-05-10 09:04:57,SF2312,SF312,7276.0,0.0,0.0,0.0,1,7250.0,7288.0,4,7276.0,0.0,0.0,0.0,0.0,0.0,238
2023-05-10 09:04:59,SF2312,SF312,7276.0,0.0,0.0,0.0,1,7252.0,7288.0,4,7276.0,0.0,0.0,0.0,0.0,0.0,238
2023-05-10 09:04:59,SF2312,SF312,7276.0,0.0,0.0,0.0,1,7252.0,7286.0,1,7276.0,0.0,0.0,0.0,0.0,0.0,238
2023-05-10 09:05:00,SF2312,SF312,7276.0,0.0,0.0,0.0,1,7252.0,7286.0,2,7276.0,0.0,0.0,0.0,0.0,0.0,238
2023-05-10 09:05:02,SF2312,SF312,7276.0,0.0,0.0,0.0,1,7252.0,7284.0,1,7276.0,0.0,0.0,0.0,0.0,0.0,238
2023-05-10 09:05:03,SF2312,SF312,7276.0,0.0,0.0,0.0,1,7250.0,7280.0,1,7276.0,0.0,0.0,0.0,0.0,0.0,238
2023-05-10 09:05:08,SF2312,SF312,7276.0,0.0,0.0,0.0,1,7250.0,7282.0,1,7276.0,0.0,0.0,0.0,0.0,0.0,238
2023-05-10 09:05:08,SF2312,SF312,7276.0,0.0,0.0,0.0,1,7250.0,7282.0,2,7276.0,0.0,0.0,0.0,0.0,0.0,238
2023-05-10 09:05:08,SF2312,SF312,7276.0,0.0,0.0,0.0,1,7250.0,7282.0,1,7276.0,0.0,0.0,0.0,0.0,0.0,238
2023-05-10 09:05:09,SF2312,SF312,7276.0,0.0,0.0,0.0,1,7250.0,7282.0,2,7276.0,0.0,0.0,0.0,0.0,0.0,238
2023-05-10 09:05:09,SF2312,SF312,7276.0,0.0,0.0,0.0,1,7250.0,7280.0,1,7276.0,0.0,0.0,0.0,0.0,0.0,238
2023-05-10 09:05:13,SF2312,SF312,7276.0,0.0,0.0,0.0,1,7250.0,7282.0,2,7276.0,0.0,0.0,0.0,0.0,0.0,238
2023-05-10 09:05:16,SF2312,SF312,7276.0,0.0,0.0,0.0,1,7250.0,7282.0,1,7276.0,0.0,0.0,0.0,0.0,0.0,238
2023-05-10 09:05:16,SF2312,SF312,7276.0,0.0,0.0,0.0,1,7250.0,7284.0,1,7276.0,0.0,0.0,0.0,0.0,0.0,238
2023-05-10 09:05:17,SF2312,SF312,7276.0,0.0,0.0,0.0,1,7250.0,7284.0,2,7276.0,0.0,0.0,0.0,0.0,0.0,238
2023-05-10 09:05:21,SF2312,SF312,7276.0,0.0,0.0,0.0,1,7250.0,7282.0,1,7276.0,0.0,0.0,0.0,0.0,0.0,238
2023-05-10 09:05:21,SF2312,SF312,7276.0,0.0,0.0,0.0,1,7250.0,7284.0,1,7276.0,0.0,0.0,0.0,0.0,0.0,238
2023-05-10 09:05:21,SF2312,SF312,7276.0,0.0,0.0,0.0,1,7250.0,7282.0,1,7276.0,0.0,0.0,0.0,0.0,0.0,238
2023-05-10 09:05:22,SF2312,SF312,7276.0,0.0,0.0,0.0,1,7250.0,7280.0,1,7276.0,0.0,0.0,0.0,0.0,0.0,238
2023-05-10 09:05:23,SF2312,SF312,7276.0,0.0,0.0,0.0,1,7246.0,7280.0,1,7276.0,0.0,0.0,0.0,0.0,0.0,238
2023-05-10 09:05:24,SF2312,SF312,7276.0,0.0,0.0,0.0,1,7250.0,7280.0,1,7276.0,0.0,0.0,0.0,0.0,0.0,238
2023-05-10 09:05:24,SF2312,SF312,7276.0,0.0,0.0,0.0,1,7246.0,7280.0,1,7276.0,0.0,0.0,0.0,0.0,0.0,238
2023-05-10 09:05:24,SF2312,SF312,7276.0,0.0,0.0,0.0,1,7246.0,7280.0,2,7276.0,0.0,0.0,0.0,0.0,0.0,238
2023-05-10 09:05:27,SF2312,SF312,7276.0,0.0,0.0,0.0,1,7246.0,7280.0,1,7276.0,0.0,0.0,0.0,0.0,0.0,238
2023-05-10 09:05:28,SF2312,SF312,7276.0,0.0,0.0,0.0,1,7246.0,7284.0,1,7276.0,0.0,0.0,0.0,0.0,0.0,238
2023-05-10 09:05:28,SF2312,SF312,7276.0,0.0,0.0,0.0,1,7246.0,7284.0,2,7276.0,0.0,0.0,0.0,0.0,0.0,238
2023-05-10 09:05:28,SF2312,SF312,7276.0,0.0,0.0,0.0,1,7246.0,7284.0,1,7276.0,0.0,0.0,0.0,0.0,0.0,238
2023-05-10 09:05:29,SF2312,SF312,7276.0,0.0,0.0,0.0,1,7246.0,7284.0,2,7276.0,0.0,0.0,0.0,0.0,0.0,238
2023-05-10 09:05:30,SF2312,SF312,7276.0,0.0,0.0,0.0,1,7246.0,7284.0,1,7276.0,0.0,0.0,0.0,0.0,0.0,238
2023-05-10 09:05:30,SF2312,SF312,7276.0,0.0,0.0,0.0,1,7246.0,7286.0,1,7276.0,0.0,0.0,0.0,0.0,0.0,238
2023-05-10 09:05:31,SF2312,SF312,7276.0,0.0,0.0,0.0,1,7246.0,7286.0,2,7276.0,0.0,0.0,0.0,0.0,0.0,238
2023-05-10 09:05:34,SF2312,SF312,7276.0,0.0,0.0,0.0,1,7246.0,7286.0,1,7276.0,0.0,0.0,0.0,0.0,0.0,238
2023-05-10 09:05:34,SF2312,SF312,7276.0,0.0,0.0,0.0,1,7246.0,7288.0,2,7276.0,0.0,0.0,0.0,0.0,0.0,238
2023-05-10 09:05:34,SF2312,SF312,7276.0,0.0,0.0,0.0,2,7246.0,7288.0,2,7276.0,0.0,0.0,0.0,0.0,0.0,238
2023-05-10 09:05:34,SF2312,SF312,7276.0,0.0,0.0,0.0,1,7246.0,7288.0,2,7276.0,0.0,0.0,0.0,0.0,0.0,238
2023-05-10 09:05:34,SF2312,SF312,7276.0,0.0,0.0,0.0,2,7246.0,7288.0,2,7276.0,0.0,0.0,0.0,0.0,0.0,238
2023-05-10 09:06:00,SF2312,SF312,7276.0,0.0,0.0,0.0,2,7252.0,7288.0,2,7276.0,0.0,0.0,0.0,0.0,0.0,238
2023-05-10 09:06:01,SF2312,SF312,7276.0,0.0,0.0,0.0,2,7252.0,7278.0,1,7276.0,0.0,0.0,0.0,0.0,0.0,238
2023-05-10 09:06:02,SF2312,SF312,7276.0,0.0,0.0,0.0,2,7252.0,7288.0,2,7276.0,0.0,0.0,0.0,0.0,0.0,238
2023-05-10 09:06:02,SF2312,SF312,7276.0,0.0,0.0,0.0,1,7246.0,7288.0,2,7276.0,0.0,0.0,0.0,0.0,0.0,238
2023-05-10 09:06:03,SF2312,SF312,7276.0,0.0,0.0,0.0,2,7246.0,7288.0,2,7276.0,0.0,0.0,0.0,0.0,0.0,238
2023-05-10 09:06:04,SF2312,SF312,7276.0,0.0,0.0,0.0,4,7246.0,7288.0,2,7276.0,0.0,0.0,0.0,0.0,0.0,238
2023-05-10 09:06:05,SF2312,SF312,7276.0,0.0,0.0,0.0,5,7246.0,7288.0,2,7276.0,0.0,0.0,0.0,0.0,0.0,238
2023-05-10 09:06:08,SF2312,SF312,7276.0,0.0,0.0,0.0,2,7246.0,7288.0,2,7276.0,0.0,0.0,0.0,0.0,0.0,238
2023-05-10 09:06:09,SF2312,SF312,7276.0,0.0,0.0,0.0,2,7248.0,7288.0,2,7276.0,0.0,0.0,0.0,0.0,0.0,238
2023-05-10 09:06:09,SF2312,SF312,7276.0,0.0,0.0,0.0,3,7248.0,7288.0,2,7276.0,0.0,0.0,0.0,0.0,0.0,238
2023-05-10 09:06:11,SF2312,SF312,7276.0,0.0,0.0,0.0,2,7248.0,7288.0,2,7276.0,0.0,0.0,0.0,0.0,0.0,238
2023-05-10 09:06:12,SF2312,SF312,7276.0,0.0,0.0,0.0,3,7248.0,7288.0,2,7276.0,0.0,0.0,0.0,0.0,0.0,238
2023-05-10 09:06:16,SF2312,SF312,7276.0,0.0,0.0,0.0,2,7248.0,7288.0,2,7276.0,0.0,0.0,0.0,0.0,0.0,238
2023-05-10 09:06:16,SF2312,SF312,7276.0,0.0,0.0,0.0,1,7250.0,7288.0,2,7276.0,0.0,0.0,0.0,0.0,0.0,238
2023-05-10 09:06:19,SF2312,SF312,7276.0,0.0,0.0,0.0,3,7250.0,7288.0,2,7276.0,0.0,0.0,0.0,0.0,0.0,238
2023-05-10 09:06:22,SF2312,SF312,7276.0,0.0,0.0,0.0,1,7248.0,7288.0,2,7276.0,0.0,0.0,0.0,0.0,0.0,238
2023-05-10 09:06:23,SF2312,SF312,7276.0,0.0,0.0,0.0,3,7248.0,7288.0,2,7276.0,0.0,0.0,0.0,0.0,0.0,238
2023-05-10 09:06:24,SF2312,SF312,7276.0,0.0,0.0,0.0,4,7248.0,7288.0,2,7276.0,0.0,0.0,0.0,0.0,0.0,238
2023-05-10 09:06:40,SF2312,SF312,7276.0,0.0,0.0,0.0,3,7248.0,7288.0,2,7276.0,0.0,0.0,0.0,0.0,0.0,238
2023-05-10 09:06:40,SF2312,SF312,7276.0,0.0,0.0,0.0,1,7248.0,7288.0,2,7276.0,0.0,0.0,0.0,0.0,0.0,238
2023-05-10 09:06:41,SF2312,SF312,7276.0,0.0,0.0,0.0,4,7248.0,7288.0,2,7276.0,0.0,0.0,0.0,0.0,0.0,238
2023-05-10 09:06:42,SF2312,SF312,7276.0,0.0,0.0,0.0,2,7256.0,7288.0,2,7276.0,0.0,0.0,0.0,0.0,0.0,238
2023-05-10 09:06:47,SF2312,SF312,7276.0,0.0,0.0,0.0,1,7258.0,7288.0,2,7276.0,0.0,0.0,0.0,0.0,0.0,238
2023-05-10 09:07:44,SF2312,SF312,7276.0,0.0,0.0,0.0,1,7248.0,7288.0,2,7276.0,0.0,0.0,0.0,0.0,0.0,238
2023-05-10 09:07:44,SF2312,SF312,7276.0,0.0,0.0,0.0,1,7262.0,7288.0,2,7276.0,0.0,0.0,0.0,0.0,0.0,238
2023-05-10 09:07:55,SF2312,SF312,7276.0,0.0,0.0,0.0,1,7246.0,7288.0,2,7276.0,0.0,0.0,0.0,0.0,0.0,238
2023-05-10 09:07:55,SF2312,SF312,7276.0,0.0,0.0,0.0,2,7246.0,7288.0,2,7276.0,0.0,0.0,0.0,0.0,0.0,238
2023-05-10 09:08:07,SF2312,SF312,7276.0,0.0,0.0,0.0,4,7246.0,7288.0,2,7276.0,0.0,0.0,0.0,0.0,0.0,238
2023-05-10 09:08:10,SF2312,SF312,7276.0,0.0,0.0,0.0,4,7246.0,7290.0,1,7276.0,0.0,0.0,0.0,0.0,0.0,238
2023-05-10 09:08:11,SF2312,SF312,7276.0,0.0,0.0,0.0,4,7246.0,7290.0,2,7276.0,0.0,0.0,0.0,0.0,0.0,238
2023-05-10 09:08:12,SF2312,SF312,7276.0,0.0,0.0,0.0,2,7246.0,7290.0,2,7276.0,0.0,0.0,0.0,0.0,0.0,238
2023-05-10 09:08:13,SF2312,SF312,7276.0,0.0,0.0,0.0,2,7246.0,7290.0,1,7276.0,0.0,0.0,0.0,0.0,0.0,238
2023-05-10 09:08:14,SF2312,SF312,7276.0,0.0,0.0,0.0,1,7260.0,7292.0,1,7276.0,0.0,0.0,0.0,0.0,0.0,238
2023-05-10 09:08:43,SF2312,SF312,7276.0,0.0,0.0,0.0,1,7260.0,7294.0,1,7276.0,0.0,0.0,0.0,0.0,0.0,238
2023-05-10 09:08:43,SF2312,SF312,7276.0,0.0,0.0,0.0,1,7260.0,7294.0,2,7276.0,0.0,0.0,0.0,0.0,0.0,238
2023-05-10 09:08:49,SF2312,SF312,7276.0,0.0,0.0,0.0,1,7260.0,7292.0,2,7276.0,0.0,0.0,0.0,0.0,0.0,238
2023-05-10 09:12:32,SF2312,SF312,7276.0,0.0,0.0,0.0,1,7260.0,7290.0,1,7276.0,0.0,0.0,0.0,0.0,0.0,238
2023-05-10 09:12:32,SF2312,SF312,7276.0,0.0,0.0,0.0,1,7260.0,7290.0,2,7276.0,0.0,0.0,0.0,0.0,0.0,238
2023-05-10 09:12:37,SF2312,SF312,7276.0,0.0,0.0,0.0,1,7260.0,7290.0,1,7276.0,0.0,0.0,0.0,0.0,0.0,238
2023-05-10 09:12:37,SF2312,SF312,7276.0,0.0,0.0,0.0,1,7260.0,7292.0,3,7276.0,0.0,0.0,0.0,0.0,0.0,238
2023-05-10 09:12:38,SF2312,SF312,7276.0,0.0,0.0,0.0,1,7260.0,7292.0,4,7276.0,0.0,0.0,0.0,0.0,0.0,238
2023-05-10 09:12:39,SF2312,SF312,7276.0,0.0,0.0,0.0,1,7260.0,7292.0,3,7276.0,0.0,0.0,0.0,0.0,0.0,238
2023-05-10 09:12:45,SF2312,SF312,7276.0,0.0,0.0,0.0,1,7260.0,7292.0,2,7276.0,0.0,0.0,0.0,0.0,0.0,238
2023-05-10 09:13:02,SF2312,SF312,7276.0,0.0,0.0,0.0,1,7260.0,7292.0,3,7276.0,0.0,0.0,0.0,0.0,0.0,238
2023-05-10 09:13:02,SF2312,SF312,7276.0,0.0,0.0,0.0,1,7260.0,7292.0,4,7276.0,0.0,0.0,0.0,0.0,0.0,238
2023-05-10 09:13:03,SF2312,SF312,7276.0,0.0,0.0,0.0,1,7260.0,7290.0,1,7276.0,0.0,0.0,0.0,0.0,0.0,238
2023-05-10 09:13:03,SF2312,SF312,7276.0,0.0,0.0,0.0,1,7250.0,7290.0,1,7276.0,0.0,0.0,0.0,0.0,0.0,238
2023-05-10 09:13:03,SF2312,SF312,7276.0,0.0,0.0,0.0,1,7250.0,7288.0,1,7276.0,0.0,0.0,0.0,0.0,0.0,238
2023-05-10 09:13:06,SF2312,SF312,7276.0,0.0,0.0,0.0,1,7250.0,7290.0,1,7276.0,0.0,0.0,0.0,0.0,0.0,238
2023-05-10 09:13:07,SF2312,SF312,7276.0,0.0,0.0,0.0,1,7250.0,7290.0,2,7276.0,0.0,0.0,0.0,0.0,0.0,238
2023-05-10 09:13:11,SF2312,SF312,7276.0,0.0,0.0,0.0,1,7254.0,7290.0,2,7276.0,0.0,0.0,0.0,0.0,0.0,238
2023-05-10 09:13:45,SF2312,SF312,7276.0,0.0,0.0,0.0,1,7254.0,7288.0,2,7276.0,0.0,0.0,0.0,0.0,0.0,238
2023-05-10 09:17:14,SF2312,SF312,7276.0,0.0,0.0,0.0,3,7254.0,7288.0,2,7276.0,0.0,0.0,0.0,0.0,0.0,238
2023-05-10 09:17:24,SF2312,SF312,7276.0,0.0,0.0,0.0,1,7254.0,7288.0,2,7276.0,0.0,0.0,0.0,0.0,0.0,238
2023-05-10 09:17:24,SF2312,SF312,7276.0,0.0,0.0,0.0,2,7254.0,7288.0,2,7276.0,0.0,0.0,0.0,0.0,0.0,238
2023-05-10 09:18:45,SF2312,SF312,7276.0,0.0,0.0,0.0,2,7254.0,7306.0,1,7276.0,0.0,0.0,0.0,0.0,0.0,238
2023-05-10 09:18:47,SF2312,SF312,7276.0,0.0,0.0,0.0,2,7254.0,7308.0,1,7276.0,0.0,0.0,0.0,0.0,0.0,238
2023-05-10 09:18:47,SF2312,SF312,7276.0,0.0,0.0,0.0,2,7254.0,7306.0,1,7276.0,0.0,0.0,0.0,0.0,0.0,238
2023-05-10 09:18:48,SF2312,SF312,7276.0,0.0,0.0,0.0,2,7254.0,7306.0,2,7276.0,0.0,0.0,0.0,0.0,0.0,238
2023-05-10 09:18:56,SF2312,SF312,7276.0,0.0,0.0,0.0,4,7254.0,7306.0,2,7276.0,0.0,0.0,0.0,0.0,0.0,238
2023-05-10 09:18:56,SF2312,SF312,7276.0,0.0,0.0,0.0,1,7272.0,7306.0,2,7276.0,0.0,0.0,0.0,0.0,0.0,238
2023-05-10 09:19:02,SF2312,SF312,7276.0,0.0,0.0,0.0,2,7254.0,7306.0,2,7276.0,0.0,0.0,0.0,0.0,0.0,238
2023-05-10 09:19:15,SF2312,SF312,7276.0,0.0,0.0,0.0,2,7254.0,7304.0,1,7276.0,0.0,0.0,0.0,0.0,0.0,238
2023-05-10 09:19:16,SF2312,SF312,7276.0,0.0,0.0,0.0,2,7254.0,7304.0,2,7276.0,0.0,0.0,0.0,0.0,0.0,238
2023-05-10 09:19:18,SF2312,SF312,7276.0,0.0,0.0,0.0,2,7258.0,7304.0,2,7276.0,0.0,0.0,0.0,0.0,0.0,238
2023-05-10 09:19:18,SF2312,SF312,7276.0,0.0,0.0,0.0,2,7258.0,7302.0,2,7276.0,0.0,0.0,0.0,0.0,0.0,238
2023-05-10 09:19:23,SF2312,SF312,7276.0,0.0,0.0,0.0,2,7258.0,7302.0,3,7276.0,0.0,0.0,0.0,0.0,0.0,238
2023-05-10 09:19:24,SF2312,SF312,7276.0,0.0,0.0,0.0,2,7258.0,7300.0,1,7276.0,0.0,0.0,0.0,0.0,0.0,238
2023-05-10 09:19:24,SF2312,SF312,7276.0,0.0,0.0,0.0,1,7254.0,7302.0,4,7276.0,0.0,0.0,0.0,0.0,0.0,238
2023-05-10 09:19:27,SF2312,SF312,7276.0,0.0,0.0,0.0,1,7270.0,7302.0,4,7276.0,0.0,0.0,0.0,0.0,0.0,238
2023-05-10 09:19:29,SF2312,SF312,7276.0,0.0,0.0,0.0,1,7254.0,7302.0,4,7276.0,0.0,0.0,0.0,0.0,0.0,238
2023-05-10 09:19:29,SF2312,SF312,7276.0,0.0,0.0,0.0,2,7254.0,7302.0,4,7276.0,0.0,0.0,0.0,0.0,0.0,238
2023-05-10 09:19:48,SF2312,SF312,7276.0,0.0,0.0,0.0,1,7256.0,7302.0,4,7276.0,0.0,0.0,0.0,0.0,0.0,238
2023-05-10 09:20:01,SF2312,SF312,7276.0,0.0,0.0,0.0,1,7256.0,7302.0,3,7276.0,0.0,0.0,0.0,0.0,0.0,238
2023-05-10 09:20:02,SF2312,SF312,7276.0,0.0,0.0,0.0,1,7256.0,7302.0,4,7276.0,0.0,0.0,0.0,0.0,0.0,238
2023-05-10 09:20:03,SF2312,SF312,7276.0,0.0,0.0,0.0,2,7258.0,7302.0,3,7276.0,0.0,0.0,0.0,0.0,0.0,238
2023-05-10 09:20:09,SF2312,SF312,7276.0,0.0,0.0,0.0,2,7258.0,7302.0,2,7276.0,0.0,0.0,0.0,0.0,0.0,238
2023-05-10 09:21:08,SF2312,SF312,7276.0,0.0,0.0,0.0,1,7270.0,7302.0,2,7276.0,0.0,0.0,0.0,0.0,0.0,238
2023-05-10 09:21:33,SF2312,SF312,7276.0,0.0,0.0,0.0,1,7270.0,7302.0,3,7276.0,0.0,0.0,0.0,0.0,0.0,238
2023-05-10 09:21:34,SF2312,SF312,7276.0,0.0,0.0,0.0,1,7270.0,7302.0,4,7276.0,0.0,0.0,0.0,0.0,0.0,238
2023-05-10 09:21:34,SF2312,SF312,7276.0,0.0,0.0,0.0,1,7270.0,7302.0,3,7276.0,0.0,0.0,0.0,0.0,0.0,238
2023-05-10 09:21:41,SF2312,SF312,7276.0,0.0,0.0,0.0,1,7270.0,7302.0,2,7276.0,0.0,0.0,0.0,0.0,0.0,238
2023-05-10 09:21:43,SF2312,SF312,7276.0,0.0,0.0,0.0,1,7262.0,7302.0,3,7276.0,0.0,0.0,0.0,0.0,0.0,238
2023-05-10 09:21:44,SF2312,SF312,7276.0,0.0,0.0,0.0,1,7262.0,7302.0,4,7276.0,0.0,0.0,0.0,0.0,0.0,238
2023-05-10 09:22:03,SF2312,SF312,7276.0,0.0,0.0,0.0,1,7262.0,7300.0,1,7276.0,0.0,0.0,0.0,0.0,0.0,238
2023-05-10 09:22:04,SF2312,SF312,7276.0,0.0,0.0,0.0,1,7262.0,7300.0,2,7276.0,0.0,0.0,0.0,0.0,0.0,238
2023-05-10 09:22:08,SF2312,SF312,7276.0,0.0,0.0,0.0,1,7262.0,7300.0,1,7276.0,0.0,0.0,0.0,0.0,0.0,238
2023-05-10 09:22:09,SF2312,SF312,7276.0,0.0,0.0,0.0,1,7262.0,7302.0,3,7276.0,0.0,0.0,0.0,0.0,0.0,238
2023-05-10 09:22:11,SF2312,SF312,7276.0,0.0,0.0,0.0,1,7262.0,7300.0,1,7276.0,0.0,0.0,0.0,0.0,0.0,238
2023-05-10 09:22:12,SF2312,SF312,7276.0,0.0,0.0,0.0,1,7262.0,7300.0,2,7276.0,0.0,0.0,0.0,0.0,0.0,238
2023-05-10 09:22:16,SF2312,SF312,7276.0,0.0,0.0,0.0,1,7262.0,7300.0,1,7276.0,0.0,0.0,0.0,0.0,0.0,238
2023-05-10 09:22:17,SF2312,SF312,7276.0,0.0,0.0,0.0,1,7262.0,7302.0,3,7276.0,0.0,0.0,0.0,0.0,0.0,238
2023-05-10 09:22:23,SF2312,SF312,7276.0,0.0,0.0,0.0,1,7262.0,7300.0,1,7276.0,0.0,0.0,0.0,0.0,0.0,238
2023-05-10 09:22:30,SF2312,SF312,7276.0,0.0,0.0,0.0,1,7262.0,7300.0,2,7276.0,0.0,0.0,0.0,0.0,0.0,238
2023-05-10 09:22:33,SF2312,SF312,7276.0,0.0,0.0,0.0,1,7262.0,7300.0,1,7276.0,0.0,0.0,0.0,0.0,0.0,238
2023-05-10 09:22:33,SF2312,SF312,7276.0,0.0,0.0,0.0,1,7262.0,7302.0,3,7276.0,0.0,0.0,0.0,0.0,0.0,238
2023-05-10 09:22:34,SF2312,SF312,7276.0,0.0,0.0,0.0,1,7262.0,7302.0,4,7276.0,0.0,0.0,0.0,0.0,0.0,238
2023-05-10 09:22:40,SF2312,SF312,7276.0,0.0,0.0,0.0,1,7262.0,7300.0,1,7276.0,0.0,0.0,0.0,0.0,0.0,238
2023-05-10 09:22:41,SF2312,SF312,7276.0,0.0,0.0,0.0,1,7262.0,7300.0,2,7276.0,0.0,0.0,0.0,0.0,0.0,238
2023-05-10 09:23:29,SF2312,SF312,7276.0,0.0,0.0,0.0,1,7262.0,7298.0,1,7276.0,0.0,0.0,0.0,0.0,0.0,238
2023-05-10 09:23:30,SF2312,SF312,7276.0,0.0,0.0,0.0,1,7262.0,7298.0,2,7276.0,0.0,0.0,0.0,0.0,0.0,238
2023-05-10 09:23:33,SF2312,SF312,7276.0,0.0,0.0,0.0,1,7262.0,7296.0,2,7276.0,0.0,0.0,0.0,0.0,0.0,238
2023-05-10 09:25:06,SF2312,SF312,7276.0,0.0,0.0,0.0,1,7258.0,7296.0,2,7276.0,0.0,0.0,0.0,0.0,0.0,238
2023-05-10 09:25:16,SF2312,SF312,7276.0,0.0,0.0,0.0,1,7260.0,7296.0,2,7276.0,0.0,0.0,0.0,0.0,0.0,238
2023-05-10 09:25:37,SF2312,SF312,7276.0,0.0,0.0,0.0,1,7260.0,7280.0,1,7276.0,0.0,0.0,0.0,0.0,0.0,238
2023-05-10 09:25:39,SF2312,SF312,7276.0,0.0,0.0,0.0,1,7260.0,7296.0,2,7276.0,0.0,0.0,0.0,0.0,0.0,238
2023-05-10 09:26:18,SF2312,SF312,7276.0,0.0,0.0,0.0,1,7260.0,7282.0,1,7276.0,0.0,0.0,0.0,0.0,0.0,238
2023-05-10 09:26:48,SF2312,SF312,7276.0,0.0,0.0,0.0,1,7260.0,7296.0,2,7276.0,0.0,0.0,0.0,0.0,0.0,238
2023-05-10 09:27:00,SF2312,SF312,7276.0,0.0,0.0,0.0,1,7260.0,7284.0,1,7276.0,0.0,0.0,0.0,0.0,0.0,238
2023-05-10 09:27:23,SF2312,SF312,7276.0,0.0,0.0,0.0,1,7260.0,7296.0,3,7276.0,0.0,0.0,0.0,0.0,0.0,238
2023-05-10 09:27:28,SF2312,SF312,7276.0,0.0,0.0,0.0,1,7260.0,7296.0,4,7276.0,0.0,0.0,0.0,0.0,0.0,238
2023-05-10 09:27:30,SF2312,SF312,7276.0,0.0,0.0,0.0,1,7260.0,7294.0,1,7276.0,0.0,0.0,0.0,0.0,0.0,238
2023-05-10 09:27:31,SF2312,SF312,7276.0,0.0,0.0,0.0,1,7260.0,7294.0,2,7276.0,0.0,0.0,0.0,0.0,0.0,238
2023-05-10 09:27:47,SF2312,SF312,7276.0,0.0,0.0,0.0,1,7260.0,7292.0,1,7276.0,0.0,0.0,0.0,0.0,0.0,238
2023-05-10 09:27:51,SF2312,SF312,7276.0,0.0,0.0,0.0,1,7260.0,7296.0,3,7276.0,0.0,0.0,0.0,0.0,0.0,238
2023-05-10 09:27:51,SF2312,SF312,7276.0,0.0,0.0,0.0,1,7260.0,7296.0,4,7276.0,0.0,0.0,0.0,0.0,0.0,238
2023-05-10 09:27:53,SF2312,SF312,7276.0,0.0,0.0,0.0,1,7260.0,7294.0,1,7276.0,0.0,0.0,0.0,0.0,0.0,238
2023-05-10 09:27:53,SF2312,SF312,7276.0,0.0,0.0,0.0,1,7260.0,7296.0,4,7276.0,0.0,0.0,0.0,0.0,0.0,238
2023-05-10 09:27:57,SF2312,SF312,7276.0,0.0,0.0,0.0,1,7260.0,7294.0,1,7276.0,0.0,0.0,0.0,0.0,0.0,238
2023-05-10 09:27:58,SF2312,SF312,7276.0,0.0,0.0,0.0,1,7260.0,7294.0,2,7276.0,0.0,0.0,0.0,0.0,0.0,238
2023-05-10 09:28:06,SF2312,SF312,7276.0,0.0,0.0,0.0,1,7256.0,7268.0,1,7276.0,0.0,0.0,0.0,0.0,0.0,238
2023-05-10 09:28:15,SF2312,SF312,7276.0,0.0,0.0,0.0,1,7256.0,7292.0,1,7276.0,0.0,0.0,0.0,0.0,0.0,238
2023-05-10 09:28:15,SF2312,SF312,7276.0,0.0,0.0,0.0,1,7256.0,7292.0,2,7276.0,0.0,0.0,0.0,0.0,0.0,238
2023-05-10 09:28:35,SF2312,SF312,7276.0,0.0,0.0,0.0,1,7256.0,7290.0,1,7276.0,0.0,0.0,0.0,0.0,0.0,238
2023-05-10 09:28:36,SF2312,SF312,7276.0,0.0,0.0,0.0,1,7256.0,7288.0,1,7276.0,0.0,0.0,0.0,0.0,0.0,238
2023-05-10 09:28:36,SF2312,SF312,7276.0,0.0,0.0,0.0,1,7256.0,7290.0,2,7276.0,0.0,0.0,0.0,0.0,0.0,238
2023-05-10 09:28:36,SF2312,SF312,7276.0,0.0,0.0,0.0,1,7256.0,7288.0,1,7276.0,0.0,0.0,0.0,0.0,0.0,238
2023-05-10 09:28:36,SF2312,SF312,7276.0,0.0,0.0,0.0,1,7256.0,7290.0,2,7276.0,0.0,0.0,0.0,0.0,0.0,238
2023-05-10 09:29:03,SF2312,SF312,7276.0,0.0,0.0,0.0,1,7256.0,7288.0,1,7276.0,0.0,0.0,0.0,0.0,0.0,238
2023-05-10 09:29:04,SF2312,SF312,7276.0,0.0,0.0,0.0,1,7256.0,7288.0,2,7276.0,0.0,0.0,0.0,0.0,0.0,238
2023-05-10 09:29:09,SF2312,SF312,7276.0,0.0,0.0,0.0,1,7256.0,7286.0,3,7276.0,0.0,0.0,0.0,0.0,0.0,238
2023-05-10 09:29:09,SF2312,SF312,7276.0,0.0,0.0,0.0,1,7256.0,7286.0,2,7276.0,0.0,0.0,0.0,0.0,0.0,238
2023-05-10 09:29:10,SF2312,SF312,7276.0,0.0,0.0,0.0,1,7256.0,7286.0,3,7276.0,0.0,0.0,0.0,0.0,0.0,238
2023-05-10 09:29:10,SF2312,SF312,7276.0,0.0,0.0,0.0,1,7256.0,7286.0,4,7276.0,0.0,0.0,0.0,0.0,0.0,238
2023-05-10 09:29:13,SF2312,SF312,7276.0,0.0,0.0,0.0,1,7256.0,7286.0,3,7276.0,0.0,0.0,0.0,0.0,0.0,238
2023-05-10 09:29:15,SF2312,SF312,7276.0,0.0,0.0,0.0,1,7256.0,7286.0,4,7276.0,0.0,0.0,0.0,0.0,0.0,238
2023-05-10 09:29:33,SF2312,SF312,7276.0,0.0,0.0,0.0,1,7256.0,7286.0,3,7276.0,0.0,0.0,0.0,0.0,0.0,238
2023-05-10 09:29:33,SF2312,SF312,7276.0,0.0,0.0,0.0,1,7256.0,7286.0,2,7276.0,0.0,0.0,0.0,0.0,0.0,238
2023-05-10 09:30:13,SF2312,SF312,7276.0,0.0,0.0,0.0,1,7256.0,7286.0,3,7276.0,0.0,0.0,0.0,0.0,0.0,238
2023-05-10 09:30:16,SF2312,SF312,7276.0,0.0,0.0,0.0,1,7256.0,7286.0,2,7276.0,0.0,0.0,0.0,0.0,0.0,238
2023-05-10 09:30:34,SF2312,SF312,7276.0,0.0,0.0,0.0,1,7256.0,7276.0,1,7276.0,0.0,0.0,0.0,0.0,0.0,238
2023-05-10 09:30:36,SF2312,SF312,7276.0,0.0,0.0,0.0,1,7256.0,7286.0,2,7276.0,0.0,0.0,0.0,0.0,0.0,238
2023-05-10 09:31:10,SF2312,SF312,7276.0,0.0,0.0,0.0,1,7256.0,7286.0,3,7276.0,0.0,0.0,0.0,0.0,0.0,238
2023-05-10 09:31:18,SF2312,SF312,7276.0,0.0,0.0,0.0,1,7252.0,7286.0,2,7276.0,0.0,0.0,0.0,0.0,0.0,238
2023-05-10 09:31:19,SF2312,SF312,7276.0,0.0,0.0,0.0,1,7252.0,7286.0,3,7276.0,0.0,0.0,0.0,0.0,0.0,238
2023-05-10 09:31:19,SF2312,SF312,7276.0,0.0,0.0,0.0,1,7252.0,7286.0,4,7276.0,0.0,0.0,0.0,0.0,0.0,238
2023-05-10 09:31:21,SF2312,SF312,7276.0,0.0,0.0,0.0,1,7252.0,7286.0,3,7276.0,0.0,0.0,0.0,0.0,0.0,238
2023-05-10 09:31:22,SF2312,SF312,7276.0,0.0,0.0,0.0,1,7252.0,7286.0,2,7276.0,0.0,0.0,0.0,0.0,0.0,238
2023-05-10 09:31:48,SF2312,SF312,7276.0,0.0,0.0,0.0,1,7252.0,7286.0,3,7276.0,0.0,0.0,0.0,0.0,0.0,238
2023-05-10 09:31:48,SF2312,SF312,7276.0,0.0,0.0,0.0,1,7252.0,7286.0,4,7276.0,0.0,0.0,0.0,0.0,0.0,238
2023-05-10 09:32:26,SF2312,SF312,7276.0,0.0,0.0,0.0,1,7252.0,7286.0,3,7276.0,0.0,0.0,0.0,0.0,0.0,238
2023-05-10 09:32:27,SF2312,SF312,7276.0,0.0,0.0,0.0,1,7252.0,7286.0,2,7276.0,0.0,0.0,0.0,0.0,0.0,238
2023-05-10 09:32:31,SF2312,SF312,7276.0,0.0,0.0,0.0,1,7252.0,7286.0,3,7276.0,0.0,0.0,0.0,0.0,0.0,238
2023-05-10 09:32:32,SF2312,SF312,7276.0,0.0,0.0,0.0,1,7252.0,7286.0,4,7276.0,0.0,0.0,0.0,0.0,0.0,238
2023-05-10 09:32:34,SF2312,SF312,7276.0,0.0,0.0,0.0,1,7252.0,7286.0,3,7276.0,0.0,0.0,0.0,0.0,0.0,238
2023-05-10 09:32:34,SF2312,SF312,7276.0,0.0,0.0,0.0,1,7252.0,7286.0,2,7276.0,0.0,0.0,0.0,0.0,0.0,238
2023-05-10 09:32:58,SF2312,SF312,7276.0,0.0,0.0,0.0,1,7252.0,7280.0,1,7276.0,0.0,0.0,0.0,0.0,0.0,238
2023-05-10 09:33:21,SF2312,SF312,7276.0,0.0,0.0,0.0,1,7252.0,7272.0,1,7276.0,0.0,0.0,0.0,0.0,0.0,238
2023-05-10 09:33:24,SF2312,SF312,7276.0,0.0,0.0,0.0,1,7252.0,7280.0,1,7276.0,0.0,0.0,0.0,0.0,0.0,238
2023-05-10 09:34:04,SF2312,SF312,7276.0,0.0,0.0,0.0,1,7252.0,7278.0,2,7276.0,0.0,0.0,0.0,0.0,0.0,238
2023-05-10 09:34:47,SF2312,SF312,7276.0,0.0,0.0,0.0,1,7252.0,7272.0,1,7276.0,0.0,0.0,0.0,0.0,0.0,238
2023-05-10 09:34:49,SF2312,SF312,7276.0,0.0,0.0,0.0,1,7252.0,7278.0,2,7276.0,0.0,0.0,0.0,0.0,0.0,238
2023-05-10 09:35:13,SF2312,SF312,7276.0,0.0,0.0,0.0,1,7254.0,7278.0,2,7276.0,0.0,0.0,0.0,0.0,0.0,238
2023-05-10 09:37:07,SF2312,SF312,7276.0,0.0,0.0,0.0,1,7248.0,7278.0,2,7276.0,0.0,0.0,0.0,0.0,0.0,238
2023-05-10 09:37:09,SF2312,SF312,7276.0,0.0,0.0,0.0,1,7248.0,7278.0,3,7276.0,0.0,0.0,0.0,0.0,0.0,238
2023-05-10 09:37:10,SF2312,SF312,7276.0,0.0,0.0,0.0,1,7248.0,7278.0,4,7276.0,0.0,0.0,0.0,0.0,0.0,238
2023-05-10 09:37:11,SF2312,SF312,7276.0,0.0,0.0,0.0,1,7244.0,7278.0,4,7276.0,0.0,0.0,0.0,0.0,0.0,238
2023-05-10 09:37:11,SF2312,SF312,7276.0,0.0,0.0,0.0,1,7248.0,7278.0,4,7276.0,0.0,0.0,0.0,0.0,0.0,238
2023-05-10 09:37:11,SF2312,SF312,7276.0,0.0,0.0,0.0,1,7244.0,7278.0,4,7276.0,0.0,0.0,0.0,0.0,0.0,238
2023-05-10 09:37:13,SF2312,SF312,7276.0,0.0,0.0,0.0,1,7244.0,7274.0,1,7276.0,0.0,0.0,0.0,0.0,0.0,238
2023-05-10 09:37:14,SF2312,SF312,7276.0,0.0,0.0,0.0,1,7244.0,7276.0,1,7276.0,0.0,0.0,0.0,0.0,0.0,238
2023-05-10 09:37:18,SF2312,SF312,7276.0,0.0,0.0,0.0,1,7244.0,7278.0,2,7276.0,0.0,0.0,0.0,0.0,0.0,238
2023-05-10 09:38:16,SF2312,SF312,7276.0,0.0,0.0,0.0,1,7244.0,7266.0,1,7276.0,0.0,0.0,0.0,0.0,0.0,238
2023-05-10 09:38:39,SF2312,SF312,7276.0,0.0,0.0,0.0,1,7244.0,7278.0,2,7276.0,0.0,0.0,0.0,0.0,0.0,238
2023-05-10 09:38:59,SF2312,SF312,7276.0,0.0,0.0,0.0,1,7244.0,7270.0,1,7276.0,0.0,0.0,0.0,0.0,0.0,238
2023-05-10 09:39:11,SF2312,SF312,7276.0,0.0,0.0,0.0,1,7244.0,7280.0,1,7276.0,0.0,0.0,0.0,0.0,0.0,238
2023-05-10 09:39:41,SF2312,SF312,7276.0,0.0,0.0,0.0,1,7244.0,7274.0,1,7276.0,0.0,0.0,0.0,0.0,0.0,238
2023-05-10 09:40:08,SF2312,SF312,7276.0,0.0,0.0,0.0,1,7250.0,7274.0,1,7276.0,0.0,0.0,0.0,0.0,0.0,238
2023-05-10 09:40:09,SF2312,SF312,7276.0,0.0,0.0,0.0,1,7250.0,7278.0,2,7276.0,0.0,0.0,0.0,0.0,0.0,238
2023-05-10 09:40:14,SF2312,SF312,7276.0,0.0,0.0,0.0,1,7250.0,7278.0,3,7276.0,0.0,0.0,0.0,0.0,0.0,238
2023-05-10 09:40:15,SF2312,SF312,7276.0,0.0,0.0,0.0,1,7250.0,7278.0,4,7276.0,0.0,0.0,0.0,0.0,0.0,238
2023-05-10 09:40:20,SF2312,SF312,7276.0,0.0,0.0,0.0,1,7244.0,7278.0,4,7276.0,0.0,0.0,0.0,0.0,0.0,238
2023-05-10 09:40:29,SF2312,SF312,7276.0,0.0,0.0,0.0,1,7244.0,7274.0,1,7276.0,0.0,0.0,0.0,0.0,0.0,238
2023-05-10 09:40:30,SF2312,SF312,7276.0,0.0,0.0,0.0,1,7244.0,7274.0,2,7276.0,0.0,0.0,0.0,0.0,0.0,238
2023-05-10 09:40:30,SF2312,SF312,7276.0,0.0,0.0,0.0,1,7244.0,7274.0,1,7276.0,0.0,0.0,0.0,0.0,0.0,238
2023-05-10 09:40:32,SF2312,SF312,7276.0,0.0,0.0,0.0,1,7244.0,7278.0,3,7276.0,0.0,0.0,0.0,0.0,0.0,238
2023-05-10 09:40:32,SF2312,SF312,7276.0,0.0,0.0,0.0,1,7244.0,7278.0,4,7276.0,0.0,0.0,0.0,0.0,0.0,238
2023-05-10 09:40:41,SF2312,SF312,7276.0,0.0,0.0,0.0,1,7244.0,7276.0,1,7276.0,0.0,0.0,0.0,0.0,0.0,238
2023-05-10 09:40:41,SF2312,SF312,7276.0,0.0,0.0,0.0,1,7244.0,7278.0,3,7276.0,0.0,0.0,0.0,0.0,0.0,238
2023-05-10 09:40:43,SF2312,SF312,7276.0,0.0,0.0,0.0,1,7244.0,7278.0,2,7276.0,0.0,0.0,0.0,0.0,0.0,238
2023-05-10 09:41:08,SF2312,SF312,7276.0,0.0,0.0,0.0,1,7244.0,7264.0,1,7276.0,0.0,0.0,0.0,0.0,0.0,238
2023-05-10 09:41:11,SF2312,SF312,7276.0,0.0,0.0,0.0,1,7244.0,7278.0,2,7276.0,0.0,0.0,0.0,0.0,0.0,238
2023-05-10 09:41:35,SF2312,SF312,7276.0,0.0,0.0,0.0,1,7252.0,7278.0,2,7276.0,0.0,0.0,0.0,0.0,0.0,238
2023-05-10 09:41:45,SF2312,SF312,7276.0,0.0,0.0,0.0,1,7250.0,7278.0,2,7276.0,0.0,0.0,0.0,0.0,0.0,238
2023-05-10 09:41:48,SF2312,SF312,7276.0,0.0,0.0,0.0,1,7244.0,7276.0,1,7276.0,0.0,0.0,0.0,0.0,0.0,238
2023-05-10 09:41:55,SF2312,SF312,7276.0,0.0,0.0,0.0,1,7244.0,7278.0,3,7276.0,0.0,0.0,0.0,0.0,0.0,238
2023-05-10 09:41:56,SF2312,SF312,7276.0,0.0,0.0,0.0,1,7244.0,7278.0,4,7276.0,0.0,0.0,0.0,0.0,0.0,238
2023-05-10 09:42:01,SF2312,SF312,7276.0,0.0,0.0,0.0,1,7244.0,7276.0,1,7276.0,0.0,0.0,0.0,0.0,0.0,238
2023-05-10 09:42:02,SF2312,SF312,7276.0,0.0,0.0,0.0,1,7244.0,7276.0,2,7276.0,0.0,0.0,0.0,0.0,0.0,238
2023-05-10 09:42:11,SF2312,SF312,7276.0,0.0,0.0,0.0,1,7244.0,7274.0,1,7276.0,0.0,0.0,0.0,0.0,0.0,238
2023-05-10 09:42:12,SF2312,SF312,7276.0,0.0,0.0,0.0,1,7244.0,7274.0,2,7276.0,0.0,0.0,0.0,0.0,0.0,238
2023-05-10 09:42:16,SF2312,SF312,7276.0,0.0,0.0,0.0,1,7244.0,7274.0,1,7276.0,0.0,0.0,0.0,0.0,0.0,238
2023-05-10 09:42:17,SF2312,SF312,7276.0,0.0,0.0,0.0,1,7244.0,7276.0,1,7276.0,0.0,0.0,0.0,0.0,0.0,238
2023-05-10 09:42:17,SF2312,SF312,7276.0,0.0,0.0,0.0,1,7244.0,7276.0,2,7276.0,0.0,0.0,0.0,0.0,0.0,238
2023-05-10 09:42:58,SF2312,SF312,7276.0,0.0,0.0,0.0,1,7244.0,7274.0,1,7276.0,0.0,0.0,0.0,0.0,0.0,238
2023-05-10 09:42:58,SF2312,SF312,7276.0,0.0,0.0,0.0,1,7244.0,7276.0,1,7276.0,0.0,0.0,0.0,0.0,0.0,238
2023-05-10 09:42:59,SF2312,SF312,7276.0,0.0,0.0,0.0,1,7244.0,7274.0,1,7276.0,0.0,0.0,0.0,0.0,0.0,238
2023-05-10 09:43:05,SF2312,SF312,7276.0,0.0,0.0,0.0,1,7244.0,7276.0,1,7276.0,0.0,0.0,0.0,0.0,0.0,238
2023-05-10 09:43:05,SF2312,SF312,7276.0,0.0,0.0,0.0,1,7244.0,7276.0,2,7276.0,0.0,0.0,0.0,0.0,0.0,238
2023-05-10 09:43:16,SF2312,SF312,7276.0,0.0,0.0,0.0,1,7244.0,7274.0,2,7276.0,0.0,0.0,0.0,0.0,0.0,238
2023-05-10 09:43:21,SF2312,SF312,7276.0,0.0,0.0,0.0,1,7244.0,7274.0,3,7276.0,0.0,0.0,0.0,0.0,0.0,238
2023-05-10 09:43:21,SF2312,SF312,7276.0,0.0,0.0,0.0,1,7244.0,7274.0,2,7276.0,0.0,0.0,0.0,0.0,0.0,238
2023-05-10 09:43:22,SF2312,SF312,7276.0,0.0,0.0,0.0,1,7244.0,7274.0,3,7276.0,0.0,0.0,0.0,0.0,0.0,238
2023-05-10 09:43:27,SF2312,SF312,7276.0,0.0,0.0,0.0,1,7244.0,7274.0,4,7276.0,0.0,0.0,0.0,0.0,0.0,238
2023-05-10 09:43:28,SF2312,SF312,7276.0,0.0,0.0,0.0,1,7244.0,7274.0,3,7276.0,0.0,0.0,0.0,0.0,0.0,238
2023-05-10 09:43:28,SF2312,SF312,7276.0,0.0,0.0,0.0,1,7244.0,7274.0,2,7276.0,0.0,0.0,0.0,0.0,0.0,238
2023-05-10 09:46:55,SF2312,SF312,7276.0,0.0,0.0,0.0,1,7254.0,7274.0,2,7276.0,0.0,0.0,0.0,0.0,0.0,238
2023-05-10 09:47:20,SF2312,SF312,7276.0,0.0,0.0,0.0,1,7244.0,7274.0,2,7276.0,0.0,0.0,0.0,0.0,0.0,238
2023-05-10 09:47:52,SF2312,SF312,7276.0,0.0,0.0,0.0,1,7250.0,7274.0,2,7276.0,0.0,0.0,0.0,0.0,0.0,238
2023-05-10 09:48:16,SF2312,SF312,7276.0,0.0,0.0,0.0,1,7250.0,7280.0,1,7276.0,0.0,0.0,0.0,0.0,0.0,238
2023-05-10 09:48:19,SF2312,SF312,7276.0,0.0,0.0,0.0,1,7252.0,7280.0,1,7276.0,0.0,0.0,0.0,0.0,0.0,238
2023-05-10 09:48:52,SF2312,SF312,7276.0,0.0,0.0,0.0,1,7252.0,7278.0,2,7276.0,0.0,0.0,0.0,0.0,0.0,238
2023-05-10 09:53:07,SF2312,SF312,7276.0,0.0,0.0,0.0,1,7244.0,7278.0,2,7276.0,0.0,0.0,0.0,0.0,0.0,238
2023-05-10 09:53:12,SF2312,SF312,7276.0,0.0,0.0,0.0,1,7244.0,7278.0,3,7276.0,0.0,0.0,0.0,0.0,0.0,238
2023-05-10 09:53:12,SF2312,SF312,7276.0,0.0,0.0,0.0,1,7244.0,7278.0,4,7276.0,0.0,0.0,0.0,0.0,0.0,238
2023-05-10 09:53:12,SF2312,SF312,7276.0,0.0,0.0,0.0,1,7244.0,7278.0,3,7276.0,0.0,0.0,0.0,0.0,0.0,238
2023-05-10 09:53:14,SF2312,SF312,7276.0,0.0,0.0,0.0,1,7244.0,7278.0,2,7276.0,0.0,0.0,0.0,0.0,0.0,238
2023-05-10 09:53:17,SF2312,SF312,7276.0,0.0,0.0,0.0,1,7244.0,7278.0,3,7276.0,0.0,0.0,0.0,0.0,0.0,238
2023-05-10 09:53:17,SF2312,SF312,7276.0,0.0,0.0,0.0,1,7244.0,7278.0,4,7276.0,0.0,0.0,0.0,0.0,0.0,238
2023-05-10 09:53:36,SF2312,SF312,7276.0,0.0,0.0,0.0,1,7246.0,7278.0,4,7276.0,0.0,0.0,0.0,0.0,0.0,238
2023-05-10 09:53:54,SF2312,SF312,7276.0,0.0,0.0,0.0,1,7246.0,7278.0,2,7276.0,0.0,0.0,0.0,0.0,0.0,238
2023-05-10 09:54:33,SF2312,SF312,7276.0,0.0,0.0,0.0,1,7246.0,7276.0,2,7276.0,0.0,0.0,0.0,0.0,0.0,238
2023-05-10 09:55:15,SF2312,SF312,7276.0,0.0,0.0,0.0,1,7250.0,7276.0,2,7276.0,0.0,0.0,0.0,0.0,0.0,238
2023-05-10 09:55:49,SF2312,SF312,7276.0,0.0,0.0,0.0,1,7246.0,7276.0,2,7276.0,0.0,0.0,0.0,0.0,0.0,238
2023-05-10 09:56:01,SF2312,SF312,7276.0,0.0,0.0,0.0,1,7250.0,7276.0,2,7276.0,0.0,0.0,0.0,0.0,0.0,238
2023-05-10 09:56:40,SF2312,SF312,7276.0,0.0,0.0,0.0,1,7246.0,7276.0,2,7276.0,0.0,0.0,0.0,0.0,0.0,238
2023-05-10 09:57:33,SF2312,SF312,7276.0,0.0,0.0,0.0,1,7246.0,7276.0,3,7276.0,0.0,0.0,0.0,0.0,0.0,238
2023-05-10 09:57:33,SF2312,SF312,7276.0,0.0,0.0,0.0,1,7246.0,7276.0,4,7276.0,0.0,0.0,0.0,0.0,0.0,238
2023-05-10 09:58:24,SF2312,SF312,7276.0,0.0,0.0,0.0,1,7246.0,7276.0,3,7276.0,0.0,0.0,0.0,0.0,0.0,238
2023-05-10 09:58:24,SF2312,SF312,7276.0,0.0,0.0,0.0,1,7246.0,7276.0,2,7276.0,0.0,0.0,0.0,0.0,0.0,238
2023-05-10 09:58:27,SF2312,SF312,7276.0,0.0,0.0,0.0,1,7246.0,7276.0,3,7276.0,0.0,0.0,0.0,0.0,0.0,238
2023-05-10 09:58:27,SF2312,SF312,7276.0,0.0,0.0,0.0,1,7246.0,7276.0,4,7276.0,0.0,0.0,0.0,0.0,0.0,238
2023-05-10 09:59:02,SF2312,SF312,7276.0,0.0,0.0,0.0,1,7246.0,7276.0,3,7276.0,0.0,0.0,0.0,0.0,0.0,238
2023-05-10 09:59:03,SF2312,SF312,7276.0,0.0,0.0,0.0,1,7246.0,7276.0,2,7276.0,0.0,0.0,0.0,0.0,0.0,238
2023-05-10 09:59:33,SF2312,SF312,7276.0,0.0,0.0,0.0,1,7246.0,7278.0,1,7276.0,0.0,0.0,0.0,0.0,0.0,238
2023-05-10 09:59:34,SF2312,SF312,7276.0,0.0,0.0,0.0,1,7246.0,7278.0,2,7276.0,0.0,0.0,0.0,0.0,0.0,238
2023-05-10 09:59:56,SF2312,SF312,7276.0,0.0,0.0,0.0,1,7246.0,7278.0,1,7276.0,0.0,0.0,0.0,0.0,0.0,238
2023-05-10 09:59:57,SF2312,SF312,7276.0,0.0,0.0,0.0,1,7246.0,7280.0,2,7276.0,0.0,0.0,0.0,0.0,0.0,238
2023-05-10 09:59:58,SF2312,SF312,7276.0,0.0,0.0,0.0,1,7246.0,7280.0,3,7276.0,0.0,0.0,0.0,0.0,0.0,238
2023-05-10 10:00:08,SF2312,SF312,7276.0,0.0,0.0,0.0,1,7246.0,7278.0,2,7276.0,0.0,0.0,0.0,0.0,0.0,238
2023-05-10 10:01:21,SF2312,SF312,7276.0,0.0,0.0,0.0,1,7246.0,7278.0,3,7276.0,0.0,0.0,0.0,0.0,0.0,238
2023-05-10 10:01:22,SF2312,SF312,7276.0,0.0,0.0,0.0,1,7246.0,7278.0,4,7276.0,0.0,0.0,0.0,0.0,0.0,238
2023-05-10 10:01:41,SF2312,SF312,7276.0,0.0,0.0,0.0,1,7246.0,7276.0,1,7276.0,0.0,0.0,0.0,0.0,0.0,238
2023-05-10 10:01:42,SF2312,SF312,7276.0,0.0,0.0,0.0,1,7246.0,7276.0,2,7276.0,0.0,0.0,0.0,0.0,0.0,238
2023-05-10 10:01:45,SF2312,SF312,7276.0,0.0,0.0,0.0,1,7246.0,7276.0,1,7276.0,0.0,0.0,0.0,0.0,0.0,238
2023-05-10 10:01:45,SF2312,SF312,7276.0,0.0,0.0,0.0,1,7246.0,7278.0,3,7276.0,0.0,0.0,0.0,0.0,0.0,238
2023-05-10 10:01:52,SF2312,SF312,7276.0,0.0,0.0,0.0,1,7246.0,7276.0,1,7276.0,0.0,0.0,0.0,0.0,0.0,238
2023-05-10 10:01:55,SF2312,SF312,7276.0,0.0,0.0,0.0,1,7246.0,7278.0,4,7276.0,0.0,0.0,0.0,0.0,0.0,238
2023-05-10 10:01:55,SF2312,SF312,7276.0,0.0,0.0,0.0,1,7246.0,7276.0,1,7276.0,0.0,0.0,0.0,0.0,0.0,238
2023-05-10 10:01:57,SF2312,SF312,7276.0,0.0,0.0,0.0,1,7246.0,7276.0,2,7276.0,0.0,0.0,0.0,0.0,0.0,238
2023-05-10 10:02:45,SF2312,SF312,7276.0,0.0,0.0,0.0,1,7246.0,7276.0,1,7276.0,0.0,0.0,0.0,0.0,0.0,238
2023-05-10 10:02:45,SF2312,SF312,7276.0,0.0,0.0,0.0,1,7246.0,7278.0,1,7276.0,0.0,0.0,0.0,0.0,0.0,238
2023-05-10 10:02:46,SF2312,SF312,7276.0,0.0,0.0,0.0,1,7246.0,7278.0,2,7276.0,0.0,0.0,0.0,0.0,0.0,238
2023-05-10 10:02:56,SF2312,SF312,7276.0,0.0,0.0,0.0,1,7246.0,7276.0,2,7276.0,0.0,0.0,0.0,0.0,0.0,238
2023-05-10 10:04:02,SF2312,SF312,7276.0,0.0,0.0,0.0,1,7248.0,7276.0,2,7276.0,0.0,0.0,0.0,0.0,0.0,238
2023-05-10 10:06:21,SF2312,SF312,7276.0,0.0,0.0,0.0,1,7248.0,7264.0,1,7276.0,0.0,0.0,0.0,0.0,0.0,238
2023-05-10 10:06:34,SF2312,SF312,7276.0,0.0,0.0,0.0,1,7248.0,7276.0,2,7276.0,0.0,0.0,0.0,0.0,0.0,238
2023-05-10 10:07:56,SF2312,SF312,7276.0,0.0,0.0,0.0,1,7248.0,7280.0,1,7276.0,0.0,0.0,0.0,0.0,0.0,238
2023-05-10 10:08:32,SF2312,SF312,7276.0,0.0,0.0,0.0,1,7248.0,7278.0,2,7276.0,0.0,0.0,0.0,0.0,0.0,238
2023-05-10 10:12:07,SF2312,SF312,7276.0,0.0,0.0,0.0,1,7248.0,7278.0,3,7276.0,0.0,0.0,0.0,0.0,0.0,238
2023-05-10 10:12:08,SF2312,SF312,7276.0,0.0,0.0,0.0,1,7248.0,7278.0,4,7276.0,0.0,0.0,0.0,0.0,0.0,238
2023-05-10 10:12:10,SF2312,SF312,7276.0,0.0,0.0,0.0,1,7248.0,7278.0,3,7276.0,0.0,0.0,0.0,0.0,0.0,238
2023-05-10 10:12:16,SF2312,SF312,7276.0,0.0,0.0,0.0,1,7248.0,7278.0,2,7276.0,0.0,0.0,0.0,0.0,0.0,238
2023-05-10 10:13:32,SF2312,SF312,7276.0,0.0,0.0,0.0,1,7248.0,7280.0,1,7276.0,0.0,0.0,0.0,0.0,0.0,238
2023-05-10 10:13:44,SF2312,SF312,7276.0,0.0,0.0,0.0,1,7248.0,7280.0,2,7276.0,0.0,0.0,0.0,0.0,0.0,238
2023-05-10 10:13:45,SF2312,SF312,7276.0,0.0,0.0,0.0,1,7248.0,7280.0,3,7276.0,0.0,0.0,0.0,0.0,0.0,238
2023-05-10 10:13:58,SF2312,SF312,7276.0,0.0,0.0,0.0,1,7248.0,7278.0,1,7276.0,0.0,0.0,0.0,0.0,0.0,238
2023-05-10 10:13:59,SF2312,SF312,7276.0,0.0,0.0,0.0,1,7248.0,7278.0,2,7276.0,0.0,0.0,0.0,0.0,0.0,238
2023-05-10 10:14:07,SF2312,SF312,7276.0,0.0,0.0,0.0,1,7248.0,7276.0,2,7276.0,0.0,0.0,0.0,0.0,0.0,238
2023-05-10 10:14:30,SF2312,SF312,7276.0,0.0,0.0,0.0,1,7248.0,7276.0,3,7276.0,0.0,0.0,0.0,0.0,0.0,238
2023-05-10 10:14:37,SF2312,SF312,7276.0,0.0,0.0,0.0,1,7248.0,7276.0,2,7276.0,0.0,0.0,0.0,0.0,0.0,238
2023-05-10 10:14:41,SF2312,SF312,7276.0,0.0,0.0,0.0,1,7248.0,7276.0,3,7276.0,0.0,0.0,0.0,0.0,0.0,238
2023-05-10 10:14:41,SF2312,SF312,7276.0,0.0,0.0,0.0,1,7248.0,7276.0,4,7276.0,0.0,0.0,0.0,0.0,0.0,238
2023-05-10 10:14:43,SF2312,SF312,7276.0,0.0,0.0,0.0,1,7248.0,7276.0,3,7276.0,0.0,0.0,0.0,0.0,0.0,238
2023-05-10 10:14:49,SF2312,SF312,7276.0,0.0,0.0,0.0,1,7248.0,7276.0,2,7276.0,0.0,0.0,0.0,0.0,0.0,238
2023-05-10 10:30:15,SF2312,SF312,7276.0,0.0,0.0,0.0,1,7248.0,7280.0,2,7276.0,0.0,0.0,0.0,0.0,0.0,238
2023-05-10 10:30:17,SF2312,SF312,7276.0,0.0,0.0,0.0,1,7248.0,7278.0,2,7276.0,0.0,0.0,0.0,0.0,0.0,238
2023-05-10 10:30:22,SF2312,SF312,7276.0,0.0,0.0,0.0,1,7248.0,7278.0,3,7276.0,0.0,0.0,0.0,0.0,0.0,238
2023-05-10 10:30:23,SF2312,SF312,7276.0,0.0,0.0,0.0,1,7248.0,7278.0,4,7276.0,0.0,0.0,0.0,0.0,0.0,238
2023-05-10 10:30:41,SF2312,SF312,7276.0,0.0,0.0,0.0,1,7248.0,7276.0,1,7276.0,0.0,0.0,0.0,0.0,0.0,238
2023-05-10 10:30:42,SF2312,SF312,7276.0,0.0,0.0,0.0,1,7246.0,7276.0,2,7276.0,0.0,0.0,0.0,0.0,0.0,238
2023-05-10 10:31:42,SF2312,SF312,7276.0,0.0,0.0,0.0,1,7246.0,7274.0,2,7276.0,0.0,0.0,0.0,0.0,0.0,238
2023-05-10 10:31:43,SF2312,SF312,7276.0,0.0,0.0,0.0,1,7244.0,7274.0,2,7276.0,0.0,0.0,0.0,0.0,0.0,238
2023-05-10 10:31:43,SF2312,SF312,7276.0,0.0,0.0,0.0,1,7246.0,7272.0,1,7276.0,0.0,0.0,0.0,0.0,0.0,238
2023-05-10 10:31:44,SF2312,SF312,7276.0,0.0,0.0,0.0,1,7246.0,7274.0,3,7276.0,0.0,0.0,0.0,0.0,0.0,238
2023-05-10 10:31:44,SF2312,SF312,7276.0,0.0,0.0,0.0,1,7246.0,7272.0,1,7276.0,0.0,0.0,0.0,0.0,0.0,238
2023-05-10 10:31:45,SF2312,SF312,7276.0,0.0,0.0,0.0,1,7246.0,7272.0,2,7276.0,0.0,0.0,0.0,0.0,0.0,238
2023-05-10 10:31:46,SF2312,SF312,7276.0,0.0,0.0,0.0,1,7246.0,7272.0,1,7276.0,0.0,0.0,0.0,0.0,0.0,238
2023-05-10 10:31:46,SF2312,SF312,7276.0,0.0,0.0,0.0,1,7248.0,7274.0,2,7276.0,0.0,0.0,0.0,0.0,0.0,238
2023-05-10 10:32:13,SF2312,SF312,7276.0,0.0,0.0,0.0,1,7246.0,7274.0,2,7276.0,0.0,0.0,0.0,0.0,0.0,238
2023-05-10 10:32:22,SF2312,SF312,7276.0,0.0,0.0,0.0,1,7248.0,7274.0,2,7276.0,0.0,0.0,0.0,0.0,0.0,238
2023-05-10 10:32:36,SF2312,SF312,7276.0,0.0,0.0,0.0,1,7246.0,7274.0,2,7276.0,0.0,0.0,0.0,0.0,0.0,238
2023-05-10 10:34:15,SF2312,SF312,7276.0,0.0,0.0,0.0,1,7248.0,7274.0,2,7276.0,0.0,0.0,0.0,0.0,0.0,238
2023-05-10 10:35:49,SF2312,SF312,7276.0,0.0,0.0,0.0,1,7246.0,7274.0,2,7276.0,0.0,0.0,0.0,0.0,0.0,238
2023-05-10 10:36:44,SF2312,SF312,7276.0,0.0,0.0,0.0,1,7246.0,7280.0,2,7276.0,0.0,0.0,0.0,0.0,0.0,238
2023-05-10 10:36:55,SF2312,SF312,7276.0,0.0,0.0,0.0,1,7246.0,7280.0,3,7276.0,0.0,0.0,0.0,0.0,0.0,238
2023-05-10 10:37:24,SF2312,SF312,7276.0,0.0,0.0,0.0,1,7246.0,7278.0,2,7276.0,0.0,0.0,0.0,0.0,0.0,238
2023-05-10 10:38:05,SF2312,SF312,7276.0,0.0,0.0,0.0,1,7246.0,7276.0,1,7276.0,0.0,0.0,0.0,0.0,0.0,238
2023-05-10 10:38:06,SF2312,SF312,7276.0,0.0,0.0,0.0,1,7246.0,7276.0,2,7276.0,0.0,0.0,0.0,0.0,0.0,238
2023-05-10 10:38:12,SF2312,SF312,7276.0,0.0,0.0,0.0,1,7246.0,7276.0,1,7276.0,0.0,0.0,0.0,0.0,0.0,238
2023-05-10 10:38:13,SF2312,SF312,7276.0,0.0,0.0,0.0,1,7246.0,7278.0,3,7276.0,0.0,0.0,0.0,0.0,0.0,238
2023-05-10 10:38:14,SF2312,SF312,7276.0,0.0,0.0,0.0,1,7246.0,7276.0,1,7276.0,0.0,0.0,0.0,0.0,0.0,238
2023-05-10 10:38:19,SF2312,SF312,7276.0,0.0,0.0,0.0,1,7246.0,7278.0,3,7276.0,0.0,0.0,0.0,0.0,0.0,238
2023-05-10 10:38:20,SF2312,SF312,7276.0,0.0,0.0,0.0,1,7246.0,7278.0,4,7276.0,0.0,0.0,0.0,0.0,0.0,238
2023-05-10 10:38:42,SF2312,SF312,7276.0,0.0,0.0,0.0,1,7246.0,7278.0,3,7276.0,0.0,0.0,0.0,0.0,0.0,238
2023-05-10 10:38:42,SF2312,SF312,7276.0,0.0,0.0,0.0,1,7246.0,7278.0,2,7276.0,0.0,0.0,0.0,0.0,0.0,238
2023-05-10 10:38:54,SF2312,SF312,7276.0,0.0,0.0,0.0,1,7246.0,7278.0,3,7276.0,0.0,0.0,0.0,0.0,0.0,238
2023-05-10 10:38:54,SF2312,SF312,7276.0,0.0,0.0,0.0,1,7246.0,7278.0,4,7276.0,0.0,0.0,0.0,0.0,0.0,238
2023-05-10 10:39:17,SF2312,SF312,7276.0,0.0,0.0,0.0,1,7246.0,7278.0,3,7276.0,0.0,0.0,0.0,0.0,0.0,238
2023-05-10 10:39:17,SF2312,SF312,7276.0,0.0,0.0,0.0,1,7246.0,7278.0,2,7276.0,0.0,0.0,0.0,0.0,0.0,238
2023-05-10 10:39:23,SF2312,SF312,7276.0,0.0,0.0,0.0,1,7246.0,7278.0,3,7276.0,0.0,0.0,0.0,0.0,0.0,238
2023-05-10 10:39:26,SF2312,SF312,7276.0,0.0,0.0,0.0,1,7246.0,7278.0,4,7276.0,0.0,0.0,0.0,0.0,0.0,238
2023-05-10 10:39:27,SF2312,SF312,7276.0,0.0,0.0,0.0,1,7246.0,7276.0,1,7276.0,0.0,0.0,0.0,0.0,0.0,238
2023-05-10 10:39:28,SF2312,SF312,7276.0,0.0,0.0,0.0,1,7246.0,7276.0,2,7276.0,0.0,0.0,0.0,0.0,0.0,238
2023-05-10 10:39:45,SF2312,SF312,7276.0,0.0,0.0,0.0,1,7246.0,7274.0,1,7276.0,0.0,0.0,0.0,0.0,0.0,238
2023-05-10 10:39:46,SF2312,SF312,7276.0,0.0,0.0,0.0,1,7244.0,7274.0,1,7276.0,0.0,0.0,0.0,0.0,0.0,238
2023-05-10 10:40:12,SF2312,SF312,7276.0,0.0,0.0,0.0,1,7244.0,7276.0,2,7276.0,0.0,0.0,0.0,0.0,0.0,238
2023-05-10 10:40:13,SF2312,SF312,7276.0,0.0,0.0,0.0,1,7244.0,7274.0,2,7276.0,0.0,0.0,0.0,0.0,0.0,238
2023-05-10 10:45:13,SF2312,SF312,7276.0,0.0,0.0,0.0,1,7244.0,7280.0,1,7276.0,0.0,0.0,0.0,0.0,0.0,238
2023-05-10 10:45:45,SF2312,SF312,7276.0,0.0,0.0,0.0,1,7244.0,7278.0,2,7276.0,0.0,0.0,0.0,0.0,0.0,238
2023-05-10 10:45:45,SF2312,SF312,7276.0,0.0,0.0,0.0,2,7244.0,7278.0,2,7276.0,0.0,0.0,0.0,0.0,0.0,238
2023-05-10 10:50:45,SF2312,SF312,7276.0,0.0,0.0,0.0,2,7244.0,7280.0,1,7276.0,0.0,0.0,0.0,0.0,0.0,238
2023-05-10 10:51:17,SF2312,SF312,7276.0,0.0,0.0,0.0,2,7244.0,7278.0,2,7276.0,0.0,0.0,0.0,0.0,0.0,238
2023-05-10 10:52:51,SF2312,SF312,7276.0,0.0,0.0,0.0,3,7244.0,7278.0,2,7276.0,0.0,0.0,0.0,0.0,0.0,238
2023-05-10 10:52:51,SF2312,SF312,7276.0,0.0,0.0,0.0,4,7244.0,7278.0,2,7276.0,0.0,0.0,0.0,0.0,0.0,238
2023-05-10 10:52:53,SF2312,SF312,7276.0,0.0,0.0,0.0,5,7244.0,7278.0,2,7276.0,0.0,0.0,0.0,0.0,0.0,238
2023-05-10 10:52:53,SF2312,SF312,7276.0,0.0,0.0,0.0,4,7244.0,7278.0,2,7276.0,0.0,0.0,0.0,0.0,0.0,238
2023-05-10 10:52:55,SF2312,SF312,7276.0,0.0,0.0,0.0,3,7244.0,7278.0,2,7276.0,0.0,0.0,0.0,0.0,0.0,238
2023-05-10 10:52:56,SF2312,SF312,7276.0,0.0,0.0,0.0,2,7244.0,7278.0,2,7276.0,0.0,0.0,0.0,0.0,0.0,238
2023-05-10 10:53:05,SF2312,SF312,7276.0,0.0,0.0,0.0,5,7244.0,7278.0,2,7276.0,0.0,0.0,0.0,0.0,0.0,238
2023-05-10 10:53:09,SF2312,SF312,7276.0,0.0,0.0,0.0,6,7244.0,7280.0,1,7276.0,0.0,0.0,0.0,0.0,0.0,238
2023-05-10 10:53:09,SF2312,SF312,7276.0,0.0,0.0,0.0,3,7244.0,7280.0,1,7276.0,0.0,0.0,0.0,0.0,0.0,238
2023-05-10 10:53:10,SF2312,SF312,7276.0,0.0,0.0,0.0,3,7246.0,7280.0,1,7276.0,0.0,0.0,0.0,0.0,0.0,238
2023-05-10 10:53:21,SF2312,SF312,7276.0,0.0,0.0,0.0,3,7246.0,7280.0,3,7276.0,0.0,0.0,0.0,0.0,0.0,238
2023-05-10 10:53:24,SF2312,SF312,7276.0,0.0,0.0,0.0,1,7244.0,7280.0,3,7276.0,0.0,0.0,0.0,0.0,0.0,238
2023-05-10 10:53:24,SF2312,SF312,7276.0,0.0,0.0,0.0,5,7244.0,7280.0,3,7276.0,0.0,0.0,0.0,0.0,0.0,238
2023-05-10 10:53:39,SF2312,SF312,7276.0,0.0,0.0,0.0,6,7244.0,7280.0,3,7276.0,0.0,0.0,0.0,0.0,0.0,238
2023-05-10 10:53:41,SF2312,SF312,7276.0,0.0,0.0,0.0,3,7244.0,7280.0,3,7276.0,0.0,0.0,0.0,0.0,0.0,238
2023-05-10 10:53:41,SF2312,SF312,7276.0,0.0,0.0,0.0,3,7246.0,7280.0,3,7276.0,0.0,0.0,0.0,0.0,0.0,238
2023-05-10 10:53:44,SF2312,SF312,7276.0,0.0,0.0,0.0,2,7244.0,7280.0,3,7276.0,0.0,0.0,0.0,0.0,0.0,238
2023-05-10 10:53:45,SF2312,SF312,7276.0,0.0,0.0,0.0,5,7244.0,7280.0,3,7276.0,0.0,0.0,0.0,0.0,0.0,238
2023-05-10 10:53:55,SF2312,SF312,7276.0,0.0,0.0,0.0,2,7244.0,7280.0,3,7276.0,0.0,0.0,0.0,0.0,0.0,238
2023-05-10 10:54:02,SF2312,SF312,7276.0,0.0,0.0,0.0,5,7244.0,7280.0,3,7276.0,0.0,0.0,0.0,0.0,0.0,238
2023-05-10 10:54:04,SF2312,SF312,7276.0,0.0,0.0,0.0,2,7244.0,7280.0,3,7276.0,0.0,0.0,0.0,0.0,0.0,238
2023-05-10 10:58:22,SF2312,SF312,7276.0,0.0,0.0,0.0,2,7244.0,7280.0,1,7276.0,0.0,0.0,0.0,0.0,0.0,238
2023-05-10 10:58:54,SF2312,SF312,7276.0,0.0,0.0,0.0,2,7244.0,7278.0,2,7276.0,0.0,0.0,0.0,0.0,0.0,238
2023-05-10 11:02:53,SF2312,SF312,7276.0,0.0,0.0,0.0,2,7244.0,7278.0,3,7276.0,0.0,0.0,0.0,0.0,0.0,238
2023-05-10 11:02:57,SF2312,SF312,7276.0,0.0,0.0,0.0,2,7244.0,7276.0,1,7276.0,0.0,0.0,0.0,0.0,0.0,238
2023-05-10 11:03:04,SF2312,SF312,7276.0,0.0,0.0,0.0,2,7244.0,7278.0,3,7276.0,0.0,0.0,0.0,0.0,0.0,238
2023-05-10 11:03:04,SF2312,SF312,7276.0,0.0,0.0,0.0,1,7244.0,7278.0,3,7276.0,0.0,0.0,0.0,0.0,0.0,238
2023-05-10 11:03:22,SF2312,SF312,7276.0,0.0,0.0,0.0,1,7244.0,7278.0,2,7276.0,0.0,0.0,0.0,0.0,0.0,238
2023-05-10 11:03:54,SF2312,SF312,7276.0,0.0,0.0,0.0,1,7244.0,7280.0,1,7276.0,0.0,0.0,0.0,0.0,0.0,238
2023-05-10 11:03:57,SF2312,SF312,7276.0,0.0,0.0,0.0,1,7244.0,7280.0,2,7276.0,0.0,0.0,0.0,0.0,0.0,238
2023-05-10 11:03:57,SF2312,SF312,7276.0,0.0,0.0,0.0,1,7244.0,7278.0,1,7276.0,0.0,0.0,0.0,0.0,0.0,238
2023-05-10 11:03:58,SF2312,SF312,7276.0,0.0,0.0,0.0,1,7244.0,7280.0,3,7276.0,0.0,0.0,0.0,0.0,0.0,238
2023-05-10 11:03:58,SF2312,SF312,7276.0,0.0,0.0,0.0,1,7244.0,7278.0,1,7276.0,0.0,0.0,0.0,0.0,0.0,238
2023-05-10 11:04:29,SF2312,SF312,7276.0,0.0,0.0,0.0,1,7244.0,7276.0,2,7276.0,0.0,0.0,0.0,0.0,0.0,238
2023-05-10 11:09:30,SF2312,SF312,7276.0,0.0,0.0,0.0,1,7244.0,7280.0,1,7276.0,0.0,0.0,0.0,0.0,0.0,238
2023-05-10 11:10:01,SF2312,SF312,7276.0,0.0,0.0,0.0,1,7244.0,7278.0,2,7276.0,0.0,0.0,0.0,0.0,0.0,238
2023-05-10 11:15:01,SF2312,SF312,7276.0,0.0,0.0,0.0,1,7244.0,7280.0,1,7276.0,0.0,0.0,0.0,0.0,0.0,238
2023-05-10 11:15:39,SF2312,SF312,7276.0,0.0,0.0,0.0,1,7244.0,7278.0,2,7276.0,0.0,0.0,0.0,0.0,0.0,238
2023-05-10 11:17:18,SF2312,SF312,7276.0,0.0,0.0,0.0,1,7244.0,7278.0,3,7276.0,0.0,0.0,0.0,0.0,0.0,238
2023-05-10 11:17:25,SF2312,SF312,7276.0,0.0,0.0,0.0,1,7244.0,7276.0,1,7276.0,0.0,0.0,0.0,0.0,0.0,238
2023-05-10 11:18:16,SF2312,SF312,7276.0,0.0,0.0,0.0,1,7244.0,7278.0,1,7276.0,0.0,0.0,0.0,0.0,0.0,238
2023-05-10 11:18:26,SF2312,SF312,7276.0,0.0,0.0,0.0,1,7244.0,7276.0,2,7276.0,0.0,0.0,0.0,0.0,0.0,238
2023-05-10 11:19:59,SF2312,SF312,7276.0,0.0,0.0,0.0,1,7244.0,7276.0,3,7276.0,0.0,0.0,0.0,0.0,0.0,238
2023-05-10 11:20:16,SF2312,SF312,7276.0,0.0,0.0,0.0,1,7244.0,7276.0,2,7276.0,0.0,0.0,0.0,0.0,0.0,238
2023-05-10 11:20:17,SF2312,SF312,7276.0,0.0,0.0,0.0,1,7244.0,7276.0,3,7276.0,0.0,0.0,0.0,0.0,0.0,238
2023-05-10 11:20:28,SF2312,SF312,7276.0,0.0,0.0,0.0,1,7244.0,7276.0,2,7276.0,0.0,0.0,0.0,0.0,0.0,238
2023-05-10 11:20:46,SF2312,SF312,7276.0,0.0,0.0,0.0,1,7244.0,7260.0,1,7276.0,0.0,0.0,0.0,0.0,0.0,238
2023-05-10 11:21:57,SF2312,SF312,7276.0,0.0,0.0,0.0,1,7244.0,7280.0,2,7276.0,0.0,0.0,0.0,0.0,0.0,238
2023-05-10 11:22:00,SF2312,SF312,7276.0,0.0,0.0,0.0,1,7244.0,7280.0,1,7276.0,0.0,0.0,0.0,0.0,0.0,238
2023-05-10 11:22:36,SF2312,SF312,7276.0,0.0,0.0,0.0,1,7244.0,7278.0,2,7276.0,0.0,0.0,0.0,0.0,0.0,238
2023-05-10 11:24:10,SF2312,SF312,7276.0,0.0,0.0,0.0,1,7244.0,7278.0,3,7276.0,0.0,0.0,0.0,0.0,0.0,238
2023-05-10 11:24:19,SF2312,SF312,7276.0,0.0,0.0,0.0,1,7244.0,7276.0,1,7276.0,0.0,0.0,0.0,0.0,0.0,238
2023-05-10 11:24:23,SF2312,SF312,7276.0,0.0,0.0,0.0,1,7244.0,7274.0,1,7276.0,0.0,0.0,0.0,0.0,0.0,238
2023-05-10 11:24:28,SF2312,SF312,7276.0,0.0,0.0,0.0,1,7244.0,7276.0,2,7276.0,0.0,0.0,0.0,0.0,0.0,238
2023-05-10 11:24:28,SF2312,SF312,7276.0,0.0,0.0,0.0,1,7244.0,7276.0,1,7276.0,0.0,0.0,0.0,0.0,0.0,238
2023-05-10 11:25:19,SF2312,SF312,7276.0,0.0,0.0,0.0,1,7244.0,7278.0,1,7276.0,0.0,0.0,0.0,0.0,0.0,238
2023-05-10 11:25:22,SF2312,SF312,7276.0,0.0,0.0,0.0,1,7244.0,7276.0,2,7276.0,0.0,0.0,0.0,0.0,0.0,238
2023-05-10 11:25:46,SF2312,SF312,7276.0,0.0,0.0,0.0,1,7244.0,7276.0,3,7276.0,0.0,0.0,0.0,0.0,0.0,238
2023-05-10 11:28:07,SF2312,SF312,7276.0,0.0,0.0,0.0,1,7244.0,7276.0,2,7276.0,0.0,0.0,0.0,0.0,0.0,238
2023-05-10 11:28:51,SF2312,SF312,7276.0,0.0,0.0,0.0,1,7244.0,7276.0,3,7276.0,0.0,0.0,0.0,0.0,0.0,238
2023-05-10 11:29:12,SF2312,SF312,7276.0,0.0,0.0,0.0,1,7244.0,7274.0,1,7276.0,0.0,0.0,0.0,0.0,0.0,238
2023-05-10 11:29:13,SF2312,SF312,7276.0,0.0,0.0,0.0,1,7244.0,7272.0,1,7276.0,0.0,0.0,0.0,0.0,0.0,238
2023-05-10 11:29:17,SF2312,SF312,7276.0,0.0,0.0,0.0,1,7242.0,7270.0,1,7276.0,0.0,0.0,0.0,0.0,0.0,238
2023-05-10 11:29:18,SF2312,SF312,7276.0,0.0,0.0,0.0,1,7240.0,7270.0,1,7276.0,0.0,0.0,0.0,0.0,0.0,238
2023-05-10 11:29:19,SF2312,SF312,7276.0,0.0,0.0,0.0,1,7242.0,7270.0,1,7276.0,0.0,0.0,0.0,0.0,0.0,238
2023-05-10 11:29:38,SF2312,SF312,7276.0,0.0,0.0,0.0,1,7240.0,7270.0,1,7276.0,0.0,0.0,0.0,0.0,0.0,238
2023-05-10 11:29:40,SF2312,SF312,7276.0,0.0,0.0,0.0,1,7240.0,7272.0,1,7276.0,0.0,0.0,0.0,0.0,0.0,238
2023-05-10 11:29:44,SF2312,SF312,7276.0,0.0,0.0,0.0,1,7240.0,7270.0,1,7276.0,0.0,0.0,0.0,0.0,0.0,238
2023-05-10 11:29:50,SF2312,SF312,7276.0,0.0,0.0,0.0,1,7240.0,7272.0,1,7276.0,0.0,0.0,0.0,0.0,0.0,238
2023-05-10 11:29:51,SF2312,SF312,7276.0,0.0,0.0,0.0,1,7240.0,7276.0,1,7276.0,0.0,0.0,0.0,0.0,0.0,238
2023-05-10 13:30:01,SF2312,SF312,7276.0,0.0,0.0,0.0,1,7234.0,7276.0,1,7276.0,0.0,0.0,0.0,0.0,0.0,238
2023-05-10 13:30:01,SF2312,SF312,7276.0,0.0,0.0,0.0,1,7238.0,7274.0,1,7276.0,0.0,0.0,0.0,0.0,0.0,238
2023-05-10 13:30:02,SF2312,SF312,7276.0,0.0,0.0,0.0,1,7236.0,7274.0,4,7276.0,0.0,0.0,0.0,0.0,0.0,238
2023-05-10 13:30:04,SF2312,SF312,7276.0,0.0,0.0,0.0,1,7236.0,7276.0,1,7276.0,0.0,0.0,0.0,0.0,0.0,238
2023-05-10 13:30:06,SF2312,SF312,7276.0,0.0,0.0,0.0,1,7236.0,7276.0,5,7276.0,0.0,0.0,0.0,0.0,0.0,238
2023-05-10 13:30:07,SF2312,SF312,7276.0,0.0,0.0,0.0,1,7236.0,7270.0,1,7276.0,0.0,0.0,0.0,0.0,0.0,238
2023-05-10 13:30:08,SF2312,SF312,7276.0,0.0,0.0,0.0,1,7236.0,7268.0,1,7276.0,0.0,0.0,0.0,0.0,0.0,238
2023-05-10 13:30:09,SF2312,SF312,7276.0,0.0,0.0,0.0,1,7236.0,7270.0,2,7276.0,0.0,0.0,0.0,0.0,0.0,238
2023-05-10 13:30:11,SF2312,SF312,7276.0,0.0,0.0,0.0,1,7236.0,7270.0,1,7276.0,0.0,0.0,0.0,0.0,0.0,238
2023-05-10 13:30:12,SF2312,SF312,7276.0,0.0,0.0,0.0,1,7236.0,7276.0,1,7276.0,0.0,0.0,0.0,0.0,0.0,238
2023-05-10 13:30:12,SF2312,SF312,7276.0,0.0,0.0,0.0,1,7236.0,7274.0,1,7276.0,0.0,0.0,0.0,0.0,0.0,238
2023-05-10 13:30:14,SF2312,SF312,7276.0,0.0,0.0,0.0,1,7236.0,7272.0,2,7276.0,0.0,0.0,0.0,0.0,0.0,238
2023-05-10 13:30:23,SF2312,SF312,7276.0,0.0,0.0,0.0,1,7236.0,7272.0,3,7276.0,0.0,0.0,0.0,0.0,0.0,238
2023-05-10 13:30:25,SF2312,SF312,7276.0,0.0,0.0,0.0,1,7236.0,7270.0,1,7276.0,0.0,0.0,0.0,0.0,0.0,238
2023-05-10 13:30:27,SF2312,SF312,7276.0,0.0,0.0,0.0,1,7236.0,7268.0,1,7276.0,0.0,0.0,0.0,0.0,0.0,238
2023-05-10 13:30:29,SF2312,SF312,7276.0,0.0,0.0,0.0,1,7236.0,7270.0,2,7276.0,0.0,0.0,0.0,0.0,0.0,238
2023-05-10 13:30:29,SF2312,SF312,7276.0,0.0,0.0,0.0,1,7236.0,7270.0,1,7276.0,0.0,0.0,0.0,0.0,0.0,238
2023-05-10 13:30:41,SF2312,SF312,7276.0,0.0,0.0,0.0,1,7236.0,7268.0,1,7276.0,0.0,0.0,0.0,0.0,0.0,238
2023-05-10 13:30:47,SF2312,SF312,7276.0,0.0,0.0,0.0,1,7236.0,7266.0,1,7276.0,0.0,0.0,0.0,0.0,0.0,238
2023-05-10 13:30:47,SF2312,SF312,7276.0,0.0,0.0,0.0,1,7234.0,7266.0,1,7276.0,0.0,0.0,0.0,0.0,0.0,238
2023-05-10 13:30:47,SF2312,SF312,7276.0,0.0,0.0,0.0,1,7232.0,7264.0,1,7276.0,0.0,0.0,0.0,0.0,0.0,238
2023-05-10 13:30:48,SF2312,SF312,7276.0,0.0,0.0,0.0,1,7230.0,7262.0,1,7276.0,0.0,0.0,0.0,0.0,0.0,238
2023-05-10 13:30:49,SF2312,SF312,7276.0,0.0,0.0,0.0,1,7230.0,7260.0,1,7276.0,0.0,0.0,0.0,0.0,0.0,238
2023-05-10 13:30:49,SF2312,SF312,7276.0,0.0,0.0,0.0,1,7230.0,7262.0,2,7276.0,0.0,0.0,0.0,0.0,0.0,238
2023-05-10 13:30:51,SF2312,SF312,7276.0,0.0,0.0,0.0,1,7226.0,7260.0,1,7276.0,0.0,0.0,0.0,0.0,0.0,238
2023-05-10 13:30:51,SF2312,SF312,7276.0,0.0,0.0,0.0,1,7230.0,7260.0,1,7276.0,0.0,0.0,0.0,0.0,0.0,238
2023-05-10 13:30:52,SF2312,SF312,7276.0,0.0,0.0,0.0,1,7230.0,7262.0,2,7276.0,0.0,0.0,0.0,0.0,0.0,238
2023-05-10 13:30:52,SF2312,SF312,7276.0,0.0,0.0,0.0,1,7230.0,7262.0,1,7276.0,0.0,0.0,0.0,0.0,0.0,238
2023-05-10 13:30:54,SF2312,SF312,7276.0,0.0,0.0,0.0,1,7226.0,7258.0,1,7276.0,0.0,0.0,0.0,0.0,0.0,238
2023-05-10 13:30:55,SF2312,SF312,7276.0,0.0,0.0,0.0,1,7226.0,7256.0,1,7276.0,0.0,0.0,0.0,0.0,0.0,238
2023-05-10 13:30:56,SF2312,SF312,7276.0,0.0,0.0,0.0,1,7224.0,7258.0,2,7276.0,0.0,0.0,0.0,0.0,0.0,238
2023-05-10 13:30:57,SF2312,SF312,7276.0,0.0,0.0,0.0,1,7228.0,7256.0,1,7276.0,0.0,0.0,0.0,0.0,0.0,238
2023-05-10 13:30:57,SF2312,SF312,7276.0,0.0,0.0,0.0,1,7226.0,7256.0,1,7276.0,0.0,0.0,0.0,0.0,0.0,238
2023-05-10 13:31:01,SF2312,SF312,7276.0,0.0,0.0,0.0,1,7226.0,7258.0,2,7276.0,0.0,0.0,0.0,0.0,0.0,238
2023-05-10 13:31:01,SF2312,SF312,7276.0,0.0,0.0,0.0,1,7226.0,7258.0,1,7276.0,0.0,0.0,0.0,0.0,0.0,238
2023-05-10 13:31:11,SF2312,SF312,7276.0,0.0,0.0,0.0,1,7224.0,7256.0,1,7276.0,0.0,0.0,0.0,0.0,0.0,238
2023-05-10 13:31:12,SF2312,SF312,7276.0,0.0,0.0,0.0,1,7224.0,7252.0,1,7276.0,0.0,0.0,0.0,0.0,0.0,238
2023-05-10 13:31:12,SF2312,SF312,7276.0,0.0,0.0,0.0,1,7222.0,7252.0,1,7276.0,0.0,0.0,0.0,0.0,0.0,238
2023-05-10 13:31:13,SF2312,SF312,7276.0,0.0,0.0,0.0,1,7218.0,7250.0,1,7276.0,0.0,0.0,0.0,0.0,0.0,238
2023-05-10 13:31:13,SF2312,SF312,7276.0,0.0,0.0,0.0,1,7208.0,7246.0,1,7276.0,0.0,0.0,0.0,0.0,0.0,238
2023-05-10 13:31:13,SF2312,SF312,7276.0,0.0,0.0,0.0,1,7212.0,7258.0,1,7276.0,0.0,0.0,0.0,0.0,0.0,238
2023-05-10 13:31:14,SF2312,SF312,7276.0,0.0,0.0,0.0,1,7212.0,7250.0,1,7276.0,0.0,0.0,0.0,0.0,0.0,238
2023-05-10 13:31:15,SF2312,SF312,7276.0,0.0,0.0,0.0,1,7212.0,7248.0,1,7276.0,0.0,0.0,0.0,0.0,0.0,238
2023-05-10 13:31:15,SF2312,SF312,7276.0,0.0,0.0,0.0,1,7212.0,7244.0,1,7276.0,0.0,0.0,0.0,0.0,0.0,238
2023-05-10 13:31:16,SF2312,SF312,7276.0,0.0,0.0,0.0,1,7212.0,7248.0,1,7276.0,0.0,0.0,0.0,0.0,0.0,238
2023-05-10 13:31:16,SF2312,SF312,7276.0,0.0,0.0,0.0,1,7212.0,7250.0,2,7276.0,0.0,0.0,0.0,0.0,0.0,238
2023-05-10 13:31:17,SF2312,SF312,7276.0,0.0,0.0,0.0,1,7212.0,7248.0,1,7276.0,0.0,0.0,0.0,0.0,0.0,238
2023-05-10 13:31:18,SF2312,SF312,7276.0,0.0,0.0,0.0,1,7212.0,7246.0,1,7276.0,0.0,0.0,0.0,0.0,0.0,238
2023-05-10 13:31:19,SF2312,SF312,7276.0,0.0,0.0,0.0,1,7212.0,7250.0,1,7276.0,0.0,0.0,0.0,0.0,0.0,238
2023-05-10 13:31:19,SF2312,SF312,7276.0,0.0,0.0,0.0,1,7212.0,7252.0,1,7276.0,0.0,0.0,0.0,0.0,0.0,238
2023-05-10 13:31:20,SF2312,SF312,7276.0,0.0,0.0,0.0,1,7212.0,7254.0,1,7276.0,0.0,0.0,0.0,0.0,0.0,238
2023-05-10 13:31:20,SF2312,SF312,7276.0,0.0,0.0,0.0,1,7212.0,7256.0,1,7276.0,0.0,0.0,0.0,0.0,0.0,238
2023-05-10 13:31:21,SF2312,SF312,7276.0,0.0,0.0,0.0,1,7212.0,7258.0,1,7276.0,0.0,0.0,0.0,0.0,0.0,238
2023-05-10 13:31:22,SF2312,SF312,7276.0,0.0,0.0,0.0,1,7212.0,7254.0,1,7276.0,0.0,0.0,0.0,0.0,0.0,238
2023-05-10 13:31:22,SF2312,SF312,7276.0,0.0,0.0,0.0,1,7212.0,7252.0,1,7276.0,0.0,0.0,0.0,0.0,0.0,238
2023-05-10 13:31:25,SF2312,SF312,7276.0,0.0,0.0,0.0,1,7212.0,7248.0,1,7276.0,0.0,0.0,0.0,0.0,0.0,238
2023-05-10 13:31:28,SF2312,SF312,7276.0,0.0,0.0,0.0,1,7212.0,7250.0,2,7276.0,0.0,0.0,0.0,0.0,0.0,238
2023-05-10 13:31:28,SF2312,SF312,7276.0,0.0,0.0,0.0,1,7212.0,7250.0,1,7276.0,0.0,0.0,0.0,0.0,0.0,238
2023-05-10 13:31:29,SF2312,SF312,7276.0,0.0,0.0,0.0,1,7212.0,7252.0,1,7276.0,0.0,0.0,0.0,0.0,0.0,238
2023-05-10 13:31:34,SF2312,SF312,7276.0,0.0,0.0,0.0,1,7212.0,7250.0,1,7276.0,0.0,0.0,0.0,0.0,0.0,238
2023-05-10 13:31:35,SF2312,SF312,7276.0,0.0,0.0,0.0,1,7212.0,7252.0,1,7276.0,0.0,0.0,0.0,0.0,0.0,238
2023-05-10 13:31:35,SF2312,SF312,7276.0,0.0,0.0,0.0,1,7212.0,7250.0,1,7276.0,0.0,0.0,0.0,0.0,0.0,238
2023-05-10 13:31:38,SF2312,SF312,7276.0,0.0,0.0,0.0,1,7212.0,7248.0,1,7276.0,0.0,0.0,0.0,0.0,0.0,238
2023-05-10 13:31:39,SF2312,SF312,7276.0,0.0,0.0,0.0,1,7212.0,7250.0,1,7276.0,0.0,0.0,0.0,0.0,0.0,238
2023-05-10 13:31:39,SF2312,SF312,7276.0,0.0,0.0,0.0,1,7212.0,7252.0,1,7276.0,0.0,0.0,0.0,0.0,0.0,238
2023-05-10 13:31:40,SF2312,SF312,7276.0,0.0,0.0,0.0,1,7212.0,7250.0,1,7276.0,0.0,0.0,0.0,0.0,0.0,238
2023-05-10 13:31:41,SF2312,SF312,7276.0,0.0,0.0,0.0,1,7212.0,7252.0,1,7276.0,0.0,0.0,0.0,0.0,0.0,238
2023-05-10 13:31:42,SF2312,SF312,7276.0,0.0,0.0,0.0,1,7212.0,7250.0,2,7276.0,0.0,0.0,0.0,0.0,0.0,238
2023-05-10 13:31:44,SF2312,SF312,7276.0,0.0,0.0,0.0,1,7220.0,7250.0,2,7276.0,0.0,0.0,0.0,0.0,0.0,238
2023-05-10 13:32:33,SF2312,SF312,7276.0,0.0,0.0,0.0,3,7220.0,7250.0,2,7276.0,0.0,0.0,0.0,0.0,0.0,238
2023-05-10 13:32:33,SF2312,SF312,7276.0,0.0,0.0,0.0,5,7220.0,7250.0,2,7276.0,0.0,0.0,0.0,0.0,0.0,238
2023-05-10 13:32:36,SF2312,SF312,7276.0,0.0,0.0,0.0,2,7220.0,7250.0,2,7276.0,0.0,0.0,0.0,0.0,0.0,238
2023-05-10 13:36:43,SF2312,SF312,7276.0,0.0,0.0,0.0,2,7220.0,7266.0,1,7276.0,0.0,0.0,0.0,0.0,0.0,238
2023-05-10 13:37:04,SF2312,SF312,7276.0,0.0,0.0,0.0,2,7220.0,7268.0,1,7276.0,0.0,0.0,0.0,0.0,0.0,238
2023-05-10 13:37:06,SF2312,SF312,7276.0,0.0,0.0,0.0,2,7220.0,7266.0,1,7276.0,0.0,0.0,0.0,0.0,0.0,238
2023-05-10 13:37:11,SF2312,SF312,7276.0,0.0,0.0,0.0,2,7220.0,7270.0,1,7276.0,0.0,0.0,0.0,0.0,0.0,238
2023-05-10 13:37:11,SF2312,SF312,7276.0,0.0,0.0,0.0,2,7220.0,7272.0,1,7276.0,0.0,0.0,0.0,0.0,0.0,238
2023-05-10 13:37:12,SF2312,SF312,7276.0,0.0,0.0,0.0,4,7220.0,7274.0,1,7276.0,0.0,0.0,0.0,0.0,0.0,238
2023-05-10 13:37:13,SF2312,SF312,7276.0,0.0,0.0,0.0,5,7220.0,7276.0,1,7276.0,0.0,0.0,0.0,0.0,0.0,238
2023-05-10 13:37:14,SF2312,SF312,7276.0,0.0,0.0,0.0,6,7220.0,7276.0,1,7276.0,0.0,0.0,0.0,0.0,0.0,238
2023-05-10 13:37:15,SF2312,SF312,7276.0,0.0,0.0,0.0,4,7220.0,7272.0,1,7276.0,0.0,0.0,0.0,0.0,0.0,238
2023-05-10 13:37:15,SF2312,SF312,7276.0,0.0,0.0,0.0,6,7220.0,7268.0,1,7276.0,0.0,0.0,0.0,0.0,0.0,238
2023-05-10 13:37:16,SF2312,SF312,7276.0,0.0,0.0,0.0,5,7220.0,7268.0,1,7276.0,0.0,0.0,0.0,0.0,0.0,238
2023-05-10 13:37:16,SF2312,SF312,7276.0,0.0,0.0,0.0,4,7220.0,7268.0,1,7276.0,0.0,0.0,0.0,0.0,0.0,238
2023-05-10 13:37:19,SF2312,SF312,7276.0,0.0,0.0,0.0,2,7220.0,7268.0,1,7276.0,0.0,0.0,0.0,0.0,0.0,238
2023-05-10 13:37:20,SF2312,SF312,7276.0,0.0,0.0,0.0,2,7220.0,7266.0,2,7276.0,0.0,0.0,0.0,0.0,0.0,238
2023-05-10 13:37:38,SF2312,SF312,7276.0,0.0,0.0,0.0,2,7220.0,7266.0,3,7276.0,0.0,0.0,0.0,0.0,0.0,238
2023-05-10 13:37:52,SF2312,SF312,7276.0,0.0,0.0,0.0,2,7220.0,7264.0,1,7276.0,0.0,0.0,0.0,0.0,0.0,238
2023-05-10 13:37:53,SF2312,SF312,7276.0,0.0,0.0,0.0,2,7220.0,7266.0,3,7276.0,0.0,0.0,0.0,0.0,0.0,238
2023-05-10 13:37:55,SF2312,SF312,7276.0,0.0,0.0,0.0,2,7220.0,7266.0,2,7276.0,0.0,0.0,0.0,0.0,0.0,238
2023-05-10 13:37:58,SF2312,SF312,7276.0,0.0,0.0,0.0,2,7220.0,7266.0,3,7276.0,0.0,0.0,0.0,0.0,0.0,238
2023-05-10 13:38:05,SF2312,SF312,7276.0,0.0,0.0,0.0,2,7220.0,7266.0,2,7276.0,0.0,0.0,0.0,0.0,0.0,238
2023-05-10 13:38:07,SF2312,SF312,7276.0,0.0,0.0,0.0,2,7220.0,7266.0,3,7276.0,0.0,0.0,0.0,0.0,0.0,238
2023-05-10 13:38:07,SF2312,SF312,7276.0,0.0,0.0,0.0,2,7220.0,7266.0,2,7276.0,0.0,0.0,0.0,0.0,0.0,238
2023-05-10 13:38:08,SF2312,SF312,7276.0,0.0,0.0,0.0,2,7220.0,7266.0,3,7276.0,0.0,0.0,0.0,0.0,0.0,238
2023-05-10 13:38:09,SF2312,SF312,7276.0,0.0,0.0,0.0,2,7220.0,7266.0,2,7276.0,0.0,0.0,0.0,0.0,0.0,238
2023-05-10 13:38:47,SF2312,SF312,7276.0,0.0,0.0,0.0,3,7220.0,7266.0,2,7276.0,0.0,0.0,0.0,0.0,0.0,238
2023-05-10 13:38:52,SF2312,SF312,7276.0,0.0,0.0,0.0,2,7220.0,7266.0,2,7276.0,0.0,0.0,0.0,0.0,0.0,238
2023-05-10 13:38:54,SF2312,SF312,7276.0,0.0,0.0,0.0,4,7220.0,7266.0,2,7276.0,0.0,0.0,0.0,0.0,0.0,238
2023-05-10 13:39:22,SF2312,SF312,7276.0,0.0,0.0,0.0,2,7220.0,7266.0,2,7276.0,0.0,0.0,0.0,0.0,0.0,238
2023-05-10 13:39:36,SF2312,SF312,7276.0,0.0,0.0,0.0,4,7220.0,7266.0,2,7276.0,0.0,0.0,0.0,0.0,0.0,238
2023-05-10 13:39:46,SF2312,SF312,7276.0,0.0,0.0,0.0,2,7220.0,7266.0,2,7276.0,0.0,0.0,0.0,0.0,0.0,238
2023-05-10 13:39:46,SF2312,SF312,7276.0,0.0,0.0,0.0,2,7222.0,7266.0,2,7276.0,0.0,0.0,0.0,0.0,0.0,238
2023-05-10 13:39:53,SF2312,SF312,7276.0,0.0,0.0,0.0,3,7222.0,7266.0,2,7276.0,0.0,0.0,0.0,0.0,0.0,238
2023-05-10 13:39:56,SF2312,SF312,7276.0,0.0,0.0,0.0,2,7222.0,7266.0,2,7276.0,0.0,0.0,0.0,0.0,0.0,238
2023-05-10 13:39:56,SF2312,SF312,7276.0,0.0,0.0,0.0,1,7224.0,7266.0,2,7276.0,0.0,0.0,0.0,0.0,0.0,238
2023-05-10 13:39:57,SF2312,SF312,7276.0,0.0,0.0,0.0,2,7226.0,7266.0,2,7276.0,0.0,0.0,0.0,0.0,0.0,238
2023-05-10 13:40:14,SF2312,SF312,7276.0,0.0,0.0,0.0,1,7226.0,7266.0,2,7276.0,0.0,0.0,0.0,0.0,0.0,238
2023-05-10 13:42:21,SF2312,SF312,7276.0,0.0,0.0,0.0,1,7226.0,7278.0,1,7276.0,0.0,0.0,0.0,0.0,0.0,238
2023-05-10 13:42:22,SF2312,SF312,7276.0,0.0,0.0,0.0,1,7226.0,7276.0,1,7276.0,0.0,0.0,0.0,0.0,0.0,238
2023-05-10 13:42:38,SF2312,SF312,7276.0,0.0,0.0,0.0,1,7226.0,7278.0,1,7276.0,0.0,0.0,0.0,0.0,0.0,238
2023-05-10 13:42:58,SF2312,SF312,7276.0,0.0,0.0,0.0,1,7226.0,7276.0,2,7276.0,0.0,0.0,0.0,0.0,0.0,238
2023-05-10 13:43:13,SF2312,SF312,7276.0,0.0,0.0,0.0,4,7226.0,7276.0,2,7276.0,0.0,0.0,0.0,0.0,0.0,238
2023-05-10 13:43:18,SF2312,SF312,7276.0,0.0,0.0,0.0,2,7226.0,7276.0,2,7276.0,0.0,0.0,0.0,0.0,0.0,238
2023-05-10 13:43:19,SF2312,SF312,7276.0,0.0,0.0,0.0,3,7228.0,7276.0,2,7276.0,0.0,0.0,0.0,0.0,0.0,238
2023-05-10 13:43:35,SF2312,SF312,7276.0,0.0,0.0,0.0,4,7228.0,7276.0,2,7276.0,0.0,0.0,0.0,0.0,0.0,238
2023-05-10 13:43:41,SF2312,SF312,7276.0,0.0,0.0,0.0,3,7228.0,7276.0,2,7276.0,0.0,0.0,0.0,0.0,0.0,238
2023-05-10 13:43:42,SF2312,SF312,7276.0,0.0,0.0,0.0,4,7228.0,7276.0,2,7276.0,0.0,0.0,0.0,0.0,0.0,238
2023-05-10 13:43:45,SF2312,SF312,7276.0,0.0,0.0,0.0,5,7228.0,7276.0,2,7276.0,0.0,0.0,0.0,0.0,0.0,238
2023-05-10 13:43:52,SF2312,SF312,7276.0,0.0,0.0,0.0,4,7228.0,7276.0,2,7276.0,0.0,0.0,0.0,0.0,0.0,238
2023-05-10 13:43:53,SF2312,SF312,7276.0,0.0,0.0,0.0,1,7230.0,7276.0,2,7276.0,0.0,0.0,0.0,0.0,0.0,238
2023-05-10 13:43:54,SF2312,SF312,7276.0,0.0,0.0,0.0,3,7232.0,7276.0,2,7276.0,0.0,0.0,0.0,0.0,0.0,238
2023-05-10 13:44:16,SF2312,SF312,7276.0,0.0,0.0,0.0,1,7234.0,7276.0,2,7276.0,0.0,0.0,0.0,0.0,0.0,238
2023-05-10 13:44:17,SF2312,SF312,7276.0,0.0,0.0,0.0,2,7234.0,7276.0,2,7276.0,0.0,0.0,0.0,0.0,0.0,238
2023-05-10 13:44:17,SF2312,SF312,7276.0,0.0,0.0,0.0,3,7236.0,7276.0,2,7276.0,0.0,0.0,0.0,0.0,0.0,238
2023-05-10 13:44:20,SF2312,SF312,7276.0,0.0,0.0,0.0,4,7236.0,7276.0,2,7276.0,0.0,0.0,0.0,0.0,0.0,238
2023-05-10 13:44:30,SF2312,SF312,7276.0,0.0,0.0,0.0,3,7236.0,7276.0,2,7276.0,0.0,0.0,0.0,0.0,0.0,238
2023-05-10 13:44:31,SF2312,SF312,7276.0,0.0,0.0,0.0,1,7238.0,7276.0,2,7276.0,0.0,0.0,0.0,0.0,0.0,238
2023-05-10 13:44:33,SF2312,SF312,7276.0,0.0,0.0,0.0,3,7236.0,7276.0,2,7276.0,0.0,0.0,0.0,0.0,0.0,238
2023-05-10 13:44:34,SF2312,SF312,7276.0,0.0,0.0,0.0,4,7236.0,7276.0,2,7276.0,0.0,0.0,0.0,0.0,0.0,238
2023-05-10 13:44:34,SF2312,SF312,7276.0,0.0,0.0,0.0,5,7236.0,7276.0,2,7276.0,0.0,0.0,0.0,0.0,0.0,238
2023-05-10 13:44:38,SF2312,SF312,7276.0,0.0,0.0,0.0,4,7236.0,7276.0,2,7276.0,0.0,0.0,0.0,0.0,0.0,238
2023-05-10 13:45:30,SF2312,SF312,7276.0,0.0,0.0,0.0,1,7238.0,7276.0,2,7276.0,0.0,0.0,0.0,0.0,0.0,238
2023-05-10 13:45:31,SF2312,SF312,7276.0,0.0,0.0,0.0,3,7240.0,7276.0,2,7276.0,0.0,0.0,0.0,0.0,0.0,238
2023-05-10 13:45:35,SF2312,SF312,7276.0,0.0,0.0,0.0,1,7248.0,7276.0,2,7276.0,0.0,0.0,0.0,0.0,0.0,238
2023-05-10 13:46:00,SF2312,SF312,7276.0,0.0,0.0,0.0,3,7248.0,7276.0,2,7276.0,0.0,0.0,0.0,0.0,0.0,238
2023-05-10 13:46:01,SF2312,SF312,7276.0,0.0,0.0,0.0,4,7248.0,7276.0,2,7276.0,0.0,0.0,0.0,0.0,0.0,238
2023-05-10 13:46:05,SF2312,SF312,7276.0,0.0,0.0,0.0,5,7248.0,7276.0,2,7276.0,0.0,0.0,0.0,0.0,0.0,238
2023-05-10 13:46:06,SF2312,SF312,7276.0,0.0,0.0,0.0,3,7248.0,7276.0,2,7276.0,0.0,0.0,0.0,0.0,0.0,238
2023-05-10 13:46:09,SF2312,SF312,7276.0,0.0,0.0,0.0,5,7248.0,7276.0,2,7276.0,0.0,0.0,0.0,0.0,0.0,238
2023-05-10 13:46:09,SF2312,SF312,7276.0,0.0,0.0,0.0,4,7248.0,7276.0,2,7276.0,0.0,0.0,0.0,0.0,0.0,238
2023-05-10 13:46:12,SF2312,SF312,7276.0,0.0,0.0,0.0,5,7248.0,7276.0,2,7276.0,0.0,0.0,0.0,0.0,0.0,238
2023-05-10 13:46:13,SF2312,SF312,7276.0,0.0,0.0,0.0,3,7248.0,7276.0,2,7276.0,0.0,0.0,0.0,0.0,0.0,238
2023-05-10 13:46:15,SF2312,SF312,7276.0,0.0,0.0,0.0,2,7248.0,7276.0,2,7276.0,0.0,0.0,0.0,0.0,0.0,238
2023-05-10 13:46:19,SF2312,SF312,7276.0,0.0,0.0,0.0,4,7248.0,7276.0,2,7276.0,0.0,0.0,0.0,0.0,0.0,238
2023-05-10 13:46:20,SF2312,SF312,7276.0,0.0,0.0,0.0,5,7248.0,7276.0,2,7276.0,0.0,0.0,0.0,0.0,0.0,238
2023-05-10 13:46:23,SF2312,SF312,7276.0,0.0,0.0,0.0,2,7248.0,7276.0,2,7276.0,0.0,0.0,0.0,0.0,0.0,238
2023-05-10 13:46:24,SF2312,SF312,7276.0,0.0,0.0,0.0,5,7248.0,7298.0,1,7276.0,0.0,0.0,0.0,0.0,0.0,238
2023-05-10 13:46:28,SF2312,SF312,7276.0,0.0,0.0,0.0,5,7248.0,7296.0,1,7276.0,0.0,0.0,0.0,0.0,0.0,238
2023-05-10 13:46:30,SF2312,SF312,7276.0,0.0,0.0,0.0,5,7248.0,7298.0,1,7276.0,0.0,0.0,0.0,0.0,0.0,238
2023-05-10 13:46:31,SF2312,SF312,7276.0,0.0,0.0,0.0,5,7248.0,7296.0,2,7276.0,0.0,0.0,0.0,0.0,0.0,238
2023-05-10 13:46:31,SF2312,SF312,7276.0,0.0,0.0,0.0,2,7248.0,7296.0,3,7276.0,0.0,0.0,0.0,0.0,0.0,238
2023-05-10 13:46:36,SF2312,SF312,7276.0,0.0,0.0,0.0,5,7248.0,7296.0,3,7276.0,0.0,0.0,0.0,0.0,0.0,238
2023-05-10 13:46:37,SF2312,SF312,7276.0,0.0,0.0,0.0,5,7248.0,7296.0,2,7276.0,0.0,0.0,0.0,0.0,0.0,238
2023-05-10 13:46:42,SF2312,SF312,7276.0,0.0,0.0,0.0,2,7248.0,7296.0,2,7276.0,0.0,0.0,0.0,0.0,0.0,238
2023-05-10 13:46:43,SF2312,SF312,7276.0,0.0,0.0,0.0,3,7250.0,7296.0,2,7276.0,0.0,0.0,0.0,0.0,0.0,238
2023-05-10 13:47:05,SF2312,SF312,7276.0,0.0,0.0,0.0,1,7252.0,7296.0,2,7276.0,0.0,0.0,0.0,0.0,0.0,238
2023-05-10 13:47:06,SF2312,SF312,7276.0,0.0,0.0,0.0,2,7252.0,7296.0,2,7276.0,0.0,0.0,0.0,0.0,0.0,238
2023-05-10 13:47:06,SF2312,SF312,7276.0,0.0,0.0,0.0,3,7254.0,7296.0,2,7276.0,0.0,0.0,0.0,0.0,0.0,238
2023-05-10 13:47:08,SF2312,SF312,7276.0,0.0,0.0,0.0,4,7254.0,7296.0,2,7276.0,0.0,0.0,0.0,0.0,0.0,238
2023-05-10 13:47:11,SF2312,SF312,7276.0,0.0,0.0,0.0,3,7254.0,7296.0,2,7276.0,0.0,0.0,0.0,0.0,0.0,238
2023-05-10 13:47:12,SF2312,SF312,7276.0,0.0,0.0,0.0,4,7254.0,7296.0,2,7276.0,0.0,0.0,0.0,0.0,0.0,238
2023-05-10 13:47:15,SF2312,SF312,7276.0,0.0,0.0,0.0,3,7254.0,7296.0,2,7276.0,0.0,0.0,0.0,0.0,0.0,238
2023-05-10 13:47:16,SF2312,SF312,7276.0,0.0,0.0,0.0,4,7254.0,7296.0,2,7276.0,0.0,0.0,0.0,0.0,0.0,238
2023-05-10 13:47:24,SF2312,SF312,7276.0,0.0,0.0,0.0,3,7254.0,7296.0,2,7276.0,0.0,0.0,0.0,0.0,0.0,238
2023-05-10 13:47:25,SF2312,SF312,7276.0,0.0,0.0,0.0,4,7254.0,7296.0,2,7276.0,0.0,0.0,0.0,0.0,0.0,238
2023-05-10 13:47:26,SF2312,SF312,7276.0,0.0,0.0,0.0,5,7254.0,7296.0,2,7276.0,0.0,0.0,0.0,0.0,0.0,238
2023-05-10 13:47:30,SF2312,SF312,7276.0,0.0,0.0,0.0,4,7254.0,7296.0,2,7276.0,0.0,0.0,0.0,0.0,0.0,238
2023-05-10 13:47:31,SF2312,SF312,7276.0,0.0,0.0,0.0,5,7254.0,7296.0,2,7276.0,0.0,0.0,0.0,0.0,0.0,238
2023-05-10 13:47:33,SF2312,SF312,7276.0,0.0,0.0,0.0,4,7254.0,7296.0,2,7276.0,0.0,0.0,0.0,0.0,0.0,238
2023-05-10 13:47:34,SF2312,SF312,7276.0,0.0,0.0,0.0,1,7256.0,7308.0,1,7276.0,0.0,0.0,0.0,0.0,0.0,238
2023-05-10 13:47:34,SF2312,SF312,7276.0,0.0,0.0,0.0,3,7258.0,7308.0,1,7276.0,0.0,0.0,0.0,0.0,0.0,238
2023-05-10 13:47:36,SF2312,SF312,7276.0,0.0,0.0,0.0,1,7260.0,7308.0,1,7276.0,0.0,0.0,0.0,0.0,0.0,238
2023-05-10 13:47:38,SF2312,SF312,7276.0,0.0,0.0,0.0,2,7262.0,7308.0,1,7276.0,0.0,0.0,0.0,0.0,0.0,238
2023-05-10 13:47:38,SF2312,SF312,7276.0,0.0,0.0,0.0,3,7262.0,7308.0,1,7276.0,0.0,0.0,0.0,0.0,0.0,238
2023-05-10 13:47:39,SF2312,SF312,7276.0,0.0,0.0,0.0,1,7264.0,7308.0,1,7276.0,0.0,0.0,0.0,0.0,0.0,238
2023-05-10 13:47:41,SF2312,SF312,7276.0,0.0,0.0,0.0,2,7266.0,7308.0,1,7276.0,0.0,0.0,0.0,0.0,0.0,238
2023-05-10 13:47:42,SF2312,SF312,7276.0,0.0,0.0,0.0,3,7266.0,7308.0,1,7276.0,0.0,0.0,0.0,0.0,0.0,238
2023-05-10 13:47:48,SF2312,SF312,7276.0,0.0,0.0,0.0,1,7262.0,7308.0,1,7276.0,0.0,0.0,0.0,0.0,0.0,238
2023-05-10 13:47:48,SF2312,SF312,7276.0,0.0,0.0,0.0,2,7264.0,7308.0,1,7276.0,0.0,0.0,0.0,0.0,0.0,238
2023-05-10 13:47:50,SF2312,SF312,7276.0,0.0,0.0,0.0,3,7264.0,7308.0,1,7276.0,0.0,0.0,0.0,0.0,0.0,238
2023-05-10 13:47:56,SF2312,SF312,7276.0,0.0,0.0,0.0,3,7264.0,7306.0,2,7276.0,0.0,0.0,0.0,0.0,0.0,238
2023-05-10 13:47:56,SF2312,SF312,7276.0,0.0,0.0,0.0,4,7264.0,7306.0,2,7276.0,0.0,0.0,0.0,0.0,0.0,238
2023-05-10 13:48:02,SF2312,SF312,7276.0,0.0,0.0,0.0,3,7264.0,7306.0,2,7276.0,0.0,0.0,0.0,0.0,0.0,238
2023-05-10 13:48:02,SF2312,SF312,7276.0,0.0,0.0,0.0,1,7266.0,7306.0,2,7276.0,0.0,0.0,0.0,0.0,0.0,238
2023-05-10 13:48:10,SF2312,SF312,7276.0,0.0,0.0,0.0,1,7264.0,7306.0,2,7276.0,0.0,0.0,0.0,0.0,0.0,238
2023-05-10 13:48:10,SF2312,SF312,7276.0,0.0,0.0,0.0,4,7264.0,7306.0,2,7276.0,0.0,0.0,0.0,0.0,0.0,238
2023-05-10 13:48:14,SF2312,SF312,7276.0,0.0,0.0,0.0,1,7264.0,7306.0,2,7276.0,0.0,0.0,0.0,0.0,0.0,238
2023-05-10 13:48:38,SF2312,SF312,7276.0,0.0,0.0,0.0,1,7264.0,7306.0,3,7276.0,0.0,0.0,0.0,0.0,0.0,238
2023-05-10 13:48:45,SF2312,SF312,7276.0,0.0,0.0,0.0,1,7264.0,7304.0,1,7276.0,0.0,0.0,0.0,0.0,0.0,238
2023-05-10 13:48:49,SF2312,SF312,7276.0,0.0,0.0,0.0,1,7264.0,7302.0,1,7276.0,0.0,0.0,0.0,0.0,0.0,238
2023-05-10 13:48:54,SF2312,SF312,7276.0,0.0,0.0,0.0,1,7264.0,7300.0,1,7276.0,0.0,0.0,0.0,0.0,0.0,238
2023-05-10 13:48:55,SF2312,SF312,7276.0,0.0,0.0,0.0,1,7264.0,7302.0,1,7276.0,0.0,0.0,0.0,0.0,0.0,238
2023-05-10 13:49:00,SF2312,SF312,7276.0,0.0,0.0,0.0,1,7264.0,7300.0,1,7276.0,0.0,0.0,0.0,0.0,0.0,238
2023-05-10 13:49:01,SF2312,SF312,7276.0,0.0,0.0,0.0,1,7264.0,7302.0,1,7276.0,0.0,0.0,0.0,0.0,0.0,238
2023-05-10 13:49:03,SF2312,SF312,7276.0,0.0,0.0,0.0,1,7264.0,7304.0,1,7276.0,0.0,0.0,0.0,0.0,0.0,238
2023-05-10 13:49:08,SF2312,SF312,7276.0,0.0,0.0,0.0,1,7264.0,7302.0,1,7276.0,0.0,0.0,0.0,0.0,0.0,238
2023-05-10 13:49:23,SF2312,SF312,7276.0,0.0,0.0,0.0,1,7264.0,7300.0,1,7276.0,0.0,0.0,0.0,0.0,0.0,238
2023-05-10 13:49:24,SF2312,SF312,7276.0,0.0,0.0,0.0,1,7264.0,7304.0,1,7276.0,0.0,0.0,0.0,0.0,0.0,238
2023-05-10 13:49:28,SF2312,SF312,7276.0,0.0,0.0,0.0,1,7264.0,7306.0,1,7276.0,0.0,0.0,0.0,0.0,0.0,238
2023-05-10 13:49:41,SF2312,SF312,7276.0,0.0,0.0,0.0,1,7264.0,7304.0,1,7276.0,0.0,0.0,0.0,0.0,0.0,238
2023-05-10 13:49:44,SF2312,SF312,7276.0,0.0,0.0,0.0,1,7264.0,7306.0,1,7276.0,0.0,0.0,0.0,0.0,0.0,238
2023-05-10 13:49:45,SF2312,SF312,7276.0,0.0,0.0,0.0,1,7248.0,7302.0,1,7276.0,0.0,0.0,0.0,0.0,0.0,238
2023-05-10 13:49:45,SF2312,SF312,7276.0,0.0,0.0,0.0,1,7252.0,7300.0,1,7276.0,0.0,0.0,0.0,0.0,0.0,238
2023-05-10 13:49:45,SF2312,SF312,7276.0,0.0,0.0,0.0,3,7250.0,7300.0,1,7276.0,0.0,0.0,0.0,0.0,0.0,238
2023-05-10 13:49:46,SF2312,SF312,7276.0,0.0,0.0,0.0,3,7250.0,7298.0,1,7276.0,0.0,0.0,0.0,0.0,0.0,238
2023-05-10 13:49:47,SF2312,SF312,7276.0,0.0,0.0,0.0,4,7250.0,7298.0,1,7276.0,0.0,0.0,0.0,0.0,0.0,238
2023-05-10 13:49:48,SF2312,SF312,7276.0,0.0,0.0,0.0,4,7250.0,7296.0,1,7276.0,0.0,0.0,0.0,0.0,0.0,238
2023-05-10 13:49:49,SF2312,SF312,7276.0,0.0,0.0,0.0,1,7250.0,7294.0,1,7276.0,0.0,0.0,0.0,0.0,0.0,238
2023-05-10 13:49:49,SF2312,SF312,7276.0,0.0,0.0,0.0,1,7250.0,7296.0,1,7276.0,0.0,0.0,0.0,0.0,0.0,238
2023-05-10 13:49:54,SF2312,SF312,7276.0,0.0,0.0,0.0,1,7250.0,7298.0,1,7276.0,0.0,0.0,0.0,0.0,0.0,238
2023-05-10 13:49:54,SF2312,SF312,7276.0,0.0,0.0,0.0,3,7250.0,7298.0,1,7276.0,0.0,0.0,0.0,0.0,0.0,238
2023-05-10 13:49:55,SF2312,SF312,7276.0,0.0,0.0,0.0,4,7250.0,7298.0,1,7276.0,0.0,0.0,0.0,0.0,0.0,238
2023-05-10 13:49:57,SF2312,SF312,7276.0,0.0,0.0,0.0,2,7250.0,7298.0,1,7276.0,0.0,0.0,0.0,0.0,0.0,238
2023-05-10 13:49:57,SF2312,SF312,7276.0,0.0,0.0,0.0,2,7252.0,7298.0,1,7276.0,0.0,0.0,0.0,0.0,0.0,238
2023-05-10 13:49:58,SF2312,SF312,7276.0,0.0,0.0,0.0,2,7252.0,7300.0,1,7276.0,0.0,0.0,0.0,0.0,0.0,238
2023-05-10 13:50:00,SF2312,SF312,7276.0,0.0,0.0,0.0,2,7252.0,7290.0,1,7276.0,0.0,0.0,0.0,0.0,0.0,238
2023-05-10 13:50:00,SF2312,SF312,7276.0,0.0,0.0,0.0,4,7252.0,7290.0,1,7276.0,0.0,0.0,0.0,0.0,0.0,238
2023-05-10 13:50:05,SF2312,SF312,7276.0,0.0,0.0,0.0,3,7252.0,7290.0,1,7276.0,0.0,0.0,0.0,0.0,0.0,238
2023-05-10 13:50:07,SF2312,SF312,7276.0,0.0,0.0,0.0,1,7254.0,7290.0,1,7276.0,0.0,0.0,0.0,0.0,0.0,238
2023-05-10 13:50:08,SF2312,SF312,7276.0,0.0,0.0,0.0,3,7254.0,7290.0,1,7276.0,0.0,0.0,0.0,0.0,0.0,238
2023-05-10 13:50:12,SF2312,SF312,7276.0,0.0,0.0,0.0,1,7254.0,7290.0,1,7276.0,0.0,0.0,0.0,0.0,0.0,238
2023-05-10 13:50:13,SF2312,SF312,7276.0,0.0,0.0,0.0,2,7256.0,7290.0,1,7276.0,0.0,0.0,0.0,0.0,0.0,238
2023-05-10 13:50:18,SF2312,SF312,7276.0,0.0,0.0,0.0,3,7256.0,7290.0,1,7276.0,0.0,0.0,0.0,0.0,0.0,238
2023-05-10 13:50:22,SF2312,SF312,7276.0,0.0,0.0,0.0,1,7254.0,7290.0,1,7276.0,0.0,0.0,0.0,0.0,0.0,238
2023-05-10 13:50:23,SF2312,SF312,7276.0,0.0,0.0,0.0,4,7254.0,7290.0,1,7276.0,0.0,0.0,0.0,0.0,0.0,238
2023-05-10 13:50:27,SF2312,SF312,7276.0,0.0,0.0,0.0,1,7254.0,7290.0,1,7276.0,0.0,0.0,0.0,0.0,0.0,238
2023-05-10 13:50:43,SF2312,SF312,7276.0,0.0,0.0,0.0,1,7254.0,7288.0,2,7276.0,0.0,0.0,0.0,0.0,0.0,238
2023-05-10 13:53:31,SF2312,SF312,7276.0,0.0,0.0,0.0,1,7254.0,7284.0,1,7276.0,0.0,0.0,0.0,0.0,0.0,238
2023-05-10 13:53:39,SF2312,SF312,7276.0,0.0,0.0,0.0,1,7254.0,7280.0,1,7276.0,0.0,0.0,0.0,0.0,0.0,238
2023-05-10 13:54:14,SF2312,SF312,7276.0,0.0,0.0,0.0,1,7254.0,7278.0,2,7276.0,0.0,0.0,0.0,0.0,0.0,238
2023-05-10 13:54:37,SF2312,SF312,7276.0,0.0,0.0,0.0,1,7254.0,7284.0,1,7276.0,0.0,0.0,0.0,0.0,0.0,238
2023-05-10 13:54:56,SF2312,SF312,7276.0,0.0,0.0,0.0,1,7254.0,7282.0,2,7276.0,0.0,0.0,0.0,0.0,0.0,238
2023-05-10 13:55:07,SF2312,SF312,7276.0,0.0,0.0,0.0,1,7254.0,7280.0,1,7276.0,0.0,0.0,0.0,0.0,0.0,238
2023-05-10 13:55:12,SF2312,SF312,7276.0,0.0,0.0,0.0,1,7254.0,7282.0,2,7276.0,0.0,0.0,0.0,0.0,0.0,238
2023-05-10 13:55:18,SF2312,SF312,7276.0,0.0,0.0,0.0,1,7254.0,7280.0,1,7276.0,0.0,0.0,0.0,0.0,0.0,238
2023-05-10 13:55:58,SF2312,SF312,7276.0,0.0,0.0,0.0,1,7254.0,7282.0,1,7276.0,0.0,0.0,0.0,0.0,0.0,238
2023-05-10 13:56:04,SF2312,SF312,7276.0,0.0,0.0,0.0,1,7254.0,7284.0,1,7276.0,0.0,0.0,0.0,0.0,0.0,238
2023-05-10 13:56:19,SF2312,SF312,7276.0,0.0,0.0,0.0,1,7254.0,7282.0,2,7276.0,0.0,0.0,0.0,0.0,0.0,238
2023-05-10 13:57:25,SF2312,SF312,7276.0,0.0,0.0,0.0,1,7254.0,7282.0,3,7276.0,0.0,0.0,0.0,0.0,0.0,238
2023-05-10 13:58:05,SF2312,SF312,7276.0,0.0,0.0,0.0,1,7254.0,7282.0,2,7276.0,0.0,0.0,0.0,0.0,0.0,238
2023-05-10 13:58:47,SF2312,SF312,7276.0,0.0,0.0,0.0,1,7254.0,7284.0,1,7276.0,0.0,0.0,0.0,0.0,0.0,238
2023-05-10 13:58:50,SF2312,SF312,7276.0,0.0,0.0,0.0,1,7254.0,7290.0,1,7276.0,0.0,0.0,0.0,0.0,0.0,238
2023-05-10 13:58:50,SF2312,SF312,7276.0,0.0,0.0,0.0,4,7254.0,7290.0,1,7276.0,0.0,0.0,0.0,0.0,0.0,238
2023-05-10 13:59:10,SF2312,SF312,7276.0,0.0,0.0,0.0,4,7254.0,7288.0,2,7276.0,0.0,0.0,0.0,0.0,0.0,238
2023-05-10 13:59:28,SF2312,SF312,7276.0,0.0,0.0,0.0,1,7276.0,7288.0,2,7276.0,0.0,0.0,0.0,0.0,0.0,238
2023-05-10 13:59:28,SF2312,SF312,7276.0,0.0,0.0,0.0,1,7276.0,7290.0,1,7276.0,0.0,0.0,0.0,0.0,0.0,238
2023-05-10 13:59:30,SF2312,SF312,7276.0,0.0,0.0,0.0,3,7254.0,7290.0,1,7276.0,0.0,0.0,0.0,0.0,0.0,238
2023-05-10 13:59:30,SF2312,SF312,7276.0,0.0,0.0,0.0,1,7254.0,7290.0,1,7276.0,0.0,0.0,0.0,0.0,0.0,238
2023-05-10 13:59:53,SF2312,SF312,7276.0,0.0,0.0,0.0,1,7254.0,7288.0,2,7276.0,0.0,0.0,0.0,0.0,0.0,238
2023-05-10 14:00:02,SF2312,SF312,7276.0,0.0,0.0,0.0,3,7254.0,7288.0,2,7276.0,0.0,0.0,0.0,0.0,0.0,238
2023-05-10 14:00:04,SF2312,SF312,7276.0,0.0,0.0,0.0,4,7254.0,7288.0,2,7276.0,0.0,0.0,0.0,0.0,0.0,238
2023-05-10 14:00:08,SF2312,SF312,7276.0,0.0,0.0,0.0,1,7254.0,7288.0,2,7276.0,0.0,0.0,0.0,0.0,0.0,238
2023-05-10 14:00:24,SF2312,SF312,7276.0,0.0,0.0,0.0,3,7254.0,7288.0,2,7276.0,0.0,0.0,0.0,0.0,0.0,238
2023-05-10 14:00:30,SF2312,SF312,7276.0,0.0,0.0,0.0,1,7254.0,7288.0,2,7276.0,0.0,0.0,0.0,0.0,0.0,238
2023-05-10 14:04:33,SF2312,SF312,7276.0,0.0,0.0,0.0,1,7254.0,7280.0,1,7276.0,0.0,0.0,0.0,0.0,0.0,238
2023-05-10 14:04:43,SF2312,SF312,7276.0,0.0,0.0,0.0,1,7254.0,7286.0,1,7276.0,0.0,0.0,0.0,0.0,0.0,238
2023-05-10 14:05:25,SF2312,SF312,7276.0,0.0,0.0,0.0,1,7254.0,7284.0,2,7276.0,0.0,0.0,0.0,0.0,0.0,238
2023-05-10 14:08:01,SF2312,SF312,7276.0,0.0,0.0,0.0,1,7254.0,7274.0,1,7276.0,0.0,0.0,0.0,0.0,0.0,238
2023-05-10 14:08:01,SF2312,SF312,7276.0,0.0,0.0,0.0,1,7230.0,7274.0,1,7276.0,0.0,0.0,0.0,0.0,0.0,238
2023-05-10 14:08:02,SF2312,SF312,7276.0,0.0,0.0,0.0,3,7232.0,7284.0,2,7276.0,0.0,0.0,0.0,0.0,0.0,238
2023-05-10 14:08:18,SF2312,SF312,7276.0,0.0,0.0,0.0,1,7234.0,7284.0,2,7276.0,0.0,0.0,0.0,0.0,0.0,238
2023-05-10 14:08:18,SF2312,SF312,7276.0,0.0,0.0,0.0,2,7234.0,7284.0,2,7276.0,0.0,0.0,0.0,0.0,0.0,238
2023-05-10 14:08:19,SF2312,SF312,7276.0,0.0,0.0,0.0,3,7236.0,7284.0,2,7276.0,0.0,0.0,0.0,0.0,0.0,238
2023-05-10 14:08:39,SF2312,SF312,7276.0,0.0,0.0,0.0,1,7238.0,7284.0,2,7276.0,0.0,0.0,0.0,0.0,0.0,238
2023-05-10 14:08:42,SF2312,SF312,7276.0,0.0,0.0,0.0,1,7240.0,7284.0,2,7276.0,0.0,0.0,0.0,0.0,0.0,238
2023-05-10 14:08:45,SF2312,SF312,7276.0,0.0,0.0,0.0,2,7242.0,7284.0,2,7276.0,0.0,0.0,0.0,0.0,0.0,238
2023-05-10 14:08:46,SF2312,SF312,7276.0,0.0,0.0,0.0,1,7244.0,7284.0,2,7276.0,0.0,0.0,0.0,0.0,0.0,238
2023-05-10 14:08:52,SF2312,SF312,7276.0,0.0,0.0,0.0,2,7244.0,7284.0,2,7276.0,0.0,0.0,0.0,0.0,0.0,238
2023-05-10 14:09:00,SF2312,SF312,7276.0,0.0,0.0,0.0,1,7230.0,7284.0,2,7276.0,0.0,0.0,0.0,0.0,0.0,238
2023-05-10 14:09:01,SF2312,SF312,7276.0,0.0,0.0,0.0,4,7232.0,7284.0,2,7276.0,0.0,0.0,0.0,0.0,0.0,238
2023-05-10 14:10:26,SF2312,SF312,7276.0,0.0,0.0,0.0,4,7232.0,7286.0,1,7276.0,0.0,0.0,0.0,0.0,0.0,238
2023-05-10 14:10:55,SF2312,SF312,7276.0,0.0,0.0,0.0,4,7232.0,7284.0,2,7276.0,0.0,0.0,0.0,0.0,0.0,238
2023-05-10 14:10:55,SF2312,SF312,7276.0,0.0,0.0,0.0,5,7232.0,7284.0,2,7276.0,0.0,0.0,0.0,0.0,0.0,238
2023-05-10 14:15:54,SF2312,SF312,7276.0,0.0,0.0,0.0,5,7232.0,7286.0,1,7276.0,0.0,0.0,0.0,0.0,0.0,238
2023-05-10 14:16:29,SF2312,SF312,7276.0,0.0,0.0,0.0,5,7232.0,7284.0,2,7276.0,0.0,0.0,0.0,0.0,0.0,238
2023-05-10 14:17:16,SF2312,SF312,7276.0,0.0,0.0,0.0,5,7232.0,7278.0,1,7276.0,0.0,0.0,0.0,0.0,0.0,238
2023-05-10 14:18:32,SF2312,SF312,7276.0,0.0,0.0,0.0,4,7232.0,7278.0,1,7276.0,0.0,0.0,0.0,0.0,0.0,238
2023-05-10 14:18:35,SF2312,SF312,7276.0,0.0,0.0,0.0,4,7232.0,7276.0,2,7276.0,0.0,0.0,0.0,0.0,0.0,238
2023-05-10 14:18:40,SF2312,SF312,7276.0,0.0,0.0,0.0,5,7232.0,7276.0,2,7276.0,0.0,0.0,0.0,0.0,0.0,238
2023-05-10 14:18:49,SF2312,SF312,7276.0,0.0,0.0,0.0,4,7232.0,7276.0,2,7276.0,0.0,0.0,0.0,0.0,0.0,238
2023-05-10 14:19:39,SF2312,SF312,7276.0,0.0,0.0,0.0,5,7232.0,7276.0,2,7276.0,0.0,0.0,0.0,0.0,0.0,238
2023-05-10 14:20:07,SF2312,SF312,7276.0,0.0,0.0,0.0,4,7232.0,7276.0,2,7276.0,0.0,0.0,0.0,0.0,0.0,238
2023-05-10 14:21:03,SF2312,SF312,7276.0,0.0,0.0,0.0,1,7234.0,7276.0,2,7276.0,0.0,0.0,0.0,0.0,0.0,238
2023-05-10 14:21:05,SF2312,SF312,7276.0,0.0,0.0,0.0,3,7236.0,7276.0,2,7276.0,0.0,0.0,0.0,0.0,0.0,238
2023-05-10 14:21:06,SF2312,SF312,7276.0,0.0,0.0,0.0,4,7236.0,7276.0,2,7276.0,0.0,0.0,0.0,0.0,0.0,238
2023-05-10 14:21:08,SF2312,SF312,7276.0,0.0,0.0,0.0,3,7236.0,7276.0,2,7276.0,0.0,0.0,0.0,0.0,0.0,238
2023-05-10 14:21:09,SF2312,SF312,7276.0,0.0,0.0,0.0,1,7238.0,7276.0,2,7276.0,0.0,0.0,0.0,0.0,0.0,238
2023-05-10 14:21:11,SF2312,SF312,7276.0,0.0,0.0,0.0,2,7240.0,7276.0,2,7276.0,0.0,0.0,0.0,0.0,0.0,238
2023-05-10 14:21:11,SF2312,SF312,7276.0,0.0,0.0,0.0,3,7240.0,7276.0,2,7276.0,0.0,0.0,0.0,0.0,0.0,238
2023-05-10 14:22:27,SF2312,SF312,7276.0,0.0,0.0,0.0,4,7240.0,7276.0,2,7276.0,0.0,0.0,0.0,0.0,0.0,238
2023-05-10 14:22:31,SF2312,SF312,7276.0,0.0,0.0,0.0,3,7240.0,7276.0,2,7276.0,0.0,0.0,0.0,0.0,0.0,238
2023-05-10 14:23:22,SF2312,SF312,7276.0,0.0,0.0,0.0,4,7240.0,7276.0,2,7276.0,0.0,0.0,0.0,0.0,0.0,238
2023-05-10 14:23:34,SF2312,SF312,7276.0,0.0,0.0,0.0,3,7240.0,7276.0,2,7276.0,0.0,0.0,0.0,0.0,0.0,238
2023-05-10 14:23:35,SF2312,SF312,7276.0,0.0,0.0,0.0,1,7242.0,7276.0,2,7276.0,0.0,0.0,0.0,0.0,0.0,238
2023-05-10 14:23:35,SF2312,SF312,7276.0,0.0,0.0,0.0,1,7242.0,7290.0,1,7276.0,0.0,0.0,0.0,0.0,0.0,238
2023-05-10 14:23:36,SF2312,SF312,7276.0,0.0,0.0,0.0,1,7244.0,7290.0,1,7276.0,0.0,0.0,0.0,0.0,0.0,238
2023-05-10 14:23:42,SF2312,SF312,7276.0,0.0,0.0,0.0,2,7246.0,7290.0,1,7276.0,0.0,0.0,0.0,0.0,0.0,238
2023-05-10 14:23:59,SF2312,SF312,7276.0,0.0,0.0,0.0,1,7248.0,7290.0,1,7276.0,0.0,0.0,0.0,0.0,0.0,238
2023-05-10 14:24:01,SF2312,SF312,7276.0,0.0,0.0,0.0,2,7250.0,7290.0,1,7276.0,0.0,0.0,0.0,0.0,0.0,238
2023-05-10 14:24:10,SF2312,SF312,7276.0,0.0,0.0,0.0,2,7250.0,7288.0,2,7276.0,0.0,0.0,0.0,0.0,0.0,238
2023-05-10 14:24:24,SF2312,SF312,7276.0,0.0,0.0,0.0,1,7252.0,7288.0,2,7276.0,0.0,0.0,0.0,0.0,0.0,238
2023-05-10 14:24:30,SF2312,SF312,7276.0,0.0,0.0,0.0,3,7252.0,7288.0,2,7276.0,0.0,0.0,0.0,0.0,0.0,238
2023-05-10 14:25:11,SF2312,SF312,7276.0,0.0,0.0,0.0,2,7252.0,7288.0,2,7276.0,0.0,0.0,0.0,0.0,0.0,238
2023-05-10 14:25:12,SF2312,SF312,7276.0,0.0,0.0,0.0,1,7224.0,7288.0,2,7276.0,0.0,0.0,0.0,0.0,0.0,238
2023-05-10 14:25:12,SF2312,SF312,7276.0,0.0,0.0,0.0,1,7226.0,7288.0,2,7276.0,0.0,0.0,0.0,0.0,0.0,238
2023-05-10 14:25:15,SF2312,SF312,7276.0,0.0,0.0,0.0,1,7228.0,7288.0,2,7276.0,0.0,0.0,0.0,0.0,0.0,238
2023-05-10 14:25:15,SF2312,SF312,7276.0,0.0,0.0,0.0,2,7230.0,7288.0,2,7276.0,0.0,0.0,0.0,0.0,0.0,238
2023-05-10 14:25:16,SF2312,SF312,7276.0,0.0,0.0,0.0,1,7232.0,7288.0,2,7276.0,0.0,0.0,0.0,0.0,0.0,238
2023-05-10 14:25:17,SF2312,SF312,7276.0,0.0,0.0,0.0,1,7234.0,7288.0,2,7276.0,0.0,0.0,0.0,0.0,0.0,238
2023-05-10 14:25:18,SF2312,SF312,7276.0,0.0,0.0,0.0,1,7236.0,7288.0,2,7276.0,0.0,0.0,0.0,0.0,0.0,238
2023-05-10 14:25:19,SF2312,SF312,7276.0,0.0,0.0,0.0,2,7236.0,7288.0,2,7276.0,0.0,0.0,0.0,0.0,0.0,238
2023-05-10 14:25:21,SF2312,SF312,7276.0,0.0,0.0,0.0,1,7238.0,7288.0,2,7276.0,0.0,0.0,0.0,0.0,0.0,238
2023-05-10 14:25:22,SF2312,SF312,7276.0,0.0,0.0,0.0,3,7240.0,7288.0,2,7276.0,0.0,0.0,0.0,0.0,0.0,238
2023-05-10 14:28:37,SF2312,SF312,7276.0,0.0,0.0,0.0,4,7240.0,7288.0,2,7276.0,0.0,0.0,0.0,0.0,0.0,238
2023-05-10 14:29:10,SF2312,SF312,7276.0,0.0,0.0,0.0,4,7240.0,7290.0,1,7276.0,0.0,0.0,0.0,0.0,0.0,238
2023-05-10 14:29:20,SF2312,SF312,7276.0,0.0,0.0,0.0,3,7240.0,7290.0,1,7276.0,0.0,0.0,0.0,0.0,0.0,238
2023-05-10 14:29:42,SF2312,SF312,7276.0,0.0,0.0,0.0,3,7240.0,7288.0,2,7276.0,0.0,0.0,0.0,0.0,0.0,238
2023-05-10 14:30:46,SF2312,SF312,7276.0,0.0,0.0,0.0,4,7240.0,7288.0,2,7276.0,0.0,0.0,0.0,0.0,0.0,238
2023-05-10 14:31:32,SF2312,SF312,7276.0,0.0,0.0,0.0,3,7240.0,7288.0,2,7276.0,0.0,0.0,0.0,0.0,0.0,238
2023-05-10 14:31:35,SF2312,SF312,7276.0,0.0,0.0,0.0,4,7240.0,7288.0,2,7276.0,0.0,0.0,0.0,0.0,0.0,238
2023-05-10 14:31:42,SF2312,SF312,7276.0,0.0,0.0,0.0,3,7240.0,7288.0,2,7276.0,0.0,0.0,0.0,0.0,0.0,238
2023-05-10 14:31:42,SF2312,SF312,7276.0,0.0,0.0,0.0,1,7242.0,7288.0,2,7276.0,0.0,0.0,0.0,0.0,0.0,238
2023-05-10 14:31:48,SF2312,SF312,7276.0,0.0,0.0,0.0,2,7244.0,7288.0,2,7276.0,0.0,0.0,0.0,0.0,0.0,238
2023-05-10 14:33:35,SF2312,SF312,7276.0,0.0,0.0,0.0,1,7228.0,7288.0,2,7276.0,0.0,0.0,0.0,0.0,0.0,238
2023-05-10 14:33:36,SF2312,SF312,7276.0,0.0,0.0,0.0,3,7230.0,7288.0,2,7276.0,0.0,0.0,0.0,0.0,0.0,238
2023-05-10 14:34:38,SF2312,SF312,7276.0,0.0,0.0,0.0,3,7230.0,7288.0,3,7276.0,0.0,0.0,0.0,0.0,0.0,238
2023-05-10 14:34:40,SF2312,SF312,7276.0,0.0,0.0,0.0,1,7232.0,7288.0,3,7276.0,0.0,0.0,0.0,0.0,0.0,238
2023-05-10 14:34:43,SF2312,SF312,7276.0,0.0,0.0,0.0,1,7234.0,7288.0,1,7276.0,0.0,0.0,0.0,0.0,0.0,238
2023-05-10 14:34:47,SF2312,SF312,7276.0,0.0,0.0,0.0,2,7236.0,7288.0,1,7276.0,0.0,0.0,0.0,0.0,0.0,238
2023-05-10 14:34:48,SF2312,SF312,7276.0,0.0,0.0,0.0,3,7236.0,7290.0,1,7276.0,0.0,0.0,0.0,0.0,0.0,238
2023-05-10 14:34:48,SF2312,SF312,7276.0,0.0,0.0,0.0,1,7238.0,7290.0,2,7276.0,0.0,0.0,0.0,0.0,0.0,238
2023-05-10 14:34:49,SF2312,SF312,7276.0,0.0,0.0,0.0,1,7238.0,7290.0,3,7276.0,0.0,0.0,0.0,0.0,0.0,238
2023-05-10 14:34:50,SF2312,SF312,7276.0,0.0,0.0,0.0,2,7240.0,7290.0,3,7276.0,0.0,0.0,0.0,0.0,0.0,238
2023-05-10 14:34:52,SF2312,SF312,7276.0,0.0,0.0,0.0,2,7240.0,7290.0,2,7276.0,0.0,0.0,0.0,0.0,0.0,238
2023-05-10 14:34:53,SF2312,SF312,7276.0,0.0,0.0,0.0,2,7240.0,7288.0,1,7276.0,0.0,0.0,0.0,0.0,0.0,238
2023-05-10 14:34:55,SF2312,SF312,7276.0,0.0,0.0,0.0,3,7240.0,7288.0,1,7276.0,0.0,0.0,0.0,0.0,0.0,238
2023-05-10 14:35:06,SF2312,SF312,7276.0,0.0,0.0,0.0,3,7240.0,7290.0,1,7276.0,0.0,0.0,0.0,0.0,0.0,238
2023-05-10 14:35:07,SF2312,SF312,7276.0,0.0,0.0,0.0,1,7242.0,7290.0,1,7276.0,0.0,0.0,0.0,0.0,0.0,238
2023-05-10 14:35:14,SF2312,SF312,7276.0,0.0,0.0,0.0,2,7244.0,7290.0,1,7276.0,0.0,0.0,0.0,0.0,0.0,238
2023-05-10 14:35:16,SF2312,SF312,7276.0,0.0,0.0,0.0,1,7246.0,7290.0,1,7276.0,0.0,0.0,0.0,0.0,0.0,238
2023-05-10 14:35:19,SF2312,SF312,7276.0,0.0,0.0,0.0,1,7246.0,7288.0,2,7276.0,0.0,0.0,0.0,0.0,0.0,238
2023-05-10 14:35:20,SF2312,SF312,7276.0,0.0,0.0,0.0,2,7246.0,7288.0,2,7276.0,0.0,0.0,0.0,0.0,0.0,238
2023-05-10 14:35:20,SF2312,SF312,7276.0,0.0,0.0,0.0,2,7248.0,7288.0,2,7276.0,0.0,0.0,0.0,0.0,0.0,238
2023-05-10 14:35:21,SF2312,SF312,7276.0,0.0,0.0,0.0,3,7248.0,7288.0,2,7276.0,0.0,0.0,0.0,0.0,0.0,238
2023-05-10 14:35:27,SF2312,SF312,7276.0,0.0,0.0,0.0,2,7248.0,7288.0,2,7276.0,0.0,0.0,0.0,0.0,0.0,238
2023-05-10 14:35:28,SF2312,SF312,7276.0,0.0,0.0,0.0,3,7248.0,7288.0,2,7276.0,0.0,0.0,0.0,0.0,0.0,238
2023-05-10 14:35:48,SF2312,SF312,7276.0,0.0,0.0,0.0,2,7248.0,7288.0,2,7276.0,0.0,0.0,0.0,0.0,0.0,238
2023-05-10 14:35:48,SF2312,SF312,7276.0,0.0,0.0,0.0,1,7250.0,7288.0,2,7276.0,0.0,0.0,0.0,0.0,0.0,238
2023-05-10 14:35:54,SF2312,SF312,7276.0,0.0,0.0,0.0,2,7250.0,7288.0,2,7276.0,0.0,0.0,0.0,0.0,0.0,238
2023-05-10 14:35:57,SF2312,SF312,7276.0,0.0,0.0,0.0,1,7224.0,7288.0,2,7276.0,0.0,0.0,0.0,0.0,0.0,238
2023-05-10 14:35:58,SF2312,SF312,7276.0,0.0,0.0,0.0,6,7226.0,7288.0,2,7276.0,0.0,0.0,0.0,0.0,0.0,238
2023-05-10 14:36:06,SF2312,SF312,7276.0,0.0,0.0,0.0,4,7226.0,7288.0,2,7276.0,0.0,0.0,0.0,0.0,0.0,238
2023-05-10 14:36:10,SF2312,SF312,7276.0,0.0,0.0,0.0,6,7226.0,7288.0,2,7276.0,0.0,0.0,0.0,0.0,0.0,238
2023-05-10 14:36:38,SF2312,SF312,7276.0,0.0,0.0,0.0,4,7226.0,7288.0,2,7276.0,0.0,0.0,0.0,0.0,0.0,238
2023-05-10 14:36:39,SF2312,SF312,7276.0,0.0,0.0,0.0,2,7228.0,7288.0,2,7276.0,0.0,0.0,0.0,0.0,0.0,238
2023-05-10 14:36:39,SF2312,SF312,7276.0,0.0,0.0,0.0,3,7228.0,7288.0,2,7276.0,0.0,0.0,0.0,0.0,0.0,238
