time,symbol_id,symbol_name,last,trade_volume,trade_amount,open_interest_change,bv1,bp1,ap1,av1,yesterday_close,today_open,today_high,today_low,volume,amount,open_interest
2023-05-10 08:55:00,SF2305,SF2305,7330.0,0.0,0.0,0.0,0,0.0,0.0,0,7330.0,7338.0,0.0,0.0,0.0,0.0,19249
2023-05-10 08:57:38,SF2305,SF2305,7330.0,0.0,0.0,0.0,0,0.0,0.0,0,7330.0,7338.0,0.0,0.0,0.0,0.0,19249
2023-05-10 08:57:43,SF2305,SF2305,7330.0,0.0,0.0,0.0,0,0.0,0.0,0,7330.0,7338.0,0.0,0.0,0.0,0.0,19249
2023-05-10 08:57:46,SF2305,SF2305,7330.0,0.0,0.0,0.0,0,0.0,0.0,0,7330.0,7338.0,0.0,0.0,0.0,0.0,19249
2023-05-10 08:57:49,SF2305,SF2305,7330.0,0.0,0.0,0.0,0,0.0,0.0,0,7330.0,7338.0,0.0,0.0,0.0,0.0,19249
2023-05-10 08:57:52,SF2305,SF2305,7330.0,0.0,0.0,0.0,0,0.0,0.0,0,7330.0,7338.0,0.0,0.0,0.0,0.0,19249
2023-05-10 08:57:54,SF2305,SF2305,7330.0,0.0,0.0,0.0,0,0.0,0.0,0,7330.0,7338.0,0.0,0.0,0.0,0.0,19249
2023-05-10 08:58:07,SF2305,SF2305,7330.0,0.0,0.0,0.0,0,0.0,0.0,0,7330.0,7338.0,0.0,0.0,0.0,0.0,19249
2023-05-10 08:58:18,SF2305,SF2305,7330.0,0.0,0.0,0.0,0,0.0,0.0,0,7330.0,7338.0,0.0,0.0,0.0,0.0,19249
2023-05-10 08:58:20,SF2305,SF2305,7330.0,0.0,0.0,0.0,0,0.0,0.0,0,7330.0,7338.0,0.0,0.0,0.0,0.0,19249
2023-05-10 08:58:30,SF2305,SF2305,7330.0,0.0,0.0,0.0,0,0.0,0.0,0,7330.0,7338.0,0.0,0.0,0.0,0.0,19249
2023-05-10 08:58:32,SF2305,SF2305,7330.0,0.0,0.0,0.0,0,0.0,0.0,0,7330.0,7338.0,0.0,0.0,0.0,0.0,19249
2023-05-10 08:58:39,SF2305,SF2305,7330.0,0.0,0.0,0.0,0,0.0,0.0,0,7330.0,7338.0,0.0,0.0,0.0,0.0,19249
2023-05-10 08:58:43,SF2305,SF2305,7330.0,0.0,0.0,0.0,0,0.0,0.0,0,7330.0,7338.0,0.0,0.0,0.0,0.0,19249
2023-05-10 08:59:00,SF2305,SF2305,7338.0,600.0,4402800.0,0.0,20,7300.0,7340.0,10,7330.0,7338.0,7338.0,7338.0,600.0,4402800.0,19249
2023-05-10 09:00:01,SF2305,SF2305,7338.0,0.0,0.0,0.0,20,7308.0,7340.0,10,7330.0,7338.0,7338.0,7338.0,600.0,4402800.0,19249
2023-05-10 09:00:02,SF2305,SF2305,7338.0,0.0,0.0,0.0,20,7314.0,7340.0,10,7330.0,7338.0,7338.0,7338.0,600.0,4402800.0,19249
2023-05-10 09:00:02,SF2305,SF2305,7338.0,0.0,0.0,0.0,20,7310.0,7340.0,10,7330.0,7338.0,7338.0,7338.0,600.0,4402800.0,19249
2023-05-10 09:00:03,SF2305,SF2305,7338.0,0.0,0.0,0.0,2,7314.0,7340.0,10,7330.0,7338.0,7338.0,7338.0,600.0,4402800.0,19249
2023-05-10 09:00:03,SF2305,SF2305,7338.0,0.0,0.0,0.0,3,7306.0,7340.0,10,7330.0,7338.0,7338.0,7338.0,600.0,4402800.0,19249
2023-05-10 09:00:04,SF2305,SF2305,7338.0,0.0,0.0,0.0,8,7304.0,7340.0,10,7330.0,7338.0,7338.0,7338.0,600.0,4402800.0,19249
2023-05-10 09:00:04,SF2305,SF2305,7338.0,0.0,0.0,0.0,6,7310.0,7340.0,10,7330.0,7338.0,7338.0,7338.0,600.0,4402800.0,19249
2023-05-10 09:00:05,SF2305,SF2305,7338.0,0.0,0.0,0.0,20,7314.0,7340.0,10,7330.0,7338.0,7338.0,7338.0,600.0,4402800.0,19249
2023-05-10 09:00:06,SF2305,SF2305,7338.0,0.0,0.0,0.0,4,7318.0,7340.0,10,7330.0,7338.0,7338.0,7338.0,600.0,4402800.0,19249
2023-05-10 09:00:06,SF2305,SF2305,7338.0,0.0,0.0,0.0,8,7318.0,7340.0,10,7330.0,7338.0,7338.0,7338.0,600.0,4402800.0,19249
2023-05-10 09:00:06,SF2305,SF2305,7338.0,0.0,0.0,0.0,7,7316.0,7340.0,10,7330.0,7338.0,7338.0,7338.0,600.0,4402800.0,19249
2023-05-10 09:00:07,SF2305,SF2305,7338.0,0.0,0.0,0.0,4,7316.0,7340.0,10,7330.0,7338.0,7338.0,7338.0,600.0,4402800.0,19249
2023-05-10 09:00:08,SF2305,SF2305,7338.0,0.0,0.0,0.0,8,7316.0,7340.0,10,7330.0,7338.0,7338.0,7338.0,600.0,4402800.0,19249
2023-05-10 09:00:08,SF2305,SF2305,7338.0,0.0,0.0,0.0,3,7318.0,7340.0,10,7330.0,7338.0,7338.0,7338.0,600.0,4402800.0,19249
2023-05-10 09:00:09,SF2305,SF2305,7338.0,0.0,0.0,0.0,6,7318.0,7340.0,10,7330.0,7338.0,7338.0,7338.0,600.0,4402800.0,19249
2023-05-10 09:00:09,SF2305,SF2305,7338.0,0.0,0.0,0.0,20,7314.0,7340.0,10,7330.0,7338.0,7338.0,7338.0,600.0,4402800.0,19249
2023-05-10 09:00:09,SF2305,SF2305,7338.0,0.0,0.0,0.0,1,7310.0,7340.0,10,7330.0,7338.0,7338.0,7338.0,600.0,4402800.0,19249
2023-05-10 09:00:10,SF2305,SF2305,7338.0,0.0,0.0,0.0,6,7304.0,7340.0,10,7330.0,7338.0,7338.0,7338.0,600.0,4402800.0,19249
2023-05-10 09:00:11,SF2305,SF2305,7338.0,0.0,0.0,0.0,16,7306.0,7340.0,10,7330.0,7338.0,7338.0,7338.0,600.0,4402800.0,19249
2023-05-10 09:00:12,SF2305,SF2305,7338.0,0.0,0.0,0.0,17,7308.0,7340.0,10,7330.0,7338.0,7338.0,7338.0,600.0,4402800.0,19249
2023-05-10 09:00:12,SF2305,SF2305,7338.0,0.0,0.0,0.0,18,7310.0,7340.0,10,7330.0,7338.0,7338.0,7338.0,600.0,4402800.0,19249
2023-05-10 09:00:12,SF2305,SF2305,7338.0,0.0,0.0,0.0,17,7308.0,7340.0,10,7330.0,7338.0,7338.0,7338.0,600.0,4402800.0,19249
2023-05-10 09:00:12,SF2305,SF2305,7338.0,0.0,0.0,0.0,3,7310.0,7340.0,10,7330.0,7338.0,7338.0,7338.0,600.0,4402800.0,19249
2023-05-10 09:00:12,SF2305,SF2305,7338.0,0.0,0.0,0.0,18,7310.0,7340.0,10,7330.0,7338.0,7338.0,7338.0,600.0,4402800.0,19249
2023-05-10 09:00:12,SF2305,SF2305,7338.0,0.0,0.0,0.0,3,7310.0,7340.0,10,7330.0,7338.0,7338.0,7338.0,600.0,4402800.0,19249
2023-05-10 09:00:13,SF2305,SF2305,7338.0,0.0,0.0,0.0,14,7310.0,7340.0,10,7330.0,7338.0,7338.0,7338.0,600.0,4402800.0,19249
2023-05-10 09:00:14,SF2305,SF2305,7338.0,0.0,0.0,0.0,20,7312.0,7340.0,10,7330.0,7338.0,7338.0,7338.0,600.0,4402800.0,19249
2023-05-10 09:00:14,SF2305,SF2305,7338.0,0.0,0.0,0.0,13,7318.0,7340.0,10,7330.0,7338.0,7338.0,7338.0,600.0,4402800.0,19249
2023-05-10 09:00:15,SF2305,SF2305,7338.0,0.0,0.0,0.0,20,7320.0,7340.0,10,7330.0,7338.0,7338.0,7338.0,600.0,4402800.0,19249
2023-05-10 09:00:15,SF2305,SF2305,7338.0,0.0,0.0,0.0,1,7322.0,7340.0,10,7330.0,7338.0,7338.0,7338.0,600.0,4402800.0,19249
2023-05-10 09:00:15,SF2305,SF2305,7338.0,0.0,0.0,0.0,14,7328.0,7340.0,10,7330.0,7338.0,7338.0,7338.0,600.0,4402800.0,19249
2023-05-10 09:00:16,SF2305,SF2305,7338.0,0.0,0.0,0.0,20,7326.0,7340.0,10,7330.0,7338.0,7338.0,7338.0,600.0,4402800.0,19249
2023-05-10 09:00:17,SF2305,SF2305,7338.0,0.0,0.0,0.0,5,7326.0,7340.0,10,7330.0,7338.0,7338.0,7338.0,600.0,4402800.0,19249
2023-05-10 09:00:17,SF2305,SF2305,7338.0,0.0,0.0,0.0,11,7324.0,7340.0,10,7330.0,7338.0,7338.0,7338.0,600.0,4402800.0,19249
2023-05-10 09:00:17,SF2305,SF2305,7338.0,0.0,0.0,0.0,12,7322.0,7340.0,10,7330.0,7338.0,7338.0,7338.0,600.0,4402800.0,19249
2023-05-10 09:00:18,SF2305,SF2305,7338.0,0.0,0.0,0.0,9,7326.0,7340.0,10,7330.0,7338.0,7338.0,7338.0,600.0,4402800.0,19249
2023-05-10 09:00:18,SF2305,SF2305,7338.0,0.0,0.0,0.0,2,7326.0,7340.0,10,7330.0,7338.0,7338.0,7338.0,600.0,4402800.0,19249
2023-05-10 09:00:19,SF2305,SF2305,7338.0,0.0,0.0,0.0,8,7328.0,7340.0,10,7330.0,7338.0,7338.0,7338.0,600.0,4402800.0,19249
2023-05-10 09:00:19,SF2305,SF2305,7338.0,0.0,0.0,0.0,5,7326.0,7340.0,10,7330.0,7338.0,7338.0,7338.0,600.0,4402800.0,19249
2023-05-10 09:00:20,SF2305,SF2305,7338.0,0.0,0.0,0.0,4,7326.0,7340.0,10,7330.0,7338.0,7338.0,7338.0,600.0,4402800.0,19249
2023-05-10 09:00:21,SF2305,SF2305,7338.0,0.0,0.0,0.0,1,7324.0,7340.0,10,7330.0,7338.0,7338.0,7338.0,600.0,4402800.0,19249
2023-05-10 09:00:21,SF2305,SF2305,7338.0,0.0,0.0,0.0,2,7322.0,7340.0,10,7330.0,7338.0,7338.0,7338.0,600.0,4402800.0,19249
2023-05-10 09:00:21,SF2305,SF2305,7338.0,0.0,0.0,0.0,7,7320.0,7340.0,10,7330.0,7338.0,7338.0,7338.0,600.0,4402800.0,19249
2023-05-10 09:00:22,SF2305,SF2305,7338.0,0.0,0.0,0.0,2,7324.0,7340.0,10,7330.0,7338.0,7338.0,7338.0,600.0,4402800.0,19249
2023-05-10 09:00:23,SF2305,SF2305,7338.0,0.0,0.0,0.0,4,7324.0,7340.0,10,7330.0,7338.0,7338.0,7338.0,600.0,4402800.0,19249
2023-05-10 09:00:23,SF2305,SF2305,7338.0,0.0,0.0,0.0,3,7324.0,7340.0,10,7330.0,7338.0,7338.0,7338.0,600.0,4402800.0,19249
2023-05-10 09:00:24,SF2305,SF2305,7338.0,0.0,0.0,0.0,6,7324.0,7340.0,10,7330.0,7338.0,7338.0,7338.0,600.0,4402800.0,19249
2023-05-10 09:00:24,SF2305,SF2305,7338.0,0.0,0.0,0.0,17,7326.0,7340.0,10,7330.0,7338.0,7338.0,7338.0,600.0,4402800.0,19249
2023-05-10 09:00:25,SF2305,SF2305,7338.0,0.0,0.0,0.0,4,7328.0,7340.0,10,7330.0,7338.0,7338.0,7338.0,600.0,4402800.0,19249
2023-05-10 09:00:25,SF2305,SF2305,7338.0,0.0,0.0,0.0,1,7328.0,7340.0,10,7330.0,7338.0,7338.0,7338.0,600.0,4402800.0,19249
2023-05-10 09:00:26,SF2305,SF2305,7338.0,0.0,0.0,0.0,9,7326.0,7340.0,10,7330.0,7338.0,7338.0,7338.0,600.0,4402800.0,19249
2023-05-10 09:00:26,SF2305,SF2305,7338.0,0.0,0.0,0.0,20,7328.0,7340.0,10,7330.0,7338.0,7338.0,7338.0,600.0,4402800.0,19249
2023-05-10 09:00:27,SF2305,SF2305,7338.0,0.0,0.0,0.0,20,7322.0,7340.0,10,7330.0,7338.0,7338.0,7338.0,600.0,4402800.0,19249
2023-05-10 09:00:28,SF2305,SF2305,7338.0,0.0,0.0,0.0,1,7324.0,7340.0,10,7330.0,7338.0,7338.0,7338.0,600.0,4402800.0,19249
2023-05-10 09:00:28,SF2305,SF2305,7338.0,0.0,0.0,0.0,20,7322.0,7340.0,10,7330.0,7338.0,7338.0,7338.0,600.0,4402800.0,19249
2023-05-10 09:00:29,SF2305,SF2305,7338.0,0.0,0.0,0.0,10,7320.0,7340.0,10,7330.0,7338.0,7338.0,7338.0,600.0,4402800.0,19249
2023-05-10 09:00:30,SF2305,SF2305,7338.0,0.0,0.0,0.0,4,7318.0,7340.0,10,7330.0,7338.0,7338.0,7338.0,600.0,4402800.0,19249
2023-05-10 09:00:30,SF2305,SF2305,7338.0,0.0,0.0,0.0,2,7318.0,7340.0,10,7330.0,7338.0,7338.0,7338.0,600.0,4402800.0,19249
2023-05-10 09:00:31,SF2305,SF2305,7338.0,0.0,0.0,0.0,1,7316.0,7340.0,10,7330.0,7338.0,7338.0,7338.0,600.0,4402800.0,19249
2023-05-10 09:00:31,SF2305,SF2305,7338.0,0.0,0.0,0.0,6,7312.0,7340.0,10,7330.0,7338.0,7338.0,7338.0,600.0,4402800.0,19249
2023-05-10 09:00:32,SF2305,SF2305,7338.0,0.0,0.0,0.0,10,7314.0,7340.0,10,7330.0,7338.0,7338.0,7338.0,600.0,4402800.0,19249
2023-05-10 09:00:33,SF2305,SF2305,7338.0,0.0,0.0,0.0,23,7314.0,7340.0,10,7330.0,7338.0,7338.0,7338.0,600.0,4402800.0,19249
2023-05-10 09:00:33,SF2305,SF2305,7338.0,0.0,0.0,0.0,7,7316.0,7340.0,10,7330.0,7338.0,7338.0,7338.0,600.0,4402800.0,19249
2023-05-10 09:00:34,SF2305,SF2305,7338.0,0.0,0.0,0.0,1,7316.0,7340.0,10,7330.0,7338.0,7338.0,7338.0,600.0,4402800.0,19249
2023-05-10 09:00:34,SF2305,SF2305,7338.0,0.0,0.0,0.0,13,7314.0,7340.0,10,7330.0,7338.0,7338.0,7338.0,600.0,4402800.0,19249
2023-05-10 09:00:35,SF2305,SF2305,7338.0,0.0,0.0,0.0,20,7316.0,7340.0,10,7330.0,7338.0,7338.0,7338.0,600.0,4402800.0,19249
2023-05-10 09:00:35,SF2305,SF2305,7338.0,0.0,0.0,0.0,8,7316.0,7340.0,10,7330.0,7338.0,7338.0,7338.0,600.0,4402800.0,19249
2023-05-10 09:00:36,SF2305,SF2305,7338.0,0.0,0.0,0.0,9,7316.0,7340.0,10,7330.0,7338.0,7338.0,7338.0,600.0,4402800.0,19249
2023-05-10 09:00:36,SF2305,SF2305,7338.0,0.0,0.0,0.0,35,7318.0,7340.0,10,7330.0,7338.0,7338.0,7338.0,600.0,4402800.0,19249
2023-05-10 09:00:36,SF2305,SF2305,7338.0,0.0,0.0,0.0,21,7318.0,7340.0,10,7330.0,7338.0,7338.0,7338.0,600.0,4402800.0,19249
2023-05-10 09:00:37,SF2305,SF2305,7338.0,0.0,0.0,0.0,20,7318.0,7340.0,10,7330.0,7338.0,7338.0,7338.0,600.0,4402800.0,19249
2023-05-10 09:00:39,SF2305,SF2305,7338.0,0.0,0.0,0.0,1,7316.0,7340.0,10,7330.0,7338.0,7338.0,7338.0,600.0,4402800.0,19249
2023-05-10 09:00:39,SF2305,SF2305,7338.0,0.0,0.0,0.0,18,7314.0,7340.0,10,7330.0,7338.0,7338.0,7338.0,600.0,4402800.0,19249
2023-05-10 09:00:40,SF2305,SF2305,7338.0,0.0,0.0,0.0,22,7316.0,7340.0,10,7330.0,7338.0,7338.0,7338.0,600.0,4402800.0,19249
2023-05-10 09:00:40,SF2305,SF2305,7338.0,0.0,0.0,0.0,20,7316.0,7340.0,10,7330.0,7338.0,7338.0,7338.0,600.0,4402800.0,19249
2023-05-10 09:00:41,SF2305,SF2305,7338.0,0.0,0.0,0.0,7,7318.0,7340.0,10,7330.0,7338.0,7338.0,7338.0,600.0,4402800.0,19249
2023-05-10 09:00:42,SF2305,SF2305,7338.0,0.0,0.0,0.0,4,7318.0,7340.0,10,7330.0,7338.0,7338.0,7338.0,600.0,4402800.0,19249
2023-05-10 09:00:42,SF2305,SF2305,7338.0,0.0,0.0,0.0,28,7316.0,7340.0,10,7330.0,7338.0,7338.0,7338.0,600.0,4402800.0,19249
2023-05-10 09:00:43,SF2305,SF2305,7338.0,0.0,0.0,0.0,1,7316.0,7340.0,10,7330.0,7338.0,7338.0,7338.0,600.0,4402800.0,19249
2023-05-10 09:00:43,SF2305,SF2305,7338.0,0.0,0.0,0.0,8,7314.0,7340.0,10,7330.0,7338.0,7338.0,7338.0,600.0,4402800.0,19249
2023-05-10 09:00:44,SF2305,SF2305,7338.0,0.0,0.0,0.0,25,7314.0,7340.0,10,7330.0,7338.0,7338.0,7338.0,600.0,4402800.0,19249
2023-05-10 09:00:45,SF2305,SF2305,7338.0,0.0,0.0,0.0,20,7314.0,7340.0,10,7330.0,7338.0,7338.0,7338.0,600.0,4402800.0,19249
2023-05-10 09:00:45,SF2305,SF2305,7338.0,0.0,0.0,0.0,10,7314.0,7340.0,10,7330.0,7338.0,7338.0,7338.0,600.0,4402800.0,19249
2023-05-10 09:00:45,SF2305,SF2305,7338.0,0.0,0.0,0.0,5,7314.0,7340.0,10,7330.0,7338.0,7338.0,7338.0,600.0,4402800.0,19249
2023-05-10 09:00:46,SF2305,SF2305,7338.0,0.0,0.0,0.0,6,7314.0,7340.0,10,7330.0,7338.0,7338.0,7338.0,600.0,4402800.0,19249
2023-05-10 09:00:47,SF2305,SF2305,7338.0,0.0,0.0,0.0,19,7314.0,7340.0,10,7330.0,7338.0,7338.0,7338.0,600.0,4402800.0,19249
2023-05-10 09:00:48,SF2305,SF2305,7338.0,0.0,0.0,0.0,8,7312.0,7340.0,10,7330.0,7338.0,7338.0,7338.0,600.0,4402800.0,19249
2023-05-10 09:00:48,SF2305,SF2305,7338.0,0.0,0.0,0.0,16,7310.0,7340.0,10,7330.0,7338.0,7338.0,7338.0,600.0,4402800.0,19249
2023-05-10 09:00:49,SF2305,SF2305,7338.0,0.0,0.0,0.0,7,7310.0,7340.0,10,7330.0,7338.0,7338.0,7338.0,600.0,4402800.0,19249
2023-05-10 09:00:49,SF2305,SF2305,7338.0,0.0,0.0,0.0,3,7312.0,7340.0,10,7330.0,7338.0,7338.0,7338.0,600.0,4402800.0,19249
2023-05-10 09:00:49,SF2305,SF2305,7338.0,0.0,0.0,0.0,20,7314.0,7340.0,10,7330.0,7338.0,7338.0,7338.0,600.0,4402800.0,19249
2023-05-10 09:00:52,SF2305,SF2305,7338.0,0.0,0.0,0.0,22,7314.0,7340.0,10,7330.0,7338.0,7338.0,7338.0,600.0,4402800.0,19249
2023-05-10 09:00:52,SF2305,SF2305,7338.0,0.0,0.0,0.0,21,7314.0,7340.0,10,7330.0,7338.0,7338.0,7338.0,600.0,4402800.0,19249
2023-05-10 09:00:52,SF2305,SF2305,7338.0,0.0,0.0,0.0,7,7316.0,7340.0,10,7330.0,7338.0,7338.0,7338.0,600.0,4402800.0,19249
2023-05-10 09:00:53,SF2305,SF2305,7338.0,0.0,0.0,0.0,8,7316.0,7340.0,10,7330.0,7338.0,7338.0,7338.0,600.0,4402800.0,19249
2023-05-10 09:00:54,SF2305,SF2305,7338.0,0.0,0.0,0.0,12,7316.0,7340.0,10,7330.0,7338.0,7338.0,7338.0,600.0,4402800.0,19249
2023-05-10 09:00:54,SF2305,SF2305,7338.0,0.0,0.0,0.0,4,7318.0,7340.0,10,7330.0,7338.0,7338.0,7338.0,600.0,4402800.0,19249
2023-05-10 09:00:55,SF2305,SF2305,7338.0,0.0,0.0,0.0,25,7318.0,7340.0,10,7330.0,7338.0,7338.0,7338.0,600.0,4402800.0,19249
2023-05-10 09:00:55,SF2305,SF2305,7338.0,0.0,0.0,0.0,5,7318.0,7340.0,10,7330.0,7338.0,7338.0,7338.0,600.0,4402800.0,19249
2023-05-10 09:00:56,SF2305,SF2305,7338.0,0.0,0.0,0.0,25,7316.0,7340.0,10,7330.0,7338.0,7338.0,7338.0,600.0,4402800.0,19249
2023-05-10 09:00:56,SF2305,SF2305,7338.0,0.0,0.0,0.0,10,7318.0,7340.0,10,7330.0,7338.0,7338.0,7338.0,600.0,4402800.0,19249
2023-05-10 09:00:57,SF2305,SF2305,7338.0,0.0,0.0,0.0,6,7318.0,7340.0,10,7330.0,7338.0,7338.0,7338.0,600.0,4402800.0,19249
2023-05-10 09:00:57,SF2305,SF2305,7338.0,0.0,0.0,0.0,10,7314.0,7340.0,10,7330.0,7338.0,7338.0,7338.0,600.0,4402800.0,19249
2023-05-10 09:00:58,SF2305,SF2305,7338.0,0.0,0.0,0.0,15,7314.0,7340.0,10,7330.0,7338.0,7338.0,7338.0,600.0,4402800.0,19249
2023-05-10 09:00:58,SF2305,SF2305,7338.0,0.0,0.0,0.0,11,7314.0,7340.0,10,7330.0,7338.0,7338.0,7338.0,600.0,4402800.0,19249
2023-05-10 09:00:59,SF2305,SF2305,7338.0,0.0,0.0,0.0,12,7312.0,7340.0,10,7330.0,7338.0,7338.0,7338.0,600.0,4402800.0,19249
2023-05-10 09:00:59,SF2305,SF2305,7338.0,0.0,0.0,0.0,14,7310.0,7340.0,15,7330.0,7338.0,7338.0,7338.0,600.0,4402800.0,19249
2023-05-10 09:01:00,SF2305,SF2305,7338.0,0.0,0.0,0.0,3,7312.0,7340.0,15,7330.0,7338.0,7338.0,7338.0,600.0,4402800.0,19249
2023-05-10 09:01:01,SF2305,SF2305,7338.0,0.0,0.0,0.0,22,7310.0,7340.0,15,7330.0,7338.0,7338.0,7338.0,600.0,4402800.0,19249
2023-05-10 09:01:01,SF2305,SF2305,7338.0,0.0,0.0,0.0,31,7310.0,7340.0,15,7330.0,7338.0,7338.0,7338.0,600.0,4402800.0,19249
2023-05-10 09:01:02,SF2305,SF2305,7338.0,0.0,0.0,0.0,3,7314.0,7340.0,15,7330.0,7338.0,7338.0,7338.0,600.0,4402800.0,19249
2023-05-10 09:01:03,SF2305,SF2305,7338.0,0.0,0.0,0.0,4,7318.0,7340.0,15,7330.0,7338.0,7338.0,7338.0,600.0,4402800.0,19249
2023-05-10 09:01:03,SF2305,SF2305,7338.0,0.0,0.0,0.0,12,7314.0,7340.0,15,7330.0,7338.0,7338.0,7338.0,600.0,4402800.0,19249
2023-05-10 09:01:03,SF2305,SF2305,7338.0,0.0,0.0,0.0,20,7312.0,7340.0,15,7330.0,7338.0,7338.0,7338.0,600.0,4402800.0,19249
2023-05-10 09:01:04,SF2305,SF2305,7338.0,0.0,0.0,0.0,4,7314.0,7340.0,15,7330.0,7338.0,7338.0,7338.0,600.0,4402800.0,19249
2023-05-10 09:01:05,SF2305,SF2305,7338.0,0.0,0.0,0.0,2,7314.0,7340.0,15,7330.0,7338.0,7338.0,7338.0,600.0,4402800.0,19249
2023-05-10 09:01:05,SF2305,SF2305,7338.0,0.0,0.0,0.0,11,7312.0,7340.0,15,7330.0,7338.0,7338.0,7338.0,600.0,4402800.0,19249
2023-05-10 09:01:06,SF2305,SF2305,7338.0,0.0,0.0,0.0,4,7312.0,7340.0,15,7330.0,7338.0,7338.0,7338.0,600.0,4402800.0,19249
2023-05-10 09:01:06,SF2305,SF2305,7338.0,0.0,0.0,0.0,15,7312.0,7340.0,15,7330.0,7338.0,7338.0,7338.0,600.0,4402800.0,19249
2023-05-10 09:01:06,SF2305,SF2305,7338.0,0.0,0.0,0.0,13,7312.0,7340.0,15,7330.0,7338.0,7338.0,7338.0,600.0,4402800.0,19249
2023-05-10 09:01:07,SF2305,SF2305,7338.0,0.0,0.0,0.0,4,7314.0,7340.0,15,7330.0,7338.0,7338.0,7338.0,600.0,4402800.0,19249
2023-05-10 09:01:08,SF2305,SF2305,7338.0,0.0,0.0,0.0,7,7316.0,7340.0,15,7330.0,7338.0,7338.0,7338.0,600.0,4402800.0,19249
2023-05-10 09:01:09,SF2305,SF2305,7338.0,0.0,0.0,0.0,12,7314.0,7340.0,15,7330.0,7338.0,7338.0,7338.0,600.0,4402800.0,19249
2023-05-10 09:01:09,SF2305,SF2305,7338.0,0.0,0.0,0.0,3,7314.0,7340.0,15,7330.0,7338.0,7338.0,7338.0,600.0,4402800.0,19249
2023-05-10 09:01:10,SF2305,SF2305,7338.0,0.0,0.0,0.0,18,7314.0,7340.0,15,7330.0,7338.0,7338.0,7338.0,600.0,4402800.0,19249
2023-05-10 09:01:11,SF2305,SF2305,7338.0,0.0,0.0,0.0,1,7316.0,7340.0,15,7330.0,7338.0,7338.0,7338.0,600.0,4402800.0,19249
2023-05-10 09:01:11,SF2305,SF2305,7338.0,0.0,0.0,0.0,10,7314.0,7340.0,15,7330.0,7338.0,7338.0,7338.0,600.0,4402800.0,19249
2023-05-10 09:01:11,SF2305,SF2305,7338.0,0.0,0.0,0.0,3,7314.0,7340.0,15,7330.0,7338.0,7338.0,7338.0,600.0,4402800.0,19249
2023-05-10 09:01:12,SF2305,SF2305,7338.0,0.0,0.0,0.0,9,7314.0,7340.0,15,7330.0,7338.0,7338.0,7338.0,600.0,4402800.0,19249
2023-05-10 09:01:14,SF2305,SF2305,7338.0,0.0,0.0,0.0,17,7312.0,7340.0,15,7330.0,7338.0,7338.0,7338.0,600.0,4402800.0,19249
2023-05-10 09:01:15,SF2305,SF2305,7338.0,0.0,0.0,0.0,6,7312.0,7340.0,15,7330.0,7338.0,7338.0,7338.0,600.0,4402800.0,19249
2023-05-10 09:01:15,SF2305,SF2305,7338.0,0.0,0.0,0.0,8,7312.0,7340.0,15,7330.0,7338.0,7338.0,7338.0,600.0,4402800.0,19249
2023-05-10 09:01:17,SF2305,SF2305,7338.0,0.0,0.0,0.0,9,7312.0,7340.0,15,7330.0,7338.0,7338.0,7338.0,600.0,4402800.0,19249
2023-05-10 09:01:17,SF2305,SF2305,7338.0,0.0,0.0,0.0,14,7312.0,7340.0,15,7330.0,7338.0,7338.0,7338.0,600.0,4402800.0,19249
2023-05-10 09:01:17,SF2305,SF2305,7338.0,0.0,0.0,0.0,30,7310.0,7340.0,15,7330.0,7338.0,7338.0,7338.0,600.0,4402800.0,19249
2023-05-10 09:01:19,SF2305,SF2305,7338.0,0.0,0.0,0.0,31,7310.0,7340.0,15,7330.0,7338.0,7338.0,7338.0,600.0,4402800.0,19249
2023-05-10 09:01:20,SF2305,SF2305,7338.0,0.0,0.0,0.0,28,7310.0,7340.0,15,7330.0,7338.0,7338.0,7338.0,600.0,4402800.0,19249
2023-05-10 09:01:21,SF2305,SF2305,7338.0,0.0,0.0,0.0,27,7310.0,7340.0,15,7330.0,7338.0,7338.0,7338.0,600.0,4402800.0,19249
2023-05-10 09:01:21,SF2305,SF2305,7338.0,0.0,0.0,0.0,21,7310.0,7340.0,15,7330.0,7338.0,7338.0,7338.0,600.0,4402800.0,19249
2023-05-10 09:01:22,SF2305,SF2305,7338.0,0.0,0.0,0.0,20,7310.0,7340.0,15,7330.0,7338.0,7338.0,7338.0,600.0,4402800.0,19249
2023-05-10 09:01:23,SF2305,SF2305,7338.0,0.0,0.0,0.0,26,7310.0,7340.0,15,7330.0,7338.0,7338.0,7338.0,600.0,4402800.0,19249
2023-05-10 09:01:23,SF2305,SF2305,7338.0,0.0,0.0,0.0,28,7308.0,7340.0,15,7330.0,7338.0,7338.0,7338.0,600.0,4402800.0,19249
2023-05-10 09:01:24,SF2305,SF2305,7338.0,0.0,0.0,0.0,38,7308.0,7340.0,15,7330.0,7338.0,7338.0,7338.0,600.0,4402800.0,19249
2023-05-10 09:01:24,SF2305,SF2305,7338.0,0.0,0.0,0.0,28,7308.0,7340.0,15,7330.0,7338.0,7338.0,7338.0,600.0,4402800.0,19249
2023-05-10 09:01:25,SF2305,SF2305,7338.0,0.0,0.0,0.0,2,7310.0,7340.0,15,7330.0,7338.0,7338.0,7338.0,600.0,4402800.0,19249
2023-05-10 09:01:25,SF2305,SF2305,7338.0,0.0,0.0,0.0,20,7310.0,7340.0,15,7330.0,7338.0,7338.0,7338.0,600.0,4402800.0,19249
2023-05-10 09:01:26,SF2305,SF2305,7338.0,0.0,0.0,0.0,5,7310.0,7340.0,15,7330.0,7338.0,7338.0,7338.0,600.0,4402800.0,19249
2023-05-10 09:01:26,SF2305,SF2305,7338.0,0.0,0.0,0.0,38,7308.0,7340.0,15,7330.0,7338.0,7338.0,7338.0,600.0,4402800.0,19249
2023-05-10 09:01:27,SF2305,SF2305,7338.0,0.0,0.0,0.0,28,7308.0,7340.0,15,7330.0,7338.0,7338.0,7338.0,600.0,4402800.0,19249
2023-05-10 09:01:27,SF2305,SF2305,7338.0,0.0,0.0,0.0,2,7310.0,7340.0,15,7330.0,7338.0,7338.0,7338.0,600.0,4402800.0,19249
2023-05-10 09:01:28,SF2305,SF2305,7338.0,0.0,0.0,0.0,13,7310.0,7340.0,15,7330.0,7338.0,7338.0,7338.0,600.0,4402800.0,19249
2023-05-10 09:01:28,SF2305,SF2305,7338.0,0.0,0.0,0.0,51,7312.0,7340.0,15,7330.0,7338.0,7338.0,7338.0,600.0,4402800.0,19249
2023-05-10 09:01:31,SF2305,SF2305,7338.0,0.0,0.0,0.0,2,7314.0,7340.0,15,7330.0,7338.0,7338.0,7338.0,600.0,4402800.0,19249
2023-05-10 09:01:31,SF2305,SF2305,7338.0,0.0,0.0,0.0,51,7312.0,7340.0,15,7330.0,7338.0,7338.0,7338.0,600.0,4402800.0,19249
2023-05-10 09:01:31,SF2305,SF2305,7338.0,0.0,0.0,0.0,2,7314.0,7340.0,15,7330.0,7338.0,7338.0,7338.0,600.0,4402800.0,19249
2023-05-10 09:01:31,SF2305,SF2305,7338.0,0.0,0.0,0.0,51,7312.0,7340.0,15,7330.0,7338.0,7338.0,7338.0,600.0,4402800.0,19249
2023-05-10 09:01:33,SF2305,SF2305,7338.0,0.0,0.0,0.0,16,7314.0,7340.0,15,7330.0,7338.0,7338.0,7338.0,600.0,4402800.0,19249
2023-05-10 09:01:34,SF2305,SF2305,7338.0,0.0,0.0,0.0,26,7314.0,7340.0,15,7330.0,7338.0,7338.0,7338.0,600.0,4402800.0,19249
2023-05-10 09:01:34,SF2305,SF2305,7338.0,0.0,0.0,0.0,12,7314.0,7340.0,15,7330.0,7338.0,7338.0,7338.0,600.0,4402800.0,19249
2023-05-10 09:01:35,SF2305,SF2305,7338.0,0.0,0.0,0.0,1,7316.0,7340.0,15,7330.0,7338.0,7338.0,7338.0,600.0,4402800.0,19249
2023-05-10 09:01:35,SF2305,SF2305,7338.0,0.0,0.0,0.0,22,7314.0,7340.0,15,7330.0,7338.0,7338.0,7338.0,600.0,4402800.0,19249
2023-05-10 09:01:36,SF2305,SF2305,7338.0,0.0,0.0,0.0,12,7314.0,7340.0,15,7330.0,7338.0,7338.0,7338.0,600.0,4402800.0,19249
2023-05-10 09:01:37,SF2305,SF2305,7338.0,0.0,0.0,0.0,51,7312.0,7340.0,15,7330.0,7338.0,7338.0,7338.0,600.0,4402800.0,19249
2023-05-10 09:01:38,SF2305,SF2305,7338.0,0.0,0.0,0.0,4,7314.0,7340.0,15,7330.0,7338.0,7338.0,7338.0,600.0,4402800.0,19249
2023-05-10 09:01:39,SF2305,SF2305,7338.0,0.0,0.0,0.0,51,7312.0,7340.0,15,7330.0,7338.0,7338.0,7338.0,600.0,4402800.0,19249
2023-05-10 09:01:39,SF2305,SF2305,7338.0,0.0,0.0,0.0,1,7314.0,7340.0,15,7330.0,7338.0,7338.0,7338.0,600.0,4402800.0,19249
2023-05-10 09:01:40,SF2305,SF2305,7338.0,0.0,0.0,0.0,51,7312.0,7340.0,15,7330.0,7338.0,7338.0,7338.0,600.0,4402800.0,19249
2023-05-10 09:01:41,SF2305,SF2305,7338.0,0.0,0.0,0.0,32,7308.0,7340.0,15,7330.0,7338.0,7338.0,7338.0,600.0,4402800.0,19249
2023-05-10 09:01:42,SF2305,SF2305,7338.0,0.0,0.0,0.0,12,7308.0,7340.0,15,7330.0,7338.0,7338.0,7338.0,600.0,4402800.0,19249
2023-05-10 09:01:43,SF2305,SF2305,7338.0,0.0,0.0,0.0,3,7310.0,7340.0,15,7330.0,7338.0,7338.0,7338.0,600.0,4402800.0,19249
2023-05-10 09:01:44,SF2305,SF2305,7338.0,0.0,0.0,0.0,32,7308.0,7340.0,15,7330.0,7338.0,7338.0,7338.0,600.0,4402800.0,19249
2023-05-10 09:01:44,SF2305,SF2305,7338.0,0.0,0.0,0.0,1,7310.0,7340.0,15,7330.0,7338.0,7338.0,7338.0,600.0,4402800.0,19249
2023-05-10 09:01:45,SF2305,SF2305,7338.0,0.0,0.0,0.0,12,7310.0,7340.0,15,7330.0,7338.0,7338.0,7338.0,600.0,4402800.0,19249
2023-05-10 09:01:46,SF2305,SF2305,7338.0,0.0,0.0,0.0,2,7312.0,7340.0,15,7330.0,7338.0,7338.0,7338.0,600.0,4402800.0,19249
2023-05-10 09:01:46,SF2305,SF2305,7338.0,0.0,0.0,0.0,8,7312.0,7340.0,15,7330.0,7338.0,7338.0,7338.0,600.0,4402800.0,19249
2023-05-10 09:01:46,SF2305,SF2305,7338.0,0.0,0.0,0.0,14,7312.0,7340.0,15,7330.0,7338.0,7338.0,7338.0,600.0,4402800.0,19249
2023-05-10 09:01:47,SF2305,SF2305,7338.0,0.0,0.0,0.0,7,7312.0,7340.0,15,7330.0,7338.0,7338.0,7338.0,600.0,4402800.0,19249
2023-05-10 09:01:47,SF2305,SF2305,7338.0,0.0,0.0,0.0,38,7310.0,7340.0,15,7330.0,7338.0,7338.0,7338.0,600.0,4402800.0,19249
2023-05-10 09:01:48,SF2305,SF2305,7338.0,0.0,0.0,0.0,29,7310.0,7340.0,15,7330.0,7338.0,7338.0,7338.0,600.0,4402800.0,19249
2023-05-10 09:01:48,SF2305,SF2305,7338.0,0.0,0.0,0.0,9,7310.0,7340.0,15,7330.0,7338.0,7338.0,7338.0,600.0,4402800.0,19249
2023-05-10 09:01:49,SF2305,SF2305,7338.0,0.0,0.0,0.0,6,7310.0,7340.0,15,7330.0,7338.0,7338.0,7338.0,600.0,4402800.0,19249
2023-05-10 09:01:49,SF2305,SF2305,7338.0,0.0,0.0,0.0,42,7308.0,7340.0,15,7330.0,7338.0,7338.0,7338.0,600.0,4402800.0,19249
2023-05-10 09:01:50,SF2305,SF2305,7338.0,0.0,0.0,0.0,15,7308.0,7340.0,15,7330.0,7338.0,7338.0,7338.0,600.0,4402800.0,19249
2023-05-10 09:01:51,SF2305,SF2305,7338.0,0.0,0.0,0.0,16,7308.0,7340.0,15,7330.0,7338.0,7338.0,7338.0,600.0,4402800.0,19249
2023-05-10 09:01:52,SF2305,SF2305,7338.0,0.0,0.0,0.0,51,7306.0,7340.0,15,7330.0,7338.0,7338.0,7338.0,600.0,4402800.0,19249
2023-05-10 09:01:52,SF2305,SF2305,7338.0,0.0,0.0,0.0,28,7306.0,7340.0,15,7330.0,7338.0,7338.0,7338.0,600.0,4402800.0,19249
2023-05-10 09:01:52,SF2305,SF2305,7338.0,0.0,0.0,0.0,7,7304.0,7340.0,15,7330.0,7338.0,7338.0,7338.0,600.0,4402800.0,19249
2023-05-10 09:01:53,SF2305,SF2305,7338.0,0.0,0.0,0.0,48,7302.0,7340.0,15,7330.0,7338.0,7338.0,7338.0,600.0,4402800.0,19249
2023-05-10 09:01:54,SF2305,SF2305,7338.0,0.0,0.0,0.0,42,7302.0,7340.0,15,7330.0,7338.0,7338.0,7338.0,600.0,4402800.0,19249
2023-05-10 09:01:54,SF2305,SF2305,7338.0,0.0,0.0,0.0,1,7304.0,7340.0,15,7330.0,7338.0,7338.0,7338.0,600.0,4402800.0,19249
2023-05-10 09:01:54,SF2305,SF2305,7338.0,0.0,0.0,0.0,43,7302.0,7340.0,15,7330.0,7338.0,7338.0,7338.0,600.0,4402800.0,19249
2023-05-10 09:01:55,SF2305,SF2305,7338.0,0.0,0.0,0.0,32,7302.0,7340.0,15,7330.0,7338.0,7338.0,7338.0,600.0,4402800.0,19249
2023-05-10 09:01:56,SF2305,SF2305,7338.0,0.0,0.0,0.0,29,7302.0,7340.0,15,7330.0,7338.0,7338.0,7338.0,600.0,4402800.0,19249
2023-05-10 09:01:56,SF2305,SF2305,7338.0,0.0,0.0,0.0,28,7302.0,7340.0,15,7330.0,7338.0,7338.0,7338.0,600.0,4402800.0,19249
2023-05-10 09:01:57,SF2305,SF2305,7338.0,0.0,0.0,0.0,19,7302.0,7340.0,15,7330.0,7338.0,7338.0,7338.0,600.0,4402800.0,19249
2023-05-10 09:01:58,SF2305,SF2305,7338.0,0.0,0.0,0.0,26,7302.0,7340.0,15,7330.0,7338.0,7338.0,7338.0,600.0,4402800.0,19249
2023-05-10 09:01:58,SF2305,SF2305,7338.0,0.0,0.0,0.0,7,7304.0,7340.0,15,7330.0,7338.0,7338.0,7338.0,600.0,4402800.0,19249
2023-05-10 09:01:58,SF2305,SF2305,7338.0,0.0,0.0,0.0,9,7304.0,7340.0,15,7330.0,7338.0,7338.0,7338.0,600.0,4402800.0,19249
2023-05-10 09:01:59,SF2305,SF2305,7338.0,0.0,0.0,0.0,12,7304.0,7340.0,15,7330.0,7338.0,7338.0,7338.0,600.0,4402800.0,19249
2023-05-10 09:01:59,SF2305,SF2305,7338.0,0.0,0.0,0.0,1,7306.0,7340.0,15,7330.0,7338.0,7338.0,7338.0,600.0,4402800.0,19249
2023-05-10 09:02:00,SF2305,SF2305,7338.0,0.0,0.0,0.0,19,7304.0,7340.0,15,7330.0,7338.0,7338.0,7338.0,600.0,4402800.0,19249
2023-05-10 09:02:01,SF2305,SF2305,7338.0,0.0,0.0,0.0,19,7306.0,7340.0,15,7330.0,7338.0,7338.0,7338.0,600.0,4402800.0,19249
2023-05-10 09:02:01,SF2305,SF2305,7338.0,0.0,0.0,0.0,27,7306.0,7340.0,15,7330.0,7338.0,7338.0,7338.0,600.0,4402800.0,19249
2023-05-10 09:02:01,SF2305,SF2305,7338.0,0.0,0.0,0.0,40,7306.0,7340.0,15,7330.0,7338.0,7338.0,7338.0,600.0,4402800.0,19249
2023-05-10 09:02:02,SF2305,SF2305,7338.0,0.0,0.0,0.0,29,7306.0,7340.0,15,7330.0,7338.0,7338.0,7338.0,600.0,4402800.0,19249
2023-05-10 09:02:03,SF2305,SF2305,7338.0,0.0,0.0,0.0,33,7310.0,7340.0,15,7330.0,7338.0,7338.0,7338.0,600.0,4402800.0,19249
2023-05-10 09:02:03,SF2305,SF2305,7338.0,0.0,0.0,0.0,50,7312.0,7340.0,15,7330.0,7338.0,7338.0,7338.0,600.0,4402800.0,19249
2023-05-10 09:02:03,SF2305,SF2305,7338.0,0.0,0.0,0.0,51,7312.0,7340.0,15,7330.0,7338.0,7338.0,7338.0,600.0,4402800.0,19249
2023-05-10 09:02:03,SF2305,SF2305,7338.0,0.0,0.0,0.0,33,7310.0,7340.0,15,7330.0,7338.0,7338.0,7338.0,600.0,4402800.0,19249
2023-05-10 09:02:03,SF2305,SF2305,7338.0,0.0,0.0,0.0,50,7312.0,7340.0,15,7330.0,7338.0,7338.0,7338.0,600.0,4402800.0,19249
2023-05-10 09:02:04,SF2305,SF2305,7338.0,0.0,0.0,0.0,2,7314.0,7340.0,15,7330.0,7338.0,7338.0,7338.0,600.0,4402800.0,19249
2023-05-10 09:02:05,SF2305,SF2305,7338.0,0.0,0.0,0.0,1,7314.0,7340.0,15,7330.0,7338.0,7338.0,7338.0,600.0,4402800.0,19249
2023-05-10 09:02:05,SF2305,SF2305,7338.0,0.0,0.0,0.0,13,7312.0,7340.0,15,7330.0,7338.0,7338.0,7338.0,600.0,4402800.0,19249
2023-05-10 09:02:05,SF2305,SF2305,7338.0,0.0,0.0,0.0,8,7312.0,7340.0,15,7330.0,7338.0,7338.0,7338.0,600.0,4402800.0,19249
2023-05-10 09:02:06,SF2305,SF2305,7338.0,0.0,0.0,0.0,12,7312.0,7340.0,15,7330.0,7338.0,7338.0,7338.0,600.0,4402800.0,19249
2023-05-10 09:02:06,SF2305,SF2305,7338.0,0.0,0.0,0.0,10,7312.0,7340.0,15,7330.0,7338.0,7338.0,7338.0,600.0,4402800.0,19249
2023-05-10 09:02:07,SF2305,SF2305,7338.0,0.0,0.0,0.0,9,7312.0,7340.0,15,7330.0,7338.0,7338.0,7338.0,600.0,4402800.0,19249
2023-05-10 09:02:07,SF2305,SF2305,7338.0,0.0,0.0,0.0,11,7314.0,7340.0,15,7330.0,7338.0,7338.0,7338.0,600.0,4402800.0,19249
2023-05-10 09:02:08,SF2305,SF2305,7338.0,0.0,0.0,0.0,12,7316.0,7340.0,15,7330.0,7338.0,7338.0,7338.0,600.0,4402800.0,19249
2023-05-10 09:02:08,SF2305,SF2305,7338.0,0.0,0.0,0.0,15,7316.0,7340.0,15,7330.0,7338.0,7338.0,7338.0,600.0,4402800.0,19249
2023-05-10 09:02:08,SF2305,SF2305,7338.0,0.0,0.0,0.0,12,7316.0,7340.0,15,7330.0,7338.0,7338.0,7338.0,600.0,4402800.0,19249
2023-05-10 09:02:08,SF2305,SF2305,7338.0,0.0,0.0,0.0,15,7316.0,7340.0,15,7330.0,7338.0,7338.0,7338.0,600.0,4402800.0,19249
2023-05-10 09:02:09,SF2305,SF2305,7338.0,0.0,0.0,0.0,18,7318.0,7340.0,15,7330.0,7338.0,7338.0,7338.0,600.0,4402800.0,19249
2023-05-10 09:02:09,SF2305,SF2305,7338.0,0.0,0.0,0.0,25,7318.0,7340.0,15,7330.0,7338.0,7338.0,7338.0,600.0,4402800.0,19249
2023-05-10 09:02:10,SF2305,SF2305,7338.0,0.0,0.0,0.0,6,7318.0,7340.0,15,7330.0,7338.0,7338.0,7338.0,600.0,4402800.0,19249
2023-05-10 09:02:11,SF2305,SF2305,7338.0,0.0,0.0,0.0,5,7318.0,7340.0,15,7330.0,7338.0,7338.0,7338.0,600.0,4402800.0,19249
2023-05-10 09:02:11,SF2305,SF2305,7338.0,0.0,0.0,0.0,46,7316.0,7340.0,15,7330.0,7338.0,7338.0,7338.0,600.0,4402800.0,19249
2023-05-10 09:02:11,SF2305,SF2305,7338.0,0.0,0.0,0.0,27,7316.0,7340.0,15,7330.0,7338.0,7338.0,7338.0,600.0,4402800.0,19249
2023-05-10 09:02:12,SF2305,SF2305,7338.0,0.0,0.0,0.0,16,7316.0,7340.0,15,7330.0,7338.0,7338.0,7338.0,600.0,4402800.0,19249
2023-05-10 09:02:13,SF2305,SF2305,7338.0,0.0,0.0,0.0,14,7316.0,7340.0,15,7330.0,7338.0,7338.0,7338.0,600.0,4402800.0,19249
2023-05-10 09:02:14,SF2305,SF2305,7338.0,0.0,0.0,0.0,36,7316.0,7340.0,15,7330.0,7338.0,7338.0,7338.0,600.0,4402800.0,19249
2023-05-10 09:02:14,SF2305,SF2305,7338.0,0.0,0.0,0.0,51,7316.0,7340.0,15,7330.0,7338.0,7338.0,7338.0,600.0,4402800.0,19249
2023-05-10 09:02:15,SF2305,SF2305,7338.0,0.0,0.0,0.0,2,7318.0,7340.0,15,7330.0,7338.0,7338.0,7338.0,600.0,4402800.0,19249
2023-05-10 09:02:16,SF2305,SF2305,7338.0,0.0,0.0,0.0,3,7318.0,7340.0,15,7330.0,7338.0,7338.0,7338.0,600.0,4402800.0,19249
2023-05-10 09:02:16,SF2305,SF2305,7338.0,0.0,0.0,0.0,5,7318.0,7340.0,15,7330.0,7338.0,7338.0,7338.0,600.0,4402800.0,19249
2023-05-10 09:02:17,SF2305,SF2305,7338.0,0.0,0.0,0.0,51,7316.0,7340.0,15,7330.0,7338.0,7338.0,7338.0,600.0,4402800.0,19249
2023-05-10 09:02:17,SF2305,SF2305,7338.0,0.0,0.0,0.0,41,7316.0,7340.0,15,7330.0,7338.0,7338.0,7338.0,600.0,4402800.0,19249
2023-05-10 09:02:18,SF2305,SF2305,7338.0,0.0,0.0,0.0,2,7318.0,7340.0,15,7330.0,7338.0,7338.0,7338.0,600.0,4402800.0,19249
2023-05-10 09:02:19,SF2305,SF2305,7338.0,0.0,0.0,0.0,51,7316.0,7340.0,15,7330.0,7338.0,7338.0,7338.0,600.0,4402800.0,19249
2023-05-10 09:02:20,SF2305,SF2305,7338.0,0.0,0.0,0.0,51,7314.0,7340.0,15,7330.0,7338.0,7338.0,7338.0,600.0,4402800.0,19249
2023-05-10 09:02:21,SF2305,SF2305,7338.0,0.0,0.0,0.0,10,7314.0,7340.0,15,7330.0,7338.0,7338.0,7338.0,600.0,4402800.0,19249
2023-05-10 09:02:21,SF2305,SF2305,7338.0,0.0,0.0,0.0,22,7316.0,7340.0,15,7330.0,7338.0,7338.0,7338.0,600.0,4402800.0,19249
2023-05-10 09:02:22,SF2305,SF2305,7338.0,0.0,0.0,0.0,24,7316.0,7340.0,15,7330.0,7338.0,7338.0,7338.0,600.0,4402800.0,19249
2023-05-10 09:02:22,SF2305,SF2305,7338.0,0.0,0.0,0.0,1,7318.0,7340.0,15,7330.0,7338.0,7338.0,7338.0,600.0,4402800.0,19249
2023-05-10 09:02:23,SF2305,SF2305,7338.0,0.0,0.0,0.0,10,7338.0,7340.0,15,7330.0,7338.0,7338.0,7338.0,600.0,4402800.0,19249
2023-05-10 09:02:23,SF2305,SF2305,7340.0,1.0,7338.0,-1.0,9,7338.0,7340.0,14,7330.0,7338.0,7340.0,7338.0,601.0,4410138.0,19248
2023-05-10 09:02:24,SF2305,SF2305,7340.0,9.0,66042.0,-9.0,22,7316.0,7340.0,5,7330.0,7338.0,7340.0,7338.0,610.0,4476180.0,19239
2023-05-10 09:02:25,SF2305,SF2305,7340.0,0.0,0.0,0.0,10,7318.0,7340.0,5,7330.0,7338.0,7340.0,7338.0,610.0,4476180.0,19239
2023-05-10 09:02:26,SF2305,SF2305,7340.0,0.0,0.0,0.0,2,7318.0,7340.0,5,7330.0,7338.0,7340.0,7338.0,610.0,4476180.0,19239
2023-05-10 09:02:26,SF2305,SF2305,7340.0,0.0,0.0,0.0,3,7318.0,7340.0,5,7330.0,7338.0,7340.0,7338.0,610.0,4476180.0,19239
2023-05-10 09:02:27,SF2305,SF2305,7340.0,0.0,0.0,0.0,48,7316.0,7340.0,5,7330.0,7338.0,7340.0,7338.0,610.0,4476180.0,19239
2023-05-10 09:02:28,SF2305,SF2305,7340.0,0.0,0.0,0.0,49,7316.0,7340.0,5,7330.0,7338.0,7340.0,7338.0,610.0,4476180.0,19239
2023-05-10 09:02:28,SF2305,SF2305,7340.0,0.0,0.0,0.0,1,7318.0,7340.0,5,7330.0,7338.0,7340.0,7338.0,610.0,4476180.0,19239
2023-05-10 09:02:29,SF2305,SF2305,7340.0,0.0,0.0,0.0,24,7316.0,7340.0,5,7330.0,7338.0,7340.0,7338.0,610.0,4476180.0,19239
2023-05-10 09:02:29,SF2305,SF2305,7340.0,0.0,0.0,0.0,12,7316.0,7340.0,5,7330.0,7338.0,7340.0,7338.0,610.0,4476180.0,19239
2023-05-10 09:02:29,SF2305,SF2305,7340.0,0.0,0.0,0.0,35,7314.0,7340.0,5,7330.0,7338.0,7340.0,7338.0,610.0,4476180.0,19239
2023-05-10 09:02:31,SF2305,SF2305,7340.0,0.0,0.0,0.0,51,7312.0,7340.0,5,7330.0,7338.0,7340.0,7338.0,610.0,4476180.0,19239
2023-05-10 09:02:31,SF2305,SF2305,7340.0,0.0,0.0,0.0,33,7310.0,7340.0,5,7330.0,7338.0,7340.0,7338.0,610.0,4476180.0,19239
2023-05-10 09:02:31,SF2305,SF2305,7340.0,0.0,0.0,0.0,23,7310.0,7340.0,5,7330.0,7338.0,7340.0,7338.0,610.0,4476180.0,19239
2023-05-10 09:02:32,SF2305,SF2305,7340.0,0.0,0.0,0.0,3,7312.0,7340.0,5,7330.0,7338.0,7340.0,7338.0,610.0,4476180.0,19239
2023-05-10 09:02:32,SF2305,SF2305,7340.0,0.0,0.0,0.0,8,7312.0,7340.0,5,7330.0,7338.0,7340.0,7338.0,610.0,4476180.0,19239
2023-05-10 09:02:33,SF2305,SF2305,7340.0,0.0,0.0,0.0,4,7312.0,7340.0,5,7330.0,7338.0,7340.0,7338.0,610.0,4476180.0,19239
2023-05-10 09:02:33,SF2305,SF2305,7340.0,0.0,0.0,0.0,8,7312.0,7340.0,5,7330.0,7338.0,7340.0,7338.0,610.0,4476180.0,19239
2023-05-10 09:02:34,SF2305,SF2305,7340.0,0.0,0.0,0.0,6,7312.0,7340.0,5,7330.0,7338.0,7340.0,7338.0,610.0,4476180.0,19239
2023-05-10 09:02:35,SF2305,SF2305,7340.0,0.0,0.0,0.0,17,7312.0,7340.0,5,7330.0,7338.0,7340.0,7338.0,610.0,4476180.0,19239
2023-05-10 09:02:35,SF2305,SF2305,7340.0,0.0,0.0,0.0,15,7312.0,7340.0,5,7330.0,7338.0,7340.0,7338.0,610.0,4476180.0,19239
2023-05-10 09:02:36,SF2305,SF2305,7340.0,0.0,0.0,0.0,13,7312.0,7340.0,5,7330.0,7338.0,7340.0,7338.0,610.0,4476180.0,19239
2023-05-10 09:02:37,SF2305,SF2305,7340.0,0.0,0.0,0.0,12,7312.0,7340.0,5,7330.0,7338.0,7340.0,7338.0,610.0,4476180.0,19239
2023-05-10 09:02:37,SF2305,SF2305,7340.0,0.0,0.0,0.0,45,7310.0,7340.0,5,7330.0,7338.0,7340.0,7338.0,610.0,4476180.0,19239
2023-05-10 09:02:38,SF2305,SF2305,7340.0,0.0,0.0,0.0,25,7310.0,7340.0,5,7330.0,7338.0,7340.0,7338.0,610.0,4476180.0,19239
2023-05-10 09:02:38,SF2305,SF2305,7340.0,0.0,0.0,0.0,15,7310.0,7340.0,5,7330.0,7338.0,7340.0,7338.0,610.0,4476180.0,19239
2023-05-10 09:02:39,SF2305,SF2305,7340.0,0.0,0.0,0.0,12,7310.0,7340.0,5,7330.0,7338.0,7340.0,7338.0,610.0,4476180.0,19239
2023-05-10 09:02:41,SF2305,SF2305,7340.0,0.0,0.0,0.0,11,7310.0,7340.0,5,7330.0,7338.0,7340.0,7338.0,610.0,4476180.0,19239
2023-05-10 09:02:42,SF2305,SF2305,7340.0,0.0,0.0,0.0,10,7310.0,7340.0,5,7330.0,7338.0,7340.0,7338.0,610.0,4476180.0,19239
2023-05-10 09:02:44,SF2305,SF2305,7340.0,0.0,0.0,0.0,12,7310.0,7340.0,5,7330.0,7338.0,7340.0,7338.0,610.0,4476180.0,19239
2023-05-10 09:02:45,SF2305,SF2305,7340.0,0.0,0.0,0.0,11,7310.0,7340.0,5,7330.0,7338.0,7340.0,7338.0,610.0,4476180.0,19239
2023-05-10 09:02:46,SF2305,SF2305,7340.0,0.0,0.0,0.0,8,7310.0,7340.0,5,7330.0,7338.0,7340.0,7338.0,610.0,4476180.0,19239
2023-05-10 09:02:46,SF2305,SF2305,7340.0,0.0,0.0,0.0,51,7308.0,7340.0,5,7330.0,7338.0,7340.0,7338.0,610.0,4476180.0,19239
2023-05-10 09:02:46,SF2305,SF2305,7340.0,0.0,0.0,0.0,21,7308.0,7340.0,5,7330.0,7338.0,7340.0,7338.0,610.0,4476180.0,19239
2023-05-10 09:02:47,SF2305,SF2305,7340.0,0.0,0.0,0.0,11,7308.0,7340.0,5,7330.0,7338.0,7340.0,7338.0,610.0,4476180.0,19239
2023-05-10 09:02:48,SF2305,SF2305,7340.0,0.0,0.0,0.0,51,7306.0,7340.0,5,7330.0,7338.0,7340.0,7338.0,610.0,4476180.0,19239
2023-05-10 09:02:49,SF2305,SF2305,7340.0,0.0,0.0,0.0,6,7306.0,7340.0,5,7330.0,7338.0,7340.0,7338.0,610.0,4476180.0,19239
2023-05-10 09:02:50,SF2305,SF2305,7340.0,0.0,0.0,0.0,42,7304.0,7340.0,5,7330.0,7338.0,7340.0,7338.0,610.0,4476180.0,19239
2023-05-10 09:02:50,SF2305,SF2305,7340.0,0.0,0.0,0.0,33,7304.0,7340.0,5,7330.0,7338.0,7340.0,7338.0,610.0,4476180.0,19239
2023-05-10 09:02:50,SF2305,SF2305,7340.0,0.0,0.0,0.0,38,7304.0,7340.0,5,7330.0,7338.0,7340.0,7338.0,610.0,4476180.0,19239
2023-05-10 09:02:51,SF2305,SF2305,7340.0,0.0,0.0,0.0,7,7306.0,7340.0,5,7330.0,7338.0,7340.0,7338.0,610.0,4476180.0,19239
2023-05-10 09:02:52,SF2305,SF2305,7340.0,0.0,0.0,0.0,2,7306.0,7340.0,5,7330.0,7338.0,7340.0,7338.0,610.0,4476180.0,19239
2023-05-10 09:02:52,SF2305,SF2305,7340.0,0.0,0.0,0.0,4,7306.0,7340.0,5,7330.0,7338.0,7340.0,7338.0,610.0,4476180.0,19239
2023-05-10 09:02:52,SF2305,SF2305,7340.0,0.0,0.0,0.0,6,7306.0,7340.0,5,7330.0,7338.0,7340.0,7338.0,610.0,4476180.0,19239
2023-05-10 09:02:53,SF2305,SF2305,7340.0,0.0,0.0,0.0,1,7308.0,7340.0,5,7330.0,7338.0,7340.0,7338.0,610.0,4476180.0,19239
2023-05-10 09:02:53,SF2305,SF2305,7340.0,0.0,0.0,0.0,5,7308.0,7340.0,5,7330.0,7338.0,7340.0,7338.0,610.0,4476180.0,19239
2023-05-10 09:02:54,SF2305,SF2305,7340.0,0.0,0.0,0.0,32,7306.0,7340.0,5,7330.0,7338.0,7340.0,7338.0,610.0,4476180.0,19239
2023-05-10 09:02:55,SF2305,SF2305,7340.0,0.0,0.0,0.0,16,7306.0,7340.0,5,7330.0,7338.0,7340.0,7338.0,610.0,4476180.0,19239
2023-05-10 09:02:55,SF2305,SF2305,7340.0,0.0,0.0,0.0,12,7306.0,7340.0,5,7330.0,7338.0,7340.0,7338.0,610.0,4476180.0,19239
2023-05-10 09:02:56,SF2305,SF2305,7340.0,0.0,0.0,0.0,11,7306.0,7340.0,5,7330.0,7338.0,7340.0,7338.0,610.0,4476180.0,19239
2023-05-10 09:02:56,SF2305,SF2305,7340.0,0.0,0.0,0.0,7,7306.0,7340.0,5,7330.0,7338.0,7340.0,7338.0,610.0,4476180.0,19239
2023-05-10 09:02:56,SF2305,SF2305,7340.0,0.0,0.0,0.0,12,7306.0,7340.0,5,7330.0,7338.0,7340.0,7338.0,610.0,4476180.0,19239
2023-05-10 09:02:57,SF2305,SF2305,7340.0,0.0,0.0,0.0,13,7306.0,7340.0,5,7330.0,7338.0,7340.0,7338.0,610.0,4476180.0,19239
2023-05-10 09:02:58,SF2305,SF2305,7340.0,0.0,0.0,0.0,9,7306.0,7340.0,5,7330.0,7338.0,7340.0,7338.0,610.0,4476180.0,19239
2023-05-10 09:02:58,SF2305,SF2305,7340.0,0.0,0.0,0.0,8,7306.0,7340.0,5,7330.0,7338.0,7340.0,7338.0,610.0,4476180.0,19239
2023-05-10 09:02:59,SF2305,SF2305,7340.0,0.0,0.0,0.0,54,7304.0,7340.0,5,7330.0,7338.0,7340.0,7338.0,610.0,4476180.0,19239
2023-05-10 09:03:00,SF2305,SF2305,7340.0,0.0,0.0,0.0,15,7304.0,7340.0,5,7330.0,7338.0,7340.0,7338.0,610.0,4476180.0,19239
2023-05-10 09:03:00,SF2305,SF2305,7340.0,0.0,0.0,0.0,14,7304.0,7340.0,5,7330.0,7338.0,7340.0,7338.0,610.0,4476180.0,19239
2023-05-10 09:03:01,SF2305,SF2305,7340.0,0.0,0.0,0.0,24,7304.0,7340.0,5,7330.0,7338.0,7340.0,7338.0,610.0,4476180.0,19239
2023-05-10 09:03:01,SF2305,SF2305,7340.0,0.0,0.0,0.0,33,7304.0,7340.0,5,7330.0,7338.0,7340.0,7338.0,610.0,4476180.0,19239
2023-05-10 09:03:02,SF2305,SF2305,7340.0,0.0,0.0,0.0,36,7304.0,7340.0,5,7330.0,7338.0,7340.0,7338.0,610.0,4476180.0,19239
2023-05-10 09:03:02,SF2305,SF2305,7340.0,0.0,0.0,0.0,38,7304.0,7340.0,5,7330.0,7338.0,7340.0,7338.0,610.0,4476180.0,19239
2023-05-10 09:03:02,SF2305,SF2305,7340.0,0.0,0.0,0.0,1,7304.0,7340.0,5,7330.0,7338.0,7340.0,7338.0,610.0,4476180.0,19239
2023-05-10 09:03:03,SF2305,SF2305,7340.0,0.0,0.0,0.0,43,7302.0,7340.0,5,7330.0,7338.0,7340.0,7338.0,610.0,4476180.0,19239
2023-05-10 09:03:03,SF2305,SF2305,7340.0,0.0,0.0,0.0,51,7304.0,7340.0,5,7330.0,7338.0,7340.0,7338.0,610.0,4476180.0,19239
2023-05-10 09:03:05,SF2305,SF2305,7340.0,0.0,0.0,0.0,2,7306.0,7340.0,5,7330.0,7338.0,7340.0,7338.0,610.0,4476180.0,19239
2023-05-10 09:03:06,SF2305,SF2305,7340.0,0.0,0.0,0.0,51,7304.0,7340.0,5,7330.0,7338.0,7340.0,7338.0,610.0,4476180.0,19239
2023-05-10 09:03:07,SF2305,SF2305,7340.0,0.0,0.0,0.0,53,7304.0,7340.0,5,7330.0,7338.0,7340.0,7338.0,610.0,4476180.0,19239
2023-05-10 09:03:07,SF2305,SF2305,7340.0,0.0,0.0,0.0,22,7306.0,7340.0,5,7330.0,7338.0,7340.0,7338.0,610.0,4476180.0,19239
2023-05-10 09:03:07,SF2305,SF2305,7340.0,0.0,0.0,0.0,20,7306.0,7340.0,5,7330.0,7338.0,7340.0,7338.0,610.0,4476180.0,19239
2023-05-10 09:03:09,SF2305,SF2305,7340.0,0.0,0.0,0.0,19,7306.0,7340.0,5,7330.0,7338.0,7340.0,7338.0,610.0,4476180.0,19239
2023-05-10 09:03:10,SF2305,SF2305,7340.0,0.0,0.0,0.0,36,7306.0,7340.0,5,7330.0,7338.0,7340.0,7338.0,610.0,4476180.0,19239
2023-05-10 09:03:11,SF2305,SF2305,7340.0,0.0,0.0,0.0,54,7306.0,7340.0,5,7330.0,7338.0,7340.0,7338.0,610.0,4476180.0,19239
2023-05-10 09:03:11,SF2305,SF2305,7340.0,0.0,0.0,0.0,56,7306.0,7340.0,5,7330.0,7338.0,7340.0,7338.0,610.0,4476180.0,19239
2023-05-10 09:03:12,SF2305,SF2305,7340.0,0.0,0.0,0.0,41,7306.0,7340.0,5,7330.0,7338.0,7340.0,7338.0,610.0,4476180.0,19239
2023-05-10 09:03:12,SF2305,SF2305,7340.0,0.0,0.0,0.0,53,7306.0,7340.0,5,7330.0,7338.0,7340.0,7338.0,610.0,4476180.0,19239
2023-05-10 09:03:13,SF2305,SF2305,7340.0,0.0,0.0,0.0,55,7306.0,7340.0,5,7330.0,7338.0,7340.0,7338.0,610.0,4476180.0,19239
2023-05-10 09:03:13,SF2305,SF2305,7340.0,0.0,0.0,0.0,57,7306.0,7340.0,5,7330.0,7338.0,7340.0,7338.0,610.0,4476180.0,19239
2023-05-10 09:03:14,SF2305,SF2305,7340.0,0.0,0.0,0.0,32,7306.0,7340.0,5,7330.0,7338.0,7340.0,7338.0,610.0,4476180.0,19239
2023-05-10 09:03:14,SF2305,SF2305,7340.0,0.0,0.0,0.0,22,7306.0,7340.0,5,7330.0,7338.0,7340.0,7338.0,610.0,4476180.0,19239
2023-05-10 09:03:15,SF2305,SF2305,7340.0,0.0,0.0,0.0,1,7308.0,7340.0,5,7330.0,7338.0,7340.0,7338.0,610.0,4476180.0,19239
2023-05-10 09:03:15,SF2305,SF2305,7340.0,0.0,0.0,0.0,3,7308.0,7340.0,5,7330.0,7338.0,7340.0,7338.0,610.0,4476180.0,19239
2023-05-10 09:03:16,SF2305,SF2305,7340.0,0.0,0.0,0.0,28,7306.0,7340.0,5,7330.0,7338.0,7340.0,7338.0,610.0,4476180.0,19239
2023-05-10 09:03:16,SF2305,SF2305,7340.0,0.0,0.0,0.0,18,7306.0,7340.0,5,7330.0,7338.0,7340.0,7338.0,610.0,4476180.0,19239
2023-05-10 09:03:17,SF2305,SF2305,7340.0,0.0,0.0,0.0,17,7306.0,7340.0,5,7330.0,7338.0,7340.0,7338.0,610.0,4476180.0,19239
2023-05-10 09:03:19,SF2305,SF2305,7340.0,0.0,0.0,0.0,21,7306.0,7340.0,5,7330.0,7338.0,7340.0,7338.0,610.0,4476180.0,19239
2023-05-10 09:03:20,SF2305,SF2305,7340.0,0.0,0.0,0.0,39,7306.0,7340.0,5,7330.0,7338.0,7340.0,7338.0,610.0,4476180.0,19239
2023-05-10 09:03:20,SF2305,SF2305,7340.0,0.0,0.0,0.0,20,7306.0,7340.0,5,7330.0,7338.0,7340.0,7338.0,610.0,4476180.0,19239
2023-05-10 09:03:21,SF2305,SF2305,7340.0,0.0,0.0,0.0,67,7304.0,7340.0,5,7330.0,7338.0,7340.0,7338.0,610.0,4476180.0,19239
2023-05-10 09:03:21,SF2305,SF2305,7340.0,0.0,0.0,0.0,51,7304.0,7340.0,5,7330.0,7338.0,7340.0,7338.0,610.0,4476180.0,19239
2023-05-10 09:03:22,SF2305,SF2305,7340.0,0.0,0.0,0.0,55,7304.0,7340.0,5,7330.0,7338.0,7340.0,7338.0,610.0,4476180.0,19239
2023-05-10 09:03:22,SF2305,SF2305,7340.0,0.0,0.0,0.0,20,7306.0,7340.0,5,7330.0,7338.0,7340.0,7338.0,610.0,4476180.0,19239
2023-05-10 09:03:23,SF2305,SF2305,7340.0,0.0,0.0,0.0,41,7306.0,7340.0,5,7330.0,7338.0,7340.0,7338.0,610.0,4476180.0,19239
2023-05-10 09:03:23,SF2305,SF2305,7340.0,0.0,0.0,0.0,12,7308.0,7340.0,5,7330.0,7338.0,7340.0,7338.0,610.0,4476180.0,19239
2023-05-10 09:03:23,SF2305,SF2305,7340.0,0.0,0.0,0.0,14,7308.0,7340.0,5,7330.0,7338.0,7340.0,7338.0,610.0,4476180.0,19239
2023-05-10 09:03:24,SF2305,SF2305,7340.0,0.0,0.0,0.0,15,7308.0,7340.0,5,7330.0,7338.0,7340.0,7338.0,610.0,4476180.0,19239
2023-05-10 09:03:24,SF2305,SF2305,7340.0,0.0,0.0,0.0,12,7308.0,7340.0,5,7330.0,7338.0,7340.0,7338.0,610.0,4476180.0,19239
2023-05-10 09:03:26,SF2305,SF2305,7340.0,0.0,0.0,0.0,71,7306.0,7340.0,5,7330.0,7338.0,7340.0,7338.0,610.0,4476180.0,19239
2023-05-10 09:03:26,SF2305,SF2305,7340.0,0.0,0.0,0.0,2,7308.0,7340.0,5,7330.0,7338.0,7340.0,7338.0,610.0,4476180.0,19239
2023-05-10 09:03:27,SF2305,SF2305,7340.0,0.0,0.0,0.0,71,7306.0,7340.0,5,7330.0,7338.0,7340.0,7338.0,610.0,4476180.0,19239
2023-05-10 09:03:27,SF2305,SF2305,7340.0,0.0,0.0,0.0,1,7308.0,7340.0,5,7330.0,7338.0,7340.0,7338.0,610.0,4476180.0,19239
2023-05-10 09:03:28,SF2305,SF2305,7340.0,0.0,0.0,0.0,3,7308.0,7340.0,5,7330.0,7338.0,7340.0,7338.0,610.0,4476180.0,19239
2023-05-10 09:03:28,SF2305,SF2305,7340.0,0.0,0.0,0.0,4,7308.0,7340.0,5,7330.0,7338.0,7340.0,7338.0,610.0,4476180.0,19239
2023-05-10 09:03:29,SF2305,SF2305,7340.0,0.0,0.0,0.0,5,7308.0,7340.0,5,7330.0,7338.0,7340.0,7338.0,610.0,4476180.0,19239
2023-05-10 09:03:29,SF2305,SF2305,7340.0,0.0,0.0,0.0,7,7308.0,7340.0,5,7330.0,7338.0,7340.0,7338.0,610.0,4476180.0,19239
2023-05-10 09:03:30,SF2305,SF2305,7340.0,0.0,0.0,0.0,8,7308.0,7340.0,5,7330.0,7338.0,7340.0,7338.0,610.0,4476180.0,19239
2023-05-10 09:03:31,SF2305,SF2305,7340.0,0.0,0.0,0.0,7,7308.0,7340.0,5,7330.0,7338.0,7340.0,7338.0,610.0,4476180.0,19239
2023-05-10 09:03:31,SF2305,SF2305,7340.0,0.0,0.0,0.0,71,7306.0,7340.0,5,7330.0,7338.0,7340.0,7338.0,610.0,4476180.0,19239
2023-05-10 09:03:31,SF2305,SF2305,7340.0,0.0,0.0,0.0,1,7308.0,7340.0,5,7330.0,7338.0,7340.0,7338.0,610.0,4476180.0,19239
2023-05-10 09:03:32,SF2305,SF2305,7340.0,0.0,0.0,0.0,2,7308.0,7340.0,5,7330.0,7338.0,7340.0,7338.0,610.0,4476180.0,19239
2023-05-10 09:03:32,SF2305,SF2305,7340.0,0.0,0.0,0.0,11,7306.0,7340.0,5,7330.0,7338.0,7340.0,7338.0,610.0,4476180.0,19239
2023-05-10 09:03:33,SF2305,SF2305,7340.0,0.0,0.0,0.0,13,7306.0,7340.0,5,7330.0,7338.0,7340.0,7338.0,610.0,4476180.0,19239
2023-05-10 09:03:34,SF2305,SF2305,7340.0,0.0,0.0,0.0,17,7306.0,7340.0,5,7330.0,7338.0,7340.0,7338.0,610.0,4476180.0,19239
2023-05-10 09:03:34,SF2305,SF2305,7340.0,0.0,0.0,0.0,10,7308.0,7340.0,5,7330.0,7338.0,7340.0,7338.0,610.0,4476180.0,19239
2023-05-10 09:03:36,SF2305,SF2305,7340.0,0.0,0.0,0.0,9,7308.0,7340.0,5,7330.0,7338.0,7340.0,7338.0,610.0,4476180.0,19239
2023-05-10 09:03:37,SF2305,SF2305,7340.0,0.0,0.0,0.0,8,7308.0,7340.0,5,7330.0,7338.0,7340.0,7338.0,610.0,4476180.0,19239
2023-05-10 09:03:38,SF2305,SF2305,7340.0,0.0,0.0,0.0,5,7308.0,7340.0,5,7330.0,7338.0,7340.0,7338.0,610.0,4476180.0,19239
2023-05-10 09:03:40,SF2305,SF2305,7340.0,0.0,0.0,0.0,7,7308.0,7340.0,5,7330.0,7338.0,7340.0,7338.0,610.0,4476180.0,19239
2023-05-10 09:03:40,SF2305,SF2305,7340.0,0.0,0.0,0.0,6,7308.0,7340.0,5,7330.0,7338.0,7340.0,7338.0,610.0,4476180.0,19239
2023-05-10 09:03:41,SF2305,SF2305,7340.0,0.0,0.0,0.0,3,7308.0,7340.0,5,7330.0,7338.0,7340.0,7338.0,610.0,4476180.0,19239
2023-05-10 09:03:41,SF2305,SF2305,7340.0,0.0,0.0,0.0,4,7308.0,7340.0,5,7330.0,7338.0,7340.0,7338.0,610.0,4476180.0,19239
2023-05-10 09:03:41,SF2305,SF2305,7340.0,0.0,0.0,0.0,5,7308.0,7340.0,5,7330.0,7338.0,7340.0,7338.0,610.0,4476180.0,19239
2023-05-10 09:03:43,SF2305,SF2305,7340.0,0.0,0.0,0.0,1,7308.0,7340.0,5,7330.0,7338.0,7340.0,7338.0,610.0,4476180.0,19239
2023-05-10 09:03:44,SF2305,SF2305,7340.0,0.0,0.0,0.0,2,7308.0,7340.0,5,7330.0,7338.0,7340.0,7338.0,610.0,4476180.0,19239
2023-05-10 09:03:44,SF2305,SF2305,7340.0,0.0,0.0,0.0,68,7306.0,7340.0,5,7330.0,7338.0,7340.0,7338.0,610.0,4476180.0,19239
2023-05-10 09:03:45,SF2305,SF2305,7340.0,0.0,0.0,0.0,48,7306.0,7340.0,5,7330.0,7338.0,7340.0,7338.0,610.0,4476180.0,19239
2023-05-10 09:03:46,SF2305,SF2305,7340.0,0.0,0.0,0.0,43,7306.0,7340.0,5,7330.0,7338.0,7340.0,7338.0,610.0,4476180.0,19239
2023-05-10 09:03:46,SF2305,SF2305,7340.0,0.0,0.0,0.0,48,7306.0,7340.0,5,7330.0,7338.0,7340.0,7338.0,610.0,4476180.0,19239
2023-05-10 09:03:46,SF2305,SF2305,7340.0,0.0,0.0,0.0,49,7306.0,7340.0,5,7330.0,7338.0,7340.0,7338.0,610.0,4476180.0,19239
2023-05-10 09:03:49,SF2305,SF2305,7340.0,0.0,0.0,0.0,58,7306.0,7340.0,5,7330.0,7338.0,7340.0,7338.0,610.0,4476180.0,19239
2023-05-10 09:03:49,SF2305,SF2305,7340.0,0.0,0.0,0.0,48,7306.0,7340.0,5,7330.0,7338.0,7340.0,7338.0,610.0,4476180.0,19239
2023-05-10 09:03:50,SF2305,SF2305,7340.0,0.0,0.0,0.0,25,7306.0,7340.0,5,7330.0,7338.0,7340.0,7338.0,610.0,4476180.0,19239
2023-05-10 09:03:50,SF2305,SF2305,7340.0,0.0,0.0,0.0,71,7304.0,7340.0,5,7330.0,7338.0,7340.0,7338.0,610.0,4476180.0,19239
2023-05-10 09:03:51,SF2305,SF2305,7340.0,0.0,0.0,0.0,2,7306.0,7340.0,5,7330.0,7338.0,7340.0,7338.0,610.0,4476180.0,19239
2023-05-10 09:03:53,SF2305,SF2305,7340.0,0.0,0.0,0.0,25,7306.0,7340.0,5,7330.0,7338.0,7340.0,7338.0,610.0,4476180.0,19239
2023-05-10 09:03:53,SF2305,SF2305,7340.0,0.0,0.0,0.0,7,7306.0,7340.0,5,7330.0,7338.0,7340.0,7338.0,610.0,4476180.0,19239
2023-05-10 09:03:53,SF2305,SF2305,7340.0,0.0,0.0,0.0,9,7306.0,7340.0,5,7330.0,7338.0,7340.0,7338.0,610.0,4476180.0,19239
2023-05-10 09:03:55,SF2305,SF2305,7340.0,0.0,0.0,0.0,10,7306.0,7340.0,5,7330.0,7338.0,7340.0,7338.0,610.0,4476180.0,19239
2023-05-10 09:03:57,SF2305,SF2305,7340.0,0.0,0.0,0.0,4,7308.0,7340.0,5,7330.0,7338.0,7340.0,7338.0,610.0,4476180.0,19239
2023-05-10 09:03:58,SF2305,SF2305,7340.0,0.0,0.0,0.0,8,7308.0,7340.0,5,7330.0,7338.0,7340.0,7338.0,610.0,4476180.0,19239
2023-05-10 09:03:59,SF2305,SF2305,7340.0,0.0,0.0,0.0,5,7308.0,7340.0,5,7330.0,7338.0,7340.0,7338.0,610.0,4476180.0,19239
2023-05-10 09:04:00,SF2305,SF2305,7340.0,0.0,0.0,0.0,6,7308.0,7340.0,5,7330.0,7338.0,7340.0,7338.0,610.0,4476180.0,19239
2023-05-10 09:04:00,SF2305,SF2305,7340.0,0.0,0.0,0.0,40,7306.0,7340.0,5,7330.0,7338.0,7340.0,7338.0,610.0,4476180.0,19239
2023-05-10 09:04:01,SF2305,SF2305,7340.0,0.0,0.0,0.0,10,7306.0,7340.0,5,7330.0,7338.0,7340.0,7338.0,610.0,4476180.0,19239
2023-05-10 09:04:02,SF2305,SF2305,7340.0,0.0,0.0,0.0,20,7306.0,7340.0,5,7330.0,7338.0,7340.0,7338.0,610.0,4476180.0,19239
2023-05-10 09:04:03,SF2305,SF2305,7340.0,0.0,0.0,0.0,11,7308.0,7340.0,5,7330.0,7338.0,7340.0,7338.0,610.0,4476180.0,19239
2023-05-10 09:04:03,SF2305,SF2305,7340.0,0.0,0.0,0.0,15,7308.0,7340.0,5,7330.0,7338.0,7340.0,7338.0,610.0,4476180.0,19239
2023-05-10 09:04:04,SF2305,SF2305,7340.0,0.0,0.0,0.0,51,7306.0,7340.0,5,7330.0,7338.0,7340.0,7338.0,610.0,4476180.0,19239
2023-05-10 09:04:05,SF2305,SF2305,7340.0,0.0,0.0,0.0,42,7306.0,7340.0,5,7330.0,7338.0,7340.0,7338.0,610.0,4476180.0,19239
2023-05-10 09:04:05,SF2305,SF2305,7340.0,0.0,0.0,0.0,10,7306.0,7340.0,5,7330.0,7338.0,7340.0,7338.0,610.0,4476180.0,19239
2023-05-10 09:04:05,SF2305,SF2305,7340.0,0.0,0.0,0.0,20,7306.0,7340.0,5,7330.0,7338.0,7340.0,7338.0,610.0,4476180.0,19239
2023-05-10 09:04:06,SF2305,SF2305,7340.0,0.0,0.0,0.0,10,7306.0,7340.0,5,7330.0,7338.0,7340.0,7338.0,610.0,4476180.0,19239
2023-05-10 09:04:07,SF2305,SF2305,7340.0,0.0,0.0,0.0,12,7306.0,7340.0,5,7330.0,7338.0,7340.0,7338.0,610.0,4476180.0,19239
2023-05-10 09:04:10,SF2305,SF2305,7340.0,0.0,0.0,0.0,32,7306.0,7340.0,5,7330.0,7338.0,7340.0,7338.0,610.0,4476180.0,19239
2023-05-10 09:04:11,SF2305,SF2305,7340.0,0.0,0.0,0.0,51,7306.0,7340.0,5,7330.0,7338.0,7340.0,7338.0,610.0,4476180.0,19239
2023-05-10 09:04:11,SF2305,SF2305,7340.0,0.0,0.0,0.0,30,7304.0,7340.0,5,7330.0,7338.0,7340.0,7338.0,610.0,4476180.0,19239
2023-05-10 09:04:12,SF2305,SF2305,7340.0,0.0,0.0,0.0,23,7302.0,7340.0,5,7330.0,7338.0,7340.0,7338.0,610.0,4476180.0,19239
2023-05-10 09:04:12,SF2305,SF2305,7340.0,0.0,0.0,0.0,14,7302.0,7340.0,5,7330.0,7338.0,7340.0,7338.0,610.0,4476180.0,19239
2023-05-10 09:04:12,SF2305,SF2305,7340.0,0.0,0.0,0.0,1,7304.0,7340.0,5,7330.0,7338.0,7340.0,7338.0,610.0,4476180.0,19239
2023-05-10 09:04:13,SF2305,SF2305,7340.0,0.0,0.0,0.0,14,7302.0,7340.0,5,7330.0,7338.0,7340.0,7338.0,610.0,4476180.0,19239
2023-05-10 09:04:15,SF2305,SF2305,7340.0,0.0,0.0,0.0,11,7302.0,7340.0,5,7330.0,7338.0,7340.0,7338.0,610.0,4476180.0,19239
2023-05-10 09:04:16,SF2305,SF2305,7340.0,0.0,0.0,0.0,10,7302.0,7340.0,5,7330.0,7338.0,7340.0,7338.0,610.0,4476180.0,19239
2023-05-10 09:04:16,SF2305,SF2305,7340.0,0.0,0.0,0.0,91,7300.0,7340.0,5,7330.0,7338.0,7340.0,7338.0,610.0,4476180.0,19239
2023-05-10 09:04:17,SF2305,SF2305,7340.0,0.0,0.0,0.0,36,7300.0,7340.0,5,7330.0,7338.0,7340.0,7338.0,610.0,4476180.0,19239
2023-05-10 09:04:17,SF2305,SF2305,7340.0,0.0,0.0,0.0,20,7300.0,7340.0,5,7330.0,7338.0,7340.0,7338.0,610.0,4476180.0,19239
2023-05-10 09:04:21,SF2305,SF2305,7340.0,0.0,0.0,0.0,35,7300.0,7340.0,5,7330.0,7338.0,7340.0,7338.0,610.0,4476180.0,19239
2023-05-10 09:04:21,SF2305,SF2305,7340.0,0.0,0.0,0.0,37,7300.0,7340.0,5,7330.0,7338.0,7340.0,7338.0,610.0,4476180.0,19239
2023-05-10 09:04:22,SF2305,SF2305,7340.0,0.0,0.0,0.0,22,7302.0,7340.0,5,7330.0,7338.0,7340.0,7338.0,610.0,4476180.0,19239
2023-05-10 09:04:22,SF2305,SF2305,7340.0,0.0,0.0,0.0,32,7302.0,7340.0,5,7330.0,7338.0,7340.0,7338.0,610.0,4476180.0,19239
2023-05-10 09:04:23,SF2305,SF2305,7340.0,0.0,0.0,0.0,34,7302.0,7340.0,5,7330.0,7338.0,7340.0,7338.0,610.0,4476180.0,19239
2023-05-10 09:04:24,SF2305,SF2305,7340.0,0.0,0.0,0.0,36,7302.0,7340.0,5,7330.0,7338.0,7340.0,7338.0,610.0,4476180.0,19239
2023-05-10 09:04:24,SF2305,SF2305,7340.0,0.0,0.0,0.0,28,7302.0,7340.0,5,7330.0,7338.0,7340.0,7338.0,610.0,4476180.0,19239
2023-05-10 09:04:26,SF2305,SF2305,7340.0,0.0,0.0,0.0,27,7302.0,7340.0,5,7330.0,7338.0,7340.0,7338.0,610.0,4476180.0,19239
2023-05-10 09:04:26,SF2305,SF2305,7340.0,0.0,0.0,0.0,1,7304.0,7340.0,5,7330.0,7338.0,7340.0,7338.0,610.0,4476180.0,19239
2023-05-10 09:04:26,SF2305,SF2305,7340.0,0.0,0.0,0.0,34,7302.0,7340.0,5,7330.0,7338.0,7340.0,7338.0,610.0,4476180.0,19239
2023-05-10 09:04:27,SF2305,SF2305,7340.0,0.0,0.0,0.0,24,7302.0,7340.0,5,7330.0,7338.0,7340.0,7338.0,610.0,4476180.0,19239
2023-05-10 09:04:27,SF2305,SF2305,7340.0,0.0,0.0,0.0,23,7302.0,7340.0,5,7330.0,7338.0,7340.0,7338.0,610.0,4476180.0,19239
2023-05-10 09:04:28,SF2305,SF2305,7340.0,0.0,0.0,0.0,24,7302.0,7340.0,5,7330.0,7338.0,7340.0,7338.0,610.0,4476180.0,19239
2023-05-10 09:04:28,SF2305,SF2305,7340.0,0.0,0.0,0.0,71,7300.0,7340.0,5,7330.0,7338.0,7340.0,7338.0,610.0,4476180.0,19239
2023-05-10 09:04:29,SF2305,SF2305,7340.0,0.0,0.0,0.0,51,7300.0,7340.0,5,7330.0,7338.0,7340.0,7338.0,610.0,4476180.0,19239
2023-05-10 09:04:29,SF2305,SF2305,7340.0,0.0,0.0,0.0,31,7300.0,7340.0,5,7330.0,7338.0,7340.0,7338.0,610.0,4476180.0,19239
2023-05-10 09:04:30,SF2305,SF2305,7340.0,0.0,0.0,0.0,20,7300.0,7340.0,5,7330.0,7338.0,7340.0,7338.0,610.0,4476180.0,19239
2023-05-10 09:04:31,SF2305,SF2305,7340.0,0.0,0.0,0.0,21,7300.0,7340.0,5,7330.0,7338.0,7340.0,7338.0,610.0,4476180.0,19239
2023-05-10 09:04:31,SF2305,SF2305,7340.0,0.0,0.0,0.0,24,7300.0,7340.0,5,7330.0,7338.0,7340.0,7338.0,610.0,4476180.0,19239
2023-05-10 09:04:31,SF2305,SF2305,7340.0,0.0,0.0,0.0,27,7300.0,7340.0,5,7330.0,7338.0,7340.0,7338.0,610.0,4476180.0,19239
2023-05-10 09:04:33,SF2305,SF2305,7340.0,0.0,0.0,0.0,21,7300.0,7340.0,5,7330.0,7338.0,7340.0,7338.0,610.0,4476180.0,19239
2023-05-10 09:04:33,SF2305,SF2305,7340.0,0.0,0.0,0.0,20,7300.0,7340.0,5,7330.0,7338.0,7340.0,7338.0,610.0,4476180.0,19239
2023-05-10 09:04:45,SF2305,SF2305,7340.0,0.0,0.0,0.0,40,7300.0,7340.0,5,7330.0,7338.0,7340.0,7338.0,610.0,4476180.0,19239
2023-05-10 09:04:46,SF2305,SF2305,7340.0,0.0,0.0,0.0,42,7300.0,7340.0,5,7330.0,7338.0,7340.0,7338.0,610.0,4476180.0,19239
2023-05-10 09:04:46,SF2305,SF2305,7340.0,0.0,0.0,0.0,25,7300.0,7340.0,5,7330.0,7338.0,7340.0,7338.0,610.0,4476180.0,19239
2023-05-10 09:04:46,SF2305,SF2305,7340.0,0.0,0.0,0.0,20,7300.0,7340.0,5,7330.0,7338.0,7340.0,7338.0,610.0,4476180.0,19239
2023-05-10 09:04:48,SF2305,SF2305,7340.0,0.0,0.0,0.0,22,7300.0,7340.0,5,7330.0,7338.0,7340.0,7338.0,610.0,4476180.0,19239
2023-05-10 09:04:48,SF2305,SF2305,7340.0,0.0,0.0,0.0,31,7300.0,7340.0,5,7330.0,7338.0,7340.0,7338.0,610.0,4476180.0,19239
2023-05-10 09:04:49,SF2305,SF2305,7340.0,0.0,0.0,0.0,28,7300.0,7340.0,5,7330.0,7338.0,7340.0,7338.0,610.0,4476180.0,19239
2023-05-10 09:04:50,SF2305,SF2305,7340.0,0.0,0.0,0.0,29,7300.0,7340.0,5,7330.0,7338.0,7340.0,7338.0,610.0,4476180.0,19239
2023-05-10 09:04:50,SF2305,SF2305,7340.0,0.0,0.0,0.0,20,7300.0,7340.0,5,7330.0,7338.0,7340.0,7338.0,610.0,4476180.0,19239
2023-05-10 09:04:51,SF2305,SF2305,7340.0,0.0,0.0,0.0,22,7300.0,7340.0,5,7330.0,7338.0,7340.0,7338.0,610.0,4476180.0,19239
2023-05-10 09:04:51,SF2305,SF2305,7340.0,0.0,0.0,0.0,23,7300.0,7340.0,5,7330.0,7338.0,7340.0,7338.0,610.0,4476180.0,19239
2023-05-10 09:04:53,SF2305,SF2305,7340.0,0.0,0.0,0.0,25,7300.0,7340.0,5,7330.0,7338.0,7340.0,7338.0,610.0,4476180.0,19239
2023-05-10 09:04:54,SF2305,SF2305,7340.0,0.0,0.0,0.0,44,7300.0,7340.0,5,7330.0,7338.0,7340.0,7338.0,610.0,4476180.0,19239
2023-05-10 09:04:54,SF2305,SF2305,7340.0,0.0,0.0,0.0,1,7302.0,7340.0,5,7330.0,7338.0,7340.0,7338.0,610.0,4476180.0,19239
2023-05-10 09:04:55,SF2305,SF2305,7340.0,0.0,0.0,0.0,63,7300.0,7340.0,5,7330.0,7338.0,7340.0,7338.0,610.0,4476180.0,19239
2023-05-10 09:04:55,SF2305,SF2305,7340.0,0.0,0.0,0.0,53,7300.0,7340.0,5,7330.0,7338.0,7340.0,7338.0,610.0,4476180.0,19239
2023-05-10 09:04:57,SF2305,SF2305,7340.0,0.0,0.0,0.0,20,7300.0,7340.0,5,7330.0,7338.0,7340.0,7338.0,610.0,4476180.0,19239
2023-05-10 09:05:34,SF2305,SF2305,7340.0,0.0,0.0,0.0,28,7300.0,7340.0,5,7330.0,7338.0,7340.0,7338.0,610.0,4476180.0,19239
2023-05-10 09:05:34,SF2305,SF2305,7340.0,0.0,0.0,0.0,24,7302.0,7340.0,5,7330.0,7338.0,7340.0,7338.0,610.0,4476180.0,19239
2023-05-10 09:05:35,SF2305,SF2305,7340.0,0.0,0.0,0.0,42,7302.0,7340.0,5,7330.0,7338.0,7340.0,7338.0,610.0,4476180.0,19239
2023-05-10 09:05:35,SF2305,SF2305,7340.0,0.0,0.0,0.0,49,7304.0,7340.0,5,7330.0,7338.0,7340.0,7338.0,610.0,4476180.0,19239
2023-05-10 09:05:36,SF2305,SF2305,7340.0,0.0,0.0,0.0,40,7304.0,7340.0,5,7330.0,7338.0,7340.0,7338.0,610.0,4476180.0,19239
2023-05-10 09:05:36,SF2305,SF2305,7340.0,0.0,0.0,0.0,9,7304.0,7340.0,5,7330.0,7338.0,7340.0,7338.0,610.0,4476180.0,19239
2023-05-10 09:05:37,SF2305,SF2305,7340.0,0.0,0.0,0.0,32,7304.0,7340.0,5,7330.0,7338.0,7340.0,7338.0,610.0,4476180.0,19239
2023-05-10 09:05:37,SF2305,SF2305,7340.0,0.0,0.0,0.0,51,7302.0,7340.0,5,7330.0,7338.0,7340.0,7338.0,610.0,4476180.0,19239
2023-05-10 09:05:38,SF2305,SF2305,7340.0,0.0,0.0,0.0,26,7302.0,7340.0,5,7330.0,7338.0,7340.0,7338.0,610.0,4476180.0,19239
2023-05-10 09:05:38,SF2305,SF2305,7340.0,0.0,0.0,0.0,20,7304.0,7340.0,5,7330.0,7338.0,7340.0,7338.0,610.0,4476180.0,19239
2023-05-10 09:05:39,SF2305,SF2305,7340.0,0.0,0.0,0.0,30,7304.0,7340.0,5,7330.0,7338.0,7340.0,7338.0,610.0,4476180.0,19239
2023-05-10 09:05:39,SF2305,SF2305,7340.0,0.0,0.0,0.0,29,7306.0,7340.0,5,7330.0,7338.0,7340.0,7338.0,610.0,4476180.0,19239
2023-05-10 09:05:40,SF2305,SF2305,7340.0,0.0,0.0,0.0,33,7306.0,7340.0,5,7330.0,7338.0,7340.0,7338.0,610.0,4476180.0,19239
2023-05-10 09:05:40,SF2305,SF2305,7340.0,0.0,0.0,0.0,39,7306.0,7340.0,5,7330.0,7338.0,7340.0,7338.0,610.0,4476180.0,19239
2023-05-10 09:05:41,SF2305,SF2305,7340.0,0.0,0.0,0.0,34,7306.0,7340.0,5,7330.0,7338.0,7340.0,7338.0,610.0,4476180.0,19239
2023-05-10 09:05:41,SF2305,SF2305,7340.0,0.0,0.0,0.0,25,7308.0,7340.0,5,7330.0,7338.0,7340.0,7338.0,610.0,4476180.0,19239
2023-05-10 09:05:42,SF2305,SF2305,7340.0,0.0,0.0,0.0,7,7310.0,7340.0,5,7330.0,7338.0,7340.0,7338.0,610.0,4476180.0,19239
2023-05-10 09:05:42,SF2305,SF2305,7340.0,0.0,0.0,0.0,13,7310.0,7340.0,5,7330.0,7338.0,7340.0,7338.0,610.0,4476180.0,19239
2023-05-10 09:05:43,SF2305,SF2305,7340.0,0.0,0.0,0.0,11,7310.0,7340.0,5,7330.0,7338.0,7340.0,7338.0,610.0,4476180.0,19239
2023-05-10 09:05:43,SF2305,SF2305,7340.0,0.0,0.0,0.0,10,7310.0,7340.0,5,7330.0,7338.0,7340.0,7338.0,610.0,4476180.0,19239
2023-05-10 09:05:44,SF2305,SF2305,7340.0,0.0,0.0,0.0,5,7310.0,7340.0,5,7330.0,7338.0,7340.0,7338.0,610.0,4476180.0,19239
2023-05-10 09:05:46,SF2305,SF2305,7340.0,0.0,0.0,0.0,51,7308.0,7340.0,5,7330.0,7338.0,7340.0,7338.0,610.0,4476180.0,19239
2023-05-10 09:05:46,SF2305,SF2305,7340.0,0.0,0.0,0.0,27,7308.0,7340.0,5,7330.0,7338.0,7340.0,7338.0,610.0,4476180.0,19239
2023-05-10 09:05:46,SF2305,SF2305,7340.0,0.0,0.0,0.0,22,7308.0,7340.0,5,7330.0,7338.0,7340.0,7338.0,610.0,4476180.0,19239
2023-05-10 09:05:47,SF2305,SF2305,7340.0,0.0,0.0,0.0,10,7310.0,7340.0,5,7330.0,7338.0,7340.0,7338.0,610.0,4476180.0,19239
2023-05-10 09:05:48,SF2305,SF2305,7340.0,0.0,0.0,0.0,13,7310.0,7340.0,5,7330.0,7338.0,7340.0,7338.0,610.0,4476180.0,19239
2023-05-10 09:05:48,SF2305,SF2305,7340.0,0.0,0.0,0.0,8,7310.0,7340.0,5,7330.0,7338.0,7340.0,7338.0,610.0,4476180.0,19239
2023-05-10 09:05:49,SF2305,SF2305,7340.0,0.0,0.0,0.0,13,7312.0,7340.0,5,7330.0,7338.0,7340.0,7338.0,610.0,4476180.0,19239
2023-05-10 09:05:49,SF2305,SF2305,7340.0,0.0,0.0,0.0,3,7312.0,7340.0,5,7330.0,7338.0,7340.0,7338.0,610.0,4476180.0,19239
2023-05-10 09:05:50,SF2305,SF2305,7340.0,0.0,0.0,0.0,35,7310.0,7340.0,5,7330.0,7338.0,7340.0,7338.0,610.0,4476180.0,19239
2023-05-10 09:05:50,SF2305,SF2305,7340.0,0.0,0.0,0.0,5,7312.0,7340.0,5,7330.0,7338.0,7340.0,7338.0,610.0,4476180.0,19239
2023-05-10 09:05:51,SF2305,SF2305,7340.0,0.0,0.0,0.0,7,7312.0,7340.0,5,7330.0,7338.0,7340.0,7338.0,610.0,4476180.0,19239
2023-05-10 09:05:51,SF2305,SF2305,7340.0,0.0,0.0,0.0,5,7312.0,7340.0,5,7330.0,7338.0,7340.0,7338.0,610.0,4476180.0,19239
2023-05-10 09:05:52,SF2305,SF2305,7340.0,0.0,0.0,0.0,51,7310.0,7340.0,5,7330.0,7338.0,7340.0,7338.0,610.0,4476180.0,19239
2023-05-10 09:05:53,SF2305,SF2305,7340.0,0.0,0.0,0.0,47,7310.0,7340.0,5,7330.0,7338.0,7340.0,7338.0,610.0,4476180.0,19239
2023-05-10 09:05:53,SF2305,SF2305,7340.0,0.0,0.0,0.0,37,7310.0,7340.0,5,7330.0,7338.0,7340.0,7338.0,610.0,4476180.0,19239
2023-05-10 09:05:53,SF2305,SF2305,7340.0,0.0,0.0,0.0,1,7312.0,7340.0,5,7330.0,7338.0,7340.0,7338.0,610.0,4476180.0,19239
2023-05-10 09:05:54,SF2305,SF2305,7340.0,0.0,0.0,0.0,9,7310.0,7340.0,5,7330.0,7338.0,7340.0,7338.0,610.0,4476180.0,19239
2023-05-10 09:05:55,SF2305,SF2305,7340.0,0.0,0.0,0.0,5,7310.0,7340.0,5,7330.0,7338.0,7340.0,7338.0,610.0,4476180.0,19239
2023-05-10 09:05:55,SF2305,SF2305,7340.0,0.0,0.0,0.0,51,7308.0,7340.0,5,7330.0,7338.0,7340.0,7338.0,610.0,4476180.0,19239
2023-05-10 09:05:56,SF2305,SF2305,7340.0,0.0,0.0,0.0,21,7310.0,7340.0,5,7330.0,7338.0,7340.0,7338.0,610.0,4476180.0,19239
2023-05-10 09:05:56,SF2305,SF2305,7340.0,0.0,0.0,0.0,20,7310.0,7340.0,5,7330.0,7338.0,7340.0,7338.0,610.0,4476180.0,19239
2023-05-10 09:05:56,SF2305,SF2305,7340.0,0.0,0.0,0.0,19,7310.0,7340.0,5,7330.0,7338.0,7340.0,7338.0,610.0,4476180.0,19239
2023-05-10 09:05:57,SF2305,SF2305,7340.0,0.0,0.0,0.0,51,7308.0,7340.0,5,7330.0,7338.0,7340.0,7338.0,610.0,4476180.0,19239
2023-05-10 09:05:58,SF2305,SF2305,7340.0,0.0,0.0,0.0,34,7308.0,7340.0,5,7330.0,7338.0,7340.0,7338.0,610.0,4476180.0,19239
2023-05-10 09:05:58,SF2305,SF2305,7340.0,0.0,0.0,0.0,1,7310.0,7340.0,5,7330.0,7338.0,7340.0,7338.0,610.0,4476180.0,19239
2023-05-10 09:05:59,SF2305,SF2305,7340.0,0.0,0.0,0.0,2,7310.0,7340.0,5,7330.0,7338.0,7340.0,7338.0,610.0,4476180.0,19239
2023-05-10 09:05:59,SF2305,SF2305,7340.0,0.0,0.0,0.0,47,7308.0,7340.0,5,7330.0,7338.0,7340.0,7338.0,610.0,4476180.0,19239
2023-05-10 09:06:00,SF2305,SF2305,7340.0,0.0,0.0,0.0,34,7308.0,7340.0,5,7330.0,7338.0,7340.0,7338.0,610.0,4476180.0,19239
2023-05-10 09:06:00,SF2305,SF2305,7340.0,0.0,0.0,0.0,17,7308.0,7340.0,5,7330.0,7338.0,7340.0,7338.0,610.0,4476180.0,19239
2023-05-10 09:06:01,SF2305,SF2305,7340.0,0.0,0.0,0.0,16,7308.0,7340.0,5,7330.0,7338.0,7340.0,7338.0,610.0,4476180.0,19239
2023-05-10 09:06:02,SF2305,SF2305,7340.0,0.0,0.0,0.0,14,7308.0,7340.0,5,7330.0,7338.0,7340.0,7338.0,610.0,4476180.0,19239
2023-05-10 09:06:02,SF2305,SF2305,7340.0,0.0,0.0,0.0,18,7308.0,7340.0,5,7330.0,7338.0,7340.0,7338.0,610.0,4476180.0,19239
2023-05-10 09:06:03,SF2305,SF2305,7340.0,0.0,0.0,0.0,20,7310.0,7340.0,5,7330.0,7338.0,7340.0,7338.0,610.0,4476180.0,19239
2023-05-10 09:06:04,SF2305,SF2305,7340.0,0.0,0.0,0.0,42,7310.0,7340.0,5,7330.0,7338.0,7340.0,7338.0,610.0,4476180.0,19239
2023-05-10 09:06:04,SF2305,SF2305,7340.0,0.0,0.0,0.0,2,7312.0,7340.0,5,7330.0,7338.0,7340.0,7338.0,610.0,4476180.0,19239
2023-05-10 09:06:06,SF2305,SF2305,7340.0,0.0,0.0,0.0,3,7312.0,7340.0,5,7330.0,7338.0,7340.0,7338.0,610.0,4476180.0,19239
2023-05-10 09:06:06,SF2305,SF2305,7340.0,0.0,0.0,0.0,51,7310.0,7340.0,5,7330.0,7338.0,7340.0,7338.0,610.0,4476180.0,19239
2023-05-10 09:06:07,SF2305,SF2305,7340.0,0.0,0.0,0.0,29,7310.0,7340.0,5,7330.0,7338.0,7340.0,7338.0,610.0,4476180.0,19239
2023-05-10 09:06:07,SF2305,SF2305,7340.0,0.0,0.0,0.0,10,7310.0,7340.0,5,7330.0,7338.0,7340.0,7338.0,610.0,4476180.0,19239
2023-05-10 09:06:08,SF2305,SF2305,7340.0,0.0,0.0,0.0,32,7310.0,7340.0,5,7330.0,7338.0,7340.0,7338.0,610.0,4476180.0,19239
2023-05-10 09:06:08,SF2305,SF2305,7340.0,0.0,0.0,0.0,4,7312.0,7340.0,5,7330.0,7338.0,7340.0,7338.0,610.0,4476180.0,19239
2023-05-10 09:06:09,SF2305,SF2305,7340.0,0.0,0.0,0.0,17,7312.0,7340.0,5,7330.0,7338.0,7340.0,7338.0,610.0,4476180.0,19239
2023-05-10 09:06:09,SF2305,SF2305,7340.0,0.0,0.0,0.0,5,7314.0,7340.0,5,7330.0,7338.0,7340.0,7338.0,610.0,4476180.0,19239
2023-05-10 09:06:10,SF2305,SF2305,7340.0,0.0,0.0,0.0,51,7312.0,7340.0,5,7330.0,7338.0,7340.0,7338.0,610.0,4476180.0,19239
2023-05-10 09:06:11,SF2305,SF2305,7340.0,0.0,0.0,0.0,46,7312.0,7340.0,5,7330.0,7338.0,7340.0,7338.0,610.0,4476180.0,19239
2023-05-10 09:06:12,SF2305,SF2305,7340.0,0.0,0.0,0.0,5,7316.0,7340.0,5,7330.0,7338.0,7340.0,7338.0,610.0,4476180.0,19239
2023-05-10 09:06:13,SF2305,SF2305,7340.0,0.0,0.0,0.0,51,7314.0,7340.0,5,7330.0,7338.0,7340.0,7338.0,610.0,4476180.0,19239
2023-05-10 09:06:13,SF2305,SF2305,7340.0,0.0,0.0,0.0,38,7314.0,7340.0,5,7330.0,7338.0,7340.0,7338.0,610.0,4476180.0,19239
2023-05-10 09:06:14,SF2305,SF2305,7340.0,0.0,0.0,0.0,8,7314.0,7340.0,5,7330.0,7338.0,7340.0,7338.0,610.0,4476180.0,19239
2023-05-10 09:06:14,SF2305,SF2305,7340.0,0.0,0.0,0.0,6,7314.0,7340.0,5,7330.0,7338.0,7340.0,7338.0,610.0,4476180.0,19239
2023-05-10 09:06:16,SF2305,SF2305,7340.0,0.0,0.0,0.0,19,7316.0,7340.0,5,7330.0,7338.0,7340.0,7338.0,610.0,4476180.0,19239
2023-05-10 09:06:16,SF2305,SF2305,7340.0,0.0,0.0,0.0,11,7316.0,7340.0,5,7330.0,7338.0,7340.0,7338.0,610.0,4476180.0,19239
2023-05-10 09:06:17,SF2305,SF2305,7340.0,5.0,36690.0,-5.0,9,7316.0,7350.0,23,7330.0,7338.0,7340.0,7338.0,615.0,4512870.0,19234
2023-05-10 09:06:17,SF2305,SF2305,7340.0,0.0,0.0,0.0,7,7316.0,7350.0,23,7330.0,7338.0,7340.0,7338.0,615.0,4512870.0,19234
2023-05-10 09:06:18,SF2305,SF2305,7340.0,0.0,0.0,0.0,8,7316.0,7350.0,23,7330.0,7338.0,7340.0,7338.0,615.0,4512870.0,19234
2023-05-10 09:06:18,SF2305,SF2305,7340.0,0.0,0.0,0.0,11,7316.0,7350.0,23,7330.0,7338.0,7340.0,7338.0,615.0,4512870.0,19234
2023-05-10 09:06:18,SF2305,SF2305,7340.0,0.0,0.0,0.0,3,7316.0,7350.0,23,7330.0,7338.0,7340.0,7338.0,615.0,4512870.0,19234
2023-05-10 09:06:19,SF2305,SF2305,7340.0,0.0,0.0,0.0,1,7316.0,7350.0,23,7330.0,7338.0,7340.0,7338.0,615.0,4512870.0,19234
2023-05-10 09:06:20,SF2305,SF2305,7340.0,0.0,0.0,0.0,4,7316.0,7350.0,23,7330.0,7338.0,7340.0,7338.0,615.0,4512870.0,19234
2023-05-10 09:06:20,SF2305,SF2305,7340.0,0.0,0.0,0.0,5,7316.0,7350.0,23,7330.0,7338.0,7340.0,7338.0,615.0,4512870.0,19234
2023-05-10 09:06:21,SF2305,SF2305,7340.0,0.0,0.0,0.0,3,7316.0,7350.0,23,7330.0,7338.0,7340.0,7338.0,615.0,4512870.0,19234
2023-05-10 09:06:21,SF2305,SF2305,7340.0,0.0,0.0,0.0,14,7314.0,7350.0,23,7330.0,7338.0,7340.0,7338.0,615.0,4512870.0,19234
2023-05-10 09:06:21,SF2305,SF2305,7340.0,0.0,0.0,0.0,4,7314.0,7350.0,23,7330.0,7338.0,7340.0,7338.0,615.0,4512870.0,19234
2023-05-10 09:06:24,SF2305,SF2305,7340.0,0.0,0.0,0.0,51,7312.0,7350.0,23,7330.0,7338.0,7340.0,7338.0,615.0,4512870.0,19234
2023-05-10 09:06:24,SF2305,SF2305,7340.0,0.0,0.0,0.0,14,7312.0,7350.0,23,7330.0,7338.0,7340.0,7338.0,615.0,4512870.0,19234
2023-05-10 09:06:25,SF2305,SF2305,7340.0,0.0,0.0,0.0,26,7310.0,7350.0,23,7330.0,7338.0,7340.0,7338.0,615.0,4512870.0,19234
2023-05-10 09:06:25,SF2305,SF2305,7340.0,0.0,0.0,0.0,6,7310.0,7350.0,23,7330.0,7338.0,7340.0,7338.0,615.0,4512870.0,19234
2023-05-10 09:06:25,SF2305,SF2305,7340.0,0.0,0.0,0.0,8,7310.0,7350.0,23,7330.0,7338.0,7340.0,7338.0,615.0,4512870.0,19234
2023-05-10 09:06:26,SF2305,SF2305,7340.0,0.0,0.0,0.0,9,7310.0,7350.0,23,7330.0,7338.0,7340.0,7338.0,615.0,4512870.0,19234
2023-05-10 09:06:28,SF2305,SF2305,7340.0,0.0,0.0,0.0,41,7310.0,7350.0,23,7330.0,7338.0,7340.0,7338.0,615.0,4512870.0,19234
2023-05-10 09:06:28,SF2305,SF2305,7340.0,0.0,0.0,0.0,1,7312.0,7350.0,23,7330.0,7338.0,7340.0,7338.0,615.0,4512870.0,19234
2023-05-10 09:06:29,SF2305,SF2305,7340.0,0.0,0.0,0.0,4,7312.0,7350.0,23,7330.0,7338.0,7340.0,7338.0,615.0,4512870.0,19234
2023-05-10 09:06:30,SF2305,SF2305,7340.0,0.0,0.0,0.0,5,7312.0,7350.0,23,7330.0,7338.0,7340.0,7338.0,615.0,4512870.0,19234
2023-05-10 09:06:31,SF2305,SF2305,7340.0,0.0,0.0,0.0,3,7312.0,7350.0,23,7330.0,7338.0,7340.0,7338.0,615.0,4512870.0,19234
2023-05-10 09:06:31,SF2305,SF2305,7340.0,0.0,0.0,0.0,5,7312.0,7350.0,23,7330.0,7338.0,7340.0,7338.0,615.0,4512870.0,19234
2023-05-10 09:06:34,SF2305,SF2305,7340.0,0.0,0.0,0.0,7,7312.0,7350.0,23,7330.0,7338.0,7340.0,7338.0,615.0,4512870.0,19234
2023-05-10 09:06:37,SF2305,SF2305,7340.0,0.0,0.0,0.0,8,7312.0,7350.0,23,7330.0,7338.0,7340.0,7338.0,615.0,4512870.0,19234
2023-05-10 09:06:38,SF2305,SF2305,7340.0,0.0,0.0,0.0,9,7312.0,7350.0,23,7330.0,7338.0,7340.0,7338.0,615.0,4512870.0,19234
2023-05-10 09:06:41,SF2305,SF2305,7340.0,0.0,0.0,0.0,14,7314.0,7350.0,23,7330.0,7338.0,7340.0,7338.0,615.0,4512870.0,19234
2023-05-10 09:06:42,SF2305,SF2305,7340.0,0.0,0.0,0.0,51,7314.0,7350.0,23,7330.0,7338.0,7340.0,7338.0,615.0,4512870.0,19234
2023-05-10 09:06:43,SF2305,SF2305,7340.0,0.0,0.0,0.0,23,7316.0,7350.0,23,7330.0,7338.0,7340.0,7338.0,615.0,4512870.0,19234
2023-05-10 09:06:43,SF2305,SF2305,7340.0,0.0,0.0,0.0,18,7316.0,7350.0,23,7330.0,7338.0,7340.0,7338.0,615.0,4512870.0,19234
2023-05-10 09:06:44,SF2305,SF2305,7340.0,0.0,0.0,0.0,51,7314.0,7350.0,23,7330.0,7338.0,7340.0,7338.0,615.0,4512870.0,19234
2023-05-10 09:06:52,SF2305,SF2305,7340.0,0.0,0.0,0.0,34,7314.0,7350.0,23,7330.0,7338.0,7340.0,7338.0,615.0,4512870.0,19234
2023-05-10 09:06:52,SF2305,SF2305,7340.0,0.0,0.0,0.0,29,7312.0,7350.0,23,7330.0,7338.0,7340.0,7338.0,615.0,4512870.0,19234
2023-05-10 09:06:53,SF2305,SF2305,7340.0,0.0,0.0,0.0,3,7312.0,7350.0,23,7330.0,7338.0,7340.0,7338.0,615.0,4512870.0,19234
2023-05-10 09:06:53,SF2305,SF2305,7340.0,0.0,0.0,0.0,2,7312.0,7350.0,23,7330.0,7338.0,7340.0,7338.0,615.0,4512870.0,19234
2023-05-10 09:06:54,SF2305,SF2305,7340.0,0.0,0.0,0.0,3,7312.0,7350.0,23,7330.0,7338.0,7340.0,7338.0,615.0,4512870.0,19234
2023-05-10 09:06:58,SF2305,SF2305,7340.0,0.0,0.0,0.0,13,7312.0,7350.0,23,7330.0,7338.0,7340.0,7338.0,615.0,4512870.0,19234
2023-05-10 09:07:01,SF2305,SF2305,7340.0,0.0,0.0,0.0,15,7312.0,7350.0,23,7330.0,7338.0,7340.0,7338.0,615.0,4512870.0,19234
2023-05-10 09:07:04,SF2305,SF2305,7340.0,0.0,0.0,0.0,1,7312.0,7350.0,23,7330.0,7338.0,7340.0,7338.0,615.0,4512870.0,19234
2023-05-10 09:07:04,SF2305,SF2305,7340.0,0.0,0.0,0.0,3,7312.0,7350.0,23,7330.0,7338.0,7340.0,7338.0,615.0,4512870.0,19234
2023-05-10 09:07:06,SF2305,SF2305,7340.0,0.0,0.0,0.0,46,7310.0,7350.0,23,7330.0,7338.0,7340.0,7338.0,615.0,4512870.0,19234
2023-05-10 09:07:06,SF2305,SF2305,7340.0,0.0,0.0,0.0,26,7310.0,7350.0,23,7330.0,7338.0,7340.0,7338.0,615.0,4512870.0,19234
2023-05-10 09:07:07,SF2305,SF2305,7340.0,0.0,0.0,0.0,11,7310.0,7350.0,23,7330.0,7338.0,7340.0,7338.0,615.0,4512870.0,19234
2023-05-10 09:07:09,SF2305,SF2305,7340.0,0.0,0.0,0.0,9,7310.0,7350.0,23,7330.0,7338.0,7340.0,7338.0,615.0,4512870.0,19234
2023-05-10 09:07:10,SF2305,SF2305,7340.0,0.0,0.0,0.0,8,7310.0,7350.0,23,7330.0,7338.0,7340.0,7338.0,615.0,4512870.0,19234
2023-05-10 09:07:11,SF2305,SF2305,7340.0,0.0,0.0,0.0,9,7310.0,7350.0,23,7330.0,7338.0,7340.0,7338.0,615.0,4512870.0,19234
2023-05-10 09:07:11,SF2305,SF2305,7340.0,0.0,0.0,0.0,10,7310.0,7350.0,23,7330.0,7338.0,7340.0,7338.0,615.0,4512870.0,19234
2023-05-10 09:07:13,SF2305,SF2305,7340.0,0.0,0.0,0.0,50,7308.0,7350.0,23,7330.0,7338.0,7340.0,7338.0,615.0,4512870.0,19234
2023-05-10 09:07:14,SF2305,SF2305,7340.0,0.0,0.0,0.0,8,7308.0,7350.0,23,7330.0,7338.0,7340.0,7338.0,615.0,4512870.0,19234
2023-05-10 09:07:14,SF2305,SF2305,7340.0,0.0,0.0,0.0,4,7308.0,7350.0,23,7330.0,7338.0,7340.0,7338.0,615.0,4512870.0,19234
2023-05-10 09:07:15,SF2305,SF2305,7340.0,0.0,0.0,0.0,2,7308.0,7350.0,23,7330.0,7338.0,7340.0,7338.0,615.0,4512870.0,19234
2023-05-10 09:07:16,SF2305,SF2305,7340.0,0.0,0.0,0.0,51,7306.0,7350.0,23,7330.0,7338.0,7340.0,7338.0,615.0,4512870.0,19234
2023-05-10 09:07:16,SF2305,SF2305,7340.0,0.0,0.0,0.0,51,7304.0,7350.0,23,7330.0,7338.0,7340.0,7338.0,615.0,4512870.0,19234
2023-05-10 09:07:17,SF2305,SF2305,7340.0,0.0,0.0,0.0,37,7304.0,7350.0,23,7330.0,7338.0,7340.0,7338.0,615.0,4512870.0,19234
2023-05-10 09:07:17,SF2305,SF2305,7340.0,0.0,0.0,0.0,1,7306.0,7350.0,23,7330.0,7338.0,7340.0,7338.0,615.0,4512870.0,19234
2023-05-10 09:07:17,SF2305,SF2305,7340.0,0.0,0.0,0.0,3,7306.0,7350.0,23,7330.0,7338.0,7340.0,7338.0,615.0,4512870.0,19234
2023-05-10 09:07:19,SF2305,SF2305,7340.0,0.0,0.0,0.0,4,7306.0,7350.0,23,7330.0,7338.0,7340.0,7338.0,615.0,4512870.0,19234
2023-05-10 09:07:19,SF2305,SF2305,7340.0,0.0,0.0,0.0,3,7308.0,7350.0,23,7330.0,7338.0,7340.0,7338.0,615.0,4512870.0,19234
2023-05-10 09:07:20,SF2305,SF2305,7340.0,0.0,0.0,0.0,1,7310.0,7350.0,23,7330.0,7338.0,7340.0,7338.0,615.0,4512870.0,19234
2023-05-10 09:07:20,SF2305,SF2305,7340.0,0.0,0.0,0.0,51,7308.0,7350.0,23,7330.0,7338.0,7340.0,7338.0,615.0,4512870.0,19234
2023-05-10 09:07:22,SF2305,SF2305,7340.0,0.0,0.0,0.0,3,7310.0,7350.0,23,7330.0,7338.0,7340.0,7338.0,615.0,4512870.0,19234
2023-05-10 09:07:23,SF2305,SF2305,7340.0,0.0,0.0,0.0,11,7308.0,7350.0,23,7330.0,7338.0,7340.0,7338.0,615.0,4512870.0,19234
2023-05-10 09:07:23,SF2305,SF2305,7340.0,0.0,0.0,0.0,1,7308.0,7350.0,23,7330.0,7338.0,7340.0,7338.0,615.0,4512870.0,19234
2023-05-10 09:07:25,SF2305,SF2305,7340.0,0.0,0.0,0.0,37,7308.0,7350.0,23,7330.0,7338.0,7340.0,7338.0,615.0,4512870.0,19234
2023-05-10 09:07:26,SF2305,SF2305,7340.0,0.0,0.0,0.0,30,7308.0,7350.0,23,7330.0,7338.0,7340.0,7338.0,615.0,4512870.0,19234
2023-05-10 09:07:26,SF2305,SF2305,7340.0,0.0,0.0,0.0,2,7310.0,7350.0,23,7330.0,7338.0,7340.0,7338.0,615.0,4512870.0,19234
2023-05-10 09:07:27,SF2305,SF2305,7340.0,0.0,0.0,0.0,1,7310.0,7350.0,23,7330.0,7338.0,7340.0,7338.0,615.0,4512870.0,19234
2023-05-10 09:07:29,SF2305,SF2305,7340.0,0.0,0.0,0.0,51,7308.0,7350.0,23,7330.0,7338.0,7340.0,7338.0,615.0,4512870.0,19234
2023-05-10 09:07:30,SF2305,SF2305,7340.0,0.0,0.0,0.0,1,7310.0,7350.0,23,7330.0,7338.0,7340.0,7338.0,615.0,4512870.0,19234
2023-05-10 09:07:30,SF2305,SF2305,7340.0,0.0,0.0,0.0,51,7308.0,7350.0,23,7330.0,7338.0,7340.0,7338.0,615.0,4512870.0,19234
2023-05-10 09:07:31,SF2305,SF2305,7340.0,0.0,0.0,0.0,49,7308.0,7350.0,23,7330.0,7338.0,7340.0,7338.0,615.0,4512870.0,19234
2023-05-10 09:07:31,SF2305,SF2305,7340.0,0.0,0.0,0.0,1,7310.0,7350.0,23,7330.0,7338.0,7340.0,7338.0,615.0,4512870.0,19234
2023-05-10 09:07:31,SF2305,SF2305,7340.0,0.0,0.0,0.0,51,7308.0,7350.0,23,7330.0,7338.0,7340.0,7338.0,615.0,4512870.0,19234
2023-05-10 09:07:32,SF2305,SF2305,7340.0,0.0,0.0,0.0,3,7310.0,7350.0,23,7330.0,7338.0,7340.0,7338.0,615.0,4512870.0,19234
2023-05-10 09:07:32,SF2305,SF2305,7340.0,0.0,0.0,0.0,1,7310.0,7350.0,23,7330.0,7338.0,7340.0,7338.0,615.0,4512870.0,19234
2023-05-10 09:07:34,SF2305,SF2305,7340.0,0.0,0.0,0.0,51,7308.0,7350.0,23,7330.0,7338.0,7340.0,7338.0,615.0,4512870.0,19234
2023-05-10 09:07:35,SF2305,SF2305,7340.0,0.0,0.0,0.0,19,7308.0,7350.0,23,7330.0,7338.0,7340.0,7338.0,615.0,4512870.0,19234
2023-05-10 09:07:35,SF2305,SF2305,7340.0,0.0,0.0,0.0,20,7308.0,7350.0,23,7330.0,7338.0,7340.0,7338.0,615.0,4512870.0,19234
2023-05-10 09:07:38,SF2305,SF2305,7340.0,0.0,0.0,0.0,51,7306.0,7350.0,23,7330.0,7338.0,7340.0,7338.0,615.0,4512870.0,19234
2023-05-10 09:07:38,SF2305,SF2305,7340.0,0.0,0.0,0.0,7,7306.0,7350.0,23,7330.0,7338.0,7340.0,7338.0,615.0,4512870.0,19234
2023-05-10 09:07:38,SF2305,SF2305,7340.0,0.0,0.0,0.0,4,7306.0,7350.0,23,7330.0,7338.0,7340.0,7338.0,615.0,4512870.0,19234
2023-05-10 09:07:39,SF2305,SF2305,7340.0,0.0,0.0,0.0,51,7304.0,7350.0,23,7330.0,7338.0,7340.0,7338.0,615.0,4512870.0,19234
2023-05-10 09:07:40,SF2305,SF2305,7340.0,0.0,0.0,0.0,26,7304.0,7350.0,23,7330.0,7338.0,7340.0,7338.0,615.0,4512870.0,19234
2023-05-10 09:07:40,SF2305,SF2305,7340.0,0.0,0.0,0.0,1,7306.0,7350.0,23,7330.0,7338.0,7340.0,7338.0,615.0,4512870.0,19234
2023-05-10 09:07:41,SF2305,SF2305,7340.0,0.0,0.0,0.0,2,7306.0,7350.0,23,7330.0,7338.0,7340.0,7338.0,615.0,4512870.0,19234
2023-05-10 09:07:42,SF2305,SF2305,7340.0,0.0,0.0,0.0,1,7306.0,7350.0,23,7330.0,7338.0,7340.0,7338.0,615.0,4512870.0,19234
2023-05-10 09:07:44,SF2305,SF2305,7340.0,0.0,0.0,0.0,3,7306.0,7350.0,23,7330.0,7338.0,7340.0,7338.0,615.0,4512870.0,19234
2023-05-10 09:07:45,SF2305,SF2305,7340.0,0.0,0.0,0.0,1,7308.0,7350.0,23,7330.0,7338.0,7340.0,7338.0,615.0,4512870.0,19234
2023-05-10 09:07:45,SF2305,SF2305,7340.0,0.0,0.0,0.0,18,7306.0,7350.0,23,7330.0,7338.0,7340.0,7338.0,615.0,4512870.0,19234
2023-05-10 09:07:46,SF2305,SF2305,7340.0,0.0,0.0,0.0,3,7306.0,7350.0,23,7330.0,7338.0,7340.0,7338.0,615.0,4512870.0,19234
2023-05-10 09:07:46,SF2305,SF2305,7340.0,0.0,0.0,0.0,51,7304.0,7350.0,23,7330.0,7338.0,7340.0,7338.0,615.0,4512870.0,19234
2023-05-10 09:07:46,SF2305,SF2305,7340.0,0.0,0.0,0.0,48,7304.0,7350.0,23,7330.0,7338.0,7340.0,7338.0,615.0,4512870.0,19234
2023-05-10 09:07:47,SF2305,SF2305,7340.0,0.0,0.0,0.0,51,7304.0,7350.0,23,7330.0,7338.0,7340.0,7338.0,615.0,4512870.0,19234
2023-05-10 09:07:48,SF2305,SF2305,7340.0,0.0,0.0,0.0,4,7306.0,7350.0,23,7330.0,7338.0,7340.0,7338.0,615.0,4512870.0,19234
2023-05-10 09:07:48,SF2305,SF2305,7340.0,0.0,0.0,0.0,1,7306.0,7350.0,23,7330.0,7338.0,7340.0,7338.0,615.0,4512870.0,19234
2023-05-10 09:07:48,SF2305,SF2305,7340.0,0.0,0.0,0.0,51,7304.0,7350.0,23,7330.0,7338.0,7340.0,7338.0,615.0,4512870.0,19234
2023-05-10 09:07:52,SF2305,SF2305,7340.0,0.0,0.0,0.0,51,7302.0,7350.0,23,7330.0,7338.0,7340.0,7338.0,615.0,4512870.0,19234
2023-05-10 09:07:53,SF2305,SF2305,7340.0,0.0,0.0,0.0,29,7302.0,7350.0,23,7330.0,7338.0,7340.0,7338.0,615.0,4512870.0,19234
2023-05-10 09:07:53,SF2305,SF2305,7340.0,0.0,0.0,0.0,19,7302.0,7350.0,23,7330.0,7338.0,7340.0,7338.0,615.0,4512870.0,19234
2023-05-10 09:07:58,SF2305,SF2305,7340.0,0.0,0.0,0.0,13,7304.0,7350.0,23,7330.0,7338.0,7340.0,7338.0,615.0,4512870.0,19234
2023-05-10 09:07:58,SF2305,SF2305,7340.0,0.0,0.0,0.0,14,7304.0,7350.0,23,7330.0,7338.0,7340.0,7338.0,615.0,4512870.0,19234
2023-05-10 09:07:58,SF2305,SF2305,7340.0,0.0,0.0,0.0,16,7304.0,7350.0,23,7330.0,7338.0,7340.0,7338.0,615.0,4512870.0,19234
2023-05-10 09:08:02,SF2305,SF2305,7340.0,0.0,0.0,0.0,1,7306.0,7350.0,23,7330.0,7338.0,7340.0,7338.0,615.0,4512870.0,19234
2023-05-10 09:08:02,SF2305,SF2305,7340.0,0.0,0.0,0.0,4,7306.0,7350.0,23,7330.0,7338.0,7340.0,7338.0,615.0,4512870.0,19234
2023-05-10 09:08:03,SF2305,SF2305,7340.0,0.0,0.0,0.0,5,7306.0,7350.0,23,7330.0,7338.0,7340.0,7338.0,615.0,4512870.0,19234
2023-05-10 09:08:03,SF2305,SF2305,7340.0,0.0,0.0,0.0,51,7304.0,7350.0,23,7330.0,7338.0,7340.0,7338.0,615.0,4512870.0,19234
2023-05-10 09:08:03,SF2305,SF2305,7340.0,0.0,0.0,0.0,4,7306.0,7350.0,23,7330.0,7338.0,7340.0,7338.0,615.0,4512870.0,19234
2023-05-10 09:08:04,SF2305,SF2305,7340.0,0.0,0.0,0.0,7,7306.0,7350.0,23,7330.0,7338.0,7340.0,7338.0,615.0,4512870.0,19234
2023-05-10 09:08:04,SF2305,SF2305,7340.0,0.0,0.0,0.0,51,7304.0,7350.0,23,7330.0,7338.0,7340.0,7338.0,615.0,4512870.0,19234
2023-05-10 09:08:05,SF2305,SF2305,7340.0,0.0,0.0,0.0,40,7304.0,7350.0,23,7330.0,7338.0,7340.0,7338.0,615.0,4512870.0,19234
2023-05-10 09:08:06,SF2305,SF2305,7340.0,0.0,0.0,0.0,50,7304.0,7350.0,23,7330.0,7338.0,7340.0,7338.0,615.0,4512870.0,19234
2023-05-10 09:08:06,SF2305,SF2305,7340.0,0.0,0.0,0.0,40,7304.0,7350.0,23,7330.0,7338.0,7340.0,7338.0,615.0,4512870.0,19234
2023-05-10 09:08:07,SF2305,SF2305,7340.0,0.0,0.0,0.0,18,7304.0,7350.0,23,7330.0,7338.0,7340.0,7338.0,615.0,4512870.0,19234
2023-05-10 09:08:08,SF2305,SF2305,7340.0,0.0,0.0,0.0,12,7304.0,7350.0,23,7330.0,7338.0,7340.0,7338.0,615.0,4512870.0,19234
2023-05-10 09:08:10,SF2305,SF2305,7340.0,0.0,0.0,0.0,5,7304.0,7350.0,23,7330.0,7338.0,7340.0,7338.0,615.0,4512870.0,19234
2023-05-10 09:08:10,SF2305,SF2305,7340.0,0.0,0.0,0.0,51,7302.0,7350.0,23,7330.0,7338.0,7340.0,7338.0,615.0,4512870.0,19234
2023-05-10 09:08:11,SF2305,SF2305,7340.0,0.0,0.0,0.0,25,7302.0,7350.0,23,7330.0,7338.0,7340.0,7338.0,615.0,4512870.0,19234
2023-05-10 09:08:11,SF2305,SF2305,7340.0,0.0,0.0,0.0,18,7302.0,7350.0,23,7330.0,7338.0,7340.0,7338.0,615.0,4512870.0,19234
2023-05-10 09:08:13,SF2305,SF2305,7340.0,0.0,0.0,0.0,51,7304.0,7350.0,23,7330.0,7338.0,7340.0,7338.0,615.0,4512870.0,19234
2023-05-10 09:08:31,SF2305,SF2305,7340.0,0.0,0.0,0.0,5,7306.0,7350.0,23,7330.0,7338.0,7340.0,7338.0,615.0,4512870.0,19234
2023-05-10 09:08:32,SF2305,SF2305,7340.0,0.0,0.0,0.0,3,7306.0,7350.0,23,7330.0,7338.0,7340.0,7338.0,615.0,4512870.0,19234
2023-05-10 09:08:36,SF2305,SF2305,7340.0,0.0,0.0,0.0,6,7306.0,7350.0,23,7330.0,7338.0,7340.0,7338.0,615.0,4512870.0,19234
2023-05-10 09:08:37,SF2305,SF2305,7340.0,0.0,0.0,0.0,7,7306.0,7350.0,23,7330.0,7338.0,7340.0,7338.0,615.0,4512870.0,19234
2023-05-10 09:08:38,SF2305,SF2305,7340.0,0.0,0.0,0.0,2,7306.0,7350.0,23,7330.0,7338.0,7340.0,7338.0,615.0,4512870.0,19234
2023-05-10 09:08:39,SF2305,SF2305,7340.0,0.0,0.0,0.0,27,7306.0,7350.0,23,7330.0,7338.0,7340.0,7338.0,615.0,4512870.0,19234
2023-05-10 09:08:42,SF2305,SF2305,7340.0,0.0,0.0,0.0,19,7306.0,7350.0,23,7330.0,7338.0,7340.0,7338.0,615.0,4512870.0,19234
2023-05-10 09:08:42,SF2305,SF2305,7340.0,0.0,0.0,0.0,51,7304.0,7350.0,23,7330.0,7338.0,7340.0,7338.0,615.0,4512870.0,19234
2023-05-10 09:08:43,SF2305,SF2305,7340.0,0.0,0.0,0.0,1,7306.0,7350.0,23,7330.0,7338.0,7340.0,7338.0,615.0,4512870.0,19234
2023-05-10 09:08:43,SF2305,SF2305,7340.0,0.0,0.0,0.0,2,7306.0,7350.0,23,7330.0,7338.0,7340.0,7338.0,615.0,4512870.0,19234
2023-05-10 09:08:44,SF2305,SF2305,7340.0,0.0,0.0,0.0,3,7306.0,7350.0,23,7330.0,7338.0,7340.0,7338.0,615.0,4512870.0,19234
2023-05-10 09:08:44,SF2305,SF2305,7340.0,0.0,0.0,0.0,2,7306.0,7350.0,23,7330.0,7338.0,7340.0,7338.0,615.0,4512870.0,19234
2023-05-10 09:08:44,SF2305,SF2305,7340.0,0.0,0.0,0.0,1,7306.0,7350.0,23,7330.0,7338.0,7340.0,7338.0,615.0,4512870.0,19234
2023-05-10 09:08:45,SF2305,SF2305,7340.0,0.0,0.0,0.0,51,7304.0,7350.0,23,7330.0,7338.0,7340.0,7338.0,615.0,4512870.0,19234
2023-05-10 09:08:46,SF2305,SF2305,7340.0,0.0,0.0,0.0,1,7306.0,7350.0,23,7330.0,7338.0,7340.0,7338.0,615.0,4512870.0,19234
2023-05-10 09:08:47,SF2305,SF2305,7340.0,0.0,0.0,0.0,2,7306.0,7350.0,23,7330.0,7338.0,7340.0,7338.0,615.0,4512870.0,19234
2023-05-10 09:08:48,SF2305,SF2305,7340.0,0.0,0.0,0.0,4,7306.0,7350.0,23,7330.0,7338.0,7340.0,7338.0,615.0,4512870.0,19234
2023-05-10 09:08:48,SF2305,SF2305,7340.0,0.0,0.0,0.0,5,7306.0,7350.0,23,7330.0,7338.0,7340.0,7338.0,615.0,4512870.0,19234
2023-05-10 09:08:52,SF2305,SF2305,7340.0,0.0,0.0,0.0,6,7306.0,7350.0,23,7330.0,7338.0,7340.0,7338.0,615.0,4512870.0,19234
2023-05-10 09:08:56,SF2305,SF2305,7340.0,0.0,0.0,0.0,7,7306.0,7350.0,23,7330.0,7338.0,7340.0,7338.0,615.0,4512870.0,19234
2023-05-10 09:09:01,SF2305,SF2305,7340.0,0.0,0.0,0.0,51,7304.0,7350.0,23,7330.0,7338.0,7340.0,7338.0,615.0,4512870.0,19234
2023-05-10 09:09:04,SF2305,SF2305,7340.0,0.0,0.0,0.0,2,7306.0,7350.0,23,7330.0,7338.0,7340.0,7338.0,615.0,4512870.0,19234
2023-05-10 09:09:05,SF2305,SF2305,7340.0,0.0,0.0,0.0,3,7306.0,7350.0,23,7330.0,7338.0,7340.0,7338.0,615.0,4512870.0,19234
2023-05-10 09:09:05,SF2305,SF2305,7340.0,0.0,0.0,0.0,4,7306.0,7350.0,23,7330.0,7338.0,7340.0,7338.0,615.0,4512870.0,19234
2023-05-10 09:09:07,SF2305,SF2305,7340.0,0.0,0.0,0.0,51,7304.0,7350.0,23,7330.0,7338.0,7340.0,7338.0,615.0,4512870.0,19234
2023-05-10 09:09:10,SF2305,SF2305,7340.0,0.0,0.0,0.0,9,7306.0,7350.0,23,7330.0,7338.0,7340.0,7338.0,615.0,4512870.0,19234
2023-05-10 09:09:11,SF2305,SF2305,7340.0,0.0,0.0,0.0,4,7306.0,7350.0,23,7330.0,7338.0,7340.0,7338.0,615.0,4512870.0,19234
2023-05-10 09:09:12,SF2305,SF2305,7340.0,0.0,0.0,0.0,9,7306.0,7350.0,23,7330.0,7338.0,7340.0,7338.0,615.0,4512870.0,19234
2023-05-10 09:09:16,SF2305,SF2305,7340.0,0.0,0.0,0.0,7,7306.0,7350.0,23,7330.0,7338.0,7340.0,7338.0,615.0,4512870.0,19234
2023-05-10 09:09:17,SF2305,SF2305,7340.0,0.0,0.0,0.0,1,7308.0,7350.0,23,7330.0,7338.0,7340.0,7338.0,615.0,4512870.0,19234
2023-05-10 09:09:17,SF2305,SF2305,7340.0,0.0,0.0,0.0,2,7308.0,7350.0,23,7330.0,7338.0,7340.0,7338.0,615.0,4512870.0,19234
2023-05-10 09:09:19,SF2305,SF2305,7340.0,0.0,0.0,0.0,51,7306.0,7350.0,23,7330.0,7338.0,7340.0,7338.0,615.0,4512870.0,19234
2023-05-10 09:09:19,SF2305,SF2305,7340.0,0.0,0.0,0.0,1,7308.0,7350.0,23,7330.0,7338.0,7340.0,7338.0,615.0,4512870.0,19234
2023-05-10 09:09:19,SF2305,SF2305,7340.0,0.0,0.0,0.0,51,7306.0,7350.0,23,7330.0,7338.0,7340.0,7338.0,615.0,4512870.0,19234
2023-05-10 09:09:20,SF2305,SF2305,7340.0,0.0,0.0,0.0,11,7306.0,7350.0,23,7330.0,7338.0,7340.0,7338.0,615.0,4512870.0,19234
2023-05-10 09:09:22,SF2305,SF2305,7340.0,0.0,0.0,0.0,8,7306.0,7350.0,23,7330.0,7338.0,7340.0,7338.0,615.0,4512870.0,19234
2023-05-10 09:09:24,SF2305,SF2305,7340.0,0.0,0.0,0.0,51,7304.0,7350.0,23,7330.0,7338.0,7340.0,7338.0,615.0,4512870.0,19234
2023-05-10 09:09:25,SF2305,SF2305,7340.0,0.0,0.0,0.0,2,7306.0,7350.0,23,7330.0,7338.0,7340.0,7338.0,615.0,4512870.0,19234
2023-05-10 09:09:26,SF2305,SF2305,7340.0,0.0,0.0,0.0,5,7306.0,7350.0,23,7330.0,7338.0,7340.0,7338.0,615.0,4512870.0,19234
2023-05-10 09:09:27,SF2305,SF2305,7340.0,0.0,0.0,0.0,7,7306.0,7350.0,23,7330.0,7338.0,7340.0,7338.0,615.0,4512870.0,19234
2023-05-10 09:09:28,SF2305,SF2305,7340.0,0.0,0.0,0.0,10,7306.0,7350.0,23,7330.0,7338.0,7340.0,7338.0,615.0,4512870.0,19234
2023-05-10 09:09:29,SF2305,SF2305,7340.0,0.0,0.0,0.0,7,7306.0,7350.0,23,7330.0,7338.0,7340.0,7338.0,615.0,4512870.0,19234
2023-05-10 09:09:33,SF2305,SF2305,7340.0,0.0,0.0,0.0,2,7308.0,7350.0,23,7330.0,7338.0,7340.0,7338.0,615.0,4512870.0,19234
2023-05-10 09:09:33,SF2305,SF2305,7340.0,0.0,0.0,0.0,5,7308.0,7350.0,23,7330.0,7338.0,7340.0,7338.0,615.0,4512870.0,19234
2023-05-10 09:09:33,SF2305,SF2305,7340.0,0.0,0.0,0.0,9,7308.0,7350.0,23,7330.0,7338.0,7340.0,7338.0,615.0,4512870.0,19234
2023-05-10 09:09:38,SF2305,SF2305,7340.0,0.0,0.0,0.0,10,7308.0,7350.0,23,7330.0,7338.0,7340.0,7338.0,615.0,4512870.0,19234
2023-05-10 09:09:46,SF2305,SF2305,7340.0,0.0,0.0,0.0,12,7308.0,7350.0,23,7330.0,7338.0,7340.0,7338.0,615.0,4512870.0,19234
2023-05-10 09:09:48,SF2305,SF2305,7340.0,0.0,0.0,0.0,14,7308.0,7350.0,23,7330.0,7338.0,7340.0,7338.0,615.0,4512870.0,19234
2023-05-10 09:09:50,SF2305,SF2305,7340.0,0.0,0.0,0.0,22,7308.0,7350.0,23,7330.0,7338.0,7340.0,7338.0,615.0,4512870.0,19234
2023-05-10 09:09:51,SF2305,SF2305,7340.0,0.0,0.0,0.0,30,7308.0,7350.0,23,7330.0,7338.0,7340.0,7338.0,615.0,4512870.0,19234
2023-05-10 09:09:53,SF2305,SF2305,7340.0,0.0,0.0,0.0,29,7308.0,7350.0,23,7330.0,7338.0,7340.0,7338.0,615.0,4512870.0,19234
2023-05-10 09:09:54,SF2305,SF2305,7340.0,0.0,0.0,0.0,30,7308.0,7350.0,23,7330.0,7338.0,7340.0,7338.0,615.0,4512870.0,19234
2023-05-10 09:09:54,SF2305,SF2305,7340.0,0.0,0.0,0.0,25,7308.0,7350.0,23,7330.0,7338.0,7340.0,7338.0,615.0,4512870.0,19234
2023-05-10 09:09:55,SF2305,SF2305,7340.0,0.0,0.0,0.0,12,7308.0,7350.0,23,7330.0,7338.0,7340.0,7338.0,615.0,4512870.0,19234
2023-05-10 09:09:56,SF2305,SF2305,7340.0,0.0,0.0,0.0,13,7308.0,7350.0,23,7330.0,7338.0,7340.0,7338.0,615.0,4512870.0,19234
2023-05-10 09:09:57,SF2305,SF2305,7340.0,0.0,0.0,0.0,14,7308.0,7350.0,23,7330.0,7338.0,7340.0,7338.0,615.0,4512870.0,19234
2023-05-10 09:09:59,SF2305,SF2305,7340.0,0.0,0.0,0.0,2,7308.0,7350.0,23,7330.0,7338.0,7340.0,7338.0,615.0,4512870.0,19234
2023-05-10 09:09:59,SF2305,SF2305,7340.0,0.0,0.0,0.0,51,7306.0,7350.0,23,7330.0,7338.0,7340.0,7338.0,615.0,4512870.0,19234
2023-05-10 09:10:03,SF2305,SF2305,7340.0,0.0,0.0,0.0,1,7308.0,7350.0,23,7330.0,7338.0,7340.0,7338.0,615.0,4512870.0,19234
2023-05-10 09:10:04,SF2305,SF2305,7340.0,0.0,0.0,0.0,4,7308.0,7350.0,23,7330.0,7338.0,7340.0,7338.0,615.0,4512870.0,19234
2023-05-10 09:10:04,SF2305,SF2305,7340.0,0.0,0.0,0.0,11,7308.0,7350.0,23,7330.0,7338.0,7340.0,7338.0,615.0,4512870.0,19234
2023-05-10 09:10:05,SF2305,SF2305,7340.0,0.0,0.0,0.0,27,7308.0,7350.0,23,7330.0,7338.0,7340.0,7338.0,615.0,4512870.0,19234
2023-05-10 09:10:06,SF2305,SF2305,7340.0,0.0,0.0,0.0,9,7310.0,7350.0,23,7330.0,7338.0,7340.0,7338.0,615.0,4512870.0,19234
2023-05-10 09:10:06,SF2305,SF2305,7340.0,0.0,0.0,0.0,26,7312.0,7350.0,23,7330.0,7338.0,7340.0,7338.0,615.0,4512870.0,19234
2023-05-10 09:10:07,SF2305,SF2305,7340.0,0.0,0.0,0.0,35,7312.0,7350.0,23,7330.0,7338.0,7340.0,7338.0,615.0,4512870.0,19234
2023-05-10 09:10:07,SF2305,SF2305,7340.0,0.0,0.0,0.0,3,7314.0,7350.0,23,7330.0,7338.0,7340.0,7338.0,615.0,4512870.0,19234
2023-05-10 09:10:08,SF2305,SF2305,7340.0,0.0,0.0,0.0,51,7312.0,7350.0,23,7330.0,7338.0,7340.0,7338.0,615.0,4512870.0,19234
2023-05-10 09:10:08,SF2305,SF2305,7340.0,0.0,0.0,0.0,6,7312.0,7350.0,23,7330.0,7338.0,7340.0,7338.0,615.0,4512870.0,19234
2023-05-10 09:10:08,SF2305,SF2305,7340.0,0.0,0.0,0.0,7,7312.0,7350.0,23,7330.0,7338.0,7340.0,7338.0,615.0,4512870.0,19234
2023-05-10 09:10:09,SF2305,SF2305,7340.0,0.0,0.0,0.0,10,7312.0,7350.0,23,7330.0,7338.0,7340.0,7338.0,615.0,4512870.0,19234
2023-05-10 09:10:10,SF2305,SF2305,7340.0,0.0,0.0,0.0,8,7312.0,7350.0,23,7330.0,7338.0,7340.0,7338.0,615.0,4512870.0,19234
2023-05-10 09:10:10,SF2305,SF2305,7340.0,0.0,0.0,0.0,5,7312.0,7350.0,23,7330.0,7338.0,7340.0,7338.0,615.0,4512870.0,19234
2023-05-10 09:10:11,SF2305,SF2305,7340.0,0.0,0.0,0.0,46,7310.0,7350.0,23,7330.0,7338.0,7340.0,7338.0,615.0,4512870.0,19234
2023-05-10 09:10:11,SF2305,SF2305,7340.0,0.0,0.0,0.0,7,7312.0,7350.0,23,7330.0,7338.0,7340.0,7338.0,615.0,4512870.0,19234
2023-05-10 09:10:12,SF2305,SF2305,7340.0,0.0,0.0,0.0,12,7312.0,7350.0,23,7330.0,7338.0,7340.0,7338.0,615.0,4512870.0,19234
2023-05-10 09:10:12,SF2305,SF2305,7340.0,0.0,0.0,0.0,5,7312.0,7350.0,23,7330.0,7338.0,7340.0,7338.0,615.0,4512870.0,19234
2023-05-10 09:10:13,SF2305,SF2305,7340.0,0.0,0.0,0.0,17,7314.0,7350.0,23,7330.0,7338.0,7340.0,7338.0,615.0,4512870.0,19234
2023-05-10 09:10:13,SF2305,SF2305,7340.0,0.0,0.0,0.0,11,7316.0,7350.0,23,7330.0,7338.0,7340.0,7338.0,615.0,4512870.0,19234
2023-05-10 09:10:14,SF2305,SF2305,7340.0,0.0,0.0,0.0,51,7314.0,7350.0,23,7330.0,7338.0,7340.0,7338.0,615.0,4512870.0,19234
2023-05-10 09:10:15,SF2305,SF2305,7340.0,0.0,0.0,0.0,13,7314.0,7350.0,23,7330.0,7338.0,7340.0,7338.0,615.0,4512870.0,19234
2023-05-10 09:10:15,SF2305,SF2305,7340.0,0.0,0.0,0.0,16,7314.0,7350.0,23,7330.0,7338.0,7340.0,7338.0,615.0,4512870.0,19234
2023-05-10 09:10:16,SF2305,SF2305,7340.0,0.0,0.0,0.0,14,7314.0,7350.0,23,7330.0,7338.0,7340.0,7338.0,615.0,4512870.0,19234
2023-05-10 09:10:16,SF2305,SF2305,7340.0,0.0,0.0,0.0,25,7314.0,7350.0,23,7330.0,7338.0,7340.0,7338.0,615.0,4512870.0,19234
2023-05-10 09:10:17,SF2305,SF2305,7340.0,0.0,0.0,0.0,15,7314.0,7350.0,23,7330.0,7338.0,7340.0,7338.0,615.0,4512870.0,19234
2023-05-10 09:10:17,SF2305,SF2305,7340.0,0.0,0.0,0.0,8,7314.0,7350.0,23,7330.0,7338.0,7340.0,7338.0,615.0,4512870.0,19234
2023-05-10 09:10:17,SF2305,SF2305,7340.0,0.0,0.0,0.0,7,7314.0,7350.0,23,7330.0,7338.0,7340.0,7338.0,615.0,4512870.0,19234
2023-05-10 09:10:18,SF2305,SF2305,7340.0,0.0,0.0,0.0,8,7314.0,7350.0,23,7330.0,7338.0,7340.0,7338.0,615.0,4512870.0,19234
2023-05-10 09:10:19,SF2305,SF2305,7340.0,0.0,0.0,0.0,9,7314.0,7350.0,23,7330.0,7338.0,7340.0,7338.0,615.0,4512870.0,19234
2023-05-10 09:10:19,SF2305,SF2305,7340.0,0.0,0.0,0.0,8,7314.0,7350.0,23,7330.0,7338.0,7340.0,7338.0,615.0,4512870.0,19234
2023-05-10 09:10:20,SF2305,SF2305,7340.0,0.0,0.0,0.0,41,7314.0,7350.0,23,7330.0,7338.0,7340.0,7338.0,615.0,4512870.0,19234
2023-05-10 09:10:21,SF2305,SF2305,7340.0,0.0,0.0,0.0,14,7314.0,7350.0,23,7330.0,7338.0,7340.0,7338.0,615.0,4512870.0,19234
2023-05-10 09:10:21,SF2305,SF2305,7340.0,0.0,0.0,0.0,13,7316.0,7350.0,23,7330.0,7338.0,7340.0,7338.0,615.0,4512870.0,19234
2023-05-10 09:10:22,SF2305,SF2305,7340.0,0.0,0.0,0.0,40,7314.0,7350.0,23,7330.0,7338.0,7340.0,7338.0,615.0,4512870.0,19234
2023-05-10 09:10:22,SF2305,SF2305,7340.0,0.0,0.0,0.0,18,7314.0,7350.0,23,7330.0,7338.0,7340.0,7338.0,615.0,4512870.0,19234
2023-05-10 09:10:23,SF2305,SF2305,7340.0,0.0,0.0,0.0,12,7314.0,7350.0,23,7330.0,7338.0,7340.0,7338.0,615.0,4512870.0,19234
2023-05-10 09:10:23,SF2305,SF2305,7340.0,0.0,0.0,0.0,17,7314.0,7350.0,23,7330.0,7338.0,7340.0,7338.0,615.0,4512870.0,19234
2023-05-10 09:10:25,SF2305,SF2305,7340.0,0.0,0.0,0.0,2,7314.0,7350.0,23,7330.0,7338.0,7340.0,7338.0,615.0,4512870.0,19234
2023-05-10 09:10:26,SF2305,SF2305,7340.0,0.0,0.0,0.0,1,7314.0,7350.0,23,7330.0,7338.0,7340.0,7338.0,615.0,4512870.0,19234
2023-05-10 09:10:26,SF2305,SF2305,7340.0,0.0,0.0,0.0,6,7314.0,7350.0,23,7330.0,7338.0,7340.0,7338.0,615.0,4512870.0,19234
2023-05-10 09:10:27,SF2305,SF2305,7340.0,0.0,0.0,0.0,3,7314.0,7350.0,23,7330.0,7338.0,7340.0,7338.0,615.0,4512870.0,19234
2023-05-10 09:10:27,SF2305,SF2305,7340.0,0.0,0.0,0.0,1,7314.0,7350.0,23,7330.0,7338.0,7340.0,7338.0,615.0,4512870.0,19234
2023-05-10 09:10:28,SF2305,SF2305,7340.0,0.0,0.0,0.0,5,7314.0,7350.0,23,7330.0,7338.0,7340.0,7338.0,615.0,4512870.0,19234
2023-05-10 09:10:29,SF2305,SF2305,7340.0,0.0,0.0,0.0,3,7314.0,7350.0,23,7330.0,7338.0,7340.0,7338.0,615.0,4512870.0,19234
2023-05-10 09:10:30,SF2305,SF2305,7340.0,0.0,0.0,0.0,49,7310.0,7350.0,23,7330.0,7338.0,7340.0,7338.0,615.0,4512870.0,19234
2023-05-10 09:10:30,SF2305,SF2305,7340.0,0.0,0.0,0.0,6,7312.0,7350.0,23,7330.0,7338.0,7340.0,7338.0,615.0,4512870.0,19234
2023-05-10 09:10:31,SF2305,SF2305,7340.0,0.0,0.0,0.0,4,7312.0,7350.0,23,7330.0,7338.0,7340.0,7338.0,615.0,4512870.0,19234
2023-05-10 09:10:32,SF2305,SF2305,7340.0,0.0,0.0,0.0,3,7312.0,7350.0,23,7330.0,7338.0,7340.0,7338.0,615.0,4512870.0,19234
2023-05-10 09:10:33,SF2305,SF2305,7340.0,0.0,0.0,0.0,10,7312.0,7350.0,23,7330.0,7338.0,7340.0,7338.0,615.0,4512870.0,19234
2023-05-10 09:10:33,SF2305,SF2305,7340.0,0.0,0.0,0.0,14,7312.0,7350.0,23,7330.0,7338.0,7340.0,7338.0,615.0,4512870.0,19234
2023-05-10 09:10:34,SF2305,SF2305,7340.0,0.0,0.0,0.0,11,7312.0,7350.0,23,7330.0,7338.0,7340.0,7338.0,615.0,4512870.0,19234
2023-05-10 09:10:34,SF2305,SF2305,7340.0,0.0,0.0,0.0,14,7312.0,7350.0,23,7330.0,7338.0,7340.0,7338.0,615.0,4512870.0,19234
2023-05-10 09:10:35,SF2305,SF2305,7340.0,0.0,0.0,0.0,6,7314.0,7350.0,23,7330.0,7338.0,7340.0,7338.0,615.0,4512870.0,19234
2023-05-10 09:10:36,SF2305,SF2305,7340.0,0.0,0.0,0.0,5,7314.0,7350.0,23,7330.0,7338.0,7340.0,7338.0,615.0,4512870.0,19234
2023-05-10 09:10:36,SF2305,SF2305,7340.0,0.0,0.0,0.0,6,7314.0,7350.0,23,7330.0,7338.0,7340.0,7338.0,615.0,4512870.0,19234
2023-05-10 09:10:37,SF2305,SF2305,7340.0,0.0,0.0,0.0,9,7314.0,7350.0,23,7330.0,7338.0,7340.0,7338.0,615.0,4512870.0,19234
2023-05-10 09:10:38,SF2305,SF2305,7340.0,0.0,0.0,0.0,1,7316.0,7350.0,23,7330.0,7338.0,7340.0,7338.0,615.0,4512870.0,19234
2023-05-10 09:10:38,SF2305,SF2305,7340.0,0.0,0.0,0.0,9,7316.0,7350.0,23,7330.0,7338.0,7340.0,7338.0,615.0,4512870.0,19234
2023-05-10 09:10:39,SF2305,SF2305,7340.0,0.0,0.0,0.0,10,7316.0,7350.0,23,7330.0,7338.0,7340.0,7338.0,615.0,4512870.0,19234
2023-05-10 09:10:39,SF2305,SF2305,7340.0,0.0,0.0,0.0,51,7314.0,7350.0,23,7330.0,7338.0,7340.0,7338.0,615.0,4512870.0,19234
2023-05-10 09:10:40,SF2305,SF2305,7340.0,0.0,0.0,0.0,45,7314.0,7350.0,23,7330.0,7338.0,7340.0,7338.0,615.0,4512870.0,19234
2023-05-10 09:10:40,SF2305,SF2305,7340.0,0.0,0.0,0.0,35,7314.0,7350.0,23,7330.0,7338.0,7340.0,7338.0,615.0,4512870.0,19234
2023-05-10 09:10:40,SF2305,SF2305,7340.0,0.0,0.0,0.0,25,7314.0,7350.0,23,7330.0,7338.0,7340.0,7338.0,615.0,4512870.0,19234
2023-05-10 09:10:41,SF2305,SF2305,7340.0,0.0,0.0,0.0,15,7314.0,7350.0,23,7330.0,7338.0,7340.0,7338.0,615.0,4512870.0,19234
2023-05-10 09:10:42,SF2305,SF2305,7340.0,0.0,0.0,0.0,51,7312.0,7350.0,23,7330.0,7338.0,7340.0,7338.0,615.0,4512870.0,19234
2023-05-10 09:10:42,SF2305,SF2305,7340.0,0.0,0.0,0.0,11,7312.0,7350.0,23,7330.0,7338.0,7340.0,7338.0,615.0,4512870.0,19234
2023-05-10 09:10:42,SF2305,SF2305,7340.0,0.0,0.0,0.0,10,7312.0,7350.0,23,7330.0,7338.0,7340.0,7338.0,615.0,4512870.0,19234
2023-05-10 09:10:45,SF2305,SF2305,7340.0,0.0,0.0,0.0,11,7312.0,7350.0,23,7330.0,7338.0,7340.0,7338.0,615.0,4512870.0,19234
2023-05-10 09:10:49,SF2305,SF2305,7340.0,0.0,0.0,0.0,10,7312.0,7350.0,23,7330.0,7338.0,7340.0,7338.0,615.0,4512870.0,19234
2023-05-10 09:10:50,SF2305,SF2305,7340.0,0.0,0.0,0.0,7,7312.0,7350.0,23,7330.0,7338.0,7340.0,7338.0,615.0,4512870.0,19234
2023-05-10 09:10:51,SF2305,SF2305,7340.0,0.0,0.0,0.0,6,7312.0,7350.0,23,7330.0,7338.0,7340.0,7338.0,615.0,4512870.0,19234
2023-05-10 09:10:51,SF2305,SF2305,7340.0,0.0,0.0,0.0,5,7312.0,7350.0,23,7330.0,7338.0,7340.0,7338.0,615.0,4512870.0,19234
2023-05-10 09:10:53,SF2305,SF2305,7340.0,0.0,0.0,0.0,7,7312.0,7350.0,23,7330.0,7338.0,7340.0,7338.0,615.0,4512870.0,19234
2023-05-10 09:10:53,SF2305,SF2305,7340.0,0.0,0.0,0.0,8,7312.0,7350.0,23,7330.0,7338.0,7340.0,7338.0,615.0,4512870.0,19234
2023-05-10 09:10:54,SF2305,SF2305,7340.0,0.0,0.0,0.0,3,7312.0,7350.0,23,7330.0,7338.0,7340.0,7338.0,615.0,4512870.0,19234
2023-05-10 09:10:55,SF2305,SF2305,7340.0,0.0,0.0,0.0,12,7312.0,7350.0,23,7330.0,7338.0,7340.0,7338.0,615.0,4512870.0,19234
2023-05-10 09:10:57,SF2305,SF2305,7340.0,0.0,0.0,0.0,13,7312.0,7350.0,23,7330.0,7338.0,7340.0,7338.0,615.0,4512870.0,19234
2023-05-10 09:11:01,SF2305,SF2305,7340.0,0.0,0.0,0.0,13,7312.0,7348.0,8,7330.0,7338.0,7340.0,7338.0,615.0,4512870.0,19234
2023-05-10 09:11:03,SF2305,SF2305,7340.0,0.0,0.0,0.0,14,7312.0,7348.0,8,7330.0,7338.0,7340.0,7338.0,615.0,4512870.0,19234
2023-05-10 09:11:03,SF2305,SF2305,7340.0,0.0,0.0,0.0,15,7312.0,7348.0,8,7330.0,7338.0,7340.0,7338.0,615.0,4512870.0,19234
2023-05-10 09:11:04,SF2305,SF2305,7340.0,0.0,0.0,0.0,16,7312.0,7348.0,8,7330.0,7338.0,7340.0,7338.0,615.0,4512870.0,19234
2023-05-10 09:11:05,SF2305,SF2305,7340.0,0.0,0.0,0.0,4,7312.0,7348.0,8,7330.0,7338.0,7340.0,7338.0,615.0,4512870.0,19234
2023-05-10 09:11:06,SF2305,SF2305,7340.0,0.0,0.0,0.0,6,7312.0,7348.0,8,7330.0,7338.0,7340.0,7338.0,615.0,4512870.0,19234
2023-05-10 09:11:08,SF2305,SF2305,7340.0,0.0,0.0,0.0,9,7312.0,7348.0,8,7330.0,7338.0,7340.0,7338.0,615.0,4512870.0,19234
2023-05-10 09:11:10,SF2305,SF2305,7340.0,0.0,0.0,0.0,6,7312.0,7348.0,8,7330.0,7338.0,7340.0,7338.0,615.0,4512870.0,19234
2023-05-10 09:11:11,SF2305,SF2305,7340.0,0.0,0.0,0.0,9,7312.0,7348.0,8,7330.0,7338.0,7340.0,7338.0,615.0,4512870.0,19234
2023-05-10 09:11:16,SF2305,SF2305,7340.0,0.0,0.0,0.0,5,7312.0,7348.0,8,7330.0,7338.0,7340.0,7338.0,615.0,4512870.0,19234
2023-05-10 09:11:16,SF2305,SF2305,7340.0,0.0,0.0,0.0,11,7312.0,7348.0,8,7330.0,7338.0,7340.0,7338.0,615.0,4512870.0,19234
2023-05-10 09:11:17,SF2305,SF2305,7340.0,0.0,0.0,0.0,8,7312.0,7348.0,8,7330.0,7338.0,7340.0,7338.0,615.0,4512870.0,19234
2023-05-10 09:11:18,SF2305,SF2305,7340.0,0.0,0.0,0.0,7,7312.0,7348.0,8,7330.0,7338.0,7340.0,7338.0,615.0,4512870.0,19234
2023-05-10 09:11:19,SF2305,SF2305,7340.0,0.0,0.0,0.0,6,7312.0,7348.0,8,7330.0,7338.0,7340.0,7338.0,615.0,4512870.0,19234
2023-05-10 09:11:19,SF2305,SF2305,7340.0,0.0,0.0,0.0,51,7310.0,7348.0,8,7330.0,7338.0,7340.0,7338.0,615.0,4512870.0,19234
2023-05-10 09:11:20,SF2305,SF2305,7340.0,0.0,0.0,0.0,7,7310.0,7348.0,8,7330.0,7338.0,7340.0,7338.0,615.0,4512870.0,19234
2023-05-10 09:11:21,SF2305,SF2305,7340.0,0.0,0.0,0.0,9,7310.0,7348.0,8,7330.0,7338.0,7340.0,7338.0,615.0,4512870.0,19234
2023-05-10 09:11:21,SF2305,SF2305,7340.0,0.0,0.0,0.0,10,7310.0,7348.0,8,7330.0,7338.0,7340.0,7338.0,615.0,4512870.0,19234
2023-05-10 09:11:23,SF2305,SF2305,7340.0,0.0,0.0,0.0,5,7310.0,7348.0,8,7330.0,7338.0,7340.0,7338.0,615.0,4512870.0,19234
2023-05-10 09:11:23,SF2305,SF2305,7340.0,0.0,0.0,0.0,4,7310.0,7348.0,8,7330.0,7338.0,7340.0,7338.0,615.0,4512870.0,19234
2023-05-10 09:11:26,SF2305,SF2305,7340.0,0.0,0.0,0.0,5,7310.0,7348.0,8,7330.0,7338.0,7340.0,7338.0,615.0,4512870.0,19234
2023-05-10 09:11:26,SF2305,SF2305,7340.0,0.0,0.0,0.0,4,7310.0,7348.0,8,7330.0,7338.0,7340.0,7338.0,615.0,4512870.0,19234
2023-05-10 09:11:26,SF2305,SF2305,7340.0,0.0,0.0,0.0,3,7310.0,7348.0,8,7330.0,7338.0,7340.0,7338.0,615.0,4512870.0,19234
2023-05-10 09:11:27,SF2305,SF2305,7340.0,0.0,0.0,0.0,51,7308.0,7348.0,8,7330.0,7338.0,7340.0,7338.0,615.0,4512870.0,19234
2023-05-10 09:11:28,SF2305,SF2305,7340.0,0.0,0.0,0.0,13,7310.0,7348.0,8,7330.0,7338.0,7340.0,7338.0,615.0,4512870.0,19234
2023-05-10 09:11:30,SF2305,SF2305,7340.0,0.0,0.0,0.0,2,7310.0,7348.0,8,7330.0,7338.0,7340.0,7338.0,615.0,4512870.0,19234
2023-05-10 09:11:30,SF2305,SF2305,7340.0,0.0,0.0,0.0,1,7310.0,7348.0,8,7330.0,7338.0,7340.0,7338.0,615.0,4512870.0,19234
