time,symbol_id,symbol_name,last,trade_volume,trade_amount,open_interest_change,bv1,bp1,ap1,av1,yesterday_close,today_open,today_high,today_low,volume,amount,open_interest
2023-05-11 08:59:00,SF2305,SF2305,7388.0,0.0,0.0,0.0,20,7320.0,7380.0,20,7388.0,7344.0,0.0,0.0,0.0,0.0,18858
2023-05-11 09:00:13,SF2305,SF2305,7388.0,0.0,0.0,0.0,20,7320.0,7334.0,12,7388.0,7344.0,0.0,0.0,0.0,0.0,18858
2023-05-11 09:00:13,SF2305,SF2305,7388.0,0.0,0.0,0.0,20,7320.0,7336.0,9,7388.0,7344.0,0.0,0.0,0.0,0.0,18858
2023-05-11 09:00:14,SF2305,SF2305,7388.0,0.0,0.0,0.0,20,7320.0,7336.0,1,7388.0,7344.0,0.0,0.0,0.0,0.0,18858
2023-05-11 09:00:14,SF2305,SF2305,7388.0,0.0,0.0,0.0,20,7320.0,7338.0,2,7388.0,7344.0,0.0,0.0,0.0,0.0,18858
2023-05-11 09:00:15,SF2305,SF2305,7388.0,0.0,0.0,0.0,20,7320.0,7342.0,19,7388.0,7344.0,0.0,0.0,0.0,0.0,18858
2023-05-11 09:00:15,SF2305,SF2305,7388.0,0.0,0.0,0.0,20,7320.0,7340.0,13,7388.0,7344.0,0.0,0.0,0.0,0.0,18858
2023-05-11 09:00:16,SF2305,SF2305,7388.0,0.0,0.0,0.0,20,7320.0,7344.0,3,7388.0,7344.0,0.0,0.0,0.0,0.0,18858
2023-05-11 09:00:16,SF2305,SF2305,7388.0,0.0,0.0,0.0,20,7320.0,7344.0,5,7388.0,7344.0,0.0,0.0,0.0,0.0,18858
2023-05-11 09:00:17,SF2305,SF2305,7388.0,0.0,0.0,0.0,20,7320.0,7344.0,11,7388.0,7344.0,0.0,0.0,0.0,0.0,18858
2023-05-11 09:00:17,SF2305,SF2305,7388.0,0.0,0.0,0.0,20,7320.0,7342.0,20,7388.0,7344.0,0.0,0.0,0.0,0.0,18858
2023-05-11 09:00:18,SF2305,SF2305,7388.0,0.0,0.0,0.0,20,7320.0,7346.0,1,7388.0,7344.0,0.0,0.0,0.0,0.0,18858
2023-05-11 09:00:18,SF2305,SF2305,7388.0,0.0,0.0,0.0,20,7320.0,7342.0,4,7388.0,7344.0,0.0,0.0,0.0,0.0,18858
2023-05-11 09:00:19,SF2305,SF2305,7388.0,0.0,0.0,0.0,20,7320.0,7340.0,14,7388.0,7344.0,0.0,0.0,0.0,0.0,18858
2023-05-11 09:00:19,SF2305,SF2305,7388.0,0.0,0.0,0.0,20,7320.0,7340.0,10,7388.0,7344.0,0.0,0.0,0.0,0.0,18858
2023-05-11 09:00:20,SF2305,SF2305,7388.0,0.0,0.0,0.0,20,7320.0,7340.0,20,7388.0,7344.0,0.0,0.0,0.0,0.0,18858
2023-05-11 09:00:21,SF2305,SF2305,7388.0,0.0,0.0,0.0,20,7320.0,7340.0,1,7388.0,7344.0,0.0,0.0,0.0,0.0,18858
2023-05-11 09:00:21,SF2305,SF2305,7388.0,0.0,0.0,0.0,20,7320.0,7342.0,14,7388.0,7344.0,0.0,0.0,0.0,0.0,18858
2023-05-11 09:00:22,SF2305,SF2305,7388.0,0.0,0.0,0.0,20,7320.0,7342.0,18,7388.0,7344.0,0.0,0.0,0.0,0.0,18858
2023-05-11 09:00:22,SF2305,SF2305,7388.0,0.0,0.0,0.0,20,7320.0,7344.0,20,7388.0,7344.0,0.0,0.0,0.0,0.0,18858
2023-05-11 09:00:23,SF2305,SF2305,7388.0,0.0,0.0,0.0,20,7320.0,7342.0,20,7388.0,7344.0,0.0,0.0,0.0,0.0,18858
2023-05-11 09:00:23,SF2305,SF2305,7388.0,0.0,0.0,0.0,20,7320.0,7342.0,14,7388.0,7344.0,0.0,0.0,0.0,0.0,18858
2023-05-11 09:00:24,SF2305,SF2305,7388.0,0.0,0.0,0.0,20,7320.0,7342.0,17,7388.0,7344.0,0.0,0.0,0.0,0.0,18858
2023-05-11 09:00:24,SF2305,SF2305,7388.0,0.0,0.0,0.0,20,7320.0,7342.0,20,7388.0,7344.0,0.0,0.0,0.0,0.0,18858
2023-05-11 09:00:25,SF2305,SF2305,7388.0,0.0,0.0,0.0,20,7320.0,7344.0,14,7388.0,7344.0,0.0,0.0,0.0,0.0,18858
2023-05-11 09:00:26,SF2305,SF2305,7388.0,0.0,0.0,0.0,20,7320.0,7344.0,1,7388.0,7344.0,0.0,0.0,0.0,0.0,18858
2023-05-11 09:00:26,SF2305,SF2305,7388.0,0.0,0.0,0.0,20,7320.0,7344.0,20,7388.0,7344.0,0.0,0.0,0.0,0.0,18858
2023-05-11 09:00:27,SF2305,SF2305,7388.0,0.0,0.0,0.0,20,7320.0,7342.0,3,7388.0,7344.0,0.0,0.0,0.0,0.0,18858
2023-05-11 09:00:27,SF2305,SF2305,7388.0,0.0,0.0,0.0,20,7320.0,7342.0,19,7388.0,7344.0,0.0,0.0,0.0,0.0,18858
2023-05-11 09:00:28,SF2305,SF2305,7388.0,0.0,0.0,0.0,20,7320.0,7342.0,18,7388.0,7344.0,0.0,0.0,0.0,0.0,18858
2023-05-11 09:00:29,SF2305,SF2305,7388.0,0.0,0.0,0.0,20,7320.0,7342.0,2,7388.0,7344.0,0.0,0.0,0.0,0.0,18858
2023-05-11 09:00:29,SF2305,SF2305,7388.0,0.0,0.0,0.0,20,7320.0,7344.0,20,7388.0,7344.0,0.0,0.0,0.0,0.0,18858
2023-05-11 09:00:30,SF2305,SF2305,7388.0,0.0,0.0,0.0,20,7320.0,7348.0,20,7388.0,7344.0,0.0,0.0,0.0,0.0,18858
2023-05-11 09:00:30,SF2305,SF2305,7388.0,0.0,0.0,0.0,20,7320.0,7352.0,8,7388.0,7344.0,0.0,0.0,0.0,0.0,18858
2023-05-11 09:00:31,SF2305,SF2305,7388.0,0.0,0.0,0.0,20,7320.0,7352.0,13,7388.0,7344.0,0.0,0.0,0.0,0.0,18858
2023-05-11 09:00:31,SF2305,SF2305,7388.0,0.0,0.0,0.0,20,7320.0,7352.0,20,7388.0,7344.0,0.0,0.0,0.0,0.0,18858
2023-05-11 09:00:32,SF2305,SF2305,7388.0,0.0,0.0,0.0,20,7320.0,7350.0,20,7388.0,7344.0,0.0,0.0,0.0,0.0,18858
2023-05-11 09:00:32,SF2305,SF2305,7388.0,0.0,0.0,0.0,20,7320.0,7348.0,20,7388.0,7344.0,0.0,0.0,0.0,0.0,18858
2023-05-11 09:00:33,SF2305,SF2305,7388.0,0.0,0.0,0.0,20,7320.0,7350.0,17,7388.0,7344.0,0.0,0.0,0.0,0.0,18858
2023-05-11 09:00:34,SF2305,SF2305,7388.0,0.0,0.0,0.0,20,7320.0,7356.0,20,7388.0,7344.0,0.0,0.0,0.0,0.0,18858
2023-05-11 09:00:34,SF2305,SF2305,7388.0,0.0,0.0,0.0,20,7320.0,7354.0,20,7388.0,7344.0,0.0,0.0,0.0,0.0,18858
2023-05-11 09:00:35,SF2305,SF2305,7388.0,0.0,0.0,0.0,20,7320.0,7352.0,15,7388.0,7344.0,0.0,0.0,0.0,0.0,18858
2023-05-11 09:00:35,SF2305,SF2305,7388.0,0.0,0.0,0.0,20,7320.0,7350.0,20,7388.0,7344.0,0.0,0.0,0.0,0.0,18858
2023-05-11 09:00:36,SF2305,SF2305,7388.0,0.0,0.0,0.0,20,7320.0,7352.0,20,7388.0,7344.0,0.0,0.0,0.0,0.0,18858
2023-05-11 09:00:36,SF2305,SF2305,7388.0,0.0,0.0,0.0,20,7320.0,7354.0,20,7388.0,7344.0,0.0,0.0,0.0,0.0,18858
2023-05-11 09:00:37,SF2305,SF2305,7388.0,0.0,0.0,0.0,20,7320.0,7356.0,20,7388.0,7344.0,0.0,0.0,0.0,0.0,18858
2023-05-11 09:00:37,SF2305,SF2305,7388.0,0.0,0.0,0.0,20,7320.0,7358.0,20,7388.0,7344.0,0.0,0.0,0.0,0.0,18858
2023-05-11 09:00:38,SF2305,SF2305,7388.0,0.0,0.0,0.0,20,7320.0,7354.0,1,7388.0,7344.0,0.0,0.0,0.0,0.0,18858
2023-05-11 09:00:39,SF2305,SF2305,7388.0,0.0,0.0,0.0,20,7320.0,7354.0,8,7388.0,7344.0,0.0,0.0,0.0,0.0,18858
2023-05-11 09:00:39,SF2305,SF2305,7388.0,0.0,0.0,0.0,20,7320.0,7356.0,20,7388.0,7344.0,0.0,0.0,0.0,0.0,18858
2023-05-11 09:00:40,SF2305,SF2305,7388.0,0.0,0.0,0.0,20,7320.0,7354.0,4,7388.0,7344.0,0.0,0.0,0.0,0.0,18858
2023-05-11 09:00:41,SF2305,SF2305,7388.0,0.0,0.0,0.0,20,7320.0,7354.0,3,7388.0,7344.0,0.0,0.0,0.0,0.0,18858
2023-05-11 09:00:41,SF2305,SF2305,7388.0,0.0,0.0,0.0,20,7320.0,7356.0,20,7388.0,7344.0,0.0,0.0,0.0,0.0,18858
2023-05-11 09:00:42,SF2305,SF2305,7388.0,0.0,0.0,0.0,20,7320.0,7354.0,20,7388.0,7344.0,0.0,0.0,0.0,0.0,18858
2023-05-11 09:00:42,SF2305,SF2305,7388.0,0.0,0.0,0.0,20,7320.0,7356.0,20,7388.0,7344.0,0.0,0.0,0.0,0.0,18858
2023-05-11 09:00:43,SF2305,SF2305,7388.0,0.0,0.0,0.0,20,7320.0,7356.0,2,7388.0,7344.0,0.0,0.0,0.0,0.0,18858
2023-05-11 09:00:44,SF2305,SF2305,7388.0,0.0,0.0,0.0,20,7320.0,7352.0,7,7388.0,7344.0,0.0,0.0,0.0,0.0,18858
2023-05-11 09:00:44,SF2305,SF2305,7388.0,0.0,0.0,0.0,20,7320.0,7348.0,3,7388.0,7344.0,0.0,0.0,0.0,0.0,18858
2023-05-11 09:00:45,SF2305,SF2305,7388.0,0.0,0.0,0.0,20,7320.0,7350.0,20,7388.0,7344.0,0.0,0.0,0.0,0.0,18858
2023-05-11 09:00:45,SF2305,SF2305,7388.0,0.0,0.0,0.0,20,7320.0,7352.0,11,7388.0,7344.0,0.0,0.0,0.0,0.0,18858
2023-05-11 09:00:46,SF2305,SF2305,7388.0,0.0,0.0,0.0,20,7320.0,7354.0,20,7388.0,7344.0,0.0,0.0,0.0,0.0,18858
2023-05-11 09:00:47,SF2305,SF2305,7388.0,0.0,0.0,0.0,20,7320.0,7352.0,9,7388.0,7344.0,0.0,0.0,0.0,0.0,18858
2023-05-11 09:00:48,SF2305,SF2305,7388.0,0.0,0.0,0.0,20,7320.0,7350.0,7,7388.0,7344.0,0.0,0.0,0.0,0.0,18858
2023-05-11 09:00:48,SF2305,SF2305,7388.0,0.0,0.0,0.0,20,7320.0,7350.0,12,7388.0,7344.0,0.0,0.0,0.0,0.0,18858
2023-05-11 09:00:49,SF2305,SF2305,7388.0,0.0,0.0,0.0,20,7320.0,7352.0,11,7388.0,7344.0,0.0,0.0,0.0,0.0,18858
2023-05-11 09:00:49,SF2305,SF2305,7388.0,0.0,0.0,0.0,20,7320.0,7350.0,1,7388.0,7344.0,0.0,0.0,0.0,0.0,18858
2023-05-11 09:00:49,SF2305,SF2305,7388.0,0.0,0.0,0.0,20,7320.0,7350.0,20,7388.0,7344.0,0.0,0.0,0.0,0.0,18858
2023-05-11 09:00:50,SF2305,SF2305,7388.0,0.0,0.0,0.0,20,7320.0,7348.0,15,7388.0,7344.0,0.0,0.0,0.0,0.0,18858
2023-05-11 09:00:50,SF2305,SF2305,7388.0,0.0,0.0,0.0,20,7320.0,7348.0,20,7388.0,7344.0,0.0,0.0,0.0,0.0,18858
2023-05-11 09:00:51,SF2305,SF2305,7388.0,0.0,0.0,0.0,20,7320.0,7346.0,20,7388.0,7344.0,0.0,0.0,0.0,0.0,18858
2023-05-11 09:00:52,SF2305,SF2305,7388.0,0.0,0.0,0.0,20,7320.0,7344.0,20,7388.0,7344.0,0.0,0.0,0.0,0.0,18858
2023-05-11 09:00:53,SF2305,SF2305,7388.0,0.0,0.0,0.0,20,7320.0,7342.0,18,7388.0,7344.0,0.0,0.0,0.0,0.0,18858
2023-05-11 09:00:53,SF2305,SF2305,7388.0,0.0,0.0,0.0,20,7320.0,7340.0,3,7388.0,7344.0,0.0,0.0,0.0,0.0,18858
2023-05-11 09:00:54,SF2305,SF2305,7388.0,0.0,0.0,0.0,20,7320.0,7340.0,17,7388.0,7344.0,0.0,0.0,0.0,0.0,18858
2023-05-11 09:00:54,SF2305,SF2305,7388.0,0.0,0.0,0.0,20,7320.0,7342.0,20,7388.0,7344.0,0.0,0.0,0.0,0.0,18858
2023-05-11 09:00:55,SF2305,SF2305,7388.0,0.0,0.0,0.0,20,7320.0,7344.0,17,7388.0,7344.0,0.0,0.0,0.0,0.0,18858
2023-05-11 09:00:55,SF2305,SF2305,7388.0,0.0,0.0,0.0,20,7320.0,7342.0,2,7388.0,7344.0,0.0,0.0,0.0,0.0,18858
2023-05-11 09:00:56,SF2305,SF2305,7388.0,0.0,0.0,0.0,20,7320.0,7344.0,20,7388.0,7344.0,0.0,0.0,0.0,0.0,18858
2023-05-11 09:00:56,SF2305,SF2305,7388.0,0.0,0.0,0.0,20,7320.0,7344.0,3,7388.0,7344.0,0.0,0.0,0.0,0.0,18858
2023-05-11 09:00:57,SF2305,SF2305,7388.0,0.0,0.0,0.0,20,7320.0,7346.0,14,7388.0,7344.0,0.0,0.0,0.0,0.0,18858
2023-05-11 09:00:57,SF2305,SF2305,7388.0,0.0,0.0,0.0,20,7320.0,7346.0,9,7388.0,7344.0,0.0,0.0,0.0,0.0,18858
2023-05-11 09:00:58,SF2305,SF2305,7388.0,0.0,0.0,0.0,20,7320.0,7346.0,11,7388.0,7344.0,0.0,0.0,0.0,0.0,18858
2023-05-11 09:00:58,SF2305,SF2305,7344.0,1.0,7344.0,0.0,19,7344.0,7348.0,19,7388.0,7344.0,7344.0,7344.0,1.0,7344.0,18858
2023-05-11 09:00:59,SF2305,SF2305,7344.0,0.0,0.0,0.0,19,7344.0,7348.0,12,7388.0,7344.0,7344.0,7344.0,1.0,7344.0,18858
2023-05-11 09:00:59,SF2305,SF2305,7344.0,0.0,0.0,0.0,19,7344.0,7348.0,15,7388.0,7344.0,7344.0,7344.0,1.0,7344.0,18858
2023-05-11 09:01:00,SF2305,SF2305,7344.0,10.0,73440.0,0.0,9,7344.0,7350.0,9,7388.0,7344.0,7344.0,7344.0,11.0,80784.0,18858
2023-05-11 09:01:00,SF2305,SF2305,7344.0,0.0,0.0,0.0,9,7344.0,7348.0,3,7388.0,7344.0,7344.0,7344.0,11.0,80784.0,18858
2023-05-11 09:01:01,SF2305,SF2305,7344.0,2.0,14688.0,0.0,7,7344.0,7348.0,7,7388.0,7344.0,7344.0,7344.0,13.0,95472.0,18858
2023-05-11 09:01:01,SF2305,SF2305,7344.0,6.0,44064.0,0.0,1,7344.0,7346.0,1,7388.0,7344.0,7344.0,7344.0,19.0,139536.0,18858
2023-05-11 09:01:01,SF2305,SF2305,7344.0,1.0,7344.0,0.0,20,7320.0,7368.0,11,7388.0,7344.0,7344.0,7344.0,20.0,146880.0,18858
2023-05-11 09:01:03,SF2305,SF2305,7344.0,0.0,0.0,0.0,20,7320.0,7366.0,11,7388.0,7344.0,7344.0,7344.0,20.0,146880.0,18858
2023-05-11 09:01:03,SF2305,SF2305,7344.0,0.0,0.0,0.0,20,7320.0,7364.0,11,7388.0,7344.0,7344.0,7344.0,20.0,146880.0,18858
2023-05-11 09:01:05,SF2305,SF2305,7344.0,0.0,0.0,0.0,20,7320.0,7368.0,11,7388.0,7344.0,7344.0,7344.0,20.0,146880.0,18858
2023-05-11 09:01:06,SF2305,SF2305,7344.0,0.0,0.0,0.0,20,7320.0,7368.0,2,7388.0,7344.0,7344.0,7344.0,20.0,146880.0,18858
2023-05-11 09:01:06,SF2305,SF2305,7344.0,0.0,0.0,0.0,20,7320.0,7368.0,11,7388.0,7344.0,7344.0,7344.0,20.0,146880.0,18858
2023-05-11 09:01:07,SF2305,SF2305,7344.0,0.0,0.0,0.0,20,7320.0,7366.0,2,7388.0,7344.0,7344.0,7344.0,20.0,146880.0,18858
2023-05-11 09:01:07,SF2305,SF2305,7344.0,0.0,0.0,0.0,20,7320.0,7366.0,11,7388.0,7344.0,7344.0,7344.0,20.0,146880.0,18858
2023-05-11 09:01:09,SF2305,SF2305,7344.0,0.0,0.0,0.0,20,7320.0,7364.0,5,7388.0,7344.0,7344.0,7344.0,20.0,146880.0,18858
2023-05-11 09:01:09,SF2305,SF2305,7344.0,0.0,0.0,0.0,20,7320.0,7366.0,9,7388.0,7344.0,7344.0,7344.0,20.0,146880.0,18858
2023-05-11 09:01:10,SF2305,SF2305,7344.0,0.0,0.0,0.0,20,7320.0,7366.0,2,7388.0,7344.0,7344.0,7344.0,20.0,146880.0,18858
2023-05-11 09:01:10,SF2305,SF2305,7344.0,0.0,0.0,0.0,20,7320.0,7366.0,8,7388.0,7344.0,7344.0,7344.0,20.0,146880.0,18858
2023-05-11 09:01:11,SF2305,SF2305,7344.0,0.0,0.0,0.0,20,7320.0,7366.0,6,7388.0,7344.0,7344.0,7344.0,20.0,146880.0,18858
2023-05-11 09:01:11,SF2305,SF2305,7344.0,0.0,0.0,0.0,20,7320.0,7366.0,11,7388.0,7344.0,7344.0,7344.0,20.0,146880.0,18858
2023-05-11 09:01:12,SF2305,SF2305,7344.0,0.0,0.0,0.0,20,7320.0,7364.0,1,7388.0,7344.0,7344.0,7344.0,20.0,146880.0,18858
2023-05-11 09:01:12,SF2305,SF2305,7344.0,0.0,0.0,0.0,20,7320.0,7362.0,11,7388.0,7344.0,7344.0,7344.0,20.0,146880.0,18858
2023-05-11 09:01:13,SF2305,SF2305,7344.0,0.0,0.0,0.0,20,7320.0,7360.0,3,7388.0,7344.0,7344.0,7344.0,20.0,146880.0,18858
2023-05-11 09:01:13,SF2305,SF2305,7344.0,0.0,0.0,0.0,20,7320.0,7362.0,11,7388.0,7344.0,7344.0,7344.0,20.0,146880.0,18858
2023-05-11 09:01:14,SF2305,SF2305,7344.0,0.0,0.0,0.0,20,7320.0,7362.0,2,7388.0,7344.0,7344.0,7344.0,20.0,146880.0,18858
2023-05-11 09:01:14,SF2305,SF2305,7344.0,0.0,0.0,0.0,20,7320.0,7366.0,11,7388.0,7344.0,7344.0,7344.0,20.0,146880.0,18858
2023-05-11 09:01:15,SF2305,SF2305,7344.0,0.0,0.0,0.0,20,7320.0,7380.0,20,7388.0,7344.0,7344.0,7344.0,20.0,146880.0,18858
2023-05-11 09:01:15,SF2305,SF2305,7344.0,0.0,0.0,0.0,20,7320.0,7348.0,11,7388.0,7344.0,7344.0,7344.0,20.0,146880.0,18858
2023-05-11 09:01:15,SF2305,SF2305,7344.0,0.0,0.0,0.0,20,7320.0,7346.0,11,7388.0,7344.0,7344.0,7344.0,20.0,146880.0,18858
2023-05-11 09:01:16,SF2305,SF2305,7344.0,0.0,0.0,0.0,20,7320.0,7346.0,10,7388.0,7344.0,7344.0,7344.0,20.0,146880.0,18858
2023-05-11 09:01:16,SF2305,SF2305,7344.0,0.0,0.0,0.0,20,7320.0,7346.0,11,7388.0,7344.0,7344.0,7344.0,20.0,146880.0,18858
2023-05-11 09:01:17,SF2305,SF2305,7344.0,0.0,0.0,0.0,20,7320.0,7344.0,2,7388.0,7344.0,7344.0,7344.0,20.0,146880.0,18858
2023-05-11 09:01:18,SF2305,SF2305,7344.0,0.0,0.0,0.0,20,7320.0,7344.0,5,7388.0,7344.0,7344.0,7344.0,20.0,146880.0,18858
2023-05-11 09:01:18,SF2305,SF2305,7344.0,0.0,0.0,0.0,20,7320.0,7346.0,11,7388.0,7344.0,7344.0,7344.0,20.0,146880.0,18858
2023-05-11 09:01:21,SF2305,SF2305,7344.0,0.0,0.0,0.0,20,7320.0,7346.0,4,7388.0,7344.0,7344.0,7344.0,20.0,146880.0,18858
2023-05-11 09:01:21,SF2305,SF2305,7344.0,0.0,0.0,0.0,20,7320.0,7346.0,11,7388.0,7344.0,7344.0,7344.0,20.0,146880.0,18858
2023-05-11 09:01:22,SF2305,SF2305,7344.0,0.0,0.0,0.0,20,7320.0,7346.0,5,7388.0,7344.0,7344.0,7344.0,20.0,146880.0,18858
2023-05-11 09:01:22,SF2305,SF2305,7344.0,0.0,0.0,0.0,20,7320.0,7348.0,11,7388.0,7344.0,7344.0,7344.0,20.0,146880.0,18858
2023-05-11 09:01:25,SF2305,SF2305,7344.0,0.0,0.0,0.0,20,7320.0,7346.0,5,7388.0,7344.0,7344.0,7344.0,20.0,146880.0,18858
2023-05-11 09:01:26,SF2305,SF2305,7344.0,0.0,0.0,0.0,20,7320.0,7348.0,11,7388.0,7344.0,7344.0,7344.0,20.0,146880.0,18858
2023-05-11 09:01:27,SF2305,SF2305,7344.0,0.0,0.0,0.0,20,7320.0,7346.0,11,7388.0,7344.0,7344.0,7344.0,20.0,146880.0,18858
2023-05-11 09:01:31,SF2305,SF2305,7344.0,0.0,0.0,0.0,20,7320.0,7344.0,11,7388.0,7344.0,7344.0,7344.0,20.0,146880.0,18858
2023-05-11 09:01:32,SF2305,SF2305,7344.0,10.0,73440.0,0.0,20,7320.0,7344.0,1,7388.0,7344.0,7344.0,7344.0,30.0,220320.0,18858
2023-05-11 09:01:32,SF2305,SF2305,7344.0,0.0,0.0,0.0,20,7320.0,7346.0,1,7388.0,7344.0,7344.0,7344.0,30.0,220320.0,18858
2023-05-11 09:01:32,SF2305,SF2305,7344.0,0.0,0.0,0.0,20,7320.0,7348.0,1,7388.0,7344.0,7344.0,7344.0,30.0,220320.0,18858
2023-05-11 09:01:33,SF2305,SF2305,7344.0,0.0,0.0,0.0,40,7320.0,7348.0,1,7388.0,7344.0,7344.0,7344.0,30.0,220320.0,18858
2023-05-11 09:01:34,SF2305,SF2305,7344.0,0.0,0.0,0.0,40,7320.0,7350.0,1,7388.0,7344.0,7344.0,7344.0,30.0,220320.0,18858
2023-05-11 09:01:34,SF2305,SF2305,7344.0,0.0,0.0,0.0,1,7324.0,7352.0,1,7388.0,7344.0,7344.0,7344.0,30.0,220320.0,18858
2023-05-11 09:01:35,SF2305,SF2305,7344.0,0.0,0.0,0.0,2,7324.0,7350.0,1,7388.0,7344.0,7344.0,7344.0,30.0,220320.0,18858
2023-05-11 09:01:35,SF2305,SF2305,7344.0,0.0,0.0,0.0,4,7322.0,7350.0,1,7388.0,7344.0,7344.0,7344.0,30.0,220320.0,18858
2023-05-11 09:01:36,SF2305,SF2305,7344.0,0.0,0.0,0.0,22,7320.0,7350.0,1,7388.0,7344.0,7344.0,7344.0,30.0,220320.0,18858
2023-05-11 09:01:36,SF2305,SF2305,7344.0,0.0,0.0,0.0,40,7320.0,7348.0,1,7388.0,7344.0,7344.0,7344.0,30.0,220320.0,18858
2023-05-11 09:01:37,SF2305,SF2305,7344.0,0.0,0.0,0.0,27,7320.0,7348.0,1,7388.0,7344.0,7344.0,7344.0,30.0,220320.0,18858
2023-05-11 09:01:37,SF2305,SF2305,7344.0,0.0,0.0,0.0,34,7320.0,7348.0,1,7388.0,7344.0,7344.0,7344.0,30.0,220320.0,18858
2023-05-11 09:01:37,SF2305,SF2305,7344.0,0.0,0.0,0.0,40,7320.0,7348.0,1,7388.0,7344.0,7344.0,7344.0,30.0,220320.0,18858
2023-05-11 09:01:39,SF2305,SF2305,7344.0,0.0,0.0,0.0,40,7320.0,7350.0,1,7388.0,7344.0,7344.0,7344.0,30.0,220320.0,18858
2023-05-11 09:01:40,SF2305,SF2305,7344.0,0.0,0.0,0.0,3,7322.0,7350.0,1,7388.0,7344.0,7344.0,7344.0,30.0,220320.0,18858
2023-05-11 09:01:41,SF2305,SF2305,7344.0,0.0,0.0,0.0,40,7320.0,7350.0,1,7388.0,7344.0,7344.0,7344.0,30.0,220320.0,18858
2023-05-11 09:01:41,SF2305,SF2305,7344.0,0.0,0.0,0.0,40,7320.0,7348.0,1,7388.0,7344.0,7344.0,7344.0,30.0,220320.0,18858
2023-05-11 09:01:42,SF2305,SF2305,7344.0,0.0,0.0,0.0,1,7330.0,7348.0,1,7388.0,7344.0,7344.0,7344.0,30.0,220320.0,18858
2023-05-11 09:01:42,SF2305,SF2305,7344.0,0.0,0.0,0.0,1,7330.0,7350.0,1,7388.0,7344.0,7344.0,7344.0,30.0,220320.0,18858
2023-05-11 09:01:42,SF2305,SF2305,7344.0,0.0,0.0,0.0,1,7330.0,7348.0,1,7388.0,7344.0,7344.0,7344.0,30.0,220320.0,18858
2023-05-11 09:01:44,SF2305,SF2305,7344.0,0.0,0.0,0.0,1,7330.0,7352.0,1,7388.0,7344.0,7344.0,7344.0,30.0,220320.0,18858
2023-05-11 09:01:44,SF2305,SF2305,7344.0,0.0,0.0,0.0,1,7330.0,7350.0,1,7388.0,7344.0,7344.0,7344.0,30.0,220320.0,18858
2023-05-11 09:01:46,SF2305,SF2305,7344.0,0.0,0.0,0.0,1,7330.0,7348.0,1,7388.0,7344.0,7344.0,7344.0,30.0,220320.0,18858
2023-05-11 09:01:49,SF2305,SF2305,7344.0,0.0,0.0,0.0,1,7330.0,7346.0,1,7388.0,7344.0,7344.0,7344.0,30.0,220320.0,18858
2023-05-11 09:01:50,SF2305,SF2305,7344.0,0.0,0.0,0.0,1,7330.0,7348.0,1,7388.0,7344.0,7344.0,7344.0,30.0,220320.0,18858
2023-05-11 09:01:52,SF2305,SF2305,7344.0,0.0,0.0,0.0,1,7330.0,7346.0,1,7388.0,7344.0,7344.0,7344.0,30.0,220320.0,18858
2023-05-11 09:01:55,SF2305,SF2305,7344.0,0.0,0.0,0.0,1,7330.0,7344.0,1,7388.0,7344.0,7344.0,7344.0,30.0,220320.0,18858
2023-05-11 09:01:56,SF2305,SF2305,7344.0,0.0,0.0,0.0,1,7330.0,7342.0,1,7388.0,7344.0,7344.0,7344.0,30.0,220320.0,18858
2023-05-11 09:01:58,SF2305,SF2305,7344.0,0.0,0.0,0.0,1,7330.0,7344.0,1,7388.0,7344.0,7344.0,7344.0,30.0,220320.0,18858
2023-05-11 09:01:59,SF2305,SF2305,7344.0,0.0,0.0,0.0,1,7330.0,7348.0,1,7388.0,7344.0,7344.0,7344.0,30.0,220320.0,18858
2023-05-11 09:01:59,SF2305,SF2305,7344.0,0.0,0.0,0.0,1,7330.0,7346.0,1,7388.0,7344.0,7344.0,7344.0,30.0,220320.0,18858
2023-05-11 09:02:00,SF2305,SF2305,7344.0,0.0,0.0,0.0,1,7330.0,7344.0,1,7388.0,7344.0,7344.0,7344.0,30.0,220320.0,18858
2023-05-11 09:02:01,SF2305,SF2305,7344.0,0.0,0.0,0.0,1,7330.0,7346.0,1,7388.0,7344.0,7344.0,7344.0,30.0,220320.0,18858
2023-05-11 09:02:01,SF2305,SF2305,7344.0,0.0,0.0,0.0,1,7330.0,7344.0,1,7388.0,7344.0,7344.0,7344.0,30.0,220320.0,18858
2023-05-11 09:02:02,SF2305,SF2305,7344.0,0.0,0.0,0.0,1,7330.0,7346.0,1,7388.0,7344.0,7344.0,7344.0,30.0,220320.0,18858
2023-05-11 09:02:03,SF2305,SF2305,7344.0,0.0,0.0,0.0,1,7330.0,7348.0,1,7388.0,7344.0,7344.0,7344.0,30.0,220320.0,18858
2023-05-11 09:02:03,SF2305,SF2305,7344.0,0.0,0.0,0.0,1,7330.0,7346.0,1,7388.0,7344.0,7344.0,7344.0,30.0,220320.0,18858
2023-05-11 09:02:08,SF2305,SF2305,7344.0,0.0,0.0,0.0,1,7330.0,7348.0,1,7388.0,7344.0,7344.0,7344.0,30.0,220320.0,18858
2023-05-11 09:02:09,SF2305,SF2305,7344.0,0.0,0.0,0.0,1,7330.0,7346.0,1,7388.0,7344.0,7344.0,7344.0,30.0,220320.0,18858
2023-05-11 09:02:10,SF2305,SF2305,7344.0,0.0,0.0,0.0,1,7330.0,7348.0,1,7388.0,7344.0,7344.0,7344.0,30.0,220320.0,18858
2023-05-11 09:02:12,SF2305,SF2305,7344.0,0.0,0.0,0.0,1,7330.0,7350.0,1,7388.0,7344.0,7344.0,7344.0,30.0,220320.0,18858
2023-05-11 09:02:15,SF2305,SF2305,7344.0,0.0,0.0,0.0,1,7330.0,7356.0,1,7388.0,7344.0,7344.0,7344.0,30.0,220320.0,18858
2023-05-11 09:02:15,SF2305,SF2305,7344.0,0.0,0.0,0.0,1,7330.0,7360.0,1,7388.0,7344.0,7344.0,7344.0,30.0,220320.0,18858
2023-05-11 09:02:16,SF2305,SF2305,7344.0,0.0,0.0,0.0,1,7330.0,7358.0,1,7388.0,7344.0,7344.0,7344.0,30.0,220320.0,18858
2023-05-11 09:02:17,SF2305,SF2305,7344.0,0.0,0.0,0.0,1,7330.0,7356.0,1,7388.0,7344.0,7344.0,7344.0,30.0,220320.0,18858
2023-05-11 09:02:17,SF2305,SF2305,7344.0,0.0,0.0,0.0,1,7330.0,7358.0,1,7388.0,7344.0,7344.0,7344.0,30.0,220320.0,18858
2023-05-11 09:02:18,SF2305,SF2305,7344.0,0.0,0.0,0.0,1,7330.0,7360.0,1,7388.0,7344.0,7344.0,7344.0,30.0,220320.0,18858
2023-05-11 09:02:18,SF2305,SF2305,7344.0,0.0,0.0,0.0,1,7330.0,7362.0,1,7388.0,7344.0,7344.0,7344.0,30.0,220320.0,18858
2023-05-11 09:02:20,SF2305,SF2305,7344.0,0.0,0.0,0.0,1,7330.0,7360.0,1,7388.0,7344.0,7344.0,7344.0,30.0,220320.0,18858
2023-05-11 09:02:20,SF2305,SF2305,7344.0,0.0,0.0,0.0,1,7330.0,7362.0,1,7388.0,7344.0,7344.0,7344.0,30.0,220320.0,18858
2023-05-11 09:02:20,SF2305,SF2305,7344.0,0.0,0.0,0.0,1,7330.0,7360.0,1,7388.0,7344.0,7344.0,7344.0,30.0,220320.0,18858
2023-05-11 09:02:22,SF2305,SF2305,7344.0,0.0,0.0,0.0,1,7344.0,7360.0,1,7388.0,7344.0,7344.0,7344.0,30.0,220320.0,18858
2023-05-11 09:02:23,SF2305,SF2305,7344.0,0.0,0.0,0.0,1,7350.0,7360.0,1,7388.0,7344.0,7344.0,7344.0,30.0,220320.0,18858
2023-05-11 09:02:25,SF2305,SF2305,7344.0,0.0,0.0,0.0,1,7350.0,7362.0,1,7388.0,7344.0,7344.0,7344.0,30.0,220320.0,18858
2023-05-11 09:02:27,SF2305,SF2305,7344.0,0.0,0.0,0.0,1,7350.0,7364.0,1,7388.0,7344.0,7344.0,7344.0,30.0,220320.0,18858
2023-05-11 09:02:30,SF2305,SF2305,7344.0,0.0,0.0,0.0,1,7350.0,7366.0,1,7388.0,7344.0,7344.0,7344.0,30.0,220320.0,18858
2023-05-11 09:02:32,SF2305,SF2305,7344.0,0.0,0.0,0.0,1,7350.0,7368.0,1,7388.0,7344.0,7344.0,7344.0,30.0,220320.0,18858
2023-05-11 09:02:32,SF2305,SF2305,7344.0,0.0,0.0,0.0,1,7350.0,7366.0,1,7388.0,7344.0,7344.0,7344.0,30.0,220320.0,18858
2023-05-11 09:02:40,SF2305,SF2305,7344.0,0.0,0.0,0.0,1,7350.0,7364.0,1,7388.0,7344.0,7344.0,7344.0,30.0,220320.0,18858
2023-05-11 09:02:43,SF2305,SF2305,7344.0,0.0,0.0,0.0,1,7350.0,7362.0,1,7388.0,7344.0,7344.0,7344.0,30.0,220320.0,18858
2023-05-11 09:02:44,SF2305,SF2305,7344.0,0.0,0.0,0.0,1,7344.0,7364.0,1,7388.0,7344.0,7344.0,7344.0,30.0,220320.0,18858
2023-05-11 09:02:44,SF2305,SF2305,7344.0,0.0,0.0,0.0,1,7344.0,7362.0,1,7388.0,7344.0,7344.0,7344.0,30.0,220320.0,18858
2023-05-11 09:02:45,SF2305,SF2305,7344.0,0.0,0.0,0.0,1,7344.0,7360.0,1,7388.0,7344.0,7344.0,7344.0,30.0,220320.0,18858
2023-05-11 09:02:45,SF2305,SF2305,7344.0,0.0,0.0,0.0,1,7344.0,7358.0,1,7388.0,7344.0,7344.0,7344.0,30.0,220320.0,18858
2023-05-11 09:02:49,SF2305,SF2305,7344.0,0.0,0.0,0.0,1,7344.0,7360.0,1,7388.0,7344.0,7344.0,7344.0,30.0,220320.0,18858
2023-05-11 09:02:51,SF2305,SF2305,7344.0,0.0,0.0,0.0,1,7344.0,7358.0,1,7388.0,7344.0,7344.0,7344.0,30.0,220320.0,18858
2023-05-11 09:02:54,SF2305,SF2305,7344.0,0.0,0.0,0.0,1,7344.0,7362.0,1,7388.0,7344.0,7344.0,7344.0,30.0,220320.0,18858
2023-05-11 09:02:55,SF2305,SF2305,7344.0,0.0,0.0,0.0,1,7344.0,7364.0,1,7388.0,7344.0,7344.0,7344.0,30.0,220320.0,18858
2023-05-11 09:02:55,SF2305,SF2305,7344.0,0.0,0.0,0.0,1,7344.0,7366.0,1,7388.0,7344.0,7344.0,7344.0,30.0,220320.0,18858
2023-05-11 09:02:56,SF2305,SF2305,7344.0,0.0,0.0,0.0,1,7344.0,7368.0,1,7388.0,7344.0,7344.0,7344.0,30.0,220320.0,18858
2023-05-11 09:02:59,SF2305,SF2305,7344.0,0.0,0.0,0.0,1,7344.0,7366.0,1,7388.0,7344.0,7344.0,7344.0,30.0,220320.0,18858
2023-05-11 09:03:03,SF2305,SF2305,7344.0,0.0,0.0,0.0,1,7344.0,7362.0,1,7388.0,7344.0,7344.0,7344.0,30.0,220320.0,18858
2023-05-11 09:03:03,SF2305,SF2305,7344.0,0.0,0.0,0.0,1,7344.0,7364.0,1,7388.0,7344.0,7344.0,7344.0,30.0,220320.0,18858
2023-05-11 09:03:04,SF2305,SF2305,7344.0,0.0,0.0,0.0,1,7344.0,7366.0,1,7388.0,7344.0,7344.0,7344.0,30.0,220320.0,18858
2023-05-11 09:03:05,SF2305,SF2305,7344.0,0.0,0.0,0.0,1,7344.0,7364.0,1,7388.0,7344.0,7344.0,7344.0,30.0,220320.0,18858
2023-05-11 09:03:05,SF2305,SF2305,7344.0,0.0,0.0,0.0,1,7344.0,7360.0,1,7388.0,7344.0,7344.0,7344.0,30.0,220320.0,18858
2023-05-11 09:03:10,SF2305,SF2305,7344.0,0.0,0.0,0.0,1,7344.0,7362.0,1,7388.0,7344.0,7344.0,7344.0,30.0,220320.0,18858
2023-05-11 09:03:11,SF2305,SF2305,7344.0,0.0,0.0,0.0,1,7344.0,7364.0,1,7388.0,7344.0,7344.0,7344.0,30.0,220320.0,18858
2023-05-11 09:03:12,SF2305,SF2305,7344.0,0.0,0.0,0.0,1,7344.0,7362.0,1,7388.0,7344.0,7344.0,7344.0,30.0,220320.0,18858
2023-05-11 09:03:13,SF2305,SF2305,7344.0,0.0,0.0,0.0,1,7344.0,7364.0,1,7388.0,7344.0,7344.0,7344.0,30.0,220320.0,18858
2023-05-11 09:03:14,SF2305,SF2305,7344.0,0.0,0.0,0.0,1,7344.0,7362.0,1,7388.0,7344.0,7344.0,7344.0,30.0,220320.0,18858
2023-05-11 09:03:15,SF2305,SF2305,7344.0,0.0,0.0,0.0,1,7344.0,7360.0,1,7388.0,7344.0,7344.0,7344.0,30.0,220320.0,18858
2023-05-11 09:03:16,SF2305,SF2305,7344.0,0.0,0.0,0.0,1,7344.0,7358.0,1,7388.0,7344.0,7344.0,7344.0,30.0,220320.0,18858
2023-05-11 09:03:19,SF2305,SF2305,7344.0,0.0,0.0,0.0,1,7344.0,7360.0,1,7388.0,7344.0,7344.0,7344.0,30.0,220320.0,18858
2023-05-11 09:03:20,SF2305,SF2305,7344.0,0.0,0.0,0.0,1,7344.0,7358.0,1,7388.0,7344.0,7344.0,7344.0,30.0,220320.0,18858
2023-05-11 09:03:24,SF2305,SF2305,7344.0,0.0,0.0,0.0,1,7344.0,7380.0,20,7388.0,7344.0,7344.0,7344.0,30.0,220320.0,18858
2023-05-11 09:03:24,SF2305,SF2305,7344.0,0.0,0.0,0.0,1,7344.0,7354.0,1,7388.0,7344.0,7344.0,7344.0,30.0,220320.0,18858
2023-05-11 09:03:29,SF2305,SF2305,7344.0,0.0,0.0,0.0,1,7344.0,7356.0,1,7388.0,7344.0,7344.0,7344.0,30.0,220320.0,18858
2023-05-11 09:03:31,SF2305,SF2305,7344.0,0.0,0.0,0.0,1,7344.0,7354.0,1,7388.0,7344.0,7344.0,7344.0,30.0,220320.0,18858
2023-05-11 09:03:40,SF2305,SF2305,7344.0,0.0,0.0,0.0,1,7344.0,7356.0,1,7388.0,7344.0,7344.0,7344.0,30.0,220320.0,18858
2023-05-11 09:03:40,SF2305,SF2305,7344.0,0.0,0.0,0.0,1,7344.0,7354.0,1,7388.0,7344.0,7344.0,7344.0,30.0,220320.0,18858
2023-05-11 09:03:44,SF2305,SF2305,7344.0,0.0,0.0,0.0,1,7344.0,7352.0,1,7388.0,7344.0,7344.0,7344.0,30.0,220320.0,18858
2023-05-11 09:03:50,SF2305,SF2305,7344.0,0.0,0.0,0.0,1,7344.0,7380.0,20,7388.0,7344.0,7344.0,7344.0,30.0,220320.0,18858
2023-05-11 09:03:50,SF2305,SF2305,7344.0,1.0,7344.0,1.0,1,7330.0,7380.0,20,7388.0,7344.0,7344.0,7344.0,31.0,227664.0,18859
2023-05-11 09:05:25,SF2305,SF2305,7344.0,0.0,0.0,0.0,2,7330.0,7380.0,20,7388.0,7344.0,7344.0,7344.0,31.0,227664.0,18859
2023-05-11 09:07:13,SF2305,SF2305,7344.0,0.0,0.0,0.0,2,7330.0,7380.0,40,7388.0,7344.0,7344.0,7344.0,31.0,227664.0,18859
2023-05-11 09:07:13,SF2305,SF2305,7344.0,0.0,0.0,0.0,2,7330.0,7380.0,41,7388.0,7344.0,7344.0,7344.0,31.0,227664.0,18859
2023-05-11 09:07:14,SF2305,SF2305,7344.0,0.0,0.0,0.0,2,7330.0,7380.0,40,7388.0,7344.0,7344.0,7344.0,31.0,227664.0,18859
2023-05-11 09:07:15,SF2305,SF2305,7344.0,0.0,0.0,0.0,2,7330.0,7380.0,39,7388.0,7344.0,7344.0,7344.0,31.0,227664.0,18859
2023-05-11 09:07:15,SF2305,SF2305,7344.0,0.0,0.0,0.0,2,7330.0,7380.0,32,7388.0,7344.0,7344.0,7344.0,31.0,227664.0,18859
2023-05-11 09:07:16,SF2305,SF2305,7344.0,0.0,0.0,0.0,2,7330.0,7380.0,33,7388.0,7344.0,7344.0,7344.0,31.0,227664.0,18859
2023-05-11 09:07:16,SF2305,SF2305,7344.0,0.0,0.0,0.0,2,7330.0,7380.0,30,7388.0,7344.0,7344.0,7344.0,31.0,227664.0,18859
2023-05-11 09:07:17,SF2305,SF2305,7344.0,0.0,0.0,0.0,2,7330.0,7380.0,26,7388.0,7344.0,7344.0,7344.0,31.0,227664.0,18859
2023-05-11 09:07:17,SF2305,SF2305,7344.0,0.0,0.0,0.0,2,7330.0,7380.0,20,7388.0,7344.0,7344.0,7344.0,31.0,227664.0,18859
2023-05-11 09:07:36,SF2305,SF2305,7344.0,0.0,0.0,0.0,2,7330.0,7380.0,40,7388.0,7344.0,7344.0,7344.0,31.0,227664.0,18859
2023-05-11 09:08:20,SF2305,SF2305,7344.0,0.0,0.0,0.0,2,7330.0,7380.0,48,7388.0,7344.0,7344.0,7344.0,31.0,227664.0,18859
2023-05-11 09:11:16,SF2305,SF2305,7344.0,0.0,0.0,0.0,2,7330.0,7380.0,51,7388.0,7344.0,7344.0,7344.0,31.0,227664.0,18859
2023-05-11 09:11:16,SF2305,SF2305,7344.0,0.0,0.0,0.0,2,7330.0,7380.0,65,7388.0,7344.0,7344.0,7344.0,31.0,227664.0,18859
2023-05-11 09:11:17,SF2305,SF2305,7344.0,0.0,0.0,0.0,2,7330.0,7380.0,83,7388.0,7344.0,7344.0,7344.0,31.0,227664.0,18859
2023-05-11 09:11:21,SF2305,SF2305,7344.0,0.0,0.0,0.0,2,7330.0,7378.0,8,7388.0,7344.0,7344.0,7344.0,31.0,227664.0,18859
2023-05-11 09:11:22,SF2305,SF2305,7344.0,0.0,0.0,0.0,2,7330.0,7378.0,12,7388.0,7344.0,7344.0,7344.0,31.0,227664.0,18859
2023-05-11 09:11:22,SF2305,SF2305,7344.0,0.0,0.0,0.0,2,7330.0,7378.0,35,7388.0,7344.0,7344.0,7344.0,31.0,227664.0,18859
2023-05-11 09:11:25,SF2305,SF2305,7344.0,0.0,0.0,0.0,2,7330.0,7376.0,1,7388.0,7344.0,7344.0,7344.0,31.0,227664.0,18859
2023-05-11 09:11:25,SF2305,SF2305,7344.0,0.0,0.0,0.0,2,7330.0,7376.0,22,7388.0,7344.0,7344.0,7344.0,31.0,227664.0,18859
2023-05-11 09:11:25,SF2305,SF2305,7344.0,0.0,0.0,0.0,2,7330.0,7376.0,35,7388.0,7344.0,7344.0,7344.0,31.0,227664.0,18859
2023-05-11 09:11:26,SF2305,SF2305,7344.0,0.0,0.0,0.0,2,7330.0,7374.0,6,7388.0,7344.0,7344.0,7344.0,31.0,227664.0,18859
2023-05-11 09:11:27,SF2305,SF2305,7344.0,0.0,0.0,0.0,2,7330.0,7374.0,12,7388.0,7344.0,7344.0,7344.0,31.0,227664.0,18859
2023-05-11 09:11:27,SF2305,SF2305,7344.0,0.0,0.0,0.0,2,7330.0,7374.0,35,7388.0,7344.0,7344.0,7344.0,31.0,227664.0,18859
2023-05-11 09:11:36,SF2305,SF2305,7344.0,0.0,0.0,0.0,2,7330.0,7372.0,11,7388.0,7344.0,7344.0,7344.0,31.0,227664.0,18859
2023-05-11 09:11:37,SF2305,SF2305,7344.0,0.0,0.0,0.0,2,7330.0,7372.0,10,7388.0,7344.0,7344.0,7344.0,31.0,227664.0,18859
2023-05-11 09:11:38,SF2305,SF2305,7344.0,0.0,0.0,0.0,2,7330.0,7372.0,27,7388.0,7344.0,7344.0,7344.0,31.0,227664.0,18859
2023-05-11 09:11:38,SF2305,SF2305,7344.0,0.0,0.0,0.0,2,7330.0,7372.0,7,7388.0,7344.0,7344.0,7344.0,31.0,227664.0,18859
2023-05-11 09:11:38,SF2305,SF2305,7344.0,0.0,0.0,0.0,2,7330.0,7374.0,35,7388.0,7344.0,7344.0,7344.0,31.0,227664.0,18859
2023-05-11 09:11:40,SF2305,SF2305,7344.0,0.0,0.0,0.0,2,7330.0,7374.0,32,7388.0,7344.0,7344.0,7344.0,31.0,227664.0,18859
2023-05-11 09:11:40,SF2305,SF2305,7344.0,0.0,0.0,0.0,2,7330.0,7374.0,30,7388.0,7344.0,7344.0,7344.0,31.0,227664.0,18859
2023-05-11 09:11:40,SF2305,SF2305,7344.0,0.0,0.0,0.0,2,7330.0,7374.0,25,7388.0,7344.0,7344.0,7344.0,31.0,227664.0,18859
2023-05-11 09:11:41,SF2305,SF2305,7344.0,0.0,0.0,0.0,2,7330.0,7374.0,26,7388.0,7344.0,7344.0,7344.0,31.0,227664.0,18859
2023-05-11 09:11:41,SF2305,SF2305,7344.0,0.0,0.0,0.0,2,7330.0,7374.0,15,7388.0,7344.0,7344.0,7344.0,31.0,227664.0,18859
2023-05-11 09:11:42,SF2305,SF2305,7344.0,0.0,0.0,0.0,2,7330.0,7374.0,17,7388.0,7344.0,7344.0,7344.0,31.0,227664.0,18859
2023-05-11 09:11:43,SF2305,SF2305,7344.0,0.0,0.0,0.0,2,7330.0,7374.0,12,7388.0,7344.0,7344.0,7344.0,31.0,227664.0,18859
2023-05-11 09:11:44,SF2305,SF2305,7344.0,0.0,0.0,0.0,2,7330.0,7374.0,13,7388.0,7344.0,7344.0,7344.0,31.0,227664.0,18859
2023-05-11 09:11:44,SF2305,SF2305,7344.0,0.0,0.0,0.0,2,7330.0,7376.0,35,7388.0,7344.0,7344.0,7344.0,31.0,227664.0,18859
2023-05-11 09:11:55,SF2305,SF2305,7344.0,0.0,0.0,0.0,2,7330.0,7374.0,3,7388.0,7344.0,7344.0,7344.0,31.0,227664.0,18859
2023-05-11 09:11:56,SF2305,SF2305,7344.0,0.0,0.0,0.0,2,7330.0,7374.0,2,7388.0,7344.0,7344.0,7344.0,31.0,227664.0,18859
2023-05-11 09:11:57,SF2305,SF2305,7344.0,0.0,0.0,0.0,2,7330.0,7374.0,3,7388.0,7344.0,7344.0,7344.0,31.0,227664.0,18859
2023-05-11 09:11:57,SF2305,SF2305,7344.0,0.0,0.0,0.0,2,7330.0,7376.0,35,7388.0,7344.0,7344.0,7344.0,31.0,227664.0,18859
2023-05-11 09:11:58,SF2305,SF2305,7344.0,0.0,0.0,0.0,2,7330.0,7374.0,8,7388.0,7344.0,7344.0,7344.0,31.0,227664.0,18859
2023-05-11 09:11:59,SF2305,SF2305,7344.0,0.0,0.0,0.0,2,7330.0,7374.0,13,7388.0,7344.0,7344.0,7344.0,31.0,227664.0,18859
2023-05-11 09:12:01,SF2305,SF2305,7344.0,0.0,0.0,0.0,2,7330.0,7374.0,34,7388.0,7344.0,7344.0,7344.0,31.0,227664.0,18859
2023-05-11 09:12:01,SF2305,SF2305,7344.0,0.0,0.0,0.0,2,7330.0,7372.0,18,7388.0,7344.0,7344.0,7344.0,31.0,227664.0,18859
2023-05-11 09:12:02,SF2305,SF2305,7344.0,0.0,0.0,0.0,2,7330.0,7372.0,22,7388.0,7344.0,7344.0,7344.0,31.0,227664.0,18859
2023-05-11 09:12:02,SF2305,SF2305,7344.0,0.0,0.0,0.0,2,7330.0,7372.0,21,7388.0,7344.0,7344.0,7344.0,31.0,227664.0,18859
2023-05-11 09:12:03,SF2305,SF2305,7344.0,0.0,0.0,0.0,2,7330.0,7372.0,35,7388.0,7344.0,7344.0,7344.0,31.0,227664.0,18859
2023-05-11 09:12:04,SF2305,SF2305,7344.0,0.0,0.0,0.0,2,7330.0,7372.0,24,7388.0,7344.0,7344.0,7344.0,31.0,227664.0,18859
2023-05-11 09:12:04,SF2305,SF2305,7344.0,0.0,0.0,0.0,2,7330.0,7372.0,1,7388.0,7344.0,7344.0,7344.0,31.0,227664.0,18859
2023-05-11 09:12:04,SF2305,SF2305,7344.0,0.0,0.0,0.0,2,7330.0,7374.0,35,7388.0,7344.0,7344.0,7344.0,31.0,227664.0,18859
2023-05-11 09:12:05,SF2305,SF2305,7344.0,0.0,0.0,0.0,2,7330.0,7374.0,32,7388.0,7344.0,7344.0,7344.0,31.0,227664.0,18859
2023-05-11 09:12:05,SF2305,SF2305,7344.0,0.0,0.0,0.0,2,7330.0,7374.0,21,7388.0,7344.0,7344.0,7344.0,31.0,227664.0,18859
2023-05-11 09:12:06,SF2305,SF2305,7344.0,0.0,0.0,0.0,2,7330.0,7374.0,35,7388.0,7344.0,7344.0,7344.0,31.0,227664.0,18859
2023-05-11 09:12:21,SF2305,SF2305,7344.0,0.0,0.0,0.0,2,7330.0,7372.0,10,7388.0,7344.0,7344.0,7344.0,31.0,227664.0,18859
2023-05-11 09:12:22,SF2305,SF2305,7344.0,0.0,0.0,0.0,2,7330.0,7372.0,18,7388.0,7344.0,7344.0,7344.0,31.0,227664.0,18859
2023-05-11 09:12:22,SF2305,SF2305,7344.0,0.0,0.0,0.0,2,7330.0,7372.0,35,7388.0,7344.0,7344.0,7344.0,31.0,227664.0,18859
2023-05-11 09:12:27,SF2305,SF2305,7344.0,0.0,0.0,0.0,2,7330.0,7372.0,29,7388.0,7344.0,7344.0,7344.0,31.0,227664.0,18859
2023-05-11 09:12:28,SF2305,SF2305,7344.0,0.0,0.0,0.0,2,7330.0,7374.0,35,7388.0,7344.0,7344.0,7344.0,31.0,227664.0,18859
2023-05-11 09:12:32,SF2305,SF2305,7344.0,0.0,0.0,0.0,2,7330.0,7370.0,11,7388.0,7344.0,7344.0,7344.0,31.0,227664.0,18859
2023-05-11 09:12:32,SF2305,SF2305,7344.0,0.0,0.0,0.0,2,7330.0,7370.0,35,7388.0,7344.0,7344.0,7344.0,31.0,227664.0,18859
2023-05-11 09:12:33,SF2305,SF2305,7344.0,0.0,0.0,0.0,2,7330.0,7372.0,35,7388.0,7344.0,7344.0,7344.0,31.0,227664.0,18859
2023-05-11 09:12:33,SF2305,SF2305,7344.0,0.0,0.0,0.0,2,7330.0,7372.0,30,7388.0,7344.0,7344.0,7344.0,31.0,227664.0,18859
2023-05-11 09:12:35,SF2305,SF2305,7344.0,0.0,0.0,0.0,2,7330.0,7372.0,31,7388.0,7344.0,7344.0,7344.0,31.0,227664.0,18859
2023-05-11 09:12:35,SF2305,SF2305,7344.0,0.0,0.0,0.0,2,7330.0,7370.0,1,7388.0,7344.0,7344.0,7344.0,31.0,227664.0,18859
2023-05-11 09:12:36,SF2305,SF2305,7344.0,0.0,0.0,0.0,2,7330.0,7370.0,3,7388.0,7344.0,7344.0,7344.0,31.0,227664.0,18859
2023-05-11 09:12:36,SF2305,SF2305,7344.0,0.0,0.0,0.0,2,7330.0,7368.0,17,7388.0,7344.0,7344.0,7344.0,31.0,227664.0,18859
2023-05-11 09:12:37,SF2305,SF2305,7344.0,0.0,0.0,0.0,2,7330.0,7368.0,26,7388.0,7344.0,7344.0,7344.0,31.0,227664.0,18859
2023-05-11 09:12:37,SF2305,SF2305,7344.0,0.0,0.0,0.0,2,7330.0,7368.0,34,7388.0,7344.0,7344.0,7344.0,31.0,227664.0,18859
2023-05-11 09:12:38,SF2305,SF2305,7344.0,0.0,0.0,0.0,2,7330.0,7368.0,35,7388.0,7344.0,7344.0,7344.0,31.0,227664.0,18859
2023-05-11 09:12:41,SF2305,SF2305,7344.0,0.0,0.0,0.0,2,7330.0,7368.0,33,7388.0,7344.0,7344.0,7344.0,31.0,227664.0,18859
2023-05-11 09:12:41,SF2305,SF2305,7344.0,0.0,0.0,0.0,2,7330.0,7368.0,35,7388.0,7344.0,7344.0,7344.0,31.0,227664.0,18859
2023-05-11 09:12:47,SF2305,SF2305,7344.0,0.0,0.0,0.0,2,7340.0,7368.0,35,7388.0,7344.0,7344.0,7344.0,31.0,227664.0,18859
2023-05-11 09:12:48,SF2305,SF2305,7344.0,0.0,0.0,0.0,2,7340.0,7366.0,1,7388.0,7344.0,7344.0,7344.0,31.0,227664.0,18859
2023-05-11 09:12:48,SF2305,SF2305,7344.0,0.0,0.0,0.0,2,7340.0,7366.0,5,7388.0,7344.0,7344.0,7344.0,31.0,227664.0,18859
2023-05-11 09:12:49,SF2305,SF2305,7344.0,0.0,0.0,0.0,2,7340.0,7368.0,35,7388.0,7344.0,7344.0,7344.0,31.0,227664.0,18859
2023-05-11 09:12:52,SF2305,SF2305,7344.0,0.0,0.0,0.0,2,7340.0,7366.0,8,7388.0,7344.0,7344.0,7344.0,31.0,227664.0,18859
2023-05-11 09:12:53,SF2305,SF2305,7344.0,0.0,0.0,0.0,2,7340.0,7366.0,12,7388.0,7344.0,7344.0,7344.0,31.0,227664.0,18859
2023-05-11 09:12:54,SF2305,SF2305,7344.0,0.0,0.0,0.0,2,7340.0,7366.0,11,7388.0,7344.0,7344.0,7344.0,31.0,227664.0,18859
2023-05-11 09:12:54,SF2305,SF2305,7344.0,0.0,0.0,0.0,2,7340.0,7366.0,15,7388.0,7344.0,7344.0,7344.0,31.0,227664.0,18859
2023-05-11 09:12:55,SF2305,SF2305,7344.0,0.0,0.0,0.0,2,7340.0,7366.0,14,7388.0,7344.0,7344.0,7344.0,31.0,227664.0,18859
2023-05-11 09:12:55,SF2305,SF2305,7344.0,0.0,0.0,0.0,2,7340.0,7366.0,12,7388.0,7344.0,7344.0,7344.0,31.0,227664.0,18859
2023-05-11 09:12:55,SF2305,SF2305,7344.0,0.0,0.0,0.0,2,7340.0,7366.0,9,7388.0,7344.0,7344.0,7344.0,31.0,227664.0,18859
2023-05-11 09:12:56,SF2305,SF2305,7344.0,0.0,0.0,0.0,2,7340.0,7368.0,35,7388.0,7344.0,7344.0,7344.0,31.0,227664.0,18859
2023-05-11 09:13:00,SF2305,SF2305,7344.0,0.0,0.0,0.0,2,7340.0,7366.0,8,7388.0,7344.0,7344.0,7344.0,31.0,227664.0,18859
2023-05-11 09:13:01,SF2305,SF2305,7344.0,0.0,0.0,0.0,2,7340.0,7368.0,35,7388.0,7344.0,7344.0,7344.0,31.0,227664.0,18859
2023-05-11 09:13:02,SF2305,SF2305,7344.0,0.0,0.0,0.0,2,7340.0,7366.0,6,7388.0,7344.0,7344.0,7344.0,31.0,227664.0,18859
2023-05-11 09:13:02,SF2305,SF2305,7344.0,0.0,0.0,0.0,2,7340.0,7366.0,35,7388.0,7344.0,7344.0,7344.0,31.0,227664.0,18859
2023-05-11 09:13:03,SF2305,SF2305,7344.0,0.0,0.0,0.0,2,7340.0,7364.0,32,7388.0,7344.0,7344.0,7344.0,31.0,227664.0,18859
2023-05-11 09:13:03,SF2305,SF2305,7344.0,0.0,0.0,0.0,2,7340.0,7364.0,35,7388.0,7344.0,7344.0,7344.0,31.0,227664.0,18859
2023-05-11 09:13:04,SF2305,SF2305,7344.0,0.0,0.0,0.0,2,7340.0,7362.0,11,7388.0,7344.0,7344.0,7344.0,31.0,227664.0,18859
2023-05-11 09:13:04,SF2305,SF2305,7344.0,0.0,0.0,0.0,2,7340.0,7362.0,18,7388.0,7344.0,7344.0,7344.0,31.0,227664.0,18859
2023-05-11 09:13:04,SF2305,SF2305,7344.0,0.0,0.0,0.0,2,7340.0,7362.0,24,7388.0,7344.0,7344.0,7344.0,31.0,227664.0,18859
2023-05-11 09:13:05,SF2305,SF2305,7344.0,0.0,0.0,0.0,2,7340.0,7362.0,23,7388.0,7344.0,7344.0,7344.0,31.0,227664.0,18859
2023-05-11 09:13:05,SF2305,SF2305,7344.0,0.0,0.0,0.0,2,7340.0,7362.0,25,7388.0,7344.0,7344.0,7344.0,31.0,227664.0,18859
2023-05-11 09:13:06,SF2305,SF2305,7344.0,0.0,0.0,0.0,2,7340.0,7362.0,12,7388.0,7344.0,7344.0,7344.0,31.0,227664.0,18859
2023-05-11 09:13:06,SF2305,SF2305,7344.0,0.0,0.0,0.0,2,7340.0,7364.0,35,7388.0,7344.0,7344.0,7344.0,31.0,227664.0,18859
2023-05-11 09:13:07,SF2305,SF2305,7344.0,0.0,0.0,0.0,2,7340.0,7362.0,5,7388.0,7344.0,7344.0,7344.0,31.0,227664.0,18859
2023-05-11 09:13:08,SF2305,SF2305,7344.0,0.0,0.0,0.0,2,7340.0,7362.0,4,7388.0,7344.0,7344.0,7344.0,31.0,227664.0,18859
2023-05-11 09:13:08,SF2305,SF2305,7344.0,0.0,0.0,0.0,2,7340.0,7364.0,35,7388.0,7344.0,7344.0,7344.0,31.0,227664.0,18859
2023-05-11 09:13:09,SF2305,SF2305,7344.0,0.0,0.0,0.0,2,7340.0,7362.0,35,7388.0,7344.0,7344.0,7344.0,31.0,227664.0,18859
2023-05-11 09:13:10,SF2305,SF2305,7344.0,0.0,0.0,0.0,2,7340.0,7362.0,29,7388.0,7344.0,7344.0,7344.0,31.0,227664.0,18859
2023-05-11 09:13:10,SF2305,SF2305,7344.0,0.0,0.0,0.0,2,7340.0,7362.0,35,7388.0,7344.0,7344.0,7344.0,31.0,227664.0,18859
2023-05-11 09:13:11,SF2305,SF2305,7344.0,0.0,0.0,0.0,2,7340.0,7362.0,32,7388.0,7344.0,7344.0,7344.0,31.0,227664.0,18859
2023-05-11 09:13:11,SF2305,SF2305,7344.0,0.0,0.0,0.0,2,7340.0,7362.0,35,7388.0,7344.0,7344.0,7344.0,31.0,227664.0,18859
2023-05-11 09:13:12,SF2305,SF2305,7344.0,0.0,0.0,0.0,2,7340.0,7362.0,29,7388.0,7344.0,7344.0,7344.0,31.0,227664.0,18859
2023-05-11 09:13:12,SF2305,SF2305,7344.0,0.0,0.0,0.0,2,7340.0,7362.0,32,7388.0,7344.0,7344.0,7344.0,31.0,227664.0,18859
2023-05-11 09:13:13,SF2305,SF2305,7344.0,0.0,0.0,0.0,2,7340.0,7362.0,35,7388.0,7344.0,7344.0,7344.0,31.0,227664.0,18859
2023-05-11 09:13:13,SF2305,SF2305,7344.0,0.0,0.0,0.0,2,7340.0,7362.0,33,7388.0,7344.0,7344.0,7344.0,31.0,227664.0,18859
2023-05-11 09:13:14,SF2305,SF2305,7344.0,0.0,0.0,0.0,2,7340.0,7362.0,35,7388.0,7344.0,7344.0,7344.0,31.0,227664.0,18859
2023-05-11 09:13:18,SF2305,SF2305,7344.0,0.0,0.0,0.0,2,7340.0,7360.0,8,7388.0,7344.0,7344.0,7344.0,31.0,227664.0,18859
2023-05-11 09:13:18,SF2305,SF2305,7344.0,0.0,0.0,0.0,2,7340.0,7360.0,24,7388.0,7344.0,7344.0,7344.0,31.0,227664.0,18859
2023-05-11 09:13:18,SF2305,SF2305,7344.0,0.0,0.0,0.0,2,7340.0,7360.0,35,7388.0,7344.0,7344.0,7344.0,31.0,227664.0,18859
2023-05-11 09:13:19,SF2305,SF2305,7344.0,0.0,0.0,0.0,2,7340.0,7358.0,35,7388.0,7344.0,7344.0,7344.0,31.0,227664.0,18859
2023-05-11 09:13:19,SF2305,SF2305,7344.0,0.0,0.0,0.0,2,7340.0,7360.0,35,7388.0,7344.0,7344.0,7344.0,31.0,227664.0,18859
2023-05-11 09:13:20,SF2305,SF2305,7344.0,0.0,0.0,0.0,2,7340.0,7358.0,3,7388.0,7344.0,7344.0,7344.0,31.0,227664.0,18859
2023-05-11 09:13:20,SF2305,SF2305,7344.0,0.0,0.0,0.0,2,7340.0,7358.0,17,7388.0,7344.0,7344.0,7344.0,31.0,227664.0,18859
2023-05-11 09:13:21,SF2305,SF2305,7344.0,0.0,0.0,0.0,2,7340.0,7358.0,26,7388.0,7344.0,7344.0,7344.0,31.0,227664.0,18859
2023-05-11 09:13:22,SF2305,SF2305,7344.0,0.0,0.0,0.0,2,7340.0,7358.0,19,7388.0,7344.0,7344.0,7344.0,31.0,227664.0,18859
2023-05-11 09:13:22,SF2305,SF2305,7344.0,0.0,0.0,0.0,2,7340.0,7358.0,15,7388.0,7344.0,7344.0,7344.0,31.0,227664.0,18859
2023-05-11 09:13:23,SF2305,SF2305,7344.0,0.0,0.0,0.0,2,7340.0,7358.0,20,7388.0,7344.0,7344.0,7344.0,31.0,227664.0,18859
2023-05-11 09:13:23,SF2305,SF2305,7344.0,0.0,0.0,0.0,2,7340.0,7358.0,23,7388.0,7344.0,7344.0,7344.0,31.0,227664.0,18859
2023-05-11 09:13:23,SF2305,SF2305,7344.0,0.0,0.0,0.0,2,7340.0,7358.0,35,7388.0,7344.0,7344.0,7344.0,31.0,227664.0,18859
2023-05-11 09:13:26,SF2305,SF2305,7344.0,0.0,0.0,0.0,2,7340.0,7356.0,2,7388.0,7344.0,7344.0,7344.0,31.0,227664.0,18859
2023-05-11 09:13:27,SF2305,SF2305,7344.0,0.0,0.0,0.0,2,7340.0,7356.0,4,7388.0,7344.0,7344.0,7344.0,31.0,227664.0,18859
2023-05-11 09:13:27,SF2305,SF2305,7344.0,0.0,0.0,0.0,2,7340.0,7358.0,35,7388.0,7344.0,7344.0,7344.0,31.0,227664.0,18859
2023-05-11 09:13:28,SF2305,SF2305,7344.0,0.0,0.0,0.0,2,7340.0,7358.0,31,7388.0,7344.0,7344.0,7344.0,31.0,227664.0,18859
2023-05-11 09:13:30,SF2305,SF2305,7344.0,0.0,0.0,0.0,2,7340.0,7358.0,27,7388.0,7344.0,7344.0,7344.0,31.0,227664.0,18859
2023-05-11 09:13:30,SF2305,SF2305,7344.0,0.0,0.0,0.0,2,7340.0,7358.0,35,7388.0,7344.0,7344.0,7344.0,31.0,227664.0,18859
2023-05-11 09:13:32,SF2305,SF2305,7344.0,0.0,0.0,0.0,2,7340.0,7356.0,1,7388.0,7344.0,7344.0,7344.0,31.0,227664.0,18859
2023-05-11 09:13:32,SF2305,SF2305,7344.0,0.0,0.0,0.0,2,7340.0,7358.0,35,7388.0,7344.0,7344.0,7344.0,31.0,227664.0,18859
2023-05-11 09:13:37,SF2305,SF2305,7344.0,0.0,0.0,0.0,2,7340.0,7358.0,32,7388.0,7344.0,7344.0,7344.0,31.0,227664.0,18859
2023-05-11 09:13:39,SF2305,SF2305,7344.0,0.0,0.0,0.0,2,7340.0,7358.0,33,7388.0,7344.0,7344.0,7344.0,31.0,227664.0,18859
2023-05-11 09:13:39,SF2305,SF2305,7344.0,0.0,0.0,0.0,2,7340.0,7358.0,35,7388.0,7344.0,7344.0,7344.0,31.0,227664.0,18859
2023-05-11 09:13:40,SF2305,SF2305,7344.0,0.0,0.0,0.0,2,7340.0,7358.0,29,7388.0,7344.0,7344.0,7344.0,31.0,227664.0,18859
2023-05-11 09:13:40,SF2305,SF2305,7344.0,0.0,0.0,0.0,2,7340.0,7360.0,35,7388.0,7344.0,7344.0,7344.0,31.0,227664.0,18859
2023-05-11 09:13:40,SF2305,SF2305,7344.0,0.0,0.0,0.0,2,7340.0,7358.0,4,7388.0,7344.0,7344.0,7344.0,31.0,227664.0,18859
2023-05-11 09:13:41,SF2305,SF2305,7344.0,0.0,0.0,0.0,2,7340.0,7360.0,35,7388.0,7344.0,7344.0,7344.0,31.0,227664.0,18859
2023-05-11 09:13:41,SF2305,SF2305,7344.0,0.0,0.0,0.0,2,7340.0,7358.0,19,7388.0,7344.0,7344.0,7344.0,31.0,227664.0,18859
2023-05-11 09:13:42,SF2305,SF2305,7344.0,0.0,0.0,0.0,2,7340.0,7356.0,22,7388.0,7344.0,7344.0,7344.0,31.0,227664.0,18859
2023-05-11 09:13:43,SF2305,SF2305,7344.0,0.0,0.0,0.0,2,7340.0,7356.0,29,7388.0,7344.0,7344.0,7344.0,31.0,227664.0,18859
2023-05-11 09:13:43,SF2305,SF2305,7344.0,0.0,0.0,0.0,2,7340.0,7356.0,35,7388.0,7344.0,7344.0,7344.0,31.0,227664.0,18859
2023-05-11 09:13:44,SF2305,SF2305,7344.0,0.0,0.0,0.0,2,7340.0,7352.0,3,7388.0,7344.0,7344.0,7344.0,31.0,227664.0,18859
2023-05-11 09:13:45,SF2305,SF2305,7344.0,0.0,0.0,0.0,2,7340.0,7352.0,32,7388.0,7344.0,7344.0,7344.0,31.0,227664.0,18859
2023-05-11 09:13:45,SF2305,SF2305,7344.0,0.0,0.0,0.0,2,7340.0,7352.0,35,7388.0,7344.0,7344.0,7344.0,31.0,227664.0,18859
2023-05-11 09:13:46,SF2305,SF2305,7344.0,0.0,0.0,0.0,2,7340.0,7352.0,34,7388.0,7344.0,7344.0,7344.0,31.0,227664.0,18859
2023-05-11 09:13:46,SF2305,SF2305,7344.0,0.0,0.0,0.0,2,7340.0,7352.0,6,7388.0,7344.0,7344.0,7344.0,31.0,227664.0,18859
2023-05-11 09:13:47,SF2305,SF2305,7344.0,0.0,0.0,0.0,2,7340.0,7352.0,21,7388.0,7344.0,7344.0,7344.0,31.0,227664.0,18859
2023-05-11 09:13:47,SF2305,SF2305,7344.0,0.0,0.0,0.0,2,7340.0,7350.0,2,7388.0,7344.0,7344.0,7344.0,31.0,227664.0,18859
2023-05-11 09:13:48,SF2305,SF2305,7344.0,0.0,0.0,0.0,2,7340.0,7352.0,31,7388.0,7344.0,7344.0,7344.0,31.0,227664.0,18859
2023-05-11 09:13:48,SF2305,SF2305,7344.0,0.0,0.0,0.0,2,7340.0,7354.0,35,7388.0,7344.0,7344.0,7344.0,31.0,227664.0,18859
2023-05-11 09:13:55,SF2305,SF2305,7344.0,0.0,0.0,0.0,2,7340.0,7352.0,1,7388.0,7344.0,7344.0,7344.0,31.0,227664.0,18859
2023-05-11 09:13:55,SF2305,SF2305,7344.0,0.0,0.0,0.0,2,7340.0,7354.0,35,7388.0,7344.0,7344.0,7344.0,31.0,227664.0,18859
2023-05-11 09:13:55,SF2305,SF2305,7344.0,0.0,0.0,0.0,2,7340.0,7354.0,33,7388.0,7344.0,7344.0,7344.0,31.0,227664.0,18859
2023-05-11 09:13:57,SF2305,SF2305,7344.0,0.0,0.0,0.0,2,7340.0,7354.0,31,7388.0,7344.0,7344.0,7344.0,31.0,227664.0,18859
2023-05-11 09:13:58,SF2305,SF2305,7344.0,0.0,0.0,0.0,2,7340.0,7354.0,29,7388.0,7344.0,7344.0,7344.0,31.0,227664.0,18859
2023-05-11 09:13:59,SF2305,SF2305,7344.0,0.0,0.0,0.0,2,7340.0,7354.0,35,7388.0,7344.0,7344.0,7344.0,31.0,227664.0,18859
2023-05-11 09:14:00,SF2305,SF2305,7344.0,0.0,0.0,0.0,2,7340.0,7356.0,35,7388.0,7344.0,7344.0,7344.0,31.0,227664.0,18859
2023-05-11 09:14:05,SF2305,SF2305,7344.0,0.0,0.0,0.0,2,7340.0,7356.0,28,7388.0,7344.0,7344.0,7344.0,31.0,227664.0,18859
2023-05-11 09:14:06,SF2305,SF2305,7344.0,0.0,0.0,0.0,2,7340.0,7356.0,35,7388.0,7344.0,7344.0,7344.0,31.0,227664.0,18859
2023-05-11 09:14:06,SF2305,SF2305,7344.0,0.0,0.0,0.0,2,7340.0,7354.0,27,7388.0,7344.0,7344.0,7344.0,31.0,227664.0,18859
2023-05-11 09:14:07,SF2305,SF2305,7344.0,0.0,0.0,0.0,2,7340.0,7354.0,32,7388.0,7344.0,7344.0,7344.0,31.0,227664.0,18859
2023-05-11 09:14:07,SF2305,SF2305,7344.0,0.0,0.0,0.0,2,7340.0,7354.0,35,7388.0,7344.0,7344.0,7344.0,31.0,227664.0,18859
2023-05-11 09:14:08,SF2305,SF2305,7344.0,0.0,0.0,0.0,2,7340.0,7352.0,35,7388.0,7344.0,7344.0,7344.0,31.0,227664.0,18859
2023-05-11 09:14:08,SF2305,SF2305,7344.0,0.0,0.0,0.0,2,7340.0,7350.0,35,7388.0,7344.0,7344.0,7344.0,31.0,227664.0,18859
2023-05-11 09:14:09,SF2305,SF2305,7344.0,0.0,0.0,0.0,2,7340.0,7348.0,6,7388.0,7344.0,7344.0,7344.0,31.0,227664.0,18859
2023-05-11 09:14:09,SF2305,SF2305,7344.0,0.0,0.0,0.0,2,7340.0,7346.0,3,7388.0,7344.0,7344.0,7344.0,31.0,227664.0,18859
2023-05-11 09:14:09,SF2305,SF2305,7344.0,0.0,0.0,0.0,2,7340.0,7348.0,35,7388.0,7344.0,7344.0,7344.0,31.0,227664.0,18859
2023-05-11 09:14:10,SF2305,SF2305,7344.0,0.0,0.0,0.0,2,7340.0,7346.0,13,7388.0,7344.0,7344.0,7344.0,31.0,227664.0,18859
2023-05-11 09:14:11,SF2305,SF2305,7344.0,0.0,0.0,0.0,2,7340.0,7348.0,27,7388.0,7344.0,7344.0,7344.0,31.0,227664.0,18859
2023-05-11 09:14:11,SF2305,SF2305,7344.0,0.0,0.0,0.0,2,7340.0,7350.0,35,7388.0,7344.0,7344.0,7344.0,31.0,227664.0,18859
2023-05-11 09:14:12,SF2305,SF2305,7344.0,0.0,0.0,0.0,2,7340.0,7350.0,28,7388.0,7344.0,7344.0,7344.0,31.0,227664.0,18859
2023-05-11 09:14:13,SF2305,SF2305,7344.0,0.0,0.0,0.0,2,7340.0,7350.0,27,7388.0,7344.0,7344.0,7344.0,31.0,227664.0,18859
2023-05-11 09:14:13,SF2305,SF2305,7344.0,0.0,0.0,0.0,2,7340.0,7350.0,21,7388.0,7344.0,7344.0,7344.0,31.0,227664.0,18859
2023-05-11 09:14:13,SF2305,SF2305,7344.0,0.0,0.0,0.0,2,7340.0,7352.0,35,7388.0,7344.0,7344.0,7344.0,31.0,227664.0,18859
2023-05-11 09:14:14,SF2305,SF2305,7344.0,0.0,0.0,0.0,2,7340.0,7350.0,8,7388.0,7344.0,7344.0,7344.0,31.0,227664.0,18859
2023-05-11 09:14:15,SF2305,SF2305,7344.0,0.0,0.0,0.0,2,7340.0,7350.0,13,7388.0,7344.0,7344.0,7344.0,31.0,227664.0,18859
2023-05-11 09:14:15,SF2305,SF2305,7344.0,0.0,0.0,0.0,2,7340.0,7350.0,12,7388.0,7344.0,7344.0,7344.0,31.0,227664.0,18859
2023-05-11 09:14:16,SF2305,SF2305,7344.0,0.0,0.0,0.0,2,7340.0,7350.0,4,7388.0,7344.0,7344.0,7344.0,31.0,227664.0,18859
2023-05-11 09:14:17,SF2305,SF2305,7344.0,0.0,0.0,0.0,2,7340.0,7352.0,35,7388.0,7344.0,7344.0,7344.0,31.0,227664.0,18859
2023-05-11 09:14:17,SF2305,SF2305,7344.0,0.0,0.0,0.0,2,7340.0,7350.0,1,7388.0,7344.0,7344.0,7344.0,31.0,227664.0,18859
2023-05-11 09:14:18,SF2305,SF2305,7344.0,0.0,0.0,0.0,2,7340.0,7352.0,35,7388.0,7344.0,7344.0,7344.0,31.0,227664.0,18859
2023-05-11 09:14:19,SF2305,SF2305,7344.0,0.0,0.0,0.0,2,7340.0,7350.0,1,7388.0,7344.0,7344.0,7344.0,31.0,227664.0,18859
2023-05-11 09:14:19,SF2305,SF2305,7344.0,0.0,0.0,0.0,2,7340.0,7352.0,35,7388.0,7344.0,7344.0,7344.0,31.0,227664.0,18859
2023-05-11 09:14:20,SF2305,SF2305,7344.0,0.0,0.0,0.0,2,7340.0,7350.0,6,7388.0,7344.0,7344.0,7344.0,31.0,227664.0,18859
2023-05-11 09:14:21,SF2305,SF2305,7344.0,0.0,0.0,0.0,2,7340.0,7350.0,4,7388.0,7344.0,7344.0,7344.0,31.0,227664.0,18859
2023-05-11 09:14:21,SF2305,SF2305,7344.0,0.0,0.0,0.0,2,7340.0,7350.0,3,7388.0,7344.0,7344.0,7344.0,31.0,227664.0,18859
2023-05-11 09:14:22,SF2305,SF2305,7344.0,0.0,0.0,0.0,2,7340.0,7350.0,8,7388.0,7344.0,7344.0,7344.0,31.0,227664.0,18859
2023-05-11 09:14:22,SF2305,SF2305,7344.0,0.0,0.0,0.0,2,7340.0,7350.0,12,7388.0,7344.0,7344.0,7344.0,31.0,227664.0,18859
2023-05-11 09:14:23,SF2305,SF2305,7344.0,0.0,0.0,0.0,2,7340.0,7350.0,26,7388.0,7344.0,7344.0,7344.0,31.0,227664.0,18859
2023-05-11 09:14:23,SF2305,SF2305,7344.0,0.0,0.0,0.0,2,7340.0,7350.0,33,7388.0,7344.0,7344.0,7344.0,31.0,227664.0,18859
2023-05-11 09:14:23,SF2305,SF2305,7344.0,0.0,0.0,0.0,2,7340.0,7350.0,34,7388.0,7344.0,7344.0,7344.0,31.0,227664.0,18859
2023-05-11 09:14:24,SF2305,SF2305,7344.0,0.0,0.0,0.0,2,7340.0,7350.0,35,7388.0,7344.0,7344.0,7344.0,31.0,227664.0,18859
2023-05-11 09:14:24,SF2305,SF2305,7344.0,0.0,0.0,0.0,2,7340.0,7350.0,33,7388.0,7344.0,7344.0,7344.0,31.0,227664.0,18859
2023-05-11 09:14:25,SF2305,SF2305,7344.0,0.0,0.0,0.0,2,7340.0,7350.0,29,7388.0,7344.0,7344.0,7344.0,31.0,227664.0,18859
2023-05-11 09:14:26,SF2305,SF2305,7344.0,0.0,0.0,0.0,2,7340.0,7350.0,26,7388.0,7344.0,7344.0,7344.0,31.0,227664.0,18859
2023-05-11 09:14:27,SF2305,SF2305,7344.0,0.0,0.0,0.0,2,7340.0,7350.0,28,7388.0,7344.0,7344.0,7344.0,31.0,227664.0,18859
2023-05-11 09:14:27,SF2305,SF2305,7344.0,0.0,0.0,0.0,2,7340.0,7350.0,27,7388.0,7344.0,7344.0,7344.0,31.0,227664.0,18859
2023-05-11 09:14:28,SF2305,SF2305,7344.0,0.0,0.0,0.0,2,7340.0,7350.0,23,7388.0,7344.0,7344.0,7344.0,31.0,227664.0,18859
2023-05-11 09:14:28,SF2305,SF2305,7344.0,0.0,0.0,0.0,2,7340.0,7350.0,30,7388.0,7344.0,7344.0,7344.0,31.0,227664.0,18859
2023-05-11 09:14:29,SF2305,SF2305,7344.0,0.0,0.0,0.0,2,7340.0,7350.0,26,7388.0,7344.0,7344.0,7344.0,31.0,227664.0,18859
2023-05-11 09:14:29,SF2305,SF2305,7344.0,0.0,0.0,0.0,2,7340.0,7350.0,35,7388.0,7344.0,7344.0,7344.0,31.0,227664.0,18859
2023-05-11 09:14:30,SF2305,SF2305,7344.0,0.0,0.0,0.0,2,7340.0,7350.0,12,7388.0,7344.0,7344.0,7344.0,31.0,227664.0,18859
2023-05-11 09:14:30,SF2305,SF2305,7344.0,0.0,0.0,0.0,2,7340.0,7350.0,16,7388.0,7344.0,7344.0,7344.0,31.0,227664.0,18859
2023-05-11 09:14:31,SF2305,SF2305,7344.0,0.0,0.0,0.0,2,7340.0,7350.0,22,7388.0,7344.0,7344.0,7344.0,31.0,227664.0,18859
2023-05-11 09:14:31,SF2305,SF2305,7344.0,0.0,0.0,0.0,2,7340.0,7350.0,23,7388.0,7344.0,7344.0,7344.0,31.0,227664.0,18859
2023-05-11 09:14:32,SF2305,SF2305,7344.0,0.0,0.0,0.0,2,7340.0,7350.0,19,7388.0,7344.0,7344.0,7344.0,31.0,227664.0,18859
2023-05-11 09:14:34,SF2305,SF2305,7344.0,0.0,0.0,0.0,2,7340.0,7350.0,20,7388.0,7344.0,7344.0,7344.0,31.0,227664.0,18859
2023-05-11 09:14:35,SF2305,SF2305,7344.0,0.0,0.0,0.0,2,7340.0,7350.0,18,7388.0,7344.0,7344.0,7344.0,31.0,227664.0,18859
2023-05-11 09:14:35,SF2305,SF2305,7344.0,0.0,0.0,0.0,2,7340.0,7350.0,22,7388.0,7344.0,7344.0,7344.0,31.0,227664.0,18859
2023-05-11 09:14:36,SF2305,SF2305,7344.0,0.0,0.0,0.0,2,7340.0,7350.0,24,7388.0,7344.0,7344.0,7344.0,31.0,227664.0,18859
2023-05-11 09:14:38,SF2305,SF2305,7344.0,0.0,0.0,0.0,2,7340.0,7350.0,25,7388.0,7344.0,7344.0,7344.0,31.0,227664.0,18859
2023-05-11 09:14:39,SF2305,SF2305,7344.0,0.0,0.0,0.0,2,7340.0,7348.0,4,7388.0,7344.0,7344.0,7344.0,31.0,227664.0,18859
2023-05-11 09:14:40,SF2305,SF2305,7344.0,0.0,0.0,0.0,2,7340.0,7350.0,35,7388.0,7344.0,7344.0,7344.0,31.0,227664.0,18859
2023-05-11 09:14:40,SF2305,SF2305,7344.0,0.0,0.0,0.0,2,7340.0,7348.0,2,7388.0,7344.0,7344.0,7344.0,31.0,227664.0,18859
2023-05-11 09:14:41,SF2305,SF2305,7344.0,0.0,0.0,0.0,2,7340.0,7348.0,8,7388.0,7344.0,7344.0,7344.0,31.0,227664.0,18859
2023-05-11 09:14:42,SF2305,SF2305,7344.0,0.0,0.0,0.0,2,7340.0,7348.0,9,7388.0,7344.0,7344.0,7344.0,31.0,227664.0,18859
2023-05-11 09:14:43,SF2305,SF2305,7344.0,0.0,0.0,0.0,2,7340.0,7348.0,8,7388.0,7344.0,7344.0,7344.0,31.0,227664.0,18859
2023-05-11 09:14:43,SF2305,SF2305,7344.0,0.0,0.0,0.0,2,7340.0,7348.0,11,7388.0,7344.0,7344.0,7344.0,31.0,227664.0,18859
2023-05-11 09:14:44,SF2305,SF2305,7344.0,0.0,0.0,0.0,2,7340.0,7348.0,35,7388.0,7344.0,7344.0,7344.0,31.0,227664.0,18859
2023-05-11 09:14:45,SF2305,SF2305,7344.0,0.0,0.0,0.0,2,7340.0,7348.0,14,7388.0,7344.0,7344.0,7344.0,31.0,227664.0,18859
2023-05-11 09:14:45,SF2305,SF2305,7344.0,0.0,0.0,0.0,2,7340.0,7348.0,30,7388.0,7344.0,7344.0,7344.0,31.0,227664.0,18859
2023-05-11 09:14:46,SF2305,SF2305,7344.0,0.0,0.0,0.0,2,7340.0,7348.0,31,7388.0,7344.0,7344.0,7344.0,31.0,227664.0,18859
2023-05-11 09:14:47,SF2305,SF2305,7344.0,0.0,0.0,0.0,2,7340.0,7348.0,30,7388.0,7344.0,7344.0,7344.0,31.0,227664.0,18859
2023-05-11 09:14:48,SF2305,SF2305,7344.0,0.0,0.0,0.0,2,7340.0,7348.0,29,7388.0,7344.0,7344.0,7344.0,31.0,227664.0,18859
2023-05-11 09:14:49,SF2305,SF2305,7344.0,0.0,0.0,0.0,2,7340.0,7348.0,35,7388.0,7344.0,7344.0,7344.0,31.0,227664.0,18859
2023-05-11 09:14:56,SF2305,SF2305,7344.0,0.0,0.0,0.0,2,7340.0,7352.0,35,7388.0,7344.0,7344.0,7344.0,31.0,227664.0,18859
2023-05-11 09:14:57,SF2305,SF2305,7344.0,0.0,0.0,0.0,2,7340.0,7350.0,11,7388.0,7344.0,7344.0,7344.0,31.0,227664.0,18859
2023-05-11 09:14:57,SF2305,SF2305,7344.0,0.0,0.0,0.0,2,7340.0,7350.0,14,7388.0,7344.0,7344.0,7344.0,31.0,227664.0,18859
2023-05-11 09:14:58,SF2305,SF2305,7344.0,0.0,0.0,0.0,2,7340.0,7350.0,19,7388.0,7344.0,7344.0,7344.0,31.0,227664.0,18859
2023-05-11 09:14:59,SF2305,SF2305,7344.0,0.0,0.0,0.0,2,7340.0,7350.0,12,7388.0,7344.0,7344.0,7344.0,31.0,227664.0,18859
2023-05-11 09:14:59,SF2305,SF2305,7344.0,0.0,0.0,0.0,2,7340.0,7350.0,2,7388.0,7344.0,7344.0,7344.0,31.0,227664.0,18859
2023-05-11 09:14:59,SF2305,SF2305,7344.0,0.0,0.0,0.0,2,7340.0,7352.0,35,7388.0,7344.0,7344.0,7344.0,31.0,227664.0,18859
2023-05-11 09:15:00,SF2305,SF2305,7344.0,0.0,0.0,0.0,2,7340.0,7350.0,26,7388.0,7344.0,7344.0,7344.0,31.0,227664.0,18859
2023-05-11 09:15:00,SF2305,SF2305,7344.0,0.0,0.0,0.0,2,7340.0,7350.0,35,7388.0,7344.0,7344.0,7344.0,31.0,227664.0,18859
2023-05-11 09:15:07,SF2305,SF2305,7344.0,0.0,0.0,0.0,2,7340.0,7352.0,35,7388.0,7344.0,7344.0,7344.0,31.0,227664.0,18859
2023-05-11 09:15:09,SF2305,SF2305,7344.0,0.0,0.0,0.0,2,7340.0,7354.0,35,7388.0,7344.0,7344.0,7344.0,31.0,227664.0,18859
2023-05-11 09:15:16,SF2305,SF2305,7344.0,0.0,0.0,0.0,2,7340.0,7352.0,6,7388.0,7344.0,7344.0,7344.0,31.0,227664.0,18859
2023-05-11 09:15:17,SF2305,SF2305,7344.0,0.0,0.0,0.0,2,7340.0,7352.0,13,7388.0,7344.0,7344.0,7344.0,31.0,227664.0,18859
2023-05-11 09:15:18,SF2305,SF2305,7344.0,0.0,0.0,0.0,2,7340.0,7352.0,1,7388.0,7344.0,7344.0,7344.0,31.0,227664.0,18859
2023-05-11 09:15:18,SF2305,SF2305,7344.0,0.0,0.0,0.0,2,7340.0,7354.0,35,7388.0,7344.0,7344.0,7344.0,31.0,227664.0,18859
2023-05-11 09:15:22,SF2305,SF2305,7344.0,0.0,0.0,0.0,2,7340.0,7352.0,30,7388.0,7344.0,7344.0,7344.0,31.0,227664.0,18859
2023-05-11 09:15:22,SF2305,SF2305,7344.0,0.0,0.0,0.0,2,7340.0,7352.0,35,7388.0,7344.0,7344.0,7344.0,31.0,227664.0,18859
2023-05-11 09:15:23,SF2305,SF2305,7344.0,0.0,0.0,0.0,2,7340.0,7350.0,4,7388.0,7344.0,7344.0,7344.0,31.0,227664.0,18859
2023-05-11 09:15:23,SF2305,SF2305,7344.0,0.0,0.0,0.0,2,7340.0,7352.0,35,7388.0,7344.0,7344.0,7344.0,31.0,227664.0,18859
2023-05-11 09:15:31,SF2305,SF2305,7344.0,0.0,0.0,0.0,2,7340.0,7354.0,35,7388.0,7344.0,7344.0,7344.0,31.0,227664.0,18859
2023-05-11 09:15:35,SF2305,SF2305,7344.0,0.0,0.0,0.0,2,7340.0,7356.0,35,7388.0,7344.0,7344.0,7344.0,31.0,227664.0,18859
2023-05-11 09:15:40,SF2305,SF2305,7344.0,0.0,0.0,0.0,2,7340.0,7358.0,35,7388.0,7344.0,7344.0,7344.0,31.0,227664.0,18859
2023-05-11 09:15:45,SF2305,SF2305,7344.0,0.0,0.0,0.0,2,7340.0,7358.0,11,7388.0,7344.0,7344.0,7344.0,31.0,227664.0,18859
2023-05-11 09:15:46,SF2305,SF2305,7344.0,0.0,0.0,0.0,2,7340.0,7360.0,35,7388.0,7344.0,7344.0,7344.0,31.0,227664.0,18859
2023-05-11 09:15:46,SF2305,SF2305,7344.0,0.0,0.0,0.0,2,7340.0,7360.0,25,7388.0,7344.0,7344.0,7344.0,31.0,227664.0,18859
2023-05-11 09:15:47,SF2305,SF2305,7344.0,0.0,0.0,0.0,2,7340.0,7360.0,27,7388.0,7344.0,7344.0,7344.0,31.0,227664.0,18859
2023-05-11 09:15:48,SF2305,SF2305,7344.0,0.0,0.0,0.0,2,7340.0,7360.0,17,7388.0,7344.0,7344.0,7344.0,31.0,227664.0,18859
2023-05-11 09:15:48,SF2305,SF2305,7344.0,0.0,0.0,0.0,2,7340.0,7362.0,35,7388.0,7344.0,7344.0,7344.0,31.0,227664.0,18859
2023-05-11 09:15:50,SF2305,SF2305,7344.0,0.0,0.0,0.0,2,7340.0,7364.0,35,7388.0,7344.0,7344.0,7344.0,31.0,227664.0,18859
2023-05-11 09:15:57,SF2305,SF2305,7344.0,0.0,0.0,0.0,2,7340.0,7362.0,18,7388.0,7344.0,7344.0,7344.0,31.0,227664.0,18859
2023-05-11 09:15:57,SF2305,SF2305,7344.0,0.0,0.0,0.0,2,7340.0,7362.0,20,7388.0,7344.0,7344.0,7344.0,31.0,227664.0,18859
2023-05-11 09:15:57,SF2305,SF2305,7344.0,0.0,0.0,0.0,2,7340.0,7362.0,13,7388.0,7344.0,7344.0,7344.0,31.0,227664.0,18859
2023-05-11 09:15:58,SF2305,SF2305,7344.0,0.0,0.0,0.0,2,7340.0,7362.0,16,7388.0,7344.0,7344.0,7344.0,31.0,227664.0,18859
2023-05-11 09:15:58,SF2305,SF2305,7344.0,0.0,0.0,0.0,2,7340.0,7362.0,15,7388.0,7344.0,7344.0,7344.0,31.0,227664.0,18859
2023-05-11 09:16:00,SF2305,SF2305,7344.0,0.0,0.0,0.0,2,7340.0,7362.0,16,7388.0,7344.0,7344.0,7344.0,31.0,227664.0,18859
2023-05-11 09:16:01,SF2305,SF2305,7344.0,0.0,0.0,0.0,2,7340.0,7362.0,19,7388.0,7344.0,7344.0,7344.0,31.0,227664.0,18859
2023-05-11 09:16:02,SF2305,SF2305,7344.0,0.0,0.0,0.0,2,7340.0,7364.0,35,7388.0,7344.0,7344.0,7344.0,31.0,227664.0,18859
2023-05-11 09:16:03,SF2305,SF2305,7344.0,0.0,0.0,0.0,2,7340.0,7366.0,35,7388.0,7344.0,7344.0,7344.0,31.0,227664.0,18859
2023-05-11 09:16:05,SF2305,SF2305,7344.0,0.0,0.0,0.0,2,7340.0,7364.0,2,7388.0,7344.0,7344.0,7344.0,31.0,227664.0,18859
2023-05-11 09:16:05,SF2305,SF2305,7344.0,0.0,0.0,0.0,2,7340.0,7366.0,35,7388.0,7344.0,7344.0,7344.0,31.0,227664.0,18859
2023-05-11 09:16:13,SF2305,SF2305,7344.0,0.0,0.0,0.0,2,7340.0,7368.0,35,7388.0,7344.0,7344.0,7344.0,31.0,227664.0,18859
2023-05-11 09:16:14,SF2305,SF2305,7344.0,0.0,0.0,0.0,2,7340.0,7368.0,21,7388.0,7344.0,7344.0,7344.0,31.0,227664.0,18859
2023-05-11 09:16:14,SF2305,SF2305,7344.0,0.0,0.0,0.0,2,7340.0,7368.0,5,7388.0,7344.0,7344.0,7344.0,31.0,227664.0,18859
2023-05-11 09:16:14,SF2305,SF2305,7344.0,0.0,0.0,0.0,2,7340.0,7370.0,35,7388.0,7344.0,7344.0,7344.0,31.0,227664.0,18859
2023-05-11 09:16:17,SF2305,SF2305,7344.0,0.0,0.0,0.0,2,7340.0,7370.0,30,7388.0,7344.0,7344.0,7344.0,31.0,227664.0,18859
2023-05-11 09:16:18,SF2305,SF2305,7344.0,0.0,0.0,0.0,2,7340.0,7370.0,21,7388.0,7344.0,7344.0,7344.0,31.0,227664.0,18859
2023-05-11 09:16:18,SF2305,SF2305,7344.0,0.0,0.0,0.0,2,7340.0,7370.0,23,7388.0,7344.0,7344.0,7344.0,31.0,227664.0,18859
2023-05-11 09:16:18,SF2305,SF2305,7344.0,0.0,0.0,0.0,2,7340.0,7370.0,21,7388.0,7344.0,7344.0,7344.0,31.0,227664.0,18859
2023-05-11 09:16:20,SF2305,SF2305,7344.0,0.0,0.0,0.0,2,7340.0,7370.0,12,7388.0,7344.0,7344.0,7344.0,31.0,227664.0,18859
2023-05-11 09:16:21,SF2305,SF2305,7344.0,0.0,0.0,0.0,2,7340.0,7370.0,10,7388.0,7344.0,7344.0,7344.0,31.0,227664.0,18859
2023-05-11 09:16:21,SF2305,SF2305,7344.0,0.0,0.0,0.0,2,7340.0,7370.0,13,7388.0,7344.0,7344.0,7344.0,31.0,227664.0,18859
2023-05-11 09:16:23,SF2305,SF2305,7344.0,0.0,0.0,0.0,2,7340.0,7370.0,19,7388.0,7344.0,7344.0,7344.0,31.0,227664.0,18859
2023-05-11 09:16:23,SF2305,SF2305,7344.0,0.0,0.0,0.0,2,7340.0,7370.0,23,7388.0,7344.0,7344.0,7344.0,31.0,227664.0,18859
2023-05-11 09:16:23,SF2305,SF2305,7344.0,0.0,0.0,0.0,2,7340.0,7368.0,4,7388.0,7344.0,7344.0,7344.0,31.0,227664.0,18859
2023-05-11 09:16:24,SF2305,SF2305,7344.0,0.0,0.0,0.0,2,7340.0,7368.0,6,7388.0,7344.0,7344.0,7344.0,31.0,227664.0,18859
2023-05-11 09:16:24,SF2305,SF2305,7344.0,0.0,0.0,0.0,2,7340.0,7368.0,8,7388.0,7344.0,7344.0,7344.0,31.0,227664.0,18859
2023-05-11 09:16:25,SF2305,SF2305,7344.0,0.0,0.0,0.0,2,7340.0,7368.0,7,7388.0,7344.0,7344.0,7344.0,31.0,227664.0,18859
2023-05-11 09:16:26,SF2305,SF2305,7344.0,0.0,0.0,0.0,2,7340.0,7368.0,9,7388.0,7344.0,7344.0,7344.0,31.0,227664.0,18859
2023-05-11 09:16:27,SF2305,SF2305,7344.0,0.0,0.0,0.0,2,7340.0,7368.0,12,7388.0,7344.0,7344.0,7344.0,31.0,227664.0,18859
2023-05-11 09:16:27,SF2305,SF2305,7344.0,0.0,0.0,0.0,2,7340.0,7370.0,35,7388.0,7344.0,7344.0,7344.0,31.0,227664.0,18859
2023-05-11 09:16:28,SF2305,SF2305,7344.0,0.0,0.0,0.0,2,7340.0,7370.0,28,7388.0,7344.0,7344.0,7344.0,31.0,227664.0,18859
2023-05-11 09:16:28,SF2305,SF2305,7344.0,0.0,0.0,0.0,2,7340.0,7370.0,14,7388.0,7344.0,7344.0,7344.0,31.0,227664.0,18859
2023-05-11 09:16:30,SF2305,SF2305,7344.0,0.0,0.0,0.0,2,7340.0,7370.0,5,7388.0,7344.0,7344.0,7344.0,31.0,227664.0,18859
2023-05-11 09:16:31,SF2305,SF2305,7344.0,0.0,0.0,0.0,2,7340.0,7370.0,1,7388.0,7344.0,7344.0,7344.0,31.0,227664.0,18859
2023-05-11 09:16:32,SF2305,SF2305,7344.0,0.0,0.0,0.0,2,7340.0,7370.0,2,7388.0,7344.0,7344.0,7344.0,31.0,227664.0,18859
2023-05-11 09:16:32,SF2305,SF2305,7344.0,0.0,0.0,0.0,2,7340.0,7370.0,9,7388.0,7344.0,7344.0,7344.0,31.0,227664.0,18859
2023-05-11 09:16:33,SF2305,SF2305,7344.0,0.0,0.0,0.0,2,7340.0,7370.0,13,7388.0,7344.0,7344.0,7344.0,31.0,227664.0,18859
2023-05-11 09:16:33,SF2305,SF2305,7344.0,0.0,0.0,0.0,2,7340.0,7370.0,4,7388.0,7344.0,7344.0,7344.0,31.0,227664.0,18859
2023-05-11 09:16:34,SF2305,SF2305,7344.0,0.0,0.0,0.0,2,7340.0,7370.0,1,7388.0,7344.0,7344.0,7344.0,31.0,227664.0,18859
2023-05-11 09:16:34,SF2305,SF2305,7344.0,0.0,0.0,0.0,2,7340.0,7370.0,2,7388.0,7344.0,7344.0,7344.0,31.0,227664.0,18859
2023-05-11 09:16:35,SF2305,SF2305,7344.0,0.0,0.0,0.0,2,7340.0,7372.0,35,7388.0,7344.0,7344.0,7344.0,31.0,227664.0,18859
2023-05-11 09:16:36,SF2305,SF2305,7344.0,0.0,0.0,0.0,2,7340.0,7370.0,4,7388.0,7344.0,7344.0,7344.0,31.0,227664.0,18859
2023-05-11 09:16:37,SF2305,SF2305,7344.0,0.0,0.0,0.0,2,7340.0,7372.0,35,7388.0,7344.0,7344.0,7344.0,31.0,227664.0,18859
2023-05-11 09:16:42,SF2305,SF2305,7344.0,0.0,0.0,0.0,2,7340.0,7374.0,35,7388.0,7344.0,7344.0,7344.0,31.0,227664.0,18859
2023-05-11 09:16:46,SF2305,SF2305,7344.0,0.0,0.0,0.0,2,7340.0,7374.0,33,7388.0,7344.0,7344.0,7344.0,31.0,227664.0,18859
2023-05-11 09:16:47,SF2305,SF2305,7344.0,0.0,0.0,0.0,2,7340.0,7374.0,31,7388.0,7344.0,7344.0,7344.0,31.0,227664.0,18859
2023-05-11 09:16:47,SF2305,SF2305,7344.0,0.0,0.0,0.0,2,7340.0,7374.0,33,7388.0,7344.0,7344.0,7344.0,31.0,227664.0,18859
2023-05-11 09:16:49,SF2305,SF2305,7344.0,0.0,0.0,0.0,2,7340.0,7374.0,35,7388.0,7344.0,7344.0,7344.0,31.0,227664.0,18859
2023-05-11 09:16:51,SF2305,SF2305,7344.0,0.0,0.0,0.0,2,7340.0,7372.0,25,7388.0,7344.0,7344.0,7344.0,31.0,227664.0,18859
2023-05-11 09:16:52,SF2305,SF2305,7344.0,0.0,0.0,0.0,2,7340.0,7372.0,18,7388.0,7344.0,7344.0,7344.0,31.0,227664.0,18859
2023-05-11 09:16:52,SF2305,SF2305,7344.0,0.0,0.0,0.0,2,7340.0,7372.0,6,7388.0,7344.0,7344.0,7344.0,31.0,227664.0,18859
2023-05-11 09:16:53,SF2305,SF2305,7344.0,0.0,0.0,0.0,2,7340.0,7374.0,35,7388.0,7344.0,7344.0,7344.0,31.0,227664.0,18859
2023-05-11 09:16:53,SF2305,SF2305,7344.0,0.0,0.0,0.0,2,7340.0,7372.0,3,7388.0,7344.0,7344.0,7344.0,31.0,227664.0,18859
2023-05-11 09:16:53,SF2305,SF2305,7344.0,0.0,0.0,0.0,2,7340.0,7374.0,35,7388.0,7344.0,7344.0,7344.0,31.0,227664.0,18859
2023-05-11 09:16:54,SF2305,SF2305,7344.0,0.0,0.0,0.0,2,7340.0,7374.0,24,7388.0,7344.0,7344.0,7344.0,31.0,227664.0,18859
2023-05-11 09:16:54,SF2305,SF2305,7344.0,0.0,0.0,0.0,2,7340.0,7374.0,23,7388.0,7344.0,7344.0,7344.0,31.0,227664.0,18859
2023-05-11 09:16:55,SF2305,SF2305,7344.0,0.0,0.0,0.0,2,7340.0,7374.0,19,7388.0,7344.0,7344.0,7344.0,31.0,227664.0,18859
2023-05-11 09:16:57,SF2305,SF2305,7344.0,0.0,0.0,0.0,2,7340.0,7374.0,6,7388.0,7344.0,7344.0,7344.0,31.0,227664.0,18859
2023-05-11 09:16:57,SF2305,SF2305,7344.0,0.0,0.0,0.0,2,7340.0,7374.0,14,7388.0,7344.0,7344.0,7344.0,31.0,227664.0,18859
2023-05-11 09:16:57,SF2305,SF2305,7344.0,0.0,0.0,0.0,2,7340.0,7374.0,5,7388.0,7344.0,7344.0,7344.0,31.0,227664.0,18859
2023-05-11 09:16:58,SF2305,SF2305,7344.0,0.0,0.0,0.0,2,7340.0,7374.0,7,7388.0,7344.0,7344.0,7344.0,31.0,227664.0,18859
2023-05-11 09:17:00,SF2305,SF2305,7344.0,0.0,0.0,0.0,2,7340.0,7376.0,35,7388.0,7344.0,7344.0,7344.0,31.0,227664.0,18859
2023-05-11 09:17:00,SF2305,SF2305,7344.0,0.0,0.0,0.0,2,7340.0,7376.0,11,7388.0,7344.0,7344.0,7344.0,31.0,227664.0,18859
2023-05-11 09:17:01,SF2305,SF2305,7344.0,0.0,0.0,0.0,2,7340.0,7378.0,35,7388.0,7344.0,7344.0,7344.0,31.0,227664.0,18859
2023-05-11 09:17:01,SF2305,SF2305,7344.0,0.0,0.0,0.0,2,7340.0,7378.0,15,7388.0,7344.0,7344.0,7344.0,31.0,227664.0,18859
2023-05-11 09:17:02,SF2305,SF2305,7344.0,0.0,0.0,0.0,2,7340.0,7378.0,23,7388.0,7344.0,7344.0,7344.0,31.0,227664.0,18859
2023-05-11 09:17:02,SF2305,SF2305,7344.0,0.0,0.0,0.0,2,7340.0,7378.0,35,7388.0,7344.0,7344.0,7344.0,31.0,227664.0,18859
2023-05-11 09:17:03,SF2305,SF2305,7344.0,0.0,0.0,0.0,2,7340.0,7376.0,35,7388.0,7344.0,7344.0,7344.0,31.0,227664.0,18859
2023-05-11 09:17:05,SF2305,SF2305,7344.0,0.0,0.0,0.0,2,7340.0,7376.0,23,7388.0,7344.0,7344.0,7344.0,31.0,227664.0,18859
2023-05-11 09:17:06,SF2305,SF2305,7344.0,0.0,0.0,0.0,2,7340.0,7374.0,4,7388.0,7344.0,7344.0,7344.0,31.0,227664.0,18859
2023-05-11 09:17:07,SF2305,SF2305,7344.0,0.0,0.0,0.0,2,7340.0,7376.0,35,7388.0,7344.0,7344.0,7344.0,31.0,227664.0,18859
2023-05-11 09:17:07,SF2305,SF2305,7344.0,0.0,0.0,0.0,2,7340.0,7374.0,10,7388.0,7344.0,7344.0,7344.0,31.0,227664.0,18859
2023-05-11 09:17:08,SF2305,SF2305,7344.0,0.0,0.0,0.0,2,7340.0,7374.0,14,7388.0,7344.0,7344.0,7344.0,31.0,227664.0,18859
2023-05-11 09:17:08,SF2305,SF2305,7344.0,0.0,0.0,0.0,2,7340.0,7374.0,16,7388.0,7344.0,7344.0,7344.0,31.0,227664.0,18859
2023-05-11 09:17:08,SF2305,SF2305,7344.0,0.0,0.0,0.0,2,7340.0,7374.0,17,7388.0,7344.0,7344.0,7344.0,31.0,227664.0,18859
2023-05-11 09:17:09,SF2305,SF2305,7344.0,0.0,0.0,0.0,2,7340.0,7374.0,19,7388.0,7344.0,7344.0,7344.0,31.0,227664.0,18859
2023-05-11 09:17:10,SF2305,SF2305,7344.0,0.0,0.0,0.0,2,7340.0,7374.0,18,7388.0,7344.0,7344.0,7344.0,31.0,227664.0,18859
2023-05-11 09:17:10,SF2305,SF2305,7344.0,0.0,0.0,0.0,2,7340.0,7374.0,17,7388.0,7344.0,7344.0,7344.0,31.0,227664.0,18859
2023-05-11 09:17:11,SF2305,SF2305,7344.0,0.0,0.0,0.0,2,7340.0,7374.0,7,7388.0,7344.0,7344.0,7344.0,31.0,227664.0,18859
2023-05-11 09:17:11,SF2305,SF2305,7344.0,0.0,0.0,0.0,2,7340.0,7374.0,6,7388.0,7344.0,7344.0,7344.0,31.0,227664.0,18859
2023-05-11 09:17:12,SF2305,SF2305,7344.0,0.0,0.0,0.0,2,7340.0,7374.0,9,7388.0,7344.0,7344.0,7344.0,31.0,227664.0,18859
2023-05-11 09:17:13,SF2305,SF2305,7344.0,0.0,0.0,0.0,2,7340.0,7374.0,10,7388.0,7344.0,7344.0,7344.0,31.0,227664.0,18859
2023-05-11 09:17:14,SF2305,SF2305,7344.0,0.0,0.0,0.0,2,7340.0,7376.0,35,7388.0,7344.0,7344.0,7344.0,31.0,227664.0,18859
2023-05-11 09:17:15,SF2305,SF2305,7344.0,0.0,0.0,0.0,2,7340.0,7376.0,32,7388.0,7344.0,7344.0,7344.0,31.0,227664.0,18859
2023-05-11 09:17:17,SF2305,SF2305,7344.0,0.0,0.0,0.0,2,7340.0,7374.0,35,7388.0,7344.0,7344.0,7344.0,31.0,227664.0,18859
2023-05-11 09:17:18,SF2305,SF2305,7344.0,0.0,0.0,0.0,2,7340.0,7372.0,2,7388.0,7344.0,7344.0,7344.0,31.0,227664.0,18859
2023-05-11 09:17:18,SF2305,SF2305,7344.0,0.0,0.0,0.0,2,7340.0,7372.0,5,7388.0,7344.0,7344.0,7344.0,31.0,227664.0,18859
2023-05-11 09:17:19,SF2305,SF2305,7344.0,0.0,0.0,0.0,2,7340.0,7374.0,35,7388.0,7344.0,7344.0,7344.0,31.0,227664.0,18859
2023-05-11 09:17:23,SF2305,SF2305,7344.0,0.0,0.0,0.0,2,7340.0,7372.0,18,7388.0,7344.0,7344.0,7344.0,31.0,227664.0,18859
2023-05-11 09:17:24,SF2305,SF2305,7344.0,0.0,0.0,0.0,2,7340.0,7372.0,16,7388.0,7344.0,7344.0,7344.0,31.0,227664.0,18859
2023-05-11 09:17:24,SF2305,SF2305,7344.0,0.0,0.0,0.0,2,7340.0,7372.0,15,7388.0,7344.0,7344.0,7344.0,31.0,227664.0,18859
2023-05-11 09:17:26,SF2305,SF2305,7344.0,0.0,0.0,0.0,2,7340.0,7372.0,18,7388.0,7344.0,7344.0,7344.0,31.0,227664.0,18859
2023-05-11 09:17:27,SF2305,SF2305,7344.0,0.0,0.0,0.0,2,7340.0,7370.0,35,7388.0,7344.0,7344.0,7344.0,31.0,227664.0,18859
2023-05-11 09:17:28,SF2305,SF2305,7344.0,0.0,0.0,0.0,2,7340.0,7372.0,35,7388.0,7344.0,7344.0,7344.0,31.0,227664.0,18859
2023-05-11 09:17:29,SF2305,SF2305,7344.0,0.0,0.0,0.0,2,7340.0,7372.0,25,7388.0,7344.0,7344.0,7344.0,31.0,227664.0,18859
2023-05-11 09:17:29,SF2305,SF2305,7344.0,0.0,0.0,0.0,2,7340.0,7372.0,24,7388.0,7344.0,7344.0,7344.0,31.0,227664.0,18859
2023-05-11 09:17:31,SF2305,SF2305,7344.0,0.0,0.0,0.0,2,7340.0,7372.0,23,7388.0,7344.0,7344.0,7344.0,31.0,227664.0,18859
2023-05-11 09:17:32,SF2305,SF2305,7344.0,0.0,0.0,0.0,2,7340.0,7372.0,2,7388.0,7344.0,7344.0,7344.0,31.0,227664.0,18859
2023-05-11 09:17:33,SF2305,SF2305,7344.0,0.0,0.0,0.0,2,7340.0,7372.0,29,7388.0,7344.0,7344.0,7344.0,31.0,227664.0,18859
2023-05-11 09:17:33,SF2305,SF2305,7344.0,0.0,0.0,0.0,2,7340.0,7372.0,30,7388.0,7344.0,7344.0,7344.0,31.0,227664.0,18859
2023-05-11 09:17:34,SF2305,SF2305,7344.0,0.0,0.0,0.0,2,7340.0,7372.0,31,7388.0,7344.0,7344.0,7344.0,31.0,227664.0,18859
2023-05-11 09:17:37,SF2305,SF2305,7344.0,0.0,0.0,0.0,2,7340.0,7372.0,32,7388.0,7344.0,7344.0,7344.0,31.0,227664.0,18859
2023-05-11 09:17:39,SF2305,SF2305,7344.0,0.0,0.0,0.0,2,7340.0,7372.0,33,7388.0,7344.0,7344.0,7344.0,31.0,227664.0,18859
2023-05-11 09:17:40,SF2305,SF2305,7344.0,0.0,0.0,0.0,2,7340.0,7372.0,35,7388.0,7344.0,7344.0,7344.0,31.0,227664.0,18859
2023-05-11 09:17:52,SF2305,SF2305,7344.0,0.0,0.0,0.0,2,7340.0,7370.0,35,7388.0,7344.0,7344.0,7344.0,31.0,227664.0,18859
2023-05-11 09:17:59,SF2305,SF2305,7344.0,0.0,0.0,0.0,2,7340.0,7368.0,4,7388.0,7344.0,7344.0,7344.0,31.0,227664.0,18859
2023-05-11 09:18:00,SF2305,SF2305,7344.0,0.0,0.0,0.0,2,7340.0,7368.0,1,7388.0,7344.0,7344.0,7344.0,31.0,227664.0,18859
2023-05-11 09:18:00,SF2305,SF2305,7344.0,0.0,0.0,0.0,2,7340.0,7370.0,35,7388.0,7344.0,7344.0,7344.0,31.0,227664.0,18859
2023-05-11 09:18:01,SF2305,SF2305,7344.0,0.0,0.0,0.0,2,7340.0,7368.0,9,7388.0,7344.0,7344.0,7344.0,31.0,227664.0,18859
2023-05-11 09:18:01,SF2305,SF2305,7344.0,0.0,0.0,0.0,2,7340.0,7368.0,35,7388.0,7344.0,7344.0,7344.0,31.0,227664.0,18859
2023-05-11 09:18:19,SF2305,SF2305,7344.0,0.0,0.0,0.0,2,7340.0,7366.0,5,7388.0,7344.0,7344.0,7344.0,31.0,227664.0,18859
2023-05-11 09:18:19,SF2305,SF2305,7344.0,0.0,0.0,0.0,2,7340.0,7366.0,10,7388.0,7344.0,7344.0,7344.0,31.0,227664.0,18859
2023-05-11 09:18:19,SF2305,SF2305,7344.0,0.0,0.0,0.0,2,7340.0,7366.0,35,7388.0,7344.0,7344.0,7344.0,31.0,227664.0,18859
2023-05-11 09:18:20,SF2305,SF2305,7344.0,0.0,0.0,0.0,2,7340.0,7366.0,33,7388.0,7344.0,7344.0,7344.0,31.0,227664.0,18859
2023-05-11 09:18:21,SF2305,SF2305,7344.0,0.0,0.0,0.0,2,7340.0,7366.0,35,7388.0,7344.0,7344.0,7344.0,31.0,227664.0,18859
2023-05-11 09:18:28,SF2305,SF2305,7344.0,0.0,0.0,0.0,2,7340.0,7364.0,35,7388.0,7344.0,7344.0,7344.0,31.0,227664.0,18859
2023-05-11 09:18:33,SF2305,SF2305,7344.0,0.0,0.0,0.0,2,7340.0,7362.0,26,7388.0,7344.0,7344.0,7344.0,31.0,227664.0,18859
2023-05-11 09:18:33,SF2305,SF2305,7344.0,0.0,0.0,0.0,2,7340.0,7362.0,35,7388.0,7344.0,7344.0,7344.0,31.0,227664.0,18859
2023-05-11 09:19:00,SF2305,SF2305,7344.0,0.0,0.0,0.0,2,7340.0,7360.0,7,7388.0,7344.0,7344.0,7344.0,31.0,227664.0,18859
2023-05-11 09:19:00,SF2305,SF2305,7344.0,0.0,0.0,0.0,2,7340.0,7362.0,35,7388.0,7344.0,7344.0,7344.0,31.0,227664.0,18859
2023-05-11 09:19:00,SF2305,SF2305,7344.0,0.0,0.0,0.0,2,7340.0,7364.0,35,7388.0,7344.0,7344.0,7344.0,31.0,227664.0,18859
2023-05-11 09:19:03,SF2305,SF2305,7344.0,0.0,0.0,0.0,2,7340.0,7362.0,14,7388.0,7344.0,7344.0,7344.0,31.0,227664.0,18859
2023-05-11 09:19:03,SF2305,SF2305,7344.0,0.0,0.0,0.0,2,7340.0,7362.0,18,7388.0,7344.0,7344.0,7344.0,31.0,227664.0,18859
2023-05-11 09:19:04,SF2305,SF2305,7344.0,0.0,0.0,0.0,2,7340.0,7362.0,22,7388.0,7344.0,7344.0,7344.0,31.0,227664.0,18859
2023-05-11 09:19:05,SF2305,SF2305,7344.0,0.0,0.0,0.0,2,7340.0,7362.0,35,7388.0,7344.0,7344.0,7344.0,31.0,227664.0,18859
2023-05-11 09:19:08,SF2305,SF2305,7344.0,0.0,0.0,0.0,2,7340.0,7364.0,35,7388.0,7344.0,7344.0,7344.0,31.0,227664.0,18859
2023-05-11 09:19:09,SF2305,SF2305,7344.0,0.0,0.0,0.0,2,7340.0,7362.0,4,7388.0,7344.0,7344.0,7344.0,31.0,227664.0,18859
2023-05-11 09:19:10,SF2305,SF2305,7344.0,0.0,0.0,0.0,2,7340.0,7362.0,6,7388.0,7344.0,7344.0,7344.0,31.0,227664.0,18859
2023-05-11 09:19:10,SF2305,SF2305,7344.0,0.0,0.0,0.0,2,7340.0,7362.0,18,7388.0,7344.0,7344.0,7344.0,31.0,227664.0,18859
2023-05-11 09:19:11,SF2305,SF2305,7344.0,0.0,0.0,0.0,2,7340.0,7362.0,35,7388.0,7344.0,7344.0,7344.0,31.0,227664.0,18859
2023-05-11 09:19:12,SF2305,SF2305,7344.0,0.0,0.0,0.0,2,7340.0,7362.0,30,7388.0,7344.0,7344.0,7344.0,31.0,227664.0,18859
2023-05-11 09:19:12,SF2305,SF2305,7344.0,0.0,0.0,0.0,2,7340.0,7362.0,14,7388.0,7344.0,7344.0,7344.0,31.0,227664.0,18859
2023-05-11 09:19:13,SF2305,SF2305,7344.0,0.0,0.0,0.0,2,7340.0,7362.0,15,7388.0,7344.0,7344.0,7344.0,31.0,227664.0,18859
2023-05-11 09:19:14,SF2305,SF2305,7344.0,0.0,0.0,0.0,2,7340.0,7362.0,17,7388.0,7344.0,7344.0,7344.0,31.0,227664.0,18859
2023-05-11 09:19:14,SF2305,SF2305,7344.0,0.0,0.0,0.0,2,7340.0,7362.0,13,7388.0,7344.0,7344.0,7344.0,31.0,227664.0,18859
2023-05-11 09:19:15,SF2305,SF2305,7344.0,0.0,0.0,0.0,2,7340.0,7362.0,5,7388.0,7344.0,7344.0,7344.0,31.0,227664.0,18859
2023-05-11 09:19:17,SF2305,SF2305,7344.0,0.0,0.0,0.0,2,7340.0,7364.0,35,7388.0,7344.0,7344.0,7344.0,31.0,227664.0,18859
2023-05-11 09:19:20,SF2305,SF2305,7344.0,0.0,0.0,0.0,2,7340.0,7362.0,7,7388.0,7344.0,7344.0,7344.0,31.0,227664.0,18859
2023-05-11 09:19:21,SF2305,SF2305,7344.0,0.0,0.0,0.0,2,7340.0,7362.0,22,7388.0,7344.0,7344.0,7344.0,31.0,227664.0,18859
2023-05-11 09:19:21,SF2305,SF2305,7344.0,0.0,0.0,0.0,2,7340.0,7362.0,23,7388.0,7344.0,7344.0,7344.0,31.0,227664.0,18859
2023-05-11 09:19:21,SF2305,SF2305,7344.0,0.0,0.0,0.0,2,7340.0,7360.0,1,7388.0,7344.0,7344.0,7344.0,31.0,227664.0,18859
2023-05-11 09:19:22,SF2305,SF2305,7344.0,0.0,0.0,0.0,2,7340.0,7360.0,12,7388.0,7344.0,7344.0,7344.0,31.0,227664.0,18859
2023-05-11 09:19:23,SF2305,SF2305,7344.0,0.0,0.0,0.0,2,7340.0,7360.0,13,7388.0,7344.0,7344.0,7344.0,31.0,227664.0,18859
2023-05-11 09:19:23,SF2305,SF2305,7344.0,0.0,0.0,0.0,2,7340.0,7360.0,14,7388.0,7344.0,7344.0,7344.0,31.0,227664.0,18859
2023-05-11 09:19:24,SF2305,SF2305,7344.0,0.0,0.0,0.0,2,7340.0,7362.0,35,7388.0,7344.0,7344.0,7344.0,31.0,227664.0,18859
2023-05-11 09:19:24,SF2305,SF2305,7344.0,0.0,0.0,0.0,2,7340.0,7362.0,2,7388.0,7344.0,7344.0,7344.0,31.0,227664.0,18859
2023-05-11 09:19:25,SF2305,SF2305,7344.0,0.0,0.0,0.0,2,7340.0,7362.0,1,7388.0,7344.0,7344.0,7344.0,31.0,227664.0,18859
2023-05-11 09:19:25,SF2305,SF2305,7344.0,0.0,0.0,0.0,2,7340.0,7364.0,35,7388.0,7344.0,7344.0,7344.0,31.0,227664.0,18859
2023-05-11 09:19:26,SF2305,SF2305,7344.0,0.0,0.0,0.0,2,7340.0,7362.0,1,7388.0,7344.0,7344.0,7344.0,31.0,227664.0,18859
2023-05-11 09:19:26,SF2305,SF2305,7344.0,0.0,0.0,0.0,2,7340.0,7362.0,4,7388.0,7344.0,7344.0,7344.0,31.0,227664.0,18859
2023-05-11 09:19:27,SF2305,SF2305,7344.0,0.0,0.0,0.0,2,7340.0,7364.0,35,7388.0,7344.0,7344.0,7344.0,31.0,227664.0,18859
2023-05-11 09:19:28,SF2305,SF2305,7344.0,0.0,0.0,0.0,2,7340.0,7362.0,2,7388.0,7344.0,7344.0,7344.0,31.0,227664.0,18859
2023-05-11 09:19:30,SF2305,SF2305,7344.0,0.0,0.0,0.0,2,7340.0,7362.0,3,7388.0,7344.0,7344.0,7344.0,31.0,227664.0,18859
2023-05-11 09:19:31,SF2305,SF2305,7344.0,0.0,0.0,0.0,2,7340.0,7362.0,2,7388.0,7344.0,7344.0,7344.0,31.0,227664.0,18859
2023-05-11 09:19:31,SF2305,SF2305,7344.0,0.0,0.0,0.0,2,7340.0,7362.0,20,7388.0,7344.0,7344.0,7344.0,31.0,227664.0,18859
2023-05-11 09:19:32,SF2305,SF2305,7344.0,0.0,0.0,0.0,2,7340.0,7362.0,18,7388.0,7344.0,7344.0,7344.0,31.0,227664.0,18859
2023-05-11 09:19:33,SF2305,SF2305,7344.0,0.0,0.0,0.0,2,7340.0,7362.0,22,7388.0,7344.0,7344.0,7344.0,31.0,227664.0,18859
2023-05-11 09:19:33,SF2305,SF2305,7344.0,0.0,0.0,0.0,2,7340.0,7360.0,35,7388.0,7344.0,7344.0,7344.0,31.0,227664.0,18859
2023-05-11 09:19:44,SF2305,SF2305,7344.0,0.0,0.0,0.0,2,7340.0,7362.0,35,7388.0,7344.0,7344.0,7344.0,31.0,227664.0,18859
2023-05-11 09:19:45,SF2305,SF2305,7344.0,0.0,0.0,0.0,2,7340.0,7362.0,25,7388.0,7344.0,7344.0,7344.0,31.0,227664.0,18859
2023-05-11 09:19:46,SF2305,SF2305,7344.0,0.0,0.0,0.0,2,7340.0,7362.0,29,7388.0,7344.0,7344.0,7344.0,31.0,227664.0,18859
2023-05-11 09:19:48,SF2305,SF2305,7344.0,0.0,0.0,0.0,2,7340.0,7362.0,30,7388.0,7344.0,7344.0,7344.0,31.0,227664.0,18859
2023-05-11 09:19:48,SF2305,SF2305,7344.0,0.0,0.0,0.0,2,7340.0,7362.0,32,7388.0,7344.0,7344.0,7344.0,31.0,227664.0,18859
2023-05-11 09:19:48,SF2305,SF2305,7344.0,0.0,0.0,0.0,2,7340.0,7362.0,33,7388.0,7344.0,7344.0,7344.0,31.0,227664.0,18859
2023-05-11 09:19:51,SF2305,SF2305,7344.0,0.0,0.0,0.0,2,7340.0,7362.0,34,7388.0,7344.0,7344.0,7344.0,31.0,227664.0,18859
2023-05-11 09:19:51,SF2305,SF2305,7344.0,0.0,0.0,0.0,2,7340.0,7362.0,35,7388.0,7344.0,7344.0,7344.0,31.0,227664.0,18859
2023-05-11 09:19:59,SF2305,SF2305,7344.0,0.0,0.0,0.0,2,7340.0,7362.0,1,7388.0,7344.0,7344.0,7344.0,31.0,227664.0,18859
2023-05-11 09:19:59,SF2305,SF2305,7344.0,0.0,0.0,0.0,2,7340.0,7364.0,35,7388.0,7344.0,7344.0,7344.0,31.0,227664.0,18859
2023-05-11 09:20:08,SF2305,SF2305,7344.0,0.0,0.0,0.0,2,7340.0,7364.0,1,7388.0,7344.0,7344.0,7344.0,31.0,227664.0,18859
2023-05-11 09:20:08,SF2305,SF2305,7344.0,0.0,0.0,0.0,2,7340.0,7366.0,35,7388.0,7344.0,7344.0,7344.0,31.0,227664.0,18859
2023-05-11 09:20:14,SF2305,SF2305,7344.0,0.0,0.0,0.0,2,7340.0,7366.0,9,7388.0,7344.0,7344.0,7344.0,31.0,227664.0,18859
2023-05-11 09:20:15,SF2305,SF2305,7344.0,0.0,0.0,0.0,2,7340.0,7366.0,6,7388.0,7344.0,7344.0,7344.0,31.0,227664.0,18859
2023-05-11 09:20:15,SF2305,SF2305,7344.0,0.0,0.0,0.0,2,7340.0,7366.0,2,7388.0,7344.0,7344.0,7344.0,31.0,227664.0,18859
2023-05-11 09:20:15,SF2305,SF2305,7344.0,0.0,0.0,0.0,2,7340.0,7368.0,35,7388.0,7344.0,7344.0,7344.0,31.0,227664.0,18859
2023-05-11 09:20:18,SF2305,SF2305,7344.0,0.0,0.0,0.0,2,7340.0,7366.0,5,7388.0,7344.0,7344.0,7344.0,31.0,227664.0,18859
2023-05-11 09:20:18,SF2305,SF2305,7344.0,0.0,0.0,0.0,2,7340.0,7366.0,6,7388.0,7344.0,7344.0,7344.0,31.0,227664.0,18859
2023-05-11 09:20:18,SF2305,SF2305,7344.0,0.0,0.0,0.0,2,7340.0,7366.0,8,7388.0,7344.0,7344.0,7344.0,31.0,227664.0,18859
2023-05-11 09:20:20,SF2305,SF2305,7344.0,0.0,0.0,0.0,2,7340.0,7366.0,4,7388.0,7344.0,7344.0,7344.0,31.0,227664.0,18859
2023-05-11 09:20:20,SF2305,SF2305,7344.0,0.0,0.0,0.0,2,7340.0,7366.0,1,7388.0,7344.0,7344.0,7344.0,31.0,227664.0,18859
2023-05-11 09:20:21,SF2305,SF2305,7344.0,0.0,0.0,0.0,2,7340.0,7366.0,10,7388.0,7344.0,7344.0,7344.0,31.0,227664.0,18859
2023-05-11 09:20:21,SF2305,SF2305,7344.0,0.0,0.0,0.0,2,7340.0,7366.0,11,7388.0,7344.0,7344.0,7344.0,31.0,227664.0,18859
2023-05-11 09:20:22,SF2305,SF2305,7344.0,0.0,0.0,0.0,2,7340.0,7366.0,9,7388.0,7344.0,7344.0,7344.0,31.0,227664.0,18859
2023-05-11 09:20:22,SF2305,SF2305,7344.0,0.0,0.0,0.0,2,7340.0,7366.0,7,7388.0,7344.0,7344.0,7344.0,31.0,227664.0,18859
2023-05-11 09:20:23,SF2305,SF2305,7344.0,0.0,0.0,0.0,2,7340.0,7364.0,20,7388.0,7344.0,7344.0,7344.0,31.0,227664.0,18859
2023-05-11 09:20:23,SF2305,SF2305,7344.0,0.0,0.0,0.0,2,7340.0,7364.0,35,7388.0,7344.0,7344.0,7344.0,31.0,227664.0,18859
2023-05-11 09:20:24,SF2305,SF2305,7344.0,0.0,0.0,0.0,2,7340.0,7362.0,13,7388.0,7344.0,7344.0,7344.0,31.0,227664.0,18859
2023-05-11 09:20:25,SF2305,SF2305,7344.0,0.0,0.0,0.0,2,7340.0,7364.0,35,7388.0,7344.0,7344.0,7344.0,31.0,227664.0,18859
2023-05-11 09:20:37,SF2305,SF2305,7344.0,0.0,0.0,0.0,2,7340.0,7366.0,35,7388.0,7344.0,7344.0,7344.0,31.0,227664.0,18859
2023-05-11 09:20:38,SF2305,SF2305,7344.0,0.0,0.0,0.0,2,7340.0,7364.0,2,7388.0,7344.0,7344.0,7344.0,31.0,227664.0,18859
2023-05-11 09:20:38,SF2305,SF2305,7344.0,0.0,0.0,0.0,2,7340.0,7366.0,35,7388.0,7344.0,7344.0,7344.0,31.0,227664.0,18859
2023-05-11 09:20:39,SF2305,SF2305,7344.0,0.0,0.0,0.0,2,7340.0,7364.0,12,7388.0,7344.0,7344.0,7344.0,31.0,227664.0,18859
2023-05-11 09:20:39,SF2305,SF2305,7344.0,0.0,0.0,0.0,2,7340.0,7364.0,18,7388.0,7344.0,7344.0,7344.0,31.0,227664.0,18859
2023-05-11 09:20:40,SF2305,SF2305,7344.0,0.0,0.0,0.0,2,7340.0,7364.0,17,7388.0,7344.0,7344.0,7344.0,31.0,227664.0,18859
2023-05-11 09:20:41,SF2305,SF2305,7344.0,0.0,0.0,0.0,2,7340.0,7364.0,15,7388.0,7344.0,7344.0,7344.0,31.0,227664.0,18859
2023-05-11 09:20:41,SF2305,SF2305,7344.0,0.0,0.0,0.0,2,7340.0,7364.0,14,7388.0,7344.0,7344.0,7344.0,31.0,227664.0,18859
2023-05-11 09:20:43,SF2305,SF2305,7344.0,0.0,0.0,0.0,2,7340.0,7364.0,33,7388.0,7344.0,7344.0,7344.0,31.0,227664.0,18859
2023-05-11 09:20:43,SF2305,SF2305,7344.0,0.0,0.0,0.0,2,7340.0,7364.0,34,7388.0,7344.0,7344.0,7344.0,31.0,227664.0,18859
2023-05-11 09:20:44,SF2305,SF2305,7344.0,0.0,0.0,0.0,2,7340.0,7366.0,35,7388.0,7344.0,7344.0,7344.0,31.0,227664.0,18859
2023-05-11 09:20:45,SF2305,SF2305,7344.0,0.0,0.0,0.0,2,7340.0,7364.0,7,7388.0,7344.0,7344.0,7344.0,31.0,227664.0,18859
2023-05-11 09:20:45,SF2305,SF2305,7344.0,0.0,0.0,0.0,2,7340.0,7364.0,6,7388.0,7344.0,7344.0,7344.0,31.0,227664.0,18859
2023-05-11 09:20:46,SF2305,SF2305,7344.0,0.0,0.0,0.0,2,7340.0,7364.0,8,7388.0,7344.0,7344.0,7344.0,31.0,227664.0,18859
2023-05-11 09:20:47,SF2305,SF2305,7344.0,0.0,0.0,0.0,2,7340.0,7364.0,9,7388.0,7344.0,7344.0,7344.0,31.0,227664.0,18859
2023-05-11 09:20:48,SF2305,SF2305,7344.0,0.0,0.0,0.0,2,7340.0,7364.0,8,7388.0,7344.0,7344.0,7344.0,31.0,227664.0,18859
2023-05-11 09:20:49,SF2305,SF2305,7344.0,0.0,0.0,0.0,2,7340.0,7364.0,7,7388.0,7344.0,7344.0,7344.0,31.0,227664.0,18859
2023-05-11 09:20:50,SF2305,SF2305,7344.0,0.0,0.0,0.0,2,7340.0,7364.0,8,7388.0,7344.0,7344.0,7344.0,31.0,227664.0,18859
2023-05-11 09:20:50,SF2305,SF2305,7344.0,0.0,0.0,0.0,2,7340.0,7366.0,35,7388.0,7344.0,7344.0,7344.0,31.0,227664.0,18859
2023-05-11 09:20:53,SF2305,SF2305,7344.0,0.0,0.0,0.0,2,7340.0,7364.0,23,7388.0,7344.0,7344.0,7344.0,31.0,227664.0,18859
2023-05-11 09:20:53,SF2305,SF2305,7344.0,0.0,0.0,0.0,2,7340.0,7364.0,35,7388.0,7344.0,7344.0,7344.0,31.0,227664.0,18859
2023-05-11 09:20:53,SF2305,SF2305,7344.0,0.0,0.0,0.0,2,7340.0,7364.0,23,7388.0,7344.0,7344.0,7344.0,31.0,227664.0,18859
2023-05-11 09:20:53,SF2305,SF2305,7344.0,0.0,0.0,0.0,2,7340.0,7364.0,35,7388.0,7344.0,7344.0,7344.0,31.0,227664.0,18859
2023-05-11 09:20:55,SF2305,SF2305,7364.0,6.0,44212.0,0.0,4,7362.0,7364.0,29,7388.0,7344.0,7364.0,7344.0,37.0,271876.0,18859
2023-05-11 09:21:00,SF2305,SF2305,7364.0,0.0,0.0,0.0,2,7340.0,7364.0,29,7388.0,7344.0,7364.0,7344.0,37.0,271876.0,18859
2023-05-11 09:21:03,SF2305,SF2305,7364.0,0.0,0.0,0.0,2,7340.0,7362.0,29,7388.0,7344.0,7364.0,7344.0,37.0,271876.0,18859
2023-05-11 09:21:08,SF2305,SF2305,7364.0,0.0,0.0,0.0,2,7340.0,7364.0,29,7388.0,7344.0,7364.0,7344.0,37.0,271876.0,18859
2023-05-11 09:21:15,SF2305,SF2305,7364.0,0.0,0.0,0.0,2,7340.0,7366.0,29,7388.0,7344.0,7364.0,7344.0,37.0,271876.0,18859
2023-05-11 09:21:23,SF2305,SF2305,7364.0,0.0,0.0,0.0,2,7340.0,7364.0,2,7388.0,7344.0,7364.0,7344.0,37.0,271876.0,18859
2023-05-11 09:21:23,SF2305,SF2305,7364.0,0.0,0.0,0.0,2,7340.0,7364.0,7,7388.0,7344.0,7364.0,7344.0,37.0,271876.0,18859
2023-05-11 09:21:24,SF2305,SF2305,7364.0,0.0,0.0,0.0,2,7340.0,7364.0,4,7388.0,7344.0,7364.0,7344.0,37.0,271876.0,18859
2023-05-11 09:21:25,SF2305,SF2305,7364.0,0.0,0.0,0.0,2,7340.0,7364.0,5,7388.0,7344.0,7364.0,7344.0,37.0,271876.0,18859
2023-05-11 09:21:25,SF2305,SF2305,7364.0,0.0,0.0,0.0,2,7340.0,7364.0,8,7388.0,7344.0,7364.0,7344.0,37.0,271876.0,18859
2023-05-11 09:21:26,SF2305,SF2305,7364.0,0.0,0.0,0.0,2,7340.0,7364.0,5,7388.0,7344.0,7364.0,7344.0,37.0,271876.0,18859
2023-05-11 09:21:27,SF2305,SF2305,7364.0,0.0,0.0,0.0,2,7340.0,7364.0,4,7388.0,7344.0,7364.0,7344.0,37.0,271876.0,18859
2023-05-11 09:21:27,SF2305,SF2305,7364.0,0.0,0.0,0.0,2,7340.0,7364.0,7,7388.0,7344.0,7364.0,7344.0,37.0,271876.0,18859
2023-05-11 09:21:29,SF2305,SF2305,7364.0,0.0,0.0,0.0,2,7340.0,7364.0,9,7388.0,7344.0,7364.0,7344.0,37.0,271876.0,18859
2023-05-11 09:21:30,SF2305,SF2305,7364.0,0.0,0.0,0.0,2,7340.0,7364.0,10,7388.0,7344.0,7364.0,7344.0,37.0,271876.0,18859
2023-05-11 09:21:30,SF2305,SF2305,7364.0,0.0,0.0,0.0,2,7340.0,7366.0,29,7388.0,7344.0,7364.0,7344.0,37.0,271876.0,18859
2023-05-11 09:21:45,SF2305,SF2305,7364.0,0.0,0.0,0.0,2,7340.0,7366.0,10,7388.0,7344.0,7364.0,7344.0,37.0,271876.0,18859
2023-05-11 09:21:46,SF2305,SF2305,7364.0,0.0,0.0,0.0,2,7340.0,7366.0,11,7388.0,7344.0,7364.0,7344.0,37.0,271876.0,18859
2023-05-11 09:21:46,SF2305,SF2305,7364.0,0.0,0.0,0.0,2,7340.0,7366.0,18,7388.0,7344.0,7364.0,7344.0,37.0,271876.0,18859
2023-05-11 09:21:47,SF2305,SF2305,7364.0,0.0,0.0,0.0,2,7340.0,7366.0,19,7388.0,7344.0,7364.0,7344.0,37.0,271876.0,18859
2023-05-11 09:21:47,SF2305,SF2305,7364.0,0.0,0.0,0.0,2,7340.0,7366.0,14,7388.0,7344.0,7364.0,7344.0,37.0,271876.0,18859
2023-05-11 09:21:48,SF2305,SF2305,7364.0,0.0,0.0,0.0,2,7340.0,7366.0,16,7388.0,7344.0,7364.0,7344.0,37.0,271876.0,18859
2023-05-11 09:21:48,SF2305,SF2305,7364.0,0.0,0.0,0.0,2,7340.0,7366.0,15,7388.0,7344.0,7364.0,7344.0,37.0,271876.0,18859
2023-05-11 09:21:48,SF2305,SF2305,7364.0,0.0,0.0,0.0,2,7340.0,7366.0,16,7388.0,7344.0,7364.0,7344.0,37.0,271876.0,18859
2023-05-11 09:21:49,SF2305,SF2305,7364.0,0.0,0.0,0.0,2,7340.0,7368.0,29,7388.0,7344.0,7364.0,7344.0,37.0,271876.0,18859
2023-05-11 09:22:15,SF2305,SF2305,7364.0,0.0,0.0,0.0,2,7340.0,7372.0,3,7388.0,7344.0,7364.0,7344.0,37.0,271876.0,18859
2023-05-11 09:22:15,SF2305,SF2305,7364.0,0.0,0.0,0.0,2,7340.0,7376.0,8,7388.0,7344.0,7364.0,7344.0,37.0,271876.0,18859
2023-05-11 09:22:16,SF2305,SF2305,7364.0,0.0,0.0,0.0,2,7340.0,7376.0,2,7388.0,7344.0,7364.0,7344.0,37.0,271876.0,18859
2023-05-11 09:22:16,SF2305,SF2305,7364.0,0.0,0.0,0.0,2,7340.0,7378.0,16,7388.0,7344.0,7364.0,7344.0,37.0,271876.0,18859
2023-05-11 09:22:17,SF2305,SF2305,7364.0,0.0,0.0,0.0,2,7340.0,7376.0,19,7388.0,7344.0,7364.0,7344.0,37.0,271876.0,18859
2023-05-11 09:22:17,SF2305,SF2305,7364.0,0.0,0.0,0.0,2,7340.0,7376.0,22,7388.0,7344.0,7364.0,7344.0,37.0,271876.0,18859
2023-05-11 09:22:18,SF2305,SF2305,7364.0,0.0,0.0,0.0,2,7340.0,7376.0,24,7388.0,7344.0,7364.0,7344.0,37.0,271876.0,18859
2023-05-11 09:22:18,SF2305,SF2305,7364.0,0.0,0.0,0.0,2,7340.0,7376.0,20,7388.0,7344.0,7364.0,7344.0,37.0,271876.0,18859
2023-05-11 09:22:19,SF2305,SF2305,7364.0,0.0,0.0,0.0,2,7340.0,7376.0,2,7388.0,7344.0,7364.0,7344.0,37.0,271876.0,18859
2023-05-11 09:22:19,SF2305,SF2305,7364.0,0.0,0.0,0.0,2,7340.0,7378.0,22,7388.0,7344.0,7364.0,7344.0,37.0,271876.0,18859
2023-05-11 09:22:20,SF2305,SF2305,7364.0,0.0,0.0,0.0,2,7340.0,7378.0,6,7388.0,7344.0,7364.0,7344.0,37.0,271876.0,18859
2023-05-11 09:22:20,SF2305,SF2305,7364.0,0.0,0.0,0.0,2,7340.0,7380.0,77,7388.0,7344.0,7364.0,7344.0,37.0,271876.0,18859
2023-05-11 09:22:21,SF2305,SF2305,7364.0,0.0,0.0,0.0,2,7340.0,7378.0,25,7388.0,7344.0,7364.0,7344.0,37.0,271876.0,18859
2023-05-11 09:22:21,SF2305,SF2305,7364.0,0.0,0.0,0.0,2,7340.0,7378.0,26,7388.0,7344.0,7364.0,7344.0,37.0,271876.0,18859
2023-05-11 09:22:22,SF2305,SF2305,7364.0,0.0,0.0,0.0,2,7340.0,7378.0,17,7388.0,7344.0,7364.0,7344.0,37.0,271876.0,18859
2023-05-11 09:22:22,SF2305,SF2305,7364.0,0.0,0.0,0.0,2,7340.0,7378.0,19,7388.0,7344.0,7364.0,7344.0,37.0,271876.0,18859
2023-05-11 09:22:23,SF2305,SF2305,7364.0,0.0,0.0,0.0,2,7340.0,7378.0,18,7388.0,7344.0,7364.0,7344.0,37.0,271876.0,18859
2023-05-11 09:22:24,SF2305,SF2305,7364.0,0.0,0.0,0.0,2,7340.0,7378.0,12,7388.0,7344.0,7364.0,7344.0,37.0,271876.0,18859
2023-05-11 09:22:25,SF2305,SF2305,7364.0,0.0,0.0,0.0,2,7340.0,7378.0,13,7388.0,7344.0,7364.0,7344.0,37.0,271876.0,18859
2023-05-11 09:22:25,SF2305,SF2305,7364.0,0.0,0.0,0.0,2,7340.0,7378.0,14,7388.0,7344.0,7364.0,7344.0,37.0,271876.0,18859
2023-05-11 09:22:26,SF2305,SF2305,7364.0,0.0,0.0,0.0,2,7340.0,7378.0,12,7388.0,7344.0,7364.0,7344.0,37.0,271876.0,18859
2023-05-11 09:22:26,SF2305,SF2305,7364.0,0.0,0.0,0.0,2,7340.0,7378.0,22,7388.0,7344.0,7364.0,7344.0,37.0,271876.0,18859
2023-05-11 09:22:28,SF2305,SF2305,7364.0,0.0,0.0,0.0,2,7340.0,7378.0,19,7388.0,7344.0,7364.0,7344.0,37.0,271876.0,18859
2023-05-11 09:22:28,SF2305,SF2305,7364.0,0.0,0.0,0.0,2,7340.0,7378.0,21,7388.0,7344.0,7364.0,7344.0,37.0,271876.0,18859
2023-05-11 09:22:29,SF2305,SF2305,7364.0,0.0,0.0,0.0,2,7340.0,7378.0,29,7388.0,7344.0,7364.0,7344.0,37.0,271876.0,18859
2023-05-11 09:22:30,SF2305,SF2305,7364.0,0.0,0.0,0.0,2,7340.0,7376.0,6,7388.0,7344.0,7364.0,7344.0,37.0,271876.0,18859
2023-05-11 09:22:31,SF2305,SF2305,7364.0,0.0,0.0,0.0,2,7340.0,7376.0,9,7388.0,7344.0,7364.0,7344.0,37.0,271876.0,18859
2023-05-11 09:22:31,SF2305,SF2305,7364.0,0.0,0.0,0.0,2,7340.0,7376.0,8,7388.0,7344.0,7364.0,7344.0,37.0,271876.0,18859
2023-05-11 09:22:31,SF2305,SF2305,7364.0,0.0,0.0,0.0,2,7340.0,7376.0,20,7388.0,7344.0,7364.0,7344.0,37.0,271876.0,18859
2023-05-11 09:22:32,SF2305,SF2305,7364.0,0.0,0.0,0.0,2,7340.0,7376.0,17,7388.0,7344.0,7364.0,7344.0,37.0,271876.0,18859
2023-05-11 09:22:33,SF2305,SF2305,7364.0,0.0,0.0,0.0,2,7340.0,7376.0,28,7388.0,7344.0,7364.0,7344.0,37.0,271876.0,18859
2023-05-11 09:22:33,SF2305,SF2305,7364.0,0.0,0.0,0.0,2,7340.0,7376.0,29,7388.0,7344.0,7364.0,7344.0,37.0,271876.0,18859
2023-05-11 09:22:34,SF2305,SF2305,7364.0,0.0,0.0,0.0,2,7340.0,7374.0,1,7388.0,7344.0,7364.0,7344.0,37.0,271876.0,18859
2023-05-11 09:22:34,SF2305,SF2305,7364.0,0.0,0.0,0.0,2,7340.0,7376.0,29,7388.0,7344.0,7364.0,7344.0,37.0,271876.0,18859
2023-05-11 09:22:36,SF2305,SF2305,7364.0,0.0,0.0,0.0,2,7340.0,7376.0,1,7388.0,7344.0,7364.0,7344.0,37.0,271876.0,18859
2023-05-11 09:22:37,SF2305,SF2305,7364.0,0.0,0.0,0.0,2,7340.0,7378.0,29,7388.0,7344.0,7364.0,7344.0,37.0,271876.0,18859
2023-05-11 09:22:44,SF2305,SF2305,7364.0,0.0,0.0,0.0,2,7340.0,7376.0,29,7388.0,7344.0,7364.0,7344.0,37.0,271876.0,18859
2023-05-11 09:22:45,SF2305,SF2305,7376.0,10.0,73762.0,0.0,2,7340.0,7376.0,19,7388.0,7344.0,7376.0,7344.0,47.0,345638.0,18859
2023-05-11 09:22:55,SF2305,SF2305,7376.0,0.0,0.0,0.0,2,7340.0,7374.0,16,7388.0,7344.0,7376.0,7344.0,47.0,345638.0,18859
2023-05-11 09:22:55,SF2305,SF2305,7376.0,0.0,0.0,0.0,2,7340.0,7374.0,19,7388.0,7344.0,7376.0,7344.0,47.0,345638.0,18859
2023-05-11 09:23:00,SF2305,SF2305,7376.0,0.0,0.0,0.0,2,7340.0,7374.0,1,7388.0,7344.0,7376.0,7344.0,47.0,345638.0,18859
2023-05-11 09:23:00,SF2305,SF2305,7376.0,0.0,0.0,0.0,2,7340.0,7376.0,19,7388.0,7344.0,7376.0,7344.0,47.0,345638.0,18859
2023-05-11 09:23:02,SF2305,SF2305,7376.0,0.0,0.0,0.0,2,7340.0,7378.0,19,7388.0,7344.0,7376.0,7344.0,47.0,345638.0,18859
2023-05-11 09:23:03,SF2305,SF2305,7376.0,0.0,0.0,0.0,2,7340.0,7376.0,8,7388.0,7344.0,7376.0,7344.0,47.0,345638.0,18859
2023-05-11 09:23:03,SF2305,SF2305,7376.0,0.0,0.0,0.0,2,7340.0,7376.0,13,7388.0,7344.0,7376.0,7344.0,47.0,345638.0,18859
2023-05-11 09:23:05,SF2305,SF2305,7376.0,0.0,0.0,0.0,2,7340.0,7376.0,14,7388.0,7344.0,7376.0,7344.0,47.0,345638.0,18859
2023-05-11 09:23:06,SF2305,SF2305,7376.0,0.0,0.0,0.0,2,7340.0,7376.0,15,7388.0,7344.0,7376.0,7344.0,47.0,345638.0,18859
2023-05-11 09:23:07,SF2305,SF2305,7376.0,0.0,0.0,0.0,2,7340.0,7376.0,10,7388.0,7344.0,7376.0,7344.0,47.0,345638.0,18859
2023-05-11 09:23:08,SF2305,SF2305,7376.0,0.0,0.0,0.0,2,7340.0,7378.0,19,7388.0,7344.0,7376.0,7344.0,47.0,345638.0,18859
2023-05-11 09:23:13,SF2305,SF2305,7376.0,0.0,0.0,0.0,2,7340.0,7378.0,14,7388.0,7344.0,7376.0,7344.0,47.0,345638.0,18859
2023-05-11 09:23:14,SF2305,SF2305,7376.0,0.0,0.0,0.0,2,7340.0,7380.0,48,7388.0,7344.0,7376.0,7344.0,47.0,345638.0,18859
2023-05-11 09:23:21,SF2305,SF2305,7376.0,0.0,0.0,0.0,2,7340.0,7380.0,67,7388.0,7344.0,7376.0,7344.0,47.0,345638.0,18859
2023-05-11 09:23:24,SF2305,SF2305,7376.0,0.0,0.0,0.0,2,7340.0,7378.0,2,7388.0,7344.0,7376.0,7344.0,47.0,345638.0,18859
2023-05-11 09:23:24,SF2305,SF2305,7376.0,0.0,0.0,0.0,2,7340.0,7378.0,19,7388.0,7344.0,7376.0,7344.0,47.0,345638.0,18859
2023-05-11 09:23:31,SF2305,SF2305,7376.0,0.0,0.0,0.0,2,7340.0,7380.0,67,7388.0,7344.0,7376.0,7344.0,47.0,345638.0,18859
2023-05-11 09:23:36,SF2305,SF2305,7376.0,0.0,0.0,0.0,2,7340.0,7378.0,1,7388.0,7344.0,7376.0,7344.0,47.0,345638.0,18859
2023-05-11 09:23:37,SF2305,SF2305,7376.0,0.0,0.0,0.0,2,7340.0,7378.0,2,7388.0,7344.0,7376.0,7344.0,47.0,345638.0,18859
2023-05-11 09:23:37,SF2305,SF2305,7376.0,0.0,0.0,0.0,2,7340.0,7378.0,3,7388.0,7344.0,7376.0,7344.0,47.0,345638.0,18859
2023-05-11 09:23:38,SF2305,SF2305,7376.0,0.0,0.0,0.0,2,7340.0,7378.0,5,7388.0,7344.0,7376.0,7344.0,47.0,345638.0,18859
2023-05-11 09:23:40,SF2305,SF2305,7376.0,0.0,0.0,0.0,2,7340.0,7378.0,15,7388.0,7344.0,7376.0,7344.0,47.0,345638.0,18859
2023-05-11 09:23:41,SF2305,SF2305,7376.0,0.0,0.0,0.0,2,7340.0,7378.0,16,7388.0,7344.0,7376.0,7344.0,47.0,345638.0,18859
2023-05-11 09:23:41,SF2305,SF2305,7376.0,0.0,0.0,0.0,2,7340.0,7378.0,14,7388.0,7344.0,7376.0,7344.0,47.0,345638.0,18859
2023-05-11 09:23:43,SF2305,SF2305,7376.0,0.0,0.0,0.0,2,7340.0,7378.0,2,7388.0,7344.0,7376.0,7344.0,47.0,345638.0,18859
2023-05-11 09:23:44,SF2305,SF2305,7376.0,0.0,0.0,0.0,2,7340.0,7378.0,10,7388.0,7344.0,7376.0,7344.0,47.0,345638.0,18859
2023-05-11 09:23:45,SF2305,SF2305,7376.0,0.0,0.0,0.0,2,7340.0,7378.0,15,7388.0,7344.0,7376.0,7344.0,47.0,345638.0,18859
2023-05-11 09:23:46,SF2305,SF2305,7376.0,0.0,0.0,0.0,2,7340.0,7378.0,16,7388.0,7344.0,7376.0,7344.0,47.0,345638.0,18859
2023-05-11 09:23:47,SF2305,SF2305,7376.0,0.0,0.0,0.0,2,7340.0,7378.0,3,7388.0,7344.0,7376.0,7344.0,47.0,345638.0,18859
2023-05-11 09:23:47,SF2305,SF2305,7376.0,0.0,0.0,0.0,2,7340.0,7378.0,4,7388.0,7344.0,7376.0,7344.0,47.0,345638.0,18859
2023-05-11 09:23:49,SF2305,SF2305,7376.0,0.0,0.0,0.0,2,7340.0,7378.0,6,7388.0,7344.0,7376.0,7344.0,47.0,345638.0,18859
2023-05-11 09:23:50,SF2305,SF2305,7376.0,0.0,0.0,0.0,2,7340.0,7378.0,7,7388.0,7344.0,7376.0,7344.0,47.0,345638.0,18859
2023-05-11 09:23:51,SF2305,SF2305,7376.0,0.0,0.0,0.0,2,7340.0,7378.0,11,7388.0,7344.0,7376.0,7344.0,47.0,345638.0,18859
2023-05-11 09:23:51,SF2305,SF2305,7376.0,0.0,0.0,0.0,2,7340.0,7378.0,13,7388.0,7344.0,7376.0,7344.0,47.0,345638.0,18859
2023-05-11 09:23:52,SF2305,SF2305,7376.0,0.0,0.0,0.0,2,7340.0,7378.0,14,7388.0,7344.0,7376.0,7344.0,47.0,345638.0,18859
2023-05-11 09:23:54,SF2305,SF2305,7376.0,0.0,0.0,0.0,2,7340.0,7378.0,15,7388.0,7344.0,7376.0,7344.0,47.0,345638.0,18859
2023-05-11 09:23:55,SF2305,SF2305,7376.0,0.0,0.0,0.0,2,7340.0,7378.0,14,7388.0,7344.0,7376.0,7344.0,47.0,345638.0,18859
2023-05-11 09:23:56,SF2305,SF2305,7376.0,0.0,0.0,0.0,2,7340.0,7378.0,12,7388.0,7344.0,7376.0,7344.0,47.0,345638.0,18859
2023-05-11 09:23:56,SF2305,SF2305,7376.0,0.0,0.0,0.0,2,7340.0,7378.0,11,7388.0,7344.0,7376.0,7344.0,47.0,345638.0,18859
2023-05-11 09:23:57,SF2305,SF2305,7376.0,0.0,0.0,0.0,2,7340.0,7378.0,12,7388.0,7344.0,7376.0,7344.0,47.0,345638.0,18859
2023-05-11 09:23:57,SF2305,SF2305,7376.0,0.0,0.0,0.0,2,7340.0,7378.0,11,7388.0,7344.0,7376.0,7344.0,47.0,345638.0,18859
2023-05-11 09:23:58,SF2305,SF2305,7376.0,0.0,0.0,0.0,2,7340.0,7378.0,10,7388.0,7344.0,7376.0,7344.0,47.0,345638.0,18859
2023-05-11 09:23:58,SF2305,SF2305,7376.0,0.0,0.0,0.0,2,7340.0,7378.0,8,7388.0,7344.0,7376.0,7344.0,47.0,345638.0,18859
2023-05-11 09:23:59,SF2305,SF2305,7376.0,0.0,0.0,0.0,2,7340.0,7378.0,7,7388.0,7344.0,7376.0,7344.0,47.0,345638.0,18859
2023-05-11 09:23:59,SF2305,SF2305,7376.0,0.0,0.0,0.0,2,7340.0,7378.0,8,7388.0,7344.0,7376.0,7344.0,47.0,345638.0,18859
2023-05-11 09:24:01,SF2305,SF2305,7376.0,0.0,0.0,0.0,2,7340.0,7378.0,4,7388.0,7344.0,7376.0,7344.0,47.0,345638.0,18859
2023-05-11 09:24:01,SF2305,SF2305,7376.0,0.0,0.0,0.0,2,7340.0,7378.0,6,7388.0,7344.0,7376.0,7344.0,47.0,345638.0,18859
2023-05-11 09:24:02,SF2305,SF2305,7376.0,0.0,0.0,0.0,2,7340.0,7380.0,67,7388.0,7344.0,7376.0,7344.0,47.0,345638.0,18859
2023-05-11 09:24:03,SF2305,SF2305,7376.0,0.0,0.0,0.0,2,7340.0,7380.0,64,7388.0,7344.0,7376.0,7344.0,47.0,345638.0,18859
2023-05-11 09:24:03,SF2305,SF2305,7376.0,0.0,0.0,0.0,2,7340.0,7380.0,63,7388.0,7344.0,7376.0,7344.0,47.0,345638.0,18859
2023-05-11 09:24:04,SF2305,SF2305,7376.0,0.0,0.0,0.0,2,7340.0,7380.0,52,7388.0,7344.0,7376.0,7344.0,47.0,345638.0,18859
2023-05-11 09:24:04,SF2305,SF2305,7376.0,0.0,0.0,0.0,2,7340.0,7380.0,53,7388.0,7344.0,7376.0,7344.0,47.0,345638.0,18859
2023-05-11 09:24:05,SF2305,SF2305,7376.0,0.0,0.0,0.0,2,7340.0,7380.0,52,7388.0,7344.0,7376.0,7344.0,47.0,345638.0,18859
2023-05-11 09:24:05,SF2305,SF2305,7376.0,0.0,0.0,0.0,2,7340.0,7380.0,48,7388.0,7344.0,7376.0,7344.0,47.0,345638.0,18859
2023-05-11 09:24:05,SF2305,SF2305,7376.0,0.0,0.0,0.0,2,7340.0,7380.0,52,7388.0,7344.0,7376.0,7344.0,47.0,345638.0,18859
2023-05-11 09:24:05,SF2305,SF2305,7376.0,0.0,0.0,0.0,2,7340.0,7380.0,48,7388.0,7344.0,7376.0,7344.0,47.0,345638.0,18859
2023-05-11 09:24:15,SF2305,SF2305,7376.0,0.0,0.0,0.0,2,7340.0,7380.0,49,7388.0,7344.0,7376.0,7344.0,47.0,345638.0,18859
2023-05-11 09:24:15,SF2305,SF2305,7376.0,0.0,0.0,0.0,2,7340.0,7380.0,67,7388.0,7344.0,7376.0,7344.0,47.0,345638.0,18859
2023-05-11 09:24:18,SF2305,SF2305,7376.0,0.0,0.0,0.0,2,7340.0,7380.0,48,7388.0,7344.0,7376.0,7344.0,47.0,345638.0,18859
2023-05-11 09:26:49,SF2305,SF2305,7380.0,10.0,73768.0,-10.0,2,7340.0,7380.0,38,7388.0,7344.0,7380.0,7344.0,57.0,419406.0,18849
2023-05-11 09:27:21,SF2305,SF2305,7380.0,0.0,0.0,0.0,2,7340.0,7370.0,10,7388.0,7344.0,7380.0,7344.0,57.0,419406.0,18849
2023-05-11 09:39:41,SF2305,SF2305,7380.0,0.0,0.0,0.0,2,7340.0,7370.0,20,7388.0,7344.0,7380.0,7344.0,57.0,419406.0,18849
2023-05-11 09:41:25,SF2305,SF2305,7370.0,4.0,29554.0,0.0,2,7340.0,7370.0,16,7388.0,7344.0,7380.0,7344.0,61.0,448960.0,18849
2023-05-11 09:50:21,SF2305,SF2305,7370.0,0.0,0.0,0.0,2,7340.0,7370.0,26,7388.0,7344.0,7380.0,7344.0,61.0,448960.0,18849
2023-05-11 09:52:20,SF2305,SF2305,7370.0,10.0,73600.0,-4.0,2,7340.0,7370.0,16,7388.0,7344.0,7380.0,7344.0,71.0,522560.0,18845
2023-05-11 09:56:28,SF2305,SF2305,7370.0,0.0,0.0,0.0,10,7368.0,7370.0,16,7388.0,7344.0,7380.0,7344.0,71.0,522560.0,18845
2023-05-11 09:56:30,SF2305,SF2305,7370.0,0.0,0.0,0.0,2,7340.0,7370.0,16,7388.0,7344.0,7380.0,7344.0,71.0,522560.0,18845
2023-05-11 09:56:46,SF2305,SF2305,7370.0,10.0,73762.0,-10.0,2,7340.0,7370.0,6,7388.0,7344.0,7380.0,7344.0,81.0,596322.0,18835
2023-05-11 09:57:59,SF2305,SF2305,7370.0,6.0,44172.0,-6.0,2,7340.0,7372.0,10,7388.0,7344.0,7380.0,7344.0,87.0,640494.0,18829
2023-05-11 09:58:08,SF2305,SF2305,7372.0,10.0,73814.0,-10.0,2,7340.0,7374.0,10,7388.0,7344.0,7380.0,7344.0,97.0,714308.0,18819
2023-05-11 10:05:36,SF2305,SF2305,7374.0,10.0,73640.0,-10.0,2,7340.0,7380.0,48,7388.0,7344.0,7380.0,7344.0,107.0,787948.0,18809
2023-05-11 10:09:05,SF2305,SF2305,7374.0,0.0,0.0,0.0,2,7340.0,7380.0,50,7388.0,7344.0,7380.0,7344.0,107.0,787948.0,18809
2023-05-11 10:09:06,SF2305,SF2305,7374.0,0.0,0.0,0.0,2,7340.0,7380.0,56,7388.0,7344.0,7380.0,7344.0,107.0,787948.0,18809
2023-05-11 10:09:06,SF2305,SF2305,7374.0,0.0,0.0,0.0,2,7340.0,7380.0,64,7388.0,7344.0,7380.0,7344.0,107.0,787948.0,18809
2023-05-11 10:09:07,SF2305,SF2305,7374.0,0.0,0.0,0.0,2,7340.0,7380.0,66,7388.0,7344.0,7380.0,7344.0,107.0,787948.0,18809
2023-05-11 10:09:07,SF2305,SF2305,7374.0,0.0,0.0,0.0,2,7340.0,7380.0,67,7388.0,7344.0,7380.0,7344.0,107.0,787948.0,18809
2023-05-11 10:09:12,SF2305,SF2305,7374.0,0.0,0.0,0.0,2,7340.0,7380.0,64,7388.0,7344.0,7380.0,7344.0,107.0,787948.0,18809
2023-05-11 10:09:13,SF2305,SF2305,7374.0,0.0,0.0,0.0,2,7340.0,7380.0,63,7388.0,7344.0,7380.0,7344.0,107.0,787948.0,18809
2023-05-11 10:09:13,SF2305,SF2305,7374.0,0.0,0.0,0.0,2,7340.0,7380.0,65,7388.0,7344.0,7380.0,7344.0,107.0,787948.0,18809
2023-05-11 10:09:15,SF2305,SF2305,7374.0,0.0,0.0,0.0,2,7340.0,7380.0,64,7388.0,7344.0,7380.0,7344.0,107.0,787948.0,18809
2023-05-11 10:09:15,SF2305,SF2305,7374.0,0.0,0.0,0.0,2,7340.0,7380.0,65,7388.0,7344.0,7380.0,7344.0,107.0,787948.0,18809
2023-05-11 10:09:16,SF2305,SF2305,7374.0,0.0,0.0,0.0,2,7340.0,7380.0,66,7388.0,7344.0,7380.0,7344.0,107.0,787948.0,18809
2023-05-11 10:09:17,SF2305,SF2305,7374.0,0.0,0.0,0.0,2,7340.0,7380.0,67,7388.0,7344.0,7380.0,7344.0,107.0,787948.0,18809
2023-05-11 10:09:19,SF2305,SF2305,7374.0,0.0,0.0,0.0,2,7340.0,7380.0,66,7388.0,7344.0,7380.0,7344.0,107.0,787948.0,18809
2023-05-11 10:09:20,SF2305,SF2305,7374.0,0.0,0.0,0.0,2,7340.0,7380.0,67,7388.0,7344.0,7380.0,7344.0,107.0,787948.0,18809
2023-05-11 10:09:30,SF2305,SF2305,7374.0,0.0,0.0,0.0,2,7340.0,7380.0,66,7388.0,7344.0,7380.0,7344.0,107.0,787948.0,18809
2023-05-11 10:09:30,SF2305,SF2305,7374.0,0.0,0.0,0.0,2,7340.0,7380.0,67,7388.0,7344.0,7380.0,7344.0,107.0,787948.0,18809
2023-05-11 10:09:35,SF2305,SF2305,7374.0,0.0,0.0,0.0,2,7340.0,7380.0,49,7388.0,7344.0,7380.0,7344.0,107.0,787948.0,18809
2023-05-11 10:09:35,SF2305,SF2305,7374.0,0.0,0.0,0.0,2,7340.0,7380.0,50,7388.0,7344.0,7380.0,7344.0,107.0,787948.0,18809
2023-05-11 10:09:36,SF2305,SF2305,7374.0,0.0,0.0,0.0,2,7340.0,7380.0,48,7388.0,7344.0,7380.0,7344.0,107.0,787948.0,18809
2023-05-11 10:09:40,SF2305,SF2305,7374.0,0.0,0.0,0.0,2,7340.0,7380.0,50,7388.0,7344.0,7380.0,7344.0,107.0,787948.0,18809
