time,symbol_id,symbol_name,last,trade_volume,trade_amount,open_interest_change,bv1,bp1,ap1,av1,yesterday_close,today_open,today_high,today_low,volume,amount,open_interest
2023-05-11 08:59:00,SF2308,SF2308,7364.0,0.0,0.0,0.0,16,7294.0,7304.0,17,7364.0,7304.0,0.0,0.0,0.0,0.0,67155
2023-05-11 09:00:00,SF2308,SF2308,7304.0,17.0,124168.0,17.0,23,7304.0,7314.0,3,7364.0,7304.0,7304.0,7304.0,17.0,124168.0,67172
2023-05-11 09:00:00,SF2308,SF2308,7310.0,32.0,233826.0,28.0,43,7310.0,7312.0,1,7364.0,7304.0,7310.0,7304.0,49.0,357994.0,67200
2023-05-11 09:00:01,SF2308,SF2308,7306.0,25.0,182650.0,17.0,2,7308.0,7310.0,2,7364.0,7304.0,7316.0,7304.0,74.0,540644.0,67217
2023-05-11 09:00:01,SF2308,SF2308,7300.0,11.0,80366.0,7.0,3,7314.0,7316.0,3,7364.0,7304.0,7316.0,7300.0,85.0,621010.0,67224
2023-05-11 09:00:02,SF2308,SF2308,7302.0,21.0,153426.0,11.0,8,7302.0,7304.0,1,7364.0,7304.0,7320.0,7300.0,106.0,774436.0,67235
2023-05-11 09:00:02,SF2308,SF2308,7304.0,15.0,109590.0,3.0,1,7304.0,7308.0,2,7364.0,7304.0,7320.0,7300.0,121.0,884026.0,67238
2023-05-11 09:00:03,SF2308,SF2308,7318.0,22.0,161018.0,14.0,1,7306.0,7318.0,27,7364.0,7304.0,7320.0,7300.0,143.0,1045044.0,67252
2023-05-11 09:00:03,SF2308,SF2308,7318.0,10.0,73080.0,-4.0,2,7302.0,7318.0,27,7364.0,7304.0,7320.0,7300.0,153.0,1118124.0,67248
2023-05-11 09:00:04,SF2308,SF2308,7308.0,22.0,160776.0,-9.0,1,7302.0,7308.0,1,7364.0,7304.0,7320.0,7300.0,175.0,1278900.0,67239
2023-05-11 09:00:04,SF2308,SF2308,7308.0,8.0,58464.0,0.0,2,7306.0,7310.0,4,7364.0,7304.0,7320.0,7300.0,183.0,1337364.0,67239
2023-05-11 09:00:05,SF2308,SF2308,7306.0,5.0,36540.0,-3.0,1,7304.0,7308.0,4,7364.0,7304.0,7320.0,7300.0,188.0,1373904.0,67236
2023-05-11 09:00:05,SF2308,SF2308,7310.0,13.0,95004.0,-1.0,1,7308.0,7310.0,22,7364.0,7304.0,7320.0,7300.0,201.0,1468908.0,67235
2023-05-11 09:00:06,SF2308,SF2308,7308.0,5.0,36540.0,-3.0,1,7304.0,7308.0,3,7364.0,7304.0,7320.0,7300.0,206.0,1505448.0,67232
2023-05-11 09:00:06,SF2308,SF2308,7308.0,4.0,29232.0,-2.0,2,7304.0,7306.0,1,7364.0,7304.0,7320.0,7300.0,210.0,1534680.0,67230
2023-05-11 09:00:07,SF2308,SF2308,7306.0,2.0,14616.0,1.0,3,7304.0,7310.0,1,7364.0,7304.0,7320.0,7300.0,212.0,1549296.0,67231
2023-05-11 09:00:07,SF2308,SF2308,7306.0,3.0,21924.0,1.0,5,7302.0,7306.0,1,7364.0,7304.0,7320.0,7300.0,215.0,1571220.0,67232
2023-05-11 09:00:08,SF2308,SF2308,7304.0,4.0,29232.0,0.0,3,7302.0,7306.0,4,7364.0,7304.0,7320.0,7300.0,219.0,1600452.0,67232
2023-05-11 09:00:08,SF2308,SF2308,7304.0,7.0,51156.0,1.0,3,7300.0,7306.0,4,7364.0,7304.0,7320.0,7300.0,226.0,1651608.0,67233
2023-05-11 09:00:09,SF2308,SF2308,7304.0,0.0,0.0,0.0,5,7300.0,7306.0,4,7364.0,7304.0,7320.0,7300.0,226.0,1651608.0,67233
2023-05-11 09:00:09,SF2308,SF2308,7304.0,1.0,7308.0,1.0,1,7302.0,7306.0,5,7364.0,7304.0,7320.0,7300.0,227.0,1658916.0,67234
2023-05-11 09:00:10,SF2308,SF2308,7304.0,1.0,7308.0,0.0,2,7300.0,7302.0,1,7364.0,7304.0,7320.0,7300.0,228.0,1666224.0,67234
2023-05-11 09:00:10,SF2308,SF2308,7300.0,1.0,7308.0,0.0,3,7300.0,7306.0,3,7364.0,7304.0,7320.0,7300.0,229.0,1673532.0,67234
2023-05-11 09:00:11,SF2308,SF2308,7300.0,2.0,14616.0,1.0,4,7300.0,7308.0,3,7364.0,7304.0,7320.0,7300.0,231.0,1688148.0,67235
2023-05-11 09:00:11,SF2308,SF2308,7300.0,2.0,14616.0,1.0,2,7302.0,7308.0,2,7364.0,7304.0,7320.0,7300.0,233.0,1702764.0,67236
2023-05-11 09:00:12,SF2308,SF2308,7308.0,9.0,65772.0,5.0,1,7302.0,7304.0,3,7364.0,7304.0,7320.0,7298.0,242.0,1768536.0,67241
2023-05-11 09:00:12,SF2308,SF2308,7312.0,24.0,175392.0,16.0,1,7304.0,7312.0,8,7364.0,7304.0,7320.0,7298.0,266.0,1943928.0,67257
2023-05-11 09:00:13,SF2308,SF2308,7304.0,1.0,7308.0,1.0,6,7306.0,7308.0,1,7364.0,7304.0,7320.0,7298.0,267.0,1951236.0,67258
2023-05-11 09:00:13,SF2308,SF2308,7310.0,18.0,131544.0,14.0,7,7306.0,7312.0,1,7364.0,7304.0,7320.0,7298.0,285.0,2082780.0,67272
2023-05-11 09:00:14,SF2308,SF2308,7312.0,1.0,7308.0,0.0,3,7310.0,7314.0,1,7364.0,7304.0,7320.0,7298.0,286.0,2090088.0,67272
2023-05-11 09:00:14,SF2308,SF2308,7314.0,34.0,248472.0,28.0,13,7314.0,7316.0,2,7364.0,7304.0,7320.0,7298.0,320.0,2338560.0,67300
2023-05-11 09:00:15,SF2308,SF2308,7318.0,5.0,36540.0,4.0,14,7314.0,7318.0,1,7364.0,7304.0,7320.0,7298.0,325.0,2375100.0,67304
2023-05-11 09:00:15,SF2308,SF2308,7318.0,1.0,7308.0,1.0,12,7314.0,7318.0,10,7364.0,7304.0,7320.0,7298.0,326.0,2382408.0,67305
2023-05-11 09:00:16,SF2308,SF2308,7318.0,31.0,227262.0,18.0,3,7318.0,7322.0,2,7364.0,7304.0,7320.0,7298.0,357.0,2609670.0,67323
2023-05-11 09:00:16,SF2308,SF2308,7322.0,1.0,7310.0,1.0,1,7320.0,7322.0,2,7364.0,7304.0,7322.0,7298.0,358.0,2616980.0,67324
2023-05-11 09:00:17,SF2308,SF2308,7322.0,0.0,0.0,0.0,1,7320.0,7322.0,1,7364.0,7304.0,7322.0,7298.0,358.0,2616980.0,67324
2023-05-11 09:00:17,SF2308,SF2308,7322.0,0.0,0.0,0.0,3,7318.0,7320.0,1,7364.0,7304.0,7322.0,7298.0,358.0,2616980.0,67324
2023-05-11 09:00:18,SF2308,SF2308,7324.0,44.0,321640.0,34.0,1,7320.0,7324.0,1,7364.0,7304.0,7324.0,7298.0,402.0,2938620.0,67358
2023-05-11 09:00:18,SF2308,SF2308,7316.0,27.0,198228.0,1.0,2,7316.0,7320.0,1,7364.0,7304.0,7324.0,7298.0,429.0,3136848.0,67359
2023-05-11 09:00:19,SF2308,SF2308,7316.0,2.0,14624.0,-2.0,22,7312.0,7318.0,9,7364.0,7304.0,7324.0,7298.0,431.0,3151472.0,67357
2023-05-11 09:00:19,SF2308,SF2308,7316.0,0.0,0.0,0.0,8,7312.0,7318.0,4,7364.0,7304.0,7324.0,7298.0,431.0,3151472.0,67357
2023-05-11 09:00:20,SF2308,SF2308,7316.0,0.0,0.0,0.0,1,7312.0,7316.0,3,7364.0,7304.0,7324.0,7298.0,431.0,3151472.0,67357
2023-05-11 09:00:20,SF2308,SF2308,7316.0,0.0,0.0,0.0,1,7314.0,7316.0,1,7364.0,7304.0,7324.0,7298.0,431.0,3151472.0,67357
2023-05-11 09:00:21,SF2308,SF2308,7316.0,1.0,7312.0,1.0,1,7314.0,7318.0,2,7364.0,7304.0,7324.0,7298.0,432.0,3158784.0,67358
2023-05-11 09:00:21,SF2308,SF2308,7316.0,3.0,21936.0,0.0,3,7316.0,7318.0,2,7364.0,7304.0,7324.0,7298.0,435.0,3180720.0,67358
2023-05-11 09:00:22,SF2308,SF2308,7316.0,0.0,0.0,0.0,3,7316.0,7318.0,4,7364.0,7304.0,7324.0,7298.0,435.0,3180720.0,67358
2023-05-11 09:00:22,SF2308,SF2308,7318.0,3.0,21936.0,0.0,1,7318.0,7320.0,6,7364.0,7304.0,7324.0,7298.0,438.0,3202656.0,67358
2023-05-11 09:00:23,SF2308,SF2308,7318.0,0.0,0.0,0.0,1,7314.0,7320.0,5,7364.0,7304.0,7324.0,7298.0,438.0,3202656.0,67358
2023-05-11 09:00:23,SF2308,SF2308,7318.0,3.0,21936.0,1.0,1,7318.0,7320.0,3,7364.0,7304.0,7324.0,7298.0,441.0,3224592.0,67359
2023-05-11 09:00:24,SF2308,SF2308,7314.0,16.0,116992.0,-1.0,6,7314.0,7320.0,5,7364.0,7304.0,7324.0,7298.0,457.0,3341584.0,67358
2023-05-11 09:00:24,SF2308,SF2308,7316.0,4.0,29248.0,3.0,1,7316.0,7318.0,2,7364.0,7304.0,7324.0,7298.0,461.0,3370832.0,67361
2023-05-11 09:00:25,SF2308,SF2308,7318.0,20.0,146240.0,15.0,19,7318.0,7320.0,4,7364.0,7304.0,7324.0,7298.0,481.0,3517072.0,67376
2023-05-11 09:00:25,SF2308,SF2308,7320.0,9.0,65808.0,4.0,1,7318.0,7320.0,2,7364.0,7304.0,7324.0,7298.0,490.0,3582880.0,67380
2023-05-11 09:00:26,SF2308,SF2308,7320.0,3.0,21936.0,-3.0,3,7316.0,7322.0,8,7364.0,7304.0,7324.0,7298.0,493.0,3604816.0,67377
2023-05-11 09:00:26,SF2308,SF2308,7320.0,0.0,0.0,0.0,12,7318.0,7322.0,12,7364.0,7304.0,7324.0,7298.0,493.0,3604816.0,67377
2023-05-11 09:00:27,SF2308,SF2308,7320.0,0.0,0.0,0.0,1,7316.0,7320.0,3,7364.0,7304.0,7324.0,7298.0,493.0,3604816.0,67377
2023-05-11 09:00:27,SF2308,SF2308,7320.0,0.0,0.0,0.0,5,7314.0,7320.0,8,7364.0,7304.0,7324.0,7298.0,493.0,3604816.0,67377
2023-05-11 09:00:28,SF2308,SF2308,7320.0,0.0,0.0,0.0,4,7314.0,7318.0,1,7364.0,7304.0,7324.0,7298.0,493.0,3604816.0,67377
2023-05-11 09:00:28,SF2308,SF2308,7320.0,0.0,0.0,0.0,1,7314.0,7320.0,7,7364.0,7304.0,7324.0,7298.0,493.0,3604816.0,67377
2023-05-11 09:00:29,SF2308,SF2308,7320.0,0.0,0.0,0.0,2,7314.0,7320.0,1,7364.0,7304.0,7324.0,7298.0,493.0,3604816.0,67377
2023-05-11 09:00:29,SF2308,SF2308,7320.0,0.0,0.0,0.0,1,7318.0,7322.0,6,7364.0,7304.0,7324.0,7298.0,493.0,3604816.0,67377
2023-05-11 09:00:30,SF2308,SF2308,7322.0,3.0,21936.0,0.0,7,7318.0,7324.0,8,7364.0,7304.0,7324.0,7298.0,496.0,3626752.0,67377
2023-05-11 09:00:30,SF2308,SF2308,7324.0,30.0,219360.0,-18.0,1,7324.0,7326.0,2,7364.0,7304.0,7324.0,7298.0,526.0,3846112.0,67359
2023-05-11 09:00:31,SF2308,SF2308,7328.0,10.0,74192.0,-3.0,3,7326.0,7328.0,6,7364.0,7304.0,7328.0,7298.0,536.0,3920304.0,67356
2023-05-11 09:00:31,SF2308,SF2308,7326.0,1.0,7314.0,-1.0,4,7326.0,7330.0,1,7364.0,7304.0,7328.0,7298.0,537.0,3927618.0,67355
2023-05-11 09:00:32,SF2308,SF2308,7326.0,3.0,21942.0,1.0,3,7324.0,7330.0,2,7364.0,7304.0,7332.0,7298.0,540.0,3949560.0,67356
2023-05-11 09:00:32,SF2308,SF2308,7324.0,6.0,43884.0,-1.0,3,7320.0,7326.0,1,7364.0,7304.0,7332.0,7298.0,546.0,3993444.0,67355
2023-05-11 09:00:33,SF2308,SF2308,7322.0,4.0,29256.0,2.0,12,7320.0,7326.0,13,7364.0,7304.0,7332.0,7298.0,550.0,4022700.0,67357
2023-05-11 09:00:33,SF2308,SF2308,7324.0,3.0,21942.0,1.0,4,7324.0,7328.0,25,7364.0,7304.0,7332.0,7298.0,553.0,4044642.0,67358
2023-05-11 09:00:34,SF2308,SF2308,7328.0,14.0,102396.0,1.0,4,7328.0,7332.0,4,7364.0,7304.0,7332.0,7298.0,567.0,4147038.0,67359
2023-05-11 09:00:34,SF2308,SF2308,7330.0,2.0,14628.0,-2.0,10,7326.0,7332.0,9,7364.0,7304.0,7332.0,7298.0,569.0,4161666.0,67357
2023-05-11 09:00:35,SF2308,SF2308,7328.0,1.0,7314.0,0.0,3,7326.0,7328.0,2,7364.0,7304.0,7332.0,7298.0,570.0,4168980.0,67357
2023-05-11 09:00:35,SF2308,SF2308,7324.0,15.0,109710.0,-4.0,19,7324.0,7328.0,3,7364.0,7304.0,7332.0,7298.0,585.0,4278690.0,67353
2023-05-11 09:00:36,SF2308,SF2308,7330.0,40.0,293810.0,13.0,1,7328.0,7330.0,1,7364.0,7304.0,7332.0,7298.0,625.0,4572500.0,67366
2023-05-11 09:00:36,SF2308,SF2308,7330.0,6.0,43896.0,0.0,2,7328.0,7332.0,3,7364.0,7304.0,7332.0,7298.0,631.0,4616396.0,67366
2023-05-11 09:00:37,SF2308,SF2308,7328.0,2.0,14632.0,-1.0,4,7328.0,7332.0,1,7364.0,7304.0,7332.0,7298.0,633.0,4631028.0,67365
2023-05-11 09:00:37,SF2308,SF2308,7336.0,11.0,80476.0,-1.0,4,7328.0,7334.0,5,7364.0,7304.0,7336.0,7298.0,644.0,4711504.0,67364
2023-05-11 09:00:38,SF2308,SF2308,7336.0,0.0,0.0,0.0,2,7328.0,7332.0,1,7364.0,7304.0,7336.0,7298.0,644.0,4711504.0,67364
2023-05-11 09:00:38,SF2308,SF2308,7336.0,0.0,0.0,0.0,7,7328.0,7332.0,1,7364.0,7304.0,7336.0,7298.0,644.0,4711504.0,67364
2023-05-11 09:00:39,SF2308,SF2308,7332.0,1.0,7316.0,0.0,1,7328.0,7330.0,1,7364.0,7304.0,7336.0,7298.0,645.0,4718820.0,67364
2023-05-11 09:00:39,SF2308,SF2308,7332.0,0.0,0.0,0.0,5,7330.0,7332.0,3,7364.0,7304.0,7336.0,7298.0,645.0,4718820.0,67364
2023-05-11 09:00:40,SF2308,SF2308,7332.0,0.0,0.0,0.0,1,7330.0,7332.0,2,7364.0,7304.0,7336.0,7298.0,645.0,4718820.0,67364
2023-05-11 09:00:40,SF2308,SF2308,7332.0,0.0,0.0,0.0,9,7328.0,7332.0,5,7364.0,7304.0,7336.0,7298.0,645.0,4718820.0,67364
2023-05-11 09:00:41,SF2308,SF2308,7328.0,4.0,29264.0,0.0,2,7328.0,7330.0,1,7364.0,7304.0,7336.0,7298.0,649.0,4748084.0,67364
2023-05-11 09:00:41,SF2308,SF2308,7332.0,3.0,21948.0,3.0,4,7328.0,7334.0,2,7364.0,7304.0,7336.0,7298.0,652.0,4770032.0,67367
2023-05-11 09:00:42,SF2308,SF2308,7332.0,0.0,0.0,0.0,10,7328.0,7332.0,5,7364.0,7304.0,7336.0,7298.0,652.0,4770032.0,67367
2023-05-11 09:00:42,SF2308,SF2308,7332.0,0.0,0.0,0.0,2,7330.0,7334.0,2,7364.0,7304.0,7336.0,7298.0,652.0,4770032.0,67367
2023-05-11 09:00:43,SF2308,SF2308,7330.0,1.0,7316.0,0.0,4,7330.0,7334.0,5,7364.0,7304.0,7336.0,7298.0,653.0,4777348.0,67367
2023-05-11 09:00:43,SF2308,SF2308,7334.0,2.0,14632.0,2.0,8,7330.0,7334.0,3,7364.0,7304.0,7336.0,7298.0,655.0,4791980.0,67369
2023-05-11 09:00:44,SF2308,SF2308,7328.0,27.0,197532.0,-5.0,3,7326.0,7328.0,7,7364.0,7304.0,7336.0,7298.0,682.0,4989512.0,67364
2023-05-11 09:00:44,SF2308,SF2308,7326.0,12.0,87792.0,-7.0,13,7322.0,7326.0,3,7364.0,7304.0,7336.0,7298.0,694.0,5077304.0,67357
2023-05-11 09:00:45,SF2308,SF2308,7326.0,0.0,0.0,0.0,10,7324.0,7326.0,1,7364.0,7304.0,7336.0,7298.0,694.0,5077304.0,67357
2023-05-11 09:00:45,SF2308,SF2308,7326.0,2.0,14632.0,-1.0,8,7326.0,7330.0,15,7364.0,7304.0,7336.0,7298.0,696.0,5091936.0,67356
2023-05-11 09:00:46,SF2308,SF2308,7328.0,2.0,14632.0,-1.0,11,7328.0,7332.0,6,7364.0,7304.0,7336.0,7298.0,698.0,5106568.0,67355
2023-05-11 09:00:46,SF2308,SF2308,7328.0,0.0,0.0,0.0,2,7328.0,7332.0,5,7364.0,7304.0,7336.0,7298.0,698.0,5106568.0,67355
2023-05-11 09:00:47,SF2308,SF2308,7328.0,2.0,14632.0,0.0,11,7326.0,7330.0,2,7364.0,7304.0,7336.0,7298.0,700.0,5121200.0,67355
2023-05-11 09:00:47,SF2308,SF2308,7328.0,0.0,0.0,0.0,8,7326.0,7330.0,2,7364.0,7304.0,7336.0,7298.0,700.0,5121200.0,67355
2023-05-11 09:00:48,SF2308,SF2308,7328.0,0.0,0.0,0.0,21,7324.0,7328.0,3,7364.0,7304.0,7336.0,7298.0,700.0,5121200.0,67355
2023-05-11 09:00:48,SF2308,SF2308,7328.0,0.0,0.0,0.0,11,7324.0,7328.0,5,7364.0,7304.0,7336.0,7298.0,700.0,5121200.0,67355
2023-05-11 09:00:49,SF2308,SF2308,7328.0,0.0,0.0,0.0,11,7324.0,7330.0,14,7364.0,7304.0,7336.0,7298.0,700.0,5121200.0,67355
2023-05-11 09:00:49,SF2308,SF2308,7328.0,0.0,0.0,0.0,11,7324.0,7328.0,2,7364.0,7304.0,7336.0,7298.0,700.0,5121200.0,67355
2023-05-11 09:00:50,SF2308,SF2308,7324.0,1.0,7316.0,0.0,5,7324.0,7328.0,4,7364.0,7304.0,7336.0,7298.0,701.0,5128516.0,67355
2023-05-11 09:00:50,SF2308,SF2308,7324.0,4.0,29264.0,0.0,44,7322.0,7326.0,5,7364.0,7304.0,7336.0,7298.0,705.0,5157780.0,67355
2023-05-11 09:00:51,SF2308,SF2308,7324.0,0.0,0.0,0.0,17,7320.0,7326.0,6,7364.0,7304.0,7336.0,7298.0,705.0,5157780.0,67355
2023-05-11 09:00:51,SF2308,SF2308,7324.0,0.0,0.0,0.0,6,7320.0,7324.0,9,7364.0,7304.0,7336.0,7298.0,705.0,5157780.0,67355
2023-05-11 09:00:52,SF2308,SF2308,7324.0,0.0,0.0,0.0,14,7318.0,7322.0,1,7364.0,7304.0,7336.0,7298.0,705.0,5157780.0,67355
2023-05-11 09:00:52,SF2308,SF2308,7324.0,0.0,0.0,0.0,3,7318.0,7322.0,10,7364.0,7304.0,7336.0,7298.0,705.0,5157780.0,67355
2023-05-11 09:00:53,SF2308,SF2308,7324.0,0.0,0.0,0.0,6,7316.0,7320.0,3,7364.0,7304.0,7336.0,7298.0,705.0,5157780.0,67355
2023-05-11 09:00:53,SF2308,SF2308,7324.0,0.0,0.0,0.0,22,7314.0,7318.0,2,7364.0,7304.0,7336.0,7298.0,705.0,5157780.0,67355
2023-05-11 09:00:54,SF2308,SF2308,7324.0,0.0,0.0,0.0,10,7314.0,7318.0,5,7364.0,7304.0,7336.0,7298.0,705.0,5157780.0,67355
2023-05-11 09:00:54,SF2308,SF2308,7324.0,0.0,0.0,0.0,1,7314.0,7318.0,3,7364.0,7304.0,7336.0,7298.0,705.0,5157780.0,67355
2023-05-11 09:00:55,SF2308,SF2308,7318.0,3.0,21948.0,0.0,1,7318.0,7320.0,14,7364.0,7304.0,7336.0,7298.0,708.0,5179728.0,67355
2023-05-11 09:00:55,SF2308,SF2308,7318.0,0.0,0.0,0.0,8,7316.0,7320.0,15,7364.0,7304.0,7336.0,7298.0,708.0,5179728.0,67355
2023-05-11 09:00:56,SF2308,SF2308,7316.0,1.0,7316.0,1.0,6,7316.0,7318.0,1,7364.0,7304.0,7336.0,7298.0,709.0,5187044.0,67356
2023-05-11 09:00:56,SF2308,SF2308,7316.0,0.0,0.0,0.0,15,7318.0,7322.0,3,7364.0,7304.0,7336.0,7298.0,709.0,5187044.0,67356
2023-05-11 09:00:57,SF2308,SF2308,7316.0,0.0,0.0,0.0,3,7320.0,7324.0,9,7364.0,7304.0,7336.0,7298.0,709.0,5187044.0,67356
2023-05-11 09:00:58,SF2308,SF2308,7316.0,0.0,0.0,0.0,5,7320.0,7324.0,8,7364.0,7304.0,7336.0,7298.0,709.0,5187044.0,67356
2023-05-11 09:00:58,SF2308,SF2308,7316.0,0.0,0.0,0.0,6,7320.0,7324.0,3,7364.0,7304.0,7336.0,7298.0,709.0,5187044.0,67356
2023-05-11 09:00:59,SF2308,SF2308,7316.0,0.0,0.0,0.0,4,7322.0,7326.0,18,7364.0,7304.0,7336.0,7298.0,709.0,5187044.0,67356
2023-05-11 09:00:59,SF2308,SF2308,7322.0,1.0,7316.0,-1.0,15,7320.0,7324.0,1,7364.0,7304.0,7336.0,7298.0,710.0,5194360.0,67355
2023-05-11 09:01:00,SF2308,SF2308,7324.0,3.0,21948.0,3.0,16,7324.0,7326.0,11,7364.0,7304.0,7336.0,7298.0,713.0,5216308.0,67358
2023-05-11 09:01:00,SF2308,SF2308,7324.0,2.0,14632.0,-2.0,3,7324.0,7326.0,1,7364.0,7304.0,7336.0,7298.0,715.0,5230940.0,67356
2023-05-11 09:01:01,SF2308,SF2308,7322.0,4.0,29264.0,-1.0,15,7320.0,7324.0,1,7364.0,7304.0,7336.0,7298.0,719.0,5260204.0,67355
2023-05-11 09:01:01,SF2308,SF2308,7322.0,0.0,0.0,0.0,4,7320.0,7324.0,4,7364.0,7304.0,7336.0,7298.0,719.0,5260204.0,67355
2023-05-11 09:01:01,SF2308,SF2308,7320.0,1.0,7316.0,0.0,4,7320.0,7324.0,4,7364.0,7304.0,7336.0,7298.0,720.0,5267520.0,67355
2023-05-11 09:01:02,SF2308,SF2308,7322.0,3.0,21948.0,0.0,1,7320.0,7324.0,12,7364.0,7304.0,7336.0,7298.0,723.0,5289468.0,67355
2023-05-11 09:01:03,SF2308,SF2308,7322.0,3.0,21948.0,3.0,1,7320.0,7322.0,2,7364.0,7304.0,7336.0,7298.0,726.0,5311416.0,67358
2023-05-11 09:01:03,SF2308,SF2308,7320.0,1.0,7316.0,-1.0,6,7318.0,7322.0,5,7364.0,7304.0,7336.0,7298.0,727.0,5318732.0,67357
2023-05-11 09:01:04,SF2308,SF2308,7316.0,6.0,43896.0,3.0,2,7316.0,7320.0,3,7364.0,7304.0,7336.0,7298.0,733.0,5362628.0,67360
2023-05-11 09:01:04,SF2308,SF2308,7316.0,3.0,21948.0,-2.0,2,7316.0,7320.0,7,7364.0,7304.0,7336.0,7298.0,736.0,5384576.0,67358
2023-05-11 09:01:05,SF2308,SF2308,7320.0,3.0,21948.0,3.0,1,7320.0,7322.0,11,7364.0,7304.0,7336.0,7298.0,739.0,5406524.0,67361
2023-05-11 09:01:05,SF2308,SF2308,7322.0,24.0,177110.0,-11.0,1,7322.0,7324.0,12,7364.0,7304.0,7336.0,7298.0,763.0,5583634.0,67350
2023-05-11 09:01:06,SF2308,SF2308,7322.0,0.0,0.0,0.0,7,7320.0,7324.0,2,7364.0,7304.0,7336.0,7298.0,763.0,5583634.0,67350
2023-05-11 09:01:06,SF2308,SF2308,7322.0,0.0,0.0,0.0,1,7322.0,7324.0,15,7364.0,7304.0,7336.0,7298.0,763.0,5583634.0,67350
2023-05-11 09:01:07,SF2308,SF2308,7322.0,1.0,7318.0,-1.0,5,7320.0,7322.0,2,7364.0,7304.0,7336.0,7298.0,764.0,5590952.0,67349
2023-05-11 09:01:07,SF2308,SF2308,7320.0,4.0,29272.0,3.0,2,7320.0,7322.0,8,7364.0,7304.0,7336.0,7298.0,768.0,5620224.0,67352
2023-05-11 09:01:07,SF2308,SF2308,7320.0,0.0,0.0,0.0,5,7318.0,7322.0,8,7364.0,7304.0,7336.0,7298.0,768.0,5620224.0,67352
2023-05-11 09:01:08,SF2308,SF2308,7320.0,0.0,0.0,0.0,1,7320.0,7322.0,9,7364.0,7304.0,7336.0,7298.0,768.0,5620224.0,67352
2023-05-11 09:01:09,SF2308,SF2308,7320.0,0.0,0.0,0.0,3,7318.0,7320.0,5,7364.0,7304.0,7336.0,7298.0,768.0,5620224.0,67352
2023-05-11 09:01:09,SF2308,SF2308,7320.0,0.0,0.0,0.0,4,7318.0,7322.0,11,7364.0,7304.0,7336.0,7298.0,768.0,5620224.0,67352
2023-05-11 09:01:10,SF2308,SF2308,7322.0,3.0,21954.0,3.0,1,7320.0,7322.0,5,7364.0,7304.0,7336.0,7298.0,771.0,5642178.0,67355
2023-05-11 09:01:10,SF2308,SF2308,7322.0,1.0,7318.0,1.0,1,7320.0,7322.0,9,7364.0,7304.0,7336.0,7298.0,772.0,5649496.0,67356
2023-05-11 09:01:11,SF2308,SF2308,7322.0,1.0,7318.0,1.0,1,7320.0,7322.0,6,7364.0,7304.0,7336.0,7298.0,773.0,5656814.0,67357
2023-05-11 09:01:11,SF2308,SF2308,7320.0,1.0,7318.0,0.0,27,7316.0,7322.0,10,7364.0,7304.0,7336.0,7298.0,774.0,5664132.0,67357
2023-05-11 09:01:12,SF2308,SF2308,7320.0,0.0,0.0,0.0,17,7316.0,7320.0,1,7364.0,7304.0,7336.0,7298.0,774.0,5664132.0,67357
2023-05-11 09:01:12,SF2308,SF2308,7316.0,3.0,21954.0,3.0,1,7316.0,7318.0,3,7364.0,7304.0,7336.0,7298.0,777.0,5686086.0,67360
2023-05-11 09:01:13,SF2308,SF2308,7316.0,0.0,0.0,0.0,1,7314.0,7316.0,6,7364.0,7304.0,7336.0,7298.0,777.0,5686086.0,67360
2023-05-11 09:01:13,SF2308,SF2308,7316.0,3.0,21954.0,0.0,3,7314.0,7318.0,25,7364.0,7304.0,7336.0,7298.0,780.0,5708040.0,67360
2023-05-11 09:01:14,SF2308,SF2308,7318.0,15.0,109770.0,15.0,5,7314.0,7318.0,2,7364.0,7304.0,7336.0,7298.0,795.0,5817810.0,67375
2023-05-11 09:01:14,SF2308,SF2308,7318.0,0.0,0.0,0.0,2,7318.0,7322.0,27,7364.0,7304.0,7336.0,7298.0,795.0,5817810.0,67375
2023-05-11 09:01:15,SF2308,SF2308,7318.0,0.0,0.0,0.0,16,7318.0,7322.0,1,7364.0,7304.0,7336.0,7298.0,795.0,5817810.0,67375
2023-05-11 09:01:15,SF2308,SF2308,7318.0,2.0,14636.0,1.0,3,7318.0,7324.0,20,7364.0,7304.0,7336.0,7298.0,797.0,5832446.0,67376
2023-05-11 09:01:15,SF2308,SF2308,7318.0,0.0,0.0,0.0,14,7318.0,7322.0,8,7364.0,7304.0,7336.0,7298.0,797.0,5832446.0,67376
2023-05-11 09:01:16,SF2308,SF2308,7318.0,0.0,0.0,0.0,13,7318.0,7322.0,11,7364.0,7304.0,7336.0,7298.0,797.0,5832446.0,67376
2023-05-11 09:01:17,SF2308,SF2308,7318.0,0.0,0.0,0.0,4,7318.0,7322.0,21,7364.0,7304.0,7336.0,7298.0,797.0,5832446.0,67376
2023-05-11 09:01:17,SF2308,SF2308,7318.0,2.0,14636.0,2.0,1,7318.0,7320.0,2,7364.0,7304.0,7336.0,7298.0,799.0,5847082.0,67378
2023-05-11 09:01:18,SF2308,SF2308,7320.0,2.0,14636.0,2.0,1,7318.0,7320.0,2,7364.0,7304.0,7336.0,7298.0,801.0,5861718.0,67380
2023-05-11 09:01:18,SF2308,SF2308,7320.0,0.0,0.0,0.0,1,7320.0,7322.0,35,7364.0,7304.0,7336.0,7298.0,801.0,5861718.0,67380
2023-05-11 09:01:19,SF2308,SF2308,7320.0,0.0,0.0,0.0,1,7320.0,7322.0,15,7364.0,7304.0,7336.0,7298.0,801.0,5861718.0,67380
2023-05-11 09:01:19,SF2308,SF2308,7320.0,0.0,0.0,0.0,1,7320.0,7322.0,5,7364.0,7304.0,7336.0,7298.0,801.0,5861718.0,67380
2023-05-11 09:01:21,SF2308,SF2308,7322.0,1.0,7318.0,0.0,17,7318.0,7322.0,4,7364.0,7304.0,7336.0,7298.0,802.0,5869036.0,67380
2023-05-11 09:01:21,SF2308,SF2308,7322.0,0.0,0.0,0.0,17,7318.0,7322.0,6,7364.0,7304.0,7336.0,7298.0,802.0,5869036.0,67380
2023-05-11 09:01:22,SF2308,SF2308,7322.0,1.0,7318.0,0.0,16,7318.0,7322.0,4,7364.0,7304.0,7336.0,7298.0,803.0,5876354.0,67380
2023-05-11 09:01:22,SF2308,SF2308,7322.0,1.0,7318.0,0.0,12,7320.0,7324.0,15,7364.0,7304.0,7336.0,7298.0,804.0,5883672.0,67380
2023-05-11 09:01:22,SF2308,SF2308,7322.0,0.0,0.0,0.0,17,7320.0,7324.0,8,7364.0,7304.0,7336.0,7298.0,804.0,5883672.0,67380
2023-05-11 09:01:23,SF2308,SF2308,7322.0,0.0,0.0,0.0,14,7320.0,7324.0,8,7364.0,7304.0,7336.0,7298.0,804.0,5883672.0,67380
2023-05-11 09:01:24,SF2308,SF2308,7320.0,14.0,102452.0,6.0,4,7320.0,7322.0,1,7364.0,7304.0,7336.0,7298.0,818.0,5986124.0,67386
2023-05-11 09:01:24,SF2308,SF2308,7322.0,1.0,7318.0,1.0,4,7320.0,7324.0,13,7364.0,7304.0,7336.0,7298.0,819.0,5993442.0,67387
2023-05-11 09:01:25,SF2308,SF2308,7322.0,0.0,0.0,0.0,4,7320.0,7324.0,14,7364.0,7304.0,7336.0,7298.0,819.0,5993442.0,67387
2023-05-11 09:01:25,SF2308,SF2308,7322.0,0.0,0.0,0.0,31,7318.0,7322.0,2,7364.0,7304.0,7336.0,7298.0,819.0,5993442.0,67387
2023-05-11 09:01:26,SF2308,SF2308,7322.0,0.0,0.0,0.0,30,7320.0,7324.0,25,7364.0,7304.0,7336.0,7298.0,819.0,5993442.0,67387
2023-05-11 09:01:26,SF2308,SF2308,7322.0,0.0,0.0,0.0,13,7320.0,7324.0,7,7364.0,7304.0,7336.0,7298.0,819.0,5993442.0,67387
2023-05-11 09:01:27,SF2308,SF2308,7322.0,0.0,0.0,0.0,21,7318.0,7322.0,2,7364.0,7304.0,7336.0,7298.0,819.0,5993442.0,67387
2023-05-11 09:01:27,SF2308,SF2308,7322.0,0.0,0.0,0.0,4,7318.0,7322.0,16,7364.0,7304.0,7336.0,7298.0,819.0,5993442.0,67387
2023-05-11 09:01:28,SF2308,SF2308,7318.0,2.0,14636.0,1.0,3,7318.0,7322.0,17,7364.0,7304.0,7336.0,7298.0,821.0,6008078.0,67388
2023-05-11 09:01:28,SF2308,SF2308,7318.0,0.0,0.0,0.0,4,7318.0,7322.0,14,7364.0,7304.0,7336.0,7298.0,821.0,6008078.0,67388
2023-05-11 09:01:29,SF2308,SF2308,7318.0,0.0,0.0,0.0,5,7318.0,7322.0,15,7364.0,7304.0,7336.0,7298.0,821.0,6008078.0,67388
2023-05-11 09:01:30,SF2308,SF2308,7318.0,0.0,0.0,0.0,3,7318.0,7322.0,18,7364.0,7304.0,7336.0,7298.0,821.0,6008078.0,67388
2023-05-11 09:01:30,SF2308,SF2308,7318.0,0.0,0.0,0.0,60,7316.0,7322.0,18,7364.0,7304.0,7336.0,7298.0,821.0,6008078.0,67388
2023-05-11 09:01:31,SF2308,SF2308,7318.0,0.0,0.0,0.0,56,7316.0,7320.0,3,7364.0,7304.0,7336.0,7298.0,821.0,6008078.0,67388
2023-05-11 09:01:31,SF2308,SF2308,7318.0,0.0,0.0,0.0,16,7316.0,7320.0,17,7364.0,7304.0,7336.0,7298.0,821.0,6008078.0,67388
2023-05-11 09:01:32,SF2308,SF2308,7318.0,0.0,0.0,0.0,16,7316.0,7320.0,16,7364.0,7304.0,7336.0,7298.0,821.0,6008078.0,67388
2023-05-11 09:01:32,SF2308,SF2308,7320.0,3.0,21954.0,3.0,2,7318.0,7320.0,1,7364.0,7304.0,7336.0,7298.0,824.0,6030032.0,67391
2023-05-11 09:01:33,SF2308,SF2308,7320.0,5.0,36590.0,-3.0,1,7320.0,7324.0,24,7364.0,7304.0,7336.0,7298.0,829.0,6066622.0,67388
2023-05-11 09:01:33,SF2308,SF2308,7320.0,0.0,0.0,0.0,15,7320.0,7324.0,5,7364.0,7304.0,7336.0,7298.0,829.0,6066622.0,67388
2023-05-11 09:01:34,SF2308,SF2308,7320.0,0.0,0.0,0.0,46,7320.0,7324.0,2,7364.0,7304.0,7336.0,7298.0,829.0,6066622.0,67388
2023-05-11 09:01:34,SF2308,SF2308,7328.0,22.0,160996.0,15.0,1,7324.0,7328.0,3,7364.0,7304.0,7336.0,7298.0,851.0,6227618.0,67403
2023-05-11 09:01:35,SF2308,SF2308,7328.0,0.0,0.0,0.0,1,7324.0,7326.0,2,7364.0,7304.0,7336.0,7298.0,851.0,6227618.0,67403
2023-05-11 09:01:35,SF2308,SF2308,7328.0,0.0,0.0,0.0,17,7322.0,7326.0,5,7364.0,7304.0,7336.0,7298.0,851.0,6227618.0,67403
2023-05-11 09:01:36,SF2308,SF2308,7328.0,0.0,0.0,0.0,33,7322.0,7324.0,1,7364.0,7304.0,7336.0,7298.0,851.0,6227618.0,67403
2023-05-11 09:01:36,SF2308,SF2308,7322.0,13.0,95134.0,8.0,52,7320.0,7324.0,5,7364.0,7304.0,7336.0,7298.0,864.0,6322752.0,67411
2023-05-11 09:01:36,SF2308,SF2308,7322.0,0.0,0.0,0.0,32,7320.0,7324.0,4,7364.0,7304.0,7336.0,7298.0,864.0,6322752.0,67411
2023-05-11 09:01:38,SF2308,SF2308,7322.0,0.0,0.0,0.0,32,7320.0,7324.0,14,7364.0,7304.0,7336.0,7298.0,864.0,6322752.0,67411
2023-05-11 09:01:39,SF2308,SF2308,7324.0,6.0,43908.0,1.0,3,7322.0,7324.0,13,7364.0,7304.0,7336.0,7298.0,870.0,6366660.0,67412
2023-05-11 09:01:40,SF2308,SF2308,7324.0,2.0,14636.0,0.0,2,7322.0,7324.0,4,7364.0,7304.0,7336.0,7298.0,872.0,6381296.0,67412
2023-05-11 09:01:40,SF2308,SF2308,7324.0,0.0,0.0,0.0,1,7322.0,7324.0,4,7364.0,7304.0,7336.0,7298.0,872.0,6381296.0,67412
2023-05-11 09:01:41,SF2308,SF2308,7324.0,0.0,0.0,0.0,2,7322.0,7324.0,14,7364.0,7304.0,7336.0,7298.0,872.0,6381296.0,67412
2023-05-11 09:01:41,SF2308,SF2308,7324.0,0.0,0.0,0.0,10,7320.0,7324.0,14,7364.0,7304.0,7336.0,7298.0,872.0,6381296.0,67412
2023-05-11 09:01:42,SF2308,SF2308,7324.0,0.0,0.0,0.0,11,7320.0,7324.0,14,7364.0,7304.0,7336.0,7298.0,872.0,6381296.0,67412
2023-05-11 09:01:43,SF2308,SF2308,7324.0,0.0,0.0,0.0,7,7320.0,7324.0,14,7364.0,7304.0,7336.0,7298.0,872.0,6381296.0,67412
2023-05-11 09:01:43,SF2308,SF2308,7324.0,0.0,0.0,0.0,3,7320.0,7324.0,14,7364.0,7304.0,7336.0,7298.0,872.0,6381296.0,67412
2023-05-11 09:01:44,SF2308,SF2308,7326.0,15.0,109770.0,-1.0,7,7324.0,7326.0,33,7364.0,7304.0,7336.0,7298.0,887.0,6491066.0,67411
2023-05-11 09:01:44,SF2308,SF2308,7324.0,20.0,146360.0,-3.0,36,7322.0,7326.0,4,7364.0,7304.0,7336.0,7298.0,907.0,6637426.0,67408
2023-05-11 09:01:45,SF2308,SF2308,7324.0,0.0,0.0,0.0,4,7322.0,7326.0,19,7364.0,7304.0,7336.0,7298.0,907.0,6637426.0,67408
2023-05-11 09:01:45,SF2308,SF2308,7324.0,0.0,0.0,0.0,3,7322.0,7326.0,20,7364.0,7304.0,7336.0,7298.0,907.0,6637426.0,67408
2023-05-11 09:01:46,SF2308,SF2308,7324.0,0.0,0.0,0.0,3,7322.0,7326.0,30,7364.0,7304.0,7336.0,7298.0,907.0,6637426.0,67408
2023-05-11 09:01:46,SF2308,SF2308,7324.0,0.0,0.0,0.0,4,7320.0,7324.0,14,7364.0,7304.0,7336.0,7298.0,907.0,6637426.0,67408
2023-05-11 09:01:46,SF2308,SF2308,7320.0,7.0,51226.0,-3.0,2,7320.0,7324.0,17,7364.0,7304.0,7336.0,7298.0,914.0,6688652.0,67405
2023-05-11 09:01:47,SF2308,SF2308,7320.0,0.0,0.0,0.0,2,7320.0,7324.0,18,7364.0,7304.0,7336.0,7298.0,914.0,6688652.0,67405
2023-05-11 09:01:49,SF2308,SF2308,7320.0,0.0,0.0,0.0,45,7318.0,7324.0,18,7364.0,7304.0,7336.0,7298.0,914.0,6688652.0,67405
2023-05-11 09:01:49,SF2308,SF2308,7320.0,0.0,0.0,0.0,45,7318.0,7322.0,2,7364.0,7304.0,7336.0,7298.0,914.0,6688652.0,67405
2023-05-11 09:01:50,SF2308,SF2308,7320.0,0.0,0.0,0.0,5,7318.0,7322.0,17,7364.0,7304.0,7336.0,7298.0,914.0,6688652.0,67405
2023-05-11 09:01:50,SF2308,SF2308,7320.0,23.0,168314.0,2.0,8,7320.0,7324.0,43,7364.0,7304.0,7336.0,7298.0,937.0,6856966.0,67407
2023-05-11 09:01:51,SF2308,SF2308,7320.0,0.0,0.0,0.0,13,7320.0,7324.0,2,7364.0,7304.0,7336.0,7298.0,937.0,6856966.0,67407
2023-05-11 09:01:51,SF2308,SF2308,7320.0,0.0,0.0,0.0,17,7318.0,7322.0,11,7364.0,7304.0,7336.0,7298.0,937.0,6856966.0,67407
2023-05-11 09:01:52,SF2308,SF2308,7320.0,0.0,0.0,0.0,1,7320.0,7322.0,3,7364.0,7304.0,7336.0,7298.0,937.0,6856966.0,67407
2023-05-11 09:01:52,SF2308,SF2308,7320.0,0.0,0.0,0.0,20,7318.0,7322.0,4,7364.0,7304.0,7336.0,7298.0,937.0,6856966.0,67407
2023-05-11 09:01:53,SF2308,SF2308,7320.0,0.0,0.0,0.0,10,7318.0,7322.0,14,7364.0,7304.0,7336.0,7298.0,937.0,6856966.0,67407
2023-05-11 09:01:54,SF2308,SF2308,7320.0,0.0,0.0,0.0,4,7318.0,7322.0,15,7364.0,7304.0,7336.0,7298.0,937.0,6856966.0,67407
2023-05-11 09:01:54,SF2308,SF2308,7320.0,0.0,0.0,0.0,4,7318.0,7322.0,35,7364.0,7304.0,7336.0,7298.0,937.0,6856966.0,67407
2023-05-11 09:01:55,SF2308,SF2308,7320.0,1.0,7318.0,0.0,7,7318.0,7322.0,32,7364.0,7304.0,7336.0,7298.0,938.0,6864284.0,67407
2023-05-11 09:01:55,SF2308,SF2308,7320.0,0.0,0.0,0.0,7,7318.0,7322.0,15,7364.0,7304.0,7336.0,7298.0,938.0,6864284.0,67407
2023-05-11 09:01:56,SF2308,SF2308,7316.0,16.0,117088.0,12.0,21,7314.0,7316.0,5,7364.0,7304.0,7336.0,7298.0,954.0,6981372.0,67419
2023-05-11 09:01:56,SF2308,SF2308,7316.0,8.0,58544.0,-5.0,55,7312.0,7316.0,6,7364.0,7304.0,7336.0,7298.0,962.0,7039916.0,67414
2023-05-11 09:01:57,SF2308,SF2308,7316.0,0.0,0.0,0.0,3,7314.0,7316.0,15,7364.0,7304.0,7336.0,7298.0,962.0,7039916.0,67414
2023-05-11 09:01:57,SF2308,SF2308,7316.0,2.0,14636.0,0.0,3,7314.0,7316.0,14,7364.0,7304.0,7336.0,7298.0,964.0,7054552.0,67414
2023-05-11 09:01:58,SF2308,SF2308,7316.0,0.0,0.0,0.0,4,7314.0,7316.0,14,7364.0,7304.0,7336.0,7298.0,964.0,7054552.0,67414
2023-05-11 09:01:58,SF2308,SF2308,7316.0,0.0,0.0,0.0,7,7314.0,7316.0,1,7364.0,7304.0,7336.0,7298.0,964.0,7054552.0,67414
2023-05-11 09:01:59,SF2308,SF2308,7316.0,3.0,21954.0,3.0,27,7316.0,7318.0,13,7364.0,7304.0,7336.0,7298.0,967.0,7076506.0,67417
2023-05-11 09:01:59,SF2308,SF2308,7318.0,11.0,80498.0,10.0,34,7316.0,7320.0,2,7364.0,7304.0,7336.0,7298.0,978.0,7157004.0,67427
2023-05-11 09:02:00,SF2308,SF2308,7318.0,0.0,0.0,0.0,54,7316.0,7320.0,3,7364.0,7304.0,7336.0,7298.0,978.0,7157004.0,67427
2023-05-11 09:02:00,SF2308,SF2308,7318.0,3.0,21954.0,1.0,1,7318.0,7320.0,10,7364.0,7304.0,7336.0,7298.0,981.0,7178958.0,67428
2023-05-11 09:02:01,SF2308,SF2308,7318.0,0.0,0.0,0.0,25,7316.0,7318.0,1,7364.0,7304.0,7336.0,7298.0,981.0,7178958.0,67428
2023-05-11 09:02:01,SF2308,SF2308,7318.0,0.0,0.0,0.0,35,7316.0,7322.0,36,7364.0,7304.0,7336.0,7298.0,981.0,7178958.0,67428
2023-05-11 09:02:02,SF2308,SF2308,7316.0,2.0,14636.0,0.0,35,7316.0,7320.0,1,7364.0,7304.0,7336.0,7298.0,983.0,7193594.0,67428
2023-05-11 09:02:02,SF2308,SF2308,7318.0,6.0,43908.0,-2.0,4,7318.0,7320.0,4,7364.0,7304.0,7336.0,7298.0,989.0,7237502.0,67426
2023-05-11 09:02:03,SF2308,SF2308,7318.0,4.0,29272.0,4.0,4,7318.0,7322.0,1,7364.0,7304.0,7336.0,7298.0,993.0,7266774.0,67430
2023-05-11 09:02:03,SF2308,SF2308,7318.0,0.0,0.0,0.0,11,7318.0,7322.0,2,7364.0,7304.0,7336.0,7298.0,993.0,7266774.0,67430
2023-05-11 09:02:04,SF2308,SF2308,7318.0,0.0,0.0,0.0,11,7318.0,7322.0,4,7364.0,7304.0,7336.0,7298.0,993.0,7266774.0,67430
2023-05-11 09:02:04,SF2308,SF2308,7318.0,0.0,0.0,0.0,11,7318.0,7322.0,5,7364.0,7304.0,7336.0,7298.0,993.0,7266774.0,67430
2023-05-11 09:02:05,SF2308,SF2308,7318.0,0.0,0.0,0.0,11,7318.0,7322.0,6,7364.0,7304.0,7336.0,7298.0,993.0,7266774.0,67430
2023-05-11 09:02:05,SF2308,SF2308,7318.0,0.0,0.0,0.0,7,7318.0,7322.0,16,7364.0,7304.0,7336.0,7298.0,993.0,7266774.0,67430
2023-05-11 09:02:06,SF2308,SF2308,7318.0,0.0,0.0,0.0,11,7318.0,7322.0,6,7364.0,7304.0,7336.0,7298.0,993.0,7266774.0,67430
2023-05-11 09:02:08,SF2308,SF2308,7318.0,0.0,0.0,0.0,11,7318.0,7322.0,2,7364.0,7304.0,7336.0,7298.0,993.0,7266774.0,67430
2023-05-11 09:02:08,SF2308,SF2308,7322.0,2.0,14636.0,0.0,8,7320.0,7324.0,24,7364.0,7304.0,7336.0,7298.0,995.0,7281410.0,67430
2023-05-11 09:02:08,SF2308,SF2308,7322.0,0.0,0.0,0.0,8,7320.0,7324.0,14,7364.0,7304.0,7336.0,7298.0,995.0,7281410.0,67430
2023-05-11 09:02:09,SF2308,SF2308,7322.0,0.0,0.0,0.0,4,7320.0,7324.0,4,7364.0,7304.0,7336.0,7298.0,995.0,7281410.0,67430
2023-05-11 09:02:10,SF2308,SF2308,7322.0,0.0,0.0,0.0,12,7318.0,7322.0,1,7364.0,7304.0,7336.0,7298.0,995.0,7281410.0,67430
2023-05-11 09:02:10,SF2308,SF2308,7322.0,0.0,0.0,0.0,2,7320.0,7324.0,15,7364.0,7304.0,7336.0,7298.0,995.0,7281410.0,67430
2023-05-11 09:02:11,SF2308,SF2308,7322.0,0.0,0.0,0.0,4,7320.0,7324.0,26,7364.0,7304.0,7336.0,7298.0,995.0,7281410.0,67430
2023-05-11 09:02:11,SF2308,SF2308,7322.0,0.0,0.0,0.0,8,7320.0,7324.0,16,7364.0,7304.0,7336.0,7298.0,995.0,7281410.0,67430
2023-05-11 09:02:11,SF2308,SF2308,7322.0,0.0,0.0,0.0,8,7320.0,7324.0,15,7364.0,7304.0,7336.0,7298.0,995.0,7281410.0,67430
2023-05-11 09:02:12,SF2308,SF2308,7322.0,0.0,0.0,0.0,4,7322.0,7324.0,3,7364.0,7304.0,7336.0,7298.0,995.0,7281410.0,67430
2023-05-11 09:02:13,SF2308,SF2308,7322.0,7.0,51226.0,-3.0,9,7322.0,7326.0,4,7364.0,7304.0,7336.0,7298.0,1002.0,7332636.0,67427
2023-05-11 09:02:13,SF2308,SF2308,7322.0,9.0,65862.0,0.0,10,7322.0,7326.0,4,7364.0,7304.0,7336.0,7298.0,1011.0,7398498.0,67427
2023-05-11 09:02:14,SF2308,SF2308,7322.0,0.0,0.0,0.0,10,7322.0,7326.0,14,7364.0,7304.0,7336.0,7298.0,1011.0,7398498.0,67427
2023-05-11 09:02:15,SF2308,SF2308,7328.0,26.0,190268.0,8.0,10,7328.0,7330.0,7,7364.0,7304.0,7336.0,7298.0,1037.0,7588766.0,67435
2023-05-11 09:02:15,SF2308,SF2308,7330.0,4.0,29272.0,3.0,31,7328.0,7332.0,7,7364.0,7304.0,7336.0,7298.0,1041.0,7618038.0,67438
2023-05-11 09:02:16,SF2308,SF2308,7330.0,27.0,197586.0,-15.0,35,7328.0,7334.0,8,7364.0,7304.0,7336.0,7298.0,1068.0,7815624.0,67423
2023-05-11 09:02:16,SF2308,SF2308,7328.0,20.0,146360.0,-7.0,1,7328.0,7332.0,8,7364.0,7304.0,7336.0,7298.0,1088.0,7961984.0,67416
2023-05-11 09:02:17,SF2308,SF2308,7328.0,2.0,14636.0,0.0,34,7326.0,7330.0,1,7364.0,7304.0,7336.0,7298.0,1090.0,7976620.0,67416
2023-05-11 09:02:17,SF2308,SF2308,7328.0,0.0,0.0,0.0,3,7328.0,7332.0,7,7364.0,7304.0,7336.0,7298.0,1090.0,7976620.0,67416
2023-05-11 09:02:18,SF2308,SF2308,7328.0,0.0,0.0,0.0,2,7330.0,7332.0,7,7364.0,7304.0,7336.0,7298.0,1090.0,7976620.0,67416
2023-05-11 09:02:18,SF2308,SF2308,7328.0,0.0,0.0,0.0,2,7332.0,7334.0,5,7364.0,7304.0,7336.0,7298.0,1090.0,7976620.0,67416
2023-05-11 09:02:19,SF2308,SF2308,7332.0,12.0,90020.0,0.0,11,7332.0,7334.0,6,7364.0,7304.0,7336.0,7298.0,1102.0,8066640.0,67416
2023-05-11 09:02:19,SF2308,SF2308,7332.0,41.0,300120.0,-7.0,2,7332.0,7334.0,14,7364.0,7304.0,7336.0,7298.0,1143.0,8366760.0,67409
2023-05-11 09:02:20,SF2308,SF2308,7334.0,7.0,51240.0,0.0,4,7330.0,7334.0,9,7364.0,7304.0,7336.0,7298.0,1150.0,8418000.0,67409
2023-05-11 09:02:20,SF2308,SF2308,7332.0,3.0,21960.0,0.0,1,7332.0,7334.0,5,7364.0,7304.0,7336.0,7298.0,1153.0,8439960.0,67409
2023-05-11 09:02:21,SF2308,SF2308,7332.0,21.0,153720.0,6.0,26,7328.0,7332.0,2,7364.0,7304.0,7336.0,7298.0,1174.0,8593680.0,67415
2023-05-11 09:02:21,SF2308,SF2308,7332.0,0.0,0.0,0.0,11,7328.0,7332.0,3,7364.0,7304.0,7336.0,7298.0,1174.0,8593680.0,67415
2023-05-11 09:02:22,SF2308,SF2308,7332.0,6.0,43920.0,-4.0,1,7330.0,7332.0,2,7364.0,7304.0,7336.0,7298.0,1180.0,8637600.0,67411
2023-05-11 09:02:22,SF2308,SF2308,7330.0,2.0,14640.0,0.0,2,7330.0,7334.0,30,7364.0,7304.0,7336.0,7298.0,1182.0,8652240.0,67411
2023-05-11 09:02:23,SF2308,SF2308,7332.0,6.0,43920.0,-1.0,5,7330.0,7334.0,35,7364.0,7304.0,7336.0,7298.0,1188.0,8696160.0,67410
2023-05-11 09:02:23,SF2308,SF2308,7330.0,1.0,7320.0,0.0,2,7330.0,7334.0,28,7364.0,7304.0,7336.0,7298.0,1189.0,8703480.0,67410
2023-05-11 09:02:25,SF2308,SF2308,7330.0,14.0,102480.0,-5.0,11,7330.0,7334.0,7,7364.0,7304.0,7336.0,7298.0,1203.0,8805960.0,67405
2023-05-11 09:02:26,SF2308,SF2308,7330.0,4.0,29280.0,0.0,11,7330.0,7334.0,4,7364.0,7304.0,7336.0,7298.0,1207.0,8835240.0,67405
2023-05-11 09:02:26,SF2308,SF2308,7330.0,0.0,0.0,0.0,11,7330.0,7334.0,7,7364.0,7304.0,7336.0,7298.0,1207.0,8835240.0,67405
2023-05-11 09:02:27,SF2308,SF2308,7330.0,0.0,0.0,0.0,4,7332.0,7336.0,27,7364.0,7304.0,7336.0,7298.0,1207.0,8835240.0,67405
2023-05-11 09:02:28,SF2308,SF2308,7330.0,0.0,0.0,0.0,4,7332.0,7336.0,20,7364.0,7304.0,7336.0,7298.0,1207.0,8835240.0,67405
2023-05-11 09:02:29,SF2308,SF2308,7330.0,0.0,0.0,0.0,4,7334.0,7336.0,15,7364.0,7304.0,7336.0,7298.0,1207.0,8835240.0,67405
2023-05-11 09:02:30,SF2308,SF2308,7336.0,1.0,7320.0,0.0,5,7334.0,7336.0,4,7364.0,7304.0,7336.0,7298.0,1208.0,8842560.0,67405
2023-05-11 09:02:30,SF2308,SF2308,7336.0,1.0,7320.0,0.0,1,7334.0,7338.0,37,7364.0,7304.0,7336.0,7298.0,1209.0,8849880.0,67405
2023-05-11 09:02:30,SF2308,SF2308,7336.0,0.0,0.0,0.0,1,7334.0,7338.0,20,7364.0,7304.0,7336.0,7298.0,1209.0,8849880.0,67405
2023-05-11 09:02:31,SF2308,SF2308,7336.0,0.0,0.0,0.0,1,7334.0,7336.0,2,7364.0,7304.0,7336.0,7298.0,1209.0,8849880.0,67405
2023-05-11 09:02:32,SF2308,SF2308,7338.0,1.0,7320.0,0.0,1,7334.0,7338.0,15,7364.0,7304.0,7338.0,7298.0,1210.0,8857200.0,67405
2023-05-11 09:02:32,SF2308,SF2308,7338.0,0.0,0.0,0.0,11,7334.0,7338.0,9,7364.0,7304.0,7338.0,7298.0,1210.0,8857200.0,67405
2023-05-11 09:02:33,SF2308,SF2308,7334.0,5.0,36600.0,0.0,1,7334.0,7336.0,1,7364.0,7304.0,7338.0,7298.0,1215.0,8893800.0,67405
2023-05-11 09:02:34,SF2308,SF2308,7334.0,0.0,0.0,0.0,1,7334.0,7336.0,2,7364.0,7304.0,7338.0,7298.0,1215.0,8893800.0,67405
2023-05-11 09:02:34,SF2308,SF2308,7336.0,51.0,373320.0,0.0,1,7334.0,7336.0,1,7364.0,7304.0,7338.0,7298.0,1266.0,9267120.0,67405
2023-05-11 09:02:35,SF2308,SF2308,7336.0,0.0,0.0,0.0,1,7334.0,7338.0,16,7364.0,7304.0,7338.0,7298.0,1266.0,9267120.0,67405
2023-05-11 09:02:35,SF2308,SF2308,7336.0,1.0,7320.0,-1.0,22,7334.0,7336.0,1,7364.0,7304.0,7338.0,7298.0,1267.0,9274440.0,67404
2023-05-11 09:02:36,SF2308,SF2308,7336.0,0.0,0.0,0.0,2,7334.0,7336.0,1,7364.0,7304.0,7338.0,7298.0,1267.0,9274440.0,67404
2023-05-11 09:02:36,SF2308,SF2308,7336.0,1.0,7320.0,0.0,2,7334.0,7338.0,39,7364.0,7304.0,7338.0,7298.0,1268.0,9281760.0,67404
2023-05-11 09:02:37,SF2308,SF2308,7336.0,2.0,14640.0,-1.0,11,7334.0,7338.0,21,7364.0,7304.0,7338.0,7298.0,1270.0,9296400.0,67403
2023-05-11 09:02:37,SF2308,SF2308,7336.0,1.0,7320.0,-1.0,12,7334.0,7336.0,1,7364.0,7304.0,7338.0,7298.0,1271.0,9303720.0,67402
2023-05-11 09:02:38,SF2308,SF2308,7336.0,1.0,9864.0,0.0,1,7334.0,7338.0,18,7364.0,7304.0,7338.0,7298.0,1272.0,9313584.0,67402
2023-05-11 09:02:38,SF2308,SF2308,7336.0,1.0,7322.0,-1.0,11,7334.0,7336.0,2,7364.0,7304.0,7338.0,7298.0,1273.0,9320906.0,67401
2023-05-11 09:02:39,SF2308,SF2308,7336.0,0.0,0.0,0.0,1,7334.0,7336.0,4,7364.0,7304.0,7338.0,7298.0,1273.0,9320906.0,67401
2023-05-11 09:02:39,SF2308,SF2308,7336.0,1.0,7322.0,-1.0,1,7334.0,7336.0,5,7364.0,7304.0,7338.0,7298.0,1274.0,9328228.0,67400
2023-05-11 09:02:39,SF2308,SF2308,7336.0,2.0,14644.0,0.0,3,7334.0,7336.0,3,7364.0,7304.0,7338.0,7298.0,1276.0,9342872.0,67400
2023-05-11 09:02:40,SF2308,SF2308,7336.0,0.0,0.0,0.0,1,7334.0,7336.0,7,7364.0,7304.0,7338.0,7298.0,1276.0,9342872.0,67400
2023-05-11 09:02:41,SF2308,SF2308,7334.0,1.0,7322.0,1.0,24,7332.0,7336.0,28,7364.0,7304.0,7338.0,7298.0,1277.0,9350194.0,67401
2023-05-11 09:02:41,SF2308,SF2308,7334.0,1.0,7322.0,0.0,3,7332.0,7334.0,2,7364.0,7304.0,7338.0,7298.0,1278.0,9357516.0,67401
2023-05-11 09:02:42,SF2308,SF2308,7334.0,0.0,0.0,0.0,2,7332.0,7334.0,2,7364.0,7304.0,7338.0,7298.0,1278.0,9357516.0,67401
2023-05-11 09:02:42,SF2308,SF2308,7334.0,2.0,14644.0,1.0,2,7332.0,7336.0,45,7364.0,7304.0,7338.0,7298.0,1280.0,9372160.0,67402
2023-05-11 09:02:42,SF2308,SF2308,7334.0,0.0,0.0,0.0,2,7332.0,7334.0,1,7364.0,7304.0,7338.0,7298.0,1280.0,9372160.0,67402
2023-05-11 09:02:43,SF2308,SF2308,7334.0,0.0,0.0,0.0,44,7330.0,7334.0,7,7364.0,7304.0,7338.0,7298.0,1280.0,9372160.0,67402
2023-05-11 09:02:44,SF2308,SF2308,7334.0,0.0,0.0,0.0,14,7330.0,7334.0,11,7364.0,7304.0,7338.0,7298.0,1280.0,9372160.0,67402
2023-05-11 09:02:44,SF2308,SF2308,7334.0,1.0,7322.0,-1.0,3,7330.0,7334.0,33,7364.0,7304.0,7338.0,7298.0,1281.0,9379482.0,67401
2023-05-11 09:02:45,SF2308,SF2308,7334.0,0.0,0.0,0.0,1,7330.0,7332.0,3,7364.0,7304.0,7338.0,7298.0,1281.0,9379482.0,67401
2023-05-11 09:02:45,SF2308,SF2308,7330.0,2.0,14644.0,0.0,3,7328.0,7330.0,1,7364.0,7304.0,7338.0,7298.0,1283.0,9394126.0,67401
2023-05-11 09:02:46,SF2308,SF2308,7330.0,1.0,7322.0,0.0,2,7328.0,7330.0,27,7364.0,7304.0,7338.0,7298.0,1284.0,9401448.0,67401
2023-05-11 09:02:46,SF2308,SF2308,7328.0,2.0,14644.0,2.0,4,7326.0,7330.0,27,7364.0,7304.0,7338.0,7298.0,1286.0,9416092.0,67403
2023-05-11 09:02:47,SF2308,SF2308,7328.0,0.0,0.0,0.0,48,7324.0,7328.0,4,7364.0,7304.0,7338.0,7298.0,1286.0,9416092.0,67403
2023-05-11 09:02:47,SF2308,SF2308,7328.0,0.0,0.0,0.0,8,7324.0,7328.0,23,7364.0,7304.0,7338.0,7298.0,1286.0,9416092.0,67403
2023-05-11 09:02:48,SF2308,SF2308,7328.0,0.0,0.0,0.0,1,7326.0,7328.0,13,7364.0,7304.0,7338.0,7298.0,1286.0,9416092.0,67403
2023-05-11 09:02:49,SF2308,SF2308,7328.0,5.0,36610.0,0.0,3,7326.0,7328.0,3,7364.0,7304.0,7338.0,7298.0,1291.0,9452702.0,67403
2023-05-11 09:02:49,SF2308,SF2308,7328.0,0.0,0.0,0.0,5,7326.0,7330.0,47,7364.0,7304.0,7338.0,7298.0,1291.0,9452702.0,67403
2023-05-11 09:02:50,SF2308,SF2308,7328.0,0.0,0.0,0.0,2,7328.0,7330.0,3,7364.0,7304.0,7338.0,7298.0,1291.0,9452702.0,67403
2023-05-11 09:02:51,SF2308,SF2308,7328.0,0.0,0.0,0.0,35,7326.0,7330.0,7,7364.0,7304.0,7338.0,7298.0,1291.0,9452702.0,67403
2023-05-11 09:02:51,SF2308,SF2308,7328.0,0.0,0.0,0.0,3,7326.0,7330.0,31,7364.0,7304.0,7338.0,7298.0,1291.0,9452702.0,67403
2023-05-11 09:02:52,SF2308,SF2308,7328.0,0.0,0.0,0.0,4,7326.0,7330.0,31,7364.0,7304.0,7338.0,7298.0,1291.0,9452702.0,67403
2023-05-11 09:02:53,SF2308,SF2308,7330.0,2.0,14644.0,2.0,3,7326.0,7330.0,36,7364.0,7304.0,7338.0,7298.0,1293.0,9467346.0,67405
2023-05-11 09:02:53,SF2308,SF2308,7330.0,0.0,0.0,0.0,2,7326.0,7330.0,29,7364.0,7304.0,7338.0,7298.0,1293.0,9467346.0,67405
2023-05-11 09:02:54,SF2308,SF2308,7330.0,0.0,0.0,0.0,2,7326.0,7328.0,1,7364.0,7304.0,7338.0,7298.0,1293.0,9467346.0,67405
2023-05-11 09:02:54,SF2308,SF2308,7332.0,43.0,314846.0,-14.0,11,7328.0,7332.0,3,7364.0,7304.0,7338.0,7298.0,1336.0,9782192.0,67391
2023-05-11 09:02:55,SF2308,SF2308,7332.0,3.0,21966.0,-1.0,24,7330.0,7334.0,7,7364.0,7304.0,7338.0,7298.0,1339.0,9804158.0,67390
2023-05-11 09:02:55,SF2308,SF2308,7332.0,0.0,0.0,0.0,34,7330.0,7334.0,4,7364.0,7304.0,7338.0,7298.0,1339.0,9804158.0,67390
2023-05-11 09:02:56,SF2308,SF2308,7334.0,3.0,21966.0,-2.0,35,7332.0,7334.0,1,7364.0,7304.0,7338.0,7298.0,1342.0,9826124.0,67388
2023-05-11 09:02:56,SF2308,SF2308,7334.0,3.0,21966.0,-1.0,38,7332.0,7338.0,48,7364.0,7304.0,7338.0,7298.0,1345.0,9848090.0,67387
2023-05-11 09:02:57,SF2308,SF2308,7334.0,0.0,0.0,0.0,15,7334.0,7338.0,17,7364.0,7304.0,7338.0,7298.0,1345.0,9848090.0,67387
2023-05-11 09:02:57,SF2308,SF2308,7334.0,0.0,0.0,0.0,18,7334.0,7338.0,15,7364.0,7304.0,7338.0,7298.0,1345.0,9848090.0,67387
2023-05-11 09:02:58,SF2308,SF2308,7334.0,0.0,0.0,0.0,28,7334.0,7338.0,16,7364.0,7304.0,7338.0,7298.0,1345.0,9848090.0,67387
2023-05-11 09:02:59,SF2308,SF2308,7334.0,0.0,0.0,0.0,18,7334.0,7338.0,18,7364.0,7304.0,7338.0,7298.0,1345.0,9848090.0,67387
2023-05-11 09:02:59,SF2308,SF2308,7334.0,0.0,0.0,0.0,15,7334.0,7336.0,2,7364.0,7304.0,7338.0,7298.0,1345.0,9848090.0,67387
2023-05-11 09:03:00,SF2308,SF2308,7334.0,0.0,0.0,0.0,14,7334.0,7336.0,5,7364.0,7304.0,7338.0,7298.0,1345.0,9848090.0,67387
2023-05-11 09:03:00,SF2308,SF2308,7336.0,11.0,80542.0,2.0,9,7334.0,7338.0,27,7364.0,7304.0,7338.0,7298.0,1356.0,9928632.0,67389
2023-05-11 09:03:01,SF2308,SF2308,7334.0,9.0,65898.0,9.0,43,7332.0,7336.0,11,7364.0,7304.0,7338.0,7298.0,1365.0,9994530.0,67398
2023-05-11 09:03:01,SF2308,SF2308,7334.0,0.0,0.0,0.0,16,7332.0,7336.0,6,7364.0,7304.0,7338.0,7298.0,1365.0,9994530.0,67398
2023-05-11 09:03:02,SF2308,SF2308,7334.0,0.0,0.0,0.0,16,7332.0,7336.0,7,7364.0,7304.0,7338.0,7298.0,1365.0,9994530.0,67398
2023-05-11 09:03:03,SF2308,SF2308,7334.0,1.0,7322.0,-1.0,3,7332.0,7334.0,2,7364.0,7304.0,7338.0,7298.0,1366.0,10001852.0,67397
2023-05-11 09:03:03,SF2308,SF2308,7334.0,0.0,0.0,0.0,2,7332.0,7334.0,1,7364.0,7304.0,7338.0,7298.0,1366.0,10001852.0,67397
2023-05-11 09:03:04,SF2308,SF2308,7334.0,0.0,0.0,0.0,5,7332.0,7336.0,19,7364.0,7304.0,7338.0,7298.0,1366.0,10001852.0,67397
2023-05-11 09:03:04,SF2308,SF2308,7336.0,12.0,87864.0,-6.0,1,7334.0,7336.0,10,7364.0,7304.0,7338.0,7298.0,1378.0,10089716.0,67391
2023-05-11 09:03:05,SF2308,SF2308,7336.0,0.0,0.0,0.0,14,7332.0,7334.0,1,7364.0,7304.0,7338.0,7298.0,1378.0,10089716.0,67391
2023-05-11 09:03:05,SF2308,SF2308,7336.0,0.0,0.0,0.0,4,7332.0,7334.0,4,7364.0,7304.0,7338.0,7298.0,1378.0,10089716.0,67391
2023-05-11 09:03:06,SF2308,SF2308,7328.0,62.0,453964.0,23.0,18,7326.0,7330.0,14,7364.0,7304.0,7338.0,7298.0,1440.0,10543680.0,67414
2023-05-11 09:03:06,SF2308,SF2308,7330.0,2.0,14644.0,-1.0,10,7328.0,7330.0,14,7364.0,7304.0,7338.0,7298.0,1442.0,10558324.0,67413
2023-05-11 09:03:07,SF2308,SF2308,7330.0,0.0,0.0,0.0,1,7326.0,7330.0,38,7364.0,7304.0,7338.0,7298.0,1442.0,10558324.0,67413
2023-05-11 09:03:07,SF2308,SF2308,7330.0,0.0,0.0,0.0,46,7324.0,7328.0,1,7364.0,7304.0,7338.0,7298.0,1442.0,10558324.0,67413
2023-05-11 09:03:07,SF2308,SF2308,7330.0,0.0,0.0,0.0,1,7326.0,7328.0,14,7364.0,7304.0,7338.0,7298.0,1442.0,10558324.0,67413
2023-05-11 09:03:08,SF2308,SF2308,7328.0,1.0,7322.0,0.0,2,7326.0,7328.0,13,7364.0,7304.0,7338.0,7298.0,1443.0,10565646.0,67413
2023-05-11 09:03:09,SF2308,SF2308,7328.0,1.0,7322.0,0.0,1,7326.0,7328.0,12,7364.0,7304.0,7338.0,7298.0,1444.0,10572968.0,67413
2023-05-11 09:03:09,SF2308,SF2308,7328.0,13.0,95186.0,1.0,1,7326.0,7328.0,3,7364.0,7304.0,7338.0,7298.0,1457.0,10668154.0,67414
2023-05-11 09:03:10,SF2308,SF2308,7324.0,7.0,51254.0,3.0,1,7326.0,7330.0,39,7364.0,7304.0,7338.0,7298.0,1464.0,10719408.0,67417
2023-05-11 09:03:10,SF2308,SF2308,7324.0,0.0,0.0,0.0,1,7326.0,7330.0,29,7364.0,7304.0,7338.0,7298.0,1464.0,10719408.0,67417
2023-05-11 09:03:11,SF2308,SF2308,7324.0,0.0,0.0,0.0,5,7328.0,7332.0,67,7364.0,7304.0,7338.0,7298.0,1464.0,10719408.0,67417
2023-05-11 09:03:11,SF2308,SF2308,7324.0,0.0,0.0,0.0,1,7330.0,7332.0,1,7364.0,7304.0,7338.0,7298.0,1464.0,10719408.0,67417
2023-05-11 09:03:12,SF2308,SF2308,7332.0,1.0,7322.0,0.0,46,7328.0,7332.0,3,7364.0,7304.0,7338.0,7298.0,1465.0,10726730.0,67417
2023-05-11 09:03:12,SF2308,SF2308,7332.0,0.0,0.0,0.0,15,7328.0,7332.0,10,7364.0,7304.0,7338.0,7298.0,1465.0,10726730.0,67417
2023-05-11 09:03:13,SF2308,SF2308,7332.0,0.0,0.0,0.0,1,7330.0,7332.0,3,7364.0,7304.0,7338.0,7298.0,1465.0,10726730.0,67417
2023-05-11 09:03:14,SF2308,SF2308,7332.0,0.0,0.0,0.0,2,7330.0,7332.0,7,7364.0,7304.0,7338.0,7298.0,1465.0,10726730.0,67417
2023-05-11 09:03:14,SF2308,SF2308,7332.0,0.0,0.0,0.0,15,7328.0,7332.0,8,7364.0,7304.0,7338.0,7298.0,1465.0,10726730.0,67417
2023-05-11 09:03:15,SF2308,SF2308,7332.0,0.0,0.0,0.0,16,7328.0,7332.0,10,7364.0,7304.0,7338.0,7298.0,1465.0,10726730.0,67417
2023-05-11 09:03:15,SF2308,SF2308,7328.0,1.0,7322.0,1.0,51,7326.0,7330.0,4,7364.0,7304.0,7338.0,7298.0,1466.0,10734052.0,67418
2023-05-11 09:03:16,SF2308,SF2308,7328.0,0.0,0.0,0.0,5,7326.0,7328.0,13,7364.0,7304.0,7338.0,7298.0,1466.0,10734052.0,67418
2023-05-11 09:03:16,SF2308,SF2308,7328.0,0.0,0.0,0.0,26,7324.0,7328.0,14,7364.0,7304.0,7338.0,7298.0,1466.0,10734052.0,67418
2023-05-11 09:03:17,SF2308,SF2308,7328.0,0.0,0.0,0.0,4,7326.0,7328.0,17,7364.0,7304.0,7338.0,7298.0,1466.0,10734052.0,67418
2023-05-11 09:03:17,SF2308,SF2308,7328.0,0.0,0.0,0.0,4,7326.0,7328.0,27,7364.0,7304.0,7338.0,7298.0,1466.0,10734052.0,67418
2023-05-11 09:03:18,SF2308,SF2308,7328.0,0.0,0.0,0.0,4,7326.0,7328.0,17,7364.0,7304.0,7338.0,7298.0,1466.0,10734052.0,67418
2023-05-11 09:03:18,SF2308,SF2308,7328.0,0.0,0.0,0.0,16,7324.0,7328.0,27,7364.0,7304.0,7338.0,7298.0,1466.0,10734052.0,67418
2023-05-11 09:03:19,SF2308,SF2308,7328.0,0.0,0.0,0.0,16,7324.0,7328.0,25,7364.0,7304.0,7338.0,7298.0,1466.0,10734052.0,67418
2023-05-11 09:03:20,SF2308,SF2308,7328.0,0.0,0.0,0.0,4,7326.0,7328.0,13,7364.0,7304.0,7338.0,7298.0,1466.0,10734052.0,67418
2023-05-11 09:03:20,SF2308,SF2308,7328.0,0.0,0.0,0.0,6,7324.0,7328.0,27,7364.0,7304.0,7338.0,7298.0,1466.0,10734052.0,67418
2023-05-11 09:03:21,SF2308,SF2308,7328.0,0.0,0.0,0.0,2,7326.0,7328.0,17,7364.0,7304.0,7338.0,7298.0,1466.0,10734052.0,67418
2023-05-11 09:03:21,SF2308,SF2308,7328.0,0.0,0.0,0.0,17,7324.0,7328.0,27,7364.0,7304.0,7338.0,7298.0,1466.0,10734052.0,67418
2023-05-11 09:03:21,SF2308,SF2308,7328.0,0.0,0.0,0.0,7,7324.0,7328.0,27,7364.0,7304.0,7338.0,7298.0,1466.0,10734052.0,67418
2023-05-11 09:03:22,SF2308,SF2308,7328.0,0.0,0.0,0.0,6,7324.0,7328.0,27,7364.0,7304.0,7338.0,7298.0,1466.0,10734052.0,67418
2023-05-11 09:03:23,SF2308,SF2308,7328.0,0.0,0.0,0.0,1,7326.0,7328.0,30,7364.0,7304.0,7338.0,7298.0,1466.0,10734052.0,67418
2023-05-11 09:03:23,SF2308,SF2308,7328.0,0.0,0.0,0.0,1,7326.0,7328.0,31,7364.0,7304.0,7338.0,7298.0,1466.0,10734052.0,67418
2023-05-11 09:03:24,SF2308,SF2308,7324.0,11.0,80542.0,-1.0,1,7326.0,7328.0,25,7364.0,7304.0,7338.0,7298.0,1477.0,10814594.0,67417
2023-05-11 09:03:25,SF2308,SF2308,7328.0,22.0,161084.0,-1.0,21,7326.0,7330.0,28,7364.0,7304.0,7338.0,7298.0,1499.0,10975678.0,67416
2023-05-11 09:03:25,SF2308,SF2308,7328.0,0.0,0.0,0.0,25,7326.0,7330.0,21,7364.0,7304.0,7338.0,7298.0,1499.0,10975678.0,67416
2023-05-11 09:03:26,SF2308,SF2308,7328.0,0.0,0.0,0.0,21,7326.0,7330.0,21,7364.0,7304.0,7338.0,7298.0,1499.0,10975678.0,67416
2023-05-11 09:03:28,SF2308,SF2308,7328.0,0.0,0.0,0.0,33,7328.0,7330.0,19,7364.0,7304.0,7338.0,7298.0,1499.0,10975678.0,67416
2023-05-11 09:03:28,SF2308,SF2308,7328.0,0.0,0.0,0.0,43,7328.0,7330.0,18,7364.0,7304.0,7338.0,7298.0,1499.0,10975678.0,67416
2023-05-11 09:03:29,SF2308,SF2308,7328.0,0.0,0.0,0.0,44,7328.0,7330.0,17,7364.0,7304.0,7338.0,7298.0,1499.0,10975678.0,67416
2023-05-11 09:03:29,SF2308,SF2308,7330.0,40.0,292880.0,-3.0,4,7330.0,7332.0,17,7364.0,7304.0,7338.0,7298.0,1539.0,11268558.0,67413
2023-05-11 09:03:30,SF2308,SF2308,7330.0,1.0,7322.0,1.0,13,7330.0,7332.0,2,7364.0,7304.0,7338.0,7298.0,1540.0,11275880.0,67414
2023-05-11 09:03:31,SF2308,SF2308,7330.0,0.0,0.0,0.0,13,7330.0,7332.0,3,7364.0,7304.0,7338.0,7298.0,1540.0,11275880.0,67414
2023-05-11 09:03:32,SF2308,SF2308,7330.0,9.0,65898.0,9.0,34,7328.0,7332.0,9,7364.0,7304.0,7338.0,7298.0,1549.0,11341778.0,67423
2023-05-11 09:03:32,SF2308,SF2308,7330.0,0.0,0.0,0.0,14,7328.0,7332.0,5,7364.0,7304.0,7338.0,7298.0,1549.0,11341778.0,67423
2023-05-11 09:03:33,SF2308,SF2308,7330.0,0.0,0.0,0.0,15,7328.0,7330.0,1,7364.0,7304.0,7338.0,7298.0,1549.0,11341778.0,67423
2023-05-11 09:03:34,SF2308,SF2308,7330.0,0.0,0.0,0.0,14,7328.0,7332.0,26,7364.0,7304.0,7338.0,7298.0,1549.0,11341778.0,67423
2023-05-11 09:03:34,SF2308,SF2308,7328.0,4.0,29288.0,-2.0,12,7328.0,7332.0,18,7364.0,7304.0,7338.0,7298.0,1553.0,11371066.0,67421
2023-05-11 09:03:35,SF2308,SF2308,7328.0,0.0,0.0,0.0,13,7328.0,7332.0,11,7364.0,7304.0,7338.0,7298.0,1553.0,11371066.0,67421
2023-05-11 09:03:35,SF2308,SF2308,7328.0,0.0,0.0,0.0,13,7328.0,7332.0,12,7364.0,7304.0,7338.0,7298.0,1553.0,11371066.0,67421
2023-05-11 09:03:36,SF2308,SF2308,7328.0,0.0,0.0,0.0,13,7328.0,7332.0,11,7364.0,7304.0,7338.0,7298.0,1553.0,11371066.0,67421
2023-05-11 09:03:39,SF2308,SF2308,7328.0,0.0,0.0,0.0,12,7328.0,7332.0,11,7364.0,7304.0,7338.0,7298.0,1553.0,11371066.0,67421
2023-05-11 09:03:40,SF2308,SF2308,7328.0,0.0,0.0,0.0,6,7330.0,7332.0,11,7364.0,7304.0,7338.0,7298.0,1553.0,11371066.0,67421
2023-05-11 09:03:40,SF2308,SF2308,7332.0,12.0,87864.0,2.0,5,7330.0,7332.0,1,7364.0,7304.0,7338.0,7298.0,1565.0,11458930.0,67423
2023-05-11 09:03:41,SF2308,SF2308,7332.0,0.0,0.0,0.0,15,7328.0,7332.0,7,7364.0,7304.0,7338.0,7298.0,1565.0,11458930.0,67423
2023-05-11 09:03:42,SF2308,SF2308,7332.0,0.0,0.0,0.0,9,7328.0,7332.0,18,7364.0,7304.0,7338.0,7298.0,1565.0,11458930.0,67423
2023-05-11 09:03:42,SF2308,SF2308,7332.0,0.0,0.0,0.0,5,7328.0,7332.0,18,7364.0,7304.0,7338.0,7298.0,1565.0,11458930.0,67423
2023-05-11 09:03:44,SF2308,SF2308,7332.0,0.0,0.0,0.0,4,7328.0,7332.0,19,7364.0,7304.0,7338.0,7298.0,1565.0,11458930.0,67423
2023-05-11 09:03:44,SF2308,SF2308,7332.0,0.0,0.0,0.0,38,7326.0,7330.0,3,7364.0,7304.0,7338.0,7298.0,1565.0,11458930.0,67423
2023-05-11 09:03:45,SF2308,SF2308,7332.0,0.0,0.0,0.0,16,7326.0,7330.0,6,7364.0,7304.0,7338.0,7298.0,1565.0,11458930.0,67423
2023-05-11 09:03:45,SF2308,SF2308,7332.0,0.0,0.0,0.0,18,7326.0,7330.0,16,7364.0,7304.0,7338.0,7298.0,1565.0,11458930.0,67423
2023-05-11 09:03:46,SF2308,SF2308,7332.0,0.0,0.0,0.0,16,7326.0,7330.0,7,7364.0,7304.0,7338.0,7298.0,1565.0,11458930.0,67423
2023-05-11 09:03:46,SF2308,SF2308,7332.0,0.0,0.0,0.0,36,7326.0,7330.0,7,7364.0,7304.0,7338.0,7298.0,1565.0,11458930.0,67423
2023-05-11 09:03:47,SF2308,SF2308,7332.0,0.0,0.0,0.0,35,7326.0,7330.0,7,7364.0,7304.0,7338.0,7298.0,1565.0,11458930.0,67423
2023-05-11 09:03:47,SF2308,SF2308,7332.0,0.0,0.0,0.0,23,7326.0,7330.0,4,7364.0,7304.0,7338.0,7298.0,1565.0,11458930.0,67423
2023-05-11 09:03:49,SF2308,SF2308,7332.0,0.0,0.0,0.0,22,7326.0,7330.0,7,7364.0,7304.0,7338.0,7298.0,1565.0,11458930.0,67423
2023-05-11 09:03:51,SF2308,SF2308,7332.0,0.0,0.0,0.0,10,7328.0,7330.0,5,7364.0,7304.0,7338.0,7298.0,1565.0,11458930.0,67423
2023-05-11 09:03:51,SF2308,SF2308,7332.0,0.0,0.0,0.0,14,7326.0,7328.0,1,7364.0,7304.0,7338.0,7298.0,1565.0,11458930.0,67423
2023-05-11 09:03:52,SF2308,SF2308,7326.0,14.0,102508.0,10.0,26,7324.0,7328.0,5,7364.0,7304.0,7338.0,7298.0,1579.0,11561438.0,67433
2023-05-11 09:03:52,SF2308,SF2308,7326.0,0.0,0.0,0.0,6,7324.0,7326.0,4,7364.0,7304.0,7338.0,7298.0,1579.0,11561438.0,67433
2023-05-11 09:03:52,SF2308,SF2308,7326.0,0.0,0.0,0.0,6,7324.0,7326.0,7,7364.0,7304.0,7338.0,7298.0,1579.0,11561438.0,67433
2023-05-11 09:03:53,SF2308,SF2308,7326.0,0.0,0.0,0.0,6,7324.0,7326.0,17,7364.0,7304.0,7338.0,7298.0,1579.0,11561438.0,67433
2023-05-11 09:03:54,SF2308,SF2308,7326.0,0.0,0.0,0.0,6,7324.0,7326.0,13,7364.0,7304.0,7338.0,7298.0,1579.0,11561438.0,67433
2023-05-11 09:03:54,SF2308,SF2308,7326.0,0.0,0.0,0.0,7,7324.0,7326.0,3,7364.0,7304.0,7338.0,7298.0,1579.0,11561438.0,67433
2023-05-11 09:03:57,SF2308,SF2308,7326.0,0.0,0.0,0.0,18,7324.0,7326.0,4,7364.0,7304.0,7338.0,7298.0,1579.0,11561438.0,67433
2023-05-11 09:03:57,SF2308,SF2308,7324.0,16.0,117152.0,16.0,54,7322.0,7326.0,18,7364.0,7304.0,7338.0,7298.0,1595.0,11678590.0,67449
2023-05-11 09:03:58,SF2308,SF2308,7324.0,0.0,0.0,0.0,3,7322.0,7324.0,14,7364.0,7304.0,7338.0,7298.0,1595.0,11678590.0,67449
2023-05-11 09:03:58,SF2308,SF2308,7324.0,0.0,0.0,0.0,3,7322.0,7324.0,17,7364.0,7304.0,7338.0,7298.0,1595.0,11678590.0,67449
2023-05-11 09:03:59,SF2308,SF2308,7324.0,1.0,7322.0,0.0,3,7322.0,7324.0,7,7364.0,7304.0,7338.0,7298.0,1596.0,11685912.0,67449
2023-05-11 09:03:59,SF2308,SF2308,7324.0,0.0,0.0,0.0,3,7322.0,7324.0,17,7364.0,7304.0,7338.0,7298.0,1596.0,11685912.0,67449
2023-05-11 09:04:00,SF2308,SF2308,7324.0,0.0,0.0,0.0,7,7322.0,7324.0,13,7364.0,7304.0,7338.0,7298.0,1596.0,11685912.0,67449
2023-05-11 09:04:01,SF2308,SF2308,7324.0,2.0,14644.0,2.0,7,7322.0,7326.0,35,7364.0,7304.0,7338.0,7298.0,1598.0,11700556.0,67451
2023-05-11 09:04:01,SF2308,SF2308,7324.0,0.0,0.0,0.0,1,7324.0,7326.0,18,7364.0,7304.0,7338.0,7298.0,1598.0,11700556.0,67451
2023-05-11 09:04:02,SF2308,SF2308,7324.0,0.0,0.0,0.0,2,7324.0,7326.0,18,7364.0,7304.0,7338.0,7298.0,1598.0,11700556.0,67451
2023-05-11 09:04:03,SF2308,SF2308,7324.0,0.0,0.0,0.0,2,7324.0,7326.0,19,7364.0,7304.0,7338.0,7298.0,1598.0,11700556.0,67451
2023-05-11 09:04:03,SF2308,SF2308,7322.0,10.0,73220.0,-3.0,25,7320.0,7322.0,12,7364.0,7304.0,7338.0,7298.0,1608.0,11773776.0,67448
2023-05-11 09:04:04,SF2308,SF2308,7320.0,7.0,51254.0,7.0,64,7316.0,7320.0,12,7364.0,7304.0,7338.0,7298.0,1615.0,11825030.0,67455
2023-05-11 09:04:04,SF2308,SF2308,7318.0,1.0,7322.0,0.0,3,7318.0,7320.0,13,7364.0,7304.0,7338.0,7298.0,1616.0,11832352.0,67455
2023-05-11 09:04:05,SF2308,SF2308,7320.0,4.0,29288.0,0.0,4,7318.0,7320.0,2,7364.0,7304.0,7338.0,7298.0,1620.0,11861640.0,67455
2023-05-11 09:04:05,SF2308,SF2308,7320.0,0.0,0.0,0.0,1,7318.0,7320.0,2,7364.0,7304.0,7338.0,7298.0,1620.0,11861640.0,67455
2023-05-11 09:04:06,SF2308,SF2308,7320.0,0.0,0.0,0.0,7,7318.0,7322.0,39,7364.0,7304.0,7338.0,7298.0,1620.0,11861640.0,67455
2023-05-11 09:04:06,SF2308,SF2308,7320.0,0.0,0.0,0.0,5,7318.0,7322.0,29,7364.0,7304.0,7338.0,7298.0,1620.0,11861640.0,67455
2023-05-11 09:04:07,SF2308,SF2308,7320.0,0.0,0.0,0.0,4,7318.0,7322.0,32,7364.0,7304.0,7338.0,7298.0,1620.0,11861640.0,67455
2023-05-11 09:04:07,SF2308,SF2308,7320.0,0.0,0.0,0.0,5,7318.0,7322.0,32,7364.0,7304.0,7338.0,7298.0,1620.0,11861640.0,67455
2023-05-11 09:04:08,SF2308,SF2308,7320.0,0.0,0.0,0.0,1,7318.0,7322.0,32,7364.0,7304.0,7338.0,7298.0,1620.0,11861640.0,67455
2023-05-11 09:04:08,SF2308,SF2308,7320.0,0.0,0.0,0.0,19,7318.0,7322.0,9,7364.0,7304.0,7338.0,7298.0,1620.0,11861640.0,67455
2023-05-11 09:04:09,SF2308,SF2308,7320.0,0.0,0.0,0.0,5,7320.0,7324.0,55,7364.0,7304.0,7338.0,7298.0,1620.0,11861640.0,67455
2023-05-11 09:04:09,SF2308,SF2308,7320.0,0.0,0.0,0.0,26,7320.0,7324.0,5,7364.0,7304.0,7338.0,7298.0,1620.0,11861640.0,67455
2023-05-11 09:04:10,SF2308,SF2308,7320.0,0.0,0.0,0.0,25,7320.0,7324.0,5,7364.0,7304.0,7338.0,7298.0,1620.0,11861640.0,67455
2023-05-11 09:04:11,SF2308,SF2308,7320.0,0.0,0.0,0.0,13,7322.0,7326.0,58,7364.0,7304.0,7338.0,7298.0,1620.0,11861640.0,67455
2023-05-11 09:04:11,SF2308,SF2308,7320.0,0.0,0.0,0.0,16,7322.0,7324.0,1,7364.0,7304.0,7338.0,7298.0,1620.0,11861640.0,67455
2023-05-11 09:04:12,SF2308,SF2308,7322.0,1.0,7322.0,1.0,3,7322.0,7324.0,4,7364.0,7304.0,7338.0,7298.0,1621.0,11868962.0,67456
2023-05-11 09:04:13,SF2308,SF2308,7322.0,0.0,0.0,0.0,6,7320.0,7324.0,17,7364.0,7304.0,7338.0,7298.0,1621.0,11868962.0,67456
2023-05-11 09:04:13,SF2308,SF2308,7322.0,0.0,0.0,0.0,6,7320.0,7324.0,34,7364.0,7304.0,7338.0,7298.0,1621.0,11868962.0,67456
2023-05-11 09:04:14,SF2308,SF2308,7322.0,0.0,0.0,0.0,7,7320.0,7324.0,27,7364.0,7304.0,7338.0,7298.0,1621.0,11868962.0,67456
2023-05-11 09:04:14,SF2308,SF2308,7322.0,0.0,0.0,0.0,6,7320.0,7324.0,27,7364.0,7304.0,7338.0,7298.0,1621.0,11868962.0,67456
2023-05-11 09:04:15,SF2308,SF2308,7322.0,0.0,0.0,0.0,3,7320.0,7322.0,3,7364.0,7304.0,7338.0,7298.0,1621.0,11868962.0,67456
2023-05-11 09:04:16,SF2308,SF2308,7322.0,0.0,0.0,0.0,23,7318.0,7322.0,1,7364.0,7304.0,7338.0,7298.0,1621.0,11868962.0,67456
2023-05-11 09:04:16,SF2308,SF2308,7322.0,0.0,0.0,0.0,5,7320.0,7324.0,18,7364.0,7304.0,7338.0,7298.0,1621.0,11868962.0,67456
2023-05-11 09:04:17,SF2308,SF2308,7322.0,0.0,0.0,0.0,17,7320.0,7324.0,8,7364.0,7304.0,7338.0,7298.0,1621.0,11868962.0,67456
2023-05-11 09:04:17,SF2308,SF2308,7322.0,0.0,0.0,0.0,18,7320.0,7324.0,5,7364.0,7304.0,7338.0,7298.0,1621.0,11868962.0,67456
2023-05-11 09:04:18,SF2308,SF2308,7322.0,0.0,0.0,0.0,3,7322.0,7326.0,48,7364.0,7304.0,7338.0,7298.0,1621.0,11868962.0,67456
2023-05-11 09:04:18,SF2308,SF2308,7322.0,0.0,0.0,0.0,27,7322.0,7326.0,20,7364.0,7304.0,7338.0,7298.0,1621.0,11868962.0,67456
2023-05-11 09:04:18,SF2308,SF2308,7322.0,0.0,0.0,0.0,18,7322.0,7326.0,20,7364.0,7304.0,7338.0,7298.0,1621.0,11868962.0,67456
2023-05-11 09:04:19,SF2308,SF2308,7322.0,0.0,0.0,0.0,17,7322.0,7326.0,31,7364.0,7304.0,7338.0,7298.0,1621.0,11868962.0,67456
2023-05-11 09:04:20,SF2308,SF2308,7322.0,0.0,0.0,0.0,17,7322.0,7324.0,1,7364.0,7304.0,7338.0,7298.0,1621.0,11868962.0,67456
2023-05-11 09:04:20,SF2308,SF2308,7322.0,1.0,7322.0,1.0,5,7322.0,7326.0,40,7364.0,7304.0,7338.0,7298.0,1622.0,11876284.0,67457
2023-05-11 09:04:21,SF2308,SF2308,7322.0,0.0,0.0,0.0,7,7322.0,7326.0,30,7364.0,7304.0,7338.0,7298.0,1622.0,11876284.0,67457
2023-05-11 09:04:24,SF2308,SF2308,7322.0,0.0,0.0,0.0,4,7322.0,7324.0,2,7364.0,7304.0,7338.0,7298.0,1622.0,11876284.0,67457
2023-05-11 09:04:24,SF2308,SF2308,7322.0,0.0,0.0,0.0,1,7322.0,7324.0,2,7364.0,7304.0,7338.0,7298.0,1622.0,11876284.0,67457
2023-05-11 09:04:25,SF2308,SF2308,7322.0,0.0,0.0,0.0,1,7322.0,7326.0,47,7364.0,7304.0,7338.0,7298.0,1622.0,11876284.0,67457
2023-05-11 09:04:25,SF2308,SF2308,7324.0,3.0,21966.0,0.0,3,7322.0,7324.0,1,7364.0,7304.0,7338.0,7298.0,1625.0,11898250.0,67457
2023-05-11 09:04:26,SF2308,SF2308,7324.0,0.0,0.0,0.0,6,7322.0,7326.0,30,7364.0,7304.0,7338.0,7298.0,1625.0,11898250.0,67457
2023-05-11 09:04:26,SF2308,SF2308,7324.0,0.0,0.0,0.0,7,7322.0,7326.0,30,7364.0,7304.0,7338.0,7298.0,1625.0,11898250.0,67457
2023-05-11 09:04:27,SF2308,SF2308,7322.0,2.0,14644.0,0.0,5,7322.0,7326.0,28,7364.0,7304.0,7338.0,7298.0,1627.0,11912894.0,67457
2023-05-11 09:04:27,SF2308,SF2308,7322.0,0.0,0.0,0.0,1,7324.0,7326.0,28,7364.0,7304.0,7338.0,7298.0,1627.0,11912894.0,67457
2023-05-11 09:04:29,SF2308,SF2308,7322.0,0.0,0.0,0.0,1,7324.0,7326.0,29,7364.0,7304.0,7338.0,7298.0,1627.0,11912894.0,67457
2023-05-11 09:04:29,SF2308,SF2308,7324.0,1.0,7322.0,1.0,60,7320.0,7326.0,27,7364.0,7304.0,7338.0,7298.0,1628.0,11920216.0,67458
2023-05-11 09:04:30,SF2308,SF2308,7322.0,1.0,7322.0,0.0,1,7322.0,7324.0,1,7364.0,7304.0,7338.0,7298.0,1629.0,11927538.0,67458
2023-05-11 09:04:30,SF2308,SF2308,7322.0,0.0,0.0,0.0,21,7320.0,7324.0,4,7364.0,7304.0,7338.0,7298.0,1629.0,11927538.0,67458
2023-05-11 09:04:31,SF2308,SF2308,7322.0,0.0,0.0,0.0,17,7320.0,7324.0,4,7364.0,7304.0,7338.0,7298.0,1629.0,11927538.0,67458
2023-05-11 09:04:33,SF2308,SF2308,7324.0,2.0,14644.0,-2.0,15,7322.0,7326.0,35,7364.0,7304.0,7338.0,7298.0,1631.0,11942182.0,67456
2023-05-11 09:04:33,SF2308,SF2308,7324.0,0.0,0.0,0.0,19,7322.0,7326.0,31,7364.0,7304.0,7338.0,7298.0,1631.0,11942182.0,67456
2023-05-11 09:04:34,SF2308,SF2308,7324.0,0.0,0.0,0.0,18,7322.0,7326.0,31,7364.0,7304.0,7338.0,7298.0,1631.0,11942182.0,67456
2023-05-11 09:04:34,SF2308,SF2308,7322.0,10.0,73220.0,-1.0,7,7322.0,7326.0,38,7364.0,7304.0,7338.0,7298.0,1641.0,12015402.0,67455
2023-05-11 09:04:35,SF2308,SF2308,7322.0,0.0,0.0,0.0,18,7322.0,7326.0,28,7364.0,7304.0,7338.0,7298.0,1641.0,12015402.0,67455
2023-05-11 09:04:35,SF2308,SF2308,7322.0,0.0,0.0,0.0,17,7322.0,7326.0,28,7364.0,7304.0,7338.0,7298.0,1641.0,12015402.0,67455
2023-05-11 09:04:36,SF2308,SF2308,7322.0,0.0,0.0,0.0,18,7322.0,7326.0,28,7364.0,7304.0,7338.0,7298.0,1641.0,12015402.0,67455
2023-05-11 09:04:37,SF2308,SF2308,7322.0,0.0,0.0,0.0,19,7322.0,7326.0,28,7364.0,7304.0,7338.0,7298.0,1641.0,12015402.0,67455
2023-05-11 09:04:39,SF2308,SF2308,7322.0,0.0,0.0,0.0,19,7322.0,7326.0,27,7364.0,7304.0,7338.0,7298.0,1641.0,12015402.0,67455
2023-05-11 09:04:39,SF2308,SF2308,7322.0,0.0,0.0,0.0,19,7322.0,7326.0,28,7364.0,7304.0,7338.0,7298.0,1641.0,12015402.0,67455
2023-05-11 09:04:40,SF2308,SF2308,7322.0,0.0,0.0,0.0,17,7322.0,7326.0,28,7364.0,7304.0,7338.0,7298.0,1641.0,12015402.0,67455
2023-05-11 09:04:40,SF2308,SF2308,7322.0,0.0,0.0,0.0,7,7322.0,7326.0,38,7364.0,7304.0,7338.0,7298.0,1641.0,12015402.0,67455
2023-05-11 09:04:41,SF2308,SF2308,7326.0,11.0,80542.0,-1.0,5,7324.0,7326.0,2,7364.0,7304.0,7338.0,7298.0,1652.0,12095944.0,67454
2023-05-11 09:04:41,SF2308,SF2308,7326.0,2.0,14644.0,1.0,36,7324.0,7328.0,10,7364.0,7304.0,7338.0,7298.0,1654.0,12110588.0,67455
2023-05-11 09:04:42,SF2308,SF2308,7326.0,0.0,0.0,0.0,48,7324.0,7328.0,7,7364.0,7304.0,7338.0,7298.0,1654.0,12110588.0,67455
2023-05-11 09:04:42,SF2308,SF2308,7326.0,0.0,0.0,0.0,36,7324.0,7328.0,9,7364.0,7304.0,7338.0,7298.0,1654.0,12110588.0,67455
2023-05-11 09:04:43,SF2308,SF2308,7326.0,0.0,0.0,0.0,16,7324.0,7328.0,29,7364.0,7304.0,7338.0,7298.0,1654.0,12110588.0,67455
2023-05-11 09:04:43,SF2308,SF2308,7326.0,0.0,0.0,0.0,24,7324.0,7328.0,20,7364.0,7304.0,7338.0,7298.0,1654.0,12110588.0,67455
2023-05-11 09:04:45,SF2308,SF2308,7326.0,0.0,0.0,0.0,21,7324.0,7328.0,20,7364.0,7304.0,7338.0,7298.0,1654.0,12110588.0,67455
2023-05-11 09:04:45,SF2308,SF2308,7326.0,0.0,0.0,0.0,45,7322.0,7326.0,17,7364.0,7304.0,7338.0,7298.0,1654.0,12110588.0,67455
2023-05-11 09:04:45,SF2308,SF2308,7326.0,0.0,0.0,0.0,25,7322.0,7326.0,20,7364.0,7304.0,7338.0,7298.0,1654.0,12110588.0,67455
2023-05-11 09:04:46,SF2308,SF2308,7326.0,0.0,0.0,0.0,2,7324.0,7326.0,16,7364.0,7304.0,7338.0,7298.0,1654.0,12110588.0,67455
2023-05-11 09:04:47,SF2308,SF2308,7326.0,1.0,7322.0,0.0,11,7324.0,7328.0,46,7364.0,7304.0,7338.0,7298.0,1655.0,12117910.0,67455
2023-05-11 09:04:47,SF2308,SF2308,7326.0,0.0,0.0,0.0,23,7324.0,7328.0,16,7364.0,7304.0,7338.0,7298.0,1655.0,12117910.0,67455
2023-05-11 09:04:48,SF2308,SF2308,7326.0,0.0,0.0,0.0,23,7324.0,7328.0,17,7364.0,7304.0,7338.0,7298.0,1655.0,12117910.0,67455
2023-05-11 09:04:48,SF2308,SF2308,7326.0,0.0,0.0,0.0,2,7324.0,7326.0,4,7364.0,7304.0,7338.0,7298.0,1655.0,12117910.0,67455
2023-05-11 09:04:49,SF2308,SF2308,7326.0,0.0,0.0,0.0,14,7322.0,7326.0,21,7364.0,7304.0,7338.0,7298.0,1655.0,12117910.0,67455
2023-05-11 09:04:49,SF2308,SF2308,7326.0,0.0,0.0,0.0,36,7322.0,7326.0,16,7364.0,7304.0,7338.0,7298.0,1655.0,12117910.0,67455
2023-05-11 09:04:50,SF2308,SF2308,7326.0,0.0,0.0,0.0,24,7322.0,7326.0,19,7364.0,7304.0,7338.0,7298.0,1655.0,12117910.0,67455
2023-05-11 09:04:50,SF2308,SF2308,7326.0,0.0,0.0,0.0,15,7322.0,7326.0,20,7364.0,7304.0,7338.0,7298.0,1655.0,12117910.0,67455
2023-05-11 09:04:51,SF2308,SF2308,7326.0,0.0,0.0,0.0,15,7322.0,7326.0,21,7364.0,7304.0,7338.0,7298.0,1655.0,12117910.0,67455
2023-05-11 09:04:53,SF2308,SF2308,7326.0,0.0,0.0,0.0,15,7322.0,7326.0,20,7364.0,7304.0,7338.0,7298.0,1655.0,12117910.0,67455
2023-05-11 09:04:54,SF2308,SF2308,7326.0,0.0,0.0,0.0,14,7322.0,7326.0,20,7364.0,7304.0,7338.0,7298.0,1655.0,12117910.0,67455
2023-05-11 09:04:54,SF2308,SF2308,7326.0,0.0,0.0,0.0,14,7322.0,7324.0,2,7364.0,7304.0,7338.0,7298.0,1655.0,12117910.0,67455
2023-05-11 09:04:55,SF2308,SF2308,7326.0,0.0,0.0,0.0,4,7322.0,7324.0,6,7364.0,7304.0,7338.0,7298.0,1655.0,12117910.0,67455
2023-05-11 09:04:56,SF2308,SF2308,7324.0,28.0,205016.0,0.0,5,7324.0,7326.0,42,7364.0,7304.0,7338.0,7298.0,1683.0,12322926.0,67455
2023-05-11 09:04:56,SF2308,SF2308,7324.0,0.0,0.0,0.0,5,7324.0,7326.0,15,7364.0,7304.0,7338.0,7298.0,1683.0,12322926.0,67455
2023-05-11 09:04:56,SF2308,SF2308,7324.0,0.0,0.0,0.0,5,7324.0,7326.0,5,7364.0,7304.0,7338.0,7298.0,1683.0,12322926.0,67455
2023-05-11 09:04:57,SF2308,SF2308,7324.0,0.0,0.0,0.0,5,7324.0,7326.0,2,7364.0,7304.0,7338.0,7298.0,1683.0,12322926.0,67455
2023-05-11 09:04:59,SF2308,SF2308,7324.0,13.0,95186.0,1.0,4,7324.0,7326.0,4,7364.0,7304.0,7338.0,7298.0,1696.0,12418112.0,67456
2023-05-11 09:04:59,SF2308,SF2308,7324.0,0.0,0.0,0.0,23,7322.0,7326.0,8,7364.0,7304.0,7338.0,7298.0,1696.0,12418112.0,67456
2023-05-11 09:05:00,SF2308,SF2308,7324.0,0.0,0.0,0.0,18,7322.0,7324.0,1,7364.0,7304.0,7338.0,7298.0,1696.0,12418112.0,67456
2023-05-11 09:05:00,SF2308,SF2308,7322.0,12.0,87864.0,11.0,27,7320.0,7324.0,14,7364.0,7304.0,7338.0,7298.0,1708.0,12505976.0,67467
2023-05-11 09:05:01,SF2308,SF2308,7320.0,4.0,29288.0,-3.0,1,7320.0,7322.0,24,7364.0,7304.0,7338.0,7298.0,1712.0,12535264.0,67464
2023-05-11 09:05:02,SF2308,SF2308,7320.0,0.0,0.0,0.0,2,7320.0,7322.0,24,7364.0,7304.0,7338.0,7298.0,1712.0,12535264.0,67464
2023-05-11 09:05:02,SF2308,SF2308,7320.0,1.0,7322.0,0.0,1,7318.0,7322.0,24,7364.0,7304.0,7338.0,7298.0,1713.0,12542586.0,67464
2023-05-11 09:05:03,SF2308,SF2308,7320.0,36.0,263592.0,-11.0,1,7318.0,7320.0,4,7364.0,7304.0,7338.0,7298.0,1749.0,12806178.0,67453
2023-05-11 09:05:03,SF2308,SF2308,7316.0,17.0,124474.0,-7.0,107,7316.0,7320.0,14,7364.0,7304.0,7338.0,7298.0,1766.0,12930652.0,67446
2023-05-11 09:05:04,SF2308,SF2308,7316.0,0.0,0.0,0.0,96,7316.0,7320.0,24,7364.0,7304.0,7338.0,7298.0,1766.0,12930652.0,67446
2023-05-11 09:05:04,SF2308,SF2308,7316.0,0.0,0.0,0.0,85,7316.0,7320.0,25,7364.0,7304.0,7338.0,7298.0,1766.0,12930652.0,67446
2023-05-11 09:05:04,SF2308,SF2308,7316.0,0.0,0.0,0.0,83,7316.0,7320.0,25,7364.0,7304.0,7338.0,7298.0,1766.0,12930652.0,67446
2023-05-11 09:05:06,SF2308,SF2308,7316.0,0.0,0.0,0.0,2,7318.0,7320.0,15,7364.0,7304.0,7338.0,7298.0,1766.0,12930652.0,67446
2023-05-11 09:05:06,SF2308,SF2308,7320.0,5.0,36610.0,0.0,2,7320.0,7322.0,18,7364.0,7304.0,7338.0,7298.0,1771.0,12967262.0,67446
2023-05-11 09:05:07,SF2308,SF2308,7320.0,0.0,0.0,0.0,4,7320.0,7322.0,17,7364.0,7304.0,7338.0,7298.0,1771.0,12967262.0,67446
2023-05-11 09:05:07,SF2308,SF2308,7322.0,3.0,21966.0,0.0,5,7320.0,7324.0,68,7364.0,7304.0,7338.0,7298.0,1774.0,12989228.0,67446
2023-05-11 09:05:08,SF2308,SF2308,7322.0,0.0,0.0,0.0,8,7320.0,7324.0,17,7364.0,7304.0,7338.0,7298.0,1774.0,12989228.0,67446
2023-05-11 09:05:08,SF2308,SF2308,7322.0,0.0,0.0,0.0,10,7320.0,7324.0,14,7364.0,7304.0,7338.0,7298.0,1774.0,12989228.0,67446
2023-05-11 09:05:09,SF2308,SF2308,7324.0,1.0,7322.0,0.0,10,7320.0,7326.0,121,7364.0,7304.0,7338.0,7298.0,1775.0,12996550.0,67446
2023-05-11 09:05:10,SF2308,SF2308,7328.0,52.0,380744.0,2.0,5,7322.0,7326.0,10,7364.0,7304.0,7338.0,7298.0,1827.0,13377294.0,67448
2023-05-11 09:05:10,SF2308,SF2308,7326.0,10.0,73220.0,0.0,7,7324.0,7328.0,14,7364.0,7304.0,7338.0,7298.0,1837.0,13450514.0,67448
2023-05-11 09:05:11,SF2308,SF2308,7326.0,0.0,0.0,0.0,6,7326.0,7328.0,1,7364.0,7304.0,7338.0,7298.0,1837.0,13450514.0,67448
2023-05-11 09:05:11,SF2308,SF2308,7324.0,26.0,194098.0,2.0,2,7324.0,7326.0,4,7364.0,7304.0,7338.0,7298.0,1863.0,13644612.0,67450
2023-05-11 09:05:12,SF2308,SF2308,7324.0,0.0,0.0,0.0,1,7324.0,7326.0,4,7364.0,7304.0,7338.0,7298.0,1863.0,13644612.0,67450
2023-05-11 09:05:12,SF2308,SF2308,7324.0,3.0,21972.0,0.0,23,7322.0,7324.0,2,7364.0,7304.0,7338.0,7298.0,1866.0,13666584.0,67450
2023-05-11 09:05:13,SF2308,SF2308,7324.0,10.0,73240.0,-2.0,1,7322.0,7324.0,4,7364.0,7304.0,7338.0,7298.0,1876.0,13739824.0,67448
2023-05-11 09:05:13,SF2308,SF2308,7324.0,3.0,21972.0,3.0,15,7320.0,7322.0,2,7364.0,7304.0,7338.0,7298.0,1879.0,13761796.0,67451
2023-05-11 09:05:14,SF2308,SF2308,7324.0,0.0,0.0,0.0,92,7318.0,7322.0,17,7364.0,7304.0,7338.0,7298.0,1879.0,13761796.0,67451
2023-05-11 09:05:14,SF2308,SF2308,7320.0,2.0,14648.0,-1.0,25,7318.0,7320.0,1,7364.0,7304.0,7338.0,7298.0,1881.0,13776444.0,67450
2023-05-11 09:05:15,SF2308,SF2308,7320.0,1.0,7324.0,-1.0,14,7318.0,7320.0,13,7364.0,7304.0,7338.0,7298.0,1882.0,13783768.0,67449
2023-05-11 09:05:15,SF2308,SF2308,7320.0,4.0,29296.0,0.0,3,7318.0,7320.0,6,7364.0,7304.0,7338.0,7298.0,1886.0,13813064.0,67449
2023-05-11 09:05:16,SF2308,SF2308,7320.0,2.0,14648.0,0.0,1,7320.0,7322.0,35,7364.0,7304.0,7338.0,7298.0,1888.0,13827712.0,67449
2023-05-11 09:05:16,SF2308,SF2308,7320.0,3.0,21972.0,0.0,15,7320.0,7322.0,3,7364.0,7304.0,7338.0,7298.0,1891.0,13849684.0,67449
2023-05-11 09:05:17,SF2308,SF2308,7320.0,0.0,0.0,0.0,1,7320.0,7322.0,3,7364.0,7304.0,7338.0,7298.0,1891.0,13849684.0,67449
2023-05-11 09:05:17,SF2308,SF2308,7320.0,1.0,7324.0,1.0,28,7320.0,7322.0,2,7364.0,7304.0,7338.0,7298.0,1892.0,13857008.0,67450
2023-05-11 09:05:18,SF2308,SF2308,7320.0,0.0,0.0,0.0,29,7320.0,7322.0,2,7364.0,7304.0,7338.0,7298.0,1892.0,13857008.0,67450
2023-05-11 09:05:18,SF2308,SF2308,7320.0,0.0,0.0,0.0,7,7320.0,7322.0,2,7364.0,7304.0,7338.0,7298.0,1892.0,13857008.0,67450
2023-05-11 09:05:19,SF2308,SF2308,7320.0,0.0,0.0,0.0,2,7320.0,7322.0,14,7364.0,7304.0,7338.0,7298.0,1892.0,13857008.0,67450
2023-05-11 09:05:19,SF2308,SF2308,7320.0,1.0,7324.0,0.0,1,7320.0,7322.0,14,7364.0,7304.0,7338.0,7298.0,1893.0,13864332.0,67450
2023-05-11 09:05:20,SF2308,SF2308,7322.0,1.0,7324.0,0.0,1,7320.0,7322.0,2,7364.0,7304.0,7338.0,7298.0,1894.0,13871656.0,67450
2023-05-11 09:05:20,SF2308,SF2308,7320.0,2.0,14648.0,1.0,1,7320.0,7322.0,1,7364.0,7304.0,7338.0,7298.0,1896.0,13886304.0,67451
2023-05-11 09:05:21,SF2308,SF2308,7320.0,1.0,7324.0,1.0,60,7318.0,7322.0,11,7364.0,7304.0,7338.0,7298.0,1897.0,13893628.0,67452
2023-05-11 09:05:21,SF2308,SF2308,7318.0,1.0,7324.0,-1.0,166,7316.0,7320.0,3,7364.0,7304.0,7338.0,7298.0,1898.0,13900952.0,67451
2023-05-11 09:05:22,SF2308,SF2308,7318.0,0.0,0.0,0.0,78,7316.0,7320.0,16,7364.0,7304.0,7338.0,7298.0,1898.0,13900952.0,67451
2023-05-11 09:05:22,SF2308,SF2308,7316.0,21.0,149966.0,-11.0,124,7314.0,7316.0,13,7364.0,7304.0,7338.0,7298.0,1919.0,14050918.0,67440
2023-05-11 09:05:23,SF2308,SF2308,7316.0,14.0,102508.0,-3.0,56,7314.0,7318.0,44,7364.0,7304.0,7338.0,7298.0,1933.0,14153426.0,67437
2023-05-11 09:05:23,SF2308,SF2308,7316.0,0.0,0.0,0.0,78,7314.0,7318.0,42,7364.0,7304.0,7338.0,7298.0,1933.0,14153426.0,67437
2023-05-11 09:05:24,SF2308,SF2308,7316.0,0.0,0.0,0.0,97,7314.0,7318.0,32,7364.0,7304.0,7338.0,7298.0,1933.0,14153426.0,67437
2023-05-11 09:05:24,SF2308,SF2308,7316.0,0.0,0.0,0.0,38,7314.0,7316.0,1,7364.0,7304.0,7338.0,7298.0,1933.0,14153426.0,67437
2023-05-11 09:05:25,SF2308,SF2308,7316.0,0.0,0.0,0.0,21,7314.0,7318.0,44,7364.0,7304.0,7338.0,7298.0,1933.0,14153426.0,67437
2023-05-11 09:05:25,SF2308,SF2308,7316.0,0.0,0.0,0.0,7,7314.0,7316.0,2,7364.0,7304.0,7338.0,7298.0,1933.0,14153426.0,67437
2023-05-11 09:05:26,SF2308,SF2308,7316.0,0.0,0.0,0.0,4,7314.0,7316.0,2,7364.0,7304.0,7338.0,7298.0,1933.0,14153426.0,67437
2023-05-11 09:05:27,SF2308,SF2308,7316.0,0.0,0.0,0.0,4,7314.0,7316.0,12,7364.0,7304.0,7338.0,7298.0,1933.0,14153426.0,67437
2023-05-11 09:05:27,SF2308,SF2308,7316.0,0.0,0.0,0.0,29,7312.0,7316.0,31,7364.0,7304.0,7338.0,7298.0,1933.0,14153426.0,67437
2023-05-11 09:05:28,SF2308,SF2308,7316.0,0.0,0.0,0.0,18,7312.0,7314.0,2,7364.0,7304.0,7338.0,7298.0,1933.0,14153426.0,67437
2023-05-11 09:05:28,SF2308,SF2308,7316.0,0.0,0.0,0.0,4,7312.0,7314.0,2,7364.0,7304.0,7338.0,7298.0,1933.0,14153426.0,67437
2023-05-11 09:05:29,SF2308,SF2308,7316.0,0.0,0.0,0.0,2,7312.0,7314.0,2,7364.0,7304.0,7338.0,7298.0,1933.0,14153426.0,67437
2023-05-11 09:05:29,SF2308,SF2308,7312.0,1.0,7322.0,1.0,91,7310.0,7314.0,1,7364.0,7304.0,7338.0,7298.0,1934.0,14160748.0,67438
2023-05-11 09:05:30,SF2308,SF2308,7312.0,0.0,0.0,0.0,19,7310.0,7312.0,1,7364.0,7304.0,7338.0,7298.0,1934.0,14160748.0,67438
2023-05-11 09:05:30,SF2308,SF2308,7312.0,0.0,0.0,0.0,6,7310.0,7312.0,1,7364.0,7304.0,7338.0,7298.0,1934.0,14160748.0,67438
2023-05-11 09:05:31,SF2308,SF2308,7312.0,0.0,0.0,0.0,1,7310.0,7312.0,13,7364.0,7304.0,7338.0,7298.0,1934.0,14160748.0,67438
2023-05-11 09:05:32,SF2308,SF2308,7310.0,1.0,7322.0,-1.0,18,7308.0,7310.0,1,7364.0,7304.0,7338.0,7298.0,1935.0,14168070.0,67437
2023-05-11 09:05:32,SF2308,SF2308,7310.0,5.0,36610.0,1.0,1,7308.0,7310.0,1,7364.0,7304.0,7338.0,7298.0,1940.0,14204680.0,67438
2023-05-11 09:05:33,SF2308,SF2308,7308.0,11.0,80542.0,4.0,4,7308.0,7310.0,5,7364.0,7304.0,7338.0,7298.0,1951.0,14285222.0,67442
2023-05-11 09:05:33,SF2308,SF2308,7308.0,0.0,0.0,0.0,3,7308.0,7312.0,28,7364.0,7304.0,7338.0,7298.0,1951.0,14285222.0,67442
2023-05-11 09:05:34,SF2308,SF2308,7308.0,0.0,0.0,0.0,5,7308.0,7312.0,28,7364.0,7304.0,7338.0,7298.0,1951.0,14285222.0,67442
2023-05-11 09:05:34,SF2308,SF2308,7308.0,0.0,0.0,0.0,1,7308.0,7310.0,17,7364.0,7304.0,7338.0,7298.0,1951.0,14285222.0,67442
2023-05-11 09:05:35,SF2308,SF2308,7308.0,0.0,0.0,0.0,11,7306.0,7310.0,37,7364.0,7304.0,7338.0,7298.0,1951.0,14285222.0,67442
2023-05-11 09:05:35,SF2308,SF2308,7308.0,0.0,0.0,0.0,11,7306.0,7310.0,27,7364.0,7304.0,7338.0,7298.0,1951.0,14285222.0,67442
2023-05-11 09:05:37,SF2308,SF2308,7308.0,0.0,0.0,0.0,9,7306.0,7310.0,27,7364.0,7304.0,7338.0,7298.0,1951.0,14285222.0,67442
2023-05-11 09:05:38,SF2308,SF2308,7308.0,0.0,0.0,0.0,9,7306.0,7310.0,54,7364.0,7304.0,7338.0,7298.0,1951.0,14285222.0,67442
2023-05-11 09:05:38,SF2308,SF2308,7306.0,5.0,36610.0,2.0,2,7306.0,7310.0,40,7364.0,7304.0,7338.0,7298.0,1956.0,14321832.0,67444
2023-05-11 09:05:39,SF2308,SF2308,7306.0,0.0,0.0,0.0,4,7306.0,7308.0,1,7364.0,7304.0,7338.0,7298.0,1956.0,14321832.0,67444
2023-05-11 09:05:39,SF2308,SF2308,7306.0,0.0,0.0,0.0,1,7306.0,7310.0,33,7364.0,7304.0,7338.0,7298.0,1956.0,14321832.0,67444
2023-05-11 09:05:40,SF2308,SF2308,7306.0,0.0,0.0,0.0,1,7308.0,7310.0,26,7364.0,7304.0,7338.0,7298.0,1956.0,14321832.0,67444
2023-05-11 09:05:40,SF2308,SF2308,7306.0,0.0,0.0,0.0,1,7308.0,7310.0,33,7364.0,7304.0,7338.0,7298.0,1956.0,14321832.0,67444
2023-05-11 09:05:41,SF2308,SF2308,7306.0,2.0,14644.0,-1.0,1,7306.0,7308.0,1,7364.0,7304.0,7338.0,7298.0,1958.0,14336476.0,67443
2023-05-11 09:05:41,SF2308,SF2308,7306.0,0.0,0.0,0.0,4,7306.0,7308.0,3,7364.0,7304.0,7338.0,7298.0,1958.0,14336476.0,67443
2023-05-11 09:05:42,SF2308,SF2308,7308.0,3.0,21966.0,0.0,6,7306.0,7310.0,28,7364.0,7304.0,7338.0,7298.0,1961.0,14358442.0,67443
2023-05-11 09:05:42,SF2308,SF2308,7308.0,1.0,7322.0,0.0,6,7306.0,7310.0,44,7364.0,7304.0,7338.0,7298.0,1962.0,14365764.0,67443
2023-05-11 09:05:43,SF2308,SF2308,7308.0,0.0,0.0,0.0,8,7306.0,7310.0,28,7364.0,7304.0,7338.0,7298.0,1962.0,14365764.0,67443
2023-05-11 09:05:43,SF2308,SF2308,7310.0,2.0,14644.0,0.0,19,7306.0,7310.0,5,7364.0,7304.0,7338.0,7298.0,1964.0,14380408.0,67443
2023-05-11 09:05:44,SF2308,SF2308,7310.0,0.0,0.0,0.0,16,7306.0,7310.0,5,7364.0,7304.0,7338.0,7298.0,1964.0,14380408.0,67443
2023-05-11 09:05:44,SF2308,SF2308,7310.0,0.0,0.0,0.0,19,7306.0,7310.0,16,7364.0,7304.0,7338.0,7298.0,1964.0,14380408.0,67443
2023-05-11 09:05:45,SF2308,SF2308,7308.0,7.0,51254.0,2.0,4,7308.0,7310.0,2,7364.0,7304.0,7338.0,7298.0,1971.0,14431662.0,67445
2023-05-11 09:05:45,SF2308,SF2308,7308.0,0.0,0.0,0.0,24,7308.0,7312.0,24,7364.0,7304.0,7338.0,7298.0,1971.0,14431662.0,67445
2023-05-11 09:05:46,SF2308,SF2308,7308.0,0.0,0.0,0.0,24,7308.0,7312.0,14,7364.0,7304.0,7338.0,7298.0,1971.0,14431662.0,67445
2023-05-11 09:05:46,SF2308,SF2308,7308.0,0.0,0.0,0.0,1,7310.0,7312.0,14,7364.0,7304.0,7338.0,7298.0,1971.0,14431662.0,67445
2023-05-11 09:05:46,SF2308,SF2308,7308.0,0.0,0.0,0.0,1,7310.0,7312.0,1,7364.0,7304.0,7338.0,7298.0,1971.0,14431662.0,67445
2023-05-11 09:05:47,SF2308,SF2308,7308.0,0.0,0.0,0.0,91,7308.0,7314.0,74,7364.0,7304.0,7338.0,7298.0,1971.0,14431662.0,67445
2023-05-11 09:05:48,SF2308,SF2308,7308.0,0.0,0.0,0.0,12,7310.0,7314.0,25,7364.0,7304.0,7338.0,7298.0,1971.0,14431662.0,67445
2023-05-11 09:05:48,SF2308,SF2308,7308.0,0.0,0.0,0.0,25,7310.0,7314.0,12,7364.0,7304.0,7338.0,7298.0,1971.0,14431662.0,67445
2023-05-11 09:05:49,SF2308,SF2308,7308.0,0.0,0.0,0.0,24,7310.0,7314.0,15,7364.0,7304.0,7338.0,7298.0,1971.0,14431662.0,67445
2023-05-11 09:05:49,SF2308,SF2308,7308.0,0.0,0.0,0.0,24,7310.0,7314.0,12,7364.0,7304.0,7338.0,7298.0,1971.0,14431662.0,67445
2023-05-11 09:05:50,SF2308,SF2308,7308.0,0.0,0.0,0.0,4,7312.0,7314.0,1,7364.0,7304.0,7338.0,7298.0,1971.0,14431662.0,67445
2023-05-11 09:05:51,SF2308,SF2308,7312.0,2.0,14644.0,2.0,9,7312.0,7316.0,59,7364.0,7304.0,7338.0,7298.0,1973.0,14446306.0,67447
2023-05-11 09:05:51,SF2308,SF2308,7312.0,0.0,0.0,0.0,7,7312.0,7316.0,41,7364.0,7304.0,7338.0,7298.0,1973.0,14446306.0,67447
2023-05-11 09:05:52,SF2308,SF2308,7312.0,0.0,0.0,0.0,10,7312.0,7316.0,39,7364.0,7304.0,7338.0,7298.0,1973.0,14446306.0,67447
2023-05-11 09:05:52,SF2308,SF2308,7312.0,0.0,0.0,0.0,5,7312.0,7316.0,40,7364.0,7304.0,7338.0,7298.0,1973.0,14446306.0,67447
2023-05-11 09:05:53,SF2308,SF2308,7312.0,0.0,0.0,0.0,10,7312.0,7316.0,39,7364.0,7304.0,7338.0,7298.0,1973.0,14446306.0,67447
2023-05-11 09:05:53,SF2308,SF2308,7312.0,0.0,0.0,0.0,9,7312.0,7316.0,41,7364.0,7304.0,7338.0,7298.0,1973.0,14446306.0,67447
2023-05-11 09:05:54,SF2308,SF2308,7312.0,0.0,0.0,0.0,4,7314.0,7316.0,20,7364.0,7304.0,7338.0,7298.0,1973.0,14446306.0,67447
2023-05-11 09:05:54,SF2308,SF2308,7314.0,2.0,14644.0,2.0,7,7314.0,7316.0,10,7364.0,7304.0,7338.0,7298.0,1975.0,14460950.0,67449
2023-05-11 09:05:55,SF2308,SF2308,7314.0,6.0,43932.0,4.0,51,7312.0,7316.0,20,7364.0,7304.0,7338.0,7298.0,1981.0,14504882.0,67453
2023-05-11 09:05:56,SF2308,SF2308,7312.0,3.0,21966.0,3.0,4,7312.0,7314.0,8,7364.0,7304.0,7338.0,7298.0,1984.0,14526848.0,67456
2023-05-11 09:05:56,SF2308,SF2308,7312.0,2.0,14644.0,2.0,17,7310.0,7314.0,19,7364.0,7304.0,7338.0,7298.0,1986.0,14541492.0,67458
2023-05-11 09:05:57,SF2308,SF2308,7312.0,0.0,0.0,0.0,5,7310.0,7314.0,26,7364.0,7304.0,7338.0,7298.0,1986.0,14541492.0,67458
2023-05-11 09:05:58,SF2308,SF2308,7314.0,15.0,109830.0,14.0,5,7310.0,7314.0,18,7364.0,7304.0,7338.0,7298.0,2001.0,14651322.0,67472
2023-05-11 09:05:59,SF2308,SF2308,7314.0,0.0,0.0,0.0,2,7310.0,7312.0,2,7364.0,7304.0,7338.0,7298.0,2001.0,14651322.0,67472
2023-05-11 09:06:00,SF2308,SF2308,7314.0,0.0,0.0,0.0,5,7310.0,7314.0,45,7364.0,7304.0,7338.0,7298.0,2001.0,14651322.0,67472
2023-05-11 09:06:00,SF2308,SF2308,7314.0,16.0,117152.0,10.0,4,7314.0,7316.0,32,7364.0,7304.0,7338.0,7298.0,2017.0,14768474.0,67482
2023-05-11 09:06:01,SF2308,SF2308,7316.0,20.0,146440.0,18.0,8,7316.0,7318.0,5,7364.0,7304.0,7338.0,7298.0,2037.0,14914914.0,67500
2023-05-11 09:06:03,SF2308,SF2308,7318.0,1.0,7322.0,0.0,8,7316.0,7318.0,4,7364.0,7304.0,7338.0,7298.0,2038.0,14922236.0,67500
2023-05-11 09:06:04,SF2308,SF2308,7316.0,6.0,43932.0,0.0,10,7316.0,7318.0,6,7364.0,7304.0,7338.0,7298.0,2044.0,14966168.0,67500
2023-05-11 09:06:04,SF2308,SF2308,7318.0,6.0,43932.0,6.0,28,7316.0,7320.0,27,7364.0,7304.0,7338.0,7298.0,2050.0,15010100.0,67506
2023-05-11 09:06:05,SF2308,SF2308,7318.0,0.0,0.0,0.0,38,7316.0,7318.0,5,7364.0,7304.0,7338.0,7298.0,2050.0,15010100.0,67506
2023-05-11 09:06:05,SF2308,SF2308,7318.0,0.0,0.0,0.0,24,7316.0,7318.0,6,7364.0,7304.0,7338.0,7298.0,2050.0,15010100.0,67506
2023-05-11 09:06:06,SF2308,SF2308,7314.0,17.0,124474.0,-4.0,50,7314.0,7316.0,8,7364.0,7304.0,7338.0,7298.0,2067.0,15134574.0,67502
2023-05-11 09:06:06,SF2308,SF2308,7314.0,0.0,0.0,0.0,56,7312.0,7316.0,24,7364.0,7304.0,7338.0,7298.0,2067.0,15134574.0,67502
2023-05-11 09:06:06,SF2308,SF2308,7314.0,0.0,0.0,0.0,4,7312.0,7316.0,24,7364.0,7304.0,7338.0,7298.0,2067.0,15134574.0,67502
2023-05-11 09:06:07,SF2308,SF2308,7314.0,0.0,0.0,0.0,4,7312.0,7316.0,22,7364.0,7304.0,7338.0,7298.0,2067.0,15134574.0,67502
2023-05-11 09:06:08,SF2308,SF2308,7316.0,10.0,73220.0,10.0,4,7312.0,7316.0,24,7364.0,7304.0,7338.0,7298.0,2077.0,15207794.0,67512
2023-05-11 09:06:08,SF2308,SF2308,7314.0,1.0,7322.0,0.0,15,7312.0,7316.0,16,7364.0,7304.0,7338.0,7298.0,2078.0,15215116.0,67512
2023-05-11 09:06:09,SF2308,SF2308,7316.0,5.0,36610.0,0.0,35,7312.0,7316.0,1,7364.0,7304.0,7338.0,7298.0,2083.0,15251726.0,67512
2023-05-11 09:06:09,SF2308,SF2308,7316.0,0.0,0.0,0.0,35,7312.0,7316.0,4,7364.0,7304.0,7338.0,7298.0,2083.0,15251726.0,67512
2023-05-11 09:06:10,SF2308,SF2308,7316.0,0.0,0.0,0.0,3,7314.0,7316.0,3,7364.0,7304.0,7338.0,7298.0,2083.0,15251726.0,67512
2023-05-11 09:06:10,SF2308,SF2308,7316.0,0.0,0.0,0.0,4,7314.0,7318.0,77,7364.0,7304.0,7338.0,7298.0,2083.0,15251726.0,67512
2023-05-11 09:06:11,SF2308,SF2308,7316.0,0.0,0.0,0.0,7,7314.0,7318.0,64,7364.0,7304.0,7338.0,7298.0,2083.0,15251726.0,67512
2023-05-11 09:06:11,SF2308,SF2308,7316.0,0.0,0.0,0.0,4,7316.0,7318.0,28,7364.0,7304.0,7338.0,7298.0,2083.0,15251726.0,67512
2023-05-11 09:06:12,SF2308,SF2308,7318.0,3.0,21966.0,0.0,7,7316.0,7318.0,2,7364.0,7304.0,7338.0,7298.0,2086.0,15273692.0,67512
2023-05-11 09:06:13,SF2308,SF2308,7318.0,0.0,0.0,0.0,3,7316.0,7318.0,2,7364.0,7304.0,7338.0,7298.0,2086.0,15273692.0,67512
2023-05-11 09:06:14,SF2308,SF2308,7316.0,7.0,51254.0,-3.0,4,7316.0,7318.0,1,7364.0,7304.0,7338.0,7298.0,2093.0,15324946.0,67509
2023-05-11 09:06:18,SF2308,SF2308,7318.0,1.0,7322.0,-1.0,4,7316.0,7320.0,33,7364.0,7304.0,7338.0,7298.0,2094.0,15332268.0,67508
2023-05-11 09:06:18,SF2308,SF2308,7318.0,0.0,0.0,0.0,15,7316.0,7320.0,22,7364.0,7304.0,7338.0,7298.0,2094.0,15332268.0,67508
2023-05-11 09:06:19,SF2308,SF2308,7318.0,0.0,0.0,0.0,19,7316.0,7320.0,22,7364.0,7304.0,7338.0,7298.0,2094.0,15332268.0,67508
2023-05-11 09:06:19,SF2308,SF2308,7318.0,0.0,0.0,0.0,21,7316.0,7320.0,20,7364.0,7304.0,7338.0,7298.0,2094.0,15332268.0,67508
2023-05-11 09:06:20,SF2308,SF2308,7318.0,0.0,0.0,0.0,8,7316.0,7320.0,38,7364.0,7304.0,7338.0,7298.0,2094.0,15332268.0,67508
2023-05-11 09:06:20,SF2308,SF2308,7318.0,0.0,0.0,0.0,4,7316.0,7320.0,37,7364.0,7304.0,7338.0,7298.0,2094.0,15332268.0,67508
2023-05-11 09:06:21,SF2308,SF2308,7318.0,0.0,0.0,0.0,4,7316.0,7318.0,2,7364.0,7304.0,7338.0,7298.0,2094.0,15332268.0,67508
2023-05-11 09:06:21,SF2308,SF2308,7318.0,0.0,0.0,0.0,4,7316.0,7318.0,8,7364.0,7304.0,7338.0,7298.0,2094.0,15332268.0,67508
2023-05-11 09:06:22,SF2308,SF2308,7318.0,0.0,0.0,0.0,2,7316.0,7318.0,10,7364.0,7304.0,7338.0,7298.0,2094.0,15332268.0,67508
2023-05-11 09:06:22,SF2308,SF2308,7318.0,0.0,0.0,0.0,18,7314.0,7318.0,30,7364.0,7304.0,7338.0,7298.0,2094.0,15332268.0,67508
2023-05-11 09:06:23,SF2308,SF2308,7318.0,0.0,0.0,0.0,3,7314.0,7316.0,3,7364.0,7304.0,7338.0,7298.0,2094.0,15332268.0,67508
2023-05-11 09:06:23,SF2308,SF2308,7314.0,2.0,14644.0,-2.0,1,7314.0,7316.0,19,7364.0,7304.0,7338.0,7298.0,2096.0,15346912.0,67506
2023-05-11 09:06:24,SF2308,SF2308,7314.0,0.0,0.0,0.0,1,7314.0,7316.0,30,7364.0,7304.0,7338.0,7298.0,2096.0,15346912.0,67506
2023-05-11 09:06:24,SF2308,SF2308,7314.0,0.0,0.0,0.0,5,7312.0,7316.0,30,7364.0,7304.0,7338.0,7298.0,2096.0,15346912.0,67506
2023-05-11 09:06:24,SF2308,SF2308,7314.0,0.0,0.0,0.0,8,7312.0,7316.0,30,7364.0,7304.0,7338.0,7298.0,2096.0,15346912.0,67506
2023-05-11 09:06:25,SF2308,SF2308,7314.0,0.0,0.0,0.0,1,7314.0,7316.0,32,7364.0,7304.0,7338.0,7298.0,2096.0,15346912.0,67506
2023-05-11 09:06:26,SF2308,SF2308,7316.0,5.0,36610.0,5.0,1,7316.0,7318.0,89,7364.0,7304.0,7338.0,7298.0,2101.0,15383522.0,67511
2023-05-11 09:06:26,SF2308,SF2308,7316.0,0.0,0.0,0.0,2,7316.0,7318.0,21,7364.0,7304.0,7338.0,7298.0,2101.0,15383522.0,67511
2023-05-11 09:06:27,SF2308,SF2308,7318.0,2.0,14644.0,1.0,4,7316.0,7320.0,94,7364.0,7304.0,7338.0,7298.0,2103.0,15398166.0,67512
2023-05-11 09:06:27,SF2308,SF2308,7316.0,1.0,7322.0,0.0,15,7316.0,7318.0,3,7364.0,7304.0,7338.0,7298.0,2104.0,15405488.0,67512
2023-05-11 09:06:28,SF2308,SF2308,7316.0,2.0,14644.0,0.0,57,7314.0,7316.0,1,7364.0,7304.0,7338.0,7298.0,2106.0,15420132.0,67512
2023-05-11 09:06:28,SF2308,SF2308,7316.0,0.0,0.0,0.0,15,7314.0,7316.0,1,7364.0,7304.0,7338.0,7298.0,2106.0,15420132.0,67512
2023-05-11 09:06:30,SF2308,SF2308,7316.0,0.0,0.0,0.0,14,7314.0,7316.0,1,7364.0,7304.0,7338.0,7298.0,2106.0,15420132.0,67512
2023-05-11 09:06:30,SF2308,SF2308,7316.0,0.0,0.0,0.0,16,7314.0,7316.0,1,7364.0,7304.0,7338.0,7298.0,2106.0,15420132.0,67512
2023-05-11 09:06:31,SF2308,SF2308,7316.0,0.0,0.0,0.0,27,7314.0,7316.0,1,7364.0,7304.0,7338.0,7298.0,2106.0,15420132.0,67512
2023-05-11 09:06:31,SF2308,SF2308,7316.0,0.0,0.0,0.0,1,7316.0,7318.0,22,7364.0,7304.0,7338.0,7298.0,2106.0,15420132.0,67512
2023-05-11 09:06:32,SF2308,SF2308,7316.0,0.0,0.0,0.0,2,7316.0,7320.0,101,7364.0,7304.0,7338.0,7298.0,2106.0,15420132.0,67512
2023-05-11 09:06:32,SF2308,SF2308,7316.0,0.0,0.0,0.0,20,7316.0,7320.0,25,7364.0,7304.0,7338.0,7298.0,2106.0,15420132.0,67512
2023-05-11 09:06:33,SF2308,SF2308,7316.0,0.0,0.0,0.0,2,7318.0,7320.0,2,7364.0,7304.0,7338.0,7298.0,2106.0,15420132.0,67512
2023-05-11 09:06:33,SF2308,SF2308,7320.0,2.0,14644.0,-1.0,10,7318.0,7320.0,1,7364.0,7304.0,7338.0,7298.0,2108.0,15434776.0,67511
2023-05-11 09:06:34,SF2308,SF2308,7320.0,2.0,14644.0,1.0,36,7318.0,7322.0,18,7364.0,7304.0,7338.0,7298.0,2110.0,15449420.0,67512
2023-05-11 09:06:34,SF2308,SF2308,7320.0,1.0,7322.0,-1.0,2,7320.0,7322.0,12,7364.0,7304.0,7338.0,7298.0,2111.0,15456742.0,67511
2023-05-11 09:06:35,SF2308,SF2308,7322.0,1.0,7322.0,1.0,4,7320.0,7324.0,99,7364.0,7304.0,7338.0,7298.0,2112.0,15464064.0,67512
2023-05-11 09:06:35,SF2308,SF2308,7322.0,0.0,0.0,0.0,5,7320.0,7324.0,81,7364.0,7304.0,7338.0,7298.0,2112.0,15464064.0,67512
2023-05-11 09:06:36,SF2308,SF2308,7320.0,4.0,29288.0,0.0,76,7318.0,7322.0,17,7364.0,7304.0,7338.0,7298.0,2116.0,15493352.0,67512
2023-05-11 09:06:36,SF2308,SF2308,7320.0,0.0,0.0,0.0,3,7318.0,7320.0,1,7364.0,7304.0,7338.0,7298.0,2116.0,15493352.0,67512
2023-05-11 09:06:37,SF2308,SF2308,7320.0,0.0,0.0,0.0,1,7318.0,7320.0,1,7364.0,7304.0,7338.0,7298.0,2116.0,15493352.0,67512
2023-05-11 09:06:37,SF2308,SF2308,7320.0,0.0,0.0,0.0,108,7316.0,7320.0,3,7364.0,7304.0,7338.0,7298.0,2116.0,15493352.0,67512
2023-05-11 09:06:38,SF2308,SF2308,7320.0,2.0,14644.0,0.0,57,7316.0,7320.0,1,7364.0,7304.0,7338.0,7298.0,2118.0,15507996.0,67512
2023-05-11 09:06:38,SF2308,SF2308,7320.0,0.0,0.0,0.0,17,7316.0,7320.0,8,7364.0,7304.0,7338.0,7298.0,2118.0,15507996.0,67512
2023-05-11 09:06:39,SF2308,SF2308,7316.0,2.0,14644.0,0.0,27,7316.0,7320.0,8,7364.0,7304.0,7338.0,7298.0,2120.0,15522640.0,67512
2023-05-11 09:06:39,SF2308,SF2308,7316.0,0.0,0.0,0.0,17,7316.0,7320.0,18,7364.0,7304.0,7338.0,7298.0,2120.0,15522640.0,67512
2023-05-11 09:06:40,SF2308,SF2308,7316.0,0.0,0.0,0.0,27,7316.0,7320.0,8,7364.0,7304.0,7338.0,7298.0,2120.0,15522640.0,67512
2023-05-11 09:06:41,SF2308,SF2308,7316.0,0.0,0.0,0.0,17,7316.0,7320.0,18,7364.0,7304.0,7338.0,7298.0,2120.0,15522640.0,67512
2023-05-11 09:06:45,SF2308,SF2308,7316.0,0.0,0.0,0.0,1,7318.0,7320.0,15,7364.0,7304.0,7338.0,7298.0,2120.0,15522640.0,67512
2023-05-11 09:06:45,SF2308,SF2308,7316.0,0.0,0.0,0.0,5,7318.0,7320.0,2,7364.0,7304.0,7338.0,7298.0,2120.0,15522640.0,67512
2023-05-11 09:06:46,SF2308,SF2308,7316.0,0.0,0.0,0.0,5,7318.0,7320.0,1,7364.0,7304.0,7338.0,7298.0,2120.0,15522640.0,67512
2023-05-11 09:06:46,SF2308,SF2308,7316.0,0.0,0.0,0.0,17,7318.0,7320.0,2,7364.0,7304.0,7338.0,7298.0,2120.0,15522640.0,67512
2023-05-11 09:06:47,SF2308,SF2308,7316.0,0.0,0.0,0.0,5,7318.0,7320.0,2,7364.0,7304.0,7338.0,7298.0,2120.0,15522640.0,67512
2023-05-11 09:06:50,SF2308,SF2308,7316.0,0.0,0.0,0.0,20,7318.0,7322.0,20,7364.0,7304.0,7338.0,7298.0,2120.0,15522640.0,67512
2023-05-11 09:06:51,SF2308,SF2308,7316.0,0.0,0.0,0.0,1,7320.0,7322.0,7,7364.0,7304.0,7338.0,7298.0,2120.0,15522640.0,67512
2023-05-11 09:06:51,SF2308,SF2308,7316.0,0.0,0.0,0.0,4,7320.0,7322.0,3,7364.0,7304.0,7338.0,7298.0,2120.0,15522640.0,67512
2023-05-11 09:06:52,SF2308,SF2308,7316.0,0.0,0.0,0.0,5,7320.0,7322.0,3,7364.0,7304.0,7338.0,7298.0,2120.0,15522640.0,67512
2023-05-11 09:06:55,SF2308,SF2308,7316.0,0.0,0.0,0.0,1,7320.0,7322.0,7,7364.0,7304.0,7338.0,7298.0,2120.0,15522640.0,67512
2023-05-11 09:06:55,SF2308,SF2308,7316.0,0.0,0.0,0.0,57,7318.0,7320.0,2,7364.0,7304.0,7338.0,7298.0,2120.0,15522640.0,67512
2023-05-11 09:06:56,SF2308,SF2308,7318.0,13.0,95186.0,-11.0,107,7316.0,7318.0,10,7364.0,7304.0,7338.0,7298.0,2133.0,15617826.0,67501
2023-05-11 09:06:56,SF2308,SF2308,7318.0,0.0,0.0,0.0,25,7316.0,7318.0,10,7364.0,7304.0,7338.0,7298.0,2133.0,15617826.0,67501
2023-05-11 09:06:57,SF2308,SF2308,7318.0,4.0,29288.0,-1.0,15,7316.0,7318.0,6,7364.0,7304.0,7338.0,7298.0,2137.0,15647114.0,67500
2023-05-11 09:06:57,SF2308,SF2308,7316.0,4.0,29288.0,-1.0,20,7316.0,7318.0,7,7364.0,7304.0,7338.0,7298.0,2141.0,15676402.0,67499
2023-05-11 09:07:00,SF2308,SF2308,7318.0,6.0,43932.0,-3.0,24,7316.0,7318.0,1,7364.0,7304.0,7338.0,7298.0,2147.0,15720334.0,67496
2023-05-11 09:07:00,SF2308,SF2308,7318.0,0.0,0.0,0.0,28,7316.0,7318.0,1,7364.0,7304.0,7338.0,7298.0,2147.0,15720334.0,67496
2023-05-11 09:07:02,SF2308,SF2308,7318.0,0.0,0.0,0.0,18,7316.0,7318.0,1,7364.0,7304.0,7338.0,7298.0,2147.0,15720334.0,67496
2023-05-11 09:07:03,SF2308,SF2308,7318.0,0.0,0.0,0.0,19,7316.0,7318.0,1,7364.0,7304.0,7338.0,7298.0,2147.0,15720334.0,67496
2023-05-11 09:07:05,SF2308,SF2308,7318.0,1.0,7322.0,1.0,1,7318.0,7320.0,42,7364.0,7304.0,7338.0,7298.0,2148.0,15727656.0,67497
2023-05-11 09:07:05,SF2308,SF2308,7318.0,0.0,0.0,0.0,14,7318.0,7322.0,99,7364.0,7304.0,7338.0,7298.0,2148.0,15727656.0,67497
2023-05-11 09:07:06,SF2308,SF2308,7318.0,0.0,0.0,0.0,10,7318.0,7322.0,91,7364.0,7304.0,7338.0,7298.0,2148.0,15727656.0,67497
2023-05-11 09:07:06,SF2308,SF2308,7318.0,0.0,0.0,0.0,5,7318.0,7322.0,91,7364.0,7304.0,7338.0,7298.0,2148.0,15727656.0,67497
2023-05-11 09:07:07,SF2308,SF2308,7316.0,69.0,505218.0,15.0,43,7314.0,7316.0,7,7364.0,7304.0,7338.0,7298.0,2217.0,16232874.0,67512
2023-05-11 09:07:07,SF2308,SF2308,7316.0,12.0,87864.0,-8.0,18,7314.0,7316.0,3,7364.0,7304.0,7338.0,7298.0,2229.0,16320738.0,67504
2023-05-11 09:07:07,SF2308,SF2308,7316.0,0.0,0.0,0.0,8,7314.0,7316.0,3,7364.0,7304.0,7338.0,7298.0,2229.0,16320738.0,67504
2023-05-11 09:07:09,SF2308,SF2308,7316.0,2.0,14644.0,0.0,2,7314.0,7316.0,2,7364.0,7304.0,7338.0,7298.0,2231.0,16335382.0,67504
2023-05-11 09:07:09,SF2308,SF2308,7316.0,1.0,7322.0,-1.0,8,7314.0,7316.0,1,7364.0,7304.0,7338.0,7298.0,2232.0,16342704.0,67503
2023-05-11 09:07:10,SF2308,SF2308,7316.0,0.0,0.0,0.0,6,7314.0,7316.0,4,7364.0,7304.0,7338.0,7298.0,2232.0,16342704.0,67503
2023-05-11 09:07:10,SF2308,SF2308,7316.0,1.0,7322.0,0.0,5,7314.0,7316.0,3,7364.0,7304.0,7338.0,7298.0,2233.0,16350026.0,67503
2023-05-11 09:07:11,SF2308,SF2308,7316.0,0.0,0.0,0.0,5,7314.0,7318.0,109,7364.0,7304.0,7338.0,7298.0,2233.0,16350026.0,67503
2023-05-11 09:07:11,SF2308,SF2308,7316.0,0.0,0.0,0.0,5,7314.0,7318.0,80,7364.0,7304.0,7338.0,7298.0,2233.0,16350026.0,67503
2023-05-11 09:07:12,SF2308,SF2308,7316.0,0.0,0.0,0.0,5,7314.0,7318.0,52,7364.0,7304.0,7338.0,7298.0,2233.0,16350026.0,67503
2023-05-11 09:07:13,SF2308,SF2308,7316.0,0.0,0.0,0.0,8,7314.0,7318.0,32,7364.0,7304.0,7338.0,7298.0,2233.0,16350026.0,67503
2023-05-11 09:07:13,SF2308,SF2308,7316.0,0.0,0.0,0.0,1,7316.0,7318.0,29,7364.0,7304.0,7338.0,7298.0,2233.0,16350026.0,67503
2023-05-11 09:07:14,SF2308,SF2308,7316.0,0.0,0.0,0.0,18,7314.0,7318.0,20,7364.0,7304.0,7338.0,7298.0,2233.0,16350026.0,67503
2023-05-11 09:07:14,SF2308,SF2308,7316.0,0.0,0.0,0.0,8,7314.0,7318.0,31,7364.0,7304.0,7338.0,7298.0,2233.0,16350026.0,67503
2023-05-11 09:07:15,SF2308,SF2308,7316.0,0.0,0.0,0.0,8,7314.0,7318.0,42,7364.0,7304.0,7338.0,7298.0,2233.0,16350026.0,67503
2023-05-11 09:07:15,SF2308,SF2308,7316.0,0.0,0.0,0.0,8,7314.0,7318.0,39,7364.0,7304.0,7338.0,7298.0,2233.0,16350026.0,67503
2023-05-11 09:07:16,SF2308,SF2308,7316.0,0.0,0.0,0.0,8,7314.0,7318.0,42,7364.0,7304.0,7338.0,7298.0,2233.0,16350026.0,67503
2023-05-11 09:07:17,SF2308,SF2308,7316.0,0.0,0.0,0.0,1,7316.0,7318.0,39,7364.0,7304.0,7338.0,7298.0,2233.0,16350026.0,67503
2023-05-11 09:07:17,SF2308,SF2308,7316.0,0.0,0.0,0.0,4,7316.0,7318.0,16,7364.0,7304.0,7338.0,7298.0,2233.0,16350026.0,67503
2023-05-11 09:07:17,SF2308,SF2308,7316.0,0.0,0.0,0.0,5,7316.0,7318.0,13,7364.0,7304.0,7338.0,7298.0,2233.0,16350026.0,67503
2023-05-11 09:07:19,SF2308,SF2308,7318.0,12.0,87864.0,0.0,5,7316.0,7320.0,83,7364.0,7304.0,7338.0,7298.0,2245.0,16437890.0,67503
2023-05-11 09:07:19,SF2308,SF2308,7318.0,0.0,0.0,0.0,8,7316.0,7320.0,44,7364.0,7304.0,7338.0,7298.0,2245.0,16437890.0,67503
2023-05-11 09:07:20,SF2308,SF2308,7318.0,0.0,0.0,0.0,1,7318.0,7320.0,33,7364.0,7304.0,7338.0,7298.0,2245.0,16437890.0,67503
2023-05-11 09:07:20,SF2308,SF2308,7318.0,0.0,0.0,0.0,45,7316.0,7320.0,5,7364.0,7304.0,7338.0,7298.0,2245.0,16437890.0,67503
2023-05-11 09:07:21,SF2308,SF2308,7318.0,0.0,0.0,0.0,28,7316.0,7320.0,17,7364.0,7304.0,7338.0,7298.0,2245.0,16437890.0,67503
2023-05-11 09:07:21,SF2308,SF2308,7318.0,0.0,0.0,0.0,28,7316.0,7320.0,16,7364.0,7304.0,7338.0,7298.0,2245.0,16437890.0,67503
2023-05-11 09:07:22,SF2308,SF2308,7318.0,0.0,0.0,0.0,28,7316.0,7320.0,17,7364.0,7304.0,7338.0,7298.0,2245.0,16437890.0,67503
2023-05-11 09:07:22,SF2308,SF2308,7318.0,0.0,0.0,0.0,28,7316.0,7320.0,20,7364.0,7304.0,7338.0,7298.0,2245.0,16437890.0,67503
2023-05-11 09:07:23,SF2308,SF2308,7318.0,0.0,0.0,0.0,28,7316.0,7320.0,22,7364.0,7304.0,7338.0,7298.0,2245.0,16437890.0,67503
2023-05-11 09:07:23,SF2308,SF2308,7318.0,0.0,0.0,0.0,28,7316.0,7318.0,1,7364.0,7304.0,7338.0,7298.0,2245.0,16437890.0,67503
2023-05-11 09:07:24,SF2308,SF2308,7318.0,0.0,0.0,0.0,18,7316.0,7318.0,1,7364.0,7304.0,7338.0,7298.0,2245.0,16437890.0,67503
2023-05-11 09:07:24,SF2308,SF2308,7318.0,1.0,7322.0,1.0,34,7316.0,7320.0,18,7364.0,7304.0,7338.0,7298.0,2246.0,16445212.0,67504
2023-05-11 09:07:25,SF2308,SF2308,7318.0,0.0,0.0,0.0,27,7316.0,7320.0,18,7364.0,7304.0,7338.0,7298.0,2246.0,16445212.0,67504
2023-05-11 09:07:26,SF2308,SF2308,7318.0,0.0,0.0,0.0,27,7316.0,7320.0,19,7364.0,7304.0,7338.0,7298.0,2246.0,16445212.0,67504
2023-05-11 09:07:26,SF2308,SF2308,7318.0,0.0,0.0,0.0,28,7316.0,7320.0,20,7364.0,7304.0,7338.0,7298.0,2246.0,16445212.0,67504
2023-05-11 09:07:27,SF2308,SF2308,7318.0,0.0,0.0,0.0,28,7316.0,7320.0,19,7364.0,7304.0,7338.0,7298.0,2246.0,16445212.0,67504
2023-05-11 09:07:28,SF2308,SF2308,7318.0,0.0,0.0,0.0,28,7316.0,7320.0,15,7364.0,7304.0,7338.0,7298.0,2246.0,16445212.0,67504
2023-05-11 09:07:28,SF2308,SF2308,7318.0,0.0,0.0,0.0,2,7318.0,7322.0,137,7364.0,7304.0,7338.0,7298.0,2246.0,16445212.0,67504
2023-05-11 09:07:29,SF2308,SF2308,7318.0,0.0,0.0,0.0,3,7318.0,7322.0,121,7364.0,7304.0,7338.0,7298.0,2246.0,16445212.0,67504
2023-05-11 09:07:29,SF2308,SF2308,7318.0,0.0,0.0,0.0,4,7318.0,7322.0,120,7364.0,7304.0,7338.0,7298.0,2246.0,16445212.0,67504
2023-05-11 09:07:30,SF2308,SF2308,7318.0,0.0,0.0,0.0,4,7318.0,7322.0,108,7364.0,7304.0,7338.0,7298.0,2246.0,16445212.0,67504
2023-05-11 09:07:30,SF2308,SF2308,7318.0,0.0,0.0,0.0,8,7318.0,7322.0,98,7364.0,7304.0,7338.0,7298.0,2246.0,16445212.0,67504
2023-05-11 09:07:31,SF2308,SF2308,7322.0,75.0,549150.0,-2.0,10,7322.0,7324.0,19,7364.0,7304.0,7338.0,7298.0,2321.0,16994362.0,67502
2023-05-11 09:07:31,SF2308,SF2308,7324.0,3.0,21966.0,-1.0,14,7322.0,7326.0,59,7364.0,7304.0,7338.0,7298.0,2324.0,17016328.0,67501
2023-05-11 09:07:32,SF2308,SF2308,7324.0,0.0,0.0,0.0,27,7322.0,7326.0,32,7364.0,7304.0,7338.0,7298.0,2324.0,17016328.0,67501
2023-05-11 09:07:32,SF2308,SF2308,7324.0,0.0,0.0,0.0,47,7322.0,7326.0,12,7364.0,7304.0,7338.0,7298.0,2324.0,17016328.0,67501
2023-05-11 09:07:33,SF2308,SF2308,7324.0,0.0,0.0,0.0,49,7322.0,7326.0,12,7364.0,7304.0,7338.0,7298.0,2324.0,17016328.0,67501
2023-05-11 09:07:34,SF2308,SF2308,7324.0,0.0,0.0,0.0,50,7322.0,7326.0,9,7364.0,7304.0,7338.0,7298.0,2324.0,17016328.0,67501
2023-05-11 09:07:34,SF2308,SF2308,7324.0,0.0,0.0,0.0,58,7322.0,7326.0,12,7364.0,7304.0,7338.0,7298.0,2324.0,17016328.0,67501
2023-05-11 09:07:35,SF2308,SF2308,7324.0,0.0,0.0,0.0,59,7322.0,7324.0,1,7364.0,7304.0,7338.0,7298.0,2324.0,17016328.0,67501
2023-05-11 09:07:35,SF2308,SF2308,7324.0,0.0,0.0,0.0,28,7322.0,7326.0,39,7364.0,7304.0,7338.0,7298.0,2324.0,17016328.0,67501
2023-05-11 09:07:36,SF2308,SF2308,7324.0,0.0,0.0,0.0,48,7322.0,7326.0,9,7364.0,7304.0,7338.0,7298.0,2324.0,17016328.0,67501
2023-05-11 09:07:36,SF2308,SF2308,7322.0,7.0,51254.0,-6.0,28,7322.0,7326.0,10,7364.0,7304.0,7338.0,7298.0,2331.0,17067582.0,67495
2023-05-11 09:07:37,SF2308,SF2308,7322.0,17.0,124474.0,-5.0,116,7320.0,7322.0,8,7364.0,7304.0,7338.0,7298.0,2348.0,17192056.0,67490
2023-05-11 09:07:37,SF2308,SF2308,7322.0,1.0,7322.0,-1.0,77,7320.0,7322.0,11,7364.0,7304.0,7338.0,7298.0,2349.0,17199378.0,67489
2023-05-11 09:07:38,SF2308,SF2308,7322.0,0.0,0.0,0.0,25,7320.0,7322.0,11,7364.0,7304.0,7338.0,7298.0,2349.0,17199378.0,67489
2023-05-11 09:07:38,SF2308,SF2308,7322.0,2.0,14644.0,-2.0,14,7320.0,7322.0,7,7364.0,7304.0,7338.0,7298.0,2351.0,17214022.0,67487
2023-05-11 09:07:39,SF2308,SF2308,7322.0,7.0,51254.0,0.0,29,7320.0,7322.0,2,7364.0,7304.0,7338.0,7298.0,2358.0,17265276.0,67487
2023-05-11 09:07:39,SF2308,SF2308,7322.0,2.0,14644.0,0.0,39,7320.0,7324.0,21,7364.0,7304.0,7338.0,7298.0,2360.0,17279920.0,67487
2023-05-11 09:07:40,SF2308,SF2308,7322.0,0.0,0.0,0.0,39,7320.0,7324.0,22,7364.0,7304.0,7338.0,7298.0,2360.0,17279920.0,67487
2023-05-11 09:07:40,SF2308,SF2308,7322.0,0.0,0.0,0.0,34,7320.0,7324.0,21,7364.0,7304.0,7338.0,7298.0,2360.0,17279920.0,67487
2023-05-11 09:07:41,SF2308,SF2308,7322.0,0.0,0.0,0.0,34,7320.0,7324.0,22,7364.0,7304.0,7338.0,7298.0,2360.0,17279920.0,67487
2023-05-11 09:07:41,SF2308,SF2308,7322.0,0.0,0.0,0.0,4,7322.0,7324.0,20,7364.0,7304.0,7338.0,7298.0,2360.0,17279920.0,67487
2023-05-11 09:07:42,SF2308,SF2308,7322.0,0.0,0.0,0.0,36,7320.0,7324.0,20,7364.0,7304.0,7338.0,7298.0,2360.0,17279920.0,67487
2023-05-11 09:07:42,SF2308,SF2308,7322.0,1.0,7322.0,0.0,37,7320.0,7324.0,19,7364.0,7304.0,7338.0,7298.0,2361.0,17287242.0,67487
2023-05-11 09:07:43,SF2308,SF2308,7322.0,0.0,0.0,0.0,40,7320.0,7324.0,19,7364.0,7304.0,7338.0,7298.0,2361.0,17287242.0,67487
2023-05-11 09:07:43,SF2308,SF2308,7322.0,0.0,0.0,0.0,38,7320.0,7324.0,19,7364.0,7304.0,7338.0,7298.0,2361.0,17287242.0,67487
2023-05-11 09:07:44,SF2308,SF2308,7322.0,0.0,0.0,0.0,70,7320.0,7324.0,19,7364.0,7304.0,7338.0,7298.0,2361.0,17287242.0,67487
2023-05-11 09:07:44,SF2308,SF2308,7322.0,0.0,0.0,0.0,81,7320.0,7324.0,19,7364.0,7304.0,7338.0,7298.0,2361.0,17287242.0,67487
2023-05-11 09:07:45,SF2308,SF2308,7322.0,0.0,0.0,0.0,3,7322.0,7324.0,13,7364.0,7304.0,7338.0,7298.0,2361.0,17287242.0,67487
2023-05-11 09:07:45,SF2308,SF2308,7324.0,2.0,14644.0,2.0,18,7322.0,7326.0,71,7364.0,7304.0,7338.0,7298.0,2363.0,17301886.0,67489
2023-05-11 09:07:46,SF2308,SF2308,7324.0,0.0,0.0,0.0,48,7322.0,7326.0,9,7364.0,7304.0,7338.0,7298.0,2363.0,17301886.0,67489
2023-05-11 09:07:48,SF2308,SF2308,7324.0,0.0,0.0,0.0,48,7322.0,7326.0,10,7364.0,7304.0,7338.0,7298.0,2363.0,17301886.0,67489
2023-05-11 09:07:48,SF2308,SF2308,7322.0,1.0,7322.0,1.0,47,7322.0,7326.0,10,7364.0,7304.0,7338.0,7298.0,2364.0,17309208.0,67490
2023-05-11 09:07:49,SF2308,SF2308,7322.0,0.0,0.0,0.0,47,7322.0,7326.0,11,7364.0,7304.0,7338.0,7298.0,2364.0,17309208.0,67490
2023-05-11 09:07:49,SF2308,SF2308,7322.0,0.0,0.0,0.0,47,7322.0,7326.0,10,7364.0,7304.0,7338.0,7298.0,2364.0,17309208.0,67490
2023-05-11 09:07:50,SF2308,SF2308,7322.0,0.0,0.0,0.0,37,7322.0,7326.0,10,7364.0,7304.0,7338.0,7298.0,2364.0,17309208.0,67490
2023-05-11 09:07:50,SF2308,SF2308,7322.0,0.0,0.0,0.0,37,7322.0,7326.0,9,7364.0,7304.0,7338.0,7298.0,2364.0,17309208.0,67490
2023-05-11 09:07:53,SF2308,SF2308,7322.0,0.0,0.0,0.0,47,7322.0,7326.0,8,7364.0,7304.0,7338.0,7298.0,2364.0,17309208.0,67490
2023-05-11 09:07:53,SF2308,SF2308,7326.0,4.0,29288.0,4.0,11,7324.0,7326.0,1,7364.0,7304.0,7338.0,7298.0,2368.0,17338496.0,67494
2023-05-11 09:07:54,SF2308,SF2308,7328.0,65.0,475930.0,-6.0,1,7328.0,7330.0,11,7364.0,7304.0,7338.0,7298.0,2433.0,17814426.0,67488
2023-05-11 09:07:54,SF2308,SF2308,7330.0,2.0,14644.0,1.0,25,7328.0,7332.0,32,7364.0,7304.0,7338.0,7298.0,2435.0,17829070.0,67489
2023-05-11 09:07:55,SF2308,SF2308,7330.0,0.0,0.0,0.0,31,7328.0,7332.0,12,7364.0,7304.0,7338.0,7298.0,2435.0,17829070.0,67489
