time,symbol_id,symbol_name,last,trade_volume,trade_amount,open_interest_change,bv1,bp1,ap1,av1,yesterday_close,today_open,today_high,today_low,volume,amount,open_interest
2023-05-11 08:55:00,SF2307,SF2307,7426.0,0.0,0.0,0.0,0,0.0,0.0,0,7426.0,7368.0,0.0,0.0,0.0,0.0,216055
2023-05-11 08:55:09,SF2307,SF2307,7426.0,0.0,0.0,0.0,0,0.0,0.0,0,7426.0,7368.0,0.0,0.0,0.0,0.0,216055
2023-05-11 08:55:14,SF2307,SF2307,7426.0,0.0,0.0,0.0,0,0.0,0.0,0,7426.0,7368.0,0.0,0.0,0.0,0.0,216055
2023-05-11 08:55:15,SF2307,SF2307,7426.0,0.0,0.0,0.0,0,0.0,0.0,0,7426.0,7368.0,0.0,0.0,0.0,0.0,216055
2023-05-11 08:55:15,SF2307,SF2307,7426.0,0.0,0.0,0.0,0,0.0,0.0,0,7426.0,7368.0,0.0,0.0,0.0,0.0,216055
2023-05-11 08:55:18,SF2307,SF2307,7426.0,0.0,0.0,0.0,0,0.0,0.0,0,7426.0,7368.0,0.0,0.0,0.0,0.0,216055
2023-05-11 08:55:47,SF2307,SF2307,7426.0,0.0,0.0,0.0,0,0.0,0.0,0,7426.0,7368.0,0.0,0.0,0.0,0.0,216055
2023-05-11 08:55:48,SF2307,SF2307,7426.0,0.0,0.0,0.0,0,0.0,0.0,0,7426.0,7368.0,0.0,0.0,0.0,0.0,216055
2023-05-11 08:55:54,SF2307,SF2307,7426.0,0.0,0.0,0.0,0,0.0,0.0,0,7426.0,7368.0,0.0,0.0,0.0,0.0,216055
2023-05-11 08:55:58,SF2307,SF2307,7426.0,0.0,0.0,0.0,0,0.0,0.0,0,7426.0,7368.0,0.0,0.0,0.0,0.0,216055
2023-05-11 08:56:00,SF2307,SF2307,7426.0,0.0,0.0,0.0,0,0.0,0.0,0,7426.0,7368.0,0.0,0.0,0.0,0.0,216055
2023-05-11 08:56:00,SF2307,SF2307,7426.0,0.0,0.0,0.0,0,0.0,0.0,0,7426.0,7368.0,0.0,0.0,0.0,0.0,216055
2023-05-11 08:56:01,SF2307,SF2307,7426.0,0.0,0.0,0.0,0,0.0,0.0,0,7426.0,7368.0,0.0,0.0,0.0,0.0,216055
2023-05-11 08:56:02,SF2307,SF2307,7426.0,0.0,0.0,0.0,0,0.0,0.0,0,7426.0,7368.0,0.0,0.0,0.0,0.0,216055
2023-05-11 08:56:03,SF2307,SF2307,7426.0,0.0,0.0,0.0,0,0.0,0.0,0,7426.0,7368.0,0.0,0.0,0.0,0.0,216055
2023-05-11 08:57:45,SF2307,SF2307,7426.0,0.0,0.0,0.0,0,0.0,0.0,0,7426.0,7368.0,0.0,0.0,0.0,0.0,216055
2023-05-11 08:57:52,SF2307,SF2307,7426.0,0.0,0.0,0.0,0,0.0,0.0,0,7426.0,7368.0,0.0,0.0,0.0,0.0,216055
2023-05-11 08:57:53,SF2307,SF2307,7426.0,0.0,0.0,0.0,0,0.0,0.0,0,7426.0,7368.0,0.0,0.0,0.0,0.0,216055
2023-05-11 08:57:56,SF2307,SF2307,7426.0,0.0,0.0,0.0,0,0.0,0.0,0,7426.0,7368.0,0.0,0.0,0.0,0.0,216055
2023-05-11 08:57:59,SF2307,SF2307,7426.0,0.0,0.0,0.0,0,0.0,0.0,0,7426.0,7368.0,0.0,0.0,0.0,0.0,216055
2023-05-11 08:58:00,SF2307,SF2307,7426.0,0.0,0.0,0.0,0,0.0,0.0,0,7426.0,7368.0,0.0,0.0,0.0,0.0,216055
2023-05-11 08:58:00,SF2307,SF2307,7426.0,0.0,0.0,0.0,0,0.0,0.0,0,7426.0,7368.0,0.0,0.0,0.0,0.0,216055
2023-05-11 08:58:01,SF2307,SF2307,7426.0,0.0,0.0,0.0,0,0.0,0.0,0,7426.0,7368.0,0.0,0.0,0.0,0.0,216055
2023-05-11 08:58:01,SF2307,SF2307,7426.0,0.0,0.0,0.0,0,0.0,0.0,0,7426.0,7368.0,0.0,0.0,0.0,0.0,216055
2023-05-11 08:58:04,SF2307,SF2307,7426.0,0.0,0.0,0.0,0,0.0,0.0,0,7426.0,7368.0,0.0,0.0,0.0,0.0,216055
2023-05-11 08:58:09,SF2307,SF2307,7426.0,0.0,0.0,0.0,0,0.0,0.0,0,7426.0,7368.0,0.0,0.0,0.0,0.0,216055
2023-05-11 08:58:14,SF2307,SF2307,7426.0,0.0,0.0,0.0,0,0.0,0.0,0,7426.0,7368.0,0.0,0.0,0.0,0.0,216055
2023-05-11 08:58:19,SF2307,SF2307,7426.0,0.0,0.0,0.0,0,0.0,0.0,0,7426.0,7368.0,0.0,0.0,0.0,0.0,216055
2023-05-11 08:58:19,SF2307,SF2307,7426.0,0.0,0.0,0.0,0,0.0,0.0,0,7426.0,7368.0,0.0,0.0,0.0,0.0,216055
2023-05-11 08:58:24,SF2307,SF2307,7426.0,0.0,0.0,0.0,0,0.0,0.0,0,7426.0,7368.0,0.0,0.0,0.0,0.0,216055
2023-05-11 08:58:25,SF2307,SF2307,7426.0,0.0,0.0,0.0,0,0.0,0.0,0,7426.0,7368.0,0.0,0.0,0.0,0.0,216055
2023-05-11 08:58:27,SF2307,SF2307,7426.0,0.0,0.0,0.0,0,0.0,0.0,0,7426.0,7368.0,0.0,0.0,0.0,0.0,216055
2023-05-11 08:58:30,SF2307,SF2307,7426.0,0.0,0.0,0.0,0,0.0,0.0,0,7426.0,7368.0,0.0,0.0,0.0,0.0,216055
2023-05-11 08:58:30,SF2307,SF2307,7426.0,0.0,0.0,0.0,0,0.0,0.0,0,7426.0,7368.0,0.0,0.0,0.0,0.0,216055
2023-05-11 08:58:31,SF2307,SF2307,7426.0,0.0,0.0,0.0,0,0.0,0.0,0,7426.0,7368.0,0.0,0.0,0.0,0.0,216055
2023-05-11 08:58:31,SF2307,SF2307,7426.0,0.0,0.0,0.0,0,0.0,0.0,0,7426.0,7368.0,0.0,0.0,0.0,0.0,216055
2023-05-11 08:58:35,SF2307,SF2307,7426.0,0.0,0.0,0.0,0,0.0,0.0,0,7426.0,7368.0,0.0,0.0,0.0,0.0,216055
2023-05-11 08:58:35,SF2307,SF2307,7426.0,0.0,0.0,0.0,0,0.0,0.0,0,7426.0,7368.0,0.0,0.0,0.0,0.0,216055
2023-05-11 08:58:43,SF2307,SF2307,7426.0,0.0,0.0,0.0,0,0.0,0.0,0,7426.0,7368.0,0.0,0.0,0.0,0.0,216055
2023-05-11 08:58:45,SF2307,SF2307,7426.0,0.0,0.0,0.0,0,0.0,0.0,0,7426.0,7368.0,0.0,0.0,0.0,0.0,216055
2023-05-11 08:58:48,SF2307,SF2307,7426.0,0.0,0.0,0.0,0,0.0,0.0,0,7426.0,7368.0,0.0,0.0,0.0,0.0,216055
2023-05-11 08:58:54,SF2307,SF2307,7426.0,0.0,0.0,0.0,0,0.0,0.0,0,7426.0,7368.0,0.0,0.0,0.0,0.0,216055
2023-05-11 08:58:54,SF2307,SF2307,7426.0,0.0,0.0,0.0,0,0.0,0.0,0,7426.0,7368.0,0.0,0.0,0.0,0.0,216055
2023-05-11 08:58:56,SF2307,SF2307,7426.0,0.0,0.0,0.0,0,0.0,0.0,0,7426.0,7368.0,0.0,0.0,0.0,0.0,216055
2023-05-11 08:58:58,SF2307,SF2307,7426.0,0.0,0.0,0.0,0,0.0,0.0,0,7426.0,7368.0,0.0,0.0,0.0,0.0,216055
2023-05-11 08:58:59,SF2307,SF2307,7426.0,0.0,0.0,0.0,0,0.0,0.0,0,7426.0,7368.0,0.0,0.0,0.0,0.0,216055
2023-05-11 08:58:59,SF2307,SF2307,7426.0,0.0,0.0,0.0,0,0.0,0.0,0,7426.0,7368.0,0.0,0.0,0.0,0.0,216055
2023-05-11 08:59:00,SF2307,SF2307,7368.0,462.0,3404016.0,131.0,13,7368.0,7372.0,23,7426.0,7368.0,7368.0,7368.0,462.0,3404016.0,216186
2023-05-11 09:00:00,SF2307,SF2307,7368.0,14.0,103152.0,13.0,15,7366.0,7368.0,11,7426.0,7368.0,7368.0,7368.0,476.0,3507168.0,216199
2023-05-11 09:00:00,SF2307,SF2307,7366.0,294.0,2166192.0,214.0,23,7360.0,7366.0,1,7426.0,7368.0,7370.0,7360.0,770.0,5673360.0,216413
2023-05-11 09:00:01,SF2307,SF2307,7368.0,269.0,1981992.0,157.0,2,7366.0,7368.0,3,7426.0,7368.0,7386.0,7360.0,1039.0,7655352.0,216570
2023-05-11 09:00:01,SF2307,SF2307,7376.0,177.0,1304136.0,116.0,3,7374.0,7376.0,2,7426.0,7368.0,7386.0,7360.0,1216.0,8959488.0,216686
2023-05-11 09:00:02,SF2307,SF2307,7356.0,434.0,3194412.0,251.0,32,7354.0,7360.0,11,7426.0,7368.0,7388.0,7356.0,1650.0,12153900.0,216937
2023-05-11 09:00:02,SF2307,SF2307,7354.0,233.0,1716278.0,6.0,3,7354.0,7360.0,1,7426.0,7368.0,7388.0,7354.0,1883.0,13870178.0,216943
2023-05-11 09:00:03,SF2307,SF2307,7378.0,240.0,1767840.0,49.0,7,7358.0,7378.0,11,7426.0,7368.0,7388.0,7352.0,2123.0,15638018.0,216992
2023-05-11 09:00:03,SF2307,SF2307,7376.0,126.0,928116.0,19.0,12,7360.0,7376.0,7,7426.0,7368.0,7388.0,7352.0,2249.0,16566134.0,217011
2023-05-11 09:00:04,SF2307,SF2307,7366.0,109.0,802894.0,37.0,4,7360.0,7366.0,1,7426.0,7368.0,7388.0,7352.0,2358.0,17369028.0,217048
2023-05-11 09:00:04,SF2307,SF2307,7368.0,85.0,626110.0,25.0,3,7364.0,7368.0,20,7426.0,7368.0,7388.0,7352.0,2443.0,17995138.0,217073
2023-05-11 09:00:05,SF2307,SF2307,7366.0,184.0,1355344.0,31.0,2,7364.0,7366.0,16,7426.0,7368.0,7388.0,7352.0,2627.0,19350482.0,217104
2023-05-11 09:00:05,SF2307,SF2307,7368.0,149.0,1097534.0,70.0,10,7368.0,7370.0,13,7426.0,7368.0,7388.0,7352.0,2776.0,20448016.0,217174
2023-05-11 09:00:06,SF2307,SF2307,7362.0,111.0,817626.0,45.0,1,7364.0,7366.0,5,7426.0,7368.0,7388.0,7352.0,2887.0,21265642.0,217219
2023-05-11 09:00:06,SF2307,SF2307,7364.0,46.0,338836.0,38.0,35,7364.0,7366.0,1,7426.0,7368.0,7388.0,7352.0,2933.0,21604478.0,217257
2023-05-11 09:00:07,SF2307,SF2307,7364.0,35.0,257810.0,7.0,17,7364.0,7368.0,37,7426.0,7368.0,7388.0,7352.0,2968.0,21862288.0,217264
2023-05-11 09:00:07,SF2307,SF2307,7364.0,49.0,360934.0,31.0,21,7360.0,7364.0,15,7426.0,7368.0,7388.0,7352.0,3017.0,22223222.0,217295
2023-05-11 09:00:08,SF2307,SF2307,7364.0,34.0,250444.0,19.0,9,7362.0,7364.0,55,7426.0,7368.0,7388.0,7352.0,3051.0,22473666.0,217314
2023-05-11 09:00:08,SF2307,SF2307,7360.0,138.0,1016508.0,62.0,1,7360.0,7364.0,72,7426.0,7368.0,7388.0,7352.0,3189.0,23490174.0,217376
2023-05-11 09:00:09,SF2307,SF2307,7364.0,66.0,486156.0,43.0,18,7360.0,7364.0,28,7426.0,7368.0,7388.0,7352.0,3255.0,23976330.0,217419
2023-05-11 09:00:09,SF2307,SF2307,7360.0,18.0,132588.0,15.0,17,7360.0,7364.0,39,7426.0,7368.0,7388.0,7352.0,3273.0,24108918.0,217434
2023-05-11 09:00:10,SF2307,SF2307,7358.0,62.0,456692.0,37.0,17,7358.0,7360.0,1,7426.0,7368.0,7388.0,7352.0,3335.0,24565610.0,217471
2023-05-11 09:00:10,SF2307,SF2307,7360.0,51.0,375666.0,21.0,12,7360.0,7364.0,28,7426.0,7368.0,7388.0,7352.0,3386.0,24941276.0,217492
2023-05-11 09:00:11,SF2307,SF2307,7364.0,98.0,721868.0,58.0,3,7360.0,7364.0,15,7426.0,7368.0,7388.0,7352.0,3484.0,25663144.0,217550
2023-05-11 09:00:11,SF2307,SF2307,7360.0,85.0,626110.0,48.0,2,7360.0,7364.0,9,7426.0,7368.0,7388.0,7352.0,3569.0,26289254.0,217598
2023-05-11 09:00:12,SF2307,SF2307,7360.0,122.0,898652.0,54.0,9,7358.0,7360.0,6,7426.0,7368.0,7388.0,7352.0,3691.0,27187906.0,217652
2023-05-11 09:00:12,SF2307,SF2307,7360.0,111.0,817626.0,39.0,9,7360.0,7368.0,11,7426.0,7368.0,7388.0,7352.0,3802.0,28005532.0,217691
2023-05-11 09:00:13,SF2307,SF2307,7364.0,39.0,287274.0,-8.0,5,7364.0,7366.0,14,7426.0,7368.0,7388.0,7352.0,3841.0,28292806.0,217683
2023-05-11 09:00:13,SF2307,SF2307,7364.0,103.0,758698.0,67.0,10,7362.0,7368.0,9,7426.0,7368.0,7388.0,7352.0,3944.0,29051504.0,217750
2023-05-11 09:00:14,SF2307,SF2307,7366.0,35.0,257810.0,-13.0,5,7366.0,7368.0,1,7426.0,7368.0,7388.0,7352.0,3979.0,29309314.0,217737
2023-05-11 09:00:14,SF2307,SF2307,7366.0,88.0,648208.0,25.0,1,7368.0,7370.0,2,7426.0,7368.0,7388.0,7352.0,4067.0,29957522.0,217762
2023-05-11 09:00:15,SF2307,SF2307,7372.0,16.0,117856.0,8.0,10,7370.0,7374.0,22,7426.0,7368.0,7388.0,7352.0,4083.0,30075378.0,217770
2023-05-11 09:00:15,SF2307,SF2307,7370.0,43.0,316738.0,7.0,25,7368.0,7372.0,15,7426.0,7368.0,7388.0,7352.0,4126.0,30392116.0,217777
2023-05-11 09:00:16,SF2307,SF2307,7372.0,90.0,662940.0,8.0,2,7372.0,7376.0,6,7426.0,7368.0,7388.0,7352.0,4216.0,31055056.0,217785
2023-05-11 09:00:16,SF2307,SF2307,7376.0,8.0,58928.0,3.0,7,7374.0,7376.0,6,7426.0,7368.0,7388.0,7352.0,4224.0,31113984.0,217788
2023-05-11 09:00:17,SF2307,SF2307,7374.0,62.0,456692.0,21.0,1,7374.0,7376.0,11,7426.0,7368.0,7388.0,7352.0,4286.0,31570676.0,217809
2023-05-11 09:00:17,SF2307,SF2307,7372.0,65.0,478790.0,2.0,63,7372.0,7374.0,22,7426.0,7368.0,7388.0,7352.0,4351.0,32049466.0,217811
2023-05-11 09:00:18,SF2307,SF2307,7374.0,160.0,1178560.0,9.0,7,7374.0,7378.0,1,7426.0,7368.0,7388.0,7352.0,4511.0,33228026.0,217820
2023-05-11 09:00:18,SF2307,SF2307,7372.0,23.0,169418.0,2.0,11,7372.0,7374.0,4,7426.0,7368.0,7388.0,7352.0,4534.0,33397444.0,217822
2023-05-11 09:00:19,SF2307,SF2307,7372.0,51.0,375666.0,20.0,39,7368.0,7372.0,14,7426.0,7368.0,7388.0,7352.0,4585.0,33773110.0,217842
2023-05-11 09:00:19,SF2307,SF2307,7368.0,43.0,316738.0,-1.0,34,7366.0,7372.0,10,7426.0,7368.0,7388.0,7352.0,4628.0,34089848.0,217841
2023-05-11 09:00:20,SF2307,SF2307,7370.0,31.0,228346.0,20.0,6,7368.0,7372.0,11,7426.0,7368.0,7388.0,7352.0,4659.0,34318194.0,217861
2023-05-11 09:00:20,SF2307,SF2307,7370.0,6.0,44196.0,0.0,3,7370.0,7372.0,26,7426.0,7368.0,7388.0,7352.0,4665.0,34362390.0,217861
2023-05-11 09:00:21,SF2307,SF2307,7372.0,109.0,802894.0,-13.0,10,7370.0,7372.0,1,7426.0,7368.0,7388.0,7352.0,4774.0,35165284.0,217848
2023-05-11 09:00:21,SF2307,SF2307,7372.0,18.0,132588.0,5.0,11,7372.0,7374.0,15,7426.0,7368.0,7388.0,7352.0,4792.0,35297872.0,217853
2023-05-11 09:00:22,SF2307,SF2307,7372.0,12.0,88392.0,1.0,2,7372.0,7374.0,22,7426.0,7368.0,7388.0,7352.0,4804.0,35386264.0,217854
2023-05-11 09:00:22,SF2307,SF2307,7374.0,65.0,478790.0,12.0,13,7374.0,7376.0,30,7426.0,7368.0,7388.0,7352.0,4869.0,35865054.0,217866
2023-05-11 09:00:23,SF2307,SF2307,7372.0,35.0,257810.0,1.0,1,7372.0,7374.0,35,7426.0,7368.0,7388.0,7352.0,4904.0,36122864.0,217867
2023-05-11 09:00:23,SF2307,SF2307,7374.0,33.0,243078.0,17.0,5,7372.0,7374.0,15,7426.0,7368.0,7388.0,7352.0,4937.0,36365942.0,217884
2023-05-11 09:00:24,SF2307,SF2307,7374.0,48.0,353568.0,30.0,4,7370.0,7374.0,17,7426.0,7368.0,7388.0,7352.0,4985.0,36719510.0,217914
2023-05-11 09:00:24,SF2307,SF2307,7370.0,39.0,287274.0,21.0,1,7372.0,7374.0,21,7426.0,7368.0,7388.0,7352.0,5024.0,37006784.0,217935
2023-05-11 09:00:25,SF2307,SF2307,7372.0,42.0,309372.0,18.0,12,7372.0,7374.0,20,7426.0,7368.0,7388.0,7352.0,5066.0,37316156.0,217953
2023-05-11 09:00:25,SF2307,SF2307,7376.0,29.0,213614.0,-3.0,1,7374.0,7376.0,17,7426.0,7368.0,7388.0,7352.0,5095.0,37529770.0,217950
2023-05-11 09:00:26,SF2307,SF2307,7376.0,52.0,383032.0,-6.0,1,7374.0,7376.0,1,7426.0,7368.0,7388.0,7352.0,5147.0,37912802.0,217944
2023-05-11 09:00:26,SF2307,SF2307,7374.0,13.0,95758.0,7.0,3,7374.0,7376.0,35,7426.0,7368.0,7388.0,7352.0,5160.0,38008560.0,217951
2023-05-11 09:00:27,SF2307,SF2307,7372.0,24.0,176784.0,15.0,4,7372.0,7374.0,3,7426.0,7368.0,7388.0,7352.0,5184.0,38185344.0,217966
2023-05-11 09:00:27,SF2307,SF2307,7374.0,2.0,14732.0,0.0,19,7370.0,7374.0,19,7426.0,7368.0,7388.0,7352.0,5186.0,38200076.0,217966
2023-05-11 09:00:28,SF2307,SF2307,7370.0,3.0,22098.0,0.0,10,7370.0,7374.0,19,7426.0,7368.0,7388.0,7352.0,5189.0,38222174.0,217966
2023-05-11 09:00:28,SF2307,SF2307,7370.0,26.0,191516.0,13.0,1,7370.0,7374.0,18,7426.0,7368.0,7388.0,7352.0,5215.0,38413690.0,217979
2023-05-11 09:00:29,SF2307,SF2307,7374.0,46.0,338836.0,36.0,11,7370.0,7374.0,2,7426.0,7368.0,7388.0,7352.0,5261.0,38752526.0,218015
2023-05-11 09:00:29,SF2307,SF2307,7374.0,14.0,103124.0,3.0,1,7374.0,7376.0,27,7426.0,7368.0,7388.0,7352.0,5275.0,38855650.0,218018
2023-05-11 09:00:30,SF2307,SF2307,7374.0,97.0,725246.0,53.0,56,7374.0,7380.0,37,7426.0,7368.0,7388.0,7352.0,5372.0,39580896.0,218071
2023-05-11 09:00:30,SF2307,SF2307,7380.0,101.0,744168.0,-3.0,8,7380.0,7384.0,10,7426.0,7368.0,7388.0,7352.0,5473.0,40325064.0,218068
2023-05-11 09:00:31,SF2307,SF2307,7384.0,34.0,250512.0,4.0,4,7382.0,7384.0,15,7426.0,7368.0,7388.0,7352.0,5507.0,40575576.0,218072
2023-05-11 09:00:31,SF2307,SF2307,7384.0,20.0,147360.0,6.0,2,7382.0,7384.0,27,7426.0,7368.0,7388.0,7352.0,5527.0,40722936.0,218078
2023-05-11 09:00:32,SF2307,SF2307,7382.0,33.0,243144.0,18.0,6,7382.0,7384.0,246,7426.0,7368.0,7388.0,7352.0,5560.0,40966080.0,218096
2023-05-11 09:00:32,SF2307,SF2307,7380.0,196.0,1444128.0,18.0,1,7378.0,7382.0,34,7426.0,7368.0,7388.0,7352.0,5756.0,42410208.0,218114
2023-05-11 09:00:33,SF2307,SF2307,7380.0,76.0,559968.0,61.0,21,7376.0,7380.0,171,7426.0,7368.0,7388.0,7352.0,5832.0,42970176.0,218175
2023-05-11 09:00:33,SF2307,SF2307,7382.0,221.0,1628328.0,132.0,20,7380.0,7382.0,17,7426.0,7368.0,7388.0,7352.0,6053.0,44598504.0,218307
2023-05-11 09:00:34,SF2307,SF2307,7388.0,119.0,876792.0,78.0,7,7384.0,7388.0,46,7426.0,7368.0,7388.0,7352.0,6172.0,45475296.0,218385
2023-05-11 09:00:34,SF2307,SF2307,7386.0,58.0,439804.0,-4.0,36,7382.0,7386.0,131,7426.0,7368.0,7388.0,7352.0,6230.0,45915100.0,218381
2023-05-11 09:00:35,SF2307,SF2307,7382.0,81.0,596970.0,-34.0,35,7380.0,7384.0,16,7426.0,7368.0,7388.0,7352.0,6311.0,46512070.0,218347
2023-05-11 09:00:35,SF2307,SF2307,7378.0,93.0,685410.0,42.0,12,7378.0,7382.0,51,7426.0,7368.0,7388.0,7352.0,6404.0,47197480.0,218389
2023-05-11 09:00:36,SF2307,SF2307,7384.0,154.0,1134980.0,127.0,2,7382.0,7384.0,23,7426.0,7368.0,7388.0,7352.0,6558.0,48332460.0,218516
2023-05-11 09:00:36,SF2307,SF2307,7384.0,39.0,287430.0,8.0,2,7384.0,7386.0,61,7426.0,7368.0,7388.0,7352.0,6597.0,48619890.0,218524
2023-05-11 09:00:37,SF2307,SF2307,7388.0,126.0,928620.0,57.0,27,7384.0,7388.0,59,7426.0,7368.0,7388.0,7352.0,6723.0,49548510.0,218581
2023-05-11 09:00:37,SF2307,SF2307,7384.0,149.0,1098130.0,34.0,40,7382.0,7388.0,6,7426.0,7368.0,7390.0,7352.0,6872.0,50646640.0,218615
2023-05-11 09:00:38,SF2307,SF2307,7384.0,20.0,147400.0,0.0,10,7384.0,7386.0,1,7426.0,7368.0,7390.0,7352.0,6892.0,50794040.0,218615
2023-05-11 09:00:38,SF2307,SF2307,7386.0,49.0,361130.0,-20.0,10,7384.0,7386.0,1,7426.0,7368.0,7390.0,7352.0,6941.0,51155170.0,218595
2023-05-11 09:00:39,SF2307,SF2307,7386.0,15.0,110550.0,-2.0,14,7382.0,7386.0,9,7426.0,7368.0,7390.0,7352.0,6956.0,51265720.0,218593
2023-05-11 09:00:39,SF2307,SF2307,7386.0,30.0,221100.0,18.0,9,7386.0,7388.0,36,7426.0,7368.0,7390.0,7352.0,6986.0,51486820.0,218611
2023-05-11 09:00:40,SF2307,SF2307,7386.0,13.0,95810.0,-2.0,7,7384.0,7386.0,4,7426.0,7368.0,7390.0,7352.0,6999.0,51582630.0,218609
2023-05-11 09:00:40,SF2307,SF2307,7386.0,12.0,88440.0,10.0,11,7384.0,7386.0,4,7426.0,7368.0,7390.0,7352.0,7011.0,51671070.0,218619
2023-05-11 09:00:41,SF2307,SF2307,7384.0,30.0,221100.0,16.0,2,7384.0,7386.0,4,7426.0,7368.0,7390.0,7352.0,7041.0,51892170.0,218635
2023-05-11 09:00:41,SF2307,SF2307,7384.0,25.0,184250.0,6.0,15,7382.0,7388.0,49,7426.0,7368.0,7390.0,7352.0,7066.0,52076420.0,218641
2023-05-11 09:00:42,SF2307,SF2307,7384.0,22.0,176316.0,6.0,22,7384.0,7386.0,33,7426.0,7368.0,7390.0,7352.0,7088.0,52252736.0,218647
2023-05-11 09:00:42,SF2307,SF2307,7386.0,38.0,280136.0,24.0,3,7386.0,7388.0,56,7426.0,7368.0,7390.0,7352.0,7126.0,52532872.0,218671
2023-05-11 09:00:43,SF2307,SF2307,7388.0,28.0,206416.0,20.0,43,7384.0,7388.0,35,7426.0,7368.0,7390.0,7352.0,7154.0,52739288.0,218691
2023-05-11 09:00:43,SF2307,SF2307,7386.0,36.0,265392.0,12.0,7,7386.0,7388.0,2,7426.0,7368.0,7390.0,7352.0,7190.0,53004680.0,218703
2023-05-11 09:00:44,SF2307,SF2307,7384.0,111.0,818292.0,8.0,17,7382.0,7384.0,9,7426.0,7368.0,7390.0,7352.0,7301.0,53822972.0,218711
2023-05-11 09:00:44,SF2307,SF2307,7378.0,63.0,464436.0,33.0,15,7378.0,7380.0,3,7426.0,7368.0,7390.0,7352.0,7364.0,54287408.0,218744
2023-05-11 09:00:45,SF2307,SF2307,7380.0,25.0,184300.0,19.0,35,7380.0,7382.0,35,7426.0,7368.0,7390.0,7352.0,7389.0,54471708.0,218763
2023-05-11 09:00:45,SF2307,SF2307,7384.0,59.0,434948.0,33.0,18,7382.0,7384.0,11,7426.0,7368.0,7390.0,7352.0,7448.0,54906656.0,218796
2023-05-11 09:00:46,SF2307,SF2307,7382.0,12.0,88464.0,8.0,14,7384.0,7386.0,20,7426.0,7368.0,7390.0,7352.0,7460.0,54995120.0,218804
2023-05-11 09:00:46,SF2307,SF2307,7386.0,13.0,95836.0,6.0,9,7382.0,7386.0,22,7426.0,7368.0,7390.0,7352.0,7473.0,55090956.0,218810
2023-05-11 09:00:47,SF2307,SF2307,7382.0,27.0,199044.0,17.0,11,7382.0,7386.0,22,7426.0,7368.0,7390.0,7352.0,7500.0,55290000.0,218827
2023-05-11 09:00:47,SF2307,SF2307,7384.0,27.0,199044.0,7.0,7,7382.0,7384.0,9,7426.0,7368.0,7390.0,7352.0,7527.0,55489044.0,218834
2023-05-11 09:00:48,SF2307,SF2307,7380.0,17.0,125324.0,13.0,23,7380.0,7382.0,8,7426.0,7368.0,7390.0,7352.0,7544.0,55614368.0,218847
2023-05-11 09:00:48,SF2307,SF2307,7380.0,9.0,66348.0,4.0,18,7380.0,7382.0,13,7426.0,7368.0,7390.0,7352.0,7553.0,55680716.0,218851
2023-05-11 09:00:49,SF2307,SF2307,7382.0,19.0,140068.0,1.0,16,7380.0,7384.0,11,7426.0,7368.0,7390.0,7352.0,7572.0,55820784.0,218852
2023-05-11 09:00:49,SF2307,SF2307,7380.0,4.0,29488.0,3.0,21,7380.0,7382.0,1,7426.0,7368.0,7390.0,7352.0,7576.0,55850272.0,218855
2023-05-11 09:00:50,SF2307,SF2307,7380.0,33.0,243276.0,1.0,7,7380.0,7382.0,49,7426.0,7368.0,7390.0,7352.0,7609.0,56093548.0,218856
2023-05-11 09:00:50,SF2307,SF2307,7380.0,11.0,81092.0,4.0,45,7378.0,7380.0,15,7426.0,7368.0,7390.0,7352.0,7620.0,56174640.0,218860
2023-05-11 09:00:51,SF2307,SF2307,7380.0,75.0,552900.0,26.0,36,7376.0,7380.0,24,7426.0,7368.0,7390.0,7352.0,7695.0,56727540.0,218886
2023-05-11 09:00:51,SF2307,SF2307,7378.0,14.0,103208.0,10.0,35,7376.0,7378.0,30,7426.0,7368.0,7390.0,7352.0,7709.0,56830748.0,218896
2023-05-11 09:00:52,SF2307,SF2307,7376.0,31.0,228532.0,7.0,4,7374.0,7378.0,48,7426.0,7368.0,7390.0,7352.0,7740.0,57059280.0,218903
2023-05-11 09:00:52,SF2307,SF2307,7376.0,16.0,117952.0,0.0,3,7374.0,7376.0,20,7426.0,7368.0,7390.0,7352.0,7756.0,57177232.0,218903
2023-05-11 09:00:53,SF2307,SF2307,7372.0,27.0,199044.0,13.0,12,7372.0,7374.0,19,7426.0,7368.0,7390.0,7352.0,7783.0,57376276.0,218916
2023-05-11 09:00:53,SF2307,SF2307,7372.0,6.0,44232.0,2.0,20,7370.0,7372.0,3,7426.0,7368.0,7390.0,7352.0,7789.0,57420508.0,218918
2023-05-11 09:00:54,SF2307,SF2307,7372.0,36.0,265392.0,15.0,10,7370.0,7372.0,17,7426.0,7368.0,7390.0,7352.0,7825.0,57685900.0,218933
2023-05-11 09:00:54,SF2307,SF2307,7370.0,46.0,339112.0,16.0,24,7368.0,7374.0,30,7426.0,7368.0,7390.0,7352.0,7871.0,58025012.0,218949
2023-05-11 09:00:55,SF2307,SF2307,7374.0,21.0,154812.0,15.0,1,7374.0,7376.0,23,7426.0,7368.0,7390.0,7352.0,7892.0,58179824.0,218964
2023-05-11 09:00:55,SF2307,SF2307,7372.0,36.0,265392.0,11.0,19,7372.0,7374.0,2,7426.0,7368.0,7390.0,7352.0,7928.0,58445216.0,218975
2023-05-11 09:00:56,SF2307,SF2307,7374.0,45.0,331740.0,11.0,4,7372.0,7374.0,1,7426.0,7368.0,7390.0,7352.0,7973.0,58776956.0,218986
2023-05-11 09:00:56,SF2307,SF2307,7374.0,12.0,88464.0,4.0,10,7374.0,7376.0,3,7426.0,7368.0,7390.0,7352.0,7985.0,58865420.0,218990
2023-05-11 09:00:57,SF2307,SF2307,7376.0,6.0,44232.0,-3.0,29,7374.0,7378.0,17,7426.0,7368.0,7390.0,7352.0,7991.0,58909652.0,218987
2023-05-11 09:00:57,SF2307,SF2307,7378.0,8.0,58976.0,5.0,3,7376.0,7378.0,9,7426.0,7368.0,7390.0,7352.0,7999.0,58968628.0,218992
2023-05-11 09:00:58,SF2307,SF2307,7378.0,2.0,14744.0,1.0,8,7376.0,7378.0,11,7426.0,7368.0,7390.0,7352.0,8001.0,58983372.0,218993
2023-05-11 09:00:58,SF2307,SF2307,7378.0,14.0,103208.0,-7.0,15,7378.0,7380.0,23,7426.0,7368.0,7390.0,7352.0,8015.0,59086580.0,218986
2023-05-11 09:00:59,SF2307,SF2307,7378.0,8.0,58976.0,0.0,10,7378.0,7380.0,12,7426.0,7368.0,7390.0,7352.0,8023.0,59145556.0,218986
2023-05-11 09:00:59,SF2307,SF2307,7380.0,6.0,44232.0,4.0,24,7376.0,7380.0,15,7426.0,7368.0,7390.0,7352.0,8029.0,59189788.0,218990
2023-05-11 09:01:00,SF2307,SF2307,7380.0,104.0,766688.0,23.0,8,7380.0,7382.0,31,7426.0,7368.0,7390.0,7352.0,8133.0,59956476.0,219013
2023-05-11 09:01:00,SF2307,SF2307,7380.0,93.0,685596.0,13.0,17,7378.0,7380.0,3,7426.0,7368.0,7390.0,7352.0,8226.0,60642072.0,219026
2023-05-11 09:01:01,SF2307,SF2307,7378.0,33.0,243276.0,20.0,6,7378.0,7380.0,24,7426.0,7368.0,7390.0,7352.0,8259.0,60885348.0,219046
2023-05-11 09:01:01,SF2307,SF2307,7378.0,44.0,324368.0,11.0,11,7376.0,7378.0,22,7426.0,7368.0,7390.0,7352.0,8303.0,61209716.0,219057
2023-05-11 09:01:02,SF2307,SF2307,7378.0,5.0,36860.0,3.0,6,7376.0,7378.0,166,7426.0,7368.0,7390.0,7352.0,8308.0,61246576.0,219060
2023-05-11 09:01:02,SF2307,SF2307,7378.0,81.0,597132.0,53.0,41,7374.0,7378.0,158,7426.0,7368.0,7390.0,7352.0,8389.0,61843708.0,219113
2023-05-11 09:01:03,SF2307,SF2307,7376.0,15.0,110580.0,2.0,41,7374.0,7376.0,11,7426.0,7368.0,7390.0,7352.0,8404.0,61954288.0,219115
2023-05-11 09:01:03,SF2307,SF2307,7376.0,23.0,169556.0,2.0,31,7374.0,7376.0,138,7426.0,7368.0,7390.0,7352.0,8427.0,62123844.0,219117
2023-05-11 09:01:04,SF2307,SF2307,7374.0,67.0,493924.0,7.0,3,7372.0,7374.0,33,7426.0,7368.0,7390.0,7352.0,8494.0,62617768.0,219124
2023-05-11 09:01:04,SF2307,SF2307,7372.0,47.0,346484.0,40.0,34,7372.0,7374.0,182,7426.0,7368.0,7390.0,7352.0,8541.0,62964252.0,219164
2023-05-11 09:01:05,SF2307,SF2307,7374.0,266.0,1960952.0,165.0,1,7376.0,7378.0,29,7426.0,7368.0,7390.0,7352.0,8807.0,64925204.0,219329
2023-05-11 09:01:05,SF2307,SF2307,7376.0,20.0,147440.0,4.0,63,7376.0,7378.0,29,7426.0,7368.0,7390.0,7352.0,8827.0,65072644.0,219333
2023-05-11 09:01:06,SF2307,SF2307,7378.0,74.0,545528.0,-1.0,9,7376.0,7378.0,2,7426.0,7368.0,7390.0,7352.0,8901.0,65618172.0,219332
2023-05-11 09:01:06,SF2307,SF2307,7378.0,8.0,58976.0,1.0,18,7376.0,7378.0,16,7426.0,7368.0,7390.0,7352.0,8909.0,65677148.0,219333
2023-05-11 09:01:07,SF2307,SF2307,7374.0,38.0,280136.0,8.0,38,7374.0,7376.0,2,7426.0,7368.0,7390.0,7352.0,8947.0,65957284.0,219341
2023-05-11 09:01:07,SF2307,SF2307,7376.0,37.0,272764.0,20.0,18,7374.0,7376.0,15,7426.0,7368.0,7390.0,7352.0,8984.0,66230048.0,219361
2023-05-11 09:01:08,SF2307,SF2307,7374.0,40.0,294880.0,25.0,8,7374.0,7376.0,12,7426.0,7368.0,7390.0,7352.0,9024.0,66524928.0,219386
2023-05-11 09:01:08,SF2307,SF2307,7374.0,14.0,103208.0,-3.0,1,7374.0,7376.0,17,7426.0,7368.0,7390.0,7352.0,9038.0,66628136.0,219383
2023-05-11 09:01:09,SF2307,SF2307,7376.0,5.0,36860.0,3.0,28,7372.0,7374.0,5,7426.0,7368.0,7390.0,7352.0,9043.0,66664996.0,219386
2023-05-11 09:01:09,SF2307,SF2307,7374.0,27.0,199044.0,7.0,4,7374.0,7376.0,9,7426.0,7368.0,7390.0,7352.0,9070.0,66864040.0,219393
2023-05-11 09:01:10,SF2307,SF2307,7374.0,15.0,110580.0,3.0,13,7374.0,7376.0,2,7426.0,7368.0,7390.0,7352.0,9085.0,66974620.0,219396
2023-05-11 09:01:10,SF2307,SF2307,7374.0,10.0,73720.0,4.0,17,7374.0,7376.0,8,7426.0,7368.0,7390.0,7352.0,9095.0,67048340.0,219400
2023-05-11 09:01:11,SF2307,SF2307,7374.0,31.0,228532.0,15.0,4,7374.0,7376.0,6,7426.0,7368.0,7390.0,7352.0,9126.0,67276872.0,219415
2023-05-11 09:01:11,SF2307,SF2307,7374.0,10.0,73720.0,2.0,30,7372.0,7376.0,18,7426.0,7368.0,7390.0,7352.0,9136.0,67350592.0,219417
2023-05-11 09:01:12,SF2307,SF2307,7376.0,6.0,44232.0,1.0,31,7372.0,7374.0,1,7426.0,7368.0,7390.0,7352.0,9142.0,67394824.0,219418
2023-05-11 09:01:12,SF2307,SF2307,7372.0,81.0,597132.0,-13.0,3,7370.0,7372.0,14,7426.0,7368.0,7390.0,7352.0,9223.0,67991956.0,219405
2023-05-11 09:01:13,SF2307,SF2307,7370.0,29.0,213788.0,-2.0,9,7368.0,7370.0,3,7426.0,7368.0,7390.0,7352.0,9252.0,68205744.0,219403
2023-05-11 09:01:13,SF2307,SF2307,7372.0,14.0,103208.0,0.0,3,7370.0,7372.0,66,7426.0,7368.0,7390.0,7352.0,9266.0,68308952.0,219403
2023-05-11 09:01:14,SF2307,SF2307,7370.0,78.0,575016.0,66.0,19,7370.0,7372.0,2,7426.0,7368.0,7390.0,7352.0,9344.0,68883968.0,219469
2023-05-11 09:01:14,SF2307,SF2307,7374.0,31.0,228532.0,18.0,2,7374.0,7376.0,33,7426.0,7368.0,7390.0,7352.0,9375.0,69112500.0,219487
2023-05-11 09:01:15,SF2307,SF2307,7374.0,18.0,132696.0,-6.0,24,7374.0,7378.0,41,7426.0,7368.0,7390.0,7352.0,9393.0,69245196.0,219481
2023-05-11 09:01:15,SF2307,SF2307,7374.0,17.0,125324.0,15.0,22,7374.0,7378.0,24,7426.0,7368.0,7390.0,7352.0,9410.0,69370520.0,219496
2023-05-11 09:01:16,SF2307,SF2307,7374.0,4.0,29488.0,3.0,21,7374.0,7376.0,20,7426.0,7368.0,7390.0,7352.0,9414.0,69400008.0,219499
2023-05-11 09:01:16,SF2307,SF2307,7376.0,29.0,213788.0,6.0,54,7372.0,7376.0,10,7426.0,7368.0,7390.0,7352.0,9443.0,69613796.0,219505
2023-05-11 09:01:17,SF2307,SF2307,7376.0,0.0,0.0,0.0,1,7374.0,7376.0,16,7426.0,7368.0,7390.0,7352.0,9443.0,69613796.0,219505
2023-05-11 09:01:17,SF2307,SF2307,7374.0,13.0,95836.0,10.0,28,7372.0,7374.0,2,7426.0,7368.0,7390.0,7352.0,9456.0,69709632.0,219515
2023-05-11 09:01:18,SF2307,SF2307,7374.0,17.0,125324.0,6.0,26,7372.0,7374.0,5,7426.0,7368.0,7390.0,7352.0,9473.0,69834956.0,219521
2023-05-11 09:01:18,SF2307,SF2307,7376.0,26.0,191672.0,-9.0,26,7372.0,7376.0,22,7426.0,7368.0,7390.0,7352.0,9499.0,70026628.0,219512
2023-05-11 09:01:19,SF2307,SF2307,7374.0,5.0,36860.0,0.0,6,7374.0,7376.0,14,7426.0,7368.0,7390.0,7352.0,9504.0,70063488.0,219512
2023-05-11 09:01:19,SF2307,SF2307,7374.0,3.0,22116.0,0.0,13,7374.0,7376.0,17,7426.0,7368.0,7390.0,7352.0,9507.0,70085604.0,219512
2023-05-11 09:01:20,SF2307,SF2307,7374.0,5.0,36860.0,-2.0,10,7374.0,7376.0,16,7426.0,7368.0,7390.0,7352.0,9512.0,70122464.0,219510
2023-05-11 09:01:20,SF2307,SF2307,7374.0,16.0,117952.0,0.0,6,7374.0,7376.0,13,7426.0,7368.0,7390.0,7352.0,9528.0,70240416.0,219510
2023-05-11 09:01:21,SF2307,SF2307,7374.0,50.0,368600.0,29.0,10,7374.0,7376.0,4,7426.0,7368.0,7390.0,7352.0,9578.0,70609016.0,219539
2023-05-11 09:01:21,SF2307,SF2307,7376.0,34.0,250648.0,29.0,18,7374.0,7376.0,17,7426.0,7368.0,7390.0,7352.0,9612.0,70859664.0,219568
2023-05-11 09:01:22,SF2307,SF2307,7376.0,16.0,117952.0,-3.0,24,7374.0,7376.0,5,7426.0,7368.0,7390.0,7352.0,9628.0,70977616.0,219565
2023-05-11 09:01:22,SF2307,SF2307,7378.0,43.0,316996.0,11.0,29,7376.0,7378.0,47,7426.0,7368.0,7390.0,7352.0,9671.0,71294612.0,219576
2023-05-11 09:01:23,SF2307,SF2307,7376.0,41.0,302252.0,-5.0,21,7376.0,7378.0,35,7426.0,7368.0,7390.0,7352.0,9712.0,71596864.0,219571
2023-05-11 09:01:23,SF2307,SF2307,7376.0,81.0,597132.0,1.0,1,7376.0,7378.0,28,7426.0,7368.0,7390.0,7352.0,9793.0,72193996.0,219572
2023-05-11 09:01:24,SF2307,SF2307,7376.0,14.0,103208.0,3.0,4,7376.0,7378.0,34,7426.0,7368.0,7390.0,7352.0,9807.0,72297204.0,219575
2023-05-11 09:01:24,SF2307,SF2307,7378.0,11.0,81092.0,9.0,4,7376.0,7378.0,31,7426.0,7368.0,7390.0,7352.0,9818.0,72378296.0,219584
2023-05-11 09:01:25,SF2307,SF2307,7376.0,4.0,29488.0,1.0,10,7376.0,7378.0,33,7426.0,7368.0,7390.0,7352.0,9822.0,72407784.0,219585
2023-05-11 09:01:25,SF2307,SF2307,7376.0,10.0,73720.0,5.0,72,7374.0,7376.0,5,7426.0,7368.0,7390.0,7352.0,9832.0,72481504.0,219590
2023-05-11 09:01:26,SF2307,SF2307,7376.0,14.0,103208.0,5.0,35,7376.0,7378.0,36,7426.0,7368.0,7390.0,7352.0,9846.0,72584712.0,219595
2023-05-11 09:01:26,SF2307,SF2307,7376.0,24.0,176928.0,23.0,36,7374.0,7378.0,29,7426.0,7368.0,7390.0,7352.0,9870.0,72761640.0,219618
2023-05-11 09:01:27,SF2307,SF2307,7376.0,26.0,191672.0,-8.0,26,7374.0,7376.0,23,7426.0,7368.0,7390.0,7352.0,9896.0,72953312.0,219610
2023-05-11 09:01:27,SF2307,SF2307,7374.0,19.0,140068.0,1.0,10,7374.0,7376.0,24,7426.0,7368.0,7390.0,7352.0,9915.0,73093380.0,219611
2023-05-11 09:01:28,SF2307,SF2307,7376.0,7.0,51604.0,2.0,8,7374.0,7376.0,24,7426.0,7368.0,7390.0,7352.0,9922.0,73144984.0,219613
2023-05-11 09:01:28,SF2307,SF2307,7376.0,11.0,81092.0,0.0,7,7374.0,7376.0,24,7426.0,7368.0,7390.0,7352.0,9933.0,73226076.0,219613
2023-05-11 09:01:29,SF2307,SF2307,7376.0,2.0,14744.0,0.0,7,7374.0,7376.0,20,7426.0,7368.0,7390.0,7352.0,9935.0,73240820.0,219613
2023-05-11 09:01:29,SF2307,SF2307,7374.0,7.0,51604.0,3.0,4,7374.0,7376.0,20,7426.0,7368.0,7390.0,7352.0,9942.0,73292424.0,219616
2023-05-11 09:01:30,SF2307,SF2307,7376.0,1.0,7372.0,1.0,4,7374.0,7376.0,30,7426.0,7368.0,7390.0,7352.0,9943.0,73299796.0,219617
2023-05-11 09:01:30,SF2307,SF2307,7376.0,4.0,29488.0,3.0,3,7374.0,7376.0,31,7426.0,7368.0,7390.0,7352.0,9947.0,73329284.0,219620
2023-05-11 09:01:31,SF2307,SF2307,7374.0,6.0,44232.0,6.0,41,7372.0,7374.0,37,7426.0,7368.0,7390.0,7352.0,9953.0,73373516.0,219626
2023-05-11 09:01:31,SF2307,SF2307,7374.0,9.0,66348.0,0.0,34,7372.0,7374.0,32,7426.0,7368.0,7390.0,7352.0,9962.0,73439864.0,219626
2023-05-11 09:01:32,SF2307,SF2307,7372.0,31.0,228532.0,19.0,48,7372.0,7374.0,4,7426.0,7368.0,7390.0,7352.0,9993.0,73668396.0,219645
2023-05-11 09:01:32,SF2307,SF2307,7374.0,53.0,390716.0,9.0,7,7374.0,7376.0,3,7426.0,7368.0,7390.0,7352.0,10046.0,74059112.0,219654
2023-05-11 09:01:33,SF2307,SF2307,7374.0,41.0,302252.0,6.0,48,7374.0,7378.0,36,7426.0,7368.0,7390.0,7352.0,10087.0,74361364.0,219660
2023-05-11 09:01:33,SF2307,SF2307,7376.0,21.0,154812.0,18.0,19,7376.0,7378.0,33,7426.0,7368.0,7390.0,7352.0,10108.0,74516176.0,219678
2023-05-11 09:01:34,SF2307,SF2307,7376.0,36.0,265392.0,28.0,110,7376.0,7380.0,72,7426.0,7368.0,7390.0,7352.0,10144.0,74781568.0,219706
2023-05-11 09:01:34,SF2307,SF2307,7382.0,103.0,759316.0,26.0,56,7378.0,7382.0,7,7426.0,7368.0,7390.0,7352.0,10247.0,75540884.0,219732
2023-05-11 09:01:35,SF2307,SF2307,7380.0,2.0,14744.0,0.0,64,7378.0,7380.0,9,7426.0,7368.0,7390.0,7352.0,10249.0,75555628.0,219732
2023-05-11 09:01:35,SF2307,SF2307,7378.0,19.0,140068.0,-4.0,50,7378.0,7380.0,1,7426.0,7368.0,7390.0,7352.0,10268.0,75695696.0,219728
2023-05-11 09:01:36,SF2307,SF2307,7380.0,1.0,7372.0,1.0,70,7378.0,7380.0,23,7426.0,7368.0,7390.0,7352.0,10269.0,75703068.0,219729
2023-05-11 09:01:36,SF2307,SF2307,7378.0,38.0,280136.0,-8.0,56,7376.0,7378.0,6,7426.0,7368.0,7390.0,7352.0,10307.0,75983204.0,219721
2023-05-11 09:01:37,SF2307,SF2307,7378.0,2.0,14744.0,2.0,65,7376.0,7378.0,18,7426.0,7368.0,7390.0,7352.0,10309.0,75997948.0,219723
2023-05-11 09:01:37,SF2307,SF2307,7376.0,6.0,44232.0,6.0,68,7376.0,7378.0,19,7426.0,7368.0,7390.0,7352.0,10315.0,76042180.0,219729
2023-05-11 09:01:38,SF2307,SF2307,7378.0,24.0,176928.0,19.0,66,7376.0,7378.0,4,7426.0,7368.0,7390.0,7352.0,10339.0,76219108.0,219748
2023-05-11 09:01:38,SF2307,SF2307,7376.0,17.0,125324.0,17.0,58,7376.0,7378.0,4,7426.0,7368.0,7390.0,7352.0,10356.0,76344432.0,219765
2023-05-11 09:01:39,SF2307,SF2307,7378.0,1.0,7372.0,0.0,48,7376.0,7378.0,17,7426.0,7368.0,7390.0,7352.0,10357.0,76351804.0,219765
2023-05-11 09:01:39,SF2307,SF2307,7378.0,163.0,1222676.0,21.0,14,7378.0,7380.0,42,7426.0,7368.0,7390.0,7352.0,10520.0,77574480.0,219786
2023-05-11 09:01:40,SF2307,SF2307,7378.0,4.0,29496.0,1.0,11,7378.0,7380.0,42,7426.0,7368.0,7390.0,7352.0,10524.0,77603976.0,219787
2023-05-11 09:01:40,SF2307,SF2307,7378.0,12.0,88488.0,-2.0,1,7378.0,7380.0,34,7426.0,7368.0,7390.0,7352.0,10536.0,77692464.0,219785
2023-05-11 09:01:41,SF2307,SF2307,7378.0,14.0,103236.0,0.0,4,7378.0,7380.0,36,7426.0,7368.0,7390.0,7352.0,10550.0,77795700.0,219785
2023-05-11 09:01:41,SF2307,SF2307,7376.0,6.0,44244.0,0.0,28,7376.0,7378.0,6,7426.0,7368.0,7390.0,7352.0,10556.0,77839944.0,219785
2023-05-11 09:01:42,SF2307,SF2307,7378.0,4.0,29496.0,-2.0,27,7376.0,7378.0,4,7426.0,7368.0,7390.0,7352.0,10560.0,77869440.0,219783
2023-05-11 09:01:42,SF2307,SF2307,7378.0,4.0,29496.0,4.0,40,7376.0,7380.0,38,7426.0,7368.0,7390.0,7352.0,10564.0,77898936.0,219787
2023-05-11 09:01:43,SF2307,SF2307,7378.0,0.0,0.0,0.0,26,7376.0,7378.0,3,7426.0,7368.0,7390.0,7352.0,10564.0,77898936.0,219787
2023-05-11 09:01:43,SF2307,SF2307,7378.0,0.0,0.0,0.0,22,7376.0,7378.0,7,7426.0,7368.0,7390.0,7352.0,10564.0,77898936.0,219787
2023-05-11 09:01:44,SF2307,SF2307,7380.0,93.0,685782.0,63.0,43,7380.0,7382.0,62,7426.0,7368.0,7390.0,7352.0,10657.0,78584718.0,219850
2023-05-11 09:01:44,SF2307,SF2307,7380.0,63.0,464562.0,16.0,28,7378.0,7380.0,10,7426.0,7368.0,7390.0,7352.0,10720.0,79049280.0,219866
2023-05-11 09:01:45,SF2307,SF2307,7380.0,0.0,0.0,0.0,17,7378.0,7380.0,31,7426.0,7368.0,7390.0,7352.0,10720.0,79049280.0,219866
2023-05-11 09:01:45,SF2307,SF2307,7380.0,0.0,0.0,0.0,15,7378.0,7380.0,42,7426.0,7368.0,7390.0,7352.0,10720.0,79049280.0,219866
2023-05-11 09:01:46,SF2307,SF2307,7378.0,9.0,66366.0,-5.0,5,7378.0,7380.0,42,7426.0,7368.0,7390.0,7352.0,10729.0,79115646.0,219861
2023-05-11 09:01:46,SF2307,SF2307,7378.0,7.0,51618.0,-1.0,23,7376.0,7378.0,18,7426.0,7368.0,7390.0,7352.0,10736.0,79167264.0,219860
2023-05-11 09:01:47,SF2307,SF2307,7376.0,7.0,51618.0,0.0,16,7376.0,7378.0,30,7426.0,7368.0,7390.0,7352.0,10743.0,79218882.0,219860
2023-05-11 09:01:47,SF2307,SF2307,7378.0,4.0,29496.0,1.0,19,7376.0,7378.0,31,7426.0,7368.0,7390.0,7352.0,10747.0,79248378.0,219861
2023-05-11 09:01:48,SF2307,SF2307,7376.0,17.0,125358.0,0.0,20,7376.0,7378.0,17,7426.0,7368.0,7390.0,7352.0,10764.0,79373736.0,219861
2023-05-11 09:01:48,SF2307,SF2307,7378.0,1.0,7374.0,1.0,21,7376.0,7378.0,17,7426.0,7368.0,7390.0,7352.0,10765.0,79381110.0,219862
2023-05-11 09:01:49,SF2307,SF2307,7378.0,37.0,272838.0,8.0,71,7374.0,7378.0,11,7426.0,7368.0,7390.0,7352.0,10802.0,79653948.0,219870
2023-05-11 09:01:49,SF2307,SF2307,7376.0,12.0,88488.0,-4.0,49,7374.0,7378.0,21,7426.0,7368.0,7390.0,7352.0,10814.0,79742436.0,219866
2023-05-11 09:01:50,SF2307,SF2307,7376.0,0.0,0.0,0.0,34,7374.0,7376.0,2,7426.0,7368.0,7390.0,7352.0,10814.0,79742436.0,219866
2023-05-11 09:01:50,SF2307,SF2307,7376.0,60.0,442440.0,34.0,20,7376.0,7378.0,7,7426.0,7368.0,7390.0,7352.0,10874.0,80184876.0,219900
2023-05-11 09:01:51,SF2307,SF2307,7376.0,53.0,390822.0,24.0,67,7374.0,7378.0,16,7426.0,7368.0,7390.0,7352.0,10927.0,80575698.0,219924
2023-05-11 09:01:51,SF2307,SF2307,7376.0,8.0,58992.0,3.0,24,7374.0,7378.0,31,7426.0,7368.0,7390.0,7352.0,10935.0,80634690.0,219927
2023-05-11 09:01:52,SF2307,SF2307,7376.0,10.0,73740.0,2.0,1,7376.0,7378.0,34,7426.0,7368.0,7390.0,7352.0,10945.0,80708430.0,219929
2023-05-11 09:01:52,SF2307,SF2307,7374.0,4.0,29496.0,1.0,11,7374.0,7376.0,2,7426.0,7368.0,7390.0,7352.0,10949.0,80737926.0,219930
2023-05-11 09:01:53,SF2307,SF2307,7374.0,10.0,73740.0,1.0,6,7374.0,7376.0,6,7426.0,7368.0,7390.0,7352.0,10959.0,80811666.0,219931
2023-05-11 09:01:53,SF2307,SF2307,7374.0,6.0,44244.0,1.0,10,7374.0,7376.0,19,7426.0,7368.0,7390.0,7352.0,10965.0,80855910.0,219932
2023-05-11 09:01:54,SF2307,SF2307,7374.0,8.0,58992.0,2.0,1,7374.0,7376.0,19,7426.0,7368.0,7390.0,7352.0,10973.0,80914902.0,219934
2023-05-11 09:01:54,SF2307,SF2307,7374.0,5.0,36870.0,-4.0,40,7372.0,7376.0,26,7426.0,7368.0,7390.0,7352.0,10978.0,80951772.0,219930
2023-05-11 09:01:55,SF2307,SF2307,7374.0,7.0,51618.0,-3.0,7,7374.0,7376.0,16,7426.0,7368.0,7390.0,7352.0,10985.0,81003390.0,219927
2023-05-11 09:01:55,SF2307,SF2307,7376.0,5.0,36870.0,-4.0,15,7374.0,7376.0,18,7426.0,7368.0,7390.0,7352.0,10990.0,81040260.0,219923
2023-05-11 09:01:56,SF2307,SF2307,7372.0,39.0,287586.0,20.0,49,7370.0,7374.0,22,7426.0,7368.0,7390.0,7352.0,11029.0,81327846.0,219943
2023-05-11 09:01:56,SF2307,SF2307,7372.0,2.0,14748.0,1.0,19,7370.0,7372.0,20,7426.0,7368.0,7390.0,7352.0,11031.0,81342594.0,219944
2023-05-11 09:01:57,SF2307,SF2307,7372.0,20.0,147480.0,10.0,21,7370.0,7372.0,12,7426.0,7368.0,7390.0,7352.0,11051.0,81490074.0,219954
2023-05-11 09:01:57,SF2307,SF2307,7370.0,10.0,73740.0,4.0,20,7370.0,7372.0,8,7426.0,7368.0,7390.0,7352.0,11061.0,81563814.0,219958
2023-05-11 09:01:58,SF2307,SF2307,7372.0,14.0,103236.0,10.0,21,7370.0,7372.0,3,7426.0,7368.0,7390.0,7352.0,11075.0,81667050.0,219968
2023-05-11 09:01:58,SF2307,SF2307,7372.0,9.0,66366.0,0.0,12,7372.0,7374.0,46,7426.0,7368.0,7390.0,7352.0,11084.0,81733416.0,219968
2023-05-11 09:01:59,SF2307,SF2307,7372.0,5.0,36870.0,1.0,98,7372.0,7374.0,41,7426.0,7368.0,7390.0,7352.0,11089.0,81770286.0,219969
2023-05-11 09:01:59,SF2307,SF2307,7374.0,51.0,376074.0,5.0,10,7374.0,7376.0,3,7426.0,7368.0,7390.0,7352.0,11140.0,82146360.0,219974
2023-05-11 09:02:00,SF2307,SF2307,7376.0,4.0,29496.0,4.0,24,7374.0,7376.0,20,7426.0,7368.0,7390.0,7352.0,11144.0,82175856.0,219978
2023-05-11 09:02:00,SF2307,SF2307,7376.0,19.0,140106.0,1.0,1,7374.0,7376.0,22,7426.0,7368.0,7390.0,7352.0,11163.0,82315962.0,219979
2023-05-11 09:02:01,SF2307,SF2307,7374.0,11.0,81114.0,3.0,160,7372.0,7374.0,11,7426.0,7368.0,7390.0,7352.0,11174.0,82397076.0,219982
2023-05-11 09:02:01,SF2307,SF2307,7374.0,21.0,154854.0,13.0,5,7374.0,7376.0,17,7426.0,7368.0,7390.0,7352.0,11195.0,82551930.0,219995
2023-05-11 09:02:02,SF2307,SF2307,7376.0,19.0,140106.0,4.0,137,7372.0,7374.0,3,7426.0,7368.0,7390.0,7352.0,11214.0,82692036.0,219999
2023-05-11 09:02:02,SF2307,SF2307,7374.0,28.0,206472.0,6.0,20,7374.0,7376.0,13,7426.0,7368.0,7390.0,7352.0,11242.0,82898508.0,220005
2023-05-11 09:02:03,SF2307,SF2307,7374.0,39.0,287586.0,17.0,17,7374.0,7378.0,43,7426.0,7368.0,7390.0,7352.0,11281.0,83186094.0,220022
2023-05-11 09:02:03,SF2307,SF2307,7374.0,8.0,58992.0,7.0,12,7374.0,7376.0,5,7426.0,7368.0,7390.0,7352.0,11289.0,83245086.0,220029
2023-05-11 09:02:04,SF2307,SF2307,7374.0,13.0,95862.0,7.0,13,7374.0,7376.0,8,7426.0,7368.0,7390.0,7352.0,11302.0,83340948.0,220036
2023-05-11 09:02:04,SF2307,SF2307,7376.0,59.0,435066.0,9.0,13,7374.0,7376.0,3,7426.0,7368.0,7390.0,7352.0,11361.0,83776014.0,220045
2023-05-11 09:02:05,SF2307,SF2307,7374.0,2.0,14748.0,-2.0,13,7374.0,7376.0,21,7426.0,7368.0,7390.0,7352.0,11363.0,83790762.0,220043
2023-05-11 09:02:05,SF2307,SF2307,7374.0,11.0,81114.0,8.0,24,7374.0,7376.0,21,7426.0,7368.0,7390.0,7352.0,11374.0,83871876.0,220051
2023-05-11 09:02:06,SF2307,SF2307,7374.0,4.0,29496.0,4.0,23,7374.0,7376.0,18,7426.0,7368.0,7390.0,7352.0,11378.0,83901372.0,220055
2023-05-11 09:02:06,SF2307,SF2307,7374.0,0.0,0.0,0.0,23,7374.0,7376.0,19,7426.0,7368.0,7390.0,7352.0,11378.0,83901372.0,220055
2023-05-11 09:02:07,SF2307,SF2307,7376.0,1.0,7374.0,-1.0,23,7374.0,7376.0,18,7426.0,7368.0,7390.0,7352.0,11379.0,83908746.0,220054
2023-05-11 09:02:08,SF2307,SF2307,7374.0,21.0,154854.0,-2.0,19,7374.0,7378.0,70,7426.0,7368.0,7390.0,7352.0,11400.0,84063600.0,220052
2023-05-11 09:02:08,SF2307,SF2307,7374.0,0.0,0.0,0.0,14,7376.0,7378.0,54,7426.0,7368.0,7390.0,7352.0,11400.0,84063600.0,220052
2023-05-11 09:02:09,SF2307,SF2307,7376.0,7.0,51618.0,-2.0,42,7376.0,7378.0,55,7426.0,7368.0,7390.0,7352.0,11407.0,84115218.0,220050
2023-05-11 09:02:09,SF2307,SF2307,7378.0,42.0,309708.0,20.0,2,7376.0,7378.0,56,7426.0,7368.0,7390.0,7352.0,11449.0,84424926.0,220070
2023-05-11 09:02:10,SF2307,SF2307,7376.0,10.0,73740.0,5.0,50,7374.0,7376.0,1,7426.0,7368.0,7390.0,7352.0,11459.0,84498666.0,220075
2023-05-11 09:02:10,SF2307,SF2307,7378.0,4.0,29496.0,0.0,3,7376.0,7378.0,65,7426.0,7368.0,7390.0,7352.0,11463.0,84528162.0,220075
2023-05-11 09:02:11,SF2307,SF2307,7378.0,1.0,7374.0,0.0,5,7376.0,7378.0,84,7426.0,7368.0,7390.0,7352.0,11464.0,84535536.0,220075
2023-05-11 09:02:11,SF2307,SF2307,7376.0,20.0,147480.0,0.0,12,7376.0,7378.0,74,7426.0,7368.0,7390.0,7352.0,11484.0,84683016.0,220075
2023-05-11 09:02:12,SF2307,SF2307,7376.0,5.0,36870.0,2.0,16,7376.0,7378.0,73,7426.0,7368.0,7390.0,7352.0,11489.0,84719886.0,220077
2023-05-11 09:02:12,SF2307,SF2307,7378.0,62.0,457188.0,-27.0,10,7378.0,7380.0,127,7426.0,7368.0,7390.0,7352.0,11551.0,85177074.0,220050
2023-05-11 09:02:13,SF2307,SF2307,7378.0,9.0,66366.0,-4.0,18,7378.0,7380.0,57,7426.0,7368.0,7390.0,7352.0,11560.0,85243440.0,220046
2023-05-11 09:02:13,SF2307,SF2307,7378.0,9.0,66366.0,-5.0,18,7378.0,7380.0,59,7426.0,7368.0,7390.0,7352.0,11569.0,85309806.0,220041
2023-05-11 09:02:14,SF2307,SF2307,7380.0,20.0,147480.0,0.0,16,7378.0,7380.0,59,7426.0,7368.0,7390.0,7352.0,11589.0,85457286.0,220041
2023-05-11 09:02:14,SF2307,SF2307,7380.0,5.0,36870.0,0.0,319,7378.0,7380.0,55,7426.0,7368.0,7390.0,7352.0,11594.0,85494156.0,220041
2023-05-11 09:02:15,SF2307,SF2307,7384.0,167.0,1231458.0,38.0,96,7384.0,7386.0,52,7426.0,7368.0,7390.0,7352.0,11761.0,86725614.0,220079
2023-05-11 09:02:15,SF2307,SF2307,7386.0,93.0,685782.0,-5.0,42,7386.0,7390.0,28,7426.0,7368.0,7390.0,7352.0,11854.0,87411396.0,220074
2023-05-11 09:02:16,SF2307,SF2307,7388.0,32.0,235968.0,-26.0,40,7386.0,7390.0,26,7426.0,7368.0,7390.0,7352.0,11886.0,87647364.0,220048
2023-05-11 09:02:16,SF2307,SF2307,7388.0,28.0,206472.0,-1.0,80,7384.0,7388.0,6,7426.0,7368.0,7390.0,7352.0,11914.0,87853836.0,220047
2023-05-11 09:02:17,SF2307,SF2307,7386.0,15.0,110610.0,-4.0,38,7384.0,7386.0,10,7426.0,7368.0,7390.0,7352.0,11929.0,87964446.0,220043
2023-05-11 09:02:17,SF2307,SF2307,7386.0,26.0,191724.0,8.0,23,7386.0,7388.0,2,7426.0,7368.0,7390.0,7352.0,11955.0,88156170.0,220051
2023-05-11 09:02:18,SF2307,SF2307,7388.0,10.0,73740.0,10.0,84,7388.0,7390.0,40,7426.0,7368.0,7390.0,7352.0,11965.0,88229910.0,220061
2023-05-11 09:02:18,SF2307,SF2307,7390.0,46.0,339204.0,28.0,11,7390.0,7392.0,9,7426.0,7368.0,7390.0,7352.0,12011.0,88569114.0,220089
2023-05-11 09:02:19,SF2307,SF2307,7392.0,61.0,449814.0,-17.0,6,7390.0,7392.0,15,7426.0,7368.0,7392.0,7352.0,12072.0,89018928.0,220072
2023-05-11 09:02:19,SF2307,SF2307,7390.0,55.0,405570.0,14.0,13,7390.0,7392.0,25,7426.0,7368.0,7392.0,7352.0,12127.0,89424498.0,220086
2023-05-11 09:02:20,SF2307,SF2307,7390.0,19.0,140106.0,-2.0,83,7388.0,7390.0,2,7426.0,7368.0,7392.0,7352.0,12146.0,89564604.0,220084
2023-05-11 09:02:20,SF2307,SF2307,7390.0,102.0,752148.0,-32.0,7,7390.0,7392.0,36,7426.0,7368.0,7392.0,7352.0,12248.0,90316752.0,220052
2023-05-11 09:02:21,SF2307,SF2307,7388.0,23.0,169602.0,9.0,22,7386.0,7390.0,63,7426.0,7368.0,7392.0,7352.0,12271.0,90486354.0,220061
2023-05-11 09:02:21,SF2307,SF2307,7390.0,7.0,51618.0,-1.0,35,7386.0,7390.0,63,7426.0,7368.0,7392.0,7352.0,12278.0,90537972.0,220060
2023-05-11 09:02:22,SF2307,SF2307,7388.0,6.0,44244.0,0.0,11,7388.0,7390.0,61,7426.0,7368.0,7392.0,7352.0,12284.0,90582216.0,220060
2023-05-11 09:02:22,SF2307,SF2307,7390.0,5.0,36870.0,2.0,12,7388.0,7390.0,66,7426.0,7368.0,7392.0,7352.0,12289.0,90619086.0,220062
2023-05-11 09:02:23,SF2307,SF2307,7390.0,21.0,154854.0,8.0,13,7388.0,7390.0,40,7426.0,7368.0,7392.0,7352.0,12310.0,90773940.0,220070
2023-05-11 09:02:23,SF2307,SF2307,7390.0,13.0,95862.0,1.0,11,7388.0,7390.0,37,7426.0,7368.0,7392.0,7352.0,12323.0,90869802.0,220071
2023-05-11 09:02:24,SF2307,SF2307,7390.0,0.0,0.0,0.0,11,7388.0,7390.0,36,7426.0,7368.0,7392.0,7352.0,12323.0,90869802.0,220071
2023-05-11 09:02:24,SF2307,SF2307,7390.0,0.0,0.0,0.0,9,7388.0,7390.0,36,7426.0,7368.0,7392.0,7352.0,12323.0,90869802.0,220071
2023-05-11 09:02:25,SF2307,SF2307,7390.0,47.0,346578.0,16.0,16,7388.0,7390.0,17,7426.0,7368.0,7392.0,7352.0,12370.0,91216380.0,220087
2023-05-11 09:02:25,SF2307,SF2307,7390.0,32.0,235968.0,-1.0,15,7390.0,7392.0,29,7426.0,7368.0,7392.0,7352.0,12402.0,91452348.0,220086
2023-05-11 09:02:26,SF2307,SF2307,7392.0,7.0,51618.0,6.0,16,7390.0,7392.0,12,7426.0,7368.0,7392.0,7352.0,12409.0,91503966.0,220092
2023-05-11 09:02:26,SF2307,SF2307,7392.0,1.0,7374.0,1.0,23,7390.0,7392.0,10,7426.0,7368.0,7392.0,7352.0,12410.0,91511340.0,220093
2023-05-11 09:02:27,SF2307,SF2307,7392.0,6.0,44244.0,6.0,21,7390.0,7392.0,3,7426.0,7368.0,7392.0,7352.0,12416.0,91555584.0,220099
2023-05-11 09:02:27,SF2307,SF2307,7392.0,4.0,29496.0,1.0,15,7392.0,7394.0,9,7426.0,7368.0,7392.0,7352.0,12420.0,91585080.0,220100
2023-05-11 09:02:28,SF2307,SF2307,7392.0,6.0,44244.0,3.0,14,7392.0,7394.0,13,7426.0,7368.0,7394.0,7352.0,12426.0,91629324.0,220103
2023-05-11 09:02:28,SF2307,SF2307,7392.0,3.0,22122.0,3.0,11,7392.0,7394.0,16,7426.0,7368.0,7394.0,7352.0,12429.0,91651446.0,220106
2023-05-11 09:02:29,SF2307,SF2307,7392.0,2.0,14748.0,1.0,9,7392.0,7394.0,18,7426.0,7368.0,7394.0,7352.0,12431.0,91666194.0,220107
2023-05-11 09:02:29,SF2307,SF2307,7392.0,126.0,929124.0,72.0,22,7392.0,7394.0,2,7426.0,7368.0,7394.0,7352.0,12557.0,92595318.0,220179
2023-05-11 09:02:30,SF2307,SF2307,7394.0,34.0,250716.0,14.0,3,7394.0,7396.0,38,7426.0,7368.0,7396.0,7352.0,12591.0,92846034.0,220193
2023-05-11 09:02:30,SF2307,SF2307,7394.0,13.0,95862.0,-1.0,14,7394.0,7396.0,13,7426.0,7368.0,7396.0,7352.0,12604.0,92941896.0,220192
2023-05-11 09:02:31,SF2307,SF2307,7394.0,32.0,235968.0,-5.0,3,7394.0,7396.0,7,7426.0,7368.0,7396.0,7352.0,12636.0,93177864.0,220187
2023-05-11 09:02:31,SF2307,SF2307,7394.0,3.0,22122.0,0.0,8,7394.0,7396.0,24,7426.0,7368.0,7396.0,7352.0,12639.0,93199986.0,220187
2023-05-11 09:02:32,SF2307,SF2307,7394.0,59.0,435066.0,-23.0,12,7394.0,7398.0,59,7426.0,7368.0,7398.0,7352.0,12698.0,93635052.0,220164
2023-05-11 09:02:32,SF2307,SF2307,7394.0,0.0,0.0,0.0,18,7394.0,7396.0,5,7426.0,7368.0,7398.0,7352.0,12698.0,93635052.0,220164
2023-05-11 09:02:33,SF2307,SF2307,7396.0,5.0,36870.0,-5.0,12,7394.0,7396.0,5,7426.0,7368.0,7398.0,7352.0,12703.0,93671922.0,220159
2023-05-11 09:02:33,SF2307,SF2307,7394.0,3.0,22122.0,2.0,9,7394.0,7396.0,5,7426.0,7368.0,7398.0,7352.0,12706.0,93694044.0,220161
2023-05-11 09:02:34,SF2307,SF2307,7394.0,0.0,0.0,0.0,6,7394.0,7396.0,6,7426.0,7368.0,7398.0,7352.0,12706.0,93694044.0,220161
2023-05-11 09:02:34,SF2307,SF2307,7396.0,2.0,14748.0,-1.0,70,7394.0,7396.0,7,7426.0,7368.0,7398.0,7352.0,12708.0,93708792.0,220160
2023-05-11 09:02:35,SF2307,SF2307,7396.0,16.0,117984.0,-6.0,81,7394.0,7396.0,6,7426.0,7368.0,7398.0,7352.0,12724.0,93826776.0,220154
2023-05-11 09:02:35,SF2307,SF2307,7394.0,2.0,14748.0,2.0,61,7394.0,7396.0,6,7426.0,7368.0,7398.0,7352.0,12726.0,93841524.0,220156
2023-05-11 09:02:36,SF2307,SF2307,7396.0,2.0,14748.0,2.0,71,7394.0,7396.0,12,7426.0,7368.0,7398.0,7352.0,12728.0,93856272.0,220158
2023-05-11 09:02:36,SF2307,SF2307,7394.0,6.0,44244.0,-4.0,55,7394.0,7396.0,13,7426.0,7368.0,7398.0,7352.0,12734.0,93900516.0,220154
2023-05-11 09:02:37,SF2307,SF2307,7394.0,0.0,0.0,0.0,55,7394.0,7396.0,14,7426.0,7368.0,7398.0,7352.0,12734.0,93900516.0,220154
2023-05-11 09:02:37,SF2307,SF2307,7396.0,8.0,58992.0,-1.0,66,7394.0,7396.0,5,7426.0,7368.0,7398.0,7352.0,12742.0,93959508.0,220153
2023-05-11 09:02:38,SF2307,SF2307,7396.0,2.0,14748.0,1.0,74,7394.0,7396.0,4,7426.0,7368.0,7398.0,7352.0,12744.0,93974256.0,220154
2023-05-11 09:02:38,SF2307,SF2307,7396.0,0.0,0.0,0.0,7,7394.0,7396.0,22,7426.0,7368.0,7398.0,7352.0,12744.0,93974256.0,220154
2023-05-11 09:02:39,SF2307,SF2307,7394.0,4.0,29496.0,0.0,11,7394.0,7396.0,21,7426.0,7368.0,7398.0,7352.0,12748.0,94003752.0,220154
2023-05-11 09:02:39,SF2307,SF2307,7394.0,4.0,29496.0,4.0,9,7394.0,7396.0,23,7426.0,7368.0,7398.0,7352.0,12752.0,94033248.0,220158
2023-05-11 09:02:40,SF2307,SF2307,7396.0,2.0,14748.0,-2.0,10,7394.0,7396.0,25,7426.0,7368.0,7398.0,7352.0,12754.0,94047996.0,220156
2023-05-11 09:02:40,SF2307,SF2307,7394.0,10.0,73740.0,7.0,31,7392.0,7394.0,20,7426.0,7368.0,7398.0,7352.0,12764.0,94121736.0,220163
2023-05-11 09:02:41,SF2307,SF2307,7394.0,0.0,0.0,0.0,3,7392.0,7394.0,24,7426.0,7368.0,7398.0,7352.0,12764.0,94121736.0,220163
2023-05-11 09:02:41,SF2307,SF2307,7392.0,14.0,103236.0,3.0,1,7392.0,7394.0,26,7426.0,7368.0,7398.0,7352.0,12778.0,94224972.0,220166
2023-05-11 09:02:42,SF2307,SF2307,7394.0,1.0,7374.0,0.0,13,7392.0,7394.0,28,7426.0,7368.0,7398.0,7352.0,12779.0,94232346.0,220166
2023-05-11 09:02:42,SF2307,SF2307,7394.0,0.0,0.0,0.0,14,7392.0,7394.0,27,7426.0,7368.0,7398.0,7352.0,12779.0,94232346.0,220166
2023-05-11 09:02:43,SF2307,SF2307,7392.0,9.0,66366.0,0.0,12,7392.0,7394.0,24,7426.0,7368.0,7398.0,7352.0,12788.0,94298712.0,220166
2023-05-11 09:02:43,SF2307,SF2307,7392.0,9.0,66366.0,-3.0,48,7390.0,7392.0,2,7426.0,7368.0,7398.0,7352.0,12797.0,94365078.0,220163
2023-05-11 09:02:44,SF2307,SF2307,7392.0,17.0,150986.0,5.0,26,7390.0,7392.0,6,7426.0,7368.0,7398.0,7352.0,12814.0,94516064.0,220168
2023-05-11 09:02:44,SF2307,SF2307,7390.0,2.0,14752.0,1.0,35,7390.0,7392.0,8,7426.0,7368.0,7398.0,7352.0,12816.0,94530816.0,220169
2023-05-11 09:02:45,SF2307,SF2307,7388.0,37.0,272912.0,23.0,54,7388.0,7390.0,11,7426.0,7368.0,7398.0,7352.0,12853.0,94803728.0,220192
2023-05-11 09:02:45,SF2307,SF2307,7390.0,21.0,154896.0,13.0,1,7388.0,7390.0,19,7426.0,7368.0,7398.0,7352.0,12874.0,94958624.0,220205
2023-05-11 09:02:46,SF2307,SF2307,7388.0,12.0,88512.0,2.0,30,7386.0,7388.0,4,7426.0,7368.0,7398.0,7352.0,12886.0,95047136.0,220207
2023-05-11 09:02:46,SF2307,SF2307,7388.0,8.0,59008.0,3.0,12,7386.0,7388.0,6,7426.0,7368.0,7398.0,7352.0,12894.0,95106144.0,220210
2023-05-11 09:02:47,SF2307,SF2307,7386.0,21.0,154896.0,16.0,57,7384.0,7388.0,13,7426.0,7368.0,7398.0,7352.0,12915.0,95261040.0,220226
2023-05-11 09:02:47,SF2307,SF2307,7386.0,7.0,51632.0,7.0,27,7384.0,7388.0,38,7426.0,7368.0,7398.0,7352.0,12922.0,95312672.0,220233
2023-05-11 09:02:48,SF2307,SF2307,7386.0,3.0,22128.0,2.0,1,7386.0,7388.0,42,7426.0,7368.0,7398.0,7352.0,12925.0,95334800.0,220235
2023-05-11 09:02:48,SF2307,SF2307,7388.0,1.0,7376.0,0.0,1,7386.0,7388.0,43,7426.0,7368.0,7398.0,7352.0,12926.0,95342176.0,220235
2023-05-11 09:02:49,SF2307,SF2307,7386.0,6.0,44256.0,-4.0,4,7386.0,7388.0,42,7426.0,7368.0,7398.0,7352.0,12932.0,95386432.0,220231
2023-05-11 09:02:49,SF2307,SF2307,7388.0,10.0,73760.0,1.0,23,7386.0,7388.0,7,7426.0,7368.0,7398.0,7352.0,12942.0,95460192.0,220232
2023-05-11 09:02:50,SF2307,SF2307,7388.0,10.0,73760.0,0.0,10,7388.0,7390.0,27,7426.0,7368.0,7398.0,7352.0,12952.0,95533952.0,220232
2023-05-11 09:02:50,SF2307,SF2307,7388.0,5.0,36880.0,0.0,7,7388.0,7390.0,28,7426.0,7368.0,7398.0,7352.0,12957.0,95570832.0,220232
2023-05-11 09:02:51,SF2307,SF2307,7388.0,7.0,51632.0,-4.0,52,7386.0,7388.0,14,7426.0,7368.0,7398.0,7352.0,12964.0,95622464.0,220228
2023-05-11 09:02:51,SF2307,SF2307,7386.0,1.0,7376.0,0.0,24,7386.0,7388.0,19,7426.0,7368.0,7398.0,7352.0,12965.0,95629840.0,220228
2023-05-11 09:02:51,SF2307,SF2307,7386.0,0.0,0.0,0.0,20,7386.0,7388.0,21,7426.0,7368.0,7398.0,7352.0,12965.0,95629840.0,220228
2023-05-11 09:02:52,SF2307,SF2307,7386.0,0.0,0.0,0.0,21,7386.0,7388.0,21,7426.0,7368.0,7398.0,7352.0,12965.0,95629840.0,220228
2023-05-11 09:02:53,SF2307,SF2307,7388.0,5.0,36880.0,-2.0,20,7386.0,7388.0,19,7426.0,7368.0,7398.0,7352.0,12970.0,95666720.0,220226
2023-05-11 09:02:53,SF2307,SF2307,7386.0,4.0,29504.0,3.0,19,7386.0,7388.0,19,7426.0,7368.0,7398.0,7352.0,12974.0,95696224.0,220229
2023-05-11 09:02:54,SF2307,SF2307,7388.0,5.0,36880.0,2.0,33,7386.0,7388.0,15,7426.0,7368.0,7398.0,7352.0,12979.0,95733104.0,220231
2023-05-11 09:02:54,SF2307,SF2307,7392.0,115.0,848240.0,12.0,5,7390.0,7392.0,94,7426.0,7368.0,7398.0,7352.0,13094.0,96581344.0,220243
2023-05-11 09:02:55,SF2307,SF2307,7392.0,53.0,390928.0,26.0,1,7392.0,7394.0,60,7426.0,7368.0,7398.0,7352.0,13147.0,96972272.0,220269
2023-05-11 09:02:55,SF2307,SF2307,7394.0,38.0,280288.0,0.0,59,7392.0,7394.0,3,7426.0,7368.0,7398.0,7352.0,13185.0,97252560.0,220269
2023-05-11 09:02:56,SF2307,SF2307,7396.0,11.0,81136.0,-4.0,52,7394.0,7396.0,24,7426.0,7368.0,7398.0,7352.0,13196.0,97333696.0,220265
2023-05-11 09:02:56,SF2307,SF2307,7396.0,49.0,361424.0,9.0,51,7394.0,7398.0,64,7426.0,7368.0,7398.0,7352.0,13245.0,97695120.0,220274
2023-05-11 09:02:57,SF2307,SF2307,7398.0,20.0,147520.0,8.0,16,7396.0,7398.0,37,7426.0,7368.0,7398.0,7352.0,13265.0,97842640.0,220282
2023-05-11 09:02:57,SF2307,SF2307,7398.0,23.0,169648.0,-1.0,11,7396.0,7398.0,31,7426.0,7368.0,7398.0,7352.0,13288.0,98012288.0,220281
2023-05-11 09:02:58,SF2307,SF2307,7396.0,11.0,81136.0,1.0,10,7396.0,7398.0,27,7426.0,7368.0,7398.0,7352.0,13299.0,98093424.0,220282
2023-05-11 09:02:58,SF2307,SF2307,7396.0,4.0,29504.0,-1.0,14,7396.0,7398.0,26,7426.0,7368.0,7398.0,7352.0,13303.0,98122928.0,220281
2023-05-11 09:02:59,SF2307,SF2307,7396.0,5.0,36880.0,4.0,6,7396.0,7398.0,29,7426.0,7368.0,7398.0,7352.0,13308.0,98159808.0,220285
2023-05-11 09:02:59,SF2307,SF2307,7396.0,6.0,44256.0,0.0,59,7394.0,7396.0,9,7426.0,7368.0,7398.0,7352.0,13314.0,98204064.0,220285
2023-05-11 09:03:00,SF2307,SF2307,7396.0,19.0,140144.0,5.0,23,7394.0,7396.0,3,7426.0,7368.0,7398.0,7352.0,13333.0,98344208.0,220290
2023-05-11 09:03:00,SF2307,SF2307,7396.0,34.0,250784.0,16.0,18,7394.0,7396.0,6,7426.0,7368.0,7398.0,7352.0,13367.0,98594992.0,220306
2023-05-11 09:03:01,SF2307,SF2307,7394.0,11.0,81136.0,0.0,2,7394.0,7396.0,30,7426.0,7368.0,7398.0,7352.0,13378.0,98676128.0,220306
2023-05-11 09:03:01,SF2307,SF2307,7394.0,7.0,51632.0,0.0,53,7392.0,7396.0,52,7426.0,7368.0,7398.0,7352.0,13385.0,98727760.0,220306
2023-05-11 09:03:02,SF2307,SF2307,7392.0,4.0,29504.0,0.0,42,7392.0,7396.0,44,7426.0,7368.0,7398.0,7352.0,13389.0,98757264.0,220306
2023-05-11 09:03:02,SF2307,SF2307,7392.0,33.0,243408.0,-16.0,40,7392.0,7396.0,125,7426.0,7368.0,7398.0,7352.0,13422.0,99000672.0,220290
2023-05-11 09:03:03,SF2307,SF2307,7392.0,52.0,383552.0,19.0,94,7390.0,7392.0,1,7426.0,7368.0,7398.0,7352.0,13474.0,99384224.0,220309
2023-05-11 09:03:03,SF2307,SF2307,7392.0,6.0,44256.0,4.0,14,7392.0,7394.0,22,7426.0,7368.0,7398.0,7352.0,13480.0,99428480.0,220313
2023-05-11 09:03:04,SF2307,SF2307,7394.0,29.0,213904.0,11.0,20,7392.0,7396.0,168,7426.0,7368.0,7398.0,7352.0,13509.0,99642384.0,220324
2023-05-11 09:03:04,SF2307,SF2307,7394.0,14.0,103264.0,-1.0,17,7394.0,7396.0,157,7426.0,7368.0,7398.0,7352.0,13523.0,99745648.0,220323
2023-05-11 09:03:05,SF2307,SF2307,7394.0,11.0,81136.0,3.0,57,7392.0,7394.0,1,7426.0,7368.0,7398.0,7352.0,13534.0,99826784.0,220326
2023-05-11 09:03:05,SF2307,SF2307,7394.0,17.0,125392.0,7.0,30,7392.0,7394.0,16,7426.0,7368.0,7398.0,7352.0,13551.0,99952176.0,220333
2023-05-11 09:03:06,SF2307,SF2307,7390.0,204.0,1504704.0,-8.0,178,7388.0,7390.0,9,7426.0,7368.0,7398.0,7352.0,13755.0,101456880.0,220325
2023-05-11 09:03:06,SF2307,SF2307,7388.0,47.0,346672.0,21.0,31,7388.0,7390.0,4,7426.0,7368.0,7398.0,7352.0,13802.0,101803552.0,220346
2023-05-11 09:03:07,SF2307,SF2307,7390.0,30.0,221280.0,19.0,2,7388.0,7390.0,20,7426.0,7368.0,7398.0,7352.0,13832.0,102024832.0,220365
2023-05-11 09:03:07,SF2307,SF2307,7388.0,4.0,29504.0,-2.0,65,7386.0,7390.0,32,7426.0,7368.0,7398.0,7352.0,13836.0,102054336.0,220363
2023-05-11 09:03:08,SF2307,SF2307,7388.0,0.0,0.0,0.0,5,7388.0,7390.0,32,7426.0,7368.0,7398.0,7352.0,13836.0,102054336.0,220363
2023-05-11 09:03:08,SF2307,SF2307,7388.0,6.0,44256.0,6.0,6,7388.0,7390.0,33,7426.0,7368.0,7398.0,7352.0,13842.0,102098592.0,220369
2023-05-11 09:03:09,SF2307,SF2307,7390.0,1.0,7376.0,1.0,8,7388.0,7390.0,33,7426.0,7368.0,7398.0,7352.0,13843.0,102105968.0,220370
2023-05-11 09:03:09,SF2307,SF2307,7390.0,20.0,147520.0,-1.0,5,7388.0,7390.0,34,7426.0,7368.0,7398.0,7352.0,13863.0,102253488.0,220369
2023-05-11 09:03:10,SF2307,SF2307,7390.0,2.0,14752.0,0.0,12,7388.0,7390.0,22,7426.0,7368.0,7398.0,7352.0,13865.0,102268240.0,220369
2023-05-11 09:03:10,SF2307,SF2307,7390.0,4.0,29504.0,4.0,12,7388.0,7390.0,23,7426.0,7368.0,7398.0,7352.0,13869.0,102297744.0,220373
2023-05-11 09:03:11,SF2307,SF2307,7390.0,31.0,228656.0,-9.0,156,7390.0,7392.0,66,7426.0,7368.0,7398.0,7352.0,13900.0,102526400.0,220364
2023-05-11 09:03:11,SF2307,SF2307,7392.0,35.0,258160.0,8.0,2,7392.0,7394.0,42,7426.0,7368.0,7398.0,7352.0,13935.0,102784560.0,220372
2023-05-11 09:03:12,SF2307,SF2307,7392.0,4.0,29504.0,0.0,188,7390.0,7394.0,57,7426.0,7368.0,7398.0,7352.0,13939.0,102814064.0,220372
2023-05-11 09:03:12,SF2307,SF2307,7392.0,2.0,14752.0,2.0,150,7390.0,7392.0,9,7426.0,7368.0,7398.0,7352.0,13941.0,102828816.0,220374
2023-05-11 09:03:13,SF2307,SF2307,7392.0,0.0,0.0,0.0,150,7390.0,7392.0,6,7426.0,7368.0,7398.0,7352.0,13941.0,102828816.0,220374
2023-05-11 09:03:13,SF2307,SF2307,7392.0,8.0,59008.0,8.0,1,7392.0,7394.0,48,7426.0,7368.0,7398.0,7352.0,13949.0,102887824.0,220382
2023-05-11 09:03:14,SF2307,SF2307,7392.0,25.0,184400.0,3.0,168,7390.0,7392.0,11,7426.0,7368.0,7398.0,7352.0,13974.0,103072224.0,220385
2023-05-11 09:03:14,SF2307,SF2307,7390.0,12.0,88512.0,0.0,154,7390.0,7392.0,14,7426.0,7368.0,7398.0,7352.0,13986.0,103160736.0,220385
2023-05-11 09:03:15,SF2307,SF2307,7390.0,1.0,7376.0,0.0,153,7390.0,7392.0,18,7426.0,7368.0,7398.0,7352.0,13987.0,103168112.0,220385
2023-05-11 09:03:15,SF2307,SF2307,7390.0,165.0,1217040.0,-17.0,42,7388.0,7390.0,9,7426.0,7368.0,7398.0,7352.0,14152.0,104385152.0,220368
2023-05-11 09:03:16,SF2307,SF2307,7388.0,19.0,140144.0,-15.0,3,7388.0,7390.0,38,7426.0,7368.0,7398.0,7352.0,14171.0,104525296.0,220353
2023-05-11 09:03:16,SF2307,SF2307,7388.0,10.0,73760.0,3.0,54,7386.0,7388.0,1,7426.0,7368.0,7398.0,7352.0,14181.0,104599056.0,220356
2023-05-11 09:03:17,SF2307,SF2307,7388.0,8.0,59008.0,2.0,55,7386.0,7388.0,11,7426.0,7368.0,7398.0,7352.0,14189.0,104658064.0,220358
2023-05-11 09:03:17,SF2307,SF2307,7386.0,7.0,51632.0,7.0,50,7386.0,7388.0,12,7426.0,7368.0,7398.0,7352.0,14196.0,104709696.0,220365
2023-05-11 09:03:18,SF2307,SF2307,7388.0,13.0,95888.0,9.0,51,7386.0,7388.0,18,7426.0,7368.0,7398.0,7352.0,14209.0,104805584.0,220374
2023-05-11 09:03:18,SF2307,SF2307,7388.0,0.0,0.0,0.0,41,7386.0,7388.0,20,7426.0,7368.0,7398.0,7352.0,14209.0,104805584.0,220374
2023-05-11 09:03:19,SF2307,SF2307,7386.0,3.0,22128.0,3.0,38,7386.0,7388.0,20,7426.0,7368.0,7398.0,7352.0,14212.0,104827712.0,220377
2023-05-11 09:03:19,SF2307,SF2307,7386.0,23.0,169648.0,2.0,35,7386.0,7388.0,2,7426.0,7368.0,7398.0,7352.0,14235.0,104997360.0,220379
2023-05-11 09:03:20,SF2307,SF2307,7386.0,7.0,51632.0,1.0,47,7386.0,7390.0,72,7426.0,7368.0,7398.0,7352.0,14242.0,105048992.0,220380
2023-05-11 09:03:20,SF2307,SF2307,7386.0,3.0,22128.0,3.0,32,7386.0,7388.0,17,7426.0,7368.0,7398.0,7352.0,14245.0,105071120.0,220383
2023-05-11 09:03:21,SF2307,SF2307,7388.0,28.0,206528.0,4.0,30,7386.0,7388.0,11,7426.0,7368.0,7398.0,7352.0,14273.0,105277648.0,220387
2023-05-11 09:03:21,SF2307,SF2307,7386.0,3.0,22128.0,3.0,25,7386.0,7388.0,12,7426.0,7368.0,7398.0,7352.0,14276.0,105299776.0,220390
2023-05-11 09:03:22,SF2307,SF2307,7388.0,13.0,95888.0,-8.0,21,7386.0,7388.0,6,7426.0,7368.0,7398.0,7352.0,14289.0,105395664.0,220382
2023-05-11 09:03:22,SF2307,SF2307,7386.0,1.0,7376.0,1.0,21,7386.0,7388.0,6,7426.0,7368.0,7398.0,7352.0,14290.0,105403040.0,220383
2023-05-11 09:03:23,SF2307,SF2307,7386.0,9.0,66384.0,5.0,16,7386.0,7388.0,30,7426.0,7368.0,7398.0,7352.0,14299.0,105469424.0,220388
2023-05-11 09:03:23,SF2307,SF2307,7386.0,0.0,0.0,0.0,11,7386.0,7388.0,43,7426.0,7368.0,7398.0,7352.0,14299.0,105469424.0,220388
2023-05-11 09:03:24,SF2307,SF2307,7386.0,4.0,29504.0,-1.0,20,7386.0,7388.0,39,7426.0,7368.0,7398.0,7352.0,14303.0,105498928.0,220387
2023-05-11 09:03:24,SF2307,SF2307,7388.0,184.0,1357184.0,74.0,151,7388.0,7390.0,94,7426.0,7368.0,7398.0,7352.0,14487.0,106856112.0,220461
2023-05-11 09:03:25,SF2307,SF2307,7388.0,22.0,162272.0,13.0,193,7388.0,7390.0,59,7426.0,7368.0,7398.0,7352.0,14509.0,107018384.0,220474
2023-05-11 09:03:25,SF2307,SF2307,7388.0,0.0,0.0,0.0,203,7388.0,7390.0,60,7426.0,7368.0,7398.0,7352.0,14509.0,107018384.0,220474
2023-05-11 09:03:26,SF2307,SF2307,7388.0,9.0,66384.0,9.0,204,7388.0,7390.0,60,7426.0,7368.0,7398.0,7352.0,14518.0,107084768.0,220483
2023-05-11 09:03:26,SF2307,SF2307,7388.0,1.0,7376.0,1.0,203,7388.0,7390.0,60,7426.0,7368.0,7398.0,7352.0,14519.0,107092144.0,220484
2023-05-11 09:03:27,SF2307,SF2307,7388.0,8.0,59008.0,8.0,195,7388.0,7390.0,60,7426.0,7368.0,7398.0,7352.0,14527.0,107151152.0,220492
2023-05-11 09:03:27,SF2307,SF2307,7388.0,14.0,103264.0,9.0,181,7388.0,7390.0,62,7426.0,7368.0,7398.0,7352.0,14541.0,107254416.0,220501
2023-05-11 09:03:28,SF2307,SF2307,7390.0,1.0,7376.0,1.0,214,7388.0,7390.0,61,7426.0,7368.0,7398.0,7352.0,14542.0,107261792.0,220502
2023-05-11 09:03:28,SF2307,SF2307,7388.0,1.0,7376.0,1.0,217,7388.0,7390.0,61,7426.0,7368.0,7398.0,7352.0,14543.0,107269168.0,220503
2023-05-11 09:03:29,SF2307,SF2307,7388.0,0.0,0.0,0.0,223,7388.0,7390.0,62,7426.0,7368.0,7398.0,7352.0,14543.0,107269168.0,220503
2023-05-11 09:03:29,SF2307,SF2307,7390.0,82.0,604832.0,57.0,13,7390.0,7392.0,40,7426.0,7368.0,7398.0,7352.0,14625.0,107874000.0,220560
2023-05-11 09:03:30,SF2307,SF2307,7390.0,0.0,0.0,0.0,34,7390.0,7392.0,26,7426.0,7368.0,7398.0,7352.0,14625.0,107874000.0,220560
2023-05-11 09:03:30,SF2307,SF2307,7390.0,5.0,36880.0,0.0,32,7390.0,7392.0,34,7426.0,7368.0,7398.0,7352.0,14630.0,107910880.0,220560
2023-05-11 09:03:31,SF2307,SF2307,7390.0,0.0,0.0,0.0,32,7390.0,7392.0,35,7426.0,7368.0,7398.0,7352.0,14630.0,107910880.0,220560
2023-05-11 09:03:31,SF2307,SF2307,7390.0,28.0,206528.0,6.0,5,7390.0,7392.0,41,7426.0,7368.0,7398.0,7352.0,14658.0,108117408.0,220566
2023-05-11 09:03:32,SF2307,SF2307,7388.0,6.0,73584.0,5.0,131,7388.0,7390.0,12,7426.0,7368.0,7398.0,7352.0,14664.0,108190992.0,220571
2023-05-11 09:03:32,SF2307,SF2307,7388.0,24.0,177072.0,4.0,127,7388.0,7390.0,7,7426.0,7368.0,7398.0,7352.0,14688.0,108368064.0,220575
2023-05-11 09:03:33,SF2307,SF2307,7390.0,6.0,44268.0,2.0,135,7388.0,7390.0,14,7426.0,7368.0,7398.0,7352.0,14694.0,108412332.0,220577
2023-05-11 09:03:33,SF2307,SF2307,7388.0,24.0,177072.0,24.0,106,7388.0,7390.0,22,7426.0,7368.0,7398.0,7352.0,14718.0,108589404.0,220601
2023-05-11 09:03:34,SF2307,SF2307,7388.0,2.0,14756.0,0.0,68,7388.0,7390.0,21,7426.0,7368.0,7398.0,7352.0,14720.0,108604160.0,220601
2023-05-11 09:03:34,SF2307,SF2307,7388.0,7.0,51646.0,3.0,77,7388.0,7390.0,20,7426.0,7368.0,7398.0,7352.0,14727.0,108655806.0,220604
2023-05-11 09:03:35,SF2307,SF2307,7390.0,1.0,7378.0,0.0,68,7388.0,7390.0,19,7426.0,7368.0,7398.0,7352.0,14728.0,108663184.0,220604
2023-05-11 09:03:35,SF2307,SF2307,7388.0,21.0,154938.0,21.0,57,7388.0,7390.0,20,7426.0,7368.0,7398.0,7352.0,14749.0,108818122.0,220625
2023-05-11 09:03:35,SF2307,SF2307,7390.0,2.0,14756.0,0.0,48,7388.0,7390.0,18,7426.0,7368.0,7398.0,7352.0,14751.0,108832878.0,220625
2023-05-11 09:03:36,SF2307,SF2307,7388.0,10.0,73780.0,-5.0,48,7388.0,7390.0,18,7426.0,7368.0,7398.0,7352.0,14761.0,108906658.0,220620
2023-05-11 09:03:37,SF2307,SF2307,7388.0,11.0,81158.0,7.0,41,7388.0,7390.0,14,7426.0,7368.0,7398.0,7352.0,14772.0,108987816.0,220627
2023-05-11 09:03:37,SF2307,SF2307,7388.0,6.0,44268.0,5.0,26,7388.0,7390.0,16,7426.0,7368.0,7398.0,7352.0,14778.0,109032084.0,220632
2023-05-11 09:03:38,SF2307,SF2307,7388.0,0.0,0.0,0.0,27,7388.0,7390.0,16,7426.0,7368.0,7398.0,7352.0,14778.0,109032084.0,220632
2023-05-11 09:03:38,SF2307,SF2307,7390.0,4.0,29512.0,2.0,25,7388.0,7390.0,14,7426.0,7368.0,7398.0,7352.0,14782.0,109061596.0,220634
2023-05-11 09:03:39,SF2307,SF2307,7388.0,2.0,14756.0,1.0,26,7388.0,7390.0,13,7426.0,7368.0,7398.0,7352.0,14784.0,109076352.0,220635
2023-05-11 09:03:39,SF2307,SF2307,7388.0,7.0,51646.0,5.0,21,7388.0,7390.0,9,7426.0,7368.0,7398.0,7352.0,14791.0,109127998.0,220640
2023-05-11 09:03:40,SF2307,SF2307,7390.0,14.0,103292.0,7.0,6,7390.0,7392.0,73,7426.0,7368.0,7398.0,7352.0,14805.0,109231290.0,220647
2023-05-11 09:03:40,SF2307,SF2307,7390.0,18.0,132804.0,8.0,13,7390.0,7392.0,23,7426.0,7368.0,7398.0,7352.0,14823.0,109364094.0,220655
2023-05-11 09:03:41,SF2307,SF2307,7390.0,17.0,125426.0,-8.0,35,7388.0,7390.0,15,7426.0,7368.0,7398.0,7352.0,14840.0,109489520.0,220647
2023-05-11 09:03:41,SF2307,SF2307,7390.0,1.0,7378.0,0.0,22,7388.0,7390.0,17,7426.0,7368.0,7398.0,7352.0,14841.0,109496898.0,220647
2023-05-11 09:03:42,SF2307,SF2307,7390.0,10.0,73780.0,7.0,29,7388.0,7390.0,11,7426.0,7368.0,7398.0,7352.0,14851.0,109570678.0,220654
2023-05-11 09:03:42,SF2307,SF2307,7388.0,8.0,59024.0,1.0,30,7388.0,7390.0,14,7426.0,7368.0,7398.0,7352.0,14859.0,109629702.0,220655
2023-05-11 09:03:43,SF2307,SF2307,7388.0,5.0,36890.0,1.0,21,7388.0,7390.0,17,7426.0,7368.0,7398.0,7352.0,14864.0,109666592.0,220656
2023-05-11 09:03:43,SF2307,SF2307,7390.0,6.0,44268.0,3.0,21,7388.0,7390.0,12,7426.0,7368.0,7398.0,7352.0,14870.0,109710860.0,220659
2023-05-11 09:03:44,SF2307,SF2307,7388.0,4.0,29512.0,-2.0,17,7388.0,7390.0,21,7426.0,7368.0,7398.0,7352.0,14874.0,109740372.0,220657
2023-05-11 09:03:44,SF2307,SF2307,7388.0,23.0,169694.0,-1.0,28,7386.0,7388.0,4,7426.0,7368.0,7398.0,7352.0,14897.0,109910066.0,220656
2023-05-11 09:03:45,SF2307,SF2307,7388.0,0.0,0.0,0.0,13,7386.0,7388.0,19,7426.0,7368.0,7398.0,7352.0,14897.0,109910066.0,220656
2023-05-11 09:03:45,SF2307,SF2307,7388.0,2.0,14756.0,1.0,13,7386.0,7388.0,18,7426.0,7368.0,7398.0,7352.0,14899.0,109924822.0,220657
2023-05-11 09:03:46,SF2307,SF2307,7388.0,0.0,0.0,0.0,11,7386.0,7388.0,24,7426.0,7368.0,7398.0,7352.0,14899.0,109924822.0,220657
2023-05-11 09:03:46,SF2307,SF2307,7388.0,0.0,0.0,0.0,36,7386.0,7388.0,21,7426.0,7368.0,7398.0,7352.0,14899.0,109924822.0,220657
2023-05-11 09:03:47,SF2307,SF2307,7386.0,1.0,7378.0,1.0,36,7386.0,7388.0,19,7426.0,7368.0,7398.0,7352.0,14900.0,109932200.0,220658
2023-05-11 09:03:47,SF2307,SF2307,7386.0,16.0,118048.0,11.0,29,7386.0,7388.0,17,7426.0,7368.0,7398.0,7352.0,14916.0,110050248.0,220669
2023-05-11 09:03:48,SF2307,SF2307,7386.0,7.0,51646.0,-1.0,23,7386.0,7388.0,12,7426.0,7368.0,7398.0,7352.0,14923.0,110101894.0,220668
2023-05-11 09:03:48,SF2307,SF2307,7388.0,1.0,7378.0,-1.0,25,7386.0,7388.0,12,7426.0,7368.0,7398.0,7352.0,14924.0,110109272.0,220667
2023-05-11 09:03:49,SF2307,SF2307,7386.0,1.0,7378.0,1.0,24,7386.0,7388.0,14,7426.0,7368.0,7398.0,7352.0,14925.0,110116650.0,220668
2023-05-11 09:03:50,SF2307,SF2307,7388.0,2.0,14756.0,0.0,22,7386.0,7388.0,17,7426.0,7368.0,7398.0,7352.0,14927.0,110131406.0,220668
2023-05-11 09:03:50,SF2307,SF2307,7388.0,6.0,44268.0,6.0,22,7386.0,7388.0,14,7426.0,7368.0,7398.0,7352.0,14933.0,110175674.0,220674
2023-05-11 09:03:51,SF2307,SF2307,7388.0,45.0,332010.0,-7.0,50,7386.0,7388.0,8,7426.0,7368.0,7398.0,7352.0,14978.0,110507684.0,220667
2023-05-11 09:03:51,SF2307,SF2307,7388.0,13.0,95914.0,12.0,29,7386.0,7388.0,5,7426.0,7368.0,7398.0,7352.0,14991.0,110603598.0,220679
2023-05-11 09:03:52,SF2307,SF2307,7386.0,47.0,346766.0,12.0,115,7384.0,7388.0,13,7426.0,7368.0,7398.0,7352.0,15038.0,110950364.0,220691
2023-05-11 09:03:52,SF2307,SF2307,7384.0,4.0,29512.0,2.0,97,7384.0,7386.0,9,7426.0,7368.0,7398.0,7352.0,15042.0,110979876.0,220693
2023-05-11 09:03:53,SF2307,SF2307,7384.0,0.0,0.0,0.0,65,7384.0,7386.0,26,7426.0,7368.0,7398.0,7352.0,15042.0,110979876.0,220693
2023-05-11 09:03:53,SF2307,SF2307,7384.0,12.0,88536.0,3.0,59,7384.0,7386.0,18,7426.0,7368.0,7398.0,7352.0,15054.0,111068412.0,220696
2023-05-11 09:03:54,SF2307,SF2307,7386.0,22.0,162316.0,0.0,62,7384.0,7386.0,9,7426.0,7368.0,7398.0,7352.0,15076.0,111230728.0,220696
2023-05-11 09:03:54,SF2307,SF2307,7386.0,10.0,73780.0,2.0,73,7384.0,7388.0,56,7426.0,7368.0,7398.0,7352.0,15086.0,111304508.0,220698
2023-05-11 09:03:55,SF2307,SF2307,7386.0,2.0,14756.0,2.0,4,7386.0,7388.0,38,7426.0,7368.0,7398.0,7352.0,15088.0,111319264.0,220700
2023-05-11 09:03:55,SF2307,SF2307,7386.0,0.0,0.0,0.0,3,7386.0,7388.0,39,7426.0,7368.0,7398.0,7352.0,15088.0,111319264.0,220700
2023-05-11 09:03:57,SF2307,SF2307,7386.0,6.0,44268.0,-1.0,76,7384.0,7386.0,1,7426.0,7368.0,7398.0,7352.0,15094.0,111363532.0,220699
2023-05-11 09:03:57,SF2307,SF2307,7386.0,3.0,22134.0,2.0,14,7384.0,7386.0,18,7426.0,7368.0,7398.0,7352.0,15097.0,111385666.0,220701
2023-05-11 09:03:58,SF2307,SF2307,7384.0,17.0,125426.0,-3.0,36,7382.0,7384.0,8,7426.0,7368.0,7398.0,7352.0,15114.0,111511092.0,220698
2023-05-11 09:03:58,SF2307,SF2307,7384.0,0.0,0.0,0.0,41,7382.0,7384.0,13,7426.0,7368.0,7398.0,7352.0,15114.0,111511092.0,220698
2023-05-11 09:03:59,SF2307,SF2307,7384.0,1.0,7378.0,0.0,41,7382.0,7384.0,13,7426.0,7368.0,7398.0,7352.0,15115.0,111518470.0,220698
2023-05-11 09:03:59,SF2307,SF2307,7384.0,6.0,44268.0,-4.0,48,7382.0,7384.0,10,7426.0,7368.0,7398.0,7352.0,15121.0,111562738.0,220694
2023-05-11 09:04:00,SF2307,SF2307,7382.0,9.0,66402.0,-3.0,62,7382.0,7384.0,10,7426.0,7368.0,7398.0,7352.0,15130.0,111629140.0,220691
2023-05-11 09:04:00,SF2307,SF2307,7384.0,13.0,95914.0,12.0,3,7384.0,7386.0,56,7426.0,7368.0,7398.0,7352.0,15143.0,111725054.0,220703
2023-05-11 09:04:01,SF2307,SF2307,7384.0,6.0,44268.0,2.0,14,7384.0,7386.0,29,7426.0,7368.0,7398.0,7352.0,15149.0,111769322.0,220705
2023-05-11 09:04:01,SF2307,SF2307,7384.0,0.0,0.0,0.0,15,7384.0,7386.0,29,7426.0,7368.0,7398.0,7352.0,15149.0,111769322.0,220705
2023-05-11 09:04:02,SF2307,SF2307,7386.0,2.0,14756.0,1.0,18,7384.0,7386.0,29,7426.0,7368.0,7398.0,7352.0,15151.0,111784078.0,220706
2023-05-11 09:04:02,SF2307,SF2307,7386.0,0.0,0.0,0.0,18,7384.0,7386.0,40,7426.0,7368.0,7398.0,7352.0,15151.0,111784078.0,220706
2023-05-11 09:04:03,SF2307,SF2307,7384.0,6.0,44268.0,0.0,10,7384.0,7386.0,43,7426.0,7368.0,7398.0,7352.0,15157.0,111828346.0,220706
2023-05-11 09:04:03,SF2307,SF2307,7380.0,80.0,590240.0,41.0,18,7380.0,7382.0,65,7426.0,7368.0,7398.0,7352.0,15237.0,112418586.0,220747
2023-05-11 09:04:04,SF2307,SF2307,7376.0,39.0,287742.0,18.0,67,7376.0,7378.0,16,7426.0,7368.0,7398.0,7352.0,15276.0,112706328.0,220765
2023-05-11 09:04:04,SF2307,SF2307,7378.0,32.0,236096.0,-5.0,11,7378.0,7380.0,34,7426.0,7368.0,7398.0,7352.0,15308.0,112942424.0,220760
2023-05-11 09:04:05,SF2307,SF2307,7378.0,9.0,66402.0,-2.0,9,7378.0,7380.0,28,7426.0,7368.0,7398.0,7352.0,15317.0,113008826.0,220758
2023-05-11 09:04:05,SF2307,SF2307,7378.0,14.0,103292.0,2.0,91,7376.0,7378.0,2,7426.0,7368.0,7398.0,7352.0,15331.0,113112118.0,220760
2023-05-11 09:04:06,SF2307,SF2307,7378.0,9.0,66402.0,-3.0,7,7378.0,7380.0,18,7426.0,7368.0,7398.0,7352.0,15340.0,113178520.0,220757
2023-05-11 09:04:06,SF2307,SF2307,7378.0,3.0,22134.0,0.0,11,7378.0,7380.0,19,7426.0,7368.0,7398.0,7352.0,15343.0,113200654.0,220757
2023-05-11 09:04:07,SF2307,SF2307,7378.0,12.0,88536.0,-9.0,4,7378.0,7380.0,38,7426.0,7368.0,7398.0,7352.0,15355.0,113289190.0,220748
2023-05-11 09:04:07,SF2307,SF2307,7380.0,6.0,44268.0,-4.0,5,7378.0,7380.0,40,7426.0,7368.0,7398.0,7352.0,15361.0,113333458.0,220744
2023-05-11 09:04:08,SF2307,SF2307,7378.0,16.0,118048.0,-4.0,1,7378.0,7380.0,31,7426.0,7368.0,7398.0,7352.0,15377.0,113451506.0,220740
2023-05-11 09:04:08,SF2307,SF2307,7380.0,34.0,250852.0,-10.0,42,7378.0,7380.0,6,7426.0,7368.0,7398.0,7352.0,15411.0,113702358.0,220730
2023-05-11 09:04:09,SF2307,SF2307,7382.0,30.0,221340.0,16.0,13,7380.0,7382.0,5,7426.0,7368.0,7398.0,7352.0,15441.0,113923698.0,220746
2023-05-11 09:04:09,SF2307,SF2307,7380.0,5.0,36890.0,3.0,25,7380.0,7382.0,4,7426.0,7368.0,7398.0,7352.0,15446.0,113960588.0,220749
2023-05-11 09:04:10,SF2307,SF2307,7380.0,0.0,0.0,0.0,38,7380.0,7382.0,5,7426.0,7368.0,7398.0,7352.0,15446.0,113960588.0,220749
2023-05-11 09:04:10,SF2307,SF2307,7382.0,3.0,22134.0,0.0,43,7380.0,7382.0,3,7426.0,7368.0,7398.0,7352.0,15449.0,113982722.0,220749
2023-05-11 09:04:11,SF2307,SF2307,7382.0,6.0,44268.0,4.0,4,7382.0,7384.0,24,7426.0,7368.0,7398.0,7352.0,15455.0,114026990.0,220753
2023-05-11 09:04:11,SF2307,SF2307,7384.0,10.0,73780.0,4.0,16,7382.0,7384.0,15,7426.0,7368.0,7398.0,7352.0,15465.0,114100770.0,220757
2023-05-11 09:04:12,SF2307,SF2307,7382.0,1.0,7378.0,1.0,18,7382.0,7384.0,21,7426.0,7368.0,7398.0,7352.0,15466.0,114108148.0,220758
2023-05-11 09:04:12,SF2307,SF2307,7382.0,18.0,132804.0,-7.0,41,7380.0,7382.0,16,7426.0,7368.0,7398.0,7352.0,15484.0,114240952.0,220751
2023-05-11 09:04:13,SF2307,SF2307,7380.0,6.0,44268.0,-1.0,7,7380.0,7382.0,14,7426.0,7368.0,7398.0,7352.0,15490.0,114285220.0,220750
2023-05-11 09:04:13,SF2307,SF2307,7380.0,1.0,7378.0,0.0,6,7380.0,7382.0,19,7426.0,7368.0,7398.0,7352.0,15491.0,114292598.0,220750
2023-05-11 09:04:14,SF2307,SF2307,7380.0,2.0,14756.0,1.0,15,7380.0,7382.0,24,7426.0,7368.0,7398.0,7352.0,15493.0,114307354.0,220751
2023-05-11 09:04:14,SF2307,SF2307,7382.0,5.0,36890.0,0.0,7,7380.0,7382.0,19,7426.0,7368.0,7398.0,7352.0,15498.0,114344244.0,220751
2023-05-11 09:04:15,SF2307,SF2307,7380.0,3.0,22134.0,3.0,4,7380.0,7382.0,18,7426.0,7368.0,7398.0,7352.0,15501.0,114366378.0,220754
2023-05-11 09:04:15,SF2307,SF2307,7380.0,7.0,51646.0,5.0,97,7378.0,7380.0,3,7426.0,7368.0,7398.0,7352.0,15508.0,114418024.0,220759
2023-05-11 09:04:16,SF2307,SF2307,7380.0,8.0,59024.0,5.0,111,7378.0,7380.0,1,7426.0,7368.0,7398.0,7352.0,15516.0,114477048.0,220764
2023-05-11 09:04:16,SF2307,SF2307,7380.0,2.0,14756.0,2.0,24,7380.0,7382.0,13,7426.0,7368.0,7398.0,7352.0,15518.0,114491804.0,220766
2023-05-11 09:04:17,SF2307,SF2307,7380.0,2.0,14756.0,-1.0,31,7380.0,7382.0,16,7426.0,7368.0,7398.0,7352.0,15520.0,114506560.0,220765
2023-05-11 09:04:17,SF2307,SF2307,7382.0,19.0,140182.0,5.0,27,7380.0,7384.0,37,7426.0,7368.0,7398.0,7352.0,15539.0,114646742.0,220770
2023-05-11 09:04:18,SF2307,SF2307,7382.0,3.0,22134.0,3.0,15,7382.0,7384.0,15,7426.0,7368.0,7398.0,7352.0,15542.0,114668876.0,220773
2023-05-11 09:04:18,SF2307,SF2307,7382.0,0.0,0.0,0.0,21,7382.0,7384.0,15,7426.0,7368.0,7398.0,7352.0,15542.0,114668876.0,220773
2023-05-11 09:04:19,SF2307,SF2307,7382.0,0.0,0.0,0.0,22,7382.0,7384.0,14,7426.0,7368.0,7398.0,7352.0,15542.0,114668876.0,220773
2023-05-11 09:04:19,SF2307,SF2307,7384.0,5.0,36890.0,4.0,11,7382.0,7384.0,18,7426.0,7368.0,7398.0,7352.0,15547.0,114705766.0,220777
2023-05-11 09:04:20,SF2307,SF2307,7382.0,3.0,22134.0,1.0,8,7382.0,7384.0,20,7426.0,7368.0,7398.0,7352.0,15550.0,114727900.0,220778
2023-05-11 09:04:20,SF2307,SF2307,7382.0,25.0,184450.0,18.0,3,7382.0,7384.0,21,7426.0,7368.0,7398.0,7352.0,15575.0,114912350.0,220796
2023-05-11 09:04:21,SF2307,SF2307,7382.0,3.0,22134.0,1.0,9,7382.0,7384.0,22,7426.0,7368.0,7398.0,7352.0,15578.0,114934484.0,220797
2023-05-11 09:04:21,SF2307,SF2307,7382.0,0.0,0.0,0.0,10,7382.0,7384.0,22,7426.0,7368.0,7398.0,7352.0,15578.0,114934484.0,220797
2023-05-11 09:04:22,SF2307,SF2307,7382.0,14.0,103292.0,7.0,5,7382.0,7384.0,22,7426.0,7368.0,7398.0,7352.0,15592.0,115037776.0,220804
2023-05-11 09:04:22,SF2307,SF2307,7382.0,0.0,0.0,0.0,5,7382.0,7384.0,23,7426.0,7368.0,7398.0,7352.0,15592.0,115037776.0,220804
2023-05-11 09:04:23,SF2307,SF2307,7382.0,4.0,29512.0,0.0,5,7382.0,7384.0,20,7426.0,7368.0,7398.0,7352.0,15596.0,115067288.0,220804
2023-05-11 09:04:24,SF2307,SF2307,7382.0,29.0,213962.0,-9.0,67,7380.0,7382.0,2,7426.0,7368.0,7398.0,7352.0,15625.0,115281250.0,220795
2023-05-11 09:04:24,SF2307,SF2307,7382.0,16.0,118048.0,9.0,41,7380.0,7382.0,2,7426.0,7368.0,7398.0,7352.0,15641.0,115399298.0,220804
2023-05-11 09:04:25,SF2307,SF2307,7382.0,6.0,44268.0,-2.0,48,7380.0,7384.0,85,7426.0,7368.0,7398.0,7352.0,15647.0,115443566.0,220802
2023-05-11 09:04:25,SF2307,SF2307,7382.0,14.0,103292.0,2.0,3,7382.0,7384.0,51,7426.0,7368.0,7398.0,7352.0,15661.0,115546858.0,220804
2023-05-11 09:04:26,SF2307,SF2307,7382.0,4.0,29512.0,0.0,8,7382.0,7384.0,43,7426.0,7368.0,7398.0,7352.0,15665.0,115576370.0,220804
2023-05-11 09:04:26,SF2307,SF2307,7382.0,0.0,0.0,0.0,11,7382.0,7384.0,43,7426.0,7368.0,7398.0,7352.0,15665.0,115576370.0,220804
2023-05-11 09:04:27,SF2307,SF2307,7384.0,1.0,7378.0,0.0,11,7382.0,7384.0,43,7426.0,7368.0,7398.0,7352.0,15666.0,115583748.0,220804
2023-05-11 09:04:28,SF2307,SF2307,7382.0,4.0,29512.0,3.0,28,7382.0,7384.0,40,7426.0,7368.0,7398.0,7352.0,15670.0,115613260.0,220807
2023-05-11 09:04:28,SF2307,SF2307,7382.0,0.0,0.0,0.0,18,7382.0,7384.0,40,7426.0,7368.0,7398.0,7352.0,15670.0,115613260.0,220807
2023-05-11 09:04:29,SF2307,SF2307,7384.0,4.0,29512.0,3.0,3,7382.0,7384.0,40,7426.0,7368.0,7398.0,7352.0,15674.0,115642772.0,220810
2023-05-11 09:04:29,SF2307,SF2307,7382.0,1.0,7378.0,1.0,62,7380.0,7384.0,49,7426.0,7368.0,7398.0,7352.0,15675.0,115650150.0,220811
2023-05-11 09:04:30,SF2307,SF2307,7380.0,2.0,14756.0,1.0,55,7380.0,7382.0,10,7426.0,7368.0,7398.0,7352.0,15677.0,115664906.0,220812
2023-05-11 09:04:30,SF2307,SF2307,7382.0,23.0,169694.0,21.0,44,7380.0,7382.0,11,7426.0,7368.0,7398.0,7352.0,15700.0,115834600.0,220833
2023-05-11 09:04:31,SF2307,SF2307,7382.0,0.0,0.0,0.0,45,7380.0,7382.0,11,7426.0,7368.0,7398.0,7352.0,15700.0,115834600.0,220833
2023-05-11 09:04:31,SF2307,SF2307,7380.0,6.0,44268.0,3.0,47,7380.0,7382.0,11,7426.0,7368.0,7398.0,7352.0,15706.0,115878868.0,220836
2023-05-11 09:04:32,SF2307,SF2307,7380.0,0.0,0.0,0.0,47,7380.0,7382.0,13,7426.0,7368.0,7398.0,7352.0,15706.0,115878868.0,220836
2023-05-11 09:04:32,SF2307,SF2307,7380.0,5.0,36890.0,5.0,44,7380.0,7382.0,13,7426.0,7368.0,7398.0,7352.0,15711.0,115915758.0,220841
2023-05-11 09:04:33,SF2307,SF2307,7382.0,15.0,110670.0,8.0,122,7382.0,7384.0,79,7426.0,7368.0,7398.0,7352.0,15726.0,116026428.0,220849
2023-05-11 09:04:33,SF2307,SF2307,7382.0,8.0,59024.0,1.0,152,7382.0,7384.0,66,7426.0,7368.0,7398.0,7352.0,15734.0,116085452.0,220850
2023-05-11 09:04:34,SF2307,SF2307,7382.0,11.0,81158.0,0.0,131,7382.0,7384.0,76,7426.0,7368.0,7398.0,7352.0,15745.0,116166610.0,220850
2023-05-11 09:04:34,SF2307,SF2307,7382.0,3.0,22134.0,0.0,134,7382.0,7384.0,68,7426.0,7368.0,7398.0,7352.0,15748.0,116188744.0,220850
2023-05-11 09:04:35,SF2307,SF2307,7382.0,1.0,7378.0,0.0,133,7382.0,7384.0,68,7426.0,7368.0,7398.0,7352.0,15749.0,116196122.0,220850
2023-05-11 09:04:35,SF2307,SF2307,7384.0,4.0,29512.0,-1.0,132,7382.0,7384.0,69,7426.0,7368.0,7398.0,7352.0,15753.0,116225634.0,220849
2023-05-11 09:04:36,SF2307,SF2307,7382.0,19.0,140182.0,1.0,118,7382.0,7384.0,65,7426.0,7368.0,7398.0,7352.0,15772.0,116365816.0,220850
2023-05-11 09:04:37,SF2307,SF2307,7384.0,3.0,22134.0,3.0,118,7382.0,7384.0,65,7426.0,7368.0,7398.0,7352.0,15775.0,116387950.0,220853
2023-05-11 09:04:37,SF2307,SF2307,7384.0,2.0,14756.0,2.0,118,7382.0,7384.0,63,7426.0,7368.0,7398.0,7352.0,15777.0,116402706.0,220855
2023-05-11 09:04:38,SF2307,SF2307,7384.0,3.0,22134.0,1.0,118,7382.0,7384.0,60,7426.0,7368.0,7398.0,7352.0,15780.0,116424840.0,220856
2023-05-11 09:04:38,SF2307,SF2307,7384.0,1.0,7378.0,0.0,117,7382.0,7384.0,59,7426.0,7368.0,7398.0,7352.0,15781.0,116432218.0,220856
2023-05-11 09:04:39,SF2307,SF2307,7384.0,0.0,0.0,0.0,127,7382.0,7384.0,58,7426.0,7368.0,7398.0,7352.0,15781.0,116432218.0,220856
2023-05-11 09:04:39,SF2307,SF2307,7384.0,0.0,0.0,0.0,85,7382.0,7384.0,60,7426.0,7368.0,7398.0,7352.0,15781.0,116432218.0,220856
2023-05-11 09:04:40,SF2307,SF2307,7382.0,1.0,7378.0,0.0,85,7382.0,7384.0,60,7426.0,7368.0,7398.0,7352.0,15782.0,116439596.0,220856
2023-05-11 09:04:40,SF2307,SF2307,7384.0,62.0,457436.0,-19.0,156,7382.0,7384.0,3,7426.0,7368.0,7398.0,7352.0,15844.0,116897032.0,220837
2023-05-11 09:04:41,SF2307,SF2307,7386.0,57.0,420546.0,1.0,84,7384.0,7386.0,2,7426.0,7368.0,7398.0,7352.0,15901.0,117317578.0,220838
2023-05-11 09:04:41,SF2307,SF2307,7386.0,4.0,29512.0,1.0,43,7386.0,7388.0,46,7426.0,7368.0,7398.0,7352.0,15905.0,117347090.0,220839
2023-05-11 09:04:42,SF2307,SF2307,7386.0,0.0,0.0,0.0,43,7386.0,7388.0,35,7426.0,7368.0,7398.0,7352.0,15905.0,117347090.0,220839
2023-05-11 09:04:42,SF2307,SF2307,7386.0,1.0,7378.0,-1.0,42,7386.0,7388.0,35,7426.0,7368.0,7398.0,7352.0,15906.0,117354468.0,220838
2023-05-11 09:04:43,SF2307,SF2307,7386.0,10.0,73780.0,10.0,30,7386.0,7388.0,33,7426.0,7368.0,7398.0,7352.0,15916.0,117428248.0,220848
2023-05-11 09:04:43,SF2307,SF2307,7386.0,1.0,7378.0,0.0,29,7386.0,7388.0,35,7426.0,7368.0,7398.0,7352.0,15917.0,117435626.0,220848
2023-05-11 09:04:44,SF2307,SF2307,7386.0,1.0,7378.0,1.0,28,7386.0,7388.0,34,7426.0,7368.0,7398.0,7352.0,15918.0,117443004.0,220849
2023-05-11 09:04:45,SF2307,SF2307,7386.0,28.0,206584.0,5.0,125,7384.0,7388.0,38,7426.0,7368.0,7398.0,7352.0,15946.0,117649588.0,220854
2023-05-11 09:04:45,SF2307,SF2307,7386.0,3.0,22134.0,1.0,53,7384.0,7386.0,25,7426.0,7368.0,7398.0,7352.0,15949.0,117671722.0,220855
2023-05-11 09:04:46,SF2307,SF2307,7386.0,0.0,0.0,0.0,30,7384.0,7386.0,25,7426.0,7368.0,7398.0,7352.0,15949.0,117671722.0,220855
2023-05-11 09:04:46,SF2307,SF2307,7386.0,27.0,199206.0,-16.0,10,7386.0,7388.0,117,7426.0,7368.0,7398.0,7352.0,15976.0,117870928.0,220839
2023-05-11 09:04:47,SF2307,SF2307,7386.0,1.0,7378.0,0.0,80,7386.0,7388.0,25,7426.0,7368.0,7398.0,7352.0,15977.0,117878306.0,220839
2023-05-11 09:04:47,SF2307,SF2307,7386.0,29.0,213962.0,0.0,61,7386.0,7388.0,23,7426.0,7368.0,7398.0,7352.0,16006.0,118092268.0,220839
2023-05-11 09:04:48,SF2307,SF2307,7386.0,3.0,22134.0,-1.0,58,7386.0,7388.0,25,7426.0,7368.0,7398.0,7352.0,16009.0,118114402.0,220838
2023-05-11 09:04:48,SF2307,SF2307,7386.0,49.0,361522.0,-1.0,68,7384.0,7386.0,28,7426.0,7368.0,7398.0,7352.0,16058.0,118475924.0,220837
2023-05-11 09:04:49,SF2307,SF2307,7384.0,3.0,22134.0,-1.0,30,7384.0,7386.0,35,7426.0,7368.0,7398.0,7352.0,16061.0,118498058.0,220836
2023-05-11 09:04:49,SF2307,SF2307,7386.0,3.0,22134.0,2.0,33,7384.0,7386.0,26,7426.0,7368.0,7398.0,7352.0,16064.0,118520192.0,220838
2023-05-11 09:04:50,SF2307,SF2307,7384.0,20.0,147560.0,-7.0,13,7384.0,7386.0,28,7426.0,7368.0,7398.0,7352.0,16084.0,118667752.0,220831
2023-05-11 09:04:50,SF2307,SF2307,7384.0,2.0,14756.0,0.0,10,7384.0,7386.0,44,7426.0,7368.0,7398.0,7352.0,16086.0,118682508.0,220831
2023-05-11 09:04:51,SF2307,SF2307,7384.0,5.0,36890.0,3.0,5,7384.0,7386.0,45,7426.0,7368.0,7398.0,7352.0,16091.0,118719398.0,220834
2023-05-11 09:04:51,SF2307,SF2307,7384.0,0.0,0.0,0.0,5,7384.0,7386.0,46,7426.0,7368.0,7398.0,7352.0,16091.0,118719398.0,220834
2023-05-11 09:04:52,SF2307,SF2307,7384.0,1.0,7378.0,0.0,4,7384.0,7386.0,52,7426.0,7368.0,7398.0,7352.0,16092.0,118726776.0,220834
2023-05-11 09:04:53,SF2307,SF2307,7384.0,0.0,0.0,0.0,4,7384.0,7386.0,59,7426.0,7368.0,7398.0,7352.0,16092.0,118726776.0,220834
2023-05-11 09:04:53,SF2307,SF2307,7384.0,0.0,0.0,0.0,4,7384.0,7386.0,49,7426.0,7368.0,7398.0,7352.0,16092.0,118726776.0,220834
2023-05-11 09:04:54,SF2307,SF2307,7384.0,4.0,29512.0,-4.0,206,7382.0,7386.0,59,7426.0,7368.0,7398.0,7352.0,16096.0,118756288.0,220830
2023-05-11 09:04:54,SF2307,SF2307,7384.0,7.0,51646.0,3.0,195,7382.0,7384.0,2,7426.0,7368.0,7398.0,7352.0,16103.0,118807934.0,220833
2023-05-11 09:04:55,SF2307,SF2307,7382.0,2.0,14756.0,1.0,182,7382.0,7384.0,9,7426.0,7368.0,7398.0,7352.0,16105.0,118822690.0,220834
2023-05-11 09:04:55,SF2307,SF2307,7384.0,17.0,125426.0,1.0,166,7382.0,7384.0,12,7426.0,7368.0,7398.0,7352.0,16122.0,118948116.0,220835
2023-05-11 09:04:56,SF2307,SF2307,7384.0,4.0,29512.0,1.0,178,7382.0,7384.0,8,7426.0,7368.0,7398.0,7352.0,16126.0,118977628.0,220836
2023-05-11 09:04:56,SF2307,SF2307,7384.0,1.0,7378.0,1.0,188,7382.0,7384.0,11,7426.0,7368.0,7398.0,7352.0,16127.0,118985006.0,220837
2023-05-11 09:04:57,SF2307,SF2307,7384.0,5.0,36890.0,4.0,188,7382.0,7384.0,9,7426.0,7368.0,7398.0,7352.0,16132.0,119021896.0,220841
2023-05-11 09:04:57,SF2307,SF2307,7384.0,1.0,7378.0,1.0,189,7382.0,7384.0,11,7426.0,7368.0,7398.0,7352.0,16133.0,119029274.0,220842
2023-05-11 09:04:58,SF2307,SF2307,7384.0,0.0,0.0,0.0,189,7382.0,7384.0,12,7426.0,7368.0,7398.0,7352.0,16133.0,119029274.0,220842
2023-05-11 09:04:58,SF2307,SF2307,7384.0,1.0,7378.0,1.0,189,7382.0,7384.0,12,7426.0,7368.0,7398.0,7352.0,16134.0,119036652.0,220843
2023-05-11 09:04:59,SF2307,SF2307,7384.0,31.0,228718.0,20.0,6,7384.0,7386.0,56,7426.0,7368.0,7398.0,7352.0,16165.0,119265370.0,220863
2023-05-11 09:04:59,SF2307,SF2307,7384.0,8.0,59024.0,0.0,141,7382.0,7384.0,8,7426.0,7368.0,7398.0,7352.0,16173.0,119324394.0,220863
2023-05-11 09:05:00,SF2307,SF2307,7382.0,12.0,88536.0,-4.0,137,7382.0,7384.0,35,7426.0,7368.0,7398.0,7352.0,16185.0,119412930.0,220859
2023-05-11 09:05:00,SF2307,SF2307,7382.0,114.0,841092.0,30.0,23,7380.0,7382.0,46,7426.0,7368.0,7398.0,7352.0,16299.0,120254022.0,220889
2023-05-11 09:05:01,SF2307,SF2307,7380.0,15.0,110670.0,2.0,27,7380.0,7382.0,53,7426.0,7368.0,7398.0,7352.0,16314.0,120364692.0,220891
2023-05-11 09:05:01,SF2307,SF2307,7380.0,4.0,29512.0,4.0,24,7380.0,7382.0,54,7426.0,7368.0,7398.0,7352.0,16318.0,120394204.0,220895
2023-05-11 09:05:02,SF2307,SF2307,7380.0,8.0,59024.0,8.0,16,7380.0,7382.0,57,7426.0,7368.0,7398.0,7352.0,16326.0,120453228.0,220903
2023-05-11 09:05:02,SF2307,SF2307,7380.0,124.0,914872.0,35.0,67,7378.0,7380.0,25,7426.0,7368.0,7398.0,7352.0,16450.0,121368100.0,220938
2023-05-11 09:05:03,SF2307,SF2307,7378.0,41.0,302498.0,4.0,71,7378.0,7380.0,44,7426.0,7368.0,7398.0,7352.0,16491.0,121670598.0,220942
2023-05-11 09:05:03,SF2307,SF2307,7380.0,19.0,140182.0,2.0,62,7378.0,7380.0,48,7426.0,7368.0,7398.0,7352.0,16510.0,121810780.0,220944
2023-05-11 09:05:04,SF2307,SF2307,7378.0,4.0,29512.0,0.0,57,7378.0,7380.0,62,7426.0,7368.0,7398.0,7352.0,16514.0,121840292.0,220944
2023-05-11 09:05:04,SF2307,SF2307,7380.0,5.0,36890.0,-1.0,50,7378.0,7380.0,62,7426.0,7368.0,7398.0,7352.0,16519.0,121877182.0,220943
2023-05-11 09:05:05,SF2307,SF2307,7378.0,1.0,7378.0,1.0,69,7378.0,7380.0,52,7426.0,7368.0,7398.0,7352.0,16520.0,121884560.0,220944
2023-05-11 09:05:05,SF2307,SF2307,7378.0,4.0,29512.0,4.0,68,7378.0,7380.0,35,7426.0,7368.0,7398.0,7352.0,16524.0,121914072.0,220948
2023-05-11 09:05:06,SF2307,SF2307,7380.0,96.0,708288.0,45.0,7,7380.0,7382.0,105,7426.0,7368.0,7398.0,7352.0,16620.0,122622360.0,220993
2023-05-11 09:05:06,SF2307,SF2307,7380.0,6.0,44268.0,-3.0,22,7380.0,7382.0,22,7426.0,7368.0,7398.0,7352.0,16626.0,122666628.0,220990
2023-05-11 09:05:07,SF2307,SF2307,7382.0,5.0,36890.0,1.0,33,7380.0,7382.0,16,7426.0,7368.0,7398.0,7352.0,16631.0,122703518.0,220991
2023-05-11 09:05:07,SF2307,SF2307,7382.0,16.0,118048.0,13.0,4,7382.0,7384.0,103,7426.0,7368.0,7398.0,7352.0,16647.0,122821566.0,221004
2023-05-11 09:05:08,SF2307,SF2307,7382.0,1.0,7378.0,1.0,17,7382.0,7384.0,49,7426.0,7368.0,7398.0,7352.0,16648.0,122828944.0,221005
2023-05-11 09:05:08,SF2307,SF2307,7382.0,2.0,14756.0,1.0,24,7382.0,7384.0,49,7426.0,7368.0,7398.0,7352.0,16650.0,122843700.0,221006
2023-05-11 09:05:09,SF2307,SF2307,7382.0,0.0,0.0,0.0,34,7382.0,7384.0,49,7426.0,7368.0,7398.0,7352.0,16650.0,122843700.0,221006
2023-05-11 09:05:09,SF2307,SF2307,7384.0,49.0,361522.0,3.0,39,7382.0,7386.0,151,7426.0,7368.0,7398.0,7352.0,16699.0,123205222.0,221009
2023-05-11 09:05:10,SF2307,SF2307,7388.0,61.0,450058.0,-9.0,32,7384.0,7388.0,138,7426.0,7368.0,7398.0,7352.0,16760.0,123655280.0,221000
2023-05-11 09:05:10,SF2307,SF2307,7388.0,84.0,619752.0,-2.0,14,7386.0,7388.0,1,7426.0,7368.0,7398.0,7352.0,16844.0,124275032.0,220998
2023-05-11 09:05:11,SF2307,SF2307,7388.0,10.0,73780.0,6.0,51,7386.0,7388.0,1,7426.0,7368.0,7398.0,7352.0,16854.0,124348812.0,221004
2023-05-11 09:05:11,SF2307,SF2307,7384.0,84.0,619752.0,15.0,34,7384.0,7386.0,19,7426.0,7368.0,7398.0,7352.0,16938.0,124968564.0,221019
2023-05-11 09:05:12,SF2307,SF2307,7386.0,28.0,206584.0,-10.0,30,7384.0,7386.0,2,7426.0,7368.0,7398.0,7352.0,16966.0,125175148.0,221009
2023-05-11 09:05:12,SF2307,SF2307,7384.0,27.0,199206.0,-3.0,129,7382.0,7384.0,2,7426.0,7368.0,7398.0,7352.0,16993.0,125374354.0,221006
2023-05-11 09:05:13,SF2307,SF2307,7384.0,16.0,118048.0,4.0,67,7382.0,7384.0,4,7426.0,7368.0,7398.0,7352.0,17009.0,125492402.0,221010
2023-05-11 09:05:13,SF2307,SF2307,7380.0,66.0,486948.0,-5.0,75,7380.0,7382.0,14,7426.0,7368.0,7398.0,7352.0,17075.0,125979350.0,221005
2023-05-11 09:05:14,SF2307,SF2307,7382.0,57.0,420546.0,-28.0,83,7378.0,7382.0,44,7426.0,7368.0,7398.0,7352.0,17132.0,126399896.0,220977
2023-05-11 09:05:14,SF2307,SF2307,7380.0,42.0,309876.0,11.0,15,7378.0,7380.0,33,7426.0,7368.0,7398.0,7352.0,17174.0,126709772.0,220988
2023-05-11 09:05:15,SF2307,SF2307,7378.0,23.0,169694.0,7.0,22,7378.0,7380.0,38,7426.0,7368.0,7398.0,7352.0,17197.0,126879466.0,220995
2023-05-11 09:05:15,SF2307,SF2307,7380.0,31.0,228718.0,-8.0,19,7378.0,7380.0,30,7426.0,7368.0,7398.0,7352.0,17228.0,127108184.0,220987
2023-05-11 09:05:16,SF2307,SF2307,7380.0,31.0,228718.0,14.0,31,7380.0,7382.0,59,7426.0,7368.0,7398.0,7352.0,17259.0,127336902.0,221001
2023-05-11 09:05:16,SF2307,SF2307,7382.0,31.0,228718.0,10.0,32,7380.0,7382.0,20,7426.0,7368.0,7398.0,7352.0,17290.0,127565620.0,221011
2023-05-11 09:05:17,SF2307,SF2307,7382.0,0.0,0.0,0.0,17,7380.0,7382.0,23,7426.0,7368.0,7398.0,7352.0,17290.0,127565620.0,221011
2023-05-11 09:05:17,SF2307,SF2307,7380.0,11.0,81158.0,5.0,23,7380.0,7382.0,25,7426.0,7368.0,7398.0,7352.0,17301.0,127646778.0,221016
2023-05-11 09:05:18,SF2307,SF2307,7382.0,5.0,36890.0,-1.0,25,7380.0,7382.0,31,7426.0,7368.0,7398.0,7352.0,17306.0,127683668.0,221015
2023-05-11 09:05:18,SF2307,SF2307,7380.0,22.0,162316.0,-12.0,3,7380.0,7382.0,29,7426.0,7368.0,7398.0,7352.0,17328.0,127845984.0,221003
2023-05-11 09:05:19,SF2307,SF2307,7380.0,3.0,22134.0,-1.0,10,7380.0,7382.0,28,7426.0,7368.0,7398.0,7352.0,17331.0,127868118.0,221002
2023-05-11 09:05:19,SF2307,SF2307,7382.0,8.0,59024.0,-2.0,7,7380.0,7382.0,26,7426.0,7368.0,7398.0,7352.0,17339.0,127927142.0,221000
2023-05-11 09:05:20,SF2307,SF2307,7382.0,7.0,51646.0,-4.0,16,7380.0,7382.0,14,7426.0,7368.0,7398.0,7352.0,17346.0,127978788.0,220996
2023-05-11 09:05:20,SF2307,SF2307,7382.0,25.0,184450.0,-1.0,9,7380.0,7382.0,16,7426.0,7368.0,7398.0,7352.0,17371.0,128163238.0,220995
2023-05-11 09:05:21,SF2307,SF2307,7380.0,14.0,103292.0,-5.0,72,7378.0,7382.0,91,7426.0,7368.0,7398.0,7352.0,17385.0,128266530.0,220990
2023-05-11 09:05:21,SF2307,SF2307,7378.0,36.0,265608.0,6.0,108,7376.0,7380.0,45,7426.0,7368.0,7398.0,7352.0,17421.0,128532138.0,220996
2023-05-11 09:05:22,SF2307,SF2307,7374.0,43.0,317254.0,23.0,118,7374.0,7378.0,22,7426.0,7368.0,7398.0,7352.0,17464.0,128849392.0,221019
2023-05-11 09:05:22,SF2307,SF2307,7374.0,65.0,479570.0,53.0,76,7372.0,7374.0,7,7426.0,7368.0,7398.0,7352.0,17529.0,129328962.0,221072
2023-05-11 09:05:23,SF2307,SF2307,7374.0,28.0,206584.0,10.0,3,7374.0,7376.0,30,7426.0,7368.0,7398.0,7352.0,17557.0,129535546.0,221082
2023-05-11 09:05:23,SF2307,SF2307,7374.0,14.0,103292.0,8.0,9,7374.0,7376.0,73,7426.0,7368.0,7398.0,7352.0,17571.0,129638838.0,221090
2023-05-11 09:05:24,SF2307,SF2307,7374.0,1.0,7378.0,1.0,8,7374.0,7376.0,88,7426.0,7368.0,7398.0,7352.0,17572.0,129646216.0,221091
2023-05-11 09:05:24,SF2307,SF2307,7376.0,10.0,73780.0,4.0,63,7372.0,7374.0,1,7426.0,7368.0,7398.0,7352.0,17582.0,129719996.0,221095
2023-05-11 09:05:25,SF2307,SF2307,7374.0,8.0,59024.0,5.0,11,7374.0,7376.0,62,7426.0,7368.0,7398.0,7352.0,17590.0,129779020.0,221100
2023-05-11 09:05:25,SF2307,SF2307,7374.0,9.0,66402.0,5.0,50,7372.0,7374.0,18,7426.0,7368.0,7398.0,7352.0,17599.0,129845422.0,221105
2023-05-11 09:05:26,SF2307,SF2307,7374.0,7.0,51646.0,3.0,46,7372.0,7374.0,13,7426.0,7368.0,7398.0,7352.0,17606.0,129897068.0,221108
2023-05-11 09:05:26,SF2307,SF2307,7372.0,2.0,14756.0,2.0,32,7372.0,7374.0,102,7426.0,7368.0,7398.0,7352.0,17608.0,129911824.0,221110
2023-05-11 09:05:27,SF2307,SF2307,7372.0,23.0,169694.0,18.0,30,7372.0,7374.0,137,7426.0,7368.0,7398.0,7352.0,17631.0,130081518.0,221128
2023-05-11 09:05:27,SF2307,SF2307,7372.0,2.0,14756.0,1.0,15,7372.0,7374.0,128,7426.0,7368.0,7398.0,7352.0,17633.0,130096274.0,221129
2023-05-11 09:05:28,SF2307,SF2307,7372.0,15.0,110670.0,15.0,82,7370.0,7372.0,2,7426.0,7368.0,7398.0,7352.0,17648.0,130206944.0,221144
2023-05-11 09:05:28,SF2307,SF2307,7372.0,12.0,88536.0,8.0,46,7370.0,7372.0,30,7426.0,7368.0,7398.0,7352.0,17660.0,130295480.0,221152
2023-05-11 09:05:29,SF2307,SF2307,7370.0,1.0,7378.0,1.0,31,7370.0,7372.0,87,7426.0,7368.0,7398.0,7352.0,17661.0,130302858.0,221153
2023-05-11 09:05:29,SF2307,SF2307,7372.0,37.0,272986.0,13.0,4,7370.0,7372.0,91,7426.0,7368.0,7398.0,7352.0,17698.0,130575844.0,221166
2023-05-11 09:05:30,SF2307,SF2307,7370.0,7.0,51646.0,0.0,49,7368.0,7370.0,2,7426.0,7368.0,7398.0,7352.0,17705.0,130627490.0,221166
2023-05-11 09:05:30,SF2307,SF2307,7370.0,13.0,95914.0,8.0,35,7368.0,7370.0,13,7426.0,7368.0,7398.0,7352.0,17718.0,130723404.0,221174
2023-05-11 09:05:31,SF2307,SF2307,7370.0,18.0,132804.0,3.0,22,7368.0,7370.0,48,7426.0,7368.0,7398.0,7352.0,17736.0,130856208.0,221177
2023-05-11 09:05:31,SF2307,SF2307,7368.0,2.0,14756.0,2.0,9,7368.0,7370.0,67,7426.0,7368.0,7398.0,7352.0,17738.0,130870964.0,221179
2023-05-11 09:05:32,SF2307,SF2307,7368.0,11.0,81158.0,5.0,62,7366.0,7368.0,4,7426.0,7368.0,7398.0,7352.0,17749.0,130952122.0,221184
2023-05-11 09:05:32,SF2307,SF2307,7366.0,38.0,280364.0,15.0,13,7366.0,7368.0,1,7426.0,7368.0,7398.0,7352.0,17787.0,131232486.0,221199
2023-05-11 09:05:33,SF2307,SF2307,7366.0,23.0,169694.0,1.0,32,7366.0,7368.0,5,7426.0,7368.0,7398.0,7352.0,17810.0,131402180.0,221200
2023-05-11 09:05:33,SF2307,SF2307,7368.0,13.0,95914.0,-3.0,1,7368.0,7370.0,44,7426.0,7368.0,7398.0,7352.0,17823.0,131498094.0,221197
2023-05-11 09:05:34,SF2307,SF2307,7368.0,0.0,0.0,0.0,8,7368.0,7370.0,46,7426.0,7368.0,7398.0,7352.0,17823.0,131498094.0,221197
2023-05-11 09:05:34,SF2307,SF2307,7368.0,9.0,66402.0,-3.0,9,7366.0,7368.0,19,7426.0,7368.0,7398.0,7352.0,17832.0,131564496.0,221194
2023-05-11 09:05:35,SF2307,SF2307,7368.0,0.0,0.0,0.0,3,7366.0,7368.0,30,7426.0,7368.0,7398.0,7352.0,17832.0,131564496.0,221194
2023-05-11 09:05:35,SF2307,SF2307,7368.0,1.0,7378.0,0.0,3,7366.0,7368.0,47,7426.0,7368.0,7398.0,7352.0,17833.0,131571874.0,221194
2023-05-11 09:05:36,SF2307,SF2307,7368.0,9.0,66402.0,0.0,5,7366.0,7368.0,51,7426.0,7368.0,7398.0,7352.0,17842.0,131638276.0,221194
2023-05-11 09:05:36,SF2307,SF2307,7366.0,2.0,14756.0,0.0,6,7366.0,7368.0,38,7426.0,7368.0,7398.0,7352.0,17844.0,131653032.0,221194
2023-05-11 09:05:37,SF2307,SF2307,7368.0,7.0,51646.0,0.0,7,7366.0,7368.0,31,7426.0,7368.0,7398.0,7352.0,17851.0,131704678.0,221194
2023-05-11 09:05:37,SF2307,SF2307,7368.0,31.0,228718.0,14.0,9,7366.0,7368.0,16,7426.0,7368.0,7398.0,7352.0,17882.0,131933396.0,221208
2023-05-11 09:05:38,SF2307,SF2307,7366.0,44.0,324632.0,7.0,19,7366.0,7368.0,37,7426.0,7368.0,7398.0,7352.0,17926.0,132258028.0,221215
2023-05-11 09:05:38,SF2307,SF2307,7366.0,26.0,191828.0,13.0,1,7366.0,7368.0,37,7426.0,7368.0,7398.0,7352.0,17952.0,132449856.0,221228
2023-05-11 09:05:39,SF2307,SF2307,7366.0,1.0,7378.0,0.0,30,7364.0,7368.0,24,7426.0,7368.0,7398.0,7352.0,17953.0,132457234.0,221228
2023-05-11 09:05:39,SF2307,SF2307,7366.0,3.0,22134.0,-1.0,33,7364.0,7368.0,34,7426.0,7368.0,7398.0,7352.0,17956.0,132479368.0,221227
2023-05-11 09:05:40,SF2307,SF2307,7366.0,1.0,7378.0,0.0,1,7366.0,7368.0,37,7426.0,7368.0,7398.0,7352.0,17957.0,132486746.0,221227
2023-05-11 09:05:40,SF2307,SF2307,7366.0,5.0,36890.0,-4.0,1,7366.0,7368.0,48,7426.0,7368.0,7398.0,7352.0,17962.0,132523636.0,221223
2023-05-11 09:05:41,SF2307,SF2307,7366.0,4.0,29512.0,3.0,15,7364.0,7366.0,1,7426.0,7368.0,7398.0,7352.0,17966.0,132553148.0,221226
2023-05-11 09:05:41,SF2307,SF2307,7366.0,9.0,66402.0,-1.0,8,7366.0,7368.0,54,7426.0,7368.0,7398.0,7352.0,17975.0,132619550.0,221225
2023-05-11 09:05:42,SF2307,SF2307,7366.0,2.0,14756.0,1.0,2,7366.0,7368.0,89,7426.0,7368.0,7398.0,7352.0,17977.0,132634306.0,221226
2023-05-11 09:05:42,SF2307,SF2307,7366.0,24.0,177072.0,9.0,1,7366.0,7368.0,70,7426.0,7368.0,7398.0,7352.0,18001.0,132811378.0,221235
2023-05-11 09:05:43,SF2307,SF2307,7366.0,0.0,0.0,0.0,16,7366.0,7368.0,54,7426.0,7368.0,7398.0,7352.0,18001.0,132811378.0,221235
2023-05-11 09:05:43,SF2307,SF2307,7368.0,7.0,51646.0,5.0,19,7366.0,7368.0,49,7426.0,7368.0,7398.0,7352.0,18008.0,132863024.0,221240
2023-05-11 09:05:44,SF2307,SF2307,7368.0,14.0,103292.0,7.0,7,7366.0,7368.0,64,7426.0,7368.0,7398.0,7352.0,18022.0,132966316.0,221247
2023-05-11 09:05:44,SF2307,SF2307,7368.0,1.0,7378.0,0.0,27,7366.0,7368.0,52,7426.0,7368.0,7398.0,7352.0,18023.0,132973694.0,221247
2023-05-11 09:05:45,SF2307,SF2307,7368.0,50.0,368900.0,45.0,37,7366.0,7368.0,1,7426.0,7368.0,7398.0,7352.0,18073.0,133342594.0,221292
2023-05-11 09:05:45,SF2307,SF2307,7368.0,9.0,66402.0,8.0,33,7368.0,7370.0,30,7426.0,7368.0,7398.0,7352.0,18082.0,133408996.0,221300
2023-05-11 09:05:46,SF2307,SF2307,7368.0,4.0,29512.0,4.0,33,7368.0,7370.0,32,7426.0,7368.0,7398.0,7352.0,18086.0,133438508.0,221304
2023-05-11 09:05:46,SF2307,SF2307,7368.0,3.0,22134.0,3.0,38,7368.0,7370.0,35,7426.0,7368.0,7398.0,7352.0,18089.0,133460642.0,221307
2023-05-11 09:05:47,SF2307,SF2307,7368.0,3.0,22134.0,1.0,38,7368.0,7370.0,33,7426.0,7368.0,7398.0,7352.0,18092.0,133482776.0,221308
2023-05-11 09:05:47,SF2307,SF2307,7370.0,36.0,265608.0,18.0,42,7368.0,7372.0,98,7426.0,7368.0,7398.0,7352.0,18128.0,133748384.0,221326
2023-05-11 09:05:48,SF2307,SF2307,7370.0,7.0,51646.0,0.0,18,7370.0,7372.0,27,7426.0,7368.0,7398.0,7352.0,18135.0,133800030.0,221326
2023-05-11 09:05:48,SF2307,SF2307,7372.0,6.0,44268.0,-2.0,30,7370.0,7372.0,16,7426.0,7368.0,7398.0,7352.0,18141.0,133844298.0,221324
2023-05-11 09:05:49,SF2307,SF2307,7372.0,0.0,0.0,0.0,31,7370.0,7372.0,16,7426.0,7368.0,7398.0,7352.0,18141.0,133844298.0,221324
2023-05-11 09:05:50,SF2307,SF2307,7372.0,2.0,14756.0,1.0,37,7370.0,7372.0,14,7426.0,7368.0,7398.0,7352.0,18143.0,133859054.0,221325
2023-05-11 09:05:50,SF2307,SF2307,7372.0,0.0,0.0,0.0,59,7370.0,7372.0,12,7426.0,7368.0,7398.0,7352.0,18143.0,133859054.0,221325
2023-05-11 09:05:51,SF2307,SF2307,7370.0,14.0,103292.0,-7.0,2,7372.0,7374.0,64,7426.0,7368.0,7398.0,7352.0,18157.0,133962346.0,221318
2023-05-11 09:05:51,SF2307,SF2307,7370.0,0.0,0.0,0.0,82,7370.0,7374.0,35,7426.0,7368.0,7398.0,7352.0,18157.0,133962346.0,221318
2023-05-11 09:05:52,SF2307,SF2307,7370.0,0.0,0.0,0.0,4,7372.0,7374.0,35,7426.0,7368.0,7398.0,7352.0,18157.0,133962346.0,221318
2023-05-11 09:05:52,SF2307,SF2307,7372.0,3.0,22134.0,2.0,108,7370.0,7374.0,43,7426.0,7368.0,7398.0,7352.0,18160.0,133984480.0,221320
2023-05-11 09:05:53,SF2307,SF2307,7374.0,2.0,14756.0,2.0,3,7372.0,7374.0,34,7426.0,7368.0,7398.0,7352.0,18162.0,133999236.0,221322
2023-05-11 09:05:53,SF2307,SF2307,7374.0,0.0,0.0,0.0,2,7372.0,7374.0,34,7426.0,7368.0,7398.0,7352.0,18162.0,133999236.0,221322
2023-05-11 09:05:54,SF2307,SF2307,7374.0,16.0,118048.0,-10.0,91,7372.0,7376.0,76,7426.0,7368.0,7398.0,7352.0,18178.0,134117284.0,221312
2023-05-11 09:05:54,SF2307,SF2307,7374.0,30.0,221340.0,26.0,86,7372.0,7376.0,55,7426.0,7368.0,7398.0,7352.0,18208.0,134338624.0,221338
2023-05-11 09:05:55,SF2307,SF2307,7374.0,1.0,7378.0,-1.0,96,7372.0,7376.0,45,7426.0,7368.0,7398.0,7352.0,18209.0,134346002.0,221337
2023-05-11 09:05:55,SF2307,SF2307,7374.0,38.0,280364.0,18.0,85,7372.0,7374.0,16,7426.0,7368.0,7398.0,7352.0,18247.0,134626366.0,221355
2023-05-11 09:05:56,SF2307,SF2307,7370.0,103.0,759934.0,57.0,112,7370.0,7372.0,59,7426.0,7368.0,7398.0,7352.0,18350.0,135386300.0,221412
2023-05-11 09:05:56,SF2307,SF2307,7370.0,93.0,686154.0,55.0,41,7370.0,7372.0,69,7426.0,7368.0,7398.0,7352.0,18443.0,136072454.0,221467
2023-05-11 09:05:57,SF2307,SF2307,7370.0,8.0,59024.0,5.0,35,7370.0,7372.0,65,7426.0,7368.0,7398.0,7352.0,18451.0,136131478.0,221472
2023-05-11 09:05:57,SF2307,SF2307,7370.0,25.0,184450.0,24.0,10,7370.0,7372.0,78,7426.0,7368.0,7398.0,7352.0,18476.0,136315928.0,221496
2023-05-11 09:05:58,SF2307,SF2307,7372.0,16.0,118048.0,14.0,4,7370.0,7372.0,84,7426.0,7368.0,7398.0,7352.0,18492.0,136433976.0,221510
2023-05-11 09:05:58,SF2307,SF2307,7370.0,1.0,7378.0,0.0,4,7370.0,7372.0,84,7426.0,7368.0,7398.0,7352.0,18493.0,136441354.0,221510
2023-05-11 09:05:59,SF2307,SF2307,7370.0,0.0,0.0,0.0,4,7370.0,7372.0,85,7426.0,7368.0,7398.0,7352.0,18493.0,136441354.0,221510
2023-05-11 09:05:59,SF2307,SF2307,7370.0,4.0,29512.0,2.0,78,7368.0,7370.0,2,7426.0,7368.0,7398.0,7352.0,18497.0,136470866.0,221512
2023-05-11 09:06:00,SF2307,SF2307,7372.0,15.0,110670.0,5.0,13,7370.0,7372.0,127,7426.0,7368.0,7398.0,7352.0,18512.0,136581536.0,221517
2023-05-11 09:06:00,SF2307,SF2307,7374.0,187.0,1379686.0,11.0,24,7374.0,7376.0,34,7426.0,7368.0,7398.0,7352.0,18699.0,137961222.0,221528
2023-05-11 09:06:01,SF2307,SF2307,7374.0,7.0,51646.0,6.0,38,7374.0,7376.0,20,7426.0,7368.0,7398.0,7352.0,18706.0,138012868.0,221534
2023-05-11 09:06:01,SF2307,SF2307,7374.0,1.0,7378.0,0.0,36,7374.0,7376.0,26,7426.0,7368.0,7398.0,7352.0,18707.0,138020246.0,221534
2023-05-11 09:06:02,SF2307,SF2307,7374.0,1.0,7378.0,1.0,35,7374.0,7376.0,26,7426.0,7368.0,7398.0,7352.0,18708.0,138027624.0,221535
2023-05-11 09:06:03,SF2307,SF2307,7376.0,7.0,51646.0,3.0,41,7374.0,7376.0,20,7426.0,7368.0,7398.0,7352.0,18715.0,138079270.0,221538
2023-05-11 09:06:04,SF2307,SF2307,7374.0,22.0,162316.0,5.0,79,7374.0,7376.0,11,7426.0,7368.0,7398.0,7352.0,18737.0,138241586.0,221543
2023-05-11 09:06:04,SF2307,SF2307,7376.0,17.0,125426.0,11.0,22,7376.0,7378.0,45,7426.0,7368.0,7398.0,7352.0,18754.0,138367012.0,221554
2023-05-11 09:06:05,SF2307,SF2307,7376.0,10.0,73780.0,-4.0,14,7376.0,7378.0,76,7426.0,7368.0,7398.0,7352.0,18764.0,138440792.0,221550
