time,symbol_id,symbol_name,last,trade_volume,trade_amount,open_interest_change,bv1,bp1,ap1,av1,yesterday_close,today_open,today_high,today_low,volume,amount,open_interest
2023-05-11 08:35:24,OP10005382,500ETF沽12月7250,0.0,0.0,0.0,0.0,0,0.0,0.0,0,1.0952,0.0,0.0,0.0,0.0,0.0,570
2023-05-11 09:24:57,OP10005382,500ETF沽12月7250,0.0,0.0,0.0,0.0,1,1.027,1.1296,1,1.0952,0.0,0.0,0.0,0.0,0.0,570
2023-05-11 09:29:57,OP10005382,500ETF沽12月7250,0.0,0.0,0.0,0.0,1,1.027,1.1296,1,1.0952,0.0,0.0,0.0,0.0,0.0,570
2023-05-11 09:29:57,OP10005382,500ETF沽12月7250,0.0,0.0,0.0,0.0,1,1.027,1.1288,1,1.0952,0.0,0.0,0.0,0.0,0.0,570
2023-05-11 09:29:57,OP10005382,500ETF沽12月7250,0.0,0.0,0.0,0.0,20,1.0642,1.082,20,1.0952,0.0,0.0,0.0,0.0,0.0,570
2023-05-11 09:30:02,OP10005382,500ETF沽12月7250,0.0,0.0,0.0,0.0,20,1.0661,1.084,20,1.0952,0.0,0.0,0.0,0.0,0.0,570
2023-05-11 09:30:02,OP10005382,500ETF沽12月7250,0.0,0.0,0.0,0.0,20,1.0642,1.084,20,1.0952,0.0,0.0,0.0,0.0,0.0,570
2023-05-11 09:30:02,OP10005382,500ETF沽12月7250,0.0,0.0,0.0,0.0,10,1.0595,1.084,20,1.0952,0.0,0.0,0.0,0.0,0.0,570
2023-05-11 09:30:02,OP10005382,500ETF沽12月7250,0.0,0.0,0.0,0.0,20,1.0624,1.0803,20,1.0952,0.0,0.0,0.0,0.0,0.0,570
2023-05-11 09:30:05,OP10005382,500ETF沽12月7250,0.0,0.0,0.0,0.0,20,1.0624,1.0803,20,1.0952,0.0,0.0,0.0,0.0,0.0,570
2023-05-11 09:30:08,OP10005382,500ETF沽12月7250,0.0,0.0,0.0,0.0,20,1.0614,1.0793,20,1.0952,0.0,0.0,0.0,0.0,0.0,570
2023-05-11 09:30:11,OP10005382,500ETF沽12月7250,0.0,0.0,0.0,0.0,20,1.0604,1.0782,20,1.0952,0.0,0.0,0.0,0.0,0.0,570
2023-05-11 09:30:14,OP10005382,500ETF沽12月7250,0.0,0.0,0.0,0.0,20,1.0604,1.0793,20,1.0952,0.0,0.0,0.0,0.0,0.0,570
2023-05-11 09:30:14,OP10005382,500ETF沽12月7250,0.0,0.0,0.0,0.0,20,1.0618,1.0793,20,1.0952,0.0,0.0,0.0,0.0,0.0,570
2023-05-11 09:30:14,OP10005382,500ETF沽12月7250,0.0,0.0,0.0,0.0,20,1.0618,1.0843,10,1.0952,0.0,0.0,0.0,0.0,0.0,570
2023-05-11 09:30:17,OP10005382,500ETF沽12月7250,0.0,0.0,0.0,0.0,20,1.0618,1.0801,20,1.0952,0.0,0.0,0.0,0.0,0.0,570
2023-05-11 09:30:17,OP10005382,500ETF沽12月7250,0.0,0.0,0.0,0.0,20,1.0632,1.0801,20,1.0952,0.0,0.0,0.0,0.0,0.0,570
2023-05-11 09:30:17,OP10005382,500ETF沽12月7250,0.0,0.0,0.0,0.0,20,1.0618,1.0801,20,1.0952,0.0,0.0,0.0,0.0,0.0,570
2023-05-11 09:30:20,OP10005382,500ETF沽12月7250,0.0,0.0,0.0,0.0,20,1.0618,1.079,20,1.0952,0.0,0.0,0.0,0.0,0.0,570
2023-05-11 09:30:20,OP10005382,500ETF沽12月7250,0.0,0.0,0.0,0.0,20,1.0618,1.0801,20,1.0952,0.0,0.0,0.0,0.0,0.0,570
2023-05-11 09:30:26,OP10005382,500ETF沽12月7250,0.0,0.0,0.0,0.0,20,1.0618,1.079,20,1.0952,0.0,0.0,0.0,0.0,0.0,570
2023-05-11 09:30:29,OP10005382,500ETF沽12月7250,0.0,0.0,0.0,0.0,20,1.0618,1.079,20,1.0952,0.0,0.0,0.0,0.0,0.0,570
2023-05-11 09:30:29,OP10005382,500ETF沽12月7250,0.0,0.0,0.0,0.0,21,1.0618,1.079,20,1.0952,0.0,0.0,0.0,0.0,0.0,570
2023-05-11 09:30:29,OP10005382,500ETF沽12月7250,0.0,0.0,0.0,0.0,21,1.0618,1.079,20,1.0952,0.0,0.0,0.0,0.0,0.0,570
2023-05-11 09:30:29,OP10005382,500ETF沽12月7250,0.0,0.0,0.0,0.0,21,1.0618,1.0801,20,1.0952,0.0,0.0,0.0,0.0,0.0,570
2023-05-11 09:30:35,OP10005382,500ETF沽12月7250,0.0,0.0,0.0,0.0,21,1.0618,1.0773,10,1.0952,0.0,0.0,0.0,0.0,0.0,570
2023-05-11 09:30:35,OP10005382,500ETF沽12月7250,0.0,0.0,0.0,0.0,21,1.0618,1.0773,30,1.0952,0.0,0.0,0.0,0.0,0.0,570
2023-05-11 09:30:38,OP10005382,500ETF沽12月7250,0.0,0.0,0.0,0.0,1,1.0619,1.0773,30,1.0952,0.0,0.0,0.0,0.0,0.0,570
2023-05-11 09:30:41,OP10005382,500ETF沽12月7250,0.0,0.0,0.0,0.0,10,1.0641,1.0773,30,1.0952,0.0,0.0,0.0,0.0,0.0,570
2023-05-11 09:30:41,OP10005382,500ETF沽12月7250,0.0,0.0,0.0,0.0,30,1.0641,1.0773,30,1.0952,0.0,0.0,0.0,0.0,0.0,570
2023-05-11 09:30:41,OP10005382,500ETF沽12月7250,0.0,0.0,0.0,0.0,31,1.0641,1.0773,30,1.0952,0.0,0.0,0.0,0.0,0.0,570
2023-05-11 09:30:44,OP10005382,500ETF沽12月7250,0.0,0.0,0.0,0.0,31,1.0641,1.0773,30,1.0952,0.0,0.0,0.0,0.0,0.0,570
2023-05-11 09:30:47,OP10005382,500ETF沽12月7250,0.0,0.0,0.0,0.0,31,1.0641,1.0773,20,1.0952,0.0,0.0,0.0,0.0,0.0,570
2023-05-11 09:30:47,OP10005382,500ETF沽12月7250,0.0,0.0,0.0,0.0,41,1.0641,1.0802,10,1.0952,0.0,0.0,0.0,0.0,0.0,570
2023-05-11 09:30:50,OP10005382,500ETF沽12月7250,0.0,0.0,0.0,0.0,41,1.0641,1.0802,30,1.0952,0.0,0.0,0.0,0.0,0.0,570
2023-05-11 09:30:50,OP10005382,500ETF沽12月7250,0.0,0.0,0.0,0.0,1,1.0642,1.0802,30,1.0952,0.0,0.0,0.0,0.0,0.0,570
2023-05-11 09:30:56,OP10005382,500ETF沽12月7250,0.0,0.0,0.0,0.0,10,1.0673,1.0802,30,1.0952,0.0,0.0,0.0,0.0,0.0,570
2023-05-11 09:30:56,OP10005382,500ETF沽12月7250,0.0,0.0,0.0,0.0,30,1.0673,1.0802,30,1.0952,0.0,0.0,0.0,0.0,0.0,570
2023-05-11 09:30:56,OP10005382,500ETF沽12月7250,0.0,0.0,0.0,0.0,31,1.0673,1.0802,30,1.0952,0.0,0.0,0.0,0.0,0.0,570
2023-05-11 09:30:59,OP10005382,500ETF沽12月7250,0.0,0.0,0.0,0.0,31,1.0673,1.0802,30,1.0952,0.0,0.0,0.0,0.0,0.0,570
2023-05-11 09:31:02,OP10005382,500ETF沽12月7250,0.0,0.0,0.0,0.0,31,1.0673,1.0802,30,1.0952,0.0,0.0,0.0,0.0,0.0,570
2023-05-11 09:31:02,OP10005382,500ETF沽12月7250,0.0,0.0,0.0,0.0,30,1.0673,1.0802,30,1.0952,0.0,0.0,0.0,0.0,0.0,570
2023-05-11 09:31:02,OP10005382,500ETF沽12月7250,0.0,0.0,0.0,0.0,20,1.0673,1.0802,30,1.0952,0.0,0.0,0.0,0.0,0.0,570
2023-05-11 09:31:05,OP10005382,500ETF沽12月7250,0.0,0.0,0.0,0.0,30,1.0644,1.0802,30,1.0952,0.0,0.0,0.0,0.0,0.0,570
2023-05-11 09:31:05,OP10005382,500ETF沽12月7250,0.0,0.0,0.0,0.0,31,1.0644,1.0802,30,1.0952,0.0,0.0,0.0,0.0,0.0,570
2023-05-11 09:31:11,OP10005382,500ETF沽12月7250,0.0,0.0,0.0,0.0,31,1.0644,1.0802,30,1.0952,0.0,0.0,0.0,0.0,0.0,570
2023-05-11 09:31:14,OP10005382,500ETF沽12月7250,0.0,0.0,0.0,0.0,1,1.0645,1.0802,30,1.0952,0.0,0.0,0.0,0.0,0.0,570
2023-05-11 09:31:17,OP10005382,500ETF沽12月7250,0.0,0.0,0.0,0.0,1,1.0645,1.0802,30,1.0952,0.0,0.0,0.0,0.0,0.0,570
2023-05-11 09:31:20,OP10005382,500ETF沽12月7250,0.0,0.0,0.0,0.0,1,1.0645,1.0769,10,1.0952,0.0,0.0,0.0,0.0,0.0,570
2023-05-11 09:31:20,OP10005382,500ETF沽12月7250,0.0,0.0,0.0,0.0,1,1.0645,1.0769,30,1.0952,0.0,0.0,0.0,0.0,0.0,570
2023-05-11 09:31:23,OP10005382,500ETF沽12月7250,0.0,0.0,0.0,0.0,1,1.0646,1.0769,30,1.0952,0.0,0.0,0.0,0.0,0.0,570
2023-05-11 09:31:26,OP10005382,500ETF沽12月7250,0.0,0.0,0.0,0.0,1,1.0646,1.0769,30,1.0952,0.0,0.0,0.0,0.0,0.0,570
2023-05-11 09:31:32,OP10005382,500ETF沽12月7250,0.0,0.0,0.0,0.0,1,1.0646,1.0769,20,1.0952,0.0,0.0,0.0,0.0,0.0,570
2023-05-11 09:31:32,OP10005382,500ETF沽12月7250,0.0,0.0,0.0,0.0,10,1.0654,1.0775,10,1.0952,0.0,0.0,0.0,0.0,0.0,570
2023-05-11 09:31:32,OP10005382,500ETF沽12月7250,0.0,0.0,0.0,0.0,11,1.0654,1.0775,30,1.0952,0.0,0.0,0.0,0.0,0.0,570
2023-05-11 09:31:41,OP10005382,500ETF沽12月7250,0.0,0.0,0.0,0.0,1,1.0655,1.0775,30,1.0952,0.0,0.0,0.0,0.0,0.0,570
2023-05-11 09:31:41,OP10005382,500ETF沽12月7250,0.0,0.0,0.0,0.0,21,1.0655,1.0775,30,1.0952,0.0,0.0,0.0,0.0,0.0,570
2023-05-11 09:31:47,OP10005382,500ETF沽12月7250,0.0,0.0,0.0,0.0,10,1.0675,1.0775,20,1.0952,0.0,0.0,0.0,0.0,0.0,570
2023-05-11 09:31:47,OP10005382,500ETF沽12月7250,0.0,0.0,0.0,0.0,41,1.0675,1.0796,10,1.0952,0.0,0.0,0.0,0.0,0.0,570
2023-05-11 09:31:53,OP10005382,500ETF沽12月7250,0.0,0.0,0.0,0.0,41,1.0675,1.0796,10,1.0952,0.0,0.0,0.0,0.0,0.0,570
2023-05-11 09:31:56,OP10005382,500ETF沽12月7250,0.0,0.0,0.0,0.0,41,1.0675,1.0796,10,1.0952,0.0,0.0,0.0,0.0,0.0,570
2023-05-11 09:31:56,OP10005382,500ETF沽12月7250,0.0,0.0,0.0,0.0,1,1.0676,1.0796,10,1.0952,0.0,0.0,0.0,0.0,0.0,570
2023-05-11 09:31:59,OP10005382,500ETF沽12月7250,0.0,0.0,0.0,0.0,1,1.0676,1.0774,10,1.0952,0.0,0.0,0.0,0.0,0.0,570
2023-05-11 09:31:59,OP10005382,500ETF沽12月7250,0.0,0.0,0.0,0.0,20,1.0675,1.0774,30,1.0952,0.0,0.0,0.0,0.0,0.0,570
2023-05-11 09:31:59,OP10005382,500ETF沽12月7250,0.0,0.0,0.0,0.0,10,1.0671,1.0774,30,1.0952,0.0,0.0,0.0,0.0,0.0,570
2023-05-11 09:31:59,OP10005382,500ETF沽12月7250,0.0,0.0,0.0,0.0,30,1.0671,1.0774,30,1.0952,0.0,0.0,0.0,0.0,0.0,570
2023-05-11 09:31:59,OP10005382,500ETF沽12月7250,0.0,0.0,0.0,0.0,30,1.0671,1.0774,30,1.0952,0.0,0.0,0.0,0.0,0.0,570
2023-05-11 09:32:02,OP10005382,500ETF沽12月7250,0.0,0.0,0.0,0.0,31,1.0671,1.0774,30,1.0952,0.0,0.0,0.0,0.0,0.0,570
2023-05-11 09:32:05,OP10005382,500ETF沽12月7250,0.0,0.0,0.0,0.0,30,1.0671,1.0774,30,1.0952,0.0,0.0,0.0,0.0,0.0,570
2023-05-11 09:32:05,OP10005382,500ETF沽12月7250,0.0,0.0,0.0,0.0,30,1.0671,1.0774,30,1.0952,0.0,0.0,0.0,0.0,0.0,570
2023-05-11 09:32:08,OP10005382,500ETF沽12月7250,0.0,0.0,0.0,0.0,31,1.0671,1.0774,30,1.0952,0.0,0.0,0.0,0.0,0.0,570
2023-05-11 09:32:17,OP10005382,500ETF沽12月7250,0.0,0.0,0.0,0.0,31,1.0671,1.0774,30,1.0952,0.0,0.0,0.0,0.0,0.0,570
2023-05-11 09:32:20,OP10005382,500ETF沽12月7250,0.0,0.0,0.0,0.0,1,1.0672,1.0774,30,1.0952,0.0,0.0,0.0,0.0,0.0,570
2023-05-11 09:32:20,OP10005382,500ETF沽12月7250,0.0,0.0,0.0,0.0,1,1.0672,1.0774,30,1.0952,0.0,0.0,0.0,0.0,0.0,570
2023-05-11 09:32:20,OP10005382,500ETF沽12月7250,0.0,0.0,0.0,0.0,1,1.0672,1.0774,30,1.0952,0.0,0.0,0.0,0.0,0.0,570
2023-05-11 09:32:20,OP10005382,500ETF沽12月7250,0.0,0.0,0.0,0.0,10,1.0679,1.0774,20,1.0952,0.0,0.0,0.0,0.0,0.0,570
2023-05-11 09:32:23,OP10005382,500ETF沽12月7250,0.0,0.0,0.0,0.0,10,1.0679,1.0774,20,1.0952,0.0,0.0,0.0,0.0,0.0,570
2023-05-11 09:32:23,OP10005382,500ETF沽12月7250,0.0,0.0,0.0,0.0,11,1.0679,1.0774,20,1.0952,0.0,0.0,0.0,0.0,0.0,570
2023-05-11 09:32:26,OP10005382,500ETF沽12月7250,0.0,0.0,0.0,0.0,11,1.0679,1.0774,20,1.0952,0.0,0.0,0.0,0.0,0.0,570
2023-05-11 09:32:26,OP10005382,500ETF沽12月7250,0.0,0.0,0.0,0.0,11,1.0679,1.0774,20,1.0952,0.0,0.0,0.0,0.0,0.0,570
2023-05-11 09:32:26,OP10005382,500ETF沽12月7250,0.0,0.0,0.0,0.0,10,1.0679,1.0774,20,1.0952,0.0,0.0,0.0,0.0,0.0,570
2023-05-11 09:32:26,OP10005382,500ETF沽12月7250,0.0,0.0,0.0,0.0,10,1.0679,1.078,10,1.0952,0.0,0.0,0.0,0.0,0.0,570
2023-05-11 09:32:26,OP10005382,500ETF沽12月7250,0.0,0.0,0.0,0.0,10,1.0679,1.078,10,1.0952,0.0,0.0,0.0,0.0,0.0,570
2023-05-11 09:32:29,OP10005382,500ETF沽12月7250,0.0,0.0,0.0,0.0,10,1.0694,1.0773,10,1.0952,0.0,0.0,0.0,0.0,0.0,570
2023-05-11 09:32:29,OP10005382,500ETF沽12月7250,0.0,0.0,0.0,0.0,30,1.0694,1.0773,10,1.0952,0.0,0.0,0.0,0.0,0.0,570
2023-05-11 09:32:29,OP10005382,500ETF沽12月7250,0.0,0.0,0.0,0.0,30,1.0694,1.0773,10,1.0952,0.0,0.0,0.0,0.0,0.0,570
2023-05-11 09:32:32,OP10005382,500ETF沽12月7250,0.0,0.0,0.0,0.0,30,1.0694,1.0773,10,1.0952,0.0,0.0,0.0,0.0,0.0,570
2023-05-11 09:32:32,OP10005382,500ETF沽12月7250,0.0,0.0,0.0,0.0,10,1.0709,1.0788,10,1.0952,0.0,0.0,0.0,0.0,0.0,570
2023-05-11 09:32:32,OP10005382,500ETF沽12月7250,0.0,0.0,0.0,0.0,30,1.0709,1.0788,10,1.0952,0.0,0.0,0.0,0.0,0.0,570
2023-05-11 09:32:41,OP10005382,500ETF沽12月7250,0.0,0.0,0.0,0.0,30,1.0709,1.0788,10,1.0952,0.0,0.0,0.0,0.0,0.0,570
2023-05-11 09:32:44,OP10005382,500ETF沽12月7250,0.0,0.0,0.0,0.0,30,1.0709,1.0788,10,1.0952,0.0,0.0,0.0,0.0,0.0,570
2023-05-11 09:32:44,OP10005382,500ETF沽12月7250,0.0,0.0,0.0,0.0,30,1.0709,1.0788,10,1.0952,0.0,0.0,0.0,0.0,0.0,570
2023-05-11 09:32:47,OP10005382,500ETF沽12月7250,0.0,0.0,0.0,0.0,30,1.0709,1.0788,10,1.0952,0.0,0.0,0.0,0.0,0.0,570
2023-05-11 09:32:50,OP10005382,500ETF沽12月7250,0.0,0.0,0.0,0.0,20,1.0709,1.077,10,1.0952,0.0,0.0,0.0,0.0,0.0,570
2023-05-11 09:32:50,OP10005382,500ETF沽12月7250,0.0,0.0,0.0,0.0,20,1.0694,1.077,30,1.0952,0.0,0.0,0.0,0.0,0.0,570
2023-05-11 09:32:50,OP10005382,500ETF沽12月7250,0.0,0.0,0.0,0.0,20,1.0694,1.077,30,1.0952,0.0,0.0,0.0,0.0,0.0,570
2023-05-11 09:32:53,OP10005382,500ETF沽12月7250,0.0,0.0,0.0,0.0,20,1.0694,1.077,10,1.0952,0.0,0.0,0.0,0.0,0.0,570
2023-05-11 09:32:53,OP10005382,500ETF沽12月7250,0.0,0.0,0.0,0.0,20,1.0694,1.077,10,1.0952,0.0,0.0,0.0,0.0,0.0,570
2023-05-11 09:32:53,OP10005382,500ETF沽12月7250,0.0,0.0,0.0,0.0,20,1.0694,1.077,10,1.0952,0.0,0.0,0.0,0.0,0.0,570
2023-05-11 09:32:56,OP10005382,500ETF沽12月7250,0.0,0.0,0.0,0.0,10,1.0705,1.0779,20,1.0952,0.0,0.0,0.0,0.0,0.0,570
2023-05-11 09:32:56,OP10005382,500ETF沽12月7250,0.0,0.0,0.0,0.0,30,1.0705,1.0785,10,1.0952,0.0,0.0,0.0,0.0,0.0,570
2023-05-11 09:32:56,OP10005382,500ETF沽12月7250,0.0,0.0,0.0,0.0,30,1.0705,1.0785,10,1.0952,0.0,0.0,0.0,0.0,0.0,570
2023-05-11 09:32:59,OP10005382,500ETF沽12月7250,0.0,0.0,0.0,0.0,30,1.0705,1.0785,10,1.0952,0.0,0.0,0.0,0.0,0.0,570
2023-05-11 09:33:05,OP10005382,500ETF沽12月7250,0.0,0.0,0.0,0.0,10,1.0709,1.0785,10,1.0952,0.0,0.0,0.0,0.0,0.0,570
2023-05-11 09:33:05,OP10005382,500ETF沽12月7250,0.0,0.0,0.0,0.0,10,1.0709,1.0785,10,1.0952,0.0,0.0,0.0,0.0,0.0,570
2023-05-11 09:33:08,OP10005382,500ETF沽12月7250,0.0,0.0,0.0,0.0,10,1.0709,1.0785,10,1.0952,0.0,0.0,0.0,0.0,0.0,570
2023-05-11 09:33:29,OP10005382,500ETF沽12月7250,0.0,0.0,0.0,0.0,10,1.0709,1.079,20,1.0952,0.0,0.0,0.0,0.0,0.0,570
2023-05-11 09:33:29,OP10005382,500ETF沽12月7250,0.0,0.0,0.0,0.0,10,1.0709,1.079,20,1.0952,0.0,0.0,0.0,0.0,0.0,570
2023-05-11 09:33:35,OP10005382,500ETF沽12月7250,0.0,0.0,0.0,0.0,10,1.0709,1.0788,10,1.0952,0.0,0.0,0.0,0.0,0.0,570
2023-05-11 09:33:35,OP10005382,500ETF沽12月7250,0.0,0.0,0.0,0.0,10,1.0709,1.0788,10,1.0952,0.0,0.0,0.0,0.0,0.0,570
2023-05-11 09:33:35,OP10005382,500ETF沽12月7250,0.0,0.0,0.0,0.0,30,1.0705,1.0779,10,1.0952,0.0,0.0,0.0,0.0,0.0,570
2023-05-11 09:33:35,OP10005382,500ETF沽12月7250,0.0,0.0,0.0,0.0,30,1.0705,1.0779,30,1.0952,0.0,0.0,0.0,0.0,0.0,570
2023-05-11 09:33:44,OP10005382,500ETF沽12月7250,0.0,0.0,0.0,0.0,20,1.0705,1.0779,30,1.0952,0.0,0.0,0.0,0.0,0.0,570
2023-05-11 09:33:44,OP10005382,500ETF沽12月7250,0.0,0.0,0.0,0.0,10,1.0695,1.0779,30,1.0952,0.0,0.0,0.0,0.0,0.0,570
2023-05-11 09:33:44,OP10005382,500ETF沽12月7250,0.0,0.0,0.0,0.0,10,1.0695,1.0779,30,1.0952,0.0,0.0,0.0,0.0,0.0,570
2023-05-11 09:33:50,OP10005382,500ETF沽12月7250,0.0,0.0,0.0,0.0,10,1.0695,1.0779,30,1.0952,0.0,0.0,0.0,0.0,0.0,570
2023-05-11 09:33:50,OP10005382,500ETF沽12月7250,0.0,0.0,0.0,0.0,10,1.0695,1.0779,30,1.0952,0.0,0.0,0.0,0.0,0.0,570
2023-05-11 09:33:50,OP10005382,500ETF沽12月7250,0.0,0.0,0.0,0.0,10,1.0695,1.0779,30,1.0952,0.0,0.0,0.0,0.0,0.0,570
2023-05-11 09:33:50,OP10005382,500ETF沽12月7250,0.0,0.0,0.0,0.0,10,1.0695,1.0779,30,1.0952,0.0,0.0,0.0,0.0,0.0,570
2023-05-11 09:33:53,OP10005382,500ETF沽12月7250,0.0,0.0,0.0,0.0,10,1.0695,1.0779,20,1.0952,0.0,0.0,0.0,0.0,0.0,570
2023-05-11 09:33:53,OP10005382,500ETF沽12月7250,0.0,0.0,0.0,0.0,10,1.0695,1.0787,10,1.0952,0.0,0.0,0.0,0.0,0.0,570
2023-05-11 09:33:53,OP10005382,500ETF沽12月7250,0.0,0.0,0.0,0.0,10,1.0695,1.0787,10,1.0952,0.0,0.0,0.0,0.0,0.0,570
2023-05-11 09:33:56,OP10005382,500ETF沽12月7250,0.0,0.0,0.0,0.0,10,1.0705,1.0787,10,1.0952,0.0,0.0,0.0,0.0,0.0,570
2023-05-11 09:33:56,OP10005382,500ETF沽12月7250,0.0,0.0,0.0,0.0,10,1.0711,1.0787,10,1.0952,0.0,0.0,0.0,0.0,0.0,570
2023-05-11 09:33:56,OP10005382,500ETF沽12月7250,0.0,0.0,0.0,0.0,10,1.0711,1.0787,10,1.0952,0.0,0.0,0.0,0.0,0.0,570
2023-05-11 09:34:02,OP10005382,500ETF沽12月7250,0.0,0.0,0.0,0.0,30,1.0705,1.0787,10,1.0952,0.0,0.0,0.0,0.0,0.0,570
2023-05-11 09:34:02,OP10005382,500ETF沽12月7250,0.0,0.0,0.0,0.0,30,1.0705,1.0787,10,1.0952,0.0,0.0,0.0,0.0,0.0,570
2023-05-11 09:34:02,OP10005382,500ETF沽12月7250,0.0,0.0,0.0,0.0,30,1.0705,1.0787,10,1.0952,0.0,0.0,0.0,0.0,0.0,570
2023-05-11 09:34:02,OP10005382,500ETF沽12月7250,0.0,0.0,0.0,0.0,30,1.0705,1.0787,10,1.0952,0.0,0.0,0.0,0.0,0.0,570
2023-05-11 09:34:05,OP10005382,500ETF沽12月7250,0.0,0.0,0.0,0.0,20,1.0705,1.0787,10,1.0952,0.0,0.0,0.0,0.0,0.0,570
2023-05-11 09:34:05,OP10005382,500ETF沽12月7250,0.0,0.0,0.0,0.0,10,1.0697,1.0787,10,1.0952,0.0,0.0,0.0,0.0,0.0,570
2023-05-11 09:34:05,OP10005382,500ETF沽12月7250,0.0,0.0,0.0,0.0,10,1.0697,1.0787,10,1.0952,0.0,0.0,0.0,0.0,0.0,570
2023-05-11 09:34:08,OP10005382,500ETF沽12月7250,0.0,0.0,0.0,0.0,10,1.0697,1.0787,10,1.0952,0.0,0.0,0.0,0.0,0.0,570
2023-05-11 09:34:08,OP10005382,500ETF沽12月7250,0.0,0.0,0.0,0.0,10,1.0697,1.0787,10,1.0952,0.0,0.0,0.0,0.0,0.0,570
2023-05-11 09:34:11,OP10005382,500ETF沽12月7250,0.0,0.0,0.0,0.0,10,1.0697,1.0787,10,1.0952,0.0,0.0,0.0,0.0,0.0,570
2023-05-11 09:34:11,OP10005382,500ETF沽12月7250,0.0,0.0,0.0,0.0,10,1.0697,1.0787,10,1.0952,0.0,0.0,0.0,0.0,0.0,570
2023-05-11 09:34:11,OP10005382,500ETF沽12月7250,0.0,0.0,0.0,0.0,10,1.0697,1.0787,10,1.0952,0.0,0.0,0.0,0.0,0.0,570
2023-05-11 09:34:14,OP10005382,500ETF沽12月7250,0.0,0.0,0.0,0.0,10,1.0697,1.0787,10,1.0952,0.0,0.0,0.0,0.0,0.0,570
2023-05-11 09:34:17,OP10005382,500ETF沽12月7250,0.0,0.0,0.0,0.0,10,1.0712,1.0787,10,1.0952,0.0,0.0,0.0,0.0,0.0,570
2023-05-11 09:34:17,OP10005382,500ETF沽12月7250,0.0,0.0,0.0,0.0,30,1.0712,1.0787,10,1.0952,0.0,0.0,0.0,0.0,0.0,570
2023-05-11 09:34:17,OP10005382,500ETF沽12月7250,0.0,0.0,0.0,0.0,30,1.0712,1.0787,10,1.0952,0.0,0.0,0.0,0.0,0.0,570
2023-05-11 09:34:17,OP10005382,500ETF沽12月7250,0.0,0.0,0.0,0.0,30,1.0712,1.0787,10,1.0952,0.0,0.0,0.0,0.0,0.0,570
2023-05-11 09:34:20,OP10005382,500ETF沽12月7250,0.0,0.0,0.0,0.0,20,1.0712,1.0787,10,1.0952,0.0,0.0,0.0,0.0,0.0,570
2023-05-11 09:34:20,OP10005382,500ETF沽12月7250,0.0,0.0,0.0,0.0,20,1.0712,1.0787,10,1.0952,0.0,0.0,0.0,0.0,0.0,570
2023-05-11 09:34:20,OP10005382,500ETF沽12月7250,0.0,0.0,0.0,0.0,10,1.0696,1.0787,10,1.0952,0.0,0.0,0.0,0.0,0.0,570
2023-05-11 09:34:20,OP10005382,500ETF沽12月7250,0.0,0.0,0.0,0.0,10,1.0696,1.0787,10,1.0952,0.0,0.0,0.0,0.0,0.0,570
2023-05-11 09:34:20,OP10005382,500ETF沽12月7250,0.0,0.0,0.0,0.0,10,1.0696,1.0787,10,1.0952,0.0,0.0,0.0,0.0,0.0,570
2023-05-11 09:34:23,OP10005382,500ETF沽12月7250,0.0,0.0,0.0,0.0,10,1.0696,1.0787,10,1.0952,0.0,0.0,0.0,0.0,0.0,570
2023-05-11 09:34:23,OP10005382,500ETF沽12月7250,0.0,0.0,0.0,0.0,10,1.0696,1.0787,10,1.0952,0.0,0.0,0.0,0.0,0.0,570
2023-05-11 09:34:26,OP10005382,500ETF沽12月7250,0.0,0.0,0.0,0.0,10,1.0696,1.0787,10,1.0952,0.0,0.0,0.0,0.0,0.0,570
2023-05-11 09:34:29,OP10005382,500ETF沽12月7250,0.0,0.0,0.0,0.0,10,1.071,1.0787,10,1.0952,0.0,0.0,0.0,0.0,0.0,570
2023-05-11 09:34:29,OP10005382,500ETF沽12月7250,0.0,0.0,0.0,0.0,10,1.071,1.0787,10,1.0952,0.0,0.0,0.0,0.0,0.0,570
2023-05-11 09:34:29,OP10005382,500ETF沽12月7250,0.0,0.0,0.0,0.0,30,1.071,1.0787,10,1.0952,0.0,0.0,0.0,0.0,0.0,570
2023-05-11 09:34:32,OP10005382,500ETF沽12月7250,0.0,0.0,0.0,0.0,30,1.071,1.0787,10,1.0952,0.0,0.0,0.0,0.0,0.0,570
2023-05-11 09:34:32,OP10005382,500ETF沽12月7250,0.0,0.0,0.0,0.0,30,1.071,1.0787,10,1.0952,0.0,0.0,0.0,0.0,0.0,570
2023-05-11 09:34:32,OP10005382,500ETF沽12月7250,0.0,0.0,0.0,0.0,30,1.071,1.0787,10,1.0952,0.0,0.0,0.0,0.0,0.0,570
2023-05-11 09:34:35,OP10005382,500ETF沽12月7250,0.0,0.0,0.0,0.0,30,1.071,1.0787,10,1.0952,0.0,0.0,0.0,0.0,0.0,570
2023-05-11 09:34:38,OP10005382,500ETF沽12月7250,0.0,0.0,0.0,0.0,30,1.071,1.0787,10,1.0952,0.0,0.0,0.0,0.0,0.0,570
2023-05-11 09:34:38,OP10005382,500ETF沽12月7250,0.0,0.0,0.0,0.0,30,1.071,1.0787,10,1.0952,0.0,0.0,0.0,0.0,0.0,570
2023-05-11 09:34:44,OP10005382,500ETF沽12月7250,0.0,0.0,0.0,0.0,30,1.071,1.0787,10,1.0952,0.0,0.0,0.0,0.0,0.0,570
2023-05-11 09:34:47,OP10005382,500ETF沽12月7250,0.0,0.0,0.0,0.0,30,1.071,1.0787,10,1.0952,0.0,0.0,0.0,0.0,0.0,570
2023-05-11 09:34:47,OP10005382,500ETF沽12月7250,0.0,0.0,0.0,0.0,30,1.071,1.0787,10,1.0952,0.0,0.0,0.0,0.0,0.0,570
2023-05-11 09:34:47,OP10005382,500ETF沽12月7250,0.0,0.0,0.0,0.0,30,1.071,1.0787,10,1.0952,0.0,0.0,0.0,0.0,0.0,570
2023-05-11 09:34:50,OP10005382,500ETF沽12月7250,0.0,0.0,0.0,0.0,30,1.071,1.0787,10,1.0952,0.0,0.0,0.0,0.0,0.0,570
2023-05-11 09:34:50,OP10005382,500ETF沽12月7250,0.0,0.0,0.0,0.0,30,1.071,1.0787,10,1.0952,0.0,0.0,0.0,0.0,0.0,570
2023-05-11 09:34:59,OP10005382,500ETF沽12月7250,0.0,0.0,0.0,0.0,30,1.071,1.0787,10,1.0952,0.0,0.0,0.0,0.0,0.0,570
2023-05-11 09:34:59,OP10005382,500ETF沽12月7250,0.0,0.0,0.0,0.0,30,1.071,1.079,20,1.0952,0.0,0.0,0.0,0.0,0.0,570
2023-05-11 09:34:59,OP10005382,500ETF沽12月7250,0.0,0.0,0.0,0.0,30,1.071,1.079,20,1.0952,0.0,0.0,0.0,0.0,0.0,570
2023-05-11 09:34:59,OP10005382,500ETF沽12月7250,0.0,0.0,0.0,0.0,10,1.0724,1.0804,30,1.0952,0.0,0.0,0.0,0.0,0.0,570
2023-05-11 09:35:02,OP10005382,500ETF沽12月7250,0.0,0.0,0.0,0.0,30,1.0724,1.0804,30,1.0952,0.0,0.0,0.0,0.0,0.0,570
2023-05-11 09:35:02,OP10005382,500ETF沽12月7250,0.0,0.0,0.0,0.0,10,1.0728,1.0804,20,1.0952,0.0,0.0,0.0,0.0,0.0,570
2023-05-11 09:35:02,OP10005382,500ETF沽12月7250,0.0,0.0,0.0,0.0,10,1.0728,1.0804,20,1.0952,0.0,0.0,0.0,0.0,0.0,570
2023-05-11 09:35:02,OP10005382,500ETF沽12月7250,0.0,0.0,0.0,0.0,10,1.0728,1.082,30,1.0952,0.0,0.0,0.0,0.0,0.0,570
2023-05-11 09:35:02,OP10005382,500ETF沽12月7250,0.0,0.0,0.0,0.0,10,1.0728,1.082,30,1.0952,0.0,0.0,0.0,0.0,0.0,570
2023-05-11 09:35:02,OP10005382,500ETF沽12月7250,0.0,0.0,0.0,0.0,10,1.0728,1.082,30,1.0952,0.0,0.0,0.0,0.0,0.0,570
2023-05-11 09:35:05,OP10005382,500ETF沽12月7250,0.0,0.0,0.0,0.0,10,1.0742,1.082,30,1.0952,0.0,0.0,0.0,0.0,0.0,570
2023-05-11 09:35:05,OP10005382,500ETF沽12月7250,0.0,0.0,0.0,0.0,30,1.0742,1.082,30,1.0952,0.0,0.0,0.0,0.0,0.0,570
2023-05-11 09:35:05,OP10005382,500ETF沽12月7250,0.0,0.0,0.0,0.0,30,1.0742,1.0822,10,1.0952,0.0,0.0,0.0,0.0,0.0,570
2023-05-11 09:35:05,OP10005382,500ETF沽12月7250,0.0,0.0,0.0,0.0,10,1.0747,1.0835,20,1.0952,0.0,0.0,0.0,0.0,0.0,570
2023-05-11 09:35:05,OP10005382,500ETF沽12月7250,0.0,0.0,0.0,0.0,10,1.0747,1.0835,20,1.0952,0.0,0.0,0.0,0.0,0.0,570
2023-05-11 09:35:05,OP10005382,500ETF沽12月7250,0.0,0.0,0.0,0.0,10,1.0747,1.0835,20,1.0952,0.0,0.0,0.0,0.0,0.0,570
2023-05-11 09:35:08,OP10005382,500ETF沽12月7250,0.0,0.0,0.0,0.0,10,1.0747,1.0826,10,1.0952,0.0,0.0,0.0,0.0,0.0,570
2023-05-11 09:35:08,OP10005382,500ETF沽12月7250,0.0,0.0,0.0,0.0,10,1.0747,1.0826,10,1.0952,0.0,0.0,0.0,0.0,0.0,570
2023-05-11 09:35:08,OP10005382,500ETF沽12月7250,0.0,0.0,0.0,0.0,30,1.0742,1.0826,10,1.0952,0.0,0.0,0.0,0.0,0.0,570
2023-05-11 09:35:08,OP10005382,500ETF沽12月7250,0.0,0.0,0.0,0.0,20,1.0742,1.0819,10,1.0952,0.0,0.0,0.0,0.0,0.0,570
2023-05-11 09:35:08,OP10005382,500ETF沽12月7250,0.0,0.0,0.0,0.0,20,1.0742,1.0807,10,1.0952,0.0,0.0,0.0,0.0,0.0,570
2023-05-11 09:35:08,OP10005382,500ETF沽12月7250,0.0,0.0,0.0,0.0,20,1.0742,1.0807,10,1.0952,0.0,0.0,0.0,0.0,0.0,570
2023-05-11 09:35:11,OP10005382,500ETF沽12月7250,0.0,0.0,0.0,0.0,10,1.0732,1.0807,10,1.0952,0.0,0.0,0.0,0.0,0.0,570
2023-05-11 09:35:11,OP10005382,500ETF沽12月7250,0.0,0.0,0.0,0.0,10,1.0726,1.0807,10,1.0952,0.0,0.0,0.0,0.0,0.0,570
2023-05-11 09:35:11,OP10005382,500ETF沽12月7250,0.0,0.0,0.0,0.0,10,1.0726,1.0807,10,1.0952,0.0,0.0,0.0,0.0,0.0,570
2023-05-11 09:35:11,OP10005382,500ETF沽12月7250,0.0,0.0,0.0,0.0,20,1.0724,1.0807,30,1.0952,0.0,0.0,0.0,0.0,0.0,570
2023-05-11 09:35:11,OP10005382,500ETF沽12月7250,0.0,0.0,0.0,0.0,20,1.0724,1.0807,30,1.0952,0.0,0.0,0.0,0.0,0.0,570
2023-05-11 09:35:14,OP10005382,500ETF沽12月7250,0.0,0.0,0.0,0.0,20,1.0724,1.0807,30,1.0952,0.0,0.0,0.0,0.0,0.0,570
2023-05-11 09:35:17,OP10005382,500ETF沽12月7250,0.0,0.0,0.0,0.0,20,1.0724,1.0807,30,1.0952,0.0,0.0,0.0,0.0,0.0,570
2023-05-11 09:35:17,OP10005382,500ETF沽12月7250,0.0,0.0,0.0,0.0,20,1.0724,1.0807,10,1.0952,0.0,0.0,0.0,0.0,0.0,570
2023-05-11 09:35:17,OP10005382,500ETF沽12月7250,0.0,0.0,0.0,0.0,10,1.0729,1.0819,10,1.0952,0.0,0.0,0.0,0.0,0.0,570
2023-05-11 09:35:20,OP10005382,500ETF沽12月7250,0.0,0.0,0.0,0.0,10,1.0746,1.0819,10,1.0952,0.0,0.0,0.0,0.0,0.0,570
2023-05-11 09:35:20,OP10005382,500ETF沽12月7250,0.0,0.0,0.0,0.0,10,1.0746,1.0819,10,1.0952,0.0,0.0,0.0,0.0,0.0,570
2023-05-11 09:35:20,OP10005382,500ETF沽12月7250,0.0,0.0,0.0,0.0,10,1.0746,1.0819,10,1.0952,0.0,0.0,0.0,0.0,0.0,570
2023-05-11 09:35:23,OP10005382,500ETF沽12月7250,0.0,0.0,0.0,0.0,10,1.0746,1.083,10,1.0952,0.0,0.0,0.0,0.0,0.0,570
2023-05-11 09:35:23,OP10005382,500ETF沽12月7250,0.0,0.0,0.0,0.0,10,1.0746,1.083,10,1.0952,0.0,0.0,0.0,0.0,0.0,570
2023-05-11 09:35:23,OP10005382,500ETF沽12月7250,0.0,0.0,0.0,0.0,10,1.0746,1.083,10,1.0952,0.0,0.0,0.0,0.0,0.0,570
2023-05-11 09:35:23,OP10005382,500ETF沽12月7250,0.0,0.0,0.0,0.0,10,1.0746,1.083,10,1.0952,0.0,0.0,0.0,0.0,0.0,570
2023-05-11 09:35:26,OP10005382,500ETF沽12月7250,0.0,0.0,0.0,0.0,10,1.0746,1.083,10,1.0952,0.0,0.0,0.0,0.0,0.0,570
2023-05-11 09:35:26,OP10005382,500ETF沽12月7250,0.0,0.0,0.0,0.0,10,1.0746,1.083,10,1.0952,0.0,0.0,0.0,0.0,0.0,570
2023-05-11 09:35:29,OP10005382,500ETF沽12月7250,0.0,0.0,0.0,0.0,10,1.0746,1.083,30,1.0952,0.0,0.0,0.0,0.0,0.0,570
2023-05-11 09:35:32,OP10005382,500ETF沽12月7250,0.0,0.0,0.0,0.0,10,1.0746,1.083,30,1.0952,0.0,0.0,0.0,0.0,0.0,570
2023-05-11 09:35:35,OP10005382,500ETF沽12月7250,0.0,0.0,0.0,0.0,10,1.0746,1.083,30,1.0952,0.0,0.0,0.0,0.0,0.0,570
2023-05-11 09:35:35,OP10005382,500ETF沽12月7250,0.0,0.0,0.0,0.0,10,1.0755,1.0839,10,1.0952,0.0,0.0,0.0,0.0,0.0,570
2023-05-11 09:35:35,OP10005382,500ETF沽12月7250,0.0,0.0,0.0,0.0,10,1.0764,1.0839,10,1.0952,0.0,0.0,0.0,0.0,0.0,570
2023-05-11 09:35:38,OP10005382,500ETF沽12月7250,0.0,0.0,0.0,0.0,10,1.0764,1.0839,10,1.0952,0.0,0.0,0.0,0.0,0.0,570
2023-05-11 09:35:38,OP10005382,500ETF沽12月7250,0.0,0.0,0.0,0.0,10,1.0764,1.0849,10,1.0952,0.0,0.0,0.0,0.0,0.0,570
2023-05-11 09:35:38,OP10005382,500ETF沽12月7250,0.0,0.0,0.0,0.0,10,1.0764,1.0849,10,1.0952,0.0,0.0,0.0,0.0,0.0,570
2023-05-11 09:35:38,OP10005382,500ETF沽12月7250,0.0,0.0,0.0,0.0,10,1.0764,1.0849,10,1.0952,0.0,0.0,0.0,0.0,0.0,570
2023-05-11 09:35:38,OP10005382,500ETF沽12月7250,0.0,0.0,0.0,0.0,10,1.0764,1.0849,10,1.0952,0.0,0.0,0.0,0.0,0.0,570
2023-05-11 09:35:41,OP10005382,500ETF沽12月7250,0.0,0.0,0.0,0.0,10,1.0764,1.0849,10,1.0952,0.0,0.0,0.0,0.0,0.0,570
2023-05-11 09:35:44,OP10005382,500ETF沽12月7250,0.0,0.0,0.0,0.0,10,1.0764,1.0849,10,1.0952,0.0,0.0,0.0,0.0,0.0,570
2023-05-11 09:35:47,OP10005382,500ETF沽12月7250,0.0,0.0,0.0,0.0,10,1.0764,1.0842,10,1.0952,0.0,0.0,0.0,0.0,0.0,570
2023-05-11 09:35:47,OP10005382,500ETF沽12月7250,0.0,0.0,0.0,0.0,30,1.0755,1.0834,10,1.0952,0.0,0.0,0.0,0.0,0.0,570
2023-05-11 09:35:47,OP10005382,500ETF沽12月7250,0.0,0.0,0.0,0.0,30,1.0755,1.0834,30,1.0952,0.0,0.0,0.0,0.0,0.0,570
2023-05-11 09:35:47,OP10005382,500ETF沽12月7250,0.0,0.0,0.0,0.0,20,1.0755,1.0834,30,1.0952,0.0,0.0,0.0,0.0,0.0,570
2023-05-11 09:35:47,OP10005382,500ETF沽12月7250,0.0,0.0,0.0,0.0,20,1.0755,1.0834,30,1.0952,0.0,0.0,0.0,0.0,0.0,570
2023-05-11 09:35:50,OP10005382,500ETF沽12月7250,0.0,0.0,0.0,0.0,20,1.0755,1.0825,10,1.0952,0.0,0.0,0.0,0.0,0.0,570
2023-05-11 09:35:50,OP10005382,500ETF沽12月7250,0.0,0.0,0.0,0.0,20,1.0755,1.082,10,1.0952,0.0,0.0,0.0,0.0,0.0,570
2023-05-11 09:35:50,OP10005382,500ETF沽12月7250,0.0,0.0,0.0,0.0,10,1.0745,1.082,10,1.0952,0.0,0.0,0.0,0.0,0.0,570
2023-05-11 09:35:50,OP10005382,500ETF沽12月7250,0.0,0.0,0.0,0.0,10,1.0745,1.082,10,1.0952,0.0,0.0,0.0,0.0,0.0,570
2023-05-11 09:35:53,OP10005382,500ETF沽12月7250,0.0,0.0,0.0,0.0,10,1.0745,1.082,10,1.0952,0.0,0.0,0.0,0.0,0.0,570
2023-05-11 09:35:53,OP10005382,500ETF沽12月7250,0.0,0.0,0.0,0.0,10,1.0746,1.0834,20,1.0952,0.0,0.0,0.0,0.0,0.0,570
2023-05-11 09:35:53,OP10005382,500ETF沽12月7250,0.0,0.0,0.0,0.0,10,1.0751,1.0834,20,1.0952,0.0,0.0,0.0,0.0,0.0,570
2023-05-11 09:35:53,OP10005382,500ETF沽12月7250,0.0,0.0,0.0,0.0,10,1.0755,1.0827,10,1.0952,0.0,0.0,0.0,0.0,0.0,570
2023-05-11 09:35:53,OP10005382,500ETF沽12月7250,0.0,0.0,0.0,0.0,10,1.0755,1.0827,10,1.0952,0.0,0.0,0.0,0.0,0.0,570
2023-05-11 09:35:53,OP10005382,500ETF沽12月7250,0.0,0.0,0.0,0.0,10,1.0755,1.0827,10,1.0952,0.0,0.0,0.0,0.0,0.0,570
2023-05-11 09:35:56,OP10005382,500ETF沽12月7250,0.0,0.0,0.0,0.0,10,1.0755,1.0827,10,1.0952,0.0,0.0,0.0,0.0,0.0,570
2023-05-11 09:35:56,OP10005382,500ETF沽12月7250,0.0,0.0,0.0,0.0,10,1.0755,1.0827,10,1.0952,0.0,0.0,0.0,0.0,0.0,570
2023-05-11 09:35:56,OP10005382,500ETF沽12月7250,0.0,0.0,0.0,0.0,10,1.0768,1.0835,10,1.0952,0.0,0.0,0.0,0.0,0.0,570
2023-05-11 09:35:56,OP10005382,500ETF沽12月7250,0.0,0.0,0.0,0.0,30,1.0768,1.084,10,1.0952,0.0,0.0,0.0,0.0,0.0,570
2023-05-11 09:35:56,OP10005382,500ETF沽12月7250,0.0,0.0,0.0,0.0,30,1.0768,1.084,10,1.0952,0.0,0.0,0.0,0.0,0.0,570
2023-05-11 09:35:56,OP10005382,500ETF沽12月7250,0.0,0.0,0.0,0.0,30,1.0768,1.084,10,1.0952,0.0,0.0,0.0,0.0,0.0,570
2023-05-11 09:35:59,OP10005382,500ETF沽12月7250,0.0,0.0,0.0,0.0,30,1.0768,1.084,10,1.0952,0.0,0.0,0.0,0.0,0.0,570
2023-05-11 09:35:59,OP10005382,500ETF沽12月7250,0.0,0.0,0.0,0.0,30,1.0768,1.084,10,1.0952,0.0,0.0,0.0,0.0,0.0,570
2023-05-11 09:35:59,OP10005382,500ETF沽12月7250,0.0,0.0,0.0,0.0,30,1.0768,1.084,10,1.0952,0.0,0.0,0.0,0.0,0.0,570
2023-05-11 09:36:02,OP10005382,500ETF沽12月7250,0.0,0.0,0.0,0.0,30,1.0768,1.084,10,1.0952,0.0,0.0,0.0,0.0,0.0,570
2023-05-11 09:36:02,OP10005382,500ETF沽12月7250,0.0,0.0,0.0,0.0,20,1.0768,1.0827,10,1.0952,0.0,0.0,0.0,0.0,0.0,570
2023-05-11 09:36:05,OP10005382,500ETF沽12月7250,0.0,0.0,0.0,0.0,10,1.0756,1.0827,30,1.0952,0.0,0.0,0.0,0.0,0.0,570
2023-05-11 09:36:05,OP10005382,500ETF沽12月7250,0.0,0.0,0.0,0.0,10,1.0755,1.0827,30,1.0952,0.0,0.0,0.0,0.0,0.0,570
2023-05-11 09:36:05,OP10005382,500ETF沽12月7250,0.0,0.0,0.0,0.0,10,1.0755,1.0827,30,1.0952,0.0,0.0,0.0,0.0,0.0,570
2023-05-11 09:36:08,OP10005382,500ETF沽12月7250,0.0,0.0,0.0,0.0,10,1.0755,1.0827,30,1.0952,0.0,0.0,0.0,0.0,0.0,570
2023-05-11 09:36:08,OP10005382,500ETF沽12月7250,0.0,0.0,0.0,0.0,10,1.0755,1.0827,30,1.0952,0.0,0.0,0.0,0.0,0.0,570
2023-05-11 09:36:11,OP10005382,500ETF沽12月7250,0.0,0.0,0.0,0.0,10,1.0755,1.0827,30,1.0952,0.0,0.0,0.0,0.0,0.0,570
2023-05-11 09:36:11,OP10005382,500ETF沽12月7250,0.0,0.0,0.0,0.0,10,1.0768,1.0827,20,1.0952,0.0,0.0,0.0,0.0,0.0,570
2023-05-11 09:36:11,OP10005382,500ETF沽12月7250,0.0,0.0,0.0,0.0,30,1.0768,1.0827,20,1.0952,0.0,0.0,0.0,0.0,0.0,570
2023-05-11 09:36:14,OP10005382,500ETF沽12月7250,0.0,0.0,0.0,0.0,30,1.0768,1.0827,20,1.0952,0.0,0.0,0.0,0.0,0.0,570
2023-05-11 09:36:17,OP10005382,500ETF沽12月7250,0.0,0.0,0.0,0.0,30,1.0768,1.0827,20,1.0952,0.0,0.0,0.0,0.0,0.0,570
2023-05-11 09:36:20,OP10005382,500ETF沽12月7250,0.0,0.0,0.0,0.0,30,1.0768,1.0827,20,1.0952,0.0,0.0,0.0,0.0,0.0,570
2023-05-11 09:36:23,OP10005382,500ETF沽12月7250,0.0,0.0,0.0,0.0,30,1.0768,1.0827,20,1.0952,0.0,0.0,0.0,0.0,0.0,570
2023-05-11 09:36:26,OP10005382,500ETF沽12月7250,0.0,0.0,0.0,0.0,30,1.0768,1.0835,10,1.0952,0.0,0.0,0.0,0.0,0.0,570
2023-05-11 09:36:26,OP10005382,500ETF沽12月7250,0.0,0.0,0.0,0.0,30,1.0768,1.084,10,1.0952,0.0,0.0,0.0,0.0,0.0,570
2023-05-11 09:36:26,OP10005382,500ETF沽12月7250,0.0,0.0,0.0,0.0,30,1.0768,1.084,10,1.0952,0.0,0.0,0.0,0.0,0.0,570
2023-05-11 09:36:29,OP10005382,500ETF沽12月7250,0.0,0.0,0.0,0.0,10,1.0781,1.0848,20,1.0952,0.0,0.0,0.0,0.0,0.0,570
2023-05-11 09:36:29,OP10005382,500ETF沽12月7250,0.0,0.0,0.0,0.0,30,1.0781,1.0848,20,1.0952,0.0,0.0,0.0,0.0,0.0,570
2023-05-11 09:36:29,OP10005382,500ETF沽12月7250,0.0,0.0,0.0,0.0,30,1.0781,1.0848,20,1.0952,0.0,0.0,0.0,0.0,0.0,570
2023-05-11 09:36:29,OP10005382,500ETF沽12月7250,0.0,0.0,0.0,0.0,30,1.0781,1.0848,20,1.0952,0.0,0.0,0.0,0.0,0.0,570
2023-05-11 09:36:32,OP10005382,500ETF沽12月7250,0.0,0.0,0.0,0.0,30,1.0781,1.0848,20,1.0952,0.0,0.0,0.0,0.0,0.0,570
2023-05-11 09:36:32,OP10005382,500ETF沽12月7250,0.0,0.0,0.0,0.0,30,1.0781,1.0848,20,1.0952,0.0,0.0,0.0,0.0,0.0,570
2023-05-11 09:36:35,OP10005382,500ETF沽12月7250,0.0,0.0,0.0,0.0,30,1.0781,1.0848,20,1.0952,0.0,0.0,0.0,0.0,0.0,570
2023-05-11 09:36:38,OP10005382,500ETF沽12月7250,0.0,0.0,0.0,0.0,30,1.0781,1.0852,10,1.0952,0.0,0.0,0.0,0.0,0.0,570
2023-05-11 09:36:38,OP10005382,500ETF沽12月7250,0.0,0.0,0.0,0.0,10,1.0784,1.0852,10,1.0952,0.0,0.0,0.0,0.0,0.0,570
2023-05-11 09:36:38,OP10005382,500ETF沽12月7250,0.0,0.0,0.0,0.0,10,1.0784,1.0852,10,1.0952,0.0,0.0,0.0,0.0,0.0,570
2023-05-11 09:36:38,OP10005382,500ETF沽12月7250,0.0,0.0,0.0,0.0,10,1.0784,1.0852,10,1.0952,0.0,0.0,0.0,0.0,0.0,570
2023-05-11 09:36:41,OP10005382,500ETF沽12月7250,0.0,0.0,0.0,0.0,10,1.0784,1.0852,10,1.0952,0.0,0.0,0.0,0.0,0.0,570
2023-05-11 09:36:41,OP10005382,500ETF沽12月7250,0.0,0.0,0.0,0.0,10,1.0795,1.086,20,1.0952,0.0,0.0,0.0,0.0,0.0,570
2023-05-11 09:36:44,OP10005382,500ETF沽12月7250,0.0,0.0,0.0,0.0,30,1.0795,1.086,20,1.0952,0.0,0.0,0.0,0.0,0.0,570
2023-05-11 09:36:44,OP10005382,500ETF沽12月7250,0.0,0.0,0.0,0.0,30,1.0795,1.0867,10,1.0952,0.0,0.0,0.0,0.0,0.0,570
2023-05-11 09:36:44,OP10005382,500ETF沽12月7250,0.0,0.0,0.0,0.0,30,1.0795,1.0867,10,1.0952,0.0,0.0,0.0,0.0,0.0,570
2023-05-11 09:36:44,OP10005382,500ETF沽12月7250,0.0,0.0,0.0,0.0,30,1.0795,1.0867,10,1.0952,0.0,0.0,0.0,0.0,0.0,570
2023-05-11 09:36:44,OP10005382,500ETF沽12月7250,0.0,0.0,0.0,0.0,10,1.0798,1.0867,10,1.0952,0.0,0.0,0.0,0.0,0.0,570
2023-05-11 09:36:44,OP10005382,500ETF沽12月7250,0.0,0.0,0.0,0.0,10,1.0798,1.0867,10,1.0952,0.0,0.0,0.0,0.0,0.0,570
2023-05-11 09:36:47,OP10005382,500ETF沽12月7250,0.0,0.0,0.0,0.0,10,1.0798,1.0867,10,1.0952,0.0,0.0,0.0,0.0,0.0,570
2023-05-11 09:36:47,OP10005382,500ETF沽12月7250,0.0,0.0,0.0,0.0,10,1.0798,1.0867,10,1.0952,0.0,0.0,0.0,0.0,0.0,570
2023-05-11 09:36:50,OP10005382,500ETF沽12月7250,0.0,0.0,0.0,0.0,10,1.0798,1.0867,10,1.0952,0.0,0.0,0.0,0.0,0.0,570
2023-05-11 09:36:50,OP10005382,500ETF沽12月7250,0.0,0.0,0.0,0.0,20,1.0798,1.0867,10,1.0952,0.0,0.0,0.0,0.0,0.0,570
2023-05-11 09:36:53,OP10005382,500ETF沽12月7250,0.0,0.0,0.0,0.0,10,1.0798,1.0867,10,1.0952,0.0,0.0,0.0,0.0,0.0,570
2023-05-11 09:36:56,OP10005382,500ETF沽12月7250,0.0,0.0,0.0,0.0,10,1.0798,1.0867,10,1.0952,0.0,0.0,0.0,0.0,0.0,570
2023-05-11 09:36:56,OP10005382,500ETF沽12月7250,0.0,0.0,0.0,0.0,10,1.0813,1.0882,30,1.0952,0.0,0.0,0.0,0.0,0.0,570
2023-05-11 09:36:56,OP10005382,500ETF沽12月7250,0.0,0.0,0.0,0.0,30,1.0813,1.0882,30,1.0952,0.0,0.0,0.0,0.0,0.0,570
2023-05-11 09:36:59,OP10005382,500ETF沽12月7250,0.0,0.0,0.0,0.0,30,1.0813,1.0882,30,1.0952,0.0,0.0,0.0,0.0,0.0,570
2023-05-11 09:36:59,OP10005382,500ETF沽12月7250,0.0,0.0,0.0,0.0,30,1.0813,1.0882,30,1.0952,0.0,0.0,0.0,0.0,0.0,570
2023-05-11 09:36:59,OP10005382,500ETF沽12月7250,0.0,0.0,0.0,0.0,30,1.0813,1.0882,30,1.0952,0.0,0.0,0.0,0.0,0.0,570
2023-05-11 09:36:59,OP10005382,500ETF沽12月7250,0.0,0.0,0.0,0.0,10,1.0829,1.0882,10,1.0952,0.0,0.0,0.0,0.0,0.0,570
2023-05-11 09:36:59,OP10005382,500ETF沽12月7250,0.0,0.0,0.0,0.0,10,1.0829,1.09,10,1.0952,0.0,0.0,0.0,0.0,0.0,570
2023-05-11 09:37:02,OP10005382,500ETF沽12月7250,0.0,0.0,0.0,0.0,30,1.0829,1.0901,10,1.0952,0.0,0.0,0.0,0.0,0.0,570
2023-05-11 09:37:02,OP10005382,500ETF沽12月7250,0.0,0.0,0.0,0.0,30,1.0829,1.0901,10,1.0952,0.0,0.0,0.0,0.0,0.0,570
2023-05-11 09:37:02,OP10005382,500ETF沽12月7250,0.0,0.0,0.0,0.0,20,1.0829,1.0888,10,1.0952,0.0,0.0,0.0,0.0,0.0,570
2023-05-11 09:37:02,OP10005382,500ETF沽12月7250,0.0,0.0,0.0,0.0,20,1.0829,1.0888,10,1.0952,0.0,0.0,0.0,0.0,0.0,570
2023-05-11 09:37:02,OP10005382,500ETF沽12月7250,0.0,0.0,0.0,0.0,10,1.0816,1.0888,10,1.0952,0.0,0.0,0.0,0.0,0.0,570
2023-05-11 09:37:02,OP10005382,500ETF沽12月7250,0.0,0.0,0.0,0.0,10,1.0816,1.0888,10,1.0952,0.0,0.0,0.0,0.0,0.0,570
2023-05-11 09:37:05,OP10005382,500ETF沽12月7250,0.0,0.0,0.0,0.0,10,1.0816,1.0888,10,1.0952,0.0,0.0,0.0,0.0,0.0,570
2023-05-11 09:37:05,OP10005382,500ETF沽12月7250,0.0,0.0,0.0,0.0,10,1.0816,1.0888,10,1.0952,0.0,0.0,0.0,0.0,0.0,570
2023-05-11 09:37:08,OP10005382,500ETF沽12月7250,0.0,0.0,0.0,0.0,10,1.0816,1.0888,10,1.0952,0.0,0.0,0.0,0.0,0.0,570
2023-05-11 09:37:08,OP10005382,500ETF沽12月7250,0.0,0.0,0.0,0.0,10,1.0816,1.0888,10,1.0952,0.0,0.0,0.0,0.0,0.0,570
2023-05-11 09:37:08,OP10005382,500ETF沽12月7250,0.0,0.0,0.0,0.0,10,1.0814,1.0871,10,1.0952,0.0,0.0,0.0,0.0,0.0,570
2023-05-11 09:37:11,OP10005382,500ETF沽12月7250,0.0,0.0,0.0,0.0,20,1.0813,1.0871,10,1.0952,0.0,0.0,0.0,0.0,0.0,570
2023-05-11 09:37:11,OP10005382,500ETF沽12月7250,0.0,0.0,0.0,0.0,20,1.0813,1.0871,10,1.0952,0.0,0.0,0.0,0.0,0.0,570
2023-05-11 09:37:11,OP10005382,500ETF沽12月7250,0.0,0.0,0.0,0.0,20,1.0813,1.087,10,1.0952,0.0,0.0,0.0,0.0,0.0,570
2023-05-11 09:37:11,OP10005382,500ETF沽12月7250,0.0,0.0,0.0,0.0,20,1.0813,1.087,10,1.0952,0.0,0.0,0.0,0.0,0.0,570
2023-05-11 09:37:11,OP10005382,500ETF沽12月7250,0.0,0.0,0.0,0.0,30,1.0799,1.087,10,1.0952,0.0,0.0,0.0,0.0,0.0,570
2023-05-11 09:37:11,OP10005382,500ETF沽12月7250,0.0,0.0,0.0,0.0,30,1.0799,1.087,10,1.0952,0.0,0.0,0.0,0.0,0.0,570
2023-05-11 09:37:14,OP10005382,500ETF沽12月7250,0.0,0.0,0.0,0.0,10,1.0812,1.087,10,1.0952,0.0,0.0,0.0,0.0,0.0,570
2023-05-11 09:37:14,OP10005382,500ETF沽12月7250,0.0,0.0,0.0,0.0,30,1.0812,1.0884,20,1.0952,0.0,0.0,0.0,0.0,0.0,570
2023-05-11 09:37:14,OP10005382,500ETF沽12月7250,0.0,0.0,0.0,0.0,30,1.0812,1.0884,10,1.0952,0.0,0.0,0.0,0.0,0.0,570
2023-05-11 09:37:14,OP10005382,500ETF沽12月7250,0.0,0.0,0.0,0.0,10,1.0826,1.0898,10,1.0952,0.0,0.0,0.0,0.0,0.0,570
2023-05-11 09:37:14,OP10005382,500ETF沽12月7250,0.0,0.0,0.0,0.0,30,1.0826,1.0898,10,1.0952,0.0,0.0,0.0,0.0,0.0,570
2023-05-11 09:37:14,OP10005382,500ETF沽12月7250,0.0,0.0,0.0,0.0,30,1.0826,1.0898,10,1.0952,0.0,0.0,0.0,0.0,0.0,570
2023-05-11 09:37:17,OP10005382,500ETF沽12月7250,0.0,0.0,0.0,0.0,30,1.0826,1.0898,10,1.0952,0.0,0.0,0.0,0.0,0.0,570
2023-05-11 09:37:17,OP10005382,500ETF沽12月7250,0.0,0.0,0.0,0.0,30,1.0826,1.0898,10,1.0952,0.0,0.0,0.0,0.0,0.0,570
2023-05-11 09:37:17,OP10005382,500ETF沽12月7250,0.0,0.0,0.0,0.0,30,1.0826,1.0898,10,1.0952,0.0,0.0,0.0,0.0,0.0,570
2023-05-11 09:37:17,OP10005382,500ETF沽12月7250,0.0,0.0,0.0,0.0,30,1.0826,1.0898,10,1.0952,0.0,0.0,0.0,0.0,0.0,570
2023-05-11 09:37:20,OP10005382,500ETF沽12月7250,0.0,0.0,0.0,0.0,30,1.0826,1.0898,10,1.0952,0.0,0.0,0.0,0.0,0.0,570
2023-05-11 09:37:20,OP10005382,500ETF沽12月7250,0.0,0.0,0.0,0.0,30,1.0826,1.0898,10,1.0952,0.0,0.0,0.0,0.0,0.0,570
2023-05-11 09:37:23,OP10005382,500ETF沽12月7250,0.0,0.0,0.0,0.0,30,1.0826,1.0898,10,1.0952,0.0,0.0,0.0,0.0,0.0,570
2023-05-11 09:37:23,OP10005382,500ETF沽12月7250,0.0,0.0,0.0,0.0,30,1.0826,1.0898,10,1.0952,0.0,0.0,0.0,0.0,0.0,570
2023-05-11 09:37:26,OP10005382,500ETF沽12月7250,0.0,0.0,0.0,0.0,10,1.0842,1.0901,10,1.0952,0.0,0.0,0.0,0.0,0.0,570
2023-05-11 09:37:26,OP10005382,500ETF沽12月7250,0.0,0.0,0.0,0.0,30,1.0842,1.0904,10,1.0952,0.0,0.0,0.0,0.0,0.0,570
2023-05-11 09:37:26,OP10005382,500ETF沽12月7250,0.0,0.0,0.0,0.0,30,1.0842,1.0914,30,1.0952,0.0,0.0,0.0,0.0,0.0,570
2023-05-11 09:37:29,OP10005382,500ETF沽12月7250,0.0,0.0,0.0,0.0,30,1.0842,1.0914,30,1.0952,0.0,0.0,0.0,0.0,0.0,570
2023-05-11 09:37:29,OP10005382,500ETF沽12月7250,0.0,0.0,0.0,0.0,20,1.0842,1.0901,10,1.0952,0.0,0.0,0.0,0.0,0.0,570
2023-05-11 09:37:29,OP10005382,500ETF沽12月7250,0.0,0.0,0.0,0.0,20,1.0842,1.0901,10,1.0952,0.0,0.0,0.0,0.0,0.0,570
2023-05-11 09:37:29,OP10005382,500ETF沽12月7250,0.0,0.0,0.0,0.0,20,1.0842,1.0901,10,1.0952,0.0,0.0,0.0,0.0,0.0,570
2023-05-11 09:37:29,OP10005382,500ETF沽12月7250,0.0,0.0,0.0,0.0,10,1.0829,1.0899,10,1.0952,0.0,0.0,0.0,0.0,0.0,570
2023-05-11 09:37:29,OP10005382,500ETF沽12月7250,0.0,0.0,0.0,0.0,10,1.0829,1.0899,10,1.0952,0.0,0.0,0.0,0.0,0.0,570
2023-05-11 09:37:32,OP10005382,500ETF沽12月7250,0.0,0.0,0.0,0.0,10,1.0829,1.0899,10,1.0952,0.0,0.0,0.0,0.0,0.0,570
2023-05-11 09:37:32,OP10005382,500ETF沽12月7250,0.0,0.0,0.0,0.0,10,1.0829,1.0899,10,1.0952,0.0,0.0,0.0,0.0,0.0,570
2023-05-11 09:37:32,OP10005382,500ETF沽12月7250,0.0,0.0,0.0,0.0,10,1.0829,1.0899,10,1.0952,0.0,0.0,0.0,0.0,0.0,570
2023-05-11 09:37:35,OP10005382,500ETF沽12月7250,0.0,0.0,0.0,0.0,10,1.0829,1.0899,10,1.0952,0.0,0.0,0.0,0.0,0.0,570
2023-05-11 09:37:38,OP10005382,500ETF沽12月7250,0.0,0.0,0.0,0.0,10,1.0829,1.0899,10,1.0952,0.0,0.0,0.0,0.0,0.0,570
2023-05-11 09:37:38,OP10005382,500ETF沽12月7250,0.0,0.0,0.0,0.0,10,1.0842,1.0914,30,1.0952,0.0,0.0,0.0,0.0,0.0,570
2023-05-11 09:37:38,OP10005382,500ETF沽12月7250,0.0,0.0,0.0,0.0,30,1.0842,1.0914,30,1.0952,0.0,0.0,0.0,0.0,0.0,570
2023-05-11 09:37:41,OP10005382,500ETF沽12月7250,0.0,0.0,0.0,0.0,30,1.0842,1.0914,10,1.0952,0.0,0.0,0.0,0.0,0.0,570
2023-05-11 09:37:41,OP10005382,500ETF沽12月7250,0.0,0.0,0.0,0.0,30,1.0842,1.0914,10,1.0952,0.0,0.0,0.0,0.0,0.0,570
2023-05-11 09:37:41,OP10005382,500ETF沽12月7250,0.0,0.0,0.0,0.0,30,1.0842,1.0914,10,1.0952,0.0,0.0,0.0,0.0,0.0,570
2023-05-11 09:37:44,OP10005382,500ETF沽12月7250,0.0,0.0,0.0,0.0,30,1.0842,1.0914,10,1.0952,0.0,0.0,0.0,0.0,0.0,570
2023-05-11 09:37:44,OP10005382,500ETF沽12月7250,0.0,0.0,0.0,0.0,30,1.0842,1.0914,10,1.0952,0.0,0.0,0.0,0.0,0.0,570
2023-05-11 09:37:44,OP10005382,500ETF沽12月7250,0.0,0.0,0.0,0.0,30,1.0842,1.0914,10,1.0952,0.0,0.0,0.0,0.0,0.0,570
2023-05-11 09:37:47,OP10005382,500ETF沽12月7250,0.0,0.0,0.0,0.0,30,1.0842,1.0914,10,1.0952,0.0,0.0,0.0,0.0,0.0,570
2023-05-11 09:37:47,OP10005382,500ETF沽12月7250,0.0,0.0,0.0,0.0,30,1.0842,1.0914,10,1.0952,0.0,0.0,0.0,0.0,0.0,570
2023-05-11 09:37:47,OP10005382,500ETF沽12月7250,0.0,0.0,0.0,0.0,30,1.0842,1.0913,10,1.0952,0.0,0.0,0.0,0.0,0.0,570
2023-05-11 09:37:47,OP10005382,500ETF沽12月7250,0.0,0.0,0.0,0.0,30,1.0842,1.0913,10,1.0952,0.0,0.0,0.0,0.0,0.0,570
2023-05-11 09:37:50,OP10005382,500ETF沽12月7250,0.0,0.0,0.0,0.0,20,1.0842,1.0901,10,1.0952,0.0,0.0,0.0,0.0,0.0,570
2023-05-11 09:37:50,OP10005382,500ETF沽12月7250,0.0,0.0,0.0,0.0,20,1.0842,1.0901,10,1.0952,0.0,0.0,0.0,0.0,0.0,570
2023-05-11 09:37:50,OP10005382,500ETF沽12月7250,0.0,0.0,0.0,0.0,20,1.0832,1.0901,10,1.0952,0.0,0.0,0.0,0.0,0.0,570
2023-05-11 09:37:50,OP10005382,500ETF沽12月7250,0.0,0.0,0.0,0.0,20,1.0832,1.0901,10,1.0952,0.0,0.0,0.0,0.0,0.0,570
2023-05-11 09:37:50,OP10005382,500ETF沽12月7250,0.0,0.0,0.0,0.0,10,1.0829,1.0901,10,1.0952,0.0,0.0,0.0,0.0,0.0,570
2023-05-11 09:37:53,OP10005382,500ETF沽12月7250,0.0,0.0,0.0,0.0,10,1.0829,1.0901,10,1.0952,0.0,0.0,0.0,0.0,0.0,570
2023-05-11 09:37:59,OP10005382,500ETF沽12月7250,0.0,0.0,0.0,0.0,10,1.0829,1.0901,10,1.0952,0.0,0.0,0.0,0.0,0.0,570
2023-05-11 09:38:02,OP10005382,500ETF沽12月7250,0.0,0.0,0.0,0.0,20,1.0826,1.0888,10,1.0952,0.0,0.0,0.0,0.0,0.0,570
2023-05-11 09:38:02,OP10005382,500ETF沽12月7250,0.0,0.0,0.0,0.0,20,1.0826,1.0888,10,1.0952,0.0,0.0,0.0,0.0,0.0,570
2023-05-11 09:38:02,OP10005382,500ETF沽12月7250,0.0,0.0,0.0,0.0,20,1.0826,1.0888,30,1.0952,0.0,0.0,0.0,0.0,0.0,570
2023-05-11 09:38:05,OP10005382,500ETF沽12月7250,0.0,0.0,0.0,0.0,20,1.0826,1.0888,30,1.0952,0.0,0.0,0.0,0.0,0.0,570
2023-05-11 09:38:05,OP10005382,500ETF沽12月7250,0.0,0.0,0.0,0.0,20,1.0826,1.0888,30,1.0952,0.0,0.0,0.0,0.0,0.0,570
2023-05-11 09:38:05,OP10005382,500ETF沽12月7250,0.0,0.0,0.0,0.0,20,1.0826,1.0888,30,1.0952,0.0,0.0,0.0,0.0,0.0,570
2023-05-11 09:38:11,OP10005382,500ETF沽12月7250,0.0,0.0,0.0,0.0,20,1.0826,1.0888,30,1.0952,0.0,0.0,0.0,0.0,0.0,570
2023-05-11 09:38:23,OP10005382,500ETF沽12月7250,0.0,0.0,0.0,0.0,20,1.0826,1.0874,10,1.0952,0.0,0.0,0.0,0.0,0.0,570
2023-05-11 09:38:23,OP10005382,500ETF沽12月7250,0.0,0.0,0.0,0.0,10,1.0808,1.0874,10,1.0952,0.0,0.0,0.0,0.0,0.0,570
2023-05-11 09:38:23,OP10005382,500ETF沽12月7250,0.0,0.0,0.0,0.0,20,1.0802,1.0874,30,1.0952,0.0,0.0,0.0,0.0,0.0,570
2023-05-11 09:38:23,OP10005382,500ETF沽12月7250,0.0,0.0,0.0,0.0,10,1.0816,1.0874,20,1.0952,0.0,0.0,0.0,0.0,0.0,570
2023-05-11 09:38:26,OP10005382,500ETF沽12月7250,0.0,0.0,0.0,0.0,30,1.0816,1.0874,20,1.0952,0.0,0.0,0.0,0.0,0.0,570
2023-05-11 09:38:26,OP10005382,500ETF沽12月7250,0.0,0.0,0.0,0.0,20,1.0816,1.087,10,1.0952,0.0,0.0,0.0,0.0,0.0,570
2023-05-11 09:38:26,OP10005382,500ETF沽12月7250,0.0,0.0,0.0,0.0,20,1.0801,1.087,10,1.0952,0.0,0.0,0.0,0.0,0.0,570
2023-05-11 09:38:26,OP10005382,500ETF沽12月7250,0.0,0.0,0.0,0.0,20,1.0801,1.087,10,1.0952,0.0,0.0,0.0,0.0,0.0,570
2023-05-11 09:38:26,OP10005382,500ETF沽12月7250,0.0,0.0,0.0,0.0,20,1.0801,1.087,10,1.0952,0.0,0.0,0.0,0.0,0.0,570
2023-05-11 09:38:29,OP10005382,500ETF沽12月7250,0.0,0.0,0.0,0.0,20,1.0801,1.087,10,1.0952,0.0,0.0,0.0,0.0,0.0,570
2023-05-11 09:38:29,OP10005382,500ETF沽12月7250,0.0,0.0,0.0,0.0,20,1.0801,1.087,10,1.0952,0.0,0.0,0.0,0.0,0.0,570
2023-05-11 09:38:32,OP10005382,500ETF沽12月7250,0.0,0.0,0.0,0.0,20,1.0801,1.087,10,1.0952,0.0,0.0,0.0,0.0,0.0,570
2023-05-11 09:38:32,OP10005382,500ETF沽12月7250,0.0,0.0,0.0,0.0,20,1.0801,1.087,10,1.0952,0.0,0.0,0.0,0.0,0.0,570
2023-05-11 09:38:35,OP10005382,500ETF沽12月7250,0.0,0.0,0.0,0.0,20,1.0801,1.087,10,1.0952,0.0,0.0,0.0,0.0,0.0,570
2023-05-11 09:38:35,OP10005382,500ETF沽12月7250,0.0,0.0,0.0,0.0,10,1.0817,1.0888,30,1.0952,0.0,0.0,0.0,0.0,0.0,570
2023-05-11 09:38:38,OP10005382,500ETF沽12月7250,0.0,0.0,0.0,0.0,30,1.0817,1.0888,20,1.0952,0.0,0.0,0.0,0.0,0.0,570
2023-05-11 09:38:38,OP10005382,500ETF沽12月7250,0.0,0.0,0.0,0.0,10,1.0817,1.0888,20,1.0952,0.0,0.0,0.0,0.0,0.0,570
2023-05-11 09:38:38,OP10005382,500ETF沽12月7250,0.0,0.0,0.0,0.0,10,1.0817,1.0883,10,1.0952,0.0,0.0,0.0,0.0,0.0,570
2023-05-11 09:38:38,OP10005382,500ETF沽12月7250,0.0,0.0,0.0,0.0,10,1.0817,1.0883,10,1.0952,0.0,0.0,0.0,0.0,0.0,570
2023-05-11 09:38:38,OP10005382,500ETF沽12月7250,0.0,0.0,0.0,0.0,10,1.0817,1.0883,10,1.0952,0.0,0.0,0.0,0.0,0.0,570
2023-05-11 09:38:38,OP10005382,500ETF沽12月7250,0.0,0.0,0.0,0.0,10,1.0817,1.0883,10,1.0952,0.0,0.0,0.0,0.0,0.0,570
2023-05-11 09:38:41,OP10005382,500ETF沽12月7250,0.0,0.0,0.0,0.0,10,1.0817,1.0883,10,1.0952,0.0,0.0,0.0,0.0,0.0,570
2023-05-11 09:38:44,OP10005382,500ETF沽12月7250,0.0,0.0,0.0,0.0,10,1.0817,1.0883,10,1.0952,0.0,0.0,0.0,0.0,0.0,570
2023-05-11 09:38:44,OP10005382,500ETF沽12月7250,0.0,0.0,0.0,0.0,10,1.0804,1.0875,10,1.0952,0.0,0.0,0.0,0.0,0.0,570
2023-05-11 09:38:44,OP10005382,500ETF沽12月7250,0.0,0.0,0.0,0.0,10,1.0804,1.0875,10,1.0952,0.0,0.0,0.0,0.0,0.0,570
2023-05-11 09:38:44,OP10005382,500ETF沽12月7250,0.0,0.0,0.0,0.0,10,1.0804,1.0875,10,1.0952,0.0,0.0,0.0,0.0,0.0,570
2023-05-11 09:38:47,OP10005382,500ETF沽12月7250,0.0,0.0,0.0,0.0,10,1.0804,1.0875,30,1.0952,0.0,0.0,0.0,0.0,0.0,570
2023-05-11 09:38:47,OP10005382,500ETF沽12月7250,0.0,0.0,0.0,0.0,10,1.0804,1.0875,30,1.0952,0.0,0.0,0.0,0.0,0.0,570
2023-05-11 09:38:50,OP10005382,500ETF沽12月7250,0.0,0.0,0.0,0.0,10,1.0804,1.0875,30,1.0952,0.0,0.0,0.0,0.0,0.0,570
2023-05-11 09:38:53,OP10005382,500ETF沽12月7250,0.0,0.0,0.0,0.0,10,1.0818,1.0875,20,1.0952,0.0,0.0,0.0,0.0,0.0,570
2023-05-11 09:38:53,OP10005382,500ETF沽12月7250,0.0,0.0,0.0,0.0,30,1.0818,1.0883,10,1.0952,0.0,0.0,0.0,0.0,0.0,570
2023-05-11 09:38:53,OP10005382,500ETF沽12月7250,0.0,0.0,0.0,0.0,30,1.0818,1.0887,20,1.0952,0.0,0.0,0.0,0.0,0.0,570
2023-05-11 09:38:53,OP10005382,500ETF沽12月7250,0.0,0.0,0.0,0.0,30,1.0818,1.0887,20,1.0952,0.0,0.0,0.0,0.0,0.0,570
2023-05-11 09:38:53,OP10005382,500ETF沽12月7250,0.0,0.0,0.0,0.0,30,1.0818,1.0887,20,1.0952,0.0,0.0,0.0,0.0,0.0,570
2023-05-11 09:38:56,OP10005382,500ETF沽12月7250,0.0,0.0,0.0,0.0,30,1.0818,1.0881,10,1.0952,0.0,0.0,0.0,0.0,0.0,570
2023-05-11 09:38:56,OP10005382,500ETF沽12月7250,0.0,0.0,0.0,0.0,30,1.0818,1.0881,10,1.0952,0.0,0.0,0.0,0.0,0.0,570
2023-05-11 09:38:56,OP10005382,500ETF沽12月7250,0.0,0.0,0.0,0.0,30,1.0818,1.0887,20,1.0952,0.0,0.0,0.0,0.0,0.0,570
2023-05-11 09:38:56,OP10005382,500ETF沽12月7250,0.0,0.0,0.0,0.0,30,1.0818,1.0887,20,1.0952,0.0,0.0,0.0,0.0,0.0,570
2023-05-11 09:38:59,OP10005382,500ETF沽12月7250,0.0,0.0,0.0,0.0,20,1.0818,1.0871,10,1.0952,0.0,0.0,0.0,0.0,0.0,570
2023-05-11 09:38:59,OP10005382,500ETF沽12月7250,0.0,0.0,0.0,0.0,10,1.0806,1.0871,10,1.0952,0.0,0.0,0.0,0.0,0.0,570
2023-05-11 09:38:59,OP10005382,500ETF沽12月7250,0.0,0.0,0.0,0.0,30,1.0801,1.0871,10,1.0952,0.0,0.0,0.0,0.0,0.0,570
2023-05-11 09:38:59,OP10005382,500ETF沽12月7250,0.0,0.0,0.0,0.0,30,1.0801,1.0871,10,1.0952,0.0,0.0,0.0,0.0,0.0,570
2023-05-11 09:38:59,OP10005382,500ETF沽12月7250,0.0,0.0,0.0,0.0,30,1.0801,1.0871,10,1.0952,0.0,0.0,0.0,0.0,0.0,570
2023-05-11 09:39:02,OP10005382,500ETF沽12月7250,0.0,0.0,0.0,0.0,30,1.0801,1.0871,10,1.0952,0.0,0.0,0.0,0.0,0.0,570
2023-05-11 09:39:02,OP10005382,500ETF沽12月7250,0.0,0.0,0.0,0.0,20,1.0801,1.0871,10,1.0952,0.0,0.0,0.0,0.0,0.0,570
2023-05-11 09:39:02,OP10005382,500ETF沽12月7250,0.0,0.0,0.0,0.0,20,1.0801,1.0871,10,1.0952,0.0,0.0,0.0,0.0,0.0,570
2023-05-11 09:39:05,OP10005382,500ETF沽12月7250,0.0,0.0,0.0,0.0,20,1.0801,1.0871,10,1.0952,0.0,0.0,0.0,0.0,0.0,570
2023-05-11 09:39:05,OP10005382,500ETF沽12月7250,0.0,0.0,0.0,0.0,20,1.0801,1.0871,10,1.0952,0.0,0.0,0.0,0.0,0.0,570
2023-05-11 09:39:08,OP10005382,500ETF沽12月7250,0.0,0.0,0.0,0.0,20,1.0801,1.0856,10,1.0952,0.0,0.0,0.0,0.0,0.0,570
2023-05-11 09:39:08,OP10005382,500ETF沽12月7250,0.0,0.0,0.0,0.0,20,1.0801,1.0856,10,1.0952,0.0,0.0,0.0,0.0,0.0,570
2023-05-11 09:39:08,OP10005382,500ETF沽12月7250,0.0,0.0,0.0,0.0,20,1.0801,1.0856,10,1.0952,0.0,0.0,0.0,0.0,0.0,570
2023-05-11 09:39:08,OP10005382,500ETF沽12月7250,0.0,0.0,0.0,0.0,20,1.0801,1.0871,10,1.0952,0.0,0.0,0.0,0.0,0.0,570
2023-05-11 09:39:11,OP10005382,500ETF沽12月7250,0.0,0.0,0.0,0.0,20,1.0801,1.0871,10,1.0952,0.0,0.0,0.0,0.0,0.0,570
2023-05-11 09:39:11,OP10005382,500ETF沽12月7250,0.0,0.0,0.0,0.0,20,1.0801,1.0871,10,1.0952,0.0,0.0,0.0,0.0,0.0,570
2023-05-11 09:39:14,OP10005382,500ETF沽12月7250,0.0,0.0,0.0,0.0,20,1.0801,1.0871,10,1.0952,0.0,0.0,0.0,0.0,0.0,570
2023-05-11 09:39:14,OP10005382,500ETF沽12月7250,0.0,0.0,0.0,0.0,20,1.0801,1.0871,10,1.0952,0.0,0.0,0.0,0.0,0.0,570
2023-05-11 09:39:23,OP10005382,500ETF沽12月7250,0.0,0.0,0.0,0.0,20,1.0801,1.0857,10,1.0952,0.0,0.0,0.0,0.0,0.0,570
2023-05-11 09:39:23,OP10005382,500ETF沽12月7250,0.0,0.0,0.0,0.0,20,1.0801,1.0857,20,1.0952,0.0,0.0,0.0,0.0,0.0,570
2023-05-11 09:39:23,OP10005382,500ETF沽12月7250,0.0,0.0,0.0,0.0,10,1.0791,1.0857,20,1.0952,0.0,0.0,0.0,0.0,0.0,570
2023-05-11 09:39:26,OP10005382,500ETF沽12月7250,0.0,0.0,0.0,0.0,20,1.079,1.0857,20,1.0952,0.0,0.0,0.0,0.0,0.0,570
2023-05-11 09:39:26,OP10005382,500ETF沽12月7250,0.0,0.0,0.0,0.0,20,1.079,1.0857,20,1.0952,0.0,0.0,0.0,0.0,0.0,570
2023-05-11 09:39:26,OP10005382,500ETF沽12月7250,0.0,0.0,0.0,0.0,20,1.079,1.0857,20,1.0952,0.0,0.0,0.0,0.0,0.0,570
2023-05-11 09:39:26,OP10005382,500ETF沽12月7250,0.0,0.0,0.0,0.0,20,1.079,1.0857,20,1.0952,0.0,0.0,0.0,0.0,0.0,570
2023-05-11 09:39:29,OP10005382,500ETF沽12月7250,0.0,0.0,0.0,0.0,20,1.079,1.0857,20,1.0952,0.0,0.0,0.0,0.0,0.0,570
2023-05-11 09:39:32,OP10005382,500ETF沽12月7250,0.0,0.0,0.0,0.0,20,1.079,1.0857,20,1.0952,0.0,0.0,0.0,0.0,0.0,570
2023-05-11 09:39:35,OP10005382,500ETF沽12月7250,0.0,0.0,0.0,0.0,20,1.079,1.0857,20,1.0952,0.0,0.0,0.0,0.0,0.0,570
2023-05-11 09:39:35,OP10005382,500ETF沽12月7250,0.0,0.0,0.0,0.0,20,1.079,1.0857,20,1.0952,0.0,0.0,0.0,0.0,0.0,570
2023-05-11 09:39:38,OP10005382,500ETF沽12月7250,0.0,0.0,0.0,0.0,20,1.079,1.0857,20,1.0952,0.0,0.0,0.0,0.0,0.0,570
2023-05-11 09:39:38,OP10005382,500ETF沽12月7250,0.0,0.0,0.0,0.0,20,1.079,1.0857,20,1.0952,0.0,0.0,0.0,0.0,0.0,570
2023-05-11 09:39:41,OP10005382,500ETF沽12月7250,0.0,0.0,0.0,0.0,20,1.079,1.0857,20,1.0952,0.0,0.0,0.0,0.0,0.0,570
2023-05-11 09:39:41,OP10005382,500ETF沽12月7250,0.0,0.0,0.0,0.0,20,1.079,1.0857,20,1.0952,0.0,0.0,0.0,0.0,0.0,570
2023-05-11 09:39:44,OP10005382,500ETF沽12月7250,0.0,0.0,0.0,0.0,20,1.079,1.0857,20,1.0952,0.0,0.0,0.0,0.0,0.0,570
2023-05-11 09:39:47,OP10005382,500ETF沽12月7250,0.0,0.0,0.0,0.0,20,1.079,1.0857,20,1.0952,0.0,0.0,0.0,0.0,0.0,570
2023-05-11 09:39:50,OP10005382,500ETF沽12月7250,0.0,0.0,0.0,0.0,20,1.079,1.0857,20,1.0952,0.0,0.0,0.0,0.0,0.0,570
2023-05-11 09:39:50,OP10005382,500ETF沽12月7250,0.0,0.0,0.0,0.0,20,1.079,1.0857,20,1.0952,0.0,0.0,0.0,0.0,0.0,570
2023-05-11 09:39:56,OP10005382,500ETF沽12月7250,0.0,0.0,0.0,0.0,20,1.079,1.0857,20,1.0952,0.0,0.0,0.0,0.0,0.0,570
2023-05-11 09:39:59,OP10005382,500ETF沽12月7250,0.0,0.0,0.0,0.0,20,1.079,1.0841,10,1.0952,0.0,0.0,0.0,0.0,0.0,570
2023-05-11 09:39:59,OP10005382,500ETF沽12月7250,0.0,0.0,0.0,0.0,30,1.0773,1.0841,30,1.0952,0.0,0.0,0.0,0.0,0.0,570
2023-05-11 09:39:59,OP10005382,500ETF沽12月7250,0.0,0.0,0.0,0.0,20,1.0773,1.0841,30,1.0952,0.0,0.0,0.0,0.0,0.0,570
2023-05-11 09:39:59,OP10005382,500ETF沽12月7250,0.0,0.0,0.0,0.0,20,1.0773,1.0841,40,1.0952,0.0,0.0,0.0,0.0,0.0,570
2023-05-11 09:39:59,OP10005382,500ETF沽12月7250,0.0,0.0,0.0,0.0,20,1.0773,1.0841,40,1.0952,0.0,0.0,0.0,0.0,0.0,570
2023-05-11 09:40:02,OP10005382,500ETF沽12月7250,0.0,0.0,0.0,0.0,20,1.0773,1.0841,40,1.0952,0.0,0.0,0.0,0.0,0.0,570
2023-05-11 09:40:02,OP10005382,500ETF沽12月7250,0.0,0.0,0.0,0.0,20,1.0773,1.0841,40,1.0952,0.0,0.0,0.0,0.0,0.0,570
2023-05-11 09:40:02,OP10005382,500ETF沽12月7250,0.0,0.0,0.0,0.0,20,1.0773,1.0841,40,1.0952,0.0,0.0,0.0,0.0,0.0,570
2023-05-11 09:40:05,OP10005382,500ETF沽12月7250,0.0,0.0,0.0,0.0,10,1.0785,1.0857,10,1.0952,0.0,0.0,0.0,0.0,0.0,570
2023-05-11 09:40:05,OP10005382,500ETF沽12月7250,0.0,0.0,0.0,0.0,30,1.0785,1.0857,10,1.0952,0.0,0.0,0.0,0.0,0.0,570
2023-05-11 09:40:08,OP10005382,500ETF沽12月7250,0.0,0.0,0.0,0.0,30,1.0785,1.0857,10,1.0952,0.0,0.0,0.0,0.0,0.0,570
2023-05-11 09:40:08,OP10005382,500ETF沽12月7250,0.0,0.0,0.0,0.0,30,1.0785,1.0857,10,1.0952,0.0,0.0,0.0,0.0,0.0,570
2023-05-11 09:40:11,OP10005382,500ETF沽12月7250,0.0,0.0,0.0,0.0,30,1.0785,1.0857,10,1.0952,0.0,0.0,0.0,0.0,0.0,570
2023-05-11 09:40:11,OP10005382,500ETF沽12月7250,0.0,0.0,0.0,0.0,30,1.0785,1.0857,10,1.0952,0.0,0.0,0.0,0.0,0.0,570
2023-05-11 09:40:11,OP10005382,500ETF沽12月7250,0.0,0.0,0.0,0.0,30,1.0785,1.0857,10,1.0952,0.0,0.0,0.0,0.0,0.0,570
2023-05-11 09:40:11,OP10005382,500ETF沽12月7250,0.0,0.0,0.0,0.0,30,1.0785,1.0857,10,1.0952,0.0,0.0,0.0,0.0,0.0,570
2023-05-11 09:40:14,OP10005382,500ETF沽12月7250,0.0,0.0,0.0,0.0,20,1.0785,1.0844,10,1.0952,0.0,0.0,0.0,0.0,0.0,570
2023-05-11 09:40:14,OP10005382,500ETF沽12月7250,0.0,0.0,0.0,0.0,20,1.0785,1.0844,30,1.0952,0.0,0.0,0.0,0.0,0.0,570
2023-05-11 09:40:14,OP10005382,500ETF沽12月7250,0.0,0.0,0.0,0.0,20,1.0785,1.0844,40,1.0952,0.0,0.0,0.0,0.0,0.0,570
2023-05-11 09:40:14,OP10005382,500ETF沽12月7250,0.0,0.0,0.0,0.0,10,1.0775,1.0844,40,1.0952,0.0,0.0,0.0,0.0,0.0,570
2023-05-11 09:40:14,OP10005382,500ETF沽12月7250,0.0,0.0,0.0,0.0,20,1.0773,1.0844,40,1.0952,0.0,0.0,0.0,0.0,0.0,570
2023-05-11 09:40:17,OP10005382,500ETF沽12月7250,0.0,0.0,0.0,0.0,20,1.0773,1.083,10,1.0952,0.0,0.0,0.0,0.0,0.0,570
2023-05-11 09:40:17,OP10005382,500ETF沽12月7250,0.0,0.0,0.0,0.0,20,1.0773,1.083,10,1.0952,0.0,0.0,0.0,0.0,0.0,570
2023-05-11 09:40:17,OP10005382,500ETF沽12月7250,0.0,0.0,0.0,0.0,20,1.0773,1.083,10,1.0952,0.0,0.0,0.0,0.0,0.0,570
2023-05-11 09:40:17,OP10005382,500ETF沽12月7250,0.0,0.0,0.0,0.0,30,1.076,1.083,10,1.0952,0.0,0.0,0.0,0.0,0.0,570
2023-05-11 09:40:17,OP10005382,500ETF沽12月7250,0.0,0.0,0.0,0.0,30,1.076,1.083,10,1.0952,0.0,0.0,0.0,0.0,0.0,570
2023-05-11 09:40:20,OP10005382,500ETF沽12月7250,0.0,0.0,0.0,0.0,30,1.076,1.083,10,1.0952,0.0,0.0,0.0,0.0,0.0,570
2023-05-11 09:40:23,OP10005382,500ETF沽12月7250,0.0,0.0,0.0,0.0,30,1.076,1.083,10,1.0952,0.0,0.0,0.0,0.0,0.0,570
2023-05-11 09:40:26,OP10005382,500ETF沽12月7250,0.0,0.0,0.0,0.0,20,1.076,1.083,10,1.0952,0.0,0.0,0.0,0.0,0.0,570
2023-05-11 09:40:26,OP10005382,500ETF沽12月7250,0.0,0.0,0.0,0.0,20,1.076,1.0829,10,1.0952,0.0,0.0,0.0,0.0,0.0,570
2023-05-11 09:40:26,OP10005382,500ETF沽12月7250,0.0,0.0,0.0,0.0,20,1.076,1.0817,10,1.0952,0.0,0.0,0.0,0.0,0.0,570
2023-05-11 09:40:26,OP10005382,500ETF沽12月7250,0.0,0.0,0.0,0.0,20,1.076,1.0817,30,1.0952,0.0,0.0,0.0,0.0,0.0,570
2023-05-11 09:40:26,OP10005382,500ETF沽12月7250,0.0,0.0,0.0,0.0,20,1.076,1.0817,30,1.0952,0.0,0.0,0.0,0.0,0.0,570
2023-05-11 09:40:29,OP10005382,500ETF沽12月7250,0.0,0.0,0.0,0.0,30,1.0749,1.0817,10,1.0952,0.0,0.0,0.0,0.0,0.0,570
2023-05-11 09:40:29,OP10005382,500ETF沽12月7250,0.0,0.0,0.0,0.0,10,1.076,1.0829,10,1.0952,0.0,0.0,0.0,0.0,0.0,570
2023-05-11 09:40:29,OP10005382,500ETF沽12月7250,0.0,0.0,0.0,0.0,30,1.076,1.0829,10,1.0952,0.0,0.0,0.0,0.0,0.0,570
2023-05-11 09:40:29,OP10005382,500ETF沽12月7250,0.0,0.0,0.0,0.0,30,1.076,1.0829,10,1.0952,0.0,0.0,0.0,0.0,0.0,570
2023-05-11 09:40:29,OP10005382,500ETF沽12月7250,0.0,0.0,0.0,0.0,30,1.076,1.0829,10,1.0952,0.0,0.0,0.0,0.0,0.0,570
2023-05-11 09:40:32,OP10005382,500ETF沽12月7250,0.0,0.0,0.0,0.0,30,1.076,1.0829,10,1.0952,0.0,0.0,0.0,0.0,0.0,570
2023-05-11 09:40:32,OP10005382,500ETF沽12月7250,0.0,0.0,0.0,0.0,30,1.076,1.0829,10,1.0952,0.0,0.0,0.0,0.0,0.0,570
2023-05-11 09:40:32,OP10005382,500ETF沽12月7250,0.0,0.0,0.0,0.0,30,1.076,1.0829,10,1.0952,0.0,0.0,0.0,0.0,0.0,570
2023-05-11 09:40:35,OP10005382,500ETF沽12月7250,0.0,0.0,0.0,0.0,30,1.076,1.0829,10,1.0952,0.0,0.0,0.0,0.0,0.0,570
2023-05-11 09:40:38,OP10005382,500ETF沽12月7250,0.0,0.0,0.0,0.0,30,1.076,1.0832,10,1.0952,0.0,0.0,0.0,0.0,0.0,570
2023-05-11 09:40:38,OP10005382,500ETF沽12月7250,0.0,0.0,0.0,0.0,10,1.0761,1.0832,10,1.0952,0.0,0.0,0.0,0.0,0.0,570
2023-05-11 09:40:38,OP10005382,500ETF沽12月7250,0.0,0.0,0.0,0.0,10,1.0761,1.0832,10,1.0952,0.0,0.0,0.0,0.0,0.0,570
2023-05-11 09:40:38,OP10005382,500ETF沽12月7250,0.0,0.0,0.0,0.0,20,1.0761,1.0832,10,1.0952,0.0,0.0,0.0,0.0,0.0,570
2023-05-11 09:40:41,OP10005382,500ETF沽12月7250,0.0,0.0,0.0,0.0,20,1.0761,1.0832,10,1.0952,0.0,0.0,0.0,0.0,0.0,570
2023-05-11 09:40:41,OP10005382,500ETF沽12月7250,0.0,0.0,0.0,0.0,10,1.0773,1.0836,20,1.0952,0.0,0.0,0.0,0.0,0.0,570
2023-05-11 09:40:41,OP10005382,500ETF沽12月7250,0.0,0.0,0.0,0.0,30,1.0773,1.0845,20,1.0952,0.0,0.0,0.0,0.0,0.0,570
2023-05-11 09:40:41,OP10005382,500ETF沽12月7250,0.0,0.0,0.0,0.0,30,1.0773,1.0845,20,1.0952,0.0,0.0,0.0,0.0,0.0,570
2023-05-11 09:40:44,OP10005382,500ETF沽12月7250,0.0,0.0,0.0,0.0,30,1.0773,1.0845,20,1.0952,0.0,0.0,0.0,0.0,0.0,570
2023-05-11 09:40:47,OP10005382,500ETF沽12月7250,0.0,0.0,0.0,0.0,40,1.0773,1.0845,20,1.0952,0.0,0.0,0.0,0.0,0.0,570
2023-05-11 09:40:56,OP10005382,500ETF沽12月7250,0.0,0.0,0.0,0.0,40,1.0773,1.0845,20,1.0952,0.0,0.0,0.0,0.0,0.0,570
2023-05-11 09:40:56,OP10005382,500ETF沽12月7250,0.0,0.0,0.0,0.0,10,1.0775,1.0845,20,1.0952,0.0,0.0,0.0,0.0,0.0,570
2023-05-11 09:40:59,OP10005382,500ETF沽12月7250,0.0,0.0,0.0,0.0,10,1.0786,1.0845,10,1.0952,0.0,0.0,0.0,0.0,0.0,570
2023-05-11 09:40:59,OP10005382,500ETF沽12月7250,0.0,0.0,0.0,0.0,30,1.0786,1.0845,10,1.0952,0.0,0.0,0.0,0.0,0.0,570
2023-05-11 09:40:59,OP10005382,500ETF沽12月7250,0.0,0.0,0.0,0.0,30,1.0786,1.0855,10,1.0952,0.0,0.0,0.0,0.0,0.0,570
2023-05-11 09:40:59,OP10005382,500ETF沽12月7250,0.0,0.0,0.0,0.0,30,1.0786,1.0858,30,1.0952,0.0,0.0,0.0,0.0,0.0,570
2023-05-11 09:40:59,OP10005382,500ETF沽12月7250,0.0,0.0,0.0,0.0,30,1.0786,1.0858,30,1.0952,0.0,0.0,0.0,0.0,0.0,570
2023-05-11 09:40:59,OP10005382,500ETF沽12月7250,0.0,0.0,0.0,0.0,40,1.0786,1.0858,30,1.0952,0.0,0.0,0.0,0.0,0.0,570
2023-05-11 09:41:05,OP10005382,500ETF沽12月7250,0.0,0.0,0.0,0.0,50,1.0786,1.0858,10,1.0952,0.0,0.0,0.0,0.0,0.0,570
2023-05-11 09:41:05,OP10005382,500ETF沽12月7250,0.0,0.0,0.0,0.0,10,1.0806,1.0874,10,1.0952,0.0,0.0,0.0,0.0,0.0,570
2023-05-11 09:41:05,OP10005382,500ETF沽12月7250,0.0,0.0,0.0,0.0,30,1.0806,1.0878,10,1.0952,0.0,0.0,0.0,0.0,0.0,570
2023-05-11 09:41:05,OP10005382,500ETF沽12月7250,0.0,0.0,0.0,0.0,30,1.0806,1.0878,10,1.0952,0.0,0.0,0.0,0.0,0.0,570
2023-05-11 09:41:05,OP10005382,500ETF沽12月7250,0.0,0.0,0.0,0.0,10,1.0807,1.0878,10,1.0952,0.0,0.0,0.0,0.0,0.0,570
2023-05-11 09:41:08,OP10005382,500ETF沽12月7250,0.0,0.0,0.0,0.0,10,1.0807,1.0878,10,1.0952,0.0,0.0,0.0,0.0,0.0,570
2023-05-11 09:41:08,OP10005382,500ETF沽12月7250,0.0,0.0,0.0,0.0,20,1.0807,1.0878,10,1.0952,0.0,0.0,0.0,0.0,0.0,570
2023-05-11 09:41:08,OP10005382,500ETF沽12月7250,0.0,0.0,0.0,0.0,20,1.0807,1.0878,10,1.0952,0.0,0.0,0.0,0.0,0.0,570
2023-05-11 09:41:08,OP10005382,500ETF沽12月7250,0.0,0.0,0.0,0.0,20,1.0807,1.0878,10,1.0952,0.0,0.0,0.0,0.0,0.0,570
2023-05-11 09:41:11,OP10005382,500ETF沽12月7250,0.0,0.0,0.0,0.0,20,1.0807,1.0878,10,1.0952,0.0,0.0,0.0,0.0,0.0,570
2023-05-11 09:41:17,OP10005382,500ETF沽12月7250,0.0,0.0,0.0,0.0,20,1.0807,1.0878,10,1.0952,0.0,0.0,0.0,0.0,0.0,570
2023-05-11 09:41:29,OP10005382,500ETF沽12月7250,0.0,0.0,0.0,0.0,20,1.0807,1.0878,10,1.0952,0.0,0.0,0.0,0.0,0.0,570
2023-05-11 09:41:38,OP10005382,500ETF沽12月7250,0.0,0.0,0.0,0.0,20,1.0807,1.0878,10,1.0952,0.0,0.0,0.0,0.0,0.0,570
2023-05-11 09:41:41,OP10005382,500ETF沽12月7250,0.0,0.0,0.0,0.0,20,1.0807,1.0878,10,1.0952,0.0,0.0,0.0,0.0,0.0,570
2023-05-11 09:41:47,OP10005382,500ETF沽12月7250,0.0,0.0,0.0,0.0,10,1.0807,1.0878,10,1.0952,0.0,0.0,0.0,0.0,0.0,570
2023-05-11 09:41:47,OP10005382,500ETF沽12月7250,0.0,0.0,0.0,0.0,30,1.0806,1.0878,10,1.0952,0.0,0.0,0.0,0.0,0.0,570
2023-05-11 09:41:47,OP10005382,500ETF沽12月7250,0.0,0.0,0.0,0.0,40,1.0806,1.0878,10,1.0952,0.0,0.0,0.0,0.0,0.0,570
2023-05-11 09:41:47,OP10005382,500ETF沽12月7250,0.0,0.0,0.0,0.0,40,1.0806,1.0878,30,1.0952,0.0,0.0,0.0,0.0,0.0,570
2023-05-11 09:41:50,OP10005382,500ETF沽12月7250,0.0,0.0,0.0,0.0,30,1.0806,1.0878,30,1.0952,0.0,0.0,0.0,0.0,0.0,570
2023-05-11 09:41:53,OP10005382,500ETF沽12月7250,0.0,0.0,0.0,0.0,30,1.0806,1.0878,30,1.0952,0.0,0.0,0.0,0.0,0.0,570
2023-05-11 09:41:53,OP10005382,500ETF沽12月7250,0.0,0.0,0.0,0.0,30,1.0806,1.0878,30,1.0952,0.0,0.0,0.0,0.0,0.0,570
2023-05-11 09:41:56,OP10005382,500ETF沽12月7250,0.0,0.0,0.0,0.0,30,1.0806,1.0878,30,1.0952,0.0,0.0,0.0,0.0,0.0,570
2023-05-11 09:42:05,OP10005382,500ETF沽12月7250,0.0,0.0,0.0,0.0,20,1.0806,1.0863,10,1.0952,0.0,0.0,0.0,0.0,0.0,570
2023-05-11 09:42:05,OP10005382,500ETF沽12月7250,0.0,0.0,0.0,0.0,20,1.0806,1.0863,10,1.0952,0.0,0.0,0.0,0.0,0.0,570
2023-05-11 09:42:05,OP10005382,500ETF沽12月7250,0.0,0.0,0.0,0.0,20,1.0806,1.0863,30,1.0952,0.0,0.0,0.0,0.0,0.0,570
2023-05-11 09:42:05,OP10005382,500ETF沽12月7250,0.0,0.0,0.0,0.0,20,1.0806,1.0863,30,1.0952,0.0,0.0,0.0,0.0,0.0,570
2023-05-11 09:42:08,OP10005382,500ETF沽12月7250,0.0,0.0,0.0,0.0,20,1.0795,1.0863,30,1.0952,0.0,0.0,0.0,0.0,0.0,570
2023-05-11 09:42:08,OP10005382,500ETF沽12月7250,0.0,0.0,0.0,0.0,10,1.0795,1.0863,30,1.0952,0.0,0.0,0.0,0.0,0.0,570
2023-05-11 09:42:11,OP10005382,500ETF沽12月7250,0.0,0.0,0.0,0.0,10,1.0793,1.0863,30,1.0952,0.0,0.0,0.0,0.0,0.0,570
2023-05-11 09:42:11,OP10005382,500ETF沽12月7250,0.0,0.0,0.0,0.0,10,1.0793,1.0863,30,1.0952,0.0,0.0,0.0,0.0,0.0,570
2023-05-11 09:42:11,OP10005382,500ETF沽12月7250,0.0,0.0,0.0,0.0,10,1.0793,1.0863,30,1.0952,0.0,0.0,0.0,0.0,0.0,570
2023-05-11 09:42:14,OP10005382,500ETF沽12月7250,0.0,0.0,0.0,0.0,10,1.081,1.0863,20,1.0952,0.0,0.0,0.0,0.0,0.0,570
2023-05-11 09:42:14,OP10005382,500ETF沽12月7250,0.0,0.0,0.0,0.0,30,1.081,1.0879,10,1.0952,0.0,0.0,0.0,0.0,0.0,570
2023-05-11 09:42:14,OP10005382,500ETF沽12月7250,0.0,0.0,0.0,0.0,30,1.081,1.0879,10,1.0952,0.0,0.0,0.0,0.0,0.0,570
2023-05-11 09:42:17,OP10005382,500ETF沽12月7250,0.0,0.0,0.0,0.0,30,1.081,1.0882,10,1.0952,0.0,0.0,0.0,0.0,0.0,570
2023-05-11 09:42:17,OP10005382,500ETF沽12月7250,0.0,0.0,0.0,0.0,30,1.081,1.0882,10,1.0952,0.0,0.0,0.0,0.0,0.0,570
2023-05-11 09:42:17,OP10005382,500ETF沽12月7250,0.0,0.0,0.0,0.0,30,1.081,1.0882,10,1.0952,0.0,0.0,0.0,0.0,0.0,570
2023-05-11 09:42:17,OP10005382,500ETF沽12月7250,0.0,0.0,0.0,0.0,40,1.081,1.0882,10,1.0952,0.0,0.0,0.0,0.0,0.0,570
2023-05-11 09:42:20,OP10005382,500ETF沽12月7250,0.0,0.0,0.0,0.0,30,1.081,1.0865,10,1.0952,0.0,0.0,0.0,0.0,0.0,570
2023-05-11 09:42:20,OP10005382,500ETF沽12月7250,0.0,0.0,0.0,0.0,30,1.081,1.0865,30,1.0952,0.0,0.0,0.0,0.0,0.0,570
2023-05-11 09:42:20,OP10005382,500ETF沽12月7250,0.0,0.0,0.0,0.0,20,1.081,1.0865,30,1.0952,0.0,0.0,0.0,0.0,0.0,570
2023-05-11 09:42:20,OP10005382,500ETF沽12月7250,0.0,0.0,0.0,0.0,20,1.081,1.0865,30,1.0952,0.0,0.0,0.0,0.0,0.0,570
2023-05-11 09:42:20,OP10005382,500ETF沽12月7250,0.0,0.0,0.0,0.0,20,1.081,1.0865,30,1.0952,0.0,0.0,0.0,0.0,0.0,570
2023-05-11 09:42:23,OP10005382,500ETF沽12月7250,0.0,0.0,0.0,0.0,10,1.0795,1.0865,30,1.0952,0.0,0.0,0.0,0.0,0.0,570
2023-05-11 09:42:23,OP10005382,500ETF沽12月7250,0.0,0.0,0.0,0.0,10,1.0793,1.0865,30,1.0952,0.0,0.0,0.0,0.0,0.0,570
2023-05-11 09:42:23,OP10005382,500ETF沽12月7250,0.0,0.0,0.0,0.0,10,1.0793,1.0865,30,1.0952,0.0,0.0,0.0,0.0,0.0,570
2023-05-11 09:42:23,OP10005382,500ETF沽12月7250,0.0,0.0,0.0,0.0,30,1.0786,1.0852,10,1.0952,0.0,0.0,0.0,0.0,0.0,570
2023-05-11 09:42:23,OP10005382,500ETF沽12月7250,0.0,0.0,0.0,0.0,30,1.0786,1.0852,10,1.0952,0.0,0.0,0.0,0.0,0.0,570
2023-05-11 09:42:23,OP10005382,500ETF沽12月7250,0.0,0.0,0.0,0.0,20,1.0786,1.0852,10,1.0952,0.0,0.0,0.0,0.0,0.0,570
2023-05-11 09:42:26,OP10005382,500ETF沽12月7250,0.0,0.0,0.0,0.0,20,1.0786,1.0852,10,1.0952,0.0,0.0,0.0,0.0,0.0,570
2023-05-11 09:42:29,OP10005382,500ETF沽12月7250,0.0,0.0,0.0,0.0,20,1.0786,1.0852,30,1.0952,0.0,0.0,0.0,0.0,0.0,570
2023-05-11 09:42:29,OP10005382,500ETF沽12月7250,0.0,0.0,0.0,0.0,20,1.0786,1.0852,30,1.0952,0.0,0.0,0.0,0.0,0.0,570
2023-05-11 09:42:29,OP10005382,500ETF沽12月7250,0.0,0.0,0.0,0.0,20,1.0786,1.0852,30,1.0952,0.0,0.0,0.0,0.0,0.0,570
2023-05-11 09:42:29,OP10005382,500ETF沽12月7250,0.0,0.0,0.0,0.0,20,1.0786,1.0852,30,1.0952,0.0,0.0,0.0,0.0,0.0,570
2023-05-11 09:42:35,OP10005382,500ETF沽12月7250,0.0,0.0,0.0,0.0,20,1.0786,1.0852,30,1.0952,0.0,0.0,0.0,0.0,0.0,570
2023-05-11 09:42:38,OP10005382,500ETF沽12月7250,0.0,0.0,0.0,0.0,10,1.0794,1.0852,20,1.0952,0.0,0.0,0.0,0.0,0.0,570
2023-05-11 09:42:38,OP10005382,500ETF沽12月7250,0.0,0.0,0.0,0.0,10,1.0794,1.0865,30,1.0952,0.0,0.0,0.0,0.0,0.0,570
2023-05-11 09:42:38,OP10005382,500ETF沽12月7250,0.0,0.0,0.0,0.0,10,1.0794,1.0865,30,1.0952,0.0,0.0,0.0,0.0,0.0,570
2023-05-11 09:42:38,OP10005382,500ETF沽12月7250,0.0,0.0,0.0,0.0,10,1.0794,1.0865,30,1.0952,0.0,0.0,0.0,0.0,0.0,570
2023-05-11 09:42:44,OP10005382,500ETF沽12月7250,0.0,0.0,0.0,0.0,10,1.0794,1.0865,10,1.0952,0.0,0.0,0.0,0.0,0.0,570
2023-05-11 09:42:44,OP10005382,500ETF沽12月7250,0.0,0.0,0.0,0.0,10,1.0794,1.0865,10,1.0952,0.0,0.0,0.0,0.0,0.0,570
2023-05-11 09:42:44,OP10005382,500ETF沽12月7250,0.0,0.0,0.0,0.0,10,1.0794,1.0865,10,1.0952,0.0,0.0,0.0,0.0,0.0,570
2023-05-11 09:42:44,OP10005382,500ETF沽12月7250,0.0,0.0,0.0,0.0,10,1.0794,1.0865,10,1.0952,0.0,0.0,0.0,0.0,0.0,570
2023-05-11 09:42:47,OP10005382,500ETF沽12月7250,0.0,0.0,0.0,0.0,20,1.0794,1.0865,10,1.0952,0.0,0.0,0.0,0.0,0.0,570
2023-05-11 09:42:50,OP10005382,500ETF沽12月7250,0.0,0.0,0.0,0.0,10,1.0807,1.0879,10,1.0952,0.0,0.0,0.0,0.0,0.0,570
2023-05-11 09:42:50,OP10005382,500ETF沽12月7250,0.0,0.0,0.0,0.0,30,1.0807,1.0879,10,1.0952,0.0,0.0,0.0,0.0,0.0,570
2023-05-11 09:42:50,OP10005382,500ETF沽12月7250,0.0,0.0,0.0,0.0,30,1.0807,1.0879,10,1.0952,0.0,0.0,0.0,0.0,0.0,570
2023-05-11 09:42:53,OP10005382,500ETF沽12月7250,0.0,0.0,0.0,0.0,40,1.0807,1.0879,10,1.0952,0.0,0.0,0.0,0.0,0.0,570
2023-05-11 09:42:56,OP10005382,500ETF沽12月7250,0.0,0.0,0.0,0.0,40,1.0807,1.0879,10,1.0952,0.0,0.0,0.0,0.0,0.0,570
2023-05-11 09:42:59,OP10005382,500ETF沽12月7250,0.0,0.0,0.0,0.0,40,1.0807,1.0879,10,1.0952,0.0,0.0,0.0,0.0,0.0,570
2023-05-11 09:43:05,OP10005382,500ETF沽12月7250,0.0,0.0,0.0,0.0,40,1.0807,1.0879,10,1.0952,0.0,0.0,0.0,0.0,0.0,570
2023-05-11 09:43:05,OP10005382,500ETF沽12月7250,0.0,0.0,0.0,0.0,30,1.0807,1.0879,10,1.0952,0.0,0.0,0.0,0.0,0.0,570
2023-05-11 09:43:08,OP10005382,500ETF沽12月7250,0.0,0.0,0.0,0.0,40,1.0807,1.0879,10,1.0952,0.0,0.0,0.0,0.0,0.0,570
2023-05-11 09:43:08,OP10005382,500ETF沽12月7250,0.0,0.0,0.0,0.0,40,1.0807,1.0879,10,1.0952,0.0,0.0,0.0,0.0,0.0,570
2023-05-11 09:43:08,OP10005382,500ETF沽12月7250,0.0,0.0,0.0,0.0,40,1.0807,1.0879,10,1.0952,0.0,0.0,0.0,0.0,0.0,570
2023-05-11 09:43:08,OP10005382,500ETF沽12月7250,0.0,0.0,0.0,0.0,40,1.0807,1.0879,10,1.0952,0.0,0.0,0.0,0.0,0.0,570
2023-05-11 09:43:08,OP10005382,500ETF沽12月7250,0.0,0.0,0.0,0.0,40,1.0807,1.0879,10,1.0952,0.0,0.0,0.0,0.0,0.0,570
2023-05-11 09:43:11,OP10005382,500ETF沽12月7250,0.0,0.0,0.0,0.0,40,1.0807,1.0879,10,1.0952,0.0,0.0,0.0,0.0,0.0,570
2023-05-11 09:43:11,OP10005382,500ETF沽12月7250,0.0,0.0,0.0,0.0,40,1.0807,1.0879,10,1.0952,0.0,0.0,0.0,0.0,0.0,570
2023-05-11 09:43:11,OP10005382,500ETF沽12月7250,0.0,0.0,0.0,0.0,10,1.0822,1.0882,10,1.0952,0.0,0.0,0.0,0.0,0.0,570
2023-05-11 09:43:11,OP10005382,500ETF沽12月7250,0.0,0.0,0.0,0.0,30,1.0822,1.0893,10,1.0952,0.0,0.0,0.0,0.0,0.0,570
2023-05-11 09:43:14,OP10005382,500ETF沽12月7250,0.0,0.0,0.0,0.0,30,1.0822,1.0893,10,1.0952,0.0,0.0,0.0,0.0,0.0,570
2023-05-11 09:43:14,OP10005382,500ETF沽12月7250,0.0,0.0,0.0,0.0,30,1.0822,1.0893,10,1.0952,0.0,0.0,0.0,0.0,0.0,570
2023-05-11 09:43:14,OP10005382,500ETF沽12月7250,0.0,0.0,0.0,0.0,40,1.0822,1.0893,10,1.0952,0.0,0.0,0.0,0.0,0.0,570
2023-05-11 09:43:17,OP10005382,500ETF沽12月7250,0.0,0.0,0.0,0.0,30,1.0822,1.0893,10,1.0952,0.0,0.0,0.0,0.0,0.0,570
2023-05-11 09:43:20,OP10005382,500ETF沽12月7250,0.0,0.0,0.0,0.0,30,1.0822,1.0893,10,1.0952,0.0,0.0,0.0,0.0,0.0,570
2023-05-11 09:43:26,OP10005382,500ETF沽12月7250,0.0,0.0,0.0,0.0,20,1.0822,1.088,10,1.0952,0.0,0.0,0.0,0.0,0.0,570
2023-05-11 09:43:26,OP10005382,500ETF沽12月7250,0.0,0.0,0.0,0.0,20,1.0822,1.088,30,1.0952,0.0,0.0,0.0,0.0,0.0,570
2023-05-11 09:43:26,OP10005382,500ETF沽12月7250,0.0,0.0,0.0,0.0,20,1.0822,1.088,30,1.0952,0.0,0.0,0.0,0.0,0.0,570
2023-05-11 09:43:26,OP10005382,500ETF沽12月7250,0.0,0.0,0.0,0.0,20,1.0822,1.088,30,1.0952,0.0,0.0,0.0,0.0,0.0,570
2023-05-11 09:43:29,OP10005382,500ETF沽12月7250,0.0,0.0,0.0,0.0,20,1.0822,1.088,30,1.0952,0.0,0.0,0.0,0.0,0.0,570
2023-05-11 09:43:29,OP10005382,500ETF沽12月7250,0.0,0.0,0.0,0.0,10,1.0811,1.088,30,1.0952,0.0,0.0,0.0,0.0,0.0,570
2023-05-11 09:43:29,OP10005382,500ETF沽12月7250,0.0,0.0,0.0,0.0,10,1.0808,1.088,30,1.0952,0.0,0.0,0.0,0.0,0.0,570
2023-05-11 09:43:29,OP10005382,500ETF沽12月7250,0.0,0.0,0.0,0.0,20,1.0808,1.088,30,1.0952,0.0,0.0,0.0,0.0,0.0,570
2023-05-11 09:43:44,OP10005382,500ETF沽12月7250,0.0,0.0,0.0,0.0,20,1.0808,1.088,30,1.0952,0.0,0.0,0.0,0.0,0.0,570
2023-05-11 09:43:47,OP10005382,500ETF沽12月7250,0.0,0.0,0.0,0.0,10,1.0808,1.088,30,1.0952,0.0,0.0,0.0,0.0,0.0,570
2023-05-11 09:43:47,OP10005382,500ETF沽12月7250,0.0,0.0,0.0,0.0,10,1.0808,1.088,30,1.0952,0.0,0.0,0.0,0.0,0.0,570
2023-05-11 09:43:47,OP10005382,500ETF沽12月7250,0.0,0.0,0.0,0.0,10,1.0808,1.088,30,1.0952,0.0,0.0,0.0,0.0,0.0,570
2023-05-11 09:43:50,OP10005382,500ETF沽12月7250,0.0,0.0,0.0,0.0,10,1.0808,1.088,30,1.0952,0.0,0.0,0.0,0.0,0.0,570
2023-05-11 09:43:53,OP10005382,500ETF沽12月7250,0.0,0.0,0.0,0.0,10,1.0808,1.088,30,1.0952,0.0,0.0,0.0,0.0,0.0,570
2023-05-11 09:43:56,OP10005382,500ETF沽12月7250,0.0,0.0,0.0,0.0,10,1.0808,1.088,30,1.0952,0.0,0.0,0.0,0.0,0.0,570
2023-05-11 09:43:56,OP10005382,500ETF沽12月7250,0.0,0.0,0.0,0.0,10,1.0808,1.088,30,1.0952,0.0,0.0,0.0,0.0,0.0,570
2023-05-11 09:43:59,OP10005382,500ETF沽12月7250,0.0,0.0,0.0,0.0,20,1.0808,1.088,30,1.0952,0.0,0.0,0.0,0.0,0.0,570
2023-05-11 09:43:59,OP10005382,500ETF沽12月7250,0.0,0.0,0.0,0.0,10,1.0808,1.088,30,1.0952,0.0,0.0,0.0,0.0,0.0,570
2023-05-11 09:44:02,OP10005382,500ETF沽12月7250,0.0,0.0,0.0,0.0,10,1.0808,1.088,30,1.0952,0.0,0.0,0.0,0.0,0.0,570
2023-05-11 09:44:08,OP10005382,500ETF沽12月7250,0.0,0.0,0.0,0.0,20,1.0807,1.0863,10,1.0952,0.0,0.0,0.0,0.0,0.0,570
2023-05-11 09:44:08,OP10005382,500ETF沽12月7250,0.0,0.0,0.0,0.0,20,1.0807,1.0863,30,1.0952,0.0,0.0,0.0,0.0,0.0,570
2023-05-11 09:44:08,OP10005382,500ETF沽12月7250,0.0,0.0,0.0,0.0,20,1.0807,1.0863,30,1.0952,0.0,0.0,0.0,0.0,0.0,570
2023-05-11 09:44:11,OP10005382,500ETF沽12月7250,0.0,0.0,0.0,0.0,20,1.0807,1.0863,30,1.0952,0.0,0.0,0.0,0.0,0.0,570
2023-05-11 09:44:11,OP10005382,500ETF沽12月7250,0.0,0.0,0.0,0.0,20,1.0807,1.0863,30,1.0952,0.0,0.0,0.0,0.0,0.0,570
2023-05-11 09:44:17,OP10005382,500ETF沽12月7250,0.0,0.0,0.0,0.0,20,1.0807,1.0848,10,1.0952,0.0,0.0,0.0,0.0,0.0,570
2023-05-11 09:44:17,OP10005382,500ETF沽12月7250,0.0,0.0,0.0,0.0,20,1.0807,1.0848,30,1.0952,0.0,0.0,0.0,0.0,0.0,570
2023-05-11 09:44:17,OP10005382,500ETF沽12月7250,0.0,0.0,0.0,0.0,30,1.0789,1.0848,30,1.0952,0.0,0.0,0.0,0.0,0.0,570
2023-05-11 09:44:20,OP10005382,500ETF沽12月7250,0.0,0.0,0.0,0.0,20,1.0789,1.0848,30,1.0952,0.0,0.0,0.0,0.0,0.0,570
2023-05-11 09:44:20,OP10005382,500ETF沽12月7250,0.0,0.0,0.0,0.0,20,1.0789,1.0848,30,1.0952,0.0,0.0,0.0,0.0,0.0,570
2023-05-11 09:44:26,OP10005382,500ETF沽12月7250,0.0,0.0,0.0,0.0,20,1.0789,1.0848,30,1.0952,0.0,0.0,0.0,0.0,0.0,570
2023-05-11 09:44:26,OP10005382,500ETF沽12月7250,0.0,0.0,0.0,0.0,10,1.0794,1.0863,20,1.0952,0.0,0.0,0.0,0.0,0.0,570
2023-05-11 09:44:26,OP10005382,500ETF沽12月7250,0.0,0.0,0.0,0.0,10,1.0794,1.0863,20,1.0952,0.0,0.0,0.0,0.0,0.0,570
2023-05-11 09:44:26,OP10005382,500ETF沽12月7250,0.0,0.0,0.0,0.0,10,1.0794,1.0866,10,1.0952,0.0,0.0,0.0,0.0,0.0,570
2023-05-11 09:44:26,OP10005382,500ETF沽12月7250,0.0,0.0,0.0,0.0,10,1.0794,1.0866,10,1.0952,0.0,0.0,0.0,0.0,0.0,570
2023-05-11 09:44:29,OP10005382,500ETF沽12月7250,0.0,0.0,0.0,0.0,10,1.0794,1.0866,10,1.0952,0.0,0.0,0.0,0.0,0.0,570
2023-05-11 09:44:29,OP10005382,500ETF沽12月7250,0.0,0.0,0.0,0.0,10,1.0794,1.0866,10,1.0952,0.0,0.0,0.0,0.0,0.0,570
2023-05-11 09:44:29,OP10005382,500ETF沽12月7250,0.0,0.0,0.0,0.0,10,1.0794,1.0866,10,1.0952,0.0,0.0,0.0,0.0,0.0,570
2023-05-11 09:44:29,OP10005382,500ETF沽12月7250,0.0,0.0,0.0,0.0,10,1.0808,1.0871,10,1.0952,0.0,0.0,0.0,0.0,0.0,570
2023-05-11 09:44:29,OP10005382,500ETF沽12月7250,0.0,0.0,0.0,0.0,30,1.0808,1.0871,10,1.0952,0.0,0.0,0.0,0.0,0.0,570
2023-05-11 09:44:32,OP10005382,500ETF沽12月7250,0.0,0.0,0.0,0.0,40,1.0808,1.0871,10,1.0952,0.0,0.0,0.0,0.0,0.0,570
2023-05-11 09:44:32,OP10005382,500ETF沽12月7250,0.0,0.0,0.0,0.0,30,1.0808,1.0871,10,1.0952,0.0,0.0,0.0,0.0,0.0,570
2023-05-11 09:44:35,OP10005382,500ETF沽12月7250,0.0,0.0,0.0,0.0,20,1.0808,1.0867,10,1.0952,0.0,0.0,0.0,0.0,0.0,570
2023-05-11 09:44:35,OP10005382,500ETF沽12月7250,0.0,0.0,0.0,0.0,20,1.0808,1.0867,10,1.0952,0.0,0.0,0.0,0.0,0.0,570
2023-05-11 09:44:35,OP10005382,500ETF沽12月7250,0.0,0.0,0.0,0.0,20,1.0808,1.0867,10,1.0952,0.0,0.0,0.0,0.0,0.0,570
2023-05-11 09:44:38,OP10005382,500ETF沽12月7250,0.0,0.0,0.0,0.0,20,1.0808,1.0867,10,1.0952,0.0,0.0,0.0,0.0,0.0,570
2023-05-11 09:44:38,OP10005382,500ETF沽12月7250,0.0,0.0,0.0,0.0,10,1.0796,1.0867,10,1.0952,0.0,0.0,0.0,0.0,0.0,570
2023-05-11 09:44:41,OP10005382,500ETF沽12月7250,0.0,0.0,0.0,0.0,10,1.0795,1.0867,10,1.0952,0.0,0.0,0.0,0.0,0.0,570
2023-05-11 09:44:41,OP10005382,500ETF沽12月7250,0.0,0.0,0.0,0.0,10,1.0809,1.0871,10,1.0952,0.0,0.0,0.0,0.0,0.0,570
2023-05-11 09:44:41,OP10005382,500ETF沽12月7250,0.0,0.0,0.0,0.0,30,1.0809,1.0871,10,1.0952,0.0,0.0,0.0,0.0,0.0,570
2023-05-11 09:44:41,OP10005382,500ETF沽12月7250,0.0,0.0,0.0,0.0,30,1.0809,1.0871,10,1.0952,0.0,0.0,0.0,0.0,0.0,570
2023-05-11 09:44:44,OP10005382,500ETF沽12月7250,0.0,0.0,0.0,0.0,30,1.0809,1.0871,10,1.0952,0.0,0.0,0.0,0.0,0.0,570
2023-05-11 09:44:50,OP10005382,500ETF沽12月7250,0.0,0.0,0.0,0.0,30,1.0809,1.0871,10,1.0952,0.0,0.0,0.0,0.0,0.0,570
2023-05-11 09:44:53,OP10005382,500ETF沽12月7250,0.0,0.0,0.0,0.0,30,1.0809,1.0871,10,1.0952,0.0,0.0,0.0,0.0,0.0,570
2023-05-11 09:44:56,OP10005382,500ETF沽12月7250,0.0,0.0,0.0,0.0,40,1.0809,1.0871,10,1.0952,0.0,0.0,0.0,0.0,0.0,570
2023-05-11 09:44:56,OP10005382,500ETF沽12月7250,0.0,0.0,0.0,0.0,40,1.0809,1.0881,10,1.0952,0.0,0.0,0.0,0.0,0.0,570
2023-05-11 09:44:59,OP10005382,500ETF沽12月7250,0.0,0.0,0.0,0.0,40,1.0809,1.0881,10,1.0952,0.0,0.0,0.0,0.0,0.0,570
2023-05-11 09:45:02,OP10005382,500ETF沽12月7250,0.0,0.0,0.0,0.0,10,1.0823,1.0884,30,1.0952,0.0,0.0,0.0,0.0,0.0,570
2023-05-11 09:45:02,OP10005382,500ETF沽12月7250,0.0,0.0,0.0,0.0,30,1.0823,1.0884,20,1.0952,0.0,0.0,0.0,0.0,0.0,570
2023-05-11 09:45:02,OP10005382,500ETF沽12月7250,0.0,0.0,0.0,0.0,30,1.0823,1.0888,10,1.0952,0.0,0.0,0.0,0.0,0.0,570
2023-05-11 09:45:02,OP10005382,500ETF沽12月7250,0.0,0.0,0.0,0.0,10,1.0839,1.0898,20,1.0952,0.0,0.0,0.0,0.0,0.0,570
2023-05-11 09:45:05,OP10005382,500ETF沽12月7250,0.0,0.0,0.0,0.0,30,1.0839,1.0898,20,1.0952,0.0,0.0,0.0,0.0,0.0,570
2023-05-11 09:45:05,OP10005382,500ETF沽12月7250,0.0,0.0,0.0,0.0,30,1.0839,1.0904,10,1.0952,0.0,0.0,0.0,0.0,0.0,570
2023-05-11 09:45:05,OP10005382,500ETF沽12月7250,0.0,0.0,0.0,0.0,30,1.0839,1.0904,10,1.0952,0.0,0.0,0.0,0.0,0.0,570
2023-05-11 09:45:05,OP10005382,500ETF沽12月7250,0.0,0.0,0.0,0.0,30,1.0839,1.0904,10,1.0952,0.0,0.0,0.0,0.0,0.0,570
2023-05-11 09:45:05,OP10005382,500ETF沽12月7250,0.0,0.0,0.0,0.0,30,1.0839,1.0904,10,1.0952,0.0,0.0,0.0,0.0,0.0,570
2023-05-11 09:45:08,OP10005382,500ETF沽12月7250,0.0,0.0,0.0,0.0,40,1.0839,1.0904,10,1.0952,0.0,0.0,0.0,0.0,0.0,570
2023-05-11 09:45:11,OP10005382,500ETF沽12月7250,0.0,0.0,0.0,0.0,30,1.0839,1.0904,10,1.0952,0.0,0.0,0.0,0.0,0.0,570
2023-05-11 09:45:14,OP10005382,500ETF沽12月7250,0.0,0.0,0.0,0.0,30,1.0839,1.0904,10,1.0952,0.0,0.0,0.0,0.0,0.0,570
2023-05-11 09:45:14,OP10005382,500ETF沽12月7250,0.0,0.0,0.0,0.0,20,1.0839,1.0898,10,1.0952,0.0,0.0,0.0,0.0,0.0,570
2023-05-11 09:45:14,OP10005382,500ETF沽12月7250,0.0,0.0,0.0,0.0,20,1.0839,1.0898,30,1.0952,0.0,0.0,0.0,0.0,0.0,570
2023-05-11 09:45:14,OP10005382,500ETF沽12月7250,0.0,0.0,0.0,0.0,20,1.0839,1.0898,30,1.0952,0.0,0.0,0.0,0.0,0.0,570
2023-05-11 09:45:17,OP10005382,500ETF沽12月7250,0.0,0.0,0.0,0.0,10,1.083,1.0898,30,1.0952,0.0,0.0,0.0,0.0,0.0,570
2023-05-11 09:45:17,OP10005382,500ETF沽12月7250,0.0,0.0,0.0,0.0,10,1.0827,1.0898,30,1.0952,0.0,0.0,0.0,0.0,0.0,570
2023-05-11 09:45:17,OP10005382,500ETF沽12月7250,0.0,0.0,0.0,0.0,20,1.0826,1.0898,30,1.0952,0.0,0.0,0.0,0.0,0.0,570
2023-05-11 09:45:17,OP10005382,500ETF沽12月7250,0.0,0.0,0.0,0.0,30,1.0826,1.0898,30,1.0952,0.0,0.0,0.0,0.0,0.0,570
2023-05-11 09:45:20,OP10005382,500ETF沽12月7250,0.0,0.0,0.0,0.0,20,1.0826,1.0898,30,1.0952,0.0,0.0,0.0,0.0,0.0,570
2023-05-11 09:45:20,OP10005382,500ETF沽12月7250,0.0,0.0,0.0,0.0,20,1.0826,1.0898,30,1.0952,0.0,0.0,0.0,0.0,0.0,570
2023-05-11 09:45:23,OP10005382,500ETF沽12月7250,0.0,0.0,0.0,0.0,20,1.0826,1.0898,30,1.0952,0.0,0.0,0.0,0.0,0.0,570
2023-05-11 09:45:29,OP10005382,500ETF沽12月7250,0.0,0.0,0.0,0.0,10,1.0826,1.0898,30,1.0952,0.0,0.0,0.0,0.0,0.0,570
2023-05-11 09:45:29,OP10005382,500ETF沽12月7250,0.0,0.0,0.0,0.0,10,1.0826,1.0898,30,1.0952,0.0,0.0,0.0,0.0,0.0,570
2023-05-11 09:45:32,OP10005382,500ETF沽12月7250,0.0,0.0,0.0,0.0,10,1.0826,1.089,10,1.0952,0.0,0.0,0.0,0.0,0.0,570
2023-05-11 09:45:32,OP10005382,500ETF沽12月7250,0.0,0.0,0.0,0.0,20,1.0823,1.0884,10,1.0952,0.0,0.0,0.0,0.0,0.0,570
2023-05-11 09:45:32,OP10005382,500ETF沽12月7250,0.0,0.0,0.0,0.0,20,1.0823,1.0884,30,1.0952,0.0,0.0,0.0,0.0,0.0,570
2023-05-11 09:45:32,OP10005382,500ETF沽12月7250,0.0,0.0,0.0,0.0,20,1.0823,1.0884,30,1.0952,0.0,0.0,0.0,0.0,0.0,570
2023-05-11 09:45:32,OP10005382,500ETF沽12月7250,0.0,0.0,0.0,0.0,20,1.0823,1.0874,10,1.0952,0.0,0.0,0.0,0.0,0.0,570
2023-05-11 09:45:32,OP10005382,500ETF沽12月7250,0.0,0.0,0.0,0.0,20,1.0823,1.0874,10,1.0952,0.0,0.0,0.0,0.0,0.0,570
2023-05-11 09:45:35,OP10005382,500ETF沽12月7250,0.0,0.0,0.0,0.0,20,1.0823,1.0874,10,1.0952,0.0,0.0,0.0,0.0,0.0,570
2023-05-11 09:45:38,OP10005382,500ETF沽12月7250,0.0,0.0,0.0,0.0,20,1.0823,1.0874,10,1.0952,0.0,0.0,0.0,0.0,0.0,570
2023-05-11 09:45:38,OP10005382,500ETF沽12月7250,0.0,0.0,0.0,0.0,20,1.0823,1.0884,30,1.0952,0.0,0.0,0.0,0.0,0.0,570
2023-05-11 09:45:38,OP10005382,500ETF沽12月7250,0.0,0.0,0.0,0.0,20,1.0823,1.0884,30,1.0952,0.0,0.0,0.0,0.0,0.0,570
2023-05-11 09:45:41,OP10005382,500ETF沽12月7250,0.0,0.0,0.0,0.0,30,1.0812,1.0884,30,1.0952,0.0,0.0,0.0,0.0,0.0,570
2023-05-11 09:45:41,OP10005382,500ETF沽12月7250,0.0,0.0,0.0,0.0,40,1.0812,1.0884,30,1.0952,0.0,0.0,0.0,0.0,0.0,570
2023-05-11 09:45:47,OP10005382,500ETF沽12月7250,0.0,0.0,0.0,0.0,40,1.0812,1.0884,10,1.0952,0.0,0.0,0.0,0.0,0.0,570
2023-05-11 09:45:47,OP10005382,500ETF沽12月7250,0.0,0.0,0.0,0.0,10,1.0826,1.089,10,1.0952,0.0,0.0,0.0,0.0,0.0,570
2023-05-11 09:45:47,OP10005382,500ETF沽12月7250,0.0,0.0,0.0,0.0,30,1.0826,1.089,10,1.0952,0.0,0.0,0.0,0.0,0.0,570
2023-05-11 09:45:47,OP10005382,500ETF沽12月7250,0.0,0.0,0.0,0.0,30,1.0826,1.089,10,1.0952,0.0,0.0,0.0,0.0,0.0,570
2023-05-11 09:45:50,OP10005382,500ETF沽12月7250,0.0,0.0,0.0,0.0,30,1.0826,1.089,10,1.0952,0.0,0.0,0.0,0.0,0.0,570
2023-05-11 09:45:53,OP10005382,500ETF沽12月7250,0.0,0.0,0.0,0.0,30,1.0826,1.0898,30,1.0952,0.0,0.0,0.0,0.0,0.0,570
2023-05-11 09:45:53,OP10005382,500ETF沽12月7250,0.0,0.0,0.0,0.0,10,1.0841,1.0898,20,1.0952,0.0,0.0,0.0,0.0,0.0,570
2023-05-11 09:45:53,OP10005382,500ETF沽12月7250,0.0,0.0,0.0,0.0,30,1.0841,1.0904,10,1.0952,0.0,0.0,0.0,0.0,0.0,570
2023-05-11 09:45:53,OP10005382,500ETF沽12月7250,0.0,0.0,0.0,0.0,30,1.0841,1.0904,10,1.0952,0.0,0.0,0.0,0.0,0.0,570
2023-05-11 09:45:53,OP10005382,500ETF沽12月7250,0.0,0.0,0.0,0.0,30,1.0841,1.0904,10,1.0952,0.0,0.0,0.0,0.0,0.0,570
2023-05-11 09:45:56,OP10005382,500ETF沽12月7250,0.0,0.0,0.0,0.0,30,1.0841,1.0904,10,1.0952,0.0,0.0,0.0,0.0,0.0,570
2023-05-11 09:45:56,OP10005382,500ETF沽12月7250,0.0,0.0,0.0,0.0,30,1.0841,1.0904,10,1.0952,0.0,0.0,0.0,0.0,0.0,570
2023-05-11 09:45:59,OP10005382,500ETF沽12月7250,0.0,0.0,0.0,0.0,30,1.0841,1.0909,20,1.0952,0.0,0.0,0.0,0.0,0.0,570
2023-05-11 09:45:59,OP10005382,500ETF沽12月7250,0.0,0.0,0.0,0.0,30,1.0841,1.0909,20,1.0952,0.0,0.0,0.0,0.0,0.0,570
2023-05-11 09:45:59,OP10005382,500ETF沽12月7250,0.0,0.0,0.0,0.0,30,1.0841,1.0909,20,1.0952,0.0,0.0,0.0,0.0,0.0,570
2023-05-11 09:46:02,OP10005382,500ETF沽12月7250,0.0,0.0,0.0,0.0,40,1.0841,1.0909,20,1.0952,0.0,0.0,0.0,0.0,0.0,570
2023-05-11 09:46:05,OP10005382,500ETF沽12月7250,0.0,0.0,0.0,0.0,10,1.0856,1.0919,10,1.0952,0.0,0.0,0.0,0.0,0.0,570
2023-05-11 09:46:08,OP10005382,500ETF沽12月7250,0.0,0.0,0.0,0.0,30,1.0856,1.0919,10,1.0952,0.0,0.0,0.0,0.0,0.0,570
2023-05-11 09:46:08,OP10005382,500ETF沽12月7250,0.0,0.0,0.0,0.0,30,1.0856,1.0919,10,1.0952,0.0,0.0,0.0,0.0,0.0,570
2023-05-11 09:46:11,OP10005382,500ETF沽12月7250,0.0,0.0,0.0,0.0,20,1.0856,1.0912,10,1.0952,0.0,0.0,0.0,0.0,0.0,570
2023-05-11 09:46:11,OP10005382,500ETF沽12月7250,0.0,0.0,0.0,0.0,20,1.0856,1.0912,10,1.0952,0.0,0.0,0.0,0.0,0.0,570
2023-05-11 09:46:11,OP10005382,500ETF沽12月7250,0.0,0.0,0.0,0.0,20,1.0856,1.0903,10,1.0952,0.0,0.0,0.0,0.0,0.0,570
2023-05-11 09:46:11,OP10005382,500ETF沽12月7250,0.0,0.0,0.0,0.0,20,1.0856,1.09,10,1.0952,0.0,0.0,0.0,0.0,0.0,570
2023-05-11 09:46:11,OP10005382,500ETF沽12月7250,0.0,0.0,0.0,0.0,20,1.0856,1.09,10,1.0952,0.0,0.0,0.0,0.0,0.0,570
2023-05-11 09:46:14,OP10005382,500ETF沽12月7250,0.0,0.0,0.0,0.0,20,1.0841,1.09,10,1.0952,0.0,0.0,0.0,0.0,0.0,570
2023-05-11 09:46:14,OP10005382,500ETF沽12月7250,0.0,0.0,0.0,0.0,20,1.0841,1.09,10,1.0952,0.0,0.0,0.0,0.0,0.0,570
2023-05-11 09:46:14,OP10005382,500ETF沽12月7250,0.0,0.0,0.0,0.0,20,1.0841,1.09,10,1.0952,0.0,0.0,0.0,0.0,0.0,570
2023-05-11 09:46:14,OP10005382,500ETF沽12月7250,0.0,0.0,0.0,0.0,30,1.0829,1.09,10,1.0952,0.0,0.0,0.0,0.0,0.0,570
2023-05-11 09:46:14,OP10005382,500ETF沽12月7250,0.0,0.0,0.0,0.0,30,1.0829,1.09,10,1.0952,0.0,0.0,0.0,0.0,0.0,570
2023-05-11 09:46:17,OP10005382,500ETF沽12月7250,0.0,0.0,0.0,0.0,30,1.0829,1.0885,10,1.0952,0.0,0.0,0.0,0.0,0.0,570
2023-05-11 09:46:17,OP10005382,500ETF沽12月7250,0.0,0.0,0.0,0.0,20,1.0829,1.0885,10,1.0952,0.0,0.0,0.0,0.0,0.0,570
2023-05-11 09:46:17,OP10005382,500ETF沽12月7250,0.0,0.0,0.0,0.0,20,1.0829,1.0882,10,1.0952,0.0,0.0,0.0,0.0,0.0,570
2023-05-11 09:46:17,OP10005382,500ETF沽12月7250,0.0,0.0,0.0,0.0,20,1.0829,1.0882,10,1.0952,0.0,0.0,0.0,0.0,0.0,570
2023-05-11 09:46:17,OP10005382,500ETF沽12月7250,0.0,0.0,0.0,0.0,20,1.0829,1.0882,10,1.0952,0.0,0.0,0.0,0.0,0.0,570
2023-05-11 09:46:20,OP10005382,500ETF沽12月7250,0.0,0.0,0.0,0.0,30,1.0817,1.0882,10,1.0952,0.0,0.0,0.0,0.0,0.0,570
2023-05-11 09:46:20,OP10005382,500ETF沽12月7250,0.0,0.0,0.0,0.0,20,1.0817,1.0872,10,1.0952,0.0,0.0,0.0,0.0,0.0,570
2023-05-11 09:46:20,OP10005382,500ETF沽12月7250,0.0,0.0,0.0,0.0,20,1.0817,1.0872,10,1.0952,0.0,0.0,0.0,0.0,0.0,570
2023-05-11 09:46:20,OP10005382,500ETF沽12月7250,0.0,0.0,0.0,0.0,20,1.0817,1.0872,10,1.0952,0.0,0.0,0.0,0.0,0.0,570
2023-05-11 09:46:20,OP10005382,500ETF沽12月7250,0.0,0.0,0.0,0.0,20,1.0817,1.0882,10,1.0952,0.0,0.0,0.0,0.0,0.0,570
2023-05-11 09:46:20,OP10005382,500ETF沽12月7250,0.0,0.0,0.0,0.0,20,1.0817,1.0882,10,1.0952,0.0,0.0,0.0,0.0,0.0,570
2023-05-11 09:46:23,OP10005382,500ETF沽12月7250,0.0,0.0,0.0,0.0,20,1.0817,1.0882,10,1.0952,0.0,0.0,0.0,0.0,0.0,570
2023-05-11 09:46:23,OP10005382,500ETF沽12月7250,0.0,0.0,0.0,0.0,20,1.0817,1.0882,10,1.0952,0.0,0.0,0.0,0.0,0.0,570
2023-05-11 09:46:26,OP10005382,500ETF沽12月7250,0.0,0.0,0.0,0.0,30,1.0817,1.0882,10,1.0952,0.0,0.0,0.0,0.0,0.0,570
2023-05-11 09:46:29,OP10005382,500ETF沽12月7250,0.0,0.0,0.0,0.0,20,1.0817,1.0882,10,1.0952,0.0,0.0,0.0,0.0,0.0,570
2023-05-11 09:46:35,OP10005382,500ETF沽12月7250,0.0,0.0,0.0,0.0,30,1.0817,1.0882,10,1.0952,0.0,0.0,0.0,0.0,0.0,570
2023-05-11 09:46:35,OP10005382,500ETF沽12月7250,0.0,0.0,0.0,0.0,20,1.0817,1.0875,10,1.0952,0.0,0.0,0.0,0.0,0.0,570
2023-05-11 09:46:35,OP10005382,500ETF沽12月7250,0.0,0.0,0.0,0.0,30,1.0817,1.0875,30,1.0952,0.0,0.0,0.0,0.0,0.0,570
2023-05-11 09:46:35,OP10005382,500ETF沽12月7250,0.0,0.0,0.0,0.0,20,1.0817,1.0875,30,1.0952,0.0,0.0,0.0,0.0,0.0,570
2023-05-11 09:46:38,OP10005382,500ETF沽12月7250,0.0,0.0,0.0,0.0,20,1.0817,1.0875,30,1.0952,0.0,0.0,0.0,0.0,0.0,570
2023-05-11 09:46:38,OP10005382,500ETF沽12月7250,0.0,0.0,0.0,0.0,20,1.0817,1.0875,30,1.0952,0.0,0.0,0.0,0.0,0.0,570
2023-05-11 09:46:41,OP10005382,500ETF沽12月7250,0.0,0.0,0.0,0.0,30,1.0806,1.0867,10,1.0952,0.0,0.0,0.0,0.0,0.0,570
2023-05-11 09:46:41,OP10005382,500ETF沽12月7250,0.0,0.0,0.0,0.0,20,1.0806,1.0867,10,1.0952,0.0,0.0,0.0,0.0,0.0,570
2023-05-11 09:46:41,OP10005382,500ETF沽12月7250,0.0,0.0,0.0,0.0,20,1.0806,1.0867,10,1.0952,0.0,0.0,0.0,0.0,0.0,570
2023-05-11 09:46:41,OP10005382,500ETF沽12月7250,0.0,0.0,0.0,0.0,20,1.0806,1.0867,10,1.0952,0.0,0.0,0.0,0.0,0.0,570
2023-05-11 09:46:44,OP10005382,500ETF沽12月7250,0.0,0.0,0.0,0.0,20,1.0806,1.0875,10,1.0952,0.0,0.0,0.0,0.0,0.0,570
2023-05-11 09:46:44,OP10005382,500ETF沽12月7250,0.0,0.0,0.0,0.0,20,1.0806,1.0875,10,1.0952,0.0,0.0,0.0,0.0,0.0,570
2023-05-11 09:46:44,OP10005382,500ETF沽12月7250,0.0,0.0,0.0,0.0,20,1.0806,1.0875,10,1.0952,0.0,0.0,0.0,0.0,0.0,570
2023-05-11 09:46:44,OP10005382,500ETF沽12月7250,0.0,0.0,0.0,0.0,30,1.0806,1.0875,10,1.0952,0.0,0.0,0.0,0.0,0.0,570
2023-05-11 09:46:47,OP10005382,500ETF沽12月7250,0.0,0.0,0.0,0.0,20,1.0806,1.0875,10,1.0952,0.0,0.0,0.0,0.0,0.0,570
2023-05-11 09:46:47,OP10005382,500ETF沽12月7250,0.0,0.0,0.0,0.0,20,1.0806,1.0875,10,1.0952,0.0,0.0,0.0,0.0,0.0,570
2023-05-11 09:46:50,OP10005382,500ETF沽12月7250,0.0,0.0,0.0,0.0,20,1.0806,1.0875,10,1.0952,0.0,0.0,0.0,0.0,0.0,570
2023-05-11 09:46:50,OP10005382,500ETF沽12月7250,0.0,0.0,0.0,0.0,10,1.0818,1.0881,10,1.0952,0.0,0.0,0.0,0.0,0.0,570
2023-05-11 09:46:50,OP10005382,500ETF沽12月7250,0.0,0.0,0.0,0.0,30,1.0818,1.0881,10,1.0952,0.0,0.0,0.0,0.0,0.0,570
2023-05-11 09:46:50,OP10005382,500ETF沽12月7250,0.0,0.0,0.0,0.0,30,1.0818,1.0881,10,1.0952,0.0,0.0,0.0,0.0,0.0,570
2023-05-11 09:46:50,OP10005382,500ETF沽12月7250,0.0,0.0,0.0,0.0,30,1.0818,1.0881,10,1.0952,0.0,0.0,0.0,0.0,0.0,570
2023-05-11 09:46:53,OP10005382,500ETF沽12月7250,0.0,0.0,0.0,0.0,40,1.0818,1.0881,10,1.0952,0.0,0.0,0.0,0.0,0.0,570
2023-05-11 09:46:56,OP10005382,500ETF沽12月7250,0.0,0.0,0.0,0.0,30,1.0818,1.0881,10,1.0952,0.0,0.0,0.0,0.0,0.0,570
2023-05-11 09:46:59,OP10005382,500ETF沽12月7250,0.0,0.0,0.0,0.0,20,1.0818,1.0877,10,1.0952,0.0,0.0,0.0,0.0,0.0,570
2023-05-11 09:46:59,OP10005382,500ETF沽12月7250,0.0,0.0,0.0,0.0,20,1.0818,1.0877,10,1.0952,0.0,0.0,0.0,0.0,0.0,570
2023-05-11 09:47:02,OP10005382,500ETF沽12月7250,0.0,0.0,0.0,0.0,20,1.0818,1.0877,10,1.0952,0.0,0.0,0.0,0.0,0.0,570
2023-05-11 09:47:02,OP10005382,500ETF沽12月7250,0.0,0.0,0.0,0.0,10,1.0811,1.0877,10,1.0952,0.0,0.0,0.0,0.0,0.0,570
2023-05-11 09:47:02,OP10005382,500ETF沽12月7250,0.0,0.0,0.0,0.0,10,1.0811,1.0877,10,1.0952,0.0,0.0,0.0,0.0,0.0,570
2023-05-11 09:47:05,OP10005382,500ETF沽12月7250,0.0,0.0,0.0,0.0,10,1.082,1.0881,10,1.0952,0.0,0.0,0.0,0.0,0.0,570
2023-05-11 09:47:05,OP10005382,500ETF沽12月7250,0.0,0.0,0.0,0.0,30,1.082,1.0881,10,1.0952,0.0,0.0,0.0,0.0,0.0,570
2023-05-11 09:47:05,OP10005382,500ETF沽12月7250,0.0,0.0,0.0,0.0,30,1.082,1.0892,10,1.0952,0.0,0.0,0.0,0.0,0.0,570
2023-05-11 09:47:08,OP10005382,500ETF沽12月7250,0.0,0.0,0.0,0.0,10,1.0822,1.0892,10,1.0952,0.0,0.0,0.0,0.0,0.0,570
2023-05-11 09:47:08,OP10005382,500ETF沽12月7250,0.0,0.0,0.0,0.0,10,1.0822,1.0892,10,1.0952,0.0,0.0,0.0,0.0,0.0,570
2023-05-11 09:47:08,OP10005382,500ETF沽12月7250,0.0,0.0,0.0,0.0,10,1.0822,1.0892,10,1.0952,0.0,0.0,0.0,0.0,0.0,570
2023-05-11 09:47:08,OP10005382,500ETF沽12月7250,0.0,0.0,0.0,0.0,10,1.0822,1.0892,10,1.0952,0.0,0.0,0.0,0.0,0.0,570
2023-05-11 09:47:08,OP10005382,500ETF沽12月7250,0.0,0.0,0.0,0.0,10,1.0822,1.0892,10,1.0952,0.0,0.0,0.0,0.0,0.0,570
2023-05-11 09:47:11,OP10005382,500ETF沽12月7250,0.0,0.0,0.0,0.0,10,1.0822,1.0892,10,1.0952,0.0,0.0,0.0,0.0,0.0,570
2023-05-11 09:47:14,OP10005382,500ETF沽12月7250,0.0,0.0,0.0,0.0,10,1.0833,1.0902,10,1.0952,0.0,0.0,0.0,0.0,0.0,570
2023-05-11 09:47:14,OP10005382,500ETF沽12月7250,0.0,0.0,0.0,0.0,30,1.0833,1.0902,10,1.0952,0.0,0.0,0.0,0.0,0.0,570
2023-05-11 09:47:14,OP10005382,500ETF沽12月7250,0.0,0.0,0.0,0.0,30,1.0833,1.0902,10,1.0952,0.0,0.0,0.0,0.0,0.0,570
2023-05-11 09:47:17,OP10005382,500ETF沽12月7250,0.0,0.0,0.0,0.0,30,1.0833,1.0902,10,1.0952,0.0,0.0,0.0,0.0,0.0,570
2023-05-11 09:47:17,OP10005382,500ETF沽12月7250,0.0,0.0,0.0,0.0,20,1.0833,1.089,10,1.0952,0.0,0.0,0.0,0.0,0.0,570
2023-05-11 09:47:17,OP10005382,500ETF沽12月7250,0.0,0.0,0.0,0.0,20,1.0833,1.0883,10,1.0952,0.0,0.0,0.0,0.0,0.0,570
2023-05-11 09:47:17,OP10005382,500ETF沽12月7250,0.0,0.0,0.0,0.0,20,1.0833,1.0883,10,1.0952,0.0,0.0,0.0,0.0,0.0,570
2023-05-11 09:47:20,OP10005382,500ETF沽12月7250,0.0,0.0,0.0,0.0,20,1.0833,1.0883,10,1.0952,0.0,0.0,0.0,0.0,0.0,570
2023-05-11 09:47:20,OP10005382,500ETF沽12月7250,0.0,0.0,0.0,0.0,20,1.082,1.0883,10,1.0952,0.0,0.0,0.0,0.0,0.0,570
2023-05-11 09:47:20,OP10005382,500ETF沽12月7250,0.0,0.0,0.0,0.0,20,1.082,1.0883,10,1.0952,0.0,0.0,0.0,0.0,0.0,570
2023-05-11 09:47:20,OP10005382,500ETF沽12月7250,0.0,0.0,0.0,0.0,20,1.082,1.0883,10,1.0952,0.0,0.0,0.0,0.0,0.0,570
2023-05-11 09:47:20,OP10005382,500ETF沽12月7250,0.0,0.0,0.0,0.0,20,1.082,1.089,10,1.0952,0.0,0.0,0.0,0.0,0.0,570
2023-05-11 09:47:20,OP10005382,500ETF沽12月7250,0.0,0.0,0.0,0.0,20,1.082,1.089,10,1.0952,0.0,0.0,0.0,0.0,0.0,570
2023-05-11 09:47:23,OP10005382,500ETF沽12月7250,0.0,0.0,0.0,0.0,20,1.082,1.089,10,1.0952,0.0,0.0,0.0,0.0,0.0,570
2023-05-11 09:47:23,OP10005382,500ETF沽12月7250,0.0,0.0,0.0,0.0,20,1.082,1.089,10,1.0952,0.0,0.0,0.0,0.0,0.0,570
2023-05-11 09:47:26,OP10005382,500ETF沽12月7250,0.0,0.0,0.0,0.0,20,1.082,1.089,10,1.0952,0.0,0.0,0.0,0.0,0.0,570
2023-05-11 09:47:29,OP10005382,500ETF沽12月7250,0.0,0.0,0.0,0.0,20,1.082,1.089,10,1.0952,0.0,0.0,0.0,0.0,0.0,570
2023-05-11 09:47:29,OP10005382,500ETF沽12月7250,0.0,0.0,0.0,0.0,20,1.082,1.0882,10,1.0952,0.0,0.0,0.0,0.0,0.0,570
2023-05-11 09:47:29,OP10005382,500ETF沽12月7250,0.0,0.0,0.0,0.0,20,1.082,1.0882,30,1.0952,0.0,0.0,0.0,0.0,0.0,570
2023-05-11 09:47:32,OP10005382,500ETF沽12月7250,0.0,0.0,0.0,0.0,20,1.082,1.0882,30,1.0952,0.0,0.0,0.0,0.0,0.0,570
2023-05-11 09:47:32,OP10005382,500ETF沽12月7250,0.0,0.0,0.0,0.0,20,1.082,1.0877,10,1.0952,0.0,0.0,0.0,0.0,0.0,570
2023-05-11 09:47:35,OP10005382,500ETF沽12月7250,0.0,0.0,0.0,0.0,30,1.0808,1.0877,10,1.0952,0.0,0.0,0.0,0.0,0.0,570
2023-05-11 09:47:35,OP10005382,500ETF沽12月7250,0.0,0.0,0.0,0.0,20,1.0808,1.0877,10,1.0952,0.0,0.0,0.0,0.0,0.0,570
2023-05-11 09:47:35,OP10005382,500ETF沽12月7250,0.0,0.0,0.0,0.0,10,1.0816,1.0877,10,1.0952,0.0,0.0,0.0,0.0,0.0,570
2023-05-11 09:47:35,OP10005382,500ETF沽12月7250,0.0,0.0,0.0,0.0,20,1.0816,1.0877,10,1.0952,0.0,0.0,0.0,0.0,0.0,570
2023-05-11 09:47:38,OP10005382,500ETF沽12月7250,0.0,0.0,0.0,0.0,20,1.0816,1.0877,10,1.0952,0.0,0.0,0.0,0.0,0.0,570
2023-05-11 09:47:38,OP10005382,500ETF沽12月7250,0.0,0.0,0.0,0.0,10,1.0816,1.0877,10,1.0952,0.0,0.0,0.0,0.0,0.0,570
2023-05-11 09:47:38,OP10005382,500ETF沽12月7250,0.0,0.0,0.0,0.0,10,1.0809,1.0877,10,1.0952,0.0,0.0,0.0,0.0,0.0,570
2023-05-11 09:47:38,OP10005382,500ETF沽12月7250,0.0,0.0,0.0,0.0,20,1.0808,1.0877,10,1.0952,0.0,0.0,0.0,0.0,0.0,570
2023-05-11 09:47:38,OP10005382,500ETF沽12月7250,0.0,0.0,0.0,0.0,30,1.0808,1.0877,10,1.0952,0.0,0.0,0.0,0.0,0.0,570
2023-05-11 09:47:41,OP10005382,500ETF沽12月7250,0.0,0.0,0.0,0.0,20,1.0808,1.0877,10,1.0952,0.0,0.0,0.0,0.0,0.0,570
2023-05-11 09:47:41,OP10005382,500ETF沽12月7250,0.0,0.0,0.0,0.0,20,1.0808,1.0877,10,1.0952,0.0,0.0,0.0,0.0,0.0,570
2023-05-11 09:47:44,OP10005382,500ETF沽12月7250,0.0,0.0,0.0,0.0,20,1.0808,1.0877,10,1.0952,0.0,0.0,0.0,0.0,0.0,570
2023-05-11 09:47:47,OP10005382,500ETF沽12月7250,0.0,0.0,0.0,0.0,20,1.0808,1.0877,10,1.0952,0.0,0.0,0.0,0.0,0.0,570
2023-05-11 09:47:50,OP10005382,500ETF沽12月7250,0.0,0.0,0.0,0.0,20,1.0808,1.0877,10,1.0952,0.0,0.0,0.0,0.0,0.0,570
2023-05-11 09:47:53,OP10005382,500ETF沽12月7250,0.0,0.0,0.0,0.0,10,1.0815,1.0877,10,1.0952,0.0,0.0,0.0,0.0,0.0,570
2023-05-11 09:47:53,OP10005382,500ETF沽12月7250,0.0,0.0,0.0,0.0,10,1.0815,1.0877,10,1.0952,0.0,0.0,0.0,0.0,0.0,570
2023-05-11 09:47:56,OP10005382,500ETF沽12月7250,0.0,0.0,0.0,0.0,10,1.0815,1.0877,10,1.0952,0.0,0.0,0.0,0.0,0.0,570
2023-05-11 09:47:56,OP10005382,500ETF沽12月7250,0.0,0.0,0.0,0.0,10,1.0821,1.0893,10,1.0952,0.0,0.0,0.0,0.0,0.0,570
2023-05-11 09:47:56,OP10005382,500ETF沽12月7250,0.0,0.0,0.0,0.0,30,1.0821,1.0893,10,1.0952,0.0,0.0,0.0,0.0,0.0,570
2023-05-11 09:47:56,OP10005382,500ETF沽12月7250,0.0,0.0,0.0,0.0,30,1.0821,1.0893,10,1.0952,0.0,0.0,0.0,0.0,0.0,570
2023-05-11 09:48:11,OP10005382,500ETF沽12月7250,0.0,0.0,0.0,0.0,30,1.0821,1.0893,10,1.0952,0.0,0.0,0.0,0.0,0.0,570
2023-05-11 09:48:11,OP10005382,500ETF沽12月7250,0.0,0.0,0.0,0.0,30,1.0821,1.0893,10,1.0952,0.0,0.0,0.0,0.0,0.0,570
2023-05-11 09:48:11,OP10005382,500ETF沽12月7250,0.0,0.0,0.0,0.0,30,1.0821,1.0893,10,1.0952,0.0,0.0,0.0,0.0,0.0,570
2023-05-11 09:48:14,OP10005382,500ETF沽12月7250,0.0,0.0,0.0,0.0,30,1.0821,1.0893,10,1.0952,0.0,0.0,0.0,0.0,0.0,570
2023-05-11 09:48:14,OP10005382,500ETF沽12月7250,0.0,0.0,0.0,0.0,40,1.0821,1.0893,10,1.0952,0.0,0.0,0.0,0.0,0.0,570
2023-05-11 09:48:14,OP10005382,500ETF沽12月7250,0.0,0.0,0.0,0.0,30,1.0821,1.0893,10,1.0952,0.0,0.0,0.0,0.0,0.0,570
2023-05-11 09:48:14,OP10005382,500ETF沽12月7250,0.0,0.0,0.0,0.0,30,1.0821,1.0881,10,1.0952,0.0,0.0,0.0,0.0,0.0,570
2023-05-11 09:48:17,OP10005382,500ETF沽12月7250,0.0,0.0,0.0,0.0,30,1.0821,1.0881,10,1.0952,0.0,0.0,0.0,0.0,0.0,570
2023-05-11 09:48:17,OP10005382,500ETF沽12月7250,0.0,0.0,0.0,0.0,30,1.0821,1.0881,30,1.0952,0.0,0.0,0.0,0.0,0.0,570
2023-05-11 09:48:17,OP10005382,500ETF沽12月7250,0.0,0.0,0.0,0.0,30,1.0821,1.0881,30,1.0952,0.0,0.0,0.0,0.0,0.0,570
2023-05-11 09:48:17,OP10005382,500ETF沽12月7250,0.0,0.0,0.0,0.0,20,1.0821,1.0881,40,1.0952,0.0,0.0,0.0,0.0,0.0,570
2023-05-11 09:48:17,OP10005382,500ETF沽12月7250,0.0,0.0,0.0,0.0,10,1.0809,1.0881,40,1.0952,0.0,0.0,0.0,0.0,0.0,570
2023-05-11 09:48:20,OP10005382,500ETF沽12月7250,0.0,0.0,0.0,0.0,10,1.0809,1.0881,40,1.0952,0.0,0.0,0.0,0.0,0.0,570
2023-05-11 09:48:20,OP10005382,500ETF沽12月7250,0.0,0.0,0.0,0.0,10,1.0809,1.0881,40,1.0952,0.0,0.0,0.0,0.0,0.0,570
2023-05-11 09:48:20,OP10005382,500ETF沽12月7250,0.0,0.0,0.0,0.0,20,1.0808,1.0868,10,1.0952,0.0,0.0,0.0,0.0,0.0,570
2023-05-11 09:48:23,OP10005382,500ETF沽12月7250,0.0,0.0,0.0,0.0,20,1.0808,1.0868,10,1.0952,0.0,0.0,0.0,0.0,0.0,570
2023-05-11 09:48:23,OP10005382,500ETF沽12月7250,0.0,0.0,0.0,0.0,20,1.0808,1.0868,30,1.0952,0.0,0.0,0.0,0.0,0.0,570
2023-05-11 09:48:26,OP10005382,500ETF沽12月7250,0.0,0.0,0.0,0.0,20,1.0808,1.0868,30,1.0952,0.0,0.0,0.0,0.0,0.0,570
2023-05-11 09:48:29,OP10005382,500ETF沽12月7250,0.0,0.0,0.0,0.0,20,1.0808,1.0868,30,1.0952,0.0,0.0,0.0,0.0,0.0,570
2023-05-11 09:48:32,OP10005382,500ETF沽12月7250,0.0,0.0,0.0,0.0,20,1.0808,1.0868,30,1.0952,0.0,0.0,0.0,0.0,0.0,570
2023-05-11 09:48:32,OP10005382,500ETF沽12月7250,0.0,0.0,0.0,0.0,20,1.0808,1.0868,30,1.0952,0.0,0.0,0.0,0.0,0.0,570
2023-05-11 09:48:32,OP10005382,500ETF沽12月7250,0.0,0.0,0.0,0.0,30,1.0797,1.0867,10,1.0952,0.0,0.0,0.0,0.0,0.0,570
2023-05-11 09:48:32,OP10005382,500ETF沽12月7250,0.0,0.0,0.0,0.0,30,1.0797,1.0867,10,1.0952,0.0,0.0,0.0,0.0,0.0,570
2023-05-11 09:48:32,OP10005382,500ETF沽12月7250,0.0,0.0,0.0,0.0,30,1.0797,1.0867,10,1.0952,0.0,0.0,0.0,0.0,0.0,570
2023-05-11 09:48:38,OP10005382,500ETF沽12月7250,0.0,0.0,0.0,0.0,30,1.0797,1.0867,10,1.0952,0.0,0.0,0.0,0.0,0.0,570
2023-05-11 09:48:41,OP10005382,500ETF沽12月7250,0.0,0.0,0.0,0.0,30,1.0797,1.0867,10,1.0952,0.0,0.0,0.0,0.0,0.0,570
2023-05-11 09:48:44,OP10005382,500ETF沽12月7250,0.0,0.0,0.0,0.0,30,1.0797,1.0867,10,1.0952,0.0,0.0,0.0,0.0,0.0,570
2023-05-11 09:48:53,OP10005382,500ETF沽12月7250,0.0,0.0,0.0,0.0,30,1.0797,1.0867,10,1.0952,0.0,0.0,0.0,0.0,0.0,570
2023-05-11 09:48:53,OP10005382,500ETF沽12月7250,0.0,0.0,0.0,0.0,30,1.0797,1.0867,10,1.0952,0.0,0.0,0.0,0.0,0.0,570
2023-05-11 09:48:53,OP10005382,500ETF沽12月7250,0.0,0.0,0.0,0.0,30,1.0797,1.0867,10,1.0952,0.0,0.0,0.0,0.0,0.0,570
2023-05-11 09:48:56,OP10005382,500ETF沽12月7250,0.0,0.0,0.0,0.0,30,1.0797,1.0867,10,1.0952,0.0,0.0,0.0,0.0,0.0,570
2023-05-11 09:48:59,OP10005382,500ETF沽12月7250,0.0,0.0,0.0,0.0,20,1.0797,1.0849,10,1.0952,0.0,0.0,0.0,0.0,0.0,570
2023-05-11 09:48:59,OP10005382,500ETF沽12月7250,0.0,0.0,0.0,0.0,20,1.0797,1.0849,40,1.0952,0.0,0.0,0.0,0.0,0.0,570
2023-05-11 09:48:59,OP10005382,500ETF沽12月7250,0.0,0.0,0.0,0.0,10,1.0789,1.0849,40,1.0952,0.0,0.0,0.0,0.0,0.0,570
2023-05-11 09:48:59,OP10005382,500ETF沽12月7250,0.0,0.0,0.0,0.0,10,1.0789,1.0836,10,1.0952,0.0,0.0,0.0,0.0,0.0,570
2023-05-11 09:49:02,OP10005382,500ETF沽12月7250,0.0,0.0,0.0,0.0,30,1.0785,1.0836,10,1.0952,0.0,0.0,0.0,0.0,0.0,570
2023-05-11 09:49:02,OP10005382,500ETF沽12月7250,0.0,0.0,0.0,0.0,20,1.0785,1.0836,10,1.0952,0.0,0.0,0.0,0.0,0.0,570
2023-05-11 09:49:02,OP10005382,500ETF沽12月7250,0.0,0.0,0.0,0.0,20,1.0785,1.0849,40,1.0952,0.0,0.0,0.0,0.0,0.0,570
2023-05-11 09:49:02,OP10005382,500ETF沽12月7250,0.0,0.0,0.0,0.0,20,1.0785,1.0849,40,1.0952,0.0,0.0,0.0,0.0,0.0,570
2023-05-11 09:49:02,OP10005382,500ETF沽12月7250,0.0,0.0,0.0,0.0,20,1.0785,1.0849,20,1.0952,0.0,0.0,0.0,0.0,0.0,570
2023-05-11 09:49:02,OP10005382,500ETF沽12月7250,0.0,0.0,0.0,0.0,20,1.0785,1.0849,20,1.0952,0.0,0.0,0.0,0.0,0.0,570
2023-05-11 09:49:05,OP10005382,500ETF沽12月7250,0.0,0.0,0.0,0.0,10,1.079,1.0849,10,1.0952,0.0,0.0,0.0,0.0,0.0,570
2023-05-11 09:49:05,OP10005382,500ETF沽12月7250,0.0,0.0,0.0,0.0,10,1.079,1.0862,10,1.0952,0.0,0.0,0.0,0.0,0.0,570
2023-05-11 09:49:05,OP10005382,500ETF沽12月7250,0.0,0.0,0.0,0.0,10,1.079,1.0862,10,1.0952,0.0,0.0,0.0,0.0,0.0,570
2023-05-11 09:49:05,OP10005382,500ETF沽12月7250,0.0,0.0,0.0,0.0,10,1.079,1.0862,10,1.0952,0.0,0.0,0.0,0.0,0.0,570
2023-05-11 09:49:05,OP10005382,500ETF沽12月7250,0.0,0.0,0.0,0.0,10,1.0808,1.0866,10,1.0952,0.0,0.0,0.0,0.0,0.0,570
2023-05-11 09:49:08,OP10005382,500ETF沽12月7250,0.0,0.0,0.0,0.0,10,1.0808,1.088,10,1.0952,0.0,0.0,0.0,0.0,0.0,570
2023-05-11 09:49:08,OP10005382,500ETF沽12月7250,0.0,0.0,0.0,0.0,30,1.0808,1.088,10,1.0952,0.0,0.0,0.0,0.0,0.0,570
2023-05-11 09:49:08,OP10005382,500ETF沽12月7250,0.0,0.0,0.0,0.0,30,1.0808,1.088,10,1.0952,0.0,0.0,0.0,0.0,0.0,570
2023-05-11 09:49:08,OP10005382,500ETF沽12月7250,0.0,0.0,0.0,0.0,30,1.0808,1.088,10,1.0952,0.0,0.0,0.0,0.0,0.0,570
2023-05-11 09:49:11,OP10005382,500ETF沽12月7250,0.0,0.0,0.0,0.0,30,1.0808,1.088,10,1.0952,0.0,0.0,0.0,0.0,0.0,570
2023-05-11 09:49:11,OP10005382,500ETF沽12月7250,0.0,0.0,0.0,0.0,30,1.0808,1.088,10,1.0952,0.0,0.0,0.0,0.0,0.0,570
2023-05-11 09:49:11,OP10005382,500ETF沽12月7250,0.0,0.0,0.0,0.0,30,1.0808,1.088,10,1.0952,0.0,0.0,0.0,0.0,0.0,570
2023-05-11 09:49:11,OP10005382,500ETF沽12月7250,0.0,0.0,0.0,0.0,30,1.0808,1.088,10,1.0952,0.0,0.0,0.0,0.0,0.0,570
2023-05-11 09:49:14,OP10005382,500ETF沽12月7250,0.0,0.0,0.0,0.0,10,1.0824,1.0885,10,1.0952,0.0,0.0,0.0,0.0,0.0,570
2023-05-11 09:49:14,OP10005382,500ETF沽12月7250,0.0,0.0,0.0,0.0,30,1.0824,1.0885,10,1.0952,0.0,0.0,0.0,0.0,0.0,570
2023-05-11 09:49:14,OP10005382,500ETF沽12月7250,0.0,0.0,0.0,0.0,30,1.0824,1.0885,10,1.0952,0.0,0.0,0.0,0.0,0.0,570
2023-05-11 09:49:17,OP10005382,500ETF沽12月7250,0.0,0.0,0.0,0.0,30,1.0824,1.0885,10,1.0952,0.0,0.0,0.0,0.0,0.0,570
2023-05-11 09:49:17,OP10005382,500ETF沽12月7250,0.0,0.0,0.0,0.0,30,1.0824,1.0885,10,1.0952,0.0,0.0,0.0,0.0,0.0,570
2023-05-11 09:49:26,OP10005382,500ETF沽12月7250,0.0,0.0,0.0,0.0,30,1.0824,1.0885,10,1.0952,0.0,0.0,0.0,0.0,0.0,570
2023-05-11 09:49:26,OP10005382,500ETF沽12月7250,0.0,0.0,0.0,0.0,30,1.0824,1.0885,10,1.0952,0.0,0.0,0.0,0.0,0.0,570
2023-05-11 09:49:29,OP10005382,500ETF沽12月7250,0.0,0.0,0.0,0.0,30,1.0824,1.0885,10,1.0952,0.0,0.0,0.0,0.0,0.0,570
2023-05-11 09:49:32,OP10005382,500ETF沽12月7250,0.0,0.0,0.0,0.0,20,1.0824,1.0882,10,1.0952,0.0,0.0,0.0,0.0,0.0,570
2023-05-11 09:49:35,OP10005382,500ETF沽12月7250,0.0,0.0,0.0,0.0,10,1.0813,1.0882,10,1.0952,0.0,0.0,0.0,0.0,0.0,570
2023-05-11 09:49:35,OP10005382,500ETF沽12月7250,0.0,0.0,0.0,0.0,30,1.0811,1.0882,10,1.0952,0.0,0.0,0.0,0.0,0.0,570
2023-05-11 09:49:35,OP10005382,500ETF沽12月7250,0.0,0.0,0.0,0.0,10,1.0811,1.0882,10,1.0952,0.0,0.0,0.0,0.0,0.0,570
2023-05-11 09:49:35,OP10005382,500ETF沽12月7250,0.0,0.0,0.0,0.0,10,1.0811,1.0882,10,1.0952,0.0,0.0,0.0,0.0,0.0,570
2023-05-11 09:49:35,OP10005382,500ETF沽12月7250,0.0,0.0,0.0,0.0,10,1.0811,1.0882,10,1.0952,0.0,0.0,0.0,0.0,0.0,570
2023-05-11 09:49:35,OP10005382,500ETF沽12月7250,0.0,0.0,0.0,0.0,10,1.0811,1.0882,10,1.0952,0.0,0.0,0.0,0.0,0.0,570
2023-05-11 09:49:38,OP10005382,500ETF沽12月7250,0.0,0.0,0.0,0.0,10,1.0811,1.0882,10,1.0952,0.0,0.0,0.0,0.0,0.0,570
2023-05-11 09:49:44,OP10005382,500ETF沽12月7250,0.0,0.0,0.0,0.0,10,1.0811,1.0882,10,1.0952,0.0,0.0,0.0,0.0,0.0,570
2023-05-11 09:49:44,OP10005382,500ETF沽12月7250,0.0,0.0,0.0,0.0,10,1.0811,1.0882,10,1.0952,0.0,0.0,0.0,0.0,0.0,570
2023-05-11 09:49:44,OP10005382,500ETF沽12月7250,0.0,0.0,0.0,0.0,10,1.0811,1.0882,10,1.0952,0.0,0.0,0.0,0.0,0.0,570
2023-05-11 09:49:50,OP10005382,500ETF沽12月7250,0.0,0.0,0.0,0.0,20,1.0808,1.087,10,1.0952,0.0,0.0,0.0,0.0,0.0,570
2023-05-11 09:49:50,OP10005382,500ETF沽12月7250,0.0,0.0,0.0,0.0,20,1.0808,1.087,30,1.0952,0.0,0.0,0.0,0.0,0.0,570
2023-05-11 09:49:50,OP10005382,500ETF沽12月7250,0.0,0.0,0.0,0.0,20,1.0808,1.087,30,1.0952,0.0,0.0,0.0,0.0,0.0,570
2023-05-11 09:49:53,OP10005382,500ETF沽12月7250,0.0,0.0,0.0,0.0,20,1.0808,1.0869,10,1.0952,0.0,0.0,0.0,0.0,0.0,570
2023-05-11 09:49:53,OP10005382,500ETF沽12月7250,0.0,0.0,0.0,0.0,20,1.0808,1.0869,10,1.0952,0.0,0.0,0.0,0.0,0.0,570
2023-05-11 09:49:56,OP10005382,500ETF沽12月7250,0.0,0.0,0.0,0.0,20,1.0808,1.0869,10,1.0952,0.0,0.0,0.0,0.0,0.0,570
2023-05-11 09:49:56,OP10005382,500ETF沽12月7250,0.0,0.0,0.0,0.0,20,1.0808,1.0869,10,1.0952,0.0,0.0,0.0,0.0,0.0,570
2023-05-11 09:49:56,OP10005382,500ETF沽12月7250,0.0,0.0,0.0,0.0,20,1.0808,1.0869,10,1.0952,0.0,0.0,0.0,0.0,0.0,570
2023-05-11 09:49:59,OP10005382,500ETF沽12月7250,0.0,0.0,0.0,0.0,20,1.0808,1.0869,10,1.0952,0.0,0.0,0.0,0.0,0.0,570
2023-05-11 09:50:08,OP10005382,500ETF沽12月7250,0.0,0.0,0.0,0.0,20,1.0808,1.0869,10,1.0952,0.0,0.0,0.0,0.0,0.0,570
2023-05-11 09:50:11,OP10005382,500ETF沽12月7250,0.0,0.0,0.0,0.0,20,1.0808,1.0869,10,1.0952,0.0,0.0,0.0,0.0,0.0,570
2023-05-11 09:50:17,OP10005382,500ETF沽12月7250,0.0,0.0,0.0,0.0,20,1.0808,1.0869,10,1.0952,0.0,0.0,0.0,0.0,0.0,570
2023-05-11 09:50:17,OP10005382,500ETF沽12月7250,0.0,0.0,0.0,0.0,20,1.0808,1.0869,10,1.0952,0.0,0.0,0.0,0.0,0.0,570
2023-05-11 09:50:17,OP10005382,500ETF沽12月7250,0.0,0.0,0.0,0.0,20,1.0808,1.0869,10,1.0952,0.0,0.0,0.0,0.0,0.0,570
2023-05-11 09:50:20,OP10005382,500ETF沽12月7250,0.0,0.0,0.0,0.0,20,1.0808,1.087,10,1.0952,0.0,0.0,0.0,0.0,0.0,570
