time,symbol_id,symbol_name,last,trade_volume,trade_amount,open_interest_change,bv1,bp1,ap1,av1,yesterday_close,today_open,today_high,today_low,volume,amount,open_interest
2023-05-11 08:35:21,OP10005373,500ETF购12月7250,0.0,0.0,0.0,0.0,0,0.0,0.0,0,0.0286,0.0302,0.0,0.0,0.0,0.0,1243
2023-05-11 09:24:57,OP10005373,500ETF购12月7250,0.0,0.0,0.0,0.0,1,0.0282,0.0283,1,0.0286,0.0302,0.0,0.0,0.0,0.0,1243
2023-05-11 09:29:57,OP10005373,500ETF购12月7250,0.0,0.0,0.0,0.0,1,0.0282,0.0309,1,0.0286,0.0302,0.0,0.0,0.0,0.0,1243
2023-05-11 09:29:57,OP10005373,500ETF购12月7250,0.0,0.0,0.0,0.0,1,0.0303,0.0307,1,0.0286,0.0302,0.0,0.0,0.0,0.0,1243
2023-05-11 09:29:57,OP10005373,500ETF购12月7250,0.0,0.0,0.0,0.0,30,0.0284,0.0307,1,0.0286,0.0302,0.0,0.0,0.0,0.0,1243
2023-05-11 09:29:57,OP10005373,500ETF购12月7250,0.0,0.0,0.0,0.0,30,0.0284,0.0307,1,0.0286,0.0302,0.0,0.0,0.0,0.0,1243
2023-05-11 09:30:02,OP10005373,500ETF购12月7250,0.0,0.0,0.0,0.0,30,0.0284,0.0307,1,0.0286,0.0302,0.0,0.0,0.0,0.0,1243
2023-05-11 09:30:02,OP10005373,500ETF购12月7250,0.0,0.0,0.0,0.0,10,0.0296,0.0307,1,0.0286,0.0302,0.0,0.0,0.0,0.0,1243
2023-05-11 09:30:02,OP10005373,500ETF购12月7250,0.0,0.0,0.0,0.0,10,0.0296,0.0307,1,0.0286,0.0302,0.0,0.0,0.0,0.0,1243
2023-05-11 09:30:05,OP10005373,500ETF购12月7250,0.0,0.0,0.0,0.0,10,0.0296,0.0307,11,0.0286,0.0302,0.0,0.0,0.0,0.0,1243
2023-05-11 09:30:08,OP10005373,500ETF购12月7250,0.0,0.0,0.0,0.0,30,0.0296,0.0307,11,0.0286,0.0302,0.0,0.0,0.0,0.0,1243
2023-05-11 09:30:08,OP10005373,500ETF购12月7250,0.0,0.0,0.0,0.0,10,0.0299,0.0307,1,0.0286,0.0302,0.0,0.0,0.0,0.0,1243
2023-05-11 09:30:11,OP10005373,500ETF购12月7250,0.0,0.0,0.0,0.0,10,0.0299,0.0307,1,0.0286,0.0302,0.0,0.0,0.0,0.0,1243
2023-05-11 09:30:14,OP10005373,500ETF购12月7250,0.0,0.0,0.0,0.0,10,0.0299,0.0307,1,0.0286,0.0302,0.0,0.0,0.0,0.0,1243
2023-05-11 09:30:14,OP10005373,500ETF购12月7250,0.0,0.0,0.0,0.0,10,0.0299,0.0307,1,0.0286,0.0302,0.0,0.0,0.0,0.0,1243
2023-05-11 09:30:14,OP10005373,500ETF购12月7250,0.0,0.0,0.0,0.0,10,0.0296,0.0307,11,0.0286,0.0302,0.0,0.0,0.0,0.0,1243
2023-05-11 09:30:14,OP10005373,500ETF购12月7250,0.0,0.0,0.0,0.0,10,0.0296,0.0307,11,0.0286,0.0302,0.0,0.0,0.0,0.0,1243
2023-05-11 09:30:17,OP10005373,500ETF购12月7250,0.0,0.0,0.0,0.0,20,0.0293,0.0304,10,0.0286,0.0302,0.0,0.0,0.0,0.0,1243
2023-05-11 09:30:17,OP10005373,500ETF购12月7250,0.0,0.0,0.0,0.0,10,0.0296,0.0307,11,0.0286,0.0302,0.0,0.0,0.0,0.0,1243
2023-05-11 09:30:17,OP10005373,500ETF购12月7250,0.0,0.0,0.0,0.0,10,0.0296,0.0307,11,0.0286,0.0302,0.0,0.0,0.0,0.0,1243
2023-05-11 09:30:17,OP10005373,500ETF购12月7250,0.0,0.0,0.0,0.0,10,0.0296,0.0307,11,0.0286,0.0302,0.0,0.0,0.0,0.0,1243
2023-05-11 09:30:20,OP10005373,500ETF购12月7250,0.0,0.0,0.0,0.0,10,0.0296,0.0307,11,0.0286,0.0302,0.0,0.0,0.0,0.0,1243
2023-05-11 09:30:20,OP10005373,500ETF购12月7250,0.0,0.0,0.0,0.0,10,0.0299,0.0307,1,0.0286,0.0302,0.0,0.0,0.0,0.0,1243
2023-05-11 09:30:20,OP10005373,500ETF购12月7250,0.0,0.0,0.0,0.0,10,0.0299,0.0307,1,0.0286,0.0302,0.0,0.0,0.0,0.0,1243
2023-05-11 09:30:23,OP10005373,500ETF购12月7250,0.0,0.0,0.0,0.0,10,0.0292,0.0306,10,0.0286,0.0302,0.0,0.0,0.0,0.0,1243
2023-05-11 09:30:23,OP10005373,500ETF购12月7250,0.0,0.0,0.0,0.0,10,0.0296,0.0307,11,0.0286,0.0302,0.0,0.0,0.0,0.0,1243
2023-05-11 09:30:23,OP10005373,500ETF购12月7250,0.0,0.0,0.0,0.0,10,0.0296,0.0307,11,0.0286,0.0302,0.0,0.0,0.0,0.0,1243
2023-05-11 09:30:26,OP10005373,500ETF购12月7250,0.0,0.0,0.0,0.0,10,0.0296,0.0307,11,0.0286,0.0302,0.0,0.0,0.0,0.0,1243
2023-05-11 09:30:29,OP10005373,500ETF购12月7250,0.0,0.0,0.0,0.0,30,0.0296,0.0307,11,0.0286,0.0302,0.0,0.0,0.0,0.0,1243
2023-05-11 09:30:29,OP10005373,500ETF购12月7250,0.0,0.0,0.0,0.0,31,0.0296,0.0307,11,0.0286,0.0302,0.0,0.0,0.0,0.0,1243
2023-05-11 09:30:29,OP10005373,500ETF购12月7250,0.0,0.0,0.0,0.0,31,0.0296,0.0307,11,0.0286,0.0302,0.0,0.0,0.0,0.0,1243
2023-05-11 09:30:38,OP10005373,500ETF购12月7250,0.0,0.0,0.0,0.0,10,0.0299,0.0307,1,0.0286,0.0302,0.0,0.0,0.0,0.0,1243
2023-05-11 09:30:38,OP10005373,500ETF购12月7250,0.0,0.0,0.0,0.0,11,0.0299,0.0307,1,0.0286,0.0302,0.0,0.0,0.0,0.0,1243
2023-05-11 09:30:41,OP10005373,500ETF购12月7250,0.0,0.0,0.0,0.0,1,0.0299,0.0307,1,0.0286,0.0302,0.0,0.0,0.0,0.0,1243
2023-05-11 09:30:41,OP10005373,500ETF购12月7250,0.0,0.0,0.0,0.0,10,0.03,0.0307,1,0.0286,0.0302,0.0,0.0,0.0,0.0,1243
2023-05-11 09:30:41,OP10005373,500ETF购12月7250,0.0,0.0,0.0,0.0,10,0.0302,0.0307,1,0.0286,0.0302,0.0,0.0,0.0,0.0,1243
2023-05-11 09:30:41,OP10005373,500ETF购12月7250,0.0,0.0,0.0,0.0,10,0.0302,0.0307,1,0.0286,0.0302,0.0,0.0,0.0,0.0,1243
2023-05-11 09:30:41,OP10005373,500ETF购12月7250,0.0,0.0,0.0,0.0,1,0.03,0.0307,1,0.0286,0.0302,0.0,0.0,0.0,0.0,1243
2023-05-11 09:30:44,OP10005373,500ETF购12月7250,0.0,0.0,0.0,0.0,11,0.03,0.0307,1,0.0286,0.0302,0.0,0.0,0.0,0.0,1243
2023-05-11 09:30:44,OP10005373,500ETF购12月7250,0.0,0.0,0.0,0.0,11,0.03,0.0307,1,0.0286,0.0302,0.0,0.0,0.0,0.0,1243
2023-05-11 09:30:44,OP10005373,500ETF购12月7250,0.0,0.0,0.0,0.0,11,0.03,0.0307,1,0.0286,0.0302,0.0,0.0,0.0,0.0,1243
2023-05-11 09:30:44,OP10005373,500ETF购12月7250,0.0,0.0,0.0,0.0,1,0.03,0.0305,10,0.0286,0.0302,0.0,0.0,0.0,0.0,1243
2023-05-11 09:30:44,OP10005373,500ETF购12月7250,0.0,0.0,0.0,0.0,1,0.03,0.0305,10,0.0286,0.0302,0.0,0.0,0.0,0.0,1243
2023-05-11 09:30:47,OP10005373,500ETF购12月7250,0.0,0.0,0.0,0.0,1,0.03,0.0305,10,0.0286,0.0302,0.0,0.0,0.0,0.0,1243
2023-05-11 09:30:47,OP10005373,500ETF购12月7250,0.0,0.0,0.0,0.0,1,0.03,0.0305,10,0.0286,0.0302,0.0,0.0,0.0,0.0,1243
2023-05-11 09:30:47,OP10005373,500ETF购12月7250,0.0,0.0,0.0,0.0,1,0.03,0.0305,10,0.0286,0.0302,0.0,0.0,0.0,0.0,1243
2023-05-11 09:30:47,OP10005373,500ETF购12月7250,0.0,0.0,0.0,0.0,1,0.03,0.0305,10,0.0286,0.0302,0.0,0.0,0.0,0.0,1243
2023-05-11 09:30:47,OP10005373,500ETF购12月7250,0.0,0.0,0.0,0.0,1,0.03,0.0303,10,0.0286,0.0302,0.0,0.0,0.0,0.0,1243
2023-05-11 09:30:47,OP10005373,500ETF购12月7250,0.0,0.0,0.0,0.0,1,0.03,0.0303,10,0.0286,0.0302,0.0,0.0,0.0,0.0,1243
2023-05-11 09:30:50,OP10005373,500ETF购12月7250,0.0,0.0,0.0,0.0,1,0.03,0.0305,10,0.0286,0.0302,0.0,0.0,0.0,0.0,1243
2023-05-11 09:30:50,OP10005373,500ETF购12月7250,0.0,0.0,0.0,0.0,1,0.03,0.0305,10,0.0286,0.0302,0.0,0.0,0.0,0.0,1243
2023-05-11 09:30:50,OP10005373,500ETF购12月7250,0.0,0.0,0.0,0.0,1,0.0301,0.0305,10,0.0286,0.0302,0.0,0.0,0.0,0.0,1243
2023-05-11 09:30:50,OP10005373,500ETF购12月7250,0.0,0.0,0.0,0.0,1,0.0301,0.0306,10,0.0286,0.0302,0.0,0.0,0.0,0.0,1243
2023-05-11 09:30:53,OP10005373,500ETF购12月7250,0.0,0.0,0.0,0.0,1,0.0301,0.0305,10,0.0286,0.0302,0.0,0.0,0.0,0.0,1243
2023-05-11 09:30:56,OP10005373,500ETF购12月7250,0.0,0.0,0.0,0.0,1,0.0301,0.0305,10,0.0286,0.0302,0.0,0.0,0.0,0.0,1243
2023-05-11 09:30:56,OP10005373,500ETF购12月7250,0.0,0.0,0.0,0.0,1,0.0301,0.0302,10,0.0286,0.0302,0.0,0.0,0.0,0.0,1243
2023-05-11 09:30:59,OP10005373,500ETF购12月7250,0.0302,2.0,604.0,1.0,1,0.0301,0.0302,8,0.0286,0.0302,0.0302,0.0302,2.0,604.0,1244
2023-05-11 09:31:00,OP10005373,500ETF购12月7250,0.0302,0.0,0.0,0.0,10,0.0294,0.0302,8,0.0286,0.0302,0.0302,0.0302,2.0,604.0,1244
2023-05-11 09:31:00,OP10005373,500ETF购12月7250,0.0302,0.0,0.0,0.0,10,0.0294,0.0302,8,0.0286,0.0302,0.0302,0.0302,2.0,604.0,1244
2023-05-11 09:31:01,OP10005373,500ETF购12月7250,0.0302,0.0,0.0,0.0,10,0.0296,0.0304,10,0.0286,0.0302,0.0302,0.0302,2.0,604.0,1244
2023-05-11 09:31:02,OP10005373,500ETF购12月7250,0.0302,0.0,0.0,0.0,10,0.0296,0.0304,10,0.0286,0.0302,0.0302,0.0302,2.0,604.0,1244
2023-05-11 09:31:02,OP10005373,500ETF购12月7250,0.0302,0.0,0.0,0.0,10,0.0296,0.0304,10,0.0286,0.0302,0.0302,0.0302,2.0,604.0,1244
2023-05-11 09:31:03,OP10005373,500ETF购12月7250,0.0302,0.0,0.0,0.0,10,0.0296,0.0306,10,0.0286,0.0302,0.0302,0.0302,2.0,604.0,1244
2023-05-11 09:31:04,OP10005373,500ETF购12月7250,0.0302,0.0,0.0,0.0,10,0.0298,0.0306,10,0.0286,0.0302,0.0302,0.0302,2.0,604.0,1244
2023-05-11 09:31:04,OP10005373,500ETF购12月7250,0.0302,0.0,0.0,0.0,10,0.0298,0.0306,10,0.0286,0.0302,0.0302,0.0302,2.0,604.0,1244
2023-05-11 09:31:06,OP10005373,500ETF购12月7250,0.0302,0.0,0.0,0.0,10,0.0298,0.0306,10,0.0286,0.0302,0.0302,0.0302,2.0,604.0,1244
2023-05-11 09:31:07,OP10005373,500ETF购12月7250,0.0302,0.0,0.0,0.0,10,0.0298,0.0306,10,0.0286,0.0302,0.0302,0.0302,2.0,604.0,1244
2023-05-11 09:31:09,OP10005373,500ETF购12月7250,0.0302,0.0,0.0,0.0,10,0.0298,0.0306,10,0.0286,0.0302,0.0302,0.0302,2.0,604.0,1244
2023-05-11 09:31:10,OP10005373,500ETF购12月7250,0.0302,0.0,0.0,0.0,10,0.0296,0.0304,10,0.0286,0.0302,0.0302,0.0302,2.0,604.0,1244
2023-05-11 09:31:10,OP10005373,500ETF购12月7250,0.0302,0.0,0.0,0.0,10,0.0296,0.0304,10,0.0286,0.0302,0.0302,0.0302,2.0,604.0,1244
2023-05-11 09:31:11,OP10005373,500ETF购12月7250,0.0302,0.0,0.0,0.0,10,0.0296,0.0304,10,0.0286,0.0302,0.0302,0.0302,2.0,604.0,1244
2023-05-11 09:31:11,OP10005373,500ETF购12月7250,0.0302,0.0,0.0,0.0,10,0.0296,0.0304,10,0.0286,0.0302,0.0302,0.0302,2.0,604.0,1244
2023-05-11 09:31:12,OP10005373,500ETF购12月7250,0.0302,0.0,0.0,0.0,20,0.0296,0.0304,10,0.0286,0.0302,0.0302,0.0302,2.0,604.0,1244
2023-05-11 09:31:12,OP10005373,500ETF购12月7250,0.0302,0.0,0.0,0.0,10,0.0298,0.0306,10,0.0286,0.0302,0.0302,0.0302,2.0,604.0,1244
2023-05-11 09:31:14,OP10005373,500ETF购12月7250,0.0302,0.0,0.0,0.0,10,0.0298,0.0306,10,0.0286,0.0302,0.0302,0.0302,2.0,604.0,1244
2023-05-11 09:31:14,OP10005373,500ETF购12月7250,0.0302,0.0,0.0,0.0,10,0.0298,0.0306,10,0.0286,0.0302,0.0302,0.0302,2.0,604.0,1244
2023-05-11 09:31:15,OP10005373,500ETF购12月7250,0.0302,0.0,0.0,0.0,10,0.0298,0.0306,10,0.0286,0.0302,0.0302,0.0302,2.0,604.0,1244
2023-05-11 09:31:15,OP10005373,500ETF购12月7250,0.0302,0.0,0.0,0.0,10,0.0298,0.0306,10,0.0286,0.0302,0.0302,0.0302,2.0,604.0,1244
2023-05-11 09:31:16,OP10005373,500ETF购12月7250,0.0302,0.0,0.0,0.0,10,0.0298,0.0306,10,0.0286,0.0302,0.0302,0.0302,2.0,604.0,1244
2023-05-11 09:31:17,OP10005373,500ETF购12月7250,0.0302,0.0,0.0,0.0,10,0.0298,0.0306,10,0.0286,0.0302,0.0302,0.0302,2.0,604.0,1244
2023-05-11 09:31:17,OP10005373,500ETF购12月7250,0.0302,0.0,0.0,0.0,10,0.0298,0.0306,10,0.0286,0.0302,0.0302,0.0302,2.0,604.0,1244
2023-05-11 09:31:20,OP10005373,500ETF购12月7250,0.0302,0.0,0.0,0.0,10,0.0298,0.0306,10,0.0286,0.0302,0.0302,0.0302,2.0,604.0,1244
2023-05-11 09:31:20,OP10005373,500ETF购12月7250,0.0302,0.0,0.0,0.0,10,0.0298,0.0306,10,0.0286,0.0302,0.0302,0.0302,2.0,604.0,1244
2023-05-11 09:31:21,OP10005373,500ETF购12月7250,0.0302,0.0,0.0,0.0,20,0.0295,0.0304,10,0.0286,0.0302,0.0302,0.0302,2.0,604.0,1244
2023-05-11 09:31:22,OP10005373,500ETF购12月7250,0.0302,0.0,0.0,0.0,10,0.0295,0.0304,10,0.0286,0.0302,0.0302,0.0302,2.0,604.0,1244
2023-05-11 09:31:23,OP10005373,500ETF购12月7250,0.0302,0.0,0.0,0.0,10,0.0295,0.0304,10,0.0286,0.0302,0.0302,0.0302,2.0,604.0,1244
2023-05-11 09:31:24,OP10005373,500ETF购12月7250,0.0302,0.0,0.0,0.0,20,0.0295,0.0304,10,0.0286,0.0302,0.0302,0.0302,2.0,604.0,1244
2023-05-11 09:31:25,OP10005373,500ETF购12月7250,0.0302,0.0,0.0,0.0,10,0.0297,0.0305,10,0.0286,0.0302,0.0302,0.0302,2.0,604.0,1244
2023-05-11 09:31:26,OP10005373,500ETF购12月7250,0.0302,0.0,0.0,0.0,10,0.0297,0.0305,10,0.0286,0.0302,0.0302,0.0302,2.0,604.0,1244
2023-05-11 09:31:27,OP10005373,500ETF购12月7250,0.0302,0.0,0.0,0.0,10,0.0299,0.0307,11,0.0286,0.0302,0.0302,0.0302,2.0,604.0,1244
2023-05-11 09:31:27,OP10005373,500ETF购12月7250,0.0302,0.0,0.0,0.0,10,0.0299,0.0307,11,0.0286,0.0302,0.0302,0.0302,2.0,604.0,1244
2023-05-11 09:31:28,OP10005373,500ETF购12月7250,0.0302,0.0,0.0,0.0,10,0.0299,0.0307,11,0.0286,0.0302,0.0302,0.0302,2.0,604.0,1244
2023-05-11 09:31:28,OP10005373,500ETF购12月7250,0.0302,0.0,0.0,0.0,10,0.0299,0.0307,11,0.0286,0.0302,0.0302,0.0302,2.0,604.0,1244
2023-05-11 09:31:30,OP10005373,500ETF购12月7250,0.0302,0.0,0.0,0.0,10,0.0299,0.0307,11,0.0286,0.0302,0.0302,0.0302,2.0,604.0,1244
2023-05-11 09:31:31,OP10005373,500ETF购12月7250,0.0302,0.0,0.0,0.0,10,0.0299,0.0307,11,0.0286,0.0302,0.0302,0.0302,2.0,604.0,1244
2023-05-11 09:31:31,OP10005373,500ETF购12月7250,0.0302,0.0,0.0,0.0,10,0.0299,0.0307,11,0.0286,0.0302,0.0302,0.0302,2.0,604.0,1244
2023-05-11 09:31:32,OP10005373,500ETF购12月7250,0.0302,0.0,0.0,0.0,10,0.0299,0.0307,11,0.0286,0.0302,0.0302,0.0302,2.0,604.0,1244
2023-05-11 09:31:32,OP10005373,500ETF购12月7250,0.0302,0.0,0.0,0.0,10,0.0297,0.0305,10,0.0286,0.0302,0.0302,0.0302,2.0,604.0,1244
2023-05-11 09:31:33,OP10005373,500ETF购12月7250,0.0302,0.0,0.0,0.0,10,0.0296,0.0307,11,0.0286,0.0302,0.0302,0.0302,2.0,604.0,1244
2023-05-11 09:31:33,OP10005373,500ETF购12月7250,0.0302,0.0,0.0,0.0,20,0.0296,0.0305,10,0.0286,0.0302,0.0302,0.0302,2.0,604.0,1244
2023-05-11 09:31:34,OP10005373,500ETF购12月7250,0.0302,0.0,0.0,0.0,10,0.0297,0.0305,10,0.0286,0.0302,0.0302,0.0302,2.0,604.0,1244
2023-05-11 09:31:37,OP10005373,500ETF购12月7250,0.0302,0.0,0.0,0.0,20,0.0297,0.0307,1,0.0286,0.0302,0.0302,0.0302,2.0,604.0,1244
2023-05-11 09:31:37,OP10005373,500ETF购12月7250,0.0302,0.0,0.0,0.0,10,0.0299,0.0307,1,0.0286,0.0302,0.0302,0.0302,2.0,604.0,1244
2023-05-11 09:31:38,OP10005373,500ETF购12月7250,0.0302,0.0,0.0,0.0,10,0.0299,0.0307,1,0.0286,0.0302,0.0302,0.0302,2.0,604.0,1244
2023-05-11 09:31:39,OP10005373,500ETF购12月7250,0.0302,0.0,0.0,0.0,10,0.0301,0.0307,1,0.0286,0.0302,0.0302,0.0302,2.0,604.0,1244
2023-05-11 09:31:41,OP10005373,500ETF购12月7250,0.0302,0.0,0.0,0.0,10,0.03,0.0307,1,0.0286,0.0302,0.0302,0.0302,2.0,604.0,1244
2023-05-11 09:31:42,OP10005373,500ETF购12月7250,0.0302,0.0,0.0,0.0,10,0.0298,0.0306,10,0.0286,0.0302,0.0302,0.0302,2.0,604.0,1244
2023-05-11 09:31:43,OP10005373,500ETF购12月7250,0.0302,0.0,0.0,0.0,10,0.0298,0.0306,10,0.0286,0.0302,0.0302,0.0302,2.0,604.0,1244
2023-05-11 09:31:44,OP10005373,500ETF购12月7250,0.0302,0.0,0.0,0.0,10,0.0298,0.0306,10,0.0286,0.0302,0.0302,0.0302,2.0,604.0,1244
2023-05-11 09:31:46,OP10005373,500ETF购12月7250,0.0302,0.0,0.0,0.0,10,0.0298,0.0306,10,0.0286,0.0302,0.0302,0.0302,2.0,604.0,1244
2023-05-11 09:31:46,OP10005373,500ETF购12月7250,0.0302,0.0,0.0,0.0,10,0.0298,0.0306,10,0.0286,0.0302,0.0302,0.0302,2.0,604.0,1244
2023-05-11 09:31:47,OP10005373,500ETF购12月7250,0.0302,0.0,0.0,0.0,10,0.0298,0.0306,10,0.0286,0.0302,0.0302,0.0302,2.0,604.0,1244
2023-05-11 09:31:47,OP10005373,500ETF购12月7250,0.0302,0.0,0.0,0.0,10,0.0298,0.0306,30,0.0286,0.0302,0.0302,0.0302,2.0,604.0,1244
2023-05-11 09:31:48,OP10005373,500ETF购12月7250,0.0302,0.0,0.0,0.0,10,0.0298,0.0306,30,0.0286,0.0302,0.0302,0.0302,2.0,604.0,1244
2023-05-11 09:31:54,OP10005373,500ETF购12月7250,0.0302,0.0,0.0,0.0,10,0.0298,0.0306,10,0.0286,0.0302,0.0302,0.0302,2.0,604.0,1244
2023-05-11 09:31:55,OP10005373,500ETF购12月7250,0.0302,0.0,0.0,0.0,10,0.0297,0.0304,10,0.0286,0.0302,0.0302,0.0302,2.0,604.0,1244
2023-05-11 09:31:55,OP10005373,500ETF购12月7250,0.0302,0.0,0.0,0.0,10,0.0298,0.0306,10,0.0286,0.0302,0.0302,0.0302,2.0,604.0,1244
2023-05-11 09:31:56,OP10005373,500ETF购12月7250,0.0302,0.0,0.0,0.0,10,0.0298,0.0306,10,0.0286,0.0302,0.0302,0.0302,2.0,604.0,1244
2023-05-11 09:31:56,OP10005373,500ETF购12月7250,0.0302,0.0,0.0,0.0,10,0.03,0.0307,1,0.0286,0.0302,0.0302,0.0302,2.0,604.0,1244
2023-05-11 09:31:57,OP10005373,500ETF购12月7250,0.0302,0.0,0.0,0.0,10,0.03,0.0307,1,0.0286,0.0302,0.0302,0.0302,2.0,604.0,1244
2023-05-11 09:31:58,OP10005373,500ETF购12月7250,0.0302,0.0,0.0,0.0,10,0.0301,0.0307,1,0.0286,0.0302,0.0302,0.0302,2.0,604.0,1244
2023-05-11 09:31:58,OP10005373,500ETF购12月7250,0.0302,0.0,0.0,0.0,10,0.0301,0.0307,1,0.0286,0.0302,0.0302,0.0302,2.0,604.0,1244
2023-05-11 09:31:59,OP10005373,500ETF购12月7250,0.0302,0.0,0.0,0.0,20,0.0306,0.0307,1,0.0286,0.0302,0.0302,0.0302,2.0,604.0,1244
2023-05-11 09:31:59,OP10005373,500ETF购12月7250,0.0302,0.0,0.0,0.0,20,0.0306,0.0307,1,0.0286,0.0302,0.0302,0.0302,2.0,604.0,1244
2023-05-11 09:32:00,OP10005373,500ETF购12月7250,0.0302,0.0,0.0,0.0,20,0.0306,0.0307,1,0.0286,0.0302,0.0302,0.0302,2.0,604.0,1244
2023-05-11 09:32:00,OP10005373,500ETF购12月7250,0.0302,0.0,0.0,0.0,20,0.0306,0.0307,1,0.0286,0.0302,0.0302,0.0302,2.0,604.0,1244
2023-05-11 09:32:01,OP10005373,500ETF购12月7250,0.0302,0.0,0.0,0.0,10,0.0304,0.0307,1,0.0286,0.0302,0.0302,0.0302,2.0,604.0,1244
2023-05-11 09:32:01,OP10005373,500ETF购12月7250,0.0302,0.0,0.0,0.0,10,0.0303,0.0307,1,0.0286,0.0302,0.0302,0.0302,2.0,604.0,1244
2023-05-11 09:32:02,OP10005373,500ETF购12月7250,0.0302,0.0,0.0,0.0,10,0.0302,0.0307,1,0.0286,0.0302,0.0302,0.0302,2.0,604.0,1244
2023-05-11 09:32:03,OP10005373,500ETF购12月7250,0.0302,0.0,0.0,0.0,10,0.0302,0.0307,1,0.0286,0.0302,0.0302,0.0302,2.0,604.0,1244
2023-05-11 09:32:07,OP10005373,500ETF购12月7250,0.0302,0.0,0.0,0.0,10,0.0302,0.0307,1,0.0286,0.0302,0.0302,0.0302,2.0,604.0,1244
2023-05-11 09:32:07,OP10005373,500ETF购12月7250,0.0302,0.0,0.0,0.0,10,0.0303,0.0307,1,0.0286,0.0302,0.0302,0.0302,2.0,604.0,1244
2023-05-11 09:32:08,OP10005373,500ETF购12月7250,0.0302,0.0,0.0,0.0,10,0.0303,0.0307,1,0.0286,0.0302,0.0302,0.0302,2.0,604.0,1244
2023-05-11 09:32:09,OP10005373,500ETF购12月7250,0.0302,0.0,0.0,0.0,10,0.0303,0.0307,1,0.0286,0.0302,0.0302,0.0302,2.0,604.0,1244
2023-05-11 09:32:10,OP10005373,500ETF购12月7250,0.0302,0.0,0.0,0.0,10,0.0302,0.0307,1,0.0286,0.0302,0.0302,0.0302,2.0,604.0,1244
2023-05-11 09:32:15,OP10005373,500ETF购12月7250,0.0302,0.0,0.0,0.0,10,0.0301,0.0307,1,0.0286,0.0302,0.0302,0.0302,2.0,604.0,1244
2023-05-11 09:32:16,OP10005373,500ETF购12月7250,0.0302,0.0,0.0,0.0,20,0.03,0.0307,1,0.0286,0.0302,0.0302,0.0302,2.0,604.0,1244
2023-05-11 09:32:16,OP10005373,500ETF购12月7250,0.0302,0.0,0.0,0.0,20,0.03,0.0307,1,0.0286,0.0302,0.0302,0.0302,2.0,604.0,1244
2023-05-11 09:32:17,OP10005373,500ETF购12月7250,0.0302,0.0,0.0,0.0,20,0.03,0.0307,1,0.0286,0.0302,0.0302,0.0302,2.0,604.0,1244
2023-05-11 09:32:17,OP10005373,500ETF购12月7250,0.0302,0.0,0.0,0.0,20,0.03,0.0307,1,0.0286,0.0302,0.0302,0.0302,2.0,604.0,1244
2023-05-11 09:32:18,OP10005373,500ETF购12月7250,0.0302,0.0,0.0,0.0,20,0.03,0.0307,1,0.0286,0.0302,0.0302,0.0302,2.0,604.0,1244
2023-05-11 09:32:19,OP10005373,500ETF购12月7250,0.0302,0.0,0.0,0.0,20,0.03,0.0307,1,0.0286,0.0302,0.0302,0.0302,2.0,604.0,1244
2023-05-11 09:32:19,OP10005373,500ETF购12月7250,0.0302,0.0,0.0,0.0,20,0.03,0.0307,1,0.0286,0.0302,0.0302,0.0302,2.0,604.0,1244
2023-05-11 09:32:20,OP10005373,500ETF购12月7250,0.0302,0.0,0.0,0.0,10,0.0301,0.0307,1,0.0286,0.0302,0.0302,0.0302,2.0,604.0,1244
2023-05-11 09:32:20,OP10005373,500ETF购12月7250,0.0302,0.0,0.0,0.0,10,0.0301,0.0307,1,0.0286,0.0302,0.0302,0.0302,2.0,604.0,1244
2023-05-11 09:32:21,OP10005373,500ETF购12月7250,0.0302,0.0,0.0,0.0,10,0.03,0.0307,21,0.0286,0.0302,0.0302,0.0302,2.0,604.0,1244
2023-05-11 09:32:22,OP10005373,500ETF购12月7250,0.0302,0.0,0.0,0.0,10,0.03,0.0307,21,0.0286,0.0302,0.0302,0.0302,2.0,604.0,1244
2023-05-11 09:32:22,OP10005373,500ETF购12月7250,0.0302,0.0,0.0,0.0,10,0.03,0.0307,21,0.0286,0.0302,0.0302,0.0302,2.0,604.0,1244
2023-05-11 09:32:23,OP10005373,500ETF购12月7250,0.0302,0.0,0.0,0.0,20,0.0301,0.0307,21,0.0286,0.0302,0.0302,0.0302,2.0,604.0,1244
2023-05-11 09:32:24,OP10005373,500ETF购12月7250,0.0302,0.0,0.0,0.0,20,0.0306,0.0307,21,0.0286,0.0302,0.0302,0.0302,2.0,604.0,1244
2023-05-11 09:32:25,OP10005373,500ETF购12月7250,0.0306,20.0,6120.0,20.0,20,0.0301,0.0307,21,0.0286,0.0302,0.0306,0.0302,22.0,6724.0,1264
2023-05-11 09:32:25,OP10005373,500ETF购12月7250,0.0306,0.0,0.0,0.0,20,0.0305,0.0307,21,0.0286,0.0302,0.0306,0.0302,22.0,6724.0,1264
2023-05-11 09:32:26,OP10005373,500ETF购12月7250,0.0306,0.0,0.0,0.0,20,0.0305,0.0307,21,0.0286,0.0302,0.0306,0.0302,22.0,6724.0,1264
2023-05-11 09:32:26,OP10005373,500ETF购12月7250,0.0306,0.0,0.0,0.0,30,0.0301,0.0307,21,0.0286,0.0302,0.0306,0.0302,22.0,6724.0,1264
2023-05-11 09:32:27,OP10005373,500ETF购12月7250,0.0306,0.0,0.0,0.0,20,0.0305,0.0307,21,0.0286,0.0302,0.0306,0.0302,22.0,6724.0,1264
2023-05-11 09:32:28,OP10005373,500ETF购12月7250,0.0306,0.0,0.0,0.0,20,0.0305,0.0307,21,0.0286,0.0302,0.0306,0.0302,22.0,6724.0,1264
2023-05-11 09:32:28,OP10005373,500ETF购12月7250,0.0306,0.0,0.0,0.0,20,0.0305,0.0307,1,0.0286,0.0302,0.0306,0.0302,22.0,6724.0,1264
2023-05-11 09:32:29,OP10005373,500ETF购12月7250,0.0306,0.0,0.0,0.0,20,0.0305,0.0307,1,0.0286,0.0302,0.0306,0.0302,22.0,6724.0,1264
2023-05-11 09:32:29,OP10005373,500ETF购12月7250,0.0306,0.0,0.0,0.0,10,0.0302,0.0307,1,0.0286,0.0302,0.0306,0.0302,22.0,6724.0,1264
2023-05-11 09:32:30,OP10005373,500ETF购12月7250,0.0306,0.0,0.0,0.0,20,0.0306,0.0307,1,0.0286,0.0302,0.0306,0.0302,22.0,6724.0,1264
2023-05-11 09:32:30,OP10005373,500ETF购12月7250,0.0306,0.0,0.0,0.0,30,0.0302,0.0307,1,0.0286,0.0302,0.0306,0.0302,22.0,6724.0,1264
2023-05-11 09:32:31,OP10005373,500ETF购12月7250,0.0306,0.0,0.0,0.0,20,0.0306,0.0307,1,0.0286,0.0302,0.0306,0.0302,22.0,6724.0,1264
2023-05-11 09:32:31,OP10005373,500ETF购12月7250,0.0306,0.0,0.0,0.0,30,0.0302,0.0307,1,0.0286,0.0302,0.0306,0.0302,22.0,6724.0,1264
2023-05-11 09:32:32,OP10005373,500ETF购12月7250,0.0306,0.0,0.0,0.0,20,0.0305,0.0307,1,0.0286,0.0302,0.0306,0.0302,22.0,6724.0,1264
2023-05-11 09:32:33,OP10005373,500ETF购12月7250,0.0306,0.0,0.0,0.0,10,0.0301,0.0307,1,0.0286,0.0302,0.0306,0.0302,22.0,6724.0,1264
2023-05-11 09:32:33,OP10005373,500ETF购12月7250,0.0306,0.0,0.0,0.0,20,0.0306,0.0307,1,0.0286,0.0302,0.0306,0.0302,22.0,6724.0,1264
2023-05-11 09:32:35,OP10005373,500ETF购12月7250,0.0306,20.0,6120.0,20.0,20,0.0301,0.0307,1,0.0286,0.0302,0.0306,0.0302,42.0,12844.0,1284
2023-05-11 09:32:35,OP10005373,500ETF购12月7250,0.0306,0.0,0.0,0.0,30,0.0301,0.0307,1,0.0286,0.0302,0.0306,0.0302,42.0,12844.0,1284
2023-05-11 09:32:35,OP10005373,500ETF购12月7250,0.0306,0.0,0.0,0.0,20,0.0304,0.0307,1,0.0286,0.0302,0.0306,0.0302,42.0,12844.0,1284
2023-05-11 09:32:36,OP10005373,500ETF购12月7250,0.0306,0.0,0.0,0.0,30,0.0301,0.0307,1,0.0286,0.0302,0.0306,0.0302,42.0,12844.0,1284
2023-05-11 09:32:36,OP10005373,500ETF购12月7250,0.0306,0.0,0.0,0.0,20,0.0304,0.0307,1,0.0286,0.0302,0.0306,0.0302,42.0,12844.0,1284
2023-05-11 09:32:36,OP10005373,500ETF购12月7250,0.0306,0.0,0.0,0.0,30,0.0301,0.0307,1,0.0286,0.0302,0.0306,0.0302,42.0,12844.0,1284
2023-05-11 09:32:37,OP10005373,500ETF购12月7250,0.0306,0.0,0.0,0.0,20,0.0302,0.0307,1,0.0286,0.0302,0.0306,0.0302,42.0,12844.0,1284
2023-05-11 09:32:39,OP10005373,500ETF购12月7250,0.0306,0.0,0.0,0.0,30,0.0301,0.0307,1,0.0286,0.0302,0.0306,0.0302,42.0,12844.0,1284
2023-05-11 09:32:39,OP10005373,500ETF购12月7250,0.0306,0.0,0.0,0.0,20,0.0302,0.0307,1,0.0286,0.0302,0.0306,0.0302,42.0,12844.0,1284
2023-05-11 09:32:40,OP10005373,500ETF购12月7250,0.0306,0.0,0.0,0.0,30,0.0301,0.0307,1,0.0286,0.0302,0.0306,0.0302,42.0,12844.0,1284
2023-05-11 09:32:41,OP10005373,500ETF购12月7250,0.0306,0.0,0.0,0.0,30,0.0301,0.0307,11,0.0286,0.0302,0.0306,0.0302,42.0,12844.0,1284
2023-05-11 09:32:41,OP10005373,500ETF购12月7250,0.0306,0.0,0.0,0.0,20,0.0301,0.0307,11,0.0286,0.0302,0.0306,0.0302,42.0,12844.0,1284
2023-05-11 09:32:42,OP10005373,500ETF购12月7250,0.0306,0.0,0.0,0.0,20,0.0301,0.0307,21,0.0286,0.0302,0.0306,0.0302,42.0,12844.0,1284
2023-05-11 09:32:43,OP10005373,500ETF购12月7250,0.0306,0.0,0.0,0.0,20,0.0301,0.0307,21,0.0286,0.0302,0.0306,0.0302,42.0,12844.0,1284
2023-05-11 09:32:44,OP10005373,500ETF购12月7250,0.0306,0.0,0.0,0.0,20,0.0301,0.0307,41,0.0286,0.0302,0.0306,0.0302,42.0,12844.0,1284
2023-05-11 09:32:44,OP10005373,500ETF购12月7250,0.0306,0.0,0.0,0.0,20,0.0301,0.0306,10,0.0286,0.0302,0.0306,0.0302,42.0,12844.0,1284
2023-05-11 09:32:45,OP10005373,500ETF购12月7250,0.0306,0.0,0.0,0.0,20,0.0301,0.0307,31,0.0286,0.0302,0.0306,0.0302,42.0,12844.0,1284
2023-05-11 09:32:45,OP10005373,500ETF购12月7250,0.0306,0.0,0.0,0.0,20,0.0301,0.0307,41,0.0286,0.0302,0.0306,0.0302,42.0,12844.0,1284
2023-05-11 09:32:47,OP10005373,500ETF购12月7250,0.0306,0.0,0.0,0.0,20,0.0301,0.0307,31,0.0286,0.0302,0.0306,0.0302,42.0,12844.0,1284
2023-05-11 09:32:48,OP10005373,500ETF购12月7250,0.0306,0.0,0.0,0.0,20,0.0301,0.0307,21,0.0286,0.0302,0.0306,0.0302,42.0,12844.0,1284
2023-05-11 09:32:49,OP10005373,500ETF购12月7250,0.0306,0.0,0.0,0.0,10,0.0302,0.0307,21,0.0286,0.0302,0.0306,0.0302,42.0,12844.0,1284
2023-05-11 09:32:50,OP10005373,500ETF购12月7250,0.0306,0.0,0.0,0.0,10,0.0302,0.0307,21,0.0286,0.0302,0.0306,0.0302,42.0,12844.0,1284
2023-05-11 09:32:50,OP10005373,500ETF购12月7250,0.0306,0.0,0.0,0.0,20,0.0305,0.0307,21,0.0286,0.0302,0.0306,0.0302,42.0,12844.0,1284
2023-05-11 09:32:51,OP10005373,500ETF购12月7250,0.0306,0.0,0.0,0.0,10,0.0303,0.0307,21,0.0286,0.0302,0.0306,0.0302,42.0,12844.0,1284
2023-05-11 09:32:51,OP10005373,500ETF购12月7250,0.0306,0.0,0.0,0.0,20,0.0303,0.0307,21,0.0286,0.0302,0.0306,0.0302,42.0,12844.0,1284
2023-05-11 09:32:52,OP10005373,500ETF购12月7250,0.0306,0.0,0.0,0.0,20,0.0303,0.0307,21,0.0286,0.0302,0.0306,0.0302,42.0,12844.0,1284
2023-05-11 09:32:52,OP10005373,500ETF购12月7250,0.0306,0.0,0.0,0.0,10,0.03,0.0307,21,0.0286,0.0302,0.0306,0.0302,42.0,12844.0,1284
2023-05-11 09:32:53,OP10005373,500ETF购12月7250,0.0306,0.0,0.0,0.0,20,0.0303,0.0306,10,0.0286,0.0302,0.0306,0.0302,42.0,12844.0,1284
2023-05-11 09:32:53,OP10005373,500ETF购12月7250,0.0306,0.0,0.0,0.0,10,0.0299,0.0306,10,0.0286,0.0302,0.0306,0.0302,42.0,12844.0,1284
2023-05-11 09:32:54,OP10005373,500ETF购12月7250,0.0306,0.0,0.0,0.0,20,0.0304,0.0306,10,0.0286,0.0302,0.0306,0.0302,42.0,12844.0,1284
2023-05-11 09:32:54,OP10005373,500ETF购12月7250,0.0306,0.0,0.0,0.0,20,0.0304,0.0307,21,0.0286,0.0302,0.0306,0.0302,42.0,12844.0,1284
2023-05-11 09:32:55,OP10005373,500ETF购12月7250,0.0306,0.0,0.0,0.0,20,0.0304,0.0307,21,0.0286,0.0302,0.0306,0.0302,42.0,12844.0,1284
2023-05-11 09:32:56,OP10005373,500ETF购12月7250,0.0306,0.0,0.0,0.0,20,0.0304,0.0307,21,0.0286,0.0302,0.0306,0.0302,42.0,12844.0,1284
2023-05-11 09:32:59,OP10005373,500ETF购12月7250,0.0306,0.0,0.0,0.0,10,0.0302,0.0307,31,0.0286,0.0302,0.0306,0.0302,42.0,12844.0,1284
2023-05-11 09:33:00,OP10005373,500ETF购12月7250,0.0306,0.0,0.0,0.0,10,0.0301,0.0307,21,0.0286,0.0302,0.0306,0.0302,42.0,12844.0,1284
2023-05-11 09:33:01,OP10005373,500ETF购12月7250,0.0306,0.0,0.0,0.0,20,0.0303,0.0307,21,0.0286,0.0302,0.0306,0.0302,42.0,12844.0,1284
2023-05-11 09:33:02,OP10005373,500ETF购12月7250,0.0306,0.0,0.0,0.0,10,0.03,0.0307,21,0.0286,0.0302,0.0306,0.0302,42.0,12844.0,1284
2023-05-11 09:33:02,OP10005373,500ETF购12月7250,0.0306,0.0,0.0,0.0,20,0.0301,0.0307,31,0.0286,0.0302,0.0306,0.0302,42.0,12844.0,1284
2023-05-11 09:33:02,OP10005373,500ETF购12月7250,0.0306,0.0,0.0,0.0,10,0.0299,0.0307,31,0.0286,0.0302,0.0306,0.0302,42.0,12844.0,1284
2023-05-11 09:33:03,OP10005373,500ETF购12月7250,0.0306,0.0,0.0,0.0,20,0.0303,0.0305,10,0.0286,0.0302,0.0306,0.0302,42.0,12844.0,1284
2023-05-11 09:33:04,OP10005373,500ETF购12月7250,0.0306,0.0,0.0,0.0,20,0.0303,0.0307,31,0.0286,0.0302,0.0306,0.0302,42.0,12844.0,1284
2023-05-11 09:33:04,OP10005373,500ETF购12月7250,0.0306,0.0,0.0,0.0,20,0.0303,0.0307,31,0.0286,0.0302,0.0306,0.0302,42.0,12844.0,1284
2023-05-11 09:33:05,OP10005373,500ETF购12月7250,0.0306,0.0,0.0,0.0,20,0.0303,0.0307,31,0.0286,0.0302,0.0306,0.0302,42.0,12844.0,1284
2023-05-11 09:33:05,OP10005373,500ETF购12月7250,0.0306,0.0,0.0,0.0,20,0.0303,0.0307,21,0.0286,0.0302,0.0306,0.0302,42.0,12844.0,1284
2023-05-11 09:33:06,OP10005373,500ETF购12月7250,0.0306,0.0,0.0,0.0,20,0.0303,0.0307,21,0.0286,0.0302,0.0306,0.0302,42.0,12844.0,1284
2023-05-11 09:33:08,OP10005373,500ETF购12月7250,0.0306,0.0,0.0,0.0,20,0.0303,0.0307,21,0.0286,0.0302,0.0306,0.0302,42.0,12844.0,1284
2023-05-11 09:33:09,OP10005373,500ETF购12月7250,0.0306,0.0,0.0,0.0,20,0.0303,0.0307,21,0.0286,0.0302,0.0306,0.0302,42.0,12844.0,1284
2023-05-11 09:33:09,OP10005373,500ETF购12月7250,0.0306,0.0,0.0,0.0,20,0.0303,0.0307,21,0.0286,0.0302,0.0306,0.0302,42.0,12844.0,1284
2023-05-11 09:33:11,OP10005373,500ETF购12月7250,0.0306,0.0,0.0,0.0,20,0.0303,0.0307,21,0.0286,0.0302,0.0306,0.0302,42.0,12844.0,1284
2023-05-11 09:33:11,OP10005373,500ETF购12月7250,0.0306,0.0,0.0,0.0,10,0.03,0.0307,21,0.0286,0.0302,0.0306,0.0302,42.0,12844.0,1284
2023-05-11 09:33:12,OP10005373,500ETF购12月7250,0.0306,0.0,0.0,0.0,20,0.0303,0.0306,10,0.0286,0.0302,0.0306,0.0302,42.0,12844.0,1284
2023-05-11 09:33:13,OP10005373,500ETF购12月7250,0.0306,0.0,0.0,0.0,20,0.0303,0.0307,21,0.0286,0.0302,0.0306,0.0302,42.0,12844.0,1284
2023-05-11 09:33:13,OP10005373,500ETF购12月7250,0.0306,0.0,0.0,0.0,10,0.0298,0.0307,31,0.0286,0.0302,0.0306,0.0302,42.0,12844.0,1284
2023-05-11 09:33:14,OP10005373,500ETF购12月7250,0.0306,0.0,0.0,0.0,20,0.0304,0.0307,31,0.0286,0.0302,0.0306,0.0302,42.0,12844.0,1284
2023-05-11 09:33:15,OP10005373,500ETF购12月7250,0.0304,20.0,6080.0,20.0,10,0.03,0.0307,41,0.0286,0.0302,0.0306,0.0302,62.0,18924.0,1304
2023-05-11 09:33:15,OP10005373,500ETF购12月7250,0.0304,0.0,0.0,0.0,10,0.03,0.0307,41,0.0286,0.0302,0.0306,0.0302,62.0,18924.0,1304
2023-05-11 09:33:15,OP10005373,500ETF购12月7250,0.0304,0.0,0.0,0.0,20,0.0301,0.0307,41,0.0286,0.0302,0.0306,0.0302,62.0,18924.0,1304
2023-05-11 09:33:16,OP10005373,500ETF购12月7250,0.0304,0.0,0.0,0.0,20,0.0301,0.0306,10,0.0286,0.0302,0.0306,0.0302,62.0,18924.0,1304
2023-05-11 09:33:16,OP10005373,500ETF购12月7250,0.0304,0.0,0.0,0.0,20,0.0301,0.0307,41,0.0286,0.0302,0.0306,0.0302,62.0,18924.0,1304
2023-05-11 09:33:17,OP10005373,500ETF购12月7250,0.0304,0.0,0.0,0.0,10,0.0299,0.0307,41,0.0286,0.0302,0.0306,0.0302,62.0,18924.0,1304
2023-05-11 09:33:17,OP10005373,500ETF购12月7250,0.0304,0.0,0.0,0.0,20,0.0301,0.0307,41,0.0286,0.0302,0.0306,0.0302,62.0,18924.0,1304
2023-05-11 09:33:18,OP10005373,500ETF购12月7250,0.0304,0.0,0.0,0.0,20,0.0301,0.0306,10,0.0286,0.0302,0.0306,0.0302,62.0,18924.0,1304
2023-05-11 09:33:18,OP10005373,500ETF购12月7250,0.0304,0.0,0.0,0.0,20,0.0301,0.0307,41,0.0286,0.0302,0.0306,0.0302,62.0,18924.0,1304
2023-05-11 09:33:19,OP10005373,500ETF购12月7250,0.0304,0.0,0.0,0.0,10,0.03,0.0307,41,0.0286,0.0302,0.0306,0.0302,62.0,18924.0,1304
2023-05-11 09:33:20,OP10005373,500ETF购12月7250,0.0304,0.0,0.0,0.0,20,0.0302,0.0307,41,0.0286,0.0302,0.0306,0.0302,62.0,18924.0,1304
2023-05-11 09:33:20,OP10005373,500ETF购12月7250,0.0304,0.0,0.0,0.0,10,0.03,0.0307,31,0.0286,0.0302,0.0306,0.0302,62.0,18924.0,1304
2023-05-11 09:33:21,OP10005373,500ETF购12月7250,0.0304,0.0,0.0,0.0,20,0.0301,0.0307,51,0.0286,0.0302,0.0306,0.0302,62.0,18924.0,1304
2023-05-11 09:33:21,OP10005373,500ETF购12月7250,0.0304,0.0,0.0,0.0,10,0.03,0.0307,51,0.0286,0.0302,0.0306,0.0302,62.0,18924.0,1304
2023-05-11 09:33:22,OP10005373,500ETF购12月7250,0.0304,0.0,0.0,0.0,30,0.03,0.0307,51,0.0286,0.0302,0.0306,0.0302,62.0,18924.0,1304
2023-05-11 09:33:22,OP10005373,500ETF购12月7250,0.0304,0.0,0.0,0.0,30,0.03,0.0307,51,0.0286,0.0302,0.0306,0.0302,62.0,18924.0,1304
2023-05-11 09:33:23,OP10005373,500ETF购12月7250,0.0304,0.0,0.0,0.0,10,0.03,0.0307,51,0.0286,0.0302,0.0306,0.0302,62.0,18924.0,1304
2023-05-11 09:33:23,OP10005373,500ETF购12月7250,0.0304,0.0,0.0,0.0,20,0.0301,0.0305,10,0.0286,0.0302,0.0306,0.0302,62.0,18924.0,1304
2023-05-11 09:33:24,OP10005373,500ETF购12月7250,0.0304,0.0,0.0,0.0,20,0.0301,0.0307,51,0.0286,0.0302,0.0306,0.0302,62.0,18924.0,1304
2023-05-11 09:33:25,OP10005373,500ETF购12月7250,0.0304,0.0,0.0,0.0,20,0.0301,0.0307,51,0.0286,0.0302,0.0306,0.0302,62.0,18924.0,1304
2023-05-11 09:33:25,OP10005373,500ETF购12月7250,0.0304,0.0,0.0,0.0,20,0.0301,0.0307,41,0.0286,0.0302,0.0306,0.0302,62.0,18924.0,1304
2023-05-11 09:33:29,OP10005373,500ETF购12月7250,0.0304,0.0,0.0,0.0,20,0.0301,0.0307,51,0.0286,0.0302,0.0306,0.0302,62.0,18924.0,1304
2023-05-11 09:33:29,OP10005373,500ETF购12月7250,0.0304,0.0,0.0,0.0,10,0.03,0.0307,41,0.0286,0.0302,0.0306,0.0302,62.0,18924.0,1304
2023-05-11 09:33:30,OP10005373,500ETF购12月7250,0.0304,0.0,0.0,0.0,10,0.03,0.0306,10,0.0286,0.0302,0.0306,0.0302,62.0,18924.0,1304
2023-05-11 09:33:30,OP10005373,500ETF购12月7250,0.0304,0.0,0.0,0.0,20,0.0303,0.0305,10,0.0286,0.0302,0.0306,0.0302,62.0,18924.0,1304
2023-05-11 09:33:31,OP10005373,500ETF购12月7250,0.0304,0.0,0.0,0.0,20,0.0303,0.0305,20,0.0286,0.0302,0.0306,0.0302,62.0,18924.0,1304
2023-05-11 09:33:32,OP10005373,500ETF购12月7250,0.0304,0.0,0.0,0.0,20,0.0303,0.0305,30,0.0286,0.0302,0.0306,0.0302,62.0,18924.0,1304
2023-05-11 09:33:32,OP10005373,500ETF购12月7250,0.0304,0.0,0.0,0.0,20,0.0303,0.0305,20,0.0286,0.0302,0.0306,0.0302,62.0,18924.0,1304
2023-05-11 09:33:34,OP10005373,500ETF购12月7250,0.0304,0.0,0.0,0.0,20,0.0303,0.0305,20,0.0286,0.0302,0.0306,0.0302,62.0,18924.0,1304
2023-05-11 09:33:34,OP10005373,500ETF购12月7250,0.0304,0.0,0.0,0.0,20,0.0303,0.0306,10,0.0286,0.0302,0.0306,0.0302,62.0,18924.0,1304
2023-05-11 09:33:35,OP10005373,500ETF购12月7250,0.0304,0.0,0.0,0.0,10,0.0303,0.0307,41,0.0286,0.0302,0.0306,0.0302,62.0,18924.0,1304
2023-05-11 09:33:35,OP10005373,500ETF购12月7250,0.0304,0.0,0.0,0.0,30,0.0302,0.0307,51,0.0286,0.0302,0.0306,0.0302,62.0,18924.0,1304
2023-05-11 09:33:36,OP10005373,500ETF购12月7250,0.0304,0.0,0.0,0.0,30,0.0302,0.0307,51,0.0286,0.0302,0.0306,0.0302,62.0,18924.0,1304
2023-05-11 09:33:36,OP10005373,500ETF购12月7250,0.0304,0.0,0.0,0.0,10,0.0303,0.0307,41,0.0286,0.0302,0.0306,0.0302,62.0,18924.0,1304
2023-05-11 09:33:37,OP10005373,500ETF购12月7250,0.0304,0.0,0.0,0.0,10,0.0303,0.0307,41,0.0286,0.0302,0.0306,0.0302,62.0,18924.0,1304
2023-05-11 09:33:38,OP10005373,500ETF购12月7250,0.0304,0.0,0.0,0.0,30,0.0302,0.0307,51,0.0286,0.0302,0.0306,0.0302,62.0,18924.0,1304
2023-05-11 09:33:38,OP10005373,500ETF购12月7250,0.0304,0.0,0.0,0.0,10,0.0301,0.0306,10,0.0286,0.0302,0.0306,0.0302,62.0,18924.0,1304
2023-05-11 09:33:39,OP10005373,500ETF购12月7250,0.0304,0.0,0.0,0.0,20,0.0303,0.0305,10,0.0286,0.0302,0.0306,0.0302,62.0,18924.0,1304
2023-05-11 09:33:39,OP10005373,500ETF购12月7250,0.0304,0.0,0.0,0.0,20,0.0303,0.0307,51,0.0286,0.0302,0.0306,0.0302,62.0,18924.0,1304
2023-05-11 09:33:40,OP10005373,500ETF购12月7250,0.0304,0.0,0.0,0.0,20,0.0303,0.0307,51,0.0286,0.0302,0.0306,0.0302,62.0,18924.0,1304
2023-05-11 09:33:40,OP10005373,500ETF购12月7250,0.0304,0.0,0.0,0.0,20,0.0303,0.0307,51,0.0286,0.0302,0.0306,0.0302,62.0,18924.0,1304
2023-05-11 09:33:42,OP10005373,500ETF购12月7250,0.0304,0.0,0.0,0.0,30,0.0303,0.0307,41,0.0286,0.0302,0.0306,0.0302,62.0,18924.0,1304
2023-05-11 09:33:44,OP10005373,500ETF购12月7250,0.0304,0.0,0.0,0.0,10,0.0303,0.0307,41,0.0286,0.0302,0.0306,0.0302,62.0,18924.0,1304
2023-05-11 09:33:44,OP10005373,500ETF购12月7250,0.0304,0.0,0.0,0.0,20,0.0304,0.0307,41,0.0286,0.0302,0.0306,0.0302,62.0,18924.0,1304
2023-05-11 09:33:45,OP10005373,500ETF购12月7250,0.0304,0.0,0.0,0.0,30,0.0304,0.0307,21,0.0286,0.0302,0.0306,0.0302,62.0,18924.0,1304
2023-05-11 09:33:45,OP10005373,500ETF购12月7250,0.0304,0.0,0.0,0.0,30,0.0304,0.0307,1,0.0286,0.0302,0.0306,0.0302,62.0,18924.0,1304
2023-05-11 09:33:46,OP10005373,500ETF购12月7250,0.0304,0.0,0.0,0.0,30,0.0304,0.0307,1,0.0286,0.0302,0.0306,0.0302,62.0,18924.0,1304
2023-05-11 09:33:46,OP10005373,500ETF购12月7250,0.0304,0.0,0.0,0.0,10,0.0304,0.0307,21,0.0286,0.0302,0.0306,0.0302,62.0,18924.0,1304
2023-05-11 09:33:47,OP10005373,500ETF购12月7250,0.0304,0.0,0.0,0.0,20,0.0305,0.0307,21,0.0286,0.0302,0.0306,0.0302,62.0,18924.0,1304
2023-05-11 09:33:47,OP10005373,500ETF购12月7250,0.0304,0.0,0.0,0.0,20,0.0305,0.0307,21,0.0286,0.0302,0.0306,0.0302,62.0,18924.0,1304
2023-05-11 09:33:48,OP10005373,500ETF购12月7250,0.0305,20.0,6100.0,20.0,10,0.0303,0.0307,21,0.0286,0.0302,0.0306,0.0302,82.0,25024.0,1324
2023-05-11 09:33:48,OP10005373,500ETF购12月7250,0.0305,0.0,0.0,0.0,10,0.0302,0.0307,31,0.0286,0.0302,0.0306,0.0302,82.0,25024.0,1324
2023-05-11 09:33:49,OP10005373,500ETF购12月7250,0.0305,0.0,0.0,0.0,30,0.0302,0.0307,31,0.0286,0.0302,0.0306,0.0302,82.0,25024.0,1324
2023-05-11 09:33:50,OP10005373,500ETF购12月7250,0.0305,0.0,0.0,0.0,10,0.0301,0.0306,10,0.0286,0.0302,0.0306,0.0302,82.0,25024.0,1324
2023-05-11 09:33:50,OP10005373,500ETF购12月7250,0.0305,0.0,0.0,0.0,20,0.0301,0.0305,10,0.0286,0.0302,0.0306,0.0302,82.0,25024.0,1324
2023-05-11 09:33:51,OP10005373,500ETF购12月7250,0.0305,0.0,0.0,0.0,30,0.0301,0.0306,10,0.0286,0.0302,0.0306,0.0302,82.0,25024.0,1324
2023-05-11 09:33:51,OP10005373,500ETF购12月7250,0.0305,0.0,0.0,0.0,10,0.0301,0.0306,10,0.0286,0.0302,0.0306,0.0302,82.0,25024.0,1324
2023-05-11 09:33:52,OP10005373,500ETF购12月7250,0.0305,0.0,0.0,0.0,20,0.0302,0.0306,10,0.0286,0.0302,0.0306,0.0302,82.0,25024.0,1324
2023-05-11 09:33:53,OP10005373,500ETF购12月7250,0.0305,0.0,0.0,0.0,10,0.0302,0.0307,41,0.0286,0.0302,0.0306,0.0302,82.0,25024.0,1324
2023-05-11 09:33:53,OP10005373,500ETF购12月7250,0.0305,0.0,0.0,0.0,30,0.0301,0.0306,10,0.0286,0.0302,0.0306,0.0302,82.0,25024.0,1324
2023-05-11 09:33:54,OP10005373,500ETF购12月7250,0.0305,0.0,0.0,0.0,10,0.0302,0.0307,41,0.0286,0.0302,0.0306,0.0302,82.0,25024.0,1324
2023-05-11 09:33:54,OP10005373,500ETF购12月7250,0.0305,0.0,0.0,0.0,20,0.0301,0.0305,10,0.0286,0.0302,0.0306,0.0302,82.0,25024.0,1324
2023-05-11 09:33:55,OP10005373,500ETF购12月7250,0.0305,0.0,0.0,0.0,20,0.0301,0.0306,10,0.0286,0.0302,0.0306,0.0302,82.0,25024.0,1324
2023-05-11 09:33:55,OP10005373,500ETF购12月7250,0.0305,0.0,0.0,0.0,10,0.0301,0.0307,41,0.0286,0.0302,0.0306,0.0302,82.0,25024.0,1324
2023-05-11 09:33:56,OP10005373,500ETF购12月7250,0.0305,0.0,0.0,0.0,30,0.0301,0.0306,10,0.0286,0.0302,0.0306,0.0302,82.0,25024.0,1324
2023-05-11 09:33:56,OP10005373,500ETF购12月7250,0.0305,0.0,0.0,0.0,10,0.0302,0.0307,51,0.0286,0.0302,0.0306,0.0302,82.0,25024.0,1324
2023-05-11 09:33:57,OP10005373,500ETF购12月7250,0.0305,0.0,0.0,0.0,30,0.0301,0.0306,10,0.0286,0.0302,0.0306,0.0302,82.0,25024.0,1324
2023-05-11 09:33:57,OP10005373,500ETF购12月7250,0.0305,0.0,0.0,0.0,20,0.0301,0.0305,10,0.0286,0.0302,0.0306,0.0302,82.0,25024.0,1324
2023-05-11 09:33:58,OP10005373,500ETF购12月7250,0.0305,0.0,0.0,0.0,30,0.0301,0.0306,10,0.0286,0.0302,0.0306,0.0302,82.0,25024.0,1324
2023-05-11 09:33:58,OP10005373,500ETF购12月7250,0.0305,0.0,0.0,0.0,30,0.0301,0.0306,10,0.0286,0.0302,0.0306,0.0302,82.0,25024.0,1324
2023-05-11 09:33:59,OP10005373,500ETF购12月7250,0.0305,0.0,0.0,0.0,30,0.0301,0.0306,10,0.0286,0.0302,0.0306,0.0302,82.0,25024.0,1324
2023-05-11 09:33:59,OP10005373,500ETF购12月7250,0.0305,0.0,0.0,0.0,30,0.0301,0.0306,10,0.0286,0.0302,0.0306,0.0302,82.0,25024.0,1324
2023-05-11 09:34:00,OP10005373,500ETF购12月7250,0.0305,0.0,0.0,0.0,10,0.0302,0.0307,51,0.0286,0.0302,0.0306,0.0302,82.0,25024.0,1324
2023-05-11 09:34:00,OP10005373,500ETF购12月7250,0.0305,0.0,0.0,0.0,10,0.0303,0.0307,31,0.0286,0.0302,0.0306,0.0302,82.0,25024.0,1324
2023-05-11 09:34:01,OP10005373,500ETF购12月7250,0.0305,0.0,0.0,0.0,10,0.0303,0.0307,21,0.0286,0.0302,0.0306,0.0302,82.0,25024.0,1324
2023-05-11 09:34:02,OP10005373,500ETF购12月7250,0.0305,0.0,0.0,0.0,10,0.0302,0.0307,31,0.0286,0.0302,0.0306,0.0302,82.0,25024.0,1324
2023-05-11 09:34:03,OP10005373,500ETF购12月7250,0.0305,0.0,0.0,0.0,20,0.0304,0.0307,21,0.0286,0.0302,0.0306,0.0302,82.0,25024.0,1324
2023-05-11 09:34:03,OP10005373,500ETF购12月7250,0.0305,0.0,0.0,0.0,30,0.0304,0.0307,21,0.0286,0.0302,0.0306,0.0302,82.0,25024.0,1324
2023-05-11 09:34:04,OP10005373,500ETF购12月7250,0.0305,0.0,0.0,0.0,30,0.0304,0.0307,21,0.0286,0.0302,0.0306,0.0302,82.0,25024.0,1324
2023-05-11 09:34:05,OP10005373,500ETF购12月7250,0.0305,0.0,0.0,0.0,10,0.0304,0.0307,21,0.0286,0.0302,0.0306,0.0302,82.0,25024.0,1324
2023-05-11 09:34:05,OP10005373,500ETF购12月7250,0.0305,0.0,0.0,0.0,20,0.0305,0.0307,21,0.0286,0.0302,0.0306,0.0302,82.0,25024.0,1324
2023-05-11 09:34:06,OP10005373,500ETF购12月7250,0.0305,0.0,0.0,0.0,20,0.0305,0.0307,21,0.0286,0.0302,0.0306,0.0302,82.0,25024.0,1324
2023-05-11 09:34:06,OP10005373,500ETF购12月7250,0.0305,0.0,0.0,0.0,20,0.0305,0.0307,31,0.0286,0.0302,0.0306,0.0302,82.0,25024.0,1324
2023-05-11 09:34:07,OP10005373,500ETF购12月7250,0.0305,0.0,0.0,0.0,10,0.0303,0.0307,21,0.0286,0.0302,0.0306,0.0302,82.0,25024.0,1324
2023-05-11 09:34:07,OP10005373,500ETF购12月7250,0.0305,0.0,0.0,0.0,20,0.0304,0.0307,31,0.0286,0.0302,0.0306,0.0302,82.0,25024.0,1324
2023-05-11 09:34:09,OP10005373,500ETF购12月7250,0.0305,0.0,0.0,0.0,20,0.0304,0.0307,21,0.0286,0.0302,0.0306,0.0302,82.0,25024.0,1324
2023-05-11 09:34:10,OP10005373,500ETF购12月7250,0.0305,0.0,0.0,0.0,20,0.0304,0.0307,21,0.0286,0.0302,0.0306,0.0302,82.0,25024.0,1324
2023-05-11 09:34:10,OP10005373,500ETF购12月7250,0.0305,0.0,0.0,0.0,10,0.0303,0.0307,21,0.0286,0.0302,0.0306,0.0302,82.0,25024.0,1324
2023-05-11 09:34:11,OP10005373,500ETF购12月7250,0.0305,0.0,0.0,0.0,20,0.0304,0.0307,31,0.0286,0.0302,0.0306,0.0302,82.0,25024.0,1324
2023-05-11 09:34:12,OP10005373,500ETF购12月7250,0.0305,0.0,0.0,0.0,10,0.0303,0.0307,21,0.0286,0.0302,0.0306,0.0302,82.0,25024.0,1324
2023-05-11 09:34:12,OP10005373,500ETF购12月7250,0.0305,0.0,0.0,0.0,20,0.0304,0.0307,21,0.0286,0.0302,0.0306,0.0302,82.0,25024.0,1324
2023-05-11 09:34:13,OP10005373,500ETF购12月7250,0.0305,0.0,0.0,0.0,10,0.0303,0.0307,21,0.0286,0.0302,0.0306,0.0302,82.0,25024.0,1324
2023-05-11 09:34:13,OP10005373,500ETF购12月7250,0.0305,0.0,0.0,0.0,20,0.0304,0.0307,31,0.0286,0.0302,0.0306,0.0302,82.0,25024.0,1324
2023-05-11 09:34:14,OP10005373,500ETF购12月7250,0.0305,0.0,0.0,0.0,20,0.0304,0.0307,21,0.0286,0.0302,0.0306,0.0302,82.0,25024.0,1324
2023-05-11 09:34:15,OP10005373,500ETF购12月7250,0.0305,0.0,0.0,0.0,20,0.0304,0.0307,31,0.0286,0.0302,0.0306,0.0302,82.0,25024.0,1324
2023-05-11 09:34:16,OP10005373,500ETF购12月7250,0.0305,0.0,0.0,0.0,10,0.0302,0.0307,31,0.0286,0.0302,0.0306,0.0302,82.0,25024.0,1324
2023-05-11 09:34:17,OP10005373,500ETF购12月7250,0.0305,0.0,0.0,0.0,20,0.0303,0.0306,10,0.0286,0.0302,0.0306,0.0302,82.0,25024.0,1324
2023-05-11 09:34:17,OP10005373,500ETF购12月7250,0.0305,0.0,0.0,0.0,20,0.0303,0.0307,31,0.0286,0.0302,0.0306,0.0302,82.0,25024.0,1324
2023-05-11 09:34:18,OP10005373,500ETF购12月7250,0.0305,0.0,0.0,0.0,10,0.0302,0.0307,31,0.0286,0.0302,0.0306,0.0302,82.0,25024.0,1324
2023-05-11 09:34:18,OP10005373,500ETF购12月7250,0.0305,0.0,0.0,0.0,20,0.0303,0.0305,10,0.0286,0.0302,0.0306,0.0302,82.0,25024.0,1324
2023-05-11 09:34:19,OP10005373,500ETF购12月7250,0.0305,0.0,0.0,0.0,10,0.0301,0.0306,10,0.0286,0.0302,0.0306,0.0302,82.0,25024.0,1324
2023-05-11 09:34:19,OP10005373,500ETF购12月7250,0.0305,0.0,0.0,0.0,20,0.0303,0.0305,10,0.0286,0.0302,0.0306,0.0302,82.0,25024.0,1324
2023-05-11 09:34:20,OP10005373,500ETF购12月7250,0.0305,0.0,0.0,0.0,20,0.0303,0.0306,10,0.0286,0.0302,0.0306,0.0302,82.0,25024.0,1324
2023-05-11 09:34:20,OP10005373,500ETF购12月7250,0.0305,0.0,0.0,0.0,10,0.0303,0.0307,21,0.0286,0.0302,0.0306,0.0302,82.0,25024.0,1324
2023-05-11 09:34:21,OP10005373,500ETF购12月7250,0.0305,0.0,0.0,0.0,20,0.0304,0.0307,21,0.0286,0.0302,0.0306,0.0302,82.0,25024.0,1324
2023-05-11 09:34:21,OP10005373,500ETF购12月7250,0.0305,0.0,0.0,0.0,20,0.0304,0.0307,31,0.0286,0.0302,0.0306,0.0302,82.0,25024.0,1324
2023-05-11 09:34:22,OP10005373,500ETF购12月7250,0.0305,0.0,0.0,0.0,20,0.0304,0.0307,31,0.0286,0.0302,0.0306,0.0302,82.0,25024.0,1324
2023-05-11 09:34:22,OP10005373,500ETF购12月7250,0.0305,0.0,0.0,0.0,10,0.0302,0.0307,31,0.0286,0.0302,0.0306,0.0302,82.0,25024.0,1324
2023-05-11 09:34:23,OP10005373,500ETF购12月7250,0.0305,0.0,0.0,0.0,20,0.0303,0.0307,31,0.0286,0.0302,0.0306,0.0302,82.0,25024.0,1324
2023-05-11 09:34:23,OP10005373,500ETF购12月7250,0.0305,0.0,0.0,0.0,20,0.0303,0.0307,31,0.0286,0.0302,0.0306,0.0302,82.0,25024.0,1324
2023-05-11 09:34:24,OP10005373,500ETF购12月7250,0.0305,0.0,0.0,0.0,20,0.0303,0.0306,10,0.0286,0.0302,0.0306,0.0302,82.0,25024.0,1324
2023-05-11 09:34:24,OP10005373,500ETF购12月7250,0.0305,0.0,0.0,0.0,10,0.0302,0.0307,31,0.0286,0.0302,0.0306,0.0302,82.0,25024.0,1324
2023-05-11 09:34:25,OP10005373,500ETF购12月7250,0.0305,0.0,0.0,0.0,10,0.0301,0.0306,10,0.0286,0.0302,0.0306,0.0302,82.0,25024.0,1324
2023-05-11 09:34:25,OP10005373,500ETF购12月7250,0.0305,0.0,0.0,0.0,20,0.0305,0.0306,10,0.0286,0.0302,0.0306,0.0302,82.0,25024.0,1324
2023-05-11 09:34:26,OP10005373,500ETF购12月7250,0.0305,20.0,6100.0,20.0,10,0.0303,0.0307,31,0.0286,0.0302,0.0306,0.0302,102.0,31124.0,1344
2023-05-11 09:34:26,OP10005373,500ETF购12月7250,0.0305,0.0,0.0,0.0,10,0.0301,0.0306,10,0.0286,0.0302,0.0306,0.0302,102.0,31124.0,1344
2023-05-11 09:34:27,OP10005373,500ETF购12月7250,0.0305,0.0,0.0,0.0,10,0.0302,0.0307,31,0.0286,0.0302,0.0306,0.0302,102.0,31124.0,1344
2023-05-11 09:34:27,OP10005373,500ETF购12月7250,0.0305,0.0,0.0,0.0,20,0.0302,0.0305,10,0.0286,0.0302,0.0306,0.0302,102.0,31124.0,1344
2023-05-11 09:34:28,OP10005373,500ETF购12月7250,0.0305,0.0,0.0,0.0,30,0.0302,0.0306,10,0.0286,0.0302,0.0306,0.0302,102.0,31124.0,1344
2023-05-11 09:34:30,OP10005373,500ETF购12月7250,0.0305,0.0,0.0,0.0,10,0.0302,0.0306,10,0.0286,0.0302,0.0306,0.0302,102.0,31124.0,1344
2023-05-11 09:34:31,OP10005373,500ETF购12月7250,0.0305,0.0,0.0,0.0,10,0.0302,0.0306,10,0.0286,0.0302,0.0306,0.0302,102.0,31124.0,1344
2023-05-11 09:34:31,OP10005373,500ETF购12月7250,0.0305,0.0,0.0,0.0,10,0.0303,0.0307,31,0.0286,0.0302,0.0306,0.0302,102.0,31124.0,1344
2023-05-11 09:34:33,OP10005373,500ETF购12月7250,0.0305,0.0,0.0,0.0,10,0.0303,0.0307,31,0.0286,0.0302,0.0306,0.0302,102.0,31124.0,1344
2023-05-11 09:34:33,OP10005373,500ETF购12月7250,0.0305,0.0,0.0,0.0,10,0.0303,0.0307,41,0.0286,0.0302,0.0306,0.0302,102.0,31124.0,1344
2023-05-11 09:34:34,OP10005373,500ETF购12月7250,0.0305,0.0,0.0,0.0,10,0.0303,0.0307,41,0.0286,0.0302,0.0306,0.0302,102.0,31124.0,1344
2023-05-11 09:34:35,OP10005373,500ETF购12月7250,0.0305,0.0,0.0,0.0,10,0.0303,0.0307,41,0.0286,0.0302,0.0306,0.0302,102.0,31124.0,1344
2023-05-11 09:34:35,OP10005373,500ETF购12月7250,0.0305,0.0,0.0,0.0,10,0.0302,0.0306,10,0.0286,0.0302,0.0306,0.0302,102.0,31124.0,1344
2023-05-11 09:34:36,OP10005373,500ETF购12月7250,0.0305,0.0,0.0,0.0,30,0.0301,0.0307,31,0.0286,0.0302,0.0306,0.0302,102.0,31124.0,1344
2023-05-11 09:34:37,OP10005373,500ETF购12月7250,0.0305,0.0,0.0,0.0,10,0.0301,0.0306,10,0.0286,0.0302,0.0306,0.0302,102.0,31124.0,1344
2023-05-11 09:34:37,OP10005373,500ETF购12月7250,0.0305,0.0,0.0,0.0,10,0.0301,0.0306,10,0.0286,0.0302,0.0306,0.0302,102.0,31124.0,1344
2023-05-11 09:34:38,OP10005373,500ETF购12月7250,0.0305,0.0,0.0,0.0,30,0.0302,0.0307,31,0.0286,0.0302,0.0306,0.0302,102.0,31124.0,1344
2023-05-11 09:34:38,OP10005373,500ETF购12月7250,0.0305,0.0,0.0,0.0,10,0.0303,0.0307,31,0.0286,0.0302,0.0306,0.0302,102.0,31124.0,1344
2023-05-11 09:34:39,OP10005373,500ETF购12月7250,0.0305,0.0,0.0,0.0,10,0.0303,0.0307,31,0.0286,0.0302,0.0306,0.0302,102.0,31124.0,1344
2023-05-11 09:34:40,OP10005373,500ETF购12月7250,0.0305,0.0,0.0,0.0,10,0.0304,0.0307,21,0.0286,0.0302,0.0306,0.0302,102.0,31124.0,1344
2023-05-11 09:34:40,OP10005373,500ETF购12月7250,0.0305,0.0,0.0,0.0,10,0.0304,0.0307,31,0.0286,0.0302,0.0306,0.0302,102.0,31124.0,1344
2023-05-11 09:34:41,OP10005373,500ETF购12月7250,0.0305,0.0,0.0,0.0,20,0.0304,0.0307,31,0.0286,0.0302,0.0306,0.0302,102.0,31124.0,1344
2023-05-11 09:34:41,OP10005373,500ETF购12月7250,0.0305,0.0,0.0,0.0,30,0.0304,0.0307,31,0.0286,0.0302,0.0306,0.0302,102.0,31124.0,1344
2023-05-11 09:34:42,OP10005373,500ETF购12月7250,0.0305,0.0,0.0,0.0,30,0.0304,0.0307,31,0.0286,0.0302,0.0306,0.0302,102.0,31124.0,1344
2023-05-11 09:34:42,OP10005373,500ETF购12月7250,0.0305,0.0,0.0,0.0,20,0.0304,0.0307,31,0.0286,0.0302,0.0306,0.0302,102.0,31124.0,1344
2023-05-11 09:34:43,OP10005373,500ETF购12月7250,0.0305,0.0,0.0,0.0,20,0.0304,0.0307,31,0.0286,0.0302,0.0306,0.0302,102.0,31124.0,1344
2023-05-11 09:34:44,OP10005373,500ETF购12月7250,0.0304,20.0,6080.0,20.0,10,0.0303,0.0306,10,0.0286,0.0302,0.0306,0.0302,122.0,37204.0,1364
2023-05-11 09:34:44,OP10005373,500ETF购12月7250,0.0304,0.0,0.0,0.0,10,0.0302,0.0307,41,0.0286,0.0302,0.0306,0.0302,122.0,37204.0,1364
2023-05-11 09:34:44,OP10005373,500ETF购12月7250,0.0304,0.0,0.0,0.0,30,0.0301,0.0306,10,0.0286,0.0302,0.0306,0.0302,122.0,37204.0,1364
2023-05-11 09:34:45,OP10005373,500ETF购12月7250,0.0304,0.0,0.0,0.0,10,0.0301,0.0306,10,0.0286,0.0302,0.0306,0.0302,122.0,37204.0,1364
2023-05-11 09:34:45,OP10005373,500ETF购12月7250,0.0304,0.0,0.0,0.0,30,0.0301,0.0306,20,0.0286,0.0302,0.0306,0.0302,122.0,37204.0,1364
2023-05-11 09:34:46,OP10005373,500ETF购12月7250,0.0304,0.0,0.0,0.0,20,0.0301,0.0305,10,0.0286,0.0302,0.0306,0.0302,122.0,37204.0,1364
2023-05-11 09:34:46,OP10005373,500ETF购12月7250,0.0304,0.0,0.0,0.0,20,0.0301,0.0305,10,0.0286,0.0302,0.0306,0.0302,122.0,37204.0,1364
2023-05-11 09:34:47,OP10005373,500ETF购12月7250,0.0304,0.0,0.0,0.0,20,0.0301,0.0305,10,0.0286,0.0302,0.0306,0.0302,122.0,37204.0,1364
2023-05-11 09:34:47,OP10005373,500ETF购12月7250,0.0304,0.0,0.0,0.0,20,0.0301,0.0305,30,0.0286,0.0302,0.0306,0.0302,122.0,37204.0,1364
2023-05-11 09:34:48,OP10005373,500ETF购12月7250,0.0304,0.0,0.0,0.0,20,0.0301,0.0305,30,0.0286,0.0302,0.0306,0.0302,122.0,37204.0,1364
2023-05-11 09:34:48,OP10005373,500ETF购12月7250,0.0304,0.0,0.0,0.0,10,0.0301,0.0305,30,0.0286,0.0302,0.0306,0.0302,122.0,37204.0,1364
2023-05-11 09:34:49,OP10005373,500ETF购12月7250,0.0304,0.0,0.0,0.0,10,0.0301,0.0305,30,0.0286,0.0302,0.0306,0.0302,122.0,37204.0,1364
2023-05-11 09:34:49,OP10005373,500ETF购12月7250,0.0304,0.0,0.0,0.0,10,0.0301,0.0305,30,0.0286,0.0302,0.0306,0.0302,122.0,37204.0,1364
2023-05-11 09:34:50,OP10005373,500ETF购12月7250,0.0304,0.0,0.0,0.0,10,0.0301,0.0305,30,0.0286,0.0302,0.0306,0.0302,122.0,37204.0,1364
2023-05-11 09:34:50,OP10005373,500ETF购12月7250,0.0304,0.0,0.0,0.0,10,0.0301,0.0305,30,0.0286,0.0302,0.0306,0.0302,122.0,37204.0,1364
2023-05-11 09:34:51,OP10005373,500ETF购12月7250,0.0304,0.0,0.0,0.0,10,0.0301,0.0305,30,0.0286,0.0302,0.0306,0.0302,122.0,37204.0,1364
2023-05-11 09:34:51,OP10005373,500ETF购12月7250,0.0304,0.0,0.0,0.0,10,0.0301,0.0305,30,0.0286,0.0302,0.0306,0.0302,122.0,37204.0,1364
2023-05-11 09:34:52,OP10005373,500ETF购12月7250,0.0304,0.0,0.0,0.0,10,0.0301,0.0305,30,0.0286,0.0302,0.0306,0.0302,122.0,37204.0,1364
2023-05-11 09:34:52,OP10005373,500ETF购12月7250,0.0304,0.0,0.0,0.0,10,0.0301,0.0305,30,0.0286,0.0302,0.0306,0.0302,122.0,37204.0,1364
2023-05-11 09:34:53,OP10005373,500ETF购12月7250,0.0304,0.0,0.0,0.0,20,0.0302,0.0305,30,0.0286,0.0302,0.0306,0.0302,122.0,37204.0,1364
2023-05-11 09:34:53,OP10005373,500ETF购12月7250,0.0304,0.0,0.0,0.0,20,0.0302,0.0305,30,0.0286,0.0302,0.0306,0.0302,122.0,37204.0,1364
2023-05-11 09:34:54,OP10005373,500ETF购12月7250,0.0304,0.0,0.0,0.0,20,0.0302,0.0305,30,0.0286,0.0302,0.0306,0.0302,122.0,37204.0,1364
2023-05-11 09:34:54,OP10005373,500ETF购12月7250,0.0304,0.0,0.0,0.0,30,0.0302,0.0305,20,0.0286,0.0302,0.0306,0.0302,122.0,37204.0,1364
2023-05-11 09:34:55,OP10005373,500ETF购12月7250,0.0304,0.0,0.0,0.0,30,0.0302,0.0305,20,0.0286,0.0302,0.0306,0.0302,122.0,37204.0,1364
2023-05-11 09:34:55,OP10005373,500ETF购12月7250,0.0304,0.0,0.0,0.0,30,0.0302,0.0305,20,0.0286,0.0302,0.0306,0.0302,122.0,37204.0,1364
2023-05-11 09:34:56,OP10005373,500ETF购12月7250,0.0304,0.0,0.0,0.0,30,0.0302,0.0305,20,0.0286,0.0302,0.0306,0.0302,122.0,37204.0,1364
2023-05-11 09:34:56,OP10005373,500ETF购12月7250,0.0304,0.0,0.0,0.0,30,0.0302,0.0305,20,0.0286,0.0302,0.0306,0.0302,122.0,37204.0,1364
2023-05-11 09:34:57,OP10005373,500ETF购12月7250,0.0304,0.0,0.0,0.0,30,0.0302,0.0305,20,0.0286,0.0302,0.0306,0.0302,122.0,37204.0,1364
2023-05-11 09:34:57,OP10005373,500ETF购12月7250,0.0304,0.0,0.0,0.0,30,0.0302,0.0305,20,0.0286,0.0302,0.0306,0.0302,122.0,37204.0,1364
2023-05-11 09:34:58,OP10005373,500ETF购12月7250,0.0304,0.0,0.0,0.0,30,0.0302,0.0305,20,0.0286,0.0302,0.0306,0.0302,122.0,37204.0,1364
2023-05-11 09:34:58,OP10005373,500ETF购12月7250,0.0304,0.0,0.0,0.0,30,0.0302,0.0305,20,0.0286,0.0302,0.0306,0.0302,122.0,37204.0,1364
2023-05-11 09:34:59,OP10005373,500ETF购12月7250,0.0304,0.0,0.0,0.0,10,0.0302,0.0305,20,0.0286,0.0302,0.0306,0.0302,122.0,37204.0,1364
2023-05-11 09:34:59,OP10005373,500ETF购12月7250,0.0304,0.0,0.0,0.0,10,0.0302,0.0305,20,0.0286,0.0302,0.0306,0.0302,122.0,37204.0,1364
2023-05-11 09:35:00,OP10005373,500ETF购12月7250,0.0304,0.0,0.0,0.0,20,0.0302,0.0305,40,0.0286,0.0302,0.0306,0.0302,122.0,37204.0,1364
2023-05-11 09:35:00,OP10005373,500ETF购12月7250,0.0304,0.0,0.0,0.0,20,0.0302,0.0304,10,0.0286,0.0302,0.0306,0.0302,122.0,37204.0,1364
2023-05-11 09:35:01,OP10005373,500ETF购12月7250,0.0302,20.0,6040.0,20.0,10,0.0299,0.0304,20,0.0286,0.0302,0.0306,0.0302,142.0,43244.0,1384
2023-05-11 09:35:01,OP10005373,500ETF购12月7250,0.0302,0.0,0.0,0.0,10,0.0298,0.0302,10,0.0286,0.0302,0.0306,0.0302,142.0,43244.0,1384
2023-05-11 09:35:02,OP10005373,500ETF购12月7250,0.0302,0.0,0.0,0.0,10,0.0298,0.0302,10,0.0286,0.0302,0.0306,0.0302,142.0,43244.0,1384
2023-05-11 09:35:02,OP10005373,500ETF购12月7250,0.0302,0.0,0.0,0.0,20,0.03,0.0302,10,0.0286,0.0302,0.0306,0.0302,142.0,43244.0,1384
2023-05-11 09:35:03,OP10005373,500ETF购12月7250,0.0302,0.0,0.0,0.0,20,0.03,0.0302,10,0.0286,0.0302,0.0306,0.0302,142.0,43244.0,1384
2023-05-11 09:35:04,OP10005373,500ETF购12月7250,0.0302,0.0,0.0,0.0,20,0.03,0.0302,10,0.0286,0.0302,0.0306,0.0302,142.0,43244.0,1384
2023-05-11 09:35:05,OP10005373,500ETF购12月7250,0.0302,0.0,0.0,0.0,20,0.03,0.0302,10,0.0286,0.0302,0.0306,0.0302,142.0,43244.0,1384
2023-05-11 09:35:05,OP10005373,500ETF购12月7250,0.0302,0.0,0.0,0.0,20,0.03,0.0302,10,0.0286,0.0302,0.0306,0.0302,142.0,43244.0,1384
2023-05-11 09:35:06,OP10005373,500ETF购12月7250,0.0302,0.0,0.0,0.0,20,0.03,0.0303,60,0.0286,0.0302,0.0306,0.0302,142.0,43244.0,1384
2023-05-11 09:35:06,OP10005373,500ETF购12月7250,0.0302,0.0,0.0,0.0,20,0.03,0.0303,50,0.0286,0.0302,0.0306,0.0302,142.0,43244.0,1384
2023-05-11 09:35:07,OP10005373,500ETF购12月7250,0.0302,0.0,0.0,0.0,20,0.03,0.0303,50,0.0286,0.0302,0.0306,0.0302,142.0,43244.0,1384
2023-05-11 09:35:07,OP10005373,500ETF购12月7250,0.0302,0.0,0.0,0.0,20,0.03,0.0303,40,0.0286,0.0302,0.0306,0.0302,142.0,43244.0,1384
2023-05-11 09:35:08,OP10005373,500ETF购12月7250,0.0302,0.0,0.0,0.0,30,0.03,0.0303,10,0.0286,0.0302,0.0306,0.0302,142.0,43244.0,1384
2023-05-11 09:35:08,OP10005373,500ETF购12月7250,0.0302,0.0,0.0,0.0,30,0.03,0.0304,10,0.0286,0.0302,0.0306,0.0302,142.0,43244.0,1384
2023-05-11 09:35:09,OP10005373,500ETF购12月7250,0.0302,0.0,0.0,0.0,10,0.0301,0.0304,10,0.0286,0.0302,0.0306,0.0302,142.0,43244.0,1384
2023-05-11 09:35:09,OP10005373,500ETF购12月7250,0.0302,0.0,0.0,0.0,10,0.0302,0.0305,30,0.0286,0.0302,0.0306,0.0302,142.0,43244.0,1384
2023-05-11 09:35:10,OP10005373,500ETF购12月7250,0.0302,0.0,0.0,0.0,10,0.0303,0.0305,10,0.0286,0.0302,0.0306,0.0302,142.0,43244.0,1384
2023-05-11 09:35:10,OP10005373,500ETF购12月7250,0.0302,0.0,0.0,0.0,10,0.0302,0.0306,10,0.0286,0.0302,0.0306,0.0302,142.0,43244.0,1384
2023-05-11 09:35:11,OP10005373,500ETF购12月7250,0.0302,0.0,0.0,0.0,10,0.0301,0.0307,61,0.0286,0.0302,0.0306,0.0302,142.0,43244.0,1384
2023-05-11 09:35:11,OP10005373,500ETF购12月7250,0.0302,0.0,0.0,0.0,20,0.0301,0.0306,20,0.0286,0.0302,0.0306,0.0302,142.0,43244.0,1384
2023-05-11 09:35:12,OP10005373,500ETF购12月7250,0.0302,0.0,0.0,0.0,30,0.03,0.0305,10,0.0286,0.0302,0.0306,0.0302,142.0,43244.0,1384
2023-05-11 09:35:12,OP10005373,500ETF购12月7250,0.0302,0.0,0.0,0.0,10,0.0301,0.0305,10,0.0286,0.0302,0.0306,0.0302,142.0,43244.0,1384
2023-05-11 09:35:13,OP10005373,500ETF购12月7250,0.0302,0.0,0.0,0.0,10,0.0301,0.0307,61,0.0286,0.0302,0.0306,0.0302,142.0,43244.0,1384
2023-05-11 09:35:13,OP10005373,500ETF购12月7250,0.0302,0.0,0.0,0.0,10,0.0301,0.0307,61,0.0286,0.0302,0.0306,0.0302,142.0,43244.0,1384
2023-05-11 09:35:14,OP10005373,500ETF购12月7250,0.0302,0.0,0.0,0.0,20,0.0301,0.0306,10,0.0286,0.0302,0.0306,0.0302,142.0,43244.0,1384
2023-05-11 09:35:14,OP10005373,500ETF购12月7250,0.0302,0.0,0.0,0.0,10,0.0301,0.0306,10,0.0286,0.0302,0.0306,0.0302,142.0,43244.0,1384
2023-05-11 09:35:15,OP10005373,500ETF购12月7250,0.0302,0.0,0.0,0.0,10,0.0301,0.0306,10,0.0286,0.0302,0.0306,0.0302,142.0,43244.0,1384
2023-05-11 09:35:15,OP10005373,500ETF购12月7250,0.0302,0.0,0.0,0.0,10,0.0301,0.0306,30,0.0286,0.0302,0.0306,0.0302,142.0,43244.0,1384
2023-05-11 09:35:16,OP10005373,500ETF购12月7250,0.0302,0.0,0.0,0.0,10,0.03,0.0305,10,0.0286,0.0302,0.0306,0.0302,142.0,43244.0,1384
2023-05-11 09:35:16,OP10005373,500ETF购12月7250,0.0302,0.0,0.0,0.0,10,0.0299,0.0304,10,0.0286,0.0302,0.0306,0.0302,142.0,43244.0,1384
2023-05-11 09:35:17,OP10005373,500ETF购12月7250,0.0302,0.0,0.0,0.0,30,0.0299,0.0304,10,0.0286,0.0302,0.0306,0.0302,142.0,43244.0,1384
2023-05-11 09:35:17,OP10005373,500ETF购12月7250,0.0302,0.0,0.0,0.0,10,0.0299,0.0304,10,0.0286,0.0302,0.0306,0.0302,142.0,43244.0,1384
2023-05-11 09:35:18,OP10005373,500ETF购12月7250,0.0302,0.0,0.0,0.0,10,0.0298,0.0303,10,0.0286,0.0302,0.0306,0.0302,142.0,43244.0,1384
2023-05-11 09:35:18,OP10005373,500ETF购12月7250,0.0302,0.0,0.0,0.0,10,0.0299,0.0303,10,0.0286,0.0302,0.0306,0.0302,142.0,43244.0,1384
2023-05-11 09:35:19,OP10005373,500ETF购12月7250,0.0302,0.0,0.0,0.0,10,0.0299,0.0303,10,0.0286,0.0302,0.0306,0.0302,142.0,43244.0,1384
2023-05-11 09:35:19,OP10005373,500ETF购12月7250,0.0302,0.0,0.0,0.0,10,0.0299,0.0303,10,0.0286,0.0302,0.0306,0.0302,142.0,43244.0,1384
2023-05-11 09:35:20,OP10005373,500ETF购12月7250,0.0302,0.0,0.0,0.0,10,0.0295,0.0303,10,0.0286,0.0302,0.0306,0.0302,142.0,43244.0,1384
2023-05-11 09:35:20,OP10005373,500ETF购12月7250,0.0302,0.0,0.0,0.0,10,0.0297,0.0302,10,0.0286,0.0302,0.0306,0.0302,142.0,43244.0,1384
2023-05-11 09:35:21,OP10005373,500ETF购12月7250,0.0302,0.0,0.0,0.0,30,0.0298,0.0303,10,0.0286,0.0302,0.0306,0.0302,142.0,43244.0,1384
2023-05-11 09:35:21,OP10005373,500ETF购12月7250,0.0302,0.0,0.0,0.0,10,0.0299,0.0304,30,0.0286,0.0302,0.0306,0.0302,142.0,43244.0,1384
2023-05-11 09:35:22,OP10005373,500ETF购12月7250,0.0302,0.0,0.0,0.0,10,0.0298,0.0303,10,0.0286,0.0302,0.0306,0.0302,142.0,43244.0,1384
2023-05-11 09:35:22,OP10005373,500ETF购12月7250,0.0302,0.0,0.0,0.0,10,0.0298,0.0302,10,0.0286,0.0302,0.0306,0.0302,142.0,43244.0,1384
2023-05-11 09:35:23,OP10005373,500ETF购12月7250,0.0302,0.0,0.0,0.0,10,0.0298,0.0302,10,0.0286,0.0302,0.0306,0.0302,142.0,43244.0,1384
2023-05-11 09:35:23,OP10005373,500ETF购12月7250,0.0302,0.0,0.0,0.0,10,0.0297,0.0301,10,0.0286,0.0302,0.0306,0.0302,142.0,43244.0,1384
2023-05-11 09:35:24,OP10005373,500ETF购12月7250,0.0302,0.0,0.0,0.0,10,0.0297,0.0301,10,0.0286,0.0302,0.0306,0.0302,142.0,43244.0,1384
2023-05-11 09:35:24,OP10005373,500ETF购12月7250,0.0302,0.0,0.0,0.0,10,0.0296,0.03,10,0.0286,0.0302,0.0306,0.0302,142.0,43244.0,1384
2023-05-11 09:35:25,OP10005373,500ETF购12月7250,0.0302,0.0,0.0,0.0,10,0.0296,0.03,10,0.0286,0.0302,0.0306,0.0302,142.0,43244.0,1384
2023-05-11 09:35:25,OP10005373,500ETF购12月7250,0.0302,0.0,0.0,0.0,30,0.0296,0.03,10,0.0286,0.0302,0.0306,0.0302,142.0,43244.0,1384
2023-05-11 09:35:26,OP10005373,500ETF购12月7250,0.0302,0.0,0.0,0.0,30,0.0296,0.03,10,0.0286,0.0302,0.0306,0.0302,142.0,43244.0,1384
2023-05-11 09:35:26,OP10005373,500ETF购12月7250,0.0302,0.0,0.0,0.0,10,0.0297,0.0301,10,0.0286,0.0302,0.0306,0.0302,142.0,43244.0,1384
2023-05-11 09:35:27,OP10005373,500ETF购12月7250,0.0302,0.0,0.0,0.0,10,0.0297,0.0301,10,0.0286,0.0302,0.0306,0.0302,142.0,43244.0,1384
2023-05-11 09:35:27,OP10005373,500ETF购12月7250,0.0302,0.0,0.0,0.0,30,0.0297,0.0303,10,0.0286,0.0302,0.0306,0.0302,142.0,43244.0,1384
2023-05-11 09:35:28,OP10005373,500ETF购12月7250,0.0298,1.0,298.0,-1.0,9,0.0298,0.0303,10,0.0286,0.0302,0.0306,0.0298,143.0,43542.0,1383
2023-05-11 09:35:28,OP10005373,500ETF购12月7250,0.0298,0.0,0.0,0.0,9,0.0298,0.0303,10,0.0286,0.0302,0.0306,0.0298,143.0,43542.0,1383
2023-05-11 09:35:29,OP10005373,500ETF购12月7250,0.0298,0.0,0.0,0.0,10,0.0296,0.0302,10,0.0286,0.0302,0.0306,0.0298,143.0,43542.0,1383
2023-05-11 09:35:29,OP10005373,500ETF购12月7250,0.0298,0.0,0.0,0.0,20,0.0297,0.0302,10,0.0286,0.0302,0.0306,0.0298,143.0,43542.0,1383
2023-05-11 09:35:30,OP10005373,500ETF购12月7250,0.0298,0.0,0.0,0.0,10,0.0297,0.0301,10,0.0286,0.0302,0.0306,0.0298,143.0,43542.0,1383
2023-05-11 09:35:30,OP10005373,500ETF购12月7250,0.0298,0.0,0.0,0.0,10,0.0297,0.0301,10,0.0286,0.0302,0.0306,0.0298,143.0,43542.0,1383
2023-05-11 09:35:31,OP10005373,500ETF购12月7250,0.0298,0.0,0.0,0.0,10,0.0297,0.0301,10,0.0286,0.0302,0.0306,0.0298,143.0,43542.0,1383
2023-05-11 09:35:31,OP10005373,500ETF购12月7250,0.0298,0.0,0.0,0.0,10,0.0297,0.0301,10,0.0286,0.0302,0.0306,0.0298,143.0,43542.0,1383
2023-05-11 09:35:32,OP10005373,500ETF购12月7250,0.0298,0.0,0.0,0.0,10,0.0297,0.0301,10,0.0286,0.0302,0.0306,0.0298,143.0,43542.0,1383
2023-05-11 09:35:32,OP10005373,500ETF购12月7250,0.0298,0.0,0.0,0.0,10,0.0297,0.0301,10,0.0286,0.0302,0.0306,0.0298,143.0,43542.0,1383
2023-05-11 09:35:33,OP10005373,500ETF购12月7250,0.0298,0.0,0.0,0.0,10,0.0297,0.0301,10,0.0286,0.0302,0.0306,0.0298,143.0,43542.0,1383
2023-05-11 09:35:33,OP10005373,500ETF购12月7250,0.0298,0.0,0.0,0.0,10,0.0297,0.0301,10,0.0286,0.0302,0.0306,0.0298,143.0,43542.0,1383
2023-05-11 09:35:34,OP10005373,500ETF购12月7250,0.0298,0.0,0.0,0.0,10,0.0297,0.0301,10,0.0286,0.0302,0.0306,0.0298,143.0,43542.0,1383
2023-05-11 09:35:34,OP10005373,500ETF购12月7250,0.0298,0.0,0.0,0.0,10,0.0297,0.0301,10,0.0286,0.0302,0.0306,0.0298,143.0,43542.0,1383
2023-05-11 09:35:35,OP10005373,500ETF购12月7250,0.0298,0.0,0.0,0.0,10,0.0296,0.03,10,0.0286,0.0302,0.0306,0.0298,143.0,43542.0,1383
2023-05-11 09:35:35,OP10005373,500ETF购12月7250,0.0298,0.0,0.0,0.0,10,0.0296,0.03,10,0.0286,0.0302,0.0306,0.0298,143.0,43542.0,1383
2023-05-11 09:35:36,OP10005373,500ETF购12月7250,0.0298,0.0,0.0,0.0,10,0.0296,0.03,10,0.0286,0.0302,0.0306,0.0298,143.0,43542.0,1383
2023-05-11 09:35:36,OP10005373,500ETF购12月7250,0.0298,0.0,0.0,0.0,10,0.0296,0.03,10,0.0286,0.0302,0.0306,0.0298,143.0,43542.0,1383
2023-05-11 09:35:37,OP10005373,500ETF购12月7250,0.0298,0.0,0.0,0.0,10,0.0296,0.03,10,0.0286,0.0302,0.0306,0.0298,143.0,43542.0,1383
2023-05-11 09:35:37,OP10005373,500ETF购12月7250,0.0298,0.0,0.0,0.0,10,0.0293,0.0299,10,0.0286,0.0302,0.0306,0.0298,143.0,43542.0,1383
2023-05-11 09:35:38,OP10005373,500ETF购12月7250,0.0298,0.0,0.0,0.0,30,0.0294,0.0299,10,0.0286,0.0302,0.0306,0.0298,143.0,43542.0,1383
2023-05-11 09:35:38,OP10005373,500ETF购12月7250,0.0298,0.0,0.0,0.0,10,0.0295,0.03,10,0.0286,0.0302,0.0306,0.0298,143.0,43542.0,1383
2023-05-11 09:35:39,OP10005373,500ETF购12月7250,0.0298,0.0,0.0,0.0,10,0.0295,0.03,10,0.0286,0.0302,0.0306,0.0298,143.0,43542.0,1383
2023-05-11 09:35:39,OP10005373,500ETF购12月7250,0.0298,0.0,0.0,0.0,10,0.0295,0.03,10,0.0286,0.0302,0.0306,0.0298,143.0,43542.0,1383
2023-05-11 09:35:40,OP10005373,500ETF购12月7250,0.0298,0.0,0.0,0.0,10,0.0294,0.0299,10,0.0286,0.0302,0.0306,0.0298,143.0,43542.0,1383
2023-05-11 09:35:40,OP10005373,500ETF购12月7250,0.0298,0.0,0.0,0.0,10,0.0294,0.0299,10,0.0286,0.0302,0.0306,0.0298,143.0,43542.0,1383
2023-05-11 09:35:41,OP10005373,500ETF购12月7250,0.0298,0.0,0.0,0.0,10,0.0294,0.0299,10,0.0286,0.0302,0.0306,0.0298,143.0,43542.0,1383
2023-05-11 09:35:41,OP10005373,500ETF购12月7250,0.0298,0.0,0.0,0.0,10,0.0294,0.0298,10,0.0286,0.0302,0.0306,0.0298,143.0,43542.0,1383
2023-05-11 09:35:42,OP10005373,500ETF购12月7250,0.0298,0.0,0.0,0.0,30,0.0294,0.0299,10,0.0286,0.0302,0.0306,0.0298,143.0,43542.0,1383
2023-05-11 09:35:42,OP10005373,500ETF购12月7250,0.0298,0.0,0.0,0.0,10,0.0294,0.0299,10,0.0286,0.0302,0.0306,0.0298,143.0,43542.0,1383
2023-05-11 09:35:43,OP10005373,500ETF购12月7250,0.0298,0.0,0.0,0.0,10,0.0294,0.0299,10,0.0286,0.0302,0.0306,0.0298,143.0,43542.0,1383
2023-05-11 09:35:43,OP10005373,500ETF购12月7250,0.0298,0.0,0.0,0.0,10,0.0295,0.03,10,0.0286,0.0302,0.0306,0.0298,143.0,43542.0,1383
2023-05-11 09:35:44,OP10005373,500ETF购12月7250,0.0298,0.0,0.0,0.0,10,0.0295,0.03,10,0.0286,0.0302,0.0306,0.0298,143.0,43542.0,1383
2023-05-11 09:35:44,OP10005373,500ETF购12月7250,0.0298,0.0,0.0,0.0,10,0.0295,0.03,10,0.0286,0.0302,0.0306,0.0298,143.0,43542.0,1383
2023-05-11 09:35:45,OP10005373,500ETF购12月7250,0.0298,0.0,0.0,0.0,10,0.0295,0.03,10,0.0286,0.0302,0.0306,0.0298,143.0,43542.0,1383
2023-05-11 09:35:45,OP10005373,500ETF购12月7250,0.0298,0.0,0.0,0.0,10,0.0295,0.03,10,0.0286,0.0302,0.0306,0.0298,143.0,43542.0,1383
2023-05-11 09:35:46,OP10005373,500ETF购12月7250,0.0298,0.0,0.0,0.0,10,0.0296,0.0301,10,0.0286,0.0302,0.0306,0.0298,143.0,43542.0,1383
2023-05-11 09:35:46,OP10005373,500ETF购12月7250,0.0298,0.0,0.0,0.0,10,0.0296,0.0301,10,0.0286,0.0302,0.0306,0.0298,143.0,43542.0,1383
2023-05-11 09:35:47,OP10005373,500ETF购12月7250,0.0298,0.0,0.0,0.0,10,0.0297,0.0302,50,0.0286,0.0302,0.0306,0.0298,143.0,43542.0,1383
2023-05-11 09:35:47,OP10005373,500ETF购12月7250,0.0298,0.0,0.0,0.0,10,0.0298,0.0302,30,0.0286,0.0302,0.0306,0.0298,143.0,43542.0,1383
2023-05-11 09:35:48,OP10005373,500ETF购12月7250,0.0298,0.0,0.0,0.0,10,0.0298,0.0302,10,0.0286,0.0302,0.0306,0.0298,143.0,43542.0,1383
2023-05-11 09:35:48,OP10005373,500ETF购12月7250,0.0298,0.0,0.0,0.0,10,0.0296,0.0302,10,0.0286,0.0302,0.0306,0.0298,143.0,43542.0,1383
2023-05-11 09:35:49,OP10005373,500ETF购12月7250,0.0298,0.0,0.0,0.0,20,0.0296,0.03,10,0.0286,0.0302,0.0306,0.0298,143.0,43542.0,1383
2023-05-11 09:35:49,OP10005373,500ETF购12月7250,0.0298,0.0,0.0,0.0,30,0.0296,0.0301,10,0.0286,0.0302,0.0306,0.0298,143.0,43542.0,1383
2023-05-11 09:35:50,OP10005373,500ETF购12月7250,0.0298,0.0,0.0,0.0,10,0.0297,0.0302,10,0.0286,0.0302,0.0306,0.0298,143.0,43542.0,1383
2023-05-11 09:35:50,OP10005373,500ETF购12月7250,0.0298,0.0,0.0,0.0,10,0.0298,0.0303,60,0.0286,0.0302,0.0306,0.0298,143.0,43542.0,1383
2023-05-11 09:35:51,OP10005373,500ETF购12月7250,0.0298,0.0,0.0,0.0,10,0.0299,0.0303,30,0.0286,0.0302,0.0306,0.0298,143.0,43542.0,1383
2023-05-11 09:35:51,OP10005373,500ETF购12月7250,0.0298,0.0,0.0,0.0,10,0.0298,0.0303,10,0.0286,0.0302,0.0306,0.0298,143.0,43542.0,1383
2023-05-11 09:35:52,OP10005373,500ETF购12月7250,0.0298,0.0,0.0,0.0,10,0.0298,0.0303,10,0.0286,0.0302,0.0306,0.0298,143.0,43542.0,1383
2023-05-11 09:35:52,OP10005373,500ETF购12月7250,0.0298,0.0,0.0,0.0,10,0.0297,0.0302,10,0.0286,0.0302,0.0306,0.0298,143.0,43542.0,1383
2023-05-11 09:35:53,OP10005373,500ETF购12月7250,0.0298,0.0,0.0,0.0,10,0.0297,0.0302,10,0.0286,0.0302,0.0306,0.0298,143.0,43542.0,1383
2023-05-11 09:35:53,OP10005373,500ETF购12月7250,0.0298,0.0,0.0,0.0,10,0.0297,0.0301,10,0.0286,0.0302,0.0306,0.0298,143.0,43542.0,1383
2023-05-11 09:35:54,OP10005373,500ETF购12月7250,0.0298,0.0,0.0,0.0,10,0.0297,0.0301,10,0.0286,0.0302,0.0306,0.0298,143.0,43542.0,1383
2023-05-11 09:35:55,OP10005373,500ETF购12月7250,0.0298,0.0,0.0,0.0,30,0.0297,0.0301,10,0.0286,0.0302,0.0306,0.0298,143.0,43542.0,1383
2023-05-11 09:35:56,OP10005373,500ETF购12月7250,0.0298,0.0,0.0,0.0,10,0.0298,0.0302,10,0.0286,0.0302,0.0306,0.0298,143.0,43542.0,1383
2023-05-11 09:35:56,OP10005373,500ETF购12月7250,0.0298,0.0,0.0,0.0,10,0.0296,0.0301,10,0.0286,0.0302,0.0306,0.0298,143.0,43542.0,1383
2023-05-11 09:35:57,OP10005373,500ETF购12月7250,0.0298,0.0,0.0,0.0,30,0.0296,0.0301,10,0.0286,0.0302,0.0306,0.0298,143.0,43542.0,1383
2023-05-11 09:35:57,OP10005373,500ETF购12月7250,0.0298,0.0,0.0,0.0,10,0.0297,0.0301,10,0.0286,0.0302,0.0306,0.0298,143.0,43542.0,1383
2023-05-11 09:35:58,OP10005373,500ETF购12月7250,0.0298,0.0,0.0,0.0,10,0.0297,0.0301,10,0.0286,0.0302,0.0306,0.0298,143.0,43542.0,1383
2023-05-11 09:35:58,OP10005373,500ETF购12月7250,0.0298,0.0,0.0,0.0,10,0.0295,0.03,10,0.0286,0.0302,0.0306,0.0298,143.0,43542.0,1383
2023-05-11 09:35:59,OP10005373,500ETF购12月7250,0.0298,0.0,0.0,0.0,10,0.0296,0.0301,10,0.0286,0.0302,0.0306,0.0298,143.0,43542.0,1383
2023-05-11 09:35:59,OP10005373,500ETF购12月7250,0.0298,0.0,0.0,0.0,10,0.0296,0.0301,10,0.0286,0.0302,0.0306,0.0298,143.0,43542.0,1383
2023-05-11 09:36:00,OP10005373,500ETF购12月7250,0.0298,0.0,0.0,0.0,30,0.0295,0.03,10,0.0286,0.0302,0.0306,0.0298,143.0,43542.0,1383
2023-05-11 09:36:00,OP10005373,500ETF购12月7250,0.0298,0.0,0.0,0.0,10,0.0296,0.03,10,0.0286,0.0302,0.0306,0.0298,143.0,43542.0,1383
2023-05-11 09:36:01,OP10005373,500ETF购12月7250,0.0298,0.0,0.0,0.0,10,0.0296,0.03,30,0.0286,0.0302,0.0306,0.0298,143.0,43542.0,1383
2023-05-11 09:36:01,OP10005373,500ETF购12月7250,0.0298,0.0,0.0,0.0,10,0.0296,0.03,30,0.0286,0.0302,0.0306,0.0298,143.0,43542.0,1383
2023-05-11 09:36:02,OP10005373,500ETF购12月7250,0.0298,0.0,0.0,0.0,10,0.0296,0.03,30,0.0286,0.0302,0.0306,0.0298,143.0,43542.0,1383
2023-05-11 09:36:02,OP10005373,500ETF购12月7250,0.0298,0.0,0.0,0.0,10,0.0296,0.03,30,0.0286,0.0302,0.0306,0.0298,143.0,43542.0,1383
2023-05-11 09:36:03,OP10005373,500ETF购12月7250,0.0298,0.0,0.0,0.0,10,0.0296,0.03,30,0.0286,0.0302,0.0306,0.0298,143.0,43542.0,1383
2023-05-11 09:36:03,OP10005373,500ETF购12月7250,0.0298,0.0,0.0,0.0,10,0.0296,0.03,30,0.0286,0.0302,0.0306,0.0298,143.0,43542.0,1383
2023-05-11 09:36:04,OP10005373,500ETF购12月7250,0.0298,0.0,0.0,0.0,10,0.0296,0.03,30,0.0286,0.0302,0.0306,0.0298,143.0,43542.0,1383
2023-05-11 09:36:04,OP10005373,500ETF购12月7250,0.0298,0.0,0.0,0.0,10,0.0296,0.03,30,0.0286,0.0302,0.0306,0.0298,143.0,43542.0,1383
2023-05-11 09:36:05,OP10005373,500ETF购12月7250,0.0298,0.0,0.0,0.0,10,0.0297,0.0302,50,0.0286,0.0302,0.0306,0.0298,143.0,43542.0,1383
2023-05-11 09:36:05,OP10005373,500ETF购12月7250,0.0298,0.0,0.0,0.0,10,0.0297,0.0302,40,0.0286,0.0302,0.0306,0.0298,143.0,43542.0,1383
2023-05-11 09:36:06,OP10005373,500ETF购12月7250,0.0298,0.0,0.0,0.0,10,0.0296,0.0301,10,0.0286,0.0302,0.0306,0.0298,143.0,43542.0,1383
2023-05-11 09:36:06,OP10005373,500ETF购12月7250,0.0298,0.0,0.0,0.0,10,0.0296,0.0301,10,0.0286,0.0302,0.0306,0.0298,143.0,43542.0,1383
2023-05-11 09:36:07,OP10005373,500ETF购12月7250,0.0298,0.0,0.0,0.0,10,0.0296,0.03,10,0.0286,0.0302,0.0306,0.0298,143.0,43542.0,1383
2023-05-11 09:36:08,OP10005373,500ETF购12月7250,0.0298,0.0,0.0,0.0,10,0.0295,0.0299,10,0.0286,0.0302,0.0306,0.0298,143.0,43542.0,1383
2023-05-11 09:36:08,OP10005373,500ETF购12月7250,0.0298,0.0,0.0,0.0,10,0.0295,0.0299,10,0.0286,0.0302,0.0306,0.0298,143.0,43542.0,1383
2023-05-11 09:36:09,OP10005373,500ETF购12月7250,0.0298,0.0,0.0,0.0,10,0.0293,0.0298,10,0.0286,0.0302,0.0306,0.0298,143.0,43542.0,1383
2023-05-11 09:36:09,OP10005373,500ETF购12月7250,0.0298,0.0,0.0,0.0,40,0.0293,0.0298,10,0.0286,0.0302,0.0306,0.0298,143.0,43542.0,1383
2023-05-11 09:36:10,OP10005373,500ETF购12月7250,0.0298,0.0,0.0,0.0,30,0.0293,0.0298,10,0.0286,0.0302,0.0306,0.0298,143.0,43542.0,1383
2023-05-11 09:36:10,OP10005373,500ETF购12月7250,0.0298,0.0,0.0,0.0,10,0.0294,0.0298,10,0.0286,0.0302,0.0306,0.0298,143.0,43542.0,1383
2023-05-11 09:36:11,OP10005373,500ETF购12月7250,0.0298,0.0,0.0,0.0,20,0.0294,0.0297,10,0.0286,0.0302,0.0306,0.0298,143.0,43542.0,1383
2023-05-11 09:36:11,OP10005373,500ETF购12月7250,0.0298,0.0,0.0,0.0,10,0.0293,0.0298,10,0.0286,0.0302,0.0306,0.0298,143.0,43542.0,1383
2023-05-11 09:36:12,OP10005373,500ETF购12月7250,0.0298,0.0,0.0,0.0,20,0.0294,0.0297,10,0.0286,0.0302,0.0306,0.0298,143.0,43542.0,1383
2023-05-11 09:36:12,OP10005373,500ETF购12月7250,0.0298,0.0,0.0,0.0,10,0.0294,0.0298,10,0.0286,0.0302,0.0306,0.0298,143.0,43542.0,1383
2023-05-11 09:36:13,OP10005373,500ETF购12月7250,0.0298,0.0,0.0,0.0,10,0.0294,0.0298,10,0.0286,0.0302,0.0306,0.0298,143.0,43542.0,1383
2023-05-11 09:36:13,OP10005373,500ETF购12月7250,0.0298,0.0,0.0,0.0,10,0.0293,0.0297,10,0.0286,0.0302,0.0306,0.0298,143.0,43542.0,1383
2023-05-11 09:36:14,OP10005373,500ETF购12月7250,0.0298,0.0,0.0,0.0,30,0.0293,0.0297,10,0.0286,0.0302,0.0306,0.0298,143.0,43542.0,1383
2023-05-11 09:36:14,OP10005373,500ETF购12月7250,0.0298,0.0,0.0,0.0,30,0.0293,0.0297,10,0.0286,0.0302,0.0306,0.0298,143.0,43542.0,1383
2023-05-11 09:36:15,OP10005373,500ETF购12月7250,0.0298,0.0,0.0,0.0,30,0.0293,0.0297,10,0.0286,0.0302,0.0306,0.0298,143.0,43542.0,1383
2023-05-11 09:36:15,OP10005373,500ETF购12月7250,0.0298,0.0,0.0,0.0,30,0.0293,0.0297,10,0.0286,0.0302,0.0306,0.0298,143.0,43542.0,1383
2023-05-11 09:36:16,OP10005373,500ETF购12月7250,0.0298,0.0,0.0,0.0,30,0.0293,0.0297,10,0.0286,0.0302,0.0306,0.0298,143.0,43542.0,1383
2023-05-11 09:36:16,OP10005373,500ETF购12月7250,0.0298,0.0,0.0,0.0,10,0.0294,0.0298,10,0.0286,0.0302,0.0306,0.0298,143.0,43542.0,1383
2023-05-11 09:36:17,OP10005373,500ETF购12月7250,0.0298,0.0,0.0,0.0,10,0.0294,0.0298,10,0.0286,0.0302,0.0306,0.0298,143.0,43542.0,1383
2023-05-11 09:36:17,OP10005373,500ETF购12月7250,0.0298,0.0,0.0,0.0,10,0.0294,0.0298,10,0.0286,0.0302,0.0306,0.0298,143.0,43542.0,1383
2023-05-11 09:36:19,OP10005373,500ETF购12月7250,0.0298,0.0,0.0,0.0,10,0.0294,0.0298,10,0.0286,0.0302,0.0306,0.0298,143.0,43542.0,1383
2023-05-11 09:36:20,OP10005373,500ETF购12月7250,0.0298,0.0,0.0,0.0,30,0.0294,0.0298,10,0.0286,0.0302,0.0306,0.0298,143.0,43542.0,1383
2023-05-11 09:36:21,OP10005373,500ETF购12月7250,0.0298,0.0,0.0,0.0,10,0.0295,0.0299,60,0.0286,0.0302,0.0306,0.0298,143.0,43542.0,1383
2023-05-11 09:36:24,OP10005373,500ETF购12月7250,0.0298,0.0,0.0,0.0,10,0.0294,0.0299,60,0.0286,0.0302,0.0306,0.0298,143.0,43542.0,1383
2023-05-11 09:36:25,OP10005373,500ETF购12月7250,0.0298,0.0,0.0,0.0,30,0.0294,0.0298,10,0.0286,0.0302,0.0306,0.0298,143.0,43542.0,1383
2023-05-11 09:36:25,OP10005373,500ETF购12月7250,0.0298,0.0,0.0,0.0,10,0.0294,0.0299,60,0.0286,0.0302,0.0306,0.0298,143.0,43542.0,1383
2023-05-11 09:36:26,OP10005373,500ETF购12月7250,0.0298,0.0,0.0,0.0,10,0.0293,0.0298,10,0.0286,0.0302,0.0306,0.0298,143.0,43542.0,1383
2023-05-11 09:36:26,OP10005373,500ETF购12月7250,0.0298,0.0,0.0,0.0,30,0.0293,0.0297,10,0.0286,0.0302,0.0306,0.0298,143.0,43542.0,1383
2023-05-11 09:36:28,OP10005373,500ETF购12月7250,0.0298,0.0,0.0,0.0,10,0.0294,0.0298,10,0.0286,0.0302,0.0306,0.0298,143.0,43542.0,1383
2023-05-11 09:36:29,OP10005373,500ETF购12月7250,0.0298,0.0,0.0,0.0,10,0.0294,0.0298,10,0.0286,0.0302,0.0306,0.0298,143.0,43542.0,1383
2023-05-11 09:36:29,OP10005373,500ETF购12月7250,0.0298,0.0,0.0,0.0,10,0.0294,0.0298,10,0.0286,0.0302,0.0306,0.0298,143.0,43542.0,1383
2023-05-11 09:36:30,OP10005373,500ETF购12月7250,0.0298,0.0,0.0,0.0,30,0.0293,0.0297,10,0.0286,0.0302,0.0306,0.0298,143.0,43542.0,1383
2023-05-11 09:36:31,OP10005373,500ETF购12月7250,0.0298,0.0,0.0,0.0,30,0.0293,0.0297,30,0.0286,0.0302,0.0306,0.0298,143.0,43542.0,1383
2023-05-11 09:36:32,OP10005373,500ETF购12月7250,0.0298,0.0,0.0,0.0,10,0.0294,0.0297,20,0.0286,0.0302,0.0306,0.0298,143.0,43542.0,1383
2023-05-11 09:36:32,OP10005373,500ETF购12月7250,0.0298,0.0,0.0,0.0,10,0.0293,0.0298,10,0.0286,0.0302,0.0306,0.0298,143.0,43542.0,1383
2023-05-11 09:36:33,OP10005373,500ETF购12月7250,0.0298,0.0,0.0,0.0,10,0.0293,0.0298,10,0.0286,0.0302,0.0306,0.0298,143.0,43542.0,1383
2023-05-11 09:36:33,OP10005373,500ETF购12月7250,0.0298,0.0,0.0,0.0,10,0.0293,0.0297,10,0.0286,0.0302,0.0306,0.0298,143.0,43542.0,1383
2023-05-11 09:36:34,OP10005373,500ETF购12月7250,0.0298,0.0,0.0,0.0,30,0.0293,0.0297,10,0.0286,0.0302,0.0306,0.0298,143.0,43542.0,1383
2023-05-11 09:36:34,OP10005373,500ETF购12月7250,0.0298,0.0,0.0,0.0,30,0.0293,0.0297,10,0.0286,0.0302,0.0306,0.0298,143.0,43542.0,1383
2023-05-11 09:36:35,OP10005373,500ETF购12月7250,0.0298,0.0,0.0,0.0,10,0.0294,0.0298,10,0.0286,0.0302,0.0306,0.0298,143.0,43542.0,1383
2023-05-11 09:36:35,OP10005373,500ETF购12月7250,0.0298,0.0,0.0,0.0,10,0.0294,0.0298,10,0.0286,0.0302,0.0306,0.0298,143.0,43542.0,1383
2023-05-11 09:36:36,OP10005373,500ETF购12月7250,0.0298,0.0,0.0,0.0,10,0.0293,0.0297,10,0.0286,0.0302,0.0306,0.0298,143.0,43542.0,1383
2023-05-11 09:36:36,OP10005373,500ETF购12月7250,0.0298,0.0,0.0,0.0,10,0.0292,0.0296,10,0.0286,0.0302,0.0306,0.0298,143.0,43542.0,1383
2023-05-11 09:36:37,OP10005373,500ETF购12月7250,0.0298,0.0,0.0,0.0,30,0.0292,0.0296,10,0.0286,0.0302,0.0306,0.0298,143.0,43542.0,1383
2023-05-11 09:36:37,OP10005373,500ETF购12月7250,0.0298,0.0,0.0,0.0,30,0.0292,0.0296,10,0.0286,0.0302,0.0306,0.0298,143.0,43542.0,1383
2023-05-11 09:36:38,OP10005373,500ETF购12月7250,0.0298,0.0,0.0,0.0,10,0.0292,0.0296,10,0.0286,0.0302,0.0306,0.0298,143.0,43542.0,1383
2023-05-11 09:36:38,OP10005373,500ETF购12月7250,0.0298,0.0,0.0,0.0,10,0.029,0.0294,10,0.0286,0.0302,0.0306,0.0298,143.0,43542.0,1383
2023-05-11 09:36:39,OP10005373,500ETF购12月7250,0.0298,0.0,0.0,0.0,20,0.0291,0.0294,10,0.0286,0.0302,0.0306,0.0298,143.0,43542.0,1383
2023-05-11 09:36:39,OP10005373,500ETF购12月7250,0.0298,0.0,0.0,0.0,30,0.0291,0.0296,10,0.0286,0.0302,0.0306,0.0298,143.0,43542.0,1383
2023-05-11 09:36:40,OP10005373,500ETF购12月7250,0.0298,0.0,0.0,0.0,30,0.0291,0.0296,10,0.0286,0.0302,0.0306,0.0298,143.0,43542.0,1383
2023-05-11 09:36:40,OP10005373,500ETF购12月7250,0.0298,0.0,0.0,0.0,10,0.0291,0.0296,10,0.0286,0.0302,0.0306,0.0298,143.0,43542.0,1383
2023-05-11 09:36:41,OP10005373,500ETF购12月7250,0.0298,0.0,0.0,0.0,10,0.029,0.0295,10,0.0286,0.0302,0.0306,0.0298,143.0,43542.0,1383
2023-05-11 09:36:41,OP10005373,500ETF购12月7250,0.0298,0.0,0.0,0.0,10,0.029,0.0295,10,0.0286,0.0302,0.0306,0.0298,143.0,43542.0,1383
2023-05-11 09:36:42,OP10005373,500ETF购12月7250,0.0298,0.0,0.0,0.0,10,0.029,0.0294,10,0.0286,0.0302,0.0306,0.0298,143.0,43542.0,1383
2023-05-11 09:36:42,OP10005373,500ETF购12月7250,0.0298,0.0,0.0,0.0,30,0.029,0.0294,10,0.0286,0.0302,0.0306,0.0298,143.0,43542.0,1383
2023-05-11 09:36:43,OP10005373,500ETF购12月7250,0.0298,0.0,0.0,0.0,10,0.0291,0.0296,10,0.0286,0.0302,0.0306,0.0298,143.0,43542.0,1383
2023-05-11 09:36:43,OP10005373,500ETF购12月7250,0.0298,0.0,0.0,0.0,10,0.0291,0.0295,10,0.0286,0.0302,0.0306,0.0298,143.0,43542.0,1383
2023-05-11 09:36:44,OP10005373,500ETF购12月7250,0.0298,0.0,0.0,0.0,10,0.0291,0.0295,10,0.0286,0.0302,0.0306,0.0298,143.0,43542.0,1383
2023-05-11 09:36:44,OP10005373,500ETF购12月7250,0.0298,0.0,0.0,0.0,10,0.0291,0.0295,10,0.0286,0.0302,0.0306,0.0298,143.0,43542.0,1383
2023-05-11 09:36:45,OP10005373,500ETF购12月7250,0.0298,0.0,0.0,0.0,10,0.0291,0.0295,10,0.0286,0.0302,0.0306,0.0298,143.0,43542.0,1383
2023-05-11 09:36:45,OP10005373,500ETF购12月7250,0.0298,0.0,0.0,0.0,10,0.029,0.0295,30,0.0286,0.0302,0.0306,0.0298,143.0,43542.0,1383
2023-05-11 09:36:46,OP10005373,500ETF购12月7250,0.0298,0.0,0.0,0.0,10,0.0289,0.0294,10,0.0286,0.0302,0.0306,0.0298,143.0,43542.0,1383
2023-05-11 09:36:46,OP10005373,500ETF购12月7250,0.0298,0.0,0.0,0.0,20,0.0289,0.0293,10,0.0286,0.0302,0.0306,0.0298,143.0,43542.0,1383
2023-05-11 09:36:47,OP10005373,500ETF购12月7250,0.0298,0.0,0.0,0.0,30,0.0289,0.0293,10,0.0286,0.0302,0.0306,0.0298,143.0,43542.0,1383
2023-05-11 09:36:47,OP10005373,500ETF购12月7250,0.0298,0.0,0.0,0.0,30,0.0289,0.0293,10,0.0286,0.0302,0.0306,0.0298,143.0,43542.0,1383
2023-05-11 09:36:48,OP10005373,500ETF购12月7250,0.0298,0.0,0.0,0.0,30,0.0289,0.0293,10,0.0286,0.0302,0.0306,0.0298,143.0,43542.0,1383
2023-05-11 09:36:48,OP10005373,500ETF购12月7250,0.0298,0.0,0.0,0.0,10,0.029,0.0294,10,0.0286,0.0302,0.0306,0.0298,143.0,43542.0,1383
2023-05-11 09:36:49,OP10005373,500ETF购12月7250,0.0298,0.0,0.0,0.0,30,0.029,0.0294,10,0.0286,0.0302,0.0306,0.0298,143.0,43542.0,1383
2023-05-11 09:36:49,OP10005373,500ETF购12月7250,0.0298,0.0,0.0,0.0,10,0.0291,0.0295,40,0.0286,0.0302,0.0306,0.0298,143.0,43542.0,1383
2023-05-11 09:36:50,OP10005373,500ETF购12月7250,0.0298,0.0,0.0,0.0,10,0.0291,0.0295,40,0.0286,0.0302,0.0306,0.0298,143.0,43542.0,1383
2023-05-11 09:36:50,OP10005373,500ETF购12月7250,0.0298,0.0,0.0,0.0,10,0.029,0.0294,10,0.0286,0.0302,0.0306,0.0298,143.0,43542.0,1383
2023-05-11 09:36:51,OP10005373,500ETF购12月7250,0.0298,0.0,0.0,0.0,10,0.029,0.0294,10,0.0286,0.0302,0.0306,0.0298,143.0,43542.0,1383
2023-05-11 09:36:51,OP10005373,500ETF购12月7250,0.0298,0.0,0.0,0.0,10,0.029,0.0294,10,0.0286,0.0302,0.0306,0.0298,143.0,43542.0,1383
2023-05-11 09:36:52,OP10005373,500ETF购12月7250,0.0298,0.0,0.0,0.0,10,0.0289,0.0293,10,0.0286,0.0302,0.0306,0.0298,143.0,43542.0,1383
2023-05-11 09:36:52,OP10005373,500ETF购12月7250,0.0298,0.0,0.0,0.0,20,0.029,0.0293,10,0.0286,0.0302,0.0306,0.0298,143.0,43542.0,1383
2023-05-11 09:36:53,OP10005373,500ETF购12月7250,0.0298,0.0,0.0,0.0,30,0.029,0.0294,10,0.0286,0.0302,0.0306,0.0298,143.0,43542.0,1383
2023-05-11 09:36:53,OP10005373,500ETF购12月7250,0.0298,0.0,0.0,0.0,30,0.029,0.0294,10,0.0286,0.0302,0.0306,0.0298,143.0,43542.0,1383
2023-05-11 09:36:54,OP10005373,500ETF购12月7250,0.0298,0.0,0.0,0.0,10,0.0291,0.0295,40,0.0286,0.0302,0.0306,0.0298,143.0,43542.0,1383
2023-05-11 09:36:54,OP10005373,500ETF购12月7250,0.0298,0.0,0.0,0.0,10,0.0291,0.0295,40,0.0286,0.0302,0.0306,0.0298,143.0,43542.0,1383
2023-05-11 09:36:55,OP10005373,500ETF购12月7250,0.0298,0.0,0.0,0.0,10,0.0291,0.0295,40,0.0286,0.0302,0.0306,0.0298,143.0,43542.0,1383
2023-05-11 09:36:55,OP10005373,500ETF购12月7250,0.0298,0.0,0.0,0.0,10,0.0291,0.0295,40,0.0286,0.0302,0.0306,0.0298,143.0,43542.0,1383
2023-05-11 09:36:56,OP10005373,500ETF购12月7250,0.0298,0.0,0.0,0.0,10,0.0291,0.0295,40,0.0286,0.0302,0.0306,0.0298,143.0,43542.0,1383
2023-05-11 09:36:56,OP10005373,500ETF购12月7250,0.0298,0.0,0.0,0.0,10,0.0291,0.0295,40,0.0286,0.0302,0.0306,0.0298,143.0,43542.0,1383
2023-05-11 09:36:57,OP10005373,500ETF购12月7250,0.0298,0.0,0.0,0.0,10,0.029,0.0294,10,0.0286,0.0302,0.0306,0.0298,143.0,43542.0,1383
2023-05-11 09:36:57,OP10005373,500ETF购12月7250,0.0298,0.0,0.0,0.0,10,0.029,0.0294,10,0.0286,0.0302,0.0306,0.0298,143.0,43542.0,1383
2023-05-11 09:36:58,OP10005373,500ETF购12月7250,0.0298,0.0,0.0,0.0,10,0.0289,0.0293,10,0.0286,0.0302,0.0306,0.0298,143.0,43542.0,1383
2023-05-11 09:36:58,OP10005373,500ETF购12月7250,0.0298,0.0,0.0,0.0,30,0.0289,0.0293,10,0.0286,0.0302,0.0306,0.0298,143.0,43542.0,1383
2023-05-11 09:36:59,OP10005373,500ETF购12月7250,0.0298,0.0,0.0,0.0,10,0.029,0.0295,50,0.0286,0.0302,0.0306,0.0298,143.0,43542.0,1383
2023-05-11 09:36:59,OP10005373,500ETF购12月7250,0.0298,0.0,0.0,0.0,10,0.029,0.0295,40,0.0286,0.0302,0.0306,0.0298,143.0,43542.0,1383
2023-05-11 09:37:00,OP10005373,500ETF购12月7250,0.0298,0.0,0.0,0.0,10,0.029,0.0295,40,0.0286,0.0302,0.0306,0.0298,143.0,43542.0,1383
2023-05-11 09:37:00,OP10005373,500ETF购12月7250,0.0298,0.0,0.0,0.0,10,0.029,0.0295,40,0.0286,0.0302,0.0306,0.0298,143.0,43542.0,1383
2023-05-11 09:37:01,OP10005373,500ETF购12月7250,0.0298,0.0,0.0,0.0,10,0.029,0.0294,10,0.0286,0.0302,0.0306,0.0298,143.0,43542.0,1383
2023-05-11 09:37:01,OP10005373,500ETF购12月7250,0.0298,0.0,0.0,0.0,10,0.0287,0.0294,10,0.0286,0.0302,0.0306,0.0298,143.0,43542.0,1383
2023-05-11 09:37:02,OP10005373,500ETF购12月7250,0.0298,0.0,0.0,0.0,20,0.0288,0.0293,10,0.0286,0.0302,0.0306,0.0298,143.0,43542.0,1383
2023-05-11 09:37:02,OP10005373,500ETF购12月7250,0.0298,0.0,0.0,0.0,10,0.0289,0.0293,10,0.0286,0.0302,0.0306,0.0298,143.0,43542.0,1383
2023-05-11 09:37:03,OP10005373,500ETF购12月7250,0.0298,0.0,0.0,0.0,30,0.0289,0.0293,10,0.0286,0.0302,0.0306,0.0298,143.0,43542.0,1383
2023-05-11 09:37:03,OP10005373,500ETF购12月7250,0.0298,0.0,0.0,0.0,10,0.029,0.0294,10,0.0286,0.0302,0.0306,0.0298,143.0,43542.0,1383
2023-05-11 09:37:04,OP10005373,500ETF购12月7250,0.0298,0.0,0.0,0.0,10,0.0291,0.0295,30,0.0286,0.0302,0.0306,0.0298,143.0,43542.0,1383
2023-05-11 09:37:04,OP10005373,500ETF购12月7250,0.0298,0.0,0.0,0.0,10,0.0291,0.0295,30,0.0286,0.0302,0.0306,0.0298,143.0,43542.0,1383
2023-05-11 09:37:05,OP10005373,500ETF购12月7250,0.0298,0.0,0.0,0.0,10,0.0291,0.0295,30,0.0286,0.0302,0.0306,0.0298,143.0,43542.0,1383
2023-05-11 09:37:05,OP10005373,500ETF购12月7250,0.0298,0.0,0.0,0.0,10,0.0291,0.0295,30,0.0286,0.0302,0.0306,0.0298,143.0,43542.0,1383
2023-05-11 09:37:06,OP10005373,500ETF购12月7250,0.0298,0.0,0.0,0.0,10,0.0291,0.0295,30,0.0286,0.0302,0.0306,0.0298,143.0,43542.0,1383
2023-05-11 09:37:06,OP10005373,500ETF购12月7250,0.0298,0.0,0.0,0.0,20,0.029,0.0294,10,0.0286,0.0302,0.0306,0.0298,143.0,43542.0,1383
2023-05-11 09:37:07,OP10005373,500ETF购12月7250,0.0298,0.0,0.0,0.0,10,0.0289,0.0293,10,0.0286,0.0302,0.0306,0.0298,143.0,43542.0,1383
2023-05-11 09:37:07,OP10005373,500ETF购12月7250,0.0298,0.0,0.0,0.0,20,0.029,0.0293,10,0.0286,0.0302,0.0306,0.0298,143.0,43542.0,1383
2023-05-11 09:37:08,OP10005373,500ETF购12月7250,0.0298,0.0,0.0,0.0,20,0.029,0.0293,10,0.0286,0.0302,0.0306,0.0298,143.0,43542.0,1383
2023-05-11 09:37:08,OP10005373,500ETF购12月7250,0.0298,0.0,0.0,0.0,30,0.029,0.0295,50,0.0286,0.0302,0.0306,0.0298,143.0,43542.0,1383
2023-05-11 09:37:09,OP10005373,500ETF购12月7250,0.0298,0.0,0.0,0.0,10,0.0291,0.0295,50,0.0286,0.0302,0.0306,0.0298,143.0,43542.0,1383
2023-05-11 09:37:09,OP10005373,500ETF购12月7250,0.0298,0.0,0.0,0.0,10,0.0291,0.0295,50,0.0286,0.0302,0.0306,0.0298,143.0,43542.0,1383
2023-05-11 09:37:10,OP10005373,500ETF购12月7250,0.0298,0.0,0.0,0.0,10,0.0291,0.0295,40,0.0286,0.0302,0.0306,0.0298,143.0,43542.0,1383
2023-05-11 09:37:10,OP10005373,500ETF购12月7250,0.0298,0.0,0.0,0.0,10,0.0291,0.0295,20,0.0286,0.0302,0.0306,0.0298,143.0,43542.0,1383
2023-05-11 09:37:11,OP10005373,500ETF购12月7250,0.0298,0.0,0.0,0.0,10,0.0292,0.0296,20,0.0286,0.0302,0.0306,0.0298,143.0,43542.0,1383
2023-05-11 09:37:11,OP10005373,500ETF购12月7250,0.0298,0.0,0.0,0.0,10,0.0291,0.0296,20,0.0286,0.0302,0.0306,0.0298,143.0,43542.0,1383
2023-05-11 09:37:12,OP10005373,500ETF购12月7250,0.0298,0.0,0.0,0.0,10,0.0292,0.0296,20,0.0286,0.0302,0.0306,0.0298,143.0,43542.0,1383
2023-05-11 09:37:12,OP10005373,500ETF购12月7250,0.0298,0.0,0.0,0.0,10,0.0292,0.0296,10,0.0286,0.0302,0.0306,0.0298,143.0,43542.0,1383
2023-05-11 09:37:13,OP10005373,500ETF购12月7250,0.0298,0.0,0.0,0.0,10,0.0292,0.0296,10,0.0286,0.0302,0.0306,0.0298,143.0,43542.0,1383
2023-05-11 09:37:13,OP10005373,500ETF购12月7250,0.0298,0.0,0.0,0.0,10,0.029,0.0295,10,0.0286,0.0302,0.0306,0.0298,143.0,43542.0,1383
2023-05-11 09:37:14,OP10005373,500ETF购12月7250,0.0298,0.0,0.0,0.0,10,0.029,0.0294,10,0.0286,0.0302,0.0306,0.0298,143.0,43542.0,1383
2023-05-11 09:37:14,OP10005373,500ETF购12月7250,0.0298,0.0,0.0,0.0,10,0.029,0.0294,10,0.0286,0.0302,0.0306,0.0298,143.0,43542.0,1383
2023-05-11 09:37:15,OP10005373,500ETF购12月7250,0.0298,0.0,0.0,0.0,10,0.0287,0.0293,10,0.0286,0.0302,0.0306,0.0298,143.0,43542.0,1383
2023-05-11 09:37:15,OP10005373,500ETF购12月7250,0.0298,0.0,0.0,0.0,10,0.0289,0.0293,10,0.0286,0.0302,0.0306,0.0298,143.0,43542.0,1383
2023-05-11 09:37:16,OP10005373,500ETF购12月7250,0.0298,0.0,0.0,0.0,10,0.0289,0.0293,20,0.0286,0.0302,0.0306,0.0298,143.0,43542.0,1383
2023-05-11 09:37:16,OP10005373,500ETF购12月7250,0.0298,0.0,0.0,0.0,10,0.0288,0.0292,10,0.0286,0.0302,0.0306,0.0298,143.0,43542.0,1383
2023-05-11 09:37:17,OP10005373,500ETF购12月7250,0.0298,0.0,0.0,0.0,10,0.0288,0.0292,10,0.0286,0.0302,0.0306,0.0298,143.0,43542.0,1383
2023-05-11 09:37:17,OP10005373,500ETF购12月7250,0.0298,0.0,0.0,0.0,10,0.0288,0.0292,10,0.0286,0.0302,0.0306,0.0298,143.0,43542.0,1383
2023-05-11 09:37:18,OP10005373,500ETF购12月7250,0.0298,0.0,0.0,0.0,10,0.0288,0.0292,10,0.0286,0.0302,0.0306,0.0298,143.0,43542.0,1383
2023-05-11 09:37:18,OP10005373,500ETF购12月7250,0.0298,0.0,0.0,0.0,30,0.0288,0.0292,10,0.0286,0.0302,0.0306,0.0298,143.0,43542.0,1383
2023-05-11 09:37:19,OP10005373,500ETF购12月7250,0.0298,0.0,0.0,0.0,10,0.0288,0.0293,10,0.0286,0.0302,0.0306,0.0298,143.0,43542.0,1383
2023-05-11 09:37:19,OP10005373,500ETF购12月7250,0.0298,0.0,0.0,0.0,10,0.0289,0.0293,10,0.0286,0.0302,0.0306,0.0298,143.0,43542.0,1383
2023-05-11 09:37:20,OP10005373,500ETF购12月7250,0.0298,0.0,0.0,0.0,10,0.0289,0.0293,10,0.0286,0.0302,0.0306,0.0298,143.0,43542.0,1383
2023-05-11 09:37:20,OP10005373,500ETF购12月7250,0.0298,0.0,0.0,0.0,10,0.0289,0.0293,10,0.0286,0.0302,0.0306,0.0298,143.0,43542.0,1383
2023-05-11 09:37:21,OP10005373,500ETF购12月7250,0.0298,0.0,0.0,0.0,10,0.0289,0.0293,10,0.0286,0.0302,0.0306,0.0298,143.0,43542.0,1383
2023-05-11 09:37:21,OP10005373,500ETF购12月7250,0.0298,0.0,0.0,0.0,10,0.0288,0.0292,10,0.0286,0.0302,0.0306,0.0298,143.0,43542.0,1383
2023-05-11 09:37:22,OP10005373,500ETF购12月7250,0.0298,0.0,0.0,0.0,10,0.0288,0.0292,10,0.0286,0.0302,0.0306,0.0298,143.0,43542.0,1383
2023-05-11 09:37:22,OP10005373,500ETF购12月7250,0.0298,0.0,0.0,0.0,10,0.0288,0.0292,10,0.0286,0.0302,0.0306,0.0298,143.0,43542.0,1383
2023-05-11 09:37:23,OP10005373,500ETF购12月7250,0.0298,0.0,0.0,0.0,10,0.0288,0.0292,10,0.0286,0.0302,0.0306,0.0298,143.0,43542.0,1383
2023-05-11 09:37:23,OP10005373,500ETF购12月7250,0.0298,0.0,0.0,0.0,10,0.0288,0.0292,10,0.0286,0.0302,0.0306,0.0298,143.0,43542.0,1383
2023-05-11 09:37:24,OP10005373,500ETF购12月7250,0.0298,0.0,0.0,0.0,10,0.0288,0.0292,10,0.0286,0.0302,0.0306,0.0298,143.0,43542.0,1383
2023-05-11 09:37:24,OP10005373,500ETF购12月7250,0.0298,0.0,0.0,0.0,10,0.0287,0.0291,10,0.0286,0.0302,0.0306,0.0298,143.0,43542.0,1383
2023-05-11 09:37:25,OP10005373,500ETF购12月7250,0.0298,0.0,0.0,0.0,10,0.0287,0.0291,10,0.0286,0.0302,0.0306,0.0298,143.0,43542.0,1383
2023-05-11 09:37:25,OP10005373,500ETF购12月7250,0.0298,0.0,0.0,0.0,30,0.0287,0.0291,10,0.0286,0.0302,0.0306,0.0298,143.0,43542.0,1383
2023-05-11 09:37:26,OP10005373,500ETF购12月7250,0.0298,0.0,0.0,0.0,10,0.0288,0.0292,10,0.0286,0.0302,0.0306,0.0298,143.0,43542.0,1383
2023-05-11 09:37:26,OP10005373,500ETF购12月7250,0.0298,0.0,0.0,0.0,10,0.0288,0.0292,10,0.0286,0.0302,0.0306,0.0298,143.0,43542.0,1383
2023-05-11 09:37:27,OP10005373,500ETF购12月7250,0.0298,0.0,0.0,0.0,10,0.0288,0.0292,10,0.0286,0.0302,0.0306,0.0298,143.0,43542.0,1383
2023-05-11 09:37:27,OP10005373,500ETF购12月7250,0.0298,0.0,0.0,0.0,10,0.0288,0.0292,10,0.0286,0.0302,0.0306,0.0298,143.0,43542.0,1383
2023-05-11 09:37:28,OP10005373,500ETF购12月7250,0.0298,0.0,0.0,0.0,10,0.0287,0.0291,10,0.0286,0.0302,0.0306,0.0298,143.0,43542.0,1383
2023-05-11 09:37:28,OP10005373,500ETF购12月7250,0.0298,0.0,0.0,0.0,10,0.0287,0.0291,10,0.0286,0.0302,0.0306,0.0298,143.0,43542.0,1383
2023-05-11 09:37:29,OP10005373,500ETF购12月7250,0.0298,0.0,0.0,0.0,10,0.0287,0.0291,10,0.0286,0.0302,0.0306,0.0298,143.0,43542.0,1383
2023-05-11 09:37:29,OP10005373,500ETF购12月7250,0.0298,0.0,0.0,0.0,10,0.0286,0.029,10,0.0286,0.0302,0.0306,0.0298,143.0,43542.0,1383
2023-05-11 09:37:30,OP10005373,500ETF购12月7250,0.0298,0.0,0.0,0.0,30,0.0287,0.0292,20,0.0286,0.0302,0.0306,0.0298,143.0,43542.0,1383
2023-05-11 09:37:30,OP10005373,500ETF购12月7250,0.0298,0.0,0.0,0.0,40,0.0287,0.0291,10,0.0286,0.0302,0.0306,0.0298,143.0,43542.0,1383
2023-05-11 09:37:31,OP10005373,500ETF购12月7250,0.0298,0.0,0.0,0.0,10,0.0289,0.0293,10,0.0286,0.0302,0.0306,0.0298,143.0,43542.0,1383
2023-05-11 09:37:31,OP10005373,500ETF购12月7250,0.0298,0.0,0.0,0.0,10,0.0288,0.0293,10,0.0286,0.0302,0.0306,0.0298,143.0,43542.0,1383
2023-05-11 09:37:32,OP10005373,500ETF购12月7250,0.0298,0.0,0.0,0.0,20,0.0288,0.0293,10,0.0286,0.0302,0.0306,0.0298,143.0,43542.0,1383
2023-05-11 09:37:32,OP10005373,500ETF购12月7250,0.0298,0.0,0.0,0.0,10,0.0289,0.0293,10,0.0286,0.0302,0.0306,0.0298,143.0,43542.0,1383
2023-05-11 09:37:33,OP10005373,500ETF购12月7250,0.0298,0.0,0.0,0.0,10,0.0289,0.0293,10,0.0286,0.0302,0.0306,0.0298,143.0,43542.0,1383
2023-05-11 09:37:33,OP10005373,500ETF购12月7250,0.0298,0.0,0.0,0.0,10,0.0289,0.0293,10,0.0286,0.0302,0.0306,0.0298,143.0,43542.0,1383
2023-05-11 09:37:34,OP10005373,500ETF购12月7250,0.0298,0.0,0.0,0.0,10,0.0289,0.0293,10,0.0286,0.0302,0.0306,0.0298,143.0,43542.0,1383
2023-05-11 09:37:34,OP10005373,500ETF购12月7250,0.0298,0.0,0.0,0.0,10,0.0289,0.0293,10,0.0286,0.0302,0.0306,0.0298,143.0,43542.0,1383
2023-05-11 09:37:35,OP10005373,500ETF购12月7250,0.0298,0.0,0.0,0.0,10,0.029,0.0294,10,0.0286,0.0302,0.0306,0.0298,143.0,43542.0,1383
2023-05-11 09:37:35,OP10005373,500ETF购12月7250,0.0298,0.0,0.0,0.0,10,0.029,0.0294,10,0.0286,0.0302,0.0306,0.0298,143.0,43542.0,1383
2023-05-11 09:37:36,OP10005373,500ETF购12月7250,0.0298,0.0,0.0,0.0,10,0.0287,0.0293,10,0.0286,0.0302,0.0306,0.0298,143.0,43542.0,1383
2023-05-11 09:37:36,OP10005373,500ETF购12月7250,0.0298,0.0,0.0,0.0,20,0.0287,0.0292,10,0.0286,0.0302,0.0306,0.0298,143.0,43542.0,1383
2023-05-11 09:37:37,OP10005373,500ETF购12月7250,0.0298,0.0,0.0,0.0,10,0.0287,0.0292,10,0.0286,0.0302,0.0306,0.0298,143.0,43542.0,1383
2023-05-11 09:37:37,OP10005373,500ETF购12月7250,0.0298,0.0,0.0,0.0,10,0.0287,0.0291,10,0.0286,0.0302,0.0306,0.0298,143.0,43542.0,1383
2023-05-11 09:37:38,OP10005373,500ETF购12月7250,0.0298,0.0,0.0,0.0,10,0.0287,0.0291,10,0.0286,0.0302,0.0306,0.0298,143.0,43542.0,1383
2023-05-11 09:37:38,OP10005373,500ETF购12月7250,0.0298,0.0,0.0,0.0,10,0.0287,0.0291,10,0.0286,0.0302,0.0306,0.0298,143.0,43542.0,1383
2023-05-11 09:37:39,OP10005373,500ETF购12月7250,0.0298,0.0,0.0,0.0,10,0.0287,0.0291,10,0.0286,0.0302,0.0306,0.0298,143.0,43542.0,1383
2023-05-11 09:37:39,OP10005373,500ETF购12月7250,0.0298,0.0,0.0,0.0,10,0.0287,0.0291,10,0.0286,0.0302,0.0306,0.0298,143.0,43542.0,1383
2023-05-11 09:37:40,OP10005373,500ETF购12月7250,0.0298,0.0,0.0,0.0,10,0.0287,0.0291,10,0.0286,0.0302,0.0306,0.0298,143.0,43542.0,1383
2023-05-11 09:37:41,OP10005373,500ETF购12月7250,0.0298,0.0,0.0,0.0,10,0.0287,0.0291,10,0.0286,0.0302,0.0306,0.0298,143.0,43542.0,1383
2023-05-11 09:37:41,OP10005373,500ETF购12月7250,0.0298,0.0,0.0,0.0,70,0.0284,0.029,10,0.0286,0.0302,0.0306,0.0298,143.0,43542.0,1383
2023-05-11 09:37:42,OP10005373,500ETF购12月7250,0.0298,0.0,0.0,0.0,10,0.0286,0.0291,10,0.0286,0.0302,0.0306,0.0298,143.0,43542.0,1383
2023-05-11 09:37:42,OP10005373,500ETF购12月7250,0.0298,0.0,0.0,0.0,10,0.0287,0.0291,10,0.0286,0.0302,0.0306,0.0298,143.0,43542.0,1383
2023-05-11 09:37:43,OP10005373,500ETF购12月7250,0.0298,0.0,0.0,0.0,10,0.0287,0.0291,10,0.0286,0.0302,0.0306,0.0298,143.0,43542.0,1383
2023-05-11 09:37:44,OP10005373,500ETF购12月7250,0.0298,0.0,0.0,0.0,10,0.0285,0.029,10,0.0286,0.0302,0.0306,0.0298,143.0,43542.0,1383
2023-05-11 09:37:44,OP10005373,500ETF购12月7250,0.0298,0.0,0.0,0.0,30,0.0285,0.029,10,0.0286,0.0302,0.0306,0.0298,143.0,43542.0,1383
2023-05-11 09:37:45,OP10005373,500ETF购12月7250,0.0298,0.0,0.0,0.0,10,0.0286,0.029,10,0.0286,0.0302,0.0306,0.0298,143.0,43542.0,1383
2023-05-11 09:37:46,OP10005373,500ETF购12月7250,0.0298,0.0,0.0,0.0,10,0.0286,0.029,10,0.0286,0.0302,0.0306,0.0298,143.0,43542.0,1383
2023-05-11 09:37:46,OP10005373,500ETF购12月7250,0.0298,0.0,0.0,0.0,10,0.0286,0.029,10,0.0286,0.0302,0.0306,0.0298,143.0,43542.0,1383
2023-05-11 09:37:47,OP10005373,500ETF购12月7250,0.0298,0.0,0.0,0.0,10,0.0287,0.0291,10,0.0286,0.0302,0.0306,0.0298,143.0,43542.0,1383
2023-05-11 09:37:47,OP10005373,500ETF购12月7250,0.0298,0.0,0.0,0.0,10,0.0287,0.0291,10,0.0286,0.0302,0.0306,0.0298,143.0,43542.0,1383
2023-05-11 09:37:48,OP10005373,500ETF购12月7250,0.0298,0.0,0.0,0.0,10,0.0287,0.0291,10,0.0286,0.0302,0.0306,0.0298,143.0,43542.0,1383
2023-05-11 09:37:48,OP10005373,500ETF购12月7250,0.0298,0.0,0.0,0.0,10,0.0288,0.0292,10,0.0286,0.0302,0.0306,0.0298,143.0,43542.0,1383
2023-05-11 09:37:49,OP10005373,500ETF购12月7250,0.0298,0.0,0.0,0.0,10,0.0288,0.0292,10,0.0286,0.0302,0.0306,0.0298,143.0,43542.0,1383
2023-05-11 09:37:49,OP10005373,500ETF购12月7250,0.0298,0.0,0.0,0.0,10,0.0288,0.0292,10,0.0286,0.0302,0.0306,0.0298,143.0,43542.0,1383
2023-05-11 09:37:50,OP10005373,500ETF购12月7250,0.0298,0.0,0.0,0.0,10,0.0288,0.0292,10,0.0286,0.0302,0.0306,0.0298,143.0,43542.0,1383
2023-05-11 09:37:50,OP10005373,500ETF购12月7250,0.0298,0.0,0.0,0.0,10,0.0288,0.0292,10,0.0286,0.0302,0.0306,0.0298,143.0,43542.0,1383
2023-05-11 09:37:51,OP10005373,500ETF购12月7250,0.0298,0.0,0.0,0.0,10,0.0288,0.0292,10,0.0286,0.0302,0.0306,0.0298,143.0,43542.0,1383
2023-05-11 09:37:51,OP10005373,500ETF购12月7250,0.0298,0.0,0.0,0.0,10,0.0288,0.0292,10,0.0286,0.0302,0.0306,0.0298,143.0,43542.0,1383
2023-05-11 09:37:52,OP10005373,500ETF购12月7250,0.0298,0.0,0.0,0.0,10,0.0288,0.0292,10,0.0286,0.0302,0.0306,0.0298,143.0,43542.0,1383
2023-05-11 09:37:53,OP10005373,500ETF购12月7250,0.0298,0.0,0.0,0.0,10,0.0288,0.0292,10,0.0286,0.0302,0.0306,0.0298,143.0,43542.0,1383
2023-05-11 09:37:55,OP10005373,500ETF购12月7250,0.0298,0.0,0.0,0.0,10,0.0288,0.0292,10,0.0286,0.0302,0.0306,0.0298,143.0,43542.0,1383
2023-05-11 09:37:56,OP10005373,500ETF购12月7250,0.0298,0.0,0.0,0.0,10,0.0287,0.0291,10,0.0286,0.0302,0.0306,0.0298,143.0,43542.0,1383
2023-05-11 09:37:57,OP10005373,500ETF购12月7250,0.0298,0.0,0.0,0.0,10,0.0287,0.0291,10,0.0286,0.0302,0.0306,0.0298,143.0,43542.0,1383
2023-05-11 09:37:57,OP10005373,500ETF购12月7250,0.0298,0.0,0.0,0.0,10,0.0287,0.0291,10,0.0286,0.0302,0.0306,0.0298,143.0,43542.0,1383
2023-05-11 09:37:58,OP10005373,500ETF购12月7250,0.0298,0.0,0.0,0.0,10,0.0287,0.0291,10,0.0286,0.0302,0.0306,0.0298,143.0,43542.0,1383
2023-05-11 09:37:58,OP10005373,500ETF购12月7250,0.0298,0.0,0.0,0.0,10,0.0287,0.0291,10,0.0286,0.0302,0.0306,0.0298,143.0,43542.0,1383
2023-05-11 09:37:59,OP10005373,500ETF购12月7250,0.0298,0.0,0.0,0.0,10,0.0287,0.0291,10,0.0286,0.0302,0.0306,0.0298,143.0,43542.0,1383
2023-05-11 09:37:59,OP10005373,500ETF购12月7250,0.0298,0.0,0.0,0.0,10,0.0287,0.0291,10,0.0286,0.0302,0.0306,0.0298,143.0,43542.0,1383
2023-05-11 09:38:00,OP10005373,500ETF购12月7250,0.0298,0.0,0.0,0.0,10,0.0287,0.0291,10,0.0286,0.0302,0.0306,0.0298,143.0,43542.0,1383
2023-05-11 09:38:00,OP10005373,500ETF购12月7250,0.0298,0.0,0.0,0.0,10,0.0287,0.0291,10,0.0286,0.0302,0.0306,0.0298,143.0,43542.0,1383
2023-05-11 09:38:01,OP10005373,500ETF购12月7250,0.0298,0.0,0.0,0.0,10,0.0288,0.0292,10,0.0286,0.0302,0.0306,0.0298,143.0,43542.0,1383
2023-05-11 09:38:01,OP10005373,500ETF购12月7250,0.0298,0.0,0.0,0.0,10,0.0288,0.0292,10,0.0286,0.0302,0.0306,0.0298,143.0,43542.0,1383
2023-05-11 09:38:02,OP10005373,500ETF购12月7250,0.0298,0.0,0.0,0.0,10,0.0288,0.0292,10,0.0286,0.0302,0.0306,0.0298,143.0,43542.0,1383
2023-05-11 09:38:02,OP10005373,500ETF购12月7250,0.0298,0.0,0.0,0.0,10,0.0288,0.0292,10,0.0286,0.0302,0.0306,0.0298,143.0,43542.0,1383
2023-05-11 09:38:03,OP10005373,500ETF购12月7250,0.0298,0.0,0.0,0.0,10,0.0288,0.0292,10,0.0286,0.0302,0.0306,0.0298,143.0,43542.0,1383
2023-05-11 09:38:03,OP10005373,500ETF购12月7250,0.0298,0.0,0.0,0.0,10,0.0289,0.0293,10,0.0286,0.0302,0.0306,0.0298,143.0,43542.0,1383
2023-05-11 09:38:04,OP10005373,500ETF购12月7250,0.0298,0.0,0.0,0.0,10,0.0289,0.0293,10,0.0286,0.0302,0.0306,0.0298,143.0,43542.0,1383
2023-05-11 09:38:04,OP10005373,500ETF购12月7250,0.0298,0.0,0.0,0.0,10,0.0289,0.0293,10,0.0286,0.0302,0.0306,0.0298,143.0,43542.0,1383
2023-05-11 09:38:05,OP10005373,500ETF购12月7250,0.0298,0.0,0.0,0.0,10,0.0288,0.0294,10,0.0286,0.0302,0.0306,0.0298,143.0,43542.0,1383
2023-05-11 09:38:05,OP10005373,500ETF购12月7250,0.0298,0.0,0.0,0.0,40,0.0288,0.0294,10,0.0286,0.0302,0.0306,0.0298,143.0,43542.0,1383
2023-05-11 09:38:06,OP10005373,500ETF购12月7250,0.0298,0.0,0.0,0.0,10,0.0289,0.0294,20,0.0286,0.0302,0.0306,0.0298,143.0,43542.0,1383
2023-05-11 09:38:06,OP10005373,500ETF购12月7250,0.0298,0.0,0.0,0.0,20,0.0288,0.0293,10,0.0286,0.0302,0.0306,0.0298,143.0,43542.0,1383
2023-05-11 09:38:07,OP10005373,500ETF购12月7250,0.0298,0.0,0.0,0.0,10,0.0289,0.0293,10,0.0286,0.0302,0.0306,0.0298,143.0,43542.0,1383
2023-05-11 09:38:07,OP10005373,500ETF购12月7250,0.0298,0.0,0.0,0.0,10,0.0288,0.0292,10,0.0286,0.0302,0.0306,0.0298,143.0,43542.0,1383
2023-05-11 09:38:08,OP10005373,500ETF购12月7250,0.0298,0.0,0.0,0.0,30,0.0288,0.0292,10,0.0286,0.0302,0.0306,0.0298,143.0,43542.0,1383
2023-05-11 09:38:08,OP10005373,500ETF购12月7250,0.0298,0.0,0.0,0.0,10,0.0289,0.0293,10,0.0286,0.0302,0.0306,0.0298,143.0,43542.0,1383
2023-05-11 09:38:09,OP10005373,500ETF购12月7250,0.0298,0.0,0.0,0.0,10,0.0289,0.0293,10,0.0286,0.0302,0.0306,0.0298,143.0,43542.0,1383
2023-05-11 09:38:09,OP10005373,500ETF购12月7250,0.0298,0.0,0.0,0.0,10,0.0289,0.0293,10,0.0286,0.0302,0.0306,0.0298,143.0,43542.0,1383
2023-05-11 09:38:10,OP10005373,500ETF购12月7250,0.0298,0.0,0.0,0.0,10,0.0289,0.0294,10,0.0286,0.0302,0.0306,0.0298,143.0,43542.0,1383
2023-05-11 09:38:10,OP10005373,500ETF购12月7250,0.0298,0.0,0.0,0.0,10,0.029,0.0294,10,0.0286,0.0302,0.0306,0.0298,143.0,43542.0,1383
2023-05-11 09:38:11,OP10005373,500ETF购12月7250,0.0298,0.0,0.0,0.0,10,0.029,0.0294,10,0.0286,0.0302,0.0306,0.0298,143.0,43542.0,1383
2023-05-11 09:38:11,OP10005373,500ETF购12月7250,0.0298,0.0,0.0,0.0,10,0.029,0.0294,10,0.0286,0.0302,0.0306,0.0298,143.0,43542.0,1383
2023-05-11 09:38:12,OP10005373,500ETF购12月7250,0.0298,0.0,0.0,0.0,10,0.029,0.0294,10,0.0286,0.0302,0.0306,0.0298,143.0,43542.0,1383
2023-05-11 09:38:12,OP10005373,500ETF购12月7250,0.0298,0.0,0.0,0.0,10,0.029,0.0294,10,0.0286,0.0302,0.0306,0.0298,143.0,43542.0,1383
2023-05-11 09:38:13,OP10005373,500ETF购12月7250,0.0298,0.0,0.0,0.0,10,0.029,0.0294,10,0.0286,0.0302,0.0306,0.0298,143.0,43542.0,1383
2023-05-11 09:38:13,OP10005373,500ETF购12月7250,0.0298,0.0,0.0,0.0,10,0.0289,0.0294,10,0.0286,0.0302,0.0306,0.0298,143.0,43542.0,1383
2023-05-11 09:38:14,OP10005373,500ETF购12月7250,0.0298,0.0,0.0,0.0,20,0.0289,0.0294,10,0.0286,0.0302,0.0306,0.0298,143.0,43542.0,1383
2023-05-11 09:38:14,OP10005373,500ETF购12月7250,0.0298,0.0,0.0,0.0,10,0.029,0.0294,10,0.0286,0.0302,0.0306,0.0298,143.0,43542.0,1383
2023-05-11 09:38:16,OP10005373,500ETF购12月7250,0.0298,0.0,0.0,0.0,10,0.0291,0.0295,10,0.0286,0.0302,0.0306,0.0298,143.0,43542.0,1383
2023-05-11 09:38:17,OP10005373,500ETF购12月7250,0.0298,0.0,0.0,0.0,10,0.0291,0.0295,10,0.0286,0.0302,0.0306,0.0298,143.0,43542.0,1383
2023-05-11 09:38:17,OP10005373,500ETF购12月7250,0.0298,0.0,0.0,0.0,10,0.0291,0.0295,10,0.0286,0.0302,0.0306,0.0298,143.0,43542.0,1383
2023-05-11 09:38:18,OP10005373,500ETF购12月7250,0.0298,0.0,0.0,0.0,10,0.0291,0.0295,10,0.0286,0.0302,0.0306,0.0298,143.0,43542.0,1383
2023-05-11 09:38:18,OP10005373,500ETF购12月7250,0.0298,0.0,0.0,0.0,10,0.0291,0.0295,10,0.0286,0.0302,0.0306,0.0298,143.0,43542.0,1383
2023-05-11 09:38:19,OP10005373,500ETF购12月7250,0.0298,0.0,0.0,0.0,10,0.0291,0.0295,10,0.0286,0.0302,0.0306,0.0298,143.0,43542.0,1383
2023-05-11 09:38:19,OP10005373,500ETF购12月7250,0.0298,0.0,0.0,0.0,10,0.0291,0.0295,10,0.0286,0.0302,0.0306,0.0298,143.0,43542.0,1383
2023-05-11 09:38:20,OP10005373,500ETF购12月7250,0.0298,0.0,0.0,0.0,10,0.0291,0.0295,10,0.0286,0.0302,0.0306,0.0298,143.0,43542.0,1383
2023-05-11 09:38:20,OP10005373,500ETF购12月7250,0.0298,0.0,0.0,0.0,10,0.0291,0.0295,10,0.0286,0.0302,0.0306,0.0298,143.0,43542.0,1383
2023-05-11 09:38:21,OP10005373,500ETF购12月7250,0.0298,0.0,0.0,0.0,10,0.0291,0.0295,10,0.0286,0.0302,0.0306,0.0298,143.0,43542.0,1383
2023-05-11 09:38:21,OP10005373,500ETF购12月7250,0.0298,0.0,0.0,0.0,10,0.029,0.0294,10,0.0286,0.0302,0.0306,0.0298,143.0,43542.0,1383
2023-05-11 09:38:22,OP10005373,500ETF购12月7250,0.0298,0.0,0.0,0.0,10,0.029,0.0294,10,0.0286,0.0302,0.0306,0.0298,143.0,43542.0,1383
2023-05-11 09:38:22,OP10005373,500ETF购12月7250,0.0298,0.0,0.0,0.0,10,0.0291,0.0295,10,0.0286,0.0302,0.0306,0.0298,143.0,43542.0,1383
2023-05-11 09:38:23,OP10005373,500ETF购12月7250,0.0298,0.0,0.0,0.0,10,0.0291,0.0295,10,0.0286,0.0302,0.0306,0.0298,143.0,43542.0,1383
2023-05-11 09:38:23,OP10005373,500ETF购12月7250,0.0298,0.0,0.0,0.0,10,0.0291,0.0295,10,0.0286,0.0302,0.0306,0.0298,143.0,43542.0,1383
