time,symbol_id,symbol_name,last,trade_volume,trade_amount,open_interest_change,bv1,bp1,ap1,av1,yesterday_close,today_open,today_high,today_low,volume,amount,open_interest
2023-05-11 08:35:21,OP10005367,500ETF购12月5750,0.0,0.0,0.0,0.0,0,0.0,0.0,0,0.5381,0.5453,0.0,0.0,0.0,0.0,525
2023-05-11 09:24:57,OP10005367,500ETF购12月5750,0.0,0.0,0.0,0.0,1,0.5236,0.5453,1,0.5381,0.5453,0.0,0.0,0.0,0.0,525
2023-05-11 09:30:00,OP10005367,500ETF购12月5750,0.5453,1.0,5453.0,1.0,1,0.5236,0.5453,1,0.5381,0.5453,0.5453,0.5453,1.0,5453.0,526
2023-05-11 09:30:00,OP10005367,500ETF购12月5750,0.5453,0.0,0.0,0.0,1,0.5236,0.5758,1,0.5381,0.5453,0.5453,0.5453,1.0,5453.0,526
2023-05-11 09:30:00,OP10005367,500ETF购12月5750,0.5453,0.0,0.0,0.0,1,0.5453,0.5861,1,0.5381,0.5453,0.5453,0.5453,1.0,5453.0,526
2023-05-11 09:30:01,OP10005367,500ETF购12月5750,0.5453,0.0,0.0,0.0,20,0.5482,0.5639,20,0.5381,0.5453,0.5453,0.5453,1.0,5453.0,526
2023-05-11 09:30:01,OP10005367,500ETF购12月5750,0.5453,0.0,0.0,0.0,1,0.5063,0.5639,20,0.5381,0.5453,0.5453,0.5453,1.0,5453.0,526
2023-05-11 09:30:02,OP10005367,500ETF购12月5750,0.5453,0.0,0.0,0.0,20,0.5473,0.563,20,0.5381,0.5453,0.5453,0.5453,1.0,5453.0,526
2023-05-11 09:30:02,OP10005367,500ETF购12月5750,0.5453,0.0,0.0,0.0,20,0.548,0.5639,20,0.5381,0.5453,0.5453,0.5453,1.0,5453.0,526
2023-05-11 09:30:03,OP10005367,500ETF购12月5750,0.5453,0.0,0.0,0.0,20,0.548,0.5861,1,0.5381,0.5453,0.5453,0.5453,1.0,5453.0,526
2023-05-11 09:30:03,OP10005367,500ETF购12月5750,0.5453,0.0,0.0,0.0,10,0.5518,0.5679,10,0.5381,0.5453,0.5453,0.5453,1.0,5453.0,526
2023-05-11 09:30:04,OP10005367,500ETF购12月5750,0.5453,0.0,0.0,0.0,30,0.5518,0.566,20,0.5381,0.5453,0.5453,0.5453,1.0,5453.0,526
2023-05-11 09:30:07,OP10005367,500ETF购12月5750,0.5453,0.0,0.0,0.0,30,0.5518,0.566,20,0.5381,0.5453,0.5453,0.5453,1.0,5453.0,526
2023-05-11 09:30:10,OP10005367,500ETF购12月5750,0.5453,0.0,0.0,0.0,30,0.5518,0.5667,20,0.5381,0.5453,0.5453,0.5453,1.0,5453.0,526
2023-05-11 09:30:11,OP10005367,500ETF购12月5750,0.5453,0.0,0.0,0.0,30,0.5518,0.5674,20,0.5381,0.5453,0.5453,0.5453,1.0,5453.0,526
2023-05-11 09:30:14,OP10005367,500ETF购12月5750,0.5453,0.0,0.0,0.0,30,0.5518,0.5674,20,0.5381,0.5453,0.5453,0.5453,1.0,5453.0,526
2023-05-11 09:30:15,OP10005367,500ETF购12月5750,0.5453,0.0,0.0,0.0,30,0.5518,0.5667,20,0.5381,0.5453,0.5453,0.5453,1.0,5453.0,526
2023-05-11 09:30:17,OP10005367,500ETF购12月5750,0.5453,0.0,0.0,0.0,30,0.5518,0.5667,20,0.5381,0.5453,0.5453,0.5453,1.0,5453.0,526
2023-05-11 09:30:17,OP10005367,500ETF购12月5750,0.5453,0.0,0.0,0.0,30,0.5518,0.5667,20,0.5381,0.5453,0.5453,0.5453,1.0,5453.0,526
2023-05-11 09:30:19,OP10005367,500ETF购12月5750,0.5453,0.0,0.0,0.0,30,0.5518,0.5656,20,0.5381,0.5453,0.5453,0.5453,1.0,5453.0,526
2023-05-11 09:30:20,OP10005367,500ETF购12月5750,0.5453,0.0,0.0,0.0,30,0.5518,0.5667,20,0.5381,0.5453,0.5453,0.5453,1.0,5453.0,526
2023-05-11 09:30:20,OP10005367,500ETF购12月5750,0.5453,0.0,0.0,0.0,30,0.5518,0.5667,20,0.5381,0.5453,0.5453,0.5453,1.0,5453.0,526
2023-05-11 09:30:21,OP10005367,500ETF购12月5750,0.5453,0.0,0.0,0.0,30,0.5518,0.5674,20,0.5381,0.5453,0.5453,0.5453,1.0,5453.0,526
2023-05-11 09:30:23,OP10005367,500ETF购12月5750,0.5453,0.0,0.0,0.0,30,0.5518,0.5664,20,0.5381,0.5453,0.5453,0.5453,1.0,5453.0,526
2023-05-11 09:30:25,OP10005367,500ETF购12月5750,0.5453,0.0,0.0,0.0,30,0.5518,0.5674,20,0.5381,0.5453,0.5453,0.5453,1.0,5453.0,526
2023-05-11 09:30:30,OP10005367,500ETF购12月5750,0.5453,0.0,0.0,0.0,30,0.5518,0.5674,20,0.5381,0.5453,0.5453,0.5453,1.0,5453.0,526
2023-05-11 09:30:32,OP10005367,500ETF购12月5750,0.5453,0.0,0.0,0.0,30,0.5518,0.5666,20,0.5381,0.5453,0.5453,0.5453,1.0,5453.0,526
2023-05-11 09:30:36,OP10005367,500ETF购12月5750,0.5453,0.0,0.0,0.0,30,0.5518,0.5666,20,0.5381,0.5453,0.5453,0.5453,1.0,5453.0,526
2023-05-11 09:30:37,OP10005367,500ETF购12月5750,0.5453,0.0,0.0,0.0,30,0.5518,0.5671,10,0.5381,0.5453,0.5453,0.5453,1.0,5453.0,526
2023-05-11 09:30:41,OP10005367,500ETF购12月5750,0.5453,0.0,0.0,0.0,10,0.5531,0.5645,10,0.5381,0.5453,0.5453,0.5453,1.0,5453.0,526
2023-05-11 09:30:42,OP10005367,500ETF购12月5750,0.5453,0.0,0.0,0.0,30,0.5531,0.5645,30,0.5381,0.5453,0.5453,0.5453,1.0,5453.0,526
2023-05-11 09:30:42,OP10005367,500ETF购12月5750,0.5453,0.0,0.0,0.0,10,0.5549,0.5645,20,0.5381,0.5453,0.5453,0.5453,1.0,5453.0,526
2023-05-11 09:30:43,OP10005367,500ETF购12月5750,0.5453,0.0,0.0,0.0,30,0.5549,0.5654,30,0.5381,0.5453,0.5453,0.5453,1.0,5453.0,526
2023-05-11 09:30:45,OP10005367,500ETF购12月5750,0.5453,0.0,0.0,0.0,30,0.5549,0.5654,30,0.5381,0.5453,0.5453,0.5453,1.0,5453.0,526
2023-05-11 09:30:46,OP10005367,500ETF购12月5750,0.5453,0.0,0.0,0.0,20,0.5549,0.5636,10,0.5381,0.5453,0.5453,0.5453,1.0,5453.0,526
2023-05-11 09:30:47,OP10005367,500ETF购12月5750,0.5453,0.0,0.0,0.0,30,0.5531,0.5636,30,0.5381,0.5453,0.5453,0.5453,1.0,5453.0,526
2023-05-11 09:30:47,OP10005367,500ETF购12月5750,0.5453,0.0,0.0,0.0,30,0.5531,0.5636,30,0.5381,0.5453,0.5453,0.5453,1.0,5453.0,526
2023-05-11 09:30:57,OP10005367,500ETF购12月5750,0.5453,0.0,0.0,0.0,30,0.5531,0.5636,30,0.5381,0.5453,0.5453,0.5453,1.0,5453.0,526
2023-05-11 09:30:58,OP10005367,500ETF购12月5750,0.5453,0.0,0.0,0.0,30,0.5531,0.5636,30,0.5381,0.5453,0.5453,0.5453,1.0,5453.0,526
2023-05-11 09:30:58,OP10005367,500ETF购12月5750,0.5453,0.0,0.0,0.0,20,0.5523,0.5618,10,0.5381,0.5453,0.5453,0.5453,1.0,5453.0,526
2023-05-11 09:30:59,OP10005367,500ETF购12月5750,0.5453,0.0,0.0,0.0,30,0.5513,0.5618,30,0.5381,0.5453,0.5453,0.5453,1.0,5453.0,526
2023-05-11 09:31:00,OP10005367,500ETF购12月5750,0.5453,0.0,0.0,0.0,30,0.5513,0.5618,30,0.5381,0.5453,0.5453,0.5453,1.0,5453.0,526
2023-05-11 09:31:04,OP10005367,500ETF购12月5750,0.5453,0.0,0.0,0.0,10,0.5532,0.5618,20,0.5381,0.5453,0.5453,0.5453,1.0,5453.0,526
2023-05-11 09:31:04,OP10005367,500ETF购12月5750,0.5453,0.0,0.0,0.0,30,0.5532,0.5636,20,0.5381,0.5453,0.5453,0.5453,1.0,5453.0,526
2023-05-11 09:31:05,OP10005367,500ETF购12月5750,0.5453,0.0,0.0,0.0,30,0.5532,0.5636,20,0.5381,0.5453,0.5453,0.5453,1.0,5453.0,526
2023-05-11 09:31:12,OP10005367,500ETF购12月5750,0.5453,0.0,0.0,0.0,30,0.5532,0.5636,20,0.5381,0.5453,0.5453,0.5453,1.0,5453.0,526
2023-05-11 09:31:13,OP10005367,500ETF购12月5750,0.5453,0.0,0.0,0.0,30,0.5532,0.5636,20,0.5381,0.5453,0.5453,0.5453,1.0,5453.0,526
2023-05-11 09:31:28,OP10005367,500ETF购12月5750,0.5453,0.0,0.0,0.0,30,0.5532,0.5636,20,0.5381,0.5453,0.5453,0.5453,1.0,5453.0,526
2023-05-11 09:31:33,OP10005367,500ETF购12月5750,0.5453,0.0,0.0,0.0,30,0.5532,0.5628,10,0.5381,0.5453,0.5453,0.5453,1.0,5453.0,526
2023-05-11 09:31:33,OP10005367,500ETF购12月5750,0.5453,0.0,0.0,0.0,30,0.5532,0.5628,30,0.5381,0.5453,0.5453,0.5453,1.0,5453.0,526
2023-05-11 09:31:46,OP10005367,500ETF购12月5750,0.5453,0.0,0.0,0.0,30,0.5532,0.5628,30,0.5381,0.5453,0.5453,0.5453,1.0,5453.0,526
2023-05-11 09:31:46,OP10005367,500ETF购12月5750,0.5453,0.0,0.0,0.0,30,0.5532,0.5628,30,0.5381,0.5453,0.5453,0.5453,1.0,5453.0,526
2023-05-11 09:31:52,OP10005367,500ETF购12月5750,0.5453,0.0,0.0,0.0,20,0.5532,0.5622,10,0.5381,0.5453,0.5453,0.5453,1.0,5453.0,526
2023-05-11 09:31:53,OP10005367,500ETF购12月5750,0.5453,0.0,0.0,0.0,30,0.5524,0.5622,10,0.5381,0.5453,0.5453,0.5453,1.0,5453.0,526
2023-05-11 09:31:54,OP10005367,500ETF购12月5750,0.5453,0.0,0.0,0.0,10,0.5524,0.5609,10,0.5381,0.5453,0.5453,0.5453,1.0,5453.0,526
2023-05-11 09:31:55,OP10005367,500ETF购12月5750,0.5453,0.0,0.0,0.0,10,0.5524,0.5609,30,0.5381,0.5453,0.5453,0.5453,1.0,5453.0,526
2023-05-11 09:31:56,OP10005367,500ETF购12月5750,0.5453,0.0,0.0,0.0,10,0.5524,0.5609,30,0.5381,0.5453,0.5453,0.5453,1.0,5453.0,526
2023-05-11 09:31:57,OP10005367,500ETF购12月5750,0.5453,0.0,0.0,0.0,10,0.553,0.5609,30,0.5381,0.5453,0.5453,0.5453,1.0,5453.0,526
2023-05-11 09:31:59,OP10005367,500ETF购12月5750,0.5453,0.0,0.0,0.0,10,0.5532,0.5609,20,0.5381,0.5453,0.5453,0.5453,1.0,5453.0,526
2023-05-11 09:31:59,OP10005367,500ETF购12月5750,0.5453,0.0,0.0,0.0,10,0.5532,0.5637,30,0.5381,0.5453,0.5453,0.5453,1.0,5453.0,526
2023-05-11 09:32:00,OP10005367,500ETF购12月5750,0.5453,0.0,0.0,0.0,10,0.5546,0.5637,30,0.5381,0.5453,0.5453,0.5453,1.0,5453.0,526
2023-05-11 09:32:00,OP10005367,500ETF购12月5750,0.5453,0.0,0.0,0.0,10,0.5546,0.5637,30,0.5381,0.5453,0.5453,0.5453,1.0,5453.0,526
2023-05-11 09:32:03,OP10005367,500ETF购12月5750,0.5453,0.0,0.0,0.0,10,0.5546,0.5637,40,0.5381,0.5453,0.5453,0.5453,1.0,5453.0,526
2023-05-11 09:32:07,OP10005367,500ETF购12月5750,0.5453,0.0,0.0,0.0,10,0.5546,0.5637,40,0.5381,0.5453,0.5453,0.5453,1.0,5453.0,526
2023-05-11 09:32:09,OP10005367,500ETF购12月5750,0.5453,0.0,0.0,0.0,10,0.5546,0.5637,30,0.5381,0.5453,0.5453,0.5453,1.0,5453.0,526
2023-05-11 09:32:15,OP10005367,500ETF购12月5750,0.5453,0.0,0.0,0.0,10,0.5546,0.5637,30,0.5381,0.5453,0.5453,0.5453,1.0,5453.0,526
2023-05-11 09:32:18,OP10005367,500ETF购12月5750,0.5453,0.0,0.0,0.0,10,0.5546,0.5637,30,0.5381,0.5453,0.5453,0.5453,1.0,5453.0,526
2023-05-11 09:32:19,OP10005367,500ETF购12月5750,0.5453,0.0,0.0,0.0,10,0.5546,0.5637,40,0.5381,0.5453,0.5453,0.5453,1.0,5453.0,526
2023-05-11 09:32:20,OP10005367,500ETF购12月5750,0.5453,0.0,0.0,0.0,10,0.5546,0.5637,30,0.5381,0.5453,0.5453,0.5453,1.0,5453.0,526
2023-05-11 09:32:21,OP10005367,500ETF购12月5750,0.5453,0.0,0.0,0.0,10,0.5546,0.5637,40,0.5381,0.5453,0.5453,0.5453,1.0,5453.0,526
2023-05-11 09:32:23,OP10005367,500ETF购12月5750,0.5453,0.0,0.0,0.0,10,0.5546,0.5607,10,0.5381,0.5453,0.5453,0.5453,1.0,5453.0,526
2023-05-11 09:32:23,OP10005367,500ETF购12月5750,0.5453,0.0,0.0,0.0,10,0.5546,0.5607,30,0.5381,0.5453,0.5453,0.5453,1.0,5453.0,526
2023-05-11 09:32:28,OP10005367,500ETF购12月5750,0.5453,0.0,0.0,0.0,10,0.5537,0.5607,30,0.5381,0.5453,0.5453,0.5453,1.0,5453.0,526
2023-05-11 09:32:29,OP10005367,500ETF购12月5750,0.5453,0.0,0.0,0.0,10,0.5537,0.5607,30,0.5381,0.5453,0.5453,0.5453,1.0,5453.0,526
2023-05-11 09:32:30,OP10005367,500ETF购12月5750,0.5453,0.0,0.0,0.0,10,0.5543,0.5596,10,0.5381,0.5453,0.5453,0.5453,1.0,5453.0,526
2023-05-11 09:32:30,OP10005367,500ETF购12月5750,0.5453,0.0,0.0,0.0,10,0.5543,0.5596,30,0.5381,0.5453,0.5453,0.5453,1.0,5453.0,526
2023-05-11 09:32:33,OP10005367,500ETF购12月5750,0.5453,0.0,0.0,0.0,20,0.5533,0.5585,10,0.5381,0.5453,0.5453,0.5453,1.0,5453.0,526
2023-05-11 09:32:33,OP10005367,500ETF购12月5750,0.5453,0.0,0.0,0.0,20,0.5533,0.5585,30,0.5381,0.5453,0.5453,0.5453,1.0,5453.0,526
2023-05-11 09:32:34,OP10005367,500ETF购12月5750,0.5453,0.0,0.0,0.0,10,0.5533,0.5585,30,0.5381,0.5453,0.5453,0.5453,1.0,5453.0,526
2023-05-11 09:32:44,OP10005367,500ETF购12月5750,0.5453,0.0,0.0,0.0,10,0.5533,0.5585,30,0.5381,0.5453,0.5453,0.5453,1.0,5453.0,526
2023-05-11 09:32:44,OP10005367,500ETF购12月5750,0.5453,0.0,0.0,0.0,10,0.5533,0.5585,30,0.5381,0.5453,0.5453,0.5453,1.0,5453.0,526
2023-05-11 09:32:45,OP10005367,500ETF购12月5750,0.5453,0.0,0.0,0.0,10,0.5533,0.5585,30,0.5381,0.5453,0.5453,0.5453,1.0,5453.0,526
2023-05-11 09:32:49,OP10005367,500ETF购12月5750,0.5453,0.0,0.0,0.0,10,0.5533,0.5585,30,0.5381,0.5453,0.5453,0.5453,1.0,5453.0,526
2023-05-11 09:32:49,OP10005367,500ETF购12月5750,0.5453,0.0,0.0,0.0,10,0.5534,0.5585,30,0.5381,0.5453,0.5453,0.5453,1.0,5453.0,526
2023-05-11 09:32:50,OP10005367,500ETF购12月5750,0.5453,0.0,0.0,0.0,10,0.5534,0.5585,30,0.5381,0.5453,0.5453,0.5453,1.0,5453.0,526
2023-05-11 09:32:51,OP10005367,500ETF购12月5750,0.5453,0.0,0.0,0.0,10,0.5541,0.5585,20,0.5381,0.5453,0.5453,0.5453,1.0,5453.0,526
2023-05-11 09:32:51,OP10005367,500ETF购12月5750,0.5453,0.0,0.0,0.0,10,0.5541,0.5585,20,0.5381,0.5453,0.5453,0.5453,1.0,5453.0,526
2023-05-11 09:32:52,OP10005367,500ETF购12月5750,0.5453,0.0,0.0,0.0,10,0.5541,0.5594,20,0.5381,0.5453,0.5453,0.5453,1.0,5453.0,526
2023-05-11 09:32:52,OP10005367,500ETF购12月5750,0.5453,0.0,0.0,0.0,10,0.554,0.5583,10,0.5381,0.5453,0.5453,0.5453,1.0,5453.0,526
2023-05-11 09:32:53,OP10005367,500ETF购12月5750,0.5453,0.0,0.0,0.0,20,0.5531,0.5583,30,0.5381,0.5453,0.5453,0.5453,1.0,5453.0,526
2023-05-11 09:32:53,OP10005367,500ETF购12月5750,0.5453,0.0,0.0,0.0,20,0.5531,0.5583,30,0.5381,0.5453,0.5453,0.5453,1.0,5453.0,526
2023-05-11 09:33:02,OP10005367,500ETF购12月5750,0.5453,0.0,0.0,0.0,20,0.5531,0.5583,30,0.5381,0.5453,0.5453,0.5453,1.0,5453.0,526
2023-05-11 09:33:07,OP10005367,500ETF购12月5750,0.5453,0.0,0.0,0.0,20,0.5531,0.5582,10,0.5381,0.5453,0.5453,0.5453,1.0,5453.0,526
2023-05-11 09:33:07,OP10005367,500ETF购12月5750,0.5453,0.0,0.0,0.0,20,0.5531,0.5582,10,0.5381,0.5453,0.5453,0.5453,1.0,5453.0,526
2023-05-11 09:33:09,OP10005367,500ETF购12月5750,0.5453,0.0,0.0,0.0,20,0.5531,0.5571,1,0.5381,0.5453,0.5453,0.5453,1.0,5453.0,526
2023-05-11 09:33:10,OP10005367,500ETF购12月5750,0.5453,0.0,0.0,0.0,20,0.5531,0.5571,1,0.5381,0.5453,0.5453,0.5453,1.0,5453.0,526
2023-05-11 09:33:10,OP10005367,500ETF购12月5750,0.5453,0.0,0.0,0.0,20,0.553,0.5571,21,0.5381,0.5453,0.5453,0.5453,1.0,5453.0,526
2023-05-11 09:33:11,OP10005367,500ETF购12月5750,0.5453,0.0,0.0,0.0,20,0.5524,0.5571,31,0.5381,0.5453,0.5453,0.5453,1.0,5453.0,526
2023-05-11 09:33:11,OP10005367,500ETF购12月5750,0.5453,0.0,0.0,0.0,20,0.5524,0.5571,31,0.5381,0.5453,0.5453,0.5453,1.0,5453.0,526
2023-05-11 09:33:12,OP10005367,500ETF购12月5750,0.5453,0.0,0.0,0.0,20,0.5519,0.5571,31,0.5381,0.5453,0.5453,0.5453,1.0,5453.0,526
2023-05-11 09:33:13,OP10005367,500ETF购12月5750,0.5453,0.0,0.0,0.0,10,0.5519,0.5571,31,0.5381,0.5453,0.5453,0.5453,1.0,5453.0,526
2023-05-11 09:33:15,OP10005367,500ETF购12月5750,0.5453,0.0,0.0,0.0,10,0.5519,0.5559,1,0.5381,0.5453,0.5453,0.5453,1.0,5453.0,526
2023-05-11 09:33:16,OP10005367,500ETF购12月5750,0.5453,0.0,0.0,0.0,10,0.5519,0.5559,1,0.5381,0.5453,0.5453,0.5453,1.0,5453.0,526
2023-05-11 09:33:16,OP10005367,500ETF购12月5750,0.5453,0.0,0.0,0.0,10,0.5519,0.5559,1,0.5381,0.5453,0.5453,0.5453,1.0,5453.0,526
2023-05-11 09:33:18,OP10005367,500ETF购12月5750,0.5453,0.0,0.0,0.0,10,0.5519,0.5559,1,0.5381,0.5453,0.5453,0.5453,1.0,5453.0,526
2023-05-11 09:33:18,OP10005367,500ETF购12月5750,0.5453,0.0,0.0,0.0,10,0.5519,0.5559,1,0.5381,0.5453,0.5453,0.5453,1.0,5453.0,526
2023-05-11 09:33:19,OP10005367,500ETF购12月5750,0.5453,0.0,0.0,0.0,40,0.5517,0.5559,1,0.5381,0.5453,0.5453,0.5453,1.0,5453.0,526
2023-05-11 09:33:19,OP10005367,500ETF购12月5750,0.5453,0.0,0.0,0.0,30,0.5517,0.5559,1,0.5381,0.5453,0.5453,0.5453,1.0,5453.0,526
2023-05-11 09:33:22,OP10005367,500ETF购12月5750,0.5453,0.0,0.0,0.0,30,0.5517,0.5547,1,0.5381,0.5453,0.5453,0.5453,1.0,5453.0,526
2023-05-11 09:33:22,OP10005367,500ETF购12月5750,0.5453,0.0,0.0,0.0,30,0.5517,0.5547,1,0.5381,0.5453,0.5453,0.5453,1.0,5453.0,526
2023-05-11 09:33:23,OP10005367,500ETF购12月5750,0.5453,0.0,0.0,0.0,30,0.5517,0.5547,1,0.5381,0.5453,0.5453,0.5453,1.0,5453.0,526
2023-05-11 09:33:27,OP10005367,500ETF购12月5750,0.5453,0.0,0.0,0.0,30,0.5517,0.5537,1,0.5381,0.5453,0.5453,0.5453,1.0,5453.0,526
2023-05-11 09:33:28,OP10005367,500ETF购12月5750,0.5537,1.0,5537.0,0.0,30,0.5517,0.5547,1,0.5381,0.5453,0.5537,0.5453,2.0,10990.0,526
2023-05-11 09:33:32,OP10005367,500ETF购12月5750,0.5537,0.0,0.0,0.0,30,0.5517,0.5547,1,0.5381,0.5453,0.5537,0.5453,2.0,10990.0,526
2023-05-11 09:33:34,OP10005367,500ETF购12月5750,0.5537,0.0,0.0,0.0,30,0.5517,0.5547,1,0.5381,0.5453,0.5537,0.5453,2.0,10990.0,526
2023-05-11 09:33:37,OP10005367,500ETF购12月5750,0.5547,1.0,5547.0,0.0,10,0.5524,0.5559,1,0.5381,0.5453,0.5547,0.5453,3.0,16537.0,526
2023-05-11 09:33:37,OP10005367,500ETF购12月5750,0.5547,0.0,0.0,0.0,30,0.5524,0.5559,1,0.5381,0.5453,0.5547,0.5453,3.0,16537.0,526
2023-05-11 09:33:37,OP10005367,500ETF购12月5750,0.5547,0.0,0.0,0.0,30,0.5524,0.5559,1,0.5381,0.5453,0.5547,0.5453,3.0,16537.0,526
2023-05-11 09:33:44,OP10005367,500ETF购12月5750,0.5547,0.0,0.0,0.0,10,0.5532,0.5559,1,0.5381,0.5453,0.5547,0.5453,3.0,16537.0,526
2023-05-11 09:33:45,OP10005367,500ETF购12月5750,0.5547,0.0,0.0,0.0,30,0.5532,0.5559,1,0.5381,0.5453,0.5547,0.5453,3.0,16537.0,526
2023-05-11 09:33:45,OP10005367,500ETF购12月5750,0.5547,0.0,0.0,0.0,30,0.5532,0.5559,1,0.5381,0.5453,0.5547,0.5453,3.0,16537.0,526
2023-05-11 09:33:47,OP10005367,500ETF购12月5750,0.5547,0.0,0.0,0.0,30,0.5532,0.5559,1,0.5381,0.5453,0.5547,0.5453,3.0,16537.0,526
2023-05-11 09:33:48,OP10005367,500ETF购12月5750,0.5547,0.0,0.0,0.0,20,0.5532,0.5559,1,0.5381,0.5453,0.5547,0.5453,3.0,16537.0,526
2023-05-11 09:33:48,OP10005367,500ETF购12月5750,0.5547,0.0,0.0,0.0,20,0.5532,0.5559,1,0.5381,0.5453,0.5547,0.5453,3.0,16537.0,526
2023-05-11 09:33:49,OP10005367,500ETF购12月5750,0.5547,0.0,0.0,0.0,30,0.5524,0.5559,1,0.5381,0.5453,0.5547,0.5453,3.0,16537.0,526
2023-05-11 09:33:49,OP10005367,500ETF购12月5750,0.5547,0.0,0.0,0.0,20,0.5524,0.5559,1,0.5381,0.5453,0.5547,0.5453,3.0,16537.0,526
2023-05-11 09:33:51,OP10005367,500ETF购12月5750,0.5547,0.0,0.0,0.0,20,0.5524,0.5559,1,0.5381,0.5453,0.5547,0.5453,3.0,16537.0,526
2023-05-11 09:33:57,OP10005367,500ETF购12月5750,0.5547,0.0,0.0,0.0,20,0.5524,0.5559,1,0.5381,0.5453,0.5547,0.5453,3.0,16537.0,526
2023-05-11 09:33:57,OP10005367,500ETF购12月5750,0.5547,0.0,0.0,0.0,20,0.5524,0.5559,1,0.5381,0.5453,0.5547,0.5453,3.0,16537.0,526
2023-05-11 09:33:59,OP10005367,500ETF购12月5750,0.5547,0.0,0.0,0.0,20,0.5524,0.5559,1,0.5381,0.5453,0.5547,0.5453,3.0,16537.0,526
2023-05-11 09:34:02,OP10005367,500ETF购12月5750,0.5547,0.0,0.0,0.0,20,0.5524,0.5559,1,0.5381,0.5453,0.5547,0.5453,3.0,16537.0,526
2023-05-11 09:34:03,OP10005367,500ETF购12月5750,0.5547,0.0,0.0,0.0,20,0.5524,0.5559,1,0.5381,0.5453,0.5547,0.5453,3.0,16537.0,526
2023-05-11 09:34:05,OP10005367,500ETF购12月5750,0.5547,0.0,0.0,0.0,30,0.5524,0.5559,1,0.5381,0.5453,0.5547,0.5453,3.0,16537.0,526
2023-05-11 09:34:05,OP10005367,500ETF购12月5750,0.5547,0.0,0.0,0.0,30,0.5524,0.5559,1,0.5381,0.5453,0.5547,0.5453,3.0,16537.0,526
2023-05-11 09:34:06,OP10005367,500ETF购12月5750,0.5547,0.0,0.0,0.0,30,0.5524,0.5559,1,0.5381,0.5453,0.5547,0.5453,3.0,16537.0,526
2023-05-11 09:34:07,OP10005367,500ETF购12月5750,0.5547,0.0,0.0,0.0,30,0.5524,0.5559,1,0.5381,0.5453,0.5547,0.5453,3.0,16537.0,526
2023-05-11 09:34:10,OP10005367,500ETF购12月5750,0.5547,0.0,0.0,0.0,30,0.5524,0.5559,1,0.5381,0.5453,0.5547,0.5453,3.0,16537.0,526
2023-05-11 09:34:11,OP10005367,500ETF购12月5750,0.5547,0.0,0.0,0.0,30,0.5524,0.5559,1,0.5381,0.5453,0.5547,0.5453,3.0,16537.0,526
2023-05-11 09:34:14,OP10005367,500ETF购12月5750,0.5547,0.0,0.0,0.0,30,0.5524,0.5559,1,0.5381,0.5453,0.5547,0.5453,3.0,16537.0,526
2023-05-11 09:34:16,OP10005367,500ETF购12月5750,0.5547,0.0,0.0,0.0,30,0.5524,0.5559,1,0.5381,0.5453,0.5547,0.5453,3.0,16537.0,526
2023-05-11 09:34:17,OP10005367,500ETF购12月5750,0.5547,0.0,0.0,0.0,30,0.5524,0.5559,1,0.5381,0.5453,0.5547,0.5453,3.0,16537.0,526
2023-05-11 09:34:18,OP10005367,500ETF购12月5750,0.5547,0.0,0.0,0.0,20,0.5524,0.5559,1,0.5381,0.5453,0.5547,0.5453,3.0,16537.0,526
2023-05-11 09:34:18,OP10005367,500ETF购12月5750,0.5547,0.0,0.0,0.0,20,0.5524,0.5559,1,0.5381,0.5453,0.5547,0.5453,3.0,16537.0,526
2023-05-11 09:34:20,OP10005367,500ETF购12月5750,0.5547,0.0,0.0,0.0,10,0.5525,0.5559,1,0.5381,0.5453,0.5547,0.5453,3.0,16537.0,526
2023-05-11 09:34:21,OP10005367,500ETF购12月5750,0.5547,0.0,0.0,0.0,10,0.5525,0.5559,1,0.5381,0.5453,0.5547,0.5453,3.0,16537.0,526
2023-05-11 09:34:22,OP10005367,500ETF购12月5750,0.5547,0.0,0.0,0.0,10,0.5525,0.5559,1,0.5381,0.5453,0.5547,0.5453,3.0,16537.0,526
2023-05-11 09:34:24,OP10005367,500ETF购12月5750,0.5547,0.0,0.0,0.0,10,0.5525,0.5559,1,0.5381,0.5453,0.5547,0.5453,3.0,16537.0,526
2023-05-11 09:34:25,OP10005367,500ETF购12月5750,0.5547,0.0,0.0,0.0,20,0.5525,0.5559,1,0.5381,0.5453,0.5547,0.5453,3.0,16537.0,526
2023-05-11 09:34:25,OP10005367,500ETF购12月5750,0.5547,0.0,0.0,0.0,20,0.5525,0.5559,1,0.5381,0.5453,0.5547,0.5453,3.0,16537.0,526
2023-05-11 09:34:26,OP10005367,500ETF购12月5750,0.5547,0.0,0.0,0.0,20,0.5525,0.5559,1,0.5381,0.5453,0.5547,0.5453,3.0,16537.0,526
2023-05-11 09:34:28,OP10005367,500ETF购12月5750,0.5547,0.0,0.0,0.0,10,0.5525,0.5559,1,0.5381,0.5453,0.5547,0.5453,3.0,16537.0,526
2023-05-11 09:34:32,OP10005367,500ETF购12月5750,0.5547,0.0,0.0,0.0,10,0.5525,0.5559,1,0.5381,0.5453,0.5547,0.5453,3.0,16537.0,526
2023-05-11 09:34:33,OP10005367,500ETF购12月5750,0.5547,0.0,0.0,0.0,20,0.5524,0.5559,1,0.5381,0.5453,0.5547,0.5453,3.0,16537.0,526
2023-05-11 09:34:36,OP10005367,500ETF购12月5750,0.5547,0.0,0.0,0.0,20,0.5524,0.5559,1,0.5381,0.5453,0.5547,0.5453,3.0,16537.0,526
2023-05-11 09:34:36,OP10005367,500ETF购12月5750,0.5547,0.0,0.0,0.0,20,0.5524,0.5559,1,0.5381,0.5453,0.5547,0.5453,3.0,16537.0,526
2023-05-11 09:34:37,OP10005367,500ETF购12月5750,0.5547,0.0,0.0,0.0,20,0.5524,0.5559,1,0.5381,0.5453,0.5547,0.5453,3.0,16537.0,526
2023-05-11 09:34:38,OP10005367,500ETF购12月5750,0.5547,0.0,0.0,0.0,20,0.5524,0.5559,1,0.5381,0.5453,0.5547,0.5453,3.0,16537.0,526
2023-05-11 09:34:40,OP10005367,500ETF购12月5750,0.5547,0.0,0.0,0.0,30,0.5524,0.5559,1,0.5381,0.5453,0.5547,0.5453,3.0,16537.0,526
2023-05-11 09:34:41,OP10005367,500ETF购12月5750,0.5547,0.0,0.0,0.0,40,0.5524,0.5559,1,0.5381,0.5453,0.5547,0.5453,3.0,16537.0,526
2023-05-11 09:34:43,OP10005367,500ETF购12月5750,0.5547,0.0,0.0,0.0,30,0.5524,0.5559,1,0.5381,0.5453,0.5547,0.5453,3.0,16537.0,526
2023-05-11 09:34:43,OP10005367,500ETF购12月5750,0.5547,0.0,0.0,0.0,30,0.5524,0.5559,1,0.5381,0.5453,0.5547,0.5453,3.0,16537.0,526
2023-05-11 09:34:46,OP10005367,500ETF购12月5750,0.5547,0.0,0.0,0.0,20,0.5524,0.5559,1,0.5381,0.5453,0.5547,0.5453,3.0,16537.0,526
2023-05-11 09:34:47,OP10005367,500ETF购12月5750,0.5547,0.0,0.0,0.0,20,0.5524,0.5553,2,0.5381,0.5453,0.5547,0.5453,3.0,16537.0,526
2023-05-11 09:34:47,OP10005367,500ETF购12月5750,0.5547,0.0,0.0,0.0,20,0.5524,0.5553,2,0.5381,0.5453,0.5547,0.5453,3.0,16537.0,526
2023-05-11 09:34:48,OP10005367,500ETF购12月5750,0.5547,0.0,0.0,0.0,20,0.5524,0.5553,2,0.5381,0.5453,0.5547,0.5453,3.0,16537.0,526
2023-05-11 09:34:50,OP10005367,500ETF购12月5750,0.5547,0.0,0.0,0.0,20,0.5524,0.5553,2,0.5381,0.5453,0.5547,0.5453,3.0,16537.0,526
2023-05-11 09:34:52,OP10005367,500ETF购12月5750,0.5547,0.0,0.0,0.0,20,0.5524,0.5549,2,0.5381,0.5453,0.5547,0.5453,3.0,16537.0,526
2023-05-11 09:34:52,OP10005367,500ETF购12月5750,0.5547,0.0,0.0,0.0,20,0.5524,0.5549,2,0.5381,0.5453,0.5547,0.5453,3.0,16537.0,526
2023-05-11 09:34:53,OP10005367,500ETF购12月5750,0.5547,0.0,0.0,0.0,20,0.5524,0.5549,2,0.5381,0.5453,0.5547,0.5453,3.0,16537.0,526
2023-05-11 09:35:00,OP10005367,500ETF购12月5750,0.5547,0.0,0.0,0.0,20,0.5524,0.5549,2,0.5381,0.5453,0.5547,0.5453,3.0,16537.0,526
2023-05-11 09:35:00,OP10005367,500ETF购12月5750,0.5547,0.0,0.0,0.0,10,0.5516,0.5549,2,0.5381,0.5453,0.5547,0.5453,3.0,16537.0,526
2023-05-11 09:35:01,OP10005367,500ETF购12月5750,0.5547,0.0,0.0,0.0,30,0.5515,0.5549,2,0.5381,0.5453,0.5547,0.5453,3.0,16537.0,526
2023-05-11 09:35:01,OP10005367,500ETF购12月5750,0.5547,0.0,0.0,0.0,10,0.5512,0.5549,2,0.5381,0.5453,0.5547,0.5453,3.0,16537.0,526
2023-05-11 09:35:02,OP10005367,500ETF购12月5750,0.5547,0.0,0.0,0.0,10,0.5512,0.5549,22,0.5381,0.5453,0.5547,0.5453,3.0,16537.0,526
2023-05-11 09:35:03,OP10005367,500ETF购12月5750,0.5547,0.0,0.0,0.0,10,0.5507,0.5549,22,0.5381,0.5453,0.5547,0.5453,3.0,16537.0,526
2023-05-11 09:35:03,OP10005367,500ETF购12月5750,0.5547,0.0,0.0,0.0,30,0.5501,0.5549,22,0.5381,0.5453,0.5547,0.5453,3.0,16537.0,526
2023-05-11 09:35:04,OP10005367,500ETF购12月5750,0.5547,0.0,0.0,0.0,20,0.5501,0.5549,22,0.5381,0.5453,0.5547,0.5453,3.0,16537.0,526
2023-05-11 09:35:05,OP10005367,500ETF购12月5750,0.5547,0.0,0.0,0.0,20,0.5501,0.5549,22,0.5381,0.5453,0.5547,0.5453,3.0,16537.0,526
2023-05-11 09:35:05,OP10005367,500ETF购12月5750,0.5547,0.0,0.0,0.0,10,0.5497,0.5549,22,0.5381,0.5453,0.5547,0.5453,3.0,16537.0,526
2023-05-11 09:35:06,OP10005367,500ETF购12月5750,0.5547,0.0,0.0,0.0,10,0.5494,0.5549,22,0.5381,0.5453,0.5547,0.5453,3.0,16537.0,526
2023-05-11 09:35:06,OP10005367,500ETF购12月5750,0.5547,0.0,0.0,0.0,20,0.5493,0.5549,22,0.5381,0.5453,0.5547,0.5453,3.0,16537.0,526
2023-05-11 09:35:07,OP10005367,500ETF购12月5750,0.5547,0.0,0.0,0.0,20,0.5493,0.5539,10,0.5381,0.5453,0.5547,0.5453,3.0,16537.0,526
2023-05-11 09:35:07,OP10005367,500ETF购12月5750,0.5547,0.0,0.0,0.0,20,0.5493,0.5539,30,0.5381,0.5453,0.5547,0.5453,3.0,16537.0,526
2023-05-11 09:35:08,OP10005367,500ETF购12月5750,0.5547,0.0,0.0,0.0,20,0.5486,0.5549,22,0.5381,0.5453,0.5547,0.5453,3.0,16537.0,526
2023-05-11 09:35:08,OP10005367,500ETF购12月5750,0.5547,0.0,0.0,0.0,20,0.5486,0.5549,22,0.5381,0.5453,0.5547,0.5453,3.0,16537.0,526
2023-05-11 09:35:09,OP10005367,500ETF购12月5750,0.5547,0.0,0.0,0.0,10,0.5496,0.5549,22,0.5381,0.5453,0.5547,0.5453,3.0,16537.0,526
2023-05-11 09:35:09,OP10005367,500ETF购12月5750,0.5547,0.0,0.0,0.0,30,0.5496,0.5549,2,0.5381,0.5453,0.5547,0.5453,3.0,16537.0,526
2023-05-11 09:35:10,OP10005367,500ETF购12月5750,0.5547,0.0,0.0,0.0,10,0.5508,0.5549,2,0.5381,0.5453,0.5547,0.5453,3.0,16537.0,526
2023-05-11 09:35:10,OP10005367,500ETF购12月5750,0.5547,0.0,0.0,0.0,10,0.5508,0.5549,2,0.5381,0.5453,0.5547,0.5453,3.0,16537.0,526
2023-05-11 09:35:11,OP10005367,500ETF购12月5750,0.5547,0.0,0.0,0.0,10,0.5508,0.5549,2,0.5381,0.5453,0.5547,0.5453,3.0,16537.0,526
2023-05-11 09:35:13,OP10005367,500ETF购12月5750,0.5547,0.0,0.0,0.0,10,0.5508,0.5549,2,0.5381,0.5453,0.5547,0.5453,3.0,16537.0,526
2023-05-11 09:35:13,OP10005367,500ETF购12月5750,0.5547,0.0,0.0,0.0,10,0.5508,0.5549,2,0.5381,0.5453,0.5547,0.5453,3.0,16537.0,526
2023-05-11 09:35:14,OP10005367,500ETF购12月5750,0.5547,0.0,0.0,0.0,10,0.5508,0.5549,2,0.5381,0.5453,0.5547,0.5453,3.0,16537.0,526
2023-05-11 09:35:16,OP10005367,500ETF购12月5750,0.5547,0.0,0.0,0.0,10,0.5508,0.5549,2,0.5381,0.5453,0.5547,0.5453,3.0,16537.0,526
2023-05-11 09:35:17,OP10005367,500ETF购12月5750,0.5547,0.0,0.0,0.0,10,0.5508,0.5549,2,0.5381,0.5453,0.5547,0.5453,3.0,16537.0,526
2023-05-11 09:35:18,OP10005367,500ETF购12月5750,0.5547,0.0,0.0,0.0,10,0.5508,0.5549,2,0.5381,0.5453,0.5547,0.5453,3.0,16537.0,526
2023-05-11 09:35:20,OP10005367,500ETF购12月5750,0.5547,0.0,0.0,0.0,10,0.5506,0.5549,2,0.5381,0.5453,0.5547,0.5453,3.0,16537.0,526
2023-05-11 09:35:20,OP10005367,500ETF购12月5750,0.5547,0.0,0.0,0.0,10,0.5493,0.5549,2,0.5381,0.5453,0.5547,0.5453,3.0,16537.0,526
2023-05-11 09:35:21,OP10005367,500ETF购12月5750,0.5547,0.0,0.0,0.0,10,0.5493,0.5549,2,0.5381,0.5453,0.5547,0.5453,3.0,16537.0,526
2023-05-11 09:35:23,OP10005367,500ETF购12月5750,0.5547,0.0,0.0,0.0,10,0.5493,0.5549,2,0.5381,0.5453,0.5547,0.5453,3.0,16537.0,526
2023-05-11 09:35:24,OP10005367,500ETF购12月5750,0.5547,0.0,0.0,0.0,10,0.5493,0.5549,2,0.5381,0.5453,0.5547,0.5453,3.0,16537.0,526
2023-05-11 09:35:25,OP10005367,500ETF购12月5750,0.5547,0.0,0.0,0.0,10,0.5493,0.5549,2,0.5381,0.5453,0.5547,0.5453,3.0,16537.0,526
2023-05-11 09:35:26,OP10005367,500ETF购12月5750,0.5547,0.0,0.0,0.0,10,0.5493,0.5549,2,0.5381,0.5453,0.5547,0.5453,3.0,16537.0,526
2023-05-11 09:35:26,OP10005367,500ETF购12月5750,0.5547,0.0,0.0,0.0,10,0.5493,0.5549,2,0.5381,0.5453,0.5547,0.5453,3.0,16537.0,526
2023-05-11 09:35:27,OP10005367,500ETF购12月5750,0.5547,0.0,0.0,0.0,10,0.5493,0.5549,2,0.5381,0.5453,0.5547,0.5453,3.0,16537.0,526
2023-05-11 09:35:29,OP10005367,500ETF购12月5750,0.5547,0.0,0.0,0.0,10,0.5493,0.5538,2,0.5381,0.5453,0.5547,0.5453,3.0,16537.0,526
2023-05-11 09:35:30,OP10005367,500ETF购12月5750,0.5547,0.0,0.0,0.0,30,0.5493,0.5538,22,0.5381,0.5453,0.5547,0.5453,3.0,16537.0,526
2023-05-11 09:35:30,OP10005367,500ETF购12月5750,0.5547,0.0,0.0,0.0,30,0.5493,0.5538,22,0.5381,0.5453,0.5547,0.5453,3.0,16537.0,526
2023-05-11 09:35:33,OP10005367,500ETF购12月5750,0.5547,0.0,0.0,0.0,30,0.5493,0.5538,22,0.5381,0.5453,0.5547,0.5453,3.0,16537.0,526
2023-05-11 09:35:35,OP10005367,500ETF购12月5750,0.5547,0.0,0.0,0.0,20,0.5493,0.5538,22,0.5381,0.5453,0.5547,0.5453,3.0,16537.0,526
2023-05-11 09:35:36,OP10005367,500ETF购12月5750,0.5547,0.0,0.0,0.0,20,0.5493,0.5538,22,0.5381,0.5453,0.5547,0.5453,3.0,16537.0,526
2023-05-11 09:35:37,OP10005367,500ETF购12月5750,0.5547,0.0,0.0,0.0,20,0.5493,0.5538,22,0.5381,0.5453,0.5547,0.5453,3.0,16537.0,526
2023-05-11 09:35:37,OP10005367,500ETF购12月5750,0.5547,0.0,0.0,0.0,10,0.5487,0.5538,22,0.5381,0.5453,0.5547,0.5453,3.0,16537.0,526
2023-05-11 09:35:38,OP10005367,500ETF购12月5750,0.5547,0.0,0.0,0.0,20,0.5481,0.5536,10,0.5381,0.5453,0.5547,0.5453,3.0,16537.0,526
2023-05-11 09:35:38,OP10005367,500ETF购12月5750,0.5547,0.0,0.0,0.0,20,0.5481,0.5536,10,0.5381,0.5453,0.5547,0.5453,3.0,16537.0,526
2023-05-11 09:35:39,OP10005367,500ETF购12月5750,0.5547,0.0,0.0,0.0,10,0.5478,0.5536,10,0.5381,0.5453,0.5547,0.5453,3.0,16537.0,526
2023-05-11 09:35:39,OP10005367,500ETF购12月5750,0.5547,0.0,0.0,0.0,30,0.5472,0.5536,10,0.5381,0.5453,0.5547,0.5453,3.0,16537.0,526
2023-05-11 09:35:40,OP10005367,500ETF购12月5750,0.5547,0.0,0.0,0.0,30,0.5472,0.5536,10,0.5381,0.5453,0.5547,0.5453,3.0,16537.0,526
2023-05-11 09:35:41,OP10005367,500ETF购12月5750,0.5547,0.0,0.0,0.0,20,0.5472,0.5536,10,0.5381,0.5453,0.5547,0.5453,3.0,16537.0,526
2023-05-11 09:35:42,OP10005367,500ETF购12月5750,0.5547,0.0,0.0,0.0,20,0.5472,0.5536,10,0.5381,0.5453,0.5547,0.5453,3.0,16537.0,526
2023-05-11 09:35:46,OP10005367,500ETF购12月5750,0.5547,0.0,0.0,0.0,10,0.5476,0.5536,10,0.5381,0.5453,0.5547,0.5453,3.0,16537.0,526
2023-05-11 09:35:47,OP10005367,500ETF购12月5750,0.5547,0.0,0.0,0.0,10,0.5484,0.5536,10,0.5381,0.5453,0.5547,0.5453,3.0,16537.0,526
2023-05-11 09:35:47,OP10005367,500ETF购12月5750,0.5547,0.0,0.0,0.0,10,0.5484,0.5538,32,0.5381,0.5453,0.5547,0.5453,3.0,16537.0,526
2023-05-11 09:35:48,OP10005367,500ETF购12月5750,0.5547,0.0,0.0,0.0,30,0.5484,0.5538,22,0.5381,0.5453,0.5547,0.5453,3.0,16537.0,526
2023-05-11 09:35:48,OP10005367,500ETF购12月5750,0.5547,0.0,0.0,0.0,40,0.5484,0.5538,22,0.5381,0.5453,0.5547,0.5453,3.0,16537.0,526
2023-05-11 09:35:49,OP10005367,500ETF购12月5750,0.5547,0.0,0.0,0.0,40,0.5484,0.5538,22,0.5381,0.5453,0.5547,0.5453,3.0,16537.0,526
2023-05-11 09:35:50,OP10005367,500ETF购12月5750,0.5547,0.0,0.0,0.0,40,0.5484,0.5538,22,0.5381,0.5453,0.5547,0.5453,3.0,16537.0,526
2023-05-11 09:35:50,OP10005367,500ETF购12月5750,0.5547,0.0,0.0,0.0,10,0.5496,0.5538,22,0.5381,0.5453,0.5547,0.5453,3.0,16537.0,526
2023-05-11 09:35:51,OP10005367,500ETF购12月5750,0.5547,0.0,0.0,0.0,30,0.5496,0.5538,2,0.5381,0.5453,0.5547,0.5453,3.0,16537.0,526
2023-05-11 09:35:51,OP10005367,500ETF购12月5750,0.5547,0.0,0.0,0.0,30,0.5496,0.5538,2,0.5381,0.5453,0.5547,0.5453,3.0,16537.0,526
2023-05-11 09:35:52,OP10005367,500ETF购12月5750,0.5547,0.0,0.0,0.0,30,0.5496,0.553,2,0.5381,0.5453,0.5547,0.5453,3.0,16537.0,526
2023-05-11 09:35:53,OP10005367,500ETF购12月5750,0.5547,0.0,0.0,0.0,30,0.5496,0.553,2,0.5381,0.5453,0.5547,0.5453,3.0,16537.0,526
2023-05-11 09:35:53,OP10005367,500ETF购12月5750,0.5547,0.0,0.0,0.0,30,0.5496,0.553,2,0.5381,0.5453,0.5547,0.5453,3.0,16537.0,526
2023-05-11 09:35:54,OP10005367,500ETF购12月5750,0.5547,0.0,0.0,0.0,10,0.5496,0.553,2,0.5381,0.5453,0.5547,0.5453,3.0,16537.0,526
2023-05-11 09:35:54,OP10005367,500ETF购12月5750,0.5547,0.0,0.0,0.0,10,0.5499,0.553,2,0.5381,0.5453,0.5547,0.5453,3.0,16537.0,526
2023-05-11 09:35:55,OP10005367,500ETF购12月5750,0.5547,0.0,0.0,0.0,10,0.5499,0.553,2,0.5381,0.5453,0.5547,0.5453,3.0,16537.0,526
2023-05-11 09:35:56,OP10005367,500ETF购12月5750,0.5547,0.0,0.0,0.0,10,0.5499,0.553,2,0.5381,0.5453,0.5547,0.5453,3.0,16537.0,526
2023-05-11 09:35:56,OP10005367,500ETF购12月5750,0.5547,0.0,0.0,0.0,10,0.5491,0.553,2,0.5381,0.5453,0.5547,0.5453,3.0,16537.0,526
2023-05-11 09:35:57,OP10005367,500ETF购12月5750,0.5547,0.0,0.0,0.0,10,0.5491,0.553,2,0.5381,0.5453,0.5547,0.5453,3.0,16537.0,526
2023-05-11 09:35:58,OP10005367,500ETF购12月5750,0.5547,0.0,0.0,0.0,10,0.5491,0.553,22,0.5381,0.5453,0.5547,0.5453,3.0,16537.0,526
2023-05-11 09:35:58,OP10005367,500ETF购12月5750,0.5547,0.0,0.0,0.0,10,0.5491,0.553,22,0.5381,0.5453,0.5547,0.5453,3.0,16537.0,526
2023-05-11 09:36:00,OP10005367,500ETF购12月5750,0.5547,0.0,0.0,0.0,10,0.5491,0.553,22,0.5381,0.5453,0.5547,0.5453,3.0,16537.0,526
2023-05-11 09:36:01,OP10005367,500ETF购12月5750,0.5547,0.0,0.0,0.0,10,0.5491,0.553,22,0.5381,0.5453,0.5547,0.5453,3.0,16537.0,526
2023-05-11 09:36:03,OP10005367,500ETF购12月5750,0.5547,0.0,0.0,0.0,30,0.5491,0.553,22,0.5381,0.5453,0.5547,0.5453,3.0,16537.0,526
2023-05-11 09:36:03,OP10005367,500ETF购12月5750,0.5547,0.0,0.0,0.0,10,0.5491,0.553,22,0.5381,0.5453,0.5547,0.5453,3.0,16537.0,526
2023-05-11 09:36:04,OP10005367,500ETF购12月5750,0.5547,0.0,0.0,0.0,30,0.5491,0.553,22,0.5381,0.5453,0.5547,0.5453,3.0,16537.0,526
2023-05-11 09:36:05,OP10005367,500ETF购12月5750,0.5547,0.0,0.0,0.0,10,0.5498,0.553,22,0.5381,0.5453,0.5547,0.5453,3.0,16537.0,526
2023-05-11 09:36:05,OP10005367,500ETF购12月5750,0.5547,0.0,0.0,0.0,30,0.5498,0.553,2,0.5381,0.5453,0.5547,0.5453,3.0,16537.0,526
2023-05-11 09:36:06,OP10005367,500ETF购12月5750,0.5547,0.0,0.0,0.0,30,0.5498,0.553,2,0.5381,0.5453,0.5547,0.5453,3.0,16537.0,526
2023-05-11 09:36:07,OP10005367,500ETF购12月5750,0.5547,0.0,0.0,0.0,30,0.5498,0.553,22,0.5381,0.5453,0.5547,0.5453,3.0,16537.0,526
2023-05-11 09:36:09,OP10005367,500ETF购12月5750,0.5547,0.0,0.0,0.0,20,0.5491,0.553,32,0.5381,0.5453,0.5547,0.5453,3.0,16537.0,526
2023-05-11 09:36:09,OP10005367,500ETF购12月5750,0.5547,0.0,0.0,0.0,20,0.5491,0.553,32,0.5381,0.5453,0.5547,0.5453,3.0,16537.0,526
2023-05-11 09:36:11,OP10005367,500ETF购12月5750,0.5547,0.0,0.0,0.0,20,0.5491,0.553,32,0.5381,0.5453,0.5547,0.5453,3.0,16537.0,526
2023-05-11 09:36:12,OP10005367,500ETF购12月5750,0.5547,0.0,0.0,0.0,20,0.5491,0.553,32,0.5381,0.5453,0.5547,0.5453,3.0,16537.0,526
2023-05-11 09:36:15,OP10005367,500ETF购12月5750,0.5547,0.0,0.0,0.0,10,0.5489,0.553,32,0.5381,0.5453,0.5547,0.5453,3.0,16537.0,526
2023-05-11 09:36:16,OP10005367,500ETF购12月5750,0.5547,0.0,0.0,0.0,10,0.5489,0.553,32,0.5381,0.5453,0.5547,0.5453,3.0,16537.0,526
2023-05-11 09:36:18,OP10005367,500ETF购12月5750,0.5547,0.0,0.0,0.0,10,0.5489,0.553,32,0.5381,0.5453,0.5547,0.5453,3.0,16537.0,526
2023-05-11 09:36:22,OP10005367,500ETF购12月5750,0.5547,0.0,0.0,0.0,10,0.5489,0.553,32,0.5381,0.5453,0.5547,0.5453,3.0,16537.0,526
2023-05-11 09:36:23,OP10005367,500ETF购12月5750,0.5547,0.0,0.0,0.0,10,0.5489,0.553,32,0.5381,0.5453,0.5547,0.5453,3.0,16537.0,526
2023-05-11 09:36:26,OP10005367,500ETF购12月5750,0.5547,0.0,0.0,0.0,20,0.5484,0.5523,10,0.5381,0.5453,0.5547,0.5453,3.0,16537.0,526
2023-05-11 09:36:27,OP10005367,500ETF购12月5750,0.5547,0.0,0.0,0.0,20,0.5484,0.5523,30,0.5381,0.5453,0.5547,0.5453,3.0,16537.0,526
2023-05-11 09:36:28,OP10005367,500ETF购12月5750,0.5547,0.0,0.0,0.0,20,0.5484,0.5523,30,0.5381,0.5453,0.5547,0.5453,3.0,16537.0,526
2023-05-11 09:36:29,OP10005367,500ETF购12月5750,0.5547,0.0,0.0,0.0,10,0.5482,0.5523,30,0.5381,0.5453,0.5547,0.5453,3.0,16537.0,526
2023-05-11 09:36:29,OP10005367,500ETF购12月5750,0.5547,0.0,0.0,0.0,10,0.5482,0.5523,30,0.5381,0.5453,0.5547,0.5453,3.0,16537.0,526
2023-05-11 09:36:30,OP10005367,500ETF购12月5750,0.5547,0.0,0.0,0.0,30,0.5477,0.5514,10,0.5381,0.5453,0.5547,0.5453,3.0,16537.0,526
2023-05-11 09:36:30,OP10005367,500ETF购12月5750,0.5547,0.0,0.0,0.0,20,0.5477,0.5514,30,0.5381,0.5453,0.5547,0.5453,3.0,16537.0,526
2023-05-11 09:36:31,OP10005367,500ETF购12月5750,0.5547,0.0,0.0,0.0,10,0.5473,0.5514,30,0.5381,0.5453,0.5547,0.5453,3.0,16537.0,526
2023-05-11 09:36:31,OP10005367,500ETF购12月5750,0.5547,0.0,0.0,0.0,10,0.5473,0.5514,30,0.5381,0.5453,0.5547,0.5453,3.0,16537.0,526
2023-05-11 09:36:32,OP10005367,500ETF购12月5750,0.5547,0.0,0.0,0.0,10,0.5473,0.5514,30,0.5381,0.5453,0.5547,0.5453,3.0,16537.0,526
2023-05-11 09:36:35,OP10005367,500ETF购12月5750,0.5547,0.0,0.0,0.0,10,0.5473,0.5514,30,0.5381,0.5453,0.5547,0.5453,3.0,16537.0,526
2023-05-11 09:36:36,OP10005367,500ETF购12月5750,0.5547,0.0,0.0,0.0,10,0.5473,0.5514,30,0.5381,0.5453,0.5547,0.5453,3.0,16537.0,526
2023-05-11 09:36:38,OP10005367,500ETF购12月5750,0.5547,0.0,0.0,0.0,10,0.5473,0.5514,30,0.5381,0.5453,0.5547,0.5453,3.0,16537.0,526
2023-05-11 09:36:39,OP10005367,500ETF购12月5750,0.5547,0.0,0.0,0.0,10,0.5473,0.5514,30,0.5381,0.5453,0.5547,0.5453,3.0,16537.0,526
2023-05-11 09:36:40,OP10005367,500ETF购12月5750,0.5547,0.0,0.0,0.0,10,0.5473,0.5514,30,0.5381,0.5453,0.5547,0.5453,3.0,16537.0,526
2023-05-11 09:36:41,OP10005367,500ETF购12月5750,0.5547,0.0,0.0,0.0,10,0.5473,0.5514,30,0.5381,0.5453,0.5547,0.5453,3.0,16537.0,526
2023-05-11 09:36:41,OP10005367,500ETF购12月5750,0.5547,0.0,0.0,0.0,10,0.5473,0.5514,30,0.5381,0.5453,0.5547,0.5453,3.0,16537.0,526
2023-05-11 09:36:42,OP10005367,500ETF购12月5750,0.5547,0.0,0.0,0.0,10,0.5473,0.5514,30,0.5381,0.5453,0.5547,0.5453,3.0,16537.0,526
2023-05-11 09:36:43,OP10005367,500ETF购12月5750,0.5547,0.0,0.0,0.0,10,0.5469,0.5505,10,0.5381,0.5453,0.5547,0.5453,3.0,16537.0,526
2023-05-11 09:36:43,OP10005367,500ETF购12月5750,0.5547,0.0,0.0,0.0,10,0.5464,0.5505,30,0.5381,0.5453,0.5547,0.5453,3.0,16537.0,526
2023-05-11 09:36:44,OP10005367,500ETF购12月5750,0.5547,0.0,0.0,0.0,10,0.5464,0.5505,30,0.5381,0.5453,0.5547,0.5453,3.0,16537.0,526
2023-05-11 09:36:44,OP10005367,500ETF购12月5750,0.5547,0.0,0.0,0.0,10,0.5464,0.5505,30,0.5381,0.5453,0.5547,0.5453,3.0,16537.0,526
2023-05-11 09:36:45,OP10005367,500ETF购12月5750,0.5547,0.0,0.0,0.0,10,0.5464,0.5505,30,0.5381,0.5453,0.5547,0.5453,3.0,16537.0,526
2023-05-11 09:36:45,OP10005367,500ETF购12月5750,0.5547,0.0,0.0,0.0,10,0.546,0.5497,10,0.5381,0.5453,0.5547,0.5453,3.0,16537.0,526
2023-05-11 09:36:46,OP10005367,500ETF购12月5750,0.5547,0.0,0.0,0.0,10,0.5456,0.5497,30,0.5381,0.5453,0.5547,0.5453,3.0,16537.0,526
2023-05-11 09:36:46,OP10005367,500ETF购12月5750,0.5547,0.0,0.0,0.0,10,0.5456,0.5497,30,0.5381,0.5453,0.5547,0.5453,3.0,16537.0,526
2023-05-11 09:36:47,OP10005367,500ETF购12月5750,0.5547,0.0,0.0,0.0,10,0.5456,0.5497,30,0.5381,0.5453,0.5547,0.5453,3.0,16537.0,526
2023-05-11 09:36:48,OP10005367,500ETF购12月5750,0.5547,0.0,0.0,0.0,10,0.5456,0.5497,30,0.5381,0.5453,0.5547,0.5453,3.0,16537.0,526
2023-05-11 09:36:49,OP10005367,500ETF购12月5750,0.5547,0.0,0.0,0.0,10,0.5456,0.5497,30,0.5381,0.5453,0.5547,0.5453,3.0,16537.0,526
2023-05-11 09:36:51,OP10005367,500ETF购12月5750,0.5547,0.0,0.0,0.0,10,0.5456,0.5497,30,0.5381,0.5453,0.5547,0.5453,3.0,16537.0,526
2023-05-11 09:36:54,OP10005367,500ETF购12月5750,0.5547,0.0,0.0,0.0,10,0.5456,0.5497,30,0.5381,0.5453,0.5547,0.5453,3.0,16537.0,526
2023-05-11 09:36:56,OP10005367,500ETF购12月5750,0.5547,0.0,0.0,0.0,10,0.5456,0.5497,30,0.5381,0.5453,0.5547,0.5453,3.0,16537.0,526
2023-05-11 09:36:58,OP10005367,500ETF购12月5750,0.5547,0.0,0.0,0.0,10,0.5452,0.548,3,0.5381,0.5453,0.5547,0.5453,3.0,16537.0,526
2023-05-11 09:36:58,OP10005367,500ETF购12月5750,0.5547,0.0,0.0,0.0,20,0.5448,0.548,23,0.5381,0.5453,0.5547,0.5453,3.0,16537.0,526
2023-05-11 09:36:59,OP10005367,500ETF购12月5750,0.5547,0.0,0.0,0.0,20,0.5448,0.548,23,0.5381,0.5453,0.5547,0.5453,3.0,16537.0,526
2023-05-11 09:37:01,OP10005367,500ETF购12月5750,0.5547,0.0,0.0,0.0,10,0.5446,0.548,23,0.5381,0.5453,0.5547,0.5453,3.0,16537.0,526
2023-05-11 09:37:01,OP10005367,500ETF购12月5750,0.5547,0.0,0.0,0.0,20,0.544,0.5471,3,0.5381,0.5453,0.5547,0.5453,3.0,16537.0,526
2023-05-11 09:37:02,OP10005367,500ETF购12月5750,0.5547,0.0,0.0,0.0,10,0.5433,0.5471,3,0.5381,0.5453,0.5547,0.5453,3.0,16537.0,526
2023-05-11 09:37:02,OP10005367,500ETF购12月5750,0.5547,0.0,0.0,0.0,10,0.5433,0.5471,3,0.5381,0.5453,0.5547,0.5453,3.0,16537.0,526
2023-05-11 09:37:03,OP10005367,500ETF购12月5750,0.5547,0.0,0.0,0.0,10,0.5443,0.5471,3,0.5381,0.5453,0.5547,0.5453,3.0,16537.0,526
2023-05-11 09:37:03,OP10005367,500ETF购12月5750,0.5547,0.0,0.0,0.0,10,0.5443,0.5471,3,0.5381,0.5453,0.5547,0.5453,3.0,16537.0,526
2023-05-11 09:37:04,OP10005367,500ETF购12月5750,0.5547,0.0,0.0,0.0,10,0.5443,0.5471,3,0.5381,0.5453,0.5547,0.5453,3.0,16537.0,526
2023-05-11 09:37:04,OP10005367,500ETF购12月5750,0.5547,0.0,0.0,0.0,10,0.5443,0.5466,3,0.5381,0.5453,0.5547,0.5453,3.0,16537.0,526
2023-05-11 09:37:05,OP10005367,500ETF购12月5750,0.5547,0.0,0.0,0.0,10,0.5443,0.5466,3,0.5381,0.5453,0.5547,0.5453,3.0,16537.0,526
2023-05-11 09:37:06,OP10005367,500ETF购12月5750,0.5547,0.0,0.0,0.0,10,0.5443,0.5466,3,0.5381,0.5453,0.5547,0.5453,3.0,16537.0,526
2023-05-11 09:37:08,OP10005367,500ETF购12月5750,0.5547,0.0,0.0,0.0,10,0.5443,0.546,3,0.5381,0.5453,0.5547,0.5453,3.0,16537.0,526
2023-05-11 09:37:08,OP10005367,500ETF购12月5750,0.5547,0.0,0.0,0.0,10,0.5443,0.546,3,0.5381,0.5453,0.5547,0.5453,3.0,16537.0,526
2023-05-11 09:37:11,OP10005367,500ETF购12月5750,0.546,3.0,16380.0,0.0,10,0.5453,0.5466,3,0.5381,0.5453,0.5547,0.5453,6.0,32917.0,526
2023-05-11 09:37:11,OP10005367,500ETF购12月5750,0.5466,6.0,32769.0,3.0,10,0.5453,0.5471,3,0.5381,0.5453,0.5547,0.5453,12.0,65686.0,529
2023-05-11 09:37:11,OP10005367,500ETF购12月5750,0.5466,0.0,0.0,0.0,10,0.5453,0.5471,3,0.5381,0.5453,0.5547,0.5453,12.0,65686.0,529
2023-05-11 09:37:12,OP10005367,500ETF购12月5750,0.5471,3.0,16413.0,0.0,10,0.5466,0.548,3,0.5381,0.5453,0.5547,0.5453,15.0,82099.0,529
2023-05-11 09:37:12,OP10005367,500ETF购12月5750,0.5471,0.0,0.0,0.0,10,0.5466,0.548,3,0.5381,0.5453,0.5547,0.5453,15.0,82099.0,529
2023-05-11 09:37:13,OP10005367,500ETF购12月5750,0.5471,0.0,0.0,0.0,10,0.5466,0.548,3,0.5381,0.5453,0.5547,0.5453,15.0,82099.0,529
2023-05-11 09:37:13,OP10005367,500ETF购12月5750,0.5471,0.0,0.0,0.0,10,0.5458,0.548,3,0.5381,0.5453,0.5547,0.5453,15.0,82099.0,529
2023-05-11 09:37:14,OP10005367,500ETF购12月5750,0.5471,0.0,0.0,0.0,10,0.5448,0.548,3,0.5381,0.5453,0.5547,0.5453,15.0,82099.0,529
2023-05-11 09:37:14,OP10005367,500ETF购12月5750,0.5471,0.0,0.0,0.0,10,0.5448,0.548,3,0.5381,0.5453,0.5547,0.5453,15.0,82099.0,529
2023-05-11 09:37:15,OP10005367,500ETF购12月5750,0.5471,0.0,0.0,0.0,20,0.5437,0.5478,10,0.5381,0.5453,0.5547,0.5453,15.0,82099.0,529
2023-05-11 09:37:15,OP10005367,500ETF购12月5750,0.5471,0.0,0.0,0.0,10,0.5437,0.5478,10,0.5381,0.5453,0.5547,0.5453,15.0,82099.0,529
2023-05-11 09:37:16,OP10005367,500ETF购12月5750,0.5471,0.0,0.0,0.0,10,0.5437,0.5478,30,0.5381,0.5453,0.5547,0.5453,15.0,82099.0,529
2023-05-11 09:37:16,OP10005367,500ETF购12月5750,0.5471,0.0,0.0,0.0,10,0.5429,0.547,10,0.5381,0.5453,0.5547,0.5453,15.0,82099.0,529
2023-05-11 09:37:17,OP10005367,500ETF购12月5750,0.5471,0.0,0.0,0.0,10,0.5429,0.547,10,0.5381,0.5453,0.5547,0.5453,15.0,82099.0,529
2023-05-11 09:37:17,OP10005367,500ETF购12月5750,0.5471,0.0,0.0,0.0,10,0.5429,0.547,10,0.5381,0.5453,0.5547,0.5453,15.0,82099.0,529
2023-05-11 09:37:18,OP10005367,500ETF购12月5750,0.5471,0.0,0.0,0.0,10,0.5429,0.547,10,0.5381,0.5453,0.5547,0.5453,15.0,82099.0,529
2023-05-11 09:37:18,OP10005367,500ETF购12月5750,0.5471,0.0,0.0,0.0,10,0.5429,0.547,10,0.5381,0.5453,0.5547,0.5453,15.0,82099.0,529
2023-05-11 09:37:19,OP10005367,500ETF购12月5750,0.5471,0.0,0.0,0.0,10,0.5429,0.547,10,0.5381,0.5453,0.5547,0.5453,15.0,82099.0,529
2023-05-11 09:37:20,OP10005367,500ETF购12月5750,0.5471,0.0,0.0,0.0,10,0.5429,0.547,10,0.5381,0.5453,0.5547,0.5453,15.0,82099.0,529
2023-05-11 09:37:23,OP10005367,500ETF购12月5750,0.5471,0.0,0.0,0.0,10,0.5429,0.547,10,0.5381,0.5453,0.5547,0.5453,15.0,82099.0,529
2023-05-11 09:37:25,OP10005367,500ETF购12月5750,0.5471,0.0,0.0,0.0,10,0.5429,0.547,10,0.5381,0.5453,0.5547,0.5453,15.0,82099.0,529
2023-05-11 09:37:26,OP10005367,500ETF购12月5750,0.5471,0.0,0.0,0.0,10,0.5429,0.547,10,0.5381,0.5453,0.5547,0.5453,15.0,82099.0,529
2023-05-11 09:37:28,OP10005367,500ETF购12月5750,0.5471,0.0,0.0,0.0,10,0.5426,0.5459,10,0.5381,0.5453,0.5547,0.5453,15.0,82099.0,529
2023-05-11 09:37:28,OP10005367,500ETF购12月5750,0.5471,0.0,0.0,0.0,20,0.5425,0.5459,10,0.5381,0.5453,0.5547,0.5453,15.0,82099.0,529
2023-05-11 09:37:29,OP10005367,500ETF购12月5750,0.5471,0.0,0.0,0.0,30,0.5418,0.5459,10,0.5381,0.5453,0.5547,0.5453,15.0,82099.0,529
2023-05-11 09:37:29,OP10005367,500ETF购12月5750,0.5471,0.0,0.0,0.0,30,0.5418,0.5459,10,0.5381,0.5453,0.5547,0.5453,15.0,82099.0,529
2023-05-11 09:37:30,OP10005367,500ETF购12月5750,0.5471,0.0,0.0,0.0,10,0.543,0.5471,40,0.5381,0.5453,0.5547,0.5453,15.0,82099.0,529
2023-05-11 09:37:30,OP10005367,500ETF购12月5750,0.5471,0.0,0.0,0.0,10,0.543,0.5471,40,0.5381,0.5453,0.5547,0.5453,15.0,82099.0,529
2023-05-11 09:37:31,OP10005367,500ETF购12月5750,0.5471,0.0,0.0,0.0,30,0.543,0.5471,20,0.5381,0.5453,0.5547,0.5453,15.0,82099.0,529
2023-05-11 09:37:31,OP10005367,500ETF购12月5750,0.5471,0.0,0.0,0.0,30,0.543,0.5471,10,0.5381,0.5453,0.5547,0.5453,15.0,82099.0,529
2023-05-11 09:37:32,OP10005367,500ETF购12月5750,0.5471,0.0,0.0,0.0,30,0.543,0.5471,10,0.5381,0.5453,0.5547,0.5453,15.0,82099.0,529
2023-05-11 09:37:32,OP10005367,500ETF购12月5750,0.5471,0.0,0.0,0.0,30,0.543,0.5471,10,0.5381,0.5453,0.5547,0.5453,15.0,82099.0,529
2023-05-11 09:37:33,OP10005367,500ETF购12月5750,0.5471,0.0,0.0,0.0,10,0.543,0.5471,10,0.5381,0.5453,0.5547,0.5453,15.0,82099.0,529
2023-05-11 09:37:33,OP10005367,500ETF购12月5750,0.5471,0.0,0.0,0.0,10,0.543,0.5471,10,0.5381,0.5453,0.5547,0.5453,15.0,82099.0,529
2023-05-11 09:37:34,OP10005367,500ETF购12月5750,0.5471,0.0,0.0,0.0,10,0.543,0.5471,10,0.5381,0.5453,0.5547,0.5453,15.0,82099.0,529
2023-05-11 09:37:34,OP10005367,500ETF购12月5750,0.5471,0.0,0.0,0.0,10,0.543,0.5471,10,0.5381,0.5453,0.5547,0.5453,15.0,82099.0,529
2023-05-11 09:37:36,OP10005367,500ETF购12月5750,0.5471,0.0,0.0,0.0,10,0.543,0.5471,10,0.5381,0.5453,0.5547,0.5453,15.0,82099.0,529
2023-05-11 09:37:39,OP10005367,500ETF购12月5750,0.5471,0.0,0.0,0.0,10,0.543,0.5471,10,0.5381,0.5453,0.5547,0.5453,15.0,82099.0,529
2023-05-11 09:37:39,OP10005367,500ETF购12月5750,0.5471,0.0,0.0,0.0,40,0.5418,0.5459,10,0.5381,0.5453,0.5547,0.5453,15.0,82099.0,529
2023-05-11 09:37:40,OP10005367,500ETF购12月5750,0.5471,0.0,0.0,0.0,40,0.5418,0.5459,10,0.5381,0.5453,0.5547,0.5453,15.0,82099.0,529
2023-05-11 09:37:41,OP10005367,500ETF购12月5750,0.5471,0.0,0.0,0.0,40,0.5418,0.5459,10,0.5381,0.5453,0.5547,0.5453,15.0,82099.0,529
2023-05-11 09:37:41,OP10005367,500ETF购12月5750,0.5471,0.0,0.0,0.0,40,0.5418,0.5459,10,0.5381,0.5453,0.5547,0.5453,15.0,82099.0,529
2023-05-11 09:37:42,OP10005367,500ETF购12月5750,0.5471,0.0,0.0,0.0,40,0.5418,0.5459,10,0.5381,0.5453,0.5547,0.5453,15.0,82099.0,529
2023-05-11 09:37:42,OP10005367,500ETF购12月5750,0.5471,0.0,0.0,0.0,40,0.5418,0.5459,10,0.5381,0.5453,0.5547,0.5453,15.0,82099.0,529
2023-05-11 09:37:44,OP10005367,500ETF购12月5750,0.5471,0.0,0.0,0.0,20,0.5418,0.5459,10,0.5381,0.5453,0.5547,0.5453,15.0,82099.0,529
2023-05-11 09:37:44,OP10005367,500ETF购12月5750,0.5471,0.0,0.0,0.0,10,0.5418,0.5459,10,0.5381,0.5453,0.5547,0.5453,15.0,82099.0,529
2023-05-11 09:37:46,OP10005367,500ETF购12月5750,0.5471,0.0,0.0,0.0,30,0.5411,0.5451,10,0.5381,0.5453,0.5547,0.5453,15.0,82099.0,529
2023-05-11 09:37:46,OP10005367,500ETF购12月5750,0.5471,0.0,0.0,0.0,20,0.5411,0.5451,10,0.5381,0.5453,0.5547,0.5453,15.0,82099.0,529
2023-05-11 09:37:47,OP10005367,500ETF购12月5750,0.5471,0.0,0.0,0.0,20,0.5411,0.5451,10,0.5381,0.5453,0.5547,0.5453,15.0,82099.0,529
2023-05-11 09:37:48,OP10005367,500ETF购12月5750,0.5471,0.0,0.0,0.0,10,0.5418,0.5459,10,0.5381,0.5453,0.5547,0.5453,15.0,82099.0,529
2023-05-11 09:37:48,OP10005367,500ETF购12月5750,0.5471,0.0,0.0,0.0,30,0.5418,0.5459,10,0.5381,0.5453,0.5547,0.5453,15.0,82099.0,529
2023-05-11 09:37:49,OP10005367,500ETF购12月5750,0.5471,0.0,0.0,0.0,30,0.5418,0.5459,10,0.5381,0.5453,0.5547,0.5453,15.0,82099.0,529
2023-05-11 09:37:49,OP10005367,500ETF购12月5750,0.5471,0.0,0.0,0.0,10,0.5429,0.5467,10,0.5381,0.5453,0.5547,0.5453,15.0,82099.0,529
2023-05-11 09:37:50,OP10005367,500ETF购12月5750,0.5471,0.0,0.0,0.0,10,0.5429,0.547,10,0.5381,0.5453,0.5547,0.5453,15.0,82099.0,529
2023-05-11 09:37:50,OP10005367,500ETF购12月5750,0.5471,0.0,0.0,0.0,10,0.5429,0.547,10,0.5381,0.5453,0.5547,0.5453,15.0,82099.0,529
2023-05-11 09:37:51,OP10005367,500ETF购12月5750,0.5471,0.0,0.0,0.0,10,0.5429,0.547,10,0.5381,0.5453,0.5547,0.5453,15.0,82099.0,529
2023-05-11 09:37:52,OP10005367,500ETF购12月5750,0.5471,0.0,0.0,0.0,10,0.5429,0.547,10,0.5381,0.5453,0.5547,0.5453,15.0,82099.0,529
2023-05-11 09:37:53,OP10005367,500ETF购12月5750,0.5471,0.0,0.0,0.0,10,0.5429,0.547,10,0.5381,0.5453,0.5547,0.5453,15.0,82099.0,529
2023-05-11 09:37:55,OP10005367,500ETF购12月5750,0.5471,0.0,0.0,0.0,10,0.5429,0.547,10,0.5381,0.5453,0.5547,0.5453,15.0,82099.0,529
2023-05-11 09:37:57,OP10005367,500ETF购12月5750,0.5471,0.0,0.0,0.0,10,0.5429,0.547,10,0.5381,0.5453,0.5547,0.5453,15.0,82099.0,529
2023-05-11 09:37:59,OP10005367,500ETF购12月5750,0.5471,0.0,0.0,0.0,10,0.5429,0.547,10,0.5381,0.5453,0.5547,0.5453,15.0,82099.0,529
2023-05-11 09:38:04,OP10005367,500ETF购12月5750,0.5471,0.0,0.0,0.0,10,0.5441,0.5475,10,0.5381,0.5453,0.5547,0.5453,15.0,82099.0,529
2023-05-11 09:38:04,OP10005367,500ETF购12月5750,0.5471,0.0,0.0,0.0,10,0.5441,0.548,3,0.5381,0.5453,0.5547,0.5453,15.0,82099.0,529
2023-05-11 09:38:05,OP10005367,500ETF购12月5750,0.5471,0.0,0.0,0.0,30,0.5441,0.548,3,0.5381,0.5453,0.5547,0.5453,15.0,82099.0,529
2023-05-11 09:38:06,OP10005367,500ETF购12月5750,0.5471,0.0,0.0,0.0,30,0.5441,0.548,3,0.5381,0.5453,0.5547,0.5453,15.0,82099.0,529
2023-05-11 09:38:06,OP10005367,500ETF购12月5750,0.5471,0.0,0.0,0.0,30,0.5441,0.548,3,0.5381,0.5453,0.5547,0.5453,15.0,82099.0,529
2023-05-11 09:38:07,OP10005367,500ETF购12月5750,0.5471,0.0,0.0,0.0,30,0.5441,0.548,3,0.5381,0.5453,0.5547,0.5453,15.0,82099.0,529
2023-05-11 09:38:08,OP10005367,500ETF购12月5750,0.5471,0.0,0.0,0.0,30,0.5441,0.548,3,0.5381,0.5453,0.5547,0.5453,15.0,82099.0,529
2023-05-11 09:38:10,OP10005367,500ETF购12月5750,0.5471,0.0,0.0,0.0,30,0.5441,0.548,3,0.5381,0.5453,0.5547,0.5453,15.0,82099.0,529
2023-05-11 09:38:11,OP10005367,500ETF购12月5750,0.5471,0.0,0.0,0.0,30,0.5441,0.548,3,0.5381,0.5453,0.5547,0.5453,15.0,82099.0,529
2023-05-11 09:38:14,OP10005367,500ETF购12月5750,0.5471,0.0,0.0,0.0,30,0.5441,0.548,3,0.5381,0.5453,0.5547,0.5453,15.0,82099.0,529
2023-05-11 09:38:17,OP10005367,500ETF购12月5750,0.5471,0.0,0.0,0.0,30,0.5441,0.5482,10,0.5381,0.5453,0.5547,0.5453,15.0,82099.0,529
2023-05-11 09:38:18,OP10005367,500ETF购12月5750,0.5471,0.0,0.0,0.0,30,0.5441,0.5482,10,0.5381,0.5453,0.5547,0.5453,15.0,82099.0,529
2023-05-11 09:38:23,OP10005367,500ETF购12月5750,0.5471,0.0,0.0,0.0,30,0.5441,0.5482,10,0.5381,0.5453,0.5547,0.5453,15.0,82099.0,529
2023-05-11 09:38:24,OP10005367,500ETF购12月5750,0.5471,0.0,0.0,0.0,10,0.5453,0.5489,10,0.5381,0.5453,0.5547,0.5453,15.0,82099.0,529
2023-05-11 09:38:24,OP10005367,500ETF购12月5750,0.5471,0.0,0.0,0.0,10,0.5453,0.5494,10,0.5381,0.5453,0.5547,0.5453,15.0,82099.0,529
2023-05-11 09:38:25,OP10005367,500ETF购12月5750,0.5471,0.0,0.0,0.0,30,0.5453,0.5494,10,0.5381,0.5453,0.5547,0.5453,15.0,82099.0,529
2023-05-11 09:38:25,OP10005367,500ETF购12月5750,0.5471,0.0,0.0,0.0,30,0.5453,0.5494,10,0.5381,0.5453,0.5547,0.5453,15.0,82099.0,529
2023-05-11 09:38:26,OP10005367,500ETF购12月5750,0.5471,0.0,0.0,0.0,20,0.5453,0.548,10,0.5381,0.5453,0.5547,0.5453,15.0,82099.0,529
2023-05-11 09:38:26,OP10005367,500ETF购12月5750,0.5471,0.0,0.0,0.0,20,0.5441,0.548,10,0.5381,0.5453,0.5547,0.5453,15.0,82099.0,529
2023-05-11 09:38:27,OP10005367,500ETF购12月5750,0.5471,0.0,0.0,0.0,10,0.545,0.5491,10,0.5381,0.5453,0.5547,0.5453,15.0,82099.0,529
2023-05-11 09:38:27,OP10005367,500ETF购12月5750,0.5471,0.0,0.0,0.0,30,0.545,0.5491,10,0.5381,0.5453,0.5547,0.5453,15.0,82099.0,529
2023-05-11 09:38:28,OP10005367,500ETF购12月5750,0.5471,0.0,0.0,0.0,30,0.545,0.5491,10,0.5381,0.5453,0.5547,0.5453,15.0,82099.0,529
2023-05-11 09:38:29,OP10005367,500ETF购12月5750,0.5471,0.0,0.0,0.0,30,0.545,0.5491,10,0.5381,0.5453,0.5547,0.5453,15.0,82099.0,529
2023-05-11 09:38:35,OP10005367,500ETF购12月5750,0.5471,0.0,0.0,0.0,30,0.545,0.5491,10,0.5381,0.5453,0.5547,0.5453,15.0,82099.0,529
2023-05-11 09:38:36,OP10005367,500ETF购12月5750,0.5471,0.0,0.0,0.0,30,0.545,0.5491,10,0.5381,0.5453,0.5547,0.5453,15.0,82099.0,529
2023-05-11 09:38:38,OP10005367,500ETF购12月5750,0.5471,0.0,0.0,0.0,20,0.5441,0.5477,10,0.5381,0.5453,0.5547,0.5453,15.0,82099.0,529
2023-05-11 09:38:38,OP10005367,500ETF购12月5750,0.5471,0.0,0.0,0.0,20,0.5441,0.5477,10,0.5381,0.5453,0.5547,0.5453,15.0,82099.0,529
2023-05-11 09:38:39,OP10005367,500ETF购12月5750,0.5471,0.0,0.0,0.0,10,0.5445,0.5486,10,0.5381,0.5453,0.5547,0.5453,15.0,82099.0,529
2023-05-11 09:38:39,OP10005367,500ETF购12月5750,0.5471,0.0,0.0,0.0,10,0.5445,0.5486,10,0.5381,0.5453,0.5547,0.5453,15.0,82099.0,529
2023-05-11 09:38:40,OP10005367,500ETF购12月5750,0.5471,0.0,0.0,0.0,20,0.5441,0.5478,10,0.5381,0.5453,0.5547,0.5453,15.0,82099.0,529
2023-05-11 09:38:40,OP10005367,500ETF购12月5750,0.5471,0.0,0.0,0.0,10,0.5437,0.5478,10,0.5381,0.5453,0.5547,0.5453,15.0,82099.0,529
2023-05-11 09:38:41,OP10005367,500ETF购12月5750,0.5471,0.0,0.0,0.0,10,0.5437,0.5478,10,0.5381,0.5453,0.5547,0.5453,15.0,82099.0,529
2023-05-11 09:38:42,OP10005367,500ETF购12月5750,0.5471,0.0,0.0,0.0,10,0.5437,0.5478,10,0.5381,0.5453,0.5547,0.5453,15.0,82099.0,529
2023-05-11 09:38:45,OP10005367,500ETF购12月5750,0.5471,0.0,0.0,0.0,10,0.5437,0.5478,10,0.5381,0.5453,0.5547,0.5453,15.0,82099.0,529
2023-05-11 09:38:45,OP10005367,500ETF购12月5750,0.5471,0.0,0.0,0.0,10,0.5437,0.5478,10,0.5381,0.5453,0.5547,0.5453,15.0,82099.0,529
2023-05-11 09:38:47,OP10005367,500ETF购12月5750,0.5471,0.0,0.0,0.0,10,0.5437,0.5478,10,0.5381,0.5453,0.5547,0.5453,15.0,82099.0,529
2023-05-11 09:38:48,OP10005367,500ETF购12月5750,0.5471,0.0,0.0,0.0,10,0.5437,0.5478,10,0.5381,0.5453,0.5547,0.5453,15.0,82099.0,529
2023-05-11 09:38:49,OP10005367,500ETF购12月5750,0.5471,0.0,0.0,0.0,10,0.5437,0.5478,10,0.5381,0.5453,0.5547,0.5453,15.0,82099.0,529
2023-05-11 09:38:52,OP10005367,500ETF购12月5750,0.5471,0.0,0.0,0.0,10,0.5437,0.5478,10,0.5381,0.5453,0.5547,0.5453,15.0,82099.0,529
2023-05-11 09:38:54,OP10005367,500ETF购12月5750,0.5471,0.0,0.0,0.0,10,0.5437,0.5478,10,0.5381,0.5453,0.5547,0.5453,15.0,82099.0,529
2023-05-11 09:38:54,OP10005367,500ETF购12月5750,0.5471,0.0,0.0,0.0,20,0.5433,0.5469,10,0.5381,0.5453,0.5547,0.5453,15.0,82099.0,529
2023-05-11 09:38:55,OP10005367,500ETF购12月5750,0.5471,0.0,0.0,0.0,20,0.5433,0.5469,10,0.5381,0.5453,0.5547,0.5453,15.0,82099.0,529
2023-05-11 09:38:55,OP10005367,500ETF购12月5750,0.5471,0.0,0.0,0.0,20,0.5433,0.5469,10,0.5381,0.5453,0.5547,0.5453,15.0,82099.0,529
2023-05-11 09:38:56,OP10005367,500ETF购12月5750,0.5471,0.0,0.0,0.0,10,0.5436,0.5477,10,0.5381,0.5453,0.5547,0.5453,15.0,82099.0,529
2023-05-11 09:38:56,OP10005367,500ETF购12月5750,0.5471,0.0,0.0,0.0,10,0.5444,0.5483,40,0.5381,0.5453,0.5547,0.5453,15.0,82099.0,529
2023-05-11 09:38:57,OP10005367,500ETF购12月5750,0.5471,0.0,0.0,0.0,10,0.5444,0.5483,10,0.5381,0.5453,0.5547,0.5453,15.0,82099.0,529
2023-05-11 09:38:57,OP10005367,500ETF购12月5750,0.5471,0.0,0.0,0.0,30,0.5444,0.5483,10,0.5381,0.5453,0.5547,0.5453,15.0,82099.0,529
2023-05-11 09:38:58,OP10005367,500ETF购12月5750,0.5471,0.0,0.0,0.0,20,0.5444,0.5475,10,0.5381,0.5453,0.5547,0.5453,15.0,82099.0,529
2023-05-11 09:38:58,OP10005367,500ETF购12月5750,0.5471,0.0,0.0,0.0,10,0.5434,0.5475,10,0.5381,0.5453,0.5547,0.5453,15.0,82099.0,529
2023-05-11 09:38:59,OP10005367,500ETF购12月5750,0.5471,0.0,0.0,0.0,10,0.5444,0.5483,10,0.5381,0.5453,0.5547,0.5453,15.0,82099.0,529
2023-05-11 09:38:59,OP10005367,500ETF购12月5750,0.5471,0.0,0.0,0.0,30,0.5444,0.5485,10,0.5381,0.5453,0.5547,0.5453,15.0,82099.0,529
2023-05-11 09:39:00,OP10005367,500ETF购12月5750,0.5471,0.0,0.0,0.0,10,0.5453,0.5487,10,0.5381,0.5453,0.5547,0.5453,15.0,82099.0,529
2023-05-11 09:39:00,OP10005367,500ETF购12月5750,0.5471,0.0,0.0,0.0,30,0.5453,0.5494,10,0.5381,0.5453,0.5547,0.5453,15.0,82099.0,529
2023-05-11 09:39:01,OP10005367,500ETF购12月5750,0.5471,0.0,0.0,0.0,30,0.5453,0.5494,10,0.5381,0.5453,0.5547,0.5453,15.0,82099.0,529
2023-05-11 09:39:02,OP10005367,500ETF购12月5750,0.5471,0.0,0.0,0.0,20,0.5453,0.5485,10,0.5381,0.5453,0.5547,0.5453,15.0,82099.0,529
2023-05-11 09:39:02,OP10005367,500ETF购12月5750,0.5471,0.0,0.0,0.0,30,0.5444,0.5485,10,0.5381,0.5453,0.5547,0.5453,15.0,82099.0,529
2023-05-11 09:39:03,OP10005367,500ETF购12月5750,0.5471,0.0,0.0,0.0,30,0.5444,0.5485,10,0.5381,0.5453,0.5547,0.5453,15.0,82099.0,529
2023-05-11 09:39:03,OP10005367,500ETF购12月5750,0.5471,0.0,0.0,0.0,10,0.5452,0.5493,10,0.5381,0.5453,0.5547,0.5453,15.0,82099.0,529
2023-05-11 09:39:04,OP10005367,500ETF购12月5750,0.5471,0.0,0.0,0.0,30,0.5452,0.5493,10,0.5381,0.5453,0.5547,0.5453,15.0,82099.0,529
2023-05-11 09:39:04,OP10005367,500ETF购12月5750,0.5471,0.0,0.0,0.0,10,0.5459,0.5496,10,0.5381,0.5453,0.5547,0.5453,15.0,82099.0,529
2023-05-11 09:39:05,OP10005367,500ETF购12月5750,0.5471,0.0,0.0,0.0,20,0.5452,0.5491,10,0.5381,0.5453,0.5547,0.5453,15.0,82099.0,529
2023-05-11 09:39:05,OP10005367,500ETF购12月5750,0.5471,0.0,0.0,0.0,20,0.5452,0.5491,10,0.5381,0.5453,0.5547,0.5453,15.0,82099.0,529
2023-05-11 09:39:06,OP10005367,500ETF购12月5750,0.5471,0.0,0.0,0.0,20,0.5452,0.5491,10,0.5381,0.5453,0.5547,0.5453,15.0,82099.0,529
2023-05-11 09:39:07,OP10005367,500ETF购12月5750,0.5471,0.0,0.0,0.0,10,0.5459,0.5499,10,0.5381,0.5453,0.5547,0.5453,15.0,82099.0,529
2023-05-11 09:39:07,OP10005367,500ETF购12月5750,0.5471,0.0,0.0,0.0,30,0.5459,0.55,10,0.5381,0.5453,0.5547,0.5453,15.0,82099.0,529
2023-05-11 09:39:08,OP10005367,500ETF购12月5750,0.5471,0.0,0.0,0.0,30,0.5459,0.55,10,0.5381,0.5453,0.5547,0.5453,15.0,82099.0,529
2023-05-11 09:39:09,OP10005367,500ETF购12月5750,0.5471,0.0,0.0,0.0,30,0.5459,0.55,10,0.5381,0.5453,0.5547,0.5453,15.0,82099.0,529
2023-05-11 09:39:10,OP10005367,500ETF购12月5750,0.5471,0.0,0.0,0.0,30,0.5459,0.55,10,0.5381,0.5453,0.5547,0.5453,15.0,82099.0,529
2023-05-11 09:39:11,OP10005367,500ETF购12月5750,0.5471,0.0,0.0,0.0,10,0.5453,0.5492,10,0.5381,0.5453,0.5547,0.5453,15.0,82099.0,529
2023-05-11 09:39:11,OP10005367,500ETF购12月5750,0.5471,0.0,0.0,0.0,20,0.5452,0.5492,10,0.5381,0.5453,0.5547,0.5453,15.0,82099.0,529
2023-05-11 09:39:12,OP10005367,500ETF购12月5750,0.5471,0.0,0.0,0.0,20,0.5452,0.5492,10,0.5381,0.5453,0.5547,0.5453,15.0,82099.0,529
2023-05-11 09:39:13,OP10005367,500ETF购12月5750,0.5471,0.0,0.0,0.0,20,0.5452,0.5492,10,0.5381,0.5453,0.5547,0.5453,15.0,82099.0,529
2023-05-11 09:39:13,OP10005367,500ETF购12月5750,0.5471,0.0,0.0,0.0,20,0.5452,0.5492,10,0.5381,0.5453,0.5547,0.5453,15.0,82099.0,529
2023-05-11 09:39:14,OP10005367,500ETF购12月5750,0.5471,0.0,0.0,0.0,20,0.5452,0.5492,10,0.5381,0.5453,0.5547,0.5453,15.0,82099.0,529
2023-05-11 09:39:15,OP10005367,500ETF购12月5750,0.5471,0.0,0.0,0.0,20,0.5452,0.5492,10,0.5381,0.5453,0.5547,0.5453,15.0,82099.0,529
2023-05-11 09:39:17,OP10005367,500ETF购12月5750,0.5471,0.0,0.0,0.0,20,0.5452,0.5492,10,0.5381,0.5453,0.5547,0.5453,15.0,82099.0,529
2023-05-11 09:39:21,OP10005367,500ETF购12月5750,0.5471,0.0,0.0,0.0,20,0.5452,0.5492,10,0.5381,0.5453,0.5547,0.5453,15.0,82099.0,529
2023-05-11 09:39:24,OP10005367,500ETF购12月5750,0.5471,0.0,0.0,0.0,10,0.5463,0.5496,10,0.5381,0.5453,0.5547,0.5453,15.0,82099.0,529
2023-05-11 09:39:25,OP10005367,500ETF购12月5750,0.5471,0.0,0.0,0.0,10,0.5463,0.5496,10,0.5381,0.5453,0.5547,0.5453,15.0,82099.0,529
2023-05-11 09:39:25,OP10005367,500ETF购12月5750,0.5471,0.0,0.0,0.0,30,0.5463,0.5496,10,0.5381,0.5453,0.5547,0.5453,15.0,82099.0,529
2023-05-11 09:39:26,OP10005367,500ETF购12月5750,0.5471,0.0,0.0,0.0,10,0.5471,0.5502,10,0.5381,0.5453,0.5547,0.5453,15.0,82099.0,529
2023-05-11 09:39:26,OP10005367,500ETF购12月5750,0.5471,0.0,0.0,0.0,30,0.5471,0.5512,10,0.5381,0.5453,0.5547,0.5453,15.0,82099.0,529
2023-05-11 09:39:27,OP10005367,500ETF购12月5750,0.5471,0.0,0.0,0.0,30,0.5471,0.5512,10,0.5381,0.5453,0.5547,0.5453,15.0,82099.0,529
2023-05-11 09:39:28,OP10005367,500ETF购12月5750,0.5471,0.0,0.0,0.0,30,0.5471,0.5512,10,0.5381,0.5453,0.5547,0.5453,15.0,82099.0,529
2023-05-11 09:39:29,OP10005367,500ETF购12月5750,0.5471,0.0,0.0,0.0,30,0.5471,0.5512,10,0.5381,0.5453,0.5547,0.5453,15.0,82099.0,529
2023-05-11 09:39:32,OP10005367,500ETF购12月5750,0.5471,0.0,0.0,0.0,30,0.5471,0.5512,10,0.5381,0.5453,0.5547,0.5453,15.0,82099.0,529
2023-05-11 09:39:33,OP10005367,500ETF购12月5750,0.5471,0.0,0.0,0.0,20,0.5471,0.5504,10,0.5381,0.5453,0.5547,0.5453,15.0,82099.0,529
2023-05-11 09:39:33,OP10005367,500ETF购12月5750,0.5471,0.0,0.0,0.0,30,0.5463,0.5504,10,0.5381,0.5453,0.5547,0.5453,15.0,82099.0,529
2023-05-11 09:39:34,OP10005367,500ETF购12月5750,0.5471,0.0,0.0,0.0,30,0.5463,0.5504,10,0.5381,0.5453,0.5547,0.5453,15.0,82099.0,529
2023-05-11 09:39:35,OP10005367,500ETF购12月5750,0.5471,0.0,0.0,0.0,30,0.5463,0.5504,10,0.5381,0.5453,0.5547,0.5453,15.0,82099.0,529
2023-05-11 09:39:35,OP10005367,500ETF购12月5750,0.5471,0.0,0.0,0.0,20,0.5463,0.5496,10,0.5381,0.5453,0.5547,0.5453,15.0,82099.0,529
2023-05-11 09:39:36,OP10005367,500ETF购12月5750,0.5471,0.0,0.0,0.0,20,0.5463,0.5496,10,0.5381,0.5453,0.5547,0.5453,15.0,82099.0,529
2023-05-11 09:39:36,OP10005367,500ETF购12月5750,0.5471,0.0,0.0,0.0,30,0.5455,0.5496,10,0.5381,0.5453,0.5547,0.5453,15.0,82099.0,529
2023-05-11 09:39:37,OP10005367,500ETF购12月5750,0.5471,0.0,0.0,0.0,30,0.5455,0.5496,10,0.5381,0.5453,0.5547,0.5453,15.0,82099.0,529
2023-05-11 09:39:38,OP10005367,500ETF购12月5750,0.5471,0.0,0.0,0.0,30,0.5455,0.5496,10,0.5381,0.5453,0.5547,0.5453,15.0,82099.0,529
2023-05-11 09:39:40,OP10005367,500ETF购12月5750,0.5471,0.0,0.0,0.0,30,0.5455,0.5496,10,0.5381,0.5453,0.5547,0.5453,15.0,82099.0,529
2023-05-11 09:39:42,OP10005367,500ETF购12月5750,0.5471,0.0,0.0,0.0,10,0.5463,0.5504,10,0.5381,0.5453,0.5547,0.5453,15.0,82099.0,529
2023-05-11 09:39:42,OP10005367,500ETF购12月5750,0.5471,0.0,0.0,0.0,30,0.5463,0.5504,10,0.5381,0.5453,0.5547,0.5453,15.0,82099.0,529
2023-05-11 09:39:44,OP10005367,500ETF购12月5750,0.5471,0.0,0.0,0.0,30,0.5463,0.5504,10,0.5381,0.5453,0.5547,0.5453,15.0,82099.0,529
2023-05-11 09:39:44,OP10005367,500ETF购12月5750,0.5471,0.0,0.0,0.0,30,0.5463,0.5504,10,0.5381,0.5453,0.5547,0.5453,15.0,82099.0,529
2023-05-11 09:39:46,OP10005367,500ETF购12月5750,0.5471,0.0,0.0,0.0,30,0.5463,0.5504,10,0.5381,0.5453,0.5547,0.5453,15.0,82099.0,529
2023-05-11 09:39:50,OP10005367,500ETF购12月5750,0.5471,0.0,0.0,0.0,30,0.5463,0.5504,10,0.5381,0.5453,0.5547,0.5453,15.0,82099.0,529
2023-05-11 09:39:51,OP10005367,500ETF购12月5750,0.5471,0.0,0.0,0.0,30,0.5463,0.5504,10,0.5381,0.5453,0.5547,0.5453,15.0,82099.0,529
2023-05-11 09:39:52,OP10005367,500ETF购12月5750,0.5471,0.0,0.0,0.0,30,0.5463,0.5504,10,0.5381,0.5453,0.5547,0.5453,15.0,82099.0,529
2023-05-11 09:39:59,OP10005367,500ETF购12月5750,0.5471,0.0,0.0,0.0,30,0.5463,0.5504,10,0.5381,0.5453,0.5547,0.5453,15.0,82099.0,529
2023-05-11 09:40:00,OP10005367,500ETF购12月5750,0.5471,0.0,0.0,0.0,10,0.5475,0.5506,10,0.5381,0.5453,0.5547,0.5453,15.0,82099.0,529
2023-05-11 09:40:00,OP10005367,500ETF购12月5750,0.5471,0.0,0.0,0.0,30,0.5475,0.5516,10,0.5381,0.5453,0.5547,0.5453,15.0,82099.0,529
2023-05-11 09:40:01,OP10005367,500ETF购12月5750,0.5471,0.0,0.0,0.0,30,0.5475,0.5516,10,0.5381,0.5453,0.5547,0.5453,15.0,82099.0,529
2023-05-11 09:40:01,OP10005367,500ETF购12月5750,0.5471,0.0,0.0,0.0,30,0.5475,0.5516,10,0.5381,0.5453,0.5547,0.5453,15.0,82099.0,529
2023-05-11 09:40:02,OP10005367,500ETF购12月5750,0.5471,0.0,0.0,0.0,30,0.5475,0.5516,10,0.5381,0.5453,0.5547,0.5453,15.0,82099.0,529
2023-05-11 09:40:03,OP10005367,500ETF购12月5750,0.5471,0.0,0.0,0.0,30,0.5475,0.5516,10,0.5381,0.5453,0.5547,0.5453,15.0,82099.0,529
2023-05-11 09:40:04,OP10005367,500ETF购12月5750,0.5471,0.0,0.0,0.0,30,0.5475,0.5516,10,0.5381,0.5453,0.5547,0.5453,15.0,82099.0,529
2023-05-11 09:40:05,OP10005367,500ETF购12月5750,0.5471,0.0,0.0,0.0,30,0.5475,0.5516,10,0.5381,0.5453,0.5547,0.5453,15.0,82099.0,529
2023-05-11 09:40:05,OP10005367,500ETF购12月5750,0.5471,0.0,0.0,0.0,20,0.5475,0.5503,10,0.5381,0.5453,0.5547,0.5453,15.0,82099.0,529
2023-05-11 09:40:06,OP10005367,500ETF购12月5750,0.5471,0.0,0.0,0.0,20,0.5463,0.5503,10,0.5381,0.5453,0.5547,0.5453,15.0,82099.0,529
2023-05-11 09:40:06,OP10005367,500ETF购12月5750,0.5471,0.0,0.0,0.0,20,0.5463,0.5503,10,0.5381,0.5453,0.5547,0.5453,15.0,82099.0,529
2023-05-11 09:40:07,OP10005367,500ETF购12月5750,0.5471,0.0,0.0,0.0,10,0.5469,0.551,10,0.5381,0.5453,0.5547,0.5453,15.0,82099.0,529
2023-05-11 09:40:07,OP10005367,500ETF购12月5750,0.5471,0.0,0.0,0.0,10,0.5469,0.551,10,0.5381,0.5453,0.5547,0.5453,15.0,82099.0,529
2023-05-11 09:40:08,OP10005367,500ETF购12月5750,0.5471,0.0,0.0,0.0,10,0.5469,0.551,10,0.5381,0.5453,0.5547,0.5453,15.0,82099.0,529
2023-05-11 09:40:08,OP10005367,500ETF购12月5750,0.5471,0.0,0.0,0.0,10,0.5469,0.551,10,0.5381,0.5453,0.5547,0.5453,15.0,82099.0,529
2023-05-11 09:40:09,OP10005367,500ETF购12月5750,0.5471,0.0,0.0,0.0,10,0.5469,0.551,10,0.5381,0.5453,0.5547,0.5453,15.0,82099.0,529
2023-05-11 09:40:09,OP10005367,500ETF购12月5750,0.5471,0.0,0.0,0.0,20,0.5463,0.5503,10,0.5381,0.5453,0.5547,0.5453,15.0,82099.0,529
2023-05-11 09:40:10,OP10005367,500ETF购12月5750,0.5471,0.0,0.0,0.0,20,0.5463,0.5503,10,0.5381,0.5453,0.5547,0.5453,15.0,82099.0,529
2023-05-11 09:40:11,OP10005367,500ETF购12月5750,0.5471,0.0,0.0,0.0,20,0.5463,0.5503,10,0.5381,0.5453,0.5547,0.5453,15.0,82099.0,529
2023-05-11 09:40:11,OP10005367,500ETF购12月5750,0.5471,0.0,0.0,0.0,20,0.5463,0.5503,10,0.5381,0.5453,0.5547,0.5453,15.0,82099.0,529
2023-05-11 09:40:12,OP10005367,500ETF购12月5750,0.5471,0.0,0.0,0.0,20,0.5463,0.5503,10,0.5381,0.5453,0.5547,0.5453,15.0,82099.0,529
2023-05-11 09:40:12,OP10005367,500ETF购12月5750,0.5471,0.0,0.0,0.0,20,0.5463,0.5503,10,0.5381,0.5453,0.5547,0.5453,15.0,82099.0,529
2023-05-11 09:40:13,OP10005367,500ETF购12月5750,0.5471,0.0,0.0,0.0,20,0.5463,0.5503,10,0.5381,0.5453,0.5547,0.5453,15.0,82099.0,529
2023-05-11 09:40:14,OP10005367,500ETF购12月5750,0.5471,0.0,0.0,0.0,10,0.547,0.5509,10,0.5381,0.5453,0.5547,0.5453,15.0,82099.0,529
2023-05-11 09:40:14,OP10005367,500ETF购12月5750,0.5471,0.0,0.0,0.0,30,0.547,0.5511,10,0.5381,0.5453,0.5547,0.5453,15.0,82099.0,529
2023-05-11 09:40:15,OP10005367,500ETF购12月5750,0.5471,0.0,0.0,0.0,30,0.547,0.5511,10,0.5381,0.5453,0.5547,0.5453,15.0,82099.0,529
2023-05-11 09:40:15,OP10005367,500ETF购12月5750,0.5471,0.0,0.0,0.0,30,0.547,0.5511,10,0.5381,0.5453,0.5547,0.5453,15.0,82099.0,529
2023-05-11 09:40:16,OP10005367,500ETF购12月5750,0.5471,0.0,0.0,0.0,30,0.547,0.5511,10,0.5381,0.5453,0.5547,0.5453,15.0,82099.0,529
2023-05-11 09:40:16,OP10005367,500ETF购12月5750,0.5471,0.0,0.0,0.0,30,0.547,0.5511,10,0.5381,0.5453,0.5547,0.5453,15.0,82099.0,529
2023-05-11 09:40:17,OP10005367,500ETF购12月5750,0.5471,0.0,0.0,0.0,10,0.5478,0.5519,20,0.5381,0.5453,0.5547,0.5453,15.0,82099.0,529
2023-05-11 09:40:17,OP10005367,500ETF购12月5750,0.5471,0.0,0.0,0.0,10,0.5478,0.5519,20,0.5381,0.5453,0.5547,0.5453,15.0,82099.0,529
2023-05-11 09:40:18,OP10005367,500ETF购12月5750,0.5471,0.0,0.0,0.0,30,0.5478,0.5519,10,0.5381,0.5453,0.5547,0.5453,15.0,82099.0,529
2023-05-11 09:40:19,OP10005367,500ETF购12月5750,0.5471,0.0,0.0,0.0,30,0.5478,0.5519,10,0.5381,0.5453,0.5547,0.5453,15.0,82099.0,529
2023-05-11 09:40:20,OP10005367,500ETF购12月5750,0.5471,0.0,0.0,0.0,30,0.5478,0.5519,10,0.5381,0.5453,0.5547,0.5453,15.0,82099.0,529
2023-05-11 09:40:20,OP10005367,500ETF购12月5750,0.5471,0.0,0.0,0.0,30,0.5478,0.5519,10,0.5381,0.5453,0.5547,0.5453,15.0,82099.0,529
2023-05-11 09:40:21,OP10005367,500ETF购12月5750,0.5471,0.0,0.0,0.0,30,0.5478,0.5519,10,0.5381,0.5453,0.5547,0.5453,15.0,82099.0,529
2023-05-11 09:40:22,OP10005367,500ETF购12月5750,0.5471,0.0,0.0,0.0,30,0.5478,0.5519,10,0.5381,0.5453,0.5547,0.5453,15.0,82099.0,529
2023-05-11 09:40:23,OP10005367,500ETF购12月5750,0.5471,0.0,0.0,0.0,10,0.5486,0.5527,10,0.5381,0.5453,0.5547,0.5453,15.0,82099.0,529
2023-05-11 09:40:23,OP10005367,500ETF购12月5750,0.5471,0.0,0.0,0.0,30,0.5486,0.5527,10,0.5381,0.5453,0.5547,0.5453,15.0,82099.0,529
2023-05-11 09:40:24,OP10005367,500ETF购12月5750,0.5471,0.0,0.0,0.0,30,0.5486,0.5527,10,0.5381,0.5453,0.5547,0.5453,15.0,82099.0,529
2023-05-11 09:40:24,OP10005367,500ETF购12月5750,0.5471,0.0,0.0,0.0,30,0.5486,0.5527,10,0.5381,0.5453,0.5547,0.5453,15.0,82099.0,529
2023-05-11 09:40:25,OP10005367,500ETF购12月5750,0.5471,0.0,0.0,0.0,20,0.5486,0.552,10,0.5381,0.5453,0.5547,0.5453,15.0,82099.0,529
2023-05-11 09:40:25,OP10005367,500ETF购12月5750,0.5471,0.0,0.0,0.0,10,0.5479,0.552,10,0.5381,0.5453,0.5547,0.5453,15.0,82099.0,529
2023-05-11 09:40:26,OP10005367,500ETF购12月5750,0.5471,0.0,0.0,0.0,10,0.5479,0.552,10,0.5381,0.5453,0.5547,0.5453,15.0,82099.0,529
2023-05-11 09:40:26,OP10005367,500ETF购12月5750,0.5471,0.0,0.0,0.0,10,0.5488,0.5529,10,0.5381,0.5453,0.5547,0.5453,15.0,82099.0,529
2023-05-11 09:40:27,OP10005367,500ETF购12月5750,0.5471,0.0,0.0,0.0,30,0.5488,0.5529,10,0.5381,0.5453,0.5547,0.5453,15.0,82099.0,529
2023-05-11 09:40:27,OP10005367,500ETF购12月5750,0.5471,0.0,0.0,0.0,30,0.5488,0.5529,10,0.5381,0.5453,0.5547,0.5453,15.0,82099.0,529
2023-05-11 09:40:28,OP10005367,500ETF购12月5750,0.5471,0.0,0.0,0.0,30,0.5488,0.5529,10,0.5381,0.5453,0.5547,0.5453,15.0,82099.0,529
2023-05-11 09:40:29,OP10005367,500ETF购12月5750,0.5471,0.0,0.0,0.0,30,0.5488,0.5529,10,0.5381,0.5453,0.5547,0.5453,15.0,82099.0,529
2023-05-11 09:40:30,OP10005367,500ETF购12月5750,0.5471,0.0,0.0,0.0,30,0.5488,0.5529,10,0.5381,0.5453,0.5547,0.5453,15.0,82099.0,529
2023-05-11 09:40:30,OP10005367,500ETF购12月5750,0.5471,0.0,0.0,0.0,20,0.5488,0.5521,10,0.5381,0.5453,0.5547,0.5453,15.0,82099.0,529
2023-05-11 09:40:31,OP10005367,500ETF购12月5750,0.5471,0.0,0.0,0.0,10,0.548,0.5521,10,0.5381,0.5453,0.5547,0.5453,15.0,82099.0,529
2023-05-11 09:40:31,OP10005367,500ETF购12月5750,0.5471,0.0,0.0,0.0,10,0.548,0.5521,10,0.5381,0.5453,0.5547,0.5453,15.0,82099.0,529
2023-05-11 09:40:33,OP10005367,500ETF购12月5750,0.5471,0.0,0.0,0.0,10,0.548,0.5521,10,0.5381,0.5453,0.5547,0.5453,15.0,82099.0,529
2023-05-11 09:40:34,OP10005367,500ETF购12月5750,0.5471,0.0,0.0,0.0,10,0.548,0.5521,10,0.5381,0.5453,0.5547,0.5453,15.0,82099.0,529
2023-05-11 09:40:35,OP10005367,500ETF购12月5750,0.5471,0.0,0.0,0.0,10,0.548,0.5521,10,0.5381,0.5453,0.5547,0.5453,15.0,82099.0,529
2023-05-11 09:40:36,OP10005367,500ETF购12月5750,0.5471,0.0,0.0,0.0,10,0.548,0.5521,10,0.5381,0.5453,0.5547,0.5453,15.0,82099.0,529
2023-05-11 09:40:37,OP10005367,500ETF购12月5750,0.5471,0.0,0.0,0.0,10,0.548,0.5521,10,0.5381,0.5453,0.5547,0.5453,15.0,82099.0,529
2023-05-11 09:40:38,OP10005367,500ETF购12月5750,0.5471,0.0,0.0,0.0,30,0.5478,0.5511,10,0.5381,0.5453,0.5547,0.5453,15.0,82099.0,529
2023-05-11 09:40:39,OP10005367,500ETF购12月5750,0.5471,0.0,0.0,0.0,20,0.5478,0.5511,10,0.5381,0.5453,0.5547,0.5453,15.0,82099.0,529
2023-05-11 09:40:39,OP10005367,500ETF购12月5750,0.5471,0.0,0.0,0.0,30,0.547,0.5511,10,0.5381,0.5453,0.5547,0.5453,15.0,82099.0,529
2023-05-11 09:40:40,OP10005367,500ETF购12月5750,0.5471,0.0,0.0,0.0,30,0.547,0.5511,10,0.5381,0.5453,0.5547,0.5453,15.0,82099.0,529
2023-05-11 09:40:42,OP10005367,500ETF购12月5750,0.5471,0.0,0.0,0.0,30,0.547,0.5511,10,0.5381,0.5453,0.5547,0.5453,15.0,82099.0,529
2023-05-11 09:40:45,OP10005367,500ETF购12月5750,0.5471,0.0,0.0,0.0,30,0.547,0.5511,10,0.5381,0.5453,0.5547,0.5453,15.0,82099.0,529
2023-05-11 09:40:46,OP10005367,500ETF购12月5750,0.5471,0.0,0.0,0.0,30,0.547,0.5511,10,0.5381,0.5453,0.5547,0.5453,15.0,82099.0,529
2023-05-11 09:40:48,OP10005367,500ETF购12月5750,0.5471,0.0,0.0,0.0,30,0.547,0.5511,10,0.5381,0.5453,0.5547,0.5453,15.0,82099.0,529
2023-05-11 09:40:50,OP10005367,500ETF购12月5750,0.5471,0.0,0.0,0.0,30,0.547,0.5511,10,0.5381,0.5453,0.5547,0.5453,15.0,82099.0,529
2023-05-11 09:40:55,OP10005367,500ETF购12月5750,0.5471,0.0,0.0,0.0,30,0.547,0.5511,10,0.5381,0.5453,0.5547,0.5453,15.0,82099.0,529
2023-05-11 09:40:56,OP10005367,500ETF购12月5750,0.5471,0.0,0.0,0.0,20,0.547,0.5503,10,0.5381,0.5453,0.5547,0.5453,15.0,82099.0,529
2023-05-11 09:40:57,OP10005367,500ETF购12月5750,0.5471,0.0,0.0,0.0,20,0.547,0.5503,10,0.5381,0.5453,0.5547,0.5453,15.0,82099.0,529
2023-05-11 09:40:58,OP10005367,500ETF购12月5750,0.5471,0.0,0.0,0.0,30,0.5462,0.5503,10,0.5381,0.5453,0.5547,0.5453,15.0,82099.0,529
2023-05-11 09:40:58,OP10005367,500ETF购12月5750,0.5471,0.0,0.0,0.0,30,0.5462,0.5503,10,0.5381,0.5453,0.5547,0.5453,15.0,82099.0,529
2023-05-11 09:40:59,OP10005367,500ETF购12月5750,0.5471,0.0,0.0,0.0,30,0.5462,0.5503,10,0.5381,0.5453,0.5547,0.5453,15.0,82099.0,529
2023-05-11 09:41:00,OP10005367,500ETF购12月5750,0.5471,0.0,0.0,0.0,30,0.5462,0.5503,10,0.5381,0.5453,0.5547,0.5453,15.0,82099.0,529
2023-05-11 09:41:02,OP10005367,500ETF购12月5750,0.5471,0.0,0.0,0.0,30,0.5462,0.5503,10,0.5381,0.5453,0.5547,0.5453,15.0,82099.0,529
2023-05-11 09:41:04,OP10005367,500ETF购12月5750,0.5471,0.0,0.0,0.0,30,0.5462,0.5503,10,0.5381,0.5453,0.5547,0.5453,15.0,82099.0,529
2023-05-11 09:41:05,OP10005367,500ETF购12月5750,0.5471,0.0,0.0,0.0,20,0.5462,0.5494,10,0.5381,0.5453,0.5547,0.5453,15.0,82099.0,529
2023-05-11 09:41:05,OP10005367,500ETF购12月5750,0.5471,0.0,0.0,0.0,20,0.5462,0.5494,10,0.5381,0.5453,0.5547,0.5453,15.0,82099.0,529
2023-05-11 09:41:06,OP10005367,500ETF购12月5750,0.5471,0.0,0.0,0.0,30,0.5453,0.5494,10,0.5381,0.5453,0.5547,0.5453,15.0,82099.0,529
2023-05-11 09:41:06,OP10005367,500ETF购12月5750,0.5471,0.0,0.0,0.0,10,0.5451,0.5485,10,0.5381,0.5453,0.5547,0.5453,15.0,82099.0,529
2023-05-11 09:41:07,OP10005367,500ETF购12月5750,0.5471,0.0,0.0,0.0,10,0.5444,0.5485,10,0.5381,0.5453,0.5547,0.5453,15.0,82099.0,529
2023-05-11 09:41:07,OP10005367,500ETF购12月5750,0.5471,0.0,0.0,0.0,10,0.5444,0.5485,10,0.5381,0.5453,0.5547,0.5453,15.0,82099.0,529
2023-05-11 09:41:08,OP10005367,500ETF购12月5750,0.5471,0.0,0.0,0.0,10,0.5444,0.5485,10,0.5381,0.5453,0.5547,0.5453,15.0,82099.0,529
2023-05-11 09:41:09,OP10005367,500ETF购12月5750,0.5471,0.0,0.0,0.0,10,0.5444,0.5485,10,0.5381,0.5453,0.5547,0.5453,15.0,82099.0,529
2023-05-11 09:41:10,OP10005367,500ETF购12月5750,0.5471,0.0,0.0,0.0,10,0.5444,0.5485,10,0.5381,0.5453,0.5547,0.5453,15.0,82099.0,529
2023-05-11 09:41:11,OP10005367,500ETF购12月5750,0.5471,0.0,0.0,0.0,10,0.5444,0.5485,20,0.5381,0.5453,0.5547,0.5453,15.0,82099.0,529
2023-05-11 09:41:18,OP10005367,500ETF购12月5750,0.5471,0.0,0.0,0.0,10,0.5444,0.5485,30,0.5381,0.5453,0.5547,0.5453,15.0,82099.0,529
2023-05-11 09:41:20,OP10005367,500ETF购12月5750,0.5471,0.0,0.0,0.0,10,0.5444,0.5485,40,0.5381,0.5453,0.5547,0.5453,15.0,82099.0,529
2023-05-11 09:41:20,OP10005367,500ETF购12月5750,0.5471,0.0,0.0,0.0,30,0.5441,0.5478,10,0.5381,0.5453,0.5547,0.5453,15.0,82099.0,529
2023-05-11 09:41:21,OP10005367,500ETF购12月5750,0.5471,0.0,0.0,0.0,20,0.5441,0.5478,10,0.5381,0.5453,0.5547,0.5453,15.0,82099.0,529
2023-05-11 09:41:22,OP10005367,500ETF购12月5750,0.5471,0.0,0.0,0.0,20,0.5441,0.5478,13,0.5381,0.5453,0.5547,0.5453,15.0,82099.0,529
2023-05-11 09:41:25,OP10005367,500ETF购12月5750,0.5471,0.0,0.0,0.0,20,0.5441,0.5472,3,0.5381,0.5453,0.5547,0.5453,15.0,82099.0,529
2023-05-11 09:41:28,OP10005367,500ETF购12月5750,0.5471,0.0,0.0,0.0,20,0.5441,0.5467,3,0.5381,0.5453,0.5547,0.5453,15.0,82099.0,529
2023-05-11 09:41:30,OP10005367,500ETF购12月5750,0.5471,0.0,0.0,0.0,20,0.5441,0.5467,3,0.5381,0.5453,0.5547,0.5453,15.0,82099.0,529
2023-05-11 09:41:31,OP10005367,500ETF购12月5750,0.5471,0.0,0.0,0.0,10,0.5444,0.5467,3,0.5381,0.5453,0.5547,0.5453,15.0,82099.0,529
2023-05-11 09:41:31,OP10005367,500ETF购12月5750,0.5471,0.0,0.0,0.0,10,0.5444,0.546,3,0.5381,0.5453,0.5547,0.5453,15.0,82099.0,529
2023-05-11 09:41:32,OP10005367,500ETF购12月5750,0.5471,0.0,0.0,0.0,10,0.5444,0.546,3,0.5381,0.5453,0.5547,0.5453,15.0,82099.0,529
2023-05-11 09:41:34,OP10005367,500ETF购12月5750,0.5471,0.0,0.0,0.0,10,0.5444,0.546,3,0.5381,0.5453,0.5547,0.5453,15.0,82099.0,529
2023-05-11 09:41:36,OP10005367,500ETF购12月5750,0.5471,0.0,0.0,0.0,10,0.5444,0.5457,2,0.5381,0.5453,0.5547,0.5453,15.0,82099.0,529
2023-05-11 09:41:37,OP10005367,500ETF购12月5750,0.5471,0.0,0.0,0.0,10,0.5444,0.5457,2,0.5381,0.5453,0.5547,0.5453,15.0,82099.0,529
2023-05-11 09:41:38,OP10005367,500ETF购12月5750,0.5471,0.0,0.0,0.0,10,0.5444,0.5457,2,0.5381,0.5453,0.5547,0.5453,15.0,82099.0,529
2023-05-11 09:41:39,OP10005367,500ETF购12月5750,0.5471,0.0,0.0,0.0,10,0.5444,0.5457,2,0.5381,0.5453,0.5547,0.5453,15.0,82099.0,529
2023-05-11 09:41:42,OP10005367,500ETF购12月5750,0.5471,0.0,0.0,0.0,10,0.5444,0.5457,2,0.5381,0.5453,0.5547,0.5453,15.0,82099.0,529
2023-05-11 09:41:45,OP10005367,500ETF购12月5750,0.5471,0.0,0.0,0.0,10,0.5444,0.5473,10,0.5381,0.5453,0.5547,0.5453,15.0,82099.0,529
2023-05-11 09:41:46,OP10005367,500ETF购12月5750,0.5471,0.0,0.0,0.0,10,0.5444,0.5485,10,0.5381,0.5453,0.5547,0.5453,15.0,82099.0,529
2023-05-11 09:41:47,OP10005367,500ETF购12月5750,0.5471,0.0,0.0,0.0,10,0.5444,0.5485,10,0.5381,0.5453,0.5547,0.5453,15.0,82099.0,529
2023-05-11 09:41:47,OP10005367,500ETF购12月5750,0.5471,0.0,0.0,0.0,10,0.5444,0.5485,10,0.5381,0.5453,0.5547,0.5453,15.0,82099.0,529
2023-05-11 09:41:49,OP10005367,500ETF购12月5750,0.5471,0.0,0.0,0.0,10,0.5444,0.5485,10,0.5381,0.5453,0.5547,0.5453,15.0,82099.0,529
2023-05-11 09:41:51,OP10005367,500ETF购12月5750,0.5471,0.0,0.0,0.0,10,0.5444,0.5485,10,0.5381,0.5453,0.5547,0.5453,15.0,82099.0,529
2023-05-11 09:41:51,OP10005367,500ETF购12月5750,0.5471,0.0,0.0,0.0,10,0.5444,0.5485,10,0.5381,0.5453,0.5547,0.5453,15.0,82099.0,529
2023-05-11 09:41:52,OP10005367,500ETF购12月5750,0.5471,0.0,0.0,0.0,10,0.5451,0.5488,10,0.5381,0.5453,0.5547,0.5453,15.0,82099.0,529
2023-05-11 09:41:53,OP10005367,500ETF购12月5750,0.5471,0.0,0.0,0.0,30,0.5451,0.5489,10,0.5381,0.5453,0.5547,0.5453,15.0,82099.0,529
2023-05-11 09:41:53,OP10005367,500ETF购12月5750,0.5471,0.0,0.0,0.0,30,0.5451,0.5492,10,0.5381,0.5453,0.5547,0.5453,15.0,82099.0,529
2023-05-11 09:41:54,OP10005367,500ETF购12月5750,0.5471,0.0,0.0,0.0,30,0.5451,0.5492,20,0.5381,0.5453,0.5547,0.5453,15.0,82099.0,529
2023-05-11 09:41:55,OP10005367,500ETF购12月5750,0.5471,0.0,0.0,0.0,30,0.5451,0.5479,4,0.5381,0.5453,0.5547,0.5453,15.0,82099.0,529
2023-05-11 09:41:56,OP10005367,500ETF购12月5750,0.5471,0.0,0.0,0.0,30,0.5451,0.5479,4,0.5381,0.5453,0.5547,0.5453,15.0,82099.0,529
2023-05-11 09:41:59,OP10005367,500ETF购12月5750,0.5471,0.0,0.0,0.0,30,0.5451,0.547,4,0.5381,0.5453,0.5547,0.5453,15.0,82099.0,529
2023-05-11 09:42:00,OP10005367,500ETF购12月5750,0.5471,0.0,0.0,0.0,30,0.5451,0.547,4,0.5381,0.5453,0.5547,0.5453,15.0,82099.0,529
2023-05-11 09:42:04,OP10005367,500ETF购12月5750,0.5471,0.0,0.0,0.0,30,0.5451,0.5463,4,0.5381,0.5453,0.5547,0.5453,15.0,82099.0,529
2023-05-11 09:42:05,OP10005367,500ETF购12月5750,0.5463,4.0,21852.0,4.0,30,0.5451,0.547,4,0.5381,0.5453,0.5547,0.5453,19.0,103951.0,533
2023-05-11 09:42:05,OP10005367,500ETF购12月5750,0.5463,0.0,0.0,0.0,30,0.5451,0.547,4,0.5381,0.5453,0.5547,0.5453,19.0,103951.0,533
2023-05-11 09:42:10,OP10005367,500ETF购12月5750,0.547,4.0,21880.0,4.0,30,0.5451,0.5479,4,0.5381,0.5453,0.5547,0.5453,23.0,125831.0,537
2023-05-11 09:42:10,OP10005367,500ETF购12月5750,0.547,0.0,0.0,0.0,30,0.5451,0.5479,4,0.5381,0.5453,0.5547,0.5453,23.0,125831.0,537
2023-05-11 09:42:11,OP10005367,500ETF购12月5750,0.547,0.0,0.0,0.0,10,0.5459,0.5479,4,0.5381,0.5453,0.5547,0.5453,23.0,125831.0,537
2023-05-11 09:42:12,OP10005367,500ETF购12月5750,0.547,0.0,0.0,0.0,30,0.5459,0.5479,4,0.5381,0.5453,0.5547,0.5453,23.0,125831.0,537
2023-05-11 09:42:13,OP10005367,500ETF购12月5750,0.547,0.0,0.0,0.0,30,0.5459,0.5479,4,0.5381,0.5453,0.5547,0.5453,23.0,125831.0,537
2023-05-11 09:42:14,OP10005367,500ETF购12月5750,0.547,0.0,0.0,0.0,30,0.5459,0.5479,4,0.5381,0.5453,0.5547,0.5453,23.0,125831.0,537
2023-05-11 09:42:14,OP10005367,500ETF购12月5750,0.547,0.0,0.0,0.0,20,0.5459,0.5479,4,0.5381,0.5453,0.5547,0.5453,23.0,125831.0,537
2023-05-11 09:42:15,OP10005367,500ETF购12月5750,0.547,0.0,0.0,0.0,20,0.5451,0.5479,4,0.5381,0.5453,0.5547,0.5453,23.0,125831.0,537
2023-05-11 09:42:15,OP10005367,500ETF购12月5750,0.547,0.0,0.0,0.0,20,0.5451,0.5479,14,0.5381,0.5453,0.5547,0.5453,23.0,125831.0,537
2023-05-11 09:42:16,OP10005367,500ETF购12月5750,0.547,0.0,0.0,0.0,20,0.5438,0.5479,14,0.5381,0.5453,0.5547,0.5453,23.0,125831.0,537
2023-05-11 09:42:16,OP10005367,500ETF购12月5750,0.547,0.0,0.0,0.0,10,0.5438,0.5479,14,0.5381,0.5453,0.5547,0.5453,23.0,125831.0,537
2023-05-11 09:42:17,OP10005367,500ETF购12月5750,0.547,0.0,0.0,0.0,10,0.5438,0.5479,14,0.5381,0.5453,0.5547,0.5453,23.0,125831.0,537
2023-05-11 09:42:17,OP10005367,500ETF购12月5750,0.547,0.0,0.0,0.0,20,0.5436,0.5471,10,0.5381,0.5453,0.5547,0.5453,23.0,125831.0,537
2023-05-11 09:42:18,OP10005367,500ETF购12月5750,0.547,0.0,0.0,0.0,10,0.543,0.5471,10,0.5381,0.5453,0.5547,0.5453,23.0,125831.0,537
2023-05-11 09:42:18,OP10005367,500ETF购12月5750,0.547,0.0,0.0,0.0,10,0.543,0.5471,10,0.5381,0.5453,0.5547,0.5453,23.0,125831.0,537
2023-05-11 09:42:19,OP10005367,500ETF购12月5750,0.547,0.0,0.0,0.0,10,0.544,0.5479,4,0.5381,0.5453,0.5547,0.5453,23.0,125831.0,537
2023-05-11 09:42:19,OP10005367,500ETF购12月5750,0.547,0.0,0.0,0.0,30,0.544,0.5479,4,0.5381,0.5453,0.5547,0.5453,23.0,125831.0,537
2023-05-11 09:42:20,OP10005367,500ETF购12月5750,0.547,0.0,0.0,0.0,30,0.544,0.5479,4,0.5381,0.5453,0.5547,0.5453,23.0,125831.0,537
2023-05-11 09:42:20,OP10005367,500ETF购12月5750,0.547,0.0,0.0,0.0,10,0.5451,0.5479,4,0.5381,0.5453,0.5547,0.5453,23.0,125831.0,537
2023-05-11 09:42:21,OP10005367,500ETF购12月5750,0.547,0.0,0.0,0.0,30,0.5451,0.5479,4,0.5381,0.5453,0.5547,0.5453,23.0,125831.0,537
2023-05-11 09:42:21,OP10005367,500ETF购12月5750,0.547,0.0,0.0,0.0,30,0.5451,0.5479,4,0.5381,0.5453,0.5547,0.5453,23.0,125831.0,537
2023-05-11 09:42:22,OP10005367,500ETF购12月5750,0.547,0.0,0.0,0.0,30,0.5451,0.5479,4,0.5381,0.5453,0.5547,0.5453,23.0,125831.0,537
2023-05-11 09:42:22,OP10005367,500ETF购12月5750,0.547,0.0,0.0,0.0,30,0.5451,0.5479,4,0.5381,0.5453,0.5547,0.5453,23.0,125831.0,537
2023-05-11 09:42:23,OP10005367,500ETF购12月5750,0.547,0.0,0.0,0.0,30,0.5451,0.5479,4,0.5381,0.5453,0.5547,0.5453,23.0,125831.0,537
2023-05-11 09:42:24,OP10005367,500ETF购12月5750,0.547,0.0,0.0,0.0,10,0.5461,0.5479,4,0.5381,0.5453,0.5547,0.5453,23.0,125831.0,537
2023-05-11 09:42:25,OP10005367,500ETF购12月5750,0.547,0.0,0.0,0.0,30,0.5461,0.5479,4,0.5381,0.5453,0.5547,0.5453,23.0,125831.0,537
2023-05-11 09:42:25,OP10005367,500ETF购12月5750,0.547,0.0,0.0,0.0,30,0.5461,0.5479,4,0.5381,0.5453,0.5547,0.5453,23.0,125831.0,537
2023-05-11 09:42:30,OP10005367,500ETF购12月5750,0.547,0.0,0.0,0.0,30,0.5461,0.5479,4,0.5381,0.5453,0.5547,0.5453,23.0,125831.0,537
2023-05-11 09:42:31,OP10005367,500ETF购12月5750,0.547,0.0,0.0,0.0,20,0.5461,0.5479,4,0.5381,0.5453,0.5547,0.5453,23.0,125831.0,537
2023-05-11 09:42:31,OP10005367,500ETF购12月5750,0.547,0.0,0.0,0.0,10,0.5453,0.5479,4,0.5381,0.5453,0.5547,0.5453,23.0,125831.0,537
2023-05-11 09:42:32,OP10005367,500ETF购12月5750,0.547,0.0,0.0,0.0,10,0.5453,0.5479,4,0.5381,0.5453,0.5547,0.5453,23.0,125831.0,537
2023-05-11 09:42:33,OP10005367,500ETF购12月5750,0.547,0.0,0.0,0.0,10,0.5461,0.5479,4,0.5381,0.5453,0.5547,0.5453,23.0,125831.0,537
2023-05-11 09:42:33,OP10005367,500ETF购12月5750,0.547,0.0,0.0,0.0,30,0.5461,0.5479,4,0.5381,0.5453,0.5547,0.5453,23.0,125831.0,537
2023-05-11 09:42:35,OP10005367,500ETF购12月5750,0.547,0.0,0.0,0.0,30,0.5461,0.5495,10,0.5381,0.5453,0.5547,0.5453,23.0,125831.0,537
2023-05-11 09:42:35,OP10005367,500ETF购12月5750,0.547,0.0,0.0,0.0,30,0.5461,0.5502,10,0.5381,0.5453,0.5547,0.5453,23.0,125831.0,537
2023-05-11 09:42:36,OP10005367,500ETF购12月5750,0.547,0.0,0.0,0.0,30,0.5461,0.5502,10,0.5381,0.5453,0.5547,0.5453,23.0,125831.0,537
2023-05-11 09:42:39,OP10005367,500ETF购12月5750,0.547,0.0,0.0,0.0,20,0.5461,0.5493,10,0.5381,0.5453,0.5547,0.5453,23.0,125831.0,537
2023-05-11 09:42:39,OP10005367,500ETF购12月5750,0.547,0.0,0.0,0.0,10,0.5452,0.5493,10,0.5381,0.5453,0.5547,0.5453,23.0,125831.0,537
2023-05-11 09:42:40,OP10005367,500ETF购12月5750,0.547,0.0,0.0,0.0,10,0.5452,0.5493,10,0.5381,0.5453,0.5547,0.5453,23.0,125831.0,537
2023-05-11 09:42:41,OP10005367,500ETF购12月5750,0.547,0.0,0.0,0.0,10,0.5452,0.5493,10,0.5381,0.5453,0.5547,0.5453,23.0,125831.0,537
2023-05-11 09:42:42,OP10005367,500ETF购12月5750,0.547,0.0,0.0,0.0,10,0.5452,0.5493,10,0.5381,0.5453,0.5547,0.5453,23.0,125831.0,537
2023-05-11 09:42:43,OP10005367,500ETF购12月5750,0.547,0.0,0.0,0.0,10,0.5452,0.5493,10,0.5381,0.5453,0.5547,0.5453,23.0,125831.0,537
2023-05-11 09:42:45,OP10005367,500ETF购12月5750,0.547,0.0,0.0,0.0,10,0.5452,0.5493,10,0.5381,0.5453,0.5547,0.5453,23.0,125831.0,537
2023-05-11 09:42:45,OP10005367,500ETF购12月5750,0.547,0.0,0.0,0.0,10,0.5452,0.5493,10,0.5381,0.5453,0.5547,0.5453,23.0,125831.0,537
2023-05-11 09:42:46,OP10005367,500ETF购12月5750,0.547,0.0,0.0,0.0,10,0.5452,0.5493,10,0.5381,0.5453,0.5547,0.5453,23.0,125831.0,537
2023-05-11 09:42:46,OP10005367,500ETF购12月5750,0.547,0.0,0.0,0.0,10,0.5452,0.5493,10,0.5381,0.5453,0.5547,0.5453,23.0,125831.0,537
2023-05-11 09:42:47,OP10005367,500ETF购12月5750,0.547,0.0,0.0,0.0,10,0.5452,0.5493,10,0.5381,0.5453,0.5547,0.5453,23.0,125831.0,537
2023-05-11 09:42:47,OP10005367,500ETF购12月5750,0.547,0.0,0.0,0.0,10,0.5444,0.5485,10,0.5381,0.5453,0.5547,0.5453,23.0,125831.0,537
2023-05-11 09:42:48,OP10005367,500ETF购12月5750,0.547,0.0,0.0,0.0,10,0.5444,0.5485,10,0.5381,0.5453,0.5547,0.5453,23.0,125831.0,537
2023-05-11 09:42:48,OP10005367,500ETF购12月5750,0.547,0.0,0.0,0.0,10,0.5444,0.5485,10,0.5381,0.5453,0.5547,0.5453,23.0,125831.0,537
2023-05-11 09:42:50,OP10005367,500ETF购12月5750,0.547,0.0,0.0,0.0,20,0.544,0.5477,10,0.5381,0.5453,0.5547,0.5453,23.0,125831.0,537
2023-05-11 09:42:51,OP10005367,500ETF购12月5750,0.547,0.0,0.0,0.0,20,0.544,0.5477,10,0.5381,0.5453,0.5547,0.5453,23.0,125831.0,537
2023-05-11 09:42:51,OP10005367,500ETF购12月5750,0.547,0.0,0.0,0.0,20,0.544,0.5477,10,0.5381,0.5453,0.5547,0.5453,23.0,125831.0,537
2023-05-11 09:42:52,OP10005367,500ETF购12月5750,0.547,0.0,0.0,0.0,20,0.544,0.5477,10,0.5381,0.5453,0.5547,0.5453,23.0,125831.0,537
2023-05-11 09:42:53,OP10005367,500ETF购12月5750,0.547,0.0,0.0,0.0,20,0.544,0.5477,10,0.5381,0.5453,0.5547,0.5453,23.0,125831.0,537
2023-05-11 09:42:54,OP10005367,500ETF购12月5750,0.547,0.0,0.0,0.0,20,0.544,0.5477,10,0.5381,0.5453,0.5547,0.5453,23.0,125831.0,537
2023-05-11 09:42:55,OP10005367,500ETF购12月5750,0.547,0.0,0.0,0.0,20,0.544,0.5477,10,0.5381,0.5453,0.5547,0.5453,23.0,125831.0,537
2023-05-11 09:42:57,OP10005367,500ETF购12月5750,0.547,0.0,0.0,0.0,20,0.544,0.5471,3,0.5381,0.5453,0.5547,0.5453,23.0,125831.0,537
2023-05-11 09:42:58,OP10005367,500ETF购12月5750,0.547,0.0,0.0,0.0,20,0.544,0.5471,3,0.5381,0.5453,0.5547,0.5453,23.0,125831.0,537
2023-05-11 09:43:00,OP10005367,500ETF购12月5750,0.547,0.0,0.0,0.0,20,0.544,0.5471,23,0.5381,0.5453,0.5547,0.5453,23.0,125831.0,537
2023-05-11 09:43:02,OP10005367,500ETF购12月5750,0.547,0.0,0.0,0.0,20,0.544,0.5464,3,0.5381,0.5453,0.5547,0.5453,23.0,125831.0,537
2023-05-11 09:43:03,OP10005367,500ETF购12月5750,0.547,0.0,0.0,0.0,20,0.544,0.5464,3,0.5381,0.5453,0.5547,0.5453,23.0,125831.0,537
2023-05-11 09:43:05,OP10005367,500ETF购12月5750,0.547,0.0,0.0,0.0,20,0.544,0.5464,3,0.5381,0.5453,0.5547,0.5453,23.0,125831.0,537
2023-05-11 09:43:06,OP10005367,500ETF购12月5750,0.547,0.0,0.0,0.0,10,0.5444,0.5464,3,0.5381,0.5453,0.5547,0.5453,23.0,125831.0,537
2023-05-11 09:43:06,OP10005367,500ETF购12月5750,0.547,0.0,0.0,0.0,10,0.5444,0.5464,3,0.5381,0.5453,0.5547,0.5453,23.0,125831.0,537
2023-05-11 09:43:07,OP10005367,500ETF购12月5750,0.547,0.0,0.0,0.0,10,0.5444,0.5464,3,0.5381,0.5453,0.5547,0.5453,23.0,125831.0,537
2023-05-11 09:43:08,OP10005367,500ETF购12月5750,0.547,0.0,0.0,0.0,10,0.5444,0.5464,3,0.5381,0.5453,0.5547,0.5453,23.0,125831.0,537
2023-05-11 09:43:09,OP10005367,500ETF购12月5750,0.547,0.0,0.0,0.0,10,0.5433,0.5464,3,0.5381,0.5453,0.5547,0.5453,23.0,125831.0,537
2023-05-11 09:43:10,OP10005367,500ETF购12月5750,0.547,0.0,0.0,0.0,10,0.5433,0.5464,3,0.5381,0.5453,0.5547,0.5453,23.0,125831.0,537
2023-05-11 09:43:10,OP10005367,500ETF购12月5750,0.547,0.0,0.0,0.0,10,0.5433,0.5464,3,0.5381,0.5453,0.5547,0.5453,23.0,125831.0,537
2023-05-11 09:43:11,OP10005367,500ETF购12月5750,0.547,0.0,0.0,0.0,10,0.5433,0.5464,3,0.5381,0.5453,0.5547,0.5453,23.0,125831.0,537
2023-05-11 09:43:12,OP10005367,500ETF购12月5750,0.547,0.0,0.0,0.0,10,0.5433,0.5464,3,0.5381,0.5453,0.5547,0.5453,23.0,125831.0,537
2023-05-11 09:43:12,OP10005367,500ETF购12月5750,0.547,0.0,0.0,0.0,10,0.5433,0.5464,3,0.5381,0.5453,0.5547,0.5453,23.0,125831.0,537
2023-05-11 09:43:13,OP10005367,500ETF购12月5750,0.547,0.0,0.0,0.0,10,0.5433,0.5464,3,0.5381,0.5453,0.5547,0.5453,23.0,125831.0,537
2023-05-11 09:43:13,OP10005367,500ETF购12月5750,0.547,0.0,0.0,0.0,20,0.543,0.5464,3,0.5381,0.5453,0.5547,0.5453,23.0,125831.0,537
2023-05-11 09:43:14,OP10005367,500ETF购12月5750,0.547,0.0,0.0,0.0,10,0.5425,0.5464,3,0.5381,0.5453,0.5547,0.5453,23.0,125831.0,537
2023-05-11 09:43:14,OP10005367,500ETF购12月5750,0.547,0.0,0.0,0.0,10,0.5425,0.5464,3,0.5381,0.5453,0.5547,0.5453,23.0,125831.0,537
2023-05-11 09:43:16,OP10005367,500ETF购12月5750,0.5464,1.0,5464.0,1.0,10,0.5425,0.5464,2,0.5381,0.5453,0.5547,0.5453,24.0,131295.0,538
2023-05-11 09:43:17,OP10005367,500ETF购12月5750,0.5464,1.0,5464.0,1.0,10,0.5425,0.5464,1,0.5381,0.5453,0.5547,0.5453,25.0,136759.0,539
2023-05-11 09:43:18,OP10005367,500ETF购12月5750,0.5464,0.0,0.0,0.0,10,0.5435,0.5464,1,0.5381,0.5453,0.5547,0.5453,25.0,136759.0,539
2023-05-11 09:43:19,OP10005367,500ETF购12月5750,0.5464,1.0,5464.0,1.0,10,0.5435,0.5476,20,0.5381,0.5453,0.5547,0.5453,26.0,142223.0,540
2023-05-11 09:43:20,OP10005367,500ETF购12月5750,0.5464,0.0,0.0,0.0,10,0.5435,0.5476,10,0.5381,0.5453,0.5547,0.5453,26.0,142223.0,540
2023-05-11 09:43:22,OP10005367,500ETF购12月5750,0.5464,0.0,0.0,0.0,30,0.5435,0.5476,10,0.5381,0.5453,0.5547,0.5453,26.0,142223.0,540
2023-05-11 09:43:28,OP10005367,500ETF购12月5750,0.5464,0.0,0.0,0.0,30,0.5435,0.5476,10,0.5381,0.5453,0.5547,0.5453,26.0,142223.0,540
2023-05-11 09:43:29,OP10005367,500ETF购12月5750,0.5464,0.0,0.0,0.0,30,0.5435,0.5476,10,0.5381,0.5453,0.5547,0.5453,26.0,142223.0,540
2023-05-11 09:43:29,OP10005367,500ETF购12月5750,0.5464,0.0,0.0,0.0,30,0.5435,0.5476,10,0.5381,0.5453,0.5547,0.5453,26.0,142223.0,540
2023-05-11 09:43:32,OP10005367,500ETF购12月5750,0.5464,0.0,0.0,0.0,20,0.5435,0.5469,10,0.5381,0.5453,0.5547,0.5453,26.0,142223.0,540
2023-05-11 09:43:32,OP10005367,500ETF购12月5750,0.5464,0.0,0.0,0.0,10,0.5428,0.5469,10,0.5381,0.5453,0.5547,0.5453,26.0,142223.0,540
2023-05-11 09:43:33,OP10005367,500ETF购12月5750,0.5464,0.0,0.0,0.0,10,0.5428,0.5469,10,0.5381,0.5453,0.5547,0.5453,26.0,142223.0,540
2023-05-11 09:43:35,OP10005367,500ETF购12月5750,0.5464,0.0,0.0,0.0,10,0.5428,0.5469,10,0.5381,0.5453,0.5547,0.5453,26.0,142223.0,540
2023-05-11 09:43:35,OP10005367,500ETF购12月5750,0.5464,0.0,0.0,0.0,10,0.5428,0.5469,10,0.5381,0.5453,0.5547,0.5453,26.0,142223.0,540
2023-05-11 09:43:37,OP10005367,500ETF购12月5750,0.5464,0.0,0.0,0.0,10,0.5428,0.5469,10,0.5381,0.5453,0.5547,0.5453,26.0,142223.0,540
2023-05-11 09:43:39,OP10005367,500ETF购12月5750,0.5469,1.0,5469.0,1.0,10,0.5428,0.547,20,0.5381,0.5453,0.5547,0.5453,27.0,147692.0,541
2023-05-11 09:43:39,OP10005367,500ETF购12月5750,0.547,1.0,5470.0,1.0,10,0.5428,0.547,19,0.5381,0.5453,0.5547,0.5453,28.0,153162.0,542
2023-05-11 09:43:39,OP10005367,500ETF购12月5750,0.547,0.0,0.0,0.0,10,0.5428,0.547,10,0.5381,0.5453,0.5547,0.5453,28.0,153162.0,542
2023-05-11 09:43:40,OP10005367,500ETF购12月5750,0.547,0.0,0.0,0.0,10,0.5428,0.547,20,0.5381,0.5453,0.5547,0.5453,28.0,153162.0,542
2023-05-11 09:43:40,OP10005367,500ETF购12月5750,0.547,0.0,0.0,0.0,10,0.5428,0.5478,30,0.5381,0.5453,0.5547,0.5453,28.0,153162.0,542
2023-05-11 09:43:41,OP10005367,500ETF购12月5750,0.547,0.0,0.0,0.0,10,0.5428,0.5478,40,0.5381,0.5453,0.5547,0.5453,28.0,153162.0,542
2023-05-11 09:43:41,OP10005367,500ETF购12月5750,0.547,0.0,0.0,0.0,10,0.5428,0.5478,40,0.5381,0.5453,0.5547,0.5453,28.0,153162.0,542
2023-05-11 09:43:45,OP10005367,500ETF购12月5750,0.547,0.0,0.0,0.0,10,0.5437,0.5478,40,0.5381,0.5453,0.5547,0.5453,28.0,153162.0,542
2023-05-11 09:43:46,OP10005367,500ETF购12月5750,0.547,0.0,0.0,0.0,30,0.5437,0.5478,40,0.5381,0.5453,0.5547,0.5453,28.0,153162.0,542
2023-05-11 09:43:46,OP10005367,500ETF购12月5750,0.547,0.0,0.0,0.0,30,0.5437,0.5478,30,0.5381,0.5453,0.5547,0.5453,28.0,153162.0,542
2023-05-11 09:43:47,OP10005367,500ETF购12月5750,0.547,0.0,0.0,0.0,30,0.5437,0.5478,30,0.5381,0.5453,0.5547,0.5453,28.0,153162.0,542
2023-05-11 09:43:47,OP10005367,500ETF购12月5750,0.547,0.0,0.0,0.0,30,0.5437,0.5478,20,0.5381,0.5453,0.5547,0.5453,28.0,153162.0,542
2023-05-11 09:43:49,OP10005367,500ETF购12月5750,0.547,0.0,0.0,0.0,30,0.5437,0.5478,20,0.5381,0.5453,0.5547,0.5453,28.0,153162.0,542
2023-05-11 09:43:49,OP10005367,500ETF购12月5750,0.547,0.0,0.0,0.0,30,0.5437,0.5478,20,0.5381,0.5453,0.5547,0.5453,28.0,153162.0,542
2023-05-11 09:43:52,OP10005367,500ETF购12月5750,0.547,0.0,0.0,0.0,30,0.5437,0.5478,20,0.5381,0.5453,0.5547,0.5453,28.0,153162.0,542
2023-05-11 09:43:53,OP10005367,500ETF购12月5750,0.547,0.0,0.0,0.0,30,0.5437,0.5478,20,0.5381,0.5453,0.5547,0.5453,28.0,153162.0,542
2023-05-11 09:43:55,OP10005367,500ETF购12月5750,0.547,0.0,0.0,0.0,20,0.5437,0.5478,20,0.5381,0.5453,0.5547,0.5453,28.0,153162.0,542
2023-05-11 09:43:56,OP10005367,500ETF购12月5750,0.547,0.0,0.0,0.0,20,0.5429,0.5478,20,0.5381,0.5453,0.5547,0.5453,28.0,153162.0,542
2023-05-11 09:43:56,OP10005367,500ETF购12月5750,0.547,0.0,0.0,0.0,10,0.5429,0.5486,40,0.5381,0.5453,0.5547,0.5453,28.0,153162.0,542
2023-05-11 09:43:57,OP10005367,500ETF购12月5750,0.547,0.0,0.0,0.0,10,0.5429,0.5486,40,0.5381,0.5453,0.5547,0.5453,28.0,153162.0,542
2023-05-11 09:44:01,OP10005367,500ETF购12月5750,0.547,0.0,0.0,0.0,10,0.5437,0.5486,40,0.5381,0.5453,0.5547,0.5453,28.0,153162.0,542
2023-05-11 09:44:02,OP10005367,500ETF购12月5750,0.547,0.0,0.0,0.0,30,0.5437,0.5486,40,0.5381,0.5453,0.5547,0.5453,28.0,153162.0,542
2023-05-11 09:44:09,OP10005367,500ETF购12月5750,0.547,0.0,0.0,0.0,30,0.5437,0.5486,40,0.5381,0.5453,0.5547,0.5453,28.0,153162.0,542
2023-05-11 09:44:09,OP10005367,500ETF购12月5750,0.547,0.0,0.0,0.0,10,0.5446,0.5486,40,0.5381,0.5453,0.5547,0.5453,28.0,153162.0,542
2023-05-11 09:44:10,OP10005367,500ETF购12月5750,0.547,0.0,0.0,0.0,30,0.5446,0.5486,40,0.5381,0.5453,0.5547,0.5453,28.0,153162.0,542
2023-05-11 09:44:10,OP10005367,500ETF购12月5750,0.547,0.0,0.0,0.0,30,0.5446,0.5486,40,0.5381,0.5453,0.5547,0.5453,28.0,153162.0,542
2023-05-11 09:44:11,OP10005367,500ETF购12月5750,0.547,0.0,0.0,0.0,30,0.5446,0.5486,40,0.5381,0.5453,0.5547,0.5453,28.0,153162.0,542
2023-05-11 09:44:11,OP10005367,500ETF购12月5750,0.547,0.0,0.0,0.0,30,0.5446,0.5486,40,0.5381,0.5453,0.5547,0.5453,28.0,153162.0,542
2023-05-11 09:44:12,OP10005367,500ETF购12月5750,0.547,0.0,0.0,0.0,30,0.5446,0.5486,30,0.5381,0.5453,0.5547,0.5453,28.0,153162.0,542
2023-05-11 09:44:12,OP10005367,500ETF购12月5750,0.547,0.0,0.0,0.0,30,0.5446,0.5486,20,0.5381,0.5453,0.5547,0.5453,28.0,153162.0,542
2023-05-11 09:44:13,OP10005367,500ETF购12月5750,0.547,0.0,0.0,0.0,30,0.5446,0.5486,20,0.5381,0.5453,0.5547,0.5453,28.0,153162.0,542
2023-05-11 09:44:13,OP10005367,500ETF购12月5750,0.547,0.0,0.0,0.0,30,0.5446,0.5493,40,0.5381,0.5453,0.5547,0.5453,28.0,153162.0,542
2023-05-11 09:44:14,OP10005367,500ETF购12月5750,0.547,0.0,0.0,0.0,30,0.5446,0.5487,10,0.5381,0.5453,0.5547,0.5453,28.0,153162.0,542
2023-05-11 09:44:15,OP10005367,500ETF购12月5750,0.547,0.0,0.0,0.0,30,0.5446,0.5487,10,0.5381,0.5453,0.5547,0.5453,28.0,153162.0,542
2023-05-11 09:44:16,OP10005367,500ETF购12月5750,0.547,0.0,0.0,0.0,30,0.5446,0.5487,10,0.5381,0.5453,0.5547,0.5453,28.0,153162.0,542
2023-05-11 09:44:17,OP10005367,500ETF购12月5750,0.547,0.0,0.0,0.0,20,0.5446,0.5493,30,0.5381,0.5453,0.5547,0.5453,28.0,153162.0,542
2023-05-11 09:44:18,OP10005367,500ETF购12月5750,0.547,0.0,0.0,0.0,10,0.5454,0.5493,20,0.5381,0.5453,0.5547,0.5453,28.0,153162.0,542
2023-05-11 09:44:18,OP10005367,500ETF购12月5750,0.547,0.0,0.0,0.0,30,0.5454,0.5493,20,0.5381,0.5453,0.5547,0.5453,28.0,153162.0,542
2023-05-11 09:44:19,OP10005367,500ETF购12月5750,0.547,0.0,0.0,0.0,30,0.5454,0.5495,10,0.5381,0.5453,0.5547,0.5453,28.0,153162.0,542
2023-05-11 09:44:19,OP10005367,500ETF购12月5750,0.547,0.0,0.0,0.0,30,0.5454,0.5495,10,0.5381,0.5453,0.5547,0.5453,28.0,153162.0,542
2023-05-11 09:44:21,OP10005367,500ETF购12月5750,0.547,0.0,0.0,0.0,30,0.5454,0.5495,30,0.5381,0.5453,0.5547,0.5453,28.0,153162.0,542
2023-05-11 09:44:25,OP10005367,500ETF购12月5750,0.547,0.0,0.0,0.0,30,0.5454,0.5495,30,0.5381,0.5453,0.5547,0.5453,28.0,153162.0,542
2023-05-11 09:44:27,OP10005367,500ETF购12月5750,0.547,0.0,0.0,0.0,20,0.5454,0.5488,10,0.5381,0.5453,0.5547,0.5453,28.0,153162.0,542
2023-05-11 09:44:27,OP10005367,500ETF购12月5750,0.547,0.0,0.0,0.0,20,0.5454,0.5488,30,0.5381,0.5453,0.5547,0.5453,28.0,153162.0,542
2023-05-11 09:44:28,OP10005367,500ETF购12月5750,0.547,0.0,0.0,0.0,30,0.5444,0.5478,10,0.5381,0.5453,0.5547,0.5453,28.0,153162.0,542
2023-05-11 09:44:28,OP10005367,500ETF购12月5750,0.547,0.0,0.0,0.0,10,0.5437,0.5478,10,0.5381,0.5453,0.5547,0.5453,28.0,153162.0,542
2023-05-11 09:44:29,OP10005367,500ETF购12月5750,0.547,0.0,0.0,0.0,30,0.5437,0.5478,10,0.5381,0.5453,0.5547,0.5453,28.0,153162.0,542
2023-05-11 09:44:29,OP10005367,500ETF购12月5750,0.547,0.0,0.0,0.0,10,0.5437,0.5478,10,0.5381,0.5453,0.5547,0.5453,28.0,153162.0,542
2023-05-11 09:44:30,OP10005367,500ETF购12月5750,0.547,0.0,0.0,0.0,10,0.5437,0.5478,10,0.5381,0.5453,0.5547,0.5453,28.0,153162.0,542
2023-05-11 09:44:31,OP10005367,500ETF购12月5750,0.547,0.0,0.0,0.0,10,0.5437,0.5478,10,0.5381,0.5453,0.5547,0.5453,28.0,153162.0,542
2023-05-11 09:44:31,OP10005367,500ETF购12月5750,0.547,0.0,0.0,0.0,10,0.5437,0.5478,10,0.5381,0.5453,0.5547,0.5453,28.0,153162.0,542
2023-05-11 09:44:32,OP10005367,500ETF购12月5750,0.547,0.0,0.0,0.0,10,0.5437,0.5478,10,0.5381,0.5453,0.5547,0.5453,28.0,153162.0,542
2023-05-11 09:44:33,OP10005367,500ETF购12月5750,0.547,0.0,0.0,0.0,10,0.5437,0.5478,10,0.5381,0.5453,0.5547,0.5453,28.0,153162.0,542
2023-05-11 09:44:34,OP10005367,500ETF购12月5750,0.5478,1.0,5478.0,1.0,10,0.5436,0.5488,30,0.5381,0.5453,0.5547,0.5453,29.0,158640.0,543
2023-05-11 09:44:34,OP10005367,500ETF购12月5750,0.5478,0.0,0.0,0.0,10,0.5436,0.5488,30,0.5381,0.5453,0.5547,0.5453,29.0,158640.0,543
2023-05-11 09:44:36,OP10005367,500ETF购12月5750,0.5478,0.0,0.0,0.0,10,0.5436,0.5488,30,0.5381,0.5453,0.5547,0.5453,29.0,158640.0,543
2023-05-11 09:44:36,OP10005367,500ETF购12月5750,0.5478,0.0,0.0,0.0,10,0.5436,0.5488,10,0.5381,0.5453,0.5547,0.5453,29.0,158640.0,543
2023-05-11 09:44:37,OP10005367,500ETF购12月5750,0.5478,0.0,0.0,0.0,10,0.5436,0.5488,10,0.5381,0.5453,0.5547,0.5453,29.0,158640.0,543
2023-05-11 09:44:37,OP10005367,500ETF购12月5750,0.5478,0.0,0.0,0.0,10,0.5436,0.5488,10,0.5381,0.5453,0.5547,0.5453,29.0,158640.0,543
2023-05-11 09:44:38,OP10005367,500ETF购12月5750,0.5478,0.0,0.0,0.0,10,0.5436,0.5496,30,0.5381,0.5453,0.5547,0.5453,29.0,158640.0,543
2023-05-11 09:44:38,OP10005367,500ETF购12月5750,0.5478,0.0,0.0,0.0,10,0.5436,0.5496,30,0.5381,0.5453,0.5547,0.5453,29.0,158640.0,543
2023-05-11 09:44:39,OP10005367,500ETF购12月5750,0.5478,0.0,0.0,0.0,10,0.5436,0.5496,30,0.5381,0.5453,0.5547,0.5453,29.0,158640.0,543
2023-05-11 09:44:41,OP10005367,500ETF购12月5750,0.5478,0.0,0.0,0.0,10,0.5436,0.5487,10,0.5381,0.5453,0.5547,0.5453,29.0,158640.0,543
2023-05-11 09:44:42,OP10005367,500ETF购12月5750,0.5478,0.0,0.0,0.0,10,0.5436,0.5487,30,0.5381,0.5453,0.5547,0.5453,29.0,158640.0,543
2023-05-11 09:44:42,OP10005367,500ETF购12月5750,0.5478,0.0,0.0,0.0,10,0.5436,0.5487,30,0.5381,0.5453,0.5547,0.5453,29.0,158640.0,543
2023-05-11 09:44:43,OP10005367,500ETF购12月5750,0.5478,0.0,0.0,0.0,10,0.5436,0.5487,40,0.5381,0.5453,0.5547,0.5453,29.0,158640.0,543
2023-05-11 09:44:43,OP10005367,500ETF购12月5750,0.5478,0.0,0.0,0.0,10,0.5436,0.5487,40,0.5381,0.5453,0.5547,0.5453,29.0,158640.0,543
2023-05-11 09:44:44,OP10005367,500ETF购12月5750,0.5478,0.0,0.0,0.0,10,0.5436,0.5477,10,0.5381,0.5453,0.5547,0.5453,29.0,158640.0,543
2023-05-11 09:44:44,OP10005367,500ETF购12月5750,0.5478,0.0,0.0,0.0,10,0.5436,0.5477,10,0.5381,0.5453,0.5547,0.5453,29.0,158640.0,543
2023-05-11 09:44:45,OP10005367,500ETF购12月5750,0.5478,0.0,0.0,0.0,10,0.5436,0.5477,10,0.5381,0.5453,0.5547,0.5453,29.0,158640.0,543
2023-05-11 09:44:47,OP10005367,500ETF购12月5750,0.5477,1.0,5477.0,1.0,10,0.5434,0.5478,10,0.5381,0.5453,0.5547,0.5453,30.0,164117.0,544
2023-05-11 09:44:47,OP10005367,500ETF购12月5750,0.5477,0.0,0.0,0.0,10,0.5434,0.5478,10,0.5381,0.5453,0.5547,0.5453,30.0,164117.0,544
2023-05-11 09:44:48,OP10005367,500ETF购12月5750,0.5477,0.0,0.0,0.0,10,0.5434,0.5487,30,0.5381,0.5453,0.5547,0.5453,30.0,164117.0,544
2023-05-11 09:44:48,OP10005367,500ETF购12月5750,0.5477,0.0,0.0,0.0,10,0.5434,0.5487,40,0.5381,0.5453,0.5547,0.5453,30.0,164117.0,544
2023-05-11 09:44:51,OP10005367,500ETF购12月5750,0.5477,0.0,0.0,0.0,10,0.5434,0.5475,10,0.5381,0.5453,0.5547,0.5453,30.0,164117.0,544
2023-05-11 09:44:52,OP10005367,500ETF购12月5750,0.5477,0.0,0.0,0.0,10,0.5434,0.5475,30,0.5381,0.5453,0.5547,0.5453,30.0,164117.0,544
2023-05-11 09:44:54,OP10005367,500ETF购12月5750,0.5475,1.0,5475.0,1.0,10,0.5433,0.5475,20,0.5381,0.5453,0.5547,0.5453,31.0,169592.0,545
2023-05-11 09:44:54,OP10005367,500ETF购12月5750,0.5475,0.0,0.0,0.0,10,0.5433,0.5475,20,0.5381,0.5453,0.5547,0.5453,31.0,169592.0,545
2023-05-11 09:44:55,OP10005367,500ETF购12月5750,0.5475,1.0,5475.0,1.0,10,0.5433,0.5475,19,0.5381,0.5453,0.5547,0.5453,32.0,175067.0,546
2023-05-11 09:44:55,OP10005367,500ETF购12月5750,0.5475,0.0,0.0,0.0,10,0.5433,0.5475,20,0.5381,0.5453,0.5547,0.5453,32.0,175067.0,546
2023-05-11 09:44:56,OP10005367,500ETF购12月5750,0.5475,1.0,5475.0,1.0,10,0.5433,0.5475,19,0.5381,0.5453,0.5547,0.5453,33.0,180542.0,547
2023-05-11 09:44:56,OP10005367,500ETF购12月5750,0.5475,0.0,0.0,0.0,10,0.5433,0.5475,20,0.5381,0.5453,0.5547,0.5453,33.0,180542.0,547
2023-05-11 09:44:57,OP10005367,500ETF购12月5750,0.5475,0.0,0.0,0.0,10,0.5433,0.5475,20,0.5381,0.5453,0.5547,0.5453,33.0,180542.0,547
2023-05-11 09:44:59,OP10005367,500ETF购12月5750,0.5475,0.0,0.0,0.0,30,0.5428,0.5475,20,0.5381,0.5453,0.5547,0.5453,33.0,180542.0,547
2023-05-11 09:44:59,OP10005367,500ETF购12月5750,0.5475,0.0,0.0,0.0,20,0.5428,0.5475,20,0.5381,0.5453,0.5547,0.5453,33.0,180542.0,547
2023-05-11 09:45:00,OP10005367,500ETF购12月5750,0.5475,0.0,0.0,0.0,20,0.5428,0.5475,30,0.5381,0.5453,0.5547,0.5453,33.0,180542.0,547
2023-05-11 09:45:01,OP10005367,500ETF购12月5750,0.5475,0.0,0.0,0.0,20,0.5428,0.5463,10,0.5381,0.5453,0.5547,0.5453,33.0,180542.0,547
2023-05-11 09:45:01,OP10005367,500ETF购12月5750,0.5475,0.0,0.0,0.0,20,0.5428,0.5463,30,0.5381,0.5453,0.5547,0.5453,33.0,180542.0,547
