time,symbol_id,symbol_name,last,trade_volume,trade_amount,open_interest_change,bv1,bp1,ap1,av1,yesterday_close,today_open,today_high,today_low,volume,amount,open_interest
2023-05-10 20:56:48,a2401-P-4450,a2401-P-4450,92.5,0.0,0.0,0.0,1,1.5,0.0,0,92.5,0.0,0.0,0.0,0.0,0.0,2
2023-05-10 21:00:32,a2401-P-4450,a2401-P-4450,92.5,0.0,0.0,0.0,1,2.0,0.0,0,92.5,0.0,0.0,0.0,0.0,0.0,2
2023-05-10 21:02:22,a2401-P-4450,a2401-P-4450,92.5,0.0,0.0,0.0,1,2.5,0.0,0,92.5,0.0,0.0,0.0,0.0,0.0,2
2023-05-10 21:04:36,a2401-P-4450,a2401-P-4450,92.5,0.0,0.0,0.0,2,2.5,0.0,0,92.5,0.0,0.0,0.0,0.0,0.0,2
2023-05-10 21:10:06,a2401-P-4450,a2401-P-4450,92.5,0.0,0.0,0.0,1,3.5,0.0,0,92.5,0.0,0.0,0.0,0.0,0.0,2
2023-05-10 21:10:50,a2401-P-4450,a2401-P-4450,92.5,0.0,0.0,0.0,1,4.0,0.0,0,92.5,0.0,0.0,0.0,0.0,0.0,2
2023-05-10 21:30:32,a2401-P-4450,a2401-P-4450,92.5,0.0,0.0,0.0,1,4.5,0.0,0,92.5,0.0,0.0,0.0,0.0,0.0,2
2023-05-10 21:30:36,a2401-P-4450,a2401-P-4450,92.5,0.0,0.0,0.0,1,5.0,0.0,0,92.5,0.0,0.0,0.0,0.0,0.0,2
2023-05-10 22:00:32,a2401-P-4450,a2401-P-4450,92.5,0.0,0.0,0.0,1,5.5,0.0,0,92.5,0.0,0.0,0.0,0.0,0.0,2
2023-05-10 22:00:35,a2401-P-4450,a2401-P-4450,92.5,0.0,0.0,0.0,1,6.0,0.0,0,92.5,0.0,0.0,0.0,0.0,0.0,2
2023-05-10 22:42:00,a2401-P-4450,a2401-P-4450,92.5,0.0,0.0,0.0,1,6.5,0.0,0,92.5,0.0,0.0,0.0,0.0,0.0,2
2023-05-10 22:42:05,a2401-P-4450,a2401-P-4450,92.5,0.0,0.0,0.0,1,7.0,0.0,0,92.5,0.0,0.0,0.0,0.0,0.0,2
2023-05-10 22:57:26,a2401-P-4450,a2401-P-4450,92.5,0.0,0.0,0.0,1,6.5,0.0,0,92.5,0.0,0.0,0.0,0.0,0.0,2
2023-05-11 09:00:00,a2401-P-4450,a2401-P-4450,92.5,0.0,0.0,0.0,1,3.5,0.0,0,92.5,0.0,0.0,0.0,0.0,0.0,2
2023-05-11 09:00:45,a2401-P-4450,a2401-P-4450,92.5,0.0,0.0,0.0,1,4.0,0.0,0,92.5,0.0,0.0,0.0,0.0,0.0,2
2023-05-11 09:01:53,a2401-P-4450,a2401-P-4450,92.5,0.0,0.0,0.0,1,4.5,0.0,0,92.5,0.0,0.0,0.0,0.0,0.0,2
2023-05-11 09:38:01,a2401-P-4450,a2401-P-4450,92.5,0.0,0.0,0.0,2,4.5,0.0,0,92.5,0.0,0.0,0.0,0.0,0.0,2
2023-05-11 09:38:47,a2401-P-4450,a2401-P-4450,92.5,0.0,0.0,0.0,1,5.0,0.0,0,92.5,0.0,0.0,0.0,0.0,0.0,2
2023-05-11 09:38:54,a2401-P-4450,a2401-P-4450,92.5,0.0,0.0,0.0,1,5.5,0.0,0,92.5,0.0,0.0,0.0,0.0,0.0,2
2023-05-11 09:39:20,a2401-P-4450,a2401-P-4450,92.5,0.0,0.0,0.0,2,5.5,0.0,0,92.5,0.0,0.0,0.0,0.0,0.0,2
2023-05-11 10:12:27,a2401-P-4450,a2401-P-4450,92.5,0.0,0.0,0.0,1,5.5,0.0,0,92.5,0.0,0.0,0.0,0.0,0.0,2
2023-05-11 10:13:17,a2401-P-4450,a2401-P-4450,92.5,0.0,0.0,0.0,1,6.0,0.0,0,92.5,0.0,0.0,0.0,0.0,0.0,2
2023-05-11 10:31:04,a2401-P-4450,a2401-P-4450,92.5,0.0,0.0,0.0,1,6.5,0.0,0,92.5,0.0,0.0,0.0,0.0,0.0,2
2023-05-11 10:55:54,a2401-P-4450,a2401-P-4450,92.5,0.0,0.0,0.0,1,7.0,0.0,0,92.5,0.0,0.0,0.0,0.0,0.0,2
2023-05-11 10:55:58,a2401-P-4450,a2401-P-4450,92.5,0.0,0.0,0.0,1,7.5,0.0,0,92.5,0.0,0.0,0.0,0.0,0.0,2
2023-05-11 11:27:22,a2401-P-4450,a2401-P-4450,92.5,0.0,0.0,0.0,1,7.0,0.0,0,92.5,0.0,0.0,0.0,0.0,0.0,2
2023-05-11 11:29:31,a2401-P-4450,a2401-P-4450,92.5,0.0,0.0,0.0,1,5.5,0.0,0,92.5,0.0,0.0,0.0,0.0,0.0,2
2023-05-11 13:30:31,a2401-P-4450,a2401-P-4450,92.5,0.0,0.0,0.0,1,6.0,0.0,0,92.5,0.0,0.0,0.0,0.0,0.0,2
2023-05-11 13:32:12,a2401-P-4450,a2401-P-4450,92.5,0.0,0.0,0.0,1,6.5,0.0,0,92.5,0.0,0.0,0.0,0.0,0.0,2
2023-05-11 13:42:55,a2401-P-4450,a2401-P-4450,92.5,0.0,0.0,0.0,1,76.5,96.5,1,92.5,0.0,0.0,0.0,0.0,0.0,2
2023-05-11 13:42:56,a2401-P-4450,a2401-P-4450,92.5,0.0,0.0,0.0,1,78.0,96.5,1,92.5,0.0,0.0,0.0,0.0,0.0,2
2023-05-11 13:43:01,a2401-P-4450,a2401-P-4450,92.5,0.0,0.0,0.0,2,78.0,96.5,2,92.5,0.0,0.0,0.0,0.0,0.0,2
2023-05-11 13:43:06,a2401-P-4450,a2401-P-4450,92.5,0.0,0.0,0.0,2,78.0,96.5,1,92.5,0.0,0.0,0.0,0.0,0.0,2
2023-05-11 13:43:07,a2401-P-4450,a2401-P-4450,92.5,0.0,0.0,0.0,1,78.0,96.5,1,92.5,0.0,0.0,0.0,0.0,0.0,2
2023-05-11 13:43:13,a2401-P-4450,a2401-P-4450,92.5,0.0,0.0,0.0,1,6.0,0.0,0,92.5,0.0,0.0,0.0,0.0,0.0,2
2023-05-11 13:43:15,a2401-P-4450,a2401-P-4450,92.5,0.0,0.0,0.0,1,6.5,0.0,0,92.5,0.0,0.0,0.0,0.0,0.0,2
2023-05-11 14:00:58,a2401-P-4450,a2401-P-4450,92.5,0.0,0.0,0.0,1,7.0,0.0,0,92.5,0.0,0.0,0.0,0.0,0.0,2
2023-05-11 14:01:01,a2401-P-4450,a2401-P-4450,92.5,0.0,0.0,0.0,1,7.5,0.0,0,92.5,0.0,0.0,0.0,0.0,0.0,2
2023-05-11 14:36:43,a2401-P-4450,a2401-P-4450,92.5,0.0,0.0,0.0,1,8.0,0.0,0,92.5,0.0,0.0,0.0,0.0,0.0,2
2023-05-11 14:36:44,a2401-P-4450,a2401-P-4450,92.5,0.0,0.0,0.0,1,8.5,0.0,0,92.5,0.0,0.0,0.0,0.0,0.0,2
2023-05-11 15:01:10,a2401-P-4450,a2401-P-4450,92.5,0.0,0.0,0.0,1,8.5,0.0,0,92.5,0.0,0.0,0.0,0.0,0.0,2
