time,symbol_id,symbol_name,last,trade_volume,trade_amount,open_interest_change,bv1,bp1,ap1,av1,yesterday_close,today_open,today_high,today_low,volume,amount,open_interest
2023-05-09 20:55:28,m2311-C-4100,m2311-C-4100,18.0,0.0,0.0,0.0,1,0.5,0.0,0,18.0,0.0,0.0,0.0,0.0,0.0,40
2023-05-09 21:00:26,m2311-C-4100,m2311-C-4100,18.0,0.0,0.0,0.0,10,1.0,0.0,0,18.0,0.0,0.0,0.0,0.0,0.0,40
2023-05-09 21:05:46,m2311-C-4100,m2311-C-4100,18.0,0.0,0.0,0.0,1,1.5,0.0,0,18.0,0.0,0.0,0.0,0.0,0.0,40
2023-05-09 21:05:46,m2311-C-4100,m2311-C-4100,18.0,0.0,0.0,0.0,10,2.0,0.0,0,18.0,0.0,0.0,0.0,0.0,0.0,40
2023-05-09 21:15:45,m2311-C-4100,m2311-C-4100,18.0,0.0,0.0,0.0,10,2.0,229.0,10,18.0,0.0,0.0,0.0,0.0,0.0,40
2023-05-09 21:15:56,m2311-C-4100,m2311-C-4100,18.0,0.0,0.0,0.0,10,2.0,228.5,1,18.0,0.0,0.0,0.0,0.0,0.0,40
2023-05-09 21:15:56,m2311-C-4100,m2311-C-4100,18.0,0.0,0.0,0.0,10,2.0,228.0,10,18.0,0.0,0.0,0.0,0.0,0.0,40
2023-05-09 21:16:05,m2311-C-4100,m2311-C-4100,18.0,0.0,0.0,0.0,10,2.0,227.5,1,18.0,0.0,0.0,0.0,0.0,0.0,40
2023-05-09 21:16:05,m2311-C-4100,m2311-C-4100,18.0,0.0,0.0,0.0,10,2.0,227.0,10,18.0,0.0,0.0,0.0,0.0,0.0,40
2023-05-09 21:16:14,m2311-C-4100,m2311-C-4100,18.0,0.0,0.0,0.0,10,2.0,226.5,1,18.0,0.0,0.0,0.0,0.0,0.0,40
2023-05-09 21:16:15,m2311-C-4100,m2311-C-4100,18.0,0.0,0.0,0.0,10,2.0,226.0,10,18.0,0.0,0.0,0.0,0.0,0.0,40
2023-05-09 21:16:19,m2311-C-4100,m2311-C-4100,18.0,0.0,0.0,0.0,10,2.0,225.5,1,18.0,0.0,0.0,0.0,0.0,0.0,40
2023-05-09 21:16:19,m2311-C-4100,m2311-C-4100,18.0,0.0,0.0,0.0,10,2.0,225.0,10,18.0,0.0,0.0,0.0,0.0,0.0,40
2023-05-09 21:16:36,m2311-C-4100,m2311-C-4100,18.0,0.0,0.0,0.0,10,2.0,224.5,1,18.0,0.0,0.0,0.0,0.0,0.0,40
2023-05-09 21:16:36,m2311-C-4100,m2311-C-4100,18.0,0.0,0.0,0.0,10,2.0,224.0,10,18.0,0.0,0.0,0.0,0.0,0.0,40
2023-05-09 21:17:22,m2311-C-4100,m2311-C-4100,18.0,0.0,0.0,0.0,10,2.0,223.5,1,18.0,0.0,0.0,0.0,0.0,0.0,40
2023-05-09 21:17:22,m2311-C-4100,m2311-C-4100,18.0,0.0,0.0,0.0,10,2.0,223.0,10,18.0,0.0,0.0,0.0,0.0,0.0,40
2023-05-09 21:17:40,m2311-C-4100,m2311-C-4100,18.0,0.0,0.0,0.0,10,2.0,222.5,1,18.0,0.0,0.0,0.0,0.0,0.0,40
2023-05-09 21:17:40,m2311-C-4100,m2311-C-4100,18.0,0.0,0.0,0.0,10,2.0,222.0,10,18.0,0.0,0.0,0.0,0.0,0.0,40
2023-05-09 21:17:48,m2311-C-4100,m2311-C-4100,18.0,0.0,0.0,0.0,10,2.0,221.5,1,18.0,0.0,0.0,0.0,0.0,0.0,40
2023-05-09 21:17:48,m2311-C-4100,m2311-C-4100,18.0,0.0,0.0,0.0,10,2.0,221.0,10,18.0,0.0,0.0,0.0,0.0,0.0,40
2023-05-09 21:18:44,m2311-C-4100,m2311-C-4100,18.0,0.0,0.0,0.0,10,2.0,220.5,1,18.0,0.0,0.0,0.0,0.0,0.0,40
2023-05-09 21:18:44,m2311-C-4100,m2311-C-4100,18.0,0.0,0.0,0.0,10,2.0,220.0,10,18.0,0.0,0.0,0.0,0.0,0.0,40
2023-05-09 21:19:37,m2311-C-4100,m2311-C-4100,18.0,0.0,0.0,0.0,10,2.0,219.5,1,18.0,0.0,0.0,0.0,0.0,0.0,40
2023-05-09 21:19:37,m2311-C-4100,m2311-C-4100,18.0,0.0,0.0,0.0,10,2.0,219.0,10,18.0,0.0,0.0,0.0,0.0,0.0,40
2023-05-09 21:20:14,m2311-C-4100,m2311-C-4100,18.0,0.0,0.0,0.0,10,2.0,218.5,1,18.0,0.0,0.0,0.0,0.0,0.0,40
2023-05-09 21:20:14,m2311-C-4100,m2311-C-4100,18.0,0.0,0.0,0.0,10,2.0,218.0,10,18.0,0.0,0.0,0.0,0.0,0.0,40
2023-05-09 21:20:18,m2311-C-4100,m2311-C-4100,18.0,0.0,0.0,0.0,10,2.0,217.5,1,18.0,0.0,0.0,0.0,0.0,0.0,40
2023-05-09 21:20:19,m2311-C-4100,m2311-C-4100,18.0,0.0,0.0,0.0,10,2.0,217.0,10,18.0,0.0,0.0,0.0,0.0,0.0,40
2023-05-09 21:20:29,m2311-C-4100,m2311-C-4100,18.0,0.0,0.0,0.0,10,2.0,216.5,1,18.0,0.0,0.0,0.0,0.0,0.0,40
2023-05-09 21:20:29,m2311-C-4100,m2311-C-4100,18.0,0.0,0.0,0.0,10,2.0,216.0,10,18.0,0.0,0.0,0.0,0.0,0.0,40
2023-05-09 21:20:38,m2311-C-4100,m2311-C-4100,18.0,0.0,0.0,0.0,10,2.0,215.5,1,18.0,0.0,0.0,0.0,0.0,0.0,40
2023-05-09 21:20:39,m2311-C-4100,m2311-C-4100,18.0,0.0,0.0,0.0,10,2.0,215.0,10,18.0,0.0,0.0,0.0,0.0,0.0,40
2023-05-09 21:20:47,m2311-C-4100,m2311-C-4100,18.0,0.0,0.0,0.0,10,2.0,214.5,1,18.0,0.0,0.0,0.0,0.0,0.0,40
2023-05-09 21:20:47,m2311-C-4100,m2311-C-4100,18.0,0.0,0.0,0.0,10,2.0,214.0,10,18.0,0.0,0.0,0.0,0.0,0.0,40
2023-05-09 21:20:52,m2311-C-4100,m2311-C-4100,18.0,0.0,0.0,0.0,10,2.0,213.5,1,18.0,0.0,0.0,0.0,0.0,0.0,40
2023-05-09 21:20:53,m2311-C-4100,m2311-C-4100,18.0,0.0,0.0,0.0,10,2.0,213.0,10,18.0,0.0,0.0,0.0,0.0,0.0,40
2023-05-09 21:21:00,m2311-C-4100,m2311-C-4100,18.0,0.0,0.0,0.0,10,2.0,212.5,1,18.0,0.0,0.0,0.0,0.0,0.0,40
2023-05-09 21:21:00,m2311-C-4100,m2311-C-4100,18.0,0.0,0.0,0.0,10,2.0,212.0,10,18.0,0.0,0.0,0.0,0.0,0.0,40
2023-05-09 21:21:05,m2311-C-4100,m2311-C-4100,18.0,0.0,0.0,0.0,10,2.0,211.5,1,18.0,0.0,0.0,0.0,0.0,0.0,40
2023-05-09 21:21:06,m2311-C-4100,m2311-C-4100,18.0,0.0,0.0,0.0,10,2.0,211.0,10,18.0,0.0,0.0,0.0,0.0,0.0,40
2023-05-09 21:21:32,m2311-C-4100,m2311-C-4100,18.0,0.0,0.0,0.0,10,2.0,210.5,1,18.0,0.0,0.0,0.0,0.0,0.0,40
2023-05-09 21:21:33,m2311-C-4100,m2311-C-4100,18.0,0.0,0.0,0.0,10,2.0,210.0,10,18.0,0.0,0.0,0.0,0.0,0.0,40
2023-05-09 21:21:58,m2311-C-4100,m2311-C-4100,18.0,0.0,0.0,0.0,10,2.0,209.5,1,18.0,0.0,0.0,0.0,0.0,0.0,40
2023-05-09 21:21:59,m2311-C-4100,m2311-C-4100,18.0,0.0,0.0,0.0,10,2.0,209.0,10,18.0,0.0,0.0,0.0,0.0,0.0,40
2023-05-09 21:22:08,m2311-C-4100,m2311-C-4100,18.0,0.0,0.0,0.0,10,2.0,208.5,1,18.0,0.0,0.0,0.0,0.0,0.0,40
2023-05-09 21:22:08,m2311-C-4100,m2311-C-4100,18.0,0.0,0.0,0.0,10,2.0,208.0,10,18.0,0.0,0.0,0.0,0.0,0.0,40
2023-05-09 21:22:14,m2311-C-4100,m2311-C-4100,18.0,0.0,0.0,0.0,10,2.0,207.5,1,18.0,0.0,0.0,0.0,0.0,0.0,40
2023-05-09 21:22:14,m2311-C-4100,m2311-C-4100,18.0,0.0,0.0,0.0,10,2.0,207.0,10,18.0,0.0,0.0,0.0,0.0,0.0,40
2023-05-09 21:22:17,m2311-C-4100,m2311-C-4100,18.0,0.0,0.0,0.0,10,2.0,206.5,1,18.0,0.0,0.0,0.0,0.0,0.0,40
2023-05-09 21:22:17,m2311-C-4100,m2311-C-4100,18.0,0.0,0.0,0.0,10,2.0,206.0,10,18.0,0.0,0.0,0.0,0.0,0.0,40
2023-05-09 21:22:21,m2311-C-4100,m2311-C-4100,18.0,0.0,0.0,0.0,10,2.0,205.5,1,18.0,0.0,0.0,0.0,0.0,0.0,40
2023-05-09 21:22:21,m2311-C-4100,m2311-C-4100,18.0,0.0,0.0,0.0,10,2.0,205.0,10,18.0,0.0,0.0,0.0,0.0,0.0,40
2023-05-09 21:22:25,m2311-C-4100,m2311-C-4100,18.0,0.0,0.0,0.0,10,2.0,204.5,1,18.0,0.0,0.0,0.0,0.0,0.0,40
2023-05-09 21:22:25,m2311-C-4100,m2311-C-4100,18.0,0.0,0.0,0.0,10,2.0,204.0,10,18.0,0.0,0.0,0.0,0.0,0.0,40
2023-05-09 21:22:29,m2311-C-4100,m2311-C-4100,18.0,0.0,0.0,0.0,10,2.0,203.5,1,18.0,0.0,0.0,0.0,0.0,0.0,40
2023-05-09 21:22:29,m2311-C-4100,m2311-C-4100,18.0,0.0,0.0,0.0,10,2.0,203.0,10,18.0,0.0,0.0,0.0,0.0,0.0,40
2023-05-09 21:22:35,m2311-C-4100,m2311-C-4100,18.0,0.0,0.0,0.0,10,2.0,202.5,1,18.0,0.0,0.0,0.0,0.0,0.0,40
2023-05-09 21:22:35,m2311-C-4100,m2311-C-4100,18.0,0.0,0.0,0.0,10,2.0,202.0,10,18.0,0.0,0.0,0.0,0.0,0.0,40
2023-05-09 21:22:40,m2311-C-4100,m2311-C-4100,18.0,0.0,0.0,0.0,10,2.0,201.5,1,18.0,0.0,0.0,0.0,0.0,0.0,40
2023-05-09 21:22:41,m2311-C-4100,m2311-C-4100,18.0,0.0,0.0,0.0,10,2.0,201.0,10,18.0,0.0,0.0,0.0,0.0,0.0,40
2023-05-09 21:22:49,m2311-C-4100,m2311-C-4100,18.0,0.0,0.0,0.0,10,2.0,200.5,1,18.0,0.0,0.0,0.0,0.0,0.0,40
2023-05-09 21:22:49,m2311-C-4100,m2311-C-4100,18.0,0.0,0.0,0.0,10,2.0,200.0,10,18.0,0.0,0.0,0.0,0.0,0.0,40
2023-05-09 21:22:54,m2311-C-4100,m2311-C-4100,18.0,0.0,0.0,0.0,10,2.0,199.5,1,18.0,0.0,0.0,0.0,0.0,0.0,40
2023-05-09 21:22:54,m2311-C-4100,m2311-C-4100,18.0,0.0,0.0,0.0,10,2.0,199.0,10,18.0,0.0,0.0,0.0,0.0,0.0,40
2023-05-09 21:23:00,m2311-C-4100,m2311-C-4100,18.0,0.0,0.0,0.0,10,2.0,198.5,1,18.0,0.0,0.0,0.0,0.0,0.0,40
2023-05-09 21:23:00,m2311-C-4100,m2311-C-4100,18.0,0.0,0.0,0.0,10,2.0,198.0,10,18.0,0.0,0.0,0.0,0.0,0.0,40
2023-05-09 21:23:04,m2311-C-4100,m2311-C-4100,18.0,0.0,0.0,0.0,10,2.0,197.5,1,18.0,0.0,0.0,0.0,0.0,0.0,40
2023-05-09 21:23:04,m2311-C-4100,m2311-C-4100,18.0,0.0,0.0,0.0,10,2.0,197.0,10,18.0,0.0,0.0,0.0,0.0,0.0,40
2023-05-09 21:23:13,m2311-C-4100,m2311-C-4100,18.0,0.0,0.0,0.0,10,2.0,196.5,1,18.0,0.0,0.0,0.0,0.0,0.0,40
2023-05-09 21:23:13,m2311-C-4100,m2311-C-4100,18.0,0.0,0.0,0.0,10,2.0,196.0,10,18.0,0.0,0.0,0.0,0.0,0.0,40
2023-05-09 21:23:18,m2311-C-4100,m2311-C-4100,18.0,0.0,0.0,0.0,10,2.0,195.5,1,18.0,0.0,0.0,0.0,0.0,0.0,40
2023-05-09 21:23:18,m2311-C-4100,m2311-C-4100,18.0,0.0,0.0,0.0,10,2.0,195.0,10,18.0,0.0,0.0,0.0,0.0,0.0,40
2023-05-09 21:23:29,m2311-C-4100,m2311-C-4100,18.0,0.0,0.0,0.0,10,2.0,194.5,1,18.0,0.0,0.0,0.0,0.0,0.0,40
2023-05-09 21:23:29,m2311-C-4100,m2311-C-4100,18.0,0.0,0.0,0.0,10,2.0,194.0,10,18.0,0.0,0.0,0.0,0.0,0.0,40
2023-05-09 21:23:33,m2311-C-4100,m2311-C-4100,18.0,0.0,0.0,0.0,10,2.0,193.5,1,18.0,0.0,0.0,0.0,0.0,0.0,40
2023-05-09 21:23:33,m2311-C-4100,m2311-C-4100,18.0,0.0,0.0,0.0,10,2.0,193.0,10,18.0,0.0,0.0,0.0,0.0,0.0,40
2023-05-09 21:23:42,m2311-C-4100,m2311-C-4100,18.0,0.0,0.0,0.0,10,2.0,192.5,1,18.0,0.0,0.0,0.0,0.0,0.0,40
2023-05-09 21:23:42,m2311-C-4100,m2311-C-4100,18.0,0.0,0.0,0.0,10,2.0,192.0,10,18.0,0.0,0.0,0.0,0.0,0.0,40
2023-05-09 21:24:08,m2311-C-4100,m2311-C-4100,18.0,0.0,0.0,0.0,10,2.0,191.5,1,18.0,0.0,0.0,0.0,0.0,0.0,40
2023-05-09 21:24:08,m2311-C-4100,m2311-C-4100,18.0,0.0,0.0,0.0,10,2.0,191.0,10,18.0,0.0,0.0,0.0,0.0,0.0,40
2023-05-09 21:24:13,m2311-C-4100,m2311-C-4100,18.0,0.0,0.0,0.0,10,2.0,190.5,1,18.0,0.0,0.0,0.0,0.0,0.0,40
2023-05-09 21:24:13,m2311-C-4100,m2311-C-4100,18.0,0.0,0.0,0.0,10,2.0,190.0,10,18.0,0.0,0.0,0.0,0.0,0.0,40
2023-05-09 21:24:29,m2311-C-4100,m2311-C-4100,18.0,0.0,0.0,0.0,10,2.0,189.5,1,18.0,0.0,0.0,0.0,0.0,0.0,40
2023-05-09 21:24:30,m2311-C-4100,m2311-C-4100,18.0,0.0,0.0,0.0,10,2.0,189.0,10,18.0,0.0,0.0,0.0,0.0,0.0,40
2023-05-09 21:24:39,m2311-C-4100,m2311-C-4100,18.0,0.0,0.0,0.0,10,2.0,188.5,1,18.0,0.0,0.0,0.0,0.0,0.0,40
2023-05-09 21:24:39,m2311-C-4100,m2311-C-4100,18.0,0.0,0.0,0.0,10,2.0,188.0,10,18.0,0.0,0.0,0.0,0.0,0.0,40
2023-05-09 21:24:43,m2311-C-4100,m2311-C-4100,18.0,0.0,0.0,0.0,10,2.0,187.5,1,18.0,0.0,0.0,0.0,0.0,0.0,40
2023-05-09 21:24:43,m2311-C-4100,m2311-C-4100,18.0,0.0,0.0,0.0,10,2.0,187.0,10,18.0,0.0,0.0,0.0,0.0,0.0,40
2023-05-09 21:24:47,m2311-C-4100,m2311-C-4100,18.0,0.0,0.0,0.0,10,2.0,186.5,1,18.0,0.0,0.0,0.0,0.0,0.0,40
2023-05-09 21:24:47,m2311-C-4100,m2311-C-4100,18.0,0.0,0.0,0.0,10,2.0,186.0,10,18.0,0.0,0.0,0.0,0.0,0.0,40
2023-05-09 21:24:53,m2311-C-4100,m2311-C-4100,18.0,0.0,0.0,0.0,10,2.0,185.5,1,18.0,0.0,0.0,0.0,0.0,0.0,40
2023-05-09 21:24:53,m2311-C-4100,m2311-C-4100,18.0,0.0,0.0,0.0,10,2.0,185.0,10,18.0,0.0,0.0,0.0,0.0,0.0,40
2023-05-09 21:24:58,m2311-C-4100,m2311-C-4100,18.0,0.0,0.0,0.0,10,2.0,184.5,1,18.0,0.0,0.0,0.0,0.0,0.0,40
2023-05-09 21:24:58,m2311-C-4100,m2311-C-4100,18.0,0.0,0.0,0.0,10,2.0,184.0,10,18.0,0.0,0.0,0.0,0.0,0.0,40
2023-05-09 21:25:11,m2311-C-4100,m2311-C-4100,18.0,0.0,0.0,0.0,10,2.0,183.5,1,18.0,0.0,0.0,0.0,0.0,0.0,40
2023-05-09 21:25:11,m2311-C-4100,m2311-C-4100,18.0,0.0,0.0,0.0,10,2.0,183.0,10,18.0,0.0,0.0,0.0,0.0,0.0,40
2023-05-09 21:25:22,m2311-C-4100,m2311-C-4100,18.0,0.0,0.0,0.0,10,2.0,182.5,1,18.0,0.0,0.0,0.0,0.0,0.0,40
2023-05-09 21:25:22,m2311-C-4100,m2311-C-4100,18.0,0.0,0.0,0.0,10,2.0,182.0,10,18.0,0.0,0.0,0.0,0.0,0.0,40
2023-05-09 21:25:30,m2311-C-4100,m2311-C-4100,18.0,0.0,0.0,0.0,10,2.0,181.5,1,18.0,0.0,0.0,0.0,0.0,0.0,40
2023-05-09 21:25:30,m2311-C-4100,m2311-C-4100,18.0,0.0,0.0,0.0,10,2.0,181.0,10,18.0,0.0,0.0,0.0,0.0,0.0,40
2023-05-09 22:57:33,m2311-C-4100,m2311-C-4100,18.0,0.0,0.0,0.0,1,1.5,0.0,0,18.0,0.0,0.0,0.0,0.0,0.0,40
2023-05-09 22:58:21,m2311-C-4100,m2311-C-4100,18.0,0.0,0.0,0.0,10,2.0,0.0,0,18.0,0.0,0.0,0.0,0.0,0.0,40
2023-05-09 22:59:55,m2311-C-4100,m2311-C-4100,18.0,0.0,0.0,0.0,1,1.5,0.0,0,18.0,0.0,0.0,0.0,0.0,0.0,40
2023-05-10 09:00:02,m2311-C-4100,m2311-C-4100,18.0,0.0,0.0,0.0,10,2.0,0.0,0,18.0,0.0,0.0,0.0,0.0,0.0,40
2023-05-10 09:07:59,m2311-C-4100,m2311-C-4100,18.0,0.0,0.0,0.0,10,2.0,229.0,10,18.0,0.0,0.0,0.0,0.0,0.0,40
2023-05-10 09:08:21,m2311-C-4100,m2311-C-4100,18.0,0.0,0.0,0.0,10,2.0,228.5,1,18.0,0.0,0.0,0.0,0.0,0.0,40
2023-05-10 09:08:21,m2311-C-4100,m2311-C-4100,18.0,0.0,0.0,0.0,10,2.0,228.0,10,18.0,0.0,0.0,0.0,0.0,0.0,40
2023-05-10 09:08:53,m2311-C-4100,m2311-C-4100,18.0,0.0,0.0,0.0,10,2.0,227.5,1,18.0,0.0,0.0,0.0,0.0,0.0,40
2023-05-10 09:08:53,m2311-C-4100,m2311-C-4100,18.0,0.0,0.0,0.0,10,2.0,227.0,10,18.0,0.0,0.0,0.0,0.0,0.0,40
2023-05-10 09:09:06,m2311-C-4100,m2311-C-4100,18.0,0.0,0.0,0.0,10,2.0,226.5,1,18.0,0.0,0.0,0.0,0.0,0.0,40
2023-05-10 09:09:06,m2311-C-4100,m2311-C-4100,18.0,0.0,0.0,0.0,10,2.0,226.0,10,18.0,0.0,0.0,0.0,0.0,0.0,40
2023-05-10 09:09:51,m2311-C-4100,m2311-C-4100,18.0,0.0,0.0,0.0,10,2.0,225.5,1,18.0,0.0,0.0,0.0,0.0,0.0,40
2023-05-10 09:09:51,m2311-C-4100,m2311-C-4100,18.0,0.0,0.0,0.0,10,2.0,225.0,10,18.0,0.0,0.0,0.0,0.0,0.0,40
2023-05-10 09:10:37,m2311-C-4100,m2311-C-4100,18.0,0.0,0.0,0.0,10,2.0,224.5,1,18.0,0.0,0.0,0.0,0.0,0.0,40
2023-05-10 09:10:37,m2311-C-4100,m2311-C-4100,18.0,0.0,0.0,0.0,10,2.0,224.0,10,18.0,0.0,0.0,0.0,0.0,0.0,40
2023-05-10 09:11:12,m2311-C-4100,m2311-C-4100,18.0,0.0,0.0,0.0,10,2.0,223.5,1,18.0,0.0,0.0,0.0,0.0,0.0,40
2023-05-10 09:11:12,m2311-C-4100,m2311-C-4100,18.0,0.0,0.0,0.0,10,2.0,223.0,10,18.0,0.0,0.0,0.0,0.0,0.0,40
2023-05-10 09:11:23,m2311-C-4100,m2311-C-4100,18.0,0.0,0.0,0.0,10,2.0,222.5,1,18.0,0.0,0.0,0.0,0.0,0.0,40
2023-05-10 09:11:23,m2311-C-4100,m2311-C-4100,18.0,0.0,0.0,0.0,10,2.0,222.0,10,18.0,0.0,0.0,0.0,0.0,0.0,40
2023-05-10 09:11:32,m2311-C-4100,m2311-C-4100,18.0,0.0,0.0,0.0,10,2.0,221.5,1,18.0,0.0,0.0,0.0,0.0,0.0,40
2023-05-10 09:11:32,m2311-C-4100,m2311-C-4100,18.0,0.0,0.0,0.0,10,2.0,221.0,10,18.0,0.0,0.0,0.0,0.0,0.0,40
2023-05-10 09:12:19,m2311-C-4100,m2311-C-4100,18.0,0.0,0.0,0.0,10,2.0,220.5,1,18.0,0.0,0.0,0.0,0.0,0.0,40
2023-05-10 09:12:19,m2311-C-4100,m2311-C-4100,18.0,0.0,0.0,0.0,10,2.0,220.0,10,18.0,0.0,0.0,0.0,0.0,0.0,40
2023-05-10 09:13:29,m2311-C-4100,m2311-C-4100,18.0,0.0,0.0,0.0,10,2.0,219.5,1,18.0,0.0,0.0,0.0,0.0,0.0,40
2023-05-10 09:13:30,m2311-C-4100,m2311-C-4100,18.0,0.0,0.0,0.0,10,2.0,219.0,10,18.0,0.0,0.0,0.0,0.0,0.0,40
2023-05-10 09:13:52,m2311-C-4100,m2311-C-4100,18.0,0.0,0.0,0.0,10,2.0,218.5,1,18.0,0.0,0.0,0.0,0.0,0.0,40
2023-05-10 09:13:53,m2311-C-4100,m2311-C-4100,18.0,0.0,0.0,0.0,10,2.0,218.0,10,18.0,0.0,0.0,0.0,0.0,0.0,40
2023-05-10 09:14:59,m2311-C-4100,m2311-C-4100,18.0,0.0,0.0,0.0,10,2.0,217.5,1,18.0,0.0,0.0,0.0,0.0,0.0,40
2023-05-10 09:15:00,m2311-C-4100,m2311-C-4100,18.0,0.0,0.0,0.0,10,2.0,217.0,10,18.0,0.0,0.0,0.0,0.0,0.0,40
2023-05-10 09:15:18,m2311-C-4100,m2311-C-4100,18.0,0.0,0.0,0.0,10,2.0,216.5,1,18.0,0.0,0.0,0.0,0.0,0.0,40
2023-05-10 09:15:19,m2311-C-4100,m2311-C-4100,18.0,0.0,0.0,0.0,10,2.0,216.0,10,18.0,0.0,0.0,0.0,0.0,0.0,40
2023-05-10 09:15:58,m2311-C-4100,m2311-C-4100,18.0,0.0,0.0,0.0,10,2.0,215.5,1,18.0,0.0,0.0,0.0,0.0,0.0,40
2023-05-10 09:15:58,m2311-C-4100,m2311-C-4100,18.0,0.0,0.0,0.0,10,2.0,215.0,10,18.0,0.0,0.0,0.0,0.0,0.0,40
2023-05-10 09:16:48,m2311-C-4100,m2311-C-4100,18.0,0.0,0.0,0.0,10,2.0,214.0,10,18.0,0.0,0.0,0.0,0.0,0.0,40
2023-05-10 09:17:16,m2311-C-4100,m2311-C-4100,18.0,0.0,0.0,0.0,10,2.0,213.5,1,18.0,0.0,0.0,0.0,0.0,0.0,40
2023-05-10 09:17:16,m2311-C-4100,m2311-C-4100,18.0,0.0,0.0,0.0,10,2.0,213.0,10,18.0,0.0,0.0,0.0,0.0,0.0,40
2023-05-10 09:17:27,m2311-C-4100,m2311-C-4100,18.0,0.0,0.0,0.0,10,2.0,212.5,1,18.0,0.0,0.0,0.0,0.0,0.0,40
2023-05-10 09:17:27,m2311-C-4100,m2311-C-4100,18.0,0.0,0.0,0.0,10,2.0,212.0,10,18.0,0.0,0.0,0.0,0.0,0.0,40
2023-05-10 09:17:46,m2311-C-4100,m2311-C-4100,18.0,0.0,0.0,0.0,10,2.0,211.5,1,18.0,0.0,0.0,0.0,0.0,0.0,40
2023-05-10 09:17:46,m2311-C-4100,m2311-C-4100,18.0,0.0,0.0,0.0,10,2.0,211.0,10,18.0,0.0,0.0,0.0,0.0,0.0,40
2023-05-10 09:18:51,m2311-C-4100,m2311-C-4100,18.0,0.0,0.0,0.0,10,2.0,210.5,1,18.0,0.0,0.0,0.0,0.0,0.0,40
2023-05-10 09:18:51,m2311-C-4100,m2311-C-4100,18.0,0.0,0.0,0.0,10,2.0,210.0,10,18.0,0.0,0.0,0.0,0.0,0.0,40
2023-05-10 09:19:34,m2311-C-4100,m2311-C-4100,18.0,0.0,0.0,0.0,10,2.0,209.5,1,18.0,0.0,0.0,0.0,0.0,0.0,40
2023-05-10 09:19:35,m2311-C-4100,m2311-C-4100,18.0,0.0,0.0,0.0,10,2.0,209.0,10,18.0,0.0,0.0,0.0,0.0,0.0,40
2023-05-10 09:20:20,m2311-C-4100,m2311-C-4100,18.0,0.0,0.0,0.0,10,2.0,208.5,1,18.0,0.0,0.0,0.0,0.0,0.0,40
2023-05-10 09:20:20,m2311-C-4100,m2311-C-4100,18.0,0.0,0.0,0.0,10,2.0,208.0,10,18.0,0.0,0.0,0.0,0.0,0.0,40
2023-05-10 09:21:00,m2311-C-4100,m2311-C-4100,18.0,0.0,0.0,0.0,10,2.0,207.5,1,18.0,0.0,0.0,0.0,0.0,0.0,40
2023-05-10 09:21:01,m2311-C-4100,m2311-C-4100,18.0,0.0,0.0,0.0,10,2.0,207.0,10,18.0,0.0,0.0,0.0,0.0,0.0,40
2023-05-10 09:21:23,m2311-C-4100,m2311-C-4100,18.0,0.0,0.0,0.0,10,2.0,206.5,1,18.0,0.0,0.0,0.0,0.0,0.0,40
2023-05-10 09:21:23,m2311-C-4100,m2311-C-4100,18.0,0.0,0.0,0.0,10,2.0,206.0,10,18.0,0.0,0.0,0.0,0.0,0.0,40
2023-05-10 09:21:54,m2311-C-4100,m2311-C-4100,18.0,0.0,0.0,0.0,10,2.0,205.5,1,18.0,0.0,0.0,0.0,0.0,0.0,40
2023-05-10 09:21:54,m2311-C-4100,m2311-C-4100,18.0,0.0,0.0,0.0,10,2.0,205.0,10,18.0,0.0,0.0,0.0,0.0,0.0,40
2023-05-10 09:22:15,m2311-C-4100,m2311-C-4100,18.0,0.0,0.0,0.0,10,2.0,204.5,1,18.0,0.0,0.0,0.0,0.0,0.0,40
2023-05-10 09:22:16,m2311-C-4100,m2311-C-4100,18.0,0.0,0.0,0.0,10,2.0,204.0,10,18.0,0.0,0.0,0.0,0.0,0.0,40
2023-05-10 09:22:32,m2311-C-4100,m2311-C-4100,18.0,0.0,0.0,0.0,10,2.0,203.5,1,18.0,0.0,0.0,0.0,0.0,0.0,40
2023-05-10 09:22:32,m2311-C-4100,m2311-C-4100,18.0,0.0,0.0,0.0,10,2.0,203.0,10,18.0,0.0,0.0,0.0,0.0,0.0,40
2023-05-10 09:22:40,m2311-C-4100,m2311-C-4100,18.0,0.0,0.0,0.0,10,2.0,202.5,1,18.0,0.0,0.0,0.0,0.0,0.0,40
2023-05-10 09:22:40,m2311-C-4100,m2311-C-4100,18.0,0.0,0.0,0.0,10,2.0,202.0,10,18.0,0.0,0.0,0.0,0.0,0.0,40
2023-05-10 09:23:08,m2311-C-4100,m2311-C-4100,18.0,0.0,0.0,0.0,10,2.0,201.5,1,18.0,0.0,0.0,0.0,0.0,0.0,40
2023-05-10 09:23:08,m2311-C-4100,m2311-C-4100,18.0,0.0,0.0,0.0,10,2.0,201.0,10,18.0,0.0,0.0,0.0,0.0,0.0,40
2023-05-10 09:23:14,m2311-C-4100,m2311-C-4100,18.0,0.0,0.0,0.0,10,2.0,200.5,1,18.0,0.0,0.0,0.0,0.0,0.0,40
2023-05-10 09:23:14,m2311-C-4100,m2311-C-4100,18.0,0.0,0.0,0.0,10,2.0,200.0,10,18.0,0.0,0.0,0.0,0.0,0.0,40
2023-05-10 09:23:24,m2311-C-4100,m2311-C-4100,18.0,0.0,0.0,0.0,10,2.0,199.5,1,18.0,0.0,0.0,0.0,0.0,0.0,40
2023-05-10 09:23:24,m2311-C-4100,m2311-C-4100,18.0,0.0,0.0,0.0,10,2.0,199.0,10,18.0,0.0,0.0,0.0,0.0,0.0,40
2023-05-10 09:23:43,m2311-C-4100,m2311-C-4100,18.0,0.0,0.0,0.0,10,2.0,198.5,1,18.0,0.0,0.0,0.0,0.0,0.0,40
2023-05-10 09:23:43,m2311-C-4100,m2311-C-4100,18.0,0.0,0.0,0.0,10,2.0,198.0,10,18.0,0.0,0.0,0.0,0.0,0.0,40
2023-05-10 09:24:27,m2311-C-4100,m2311-C-4100,18.0,0.0,0.0,0.0,10,2.0,197.5,1,18.0,0.0,0.0,0.0,0.0,0.0,40
2023-05-10 09:24:27,m2311-C-4100,m2311-C-4100,18.0,0.0,0.0,0.0,10,2.0,197.0,10,18.0,0.0,0.0,0.0,0.0,0.0,40
2023-05-10 09:24:47,m2311-C-4100,m2311-C-4100,18.0,0.0,0.0,0.0,10,2.0,196.5,1,18.0,0.0,0.0,0.0,0.0,0.0,40
2023-05-10 09:24:47,m2311-C-4100,m2311-C-4100,18.0,0.0,0.0,0.0,10,2.0,196.0,10,18.0,0.0,0.0,0.0,0.0,0.0,40
2023-05-10 09:24:52,m2311-C-4100,m2311-C-4100,18.0,0.0,0.0,0.0,10,2.0,195.5,1,18.0,0.0,0.0,0.0,0.0,0.0,40
2023-05-10 09:24:52,m2311-C-4100,m2311-C-4100,18.0,0.0,0.0,0.0,10,2.0,195.0,10,18.0,0.0,0.0,0.0,0.0,0.0,40
2023-05-10 09:25:17,m2311-C-4100,m2311-C-4100,18.0,0.0,0.0,0.0,10,2.0,194.5,1,18.0,0.0,0.0,0.0,0.0,0.0,40
2023-05-10 09:25:18,m2311-C-4100,m2311-C-4100,18.0,0.0,0.0,0.0,10,2.0,194.0,10,18.0,0.0,0.0,0.0,0.0,0.0,40
2023-05-10 09:25:53,m2311-C-4100,m2311-C-4100,18.0,0.0,0.0,0.0,10,2.0,193.5,1,18.0,0.0,0.0,0.0,0.0,0.0,40
2023-05-10 09:25:53,m2311-C-4100,m2311-C-4100,18.0,0.0,0.0,0.0,10,2.0,193.0,10,18.0,0.0,0.0,0.0,0.0,0.0,40
2023-05-10 09:26:01,m2311-C-4100,m2311-C-4100,18.0,0.0,0.0,0.0,10,2.0,192.5,1,18.0,0.0,0.0,0.0,0.0,0.0,40
2023-05-10 09:26:02,m2311-C-4100,m2311-C-4100,18.0,0.0,0.0,0.0,10,2.0,192.0,10,18.0,0.0,0.0,0.0,0.0,0.0,40
2023-05-10 09:26:07,m2311-C-4100,m2311-C-4100,18.0,0.0,0.0,0.0,10,2.0,191.5,1,18.0,0.0,0.0,0.0,0.0,0.0,40
2023-05-10 09:26:07,m2311-C-4100,m2311-C-4100,18.0,0.0,0.0,0.0,10,2.0,191.0,10,18.0,0.0,0.0,0.0,0.0,0.0,40
2023-05-10 09:26:11,m2311-C-4100,m2311-C-4100,18.0,0.0,0.0,0.0,10,2.0,190.5,1,18.0,0.0,0.0,0.0,0.0,0.0,40
2023-05-10 09:26:12,m2311-C-4100,m2311-C-4100,18.0,0.0,0.0,0.0,10,2.0,190.0,10,18.0,0.0,0.0,0.0,0.0,0.0,40
2023-05-10 09:26:16,m2311-C-4100,m2311-C-4100,18.0,0.0,0.0,0.0,10,2.0,189.5,1,18.0,0.0,0.0,0.0,0.0,0.0,40
2023-05-10 09:26:17,m2311-C-4100,m2311-C-4100,18.0,0.0,0.0,0.0,10,2.0,189.0,10,18.0,0.0,0.0,0.0,0.0,0.0,40
2023-05-10 09:26:20,m2311-C-4100,m2311-C-4100,18.0,0.0,0.0,0.0,10,2.0,188.5,1,18.0,0.0,0.0,0.0,0.0,0.0,40
2023-05-10 09:26:20,m2311-C-4100,m2311-C-4100,18.0,0.0,0.0,0.0,10,2.0,188.0,10,18.0,0.0,0.0,0.0,0.0,0.0,40
2023-05-10 09:26:46,m2311-C-4100,m2311-C-4100,18.0,0.0,0.0,0.0,10,2.0,187.5,1,18.0,0.0,0.0,0.0,0.0,0.0,40
2023-05-10 09:26:46,m2311-C-4100,m2311-C-4100,18.0,0.0,0.0,0.0,10,2.0,187.0,10,18.0,0.0,0.0,0.0,0.0,0.0,40
2023-05-10 09:27:26,m2311-C-4100,m2311-C-4100,18.0,0.0,0.0,0.0,10,2.0,186.5,1,18.0,0.0,0.0,0.0,0.0,0.0,40
2023-05-10 09:27:26,m2311-C-4100,m2311-C-4100,18.0,0.0,0.0,0.0,10,2.0,186.0,10,18.0,0.0,0.0,0.0,0.0,0.0,40
2023-05-10 09:27:31,m2311-C-4100,m2311-C-4100,18.0,0.0,0.0,0.0,10,2.0,185.5,1,18.0,0.0,0.0,0.0,0.0,0.0,40
2023-05-10 09:27:32,m2311-C-4100,m2311-C-4100,18.0,0.0,0.0,0.0,10,2.0,185.0,10,18.0,0.0,0.0,0.0,0.0,0.0,40
2023-05-10 09:27:35,m2311-C-4100,m2311-C-4100,18.0,0.0,0.0,0.0,10,2.0,184.5,1,18.0,0.0,0.0,0.0,0.0,0.0,40
2023-05-10 09:27:35,m2311-C-4100,m2311-C-4100,18.0,0.0,0.0,0.0,10,2.0,184.0,10,18.0,0.0,0.0,0.0,0.0,0.0,40
2023-05-10 09:27:38,m2311-C-4100,m2311-C-4100,18.0,0.0,0.0,0.0,10,2.0,183.5,1,18.0,0.0,0.0,0.0,0.0,0.0,40
2023-05-10 09:27:38,m2311-C-4100,m2311-C-4100,18.0,0.0,0.0,0.0,10,2.0,183.0,10,18.0,0.0,0.0,0.0,0.0,0.0,40
2023-05-10 09:27:43,m2311-C-4100,m2311-C-4100,18.0,0.0,0.0,0.0,10,2.0,182.5,1,18.0,0.0,0.0,0.0,0.0,0.0,40
2023-05-10 09:27:43,m2311-C-4100,m2311-C-4100,18.0,0.0,0.0,0.0,10,2.0,182.0,10,18.0,0.0,0.0,0.0,0.0,0.0,40
2023-05-10 09:27:48,m2311-C-4100,m2311-C-4100,18.0,0.0,0.0,0.0,10,2.0,181.5,1,18.0,0.0,0.0,0.0,0.0,0.0,40
2023-05-10 09:27:48,m2311-C-4100,m2311-C-4100,18.0,0.0,0.0,0.0,10,2.0,181.0,10,18.0,0.0,0.0,0.0,0.0,0.0,40
2023-05-10 10:14:32,m2311-C-4100,m2311-C-4100,18.0,0.0,0.0,0.0,1,1.5,0.0,0,18.0,0.0,0.0,0.0,0.0,0.0,40
2023-05-10 10:30:23,m2311-C-4100,m2311-C-4100,18.0,0.0,0.0,0.0,10,2.0,0.0,0,18.0,0.0,0.0,0.0,0.0,0.0,40
2023-05-10 10:47:42,m2311-C-4100,m2311-C-4100,18.0,0.0,0.0,0.0,10,2.0,229.0,10,18.0,0.0,0.0,0.0,0.0,0.0,40
2023-05-10 10:48:05,m2311-C-4100,m2311-C-4100,18.0,0.0,0.0,0.0,10,2.0,228.5,1,18.0,0.0,0.0,0.0,0.0,0.0,40
2023-05-10 10:48:05,m2311-C-4100,m2311-C-4100,18.0,0.0,0.0,0.0,10,2.0,228.0,10,18.0,0.0,0.0,0.0,0.0,0.0,40
2023-05-10 10:48:54,m2311-C-4100,m2311-C-4100,18.0,0.0,0.0,0.0,10,2.0,227.5,1,18.0,0.0,0.0,0.0,0.0,0.0,40
2023-05-10 10:48:55,m2311-C-4100,m2311-C-4100,18.0,0.0,0.0,0.0,10,2.0,227.0,10,18.0,0.0,0.0,0.0,0.0,0.0,40
2023-05-10 10:49:13,m2311-C-4100,m2311-C-4100,18.0,0.0,0.0,0.0,10,2.0,226.5,1,18.0,0.0,0.0,0.0,0.0,0.0,40
2023-05-10 10:49:14,m2311-C-4100,m2311-C-4100,18.0,0.0,0.0,0.0,10,2.0,226.0,10,18.0,0.0,0.0,0.0,0.0,0.0,40
2023-05-10 10:49:20,m2311-C-4100,m2311-C-4100,18.0,0.0,0.0,0.0,10,2.0,225.5,1,18.0,0.0,0.0,0.0,0.0,0.0,40
2023-05-10 10:49:20,m2311-C-4100,m2311-C-4100,18.0,0.0,0.0,0.0,10,2.0,225.0,10,18.0,0.0,0.0,0.0,0.0,0.0,40
2023-05-10 10:49:24,m2311-C-4100,m2311-C-4100,18.0,0.0,0.0,0.0,10,2.0,224.5,1,18.0,0.0,0.0,0.0,0.0,0.0,40
2023-05-10 10:49:25,m2311-C-4100,m2311-C-4100,18.0,0.0,0.0,0.0,10,2.0,224.0,10,18.0,0.0,0.0,0.0,0.0,0.0,40
2023-05-10 10:49:39,m2311-C-4100,m2311-C-4100,18.0,0.0,0.0,0.0,10,2.0,223.5,1,18.0,0.0,0.0,0.0,0.0,0.0,40
2023-05-10 10:49:39,m2311-C-4100,m2311-C-4100,18.0,0.0,0.0,0.0,10,2.0,223.0,10,18.0,0.0,0.0,0.0,0.0,0.0,40
2023-05-10 10:49:42,m2311-C-4100,m2311-C-4100,18.0,0.0,0.0,0.0,10,2.0,222.5,1,18.0,0.0,0.0,0.0,0.0,0.0,40
2023-05-10 10:49:42,m2311-C-4100,m2311-C-4100,18.0,0.0,0.0,0.0,10,2.0,222.0,10,18.0,0.0,0.0,0.0,0.0,0.0,40
2023-05-10 10:50:06,m2311-C-4100,m2311-C-4100,18.0,0.0,0.0,0.0,10,2.0,221.5,1,18.0,0.0,0.0,0.0,0.0,0.0,40
2023-05-10 10:50:06,m2311-C-4100,m2311-C-4100,18.0,0.0,0.0,0.0,10,2.0,221.0,10,18.0,0.0,0.0,0.0,0.0,0.0,40
2023-05-10 10:50:10,m2311-C-4100,m2311-C-4100,18.0,0.0,0.0,0.0,10,2.0,220.5,1,18.0,0.0,0.0,0.0,0.0,0.0,40
2023-05-10 10:50:10,m2311-C-4100,m2311-C-4100,18.0,0.0,0.0,0.0,10,2.0,220.0,10,18.0,0.0,0.0,0.0,0.0,0.0,40
2023-05-10 10:50:21,m2311-C-4100,m2311-C-4100,18.0,0.0,0.0,0.0,10,2.0,219.5,1,18.0,0.0,0.0,0.0,0.0,0.0,40
2023-05-10 10:50:21,m2311-C-4100,m2311-C-4100,18.0,0.0,0.0,0.0,10,2.0,219.0,10,18.0,0.0,0.0,0.0,0.0,0.0,40
2023-05-10 10:50:27,m2311-C-4100,m2311-C-4100,18.0,0.0,0.0,0.0,10,2.0,218.0,10,18.0,0.0,0.0,0.0,0.0,0.0,40
2023-05-10 10:50:32,m2311-C-4100,m2311-C-4100,18.0,0.0,0.0,0.0,10,2.0,217.5,1,18.0,0.0,0.0,0.0,0.0,0.0,40
2023-05-10 10:50:32,m2311-C-4100,m2311-C-4100,18.0,0.0,0.0,0.0,10,2.0,217.0,10,18.0,0.0,0.0,0.0,0.0,0.0,40
2023-05-10 10:50:38,m2311-C-4100,m2311-C-4100,18.0,0.0,0.0,0.0,10,2.0,216.5,1,18.0,0.0,0.0,0.0,0.0,0.0,40
2023-05-10 10:50:38,m2311-C-4100,m2311-C-4100,18.0,0.0,0.0,0.0,10,2.0,216.0,10,18.0,0.0,0.0,0.0,0.0,0.0,40
2023-05-10 10:50:41,m2311-C-4100,m2311-C-4100,18.0,0.0,0.0,0.0,10,2.0,215.5,1,18.0,0.0,0.0,0.0,0.0,0.0,40
2023-05-10 10:50:41,m2311-C-4100,m2311-C-4100,18.0,0.0,0.0,0.0,10,2.0,215.0,10,18.0,0.0,0.0,0.0,0.0,0.0,40
2023-05-10 10:50:49,m2311-C-4100,m2311-C-4100,18.0,0.0,0.0,0.0,10,2.0,214.5,1,18.0,0.0,0.0,0.0,0.0,0.0,40
2023-05-10 10:50:49,m2311-C-4100,m2311-C-4100,18.0,0.0,0.0,0.0,10,2.0,214.0,10,18.0,0.0,0.0,0.0,0.0,0.0,40
2023-05-10 10:50:54,m2311-C-4100,m2311-C-4100,18.0,0.0,0.0,0.0,10,2.0,213.5,1,18.0,0.0,0.0,0.0,0.0,0.0,40
2023-05-10 10:50:54,m2311-C-4100,m2311-C-4100,18.0,0.0,0.0,0.0,10,2.0,213.0,10,18.0,0.0,0.0,0.0,0.0,0.0,40
2023-05-10 10:51:13,m2311-C-4100,m2311-C-4100,18.0,0.0,0.0,0.0,10,2.0,212.5,1,18.0,0.0,0.0,0.0,0.0,0.0,40
2023-05-10 10:51:13,m2311-C-4100,m2311-C-4100,18.0,0.0,0.0,0.0,10,2.0,212.0,10,18.0,0.0,0.0,0.0,0.0,0.0,40
2023-05-10 10:51:19,m2311-C-4100,m2311-C-4100,18.0,0.0,0.0,0.0,10,2.0,211.5,1,18.0,0.0,0.0,0.0,0.0,0.0,40
2023-05-10 10:51:19,m2311-C-4100,m2311-C-4100,18.0,0.0,0.0,0.0,10,2.0,211.0,10,18.0,0.0,0.0,0.0,0.0,0.0,40
2023-05-10 10:51:23,m2311-C-4100,m2311-C-4100,18.0,0.0,0.0,0.0,10,2.0,210.5,1,18.0,0.0,0.0,0.0,0.0,0.0,40
2023-05-10 10:51:23,m2311-C-4100,m2311-C-4100,18.0,0.0,0.0,0.0,10,2.0,210.0,10,18.0,0.0,0.0,0.0,0.0,0.0,40
2023-05-10 10:51:45,m2311-C-4100,m2311-C-4100,18.0,0.0,0.0,0.0,10,2.0,209.5,1,18.0,0.0,0.0,0.0,0.0,0.0,40
2023-05-10 10:51:45,m2311-C-4100,m2311-C-4100,18.0,0.0,0.0,0.0,10,2.0,209.0,10,18.0,0.0,0.0,0.0,0.0,0.0,40
2023-05-10 10:51:52,m2311-C-4100,m2311-C-4100,18.0,0.0,0.0,0.0,10,2.0,208.5,1,18.0,0.0,0.0,0.0,0.0,0.0,40
2023-05-10 10:51:52,m2311-C-4100,m2311-C-4100,18.0,0.0,0.0,0.0,10,2.0,208.0,10,18.0,0.0,0.0,0.0,0.0,0.0,40
2023-05-10 10:52:36,m2311-C-4100,m2311-C-4100,18.0,0.0,0.0,0.0,10,2.0,207.5,1,18.0,0.0,0.0,0.0,0.0,0.0,40
2023-05-10 10:52:36,m2311-C-4100,m2311-C-4100,18.0,0.0,0.0,0.0,10,2.0,207.0,10,18.0,0.0,0.0,0.0,0.0,0.0,40
2023-05-10 10:52:40,m2311-C-4100,m2311-C-4100,18.0,0.0,0.0,0.0,10,2.0,206.5,1,18.0,0.0,0.0,0.0,0.0,0.0,40
2023-05-10 10:52:41,m2311-C-4100,m2311-C-4100,18.0,0.0,0.0,0.0,10,2.0,206.0,10,18.0,0.0,0.0,0.0,0.0,0.0,40
2023-05-10 10:52:44,m2311-C-4100,m2311-C-4100,18.0,0.0,0.0,0.0,10,2.0,205.5,1,18.0,0.0,0.0,0.0,0.0,0.0,40
2023-05-10 10:52:45,m2311-C-4100,m2311-C-4100,18.0,0.0,0.0,0.0,10,2.0,205.0,10,18.0,0.0,0.0,0.0,0.0,0.0,40
2023-05-10 10:52:49,m2311-C-4100,m2311-C-4100,18.0,0.0,0.0,0.0,10,2.0,204.5,1,18.0,0.0,0.0,0.0,0.0,0.0,40
2023-05-10 10:52:49,m2311-C-4100,m2311-C-4100,18.0,0.0,0.0,0.0,10,2.0,204.0,10,18.0,0.0,0.0,0.0,0.0,0.0,40
2023-05-10 10:53:04,m2311-C-4100,m2311-C-4100,18.0,0.0,0.0,0.0,10,2.0,203.5,1,18.0,0.0,0.0,0.0,0.0,0.0,40
2023-05-10 10:53:04,m2311-C-4100,m2311-C-4100,18.0,0.0,0.0,0.0,10,2.0,203.0,10,18.0,0.0,0.0,0.0,0.0,0.0,40
2023-05-10 10:53:09,m2311-C-4100,m2311-C-4100,18.0,0.0,0.0,0.0,10,2.0,202.5,1,18.0,0.0,0.0,0.0,0.0,0.0,40
2023-05-10 10:53:09,m2311-C-4100,m2311-C-4100,18.0,0.0,0.0,0.0,10,2.0,202.0,10,18.0,0.0,0.0,0.0,0.0,0.0,40
2023-05-10 10:53:15,m2311-C-4100,m2311-C-4100,18.0,0.0,0.0,0.0,10,2.0,201.5,1,18.0,0.0,0.0,0.0,0.0,0.0,40
2023-05-10 10:53:15,m2311-C-4100,m2311-C-4100,18.0,0.0,0.0,0.0,10,2.0,201.0,10,18.0,0.0,0.0,0.0,0.0,0.0,40
2023-05-10 10:53:18,m2311-C-4100,m2311-C-4100,18.0,0.0,0.0,0.0,10,2.0,200.5,1,18.0,0.0,0.0,0.0,0.0,0.0,40
2023-05-10 10:53:18,m2311-C-4100,m2311-C-4100,18.0,0.0,0.0,0.0,10,2.0,200.0,10,18.0,0.0,0.0,0.0,0.0,0.0,40
2023-05-10 10:53:23,m2311-C-4100,m2311-C-4100,18.0,0.0,0.0,0.0,10,2.0,199.5,1,18.0,0.0,0.0,0.0,0.0,0.0,40
2023-05-10 10:53:23,m2311-C-4100,m2311-C-4100,18.0,0.0,0.0,0.0,10,2.0,199.0,10,18.0,0.0,0.0,0.0,0.0,0.0,40
2023-05-10 10:53:27,m2311-C-4100,m2311-C-4100,18.0,0.0,0.0,0.0,10,2.0,198.5,1,18.0,0.0,0.0,0.0,0.0,0.0,40
2023-05-10 10:53:27,m2311-C-4100,m2311-C-4100,18.0,0.0,0.0,0.0,10,2.0,198.0,10,18.0,0.0,0.0,0.0,0.0,0.0,40
2023-05-10 10:53:31,m2311-C-4100,m2311-C-4100,18.0,0.0,0.0,0.0,10,2.0,197.5,1,18.0,0.0,0.0,0.0,0.0,0.0,40
2023-05-10 10:53:31,m2311-C-4100,m2311-C-4100,18.0,0.0,0.0,0.0,10,2.0,197.0,10,18.0,0.0,0.0,0.0,0.0,0.0,40
2023-05-10 10:53:36,m2311-C-4100,m2311-C-4100,18.0,0.0,0.0,0.0,10,2.0,196.5,1,18.0,0.0,0.0,0.0,0.0,0.0,40
2023-05-10 10:53:36,m2311-C-4100,m2311-C-4100,18.0,0.0,0.0,0.0,10,2.0,196.0,10,18.0,0.0,0.0,0.0,0.0,0.0,40
2023-05-10 10:53:39,m2311-C-4100,m2311-C-4100,18.0,0.0,0.0,0.0,10,2.0,195.5,1,18.0,0.0,0.0,0.0,0.0,0.0,40
2023-05-10 10:53:39,m2311-C-4100,m2311-C-4100,18.0,0.0,0.0,0.0,10,2.0,195.0,10,18.0,0.0,0.0,0.0,0.0,0.0,40
2023-05-10 10:53:43,m2311-C-4100,m2311-C-4100,18.0,0.0,0.0,0.0,10,2.0,194.5,1,18.0,0.0,0.0,0.0,0.0,0.0,40
2023-05-10 10:53:43,m2311-C-4100,m2311-C-4100,18.0,0.0,0.0,0.0,10,2.0,194.0,10,18.0,0.0,0.0,0.0,0.0,0.0,40
2023-05-10 10:53:47,m2311-C-4100,m2311-C-4100,18.0,0.0,0.0,0.0,10,2.0,193.5,1,18.0,0.0,0.0,0.0,0.0,0.0,40
2023-05-10 10:53:47,m2311-C-4100,m2311-C-4100,18.0,0.0,0.0,0.0,10,2.0,193.0,10,18.0,0.0,0.0,0.0,0.0,0.0,40
2023-05-10 10:53:50,m2311-C-4100,m2311-C-4100,18.0,0.0,0.0,0.0,10,2.0,192.5,1,18.0,0.0,0.0,0.0,0.0,0.0,40
2023-05-10 10:53:50,m2311-C-4100,m2311-C-4100,18.0,0.0,0.0,0.0,10,2.0,192.0,10,18.0,0.0,0.0,0.0,0.0,0.0,40
2023-05-10 10:53:53,m2311-C-4100,m2311-C-4100,18.0,0.0,0.0,0.0,10,2.0,191.5,1,18.0,0.0,0.0,0.0,0.0,0.0,40
2023-05-10 10:53:53,m2311-C-4100,m2311-C-4100,18.0,0.0,0.0,0.0,10,2.0,191.0,10,18.0,0.0,0.0,0.0,0.0,0.0,40
2023-05-10 10:53:56,m2311-C-4100,m2311-C-4100,18.0,0.0,0.0,0.0,10,2.0,190.5,1,18.0,0.0,0.0,0.0,0.0,0.0,40
2023-05-10 10:53:56,m2311-C-4100,m2311-C-4100,18.0,0.0,0.0,0.0,10,2.0,190.0,10,18.0,0.0,0.0,0.0,0.0,0.0,40
2023-05-10 10:53:59,m2311-C-4100,m2311-C-4100,18.0,0.0,0.0,0.0,10,2.0,189.5,1,18.0,0.0,0.0,0.0,0.0,0.0,40
2023-05-10 10:54:00,m2311-C-4100,m2311-C-4100,18.0,0.0,0.0,0.0,10,2.0,189.0,10,18.0,0.0,0.0,0.0,0.0,0.0,40
2023-05-10 10:54:02,m2311-C-4100,m2311-C-4100,18.0,0.0,0.0,0.0,10,2.0,188.5,1,18.0,0.0,0.0,0.0,0.0,0.0,40
2023-05-10 10:54:03,m2311-C-4100,m2311-C-4100,18.0,0.0,0.0,0.0,10,2.0,188.0,10,18.0,0.0,0.0,0.0,0.0,0.0,40
2023-05-10 10:54:05,m2311-C-4100,m2311-C-4100,18.0,0.0,0.0,0.0,10,2.0,187.5,1,18.0,0.0,0.0,0.0,0.0,0.0,40
2023-05-10 10:54:05,m2311-C-4100,m2311-C-4100,18.0,0.0,0.0,0.0,10,2.0,187.0,10,18.0,0.0,0.0,0.0,0.0,0.0,40
2023-05-10 10:54:08,m2311-C-4100,m2311-C-4100,18.0,0.0,0.0,0.0,10,2.0,186.5,1,18.0,0.0,0.0,0.0,0.0,0.0,40
2023-05-10 10:54:08,m2311-C-4100,m2311-C-4100,18.0,0.0,0.0,0.0,10,2.0,186.0,10,18.0,0.0,0.0,0.0,0.0,0.0,40
2023-05-10 10:54:11,m2311-C-4100,m2311-C-4100,18.0,0.0,0.0,0.0,10,2.0,185.5,1,18.0,0.0,0.0,0.0,0.0,0.0,40
2023-05-10 10:54:11,m2311-C-4100,m2311-C-4100,18.0,0.0,0.0,0.0,10,2.0,185.0,10,18.0,0.0,0.0,0.0,0.0,0.0,40
2023-05-10 10:54:14,m2311-C-4100,m2311-C-4100,18.0,0.0,0.0,0.0,10,2.0,184.5,1,18.0,0.0,0.0,0.0,0.0,0.0,40
2023-05-10 10:54:14,m2311-C-4100,m2311-C-4100,18.0,0.0,0.0,0.0,10,2.0,184.0,10,18.0,0.0,0.0,0.0,0.0,0.0,40
2023-05-10 10:54:17,m2311-C-4100,m2311-C-4100,18.0,0.0,0.0,0.0,10,2.0,183.5,1,18.0,0.0,0.0,0.0,0.0,0.0,40
2023-05-10 10:54:17,m2311-C-4100,m2311-C-4100,18.0,0.0,0.0,0.0,10,2.0,183.0,10,18.0,0.0,0.0,0.0,0.0,0.0,40
2023-05-10 10:54:20,m2311-C-4100,m2311-C-4100,18.0,0.0,0.0,0.0,10,2.0,182.5,1,18.0,0.0,0.0,0.0,0.0,0.0,40
2023-05-10 10:54:20,m2311-C-4100,m2311-C-4100,18.0,0.0,0.0,0.0,10,2.0,182.0,10,18.0,0.0,0.0,0.0,0.0,0.0,40
2023-05-10 10:54:24,m2311-C-4100,m2311-C-4100,18.0,0.0,0.0,0.0,10,2.0,181.5,1,18.0,0.0,0.0,0.0,0.0,0.0,40
2023-05-10 10:54:24,m2311-C-4100,m2311-C-4100,18.0,0.0,0.0,0.0,10,2.0,181.0,10,18.0,0.0,0.0,0.0,0.0,0.0,40
2023-05-10 11:29:33,m2311-C-4100,m2311-C-4100,18.0,0.0,0.0,0.0,1,1.5,0.0,0,18.0,0.0,0.0,0.0,0.0,0.0,40
2023-05-10 13:30:02,m2311-C-4100,m2311-C-4100,18.0,0.0,0.0,0.0,10,2.0,0.0,0,18.0,0.0,0.0,0.0,0.0,0.0,40
2023-05-10 13:37:25,m2311-C-4100,m2311-C-4100,18.0,0.0,0.0,0.0,10,2.0,229.0,10,18.0,0.0,0.0,0.0,0.0,0.0,40
2023-05-10 13:38:04,m2311-C-4100,m2311-C-4100,18.0,0.0,0.0,0.0,10,2.0,228.5,1,18.0,0.0,0.0,0.0,0.0,0.0,40
2023-05-10 13:38:05,m2311-C-4100,m2311-C-4100,18.0,0.0,0.0,0.0,10,2.0,228.0,10,18.0,0.0,0.0,0.0,0.0,0.0,40
2023-05-10 13:38:13,m2311-C-4100,m2311-C-4100,18.0,0.0,0.0,0.0,10,2.0,227.5,1,18.0,0.0,0.0,0.0,0.0,0.0,40
2023-05-10 13:38:14,m2311-C-4100,m2311-C-4100,18.0,0.0,0.0,0.0,10,2.0,227.0,10,18.0,0.0,0.0,0.0,0.0,0.0,40
2023-05-10 13:38:25,m2311-C-4100,m2311-C-4100,18.0,0.0,0.0,0.0,10,2.0,226.5,1,18.0,0.0,0.0,0.0,0.0,0.0,40
2023-05-10 13:38:25,m2311-C-4100,m2311-C-4100,18.0,0.0,0.0,0.0,10,2.0,226.0,10,18.0,0.0,0.0,0.0,0.0,0.0,40
2023-05-10 13:38:36,m2311-C-4100,m2311-C-4100,18.0,0.0,0.0,0.0,10,2.0,225.5,1,18.0,0.0,0.0,0.0,0.0,0.0,40
2023-05-10 13:38:36,m2311-C-4100,m2311-C-4100,18.0,0.0,0.0,0.0,10,2.0,225.0,10,18.0,0.0,0.0,0.0,0.0,0.0,40
2023-05-10 13:38:58,m2311-C-4100,m2311-C-4100,18.0,0.0,0.0,0.0,10,2.0,224.5,1,18.0,0.0,0.0,0.0,0.0,0.0,40
2023-05-10 13:38:59,m2311-C-4100,m2311-C-4100,18.0,0.0,0.0,0.0,10,2.0,224.0,10,18.0,0.0,0.0,0.0,0.0,0.0,40
2023-05-10 13:39:08,m2311-C-4100,m2311-C-4100,18.0,0.0,0.0,0.0,10,2.0,223.5,1,18.0,0.0,0.0,0.0,0.0,0.0,40
2023-05-10 13:39:09,m2311-C-4100,m2311-C-4100,18.0,0.0,0.0,0.0,10,2.0,223.0,10,18.0,0.0,0.0,0.0,0.0,0.0,40
2023-05-10 13:40:01,m2311-C-4100,m2311-C-4100,18.0,0.0,0.0,0.0,10,2.0,222.5,1,18.0,0.0,0.0,0.0,0.0,0.0,40
2023-05-10 13:40:01,m2311-C-4100,m2311-C-4100,18.0,0.0,0.0,0.0,10,2.0,222.0,10,18.0,0.0,0.0,0.0,0.0,0.0,40
2023-05-10 13:40:43,m2311-C-4100,m2311-C-4100,18.0,0.0,0.0,0.0,10,2.0,221.5,1,18.0,0.0,0.0,0.0,0.0,0.0,40
2023-05-10 13:40:44,m2311-C-4100,m2311-C-4100,18.0,0.0,0.0,0.0,10,2.0,221.0,10,18.0,0.0,0.0,0.0,0.0,0.0,40
2023-05-10 13:41:08,m2311-C-4100,m2311-C-4100,18.0,0.0,0.0,0.0,10,2.0,220.5,1,18.0,0.0,0.0,0.0,0.0,0.0,40
2023-05-10 13:41:08,m2311-C-4100,m2311-C-4100,18.0,0.0,0.0,0.0,10,2.0,220.0,10,18.0,0.0,0.0,0.0,0.0,0.0,40
2023-05-10 13:41:22,m2311-C-4100,m2311-C-4100,18.0,0.0,0.0,0.0,10,2.0,219.5,1,18.0,0.0,0.0,0.0,0.0,0.0,40
2023-05-10 13:41:22,m2311-C-4100,m2311-C-4100,18.0,0.0,0.0,0.0,10,2.0,219.0,10,18.0,0.0,0.0,0.0,0.0,0.0,40
2023-05-10 13:41:54,m2311-C-4100,m2311-C-4100,18.0,0.0,0.0,0.0,10,2.0,218.5,1,18.0,0.0,0.0,0.0,0.0,0.0,40
2023-05-10 13:41:54,m2311-C-4100,m2311-C-4100,18.0,0.0,0.0,0.0,10,2.0,218.0,10,18.0,0.0,0.0,0.0,0.0,0.0,40
2023-05-10 13:42:13,m2311-C-4100,m2311-C-4100,18.0,0.0,0.0,0.0,10,2.0,217.5,1,18.0,0.0,0.0,0.0,0.0,0.0,40
2023-05-10 13:42:13,m2311-C-4100,m2311-C-4100,18.0,0.0,0.0,0.0,10,2.0,217.0,10,18.0,0.0,0.0,0.0,0.0,0.0,40
2023-05-10 13:42:23,m2311-C-4100,m2311-C-4100,18.0,0.0,0.0,0.0,10,2.0,216.5,1,18.0,0.0,0.0,0.0,0.0,0.0,40
2023-05-10 13:42:24,m2311-C-4100,m2311-C-4100,18.0,0.0,0.0,0.0,10,2.0,216.0,10,18.0,0.0,0.0,0.0,0.0,0.0,40
2023-05-10 13:42:29,m2311-C-4100,m2311-C-4100,18.0,0.0,0.0,0.0,10,2.0,215.5,1,18.0,0.0,0.0,0.0,0.0,0.0,40
2023-05-10 13:42:29,m2311-C-4100,m2311-C-4100,18.0,0.0,0.0,0.0,10,2.0,215.0,10,18.0,0.0,0.0,0.0,0.0,0.0,40
2023-05-10 13:42:38,m2311-C-4100,m2311-C-4100,18.0,0.0,0.0,0.0,10,2.0,214.5,1,18.0,0.0,0.0,0.0,0.0,0.0,40
2023-05-10 13:42:38,m2311-C-4100,m2311-C-4100,18.0,0.0,0.0,0.0,10,2.0,214.0,10,18.0,0.0,0.0,0.0,0.0,0.0,40
2023-05-10 13:42:52,m2311-C-4100,m2311-C-4100,18.0,0.0,0.0,0.0,10,2.0,213.5,1,18.0,0.0,0.0,0.0,0.0,0.0,40
2023-05-10 13:42:52,m2311-C-4100,m2311-C-4100,18.0,0.0,0.0,0.0,10,2.0,213.0,10,18.0,0.0,0.0,0.0,0.0,0.0,40
2023-05-10 13:43:06,m2311-C-4100,m2311-C-4100,18.0,0.0,0.0,0.0,10,2.0,212.5,1,18.0,0.0,0.0,0.0,0.0,0.0,40
2023-05-10 13:43:06,m2311-C-4100,m2311-C-4100,18.0,0.0,0.0,0.0,10,2.0,212.0,10,18.0,0.0,0.0,0.0,0.0,0.0,40
2023-05-10 13:43:18,m2311-C-4100,m2311-C-4100,18.0,0.0,0.0,0.0,10,2.0,211.5,1,18.0,0.0,0.0,0.0,0.0,0.0,40
2023-05-10 13:43:18,m2311-C-4100,m2311-C-4100,18.0,0.0,0.0,0.0,10,2.0,211.0,10,18.0,0.0,0.0,0.0,0.0,0.0,40
2023-05-10 13:43:39,m2311-C-4100,m2311-C-4100,18.0,0.0,0.0,0.0,10,2.0,210.5,1,18.0,0.0,0.0,0.0,0.0,0.0,40
2023-05-10 13:43:39,m2311-C-4100,m2311-C-4100,18.0,0.0,0.0,0.0,10,2.0,210.0,10,18.0,0.0,0.0,0.0,0.0,0.0,40
2023-05-10 13:43:55,m2311-C-4100,m2311-C-4100,18.0,0.0,0.0,0.0,10,2.0,209.5,1,18.0,0.0,0.0,0.0,0.0,0.0,40
2023-05-10 13:43:55,m2311-C-4100,m2311-C-4100,18.0,0.0,0.0,0.0,10,2.0,209.0,10,18.0,0.0,0.0,0.0,0.0,0.0,40
2023-05-10 13:44:14,m2311-C-4100,m2311-C-4100,18.0,0.0,0.0,0.0,10,2.0,208.5,1,18.0,0.0,0.0,0.0,0.0,0.0,40
2023-05-10 13:44:14,m2311-C-4100,m2311-C-4100,18.0,0.0,0.0,0.0,10,2.0,208.0,10,18.0,0.0,0.0,0.0,0.0,0.0,40
2023-05-10 13:44:32,m2311-C-4100,m2311-C-4100,18.0,0.0,0.0,0.0,10,2.0,207.5,1,18.0,0.0,0.0,0.0,0.0,0.0,40
2023-05-10 13:44:32,m2311-C-4100,m2311-C-4100,18.0,0.0,0.0,0.0,10,2.0,207.0,10,18.0,0.0,0.0,0.0,0.0,0.0,40
2023-05-10 13:45:21,m2311-C-4100,m2311-C-4100,18.0,0.0,0.0,0.0,10,2.0,206.5,1,18.0,0.0,0.0,0.0,0.0,0.0,40
2023-05-10 13:45:21,m2311-C-4100,m2311-C-4100,18.0,0.0,0.0,0.0,10,2.0,206.0,10,18.0,0.0,0.0,0.0,0.0,0.0,40
2023-05-10 13:45:51,m2311-C-4100,m2311-C-4100,18.0,0.0,0.0,0.0,10,2.0,205.5,1,18.0,0.0,0.0,0.0,0.0,0.0,40
2023-05-10 13:45:51,m2311-C-4100,m2311-C-4100,18.0,0.0,0.0,0.0,10,2.0,205.0,10,18.0,0.0,0.0,0.0,0.0,0.0,40
2023-05-10 13:45:57,m2311-C-4100,m2311-C-4100,18.0,0.0,0.0,0.0,10,2.0,204.5,1,18.0,0.0,0.0,0.0,0.0,0.0,40
2023-05-10 13:45:57,m2311-C-4100,m2311-C-4100,18.0,0.0,0.0,0.0,10,2.0,204.0,10,18.0,0.0,0.0,0.0,0.0,0.0,40
2023-05-10 13:46:04,m2311-C-4100,m2311-C-4100,18.0,0.0,0.0,0.0,10,2.0,203.5,1,18.0,0.0,0.0,0.0,0.0,0.0,40
2023-05-10 13:46:05,m2311-C-4100,m2311-C-4100,18.0,0.0,0.0,0.0,10,2.0,203.0,10,18.0,0.0,0.0,0.0,0.0,0.0,40
2023-05-10 13:46:13,m2311-C-4100,m2311-C-4100,18.0,0.0,0.0,0.0,10,2.0,202.5,1,18.0,0.0,0.0,0.0,0.0,0.0,40
2023-05-10 13:46:13,m2311-C-4100,m2311-C-4100,18.0,0.0,0.0,0.0,10,2.0,202.0,10,18.0,0.0,0.0,0.0,0.0,0.0,40
2023-05-10 13:46:48,m2311-C-4100,m2311-C-4100,18.0,0.0,0.0,0.0,10,2.0,201.5,1,18.0,0.0,0.0,0.0,0.0,0.0,40
2023-05-10 13:46:49,m2311-C-4100,m2311-C-4100,18.0,0.0,0.0,0.0,10,2.0,201.0,10,18.0,0.0,0.0,0.0,0.0,0.0,40
2023-05-10 13:46:59,m2311-C-4100,m2311-C-4100,18.0,0.0,0.0,0.0,10,2.0,200.5,1,18.0,0.0,0.0,0.0,0.0,0.0,40
2023-05-10 13:47:00,m2311-C-4100,m2311-C-4100,18.0,0.0,0.0,0.0,10,2.0,200.0,10,18.0,0.0,0.0,0.0,0.0,0.0,40
2023-05-10 13:47:30,m2311-C-4100,m2311-C-4100,18.0,0.0,0.0,0.0,10,2.0,199.5,1,18.0,0.0,0.0,0.0,0.0,0.0,40
2023-05-10 13:47:30,m2311-C-4100,m2311-C-4100,18.0,0.0,0.0,0.0,10,2.0,199.0,10,18.0,0.0,0.0,0.0,0.0,0.0,40
2023-05-10 13:48:00,m2311-C-4100,m2311-C-4100,18.0,0.0,0.0,0.0,10,2.0,198.5,1,18.0,0.0,0.0,0.0,0.0,0.0,40
2023-05-10 13:48:00,m2311-C-4100,m2311-C-4100,18.0,0.0,0.0,0.0,10,2.0,198.0,10,18.0,0.0,0.0,0.0,0.0,0.0,40
2023-05-10 13:48:03,m2311-C-4100,m2311-C-4100,18.0,0.0,0.0,0.0,10,2.0,197.5,1,18.0,0.0,0.0,0.0,0.0,0.0,40
2023-05-10 13:48:03,m2311-C-4100,m2311-C-4100,18.0,0.0,0.0,0.0,10,2.0,197.0,10,18.0,0.0,0.0,0.0,0.0,0.0,40
2023-05-10 13:48:06,m2311-C-4100,m2311-C-4100,18.0,0.0,0.0,0.0,10,2.0,196.5,1,18.0,0.0,0.0,0.0,0.0,0.0,40
2023-05-10 13:48:06,m2311-C-4100,m2311-C-4100,18.0,0.0,0.0,0.0,10,2.0,196.0,10,18.0,0.0,0.0,0.0,0.0,0.0,40
2023-05-10 13:48:10,m2311-C-4100,m2311-C-4100,18.0,0.0,0.0,0.0,10,2.0,195.5,1,18.0,0.0,0.0,0.0,0.0,0.0,40
2023-05-10 13:48:11,m2311-C-4100,m2311-C-4100,18.0,0.0,0.0,0.0,10,2.0,195.0,10,18.0,0.0,0.0,0.0,0.0,0.0,40
2023-05-10 13:48:14,m2311-C-4100,m2311-C-4100,18.0,0.0,0.0,0.0,10,2.0,194.5,1,18.0,0.0,0.0,0.0,0.0,0.0,40
2023-05-10 13:48:14,m2311-C-4100,m2311-C-4100,18.0,0.0,0.0,0.0,10,2.0,194.0,10,18.0,0.0,0.0,0.0,0.0,0.0,40
2023-05-10 13:48:17,m2311-C-4100,m2311-C-4100,18.0,0.0,0.0,0.0,10,2.0,193.5,1,18.0,0.0,0.0,0.0,0.0,0.0,40
2023-05-10 13:48:17,m2311-C-4100,m2311-C-4100,18.0,0.0,0.0,0.0,10,2.0,193.0,10,18.0,0.0,0.0,0.0,0.0,0.0,40
2023-05-10 13:48:20,m2311-C-4100,m2311-C-4100,18.0,0.0,0.0,0.0,10,2.0,192.5,1,18.0,0.0,0.0,0.0,0.0,0.0,40
2023-05-10 13:48:20,m2311-C-4100,m2311-C-4100,18.0,0.0,0.0,0.0,10,2.0,192.0,10,18.0,0.0,0.0,0.0,0.0,0.0,40
2023-05-10 13:48:32,m2311-C-4100,m2311-C-4100,18.0,0.0,0.0,0.0,10,2.0,191.5,1,18.0,0.0,0.0,0.0,0.0,0.0,40
2023-05-10 13:48:32,m2311-C-4100,m2311-C-4100,18.0,0.0,0.0,0.0,10,2.0,191.0,10,18.0,0.0,0.0,0.0,0.0,0.0,40
2023-05-10 13:48:51,m2311-C-4100,m2311-C-4100,18.0,0.0,0.0,0.0,10,2.0,190.5,1,18.0,0.0,0.0,0.0,0.0,0.0,40
2023-05-10 13:48:52,m2311-C-4100,m2311-C-4100,18.0,0.0,0.0,0.0,10,2.0,190.0,10,18.0,0.0,0.0,0.0,0.0,0.0,40
2023-05-10 13:50:08,m2311-C-4100,m2311-C-4100,18.0,0.0,0.0,0.0,10,2.0,189.5,1,18.0,0.0,0.0,0.0,0.0,0.0,40
2023-05-10 13:50:08,m2311-C-4100,m2311-C-4100,18.0,0.0,0.0,0.0,10,2.0,189.0,10,18.0,0.0,0.0,0.0,0.0,0.0,40
2023-05-10 13:50:12,m2311-C-4100,m2311-C-4100,18.0,0.0,0.0,0.0,10,2.0,188.5,1,18.0,0.0,0.0,0.0,0.0,0.0,40
2023-05-10 13:50:12,m2311-C-4100,m2311-C-4100,18.0,0.0,0.0,0.0,10,2.0,188.0,10,18.0,0.0,0.0,0.0,0.0,0.0,40
2023-05-10 13:50:16,m2311-C-4100,m2311-C-4100,18.0,0.0,0.0,0.0,10,2.0,187.5,1,18.0,0.0,0.0,0.0,0.0,0.0,40
2023-05-10 13:50:16,m2311-C-4100,m2311-C-4100,18.0,0.0,0.0,0.0,10,2.0,187.0,10,18.0,0.0,0.0,0.0,0.0,0.0,40
2023-05-10 13:50:22,m2311-C-4100,m2311-C-4100,18.0,0.0,0.0,0.0,10,2.0,186.5,1,18.0,0.0,0.0,0.0,0.0,0.0,40
2023-05-10 13:50:22,m2311-C-4100,m2311-C-4100,18.0,0.0,0.0,0.0,10,2.0,186.0,10,18.0,0.0,0.0,0.0,0.0,0.0,40
2023-05-10 13:50:26,m2311-C-4100,m2311-C-4100,18.0,0.0,0.0,0.0,10,2.0,185.5,1,18.0,0.0,0.0,0.0,0.0,0.0,40
2023-05-10 13:50:26,m2311-C-4100,m2311-C-4100,18.0,0.0,0.0,0.0,10,2.0,185.0,10,18.0,0.0,0.0,0.0,0.0,0.0,40
2023-05-10 13:50:30,m2311-C-4100,m2311-C-4100,18.0,0.0,0.0,0.0,10,2.0,184.5,1,18.0,0.0,0.0,0.0,0.0,0.0,40
2023-05-10 13:50:30,m2311-C-4100,m2311-C-4100,18.0,0.0,0.0,0.0,10,2.0,184.0,10,18.0,0.0,0.0,0.0,0.0,0.0,40
2023-05-10 13:50:34,m2311-C-4100,m2311-C-4100,18.0,0.0,0.0,0.0,10,2.0,183.5,1,18.0,0.0,0.0,0.0,0.0,0.0,40
2023-05-10 13:50:34,m2311-C-4100,m2311-C-4100,18.0,0.0,0.0,0.0,10,2.0,183.0,10,18.0,0.0,0.0,0.0,0.0,0.0,40
2023-05-10 13:50:37,m2311-C-4100,m2311-C-4100,18.0,0.0,0.0,0.0,10,2.0,182.5,1,18.0,0.0,0.0,0.0,0.0,0.0,40
2023-05-10 13:50:37,m2311-C-4100,m2311-C-4100,18.0,0.0,0.0,0.0,10,2.0,182.0,10,18.0,0.0,0.0,0.0,0.0,0.0,40
2023-05-10 13:50:43,m2311-C-4100,m2311-C-4100,18.0,0.0,0.0,0.0,10,2.0,181.5,1,18.0,0.0,0.0,0.0,0.0,0.0,40
2023-05-10 13:50:43,m2311-C-4100,m2311-C-4100,18.0,0.0,0.0,0.0,10,2.0,181.0,10,18.0,0.0,0.0,0.0,0.0,0.0,40
2023-05-10 14:44:46,m2311-C-4100,m2311-C-4100,18.0,0.0,0.0,0.0,5,11.5,17.5,5,18.0,0.0,0.0,0.0,0.0,0.0,40
2023-05-10 14:44:51,m2311-C-4100,m2311-C-4100,18.0,0.0,0.0,0.0,10,11.5,17.5,10,18.0,0.0,0.0,0.0,0.0,0.0,40
2023-05-10 14:44:53,m2311-C-4100,m2311-C-4100,18.0,0.0,0.0,0.0,15,11.5,17.5,15,18.0,0.0,0.0,0.0,0.0,0.0,40
2023-05-10 14:44:53,m2311-C-4100,m2311-C-4100,18.0,0.0,0.0,0.0,20,11.5,17.5,20,18.0,0.0,0.0,0.0,0.0,0.0,40
2023-05-10 14:44:54,m2311-C-4100,m2311-C-4100,18.0,0.0,0.0,0.0,20,11.5,15.0,5,18.0,0.0,0.0,0.0,0.0,0.0,40
2023-05-10 14:44:57,m2311-C-4100,m2311-C-4100,18.0,0.0,0.0,0.0,5,12.0,15.0,5,18.0,0.0,0.0,0.0,0.0,0.0,40
2023-05-10 14:45:05,m2311-C-4100,m2311-C-4100,18.0,0.0,0.0,0.0,5,12.0,16.5,10,18.0,0.0,0.0,0.0,0.0,0.0,40
2023-05-10 14:45:05,m2311-C-4100,m2311-C-4100,18.0,0.0,0.0,0.0,5,12.0,16.5,5,18.0,0.0,0.0,0.0,0.0,0.0,40
2023-05-10 14:45:06,m2311-C-4100,m2311-C-4100,18.0,0.0,0.0,0.0,5,12.0,17.0,10,18.0,0.0,0.0,0.0,0.0,0.0,40
2023-05-10 14:45:08,m2311-C-4100,m2311-C-4100,18.0,0.0,0.0,0.0,5,11.0,17.0,5,18.0,0.0,0.0,0.0,0.0,0.0,40
2023-05-10 14:45:12,m2311-C-4100,m2311-C-4100,18.0,0.0,0.0,0.0,10,2.0,0.0,0,18.0,0.0,0.0,0.0,0.0,0.0,40
2023-05-10 14:45:13,m2311-C-4100,m2311-C-4100,18.0,0.0,0.0,0.0,2,2.5,0.0,0,18.0,0.0,0.0,0.0,0.0,0.0,40
2023-05-10 14:45:13,m2311-C-4100,m2311-C-4100,18.0,0.0,0.0,0.0,10,3.0,0.0,0,18.0,0.0,0.0,0.0,0.0,0.0,40
2023-05-10 14:59:02,m2311-C-4100,m2311-C-4100,18.0,0.0,0.0,0.0,1,1.5,0.0,0,18.0,0.0,0.0,0.0,0.0,0.0,40
2023-05-10 15:01:15,m2311-C-4100,m2311-C-4100,18.0,0.0,0.0,0.0,1,1.5,0.0,0,18.0,0.0,0.0,0.0,0.0,0.0,40
