time,symbol_id,symbol_name,last,trade_volume,trade_amount,open_interest_change,bv1,bp1,ap1,av1,yesterday_close,today_open,today_high,today_low,volume,amount,open_interest
2023-05-09 20:56:06,m2312-P-3300,m2312-P-3300,94.0,0.0,0.0,0.0,1,0.5,0.0,0,94.0,0.0,0.0,0.0,0.0,0.0,30
2023-05-09 21:00:26,m2312-P-3300,m2312-P-3300,94.0,0.0,0.0,0.0,10,1.0,0.0,0,94.0,0.0,0.0,0.0,0.0,0.0,30
2023-05-09 21:01:32,m2312-P-3300,m2312-P-3300,94.0,0.0,0.0,0.0,1,1.5,0.0,0,94.0,0.0,0.0,0.0,0.0,0.0,30
2023-05-09 21:01:32,m2312-P-3300,m2312-P-3300,94.0,0.0,0.0,0.0,10,2.0,0.0,0,94.0,0.0,0.0,0.0,0.0,0.0,30
2023-05-09 21:01:45,m2312-P-3300,m2312-P-3300,94.0,0.0,0.0,0.0,1,2.5,0.0,0,94.0,0.0,0.0,0.0,0.0,0.0,30
2023-05-09 21:01:45,m2312-P-3300,m2312-P-3300,94.0,0.0,0.0,0.0,10,3.0,0.0,0,94.0,0.0,0.0,0.0,0.0,0.0,30
2023-05-09 21:08:16,m2312-P-3300,m2312-P-3300,94.0,0.0,0.0,0.0,1,3.5,0.0,0,94.0,0.0,0.0,0.0,0.0,0.0,30
2023-05-09 21:08:16,m2312-P-3300,m2312-P-3300,94.0,0.0,0.0,0.0,10,4.0,0.0,0,94.0,0.0,0.0,0.0,0.0,0.0,30
2023-05-09 21:08:21,m2312-P-3300,m2312-P-3300,94.0,0.0,0.0,0.0,1,4.5,0.0,0,94.0,0.0,0.0,0.0,0.0,0.0,30
2023-05-09 21:08:21,m2312-P-3300,m2312-P-3300,94.0,0.0,0.0,0.0,10,5.0,0.0,0,94.0,0.0,0.0,0.0,0.0,0.0,30
2023-05-09 21:08:27,m2312-P-3300,m2312-P-3300,94.0,0.0,0.0,0.0,1,5.5,0.0,0,94.0,0.0,0.0,0.0,0.0,0.0,30
2023-05-09 21:08:27,m2312-P-3300,m2312-P-3300,94.0,0.0,0.0,0.0,10,6.0,0.0,0,94.0,0.0,0.0,0.0,0.0,0.0,30
2023-05-09 21:08:30,m2312-P-3300,m2312-P-3300,94.0,0.0,0.0,0.0,1,6.5,0.0,0,94.0,0.0,0.0,0.0,0.0,0.0,30
2023-05-09 21:08:30,m2312-P-3300,m2312-P-3300,94.0,0.0,0.0,0.0,10,7.0,0.0,0,94.0,0.0,0.0,0.0,0.0,0.0,30
2023-05-09 21:08:33,m2312-P-3300,m2312-P-3300,94.0,0.0,0.0,0.0,1,7.5,0.0,0,94.0,0.0,0.0,0.0,0.0,0.0,30
2023-05-09 21:08:33,m2312-P-3300,m2312-P-3300,94.0,0.0,0.0,0.0,10,8.0,0.0,0,94.0,0.0,0.0,0.0,0.0,0.0,30
2023-05-09 21:08:36,m2312-P-3300,m2312-P-3300,94.0,0.0,0.0,0.0,1,8.5,0.0,0,94.0,0.0,0.0,0.0,0.0,0.0,30
2023-05-09 21:08:36,m2312-P-3300,m2312-P-3300,94.0,0.0,0.0,0.0,10,9.0,0.0,0,94.0,0.0,0.0,0.0,0.0,0.0,30
2023-05-09 21:08:38,m2312-P-3300,m2312-P-3300,94.0,0.0,0.0,0.0,1,9.5,0.0,0,94.0,0.0,0.0,0.0,0.0,0.0,30
2023-05-09 21:08:38,m2312-P-3300,m2312-P-3300,94.0,0.0,0.0,0.0,10,10.0,0.0,0,94.0,0.0,0.0,0.0,0.0,0.0,30
2023-05-09 21:08:41,m2312-P-3300,m2312-P-3300,94.0,0.0,0.0,0.0,1,10.5,0.0,0,94.0,0.0,0.0,0.0,0.0,0.0,30
2023-05-09 21:08:41,m2312-P-3300,m2312-P-3300,94.0,0.0,0.0,0.0,10,11.0,0.0,0,94.0,0.0,0.0,0.0,0.0,0.0,30
2023-05-09 21:08:43,m2312-P-3300,m2312-P-3300,94.0,0.0,0.0,0.0,1,11.5,0.0,0,94.0,0.0,0.0,0.0,0.0,0.0,30
2023-05-09 21:08:43,m2312-P-3300,m2312-P-3300,94.0,0.0,0.0,0.0,10,12.0,0.0,0,94.0,0.0,0.0,0.0,0.0,0.0,30
2023-05-09 21:08:45,m2312-P-3300,m2312-P-3300,94.0,0.0,0.0,0.0,1,12.5,0.0,0,94.0,0.0,0.0,0.0,0.0,0.0,30
2023-05-09 21:08:45,m2312-P-3300,m2312-P-3300,94.0,0.0,0.0,0.0,10,13.0,0.0,0,94.0,0.0,0.0,0.0,0.0,0.0,30
2023-05-09 21:08:47,m2312-P-3300,m2312-P-3300,94.0,0.0,0.0,0.0,1,13.5,0.0,0,94.0,0.0,0.0,0.0,0.0,0.0,30
2023-05-09 21:08:47,m2312-P-3300,m2312-P-3300,94.0,0.0,0.0,0.0,10,14.0,0.0,0,94.0,0.0,0.0,0.0,0.0,0.0,30
2023-05-09 21:08:51,m2312-P-3300,m2312-P-3300,94.0,0.0,0.0,0.0,1,14.5,0.0,0,94.0,0.0,0.0,0.0,0.0,0.0,30
2023-05-09 21:08:51,m2312-P-3300,m2312-P-3300,94.0,0.0,0.0,0.0,10,15.0,0.0,0,94.0,0.0,0.0,0.0,0.0,0.0,30
2023-05-09 21:08:52,m2312-P-3300,m2312-P-3300,94.0,0.0,0.0,0.0,1,15.5,0.0,0,94.0,0.0,0.0,0.0,0.0,0.0,30
2023-05-09 21:08:52,m2312-P-3300,m2312-P-3300,94.0,0.0,0.0,0.0,10,16.0,0.0,0,94.0,0.0,0.0,0.0,0.0,0.0,30
2023-05-09 21:08:53,m2312-P-3300,m2312-P-3300,94.0,0.0,0.0,0.0,1,16.5,0.0,0,94.0,0.0,0.0,0.0,0.0,0.0,30
2023-05-09 21:08:53,m2312-P-3300,m2312-P-3300,94.0,0.0,0.0,0.0,10,17.0,0.0,0,94.0,0.0,0.0,0.0,0.0,0.0,30
2023-05-09 21:08:54,m2312-P-3300,m2312-P-3300,94.0,0.0,0.0,0.0,1,17.5,0.0,0,94.0,0.0,0.0,0.0,0.0,0.0,30
2023-05-09 21:08:54,m2312-P-3300,m2312-P-3300,94.0,0.0,0.0,0.0,10,18.0,0.0,0,94.0,0.0,0.0,0.0,0.0,0.0,30
2023-05-09 21:08:56,m2312-P-3300,m2312-P-3300,94.0,0.0,0.0,0.0,1,18.5,0.0,0,94.0,0.0,0.0,0.0,0.0,0.0,30
2023-05-09 21:08:56,m2312-P-3300,m2312-P-3300,94.0,0.0,0.0,0.0,10,19.0,0.0,0,94.0,0.0,0.0,0.0,0.0,0.0,30
2023-05-09 21:08:57,m2312-P-3300,m2312-P-3300,94.0,0.0,0.0,0.0,1,19.5,0.0,0,94.0,0.0,0.0,0.0,0.0,0.0,30
2023-05-09 21:08:57,m2312-P-3300,m2312-P-3300,94.0,0.0,0.0,0.0,10,20.0,0.0,0,94.0,0.0,0.0,0.0,0.0,0.0,30
2023-05-09 21:08:59,m2312-P-3300,m2312-P-3300,94.0,0.0,0.0,0.0,1,20.5,0.0,0,94.0,0.0,0.0,0.0,0.0,0.0,30
2023-05-09 21:08:59,m2312-P-3300,m2312-P-3300,94.0,0.0,0.0,0.0,10,21.0,0.0,0,94.0,0.0,0.0,0.0,0.0,0.0,30
2023-05-09 21:09:00,m2312-P-3300,m2312-P-3300,94.0,0.0,0.0,0.0,1,21.5,0.0,0,94.0,0.0,0.0,0.0,0.0,0.0,30
2023-05-09 21:09:00,m2312-P-3300,m2312-P-3300,94.0,0.0,0.0,0.0,10,22.0,0.0,0,94.0,0.0,0.0,0.0,0.0,0.0,30
2023-05-09 21:09:02,m2312-P-3300,m2312-P-3300,94.0,0.0,0.0,0.0,1,22.5,0.0,0,94.0,0.0,0.0,0.0,0.0,0.0,30
2023-05-09 21:09:02,m2312-P-3300,m2312-P-3300,94.0,0.0,0.0,0.0,10,23.0,0.0,0,94.0,0.0,0.0,0.0,0.0,0.0,30
2023-05-09 21:09:03,m2312-P-3300,m2312-P-3300,94.0,0.0,0.0,0.0,1,23.5,0.0,0,94.0,0.0,0.0,0.0,0.0,0.0,30
2023-05-09 21:09:03,m2312-P-3300,m2312-P-3300,94.0,0.0,0.0,0.0,10,24.0,0.0,0,94.0,0.0,0.0,0.0,0.0,0.0,30
2023-05-09 21:09:05,m2312-P-3300,m2312-P-3300,94.0,0.0,0.0,0.0,1,24.5,0.0,0,94.0,0.0,0.0,0.0,0.0,0.0,30
2023-05-09 21:09:05,m2312-P-3300,m2312-P-3300,94.0,0.0,0.0,0.0,10,25.0,0.0,0,94.0,0.0,0.0,0.0,0.0,0.0,30
2023-05-09 21:09:06,m2312-P-3300,m2312-P-3300,94.0,0.0,0.0,0.0,1,25.5,0.0,0,94.0,0.0,0.0,0.0,0.0,0.0,30
2023-05-09 21:09:06,m2312-P-3300,m2312-P-3300,94.0,0.0,0.0,0.0,10,26.0,0.0,0,94.0,0.0,0.0,0.0,0.0,0.0,30
2023-05-09 21:09:07,m2312-P-3300,m2312-P-3300,94.0,0.0,0.0,0.0,1,26.5,0.0,0,94.0,0.0,0.0,0.0,0.0,0.0,30
2023-05-09 21:09:07,m2312-P-3300,m2312-P-3300,94.0,0.0,0.0,0.0,10,27.0,0.0,0,94.0,0.0,0.0,0.0,0.0,0.0,30
2023-05-09 21:09:09,m2312-P-3300,m2312-P-3300,94.0,0.0,0.0,0.0,1,27.5,0.0,0,94.0,0.0,0.0,0.0,0.0,0.0,30
2023-05-09 21:09:09,m2312-P-3300,m2312-P-3300,94.0,0.0,0.0,0.0,10,28.0,0.0,0,94.0,0.0,0.0,0.0,0.0,0.0,30
2023-05-09 21:09:10,m2312-P-3300,m2312-P-3300,94.0,0.0,0.0,0.0,1,28.5,0.0,0,94.0,0.0,0.0,0.0,0.0,0.0,30
2023-05-09 21:09:10,m2312-P-3300,m2312-P-3300,94.0,0.0,0.0,0.0,10,29.0,0.0,0,94.0,0.0,0.0,0.0,0.0,0.0,30
2023-05-09 21:09:11,m2312-P-3300,m2312-P-3300,94.0,0.0,0.0,0.0,1,29.5,0.0,0,94.0,0.0,0.0,0.0,0.0,0.0,30
2023-05-09 21:09:11,m2312-P-3300,m2312-P-3300,94.0,0.0,0.0,0.0,10,30.0,0.0,0,94.0,0.0,0.0,0.0,0.0,0.0,30
2023-05-09 21:09:13,m2312-P-3300,m2312-P-3300,94.0,0.0,0.0,0.0,1,30.5,0.0,0,94.0,0.0,0.0,0.0,0.0,0.0,30
2023-05-09 21:09:13,m2312-P-3300,m2312-P-3300,94.0,0.0,0.0,0.0,10,31.0,0.0,0,94.0,0.0,0.0,0.0,0.0,0.0,30
2023-05-09 21:09:14,m2312-P-3300,m2312-P-3300,94.0,0.0,0.0,0.0,1,31.5,0.0,0,94.0,0.0,0.0,0.0,0.0,0.0,30
2023-05-09 21:09:14,m2312-P-3300,m2312-P-3300,94.0,0.0,0.0,0.0,10,32.0,0.0,0,94.0,0.0,0.0,0.0,0.0,0.0,30
2023-05-09 21:09:15,m2312-P-3300,m2312-P-3300,94.0,0.0,0.0,0.0,1,32.5,0.0,0,94.0,0.0,0.0,0.0,0.0,0.0,30
2023-05-09 21:09:15,m2312-P-3300,m2312-P-3300,94.0,0.0,0.0,0.0,10,33.0,0.0,0,94.0,0.0,0.0,0.0,0.0,0.0,30
2023-05-09 21:09:17,m2312-P-3300,m2312-P-3300,94.0,0.0,0.0,0.0,1,33.5,0.0,0,94.0,0.0,0.0,0.0,0.0,0.0,30
2023-05-09 21:09:17,m2312-P-3300,m2312-P-3300,94.0,0.0,0.0,0.0,10,34.0,0.0,0,94.0,0.0,0.0,0.0,0.0,0.0,30
2023-05-09 21:09:18,m2312-P-3300,m2312-P-3300,94.0,0.0,0.0,0.0,1,34.5,0.0,0,94.0,0.0,0.0,0.0,0.0,0.0,30
2023-05-09 21:09:18,m2312-P-3300,m2312-P-3300,94.0,0.0,0.0,0.0,10,35.0,0.0,0,94.0,0.0,0.0,0.0,0.0,0.0,30
2023-05-09 21:09:19,m2312-P-3300,m2312-P-3300,94.0,0.0,0.0,0.0,1,35.5,0.0,0,94.0,0.0,0.0,0.0,0.0,0.0,30
2023-05-09 21:09:19,m2312-P-3300,m2312-P-3300,94.0,0.0,0.0,0.0,10,36.0,0.0,0,94.0,0.0,0.0,0.0,0.0,0.0,30
2023-05-09 21:09:21,m2312-P-3300,m2312-P-3300,94.0,0.0,0.0,0.0,1,36.5,0.0,0,94.0,0.0,0.0,0.0,0.0,0.0,30
2023-05-09 21:09:21,m2312-P-3300,m2312-P-3300,94.0,0.0,0.0,0.0,10,37.0,0.0,0,94.0,0.0,0.0,0.0,0.0,0.0,30
2023-05-09 21:09:22,m2312-P-3300,m2312-P-3300,94.0,0.0,0.0,0.0,1,37.5,0.0,0,94.0,0.0,0.0,0.0,0.0,0.0,30
2023-05-09 21:09:22,m2312-P-3300,m2312-P-3300,94.0,0.0,0.0,0.0,10,38.0,0.0,0,94.0,0.0,0.0,0.0,0.0,0.0,30
2023-05-09 21:09:23,m2312-P-3300,m2312-P-3300,94.0,0.0,0.0,0.0,1,38.5,0.0,0,94.0,0.0,0.0,0.0,0.0,0.0,30
2023-05-09 21:09:23,m2312-P-3300,m2312-P-3300,94.0,0.0,0.0,0.0,10,39.0,0.0,0,94.0,0.0,0.0,0.0,0.0,0.0,30
2023-05-09 21:09:24,m2312-P-3300,m2312-P-3300,94.0,0.0,0.0,0.0,1,39.5,0.0,0,94.0,0.0,0.0,0.0,0.0,0.0,30
2023-05-09 21:09:24,m2312-P-3300,m2312-P-3300,94.0,0.0,0.0,0.0,10,40.0,0.0,0,94.0,0.0,0.0,0.0,0.0,0.0,30
2023-05-09 21:41:05,m2312-P-3300,m2312-P-3300,94.0,0.0,0.0,0.0,1,44.0,0.0,0,94.0,0.0,0.0,0.0,0.0,0.0,30
2023-05-09 21:41:05,m2312-P-3300,m2312-P-3300,94.0,0.0,0.0,0.0,10,44.5,0.0,0,94.0,0.0,0.0,0.0,0.0,0.0,30
2023-05-09 21:41:06,m2312-P-3300,m2312-P-3300,94.0,0.0,0.0,0.0,1,45.0,0.0,0,94.0,0.0,0.0,0.0,0.0,0.0,30
2023-05-09 21:41:06,m2312-P-3300,m2312-P-3300,94.0,0.0,0.0,0.0,10,45.5,0.0,0,94.0,0.0,0.0,0.0,0.0,0.0,30
2023-05-09 21:41:07,m2312-P-3300,m2312-P-3300,94.0,0.0,0.0,0.0,1,53.5,0.0,0,94.0,0.0,0.0,0.0,0.0,0.0,30
2023-05-09 21:41:07,m2312-P-3300,m2312-P-3300,94.0,0.0,0.0,0.0,10,54.0,0.0,0,94.0,0.0,0.0,0.0,0.0,0.0,30
2023-05-09 21:41:08,m2312-P-3300,m2312-P-3300,94.0,0.0,0.0,0.0,1,62.0,0.0,0,94.0,0.0,0.0,0.0,0.0,0.0,30
2023-05-09 21:41:08,m2312-P-3300,m2312-P-3300,94.0,0.0,0.0,0.0,10,62.5,0.0,0,94.0,0.0,0.0,0.0,0.0,0.0,30
2023-05-09 21:41:09,m2312-P-3300,m2312-P-3300,94.0,0.0,0.0,0.0,5,93.0,104.0,5,94.0,0.0,0.0,0.0,0.0,0.0,30
2023-05-09 21:41:10,m2312-P-3300,m2312-P-3300,94.0,0.0,0.0,0.0,10,93.0,104.0,10,94.0,0.0,0.0,0.0,0.0,0.0,30
2023-05-09 21:41:14,m2312-P-3300,m2312-P-3300,94.0,0.0,0.0,0.0,10,93.0,101.0,5,94.0,0.0,0.0,0.0,0.0,0.0,30
2023-05-09 21:41:16,m2312-P-3300,m2312-P-3300,94.0,0.0,0.0,0.0,15,93.0,101.0,10,94.0,0.0,0.0,0.0,0.0,0.0,30
2023-05-09 21:41:17,m2312-P-3300,m2312-P-3300,94.0,0.0,0.0,0.0,15,93.0,94.0,5,94.0,0.0,0.0,0.0,0.0,0.0,30
2023-05-09 21:41:21,m2312-P-3300,m2312-P-3300,94.0,0.0,0.0,0.0,10,93.0,94.0,5,94.0,0.0,0.0,0.0,0.0,0.0,30
2023-05-09 21:41:22,m2312-P-3300,m2312-P-3300,94.0,0.0,0.0,0.0,5,93.0,94.0,5,94.0,0.0,0.0,0.0,0.0,0.0,30
2023-05-09 21:41:27,m2312-P-3300,m2312-P-3300,94.0,0.0,0.0,0.0,5,90.5,94.0,5,94.0,0.0,0.0,0.0,0.0,0.0,30
2023-05-09 21:41:28,m2312-P-3300,m2312-P-3300,94.0,0.0,0.0,0.0,5,90.5,97.5,5,94.0,0.0,0.0,0.0,0.0,0.0,30
2023-05-09 21:41:31,m2312-P-3300,m2312-P-3300,94.0,0.0,0.0,0.0,5,88.5,97.5,5,94.0,0.0,0.0,0.0,0.0,0.0,30
2023-05-09 21:41:32,m2312-P-3300,m2312-P-3300,94.0,0.0,0.0,0.0,5,88.5,99.0,5,94.0,0.0,0.0,0.0,0.0,0.0,30
2023-05-09 21:41:35,m2312-P-3300,m2312-P-3300,94.0,0.0,0.0,0.0,1,3.5,0.0,0,94.0,0.0,0.0,0.0,0.0,0.0,30
2023-05-09 21:41:36,m2312-P-3300,m2312-P-3300,94.0,0.0,0.0,0.0,1,7.5,0.0,0,94.0,0.0,0.0,0.0,0.0,0.0,30
2023-05-09 21:41:36,m2312-P-3300,m2312-P-3300,94.0,0.0,0.0,0.0,10,8.0,0.0,0,94.0,0.0,0.0,0.0,0.0,0.0,30
2023-05-09 21:41:37,m2312-P-3300,m2312-P-3300,94.0,0.0,0.0,0.0,1,8.5,0.0,0,94.0,0.0,0.0,0.0,0.0,0.0,30
2023-05-09 21:41:37,m2312-P-3300,m2312-P-3300,94.0,0.0,0.0,0.0,10,9.0,0.0,0,94.0,0.0,0.0,0.0,0.0,0.0,30
2023-05-09 21:41:38,m2312-P-3300,m2312-P-3300,94.0,0.0,0.0,0.0,1,9.5,0.0,0,94.0,0.0,0.0,0.0,0.0,0.0,30
2023-05-09 21:41:38,m2312-P-3300,m2312-P-3300,94.0,0.0,0.0,0.0,10,10.0,0.0,0,94.0,0.0,0.0,0.0,0.0,0.0,30
2023-05-09 21:41:39,m2312-P-3300,m2312-P-3300,94.0,0.0,0.0,0.0,1,10.5,0.0,0,94.0,0.0,0.0,0.0,0.0,0.0,30
2023-05-09 21:41:39,m2312-P-3300,m2312-P-3300,94.0,0.0,0.0,0.0,10,11.0,0.0,0,94.0,0.0,0.0,0.0,0.0,0.0,30
2023-05-09 22:11:37,m2312-P-3300,m2312-P-3300,94.0,0.0,0.0,0.0,1,11.5,0.0,0,94.0,0.0,0.0,0.0,0.0,0.0,30
2023-05-09 22:11:37,m2312-P-3300,m2312-P-3300,94.0,0.0,0.0,0.0,11,12.0,0.0,0,94.0,0.0,0.0,0.0,0.0,0.0,30
2023-05-09 22:41:38,m2312-P-3300,m2312-P-3300,94.0,0.0,0.0,0.0,1,12.5,0.0,0,94.0,0.0,0.0,0.0,0.0,0.0,30
2023-05-09 22:41:38,m2312-P-3300,m2312-P-3300,94.0,0.0,0.0,0.0,11,13.0,0.0,0,94.0,0.0,0.0,0.0,0.0,0.0,30
2023-05-09 22:57:22,m2312-P-3300,m2312-P-3300,94.0,0.0,0.0,0.0,10,13.0,0.0,0,94.0,0.0,0.0,0.0,0.0,0.0,30
2023-05-09 22:57:33,m2312-P-3300,m2312-P-3300,94.0,0.0,0.0,0.0,1,12.5,0.0,0,94.0,0.0,0.0,0.0,0.0,0.0,30
2023-05-09 22:58:21,m2312-P-3300,m2312-P-3300,94.0,0.0,0.0,0.0,10,13.0,0.0,0,94.0,0.0,0.0,0.0,0.0,0.0,30
2023-05-09 22:59:55,m2312-P-3300,m2312-P-3300,94.0,0.0,0.0,0.0,1,12.5,0.0,0,94.0,0.0,0.0,0.0,0.0,0.0,30
2023-05-10 09:00:02,m2312-P-3300,m2312-P-3300,94.0,0.0,0.0,0.0,10,13.0,0.0,0,94.0,0.0,0.0,0.0,0.0,0.0,30
2023-05-10 09:01:44,m2312-P-3300,m2312-P-3300,94.0,0.0,0.0,0.0,1,13.5,0.0,0,94.0,0.0,0.0,0.0,0.0,0.0,30
2023-05-10 09:01:44,m2312-P-3300,m2312-P-3300,94.0,0.0,0.0,0.0,10,14.0,0.0,0,94.0,0.0,0.0,0.0,0.0,0.0,30
2023-05-10 09:03:19,m2312-P-3300,m2312-P-3300,94.0,0.0,0.0,0.0,1,14.5,0.0,0,94.0,0.0,0.0,0.0,0.0,0.0,30
2023-05-10 09:03:19,m2312-P-3300,m2312-P-3300,94.0,0.0,0.0,0.0,10,15.0,0.0,0,94.0,0.0,0.0,0.0,0.0,0.0,30
2023-05-10 09:08:28,m2312-P-3300,m2312-P-3300,94.0,0.0,0.0,0.0,1,15.5,0.0,0,94.0,0.0,0.0,0.0,0.0,0.0,30
2023-05-10 09:08:28,m2312-P-3300,m2312-P-3300,94.0,0.0,0.0,0.0,10,16.0,0.0,0,94.0,0.0,0.0,0.0,0.0,0.0,30
2023-05-10 09:09:07,m2312-P-3300,m2312-P-3300,94.0,0.0,0.0,0.0,1,16.5,0.0,0,94.0,0.0,0.0,0.0,0.0,0.0,30
2023-05-10 09:09:07,m2312-P-3300,m2312-P-3300,94.0,0.0,0.0,0.0,10,17.0,0.0,0,94.0,0.0,0.0,0.0,0.0,0.0,30
2023-05-10 09:09:13,m2312-P-3300,m2312-P-3300,94.0,0.0,0.0,0.0,1,17.5,0.0,0,94.0,0.0,0.0,0.0,0.0,0.0,30
2023-05-10 09:09:13,m2312-P-3300,m2312-P-3300,94.0,0.0,0.0,0.0,10,18.0,0.0,0,94.0,0.0,0.0,0.0,0.0,0.0,30
2023-05-10 09:09:18,m2312-P-3300,m2312-P-3300,94.0,0.0,0.0,0.0,1,18.5,0.0,0,94.0,0.0,0.0,0.0,0.0,0.0,30
2023-05-10 09:09:18,m2312-P-3300,m2312-P-3300,94.0,0.0,0.0,0.0,10,19.0,0.0,0,94.0,0.0,0.0,0.0,0.0,0.0,30
2023-05-10 09:09:21,m2312-P-3300,m2312-P-3300,94.0,0.0,0.0,0.0,1,19.5,0.0,0,94.0,0.0,0.0,0.0,0.0,0.0,30
2023-05-10 09:09:21,m2312-P-3300,m2312-P-3300,94.0,0.0,0.0,0.0,10,20.0,0.0,0,94.0,0.0,0.0,0.0,0.0,0.0,30
2023-05-10 09:09:26,m2312-P-3300,m2312-P-3300,94.0,0.0,0.0,0.0,1,20.5,0.0,0,94.0,0.0,0.0,0.0,0.0,0.0,30
2023-05-10 09:09:26,m2312-P-3300,m2312-P-3300,94.0,0.0,0.0,0.0,10,21.0,0.0,0,94.0,0.0,0.0,0.0,0.0,0.0,30
2023-05-10 09:09:29,m2312-P-3300,m2312-P-3300,94.0,0.0,0.0,0.0,1,21.5,0.0,0,94.0,0.0,0.0,0.0,0.0,0.0,30
2023-05-10 09:09:29,m2312-P-3300,m2312-P-3300,94.0,0.0,0.0,0.0,10,22.0,0.0,0,94.0,0.0,0.0,0.0,0.0,0.0,30
2023-05-10 09:09:31,m2312-P-3300,m2312-P-3300,94.0,0.0,0.0,0.0,1,22.5,0.0,0,94.0,0.0,0.0,0.0,0.0,0.0,30
2023-05-10 09:09:31,m2312-P-3300,m2312-P-3300,94.0,0.0,0.0,0.0,10,23.0,0.0,0,94.0,0.0,0.0,0.0,0.0,0.0,30
2023-05-10 09:09:32,m2312-P-3300,m2312-P-3300,94.0,0.0,0.0,0.0,1,23.5,0.0,0,94.0,0.0,0.0,0.0,0.0,0.0,30
2023-05-10 09:09:32,m2312-P-3300,m2312-P-3300,94.0,0.0,0.0,0.0,10,24.0,0.0,0,94.0,0.0,0.0,0.0,0.0,0.0,30
2023-05-10 09:09:33,m2312-P-3300,m2312-P-3300,94.0,0.0,0.0,0.0,1,24.5,0.0,0,94.0,0.0,0.0,0.0,0.0,0.0,30
2023-05-10 09:09:33,m2312-P-3300,m2312-P-3300,94.0,0.0,0.0,0.0,10,25.0,0.0,0,94.0,0.0,0.0,0.0,0.0,0.0,30
2023-05-10 09:09:35,m2312-P-3300,m2312-P-3300,94.0,0.0,0.0,0.0,1,25.5,0.0,0,94.0,0.0,0.0,0.0,0.0,0.0,30
2023-05-10 09:09:35,m2312-P-3300,m2312-P-3300,94.0,0.0,0.0,0.0,10,26.0,0.0,0,94.0,0.0,0.0,0.0,0.0,0.0,30
2023-05-10 09:09:36,m2312-P-3300,m2312-P-3300,94.0,0.0,0.0,0.0,1,26.5,0.0,0,94.0,0.0,0.0,0.0,0.0,0.0,30
2023-05-10 09:09:36,m2312-P-3300,m2312-P-3300,94.0,0.0,0.0,0.0,10,27.0,0.0,0,94.0,0.0,0.0,0.0,0.0,0.0,30
2023-05-10 09:09:37,m2312-P-3300,m2312-P-3300,94.0,0.0,0.0,0.0,1,27.5,0.0,0,94.0,0.0,0.0,0.0,0.0,0.0,30
2023-05-10 09:09:37,m2312-P-3300,m2312-P-3300,94.0,0.0,0.0,0.0,10,28.0,0.0,0,94.0,0.0,0.0,0.0,0.0,0.0,30
2023-05-10 09:09:39,m2312-P-3300,m2312-P-3300,94.0,0.0,0.0,0.0,1,28.5,0.0,0,94.0,0.0,0.0,0.0,0.0,0.0,30
2023-05-10 09:09:39,m2312-P-3300,m2312-P-3300,94.0,0.0,0.0,0.0,10,29.0,0.0,0,94.0,0.0,0.0,0.0,0.0,0.0,30
2023-05-10 09:09:40,m2312-P-3300,m2312-P-3300,94.0,0.0,0.0,0.0,1,29.5,0.0,0,94.0,0.0,0.0,0.0,0.0,0.0,30
2023-05-10 09:09:40,m2312-P-3300,m2312-P-3300,94.0,0.0,0.0,0.0,10,30.0,0.0,0,94.0,0.0,0.0,0.0,0.0,0.0,30
2023-05-10 09:09:42,m2312-P-3300,m2312-P-3300,94.0,0.0,0.0,0.0,1,30.5,0.0,0,94.0,0.0,0.0,0.0,0.0,0.0,30
2023-05-10 09:09:42,m2312-P-3300,m2312-P-3300,94.0,0.0,0.0,0.0,10,31.0,0.0,0,94.0,0.0,0.0,0.0,0.0,0.0,30
2023-05-10 09:09:43,m2312-P-3300,m2312-P-3300,94.0,0.0,0.0,0.0,1,31.5,0.0,0,94.0,0.0,0.0,0.0,0.0,0.0,30
2023-05-10 09:09:43,m2312-P-3300,m2312-P-3300,94.0,0.0,0.0,0.0,10,32.0,0.0,0,94.0,0.0,0.0,0.0,0.0,0.0,30
2023-05-10 09:09:44,m2312-P-3300,m2312-P-3300,94.0,0.0,0.0,0.0,1,32.5,0.0,0,94.0,0.0,0.0,0.0,0.0,0.0,30
2023-05-10 09:09:44,m2312-P-3300,m2312-P-3300,94.0,0.0,0.0,0.0,10,33.0,0.0,0,94.0,0.0,0.0,0.0,0.0,0.0,30
2023-05-10 09:09:46,m2312-P-3300,m2312-P-3300,94.0,0.0,0.0,0.0,1,33.5,0.0,0,94.0,0.0,0.0,0.0,0.0,0.0,30
2023-05-10 09:09:46,m2312-P-3300,m2312-P-3300,94.0,0.0,0.0,0.0,10,34.0,0.0,0,94.0,0.0,0.0,0.0,0.0,0.0,30
2023-05-10 09:09:47,m2312-P-3300,m2312-P-3300,94.0,0.0,0.0,0.0,1,34.5,0.0,0,94.0,0.0,0.0,0.0,0.0,0.0,30
2023-05-10 09:09:47,m2312-P-3300,m2312-P-3300,94.0,0.0,0.0,0.0,10,35.0,0.0,0,94.0,0.0,0.0,0.0,0.0,0.0,30
2023-05-10 09:09:48,m2312-P-3300,m2312-P-3300,94.0,0.0,0.0,0.0,1,35.5,0.0,0,94.0,0.0,0.0,0.0,0.0,0.0,30
2023-05-10 09:09:48,m2312-P-3300,m2312-P-3300,94.0,0.0,0.0,0.0,10,36.0,0.0,0,94.0,0.0,0.0,0.0,0.0,0.0,30
2023-05-10 09:09:49,m2312-P-3300,m2312-P-3300,94.0,0.0,0.0,0.0,1,36.5,0.0,0,94.0,0.0,0.0,0.0,0.0,0.0,30
2023-05-10 09:09:49,m2312-P-3300,m2312-P-3300,94.0,0.0,0.0,0.0,10,37.0,0.0,0,94.0,0.0,0.0,0.0,0.0,0.0,30
2023-05-10 09:09:51,m2312-P-3300,m2312-P-3300,94.0,0.0,0.0,0.0,1,37.5,0.0,0,94.0,0.0,0.0,0.0,0.0,0.0,30
2023-05-10 09:09:51,m2312-P-3300,m2312-P-3300,94.0,0.0,0.0,0.0,10,38.0,0.0,0,94.0,0.0,0.0,0.0,0.0,0.0,30
2023-05-10 09:09:52,m2312-P-3300,m2312-P-3300,94.0,0.0,0.0,0.0,1,38.5,0.0,0,94.0,0.0,0.0,0.0,0.0,0.0,30
2023-05-10 09:09:52,m2312-P-3300,m2312-P-3300,94.0,0.0,0.0,0.0,10,39.0,0.0,0,94.0,0.0,0.0,0.0,0.0,0.0,30
2023-05-10 09:09:53,m2312-P-3300,m2312-P-3300,94.0,0.0,0.0,0.0,1,39.5,0.0,0,94.0,0.0,0.0,0.0,0.0,0.0,30
2023-05-10 09:09:53,m2312-P-3300,m2312-P-3300,94.0,0.0,0.0,0.0,10,40.0,0.0,0,94.0,0.0,0.0,0.0,0.0,0.0,30
2023-05-10 10:14:32,m2312-P-3300,m2312-P-3300,94.0,0.0,0.0,0.0,1,13.5,0.0,0,94.0,0.0,0.0,0.0,0.0,0.0,30
2023-05-10 10:30:12,m2312-P-3300,m2312-P-3300,94.0,0.0,0.0,0.0,1,14.0,0.0,0,94.0,0.0,0.0,0.0,0.0,0.0,30
2023-05-10 10:30:12,m2312-P-3300,m2312-P-3300,94.0,0.0,0.0,0.0,10,14.5,0.0,0,94.0,0.0,0.0,0.0,0.0,0.0,30
2023-05-10 10:32:06,m2312-P-3300,m2312-P-3300,94.0,0.0,0.0,0.0,1,15.0,0.0,0,94.0,0.0,0.0,0.0,0.0,0.0,30
2023-05-10 10:32:06,m2312-P-3300,m2312-P-3300,94.0,0.0,0.0,0.0,10,15.5,0.0,0,94.0,0.0,0.0,0.0,0.0,0.0,30
2023-05-10 10:34:54,m2312-P-3300,m2312-P-3300,94.0,0.0,0.0,0.0,1,16.0,0.0,0,94.0,0.0,0.0,0.0,0.0,0.0,30
2023-05-10 10:34:54,m2312-P-3300,m2312-P-3300,94.0,0.0,0.0,0.0,10,16.5,0.0,0,94.0,0.0,0.0,0.0,0.0,0.0,30
2023-05-10 10:34:56,m2312-P-3300,m2312-P-3300,94.0,0.0,0.0,0.0,1,17.0,0.0,0,94.0,0.0,0.0,0.0,0.0,0.0,30
2023-05-10 10:34:56,m2312-P-3300,m2312-P-3300,94.0,0.0,0.0,0.0,10,17.5,0.0,0,94.0,0.0,0.0,0.0,0.0,0.0,30
2023-05-10 10:34:58,m2312-P-3300,m2312-P-3300,94.0,0.0,0.0,0.0,1,18.0,0.0,0,94.0,0.0,0.0,0.0,0.0,0.0,30
2023-05-10 10:34:58,m2312-P-3300,m2312-P-3300,94.0,0.0,0.0,0.0,10,18.5,0.0,0,94.0,0.0,0.0,0.0,0.0,0.0,30
2023-05-10 10:35:00,m2312-P-3300,m2312-P-3300,94.0,0.0,0.0,0.0,1,19.0,0.0,0,94.0,0.0,0.0,0.0,0.0,0.0,30
2023-05-10 10:35:00,m2312-P-3300,m2312-P-3300,94.0,0.0,0.0,0.0,10,19.5,0.0,0,94.0,0.0,0.0,0.0,0.0,0.0,30
2023-05-10 10:35:02,m2312-P-3300,m2312-P-3300,94.0,0.0,0.0,0.0,1,20.0,0.0,0,94.0,0.0,0.0,0.0,0.0,0.0,30
2023-05-10 10:35:02,m2312-P-3300,m2312-P-3300,94.0,0.0,0.0,0.0,10,20.5,0.0,0,94.0,0.0,0.0,0.0,0.0,0.0,30
2023-05-10 10:35:03,m2312-P-3300,m2312-P-3300,94.0,0.0,0.0,0.0,1,21.0,0.0,0,94.0,0.0,0.0,0.0,0.0,0.0,30
2023-05-10 10:35:03,m2312-P-3300,m2312-P-3300,94.0,0.0,0.0,0.0,10,21.5,0.0,0,94.0,0.0,0.0,0.0,0.0,0.0,30
2023-05-10 10:35:05,m2312-P-3300,m2312-P-3300,94.0,0.0,0.0,0.0,1,22.0,0.0,0,94.0,0.0,0.0,0.0,0.0,0.0,30
2023-05-10 10:35:05,m2312-P-3300,m2312-P-3300,94.0,0.0,0.0,0.0,10,22.5,0.0,0,94.0,0.0,0.0,0.0,0.0,0.0,30
2023-05-10 10:35:08,m2312-P-3300,m2312-P-3300,94.0,0.0,0.0,0.0,1,23.0,0.0,0,94.0,0.0,0.0,0.0,0.0,0.0,30
2023-05-10 10:35:08,m2312-P-3300,m2312-P-3300,94.0,0.0,0.0,0.0,10,23.5,0.0,0,94.0,0.0,0.0,0.0,0.0,0.0,30
2023-05-10 10:35:10,m2312-P-3300,m2312-P-3300,94.0,0.0,0.0,0.0,1,24.0,0.0,0,94.0,0.0,0.0,0.0,0.0,0.0,30
2023-05-10 10:35:10,m2312-P-3300,m2312-P-3300,94.0,0.0,0.0,0.0,10,24.5,0.0,0,94.0,0.0,0.0,0.0,0.0,0.0,30
2023-05-10 10:35:12,m2312-P-3300,m2312-P-3300,94.0,0.0,0.0,0.0,1,25.0,0.0,0,94.0,0.0,0.0,0.0,0.0,0.0,30
2023-05-10 10:35:12,m2312-P-3300,m2312-P-3300,94.0,0.0,0.0,0.0,10,25.5,0.0,0,94.0,0.0,0.0,0.0,0.0,0.0,30
2023-05-10 10:35:13,m2312-P-3300,m2312-P-3300,94.0,0.0,0.0,0.0,1,26.0,0.0,0,94.0,0.0,0.0,0.0,0.0,0.0,30
2023-05-10 10:35:13,m2312-P-3300,m2312-P-3300,94.0,0.0,0.0,0.0,10,26.5,0.0,0,94.0,0.0,0.0,0.0,0.0,0.0,30
2023-05-10 10:35:14,m2312-P-3300,m2312-P-3300,94.0,0.0,0.0,0.0,1,27.0,0.0,0,94.0,0.0,0.0,0.0,0.0,0.0,30
2023-05-10 10:35:14,m2312-P-3300,m2312-P-3300,94.0,0.0,0.0,0.0,10,27.5,0.0,0,94.0,0.0,0.0,0.0,0.0,0.0,30
2023-05-10 10:35:15,m2312-P-3300,m2312-P-3300,94.0,0.0,0.0,0.0,1,28.0,0.0,0,94.0,0.0,0.0,0.0,0.0,0.0,30
2023-05-10 10:35:15,m2312-P-3300,m2312-P-3300,94.0,0.0,0.0,0.0,10,28.5,0.0,0,94.0,0.0,0.0,0.0,0.0,0.0,30
2023-05-10 10:35:16,m2312-P-3300,m2312-P-3300,94.0,0.0,0.0,0.0,1,29.0,0.0,0,94.0,0.0,0.0,0.0,0.0,0.0,30
2023-05-10 10:35:16,m2312-P-3300,m2312-P-3300,94.0,0.0,0.0,0.0,10,29.5,0.0,0,94.0,0.0,0.0,0.0,0.0,0.0,30
2023-05-10 10:35:17,m2312-P-3300,m2312-P-3300,94.0,0.0,0.0,0.0,1,30.0,0.0,0,94.0,0.0,0.0,0.0,0.0,0.0,30
2023-05-10 10:35:17,m2312-P-3300,m2312-P-3300,94.0,0.0,0.0,0.0,10,30.5,0.0,0,94.0,0.0,0.0,0.0,0.0,0.0,30
2023-05-10 10:35:18,m2312-P-3300,m2312-P-3300,94.0,0.0,0.0,0.0,1,31.0,0.0,0,94.0,0.0,0.0,0.0,0.0,0.0,30
2023-05-10 10:35:18,m2312-P-3300,m2312-P-3300,94.0,0.0,0.0,0.0,10,31.5,0.0,0,94.0,0.0,0.0,0.0,0.0,0.0,30
2023-05-10 10:35:19,m2312-P-3300,m2312-P-3300,94.0,0.0,0.0,0.0,1,32.0,0.0,0,94.0,0.0,0.0,0.0,0.0,0.0,30
2023-05-10 10:35:19,m2312-P-3300,m2312-P-3300,94.0,0.0,0.0,0.0,10,32.5,0.0,0,94.0,0.0,0.0,0.0,0.0,0.0,30
2023-05-10 10:35:20,m2312-P-3300,m2312-P-3300,94.0,0.0,0.0,0.0,1,33.0,0.0,0,94.0,0.0,0.0,0.0,0.0,0.0,30
2023-05-10 10:35:20,m2312-P-3300,m2312-P-3300,94.0,0.0,0.0,0.0,10,33.5,0.0,0,94.0,0.0,0.0,0.0,0.0,0.0,30
2023-05-10 10:35:21,m2312-P-3300,m2312-P-3300,94.0,0.0,0.0,0.0,1,34.0,0.0,0,94.0,0.0,0.0,0.0,0.0,0.0,30
2023-05-10 10:35:21,m2312-P-3300,m2312-P-3300,94.0,0.0,0.0,0.0,10,34.5,0.0,0,94.0,0.0,0.0,0.0,0.0,0.0,30
2023-05-10 10:35:22,m2312-P-3300,m2312-P-3300,94.0,0.0,0.0,0.0,1,35.0,0.0,0,94.0,0.0,0.0,0.0,0.0,0.0,30
2023-05-10 10:35:22,m2312-P-3300,m2312-P-3300,94.0,0.0,0.0,0.0,10,35.5,0.0,0,94.0,0.0,0.0,0.0,0.0,0.0,30
2023-05-10 10:35:23,m2312-P-3300,m2312-P-3300,94.0,0.0,0.0,0.0,1,36.0,0.0,0,94.0,0.0,0.0,0.0,0.0,0.0,30
2023-05-10 10:35:23,m2312-P-3300,m2312-P-3300,94.0,0.0,0.0,0.0,10,36.5,0.0,0,94.0,0.0,0.0,0.0,0.0,0.0,30
2023-05-10 10:35:24,m2312-P-3300,m2312-P-3300,94.0,0.0,0.0,0.0,1,37.0,0.0,0,94.0,0.0,0.0,0.0,0.0,0.0,30
2023-05-10 10:35:24,m2312-P-3300,m2312-P-3300,94.0,0.0,0.0,0.0,10,37.5,0.0,0,94.0,0.0,0.0,0.0,0.0,0.0,30
2023-05-10 10:35:25,m2312-P-3300,m2312-P-3300,94.0,0.0,0.0,0.0,1,38.0,0.0,0,94.0,0.0,0.0,0.0,0.0,0.0,30
2023-05-10 10:35:25,m2312-P-3300,m2312-P-3300,94.0,0.0,0.0,0.0,10,38.5,0.0,0,94.0,0.0,0.0,0.0,0.0,0.0,30
2023-05-10 10:35:26,m2312-P-3300,m2312-P-3300,94.0,0.0,0.0,0.0,1,39.0,0.0,0,94.0,0.0,0.0,0.0,0.0,0.0,30
2023-05-10 10:35:26,m2312-P-3300,m2312-P-3300,94.0,0.0,0.0,0.0,10,39.5,0.0,0,94.0,0.0,0.0,0.0,0.0,0.0,30
2023-05-10 10:35:27,m2312-P-3300,m2312-P-3300,94.0,0.0,0.0,0.0,1,40.0,0.0,0,94.0,0.0,0.0,0.0,0.0,0.0,30
2023-05-10 10:35:27,m2312-P-3300,m2312-P-3300,94.0,0.0,0.0,0.0,10,40.5,0.0,0,94.0,0.0,0.0,0.0,0.0,0.0,30
2023-05-10 11:13:43,m2312-P-3300,m2312-P-3300,94.0,0.0,0.0,0.0,10,40.5,302.0,10,94.0,0.0,0.0,0.0,0.0,0.0,30
2023-05-10 11:13:45,m2312-P-3300,m2312-P-3300,94.0,0.0,0.0,0.0,10,40.5,301.5,1,94.0,0.0,0.0,0.0,0.0,0.0,30
2023-05-10 11:13:45,m2312-P-3300,m2312-P-3300,94.0,0.0,0.0,0.0,10,40.5,301.0,10,94.0,0.0,0.0,0.0,0.0,0.0,30
2023-05-10 11:13:48,m2312-P-3300,m2312-P-3300,94.0,0.0,0.0,0.0,10,40.5,300.5,1,94.0,0.0,0.0,0.0,0.0,0.0,30
2023-05-10 11:13:48,m2312-P-3300,m2312-P-3300,94.0,0.0,0.0,0.0,10,40.5,300.0,10,94.0,0.0,0.0,0.0,0.0,0.0,30
2023-05-10 11:13:51,m2312-P-3300,m2312-P-3300,94.0,0.0,0.0,0.0,10,40.5,299.5,1,94.0,0.0,0.0,0.0,0.0,0.0,30
2023-05-10 11:13:51,m2312-P-3300,m2312-P-3300,94.0,0.0,0.0,0.0,10,40.5,299.0,10,94.0,0.0,0.0,0.0,0.0,0.0,30
2023-05-10 11:13:54,m2312-P-3300,m2312-P-3300,94.0,0.0,0.0,0.0,10,40.5,298.5,1,94.0,0.0,0.0,0.0,0.0,0.0,30
2023-05-10 11:13:54,m2312-P-3300,m2312-P-3300,94.0,0.0,0.0,0.0,10,40.5,298.0,10,94.0,0.0,0.0,0.0,0.0,0.0,30
2023-05-10 11:13:57,m2312-P-3300,m2312-P-3300,94.0,0.0,0.0,0.0,10,40.5,297.5,1,94.0,0.0,0.0,0.0,0.0,0.0,30
2023-05-10 11:13:57,m2312-P-3300,m2312-P-3300,94.0,0.0,0.0,0.0,10,40.5,297.0,10,94.0,0.0,0.0,0.0,0.0,0.0,30
2023-05-10 11:14:24,m2312-P-3300,m2312-P-3300,94.0,0.0,0.0,0.0,10,40.5,296.5,1,94.0,0.0,0.0,0.0,0.0,0.0,30
2023-05-10 11:14:24,m2312-P-3300,m2312-P-3300,94.0,0.0,0.0,0.0,10,40.5,296.0,10,94.0,0.0,0.0,0.0,0.0,0.0,30
2023-05-10 11:14:27,m2312-P-3300,m2312-P-3300,94.0,0.0,0.0,0.0,10,40.5,295.5,1,94.0,0.0,0.0,0.0,0.0,0.0,30
2023-05-10 11:14:27,m2312-P-3300,m2312-P-3300,94.0,0.0,0.0,0.0,10,40.5,295.0,10,94.0,0.0,0.0,0.0,0.0,0.0,30
2023-05-10 11:14:30,m2312-P-3300,m2312-P-3300,94.0,0.0,0.0,0.0,10,40.5,294.5,1,94.0,0.0,0.0,0.0,0.0,0.0,30
2023-05-10 11:14:30,m2312-P-3300,m2312-P-3300,94.0,0.0,0.0,0.0,10,40.5,294.0,10,94.0,0.0,0.0,0.0,0.0,0.0,30
2023-05-10 11:14:33,m2312-P-3300,m2312-P-3300,94.0,0.0,0.0,0.0,10,40.5,293.5,1,94.0,0.0,0.0,0.0,0.0,0.0,30
2023-05-10 11:14:33,m2312-P-3300,m2312-P-3300,94.0,0.0,0.0,0.0,10,40.5,293.0,10,94.0,0.0,0.0,0.0,0.0,0.0,30
2023-05-10 11:14:36,m2312-P-3300,m2312-P-3300,94.0,0.0,0.0,0.0,10,40.5,292.5,1,94.0,0.0,0.0,0.0,0.0,0.0,30
2023-05-10 11:14:36,m2312-P-3300,m2312-P-3300,94.0,0.0,0.0,0.0,10,40.5,292.0,10,94.0,0.0,0.0,0.0,0.0,0.0,30
2023-05-10 11:14:38,m2312-P-3300,m2312-P-3300,94.0,0.0,0.0,0.0,10,40.5,291.5,1,94.0,0.0,0.0,0.0,0.0,0.0,30
2023-05-10 11:14:39,m2312-P-3300,m2312-P-3300,94.0,0.0,0.0,0.0,10,40.5,291.0,10,94.0,0.0,0.0,0.0,0.0,0.0,30
2023-05-10 11:14:41,m2312-P-3300,m2312-P-3300,94.0,0.0,0.0,0.0,10,40.5,290.5,1,94.0,0.0,0.0,0.0,0.0,0.0,30
2023-05-10 11:14:41,m2312-P-3300,m2312-P-3300,94.0,0.0,0.0,0.0,10,40.5,290.0,10,94.0,0.0,0.0,0.0,0.0,0.0,30
2023-05-10 11:14:44,m2312-P-3300,m2312-P-3300,94.0,0.0,0.0,0.0,10,40.5,289.5,1,94.0,0.0,0.0,0.0,0.0,0.0,30
2023-05-10 11:14:44,m2312-P-3300,m2312-P-3300,94.0,0.0,0.0,0.0,10,40.5,289.0,10,94.0,0.0,0.0,0.0,0.0,0.0,30
2023-05-10 11:14:47,m2312-P-3300,m2312-P-3300,94.0,0.0,0.0,0.0,10,40.5,288.5,1,94.0,0.0,0.0,0.0,0.0,0.0,30
2023-05-10 11:14:47,m2312-P-3300,m2312-P-3300,94.0,0.0,0.0,0.0,10,40.5,288.0,10,94.0,0.0,0.0,0.0,0.0,0.0,30
2023-05-10 11:14:50,m2312-P-3300,m2312-P-3300,94.0,0.0,0.0,0.0,10,40.5,287.5,1,94.0,0.0,0.0,0.0,0.0,0.0,30
2023-05-10 11:14:50,m2312-P-3300,m2312-P-3300,94.0,0.0,0.0,0.0,10,40.5,287.0,10,94.0,0.0,0.0,0.0,0.0,0.0,30
2023-05-10 11:14:52,m2312-P-3300,m2312-P-3300,94.0,0.0,0.0,0.0,10,40.5,286.5,1,94.0,0.0,0.0,0.0,0.0,0.0,30
2023-05-10 11:14:52,m2312-P-3300,m2312-P-3300,94.0,0.0,0.0,0.0,10,40.5,286.0,10,94.0,0.0,0.0,0.0,0.0,0.0,30
2023-05-10 11:14:55,m2312-P-3300,m2312-P-3300,94.0,0.0,0.0,0.0,10,40.5,285.5,1,94.0,0.0,0.0,0.0,0.0,0.0,30
2023-05-10 11:14:55,m2312-P-3300,m2312-P-3300,94.0,0.0,0.0,0.0,10,40.5,285.0,10,94.0,0.0,0.0,0.0,0.0,0.0,30
2023-05-10 11:14:57,m2312-P-3300,m2312-P-3300,94.0,0.0,0.0,0.0,10,40.5,284.5,1,94.0,0.0,0.0,0.0,0.0,0.0,30
2023-05-10 11:14:57,m2312-P-3300,m2312-P-3300,94.0,0.0,0.0,0.0,10,40.5,284.0,10,94.0,0.0,0.0,0.0,0.0,0.0,30
2023-05-10 11:15:01,m2312-P-3300,m2312-P-3300,94.0,0.0,0.0,0.0,10,40.5,283.5,1,94.0,0.0,0.0,0.0,0.0,0.0,30
2023-05-10 11:15:01,m2312-P-3300,m2312-P-3300,94.0,0.0,0.0,0.0,10,40.5,283.0,10,94.0,0.0,0.0,0.0,0.0,0.0,30
2023-05-10 11:15:04,m2312-P-3300,m2312-P-3300,94.0,0.0,0.0,0.0,10,40.5,282.5,1,94.0,0.0,0.0,0.0,0.0,0.0,30
2023-05-10 11:15:04,m2312-P-3300,m2312-P-3300,94.0,0.0,0.0,0.0,10,40.5,282.0,10,94.0,0.0,0.0,0.0,0.0,0.0,30
2023-05-10 11:15:07,m2312-P-3300,m2312-P-3300,94.0,0.0,0.0,0.0,10,40.5,281.5,1,94.0,0.0,0.0,0.0,0.0,0.0,30
2023-05-10 11:15:07,m2312-P-3300,m2312-P-3300,94.0,0.0,0.0,0.0,10,40.5,281.0,10,94.0,0.0,0.0,0.0,0.0,0.0,30
2023-05-10 11:15:09,m2312-P-3300,m2312-P-3300,94.0,0.0,0.0,0.0,10,40.5,280.5,1,94.0,0.0,0.0,0.0,0.0,0.0,30
2023-05-10 11:15:10,m2312-P-3300,m2312-P-3300,94.0,0.0,0.0,0.0,10,40.5,280.0,10,94.0,0.0,0.0,0.0,0.0,0.0,30
2023-05-10 11:15:12,m2312-P-3300,m2312-P-3300,94.0,0.0,0.0,0.0,10,40.5,279.5,1,94.0,0.0,0.0,0.0,0.0,0.0,30
2023-05-10 11:15:13,m2312-P-3300,m2312-P-3300,94.0,0.0,0.0,0.0,10,40.5,279.0,10,94.0,0.0,0.0,0.0,0.0,0.0,30
2023-05-10 11:15:14,m2312-P-3300,m2312-P-3300,94.0,0.0,0.0,0.0,10,40.5,278.5,1,94.0,0.0,0.0,0.0,0.0,0.0,30
2023-05-10 11:15:15,m2312-P-3300,m2312-P-3300,94.0,0.0,0.0,0.0,10,40.5,278.0,10,94.0,0.0,0.0,0.0,0.0,0.0,30
2023-05-10 11:15:17,m2312-P-3300,m2312-P-3300,94.0,0.0,0.0,0.0,10,40.5,277.5,1,94.0,0.0,0.0,0.0,0.0,0.0,30
2023-05-10 11:15:17,m2312-P-3300,m2312-P-3300,94.0,0.0,0.0,0.0,10,40.5,277.0,10,94.0,0.0,0.0,0.0,0.0,0.0,30
2023-05-10 11:15:19,m2312-P-3300,m2312-P-3300,94.0,0.0,0.0,0.0,10,40.5,276.5,1,94.0,0.0,0.0,0.0,0.0,0.0,30
2023-05-10 11:15:19,m2312-P-3300,m2312-P-3300,94.0,0.0,0.0,0.0,10,40.5,276.0,10,94.0,0.0,0.0,0.0,0.0,0.0,30
2023-05-10 11:15:22,m2312-P-3300,m2312-P-3300,94.0,0.0,0.0,0.0,10,40.5,275.5,1,94.0,0.0,0.0,0.0,0.0,0.0,30
2023-05-10 11:15:22,m2312-P-3300,m2312-P-3300,94.0,0.0,0.0,0.0,10,40.5,275.0,10,94.0,0.0,0.0,0.0,0.0,0.0,30
2023-05-10 11:15:24,m2312-P-3300,m2312-P-3300,94.0,0.0,0.0,0.0,10,40.5,274.5,1,94.0,0.0,0.0,0.0,0.0,0.0,30
2023-05-10 11:15:24,m2312-P-3300,m2312-P-3300,94.0,0.0,0.0,0.0,10,40.5,274.0,10,94.0,0.0,0.0,0.0,0.0,0.0,30
2023-05-10 11:15:26,m2312-P-3300,m2312-P-3300,94.0,0.0,0.0,0.0,10,40.5,273.5,1,94.0,0.0,0.0,0.0,0.0,0.0,30
2023-05-10 11:15:26,m2312-P-3300,m2312-P-3300,94.0,0.0,0.0,0.0,10,40.5,273.0,10,94.0,0.0,0.0,0.0,0.0,0.0,30
2023-05-10 11:15:28,m2312-P-3300,m2312-P-3300,94.0,0.0,0.0,0.0,10,40.5,272.5,1,94.0,0.0,0.0,0.0,0.0,0.0,30
2023-05-10 11:15:29,m2312-P-3300,m2312-P-3300,94.0,0.0,0.0,0.0,10,40.5,272.0,10,94.0,0.0,0.0,0.0,0.0,0.0,30
2023-05-10 11:15:31,m2312-P-3300,m2312-P-3300,94.0,0.0,0.0,0.0,10,40.5,271.5,1,94.0,0.0,0.0,0.0,0.0,0.0,30
2023-05-10 11:15:31,m2312-P-3300,m2312-P-3300,94.0,0.0,0.0,0.0,10,40.5,271.0,10,94.0,0.0,0.0,0.0,0.0,0.0,30
2023-05-10 11:15:34,m2312-P-3300,m2312-P-3300,94.0,0.0,0.0,0.0,10,40.5,270.5,1,94.0,0.0,0.0,0.0,0.0,0.0,30
2023-05-10 11:15:34,m2312-P-3300,m2312-P-3300,94.0,0.0,0.0,0.0,10,40.5,270.0,10,94.0,0.0,0.0,0.0,0.0,0.0,30
2023-05-10 11:15:36,m2312-P-3300,m2312-P-3300,94.0,0.0,0.0,0.0,10,40.5,269.5,1,94.0,0.0,0.0,0.0,0.0,0.0,30
2023-05-10 11:15:36,m2312-P-3300,m2312-P-3300,94.0,0.0,0.0,0.0,10,40.5,269.0,10,94.0,0.0,0.0,0.0,0.0,0.0,30
2023-05-10 11:15:39,m2312-P-3300,m2312-P-3300,94.0,0.0,0.0,0.0,10,40.5,268.5,1,94.0,0.0,0.0,0.0,0.0,0.0,30
2023-05-10 11:15:39,m2312-P-3300,m2312-P-3300,94.0,0.0,0.0,0.0,10,40.5,268.0,10,94.0,0.0,0.0,0.0,0.0,0.0,30
2023-05-10 11:15:40,m2312-P-3300,m2312-P-3300,94.0,0.0,0.0,0.0,10,40.5,267.5,1,94.0,0.0,0.0,0.0,0.0,0.0,30
2023-05-10 11:15:40,m2312-P-3300,m2312-P-3300,94.0,0.0,0.0,0.0,10,40.5,267.0,10,94.0,0.0,0.0,0.0,0.0,0.0,30
2023-05-10 11:15:43,m2312-P-3300,m2312-P-3300,94.0,0.0,0.0,0.0,10,40.5,266.5,1,94.0,0.0,0.0,0.0,0.0,0.0,30
2023-05-10 11:15:43,m2312-P-3300,m2312-P-3300,94.0,0.0,0.0,0.0,10,40.5,266.0,10,94.0,0.0,0.0,0.0,0.0,0.0,30
2023-05-10 11:15:45,m2312-P-3300,m2312-P-3300,94.0,0.0,0.0,0.0,10,40.5,265.5,1,94.0,0.0,0.0,0.0,0.0,0.0,30
2023-05-10 11:15:45,m2312-P-3300,m2312-P-3300,94.0,0.0,0.0,0.0,10,40.5,265.0,10,94.0,0.0,0.0,0.0,0.0,0.0,30
2023-05-10 11:15:47,m2312-P-3300,m2312-P-3300,94.0,0.0,0.0,0.0,10,40.5,264.5,1,94.0,0.0,0.0,0.0,0.0,0.0,30
2023-05-10 11:15:47,m2312-P-3300,m2312-P-3300,94.0,0.0,0.0,0.0,10,40.5,264.0,10,94.0,0.0,0.0,0.0,0.0,0.0,30
2023-05-10 11:15:50,m2312-P-3300,m2312-P-3300,94.0,0.0,0.0,0.0,10,40.5,263.5,1,94.0,0.0,0.0,0.0,0.0,0.0,30
2023-05-10 11:15:50,m2312-P-3300,m2312-P-3300,94.0,0.0,0.0,0.0,10,40.5,263.0,10,94.0,0.0,0.0,0.0,0.0,0.0,30
2023-05-10 11:15:53,m2312-P-3300,m2312-P-3300,94.0,0.0,0.0,0.0,10,40.5,262.0,10,94.0,0.0,0.0,0.0,0.0,0.0,30
2023-05-10 11:15:55,m2312-P-3300,m2312-P-3300,94.0,0.0,0.0,0.0,10,40.5,261.5,1,94.0,0.0,0.0,0.0,0.0,0.0,30
2023-05-10 11:15:55,m2312-P-3300,m2312-P-3300,94.0,0.0,0.0,0.0,10,40.5,261.0,10,94.0,0.0,0.0,0.0,0.0,0.0,30
2023-05-10 11:15:57,m2312-P-3300,m2312-P-3300,94.0,0.0,0.0,0.0,10,40.5,260.5,1,94.0,0.0,0.0,0.0,0.0,0.0,30
2023-05-10 11:15:57,m2312-P-3300,m2312-P-3300,94.0,0.0,0.0,0.0,10,40.5,260.0,10,94.0,0.0,0.0,0.0,0.0,0.0,30
2023-05-10 11:16:00,m2312-P-3300,m2312-P-3300,94.0,0.0,0.0,0.0,10,40.5,259.5,1,94.0,0.0,0.0,0.0,0.0,0.0,30
2023-05-10 11:16:01,m2312-P-3300,m2312-P-3300,94.0,0.0,0.0,0.0,10,40.5,259.0,10,94.0,0.0,0.0,0.0,0.0,0.0,30
2023-05-10 11:16:02,m2312-P-3300,m2312-P-3300,94.0,0.0,0.0,0.0,10,40.5,258.5,1,94.0,0.0,0.0,0.0,0.0,0.0,30
2023-05-10 11:16:03,m2312-P-3300,m2312-P-3300,94.0,0.0,0.0,0.0,10,40.5,258.0,10,94.0,0.0,0.0,0.0,0.0,0.0,30
2023-05-10 11:16:05,m2312-P-3300,m2312-P-3300,94.0,0.0,0.0,0.0,10,40.5,257.5,1,94.0,0.0,0.0,0.0,0.0,0.0,30
2023-05-10 11:16:05,m2312-P-3300,m2312-P-3300,94.0,0.0,0.0,0.0,10,40.5,257.0,10,94.0,0.0,0.0,0.0,0.0,0.0,30
2023-05-10 11:16:08,m2312-P-3300,m2312-P-3300,94.0,0.0,0.0,0.0,10,40.5,256.5,1,94.0,0.0,0.0,0.0,0.0,0.0,30
2023-05-10 11:16:08,m2312-P-3300,m2312-P-3300,94.0,0.0,0.0,0.0,10,40.5,256.0,10,94.0,0.0,0.0,0.0,0.0,0.0,30
2023-05-10 11:16:11,m2312-P-3300,m2312-P-3300,94.0,0.0,0.0,0.0,10,40.5,255.5,1,94.0,0.0,0.0,0.0,0.0,0.0,30
2023-05-10 11:16:11,m2312-P-3300,m2312-P-3300,94.0,0.0,0.0,0.0,10,40.5,255.0,10,94.0,0.0,0.0,0.0,0.0,0.0,30
2023-05-10 11:16:13,m2312-P-3300,m2312-P-3300,94.0,0.0,0.0,0.0,10,40.5,254.5,1,94.0,0.0,0.0,0.0,0.0,0.0,30
2023-05-10 11:16:14,m2312-P-3300,m2312-P-3300,94.0,0.0,0.0,0.0,10,40.5,254.0,10,94.0,0.0,0.0,0.0,0.0,0.0,30
2023-05-10 11:29:33,m2312-P-3300,m2312-P-3300,94.0,0.0,0.0,0.0,1,4.5,0.0,0,94.0,0.0,0.0,0.0,0.0,0.0,30
2023-05-10 13:30:02,m2312-P-3300,m2312-P-3300,94.0,0.0,0.0,0.0,10,5.0,0.0,0,94.0,0.0,0.0,0.0,0.0,0.0,30
2023-05-10 13:31:02,m2312-P-3300,m2312-P-3300,94.0,0.0,0.0,0.0,1,5.5,0.0,0,94.0,0.0,0.0,0.0,0.0,0.0,30
2023-05-10 13:31:02,m2312-P-3300,m2312-P-3300,94.0,0.0,0.0,0.0,10,6.0,0.0,0,94.0,0.0,0.0,0.0,0.0,0.0,30
2023-05-10 13:32:54,m2312-P-3300,m2312-P-3300,94.0,0.0,0.0,0.0,1,10.0,0.0,0,94.0,0.0,0.0,0.0,0.0,0.0,30
2023-05-10 13:32:54,m2312-P-3300,m2312-P-3300,94.0,0.0,0.0,0.0,10,10.5,0.0,0,94.0,0.0,0.0,0.0,0.0,0.0,30
2023-05-10 13:44:26,m2312-P-3300,m2312-P-3300,94.0,0.0,0.0,0.0,1,11.0,0.0,0,94.0,0.0,0.0,0.0,0.0,0.0,30
2023-05-10 13:44:26,m2312-P-3300,m2312-P-3300,94.0,0.0,0.0,0.0,10,11.5,0.0,0,94.0,0.0,0.0,0.0,0.0,0.0,30
2023-05-10 13:44:30,m2312-P-3300,m2312-P-3300,94.0,0.0,0.0,0.0,1,12.0,0.0,0,94.0,0.0,0.0,0.0,0.0,0.0,30
2023-05-10 13:44:30,m2312-P-3300,m2312-P-3300,94.0,0.0,0.0,0.0,10,12.5,0.0,0,94.0,0.0,0.0,0.0,0.0,0.0,30
2023-05-10 13:44:33,m2312-P-3300,m2312-P-3300,94.0,0.0,0.0,0.0,1,13.0,0.0,0,94.0,0.0,0.0,0.0,0.0,0.0,30
2023-05-10 13:44:33,m2312-P-3300,m2312-P-3300,94.0,0.0,0.0,0.0,10,13.5,0.0,0,94.0,0.0,0.0,0.0,0.0,0.0,30
2023-05-10 13:44:36,m2312-P-3300,m2312-P-3300,94.0,0.0,0.0,0.0,1,14.0,0.0,0,94.0,0.0,0.0,0.0,0.0,0.0,30
2023-05-10 13:44:36,m2312-P-3300,m2312-P-3300,94.0,0.0,0.0,0.0,10,14.5,0.0,0,94.0,0.0,0.0,0.0,0.0,0.0,30
2023-05-10 13:44:38,m2312-P-3300,m2312-P-3300,94.0,0.0,0.0,0.0,1,15.0,0.0,0,94.0,0.0,0.0,0.0,0.0,0.0,30
2023-05-10 13:44:38,m2312-P-3300,m2312-P-3300,94.0,0.0,0.0,0.0,10,15.5,0.0,0,94.0,0.0,0.0,0.0,0.0,0.0,30
2023-05-10 13:44:39,m2312-P-3300,m2312-P-3300,94.0,0.0,0.0,0.0,1,16.0,0.0,0,94.0,0.0,0.0,0.0,0.0,0.0,30
2023-05-10 13:44:39,m2312-P-3300,m2312-P-3300,94.0,0.0,0.0,0.0,10,16.5,0.0,0,94.0,0.0,0.0,0.0,0.0,0.0,30
2023-05-10 13:44:41,m2312-P-3300,m2312-P-3300,94.0,0.0,0.0,0.0,1,17.0,0.0,0,94.0,0.0,0.0,0.0,0.0,0.0,30
2023-05-10 13:44:41,m2312-P-3300,m2312-P-3300,94.0,0.0,0.0,0.0,10,17.5,0.0,0,94.0,0.0,0.0,0.0,0.0,0.0,30
2023-05-10 13:44:42,m2312-P-3300,m2312-P-3300,94.0,0.0,0.0,0.0,1,18.0,0.0,0,94.0,0.0,0.0,0.0,0.0,0.0,30
2023-05-10 13:44:42,m2312-P-3300,m2312-P-3300,94.0,0.0,0.0,0.0,10,18.5,0.0,0,94.0,0.0,0.0,0.0,0.0,0.0,30
2023-05-10 13:44:43,m2312-P-3300,m2312-P-3300,94.0,0.0,0.0,0.0,1,19.0,0.0,0,94.0,0.0,0.0,0.0,0.0,0.0,30
2023-05-10 13:44:43,m2312-P-3300,m2312-P-3300,94.0,0.0,0.0,0.0,10,19.5,0.0,0,94.0,0.0,0.0,0.0,0.0,0.0,30
2023-05-10 13:44:45,m2312-P-3300,m2312-P-3300,94.0,0.0,0.0,0.0,1,20.0,0.0,0,94.0,0.0,0.0,0.0,0.0,0.0,30
2023-05-10 13:44:45,m2312-P-3300,m2312-P-3300,94.0,0.0,0.0,0.0,10,20.5,0.0,0,94.0,0.0,0.0,0.0,0.0,0.0,30
2023-05-10 13:44:46,m2312-P-3300,m2312-P-3300,94.0,0.0,0.0,0.0,1,21.0,0.0,0,94.0,0.0,0.0,0.0,0.0,0.0,30
2023-05-10 13:44:46,m2312-P-3300,m2312-P-3300,94.0,0.0,0.0,0.0,10,21.5,0.0,0,94.0,0.0,0.0,0.0,0.0,0.0,30
2023-05-10 13:44:48,m2312-P-3300,m2312-P-3300,94.0,0.0,0.0,0.0,1,22.0,0.0,0,94.0,0.0,0.0,0.0,0.0,0.0,30
2023-05-10 13:44:48,m2312-P-3300,m2312-P-3300,94.0,0.0,0.0,0.0,10,22.5,0.0,0,94.0,0.0,0.0,0.0,0.0,0.0,30
2023-05-10 13:44:49,m2312-P-3300,m2312-P-3300,94.0,0.0,0.0,0.0,1,23.0,0.0,0,94.0,0.0,0.0,0.0,0.0,0.0,30
2023-05-10 13:44:49,m2312-P-3300,m2312-P-3300,94.0,0.0,0.0,0.0,10,23.5,0.0,0,94.0,0.0,0.0,0.0,0.0,0.0,30
2023-05-10 13:44:50,m2312-P-3300,m2312-P-3300,94.0,0.0,0.0,0.0,1,24.0,0.0,0,94.0,0.0,0.0,0.0,0.0,0.0,30
2023-05-10 13:44:50,m2312-P-3300,m2312-P-3300,94.0,0.0,0.0,0.0,10,24.5,0.0,0,94.0,0.0,0.0,0.0,0.0,0.0,30
2023-05-10 13:44:52,m2312-P-3300,m2312-P-3300,94.0,0.0,0.0,0.0,1,25.0,0.0,0,94.0,0.0,0.0,0.0,0.0,0.0,30
2023-05-10 13:44:52,m2312-P-3300,m2312-P-3300,94.0,0.0,0.0,0.0,10,25.5,0.0,0,94.0,0.0,0.0,0.0,0.0,0.0,30
2023-05-10 13:44:54,m2312-P-3300,m2312-P-3300,94.0,0.0,0.0,0.0,1,26.0,0.0,0,94.0,0.0,0.0,0.0,0.0,0.0,30
2023-05-10 13:44:54,m2312-P-3300,m2312-P-3300,94.0,0.0,0.0,0.0,10,26.5,0.0,0,94.0,0.0,0.0,0.0,0.0,0.0,30
2023-05-10 13:44:55,m2312-P-3300,m2312-P-3300,94.0,0.0,0.0,0.0,1,27.0,0.0,0,94.0,0.0,0.0,0.0,0.0,0.0,30
2023-05-10 13:44:55,m2312-P-3300,m2312-P-3300,94.0,0.0,0.0,0.0,10,27.5,0.0,0,94.0,0.0,0.0,0.0,0.0,0.0,30
2023-05-10 13:44:56,m2312-P-3300,m2312-P-3300,94.0,0.0,0.0,0.0,1,28.0,0.0,0,94.0,0.0,0.0,0.0,0.0,0.0,30
2023-05-10 13:44:56,m2312-P-3300,m2312-P-3300,94.0,0.0,0.0,0.0,10,28.5,0.0,0,94.0,0.0,0.0,0.0,0.0,0.0,30
2023-05-10 13:44:57,m2312-P-3300,m2312-P-3300,94.0,0.0,0.0,0.0,1,29.0,0.0,0,94.0,0.0,0.0,0.0,0.0,0.0,30
2023-05-10 13:44:57,m2312-P-3300,m2312-P-3300,94.0,0.0,0.0,0.0,10,29.5,0.0,0,94.0,0.0,0.0,0.0,0.0,0.0,30
2023-05-10 13:44:59,m2312-P-3300,m2312-P-3300,94.0,0.0,0.0,0.0,1,30.0,0.0,0,94.0,0.0,0.0,0.0,0.0,0.0,30
2023-05-10 13:44:59,m2312-P-3300,m2312-P-3300,94.0,0.0,0.0,0.0,10,30.5,0.0,0,94.0,0.0,0.0,0.0,0.0,0.0,30
2023-05-10 13:45:00,m2312-P-3300,m2312-P-3300,94.0,0.0,0.0,0.0,1,31.0,0.0,0,94.0,0.0,0.0,0.0,0.0,0.0,30
2023-05-10 13:45:00,m2312-P-3300,m2312-P-3300,94.0,0.0,0.0,0.0,10,31.5,0.0,0,94.0,0.0,0.0,0.0,0.0,0.0,30
2023-05-10 13:45:01,m2312-P-3300,m2312-P-3300,94.0,0.0,0.0,0.0,1,32.0,0.0,0,94.0,0.0,0.0,0.0,0.0,0.0,30
2023-05-10 13:45:01,m2312-P-3300,m2312-P-3300,94.0,0.0,0.0,0.0,10,32.5,0.0,0,94.0,0.0,0.0,0.0,0.0,0.0,30
2023-05-10 13:45:02,m2312-P-3300,m2312-P-3300,94.0,0.0,0.0,0.0,1,33.0,0.0,0,94.0,0.0,0.0,0.0,0.0,0.0,30
2023-05-10 13:45:02,m2312-P-3300,m2312-P-3300,94.0,0.0,0.0,0.0,10,33.5,0.0,0,94.0,0.0,0.0,0.0,0.0,0.0,30
2023-05-10 13:45:04,m2312-P-3300,m2312-P-3300,94.0,0.0,0.0,0.0,1,34.0,0.0,0,94.0,0.0,0.0,0.0,0.0,0.0,30
2023-05-10 13:45:04,m2312-P-3300,m2312-P-3300,94.0,0.0,0.0,0.0,10,34.5,0.0,0,94.0,0.0,0.0,0.0,0.0,0.0,30
2023-05-10 13:45:05,m2312-P-3300,m2312-P-3300,94.0,0.0,0.0,0.0,1,35.0,0.0,0,94.0,0.0,0.0,0.0,0.0,0.0,30
2023-05-10 13:45:05,m2312-P-3300,m2312-P-3300,94.0,0.0,0.0,0.0,10,35.5,0.0,0,94.0,0.0,0.0,0.0,0.0,0.0,30
2023-05-10 13:45:07,m2312-P-3300,m2312-P-3300,94.0,0.0,0.0,0.0,1,36.0,0.0,0,94.0,0.0,0.0,0.0,0.0,0.0,30
2023-05-10 13:45:07,m2312-P-3300,m2312-P-3300,94.0,0.0,0.0,0.0,10,36.5,0.0,0,94.0,0.0,0.0,0.0,0.0,0.0,30
2023-05-10 13:45:08,m2312-P-3300,m2312-P-3300,94.0,0.0,0.0,0.0,1,37.0,0.0,0,94.0,0.0,0.0,0.0,0.0,0.0,30
2023-05-10 13:45:08,m2312-P-3300,m2312-P-3300,94.0,0.0,0.0,0.0,10,37.5,0.0,0,94.0,0.0,0.0,0.0,0.0,0.0,30
2023-05-10 13:45:09,m2312-P-3300,m2312-P-3300,94.0,0.0,0.0,0.0,1,38.0,0.0,0,94.0,0.0,0.0,0.0,0.0,0.0,30
2023-05-10 13:45:09,m2312-P-3300,m2312-P-3300,94.0,0.0,0.0,0.0,10,38.5,0.0,0,94.0,0.0,0.0,0.0,0.0,0.0,30
2023-05-10 13:45:10,m2312-P-3300,m2312-P-3300,94.0,0.0,0.0,0.0,1,39.0,0.0,0,94.0,0.0,0.0,0.0,0.0,0.0,30
2023-05-10 13:45:10,m2312-P-3300,m2312-P-3300,94.0,0.0,0.0,0.0,10,39.5,0.0,0,94.0,0.0,0.0,0.0,0.0,0.0,30
2023-05-10 13:45:11,m2312-P-3300,m2312-P-3300,94.0,0.0,0.0,0.0,1,40.0,0.0,0,94.0,0.0,0.0,0.0,0.0,0.0,30
2023-05-10 13:45:11,m2312-P-3300,m2312-P-3300,94.0,0.0,0.0,0.0,10,40.5,0.0,0,94.0,0.0,0.0,0.0,0.0,0.0,30
2023-05-10 13:58:01,m2312-P-3300,m2312-P-3300,94.0,0.0,0.0,0.0,10,40.5,302.5,1,94.0,0.0,0.0,0.0,0.0,0.0,30
2023-05-10 13:58:01,m2312-P-3300,m2312-P-3300,94.0,0.0,0.0,0.0,10,40.5,302.0,10,94.0,0.0,0.0,0.0,0.0,0.0,30
2023-05-10 13:58:10,m2312-P-3300,m2312-P-3300,94.0,0.0,0.0,0.0,10,40.5,301.5,1,94.0,0.0,0.0,0.0,0.0,0.0,30
2023-05-10 13:58:10,m2312-P-3300,m2312-P-3300,94.0,0.0,0.0,0.0,10,40.5,301.0,10,94.0,0.0,0.0,0.0,0.0,0.0,30
2023-05-10 13:59:10,m2312-P-3300,m2312-P-3300,94.0,0.0,0.0,0.0,10,40.5,300.5,1,94.0,0.0,0.0,0.0,0.0,0.0,30
2023-05-10 13:59:10,m2312-P-3300,m2312-P-3300,94.0,0.0,0.0,0.0,10,40.5,300.0,10,94.0,0.0,0.0,0.0,0.0,0.0,30
2023-05-10 13:59:16,m2312-P-3300,m2312-P-3300,94.0,0.0,0.0,0.0,10,40.5,299.5,1,94.0,0.0,0.0,0.0,0.0,0.0,30
2023-05-10 13:59:16,m2312-P-3300,m2312-P-3300,94.0,0.0,0.0,0.0,10,40.5,299.0,10,94.0,0.0,0.0,0.0,0.0,0.0,30
2023-05-10 13:59:22,m2312-P-3300,m2312-P-3300,94.0,0.0,0.0,0.0,10,40.5,298.5,1,94.0,0.0,0.0,0.0,0.0,0.0,30
2023-05-10 13:59:22,m2312-P-3300,m2312-P-3300,94.0,0.0,0.0,0.0,10,40.5,298.0,10,94.0,0.0,0.0,0.0,0.0,0.0,30
2023-05-10 13:59:29,m2312-P-3300,m2312-P-3300,94.0,0.0,0.0,0.0,10,40.5,297.5,1,94.0,0.0,0.0,0.0,0.0,0.0,30
2023-05-10 13:59:29,m2312-P-3300,m2312-P-3300,94.0,0.0,0.0,0.0,10,40.5,297.0,10,94.0,0.0,0.0,0.0,0.0,0.0,30
2023-05-10 13:59:34,m2312-P-3300,m2312-P-3300,94.0,0.0,0.0,0.0,10,40.5,296.5,1,94.0,0.0,0.0,0.0,0.0,0.0,30
2023-05-10 13:59:34,m2312-P-3300,m2312-P-3300,94.0,0.0,0.0,0.0,10,40.5,296.0,10,94.0,0.0,0.0,0.0,0.0,0.0,30
2023-05-10 13:59:40,m2312-P-3300,m2312-P-3300,94.0,0.0,0.0,0.0,10,40.5,295.5,1,94.0,0.0,0.0,0.0,0.0,0.0,30
2023-05-10 13:59:41,m2312-P-3300,m2312-P-3300,94.0,0.0,0.0,0.0,10,40.5,295.0,10,94.0,0.0,0.0,0.0,0.0,0.0,30
2023-05-10 13:59:45,m2312-P-3300,m2312-P-3300,94.0,0.0,0.0,0.0,10,40.5,294.5,1,94.0,0.0,0.0,0.0,0.0,0.0,30
2023-05-10 13:59:45,m2312-P-3300,m2312-P-3300,94.0,0.0,0.0,0.0,10,40.5,294.0,10,94.0,0.0,0.0,0.0,0.0,0.0,30
2023-05-10 13:59:50,m2312-P-3300,m2312-P-3300,94.0,0.0,0.0,0.0,10,40.5,293.5,1,94.0,0.0,0.0,0.0,0.0,0.0,30
2023-05-10 13:59:50,m2312-P-3300,m2312-P-3300,94.0,0.0,0.0,0.0,10,40.5,293.0,10,94.0,0.0,0.0,0.0,0.0,0.0,30
2023-05-10 13:59:59,m2312-P-3300,m2312-P-3300,94.0,0.0,0.0,0.0,10,40.5,292.5,1,94.0,0.0,0.0,0.0,0.0,0.0,30
2023-05-10 13:59:59,m2312-P-3300,m2312-P-3300,94.0,0.0,0.0,0.0,10,40.5,292.0,10,94.0,0.0,0.0,0.0,0.0,0.0,30
2023-05-10 14:00:05,m2312-P-3300,m2312-P-3300,94.0,0.0,0.0,0.0,10,40.5,291.5,1,94.0,0.0,0.0,0.0,0.0,0.0,30
2023-05-10 14:00:05,m2312-P-3300,m2312-P-3300,94.0,0.0,0.0,0.0,10,40.5,291.0,10,94.0,0.0,0.0,0.0,0.0,0.0,30
2023-05-10 14:00:10,m2312-P-3300,m2312-P-3300,94.0,0.0,0.0,0.0,10,40.5,290.5,1,94.0,0.0,0.0,0.0,0.0,0.0,30
2023-05-10 14:00:11,m2312-P-3300,m2312-P-3300,94.0,0.0,0.0,0.0,10,40.5,290.0,10,94.0,0.0,0.0,0.0,0.0,0.0,30
2023-05-10 14:00:14,m2312-P-3300,m2312-P-3300,94.0,0.0,0.0,0.0,10,40.5,289.5,1,94.0,0.0,0.0,0.0,0.0,0.0,30
2023-05-10 14:00:15,m2312-P-3300,m2312-P-3300,94.0,0.0,0.0,0.0,10,40.5,289.0,10,94.0,0.0,0.0,0.0,0.0,0.0,30
2023-05-10 14:00:19,m2312-P-3300,m2312-P-3300,94.0,0.0,0.0,0.0,10,40.5,288.5,1,94.0,0.0,0.0,0.0,0.0,0.0,30
2023-05-10 14:00:19,m2312-P-3300,m2312-P-3300,94.0,0.0,0.0,0.0,10,40.5,288.0,10,94.0,0.0,0.0,0.0,0.0,0.0,30
2023-05-10 14:00:23,m2312-P-3300,m2312-P-3300,94.0,0.0,0.0,0.0,10,40.5,287.5,1,94.0,0.0,0.0,0.0,0.0,0.0,30
2023-05-10 14:00:24,m2312-P-3300,m2312-P-3300,94.0,0.0,0.0,0.0,10,40.5,287.0,10,94.0,0.0,0.0,0.0,0.0,0.0,30
2023-05-10 14:00:27,m2312-P-3300,m2312-P-3300,94.0,0.0,0.0,0.0,10,40.5,286.5,1,94.0,0.0,0.0,0.0,0.0,0.0,30
2023-05-10 14:00:27,m2312-P-3300,m2312-P-3300,94.0,0.0,0.0,0.0,10,40.5,286.0,10,94.0,0.0,0.0,0.0,0.0,0.0,30
2023-05-10 14:00:31,m2312-P-3300,m2312-P-3300,94.0,0.0,0.0,0.0,10,40.5,285.5,1,94.0,0.0,0.0,0.0,0.0,0.0,30
2023-05-10 14:00:31,m2312-P-3300,m2312-P-3300,94.0,0.0,0.0,0.0,10,40.5,285.0,10,94.0,0.0,0.0,0.0,0.0,0.0,30
2023-05-10 14:00:35,m2312-P-3300,m2312-P-3300,94.0,0.0,0.0,0.0,10,40.5,284.5,1,94.0,0.0,0.0,0.0,0.0,0.0,30
2023-05-10 14:00:35,m2312-P-3300,m2312-P-3300,94.0,0.0,0.0,0.0,10,40.5,284.0,10,94.0,0.0,0.0,0.0,0.0,0.0,30
2023-05-10 14:00:39,m2312-P-3300,m2312-P-3300,94.0,0.0,0.0,0.0,10,40.5,283.5,1,94.0,0.0,0.0,0.0,0.0,0.0,30
2023-05-10 14:00:39,m2312-P-3300,m2312-P-3300,94.0,0.0,0.0,0.0,10,40.5,283.0,10,94.0,0.0,0.0,0.0,0.0,0.0,30
2023-05-10 14:00:42,m2312-P-3300,m2312-P-3300,94.0,0.0,0.0,0.0,10,40.5,282.5,1,94.0,0.0,0.0,0.0,0.0,0.0,30
2023-05-10 14:00:43,m2312-P-3300,m2312-P-3300,94.0,0.0,0.0,0.0,10,40.5,282.0,10,94.0,0.0,0.0,0.0,0.0,0.0,30
2023-05-10 14:00:48,m2312-P-3300,m2312-P-3300,94.0,0.0,0.0,0.0,10,40.5,281.5,1,94.0,0.0,0.0,0.0,0.0,0.0,30
2023-05-10 14:00:48,m2312-P-3300,m2312-P-3300,94.0,0.0,0.0,0.0,10,40.5,281.0,10,94.0,0.0,0.0,0.0,0.0,0.0,30
2023-05-10 14:00:52,m2312-P-3300,m2312-P-3300,94.0,0.0,0.0,0.0,10,40.5,280.5,1,94.0,0.0,0.0,0.0,0.0,0.0,30
2023-05-10 14:00:52,m2312-P-3300,m2312-P-3300,94.0,0.0,0.0,0.0,10,40.5,280.0,10,94.0,0.0,0.0,0.0,0.0,0.0,30
2023-05-10 14:00:55,m2312-P-3300,m2312-P-3300,94.0,0.0,0.0,0.0,10,40.5,279.5,1,94.0,0.0,0.0,0.0,0.0,0.0,30
2023-05-10 14:00:56,m2312-P-3300,m2312-P-3300,94.0,0.0,0.0,0.0,10,40.5,279.0,10,94.0,0.0,0.0,0.0,0.0,0.0,30
2023-05-10 14:01:00,m2312-P-3300,m2312-P-3300,94.0,0.0,0.0,0.0,10,40.5,278.5,1,94.0,0.0,0.0,0.0,0.0,0.0,30
2023-05-10 14:01:00,m2312-P-3300,m2312-P-3300,94.0,0.0,0.0,0.0,10,40.5,278.0,10,94.0,0.0,0.0,0.0,0.0,0.0,30
2023-05-10 14:01:04,m2312-P-3300,m2312-P-3300,94.0,0.0,0.0,0.0,10,40.5,277.5,1,94.0,0.0,0.0,0.0,0.0,0.0,30
2023-05-10 14:01:04,m2312-P-3300,m2312-P-3300,94.0,0.0,0.0,0.0,10,40.5,277.0,10,94.0,0.0,0.0,0.0,0.0,0.0,30
2023-05-10 14:01:10,m2312-P-3300,m2312-P-3300,94.0,0.0,0.0,0.0,10,40.5,276.5,1,94.0,0.0,0.0,0.0,0.0,0.0,30
2023-05-10 14:01:10,m2312-P-3300,m2312-P-3300,94.0,0.0,0.0,0.0,10,40.5,276.0,10,94.0,0.0,0.0,0.0,0.0,0.0,30
2023-05-10 14:01:15,m2312-P-3300,m2312-P-3300,94.0,0.0,0.0,0.0,10,40.5,275.5,1,94.0,0.0,0.0,0.0,0.0,0.0,30
2023-05-10 14:01:15,m2312-P-3300,m2312-P-3300,94.0,0.0,0.0,0.0,10,40.5,275.0,10,94.0,0.0,0.0,0.0,0.0,0.0,30
2023-05-10 14:01:19,m2312-P-3300,m2312-P-3300,94.0,0.0,0.0,0.0,10,40.5,274.5,1,94.0,0.0,0.0,0.0,0.0,0.0,30
2023-05-10 14:01:20,m2312-P-3300,m2312-P-3300,94.0,0.0,0.0,0.0,10,40.5,274.0,10,94.0,0.0,0.0,0.0,0.0,0.0,30
2023-05-10 14:02:39,m2312-P-3300,m2312-P-3300,94.0,0.0,0.0,0.0,10,40.5,273.5,1,94.0,0.0,0.0,0.0,0.0,0.0,30
2023-05-10 14:02:39,m2312-P-3300,m2312-P-3300,94.0,0.0,0.0,0.0,10,40.5,273.0,10,94.0,0.0,0.0,0.0,0.0,0.0,30
2023-05-10 14:02:50,m2312-P-3300,m2312-P-3300,94.0,0.0,0.0,0.0,10,40.5,272.5,1,94.0,0.0,0.0,0.0,0.0,0.0,30
2023-05-10 14:02:51,m2312-P-3300,m2312-P-3300,94.0,0.0,0.0,0.0,10,40.5,272.0,10,94.0,0.0,0.0,0.0,0.0,0.0,30
2023-05-10 14:02:54,m2312-P-3300,m2312-P-3300,94.0,0.0,0.0,0.0,10,40.5,271.5,1,94.0,0.0,0.0,0.0,0.0,0.0,30
2023-05-10 14:02:54,m2312-P-3300,m2312-P-3300,94.0,0.0,0.0,0.0,10,40.5,271.0,10,94.0,0.0,0.0,0.0,0.0,0.0,30
2023-05-10 14:03:07,m2312-P-3300,m2312-P-3300,94.0,0.0,0.0,0.0,10,40.5,270.5,1,94.0,0.0,0.0,0.0,0.0,0.0,30
2023-05-10 14:03:07,m2312-P-3300,m2312-P-3300,94.0,0.0,0.0,0.0,10,40.5,270.0,10,94.0,0.0,0.0,0.0,0.0,0.0,30
2023-05-10 14:03:12,m2312-P-3300,m2312-P-3300,94.0,0.0,0.0,0.0,10,40.5,269.5,1,94.0,0.0,0.0,0.0,0.0,0.0,30
2023-05-10 14:03:13,m2312-P-3300,m2312-P-3300,94.0,0.0,0.0,0.0,10,40.5,269.0,10,94.0,0.0,0.0,0.0,0.0,0.0,30
2023-05-10 14:03:26,m2312-P-3300,m2312-P-3300,94.0,0.0,0.0,0.0,10,40.5,268.5,1,94.0,0.0,0.0,0.0,0.0,0.0,30
2023-05-10 14:03:27,m2312-P-3300,m2312-P-3300,94.0,0.0,0.0,0.0,10,40.5,268.0,10,94.0,0.0,0.0,0.0,0.0,0.0,30
2023-05-10 14:03:30,m2312-P-3300,m2312-P-3300,94.0,0.0,0.0,0.0,10,40.5,267.0,10,94.0,0.0,0.0,0.0,0.0,0.0,30
2023-05-10 14:03:33,m2312-P-3300,m2312-P-3300,94.0,0.0,0.0,0.0,10,40.5,266.5,1,94.0,0.0,0.0,0.0,0.0,0.0,30
2023-05-10 14:03:33,m2312-P-3300,m2312-P-3300,94.0,0.0,0.0,0.0,10,40.5,266.0,10,94.0,0.0,0.0,0.0,0.0,0.0,30
2023-05-10 14:03:36,m2312-P-3300,m2312-P-3300,94.0,0.0,0.0,0.0,10,40.5,265.5,1,94.0,0.0,0.0,0.0,0.0,0.0,30
2023-05-10 14:03:36,m2312-P-3300,m2312-P-3300,94.0,0.0,0.0,0.0,10,40.5,265.0,10,94.0,0.0,0.0,0.0,0.0,0.0,30
2023-05-10 14:03:39,m2312-P-3300,m2312-P-3300,94.0,0.0,0.0,0.0,10,40.5,264.5,1,94.0,0.0,0.0,0.0,0.0,0.0,30
2023-05-10 14:03:39,m2312-P-3300,m2312-P-3300,94.0,0.0,0.0,0.0,10,40.5,264.0,10,94.0,0.0,0.0,0.0,0.0,0.0,30
2023-05-10 14:03:42,m2312-P-3300,m2312-P-3300,94.0,0.0,0.0,0.0,10,40.5,263.5,1,94.0,0.0,0.0,0.0,0.0,0.0,30
2023-05-10 14:03:42,m2312-P-3300,m2312-P-3300,94.0,0.0,0.0,0.0,10,40.5,263.0,10,94.0,0.0,0.0,0.0,0.0,0.0,30
2023-05-10 14:03:45,m2312-P-3300,m2312-P-3300,94.0,0.0,0.0,0.0,10,40.5,262.5,1,94.0,0.0,0.0,0.0,0.0,0.0,30
2023-05-10 14:03:45,m2312-P-3300,m2312-P-3300,94.0,0.0,0.0,0.0,10,40.5,262.0,10,94.0,0.0,0.0,0.0,0.0,0.0,30
2023-05-10 14:03:48,m2312-P-3300,m2312-P-3300,94.0,0.0,0.0,0.0,10,40.5,261.5,1,94.0,0.0,0.0,0.0,0.0,0.0,30
2023-05-10 14:03:48,m2312-P-3300,m2312-P-3300,94.0,0.0,0.0,0.0,10,40.5,261.0,10,94.0,0.0,0.0,0.0,0.0,0.0,30
2023-05-10 14:03:50,m2312-P-3300,m2312-P-3300,94.0,0.0,0.0,0.0,10,40.5,260.5,1,94.0,0.0,0.0,0.0,0.0,0.0,30
2023-05-10 14:03:50,m2312-P-3300,m2312-P-3300,94.0,0.0,0.0,0.0,10,40.5,260.0,10,94.0,0.0,0.0,0.0,0.0,0.0,30
2023-05-10 14:03:52,m2312-P-3300,m2312-P-3300,94.0,0.0,0.0,0.0,10,40.5,259.5,1,94.0,0.0,0.0,0.0,0.0,0.0,30
2023-05-10 14:03:52,m2312-P-3300,m2312-P-3300,94.0,0.0,0.0,0.0,10,40.5,259.0,10,94.0,0.0,0.0,0.0,0.0,0.0,30
2023-05-10 14:03:54,m2312-P-3300,m2312-P-3300,94.0,0.0,0.0,0.0,10,40.5,258.5,1,94.0,0.0,0.0,0.0,0.0,0.0,30
2023-05-10 14:03:54,m2312-P-3300,m2312-P-3300,94.0,0.0,0.0,0.0,10,40.5,258.0,10,94.0,0.0,0.0,0.0,0.0,0.0,30
2023-05-10 14:03:57,m2312-P-3300,m2312-P-3300,94.0,0.0,0.0,0.0,10,40.5,257.5,1,94.0,0.0,0.0,0.0,0.0,0.0,30
2023-05-10 14:03:57,m2312-P-3300,m2312-P-3300,94.0,0.0,0.0,0.0,10,40.5,257.0,10,94.0,0.0,0.0,0.0,0.0,0.0,30
2023-05-10 14:03:59,m2312-P-3300,m2312-P-3300,94.0,0.0,0.0,0.0,10,40.5,256.5,1,94.0,0.0,0.0,0.0,0.0,0.0,30
2023-05-10 14:03:59,m2312-P-3300,m2312-P-3300,94.0,0.0,0.0,0.0,10,40.5,256.0,10,94.0,0.0,0.0,0.0,0.0,0.0,30
2023-05-10 14:04:02,m2312-P-3300,m2312-P-3300,94.0,0.0,0.0,0.0,10,40.5,255.5,1,94.0,0.0,0.0,0.0,0.0,0.0,30
2023-05-10 14:04:02,m2312-P-3300,m2312-P-3300,94.0,0.0,0.0,0.0,10,40.5,255.0,10,94.0,0.0,0.0,0.0,0.0,0.0,30
2023-05-10 14:04:04,m2312-P-3300,m2312-P-3300,94.0,0.0,0.0,0.0,10,40.5,254.5,1,94.0,0.0,0.0,0.0,0.0,0.0,30
2023-05-10 14:04:04,m2312-P-3300,m2312-P-3300,94.0,0.0,0.0,0.0,10,40.5,254.0,10,94.0,0.0,0.0,0.0,0.0,0.0,30
2023-05-10 14:45:03,m2312-P-3300,m2312-P-3300,94.0,0.0,0.0,0.0,5,95.5,106.5,5,94.0,0.0,0.0,0.0,0.0,0.0,30
2023-05-10 14:45:04,m2312-P-3300,m2312-P-3300,94.0,0.0,0.0,0.0,10,95.5,106.5,10,94.0,0.0,0.0,0.0,0.0,0.0,30
2023-05-10 14:45:07,m2312-P-3300,m2312-P-3300,94.0,0.0,0.0,0.0,10,95.5,97.0,5,94.0,0.0,0.0,0.0,0.0,0.0,30
2023-05-10 14:45:15,m2312-P-3300,m2312-P-3300,94.0,0.0,0.0,0.0,5,95.5,97.0,5,94.0,0.0,0.0,0.0,0.0,0.0,30
2023-05-10 14:45:16,m2312-P-3300,m2312-P-3300,94.0,0.0,0.0,0.0,5,94.5,97.0,5,94.0,0.0,0.0,0.0,0.0,0.0,30
2023-05-10 14:45:18,m2312-P-3300,m2312-P-3300,94.0,0.0,0.0,0.0,5,94.5,99.0,5,94.0,0.0,0.0,0.0,0.0,0.0,30
2023-05-10 14:45:19,m2312-P-3300,m2312-P-3300,94.0,0.0,0.0,0.0,10,91.5,99.0,5,94.0,0.0,0.0,0.0,0.0,0.0,30
2023-05-10 14:45:20,m2312-P-3300,m2312-P-3300,94.0,0.0,0.0,0.0,5,91.5,99.0,5,94.0,0.0,0.0,0.0,0.0,0.0,30
2023-05-10 14:45:20,m2312-P-3300,m2312-P-3300,94.0,0.0,0.0,0.0,10,91.5,99.0,10,94.0,0.0,0.0,0.0,0.0,0.0,30
2023-05-10 14:45:23,m2312-P-3300,m2312-P-3300,94.0,0.0,0.0,0.0,5,91.5,99.0,10,94.0,0.0,0.0,0.0,0.0,0.0,30
2023-05-10 14:45:25,m2312-P-3300,m2312-P-3300,94.0,0.0,0.0,0.0,5,91.5,99.0,5,94.0,0.0,0.0,0.0,0.0,0.0,30
2023-05-10 14:45:30,m2312-P-3300,m2312-P-3300,94.0,0.0,0.0,0.0,5,90.0,100.5,5,94.0,0.0,0.0,0.0,0.0,0.0,30
2023-05-10 14:45:32,m2312-P-3300,m2312-P-3300,94.0,0.0,0.0,0.0,10,6.0,0.0,0,94.0,0.0,0.0,0.0,0.0,0.0,30
2023-05-10 14:45:33,m2312-P-3300,m2312-P-3300,94.0,0.0,0.0,0.0,1,14.0,0.0,0,94.0,0.0,0.0,0.0,0.0,0.0,30
2023-05-10 14:45:33,m2312-P-3300,m2312-P-3300,94.0,0.0,0.0,0.0,10,14.5,0.0,0,94.0,0.0,0.0,0.0,0.0,0.0,30
2023-05-10 14:45:35,m2312-P-3300,m2312-P-3300,94.0,0.0,0.0,0.0,1,15.0,0.0,0,94.0,0.0,0.0,0.0,0.0,0.0,30
2023-05-10 14:45:35,m2312-P-3300,m2312-P-3300,94.0,0.0,0.0,0.0,10,15.5,0.0,0,94.0,0.0,0.0,0.0,0.0,0.0,30
2023-05-10 14:45:36,m2312-P-3300,m2312-P-3300,94.0,0.0,0.0,0.0,1,16.0,0.0,0,94.0,0.0,0.0,0.0,0.0,0.0,30
2023-05-10 14:45:36,m2312-P-3300,m2312-P-3300,94.0,0.0,0.0,0.0,10,16.5,0.0,0,94.0,0.0,0.0,0.0,0.0,0.0,30
2023-05-10 14:48:46,m2312-P-3300,m2312-P-3300,94.0,0.0,0.0,0.0,1,17.0,0.0,0,94.0,0.0,0.0,0.0,0.0,0.0,30
2023-05-10 14:48:46,m2312-P-3300,m2312-P-3300,94.0,0.0,0.0,0.0,11,17.5,0.0,0,94.0,0.0,0.0,0.0,0.0,0.0,30
2023-05-10 14:59:02,m2312-P-3300,m2312-P-3300,94.0,0.0,0.0,0.0,1,17.5,0.0,0,94.0,0.0,0.0,0.0,0.0,0.0,30
2023-05-10 15:01:15,m2312-P-3300,m2312-P-3300,94.0,0.0,0.0,0.0,1,17.5,0.0,0,94.0,0.0,0.0,0.0,0.0,0.0,30
