time,symbol_id,symbol_name,last,trade_volume,trade_amount,open_interest_change,bv1,bp1,ap1,av1,yesterday_close,today_open,today_high,today_low,volume,amount,open_interest
2023-05-09 20:55:34,m2312-C-3950,m2312-C-3950,40.5,0.0,0.0,0.0,1,0.5,0.0,0,40.5,0.0,0.0,0.0,0.0,0.0,20
2023-05-09 21:05:53,m2312-C-3950,m2312-C-3950,40.5,0.0,0.0,0.0,1,1.5,0.0,0,40.5,0.0,0.0,0.0,0.0,0.0,20
2023-05-09 21:08:32,m2312-C-3950,m2312-C-3950,40.5,0.0,0.0,0.0,1,2.5,0.0,0,40.5,0.0,0.0,0.0,0.0,0.0,20
2023-05-09 21:12:46,m2312-C-3950,m2312-C-3950,40.5,0.0,0.0,0.0,2,2.5,0.0,0,40.5,0.0,0.0,0.0,0.0,0.0,20
2023-05-09 21:32:30,m2312-C-3950,m2312-C-3950,40.5,0.0,0.0,0.0,2,2.5,248.5,10,40.5,0.0,0.0,0.0,0.0,0.0,20
2023-05-09 21:32:50,m2312-C-3950,m2312-C-3950,40.5,0.0,0.0,0.0,2,2.5,248.0,1,40.5,0.0,0.0,0.0,0.0,0.0,20
2023-05-09 21:32:50,m2312-C-3950,m2312-C-3950,40.5,0.0,0.0,0.0,2,2.5,247.5,10,40.5,0.0,0.0,0.0,0.0,0.0,20
2023-05-09 21:32:58,m2312-C-3950,m2312-C-3950,40.5,0.0,0.0,0.0,2,2.5,247.0,1,40.5,0.0,0.0,0.0,0.0,0.0,20
2023-05-09 21:32:58,m2312-C-3950,m2312-C-3950,40.5,0.0,0.0,0.0,2,2.5,246.5,10,40.5,0.0,0.0,0.0,0.0,0.0,20
2023-05-09 21:33:06,m2312-C-3950,m2312-C-3950,40.5,0.0,0.0,0.0,2,2.5,246.0,1,40.5,0.0,0.0,0.0,0.0,0.0,20
2023-05-09 21:33:07,m2312-C-3950,m2312-C-3950,40.5,0.0,0.0,0.0,2,2.5,245.5,10,40.5,0.0,0.0,0.0,0.0,0.0,20
2023-05-09 21:33:17,m2312-C-3950,m2312-C-3950,40.5,0.0,0.0,0.0,2,2.5,245.0,1,40.5,0.0,0.0,0.0,0.0,0.0,20
2023-05-09 21:33:18,m2312-C-3950,m2312-C-3950,40.5,0.0,0.0,0.0,2,2.5,244.5,10,40.5,0.0,0.0,0.0,0.0,0.0,20
2023-05-09 21:33:23,m2312-C-3950,m2312-C-3950,40.5,0.0,0.0,0.0,2,2.5,244.0,1,40.5,0.0,0.0,0.0,0.0,0.0,20
2023-05-09 21:33:23,m2312-C-3950,m2312-C-3950,40.5,0.0,0.0,0.0,2,2.5,243.5,10,40.5,0.0,0.0,0.0,0.0,0.0,20
2023-05-09 21:33:42,m2312-C-3950,m2312-C-3950,40.5,0.0,0.0,0.0,2,2.5,243.0,1,40.5,0.0,0.0,0.0,0.0,0.0,20
2023-05-09 21:33:42,m2312-C-3950,m2312-C-3950,40.5,0.0,0.0,0.0,2,2.5,242.5,10,40.5,0.0,0.0,0.0,0.0,0.0,20
2023-05-09 21:33:48,m2312-C-3950,m2312-C-3950,40.5,0.0,0.0,0.0,2,2.5,242.0,1,40.5,0.0,0.0,0.0,0.0,0.0,20
2023-05-09 21:33:49,m2312-C-3950,m2312-C-3950,40.5,0.0,0.0,0.0,2,2.5,241.5,10,40.5,0.0,0.0,0.0,0.0,0.0,20
2023-05-09 21:33:54,m2312-C-3950,m2312-C-3950,40.5,0.0,0.0,0.0,2,2.5,241.0,1,40.5,0.0,0.0,0.0,0.0,0.0,20
2023-05-09 21:33:55,m2312-C-3950,m2312-C-3950,40.5,0.0,0.0,0.0,2,2.5,240.5,10,40.5,0.0,0.0,0.0,0.0,0.0,20
2023-05-09 21:34:14,m2312-C-3950,m2312-C-3950,40.5,0.0,0.0,0.0,2,2.5,240.0,1,40.5,0.0,0.0,0.0,0.0,0.0,20
2023-05-09 21:34:14,m2312-C-3950,m2312-C-3950,40.5,0.0,0.0,0.0,2,2.5,239.5,10,40.5,0.0,0.0,0.0,0.0,0.0,20
2023-05-09 21:34:19,m2312-C-3950,m2312-C-3950,40.5,0.0,0.0,0.0,2,2.5,239.0,1,40.5,0.0,0.0,0.0,0.0,0.0,20
2023-05-09 21:34:19,m2312-C-3950,m2312-C-3950,40.5,0.0,0.0,0.0,2,2.5,238.5,10,40.5,0.0,0.0,0.0,0.0,0.0,20
2023-05-09 21:34:23,m2312-C-3950,m2312-C-3950,40.5,0.0,0.0,0.0,2,2.5,238.0,1,40.5,0.0,0.0,0.0,0.0,0.0,20
2023-05-09 21:34:23,m2312-C-3950,m2312-C-3950,40.5,0.0,0.0,0.0,2,2.5,237.5,10,40.5,0.0,0.0,0.0,0.0,0.0,20
2023-05-09 21:34:26,m2312-C-3950,m2312-C-3950,40.5,0.0,0.0,0.0,2,2.5,237.0,1,40.5,0.0,0.0,0.0,0.0,0.0,20
2023-05-09 21:34:26,m2312-C-3950,m2312-C-3950,40.5,0.0,0.0,0.0,2,2.5,236.5,10,40.5,0.0,0.0,0.0,0.0,0.0,20
2023-05-09 21:34:30,m2312-C-3950,m2312-C-3950,40.5,0.0,0.0,0.0,2,2.5,236.0,1,40.5,0.0,0.0,0.0,0.0,0.0,20
2023-05-09 21:34:30,m2312-C-3950,m2312-C-3950,40.5,0.0,0.0,0.0,2,2.5,235.5,10,40.5,0.0,0.0,0.0,0.0,0.0,20
2023-05-09 21:34:33,m2312-C-3950,m2312-C-3950,40.5,0.0,0.0,0.0,2,2.5,235.0,1,40.5,0.0,0.0,0.0,0.0,0.0,20
2023-05-09 21:34:33,m2312-C-3950,m2312-C-3950,40.5,0.0,0.0,0.0,2,2.5,234.5,10,40.5,0.0,0.0,0.0,0.0,0.0,20
2023-05-09 21:34:37,m2312-C-3950,m2312-C-3950,40.5,0.0,0.0,0.0,2,2.5,234.0,1,40.5,0.0,0.0,0.0,0.0,0.0,20
2023-05-09 21:34:37,m2312-C-3950,m2312-C-3950,40.5,0.0,0.0,0.0,2,2.5,233.5,10,40.5,0.0,0.0,0.0,0.0,0.0,20
2023-05-09 21:34:41,m2312-C-3950,m2312-C-3950,40.5,0.0,0.0,0.0,2,2.5,233.0,1,40.5,0.0,0.0,0.0,0.0,0.0,20
2023-05-09 21:34:41,m2312-C-3950,m2312-C-3950,40.5,0.0,0.0,0.0,2,2.5,232.5,10,40.5,0.0,0.0,0.0,0.0,0.0,20
2023-05-09 21:34:47,m2312-C-3950,m2312-C-3950,40.5,0.0,0.0,0.0,2,2.5,232.0,1,40.5,0.0,0.0,0.0,0.0,0.0,20
2023-05-09 21:34:47,m2312-C-3950,m2312-C-3950,40.5,0.0,0.0,0.0,2,2.5,231.5,10,40.5,0.0,0.0,0.0,0.0,0.0,20
2023-05-09 21:34:51,m2312-C-3950,m2312-C-3950,40.5,0.0,0.0,0.0,2,2.5,231.0,1,40.5,0.0,0.0,0.0,0.0,0.0,20
2023-05-09 21:34:51,m2312-C-3950,m2312-C-3950,40.5,0.0,0.0,0.0,2,2.5,230.5,10,40.5,0.0,0.0,0.0,0.0,0.0,20
2023-05-09 21:34:55,m2312-C-3950,m2312-C-3950,40.5,0.0,0.0,0.0,2,2.5,230.0,1,40.5,0.0,0.0,0.0,0.0,0.0,20
2023-05-09 21:34:55,m2312-C-3950,m2312-C-3950,40.5,0.0,0.0,0.0,2,2.5,229.5,10,40.5,0.0,0.0,0.0,0.0,0.0,20
2023-05-09 21:35:01,m2312-C-3950,m2312-C-3950,40.5,0.0,0.0,0.0,2,2.5,229.0,1,40.5,0.0,0.0,0.0,0.0,0.0,20
2023-05-09 21:35:02,m2312-C-3950,m2312-C-3950,40.5,0.0,0.0,0.0,2,2.5,228.5,10,40.5,0.0,0.0,0.0,0.0,0.0,20
2023-05-09 21:35:07,m2312-C-3950,m2312-C-3950,40.5,0.0,0.0,0.0,2,2.5,228.0,1,40.5,0.0,0.0,0.0,0.0,0.0,20
2023-05-09 21:35:07,m2312-C-3950,m2312-C-3950,40.5,0.0,0.0,0.0,2,2.5,227.5,10,40.5,0.0,0.0,0.0,0.0,0.0,20
2023-05-09 21:35:15,m2312-C-3950,m2312-C-3950,40.5,0.0,0.0,0.0,2,2.5,227.0,1,40.5,0.0,0.0,0.0,0.0,0.0,20
2023-05-09 21:35:15,m2312-C-3950,m2312-C-3950,40.5,0.0,0.0,0.0,2,2.5,226.5,10,40.5,0.0,0.0,0.0,0.0,0.0,20
2023-05-09 21:35:19,m2312-C-3950,m2312-C-3950,40.5,0.0,0.0,0.0,2,2.5,226.0,1,40.5,0.0,0.0,0.0,0.0,0.0,20
2023-05-09 21:35:19,m2312-C-3950,m2312-C-3950,40.5,0.0,0.0,0.0,2,2.5,225.5,10,40.5,0.0,0.0,0.0,0.0,0.0,20
2023-05-09 21:35:24,m2312-C-3950,m2312-C-3950,40.5,0.0,0.0,0.0,2,2.5,225.0,1,40.5,0.0,0.0,0.0,0.0,0.0,20
2023-05-09 21:35:25,m2312-C-3950,m2312-C-3950,40.5,0.0,0.0,0.0,2,2.5,224.5,10,40.5,0.0,0.0,0.0,0.0,0.0,20
2023-05-09 21:35:29,m2312-C-3950,m2312-C-3950,40.5,0.0,0.0,0.0,2,2.5,224.0,1,40.5,0.0,0.0,0.0,0.0,0.0,20
2023-05-09 21:35:29,m2312-C-3950,m2312-C-3950,40.5,0.0,0.0,0.0,2,2.5,223.5,10,40.5,0.0,0.0,0.0,0.0,0.0,20
2023-05-09 21:35:38,m2312-C-3950,m2312-C-3950,40.5,0.0,0.0,0.0,2,2.5,223.0,1,40.5,0.0,0.0,0.0,0.0,0.0,20
2023-05-09 21:35:38,m2312-C-3950,m2312-C-3950,40.5,0.0,0.0,0.0,2,2.5,222.5,10,40.5,0.0,0.0,0.0,0.0,0.0,20
2023-05-09 21:35:41,m2312-C-3950,m2312-C-3950,40.5,0.0,0.0,0.0,2,2.5,222.0,1,40.5,0.0,0.0,0.0,0.0,0.0,20
2023-05-09 21:35:42,m2312-C-3950,m2312-C-3950,40.5,0.0,0.0,0.0,2,2.5,221.5,10,40.5,0.0,0.0,0.0,0.0,0.0,20
2023-05-09 21:35:45,m2312-C-3950,m2312-C-3950,40.5,0.0,0.0,0.0,2,2.5,221.0,1,40.5,0.0,0.0,0.0,0.0,0.0,20
2023-05-09 21:35:45,m2312-C-3950,m2312-C-3950,40.5,0.0,0.0,0.0,2,2.5,220.5,10,40.5,0.0,0.0,0.0,0.0,0.0,20
2023-05-09 21:35:52,m2312-C-3950,m2312-C-3950,40.5,0.0,0.0,0.0,2,2.5,220.0,1,40.5,0.0,0.0,0.0,0.0,0.0,20
2023-05-09 21:35:52,m2312-C-3950,m2312-C-3950,40.5,0.0,0.0,0.0,2,2.5,219.5,10,40.5,0.0,0.0,0.0,0.0,0.0,20
2023-05-09 21:35:56,m2312-C-3950,m2312-C-3950,40.5,0.0,0.0,0.0,2,2.5,219.0,1,40.5,0.0,0.0,0.0,0.0,0.0,20
2023-05-09 21:35:57,m2312-C-3950,m2312-C-3950,40.5,0.0,0.0,0.0,2,2.5,218.5,10,40.5,0.0,0.0,0.0,0.0,0.0,20
2023-05-09 21:36:01,m2312-C-3950,m2312-C-3950,40.5,0.0,0.0,0.0,2,2.5,218.0,1,40.5,0.0,0.0,0.0,0.0,0.0,20
2023-05-09 21:36:02,m2312-C-3950,m2312-C-3950,40.5,0.0,0.0,0.0,2,2.5,217.5,10,40.5,0.0,0.0,0.0,0.0,0.0,20
2023-05-09 21:36:06,m2312-C-3950,m2312-C-3950,40.5,0.0,0.0,0.0,2,2.5,217.0,1,40.5,0.0,0.0,0.0,0.0,0.0,20
2023-05-09 21:36:06,m2312-C-3950,m2312-C-3950,40.5,0.0,0.0,0.0,2,2.5,216.5,10,40.5,0.0,0.0,0.0,0.0,0.0,20
2023-05-09 21:36:10,m2312-C-3950,m2312-C-3950,40.5,0.0,0.0,0.0,2,2.5,216.0,1,40.5,0.0,0.0,0.0,0.0,0.0,20
2023-05-09 21:36:11,m2312-C-3950,m2312-C-3950,40.5,0.0,0.0,0.0,2,2.5,215.5,10,40.5,0.0,0.0,0.0,0.0,0.0,20
2023-05-09 21:36:14,m2312-C-3950,m2312-C-3950,40.5,0.0,0.0,0.0,2,2.5,215.0,1,40.5,0.0,0.0,0.0,0.0,0.0,20
2023-05-09 21:36:15,m2312-C-3950,m2312-C-3950,40.5,0.0,0.0,0.0,2,2.5,214.5,10,40.5,0.0,0.0,0.0,0.0,0.0,20
2023-05-09 21:36:21,m2312-C-3950,m2312-C-3950,40.5,0.0,0.0,0.0,2,2.5,214.0,1,40.5,0.0,0.0,0.0,0.0,0.0,20
2023-05-09 21:36:21,m2312-C-3950,m2312-C-3950,40.5,0.0,0.0,0.0,2,2.5,213.5,10,40.5,0.0,0.0,0.0,0.0,0.0,20
2023-05-09 21:36:28,m2312-C-3950,m2312-C-3950,40.5,0.0,0.0,0.0,2,2.5,213.0,1,40.5,0.0,0.0,0.0,0.0,0.0,20
2023-05-09 21:36:28,m2312-C-3950,m2312-C-3950,40.5,0.0,0.0,0.0,2,2.5,212.5,10,40.5,0.0,0.0,0.0,0.0,0.0,20
2023-05-09 21:36:34,m2312-C-3950,m2312-C-3950,40.5,0.0,0.0,0.0,2,2.5,212.0,1,40.5,0.0,0.0,0.0,0.0,0.0,20
2023-05-09 21:36:34,m2312-C-3950,m2312-C-3950,40.5,0.0,0.0,0.0,2,2.5,211.5,10,40.5,0.0,0.0,0.0,0.0,0.0,20
2023-05-09 21:36:38,m2312-C-3950,m2312-C-3950,40.5,0.0,0.0,0.0,2,2.5,211.0,1,40.5,0.0,0.0,0.0,0.0,0.0,20
2023-05-09 21:36:38,m2312-C-3950,m2312-C-3950,40.5,0.0,0.0,0.0,2,2.5,210.5,10,40.5,0.0,0.0,0.0,0.0,0.0,20
2023-05-09 21:36:43,m2312-C-3950,m2312-C-3950,40.5,0.0,0.0,0.0,2,2.5,210.0,1,40.5,0.0,0.0,0.0,0.0,0.0,20
2023-05-09 21:36:43,m2312-C-3950,m2312-C-3950,40.5,0.0,0.0,0.0,2,2.5,209.5,10,40.5,0.0,0.0,0.0,0.0,0.0,20
2023-05-09 21:36:47,m2312-C-3950,m2312-C-3950,40.5,0.0,0.0,0.0,2,2.5,209.0,1,40.5,0.0,0.0,0.0,0.0,0.0,20
2023-05-09 21:36:47,m2312-C-3950,m2312-C-3950,40.5,0.0,0.0,0.0,2,2.5,208.5,10,40.5,0.0,0.0,0.0,0.0,0.0,20
2023-05-09 21:36:50,m2312-C-3950,m2312-C-3950,40.5,0.0,0.0,0.0,2,2.5,208.0,1,40.5,0.0,0.0,0.0,0.0,0.0,20
2023-05-09 21:36:51,m2312-C-3950,m2312-C-3950,40.5,0.0,0.0,0.0,2,2.5,207.5,10,40.5,0.0,0.0,0.0,0.0,0.0,20
2023-05-09 21:37:03,m2312-C-3950,m2312-C-3950,40.5,0.0,0.0,0.0,2,2.5,207.0,1,40.5,0.0,0.0,0.0,0.0,0.0,20
2023-05-09 21:37:03,m2312-C-3950,m2312-C-3950,40.5,0.0,0.0,0.0,2,2.5,206.5,10,40.5,0.0,0.0,0.0,0.0,0.0,20
2023-05-09 21:37:26,m2312-C-3950,m2312-C-3950,40.5,0.0,0.0,0.0,2,2.5,206.0,1,40.5,0.0,0.0,0.0,0.0,0.0,20
2023-05-09 21:37:26,m2312-C-3950,m2312-C-3950,40.5,0.0,0.0,0.0,2,2.5,205.5,10,40.5,0.0,0.0,0.0,0.0,0.0,20
2023-05-09 21:37:29,m2312-C-3950,m2312-C-3950,40.5,0.0,0.0,0.0,2,2.5,205.0,1,40.5,0.0,0.0,0.0,0.0,0.0,20
2023-05-09 21:37:30,m2312-C-3950,m2312-C-3950,40.5,0.0,0.0,0.0,2,2.5,204.5,10,40.5,0.0,0.0,0.0,0.0,0.0,20
2023-05-09 21:37:37,m2312-C-3950,m2312-C-3950,40.5,0.0,0.0,0.0,2,2.5,204.0,1,40.5,0.0,0.0,0.0,0.0,0.0,20
2023-05-09 21:37:38,m2312-C-3950,m2312-C-3950,40.5,0.0,0.0,0.0,2,2.5,203.5,10,40.5,0.0,0.0,0.0,0.0,0.0,20
2023-05-09 21:37:42,m2312-C-3950,m2312-C-3950,40.5,0.0,0.0,0.0,2,2.5,203.0,1,40.5,0.0,0.0,0.0,0.0,0.0,20
2023-05-09 21:37:43,m2312-C-3950,m2312-C-3950,40.5,0.0,0.0,0.0,2,2.5,202.5,10,40.5,0.0,0.0,0.0,0.0,0.0,20
2023-05-09 21:37:46,m2312-C-3950,m2312-C-3950,40.5,0.0,0.0,0.0,2,2.5,202.0,1,40.5,0.0,0.0,0.0,0.0,0.0,20
2023-05-09 21:37:47,m2312-C-3950,m2312-C-3950,40.5,0.0,0.0,0.0,2,2.5,201.5,10,40.5,0.0,0.0,0.0,0.0,0.0,20
2023-05-09 21:37:51,m2312-C-3950,m2312-C-3950,40.5,0.0,0.0,0.0,2,2.5,201.0,1,40.5,0.0,0.0,0.0,0.0,0.0,20
2023-05-09 21:37:51,m2312-C-3950,m2312-C-3950,40.5,0.0,0.0,0.0,2,2.5,200.5,10,40.5,0.0,0.0,0.0,0.0,0.0,20
2023-05-09 21:41:45,m2312-C-3950,m2312-C-3950,40.5,0.0,0.0,0.0,1,3.0,200.5,10,40.5,0.0,0.0,0.0,0.0,0.0,20
2023-05-09 21:41:56,m2312-C-3950,m2312-C-3950,40.5,0.0,0.0,0.0,5,23.5,29.5,5,40.5,0.0,0.0,0.0,0.0,0.0,20
2023-05-09 21:42:01,m2312-C-3950,m2312-C-3950,40.5,0.0,0.0,0.0,10,23.5,29.5,10,40.5,0.0,0.0,0.0,0.0,0.0,20
2023-05-09 21:42:03,m2312-C-3950,m2312-C-3950,40.5,0.0,0.0,0.0,15,23.5,29.5,15,40.5,0.0,0.0,0.0,0.0,0.0,20
2023-05-09 21:42:04,m2312-C-3950,m2312-C-3950,40.5,0.0,0.0,0.0,20,23.5,29.5,20,40.5,0.0,0.0,0.0,0.0,0.0,20
2023-05-09 21:42:04,m2312-C-3950,m2312-C-3950,40.5,0.0,0.0,0.0,25,23.5,29.5,25,40.5,0.0,0.0,0.0,0.0,0.0,20
2023-05-09 21:42:08,m2312-C-3950,m2312-C-3950,40.5,0.0,0.0,0.0,15,23.5,26.5,5,40.5,0.0,0.0,0.0,0.0,0.0,20
2023-05-09 21:42:09,m2312-C-3950,m2312-C-3950,40.5,0.0,0.0,0.0,15,23.5,25.0,5,40.5,0.0,0.0,0.0,0.0,0.0,20
2023-05-09 21:42:12,m2312-C-3950,m2312-C-3950,40.5,0.0,0.0,0.0,10,23.5,25.0,5,40.5,0.0,0.0,0.0,0.0,0.0,20
2023-05-09 21:42:14,m2312-C-3950,m2312-C-3950,40.5,0.0,0.0,0.0,5,23.5,25.0,5,40.5,0.0,0.0,0.0,0.0,0.0,20
2023-05-09 21:42:15,m2312-C-3950,m2312-C-3950,40.5,0.0,0.0,0.0,5,22.0,25.0,5,40.5,0.0,0.0,0.0,0.0,0.0,20
2023-05-09 21:42:20,m2312-C-3950,m2312-C-3950,40.5,0.0,0.0,0.0,5,21.5,27.5,5,40.5,0.0,0.0,0.0,0.0,0.0,20
2023-05-09 21:42:22,m2312-C-3950,m2312-C-3950,40.5,0.0,0.0,0.0,2,2.5,0.0,0,40.5,0.0,0.0,0.0,0.0,0.0,20
2023-05-09 22:50:16,m2312-C-3950,m2312-C-3950,40.5,0.0,0.0,0.0,1,2.5,0.0,0,40.5,0.0,0.0,0.0,0.0,0.0,20
2023-05-10 09:27:21,m2312-C-3950,m2312-C-3950,40.5,0.0,0.0,0.0,1,2.5,248.5,10,40.5,0.0,0.0,0.0,0.0,0.0,20
2023-05-10 09:27:25,m2312-C-3950,m2312-C-3950,40.5,0.0,0.0,0.0,1,2.5,248.0,1,40.5,0.0,0.0,0.0,0.0,0.0,20
2023-05-10 09:27:25,m2312-C-3950,m2312-C-3950,40.5,0.0,0.0,0.0,1,2.5,247.5,10,40.5,0.0,0.0,0.0,0.0,0.0,20
2023-05-10 09:27:33,m2312-C-3950,m2312-C-3950,40.5,0.0,0.0,0.0,1,2.5,247.0,1,40.5,0.0,0.0,0.0,0.0,0.0,20
2023-05-10 09:27:33,m2312-C-3950,m2312-C-3950,40.5,0.0,0.0,0.0,1,2.5,246.5,10,40.5,0.0,0.0,0.0,0.0,0.0,20
2023-05-10 09:27:38,m2312-C-3950,m2312-C-3950,40.5,0.0,0.0,0.0,1,2.5,246.0,1,40.5,0.0,0.0,0.0,0.0,0.0,20
2023-05-10 09:27:39,m2312-C-3950,m2312-C-3950,40.5,0.0,0.0,0.0,1,2.5,245.5,10,40.5,0.0,0.0,0.0,0.0,0.0,20
2023-05-10 09:27:42,m2312-C-3950,m2312-C-3950,40.5,0.0,0.0,0.0,1,2.5,245.0,1,40.5,0.0,0.0,0.0,0.0,0.0,20
2023-05-10 09:27:42,m2312-C-3950,m2312-C-3950,40.5,0.0,0.0,0.0,1,2.5,244.5,10,40.5,0.0,0.0,0.0,0.0,0.0,20
2023-05-10 09:27:51,m2312-C-3950,m2312-C-3950,40.5,0.0,0.0,0.0,1,2.5,244.0,1,40.5,0.0,0.0,0.0,0.0,0.0,20
2023-05-10 09:27:51,m2312-C-3950,m2312-C-3950,40.5,0.0,0.0,0.0,1,2.5,243.5,10,40.5,0.0,0.0,0.0,0.0,0.0,20
2023-05-10 09:28:04,m2312-C-3950,m2312-C-3950,40.5,0.0,0.0,0.0,1,2.5,243.0,1,40.5,0.0,0.0,0.0,0.0,0.0,20
2023-05-10 09:28:05,m2312-C-3950,m2312-C-3950,40.5,0.0,0.0,0.0,1,2.5,242.5,10,40.5,0.0,0.0,0.0,0.0,0.0,20
2023-05-10 09:28:10,m2312-C-3950,m2312-C-3950,40.5,0.0,0.0,0.0,1,2.5,242.0,1,40.5,0.0,0.0,0.0,0.0,0.0,20
2023-05-10 09:28:10,m2312-C-3950,m2312-C-3950,40.5,0.0,0.0,0.0,1,2.5,241.5,10,40.5,0.0,0.0,0.0,0.0,0.0,20
2023-05-10 09:28:16,m2312-C-3950,m2312-C-3950,40.5,0.0,0.0,0.0,1,2.5,241.0,1,40.5,0.0,0.0,0.0,0.0,0.0,20
2023-05-10 09:28:16,m2312-C-3950,m2312-C-3950,40.5,0.0,0.0,0.0,1,2.5,240.5,10,40.5,0.0,0.0,0.0,0.0,0.0,20
2023-05-10 09:28:22,m2312-C-3950,m2312-C-3950,40.5,0.0,0.0,0.0,1,2.5,240.0,1,40.5,0.0,0.0,0.0,0.0,0.0,20
2023-05-10 09:28:22,m2312-C-3950,m2312-C-3950,40.5,0.0,0.0,0.0,1,2.5,239.5,10,40.5,0.0,0.0,0.0,0.0,0.0,20
2023-05-10 09:28:27,m2312-C-3950,m2312-C-3950,40.5,0.0,0.0,0.0,1,2.5,239.0,1,40.5,0.0,0.0,0.0,0.0,0.0,20
2023-05-10 09:28:27,m2312-C-3950,m2312-C-3950,40.5,0.0,0.0,0.0,1,2.5,238.5,10,40.5,0.0,0.0,0.0,0.0,0.0,20
2023-05-10 09:28:30,m2312-C-3950,m2312-C-3950,40.5,0.0,0.0,0.0,1,2.5,238.0,1,40.5,0.0,0.0,0.0,0.0,0.0,20
2023-05-10 09:28:30,m2312-C-3950,m2312-C-3950,40.5,0.0,0.0,0.0,1,2.5,237.5,10,40.5,0.0,0.0,0.0,0.0,0.0,20
2023-05-10 09:28:35,m2312-C-3950,m2312-C-3950,40.5,0.0,0.0,0.0,1,2.5,237.0,1,40.5,0.0,0.0,0.0,0.0,0.0,20
2023-05-10 09:28:35,m2312-C-3950,m2312-C-3950,40.5,0.0,0.0,0.0,1,2.5,236.5,10,40.5,0.0,0.0,0.0,0.0,0.0,20
2023-05-10 09:28:44,m2312-C-3950,m2312-C-3950,40.5,0.0,0.0,0.0,1,2.5,236.0,1,40.5,0.0,0.0,0.0,0.0,0.0,20
2023-05-10 09:28:44,m2312-C-3950,m2312-C-3950,40.5,0.0,0.0,0.0,1,2.5,235.5,10,40.5,0.0,0.0,0.0,0.0,0.0,20
2023-05-10 09:28:48,m2312-C-3950,m2312-C-3950,40.5,0.0,0.0,0.0,1,2.5,235.0,1,40.5,0.0,0.0,0.0,0.0,0.0,20
2023-05-10 09:28:48,m2312-C-3950,m2312-C-3950,40.5,0.0,0.0,0.0,1,2.5,234.5,10,40.5,0.0,0.0,0.0,0.0,0.0,20
2023-05-10 09:28:56,m2312-C-3950,m2312-C-3950,40.5,0.0,0.0,0.0,1,2.5,234.0,1,40.5,0.0,0.0,0.0,0.0,0.0,20
2023-05-10 09:28:56,m2312-C-3950,m2312-C-3950,40.5,0.0,0.0,0.0,1,2.5,233.5,10,40.5,0.0,0.0,0.0,0.0,0.0,20
2023-05-10 09:29:04,m2312-C-3950,m2312-C-3950,40.5,0.0,0.0,0.0,1,2.5,232.5,10,40.5,0.0,0.0,0.0,0.0,0.0,20
2023-05-10 09:29:08,m2312-C-3950,m2312-C-3950,40.5,0.0,0.0,0.0,1,2.5,232.0,1,40.5,0.0,0.0,0.0,0.0,0.0,20
2023-05-10 09:29:08,m2312-C-3950,m2312-C-3950,40.5,0.0,0.0,0.0,1,2.5,231.5,10,40.5,0.0,0.0,0.0,0.0,0.0,20
2023-05-10 09:29:12,m2312-C-3950,m2312-C-3950,40.5,0.0,0.0,0.0,1,2.5,231.0,1,40.5,0.0,0.0,0.0,0.0,0.0,20
2023-05-10 09:29:12,m2312-C-3950,m2312-C-3950,40.5,0.0,0.0,0.0,1,2.5,230.5,10,40.5,0.0,0.0,0.0,0.0,0.0,20
2023-05-10 09:29:17,m2312-C-3950,m2312-C-3950,40.5,0.0,0.0,0.0,1,2.5,229.5,10,40.5,0.0,0.0,0.0,0.0,0.0,20
2023-05-10 09:29:22,m2312-C-3950,m2312-C-3950,40.5,0.0,0.0,0.0,1,2.5,229.0,1,40.5,0.0,0.0,0.0,0.0,0.0,20
2023-05-10 09:29:22,m2312-C-3950,m2312-C-3950,40.5,0.0,0.0,0.0,1,2.5,228.5,10,40.5,0.0,0.0,0.0,0.0,0.0,20
2023-05-10 09:29:34,m2312-C-3950,m2312-C-3950,40.5,0.0,0.0,0.0,1,2.5,228.0,1,40.5,0.0,0.0,0.0,0.0,0.0,20
2023-05-10 09:29:34,m2312-C-3950,m2312-C-3950,40.5,0.0,0.0,0.0,1,2.5,227.5,10,40.5,0.0,0.0,0.0,0.0,0.0,20
2023-05-10 09:29:42,m2312-C-3950,m2312-C-3950,40.5,0.0,0.0,0.0,1,2.5,227.0,1,40.5,0.0,0.0,0.0,0.0,0.0,20
2023-05-10 09:29:42,m2312-C-3950,m2312-C-3950,40.5,0.0,0.0,0.0,1,2.5,226.5,10,40.5,0.0,0.0,0.0,0.0,0.0,20
2023-05-10 09:29:49,m2312-C-3950,m2312-C-3950,40.5,0.0,0.0,0.0,1,2.5,226.0,1,40.5,0.0,0.0,0.0,0.0,0.0,20
2023-05-10 09:29:49,m2312-C-3950,m2312-C-3950,40.5,0.0,0.0,0.0,1,2.5,225.5,10,40.5,0.0,0.0,0.0,0.0,0.0,20
2023-05-10 09:29:54,m2312-C-3950,m2312-C-3950,40.5,0.0,0.0,0.0,1,2.5,225.0,1,40.5,0.0,0.0,0.0,0.0,0.0,20
2023-05-10 09:29:54,m2312-C-3950,m2312-C-3950,40.5,0.0,0.0,0.0,1,2.5,224.5,10,40.5,0.0,0.0,0.0,0.0,0.0,20
2023-05-10 09:30:01,m2312-C-3950,m2312-C-3950,40.5,0.0,0.0,0.0,1,2.5,224.0,1,40.5,0.0,0.0,0.0,0.0,0.0,20
2023-05-10 09:30:01,m2312-C-3950,m2312-C-3950,40.5,0.0,0.0,0.0,1,2.5,223.5,10,40.5,0.0,0.0,0.0,0.0,0.0,20
2023-05-10 09:30:15,m2312-C-3950,m2312-C-3950,40.5,0.0,0.0,0.0,1,2.5,223.0,1,40.5,0.0,0.0,0.0,0.0,0.0,20
2023-05-10 09:30:15,m2312-C-3950,m2312-C-3950,40.5,0.0,0.0,0.0,1,2.5,222.5,10,40.5,0.0,0.0,0.0,0.0,0.0,20
2023-05-10 09:30:23,m2312-C-3950,m2312-C-3950,40.5,0.0,0.0,0.0,1,2.5,222.0,1,40.5,0.0,0.0,0.0,0.0,0.0,20
2023-05-10 09:30:23,m2312-C-3950,m2312-C-3950,40.5,0.0,0.0,0.0,1,2.5,221.5,10,40.5,0.0,0.0,0.0,0.0,0.0,20
2023-05-10 09:30:32,m2312-C-3950,m2312-C-3950,40.5,0.0,0.0,0.0,1,2.5,221.0,1,40.5,0.0,0.0,0.0,0.0,0.0,20
2023-05-10 09:30:32,m2312-C-3950,m2312-C-3950,40.5,0.0,0.0,0.0,1,2.5,220.5,10,40.5,0.0,0.0,0.0,0.0,0.0,20
2023-05-10 09:30:42,m2312-C-3950,m2312-C-3950,40.5,0.0,0.0,0.0,1,2.5,220.0,1,40.5,0.0,0.0,0.0,0.0,0.0,20
2023-05-10 09:30:43,m2312-C-3950,m2312-C-3950,40.5,0.0,0.0,0.0,1,2.5,219.5,10,40.5,0.0,0.0,0.0,0.0,0.0,20
2023-05-10 09:30:48,m2312-C-3950,m2312-C-3950,40.5,0.0,0.0,0.0,1,2.5,219.0,1,40.5,0.0,0.0,0.0,0.0,0.0,20
2023-05-10 09:30:48,m2312-C-3950,m2312-C-3950,40.5,0.0,0.0,0.0,1,2.5,218.5,10,40.5,0.0,0.0,0.0,0.0,0.0,20
2023-05-10 09:30:59,m2312-C-3950,m2312-C-3950,40.5,0.0,0.0,0.0,1,2.5,218.0,1,40.5,0.0,0.0,0.0,0.0,0.0,20
2023-05-10 09:30:59,m2312-C-3950,m2312-C-3950,40.5,0.0,0.0,0.0,1,2.5,217.5,10,40.5,0.0,0.0,0.0,0.0,0.0,20
2023-05-10 09:31:12,m2312-C-3950,m2312-C-3950,40.5,0.0,0.0,0.0,1,2.5,217.0,1,40.5,0.0,0.0,0.0,0.0,0.0,20
2023-05-10 09:31:12,m2312-C-3950,m2312-C-3950,40.5,0.0,0.0,0.0,1,2.5,216.5,10,40.5,0.0,0.0,0.0,0.0,0.0,20
2023-05-10 09:31:17,m2312-C-3950,m2312-C-3950,40.5,0.0,0.0,0.0,1,2.5,216.0,1,40.5,0.0,0.0,0.0,0.0,0.0,20
2023-05-10 09:31:18,m2312-C-3950,m2312-C-3950,40.5,0.0,0.0,0.0,1,2.5,215.5,10,40.5,0.0,0.0,0.0,0.0,0.0,20
2023-05-10 09:31:36,m2312-C-3950,m2312-C-3950,40.5,0.0,0.0,0.0,1,2.5,215.0,1,40.5,0.0,0.0,0.0,0.0,0.0,20
2023-05-10 09:31:37,m2312-C-3950,m2312-C-3950,40.5,0.0,0.0,0.0,1,2.5,214.5,10,40.5,0.0,0.0,0.0,0.0,0.0,20
2023-05-10 09:31:45,m2312-C-3950,m2312-C-3950,40.5,0.0,0.0,0.0,1,2.5,214.0,1,40.5,0.0,0.0,0.0,0.0,0.0,20
2023-05-10 09:31:45,m2312-C-3950,m2312-C-3950,40.5,0.0,0.0,0.0,1,2.5,213.5,10,40.5,0.0,0.0,0.0,0.0,0.0,20
2023-05-10 09:31:57,m2312-C-3950,m2312-C-3950,40.5,0.0,0.0,0.0,1,2.5,213.0,1,40.5,0.0,0.0,0.0,0.0,0.0,20
2023-05-10 09:31:57,m2312-C-3950,m2312-C-3950,40.5,0.0,0.0,0.0,1,2.5,212.5,10,40.5,0.0,0.0,0.0,0.0,0.0,20
2023-05-10 09:32:25,m2312-C-3950,m2312-C-3950,40.5,0.0,0.0,0.0,1,2.5,212.0,1,40.5,0.0,0.0,0.0,0.0,0.0,20
2023-05-10 09:32:25,m2312-C-3950,m2312-C-3950,40.5,0.0,0.0,0.0,1,2.5,211.5,10,40.5,0.0,0.0,0.0,0.0,0.0,20
2023-05-10 09:33:39,m2312-C-3950,m2312-C-3950,40.5,0.0,0.0,0.0,1,2.5,211.0,1,40.5,0.0,0.0,0.0,0.0,0.0,20
2023-05-10 09:33:39,m2312-C-3950,m2312-C-3950,40.5,0.0,0.0,0.0,1,2.5,210.5,10,40.5,0.0,0.0,0.0,0.0,0.0,20
2023-05-10 09:33:42,m2312-C-3950,m2312-C-3950,40.5,0.0,0.0,0.0,1,2.5,210.0,1,40.5,0.0,0.0,0.0,0.0,0.0,20
2023-05-10 09:33:42,m2312-C-3950,m2312-C-3950,40.5,0.0,0.0,0.0,1,2.5,209.5,10,40.5,0.0,0.0,0.0,0.0,0.0,20
2023-05-10 09:33:50,m2312-C-3950,m2312-C-3950,40.5,0.0,0.0,0.0,1,2.5,209.0,1,40.5,0.0,0.0,0.0,0.0,0.0,20
2023-05-10 09:33:51,m2312-C-3950,m2312-C-3950,40.5,0.0,0.0,0.0,1,2.5,208.5,10,40.5,0.0,0.0,0.0,0.0,0.0,20
2023-05-10 09:33:55,m2312-C-3950,m2312-C-3950,40.5,0.0,0.0,0.0,1,2.5,208.0,1,40.5,0.0,0.0,0.0,0.0,0.0,20
2023-05-10 09:33:55,m2312-C-3950,m2312-C-3950,40.5,0.0,0.0,0.0,1,2.5,207.5,10,40.5,0.0,0.0,0.0,0.0,0.0,20
2023-05-10 09:34:01,m2312-C-3950,m2312-C-3950,40.5,0.0,0.0,0.0,1,2.5,207.0,1,40.5,0.0,0.0,0.0,0.0,0.0,20
2023-05-10 09:34:01,m2312-C-3950,m2312-C-3950,40.5,0.0,0.0,0.0,1,2.5,206.5,10,40.5,0.0,0.0,0.0,0.0,0.0,20
2023-05-10 09:34:07,m2312-C-3950,m2312-C-3950,40.5,0.0,0.0,0.0,1,2.5,206.0,1,40.5,0.0,0.0,0.0,0.0,0.0,20
2023-05-10 09:34:07,m2312-C-3950,m2312-C-3950,40.5,0.0,0.0,0.0,1,2.5,205.5,10,40.5,0.0,0.0,0.0,0.0,0.0,20
2023-05-10 09:34:11,m2312-C-3950,m2312-C-3950,40.5,0.0,0.0,0.0,1,2.5,205.0,1,40.5,0.0,0.0,0.0,0.0,0.0,20
2023-05-10 09:34:11,m2312-C-3950,m2312-C-3950,40.5,0.0,0.0,0.0,1,2.5,204.5,10,40.5,0.0,0.0,0.0,0.0,0.0,20
2023-05-10 09:34:15,m2312-C-3950,m2312-C-3950,40.5,0.0,0.0,0.0,1,2.5,204.0,1,40.5,0.0,0.0,0.0,0.0,0.0,20
2023-05-10 09:34:15,m2312-C-3950,m2312-C-3950,40.5,0.0,0.0,0.0,1,2.5,203.5,10,40.5,0.0,0.0,0.0,0.0,0.0,20
2023-05-10 09:34:20,m2312-C-3950,m2312-C-3950,40.5,0.0,0.0,0.0,1,2.5,203.0,1,40.5,0.0,0.0,0.0,0.0,0.0,20
2023-05-10 09:34:20,m2312-C-3950,m2312-C-3950,40.5,0.0,0.0,0.0,1,2.5,202.5,10,40.5,0.0,0.0,0.0,0.0,0.0,20
2023-05-10 09:34:27,m2312-C-3950,m2312-C-3950,40.5,0.0,0.0,0.0,1,2.5,202.0,1,40.5,0.0,0.0,0.0,0.0,0.0,20
2023-05-10 09:34:27,m2312-C-3950,m2312-C-3950,40.5,0.0,0.0,0.0,1,2.5,201.5,10,40.5,0.0,0.0,0.0,0.0,0.0,20
2023-05-10 09:34:31,m2312-C-3950,m2312-C-3950,40.5,0.0,0.0,0.0,1,2.5,201.0,1,40.5,0.0,0.0,0.0,0.0,0.0,20
2023-05-10 09:34:31,m2312-C-3950,m2312-C-3950,40.5,0.0,0.0,0.0,1,2.5,200.5,10,40.5,0.0,0.0,0.0,0.0,0.0,20
2023-05-10 09:35:20,m2312-C-3950,m2312-C-3950,40.5,0.0,0.0,0.0,2,2.5,200.5,10,40.5,0.0,0.0,0.0,0.0,0.0,20
2023-05-10 10:14:32,m2312-C-3950,m2312-C-3950,40.5,0.0,0.0,0.0,2,2.5,0.0,0,40.5,0.0,0.0,0.0,0.0,0.0,20
2023-05-10 10:56:21,m2312-C-3950,m2312-C-3950,40.5,0.0,0.0,0.0,2,2.5,249.0,1,40.5,0.0,0.0,0.0,0.0,0.0,20
2023-05-10 10:56:21,m2312-C-3950,m2312-C-3950,40.5,0.0,0.0,0.0,2,2.5,248.5,10,40.5,0.0,0.0,0.0,0.0,0.0,20
2023-05-10 10:56:55,m2312-C-3950,m2312-C-3950,40.5,0.0,0.0,0.0,2,2.5,248.0,1,40.5,0.0,0.0,0.0,0.0,0.0,20
2023-05-10 10:56:55,m2312-C-3950,m2312-C-3950,40.5,0.0,0.0,0.0,2,2.5,247.5,10,40.5,0.0,0.0,0.0,0.0,0.0,20
2023-05-10 10:56:59,m2312-C-3950,m2312-C-3950,40.5,0.0,0.0,0.0,2,2.5,247.0,1,40.5,0.0,0.0,0.0,0.0,0.0,20
2023-05-10 10:56:59,m2312-C-3950,m2312-C-3950,40.5,0.0,0.0,0.0,2,2.5,246.5,10,40.5,0.0,0.0,0.0,0.0,0.0,20
2023-05-10 10:57:02,m2312-C-3950,m2312-C-3950,40.5,0.0,0.0,0.0,2,2.5,246.0,1,40.5,0.0,0.0,0.0,0.0,0.0,20
2023-05-10 10:57:02,m2312-C-3950,m2312-C-3950,40.5,0.0,0.0,0.0,2,2.5,245.5,10,40.5,0.0,0.0,0.0,0.0,0.0,20
2023-05-10 10:57:04,m2312-C-3950,m2312-C-3950,40.5,0.0,0.0,0.0,2,2.5,245.0,1,40.5,0.0,0.0,0.0,0.0,0.0,20
2023-05-10 10:57:05,m2312-C-3950,m2312-C-3950,40.5,0.0,0.0,0.0,2,2.5,244.5,10,40.5,0.0,0.0,0.0,0.0,0.0,20
2023-05-10 10:57:09,m2312-C-3950,m2312-C-3950,40.5,0.0,0.0,0.0,2,2.5,244.0,1,40.5,0.0,0.0,0.0,0.0,0.0,20
2023-05-10 10:57:09,m2312-C-3950,m2312-C-3950,40.5,0.0,0.0,0.0,2,2.5,243.5,10,40.5,0.0,0.0,0.0,0.0,0.0,20
2023-05-10 10:57:12,m2312-C-3950,m2312-C-3950,40.5,0.0,0.0,0.0,2,2.5,243.0,1,40.5,0.0,0.0,0.0,0.0,0.0,20
2023-05-10 10:57:12,m2312-C-3950,m2312-C-3950,40.5,0.0,0.0,0.0,2,2.5,242.5,10,40.5,0.0,0.0,0.0,0.0,0.0,20
2023-05-10 10:57:15,m2312-C-3950,m2312-C-3950,40.5,0.0,0.0,0.0,2,2.5,242.0,1,40.5,0.0,0.0,0.0,0.0,0.0,20
2023-05-10 10:57:15,m2312-C-3950,m2312-C-3950,40.5,0.0,0.0,0.0,2,2.5,241.5,10,40.5,0.0,0.0,0.0,0.0,0.0,20
2023-05-10 10:57:18,m2312-C-3950,m2312-C-3950,40.5,0.0,0.0,0.0,2,2.5,241.0,1,40.5,0.0,0.0,0.0,0.0,0.0,20
2023-05-10 10:57:19,m2312-C-3950,m2312-C-3950,40.5,0.0,0.0,0.0,2,2.5,240.5,10,40.5,0.0,0.0,0.0,0.0,0.0,20
2023-05-10 10:57:22,m2312-C-3950,m2312-C-3950,40.5,0.0,0.0,0.0,2,2.5,240.0,1,40.5,0.0,0.0,0.0,0.0,0.0,20
2023-05-10 10:57:22,m2312-C-3950,m2312-C-3950,40.5,0.0,0.0,0.0,2,2.5,239.5,10,40.5,0.0,0.0,0.0,0.0,0.0,20
2023-05-10 10:57:28,m2312-C-3950,m2312-C-3950,40.5,0.0,0.0,0.0,2,2.5,239.0,1,40.5,0.0,0.0,0.0,0.0,0.0,20
2023-05-10 10:57:28,m2312-C-3950,m2312-C-3950,40.5,0.0,0.0,0.0,2,2.5,238.5,10,40.5,0.0,0.0,0.0,0.0,0.0,20
2023-05-10 10:57:31,m2312-C-3950,m2312-C-3950,40.5,0.0,0.0,0.0,2,2.5,238.0,1,40.5,0.0,0.0,0.0,0.0,0.0,20
2023-05-10 10:57:32,m2312-C-3950,m2312-C-3950,40.5,0.0,0.0,0.0,2,2.5,237.5,10,40.5,0.0,0.0,0.0,0.0,0.0,20
2023-05-10 10:57:35,m2312-C-3950,m2312-C-3950,40.5,0.0,0.0,0.0,2,2.5,237.0,1,40.5,0.0,0.0,0.0,0.0,0.0,20
2023-05-10 10:57:35,m2312-C-3950,m2312-C-3950,40.5,0.0,0.0,0.0,2,2.5,236.5,10,40.5,0.0,0.0,0.0,0.0,0.0,20
2023-05-10 10:57:38,m2312-C-3950,m2312-C-3950,40.5,0.0,0.0,0.0,2,2.5,236.0,1,40.5,0.0,0.0,0.0,0.0,0.0,20
2023-05-10 10:57:38,m2312-C-3950,m2312-C-3950,40.5,0.0,0.0,0.0,2,2.5,235.5,10,40.5,0.0,0.0,0.0,0.0,0.0,20
2023-05-10 10:57:41,m2312-C-3950,m2312-C-3950,40.5,0.0,0.0,0.0,2,2.5,235.0,1,40.5,0.0,0.0,0.0,0.0,0.0,20
2023-05-10 10:57:41,m2312-C-3950,m2312-C-3950,40.5,0.0,0.0,0.0,2,2.5,234.5,10,40.5,0.0,0.0,0.0,0.0,0.0,20
2023-05-10 10:57:51,m2312-C-3950,m2312-C-3950,40.5,0.0,0.0,0.0,2,2.5,234.0,1,40.5,0.0,0.0,0.0,0.0,0.0,20
2023-05-10 10:57:51,m2312-C-3950,m2312-C-3950,40.5,0.0,0.0,0.0,2,2.5,233.5,10,40.5,0.0,0.0,0.0,0.0,0.0,20
2023-05-10 10:58:11,m2312-C-3950,m2312-C-3950,40.5,0.0,0.0,0.0,2,2.5,233.0,1,40.5,0.0,0.0,0.0,0.0,0.0,20
2023-05-10 10:58:12,m2312-C-3950,m2312-C-3950,40.5,0.0,0.0,0.0,2,2.5,232.5,10,40.5,0.0,0.0,0.0,0.0,0.0,20
2023-05-10 10:58:15,m2312-C-3950,m2312-C-3950,40.5,0.0,0.0,0.0,2,2.5,232.0,1,40.5,0.0,0.0,0.0,0.0,0.0,20
2023-05-10 10:58:16,m2312-C-3950,m2312-C-3950,40.5,0.0,0.0,0.0,2,2.5,231.5,10,40.5,0.0,0.0,0.0,0.0,0.0,20
2023-05-10 10:58:20,m2312-C-3950,m2312-C-3950,40.5,0.0,0.0,0.0,2,2.5,231.0,1,40.5,0.0,0.0,0.0,0.0,0.0,20
2023-05-10 10:58:20,m2312-C-3950,m2312-C-3950,40.5,0.0,0.0,0.0,2,2.5,230.5,10,40.5,0.0,0.0,0.0,0.0,0.0,20
2023-05-10 10:58:24,m2312-C-3950,m2312-C-3950,40.5,0.0,0.0,0.0,2,2.5,230.0,1,40.5,0.0,0.0,0.0,0.0,0.0,20
2023-05-10 10:58:24,m2312-C-3950,m2312-C-3950,40.5,0.0,0.0,0.0,2,2.5,229.5,10,40.5,0.0,0.0,0.0,0.0,0.0,20
2023-05-10 10:58:28,m2312-C-3950,m2312-C-3950,40.5,0.0,0.0,0.0,2,2.5,229.0,1,40.5,0.0,0.0,0.0,0.0,0.0,20
2023-05-10 10:58:28,m2312-C-3950,m2312-C-3950,40.5,0.0,0.0,0.0,2,2.5,228.5,10,40.5,0.0,0.0,0.0,0.0,0.0,20
2023-05-10 10:58:31,m2312-C-3950,m2312-C-3950,40.5,0.0,0.0,0.0,2,2.5,228.0,1,40.5,0.0,0.0,0.0,0.0,0.0,20
2023-05-10 10:58:32,m2312-C-3950,m2312-C-3950,40.5,0.0,0.0,0.0,2,2.5,227.5,10,40.5,0.0,0.0,0.0,0.0,0.0,20
2023-05-10 10:59:07,m2312-C-3950,m2312-C-3950,40.5,0.0,0.0,0.0,2,2.5,227.0,1,40.5,0.0,0.0,0.0,0.0,0.0,20
2023-05-10 10:59:07,m2312-C-3950,m2312-C-3950,40.5,0.0,0.0,0.0,2,2.5,226.5,10,40.5,0.0,0.0,0.0,0.0,0.0,20
2023-05-10 10:59:26,m2312-C-3950,m2312-C-3950,40.5,0.0,0.0,0.0,2,2.5,226.0,1,40.5,0.0,0.0,0.0,0.0,0.0,20
2023-05-10 10:59:26,m2312-C-3950,m2312-C-3950,40.5,0.0,0.0,0.0,2,2.5,225.5,10,40.5,0.0,0.0,0.0,0.0,0.0,20
2023-05-10 10:59:34,m2312-C-3950,m2312-C-3950,40.5,0.0,0.0,0.0,2,2.5,225.0,1,40.5,0.0,0.0,0.0,0.0,0.0,20
2023-05-10 10:59:35,m2312-C-3950,m2312-C-3950,40.5,0.0,0.0,0.0,2,2.5,224.5,10,40.5,0.0,0.0,0.0,0.0,0.0,20
2023-05-10 11:00:00,m2312-C-3950,m2312-C-3950,40.5,0.0,0.0,0.0,2,2.5,224.0,1,40.5,0.0,0.0,0.0,0.0,0.0,20
2023-05-10 11:00:01,m2312-C-3950,m2312-C-3950,40.5,0.0,0.0,0.0,2,2.5,223.5,10,40.5,0.0,0.0,0.0,0.0,0.0,20
2023-05-10 11:00:03,m2312-C-3950,m2312-C-3950,40.5,0.0,0.0,0.0,2,2.5,223.0,1,40.5,0.0,0.0,0.0,0.0,0.0,20
2023-05-10 11:00:04,m2312-C-3950,m2312-C-3950,40.5,0.0,0.0,0.0,2,2.5,222.5,10,40.5,0.0,0.0,0.0,0.0,0.0,20
2023-05-10 11:00:06,m2312-C-3950,m2312-C-3950,40.5,0.0,0.0,0.0,2,2.5,222.0,1,40.5,0.0,0.0,0.0,0.0,0.0,20
2023-05-10 11:00:06,m2312-C-3950,m2312-C-3950,40.5,0.0,0.0,0.0,2,2.5,221.5,10,40.5,0.0,0.0,0.0,0.0,0.0,20
2023-05-10 11:00:09,m2312-C-3950,m2312-C-3950,40.5,0.0,0.0,0.0,2,2.5,221.0,1,40.5,0.0,0.0,0.0,0.0,0.0,20
2023-05-10 11:00:09,m2312-C-3950,m2312-C-3950,40.5,0.0,0.0,0.0,2,2.5,220.5,10,40.5,0.0,0.0,0.0,0.0,0.0,20
2023-05-10 11:00:19,m2312-C-3950,m2312-C-3950,40.5,0.0,0.0,0.0,2,2.5,220.0,1,40.5,0.0,0.0,0.0,0.0,0.0,20
2023-05-10 11:00:20,m2312-C-3950,m2312-C-3950,40.5,0.0,0.0,0.0,2,2.5,219.5,10,40.5,0.0,0.0,0.0,0.0,0.0,20
2023-05-10 11:00:24,m2312-C-3950,m2312-C-3950,40.5,0.0,0.0,0.0,2,2.5,219.0,1,40.5,0.0,0.0,0.0,0.0,0.0,20
2023-05-10 11:00:25,m2312-C-3950,m2312-C-3950,40.5,0.0,0.0,0.0,2,2.5,218.5,10,40.5,0.0,0.0,0.0,0.0,0.0,20
2023-05-10 11:00:44,m2312-C-3950,m2312-C-3950,40.5,0.0,0.0,0.0,2,2.5,218.0,1,40.5,0.0,0.0,0.0,0.0,0.0,20
2023-05-10 11:00:44,m2312-C-3950,m2312-C-3950,40.5,0.0,0.0,0.0,2,2.5,217.5,10,40.5,0.0,0.0,0.0,0.0,0.0,20
2023-05-10 11:00:59,m2312-C-3950,m2312-C-3950,40.5,0.0,0.0,0.0,2,2.5,217.0,1,40.5,0.0,0.0,0.0,0.0,0.0,20
2023-05-10 11:00:59,m2312-C-3950,m2312-C-3950,40.5,0.0,0.0,0.0,2,2.5,216.5,10,40.5,0.0,0.0,0.0,0.0,0.0,20
2023-05-10 11:01:22,m2312-C-3950,m2312-C-3950,40.5,0.0,0.0,0.0,2,2.5,216.0,1,40.5,0.0,0.0,0.0,0.0,0.0,20
2023-05-10 11:01:23,m2312-C-3950,m2312-C-3950,40.5,0.0,0.0,0.0,2,2.5,215.5,10,40.5,0.0,0.0,0.0,0.0,0.0,20
2023-05-10 11:01:47,m2312-C-3950,m2312-C-3950,40.5,0.0,0.0,0.0,2,2.5,215.0,1,40.5,0.0,0.0,0.0,0.0,0.0,20
2023-05-10 11:01:47,m2312-C-3950,m2312-C-3950,40.5,0.0,0.0,0.0,2,2.5,214.5,10,40.5,0.0,0.0,0.0,0.0,0.0,20
2023-05-10 11:01:51,m2312-C-3950,m2312-C-3950,40.5,0.0,0.0,0.0,2,2.5,214.0,1,40.5,0.0,0.0,0.0,0.0,0.0,20
2023-05-10 11:01:51,m2312-C-3950,m2312-C-3950,40.5,0.0,0.0,0.0,2,2.5,213.5,10,40.5,0.0,0.0,0.0,0.0,0.0,20
2023-05-10 11:01:54,m2312-C-3950,m2312-C-3950,40.5,0.0,0.0,0.0,2,2.5,213.0,1,40.5,0.0,0.0,0.0,0.0,0.0,20
2023-05-10 11:01:54,m2312-C-3950,m2312-C-3950,40.5,0.0,0.0,0.0,2,2.5,212.5,10,40.5,0.0,0.0,0.0,0.0,0.0,20
2023-05-10 11:01:57,m2312-C-3950,m2312-C-3950,40.5,0.0,0.0,0.0,2,2.5,212.0,1,40.5,0.0,0.0,0.0,0.0,0.0,20
2023-05-10 11:01:57,m2312-C-3950,m2312-C-3950,40.5,0.0,0.0,0.0,2,2.5,211.5,10,40.5,0.0,0.0,0.0,0.0,0.0,20
2023-05-10 11:02:00,m2312-C-3950,m2312-C-3950,40.5,0.0,0.0,0.0,2,2.5,211.0,1,40.5,0.0,0.0,0.0,0.0,0.0,20
2023-05-10 11:02:00,m2312-C-3950,m2312-C-3950,40.5,0.0,0.0,0.0,2,2.5,210.5,10,40.5,0.0,0.0,0.0,0.0,0.0,20
2023-05-10 11:02:02,m2312-C-3950,m2312-C-3950,40.5,0.0,0.0,0.0,2,2.5,210.0,1,40.5,0.0,0.0,0.0,0.0,0.0,20
2023-05-10 11:02:02,m2312-C-3950,m2312-C-3950,40.5,0.0,0.0,0.0,2,2.5,209.5,10,40.5,0.0,0.0,0.0,0.0,0.0,20
2023-05-10 11:02:04,m2312-C-3950,m2312-C-3950,40.5,0.0,0.0,0.0,2,2.5,209.0,1,40.5,0.0,0.0,0.0,0.0,0.0,20
2023-05-10 11:02:04,m2312-C-3950,m2312-C-3950,40.5,0.0,0.0,0.0,2,2.5,208.5,10,40.5,0.0,0.0,0.0,0.0,0.0,20
2023-05-10 11:02:10,m2312-C-3950,m2312-C-3950,40.5,0.0,0.0,0.0,2,2.5,208.0,1,40.5,0.0,0.0,0.0,0.0,0.0,20
2023-05-10 11:02:10,m2312-C-3950,m2312-C-3950,40.5,0.0,0.0,0.0,2,2.5,207.5,10,40.5,0.0,0.0,0.0,0.0,0.0,20
2023-05-10 11:02:13,m2312-C-3950,m2312-C-3950,40.5,0.0,0.0,0.0,2,2.5,207.0,1,40.5,0.0,0.0,0.0,0.0,0.0,20
2023-05-10 11:02:13,m2312-C-3950,m2312-C-3950,40.5,0.0,0.0,0.0,2,2.5,206.5,10,40.5,0.0,0.0,0.0,0.0,0.0,20
2023-05-10 11:02:16,m2312-C-3950,m2312-C-3950,40.5,0.0,0.0,0.0,2,2.5,206.0,1,40.5,0.0,0.0,0.0,0.0,0.0,20
2023-05-10 11:02:16,m2312-C-3950,m2312-C-3950,40.5,0.0,0.0,0.0,2,2.5,205.5,10,40.5,0.0,0.0,0.0,0.0,0.0,20
2023-05-10 11:02:19,m2312-C-3950,m2312-C-3950,40.5,0.0,0.0,0.0,2,2.5,205.0,1,40.5,0.0,0.0,0.0,0.0,0.0,20
2023-05-10 11:02:19,m2312-C-3950,m2312-C-3950,40.5,0.0,0.0,0.0,2,2.5,204.5,10,40.5,0.0,0.0,0.0,0.0,0.0,20
2023-05-10 11:02:22,m2312-C-3950,m2312-C-3950,40.5,0.0,0.0,0.0,2,2.5,204.0,1,40.5,0.0,0.0,0.0,0.0,0.0,20
2023-05-10 11:02:22,m2312-C-3950,m2312-C-3950,40.5,0.0,0.0,0.0,2,2.5,203.5,10,40.5,0.0,0.0,0.0,0.0,0.0,20
2023-05-10 11:02:24,m2312-C-3950,m2312-C-3950,40.5,0.0,0.0,0.0,2,2.5,203.0,1,40.5,0.0,0.0,0.0,0.0,0.0,20
2023-05-10 11:02:24,m2312-C-3950,m2312-C-3950,40.5,0.0,0.0,0.0,2,2.5,202.5,10,40.5,0.0,0.0,0.0,0.0,0.0,20
2023-05-10 11:02:28,m2312-C-3950,m2312-C-3950,40.5,0.0,0.0,0.0,2,2.5,202.0,1,40.5,0.0,0.0,0.0,0.0,0.0,20
2023-05-10 11:02:28,m2312-C-3950,m2312-C-3950,40.5,0.0,0.0,0.0,2,2.5,201.5,10,40.5,0.0,0.0,0.0,0.0,0.0,20
2023-05-10 11:02:31,m2312-C-3950,m2312-C-3950,40.5,0.0,0.0,0.0,2,2.5,201.0,1,40.5,0.0,0.0,0.0,0.0,0.0,20
2023-05-10 11:02:31,m2312-C-3950,m2312-C-3950,40.5,0.0,0.0,0.0,2,2.5,200.5,10,40.5,0.0,0.0,0.0,0.0,0.0,20
2023-05-10 11:29:33,m2312-C-3950,m2312-C-3950,40.5,0.0,0.0,0.0,2,2.5,0.0,0,40.5,0.0,0.0,0.0,0.0,0.0,20
2023-05-10 13:54:29,m2312-C-3950,m2312-C-3950,40.5,0.0,0.0,0.0,2,2.5,249.0,1,40.5,0.0,0.0,0.0,0.0,0.0,20
2023-05-10 13:54:29,m2312-C-3950,m2312-C-3950,40.5,0.0,0.0,0.0,2,2.5,248.5,10,40.5,0.0,0.0,0.0,0.0,0.0,20
2023-05-10 13:54:33,m2312-C-3950,m2312-C-3950,40.5,0.0,0.0,0.0,2,2.5,248.0,1,40.5,0.0,0.0,0.0,0.0,0.0,20
2023-05-10 13:54:33,m2312-C-3950,m2312-C-3950,40.5,0.0,0.0,0.0,2,2.5,247.5,10,40.5,0.0,0.0,0.0,0.0,0.0,20
2023-05-10 13:54:37,m2312-C-3950,m2312-C-3950,40.5,0.0,0.0,0.0,2,2.5,247.0,1,40.5,0.0,0.0,0.0,0.0,0.0,20
2023-05-10 13:54:37,m2312-C-3950,m2312-C-3950,40.5,0.0,0.0,0.0,2,2.5,246.5,10,40.5,0.0,0.0,0.0,0.0,0.0,20
2023-05-10 13:54:43,m2312-C-3950,m2312-C-3950,40.5,0.0,0.0,0.0,2,2.5,246.0,1,40.5,0.0,0.0,0.0,0.0,0.0,20
2023-05-10 13:54:43,m2312-C-3950,m2312-C-3950,40.5,0.0,0.0,0.0,2,2.5,245.5,10,40.5,0.0,0.0,0.0,0.0,0.0,20
2023-05-10 13:54:48,m2312-C-3950,m2312-C-3950,40.5,0.0,0.0,0.0,2,2.5,245.0,1,40.5,0.0,0.0,0.0,0.0,0.0,20
2023-05-10 13:54:48,m2312-C-3950,m2312-C-3950,40.5,0.0,0.0,0.0,2,2.5,244.5,10,40.5,0.0,0.0,0.0,0.0,0.0,20
2023-05-10 13:54:54,m2312-C-3950,m2312-C-3950,40.5,0.0,0.0,0.0,2,2.5,244.0,1,40.5,0.0,0.0,0.0,0.0,0.0,20
2023-05-10 13:54:54,m2312-C-3950,m2312-C-3950,40.5,0.0,0.0,0.0,2,2.5,243.5,10,40.5,0.0,0.0,0.0,0.0,0.0,20
2023-05-10 13:54:58,m2312-C-3950,m2312-C-3950,40.5,0.0,0.0,0.0,2,2.5,243.0,1,40.5,0.0,0.0,0.0,0.0,0.0,20
2023-05-10 13:54:58,m2312-C-3950,m2312-C-3950,40.5,0.0,0.0,0.0,2,2.5,242.5,10,40.5,0.0,0.0,0.0,0.0,0.0,20
2023-05-10 13:55:01,m2312-C-3950,m2312-C-3950,40.5,0.0,0.0,0.0,2,2.5,242.0,1,40.5,0.0,0.0,0.0,0.0,0.0,20
2023-05-10 13:55:01,m2312-C-3950,m2312-C-3950,40.5,0.0,0.0,0.0,2,2.5,241.5,10,40.5,0.0,0.0,0.0,0.0,0.0,20
2023-05-10 13:55:06,m2312-C-3950,m2312-C-3950,40.5,0.0,0.0,0.0,2,2.5,241.0,1,40.5,0.0,0.0,0.0,0.0,0.0,20
2023-05-10 13:55:06,m2312-C-3950,m2312-C-3950,40.5,0.0,0.0,0.0,2,2.5,240.5,10,40.5,0.0,0.0,0.0,0.0,0.0,20
2023-05-10 13:55:11,m2312-C-3950,m2312-C-3950,40.5,0.0,0.0,0.0,2,2.5,240.0,1,40.5,0.0,0.0,0.0,0.0,0.0,20
2023-05-10 13:55:11,m2312-C-3950,m2312-C-3950,40.5,0.0,0.0,0.0,2,2.5,239.5,10,40.5,0.0,0.0,0.0,0.0,0.0,20
2023-05-10 13:55:14,m2312-C-3950,m2312-C-3950,40.5,0.0,0.0,0.0,2,2.5,239.0,1,40.5,0.0,0.0,0.0,0.0,0.0,20
2023-05-10 13:55:14,m2312-C-3950,m2312-C-3950,40.5,0.0,0.0,0.0,2,2.5,238.5,10,40.5,0.0,0.0,0.0,0.0,0.0,20
2023-05-10 13:55:17,m2312-C-3950,m2312-C-3950,40.5,0.0,0.0,0.0,2,2.5,238.0,1,40.5,0.0,0.0,0.0,0.0,0.0,20
2023-05-10 13:55:17,m2312-C-3950,m2312-C-3950,40.5,0.0,0.0,0.0,2,2.5,237.5,10,40.5,0.0,0.0,0.0,0.0,0.0,20
2023-05-10 13:55:21,m2312-C-3950,m2312-C-3950,40.5,0.0,0.0,0.0,2,2.5,237.0,1,40.5,0.0,0.0,0.0,0.0,0.0,20
2023-05-10 13:55:21,m2312-C-3950,m2312-C-3950,40.5,0.0,0.0,0.0,2,2.5,236.5,10,40.5,0.0,0.0,0.0,0.0,0.0,20
2023-05-10 13:55:24,m2312-C-3950,m2312-C-3950,40.5,0.0,0.0,0.0,2,2.5,236.0,1,40.5,0.0,0.0,0.0,0.0,0.0,20
2023-05-10 13:55:25,m2312-C-3950,m2312-C-3950,40.5,0.0,0.0,0.0,2,2.5,235.5,10,40.5,0.0,0.0,0.0,0.0,0.0,20
2023-05-10 13:55:29,m2312-C-3950,m2312-C-3950,40.5,0.0,0.0,0.0,2,2.5,235.0,1,40.5,0.0,0.0,0.0,0.0,0.0,20
2023-05-10 13:55:29,m2312-C-3950,m2312-C-3950,40.5,0.0,0.0,0.0,2,2.5,234.5,10,40.5,0.0,0.0,0.0,0.0,0.0,20
2023-05-10 13:55:33,m2312-C-3950,m2312-C-3950,40.5,0.0,0.0,0.0,2,2.5,234.0,1,40.5,0.0,0.0,0.0,0.0,0.0,20
2023-05-10 13:55:33,m2312-C-3950,m2312-C-3950,40.5,0.0,0.0,0.0,2,2.5,233.5,10,40.5,0.0,0.0,0.0,0.0,0.0,20
2023-05-10 13:55:37,m2312-C-3950,m2312-C-3950,40.5,0.0,0.0,0.0,2,2.5,233.0,1,40.5,0.0,0.0,0.0,0.0,0.0,20
2023-05-10 13:55:38,m2312-C-3950,m2312-C-3950,40.5,0.0,0.0,0.0,2,2.5,232.5,10,40.5,0.0,0.0,0.0,0.0,0.0,20
2023-05-10 13:55:44,m2312-C-3950,m2312-C-3950,40.5,0.0,0.0,0.0,2,2.5,232.0,1,40.5,0.0,0.0,0.0,0.0,0.0,20
2023-05-10 13:55:44,m2312-C-3950,m2312-C-3950,40.5,0.0,0.0,0.0,2,2.5,231.5,10,40.5,0.0,0.0,0.0,0.0,0.0,20
2023-05-10 13:55:47,m2312-C-3950,m2312-C-3950,40.5,0.0,0.0,0.0,2,2.5,231.0,1,40.5,0.0,0.0,0.0,0.0,0.0,20
2023-05-10 13:55:47,m2312-C-3950,m2312-C-3950,40.5,0.0,0.0,0.0,2,2.5,230.5,10,40.5,0.0,0.0,0.0,0.0,0.0,20
2023-05-10 13:55:51,m2312-C-3950,m2312-C-3950,40.5,0.0,0.0,0.0,2,2.5,230.0,1,40.5,0.0,0.0,0.0,0.0,0.0,20
2023-05-10 13:55:51,m2312-C-3950,m2312-C-3950,40.5,0.0,0.0,0.0,2,2.5,229.5,10,40.5,0.0,0.0,0.0,0.0,0.0,20
2023-05-10 13:56:11,m2312-C-3950,m2312-C-3950,40.5,0.0,0.0,0.0,2,2.5,229.0,1,40.5,0.0,0.0,0.0,0.0,0.0,20
2023-05-10 13:56:11,m2312-C-3950,m2312-C-3950,40.5,0.0,0.0,0.0,2,2.5,228.5,10,40.5,0.0,0.0,0.0,0.0,0.0,20
2023-05-10 13:56:15,m2312-C-3950,m2312-C-3950,40.5,0.0,0.0,0.0,2,2.5,228.0,1,40.5,0.0,0.0,0.0,0.0,0.0,20
2023-05-10 13:56:15,m2312-C-3950,m2312-C-3950,40.5,0.0,0.0,0.0,2,2.5,227.5,10,40.5,0.0,0.0,0.0,0.0,0.0,20
2023-05-10 13:56:19,m2312-C-3950,m2312-C-3950,40.5,0.0,0.0,0.0,2,2.5,227.0,1,40.5,0.0,0.0,0.0,0.0,0.0,20
2023-05-10 13:56:20,m2312-C-3950,m2312-C-3950,40.5,0.0,0.0,0.0,2,2.5,226.5,10,40.5,0.0,0.0,0.0,0.0,0.0,20
2023-05-10 13:56:23,m2312-C-3950,m2312-C-3950,40.5,0.0,0.0,0.0,2,2.5,226.0,1,40.5,0.0,0.0,0.0,0.0,0.0,20
2023-05-10 13:56:24,m2312-C-3950,m2312-C-3950,40.5,0.0,0.0,0.0,2,2.5,225.5,10,40.5,0.0,0.0,0.0,0.0,0.0,20
2023-05-10 13:56:28,m2312-C-3950,m2312-C-3950,40.5,0.0,0.0,0.0,2,2.5,225.0,1,40.5,0.0,0.0,0.0,0.0,0.0,20
2023-05-10 13:56:29,m2312-C-3950,m2312-C-3950,40.5,0.0,0.0,0.0,2,2.5,224.5,10,40.5,0.0,0.0,0.0,0.0,0.0,20
2023-05-10 13:56:33,m2312-C-3950,m2312-C-3950,40.5,0.0,0.0,0.0,2,2.5,224.0,1,40.5,0.0,0.0,0.0,0.0,0.0,20
2023-05-10 13:56:33,m2312-C-3950,m2312-C-3950,40.5,0.0,0.0,0.0,2,2.5,223.5,10,40.5,0.0,0.0,0.0,0.0,0.0,20
2023-05-10 13:56:38,m2312-C-3950,m2312-C-3950,40.5,0.0,0.0,0.0,2,2.5,223.0,1,40.5,0.0,0.0,0.0,0.0,0.0,20
2023-05-10 13:56:39,m2312-C-3950,m2312-C-3950,40.5,0.0,0.0,0.0,2,2.5,222.5,10,40.5,0.0,0.0,0.0,0.0,0.0,20
2023-05-10 13:56:43,m2312-C-3950,m2312-C-3950,40.5,0.0,0.0,0.0,2,2.5,222.0,1,40.5,0.0,0.0,0.0,0.0,0.0,20
2023-05-10 13:56:43,m2312-C-3950,m2312-C-3950,40.5,0.0,0.0,0.0,2,2.5,221.5,10,40.5,0.0,0.0,0.0,0.0,0.0,20
2023-05-10 13:56:49,m2312-C-3950,m2312-C-3950,40.5,0.0,0.0,0.0,2,2.5,221.0,1,40.5,0.0,0.0,0.0,0.0,0.0,20
2023-05-10 13:56:49,m2312-C-3950,m2312-C-3950,40.5,0.0,0.0,0.0,2,2.5,220.5,10,40.5,0.0,0.0,0.0,0.0,0.0,20
2023-05-10 13:56:53,m2312-C-3950,m2312-C-3950,40.5,0.0,0.0,0.0,2,2.5,220.0,1,40.5,0.0,0.0,0.0,0.0,0.0,20
2023-05-10 13:56:53,m2312-C-3950,m2312-C-3950,40.5,0.0,0.0,0.0,2,2.5,219.5,10,40.5,0.0,0.0,0.0,0.0,0.0,20
2023-05-10 13:56:57,m2312-C-3950,m2312-C-3950,40.5,0.0,0.0,0.0,2,2.5,219.0,1,40.5,0.0,0.0,0.0,0.0,0.0,20
2023-05-10 13:56:57,m2312-C-3950,m2312-C-3950,40.5,0.0,0.0,0.0,2,2.5,218.5,10,40.5,0.0,0.0,0.0,0.0,0.0,20
2023-05-10 13:57:03,m2312-C-3950,m2312-C-3950,40.5,0.0,0.0,0.0,2,2.5,218.0,1,40.5,0.0,0.0,0.0,0.0,0.0,20
2023-05-10 13:57:03,m2312-C-3950,m2312-C-3950,40.5,0.0,0.0,0.0,2,2.5,217.5,10,40.5,0.0,0.0,0.0,0.0,0.0,20
2023-05-10 13:57:07,m2312-C-3950,m2312-C-3950,40.5,0.0,0.0,0.0,2,2.5,217.0,1,40.5,0.0,0.0,0.0,0.0,0.0,20
2023-05-10 13:57:07,m2312-C-3950,m2312-C-3950,40.5,0.0,0.0,0.0,2,2.5,216.5,10,40.5,0.0,0.0,0.0,0.0,0.0,20
2023-05-10 13:57:11,m2312-C-3950,m2312-C-3950,40.5,0.0,0.0,0.0,2,2.5,216.0,1,40.5,0.0,0.0,0.0,0.0,0.0,20
2023-05-10 13:57:11,m2312-C-3950,m2312-C-3950,40.5,0.0,0.0,0.0,2,2.5,215.5,10,40.5,0.0,0.0,0.0,0.0,0.0,20
2023-05-10 13:57:17,m2312-C-3950,m2312-C-3950,40.5,0.0,0.0,0.0,2,2.5,215.0,1,40.5,0.0,0.0,0.0,0.0,0.0,20
2023-05-10 13:57:17,m2312-C-3950,m2312-C-3950,40.5,0.0,0.0,0.0,2,2.5,214.5,10,40.5,0.0,0.0,0.0,0.0,0.0,20
2023-05-10 13:57:21,m2312-C-3950,m2312-C-3950,40.5,0.0,0.0,0.0,2,2.5,214.0,1,40.5,0.0,0.0,0.0,0.0,0.0,20
2023-05-10 13:57:22,m2312-C-3950,m2312-C-3950,40.5,0.0,0.0,0.0,2,2.5,213.5,10,40.5,0.0,0.0,0.0,0.0,0.0,20
2023-05-10 13:57:25,m2312-C-3950,m2312-C-3950,40.5,0.0,0.0,0.0,2,2.5,213.0,1,40.5,0.0,0.0,0.0,0.0,0.0,20
2023-05-10 13:57:25,m2312-C-3950,m2312-C-3950,40.5,0.0,0.0,0.0,2,2.5,212.5,10,40.5,0.0,0.0,0.0,0.0,0.0,20
2023-05-10 13:57:30,m2312-C-3950,m2312-C-3950,40.5,0.0,0.0,0.0,2,2.5,212.0,1,40.5,0.0,0.0,0.0,0.0,0.0,20
2023-05-10 13:57:30,m2312-C-3950,m2312-C-3950,40.5,0.0,0.0,0.0,2,2.5,211.5,10,40.5,0.0,0.0,0.0,0.0,0.0,20
2023-05-10 13:57:37,m2312-C-3950,m2312-C-3950,40.5,0.0,0.0,0.0,2,2.5,211.0,1,40.5,0.0,0.0,0.0,0.0,0.0,20
2023-05-10 13:57:37,m2312-C-3950,m2312-C-3950,40.5,0.0,0.0,0.0,2,2.5,210.5,10,40.5,0.0,0.0,0.0,0.0,0.0,20
2023-05-10 13:57:41,m2312-C-3950,m2312-C-3950,40.5,0.0,0.0,0.0,2,2.5,210.0,1,40.5,0.0,0.0,0.0,0.0,0.0,20
2023-05-10 13:57:41,m2312-C-3950,m2312-C-3950,40.5,0.0,0.0,0.0,2,2.5,209.5,10,40.5,0.0,0.0,0.0,0.0,0.0,20
2023-05-10 13:57:44,m2312-C-3950,m2312-C-3950,40.5,0.0,0.0,0.0,2,2.5,209.0,1,40.5,0.0,0.0,0.0,0.0,0.0,20
2023-05-10 13:57:44,m2312-C-3950,m2312-C-3950,40.5,0.0,0.0,0.0,2,2.5,208.5,10,40.5,0.0,0.0,0.0,0.0,0.0,20
2023-05-10 13:57:47,m2312-C-3950,m2312-C-3950,40.5,0.0,0.0,0.0,2,2.5,208.0,1,40.5,0.0,0.0,0.0,0.0,0.0,20
2023-05-10 13:57:47,m2312-C-3950,m2312-C-3950,40.5,0.0,0.0,0.0,2,2.5,207.5,10,40.5,0.0,0.0,0.0,0.0,0.0,20
2023-05-10 13:57:50,m2312-C-3950,m2312-C-3950,40.5,0.0,0.0,0.0,2,2.5,207.0,1,40.5,0.0,0.0,0.0,0.0,0.0,20
2023-05-10 13:57:50,m2312-C-3950,m2312-C-3950,40.5,0.0,0.0,0.0,2,2.5,206.5,10,40.5,0.0,0.0,0.0,0.0,0.0,20
2023-05-10 13:57:54,m2312-C-3950,m2312-C-3950,40.5,0.0,0.0,0.0,2,2.5,206.0,1,40.5,0.0,0.0,0.0,0.0,0.0,20
2023-05-10 13:57:54,m2312-C-3950,m2312-C-3950,40.5,0.0,0.0,0.0,2,2.5,205.5,10,40.5,0.0,0.0,0.0,0.0,0.0,20
2023-05-10 13:57:59,m2312-C-3950,m2312-C-3950,40.5,0.0,0.0,0.0,2,2.5,205.0,1,40.5,0.0,0.0,0.0,0.0,0.0,20
2023-05-10 13:57:59,m2312-C-3950,m2312-C-3950,40.5,0.0,0.0,0.0,2,2.5,204.5,10,40.5,0.0,0.0,0.0,0.0,0.0,20
2023-05-10 13:58:03,m2312-C-3950,m2312-C-3950,40.5,0.0,0.0,0.0,2,2.5,204.0,1,40.5,0.0,0.0,0.0,0.0,0.0,20
2023-05-10 13:58:03,m2312-C-3950,m2312-C-3950,40.5,0.0,0.0,0.0,2,2.5,203.5,10,40.5,0.0,0.0,0.0,0.0,0.0,20
2023-05-10 13:58:08,m2312-C-3950,m2312-C-3950,40.5,0.0,0.0,0.0,2,2.5,203.0,1,40.5,0.0,0.0,0.0,0.0,0.0,20
2023-05-10 13:58:08,m2312-C-3950,m2312-C-3950,40.5,0.0,0.0,0.0,2,2.5,202.5,10,40.5,0.0,0.0,0.0,0.0,0.0,20
2023-05-10 13:58:11,m2312-C-3950,m2312-C-3950,40.5,0.0,0.0,0.0,2,2.5,202.0,1,40.5,0.0,0.0,0.0,0.0,0.0,20
2023-05-10 13:58:12,m2312-C-3950,m2312-C-3950,40.5,0.0,0.0,0.0,2,2.5,201.5,10,40.5,0.0,0.0,0.0,0.0,0.0,20
2023-05-10 13:58:16,m2312-C-3950,m2312-C-3950,40.5,0.0,0.0,0.0,2,2.5,201.0,1,40.5,0.0,0.0,0.0,0.0,0.0,20
2023-05-10 13:58:16,m2312-C-3950,m2312-C-3950,40.5,0.0,0.0,0.0,2,2.5,200.5,10,40.5,0.0,0.0,0.0,0.0,0.0,20
2023-05-10 14:45:03,m2312-C-3950,m2312-C-3950,40.5,0.0,0.0,0.0,5,24.0,30.0,5,40.5,0.0,0.0,0.0,0.0,0.0,20
2023-05-10 14:45:07,m2312-C-3950,m2312-C-3950,40.5,0.0,0.0,0.0,5,24.0,26.0,5,40.5,0.0,0.0,0.0,0.0,0.0,20
2023-05-10 14:45:08,m2312-C-3950,m2312-C-3950,40.5,0.0,0.0,0.0,10,24.0,26.0,5,40.5,0.0,0.0,0.0,0.0,0.0,20
2023-05-10 14:45:10,m2312-C-3950,m2312-C-3950,40.5,0.0,0.0,0.0,15,24.0,26.0,10,40.5,0.0,0.0,0.0,0.0,0.0,20
2023-05-10 14:45:14,m2312-C-3950,m2312-C-3950,40.5,0.0,0.0,0.0,15,24.0,26.0,15,40.5,0.0,0.0,0.0,0.0,0.0,20
2023-05-10 14:45:15,m2312-C-3950,m2312-C-3950,40.5,0.0,0.0,0.0,10,24.0,26.0,15,40.5,0.0,0.0,0.0,0.0,0.0,20
2023-05-10 14:45:18,m2312-C-3950,m2312-C-3950,40.5,0.0,0.0,0.0,10,24.0,26.0,10,40.5,0.0,0.0,0.0,0.0,0.0,20
2023-05-10 14:45:19,m2312-C-3950,m2312-C-3950,40.5,0.0,0.0,0.0,5,24.0,26.0,10,40.5,0.0,0.0,0.0,0.0,0.0,20
2023-05-10 14:45:21,m2312-C-3950,m2312-C-3950,40.5,0.0,0.0,0.0,15,22.0,26.0,5,40.5,0.0,0.0,0.0,0.0,0.0,20
2023-05-10 14:45:22,m2312-C-3950,m2312-C-3950,40.5,0.0,0.0,0.0,10,22.0,26.0,5,40.5,0.0,0.0,0.0,0.0,0.0,20
2023-05-10 14:45:23,m2312-C-3950,m2312-C-3950,40.5,0.0,0.0,0.0,5,22.0,26.0,5,40.5,0.0,0.0,0.0,0.0,0.0,20
2023-05-10 14:45:25,m2312-C-3950,m2312-C-3950,40.5,0.0,0.0,0.0,5,22.0,27.0,5,40.5,0.0,0.0,0.0,0.0,0.0,20
2023-05-10 14:45:29,m2312-C-3950,m2312-C-3950,40.5,0.0,0.0,0.0,5,21.0,27.0,5,40.5,0.0,0.0,0.0,0.0,0.0,20
2023-05-10 14:45:33,m2312-C-3950,m2312-C-3950,40.5,0.0,0.0,0.0,2,2.5,0.0,0,40.5,0.0,0.0,0.0,0.0,0.0,20
2023-05-10 14:45:33,m2312-C-3950,m2312-C-3950,40.5,0.0,0.0,0.0,1,3.0,0.0,0,40.5,0.0,0.0,0.0,0.0,0.0,20
2023-05-10 14:45:34,m2312-C-3950,m2312-C-3950,40.5,0.0,0.0,0.0,2,2.5,0.0,0,40.5,0.0,0.0,0.0,0.0,0.0,20
2023-05-10 15:01:15,m2312-C-3950,m2312-C-3950,40.5,0.0,0.0,0.0,2,2.5,0.0,0,40.5,0.0,0.0,0.0,0.0,0.0,20
