time,symbol_id,symbol_name,last,trade_volume,trade_amount,open_interest_change,bv1,bp1,ap1,av1,yesterday_close,today_open,today_high,today_low,volume,amount,open_interest
2023-05-09 20:56:06,m2312-P-3350,m2312-P-3350,112.5,0.0,0.0,0.0,1,0.5,0.0,0,112.5,0.0,0.0,0.0,0.0,0.0,35
2023-05-09 21:00:26,m2312-P-3350,m2312-P-3350,112.5,0.0,0.0,0.0,10,1.0,0.0,0,112.5,0.0,0.0,0.0,0.0,0.0,35
2023-05-09 21:00:36,m2312-P-3350,m2312-P-3350,112.5,0.0,0.0,0.0,1,7.0,0.0,0,112.5,0.0,0.0,0.0,0.0,0.0,35
2023-05-09 21:00:36,m2312-P-3350,m2312-P-3350,112.5,0.0,0.0,0.0,10,7.5,0.0,0,112.5,0.0,0.0,0.0,0.0,0.0,35
2023-05-09 21:01:32,m2312-P-3350,m2312-P-3350,112.5,0.0,0.0,0.0,1,8.0,0.0,0,112.5,0.0,0.0,0.0,0.0,0.0,35
2023-05-09 21:01:32,m2312-P-3350,m2312-P-3350,112.5,0.0,0.0,0.0,10,8.5,0.0,0,112.5,0.0,0.0,0.0,0.0,0.0,35
2023-05-09 21:01:45,m2312-P-3350,m2312-P-3350,112.5,0.0,0.0,0.0,1,9.0,0.0,0,112.5,0.0,0.0,0.0,0.0,0.0,35
2023-05-09 21:01:45,m2312-P-3350,m2312-P-3350,112.5,0.0,0.0,0.0,10,9.5,0.0,0,112.5,0.0,0.0,0.0,0.0,0.0,35
2023-05-09 21:08:15,m2312-P-3350,m2312-P-3350,112.5,0.0,0.0,0.0,1,10.0,0.0,0,112.5,0.0,0.0,0.0,0.0,0.0,35
2023-05-09 21:08:15,m2312-P-3350,m2312-P-3350,112.5,0.0,0.0,0.0,10,10.5,0.0,0,112.5,0.0,0.0,0.0,0.0,0.0,35
2023-05-09 21:08:19,m2312-P-3350,m2312-P-3350,112.5,0.0,0.0,0.0,1,11.0,0.0,0,112.5,0.0,0.0,0.0,0.0,0.0,35
2023-05-09 21:08:19,m2312-P-3350,m2312-P-3350,112.5,0.0,0.0,0.0,10,11.5,0.0,0,112.5,0.0,0.0,0.0,0.0,0.0,35
2023-05-09 21:08:27,m2312-P-3350,m2312-P-3350,112.5,0.0,0.0,0.0,1,12.0,0.0,0,112.5,0.0,0.0,0.0,0.0,0.0,35
2023-05-09 21:08:27,m2312-P-3350,m2312-P-3350,112.5,0.0,0.0,0.0,10,12.5,0.0,0,112.5,0.0,0.0,0.0,0.0,0.0,35
2023-05-09 21:08:29,m2312-P-3350,m2312-P-3350,112.5,0.0,0.0,0.0,1,13.0,0.0,0,112.5,0.0,0.0,0.0,0.0,0.0,35
2023-05-09 21:08:29,m2312-P-3350,m2312-P-3350,112.5,0.0,0.0,0.0,10,13.5,0.0,0,112.5,0.0,0.0,0.0,0.0,0.0,35
2023-05-09 21:08:32,m2312-P-3350,m2312-P-3350,112.5,0.0,0.0,0.0,1,14.0,0.0,0,112.5,0.0,0.0,0.0,0.0,0.0,35
2023-05-09 21:08:32,m2312-P-3350,m2312-P-3350,112.5,0.0,0.0,0.0,10,14.5,0.0,0,112.5,0.0,0.0,0.0,0.0,0.0,35
2023-05-09 21:08:35,m2312-P-3350,m2312-P-3350,112.5,0.0,0.0,0.0,1,15.0,0.0,0,112.5,0.0,0.0,0.0,0.0,0.0,35
2023-05-09 21:08:35,m2312-P-3350,m2312-P-3350,112.5,0.0,0.0,0.0,10,15.5,0.0,0,112.5,0.0,0.0,0.0,0.0,0.0,35
2023-05-09 21:08:38,m2312-P-3350,m2312-P-3350,112.5,0.0,0.0,0.0,1,16.0,0.0,0,112.5,0.0,0.0,0.0,0.0,0.0,35
2023-05-09 21:08:38,m2312-P-3350,m2312-P-3350,112.5,0.0,0.0,0.0,10,16.5,0.0,0,112.5,0.0,0.0,0.0,0.0,0.0,35
2023-05-09 21:08:40,m2312-P-3350,m2312-P-3350,112.5,0.0,0.0,0.0,1,17.0,0.0,0,112.5,0.0,0.0,0.0,0.0,0.0,35
2023-05-09 21:08:40,m2312-P-3350,m2312-P-3350,112.5,0.0,0.0,0.0,10,17.5,0.0,0,112.5,0.0,0.0,0.0,0.0,0.0,35
2023-05-09 21:08:43,m2312-P-3350,m2312-P-3350,112.5,0.0,0.0,0.0,1,18.0,0.0,0,112.5,0.0,0.0,0.0,0.0,0.0,35
2023-05-09 21:08:43,m2312-P-3350,m2312-P-3350,112.5,0.0,0.0,0.0,10,18.5,0.0,0,112.5,0.0,0.0,0.0,0.0,0.0,35
2023-05-09 21:08:44,m2312-P-3350,m2312-P-3350,112.5,0.0,0.0,0.0,1,19.0,0.0,0,112.5,0.0,0.0,0.0,0.0,0.0,35
2023-05-09 21:08:44,m2312-P-3350,m2312-P-3350,112.5,0.0,0.0,0.0,10,19.5,0.0,0,112.5,0.0,0.0,0.0,0.0,0.0,35
2023-05-09 21:08:46,m2312-P-3350,m2312-P-3350,112.5,0.0,0.0,0.0,1,20.0,0.0,0,112.5,0.0,0.0,0.0,0.0,0.0,35
2023-05-09 21:08:46,m2312-P-3350,m2312-P-3350,112.5,0.0,0.0,0.0,10,20.5,0.0,0,112.5,0.0,0.0,0.0,0.0,0.0,35
2023-05-09 21:08:50,m2312-P-3350,m2312-P-3350,112.5,0.0,0.0,0.0,1,21.0,0.0,0,112.5,0.0,0.0,0.0,0.0,0.0,35
2023-05-09 21:08:50,m2312-P-3350,m2312-P-3350,112.5,0.0,0.0,0.0,10,21.5,0.0,0,112.5,0.0,0.0,0.0,0.0,0.0,35
2023-05-09 21:08:51,m2312-P-3350,m2312-P-3350,112.5,0.0,0.0,0.0,1,22.0,0.0,0,112.5,0.0,0.0,0.0,0.0,0.0,35
2023-05-09 21:08:51,m2312-P-3350,m2312-P-3350,112.5,0.0,0.0,0.0,10,22.5,0.0,0,112.5,0.0,0.0,0.0,0.0,0.0,35
2023-05-09 21:08:53,m2312-P-3350,m2312-P-3350,112.5,0.0,0.0,0.0,1,23.0,0.0,0,112.5,0.0,0.0,0.0,0.0,0.0,35
2023-05-09 21:08:53,m2312-P-3350,m2312-P-3350,112.5,0.0,0.0,0.0,10,23.5,0.0,0,112.5,0.0,0.0,0.0,0.0,0.0,35
2023-05-09 21:08:54,m2312-P-3350,m2312-P-3350,112.5,0.0,0.0,0.0,1,24.0,0.0,0,112.5,0.0,0.0,0.0,0.0,0.0,35
2023-05-09 21:08:54,m2312-P-3350,m2312-P-3350,112.5,0.0,0.0,0.0,10,24.5,0.0,0,112.5,0.0,0.0,0.0,0.0,0.0,35
2023-05-09 21:08:56,m2312-P-3350,m2312-P-3350,112.5,0.0,0.0,0.0,1,25.0,0.0,0,112.5,0.0,0.0,0.0,0.0,0.0,35
2023-05-09 21:08:56,m2312-P-3350,m2312-P-3350,112.5,0.0,0.0,0.0,10,25.5,0.0,0,112.5,0.0,0.0,0.0,0.0,0.0,35
2023-05-09 21:08:57,m2312-P-3350,m2312-P-3350,112.5,0.0,0.0,0.0,1,26.0,0.0,0,112.5,0.0,0.0,0.0,0.0,0.0,35
2023-05-09 21:08:57,m2312-P-3350,m2312-P-3350,112.5,0.0,0.0,0.0,10,26.5,0.0,0,112.5,0.0,0.0,0.0,0.0,0.0,35
2023-05-09 21:08:58,m2312-P-3350,m2312-P-3350,112.5,0.0,0.0,0.0,1,27.0,0.0,0,112.5,0.0,0.0,0.0,0.0,0.0,35
2023-05-09 21:08:58,m2312-P-3350,m2312-P-3350,112.5,0.0,0.0,0.0,10,27.5,0.0,0,112.5,0.0,0.0,0.0,0.0,0.0,35
2023-05-09 21:09:00,m2312-P-3350,m2312-P-3350,112.5,0.0,0.0,0.0,1,28.0,0.0,0,112.5,0.0,0.0,0.0,0.0,0.0,35
2023-05-09 21:09:00,m2312-P-3350,m2312-P-3350,112.5,0.0,0.0,0.0,10,28.5,0.0,0,112.5,0.0,0.0,0.0,0.0,0.0,35
2023-05-09 21:09:01,m2312-P-3350,m2312-P-3350,112.5,0.0,0.0,0.0,1,29.0,0.0,0,112.5,0.0,0.0,0.0,0.0,0.0,35
2023-05-09 21:09:01,m2312-P-3350,m2312-P-3350,112.5,0.0,0.0,0.0,10,29.5,0.0,0,112.5,0.0,0.0,0.0,0.0,0.0,35
2023-05-09 21:09:03,m2312-P-3350,m2312-P-3350,112.5,0.0,0.0,0.0,1,30.0,0.0,0,112.5,0.0,0.0,0.0,0.0,0.0,35
2023-05-09 21:09:03,m2312-P-3350,m2312-P-3350,112.5,0.0,0.0,0.0,10,30.5,0.0,0,112.5,0.0,0.0,0.0,0.0,0.0,35
2023-05-09 21:09:04,m2312-P-3350,m2312-P-3350,112.5,0.0,0.0,0.0,1,31.0,0.0,0,112.5,0.0,0.0,0.0,0.0,0.0,35
2023-05-09 21:09:04,m2312-P-3350,m2312-P-3350,112.5,0.0,0.0,0.0,10,31.5,0.0,0,112.5,0.0,0.0,0.0,0.0,0.0,35
2023-05-09 21:09:05,m2312-P-3350,m2312-P-3350,112.5,0.0,0.0,0.0,1,32.0,0.0,0,112.5,0.0,0.0,0.0,0.0,0.0,35
2023-05-09 21:09:05,m2312-P-3350,m2312-P-3350,112.5,0.0,0.0,0.0,10,32.5,0.0,0,112.5,0.0,0.0,0.0,0.0,0.0,35
2023-05-09 21:09:07,m2312-P-3350,m2312-P-3350,112.5,0.0,0.0,0.0,1,33.0,0.0,0,112.5,0.0,0.0,0.0,0.0,0.0,35
2023-05-09 21:09:07,m2312-P-3350,m2312-P-3350,112.5,0.0,0.0,0.0,10,33.5,0.0,0,112.5,0.0,0.0,0.0,0.0,0.0,35
2023-05-09 21:09:08,m2312-P-3350,m2312-P-3350,112.5,0.0,0.0,0.0,1,34.0,0.0,0,112.5,0.0,0.0,0.0,0.0,0.0,35
2023-05-09 21:09:08,m2312-P-3350,m2312-P-3350,112.5,0.0,0.0,0.0,10,34.5,0.0,0,112.5,0.0,0.0,0.0,0.0,0.0,35
2023-05-09 21:09:09,m2312-P-3350,m2312-P-3350,112.5,0.0,0.0,0.0,1,35.0,0.0,0,112.5,0.0,0.0,0.0,0.0,0.0,35
2023-05-09 21:09:09,m2312-P-3350,m2312-P-3350,112.5,0.0,0.0,0.0,10,35.5,0.0,0,112.5,0.0,0.0,0.0,0.0,0.0,35
2023-05-09 21:09:11,m2312-P-3350,m2312-P-3350,112.5,0.0,0.0,0.0,1,36.0,0.0,0,112.5,0.0,0.0,0.0,0.0,0.0,35
2023-05-09 21:09:11,m2312-P-3350,m2312-P-3350,112.5,0.0,0.0,0.0,10,36.5,0.0,0,112.5,0.0,0.0,0.0,0.0,0.0,35
2023-05-09 21:09:12,m2312-P-3350,m2312-P-3350,112.5,0.0,0.0,0.0,1,37.0,0.0,0,112.5,0.0,0.0,0.0,0.0,0.0,35
2023-05-09 21:09:12,m2312-P-3350,m2312-P-3350,112.5,0.0,0.0,0.0,10,37.5,0.0,0,112.5,0.0,0.0,0.0,0.0,0.0,35
2023-05-09 21:09:13,m2312-P-3350,m2312-P-3350,112.5,0.0,0.0,0.0,1,38.0,0.0,0,112.5,0.0,0.0,0.0,0.0,0.0,35
2023-05-09 21:09:13,m2312-P-3350,m2312-P-3350,112.5,0.0,0.0,0.0,10,38.5,0.0,0,112.5,0.0,0.0,0.0,0.0,0.0,35
2023-05-09 21:09:15,m2312-P-3350,m2312-P-3350,112.5,0.0,0.0,0.0,1,39.0,0.0,0,112.5,0.0,0.0,0.0,0.0,0.0,35
2023-05-09 21:09:15,m2312-P-3350,m2312-P-3350,112.5,0.0,0.0,0.0,10,39.5,0.0,0,112.5,0.0,0.0,0.0,0.0,0.0,35
2023-05-09 21:09:16,m2312-P-3350,m2312-P-3350,112.5,0.0,0.0,0.0,1,40.0,0.0,0,112.5,0.0,0.0,0.0,0.0,0.0,35
2023-05-09 21:09:16,m2312-P-3350,m2312-P-3350,112.5,0.0,0.0,0.0,10,40.5,0.0,0,112.5,0.0,0.0,0.0,0.0,0.0,35
2023-05-09 21:09:18,m2312-P-3350,m2312-P-3350,112.5,0.0,0.0,0.0,1,41.0,0.0,0,112.5,0.0,0.0,0.0,0.0,0.0,35
2023-05-09 21:09:18,m2312-P-3350,m2312-P-3350,112.5,0.0,0.0,0.0,10,41.5,0.0,0,112.5,0.0,0.0,0.0,0.0,0.0,35
2023-05-09 21:09:19,m2312-P-3350,m2312-P-3350,112.5,0.0,0.0,0.0,1,42.0,0.0,0,112.5,0.0,0.0,0.0,0.0,0.0,35
2023-05-09 21:09:19,m2312-P-3350,m2312-P-3350,112.5,0.0,0.0,0.0,10,42.5,0.0,0,112.5,0.0,0.0,0.0,0.0,0.0,35
2023-05-09 21:09:20,m2312-P-3350,m2312-P-3350,112.5,0.0,0.0,0.0,1,43.0,0.0,0,112.5,0.0,0.0,0.0,0.0,0.0,35
2023-05-09 21:09:20,m2312-P-3350,m2312-P-3350,112.5,0.0,0.0,0.0,10,43.5,0.0,0,112.5,0.0,0.0,0.0,0.0,0.0,35
2023-05-09 21:09:21,m2312-P-3350,m2312-P-3350,112.5,0.0,0.0,0.0,1,44.0,0.0,0,112.5,0.0,0.0,0.0,0.0,0.0,35
2023-05-09 21:09:21,m2312-P-3350,m2312-P-3350,112.5,0.0,0.0,0.0,10,44.5,0.0,0,112.5,0.0,0.0,0.0,0.0,0.0,35
2023-05-09 21:09:22,m2312-P-3350,m2312-P-3350,112.5,0.0,0.0,0.0,1,45.0,0.0,0,112.5,0.0,0.0,0.0,0.0,0.0,35
2023-05-09 21:09:22,m2312-P-3350,m2312-P-3350,112.5,0.0,0.0,0.0,10,45.5,0.0,0,112.5,0.0,0.0,0.0,0.0,0.0,35
2023-05-09 21:09:24,m2312-P-3350,m2312-P-3350,112.5,0.0,0.0,0.0,1,46.0,0.0,0,112.5,0.0,0.0,0.0,0.0,0.0,35
2023-05-09 21:09:24,m2312-P-3350,m2312-P-3350,112.5,0.0,0.0,0.0,10,46.5,0.0,0,112.5,0.0,0.0,0.0,0.0,0.0,35
2023-05-09 21:09:25,m2312-P-3350,m2312-P-3350,112.5,0.0,0.0,0.0,1,47.0,0.0,0,112.5,0.0,0.0,0.0,0.0,0.0,35
2023-05-09 21:09:25,m2312-P-3350,m2312-P-3350,112.5,0.0,0.0,0.0,10,47.5,0.0,0,112.5,0.0,0.0,0.0,0.0,0.0,35
2023-05-09 21:09:26,m2312-P-3350,m2312-P-3350,112.5,0.0,0.0,0.0,1,48.0,0.0,0,112.5,0.0,0.0,0.0,0.0,0.0,35
2023-05-09 21:09:26,m2312-P-3350,m2312-P-3350,112.5,0.0,0.0,0.0,10,48.5,0.0,0,112.5,0.0,0.0,0.0,0.0,0.0,35
2023-05-09 21:09:27,m2312-P-3350,m2312-P-3350,112.5,0.0,0.0,0.0,1,49.0,0.0,0,112.5,0.0,0.0,0.0,0.0,0.0,35
2023-05-09 21:09:27,m2312-P-3350,m2312-P-3350,112.5,0.0,0.0,0.0,10,49.5,0.0,0,112.5,0.0,0.0,0.0,0.0,0.0,35
2023-05-09 21:31:32,m2312-P-3350,m2312-P-3350,112.5,0.0,0.0,0.0,1,50.0,0.0,0,112.5,0.0,0.0,0.0,0.0,0.0,35
2023-05-09 21:31:32,m2312-P-3350,m2312-P-3350,112.5,0.0,0.0,0.0,10,50.5,0.0,0,112.5,0.0,0.0,0.0,0.0,0.0,35
2023-05-09 21:41:07,m2312-P-3350,m2312-P-3350,112.5,0.0,0.0,0.0,1,54.5,0.0,0,112.5,0.0,0.0,0.0,0.0,0.0,35
2023-05-09 21:41:07,m2312-P-3350,m2312-P-3350,112.5,0.0,0.0,0.0,10,55.0,0.0,0,112.5,0.0,0.0,0.0,0.0,0.0,35
2023-05-09 21:41:08,m2312-P-3350,m2312-P-3350,112.5,0.0,0.0,0.0,1,59.0,0.0,0,112.5,0.0,0.0,0.0,0.0,0.0,35
2023-05-09 21:41:08,m2312-P-3350,m2312-P-3350,112.5,0.0,0.0,0.0,10,59.5,0.0,0,112.5,0.0,0.0,0.0,0.0,0.0,35
2023-05-09 21:41:09,m2312-P-3350,m2312-P-3350,112.5,0.0,0.0,0.0,1,67.5,0.0,0,112.5,0.0,0.0,0.0,0.0,0.0,35
2023-05-09 21:41:09,m2312-P-3350,m2312-P-3350,112.5,0.0,0.0,0.0,10,68.0,0.0,0,112.5,0.0,0.0,0.0,0.0,0.0,35
2023-05-09 21:41:10,m2312-P-3350,m2312-P-3350,112.5,0.0,0.0,0.0,1,76.0,0.0,0,112.5,0.0,0.0,0.0,0.0,0.0,35
2023-05-09 21:41:10,m2312-P-3350,m2312-P-3350,112.5,0.0,0.0,0.0,10,76.5,0.0,0,112.5,0.0,0.0,0.0,0.0,0.0,35
2023-05-09 21:41:11,m2312-P-3350,m2312-P-3350,112.5,0.0,0.0,0.0,1,84.5,0.0,0,112.5,0.0,0.0,0.0,0.0,0.0,35
2023-05-09 21:41:11,m2312-P-3350,m2312-P-3350,112.5,0.0,0.0,0.0,10,85.0,0.0,0,112.5,0.0,0.0,0.0,0.0,0.0,35
2023-05-09 21:41:12,m2312-P-3350,m2312-P-3350,112.5,0.0,0.0,0.0,1,89.0,0.0,0,112.5,0.0,0.0,0.0,0.0,0.0,35
2023-05-09 21:41:12,m2312-P-3350,m2312-P-3350,112.5,0.0,0.0,0.0,11,89.0,0.0,0,112.5,0.0,0.0,0.0,0.0,0.0,35
2023-05-09 21:41:20,m2312-P-3350,m2312-P-3350,112.5,0.0,0.0,0.0,11,89.0,321.0,1,112.5,0.0,0.0,0.0,0.0,0.0,35
2023-05-09 21:41:20,m2312-P-3350,m2312-P-3350,112.5,0.0,0.0,0.0,11,89.0,320.5,10,112.5,0.0,0.0,0.0,0.0,0.0,35
2023-05-09 21:41:31,m2312-P-3350,m2312-P-3350,112.5,0.0,0.0,0.0,10,89.0,320.5,10,112.5,0.0,0.0,0.0,0.0,0.0,35
2023-05-09 21:44:27,m2312-P-3350,m2312-P-3350,112.5,0.0,0.0,0.0,10,89.0,320.0,1,112.5,0.0,0.0,0.0,0.0,0.0,35
2023-05-09 21:44:27,m2312-P-3350,m2312-P-3350,112.5,0.0,0.0,0.0,10,89.0,319.5,10,112.5,0.0,0.0,0.0,0.0,0.0,35
2023-05-09 21:44:42,m2312-P-3350,m2312-P-3350,112.5,0.0,0.0,0.0,10,89.0,319.0,1,112.5,0.0,0.0,0.0,0.0,0.0,35
2023-05-09 21:44:42,m2312-P-3350,m2312-P-3350,112.5,0.0,0.0,0.0,10,89.0,318.5,10,112.5,0.0,0.0,0.0,0.0,0.0,35
2023-05-09 21:45:03,m2312-P-3350,m2312-P-3350,112.5,0.0,0.0,0.0,10,89.0,318.0,1,112.5,0.0,0.0,0.0,0.0,0.0,35
2023-05-09 21:45:03,m2312-P-3350,m2312-P-3350,112.5,0.0,0.0,0.0,10,89.0,317.5,10,112.5,0.0,0.0,0.0,0.0,0.0,35
2023-05-09 21:46:01,m2312-P-3350,m2312-P-3350,112.5,0.0,0.0,0.0,10,89.0,317.0,1,112.5,0.0,0.0,0.0,0.0,0.0,35
2023-05-09 21:46:01,m2312-P-3350,m2312-P-3350,112.5,0.0,0.0,0.0,10,89.0,316.5,10,112.5,0.0,0.0,0.0,0.0,0.0,35
2023-05-09 21:46:38,m2312-P-3350,m2312-P-3350,112.5,0.0,0.0,0.0,10,89.0,316.0,1,112.5,0.0,0.0,0.0,0.0,0.0,35
2023-05-09 21:46:39,m2312-P-3350,m2312-P-3350,112.5,0.0,0.0,0.0,10,89.0,315.5,10,112.5,0.0,0.0,0.0,0.0,0.0,35
2023-05-09 21:46:59,m2312-P-3350,m2312-P-3350,112.5,0.0,0.0,0.0,10,89.0,315.0,1,112.5,0.0,0.0,0.0,0.0,0.0,35
2023-05-09 21:46:59,m2312-P-3350,m2312-P-3350,112.5,0.0,0.0,0.0,10,89.0,314.5,10,112.5,0.0,0.0,0.0,0.0,0.0,35
2023-05-09 21:47:18,m2312-P-3350,m2312-P-3350,112.5,0.0,0.0,0.0,10,89.0,314.0,1,112.5,0.0,0.0,0.0,0.0,0.0,35
2023-05-09 21:47:18,m2312-P-3350,m2312-P-3350,112.5,0.0,0.0,0.0,10,89.0,313.5,10,112.5,0.0,0.0,0.0,0.0,0.0,35
2023-05-09 21:47:35,m2312-P-3350,m2312-P-3350,112.5,0.0,0.0,0.0,10,89.0,313.0,1,112.5,0.0,0.0,0.0,0.0,0.0,35
2023-05-09 21:47:35,m2312-P-3350,m2312-P-3350,112.5,0.0,0.0,0.0,10,89.0,312.5,10,112.5,0.0,0.0,0.0,0.0,0.0,35
2023-05-09 21:47:39,m2312-P-3350,m2312-P-3350,112.5,0.0,0.0,0.0,10,89.0,312.0,1,112.5,0.0,0.0,0.0,0.0,0.0,35
2023-05-09 21:47:39,m2312-P-3350,m2312-P-3350,112.5,0.0,0.0,0.0,10,89.0,311.5,10,112.5,0.0,0.0,0.0,0.0,0.0,35
2023-05-09 21:47:43,m2312-P-3350,m2312-P-3350,112.5,0.0,0.0,0.0,10,89.0,311.0,1,112.5,0.0,0.0,0.0,0.0,0.0,35
2023-05-09 21:47:43,m2312-P-3350,m2312-P-3350,112.5,0.0,0.0,0.0,10,89.0,310.5,10,112.5,0.0,0.0,0.0,0.0,0.0,35
2023-05-09 21:47:47,m2312-P-3350,m2312-P-3350,112.5,0.0,0.0,0.0,10,89.0,310.0,1,112.5,0.0,0.0,0.0,0.0,0.0,35
2023-05-09 21:47:47,m2312-P-3350,m2312-P-3350,112.5,0.0,0.0,0.0,10,89.0,309.5,10,112.5,0.0,0.0,0.0,0.0,0.0,35
2023-05-09 21:47:51,m2312-P-3350,m2312-P-3350,112.5,0.0,0.0,0.0,10,89.0,309.0,1,112.5,0.0,0.0,0.0,0.0,0.0,35
2023-05-09 21:47:51,m2312-P-3350,m2312-P-3350,112.5,0.0,0.0,0.0,10,89.0,308.5,10,112.5,0.0,0.0,0.0,0.0,0.0,35
2023-05-09 21:47:54,m2312-P-3350,m2312-P-3350,112.5,0.0,0.0,0.0,10,89.0,308.0,1,112.5,0.0,0.0,0.0,0.0,0.0,35
2023-05-09 21:47:54,m2312-P-3350,m2312-P-3350,112.5,0.0,0.0,0.0,10,89.0,307.5,10,112.5,0.0,0.0,0.0,0.0,0.0,35
2023-05-09 21:47:57,m2312-P-3350,m2312-P-3350,112.5,0.0,0.0,0.0,10,89.0,307.0,1,112.5,0.0,0.0,0.0,0.0,0.0,35
2023-05-09 21:47:57,m2312-P-3350,m2312-P-3350,112.5,0.0,0.0,0.0,10,89.0,306.5,10,112.5,0.0,0.0,0.0,0.0,0.0,35
2023-05-09 21:48:00,m2312-P-3350,m2312-P-3350,112.5,0.0,0.0,0.0,10,89.0,306.0,1,112.5,0.0,0.0,0.0,0.0,0.0,35
2023-05-09 21:48:00,m2312-P-3350,m2312-P-3350,112.5,0.0,0.0,0.0,10,89.0,305.5,10,112.5,0.0,0.0,0.0,0.0,0.0,35
2023-05-09 21:48:02,m2312-P-3350,m2312-P-3350,112.5,0.0,0.0,0.0,10,89.0,305.0,1,112.5,0.0,0.0,0.0,0.0,0.0,35
2023-05-09 21:48:03,m2312-P-3350,m2312-P-3350,112.5,0.0,0.0,0.0,10,89.0,304.5,10,112.5,0.0,0.0,0.0,0.0,0.0,35
2023-05-09 21:48:05,m2312-P-3350,m2312-P-3350,112.5,0.0,0.0,0.0,10,89.0,304.0,1,112.5,0.0,0.0,0.0,0.0,0.0,35
2023-05-09 21:48:05,m2312-P-3350,m2312-P-3350,112.5,0.0,0.0,0.0,10,89.0,303.5,10,112.5,0.0,0.0,0.0,0.0,0.0,35
2023-05-09 21:48:08,m2312-P-3350,m2312-P-3350,112.5,0.0,0.0,0.0,10,89.0,303.0,1,112.5,0.0,0.0,0.0,0.0,0.0,35
2023-05-09 21:48:09,m2312-P-3350,m2312-P-3350,112.5,0.0,0.0,0.0,10,89.0,302.5,10,112.5,0.0,0.0,0.0,0.0,0.0,35
2023-05-09 21:48:12,m2312-P-3350,m2312-P-3350,112.5,0.0,0.0,0.0,10,89.0,302.0,1,112.5,0.0,0.0,0.0,0.0,0.0,35
2023-05-09 21:48:12,m2312-P-3350,m2312-P-3350,112.5,0.0,0.0,0.0,10,89.0,301.5,10,112.5,0.0,0.0,0.0,0.0,0.0,35
2023-05-09 21:48:15,m2312-P-3350,m2312-P-3350,112.5,0.0,0.0,0.0,10,89.0,301.0,1,112.5,0.0,0.0,0.0,0.0,0.0,35
2023-05-09 21:48:15,m2312-P-3350,m2312-P-3350,112.5,0.0,0.0,0.0,10,89.0,300.5,10,112.5,0.0,0.0,0.0,0.0,0.0,35
2023-05-09 21:48:18,m2312-P-3350,m2312-P-3350,112.5,0.0,0.0,0.0,10,89.0,300.0,1,112.5,0.0,0.0,0.0,0.0,0.0,35
2023-05-09 21:48:18,m2312-P-3350,m2312-P-3350,112.5,0.0,0.0,0.0,10,89.0,299.5,10,112.5,0.0,0.0,0.0,0.0,0.0,35
2023-05-09 21:48:22,m2312-P-3350,m2312-P-3350,112.5,0.0,0.0,0.0,10,89.0,299.0,1,112.5,0.0,0.0,0.0,0.0,0.0,35
2023-05-09 21:48:22,m2312-P-3350,m2312-P-3350,112.5,0.0,0.0,0.0,10,89.0,298.5,10,112.5,0.0,0.0,0.0,0.0,0.0,35
2023-05-09 21:48:25,m2312-P-3350,m2312-P-3350,112.5,0.0,0.0,0.0,10,89.0,298.0,1,112.5,0.0,0.0,0.0,0.0,0.0,35
2023-05-09 21:48:25,m2312-P-3350,m2312-P-3350,112.5,0.0,0.0,0.0,10,89.0,297.5,10,112.5,0.0,0.0,0.0,0.0,0.0,35
2023-05-09 21:48:29,m2312-P-3350,m2312-P-3350,112.5,0.0,0.0,0.0,10,89.0,297.0,1,112.5,0.0,0.0,0.0,0.0,0.0,35
2023-05-09 21:48:29,m2312-P-3350,m2312-P-3350,112.5,0.0,0.0,0.0,10,89.0,296.5,10,112.5,0.0,0.0,0.0,0.0,0.0,35
2023-05-09 21:48:31,m2312-P-3350,m2312-P-3350,112.5,0.0,0.0,0.0,10,89.0,296.0,1,112.5,0.0,0.0,0.0,0.0,0.0,35
2023-05-09 21:48:31,m2312-P-3350,m2312-P-3350,112.5,0.0,0.0,0.0,10,89.0,295.5,10,112.5,0.0,0.0,0.0,0.0,0.0,35
2023-05-09 21:48:34,m2312-P-3350,m2312-P-3350,112.5,0.0,0.0,0.0,10,89.0,295.0,1,112.5,0.0,0.0,0.0,0.0,0.0,35
2023-05-09 21:48:34,m2312-P-3350,m2312-P-3350,112.5,0.0,0.0,0.0,10,89.0,294.5,10,112.5,0.0,0.0,0.0,0.0,0.0,35
2023-05-09 21:48:36,m2312-P-3350,m2312-P-3350,112.5,0.0,0.0,0.0,10,89.0,294.0,1,112.5,0.0,0.0,0.0,0.0,0.0,35
2023-05-09 21:48:37,m2312-P-3350,m2312-P-3350,112.5,0.0,0.0,0.0,10,89.0,293.5,10,112.5,0.0,0.0,0.0,0.0,0.0,35
2023-05-09 21:48:38,m2312-P-3350,m2312-P-3350,112.5,0.0,0.0,0.0,10,89.0,293.0,1,112.5,0.0,0.0,0.0,0.0,0.0,35
2023-05-09 21:48:39,m2312-P-3350,m2312-P-3350,112.5,0.0,0.0,0.0,10,89.0,292.5,10,112.5,0.0,0.0,0.0,0.0,0.0,35
2023-05-09 21:48:41,m2312-P-3350,m2312-P-3350,112.5,0.0,0.0,0.0,10,89.0,292.0,1,112.5,0.0,0.0,0.0,0.0,0.0,35
2023-05-09 21:48:41,m2312-P-3350,m2312-P-3350,112.5,0.0,0.0,0.0,10,89.0,291.5,10,112.5,0.0,0.0,0.0,0.0,0.0,35
2023-05-09 21:48:44,m2312-P-3350,m2312-P-3350,112.5,0.0,0.0,0.0,10,89.0,291.0,1,112.5,0.0,0.0,0.0,0.0,0.0,35
2023-05-09 21:48:44,m2312-P-3350,m2312-P-3350,112.5,0.0,0.0,0.0,10,89.0,290.5,10,112.5,0.0,0.0,0.0,0.0,0.0,35
2023-05-09 21:48:46,m2312-P-3350,m2312-P-3350,112.5,0.0,0.0,0.0,10,89.0,290.0,1,112.5,0.0,0.0,0.0,0.0,0.0,35
2023-05-09 21:48:47,m2312-P-3350,m2312-P-3350,112.5,0.0,0.0,0.0,10,89.0,289.5,10,112.5,0.0,0.0,0.0,0.0,0.0,35
2023-05-09 21:48:50,m2312-P-3350,m2312-P-3350,112.5,0.0,0.0,0.0,10,89.0,289.0,1,112.5,0.0,0.0,0.0,0.0,0.0,35
2023-05-09 21:48:50,m2312-P-3350,m2312-P-3350,112.5,0.0,0.0,0.0,10,89.0,288.5,10,112.5,0.0,0.0,0.0,0.0,0.0,35
2023-05-09 21:48:53,m2312-P-3350,m2312-P-3350,112.5,0.0,0.0,0.0,10,89.0,288.0,1,112.5,0.0,0.0,0.0,0.0,0.0,35
2023-05-09 21:48:53,m2312-P-3350,m2312-P-3350,112.5,0.0,0.0,0.0,10,89.0,287.5,10,112.5,0.0,0.0,0.0,0.0,0.0,35
2023-05-09 21:48:58,m2312-P-3350,m2312-P-3350,112.5,0.0,0.0,0.0,10,89.0,287.0,1,112.5,0.0,0.0,0.0,0.0,0.0,35
2023-05-09 21:48:58,m2312-P-3350,m2312-P-3350,112.5,0.0,0.0,0.0,10,89.0,286.5,10,112.5,0.0,0.0,0.0,0.0,0.0,35
2023-05-09 21:49:01,m2312-P-3350,m2312-P-3350,112.5,0.0,0.0,0.0,10,89.0,286.0,1,112.5,0.0,0.0,0.0,0.0,0.0,35
2023-05-09 21:49:01,m2312-P-3350,m2312-P-3350,112.5,0.0,0.0,0.0,10,89.0,285.5,10,112.5,0.0,0.0,0.0,0.0,0.0,35
2023-05-09 21:49:04,m2312-P-3350,m2312-P-3350,112.5,0.0,0.0,0.0,10,89.0,285.0,1,112.5,0.0,0.0,0.0,0.0,0.0,35
2023-05-09 21:49:04,m2312-P-3350,m2312-P-3350,112.5,0.0,0.0,0.0,10,89.0,284.5,10,112.5,0.0,0.0,0.0,0.0,0.0,35
2023-05-09 21:49:07,m2312-P-3350,m2312-P-3350,112.5,0.0,0.0,0.0,10,89.0,284.0,1,112.5,0.0,0.0,0.0,0.0,0.0,35
2023-05-09 21:49:07,m2312-P-3350,m2312-P-3350,112.5,0.0,0.0,0.0,10,89.0,283.5,10,112.5,0.0,0.0,0.0,0.0,0.0,35
2023-05-09 21:49:11,m2312-P-3350,m2312-P-3350,112.5,0.0,0.0,0.0,10,89.0,283.0,1,112.5,0.0,0.0,0.0,0.0,0.0,35
2023-05-09 21:49:11,m2312-P-3350,m2312-P-3350,112.5,0.0,0.0,0.0,10,89.0,282.5,10,112.5,0.0,0.0,0.0,0.0,0.0,35
2023-05-09 21:49:14,m2312-P-3350,m2312-P-3350,112.5,0.0,0.0,0.0,10,89.0,282.0,1,112.5,0.0,0.0,0.0,0.0,0.0,35
2023-05-09 21:49:14,m2312-P-3350,m2312-P-3350,112.5,0.0,0.0,0.0,10,89.0,281.5,10,112.5,0.0,0.0,0.0,0.0,0.0,35
2023-05-09 21:49:17,m2312-P-3350,m2312-P-3350,112.5,0.0,0.0,0.0,10,89.0,281.0,1,112.5,0.0,0.0,0.0,0.0,0.0,35
2023-05-09 21:49:17,m2312-P-3350,m2312-P-3350,112.5,0.0,0.0,0.0,10,89.0,280.5,10,112.5,0.0,0.0,0.0,0.0,0.0,35
2023-05-09 21:49:20,m2312-P-3350,m2312-P-3350,112.5,0.0,0.0,0.0,10,89.0,280.0,1,112.5,0.0,0.0,0.0,0.0,0.0,35
2023-05-09 21:49:20,m2312-P-3350,m2312-P-3350,112.5,0.0,0.0,0.0,10,89.0,279.5,10,112.5,0.0,0.0,0.0,0.0,0.0,35
2023-05-09 21:49:22,m2312-P-3350,m2312-P-3350,112.5,0.0,0.0,0.0,10,89.0,279.0,1,112.5,0.0,0.0,0.0,0.0,0.0,35
2023-05-09 21:49:23,m2312-P-3350,m2312-P-3350,112.5,0.0,0.0,0.0,10,89.0,278.5,10,112.5,0.0,0.0,0.0,0.0,0.0,35
2023-05-09 21:49:25,m2312-P-3350,m2312-P-3350,112.5,0.0,0.0,0.0,10,89.0,278.0,1,112.5,0.0,0.0,0.0,0.0,0.0,35
2023-05-09 21:49:26,m2312-P-3350,m2312-P-3350,112.5,0.0,0.0,0.0,10,89.0,277.5,10,112.5,0.0,0.0,0.0,0.0,0.0,35
2023-05-09 21:49:28,m2312-P-3350,m2312-P-3350,112.5,0.0,0.0,0.0,10,89.0,277.0,1,112.5,0.0,0.0,0.0,0.0,0.0,35
2023-05-09 21:49:28,m2312-P-3350,m2312-P-3350,112.5,0.0,0.0,0.0,10,89.0,276.5,10,112.5,0.0,0.0,0.0,0.0,0.0,35
2023-05-09 21:49:31,m2312-P-3350,m2312-P-3350,112.5,0.0,0.0,0.0,10,89.0,276.0,1,112.5,0.0,0.0,0.0,0.0,0.0,35
2023-05-09 21:49:32,m2312-P-3350,m2312-P-3350,112.5,0.0,0.0,0.0,10,89.0,275.5,10,112.5,0.0,0.0,0.0,0.0,0.0,35
2023-05-09 21:49:35,m2312-P-3350,m2312-P-3350,112.5,0.0,0.0,0.0,10,89.0,275.0,1,112.5,0.0,0.0,0.0,0.0,0.0,35
2023-05-09 21:49:35,m2312-P-3350,m2312-P-3350,112.5,0.0,0.0,0.0,10,89.0,274.5,10,112.5,0.0,0.0,0.0,0.0,0.0,35
2023-05-09 21:49:38,m2312-P-3350,m2312-P-3350,112.5,0.0,0.0,0.0,10,89.0,274.0,1,112.5,0.0,0.0,0.0,0.0,0.0,35
2023-05-09 21:49:39,m2312-P-3350,m2312-P-3350,112.5,0.0,0.0,0.0,10,89.0,273.5,10,112.5,0.0,0.0,0.0,0.0,0.0,35
2023-05-09 21:49:42,m2312-P-3350,m2312-P-3350,112.5,0.0,0.0,0.0,10,89.0,273.0,1,112.5,0.0,0.0,0.0,0.0,0.0,35
2023-05-09 21:49:42,m2312-P-3350,m2312-P-3350,112.5,0.0,0.0,0.0,10,89.0,272.5,10,112.5,0.0,0.0,0.0,0.0,0.0,35
2023-05-09 22:57:33,m2312-P-3350,m2312-P-3350,112.5,0.0,0.0,0.0,1,50.0,0.0,0,112.5,0.0,0.0,0.0,0.0,0.0,35
2023-05-09 22:57:58,m2312-P-3350,m2312-P-3350,112.5,0.0,0.0,0.0,2,7.0,0.0,0,112.5,0.0,0.0,0.0,0.0,0.0,35
2023-05-09 22:58:21,m2312-P-3350,m2312-P-3350,112.5,0.0,0.0,0.0,10,7.5,0.0,0,112.5,0.0,0.0,0.0,0.0,0.0,35
2023-05-09 22:59:55,m2312-P-3350,m2312-P-3350,112.5,0.0,0.0,0.0,1,2.5,0.0,0,112.5,0.0,0.0,0.0,0.0,0.0,35
2023-05-10 09:00:02,m2312-P-3350,m2312-P-3350,112.5,0.0,0.0,0.0,10,3.0,0.0,0,112.5,0.0,0.0,0.0,0.0,0.0,35
2023-05-10 09:00:41,m2312-P-3350,m2312-P-3350,112.5,0.0,0.0,0.0,1,8.5,0.0,0,112.5,0.0,0.0,0.0,0.0,0.0,35
2023-05-10 09:00:41,m2312-P-3350,m2312-P-3350,112.5,0.0,0.0,0.0,10,9.0,0.0,0,112.5,0.0,0.0,0.0,0.0,0.0,35
2023-05-10 09:01:44,m2312-P-3350,m2312-P-3350,112.5,0.0,0.0,0.0,1,9.5,0.0,0,112.5,0.0,0.0,0.0,0.0,0.0,35
2023-05-10 09:01:44,m2312-P-3350,m2312-P-3350,112.5,0.0,0.0,0.0,10,10.0,0.0,0,112.5,0.0,0.0,0.0,0.0,0.0,35
2023-05-10 09:03:19,m2312-P-3350,m2312-P-3350,112.5,0.0,0.0,0.0,1,10.5,0.0,0,112.5,0.0,0.0,0.0,0.0,0.0,35
2023-05-10 09:03:19,m2312-P-3350,m2312-P-3350,112.5,0.0,0.0,0.0,10,11.0,0.0,0,112.5,0.0,0.0,0.0,0.0,0.0,35
2023-05-10 09:08:28,m2312-P-3350,m2312-P-3350,112.5,0.0,0.0,0.0,1,11.5,0.0,0,112.5,0.0,0.0,0.0,0.0,0.0,35
2023-05-10 09:08:28,m2312-P-3350,m2312-P-3350,112.5,0.0,0.0,0.0,10,12.0,0.0,0,112.5,0.0,0.0,0.0,0.0,0.0,35
2023-05-10 09:09:06,m2312-P-3350,m2312-P-3350,112.5,0.0,0.0,0.0,1,12.5,0.0,0,112.5,0.0,0.0,0.0,0.0,0.0,35
2023-05-10 09:09:06,m2312-P-3350,m2312-P-3350,112.5,0.0,0.0,0.0,10,13.0,0.0,0,112.5,0.0,0.0,0.0,0.0,0.0,35
2023-05-10 09:09:13,m2312-P-3350,m2312-P-3350,112.5,0.0,0.0,0.0,1,13.5,0.0,0,112.5,0.0,0.0,0.0,0.0,0.0,35
2023-05-10 09:09:13,m2312-P-3350,m2312-P-3350,112.5,0.0,0.0,0.0,10,14.0,0.0,0,112.5,0.0,0.0,0.0,0.0,0.0,35
2023-05-10 09:09:16,m2312-P-3350,m2312-P-3350,112.5,0.0,0.0,0.0,1,14.5,0.0,0,112.5,0.0,0.0,0.0,0.0,0.0,35
2023-05-10 09:09:16,m2312-P-3350,m2312-P-3350,112.5,0.0,0.0,0.0,10,15.0,0.0,0,112.5,0.0,0.0,0.0,0.0,0.0,35
2023-05-10 09:09:21,m2312-P-3350,m2312-P-3350,112.5,0.0,0.0,0.0,1,15.5,0.0,0,112.5,0.0,0.0,0.0,0.0,0.0,35
2023-05-10 09:09:21,m2312-P-3350,m2312-P-3350,112.5,0.0,0.0,0.0,10,16.0,0.0,0,112.5,0.0,0.0,0.0,0.0,0.0,35
2023-05-10 09:09:26,m2312-P-3350,m2312-P-3350,112.5,0.0,0.0,0.0,1,16.5,0.0,0,112.5,0.0,0.0,0.0,0.0,0.0,35
2023-05-10 09:09:26,m2312-P-3350,m2312-P-3350,112.5,0.0,0.0,0.0,10,17.0,0.0,0,112.5,0.0,0.0,0.0,0.0,0.0,35
2023-05-10 09:09:28,m2312-P-3350,m2312-P-3350,112.5,0.0,0.0,0.0,1,17.5,0.0,0,112.5,0.0,0.0,0.0,0.0,0.0,35
2023-05-10 09:09:28,m2312-P-3350,m2312-P-3350,112.5,0.0,0.0,0.0,10,18.0,0.0,0,112.5,0.0,0.0,0.0,0.0,0.0,35
2023-05-10 09:09:31,m2312-P-3350,m2312-P-3350,112.5,0.0,0.0,0.0,1,18.5,0.0,0,112.5,0.0,0.0,0.0,0.0,0.0,35
2023-05-10 09:09:31,m2312-P-3350,m2312-P-3350,112.5,0.0,0.0,0.0,10,19.0,0.0,0,112.5,0.0,0.0,0.0,0.0,0.0,35
2023-05-10 09:09:32,m2312-P-3350,m2312-P-3350,112.5,0.0,0.0,0.0,1,19.5,0.0,0,112.5,0.0,0.0,0.0,0.0,0.0,35
2023-05-10 09:09:32,m2312-P-3350,m2312-P-3350,112.5,0.0,0.0,0.0,10,20.0,0.0,0,112.5,0.0,0.0,0.0,0.0,0.0,35
2023-05-10 09:09:33,m2312-P-3350,m2312-P-3350,112.5,0.0,0.0,0.0,1,20.5,0.0,0,112.5,0.0,0.0,0.0,0.0,0.0,35
2023-05-10 09:09:33,m2312-P-3350,m2312-P-3350,112.5,0.0,0.0,0.0,10,21.0,0.0,0,112.5,0.0,0.0,0.0,0.0,0.0,35
2023-05-10 09:09:34,m2312-P-3350,m2312-P-3350,112.5,0.0,0.0,0.0,1,21.5,0.0,0,112.5,0.0,0.0,0.0,0.0,0.0,35
2023-05-10 09:09:34,m2312-P-3350,m2312-P-3350,112.5,0.0,0.0,0.0,10,22.0,0.0,0,112.5,0.0,0.0,0.0,0.0,0.0,35
2023-05-10 09:09:36,m2312-P-3350,m2312-P-3350,112.5,0.0,0.0,0.0,1,22.5,0.0,0,112.5,0.0,0.0,0.0,0.0,0.0,35
2023-05-10 09:09:36,m2312-P-3350,m2312-P-3350,112.5,0.0,0.0,0.0,10,23.0,0.0,0,112.5,0.0,0.0,0.0,0.0,0.0,35
2023-05-10 09:09:37,m2312-P-3350,m2312-P-3350,112.5,0.0,0.0,0.0,1,23.5,0.0,0,112.5,0.0,0.0,0.0,0.0,0.0,35
2023-05-10 09:09:37,m2312-P-3350,m2312-P-3350,112.5,0.0,0.0,0.0,10,24.0,0.0,0,112.5,0.0,0.0,0.0,0.0,0.0,35
2023-05-10 09:09:38,m2312-P-3350,m2312-P-3350,112.5,0.0,0.0,0.0,1,24.5,0.0,0,112.5,0.0,0.0,0.0,0.0,0.0,35
2023-05-10 09:09:38,m2312-P-3350,m2312-P-3350,112.5,0.0,0.0,0.0,10,25.0,0.0,0,112.5,0.0,0.0,0.0,0.0,0.0,35
2023-05-10 09:09:40,m2312-P-3350,m2312-P-3350,112.5,0.0,0.0,0.0,1,25.5,0.0,0,112.5,0.0,0.0,0.0,0.0,0.0,35
2023-05-10 09:09:40,m2312-P-3350,m2312-P-3350,112.5,0.0,0.0,0.0,10,26.0,0.0,0,112.5,0.0,0.0,0.0,0.0,0.0,35
2023-05-10 09:09:41,m2312-P-3350,m2312-P-3350,112.5,0.0,0.0,0.0,1,26.5,0.0,0,112.5,0.0,0.0,0.0,0.0,0.0,35
2023-05-10 09:09:41,m2312-P-3350,m2312-P-3350,112.5,0.0,0.0,0.0,10,27.0,0.0,0,112.5,0.0,0.0,0.0,0.0,0.0,35
2023-05-10 09:09:43,m2312-P-3350,m2312-P-3350,112.5,0.0,0.0,0.0,1,27.5,0.0,0,112.5,0.0,0.0,0.0,0.0,0.0,35
2023-05-10 09:09:43,m2312-P-3350,m2312-P-3350,112.5,0.0,0.0,0.0,10,28.0,0.0,0,112.5,0.0,0.0,0.0,0.0,0.0,35
2023-05-10 09:09:44,m2312-P-3350,m2312-P-3350,112.5,0.0,0.0,0.0,1,28.5,0.0,0,112.5,0.0,0.0,0.0,0.0,0.0,35
2023-05-10 09:09:44,m2312-P-3350,m2312-P-3350,112.5,0.0,0.0,0.0,10,29.0,0.0,0,112.5,0.0,0.0,0.0,0.0,0.0,35
2023-05-10 09:09:45,m2312-P-3350,m2312-P-3350,112.5,0.0,0.0,0.0,1,29.5,0.0,0,112.5,0.0,0.0,0.0,0.0,0.0,35
2023-05-10 09:09:45,m2312-P-3350,m2312-P-3350,112.5,0.0,0.0,0.0,10,30.0,0.0,0,112.5,0.0,0.0,0.0,0.0,0.0,35
2023-05-10 09:09:46,m2312-P-3350,m2312-P-3350,112.5,0.0,0.0,0.0,1,30.5,0.0,0,112.5,0.0,0.0,0.0,0.0,0.0,35
2023-05-10 09:09:46,m2312-P-3350,m2312-P-3350,112.5,0.0,0.0,0.0,10,31.0,0.0,0,112.5,0.0,0.0,0.0,0.0,0.0,35
2023-05-10 09:09:48,m2312-P-3350,m2312-P-3350,112.5,0.0,0.0,0.0,1,31.5,0.0,0,112.5,0.0,0.0,0.0,0.0,0.0,35
2023-05-10 09:09:48,m2312-P-3350,m2312-P-3350,112.5,0.0,0.0,0.0,10,32.0,0.0,0,112.5,0.0,0.0,0.0,0.0,0.0,35
2023-05-10 09:09:49,m2312-P-3350,m2312-P-3350,112.5,0.0,0.0,0.0,1,32.5,0.0,0,112.5,0.0,0.0,0.0,0.0,0.0,35
2023-05-10 09:09:49,m2312-P-3350,m2312-P-3350,112.5,0.0,0.0,0.0,10,33.0,0.0,0,112.5,0.0,0.0,0.0,0.0,0.0,35
2023-05-10 09:09:50,m2312-P-3350,m2312-P-3350,112.5,0.0,0.0,0.0,1,33.5,0.0,0,112.5,0.0,0.0,0.0,0.0,0.0,35
2023-05-10 09:09:50,m2312-P-3350,m2312-P-3350,112.5,0.0,0.0,0.0,10,34.0,0.0,0,112.5,0.0,0.0,0.0,0.0,0.0,35
2023-05-10 09:09:51,m2312-P-3350,m2312-P-3350,112.5,0.0,0.0,0.0,1,34.5,0.0,0,112.5,0.0,0.0,0.0,0.0,0.0,35
2023-05-10 09:09:51,m2312-P-3350,m2312-P-3350,112.5,0.0,0.0,0.0,10,35.0,0.0,0,112.5,0.0,0.0,0.0,0.0,0.0,35
2023-05-10 09:09:53,m2312-P-3350,m2312-P-3350,112.5,0.0,0.0,0.0,1,35.5,0.0,0,112.5,0.0,0.0,0.0,0.0,0.0,35
2023-05-10 09:09:53,m2312-P-3350,m2312-P-3350,112.5,0.0,0.0,0.0,10,36.0,0.0,0,112.5,0.0,0.0,0.0,0.0,0.0,35
2023-05-10 09:09:54,m2312-P-3350,m2312-P-3350,112.5,0.0,0.0,0.0,1,36.5,0.0,0,112.5,0.0,0.0,0.0,0.0,0.0,35
2023-05-10 09:09:54,m2312-P-3350,m2312-P-3350,112.5,0.0,0.0,0.0,10,37.0,0.0,0,112.5,0.0,0.0,0.0,0.0,0.0,35
2023-05-10 09:09:55,m2312-P-3350,m2312-P-3350,112.5,0.0,0.0,0.0,1,37.5,0.0,0,112.5,0.0,0.0,0.0,0.0,0.0,35
2023-05-10 09:09:55,m2312-P-3350,m2312-P-3350,112.5,0.0,0.0,0.0,10,38.0,0.0,0,112.5,0.0,0.0,0.0,0.0,0.0,35
2023-05-10 09:09:56,m2312-P-3350,m2312-P-3350,112.5,0.0,0.0,0.0,1,38.5,0.0,0,112.5,0.0,0.0,0.0,0.0,0.0,35
2023-05-10 09:09:56,m2312-P-3350,m2312-P-3350,112.5,0.0,0.0,0.0,10,39.0,0.0,0,112.5,0.0,0.0,0.0,0.0,0.0,35
2023-05-10 09:09:57,m2312-P-3350,m2312-P-3350,112.5,0.0,0.0,0.0,1,39.5,0.0,0,112.5,0.0,0.0,0.0,0.0,0.0,35
2023-05-10 09:09:57,m2312-P-3350,m2312-P-3350,112.5,0.0,0.0,0.0,10,40.0,0.0,0,112.5,0.0,0.0,0.0,0.0,0.0,35
2023-05-10 09:09:58,m2312-P-3350,m2312-P-3350,112.5,0.0,0.0,0.0,1,40.5,0.0,0,112.5,0.0,0.0,0.0,0.0,0.0,35
2023-05-10 09:09:58,m2312-P-3350,m2312-P-3350,112.5,0.0,0.0,0.0,10,41.0,0.0,0,112.5,0.0,0.0,0.0,0.0,0.0,35
2023-05-10 09:09:59,m2312-P-3350,m2312-P-3350,112.5,0.0,0.0,0.0,1,41.5,0.0,0,112.5,0.0,0.0,0.0,0.0,0.0,35
2023-05-10 09:09:59,m2312-P-3350,m2312-P-3350,112.5,0.0,0.0,0.0,10,42.0,0.0,0,112.5,0.0,0.0,0.0,0.0,0.0,35
2023-05-10 09:10:00,m2312-P-3350,m2312-P-3350,112.5,0.0,0.0,0.0,1,42.5,0.0,0,112.5,0.0,0.0,0.0,0.0,0.0,35
2023-05-10 09:10:00,m2312-P-3350,m2312-P-3350,112.5,0.0,0.0,0.0,10,43.0,0.0,0,112.5,0.0,0.0,0.0,0.0,0.0,35
2023-05-10 09:10:01,m2312-P-3350,m2312-P-3350,112.5,0.0,0.0,0.0,1,43.5,0.0,0,112.5,0.0,0.0,0.0,0.0,0.0,35
2023-05-10 09:10:01,m2312-P-3350,m2312-P-3350,112.5,0.0,0.0,0.0,10,44.0,0.0,0,112.5,0.0,0.0,0.0,0.0,0.0,35
2023-05-10 09:10:02,m2312-P-3350,m2312-P-3350,112.5,0.0,0.0,0.0,1,44.5,0.0,0,112.5,0.0,0.0,0.0,0.0,0.0,35
2023-05-10 09:10:02,m2312-P-3350,m2312-P-3350,112.5,0.0,0.0,0.0,10,45.0,0.0,0,112.5,0.0,0.0,0.0,0.0,0.0,35
2023-05-10 09:10:03,m2312-P-3350,m2312-P-3350,112.5,0.0,0.0,0.0,1,45.5,0.0,0,112.5,0.0,0.0,0.0,0.0,0.0,35
2023-05-10 09:10:03,m2312-P-3350,m2312-P-3350,112.5,0.0,0.0,0.0,10,46.0,0.0,0,112.5,0.0,0.0,0.0,0.0,0.0,35
2023-05-10 09:10:05,m2312-P-3350,m2312-P-3350,112.5,0.0,0.0,0.0,1,46.5,0.0,0,112.5,0.0,0.0,0.0,0.0,0.0,35
2023-05-10 09:10:05,m2312-P-3350,m2312-P-3350,112.5,0.0,0.0,0.0,10,47.0,0.0,0,112.5,0.0,0.0,0.0,0.0,0.0,35
2023-05-10 09:10:06,m2312-P-3350,m2312-P-3350,112.5,0.0,0.0,0.0,1,47.5,0.0,0,112.5,0.0,0.0,0.0,0.0,0.0,35
2023-05-10 09:10:06,m2312-P-3350,m2312-P-3350,112.5,0.0,0.0,0.0,10,48.0,0.0,0,112.5,0.0,0.0,0.0,0.0,0.0,35
2023-05-10 09:10:08,m2312-P-3350,m2312-P-3350,112.5,0.0,0.0,0.0,1,48.5,0.0,0,112.5,0.0,0.0,0.0,0.0,0.0,35
2023-05-10 09:10:08,m2312-P-3350,m2312-P-3350,112.5,0.0,0.0,0.0,10,49.0,0.0,0,112.5,0.0,0.0,0.0,0.0,0.0,35
2023-05-10 09:42:27,m2312-P-3350,m2312-P-3350,112.5,0.0,0.0,0.0,1,49.5,0.0,0,112.5,0.0,0.0,0.0,0.0,0.0,35
2023-05-10 09:42:27,m2312-P-3350,m2312-P-3350,112.5,0.0,0.0,0.0,10,50.0,0.0,0,112.5,0.0,0.0,0.0,0.0,0.0,35
2023-05-10 10:14:32,m2312-P-3350,m2312-P-3350,112.5,0.0,0.0,0.0,1,49.5,0.0,0,112.5,0.0,0.0,0.0,0.0,0.0,35
2023-05-10 10:30:23,m2312-P-3350,m2312-P-3350,112.5,0.0,0.0,0.0,10,50.0,0.0,0,112.5,0.0,0.0,0.0,0.0,0.0,35
2023-05-10 11:17:02,m2312-P-3350,m2312-P-3350,112.5,0.0,0.0,0.0,10,50.0,320.5,10,112.5,0.0,0.0,0.0,0.0,0.0,35
2023-05-10 11:17:03,m2312-P-3350,m2312-P-3350,112.5,0.0,0.0,0.0,10,50.0,320.0,1,112.5,0.0,0.0,0.0,0.0,0.0,35
2023-05-10 11:17:03,m2312-P-3350,m2312-P-3350,112.5,0.0,0.0,0.0,10,50.0,319.5,10,112.5,0.0,0.0,0.0,0.0,0.0,35
2023-05-10 11:17:04,m2312-P-3350,m2312-P-3350,112.5,0.0,0.0,0.0,10,50.0,319.0,1,112.5,0.0,0.0,0.0,0.0,0.0,35
2023-05-10 11:17:04,m2312-P-3350,m2312-P-3350,112.5,0.0,0.0,0.0,10,50.0,318.5,10,112.5,0.0,0.0,0.0,0.0,0.0,35
2023-05-10 11:17:06,m2312-P-3350,m2312-P-3350,112.5,0.0,0.0,0.0,10,50.0,318.0,1,112.5,0.0,0.0,0.0,0.0,0.0,35
2023-05-10 11:17:06,m2312-P-3350,m2312-P-3350,112.5,0.0,0.0,0.0,10,50.0,317.5,10,112.5,0.0,0.0,0.0,0.0,0.0,35
2023-05-10 11:17:07,m2312-P-3350,m2312-P-3350,112.5,0.0,0.0,0.0,10,50.0,317.0,1,112.5,0.0,0.0,0.0,0.0,0.0,35
2023-05-10 11:17:07,m2312-P-3350,m2312-P-3350,112.5,0.0,0.0,0.0,10,50.0,316.5,10,112.5,0.0,0.0,0.0,0.0,0.0,35
2023-05-10 11:17:08,m2312-P-3350,m2312-P-3350,112.5,0.0,0.0,0.0,10,50.0,316.0,1,112.5,0.0,0.0,0.0,0.0,0.0,35
2023-05-10 11:17:09,m2312-P-3350,m2312-P-3350,112.5,0.0,0.0,0.0,10,50.0,315.5,10,112.5,0.0,0.0,0.0,0.0,0.0,35
2023-05-10 11:17:10,m2312-P-3350,m2312-P-3350,112.5,0.0,0.0,0.0,10,50.0,315.0,1,112.5,0.0,0.0,0.0,0.0,0.0,35
2023-05-10 11:17:10,m2312-P-3350,m2312-P-3350,112.5,0.0,0.0,0.0,10,50.0,314.5,10,112.5,0.0,0.0,0.0,0.0,0.0,35
2023-05-10 11:17:11,m2312-P-3350,m2312-P-3350,112.5,0.0,0.0,0.0,10,50.0,314.0,1,112.5,0.0,0.0,0.0,0.0,0.0,35
2023-05-10 11:17:11,m2312-P-3350,m2312-P-3350,112.5,0.0,0.0,0.0,10,50.0,313.5,10,112.5,0.0,0.0,0.0,0.0,0.0,35
2023-05-10 11:17:13,m2312-P-3350,m2312-P-3350,112.5,0.0,0.0,0.0,10,50.0,313.0,1,112.5,0.0,0.0,0.0,0.0,0.0,35
2023-05-10 11:17:13,m2312-P-3350,m2312-P-3350,112.5,0.0,0.0,0.0,10,50.0,312.5,10,112.5,0.0,0.0,0.0,0.0,0.0,35
2023-05-10 11:17:14,m2312-P-3350,m2312-P-3350,112.5,0.0,0.0,0.0,10,50.0,312.0,1,112.5,0.0,0.0,0.0,0.0,0.0,35
2023-05-10 11:17:14,m2312-P-3350,m2312-P-3350,112.5,0.0,0.0,0.0,10,50.0,311.5,10,112.5,0.0,0.0,0.0,0.0,0.0,35
2023-05-10 11:17:16,m2312-P-3350,m2312-P-3350,112.5,0.0,0.0,0.0,10,50.0,310.5,10,112.5,0.0,0.0,0.0,0.0,0.0,35
2023-05-10 11:17:17,m2312-P-3350,m2312-P-3350,112.5,0.0,0.0,0.0,10,50.0,309.5,10,112.5,0.0,0.0,0.0,0.0,0.0,35
2023-05-10 11:17:18,m2312-P-3350,m2312-P-3350,112.5,0.0,0.0,0.0,10,50.0,309.0,1,112.5,0.0,0.0,0.0,0.0,0.0,35
2023-05-10 11:17:18,m2312-P-3350,m2312-P-3350,112.5,0.0,0.0,0.0,10,50.0,308.5,10,112.5,0.0,0.0,0.0,0.0,0.0,35
2023-05-10 11:17:20,m2312-P-3350,m2312-P-3350,112.5,0.0,0.0,0.0,10,50.0,308.0,1,112.5,0.0,0.0,0.0,0.0,0.0,35
2023-05-10 11:17:20,m2312-P-3350,m2312-P-3350,112.5,0.0,0.0,0.0,10,50.0,307.5,10,112.5,0.0,0.0,0.0,0.0,0.0,35
2023-05-10 11:17:21,m2312-P-3350,m2312-P-3350,112.5,0.0,0.0,0.0,10,50.0,307.0,1,112.5,0.0,0.0,0.0,0.0,0.0,35
2023-05-10 11:17:21,m2312-P-3350,m2312-P-3350,112.5,0.0,0.0,0.0,10,50.0,306.5,10,112.5,0.0,0.0,0.0,0.0,0.0,35
2023-05-10 11:17:23,m2312-P-3350,m2312-P-3350,112.5,0.0,0.0,0.0,10,50.0,306.0,1,112.5,0.0,0.0,0.0,0.0,0.0,35
2023-05-10 11:17:23,m2312-P-3350,m2312-P-3350,112.5,0.0,0.0,0.0,10,50.0,305.5,10,112.5,0.0,0.0,0.0,0.0,0.0,35
2023-05-10 11:17:24,m2312-P-3350,m2312-P-3350,112.5,0.0,0.0,0.0,10,50.0,305.0,1,112.5,0.0,0.0,0.0,0.0,0.0,35
2023-05-10 11:17:24,m2312-P-3350,m2312-P-3350,112.5,0.0,0.0,0.0,10,50.0,304.5,10,112.5,0.0,0.0,0.0,0.0,0.0,35
2023-05-10 11:17:25,m2312-P-3350,m2312-P-3350,112.5,0.0,0.0,0.0,10,50.0,304.0,1,112.5,0.0,0.0,0.0,0.0,0.0,35
2023-05-10 11:17:25,m2312-P-3350,m2312-P-3350,112.5,0.0,0.0,0.0,10,50.0,303.5,10,112.5,0.0,0.0,0.0,0.0,0.0,35
2023-05-10 11:17:27,m2312-P-3350,m2312-P-3350,112.5,0.0,0.0,0.0,10,50.0,303.0,1,112.5,0.0,0.0,0.0,0.0,0.0,35
2023-05-10 11:17:27,m2312-P-3350,m2312-P-3350,112.5,0.0,0.0,0.0,10,50.0,302.5,10,112.5,0.0,0.0,0.0,0.0,0.0,35
2023-05-10 11:17:28,m2312-P-3350,m2312-P-3350,112.5,0.0,0.0,0.0,10,50.0,302.0,1,112.5,0.0,0.0,0.0,0.0,0.0,35
2023-05-10 11:17:28,m2312-P-3350,m2312-P-3350,112.5,0.0,0.0,0.0,10,50.0,301.5,10,112.5,0.0,0.0,0.0,0.0,0.0,35
2023-05-10 11:17:29,m2312-P-3350,m2312-P-3350,112.5,0.0,0.0,0.0,10,50.0,301.0,1,112.5,0.0,0.0,0.0,0.0,0.0,35
2023-05-10 11:17:30,m2312-P-3350,m2312-P-3350,112.5,0.0,0.0,0.0,10,50.0,300.5,10,112.5,0.0,0.0,0.0,0.0,0.0,35
2023-05-10 11:17:31,m2312-P-3350,m2312-P-3350,112.5,0.0,0.0,0.0,10,50.0,300.0,1,112.5,0.0,0.0,0.0,0.0,0.0,35
2023-05-10 11:17:31,m2312-P-3350,m2312-P-3350,112.5,0.0,0.0,0.0,10,50.0,299.5,10,112.5,0.0,0.0,0.0,0.0,0.0,35
2023-05-10 11:17:32,m2312-P-3350,m2312-P-3350,112.5,0.0,0.0,0.0,10,50.0,299.0,1,112.5,0.0,0.0,0.0,0.0,0.0,35
2023-05-10 11:17:32,m2312-P-3350,m2312-P-3350,112.5,0.0,0.0,0.0,10,50.0,298.5,10,112.5,0.0,0.0,0.0,0.0,0.0,35
2023-05-10 11:17:34,m2312-P-3350,m2312-P-3350,112.5,0.0,0.0,0.0,10,50.0,298.0,1,112.5,0.0,0.0,0.0,0.0,0.0,35
2023-05-10 11:17:34,m2312-P-3350,m2312-P-3350,112.5,0.0,0.0,0.0,10,50.0,297.5,10,112.5,0.0,0.0,0.0,0.0,0.0,35
2023-05-10 11:17:35,m2312-P-3350,m2312-P-3350,112.5,0.0,0.0,0.0,10,50.0,297.0,1,112.5,0.0,0.0,0.0,0.0,0.0,35
2023-05-10 11:17:35,m2312-P-3350,m2312-P-3350,112.5,0.0,0.0,0.0,10,50.0,296.5,10,112.5,0.0,0.0,0.0,0.0,0.0,35
2023-05-10 11:17:36,m2312-P-3350,m2312-P-3350,112.5,0.0,0.0,0.0,10,50.0,296.0,1,112.5,0.0,0.0,0.0,0.0,0.0,35
2023-05-10 11:17:37,m2312-P-3350,m2312-P-3350,112.5,0.0,0.0,0.0,10,50.0,295.5,10,112.5,0.0,0.0,0.0,0.0,0.0,35
2023-05-10 11:17:38,m2312-P-3350,m2312-P-3350,112.5,0.0,0.0,0.0,10,50.0,295.0,1,112.5,0.0,0.0,0.0,0.0,0.0,35
2023-05-10 11:17:38,m2312-P-3350,m2312-P-3350,112.5,0.0,0.0,0.0,10,50.0,294.5,10,112.5,0.0,0.0,0.0,0.0,0.0,35
2023-05-10 11:17:39,m2312-P-3350,m2312-P-3350,112.5,0.0,0.0,0.0,10,50.0,294.0,1,112.5,0.0,0.0,0.0,0.0,0.0,35
2023-05-10 11:17:39,m2312-P-3350,m2312-P-3350,112.5,0.0,0.0,0.0,10,50.0,293.5,10,112.5,0.0,0.0,0.0,0.0,0.0,35
2023-05-10 11:17:40,m2312-P-3350,m2312-P-3350,112.5,0.0,0.0,0.0,10,50.0,293.0,1,112.5,0.0,0.0,0.0,0.0,0.0,35
2023-05-10 11:17:41,m2312-P-3350,m2312-P-3350,112.5,0.0,0.0,0.0,10,50.0,292.5,10,112.5,0.0,0.0,0.0,0.0,0.0,35
2023-05-10 11:17:42,m2312-P-3350,m2312-P-3350,112.5,0.0,0.0,0.0,10,50.0,292.0,1,112.5,0.0,0.0,0.0,0.0,0.0,35
2023-05-10 11:17:42,m2312-P-3350,m2312-P-3350,112.5,0.0,0.0,0.0,10,50.0,291.5,10,112.5,0.0,0.0,0.0,0.0,0.0,35
2023-05-10 11:17:43,m2312-P-3350,m2312-P-3350,112.5,0.0,0.0,0.0,10,50.0,291.0,1,112.5,0.0,0.0,0.0,0.0,0.0,35
2023-05-10 11:17:43,m2312-P-3350,m2312-P-3350,112.5,0.0,0.0,0.0,10,50.0,290.5,10,112.5,0.0,0.0,0.0,0.0,0.0,35
2023-05-10 11:17:45,m2312-P-3350,m2312-P-3350,112.5,0.0,0.0,0.0,10,50.0,290.0,1,112.5,0.0,0.0,0.0,0.0,0.0,35
2023-05-10 11:17:45,m2312-P-3350,m2312-P-3350,112.5,0.0,0.0,0.0,10,50.0,289.5,10,112.5,0.0,0.0,0.0,0.0,0.0,35
2023-05-10 11:17:46,m2312-P-3350,m2312-P-3350,112.5,0.0,0.0,0.0,10,50.0,289.0,1,112.5,0.0,0.0,0.0,0.0,0.0,35
2023-05-10 11:17:46,m2312-P-3350,m2312-P-3350,112.5,0.0,0.0,0.0,10,50.0,288.5,10,112.5,0.0,0.0,0.0,0.0,0.0,35
2023-05-10 11:17:48,m2312-P-3350,m2312-P-3350,112.5,0.0,0.0,0.0,10,50.0,288.0,1,112.5,0.0,0.0,0.0,0.0,0.0,35
2023-05-10 11:17:48,m2312-P-3350,m2312-P-3350,112.5,0.0,0.0,0.0,10,50.0,287.5,10,112.5,0.0,0.0,0.0,0.0,0.0,35
2023-05-10 11:17:49,m2312-P-3350,m2312-P-3350,112.5,0.0,0.0,0.0,10,50.0,287.0,1,112.5,0.0,0.0,0.0,0.0,0.0,35
2023-05-10 11:17:49,m2312-P-3350,m2312-P-3350,112.5,0.0,0.0,0.0,10,50.0,286.5,10,112.5,0.0,0.0,0.0,0.0,0.0,35
2023-05-10 11:17:50,m2312-P-3350,m2312-P-3350,112.5,0.0,0.0,0.0,10,50.0,286.0,1,112.5,0.0,0.0,0.0,0.0,0.0,35
2023-05-10 11:17:50,m2312-P-3350,m2312-P-3350,112.5,0.0,0.0,0.0,10,50.0,285.5,10,112.5,0.0,0.0,0.0,0.0,0.0,35
2023-05-10 11:17:52,m2312-P-3350,m2312-P-3350,112.5,0.0,0.0,0.0,10,50.0,285.0,1,112.5,0.0,0.0,0.0,0.0,0.0,35
2023-05-10 11:17:52,m2312-P-3350,m2312-P-3350,112.5,0.0,0.0,0.0,10,50.0,284.5,10,112.5,0.0,0.0,0.0,0.0,0.0,35
2023-05-10 11:17:53,m2312-P-3350,m2312-P-3350,112.5,0.0,0.0,0.0,10,50.0,284.0,1,112.5,0.0,0.0,0.0,0.0,0.0,35
2023-05-10 11:17:53,m2312-P-3350,m2312-P-3350,112.5,0.0,0.0,0.0,10,50.0,283.5,10,112.5,0.0,0.0,0.0,0.0,0.0,35
2023-05-10 11:17:56,m2312-P-3350,m2312-P-3350,112.5,0.0,0.0,0.0,10,50.0,283.0,1,112.5,0.0,0.0,0.0,0.0,0.0,35
2023-05-10 11:17:56,m2312-P-3350,m2312-P-3350,112.5,0.0,0.0,0.0,10,50.0,282.5,10,112.5,0.0,0.0,0.0,0.0,0.0,35
2023-05-10 11:17:57,m2312-P-3350,m2312-P-3350,112.5,0.0,0.0,0.0,10,50.0,282.0,1,112.5,0.0,0.0,0.0,0.0,0.0,35
2023-05-10 11:17:57,m2312-P-3350,m2312-P-3350,112.5,0.0,0.0,0.0,10,50.0,281.5,10,112.5,0.0,0.0,0.0,0.0,0.0,35
2023-05-10 11:17:59,m2312-P-3350,m2312-P-3350,112.5,0.0,0.0,0.0,10,50.0,281.0,1,112.5,0.0,0.0,0.0,0.0,0.0,35
2023-05-10 11:17:59,m2312-P-3350,m2312-P-3350,112.5,0.0,0.0,0.0,10,50.0,280.5,10,112.5,0.0,0.0,0.0,0.0,0.0,35
2023-05-10 11:18:00,m2312-P-3350,m2312-P-3350,112.5,0.0,0.0,0.0,10,50.0,280.0,1,112.5,0.0,0.0,0.0,0.0,0.0,35
2023-05-10 11:18:00,m2312-P-3350,m2312-P-3350,112.5,0.0,0.0,0.0,10,50.0,279.5,10,112.5,0.0,0.0,0.0,0.0,0.0,35
2023-05-10 11:18:01,m2312-P-3350,m2312-P-3350,112.5,0.0,0.0,0.0,10,50.0,279.0,1,112.5,0.0,0.0,0.0,0.0,0.0,35
2023-05-10 11:18:02,m2312-P-3350,m2312-P-3350,112.5,0.0,0.0,0.0,10,50.0,278.5,10,112.5,0.0,0.0,0.0,0.0,0.0,35
2023-05-10 11:18:03,m2312-P-3350,m2312-P-3350,112.5,0.0,0.0,0.0,10,50.0,278.0,1,112.5,0.0,0.0,0.0,0.0,0.0,35
2023-05-10 11:18:03,m2312-P-3350,m2312-P-3350,112.5,0.0,0.0,0.0,10,50.0,277.5,10,112.5,0.0,0.0,0.0,0.0,0.0,35
2023-05-10 11:18:04,m2312-P-3350,m2312-P-3350,112.5,0.0,0.0,0.0,10,50.0,277.0,1,112.5,0.0,0.0,0.0,0.0,0.0,35
2023-05-10 11:18:05,m2312-P-3350,m2312-P-3350,112.5,0.0,0.0,0.0,10,50.0,276.5,10,112.5,0.0,0.0,0.0,0.0,0.0,35
2023-05-10 11:18:06,m2312-P-3350,m2312-P-3350,112.5,0.0,0.0,0.0,10,50.0,276.0,1,112.5,0.0,0.0,0.0,0.0,0.0,35
2023-05-10 11:18:07,m2312-P-3350,m2312-P-3350,112.5,0.0,0.0,0.0,10,50.0,275.5,10,112.5,0.0,0.0,0.0,0.0,0.0,35
2023-05-10 11:18:08,m2312-P-3350,m2312-P-3350,112.5,0.0,0.0,0.0,10,50.0,275.0,1,112.5,0.0,0.0,0.0,0.0,0.0,35
2023-05-10 11:18:08,m2312-P-3350,m2312-P-3350,112.5,0.0,0.0,0.0,10,50.0,274.5,10,112.5,0.0,0.0,0.0,0.0,0.0,35
2023-05-10 11:18:10,m2312-P-3350,m2312-P-3350,112.5,0.0,0.0,0.0,10,50.0,274.0,1,112.5,0.0,0.0,0.0,0.0,0.0,35
2023-05-10 11:18:11,m2312-P-3350,m2312-P-3350,112.5,0.0,0.0,0.0,10,50.0,273.5,10,112.5,0.0,0.0,0.0,0.0,0.0,35
2023-05-10 11:18:12,m2312-P-3350,m2312-P-3350,112.5,0.0,0.0,0.0,10,50.0,273.0,1,112.5,0.0,0.0,0.0,0.0,0.0,35
2023-05-10 11:18:12,m2312-P-3350,m2312-P-3350,112.5,0.0,0.0,0.0,10,50.0,272.5,10,112.5,0.0,0.0,0.0,0.0,0.0,35
2023-05-10 11:25:57,m2312-P-3350,m2312-P-3350,112.5,0.0,0.0,0.0,1,50.5,272.5,10,112.5,0.0,0.0,0.0,0.0,0.0,35
2023-05-10 11:25:57,m2312-P-3350,m2312-P-3350,112.5,0.0,0.0,0.0,10,51.0,272.5,10,112.5,0.0,0.0,0.0,0.0,0.0,35
2023-05-10 11:29:33,m2312-P-3350,m2312-P-3350,112.5,0.0,0.0,0.0,1,8.5,0.0,0,112.5,0.0,0.0,0.0,0.0,0.0,35
2023-05-10 13:30:02,m2312-P-3350,m2312-P-3350,112.5,0.0,0.0,0.0,10,9.0,0.0,0,112.5,0.0,0.0,0.0,0.0,0.0,35
2023-05-10 13:31:02,m2312-P-3350,m2312-P-3350,112.5,0.0,0.0,0.0,1,9.5,0.0,0,112.5,0.0,0.0,0.0,0.0,0.0,35
2023-05-10 13:31:02,m2312-P-3350,m2312-P-3350,112.5,0.0,0.0,0.0,10,10.0,0.0,0,112.5,0.0,0.0,0.0,0.0,0.0,35
2023-05-10 13:32:54,m2312-P-3350,m2312-P-3350,112.5,0.0,0.0,0.0,1,10.5,0.0,0,112.5,0.0,0.0,0.0,0.0,0.0,35
2023-05-10 13:32:54,m2312-P-3350,m2312-P-3350,112.5,0.0,0.0,0.0,10,11.0,0.0,0,112.5,0.0,0.0,0.0,0.0,0.0,35
2023-05-10 13:44:26,m2312-P-3350,m2312-P-3350,112.5,0.0,0.0,0.0,1,11.5,0.0,0,112.5,0.0,0.0,0.0,0.0,0.0,35
2023-05-10 13:44:26,m2312-P-3350,m2312-P-3350,112.5,0.0,0.0,0.0,10,12.0,0.0,0,112.5,0.0,0.0,0.0,0.0,0.0,35
2023-05-10 13:44:30,m2312-P-3350,m2312-P-3350,112.5,0.0,0.0,0.0,1,12.5,0.0,0,112.5,0.0,0.0,0.0,0.0,0.0,35
2023-05-10 13:44:30,m2312-P-3350,m2312-P-3350,112.5,0.0,0.0,0.0,10,13.0,0.0,0,112.5,0.0,0.0,0.0,0.0,0.0,35
2023-05-10 13:44:33,m2312-P-3350,m2312-P-3350,112.5,0.0,0.0,0.0,1,13.5,0.0,0,112.5,0.0,0.0,0.0,0.0,0.0,35
2023-05-10 13:44:33,m2312-P-3350,m2312-P-3350,112.5,0.0,0.0,0.0,10,14.0,0.0,0,112.5,0.0,0.0,0.0,0.0,0.0,35
2023-05-10 13:44:36,m2312-P-3350,m2312-P-3350,112.5,0.0,0.0,0.0,1,14.5,0.0,0,112.5,0.0,0.0,0.0,0.0,0.0,35
2023-05-10 13:44:36,m2312-P-3350,m2312-P-3350,112.5,0.0,0.0,0.0,10,15.0,0.0,0,112.5,0.0,0.0,0.0,0.0,0.0,35
2023-05-10 13:44:37,m2312-P-3350,m2312-P-3350,112.5,0.0,0.0,0.0,1,15.5,0.0,0,112.5,0.0,0.0,0.0,0.0,0.0,35
2023-05-10 13:44:37,m2312-P-3350,m2312-P-3350,112.5,0.0,0.0,0.0,10,16.0,0.0,0,112.5,0.0,0.0,0.0,0.0,0.0,35
2023-05-10 13:44:43,m2312-P-3350,m2312-P-3350,112.5,0.0,0.0,0.0,1,16.5,0.0,0,112.5,0.0,0.0,0.0,0.0,0.0,35
2023-05-10 13:44:43,m2312-P-3350,m2312-P-3350,112.5,0.0,0.0,0.0,10,17.0,0.0,0,112.5,0.0,0.0,0.0,0.0,0.0,35
2023-05-10 13:44:45,m2312-P-3350,m2312-P-3350,112.5,0.0,0.0,0.0,1,17.5,0.0,0,112.5,0.0,0.0,0.0,0.0,0.0,35
2023-05-10 13:44:45,m2312-P-3350,m2312-P-3350,112.5,0.0,0.0,0.0,10,18.0,0.0,0,112.5,0.0,0.0,0.0,0.0,0.0,35
2023-05-10 13:44:46,m2312-P-3350,m2312-P-3350,112.5,0.0,0.0,0.0,1,18.5,0.0,0,112.5,0.0,0.0,0.0,0.0,0.0,35
2023-05-10 13:44:46,m2312-P-3350,m2312-P-3350,112.5,0.0,0.0,0.0,10,19.0,0.0,0,112.5,0.0,0.0,0.0,0.0,0.0,35
2023-05-10 13:44:47,m2312-P-3350,m2312-P-3350,112.5,0.0,0.0,0.0,1,19.5,0.0,0,112.5,0.0,0.0,0.0,0.0,0.0,35
2023-05-10 13:44:47,m2312-P-3350,m2312-P-3350,112.5,0.0,0.0,0.0,10,20.0,0.0,0,112.5,0.0,0.0,0.0,0.0,0.0,35
2023-05-10 13:44:49,m2312-P-3350,m2312-P-3350,112.5,0.0,0.0,0.0,1,20.5,0.0,0,112.5,0.0,0.0,0.0,0.0,0.0,35
2023-05-10 13:44:49,m2312-P-3350,m2312-P-3350,112.5,0.0,0.0,0.0,10,21.0,0.0,0,112.5,0.0,0.0,0.0,0.0,0.0,35
2023-05-10 13:44:50,m2312-P-3350,m2312-P-3350,112.5,0.0,0.0,0.0,1,21.5,0.0,0,112.5,0.0,0.0,0.0,0.0,0.0,35
2023-05-10 13:44:50,m2312-P-3350,m2312-P-3350,112.5,0.0,0.0,0.0,10,22.0,0.0,0,112.5,0.0,0.0,0.0,0.0,0.0,35
2023-05-10 13:44:52,m2312-P-3350,m2312-P-3350,112.5,0.0,0.0,0.0,1,22.5,0.0,0,112.5,0.0,0.0,0.0,0.0,0.0,35
2023-05-10 13:44:52,m2312-P-3350,m2312-P-3350,112.5,0.0,0.0,0.0,10,23.0,0.0,0,112.5,0.0,0.0,0.0,0.0,0.0,35
2023-05-10 13:44:53,m2312-P-3350,m2312-P-3350,112.5,0.0,0.0,0.0,1,23.5,0.0,0,112.5,0.0,0.0,0.0,0.0,0.0,35
2023-05-10 13:44:53,m2312-P-3350,m2312-P-3350,112.5,0.0,0.0,0.0,10,24.0,0.0,0,112.5,0.0,0.0,0.0,0.0,0.0,35
2023-05-10 13:44:54,m2312-P-3350,m2312-P-3350,112.5,0.0,0.0,0.0,1,24.5,0.0,0,112.5,0.0,0.0,0.0,0.0,0.0,35
2023-05-10 13:44:54,m2312-P-3350,m2312-P-3350,112.5,0.0,0.0,0.0,10,25.0,0.0,0,112.5,0.0,0.0,0.0,0.0,0.0,35
2023-05-10 13:44:56,m2312-P-3350,m2312-P-3350,112.5,0.0,0.0,0.0,1,25.5,0.0,0,112.5,0.0,0.0,0.0,0.0,0.0,35
2023-05-10 13:44:56,m2312-P-3350,m2312-P-3350,112.5,0.0,0.0,0.0,10,26.0,0.0,0,112.5,0.0,0.0,0.0,0.0,0.0,35
2023-05-10 13:44:57,m2312-P-3350,m2312-P-3350,112.5,0.0,0.0,0.0,1,26.5,0.0,0,112.5,0.0,0.0,0.0,0.0,0.0,35
2023-05-10 13:44:57,m2312-P-3350,m2312-P-3350,112.5,0.0,0.0,0.0,10,27.0,0.0,0,112.5,0.0,0.0,0.0,0.0,0.0,35
2023-05-10 13:44:58,m2312-P-3350,m2312-P-3350,112.5,0.0,0.0,0.0,1,27.5,0.0,0,112.5,0.0,0.0,0.0,0.0,0.0,35
2023-05-10 13:44:58,m2312-P-3350,m2312-P-3350,112.5,0.0,0.0,0.0,10,28.0,0.0,0,112.5,0.0,0.0,0.0,0.0,0.0,35
2023-05-10 13:45:00,m2312-P-3350,m2312-P-3350,112.5,0.0,0.0,0.0,1,28.5,0.0,0,112.5,0.0,0.0,0.0,0.0,0.0,35
2023-05-10 13:45:00,m2312-P-3350,m2312-P-3350,112.5,0.0,0.0,0.0,10,29.0,0.0,0,112.5,0.0,0.0,0.0,0.0,0.0,35
2023-05-10 13:45:01,m2312-P-3350,m2312-P-3350,112.5,0.0,0.0,0.0,1,29.5,0.0,0,112.5,0.0,0.0,0.0,0.0,0.0,35
2023-05-10 13:45:01,m2312-P-3350,m2312-P-3350,112.5,0.0,0.0,0.0,10,30.0,0.0,0,112.5,0.0,0.0,0.0,0.0,0.0,35
2023-05-10 13:45:02,m2312-P-3350,m2312-P-3350,112.5,0.0,0.0,0.0,1,30.5,0.0,0,112.5,0.0,0.0,0.0,0.0,0.0,35
2023-05-10 13:45:02,m2312-P-3350,m2312-P-3350,112.5,0.0,0.0,0.0,10,31.0,0.0,0,112.5,0.0,0.0,0.0,0.0,0.0,35
2023-05-10 13:45:03,m2312-P-3350,m2312-P-3350,112.5,0.0,0.0,0.0,1,31.5,0.0,0,112.5,0.0,0.0,0.0,0.0,0.0,35
2023-05-10 13:45:03,m2312-P-3350,m2312-P-3350,112.5,0.0,0.0,0.0,10,32.0,0.0,0,112.5,0.0,0.0,0.0,0.0,0.0,35
2023-05-10 13:45:05,m2312-P-3350,m2312-P-3350,112.5,0.0,0.0,0.0,1,32.5,0.0,0,112.5,0.0,0.0,0.0,0.0,0.0,35
2023-05-10 13:45:05,m2312-P-3350,m2312-P-3350,112.5,0.0,0.0,0.0,10,33.0,0.0,0,112.5,0.0,0.0,0.0,0.0,0.0,35
2023-05-10 13:45:06,m2312-P-3350,m2312-P-3350,112.5,0.0,0.0,0.0,1,33.5,0.0,0,112.5,0.0,0.0,0.0,0.0,0.0,35
2023-05-10 13:45:06,m2312-P-3350,m2312-P-3350,112.5,0.0,0.0,0.0,10,34.0,0.0,0,112.5,0.0,0.0,0.0,0.0,0.0,35
2023-05-10 13:45:07,m2312-P-3350,m2312-P-3350,112.5,0.0,0.0,0.0,1,34.5,0.0,0,112.5,0.0,0.0,0.0,0.0,0.0,35
2023-05-10 13:45:07,m2312-P-3350,m2312-P-3350,112.5,0.0,0.0,0.0,10,35.0,0.0,0,112.5,0.0,0.0,0.0,0.0,0.0,35
2023-05-10 13:45:09,m2312-P-3350,m2312-P-3350,112.5,0.0,0.0,0.0,1,35.5,0.0,0,112.5,0.0,0.0,0.0,0.0,0.0,35
2023-05-10 13:45:09,m2312-P-3350,m2312-P-3350,112.5,0.0,0.0,0.0,10,36.0,0.0,0,112.5,0.0,0.0,0.0,0.0,0.0,35
2023-05-10 13:45:10,m2312-P-3350,m2312-P-3350,112.5,0.0,0.0,0.0,1,36.5,0.0,0,112.5,0.0,0.0,0.0,0.0,0.0,35
2023-05-10 13:45:10,m2312-P-3350,m2312-P-3350,112.5,0.0,0.0,0.0,10,37.0,0.0,0,112.5,0.0,0.0,0.0,0.0,0.0,35
2023-05-10 13:45:11,m2312-P-3350,m2312-P-3350,112.5,0.0,0.0,0.0,1,37.5,0.0,0,112.5,0.0,0.0,0.0,0.0,0.0,35
2023-05-10 13:45:11,m2312-P-3350,m2312-P-3350,112.5,0.0,0.0,0.0,10,38.0,0.0,0,112.5,0.0,0.0,0.0,0.0,0.0,35
2023-05-10 13:45:12,m2312-P-3350,m2312-P-3350,112.5,0.0,0.0,0.0,1,38.5,0.0,0,112.5,0.0,0.0,0.0,0.0,0.0,35
2023-05-10 13:45:12,m2312-P-3350,m2312-P-3350,112.5,0.0,0.0,0.0,10,39.0,0.0,0,112.5,0.0,0.0,0.0,0.0,0.0,35
2023-05-10 14:01:30,m2312-P-3350,m2312-P-3350,112.5,0.0,0.0,0.0,1,39.5,0.0,0,112.5,0.0,0.0,0.0,0.0,0.0,35
2023-05-10 14:01:30,m2312-P-3350,m2312-P-3350,112.5,0.0,0.0,0.0,11,40.0,0.0,0,112.5,0.0,0.0,0.0,0.0,0.0,35
2023-05-10 14:05:00,m2312-P-3350,m2312-P-3350,112.5,0.0,0.0,0.0,11,40.0,321.0,1,112.5,0.0,0.0,0.0,0.0,0.0,35
2023-05-10 14:05:00,m2312-P-3350,m2312-P-3350,112.5,0.0,0.0,0.0,11,40.0,320.5,10,112.5,0.0,0.0,0.0,0.0,0.0,35
2023-05-10 14:05:01,m2312-P-3350,m2312-P-3350,112.5,0.0,0.0,0.0,11,40.0,320.0,1,112.5,0.0,0.0,0.0,0.0,0.0,35
2023-05-10 14:05:01,m2312-P-3350,m2312-P-3350,112.5,0.0,0.0,0.0,11,40.0,319.5,10,112.5,0.0,0.0,0.0,0.0,0.0,35
2023-05-10 14:05:03,m2312-P-3350,m2312-P-3350,112.5,0.0,0.0,0.0,11,40.0,319.0,1,112.5,0.0,0.0,0.0,0.0,0.0,35
2023-05-10 14:05:03,m2312-P-3350,m2312-P-3350,112.5,0.0,0.0,0.0,11,40.0,318.5,10,112.5,0.0,0.0,0.0,0.0,0.0,35
2023-05-10 14:05:04,m2312-P-3350,m2312-P-3350,112.5,0.0,0.0,0.0,11,40.0,318.0,1,112.5,0.0,0.0,0.0,0.0,0.0,35
2023-05-10 14:05:04,m2312-P-3350,m2312-P-3350,112.5,0.0,0.0,0.0,11,40.0,317.5,10,112.5,0.0,0.0,0.0,0.0,0.0,35
2023-05-10 14:05:06,m2312-P-3350,m2312-P-3350,112.5,0.0,0.0,0.0,11,40.0,317.0,1,112.5,0.0,0.0,0.0,0.0,0.0,35
2023-05-10 14:05:06,m2312-P-3350,m2312-P-3350,112.5,0.0,0.0,0.0,11,40.0,316.5,10,112.5,0.0,0.0,0.0,0.0,0.0,35
2023-05-10 14:05:07,m2312-P-3350,m2312-P-3350,112.5,0.0,0.0,0.0,11,40.0,316.0,1,112.5,0.0,0.0,0.0,0.0,0.0,35
2023-05-10 14:05:07,m2312-P-3350,m2312-P-3350,112.5,0.0,0.0,0.0,11,40.0,315.5,10,112.5,0.0,0.0,0.0,0.0,0.0,35
2023-05-10 14:05:09,m2312-P-3350,m2312-P-3350,112.5,0.0,0.0,0.0,11,40.0,315.0,1,112.5,0.0,0.0,0.0,0.0,0.0,35
2023-05-10 14:05:10,m2312-P-3350,m2312-P-3350,112.5,0.0,0.0,0.0,11,40.0,314.5,10,112.5,0.0,0.0,0.0,0.0,0.0,35
2023-05-10 14:05:11,m2312-P-3350,m2312-P-3350,112.5,0.0,0.0,0.0,11,40.0,314.0,1,112.5,0.0,0.0,0.0,0.0,0.0,35
2023-05-10 14:05:11,m2312-P-3350,m2312-P-3350,112.5,0.0,0.0,0.0,11,40.0,313.5,10,112.5,0.0,0.0,0.0,0.0,0.0,35
2023-05-10 14:05:12,m2312-P-3350,m2312-P-3350,112.5,0.0,0.0,0.0,11,40.0,313.0,1,112.5,0.0,0.0,0.0,0.0,0.0,35
2023-05-10 14:05:12,m2312-P-3350,m2312-P-3350,112.5,0.0,0.0,0.0,11,40.0,312.5,10,112.5,0.0,0.0,0.0,0.0,0.0,35
2023-05-10 14:05:14,m2312-P-3350,m2312-P-3350,112.5,0.0,0.0,0.0,11,40.0,312.0,1,112.5,0.0,0.0,0.0,0.0,0.0,35
2023-05-10 14:05:14,m2312-P-3350,m2312-P-3350,112.5,0.0,0.0,0.0,11,40.0,311.5,10,112.5,0.0,0.0,0.0,0.0,0.0,35
2023-05-10 14:05:15,m2312-P-3350,m2312-P-3350,112.5,0.0,0.0,0.0,11,40.0,311.0,1,112.5,0.0,0.0,0.0,0.0,0.0,35
2023-05-10 14:05:15,m2312-P-3350,m2312-P-3350,112.5,0.0,0.0,0.0,11,40.0,310.5,10,112.5,0.0,0.0,0.0,0.0,0.0,35
2023-05-10 14:05:17,m2312-P-3350,m2312-P-3350,112.5,0.0,0.0,0.0,11,40.0,310.0,1,112.5,0.0,0.0,0.0,0.0,0.0,35
2023-05-10 14:05:17,m2312-P-3350,m2312-P-3350,112.5,0.0,0.0,0.0,11,40.0,309.5,10,112.5,0.0,0.0,0.0,0.0,0.0,35
2023-05-10 14:05:18,m2312-P-3350,m2312-P-3350,112.5,0.0,0.0,0.0,11,40.0,309.0,1,112.5,0.0,0.0,0.0,0.0,0.0,35
2023-05-10 14:05:18,m2312-P-3350,m2312-P-3350,112.5,0.0,0.0,0.0,11,40.0,308.5,10,112.5,0.0,0.0,0.0,0.0,0.0,35
2023-05-10 14:05:20,m2312-P-3350,m2312-P-3350,112.5,0.0,0.0,0.0,11,40.0,308.0,1,112.5,0.0,0.0,0.0,0.0,0.0,35
2023-05-10 14:05:20,m2312-P-3350,m2312-P-3350,112.5,0.0,0.0,0.0,11,40.0,307.5,10,112.5,0.0,0.0,0.0,0.0,0.0,35
2023-05-10 14:05:21,m2312-P-3350,m2312-P-3350,112.5,0.0,0.0,0.0,11,40.0,307.0,1,112.5,0.0,0.0,0.0,0.0,0.0,35
2023-05-10 14:05:21,m2312-P-3350,m2312-P-3350,112.5,0.0,0.0,0.0,11,40.0,306.5,10,112.5,0.0,0.0,0.0,0.0,0.0,35
2023-05-10 14:05:23,m2312-P-3350,m2312-P-3350,112.5,0.0,0.0,0.0,11,40.0,306.0,1,112.5,0.0,0.0,0.0,0.0,0.0,35
2023-05-10 14:05:23,m2312-P-3350,m2312-P-3350,112.5,0.0,0.0,0.0,11,40.0,305.5,10,112.5,0.0,0.0,0.0,0.0,0.0,35
2023-05-10 14:05:24,m2312-P-3350,m2312-P-3350,112.5,0.0,0.0,0.0,11,40.0,305.0,1,112.5,0.0,0.0,0.0,0.0,0.0,35
2023-05-10 14:05:24,m2312-P-3350,m2312-P-3350,112.5,0.0,0.0,0.0,11,40.0,304.5,10,112.5,0.0,0.0,0.0,0.0,0.0,35
2023-05-10 14:05:26,m2312-P-3350,m2312-P-3350,112.5,0.0,0.0,0.0,11,40.0,304.0,1,112.5,0.0,0.0,0.0,0.0,0.0,35
2023-05-10 14:05:26,m2312-P-3350,m2312-P-3350,112.5,0.0,0.0,0.0,11,40.0,303.5,10,112.5,0.0,0.0,0.0,0.0,0.0,35
2023-05-10 14:05:27,m2312-P-3350,m2312-P-3350,112.5,0.0,0.0,0.0,11,40.0,303.0,1,112.5,0.0,0.0,0.0,0.0,0.0,35
2023-05-10 14:05:27,m2312-P-3350,m2312-P-3350,112.5,0.0,0.0,0.0,11,40.0,302.5,10,112.5,0.0,0.0,0.0,0.0,0.0,35
2023-05-10 14:05:29,m2312-P-3350,m2312-P-3350,112.5,0.0,0.0,0.0,11,40.0,302.0,1,112.5,0.0,0.0,0.0,0.0,0.0,35
2023-05-10 14:05:29,m2312-P-3350,m2312-P-3350,112.5,0.0,0.0,0.0,11,40.0,301.5,10,112.5,0.0,0.0,0.0,0.0,0.0,35
2023-05-10 14:05:30,m2312-P-3350,m2312-P-3350,112.5,0.0,0.0,0.0,11,40.0,301.0,1,112.5,0.0,0.0,0.0,0.0,0.0,35
2023-05-10 14:05:31,m2312-P-3350,m2312-P-3350,112.5,0.0,0.0,0.0,11,40.0,300.5,10,112.5,0.0,0.0,0.0,0.0,0.0,35
2023-05-10 14:05:32,m2312-P-3350,m2312-P-3350,112.5,0.0,0.0,0.0,11,40.0,300.0,1,112.5,0.0,0.0,0.0,0.0,0.0,35
2023-05-10 14:05:32,m2312-P-3350,m2312-P-3350,112.5,0.0,0.0,0.0,11,40.0,299.5,10,112.5,0.0,0.0,0.0,0.0,0.0,35
2023-05-10 14:05:33,m2312-P-3350,m2312-P-3350,112.5,0.0,0.0,0.0,11,40.0,299.0,1,112.5,0.0,0.0,0.0,0.0,0.0,35
2023-05-10 14:05:33,m2312-P-3350,m2312-P-3350,112.5,0.0,0.0,0.0,11,40.0,298.5,10,112.5,0.0,0.0,0.0,0.0,0.0,35
2023-05-10 14:05:35,m2312-P-3350,m2312-P-3350,112.5,0.0,0.0,0.0,11,40.0,298.0,1,112.5,0.0,0.0,0.0,0.0,0.0,35
2023-05-10 14:05:35,m2312-P-3350,m2312-P-3350,112.5,0.0,0.0,0.0,11,40.0,297.5,10,112.5,0.0,0.0,0.0,0.0,0.0,35
2023-05-10 14:05:36,m2312-P-3350,m2312-P-3350,112.5,0.0,0.0,0.0,11,40.0,297.0,1,112.5,0.0,0.0,0.0,0.0,0.0,35
2023-05-10 14:05:36,m2312-P-3350,m2312-P-3350,112.5,0.0,0.0,0.0,11,40.0,296.5,10,112.5,0.0,0.0,0.0,0.0,0.0,35
2023-05-10 14:05:38,m2312-P-3350,m2312-P-3350,112.5,0.0,0.0,0.0,11,40.0,296.0,1,112.5,0.0,0.0,0.0,0.0,0.0,35
2023-05-10 14:05:38,m2312-P-3350,m2312-P-3350,112.5,0.0,0.0,0.0,11,40.0,295.5,10,112.5,0.0,0.0,0.0,0.0,0.0,35
2023-05-10 14:05:40,m2312-P-3350,m2312-P-3350,112.5,0.0,0.0,0.0,11,40.0,295.0,1,112.5,0.0,0.0,0.0,0.0,0.0,35
2023-05-10 14:05:40,m2312-P-3350,m2312-P-3350,112.5,0.0,0.0,0.0,11,40.0,294.5,10,112.5,0.0,0.0,0.0,0.0,0.0,35
2023-05-10 14:05:41,m2312-P-3350,m2312-P-3350,112.5,0.0,0.0,0.0,11,40.0,294.0,1,112.5,0.0,0.0,0.0,0.0,0.0,35
2023-05-10 14:05:41,m2312-P-3350,m2312-P-3350,112.5,0.0,0.0,0.0,11,40.0,293.5,10,112.5,0.0,0.0,0.0,0.0,0.0,35
2023-05-10 14:05:43,m2312-P-3350,m2312-P-3350,112.5,0.0,0.0,0.0,11,40.0,293.0,1,112.5,0.0,0.0,0.0,0.0,0.0,35
2023-05-10 14:05:44,m2312-P-3350,m2312-P-3350,112.5,0.0,0.0,0.0,11,40.0,292.5,10,112.5,0.0,0.0,0.0,0.0,0.0,35
2023-05-10 14:05:45,m2312-P-3350,m2312-P-3350,112.5,0.0,0.0,0.0,11,40.0,292.0,1,112.5,0.0,0.0,0.0,0.0,0.0,35
2023-05-10 14:05:45,m2312-P-3350,m2312-P-3350,112.5,0.0,0.0,0.0,11,40.0,291.5,10,112.5,0.0,0.0,0.0,0.0,0.0,35
2023-05-10 14:05:46,m2312-P-3350,m2312-P-3350,112.5,0.0,0.0,0.0,11,40.0,291.0,1,112.5,0.0,0.0,0.0,0.0,0.0,35
2023-05-10 14:05:46,m2312-P-3350,m2312-P-3350,112.5,0.0,0.0,0.0,11,40.0,290.5,10,112.5,0.0,0.0,0.0,0.0,0.0,35
2023-05-10 14:05:47,m2312-P-3350,m2312-P-3350,112.5,0.0,0.0,0.0,11,40.0,290.0,1,112.5,0.0,0.0,0.0,0.0,0.0,35
2023-05-10 14:05:47,m2312-P-3350,m2312-P-3350,112.5,0.0,0.0,0.0,11,40.0,289.5,10,112.5,0.0,0.0,0.0,0.0,0.0,35
2023-05-10 14:05:49,m2312-P-3350,m2312-P-3350,112.5,0.0,0.0,0.0,11,40.0,289.0,1,112.5,0.0,0.0,0.0,0.0,0.0,35
2023-05-10 14:05:50,m2312-P-3350,m2312-P-3350,112.5,0.0,0.0,0.0,11,40.0,288.5,10,112.5,0.0,0.0,0.0,0.0,0.0,35
2023-05-10 14:05:51,m2312-P-3350,m2312-P-3350,112.5,0.0,0.0,0.0,11,40.0,288.0,1,112.5,0.0,0.0,0.0,0.0,0.0,35
2023-05-10 14:05:51,m2312-P-3350,m2312-P-3350,112.5,0.0,0.0,0.0,11,40.0,287.5,10,112.5,0.0,0.0,0.0,0.0,0.0,35
2023-05-10 14:05:52,m2312-P-3350,m2312-P-3350,112.5,0.0,0.0,0.0,11,40.0,287.0,1,112.5,0.0,0.0,0.0,0.0,0.0,35
2023-05-10 14:05:52,m2312-P-3350,m2312-P-3350,112.5,0.0,0.0,0.0,11,40.0,286.5,10,112.5,0.0,0.0,0.0,0.0,0.0,35
2023-05-10 14:05:54,m2312-P-3350,m2312-P-3350,112.5,0.0,0.0,0.0,11,40.0,286.0,1,112.5,0.0,0.0,0.0,0.0,0.0,35
2023-05-10 14:05:54,m2312-P-3350,m2312-P-3350,112.5,0.0,0.0,0.0,11,40.0,285.5,10,112.5,0.0,0.0,0.0,0.0,0.0,35
2023-05-10 14:05:55,m2312-P-3350,m2312-P-3350,112.5,0.0,0.0,0.0,11,40.0,285.0,1,112.5,0.0,0.0,0.0,0.0,0.0,35
2023-05-10 14:05:55,m2312-P-3350,m2312-P-3350,112.5,0.0,0.0,0.0,11,40.0,284.5,10,112.5,0.0,0.0,0.0,0.0,0.0,35
2023-05-10 14:05:56,m2312-P-3350,m2312-P-3350,112.5,0.0,0.0,0.0,11,40.0,284.0,1,112.5,0.0,0.0,0.0,0.0,0.0,35
2023-05-10 14:05:57,m2312-P-3350,m2312-P-3350,112.5,0.0,0.0,0.0,11,40.0,283.5,10,112.5,0.0,0.0,0.0,0.0,0.0,35
2023-05-10 14:05:58,m2312-P-3350,m2312-P-3350,112.5,0.0,0.0,0.0,11,40.0,283.0,1,112.5,0.0,0.0,0.0,0.0,0.0,35
2023-05-10 14:05:58,m2312-P-3350,m2312-P-3350,112.5,0.0,0.0,0.0,11,40.0,282.5,10,112.5,0.0,0.0,0.0,0.0,0.0,35
2023-05-10 14:05:59,m2312-P-3350,m2312-P-3350,112.5,0.0,0.0,0.0,11,40.0,282.0,1,112.5,0.0,0.0,0.0,0.0,0.0,35
2023-05-10 14:05:59,m2312-P-3350,m2312-P-3350,112.5,0.0,0.0,0.0,11,40.0,281.5,10,112.5,0.0,0.0,0.0,0.0,0.0,35
2023-05-10 14:06:01,m2312-P-3350,m2312-P-3350,112.5,0.0,0.0,0.0,11,40.0,281.0,1,112.5,0.0,0.0,0.0,0.0,0.0,35
2023-05-10 14:06:02,m2312-P-3350,m2312-P-3350,112.5,0.0,0.0,0.0,11,40.0,280.5,10,112.5,0.0,0.0,0.0,0.0,0.0,35
2023-05-10 14:06:03,m2312-P-3350,m2312-P-3350,112.5,0.0,0.0,0.0,11,40.0,280.0,1,112.5,0.0,0.0,0.0,0.0,0.0,35
2023-05-10 14:06:03,m2312-P-3350,m2312-P-3350,112.5,0.0,0.0,0.0,11,40.0,279.5,10,112.5,0.0,0.0,0.0,0.0,0.0,35
2023-05-10 14:06:04,m2312-P-3350,m2312-P-3350,112.5,0.0,0.0,0.0,11,40.0,279.0,1,112.5,0.0,0.0,0.0,0.0,0.0,35
2023-05-10 14:06:04,m2312-P-3350,m2312-P-3350,112.5,0.0,0.0,0.0,11,40.0,278.5,10,112.5,0.0,0.0,0.0,0.0,0.0,35
2023-05-10 14:06:05,m2312-P-3350,m2312-P-3350,112.5,0.0,0.0,0.0,11,40.0,278.0,1,112.5,0.0,0.0,0.0,0.0,0.0,35
2023-05-10 14:06:06,m2312-P-3350,m2312-P-3350,112.5,0.0,0.0,0.0,11,40.0,277.5,10,112.5,0.0,0.0,0.0,0.0,0.0,35
2023-05-10 14:06:07,m2312-P-3350,m2312-P-3350,112.5,0.0,0.0,0.0,11,40.0,277.0,1,112.5,0.0,0.0,0.0,0.0,0.0,35
2023-05-10 14:06:07,m2312-P-3350,m2312-P-3350,112.5,0.0,0.0,0.0,11,40.0,276.5,10,112.5,0.0,0.0,0.0,0.0,0.0,35
2023-05-10 14:06:08,m2312-P-3350,m2312-P-3350,112.5,0.0,0.0,0.0,11,40.0,276.0,1,112.5,0.0,0.0,0.0,0.0,0.0,35
2023-05-10 14:06:08,m2312-P-3350,m2312-P-3350,112.5,0.0,0.0,0.0,11,40.0,275.5,10,112.5,0.0,0.0,0.0,0.0,0.0,35
2023-05-10 14:06:09,m2312-P-3350,m2312-P-3350,112.5,0.0,0.0,0.0,11,40.0,275.0,1,112.5,0.0,0.0,0.0,0.0,0.0,35
2023-05-10 14:06:09,m2312-P-3350,m2312-P-3350,112.5,0.0,0.0,0.0,11,40.0,274.5,10,112.5,0.0,0.0,0.0,0.0,0.0,35
2023-05-10 14:06:11,m2312-P-3350,m2312-P-3350,112.5,0.0,0.0,0.0,11,40.0,274.0,1,112.5,0.0,0.0,0.0,0.0,0.0,35
2023-05-10 14:06:11,m2312-P-3350,m2312-P-3350,112.5,0.0,0.0,0.0,11,40.0,273.5,10,112.5,0.0,0.0,0.0,0.0,0.0,35
2023-05-10 14:06:12,m2312-P-3350,m2312-P-3350,112.5,0.0,0.0,0.0,11,40.0,273.0,1,112.5,0.0,0.0,0.0,0.0,0.0,35
2023-05-10 14:06:12,m2312-P-3350,m2312-P-3350,112.5,0.0,0.0,0.0,11,40.0,272.5,10,112.5,0.0,0.0,0.0,0.0,0.0,35
2023-05-10 14:43:44,m2312-P-3350,m2312-P-3350,112.5,0.0,0.0,0.0,1,40.5,272.5,10,112.5,0.0,0.0,0.0,0.0,0.0,35
2023-05-10 14:43:44,m2312-P-3350,m2312-P-3350,112.5,0.0,0.0,0.0,10,41.0,272.5,10,112.5,0.0,0.0,0.0,0.0,0.0,35
2023-05-10 14:43:45,m2312-P-3350,m2312-P-3350,112.5,0.0,0.0,0.0,1,41.5,272.5,10,112.5,0.0,0.0,0.0,0.0,0.0,35
2023-05-10 14:43:45,m2312-P-3350,m2312-P-3350,112.5,0.0,0.0,0.0,10,42.0,272.5,10,112.5,0.0,0.0,0.0,0.0,0.0,35
2023-05-10 14:43:46,m2312-P-3350,m2312-P-3350,112.5,0.0,0.0,0.0,1,42.5,272.5,10,112.5,0.0,0.0,0.0,0.0,0.0,35
2023-05-10 14:43:46,m2312-P-3350,m2312-P-3350,112.5,0.0,0.0,0.0,10,43.0,272.5,10,112.5,0.0,0.0,0.0,0.0,0.0,35
2023-05-10 14:43:47,m2312-P-3350,m2312-P-3350,112.5,0.0,0.0,0.0,1,43.5,272.5,10,112.5,0.0,0.0,0.0,0.0,0.0,35
2023-05-10 14:43:47,m2312-P-3350,m2312-P-3350,112.5,0.0,0.0,0.0,10,44.0,272.5,10,112.5,0.0,0.0,0.0,0.0,0.0,35
2023-05-10 14:43:48,m2312-P-3350,m2312-P-3350,112.5,0.0,0.0,0.0,1,44.5,272.5,10,112.5,0.0,0.0,0.0,0.0,0.0,35
2023-05-10 14:43:48,m2312-P-3350,m2312-P-3350,112.5,0.0,0.0,0.0,10,45.0,272.5,10,112.5,0.0,0.0,0.0,0.0,0.0,35
2023-05-10 14:43:49,m2312-P-3350,m2312-P-3350,112.5,0.0,0.0,0.0,1,45.5,272.5,10,112.5,0.0,0.0,0.0,0.0,0.0,35
2023-05-10 14:43:49,m2312-P-3350,m2312-P-3350,112.5,0.0,0.0,0.0,10,46.0,272.5,10,112.5,0.0,0.0,0.0,0.0,0.0,35
2023-05-10 14:43:50,m2312-P-3350,m2312-P-3350,112.5,0.0,0.0,0.0,1,46.5,272.5,10,112.5,0.0,0.0,0.0,0.0,0.0,35
2023-05-10 14:43:50,m2312-P-3350,m2312-P-3350,112.5,0.0,0.0,0.0,10,47.0,272.5,10,112.5,0.0,0.0,0.0,0.0,0.0,35
2023-05-10 14:43:51,m2312-P-3350,m2312-P-3350,112.5,0.0,0.0,0.0,1,47.5,272.5,10,112.5,0.0,0.0,0.0,0.0,0.0,35
2023-05-10 14:43:51,m2312-P-3350,m2312-P-3350,112.5,0.0,0.0,0.0,10,48.0,272.5,10,112.5,0.0,0.0,0.0,0.0,0.0,35
2023-05-10 14:43:52,m2312-P-3350,m2312-P-3350,112.5,0.0,0.0,0.0,1,48.5,272.5,10,112.5,0.0,0.0,0.0,0.0,0.0,35
2023-05-10 14:43:52,m2312-P-3350,m2312-P-3350,112.5,0.0,0.0,0.0,10,49.0,272.5,10,112.5,0.0,0.0,0.0,0.0,0.0,35
2023-05-10 14:45:03,m2312-P-3350,m2312-P-3350,112.5,0.0,0.0,0.0,5,115.0,128.5,5,112.5,0.0,0.0,0.0,0.0,0.0,35
2023-05-10 14:45:04,m2312-P-3350,m2312-P-3350,112.5,0.0,0.0,0.0,10,115.0,128.5,10,112.5,0.0,0.0,0.0,0.0,0.0,35
2023-05-10 14:45:08,m2312-P-3350,m2312-P-3350,112.5,0.0,0.0,0.0,10,115.0,125.0,5,112.5,0.0,0.0,0.0,0.0,0.0,35
2023-05-10 14:45:10,m2312-P-3350,m2312-P-3350,112.5,0.0,0.0,0.0,15,115.0,117.0,5,112.5,0.0,0.0,0.0,0.0,0.0,35
2023-05-10 14:45:15,m2312-P-3350,m2312-P-3350,112.5,0.0,0.0,0.0,10,115.0,117.0,5,112.5,0.0,0.0,0.0,0.0,0.0,35
2023-05-10 14:45:16,m2312-P-3350,m2312-P-3350,112.5,0.0,0.0,0.0,5,115.0,117.0,5,112.5,0.0,0.0,0.0,0.0,0.0,35
2023-05-10 14:45:21,m2312-P-3350,m2312-P-3350,112.5,0.0,0.0,0.0,5,112.0,117.0,5,112.5,0.0,0.0,0.0,0.0,0.0,35
2023-05-10 14:45:21,m2312-P-3350,m2312-P-3350,112.5,0.0,0.0,0.0,5,112.0,118.5,5,112.5,0.0,0.0,0.0,0.0,0.0,35
2023-05-10 14:45:23,m2312-P-3350,m2312-P-3350,112.5,0.0,0.0,0.0,5,109.5,118.5,5,112.5,0.0,0.0,0.0,0.0,0.0,35
2023-05-10 14:45:25,m2312-P-3350,m2312-P-3350,112.5,0.0,0.0,0.0,5,109.5,122.5,5,112.5,0.0,0.0,0.0,0.0,0.0,35
2023-05-10 14:45:29,m2312-P-3350,m2312-P-3350,112.5,0.0,0.0,0.0,10,41.0,0.0,0,112.5,0.0,0.0,0.0,0.0,0.0,35
2023-05-10 14:45:30,m2312-P-3350,m2312-P-3350,112.5,0.0,0.0,0.0,1,49.0,0.0,0,112.5,0.0,0.0,0.0,0.0,0.0,35
2023-05-10 14:45:30,m2312-P-3350,m2312-P-3350,112.5,0.0,0.0,0.0,10,49.5,0.0,0,112.5,0.0,0.0,0.0,0.0,0.0,35
2023-05-10 14:59:02,m2312-P-3350,m2312-P-3350,112.5,0.0,0.0,0.0,1,40.5,0.0,0,112.5,0.0,0.0,0.0,0.0,0.0,35
2023-05-10 14:59:06,m2312-P-3350,m2312-P-3350,112.5,0.0,0.0,0.0,1,41.0,0.0,0,112.5,0.0,0.0,0.0,0.0,0.0,35
2023-05-10 15:01:15,m2312-P-3350,m2312-P-3350,112.5,0.0,0.0,0.0,1,41.0,0.0,0,112.5,0.0,0.0,0.0,0.0,0.0,35
