time,symbol_id,symbol_name,last,trade_volume,trade_amount,open_interest_change,bv1,bp1,ap1,av1,yesterday_close,today_open,today_high,today_low,volume,amount,open_interest
2023-05-09 20:55:34,m2312-C-4150,m2312-C-4150,18.5,0.0,0.0,0.0,1,0.5,0.0,0,18.5,0.0,0.0,0.0,0.0,0.0,37
2023-05-09 21:05:53,m2312-C-4150,m2312-C-4150,18.5,0.0,0.0,0.0,1,1.5,0.0,0,18.5,0.0,0.0,0.0,0.0,0.0,37
2023-05-09 21:23:02,m2312-C-4150,m2312-C-4150,18.5,0.0,0.0,0.0,1,1.5,226.5,10,18.5,0.0,0.0,0.0,0.0,0.0,37
2023-05-09 21:23:06,m2312-C-4150,m2312-C-4150,18.5,0.0,0.0,0.0,1,1.5,226.0,1,18.5,0.0,0.0,0.0,0.0,0.0,37
2023-05-09 21:23:06,m2312-C-4150,m2312-C-4150,18.5,0.0,0.0,0.0,1,1.5,225.5,10,18.5,0.0,0.0,0.0,0.0,0.0,37
2023-05-09 21:23:18,m2312-C-4150,m2312-C-4150,18.5,0.0,0.0,0.0,1,1.5,225.0,1,18.5,0.0,0.0,0.0,0.0,0.0,37
2023-05-09 21:23:19,m2312-C-4150,m2312-C-4150,18.5,0.0,0.0,0.0,1,1.5,224.5,10,18.5,0.0,0.0,0.0,0.0,0.0,37
2023-05-09 21:23:23,m2312-C-4150,m2312-C-4150,18.5,0.0,0.0,0.0,1,1.5,224.0,1,18.5,0.0,0.0,0.0,0.0,0.0,37
2023-05-09 21:23:23,m2312-C-4150,m2312-C-4150,18.5,0.0,0.0,0.0,1,1.5,223.5,10,18.5,0.0,0.0,0.0,0.0,0.0,37
2023-05-09 21:23:34,m2312-C-4150,m2312-C-4150,18.5,0.0,0.0,0.0,1,1.5,223.0,1,18.5,0.0,0.0,0.0,0.0,0.0,37
2023-05-09 21:23:34,m2312-C-4150,m2312-C-4150,18.5,0.0,0.0,0.0,1,1.5,222.5,10,18.5,0.0,0.0,0.0,0.0,0.0,37
2023-05-09 21:24:16,m2312-C-4150,m2312-C-4150,18.5,0.0,0.0,0.0,1,1.5,222.0,1,18.5,0.0,0.0,0.0,0.0,0.0,37
2023-05-09 21:24:17,m2312-C-4150,m2312-C-4150,18.5,0.0,0.0,0.0,1,1.5,221.5,10,18.5,0.0,0.0,0.0,0.0,0.0,37
2023-05-09 21:24:22,m2312-C-4150,m2312-C-4150,18.5,0.0,0.0,0.0,1,1.5,221.0,1,18.5,0.0,0.0,0.0,0.0,0.0,37
2023-05-09 21:24:22,m2312-C-4150,m2312-C-4150,18.5,0.0,0.0,0.0,1,1.5,220.5,10,18.5,0.0,0.0,0.0,0.0,0.0,37
2023-05-09 21:24:32,m2312-C-4150,m2312-C-4150,18.5,0.0,0.0,0.0,1,1.5,220.0,1,18.5,0.0,0.0,0.0,0.0,0.0,37
2023-05-09 21:24:32,m2312-C-4150,m2312-C-4150,18.5,0.0,0.0,0.0,1,1.5,219.5,10,18.5,0.0,0.0,0.0,0.0,0.0,37
2023-05-09 21:24:49,m2312-C-4150,m2312-C-4150,18.5,0.0,0.0,0.0,1,1.5,219.0,1,18.5,0.0,0.0,0.0,0.0,0.0,37
2023-05-09 21:24:49,m2312-C-4150,m2312-C-4150,18.5,0.0,0.0,0.0,1,1.5,218.5,10,18.5,0.0,0.0,0.0,0.0,0.0,37
2023-05-09 21:25:10,m2312-C-4150,m2312-C-4150,18.5,0.0,0.0,0.0,1,1.5,218.0,1,18.5,0.0,0.0,0.0,0.0,0.0,37
2023-05-09 21:25:10,m2312-C-4150,m2312-C-4150,18.5,0.0,0.0,0.0,1,1.5,217.5,10,18.5,0.0,0.0,0.0,0.0,0.0,37
2023-05-09 21:25:14,m2312-C-4150,m2312-C-4150,18.5,0.0,0.0,0.0,1,1.5,217.0,1,18.5,0.0,0.0,0.0,0.0,0.0,37
2023-05-09 21:25:14,m2312-C-4150,m2312-C-4150,18.5,0.0,0.0,0.0,1,1.5,216.5,10,18.5,0.0,0.0,0.0,0.0,0.0,37
2023-05-09 21:25:26,m2312-C-4150,m2312-C-4150,18.5,0.0,0.0,0.0,1,1.5,216.0,1,18.5,0.0,0.0,0.0,0.0,0.0,37
2023-05-09 21:25:26,m2312-C-4150,m2312-C-4150,18.5,0.0,0.0,0.0,1,1.5,215.5,10,18.5,0.0,0.0,0.0,0.0,0.0,37
2023-05-09 21:25:44,m2312-C-4150,m2312-C-4150,18.5,0.0,0.0,0.0,1,1.5,215.0,1,18.5,0.0,0.0,0.0,0.0,0.0,37
2023-05-09 21:25:44,m2312-C-4150,m2312-C-4150,18.5,0.0,0.0,0.0,1,1.5,214.5,10,18.5,0.0,0.0,0.0,0.0,0.0,37
2023-05-09 21:25:51,m2312-C-4150,m2312-C-4150,18.5,0.0,0.0,0.0,1,1.5,214.0,1,18.5,0.0,0.0,0.0,0.0,0.0,37
2023-05-09 21:25:51,m2312-C-4150,m2312-C-4150,18.5,0.0,0.0,0.0,1,1.5,213.5,10,18.5,0.0,0.0,0.0,0.0,0.0,37
2023-05-09 21:25:54,m2312-C-4150,m2312-C-4150,18.5,0.0,0.0,0.0,1,1.5,213.0,1,18.5,0.0,0.0,0.0,0.0,0.0,37
2023-05-09 21:25:55,m2312-C-4150,m2312-C-4150,18.5,0.0,0.0,0.0,1,1.5,212.5,10,18.5,0.0,0.0,0.0,0.0,0.0,37
2023-05-09 21:26:00,m2312-C-4150,m2312-C-4150,18.5,0.0,0.0,0.0,1,1.5,212.0,1,18.5,0.0,0.0,0.0,0.0,0.0,37
2023-05-09 21:26:00,m2312-C-4150,m2312-C-4150,18.5,0.0,0.0,0.0,1,1.5,211.5,10,18.5,0.0,0.0,0.0,0.0,0.0,37
2023-05-09 21:26:12,m2312-C-4150,m2312-C-4150,18.5,0.0,0.0,0.0,1,1.5,211.0,1,18.5,0.0,0.0,0.0,0.0,0.0,37
2023-05-09 21:26:12,m2312-C-4150,m2312-C-4150,18.5,0.0,0.0,0.0,1,1.5,210.5,10,18.5,0.0,0.0,0.0,0.0,0.0,37
2023-05-09 21:26:16,m2312-C-4150,m2312-C-4150,18.5,0.0,0.0,0.0,1,1.5,210.0,1,18.5,0.0,0.0,0.0,0.0,0.0,37
2023-05-09 21:26:16,m2312-C-4150,m2312-C-4150,18.5,0.0,0.0,0.0,1,1.5,209.5,10,18.5,0.0,0.0,0.0,0.0,0.0,37
2023-05-09 21:26:28,m2312-C-4150,m2312-C-4150,18.5,0.0,0.0,0.0,1,1.5,209.0,1,18.5,0.0,0.0,0.0,0.0,0.0,37
2023-05-09 21:26:29,m2312-C-4150,m2312-C-4150,18.5,0.0,0.0,0.0,1,1.5,208.5,10,18.5,0.0,0.0,0.0,0.0,0.0,37
2023-05-09 21:26:42,m2312-C-4150,m2312-C-4150,18.5,0.0,0.0,0.0,1,1.5,208.0,1,18.5,0.0,0.0,0.0,0.0,0.0,37
2023-05-09 21:26:43,m2312-C-4150,m2312-C-4150,18.5,0.0,0.0,0.0,1,1.5,207.5,10,18.5,0.0,0.0,0.0,0.0,0.0,37
2023-05-09 21:27:03,m2312-C-4150,m2312-C-4150,18.5,0.0,0.0,0.0,1,1.5,207.0,1,18.5,0.0,0.0,0.0,0.0,0.0,37
2023-05-09 21:27:04,m2312-C-4150,m2312-C-4150,18.5,0.0,0.0,0.0,1,1.5,206.5,10,18.5,0.0,0.0,0.0,0.0,0.0,37
2023-05-09 21:27:11,m2312-C-4150,m2312-C-4150,18.5,0.0,0.0,0.0,1,1.5,206.0,1,18.5,0.0,0.0,0.0,0.0,0.0,37
2023-05-09 21:27:11,m2312-C-4150,m2312-C-4150,18.5,0.0,0.0,0.0,1,1.5,205.5,10,18.5,0.0,0.0,0.0,0.0,0.0,37
2023-05-09 21:27:16,m2312-C-4150,m2312-C-4150,18.5,0.0,0.0,0.0,1,1.5,205.0,1,18.5,0.0,0.0,0.0,0.0,0.0,37
2023-05-09 21:27:16,m2312-C-4150,m2312-C-4150,18.5,0.0,0.0,0.0,1,1.5,204.5,10,18.5,0.0,0.0,0.0,0.0,0.0,37
2023-05-09 21:27:24,m2312-C-4150,m2312-C-4150,18.5,0.0,0.0,0.0,1,1.5,204.0,1,18.5,0.0,0.0,0.0,0.0,0.0,37
2023-05-09 21:27:25,m2312-C-4150,m2312-C-4150,18.5,0.0,0.0,0.0,1,1.5,203.5,10,18.5,0.0,0.0,0.0,0.0,0.0,37
2023-05-09 21:27:30,m2312-C-4150,m2312-C-4150,18.5,0.0,0.0,0.0,1,1.5,203.0,1,18.5,0.0,0.0,0.0,0.0,0.0,37
2023-05-09 21:27:30,m2312-C-4150,m2312-C-4150,18.5,0.0,0.0,0.0,1,1.5,202.5,10,18.5,0.0,0.0,0.0,0.0,0.0,37
2023-05-09 21:28:16,m2312-C-4150,m2312-C-4150,18.5,0.0,0.0,0.0,1,1.5,202.0,1,18.5,0.0,0.0,0.0,0.0,0.0,37
2023-05-09 21:28:16,m2312-C-4150,m2312-C-4150,18.5,0.0,0.0,0.0,1,1.5,201.5,10,18.5,0.0,0.0,0.0,0.0,0.0,37
2023-05-09 21:28:27,m2312-C-4150,m2312-C-4150,18.5,0.0,0.0,0.0,1,1.5,201.0,1,18.5,0.0,0.0,0.0,0.0,0.0,37
2023-05-09 21:28:27,m2312-C-4150,m2312-C-4150,18.5,0.0,0.0,0.0,1,1.5,200.5,10,18.5,0.0,0.0,0.0,0.0,0.0,37
2023-05-09 21:28:38,m2312-C-4150,m2312-C-4150,18.5,0.0,0.0,0.0,1,1.5,200.0,1,18.5,0.0,0.0,0.0,0.0,0.0,37
2023-05-09 21:28:38,m2312-C-4150,m2312-C-4150,18.5,0.0,0.0,0.0,1,1.5,199.5,10,18.5,0.0,0.0,0.0,0.0,0.0,37
2023-05-09 21:28:43,m2312-C-4150,m2312-C-4150,18.5,0.0,0.0,0.0,1,1.5,199.0,1,18.5,0.0,0.0,0.0,0.0,0.0,37
2023-05-09 21:28:43,m2312-C-4150,m2312-C-4150,18.5,0.0,0.0,0.0,1,1.5,198.5,10,18.5,0.0,0.0,0.0,0.0,0.0,37
2023-05-09 21:28:55,m2312-C-4150,m2312-C-4150,18.5,0.0,0.0,0.0,1,1.5,198.0,1,18.5,0.0,0.0,0.0,0.0,0.0,37
2023-05-09 21:28:55,m2312-C-4150,m2312-C-4150,18.5,0.0,0.0,0.0,1,1.5,197.5,10,18.5,0.0,0.0,0.0,0.0,0.0,37
2023-05-09 21:29:01,m2312-C-4150,m2312-C-4150,18.5,0.0,0.0,0.0,1,1.5,197.0,1,18.5,0.0,0.0,0.0,0.0,0.0,37
2023-05-09 21:29:01,m2312-C-4150,m2312-C-4150,18.5,0.0,0.0,0.0,1,1.5,196.5,10,18.5,0.0,0.0,0.0,0.0,0.0,37
2023-05-09 21:29:09,m2312-C-4150,m2312-C-4150,18.5,0.0,0.0,0.0,1,1.5,196.0,1,18.5,0.0,0.0,0.0,0.0,0.0,37
2023-05-09 21:29:09,m2312-C-4150,m2312-C-4150,18.5,0.0,0.0,0.0,1,1.5,195.5,10,18.5,0.0,0.0,0.0,0.0,0.0,37
2023-05-09 21:29:18,m2312-C-4150,m2312-C-4150,18.5,0.0,0.0,0.0,1,1.5,195.0,1,18.5,0.0,0.0,0.0,0.0,0.0,37
2023-05-09 21:29:18,m2312-C-4150,m2312-C-4150,18.5,0.0,0.0,0.0,1,1.5,194.5,10,18.5,0.0,0.0,0.0,0.0,0.0,37
2023-05-09 21:29:22,m2312-C-4150,m2312-C-4150,18.5,0.0,0.0,0.0,1,1.5,194.0,1,18.5,0.0,0.0,0.0,0.0,0.0,37
2023-05-09 21:29:23,m2312-C-4150,m2312-C-4150,18.5,0.0,0.0,0.0,1,1.5,193.5,10,18.5,0.0,0.0,0.0,0.0,0.0,37
2023-05-09 21:29:30,m2312-C-4150,m2312-C-4150,18.5,0.0,0.0,0.0,1,1.5,193.0,1,18.5,0.0,0.0,0.0,0.0,0.0,37
2023-05-09 21:29:30,m2312-C-4150,m2312-C-4150,18.5,0.0,0.0,0.0,1,1.5,192.5,10,18.5,0.0,0.0,0.0,0.0,0.0,37
2023-05-09 21:29:36,m2312-C-4150,m2312-C-4150,18.5,0.0,0.0,0.0,1,1.5,192.0,1,18.5,0.0,0.0,0.0,0.0,0.0,37
2023-05-09 21:29:36,m2312-C-4150,m2312-C-4150,18.5,0.0,0.0,0.0,1,1.5,191.5,10,18.5,0.0,0.0,0.0,0.0,0.0,37
2023-05-09 21:29:41,m2312-C-4150,m2312-C-4150,18.5,0.0,0.0,0.0,1,1.5,191.0,1,18.5,0.0,0.0,0.0,0.0,0.0,37
2023-05-09 21:29:41,m2312-C-4150,m2312-C-4150,18.5,0.0,0.0,0.0,1,1.5,190.5,10,18.5,0.0,0.0,0.0,0.0,0.0,37
2023-05-09 21:30:11,m2312-C-4150,m2312-C-4150,18.5,0.0,0.0,0.0,1,1.5,190.0,1,18.5,0.0,0.0,0.0,0.0,0.0,37
2023-05-09 21:30:11,m2312-C-4150,m2312-C-4150,18.5,0.0,0.0,0.0,1,1.5,189.5,10,18.5,0.0,0.0,0.0,0.0,0.0,37
2023-05-09 21:30:19,m2312-C-4150,m2312-C-4150,18.5,0.0,0.0,0.0,1,1.5,189.0,1,18.5,0.0,0.0,0.0,0.0,0.0,37
2023-05-09 21:30:19,m2312-C-4150,m2312-C-4150,18.5,0.0,0.0,0.0,1,1.5,188.5,10,18.5,0.0,0.0,0.0,0.0,0.0,37
2023-05-09 21:30:24,m2312-C-4150,m2312-C-4150,18.5,0.0,0.0,0.0,1,1.5,188.0,1,18.5,0.0,0.0,0.0,0.0,0.0,37
2023-05-09 21:30:24,m2312-C-4150,m2312-C-4150,18.5,0.0,0.0,0.0,1,1.5,187.5,10,18.5,0.0,0.0,0.0,0.0,0.0,37
2023-05-09 21:30:28,m2312-C-4150,m2312-C-4150,18.5,0.0,0.0,0.0,1,1.5,187.0,1,18.5,0.0,0.0,0.0,0.0,0.0,37
2023-05-09 21:30:28,m2312-C-4150,m2312-C-4150,18.5,0.0,0.0,0.0,1,1.5,186.5,10,18.5,0.0,0.0,0.0,0.0,0.0,37
2023-05-09 21:30:33,m2312-C-4150,m2312-C-4150,18.5,0.0,0.0,0.0,1,1.5,186.0,1,18.5,0.0,0.0,0.0,0.0,0.0,37
2023-05-09 21:30:34,m2312-C-4150,m2312-C-4150,18.5,0.0,0.0,0.0,1,1.5,185.5,10,18.5,0.0,0.0,0.0,0.0,0.0,37
2023-05-09 21:30:48,m2312-C-4150,m2312-C-4150,18.5,0.0,0.0,0.0,1,1.5,185.0,1,18.5,0.0,0.0,0.0,0.0,0.0,37
2023-05-09 21:30:49,m2312-C-4150,m2312-C-4150,18.5,0.0,0.0,0.0,1,1.5,184.5,10,18.5,0.0,0.0,0.0,0.0,0.0,37
2023-05-09 21:30:51,m2312-C-4150,m2312-C-4150,18.5,0.0,0.0,0.0,1,1.5,184.0,1,18.5,0.0,0.0,0.0,0.0,0.0,37
2023-05-09 21:30:52,m2312-C-4150,m2312-C-4150,18.5,0.0,0.0,0.0,1,1.5,183.5,10,18.5,0.0,0.0,0.0,0.0,0.0,37
2023-05-09 21:31:13,m2312-C-4150,m2312-C-4150,18.5,0.0,0.0,0.0,1,1.5,183.0,1,18.5,0.0,0.0,0.0,0.0,0.0,37
2023-05-09 21:31:14,m2312-C-4150,m2312-C-4150,18.5,0.0,0.0,0.0,1,1.5,182.5,10,18.5,0.0,0.0,0.0,0.0,0.0,37
2023-05-09 21:31:16,m2312-C-4150,m2312-C-4150,18.5,0.0,0.0,0.0,1,1.5,182.0,1,18.5,0.0,0.0,0.0,0.0,0.0,37
2023-05-09 21:31:17,m2312-C-4150,m2312-C-4150,18.5,0.0,0.0,0.0,1,1.5,181.5,10,18.5,0.0,0.0,0.0,0.0,0.0,37
2023-05-09 21:31:20,m2312-C-4150,m2312-C-4150,18.5,0.0,0.0,0.0,1,1.5,181.0,1,18.5,0.0,0.0,0.0,0.0,0.0,37
2023-05-09 21:31:21,m2312-C-4150,m2312-C-4150,18.5,0.0,0.0,0.0,1,1.5,180.5,10,18.5,0.0,0.0,0.0,0.0,0.0,37
2023-05-09 21:31:23,m2312-C-4150,m2312-C-4150,18.5,0.0,0.0,0.0,1,1.5,180.0,1,18.5,0.0,0.0,0.0,0.0,0.0,37
2023-05-09 21:31:24,m2312-C-4150,m2312-C-4150,18.5,0.0,0.0,0.0,1,1.5,179.5,10,18.5,0.0,0.0,0.0,0.0,0.0,37
2023-05-09 21:31:31,m2312-C-4150,m2312-C-4150,18.5,0.0,0.0,0.0,1,1.5,179.0,1,18.5,0.0,0.0,0.0,0.0,0.0,37
2023-05-09 21:31:32,m2312-C-4150,m2312-C-4150,18.5,0.0,0.0,0.0,1,1.5,178.5,10,18.5,0.0,0.0,0.0,0.0,0.0,37
2023-05-09 21:41:44,m2312-C-4150,m2312-C-4150,18.5,0.0,0.0,0.0,5,7.0,13.0,5,18.5,0.0,0.0,0.0,0.0,0.0,37
2023-05-09 21:41:49,m2312-C-4150,m2312-C-4150,18.5,0.0,0.0,0.0,5,9.0,13.0,5,18.5,0.0,0.0,0.0,0.0,0.0,37
2023-05-09 21:41:53,m2312-C-4150,m2312-C-4150,18.5,0.0,0.0,0.0,5,9.0,12.0,5,18.5,0.0,0.0,0.0,0.0,0.0,37
2023-05-09 21:41:56,m2312-C-4150,m2312-C-4150,18.5,0.0,0.0,0.0,10,9.0,12.0,5,18.5,0.0,0.0,0.0,0.0,0.0,37
2023-05-09 21:42:00,m2312-C-4150,m2312-C-4150,18.5,0.0,0.0,0.0,5,9.0,12.0,5,18.5,0.0,0.0,0.0,0.0,0.0,37
2023-05-09 21:42:01,m2312-C-4150,m2312-C-4150,18.5,0.0,0.0,0.0,10,9.0,12.0,10,18.5,0.0,0.0,0.0,0.0,0.0,37
2023-05-09 21:42:04,m2312-C-4150,m2312-C-4150,18.5,0.0,0.0,0.0,10,9.0,12.0,5,18.5,0.0,0.0,0.0,0.0,0.0,37
2023-05-09 21:42:07,m2312-C-4150,m2312-C-4150,18.5,0.0,0.0,0.0,5,9.0,12.0,5,18.5,0.0,0.0,0.0,0.0,0.0,37
2023-05-09 21:42:12,m2312-C-4150,m2312-C-4150,18.5,0.0,0.0,0.0,1,1.5,0.0,0,18.5,0.0,0.0,0.0,0.0,0.0,37
2023-05-09 21:42:13,m2312-C-4150,m2312-C-4150,18.5,0.0,0.0,0.0,1,2.0,0.0,0,18.5,0.0,0.0,0.0,0.0,0.0,37
2023-05-09 21:42:16,m2312-C-4150,m2312-C-4150,18.5,0.0,0.0,0.0,1,1.5,0.0,0,18.5,0.0,0.0,0.0,0.0,0.0,37
2023-05-10 09:17:42,m2312-C-4150,m2312-C-4150,18.5,0.0,0.0,0.0,1,1.5,226.5,10,18.5,0.0,0.0,0.0,0.0,0.0,37
2023-05-10 09:17:57,m2312-C-4150,m2312-C-4150,18.5,0.0,0.0,0.0,1,1.5,226.0,1,18.5,0.0,0.0,0.0,0.0,0.0,37
2023-05-10 09:17:57,m2312-C-4150,m2312-C-4150,18.5,0.0,0.0,0.0,1,1.5,225.5,10,18.5,0.0,0.0,0.0,0.0,0.0,37
2023-05-10 09:18:15,m2312-C-4150,m2312-C-4150,18.5,0.0,0.0,0.0,1,1.5,224.5,10,18.5,0.0,0.0,0.0,0.0,0.0,37
2023-05-10 09:18:27,m2312-C-4150,m2312-C-4150,18.5,0.0,0.0,0.0,1,1.5,224.0,1,18.5,0.0,0.0,0.0,0.0,0.0,37
2023-05-10 09:18:27,m2312-C-4150,m2312-C-4150,18.5,0.0,0.0,0.0,1,1.5,223.5,10,18.5,0.0,0.0,0.0,0.0,0.0,37
2023-05-10 09:18:33,m2312-C-4150,m2312-C-4150,18.5,0.0,0.0,0.0,1,1.5,223.0,1,18.5,0.0,0.0,0.0,0.0,0.0,37
2023-05-10 09:18:33,m2312-C-4150,m2312-C-4150,18.5,0.0,0.0,0.0,1,1.5,222.5,10,18.5,0.0,0.0,0.0,0.0,0.0,37
2023-05-10 09:18:37,m2312-C-4150,m2312-C-4150,18.5,0.0,0.0,0.0,1,1.5,222.0,1,18.5,0.0,0.0,0.0,0.0,0.0,37
2023-05-10 09:18:37,m2312-C-4150,m2312-C-4150,18.5,0.0,0.0,0.0,1,1.5,221.5,10,18.5,0.0,0.0,0.0,0.0,0.0,37
2023-05-10 09:18:54,m2312-C-4150,m2312-C-4150,18.5,0.0,0.0,0.0,1,1.5,221.0,1,18.5,0.0,0.0,0.0,0.0,0.0,37
2023-05-10 09:18:54,m2312-C-4150,m2312-C-4150,18.5,0.0,0.0,0.0,1,1.5,220.5,10,18.5,0.0,0.0,0.0,0.0,0.0,37
2023-05-10 09:19:06,m2312-C-4150,m2312-C-4150,18.5,0.0,0.0,0.0,1,1.5,220.0,1,18.5,0.0,0.0,0.0,0.0,0.0,37
2023-05-10 09:19:06,m2312-C-4150,m2312-C-4150,18.5,0.0,0.0,0.0,1,1.5,219.5,10,18.5,0.0,0.0,0.0,0.0,0.0,37
2023-05-10 09:19:09,m2312-C-4150,m2312-C-4150,18.5,0.0,0.0,0.0,1,1.5,219.0,1,18.5,0.0,0.0,0.0,0.0,0.0,37
2023-05-10 09:19:09,m2312-C-4150,m2312-C-4150,18.5,0.0,0.0,0.0,1,1.5,218.5,10,18.5,0.0,0.0,0.0,0.0,0.0,37
2023-05-10 09:19:18,m2312-C-4150,m2312-C-4150,18.5,0.0,0.0,0.0,1,1.5,218.0,1,18.5,0.0,0.0,0.0,0.0,0.0,37
2023-05-10 09:19:18,m2312-C-4150,m2312-C-4150,18.5,0.0,0.0,0.0,1,1.5,217.5,10,18.5,0.0,0.0,0.0,0.0,0.0,37
2023-05-10 09:19:39,m2312-C-4150,m2312-C-4150,18.5,0.0,0.0,0.0,1,1.5,217.0,1,18.5,0.0,0.0,0.0,0.0,0.0,37
2023-05-10 09:19:39,m2312-C-4150,m2312-C-4150,18.5,0.0,0.0,0.0,1,1.5,216.5,10,18.5,0.0,0.0,0.0,0.0,0.0,37
2023-05-10 09:20:02,m2312-C-4150,m2312-C-4150,18.5,0.0,0.0,0.0,1,1.5,216.0,1,18.5,0.0,0.0,0.0,0.0,0.0,37
2023-05-10 09:20:03,m2312-C-4150,m2312-C-4150,18.5,0.0,0.0,0.0,1,1.5,215.5,10,18.5,0.0,0.0,0.0,0.0,0.0,37
2023-05-10 09:20:20,m2312-C-4150,m2312-C-4150,18.5,0.0,0.0,0.0,1,1.5,215.0,1,18.5,0.0,0.0,0.0,0.0,0.0,37
2023-05-10 09:20:21,m2312-C-4150,m2312-C-4150,18.5,0.0,0.0,0.0,1,1.5,214.5,10,18.5,0.0,0.0,0.0,0.0,0.0,37
2023-05-10 09:20:40,m2312-C-4150,m2312-C-4150,18.5,0.0,0.0,0.0,1,1.5,214.0,1,18.5,0.0,0.0,0.0,0.0,0.0,37
2023-05-10 09:20:40,m2312-C-4150,m2312-C-4150,18.5,0.0,0.0,0.0,1,1.5,213.5,10,18.5,0.0,0.0,0.0,0.0,0.0,37
2023-05-10 09:20:47,m2312-C-4150,m2312-C-4150,18.5,0.0,0.0,0.0,1,1.5,213.0,1,18.5,0.0,0.0,0.0,0.0,0.0,37
2023-05-10 09:20:48,m2312-C-4150,m2312-C-4150,18.5,0.0,0.0,0.0,1,1.5,212.5,10,18.5,0.0,0.0,0.0,0.0,0.0,37
2023-05-10 09:20:59,m2312-C-4150,m2312-C-4150,18.5,0.0,0.0,0.0,1,1.5,212.0,1,18.5,0.0,0.0,0.0,0.0,0.0,37
2023-05-10 09:20:59,m2312-C-4150,m2312-C-4150,18.5,0.0,0.0,0.0,1,1.5,211.5,10,18.5,0.0,0.0,0.0,0.0,0.0,37
2023-05-10 09:21:04,m2312-C-4150,m2312-C-4150,18.5,0.0,0.0,0.0,1,1.5,211.0,1,18.5,0.0,0.0,0.0,0.0,0.0,37
2023-05-10 09:21:04,m2312-C-4150,m2312-C-4150,18.5,0.0,0.0,0.0,1,1.5,210.5,10,18.5,0.0,0.0,0.0,0.0,0.0,37
2023-05-10 09:21:28,m2312-C-4150,m2312-C-4150,18.5,0.0,0.0,0.0,1,1.5,210.0,1,18.5,0.0,0.0,0.0,0.0,0.0,37
2023-05-10 09:21:28,m2312-C-4150,m2312-C-4150,18.5,0.0,0.0,0.0,1,1.5,209.5,10,18.5,0.0,0.0,0.0,0.0,0.0,37
2023-05-10 09:21:35,m2312-C-4150,m2312-C-4150,18.5,0.0,0.0,0.0,1,1.5,209.0,1,18.5,0.0,0.0,0.0,0.0,0.0,37
2023-05-10 09:21:36,m2312-C-4150,m2312-C-4150,18.5,0.0,0.0,0.0,1,1.5,208.5,10,18.5,0.0,0.0,0.0,0.0,0.0,37
2023-05-10 09:21:47,m2312-C-4150,m2312-C-4150,18.5,0.0,0.0,0.0,1,1.5,208.0,1,18.5,0.0,0.0,0.0,0.0,0.0,37
2023-05-10 09:21:47,m2312-C-4150,m2312-C-4150,18.5,0.0,0.0,0.0,1,1.5,207.5,10,18.5,0.0,0.0,0.0,0.0,0.0,37
2023-05-10 09:21:53,m2312-C-4150,m2312-C-4150,18.5,0.0,0.0,0.0,1,1.5,207.0,1,18.5,0.0,0.0,0.0,0.0,0.0,37
2023-05-10 09:21:53,m2312-C-4150,m2312-C-4150,18.5,0.0,0.0,0.0,1,1.5,206.5,10,18.5,0.0,0.0,0.0,0.0,0.0,37
2023-05-10 09:21:59,m2312-C-4150,m2312-C-4150,18.5,0.0,0.0,0.0,1,1.5,206.0,1,18.5,0.0,0.0,0.0,0.0,0.0,37
2023-05-10 09:21:59,m2312-C-4150,m2312-C-4150,18.5,0.0,0.0,0.0,1,1.5,205.5,10,18.5,0.0,0.0,0.0,0.0,0.0,37
2023-05-10 09:22:43,m2312-C-4150,m2312-C-4150,18.5,0.0,0.0,0.0,1,1.5,205.0,1,18.5,0.0,0.0,0.0,0.0,0.0,37
2023-05-10 09:22:43,m2312-C-4150,m2312-C-4150,18.5,0.0,0.0,0.0,1,1.5,204.5,10,18.5,0.0,0.0,0.0,0.0,0.0,37
2023-05-10 09:22:46,m2312-C-4150,m2312-C-4150,18.5,0.0,0.0,0.0,1,1.5,204.0,1,18.5,0.0,0.0,0.0,0.0,0.0,37
2023-05-10 09:22:46,m2312-C-4150,m2312-C-4150,18.5,0.0,0.0,0.0,1,1.5,203.5,10,18.5,0.0,0.0,0.0,0.0,0.0,37
2023-05-10 09:22:52,m2312-C-4150,m2312-C-4150,18.5,0.0,0.0,0.0,1,1.5,203.0,1,18.5,0.0,0.0,0.0,0.0,0.0,37
2023-05-10 09:22:52,m2312-C-4150,m2312-C-4150,18.5,0.0,0.0,0.0,1,1.5,202.5,10,18.5,0.0,0.0,0.0,0.0,0.0,37
2023-05-10 09:22:57,m2312-C-4150,m2312-C-4150,18.5,0.0,0.0,0.0,1,1.5,202.0,1,18.5,0.0,0.0,0.0,0.0,0.0,37
2023-05-10 09:22:58,m2312-C-4150,m2312-C-4150,18.5,0.0,0.0,0.0,1,1.5,201.5,10,18.5,0.0,0.0,0.0,0.0,0.0,37
2023-05-10 09:23:07,m2312-C-4150,m2312-C-4150,18.5,0.0,0.0,0.0,1,1.5,201.0,1,18.5,0.0,0.0,0.0,0.0,0.0,37
2023-05-10 09:23:07,m2312-C-4150,m2312-C-4150,18.5,0.0,0.0,0.0,1,1.5,200.5,10,18.5,0.0,0.0,0.0,0.0,0.0,37
2023-05-10 09:23:30,m2312-C-4150,m2312-C-4150,18.5,0.0,0.0,0.0,1,1.5,200.0,1,18.5,0.0,0.0,0.0,0.0,0.0,37
2023-05-10 09:23:31,m2312-C-4150,m2312-C-4150,18.5,0.0,0.0,0.0,1,1.5,199.5,10,18.5,0.0,0.0,0.0,0.0,0.0,37
2023-05-10 09:23:36,m2312-C-4150,m2312-C-4150,18.5,0.0,0.0,0.0,1,1.5,199.0,1,18.5,0.0,0.0,0.0,0.0,0.0,37
2023-05-10 09:23:36,m2312-C-4150,m2312-C-4150,18.5,0.0,0.0,0.0,1,1.5,198.5,10,18.5,0.0,0.0,0.0,0.0,0.0,37
2023-05-10 09:23:43,m2312-C-4150,m2312-C-4150,18.5,0.0,0.0,0.0,1,1.5,197.5,10,18.5,0.0,0.0,0.0,0.0,0.0,37
2023-05-10 09:23:51,m2312-C-4150,m2312-C-4150,18.5,0.0,0.0,0.0,1,1.5,197.0,1,18.5,0.0,0.0,0.0,0.0,0.0,37
2023-05-10 09:23:51,m2312-C-4150,m2312-C-4150,18.5,0.0,0.0,0.0,1,1.5,196.5,10,18.5,0.0,0.0,0.0,0.0,0.0,37
2023-05-10 09:23:59,m2312-C-4150,m2312-C-4150,18.5,0.0,0.0,0.0,1,1.5,196.0,1,18.5,0.0,0.0,0.0,0.0,0.0,37
2023-05-10 09:24:00,m2312-C-4150,m2312-C-4150,18.5,0.0,0.0,0.0,1,1.5,195.5,10,18.5,0.0,0.0,0.0,0.0,0.0,37
2023-05-10 09:24:07,m2312-C-4150,m2312-C-4150,18.5,0.0,0.0,0.0,1,1.5,195.0,1,18.5,0.0,0.0,0.0,0.0,0.0,37
2023-05-10 09:24:07,m2312-C-4150,m2312-C-4150,18.5,0.0,0.0,0.0,1,1.5,194.5,10,18.5,0.0,0.0,0.0,0.0,0.0,37
2023-05-10 09:24:12,m2312-C-4150,m2312-C-4150,18.5,0.0,0.0,0.0,1,1.5,194.0,1,18.5,0.0,0.0,0.0,0.0,0.0,37
2023-05-10 09:24:12,m2312-C-4150,m2312-C-4150,18.5,0.0,0.0,0.0,1,1.5,193.5,10,18.5,0.0,0.0,0.0,0.0,0.0,37
2023-05-10 09:24:15,m2312-C-4150,m2312-C-4150,18.5,0.0,0.0,0.0,1,1.5,193.0,1,18.5,0.0,0.0,0.0,0.0,0.0,37
2023-05-10 09:24:15,m2312-C-4150,m2312-C-4150,18.5,0.0,0.0,0.0,1,1.5,192.5,10,18.5,0.0,0.0,0.0,0.0,0.0,37
2023-05-10 09:24:19,m2312-C-4150,m2312-C-4150,18.5,0.0,0.0,0.0,1,1.5,192.0,1,18.5,0.0,0.0,0.0,0.0,0.0,37
2023-05-10 09:24:19,m2312-C-4150,m2312-C-4150,18.5,0.0,0.0,0.0,1,1.5,191.5,10,18.5,0.0,0.0,0.0,0.0,0.0,37
2023-05-10 09:24:22,m2312-C-4150,m2312-C-4150,18.5,0.0,0.0,0.0,1,1.5,191.0,1,18.5,0.0,0.0,0.0,0.0,0.0,37
2023-05-10 09:24:23,m2312-C-4150,m2312-C-4150,18.5,0.0,0.0,0.0,1,1.5,190.5,10,18.5,0.0,0.0,0.0,0.0,0.0,37
2023-05-10 09:24:30,m2312-C-4150,m2312-C-4150,18.5,0.0,0.0,0.0,1,1.5,190.0,1,18.5,0.0,0.0,0.0,0.0,0.0,37
2023-05-10 09:24:30,m2312-C-4150,m2312-C-4150,18.5,0.0,0.0,0.0,1,1.5,189.5,10,18.5,0.0,0.0,0.0,0.0,0.0,37
2023-05-10 09:24:36,m2312-C-4150,m2312-C-4150,18.5,0.0,0.0,0.0,1,1.5,189.0,1,18.5,0.0,0.0,0.0,0.0,0.0,37
2023-05-10 09:24:36,m2312-C-4150,m2312-C-4150,18.5,0.0,0.0,0.0,1,1.5,188.5,10,18.5,0.0,0.0,0.0,0.0,0.0,37
2023-05-10 09:24:40,m2312-C-4150,m2312-C-4150,18.5,0.0,0.0,0.0,1,1.5,188.0,1,18.5,0.0,0.0,0.0,0.0,0.0,37
2023-05-10 09:24:40,m2312-C-4150,m2312-C-4150,18.5,0.0,0.0,0.0,1,1.5,187.5,10,18.5,0.0,0.0,0.0,0.0,0.0,37
2023-05-10 09:24:56,m2312-C-4150,m2312-C-4150,18.5,0.0,0.0,0.0,1,1.5,187.0,1,18.5,0.0,0.0,0.0,0.0,0.0,37
2023-05-10 09:24:56,m2312-C-4150,m2312-C-4150,18.5,0.0,0.0,0.0,1,1.5,186.5,10,18.5,0.0,0.0,0.0,0.0,0.0,37
2023-05-10 09:25:01,m2312-C-4150,m2312-C-4150,18.5,0.0,0.0,0.0,1,1.5,186.0,1,18.5,0.0,0.0,0.0,0.0,0.0,37
2023-05-10 09:25:02,m2312-C-4150,m2312-C-4150,18.5,0.0,0.0,0.0,1,1.5,185.5,10,18.5,0.0,0.0,0.0,0.0,0.0,37
2023-05-10 09:25:07,m2312-C-4150,m2312-C-4150,18.5,0.0,0.0,0.0,1,1.5,185.0,1,18.5,0.0,0.0,0.0,0.0,0.0,37
2023-05-10 09:25:07,m2312-C-4150,m2312-C-4150,18.5,0.0,0.0,0.0,1,1.5,184.5,10,18.5,0.0,0.0,0.0,0.0,0.0,37
2023-05-10 09:25:11,m2312-C-4150,m2312-C-4150,18.5,0.0,0.0,0.0,1,1.5,184.0,1,18.5,0.0,0.0,0.0,0.0,0.0,37
2023-05-10 09:25:11,m2312-C-4150,m2312-C-4150,18.5,0.0,0.0,0.0,1,1.5,183.5,10,18.5,0.0,0.0,0.0,0.0,0.0,37
2023-05-10 09:25:22,m2312-C-4150,m2312-C-4150,18.5,0.0,0.0,0.0,1,1.5,183.0,1,18.5,0.0,0.0,0.0,0.0,0.0,37
2023-05-10 09:25:22,m2312-C-4150,m2312-C-4150,18.5,0.0,0.0,0.0,1,1.5,182.5,10,18.5,0.0,0.0,0.0,0.0,0.0,37
2023-05-10 09:25:29,m2312-C-4150,m2312-C-4150,18.5,0.0,0.0,0.0,1,1.5,182.0,1,18.5,0.0,0.0,0.0,0.0,0.0,37
2023-05-10 09:25:29,m2312-C-4150,m2312-C-4150,18.5,0.0,0.0,0.0,1,1.5,181.5,10,18.5,0.0,0.0,0.0,0.0,0.0,37
2023-05-10 09:25:35,m2312-C-4150,m2312-C-4150,18.5,0.0,0.0,0.0,1,1.5,181.0,1,18.5,0.0,0.0,0.0,0.0,0.0,37
2023-05-10 09:25:35,m2312-C-4150,m2312-C-4150,18.5,0.0,0.0,0.0,1,1.5,180.5,10,18.5,0.0,0.0,0.0,0.0,0.0,37
2023-05-10 09:25:39,m2312-C-4150,m2312-C-4150,18.5,0.0,0.0,0.0,1,1.5,180.0,1,18.5,0.0,0.0,0.0,0.0,0.0,37
2023-05-10 09:25:39,m2312-C-4150,m2312-C-4150,18.5,0.0,0.0,0.0,1,1.5,179.5,10,18.5,0.0,0.0,0.0,0.0,0.0,37
2023-05-10 09:25:44,m2312-C-4150,m2312-C-4150,18.5,0.0,0.0,0.0,1,1.5,179.0,1,18.5,0.0,0.0,0.0,0.0,0.0,37
2023-05-10 09:25:44,m2312-C-4150,m2312-C-4150,18.5,0.0,0.0,0.0,1,1.5,178.5,10,18.5,0.0,0.0,0.0,0.0,0.0,37
2023-05-10 10:14:32,m2312-C-4150,m2312-C-4150,18.5,0.0,0.0,0.0,1,1.5,0.0,0,18.5,0.0,0.0,0.0,0.0,0.0,37
2023-05-10 10:48:41,m2312-C-4150,m2312-C-4150,18.5,0.0,0.0,0.0,1,1.5,227.0,1,18.5,0.0,0.0,0.0,0.0,0.0,37
2023-05-10 10:48:41,m2312-C-4150,m2312-C-4150,18.5,0.0,0.0,0.0,1,1.5,226.5,10,18.5,0.0,0.0,0.0,0.0,0.0,37
2023-05-10 10:48:44,m2312-C-4150,m2312-C-4150,18.5,0.0,0.0,0.0,1,1.5,226.0,1,18.5,0.0,0.0,0.0,0.0,0.0,37
2023-05-10 10:48:45,m2312-C-4150,m2312-C-4150,18.5,0.0,0.0,0.0,1,1.5,225.5,10,18.5,0.0,0.0,0.0,0.0,0.0,37
2023-05-10 10:48:48,m2312-C-4150,m2312-C-4150,18.5,0.0,0.0,0.0,1,1.5,225.0,1,18.5,0.0,0.0,0.0,0.0,0.0,37
2023-05-10 10:48:48,m2312-C-4150,m2312-C-4150,18.5,0.0,0.0,0.0,1,1.5,224.5,10,18.5,0.0,0.0,0.0,0.0,0.0,37
2023-05-10 10:48:52,m2312-C-4150,m2312-C-4150,18.5,0.0,0.0,0.0,1,1.5,224.0,1,18.5,0.0,0.0,0.0,0.0,0.0,37
2023-05-10 10:48:52,m2312-C-4150,m2312-C-4150,18.5,0.0,0.0,0.0,1,1.5,223.5,10,18.5,0.0,0.0,0.0,0.0,0.0,37
2023-05-10 10:48:56,m2312-C-4150,m2312-C-4150,18.5,0.0,0.0,0.0,1,1.5,223.0,1,18.5,0.0,0.0,0.0,0.0,0.0,37
2023-05-10 10:48:56,m2312-C-4150,m2312-C-4150,18.5,0.0,0.0,0.0,1,1.5,222.5,10,18.5,0.0,0.0,0.0,0.0,0.0,37
2023-05-10 10:48:59,m2312-C-4150,m2312-C-4150,18.5,0.0,0.0,0.0,1,1.5,222.0,1,18.5,0.0,0.0,0.0,0.0,0.0,37
2023-05-10 10:48:59,m2312-C-4150,m2312-C-4150,18.5,0.0,0.0,0.0,1,1.5,221.5,10,18.5,0.0,0.0,0.0,0.0,0.0,37
2023-05-10 10:49:02,m2312-C-4150,m2312-C-4150,18.5,0.0,0.0,0.0,1,1.5,221.0,1,18.5,0.0,0.0,0.0,0.0,0.0,37
2023-05-10 10:49:03,m2312-C-4150,m2312-C-4150,18.5,0.0,0.0,0.0,1,1.5,220.5,10,18.5,0.0,0.0,0.0,0.0,0.0,37
2023-05-10 10:49:07,m2312-C-4150,m2312-C-4150,18.5,0.0,0.0,0.0,1,1.5,220.0,1,18.5,0.0,0.0,0.0,0.0,0.0,37
2023-05-10 10:49:07,m2312-C-4150,m2312-C-4150,18.5,0.0,0.0,0.0,1,1.5,219.5,10,18.5,0.0,0.0,0.0,0.0,0.0,37
2023-05-10 10:49:11,m2312-C-4150,m2312-C-4150,18.5,0.0,0.0,0.0,1,1.5,219.0,1,18.5,0.0,0.0,0.0,0.0,0.0,37
2023-05-10 10:49:11,m2312-C-4150,m2312-C-4150,18.5,0.0,0.0,0.0,1,1.5,218.5,10,18.5,0.0,0.0,0.0,0.0,0.0,37
2023-05-10 10:49:17,m2312-C-4150,m2312-C-4150,18.5,0.0,0.0,0.0,1,1.5,218.0,1,18.5,0.0,0.0,0.0,0.0,0.0,37
2023-05-10 10:49:17,m2312-C-4150,m2312-C-4150,18.5,0.0,0.0,0.0,1,1.5,217.5,10,18.5,0.0,0.0,0.0,0.0,0.0,37
2023-05-10 10:49:21,m2312-C-4150,m2312-C-4150,18.5,0.0,0.0,0.0,1,1.5,217.0,1,18.5,0.0,0.0,0.0,0.0,0.0,37
2023-05-10 10:49:21,m2312-C-4150,m2312-C-4150,18.5,0.0,0.0,0.0,1,1.5,216.5,10,18.5,0.0,0.0,0.0,0.0,0.0,37
2023-05-10 10:49:27,m2312-C-4150,m2312-C-4150,18.5,0.0,0.0,0.0,1,1.5,216.0,1,18.5,0.0,0.0,0.0,0.0,0.0,37
2023-05-10 10:49:28,m2312-C-4150,m2312-C-4150,18.5,0.0,0.0,0.0,1,1.5,215.5,10,18.5,0.0,0.0,0.0,0.0,0.0,37
2023-05-10 10:49:32,m2312-C-4150,m2312-C-4150,18.5,0.0,0.0,0.0,1,1.5,215.0,1,18.5,0.0,0.0,0.0,0.0,0.0,37
2023-05-10 10:49:32,m2312-C-4150,m2312-C-4150,18.5,0.0,0.0,0.0,1,1.5,214.5,10,18.5,0.0,0.0,0.0,0.0,0.0,37
2023-05-10 10:49:37,m2312-C-4150,m2312-C-4150,18.5,0.0,0.0,0.0,1,1.5,214.0,1,18.5,0.0,0.0,0.0,0.0,0.0,37
2023-05-10 10:49:37,m2312-C-4150,m2312-C-4150,18.5,0.0,0.0,0.0,1,1.5,213.5,10,18.5,0.0,0.0,0.0,0.0,0.0,37
2023-05-10 10:49:48,m2312-C-4150,m2312-C-4150,18.5,0.0,0.0,0.0,1,1.5,213.0,1,18.5,0.0,0.0,0.0,0.0,0.0,37
2023-05-10 10:49:48,m2312-C-4150,m2312-C-4150,18.5,0.0,0.0,0.0,1,1.5,212.5,10,18.5,0.0,0.0,0.0,0.0,0.0,37
2023-05-10 10:49:54,m2312-C-4150,m2312-C-4150,18.5,0.0,0.0,0.0,1,1.5,212.0,1,18.5,0.0,0.0,0.0,0.0,0.0,37
2023-05-10 10:49:55,m2312-C-4150,m2312-C-4150,18.5,0.0,0.0,0.0,1,1.5,211.5,10,18.5,0.0,0.0,0.0,0.0,0.0,37
2023-05-10 10:50:02,m2312-C-4150,m2312-C-4150,18.5,0.0,0.0,0.0,1,1.5,211.0,1,18.5,0.0,0.0,0.0,0.0,0.0,37
2023-05-10 10:50:03,m2312-C-4150,m2312-C-4150,18.5,0.0,0.0,0.0,1,1.5,210.5,10,18.5,0.0,0.0,0.0,0.0,0.0,37
2023-05-10 10:50:12,m2312-C-4150,m2312-C-4150,18.5,0.0,0.0,0.0,1,1.5,210.0,1,18.5,0.0,0.0,0.0,0.0,0.0,37
2023-05-10 10:50:13,m2312-C-4150,m2312-C-4150,18.5,0.0,0.0,0.0,1,1.5,209.5,10,18.5,0.0,0.0,0.0,0.0,0.0,37
2023-05-10 10:50:41,m2312-C-4150,m2312-C-4150,18.5,0.0,0.0,0.0,1,1.5,209.0,1,18.5,0.0,0.0,0.0,0.0,0.0,37
2023-05-10 10:50:42,m2312-C-4150,m2312-C-4150,18.5,0.0,0.0,0.0,1,1.5,208.5,10,18.5,0.0,0.0,0.0,0.0,0.0,37
2023-05-10 10:51:00,m2312-C-4150,m2312-C-4150,18.5,0.0,0.0,0.0,1,1.5,208.0,1,18.5,0.0,0.0,0.0,0.0,0.0,37
2023-05-10 10:51:01,m2312-C-4150,m2312-C-4150,18.5,0.0,0.0,0.0,1,1.5,207.5,10,18.5,0.0,0.0,0.0,0.0,0.0,37
2023-05-10 10:51:20,m2312-C-4150,m2312-C-4150,18.5,0.0,0.0,0.0,1,1.5,207.0,1,18.5,0.0,0.0,0.0,0.0,0.0,37
2023-05-10 10:51:20,m2312-C-4150,m2312-C-4150,18.5,0.0,0.0,0.0,1,1.5,206.5,10,18.5,0.0,0.0,0.0,0.0,0.0,37
2023-05-10 10:51:48,m2312-C-4150,m2312-C-4150,18.5,0.0,0.0,0.0,1,1.5,206.0,1,18.5,0.0,0.0,0.0,0.0,0.0,37
2023-05-10 10:51:49,m2312-C-4150,m2312-C-4150,18.5,0.0,0.0,0.0,1,1.5,205.5,10,18.5,0.0,0.0,0.0,0.0,0.0,37
2023-05-10 10:53:03,m2312-C-4150,m2312-C-4150,18.5,0.0,0.0,0.0,1,1.5,205.0,1,18.5,0.0,0.0,0.0,0.0,0.0,37
2023-05-10 10:53:03,m2312-C-4150,m2312-C-4150,18.5,0.0,0.0,0.0,1,1.5,204.5,10,18.5,0.0,0.0,0.0,0.0,0.0,37
2023-05-10 10:53:14,m2312-C-4150,m2312-C-4150,18.5,0.0,0.0,0.0,1,1.5,204.0,1,18.5,0.0,0.0,0.0,0.0,0.0,37
2023-05-10 10:53:14,m2312-C-4150,m2312-C-4150,18.5,0.0,0.0,0.0,1,1.5,203.5,10,18.5,0.0,0.0,0.0,0.0,0.0,37
2023-05-10 10:53:34,m2312-C-4150,m2312-C-4150,18.5,0.0,0.0,0.0,1,1.5,203.0,1,18.5,0.0,0.0,0.0,0.0,0.0,37
2023-05-10 10:53:35,m2312-C-4150,m2312-C-4150,18.5,0.0,0.0,0.0,1,1.5,202.5,10,18.5,0.0,0.0,0.0,0.0,0.0,37
2023-05-10 10:53:42,m2312-C-4150,m2312-C-4150,18.5,0.0,0.0,0.0,1,1.5,202.0,1,18.5,0.0,0.0,0.0,0.0,0.0,37
2023-05-10 10:53:43,m2312-C-4150,m2312-C-4150,18.5,0.0,0.0,0.0,1,1.5,201.5,10,18.5,0.0,0.0,0.0,0.0,0.0,37
2023-05-10 10:53:49,m2312-C-4150,m2312-C-4150,18.5,0.0,0.0,0.0,1,1.5,201.0,1,18.5,0.0,0.0,0.0,0.0,0.0,37
2023-05-10 10:53:49,m2312-C-4150,m2312-C-4150,18.5,0.0,0.0,0.0,1,1.5,200.5,10,18.5,0.0,0.0,0.0,0.0,0.0,37
2023-05-10 10:53:53,m2312-C-4150,m2312-C-4150,18.5,0.0,0.0,0.0,1,1.5,200.0,1,18.5,0.0,0.0,0.0,0.0,0.0,37
2023-05-10 10:53:53,m2312-C-4150,m2312-C-4150,18.5,0.0,0.0,0.0,1,1.5,199.5,10,18.5,0.0,0.0,0.0,0.0,0.0,37
2023-05-10 10:53:57,m2312-C-4150,m2312-C-4150,18.5,0.0,0.0,0.0,1,1.5,199.0,1,18.5,0.0,0.0,0.0,0.0,0.0,37
2023-05-10 10:53:58,m2312-C-4150,m2312-C-4150,18.5,0.0,0.0,0.0,1,1.5,198.5,10,18.5,0.0,0.0,0.0,0.0,0.0,37
2023-05-10 10:54:01,m2312-C-4150,m2312-C-4150,18.5,0.0,0.0,0.0,1,1.5,198.0,1,18.5,0.0,0.0,0.0,0.0,0.0,37
2023-05-10 10:54:02,m2312-C-4150,m2312-C-4150,18.5,0.0,0.0,0.0,1,1.5,197.5,10,18.5,0.0,0.0,0.0,0.0,0.0,37
2023-05-10 10:54:06,m2312-C-4150,m2312-C-4150,18.5,0.0,0.0,0.0,1,1.5,197.0,1,18.5,0.0,0.0,0.0,0.0,0.0,37
2023-05-10 10:54:06,m2312-C-4150,m2312-C-4150,18.5,0.0,0.0,0.0,1,1.5,196.5,10,18.5,0.0,0.0,0.0,0.0,0.0,37
2023-05-10 10:54:10,m2312-C-4150,m2312-C-4150,18.5,0.0,0.0,0.0,1,1.5,196.0,1,18.5,0.0,0.0,0.0,0.0,0.0,37
2023-05-10 10:54:10,m2312-C-4150,m2312-C-4150,18.5,0.0,0.0,0.0,1,1.5,195.5,10,18.5,0.0,0.0,0.0,0.0,0.0,37
2023-05-10 10:54:14,m2312-C-4150,m2312-C-4150,18.5,0.0,0.0,0.0,1,1.5,195.0,1,18.5,0.0,0.0,0.0,0.0,0.0,37
2023-05-10 10:54:14,m2312-C-4150,m2312-C-4150,18.5,0.0,0.0,0.0,1,1.5,194.5,10,18.5,0.0,0.0,0.0,0.0,0.0,37
2023-05-10 10:54:18,m2312-C-4150,m2312-C-4150,18.5,0.0,0.0,0.0,1,1.5,194.0,1,18.5,0.0,0.0,0.0,0.0,0.0,37
2023-05-10 10:54:18,m2312-C-4150,m2312-C-4150,18.5,0.0,0.0,0.0,1,1.5,193.5,10,18.5,0.0,0.0,0.0,0.0,0.0,37
2023-05-10 10:54:21,m2312-C-4150,m2312-C-4150,18.5,0.0,0.0,0.0,1,1.5,193.0,1,18.5,0.0,0.0,0.0,0.0,0.0,37
2023-05-10 10:54:21,m2312-C-4150,m2312-C-4150,18.5,0.0,0.0,0.0,1,1.5,192.5,10,18.5,0.0,0.0,0.0,0.0,0.0,37
2023-05-10 10:54:26,m2312-C-4150,m2312-C-4150,18.5,0.0,0.0,0.0,1,1.5,192.0,1,18.5,0.0,0.0,0.0,0.0,0.0,37
2023-05-10 10:54:26,m2312-C-4150,m2312-C-4150,18.5,0.0,0.0,0.0,1,1.5,191.5,10,18.5,0.0,0.0,0.0,0.0,0.0,37
2023-05-10 10:54:28,m2312-C-4150,m2312-C-4150,18.5,0.0,0.0,0.0,1,1.5,191.0,1,18.5,0.0,0.0,0.0,0.0,0.0,37
2023-05-10 10:54:28,m2312-C-4150,m2312-C-4150,18.5,0.0,0.0,0.0,1,1.5,190.5,10,18.5,0.0,0.0,0.0,0.0,0.0,37
2023-05-10 10:54:31,m2312-C-4150,m2312-C-4150,18.5,0.0,0.0,0.0,1,1.5,190.0,1,18.5,0.0,0.0,0.0,0.0,0.0,37
2023-05-10 10:54:31,m2312-C-4150,m2312-C-4150,18.5,0.0,0.0,0.0,1,1.5,189.5,10,18.5,0.0,0.0,0.0,0.0,0.0,37
2023-05-10 10:54:35,m2312-C-4150,m2312-C-4150,18.5,0.0,0.0,0.0,1,1.5,189.0,1,18.5,0.0,0.0,0.0,0.0,0.0,37
2023-05-10 10:54:35,m2312-C-4150,m2312-C-4150,18.5,0.0,0.0,0.0,1,1.5,188.5,10,18.5,0.0,0.0,0.0,0.0,0.0,37
2023-05-10 10:54:38,m2312-C-4150,m2312-C-4150,18.5,0.0,0.0,0.0,1,1.5,188.0,1,18.5,0.0,0.0,0.0,0.0,0.0,37
2023-05-10 10:54:39,m2312-C-4150,m2312-C-4150,18.5,0.0,0.0,0.0,1,1.5,187.5,10,18.5,0.0,0.0,0.0,0.0,0.0,37
2023-05-10 10:54:42,m2312-C-4150,m2312-C-4150,18.5,0.0,0.0,0.0,1,1.5,187.0,1,18.5,0.0,0.0,0.0,0.0,0.0,37
2023-05-10 10:54:43,m2312-C-4150,m2312-C-4150,18.5,0.0,0.0,0.0,1,1.5,186.5,10,18.5,0.0,0.0,0.0,0.0,0.0,37
2023-05-10 10:54:46,m2312-C-4150,m2312-C-4150,18.5,0.0,0.0,0.0,1,1.5,186.0,1,18.5,0.0,0.0,0.0,0.0,0.0,37
2023-05-10 10:54:46,m2312-C-4150,m2312-C-4150,18.5,0.0,0.0,0.0,1,1.5,185.5,10,18.5,0.0,0.0,0.0,0.0,0.0,37
2023-05-10 10:54:50,m2312-C-4150,m2312-C-4150,18.5,0.0,0.0,0.0,1,1.5,185.0,1,18.5,0.0,0.0,0.0,0.0,0.0,37
2023-05-10 10:54:50,m2312-C-4150,m2312-C-4150,18.5,0.0,0.0,0.0,1,1.5,184.5,10,18.5,0.0,0.0,0.0,0.0,0.0,37
2023-05-10 10:54:54,m2312-C-4150,m2312-C-4150,18.5,0.0,0.0,0.0,1,1.5,184.0,1,18.5,0.0,0.0,0.0,0.0,0.0,37
2023-05-10 10:54:54,m2312-C-4150,m2312-C-4150,18.5,0.0,0.0,0.0,1,1.5,183.5,10,18.5,0.0,0.0,0.0,0.0,0.0,37
2023-05-10 10:54:57,m2312-C-4150,m2312-C-4150,18.5,0.0,0.0,0.0,1,1.5,183.0,1,18.5,0.0,0.0,0.0,0.0,0.0,37
2023-05-10 10:54:57,m2312-C-4150,m2312-C-4150,18.5,0.0,0.0,0.0,1,1.5,182.5,10,18.5,0.0,0.0,0.0,0.0,0.0,37
2023-05-10 10:55:00,m2312-C-4150,m2312-C-4150,18.5,0.0,0.0,0.0,1,1.5,182.0,1,18.5,0.0,0.0,0.0,0.0,0.0,37
2023-05-10 10:55:00,m2312-C-4150,m2312-C-4150,18.5,0.0,0.0,0.0,1,1.5,181.5,10,18.5,0.0,0.0,0.0,0.0,0.0,37
2023-05-10 10:55:06,m2312-C-4150,m2312-C-4150,18.5,0.0,0.0,0.0,1,1.5,181.0,1,18.5,0.0,0.0,0.0,0.0,0.0,37
2023-05-10 10:55:06,m2312-C-4150,m2312-C-4150,18.5,0.0,0.0,0.0,1,1.5,180.5,10,18.5,0.0,0.0,0.0,0.0,0.0,37
2023-05-10 10:55:09,m2312-C-4150,m2312-C-4150,18.5,0.0,0.0,0.0,1,1.5,180.0,1,18.5,0.0,0.0,0.0,0.0,0.0,37
2023-05-10 10:55:09,m2312-C-4150,m2312-C-4150,18.5,0.0,0.0,0.0,1,1.5,179.5,10,18.5,0.0,0.0,0.0,0.0,0.0,37
2023-05-10 10:55:13,m2312-C-4150,m2312-C-4150,18.5,0.0,0.0,0.0,1,1.5,179.0,1,18.5,0.0,0.0,0.0,0.0,0.0,37
2023-05-10 10:55:13,m2312-C-4150,m2312-C-4150,18.5,0.0,0.0,0.0,1,1.5,178.5,10,18.5,0.0,0.0,0.0,0.0,0.0,37
2023-05-10 11:29:33,m2312-C-4150,m2312-C-4150,18.5,0.0,0.0,0.0,1,1.5,0.0,0,18.5,0.0,0.0,0.0,0.0,0.0,37
2023-05-10 13:44:00,m2312-C-4150,m2312-C-4150,18.5,0.0,0.0,0.0,1,1.5,227.0,1,18.5,0.0,0.0,0.0,0.0,0.0,37
2023-05-10 13:44:00,m2312-C-4150,m2312-C-4150,18.5,0.0,0.0,0.0,1,1.5,226.5,10,18.5,0.0,0.0,0.0,0.0,0.0,37
2023-05-10 13:44:12,m2312-C-4150,m2312-C-4150,18.5,0.0,0.0,0.0,1,1.5,226.0,1,18.5,0.0,0.0,0.0,0.0,0.0,37
2023-05-10 13:44:12,m2312-C-4150,m2312-C-4150,18.5,0.0,0.0,0.0,1,1.5,225.5,10,18.5,0.0,0.0,0.0,0.0,0.0,37
2023-05-10 13:44:20,m2312-C-4150,m2312-C-4150,18.5,0.0,0.0,0.0,1,1.5,225.0,1,18.5,0.0,0.0,0.0,0.0,0.0,37
2023-05-10 13:44:20,m2312-C-4150,m2312-C-4150,18.5,0.0,0.0,0.0,1,1.5,224.5,10,18.5,0.0,0.0,0.0,0.0,0.0,37
2023-05-10 13:44:26,m2312-C-4150,m2312-C-4150,18.5,0.0,0.0,0.0,1,1.5,224.0,1,18.5,0.0,0.0,0.0,0.0,0.0,37
2023-05-10 13:44:27,m2312-C-4150,m2312-C-4150,18.5,0.0,0.0,0.0,1,1.5,223.5,10,18.5,0.0,0.0,0.0,0.0,0.0,37
2023-05-10 13:44:37,m2312-C-4150,m2312-C-4150,18.5,0.0,0.0,0.0,1,1.5,223.0,1,18.5,0.0,0.0,0.0,0.0,0.0,37
2023-05-10 13:44:37,m2312-C-4150,m2312-C-4150,18.5,0.0,0.0,0.0,1,1.5,222.5,10,18.5,0.0,0.0,0.0,0.0,0.0,37
2023-05-10 13:44:41,m2312-C-4150,m2312-C-4150,18.5,0.0,0.0,0.0,1,1.5,222.0,1,18.5,0.0,0.0,0.0,0.0,0.0,37
2023-05-10 13:44:41,m2312-C-4150,m2312-C-4150,18.5,0.0,0.0,0.0,1,1.5,221.5,10,18.5,0.0,0.0,0.0,0.0,0.0,37
2023-05-10 13:44:46,m2312-C-4150,m2312-C-4150,18.5,0.0,0.0,0.0,1,1.5,221.0,1,18.5,0.0,0.0,0.0,0.0,0.0,37
2023-05-10 13:44:46,m2312-C-4150,m2312-C-4150,18.5,0.0,0.0,0.0,1,1.5,220.5,10,18.5,0.0,0.0,0.0,0.0,0.0,37
2023-05-10 13:44:51,m2312-C-4150,m2312-C-4150,18.5,0.0,0.0,0.0,1,1.5,220.0,1,18.5,0.0,0.0,0.0,0.0,0.0,37
2023-05-10 13:44:51,m2312-C-4150,m2312-C-4150,18.5,0.0,0.0,0.0,1,1.5,219.5,10,18.5,0.0,0.0,0.0,0.0,0.0,37
2023-05-10 13:45:02,m2312-C-4150,m2312-C-4150,18.5,0.0,0.0,0.0,1,1.5,219.0,1,18.5,0.0,0.0,0.0,0.0,0.0,37
2023-05-10 13:45:02,m2312-C-4150,m2312-C-4150,18.5,0.0,0.0,0.0,1,1.5,218.5,10,18.5,0.0,0.0,0.0,0.0,0.0,37
2023-05-10 13:45:05,m2312-C-4150,m2312-C-4150,18.5,0.0,0.0,0.0,1,1.5,218.0,1,18.5,0.0,0.0,0.0,0.0,0.0,37
2023-05-10 13:45:05,m2312-C-4150,m2312-C-4150,18.5,0.0,0.0,0.0,1,1.5,217.5,10,18.5,0.0,0.0,0.0,0.0,0.0,37
2023-05-10 13:45:08,m2312-C-4150,m2312-C-4150,18.5,0.0,0.0,0.0,1,1.5,217.0,1,18.5,0.0,0.0,0.0,0.0,0.0,37
2023-05-10 13:45:08,m2312-C-4150,m2312-C-4150,18.5,0.0,0.0,0.0,1,1.5,216.5,10,18.5,0.0,0.0,0.0,0.0,0.0,37
2023-05-10 13:45:13,m2312-C-4150,m2312-C-4150,18.5,0.0,0.0,0.0,1,1.5,216.0,1,18.5,0.0,0.0,0.0,0.0,0.0,37
2023-05-10 13:45:13,m2312-C-4150,m2312-C-4150,18.5,0.0,0.0,0.0,1,1.5,215.5,10,18.5,0.0,0.0,0.0,0.0,0.0,37
2023-05-10 13:45:19,m2312-C-4150,m2312-C-4150,18.5,0.0,0.0,0.0,1,1.5,215.0,1,18.5,0.0,0.0,0.0,0.0,0.0,37
2023-05-10 13:45:19,m2312-C-4150,m2312-C-4150,18.5,0.0,0.0,0.0,1,1.5,214.5,10,18.5,0.0,0.0,0.0,0.0,0.0,37
2023-05-10 13:45:30,m2312-C-4150,m2312-C-4150,18.5,0.0,0.0,0.0,1,1.5,214.0,1,18.5,0.0,0.0,0.0,0.0,0.0,37
2023-05-10 13:45:30,m2312-C-4150,m2312-C-4150,18.5,0.0,0.0,0.0,1,1.5,213.5,10,18.5,0.0,0.0,0.0,0.0,0.0,37
2023-05-10 13:45:46,m2312-C-4150,m2312-C-4150,18.5,0.0,0.0,0.0,1,1.5,213.0,1,18.5,0.0,0.0,0.0,0.0,0.0,37
2023-05-10 13:45:46,m2312-C-4150,m2312-C-4150,18.5,0.0,0.0,0.0,1,1.5,212.5,10,18.5,0.0,0.0,0.0,0.0,0.0,37
2023-05-10 13:46:12,m2312-C-4150,m2312-C-4150,18.5,0.0,0.0,0.0,1,1.5,212.0,1,18.5,0.0,0.0,0.0,0.0,0.0,37
2023-05-10 13:46:13,m2312-C-4150,m2312-C-4150,18.5,0.0,0.0,0.0,1,1.5,211.5,10,18.5,0.0,0.0,0.0,0.0,0.0,37
2023-05-10 13:46:25,m2312-C-4150,m2312-C-4150,18.5,0.0,0.0,0.0,1,1.5,211.0,1,18.5,0.0,0.0,0.0,0.0,0.0,37
2023-05-10 13:46:26,m2312-C-4150,m2312-C-4150,18.5,0.0,0.0,0.0,1,1.5,210.5,10,18.5,0.0,0.0,0.0,0.0,0.0,37
2023-05-10 13:46:40,m2312-C-4150,m2312-C-4150,18.5,0.0,0.0,0.0,1,1.5,210.0,1,18.5,0.0,0.0,0.0,0.0,0.0,37
2023-05-10 13:46:40,m2312-C-4150,m2312-C-4150,18.5,0.0,0.0,0.0,1,1.5,209.5,10,18.5,0.0,0.0,0.0,0.0,0.0,37
2023-05-10 13:46:51,m2312-C-4150,m2312-C-4150,18.5,0.0,0.0,0.0,1,1.5,209.0,1,18.5,0.0,0.0,0.0,0.0,0.0,37
2023-05-10 13:46:52,m2312-C-4150,m2312-C-4150,18.5,0.0,0.0,0.0,1,1.5,208.5,10,18.5,0.0,0.0,0.0,0.0,0.0,37
2023-05-10 13:47:07,m2312-C-4150,m2312-C-4150,18.5,0.0,0.0,0.0,1,1.5,208.0,1,18.5,0.0,0.0,0.0,0.0,0.0,37
2023-05-10 13:47:07,m2312-C-4150,m2312-C-4150,18.5,0.0,0.0,0.0,1,1.5,207.5,10,18.5,0.0,0.0,0.0,0.0,0.0,37
2023-05-10 13:47:12,m2312-C-4150,m2312-C-4150,18.5,0.0,0.0,0.0,1,1.5,207.0,1,18.5,0.0,0.0,0.0,0.0,0.0,37
2023-05-10 13:47:13,m2312-C-4150,m2312-C-4150,18.5,0.0,0.0,0.0,1,1.5,206.5,10,18.5,0.0,0.0,0.0,0.0,0.0,37
2023-05-10 13:47:23,m2312-C-4150,m2312-C-4150,18.5,0.0,0.0,0.0,1,1.5,206.0,1,18.5,0.0,0.0,0.0,0.0,0.0,37
2023-05-10 13:47:23,m2312-C-4150,m2312-C-4150,18.5,0.0,0.0,0.0,1,1.5,205.5,10,18.5,0.0,0.0,0.0,0.0,0.0,37
2023-05-10 13:47:31,m2312-C-4150,m2312-C-4150,18.5,0.0,0.0,0.0,1,1.5,205.0,1,18.5,0.0,0.0,0.0,0.0,0.0,37
2023-05-10 13:47:31,m2312-C-4150,m2312-C-4150,18.5,0.0,0.0,0.0,1,1.5,204.5,10,18.5,0.0,0.0,0.0,0.0,0.0,37
2023-05-10 13:47:35,m2312-C-4150,m2312-C-4150,18.5,0.0,0.0,0.0,1,1.5,204.0,1,18.5,0.0,0.0,0.0,0.0,0.0,37
2023-05-10 13:47:35,m2312-C-4150,m2312-C-4150,18.5,0.0,0.0,0.0,1,1.5,203.5,10,18.5,0.0,0.0,0.0,0.0,0.0,37
2023-05-10 13:47:40,m2312-C-4150,m2312-C-4150,18.5,0.0,0.0,0.0,1,1.5,203.0,1,18.5,0.0,0.0,0.0,0.0,0.0,37
2023-05-10 13:47:40,m2312-C-4150,m2312-C-4150,18.5,0.0,0.0,0.0,1,1.5,202.5,10,18.5,0.0,0.0,0.0,0.0,0.0,37
2023-05-10 13:48:03,m2312-C-4150,m2312-C-4150,18.5,0.0,0.0,0.0,1,1.5,202.0,1,18.5,0.0,0.0,0.0,0.0,0.0,37
2023-05-10 13:48:04,m2312-C-4150,m2312-C-4150,18.5,0.0,0.0,0.0,1,1.5,201.5,10,18.5,0.0,0.0,0.0,0.0,0.0,37
2023-05-10 13:48:15,m2312-C-4150,m2312-C-4150,18.5,0.0,0.0,0.0,1,1.5,201.0,1,18.5,0.0,0.0,0.0,0.0,0.0,37
2023-05-10 13:48:15,m2312-C-4150,m2312-C-4150,18.5,0.0,0.0,0.0,1,1.5,200.5,10,18.5,0.0,0.0,0.0,0.0,0.0,37
2023-05-10 13:48:20,m2312-C-4150,m2312-C-4150,18.5,0.0,0.0,0.0,1,1.5,200.0,1,18.5,0.0,0.0,0.0,0.0,0.0,37
2023-05-10 13:48:20,m2312-C-4150,m2312-C-4150,18.5,0.0,0.0,0.0,1,1.5,199.5,10,18.5,0.0,0.0,0.0,0.0,0.0,37
2023-05-10 13:48:25,m2312-C-4150,m2312-C-4150,18.5,0.0,0.0,0.0,1,1.5,199.0,1,18.5,0.0,0.0,0.0,0.0,0.0,37
2023-05-10 13:48:25,m2312-C-4150,m2312-C-4150,18.5,0.0,0.0,0.0,1,1.5,198.5,10,18.5,0.0,0.0,0.0,0.0,0.0,37
2023-05-10 13:48:33,m2312-C-4150,m2312-C-4150,18.5,0.0,0.0,0.0,1,1.5,198.0,1,18.5,0.0,0.0,0.0,0.0,0.0,37
2023-05-10 13:48:33,m2312-C-4150,m2312-C-4150,18.5,0.0,0.0,0.0,1,1.5,197.5,10,18.5,0.0,0.0,0.0,0.0,0.0,37
2023-05-10 13:48:36,m2312-C-4150,m2312-C-4150,18.5,0.0,0.0,0.0,1,1.5,197.0,1,18.5,0.0,0.0,0.0,0.0,0.0,37
2023-05-10 13:48:37,m2312-C-4150,m2312-C-4150,18.5,0.0,0.0,0.0,1,1.5,196.5,10,18.5,0.0,0.0,0.0,0.0,0.0,37
2023-05-10 13:48:42,m2312-C-4150,m2312-C-4150,18.5,0.0,0.0,0.0,1,1.5,196.0,1,18.5,0.0,0.0,0.0,0.0,0.0,37
2023-05-10 13:48:42,m2312-C-4150,m2312-C-4150,18.5,0.0,0.0,0.0,1,1.5,195.5,10,18.5,0.0,0.0,0.0,0.0,0.0,37
2023-05-10 13:48:45,m2312-C-4150,m2312-C-4150,18.5,0.0,0.0,0.0,1,1.5,195.0,1,18.5,0.0,0.0,0.0,0.0,0.0,37
2023-05-10 13:48:45,m2312-C-4150,m2312-C-4150,18.5,0.0,0.0,0.0,1,1.5,194.5,10,18.5,0.0,0.0,0.0,0.0,0.0,37
2023-05-10 13:48:49,m2312-C-4150,m2312-C-4150,18.5,0.0,0.0,0.0,1,1.5,194.0,1,18.5,0.0,0.0,0.0,0.0,0.0,37
2023-05-10 13:48:50,m2312-C-4150,m2312-C-4150,18.5,0.0,0.0,0.0,1,1.5,193.5,10,18.5,0.0,0.0,0.0,0.0,0.0,37
2023-05-10 13:48:57,m2312-C-4150,m2312-C-4150,18.5,0.0,0.0,0.0,1,1.5,193.0,1,18.5,0.0,0.0,0.0,0.0,0.0,37
2023-05-10 13:48:57,m2312-C-4150,m2312-C-4150,18.5,0.0,0.0,0.0,1,1.5,192.5,10,18.5,0.0,0.0,0.0,0.0,0.0,37
2023-05-10 13:49:02,m2312-C-4150,m2312-C-4150,18.5,0.0,0.0,0.0,1,1.5,192.0,1,18.5,0.0,0.0,0.0,0.0,0.0,37
2023-05-10 13:49:02,m2312-C-4150,m2312-C-4150,18.5,0.0,0.0,0.0,1,1.5,191.5,10,18.5,0.0,0.0,0.0,0.0,0.0,37
2023-05-10 13:49:05,m2312-C-4150,m2312-C-4150,18.5,0.0,0.0,0.0,1,1.5,191.0,1,18.5,0.0,0.0,0.0,0.0,0.0,37
2023-05-10 13:49:06,m2312-C-4150,m2312-C-4150,18.5,0.0,0.0,0.0,1,1.5,190.5,10,18.5,0.0,0.0,0.0,0.0,0.0,37
2023-05-10 13:49:57,m2312-C-4150,m2312-C-4150,18.5,0.0,0.0,0.0,1,1.5,190.0,1,18.5,0.0,0.0,0.0,0.0,0.0,37
2023-05-10 13:49:57,m2312-C-4150,m2312-C-4150,18.5,0.0,0.0,0.0,1,1.5,189.5,10,18.5,0.0,0.0,0.0,0.0,0.0,37
2023-05-10 13:50:11,m2312-C-4150,m2312-C-4150,18.5,0.0,0.0,0.0,1,1.5,189.0,1,18.5,0.0,0.0,0.0,0.0,0.0,37
2023-05-10 13:50:11,m2312-C-4150,m2312-C-4150,18.5,0.0,0.0,0.0,1,1.5,188.5,10,18.5,0.0,0.0,0.0,0.0,0.0,37
2023-05-10 13:50:14,m2312-C-4150,m2312-C-4150,18.5,0.0,0.0,0.0,1,1.5,188.0,1,18.5,0.0,0.0,0.0,0.0,0.0,37
2023-05-10 13:50:15,m2312-C-4150,m2312-C-4150,18.5,0.0,0.0,0.0,1,1.5,187.5,10,18.5,0.0,0.0,0.0,0.0,0.0,37
2023-05-10 13:50:18,m2312-C-4150,m2312-C-4150,18.5,0.0,0.0,0.0,1,1.5,187.0,1,18.5,0.0,0.0,0.0,0.0,0.0,37
2023-05-10 13:50:18,m2312-C-4150,m2312-C-4150,18.5,0.0,0.0,0.0,1,1.5,186.5,10,18.5,0.0,0.0,0.0,0.0,0.0,37
2023-05-10 13:50:23,m2312-C-4150,m2312-C-4150,18.5,0.0,0.0,0.0,1,1.5,186.0,1,18.5,0.0,0.0,0.0,0.0,0.0,37
2023-05-10 13:50:23,m2312-C-4150,m2312-C-4150,18.5,0.0,0.0,0.0,1,1.5,185.5,10,18.5,0.0,0.0,0.0,0.0,0.0,37
2023-05-10 13:50:28,m2312-C-4150,m2312-C-4150,18.5,0.0,0.0,0.0,1,1.5,185.0,1,18.5,0.0,0.0,0.0,0.0,0.0,37
2023-05-10 13:50:28,m2312-C-4150,m2312-C-4150,18.5,0.0,0.0,0.0,1,1.5,184.5,10,18.5,0.0,0.0,0.0,0.0,0.0,37
2023-05-10 13:50:31,m2312-C-4150,m2312-C-4150,18.5,0.0,0.0,0.0,1,1.5,184.0,1,18.5,0.0,0.0,0.0,0.0,0.0,37
2023-05-10 13:50:31,m2312-C-4150,m2312-C-4150,18.5,0.0,0.0,0.0,1,1.5,183.5,10,18.5,0.0,0.0,0.0,0.0,0.0,37
2023-05-10 13:50:34,m2312-C-4150,m2312-C-4150,18.5,0.0,0.0,0.0,1,1.5,183.0,1,18.5,0.0,0.0,0.0,0.0,0.0,37
2023-05-10 13:50:34,m2312-C-4150,m2312-C-4150,18.5,0.0,0.0,0.0,1,1.5,182.5,10,18.5,0.0,0.0,0.0,0.0,0.0,37
2023-05-10 13:50:37,m2312-C-4150,m2312-C-4150,18.5,0.0,0.0,0.0,1,1.5,182.0,1,18.5,0.0,0.0,0.0,0.0,0.0,37
2023-05-10 13:50:37,m2312-C-4150,m2312-C-4150,18.5,0.0,0.0,0.0,1,1.5,181.5,10,18.5,0.0,0.0,0.0,0.0,0.0,37
2023-05-10 13:50:41,m2312-C-4150,m2312-C-4150,18.5,0.0,0.0,0.0,1,1.5,181.0,1,18.5,0.0,0.0,0.0,0.0,0.0,37
2023-05-10 13:50:41,m2312-C-4150,m2312-C-4150,18.5,0.0,0.0,0.0,1,1.5,180.5,10,18.5,0.0,0.0,0.0,0.0,0.0,37
2023-05-10 13:50:45,m2312-C-4150,m2312-C-4150,18.5,0.0,0.0,0.0,1,1.5,180.0,1,18.5,0.0,0.0,0.0,0.0,0.0,37
2023-05-10 13:50:45,m2312-C-4150,m2312-C-4150,18.5,0.0,0.0,0.0,1,1.5,179.5,10,18.5,0.0,0.0,0.0,0.0,0.0,37
2023-05-10 13:50:48,m2312-C-4150,m2312-C-4150,18.5,0.0,0.0,0.0,1,1.5,179.0,1,18.5,0.0,0.0,0.0,0.0,0.0,37
2023-05-10 13:50:48,m2312-C-4150,m2312-C-4150,18.5,0.0,0.0,0.0,1,1.5,178.5,10,18.5,0.0,0.0,0.0,0.0,0.0,37
2023-05-10 14:45:03,m2312-C-4150,m2312-C-4150,18.5,0.0,0.0,0.0,5,7.5,13.5,5,18.5,0.0,0.0,0.0,0.0,0.0,37
2023-05-10 14:45:08,m2312-C-4150,m2312-C-4150,18.5,0.0,0.0,0.0,5,9.5,13.5,5,18.5,0.0,0.0,0.0,0.0,0.0,37
2023-05-10 14:45:10,m2312-C-4150,m2312-C-4150,18.5,0.0,0.0,0.0,10,9.5,13.5,10,18.5,0.0,0.0,0.0,0.0,0.0,37
2023-05-10 14:45:12,m2312-C-4150,m2312-C-4150,18.5,0.0,0.0,0.0,10,9.5,12.5,5,18.5,0.0,0.0,0.0,0.0,0.0,37
2023-05-10 14:45:19,m2312-C-4150,m2312-C-4150,18.5,0.0,0.0,0.0,5,9.5,12.5,5,18.5,0.0,0.0,0.0,0.0,0.0,37
2023-05-10 14:45:20,m2312-C-4150,m2312-C-4150,18.5,0.0,0.0,0.0,5,9.0,12.5,5,18.5,0.0,0.0,0.0,0.0,0.0,37
2023-05-10 14:45:23,m2312-C-4150,m2312-C-4150,18.5,0.0,0.0,0.0,5,9.0,14.0,15,18.5,0.0,0.0,0.0,0.0,0.0,37
2023-05-10 14:45:23,m2312-C-4150,m2312-C-4150,18.5,0.0,0.0,0.0,5,9.0,14.0,10,18.5,0.0,0.0,0.0,0.0,0.0,37
2023-05-10 14:45:25,m2312-C-4150,m2312-C-4150,18.5,0.0,0.0,0.0,5,8.0,14.0,5,18.5,0.0,0.0,0.0,0.0,0.0,37
2023-05-10 14:45:29,m2312-C-4150,m2312-C-4150,18.5,0.0,0.0,0.0,1,1.5,0.0,0,18.5,0.0,0.0,0.0,0.0,0.0,37
2023-05-10 14:45:30,m2312-C-4150,m2312-C-4150,18.5,0.0,0.0,0.0,1,2.0,0.0,0,18.5,0.0,0.0,0.0,0.0,0.0,37
2023-05-10 14:45:31,m2312-C-4150,m2312-C-4150,18.5,0.0,0.0,0.0,1,1.5,0.0,0,18.5,0.0,0.0,0.0,0.0,0.0,37
2023-05-10 15:01:15,m2312-C-4150,m2312-C-4150,18.5,0.0,0.0,0.0,1,1.5,0.0,0,18.5,0.0,0.0,0.0,0.0,0.0,37
