time,symbol_id,symbol_name,last,trade_volume,trade_amount,open_interest_change,bv1,bp1,ap1,av1,yesterday_close,today_open,today_high,today_low,volume,amount,open_interest
2023-05-09 20:56:06,m2312-P-3100,m2312-P-3100,39.0,0.0,0.0,0.0,1,0.5,0.0,0,39.0,42.0,0.0,0.0,0.0,0.0,106
2023-05-09 21:01:31,m2312-P-3100,m2312-P-3100,39.0,0.0,0.0,0.0,1,1.0,0.0,0,39.0,42.0,0.0,0.0,0.0,0.0,106
2023-05-09 21:05:00,m2312-P-3100,m2312-P-3100,39.0,0.0,0.0,0.0,1,1.0,248.0,1,39.0,42.0,0.0,0.0,0.0,0.0,106
2023-05-09 21:06:24,m2312-P-3100,m2312-P-3100,39.0,0.0,0.0,0.0,1,1.5,248.0,1,39.0,42.0,0.0,0.0,0.0,0.0,106
2023-05-09 21:06:24,m2312-P-3100,m2312-P-3100,39.0,0.0,0.0,0.0,1,2.0,248.0,1,39.0,42.0,0.0,0.0,0.0,0.0,106
2023-05-09 21:09:03,m2312-P-3100,m2312-P-3100,39.0,0.0,0.0,0.0,1,2.5,248.0,1,39.0,42.0,0.0,0.0,0.0,0.0,106
2023-05-09 21:36:24,m2312-P-3100,m2312-P-3100,39.0,0.0,0.0,0.0,1,3.0,248.0,1,39.0,42.0,0.0,0.0,0.0,0.0,106
2023-05-09 21:41:03,m2312-P-3100,m2312-P-3100,39.0,0.0,0.0,0.0,1,11.0,248.0,1,39.0,42.0,0.0,0.0,0.0,0.0,106
2023-05-09 21:41:04,m2312-P-3100,m2312-P-3100,39.0,0.0,0.0,0.0,5,41.0,47.5,5,39.0,42.0,0.0,0.0,0.0,0.0,106
2023-05-09 21:41:05,m2312-P-3100,m2312-P-3100,39.0,0.0,0.0,0.0,10,41.0,47.5,10,39.0,42.0,0.0,0.0,0.0,0.0,106
2023-05-09 21:41:09,m2312-P-3100,m2312-P-3100,39.0,0.0,0.0,0.0,5,42.0,47.5,10,39.0,42.0,0.0,0.0,0.0,0.0,106
2023-05-09 21:41:11,m2312-P-3100,m2312-P-3100,39.0,0.0,0.0,0.0,10,42.0,47.5,15,39.0,42.0,0.0,0.0,0.0,0.0,106
2023-05-09 21:41:13,m2312-P-3100,m2312-P-3100,42.0,5.0,2100.0,0.0,5,42.0,47.5,10,39.0,42.0,42.0,42.0,5.0,2100.0,106
2023-05-09 21:41:15,m2312-P-3100,m2312-P-3100,42.0,0.0,0.0,0.0,5,42.0,45.0,5,39.0,42.0,42.0,42.0,5.0,2100.0,106
2023-05-09 21:41:21,m2312-P-3100,m2312-P-3100,42.0,0.0,0.0,0.0,5,41.5,45.0,5,39.0,42.0,42.0,42.0,5.0,2100.0,106
2023-05-09 21:41:26,m2312-P-3100,m2312-P-3100,42.0,0.0,0.0,0.0,5,41.5,46.5,5,39.0,42.0,42.0,42.0,5.0,2100.0,106
2023-05-09 21:41:28,m2312-P-3100,m2312-P-3100,42.0,0.0,0.0,0.0,5,40.5,46.5,5,39.0,42.0,42.0,42.0,5.0,2100.0,106
2023-05-09 21:41:30,m2312-P-3100,m2312-P-3100,42.0,0.0,0.0,0.0,1,3.0,0.0,0,39.0,42.0,42.0,42.0,5.0,2100.0,106
2023-05-10 09:00:03,m2312-P-3100,m2312-P-3100,42.0,0.0,0.0,0.0,1,2.5,0.0,0,39.0,42.0,42.0,42.0,5.0,2100.0,106
2023-05-10 09:00:18,m2312-P-3100,m2312-P-3100,42.0,0.0,0.0,0.0,1,3.0,0.0,0,39.0,42.0,42.0,42.0,5.0,2100.0,106
2023-05-10 09:05:42,m2312-P-3100,m2312-P-3100,42.0,0.0,0.0,0.0,1,3.0,248.0,1,39.0,42.0,42.0,42.0,5.0,2100.0,106
2023-05-10 09:28:59,m2312-P-3100,m2312-P-3100,42.0,0.0,0.0,0.0,1,3.0,247.5,1,39.0,42.0,42.0,42.0,5.0,2100.0,106
2023-05-10 09:29:13,m2312-P-3100,m2312-P-3100,42.0,0.0,0.0,0.0,1,3.0,247.0,1,39.0,42.0,42.0,42.0,5.0,2100.0,106
2023-05-10 10:01:47,m2312-P-3100,m2312-P-3100,42.0,0.0,0.0,0.0,1,3.0,246.5,1,39.0,42.0,42.0,42.0,5.0,2100.0,106
2023-05-10 10:01:48,m2312-P-3100,m2312-P-3100,42.0,0.0,0.0,0.0,1,3.0,246.0,1,39.0,42.0,42.0,42.0,5.0,2100.0,106
2023-05-10 10:03:02,m2312-P-3100,m2312-P-3100,42.0,0.0,0.0,0.0,1,3.0,245.5,1,39.0,42.0,42.0,42.0,5.0,2100.0,106
2023-05-10 10:03:02,m2312-P-3100,m2312-P-3100,42.0,0.0,0.0,0.0,1,3.0,245.0,1,39.0,42.0,42.0,42.0,5.0,2100.0,106
2023-05-10 10:13:21,m2312-P-3100,m2312-P-3100,42.0,0.0,0.0,0.0,1,3.0,245.5,1,39.0,42.0,42.0,42.0,5.0,2100.0,106
2023-05-10 10:32:46,m2312-P-3100,m2312-P-3100,42.0,0.0,0.0,0.0,1,3.0,245.0,1,39.0,42.0,42.0,42.0,5.0,2100.0,106
2023-05-10 10:40:18,m2312-P-3100,m2312-P-3100,42.0,0.0,0.0,0.0,1,3.0,244.5,1,39.0,42.0,42.0,42.0,5.0,2100.0,106
2023-05-10 10:40:54,m2312-P-3100,m2312-P-3100,42.0,0.0,0.0,0.0,1,3.0,244.0,1,39.0,42.0,42.0,42.0,5.0,2100.0,106
2023-05-10 10:48:10,m2312-P-3100,m2312-P-3100,42.0,0.0,0.0,0.0,1,3.0,243.5,1,39.0,42.0,42.0,42.0,5.0,2100.0,106
2023-05-10 10:48:16,m2312-P-3100,m2312-P-3100,42.0,0.0,0.0,0.0,1,3.0,243.0,1,39.0,42.0,42.0,42.0,5.0,2100.0,106
2023-05-10 11:21:29,m2312-P-3100,m2312-P-3100,42.0,0.0,0.0,0.0,1,3.0,242.5,1,39.0,42.0,42.0,42.0,5.0,2100.0,106
2023-05-10 11:21:31,m2312-P-3100,m2312-P-3100,42.0,0.0,0.0,0.0,1,3.0,242.0,1,39.0,42.0,42.0,42.0,5.0,2100.0,106
2023-05-10 11:28:20,m2312-P-3100,m2312-P-3100,42.0,0.0,0.0,0.0,1,3.0,242.5,1,39.0,42.0,42.0,42.0,5.0,2100.0,106
2023-05-10 11:29:31,m2312-P-3100,m2312-P-3100,42.0,0.0,0.0,0.0,2,2.5,242.5,1,39.0,42.0,42.0,42.0,5.0,2100.0,106
2023-05-10 13:30:20,m2312-P-3100,m2312-P-3100,42.0,0.0,0.0,0.0,1,3.0,242.5,1,39.0,42.0,42.0,42.0,5.0,2100.0,106
2023-05-10 13:31:51,m2312-P-3100,m2312-P-3100,42.0,0.0,0.0,0.0,1,3.0,242.0,1,39.0,42.0,42.0,42.0,5.0,2100.0,106
2023-05-10 13:35:01,m2312-P-3100,m2312-P-3100,42.0,0.0,0.0,0.0,1,3.0,241.5,1,39.0,42.0,42.0,42.0,5.0,2100.0,106
2023-05-10 13:35:21,m2312-P-3100,m2312-P-3100,42.0,0.0,0.0,0.0,1,3.0,241.0,1,39.0,42.0,42.0,42.0,5.0,2100.0,106
2023-05-10 13:57:19,m2312-P-3100,m2312-P-3100,42.0,0.0,0.0,0.0,1,3.0,240.5,1,39.0,42.0,42.0,42.0,5.0,2100.0,106
2023-05-10 13:57:25,m2312-P-3100,m2312-P-3100,42.0,0.0,0.0,0.0,1,3.0,240.0,1,39.0,42.0,42.0,42.0,5.0,2100.0,106
2023-05-10 13:59:34,m2312-P-3100,m2312-P-3100,42.0,0.0,0.0,0.0,1,3.0,239.5,1,39.0,42.0,42.0,42.0,5.0,2100.0,106
2023-05-10 13:59:38,m2312-P-3100,m2312-P-3100,42.0,0.0,0.0,0.0,1,3.0,239.0,1,39.0,42.0,42.0,42.0,5.0,2100.0,106
2023-05-10 14:00:32,m2312-P-3100,m2312-P-3100,42.0,0.0,0.0,0.0,1,3.0,238.5,1,39.0,42.0,42.0,42.0,5.0,2100.0,106
2023-05-10 14:00:34,m2312-P-3100,m2312-P-3100,42.0,0.0,0.0,0.0,1,3.0,238.0,1,39.0,42.0,42.0,42.0,5.0,2100.0,106
2023-05-10 14:40:31,m2312-P-3100,m2312-P-3100,42.0,0.0,0.0,0.0,1,3.0,237.5,1,39.0,42.0,42.0,42.0,5.0,2100.0,106
2023-05-10 14:40:33,m2312-P-3100,m2312-P-3100,42.0,0.0,0.0,0.0,1,3.0,237.0,1,39.0,42.0,42.0,42.0,5.0,2100.0,106
2023-05-10 14:45:03,m2312-P-3100,m2312-P-3100,42.0,0.0,0.0,0.0,5,41.0,47.5,5,39.0,42.0,42.0,42.0,5.0,2100.0,106
2023-05-10 14:45:08,m2312-P-3100,m2312-P-3100,42.0,0.0,0.0,0.0,5,44.5,47.5,5,39.0,42.0,42.0,42.0,5.0,2100.0,106
2023-05-10 14:45:10,m2312-P-3100,m2312-P-3100,42.0,0.0,0.0,0.0,10,44.5,47.5,10,39.0,42.0,42.0,42.0,5.0,2100.0,106
2023-05-10 14:45:13,m2312-P-3100,m2312-P-3100,43.0,5.0,2150.0,0.0,5,44.5,47.5,10,39.0,42.0,43.0,42.0,10.0,4250.0,106
2023-05-10 14:45:14,m2312-P-3100,m2312-P-3100,43.0,0.0,0.0,0.0,5,44.5,46.0,5,39.0,42.0,43.0,42.0,10.0,4250.0,106
2023-05-10 14:45:20,m2312-P-3100,m2312-P-3100,43.0,0.0,0.0,0.0,5,43.0,46.0,5,39.0,42.0,43.0,42.0,10.0,4250.0,106
2023-05-10 14:45:23,m2312-P-3100,m2312-P-3100,43.0,0.0,0.0,0.0,5,42.0,46.0,5,39.0,42.0,43.0,42.0,10.0,4250.0,106
2023-05-10 14:45:25,m2312-P-3100,m2312-P-3100,43.0,0.0,0.0,0.0,5,42.0,48.5,5,39.0,42.0,43.0,42.0,10.0,4250.0,106
2023-05-10 14:45:29,m2312-P-3100,m2312-P-3100,43.0,0.0,0.0,0.0,1,3.0,237.5,1,39.0,42.0,43.0,42.0,10.0,4250.0,106
2023-05-10 14:45:30,m2312-P-3100,m2312-P-3100,43.0,0.0,0.0,0.0,1,3.0,232.0,1,39.0,42.0,43.0,42.0,10.0,4250.0,106
2023-05-10 14:45:30,m2312-P-3100,m2312-P-3100,43.0,0.0,0.0,0.0,1,11.0,232.0,1,39.0,42.0,43.0,42.0,10.0,4250.0,106
2023-05-10 14:45:31,m2312-P-3100,m2312-P-3100,43.0,0.0,0.0,0.0,1,3.0,232.0,1,39.0,42.0,43.0,42.0,10.0,4250.0,106
2023-05-10 14:59:52,m2312-P-3100,m2312-P-3100,43.0,0.0,0.0,0.0,1,3.0,237.5,1,39.0,42.0,43.0,42.0,10.0,4250.0,106
2023-05-10 15:01:15,m2312-P-3100,m2312-P-3100,43.0,0.0,0.0,0.0,1,3.0,237.5,1,39.0,42.0,43.0,42.0,10.0,4250.0,106
