time,symbol_id,symbol_name,last,trade_volume,trade_amount,open_interest_change,bv1,bp1,ap1,av1,yesterday_close,today_open,today_high,today_low,volume,amount,open_interest
2023-05-09 21:00:34,m2312-C-3400,m2312-C-3400,220.0,0.0,0.0,0.0,10,49.5,0.0,0,220.0,0.0,0.0,0.0,0.0,0.0,5
2023-05-09 21:01:24,m2312-C-3400,m2312-C-3400,220.0,0.0,0.0,0.0,1,50.0,0.0,0,220.0,0.0,0.0,0.0,0.0,0.0,5
2023-05-09 21:01:24,m2312-C-3400,m2312-C-3400,220.0,0.0,0.0,0.0,10,50.5,0.0,0,220.0,0.0,0.0,0.0,0.0,0.0,5
2023-05-09 21:01:31,m2312-C-3400,m2312-C-3400,220.0,0.0,0.0,0.0,1,51.0,0.0,0,220.0,0.0,0.0,0.0,0.0,0.0,5
2023-05-09 21:01:31,m2312-C-3400,m2312-C-3400,220.0,0.0,0.0,0.0,10,51.5,0.0,0,220.0,0.0,0.0,0.0,0.0,0.0,5
2023-05-09 21:01:48,m2312-C-3400,m2312-C-3400,220.0,0.0,0.0,0.0,1,52.0,0.0,0,220.0,0.0,0.0,0.0,0.0,0.0,5
2023-05-09 21:01:48,m2312-C-3400,m2312-C-3400,220.0,0.0,0.0,0.0,10,52.5,0.0,0,220.0,0.0,0.0,0.0,0.0,0.0,5
2023-05-09 21:03:16,m2312-C-3400,m2312-C-3400,220.0,0.0,0.0,0.0,1,53.0,0.0,0,220.0,0.0,0.0,0.0,0.0,0.0,5
2023-05-09 21:03:16,m2312-C-3400,m2312-C-3400,220.0,0.0,0.0,0.0,10,53.5,0.0,0,220.0,0.0,0.0,0.0,0.0,0.0,5
2023-05-09 21:03:31,m2312-C-3400,m2312-C-3400,220.0,0.0,0.0,0.0,1,54.0,0.0,0,220.0,0.0,0.0,0.0,0.0,0.0,5
2023-05-09 21:03:31,m2312-C-3400,m2312-C-3400,220.0,0.0,0.0,0.0,10,54.5,0.0,0,220.0,0.0,0.0,0.0,0.0,0.0,5
2023-05-09 21:03:35,m2312-C-3400,m2312-C-3400,220.0,0.0,0.0,0.0,1,55.0,0.0,0,220.0,0.0,0.0,0.0,0.0,0.0,5
2023-05-09 21:03:35,m2312-C-3400,m2312-C-3400,220.0,0.0,0.0,0.0,10,55.5,0.0,0,220.0,0.0,0.0,0.0,0.0,0.0,5
2023-05-09 21:03:36,m2312-C-3400,m2312-C-3400,220.0,0.0,0.0,0.0,1,56.0,0.0,0,220.0,0.0,0.0,0.0,0.0,0.0,5
2023-05-09 21:03:36,m2312-C-3400,m2312-C-3400,220.0,0.0,0.0,0.0,10,56.5,0.0,0,220.0,0.0,0.0,0.0,0.0,0.0,5
2023-05-09 21:03:38,m2312-C-3400,m2312-C-3400,220.0,0.0,0.0,0.0,1,57.0,0.0,0,220.0,0.0,0.0,0.0,0.0,0.0,5
2023-05-09 21:03:38,m2312-C-3400,m2312-C-3400,220.0,0.0,0.0,0.0,10,57.5,0.0,0,220.0,0.0,0.0,0.0,0.0,0.0,5
2023-05-09 21:03:42,m2312-C-3400,m2312-C-3400,220.0,0.0,0.0,0.0,1,58.0,0.0,0,220.0,0.0,0.0,0.0,0.0,0.0,5
2023-05-09 21:03:42,m2312-C-3400,m2312-C-3400,220.0,0.0,0.0,0.0,10,58.5,0.0,0,220.0,0.0,0.0,0.0,0.0,0.0,5
2023-05-09 21:03:44,m2312-C-3400,m2312-C-3400,220.0,0.0,0.0,0.0,1,59.0,0.0,0,220.0,0.0,0.0,0.0,0.0,0.0,5
2023-05-09 21:03:44,m2312-C-3400,m2312-C-3400,220.0,0.0,0.0,0.0,10,59.5,0.0,0,220.0,0.0,0.0,0.0,0.0,0.0,5
2023-05-09 21:03:46,m2312-C-3400,m2312-C-3400,220.0,0.0,0.0,0.0,1,60.0,0.0,0,220.0,0.0,0.0,0.0,0.0,0.0,5
2023-05-09 21:03:46,m2312-C-3400,m2312-C-3400,220.0,0.0,0.0,0.0,10,60.5,0.0,0,220.0,0.0,0.0,0.0,0.0,0.0,5
2023-05-09 21:03:48,m2312-C-3400,m2312-C-3400,220.0,0.0,0.0,0.0,1,61.0,0.0,0,220.0,0.0,0.0,0.0,0.0,0.0,5
2023-05-09 21:03:48,m2312-C-3400,m2312-C-3400,220.0,0.0,0.0,0.0,10,61.5,0.0,0,220.0,0.0,0.0,0.0,0.0,0.0,5
2023-05-09 21:03:50,m2312-C-3400,m2312-C-3400,220.0,0.0,0.0,0.0,1,62.0,0.0,0,220.0,0.0,0.0,0.0,0.0,0.0,5
2023-05-09 21:03:50,m2312-C-3400,m2312-C-3400,220.0,0.0,0.0,0.0,10,62.5,0.0,0,220.0,0.0,0.0,0.0,0.0,0.0,5
2023-05-09 21:03:52,m2312-C-3400,m2312-C-3400,220.0,0.0,0.0,0.0,1,63.0,0.0,0,220.0,0.0,0.0,0.0,0.0,0.0,5
2023-05-09 21:03:52,m2312-C-3400,m2312-C-3400,220.0,0.0,0.0,0.0,10,63.5,0.0,0,220.0,0.0,0.0,0.0,0.0,0.0,5
2023-05-09 21:04:22,m2312-C-3400,m2312-C-3400,220.0,0.0,0.0,0.0,1,64.0,0.0,0,220.0,0.0,0.0,0.0,0.0,0.0,5
2023-05-09 21:04:22,m2312-C-3400,m2312-C-3400,220.0,0.0,0.0,0.0,10,64.5,0.0,0,220.0,0.0,0.0,0.0,0.0,0.0,5
2023-05-09 21:05:53,m2312-C-3400,m2312-C-3400,220.0,0.0,0.0,0.0,1,65.0,0.0,0,220.0,0.0,0.0,0.0,0.0,0.0,5
2023-05-09 21:05:53,m2312-C-3400,m2312-C-3400,220.0,0.0,0.0,0.0,10,65.5,0.0,0,220.0,0.0,0.0,0.0,0.0,0.0,5
2023-05-09 21:06:32,m2312-C-3400,m2312-C-3400,220.0,0.0,0.0,0.0,1,66.0,0.0,0,220.0,0.0,0.0,0.0,0.0,0.0,5
2023-05-09 21:06:32,m2312-C-3400,m2312-C-3400,220.0,0.0,0.0,0.0,10,66.5,0.0,0,220.0,0.0,0.0,0.0,0.0,0.0,5
2023-05-09 21:06:39,m2312-C-3400,m2312-C-3400,220.0,0.0,0.0,0.0,1,67.0,0.0,0,220.0,0.0,0.0,0.0,0.0,0.0,5
2023-05-09 21:06:39,m2312-C-3400,m2312-C-3400,220.0,0.0,0.0,0.0,10,67.5,0.0,0,220.0,0.0,0.0,0.0,0.0,0.0,5
2023-05-09 21:07:06,m2312-C-3400,m2312-C-3400,220.0,0.0,0.0,0.0,1,68.0,0.0,0,220.0,0.0,0.0,0.0,0.0,0.0,5
2023-05-09 21:07:06,m2312-C-3400,m2312-C-3400,220.0,0.0,0.0,0.0,10,68.5,0.0,0,220.0,0.0,0.0,0.0,0.0,0.0,5
2023-05-09 21:07:12,m2312-C-3400,m2312-C-3400,220.0,0.0,0.0,0.0,1,69.0,0.0,0,220.0,0.0,0.0,0.0,0.0,0.0,5
2023-05-09 21:07:12,m2312-C-3400,m2312-C-3400,220.0,0.0,0.0,0.0,10,69.5,0.0,0,220.0,0.0,0.0,0.0,0.0,0.0,5
2023-05-09 21:07:14,m2312-C-3400,m2312-C-3400,220.0,0.0,0.0,0.0,1,70.0,0.0,0,220.0,0.0,0.0,0.0,0.0,0.0,5
2023-05-09 21:07:14,m2312-C-3400,m2312-C-3400,220.0,0.0,0.0,0.0,10,70.5,0.0,0,220.0,0.0,0.0,0.0,0.0,0.0,5
2023-05-09 21:07:18,m2312-C-3400,m2312-C-3400,220.0,0.0,0.0,0.0,1,71.0,0.0,0,220.0,0.0,0.0,0.0,0.0,0.0,5
2023-05-09 21:07:18,m2312-C-3400,m2312-C-3400,220.0,0.0,0.0,0.0,10,71.5,0.0,0,220.0,0.0,0.0,0.0,0.0,0.0,5
2023-05-09 21:07:22,m2312-C-3400,m2312-C-3400,220.0,0.0,0.0,0.0,1,72.0,0.0,0,220.0,0.0,0.0,0.0,0.0,0.0,5
2023-05-09 21:07:22,m2312-C-3400,m2312-C-3400,220.0,0.0,0.0,0.0,10,72.5,0.0,0,220.0,0.0,0.0,0.0,0.0,0.0,5
2023-05-09 21:07:24,m2312-C-3400,m2312-C-3400,220.0,0.0,0.0,0.0,1,73.0,0.0,0,220.0,0.0,0.0,0.0,0.0,0.0,5
2023-05-09 21:07:24,m2312-C-3400,m2312-C-3400,220.0,0.0,0.0,0.0,10,73.5,0.0,0,220.0,0.0,0.0,0.0,0.0,0.0,5
2023-05-09 21:07:31,m2312-C-3400,m2312-C-3400,220.0,0.0,0.0,0.0,1,74.0,0.0,0,220.0,0.0,0.0,0.0,0.0,0.0,5
2023-05-09 21:07:31,m2312-C-3400,m2312-C-3400,220.0,0.0,0.0,0.0,10,74.5,0.0,0,220.0,0.0,0.0,0.0,0.0,0.0,5
2023-05-09 21:07:42,m2312-C-3400,m2312-C-3400,220.0,0.0,0.0,0.0,1,75.0,0.0,0,220.0,0.0,0.0,0.0,0.0,0.0,5
2023-05-09 21:07:42,m2312-C-3400,m2312-C-3400,220.0,0.0,0.0,0.0,10,75.5,0.0,0,220.0,0.0,0.0,0.0,0.0,0.0,5
2023-05-09 21:07:52,m2312-C-3400,m2312-C-3400,220.0,0.0,0.0,0.0,1,76.0,0.0,0,220.0,0.0,0.0,0.0,0.0,0.0,5
2023-05-09 21:07:52,m2312-C-3400,m2312-C-3400,220.0,0.0,0.0,0.0,10,76.5,0.0,0,220.0,0.0,0.0,0.0,0.0,0.0,5
2023-05-09 21:07:57,m2312-C-3400,m2312-C-3400,220.0,0.0,0.0,0.0,1,77.0,0.0,0,220.0,0.0,0.0,0.0,0.0,0.0,5
2023-05-09 21:07:57,m2312-C-3400,m2312-C-3400,220.0,0.0,0.0,0.0,10,77.5,0.0,0,220.0,0.0,0.0,0.0,0.0,0.0,5
2023-05-09 21:07:59,m2312-C-3400,m2312-C-3400,220.0,0.0,0.0,0.0,1,78.0,0.0,0,220.0,0.0,0.0,0.0,0.0,0.0,5
2023-05-09 21:07:59,m2312-C-3400,m2312-C-3400,220.0,0.0,0.0,0.0,10,78.5,0.0,0,220.0,0.0,0.0,0.0,0.0,0.0,5
2023-05-09 21:08:01,m2312-C-3400,m2312-C-3400,220.0,0.0,0.0,0.0,1,79.0,0.0,0,220.0,0.0,0.0,0.0,0.0,0.0,5
2023-05-09 21:08:01,m2312-C-3400,m2312-C-3400,220.0,0.0,0.0,0.0,10,79.5,0.0,0,220.0,0.0,0.0,0.0,0.0,0.0,5
2023-05-09 21:08:05,m2312-C-3400,m2312-C-3400,220.0,0.0,0.0,0.0,1,80.0,0.0,0,220.0,0.0,0.0,0.0,0.0,0.0,5
2023-05-09 21:08:05,m2312-C-3400,m2312-C-3400,220.0,0.0,0.0,0.0,10,80.5,0.0,0,220.0,0.0,0.0,0.0,0.0,0.0,5
2023-05-09 21:08:09,m2312-C-3400,m2312-C-3400,220.0,0.0,0.0,0.0,1,81.0,0.0,0,220.0,0.0,0.0,0.0,0.0,0.0,5
2023-05-09 21:08:09,m2312-C-3400,m2312-C-3400,220.0,0.0,0.0,0.0,10,81.5,0.0,0,220.0,0.0,0.0,0.0,0.0,0.0,5
2023-05-09 21:08:11,m2312-C-3400,m2312-C-3400,220.0,0.0,0.0,0.0,1,82.0,0.0,0,220.0,0.0,0.0,0.0,0.0,0.0,5
2023-05-09 21:08:11,m2312-C-3400,m2312-C-3400,220.0,0.0,0.0,0.0,10,82.5,0.0,0,220.0,0.0,0.0,0.0,0.0,0.0,5
2023-05-09 21:08:12,m2312-C-3400,m2312-C-3400,220.0,0.0,0.0,0.0,1,83.0,0.0,0,220.0,0.0,0.0,0.0,0.0,0.0,5
2023-05-09 21:08:12,m2312-C-3400,m2312-C-3400,220.0,0.0,0.0,0.0,10,83.5,0.0,0,220.0,0.0,0.0,0.0,0.0,0.0,5
2023-05-09 21:08:14,m2312-C-3400,m2312-C-3400,220.0,0.0,0.0,0.0,1,84.0,0.0,0,220.0,0.0,0.0,0.0,0.0,0.0,5
2023-05-09 21:08:14,m2312-C-3400,m2312-C-3400,220.0,0.0,0.0,0.0,10,84.5,0.0,0,220.0,0.0,0.0,0.0,0.0,0.0,5
2023-05-09 21:08:15,m2312-C-3400,m2312-C-3400,220.0,0.0,0.0,0.0,1,85.0,0.0,0,220.0,0.0,0.0,0.0,0.0,0.0,5
2023-05-09 21:08:15,m2312-C-3400,m2312-C-3400,220.0,0.0,0.0,0.0,10,85.5,0.0,0,220.0,0.0,0.0,0.0,0.0,0.0,5
2023-05-09 21:08:16,m2312-C-3400,m2312-C-3400,220.0,0.0,0.0,0.0,1,86.0,0.0,0,220.0,0.0,0.0,0.0,0.0,0.0,5
2023-05-09 21:08:16,m2312-C-3400,m2312-C-3400,220.0,0.0,0.0,0.0,10,86.5,0.0,0,220.0,0.0,0.0,0.0,0.0,0.0,5
2023-05-09 21:08:17,m2312-C-3400,m2312-C-3400,220.0,0.0,0.0,0.0,1,87.0,0.0,0,220.0,0.0,0.0,0.0,0.0,0.0,5
2023-05-09 21:08:17,m2312-C-3400,m2312-C-3400,220.0,0.0,0.0,0.0,10,87.5,0.0,0,220.0,0.0,0.0,0.0,0.0,0.0,5
2023-05-09 21:08:19,m2312-C-3400,m2312-C-3400,220.0,0.0,0.0,0.0,1,88.0,0.0,0,220.0,0.0,0.0,0.0,0.0,0.0,5
2023-05-09 21:08:19,m2312-C-3400,m2312-C-3400,220.0,0.0,0.0,0.0,10,88.5,0.0,0,220.0,0.0,0.0,0.0,0.0,0.0,5
2023-05-09 21:08:20,m2312-C-3400,m2312-C-3400,220.0,0.0,0.0,0.0,1,89.0,0.0,0,220.0,0.0,0.0,0.0,0.0,0.0,5
2023-05-09 21:08:20,m2312-C-3400,m2312-C-3400,220.0,0.0,0.0,0.0,10,89.5,0.0,0,220.0,0.0,0.0,0.0,0.0,0.0,5
2023-05-09 21:08:21,m2312-C-3400,m2312-C-3400,220.0,0.0,0.0,0.0,1,90.0,0.0,0,220.0,0.0,0.0,0.0,0.0,0.0,5
2023-05-09 21:08:21,m2312-C-3400,m2312-C-3400,220.0,0.0,0.0,0.0,10,90.5,0.0,0,220.0,0.0,0.0,0.0,0.0,0.0,5
2023-05-09 21:08:24,m2312-C-3400,m2312-C-3400,220.0,0.0,0.0,0.0,1,91.0,0.0,0,220.0,0.0,0.0,0.0,0.0,0.0,5
2023-05-09 21:08:24,m2312-C-3400,m2312-C-3400,220.0,0.0,0.0,0.0,10,91.5,0.0,0,220.0,0.0,0.0,0.0,0.0,0.0,5
2023-05-09 21:08:25,m2312-C-3400,m2312-C-3400,220.0,0.0,0.0,0.0,1,92.0,0.0,0,220.0,0.0,0.0,0.0,0.0,0.0,5
2023-05-09 21:08:25,m2312-C-3400,m2312-C-3400,220.0,0.0,0.0,0.0,10,92.5,0.0,0,220.0,0.0,0.0,0.0,0.0,0.0,5
2023-05-09 21:08:26,m2312-C-3400,m2312-C-3400,220.0,0.0,0.0,0.0,1,93.0,0.0,0,220.0,0.0,0.0,0.0,0.0,0.0,5
2023-05-09 21:08:26,m2312-C-3400,m2312-C-3400,220.0,0.0,0.0,0.0,10,93.5,0.0,0,220.0,0.0,0.0,0.0,0.0,0.0,5
2023-05-09 21:08:28,m2312-C-3400,m2312-C-3400,220.0,0.0,0.0,0.0,1,94.0,0.0,0,220.0,0.0,0.0,0.0,0.0,0.0,5
2023-05-09 21:08:28,m2312-C-3400,m2312-C-3400,220.0,0.0,0.0,0.0,10,94.5,0.0,0,220.0,0.0,0.0,0.0,0.0,0.0,5
2023-05-09 21:08:30,m2312-C-3400,m2312-C-3400,220.0,0.0,0.0,0.0,1,95.0,0.0,0,220.0,0.0,0.0,0.0,0.0,0.0,5
2023-05-09 21:08:30,m2312-C-3400,m2312-C-3400,220.0,0.0,0.0,0.0,10,95.5,0.0,0,220.0,0.0,0.0,0.0,0.0,0.0,5
2023-05-09 21:08:32,m2312-C-3400,m2312-C-3400,220.0,0.0,0.0,0.0,1,96.0,0.0,0,220.0,0.0,0.0,0.0,0.0,0.0,5
2023-05-09 21:08:32,m2312-C-3400,m2312-C-3400,220.0,0.0,0.0,0.0,10,96.5,0.0,0,220.0,0.0,0.0,0.0,0.0,0.0,5
2023-05-09 21:08:33,m2312-C-3400,m2312-C-3400,220.0,0.0,0.0,0.0,1,97.0,0.0,0,220.0,0.0,0.0,0.0,0.0,0.0,5
2023-05-09 21:08:33,m2312-C-3400,m2312-C-3400,220.0,0.0,0.0,0.0,10,97.5,0.0,0,220.0,0.0,0.0,0.0,0.0,0.0,5
2023-05-09 21:08:34,m2312-C-3400,m2312-C-3400,220.0,0.0,0.0,0.0,1,98.0,0.0,0,220.0,0.0,0.0,0.0,0.0,0.0,5
2023-05-09 21:08:34,m2312-C-3400,m2312-C-3400,220.0,0.0,0.0,0.0,10,98.5,0.0,0,220.0,0.0,0.0,0.0,0.0,0.0,5
2023-05-09 21:08:35,m2312-C-3400,m2312-C-3400,220.0,0.0,0.0,0.0,1,99.0,0.0,0,220.0,0.0,0.0,0.0,0.0,0.0,5
2023-05-09 21:08:35,m2312-C-3400,m2312-C-3400,220.0,0.0,0.0,0.0,10,99.5,0.0,0,220.0,0.0,0.0,0.0,0.0,0.0,5
2023-05-09 21:08:36,m2312-C-3400,m2312-C-3400,220.0,0.0,0.0,0.0,1,100.0,0.0,0,220.0,0.0,0.0,0.0,0.0,0.0,5
2023-05-09 21:08:36,m2312-C-3400,m2312-C-3400,220.0,0.0,0.0,0.0,10,100.5,0.0,0,220.0,0.0,0.0,0.0,0.0,0.0,5
2023-05-09 21:08:37,m2312-C-3400,m2312-C-3400,220.0,0.0,0.0,0.0,1,101.0,0.0,0,220.0,0.0,0.0,0.0,0.0,0.0,5
2023-05-09 21:08:37,m2312-C-3400,m2312-C-3400,220.0,0.0,0.0,0.0,10,101.5,0.0,0,220.0,0.0,0.0,0.0,0.0,0.0,5
2023-05-09 21:08:38,m2312-C-3400,m2312-C-3400,220.0,0.0,0.0,0.0,1,102.0,0.0,0,220.0,0.0,0.0,0.0,0.0,0.0,5
2023-05-09 21:08:38,m2312-C-3400,m2312-C-3400,220.0,0.0,0.0,0.0,10,102.5,0.0,0,220.0,0.0,0.0,0.0,0.0,0.0,5
2023-05-09 21:14:26,m2312-C-3400,m2312-C-3400,220.0,0.0,0.0,0.0,1,103.0,0.0,0,220.0,0.0,0.0,0.0,0.0,0.0,5
2023-05-09 21:14:26,m2312-C-3400,m2312-C-3400,220.0,0.0,0.0,0.0,10,103.5,0.0,0,220.0,0.0,0.0,0.0,0.0,0.0,5
2023-05-09 21:31:31,m2312-C-3400,m2312-C-3400,220.0,0.0,0.0,0.0,1,104.0,0.0,0,220.0,0.0,0.0,0.0,0.0,0.0,5
2023-05-09 21:31:31,m2312-C-3400,m2312-C-3400,220.0,0.0,0.0,0.0,10,104.5,0.0,0,220.0,0.0,0.0,0.0,0.0,0.0,5
2023-05-09 22:01:31,m2312-C-3400,m2312-C-3400,220.0,0.0,0.0,0.0,1,105.0,0.0,0,220.0,0.0,0.0,0.0,0.0,0.0,5
2023-05-09 22:01:31,m2312-C-3400,m2312-C-3400,220.0,0.0,0.0,0.0,10,105.5,0.0,0,220.0,0.0,0.0,0.0,0.0,0.0,5
2023-05-09 22:31:32,m2312-C-3400,m2312-C-3400,220.0,0.0,0.0,0.0,1,106.0,0.0,0,220.0,0.0,0.0,0.0,0.0,0.0,5
2023-05-09 22:31:32,m2312-C-3400,m2312-C-3400,220.0,0.0,0.0,0.0,10,106.5,0.0,0,220.0,0.0,0.0,0.0,0.0,0.0,5
2023-05-09 22:57:33,m2312-C-3400,m2312-C-3400,220.0,0.0,0.0,0.0,1,106.0,0.0,0,220.0,0.0,0.0,0.0,0.0,0.0,5
2023-05-09 22:57:58,m2312-C-3400,m2312-C-3400,220.0,0.0,0.0,0.0,1,49.0,0.0,0,220.0,0.0,0.0,0.0,0.0,0.0,5
2023-05-09 22:58:21,m2312-C-3400,m2312-C-3400,220.0,0.0,0.0,0.0,10,49.5,0.0,0,220.0,0.0,0.0,0.0,0.0,0.0,5
2023-05-09 22:59:55,m2312-C-3400,m2312-C-3400,220.0,0.0,0.0,0.0,0,0.0,0.0,0,220.0,0.0,0.0,0.0,0.0,0.0,5
2023-05-10 09:00:13,m2312-C-3400,m2312-C-3400,220.0,0.0,0.0,0.0,1,11.5,0.0,0,220.0,0.0,0.0,0.0,0.0,0.0,5
2023-05-10 09:00:13,m2312-C-3400,m2312-C-3400,220.0,0.0,0.0,0.0,10,12.0,0.0,0,220.0,0.0,0.0,0.0,0.0,0.0,5
2023-05-10 09:00:39,m2312-C-3400,m2312-C-3400,220.0,0.0,0.0,0.0,1,46.5,0.0,0,220.0,0.0,0.0,0.0,0.0,0.0,5
2023-05-10 09:00:39,m2312-C-3400,m2312-C-3400,220.0,0.0,0.0,0.0,10,47.0,0.0,0,220.0,0.0,0.0,0.0,0.0,0.0,5
2023-05-10 09:01:40,m2312-C-3400,m2312-C-3400,220.0,0.0,0.0,0.0,1,47.5,0.0,0,220.0,0.0,0.0,0.0,0.0,0.0,5
2023-05-10 09:01:40,m2312-C-3400,m2312-C-3400,220.0,0.0,0.0,0.0,10,48.0,0.0,0,220.0,0.0,0.0,0.0,0.0,0.0,5
2023-05-10 09:02:31,m2312-C-3400,m2312-C-3400,220.0,0.0,0.0,0.0,1,48.5,0.0,0,220.0,0.0,0.0,0.0,0.0,0.0,5
2023-05-10 09:02:31,m2312-C-3400,m2312-C-3400,220.0,0.0,0.0,0.0,10,49.0,0.0,0,220.0,0.0,0.0,0.0,0.0,0.0,5
2023-05-10 09:03:19,m2312-C-3400,m2312-C-3400,220.0,0.0,0.0,0.0,1,49.5,0.0,0,220.0,0.0,0.0,0.0,0.0,0.0,5
2023-05-10 09:03:19,m2312-C-3400,m2312-C-3400,220.0,0.0,0.0,0.0,10,50.0,0.0,0,220.0,0.0,0.0,0.0,0.0,0.0,5
2023-05-10 09:04:55,m2312-C-3400,m2312-C-3400,220.0,0.0,0.0,0.0,1,50.5,0.0,0,220.0,0.0,0.0,0.0,0.0,0.0,5
2023-05-10 09:04:55,m2312-C-3400,m2312-C-3400,220.0,0.0,0.0,0.0,10,51.0,0.0,0,220.0,0.0,0.0,0.0,0.0,0.0,5
2023-05-10 09:05:35,m2312-C-3400,m2312-C-3400,220.0,0.0,0.0,0.0,1,51.5,0.0,0,220.0,0.0,0.0,0.0,0.0,0.0,5
2023-05-10 09:05:35,m2312-C-3400,m2312-C-3400,220.0,0.0,0.0,0.0,10,52.0,0.0,0,220.0,0.0,0.0,0.0,0.0,0.0,5
2023-05-10 09:06:28,m2312-C-3400,m2312-C-3400,220.0,0.0,0.0,0.0,1,52.5,0.0,0,220.0,0.0,0.0,0.0,0.0,0.0,5
2023-05-10 09:06:28,m2312-C-3400,m2312-C-3400,220.0,0.0,0.0,0.0,10,53.0,0.0,0,220.0,0.0,0.0,0.0,0.0,0.0,5
2023-05-10 09:07:04,m2312-C-3400,m2312-C-3400,220.0,0.0,0.0,0.0,1,53.5,0.0,0,220.0,0.0,0.0,0.0,0.0,0.0,5
2023-05-10 09:07:04,m2312-C-3400,m2312-C-3400,220.0,0.0,0.0,0.0,10,54.0,0.0,0,220.0,0.0,0.0,0.0,0.0,0.0,5
2023-05-10 09:07:13,m2312-C-3400,m2312-C-3400,220.0,0.0,0.0,0.0,1,54.5,0.0,0,220.0,0.0,0.0,0.0,0.0,0.0,5
2023-05-10 09:07:13,m2312-C-3400,m2312-C-3400,220.0,0.0,0.0,0.0,10,55.0,0.0,0,220.0,0.0,0.0,0.0,0.0,0.0,5
2023-05-10 09:07:17,m2312-C-3400,m2312-C-3400,220.0,0.0,0.0,0.0,1,55.5,0.0,0,220.0,0.0,0.0,0.0,0.0,0.0,5
2023-05-10 09:07:17,m2312-C-3400,m2312-C-3400,220.0,0.0,0.0,0.0,10,56.0,0.0,0,220.0,0.0,0.0,0.0,0.0,0.0,5
2023-05-10 09:07:24,m2312-C-3400,m2312-C-3400,220.0,0.0,0.0,0.0,1,56.5,0.0,0,220.0,0.0,0.0,0.0,0.0,0.0,5
2023-05-10 09:07:24,m2312-C-3400,m2312-C-3400,220.0,0.0,0.0,0.0,10,57.0,0.0,0,220.0,0.0,0.0,0.0,0.0,0.0,5
2023-05-10 09:07:27,m2312-C-3400,m2312-C-3400,220.0,0.0,0.0,0.0,1,57.5,0.0,0,220.0,0.0,0.0,0.0,0.0,0.0,5
2023-05-10 09:07:27,m2312-C-3400,m2312-C-3400,220.0,0.0,0.0,0.0,10,58.0,0.0,0,220.0,0.0,0.0,0.0,0.0,0.0,5
2023-05-10 09:07:30,m2312-C-3400,m2312-C-3400,220.0,0.0,0.0,0.0,1,58.5,0.0,0,220.0,0.0,0.0,0.0,0.0,0.0,5
2023-05-10 09:07:30,m2312-C-3400,m2312-C-3400,220.0,0.0,0.0,0.0,10,59.0,0.0,0,220.0,0.0,0.0,0.0,0.0,0.0,5
2023-05-10 09:07:33,m2312-C-3400,m2312-C-3400,220.0,0.0,0.0,0.0,1,59.5,0.0,0,220.0,0.0,0.0,0.0,0.0,0.0,5
2023-05-10 09:07:33,m2312-C-3400,m2312-C-3400,220.0,0.0,0.0,0.0,10,60.0,0.0,0,220.0,0.0,0.0,0.0,0.0,0.0,5
2023-05-10 09:07:35,m2312-C-3400,m2312-C-3400,220.0,0.0,0.0,0.0,1,60.5,0.0,0,220.0,0.0,0.0,0.0,0.0,0.0,5
2023-05-10 09:07:35,m2312-C-3400,m2312-C-3400,220.0,0.0,0.0,0.0,10,61.0,0.0,0,220.0,0.0,0.0,0.0,0.0,0.0,5
2023-05-10 09:07:36,m2312-C-3400,m2312-C-3400,220.0,0.0,0.0,0.0,1,61.5,0.0,0,220.0,0.0,0.0,0.0,0.0,0.0,5
2023-05-10 09:07:36,m2312-C-3400,m2312-C-3400,220.0,0.0,0.0,0.0,10,62.0,0.0,0,220.0,0.0,0.0,0.0,0.0,0.0,5
2023-05-10 09:07:38,m2312-C-3400,m2312-C-3400,220.0,0.0,0.0,0.0,1,62.5,0.0,0,220.0,0.0,0.0,0.0,0.0,0.0,5
2023-05-10 09:07:38,m2312-C-3400,m2312-C-3400,220.0,0.0,0.0,0.0,10,63.0,0.0,0,220.0,0.0,0.0,0.0,0.0,0.0,5
2023-05-10 09:07:39,m2312-C-3400,m2312-C-3400,220.0,0.0,0.0,0.0,1,63.5,0.0,0,220.0,0.0,0.0,0.0,0.0,0.0,5
2023-05-10 09:07:39,m2312-C-3400,m2312-C-3400,220.0,0.0,0.0,0.0,10,64.0,0.0,0,220.0,0.0,0.0,0.0,0.0,0.0,5
2023-05-10 09:07:41,m2312-C-3400,m2312-C-3400,220.0,0.0,0.0,0.0,10,65.0,0.0,0,220.0,0.0,0.0,0.0,0.0,0.0,5
2023-05-10 09:07:43,m2312-C-3400,m2312-C-3400,220.0,0.0,0.0,0.0,1,65.5,0.0,0,220.0,0.0,0.0,0.0,0.0,0.0,5
2023-05-10 09:07:43,m2312-C-3400,m2312-C-3400,220.0,0.0,0.0,0.0,10,66.0,0.0,0,220.0,0.0,0.0,0.0,0.0,0.0,5
2023-05-10 09:07:44,m2312-C-3400,m2312-C-3400,220.0,0.0,0.0,0.0,1,66.5,0.0,0,220.0,0.0,0.0,0.0,0.0,0.0,5
2023-05-10 09:07:44,m2312-C-3400,m2312-C-3400,220.0,0.0,0.0,0.0,10,67.0,0.0,0,220.0,0.0,0.0,0.0,0.0,0.0,5
2023-05-10 09:07:46,m2312-C-3400,m2312-C-3400,220.0,0.0,0.0,0.0,1,67.5,0.0,0,220.0,0.0,0.0,0.0,0.0,0.0,5
2023-05-10 09:07:46,m2312-C-3400,m2312-C-3400,220.0,0.0,0.0,0.0,10,68.0,0.0,0,220.0,0.0,0.0,0.0,0.0,0.0,5
2023-05-10 09:07:47,m2312-C-3400,m2312-C-3400,220.0,0.0,0.0,0.0,1,68.5,0.0,0,220.0,0.0,0.0,0.0,0.0,0.0,5
2023-05-10 09:07:47,m2312-C-3400,m2312-C-3400,220.0,0.0,0.0,0.0,10,69.0,0.0,0,220.0,0.0,0.0,0.0,0.0,0.0,5
2023-05-10 09:07:49,m2312-C-3400,m2312-C-3400,220.0,0.0,0.0,0.0,1,69.5,0.0,0,220.0,0.0,0.0,0.0,0.0,0.0,5
2023-05-10 09:07:49,m2312-C-3400,m2312-C-3400,220.0,0.0,0.0,0.0,10,70.0,0.0,0,220.0,0.0,0.0,0.0,0.0,0.0,5
2023-05-10 09:07:50,m2312-C-3400,m2312-C-3400,220.0,0.0,0.0,0.0,1,70.5,0.0,0,220.0,0.0,0.0,0.0,0.0,0.0,5
2023-05-10 09:07:50,m2312-C-3400,m2312-C-3400,220.0,0.0,0.0,0.0,10,71.0,0.0,0,220.0,0.0,0.0,0.0,0.0,0.0,5
2023-05-10 09:07:52,m2312-C-3400,m2312-C-3400,220.0,0.0,0.0,0.0,1,71.5,0.0,0,220.0,0.0,0.0,0.0,0.0,0.0,5
2023-05-10 09:07:52,m2312-C-3400,m2312-C-3400,220.0,0.0,0.0,0.0,10,72.0,0.0,0,220.0,0.0,0.0,0.0,0.0,0.0,5
2023-05-10 09:07:55,m2312-C-3400,m2312-C-3400,220.0,0.0,0.0,0.0,1,72.5,0.0,0,220.0,0.0,0.0,0.0,0.0,0.0,5
2023-05-10 09:07:55,m2312-C-3400,m2312-C-3400,220.0,0.0,0.0,0.0,10,73.0,0.0,0,220.0,0.0,0.0,0.0,0.0,0.0,5
2023-05-10 09:07:57,m2312-C-3400,m2312-C-3400,220.0,0.0,0.0,0.0,1,73.5,0.0,0,220.0,0.0,0.0,0.0,0.0,0.0,5
2023-05-10 09:07:57,m2312-C-3400,m2312-C-3400,220.0,0.0,0.0,0.0,10,74.0,0.0,0,220.0,0.0,0.0,0.0,0.0,0.0,5
2023-05-10 09:07:59,m2312-C-3400,m2312-C-3400,220.0,0.0,0.0,0.0,1,74.5,0.0,0,220.0,0.0,0.0,0.0,0.0,0.0,5
2023-05-10 09:07:59,m2312-C-3400,m2312-C-3400,220.0,0.0,0.0,0.0,10,75.0,0.0,0,220.0,0.0,0.0,0.0,0.0,0.0,5
2023-05-10 09:08:01,m2312-C-3400,m2312-C-3400,220.0,0.0,0.0,0.0,1,75.5,0.0,0,220.0,0.0,0.0,0.0,0.0,0.0,5
2023-05-10 09:08:01,m2312-C-3400,m2312-C-3400,220.0,0.0,0.0,0.0,10,76.0,0.0,0,220.0,0.0,0.0,0.0,0.0,0.0,5
2023-05-10 09:08:02,m2312-C-3400,m2312-C-3400,220.0,0.0,0.0,0.0,1,76.5,0.0,0,220.0,0.0,0.0,0.0,0.0,0.0,5
2023-05-10 09:08:02,m2312-C-3400,m2312-C-3400,220.0,0.0,0.0,0.0,10,77.0,0.0,0,220.0,0.0,0.0,0.0,0.0,0.0,5
2023-05-10 09:08:04,m2312-C-3400,m2312-C-3400,220.0,0.0,0.0,0.0,1,77.5,0.0,0,220.0,0.0,0.0,0.0,0.0,0.0,5
2023-05-10 09:08:04,m2312-C-3400,m2312-C-3400,220.0,0.0,0.0,0.0,10,78.0,0.0,0,220.0,0.0,0.0,0.0,0.0,0.0,5
2023-05-10 09:08:06,m2312-C-3400,m2312-C-3400,220.0,0.0,0.0,0.0,1,78.5,0.0,0,220.0,0.0,0.0,0.0,0.0,0.0,5
2023-05-10 09:08:06,m2312-C-3400,m2312-C-3400,220.0,0.0,0.0,0.0,10,79.0,0.0,0,220.0,0.0,0.0,0.0,0.0,0.0,5
2023-05-10 09:08:08,m2312-C-3400,m2312-C-3400,220.0,0.0,0.0,0.0,1,79.5,0.0,0,220.0,0.0,0.0,0.0,0.0,0.0,5
2023-05-10 09:08:08,m2312-C-3400,m2312-C-3400,220.0,0.0,0.0,0.0,10,80.0,0.0,0,220.0,0.0,0.0,0.0,0.0,0.0,5
2023-05-10 09:08:09,m2312-C-3400,m2312-C-3400,220.0,0.0,0.0,0.0,1,80.5,0.0,0,220.0,0.0,0.0,0.0,0.0,0.0,5
2023-05-10 09:08:09,m2312-C-3400,m2312-C-3400,220.0,0.0,0.0,0.0,10,81.0,0.0,0,220.0,0.0,0.0,0.0,0.0,0.0,5
2023-05-10 09:08:11,m2312-C-3400,m2312-C-3400,220.0,0.0,0.0,0.0,1,81.5,0.0,0,220.0,0.0,0.0,0.0,0.0,0.0,5
2023-05-10 09:08:11,m2312-C-3400,m2312-C-3400,220.0,0.0,0.0,0.0,10,82.0,0.0,0,220.0,0.0,0.0,0.0,0.0,0.0,5
2023-05-10 09:08:15,m2312-C-3400,m2312-C-3400,220.0,0.0,0.0,0.0,1,82.5,0.0,0,220.0,0.0,0.0,0.0,0.0,0.0,5
2023-05-10 09:08:15,m2312-C-3400,m2312-C-3400,220.0,0.0,0.0,0.0,10,83.0,0.0,0,220.0,0.0,0.0,0.0,0.0,0.0,5
2023-05-10 09:08:17,m2312-C-3400,m2312-C-3400,220.0,0.0,0.0,0.0,1,83.5,0.0,0,220.0,0.0,0.0,0.0,0.0,0.0,5
2023-05-10 09:08:17,m2312-C-3400,m2312-C-3400,220.0,0.0,0.0,0.0,10,84.0,0.0,0,220.0,0.0,0.0,0.0,0.0,0.0,5
2023-05-10 09:08:18,m2312-C-3400,m2312-C-3400,220.0,0.0,0.0,0.0,1,84.5,0.0,0,220.0,0.0,0.0,0.0,0.0,0.0,5
2023-05-10 09:08:18,m2312-C-3400,m2312-C-3400,220.0,0.0,0.0,0.0,10,85.0,0.0,0,220.0,0.0,0.0,0.0,0.0,0.0,5
2023-05-10 09:08:20,m2312-C-3400,m2312-C-3400,220.0,0.0,0.0,0.0,1,85.5,0.0,0,220.0,0.0,0.0,0.0,0.0,0.0,5
2023-05-10 09:08:20,m2312-C-3400,m2312-C-3400,220.0,0.0,0.0,0.0,10,86.0,0.0,0,220.0,0.0,0.0,0.0,0.0,0.0,5
2023-05-10 09:08:21,m2312-C-3400,m2312-C-3400,220.0,0.0,0.0,0.0,1,86.5,0.0,0,220.0,0.0,0.0,0.0,0.0,0.0,5
2023-05-10 09:08:21,m2312-C-3400,m2312-C-3400,220.0,0.0,0.0,0.0,10,87.0,0.0,0,220.0,0.0,0.0,0.0,0.0,0.0,5
2023-05-10 09:08:22,m2312-C-3400,m2312-C-3400,220.0,0.0,0.0,0.0,1,87.5,0.0,0,220.0,0.0,0.0,0.0,0.0,0.0,5
2023-05-10 09:08:22,m2312-C-3400,m2312-C-3400,220.0,0.0,0.0,0.0,10,88.0,0.0,0,220.0,0.0,0.0,0.0,0.0,0.0,5
2023-05-10 09:08:24,m2312-C-3400,m2312-C-3400,220.0,0.0,0.0,0.0,1,88.5,0.0,0,220.0,0.0,0.0,0.0,0.0,0.0,5
2023-05-10 09:08:24,m2312-C-3400,m2312-C-3400,220.0,0.0,0.0,0.0,10,89.0,0.0,0,220.0,0.0,0.0,0.0,0.0,0.0,5
2023-05-10 09:08:25,m2312-C-3400,m2312-C-3400,220.0,0.0,0.0,0.0,1,89.5,0.0,0,220.0,0.0,0.0,0.0,0.0,0.0,5
2023-05-10 09:08:25,m2312-C-3400,m2312-C-3400,220.0,0.0,0.0,0.0,10,90.0,0.0,0,220.0,0.0,0.0,0.0,0.0,0.0,5
2023-05-10 09:08:26,m2312-C-3400,m2312-C-3400,220.0,0.0,0.0,0.0,1,90.5,0.0,0,220.0,0.0,0.0,0.0,0.0,0.0,5
2023-05-10 09:08:26,m2312-C-3400,m2312-C-3400,220.0,0.0,0.0,0.0,10,91.0,0.0,0,220.0,0.0,0.0,0.0,0.0,0.0,5
2023-05-10 09:08:28,m2312-C-3400,m2312-C-3400,220.0,0.0,0.0,0.0,1,91.5,0.0,0,220.0,0.0,0.0,0.0,0.0,0.0,5
2023-05-10 09:08:28,m2312-C-3400,m2312-C-3400,220.0,0.0,0.0,0.0,10,92.0,0.0,0,220.0,0.0,0.0,0.0,0.0,0.0,5
2023-05-10 09:08:31,m2312-C-3400,m2312-C-3400,220.0,0.0,0.0,0.0,1,92.5,0.0,0,220.0,0.0,0.0,0.0,0.0,0.0,5
2023-05-10 09:08:31,m2312-C-3400,m2312-C-3400,220.0,0.0,0.0,0.0,10,93.0,0.0,0,220.0,0.0,0.0,0.0,0.0,0.0,5
2023-05-10 09:08:34,m2312-C-3400,m2312-C-3400,220.0,0.0,0.0,0.0,1,93.5,0.0,0,220.0,0.0,0.0,0.0,0.0,0.0,5
2023-05-10 09:08:34,m2312-C-3400,m2312-C-3400,220.0,0.0,0.0,0.0,10,94.0,0.0,0,220.0,0.0,0.0,0.0,0.0,0.0,5
2023-05-10 09:08:36,m2312-C-3400,m2312-C-3400,220.0,0.0,0.0,0.0,1,94.5,0.0,0,220.0,0.0,0.0,0.0,0.0,0.0,5
2023-05-10 09:08:36,m2312-C-3400,m2312-C-3400,220.0,0.0,0.0,0.0,10,95.0,0.0,0,220.0,0.0,0.0,0.0,0.0,0.0,5
2023-05-10 09:08:38,m2312-C-3400,m2312-C-3400,220.0,0.0,0.0,0.0,1,95.5,0.0,0,220.0,0.0,0.0,0.0,0.0,0.0,5
2023-05-10 09:08:38,m2312-C-3400,m2312-C-3400,220.0,0.0,0.0,0.0,10,96.0,0.0,0,220.0,0.0,0.0,0.0,0.0,0.0,5
2023-05-10 09:08:40,m2312-C-3400,m2312-C-3400,220.0,0.0,0.0,0.0,1,96.5,0.0,0,220.0,0.0,0.0,0.0,0.0,0.0,5
2023-05-10 09:08:40,m2312-C-3400,m2312-C-3400,220.0,0.0,0.0,0.0,10,97.0,0.0,0,220.0,0.0,0.0,0.0,0.0,0.0,5
2023-05-10 09:08:42,m2312-C-3400,m2312-C-3400,220.0,0.0,0.0,0.0,1,97.5,0.0,0,220.0,0.0,0.0,0.0,0.0,0.0,5
2023-05-10 09:08:42,m2312-C-3400,m2312-C-3400,220.0,0.0,0.0,0.0,10,98.0,0.0,0,220.0,0.0,0.0,0.0,0.0,0.0,5
2023-05-10 09:08:49,m2312-C-3400,m2312-C-3400,220.0,0.0,0.0,0.0,1,98.5,0.0,0,220.0,0.0,0.0,0.0,0.0,0.0,5
2023-05-10 09:08:49,m2312-C-3400,m2312-C-3400,220.0,0.0,0.0,0.0,10,99.0,0.0,0,220.0,0.0,0.0,0.0,0.0,0.0,5
2023-05-10 09:08:53,m2312-C-3400,m2312-C-3400,220.0,0.0,0.0,0.0,1,99.5,0.0,0,220.0,0.0,0.0,0.0,0.0,0.0,5
2023-05-10 09:08:53,m2312-C-3400,m2312-C-3400,220.0,0.0,0.0,0.0,10,100.0,0.0,0,220.0,0.0,0.0,0.0,0.0,0.0,5
2023-05-10 09:08:55,m2312-C-3400,m2312-C-3400,220.0,0.0,0.0,0.0,1,100.5,0.0,0,220.0,0.0,0.0,0.0,0.0,0.0,5
2023-05-10 09:08:55,m2312-C-3400,m2312-C-3400,220.0,0.0,0.0,0.0,10,101.0,0.0,0,220.0,0.0,0.0,0.0,0.0,0.0,5
2023-05-10 09:08:58,m2312-C-3400,m2312-C-3400,220.0,0.0,0.0,0.0,1,101.5,0.0,0,220.0,0.0,0.0,0.0,0.0,0.0,5
2023-05-10 09:08:58,m2312-C-3400,m2312-C-3400,220.0,0.0,0.0,0.0,10,102.0,0.0,0,220.0,0.0,0.0,0.0,0.0,0.0,5
2023-05-10 09:20:32,m2312-C-3400,m2312-C-3400,220.0,0.0,0.0,0.0,1,102.5,0.0,0,220.0,0.0,0.0,0.0,0.0,0.0,5
2023-05-10 09:20:32,m2312-C-3400,m2312-C-3400,220.0,0.0,0.0,0.0,10,103.0,0.0,0,220.0,0.0,0.0,0.0,0.0,0.0,5
2023-05-10 09:42:27,m2312-C-3400,m2312-C-3400,220.0,0.0,0.0,0.0,1,103.5,0.0,0,220.0,0.0,0.0,0.0,0.0,0.0,5
2023-05-10 09:42:27,m2312-C-3400,m2312-C-3400,220.0,0.0,0.0,0.0,10,104.0,0.0,0,220.0,0.0,0.0,0.0,0.0,0.0,5
2023-05-10 10:14:32,m2312-C-3400,m2312-C-3400,220.0,0.0,0.0,0.0,1,103.5,0.0,0,220.0,0.0,0.0,0.0,0.0,0.0,5
2023-05-10 10:30:23,m2312-C-3400,m2312-C-3400,220.0,0.0,0.0,0.0,10,104.0,0.0,0,220.0,0.0,0.0,0.0,0.0,0.0,5
2023-05-10 11:00:21,m2312-C-3400,m2312-C-3400,220.0,0.0,0.0,0.0,1,104.5,0.0,0,220.0,0.0,0.0,0.0,0.0,0.0,5
2023-05-10 11:00:21,m2312-C-3400,m2312-C-3400,220.0,0.0,0.0,0.0,10,105.0,0.0,0,220.0,0.0,0.0,0.0,0.0,0.0,5
2023-05-10 11:29:33,m2312-C-3400,m2312-C-3400,220.0,0.0,0.0,0.0,1,46.5,0.0,0,220.0,0.0,0.0,0.0,0.0,0.0,5
2023-05-10 13:30:02,m2312-C-3400,m2312-C-3400,220.0,0.0,0.0,0.0,10,47.0,0.0,0,220.0,0.0,0.0,0.0,0.0,0.0,5
2023-05-10 13:31:02,m2312-C-3400,m2312-C-3400,220.0,0.0,0.0,0.0,1,47.5,0.0,0,220.0,0.0,0.0,0.0,0.0,0.0,5
2023-05-10 13:31:02,m2312-C-3400,m2312-C-3400,220.0,0.0,0.0,0.0,10,48.0,0.0,0,220.0,0.0,0.0,0.0,0.0,0.0,5
2023-05-10 13:31:18,m2312-C-3400,m2312-C-3400,220.0,0.0,0.0,0.0,1,48.5,0.0,0,220.0,0.0,0.0,0.0,0.0,0.0,5
2023-05-10 13:31:18,m2312-C-3400,m2312-C-3400,220.0,0.0,0.0,0.0,10,49.0,0.0,0,220.0,0.0,0.0,0.0,0.0,0.0,5
2023-05-10 13:34:22,m2312-C-3400,m2312-C-3400,220.0,0.0,0.0,0.0,1,49.5,0.0,0,220.0,0.0,0.0,0.0,0.0,0.0,5
2023-05-10 13:34:22,m2312-C-3400,m2312-C-3400,220.0,0.0,0.0,0.0,10,50.0,0.0,0,220.0,0.0,0.0,0.0,0.0,0.0,5
2023-05-10 13:34:27,m2312-C-3400,m2312-C-3400,220.0,0.0,0.0,0.0,1,50.5,0.0,0,220.0,0.0,0.0,0.0,0.0,0.0,5
2023-05-10 13:34:27,m2312-C-3400,m2312-C-3400,220.0,0.0,0.0,0.0,10,51.0,0.0,0,220.0,0.0,0.0,0.0,0.0,0.0,5
2023-05-10 13:34:32,m2312-C-3400,m2312-C-3400,220.0,0.0,0.0,0.0,1,51.5,0.0,0,220.0,0.0,0.0,0.0,0.0,0.0,5
2023-05-10 13:34:32,m2312-C-3400,m2312-C-3400,220.0,0.0,0.0,0.0,10,52.0,0.0,0,220.0,0.0,0.0,0.0,0.0,0.0,5
2023-05-10 13:34:54,m2312-C-3400,m2312-C-3400,220.0,0.0,0.0,0.0,1,52.5,0.0,0,220.0,0.0,0.0,0.0,0.0,0.0,5
2023-05-10 13:34:54,m2312-C-3400,m2312-C-3400,220.0,0.0,0.0,0.0,10,53.0,0.0,0,220.0,0.0,0.0,0.0,0.0,0.0,5
2023-05-10 13:36:01,m2312-C-3400,m2312-C-3400,220.0,0.0,0.0,0.0,1,53.5,0.0,0,220.0,0.0,0.0,0.0,0.0,0.0,5
2023-05-10 13:36:01,m2312-C-3400,m2312-C-3400,220.0,0.0,0.0,0.0,10,54.0,0.0,0,220.0,0.0,0.0,0.0,0.0,0.0,5
2023-05-10 13:37:03,m2312-C-3400,m2312-C-3400,220.0,0.0,0.0,0.0,1,54.5,0.0,0,220.0,0.0,0.0,0.0,0.0,0.0,5
2023-05-10 13:37:03,m2312-C-3400,m2312-C-3400,220.0,0.0,0.0,0.0,10,55.0,0.0,0,220.0,0.0,0.0,0.0,0.0,0.0,5
2023-05-10 13:37:32,m2312-C-3400,m2312-C-3400,220.0,0.0,0.0,0.0,1,55.5,0.0,0,220.0,0.0,0.0,0.0,0.0,0.0,5
2023-05-10 13:37:32,m2312-C-3400,m2312-C-3400,220.0,0.0,0.0,0.0,10,56.0,0.0,0,220.0,0.0,0.0,0.0,0.0,0.0,5
2023-05-10 13:38:28,m2312-C-3400,m2312-C-3400,220.0,0.0,0.0,0.0,1,56.5,0.0,0,220.0,0.0,0.0,0.0,0.0,0.0,5
2023-05-10 13:38:28,m2312-C-3400,m2312-C-3400,220.0,0.0,0.0,0.0,10,57.0,0.0,0,220.0,0.0,0.0,0.0,0.0,0.0,5
2023-05-10 13:38:50,m2312-C-3400,m2312-C-3400,220.0,0.0,0.0,0.0,1,57.5,0.0,0,220.0,0.0,0.0,0.0,0.0,0.0,5
2023-05-10 13:38:50,m2312-C-3400,m2312-C-3400,220.0,0.0,0.0,0.0,10,58.0,0.0,0,220.0,0.0,0.0,0.0,0.0,0.0,5
2023-05-10 13:41:52,m2312-C-3400,m2312-C-3400,220.0,0.0,0.0,0.0,1,58.5,0.0,0,220.0,0.0,0.0,0.0,0.0,0.0,5
2023-05-10 13:41:52,m2312-C-3400,m2312-C-3400,220.0,0.0,0.0,0.0,10,59.0,0.0,0,220.0,0.0,0.0,0.0,0.0,0.0,5
2023-05-10 13:42:55,m2312-C-3400,m2312-C-3400,220.0,0.0,0.0,0.0,1,59.5,0.0,0,220.0,0.0,0.0,0.0,0.0,0.0,5
2023-05-10 13:42:55,m2312-C-3400,m2312-C-3400,220.0,0.0,0.0,0.0,10,60.0,0.0,0,220.0,0.0,0.0,0.0,0.0,0.0,5
2023-05-10 13:42:57,m2312-C-3400,m2312-C-3400,220.0,0.0,0.0,0.0,1,60.5,0.0,0,220.0,0.0,0.0,0.0,0.0,0.0,5
2023-05-10 13:42:57,m2312-C-3400,m2312-C-3400,220.0,0.0,0.0,0.0,10,61.0,0.0,0,220.0,0.0,0.0,0.0,0.0,0.0,5
2023-05-10 13:42:59,m2312-C-3400,m2312-C-3400,220.0,0.0,0.0,0.0,1,61.5,0.0,0,220.0,0.0,0.0,0.0,0.0,0.0,5
2023-05-10 13:42:59,m2312-C-3400,m2312-C-3400,220.0,0.0,0.0,0.0,10,62.0,0.0,0,220.0,0.0,0.0,0.0,0.0,0.0,5
2023-05-10 13:43:03,m2312-C-3400,m2312-C-3400,220.0,0.0,0.0,0.0,1,62.5,0.0,0,220.0,0.0,0.0,0.0,0.0,0.0,5
2023-05-10 13:43:03,m2312-C-3400,m2312-C-3400,220.0,0.0,0.0,0.0,10,63.0,0.0,0,220.0,0.0,0.0,0.0,0.0,0.0,5
2023-05-10 13:43:28,m2312-C-3400,m2312-C-3400,220.0,0.0,0.0,0.0,1,63.5,0.0,0,220.0,0.0,0.0,0.0,0.0,0.0,5
2023-05-10 13:43:28,m2312-C-3400,m2312-C-3400,220.0,0.0,0.0,0.0,10,64.0,0.0,0,220.0,0.0,0.0,0.0,0.0,0.0,5
2023-05-10 13:43:32,m2312-C-3400,m2312-C-3400,220.0,0.0,0.0,0.0,1,64.5,0.0,0,220.0,0.0,0.0,0.0,0.0,0.0,5
2023-05-10 13:43:32,m2312-C-3400,m2312-C-3400,220.0,0.0,0.0,0.0,10,65.0,0.0,0,220.0,0.0,0.0,0.0,0.0,0.0,5
2023-05-10 13:43:34,m2312-C-3400,m2312-C-3400,220.0,0.0,0.0,0.0,1,65.5,0.0,0,220.0,0.0,0.0,0.0,0.0,0.0,5
2023-05-10 13:43:34,m2312-C-3400,m2312-C-3400,220.0,0.0,0.0,0.0,10,66.0,0.0,0,220.0,0.0,0.0,0.0,0.0,0.0,5
2023-05-10 13:43:37,m2312-C-3400,m2312-C-3400,220.0,0.0,0.0,0.0,1,66.5,0.0,0,220.0,0.0,0.0,0.0,0.0,0.0,5
2023-05-10 13:43:37,m2312-C-3400,m2312-C-3400,220.0,0.0,0.0,0.0,10,67.0,0.0,0,220.0,0.0,0.0,0.0,0.0,0.0,5
2023-05-10 13:43:39,m2312-C-3400,m2312-C-3400,220.0,0.0,0.0,0.0,1,67.5,0.0,0,220.0,0.0,0.0,0.0,0.0,0.0,5
2023-05-10 13:43:39,m2312-C-3400,m2312-C-3400,220.0,0.0,0.0,0.0,10,68.0,0.0,0,220.0,0.0,0.0,0.0,0.0,0.0,5
2023-05-10 13:43:42,m2312-C-3400,m2312-C-3400,220.0,0.0,0.0,0.0,1,68.5,0.0,0,220.0,0.0,0.0,0.0,0.0,0.0,5
2023-05-10 13:43:42,m2312-C-3400,m2312-C-3400,220.0,0.0,0.0,0.0,10,69.0,0.0,0,220.0,0.0,0.0,0.0,0.0,0.0,5
2023-05-10 13:43:44,m2312-C-3400,m2312-C-3400,220.0,0.0,0.0,0.0,1,69.5,0.0,0,220.0,0.0,0.0,0.0,0.0,0.0,5
2023-05-10 13:43:44,m2312-C-3400,m2312-C-3400,220.0,0.0,0.0,0.0,10,70.0,0.0,0,220.0,0.0,0.0,0.0,0.0,0.0,5
2023-05-10 13:43:46,m2312-C-3400,m2312-C-3400,220.0,0.0,0.0,0.0,1,70.5,0.0,0,220.0,0.0,0.0,0.0,0.0,0.0,5
2023-05-10 13:43:46,m2312-C-3400,m2312-C-3400,220.0,0.0,0.0,0.0,10,71.0,0.0,0,220.0,0.0,0.0,0.0,0.0,0.0,5
2023-05-10 13:43:48,m2312-C-3400,m2312-C-3400,220.0,0.0,0.0,0.0,1,71.5,0.0,0,220.0,0.0,0.0,0.0,0.0,0.0,5
2023-05-10 13:43:48,m2312-C-3400,m2312-C-3400,220.0,0.0,0.0,0.0,10,72.0,0.0,0,220.0,0.0,0.0,0.0,0.0,0.0,5
2023-05-10 13:43:50,m2312-C-3400,m2312-C-3400,220.0,0.0,0.0,0.0,1,72.5,0.0,0,220.0,0.0,0.0,0.0,0.0,0.0,5
2023-05-10 13:43:50,m2312-C-3400,m2312-C-3400,220.0,0.0,0.0,0.0,10,73.0,0.0,0,220.0,0.0,0.0,0.0,0.0,0.0,5
2023-05-10 13:43:51,m2312-C-3400,m2312-C-3400,220.0,0.0,0.0,0.0,1,73.5,0.0,0,220.0,0.0,0.0,0.0,0.0,0.0,5
2023-05-10 13:43:51,m2312-C-3400,m2312-C-3400,220.0,0.0,0.0,0.0,10,74.0,0.0,0,220.0,0.0,0.0,0.0,0.0,0.0,5
2023-05-10 13:43:53,m2312-C-3400,m2312-C-3400,220.0,0.0,0.0,0.0,1,74.5,0.0,0,220.0,0.0,0.0,0.0,0.0,0.0,5
2023-05-10 13:43:53,m2312-C-3400,m2312-C-3400,220.0,0.0,0.0,0.0,10,75.0,0.0,0,220.0,0.0,0.0,0.0,0.0,0.0,5
2023-05-10 13:43:55,m2312-C-3400,m2312-C-3400,220.0,0.0,0.0,0.0,1,75.5,0.0,0,220.0,0.0,0.0,0.0,0.0,0.0,5
2023-05-10 13:43:55,m2312-C-3400,m2312-C-3400,220.0,0.0,0.0,0.0,10,76.0,0.0,0,220.0,0.0,0.0,0.0,0.0,0.0,5
2023-05-10 13:43:56,m2312-C-3400,m2312-C-3400,220.0,0.0,0.0,0.0,1,76.5,0.0,0,220.0,0.0,0.0,0.0,0.0,0.0,5
2023-05-10 13:43:56,m2312-C-3400,m2312-C-3400,220.0,0.0,0.0,0.0,10,77.0,0.0,0,220.0,0.0,0.0,0.0,0.0,0.0,5
2023-05-10 13:44:01,m2312-C-3400,m2312-C-3400,220.0,0.0,0.0,0.0,1,77.5,0.0,0,220.0,0.0,0.0,0.0,0.0,0.0,5
2023-05-10 13:44:01,m2312-C-3400,m2312-C-3400,220.0,0.0,0.0,0.0,10,78.0,0.0,0,220.0,0.0,0.0,0.0,0.0,0.0,5
2023-05-10 13:44:04,m2312-C-3400,m2312-C-3400,220.0,0.0,0.0,0.0,1,78.5,0.0,0,220.0,0.0,0.0,0.0,0.0,0.0,5
2023-05-10 13:44:04,m2312-C-3400,m2312-C-3400,220.0,0.0,0.0,0.0,10,79.0,0.0,0,220.0,0.0,0.0,0.0,0.0,0.0,5
2023-05-10 13:44:05,m2312-C-3400,m2312-C-3400,220.0,0.0,0.0,0.0,1,79.5,0.0,0,220.0,0.0,0.0,0.0,0.0,0.0,5
2023-05-10 13:44:05,m2312-C-3400,m2312-C-3400,220.0,0.0,0.0,0.0,10,80.0,0.0,0,220.0,0.0,0.0,0.0,0.0,0.0,5
2023-05-10 13:44:07,m2312-C-3400,m2312-C-3400,220.0,0.0,0.0,0.0,1,80.5,0.0,0,220.0,0.0,0.0,0.0,0.0,0.0,5
2023-05-10 13:44:07,m2312-C-3400,m2312-C-3400,220.0,0.0,0.0,0.0,10,81.0,0.0,0,220.0,0.0,0.0,0.0,0.0,0.0,5
2023-05-10 13:44:09,m2312-C-3400,m2312-C-3400,220.0,0.0,0.0,0.0,1,81.5,0.0,0,220.0,0.0,0.0,0.0,0.0,0.0,5
2023-05-10 13:44:09,m2312-C-3400,m2312-C-3400,220.0,0.0,0.0,0.0,10,82.0,0.0,0,220.0,0.0,0.0,0.0,0.0,0.0,5
2023-05-10 13:44:10,m2312-C-3400,m2312-C-3400,220.0,0.0,0.0,0.0,1,82.5,0.0,0,220.0,0.0,0.0,0.0,0.0,0.0,5
2023-05-10 13:44:10,m2312-C-3400,m2312-C-3400,220.0,0.0,0.0,0.0,10,83.0,0.0,0,220.0,0.0,0.0,0.0,0.0,0.0,5
2023-05-10 13:44:12,m2312-C-3400,m2312-C-3400,220.0,0.0,0.0,0.0,1,83.5,0.0,0,220.0,0.0,0.0,0.0,0.0,0.0,5
2023-05-10 13:44:12,m2312-C-3400,m2312-C-3400,220.0,0.0,0.0,0.0,10,84.0,0.0,0,220.0,0.0,0.0,0.0,0.0,0.0,5
2023-05-10 13:44:13,m2312-C-3400,m2312-C-3400,220.0,0.0,0.0,0.0,1,84.5,0.0,0,220.0,0.0,0.0,0.0,0.0,0.0,5
2023-05-10 13:44:13,m2312-C-3400,m2312-C-3400,220.0,0.0,0.0,0.0,10,85.0,0.0,0,220.0,0.0,0.0,0.0,0.0,0.0,5
2023-05-10 13:44:16,m2312-C-3400,m2312-C-3400,220.0,0.0,0.0,0.0,1,85.5,0.0,0,220.0,0.0,0.0,0.0,0.0,0.0,5
2023-05-10 13:44:16,m2312-C-3400,m2312-C-3400,220.0,0.0,0.0,0.0,10,86.0,0.0,0,220.0,0.0,0.0,0.0,0.0,0.0,5
2023-05-10 13:44:20,m2312-C-3400,m2312-C-3400,220.0,0.0,0.0,0.0,1,86.5,0.0,0,220.0,0.0,0.0,0.0,0.0,0.0,5
2023-05-10 13:44:20,m2312-C-3400,m2312-C-3400,220.0,0.0,0.0,0.0,10,87.0,0.0,0,220.0,0.0,0.0,0.0,0.0,0.0,5
2023-05-10 13:44:21,m2312-C-3400,m2312-C-3400,220.0,0.0,0.0,0.0,1,87.5,0.0,0,220.0,0.0,0.0,0.0,0.0,0.0,5
2023-05-10 13:44:21,m2312-C-3400,m2312-C-3400,220.0,0.0,0.0,0.0,10,88.0,0.0,0,220.0,0.0,0.0,0.0,0.0,0.0,5
2023-05-10 13:44:23,m2312-C-3400,m2312-C-3400,220.0,0.0,0.0,0.0,1,88.5,0.0,0,220.0,0.0,0.0,0.0,0.0,0.0,5
2023-05-10 13:44:23,m2312-C-3400,m2312-C-3400,220.0,0.0,0.0,0.0,10,89.0,0.0,0,220.0,0.0,0.0,0.0,0.0,0.0,5
2023-05-10 13:44:24,m2312-C-3400,m2312-C-3400,220.0,0.0,0.0,0.0,1,89.5,0.0,0,220.0,0.0,0.0,0.0,0.0,0.0,5
2023-05-10 13:44:24,m2312-C-3400,m2312-C-3400,220.0,0.0,0.0,0.0,10,90.0,0.0,0,220.0,0.0,0.0,0.0,0.0,0.0,5
2023-05-10 13:44:25,m2312-C-3400,m2312-C-3400,220.0,0.0,0.0,0.0,1,90.5,0.0,0,220.0,0.0,0.0,0.0,0.0,0.0,5
2023-05-10 13:44:25,m2312-C-3400,m2312-C-3400,220.0,0.0,0.0,0.0,10,91.0,0.0,0,220.0,0.0,0.0,0.0,0.0,0.0,5
2023-05-10 13:44:26,m2312-C-3400,m2312-C-3400,220.0,0.0,0.0,0.0,1,91.5,0.0,0,220.0,0.0,0.0,0.0,0.0,0.0,5
2023-05-10 13:44:26,m2312-C-3400,m2312-C-3400,220.0,0.0,0.0,0.0,10,92.0,0.0,0,220.0,0.0,0.0,0.0,0.0,0.0,5
2023-05-10 13:44:27,m2312-C-3400,m2312-C-3400,220.0,0.0,0.0,0.0,1,92.5,0.0,0,220.0,0.0,0.0,0.0,0.0,0.0,5
2023-05-10 13:44:27,m2312-C-3400,m2312-C-3400,220.0,0.0,0.0,0.0,10,93.0,0.0,0,220.0,0.0,0.0,0.0,0.0,0.0,5
2023-05-10 13:44:28,m2312-C-3400,m2312-C-3400,220.0,0.0,0.0,0.0,1,93.5,0.0,0,220.0,0.0,0.0,0.0,0.0,0.0,5
2023-05-10 13:44:28,m2312-C-3400,m2312-C-3400,220.0,0.0,0.0,0.0,10,94.0,0.0,0,220.0,0.0,0.0,0.0,0.0,0.0,5
2023-05-10 13:44:29,m2312-C-3400,m2312-C-3400,220.0,0.0,0.0,0.0,1,94.5,0.0,0,220.0,0.0,0.0,0.0,0.0,0.0,5
2023-05-10 13:44:29,m2312-C-3400,m2312-C-3400,220.0,0.0,0.0,0.0,10,95.0,0.0,0,220.0,0.0,0.0,0.0,0.0,0.0,5
2023-05-10 13:44:30,m2312-C-3400,m2312-C-3400,220.0,0.0,0.0,0.0,1,95.5,0.0,0,220.0,0.0,0.0,0.0,0.0,0.0,5
2023-05-10 13:44:30,m2312-C-3400,m2312-C-3400,220.0,0.0,0.0,0.0,10,96.0,0.0,0,220.0,0.0,0.0,0.0,0.0,0.0,5
2023-05-10 13:44:32,m2312-C-3400,m2312-C-3400,220.0,0.0,0.0,0.0,1,96.5,0.0,0,220.0,0.0,0.0,0.0,0.0,0.0,5
2023-05-10 13:44:32,m2312-C-3400,m2312-C-3400,220.0,0.0,0.0,0.0,10,97.0,0.0,0,220.0,0.0,0.0,0.0,0.0,0.0,5
2023-05-10 13:44:33,m2312-C-3400,m2312-C-3400,220.0,0.0,0.0,0.0,1,97.5,0.0,0,220.0,0.0,0.0,0.0,0.0,0.0,5
2023-05-10 13:44:33,m2312-C-3400,m2312-C-3400,220.0,0.0,0.0,0.0,10,98.0,0.0,0,220.0,0.0,0.0,0.0,0.0,0.0,5
2023-05-10 13:44:34,m2312-C-3400,m2312-C-3400,220.0,0.0,0.0,0.0,1,98.5,0.0,0,220.0,0.0,0.0,0.0,0.0,0.0,5
2023-05-10 13:44:34,m2312-C-3400,m2312-C-3400,220.0,0.0,0.0,0.0,10,99.0,0.0,0,220.0,0.0,0.0,0.0,0.0,0.0,5
2023-05-10 13:44:35,m2312-C-3400,m2312-C-3400,220.0,0.0,0.0,0.0,1,99.5,0.0,0,220.0,0.0,0.0,0.0,0.0,0.0,5
2023-05-10 13:44:35,m2312-C-3400,m2312-C-3400,220.0,0.0,0.0,0.0,10,100.0,0.0,0,220.0,0.0,0.0,0.0,0.0,0.0,5
2023-05-10 13:44:36,m2312-C-3400,m2312-C-3400,220.0,0.0,0.0,0.0,1,100.5,0.0,0,220.0,0.0,0.0,0.0,0.0,0.0,5
2023-05-10 13:44:36,m2312-C-3400,m2312-C-3400,220.0,0.0,0.0,0.0,10,101.0,0.0,0,220.0,0.0,0.0,0.0,0.0,0.0,5
2023-05-10 13:44:37,m2312-C-3400,m2312-C-3400,220.0,0.0,0.0,0.0,1,101.5,0.0,0,220.0,0.0,0.0,0.0,0.0,0.0,5
2023-05-10 13:44:37,m2312-C-3400,m2312-C-3400,220.0,0.0,0.0,0.0,10,102.0,0.0,0,220.0,0.0,0.0,0.0,0.0,0.0,5
2023-05-10 14:01:30,m2312-C-3400,m2312-C-3400,220.0,0.0,0.0,0.0,1,102.5,0.0,0,220.0,0.0,0.0,0.0,0.0,0.0,5
2023-05-10 14:01:30,m2312-C-3400,m2312-C-3400,220.0,0.0,0.0,0.0,10,103.0,0.0,0,220.0,0.0,0.0,0.0,0.0,0.0,5
2023-05-10 14:43:44,m2312-C-3400,m2312-C-3400,220.0,0.0,0.0,0.0,1,103.5,0.0,0,220.0,0.0,0.0,0.0,0.0,0.0,5
2023-05-10 14:43:44,m2312-C-3400,m2312-C-3400,220.0,0.0,0.0,0.0,10,104.0,0.0,0,220.0,0.0,0.0,0.0,0.0,0.0,5
2023-05-10 14:45:03,m2312-C-3400,m2312-C-3400,220.0,0.0,0.0,0.0,5,170.0,190.0,5,220.0,0.0,0.0,0.0,0.0,0.0,5
2023-05-10 14:45:04,m2312-C-3400,m2312-C-3400,220.0,0.0,0.0,0.0,10,170.0,190.0,10,220.0,0.0,0.0,0.0,0.0,0.0,5
2023-05-10 14:45:08,m2312-C-3400,m2312-C-3400,220.0,0.0,0.0,0.0,5,173.5,190.0,10,220.0,0.0,0.0,0.0,0.0,0.0,5
2023-05-10 14:45:10,m2312-C-3400,m2312-C-3400,220.0,0.0,0.0,0.0,10,173.5,190.0,15,220.0,0.0,0.0,0.0,0.0,0.0,5
2023-05-10 14:45:14,m2312-C-3400,m2312-C-3400,220.0,0.0,0.0,0.0,10,173.5,187.5,5,220.0,0.0,0.0,0.0,0.0,0.0,5
2023-05-10 14:45:17,m2312-C-3400,m2312-C-3400,220.0,0.0,0.0,0.0,10,173.5,187.5,10,220.0,0.0,0.0,0.0,0.0,0.0,5
2023-05-10 14:45:19,m2312-C-3400,m2312-C-3400,220.0,0.0,0.0,0.0,5,173.5,187.5,10,220.0,0.0,0.0,0.0,0.0,0.0,5
2023-05-10 14:45:20,m2312-C-3400,m2312-C-3400,220.0,0.0,0.0,0.0,5,173.0,187.5,10,220.0,0.0,0.0,0.0,0.0,0.0,5
2023-05-10 14:45:23,m2312-C-3400,m2312-C-3400,220.0,0.0,0.0,0.0,5,170.5,187.5,10,220.0,0.0,0.0,0.0,0.0,0.0,5
2023-05-10 14:45:23,m2312-C-3400,m2312-C-3400,220.0,0.0,0.0,0.0,5,170.0,187.5,10,220.0,0.0,0.0,0.0,0.0,0.0,5
2023-05-10 14:45:25,m2312-C-3400,m2312-C-3400,220.0,0.0,0.0,0.0,5,170.0,187.5,5,220.0,0.0,0.0,0.0,0.0,0.0,5
2023-05-10 14:45:26,m2312-C-3400,m2312-C-3400,220.0,0.0,0.0,0.0,5,167.5,187.5,5,220.0,0.0,0.0,0.0,0.0,0.0,5
2023-05-10 14:45:29,m2312-C-3400,m2312-C-3400,220.0,0.0,0.0,0.0,10,104.0,0.0,0,220.0,0.0,0.0,0.0,0.0,0.0,5
2023-05-10 14:45:30,m2312-C-3400,m2312-C-3400,220.0,0.0,0.0,0.0,1,110.5,0.0,0,220.0,0.0,0.0,0.0,0.0,0.0,5
2023-05-10 14:45:30,m2312-C-3400,m2312-C-3400,220.0,0.0,0.0,0.0,10,111.0,0.0,0,220.0,0.0,0.0,0.0,0.0,0.0,5
2023-05-10 14:45:31,m2312-C-3400,m2312-C-3400,220.0,0.0,0.0,0.0,1,117.5,0.0,0,220.0,0.0,0.0,0.0,0.0,0.0,5
2023-05-10 14:45:31,m2312-C-3400,m2312-C-3400,220.0,0.0,0.0,0.0,10,118.0,0.0,0,220.0,0.0,0.0,0.0,0.0,0.0,5
2023-05-10 14:59:02,m2312-C-3400,m2312-C-3400,220.0,0.0,0.0,0.0,1,103.5,0.0,0,220.0,0.0,0.0,0.0,0.0,0.0,5
2023-05-10 15:01:15,m2312-C-3400,m2312-C-3400,220.0,0.0,0.0,0.0,1,103.5,0.0,0,220.0,0.0,0.0,0.0,0.0,0.0,5
