time,symbol_id,symbol_name,last,trade_volume,trade_amount,open_interest_change,bv1,bp1,ap1,av1,yesterday_close,today_open,today_high,today_low,volume,amount,open_interest
2023-05-09 20:56:06,m2312-P-3200,m2312-P-3200,63.0,0.0,0.0,0.0,1,0.5,0.0,0,63.0,63.5,0.0,0.0,0.0,0.0,30
2023-05-09 21:00:26,m2312-P-3200,m2312-P-3200,63.0,0.0,0.0,0.0,10,1.0,0.0,0,63.0,63.5,0.0,0.0,0.0,0.0,30
2023-05-09 21:01:32,m2312-P-3200,m2312-P-3200,63.0,0.0,0.0,0.0,1,1.5,0.0,0,63.0,63.5,0.0,0.0,0.0,0.0,30
2023-05-09 21:01:32,m2312-P-3200,m2312-P-3200,63.0,0.0,0.0,0.0,10,2.0,0.0,0,63.0,63.5,0.0,0.0,0.0,0.0,30
2023-05-09 21:09:03,m2312-P-3200,m2312-P-3200,63.0,0.0,0.0,0.0,1,2.5,0.0,0,63.0,63.5,0.0,0.0,0.0,0.0,30
2023-05-09 21:09:03,m2312-P-3200,m2312-P-3200,63.0,0.0,0.0,0.0,10,3.0,0.0,0,63.0,63.5,0.0,0.0,0.0,0.0,30
2023-05-09 21:31:32,m2312-P-3200,m2312-P-3200,63.0,0.0,0.0,0.0,1,3.5,0.0,0,63.0,63.5,0.0,0.0,0.0,0.0,30
2023-05-09 21:31:32,m2312-P-3200,m2312-P-3200,63.0,0.0,0.0,0.0,10,4.0,0.0,0,63.0,63.5,0.0,0.0,0.0,0.0,30
2023-05-09 21:41:03,m2312-P-3200,m2312-P-3200,63.0,0.0,0.0,0.0,1,12.0,0.0,0,63.0,63.5,0.0,0.0,0.0,0.0,30
2023-05-09 21:41:03,m2312-P-3200,m2312-P-3200,63.0,0.0,0.0,0.0,10,12.5,0.0,0,63.0,63.5,0.0,0.0,0.0,0.0,30
2023-05-09 21:41:05,m2312-P-3200,m2312-P-3200,63.0,0.0,0.0,0.0,1,20.5,0.0,0,63.0,63.5,0.0,0.0,0.0,0.0,30
2023-05-09 21:41:05,m2312-P-3200,m2312-P-3200,63.0,0.0,0.0,0.0,10,21.0,0.0,0,63.0,63.5,0.0,0.0,0.0,0.0,30
2023-05-09 21:41:06,m2312-P-3200,m2312-P-3200,63.0,0.0,0.0,0.0,1,29.0,0.0,0,63.0,63.5,0.0,0.0,0.0,0.0,30
2023-05-09 21:41:06,m2312-P-3200,m2312-P-3200,63.0,0.0,0.0,0.0,5,63.0,71.0,5,63.0,63.5,0.0,0.0,0.0,0.0,30
2023-05-09 21:41:07,m2312-P-3200,m2312-P-3200,63.0,0.0,0.0,0.0,10,63.0,71.0,10,63.0,63.5,0.0,0.0,0.0,0.0,30
2023-05-09 21:41:10,m2312-P-3200,m2312-P-3200,63.0,0.0,0.0,0.0,10,63.0,63.5,5,63.0,63.5,0.0,0.0,0.0,0.0,30
2023-05-09 21:41:13,m2312-P-3200,m2312-P-3200,63.0,0.0,0.0,0.0,15,63.0,63.5,5,63.0,63.5,0.0,0.0,0.0,0.0,30
2023-05-09 21:41:15,m2312-P-3200,m2312-P-3200,63.5,5.0,3175.0,-5.0,15,63.0,65.5,5,63.0,63.5,63.5,63.5,5.0,3175.0,25
2023-05-09 21:41:18,m2312-P-3200,m2312-P-3200,63.5,0.0,0.0,0.0,10,63.0,65.5,5,63.0,63.5,63.5,63.5,5.0,3175.0,25
2023-05-09 21:41:20,m2312-P-3200,m2312-P-3200,63.5,0.0,0.0,0.0,5,63.0,65.5,5,63.0,63.5,63.5,63.5,5.0,3175.0,25
2023-05-09 21:41:24,m2312-P-3200,m2312-P-3200,63.5,0.0,0.0,0.0,5,61.0,66.5,5,63.0,63.5,63.5,63.5,5.0,3175.0,25
2023-05-09 21:41:29,m2312-P-3200,m2312-P-3200,63.5,0.0,0.0,0.0,5,61.0,67.5,5,63.0,63.5,63.5,63.5,5.0,3175.0,25
2023-05-09 21:41:31,m2312-P-3200,m2312-P-3200,63.5,0.0,0.0,0.0,5,60.5,68.5,5,63.0,63.5,63.5,63.5,5.0,3175.0,25
2023-05-09 21:41:33,m2312-P-3200,m2312-P-3200,63.5,0.0,0.0,0.0,10,4.0,0.0,0,63.0,63.5,63.5,63.5,5.0,3175.0,25
2023-05-09 21:41:33,m2312-P-3200,m2312-P-3200,63.5,0.0,0.0,0.0,1,12.0,0.0,0,63.0,63.5,63.5,63.5,5.0,3175.0,25
2023-05-09 21:41:34,m2312-P-3200,m2312-P-3200,63.5,0.0,0.0,0.0,11,12.5,0.0,0,63.0,63.5,63.5,63.5,5.0,3175.0,25
2023-05-09 22:57:33,m2312-P-3200,m2312-P-3200,63.5,0.0,0.0,0.0,1,12.5,0.0,0,63.0,63.5,63.5,63.5,5.0,3175.0,25
2023-05-09 22:58:21,m2312-P-3200,m2312-P-3200,63.5,0.0,0.0,0.0,10,13.0,0.0,0,63.0,63.5,63.5,63.5,5.0,3175.0,25
2023-05-09 22:59:55,m2312-P-3200,m2312-P-3200,63.5,0.0,0.0,0.0,1,12.5,0.0,0,63.0,63.5,63.5,63.5,5.0,3175.0,25
2023-05-10 09:00:02,m2312-P-3200,m2312-P-3200,63.5,0.0,0.0,0.0,10,13.0,0.0,0,63.0,63.5,63.5,63.5,5.0,3175.0,25
2023-05-10 09:00:18,m2312-P-3200,m2312-P-3200,63.5,0.0,0.0,0.0,1,13.5,0.0,0,63.0,63.5,63.5,63.5,5.0,3175.0,25
2023-05-10 09:00:18,m2312-P-3200,m2312-P-3200,63.5,0.0,0.0,0.0,10,14.0,0.0,0,63.0,63.5,63.5,63.5,5.0,3175.0,25
2023-05-10 09:11:56,m2312-P-3200,m2312-P-3200,63.5,0.0,0.0,0.0,1,17.0,0.0,0,63.0,63.5,63.5,63.5,5.0,3175.0,25
2023-05-10 09:11:56,m2312-P-3200,m2312-P-3200,63.5,0.0,0.0,0.0,10,17.5,0.0,0,63.0,63.5,63.5,63.5,5.0,3175.0,25
2023-05-10 10:14:32,m2312-P-3200,m2312-P-3200,63.5,0.0,0.0,0.0,1,17.0,0.0,0,63.0,63.5,63.5,63.5,5.0,3175.0,25
2023-05-10 10:30:23,m2312-P-3200,m2312-P-3200,63.5,0.0,0.0,0.0,10,17.5,0.0,0,63.0,63.5,63.5,63.5,5.0,3175.0,25
2023-05-10 10:54:19,m2312-P-3200,m2312-P-3200,63.5,0.0,0.0,0.0,10,17.5,271.5,1,63.0,63.5,63.5,63.5,5.0,3175.0,25
2023-05-10 10:54:19,m2312-P-3200,m2312-P-3200,63.5,0.0,0.0,0.0,10,17.5,271.0,10,63.0,63.5,63.5,63.5,5.0,3175.0,25
2023-05-10 10:54:29,m2312-P-3200,m2312-P-3200,63.5,0.0,0.0,0.0,10,17.5,270.5,1,63.0,63.5,63.5,63.5,5.0,3175.0,25
2023-05-10 10:54:30,m2312-P-3200,m2312-P-3200,63.5,0.0,0.0,0.0,10,17.5,270.0,10,63.0,63.5,63.5,63.5,5.0,3175.0,25
2023-05-10 10:54:32,m2312-P-3200,m2312-P-3200,63.5,0.0,0.0,0.0,10,17.5,269.5,1,63.0,63.5,63.5,63.5,5.0,3175.0,25
2023-05-10 10:54:33,m2312-P-3200,m2312-P-3200,63.5,0.0,0.0,0.0,10,17.5,269.0,10,63.0,63.5,63.5,63.5,5.0,3175.0,25
2023-05-10 10:54:36,m2312-P-3200,m2312-P-3200,63.5,0.0,0.0,0.0,10,17.5,268.5,1,63.0,63.5,63.5,63.5,5.0,3175.0,25
2023-05-10 10:54:36,m2312-P-3200,m2312-P-3200,63.5,0.0,0.0,0.0,10,17.5,268.0,10,63.0,63.5,63.5,63.5,5.0,3175.0,25
2023-05-10 10:54:44,m2312-P-3200,m2312-P-3200,63.5,0.0,0.0,0.0,10,17.5,267.5,1,63.0,63.5,63.5,63.5,5.0,3175.0,25
2023-05-10 10:54:45,m2312-P-3200,m2312-P-3200,63.5,0.0,0.0,0.0,10,17.5,267.0,10,63.0,63.5,63.5,63.5,5.0,3175.0,25
2023-05-10 10:54:50,m2312-P-3200,m2312-P-3200,63.5,0.0,0.0,0.0,10,17.5,266.5,1,63.0,63.5,63.5,63.5,5.0,3175.0,25
2023-05-10 10:54:50,m2312-P-3200,m2312-P-3200,63.5,0.0,0.0,0.0,10,17.5,266.0,10,63.0,63.5,63.5,63.5,5.0,3175.0,25
2023-05-10 10:54:55,m2312-P-3200,m2312-P-3200,63.5,0.0,0.0,0.0,10,17.5,265.5,1,63.0,63.5,63.5,63.5,5.0,3175.0,25
2023-05-10 10:54:55,m2312-P-3200,m2312-P-3200,63.5,0.0,0.0,0.0,10,17.5,265.0,10,63.0,63.5,63.5,63.5,5.0,3175.0,25
2023-05-10 10:55:03,m2312-P-3200,m2312-P-3200,63.5,0.0,0.0,0.0,10,17.5,264.5,1,63.0,63.5,63.5,63.5,5.0,3175.0,25
2023-05-10 10:55:04,m2312-P-3200,m2312-P-3200,63.5,0.0,0.0,0.0,10,17.5,264.0,10,63.0,63.5,63.5,63.5,5.0,3175.0,25
2023-05-10 10:55:07,m2312-P-3200,m2312-P-3200,63.5,0.0,0.0,0.0,10,17.5,263.5,1,63.0,63.5,63.5,63.5,5.0,3175.0,25
2023-05-10 10:55:07,m2312-P-3200,m2312-P-3200,63.5,0.0,0.0,0.0,10,17.5,263.0,10,63.0,63.5,63.5,63.5,5.0,3175.0,25
2023-05-10 10:55:10,m2312-P-3200,m2312-P-3200,63.5,0.0,0.0,0.0,10,17.5,262.5,1,63.0,63.5,63.5,63.5,5.0,3175.0,25
2023-05-10 10:55:10,m2312-P-3200,m2312-P-3200,63.5,0.0,0.0,0.0,10,17.5,262.0,10,63.0,63.5,63.5,63.5,5.0,3175.0,25
2023-05-10 10:55:15,m2312-P-3200,m2312-P-3200,63.5,0.0,0.0,0.0,10,17.5,261.5,1,63.0,63.5,63.5,63.5,5.0,3175.0,25
2023-05-10 10:55:15,m2312-P-3200,m2312-P-3200,63.5,0.0,0.0,0.0,10,17.5,261.0,10,63.0,63.5,63.5,63.5,5.0,3175.0,25
2023-05-10 10:55:21,m2312-P-3200,m2312-P-3200,63.5,0.0,0.0,0.0,10,17.5,260.5,1,63.0,63.5,63.5,63.5,5.0,3175.0,25
2023-05-10 10:55:22,m2312-P-3200,m2312-P-3200,63.5,0.0,0.0,0.0,10,17.5,260.0,10,63.0,63.5,63.5,63.5,5.0,3175.0,25
2023-05-10 10:55:25,m2312-P-3200,m2312-P-3200,63.5,0.0,0.0,0.0,10,17.5,259.5,1,63.0,63.5,63.5,63.5,5.0,3175.0,25
2023-05-10 10:55:25,m2312-P-3200,m2312-P-3200,63.5,0.0,0.0,0.0,10,17.5,259.0,10,63.0,63.5,63.5,63.5,5.0,3175.0,25
2023-05-10 10:55:31,m2312-P-3200,m2312-P-3200,63.5,0.0,0.0,0.0,10,17.5,258.5,1,63.0,63.5,63.5,63.5,5.0,3175.0,25
2023-05-10 10:55:31,m2312-P-3200,m2312-P-3200,63.5,0.0,0.0,0.0,10,17.5,258.0,10,63.0,63.5,63.5,63.5,5.0,3175.0,25
2023-05-10 10:55:34,m2312-P-3200,m2312-P-3200,63.5,0.0,0.0,0.0,10,17.5,257.5,1,63.0,63.5,63.5,63.5,5.0,3175.0,25
2023-05-10 10:55:34,m2312-P-3200,m2312-P-3200,63.5,0.0,0.0,0.0,10,17.5,257.0,10,63.0,63.5,63.5,63.5,5.0,3175.0,25
2023-05-10 10:55:42,m2312-P-3200,m2312-P-3200,63.5,0.0,0.0,0.0,10,17.5,256.5,1,63.0,63.5,63.5,63.5,5.0,3175.0,25
2023-05-10 10:55:42,m2312-P-3200,m2312-P-3200,63.5,0.0,0.0,0.0,10,17.5,256.0,10,63.0,63.5,63.5,63.5,5.0,3175.0,25
2023-05-10 10:55:47,m2312-P-3200,m2312-P-3200,63.5,0.0,0.0,0.0,10,17.5,255.5,1,63.0,63.5,63.5,63.5,5.0,3175.0,25
2023-05-10 10:55:47,m2312-P-3200,m2312-P-3200,63.5,0.0,0.0,0.0,10,17.5,255.0,10,63.0,63.5,63.5,63.5,5.0,3175.0,25
2023-05-10 10:55:51,m2312-P-3200,m2312-P-3200,63.5,0.0,0.0,0.0,10,17.5,254.5,1,63.0,63.5,63.5,63.5,5.0,3175.0,25
2023-05-10 10:55:51,m2312-P-3200,m2312-P-3200,63.5,0.0,0.0,0.0,10,17.5,254.0,10,63.0,63.5,63.5,63.5,5.0,3175.0,25
2023-05-10 10:55:57,m2312-P-3200,m2312-P-3200,63.5,0.0,0.0,0.0,10,17.5,253.5,1,63.0,63.5,63.5,63.5,5.0,3175.0,25
2023-05-10 10:55:58,m2312-P-3200,m2312-P-3200,63.5,0.0,0.0,0.0,10,17.5,253.0,10,63.0,63.5,63.5,63.5,5.0,3175.0,25
2023-05-10 10:56:18,m2312-P-3200,m2312-P-3200,63.5,0.0,0.0,0.0,10,17.5,252.5,1,63.0,63.5,63.5,63.5,5.0,3175.0,25
2023-05-10 10:56:18,m2312-P-3200,m2312-P-3200,63.5,0.0,0.0,0.0,10,17.5,252.0,10,63.0,63.5,63.5,63.5,5.0,3175.0,25
2023-05-10 10:56:55,m2312-P-3200,m2312-P-3200,63.5,0.0,0.0,0.0,10,17.5,251.5,1,63.0,63.5,63.5,63.5,5.0,3175.0,25
2023-05-10 10:56:55,m2312-P-3200,m2312-P-3200,63.5,0.0,0.0,0.0,10,17.5,251.0,10,63.0,63.5,63.5,63.5,5.0,3175.0,25
2023-05-10 10:57:01,m2312-P-3200,m2312-P-3200,63.5,0.0,0.0,0.0,10,17.5,250.5,1,63.0,63.5,63.5,63.5,5.0,3175.0,25
2023-05-10 10:57:01,m2312-P-3200,m2312-P-3200,63.5,0.0,0.0,0.0,10,17.5,250.0,10,63.0,63.5,63.5,63.5,5.0,3175.0,25
2023-05-10 10:57:28,m2312-P-3200,m2312-P-3200,63.5,0.0,0.0,0.0,10,17.5,249.5,1,63.0,63.5,63.5,63.5,5.0,3175.0,25
2023-05-10 10:57:29,m2312-P-3200,m2312-P-3200,63.5,0.0,0.0,0.0,10,17.5,249.0,10,63.0,63.5,63.5,63.5,5.0,3175.0,25
2023-05-10 10:57:32,m2312-P-3200,m2312-P-3200,63.5,0.0,0.0,0.0,10,17.5,248.5,1,63.0,63.5,63.5,63.5,5.0,3175.0,25
2023-05-10 10:57:33,m2312-P-3200,m2312-P-3200,63.5,0.0,0.0,0.0,10,17.5,248.0,10,63.0,63.5,63.5,63.5,5.0,3175.0,25
2023-05-10 10:57:37,m2312-P-3200,m2312-P-3200,63.5,0.0,0.0,0.0,10,17.5,247.5,1,63.0,63.5,63.5,63.5,5.0,3175.0,25
2023-05-10 10:57:37,m2312-P-3200,m2312-P-3200,63.5,0.0,0.0,0.0,10,17.5,247.0,10,63.0,63.5,63.5,63.5,5.0,3175.0,25
2023-05-10 10:57:43,m2312-P-3200,m2312-P-3200,63.5,0.0,0.0,0.0,10,17.5,246.5,1,63.0,63.5,63.5,63.5,5.0,3175.0,25
2023-05-10 10:57:43,m2312-P-3200,m2312-P-3200,63.5,0.0,0.0,0.0,10,17.5,246.0,10,63.0,63.5,63.5,63.5,5.0,3175.0,25
2023-05-10 10:58:14,m2312-P-3200,m2312-P-3200,63.5,0.0,0.0,0.0,10,17.5,245.5,1,63.0,63.5,63.5,63.5,5.0,3175.0,25
2023-05-10 10:58:15,m2312-P-3200,m2312-P-3200,63.5,0.0,0.0,0.0,10,17.5,245.0,10,63.0,63.5,63.5,63.5,5.0,3175.0,25
2023-05-10 10:58:19,m2312-P-3200,m2312-P-3200,63.5,0.0,0.0,0.0,10,17.5,244.5,1,63.0,63.5,63.5,63.5,5.0,3175.0,25
2023-05-10 10:58:19,m2312-P-3200,m2312-P-3200,63.5,0.0,0.0,0.0,10,17.5,244.0,10,63.0,63.5,63.5,63.5,5.0,3175.0,25
2023-05-10 10:58:23,m2312-P-3200,m2312-P-3200,63.5,0.0,0.0,0.0,10,17.5,243.5,1,63.0,63.5,63.5,63.5,5.0,3175.0,25
2023-05-10 10:58:23,m2312-P-3200,m2312-P-3200,63.5,0.0,0.0,0.0,10,17.5,243.0,10,63.0,63.5,63.5,63.5,5.0,3175.0,25
2023-05-10 10:58:27,m2312-P-3200,m2312-P-3200,63.5,0.0,0.0,0.0,10,17.5,242.5,1,63.0,63.5,63.5,63.5,5.0,3175.0,25
2023-05-10 10:58:27,m2312-P-3200,m2312-P-3200,63.5,0.0,0.0,0.0,10,17.5,242.0,10,63.0,63.5,63.5,63.5,5.0,3175.0,25
2023-05-10 10:58:31,m2312-P-3200,m2312-P-3200,63.5,0.0,0.0,0.0,10,17.5,241.5,1,63.0,63.5,63.5,63.5,5.0,3175.0,25
2023-05-10 10:58:31,m2312-P-3200,m2312-P-3200,63.5,0.0,0.0,0.0,10,17.5,241.0,10,63.0,63.5,63.5,63.5,5.0,3175.0,25
2023-05-10 10:59:08,m2312-P-3200,m2312-P-3200,63.5,0.0,0.0,0.0,10,17.5,240.5,1,63.0,63.5,63.5,63.5,5.0,3175.0,25
2023-05-10 10:59:08,m2312-P-3200,m2312-P-3200,63.5,0.0,0.0,0.0,10,17.5,240.0,10,63.0,63.5,63.5,63.5,5.0,3175.0,25
2023-05-10 11:00:07,m2312-P-3200,m2312-P-3200,63.5,0.0,0.0,0.0,10,17.5,239.5,1,63.0,63.5,63.5,63.5,5.0,3175.0,25
2023-05-10 11:00:07,m2312-P-3200,m2312-P-3200,63.5,0.0,0.0,0.0,10,17.5,239.0,10,63.0,63.5,63.5,63.5,5.0,3175.0,25
2023-05-10 11:00:21,m2312-P-3200,m2312-P-3200,63.5,0.0,0.0,0.0,10,17.5,238.5,1,63.0,63.5,63.5,63.5,5.0,3175.0,25
2023-05-10 11:00:21,m2312-P-3200,m2312-P-3200,63.5,0.0,0.0,0.0,10,17.5,238.0,10,63.0,63.5,63.5,63.5,5.0,3175.0,25
2023-05-10 11:01:49,m2312-P-3200,m2312-P-3200,63.5,0.0,0.0,0.0,10,17.5,237.5,1,63.0,63.5,63.5,63.5,5.0,3175.0,25
2023-05-10 11:01:50,m2312-P-3200,m2312-P-3200,63.5,0.0,0.0,0.0,10,17.5,237.0,10,63.0,63.5,63.5,63.5,5.0,3175.0,25
2023-05-10 11:01:53,m2312-P-3200,m2312-P-3200,63.5,0.0,0.0,0.0,10,17.5,236.5,1,63.0,63.5,63.5,63.5,5.0,3175.0,25
2023-05-10 11:01:53,m2312-P-3200,m2312-P-3200,63.5,0.0,0.0,0.0,10,17.5,236.0,10,63.0,63.5,63.5,63.5,5.0,3175.0,25
2023-05-10 11:01:56,m2312-P-3200,m2312-P-3200,63.5,0.0,0.0,0.0,10,17.5,235.5,1,63.0,63.5,63.5,63.5,5.0,3175.0,25
2023-05-10 11:01:56,m2312-P-3200,m2312-P-3200,63.5,0.0,0.0,0.0,10,17.5,235.0,10,63.0,63.5,63.5,63.5,5.0,3175.0,25
2023-05-10 11:01:59,m2312-P-3200,m2312-P-3200,63.5,0.0,0.0,0.0,10,17.5,234.5,1,63.0,63.5,63.5,63.5,5.0,3175.0,25
2023-05-10 11:01:59,m2312-P-3200,m2312-P-3200,63.5,0.0,0.0,0.0,10,17.5,234.0,10,63.0,63.5,63.5,63.5,5.0,3175.0,25
2023-05-10 11:02:14,m2312-P-3200,m2312-P-3200,63.5,0.0,0.0,0.0,10,17.5,233.5,1,63.0,63.5,63.5,63.5,5.0,3175.0,25
2023-05-10 11:02:14,m2312-P-3200,m2312-P-3200,63.5,0.0,0.0,0.0,10,17.5,233.0,10,63.0,63.5,63.5,63.5,5.0,3175.0,25
2023-05-10 11:02:18,m2312-P-3200,m2312-P-3200,63.5,0.0,0.0,0.0,10,17.5,232.5,1,63.0,63.5,63.5,63.5,5.0,3175.0,25
2023-05-10 11:02:18,m2312-P-3200,m2312-P-3200,63.5,0.0,0.0,0.0,10,17.5,232.0,10,63.0,63.5,63.5,63.5,5.0,3175.0,25
2023-05-10 11:02:23,m2312-P-3200,m2312-P-3200,63.5,0.0,0.0,0.0,10,17.5,231.5,1,63.0,63.5,63.5,63.5,5.0,3175.0,25
2023-05-10 11:02:23,m2312-P-3200,m2312-P-3200,63.5,0.0,0.0,0.0,10,17.5,231.0,10,63.0,63.5,63.5,63.5,5.0,3175.0,25
2023-05-10 11:02:31,m2312-P-3200,m2312-P-3200,63.5,0.0,0.0,0.0,10,17.5,230.5,1,63.0,63.5,63.5,63.5,5.0,3175.0,25
2023-05-10 11:02:31,m2312-P-3200,m2312-P-3200,63.5,0.0,0.0,0.0,10,17.5,230.0,10,63.0,63.5,63.5,63.5,5.0,3175.0,25
2023-05-10 11:02:35,m2312-P-3200,m2312-P-3200,63.5,0.0,0.0,0.0,10,17.5,229.5,1,63.0,63.5,63.5,63.5,5.0,3175.0,25
2023-05-10 11:02:35,m2312-P-3200,m2312-P-3200,63.5,0.0,0.0,0.0,10,17.5,229.0,10,63.0,63.5,63.5,63.5,5.0,3175.0,25
2023-05-10 11:02:38,m2312-P-3200,m2312-P-3200,63.5,0.0,0.0,0.0,10,17.5,228.5,1,63.0,63.5,63.5,63.5,5.0,3175.0,25
2023-05-10 11:02:38,m2312-P-3200,m2312-P-3200,63.5,0.0,0.0,0.0,10,17.5,228.0,10,63.0,63.5,63.5,63.5,5.0,3175.0,25
2023-05-10 11:02:41,m2312-P-3200,m2312-P-3200,63.5,0.0,0.0,0.0,10,17.5,227.5,1,63.0,63.5,63.5,63.5,5.0,3175.0,25
2023-05-10 11:02:42,m2312-P-3200,m2312-P-3200,63.5,0.0,0.0,0.0,10,17.5,227.0,10,63.0,63.5,63.5,63.5,5.0,3175.0,25
2023-05-10 11:02:47,m2312-P-3200,m2312-P-3200,63.5,0.0,0.0,0.0,10,17.5,226.5,1,63.0,63.5,63.5,63.5,5.0,3175.0,25
2023-05-10 11:02:48,m2312-P-3200,m2312-P-3200,63.5,0.0,0.0,0.0,10,17.5,226.0,10,63.0,63.5,63.5,63.5,5.0,3175.0,25
2023-05-10 11:02:50,m2312-P-3200,m2312-P-3200,63.5,0.0,0.0,0.0,10,17.5,225.5,1,63.0,63.5,63.5,63.5,5.0,3175.0,25
2023-05-10 11:02:50,m2312-P-3200,m2312-P-3200,63.5,0.0,0.0,0.0,10,17.5,225.0,10,63.0,63.5,63.5,63.5,5.0,3175.0,25
2023-05-10 11:02:52,m2312-P-3200,m2312-P-3200,63.5,0.0,0.0,0.0,10,17.5,224.5,1,63.0,63.5,63.5,63.5,5.0,3175.0,25
2023-05-10 11:02:52,m2312-P-3200,m2312-P-3200,63.5,0.0,0.0,0.0,10,17.5,224.0,10,63.0,63.5,63.5,63.5,5.0,3175.0,25
2023-05-10 11:02:55,m2312-P-3200,m2312-P-3200,63.5,0.0,0.0,0.0,10,17.5,223.5,1,63.0,63.5,63.5,63.5,5.0,3175.0,25
2023-05-10 11:02:56,m2312-P-3200,m2312-P-3200,63.5,0.0,0.0,0.0,10,17.5,223.0,10,63.0,63.5,63.5,63.5,5.0,3175.0,25
2023-05-10 11:02:58,m2312-P-3200,m2312-P-3200,63.5,0.0,0.0,0.0,10,17.5,222.5,1,63.0,63.5,63.5,63.5,5.0,3175.0,25
2023-05-10 11:02:58,m2312-P-3200,m2312-P-3200,63.5,0.0,0.0,0.0,10,17.5,222.0,10,63.0,63.5,63.5,63.5,5.0,3175.0,25
2023-05-10 11:29:33,m2312-P-3200,m2312-P-3200,63.5,0.0,0.0,0.0,1,17.0,238.5,1,63.0,63.5,63.5,63.5,5.0,3175.0,25
2023-05-10 13:30:02,m2312-P-3200,m2312-P-3200,63.5,0.0,0.0,0.0,10,17.5,238.0,10,63.0,63.5,63.5,63.5,5.0,3175.0,25
2023-05-10 13:30:20,m2312-P-3200,m2312-P-3200,63.5,0.0,0.0,0.0,10,17.5,237.5,1,63.0,63.5,63.5,63.5,5.0,3175.0,25
2023-05-10 13:30:20,m2312-P-3200,m2312-P-3200,63.5,0.0,0.0,0.0,10,17.5,237.0,10,63.0,63.5,63.5,63.5,5.0,3175.0,25
2023-05-10 13:31:41,m2312-P-3200,m2312-P-3200,63.5,0.0,0.0,0.0,10,17.5,236.5,1,63.0,63.5,63.5,63.5,5.0,3175.0,25
2023-05-10 13:31:41,m2312-P-3200,m2312-P-3200,63.5,0.0,0.0,0.0,10,17.5,236.0,10,63.0,63.5,63.5,63.5,5.0,3175.0,25
2023-05-10 13:31:55,m2312-P-3200,m2312-P-3200,63.5,0.0,0.0,0.0,10,17.5,235.5,1,63.0,63.5,63.5,63.5,5.0,3175.0,25
2023-05-10 13:31:55,m2312-P-3200,m2312-P-3200,63.5,0.0,0.0,0.0,10,17.5,235.0,10,63.0,63.5,63.5,63.5,5.0,3175.0,25
2023-05-10 13:34:12,m2312-P-3200,m2312-P-3200,63.5,0.0,0.0,0.0,10,17.5,234.5,1,63.0,63.5,63.5,63.5,5.0,3175.0,25
2023-05-10 13:34:12,m2312-P-3200,m2312-P-3200,63.5,0.0,0.0,0.0,10,17.5,234.0,10,63.0,63.5,63.5,63.5,5.0,3175.0,25
2023-05-10 13:35:26,m2312-P-3200,m2312-P-3200,63.5,0.0,0.0,0.0,10,17.5,233.5,1,63.0,63.5,63.5,63.5,5.0,3175.0,25
2023-05-10 13:35:27,m2312-P-3200,m2312-P-3200,63.5,0.0,0.0,0.0,10,17.5,233.0,10,63.0,63.5,63.5,63.5,5.0,3175.0,25
2023-05-10 13:35:39,m2312-P-3200,m2312-P-3200,63.5,0.0,0.0,0.0,10,17.5,232.5,1,63.0,63.5,63.5,63.5,5.0,3175.0,25
2023-05-10 13:35:40,m2312-P-3200,m2312-P-3200,63.5,0.0,0.0,0.0,10,17.5,232.0,10,63.0,63.5,63.5,63.5,5.0,3175.0,25
2023-05-10 13:37:57,m2312-P-3200,m2312-P-3200,63.5,0.0,0.0,0.0,10,17.5,231.5,1,63.0,63.5,63.5,63.5,5.0,3175.0,25
2023-05-10 13:37:57,m2312-P-3200,m2312-P-3200,63.5,0.0,0.0,0.0,10,17.5,231.0,10,63.0,63.5,63.5,63.5,5.0,3175.0,25
2023-05-10 13:39:38,m2312-P-3200,m2312-P-3200,63.5,0.0,0.0,0.0,10,17.5,230.5,1,63.0,63.5,63.5,63.5,5.0,3175.0,25
2023-05-10 13:39:38,m2312-P-3200,m2312-P-3200,63.5,0.0,0.0,0.0,10,17.5,230.0,10,63.0,63.5,63.5,63.5,5.0,3175.0,25
2023-05-10 13:39:51,m2312-P-3200,m2312-P-3200,63.5,0.0,0.0,0.0,10,17.5,229.5,1,63.0,63.5,63.5,63.5,5.0,3175.0,25
2023-05-10 13:39:51,m2312-P-3200,m2312-P-3200,63.5,0.0,0.0,0.0,10,17.5,229.0,10,63.0,63.5,63.5,63.5,5.0,3175.0,25
2023-05-10 13:41:39,m2312-P-3200,m2312-P-3200,63.5,0.0,0.0,0.0,10,17.5,228.5,1,63.0,63.5,63.5,63.5,5.0,3175.0,25
2023-05-10 13:41:39,m2312-P-3200,m2312-P-3200,63.5,0.0,0.0,0.0,10,17.5,228.0,10,63.0,63.5,63.5,63.5,5.0,3175.0,25
2023-05-10 13:41:47,m2312-P-3200,m2312-P-3200,63.5,0.0,0.0,0.0,10,17.5,227.5,1,63.0,63.5,63.5,63.5,5.0,3175.0,25
2023-05-10 13:41:47,m2312-P-3200,m2312-P-3200,63.5,0.0,0.0,0.0,10,17.5,227.0,10,63.0,63.5,63.5,63.5,5.0,3175.0,25
2023-05-10 13:41:56,m2312-P-3200,m2312-P-3200,63.5,0.0,0.0,0.0,10,17.5,226.5,1,63.0,63.5,63.5,63.5,5.0,3175.0,25
2023-05-10 13:41:56,m2312-P-3200,m2312-P-3200,63.5,0.0,0.0,0.0,10,17.5,226.0,10,63.0,63.5,63.5,63.5,5.0,3175.0,25
2023-05-10 13:42:04,m2312-P-3200,m2312-P-3200,63.5,0.0,0.0,0.0,10,17.5,225.5,1,63.0,63.5,63.5,63.5,5.0,3175.0,25
2023-05-10 13:42:05,m2312-P-3200,m2312-P-3200,63.5,0.0,0.0,0.0,10,17.5,225.0,10,63.0,63.5,63.5,63.5,5.0,3175.0,25
2023-05-10 13:42:28,m2312-P-3200,m2312-P-3200,63.5,0.0,0.0,0.0,10,17.5,224.5,1,63.0,63.5,63.5,63.5,5.0,3175.0,25
2023-05-10 13:42:28,m2312-P-3200,m2312-P-3200,63.5,0.0,0.0,0.0,10,17.5,224.0,10,63.0,63.5,63.5,63.5,5.0,3175.0,25
2023-05-10 13:43:24,m2312-P-3200,m2312-P-3200,63.5,0.0,0.0,0.0,10,17.5,223.5,1,63.0,63.5,63.5,63.5,5.0,3175.0,25
2023-05-10 13:43:24,m2312-P-3200,m2312-P-3200,63.5,0.0,0.0,0.0,10,17.5,223.0,10,63.0,63.5,63.5,63.5,5.0,3175.0,25
2023-05-10 13:43:30,m2312-P-3200,m2312-P-3200,63.5,0.0,0.0,0.0,10,17.5,222.5,1,63.0,63.5,63.5,63.5,5.0,3175.0,25
2023-05-10 13:43:30,m2312-P-3200,m2312-P-3200,63.5,0.0,0.0,0.0,10,17.5,222.0,10,63.0,63.5,63.5,63.5,5.0,3175.0,25
2023-05-10 13:43:58,m2312-P-3200,m2312-P-3200,63.5,0.0,0.0,0.0,10,17.5,221.5,1,63.0,63.5,63.5,63.5,5.0,3175.0,25
2023-05-10 13:43:58,m2312-P-3200,m2312-P-3200,63.5,0.0,0.0,0.0,10,17.5,221.0,10,63.0,63.5,63.5,63.5,5.0,3175.0,25
2023-05-10 13:44:13,m2312-P-3200,m2312-P-3200,63.5,0.0,0.0,0.0,10,17.5,220.5,1,63.0,63.5,63.5,63.5,5.0,3175.0,25
2023-05-10 13:44:13,m2312-P-3200,m2312-P-3200,63.5,0.0,0.0,0.0,10,17.5,220.0,10,63.0,63.5,63.5,63.5,5.0,3175.0,25
2023-05-10 13:44:19,m2312-P-3200,m2312-P-3200,63.5,0.0,0.0,0.0,10,17.5,219.5,1,63.0,63.5,63.5,63.5,5.0,3175.0,25
2023-05-10 13:44:19,m2312-P-3200,m2312-P-3200,63.5,0.0,0.0,0.0,10,17.5,219.0,10,63.0,63.5,63.5,63.5,5.0,3175.0,25
2023-05-10 13:44:36,m2312-P-3200,m2312-P-3200,63.5,0.0,0.0,0.0,10,17.5,218.5,1,63.0,63.5,63.5,63.5,5.0,3175.0,25
2023-05-10 13:44:36,m2312-P-3200,m2312-P-3200,63.5,0.0,0.0,0.0,10,17.5,218.0,10,63.0,63.5,63.5,63.5,5.0,3175.0,25
2023-05-10 13:44:41,m2312-P-3200,m2312-P-3200,63.5,0.0,0.0,0.0,10,17.5,217.5,1,63.0,63.5,63.5,63.5,5.0,3175.0,25
2023-05-10 13:44:41,m2312-P-3200,m2312-P-3200,63.5,0.0,0.0,0.0,10,17.5,217.0,10,63.0,63.5,63.5,63.5,5.0,3175.0,25
2023-05-10 13:45:03,m2312-P-3200,m2312-P-3200,63.5,0.0,0.0,0.0,10,17.5,216.5,1,63.0,63.5,63.5,63.5,5.0,3175.0,25
2023-05-10 13:45:03,m2312-P-3200,m2312-P-3200,63.5,0.0,0.0,0.0,10,17.5,216.0,10,63.0,63.5,63.5,63.5,5.0,3175.0,25
2023-05-10 13:45:06,m2312-P-3200,m2312-P-3200,63.5,0.0,0.0,0.0,10,17.5,215.5,1,63.0,63.5,63.5,63.5,5.0,3175.0,25
2023-05-10 13:45:06,m2312-P-3200,m2312-P-3200,63.5,0.0,0.0,0.0,10,17.5,215.0,10,63.0,63.5,63.5,63.5,5.0,3175.0,25
2023-05-10 13:45:10,m2312-P-3200,m2312-P-3200,63.5,0.0,0.0,0.0,10,17.5,214.5,1,63.0,63.5,63.5,63.5,5.0,3175.0,25
2023-05-10 13:45:10,m2312-P-3200,m2312-P-3200,63.5,0.0,0.0,0.0,10,17.5,214.0,10,63.0,63.5,63.5,63.5,5.0,3175.0,25
2023-05-10 13:45:14,m2312-P-3200,m2312-P-3200,63.5,0.0,0.0,0.0,10,17.5,213.0,10,63.0,63.5,63.5,63.5,5.0,3175.0,25
2023-05-10 13:45:26,m2312-P-3200,m2312-P-3200,63.5,0.0,0.0,0.0,10,17.5,212.5,1,63.0,63.5,63.5,63.5,5.0,3175.0,25
2023-05-10 13:45:27,m2312-P-3200,m2312-P-3200,63.5,0.0,0.0,0.0,10,17.5,212.0,10,63.0,63.5,63.5,63.5,5.0,3175.0,25
2023-05-10 13:46:21,m2312-P-3200,m2312-P-3200,63.5,0.0,0.0,0.0,10,17.5,211.5,1,63.0,63.5,63.5,63.5,5.0,3175.0,25
2023-05-10 13:46:22,m2312-P-3200,m2312-P-3200,63.5,0.0,0.0,0.0,10,17.5,211.0,10,63.0,63.5,63.5,63.5,5.0,3175.0,25
2023-05-10 13:47:09,m2312-P-3200,m2312-P-3200,63.5,0.0,0.0,0.0,10,17.5,210.5,1,63.0,63.5,63.5,63.5,5.0,3175.0,25
2023-05-10 13:47:10,m2312-P-3200,m2312-P-3200,63.5,0.0,0.0,0.0,10,17.5,210.0,10,63.0,63.5,63.5,63.5,5.0,3175.0,25
2023-05-10 13:47:40,m2312-P-3200,m2312-P-3200,63.5,0.0,0.0,0.0,10,17.5,209.5,1,63.0,63.5,63.5,63.5,5.0,3175.0,25
2023-05-10 13:47:40,m2312-P-3200,m2312-P-3200,63.5,0.0,0.0,0.0,10,17.5,209.0,10,63.0,63.5,63.5,63.5,5.0,3175.0,25
2023-05-10 13:48:19,m2312-P-3200,m2312-P-3200,63.5,0.0,0.0,0.0,10,17.5,208.5,1,63.0,63.5,63.5,63.5,5.0,3175.0,25
2023-05-10 13:48:19,m2312-P-3200,m2312-P-3200,63.5,0.0,0.0,0.0,10,17.5,208.0,10,63.0,63.5,63.5,63.5,5.0,3175.0,25
2023-05-10 13:48:23,m2312-P-3200,m2312-P-3200,63.5,0.0,0.0,0.0,10,17.5,207.5,1,63.0,63.5,63.5,63.5,5.0,3175.0,25
2023-05-10 13:48:23,m2312-P-3200,m2312-P-3200,63.5,0.0,0.0,0.0,10,17.5,207.0,10,63.0,63.5,63.5,63.5,5.0,3175.0,25
2023-05-10 13:48:31,m2312-P-3200,m2312-P-3200,63.5,0.0,0.0,0.0,10,17.5,206.5,1,63.0,63.5,63.5,63.5,5.0,3175.0,25
2023-05-10 13:48:31,m2312-P-3200,m2312-P-3200,63.5,0.0,0.0,0.0,10,17.5,206.0,10,63.0,63.5,63.5,63.5,5.0,3175.0,25
2023-05-10 13:48:37,m2312-P-3200,m2312-P-3200,63.5,0.0,0.0,0.0,10,17.5,205.5,1,63.0,63.5,63.5,63.5,5.0,3175.0,25
2023-05-10 13:48:37,m2312-P-3200,m2312-P-3200,63.5,0.0,0.0,0.0,10,17.5,205.0,10,63.0,63.5,63.5,63.5,5.0,3175.0,25
2023-05-10 13:48:40,m2312-P-3200,m2312-P-3200,63.5,0.0,0.0,0.0,10,17.5,204.5,1,63.0,63.5,63.5,63.5,5.0,3175.0,25
2023-05-10 13:48:40,m2312-P-3200,m2312-P-3200,63.5,0.0,0.0,0.0,10,17.5,204.0,10,63.0,63.5,63.5,63.5,5.0,3175.0,25
2023-05-10 13:48:46,m2312-P-3200,m2312-P-3200,63.5,0.0,0.0,0.0,10,17.5,203.5,1,63.0,63.5,63.5,63.5,5.0,3175.0,25
2023-05-10 13:48:46,m2312-P-3200,m2312-P-3200,63.5,0.0,0.0,0.0,10,17.5,203.0,10,63.0,63.5,63.5,63.5,5.0,3175.0,25
2023-05-10 13:48:51,m2312-P-3200,m2312-P-3200,63.5,0.0,0.0,0.0,10,17.5,202.5,1,63.0,63.5,63.5,63.5,5.0,3175.0,25
2023-05-10 13:48:51,m2312-P-3200,m2312-P-3200,63.5,0.0,0.0,0.0,10,17.5,202.0,10,63.0,63.5,63.5,63.5,5.0,3175.0,25
2023-05-10 13:48:55,m2312-P-3200,m2312-P-3200,63.5,0.0,0.0,0.0,10,17.5,201.5,1,63.0,63.5,63.5,63.5,5.0,3175.0,25
2023-05-10 13:48:56,m2312-P-3200,m2312-P-3200,63.5,0.0,0.0,0.0,10,17.5,201.0,10,63.0,63.5,63.5,63.5,5.0,3175.0,25
2023-05-10 13:49:02,m2312-P-3200,m2312-P-3200,63.5,0.0,0.0,0.0,10,17.5,200.5,1,63.0,63.5,63.5,63.5,5.0,3175.0,25
2023-05-10 13:49:03,m2312-P-3200,m2312-P-3200,63.5,0.0,0.0,0.0,10,17.5,200.0,10,63.0,63.5,63.5,63.5,5.0,3175.0,25
2023-05-10 13:50:14,m2312-P-3200,m2312-P-3200,63.5,0.0,0.0,0.0,10,17.5,199.5,1,63.0,63.5,63.5,63.5,5.0,3175.0,25
2023-05-10 13:50:14,m2312-P-3200,m2312-P-3200,63.5,0.0,0.0,0.0,10,17.5,199.0,10,63.0,63.5,63.5,63.5,5.0,3175.0,25
2023-05-10 13:50:24,m2312-P-3200,m2312-P-3200,63.5,0.0,0.0,0.0,10,17.5,198.5,1,63.0,63.5,63.5,63.5,5.0,3175.0,25
2023-05-10 13:50:24,m2312-P-3200,m2312-P-3200,63.5,0.0,0.0,0.0,10,17.5,198.0,10,63.0,63.5,63.5,63.5,5.0,3175.0,25
2023-05-10 13:50:30,m2312-P-3200,m2312-P-3200,63.5,0.0,0.0,0.0,10,17.5,197.5,1,63.0,63.5,63.5,63.5,5.0,3175.0,25
2023-05-10 13:50:31,m2312-P-3200,m2312-P-3200,63.5,0.0,0.0,0.0,10,17.5,197.0,10,63.0,63.5,63.5,63.5,5.0,3175.0,25
2023-05-10 13:50:36,m2312-P-3200,m2312-P-3200,63.5,0.0,0.0,0.0,10,17.5,196.5,1,63.0,63.5,63.5,63.5,5.0,3175.0,25
2023-05-10 13:50:36,m2312-P-3200,m2312-P-3200,63.5,0.0,0.0,0.0,10,17.5,196.0,10,63.0,63.5,63.5,63.5,5.0,3175.0,25
2023-05-10 13:50:40,m2312-P-3200,m2312-P-3200,63.5,0.0,0.0,0.0,10,17.5,195.5,1,63.0,63.5,63.5,63.5,5.0,3175.0,25
2023-05-10 13:50:40,m2312-P-3200,m2312-P-3200,63.5,0.0,0.0,0.0,10,17.5,195.0,10,63.0,63.5,63.5,63.5,5.0,3175.0,25
2023-05-10 13:50:45,m2312-P-3200,m2312-P-3200,63.5,0.0,0.0,0.0,10,17.5,194.5,1,63.0,63.5,63.5,63.5,5.0,3175.0,25
2023-05-10 13:50:45,m2312-P-3200,m2312-P-3200,63.5,0.0,0.0,0.0,10,17.5,194.0,10,63.0,63.5,63.5,63.5,5.0,3175.0,25
2023-05-10 13:50:51,m2312-P-3200,m2312-P-3200,63.5,0.0,0.0,0.0,10,17.5,193.5,1,63.0,63.5,63.5,63.5,5.0,3175.0,25
2023-05-10 13:50:51,m2312-P-3200,m2312-P-3200,63.5,0.0,0.0,0.0,10,17.5,193.0,10,63.0,63.5,63.5,63.5,5.0,3175.0,25
2023-05-10 13:50:55,m2312-P-3200,m2312-P-3200,63.5,0.0,0.0,0.0,10,17.5,192.5,1,63.0,63.5,63.5,63.5,5.0,3175.0,25
2023-05-10 13:50:55,m2312-P-3200,m2312-P-3200,63.5,0.0,0.0,0.0,10,17.5,192.0,10,63.0,63.5,63.5,63.5,5.0,3175.0,25
2023-05-10 13:50:59,m2312-P-3200,m2312-P-3200,63.5,0.0,0.0,0.0,10,17.5,191.5,1,63.0,63.5,63.5,63.5,5.0,3175.0,25
2023-05-10 13:50:59,m2312-P-3200,m2312-P-3200,63.5,0.0,0.0,0.0,10,17.5,191.0,10,63.0,63.5,63.5,63.5,5.0,3175.0,25
2023-05-10 13:51:06,m2312-P-3200,m2312-P-3200,63.5,0.0,0.0,0.0,10,17.5,190.5,1,63.0,63.5,63.5,63.5,5.0,3175.0,25
2023-05-10 13:51:06,m2312-P-3200,m2312-P-3200,63.5,0.0,0.0,0.0,10,17.5,190.0,10,63.0,63.5,63.5,63.5,5.0,3175.0,25
2023-05-10 13:51:11,m2312-P-3200,m2312-P-3200,63.5,0.0,0.0,0.0,10,17.5,189.5,1,63.0,63.5,63.5,63.5,5.0,3175.0,25
2023-05-10 13:51:11,m2312-P-3200,m2312-P-3200,63.5,0.0,0.0,0.0,10,17.5,189.0,10,63.0,63.5,63.5,63.5,5.0,3175.0,25
2023-05-10 13:51:21,m2312-P-3200,m2312-P-3200,63.5,0.0,0.0,0.0,10,17.5,188.5,1,63.0,63.5,63.5,63.5,5.0,3175.0,25
2023-05-10 13:51:21,m2312-P-3200,m2312-P-3200,63.5,0.0,0.0,0.0,10,17.5,188.0,10,63.0,63.5,63.5,63.5,5.0,3175.0,25
2023-05-10 14:00:20,m2312-P-3200,m2312-P-3200,63.5,0.0,0.0,0.0,10,17.5,187.5,1,63.0,63.5,63.5,63.5,5.0,3175.0,25
2023-05-10 14:00:20,m2312-P-3200,m2312-P-3200,63.5,0.0,0.0,0.0,10,17.5,187.0,10,63.0,63.5,63.5,63.5,5.0,3175.0,25
2023-05-10 14:40:32,m2312-P-3200,m2312-P-3200,63.5,0.0,0.0,0.0,10,17.5,186.5,1,63.0,63.5,63.5,63.5,5.0,3175.0,25
2023-05-10 14:40:32,m2312-P-3200,m2312-P-3200,63.5,0.0,0.0,0.0,10,17.5,186.0,10,63.0,63.5,63.5,63.5,5.0,3175.0,25
2023-05-10 14:45:03,m2312-P-3200,m2312-P-3200,63.5,0.0,0.0,0.0,5,64.0,72.0,5,63.0,63.5,63.5,63.5,5.0,3175.0,25
2023-05-10 14:45:04,m2312-P-3200,m2312-P-3200,63.5,0.0,0.0,0.0,10,64.0,72.0,10,63.0,63.5,63.5,63.5,5.0,3175.0,25
2023-05-10 14:45:08,m2312-P-3200,m2312-P-3200,63.5,0.0,0.0,0.0,5,66.0,72.0,10,63.0,63.5,63.5,63.5,5.0,3175.0,25
2023-05-10 14:45:14,m2312-P-3200,m2312-P-3200,63.5,0.0,0.0,0.0,5,66.0,68.0,5,63.0,63.5,63.5,63.5,5.0,3175.0,25
2023-05-10 14:45:17,m2312-P-3200,m2312-P-3200,66.0,5.0,3300.0,-5.0,5,65.5,68.0,5,63.0,63.5,66.0,63.5,10.0,6475.0,20
2023-05-10 14:45:20,m2312-P-3200,m2312-P-3200,66.0,0.0,0.0,0.0,10,65.5,68.0,10,63.0,63.5,66.0,63.5,10.0,6475.0,20
2023-05-10 14:45:23,m2312-P-3200,m2312-P-3200,66.0,0.0,0.0,0.0,5,65.5,68.0,10,63.0,63.5,66.0,63.5,10.0,6475.0,20
2023-05-10 14:45:25,m2312-P-3200,m2312-P-3200,66.0,0.0,0.0,0.0,5,65.5,68.0,5,63.0,63.5,66.0,63.5,10.0,6475.0,20
2023-05-10 14:45:31,m2312-P-3200,m2312-P-3200,66.0,0.0,0.0,0.0,10,17.5,186.0,10,63.0,63.5,66.0,63.5,10.0,6475.0,20
2023-05-10 14:59:02,m2312-P-3200,m2312-P-3200,66.0,0.0,0.0,0.0,1,17.0,186.5,1,63.0,63.5,66.0,63.5,10.0,6475.0,20
2023-05-10 15:01:15,m2312-P-3200,m2312-P-3200,66.0,0.0,0.0,0.0,1,17.0,186.5,1,63.0,63.5,66.0,63.5,10.0,6475.0,20
