time,symbol_id,symbol_name,last,trade_volume,trade_amount,open_interest_change,bv1,bp1,ap1,av1,yesterday_close,today_open,today_high,today_low,volume,amount,open_interest
2023-05-09 21:00:01,m2401-P-3600,m2401-P-3600,262.5,0.0,0.0,0.0,1,56.0,0.0,0,262.5,0.0,0.0,0.0,0.0,0.0,15
2023-05-09 21:00:26,m2401-P-3600,m2401-P-3600,262.5,0.0,0.0,0.0,10,56.5,0.0,0,262.5,0.0,0.0,0.0,0.0,0.0,15
2023-05-09 21:00:36,m2401-P-3600,m2401-P-3600,262.5,0.0,0.0,0.0,1,116.0,0.0,0,262.5,0.0,0.0,0.0,0.0,0.0,15
2023-05-09 21:00:36,m2401-P-3600,m2401-P-3600,262.5,0.0,0.0,0.0,10,116.5,0.0,0,262.5,0.0,0.0,0.0,0.0,0.0,15
2023-05-09 21:00:55,m2401-P-3600,m2401-P-3600,262.5,0.0,0.0,0.0,11,116.5,0.0,0,262.5,0.0,0.0,0.0,0.0,0.0,15
2023-05-09 21:01:34,m2401-P-3600,m2401-P-3600,262.5,0.0,0.0,0.0,1,117.0,0.0,0,262.5,0.0,0.0,0.0,0.0,0.0,15
2023-05-09 21:01:34,m2401-P-3600,m2401-P-3600,262.5,0.0,0.0,0.0,10,117.5,0.0,0,262.5,0.0,0.0,0.0,0.0,0.0,15
2023-05-09 21:31:34,m2401-P-3600,m2401-P-3600,262.5,0.0,0.0,0.0,1,118.0,0.0,0,262.5,0.0,0.0,0.0,0.0,0.0,15
2023-05-09 21:31:34,m2401-P-3600,m2401-P-3600,262.5,0.0,0.0,0.0,10,118.5,0.0,0,262.5,0.0,0.0,0.0,0.0,0.0,15
2023-05-09 22:01:34,m2401-P-3600,m2401-P-3600,262.5,0.0,0.0,0.0,1,119.0,0.0,0,262.5,0.0,0.0,0.0,0.0,0.0,15
2023-05-09 22:01:34,m2401-P-3600,m2401-P-3600,262.5,0.0,0.0,0.0,10,119.5,0.0,0,262.5,0.0,0.0,0.0,0.0,0.0,15
2023-05-09 22:31:34,m2401-P-3600,m2401-P-3600,262.5,0.0,0.0,0.0,1,120.0,0.0,0,262.5,0.0,0.0,0.0,0.0,0.0,15
2023-05-09 22:31:34,m2401-P-3600,m2401-P-3600,262.5,0.0,0.0,0.0,10,120.5,0.0,0,262.5,0.0,0.0,0.0,0.0,0.0,15
2023-05-09 22:57:33,m2401-P-3600,m2401-P-3600,262.5,0.0,0.0,0.0,1,120.0,0.0,0,262.5,0.0,0.0,0.0,0.0,0.0,15
2023-05-09 22:58:21,m2401-P-3600,m2401-P-3600,262.5,0.0,0.0,0.0,10,120.5,0.0,0,262.5,0.0,0.0,0.0,0.0,0.0,15
2023-05-09 22:59:55,m2401-P-3600,m2401-P-3600,262.5,0.0,0.0,0.0,1,120.0,0.0,0,262.5,0.0,0.0,0.0,0.0,0.0,15
2023-05-10 09:00:02,m2401-P-3600,m2401-P-3600,262.5,0.0,0.0,0.0,10,120.5,0.0,0,262.5,0.0,0.0,0.0,0.0,0.0,15
2023-05-10 09:01:45,m2401-P-3600,m2401-P-3600,262.5,0.0,0.0,0.0,1,121.0,0.0,0,262.5,0.0,0.0,0.0,0.0,0.0,15
2023-05-10 09:01:45,m2401-P-3600,m2401-P-3600,262.5,0.0,0.0,0.0,10,121.5,0.0,0,262.5,0.0,0.0,0.0,0.0,0.0,15
2023-05-10 09:42:28,m2401-P-3600,m2401-P-3600,262.5,0.0,0.0,0.0,1,122.0,0.0,0,262.5,0.0,0.0,0.0,0.0,0.0,15
2023-05-10 09:42:28,m2401-P-3600,m2401-P-3600,262.5,0.0,0.0,0.0,10,122.5,0.0,0,262.5,0.0,0.0,0.0,0.0,0.0,15
2023-05-10 10:14:32,m2401-P-3600,m2401-P-3600,262.5,0.0,0.0,0.0,1,122.0,0.0,0,262.5,0.0,0.0,0.0,0.0,0.0,15
2023-05-10 10:30:23,m2401-P-3600,m2401-P-3600,262.5,0.0,0.0,0.0,10,122.5,0.0,0,262.5,0.0,0.0,0.0,0.0,0.0,15
2023-05-10 11:00:23,m2401-P-3600,m2401-P-3600,262.5,0.0,0.0,0.0,1,123.0,0.0,0,262.5,0.0,0.0,0.0,0.0,0.0,15
2023-05-10 11:00:23,m2401-P-3600,m2401-P-3600,262.5,0.0,0.0,0.0,10,123.5,0.0,0,262.5,0.0,0.0,0.0,0.0,0.0,15
2023-05-10 11:29:33,m2401-P-3600,m2401-P-3600,262.5,0.0,0.0,0.0,1,123.0,0.0,0,262.5,0.0,0.0,0.0,0.0,0.0,15
2023-05-10 13:30:02,m2401-P-3600,m2401-P-3600,262.5,0.0,0.0,0.0,10,123.5,0.0,0,262.5,0.0,0.0,0.0,0.0,0.0,15
2023-05-10 13:31:03,m2401-P-3600,m2401-P-3600,262.5,0.0,0.0,0.0,1,124.0,0.0,0,262.5,0.0,0.0,0.0,0.0,0.0,15
2023-05-10 13:31:03,m2401-P-3600,m2401-P-3600,262.5,0.0,0.0,0.0,10,124.5,0.0,0,262.5,0.0,0.0,0.0,0.0,0.0,15
2023-05-10 14:01:31,m2401-P-3600,m2401-P-3600,262.5,0.0,0.0,0.0,1,125.0,0.0,0,262.5,0.0,0.0,0.0,0.0,0.0,15
2023-05-10 14:01:31,m2401-P-3600,m2401-P-3600,262.5,0.0,0.0,0.0,10,125.5,0.0,0,262.5,0.0,0.0,0.0,0.0,0.0,15
2023-05-10 14:43:45,m2401-P-3600,m2401-P-3600,262.5,0.0,0.0,0.0,1,126.0,0.0,0,262.5,0.0,0.0,0.0,0.0,0.0,15
2023-05-10 14:43:45,m2401-P-3600,m2401-P-3600,262.5,0.0,0.0,0.0,10,126.5,0.0,0,262.5,0.0,0.0,0.0,0.0,0.0,15
2023-05-10 14:45:46,m2401-P-3600,m2401-P-3600,262.5,0.0,0.0,0.0,5,265.0,296.5,5,262.5,0.0,0.0,0.0,0.0,0.0,15
2023-05-10 14:45:46,m2401-P-3600,m2401-P-3600,262.5,0.0,0.0,0.0,10,265.0,296.5,10,262.5,0.0,0.0,0.0,0.0,0.0,15
2023-05-10 14:45:51,m2401-P-3600,m2401-P-3600,262.5,0.0,0.0,0.0,5,266.5,296.5,10,262.5,0.0,0.0,0.0,0.0,0.0,15
2023-05-10 14:45:52,m2401-P-3600,m2401-P-3600,262.5,0.0,0.0,0.0,10,266.5,296.5,15,262.5,0.0,0.0,0.0,0.0,0.0,15
2023-05-10 14:45:57,m2401-P-3600,m2401-P-3600,262.5,0.0,0.0,0.0,10,266.5,291.5,5,262.5,0.0,0.0,0.0,0.0,0.0,15
2023-05-10 14:46:02,m2401-P-3600,m2401-P-3600,262.5,0.0,0.0,0.0,5,266.5,291.5,5,262.5,0.0,0.0,0.0,0.0,0.0,15
2023-05-10 14:46:03,m2401-P-3600,m2401-P-3600,262.5,0.0,0.0,0.0,10,266.0,291.5,5,262.5,0.0,0.0,0.0,0.0,0.0,15
2023-05-10 14:46:04,m2401-P-3600,m2401-P-3600,262.5,0.0,0.0,0.0,5,266.0,291.5,5,262.5,0.0,0.0,0.0,0.0,0.0,15
2023-05-10 14:46:06,m2401-P-3600,m2401-P-3600,262.5,0.0,0.0,0.0,10,264.0,291.5,5,262.5,0.0,0.0,0.0,0.0,0.0,15
2023-05-10 14:46:08,m2401-P-3600,m2401-P-3600,262.5,0.0,0.0,0.0,10,264.0,295.0,5,262.5,0.0,0.0,0.0,0.0,0.0,15
2023-05-10 14:46:12,m2401-P-3600,m2401-P-3600,262.5,0.0,0.0,0.0,10,126.5,0.0,0,262.5,0.0,0.0,0.0,0.0,0.0,15
2023-05-10 14:59:02,m2401-P-3600,m2401-P-3600,262.5,0.0,0.0,0.0,1,126.0,0.0,0,262.5,0.0,0.0,0.0,0.0,0.0,15
2023-05-10 15:01:15,m2401-P-3600,m2401-P-3600,262.5,0.0,0.0,0.0,1,126.0,0.0,0,262.5,0.0,0.0,0.0,0.0,0.0,15
