time,symbol_id,symbol_name,last,trade_volume,trade_amount,open_interest_change,bv1,bp1,ap1,av1,yesterday_close,today_open,today_high,today_low,volume,amount,open_interest
2023-05-09 20:56:50,m2401-P-3200,m2401-P-3200,73.5,0.0,0.0,0.0,100,2.0,0.0,0,73.5,0.0,0.0,0.0,0.0,0.0,92
2023-05-09 21:01:33,m2401-P-3200,m2401-P-3200,73.5,0.0,0.0,0.0,1,2.5,0.0,0,73.5,0.0,0.0,0.0,0.0,0.0,92
2023-05-09 21:02:50,m2401-P-3200,m2401-P-3200,73.5,0.0,0.0,0.0,5,3.0,0.0,0,73.5,0.0,0.0,0.0,0.0,0.0,92
2023-05-09 21:02:55,m2401-P-3200,m2401-P-3200,73.5,0.0,0.0,0.0,5,3.0,275.0,1,73.5,0.0,0.0,0.0,0.0,0.0,92
2023-05-09 21:07:04,m2401-P-3200,m2401-P-3200,73.5,0.0,0.0,0.0,1,3.5,275.0,1,73.5,0.0,0.0,0.0,0.0,0.0,92
2023-05-09 21:08:11,m2401-P-3200,m2401-P-3200,73.5,0.0,0.0,0.0,2,3.5,275.0,1,73.5,0.0,0.0,0.0,0.0,0.0,92
2023-05-09 21:12:22,m2401-P-3200,m2401-P-3200,73.5,0.0,0.0,0.0,1,5.0,275.0,1,73.5,0.0,0.0,0.0,0.0,0.0,92
2023-05-09 21:14:31,m2401-P-3200,m2401-P-3200,73.5,0.0,0.0,0.0,3,5.0,275.0,1,73.5,0.0,0.0,0.0,0.0,0.0,92
2023-05-09 21:15:46,m2401-P-3200,m2401-P-3200,73.5,0.0,0.0,0.0,5,5.0,275.0,1,73.5,0.0,0.0,0.0,0.0,0.0,92
2023-05-09 21:31:33,m2401-P-3200,m2401-P-3200,73.5,0.0,0.0,0.0,1,5.5,275.0,1,73.5,0.0,0.0,0.0,0.0,0.0,92
2023-05-09 21:37:21,m2401-P-3200,m2401-P-3200,73.5,0.0,0.0,0.0,6,5.5,275.0,1,73.5,0.0,0.0,0.0,0.0,0.0,92
2023-05-09 21:42:22,m2401-P-3200,m2401-P-3200,73.5,0.0,0.0,0.0,2,13.5,275.0,1,73.5,0.0,0.0,0.0,0.0,0.0,92
2023-05-09 21:42:27,m2401-P-3200,m2401-P-3200,73.5,0.0,0.0,0.0,5,80.5,90.0,5,73.5,0.0,0.0,0.0,0.0,0.0,92
2023-05-09 21:42:28,m2401-P-3200,m2401-P-3200,73.5,0.0,0.0,0.0,10,80.5,90.0,10,73.5,0.0,0.0,0.0,0.0,0.0,92
2023-05-09 21:42:32,m2401-P-3200,m2401-P-3200,73.5,0.0,0.0,0.0,10,80.5,89.0,5,73.5,0.0,0.0,0.0,0.0,0.0,92
2023-05-09 21:42:34,m2401-P-3200,m2401-P-3200,73.5,0.0,0.0,0.0,15,80.5,89.0,10,73.5,0.0,0.0,0.0,0.0,0.0,92
2023-05-09 21:42:38,m2401-P-3200,m2401-P-3200,73.5,0.0,0.0,0.0,15,80.5,85.5,5,73.5,0.0,0.0,0.0,0.0,0.0,92
2023-05-09 21:42:39,m2401-P-3200,m2401-P-3200,73.5,0.0,0.0,0.0,10,80.5,85.5,5,73.5,0.0,0.0,0.0,0.0,0.0,92
2023-05-09 21:42:40,m2401-P-3200,m2401-P-3200,73.5,0.0,0.0,0.0,5,80.5,85.5,5,73.5,0.0,0.0,0.0,0.0,0.0,92
2023-05-09 21:42:43,m2401-P-3200,m2401-P-3200,73.5,0.0,0.0,0.0,5,80.5,83.0,5,73.5,0.0,0.0,0.0,0.0,0.0,92
2023-05-09 21:42:44,m2401-P-3200,m2401-P-3200,73.5,0.0,0.0,0.0,10,80.0,83.0,5,73.5,0.0,0.0,0.0,0.0,0.0,92
2023-05-09 21:42:45,m2401-P-3200,m2401-P-3200,73.5,0.0,0.0,0.0,5,80.0,83.0,5,73.5,0.0,0.0,0.0,0.0,0.0,92
2023-05-09 21:42:49,m2401-P-3200,m2401-P-3200,73.5,0.0,0.0,0.0,5,78.5,83.0,5,73.5,0.0,0.0,0.0,0.0,0.0,92
2023-05-09 21:42:53,m2401-P-3200,m2401-P-3200,73.5,0.0,0.0,0.0,5,75.0,83.0,5,73.5,0.0,0.0,0.0,0.0,0.0,92
2023-05-09 21:42:54,m2401-P-3200,m2401-P-3200,73.5,0.0,0.0,0.0,6,5.5,0.0,0,73.5,0.0,0.0,0.0,0.0,0.0,92
2023-05-10 09:03:44,m2401-P-3200,m2401-P-3200,73.5,0.0,0.0,0.0,6,5.5,275.0,1,73.5,0.0,0.0,0.0,0.0,0.0,92
2023-05-10 09:39:15,m2401-P-3200,m2401-P-3200,73.5,0.0,0.0,0.0,1,6.0,275.0,1,73.5,0.0,0.0,0.0,0.0,0.0,92
2023-05-10 09:39:59,m2401-P-3200,m2401-P-3200,73.5,0.0,0.0,0.0,1,7.0,275.0,1,73.5,0.0,0.0,0.0,0.0,0.0,92
2023-05-10 09:42:28,m2401-P-3200,m2401-P-3200,73.5,0.0,0.0,0.0,1,7.5,275.0,1,73.5,0.0,0.0,0.0,0.0,0.0,92
2023-05-10 10:03:50,m2401-P-3200,m2401-P-3200,73.5,0.0,0.0,0.0,6,7.5,275.0,1,73.5,0.0,0.0,0.0,0.0,0.0,92
2023-05-10 10:13:25,m2401-P-3200,m2401-P-3200,73.5,0.0,0.0,0.0,6,7.5,0.0,0,73.5,0.0,0.0,0.0,0.0,0.0,92
2023-05-10 10:32:18,m2401-P-3200,m2401-P-3200,73.5,0.0,0.0,0.0,6,7.5,275.0,1,73.5,0.0,0.0,0.0,0.0,0.0,92
2023-05-10 11:28:24,m2401-P-3200,m2401-P-3200,73.5,0.0,0.0,0.0,6,7.5,0.0,0,73.5,0.0,0.0,0.0,0.0,0.0,92
2023-05-10 11:29:31,m2401-P-3200,m2401-P-3200,73.5,0.0,0.0,0.0,5,7.5,0.0,0,73.5,0.0,0.0,0.0,0.0,0.0,92
2023-05-10 13:31:02,m2401-P-3200,m2401-P-3200,73.5,0.0,0.0,0.0,1,8.0,0.0,0,73.5,0.0,0.0,0.0,0.0,0.0,92
2023-05-10 13:32:06,m2401-P-3200,m2401-P-3200,73.5,0.0,0.0,0.0,1,8.0,275.0,1,73.5,0.0,0.0,0.0,0.0,0.0,92
2023-05-10 14:13:54,m2401-P-3200,m2401-P-3200,73.5,0.0,0.0,0.0,5,8.5,275.0,1,73.5,0.0,0.0,0.0,0.0,0.0,92
2023-05-10 14:18:52,m2401-P-3200,m2401-P-3200,73.5,0.0,0.0,0.0,1,9.0,275.0,1,73.5,0.0,0.0,0.0,0.0,0.0,92
2023-05-10 14:45:45,m2401-P-3200,m2401-P-3200,73.5,0.0,0.0,0.0,5,81.0,90.5,5,73.5,0.0,0.0,0.0,0.0,0.0,92
2023-05-10 14:45:46,m2401-P-3200,m2401-P-3200,73.5,0.0,0.0,0.0,10,81.0,90.5,10,73.5,0.0,0.0,0.0,0.0,0.0,92
2023-05-10 14:45:50,m2401-P-3200,m2401-P-3200,73.5,0.0,0.0,0.0,10,81.0,84.0,5,73.5,0.0,0.0,0.0,0.0,0.0,92
2023-05-10 14:45:51,m2401-P-3200,m2401-P-3200,73.5,0.0,0.0,0.0,5,81.5,84.0,5,73.5,0.0,0.0,0.0,0.0,0.0,92
2023-05-10 14:46:01,m2401-P-3200,m2401-P-3200,73.5,0.0,0.0,0.0,5,81.5,85.5,5,73.5,0.0,0.0,0.0,0.0,0.0,92
2023-05-10 14:46:02,m2401-P-3200,m2401-P-3200,73.5,0.0,0.0,0.0,5,79.0,85.5,5,73.5,0.0,0.0,0.0,0.0,0.0,92
2023-05-10 14:46:02,m2401-P-3200,m2401-P-3200,73.5,0.0,0.0,0.0,10,79.0,85.5,10,73.5,0.0,0.0,0.0,0.0,0.0,92
2023-05-10 14:46:06,m2401-P-3200,m2401-P-3200,73.5,0.0,0.0,0.0,5,79.0,85.5,10,73.5,0.0,0.0,0.0,0.0,0.0,92
2023-05-10 14:46:08,m2401-P-3200,m2401-P-3200,73.5,0.0,0.0,0.0,5,79.0,85.5,5,73.5,0.0,0.0,0.0,0.0,0.0,92
2023-05-10 14:46:13,m2401-P-3200,m2401-P-3200,73.5,0.0,0.0,0.0,5,77.5,86.5,5,73.5,0.0,0.0,0.0,0.0,0.0,92
2023-05-10 14:46:14,m2401-P-3200,m2401-P-3200,73.5,0.0,0.0,0.0,1,9.0,0.0,0,73.5,0.0,0.0,0.0,0.0,0.0,92
2023-05-10 15:01:15,m2401-P-3200,m2401-P-3200,73.5,0.0,0.0,0.0,1,9.0,0.0,0,73.5,0.0,0.0,0.0,0.0,0.0,92
