time,symbol_id,symbol_name,last,trade_volume,trade_amount,open_interest_change,bv1,bp1,ap1,av1,yesterday_close,today_open,today_high,today_low,volume,amount,open_interest
2023-05-09 20:58:02,m2401-P-3000,m2401-P-3000,34.0,0.0,0.0,0.0,110,2.0,0.0,0,34.0,38.0,0.0,0.0,0.0,0.0,120
2023-05-09 21:02:24,m2401-P-3000,m2401-P-3000,34.0,0.0,0.0,0.0,110,2.0,233.0,1,34.0,38.0,0.0,0.0,0.0,0.0,120
2023-05-09 21:02:27,m2401-P-3000,m2401-P-3000,34.0,0.0,0.0,0.0,5,3.0,233.0,1,34.0,38.0,0.0,0.0,0.0,0.0,120
2023-05-09 21:06:42,m2401-P-3000,m2401-P-3000,34.0,0.0,0.0,0.0,1,3.5,233.0,1,34.0,38.0,0.0,0.0,0.0,0.0,120
2023-05-09 21:08:11,m2401-P-3000,m2401-P-3000,34.0,0.0,0.0,0.0,2,3.5,233.0,1,34.0,38.0,0.0,0.0,0.0,0.0,120
2023-05-09 21:36:54,m2401-P-3000,m2401-P-3000,34.0,0.0,0.0,0.0,7,3.5,233.0,1,34.0,38.0,0.0,0.0,0.0,0.0,120
2023-05-09 21:42:22,m2401-P-3000,m2401-P-3000,34.0,0.0,0.0,0.0,5,34.5,40.5,5,34.0,38.0,0.0,0.0,0.0,0.0,120
2023-05-09 21:42:25,m2401-P-3000,m2401-P-3000,34.0,0.0,0.0,0.0,5,34.5,37.5,5,34.0,38.0,0.0,0.0,0.0,0.0,120
2023-05-09 21:42:27,m2401-P-3000,m2401-P-3000,34.0,0.0,0.0,0.0,5,37.0,37.5,5,34.0,38.0,0.0,0.0,0.0,0.0,120
2023-05-09 21:42:29,m2401-P-3000,m2401-P-3000,34.0,0.0,0.0,0.0,10,37.0,37.5,10,34.0,38.0,0.0,0.0,0.0,0.0,120
2023-05-09 21:42:36,m2401-P-3000,m2401-P-3000,34.0,0.0,0.0,0.0,10,37.0,37.5,5,34.0,38.0,0.0,0.0,0.0,0.0,120
2023-05-09 21:42:38,m2401-P-3000,m2401-P-3000,34.0,0.0,0.0,0.0,5,37.0,37.5,5,34.0,38.0,0.0,0.0,0.0,0.0,120
2023-05-09 21:42:39,m2401-P-3000,m2401-P-3000,34.0,0.0,0.0,0.0,20,34.5,39.5,5,34.0,38.0,0.0,0.0,0.0,0.0,120
2023-05-09 21:42:40,m2401-P-3000,m2401-P-3000,34.0,0.0,0.0,0.0,15,34.5,39.5,5,34.0,38.0,0.0,0.0,0.0,0.0,120
2023-05-09 21:42:43,m2401-P-3000,m2401-P-3000,34.0,0.0,0.0,0.0,10,34.5,39.5,5,34.0,38.0,0.0,0.0,0.0,0.0,120
2023-05-09 21:42:44,m2401-P-3000,m2401-P-3000,34.0,0.0,0.0,0.0,5,34.5,40.0,5,34.0,38.0,0.0,0.0,0.0,0.0,120
2023-05-09 21:42:48,m2401-P-3000,m2401-P-3000,34.0,0.0,0.0,0.0,5,34.0,40.0,5,34.0,38.0,0.0,0.0,0.0,0.0,120
2023-05-09 21:42:51,m2401-P-3000,m2401-P-3000,34.0,0.0,0.0,0.0,7,3.5,0.0,0,34.0,38.0,0.0,0.0,0.0,0.0,120
2023-05-09 22:17:11,m2401-P-3000,m2401-P-3000,34.0,0.0,0.0,0.0,1,4.0,0.0,0,34.0,38.0,0.0,0.0,0.0,0.0,120
2023-05-10 09:00:16,m2401-P-3000,m2401-P-3000,34.0,0.0,0.0,0.0,6,4.0,0.0,0,34.0,38.0,0.0,0.0,0.0,0.0,120
2023-05-10 09:03:06,m2401-P-3000,m2401-P-3000,34.0,0.0,0.0,0.0,6,4.0,233.0,1,34.0,38.0,0.0,0.0,0.0,0.0,120
2023-05-10 10:09:20,m2401-P-3000,m2401-P-3000,34.0,0.0,0.0,0.0,10,5.0,233.0,1,34.0,38.0,0.0,0.0,0.0,0.0,120
2023-05-10 10:12:48,m2401-P-3000,m2401-P-3000,34.0,0.0,0.0,0.0,1,10.0,233.0,1,34.0,38.0,0.0,0.0,0.0,0.0,120
2023-05-10 10:13:23,m2401-P-3000,m2401-P-3000,34.0,0.0,0.0,0.0,1,10.0,0.0,0,34.0,38.0,0.0,0.0,0.0,0.0,120
2023-05-10 10:14:02,m2401-P-3000,m2401-P-3000,34.0,0.0,0.0,0.0,10,5.0,0.0,0,34.0,38.0,0.0,0.0,0.0,0.0,120
2023-05-10 10:32:03,m2401-P-3000,m2401-P-3000,34.0,0.0,0.0,0.0,10,5.0,233.0,1,34.0,38.0,0.0,0.0,0.0,0.0,120
2023-05-10 10:33:48,m2401-P-3000,m2401-P-3000,34.0,0.0,0.0,0.0,5,5.5,233.0,1,34.0,38.0,0.0,0.0,0.0,0.0,120
2023-05-10 11:07:59,m2401-P-3000,m2401-P-3000,34.0,0.0,0.0,0.0,10,6.0,233.0,1,34.0,38.0,0.0,0.0,0.0,0.0,120
2023-05-10 11:28:22,m2401-P-3000,m2401-P-3000,34.0,0.0,0.0,0.0,10,6.0,0.0,0,34.0,38.0,0.0,0.0,0.0,0.0,120
2023-05-10 13:32:00,m2401-P-3000,m2401-P-3000,34.0,0.0,0.0,0.0,10,6.0,233.0,1,34.0,38.0,0.0,0.0,0.0,0.0,120
2023-05-10 14:13:32,m2401-P-3000,m2401-P-3000,34.0,0.0,0.0,0.0,5,6.5,233.0,1,34.0,38.0,0.0,0.0,0.0,0.0,120
2023-05-10 14:45:45,m2401-P-3000,m2401-P-3000,34.0,0.0,0.0,0.0,5,34.0,40.0,5,34.0,38.0,0.0,0.0,0.0,0.0,120
2023-05-10 14:45:51,m2401-P-3000,m2401-P-3000,34.0,0.0,0.0,0.0,5,38.5,40.0,5,34.0,38.0,0.0,0.0,0.0,0.0,120
2023-05-10 14:45:52,m2401-P-3000,m2401-P-3000,34.0,0.0,0.0,0.0,10,38.5,40.0,10,34.0,38.0,0.0,0.0,0.0,0.0,120
2023-05-10 14:45:57,m2401-P-3000,m2401-P-3000,34.0,0.0,0.0,0.0,10,38.5,39.0,5,34.0,38.0,0.0,0.0,0.0,0.0,120
2023-05-10 14:46:01,m2401-P-3000,m2401-P-3000,38.0,5.0,1900.0,5.0,5,38.5,39.0,5,34.0,38.0,38.0,38.0,5.0,1900.0,125
2023-05-10 14:46:03,m2401-P-3000,m2401-P-3000,38.0,0.0,0.0,0.0,10,36.5,39.0,5,34.0,38.0,38.0,38.0,5.0,1900.0,125
2023-05-10 14:46:05,m2401-P-3000,m2401-P-3000,38.0,0.0,0.0,0.0,10,36.5,38.5,1,34.0,38.0,38.0,38.0,5.0,1900.0,125
2023-05-10 14:46:06,m2401-P-3000,m2401-P-3000,38.0,0.0,0.0,0.0,5,36.0,38.5,1,34.0,38.0,38.0,38.0,5.0,1900.0,125
2023-05-10 14:46:11,m2401-P-3000,m2401-P-3000,38.0,0.0,0.0,0.0,5,36.0,42.0,5,34.0,38.0,38.0,38.0,5.0,1900.0,125
2023-05-10 14:46:12,m2401-P-3000,m2401-P-3000,38.0,0.0,0.0,0.0,5,33.0,0.0,0,34.0,38.0,38.0,38.0,5.0,1900.0,125
2023-05-10 14:46:12,m2401-P-3000,m2401-P-3000,38.0,0.0,0.0,0.0,5,6.5,0.0,0,34.0,38.0,38.0,38.0,5.0,1900.0,125
2023-05-10 14:46:13,m2401-P-3000,m2401-P-3000,38.0,0.0,0.0,0.0,5,6.5,33.0,1,34.0,38.0,38.0,38.0,5.0,1900.0,125
2023-05-10 14:46:13,m2401-P-3000,m2401-P-3000,33.0,1.0,330.0,0.0,5,6.5,0.0,0,34.0,38.0,38.0,33.0,6.0,2230.0,125
2023-05-10 15:01:14,m2401-P-3000,m2401-P-3000,33.0,0.0,0.0,0.0,5,6.5,0.0,0,34.0,38.0,38.0,33.0,6.0,2230.0,125
