time,symbol_id,symbol_name,last,trade_volume,trade_amount,open_interest_change,bv1,bp1,ap1,av1,yesterday_close,today_open,today_high,today_low,volume,amount,open_interest
2023-05-09 20:56:27,m2401-C-3500,m2401-C-3500,157.5,0.0,0.0,0.0,1,39.5,0.0,0,157.5,0.0,0.0,0.0,0.0,0.0,11
2023-05-09 21:00:26,m2401-C-3500,m2401-C-3500,157.5,0.0,0.0,0.0,10,40.0,0.0,0,157.5,0.0,0.0,0.0,0.0,0.0,11
2023-05-09 21:01:33,m2401-C-3500,m2401-C-3500,157.5,0.0,0.0,0.0,1,40.5,0.0,0,157.5,0.0,0.0,0.0,0.0,0.0,11
2023-05-09 21:01:33,m2401-C-3500,m2401-C-3500,157.5,0.0,0.0,0.0,10,41.0,0.0,0,157.5,0.0,0.0,0.0,0.0,0.0,11
2023-05-09 21:01:42,m2401-C-3500,m2401-C-3500,157.5,0.0,0.0,0.0,2,47.5,0.0,0,157.5,0.0,0.0,0.0,0.0,0.0,11
2023-05-09 21:01:42,m2401-C-3500,m2401-C-3500,157.5,0.0,0.0,0.0,10,48.0,0.0,0,157.5,0.0,0.0,0.0,0.0,0.0,11
2023-05-09 21:02:55,m2401-C-3500,m2401-C-3500,157.5,0.0,0.0,0.0,10,48.0,175.0,1,157.5,0.0,0.0,0.0,0.0,0.0,11
2023-05-09 21:02:55,m2401-C-3500,m2401-C-3500,157.5,0.0,0.0,0.0,10,48.0,174.5,10,157.5,0.0,0.0,0.0,0.0,0.0,11
2023-05-09 21:03:54,m2401-C-3500,m2401-C-3500,157.5,0.0,0.0,0.0,2,54.5,174.5,10,157.5,0.0,0.0,0.0,0.0,0.0,11
2023-05-09 21:03:54,m2401-C-3500,m2401-C-3500,157.5,0.0,0.0,0.0,10,55.0,174.5,10,157.5,0.0,0.0,0.0,0.0,0.0,11
2023-05-09 21:03:57,m2401-C-3500,m2401-C-3500,157.5,0.0,0.0,0.0,2,61.5,174.5,10,157.5,0.0,0.0,0.0,0.0,0.0,11
2023-05-09 21:03:57,m2401-C-3500,m2401-C-3500,157.5,0.0,0.0,0.0,10,62.0,174.5,10,157.5,0.0,0.0,0.0,0.0,0.0,11
2023-05-09 21:03:59,m2401-C-3500,m2401-C-3500,157.5,0.0,0.0,0.0,2,68.5,174.5,10,157.5,0.0,0.0,0.0,0.0,0.0,11
2023-05-09 21:03:59,m2401-C-3500,m2401-C-3500,157.5,0.0,0.0,0.0,10,69.0,174.5,10,157.5,0.0,0.0,0.0,0.0,0.0,11
2023-05-09 21:04:00,m2401-C-3500,m2401-C-3500,157.5,0.0,0.0,0.0,2,75.5,174.5,10,157.5,0.0,0.0,0.0,0.0,0.0,11
2023-05-09 21:04:00,m2401-C-3500,m2401-C-3500,157.5,0.0,0.0,0.0,10,76.0,174.5,10,157.5,0.0,0.0,0.0,0.0,0.0,11
2023-05-09 21:04:02,m2401-C-3500,m2401-C-3500,157.5,0.0,0.0,0.0,2,79.5,174.5,10,157.5,0.0,0.0,0.0,0.0,0.0,11
2023-05-09 21:04:02,m2401-C-3500,m2401-C-3500,157.5,0.0,0.0,0.0,10,80.0,174.5,10,157.5,0.0,0.0,0.0,0.0,0.0,11
2023-05-09 21:04:03,m2401-C-3500,m2401-C-3500,157.5,0.0,0.0,0.0,2,80.5,174.5,10,157.5,0.0,0.0,0.0,0.0,0.0,11
2023-05-09 21:04:03,m2401-C-3500,m2401-C-3500,157.5,0.0,0.0,0.0,10,81.0,174.5,10,157.5,0.0,0.0,0.0,0.0,0.0,11
2023-05-09 21:04:13,m2401-C-3500,m2401-C-3500,157.5,0.0,0.0,0.0,2,81.5,174.5,10,157.5,0.0,0.0,0.0,0.0,0.0,11
2023-05-09 21:04:14,m2401-C-3500,m2401-C-3500,157.5,0.0,0.0,0.0,10,82.0,174.5,10,157.5,0.0,0.0,0.0,0.0,0.0,11
2023-05-09 21:04:15,m2401-C-3500,m2401-C-3500,157.5,0.0,0.0,0.0,2,82.5,174.5,10,157.5,0.0,0.0,0.0,0.0,0.0,11
2023-05-09 21:04:15,m2401-C-3500,m2401-C-3500,157.5,0.0,0.0,0.0,10,83.0,174.5,10,157.5,0.0,0.0,0.0,0.0,0.0,11
2023-05-09 22:39:51,m2401-C-3500,m2401-C-3500,157.5,0.0,0.0,0.0,10,83.0,174.5,12,157.5,0.0,0.0,0.0,0.0,0.0,11
2023-05-09 22:57:33,m2401-C-3500,m2401-C-3500,157.5,0.0,0.0,0.0,1,40.5,174.5,2,157.5,0.0,0.0,0.0,0.0,0.0,11
2023-05-09 22:57:58,m2401-C-3500,m2401-C-3500,157.5,0.0,0.0,0.0,1,39.5,174.5,2,157.5,0.0,0.0,0.0,0.0,0.0,11
2023-05-09 22:58:21,m2401-C-3500,m2401-C-3500,157.5,0.0,0.0,0.0,10,40.0,174.0,10,157.5,0.0,0.0,0.0,0.0,0.0,11
2023-05-09 22:59:55,m2401-C-3500,m2401-C-3500,157.5,0.0,0.0,0.0,1,39.5,174.5,2,157.5,0.0,0.0,0.0,0.0,0.0,11
2023-05-10 09:00:02,m2401-C-3500,m2401-C-3500,157.5,0.0,0.0,0.0,10,40.0,174.0,10,157.5,0.0,0.0,0.0,0.0,0.0,11
2023-05-10 09:01:30,m2401-C-3500,m2401-C-3500,157.5,0.0,0.0,0.0,2,46.5,174.0,10,157.5,0.0,0.0,0.0,0.0,0.0,11
2023-05-10 09:01:31,m2401-C-3500,m2401-C-3500,157.5,0.0,0.0,0.0,10,47.0,174.0,10,157.5,0.0,0.0,0.0,0.0,0.0,11
2023-05-10 09:01:33,m2401-C-3500,m2401-C-3500,157.5,0.0,0.0,0.0,2,53.5,174.0,10,157.5,0.0,0.0,0.0,0.0,0.0,11
2023-05-10 09:01:33,m2401-C-3500,m2401-C-3500,157.5,0.0,0.0,0.0,10,54.0,174.0,10,157.5,0.0,0.0,0.0,0.0,0.0,11
2023-05-10 09:01:44,m2401-C-3500,m2401-C-3500,157.5,0.0,0.0,0.0,1,54.5,174.0,10,157.5,0.0,0.0,0.0,0.0,0.0,11
2023-05-10 09:01:44,m2401-C-3500,m2401-C-3500,157.5,0.0,0.0,0.0,10,55.0,174.0,10,157.5,0.0,0.0,0.0,0.0,0.0,11
2023-05-10 09:02:03,m2401-C-3500,m2401-C-3500,157.5,0.0,0.0,0.0,10,62.0,174.0,10,157.5,0.0,0.0,0.0,0.0,0.0,11
2023-05-10 09:02:13,m2401-C-3500,m2401-C-3500,157.5,0.0,0.0,0.0,2,68.5,174.0,10,157.5,0.0,0.0,0.0,0.0,0.0,11
2023-05-10 09:02:13,m2401-C-3500,m2401-C-3500,157.5,0.0,0.0,0.0,10,69.0,174.0,10,157.5,0.0,0.0,0.0,0.0,0.0,11
2023-05-10 09:02:15,m2401-C-3500,m2401-C-3500,157.5,0.0,0.0,0.0,2,72.5,174.0,10,157.5,0.0,0.0,0.0,0.0,0.0,11
2023-05-10 09:02:15,m2401-C-3500,m2401-C-3500,157.5,0.0,0.0,0.0,10,73.0,174.0,10,157.5,0.0,0.0,0.0,0.0,0.0,11
2023-05-10 09:02:17,m2401-C-3500,m2401-C-3500,157.5,0.0,0.0,0.0,2,76.5,174.0,10,157.5,0.0,0.0,0.0,0.0,0.0,11
2023-05-10 09:02:17,m2401-C-3500,m2401-C-3500,157.5,0.0,0.0,0.0,10,77.0,174.0,10,157.5,0.0,0.0,0.0,0.0,0.0,11
2023-05-10 09:02:19,m2401-C-3500,m2401-C-3500,157.5,0.0,0.0,0.0,2,77.5,174.0,10,157.5,0.0,0.0,0.0,0.0,0.0,11
2023-05-10 09:02:19,m2401-C-3500,m2401-C-3500,157.5,0.0,0.0,0.0,10,78.0,174.0,10,157.5,0.0,0.0,0.0,0.0,0.0,11
2023-05-10 09:02:21,m2401-C-3500,m2401-C-3500,157.5,0.0,0.0,0.0,2,78.5,174.0,10,157.5,0.0,0.0,0.0,0.0,0.0,11
2023-05-10 09:02:21,m2401-C-3500,m2401-C-3500,157.5,0.0,0.0,0.0,10,79.0,174.0,10,157.5,0.0,0.0,0.0,0.0,0.0,11
2023-05-10 09:02:23,m2401-C-3500,m2401-C-3500,157.5,0.0,0.0,0.0,2,79.5,174.0,10,157.5,0.0,0.0,0.0,0.0,0.0,11
2023-05-10 09:02:23,m2401-C-3500,m2401-C-3500,157.5,0.0,0.0,0.0,10,80.0,174.0,10,157.5,0.0,0.0,0.0,0.0,0.0,11
2023-05-10 09:02:25,m2401-C-3500,m2401-C-3500,157.5,0.0,0.0,0.0,2,80.5,174.0,10,157.5,0.0,0.0,0.0,0.0,0.0,11
2023-05-10 09:02:25,m2401-C-3500,m2401-C-3500,157.5,0.0,0.0,0.0,10,81.0,174.0,10,157.5,0.0,0.0,0.0,0.0,0.0,11
2023-05-10 10:02:39,m2401-C-3500,m2401-C-3500,157.5,0.0,0.0,0.0,2,81.5,174.0,10,157.5,0.0,0.0,0.0,0.0,0.0,11
2023-05-10 10:02:39,m2401-C-3500,m2401-C-3500,157.5,0.0,0.0,0.0,10,82.0,174.0,10,157.5,0.0,0.0,0.0,0.0,0.0,11
2023-05-10 10:02:40,m2401-C-3500,m2401-C-3500,157.5,0.0,0.0,0.0,2,82.5,174.0,10,157.5,0.0,0.0,0.0,0.0,0.0,11
2023-05-10 10:02:40,m2401-C-3500,m2401-C-3500,157.5,0.0,0.0,0.0,10,83.0,174.0,10,157.5,0.0,0.0,0.0,0.0,0.0,11
2023-05-10 10:02:41,m2401-C-3500,m2401-C-3500,157.5,0.0,0.0,0.0,2,83.5,174.0,10,157.5,0.0,0.0,0.0,0.0,0.0,11
2023-05-10 10:02:41,m2401-C-3500,m2401-C-3500,157.5,0.0,0.0,0.0,10,84.0,174.0,10,157.5,0.0,0.0,0.0,0.0,0.0,11
2023-05-10 10:14:32,m2401-C-3500,m2401-C-3500,157.5,0.0,0.0,0.0,1,54.5,174.5,2,157.5,0.0,0.0,0.0,0.0,0.0,11
2023-05-10 10:30:11,m2401-C-3500,m2401-C-3500,157.5,0.0,0.0,0.0,10,55.5,174.0,10,157.5,0.0,0.0,0.0,0.0,0.0,11
2023-05-10 10:30:12,m2401-C-3500,m2401-C-3500,157.5,0.0,0.0,0.0,2,56.0,174.0,10,157.5,0.0,0.0,0.0,0.0,0.0,11
2023-05-10 10:30:12,m2401-C-3500,m2401-C-3500,157.5,0.0,0.0,0.0,10,56.5,174.0,10,157.5,0.0,0.0,0.0,0.0,0.0,11
2023-05-10 10:30:13,m2401-C-3500,m2401-C-3500,157.5,0.0,0.0,0.0,2,57.0,174.0,10,157.5,0.0,0.0,0.0,0.0,0.0,11
2023-05-10 10:30:13,m2401-C-3500,m2401-C-3500,157.5,0.0,0.0,0.0,10,57.5,174.0,10,157.5,0.0,0.0,0.0,0.0,0.0,11
2023-05-10 10:30:14,m2401-C-3500,m2401-C-3500,157.5,0.0,0.0,0.0,2,58.0,174.0,10,157.5,0.0,0.0,0.0,0.0,0.0,11
2023-05-10 10:30:14,m2401-C-3500,m2401-C-3500,157.5,0.0,0.0,0.0,10,58.5,174.0,10,157.5,0.0,0.0,0.0,0.0,0.0,11
2023-05-10 10:30:16,m2401-C-3500,m2401-C-3500,157.5,0.0,0.0,0.0,2,59.0,174.0,10,157.5,0.0,0.0,0.0,0.0,0.0,11
2023-05-10 10:30:16,m2401-C-3500,m2401-C-3500,157.5,0.0,0.0,0.0,10,59.5,174.0,10,157.5,0.0,0.0,0.0,0.0,0.0,11
2023-05-10 10:30:17,m2401-C-3500,m2401-C-3500,157.5,0.0,0.0,0.0,2,63.0,174.0,10,157.5,0.0,0.0,0.0,0.0,0.0,11
2023-05-10 10:30:17,m2401-C-3500,m2401-C-3500,157.5,0.0,0.0,0.0,10,63.5,174.0,10,157.5,0.0,0.0,0.0,0.0,0.0,11
2023-05-10 10:30:18,m2401-C-3500,m2401-C-3500,157.5,0.0,0.0,0.0,2,70.0,174.0,10,157.5,0.0,0.0,0.0,0.0,0.0,11
2023-05-10 10:30:19,m2401-C-3500,m2401-C-3500,157.5,0.0,0.0,0.0,10,70.5,174.0,10,157.5,0.0,0.0,0.0,0.0,0.0,11
2023-05-10 10:30:19,m2401-C-3500,m2401-C-3500,157.5,0.0,0.0,0.0,2,74.0,174.0,10,157.5,0.0,0.0,0.0,0.0,0.0,11
2023-05-10 10:30:20,m2401-C-3500,m2401-C-3500,157.5,0.0,0.0,0.0,10,74.5,174.0,10,157.5,0.0,0.0,0.0,0.0,0.0,11
2023-05-10 10:30:20,m2401-C-3500,m2401-C-3500,157.5,0.0,0.0,0.0,2,78.0,174.0,10,157.5,0.0,0.0,0.0,0.0,0.0,11
2023-05-10 10:30:21,m2401-C-3500,m2401-C-3500,157.5,0.0,0.0,0.0,10,78.5,174.0,10,157.5,0.0,0.0,0.0,0.0,0.0,11
2023-05-10 10:30:21,m2401-C-3500,m2401-C-3500,157.5,0.0,0.0,0.0,2,79.0,174.0,10,157.5,0.0,0.0,0.0,0.0,0.0,11
2023-05-10 10:30:22,m2401-C-3500,m2401-C-3500,157.5,0.0,0.0,0.0,10,79.5,174.0,10,157.5,0.0,0.0,0.0,0.0,0.0,11
2023-05-10 10:30:22,m2401-C-3500,m2401-C-3500,157.5,0.0,0.0,0.0,2,80.0,174.0,10,157.5,0.0,0.0,0.0,0.0,0.0,11
2023-05-10 10:30:23,m2401-C-3500,m2401-C-3500,157.5,0.0,0.0,0.0,10,80.5,174.0,10,157.5,0.0,0.0,0.0,0.0,0.0,11
2023-05-10 10:30:23,m2401-C-3500,m2401-C-3500,157.5,0.0,0.0,0.0,2,81.0,174.0,10,157.5,0.0,0.0,0.0,0.0,0.0,11
2023-05-10 10:30:24,m2401-C-3500,m2401-C-3500,157.5,0.0,0.0,0.0,10,81.5,174.0,10,157.5,0.0,0.0,0.0,0.0,0.0,11
2023-05-10 10:30:24,m2401-C-3500,m2401-C-3500,157.5,0.0,0.0,0.0,2,82.0,174.0,10,157.5,0.0,0.0,0.0,0.0,0.0,11
2023-05-10 10:30:25,m2401-C-3500,m2401-C-3500,157.5,0.0,0.0,0.0,10,82.5,174.0,10,157.5,0.0,0.0,0.0,0.0,0.0,11
2023-05-10 11:29:33,m2401-C-3500,m2401-C-3500,157.5,0.0,0.0,0.0,1,39.5,174.5,2,157.5,0.0,0.0,0.0,0.0,0.0,11
2023-05-10 13:30:02,m2401-C-3500,m2401-C-3500,157.5,0.0,0.0,0.0,10,40.0,174.0,10,157.5,0.0,0.0,0.0,0.0,0.0,11
2023-05-10 13:31:03,m2401-C-3500,m2401-C-3500,157.5,0.0,0.0,0.0,1,40.5,174.0,10,157.5,0.0,0.0,0.0,0.0,0.0,11
2023-05-10 13:31:03,m2401-C-3500,m2401-C-3500,157.5,0.0,0.0,0.0,10,41.0,174.0,10,157.5,0.0,0.0,0.0,0.0,0.0,11
2023-05-10 13:31:38,m2401-C-3500,m2401-C-3500,157.5,0.0,0.0,0.0,2,41.5,174.0,10,157.5,0.0,0.0,0.0,0.0,0.0,11
2023-05-10 13:31:38,m2401-C-3500,m2401-C-3500,157.5,0.0,0.0,0.0,10,42.0,174.0,10,157.5,0.0,0.0,0.0,0.0,0.0,11
2023-05-10 13:32:19,m2401-C-3500,m2401-C-3500,157.5,0.0,0.0,0.0,2,42.5,174.0,10,157.5,0.0,0.0,0.0,0.0,0.0,11
2023-05-10 13:32:20,m2401-C-3500,m2401-C-3500,157.5,0.0,0.0,0.0,10,43.0,174.0,10,157.5,0.0,0.0,0.0,0.0,0.0,11
2023-05-10 13:32:26,m2401-C-3500,m2401-C-3500,157.5,0.0,0.0,0.0,2,43.5,174.0,10,157.5,0.0,0.0,0.0,0.0,0.0,11
2023-05-10 13:32:27,m2401-C-3500,m2401-C-3500,157.5,0.0,0.0,0.0,10,44.0,174.0,10,157.5,0.0,0.0,0.0,0.0,0.0,11
2023-05-10 13:32:29,m2401-C-3500,m2401-C-3500,157.5,0.0,0.0,0.0,2,44.5,174.0,10,157.5,0.0,0.0,0.0,0.0,0.0,11
2023-05-10 13:32:29,m2401-C-3500,m2401-C-3500,157.5,0.0,0.0,0.0,10,45.0,174.0,10,157.5,0.0,0.0,0.0,0.0,0.0,11
2023-05-10 13:32:31,m2401-C-3500,m2401-C-3500,157.5,0.0,0.0,0.0,2,45.5,174.0,10,157.5,0.0,0.0,0.0,0.0,0.0,11
2023-05-10 13:32:31,m2401-C-3500,m2401-C-3500,157.5,0.0,0.0,0.0,10,46.0,174.0,10,157.5,0.0,0.0,0.0,0.0,0.0,11
2023-05-10 13:32:33,m2401-C-3500,m2401-C-3500,157.5,0.0,0.0,0.0,2,46.5,174.0,10,157.5,0.0,0.0,0.0,0.0,0.0,11
2023-05-10 13:32:34,m2401-C-3500,m2401-C-3500,157.5,0.0,0.0,0.0,10,47.0,174.0,10,157.5,0.0,0.0,0.0,0.0,0.0,11
2023-05-10 13:32:36,m2401-C-3500,m2401-C-3500,157.5,0.0,0.0,0.0,2,47.5,174.0,10,157.5,0.0,0.0,0.0,0.0,0.0,11
2023-05-10 13:32:36,m2401-C-3500,m2401-C-3500,157.5,0.0,0.0,0.0,10,48.0,174.0,10,157.5,0.0,0.0,0.0,0.0,0.0,11
2023-05-10 13:32:37,m2401-C-3500,m2401-C-3500,157.5,0.0,0.0,0.0,2,48.5,174.0,10,157.5,0.0,0.0,0.0,0.0,0.0,11
2023-05-10 13:32:38,m2401-C-3500,m2401-C-3500,157.5,0.0,0.0,0.0,10,49.0,174.0,10,157.5,0.0,0.0,0.0,0.0,0.0,11
2023-05-10 13:32:41,m2401-C-3500,m2401-C-3500,157.5,0.0,0.0,0.0,2,49.5,174.0,10,157.5,0.0,0.0,0.0,0.0,0.0,11
2023-05-10 13:32:41,m2401-C-3500,m2401-C-3500,157.5,0.0,0.0,0.0,10,50.0,174.0,10,157.5,0.0,0.0,0.0,0.0,0.0,11
2023-05-10 13:32:42,m2401-C-3500,m2401-C-3500,157.5,0.0,0.0,0.0,2,50.5,174.0,10,157.5,0.0,0.0,0.0,0.0,0.0,11
2023-05-10 13:32:43,m2401-C-3500,m2401-C-3500,157.5,0.0,0.0,0.0,10,51.0,174.0,10,157.5,0.0,0.0,0.0,0.0,0.0,11
2023-05-10 13:32:45,m2401-C-3500,m2401-C-3500,157.5,0.0,0.0,0.0,2,51.5,174.0,10,157.5,0.0,0.0,0.0,0.0,0.0,11
2023-05-10 13:32:45,m2401-C-3500,m2401-C-3500,157.5,0.0,0.0,0.0,10,52.0,174.0,10,157.5,0.0,0.0,0.0,0.0,0.0,11
2023-05-10 13:32:46,m2401-C-3500,m2401-C-3500,157.5,0.0,0.0,0.0,2,52.5,174.0,10,157.5,0.0,0.0,0.0,0.0,0.0,11
2023-05-10 13:32:47,m2401-C-3500,m2401-C-3500,157.5,0.0,0.0,0.0,10,53.0,174.0,10,157.5,0.0,0.0,0.0,0.0,0.0,11
2023-05-10 13:32:49,m2401-C-3500,m2401-C-3500,157.5,0.0,0.0,0.0,2,53.5,174.0,10,157.5,0.0,0.0,0.0,0.0,0.0,11
2023-05-10 13:32:49,m2401-C-3500,m2401-C-3500,157.5,0.0,0.0,0.0,10,54.0,174.0,10,157.5,0.0,0.0,0.0,0.0,0.0,11
2023-05-10 13:32:51,m2401-C-3500,m2401-C-3500,157.5,0.0,0.0,0.0,2,54.5,174.0,10,157.5,0.0,0.0,0.0,0.0,0.0,11
2023-05-10 13:32:51,m2401-C-3500,m2401-C-3500,157.5,0.0,0.0,0.0,10,55.0,174.0,10,157.5,0.0,0.0,0.0,0.0,0.0,11
2023-05-10 13:32:52,m2401-C-3500,m2401-C-3500,157.5,0.0,0.0,0.0,2,55.5,174.0,10,157.5,0.0,0.0,0.0,0.0,0.0,11
2023-05-10 13:32:52,m2401-C-3500,m2401-C-3500,157.5,0.0,0.0,0.0,10,56.0,174.0,10,157.5,0.0,0.0,0.0,0.0,0.0,11
2023-05-10 13:32:54,m2401-C-3500,m2401-C-3500,157.5,0.0,0.0,0.0,2,56.5,174.0,10,157.5,0.0,0.0,0.0,0.0,0.0,11
2023-05-10 13:32:54,m2401-C-3500,m2401-C-3500,157.5,0.0,0.0,0.0,10,57.0,174.0,10,157.5,0.0,0.0,0.0,0.0,0.0,11
2023-05-10 13:32:55,m2401-C-3500,m2401-C-3500,157.5,0.0,0.0,0.0,2,57.5,174.0,10,157.5,0.0,0.0,0.0,0.0,0.0,11
2023-05-10 13:32:56,m2401-C-3500,m2401-C-3500,157.5,0.0,0.0,0.0,10,58.0,174.0,10,157.5,0.0,0.0,0.0,0.0,0.0,11
2023-05-10 13:32:57,m2401-C-3500,m2401-C-3500,157.5,0.0,0.0,0.0,2,58.5,174.0,10,157.5,0.0,0.0,0.0,0.0,0.0,11
2023-05-10 13:32:57,m2401-C-3500,m2401-C-3500,157.5,0.0,0.0,0.0,10,59.0,174.0,10,157.5,0.0,0.0,0.0,0.0,0.0,11
2023-05-10 13:32:59,m2401-C-3500,m2401-C-3500,157.5,0.0,0.0,0.0,2,59.5,174.0,10,157.5,0.0,0.0,0.0,0.0,0.0,11
2023-05-10 13:32:59,m2401-C-3500,m2401-C-3500,157.5,0.0,0.0,0.0,10,60.0,174.0,10,157.5,0.0,0.0,0.0,0.0,0.0,11
2023-05-10 13:33:03,m2401-C-3500,m2401-C-3500,157.5,0.0,0.0,0.0,2,60.5,174.0,10,157.5,0.0,0.0,0.0,0.0,0.0,11
2023-05-10 13:33:03,m2401-C-3500,m2401-C-3500,157.5,0.0,0.0,0.0,10,61.0,174.0,10,157.5,0.0,0.0,0.0,0.0,0.0,11
2023-05-10 13:33:07,m2401-C-3500,m2401-C-3500,157.5,0.0,0.0,0.0,2,61.5,174.0,10,157.5,0.0,0.0,0.0,0.0,0.0,11
2023-05-10 13:33:07,m2401-C-3500,m2401-C-3500,157.5,0.0,0.0,0.0,10,62.0,174.0,10,157.5,0.0,0.0,0.0,0.0,0.0,11
2023-05-10 13:33:09,m2401-C-3500,m2401-C-3500,157.5,0.0,0.0,0.0,2,62.5,174.0,10,157.5,0.0,0.0,0.0,0.0,0.0,11
2023-05-10 13:33:10,m2401-C-3500,m2401-C-3500,157.5,0.0,0.0,0.0,10,63.0,174.0,10,157.5,0.0,0.0,0.0,0.0,0.0,11
2023-05-10 13:33:11,m2401-C-3500,m2401-C-3500,157.5,0.0,0.0,0.0,2,63.5,174.0,10,157.5,0.0,0.0,0.0,0.0,0.0,11
2023-05-10 13:33:12,m2401-C-3500,m2401-C-3500,157.5,0.0,0.0,0.0,10,64.0,174.0,10,157.5,0.0,0.0,0.0,0.0,0.0,11
2023-05-10 13:33:13,m2401-C-3500,m2401-C-3500,157.5,0.0,0.0,0.0,2,64.5,174.0,10,157.5,0.0,0.0,0.0,0.0,0.0,11
2023-05-10 13:33:14,m2401-C-3500,m2401-C-3500,157.5,0.0,0.0,0.0,10,65.0,174.0,10,157.5,0.0,0.0,0.0,0.0,0.0,11
2023-05-10 13:33:14,m2401-C-3500,m2401-C-3500,157.5,0.0,0.0,0.0,2,65.5,174.0,10,157.5,0.0,0.0,0.0,0.0,0.0,11
2023-05-10 13:33:15,m2401-C-3500,m2401-C-3500,157.5,0.0,0.0,0.0,10,66.0,174.0,10,157.5,0.0,0.0,0.0,0.0,0.0,11
2023-05-10 13:33:15,m2401-C-3500,m2401-C-3500,157.5,0.0,0.0,0.0,2,66.5,174.0,10,157.5,0.0,0.0,0.0,0.0,0.0,11
2023-05-10 13:33:16,m2401-C-3500,m2401-C-3500,157.5,0.0,0.0,0.0,10,67.0,174.0,10,157.5,0.0,0.0,0.0,0.0,0.0,11
2023-05-10 13:33:16,m2401-C-3500,m2401-C-3500,157.5,0.0,0.0,0.0,2,67.5,174.0,10,157.5,0.0,0.0,0.0,0.0,0.0,11
2023-05-10 13:33:17,m2401-C-3500,m2401-C-3500,157.5,0.0,0.0,0.0,10,68.0,174.0,10,157.5,0.0,0.0,0.0,0.0,0.0,11
2023-05-10 13:33:17,m2401-C-3500,m2401-C-3500,157.5,0.0,0.0,0.0,2,68.5,174.0,10,157.5,0.0,0.0,0.0,0.0,0.0,11
2023-05-10 13:33:18,m2401-C-3500,m2401-C-3500,157.5,0.0,0.0,0.0,10,69.0,174.0,10,157.5,0.0,0.0,0.0,0.0,0.0,11
2023-05-10 13:33:18,m2401-C-3500,m2401-C-3500,157.5,0.0,0.0,0.0,2,69.5,174.0,10,157.5,0.0,0.0,0.0,0.0,0.0,11
2023-05-10 13:33:19,m2401-C-3500,m2401-C-3500,157.5,0.0,0.0,0.0,10,70.0,174.0,10,157.5,0.0,0.0,0.0,0.0,0.0,11
2023-05-10 13:33:19,m2401-C-3500,m2401-C-3500,157.5,0.0,0.0,0.0,2,70.5,174.0,10,157.5,0.0,0.0,0.0,0.0,0.0,11
2023-05-10 13:33:20,m2401-C-3500,m2401-C-3500,157.5,0.0,0.0,0.0,10,71.0,174.0,10,157.5,0.0,0.0,0.0,0.0,0.0,11
2023-05-10 13:33:20,m2401-C-3500,m2401-C-3500,157.5,0.0,0.0,0.0,2,71.5,174.0,10,157.5,0.0,0.0,0.0,0.0,0.0,11
2023-05-10 13:33:21,m2401-C-3500,m2401-C-3500,157.5,0.0,0.0,0.0,10,72.0,174.0,10,157.5,0.0,0.0,0.0,0.0,0.0,11
2023-05-10 13:33:22,m2401-C-3500,m2401-C-3500,157.5,0.0,0.0,0.0,2,72.5,174.0,10,157.5,0.0,0.0,0.0,0.0,0.0,11
2023-05-10 13:33:22,m2401-C-3500,m2401-C-3500,157.5,0.0,0.0,0.0,10,73.0,174.0,10,157.5,0.0,0.0,0.0,0.0,0.0,11
2023-05-10 13:33:23,m2401-C-3500,m2401-C-3500,157.5,0.0,0.0,0.0,2,73.5,174.0,10,157.5,0.0,0.0,0.0,0.0,0.0,11
2023-05-10 13:33:23,m2401-C-3500,m2401-C-3500,157.5,0.0,0.0,0.0,10,74.0,174.0,10,157.5,0.0,0.0,0.0,0.0,0.0,11
2023-05-10 13:34:04,m2401-C-3500,m2401-C-3500,157.5,0.0,0.0,0.0,2,74.5,174.0,10,157.5,0.0,0.0,0.0,0.0,0.0,11
2023-05-10 13:34:04,m2401-C-3500,m2401-C-3500,157.5,0.0,0.0,0.0,10,75.0,174.0,10,157.5,0.0,0.0,0.0,0.0,0.0,11
2023-05-10 13:34:05,m2401-C-3500,m2401-C-3500,157.5,0.0,0.0,0.0,2,78.5,174.0,10,157.5,0.0,0.0,0.0,0.0,0.0,11
2023-05-10 13:34:06,m2401-C-3500,m2401-C-3500,157.5,0.0,0.0,0.0,10,79.0,174.0,10,157.5,0.0,0.0,0.0,0.0,0.0,11
2023-05-10 13:34:07,m2401-C-3500,m2401-C-3500,157.5,0.0,0.0,0.0,2,79.5,174.0,10,157.5,0.0,0.0,0.0,0.0,0.0,11
2023-05-10 13:34:07,m2401-C-3500,m2401-C-3500,157.5,0.0,0.0,0.0,10,80.0,174.0,10,157.5,0.0,0.0,0.0,0.0,0.0,11
2023-05-10 13:34:08,m2401-C-3500,m2401-C-3500,157.5,0.0,0.0,0.0,2,80.5,174.0,10,157.5,0.0,0.0,0.0,0.0,0.0,11
2023-05-10 13:34:09,m2401-C-3500,m2401-C-3500,157.5,0.0,0.0,0.0,10,81.0,174.0,10,157.5,0.0,0.0,0.0,0.0,0.0,11
2023-05-10 13:34:10,m2401-C-3500,m2401-C-3500,157.5,0.0,0.0,0.0,2,81.5,174.0,10,157.5,0.0,0.0,0.0,0.0,0.0,11
2023-05-10 13:34:10,m2401-C-3500,m2401-C-3500,157.5,0.0,0.0,0.0,10,82.0,174.0,10,157.5,0.0,0.0,0.0,0.0,0.0,11
2023-05-10 14:45:46,m2401-C-3500,m2401-C-3500,157.5,0.0,0.0,0.0,5,121.0,135.5,5,157.5,0.0,0.0,0.0,0.0,0.0,11
2023-05-10 14:45:50,m2401-C-3500,m2401-C-3500,157.5,0.0,0.0,0.0,5,121.5,135.0,5,157.5,0.0,0.0,0.0,0.0,0.0,11
2023-05-10 14:45:51,m2401-C-3500,m2401-C-3500,157.5,0.0,0.0,0.0,5,124.0,135.0,5,157.5,0.0,0.0,0.0,0.0,0.0,11
2023-05-10 14:45:52,m2401-C-3500,m2401-C-3500,157.5,0.0,0.0,0.0,10,124.0,135.0,10,157.5,0.0,0.0,0.0,0.0,0.0,11
2023-05-10 14:45:57,m2401-C-3500,m2401-C-3500,157.5,0.0,0.0,0.0,10,124.0,133.5,5,157.5,0.0,0.0,0.0,0.0,0.0,11
2023-05-10 14:46:02,m2401-C-3500,m2401-C-3500,157.5,0.0,0.0,0.0,5,124.0,133.5,5,157.5,0.0,0.0,0.0,0.0,0.0,11
2023-05-10 14:46:03,m2401-C-3500,m2401-C-3500,157.5,0.0,0.0,0.0,5,123.5,133.5,5,157.5,0.0,0.0,0.0,0.0,0.0,11
2023-05-10 14:46:06,m2401-C-3500,m2401-C-3500,157.5,0.0,0.0,0.0,5,122.0,133.5,5,157.5,0.0,0.0,0.0,0.0,0.0,11
2023-05-10 14:46:08,m2401-C-3500,m2401-C-3500,157.5,0.0,0.0,0.0,5,122.0,136.5,5,157.5,0.0,0.0,0.0,0.0,0.0,11
2023-05-10 14:46:12,m2401-C-3500,m2401-C-3500,157.5,0.0,0.0,0.0,10,41.0,174.0,10,157.5,0.0,0.0,0.0,0.0,0.0,11
2023-05-10 14:46:12,m2401-C-3500,m2401-C-3500,157.5,0.0,0.0,0.0,2,47.5,168.5,1,157.5,0.0,0.0,0.0,0.0,0.0,11
2023-05-10 14:46:13,m2401-C-3500,m2401-C-3500,157.5,0.0,0.0,0.0,10,48.0,168.0,10,157.5,0.0,0.0,0.0,0.0,0.0,11
2023-05-10 14:46:14,m2401-C-3500,m2401-C-3500,157.5,0.0,0.0,0.0,2,48.5,165.0,1,157.5,0.0,0.0,0.0,0.0,0.0,11
2023-05-10 14:46:14,m2401-C-3500,m2401-C-3500,157.5,0.0,0.0,0.0,10,49.0,164.5,10,157.5,0.0,0.0,0.0,0.0,0.0,11
2023-05-10 14:46:15,m2401-C-3500,m2401-C-3500,157.5,0.0,0.0,0.0,2,49.5,164.5,10,157.5,0.0,0.0,0.0,0.0,0.0,11
2023-05-10 14:46:16,m2401-C-3500,m2401-C-3500,157.5,0.0,0.0,0.0,10,50.0,164.5,10,157.5,0.0,0.0,0.0,0.0,0.0,11
2023-05-10 14:46:17,m2401-C-3500,m2401-C-3500,157.5,0.0,0.0,0.0,2,50.5,164.5,10,157.5,0.0,0.0,0.0,0.0,0.0,11
2023-05-10 14:46:17,m2401-C-3500,m2401-C-3500,157.5,0.0,0.0,0.0,10,51.0,164.0,1,157.5,0.0,0.0,0.0,0.0,0.0,11
2023-05-10 14:46:18,m2401-C-3500,m2401-C-3500,157.5,0.0,0.0,0.0,2,54.5,163.5,10,157.5,0.0,0.0,0.0,0.0,0.0,11
2023-05-10 14:46:18,m2401-C-3500,m2401-C-3500,157.5,0.0,0.0,0.0,10,55.0,163.5,10,157.5,0.0,0.0,0.0,0.0,0.0,11
2023-05-10 14:46:19,m2401-C-3500,m2401-C-3500,157.5,0.0,0.0,0.0,10,55.0,163.0,1,157.5,0.0,0.0,0.0,0.0,0.0,11
2023-05-10 14:46:19,m2401-C-3500,m2401-C-3500,157.5,0.0,0.0,0.0,2,61.5,162.5,10,157.5,0.0,0.0,0.0,0.0,0.0,11
2023-05-10 14:46:20,m2401-C-3500,m2401-C-3500,157.5,0.0,0.0,0.0,10,62.0,162.5,10,157.5,0.0,0.0,0.0,0.0,0.0,11
2023-05-10 14:46:20,m2401-C-3500,m2401-C-3500,157.5,0.0,0.0,0.0,2,68.5,162.0,1,157.5,0.0,0.0,0.0,0.0,0.0,11
2023-05-10 14:46:21,m2401-C-3500,m2401-C-3500,157.5,0.0,0.0,0.0,10,69.0,161.5,10,157.5,0.0,0.0,0.0,0.0,0.0,11
2023-05-10 14:46:22,m2401-C-3500,m2401-C-3500,157.5,0.0,0.0,0.0,2,72.5,161.5,10,157.5,0.0,0.0,0.0,0.0,0.0,11
2023-05-10 14:46:22,m2401-C-3500,m2401-C-3500,157.5,0.0,0.0,0.0,10,73.0,161.5,10,157.5,0.0,0.0,0.0,0.0,0.0,11
2023-05-10 14:46:23,m2401-C-3500,m2401-C-3500,157.5,0.0,0.0,0.0,2,76.5,161.5,10,157.5,0.0,0.0,0.0,0.0,0.0,11
2023-05-10 14:46:24,m2401-C-3500,m2401-C-3500,157.5,0.0,0.0,0.0,10,77.0,161.5,10,157.5,0.0,0.0,0.0,0.0,0.0,11
2023-05-10 14:46:25,m2401-C-3500,m2401-C-3500,157.5,0.0,0.0,0.0,2,77.5,161.5,10,157.5,0.0,0.0,0.0,0.0,0.0,11
2023-05-10 14:46:25,m2401-C-3500,m2401-C-3500,157.5,0.0,0.0,0.0,10,78.0,161.5,10,157.5,0.0,0.0,0.0,0.0,0.0,11
2023-05-10 14:46:26,m2401-C-3500,m2401-C-3500,157.5,0.0,0.0,0.0,2,78.5,161.5,10,157.5,0.0,0.0,0.0,0.0,0.0,11
2023-05-10 14:46:26,m2401-C-3500,m2401-C-3500,157.5,0.0,0.0,0.0,10,79.0,161.5,10,157.5,0.0,0.0,0.0,0.0,0.0,11
2023-05-10 14:46:27,m2401-C-3500,m2401-C-3500,157.5,0.0,0.0,0.0,2,79.5,161.5,10,157.5,0.0,0.0,0.0,0.0,0.0,11
2023-05-10 14:46:27,m2401-C-3500,m2401-C-3500,157.5,0.0,0.0,0.0,10,80.0,161.5,10,157.5,0.0,0.0,0.0,0.0,0.0,11
2023-05-10 14:46:29,m2401-C-3500,m2401-C-3500,157.5,0.0,0.0,0.0,2,80.5,161.5,10,157.5,0.0,0.0,0.0,0.0,0.0,11
2023-05-10 14:46:29,m2401-C-3500,m2401-C-3500,157.5,0.0,0.0,0.0,10,81.0,161.5,10,157.5,0.0,0.0,0.0,0.0,0.0,11
2023-05-10 14:59:02,m2401-C-3500,m2401-C-3500,157.5,0.0,0.0,0.0,1,40.5,174.5,2,157.5,0.0,0.0,0.0,0.0,0.0,11
2023-05-10 14:59:03,m2401-C-3500,m2401-C-3500,157.5,0.0,0.0,0.0,2,47.0,174.5,2,157.5,0.0,0.0,0.0,0.0,0.0,11
2023-05-10 15:01:15,m2401-C-3500,m2401-C-3500,157.5,0.0,0.0,0.0,2,47.0,174.5,2,157.5,0.0,0.0,0.0,0.0,0.0,11
