time,symbol_id,symbol_name,last,trade_volume,trade_amount,open_interest_change,bv1,bp1,ap1,av1,yesterday_close,today_open,today_high,today_low,volume,amount,open_interest
2023-05-10 19:12:58,TA2305,TA2305,5686.0,0.0,0.0,-500.0,0,0.0,0.0,0,5686.0,5718.0,0.0,0.0,0.0,0.0,30870
2023-05-10 20:55:00,TA2305,TA2305,5686.0,0.0,0.0,0.0,0,0.0,0.0,0,5686.0,5718.0,0.0,0.0,0.0,0.0,30870
2023-05-10 20:57:30,TA2305,TA2305,5686.0,0.0,0.0,0.0,0,0.0,0.0,0,5686.0,5718.0,0.0,0.0,0.0,0.0,30870
2023-05-10 20:57:36,TA2305,TA2305,5686.0,0.0,0.0,0.0,0,0.0,0.0,0,5686.0,5718.0,0.0,0.0,0.0,0.0,30870
2023-05-10 20:57:44,TA2305,TA2305,5686.0,0.0,0.0,0.0,0,0.0,0.0,0,5686.0,5718.0,0.0,0.0,0.0,0.0,30870
2023-05-10 20:57:45,TA2305,TA2305,5686.0,0.0,0.0,0.0,0,0.0,0.0,0,5686.0,5718.0,0.0,0.0,0.0,0.0,30870
2023-05-10 20:57:47,TA2305,TA2305,5686.0,0.0,0.0,0.0,0,0.0,0.0,0,5686.0,5718.0,0.0,0.0,0.0,0.0,30870
2023-05-10 20:58:27,TA2305,TA2305,5686.0,0.0,0.0,0.0,0,0.0,0.0,0,5686.0,5718.0,0.0,0.0,0.0,0.0,30870
2023-05-10 20:58:30,TA2305,TA2305,5686.0,0.0,0.0,0.0,0,0.0,0.0,0,5686.0,5718.0,0.0,0.0,0.0,0.0,30870
2023-05-10 20:58:34,TA2305,TA2305,5686.0,0.0,0.0,0.0,0,0.0,0.0,0,5686.0,5718.0,0.0,0.0,0.0,0.0,30870
2023-05-10 20:58:38,TA2305,TA2305,5686.0,0.0,0.0,0.0,0,0.0,0.0,0,5686.0,5718.0,0.0,0.0,0.0,0.0,30870
2023-05-10 20:58:45,TA2305,TA2305,5686.0,0.0,0.0,0.0,0,0.0,0.0,0,5686.0,5718.0,0.0,0.0,0.0,0.0,30870
2023-05-10 20:59:00,TA2305,TA2305,5718.0,2.0,11436.0,-2.0,1,5320.0,5720.0,150,5686.0,5718.0,5718.0,5718.0,2.0,11436.0,30868
2023-05-10 21:00:00,TA2305,TA2305,5718.0,0.0,0.0,0.0,11,5690.0,5720.0,150,5686.0,5718.0,5718.0,5718.0,2.0,11436.0,30868
2023-05-10 21:00:01,TA2305,TA2305,5718.0,0.0,0.0,0.0,1,5700.0,5720.0,150,5686.0,5718.0,5718.0,5718.0,2.0,11436.0,30868
2023-05-10 21:00:01,TA2305,TA2305,5718.0,0.0,0.0,0.0,2,5698.0,5720.0,150,5686.0,5718.0,5718.0,5718.0,2.0,11436.0,30868
2023-05-10 21:00:02,TA2305,TA2305,5718.0,0.0,0.0,0.0,61,5690.0,5720.0,150,5686.0,5718.0,5718.0,5718.0,2.0,11436.0,30868
2023-05-10 21:00:03,TA2305,TA2305,5718.0,0.0,0.0,0.0,17,5690.0,5720.0,150,5686.0,5718.0,5718.0,5718.0,2.0,11436.0,30868
2023-05-10 21:00:03,TA2305,TA2305,5718.0,0.0,0.0,0.0,9,5700.0,5720.0,150,5686.0,5718.0,5718.0,5718.0,2.0,11436.0,30868
2023-05-10 21:00:04,TA2305,TA2305,5718.0,0.0,0.0,0.0,1,5696.0,5720.0,150,5686.0,5718.0,5718.0,5718.0,2.0,11436.0,30868
2023-05-10 21:00:04,TA2305,TA2305,5718.0,0.0,0.0,0.0,1,5694.0,5720.0,150,5686.0,5718.0,5718.0,5718.0,2.0,11436.0,30868
2023-05-10 21:00:04,TA2305,TA2305,5718.0,0.0,0.0,0.0,2,5698.0,5720.0,150,5686.0,5718.0,5718.0,5718.0,2.0,11436.0,30868
2023-05-10 21:00:05,TA2305,TA2305,5718.0,0.0,0.0,0.0,6,5702.0,5720.0,150,5686.0,5718.0,5718.0,5718.0,2.0,11436.0,30868
2023-05-10 21:00:06,TA2305,TA2305,5718.0,0.0,0.0,0.0,4,5704.0,5720.0,150,5686.0,5718.0,5718.0,5718.0,2.0,11436.0,30868
2023-05-10 21:00:06,TA2305,TA2305,5718.0,0.0,0.0,0.0,4,5702.0,5720.0,150,5686.0,5718.0,5718.0,5718.0,2.0,11436.0,30868
2023-05-10 21:00:06,TA2305,TA2305,5718.0,0.0,0.0,0.0,3,5706.0,5720.0,150,5686.0,5718.0,5718.0,5718.0,2.0,11436.0,30868
2023-05-10 21:00:07,TA2305,TA2305,5718.0,0.0,0.0,0.0,5,5702.0,5720.0,150,5686.0,5718.0,5718.0,5718.0,2.0,11436.0,30868
2023-05-10 21:00:08,TA2305,TA2305,5718.0,0.0,0.0,0.0,4,5704.0,5720.0,150,5686.0,5718.0,5718.0,5718.0,2.0,11436.0,30868
2023-05-10 21:00:08,TA2305,TA2305,5718.0,0.0,0.0,0.0,5,5702.0,5720.0,150,5686.0,5718.0,5718.0,5718.0,2.0,11436.0,30868
2023-05-10 21:00:09,TA2305,TA2305,5718.0,0.0,0.0,0.0,4,5704.0,5720.0,150,5686.0,5718.0,5718.0,5718.0,2.0,11436.0,30868
2023-05-10 21:00:10,TA2305,TA2305,5718.0,0.0,0.0,0.0,1,5702.0,5720.0,150,5686.0,5718.0,5718.0,5718.0,2.0,11436.0,30868
2023-05-10 21:00:10,TA2305,TA2305,5718.0,0.0,0.0,0.0,2,5704.0,5720.0,150,5686.0,5718.0,5718.0,5718.0,2.0,11436.0,30868
2023-05-10 21:00:11,TA2305,TA2305,5718.0,0.0,0.0,0.0,10,5704.0,5720.0,150,5686.0,5718.0,5718.0,5718.0,2.0,11436.0,30868
2023-05-10 21:00:13,TA2305,TA2305,5718.0,0.0,0.0,0.0,2,5706.0,5720.0,150,5686.0,5718.0,5718.0,5718.0,2.0,11436.0,30868
2023-05-10 21:00:13,TA2305,TA2305,5718.0,0.0,0.0,0.0,6,5708.0,5720.0,150,5686.0,5718.0,5718.0,5718.0,2.0,11436.0,30868
2023-05-10 21:00:14,TA2305,TA2305,5718.0,0.0,0.0,0.0,4,5706.0,5720.0,150,5686.0,5718.0,5718.0,5718.0,2.0,11436.0,30868
2023-05-10 21:00:14,TA2305,TA2305,5718.0,0.0,0.0,0.0,1,5708.0,5720.0,150,5686.0,5718.0,5718.0,5718.0,2.0,11436.0,30868
2023-05-10 21:00:15,TA2305,TA2305,5718.0,0.0,0.0,0.0,4,5706.0,5720.0,150,5686.0,5718.0,5718.0,5718.0,2.0,11436.0,30868
2023-05-10 21:00:15,TA2305,TA2305,5718.0,0.0,0.0,0.0,4,5708.0,5726.0,150,5686.0,5718.0,5718.0,5718.0,2.0,11436.0,30868
2023-05-10 21:00:16,TA2305,TA2305,5718.0,0.0,0.0,0.0,5,5708.0,5726.0,150,5686.0,5718.0,5718.0,5718.0,2.0,11436.0,30868
2023-05-10 21:00:16,TA2305,TA2305,5718.0,0.0,0.0,0.0,7,5708.0,5726.0,150,5686.0,5718.0,5718.0,5718.0,2.0,11436.0,30868
2023-05-10 21:00:17,TA2305,TA2305,5718.0,0.0,0.0,0.0,5,5706.0,5726.0,150,5686.0,5718.0,5718.0,5718.0,2.0,11436.0,30868
2023-05-10 21:00:17,TA2305,TA2305,5718.0,0.0,0.0,0.0,5,5708.0,5726.0,150,5686.0,5718.0,5718.0,5718.0,2.0,11436.0,30868
2023-05-10 21:00:18,TA2305,TA2305,5718.0,0.0,0.0,0.0,6,5706.0,5726.0,150,5686.0,5718.0,5718.0,5718.0,2.0,11436.0,30868
2023-05-10 21:00:19,TA2305,TA2305,5718.0,0.0,0.0,0.0,7,5706.0,5726.0,150,5686.0,5718.0,5718.0,5718.0,2.0,11436.0,30868
2023-05-10 21:00:19,TA2305,TA2305,5718.0,0.0,0.0,0.0,10,5706.0,5726.0,150,5686.0,5718.0,5718.0,5718.0,2.0,11436.0,30868
2023-05-10 21:00:19,TA2305,TA2305,5718.0,0.0,0.0,0.0,2,5706.0,5726.0,150,5686.0,5718.0,5718.0,5718.0,2.0,11436.0,30868
2023-05-10 21:00:20,TA2305,TA2305,5718.0,0.0,0.0,0.0,6,5706.0,5726.0,150,5686.0,5718.0,5718.0,5718.0,2.0,11436.0,30868
2023-05-10 21:00:21,TA2305,TA2305,5718.0,0.0,0.0,0.0,2,5706.0,5726.0,150,5686.0,5718.0,5718.0,5718.0,2.0,11436.0,30868
2023-05-10 21:00:21,TA2305,TA2305,5718.0,0.0,0.0,0.0,10,5704.0,5726.0,150,5686.0,5718.0,5718.0,5718.0,2.0,11436.0,30868
2023-05-10 21:00:23,TA2305,TA2305,5718.0,0.0,0.0,0.0,1,5704.0,5726.0,150,5686.0,5718.0,5718.0,5718.0,2.0,11436.0,30868
2023-05-10 21:00:23,TA2305,TA2305,5718.0,0.0,0.0,0.0,5,5702.0,5726.0,150,5686.0,5718.0,5718.0,5718.0,2.0,11436.0,30868
2023-05-10 21:00:24,TA2305,TA2305,5718.0,0.0,0.0,0.0,4,5704.0,5726.0,150,5686.0,5718.0,5718.0,5718.0,2.0,11436.0,30868
2023-05-10 21:00:24,TA2305,TA2305,5718.0,0.0,0.0,0.0,5,5702.0,5726.0,150,5686.0,5718.0,5718.0,5718.0,2.0,11436.0,30868
2023-05-10 21:00:25,TA2305,TA2305,5718.0,0.0,0.0,0.0,4,5700.0,5726.0,150,5686.0,5718.0,5718.0,5718.0,2.0,11436.0,30868
2023-05-10 21:00:26,TA2305,TA2305,5718.0,0.0,0.0,0.0,2,5702.0,5726.0,150,5686.0,5718.0,5718.0,5718.0,2.0,11436.0,30868
2023-05-10 21:00:26,TA2305,TA2305,5718.0,0.0,0.0,0.0,2,5700.0,5726.0,150,5686.0,5718.0,5718.0,5718.0,2.0,11436.0,30868
2023-05-10 21:00:27,TA2305,TA2305,5718.0,0.0,0.0,0.0,4,5700.0,5726.0,150,5686.0,5718.0,5718.0,5718.0,2.0,11436.0,30868
2023-05-10 21:00:27,TA2305,TA2305,5718.0,0.0,0.0,0.0,7,5702.0,5726.0,150,5686.0,5718.0,5718.0,5718.0,2.0,11436.0,30868
2023-05-10 21:00:29,TA2305,TA2305,5718.0,0.0,0.0,0.0,5,5700.0,5726.0,150,5686.0,5718.0,5718.0,5718.0,2.0,11436.0,30868
2023-05-10 21:00:29,TA2305,TA2305,5718.0,0.0,0.0,0.0,4,5696.0,5726.0,150,5686.0,5718.0,5718.0,5718.0,2.0,11436.0,30868
2023-05-10 21:00:30,TA2305,TA2305,5718.0,0.0,0.0,0.0,4,5700.0,5726.0,150,5686.0,5718.0,5718.0,5718.0,2.0,11436.0,30868
2023-05-10 21:00:31,TA2305,TA2305,5718.0,0.0,0.0,0.0,1,5702.0,5726.0,150,5686.0,5718.0,5718.0,5718.0,2.0,11436.0,30868
2023-05-10 21:00:31,TA2305,TA2305,5718.0,0.0,0.0,0.0,4,5702.0,5726.0,150,5686.0,5718.0,5718.0,5718.0,2.0,11436.0,30868
2023-05-10 21:00:32,TA2305,TA2305,5718.0,0.0,0.0,0.0,5,5702.0,5726.0,150,5686.0,5718.0,5718.0,5718.0,2.0,11436.0,30868
2023-05-10 21:00:32,TA2305,TA2305,5718.0,0.0,0.0,0.0,8,5702.0,5726.0,150,5686.0,5718.0,5718.0,5718.0,2.0,11436.0,30868
2023-05-10 21:00:33,TA2305,TA2305,5718.0,0.0,0.0,0.0,24,5700.0,5726.0,150,5686.0,5718.0,5718.0,5718.0,2.0,11436.0,30868
2023-05-10 21:00:34,TA2305,TA2305,5718.0,0.0,0.0,0.0,5,5702.0,5726.0,150,5686.0,5718.0,5718.0,5718.0,2.0,11436.0,30868
2023-05-10 21:00:34,TA2305,TA2305,5718.0,0.0,0.0,0.0,4,5702.0,5726.0,150,5686.0,5718.0,5718.0,5718.0,2.0,11436.0,30868
2023-05-10 21:00:35,TA2305,TA2305,5718.0,0.0,0.0,0.0,14,5702.0,5726.0,150,5686.0,5718.0,5718.0,5718.0,2.0,11436.0,30868
2023-05-10 21:00:36,TA2305,TA2305,5718.0,0.0,0.0,0.0,1,5704.0,5726.0,150,5686.0,5718.0,5718.0,5718.0,2.0,11436.0,30868
2023-05-10 21:00:36,TA2305,TA2305,5718.0,0.0,0.0,0.0,15,5704.0,5726.0,150,5686.0,5718.0,5718.0,5718.0,2.0,11436.0,30868
2023-05-10 21:00:38,TA2305,TA2305,5718.0,0.0,0.0,0.0,5,5706.0,5730.0,124,5686.0,5718.0,5718.0,5718.0,2.0,11436.0,30868
2023-05-10 21:00:38,TA2305,TA2305,5718.0,0.0,0.0,0.0,12,5704.0,5728.0,150,5686.0,5718.0,5718.0,5718.0,2.0,11436.0,30868
2023-05-10 21:00:39,TA2305,TA2305,5718.0,0.0,0.0,0.0,10,5704.0,5728.0,150,5686.0,5718.0,5718.0,5718.0,2.0,11436.0,30868
2023-05-10 21:00:40,TA2305,TA2305,5718.0,0.0,0.0,0.0,4,5706.0,5728.0,150,5686.0,5718.0,5718.0,5718.0,2.0,11436.0,30868
2023-05-10 21:00:40,TA2305,TA2305,5718.0,0.0,0.0,0.0,5,5706.0,5728.0,150,5686.0,5718.0,5718.0,5718.0,2.0,11436.0,30868
2023-05-10 21:00:41,TA2305,TA2305,5718.0,0.0,0.0,0.0,7,5706.0,5728.0,150,5686.0,5718.0,5718.0,5718.0,2.0,11436.0,30868
2023-05-10 21:00:41,TA2305,TA2305,5718.0,0.0,0.0,0.0,1,5708.0,5728.0,150,5686.0,5718.0,5718.0,5718.0,2.0,11436.0,30868
2023-05-10 21:00:42,TA2305,TA2305,5718.0,0.0,0.0,0.0,4,5706.0,5728.0,150,5686.0,5718.0,5718.0,5718.0,2.0,11436.0,30868
2023-05-10 21:00:42,TA2305,TA2305,5718.0,0.0,0.0,0.0,11,5704.0,5728.0,150,5686.0,5718.0,5718.0,5718.0,2.0,11436.0,30868
2023-05-10 21:00:43,TA2305,TA2305,5718.0,0.0,0.0,0.0,14,5704.0,5728.0,150,5686.0,5718.0,5718.0,5718.0,2.0,11436.0,30868
2023-05-10 21:00:44,TA2305,TA2305,5718.0,0.0,0.0,0.0,7,5706.0,5728.0,150,5686.0,5718.0,5718.0,5718.0,2.0,11436.0,30868
2023-05-10 21:00:45,TA2305,TA2305,5718.0,0.0,0.0,0.0,4,5706.0,5728.0,150,5686.0,5718.0,5718.0,5718.0,2.0,11436.0,30868
2023-05-10 21:00:46,TA2305,TA2305,5718.0,0.0,0.0,0.0,4,5708.0,5728.0,150,5686.0,5718.0,5718.0,5718.0,2.0,11436.0,30868
2023-05-10 21:00:47,TA2305,TA2305,5718.0,0.0,0.0,0.0,9,5710.0,5728.0,150,5686.0,5718.0,5718.0,5718.0,2.0,11436.0,30868
2023-05-10 21:00:47,TA2305,TA2305,5718.0,0.0,0.0,0.0,4,5708.0,5730.0,124,5686.0,5718.0,5718.0,5718.0,2.0,11436.0,30868
2023-05-10 21:00:49,TA2305,TA2305,5718.0,0.0,0.0,0.0,7,5710.0,5730.0,124,5686.0,5718.0,5718.0,5718.0,2.0,11436.0,30868
2023-05-10 21:00:49,TA2305,TA2305,5718.0,0.0,0.0,0.0,4,5708.0,5730.0,124,5686.0,5718.0,5718.0,5718.0,2.0,11436.0,30868
2023-05-10 21:00:50,TA2305,TA2305,5718.0,0.0,0.0,0.0,5,5710.0,5730.0,124,5686.0,5718.0,5718.0,5718.0,2.0,11436.0,30868
2023-05-10 21:00:51,TA2305,TA2305,5718.0,0.0,0.0,0.0,8,5710.0,5730.0,124,5686.0,5718.0,5718.0,5718.0,2.0,11436.0,30868
2023-05-10 21:00:51,TA2305,TA2305,5718.0,0.0,0.0,0.0,5,5710.0,5730.0,124,5686.0,5718.0,5718.0,5718.0,2.0,11436.0,30868
2023-05-10 21:00:52,TA2305,TA2305,5718.0,0.0,0.0,0.0,2,5712.0,5730.0,124,5686.0,5718.0,5718.0,5718.0,2.0,11436.0,30868
2023-05-10 21:00:53,TA2305,TA2305,5718.0,0.0,0.0,0.0,7,5712.0,5730.0,124,5686.0,5718.0,5718.0,5718.0,2.0,11436.0,30868
2023-05-10 21:00:53,TA2305,TA2305,5718.0,0.0,0.0,0.0,5,5710.0,5730.0,124,5686.0,5718.0,5718.0,5718.0,2.0,11436.0,30868
2023-05-10 21:00:54,TA2305,TA2305,5718.0,0.0,0.0,0.0,4,5712.0,5730.0,124,5686.0,5718.0,5718.0,5718.0,2.0,11436.0,30868
2023-05-10 21:00:54,TA2305,TA2305,5718.0,0.0,0.0,0.0,6,5712.0,5730.0,124,5686.0,5718.0,5718.0,5718.0,2.0,11436.0,30868
2023-05-10 21:00:55,TA2305,TA2305,5718.0,0.0,0.0,0.0,4,5712.0,5730.0,124,5686.0,5718.0,5718.0,5718.0,2.0,11436.0,30868
2023-05-10 21:00:57,TA2305,TA2305,5718.0,0.0,0.0,0.0,4,5712.0,5722.0,91,5686.0,5718.0,5718.0,5718.0,2.0,11436.0,30868
2023-05-10 21:00:57,TA2305,TA2305,5718.0,0.0,0.0,0.0,4,5712.0,5722.0,100,5686.0,5718.0,5718.0,5718.0,2.0,11436.0,30868
2023-05-10 21:00:57,TA2305,TA2305,5718.0,0.0,0.0,0.0,7,5712.0,5722.0,100,5686.0,5718.0,5718.0,5718.0,2.0,11436.0,30868
2023-05-10 21:00:58,TA2305,TA2305,5718.0,0.0,0.0,0.0,5,5710.0,5726.0,100,5686.0,5718.0,5718.0,5718.0,2.0,11436.0,30868
2023-05-10 21:00:58,TA2305,TA2305,5718.0,0.0,0.0,0.0,7,5710.0,5724.0,100,5686.0,5718.0,5718.0,5718.0,2.0,11436.0,30868
2023-05-10 21:00:59,TA2305,TA2305,5718.0,0.0,0.0,0.0,30,5712.0,5724.0,100,5686.0,5718.0,5718.0,5718.0,2.0,11436.0,30868
2023-05-10 21:00:59,TA2305,TA2305,5718.0,0.0,0.0,0.0,34,5712.0,5724.0,100,5686.0,5718.0,5718.0,5718.0,2.0,11436.0,30868
2023-05-10 21:01:00,TA2305,TA2305,5718.0,0.0,0.0,0.0,1,5714.0,5726.0,100,5686.0,5718.0,5718.0,5718.0,2.0,11436.0,30868
2023-05-10 21:01:00,TA2305,TA2305,5718.0,0.0,0.0,0.0,31,5714.0,5726.0,100,5686.0,5718.0,5718.0,5718.0,2.0,11436.0,30868
2023-05-10 21:01:01,TA2305,TA2305,5718.0,0.0,0.0,0.0,36,5714.0,5726.0,100,5686.0,5718.0,5718.0,5718.0,2.0,11436.0,30868
2023-05-10 21:01:01,TA2305,TA2305,5718.0,0.0,0.0,0.0,31,5712.0,5728.0,100,5686.0,5718.0,5718.0,5718.0,2.0,11436.0,30868
2023-05-10 21:01:02,TA2305,TA2305,5718.0,0.0,0.0,0.0,3,5714.0,5730.0,224,5686.0,5718.0,5718.0,5718.0,2.0,11436.0,30868
2023-05-10 21:01:02,TA2305,TA2305,5718.0,0.0,0.0,0.0,6,5714.0,5728.0,100,5686.0,5718.0,5718.0,5718.0,2.0,11436.0,30868
2023-05-10 21:01:03,TA2305,TA2305,5718.0,0.0,0.0,0.0,34,5712.0,5728.0,67,5686.0,5718.0,5718.0,5718.0,2.0,11436.0,30868
2023-05-10 21:01:04,TA2305,TA2305,5718.0,0.0,0.0,0.0,34,5712.0,5728.0,59,5686.0,5718.0,5718.0,5718.0,2.0,11436.0,30868
2023-05-10 21:01:04,TA2305,TA2305,5718.0,0.0,0.0,0.0,16,5712.0,5728.0,100,5686.0,5718.0,5718.0,5718.0,2.0,11436.0,30868
2023-05-10 21:01:04,TA2305,TA2305,5718.0,0.0,0.0,0.0,11,5712.0,5728.0,100,5686.0,5718.0,5718.0,5718.0,2.0,11436.0,30868
2023-05-10 21:01:05,TA2305,TA2305,5718.0,0.0,0.0,0.0,7,5710.0,5728.0,100,5686.0,5718.0,5718.0,5718.0,2.0,11436.0,30868
2023-05-10 21:01:06,TA2305,TA2305,5718.0,0.0,0.0,0.0,4,5710.0,5726.0,16,5686.0,5718.0,5718.0,5718.0,2.0,11436.0,30868
2023-05-10 21:01:06,TA2305,TA2305,5718.0,0.0,0.0,0.0,5,5708.0,5726.0,100,5686.0,5718.0,5718.0,5718.0,2.0,11436.0,30868
2023-05-10 21:01:07,TA2305,TA2305,5718.0,0.0,0.0,0.0,2,5712.0,5726.0,100,5686.0,5718.0,5718.0,5718.0,2.0,11436.0,30868
2023-05-10 21:01:07,TA2305,TA2305,5718.0,0.0,0.0,0.0,6,5710.0,5724.0,100,5686.0,5718.0,5718.0,5718.0,2.0,11436.0,30868
2023-05-10 21:01:08,TA2305,TA2305,5718.0,0.0,0.0,0.0,5,5710.0,5726.0,100,5686.0,5718.0,5718.0,5718.0,2.0,11436.0,30868
2023-05-10 21:01:08,TA2305,TA2305,5718.0,0.0,0.0,0.0,12,5710.0,5726.0,100,5686.0,5718.0,5718.0,5718.0,2.0,11436.0,30868
2023-05-10 21:01:09,TA2305,TA2305,5718.0,0.0,0.0,0.0,1,5712.0,5724.0,100,5686.0,5718.0,5718.0,5718.0,2.0,11436.0,30868
2023-05-10 21:01:09,TA2305,TA2305,5718.0,0.0,0.0,0.0,11,5710.0,5724.0,100,5686.0,5718.0,5718.0,5718.0,2.0,11436.0,30868
2023-05-10 21:01:10,TA2305,TA2305,5718.0,0.0,0.0,0.0,14,5710.0,5726.0,100,5686.0,5718.0,5718.0,5718.0,2.0,11436.0,30868
2023-05-10 21:01:10,TA2305,TA2305,5718.0,0.0,0.0,0.0,3,5712.0,5726.0,100,5686.0,5718.0,5718.0,5718.0,2.0,11436.0,30868
2023-05-10 21:01:11,TA2305,TA2305,5718.0,0.0,0.0,0.0,10,5712.0,5726.0,100,5686.0,5718.0,5718.0,5718.0,2.0,11436.0,30868
2023-05-10 21:01:11,TA2305,TA2305,5718.0,0.0,0.0,0.0,5,5712.0,5726.0,100,5686.0,5718.0,5718.0,5718.0,2.0,11436.0,30868
2023-05-10 21:01:12,TA2305,TA2305,5718.0,0.0,0.0,0.0,8,5710.0,5724.0,64,5686.0,5718.0,5718.0,5718.0,2.0,11436.0,30868
2023-05-10 21:01:12,TA2305,TA2305,5718.0,0.0,0.0,0.0,5,5710.0,5726.0,100,5686.0,5718.0,5718.0,5718.0,2.0,11436.0,30868
2023-05-10 21:01:13,TA2305,TA2305,5718.0,0.0,0.0,0.0,1,5712.0,5726.0,100,5686.0,5718.0,5718.0,5718.0,2.0,11436.0,30868
2023-05-10 21:01:13,TA2305,TA2305,5718.0,0.0,0.0,0.0,8,5710.0,5728.0,100,5686.0,5718.0,5718.0,5718.0,2.0,11436.0,30868
2023-05-10 21:01:14,TA2305,TA2305,5718.0,0.0,0.0,0.0,9,5712.0,5728.0,100,5686.0,5718.0,5718.0,5718.0,2.0,11436.0,30868
2023-05-10 21:01:14,TA2305,TA2305,5718.0,0.0,0.0,0.0,10,5712.0,5728.0,100,5686.0,5718.0,5718.0,5718.0,2.0,11436.0,30868
2023-05-10 21:01:15,TA2305,TA2305,5718.0,0.0,0.0,0.0,7,5712.0,5728.0,100,5686.0,5718.0,5718.0,5718.0,2.0,11436.0,30868
2023-05-10 21:01:16,TA2305,TA2305,5718.0,0.0,0.0,0.0,6,5714.0,5730.0,224,5686.0,5718.0,5718.0,5718.0,2.0,11436.0,30868
2023-05-10 21:01:17,TA2305,TA2305,5718.0,0.0,0.0,0.0,10,5714.0,5728.0,27,5686.0,5718.0,5718.0,5718.0,2.0,11436.0,30868
2023-05-10 21:01:17,TA2305,TA2305,5718.0,0.0,0.0,0.0,4,5714.0,5730.0,224,5686.0,5718.0,5718.0,5718.0,2.0,11436.0,30868
2023-05-10 21:01:21,TA2305,TA2305,5718.0,0.0,0.0,0.0,5,5714.0,5730.0,224,5686.0,5718.0,5718.0,5718.0,2.0,11436.0,30868
2023-05-10 21:01:23,TA2305,TA2305,5718.0,0.0,0.0,0.0,6,5712.0,5728.0,32,5686.0,5718.0,5718.0,5718.0,2.0,11436.0,30868
2023-05-10 21:01:23,TA2305,TA2305,5718.0,0.0,0.0,0.0,2,5712.0,5728.0,100,5686.0,5718.0,5718.0,5718.0,2.0,11436.0,30868
2023-05-10 21:01:23,TA2305,TA2305,5718.0,0.0,0.0,0.0,5,5710.0,5728.0,100,5686.0,5718.0,5718.0,5718.0,2.0,11436.0,30868
2023-05-10 21:01:24,TA2305,TA2305,5718.0,0.0,0.0,0.0,1,5712.0,5730.0,224,5686.0,5718.0,5718.0,5718.0,2.0,11436.0,30868
2023-05-10 21:01:24,TA2305,TA2305,5718.0,0.0,0.0,0.0,1,5712.0,5728.0,21,5686.0,5718.0,5718.0,5718.0,2.0,11436.0,30868
2023-05-10 21:01:25,TA2305,TA2305,5718.0,0.0,0.0,0.0,9,5712.0,5730.0,224,5686.0,5718.0,5718.0,5718.0,2.0,11436.0,30868
2023-05-10 21:01:26,TA2305,TA2305,5718.0,0.0,0.0,0.0,9,5712.0,5728.0,98,5686.0,5718.0,5718.0,5718.0,2.0,11436.0,30868
2023-05-10 21:01:26,TA2305,TA2305,5718.0,0.0,0.0,0.0,9,5712.0,5730.0,224,5686.0,5718.0,5718.0,5718.0,2.0,11436.0,30868
2023-05-10 21:01:27,TA2305,TA2305,5718.0,0.0,0.0,0.0,9,5712.0,5728.0,100,5686.0,5718.0,5718.0,5718.0,2.0,11436.0,30868
2023-05-10 21:01:27,TA2305,TA2305,5718.0,0.0,0.0,0.0,2,5714.0,5728.0,100,5686.0,5718.0,5718.0,5718.0,2.0,11436.0,30868
2023-05-10 21:01:28,TA2305,TA2305,5718.0,0.0,0.0,0.0,12,5712.0,5728.0,100,5686.0,5718.0,5718.0,5718.0,2.0,11436.0,30868
2023-05-10 21:01:29,TA2305,TA2305,5718.0,0.0,0.0,0.0,5,5710.0,5726.0,100,5686.0,5718.0,5718.0,5718.0,2.0,11436.0,30868
2023-05-10 21:01:30,TA2305,TA2305,5718.0,0.0,0.0,0.0,7,5710.0,5726.0,100,5686.0,5718.0,5718.0,5718.0,2.0,11436.0,30868
2023-05-10 21:01:31,TA2305,TA2305,5718.0,0.0,0.0,0.0,7,5710.0,5728.0,100,5686.0,5718.0,5718.0,5718.0,2.0,11436.0,30868
2023-05-10 21:01:31,TA2305,TA2305,5718.0,0.0,0.0,0.0,7,5708.0,5726.0,35,5686.0,5718.0,5718.0,5718.0,2.0,11436.0,30868
2023-05-10 21:01:32,TA2305,TA2305,5718.0,0.0,0.0,0.0,1,5710.0,5726.0,54,5686.0,5718.0,5718.0,5718.0,2.0,11436.0,30868
2023-05-10 21:01:32,TA2305,TA2305,5718.0,0.0,0.0,0.0,6,5710.0,5726.0,62,5686.0,5718.0,5718.0,5718.0,2.0,11436.0,30868
2023-05-10 21:01:32,TA2305,TA2305,5718.0,0.0,0.0,0.0,16,5708.0,5728.0,100,5686.0,5718.0,5718.0,5718.0,2.0,11436.0,30868
2023-05-10 21:01:33,TA2305,TA2305,5718.0,0.0,0.0,0.0,1,5710.0,5728.0,100,5686.0,5718.0,5718.0,5718.0,2.0,11436.0,30868
2023-05-10 21:01:33,TA2305,TA2305,5718.0,0.0,0.0,0.0,5,5710.0,5726.0,100,5686.0,5718.0,5718.0,5718.0,2.0,11436.0,30868
2023-05-10 21:01:34,TA2305,TA2305,5718.0,0.0,0.0,0.0,14,5710.0,5728.0,100,5686.0,5718.0,5718.0,5718.0,2.0,11436.0,30868
2023-05-10 21:01:35,TA2305,TA2305,5718.0,0.0,0.0,0.0,4,5706.0,5726.0,100,5686.0,5718.0,5718.0,5718.0,2.0,11436.0,30868
2023-05-10 21:01:35,TA2305,TA2305,5718.0,0.0,0.0,0.0,11,5708.0,5726.0,100,5686.0,5718.0,5718.0,5718.0,2.0,11436.0,30868
2023-05-10 21:01:35,TA2305,TA2305,5718.0,0.0,0.0,0.0,7,5710.0,5728.0,100,5686.0,5718.0,5718.0,5718.0,2.0,11436.0,30868
2023-05-10 21:01:36,TA2305,TA2305,5718.0,0.0,0.0,0.0,10,5710.0,5728.0,100,5686.0,5718.0,5718.0,5718.0,2.0,11436.0,30868
2023-05-10 21:01:36,TA2305,TA2305,5718.0,0.0,0.0,0.0,13,5710.0,5726.0,100,5686.0,5718.0,5718.0,5718.0,2.0,11436.0,30868
2023-05-10 21:01:38,TA2305,TA2305,5718.0,0.0,0.0,0.0,16,5710.0,5726.0,16,5686.0,5718.0,5718.0,5718.0,2.0,11436.0,30868
2023-05-10 21:01:38,TA2305,TA2305,5718.0,0.0,0.0,0.0,13,5710.0,5726.0,100,5686.0,5718.0,5718.0,5718.0,2.0,11436.0,30868
2023-05-10 21:01:39,TA2305,TA2305,5718.0,0.0,0.0,0.0,16,5710.0,5726.0,100,5686.0,5718.0,5718.0,5718.0,2.0,11436.0,30868
2023-05-10 21:01:40,TA2305,TA2305,5718.0,0.0,0.0,0.0,20,5710.0,5728.0,100,5686.0,5718.0,5718.0,5718.0,2.0,11436.0,30868
2023-05-10 21:01:40,TA2305,TA2305,5718.0,0.0,0.0,0.0,2,5712.0,5728.0,100,5686.0,5718.0,5718.0,5718.0,2.0,11436.0,30868
2023-05-10 21:01:41,TA2305,TA2305,5718.0,0.0,0.0,0.0,104,5712.0,5728.0,100,5686.0,5718.0,5718.0,5718.0,2.0,11436.0,30868
2023-05-10 21:01:41,TA2305,TA2305,5718.0,0.0,0.0,0.0,99,5712.0,5726.0,100,5686.0,5718.0,5718.0,5718.0,2.0,11436.0,30868
2023-05-10 21:01:42,TA2305,TA2305,5718.0,0.0,0.0,0.0,18,5710.0,5726.0,100,5686.0,5718.0,5718.0,5718.0,2.0,11436.0,30868
2023-05-10 21:01:42,TA2305,TA2305,5718.0,0.0,0.0,0.0,17,5710.0,5724.0,100,5686.0,5718.0,5718.0,5718.0,2.0,11436.0,30868
2023-05-10 21:01:43,TA2305,TA2305,5718.0,0.0,0.0,0.0,1,5714.0,5724.0,100,5686.0,5718.0,5718.0,5718.0,2.0,11436.0,30868
2023-05-10 21:01:45,TA2305,TA2305,5718.0,0.0,0.0,0.0,1,5714.0,5722.0,5,5686.0,5718.0,5718.0,5718.0,2.0,11436.0,30868
2023-05-10 21:01:45,TA2305,TA2305,5718.0,0.0,0.0,0.0,1,5714.0,5724.0,100,5686.0,5718.0,5718.0,5718.0,2.0,11436.0,30868
2023-05-10 21:01:47,TA2305,TA2305,5718.0,0.0,0.0,0.0,1,5714.0,5726.0,100,5686.0,5718.0,5718.0,5718.0,2.0,11436.0,30868
2023-05-10 21:01:48,TA2305,TA2305,5718.0,0.0,0.0,0.0,1,5714.0,5724.0,94,5686.0,5718.0,5718.0,5718.0,2.0,11436.0,30868
2023-05-10 21:01:48,TA2305,TA2305,5718.0,0.0,0.0,0.0,1,5714.0,5724.0,100,5686.0,5718.0,5718.0,5718.0,2.0,11436.0,30868
2023-05-10 21:01:49,TA2305,TA2305,5718.0,0.0,0.0,0.0,1,5714.0,5726.0,100,5686.0,5718.0,5718.0,5718.0,2.0,11436.0,30868
2023-05-10 21:01:50,TA2305,TA2305,5718.0,0.0,0.0,0.0,1,5714.0,5724.0,45,5686.0,5718.0,5718.0,5718.0,2.0,11436.0,30868
2023-05-10 21:01:51,TA2305,TA2305,5718.0,0.0,0.0,0.0,1,5714.0,5724.0,14,5686.0,5718.0,5718.0,5718.0,2.0,11436.0,30868
2023-05-10 21:01:51,TA2305,TA2305,5718.0,0.0,0.0,0.0,1,5714.0,5726.0,100,5686.0,5718.0,5718.0,5718.0,2.0,11436.0,30868
2023-05-10 21:01:52,TA2305,TA2305,5718.0,0.0,0.0,0.0,1,5714.0,5724.0,100,5686.0,5718.0,5718.0,5718.0,2.0,11436.0,30868
2023-05-10 21:01:52,TA2305,TA2305,5718.0,0.0,0.0,0.0,1,5714.0,5726.0,100,5686.0,5718.0,5718.0,5718.0,2.0,11436.0,30868
2023-05-10 21:01:53,TA2305,TA2305,5718.0,0.0,0.0,0.0,1,5714.0,5724.0,100,5686.0,5718.0,5718.0,5718.0,2.0,11436.0,30868
2023-05-10 21:01:55,TA2305,TA2305,5718.0,0.0,0.0,0.0,1,5714.0,5724.0,17,5686.0,5718.0,5718.0,5718.0,2.0,11436.0,30868
2023-05-10 21:01:56,TA2305,TA2305,5718.0,0.0,0.0,0.0,1,5714.0,5724.0,100,5686.0,5718.0,5718.0,5718.0,2.0,11436.0,30868
2023-05-10 21:02:00,TA2305,TA2305,5718.0,0.0,0.0,0.0,1,5714.0,5722.0,100,5686.0,5718.0,5718.0,5718.0,2.0,11436.0,30868
2023-05-10 21:02:01,TA2305,TA2305,5718.0,0.0,0.0,0.0,1,5714.0,5724.0,100,5686.0,5718.0,5718.0,5718.0,2.0,11436.0,30868
2023-05-10 21:02:02,TA2305,TA2305,5718.0,0.0,0.0,0.0,1,5714.0,5722.0,100,5686.0,5718.0,5718.0,5718.0,2.0,11436.0,30868
2023-05-10 21:02:06,TA2305,TA2305,5718.0,0.0,0.0,0.0,1,5714.0,5720.0,100,5686.0,5718.0,5718.0,5718.0,2.0,11436.0,30868
2023-05-10 21:02:10,TA2305,TA2305,5718.0,0.0,0.0,0.0,1,5714.0,5722.0,100,5686.0,5718.0,5718.0,5718.0,2.0,11436.0,30868
2023-05-10 21:02:13,TA2305,TA2305,5718.0,0.0,0.0,0.0,1,5714.0,5720.0,100,5686.0,5718.0,5718.0,5718.0,2.0,11436.0,30868
2023-05-10 21:02:16,TA2305,TA2305,5718.0,0.0,0.0,0.0,1,5714.0,5718.0,100,5686.0,5718.0,5718.0,5718.0,2.0,11436.0,30868
2023-05-10 21:02:24,TA2305,TA2305,5718.0,0.0,0.0,0.0,1,5714.0,5720.0,100,5686.0,5718.0,5718.0,5718.0,2.0,11436.0,30868
2023-05-10 21:02:28,TA2305,TA2305,5718.0,0.0,0.0,0.0,1,5714.0,5718.0,11,5686.0,5718.0,5718.0,5718.0,2.0,11436.0,30868
2023-05-10 21:02:28,TA2305,TA2305,5718.0,0.0,0.0,0.0,1,5714.0,5718.0,3,5686.0,5718.0,5718.0,5718.0,2.0,11436.0,30868
2023-05-10 21:02:29,TA2305,TA2305,5718.0,0.0,0.0,0.0,1,5714.0,5718.0,39,5686.0,5718.0,5718.0,5718.0,2.0,11436.0,30868
2023-05-10 21:02:29,TA2305,TA2305,5718.0,0.0,0.0,0.0,1,5714.0,5718.0,100,5686.0,5718.0,5718.0,5718.0,2.0,11436.0,30868
2023-05-10 21:02:35,TA2305,TA2305,5718.0,0.0,0.0,0.0,1,5714.0,5716.0,3,5686.0,5718.0,5718.0,5718.0,2.0,11436.0,30868
2023-05-10 21:02:35,TA2305,TA2305,5718.0,0.0,0.0,0.0,1,5714.0,5716.0,100,5686.0,5718.0,5718.0,5718.0,2.0,11436.0,30868
2023-05-10 21:02:35,TA2305,TA2305,5718.0,0.0,0.0,0.0,1,5714.0,5718.0,100,5686.0,5718.0,5718.0,5718.0,2.0,11436.0,30868
2023-05-10 21:02:36,TA2305,TA2305,5718.0,0.0,0.0,0.0,1,5714.0,5716.0,100,5686.0,5718.0,5718.0,5718.0,2.0,11436.0,30868
2023-05-10 21:02:38,TA2305,TA2305,5718.0,0.0,0.0,0.0,1,5714.0,5718.0,100,5686.0,5718.0,5718.0,5718.0,2.0,11436.0,30868
2023-05-10 21:02:42,TA2305,TA2305,5718.0,0.0,0.0,0.0,1,5714.0,5716.0,70,5686.0,5718.0,5718.0,5718.0,2.0,11436.0,30868
2023-05-10 21:02:42,TA2305,TA2305,5718.0,0.0,0.0,0.0,1,5714.0,5716.0,100,5686.0,5718.0,5718.0,5718.0,2.0,11436.0,30868
2023-05-10 21:02:44,TA2305,TA2305,5714.0,1.0,5718.0,-1.0,26,5700.0,5716.0,99,5686.0,5718.0,5718.0,5714.0,3.0,17154.0,30867
2023-05-10 21:02:45,TA2305,TA2305,5714.0,0.0,0.0,0.0,15,5700.0,5716.0,99,5686.0,5718.0,5718.0,5714.0,3.0,17154.0,30867
2023-05-10 21:02:45,TA2305,TA2305,5714.0,0.0,0.0,0.0,3,5698.0,5716.0,99,5686.0,5718.0,5718.0,5714.0,3.0,17154.0,30867
2023-05-10 21:02:54,TA2305,TA2305,5714.0,0.0,0.0,0.0,7,5696.0,5714.0,99,5686.0,5718.0,5718.0,5714.0,3.0,17154.0,30867
2023-05-10 21:02:55,TA2305,TA2305,5714.0,0.0,0.0,0.0,4,5696.0,5730.0,124,5686.0,5718.0,5718.0,5714.0,3.0,17154.0,30867
2023-05-10 21:02:55,TA2305,TA2305,5714.0,0.0,0.0,0.0,3,5698.0,5730.0,124,5686.0,5718.0,5718.0,5714.0,3.0,17154.0,30867
2023-05-10 21:02:58,TA2305,TA2305,5714.0,0.0,0.0,0.0,8,5698.0,5730.0,124,5686.0,5718.0,5718.0,5714.0,3.0,17154.0,30867
2023-05-10 21:02:59,TA2305,TA2305,5714.0,0.0,0.0,0.0,5,5698.0,5730.0,124,5686.0,5718.0,5718.0,5714.0,3.0,17154.0,30867
2023-05-10 21:03:00,TA2305,TA2305,5714.0,0.0,0.0,0.0,8,5696.0,5730.0,124,5686.0,5718.0,5718.0,5714.0,3.0,17154.0,30867
2023-05-10 21:03:01,TA2305,TA2305,5714.0,0.0,0.0,0.0,5,5698.0,5730.0,124,5686.0,5718.0,5718.0,5714.0,3.0,17154.0,30867
2023-05-10 21:03:02,TA2305,TA2305,5714.0,0.0,0.0,0.0,5,5696.0,5730.0,124,5686.0,5718.0,5718.0,5714.0,3.0,17154.0,30867
2023-05-10 21:03:02,TA2305,TA2305,5714.0,0.0,0.0,0.0,8,5696.0,5730.0,124,5686.0,5718.0,5718.0,5714.0,3.0,17154.0,30867
2023-05-10 21:03:02,TA2305,TA2305,5714.0,0.0,0.0,0.0,5,5696.0,5730.0,124,5686.0,5718.0,5718.0,5714.0,3.0,17154.0,30867
2023-05-10 21:03:03,TA2305,TA2305,5714.0,0.0,0.0,0.0,4,5696.0,5730.0,124,5686.0,5718.0,5718.0,5714.0,3.0,17154.0,30867
2023-05-10 21:03:04,TA2305,TA2305,5714.0,0.0,0.0,0.0,2,5692.0,5730.0,124,5686.0,5718.0,5718.0,5714.0,3.0,17154.0,30867
2023-05-10 21:03:04,TA2305,TA2305,5714.0,0.0,0.0,0.0,6,5694.0,5730.0,124,5686.0,5718.0,5718.0,5714.0,3.0,17154.0,30867
2023-05-10 21:03:05,TA2305,TA2305,5714.0,0.0,0.0,0.0,1,5694.0,5730.0,124,5686.0,5718.0,5718.0,5714.0,3.0,17154.0,30867
2023-05-10 21:03:05,TA2305,TA2305,5714.0,0.0,0.0,0.0,7,5694.0,5730.0,124,5686.0,5718.0,5718.0,5714.0,3.0,17154.0,30867
2023-05-10 21:03:06,TA2305,TA2305,5714.0,0.0,0.0,0.0,11,5694.0,5730.0,124,5686.0,5718.0,5718.0,5714.0,3.0,17154.0,30867
2023-05-10 21:03:07,TA2305,TA2305,5714.0,0.0,0.0,0.0,3,5696.0,5730.0,124,5686.0,5718.0,5718.0,5714.0,3.0,17154.0,30867
2023-05-10 21:03:14,TA2305,TA2305,5714.0,0.0,0.0,0.0,4,5696.0,5730.0,124,5686.0,5718.0,5718.0,5714.0,3.0,17154.0,30867
2023-05-10 21:03:15,TA2305,TA2305,5714.0,0.0,0.0,0.0,5,5698.0,5730.0,124,5686.0,5718.0,5718.0,5714.0,3.0,17154.0,30867
2023-05-10 21:03:15,TA2305,TA2305,5714.0,0.0,0.0,0.0,1,5696.0,5730.0,124,5686.0,5718.0,5718.0,5714.0,3.0,17154.0,30867
2023-05-10 21:03:16,TA2305,TA2305,5714.0,0.0,0.0,0.0,4,5696.0,5730.0,124,5686.0,5718.0,5718.0,5714.0,3.0,17154.0,30867
2023-05-10 21:03:17,TA2305,TA2305,5714.0,0.0,0.0,0.0,1,5696.0,5730.0,124,5686.0,5718.0,5718.0,5714.0,3.0,17154.0,30867
2023-05-10 21:03:17,TA2305,TA2305,5714.0,0.0,0.0,0.0,4,5696.0,5730.0,124,5686.0,5718.0,5718.0,5714.0,3.0,17154.0,30867
2023-05-10 21:03:22,TA2305,TA2305,5714.0,0.0,0.0,0.0,3,5698.0,5730.0,124,5686.0,5718.0,5718.0,5714.0,3.0,17154.0,30867
2023-05-10 21:03:22,TA2305,TA2305,5714.0,0.0,0.0,0.0,4,5696.0,5730.0,124,5686.0,5718.0,5718.0,5714.0,3.0,17154.0,30867
2023-05-10 21:03:23,TA2305,TA2305,5714.0,0.0,0.0,0.0,1,5696.0,5730.0,124,5686.0,5718.0,5718.0,5714.0,3.0,17154.0,30867
2023-05-10 21:03:23,TA2305,TA2305,5714.0,0.0,0.0,0.0,2,5698.0,5716.0,50,5686.0,5718.0,5718.0,5714.0,3.0,17154.0,30867
2023-05-10 21:03:24,TA2305,TA2305,5714.0,0.0,0.0,0.0,1,5696.0,5716.0,50,5686.0,5718.0,5718.0,5714.0,3.0,17154.0,30867
2023-05-10 21:03:29,TA2305,TA2305,5714.0,0.0,0.0,0.0,4,5696.0,5714.0,50,5686.0,5718.0,5718.0,5714.0,3.0,17154.0,30867
2023-05-10 21:03:33,TA2305,TA2305,5714.0,0.0,0.0,0.0,12,5694.0,5714.0,50,5686.0,5718.0,5718.0,5714.0,3.0,17154.0,30867
2023-05-10 21:03:33,TA2305,TA2305,5714.0,0.0,0.0,0.0,3,5696.0,5714.0,50,5686.0,5718.0,5718.0,5714.0,3.0,17154.0,30867
2023-05-10 21:03:35,TA2305,TA2305,5714.0,0.0,0.0,0.0,3,5698.0,5714.0,50,5686.0,5718.0,5718.0,5714.0,3.0,17154.0,30867
2023-05-10 21:03:35,TA2305,TA2305,5714.0,0.0,0.0,0.0,15,5694.0,5716.0,50,5686.0,5718.0,5718.0,5714.0,3.0,17154.0,30867
2023-05-10 21:03:36,TA2305,TA2305,5714.0,0.0,0.0,0.0,2,5698.0,5716.0,50,5686.0,5718.0,5718.0,5714.0,3.0,17154.0,30867
2023-05-10 21:03:37,TA2305,TA2305,5714.0,0.0,0.0,0.0,15,5694.0,5716.0,50,5686.0,5718.0,5718.0,5714.0,3.0,17154.0,30867
2023-05-10 21:03:38,TA2305,TA2305,5714.0,0.0,0.0,0.0,3,5696.0,5716.0,50,5686.0,5718.0,5718.0,5714.0,3.0,17154.0,30867
2023-05-10 21:03:39,TA2305,TA2305,5714.0,0.0,0.0,0.0,3,5698.0,5716.0,50,5686.0,5718.0,5718.0,5714.0,3.0,17154.0,30867
2023-05-10 21:03:40,TA2305,TA2305,5714.0,0.0,0.0,0.0,3,5696.0,5716.0,50,5686.0,5718.0,5718.0,5714.0,3.0,17154.0,30867
2023-05-10 21:03:43,TA2305,TA2305,5714.0,0.0,0.0,0.0,15,5694.0,5714.0,50,5686.0,5718.0,5718.0,5714.0,3.0,17154.0,30867
2023-05-10 21:03:49,TA2305,TA2305,5714.0,0.0,0.0,0.0,16,5694.0,5714.0,50,5686.0,5718.0,5718.0,5714.0,3.0,17154.0,30867
2023-05-10 21:03:50,TA2305,TA2305,5714.0,0.0,0.0,0.0,3,5696.0,5714.0,10,5686.0,5718.0,5718.0,5714.0,3.0,17154.0,30867
2023-05-10 21:03:50,TA2305,TA2305,5714.0,0.0,0.0,0.0,16,5694.0,5714.0,50,5686.0,5718.0,5718.0,5714.0,3.0,17154.0,30867
2023-05-10 21:03:58,TA2305,TA2305,5714.0,0.0,0.0,0.0,11,5694.0,5712.0,50,5686.0,5718.0,5718.0,5714.0,3.0,17154.0,30867
2023-05-10 21:03:58,TA2305,TA2305,5714.0,0.0,0.0,0.0,11,5694.0,5714.0,50,5686.0,5718.0,5718.0,5714.0,3.0,17154.0,30867
2023-05-10 21:03:59,TA2305,TA2305,5714.0,0.0,0.0,0.0,11,5694.0,5712.0,50,5686.0,5718.0,5718.0,5714.0,3.0,17154.0,30867
2023-05-10 21:03:59,TA2305,TA2305,5714.0,0.0,0.0,0.0,5,5692.0,5712.0,50,5686.0,5718.0,5718.0,5714.0,3.0,17154.0,30867
2023-05-10 21:04:00,TA2305,TA2305,5714.0,0.0,0.0,0.0,6,5694.0,5712.0,50,5686.0,5718.0,5718.0,5714.0,3.0,17154.0,30867
2023-05-10 21:04:00,TA2305,TA2305,5714.0,0.0,0.0,0.0,12,5694.0,5712.0,50,5686.0,5718.0,5718.0,5714.0,3.0,17154.0,30867
2023-05-10 21:04:01,TA2305,TA2305,5714.0,0.0,0.0,0.0,15,5694.0,5714.0,50,5686.0,5718.0,5718.0,5714.0,3.0,17154.0,30867
2023-05-10 21:04:01,TA2305,TA2305,5714.0,0.0,0.0,0.0,16,5694.0,5714.0,50,5686.0,5718.0,5718.0,5714.0,3.0,17154.0,30867
2023-05-10 21:04:02,TA2305,TA2305,5714.0,0.0,0.0,0.0,13,5694.0,5712.0,50,5686.0,5718.0,5718.0,5714.0,3.0,17154.0,30867
2023-05-10 21:04:02,TA2305,TA2305,5714.0,0.0,0.0,0.0,15,5694.0,5712.0,50,5686.0,5718.0,5718.0,5714.0,3.0,17154.0,30867
2023-05-10 21:04:04,TA2305,TA2305,5714.0,0.0,0.0,0.0,17,5694.0,5712.0,50,5686.0,5718.0,5718.0,5714.0,3.0,17154.0,30867
2023-05-10 21:04:05,TA2305,TA2305,5714.0,0.0,0.0,0.0,5,5694.0,5712.0,50,5686.0,5718.0,5718.0,5714.0,3.0,17154.0,30867
2023-05-10 21:04:06,TA2305,TA2305,5714.0,0.0,0.0,0.0,5,5694.0,5714.0,50,5686.0,5718.0,5718.0,5714.0,3.0,17154.0,30867
2023-05-10 21:04:07,TA2305,TA2305,5714.0,0.0,0.0,0.0,6,5694.0,5714.0,50,5686.0,5718.0,5718.0,5714.0,3.0,17154.0,30867
2023-05-10 21:04:13,TA2305,TA2305,5714.0,0.0,0.0,0.0,2,5692.0,5714.0,50,5686.0,5718.0,5718.0,5714.0,3.0,17154.0,30867
2023-05-10 21:04:21,TA2305,TA2305,5714.0,0.0,0.0,0.0,5,5690.0,5712.0,50,5686.0,5718.0,5718.0,5714.0,3.0,17154.0,30867
2023-05-10 21:04:22,TA2305,TA2305,5714.0,0.0,0.0,0.0,4,5690.0,5712.0,50,5686.0,5718.0,5718.0,5714.0,3.0,17154.0,30867
2023-05-10 21:04:23,TA2305,TA2305,5714.0,0.0,0.0,0.0,5,5690.0,5712.0,50,5686.0,5718.0,5718.0,5714.0,3.0,17154.0,30867
2023-05-10 21:04:25,TA2305,TA2305,5714.0,0.0,0.0,0.0,4,5688.0,5710.0,30,5686.0,5718.0,5718.0,5714.0,3.0,17154.0,30867
2023-05-10 21:04:25,TA2305,TA2305,5714.0,0.0,0.0,0.0,4,5688.0,5712.0,50,5686.0,5718.0,5718.0,5714.0,3.0,17154.0,30867
2023-05-10 21:04:25,TA2305,TA2305,5714.0,0.0,0.0,0.0,1,5690.0,5712.0,50,5686.0,5718.0,5718.0,5714.0,3.0,17154.0,30867
2023-05-10 21:04:26,TA2305,TA2305,5714.0,0.0,0.0,0.0,1,5690.0,5714.0,50,5686.0,5718.0,5718.0,5714.0,3.0,17154.0,30867
2023-05-10 21:04:27,TA2305,TA2305,5714.0,0.0,0.0,0.0,13,5692.0,5712.0,50,5686.0,5718.0,5718.0,5714.0,3.0,17154.0,30867
2023-05-10 21:04:27,TA2305,TA2305,5714.0,0.0,0.0,0.0,1,5690.0,5712.0,50,5686.0,5718.0,5718.0,5714.0,3.0,17154.0,30867
2023-05-10 21:04:28,TA2305,TA2305,5714.0,0.0,0.0,0.0,2,5690.0,5712.0,46,5686.0,5718.0,5718.0,5714.0,3.0,17154.0,30867
2023-05-10 21:04:28,TA2305,TA2305,5714.0,0.0,0.0,0.0,2,5690.0,5712.0,39,5686.0,5718.0,5718.0,5714.0,3.0,17154.0,30867
2023-05-10 21:04:28,TA2305,TA2305,5714.0,0.0,0.0,0.0,1,5690.0,5712.0,50,5686.0,5718.0,5718.0,5714.0,3.0,17154.0,30867
2023-05-10 21:04:29,TA2305,TA2305,5714.0,0.0,0.0,0.0,4,5688.0,5712.0,50,5686.0,5718.0,5718.0,5714.0,3.0,17154.0,30867
2023-05-10 21:04:31,TA2305,TA2305,5714.0,0.0,0.0,0.0,4,5688.0,5712.0,26,5686.0,5718.0,5718.0,5714.0,3.0,17154.0,30867
2023-05-10 21:04:31,TA2305,TA2305,5714.0,0.0,0.0,0.0,4,5688.0,5712.0,7,5686.0,5718.0,5718.0,5714.0,3.0,17154.0,30867
2023-05-10 21:04:31,TA2305,TA2305,5714.0,0.0,0.0,0.0,4,5688.0,5712.0,50,5686.0,5718.0,5718.0,5714.0,3.0,17154.0,30867
2023-05-10 21:04:33,TA2305,TA2305,5714.0,0.0,0.0,0.0,4,5688.0,5710.0,50,5686.0,5718.0,5718.0,5714.0,3.0,17154.0,30867
2023-05-10 21:04:33,TA2305,TA2305,5714.0,0.0,0.0,0.0,6,5690.0,5712.0,50,5686.0,5718.0,5718.0,5714.0,3.0,17154.0,30867
2023-05-10 21:04:34,TA2305,TA2305,5714.0,0.0,0.0,0.0,9,5690.0,5712.0,50,5686.0,5718.0,5718.0,5714.0,3.0,17154.0,30867
2023-05-10 21:04:36,TA2305,TA2305,5714.0,0.0,0.0,0.0,9,5690.0,5714.0,50,5686.0,5718.0,5718.0,5714.0,3.0,17154.0,30867
2023-05-10 21:04:36,TA2305,TA2305,5714.0,0.0,0.0,0.0,6,5690.0,5714.0,50,5686.0,5718.0,5718.0,5714.0,3.0,17154.0,30867
2023-05-10 21:04:36,TA2305,TA2305,5714.0,0.0,0.0,0.0,6,5690.0,5712.0,50,5686.0,5718.0,5718.0,5714.0,3.0,17154.0,30867
2023-05-10 21:04:37,TA2305,TA2305,5714.0,0.0,0.0,0.0,9,5690.0,5712.0,16,5686.0,5718.0,5718.0,5714.0,3.0,17154.0,30867
2023-05-10 21:04:38,TA2305,TA2305,5714.0,0.0,0.0,0.0,6,5690.0,5712.0,50,5686.0,5718.0,5718.0,5714.0,3.0,17154.0,30867
2023-05-10 21:04:40,TA2305,TA2305,5714.0,0.0,0.0,0.0,6,5690.0,5714.0,50,5686.0,5718.0,5718.0,5714.0,3.0,17154.0,30867
2023-05-10 21:04:40,TA2305,TA2305,5714.0,0.0,0.0,0.0,6,5690.0,5712.0,50,5686.0,5718.0,5718.0,5714.0,3.0,17154.0,30867
2023-05-10 21:04:40,TA2305,TA2305,5714.0,0.0,0.0,0.0,4,5688.0,5712.0,50,5686.0,5718.0,5718.0,5714.0,3.0,17154.0,30867
2023-05-10 21:04:43,TA2305,TA2305,5714.0,0.0,0.0,0.0,7,5688.0,5712.0,50,5686.0,5718.0,5718.0,5714.0,3.0,17154.0,30867
2023-05-10 21:04:44,TA2305,TA2305,5714.0,0.0,0.0,0.0,14,5688.0,5712.0,50,5686.0,5718.0,5718.0,5714.0,3.0,17154.0,30867
2023-05-10 21:04:45,TA2305,TA2305,5714.0,0.0,0.0,0.0,11,5688.0,5712.0,50,5686.0,5718.0,5718.0,5714.0,3.0,17154.0,30867
2023-05-10 21:04:45,TA2305,TA2305,5714.0,0.0,0.0,0.0,7,5688.0,5712.0,50,5686.0,5718.0,5718.0,5714.0,3.0,17154.0,30867
2023-05-10 21:04:48,TA2305,TA2305,5714.0,0.0,0.0,0.0,5,5686.0,5712.0,50,5686.0,5718.0,5718.0,5714.0,3.0,17154.0,30867
2023-05-10 21:04:49,TA2305,TA2305,5714.0,0.0,0.0,0.0,2,5686.0,5712.0,50,5686.0,5718.0,5718.0,5714.0,3.0,17154.0,30867
2023-05-10 21:04:50,TA2305,TA2305,5714.0,0.0,0.0,0.0,5,5686.0,5712.0,50,5686.0,5718.0,5718.0,5714.0,3.0,17154.0,30867
2023-05-10 21:04:52,TA2305,TA2305,5714.0,0.0,0.0,0.0,2,5686.0,5712.0,50,5686.0,5718.0,5718.0,5714.0,3.0,17154.0,30867
2023-05-10 21:04:53,TA2305,TA2305,5714.0,0.0,0.0,0.0,5,5686.0,5712.0,50,5686.0,5718.0,5718.0,5714.0,3.0,17154.0,30867
2023-05-10 21:04:54,TA2305,TA2305,5714.0,0.0,0.0,0.0,6,5686.0,5712.0,50,5686.0,5718.0,5718.0,5714.0,3.0,17154.0,30867
2023-05-10 21:04:55,TA2305,TA2305,5714.0,0.0,0.0,0.0,3,5686.0,5712.0,50,5686.0,5718.0,5718.0,5714.0,3.0,17154.0,30867
2023-05-10 21:04:57,TA2305,TA2305,5714.0,0.0,0.0,0.0,4,5686.0,5714.0,50,5686.0,5718.0,5718.0,5714.0,3.0,17154.0,30867
2023-05-10 21:04:58,TA2305,TA2305,5714.0,0.0,0.0,0.0,7,5686.0,5712.0,48,5686.0,5718.0,5718.0,5714.0,3.0,17154.0,30867
2023-05-10 21:04:58,TA2305,TA2305,5714.0,0.0,0.0,0.0,4,5686.0,5712.0,50,5686.0,5718.0,5718.0,5714.0,3.0,17154.0,30867
2023-05-10 21:04:59,TA2305,TA2305,5714.0,0.0,0.0,0.0,7,5686.0,5714.0,50,5686.0,5718.0,5718.0,5714.0,3.0,17154.0,30867
2023-05-10 21:05:02,TA2305,TA2305,5714.0,0.0,0.0,0.0,2,5688.0,5714.0,50,5686.0,5718.0,5718.0,5714.0,3.0,17154.0,30867
2023-05-10 21:05:03,TA2305,TA2305,5714.0,0.0,0.0,0.0,22,5688.0,5714.0,50,5686.0,5718.0,5718.0,5714.0,3.0,17154.0,30867
2023-05-10 21:05:03,TA2305,TA2305,5714.0,0.0,0.0,0.0,5,5690.0,5716.0,50,5686.0,5718.0,5718.0,5714.0,3.0,17154.0,30867
2023-05-10 21:05:04,TA2305,TA2305,5714.0,0.0,0.0,0.0,4,5690.0,5716.0,50,5686.0,5718.0,5718.0,5714.0,3.0,17154.0,30867
2023-05-10 21:05:04,TA2305,TA2305,5714.0,0.0,0.0,0.0,6,5690.0,5716.0,50,5686.0,5718.0,5718.0,5714.0,3.0,17154.0,30867
2023-05-10 21:05:05,TA2305,TA2305,5714.0,0.0,0.0,0.0,26,5690.0,5716.0,50,5686.0,5718.0,5718.0,5714.0,3.0,17154.0,30867
2023-05-10 21:05:06,TA2305,TA2305,5714.0,0.0,0.0,0.0,25,5690.0,5716.0,50,5686.0,5718.0,5718.0,5714.0,3.0,17154.0,30867
2023-05-10 21:05:08,TA2305,TA2305,5714.0,0.0,0.0,0.0,17,5692.0,5716.0,50,5686.0,5718.0,5718.0,5714.0,3.0,17154.0,30867
2023-05-10 21:05:09,TA2305,TA2305,5714.0,0.0,0.0,0.0,7,5692.0,5716.0,50,5686.0,5718.0,5718.0,5714.0,3.0,17154.0,30867
2023-05-10 21:05:09,TA2305,TA2305,5714.0,0.0,0.0,0.0,1,5692.0,5716.0,50,5686.0,5718.0,5718.0,5714.0,3.0,17154.0,30867
2023-05-10 21:05:09,TA2305,TA2305,5714.0,0.0,0.0,0.0,26,5690.0,5716.0,50,5686.0,5718.0,5718.0,5714.0,3.0,17154.0,30867
2023-05-10 21:05:10,TA2305,TA2305,5714.0,0.0,0.0,0.0,20,5692.0,5716.0,50,5686.0,5718.0,5718.0,5714.0,3.0,17154.0,30867
2023-05-10 21:05:11,TA2305,TA2305,5714.0,0.0,0.0,0.0,40,5692.0,5716.0,50,5686.0,5718.0,5718.0,5714.0,3.0,17154.0,30867
2023-05-10 21:05:12,TA2305,TA2305,5714.0,0.0,0.0,0.0,20,5688.0,5714.0,50,5686.0,5718.0,5718.0,5714.0,3.0,17154.0,30867
2023-05-10 21:05:12,TA2305,TA2305,5714.0,0.0,0.0,0.0,23,5688.0,5714.0,50,5686.0,5718.0,5718.0,5714.0,3.0,17154.0,30867
2023-05-10 21:05:13,TA2305,TA2305,5714.0,0.0,0.0,0.0,15,5688.0,5712.0,50,5686.0,5718.0,5718.0,5714.0,3.0,17154.0,30867
2023-05-10 21:05:14,TA2305,TA2305,5714.0,0.0,0.0,0.0,12,5688.0,5712.0,50,5686.0,5718.0,5718.0,5714.0,3.0,17154.0,30867
2023-05-10 21:05:14,TA2305,TA2305,5714.0,0.0,0.0,0.0,12,5688.0,5714.0,50,5686.0,5718.0,5718.0,5714.0,3.0,17154.0,30867
2023-05-10 21:05:15,TA2305,TA2305,5714.0,0.0,0.0,0.0,15,5688.0,5714.0,50,5686.0,5718.0,5718.0,5714.0,3.0,17154.0,30867
2023-05-10 21:05:15,TA2305,TA2305,5714.0,0.0,0.0,0.0,32,5688.0,5714.0,50,5686.0,5718.0,5718.0,5714.0,3.0,17154.0,30867
2023-05-10 21:05:16,TA2305,TA2305,5714.0,0.0,0.0,0.0,30,5688.0,5714.0,50,5686.0,5718.0,5718.0,5714.0,3.0,17154.0,30867
2023-05-10 21:05:16,TA2305,TA2305,5714.0,0.0,0.0,0.0,33,5688.0,5714.0,50,5686.0,5718.0,5718.0,5714.0,3.0,17154.0,30867
2023-05-10 21:05:20,TA2305,TA2305,5714.0,0.0,0.0,0.0,50,5688.0,5714.0,50,5686.0,5718.0,5718.0,5714.0,3.0,17154.0,30867
2023-05-10 21:05:20,TA2305,TA2305,5714.0,0.0,0.0,0.0,1,5690.0,5714.0,50,5686.0,5718.0,5718.0,5714.0,3.0,17154.0,30867
2023-05-10 21:05:21,TA2305,TA2305,5714.0,0.0,0.0,0.0,50,5688.0,5714.0,50,5686.0,5718.0,5718.0,5714.0,3.0,17154.0,30867
2023-05-10 21:05:22,TA2305,TA2305,5714.0,0.0,0.0,0.0,53,5688.0,5712.0,50,5686.0,5718.0,5718.0,5714.0,3.0,17154.0,30867
2023-05-10 21:05:22,TA2305,TA2305,5714.0,0.0,0.0,0.0,50,5688.0,5712.0,50,5686.0,5718.0,5718.0,5714.0,3.0,17154.0,30867
2023-05-10 21:05:24,TA2305,TA2305,5714.0,0.0,0.0,0.0,50,5688.0,5714.0,50,5686.0,5718.0,5718.0,5714.0,3.0,17154.0,30867
2023-05-10 21:05:25,TA2305,TA2305,5714.0,0.0,0.0,0.0,50,5688.0,5712.0,50,5686.0,5718.0,5718.0,5714.0,3.0,17154.0,30867
2023-05-10 21:05:25,TA2305,TA2305,5714.0,0.0,0.0,0.0,5,5690.0,5712.0,50,5686.0,5718.0,5718.0,5714.0,3.0,17154.0,30867
2023-05-10 21:05:26,TA2305,TA2305,5714.0,0.0,0.0,0.0,53,5688.0,5712.0,50,5686.0,5718.0,5718.0,5714.0,3.0,17154.0,30867
2023-05-10 21:05:26,TA2305,TA2305,5714.0,0.0,0.0,0.0,20,5690.0,5712.0,50,5686.0,5718.0,5718.0,5714.0,3.0,17154.0,30867
2023-05-10 21:05:27,TA2305,TA2305,5714.0,0.0,0.0,0.0,19,5690.0,5712.0,50,5686.0,5718.0,5718.0,5714.0,3.0,17154.0,30867
2023-05-10 21:05:28,TA2305,TA2305,5714.0,0.0,0.0,0.0,12,5690.0,5712.0,50,5686.0,5718.0,5718.0,5714.0,3.0,17154.0,30867
2023-05-10 21:05:30,TA2305,TA2305,5714.0,0.0,0.0,0.0,50,5688.0,5712.0,50,5686.0,5718.0,5718.0,5714.0,3.0,17154.0,30867
2023-05-10 21:05:30,TA2305,TA2305,5714.0,0.0,0.0,0.0,53,5688.0,5712.0,50,5686.0,5718.0,5718.0,5714.0,3.0,17154.0,30867
2023-05-10 21:05:32,TA2305,TA2305,5714.0,0.0,0.0,0.0,11,5690.0,5712.0,50,5686.0,5718.0,5718.0,5714.0,3.0,17154.0,30867
2023-05-10 21:05:33,TA2305,TA2305,5714.0,0.0,0.0,0.0,11,5690.0,5712.0,40,5686.0,5718.0,5718.0,5714.0,3.0,17154.0,30867
2023-05-10 21:05:34,TA2305,TA2305,5714.0,0.0,0.0,0.0,11,5690.0,5712.0,50,5686.0,5718.0,5718.0,5714.0,3.0,17154.0,30867
2023-05-10 21:05:34,TA2305,TA2305,5714.0,0.0,0.0,0.0,70,5688.0,5712.0,50,5686.0,5718.0,5718.0,5714.0,3.0,17154.0,30867
2023-05-10 21:05:34,TA2305,TA2305,5714.0,0.0,0.0,0.0,73,5688.0,5712.0,50,5686.0,5718.0,5718.0,5714.0,3.0,17154.0,30867
2023-05-10 21:05:41,TA2305,TA2305,5714.0,0.0,0.0,0.0,74,5688.0,5712.0,50,5686.0,5718.0,5718.0,5714.0,3.0,17154.0,30867
2023-05-10 21:05:44,TA2305,TA2305,5714.0,0.0,0.0,0.0,71,5688.0,5712.0,50,5686.0,5718.0,5718.0,5714.0,3.0,17154.0,30867
2023-05-10 21:05:44,TA2305,TA2305,5714.0,0.0,0.0,0.0,74,5688.0,5712.0,50,5686.0,5718.0,5718.0,5714.0,3.0,17154.0,30867
2023-05-10 21:05:45,TA2305,TA2305,5714.0,0.0,0.0,0.0,77,5688.0,5712.0,50,5686.0,5718.0,5718.0,5714.0,3.0,17154.0,30867
2023-05-10 21:05:47,TA2305,TA2305,5714.0,0.0,0.0,0.0,77,5688.0,5710.0,150,5686.0,5718.0,5718.0,5714.0,3.0,17154.0,30867
2023-05-10 21:05:52,TA2305,TA2305,5714.0,0.0,0.0,0.0,74,5688.0,5710.0,150,5686.0,5718.0,5718.0,5714.0,3.0,17154.0,30867
2023-05-10 21:05:52,TA2305,TA2305,5714.0,0.0,0.0,0.0,77,5688.0,5710.0,150,5686.0,5718.0,5718.0,5714.0,3.0,17154.0,30867
2023-05-10 21:05:53,TA2305,TA2305,5714.0,0.0,0.0,0.0,3,5690.0,5710.0,150,5686.0,5718.0,5718.0,5714.0,3.0,17154.0,30867
2023-05-10 21:05:55,TA2305,TA2305,5714.0,0.0,0.0,0.0,77,5688.0,5710.0,150,5686.0,5718.0,5718.0,5714.0,3.0,17154.0,30867
2023-05-10 21:05:56,TA2305,TA2305,5714.0,0.0,0.0,0.0,3,5692.0,5710.0,150,5686.0,5718.0,5718.0,5714.0,3.0,17154.0,30867
2023-05-10 21:05:56,TA2305,TA2305,5714.0,0.0,0.0,0.0,4,5692.0,5710.0,150,5686.0,5718.0,5718.0,5714.0,3.0,17154.0,30867
2023-05-10 21:06:01,TA2305,TA2305,5714.0,0.0,0.0,0.0,3,5692.0,5710.0,150,5686.0,5718.0,5718.0,5714.0,3.0,17154.0,30867
2023-05-10 21:06:03,TA2305,TA2305,5714.0,0.0,0.0,0.0,2,5694.0,5710.0,150,5686.0,5718.0,5718.0,5714.0,3.0,17154.0,30867
2023-05-10 21:06:05,TA2305,TA2305,5714.0,0.0,0.0,0.0,3,5692.0,5710.0,150,5686.0,5718.0,5718.0,5714.0,3.0,17154.0,30867
2023-05-10 21:06:06,TA2305,TA2305,5714.0,0.0,0.0,0.0,3,5694.0,5710.0,150,5686.0,5718.0,5718.0,5714.0,3.0,17154.0,30867
2023-05-10 21:06:06,TA2305,TA2305,5714.0,0.0,0.0,0.0,6,5694.0,5710.0,150,5686.0,5718.0,5718.0,5714.0,3.0,17154.0,30867
2023-05-10 21:06:07,TA2305,TA2305,5714.0,0.0,0.0,0.0,1,5692.0,5710.0,150,5686.0,5718.0,5718.0,5714.0,3.0,17154.0,30867
2023-05-10 21:06:08,TA2305,TA2305,5714.0,0.0,0.0,0.0,4,5692.0,5710.0,150,5686.0,5718.0,5718.0,5714.0,3.0,17154.0,30867
2023-05-10 21:06:08,TA2305,TA2305,5714.0,0.0,0.0,0.0,1,5692.0,5710.0,150,5686.0,5718.0,5718.0,5714.0,3.0,17154.0,30867
2023-05-10 21:06:09,TA2305,TA2305,5714.0,0.0,0.0,0.0,3,5694.0,5710.0,150,5686.0,5718.0,5718.0,5714.0,3.0,17154.0,30867
2023-05-10 21:06:15,TA2305,TA2305,5714.0,0.0,0.0,0.0,3,5694.0,5712.0,150,5686.0,5718.0,5718.0,5714.0,3.0,17154.0,30867
2023-05-10 21:06:16,TA2305,TA2305,5714.0,0.0,0.0,0.0,4,5692.0,5712.0,150,5686.0,5718.0,5718.0,5714.0,3.0,17154.0,30867
2023-05-10 21:06:18,TA2305,TA2305,5714.0,0.0,0.0,0.0,2,5694.0,5712.0,150,5686.0,5718.0,5718.0,5714.0,3.0,17154.0,30867
2023-05-10 21:06:19,TA2305,TA2305,5714.0,0.0,0.0,0.0,4,5692.0,5712.0,150,5686.0,5718.0,5718.0,5714.0,3.0,17154.0,30867
2023-05-10 21:06:20,TA2305,TA2305,5714.0,0.0,0.0,0.0,2,5694.0,5718.0,50,5686.0,5718.0,5718.0,5714.0,3.0,17154.0,30867
2023-05-10 21:06:20,TA2305,TA2305,5714.0,0.0,0.0,0.0,2,5694.0,5714.0,150,5686.0,5718.0,5718.0,5714.0,3.0,17154.0,30867
2023-05-10 21:06:21,TA2305,TA2305,5714.0,0.0,0.0,0.0,1,5692.0,5714.0,150,5686.0,5718.0,5718.0,5714.0,3.0,17154.0,30867
2023-05-10 21:06:21,TA2305,TA2305,5714.0,0.0,0.0,0.0,4,5692.0,5714.0,150,5686.0,5718.0,5718.0,5714.0,3.0,17154.0,30867
2023-05-10 21:06:26,TA2305,TA2305,5714.0,0.0,0.0,0.0,1,5692.0,5714.0,150,5686.0,5718.0,5718.0,5714.0,3.0,17154.0,30867
2023-05-10 21:06:28,TA2305,TA2305,5714.0,0.0,0.0,0.0,4,5692.0,5714.0,150,5686.0,5718.0,5718.0,5714.0,3.0,17154.0,30867
2023-05-10 21:06:31,TA2305,TA2305,5714.0,0.0,0.0,0.0,4,5692.0,5716.0,150,5686.0,5718.0,5718.0,5714.0,3.0,17154.0,30867
2023-05-10 21:06:38,TA2305,TA2305,5714.0,0.0,0.0,0.0,11,5694.0,5716.0,150,5686.0,5718.0,5718.0,5714.0,3.0,17154.0,30867
2023-05-10 21:06:44,TA2305,TA2305,5714.0,0.0,0.0,0.0,3,5694.0,5716.0,150,5686.0,5718.0,5718.0,5714.0,3.0,17154.0,30867
2023-05-10 21:06:45,TA2305,TA2305,5714.0,0.0,0.0,0.0,4,5692.0,5716.0,150,5686.0,5718.0,5718.0,5714.0,3.0,17154.0,30867
2023-05-10 21:06:45,TA2305,TA2305,5714.0,0.0,0.0,0.0,6,5694.0,5716.0,150,5686.0,5718.0,5718.0,5714.0,3.0,17154.0,30867
2023-05-10 21:06:46,TA2305,TA2305,5714.0,0.0,0.0,0.0,4,5692.0,5716.0,150,5686.0,5718.0,5718.0,5714.0,3.0,17154.0,30867
2023-05-10 21:06:47,TA2305,TA2305,5714.0,0.0,0.0,0.0,6,5694.0,5716.0,150,5686.0,5718.0,5718.0,5714.0,3.0,17154.0,30867
2023-05-10 21:06:47,TA2305,TA2305,5714.0,0.0,0.0,0.0,9,5694.0,5716.0,150,5686.0,5718.0,5718.0,5714.0,3.0,17154.0,30867
2023-05-10 21:06:48,TA2305,TA2305,5714.0,0.0,0.0,0.0,8,5694.0,5716.0,150,5686.0,5718.0,5718.0,5714.0,3.0,17154.0,30867
2023-05-10 21:06:48,TA2305,TA2305,5714.0,0.0,0.0,0.0,10,5694.0,5716.0,150,5686.0,5718.0,5718.0,5714.0,3.0,17154.0,30867
2023-05-10 21:06:57,TA2305,TA2305,5714.0,0.0,0.0,0.0,7,5694.0,5716.0,150,5686.0,5718.0,5718.0,5714.0,3.0,17154.0,30867
2023-05-10 21:06:58,TA2305,TA2305,5714.0,0.0,0.0,0.0,1,5692.0,5716.0,150,5686.0,5718.0,5718.0,5714.0,3.0,17154.0,30867
2023-05-10 21:06:58,TA2305,TA2305,5714.0,0.0,0.0,0.0,6,5694.0,5716.0,150,5686.0,5718.0,5718.0,5714.0,3.0,17154.0,30867
2023-05-10 21:07:00,TA2305,TA2305,5714.0,0.0,0.0,0.0,9,5694.0,5716.0,150,5686.0,5718.0,5718.0,5714.0,3.0,17154.0,30867
2023-05-10 21:07:00,TA2305,TA2305,5714.0,0.0,0.0,0.0,1,5692.0,5716.0,150,5686.0,5718.0,5718.0,5714.0,3.0,17154.0,30867
2023-05-10 21:07:01,TA2305,TA2305,5714.0,0.0,0.0,0.0,4,5692.0,5716.0,150,5686.0,5718.0,5718.0,5714.0,3.0,17154.0,30867
2023-05-10 21:07:05,TA2305,TA2305,5714.0,0.0,0.0,0.0,6,5694.0,5716.0,150,5686.0,5718.0,5718.0,5714.0,3.0,17154.0,30867
2023-05-10 21:07:08,TA2305,TA2305,5714.0,0.0,0.0,0.0,10,5694.0,5716.0,150,5686.0,5718.0,5718.0,5714.0,3.0,17154.0,30867
2023-05-10 21:07:08,TA2305,TA2305,5714.0,0.0,0.0,0.0,4,5694.0,5716.0,150,5686.0,5718.0,5718.0,5714.0,3.0,17154.0,30867
2023-05-10 21:07:09,TA2305,TA2305,5714.0,0.0,0.0,0.0,7,5694.0,5716.0,150,5686.0,5718.0,5718.0,5714.0,3.0,17154.0,30867
2023-05-10 21:07:09,TA2305,TA2305,5714.0,0.0,0.0,0.0,4,5692.0,5716.0,150,5686.0,5718.0,5718.0,5714.0,3.0,17154.0,30867
2023-05-10 21:07:10,TA2305,TA2305,5714.0,0.0,0.0,0.0,3,5694.0,5716.0,150,5686.0,5718.0,5718.0,5714.0,3.0,17154.0,30867
2023-05-10 21:07:11,TA2305,TA2305,5714.0,0.0,0.0,0.0,4,5694.0,5716.0,150,5686.0,5718.0,5718.0,5714.0,3.0,17154.0,30867
2023-05-10 21:07:12,TA2305,TA2305,5714.0,0.0,0.0,0.0,4,5692.0,5716.0,150,5686.0,5718.0,5718.0,5714.0,3.0,17154.0,30867
2023-05-10 21:07:15,TA2305,TA2305,5714.0,0.0,0.0,0.0,7,5694.0,5716.0,150,5686.0,5718.0,5718.0,5714.0,3.0,17154.0,30867
2023-05-10 21:07:15,TA2305,TA2305,5714.0,0.0,0.0,0.0,1,5694.0,5716.0,150,5686.0,5718.0,5718.0,5714.0,3.0,17154.0,30867
2023-05-10 21:07:16,TA2305,TA2305,5714.0,0.0,0.0,0.0,4,5692.0,5716.0,150,5686.0,5718.0,5718.0,5714.0,3.0,17154.0,30867
2023-05-10 21:07:16,TA2305,TA2305,5714.0,0.0,0.0,0.0,1,5692.0,5716.0,150,5686.0,5718.0,5718.0,5714.0,3.0,17154.0,30867
2023-05-10 21:07:17,TA2305,TA2305,5714.0,0.0,0.0,0.0,4,5692.0,5716.0,150,5686.0,5718.0,5718.0,5714.0,3.0,17154.0,30867
2023-05-10 21:07:18,TA2305,TA2305,5714.0,0.0,0.0,0.0,4,5690.0,5716.0,150,5686.0,5718.0,5718.0,5714.0,3.0,17154.0,30867
2023-05-10 21:07:18,TA2305,TA2305,5714.0,0.0,0.0,0.0,3,5692.0,5716.0,150,5686.0,5718.0,5718.0,5714.0,3.0,17154.0,30867
2023-05-10 21:07:21,TA2305,TA2305,5714.0,0.0,0.0,0.0,74,5688.0,5716.0,200,5686.0,5718.0,5718.0,5714.0,3.0,17154.0,30867
2023-05-10 21:07:22,TA2305,TA2305,5714.0,0.0,0.0,0.0,1,5692.0,5716.0,164,5686.0,5718.0,5718.0,5714.0,3.0,17154.0,30867
2023-05-10 21:07:22,TA2305,TA2305,5714.0,0.0,0.0,0.0,1,5692.0,5716.0,150,5686.0,5718.0,5718.0,5714.0,3.0,17154.0,30867
2023-05-10 21:07:23,TA2305,TA2305,5714.0,0.0,0.0,0.0,4,5690.0,5716.0,200,5686.0,5718.0,5718.0,5714.0,3.0,17154.0,30867
2023-05-10 21:07:23,TA2305,TA2305,5714.0,0.0,0.0,0.0,3,5690.0,5716.0,200,5686.0,5718.0,5718.0,5714.0,3.0,17154.0,30867
2023-05-10 21:07:24,TA2305,TA2305,5714.0,0.0,0.0,0.0,74,5688.0,5716.0,200,5686.0,5718.0,5718.0,5714.0,3.0,17154.0,30867
2023-05-10 21:07:25,TA2305,TA2305,5714.0,0.0,0.0,0.0,6,5690.0,5716.0,200,5686.0,5718.0,5718.0,5714.0,3.0,17154.0,30867
2023-05-10 21:07:26,TA2305,TA2305,5714.0,0.0,0.0,0.0,9,5690.0,5716.0,200,5686.0,5718.0,5718.0,5714.0,3.0,17154.0,30867
2023-05-10 21:07:30,TA2305,TA2305,5714.0,0.0,0.0,0.0,10,5690.0,5716.0,200,5686.0,5718.0,5718.0,5714.0,3.0,17154.0,30867
2023-05-10 21:07:35,TA2305,TA2305,5714.0,0.0,0.0,0.0,13,5690.0,5716.0,200,5686.0,5718.0,5718.0,5714.0,3.0,17154.0,30867
2023-05-10 21:07:36,TA2305,TA2305,5714.0,0.0,0.0,0.0,16,5690.0,5716.0,200,5686.0,5718.0,5718.0,5714.0,3.0,17154.0,30867
2023-05-10 21:07:37,TA2305,TA2305,5714.0,0.0,0.0,0.0,17,5690.0,5716.0,200,5686.0,5718.0,5718.0,5714.0,3.0,17154.0,30867
2023-05-10 21:07:40,TA2305,TA2305,5714.0,0.0,0.0,0.0,10,5690.0,5716.0,200,5686.0,5718.0,5718.0,5714.0,3.0,17154.0,30867
2023-05-10 21:07:41,TA2305,TA2305,5714.0,0.0,0.0,0.0,74,5688.0,5714.0,50,5686.0,5718.0,5718.0,5714.0,3.0,17154.0,30867
2023-05-10 21:07:41,TA2305,TA2305,5714.0,0.0,0.0,0.0,1,5690.0,5716.0,200,5686.0,5718.0,5718.0,5714.0,3.0,17154.0,30867
2023-05-10 21:07:42,TA2305,TA2305,5714.0,0.0,0.0,0.0,74,5688.0,5716.0,200,5686.0,5718.0,5718.0,5714.0,3.0,17154.0,30867
2023-05-10 21:07:44,TA2305,TA2305,5714.0,0.0,0.0,0.0,23,5688.0,5716.0,200,5686.0,5718.0,5718.0,5714.0,3.0,17154.0,30867
2023-05-10 21:07:45,TA2305,TA2305,5714.0,0.0,0.0,0.0,20,5688.0,5714.0,50,5686.0,5718.0,5718.0,5714.0,3.0,17154.0,30867
2023-05-10 21:07:51,TA2305,TA2305,5714.0,0.0,0.0,0.0,16,5688.0,5714.0,50,5686.0,5718.0,5718.0,5714.0,3.0,17154.0,30867
2023-05-10 21:07:52,TA2305,TA2305,5714.0,0.0,0.0,0.0,15,5688.0,5714.0,50,5686.0,5718.0,5718.0,5714.0,3.0,17154.0,30867
2023-05-10 21:07:53,TA2305,TA2305,5714.0,0.0,0.0,0.0,13,5688.0,5714.0,50,5686.0,5718.0,5718.0,5714.0,3.0,17154.0,30867
2023-05-10 21:07:53,TA2305,TA2305,5714.0,0.0,0.0,0.0,28,5686.0,5714.0,50,5686.0,5718.0,5718.0,5714.0,3.0,17154.0,30867
2023-05-10 21:07:55,TA2305,TA2305,5714.0,0.0,0.0,0.0,25,5686.0,5714.0,50,5686.0,5718.0,5718.0,5714.0,3.0,17154.0,30867
2023-05-10 21:07:55,TA2305,TA2305,5714.0,0.0,0.0,0.0,28,5686.0,5714.0,50,5686.0,5718.0,5718.0,5714.0,3.0,17154.0,30867
2023-05-10 21:07:57,TA2305,TA2305,5714.0,0.0,0.0,0.0,25,5686.0,5714.0,50,5686.0,5718.0,5718.0,5714.0,3.0,17154.0,30867
2023-05-10 21:07:58,TA2305,TA2305,5714.0,0.0,0.0,0.0,28,5686.0,5714.0,50,5686.0,5718.0,5718.0,5714.0,3.0,17154.0,30867
2023-05-10 21:07:59,TA2305,TA2305,5714.0,0.0,0.0,0.0,16,5690.0,5714.0,50,5686.0,5718.0,5718.0,5714.0,3.0,17154.0,30867
2023-05-10 21:07:59,TA2305,TA2305,5714.0,0.0,0.0,0.0,30,5686.0,5714.0,50,5686.0,5718.0,5718.0,5714.0,3.0,17154.0,30867
2023-05-10 21:08:01,TA2305,TA2305,5714.0,0.0,0.0,0.0,20,5690.0,5714.0,50,5686.0,5718.0,5718.0,5714.0,3.0,17154.0,30867
2023-05-10 21:08:01,TA2305,TA2305,5714.0,0.0,0.0,0.0,30,5686.0,5714.0,50,5686.0,5718.0,5718.0,5714.0,3.0,17154.0,30867
2023-05-10 21:08:03,TA2305,TA2305,5714.0,0.0,0.0,0.0,30,5686.0,5712.0,50,5686.0,5718.0,5718.0,5714.0,3.0,17154.0,30867
2023-05-10 21:08:06,TA2305,TA2305,5714.0,0.0,0.0,0.0,16,5688.0,5712.0,50,5686.0,5718.0,5718.0,5714.0,3.0,17154.0,30867
2023-05-10 21:08:07,TA2305,TA2305,5714.0,0.0,0.0,0.0,16,5688.0,5714.0,50,5686.0,5718.0,5718.0,5714.0,3.0,17154.0,30867
2023-05-10 21:08:08,TA2305,TA2305,5714.0,0.0,0.0,0.0,16,5688.0,5712.0,50,5686.0,5718.0,5718.0,5714.0,3.0,17154.0,30867
2023-05-10 21:08:10,TA2305,TA2305,5714.0,0.0,0.0,0.0,88,5690.0,5712.0,50,5686.0,5718.0,5718.0,5714.0,3.0,17154.0,30867
2023-05-10 21:08:10,TA2305,TA2305,5714.0,0.0,0.0,0.0,84,5690.0,5712.0,50,5686.0,5718.0,5718.0,5714.0,3.0,17154.0,30867
2023-05-10 21:08:12,TA2305,TA2305,5714.0,0.0,0.0,0.0,84,5690.0,5714.0,50,5686.0,5718.0,5718.0,5714.0,3.0,17154.0,30867
2023-05-10 21:08:14,TA2305,TA2305,5714.0,0.0,0.0,0.0,84,5690.0,5712.0,150,5686.0,5718.0,5718.0,5714.0,3.0,17154.0,30867
2023-05-10 21:08:14,TA2305,TA2305,5714.0,0.0,0.0,0.0,14,5690.0,5712.0,200,5686.0,5718.0,5718.0,5714.0,3.0,17154.0,30867
2023-05-10 21:08:16,TA2305,TA2305,5714.0,0.0,0.0,0.0,4,5690.0,5712.0,200,5686.0,5718.0,5718.0,5714.0,3.0,17154.0,30867
2023-05-10 21:08:17,TA2305,TA2305,5714.0,0.0,0.0,0.0,2,5690.0,5712.0,200,5686.0,5718.0,5718.0,5714.0,3.0,17154.0,30867
2023-05-10 21:08:19,TA2305,TA2305,5714.0,0.0,0.0,0.0,5,5690.0,5712.0,150,5686.0,5718.0,5718.0,5714.0,3.0,17154.0,30867
2023-05-10 21:08:24,TA2305,TA2305,5714.0,0.0,0.0,0.0,16,5688.0,5712.0,150,5686.0,5718.0,5718.0,5714.0,3.0,17154.0,30867
2023-05-10 21:08:24,TA2305,TA2305,5714.0,0.0,0.0,0.0,103,5690.0,5712.0,150,5686.0,5718.0,5718.0,5714.0,3.0,17154.0,30867
2023-05-10 21:08:25,TA2305,TA2305,5714.0,0.0,0.0,0.0,24,5692.0,5712.0,150,5686.0,5718.0,5718.0,5714.0,3.0,17154.0,30867
2023-05-10 21:08:26,TA2305,TA2305,5714.0,0.0,0.0,0.0,23,5692.0,5712.0,150,5686.0,5718.0,5718.0,5714.0,3.0,17154.0,30867
2023-05-10 21:08:26,TA2305,TA2305,5714.0,0.0,0.0,0.0,21,5692.0,5712.0,150,5686.0,5718.0,5718.0,5714.0,3.0,17154.0,30867
2023-05-10 21:08:27,TA2305,TA2305,5714.0,0.0,0.0,0.0,21,5692.0,5714.0,50,5686.0,5718.0,5718.0,5714.0,3.0,17154.0,30867
2023-05-10 21:08:28,TA2305,TA2305,5714.0,0.0,0.0,0.0,20,5692.0,5714.0,200,5686.0,5718.0,5718.0,5714.0,3.0,17154.0,30867
2023-05-10 21:08:28,TA2305,TA2305,5714.0,0.0,0.0,0.0,17,5692.0,5714.0,200,5686.0,5718.0,5718.0,5714.0,3.0,17154.0,30867
2023-05-10 21:08:29,TA2305,TA2305,5714.0,0.0,0.0,0.0,12,5692.0,5714.0,200,5686.0,5718.0,5718.0,5714.0,3.0,17154.0,30867
2023-05-10 21:08:29,TA2305,TA2305,5714.0,0.0,0.0,0.0,5,5694.0,5714.0,200,5686.0,5718.0,5718.0,5714.0,3.0,17154.0,30867
2023-05-10 21:08:29,TA2305,TA2305,5714.0,0.0,0.0,0.0,12,5692.0,5714.0,200,5686.0,5718.0,5718.0,5714.0,3.0,17154.0,30867
2023-05-10 21:08:32,TA2305,TA2305,5714.0,0.0,0.0,0.0,15,5692.0,5714.0,200,5686.0,5718.0,5718.0,5714.0,3.0,17154.0,30867
2023-05-10 21:08:36,TA2305,TA2305,5714.0,0.0,0.0,0.0,20,5692.0,5714.0,200,5686.0,5718.0,5718.0,5714.0,3.0,17154.0,30867
2023-05-10 21:08:38,TA2305,TA2305,5714.0,0.0,0.0,0.0,4,5694.0,5714.0,200,5686.0,5718.0,5718.0,5714.0,3.0,17154.0,30867
2023-05-10 21:08:39,TA2305,TA2305,5714.0,0.0,0.0,0.0,7,5694.0,5714.0,150,5686.0,5718.0,5718.0,5714.0,3.0,17154.0,30867
2023-05-10 21:08:42,TA2305,TA2305,5714.0,0.0,0.0,0.0,7,5696.0,5714.0,150,5686.0,5718.0,5718.0,5714.0,3.0,17154.0,30867
2023-05-10 21:08:43,TA2305,TA2305,5714.0,0.0,0.0,0.0,2,5696.0,5714.0,150,5686.0,5718.0,5718.0,5714.0,3.0,17154.0,30867
2023-05-10 21:08:43,TA2305,TA2305,5714.0,0.0,0.0,0.0,4,5696.0,5714.0,150,5686.0,5718.0,5718.0,5714.0,3.0,17154.0,30867
2023-05-10 21:08:43,TA2305,TA2305,5714.0,0.0,0.0,0.0,3,5696.0,5714.0,150,5686.0,5718.0,5718.0,5714.0,3.0,17154.0,30867
2023-05-10 21:08:45,TA2305,TA2305,5714.0,0.0,0.0,0.0,4,5694.0,5714.0,150,5686.0,5718.0,5718.0,5714.0,3.0,17154.0,30867
2023-05-10 21:08:45,TA2305,TA2305,5714.0,0.0,0.0,0.0,6,5694.0,5714.0,150,5686.0,5718.0,5718.0,5714.0,3.0,17154.0,30867
2023-05-10 21:08:46,TA2305,TA2305,5714.0,0.0,0.0,0.0,20,5692.0,5714.0,200,5686.0,5718.0,5718.0,5714.0,3.0,17154.0,30867
2023-05-10 21:08:46,TA2305,TA2305,5714.0,0.0,0.0,0.0,17,5692.0,5714.0,200,5686.0,5718.0,5718.0,5714.0,3.0,17154.0,30867
2023-05-10 21:08:47,TA2305,TA2305,5714.0,0.0,0.0,0.0,12,5692.0,5714.0,200,5686.0,5718.0,5718.0,5714.0,3.0,17154.0,30867
2023-05-10 21:08:47,TA2305,TA2305,5714.0,0.0,0.0,0.0,15,5692.0,5714.0,200,5686.0,5718.0,5718.0,5714.0,3.0,17154.0,30867
2023-05-10 21:08:49,TA2305,TA2305,5714.0,0.0,0.0,0.0,15,5692.0,5712.0,50,5686.0,5718.0,5718.0,5714.0,3.0,17154.0,30867
2023-05-10 21:08:49,TA2305,TA2305,5714.0,0.0,0.0,0.0,103,5690.0,5712.0,50,5686.0,5718.0,5718.0,5714.0,3.0,17154.0,30867
2023-05-10 21:08:52,TA2305,TA2305,5714.0,0.0,0.0,0.0,104,5690.0,5714.0,200,5686.0,5718.0,5718.0,5714.0,3.0,17154.0,30867
2023-05-10 21:08:53,TA2305,TA2305,5714.0,0.0,0.0,0.0,3,5692.0,5714.0,200,5686.0,5718.0,5718.0,5714.0,3.0,17154.0,30867
2023-05-10 21:08:54,TA2305,TA2305,5714.0,0.0,0.0,0.0,8,5692.0,5714.0,200,5686.0,5718.0,5718.0,5714.0,3.0,17154.0,30867
2023-05-10 21:08:54,TA2305,TA2305,5714.0,0.0,0.0,0.0,5,5692.0,5714.0,200,5686.0,5718.0,5718.0,5714.0,3.0,17154.0,30867
2023-05-10 21:09:01,TA2305,TA2305,5714.0,0.0,0.0,0.0,8,5692.0,5714.0,200,5686.0,5718.0,5718.0,5714.0,3.0,17154.0,30867
2023-05-10 21:09:02,TA2305,TA2305,5714.0,0.0,0.0,0.0,5,5692.0,5714.0,200,5686.0,5718.0,5718.0,5714.0,3.0,17154.0,30867
2023-05-10 21:09:04,TA2305,TA2305,5714.0,0.0,0.0,0.0,8,5692.0,5714.0,200,5686.0,5718.0,5718.0,5714.0,3.0,17154.0,30867
2023-05-10 21:09:04,TA2305,TA2305,5714.0,0.0,0.0,0.0,5,5692.0,5714.0,200,5686.0,5718.0,5718.0,5714.0,3.0,17154.0,30867
2023-05-10 21:09:07,TA2305,TA2305,5714.0,0.0,0.0,0.0,8,5692.0,5714.0,200,5686.0,5718.0,5718.0,5714.0,3.0,17154.0,30867
2023-05-10 21:09:12,TA2305,TA2305,5714.0,0.0,0.0,0.0,7,5692.0,5714.0,200,5686.0,5718.0,5718.0,5714.0,3.0,17154.0,30867
2023-05-10 21:09:13,TA2305,TA2305,5714.0,0.0,0.0,0.0,7,5692.0,5712.0,50,5686.0,5718.0,5718.0,5714.0,3.0,17154.0,30867
2023-05-10 21:09:14,TA2305,TA2305,5714.0,0.0,0.0,0.0,107,5690.0,5714.0,200,5686.0,5718.0,5718.0,5714.0,3.0,17154.0,30867
2023-05-10 21:09:14,TA2305,TA2305,5714.0,0.0,0.0,0.0,104,5690.0,5714.0,200,5686.0,5718.0,5718.0,5714.0,3.0,17154.0,30867
2023-05-10 21:09:16,TA2305,TA2305,5714.0,0.0,0.0,0.0,107,5690.0,5714.0,200,5686.0,5718.0,5718.0,5714.0,3.0,17154.0,30867
2023-05-10 21:09:17,TA2305,TA2305,5714.0,0.0,0.0,0.0,104,5690.0,5714.0,200,5686.0,5718.0,5718.0,5714.0,3.0,17154.0,30867
2023-05-10 21:09:18,TA2305,TA2305,5714.0,0.0,0.0,0.0,107,5690.0,5714.0,200,5686.0,5718.0,5718.0,5714.0,3.0,17154.0,30867
2023-05-10 21:09:19,TA2305,TA2305,5714.0,0.0,0.0,0.0,108,5690.0,5714.0,200,5686.0,5718.0,5718.0,5714.0,3.0,17154.0,30867
2023-05-10 21:09:19,TA2305,TA2305,5714.0,0.0,0.0,0.0,3,5692.0,5714.0,200,5686.0,5718.0,5718.0,5714.0,3.0,17154.0,30867
2023-05-10 21:09:20,TA2305,TA2305,5714.0,0.0,0.0,0.0,3,5692.0,5712.0,50,5686.0,5718.0,5718.0,5714.0,3.0,17154.0,30867
2023-05-10 21:09:20,TA2305,TA2305,5714.0,0.0,0.0,0.0,6,5692.0,5712.0,50,5686.0,5718.0,5718.0,5714.0,3.0,17154.0,30867
2023-05-10 21:09:21,TA2305,TA2305,5714.0,0.0,0.0,0.0,105,5690.0,5712.0,50,5686.0,5718.0,5718.0,5714.0,3.0,17154.0,30867
2023-05-10 21:09:21,TA2305,TA2305,5714.0,0.0,0.0,0.0,107,5690.0,5712.0,50,5686.0,5718.0,5718.0,5714.0,3.0,17154.0,30867
2023-05-10 21:09:24,TA2305,TA2305,5714.0,0.0,0.0,0.0,104,5690.0,5712.0,50,5686.0,5718.0,5718.0,5714.0,3.0,17154.0,30867
2023-05-10 21:09:24,TA2305,TA2305,5714.0,0.0,0.0,0.0,107,5690.0,5712.0,50,5686.0,5718.0,5718.0,5714.0,3.0,17154.0,30867
2023-05-10 21:09:25,TA2305,TA2305,5714.0,0.0,0.0,0.0,110,5690.0,5712.0,50,5686.0,5718.0,5718.0,5714.0,3.0,17154.0,30867
2023-05-10 21:09:30,TA2305,TA2305,5714.0,0.0,0.0,0.0,5,5692.0,5712.0,50,5686.0,5718.0,5718.0,5714.0,3.0,17154.0,30867
2023-05-10 21:09:31,TA2305,TA2305,5714.0,0.0,0.0,0.0,3,5692.0,5712.0,50,5686.0,5718.0,5718.0,5714.0,3.0,17154.0,30867
2023-05-10 21:09:31,TA2305,TA2305,5714.0,0.0,0.0,0.0,110,5690.0,5712.0,50,5686.0,5718.0,5718.0,5714.0,3.0,17154.0,30867
2023-05-10 21:09:32,TA2305,TA2305,5714.0,0.0,0.0,0.0,93,5690.0,5712.0,50,5686.0,5718.0,5718.0,5714.0,3.0,17154.0,30867
2023-05-10 21:09:37,TA2305,TA2305,5714.0,0.0,0.0,0.0,88,5690.0,5712.0,50,5686.0,5718.0,5718.0,5714.0,3.0,17154.0,30867
2023-05-10 21:09:37,TA2305,TA2305,5714.0,0.0,0.0,0.0,52,5690.0,5712.0,50,5686.0,5718.0,5718.0,5714.0,3.0,17154.0,30867
2023-05-10 21:09:41,TA2305,TA2305,5714.0,0.0,0.0,0.0,47,5690.0,5712.0,50,5686.0,5718.0,5718.0,5714.0,3.0,17154.0,30867
2023-05-10 21:09:41,TA2305,TA2305,5714.0,0.0,0.0,0.0,50,5690.0,5712.0,50,5686.0,5718.0,5718.0,5714.0,3.0,17154.0,30867
2023-05-10 21:09:45,TA2305,TA2305,5714.0,0.0,0.0,0.0,8,5692.0,5712.0,50,5686.0,5718.0,5718.0,5714.0,3.0,17154.0,30867
2023-05-10 21:09:47,TA2305,TA2305,5714.0,0.0,0.0,0.0,2,5692.0,5712.0,50,5686.0,5718.0,5718.0,5714.0,3.0,17154.0,30867
2023-05-10 21:09:47,TA2305,TA2305,5714.0,0.0,0.0,0.0,47,5690.0,5712.0,50,5686.0,5718.0,5718.0,5714.0,3.0,17154.0,30867
2023-05-10 21:09:47,TA2305,TA2305,5714.0,0.0,0.0,0.0,50,5690.0,5712.0,50,5686.0,5718.0,5718.0,5714.0,3.0,17154.0,30867
2023-05-10 21:09:49,TA2305,TA2305,5714.0,0.0,0.0,0.0,5,5692.0,5712.0,50,5686.0,5718.0,5718.0,5714.0,3.0,17154.0,30867
2023-05-10 21:09:49,TA2305,TA2305,5714.0,0.0,0.0,0.0,50,5690.0,5712.0,50,5686.0,5718.0,5718.0,5714.0,3.0,17154.0,30867
2023-05-10 21:09:52,TA2305,TA2305,5714.0,0.0,0.0,0.0,1,5692.0,5712.0,50,5686.0,5718.0,5718.0,5714.0,3.0,17154.0,30867
2023-05-10 21:09:59,TA2305,TA2305,5714.0,0.0,0.0,0.0,1,5692.0,5710.0,50,5686.0,5718.0,5718.0,5714.0,3.0,17154.0,30867
2023-05-10 21:09:59,TA2305,TA2305,5714.0,0.0,0.0,0.0,1,5692.0,5708.0,50,5686.0,5718.0,5718.0,5714.0,3.0,17154.0,30867
2023-05-10 21:10:09,TA2305,TA2305,5714.0,0.0,0.0,0.0,1,5692.0,5706.0,50,5686.0,5718.0,5718.0,5714.0,3.0,17154.0,30867
2023-05-10 21:10:11,TA2305,TA2305,5714.0,0.0,0.0,0.0,1,5692.0,5708.0,50,5686.0,5718.0,5718.0,5714.0,3.0,17154.0,30867
2023-05-10 21:10:12,TA2305,TA2305,5714.0,0.0,0.0,0.0,2,5692.0,5708.0,50,5686.0,5718.0,5718.0,5714.0,3.0,17154.0,30867
2023-05-10 21:10:12,TA2305,TA2305,5714.0,0.0,0.0,0.0,1,5692.0,5708.0,50,5686.0,5718.0,5718.0,5714.0,3.0,17154.0,30867
2023-05-10 21:10:13,TA2305,TA2305,5714.0,0.0,0.0,0.0,7,5692.0,5708.0,50,5686.0,5718.0,5718.0,5714.0,3.0,17154.0,30867
2023-05-10 21:10:13,TA2305,TA2305,5714.0,0.0,0.0,0.0,1,5692.0,5708.0,50,5686.0,5718.0,5718.0,5714.0,3.0,17154.0,30867
2023-05-10 21:10:14,TA2305,TA2305,5714.0,0.0,0.0,0.0,8,5692.0,5708.0,50,5686.0,5718.0,5718.0,5714.0,3.0,17154.0,30867
2023-05-10 21:10:15,TA2305,TA2305,5714.0,0.0,0.0,0.0,1,5692.0,5708.0,50,5686.0,5718.0,5718.0,5714.0,3.0,17154.0,30867
2023-05-10 21:10:17,TA2305,TA2305,5714.0,0.0,0.0,0.0,6,5692.0,5708.0,50,5686.0,5718.0,5718.0,5714.0,3.0,17154.0,30867
2023-05-10 21:10:18,TA2305,TA2305,5714.0,0.0,0.0,0.0,5,5692.0,5708.0,50,5686.0,5718.0,5718.0,5714.0,3.0,17154.0,30867
2023-05-10 21:10:18,TA2305,TA2305,5714.0,0.0,0.0,0.0,1,5692.0,5708.0,50,5686.0,5718.0,5718.0,5714.0,3.0,17154.0,30867
2023-05-10 21:10:20,TA2305,TA2305,5714.0,0.0,0.0,0.0,1,5692.0,5706.0,50,5686.0,5718.0,5718.0,5714.0,3.0,17154.0,30867
2023-05-10 21:10:20,TA2305,TA2305,5714.0,0.0,0.0,0.0,1,5692.0,5708.0,50,5686.0,5718.0,5718.0,5714.0,3.0,17154.0,30867
2023-05-10 21:10:32,TA2305,TA2305,5714.0,0.0,0.0,0.0,6,5692.0,5708.0,50,5686.0,5718.0,5718.0,5714.0,3.0,17154.0,30867
2023-05-10 21:10:33,TA2305,TA2305,5714.0,0.0,0.0,0.0,9,5692.0,5708.0,50,5686.0,5718.0,5718.0,5714.0,3.0,17154.0,30867
2023-05-10 21:10:33,TA2305,TA2305,5714.0,0.0,0.0,0.0,12,5692.0,5708.0,50,5686.0,5718.0,5718.0,5714.0,3.0,17154.0,30867
2023-05-10 21:10:34,TA2305,TA2305,5714.0,0.0,0.0,0.0,8,5692.0,5708.0,50,5686.0,5718.0,5718.0,5714.0,3.0,17154.0,30867
2023-05-10 21:10:34,TA2305,TA2305,5714.0,0.0,0.0,0.0,4,5692.0,5708.0,50,5686.0,5718.0,5718.0,5714.0,3.0,17154.0,30867
2023-05-10 21:10:35,TA2305,TA2305,5714.0,0.0,0.0,0.0,1,5692.0,5708.0,50,5686.0,5718.0,5718.0,5714.0,3.0,17154.0,30867
2023-05-10 21:10:37,TA2305,TA2305,5714.0,0.0,0.0,0.0,1,5692.0,5706.0,50,5686.0,5718.0,5718.0,5714.0,3.0,17154.0,30867
2023-05-10 21:10:43,TA2305,TA2305,5714.0,0.0,0.0,0.0,3,5692.0,5706.0,50,5686.0,5718.0,5718.0,5714.0,3.0,17154.0,30867
2023-05-10 21:10:43,TA2305,TA2305,5714.0,0.0,0.0,0.0,15,5692.0,5706.0,50,5686.0,5718.0,5718.0,5714.0,3.0,17154.0,30867
2023-05-10 21:10:44,TA2305,TA2305,5714.0,0.0,0.0,0.0,16,5692.0,5706.0,50,5686.0,5718.0,5718.0,5714.0,3.0,17154.0,30867
2023-05-10 21:10:45,TA2305,TA2305,5714.0,0.0,0.0,0.0,10,5692.0,5706.0,50,5686.0,5718.0,5718.0,5714.0,3.0,17154.0,30867
2023-05-10 21:10:45,TA2305,TA2305,5714.0,0.0,0.0,0.0,9,5692.0,5706.0,50,5686.0,5718.0,5718.0,5714.0,3.0,17154.0,30867
2023-05-10 21:10:46,TA2305,TA2305,5714.0,0.0,0.0,0.0,2,5692.0,5706.0,50,5686.0,5718.0,5718.0,5714.0,3.0,17154.0,30867
2023-05-10 21:10:46,TA2305,TA2305,5714.0,0.0,0.0,0.0,1,5692.0,5706.0,50,5686.0,5718.0,5718.0,5714.0,3.0,17154.0,30867
2023-05-10 21:10:48,TA2305,TA2305,5714.0,0.0,0.0,0.0,9,5692.0,5706.0,50,5686.0,5718.0,5718.0,5714.0,3.0,17154.0,30867
2023-05-10 21:10:48,TA2305,TA2305,5714.0,0.0,0.0,0.0,15,5692.0,5706.0,50,5686.0,5718.0,5718.0,5714.0,3.0,17154.0,30867
2023-05-10 21:10:50,TA2305,TA2305,5714.0,0.0,0.0,0.0,12,5692.0,5706.0,50,5686.0,5718.0,5718.0,5714.0,3.0,17154.0,30867
2023-05-10 21:10:50,TA2305,TA2305,5714.0,0.0,0.0,0.0,11,5692.0,5706.0,50,5686.0,5718.0,5718.0,5714.0,3.0,17154.0,30867
2023-05-10 21:10:51,TA2305,TA2305,5714.0,0.0,0.0,0.0,14,5692.0,5706.0,50,5686.0,5718.0,5718.0,5714.0,3.0,17154.0,30867
2023-05-10 21:10:54,TA2305,TA2305,5714.0,0.0,0.0,0.0,1,5692.0,5704.0,50,5686.0,5718.0,5718.0,5714.0,3.0,17154.0,30867
2023-05-10 21:11:00,TA2305,TA2305,5714.0,0.0,0.0,0.0,1,5692.0,5702.0,50,5686.0,5718.0,5718.0,5714.0,3.0,17154.0,30867
2023-05-10 21:11:02,TA2305,TA2305,5714.0,0.0,0.0,0.0,1,5692.0,5704.0,50,5686.0,5718.0,5718.0,5714.0,3.0,17154.0,30867
2023-05-10 21:11:03,TA2305,TA2305,5714.0,0.0,0.0,0.0,1,5692.0,5702.0,50,5686.0,5718.0,5718.0,5714.0,3.0,17154.0,30867
2023-05-10 21:11:04,TA2305,TA2305,5714.0,0.0,0.0,0.0,1,5692.0,5704.0,50,5686.0,5718.0,5718.0,5714.0,3.0,17154.0,30867
2023-05-10 21:11:05,TA2305,TA2305,5714.0,0.0,0.0,0.0,1,5692.0,5706.0,50,5686.0,5718.0,5718.0,5714.0,3.0,17154.0,30867
2023-05-10 21:11:10,TA2305,TA2305,5714.0,0.0,0.0,0.0,1,5692.0,5704.0,50,5686.0,5718.0,5718.0,5714.0,3.0,17154.0,30867
2023-05-10 21:11:18,TA2305,TA2305,5714.0,0.0,0.0,0.0,1,5692.0,5702.0,50,5686.0,5718.0,5718.0,5714.0,3.0,17154.0,30867
2023-05-10 21:11:21,TA2305,TA2305,5714.0,0.0,0.0,0.0,1,5692.0,5704.0,50,5686.0,5718.0,5718.0,5714.0,3.0,17154.0,30867
2023-05-10 21:11:23,TA2305,TA2305,5714.0,0.0,0.0,0.0,1,5692.0,5706.0,50,5686.0,5718.0,5718.0,5714.0,3.0,17154.0,30867
2023-05-10 21:11:24,TA2305,TA2305,5714.0,0.0,0.0,0.0,1,5692.0,5708.0,50,5686.0,5718.0,5718.0,5714.0,3.0,17154.0,30867
2023-05-10 21:11:29,TA2305,TA2305,5714.0,0.0,0.0,0.0,1,5692.0,5710.0,50,5686.0,5718.0,5718.0,5714.0,3.0,17154.0,30867
2023-05-10 21:11:29,TA2305,TA2305,5714.0,0.0,0.0,0.0,13,5692.0,5710.0,50,5686.0,5718.0,5718.0,5714.0,3.0,17154.0,30867
2023-05-10 21:11:31,TA2305,TA2305,5714.0,0.0,0.0,0.0,17,5692.0,5710.0,50,5686.0,5718.0,5718.0,5714.0,3.0,17154.0,30867
2023-05-10 21:11:31,TA2305,TA2305,5714.0,0.0,0.0,0.0,17,5692.0,5708.0,50,5686.0,5718.0,5718.0,5714.0,3.0,17154.0,30867
2023-05-10 21:11:32,TA2305,TA2305,5714.0,0.0,0.0,0.0,9,5692.0,5708.0,50,5686.0,5718.0,5718.0,5714.0,3.0,17154.0,30867
2023-05-10 21:11:32,TA2305,TA2305,5714.0,0.0,0.0,0.0,9,5692.0,5710.0,50,5686.0,5718.0,5718.0,5714.0,3.0,17154.0,30867
2023-05-10 21:11:36,TA2305,TA2305,5714.0,0.0,0.0,0.0,9,5692.0,5708.0,50,5686.0,5718.0,5718.0,5714.0,3.0,17154.0,30867
2023-05-10 21:11:40,TA2305,TA2305,5714.0,0.0,0.0,0.0,1,5692.0,5708.0,50,5686.0,5718.0,5718.0,5714.0,3.0,17154.0,30867
2023-05-10 21:11:42,TA2305,TA2305,5714.0,0.0,0.0,0.0,30,5692.0,5708.0,50,5686.0,5718.0,5718.0,5714.0,3.0,17154.0,30867
2023-05-10 21:11:42,TA2305,TA2305,5714.0,0.0,0.0,0.0,26,5692.0,5708.0,50,5686.0,5718.0,5718.0,5714.0,3.0,17154.0,30867
2023-05-10 21:11:43,TA2305,TA2305,5714.0,0.0,0.0,0.0,25,5692.0,5708.0,50,5686.0,5718.0,5718.0,5714.0,3.0,17154.0,30867
2023-05-10 21:11:45,TA2305,TA2305,5714.0,0.0,0.0,0.0,3,5692.0,5708.0,50,5686.0,5718.0,5718.0,5714.0,3.0,17154.0,30867
2023-05-10 21:11:46,TA2305,TA2305,5714.0,0.0,0.0,0.0,4,5692.0,5708.0,50,5686.0,5718.0,5718.0,5714.0,3.0,17154.0,30867
2023-05-10 21:11:48,TA2305,TA2305,5714.0,0.0,0.0,0.0,3,5692.0,5708.0,50,5686.0,5718.0,5718.0,5714.0,3.0,17154.0,30867
2023-05-10 21:11:50,TA2305,TA2305,5714.0,0.0,0.0,0.0,2,5692.0,5708.0,50,5686.0,5718.0,5718.0,5714.0,3.0,17154.0,30867
2023-05-10 21:11:53,TA2305,TA2305,5714.0,0.0,0.0,0.0,1,5692.0,5708.0,50,5686.0,5718.0,5718.0,5714.0,3.0,17154.0,30867
2023-05-10 21:11:53,TA2305,TA2305,5714.0,0.0,0.0,0.0,1,5692.0,5706.0,50,5686.0,5718.0,5718.0,5714.0,3.0,17154.0,30867
2023-05-10 21:11:56,TA2305,TA2305,5714.0,0.0,0.0,0.0,11,5692.0,5706.0,50,5686.0,5718.0,5718.0,5714.0,3.0,17154.0,30867
2023-05-10 21:11:56,TA2305,TA2305,5714.0,0.0,0.0,0.0,1,5692.0,5706.0,50,5686.0,5718.0,5718.0,5714.0,3.0,17154.0,30867
2023-05-10 21:11:57,TA2305,TA2305,5714.0,0.0,0.0,0.0,11,5692.0,5706.0,50,5686.0,5718.0,5718.0,5714.0,3.0,17154.0,30867
2023-05-10 21:11:57,TA2305,TA2305,5714.0,0.0,0.0,0.0,1,5692.0,5706.0,50,5686.0,5718.0,5718.0,5714.0,3.0,17154.0,30867
2023-05-10 21:11:58,TA2305,TA2305,5714.0,0.0,0.0,0.0,11,5692.0,5706.0,50,5686.0,5718.0,5718.0,5714.0,3.0,17154.0,30867
2023-05-10 21:11:58,TA2305,TA2305,5714.0,0.0,0.0,0.0,1,5692.0,5706.0,50,5686.0,5718.0,5718.0,5714.0,3.0,17154.0,30867
2023-05-10 21:11:59,TA2305,TA2305,5714.0,0.0,0.0,0.0,11,5692.0,5706.0,50,5686.0,5718.0,5718.0,5714.0,3.0,17154.0,30867
2023-05-10 21:12:01,TA2305,TA2305,5714.0,0.0,0.0,0.0,10,5692.0,5706.0,50,5686.0,5718.0,5718.0,5714.0,3.0,17154.0,30867
2023-05-10 21:12:02,TA2305,TA2305,5714.0,0.0,0.0,0.0,1,5692.0,5704.0,50,5686.0,5718.0,5718.0,5714.0,3.0,17154.0,30867
2023-05-10 21:12:04,TA2305,TA2305,5714.0,0.0,0.0,0.0,16,5692.0,5704.0,50,5686.0,5718.0,5718.0,5714.0,3.0,17154.0,30867
2023-05-10 21:12:04,TA2305,TA2305,5714.0,0.0,0.0,0.0,11,5692.0,5704.0,50,5686.0,5718.0,5718.0,5714.0,3.0,17154.0,30867
2023-05-10 21:12:04,TA2305,TA2305,5714.0,0.0,0.0,0.0,1,5692.0,5704.0,50,5686.0,5718.0,5718.0,5714.0,3.0,17154.0,30867
2023-05-10 21:12:06,TA2305,TA2305,5714.0,0.0,0.0,0.0,15,5692.0,5704.0,50,5686.0,5718.0,5718.0,5714.0,3.0,17154.0,30867
2023-05-10 21:12:09,TA2305,TA2305,5714.0,0.0,0.0,0.0,12,5692.0,5706.0,50,5686.0,5718.0,5718.0,5714.0,3.0,17154.0,30867
2023-05-10 21:12:09,TA2305,TA2305,5714.0,0.0,0.0,0.0,15,5692.0,5706.0,50,5686.0,5718.0,5718.0,5714.0,3.0,17154.0,30867
2023-05-10 21:12:11,TA2305,TA2305,5714.0,0.0,0.0,0.0,18,5692.0,5706.0,50,5686.0,5718.0,5718.0,5714.0,3.0,17154.0,30867
2023-05-10 21:12:11,TA2305,TA2305,5714.0,0.0,0.0,0.0,13,5692.0,5706.0,50,5686.0,5718.0,5718.0,5714.0,3.0,17154.0,30867
2023-05-10 21:12:13,TA2305,TA2305,5714.0,0.0,0.0,0.0,10,5692.0,5704.0,25,5686.0,5718.0,5718.0,5714.0,3.0,17154.0,30867
2023-05-10 21:12:13,TA2305,TA2305,5714.0,0.0,0.0,0.0,8,5692.0,5704.0,50,5686.0,5718.0,5718.0,5714.0,3.0,17154.0,30867
2023-05-10 21:12:14,TA2305,TA2305,5714.0,0.0,0.0,0.0,8,5692.0,5706.0,50,5686.0,5718.0,5718.0,5714.0,3.0,17154.0,30867
2023-05-10 21:12:14,TA2305,TA2305,5714.0,0.0,0.0,0.0,11,5692.0,5706.0,50,5686.0,5718.0,5718.0,5714.0,3.0,17154.0,30867
2023-05-10 21:12:15,TA2305,TA2305,5714.0,0.0,0.0,0.0,4,5692.0,5704.0,50,5686.0,5718.0,5718.0,5714.0,3.0,17154.0,30867
2023-05-10 21:12:15,TA2305,TA2305,5714.0,0.0,0.0,0.0,1,5692.0,5704.0,50,5686.0,5718.0,5718.0,5714.0,3.0,17154.0,30867
2023-05-10 21:12:18,TA2305,TA2305,5714.0,0.0,0.0,0.0,7,5692.0,5704.0,50,5686.0,5718.0,5718.0,5714.0,3.0,17154.0,30867
2023-05-10 21:12:18,TA2305,TA2305,5714.0,0.0,0.0,0.0,10,5692.0,5704.0,50,5686.0,5718.0,5718.0,5714.0,3.0,17154.0,30867
2023-05-10 21:12:19,TA2305,TA2305,5714.0,0.0,0.0,0.0,1,5692.0,5704.0,50,5686.0,5718.0,5718.0,5714.0,3.0,17154.0,30867
2023-05-10 21:12:21,TA2305,TA2305,5714.0,0.0,0.0,0.0,11,5692.0,5704.0,50,5686.0,5718.0,5718.0,5714.0,3.0,17154.0,30867
2023-05-10 21:12:22,TA2305,TA2305,5714.0,0.0,0.0,0.0,16,5692.0,5704.0,50,5686.0,5718.0,5718.0,5714.0,3.0,17154.0,30867
2023-05-10 21:12:23,TA2305,TA2305,5714.0,0.0,0.0,0.0,15,5692.0,5704.0,50,5686.0,5718.0,5718.0,5714.0,3.0,17154.0,30867
2023-05-10 21:12:24,TA2305,TA2305,5714.0,0.0,0.0,0.0,1,5692.0,5704.0,50,5686.0,5718.0,5718.0,5714.0,3.0,17154.0,30867
2023-05-10 21:12:25,TA2305,TA2305,5714.0,0.0,0.0,0.0,11,5692.0,5704.0,50,5686.0,5718.0,5718.0,5714.0,3.0,17154.0,30867
2023-05-10 21:12:26,TA2305,TA2305,5714.0,0.0,0.0,0.0,1,5692.0,5704.0,50,5686.0,5718.0,5718.0,5714.0,3.0,17154.0,30867
2023-05-10 21:12:27,TA2305,TA2305,5714.0,0.0,0.0,0.0,1,5692.0,5702.0,50,5686.0,5718.0,5718.0,5714.0,3.0,17154.0,30867
2023-05-10 21:13:01,TA2305,TA2305,5714.0,0.0,0.0,0.0,1,5692.0,5700.0,50,5686.0,5718.0,5718.0,5714.0,3.0,17154.0,30867
2023-05-10 21:13:02,TA2305,TA2305,5714.0,0.0,0.0,0.0,1,5692.0,5702.0,50,5686.0,5718.0,5718.0,5714.0,3.0,17154.0,30867
2023-05-10 21:13:09,TA2305,TA2305,5714.0,0.0,0.0,0.0,1,5692.0,5700.0,50,5686.0,5718.0,5718.0,5714.0,3.0,17154.0,30867
2023-05-10 21:13:10,TA2305,TA2305,5714.0,0.0,0.0,0.0,1,5692.0,5702.0,50,5686.0,5718.0,5718.0,5714.0,3.0,17154.0,30867
2023-05-10 21:13:11,TA2305,TA2305,5714.0,0.0,0.0,0.0,1,5692.0,5704.0,50,5686.0,5718.0,5718.0,5714.0,3.0,17154.0,30867
2023-05-10 21:13:19,TA2305,TA2305,5714.0,0.0,0.0,0.0,1,5692.0,5702.0,50,5686.0,5718.0,5718.0,5714.0,3.0,17154.0,30867
2023-05-10 21:14:00,TA2305,TA2305,5714.0,0.0,0.0,0.0,1,5692.0,5700.0,50,5686.0,5718.0,5718.0,5714.0,3.0,17154.0,30867
2023-05-10 21:14:02,TA2305,TA2305,5714.0,0.0,0.0,0.0,1,5692.0,5702.0,50,5686.0,5718.0,5718.0,5714.0,3.0,17154.0,30867
2023-05-10 21:14:02,TA2305,TA2305,5714.0,0.0,0.0,0.0,1,5692.0,5700.0,50,5686.0,5718.0,5718.0,5714.0,3.0,17154.0,30867
2023-05-10 21:14:03,TA2305,TA2305,5714.0,0.0,0.0,0.0,1,5692.0,5702.0,50,5686.0,5718.0,5718.0,5714.0,3.0,17154.0,30867
2023-05-10 21:14:04,TA2305,TA2305,5714.0,0.0,0.0,0.0,1,5692.0,5700.0,50,5686.0,5718.0,5718.0,5714.0,3.0,17154.0,30867
2023-05-10 21:14:05,TA2305,TA2305,5714.0,0.0,0.0,0.0,1,5692.0,5700.0,30,5686.0,5718.0,5718.0,5714.0,3.0,17154.0,30867
2023-05-10 21:14:05,TA2305,TA2305,5714.0,0.0,0.0,0.0,1,5692.0,5702.0,50,5686.0,5718.0,5718.0,5714.0,3.0,17154.0,30867
2023-05-10 21:14:09,TA2305,TA2305,5714.0,0.0,0.0,0.0,1,5692.0,5704.0,50,5686.0,5718.0,5718.0,5714.0,3.0,17154.0,30867
2023-05-10 21:14:35,TA2305,TA2305,5714.0,0.0,0.0,0.0,1,5692.0,5702.0,50,5686.0,5718.0,5718.0,5714.0,3.0,17154.0,30867
2023-05-10 21:14:41,TA2305,TA2305,5714.0,0.0,0.0,0.0,1,5692.0,5704.0,50,5686.0,5718.0,5718.0,5714.0,3.0,17154.0,30867
2023-05-10 21:14:42,TA2305,TA2305,5714.0,0.0,0.0,0.0,1,5692.0,5702.0,50,5686.0,5718.0,5718.0,5714.0,3.0,17154.0,30867
2023-05-10 21:14:43,TA2305,TA2305,5714.0,0.0,0.0,0.0,1,5692.0,5704.0,50,5686.0,5718.0,5718.0,5714.0,3.0,17154.0,30867
2023-05-10 21:14:54,TA2305,TA2305,5714.0,0.0,0.0,0.0,1,5692.0,5702.0,50,5686.0,5718.0,5718.0,5714.0,3.0,17154.0,30867
2023-05-10 21:15:03,TA2305,TA2305,5714.0,0.0,0.0,0.0,1,5692.0,5704.0,50,5686.0,5718.0,5718.0,5714.0,3.0,17154.0,30867
2023-05-10 21:15:05,TA2305,TA2305,5714.0,0.0,0.0,0.0,7,5692.0,5704.0,50,5686.0,5718.0,5718.0,5714.0,3.0,17154.0,30867
2023-05-10 21:15:06,TA2305,TA2305,5714.0,0.0,0.0,0.0,1,5692.0,5704.0,50,5686.0,5718.0,5718.0,5714.0,3.0,17154.0,30867
2023-05-10 21:15:10,TA2305,TA2305,5714.0,0.0,0.0,0.0,7,5692.0,5704.0,50,5686.0,5718.0,5718.0,5714.0,3.0,17154.0,30867
2023-05-10 21:15:11,TA2305,TA2305,5714.0,0.0,0.0,0.0,1,5692.0,5704.0,50,5686.0,5718.0,5718.0,5714.0,3.0,17154.0,30867
2023-05-10 21:15:18,TA2305,TA2305,5714.0,0.0,0.0,0.0,7,5692.0,5704.0,50,5686.0,5718.0,5718.0,5714.0,3.0,17154.0,30867
2023-05-10 21:15:20,TA2305,TA2305,5714.0,0.0,0.0,0.0,7,5692.0,5706.0,50,5686.0,5718.0,5718.0,5714.0,3.0,17154.0,30867
2023-05-10 21:15:20,TA2305,TA2305,5714.0,0.0,0.0,0.0,7,5692.0,5704.0,50,5686.0,5718.0,5718.0,5714.0,3.0,17154.0,30867
2023-05-10 21:15:21,TA2305,TA2305,5714.0,0.0,0.0,0.0,6,5692.0,5704.0,50,5686.0,5718.0,5718.0,5714.0,3.0,17154.0,30867
2023-05-10 21:15:22,TA2305,TA2305,5714.0,0.0,0.0,0.0,5,5692.0,5704.0,50,5686.0,5718.0,5718.0,5714.0,3.0,17154.0,30867
2023-05-10 21:15:23,TA2305,TA2305,5714.0,0.0,0.0,0.0,1,5692.0,5704.0,50,5686.0,5718.0,5718.0,5714.0,3.0,17154.0,30867
2023-05-10 21:15:27,TA2305,TA2305,5714.0,0.0,0.0,0.0,2,5692.0,5704.0,50,5686.0,5718.0,5718.0,5714.0,3.0,17154.0,30867
2023-05-10 21:15:28,TA2305,TA2305,5714.0,0.0,0.0,0.0,1,5692.0,5704.0,50,5686.0,5718.0,5718.0,5714.0,3.0,17154.0,30867
2023-05-10 21:15:29,TA2305,TA2305,5714.0,0.0,0.0,0.0,1,5692.0,5702.0,50,5686.0,5718.0,5718.0,5714.0,3.0,17154.0,30867
2023-05-10 21:15:31,TA2305,TA2305,5714.0,0.0,0.0,0.0,1,5692.0,5704.0,50,5686.0,5718.0,5718.0,5714.0,3.0,17154.0,30867
2023-05-10 21:15:37,TA2305,TA2305,5714.0,0.0,0.0,0.0,1,5692.0,5702.0,50,5686.0,5718.0,5718.0,5714.0,3.0,17154.0,30867
2023-05-10 21:15:38,TA2305,TA2305,5714.0,0.0,0.0,0.0,1,5692.0,5704.0,50,5686.0,5718.0,5718.0,5714.0,3.0,17154.0,30867
2023-05-10 21:15:39,TA2305,TA2305,5714.0,0.0,0.0,0.0,1,5692.0,5702.0,50,5686.0,5718.0,5718.0,5714.0,3.0,17154.0,30867
2023-05-10 21:15:40,TA2305,TA2305,5714.0,0.0,0.0,0.0,1,5692.0,5702.0,32,5686.0,5718.0,5718.0,5714.0,3.0,17154.0,30867
2023-05-10 21:15:40,TA2305,TA2305,5714.0,0.0,0.0,0.0,1,5692.0,5704.0,50,5686.0,5718.0,5718.0,5714.0,3.0,17154.0,30867
2023-05-10 21:15:44,TA2305,TA2305,5714.0,0.0,0.0,0.0,13,5692.0,5704.0,50,5686.0,5718.0,5718.0,5714.0,3.0,17154.0,30867
2023-05-10 21:15:44,TA2305,TA2305,5714.0,0.0,0.0,0.0,7,5692.0,5704.0,50,5686.0,5718.0,5718.0,5714.0,3.0,17154.0,30867
2023-05-10 21:15:56,TA2305,TA2305,5714.0,0.0,0.0,0.0,10,5692.0,5706.0,50,5686.0,5718.0,5718.0,5714.0,3.0,17154.0,30867
2023-05-10 21:15:56,TA2305,TA2305,5714.0,0.0,0.0,0.0,10,5692.0,5704.0,50,5686.0,5718.0,5718.0,5714.0,3.0,17154.0,30867
2023-05-10 21:15:57,TA2305,TA2305,5714.0,0.0,0.0,0.0,3,5692.0,5704.0,50,5686.0,5718.0,5718.0,5714.0,3.0,17154.0,30867
2023-05-10 21:15:57,TA2305,TA2305,5714.0,0.0,0.0,0.0,6,5692.0,5704.0,33,5686.0,5718.0,5718.0,5714.0,3.0,17154.0,30867
2023-05-10 21:15:58,TA2305,TA2305,5714.0,0.0,0.0,0.0,9,5692.0,5706.0,50,5686.0,5718.0,5718.0,5714.0,3.0,17154.0,30867
2023-05-10 21:16:00,TA2305,TA2305,5714.0,0.0,0.0,0.0,6,5694.0,5706.0,50,5686.0,5718.0,5718.0,5714.0,3.0,17154.0,30867
2023-05-10 21:16:00,TA2305,TA2305,5714.0,0.0,0.0,0.0,7,5692.0,5704.0,50,5686.0,5718.0,5718.0,5714.0,3.0,17154.0,30867
2023-05-10 21:16:01,TA2305,TA2305,5714.0,0.0,0.0,0.0,10,5692.0,5706.0,50,5686.0,5718.0,5718.0,5714.0,3.0,17154.0,30867
2023-05-10 21:16:01,TA2305,TA2305,5714.0,0.0,0.0,0.0,7,5692.0,5704.0,5,5686.0,5718.0,5718.0,5714.0,3.0,17154.0,30867
2023-05-10 21:16:01,TA2305,TA2305,5714.0,0.0,0.0,0.0,7,5692.0,5704.0,50,5686.0,5718.0,5718.0,5714.0,3.0,17154.0,30867
2023-05-10 21:16:03,TA2305,TA2305,5714.0,0.0,0.0,0.0,1,5692.0,5704.0,50,5686.0,5718.0,5718.0,5714.0,3.0,17154.0,30867
2023-05-10 21:16:03,TA2305,TA2305,5714.0,0.0,0.0,0.0,1,5692.0,5702.0,50,5686.0,5718.0,5718.0,5714.0,3.0,17154.0,30867
2023-05-10 21:16:08,TA2305,TA2305,5714.0,0.0,0.0,0.0,1,5692.0,5700.0,50,5686.0,5718.0,5718.0,5714.0,3.0,17154.0,30867
2023-05-10 21:16:09,TA2305,TA2305,5714.0,0.0,0.0,0.0,1,5692.0,5698.0,50,5686.0,5718.0,5718.0,5714.0,3.0,17154.0,30867
2023-05-10 21:16:11,TA2305,TA2305,5714.0,0.0,0.0,0.0,1,5692.0,5700.0,50,5686.0,5718.0,5718.0,5714.0,3.0,17154.0,30867
2023-05-10 21:16:12,TA2305,TA2305,5714.0,0.0,0.0,0.0,1,5692.0,5698.0,50,5686.0,5718.0,5718.0,5714.0,3.0,17154.0,30867
2023-05-10 21:16:19,TA2305,TA2305,5714.0,0.0,0.0,0.0,1,5692.0,5696.0,50,5686.0,5718.0,5718.0,5714.0,3.0,17154.0,30867
2023-05-10 21:16:24,TA2305,TA2305,5714.0,0.0,0.0,0.0,1,5692.0,5698.0,50,5686.0,5718.0,5718.0,5714.0,3.0,17154.0,30867
2023-05-10 21:16:24,TA2305,TA2305,5714.0,0.0,0.0,0.0,1,5692.0,5696.0,50,5686.0,5718.0,5718.0,5714.0,3.0,17154.0,30867
2023-05-10 21:16:29,TA2305,TA2305,5714.0,0.0,0.0,0.0,1,5692.0,5694.0,50,5686.0,5718.0,5718.0,5714.0,3.0,17154.0,30867
2023-05-10 21:16:31,TA2305,TA2305,5692.0,1.0,5694.0,-1.0,1,5682.0,5694.0,49,5686.0,5718.0,5718.0,5692.0,4.0,22848.0,30866
2023-05-10 21:16:31,TA2305,TA2305,5692.0,0.0,0.0,0.0,7,5682.0,5694.0,49,5686.0,5718.0,5718.0,5692.0,4.0,22848.0,30866
2023-05-10 21:16:32,TA2305,TA2305,5692.0,0.0,0.0,0.0,16,5680.0,5694.0,49,5686.0,5718.0,5718.0,5692.0,4.0,22848.0,30866
2023-05-10 21:16:33,TA2305,TA2305,5692.0,0.0,0.0,0.0,2,5684.0,5696.0,49,5686.0,5718.0,5718.0,5692.0,4.0,22848.0,30866
2023-05-10 21:16:33,TA2305,TA2305,5692.0,0.0,0.0,0.0,6,5682.0,5696.0,49,5686.0,5718.0,5718.0,5692.0,4.0,22848.0,30866
2023-05-10 21:16:34,TA2305,TA2305,5692.0,0.0,0.0,0.0,6,5684.0,5694.0,49,5686.0,5718.0,5718.0,5692.0,4.0,22848.0,30866
2023-05-10 21:16:35,TA2305,TA2305,5692.0,0.0,0.0,0.0,9,5682.0,5694.0,49,5686.0,5718.0,5718.0,5692.0,4.0,22848.0,30866
2023-05-10 21:16:35,TA2305,TA2305,5692.0,0.0,0.0,0.0,6,5682.0,5694.0,49,5686.0,5718.0,5718.0,5692.0,4.0,22848.0,30866
2023-05-10 21:16:36,TA2305,TA2305,5692.0,0.0,0.0,0.0,9,5682.0,5694.0,49,5686.0,5718.0,5718.0,5692.0,4.0,22848.0,30866
2023-05-10 21:16:41,TA2305,TA2305,5692.0,0.0,0.0,0.0,9,5682.0,5696.0,49,5686.0,5718.0,5718.0,5692.0,4.0,22848.0,30866
2023-05-10 21:16:43,TA2305,TA2305,5692.0,0.0,0.0,0.0,10,5682.0,5696.0,49,5686.0,5718.0,5718.0,5692.0,4.0,22848.0,30866
2023-05-10 21:16:47,TA2305,TA2305,5692.0,0.0,0.0,0.0,7,5684.0,5698.0,49,5686.0,5718.0,5718.0,5692.0,4.0,22848.0,30866
2023-05-10 21:16:47,TA2305,TA2305,5692.0,0.0,0.0,0.0,10,5684.0,5698.0,49,5686.0,5718.0,5718.0,5692.0,4.0,22848.0,30866
2023-05-10 21:16:48,TA2305,TA2305,5692.0,0.0,0.0,0.0,10,5684.0,5696.0,49,5686.0,5718.0,5718.0,5692.0,4.0,22848.0,30866
2023-05-10 21:16:49,TA2305,TA2305,5692.0,0.0,0.0,0.0,7,5684.0,5696.0,49,5686.0,5718.0,5718.0,5692.0,4.0,22848.0,30866
2023-05-10 21:16:49,TA2305,TA2305,5692.0,0.0,0.0,0.0,10,5684.0,5696.0,49,5686.0,5718.0,5718.0,5692.0,4.0,22848.0,30866
2023-05-10 21:16:52,TA2305,TA2305,5692.0,0.0,0.0,0.0,7,5684.0,5696.0,49,5686.0,5718.0,5718.0,5692.0,4.0,22848.0,30866
2023-05-10 21:16:54,TA2305,TA2305,5692.0,0.0,0.0,0.0,9,5684.0,5696.0,49,5686.0,5718.0,5718.0,5692.0,4.0,22848.0,30866
2023-05-10 21:16:54,TA2305,TA2305,5692.0,0.0,0.0,0.0,14,5684.0,5696.0,49,5686.0,5718.0,5718.0,5692.0,4.0,22848.0,30866
2023-05-10 21:16:58,TA2305,TA2305,5692.0,0.0,0.0,0.0,7,5682.0,5696.0,49,5686.0,5718.0,5718.0,5692.0,4.0,22848.0,30866
2023-05-10 21:16:58,TA2305,TA2305,5692.0,0.0,0.0,0.0,9,5684.0,5696.0,49,5686.0,5718.0,5718.0,5692.0,4.0,22848.0,30866
2023-05-10 21:17:00,TA2305,TA2305,5692.0,0.0,0.0,0.0,8,5684.0,5696.0,49,5686.0,5718.0,5718.0,5692.0,4.0,22848.0,30866
2023-05-10 21:17:01,TA2305,TA2305,5692.0,0.0,0.0,0.0,7,5682.0,5694.0,25,5686.0,5718.0,5718.0,5692.0,4.0,22848.0,30866
2023-05-10 21:17:01,TA2305,TA2305,5692.0,0.0,0.0,0.0,9,5682.0,5694.0,49,5686.0,5718.0,5718.0,5692.0,4.0,22848.0,30866
2023-05-10 21:17:04,TA2305,TA2305,5692.0,0.0,0.0,0.0,6,5682.0,5694.0,49,5686.0,5718.0,5718.0,5692.0,4.0,22848.0,30866
2023-05-10 21:17:05,TA2305,TA2305,5692.0,0.0,0.0,0.0,19,5680.0,5692.0,12,5686.0,5718.0,5718.0,5692.0,4.0,22848.0,30866
2023-05-10 21:17:06,TA2305,TA2305,5692.0,0.0,0.0,0.0,16,5680.0,5692.0,5,5686.0,5718.0,5718.0,5692.0,4.0,22848.0,30866
2023-05-10 21:17:06,TA2305,TA2305,5692.0,0.0,0.0,0.0,16,5680.0,5692.0,3,5686.0,5718.0,5718.0,5692.0,4.0,22848.0,30866
2023-05-10 21:17:06,TA2305,TA2305,5692.0,0.0,0.0,0.0,16,5680.0,5694.0,49,5686.0,5718.0,5718.0,5692.0,4.0,22848.0,30866
2023-05-10 21:17:07,TA2305,TA2305,5692.0,0.0,0.0,0.0,6,5682.0,5694.0,49,5686.0,5718.0,5718.0,5692.0,4.0,22848.0,30866
2023-05-10 21:17:09,TA2305,TA2305,5692.0,0.0,0.0,0.0,16,5680.0,5692.0,49,5686.0,5718.0,5718.0,5692.0,4.0,22848.0,30866
2023-05-10 21:17:09,TA2305,TA2305,5692.0,0.0,0.0,0.0,19,5680.0,5692.0,49,5686.0,5718.0,5718.0,5692.0,4.0,22848.0,30866
2023-05-10 21:17:11,TA2305,TA2305,5692.0,0.0,0.0,0.0,19,5680.0,5692.0,1,5686.0,5718.0,5718.0,5692.0,4.0,22848.0,30866
2023-05-10 21:17:11,TA2305,TA2305,5692.0,0.0,0.0,0.0,16,5680.0,5692.0,49,5686.0,5718.0,5718.0,5692.0,4.0,22848.0,30866
2023-05-10 21:17:11,TA2305,TA2305,5692.0,0.0,0.0,0.0,19,5680.0,5692.0,49,5686.0,5718.0,5718.0,5692.0,4.0,22848.0,30866
2023-05-10 21:17:12,TA2305,TA2305,5692.0,0.0,0.0,0.0,16,5680.0,5692.0,49,5686.0,5718.0,5718.0,5692.0,4.0,22848.0,30866
2023-05-10 21:17:14,TA2305,TA2305,5692.0,0.0,0.0,0.0,16,5680.0,5694.0,49,5686.0,5718.0,5718.0,5692.0,4.0,22848.0,30866
2023-05-10 21:17:14,TA2305,TA2305,5692.0,0.0,0.0,0.0,9,5682.0,5694.0,49,5686.0,5718.0,5718.0,5692.0,4.0,22848.0,30866
2023-05-10 21:17:15,TA2305,TA2305,5692.0,0.0,0.0,0.0,17,5680.0,5692.0,49,5686.0,5718.0,5718.0,5692.0,4.0,22848.0,30866
2023-05-10 21:17:17,TA2305,TA2305,5692.0,0.0,0.0,0.0,16,5680.0,5692.0,49,5686.0,5718.0,5718.0,5692.0,4.0,22848.0,30866
2023-05-10 21:17:19,TA2305,TA2305,5692.0,0.0,0.0,0.0,6,5678.0,5692.0,49,5686.0,5718.0,5718.0,5692.0,4.0,22848.0,30866
2023-05-10 21:17:20,TA2305,TA2305,5692.0,0.0,0.0,0.0,7,5678.0,5692.0,49,5686.0,5718.0,5718.0,5692.0,4.0,22848.0,30866
2023-05-10 21:17:24,TA2305,TA2305,5692.0,0.0,0.0,0.0,6,5678.0,5692.0,49,5686.0,5718.0,5718.0,5692.0,4.0,22848.0,30866
2023-05-10 21:17:26,TA2305,TA2305,5692.0,0.0,0.0,0.0,7,5678.0,5692.0,49,5686.0,5718.0,5718.0,5692.0,4.0,22848.0,30866
2023-05-10 21:17:27,TA2305,TA2305,5692.0,0.0,0.0,0.0,5,5678.0,5692.0,49,5686.0,5718.0,5718.0,5692.0,4.0,22848.0,30866
2023-05-10 21:17:28,TA2305,TA2305,5692.0,0.0,0.0,0.0,6,5678.0,5692.0,49,5686.0,5718.0,5718.0,5692.0,4.0,22848.0,30866
2023-05-10 21:17:33,TA2305,TA2305,5692.0,0.0,0.0,0.0,5,5678.0,5692.0,49,5686.0,5718.0,5718.0,5692.0,4.0,22848.0,30866
2023-05-10 21:17:35,TA2305,TA2305,5692.0,0.0,0.0,0.0,6,5678.0,5692.0,49,5686.0,5718.0,5718.0,5692.0,4.0,22848.0,30866
2023-05-10 21:17:38,TA2305,TA2305,5692.0,0.0,0.0,0.0,5,5678.0,5692.0,49,5686.0,5718.0,5718.0,5692.0,4.0,22848.0,30866
2023-05-10 21:17:39,TA2305,TA2305,5692.0,0.0,0.0,0.0,7,5678.0,5692.0,49,5686.0,5718.0,5718.0,5692.0,4.0,22848.0,30866
2023-05-10 21:17:41,TA2305,TA2305,5692.0,0.0,0.0,0.0,8,5678.0,5692.0,49,5686.0,5718.0,5718.0,5692.0,4.0,22848.0,30866
2023-05-10 21:17:42,TA2305,TA2305,5692.0,0.0,0.0,0.0,9,5678.0,5694.0,49,5686.0,5718.0,5718.0,5692.0,4.0,22848.0,30866
2023-05-10 21:17:43,TA2305,TA2305,5692.0,0.0,0.0,0.0,14,5680.0,5692.0,49,5686.0,5718.0,5718.0,5692.0,4.0,22848.0,30866
2023-05-10 21:17:43,TA2305,TA2305,5692.0,0.0,0.0,0.0,4,5680.0,5692.0,49,5686.0,5718.0,5718.0,5692.0,4.0,22848.0,30866
2023-05-10 21:17:43,TA2305,TA2305,5692.0,0.0,0.0,0.0,14,5680.0,5692.0,49,5686.0,5718.0,5718.0,5692.0,4.0,22848.0,30866
2023-05-10 21:17:43,TA2305,TA2305,5692.0,0.0,0.0,0.0,4,5680.0,5692.0,49,5686.0,5718.0,5718.0,5692.0,4.0,22848.0,30866
2023-05-10 21:17:45,TA2305,TA2305,5692.0,0.0,0.0,0.0,10,5678.0,5692.0,49,5686.0,5718.0,5718.0,5692.0,4.0,22848.0,30866
2023-05-10 21:17:47,TA2305,TA2305,5692.0,0.0,0.0,0.0,9,5678.0,5692.0,49,5686.0,5718.0,5718.0,5692.0,4.0,22848.0,30866
2023-05-10 21:17:48,TA2305,TA2305,5692.0,0.0,0.0,0.0,10,5678.0,5692.0,49,5686.0,5718.0,5718.0,5692.0,4.0,22848.0,30866
2023-05-10 21:17:49,TA2305,TA2305,5692.0,0.0,0.0,0.0,49,5676.0,5690.0,49,5686.0,5718.0,5718.0,5692.0,4.0,22848.0,30866
2023-05-10 21:17:50,TA2305,TA2305,5692.0,0.0,0.0,0.0,4,5678.0,5692.0,49,5686.0,5718.0,5718.0,5692.0,4.0,22848.0,30866
2023-05-10 21:17:52,TA2305,TA2305,5692.0,0.0,0.0,0.0,9,5678.0,5692.0,49,5686.0,5718.0,5718.0,5692.0,4.0,22848.0,30866
2023-05-10 21:17:55,TA2305,TA2305,5692.0,0.0,0.0,0.0,10,5678.0,5692.0,49,5686.0,5718.0,5718.0,5692.0,4.0,22848.0,30866
2023-05-10 21:17:56,TA2305,TA2305,5692.0,0.0,0.0,0.0,5,5680.0,5694.0,49,5686.0,5718.0,5718.0,5692.0,4.0,22848.0,30866
2023-05-10 21:17:56,TA2305,TA2305,5692.0,0.0,0.0,0.0,18,5680.0,5694.0,49,5686.0,5718.0,5718.0,5692.0,4.0,22848.0,30866
2023-05-10 21:17:57,TA2305,TA2305,5692.0,0.0,0.0,0.0,19,5680.0,5694.0,49,5686.0,5718.0,5718.0,5692.0,4.0,22848.0,30866
2023-05-10 21:17:58,TA2305,TA2305,5692.0,0.0,0.0,0.0,12,5680.0,5694.0,49,5686.0,5718.0,5718.0,5692.0,4.0,22848.0,30866
2023-05-10 21:17:58,TA2305,TA2305,5692.0,0.0,0.0,0.0,15,5680.0,5694.0,49,5686.0,5718.0,5718.0,5692.0,4.0,22848.0,30866
2023-05-10 21:18:01,TA2305,TA2305,5692.0,0.0,0.0,0.0,7,5680.0,5692.0,49,5686.0,5718.0,5718.0,5692.0,4.0,22848.0,30866
2023-05-10 21:18:01,TA2305,TA2305,5692.0,0.0,0.0,0.0,1,5680.0,5692.0,49,5686.0,5718.0,5718.0,5692.0,4.0,22848.0,30866
2023-05-10 21:18:02,TA2305,TA2305,5692.0,0.0,0.0,0.0,5,5680.0,5692.0,49,5686.0,5718.0,5718.0,5692.0,4.0,22848.0,30866
2023-05-10 21:18:02,TA2305,TA2305,5692.0,0.0,0.0,0.0,7,5680.0,5692.0,49,5686.0,5718.0,5718.0,5692.0,4.0,22848.0,30866
2023-05-10 21:18:07,TA2305,TA2305,5692.0,0.0,0.0,0.0,5,5680.0,5692.0,49,5686.0,5718.0,5718.0,5692.0,4.0,22848.0,30866
2023-05-10 21:18:07,TA2305,TA2305,5692.0,0.0,0.0,0.0,3,5680.0,5692.0,49,5686.0,5718.0,5718.0,5692.0,4.0,22848.0,30866
2023-05-10 21:18:08,TA2305,TA2305,5692.0,0.0,0.0,0.0,11,5680.0,5692.0,49,5686.0,5718.0,5718.0,5692.0,4.0,22848.0,30866
2023-05-10 21:18:11,TA2305,TA2305,5692.0,0.0,0.0,0.0,17,5680.0,5694.0,49,5686.0,5718.0,5718.0,5692.0,4.0,22848.0,30866
2023-05-10 21:18:12,TA2305,TA2305,5692.0,0.0,0.0,0.0,4,5682.0,5694.0,49,5686.0,5718.0,5718.0,5692.0,4.0,22848.0,30866
2023-05-10 21:18:12,TA2305,TA2305,5692.0,0.0,0.0,0.0,3,5682.0,5694.0,49,5686.0,5718.0,5718.0,5692.0,4.0,22848.0,30866
2023-05-10 21:18:12,TA2305,TA2305,5692.0,0.0,0.0,0.0,9,5682.0,5694.0,49,5686.0,5718.0,5718.0,5692.0,4.0,22848.0,30866
2023-05-10 21:18:14,TA2305,TA2305,5692.0,0.0,0.0,0.0,9,5682.0,5696.0,49,5686.0,5718.0,5718.0,5692.0,4.0,22848.0,30866
2023-05-10 21:18:18,TA2305,TA2305,5692.0,0.0,0.0,0.0,9,5682.0,5694.0,49,5686.0,5718.0,5718.0,5692.0,4.0,22848.0,30866
2023-05-10 21:18:20,TA2305,TA2305,5692.0,0.0,0.0,0.0,13,5680.0,5694.0,49,5686.0,5718.0,5718.0,5692.0,4.0,22848.0,30866
2023-05-10 21:18:21,TA2305,TA2305,5692.0,0.0,0.0,0.0,7,5680.0,5692.0,49,5686.0,5718.0,5718.0,5692.0,4.0,22848.0,30866
2023-05-10 21:18:22,TA2305,TA2305,5692.0,0.0,0.0,0.0,1,5680.0,5692.0,49,5686.0,5718.0,5718.0,5692.0,4.0,22848.0,30866
2023-05-10 21:18:22,TA2305,TA2305,5692.0,0.0,0.0,0.0,1,5680.0,5690.0,49,5686.0,5718.0,5718.0,5692.0,4.0,22848.0,30866
2023-05-10 21:18:23,TA2305,TA2305,5692.0,0.0,0.0,0.0,1,5680.0,5690.0,32,5686.0,5718.0,5718.0,5692.0,4.0,22848.0,30866
2023-05-10 21:18:23,TA2305,TA2305,5692.0,0.0,0.0,0.0,1,5680.0,5692.0,49,5686.0,5718.0,5718.0,5692.0,4.0,22848.0,30866
2023-05-10 21:18:25,TA2305,TA2305,5692.0,0.0,0.0,0.0,7,5680.0,5692.0,49,5686.0,5718.0,5718.0,5692.0,4.0,22848.0,30866
2023-05-10 21:18:25,TA2305,TA2305,5692.0,0.0,0.0,0.0,1,5680.0,5690.0,49,5686.0,5718.0,5718.0,5692.0,4.0,22848.0,30866
2023-05-10 21:18:41,TA2305,TA2305,5692.0,0.0,0.0,0.0,1,5680.0,5688.0,49,5686.0,5718.0,5718.0,5692.0,4.0,22848.0,30866
2023-05-10 21:18:42,TA2305,TA2305,5692.0,0.0,0.0,0.0,1,5680.0,5690.0,49,5686.0,5718.0,5718.0,5692.0,4.0,22848.0,30866
2023-05-10 21:18:48,TA2305,TA2305,5692.0,0.0,0.0,0.0,1,5680.0,5688.0,49,5686.0,5718.0,5718.0,5692.0,4.0,22848.0,30866
2023-05-10 21:18:49,TA2305,TA2305,5692.0,0.0,0.0,0.0,1,5680.0,5690.0,49,5686.0,5718.0,5718.0,5692.0,4.0,22848.0,30866
2023-05-10 21:18:50,TA2305,TA2305,5692.0,0.0,0.0,0.0,1,5680.0,5688.0,49,5686.0,5718.0,5718.0,5692.0,4.0,22848.0,30866
2023-05-10 21:18:50,TA2305,TA2305,5692.0,0.0,0.0,0.0,1,5680.0,5690.0,49,5686.0,5718.0,5718.0,5692.0,4.0,22848.0,30866
2023-05-10 21:18:52,TA2305,TA2305,5692.0,0.0,0.0,0.0,1,5680.0,5692.0,49,5686.0,5718.0,5718.0,5692.0,4.0,22848.0,30866
2023-05-10 21:18:52,TA2305,TA2305,5692.0,0.0,0.0,0.0,1,5680.0,5690.0,49,5686.0,5718.0,5718.0,5692.0,4.0,22848.0,30866
2023-05-10 21:18:55,TA2305,TA2305,5692.0,0.0,0.0,0.0,1,5680.0,5688.0,4,5686.0,5718.0,5718.0,5692.0,4.0,22848.0,30866
2023-05-10 21:18:55,TA2305,TA2305,5692.0,0.0,0.0,0.0,1,5680.0,5690.0,49,5686.0,5718.0,5718.0,5692.0,4.0,22848.0,30866
2023-05-10 21:18:56,TA2305,TA2305,5692.0,0.0,0.0,0.0,1,5680.0,5688.0,49,5686.0,5718.0,5718.0,5692.0,4.0,22848.0,30866
2023-05-10 21:18:58,TA2305,TA2305,5692.0,0.0,0.0,0.0,1,5680.0,5690.0,49,5686.0,5718.0,5718.0,5692.0,4.0,22848.0,30866
2023-05-10 21:18:59,TA2305,TA2305,5692.0,0.0,0.0,0.0,1,5680.0,5688.0,49,5686.0,5718.0,5718.0,5692.0,4.0,22848.0,30866
2023-05-10 21:19:04,TA2305,TA2305,5692.0,0.0,0.0,0.0,1,5680.0,5690.0,49,5686.0,5718.0,5718.0,5692.0,4.0,22848.0,30866
2023-05-10 21:19:07,TA2305,TA2305,5692.0,0.0,0.0,0.0,1,5680.0,5692.0,49,5686.0,5718.0,5718.0,5692.0,4.0,22848.0,30866
2023-05-10 21:19:08,TA2305,TA2305,5692.0,0.0,0.0,0.0,10,5680.0,5692.0,49,5686.0,5718.0,5718.0,5692.0,4.0,22848.0,30866
2023-05-10 21:19:12,TA2305,TA2305,5692.0,0.0,0.0,0.0,10,5680.0,5694.0,49,5686.0,5718.0,5718.0,5692.0,4.0,22848.0,30866
2023-05-10 21:19:13,TA2305,TA2305,5692.0,0.0,0.0,0.0,15,5680.0,5694.0,49,5686.0,5718.0,5718.0,5692.0,4.0,22848.0,30866
2023-05-10 21:19:16,TA2305,TA2305,5692.0,0.0,0.0,0.0,1,5682.0,5694.0,49,5686.0,5718.0,5718.0,5692.0,4.0,22848.0,30866
2023-05-10 21:19:16,TA2305,TA2305,5692.0,0.0,0.0,0.0,12,5682.0,5694.0,49,5686.0,5718.0,5718.0,5692.0,4.0,22848.0,30866
2023-05-10 21:19:19,TA2305,TA2305,5692.0,0.0,0.0,0.0,15,5682.0,5694.0,49,5686.0,5718.0,5718.0,5692.0,4.0,22848.0,30866
2023-05-10 21:19:19,TA2305,TA2305,5692.0,0.0,0.0,0.0,10,5682.0,5696.0,49,5686.0,5718.0,5718.0,5692.0,4.0,22848.0,30866
2023-05-10 21:19:20,TA2305,TA2305,5692.0,0.0,0.0,0.0,13,5682.0,5694.0,49,5686.0,5718.0,5718.0,5692.0,4.0,22848.0,30866
2023-05-10 21:19:20,TA2305,TA2305,5692.0,0.0,0.0,0.0,15,5680.0,5694.0,49,5686.0,5718.0,5718.0,5692.0,4.0,22848.0,30866
2023-05-10 21:19:22,TA2305,TA2305,5692.0,0.0,0.0,0.0,15,5680.0,5696.0,49,5686.0,5718.0,5718.0,5692.0,4.0,22848.0,30866
2023-05-10 21:19:23,TA2305,TA2305,5692.0,0.0,0.0,0.0,12,5680.0,5694.0,49,5686.0,5718.0,5718.0,5692.0,4.0,22848.0,30866
2023-05-10 21:19:23,TA2305,TA2305,5692.0,0.0,0.0,0.0,15,5680.0,5694.0,49,5686.0,5718.0,5718.0,5692.0,4.0,22848.0,30866
2023-05-10 21:19:26,TA2305,TA2305,5692.0,0.0,0.0,0.0,25,5680.0,5694.0,49,5686.0,5718.0,5718.0,5692.0,4.0,22848.0,30866
2023-05-10 21:19:39,TA2305,TA2305,5692.0,0.0,0.0,0.0,25,5680.0,5692.0,49,5686.0,5718.0,5718.0,5692.0,4.0,22848.0,30866
2023-05-10 21:19:39,TA2305,TA2305,5692.0,0.0,0.0,0.0,5,5680.0,5692.0,49,5686.0,5718.0,5718.0,5692.0,4.0,22848.0,30866
2023-05-10 21:19:40,TA2305,TA2305,5692.0,0.0,0.0,0.0,8,5680.0,5692.0,49,5686.0,5718.0,5718.0,5692.0,4.0,22848.0,30866
2023-05-10 21:19:41,TA2305,TA2305,5692.0,0.0,0.0,0.0,1,5680.0,5692.0,49,5686.0,5718.0,5718.0,5692.0,4.0,22848.0,30866
2023-05-10 21:20:17,TA2305,TA2305,5692.0,0.0,0.0,0.0,1,5680.0,5694.0,49,5686.0,5718.0,5718.0,5692.0,4.0,22848.0,30866
2023-05-10 21:20:17,TA2305,TA2305,5692.0,0.0,0.0,0.0,1,5680.0,5692.0,49,5686.0,5718.0,5718.0,5692.0,4.0,22848.0,30866
2023-05-10 21:20:54,TA2305,TA2305,5692.0,0.0,0.0,0.0,1,5680.0,5694.0,49,5686.0,5718.0,5718.0,5692.0,4.0,22848.0,30866
2023-05-10 21:20:55,TA2305,TA2305,5692.0,0.0,0.0,0.0,1,5680.0,5692.0,49,5686.0,5718.0,5718.0,5692.0,4.0,22848.0,30866
2023-05-10 21:20:56,TA2305,TA2305,5692.0,0.0,0.0,0.0,1,5680.0,5690.0,49,5686.0,5718.0,5718.0,5692.0,4.0,22848.0,30866
2023-05-10 21:21:13,TA2305,TA2305,5692.0,0.0,0.0,0.0,1,5680.0,5692.0,49,5686.0,5718.0,5718.0,5692.0,4.0,22848.0,30866
2023-05-10 21:21:16,TA2305,TA2305,5692.0,0.0,0.0,0.0,1,5680.0,5690.0,49,5686.0,5718.0,5718.0,5692.0,4.0,22848.0,30866
2023-05-10 21:21:29,TA2305,TA2305,5692.0,0.0,0.0,0.0,1,5680.0,5692.0,49,5686.0,5718.0,5718.0,5692.0,4.0,22848.0,30866
2023-05-10 21:21:31,TA2305,TA2305,5692.0,0.0,0.0,0.0,1,5680.0,5694.0,49,5686.0,5718.0,5718.0,5692.0,4.0,22848.0,30866
2023-05-10 21:21:35,TA2305,TA2305,5692.0,0.0,0.0,0.0,1,5680.0,5692.0,49,5686.0,5718.0,5718.0,5692.0,4.0,22848.0,30866
2023-05-10 21:21:44,TA2305,TA2305,5692.0,0.0,0.0,0.0,1,5680.0,5690.0,49,5686.0,5718.0,5718.0,5692.0,4.0,22848.0,30866
2023-05-10 21:22:00,TA2305,TA2305,5692.0,0.0,0.0,0.0,1,5680.0,5688.0,49,5686.0,5718.0,5718.0,5692.0,4.0,22848.0,30866
2023-05-10 21:22:02,TA2305,TA2305,5692.0,0.0,0.0,0.0,1,5680.0,5690.0,49,5686.0,5718.0,5718.0,5692.0,4.0,22848.0,30866
2023-05-10 21:22:47,TA2305,TA2305,5692.0,0.0,0.0,0.0,1,5680.0,5688.0,49,5686.0,5718.0,5718.0,5692.0,4.0,22848.0,30866
2023-05-10 21:22:59,TA2305,TA2305,5692.0,0.0,0.0,0.0,1,5680.0,5690.0,49,5686.0,5718.0,5718.0,5692.0,4.0,22848.0,30866
2023-05-10 21:23:16,TA2305,TA2305,5692.0,0.0,0.0,0.0,1,5680.0,5692.0,49,5686.0,5718.0,5718.0,5692.0,4.0,22848.0,30866
2023-05-10 21:23:24,TA2305,TA2305,5692.0,0.0,0.0,0.0,1,5680.0,5694.0,49,5686.0,5718.0,5718.0,5692.0,4.0,22848.0,30866
2023-05-10 21:23:29,TA2305,TA2305,5692.0,0.0,0.0,0.0,1,5680.0,5692.0,49,5686.0,5718.0,5718.0,5692.0,4.0,22848.0,30866
2023-05-10 21:23:30,TA2305,TA2305,5692.0,0.0,0.0,0.0,1,5680.0,5694.0,49,5686.0,5718.0,5718.0,5692.0,4.0,22848.0,30866
2023-05-10 21:23:31,TA2305,TA2305,5692.0,0.0,0.0,0.0,1,5680.0,5692.0,49,5686.0,5718.0,5718.0,5692.0,4.0,22848.0,30866
2023-05-10 21:23:31,TA2305,TA2305,5692.0,0.0,0.0,0.0,1,5680.0,5694.0,49,5686.0,5718.0,5718.0,5692.0,4.0,22848.0,30866
2023-05-10 21:23:37,TA2305,TA2305,5692.0,0.0,0.0,0.0,1,5680.0,5696.0,49,5686.0,5718.0,5718.0,5692.0,4.0,22848.0,30866
2023-05-10 21:24:01,TA2305,TA2305,5692.0,0.0,0.0,0.0,1,5680.0,5694.0,49,5686.0,5718.0,5718.0,5692.0,4.0,22848.0,30866
2023-05-10 21:24:02,TA2305,TA2305,5692.0,0.0,0.0,0.0,1,5680.0,5696.0,49,5686.0,5718.0,5718.0,5692.0,4.0,22848.0,30866
2023-05-10 21:24:20,TA2305,TA2305,5692.0,0.0,0.0,0.0,1,5680.0,5698.0,49,5686.0,5718.0,5718.0,5692.0,4.0,22848.0,30866
2023-05-10 21:24:36,TA2305,TA2305,5692.0,0.0,0.0,0.0,1,5680.0,5696.0,49,5686.0,5718.0,5718.0,5692.0,4.0,22848.0,30866
2023-05-10 21:24:43,TA2305,TA2305,5692.0,0.0,0.0,0.0,1,5680.0,5694.0,49,5686.0,5718.0,5718.0,5692.0,4.0,22848.0,30866
2023-05-10 21:24:48,TA2305,TA2305,5692.0,0.0,0.0,0.0,1,5680.0,5696.0,49,5686.0,5718.0,5718.0,5692.0,4.0,22848.0,30866
2023-05-10 21:25:02,TA2305,TA2305,5692.0,0.0,0.0,0.0,1,5680.0,5694.0,49,5686.0,5718.0,5718.0,5692.0,4.0,22848.0,30866
2023-05-10 21:25:46,TA2305,TA2305,5692.0,0.0,0.0,0.0,1,5680.0,5692.0,49,5686.0,5718.0,5718.0,5692.0,4.0,22848.0,30866
2023-05-10 21:25:55,TA2305,TA2305,5692.0,0.0,0.0,0.0,1,5680.0,5694.0,49,5686.0,5718.0,5718.0,5692.0,4.0,22848.0,30866
2023-05-10 21:26:05,TA2305,TA2305,5692.0,0.0,0.0,0.0,1,5680.0,5696.0,49,5686.0,5718.0,5718.0,5692.0,4.0,22848.0,30866
2023-05-10 21:26:06,TA2305,TA2305,5692.0,0.0,0.0,0.0,1,5680.0,5694.0,49,5686.0,5718.0,5718.0,5692.0,4.0,22848.0,30866
2023-05-10 21:26:10,TA2305,TA2305,5692.0,0.0,0.0,0.0,1,5680.0,5694.0,43,5686.0,5718.0,5718.0,5692.0,4.0,22848.0,30866
2023-05-10 21:26:10,TA2305,TA2305,5692.0,0.0,0.0,0.0,1,5680.0,5694.0,49,5686.0,5718.0,5718.0,5692.0,4.0,22848.0,30866
2023-05-10 21:26:19,TA2305,TA2305,5692.0,0.0,0.0,0.0,1,5680.0,5692.0,27,5686.0,5718.0,5718.0,5692.0,4.0,22848.0,30866
2023-05-10 21:26:19,TA2305,TA2305,5692.0,0.0,0.0,0.0,1,5680.0,5692.0,49,5686.0,5718.0,5718.0,5692.0,4.0,22848.0,30866
2023-05-10 21:26:19,TA2305,TA2305,5692.0,0.0,0.0,0.0,1,5680.0,5692.0,48,5686.0,5718.0,5718.0,5692.0,4.0,22848.0,30866
2023-05-10 21:26:20,TA2305,TA2305,5692.0,0.0,0.0,0.0,1,5680.0,5692.0,49,5686.0,5718.0,5718.0,5692.0,4.0,22848.0,30866
2023-05-10 21:26:21,TA2305,TA2305,5692.0,0.0,0.0,0.0,1,5680.0,5692.0,12,5686.0,5718.0,5718.0,5692.0,4.0,22848.0,30866
2023-05-10 21:26:21,TA2305,TA2305,5692.0,0.0,0.0,0.0,1,5680.0,5694.0,49,5686.0,5718.0,5718.0,5692.0,4.0,22848.0,30866
2023-05-10 21:26:22,TA2305,TA2305,5692.0,0.0,0.0,0.0,1,5680.0,5692.0,49,5686.0,5718.0,5718.0,5692.0,4.0,22848.0,30866
2023-05-10 21:27:02,TA2305,TA2305,5692.0,0.0,0.0,0.0,1,5680.0,5690.0,49,5686.0,5718.0,5718.0,5692.0,4.0,22848.0,30866
2023-05-10 21:27:02,TA2305,TA2305,5692.0,0.0,0.0,0.0,1,5680.0,5692.0,49,5686.0,5718.0,5718.0,5692.0,4.0,22848.0,30866
