time,symbol_id,symbol_name,last,trade_volume,trade_amount,open_interest_change,bv1,bp1,ap1,av1,yesterday_close,today_open,today_high,today_low,volume,amount,open_interest
2015-05-11 09:15:00,IC1512,IC1512,7859.0,0.0,0.0,0.0,1,7820.0,7900.0,1,7859.0,7899.8,0.0,0.0,0.0,0.0,932
2015-05-11 09:15:00,IC1512,IC1512,7859.0,0.0,0.0,0.0,1,7870.2,7888.6,3,7859.0,7899.8,0.0,0.0,0.0,0.0,932
2015-05-11 09:15:01,IC1512,IC1512,7859.0,0.0,0.0,0.0,1,7820.0,7888.4,2,7859.0,7899.8,0.0,0.0,0.0,0.0,932
2015-05-11 09:15:01,IC1512,IC1512,7859.0,0.0,0.0,0.0,1,7865.2,7888.2,1,7859.0,7899.8,0.0,0.0,0.0,0.0,932
2015-05-11 09:15:02,IC1512,IC1512,7859.0,0.0,0.0,0.0,1,7865.2,7888.0,1,7859.0,7899.8,0.0,0.0,0.0,0.0,932
2015-05-11 09:15:02,IC1512,IC1512,7859.0,0.0,0.0,0.0,2,7865.4,7888.0,1,7859.0,7899.8,0.0,0.0,0.0,0.0,932
2015-05-11 09:15:03,IC1512,IC1512,7859.0,0.0,0.0,0.0,1,7866.4,7888.0,1,7859.0,7899.8,0.0,0.0,0.0,0.0,932
2015-05-11 09:15:03,IC1512,IC1512,7859.0,0.0,0.0,0.0,1,7825.4,7888.0,1,7859.0,7899.8,0.0,0.0,0.0,0.0,932
2015-05-11 09:15:04,IC1512,IC1512,7859.0,0.0,0.0,0.0,1,7865.4,7887.8,1,7859.0,7899.8,0.0,0.0,0.0,0.0,932
2015-05-11 09:15:04,IC1512,IC1512,7859.0,0.0,0.0,0.0,2,7865.6,7887.6,1,7859.0,7899.8,0.0,0.0,0.0,0.0,932
2015-05-11 09:15:05,IC1512,IC1512,7859.0,0.0,0.0,0.0,1,7876.4,7887.6,1,7859.0,7899.8,0.0,0.0,0.0,0.0,932
2015-05-11 09:15:06,IC1512,IC1512,7859.0,0.0,0.0,0.0,1,7876.6,7887.6,1,7859.0,7899.8,0.0,0.0,0.0,0.0,932
2015-05-11 09:15:08,IC1512,IC1512,7859.0,0.0,0.0,0.0,1,7876.6,7887.4,1,7859.0,7899.8,0.0,0.0,0.0,0.0,932
2015-05-11 09:15:08,IC1512,IC1512,7859.0,0.0,0.0,0.0,1,7876.6,7887.2,1,7859.0,7899.8,0.0,0.0,0.0,0.0,932
2015-05-11 09:15:09,IC1512,IC1512,7859.0,0.0,0.0,0.0,1,7830.0,7887.2,1,7859.0,7899.8,0.0,0.0,0.0,0.0,932
2015-05-11 09:15:09,IC1512,IC1512,7859.0,0.0,0.0,0.0,1,7865.4,7887.2,1,7859.0,7899.8,0.0,0.0,0.0,0.0,932
2015-05-11 09:15:10,IC1512,IC1512,7859.0,0.0,0.0,0.0,1,7831.4,7887.2,1,7859.0,7899.8,0.0,0.0,0.0,0.0,932
2015-05-11 09:15:10,IC1512,IC1512,7859.0,0.0,0.0,0.0,1,7864.0,7887.2,1,7859.0,7899.8,0.0,0.0,0.0,0.0,932
2015-05-11 09:15:11,IC1512,IC1512,7859.0,0.0,0.0,0.0,1,7862.6,7887.2,1,7859.0,7899.8,0.0,0.0,0.0,0.0,932
2015-05-11 09:15:11,IC1512,IC1512,7859.0,0.0,0.0,0.0,1,7860.6,7887.2,1,7859.0,7899.8,0.0,0.0,0.0,0.0,932
2015-05-11 09:15:12,IC1512,IC1512,7859.0,0.0,0.0,0.0,1,7860.8,7887.2,1,7859.0,7899.8,0.0,0.0,0.0,0.0,932
2015-05-11 09:15:12,IC1512,IC1512,7859.0,0.0,0.0,0.0,1,7861.0,7887.0,1,7859.0,7899.8,0.0,0.0,0.0,0.0,932
2015-05-11 09:15:13,IC1512,IC1512,7859.0,0.0,0.0,0.0,1,7861.0,7887.0,2,7859.0,7899.8,0.0,0.0,0.0,0.0,932
2015-05-11 09:15:13,IC1512,IC1512,7859.0,0.0,0.0,0.0,1,7843.4,7886.8,1,7859.0,7899.8,0.0,0.0,0.0,0.0,932
2015-05-11 09:15:14,IC1512,IC1512,7859.0,0.0,0.0,0.0,1,7835.0,7886.6,1,7859.0,7899.8,0.0,0.0,0.0,0.0,932
2015-05-11 09:15:14,IC1512,IC1512,7859.0,0.0,0.0,0.0,1,7863.8,7884.4,1,7859.0,7899.8,0.0,0.0,0.0,0.0,932
2015-05-11 09:15:15,IC1512,IC1512,7859.0,0.0,0.0,0.0,1,7864.0,7884.2,1,7859.0,7899.8,0.0,0.0,0.0,0.0,932
2015-05-11 09:15:15,IC1512,IC1512,7859.0,0.0,0.0,0.0,1,7864.2,7884.0,1,7859.0,7899.8,0.0,0.0,0.0,0.0,932
2015-05-11 09:15:16,IC1512,IC1512,7859.0,0.0,0.0,0.0,1,7850.0,7883.8,2,7859.0,7899.8,0.0,0.0,0.0,0.0,932
2015-05-11 09:15:17,IC1512,IC1512,7859.0,0.0,0.0,0.0,1,7850.2,7883.8,2,7859.0,7899.8,0.0,0.0,0.0,0.0,932
2015-05-11 09:15:18,IC1512,IC1512,7859.0,0.0,0.0,0.0,3,7850.2,7883.8,1,7859.0,7899.8,0.0,0.0,0.0,0.0,932
2015-05-11 09:15:18,IC1512,IC1512,7859.0,0.0,0.0,0.0,1,7861.8,7883.8,1,7859.0,7899.8,0.0,0.0,0.0,0.0,932
2015-05-11 09:15:19,IC1512,IC1512,7859.0,0.0,0.0,0.0,1,7850.4,7883.8,1,7859.0,7899.8,0.0,0.0,0.0,0.0,932
2015-05-11 09:15:19,IC1512,IC1512,7859.0,0.0,0.0,0.0,1,7846.8,7883.6,1,7859.0,7899.8,0.0,0.0,0.0,0.0,932
2015-05-11 09:15:20,IC1512,IC1512,7859.0,0.0,0.0,0.0,1,7847.0,7883.4,2,7859.0,7899.8,0.0,0.0,0.0,0.0,932
2015-05-11 09:15:20,IC1512,IC1512,7859.0,0.0,0.0,0.0,1,7855.0,7883.4,1,7859.0,7899.8,0.0,0.0,0.0,0.0,932
2015-05-11 09:15:21,IC1512,IC1512,7859.0,0.0,0.0,0.0,1,7847.2,7883.4,1,7859.0,7899.8,0.0,0.0,0.0,0.0,932
2015-05-11 09:15:21,IC1512,IC1512,7859.0,0.0,0.0,0.0,1,7856.6,7883.4,1,7859.0,7899.8,0.0,0.0,0.0,0.0,932
2015-05-11 09:15:22,IC1512,IC1512,7859.0,0.0,0.0,0.0,1,7847.4,7883.4,1,7859.0,7899.8,0.0,0.0,0.0,0.0,932
2015-05-11 09:15:22,IC1512,IC1512,7859.0,0.0,0.0,0.0,1,7860.6,7883.4,1,7859.0,7899.8,0.0,0.0,0.0,0.0,932
2015-05-11 09:15:23,IC1512,IC1512,7859.0,0.0,0.0,0.0,1,7856.2,7883.4,1,7859.0,7899.8,0.0,0.0,0.0,0.0,932
2015-05-11 09:15:23,IC1512,IC1512,7859.0,0.0,0.0,0.0,1,7861.8,7883.4,1,7859.0,7899.8,0.0,0.0,0.0,0.0,932
2015-05-11 09:15:24,IC1512,IC1512,7859.0,0.0,0.0,0.0,2,7862.0,7883.4,1,7859.0,7899.8,0.0,0.0,0.0,0.0,932
2015-05-11 09:15:25,IC1512,IC1512,7859.0,0.0,0.0,0.0,2,7862.2,7883.4,1,7859.0,7899.8,0.0,0.0,0.0,0.0,932
2015-05-11 09:15:26,IC1512,IC1512,7859.0,0.0,0.0,0.0,1,7862.2,7883.4,1,7859.0,7899.8,0.0,0.0,0.0,0.0,932
2015-05-11 09:15:26,IC1512,IC1512,7859.0,0.0,0.0,0.0,2,7862.4,7883.4,1,7859.0,7899.8,0.0,0.0,0.0,0.0,932
2015-05-11 09:15:27,IC1512,IC1512,7859.0,0.0,0.0,0.0,1,7862.4,7883.4,1,7859.0,7899.8,0.0,0.0,0.0,0.0,932
2015-05-11 09:15:27,IC1512,IC1512,7859.0,0.0,0.0,0.0,1,7862.6,7883.4,1,7859.0,7899.8,0.0,0.0,0.0,0.0,932
2015-05-11 09:15:28,IC1512,IC1512,7859.0,0.0,0.0,0.0,1,7857.2,7883.2,1,7859.0,7899.8,0.0,0.0,0.0,0.0,932
2015-05-11 09:15:29,IC1512,IC1512,7859.0,0.0,0.0,0.0,2,7857.4,7883.0,1,7859.0,7899.8,0.0,0.0,0.0,0.0,932
2015-05-11 09:15:29,IC1512,IC1512,7859.0,0.0,0.0,0.0,1,7859.4,7883.0,1,7859.0,7899.8,0.0,0.0,0.0,0.0,932
2015-05-11 09:15:30,IC1512,IC1512,7859.0,0.0,0.0,0.0,2,7859.6,7883.0,1,7859.0,7899.8,0.0,0.0,0.0,0.0,932
2015-05-11 09:15:31,IC1512,IC1512,7859.0,0.0,0.0,0.0,1,7863.2,7883.0,1,7859.0,7899.8,0.0,0.0,0.0,0.0,932
2015-05-11 09:15:32,IC1512,IC1512,7859.0,0.0,0.0,0.0,2,7863.4,7883.0,1,7859.0,7899.8,0.0,0.0,0.0,0.0,932
2015-05-11 09:15:33,IC1512,IC1512,7859.0,0.0,0.0,0.0,1,7864.4,7883.0,1,7859.0,7899.8,0.0,0.0,0.0,0.0,932
2015-05-11 09:15:34,IC1512,IC1512,7859.0,0.0,0.0,0.0,1,7864.6,7883.0,1,7859.0,7899.8,0.0,0.0,0.0,0.0,932
2015-05-11 09:15:34,IC1512,IC1512,7859.0,0.0,0.0,0.0,1,7864.8,7883.0,1,7859.0,7899.8,0.0,0.0,0.0,0.0,932
2015-05-11 09:15:35,IC1512,IC1512,7859.0,0.0,0.0,0.0,2,7865.0,7883.0,1,7859.0,7899.8,0.0,0.0,0.0,0.0,932
2015-05-11 09:15:36,IC1512,IC1512,7859.0,0.0,0.0,0.0,1,7866.8,7883.0,1,7859.0,7899.8,0.0,0.0,0.0,0.0,932
2015-05-11 09:15:37,IC1512,IC1512,7859.0,0.0,0.0,0.0,1,7867.0,7883.0,1,7859.0,7899.8,0.0,0.0,0.0,0.0,932
2015-05-11 09:15:37,IC1512,IC1512,7859.0,0.0,0.0,0.0,1,7867.2,7883.0,1,7859.0,7899.8,0.0,0.0,0.0,0.0,932
2015-05-11 09:15:38,IC1512,IC1512,7859.0,0.0,0.0,0.0,1,7868.4,7883.0,1,7859.0,7899.8,0.0,0.0,0.0,0.0,932
2015-05-11 09:15:39,IC1512,IC1512,7859.0,0.0,0.0,0.0,1,7870.8,7882.8,1,7859.0,7899.8,0.0,0.0,0.0,0.0,932
2015-05-11 09:15:39,IC1512,IC1512,7859.0,0.0,0.0,0.0,1,7871.0,7898.6,3,7859.0,7899.8,0.0,0.0,0.0,0.0,932
2015-05-11 09:15:40,IC1512,IC1512,7859.0,0.0,0.0,0.0,1,7871.0,7882.6,1,7859.0,7899.8,0.0,0.0,0.0,0.0,932
2015-05-11 09:15:40,IC1512,IC1512,7859.0,0.0,0.0,0.0,1,7868.0,7882.6,1,7859.0,7899.8,0.0,0.0,0.0,0.0,932
2015-05-11 09:15:41,IC1512,IC1512,7859.0,0.0,0.0,0.0,1,7871.2,7900.0,1,7859.0,7899.8,0.0,0.0,0.0,0.0,932
2015-05-11 09:15:41,IC1512,IC1512,7859.0,0.0,0.0,0.0,1,7873.8,7899.8,2,7859.0,7899.8,0.0,0.0,0.0,0.0,932
2015-05-11 09:15:42,IC1512,IC1512,7859.0,0.0,0.0,0.0,2,7871.4,7899.8,2,7859.0,7899.8,0.0,0.0,0.0,0.0,932
2015-05-11 09:15:42,IC1512,IC1512,7859.0,0.0,0.0,0.0,1,7877.6,7899.8,2,7859.0,7899.8,0.0,0.0,0.0,0.0,932
2015-05-11 09:15:43,IC1512,IC1512,7859.0,0.0,0.0,0.0,1,7875.4,7899.8,2,7859.0,7899.8,0.0,0.0,0.0,0.0,932
2015-05-11 09:15:43,IC1512,IC1512,7859.0,0.0,0.0,0.0,1,7879.0,7899.8,2,7859.0,7899.8,0.0,0.0,0.0,0.0,932
2015-05-11 09:15:44,IC1512,IC1512,7859.0,0.0,0.0,0.0,2,7879.2,7899.8,2,7859.0,7899.8,0.0,0.0,0.0,0.0,932
2015-05-11 09:15:45,IC1512,IC1512,7859.0,0.0,0.0,0.0,1,7880.0,7899.8,2,7859.0,7899.8,0.0,0.0,0.0,0.0,932
2015-05-11 09:15:46,IC1512,IC1512,7859.0,0.0,0.0,0.0,1,7880.2,7899.8,2,7859.0,7899.8,0.0,0.0,0.0,0.0,932
2015-05-11 09:15:47,IC1512,IC1512,7859.0,0.0,0.0,0.0,1,7884.2,7899.8,2,7859.0,7899.8,0.0,0.0,0.0,0.0,932
2015-05-11 09:15:48,IC1512,IC1512,7859.0,0.0,0.0,0.0,1,7882.8,7900.0,1,7859.0,7899.8,0.0,0.0,0.0,0.0,932
2015-05-11 09:15:48,IC1512,IC1512,7859.0,0.0,0.0,0.0,1,7884.4,7899.6,1,7859.0,7899.8,0.0,0.0,0.0,0.0,932
2015-05-11 09:15:49,IC1512,IC1512,7859.0,0.0,0.0,0.0,1,7884.4,7900.0,1,7859.0,7899.8,0.0,0.0,0.0,0.0,932
2015-05-11 09:15:49,IC1512,IC1512,7859.0,0.0,0.0,0.0,1,7884.6,7899.4,1,7859.0,7899.8,0.0,0.0,0.0,0.0,932
2015-05-11 09:15:50,IC1512,IC1512,7859.0,0.0,0.0,0.0,1,7884.6,7900.0,1,7859.0,7899.8,0.0,0.0,0.0,0.0,932
2015-05-11 09:15:50,IC1512,IC1512,7859.0,0.0,0.0,0.0,1,7887.8,7900.0,1,7859.0,7899.8,0.0,0.0,0.0,0.0,932
2015-05-11 09:15:51,IC1512,IC1512,7859.0,0.0,0.0,0.0,1,7871.6,7900.0,1,7859.0,7899.8,0.0,0.0,0.0,0.0,932
2015-05-11 09:15:51,IC1512,IC1512,7859.0,0.0,0.0,0.0,1,7888.0,7900.0,1,7859.0,7899.8,0.0,0.0,0.0,0.0,932
2015-05-11 09:15:52,IC1512,IC1512,7859.0,0.0,0.0,0.0,1,7875.6,7899.8,1,7859.0,7899.8,0.0,0.0,0.0,0.0,932
2015-05-11 09:15:52,IC1512,IC1512,7859.0,0.0,0.0,0.0,1,7884.6,7899.8,1,7859.0,7899.8,0.0,0.0,0.0,0.0,932
2015-05-11 09:15:53,IC1512,IC1512,7859.0,0.0,0.0,0.0,2,7884.8,7899.8,1,7859.0,7899.8,0.0,0.0,0.0,0.0,932
2015-05-11 09:15:54,IC1512,IC1512,7859.0,0.0,0.0,0.0,1,7886.0,7899.8,2,7859.0,7899.8,0.0,0.0,0.0,0.0,932
2015-05-11 09:15:55,IC1512,IC1512,7859.0,0.0,0.0,0.0,1,7886.2,7899.8,2,7859.0,7899.8,0.0,0.0,0.0,0.0,932
2015-05-11 09:15:55,IC1512,IC1512,7859.0,0.0,0.0,0.0,1,7886.4,7899.8,1,7859.0,7899.8,0.0,0.0,0.0,0.0,932
2015-05-11 09:15:56,IC1512,IC1512,7859.0,0.0,0.0,0.0,1,7887.2,7899.6,1,7859.0,7899.8,0.0,0.0,0.0,0.0,932
2015-05-11 09:15:57,IC1512,IC1512,7859.0,0.0,0.0,0.0,1,7888.0,7899.6,1,7859.0,7899.8,0.0,0.0,0.0,0.0,932
2015-05-11 09:15:57,IC1512,IC1512,7859.0,0.0,0.0,0.0,1,7888.2,7899.6,1,7859.0,7899.8,0.0,0.0,0.0,0.0,932
2015-05-11 09:15:58,IC1512,IC1512,7859.0,0.0,0.0,0.0,1,7888.2,7899.4,1,7859.0,7899.8,0.0,0.0,0.0,0.0,932
2015-05-11 09:15:59,IC1512,IC1512,7859.0,0.0,0.0,0.0,1,7888.2,7899.8,1,7859.0,7899.8,0.0,0.0,0.0,0.0,932
2015-05-11 09:15:59,IC1512,IC1512,7859.0,0.0,0.0,0.0,1,7888.2,7899.2,1,7859.0,7899.8,0.0,0.0,0.0,0.0,932
2015-05-11 09:16:02,IC1512,IC1512,7859.0,0.0,0.0,0.0,1,7888.4,7899.2,1,7859.0,7899.8,0.0,0.0,0.0,0.0,932
2015-05-11 09:16:02,IC1512,IC1512,7859.0,0.0,0.0,0.0,1,7888.6,7899.0,1,7859.0,7899.8,0.0,0.0,0.0,0.0,932
2015-05-11 09:16:03,IC1512,IC1512,7859.0,0.0,0.0,0.0,1,7888.6,7899.8,1,7859.0,7899.8,0.0,0.0,0.0,0.0,932
2015-05-11 09:16:03,IC1512,IC1512,7859.0,0.0,0.0,0.0,1,7888.6,7898.8,1,7859.0,7899.8,0.0,0.0,0.0,0.0,932
2015-05-11 09:16:04,IC1512,IC1512,7859.0,0.0,0.0,0.0,1,7888.8,7898.8,1,7859.0,7899.8,0.0,0.0,0.0,0.0,932
2015-05-11 09:16:05,IC1512,IC1512,7859.0,0.0,0.0,0.0,1,7888.6,7898.8,1,7859.0,7899.8,0.0,0.0,0.0,0.0,932
2015-05-11 09:16:06,IC1512,IC1512,7859.0,0.0,0.0,0.0,1,7889.0,7898.8,1,7859.0,7899.8,0.0,0.0,0.0,0.0,932
2015-05-11 09:16:07,IC1512,IC1512,7859.0,0.0,0.0,0.0,2,7889.2,7898.8,1,7859.0,7899.8,0.0,0.0,0.0,0.0,932
2015-05-11 09:16:08,IC1512,IC1512,7859.0,0.0,0.0,0.0,1,7889.2,7898.8,1,7859.0,7899.8,0.0,0.0,0.0,0.0,932
2015-05-11 09:16:08,IC1512,IC1512,7859.0,0.0,0.0,0.0,1,7889.2,7898.6,1,7859.0,7899.8,0.0,0.0,0.0,0.0,932
2015-05-11 09:16:09,IC1512,IC1512,7859.0,0.0,0.0,0.0,1,7889.2,7898.4,1,7859.0,7899.8,0.0,0.0,0.0,0.0,932
2015-05-11 09:16:10,IC1512,IC1512,7859.0,0.0,0.0,0.0,1,7889.4,7898.4,1,7859.0,7899.8,0.0,0.0,0.0,0.0,932
2015-05-11 09:16:11,IC1512,IC1512,7859.0,0.0,0.0,0.0,1,7888.6,7898.2,2,7859.0,7899.8,0.0,0.0,0.0,0.0,932
2015-05-11 09:16:12,IC1512,IC1512,7859.0,0.0,0.0,0.0,1,7888.6,7899.8,1,7859.0,7899.8,0.0,0.0,0.0,0.0,932
2015-05-11 09:16:12,IC1512,IC1512,7859.0,0.0,0.0,0.0,1,7888.8,7898.0,1,7859.0,7899.8,0.0,0.0,0.0,0.0,932
2015-05-11 09:16:13,IC1512,IC1512,7859.0,0.0,0.0,0.0,1,7888.8,7897.8,1,7859.0,7899.8,0.0,0.0,0.0,0.0,932
2015-05-11 09:16:13,IC1512,IC1512,7859.0,0.0,0.0,0.0,1,7888.8,7899.8,1,7859.0,7899.8,0.0,0.0,0.0,0.0,932
2015-05-11 09:16:14,IC1512,IC1512,7859.0,0.0,0.0,0.0,1,7888.8,7897.6,1,7859.0,7899.8,0.0,0.0,0.0,0.0,932
2015-05-11 09:16:14,IC1512,IC1512,7859.0,0.0,0.0,0.0,2,7888.8,7897.6,1,7859.0,7899.8,0.0,0.0,0.0,0.0,932
2015-05-11 09:16:15,IC1512,IC1512,7859.0,0.0,0.0,0.0,1,7888.8,7897.6,1,7859.0,7899.8,0.0,0.0,0.0,0.0,932
2015-05-11 09:16:15,IC1512,IC1512,7859.0,0.0,0.0,0.0,2,7888.8,7897.6,1,7859.0,7899.8,0.0,0.0,0.0,0.0,932
2015-05-11 09:16:15,IC1512,IC1512,7859.0,0.0,0.0,0.0,1,7888.8,7897.6,1,7859.0,7899.8,0.0,0.0,0.0,0.0,932
2015-05-11 09:16:16,IC1512,IC1512,7859.0,0.0,0.0,0.0,1,7891.2,7899.8,1,7859.0,7899.8,0.0,0.0,0.0,0.0,932
2015-05-11 09:16:16,IC1512,IC1512,7859.0,0.0,0.0,0.0,1,7891.4,7899.6,1,7859.0,7899.8,0.0,0.0,0.0,0.0,932
2015-05-11 09:16:17,IC1512,IC1512,7859.0,0.0,0.0,0.0,1,7890.8,7899.6,1,7859.0,7899.8,0.0,0.0,0.0,0.0,932
2015-05-11 09:16:18,IC1512,IC1512,7859.0,0.0,0.0,0.0,1,7888.6,7899.6,1,7859.0,7899.8,0.0,0.0,0.0,0.0,932
2015-05-11 09:16:18,IC1512,IC1512,7859.0,0.0,0.0,0.0,1,7892.0,7899.6,1,7859.0,7899.8,0.0,0.0,0.0,0.0,932
2015-05-11 09:16:18,IC1512,IC1512,7859.0,0.0,0.0,0.0,1,7888.6,7899.6,1,7859.0,7899.8,0.0,0.0,0.0,0.0,932
2015-05-11 09:16:18,IC1512,IC1512,7859.0,0.0,0.0,0.0,1,7892.0,7899.6,1,7859.0,7899.8,0.0,0.0,0.0,0.0,932
2015-05-11 09:16:19,IC1512,IC1512,7859.0,0.0,0.0,0.0,1,7892.0,7899.8,1,7859.0,7899.8,0.0,0.0,0.0,0.0,932
2015-05-11 09:16:19,IC1512,IC1512,7859.0,0.0,0.0,0.0,1,7888.6,7899.8,1,7859.0,7899.8,0.0,0.0,0.0,0.0,932
2015-05-11 09:16:20,IC1512,IC1512,7859.0,0.0,0.0,0.0,1,7890.8,7899.8,1,7859.0,7899.8,0.0,0.0,0.0,0.0,932
2015-05-11 09:16:20,IC1512,IC1512,7859.0,0.0,0.0,0.0,1,7891.0,7899.6,1,7859.0,7899.8,0.0,0.0,0.0,0.0,932
2015-05-11 09:16:21,IC1512,IC1512,7859.0,0.0,0.0,0.0,1,7891.2,7899.6,1,7859.0,7899.8,0.0,0.0,0.0,0.0,932
2015-05-11 09:16:21,IC1512,IC1512,7859.0,0.0,0.0,0.0,1,7891.4,7899.6,1,7859.0,7899.8,0.0,0.0,0.0,0.0,932
2015-05-11 09:16:22,IC1512,IC1512,7859.0,0.0,0.0,0.0,1,7891.4,7899.8,1,7859.0,7899.8,0.0,0.0,0.0,0.0,932
2015-05-11 09:16:22,IC1512,IC1512,7859.0,0.0,0.0,0.0,1,7893.8,7899.8,1,7859.0,7899.8,0.0,0.0,0.0,0.0,932
2015-05-11 09:16:23,IC1512,IC1512,7859.0,0.0,0.0,0.0,1,7894.0,7899.8,1,7859.0,7899.8,0.0,0.0,0.0,0.0,932
2015-05-11 09:16:24,IC1512,IC1512,7859.0,0.0,0.0,0.0,1,7891.8,7899.8,1,7859.0,7899.8,0.0,0.0,0.0,0.0,932
2015-05-11 09:16:25,IC1512,IC1512,7859.0,0.0,0.0,0.0,1,7892.0,7899.8,1,7859.0,7899.8,0.0,0.0,0.0,0.0,932
2015-05-11 09:16:26,IC1512,IC1512,7859.0,0.0,0.0,0.0,1,7891.4,7899.8,1,7859.0,7899.8,0.0,0.0,0.0,0.0,932
2015-05-11 09:16:27,IC1512,IC1512,7859.0,0.0,0.0,0.0,1,7891.4,7899.8,5,7859.0,7899.8,0.0,0.0,0.0,0.0,932
2015-05-11 09:16:27,IC1512,IC1512,7859.0,0.0,0.0,0.0,1,7891.6,7899.8,5,7859.0,7899.8,0.0,0.0,0.0,0.0,932
2015-05-11 09:16:28,IC1512,IC1512,7859.0,0.0,0.0,0.0,2,7891.6,7899.8,5,7859.0,7899.8,0.0,0.0,0.0,0.0,932
2015-05-11 09:16:28,IC1512,IC1512,7859.0,0.0,0.0,0.0,1,7891.8,7899.8,5,7859.0,7899.8,0.0,0.0,0.0,0.0,932
2015-05-11 09:16:29,IC1512,IC1512,7859.0,0.0,0.0,0.0,1,7894.2,7899.8,5,7859.0,7899.8,0.0,0.0,0.0,0.0,932
2015-05-11 09:16:29,IC1512,IC1512,7859.0,0.0,0.0,0.0,1,7888.6,7899.8,5,7859.0,7899.8,0.0,0.0,0.0,0.0,932
2015-05-11 09:16:30,IC1512,IC1512,7859.0,0.0,0.0,0.0,1,7891.8,7899.6,1,7859.0,7899.8,0.0,0.0,0.0,0.0,932
2015-05-11 09:16:30,IC1512,IC1512,7859.0,0.0,0.0,0.0,1,7892.0,7899.8,5,7859.0,7899.8,0.0,0.0,0.0,0.0,932
2015-05-11 09:16:32,IC1512,IC1512,7859.0,0.0,0.0,0.0,1,7893.6,7899.8,1,7859.0,7899.8,0.0,0.0,0.0,0.0,932
2015-05-11 09:16:32,IC1512,IC1512,7859.0,0.0,0.0,0.0,1,7893.8,7899.8,1,7859.0,7899.8,0.0,0.0,0.0,0.0,932
2015-05-11 09:16:33,IC1512,IC1512,7859.0,0.0,0.0,0.0,1,7890.8,7899.8,1,7859.0,7899.8,0.0,0.0,0.0,0.0,932
2015-05-11 09:16:34,IC1512,IC1512,7859.0,0.0,0.0,0.0,1,7891.0,7899.6,1,7859.0,7899.8,0.0,0.0,0.0,0.0,932
2015-05-11 09:16:35,IC1512,IC1512,7859.0,0.0,0.0,0.0,1,7889.2,7899.6,1,7859.0,7899.8,0.0,0.0,0.0,0.0,932
2015-05-11 09:16:36,IC1512,IC1512,7859.0,0.0,0.0,0.0,1,7889.4,7899.6,1,7859.0,7899.8,0.0,0.0,0.0,0.0,932
2015-05-11 09:16:37,IC1512,IC1512,7859.0,0.0,0.0,0.0,1,7889.4,7899.4,1,7859.0,7899.8,0.0,0.0,0.0,0.0,932
2015-05-11 09:16:37,IC1512,IC1512,7859.0,0.0,0.0,0.0,1,7889.4,7899.8,5,7859.0,7899.8,0.0,0.0,0.0,0.0,932
2015-05-11 09:16:38,IC1512,IC1512,7859.0,0.0,0.0,0.0,1,7889.4,7899.2,1,7859.0,7899.8,0.0,0.0,0.0,0.0,932
2015-05-11 09:16:40,IC1512,IC1512,7859.0,0.0,0.0,0.0,1,7889.4,7899.0,1,7859.0,7899.8,0.0,0.0,0.0,0.0,932
2015-05-11 09:16:41,IC1512,IC1512,7859.0,0.0,0.0,0.0,1,7889.4,7898.8,1,7859.0,7899.8,0.0,0.0,0.0,0.0,932
2015-05-11 09:16:42,IC1512,IC1512,7859.0,0.0,0.0,0.0,1,7888.8,7898.8,1,7859.0,7899.8,0.0,0.0,0.0,0.0,932
2015-05-11 09:16:42,IC1512,IC1512,7859.0,0.0,0.0,0.0,1,7889.0,7898.8,1,7859.0,7899.8,0.0,0.0,0.0,0.0,932
2015-05-11 09:16:43,IC1512,IC1512,7859.0,0.0,0.0,0.0,1,7889.0,7899.8,1,7859.0,7899.8,0.0,0.0,0.0,0.0,932
2015-05-11 09:16:43,IC1512,IC1512,7859.0,0.0,0.0,0.0,1,7891.0,7899.6,1,7859.0,7899.8,0.0,0.0,0.0,0.0,932
2015-05-11 09:16:44,IC1512,IC1512,7859.0,0.0,0.0,0.0,1,7888.6,7899.6,1,7859.0,7899.8,0.0,0.0,0.0,0.0,932
2015-05-11 09:16:44,IC1512,IC1512,7859.0,0.0,0.0,0.0,1,7892.0,7899.4,1,7859.0,7899.8,0.0,0.0,0.0,0.0,932
2015-05-11 09:16:45,IC1512,IC1512,7859.0,0.0,0.0,0.0,1,7892.0,7899.8,1,7859.0,7899.8,0.0,0.0,0.0,0.0,932
2015-05-11 09:16:45,IC1512,IC1512,7859.0,0.0,0.0,0.0,1,7888.6,7899.8,1,7859.0,7899.8,0.0,0.0,0.0,0.0,932
2015-05-11 09:16:46,IC1512,IC1512,7859.0,0.0,0.0,0.0,1,7890.2,7899.8,1,7859.0,7899.8,0.0,0.0,0.0,0.0,932
2015-05-11 09:16:46,IC1512,IC1512,7859.0,0.0,0.0,0.0,4,7898.8,7899.6,1,7859.0,7899.8,0.0,0.0,0.0,0.0,932
2015-05-11 09:16:47,IC1512,IC1512,7859.0,0.0,0.0,0.0,4,7898.8,7899.8,1,7859.0,7899.8,0.0,0.0,0.0,0.0,932
2015-05-11 09:16:47,IC1512,IC1512,7859.0,0.0,0.0,0.0,4,7898.8,7899.6,1,7859.0,7899.8,0.0,0.0,0.0,0.0,932
2015-05-11 09:16:48,IC1512,IC1512,7859.0,0.0,0.0,0.0,4,7898.8,7899.8,1,7859.0,7899.8,0.0,0.0,0.0,0.0,932
2015-05-11 09:16:51,IC1512,IC1512,7859.0,0.0,0.0,0.0,1,7899.0,7899.8,1,7859.0,7899.8,0.0,0.0,0.0,0.0,932
2015-05-11 09:16:52,IC1512,IC1512,7859.0,0.0,0.0,0.0,4,7898.8,7899.8,1,7859.0,7899.8,0.0,0.0,0.0,0.0,932
2015-05-11 09:16:55,IC1512,IC1512,7859.0,0.0,0.0,0.0,1,7899.0,7899.8,1,7859.0,7899.8,0.0,0.0,0.0,0.0,932
2015-05-11 09:16:56,IC1512,IC1512,7859.0,0.0,0.0,0.0,4,7898.8,7899.8,1,7859.0,7899.8,0.0,0.0,0.0,0.0,932
2015-05-11 09:16:58,IC1512,IC1512,7859.0,0.0,0.0,0.0,1,7893.4,7899.8,1,7859.0,7899.8,0.0,0.0,0.0,0.0,932
2015-05-11 09:16:59,IC1512,IC1512,7859.0,0.0,0.0,0.0,1,7893.6,7899.8,1,7859.0,7899.8,0.0,0.0,0.0,0.0,932
2015-05-11 09:17:00,IC1512,IC1512,7859.0,0.0,0.0,0.0,1,7893.8,7899.8,1,7859.0,7899.8,0.0,0.0,0.0,0.0,932
2015-05-11 09:17:01,IC1512,IC1512,7859.0,0.0,0.0,0.0,1,7890.4,7899.8,1,7859.0,7899.8,0.0,0.0,0.0,0.0,932
2015-05-11 09:17:02,IC1512,IC1512,7859.0,0.0,0.0,0.0,1,7890.6,7899.6,1,7859.0,7899.8,0.0,0.0,0.0,0.0,932
2015-05-11 09:17:03,IC1512,IC1512,7859.0,0.0,0.0,0.0,1,7889.8,7899.6,1,7859.0,7899.8,0.0,0.0,0.0,0.0,932
2015-05-11 09:17:04,IC1512,IC1512,7899.8,1.0,1579960.0,0.0,3,7899.8,7900.0,1,7859.0,7899.8,7899.8,7899.8,1.0,1579960.0,932
2015-05-11 09:17:04,IC1512,IC1512,7899.8,1.0,1579960.0,0.0,2,7899.8,7900.0,1,7859.0,7899.8,7899.8,7899.8,2.0,3159920.0,932
2015-05-11 09:17:05,IC1512,IC1512,7899.8,1.0,1579960.0,1.0,1,7899.8,7900.0,1,7859.0,7899.8,7899.8,7899.8,3.0,4739880.0,933
2015-05-11 09:17:07,IC1512,IC1512,7899.8,1.0,1579960.0,0.0,1,7889.8,7900.0,1,7859.0,7899.8,7899.8,7899.8,4.0,6319840.0,933
2015-05-11 09:17:08,IC1512,IC1512,7899.8,0.0,0.0,0.0,1,7890.0,7899.8,1,7859.0,7899.8,7899.8,7899.8,4.0,6319840.0,933
2015-05-11 09:17:12,IC1512,IC1512,7899.8,0.0,0.0,0.0,1,7888.8,7899.8,1,7859.0,7899.8,7899.8,7899.8,4.0,6319840.0,933
2015-05-11 09:17:12,IC1512,IC1512,7899.8,0.0,0.0,0.0,1,7889.0,7899.8,1,7859.0,7899.8,7899.8,7899.8,4.0,6319840.0,933
2015-05-11 09:17:27,IC1512,IC1512,7899.8,0.0,0.0,0.0,1,7889.0,7899.6,1,7859.0,7899.8,7899.8,7899.8,4.0,6319840.0,933
2015-05-11 09:17:27,IC1512,IC1512,7899.8,0.0,0.0,0.0,1,7889.0,7900.0,1,7859.0,7899.8,7899.8,7899.8,4.0,6319840.0,933
2015-05-11 09:17:28,IC1512,IC1512,7899.8,0.0,0.0,0.0,1,7889.0,7899.4,1,7859.0,7899.8,7899.8,7899.8,4.0,6319840.0,933
2015-05-11 09:17:31,IC1512,IC1512,7899.8,0.0,0.0,0.0,1,7889.0,7899.0,1,7859.0,7899.8,7899.8,7899.8,4.0,6319840.0,933
2015-05-11 09:17:32,IC1512,IC1512,7899.8,0.0,0.0,0.0,1,7889.0,7898.8,2,7859.0,7899.8,7899.8,7899.8,4.0,6319840.0,933
2015-05-11 09:17:35,IC1512,IC1512,7899.8,0.0,0.0,0.0,1,7889.0,7898.4,1,7859.0,7899.8,7899.8,7899.8,4.0,6319840.0,933
2015-05-11 09:17:36,IC1512,IC1512,7899.8,0.0,0.0,0.0,1,7889.0,7898.2,1,7859.0,7899.8,7899.8,7899.8,4.0,6319840.0,933
2015-05-11 09:17:38,IC1512,IC1512,7899.8,0.0,0.0,0.0,1,7889.0,7898.0,1,7859.0,7899.8,7899.8,7899.8,4.0,6319840.0,933
2015-05-11 09:17:39,IC1512,IC1512,7899.8,0.0,0.0,0.0,2,7889.0,7897.8,2,7859.0,7899.8,7899.8,7899.8,4.0,6319840.0,933
2015-05-11 09:17:41,IC1512,IC1512,7899.8,0.0,0.0,0.0,2,7889.0,7897.6,1,7859.0,7899.8,7899.8,7899.8,4.0,6319840.0,933
2015-05-11 09:17:42,IC1512,IC1512,7899.8,0.0,0.0,0.0,2,7889.0,7897.4,1,7859.0,7899.8,7899.8,7899.8,4.0,6319840.0,933
2015-05-11 09:17:45,IC1512,IC1512,7899.8,0.0,0.0,0.0,2,7889.0,7897.2,1,7859.0,7899.8,7899.8,7899.8,4.0,6319840.0,933
2015-05-11 09:17:47,IC1512,IC1512,7899.8,0.0,0.0,0.0,2,7889.0,7897.0,1,7859.0,7899.8,7899.8,7899.8,4.0,6319840.0,933
2015-05-11 09:17:50,IC1512,IC1512,7899.8,0.0,0.0,0.0,2,7889.0,7896.8,1,7859.0,7899.8,7899.8,7899.8,4.0,6319840.0,933
2015-05-11 09:17:51,IC1512,IC1512,7889.0,2.0,3155600.0,1.0,1,7888.6,7896.8,1,7859.0,7899.8,7899.8,7889.0,6.0,9475440.0,934
2015-05-11 09:17:52,IC1512,IC1512,7889.0,0.0,0.0,0.0,1,7888.6,7896.6,1,7859.0,7899.8,7899.8,7889.0,6.0,9475440.0,934
2015-05-11 09:17:53,IC1512,IC1512,7889.0,0.0,0.0,0.0,1,7888.6,7894.2,1,7859.0,7899.8,7899.8,7889.0,6.0,9475440.0,934
2015-05-11 09:17:54,IC1512,IC1512,7889.0,0.0,0.0,0.0,1,7888.6,7896.4,1,7859.0,7899.8,7899.8,7889.0,6.0,9475440.0,934
2015-05-11 09:17:54,IC1512,IC1512,7889.0,0.0,0.0,0.0,1,7888.6,7896.2,1,7859.0,7899.8,7899.8,7889.0,6.0,9475440.0,934
2015-05-11 09:17:54,IC1512,IC1512,7889.0,0.0,0.0,0.0,1,7888.6,7896.4,1,7859.0,7899.8,7899.8,7889.0,6.0,9475440.0,934
2015-05-11 09:17:54,IC1512,IC1512,7889.0,0.0,0.0,0.0,1,7888.6,7896.2,1,7859.0,7899.8,7899.8,7889.0,6.0,9475440.0,934
2015-05-11 09:17:55,IC1512,IC1512,7889.0,0.0,0.0,0.0,1,7888.6,7896.2,3,7859.0,7899.8,7899.8,7889.0,6.0,9475440.0,934
2015-05-11 09:17:56,IC1512,IC1512,7889.0,0.0,0.0,0.0,1,7888.6,7893.4,1,7859.0,7899.8,7899.8,7889.0,6.0,9475440.0,934
2015-05-11 09:17:56,IC1512,IC1512,7889.0,0.0,0.0,0.0,1,7888.6,7896.0,1,7859.0,7899.8,7899.8,7889.0,6.0,9475440.0,934
2015-05-11 09:17:57,IC1512,IC1512,7889.0,0.0,0.0,0.0,1,7888.6,7893.4,1,7859.0,7899.8,7899.8,7889.0,6.0,9475440.0,934
2015-05-11 09:17:58,IC1512,IC1512,7889.0,0.0,0.0,0.0,1,7888.6,7893.2,1,7859.0,7899.8,7899.8,7889.0,6.0,9475440.0,934
2015-05-11 09:17:58,IC1512,IC1512,7889.0,0.0,0.0,0.0,1,7888.6,7892.2,1,7859.0,7899.8,7899.8,7889.0,6.0,9475440.0,934
2015-05-11 09:17:59,IC1512,IC1512,7889.0,0.0,0.0,0.0,1,7888.6,7893.2,1,7859.0,7899.8,7899.8,7889.0,6.0,9475440.0,934
2015-05-11 09:17:59,IC1512,IC1512,7889.0,0.0,0.0,0.0,1,7888.6,7893.2,2,7859.0,7899.8,7899.8,7889.0,6.0,9475440.0,934
2015-05-11 09:18:00,IC1512,IC1512,7889.0,0.0,0.0,0.0,1,7888.6,7893.0,1,7859.0,7899.8,7899.8,7889.0,6.0,9475440.0,934
2015-05-11 09:18:01,IC1512,IC1512,7889.0,0.0,0.0,0.0,1,7888.6,7893.0,2,7859.0,7899.8,7899.8,7889.0,6.0,9475440.0,934
2015-05-11 09:18:02,IC1512,IC1512,7889.0,0.0,0.0,0.0,1,7888.6,7893.0,1,7859.0,7899.8,7899.8,7889.0,6.0,9475440.0,934
2015-05-11 09:18:02,IC1512,IC1512,7888.6,1.0,1577720.0,1.0,1,7867.0,7892.8,1,7859.0,7899.8,7899.8,7888.6,7.0,11053160.0,935
2015-05-11 09:18:03,IC1512,IC1512,7888.6,0.0,0.0,0.0,1,7874.0,7892.6,1,7859.0,7899.8,7899.8,7888.6,7.0,11053160.0,935
2015-05-11 09:18:03,IC1512,IC1512,7888.6,0.0,0.0,0.0,1,7867.6,7892.4,1,7859.0,7899.8,7899.8,7888.6,7.0,11053160.0,935
2015-05-11 09:18:04,IC1512,IC1512,7888.6,0.0,0.0,0.0,1,7870.0,7892.4,2,7859.0,7899.8,7899.8,7888.6,7.0,11053160.0,935
2015-05-11 09:18:04,IC1512,IC1512,7888.6,0.0,0.0,0.0,1,7870.0,7892.2,1,7859.0,7899.8,7899.8,7888.6,7.0,11053160.0,935
2015-05-11 09:18:06,IC1512,IC1512,7888.6,0.0,0.0,0.0,2,7867.8,7892.2,2,7859.0,7899.8,7899.8,7888.6,7.0,11053160.0,935
2015-05-11 09:18:06,IC1512,IC1512,7888.6,0.0,0.0,0.0,1,7870.8,7892.0,1,7859.0,7899.8,7899.8,7888.6,7.0,11053160.0,935
2015-05-11 09:18:06,IC1512,IC1512,7888.6,0.0,0.0,0.0,2,7867.8,7892.2,2,7859.0,7899.8,7899.8,7888.6,7.0,11053160.0,935
2015-05-11 09:18:06,IC1512,IC1512,7888.6,0.0,0.0,0.0,1,7870.8,7892.0,1,7859.0,7899.8,7899.8,7888.6,7.0,11053160.0,935
2015-05-11 09:18:07,IC1512,IC1512,7888.6,0.0,0.0,0.0,1,7870.8,7889.8,1,7859.0,7899.8,7899.8,7888.6,7.0,11053160.0,935
2015-05-11 09:18:07,IC1512,IC1512,7888.6,0.0,0.0,0.0,1,7867.0,7891.8,1,7859.0,7899.8,7899.8,7888.6,7.0,11053160.0,935
2015-05-11 09:18:08,IC1512,IC1512,7888.6,0.0,0.0,0.0,1,7869.8,7889.6,1,7859.0,7899.8,7899.8,7888.6,7.0,11053160.0,935
2015-05-11 09:18:09,IC1512,IC1512,7888.6,0.0,0.0,0.0,1,7869.8,7889.4,1,7859.0,7899.8,7899.8,7888.6,7.0,11053160.0,935
2015-05-11 09:18:10,IC1512,IC1512,7888.6,0.0,0.0,0.0,1,7869.8,7889.2,1,7859.0,7899.8,7899.8,7888.6,7.0,11053160.0,935
2015-05-11 09:18:11,IC1512,IC1512,7888.6,0.0,0.0,0.0,1,7869.8,7889.2,2,7859.0,7899.8,7899.8,7888.6,7.0,11053160.0,935
2015-05-11 09:18:12,IC1512,IC1512,7888.6,0.0,0.0,0.0,1,7869.8,7889.2,1,7859.0,7899.8,7899.8,7888.6,7.0,11053160.0,935
2015-05-11 09:18:15,IC1512,IC1512,7888.6,0.0,0.0,0.0,1,7867.0,7889.0,1,7859.0,7899.8,7899.8,7888.6,7.0,11053160.0,935
2015-05-11 09:18:16,IC1512,IC1512,7888.6,0.0,0.0,0.0,1,7872.8,7888.8,1,7859.0,7899.8,7899.8,7888.6,7.0,11053160.0,935
2015-05-11 09:18:16,IC1512,IC1512,7888.6,0.0,0.0,0.0,2,7867.2,7888.8,1,7859.0,7899.8,7899.8,7888.6,7.0,11053160.0,935
2015-05-11 09:18:17,IC1512,IC1512,7888.6,0.0,0.0,0.0,1,7871.0,7888.8,1,7859.0,7899.8,7899.8,7888.6,7.0,11053160.0,935
2015-05-11 09:18:17,IC1512,IC1512,7888.6,0.0,0.0,0.0,2,7867.2,7888.8,1,7859.0,7899.8,7899.8,7888.6,7.0,11053160.0,935
2015-05-11 09:18:17,IC1512,IC1512,7888.6,0.0,0.0,0.0,1,7871.0,7888.8,1,7859.0,7899.8,7899.8,7888.6,7.0,11053160.0,935
2015-05-11 09:18:17,IC1512,IC1512,7888.6,0.0,0.0,0.0,2,7867.2,7888.8,1,7859.0,7899.8,7899.8,7888.6,7.0,11053160.0,935
2015-05-11 09:18:18,IC1512,IC1512,7888.6,0.0,0.0,0.0,1,7870.0,7888.8,1,7859.0,7899.8,7899.8,7888.6,7.0,11053160.0,935
2015-05-11 09:18:18,IC1512,IC1512,7888.6,0.0,0.0,0.0,1,7870.0,7888.6,1,7859.0,7899.8,7899.8,7888.6,7.0,11053160.0,935
2015-05-11 09:18:19,IC1512,IC1512,7888.6,0.0,0.0,0.0,1,7870.0,7888.4,1,7859.0,7899.8,7899.8,7888.6,7.0,11053160.0,935
2015-05-11 09:18:21,IC1512,IC1512,7888.6,0.0,0.0,0.0,1,7867.0,7888.4,1,7859.0,7899.8,7899.8,7888.6,7.0,11053160.0,935
2015-05-11 09:18:21,IC1512,IC1512,7888.6,0.0,0.0,0.0,1,7870.8,7888.2,1,7859.0,7899.8,7899.8,7888.6,7.0,11053160.0,935
2015-05-11 09:18:21,IC1512,IC1512,7888.6,0.0,0.0,0.0,1,7867.0,7888.4,1,7859.0,7899.8,7899.8,7888.6,7.0,11053160.0,935
2015-05-11 09:18:21,IC1512,IC1512,7888.6,0.0,0.0,0.0,1,7870.8,7888.2,1,7859.0,7899.8,7899.8,7888.6,7.0,11053160.0,935
2015-05-11 09:18:22,IC1512,IC1512,7888.6,0.0,0.0,0.0,1,7870.8,7888.0,2,7859.0,7899.8,7899.8,7888.6,7.0,11053160.0,935
2015-05-11 09:18:24,IC1512,IC1512,7888.6,0.0,0.0,0.0,1,7867.0,7888.0,2,7859.0,7899.8,7899.8,7888.6,7.0,11053160.0,935
2015-05-11 09:18:24,IC1512,IC1512,7888.6,0.0,0.0,0.0,1,7871.8,7888.0,2,7859.0,7899.8,7899.8,7888.6,7.0,11053160.0,935
2015-05-11 09:18:25,IC1512,IC1512,7888.6,0.0,0.0,0.0,1,7867.0,7887.8,1,7859.0,7899.8,7899.8,7888.6,7.0,11053160.0,935
2015-05-11 09:18:26,IC1512,IC1512,7888.6,0.0,0.0,0.0,1,7870.8,7888.0,1,7859.0,7899.8,7899.8,7888.6,7.0,11053160.0,935
2015-05-11 09:18:26,IC1512,IC1512,7888.6,0.0,0.0,0.0,1,7867.2,7887.6,1,7859.0,7899.8,7899.8,7888.6,7.0,11053160.0,935
2015-05-11 09:18:27,IC1512,IC1512,7888.6,0.0,0.0,0.0,1,7873.4,7887.6,1,7859.0,7899.8,7899.8,7888.6,7.0,11053160.0,935
2015-05-11 09:18:27,IC1512,IC1512,7888.6,0.0,0.0,0.0,1,7869.6,7887.6,1,7859.0,7899.8,7899.8,7888.6,7.0,11053160.0,935
2015-05-11 09:18:28,IC1512,IC1512,7888.6,0.0,0.0,0.0,1,7871.4,7887.6,1,7859.0,7899.8,7899.8,7888.6,7.0,11053160.0,935
2015-05-11 09:18:29,IC1512,IC1512,7888.6,0.0,0.0,0.0,1,7867.0,7887.6,1,7859.0,7899.8,7899.8,7888.6,7.0,11053160.0,935
2015-05-11 09:18:30,IC1512,IC1512,7888.6,0.0,0.0,0.0,1,7870.4,7887.6,1,7859.0,7899.8,7899.8,7888.6,7.0,11053160.0,935
2015-05-11 09:18:30,IC1512,IC1512,7868.0,2.0,3147680.0,1.0,1,7867.0,7887.6,1,7859.0,7899.8,7899.8,7868.0,9.0,14200840.0,936
2015-05-11 09:18:31,IC1512,IC1512,7868.0,0.0,0.0,0.0,1,7867.0,7883.6,1,7859.0,7899.8,7899.8,7868.0,9.0,14200840.0,936
2015-05-11 09:18:32,IC1512,IC1512,7868.0,0.0,0.0,0.0,1,7867.0,7888.0,1,7859.0,7899.8,7899.8,7868.0,9.0,14200840.0,936
2015-05-11 09:18:32,IC1512,IC1512,7868.0,0.0,0.0,0.0,1,7867.0,7883.4,1,7859.0,7899.8,7899.8,7868.0,9.0,14200840.0,936
2015-05-11 09:18:34,IC1512,IC1512,7868.0,0.0,0.0,0.0,1,7867.0,7879.4,1,7859.0,7899.8,7899.8,7868.0,9.0,14200840.0,936
2015-05-11 09:18:35,IC1512,IC1512,7868.0,0.0,0.0,0.0,1,7867.0,7888.0,2,7859.0,7899.8,7899.8,7868.0,9.0,14200840.0,936
2015-05-11 09:18:35,IC1512,IC1512,7868.0,0.0,0.0,0.0,1,7867.0,7879.2,1,7859.0,7899.8,7899.8,7868.0,9.0,14200840.0,936
2015-05-11 09:18:36,IC1512,IC1512,7868.0,0.0,0.0,0.0,1,7868.6,7879.2,1,7859.0,7899.8,7899.8,7868.0,9.0,14200840.0,936
2015-05-11 09:18:36,IC1512,IC1512,7879.2,1.0,1575840.0,0.0,1,7868.6,7888.0,2,7859.0,7899.8,7899.8,7868.0,10.0,15776680.0,936
2015-05-11 09:18:37,IC1512,IC1512,7879.2,0.0,0.0,0.0,1,7868.6,7875.4,1,7859.0,7899.8,7899.8,7868.0,10.0,15776680.0,936
2015-05-11 09:18:37,IC1512,IC1512,7877.4,1.0,1575480.0,-1.0,1,7868.6,7888.0,2,7859.0,7899.8,7899.8,7868.0,11.0,17352160.0,935
2015-05-11 09:18:38,IC1512,IC1512,7877.4,0.0,0.0,0.0,1,7868.6,7888.0,1,7859.0,7899.8,7899.8,7868.0,11.0,17352160.0,935
2015-05-11 09:18:39,IC1512,IC1512,7877.4,0.0,0.0,0.0,1,7867.0,7883.2,1,7859.0,7899.8,7899.8,7868.0,11.0,17352160.0,935
2015-05-11 09:18:40,IC1512,IC1512,7877.4,0.0,0.0,0.0,1,7869.8,7883.2,1,7859.0,7899.8,7899.8,7868.0,11.0,17352160.0,935
2015-05-11 09:18:40,IC1512,IC1512,7877.4,0.0,0.0,0.0,1,7867.0,7888.0,1,7859.0,7899.8,7899.8,7868.0,11.0,17352160.0,935
2015-05-11 09:18:41,IC1512,IC1512,7877.4,0.0,0.0,0.0,1,7871.4,7884.0,1,7859.0,7899.8,7899.8,7868.0,11.0,17352160.0,935
2015-05-11 09:18:41,IC1512,IC1512,7877.4,0.0,0.0,0.0,1,7871.4,7888.0,1,7859.0,7899.8,7899.8,7868.0,11.0,17352160.0,935
2015-05-11 09:18:42,IC1512,IC1512,7877.4,0.0,0.0,0.0,1,7871.4,7885.2,1,7859.0,7899.8,7899.8,7868.0,11.0,17352160.0,935
2015-05-11 09:18:45,IC1512,IC1512,7877.4,0.0,0.0,0.0,1,7867.0,7888.0,1,7859.0,7899.8,7899.8,7868.0,11.0,17352160.0,935
2015-05-11 09:18:46,IC1512,IC1512,7877.4,0.0,0.0,0.0,1,7872.0,7885.2,1,7859.0,7899.8,7899.8,7868.0,11.0,17352160.0,935
2015-05-11 09:18:46,IC1512,IC1512,7877.4,0.0,0.0,0.0,1,7872.0,7888.0,1,7859.0,7899.8,7899.8,7868.0,11.0,17352160.0,935
2015-05-11 09:18:47,IC1512,IC1512,7877.4,0.0,0.0,0.0,1,7872.2,7886.0,1,7859.0,7899.8,7899.8,7868.0,11.0,17352160.0,935
2015-05-11 09:18:47,IC1512,IC1512,7877.4,0.0,0.0,0.0,1,7872.2,7888.0,1,7859.0,7899.8,7899.8,7868.0,11.0,17352160.0,935
2015-05-11 09:18:48,IC1512,IC1512,7877.4,0.0,0.0,0.0,1,7872.2,7886.0,1,7859.0,7899.8,7899.8,7868.0,11.0,17352160.0,935
2015-05-11 09:18:49,IC1512,IC1512,7877.4,0.0,0.0,0.0,1,7872.2,7888.0,1,7859.0,7899.8,7899.8,7868.0,11.0,17352160.0,935
2015-05-11 09:18:49,IC1512,IC1512,7877.4,0.0,0.0,0.0,1,7872.2,7884.0,1,7859.0,7899.8,7899.8,7868.0,11.0,17352160.0,935
2015-05-11 09:18:50,IC1512,IC1512,7877.4,0.0,0.0,0.0,1,7872.2,7900.0,1,7859.0,7899.8,7899.8,7868.0,11.0,17352160.0,935
2015-05-11 09:18:50,IC1512,IC1512,7877.4,0.0,0.0,0.0,1,7872.2,7886.0,1,7859.0,7899.8,7899.8,7868.0,11.0,17352160.0,935
2015-05-11 09:18:51,IC1512,IC1512,7877.4,0.0,0.0,0.0,1,7872.2,7900.0,4,7859.0,7899.8,7899.8,7868.0,11.0,17352160.0,935
2015-05-11 09:18:51,IC1512,IC1512,7877.4,0.0,0.0,0.0,1,7872.2,7885.6,1,7859.0,7899.8,7899.8,7868.0,11.0,17352160.0,935
2015-05-11 09:18:52,IC1512,IC1512,7877.4,0.0,0.0,0.0,2,7872.4,7885.6,1,7859.0,7899.8,7899.8,7868.0,11.0,17352160.0,935
2015-05-11 09:18:52,IC1512,IC1512,7877.4,0.0,0.0,0.0,1,7873.6,7900.0,4,7859.0,7899.8,7899.8,7868.0,11.0,17352160.0,935
2015-05-11 09:18:53,IC1512,IC1512,7877.4,0.0,0.0,0.0,1,7873.6,7886.6,1,7859.0,7899.8,7899.8,7868.0,11.0,17352160.0,935
2015-05-11 09:18:53,IC1512,IC1512,7877.4,0.0,0.0,0.0,1,7873.8,7900.0,4,7859.0,7899.8,7899.8,7868.0,11.0,17352160.0,935
2015-05-11 09:18:54,IC1512,IC1512,7877.4,0.0,0.0,0.0,1,7873.8,7886.6,1,7859.0,7899.8,7899.8,7868.0,11.0,17352160.0,935
2015-05-11 09:18:54,IC1512,IC1512,7877.4,0.0,0.0,0.0,1,7873.8,7900.0,4,7859.0,7899.8,7899.8,7868.0,11.0,17352160.0,935
2015-05-11 09:18:55,IC1512,IC1512,7877.4,0.0,0.0,0.0,1,7873.8,7887.2,1,7859.0,7899.8,7899.8,7868.0,11.0,17352160.0,935
2015-05-11 09:18:57,IC1512,IC1512,7877.4,0.0,0.0,0.0,1,7873.8,7900.0,4,7859.0,7899.8,7899.8,7868.0,11.0,17352160.0,935
2015-05-11 09:18:57,IC1512,IC1512,7877.4,0.0,0.0,0.0,1,7874.8,7888.0,1,7859.0,7899.8,7899.8,7868.0,11.0,17352160.0,935
2015-05-11 09:18:58,IC1512,IC1512,7877.4,0.0,0.0,0.0,1,7875.0,7888.0,1,7859.0,7899.8,7899.8,7868.0,11.0,17352160.0,935
2015-05-11 09:18:59,IC1512,IC1512,7877.4,0.0,0.0,0.0,1,7875.0,7900.0,3,7859.0,7899.8,7899.8,7868.0,11.0,17352160.0,935
2015-05-11 09:18:59,IC1512,IC1512,7877.4,0.0,0.0,0.0,1,7875.0,7890.2,1,7859.0,7899.8,7899.8,7868.0,11.0,17352160.0,935
2015-05-11 09:18:59,IC1512,IC1512,7877.4,0.0,0.0,0.0,1,7875.0,7900.0,3,7859.0,7899.8,7899.8,7868.0,11.0,17352160.0,935
2015-05-11 09:18:59,IC1512,IC1512,7877.4,0.0,0.0,0.0,1,7875.0,7890.2,1,7859.0,7899.8,7899.8,7868.0,11.0,17352160.0,935
2015-05-11 09:19:00,IC1512,IC1512,7877.4,0.0,0.0,0.0,1,7875.0,7899.6,1,7859.0,7899.8,7899.8,7868.0,11.0,17352160.0,935
2015-05-11 09:19:00,IC1512,IC1512,7877.4,0.0,0.0,0.0,1,7875.0,7891.0,1,7859.0,7899.8,7899.8,7868.0,11.0,17352160.0,935
2015-05-11 09:19:01,IC1512,IC1512,7877.4,0.0,0.0,0.0,1,7877.8,7899.6,2,7859.0,7899.8,7899.8,7868.0,11.0,17352160.0,935
2015-05-11 09:19:01,IC1512,IC1512,7877.4,0.0,0.0,0.0,1,7867.0,7891.6,1,7859.0,7899.8,7899.8,7868.0,11.0,17352160.0,935
2015-05-11 09:19:02,IC1512,IC1512,7877.4,0.0,0.0,0.0,1,7878.0,7891.6,1,7859.0,7899.8,7899.8,7868.0,11.0,17352160.0,935
2015-05-11 09:19:02,IC1512,IC1512,7877.4,0.0,0.0,0.0,1,7878.0,7899.6,3,7859.0,7899.8,7899.8,7868.0,11.0,17352160.0,935
2015-05-11 09:19:03,IC1512,IC1512,7877.4,0.0,0.0,0.0,1,7878.0,7890.2,1,7859.0,7899.8,7899.8,7868.0,11.0,17352160.0,935
2015-05-11 09:19:07,IC1512,IC1512,7877.4,0.0,0.0,0.0,1,7878.0,7890.0,1,7859.0,7899.8,7899.8,7868.0,11.0,17352160.0,935
2015-05-11 09:19:08,IC1512,IC1512,7877.4,0.0,0.0,0.0,1,7878.0,7888.2,1,7859.0,7899.8,7899.8,7868.0,11.0,17352160.0,935
2015-05-11 09:19:08,IC1512,IC1512,7888.2,1.0,1577640.0,0.0,1,7878.0,7890.0,1,7859.0,7899.8,7899.8,7868.0,12.0,18929800.0,935
2015-05-11 09:19:09,IC1512,IC1512,7888.2,0.0,0.0,0.0,1,7879.2,7890.0,1,7859.0,7899.8,7899.8,7868.0,12.0,18929800.0,935
2015-05-11 09:19:10,IC1512,IC1512,7879.4,1.0,1575880.0,0.0,1,7867.2,7890.0,1,7859.0,7899.8,7899.8,7868.0,13.0,20505680.0,935
2015-05-11 09:19:11,IC1512,IC1512,7879.4,0.0,0.0,0.0,1,7876.0,7900.0,1,7859.0,7899.8,7899.8,7868.0,13.0,20505680.0,935
2015-05-11 09:19:11,IC1512,IC1512,7879.4,0.0,0.0,0.0,2,7867.2,7899.8,2,7859.0,7899.8,7899.8,7868.0,13.0,20505680.0,935
2015-05-11 09:19:12,IC1512,IC1512,7879.4,0.0,0.0,0.0,1,7879.2,7899.2,1,7859.0,7899.8,7899.8,7868.0,13.0,20505680.0,935
2015-05-11 09:19:12,IC1512,IC1512,7879.4,0.0,0.0,0.0,1,7879.2,7900.0,2,7859.0,7899.8,7899.8,7868.0,13.0,20505680.0,935
2015-05-11 09:19:13,IC1512,IC1512,7879.4,0.0,0.0,0.0,2,7867.2,7899.8,1,7859.0,7899.8,7899.8,7868.0,13.0,20505680.0,935
2015-05-11 09:19:13,IC1512,IC1512,7879.4,0.0,0.0,0.0,1,7877.8,7899.8,1,7859.0,7899.8,7899.8,7868.0,13.0,20505680.0,935
2015-05-11 09:19:14,IC1512,IC1512,7879.4,0.0,0.0,0.0,2,7867.2,7900.0,2,7859.0,7899.8,7899.8,7868.0,13.0,20505680.0,935
2015-05-11 09:19:14,IC1512,IC1512,7879.4,0.0,0.0,0.0,1,7880.0,7899.0,1,7859.0,7899.8,7899.8,7868.0,13.0,20505680.0,935
2015-05-11 09:19:15,IC1512,IC1512,7879.4,0.0,0.0,0.0,1,7871.2,7898.8,1,7859.0,7899.8,7899.8,7868.0,13.0,20505680.0,935
2015-05-11 09:19:15,IC1512,IC1512,7879.4,0.0,0.0,0.0,1,7879.4,7899.0,1,7859.0,7899.8,7899.8,7868.0,13.0,20505680.0,935
2015-05-11 09:19:17,IC1512,IC1512,7879.4,0.0,0.0,0.0,1,7867.0,7899.0,1,7859.0,7899.8,7899.8,7868.0,13.0,20505680.0,935
2015-05-11 09:19:17,IC1512,IC1512,7879.4,0.0,0.0,0.0,1,7877.8,7899.0,1,7859.0,7899.8,7899.8,7868.0,13.0,20505680.0,935
2015-05-11 09:19:18,IC1512,IC1512,7879.4,0.0,0.0,0.0,1,7877.8,7898.8,1,7859.0,7899.8,7899.8,7868.0,13.0,20505680.0,935
2015-05-11 09:19:18,IC1512,IC1512,7879.4,0.0,0.0,0.0,3,7867.2,7898.8,1,7859.0,7899.8,7899.8,7868.0,13.0,20505680.0,935
2015-05-11 09:19:19,IC1512,IC1512,7879.4,0.0,0.0,0.0,1,7878.8,7898.2,1,7859.0,7899.8,7899.8,7868.0,13.0,20505680.0,935
2015-05-11 09:19:19,IC1512,IC1512,7879.4,0.0,0.0,0.0,2,7867.2,7898.0,1,7859.0,7899.8,7899.8,7868.0,13.0,20505680.0,935
2015-05-11 09:19:20,IC1512,IC1512,7879.4,0.0,0.0,0.0,1,7877.8,7898.0,2,7859.0,7899.8,7899.8,7868.0,13.0,20505680.0,935
2015-05-11 09:19:21,IC1512,IC1512,7879.4,0.0,0.0,0.0,3,7867.2,7898.0,2,7859.0,7899.8,7899.8,7868.0,13.0,20505680.0,935
2015-05-11 09:19:21,IC1512,IC1512,7879.4,0.0,0.0,0.0,1,7878.2,7897.8,1,7859.0,7899.8,7899.8,7868.0,13.0,20505680.0,935
2015-05-11 09:19:22,IC1512,IC1512,7879.4,0.0,0.0,0.0,2,7867.2,7897.6,1,7859.0,7899.8,7899.8,7868.0,13.0,20505680.0,935
2015-05-11 09:19:22,IC1512,IC1512,7879.4,0.0,0.0,0.0,1,7877.6,7896.4,1,7859.0,7899.8,7899.8,7868.0,13.0,20505680.0,935
2015-05-11 09:19:23,IC1512,IC1512,7879.4,0.0,0.0,0.0,1,7877.6,7896.2,1,7859.0,7899.8,7899.8,7868.0,13.0,20505680.0,935
2015-05-11 09:19:23,IC1512,IC1512,7879.4,0.0,0.0,0.0,2,7867.2,7896.2,1,7859.0,7899.8,7899.8,7868.0,13.0,20505680.0,935
2015-05-11 09:19:24,IC1512,IC1512,7879.4,0.0,0.0,0.0,1,7877.4,7896.2,1,7859.0,7899.8,7899.8,7868.0,13.0,20505680.0,935
2015-05-11 09:19:25,IC1512,IC1512,7879.4,0.0,0.0,0.0,2,7867.2,7896.0,1,7859.0,7899.8,7899.8,7868.0,13.0,20505680.0,935
2015-05-11 09:19:26,IC1512,IC1512,7879.4,0.0,0.0,0.0,1,7867.4,7895.8,1,7859.0,7899.8,7899.8,7868.0,13.0,20505680.0,935
2015-05-11 09:19:27,IC1512,IC1512,7879.4,0.0,0.0,0.0,1,7867.6,7895.8,1,7859.0,7899.8,7899.8,7868.0,13.0,20505680.0,935
2015-05-11 09:19:28,IC1512,IC1512,7879.4,0.0,0.0,0.0,1,7867.8,7895.0,1,7859.0,7899.8,7899.8,7868.0,13.0,20505680.0,935
2015-05-11 09:19:29,IC1512,IC1512,7879.4,0.0,0.0,0.0,1,7871.8,7894.8,1,7859.0,7899.8,7899.8,7868.0,13.0,20505680.0,935
2015-05-11 09:19:29,IC1512,IC1512,7879.4,0.0,0.0,0.0,1,7868.0,7894.8,1,7859.0,7899.8,7899.8,7868.0,13.0,20505680.0,935
2015-05-11 09:19:30,IC1512,IC1512,7879.4,0.0,0.0,0.0,2,7872.0,7894.8,1,7859.0,7899.8,7899.8,7868.0,13.0,20505680.0,935
2015-05-11 09:19:30,IC1512,IC1512,7879.4,0.0,0.0,0.0,2,7872.0,7894.0,1,7859.0,7899.8,7899.8,7868.0,13.0,20505680.0,935
2015-05-11 09:19:31,IC1512,IC1512,7879.4,0.0,0.0,0.0,1,7881.2,7894.0,1,7859.0,7899.8,7899.8,7868.0,13.0,20505680.0,935
2015-05-11 09:19:31,IC1512,IC1512,7879.4,0.0,0.0,0.0,1,7881.2,7893.8,1,7859.0,7899.8,7899.8,7868.0,13.0,20505680.0,935
2015-05-11 09:19:31,IC1512,IC1512,7879.4,0.0,0.0,0.0,1,7881.2,7894.0,1,7859.0,7899.8,7899.8,7868.0,13.0,20505680.0,935
2015-05-11 09:19:31,IC1512,IC1512,7879.4,0.0,0.0,0.0,1,7881.2,7893.8,1,7859.0,7899.8,7899.8,7868.0,13.0,20505680.0,935
2015-05-11 09:19:34,IC1512,IC1512,7879.4,0.0,0.0,0.0,1,7872.0,7893.8,1,7859.0,7899.8,7899.8,7868.0,13.0,20505680.0,935
2015-05-11 09:19:35,IC1512,IC1512,7879.4,0.0,0.0,0.0,1,7879.4,7893.8,1,7859.0,7899.8,7899.8,7868.0,13.0,20505680.0,935
2015-05-11 09:19:35,IC1512,IC1512,7879.4,0.0,0.0,0.0,1,7879.4,7893.6,1,7859.0,7899.8,7899.8,7868.0,13.0,20505680.0,935
2015-05-11 09:19:36,IC1512,IC1512,7879.4,0.0,0.0,0.0,1,7867.0,7893.6,1,7859.0,7899.8,7899.8,7868.0,13.0,20505680.0,935
2015-05-11 09:19:36,IC1512,IC1512,7879.4,0.0,0.0,0.0,1,7881.8,7893.4,1,7859.0,7899.8,7899.8,7868.0,13.0,20505680.0,935
2015-05-11 09:19:39,IC1512,IC1512,7879.4,0.0,0.0,0.0,2,7867.2,7893.4,1,7859.0,7899.8,7899.8,7868.0,13.0,20505680.0,935
2015-05-11 09:19:40,IC1512,IC1512,7879.4,0.0,0.0,0.0,1,7879.4,7893.4,1,7859.0,7899.8,7899.8,7868.0,13.0,20505680.0,935
2015-05-11 09:19:40,IC1512,IC1512,7879.4,0.0,0.0,0.0,1,7871.2,7893.2,1,7859.0,7899.8,7899.8,7868.0,13.0,20505680.0,935
2015-05-11 09:19:41,IC1512,IC1512,7879.4,0.0,0.0,0.0,1,7879.4,7893.0,1,7859.0,7899.8,7899.8,7868.0,13.0,20505680.0,935
2015-05-11 09:19:44,IC1512,IC1512,7879.4,0.0,0.0,0.0,1,7879.4,7892.8,1,7859.0,7899.8,7899.8,7868.0,13.0,20505680.0,935
2015-05-11 09:19:45,IC1512,IC1512,7879.4,0.0,0.0,0.0,1,7879.4,7892.6,1,7859.0,7899.8,7899.8,7868.0,13.0,20505680.0,935
2015-05-11 09:19:46,IC1512,IC1512,7879.4,0.0,0.0,0.0,2,7867.2,7892.6,1,7859.0,7899.8,7899.8,7868.0,13.0,20505680.0,935
2015-05-11 09:19:46,IC1512,IC1512,7879.4,0.0,0.0,0.0,1,7879.2,7892.6,1,7859.0,7899.8,7899.8,7868.0,13.0,20505680.0,935
2015-05-11 09:19:48,IC1512,IC1512,7879.4,0.0,0.0,0.0,2,7867.2,7892.4,1,7859.0,7899.8,7899.8,7868.0,13.0,20505680.0,935
2015-05-11 09:19:48,IC1512,IC1512,7879.4,0.0,0.0,0.0,1,7880.4,7892.2,1,7859.0,7899.8,7899.8,7868.0,13.0,20505680.0,935
2015-05-11 09:19:48,IC1512,IC1512,7879.4,0.0,0.0,0.0,2,7867.2,7892.4,1,7859.0,7899.8,7899.8,7868.0,13.0,20505680.0,935
2015-05-11 09:19:48,IC1512,IC1512,7879.4,0.0,0.0,0.0,1,7880.4,7892.2,1,7859.0,7899.8,7899.8,7868.0,13.0,20505680.0,935
2015-05-11 09:19:49,IC1512,IC1512,7879.4,0.0,0.0,0.0,2,7867.2,7892.2,1,7859.0,7899.8,7899.8,7868.0,13.0,20505680.0,935
2015-05-11 09:19:49,IC1512,IC1512,7879.4,0.0,0.0,0.0,1,7879.8,7892.2,1,7859.0,7899.8,7899.8,7868.0,13.0,20505680.0,935
2015-05-11 09:19:51,IC1512,IC1512,7879.4,0.0,0.0,0.0,1,7879.8,7892.0,1,7859.0,7899.8,7899.8,7868.0,13.0,20505680.0,935
2015-05-11 09:19:52,IC1512,IC1512,7879.4,0.0,0.0,0.0,1,7879.8,7891.8,1,7859.0,7899.8,7899.8,7868.0,13.0,20505680.0,935
2015-05-11 09:19:54,IC1512,IC1512,7879.4,0.0,0.0,0.0,1,7879.8,7891.6,1,7859.0,7899.8,7899.8,7868.0,13.0,20505680.0,935
2015-05-11 09:19:55,IC1512,IC1512,7879.4,0.0,0.0,0.0,1,7879.8,7891.4,1,7859.0,7899.8,7899.8,7868.0,13.0,20505680.0,935
2015-05-11 09:19:55,IC1512,IC1512,7879.4,0.0,0.0,0.0,1,7879.8,7891.6,1,7859.0,7899.8,7899.8,7868.0,13.0,20505680.0,935
2015-05-11 09:19:56,IC1512,IC1512,7879.4,0.0,0.0,0.0,1,7879.8,7891.4,1,7859.0,7899.8,7899.8,7868.0,13.0,20505680.0,935
2015-05-11 09:20:00,IC1512,IC1512,7879.4,0.0,0.0,0.0,2,7867.2,7891.4,1,7859.0,7899.8,7899.8,7868.0,13.0,20505680.0,935
2015-05-11 09:20:01,IC1512,IC1512,7879.4,0.0,0.0,0.0,1,7880.0,7891.4,1,7859.0,7899.8,7899.8,7868.0,13.0,20505680.0,935
2015-05-11 09:20:05,IC1512,IC1512,7879.4,0.0,0.0,0.0,1,7880.0,7891.2,1,7859.0,7899.8,7899.8,7868.0,13.0,20505680.0,935
2015-05-11 09:20:06,IC1512,IC1512,7879.4,0.0,0.0,0.0,1,7880.0,7891.0,1,7859.0,7899.8,7899.8,7868.0,13.0,20505680.0,935
2015-05-11 09:20:06,IC1512,IC1512,7879.4,0.0,0.0,0.0,2,7867.2,7891.0,1,7859.0,7899.8,7899.8,7868.0,13.0,20505680.0,935
2015-05-11 09:20:07,IC1512,IC1512,7879.4,0.0,0.0,0.0,1,7882.4,7891.0,1,7859.0,7899.8,7899.8,7868.0,13.0,20505680.0,935
2015-05-11 09:20:07,IC1512,IC1512,7879.4,0.0,0.0,0.0,1,7882.4,7891.2,1,7859.0,7899.8,7899.8,7868.0,13.0,20505680.0,935
2015-05-11 09:20:08,IC1512,IC1512,7879.4,0.0,0.0,0.0,2,7867.4,7900.0,1,7859.0,7899.8,7899.8,7868.0,13.0,20505680.0,935
2015-05-11 09:20:08,IC1512,IC1512,7879.4,0.0,0.0,0.0,1,7882.8,7899.8,1,7859.0,7899.8,7899.8,7868.0,13.0,20505680.0,935
2015-05-11 09:20:09,IC1512,IC1512,7879.4,0.0,0.0,0.0,2,7867.6,7899.8,1,7859.0,7899.8,7899.8,7868.0,13.0,20505680.0,935
2015-05-11 09:20:09,IC1512,IC1512,7879.4,0.0,0.0,0.0,1,7881.6,7899.8,1,7859.0,7899.8,7899.8,7868.0,13.0,20505680.0,935
2015-05-11 09:20:10,IC1512,IC1512,7879.4,0.0,0.0,0.0,3,7867.6,7899.8,1,7859.0,7899.8,7899.8,7868.0,13.0,20505680.0,935
2015-05-11 09:20:10,IC1512,IC1512,7879.4,0.0,0.0,0.0,1,7883.8,7899.0,1,7859.0,7899.8,7899.8,7868.0,13.0,20505680.0,935
2015-05-11 09:20:11,IC1512,IC1512,7879.4,0.0,0.0,0.0,2,7867.6,7898.8,1,7859.0,7899.8,7899.8,7868.0,13.0,20505680.0,935
2015-05-11 09:20:11,IC1512,IC1512,7879.4,0.0,0.0,0.0,1,7885.0,7898.8,1,7859.0,7899.8,7899.8,7868.0,13.0,20505680.0,935
2015-05-11 09:20:12,IC1512,IC1512,7879.4,0.0,0.0,0.0,1,7871.6,7898.8,1,7859.0,7899.8,7899.8,7868.0,13.0,20505680.0,935
2015-05-11 09:20:12,IC1512,IC1512,7879.4,0.0,0.0,0.0,1,7883.4,7898.8,1,7859.0,7899.8,7899.8,7868.0,13.0,20505680.0,935
2015-05-11 09:20:13,IC1512,IC1512,7879.4,0.0,0.0,0.0,1,7883.4,7898.6,1,7859.0,7899.8,7899.8,7868.0,13.0,20505680.0,935
2015-05-11 09:20:14,IC1512,IC1512,7879.4,0.0,0.0,0.0,1,7871.8,7898.4,1,7859.0,7899.8,7899.8,7868.0,13.0,20505680.0,935
2015-05-11 09:20:15,IC1512,IC1512,7879.4,0.0,0.0,0.0,1,7884.2,7898.4,1,7859.0,7899.8,7899.8,7868.0,13.0,20505680.0,935
2015-05-11 09:20:16,IC1512,IC1512,7879.4,0.0,0.0,0.0,2,7871.8,7898.4,1,7859.0,7899.8,7899.8,7868.0,13.0,20505680.0,935
2015-05-11 09:20:16,IC1512,IC1512,7879.4,0.0,0.0,0.0,1,7882.6,7898.2,1,7859.0,7899.8,7899.8,7868.0,13.0,20505680.0,935
2015-05-11 09:20:17,IC1512,IC1512,7879.4,0.0,0.0,0.0,1,7882.6,7898.0,2,7859.0,7899.8,7899.8,7868.0,13.0,20505680.0,935
2015-05-11 09:20:19,IC1512,IC1512,7879.4,0.0,0.0,0.0,1,7882.6,7897.8,1,7859.0,7899.8,7899.8,7868.0,13.0,20505680.0,935
2015-05-11 09:20:20,IC1512,IC1512,7879.4,0.0,0.0,0.0,1,7882.6,7897.6,1,7859.0,7899.8,7899.8,7868.0,13.0,20505680.0,935
2015-05-11 09:20:21,IC1512,IC1512,7879.4,0.0,0.0,0.0,1,7871.8,7897.6,1,7859.0,7899.8,7899.8,7868.0,13.0,20505680.0,935
2015-05-11 09:20:21,IC1512,IC1512,7879.4,0.0,0.0,0.0,1,7884.2,7897.6,1,7859.0,7899.8,7899.8,7868.0,13.0,20505680.0,935
2015-05-11 09:20:22,IC1512,IC1512,7879.4,0.0,0.0,0.0,2,7871.8,7897.6,1,7859.0,7899.8,7899.8,7868.0,13.0,20505680.0,935
2015-05-11 09:20:22,IC1512,IC1512,7879.4,0.0,0.0,0.0,1,7887.4,7897.4,1,7859.0,7899.8,7899.8,7868.0,13.0,20505680.0,935
2015-05-11 09:20:23,IC1512,IC1512,7879.4,0.0,0.0,0.0,1,7887.4,7900.0,1,7859.0,7899.8,7899.8,7868.0,13.0,20505680.0,935
2015-05-11 09:20:23,IC1512,IC1512,7879.4,0.0,0.0,0.0,1,7887.4,7899.8,1,7859.0,7899.8,7899.8,7868.0,13.0,20505680.0,935
2015-05-11 09:20:24,IC1512,IC1512,7879.4,0.0,0.0,0.0,2,7871.8,7899.8,1,7859.0,7899.8,7899.8,7868.0,13.0,20505680.0,935
2015-05-11 09:20:24,IC1512,IC1512,7879.4,0.0,0.0,0.0,1,7886.2,7899.8,1,7859.0,7899.8,7899.8,7868.0,13.0,20505680.0,935
2015-05-11 09:20:27,IC1512,IC1512,7879.4,0.0,0.0,0.0,2,7871.8,7899.8,1,7859.0,7899.8,7899.8,7868.0,13.0,20505680.0,935
2015-05-11 09:20:27,IC1512,IC1512,7879.4,0.0,0.0,0.0,1,7889.2,7899.8,1,7859.0,7899.8,7899.8,7868.0,13.0,20505680.0,935
2015-05-11 09:20:29,IC1512,IC1512,7879.4,0.0,0.0,0.0,3,7871.8,7899.8,1,7859.0,7899.8,7899.8,7868.0,13.0,20505680.0,935
2015-05-11 09:20:29,IC1512,IC1512,7879.4,0.0,0.0,0.0,1,7889.0,7899.8,1,7859.0,7899.8,7899.8,7868.0,13.0,20505680.0,935
2015-05-11 09:20:34,IC1512,IC1512,7879.4,0.0,0.0,0.0,3,7871.8,7899.8,1,7859.0,7899.8,7899.8,7868.0,13.0,20505680.0,935
2015-05-11 09:20:34,IC1512,IC1512,7879.4,0.0,0.0,0.0,1,7890.0,7899.8,1,7859.0,7899.8,7899.8,7868.0,13.0,20505680.0,935
2015-05-11 09:20:35,IC1512,IC1512,7879.4,0.0,0.0,0.0,3,7871.8,7900.0,1,7859.0,7899.8,7899.8,7868.0,13.0,20505680.0,935
2015-05-11 09:20:35,IC1512,IC1512,7879.4,0.0,0.0,0.0,1,7893.8,7900.0,1,7859.0,7899.8,7899.8,7868.0,13.0,20505680.0,935
2015-05-11 09:20:36,IC1512,IC1512,7879.4,0.0,0.0,0.0,2,7872.0,7900.0,1,7859.0,7899.8,7899.8,7868.0,13.0,20505680.0,935
2015-05-11 09:20:36,IC1512,IC1512,7879.4,0.0,0.0,0.0,1,7893.8,7900.0,1,7859.0,7899.8,7899.8,7868.0,13.0,20505680.0,935
2015-05-11 09:20:37,IC1512,IC1512,7879.4,0.0,0.0,0.0,5,7872.2,7900.0,1,7859.0,7899.8,7899.8,7868.0,13.0,20505680.0,935
2015-05-11 09:20:37,IC1512,IC1512,7879.4,0.0,0.0,0.0,1,7892.0,7900.0,1,7859.0,7899.8,7899.8,7868.0,13.0,20505680.0,935
2015-05-11 09:20:38,IC1512,IC1512,7879.4,0.0,0.0,0.0,3,7872.2,7900.0,1,7859.0,7899.8,7899.8,7868.0,13.0,20505680.0,935
2015-05-11 09:20:39,IC1512,IC1512,7879.4,0.0,0.0,0.0,1,7891.8,7900.0,1,7859.0,7899.8,7899.8,7868.0,13.0,20505680.0,935
2015-05-11 09:20:39,IC1512,IC1512,7879.4,0.0,0.0,0.0,4,7872.2,7900.0,1,7859.0,7899.8,7899.8,7868.0,13.0,20505680.0,935
2015-05-11 09:20:40,IC1512,IC1512,7879.4,0.0,0.0,0.0,1,7891.0,7900.0,1,7859.0,7899.8,7899.8,7868.0,13.0,20505680.0,935
2015-05-11 09:20:41,IC1512,IC1512,7879.4,0.0,0.0,0.0,3,7872.2,7900.0,1,7859.0,7899.8,7899.8,7868.0,13.0,20505680.0,935
2015-05-11 09:20:42,IC1512,IC1512,7879.4,0.0,0.0,0.0,1,7893.0,7900.0,1,7859.0,7899.8,7899.8,7868.0,13.0,20505680.0,935
2015-05-11 09:20:42,IC1512,IC1512,7879.4,0.0,0.0,0.0,3,7872.2,7900.0,1,7859.0,7899.8,7899.8,7868.0,13.0,20505680.0,935
2015-05-11 09:20:43,IC1512,IC1512,7879.4,0.0,0.0,0.0,1,7891.4,7900.0,1,7859.0,7899.8,7899.8,7868.0,13.0,20505680.0,935
2015-05-11 09:20:43,IC1512,IC1512,7879.4,0.0,0.0,0.0,3,7872.2,7899.8,1,7859.0,7899.8,7899.8,7868.0,13.0,20505680.0,935
2015-05-11 09:20:44,IC1512,IC1512,7879.4,0.0,0.0,0.0,1,7893.8,7900.0,1,7859.0,7899.8,7899.8,7868.0,13.0,20505680.0,935
2015-05-11 09:20:44,IC1512,IC1512,7879.4,0.0,0.0,0.0,4,7872.2,7900.0,1,7859.0,7899.8,7899.8,7868.0,13.0,20505680.0,935
2015-05-11 09:20:45,IC1512,IC1512,7879.4,0.0,0.0,0.0,1,7890.2,7900.0,1,7859.0,7899.8,7899.8,7868.0,13.0,20505680.0,935
2015-05-11 09:20:46,IC1512,IC1512,7879.4,0.0,0.0,0.0,3,7872.2,7900.0,1,7859.0,7899.8,7899.8,7868.0,13.0,20505680.0,935
2015-05-11 09:20:47,IC1512,IC1512,7879.4,0.0,0.0,0.0,1,7893.0,7900.0,1,7859.0,7899.8,7899.8,7868.0,13.0,20505680.0,935
2015-05-11 09:20:48,IC1512,IC1512,7879.4,0.0,0.0,0.0,4,7872.2,7900.0,1,7859.0,7899.8,7899.8,7868.0,13.0,20505680.0,935
2015-05-11 09:20:48,IC1512,IC1512,7879.4,0.0,0.0,0.0,1,7894.6,7900.0,1,7859.0,7899.8,7899.8,7868.0,13.0,20505680.0,935
2015-05-11 09:20:49,IC1512,IC1512,7879.4,0.0,0.0,0.0,4,7872.2,7900.0,1,7859.0,7899.8,7899.8,7868.0,13.0,20505680.0,935
2015-05-11 09:20:49,IC1512,IC1512,7879.4,0.0,0.0,0.0,1,7895.2,7900.0,1,7859.0,7899.8,7899.8,7868.0,13.0,20505680.0,935
2015-05-11 09:20:52,IC1512,IC1512,7879.4,0.0,0.0,0.0,1,7895.2,7900.0,2,7859.0,7899.8,7899.8,7868.0,13.0,20505680.0,935
2015-05-11 09:20:53,IC1512,IC1512,7879.4,0.0,0.0,0.0,1,7880.0,7900.0,2,7859.0,7899.8,7899.8,7868.0,13.0,20505680.0,935
2015-05-11 09:20:53,IC1512,IC1512,7879.4,0.0,0.0,0.0,1,7895.8,7900.0,2,7859.0,7899.8,7899.8,7868.0,13.0,20505680.0,935
2015-05-11 09:20:56,IC1512,IC1512,7879.4,0.0,0.0,0.0,2,7880.2,7900.0,2,7859.0,7899.8,7899.8,7868.0,13.0,20505680.0,935
2015-05-11 09:20:57,IC1512,IC1512,7879.4,0.0,0.0,0.0,1,7896.6,7900.0,2,7859.0,7899.8,7899.8,7868.0,13.0,20505680.0,935
2015-05-11 09:20:57,IC1512,IC1512,7879.4,0.0,0.0,0.0,3,7880.2,7900.0,2,7859.0,7899.8,7899.8,7868.0,13.0,20505680.0,935
2015-05-11 09:20:58,IC1512,IC1512,7879.4,0.0,0.0,0.0,1,7898.4,7900.0,2,7859.0,7899.8,7899.8,7868.0,13.0,20505680.0,935
2015-05-11 09:21:01,IC1512,IC1512,7879.4,0.0,0.0,0.0,2,7898.6,7900.0,2,7859.0,7899.8,7899.8,7868.0,13.0,20505680.0,935
2015-05-11 09:21:01,IC1512,IC1512,7879.4,0.0,0.0,0.0,1,7898.4,7900.0,2,7859.0,7899.8,7899.8,7868.0,13.0,20505680.0,935
2015-05-11 09:21:01,IC1512,IC1512,7879.4,0.0,0.0,0.0,2,7898.6,7900.0,2,7859.0,7899.8,7899.8,7868.0,13.0,20505680.0,935
2015-05-11 09:21:02,IC1512,IC1512,7879.4,0.0,0.0,0.0,1,7898.4,7900.0,2,7859.0,7899.8,7899.8,7868.0,13.0,20505680.0,935
2015-05-11 09:21:04,IC1512,IC1512,7900.0,1.0,1580000.0,-1.0,1,7898.4,7900.0,1,7859.0,7899.8,7900.0,7868.0,14.0,22085680.0,934
2015-05-11 09:21:06,IC1512,IC1512,7900.0,0.0,0.0,0.0,1,7898.8,7900.0,1,7859.0,7899.8,7900.0,7868.0,14.0,22085680.0,934
2015-05-11 09:21:07,IC1512,IC1512,7900.0,0.0,0.0,0.0,1,7898.4,7900.0,1,7859.0,7899.8,7900.0,7868.0,14.0,22085680.0,934
2015-05-11 09:21:07,IC1512,IC1512,7900.0,0.0,0.0,0.0,1,7898.6,7900.0,1,7859.0,7899.8,7900.0,7868.0,14.0,22085680.0,934
2015-05-11 09:21:09,IC1512,IC1512,7898.6,1.0,1579720.0,1.0,1,7898.4,7900.0,1,7859.0,7899.8,7900.0,7868.0,15.0,23665400.0,935
2015-05-11 09:21:10,IC1512,IC1512,7898.6,0.0,0.0,0.0,2,7898.6,7900.0,1,7859.0,7899.8,7900.0,7868.0,15.0,23665400.0,935
2015-05-11 09:21:11,IC1512,IC1512,7898.6,0.0,0.0,0.0,1,7898.4,7900.0,1,7859.0,7899.8,7900.0,7868.0,15.0,23665400.0,935
2015-05-11 09:21:17,IC1512,IC1512,7898.6,0.0,0.0,0.0,1,7893.8,7900.0,1,7859.0,7899.8,7900.0,7868.0,15.0,23665400.0,935
2015-05-11 09:21:17,IC1512,IC1512,7898.6,0.0,0.0,0.0,1,7898.4,7900.0,1,7859.0,7899.8,7900.0,7868.0,15.0,23665400.0,935
2015-05-11 09:21:32,IC1512,IC1512,7898.6,0.0,0.0,0.0,2,7898.6,7900.0,1,7859.0,7899.8,7900.0,7868.0,15.0,23665400.0,935
2015-05-11 09:21:33,IC1512,IC1512,7898.6,0.0,0.0,0.0,1,7898.4,7900.0,1,7859.0,7899.8,7900.0,7868.0,15.0,23665400.0,935
2015-05-11 09:21:43,IC1512,IC1512,7898.4,1.0,1579680.0,1.0,1,7894.0,7900.0,1,7859.0,7899.8,7900.0,7868.0,16.0,25245080.0,936
2015-05-11 09:21:44,IC1512,IC1512,7898.4,0.0,0.0,0.0,1,7881.0,7900.0,1,7859.0,7899.8,7900.0,7868.0,16.0,25245080.0,936
2015-05-11 09:21:44,IC1512,IC1512,7898.4,0.0,0.0,0.0,1,7893.4,7900.0,1,7859.0,7899.8,7900.0,7868.0,16.0,25245080.0,936
2015-05-11 09:21:45,IC1512,IC1512,7898.4,0.0,0.0,0.0,6,7881.2,7900.0,1,7859.0,7899.8,7900.0,7868.0,16.0,25245080.0,936
2015-05-11 09:21:45,IC1512,IC1512,7898.4,0.0,0.0,0.0,1,7892.8,7900.0,1,7859.0,7899.8,7900.0,7868.0,16.0,25245080.0,936
2015-05-11 09:21:46,IC1512,IC1512,7898.4,0.0,0.0,0.0,2,7881.4,7900.0,1,7859.0,7899.8,7900.0,7868.0,16.0,25245080.0,936
2015-05-11 09:21:46,IC1512,IC1512,7898.4,0.0,0.0,0.0,1,7893.2,7900.0,1,7859.0,7899.8,7900.0,7868.0,16.0,25245080.0,936
2015-05-11 09:21:47,IC1512,IC1512,7898.4,0.0,0.0,0.0,4,7881.6,7900.0,1,7859.0,7899.8,7900.0,7868.0,16.0,25245080.0,936
2015-05-11 09:21:48,IC1512,IC1512,7898.4,0.0,0.0,0.0,1,7896.0,7900.0,1,7859.0,7899.8,7900.0,7868.0,16.0,25245080.0,936
2015-05-11 09:21:48,IC1512,IC1512,7898.4,0.0,0.0,0.0,1,7885.6,7900.0,1,7859.0,7899.8,7900.0,7868.0,16.0,25245080.0,936
2015-05-11 09:21:49,IC1512,IC1512,7898.4,0.0,0.0,0.0,1,7893.2,7900.0,1,7859.0,7899.8,7900.0,7868.0,16.0,25245080.0,936
2015-05-11 09:21:49,IC1512,IC1512,7898.4,0.0,0.0,0.0,1,7885.8,7900.0,1,7859.0,7899.8,7900.0,7868.0,16.0,25245080.0,936
2015-05-11 09:21:50,IC1512,IC1512,7898.4,0.0,0.0,0.0,1,7893.8,7900.0,1,7859.0,7899.8,7900.0,7868.0,16.0,25245080.0,936
2015-05-11 09:21:52,IC1512,IC1512,7898.4,0.0,0.0,0.0,1,7885.8,7900.0,1,7859.0,7899.8,7900.0,7868.0,16.0,25245080.0,936
2015-05-11 09:21:52,IC1512,IC1512,7898.4,0.0,0.0,0.0,1,7892.6,7900.0,1,7859.0,7899.8,7900.0,7868.0,16.0,25245080.0,936
2015-05-11 09:21:54,IC1512,IC1512,7898.4,0.0,0.0,0.0,1,7886.0,7900.0,1,7859.0,7899.8,7900.0,7868.0,16.0,25245080.0,936
2015-05-11 09:21:55,IC1512,IC1512,7898.4,0.0,0.0,0.0,1,7890.0,7900.0,1,7859.0,7899.8,7900.0,7868.0,16.0,25245080.0,936
2015-05-11 09:21:55,IC1512,IC1512,7898.4,0.0,0.0,0.0,1,7886.0,7899.8,1,7859.0,7899.8,7900.0,7868.0,16.0,25245080.0,936
2015-05-11 09:21:56,IC1512,IC1512,7898.4,0.0,0.0,0.0,1,7889.0,7899.8,1,7859.0,7899.8,7900.0,7868.0,16.0,25245080.0,936
2015-05-11 09:21:56,IC1512,IC1512,7898.4,0.0,0.0,0.0,1,7886.0,7899.8,1,7859.0,7899.8,7900.0,7868.0,16.0,25245080.0,936
2015-05-11 09:21:57,IC1512,IC1512,7899.8,1.0,1579960.0,0.0,4,7864.4,7900.0,1,7859.0,7899.8,7900.0,7868.0,17.0,26825040.0,936
2015-05-11 09:21:58,IC1512,IC1512,7899.8,0.0,0.0,0.0,1,7882.0,7900.0,1,7859.0,7899.8,7900.0,7868.0,17.0,26825040.0,936
2015-05-11 09:21:58,IC1512,IC1512,7899.8,0.0,0.0,0.0,1,7868.0,7900.0,1,7859.0,7899.8,7900.0,7868.0,17.0,26825040.0,936
2015-05-11 09:21:59,IC1512,IC1512,7899.8,0.0,0.0,0.0,1,7883.2,7900.0,1,7859.0,7899.8,7900.0,7868.0,17.0,26825040.0,936
2015-05-11 09:21:59,IC1512,IC1512,7899.8,0.0,0.0,0.0,1,7868.6,7897.6,1,7859.0,7899.8,7900.0,7868.0,17.0,26825040.0,936
2015-05-11 09:22:00,IC1512,IC1512,7899.8,0.0,0.0,0.0,1,7886.2,7900.0,1,7859.0,7899.8,7900.0,7868.0,17.0,26825040.0,936
2015-05-11 09:22:00,IC1512,IC1512,7899.8,0.0,0.0,0.0,1,7869.4,7900.0,1,7859.0,7899.8,7900.0,7868.0,17.0,26825040.0,936
2015-05-11 09:22:01,IC1512,IC1512,7899.8,0.0,0.0,0.0,1,7886.4,7900.0,1,7859.0,7899.8,7900.0,7868.0,17.0,26825040.0,936
2015-05-11 09:22:02,IC1512,IC1512,7899.8,0.0,0.0,0.0,1,7888.8,7900.0,1,7859.0,7899.8,7900.0,7868.0,17.0,26825040.0,936
2015-05-11 09:22:03,IC1512,IC1512,7899.8,0.0,0.0,0.0,1,7870.0,7900.0,1,7859.0,7899.8,7900.0,7868.0,17.0,26825040.0,936
2015-05-11 09:22:03,IC1512,IC1512,7899.8,0.0,0.0,0.0,1,7889.0,7898.6,1,7859.0,7899.8,7900.0,7868.0,17.0,26825040.0,936
2015-05-11 09:22:04,IC1512,IC1512,7899.8,0.0,0.0,0.0,1,7889.0,7900.0,1,7859.0,7899.8,7900.0,7868.0,17.0,26825040.0,936
2015-05-11 09:22:04,IC1512,IC1512,7899.8,0.0,0.0,0.0,1,7889.0,7899.0,1,7859.0,7899.8,7900.0,7868.0,17.0,26825040.0,936
2015-05-11 09:22:11,IC1512,IC1512,7899.8,0.0,0.0,0.0,1,7889.0,7898.4,1,7859.0,7899.8,7900.0,7868.0,17.0,26825040.0,936
2015-05-11 09:22:12,IC1512,IC1512,7899.8,0.0,0.0,0.0,1,7889.0,7899.0,1,7859.0,7899.8,7900.0,7868.0,17.0,26825040.0,936
2015-05-11 09:22:12,IC1512,IC1512,7899.8,0.0,0.0,0.0,2,7889.2,7899.0,1,7859.0,7899.8,7900.0,7868.0,17.0,26825040.0,936
2015-05-11 09:22:13,IC1512,IC1512,7899.8,0.0,0.0,0.0,1,7886.6,7899.0,1,7859.0,7899.8,7900.0,7868.0,17.0,26825040.0,936
2015-05-11 09:22:13,IC1512,IC1512,7899.8,0.0,0.0,0.0,1,7889.4,7899.0,1,7859.0,7899.8,7900.0,7868.0,17.0,26825040.0,936
2015-05-11 09:22:16,IC1512,IC1512,7899.8,0.0,0.0,0.0,1,7889.4,7899.0,2,7859.0,7899.8,7900.0,7868.0,17.0,26825040.0,936
2015-05-11 09:22:17,IC1512,IC1512,7899.8,0.0,0.0,0.0,1,7889.4,7898.8,2,7859.0,7899.8,7900.0,7868.0,17.0,26825040.0,936
2015-05-11 09:22:18,IC1512,IC1512,7899.8,0.0,0.0,0.0,1,7889.4,7896.0,1,7859.0,7899.8,7900.0,7868.0,17.0,26825040.0,936
2015-05-11 09:22:19,IC1512,IC1512,7899.8,0.0,0.0,0.0,1,7889.2,7896.0,1,7859.0,7899.8,7900.0,7868.0,17.0,26825040.0,936
2015-05-11 09:22:20,IC1512,IC1512,7899.8,0.0,0.0,0.0,1,7889.2,7898.8,1,7859.0,7899.8,7900.0,7868.0,17.0,26825040.0,936
2015-05-11 09:22:20,IC1512,IC1512,7899.8,0.0,0.0,0.0,1,7889.2,7895.0,1,7859.0,7899.8,7900.0,7868.0,17.0,26825040.0,936
2015-05-11 09:22:21,IC1512,IC1512,7899.8,0.0,0.0,0.0,1,7889.2,7898.8,1,7859.0,7899.8,7900.0,7868.0,17.0,26825040.0,936
2015-05-11 09:22:21,IC1512,IC1512,7899.8,0.0,0.0,0.0,1,7889.2,7895.4,1,7859.0,7899.8,7900.0,7868.0,17.0,26825040.0,936
2015-05-11 09:22:23,IC1512,IC1512,7899.8,0.0,0.0,0.0,1,7889.2,7898.8,1,7859.0,7899.8,7900.0,7868.0,17.0,26825040.0,936
2015-05-11 09:22:23,IC1512,IC1512,7899.8,0.0,0.0,0.0,1,7889.2,7895.6,1,7859.0,7899.8,7900.0,7868.0,17.0,26825040.0,936
2015-05-11 09:22:24,IC1512,IC1512,7899.8,0.0,0.0,0.0,1,7889.2,7898.8,1,7859.0,7899.8,7900.0,7868.0,17.0,26825040.0,936
2015-05-11 09:22:24,IC1512,IC1512,7899.8,0.0,0.0,0.0,1,7889.2,7895.2,1,7859.0,7899.8,7900.0,7868.0,17.0,26825040.0,936
2015-05-11 09:22:25,IC1512,IC1512,7899.8,0.0,0.0,0.0,1,7889.2,7898.0,1,7859.0,7899.8,7900.0,7868.0,17.0,26825040.0,936
2015-05-11 09:22:25,IC1512,IC1512,7899.8,0.0,0.0,0.0,1,7889.2,7896.0,1,7859.0,7899.8,7900.0,7868.0,17.0,26825040.0,936
2015-05-11 09:22:28,IC1512,IC1512,7899.8,0.0,0.0,0.0,1,7889.4,7898.0,1,7859.0,7899.8,7900.0,7868.0,17.0,26825040.0,936
2015-05-11 09:22:31,IC1512,IC1512,7899.8,0.0,0.0,0.0,2,7889.6,7898.0,1,7859.0,7899.8,7900.0,7868.0,17.0,26825040.0,936
2015-05-11 09:22:31,IC1512,IC1512,7899.8,0.0,0.0,0.0,1,7889.2,7898.0,1,7859.0,7899.8,7900.0,7868.0,17.0,26825040.0,936
2015-05-11 09:22:32,IC1512,IC1512,7899.8,0.0,0.0,0.0,1,7889.8,7898.0,1,7859.0,7899.8,7900.0,7868.0,17.0,26825040.0,936
2015-05-11 09:22:35,IC1512,IC1512,7899.8,0.0,0.0,0.0,1,7892.2,7898.0,1,7859.0,7899.8,7900.0,7868.0,17.0,26825040.0,936
2015-05-11 09:22:36,IC1512,IC1512,7899.8,0.0,0.0,0.0,1,7892.4,7898.0,1,7859.0,7899.8,7900.0,7868.0,17.0,26825040.0,936
2015-05-11 09:22:37,IC1512,IC1512,7892.4,1.0,1578480.0,0.0,1,7889.2,7898.0,1,7859.0,7899.8,7900.0,7868.0,18.0,28403520.0,936
2015-05-11 09:22:38,IC1512,IC1512,7892.4,0.0,0.0,0.0,1,7889.2,7897.6,1,7859.0,7899.8,7900.0,7868.0,18.0,28403520.0,936
2015-05-11 09:22:39,IC1512,IC1512,7892.4,0.0,0.0,0.0,1,7889.8,7897.6,1,7859.0,7899.8,7900.0,7868.0,18.0,28403520.0,936
2015-05-11 09:22:40,IC1512,IC1512,7892.4,0.0,0.0,0.0,1,7889.2,7897.6,1,7859.0,7899.8,7900.0,7868.0,18.0,28403520.0,936
2015-05-11 09:22:41,IC1512,IC1512,7892.4,0.0,0.0,0.0,2,7889.2,7897.6,1,7859.0,7899.8,7900.0,7868.0,18.0,28403520.0,936
2015-05-11 09:22:41,IC1512,IC1512,7892.4,0.0,0.0,0.0,2,7889.2,7898.0,1,7859.0,7899.8,7900.0,7868.0,18.0,28403520.0,936
2015-05-11 09:22:44,IC1512,IC1512,7892.4,0.0,0.0,0.0,1,7889.2,7898.0,1,7859.0,7899.8,7900.0,7868.0,18.0,28403520.0,936
2015-05-11 09:22:45,IC1512,IC1512,7892.4,0.0,0.0,0.0,1,7889.2,7897.6,1,7859.0,7899.8,7900.0,7868.0,18.0,28403520.0,936
2015-05-11 09:22:46,IC1512,IC1512,7892.4,0.0,0.0,0.0,1,7889.2,7897.0,1,7859.0,7899.8,7900.0,7868.0,18.0,28403520.0,936
2015-05-11 09:22:47,IC1512,IC1512,7892.4,0.0,0.0,0.0,1,7889.2,7897.6,1,7859.0,7899.8,7900.0,7868.0,18.0,28403520.0,936
2015-05-11 09:22:48,IC1512,IC1512,7892.4,0.0,0.0,0.0,1,7889.2,7896.8,1,7859.0,7899.8,7900.0,7868.0,18.0,28403520.0,936
2015-05-11 09:22:49,IC1512,IC1512,7892.4,0.0,0.0,0.0,1,7889.2,7910.0,1,7859.0,7899.8,7900.0,7868.0,18.0,28403520.0,936
2015-05-11 09:22:50,IC1512,IC1512,7892.4,0.0,0.0,0.0,1,7889.2,7895.2,1,7859.0,7899.8,7900.0,7868.0,18.0,28403520.0,936
2015-05-11 09:22:50,IC1512,IC1512,7892.4,0.0,0.0,0.0,1,7889.2,7909.8,6,7859.0,7899.8,7900.0,7868.0,18.0,28403520.0,936
2015-05-11 09:22:51,IC1512,IC1512,7892.4,0.0,0.0,0.0,1,7889.2,7895.8,1,7859.0,7899.8,7900.0,7868.0,18.0,28403520.0,936
2015-05-11 09:22:52,IC1512,IC1512,7892.4,0.0,0.0,0.0,1,7889.2,7909.0,1,7859.0,7899.8,7900.0,7868.0,18.0,28403520.0,936
2015-05-11 09:22:53,IC1512,IC1512,7892.4,0.0,0.0,0.0,1,7889.2,7895.4,1,7859.0,7899.8,7900.0,7868.0,18.0,28403520.0,936
2015-05-11 09:22:54,IC1512,IC1512,7892.4,0.0,0.0,0.0,1,7889.2,7895.4,2,7859.0,7899.8,7900.0,7868.0,18.0,28403520.0,936
2015-05-11 09:22:55,IC1512,IC1512,7892.4,0.0,0.0,0.0,1,7889.2,7895.4,1,7859.0,7899.8,7900.0,7868.0,18.0,28403520.0,936
2015-05-11 09:22:56,IC1512,IC1512,7892.4,0.0,0.0,0.0,1,7889.2,7897.0,1,7859.0,7899.8,7900.0,7868.0,18.0,28403520.0,936
2015-05-11 09:22:58,IC1512,IC1512,7889.2,1.0,1577840.0,-1.0,2,7870.2,7897.0,1,7859.0,7899.8,7900.0,7868.0,19.0,29981360.0,935
2015-05-11 09:22:59,IC1512,IC1512,7889.2,0.0,0.0,0.0,1,7884.2,7896.6,1,7859.0,7899.8,7900.0,7868.0,19.0,29981360.0,935
2015-05-11 09:22:59,IC1512,IC1512,7889.2,0.0,0.0,0.0,1,7884.2,7896.4,1,7859.0,7899.8,7900.0,7868.0,19.0,29981360.0,935
2015-05-11 09:23:00,IC1512,IC1512,7871.0,2.0,3148760.0,0.0,2,7870.4,7896.2,2,7859.0,7899.8,7900.0,7868.0,21.0,33130120.0,935
2015-05-11 09:23:01,IC1512,IC1512,7871.0,0.0,0.0,0.0,1,7886.0,7896.2,2,7859.0,7899.8,7900.0,7868.0,21.0,33130120.0,935
2015-05-11 09:23:01,IC1512,IC1512,7871.0,0.0,0.0,0.0,2,7871.2,7896.2,2,7859.0,7899.8,7900.0,7868.0,21.0,33130120.0,935
2015-05-11 09:23:02,IC1512,IC1512,7871.0,0.0,0.0,0.0,1,7886.4,7896.2,2,7859.0,7899.8,7900.0,7868.0,21.0,33130120.0,935
2015-05-11 09:23:02,IC1512,IC1512,7871.0,0.0,0.0,0.0,2,7871.4,7893.6,1,7859.0,7899.8,7900.0,7868.0,21.0,33130120.0,935
2015-05-11 09:23:03,IC1512,IC1512,7871.0,0.0,0.0,0.0,1,7886.8,7893.6,1,7859.0,7899.8,7900.0,7868.0,21.0,33130120.0,935
2015-05-11 09:23:03,IC1512,IC1512,7871.0,0.0,0.0,0.0,1,7886.8,7897.0,1,7859.0,7899.8,7900.0,7868.0,21.0,33130120.0,935
2015-05-11 09:23:04,IC1512,IC1512,7871.0,0.0,0.0,0.0,1,7871.6,7897.0,1,7859.0,7899.8,7900.0,7868.0,21.0,33130120.0,935
2015-05-11 09:23:04,IC1512,IC1512,7871.0,0.0,0.0,0.0,1,7890.2,7897.0,1,7859.0,7899.8,7900.0,7868.0,21.0,33130120.0,935
2015-05-11 09:23:05,IC1512,IC1512,7871.0,0.0,0.0,0.0,3,7871.8,7897.0,1,7859.0,7899.8,7900.0,7868.0,21.0,33130120.0,935
2015-05-11 09:23:05,IC1512,IC1512,7890.2,1.0,1578040.0,0.0,1,7875.8,7890.2,1,7859.0,7899.8,7900.0,7868.0,22.0,34708160.0,935
2015-05-11 09:23:06,IC1512,IC1512,7890.2,1.0,1578040.0,0.0,2,7876.0,7897.0,1,7859.0,7899.8,7900.0,7868.0,23.0,36286200.0,935
2015-05-11 09:23:06,IC1512,IC1512,7890.2,0.0,0.0,0.0,6,7876.0,7897.0,1,7859.0,7899.8,7900.0,7868.0,23.0,36286200.0,935
2015-05-11 09:23:07,IC1512,IC1512,7890.2,0.0,0.0,0.0,3,7876.0,7899.0,1,7859.0,7899.8,7900.0,7868.0,23.0,36286200.0,935
2015-05-11 09:23:07,IC1512,IC1512,7890.2,0.0,0.0,0.0,2,7876.2,7899.0,1,7859.0,7899.8,7900.0,7868.0,23.0,36286200.0,935
2015-05-11 09:23:07,IC1512,IC1512,7890.2,0.0,0.0,0.0,3,7876.0,7899.0,1,7859.0,7899.8,7900.0,7868.0,23.0,36286200.0,935
2015-05-11 09:23:08,IC1512,IC1512,7890.2,0.0,0.0,0.0,2,7876.2,7899.0,1,7859.0,7899.8,7900.0,7868.0,23.0,36286200.0,935
2015-05-11 09:23:08,IC1512,IC1512,7890.2,0.0,0.0,0.0,2,7876.4,7899.0,2,7859.0,7899.8,7900.0,7868.0,23.0,36286200.0,935
2015-05-11 09:23:09,IC1512,IC1512,7890.2,0.0,0.0,0.0,2,7876.4,7898.8,1,7859.0,7899.8,7900.0,7868.0,23.0,36286200.0,935
2015-05-11 09:23:10,IC1512,IC1512,7890.2,0.0,0.0,0.0,2,7876.4,7899.0,2,7859.0,7899.8,7900.0,7868.0,23.0,36286200.0,935
2015-05-11 09:23:10,IC1512,IC1512,7890.2,0.0,0.0,0.0,1,7880.0,7898.6,1,7859.0,7899.8,7900.0,7868.0,23.0,36286200.0,935
2015-05-11 09:23:11,IC1512,IC1512,7890.2,0.0,0.0,0.0,1,7880.4,7893.6,1,7859.0,7899.8,7900.0,7868.0,23.0,36286200.0,935
2015-05-11 09:23:11,IC1512,IC1512,7890.2,0.0,0.0,0.0,1,7880.0,7899.0,1,7859.0,7899.8,7900.0,7868.0,23.0,36286200.0,935
2015-05-11 09:23:12,IC1512,IC1512,7890.2,0.0,0.0,0.0,1,7880.6,7899.0,2,7859.0,7899.8,7900.0,7868.0,23.0,36286200.0,935
2015-05-11 09:23:13,IC1512,IC1512,7890.2,0.0,0.0,0.0,1,7881.0,7899.0,2,7859.0,7899.8,7900.0,7868.0,23.0,36286200.0,935
2015-05-11 09:23:14,IC1512,IC1512,7890.2,0.0,0.0,0.0,1,7881.2,7899.0,2,7859.0,7899.8,7900.0,7868.0,23.0,36286200.0,935
2015-05-11 09:23:16,IC1512,IC1512,7890.2,0.0,0.0,0.0,1,7885.2,7899.0,2,7859.0,7899.8,7900.0,7868.0,23.0,36286200.0,935
2015-05-11 09:23:16,IC1512,IC1512,7890.2,0.0,0.0,0.0,1,7882.0,7898.8,1,7859.0,7899.8,7900.0,7868.0,23.0,36286200.0,935
2015-05-11 09:23:17,IC1512,IC1512,7890.2,0.0,0.0,0.0,1,7882.0,7892.2,1,7859.0,7899.8,7900.0,7868.0,23.0,36286200.0,935
2015-05-11 09:23:18,IC1512,IC1512,7890.2,0.0,0.0,0.0,1,7882.2,7892.2,1,7859.0,7899.8,7900.0,7868.0,23.0,36286200.0,935
2015-05-11 09:23:20,IC1512,IC1512,7890.2,0.0,0.0,0.0,1,7886.2,7892.2,1,7859.0,7899.8,7900.0,7868.0,23.0,36286200.0,935
2015-05-11 09:23:20,IC1512,IC1512,7890.2,0.0,0.0,0.0,1,7882.2,7892.2,1,7859.0,7899.8,7900.0,7868.0,23.0,36286200.0,935
2015-05-11 09:23:21,IC1512,IC1512,7890.2,0.0,0.0,0.0,1,7882.4,7892.2,1,7859.0,7899.8,7900.0,7868.0,23.0,36286200.0,935
2015-05-11 09:23:22,IC1512,IC1512,7890.2,0.0,0.0,0.0,1,7886.4,7892.2,1,7859.0,7899.8,7900.0,7868.0,23.0,36286200.0,935
2015-05-11 09:23:22,IC1512,IC1512,7890.2,0.0,0.0,0.0,1,7882.6,7892.2,1,7859.0,7899.8,7900.0,7868.0,23.0,36286200.0,935
2015-05-11 09:23:23,IC1512,IC1512,7890.2,0.0,0.0,0.0,1,7882.6,7891.0,1,7859.0,7899.8,7900.0,7868.0,23.0,36286200.0,935
2015-05-11 09:23:25,IC1512,IC1512,7890.2,0.0,0.0,0.0,1,7882.8,7891.0,1,7859.0,7899.8,7900.0,7868.0,23.0,36286200.0,935
2015-05-11 09:23:26,IC1512,IC1512,7890.2,0.0,0.0,0.0,1,7883.0,7891.0,1,7859.0,7899.8,7900.0,7868.0,23.0,36286200.0,935
2015-05-11 09:23:26,IC1512,IC1512,7890.2,0.0,0.0,0.0,1,7886.8,7891.0,1,7859.0,7899.8,7900.0,7868.0,23.0,36286200.0,935
2015-05-11 09:23:27,IC1512,IC1512,7890.2,0.0,0.0,0.0,1,7883.0,7898.6,1,7859.0,7899.8,7900.0,7868.0,23.0,36286200.0,935
2015-05-11 09:23:27,IC1512,IC1512,7890.2,0.0,0.0,0.0,1,7883.2,7898.4,1,7859.0,7899.8,7900.0,7868.0,23.0,36286200.0,935
2015-05-11 09:23:27,IC1512,IC1512,7890.2,0.0,0.0,0.0,1,7883.0,7898.6,1,7859.0,7899.8,7900.0,7868.0,23.0,36286200.0,935
2015-05-11 09:23:27,IC1512,IC1512,7890.2,0.0,0.0,0.0,1,7883.2,7898.4,1,7859.0,7899.8,7900.0,7868.0,23.0,36286200.0,935
2015-05-11 09:23:28,IC1512,IC1512,7890.2,0.0,0.0,0.0,1,7883.2,7888.0,1,7859.0,7899.8,7900.0,7868.0,23.0,36286200.0,935
2015-05-11 09:23:28,IC1512,IC1512,7890.2,0.0,0.0,0.0,1,7883.0,7888.0,1,7859.0,7899.8,7900.0,7868.0,23.0,36286200.0,935
2015-05-11 09:23:29,IC1512,IC1512,7890.2,0.0,0.0,0.0,1,7883.4,7888.0,1,7859.0,7899.8,7900.0,7868.0,23.0,36286200.0,935
2015-05-11 09:23:32,IC1512,IC1512,7890.2,0.0,0.0,0.0,1,7883.6,7899.0,1,7859.0,7899.8,7900.0,7868.0,23.0,36286200.0,935
2015-05-11 09:23:33,IC1512,IC1512,7890.2,0.0,0.0,0.0,1,7883.6,7887.6,1,7859.0,7899.8,7900.0,7868.0,23.0,36286200.0,935
2015-05-11 09:23:34,IC1512,IC1512,7888.0,1.0,1577600.0,0.0,1,7883.6,7898.4,1,7859.0,7899.8,7900.0,7868.0,24.0,37863800.0,935
2015-05-11 09:23:34,IC1512,IC1512,7888.0,0.0,0.0,0.0,1,7883.6,7898.2,1,7859.0,7899.8,7900.0,7868.0,24.0,37863800.0,935
2015-05-11 09:23:35,IC1512,IC1512,7888.0,0.0,0.0,0.0,1,7883.6,7899.0,2,7859.0,7899.8,7900.0,7868.0,24.0,37863800.0,935
2015-05-11 09:23:36,IC1512,IC1512,7888.0,0.0,0.0,0.0,1,7883.8,7899.0,2,7859.0,7899.8,7900.0,7868.0,24.0,37863800.0,935
2015-05-11 09:23:36,IC1512,IC1512,7888.0,0.0,0.0,0.0,1,7883.8,7898.8,1,7859.0,7899.8,7900.0,7868.0,24.0,37863800.0,935
2015-05-11 09:23:38,IC1512,IC1512,7888.0,0.0,0.0,0.0,1,7884.0,7898.8,1,7859.0,7899.8,7900.0,7868.0,24.0,37863800.0,935
2015-05-11 09:23:38,IC1512,IC1512,7888.0,0.0,0.0,0.0,1,7884.0,7898.2,1,7859.0,7899.8,7900.0,7868.0,24.0,37863800.0,935
2015-05-11 09:23:38,IC1512,IC1512,7888.0,0.0,0.0,0.0,1,7884.0,7898.8,1,7859.0,7899.8,7900.0,7868.0,24.0,37863800.0,935
2015-05-11 09:23:38,IC1512,IC1512,7888.0,0.0,0.0,0.0,1,7884.0,7898.2,1,7859.0,7899.8,7900.0,7868.0,24.0,37863800.0,935
2015-05-11 09:23:39,IC1512,IC1512,7888.0,0.0,0.0,0.0,1,7884.0,7898.0,1,7859.0,7899.8,7900.0,7868.0,24.0,37863800.0,935
2015-05-11 09:23:39,IC1512,IC1512,7888.0,0.0,0.0,0.0,1,7884.2,7898.0,1,7859.0,7899.8,7900.0,7868.0,24.0,37863800.0,935
2015-05-11 09:23:40,IC1512,IC1512,7888.0,0.0,0.0,0.0,1,7884.2,7899.0,1,7859.0,7899.8,7900.0,7868.0,24.0,37863800.0,935
2015-05-11 09:23:40,IC1512,IC1512,7888.0,0.0,0.0,0.0,1,7884.2,7898.8,1,7859.0,7899.8,7900.0,7868.0,24.0,37863800.0,935
2015-05-11 09:23:41,IC1512,IC1512,7888.0,0.0,0.0,0.0,2,7884.4,7898.8,1,7859.0,7899.8,7900.0,7868.0,24.0,37863800.0,935
2015-05-11 09:23:41,IC1512,IC1512,7888.0,0.0,0.0,0.0,1,7884.0,7898.8,1,7859.0,7899.8,7900.0,7868.0,24.0,37863800.0,935
2015-05-11 09:23:43,IC1512,IC1512,7888.0,0.0,0.0,0.0,1,7884.0,7898.2,1,7859.0,7899.8,7900.0,7868.0,24.0,37863800.0,935
2015-05-11 09:23:43,IC1512,IC1512,7888.0,0.0,0.0,0.0,1,7884.0,7898.0,1,7859.0,7899.8,7900.0,7868.0,24.0,37863800.0,935
2015-05-11 09:23:44,IC1512,IC1512,7888.0,0.0,0.0,0.0,1,7884.2,7898.0,1,7859.0,7899.8,7900.0,7868.0,24.0,37863800.0,935
2015-05-11 09:23:45,IC1512,IC1512,7888.0,0.0,0.0,0.0,1,7884.0,7898.0,1,7859.0,7899.8,7900.0,7868.0,24.0,37863800.0,935
2015-05-11 09:23:45,IC1512,IC1512,7888.0,0.0,0.0,0.0,1,7884.0,7897.0,1,7859.0,7899.8,7900.0,7868.0,24.0,37863800.0,935
2015-05-11 09:23:46,IC1512,IC1512,7888.0,0.0,0.0,0.0,1,7884.2,7899.0,1,7859.0,7899.8,7900.0,7868.0,24.0,37863800.0,935
2015-05-11 09:23:47,IC1512,IC1512,7888.0,0.0,0.0,0.0,2,7884.2,7899.0,1,7859.0,7899.8,7900.0,7868.0,24.0,37863800.0,935
2015-05-11 09:23:47,IC1512,IC1512,7888.0,0.0,0.0,0.0,1,7884.2,7897.0,1,7859.0,7899.8,7900.0,7868.0,24.0,37863800.0,935
2015-05-11 09:23:48,IC1512,IC1512,7888.0,0.0,0.0,0.0,1,7884.4,7895.6,1,7859.0,7899.8,7900.0,7868.0,24.0,37863800.0,935
2015-05-11 09:23:51,IC1512,IC1512,7888.0,0.0,0.0,0.0,1,7884.4,7894.6,1,7859.0,7899.8,7900.0,7868.0,24.0,37863800.0,935
2015-05-11 09:23:53,IC1512,IC1512,7888.0,0.0,0.0,0.0,2,7884.6,7894.6,1,7859.0,7899.8,7900.0,7868.0,24.0,37863800.0,935
2015-05-11 09:23:53,IC1512,IC1512,7888.0,0.0,0.0,0.0,1,7884.4,7894.6,1,7859.0,7899.8,7900.0,7868.0,24.0,37863800.0,935
2015-05-11 09:23:54,IC1512,IC1512,7888.0,0.0,0.0,0.0,1,7884.6,7894.6,1,7859.0,7899.8,7900.0,7868.0,24.0,37863800.0,935
2015-05-11 09:23:56,IC1512,IC1512,7888.0,0.0,0.0,0.0,1,7884.8,7894.6,1,7859.0,7899.8,7900.0,7868.0,24.0,37863800.0,935
2015-05-11 09:23:56,IC1512,IC1512,7888.0,0.0,0.0,0.0,1,7884.8,7899.0,1,7859.0,7899.8,7900.0,7868.0,24.0,37863800.0,935
2015-05-11 09:23:57,IC1512,IC1512,7888.0,0.0,0.0,0.0,1,7884.8,7891.6,1,7859.0,7899.8,7900.0,7868.0,24.0,37863800.0,935
2015-05-11 09:23:58,IC1512,IC1512,7888.0,0.0,0.0,0.0,1,7885.0,7891.6,1,7859.0,7899.8,7900.0,7868.0,24.0,37863800.0,935
2015-05-11 09:23:58,IC1512,IC1512,7888.0,0.0,0.0,0.0,2,7885.2,7891.6,1,7859.0,7899.8,7900.0,7868.0,24.0,37863800.0,935
2015-05-11 09:23:59,IC1512,IC1512,7888.0,0.0,0.0,0.0,1,7885.0,7891.6,1,7859.0,7899.8,7900.0,7868.0,24.0,37863800.0,935
2015-05-11 09:23:59,IC1512,IC1512,7888.0,0.0,0.0,0.0,1,7885.2,7891.6,1,7859.0,7899.8,7900.0,7868.0,24.0,37863800.0,935
2015-05-11 09:24:00,IC1512,IC1512,7888.0,0.0,0.0,0.0,1,7885.4,7891.6,1,7859.0,7899.8,7900.0,7868.0,24.0,37863800.0,935
2015-05-11 09:24:01,IC1512,IC1512,7888.0,0.0,0.0,0.0,1,7885.6,7891.6,1,7859.0,7899.8,7900.0,7868.0,24.0,37863800.0,935
2015-05-11 09:24:05,IC1512,IC1512,7888.0,0.0,0.0,0.0,2,7885.8,7891.6,1,7859.0,7899.8,7900.0,7868.0,24.0,37863800.0,935
2015-05-11 09:24:05,IC1512,IC1512,7888.0,0.0,0.0,0.0,1,7885.8,7891.6,1,7859.0,7899.8,7900.0,7868.0,24.0,37863800.0,935
2015-05-11 09:24:05,IC1512,IC1512,7888.0,0.0,0.0,0.0,2,7885.8,7891.6,1,7859.0,7899.8,7900.0,7868.0,24.0,37863800.0,935
2015-05-11 09:24:05,IC1512,IC1512,7888.0,0.0,0.0,0.0,1,7885.8,7891.6,1,7859.0,7899.8,7900.0,7868.0,24.0,37863800.0,935
2015-05-11 09:24:07,IC1512,IC1512,7888.0,0.0,0.0,0.0,1,7885.6,7891.6,1,7859.0,7899.8,7900.0,7868.0,24.0,37863800.0,935
2015-05-11 09:24:07,IC1512,IC1512,7888.0,0.0,0.0,0.0,1,7886.0,7891.6,1,7859.0,7899.8,7900.0,7868.0,24.0,37863800.0,935
2015-05-11 09:24:09,IC1512,IC1512,7888.0,0.0,0.0,0.0,1,7886.2,7891.6,1,7859.0,7899.8,7900.0,7868.0,24.0,37863800.0,935
2015-05-11 09:24:09,IC1512,IC1512,7888.0,0.0,0.0,0.0,1,7886.0,7891.6,1,7859.0,7899.8,7900.0,7868.0,24.0,37863800.0,935
2015-05-11 09:24:13,IC1512,IC1512,7888.0,0.0,0.0,0.0,1,7886.2,7891.6,1,7859.0,7899.8,7900.0,7868.0,24.0,37863800.0,935
2015-05-11 09:24:15,IC1512,IC1512,7888.0,0.0,0.0,0.0,1,7886.4,7891.6,1,7859.0,7899.8,7900.0,7868.0,24.0,37863800.0,935
2015-05-11 09:24:16,IC1512,IC1512,7888.0,0.0,0.0,0.0,1,7886.6,7891.6,1,7859.0,7899.8,7900.0,7868.0,24.0,37863800.0,935
2015-05-11 09:24:18,IC1512,IC1512,7888.0,0.0,0.0,0.0,1,7886.8,7891.6,1,7859.0,7899.8,7900.0,7868.0,24.0,37863800.0,935
2015-05-11 09:24:19,IC1512,IC1512,7888.0,0.0,0.0,0.0,1,7887.0,7891.6,1,7859.0,7899.8,7900.0,7868.0,24.0,37863800.0,935
2015-05-11 09:24:22,IC1512,IC1512,7888.0,0.0,0.0,0.0,1,7887.0,7899.0,1,7859.0,7899.8,7900.0,7868.0,24.0,37863800.0,935
2015-05-11 09:24:23,IC1512,IC1512,7888.0,0.0,0.0,0.0,1,7876.4,7898.8,1,7859.0,7899.8,7900.0,7868.0,24.0,37863800.0,935
2015-05-11 09:24:24,IC1512,IC1512,7888.0,0.0,0.0,0.0,1,7882.6,7898.8,1,7859.0,7899.8,7900.0,7868.0,24.0,37863800.0,935
2015-05-11 09:24:25,IC1512,IC1512,7888.0,0.0,0.0,0.0,2,7882.8,7898.8,1,7859.0,7899.8,7900.0,7868.0,24.0,37863800.0,935
2015-05-11 09:24:25,IC1512,IC1512,7888.0,0.0,0.0,0.0,1,7882.8,7898.8,1,7859.0,7899.8,7900.0,7868.0,24.0,37863800.0,935
2015-05-11 09:24:26,IC1512,IC1512,7888.0,0.0,0.0,0.0,1,7883.0,7898.8,1,7859.0,7899.8,7900.0,7868.0,24.0,37863800.0,935
2015-05-11 09:24:27,IC1512,IC1512,7888.0,0.0,0.0,0.0,1,7883.2,7898.8,1,7859.0,7899.8,7900.0,7868.0,24.0,37863800.0,935
2015-05-11 09:24:28,IC1512,IC1512,7888.0,0.0,0.0,0.0,1,7884.0,7898.2,1,7859.0,7899.8,7900.0,7868.0,24.0,37863800.0,935
2015-05-11 09:24:29,IC1512,IC1512,7888.0,0.0,0.0,0.0,1,7883.2,7898.0,1,7859.0,7899.8,7900.0,7868.0,24.0,37863800.0,935
2015-05-11 09:24:29,IC1512,IC1512,7888.0,0.0,0.0,0.0,1,7883.0,7898.0,1,7859.0,7899.8,7900.0,7868.0,24.0,37863800.0,935
2015-05-11 09:24:30,IC1512,IC1512,7888.0,0.0,0.0,0.0,1,7876.4,7898.2,1,7859.0,7899.8,7900.0,7868.0,24.0,37863800.0,935
2015-05-11 09:24:30,IC1512,IC1512,7888.0,0.0,0.0,0.0,1,7877.4,7898.0,1,7859.0,7899.8,7900.0,7868.0,24.0,37863800.0,935
2015-05-11 09:24:31,IC1512,IC1512,7888.0,0.0,0.0,0.0,1,7876.6,7896.6,1,7859.0,7899.8,7900.0,7868.0,24.0,37863800.0,935
2015-05-11 09:24:31,IC1512,IC1512,7888.0,0.0,0.0,0.0,1,7877.6,7896.6,1,7859.0,7899.8,7900.0,7868.0,24.0,37863800.0,935
2015-05-11 09:24:32,IC1512,IC1512,7888.0,0.0,0.0,0.0,1,7877.6,7887.2,1,7859.0,7899.8,7900.0,7868.0,24.0,37863800.0,935
2015-05-11 09:24:32,IC1512,IC1512,7888.0,0.0,0.0,0.0,1,7880.0,7898.0,1,7859.0,7899.8,7900.0,7868.0,24.0,37863800.0,935
2015-05-11 09:24:33,IC1512,IC1512,7888.0,0.0,0.0,0.0,1,7880.0,7896.4,1,7859.0,7899.8,7900.0,7868.0,24.0,37863800.0,935
2015-05-11 09:24:34,IC1512,IC1512,7888.0,0.0,0.0,0.0,1,7880.0,7896.2,1,7859.0,7899.8,7900.0,7868.0,24.0,37863800.0,935
2015-05-11 09:24:35,IC1512,IC1512,7888.0,0.0,0.0,0.0,1,7880.0,7887.8,1,7859.0,7899.8,7900.0,7868.0,24.0,37863800.0,935
2015-05-11 09:24:36,IC1512,IC1512,7888.0,0.0,0.0,0.0,1,7881.2,7887.8,1,7859.0,7899.8,7900.0,7868.0,24.0,37863800.0,935
2015-05-11 09:24:37,IC1512,IC1512,7888.0,0.0,0.0,0.0,1,7881.4,7899.0,1,7859.0,7899.8,7900.0,7868.0,24.0,37863800.0,935
2015-05-11 09:24:38,IC1512,IC1512,7888.0,0.0,0.0,0.0,1,7881.4,7888.0,1,7859.0,7899.8,7900.0,7868.0,24.0,37863800.0,935
2015-05-11 09:24:39,IC1512,IC1512,7888.0,0.0,0.0,0.0,1,7881.4,7899.0,1,7859.0,7899.8,7900.0,7868.0,24.0,37863800.0,935
2015-05-11 09:24:39,IC1512,IC1512,7888.0,0.0,0.0,0.0,1,7881.4,7898.8,1,7859.0,7899.8,7900.0,7868.0,24.0,37863800.0,935
2015-05-11 09:24:40,IC1512,IC1512,7888.0,0.0,0.0,0.0,1,7881.4,7890.6,1,7859.0,7899.8,7900.0,7868.0,24.0,37863800.0,935
2015-05-11 09:24:40,IC1512,IC1512,7888.0,0.0,0.0,0.0,1,7881.4,7899.0,1,7859.0,7899.8,7900.0,7868.0,24.0,37863800.0,935
2015-05-11 09:24:41,IC1512,IC1512,7888.0,0.0,0.0,0.0,2,7881.4,7892.2,1,7859.0,7899.8,7900.0,7868.0,24.0,37863800.0,935
2015-05-11 09:24:41,IC1512,IC1512,7888.0,0.0,0.0,0.0,2,7881.4,7899.0,1,7859.0,7899.8,7900.0,7868.0,24.0,37863800.0,935
2015-05-11 09:24:42,IC1512,IC1512,7888.0,0.0,0.0,0.0,2,7881.4,7892.4,1,7859.0,7899.8,7900.0,7868.0,24.0,37863800.0,935
2015-05-11 09:24:42,IC1512,IC1512,7888.0,0.0,0.0,0.0,2,7881.4,7899.0,1,7859.0,7899.8,7900.0,7868.0,24.0,37863800.0,935
2015-05-11 09:24:43,IC1512,IC1512,7888.0,0.0,0.0,0.0,2,7881.6,7891.4,1,7859.0,7899.8,7900.0,7868.0,24.0,37863800.0,935
2015-05-11 09:24:43,IC1512,IC1512,7888.0,0.0,0.0,0.0,1,7881.6,7899.0,2,7859.0,7899.8,7900.0,7868.0,24.0,37863800.0,935
2015-05-11 09:24:44,IC1512,IC1512,7888.0,0.0,0.0,0.0,1,7882.2,7889.6,1,7859.0,7899.8,7900.0,7868.0,24.0,37863800.0,935
2015-05-11 09:24:44,IC1512,IC1512,7888.0,0.0,0.0,0.0,1,7882.2,7899.0,1,7859.0,7899.8,7900.0,7868.0,24.0,37863800.0,935
2015-05-11 09:24:45,IC1512,IC1512,7888.0,0.0,0.0,0.0,1,7881.4,7891.0,1,7859.0,7899.8,7900.0,7868.0,24.0,37863800.0,935
2015-05-11 09:24:46,IC1512,IC1512,7888.0,0.0,0.0,0.0,2,7881.6,7891.0,1,7859.0,7899.8,7900.0,7868.0,24.0,37863800.0,935
2015-05-11 09:24:47,IC1512,IC1512,7888.0,0.0,0.0,0.0,1,7881.6,7891.0,1,7859.0,7899.8,7900.0,7868.0,24.0,37863800.0,935
2015-05-11 09:24:48,IC1512,IC1512,7888.0,0.0,0.0,0.0,1,7881.6,7890.2,1,7859.0,7899.8,7900.0,7868.0,24.0,37863800.0,935
2015-05-11 09:24:48,IC1512,IC1512,7888.0,0.0,0.0,0.0,1,7881.6,7885.8,1,7859.0,7899.8,7900.0,7868.0,24.0,37863800.0,935
2015-05-11 09:24:49,IC1512,IC1512,7888.0,0.0,0.0,0.0,1,7881.6,7890.2,1,7859.0,7899.8,7900.0,7868.0,24.0,37863800.0,935
2015-05-11 09:24:49,IC1512,IC1512,7888.0,0.0,0.0,0.0,1,7881.8,7890.2,1,7859.0,7899.8,7900.0,7868.0,24.0,37863800.0,935
2015-05-11 09:24:51,IC1512,IC1512,7888.0,0.0,0.0,0.0,1,7882.0,7890.2,1,7859.0,7899.8,7900.0,7868.0,24.0,37863800.0,935
2015-05-11 09:24:51,IC1512,IC1512,7888.0,0.0,0.0,0.0,1,7881.8,7890.2,1,7859.0,7899.8,7900.0,7868.0,24.0,37863800.0,935
2015-05-11 09:24:53,IC1512,IC1512,7888.0,0.0,0.0,0.0,1,7881.8,7889.2,1,7859.0,7899.8,7900.0,7868.0,24.0,37863800.0,935
2015-05-11 09:24:55,IC1512,IC1512,7888.0,0.0,0.0,0.0,1,7882.0,7889.2,1,7859.0,7899.8,7900.0,7868.0,24.0,37863800.0,935
2015-05-11 09:24:55,IC1512,IC1512,7888.0,0.0,0.0,0.0,1,7882.8,7899.0,1,7859.0,7899.8,7900.0,7868.0,24.0,37863800.0,935
2015-05-11 09:24:56,IC1512,IC1512,7888.0,0.0,0.0,0.0,1,7881.8,7891.2,1,7859.0,7899.8,7900.0,7868.0,24.0,37863800.0,935
2015-05-11 09:24:56,IC1512,IC1512,7888.0,0.0,0.0,0.0,1,7882.4,7891.2,1,7859.0,7899.8,7900.0,7868.0,24.0,37863800.0,935
2015-05-11 09:24:56,IC1512,IC1512,7888.0,0.0,0.0,0.0,1,7881.8,7891.2,1,7859.0,7899.8,7900.0,7868.0,24.0,37863800.0,935
2015-05-11 09:24:56,IC1512,IC1512,7888.0,0.0,0.0,0.0,1,7882.4,7891.2,1,7859.0,7899.8,7900.0,7868.0,24.0,37863800.0,935
2015-05-11 09:24:57,IC1512,IC1512,7888.0,0.0,0.0,0.0,1,7882.4,7899.0,1,7859.0,7899.8,7900.0,7868.0,24.0,37863800.0,935
2015-05-11 09:24:57,IC1512,IC1512,7888.0,0.0,0.0,0.0,1,7882.4,7891.4,1,7859.0,7899.8,7900.0,7868.0,24.0,37863800.0,935
2015-05-11 09:24:58,IC1512,IC1512,7888.0,0.0,0.0,0.0,1,7882.4,7898.8,1,7859.0,7899.8,7900.0,7868.0,24.0,37863800.0,935
2015-05-11 09:24:58,IC1512,IC1512,7888.0,0.0,0.0,0.0,1,7882.4,7891.8,1,7859.0,7899.8,7900.0,7868.0,24.0,37863800.0,935
2015-05-11 09:24:59,IC1512,IC1512,7888.0,0.0,0.0,0.0,1,7882.6,7891.8,1,7859.0,7899.8,7900.0,7868.0,24.0,37863800.0,935
2015-05-11 09:24:59,IC1512,IC1512,7888.0,0.0,0.0,0.0,1,7883.8,7899.0,1,7859.0,7899.8,7900.0,7868.0,24.0,37863800.0,935
2015-05-11 09:25:00,IC1512,IC1512,7888.0,0.0,0.0,0.0,2,7882.6,7892.0,1,7859.0,7899.8,7900.0,7868.0,24.0,37863800.0,935
2015-05-11 09:25:00,IC1512,IC1512,7888.0,0.0,0.0,0.0,1,7883.8,7892.0,2,7859.0,7899.8,7900.0,7868.0,24.0,37863800.0,935
2015-05-11 09:25:01,IC1512,IC1512,7888.0,0.0,0.0,0.0,2,7882.6,7892.0,2,7859.0,7899.8,7900.0,7868.0,24.0,37863800.0,935
2015-05-11 09:25:01,IC1512,IC1512,7888.0,0.0,0.0,0.0,1,7882.6,7891.6,1,7859.0,7899.8,7900.0,7868.0,24.0,37863800.0,935
2015-05-11 09:25:02,IC1512,IC1512,7888.0,0.0,0.0,0.0,1,7882.6,7890.6,1,7859.0,7899.8,7900.0,7868.0,24.0,37863800.0,935
2015-05-11 09:25:02,IC1512,IC1512,7888.0,0.0,0.0,0.0,1,7879.4,7890.6,1,7859.0,7899.8,7900.0,7868.0,24.0,37863800.0,935
2015-05-11 09:25:03,IC1512,IC1512,7888.0,0.0,0.0,0.0,3,7879.6,7891.6,1,7859.0,7899.8,7900.0,7868.0,24.0,37863800.0,935
2015-05-11 09:25:03,IC1512,IC1512,7888.0,0.0,0.0,0.0,1,7882.2,7891.6,1,7859.0,7899.8,7900.0,7868.0,24.0,37863800.0,935
2015-05-11 09:25:04,IC1512,IC1512,7888.0,0.0,0.0,0.0,1,7876.4,7890.8,1,7859.0,7899.8,7900.0,7868.0,24.0,37863800.0,935
2015-05-11 09:25:04,IC1512,IC1512,7888.0,0.0,0.0,0.0,1,7879.2,7890.8,1,7859.0,7899.8,7900.0,7868.0,24.0,37863800.0,935
2015-05-11 09:25:05,IC1512,IC1512,7888.0,0.0,0.0,0.0,1,7880.0,7890.8,1,7859.0,7899.8,7900.0,7868.0,24.0,37863800.0,935
2015-05-11 09:25:06,IC1512,IC1512,7888.0,0.0,0.0,0.0,1,7880.0,7889.6,1,7859.0,7899.8,7900.0,7868.0,24.0,37863800.0,935
2015-05-11 09:25:10,IC1512,IC1512,7888.0,0.0,0.0,0.0,1,7880.0,7888.6,1,7859.0,7899.8,7900.0,7868.0,24.0,37863800.0,935
2015-05-11 09:25:11,IC1512,IC1512,7888.0,0.0,0.0,0.0,1,7880.0,7899.0,1,7859.0,7899.8,7900.0,7868.0,24.0,37863800.0,935
2015-05-11 09:25:11,IC1512,IC1512,7888.0,0.0,0.0,0.0,1,7880.0,7887.6,1,7859.0,7899.8,7900.0,7868.0,24.0,37863800.0,935
2015-05-11 09:25:12,IC1512,IC1512,7888.0,0.0,0.0,0.0,1,7880.0,7899.0,1,7859.0,7899.8,7900.0,7868.0,24.0,37863800.0,935
2015-05-11 09:25:12,IC1512,IC1512,7888.0,0.0,0.0,0.0,1,7880.0,7888.4,1,7859.0,7899.8,7900.0,7868.0,24.0,37863800.0,935
2015-05-11 09:25:13,IC1512,IC1512,7888.0,0.0,0.0,0.0,1,7878.4,7888.4,1,7859.0,7899.8,7900.0,7868.0,24.0,37863800.0,935
2015-05-11 09:25:13,IC1512,IC1512,7888.0,0.0,0.0,0.0,1,7876.6,7888.4,1,7859.0,7899.8,7900.0,7868.0,24.0,37863800.0,935
2015-05-11 09:25:14,IC1512,IC1512,7888.0,0.0,0.0,0.0,1,7877.2,7888.4,1,7859.0,7899.8,7900.0,7868.0,24.0,37863800.0,935
2015-05-11 09:25:14,IC1512,IC1512,7888.0,0.0,0.0,0.0,1,7876.6,7888.4,1,7859.0,7899.8,7900.0,7868.0,24.0,37863800.0,935
2015-05-11 09:25:15,IC1512,IC1512,7888.0,0.0,0.0,0.0,2,7876.6,7888.4,1,7859.0,7899.8,7900.0,7868.0,24.0,37863800.0,935
2015-05-11 09:25:16,IC1512,IC1512,7888.0,0.0,0.0,0.0,1,7878.0,7888.4,1,7859.0,7899.8,7900.0,7868.0,24.0,37863800.0,935
2015-05-11 09:25:17,IC1512,IC1512,7888.0,0.0,0.0,0.0,1,7876.4,7888.4,1,7859.0,7899.8,7900.0,7868.0,24.0,37863800.0,935
2015-05-11 09:25:20,IC1512,IC1512,7888.0,0.0,0.0,0.0,1,7876.4,7888.2,1,7859.0,7899.8,7900.0,7868.0,24.0,37863800.0,935
2015-05-11 09:25:21,IC1512,IC1512,7888.0,0.0,0.0,0.0,1,7876.4,7883.0,1,7859.0,7899.8,7900.0,7868.0,24.0,37863800.0,935
2015-05-11 09:25:21,IC1512,IC1512,7888.0,0.0,0.0,0.0,2,7876.6,7894.2,1,7859.0,7899.8,7900.0,7868.0,24.0,37863800.0,935
2015-05-11 09:25:22,IC1512,IC1512,7888.0,0.0,0.0,0.0,1,7876.4,7884.8,1,7859.0,7899.8,7900.0,7868.0,24.0,37863800.0,935
2015-05-11 09:25:23,IC1512,IC1512,7888.0,0.0,0.0,0.0,1,7876.4,7894.4,1,7859.0,7899.8,7900.0,7868.0,24.0,37863800.0,935
2015-05-11 09:25:24,IC1512,IC1512,7888.0,0.0,0.0,0.0,1,7876.4,7885.0,1,7859.0,7899.8,7900.0,7868.0,24.0,37863800.0,935
2015-05-11 09:25:24,IC1512,IC1512,7888.0,0.0,0.0,0.0,2,7876.4,7885.0,1,7859.0,7899.8,7900.0,7868.0,24.0,37863800.0,935
2015-05-11 09:25:25,IC1512,IC1512,7888.0,0.0,0.0,0.0,1,7876.4,7885.0,1,7859.0,7899.8,7900.0,7868.0,24.0,37863800.0,935
2015-05-11 09:25:25,IC1512,IC1512,7888.0,0.0,0.0,0.0,1,7876.6,7885.0,1,7859.0,7899.8,7900.0,7868.0,24.0,37863800.0,935
2015-05-11 09:25:28,IC1512,IC1512,7888.0,0.0,0.0,0.0,2,7876.8,7885.0,1,7859.0,7899.8,7900.0,7868.0,24.0,37863800.0,935
2015-05-11 09:25:28,IC1512,IC1512,7888.0,0.0,0.0,0.0,1,7876.6,7885.0,1,7859.0,7899.8,7900.0,7868.0,24.0,37863800.0,935
2015-05-11 09:25:30,IC1512,IC1512,7885.0,1.0,1577000.0,0.0,1,7876.6,7894.0,1,7859.0,7899.8,7900.0,7868.0,25.0,39440800.0,935
2015-05-11 09:25:31,IC1512,IC1512,7885.0,0.0,0.0,0.0,1,7876.6,7893.8,2,7859.0,7899.8,7900.0,7868.0,25.0,39440800.0,935
2015-05-11 09:25:31,IC1512,IC1512,7876.6,1.0,1575320.0,0.0,4,7864.4,7893.6,1,7859.0,7899.8,7900.0,7868.0,26.0,41016120.0,935
2015-05-11 09:25:32,IC1512,IC1512,7876.6,0.0,0.0,0.0,1,7865.2,7885.8,1,7859.0,7899.8,7900.0,7868.0,26.0,41016120.0,935
2015-05-11 09:25:32,IC1512,IC1512,7876.6,0.0,0.0,0.0,2,7865.4,7889.6,1,7859.0,7899.8,7900.0,7868.0,26.0,41016120.0,935
2015-05-11 09:25:33,IC1512,IC1512,7876.6,0.0,0.0,0.0,1,7872.8,7891.8,1,7859.0,7899.8,7900.0,7868.0,26.0,41016120.0,935
2015-05-11 09:25:33,IC1512,IC1512,7876.6,0.0,0.0,0.0,1,7865.4,7891.6,2,7859.0,7899.8,7900.0,7868.0,26.0,41016120.0,935
2015-05-11 09:25:34,IC1512,IC1512,7876.6,0.0,0.0,0.0,1,7871.4,7891.6,3,7859.0,7899.8,7900.0,7868.0,26.0,41016120.0,935
2015-05-11 09:25:34,IC1512,IC1512,7876.6,0.0,0.0,0.0,4,7864.4,7891.4,1,7859.0,7899.8,7900.0,7868.0,26.0,41016120.0,935
2015-05-11 09:25:35,IC1512,IC1512,7876.6,0.0,0.0,0.0,1,7868.4,7888.8,1,7859.0,7899.8,7900.0,7868.0,26.0,41016120.0,935
2015-05-11 09:25:35,IC1512,IC1512,7876.6,0.0,0.0,0.0,1,7864.6,7899.0,1,7859.0,7899.8,7900.0,7868.0,26.0,41016120.0,935
2015-05-11 09:25:36,IC1512,IC1512,7876.6,0.0,0.0,0.0,1,7871.4,7891.4,1,7859.0,7899.8,7900.0,7868.0,26.0,41016120.0,935
2015-05-11 09:25:36,IC1512,IC1512,7876.6,0.0,0.0,0.0,1,7864.6,7891.2,2,7859.0,7899.8,7900.0,7868.0,26.0,41016120.0,935
2015-05-11 09:25:37,IC1512,IC1512,7876.6,0.0,0.0,0.0,1,7868.6,7887.4,1,7859.0,7899.8,7900.0,7868.0,26.0,41016120.0,935
2015-05-11 09:25:37,IC1512,IC1512,7876.6,0.0,0.0,0.0,4,7864.4,7888.8,1,7859.0,7899.8,7900.0,7868.0,26.0,41016120.0,935
2015-05-11 09:25:38,IC1512,IC1512,7876.6,0.0,0.0,0.0,1,7869.0,7887.2,1,7859.0,7899.8,7900.0,7868.0,26.0,41016120.0,935
2015-05-11 09:25:38,IC1512,IC1512,7876.6,0.0,0.0,0.0,1,7864.6,7887.0,1,7859.0,7899.8,7900.0,7868.0,26.0,41016120.0,935
2015-05-11 09:25:38,IC1512,IC1512,7876.6,0.0,0.0,0.0,1,7869.0,7887.2,1,7859.0,7899.8,7900.0,7868.0,26.0,41016120.0,935
2015-05-11 09:25:39,IC1512,IC1512,7876.6,0.0,0.0,0.0,1,7866.0,7884.6,1,7859.0,7899.8,7900.0,7868.0,26.0,41016120.0,935
2015-05-11 09:25:40,IC1512,IC1512,7876.6,0.0,0.0,0.0,1,7866.0,7899.0,1,7859.0,7899.8,7900.0,7868.0,26.0,41016120.0,935
2015-05-11 09:25:40,IC1512,IC1512,7876.6,0.0,0.0,0.0,1,7866.0,7888.4,1,7859.0,7899.8,7900.0,7868.0,26.0,41016120.0,935
2015-05-11 09:25:41,IC1512,IC1512,7876.6,0.0,0.0,0.0,1,7866.2,7888.4,1,7859.0,7899.8,7900.0,7868.0,26.0,41016120.0,935
2015-05-11 09:25:41,IC1512,IC1512,7876.6,0.0,0.0,0.0,1,7867.4,7878.8,1,7859.0,7899.8,7900.0,7868.0,26.0,41016120.0,935
2015-05-11 09:25:42,IC1512,IC1512,7876.6,0.0,0.0,0.0,4,7864.4,7878.8,1,7859.0,7899.8,7900.0,7868.0,26.0,41016120.0,935
2015-05-11 09:25:42,IC1512,IC1512,7876.6,0.0,0.0,0.0,1,7866.4,7878.8,1,7859.0,7899.8,7900.0,7868.0,26.0,41016120.0,935
2015-05-11 09:25:43,IC1512,IC1512,7876.6,0.0,0.0,0.0,2,7866.6,7878.8,1,7859.0,7899.8,7900.0,7868.0,26.0,41016120.0,935
2015-05-11 09:25:44,IC1512,IC1512,7876.6,0.0,0.0,0.0,1,7870.0,7878.8,1,7859.0,7899.8,7900.0,7868.0,26.0,41016120.0,935
2015-05-11 09:25:44,IC1512,IC1512,7876.6,0.0,0.0,0.0,2,7866.8,7889.4,1,7859.0,7899.8,7900.0,7868.0,26.0,41016120.0,935
2015-05-11 09:25:45,IC1512,IC1512,7876.6,0.0,0.0,0.0,1,7869.8,7880.0,1,7859.0,7899.8,7900.0,7868.0,26.0,41016120.0,935
2015-05-11 09:25:45,IC1512,IC1512,7876.6,0.0,0.0,0.0,1,7870.0,7880.0,1,7859.0,7899.8,7900.0,7868.0,26.0,41016120.0,935
2015-05-11 09:25:46,IC1512,IC1512,7876.6,0.0,0.0,0.0,1,7870.0,7899.0,1,7859.0,7899.8,7900.0,7868.0,26.0,41016120.0,935
2015-05-11 09:25:46,IC1512,IC1512,7876.6,0.0,0.0,0.0,1,7870.0,7877.8,1,7859.0,7899.8,7900.0,7868.0,26.0,41016120.0,935
2015-05-11 09:25:47,IC1512,IC1512,7876.6,0.0,0.0,0.0,2,7870.0,7889.2,1,7859.0,7899.8,7900.0,7868.0,26.0,41016120.0,935
2015-05-11 09:25:47,IC1512,IC1512,7876.6,0.0,0.0,0.0,1,7870.0,7879.8,1,7859.0,7899.8,7900.0,7868.0,26.0,41016120.0,935
2015-05-11 09:25:48,IC1512,IC1512,7876.6,0.0,0.0,0.0,1,7870.0,7876.4,1,7859.0,7899.8,7900.0,7868.0,26.0,41016120.0,935
2015-05-11 09:25:49,IC1512,IC1512,7876.6,0.0,0.0,0.0,1,7870.0,7887.2,1,7859.0,7899.8,7900.0,7868.0,26.0,41016120.0,935
2015-05-11 09:25:49,IC1512,IC1512,7876.6,0.0,0.0,0.0,1,7870.0,7877.8,1,7859.0,7899.8,7900.0,7868.0,26.0,41016120.0,935
2015-05-11 09:25:51,IC1512,IC1512,7876.6,0.0,0.0,0.0,1,7866.6,7877.8,1,7859.0,7899.8,7900.0,7868.0,26.0,41016120.0,935
2015-05-11 09:25:52,IC1512,IC1512,7876.6,0.0,0.0,0.0,1,7866.8,7877.8,1,7859.0,7899.8,7900.0,7868.0,26.0,41016120.0,935
2015-05-11 09:25:52,IC1512,IC1512,7876.6,0.0,0.0,0.0,2,7867.0,7877.8,1,7859.0,7899.8,7900.0,7868.0,26.0,41016120.0,935
2015-05-11 09:25:53,IC1512,IC1512,7876.6,0.0,0.0,0.0,1,7866.8,7877.8,1,7859.0,7899.8,7900.0,7868.0,26.0,41016120.0,935
2015-05-11 09:25:54,IC1512,IC1512,7876.6,0.0,0.0,0.0,1,7867.0,7877.8,1,7859.0,7899.8,7900.0,7868.0,26.0,41016120.0,935
2015-05-11 09:25:54,IC1512,IC1512,7876.6,0.0,0.0,0.0,1,7866.6,7877.8,1,7859.0,7899.8,7900.0,7868.0,26.0,41016120.0,935
2015-05-11 09:25:55,IC1512,IC1512,7876.6,0.0,0.0,0.0,1,7866.8,7877.8,1,7859.0,7899.8,7900.0,7868.0,26.0,41016120.0,935
2015-05-11 09:25:56,IC1512,IC1512,7876.6,0.0,0.0,0.0,2,7866.8,7877.8,1,7859.0,7899.8,7900.0,7868.0,26.0,41016120.0,935
2015-05-11 09:25:56,IC1512,IC1512,7876.6,0.0,0.0,0.0,1,7866.8,7877.8,1,7859.0,7899.8,7900.0,7868.0,26.0,41016120.0,935
2015-05-11 09:25:57,IC1512,IC1512,7876.6,0.0,0.0,0.0,1,7866.8,7875.2,1,7859.0,7899.8,7900.0,7868.0,26.0,41016120.0,935
2015-05-11 09:26:07,IC1512,IC1512,7876.6,0.0,0.0,0.0,1,7866.8,7881.2,1,7859.0,7899.8,7900.0,7868.0,26.0,41016120.0,935
2015-05-11 09:26:08,IC1512,IC1512,7876.6,0.0,0.0,0.0,1,7866.8,7871.0,1,7859.0,7899.8,7900.0,7868.0,26.0,41016120.0,935
2015-05-11 09:26:09,IC1512,IC1512,7876.6,0.0,0.0,0.0,1,7866.8,7882.6,1,7859.0,7899.8,7900.0,7868.0,26.0,41016120.0,935
2015-05-11 09:26:09,IC1512,IC1512,7876.6,0.0,0.0,0.0,1,7866.8,7872.2,1,7859.0,7899.8,7900.0,7868.0,26.0,41016120.0,935
2015-05-11 09:26:12,IC1512,IC1512,7876.6,0.0,0.0,0.0,1,7867.0,7872.2,1,7859.0,7899.8,7900.0,7868.0,26.0,41016120.0,935
2015-05-11 09:26:14,IC1512,IC1512,7876.6,0.0,0.0,0.0,3,7867.2,7876.0,1,7859.0,7899.8,7900.0,7868.0,26.0,41016120.0,935
2015-05-11 09:26:14,IC1512,IC1512,7876.6,0.0,0.0,0.0,1,7868.2,7874.6,1,7859.0,7899.8,7900.0,7868.0,26.0,41016120.0,935
2015-05-11 09:26:15,IC1512,IC1512,7876.6,0.0,0.0,0.0,1,7868.2,7876.0,1,7859.0,7899.8,7900.0,7868.0,26.0,41016120.0,935
2015-05-11 09:26:16,IC1512,IC1512,7876.6,0.0,0.0,0.0,1,7868.4,7876.0,1,7859.0,7899.8,7900.0,7868.0,26.0,41016120.0,935
2015-05-11 09:26:18,IC1512,IC1512,7876.6,0.0,0.0,0.0,1,7870.0,7876.0,1,7859.0,7899.8,7900.0,7868.0,26.0,41016120.0,935
2015-05-11 09:26:19,IC1512,IC1512,7876.6,0.0,0.0,0.0,2,7870.2,7876.0,1,7859.0,7899.8,7900.0,7868.0,26.0,41016120.0,935
2015-05-11 09:26:19,IC1512,IC1512,7876.2,1.0,1575240.0,0.0,1,7870.2,7882.0,1,7859.0,7899.8,7900.0,7868.0,27.0,42591360.0,935
2015-05-11 09:26:20,IC1512,IC1512,7876.2,0.0,0.0,0.0,1,7874.4,7881.8,1,7859.0,7899.8,7900.0,7868.0,27.0,42591360.0,935
2015-05-11 09:26:20,IC1512,IC1512,7876.2,0.0,0.0,0.0,1,7870.2,7882.0,1,7859.0,7899.8,7900.0,7868.0,27.0,42591360.0,935
2015-05-11 09:26:21,IC1512,IC1512,7876.2,0.0,0.0,0.0,1,7873.6,7882.0,1,7859.0,7899.8,7900.0,7868.0,27.0,42591360.0,935
2015-05-11 09:26:21,IC1512,IC1512,7876.2,0.0,0.0,0.0,1,7870.2,7882.0,1,7859.0,7899.8,7900.0,7868.0,27.0,42591360.0,935
2015-05-11 09:26:22,IC1512,IC1512,7876.2,0.0,0.0,0.0,1,7871.4,7882.0,1,7859.0,7899.8,7900.0,7868.0,27.0,42591360.0,935
2015-05-11 09:26:23,IC1512,IC1512,7876.2,0.0,0.0,0.0,1,7870.2,7882.0,1,7859.0,7899.8,7900.0,7868.0,27.0,42591360.0,935
2015-05-11 09:26:25,IC1512,IC1512,7876.2,0.0,0.0,0.0,1,7870.4,7882.0,1,7859.0,7899.8,7900.0,7868.0,27.0,42591360.0,935
2015-05-11 09:26:27,IC1512,IC1512,7876.2,0.0,0.0,0.0,1,7870.4,7881.8,1,7859.0,7899.8,7900.0,7868.0,27.0,42591360.0,935
2015-05-11 09:26:27,IC1512,IC1512,7876.2,0.0,0.0,0.0,1,7870.4,7876.6,1,7859.0,7899.8,7900.0,7868.0,27.0,42591360.0,935
2015-05-11 09:26:29,IC1512,IC1512,7876.2,0.0,0.0,0.0,2,7870.6,7876.6,1,7859.0,7899.8,7900.0,7868.0,27.0,42591360.0,935
2015-05-11 09:26:30,IC1512,IC1512,7876.2,0.0,0.0,0.0,1,7870.4,7876.6,1,7859.0,7899.8,7900.0,7868.0,27.0,42591360.0,935
2015-05-11 09:26:31,IC1512,IC1512,7876.2,0.0,0.0,0.0,1,7864.8,7876.6,1,7859.0,7899.8,7900.0,7868.0,27.0,42591360.0,935
2015-05-11 09:26:32,IC1512,IC1512,7876.2,0.0,0.0,0.0,1,7865.0,7876.6,1,7859.0,7899.8,7900.0,7868.0,27.0,42591360.0,935
2015-05-11 09:26:33,IC1512,IC1512,7876.2,0.0,0.0,0.0,1,7865.2,7876.6,1,7859.0,7899.8,7900.0,7868.0,27.0,42591360.0,935
2015-05-11 09:26:34,IC1512,IC1512,7876.2,0.0,0.0,0.0,2,7865.4,7876.6,1,7859.0,7899.8,7900.0,7868.0,27.0,42591360.0,935
2015-05-11 09:26:35,IC1512,IC1512,7876.2,0.0,0.0,0.0,1,7866.0,7876.6,1,7859.0,7899.8,7900.0,7868.0,27.0,42591360.0,935
2015-05-11 09:26:36,IC1512,IC1512,7876.2,0.0,0.0,0.0,1,7866.2,7876.6,1,7859.0,7899.8,7900.0,7868.0,27.0,42591360.0,935
2015-05-11 09:26:38,IC1512,IC1512,7876.2,0.0,0.0,0.0,1,7866.4,7876.6,1,7859.0,7899.8,7900.0,7868.0,27.0,42591360.0,935
2015-05-11 09:26:39,IC1512,IC1512,7876.2,0.0,0.0,0.0,1,7868.6,7881.8,1,7859.0,7899.8,7900.0,7868.0,27.0,42591360.0,935
2015-05-11 09:26:39,IC1512,IC1512,7876.2,0.0,0.0,0.0,1,7868.8,7877.0,1,7859.0,7899.8,7900.0,7868.0,27.0,42591360.0,935
2015-05-11 09:26:40,IC1512,IC1512,7876.2,0.0,0.0,0.0,1,7866.4,7877.0,1,7859.0,7899.8,7900.0,7868.0,27.0,42591360.0,935
2015-05-11 09:26:40,IC1512,IC1512,7876.2,0.0,0.0,0.0,1,7868.6,7881.8,1,7859.0,7899.8,7900.0,7868.0,27.0,42591360.0,935
2015-05-11 09:26:41,IC1512,IC1512,7876.2,0.0,0.0,0.0,1,7868.6,7878.4,1,7859.0,7899.8,7900.0,7868.0,27.0,42591360.0,935
2015-05-11 09:26:42,IC1512,IC1512,7876.2,0.0,0.0,0.0,1,7866.4,7878.4,1,7859.0,7899.8,7900.0,7868.0,27.0,42591360.0,935
2015-05-11 09:26:43,IC1512,IC1512,7876.2,0.0,0.0,0.0,1,7869.0,7878.4,1,7859.0,7899.8,7900.0,7868.0,27.0,42591360.0,935
2015-05-11 09:26:46,IC1512,IC1512,7876.2,0.0,0.0,0.0,1,7865.2,7890.4,1,7859.0,7899.8,7900.0,7868.0,27.0,42591360.0,935
2015-05-11 09:26:46,IC1512,IC1512,7876.2,0.0,0.0,0.0,1,7872.2,7880.0,1,7859.0,7899.8,7900.0,7868.0,27.0,42591360.0,935
2015-05-11 09:26:47,IC1512,IC1512,7876.2,0.0,0.0,0.0,2,7865.4,7880.0,1,7859.0,7899.8,7900.0,7868.0,27.0,42591360.0,935
2015-05-11 09:26:47,IC1512,IC1512,7876.2,0.0,0.0,0.0,1,7870.4,7880.0,1,7859.0,7899.8,7900.0,7868.0,27.0,42591360.0,935
2015-05-11 09:26:48,IC1512,IC1512,7876.2,0.0,0.0,0.0,2,7865.4,7880.0,1,7859.0,7899.8,7900.0,7868.0,27.0,42591360.0,935
2015-05-11 09:26:48,IC1512,IC1512,7876.2,0.0,0.0,0.0,1,7868.6,7880.0,1,7859.0,7899.8,7900.0,7868.0,27.0,42591360.0,935
2015-05-11 09:26:49,IC1512,IC1512,7876.2,0.0,0.0,0.0,1,7868.8,7880.0,1,7859.0,7899.8,7900.0,7868.0,27.0,42591360.0,935
2015-05-11 09:26:53,IC1512,IC1512,7876.2,0.0,0.0,0.0,1,7869.2,7880.0,1,7859.0,7899.8,7900.0,7868.0,27.0,42591360.0,935
2015-05-11 09:26:54,IC1512,IC1512,7876.2,0.0,0.0,0.0,1,7869.4,7880.0,1,7859.0,7899.8,7900.0,7868.0,27.0,42591360.0,935
2015-05-11 09:26:55,IC1512,IC1512,7876.2,0.0,0.0,0.0,1,7871.6,7880.0,1,7859.0,7899.8,7900.0,7868.0,27.0,42591360.0,935
2015-05-11 09:26:56,IC1512,IC1512,7876.2,0.0,0.0,0.0,4,7852.0,7880.0,1,7859.0,7899.8,7900.0,7868.0,27.0,42591360.0,935
2015-05-11 09:26:56,IC1512,IC1512,7876.2,0.0,0.0,0.0,1,7869.2,7880.0,1,7859.0,7899.8,7900.0,7868.0,27.0,42591360.0,935
2015-05-11 09:26:57,IC1512,IC1512,7876.2,0.0,0.0,0.0,1,7854.8,7880.0,1,7859.0,7899.8,7900.0,7868.0,27.0,42591360.0,935
2015-05-11 09:26:57,IC1512,IC1512,7876.2,0.0,0.0,0.0,1,7869.4,7880.0,1,7859.0,7899.8,7900.0,7868.0,27.0,42591360.0,935
2015-05-11 09:26:57,IC1512,IC1512,7876.2,0.0,0.0,0.0,1,7854.8,7880.0,1,7859.0,7899.8,7900.0,7868.0,27.0,42591360.0,935
2015-05-11 09:26:58,IC1512,IC1512,7876.2,0.0,0.0,0.0,1,7869.4,7880.0,1,7859.0,7899.8,7900.0,7868.0,27.0,42591360.0,935
2015-05-11 09:27:02,IC1512,IC1512,7876.2,0.0,0.0,0.0,1,7871.8,7880.0,1,7859.0,7899.8,7900.0,7868.0,27.0,42591360.0,935
2015-05-11 09:27:02,IC1512,IC1512,7876.2,0.0,0.0,0.0,5,7855.0,7880.0,1,7859.0,7899.8,7900.0,7868.0,27.0,42591360.0,935
2015-05-11 09:27:03,IC1512,IC1512,7876.2,0.0,0.0,0.0,1,7872.0,7891.2,1,7859.0,7899.8,7900.0,7868.0,27.0,42591360.0,935
2015-05-11 09:27:03,IC1512,IC1512,7876.2,0.0,0.0,0.0,1,7856.6,7880.8,1,7859.0,7899.8,7900.0,7868.0,27.0,42591360.0,935
2015-05-11 09:27:04,IC1512,IC1512,7876.2,0.0,0.0,0.0,1,7874.6,7893.0,1,7859.0,7899.8,7900.0,7868.0,27.0,42591360.0,935
2015-05-11 09:27:04,IC1512,IC1512,7876.2,0.0,0.0,0.0,1,7874.6,7882.6,1,7859.0,7899.8,7900.0,7868.0,27.0,42591360.0,935
2015-05-11 09:27:05,IC1512,IC1512,7876.2,0.0,0.0,0.0,1,7857.0,7882.6,1,7859.0,7899.8,7900.0,7868.0,27.0,42591360.0,935
2015-05-11 09:27:05,IC1512,IC1512,7876.2,0.0,0.0,0.0,1,7873.4,7882.6,1,7859.0,7899.8,7900.0,7868.0,27.0,42591360.0,935
2015-05-11 09:27:06,IC1512,IC1512,7876.2,0.0,0.0,0.0,1,7857.6,7882.6,1,7859.0,7899.8,7900.0,7868.0,27.0,42591360.0,935
2015-05-11 09:27:07,IC1512,IC1512,7876.2,0.0,0.0,0.0,1,7873.2,7882.6,1,7859.0,7899.8,7900.0,7868.0,27.0,42591360.0,935
2015-05-11 09:27:08,IC1512,IC1512,7876.2,0.0,0.0,0.0,1,7858.0,7882.6,1,7859.0,7899.8,7900.0,7868.0,27.0,42591360.0,935
2015-05-11 09:27:08,IC1512,IC1512,7876.2,0.0,0.0,0.0,1,7874.2,7882.6,1,7859.0,7899.8,7900.0,7868.0,27.0,42591360.0,935
2015-05-11 09:27:13,IC1512,IC1512,7876.2,0.0,0.0,0.0,4,7858.2,7882.6,1,7859.0,7899.8,7900.0,7868.0,27.0,42591360.0,935
2015-05-11 09:27:13,IC1512,IC1512,7876.2,0.0,0.0,0.0,1,7875.6,7889.8,1,7859.0,7899.8,7900.0,7868.0,27.0,42591360.0,935
2015-05-11 09:27:14,IC1512,IC1512,7876.2,0.0,0.0,0.0,1,7875.6,7883.0,1,7859.0,7899.8,7900.0,7868.0,27.0,42591360.0,935
2015-05-11 09:27:14,IC1512,IC1512,7876.2,0.0,0.0,0.0,1,7875.6,7889.8,1,7859.0,7899.8,7900.0,7868.0,27.0,42591360.0,935
2015-05-11 09:27:15,IC1512,IC1512,7876.2,0.0,0.0,0.0,4,7864.8,7884.2,1,7859.0,7899.8,7900.0,7868.0,27.0,42591360.0,935
2015-05-11 09:27:15,IC1512,IC1512,7876.2,0.0,0.0,0.0,1,7876.2,7884.2,1,7859.0,7899.8,7900.0,7868.0,27.0,42591360.0,935
2015-05-11 09:27:16,IC1512,IC1512,7876.2,0.0,0.0,0.0,4,7865.0,7884.2,1,7859.0,7899.8,7900.0,7868.0,27.0,42591360.0,935
2015-05-11 09:27:17,IC1512,IC1512,7876.2,0.0,0.0,0.0,1,7875.6,7884.2,1,7859.0,7899.8,7900.0,7868.0,27.0,42591360.0,935
2015-05-11 09:27:19,IC1512,IC1512,7876.2,0.0,0.0,0.0,4,7865.0,7884.2,1,7859.0,7899.8,7900.0,7868.0,27.0,42591360.0,935
2015-05-11 09:27:19,IC1512,IC1512,7876.2,0.0,0.0,0.0,1,7877.0,7884.2,1,7859.0,7899.8,7900.0,7868.0,27.0,42591360.0,935
2015-05-11 09:27:25,IC1512,IC1512,7876.2,0.0,0.0,0.0,3,7865.0,7884.2,1,7859.0,7899.8,7900.0,7868.0,27.0,42591360.0,935
2015-05-11 09:27:25,IC1512,IC1512,7876.2,0.0,0.0,0.0,1,7878.4,7884.2,1,7859.0,7899.8,7900.0,7868.0,27.0,42591360.0,935
2015-05-11 09:27:26,IC1512,IC1512,7876.2,0.0,0.0,0.0,1,7878.4,7884.0,1,7859.0,7899.8,7900.0,7868.0,27.0,42591360.0,935
2015-05-11 09:27:27,IC1512,IC1512,7876.2,0.0,0.0,0.0,4,7865.0,7884.0,1,7859.0,7899.8,7900.0,7868.0,27.0,42591360.0,935
2015-05-11 09:27:27,IC1512,IC1512,7876.2,0.0,0.0,0.0,1,7880.0,7894.0,1,7859.0,7899.8,7900.0,7868.0,27.0,42591360.0,935
2015-05-11 09:27:28,IC1512,IC1512,7876.2,0.0,0.0,0.0,1,7880.0,7887.6,1,7859.0,7899.8,7900.0,7868.0,27.0,42591360.0,935
