time,symbol_id,symbol_name,last,trade_volume,trade_amount,open_interest_change,bv1,bp1,ap1,av1,yesterday_close,today_open,today_high,today_low,volume,amount,open_interest
2015-05-11 09:14:00,IC1506,IC1506,8118.8,10.0,16237600.0,-2.0,8,8118.8,8125.0,1,8085.0,8118.8,8118.8,8118.8,10.0,16237600.0,4181
2015-05-11 09:15:00,IC1506,IC1506,8100.6,14.0,22719680.0,3.0,1,8093.0,8098.6,11,8085.0,8118.8,8118.8,8100.6,24.0,38957280.0,4184
2015-05-11 09:15:00,IC1506,IC1506,8091.2,5.0,8091560.0,-1.0,1,8072.6,8093.0,4,8085.0,8118.8,8118.8,8091.2,29.0,47048840.0,4183
2015-05-11 09:15:01,IC1506,IC1506,8090.0,4.0,6473760.0,-1.0,1,8075.8,8093.0,2,8085.0,8118.8,8118.8,8090.0,33.0,53522600.0,4182
2015-05-11 09:15:01,IC1506,IC1506,8090.0,1.0,1618000.0,1.0,1,8071.2,8075.8,1,8085.0,8118.8,8118.8,8090.0,34.0,55140600.0,4183
2015-05-11 09:15:02,IC1506,IC1506,8092.8,4.0,6470400.0,0.0,1,8072.8,8093.0,1,8085.0,8118.8,8118.8,8080.6,38.0,61611000.0,4183
2015-05-11 09:15:02,IC1506,IC1506,8091.2,1.0,1618240.0,0.0,1,8071.4,8093.0,1,8085.0,8118.8,8118.8,8080.6,39.0,63229240.0,4183
2015-05-11 09:15:03,IC1506,IC1506,8093.0,1.0,1618600.0,0.0,1,8093.0,8096.8,1,8085.0,8118.8,8118.8,8080.6,40.0,64847840.0,4183
2015-05-11 09:15:03,IC1506,IC1506,8093.0,1.0,1618600.0,0.0,8,8093.2,8096.2,1,8085.0,8118.8,8118.8,8080.6,41.0,66466440.0,4183
2015-05-11 09:15:04,IC1506,IC1506,8096.0,10.0,16186600.0,-2.0,1,8081.8,8096.2,1,8085.0,8118.8,8118.8,8080.6,51.0,82653040.0,4181
2015-05-11 09:15:04,IC1506,IC1506,8071.4,11.0,17774680.0,8.0,1,8071.2,8096.0,1,8085.0,8118.8,8118.8,8071.4,62.0,100427720.0,4189
2015-05-11 09:15:05,IC1506,IC1506,8095.8,2.0,3233440.0,-1.0,1,8080.4,8096.0,2,8085.0,8118.8,8118.8,8071.4,64.0,103661160.0,4188
2015-05-11 09:15:05,IC1506,IC1506,8096.0,1.0,1619200.0,0.0,1,8071.2,8093.2,1,8085.0,8118.8,8118.8,8071.4,65.0,105280360.0,4188
2015-05-11 09:15:06,IC1506,IC1506,8093.2,2.0,3237480.0,2.0,1,8092.6,8097.6,1,8085.0,8118.8,8118.8,8071.4,67.0,108517840.0,4190
2015-05-11 09:15:06,IC1506,IC1506,8097.6,2.0,3238160.0,0.0,1,8092.6,8097.8,2,8085.0,8118.8,8118.8,8071.4,69.0,111756000.0,4190
2015-05-11 09:15:07,IC1506,IC1506,8096.0,1.0,1619200.0,0.0,8,8096.0,8097.6,2,8085.0,8118.8,8118.8,8071.4,70.0,113375200.0,4190
2015-05-11 09:15:07,IC1506,IC1506,8096.0,2.0,3238400.0,-2.0,6,8096.0,8097.6,2,8085.0,8118.8,8118.8,8071.4,72.0,116613600.0,4188
2015-05-11 09:15:08,IC1506,IC1506,8097.4,1.0,1619480.0,0.0,6,8096.0,8097.4,2,8085.0,8118.8,8118.8,8071.4,73.0,118233080.0,4188
2015-05-11 09:15:08,IC1506,IC1506,8096.0,1.0,1619200.0,-1.0,5,8096.0,8097.2,1,8085.0,8118.8,8118.8,8071.4,74.0,119852280.0,4187
2015-05-11 09:15:09,IC1506,IC1506,8097.0,6.0,9715400.0,-4.0,1,8088.8,8097.0,2,8085.0,8118.8,8118.8,8071.4,80.0,129567680.0,4183
2015-05-11 09:15:09,IC1506,IC1506,8089.0,1.0,1617800.0,0.0,1,8088.8,8094.2,1,8085.0,8118.8,8118.8,8071.4,81.0,131185480.0,4183
2015-05-11 09:15:10,IC1506,IC1506,8089.0,0.0,0.0,0.0,1,8087.8,8094.0,2,8085.0,8118.8,8118.8,8071.4,81.0,131185480.0,4183
2015-05-11 09:15:10,IC1506,IC1506,8118.8,11.0,17828240.0,-6.0,1,8087.8,8094.0,1,8085.0,8118.8,8118.8,8071.4,92.0,149013720.0,4177
2015-05-11 09:15:11,IC1506,IC1506,8097.2,4.0,6477760.0,1.0,1,8086.6,8094.0,1,8085.0,8118.8,8118.8,8071.4,96.0,155491480.0,4178
2015-05-11 09:15:12,IC1506,IC1506,8071.2,6.0,9701840.0,3.0,1,8071.0,8094.0,1,8085.0,8118.8,8118.8,8071.2,102.0,165193320.0,4181
2015-05-11 09:15:12,IC1506,IC1506,8071.2,0.0,0.0,0.0,1,8083.0,8087.0,1,8085.0,8118.8,8118.8,8071.2,102.0,165193320.0,4181
2015-05-11 09:15:13,IC1506,IC1506,8071.2,0.0,0.0,0.0,2,8071.0,8086.0,1,8085.0,8118.8,8118.8,8071.2,102.0,165193320.0,4181
2015-05-11 09:15:13,IC1506,IC1506,8071.2,0.0,0.0,0.0,1,8071.0,8085.8,11,8085.0,8118.8,8118.8,8071.2,102.0,165193320.0,4181
2015-05-11 09:15:14,IC1506,IC1506,8085.6,4.0,6464880.0,0.0,3,8060.0,8084.6,2,8085.0,8118.8,8118.8,8071.0,106.0,171658200.0,4181
2015-05-11 09:15:14,IC1506,IC1506,8082.4,8.0,12936480.0,4.0,1,8073.4,8088.8,1,8085.0,8118.8,8118.8,8071.0,114.0,184594680.0,4185
2015-05-11 09:15:15,IC1506,IC1506,8088.8,1.0,1617760.0,-1.0,1,8088.8,8091.0,1,8085.0,8118.8,8118.8,8071.0,115.0,186212440.0,4184
2015-05-11 09:15:15,IC1506,IC1506,8071.2,2.0,3232000.0,0.0,1,8068.0,8084.8,1,8085.0,8118.8,8118.8,8071.0,117.0,189444440.0,4184
2015-05-11 09:15:16,IC1506,IC1506,8071.2,0.0,0.0,0.0,1,8069.2,8084.8,1,8085.0,8118.8,8118.8,8071.0,117.0,189444440.0,4184
2015-05-11 09:15:16,IC1506,IC1506,8071.2,0.0,0.0,0.0,1,8070.6,8084.8,1,8085.0,8118.8,8118.8,8071.0,117.0,189444440.0,4184
2015-05-11 09:15:17,IC1506,IC1506,8083.0,1.0,1616600.0,-1.0,1,8072.0,8084.8,1,8085.0,8118.8,8118.8,8071.0,118.0,191061040.0,4183
2015-05-11 09:15:17,IC1506,IC1506,8083.0,0.0,0.0,0.0,1,8072.6,8084.2,1,8085.0,8118.8,8118.8,8071.0,118.0,191061040.0,4183
2015-05-11 09:15:18,IC1506,IC1506,8083.0,0.0,0.0,0.0,1,8083.8,8084.8,1,8085.0,8118.8,8118.8,8071.0,118.0,191061040.0,4183
2015-05-11 09:15:18,IC1506,IC1506,8083.8,2.0,3233720.0,0.0,1,8083.8,8091.0,1,8085.0,8118.8,8118.8,8071.0,120.0,194294760.0,4183
2015-05-11 09:15:19,IC1506,IC1506,8083.8,1.0,1616760.0,0.0,1,8071.0,8083.8,1,8085.0,8118.8,8118.8,8071.0,121.0,195911520.0,4183
2015-05-11 09:15:19,IC1506,IC1506,8083.8,0.0,0.0,0.0,3,8081.0,8083.8,1,8085.0,8118.8,8118.8,8071.0,121.0,195911520.0,4183
2015-05-11 09:15:20,IC1506,IC1506,8083.8,0.0,0.0,0.0,3,8081.0,8083.8,2,8085.0,8118.8,8118.8,8071.0,121.0,195911520.0,4183
2015-05-11 09:15:21,IC1506,IC1506,8081.2,4.0,6464960.0,0.0,3,8081.0,8083.8,2,8085.0,8118.8,8118.8,8071.0,125.0,202376480.0,4183
2015-05-11 09:15:22,IC1506,IC1506,8083.8,1.0,1616760.0,0.0,1,8082.0,8083.8,1,8085.0,8118.8,8118.8,8071.0,126.0,203993240.0,4183
2015-05-11 09:15:22,IC1506,IC1506,8083.8,1.0,1616760.0,1.0,1,8082.0,8091.0,1,8085.0,8118.8,8118.8,8071.0,127.0,205610000.0,4184
2015-05-11 09:15:23,IC1506,IC1506,8083.8,0.0,0.0,0.0,1,8082.0,8089.2,1,8085.0,8118.8,8118.8,8071.0,127.0,205610000.0,4184
2015-05-11 09:15:23,IC1506,IC1506,8083.8,0.0,0.0,0.0,1,8084.8,8089.2,1,8085.0,8118.8,8118.8,8071.0,127.0,205610000.0,4184
2015-05-11 09:15:24,IC1506,IC1506,8084.8,1.0,1616960.0,0.0,1,8084.8,8089.8,1,8085.0,8118.8,8118.8,8071.0,128.0,207226960.0,4184
2015-05-11 09:15:25,IC1506,IC1506,8084.8,0.0,0.0,0.0,1,8084.8,8089.0,1,8085.0,8118.8,8118.8,8071.0,128.0,207226960.0,4184
2015-05-11 09:15:25,IC1506,IC1506,8084.8,2.0,3234760.0,1.0,1,8084.8,8089.0,1,8085.0,8118.8,8118.8,8071.0,130.0,210461720.0,4185
2015-05-11 09:15:26,IC1506,IC1506,8084.8,0.0,0.0,0.0,1,8085.0,8087.4,1,8085.0,8118.8,8118.8,8071.0,130.0,210461720.0,4185
2015-05-11 09:15:26,IC1506,IC1506,8084.8,1.0,1616960.0,0.0,1,8085.0,8088.2,1,8085.0,8118.8,8118.8,8071.0,131.0,212078680.0,4185
2015-05-11 09:15:27,IC1506,IC1506,8084.8,0.0,0.0,0.0,1,8085.0,8087.4,1,8085.0,8118.8,8118.8,8071.0,131.0,212078680.0,4185
2015-05-11 09:15:28,IC1506,IC1506,8087.2,3.0,4851880.0,-2.0,1,8084.8,8087.4,1,8085.0,8118.8,8118.8,8071.0,134.0,216930560.0,4183
2015-05-11 09:15:28,IC1506,IC1506,8087.2,0.0,0.0,0.0,1,8084.8,8087.2,4,8085.0,8118.8,8118.8,8071.0,134.0,216930560.0,4183
2015-05-11 09:15:29,IC1506,IC1506,8087.2,0.0,0.0,0.0,1,8084.8,8087.0,1,8085.0,8118.8,8118.8,8071.0,134.0,216930560.0,4183
2015-05-11 09:15:29,IC1506,IC1506,8087.2,0.0,0.0,0.0,1,8084.8,8087.2,1,8085.0,8118.8,8118.8,8071.0,134.0,216930560.0,4183
2015-05-11 09:15:30,IC1506,IC1506,8087.2,0.0,0.0,0.0,1,8084.8,8087.2,2,8085.0,8118.8,8118.8,8071.0,134.0,216930560.0,4183
2015-05-11 09:15:31,IC1506,IC1506,8087.2,1.0,1617440.0,0.0,1,8085.4,8087.2,1,8085.0,8118.8,8118.8,8071.0,135.0,218548000.0,4183
2015-05-11 09:15:32,IC1506,IC1506,8087.2,1.0,1617440.0,1.0,1,8085.4,8090.4,1,8085.0,8118.8,8118.8,8071.0,136.0,220165440.0,4184
2015-05-11 09:15:32,IC1506,IC1506,8087.2,0.0,0.0,0.0,2,8087.2,8089.8,1,8085.0,8118.8,8118.8,8071.0,136.0,220165440.0,4184
2015-05-11 09:15:33,IC1506,IC1506,8087.2,0.0,0.0,0.0,2,8087.2,8090.4,1,8085.0,8118.8,8118.8,8071.0,136.0,220165440.0,4184
2015-05-11 09:15:33,IC1506,IC1506,8087.4,1.0,1617480.0,-1.0,2,8087.2,8091.0,1,8085.0,8118.8,8118.8,8071.0,137.0,221782920.0,4183
2015-05-11 09:15:34,IC1506,IC1506,8087.4,0.0,0.0,0.0,1,8087.4,8092.0,1,8085.0,8118.8,8118.8,8071.0,137.0,221782920.0,4183
2015-05-11 09:15:34,IC1506,IC1506,8087.4,0.0,0.0,0.0,2,8087.2,8092.0,1,8085.0,8118.8,8118.8,8071.0,137.0,221782920.0,4183
2015-05-11 09:15:35,IC1506,IC1506,8087.2,2.0,3234880.0,2.0,1,8086.0,8092.0,1,8085.0,8118.8,8118.8,8071.0,139.0,225017800.0,4185
2015-05-11 09:15:35,IC1506,IC1506,8087.2,0.0,0.0,0.0,1,8089.0,8092.4,1,8085.0,8118.8,8118.8,8071.0,139.0,225017800.0,4185
2015-05-11 09:15:36,IC1506,IC1506,8087.2,0.0,0.0,0.0,1,8091.0,8092.4,1,8085.0,8118.8,8118.8,8071.0,139.0,225017800.0,4185
2015-05-11 09:15:36,IC1506,IC1506,8087.2,0.0,0.0,0.0,1,8091.0,8093.0,1,8085.0,8118.8,8118.8,8071.0,139.0,225017800.0,4185
2015-05-11 09:15:37,IC1506,IC1506,8087.2,0.0,0.0,0.0,1,8092.0,8093.0,1,8085.0,8118.8,8118.8,8071.0,139.0,225017800.0,4185
2015-05-11 09:15:37,IC1506,IC1506,8092.2,2.0,3237040.0,-2.0,2,8093.0,8095.0,1,8085.0,8118.8,8118.8,8071.0,141.0,228254840.0,4183
2015-05-11 09:15:38,IC1506,IC1506,8092.2,0.0,0.0,0.0,3,8093.0,8096.4,1,8085.0,8118.8,8118.8,8071.0,141.0,228254840.0,4183
2015-05-11 09:15:38,IC1506,IC1506,8092.2,0.0,0.0,0.0,2,8093.0,8097.4,1,8085.0,8118.8,8118.8,8071.0,141.0,228254840.0,4183
2015-05-11 09:15:39,IC1506,IC1506,8092.2,0.0,0.0,0.0,2,8093.0,8094.4,1,8085.0,8118.8,8118.8,8071.0,141.0,228254840.0,4183
2015-05-11 09:15:39,IC1506,IC1506,8097.2,1.0,1619440.0,0.0,2,8093.0,8097.4,1,8085.0,8118.8,8118.8,8071.0,142.0,229874280.0,4183
2015-05-11 09:15:40,IC1506,IC1506,8097.2,0.0,0.0,0.0,2,8093.0,8095.0,1,8085.0,8118.8,8118.8,8071.0,142.0,229874280.0,4183
2015-05-11 09:15:40,IC1506,IC1506,8094.8,5.0,8094080.0,-2.0,1,8092.0,8095.0,1,8085.0,8118.8,8118.8,8071.0,147.0,237968360.0,4181
2015-05-11 09:15:41,IC1506,IC1506,8097.2,2.0,3238440.0,-2.0,4,8092.2,8100.0,4,8085.0,8118.8,8118.8,8071.0,149.0,241206800.0,4179
2015-05-11 09:15:41,IC1506,IC1506,8097.2,1.0,1619440.0,0.0,1,8092.6,8100.0,4,8085.0,8118.8,8118.8,8071.0,150.0,242826240.0,4179
2015-05-11 09:15:42,IC1506,IC1506,8097.2,0.0,0.0,0.0,1,8092.8,8100.0,4,8085.0,8118.8,8118.8,8071.0,150.0,242826240.0,4179
2015-05-11 09:15:42,IC1506,IC1506,8100.0,4.0,6480000.0,1.0,7,8092.8,8110.0,10,8085.0,8118.8,8118.8,8071.0,154.0,249306240.0,4180
2015-05-11 09:15:43,IC1506,IC1506,8100.0,0.0,0.0,0.0,9,8092.8,8110.0,10,8085.0,8118.8,8118.8,8071.0,154.0,249306240.0,4180
2015-05-11 09:15:43,IC1506,IC1506,8100.0,0.0,0.0,0.0,1,8100.8,8105.4,1,8085.0,8118.8,8118.8,8071.0,154.0,249306240.0,4180
2015-05-11 09:15:44,IC1506,IC1506,8100.0,0.0,0.0,0.0,1,8101.4,8105.4,1,8085.0,8118.8,8118.8,8071.0,154.0,249306240.0,4180
2015-05-11 09:15:44,IC1506,IC1506,8100.0,0.0,0.0,0.0,2,8101.4,8106.6,1,8085.0,8118.8,8118.8,8071.0,154.0,249306240.0,4180
2015-05-11 09:15:45,IC1506,IC1506,8100.0,0.0,0.0,0.0,1,8102.2,8106.6,1,8085.0,8118.8,8118.8,8071.0,154.0,249306240.0,4180
2015-05-11 09:15:45,IC1506,IC1506,8100.0,0.0,0.0,0.0,2,8102.2,8106.0,1,8085.0,8118.8,8118.8,8071.0,154.0,249306240.0,4180
2015-05-11 09:15:46,IC1506,IC1506,8100.0,0.0,0.0,0.0,2,8102.2,8107.8,1,8085.0,8118.8,8118.8,8071.0,154.0,249306240.0,4180
2015-05-11 09:15:46,IC1506,IC1506,8100.0,0.0,0.0,0.0,1,8105.4,8107.8,1,8085.0,8118.8,8118.8,8071.0,154.0,249306240.0,4180
2015-05-11 09:15:47,IC1506,IC1506,8100.0,0.0,0.0,0.0,2,8105.4,8107.8,1,8085.0,8118.8,8118.8,8071.0,154.0,249306240.0,4180
2015-05-11 09:15:47,IC1506,IC1506,8107.4,2.0,3242560.0,1.0,1,8106.6,8108.6,1,8085.0,8118.8,8118.8,8071.0,156.0,252548800.0,4181
2015-05-11 09:15:48,IC1506,IC1506,8107.4,0.0,0.0,0.0,1,8108.6,8110.0,10,8085.0,8118.8,8118.8,8071.0,156.0,252548800.0,4181
2015-05-11 09:15:49,IC1506,IC1506,8110.0,1.0,1622000.0,0.0,1,8108.6,8110.0,9,8085.0,8118.8,8118.8,8071.0,157.0,254170800.0,4181
2015-05-11 09:15:49,IC1506,IC1506,8107.8,2.0,3243280.0,1.0,4,8107.8,8110.0,9,8085.0,8118.8,8118.8,8071.0,159.0,257414080.0,4182
2015-05-11 09:15:50,IC1506,IC1506,8110.0,3.0,4866000.0,0.0,2,8108.8,8110.0,6,8085.0,8118.8,8118.8,8071.0,162.0,262280080.0,4182
2015-05-11 09:15:50,IC1506,IC1506,8110.0,1.0,1622000.0,0.0,6,8108.8,8110.0,5,8085.0,8118.8,8118.8,8071.0,163.0,263902080.0,4182
2015-05-11 09:15:51,IC1506,IC1506,8110.0,1.0,1622000.0,0.0,5,8108.8,8110.0,4,8085.0,8118.8,8118.8,8071.0,164.0,265524080.0,4182
2015-05-11 09:15:52,IC1506,IC1506,8110.0,0.0,0.0,0.0,4,8108.8,8110.0,5,8085.0,8118.8,8118.8,8071.0,164.0,265524080.0,4182
2015-05-11 09:15:52,IC1506,IC1506,8110.0,1.0,1622000.0,-1.0,4,8108.8,8110.0,4,8085.0,8118.8,8118.8,8071.0,165.0,267146080.0,4181
2015-05-11 09:15:53,IC1506,IC1506,8110.0,1.0,1622000.0,0.0,4,8108.8,8110.0,3,8085.0,8118.8,8118.8,8071.0,166.0,268768080.0,4181
2015-05-11 09:15:53,IC1506,IC1506,8110.0,1.0,1622000.0,0.0,4,8108.8,8110.0,2,8085.0,8118.8,8118.8,8071.0,167.0,270390080.0,4181
2015-05-11 09:15:55,IC1506,IC1506,8110.0,2.0,3244000.0,0.0,7,8108.8,8111.0,10,8085.0,8118.8,8118.8,8071.0,169.0,273634080.0,4181
2015-05-11 09:15:56,IC1506,IC1506,8107.8,10.0,16217240.0,6.0,3,8107.8,8111.0,10,8085.0,8118.8,8118.8,8071.0,179.0,289851320.0,4187
2015-05-11 09:15:57,IC1506,IC1506,8107.8,0.0,0.0,0.0,3,8107.8,8110.2,1,8085.0,8118.8,8118.8,8071.0,179.0,289851320.0,4187
2015-05-11 09:15:57,IC1506,IC1506,8107.8,0.0,0.0,0.0,3,8107.8,8109.6,1,8085.0,8118.8,8118.8,8071.0,179.0,289851320.0,4187
2015-05-11 09:15:58,IC1506,IC1506,8107.8,0.0,0.0,0.0,3,8107.8,8108.8,1,8085.0,8118.8,8118.8,8071.0,179.0,289851320.0,4187
2015-05-11 09:15:58,IC1506,IC1506,8107.8,0.0,0.0,0.0,3,8107.8,8108.6,2,8085.0,8118.8,8118.8,8071.0,179.0,289851320.0,4187
2015-05-11 09:15:59,IC1506,IC1506,8107.8,0.0,0.0,0.0,3,8107.8,8108.8,1,8085.0,8118.8,8118.8,8071.0,179.0,289851320.0,4187
2015-05-11 09:16:00,IC1506,IC1506,8108.6,1.0,1621720.0,-1.0,23,8108.6,8108.8,1,8085.0,8118.8,8118.8,8071.0,180.0,291473040.0,4186
2015-05-11 09:16:00,IC1506,IC1506,8108.6,5.0,8108640.0,-1.0,1,8108.8,8109.0,1,8085.0,8118.8,8118.8,8071.0,185.0,299581680.0,4185
2015-05-11 09:16:01,IC1506,IC1506,8109.0,3.0,4865240.0,0.0,18,8108.6,8110.8,1,8085.0,8118.8,8118.8,8071.0,188.0,304446920.0,4185
2015-05-11 09:16:03,IC1506,IC1506,8109.0,0.0,0.0,0.0,18,8108.6,8110.0,1,8085.0,8118.8,8118.8,8071.0,188.0,304446920.0,4185
2015-05-11 09:16:04,IC1506,IC1506,8108.8,1.0,1621760.0,1.0,18,8108.6,8110.6,1,8085.0,8118.8,8118.8,8071.0,189.0,306068680.0,4186
2015-05-11 09:16:05,IC1506,IC1506,8108.6,1.0,1621720.0,-1.0,17,8108.6,8110.6,1,8085.0,8118.8,8118.8,8071.0,190.0,307690400.0,4185
2015-05-11 09:16:05,IC1506,IC1506,8108.6,0.0,0.0,0.0,1,8110.0,8110.6,1,8085.0,8118.8,8118.8,8071.0,190.0,307690400.0,4185
2015-05-11 09:16:06,IC1506,IC1506,8108.6,4.0,6487160.0,0.0,14,8108.6,8110.8,1,8085.0,8118.8,8118.8,8071.0,194.0,314177560.0,4185
2015-05-11 09:16:06,IC1506,IC1506,8108.6,1.0,1621720.0,0.0,13,8108.6,8110.8,1,8085.0,8118.8,8118.8,8071.0,195.0,315799280.0,4185
2015-05-11 09:16:07,IC1506,IC1506,8108.6,0.0,0.0,0.0,1,8108.8,8110.8,1,8085.0,8118.8,8118.8,8071.0,195.0,315799280.0,4185
2015-05-11 09:16:07,IC1506,IC1506,8111.0,4.0,6488680.0,-1.0,1,8108.8,8111.0,8,8085.0,8118.8,8118.8,8071.0,199.0,322287960.0,4184
2015-05-11 09:16:08,IC1506,IC1506,8111.0,0.0,0.0,0.0,1,8108.8,8110.6,1,8085.0,8118.8,8118.8,8071.0,199.0,322287960.0,4184
2015-05-11 09:16:08,IC1506,IC1506,8108.8,1.0,1621760.0,0.0,13,8108.6,8110.6,1,8085.0,8118.8,8118.8,8071.0,200.0,323909720.0,4184
2015-05-11 09:16:09,IC1506,IC1506,8110.4,2.0,3243800.0,-1.0,12,8108.6,8110.4,2,8085.0,8118.8,8118.8,8071.0,202.0,327153520.0,4183
2015-05-11 09:16:09,IC1506,IC1506,8110.6,3.0,4866320.0,2.0,7,8110.8,8111.0,9,8085.0,8118.8,8118.8,8071.0,205.0,332019840.0,4185
2015-05-11 09:16:10,IC1506,IC1506,8110.8,4.0,6488640.0,2.0,3,8110.8,8111.0,9,8085.0,8118.8,8118.8,8071.0,209.0,338508480.0,4187
2015-05-11 09:16:10,IC1506,IC1506,8110.8,1.0,1622160.0,0.0,2,8110.8,8111.0,9,8085.0,8118.8,8118.8,8071.0,210.0,340130640.0,4187
2015-05-11 09:16:11,IC1506,IC1506,8108.6,4.0,6487760.0,1.0,10,8108.6,8111.0,10,8085.0,8118.8,8118.8,8071.0,214.0,346618400.0,4188
2015-05-11 09:16:12,IC1506,IC1506,8108.6,0.0,0.0,0.0,10,8108.6,8111.0,9,8085.0,8118.8,8118.8,8071.0,214.0,346618400.0,4188
2015-05-11 09:16:12,IC1506,IC1506,8111.0,1.0,1622200.0,0.0,10,8108.6,8111.0,8,8085.0,8118.8,8118.8,8071.0,215.0,348240600.0,4188
2015-05-11 09:16:13,IC1506,IC1506,8108.6,1.0,1621720.0,-1.0,9,8108.6,8110.8,1,8085.0,8118.8,8118.8,8071.0,216.0,349862320.0,4187
2015-05-11 09:16:13,IC1506,IC1506,8108.6,1.0,1621720.0,0.0,8,8108.6,8111.0,8,8085.0,8118.8,8118.8,8071.0,217.0,351484040.0,4187
2015-05-11 09:16:14,IC1506,IC1506,8111.0,2.0,3244400.0,0.0,1,8110.8,8111.0,6,8085.0,8118.8,8118.8,8071.0,219.0,354728440.0,4187
2015-05-11 09:16:14,IC1506,IC1506,8111.0,9.0,14599800.0,0.0,1,8110.8,8112.0,10,8085.0,8118.8,8118.8,8071.0,228.0,369328240.0,4187
2015-05-11 09:16:15,IC1506,IC1506,8111.0,1.0,1622200.0,0.0,1,8111.0,8112.0,10,8085.0,8118.8,8118.8,8071.0,229.0,370950440.0,4187
2015-05-11 09:16:15,IC1506,IC1506,8110.8,1.0,1622160.0,0.0,1,8109.8,8112.0,10,8085.0,8118.8,8118.8,8071.0,230.0,372572600.0,4187
2015-05-11 09:16:18,IC1506,IC1506,8110.8,0.0,0.0,0.0,1,8110.2,8112.0,10,8085.0,8118.8,8118.8,8071.0,230.0,372572600.0,4187
2015-05-11 09:16:19,IC1506,IC1506,8110.8,0.0,0.0,0.0,1,8109.8,8112.0,10,8085.0,8118.8,8118.8,8071.0,230.0,372572600.0,4187
2015-05-11 09:16:20,IC1506,IC1506,8110.2,3.0,4866840.0,-2.0,1,8109.8,8110.2,1,8085.0,8118.8,8118.8,8071.0,233.0,377439440.0,4185
2015-05-11 09:16:21,IC1506,IC1506,8112.0,5.0,8111640.0,-4.0,1,8109.8,8112.0,4,8085.0,8118.8,8118.8,8071.0,238.0,385551080.0,4181
2015-05-11 09:16:22,IC1506,IC1506,8111.0,5.0,8111800.0,0.0,1,8110.8,8113.0,10,8085.0,8118.8,8118.8,8071.0,243.0,393662880.0,4181
2015-05-11 09:16:23,IC1506,IC1506,8110.8,1.0,1622160.0,1.0,1,8110.0,8113.0,10,8085.0,8118.8,8118.8,8071.0,244.0,395285040.0,4182
2015-05-11 09:16:23,IC1506,IC1506,8110.8,0.0,0.0,0.0,1,8111.0,8113.0,10,8085.0,8118.8,8118.8,8071.0,244.0,395285040.0,4182
2015-05-11 09:16:24,IC1506,IC1506,8113.0,2.0,3245200.0,-1.0,2,8112.4,8113.0,8,8085.0,8118.8,8118.8,8071.0,246.0,398530240.0,4181
2015-05-11 09:16:24,IC1506,IC1506,8112.4,2.0,3244960.0,1.0,1,8110.6,8112.4,1,8085.0,8118.8,8118.8,8071.0,248.0,401775200.0,4182
2015-05-11 09:16:25,IC1506,IC1506,8112.4,0.0,0.0,0.0,1,8110.6,8113.0,8,8085.0,8118.8,8118.8,8071.0,248.0,401775200.0,4182
2015-05-11 09:16:25,IC1506,IC1506,8113.0,5.0,8113000.0,-5.0,1,8110.6,8113.0,3,8085.0,8118.8,8118.8,8071.0,253.0,409888200.0,4177
2015-05-11 09:16:26,IC1506,IC1506,8113.0,2.0,3245200.0,0.0,1,8110.6,8113.0,1,8085.0,8118.8,8118.8,8071.0,255.0,413133400.0,4177
2015-05-11 09:16:27,IC1506,IC1506,8113.0,0.0,0.0,0.0,5,8110.6,8113.0,1,8085.0,8118.8,8118.8,8071.0,255.0,413133400.0,4177
2015-05-11 09:16:27,IC1506,IC1506,8113.0,0.0,0.0,0.0,6,8110.6,8113.0,2,8085.0,8118.8,8118.8,8071.0,255.0,413133400.0,4177
2015-05-11 09:16:28,IC1506,IC1506,8113.0,1.0,1622600.0,0.0,5,8110.6,8113.0,1,8085.0,8118.8,8118.8,8071.0,256.0,414756000.0,4177
2015-05-11 09:16:29,IC1506,IC1506,8114.0,2.0,3245400.0,0.0,1,8110.8,8114.0,10,8085.0,8118.8,8118.8,8071.0,258.0,418001400.0,4177
2015-05-11 09:16:29,IC1506,IC1506,8114.0,0.0,0.0,0.0,5,8110.6,8113.6,1,8085.0,8118.8,8118.8,8071.0,258.0,418001400.0,4177
2015-05-11 09:16:30,IC1506,IC1506,8114.0,1.0,1622800.0,0.0,5,8110.6,8113.6,1,8085.0,8118.8,8118.8,8071.0,259.0,419624200.0,4177
2015-05-11 09:16:30,IC1506,IC1506,8114.0,0.0,0.0,0.0,5,8110.6,8113.6,2,8085.0,8118.8,8118.8,8071.0,259.0,419624200.0,4177
2015-05-11 09:16:31,IC1506,IC1506,8114.0,0.0,0.0,0.0,5,8110.6,8111.8,1,8085.0,8118.8,8118.8,8071.0,259.0,419624200.0,4177
2015-05-11 09:16:32,IC1506,IC1506,8114.0,0.0,0.0,0.0,6,8110.6,8113.6,2,8085.0,8118.8,8118.8,8071.0,259.0,419624200.0,4177
2015-05-11 09:16:32,IC1506,IC1506,8114.0,0.0,0.0,0.0,5,8110.6,8111.8,1,8085.0,8118.8,8118.8,8071.0,259.0,419624200.0,4177
2015-05-11 09:16:34,IC1506,IC1506,8110.6,1.0,1622120.0,1.0,4,8110.6,8111.8,1,8085.0,8118.8,8118.8,8071.0,260.0,421246320.0,4178
2015-05-11 09:16:34,IC1506,IC1506,8110.6,1.0,1622120.0,0.0,3,8110.6,8111.8,1,8085.0,8118.8,8118.8,8071.0,261.0,422868440.0,4178
2015-05-11 09:16:35,IC1506,IC1506,8110.6,0.0,0.0,0.0,3,8110.6,8112.8,1,8085.0,8118.8,8118.8,8071.0,261.0,422868440.0,4178
2015-05-11 09:16:35,IC1506,IC1506,8111.8,3.0,4866600.0,0.0,1,8110.6,8112.8,1,8085.0,8118.8,8118.8,8071.0,264.0,427735040.0,4178
2015-05-11 09:16:36,IC1506,IC1506,8111.8,0.0,0.0,0.0,1,8111.8,8112.2,1,8085.0,8118.8,8118.8,8071.0,264.0,427735040.0,4178
2015-05-11 09:16:36,IC1506,IC1506,8111.8,2.0,3244720.0,1.0,1,8110.6,8112.8,1,8085.0,8118.8,8118.8,8071.0,266.0,430979760.0,4179
2015-05-11 09:16:37,IC1506,IC1506,8111.8,1.0,1622360.0,1.0,1,8110.6,8112.2,1,8085.0,8118.8,8118.8,8071.0,267.0,432602120.0,4180
2015-05-11 09:16:37,IC1506,IC1506,8112.8,2.0,3245000.0,0.0,1,8110.6,8113.6,2,8085.0,8118.8,8118.8,8071.0,269.0,435847120.0,4180
2015-05-11 09:16:38,IC1506,IC1506,8112.8,1.0,1622560.0,0.0,1,8110.6,8113.6,2,8085.0,8118.8,8118.8,8071.0,270.0,437469680.0,4180
2015-05-11 09:16:39,IC1506,IC1506,8112.8,0.0,0.0,0.0,1,8110.6,8113.0,1,8085.0,8118.8,8118.8,8071.0,270.0,437469680.0,4180
2015-05-11 09:16:39,IC1506,IC1506,8110.6,1.0,1622120.0,0.0,10,8108.6,8113.0,1,8085.0,8118.8,8118.8,8071.0,271.0,439091800.0,4180
2015-05-11 09:16:40,IC1506,IC1506,8112.0,1.0,1622400.0,0.0,10,8108.6,8113.0,1,8085.0,8118.8,8118.8,8071.0,272.0,440714200.0,4180
2015-05-11 09:16:40,IC1506,IC1506,8112.0,0.0,0.0,0.0,10,8108.6,8110.6,1,8085.0,8118.8,8118.8,8071.0,272.0,440714200.0,4180
2015-05-11 09:16:41,IC1506,IC1506,8112.0,0.0,0.0,0.0,1,8109.2,8110.6,1,8085.0,8118.8,8118.8,8071.0,272.0,440714200.0,4180
2015-05-11 09:16:41,IC1506,IC1506,8111.2,1.0,1622240.0,0.0,1,8109.2,8113.0,1,8085.0,8118.8,8118.8,8071.0,273.0,442336440.0,4180
2015-05-11 09:16:42,IC1506,IC1506,8113.2,2.0,3245240.0,1.0,1,8109.2,8113.4,1,8085.0,8118.8,8118.8,8071.0,275.0,445581680.0,4181
2015-05-11 09:16:42,IC1506,IC1506,8113.6,3.0,4868120.0,0.0,1,8111.0,8114.0,9,8085.0,8118.8,8118.8,8071.0,278.0,450449800.0,4181
2015-05-11 09:16:43,IC1506,IC1506,8113.6,0.0,0.0,0.0,1,8111.6,8114.0,9,8085.0,8118.8,8118.8,8071.0,278.0,450449800.0,4181
2015-05-11 09:16:43,IC1506,IC1506,8113.6,0.0,0.0,0.0,1,8113.4,8114.0,9,8085.0,8118.8,8118.8,8071.0,278.0,450449800.0,4181
2015-05-11 09:16:44,IC1506,IC1506,8113.4,1.0,1622680.0,1.0,1,8111.0,8114.0,9,8085.0,8118.8,8118.8,8071.0,279.0,452072480.0,4182
2015-05-11 09:16:44,IC1506,IC1506,8113.2,1.0,1622640.0,1.0,1,8111.0,8114.0,9,8085.0,8118.8,8118.8,8071.0,280.0,453695120.0,4183
2015-05-11 09:16:45,IC1506,IC1506,8114.0,2.0,3245400.0,0.0,1,8111.0,8114.0,8,8085.0,8118.8,8118.8,8071.0,282.0,456940520.0,4183
2015-05-11 09:16:45,IC1506,IC1506,8114.0,0.0,0.0,0.0,9,8108.6,8111.0,1,8085.0,8118.8,8118.8,8071.0,282.0,456940520.0,4183
2015-05-11 09:16:46,IC1506,IC1506,8111.4,1.0,1622280.0,1.0,3,8111.0,8114.0,8,8085.0,8118.8,8118.8,8071.0,283.0,458562800.0,4184
2015-05-11 09:16:46,IC1506,IC1506,8113.6,2.0,3244920.0,0.0,9,8108.6,8114.0,8,8085.0,8118.8,8118.8,8071.0,285.0,461807720.0,4184
2015-05-11 09:16:47,IC1506,IC1506,8114.0,1.0,1622800.0,-1.0,9,8108.6,8114.0,7,8085.0,8118.8,8118.8,8071.0,286.0,463430520.0,4183
2015-05-11 09:16:47,IC1506,IC1506,8114.0,0.0,0.0,0.0,1,8113.0,8114.0,7,8085.0,8118.8,8118.8,8071.0,286.0,463430520.0,4183
2015-05-11 09:16:48,IC1506,IC1506,8108.6,2.0,3244320.0,1.0,8,8108.6,8114.0,7,8085.0,8118.8,8118.8,8071.0,288.0,466674840.0,4184
2015-05-11 09:16:49,IC1506,IC1506,8108.6,0.0,0.0,0.0,1,8110.0,8113.4,1,8085.0,8118.8,8118.8,8071.0,288.0,466674840.0,4184
2015-05-11 09:16:49,IC1506,IC1506,8113.4,1.0,1622680.0,1.0,1,8110.0,8114.0,7,8085.0,8118.8,8118.8,8071.0,289.0,468297520.0,4185
2015-05-11 09:16:50,IC1506,IC1506,8114.0,1.0,1622800.0,0.0,1,8110.0,8114.0,6,8085.0,8118.8,8118.8,8071.0,290.0,469920320.0,4185
2015-05-11 09:16:50,IC1506,IC1506,8114.0,3.0,4868400.0,0.0,1,8110.0,8114.0,3,8085.0,8118.8,8118.8,8071.0,293.0,474788720.0,4185
2015-05-11 09:16:51,IC1506,IC1506,8114.0,1.0,1622800.0,0.0,1,8110.0,8114.0,2,8085.0,8118.8,8118.8,8071.0,294.0,476411520.0,4185
2015-05-11 09:16:51,IC1506,IC1506,8110.0,2.0,3244800.0,0.0,8,8108.6,8114.0,1,8085.0,8118.8,8118.8,8071.0,296.0,479656320.0,4185
2015-05-11 09:16:52,IC1506,IC1506,8110.0,0.0,0.0,0.0,8,8108.6,8113.4,1,8085.0,8118.8,8118.8,8071.0,296.0,479656320.0,4185
2015-05-11 09:16:52,IC1506,IC1506,8113.4,1.0,1622680.0,1.0,3,8108.8,8114.0,1,8085.0,8118.8,8118.8,8071.0,297.0,481279000.0,4186
2015-05-11 09:16:53,IC1506,IC1506,8113.4,0.0,0.0,0.0,1,8112.0,8114.0,1,8085.0,8118.8,8118.8,8071.0,297.0,481279000.0,4186
2015-05-11 09:16:54,IC1506,IC1506,8112.0,2.0,3245200.0,0.0,2,8108.8,8112.0,1,8085.0,8118.8,8118.8,8071.0,299.0,484524200.0,4186
2015-05-11 09:16:55,IC1506,IC1506,8114.8,2.0,3245360.0,0.0,3,8108.8,8110.0,1,8085.0,8118.8,8118.8,8071.0,301.0,487769560.0,4186
2015-05-11 09:16:55,IC1506,IC1506,8111.0,1.0,1622200.0,1.0,2,8108.8,8115.0,10,8085.0,8118.8,8118.8,8071.0,302.0,489391760.0,4187
2015-05-11 09:16:56,IC1506,IC1506,8111.0,0.0,0.0,0.0,2,8108.8,8111.0,1,8085.0,8118.8,8118.8,8071.0,302.0,489391760.0,4187
2015-05-11 09:16:56,IC1506,IC1506,8112.0,2.0,3244600.0,2.0,1,8110.4,8113.8,1,8085.0,8118.8,8118.8,8071.0,304.0,492636360.0,4189
2015-05-11 09:16:57,IC1506,IC1506,8112.0,0.0,0.0,0.0,1,8110.4,8113.0,1,8085.0,8118.8,8118.8,8071.0,304.0,492636360.0,4189
2015-05-11 09:16:58,IC1506,IC1506,8110.4,1.0,1622080.0,1.0,2,8108.8,8113.0,1,8085.0,8118.8,8118.8,8071.0,305.0,494258440.0,4190
2015-05-11 09:16:58,IC1506,IC1506,8110.4,0.0,0.0,0.0,1,8109.8,8113.0,1,8085.0,8118.8,8118.8,8071.0,305.0,494258440.0,4190
2015-05-11 09:16:59,IC1506,IC1506,8113.0,1.0,1622600.0,0.0,1,8108.8,8110.0,1,8085.0,8118.8,8118.8,8071.0,306.0,495881040.0,4190
2015-05-11 09:16:59,IC1506,IC1506,8110.4,1.0,1622080.0,1.0,8,8108.6,8112.6,1,8085.0,8118.8,8118.8,8071.0,307.0,497503120.0,4191
2015-05-11 09:17:00,IC1506,IC1506,8110.4,0.0,0.0,0.0,1,8109.0,8112.4,6,8085.0,8118.8,8118.8,8071.0,307.0,497503120.0,4191
2015-05-11 09:17:00,IC1506,IC1506,8109.0,1.0,1621800.0,0.0,8,8108.6,8112.6,1,8085.0,8118.8,8118.8,8071.0,308.0,499124920.0,4191
2015-05-11 09:17:01,IC1506,IC1506,8108.6,1.0,1621720.0,0.0,7,8108.6,8110.4,1,8085.0,8118.8,8118.8,8071.0,309.0,500746640.0,4191
2015-05-11 09:17:01,IC1506,IC1506,8110.2,1.0,1622040.0,0.0,8,8108.6,8109.0,1,8085.0,8118.8,8118.8,8071.0,310.0,502368680.0,4191
2015-05-11 09:17:02,IC1506,IC1506,8109.0,1.0,1621800.0,0.0,8,8108.6,8110.2,1,8085.0,8118.8,8118.8,8071.0,311.0,503990480.0,4191
2015-05-11 09:17:02,IC1506,IC1506,8109.0,0.0,0.0,0.0,1,8109.0,8110.2,1,8085.0,8118.8,8118.8,8071.0,311.0,503990480.0,4191
2015-05-11 09:17:03,IC1506,IC1506,8109.0,1.0,1621800.0,0.0,8,8108.6,8110.2,1,8085.0,8118.8,8118.8,8071.0,312.0,505612280.0,4191
2015-05-11 09:17:03,IC1506,IC1506,8109.6,1.0,1621920.0,0.0,8,8108.6,8110.2,1,8085.0,8118.8,8118.8,8071.0,313.0,507234200.0,4191
2015-05-11 09:17:04,IC1506,IC1506,8110.2,1.0,1622040.0,1.0,2,8108.8,8113.8,1,8085.0,8118.8,8118.8,8071.0,314.0,508856240.0,4192
2015-05-11 09:17:04,IC1506,IC1506,8112.6,1.0,1622520.0,0.0,13,8110.2,8113.8,1,8085.0,8118.8,8118.8,8071.0,315.0,510478760.0,4192
2015-05-11 09:17:05,IC1506,IC1506,8112.6,0.0,0.0,0.0,13,8110.2,8110.8,1,8085.0,8118.8,8118.8,8071.0,315.0,510478760.0,4192
2015-05-11 09:17:05,IC1506,IC1506,8110.2,2.0,3244080.0,0.0,11,8110.2,8110.8,1,8085.0,8118.8,8118.8,8071.0,317.0,513722840.0,4192
2015-05-11 09:17:06,IC1506,IC1506,8110.2,2.0,3244080.0,-1.0,9,8110.2,8110.8,1,8085.0,8118.8,8118.8,8071.0,319.0,516966920.0,4191
2015-05-11 09:17:06,IC1506,IC1506,8110.2,2.0,3244080.0,0.0,7,8110.2,8110.8,1,8085.0,8118.8,8118.8,8071.0,321.0,520211000.0,4191
2015-05-11 09:17:07,IC1506,IC1506,8110.2,2.0,3244080.0,-2.0,6,8110.2,8110.8,1,8085.0,8118.8,8118.8,8071.0,323.0,523455080.0,4189
2015-05-11 09:17:07,IC1506,IC1506,8110.2,3.0,4866120.0,0.0,3,8110.2,8110.8,1,8085.0,8118.8,8118.8,8071.0,326.0,528321200.0,4189
2015-05-11 09:17:08,IC1506,IC1506,8110.2,1.0,1622040.0,0.0,2,8110.2,8110.8,1,8085.0,8118.8,8118.8,8071.0,327.0,529943240.0,4189
2015-05-11 09:17:08,IC1506,IC1506,8110.2,1.0,1622040.0,0.0,1,8110.2,8110.8,1,8085.0,8118.8,8118.8,8071.0,328.0,531565280.0,4189
2015-05-11 09:17:10,IC1506,IC1506,8110.2,1.0,1622040.0,0.0,3,8108.8,8110.8,1,8085.0,8118.8,8118.8,8071.0,329.0,533187320.0,4189
2015-05-11 09:17:11,IC1506,IC1506,8110.2,0.0,0.0,0.0,3,8108.8,8110.2,1,8085.0,8118.8,8118.8,8071.0,329.0,533187320.0,4189
2015-05-11 09:17:11,IC1506,IC1506,8108.8,1.0,1621760.0,1.0,2,8108.8,8110.2,1,8085.0,8118.8,8118.8,8071.0,330.0,534809080.0,4190
2015-05-11 09:17:12,IC1506,IC1506,8108.8,2.0,3243520.0,0.0,7,8108.6,8108.8,3,8085.0,8118.8,8118.8,8071.0,332.0,538052600.0,4190
2015-05-11 09:17:13,IC1506,IC1506,8108.8,0.0,0.0,0.0,7,8108.6,8108.8,4,8085.0,8118.8,8118.8,8071.0,332.0,538052600.0,4190
2015-05-11 09:17:13,IC1506,IC1506,8108.8,10.0,16217360.0,1.0,1,8108.6,8110.2,3,8085.0,8118.8,8118.8,8071.0,342.0,554269960.0,4191
2015-05-11 09:17:14,IC1506,IC1506,8108.6,1.0,1621720.0,0.0,3,8107.8,8110.2,3,8085.0,8118.8,8118.8,8071.0,343.0,555891680.0,4191
2015-05-11 09:17:15,IC1506,IC1506,8107.8,3.0,4864680.0,0.0,2,8106.6,8108.6,1,8085.0,8118.8,8118.8,8071.0,346.0,560756360.0,4191
2015-05-11 09:17:15,IC1506,IC1506,8107.8,0.0,0.0,0.0,2,8106.6,8108.4,1,8085.0,8118.8,8118.8,8071.0,346.0,560756360.0,4191
2015-05-11 09:17:16,IC1506,IC1506,8106.8,4.0,6485440.0,-4.0,2,8106.6,8108.4,1,8085.0,8118.8,8118.8,8071.0,350.0,567241800.0,4187
2015-05-11 09:17:16,IC1506,IC1506,8108.6,2.0,3243400.0,-1.0,2,8106.6,8110.2,3,8085.0,8118.8,8118.8,8071.0,352.0,570485200.0,4186
2015-05-11 09:17:17,IC1506,IC1506,8106.6,1.0,1621320.0,-1.0,1,8106.6,8108.6,1,8085.0,8118.8,8118.8,8071.0,353.0,572106520.0,4185
2015-05-11 09:17:17,IC1506,IC1506,8105.4,3.0,4863560.0,2.0,1,8105.0,8106.6,9,8085.0,8118.8,8118.8,8071.0,356.0,576970080.0,4187
2015-05-11 09:17:18,IC1506,IC1506,8105.0,1.0,1621000.0,0.0,1,8099.0,8106.6,9,8085.0,8118.8,8118.8,8071.0,357.0,578591080.0,4187
2015-05-11 09:17:18,IC1506,IC1506,8105.0,0.0,0.0,0.0,1,8103.6,8106.6,12,8085.0,8118.8,8118.8,8071.0,357.0,578591080.0,4187
2015-05-11 09:17:19,IC1506,IC1506,8103.6,1.0,1620720.0,0.0,4,8099.2,8106.6,12,8085.0,8118.8,8118.8,8071.0,358.0,580211800.0,4187
2015-05-11 09:17:20,IC1506,IC1506,8103.6,0.0,0.0,0.0,1,8102.2,8103.6,5,8085.0,8118.8,8118.8,8071.0,358.0,580211800.0,4187
2015-05-11 09:17:20,IC1506,IC1506,8103.6,2.0,3241160.0,0.0,4,8099.2,8102.2,1,8085.0,8118.8,8118.8,8071.0,360.0,583452960.0,4187
2015-05-11 09:17:21,IC1506,IC1506,8103.6,2.0,3241440.0,0.0,4,8099.2,8103.6,3,8085.0,8118.8,8118.8,8071.0,362.0,586694400.0,4187
2015-05-11 09:17:22,IC1506,IC1506,8103.6,0.0,0.0,0.0,1,8101.6,8103.6,3,8085.0,8118.8,8118.8,8071.0,362.0,586694400.0,4187
2015-05-11 09:17:23,IC1506,IC1506,8103.6,0.0,0.0,0.0,1,8100.6,8101.6,1,8085.0,8118.8,8118.8,8071.0,362.0,586694400.0,4187
2015-05-11 09:17:24,IC1506,IC1506,8101.6,1.0,1620320.0,1.0,1,8100.6,8103.6,3,8085.0,8118.8,8118.8,8071.0,363.0,588314720.0,4188
2015-05-11 09:17:24,IC1506,IC1506,8101.6,0.0,0.0,0.0,1,8099.0,8103.4,4,8085.0,8118.8,8118.8,8071.0,363.0,588314720.0,4188
2015-05-11 09:17:25,IC1506,IC1506,8101.6,0.0,0.0,0.0,1,8099.0,8103.6,4,8085.0,8118.8,8118.8,8071.0,363.0,588314720.0,4188
2015-05-11 09:17:26,IC1506,IC1506,8103.4,2.0,3241000.0,0.0,1,8099.0,8103.6,4,8085.0,8118.8,8118.8,8071.0,365.0,591555720.0,4188
2015-05-11 09:17:26,IC1506,IC1506,8103.4,0.0,0.0,0.0,3,8099.2,8103.6,3,8085.0,8118.8,8118.8,8071.0,365.0,591555720.0,4188
2015-05-11 09:17:27,IC1506,IC1506,8099.0,1.0,1619800.0,0.0,1,8097.6,8099.0,13,8085.0,8118.8,8118.8,8071.0,366.0,593175520.0,4188
2015-05-11 09:17:27,IC1506,IC1506,8099.0,3.0,4859400.0,-1.0,2,8097.8,8099.0,10,8085.0,8118.8,8118.8,8071.0,369.0,598034920.0,4187
2015-05-11 09:17:28,IC1506,IC1506,8099.0,1.0,1619800.0,0.0,2,8097.8,8099.0,9,8085.0,8118.8,8118.8,8071.0,370.0,599654720.0,4187
2015-05-11 09:17:28,IC1506,IC1506,8099.0,1.0,1619800.0,0.0,2,8097.8,8099.0,8,8085.0,8118.8,8118.8,8071.0,371.0,601274520.0,4187
2015-05-11 09:17:29,IC1506,IC1506,8099.0,0.0,0.0,0.0,1,8097.0,8099.0,8,8085.0,8118.8,8118.8,8071.0,371.0,601274520.0,4187
2015-05-11 09:17:30,IC1506,IC1506,8099.0,0.0,0.0,0.0,1,8097.2,8099.0,8,8085.0,8118.8,8118.8,8071.0,371.0,601274520.0,4187
2015-05-11 09:17:30,IC1506,IC1506,8099.0,0.0,0.0,0.0,2,8097.2,8099.0,8,8085.0,8118.8,8118.8,8071.0,371.0,601274520.0,4187
2015-05-11 09:17:31,IC1506,IC1506,8097.2,1.0,1619440.0,1.0,1,8097.2,8099.0,8,8085.0,8118.8,8118.8,8071.0,372.0,602893960.0,4188
2015-05-11 09:17:32,IC1506,IC1506,8097.2,0.0,0.0,0.0,1,8097.2,8100.4,1,8085.0,8118.8,8118.8,8071.0,372.0,602893960.0,4188
2015-05-11 09:17:33,IC1506,IC1506,8100.8,3.0,4860400.0,1.0,1,8097.2,8101.4,1,8085.0,8118.8,8118.8,8071.0,375.0,607754360.0,4189
2015-05-11 09:17:33,IC1506,IC1506,8100.8,0.0,0.0,0.0,1,8097.2,8100.8,1,8085.0,8118.8,8118.8,8071.0,375.0,607754360.0,4189
2015-05-11 09:17:35,IC1506,IC1506,8100.8,1.0,1620160.0,-1.0,1,8097.2,8101.4,1,8085.0,8118.8,8118.8,8071.0,376.0,609374520.0,4188
2015-05-11 09:17:36,IC1506,IC1506,8100.8,0.0,0.0,0.0,1,8097.2,8103.8,1,8085.0,8118.8,8118.8,8071.0,376.0,609374520.0,4188
2015-05-11 09:17:36,IC1506,IC1506,8097.2,1.0,1619440.0,0.0,1,8097.0,8097.2,7,8085.0,8118.8,8118.8,8071.0,377.0,610993960.0,4188
2015-05-11 09:17:37,IC1506,IC1506,8097.2,7.0,11336080.0,-3.0,1,8097.4,8101.6,1,8085.0,8118.8,8118.8,8071.0,384.0,622330040.0,4185
2015-05-11 09:17:37,IC1506,IC1506,8097.2,0.0,0.0,0.0,2,8097.2,8100.8,1,8085.0,8118.8,8118.8,8071.0,384.0,622330040.0,4185
2015-05-11 09:17:38,IC1506,IC1506,8097.2,0.0,0.0,0.0,1,8096.0,8099.2,1,8085.0,8118.8,8118.8,8071.0,384.0,622330040.0,4185
2015-05-11 09:17:38,IC1506,IC1506,8097.2,0.0,0.0,0.0,1,8097.4,8101.4,1,8085.0,8118.8,8118.8,8071.0,384.0,622330040.0,4185
2015-05-11 09:17:39,IC1506,IC1506,8097.2,1.0,1619440.0,0.0,1,8096.0,8097.4,4,8085.0,8118.8,8118.8,8071.0,385.0,623949480.0,4185
2015-05-11 09:17:39,IC1506,IC1506,8097.4,4.0,6477920.0,3.0,1,8096.2,8097.2,4,8085.0,8118.8,8118.8,8071.0,389.0,630427400.0,4188
2015-05-11 09:17:40,IC1506,IC1506,8099.0,5.0,8097560.0,-3.0,1,8096.2,8101.2,1,8085.0,8118.8,8118.8,8071.0,394.0,638524960.0,4185
2015-05-11 09:17:40,IC1506,IC1506,8096.0,4.0,6477320.0,0.0,1,8095.2,8099.6,1,8085.0,8118.8,8118.8,8071.0,398.0,645002280.0,4185
2015-05-11 09:17:41,IC1506,IC1506,8096.0,0.0,0.0,0.0,2,8095.2,8098.8,1,8085.0,8118.8,8118.8,8071.0,398.0,645002280.0,4185
2015-05-11 09:17:41,IC1506,IC1506,8096.0,0.0,0.0,0.0,1,8096.0,8101.0,1,8085.0,8118.8,8118.8,8071.0,398.0,645002280.0,4185
2015-05-11 09:17:42,IC1506,IC1506,8096.0,0.0,0.0,0.0,2,8095.2,8099.2,1,8085.0,8118.8,8118.8,8071.0,398.0,645002280.0,4185
2015-05-11 09:17:42,IC1506,IC1506,8096.0,0.0,0.0,0.0,2,8095.2,8096.2,1,8085.0,8118.8,8118.8,8071.0,398.0,645002280.0,4185
2015-05-11 09:17:43,IC1506,IC1506,8096.2,1.0,1619240.0,1.0,1,8095.2,8096.0,1,8085.0,8118.8,8118.8,8071.0,399.0,646621520.0,4186
2015-05-11 09:17:43,IC1506,IC1506,8096.2,0.0,0.0,0.0,3,8095.2,8096.0,1,8085.0,8118.8,8118.8,8071.0,399.0,646621520.0,4186
2015-05-11 09:17:44,IC1506,IC1506,8096.2,1.0,1619240.0,1.0,2,8096.2,8098.6,1,8085.0,8118.8,8118.8,8071.0,400.0,648240760.0,4187
2015-05-11 09:17:45,IC1506,IC1506,8096.2,0.0,0.0,0.0,2,8096.2,8098.0,1,8085.0,8118.8,8118.8,8071.0,400.0,648240760.0,4187
2015-05-11 09:17:45,IC1506,IC1506,8096.2,1.0,1619240.0,1.0,1,8096.2,8097.8,6,8085.0,8118.8,8118.8,8071.0,401.0,649860000.0,4188
2015-05-11 09:17:46,IC1506,IC1506,8096.2,0.0,0.0,0.0,1,8096.2,8098.6,1,8085.0,8118.8,8118.8,8071.0,401.0,649860000.0,4188
2015-05-11 09:17:46,IC1506,IC1506,8096.2,1.0,1619240.0,0.0,3,8095.2,8096.2,1,8085.0,8118.8,8118.8,8071.0,402.0,651479240.0,4188
2015-05-11 09:17:48,IC1506,IC1506,8096.2,1.0,1619240.0,-1.0,3,8095.2,8099.0,2,8085.0,8118.8,8118.8,8071.0,403.0,653098480.0,4187
2015-05-11 09:17:48,IC1506,IC1506,8096.0,1.0,1619200.0,1.0,3,8095.2,8096.2,2,8085.0,8118.8,8118.8,8071.0,404.0,654717680.0,4188
2015-05-11 09:17:49,IC1506,IC1506,8096.2,2.0,3238480.0,1.0,3,8095.2,8098.2,1,8085.0,8118.8,8118.8,8071.0,406.0,657956160.0,4189
2015-05-11 09:17:49,IC1506,IC1506,8096.2,0.0,0.0,0.0,1,8096.2,8099.0,2,8085.0,8118.8,8118.8,8071.0,406.0,657956160.0,4189
2015-05-11 09:17:50,IC1506,IC1506,8096.2,0.0,0.0,0.0,1,8096.4,8099.0,2,8085.0,8118.8,8118.8,8071.0,406.0,657956160.0,4189
2015-05-11 09:17:51,IC1506,IC1506,8095.2,4.0,6476560.0,-1.0,1,8095.2,8099.0,2,8085.0,8118.8,8118.8,8071.0,410.0,664432720.0,4188
2015-05-11 09:17:51,IC1506,IC1506,8095.2,0.0,0.0,0.0,1,8095.2,8098.8,1,8085.0,8118.8,8118.8,8071.0,410.0,664432720.0,4188
2015-05-11 09:17:52,IC1506,IC1506,8095.2,1.0,1619040.0,1.0,1,8093.8,8098.2,1,8085.0,8118.8,8118.8,8071.0,411.0,666051760.0,4189
2015-05-11 09:17:52,IC1506,IC1506,8093.8,1.0,1618760.0,0.0,1,8092.0,8098.2,1,8085.0,8118.8,8118.8,8071.0,412.0,667670520.0,4189
2015-05-11 09:17:53,IC1506,IC1506,8092.0,1.0,1618400.0,0.0,3,8090.4,8098.0,2,8085.0,8118.8,8118.8,8071.0,413.0,669288920.0,4189
2015-05-11 09:17:53,IC1506,IC1506,8092.0,0.0,0.0,0.0,3,8090.4,8093.0,1,8085.0,8118.8,8118.8,8071.0,413.0,669288920.0,4189
2015-05-11 09:17:54,IC1506,IC1506,8092.0,0.0,0.0,0.0,3,8090.4,8095.6,1,8085.0,8118.8,8118.8,8071.0,413.0,669288920.0,4189
2015-05-11 09:17:54,IC1506,IC1506,8092.0,0.0,0.0,0.0,3,8090.4,8093.0,1,8085.0,8118.8,8118.8,8071.0,413.0,669288920.0,4189
2015-05-11 09:17:54,IC1506,IC1506,8092.0,0.0,0.0,0.0,3,8090.4,8095.6,1,8085.0,8118.8,8118.8,8071.0,413.0,669288920.0,4189
2015-05-11 09:17:55,IC1506,IC1506,8092.0,0.0,0.0,0.0,3,8090.4,8092.4,1,8085.0,8118.8,8118.8,8071.0,413.0,669288920.0,4189
2015-05-11 09:17:55,IC1506,IC1506,8090.4,1.0,1618080.0,1.0,2,8090.4,8092.4,1,8085.0,8118.8,8118.8,8071.0,414.0,670907000.0,4190
2015-05-11 09:17:56,IC1506,IC1506,8090.4,1.0,1618080.0,1.0,1,8090.4,8092.4,1,8085.0,8118.8,8118.8,8071.0,415.0,672525080.0,4191
2015-05-11 09:17:57,IC1506,IC1506,8090.4,0.0,0.0,0.0,1,8090.4,8091.8,1,8085.0,8118.8,8118.8,8071.0,415.0,672525080.0,4191
2015-05-11 09:17:57,IC1506,IC1506,8090.4,1.0,1618080.0,0.0,1,8087.2,8091.8,1,8085.0,8118.8,8118.8,8071.0,416.0,674143160.0,4191
2015-05-11 09:17:58,IC1506,IC1506,8091.8,1.0,1618360.0,-1.0,1,8087.2,8092.4,1,8085.0,8118.8,8118.8,8071.0,417.0,675761520.0,4190
2015-05-11 09:17:59,IC1506,IC1506,8091.8,0.0,0.0,0.0,1,8087.2,8090.4,1,8085.0,8118.8,8118.8,8071.0,417.0,675761520.0,4190
2015-05-11 09:17:59,IC1506,IC1506,8091.8,0.0,0.0,0.0,1,8088.8,8090.2,1,8085.0,8118.8,8118.8,8071.0,417.0,675761520.0,4190
2015-05-11 09:18:00,IC1506,IC1506,8091.8,0.0,0.0,0.0,1,8087.2,8090.2,1,8085.0,8118.8,8118.8,8071.0,417.0,675761520.0,4190
2015-05-11 09:18:00,IC1506,IC1506,8087.2,1.0,1617440.0,0.0,1,8086.2,8090.2,1,8085.0,8118.8,8118.8,8071.0,418.0,677378960.0,4190
2015-05-11 09:18:01,IC1506,IC1506,8087.2,0.0,0.0,0.0,1,8087.0,8090.2,1,8085.0,8118.8,8118.8,8071.0,418.0,677378960.0,4190
2015-05-11 09:18:01,IC1506,IC1506,8087.2,0.0,0.0,0.0,1,8086.2,8090.0,1,8085.0,8118.8,8118.8,8071.0,418.0,677378960.0,4190
2015-05-11 09:18:02,IC1506,IC1506,8087.2,0.0,0.0,0.0,1,8087.0,8090.2,1,8085.0,8118.8,8118.8,8071.0,418.0,677378960.0,4190
2015-05-11 09:18:02,IC1506,IC1506,8087.2,0.0,0.0,0.0,1,8087.8,8090.2,1,8085.0,8118.8,8118.8,8071.0,418.0,677378960.0,4190
2015-05-11 09:18:03,IC1506,IC1506,8090.2,1.0,1618040.0,0.0,1,8087.8,8090.4,1,8085.0,8118.8,8118.8,8071.0,419.0,678997000.0,4190
2015-05-11 09:18:03,IC1506,IC1506,8087.0,3.0,4852480.0,2.0,1,8085.6,8087.0,2,8085.0,8118.8,8118.8,8071.0,422.0,683849480.0,4192
2015-05-11 09:18:04,IC1506,IC1506,8087.0,1.0,1617400.0,1.0,1,8083.4,8087.0,2,8085.0,8118.8,8118.8,8071.0,423.0,685466880.0,4193
2015-05-11 09:18:04,IC1506,IC1506,8087.0,0.0,0.0,0.0,1,8083.4,8087.0,3,8085.0,8118.8,8118.8,8071.0,423.0,685466880.0,4193
2015-05-11 09:18:05,IC1506,IC1506,8087.0,0.0,0.0,0.0,1,8083.4,8086.8,1,8085.0,8118.8,8118.8,8071.0,423.0,685466880.0,4193
2015-05-11 09:18:05,IC1506,IC1506,8087.0,4.0,6469600.0,2.0,1,8084.6,8090.4,1,8085.0,8118.8,8118.8,8071.0,427.0,691936480.0,4195
2015-05-11 09:18:06,IC1506,IC1506,8089.6,1.0,1617920.0,-1.0,1,8084.6,8090.4,1,8085.0,8118.8,8118.8,8071.0,428.0,693554400.0,4194
2015-05-11 09:18:06,IC1506,IC1506,8089.6,0.0,0.0,0.0,1,8084.6,8090.2,1,8085.0,8118.8,8118.8,8071.0,428.0,693554400.0,4194
2015-05-11 09:18:06,IC1506,IC1506,8089.6,0.0,0.0,0.0,1,8084.6,8090.4,1,8085.0,8118.8,8118.8,8071.0,428.0,693554400.0,4194
2015-05-11 09:18:06,IC1506,IC1506,8089.6,0.0,0.0,0.0,1,8084.6,8090.2,1,8085.0,8118.8,8118.8,8071.0,428.0,693554400.0,4194
2015-05-11 09:18:07,IC1506,IC1506,8089.6,1.0,1617920.0,0.0,1,8084.6,8089.0,1,8085.0,8118.8,8118.8,8071.0,429.0,695172320.0,4194
2015-05-11 09:18:07,IC1506,IC1506,8089.6,0.0,0.0,0.0,1,8084.0,8088.2,1,8085.0,8118.8,8118.8,8071.0,429.0,695172320.0,4194
2015-05-11 09:18:08,IC1506,IC1506,8089.6,1.0,1617920.0,-1.0,1,8084.0,8088.8,1,8085.0,8118.8,8118.8,8071.0,430.0,696790240.0,4193
2015-05-11 09:18:08,IC1506,IC1506,8089.6,0.0,0.0,0.0,1,8085.4,8089.0,1,8085.0,8118.8,8118.8,8071.0,430.0,696790240.0,4193
2015-05-11 09:18:09,IC1506,IC1506,8089.0,1.0,1617800.0,0.0,1,8085.4,8088.6,1,8085.0,8118.8,8118.8,8071.0,431.0,698408040.0,4193
2015-05-11 09:18:09,IC1506,IC1506,8089.0,0.0,0.0,0.0,1,8086.6,8089.0,1,8085.0,8118.8,8118.8,8071.0,431.0,698408040.0,4193
2015-05-11 09:18:10,IC1506,IC1506,8086.6,2.0,3235040.0,0.0,1,8085.4,8089.0,1,8085.0,8118.8,8118.8,8071.0,433.0,701643080.0,4193
2015-05-11 09:18:10,IC1506,IC1506,8089.0,1.0,1617800.0,0.0,1,8085.4,8090.0,1,8085.0,8118.8,8118.8,8071.0,434.0,703260880.0,4193
2015-05-11 09:18:11,IC1506,IC1506,8089.0,0.0,0.0,0.0,1,8085.4,8088.4,1,8085.0,8118.8,8118.8,8071.0,434.0,703260880.0,4193
2015-05-11 09:18:11,IC1506,IC1506,8085.4,2.0,3234280.0,2.0,1,8084.0,8085.4,2,8085.0,8118.8,8118.8,8071.0,436.0,706495160.0,4195
2015-05-11 09:18:12,IC1506,IC1506,8085.4,1.0,1617080.0,1.0,1,8084.0,8085.4,1,8085.0,8118.8,8118.8,8071.0,437.0,708112240.0,4196
2015-05-11 09:18:12,IC1506,IC1506,8085.4,1.0,1617080.0,0.0,2,8084.0,8088.4,1,8085.0,8118.8,8118.8,8071.0,438.0,709729320.0,4196
2015-05-11 09:18:13,IC1506,IC1506,8085.4,0.0,0.0,0.0,1,8085.0,8088.0,1,8085.0,8118.8,8118.8,8071.0,438.0,709729320.0,4196
2015-05-11 09:18:15,IC1506,IC1506,8085.4,0.0,0.0,0.0,1,8085.0,8085.4,1,8085.0,8118.8,8118.8,8071.0,438.0,709729320.0,4196
2015-05-11 09:18:15,IC1506,IC1506,8085.4,1.0,1617080.0,1.0,1,8085.0,8088.0,1,8085.0,8118.8,8118.8,8071.0,439.0,711346400.0,4197
2015-05-11 09:18:16,IC1506,IC1506,8085.4,0.0,0.0,0.0,2,8084.0,8088.0,1,8085.0,8118.8,8118.8,8071.0,439.0,711346400.0,4197
2015-05-11 09:18:16,IC1506,IC1506,8085.4,0.0,0.0,0.0,2,8084.0,8085.0,2,8085.0,8118.8,8118.8,8071.0,439.0,711346400.0,4197
2015-05-11 09:18:17,IC1506,IC1506,8085.4,2.0,3234160.0,2.0,2,8084.0,8086.0,1,8085.0,8118.8,8118.8,8071.0,441.0,714580560.0,4199
2015-05-11 09:18:17,IC1506,IC1506,8085.4,0.0,0.0,0.0,1,8084.0,8086.0,1,8085.0,8118.8,8118.8,8071.0,441.0,714580560.0,4199
2015-05-11 09:18:17,IC1506,IC1506,8085.4,0.0,0.0,0.0,2,8084.0,8086.0,1,8085.0,8118.8,8118.8,8071.0,441.0,714580560.0,4199
2015-05-11 09:18:17,IC1506,IC1506,8085.4,0.0,0.0,0.0,1,8084.0,8086.0,1,8085.0,8118.8,8118.8,8071.0,441.0,714580560.0,4199
2015-05-11 09:18:18,IC1506,IC1506,8085.4,0.0,0.0,0.0,1,8084.0,8085.8,6,8085.0,8118.8,8118.8,8071.0,441.0,714580560.0,4199
2015-05-11 09:18:18,IC1506,IC1506,8085.4,0.0,0.0,0.0,1,8084.0,8086.0,1,8085.0,8118.8,8118.8,8071.0,441.0,714580560.0,4199
2015-05-11 09:18:20,IC1506,IC1506,8085.4,0.0,0.0,0.0,1,8085.4,8086.0,1,8085.0,8118.8,8118.8,8071.0,441.0,714580560.0,4199
2015-05-11 09:18:20,IC1506,IC1506,8093.8,11.0,17796000.0,-6.0,1,8084.0,8095.6,1,8085.0,8118.8,8118.8,8071.0,452.0,732376560.0,4193
2015-05-11 09:18:21,IC1506,IC1506,8086.8,1.0,1617360.0,1.0,1,8084.0,8092.4,1,8085.0,8118.8,8118.8,8071.0,453.0,733993920.0,4194
2015-05-11 09:18:21,IC1506,IC1506,8086.8,0.0,0.0,0.0,1,8086.0,8089.4,1,8085.0,8118.8,8118.8,8071.0,453.0,733993920.0,4194
2015-05-11 09:18:21,IC1506,IC1506,8086.8,0.0,0.0,0.0,1,8084.0,8092.4,1,8085.0,8118.8,8118.8,8071.0,453.0,733993920.0,4194
2015-05-11 09:18:21,IC1506,IC1506,8086.8,0.0,0.0,0.0,1,8086.0,8089.4,1,8085.0,8118.8,8118.8,8071.0,453.0,733993920.0,4194
2015-05-11 09:18:22,IC1506,IC1506,8086.8,0.0,0.0,0.0,1,8086.6,8091.4,1,8085.0,8118.8,8118.8,8071.0,453.0,733993920.0,4194
2015-05-11 09:18:23,IC1506,IC1506,8086.8,0.0,0.0,0.0,1,8086.0,8089.6,1,8085.0,8118.8,8118.8,8071.0,453.0,733993920.0,4194
2015-05-11 09:18:23,IC1506,IC1506,8086.8,0.0,0.0,0.0,1,8086.0,8088.0,1,8085.0,8118.8,8118.8,8071.0,453.0,733993920.0,4194
2015-05-11 09:18:24,IC1506,IC1506,8088.0,1.0,1617600.0,1.0,1,8086.6,8091.4,1,8085.0,8118.8,8118.8,8071.0,454.0,735611520.0,4195
2015-05-11 09:18:24,IC1506,IC1506,8088.0,0.0,0.0,0.0,1,8089.4,8091.4,1,8085.0,8118.8,8118.8,8071.0,454.0,735611520.0,4195
2015-05-11 09:18:25,IC1506,IC1506,8088.8,1.0,1617760.0,0.0,1,8086.6,8091.4,1,8085.0,8118.8,8118.8,8071.0,455.0,737229280.0,4195
2015-05-11 09:18:25,IC1506,IC1506,8088.8,0.0,0.0,0.0,1,8087.0,8091.4,1,8085.0,8118.8,8118.8,8071.0,455.0,737229280.0,4195
2015-05-11 09:18:26,IC1506,IC1506,8088.8,0.0,0.0,0.0,50,8088.0,8089.0,1,8085.0,8118.8,8118.8,8071.0,455.0,737229280.0,4195
2015-05-11 09:18:26,IC1506,IC1506,8088.8,0.0,0.0,0.0,1,8089.0,8091.4,1,8085.0,8118.8,8118.8,8071.0,455.0,737229280.0,4195
2015-05-11 09:18:27,IC1506,IC1506,8088.8,1.0,1617760.0,0.0,50,8088.0,8091.4,1,8085.0,8118.8,8118.8,8071.0,456.0,738847040.0,4195
2015-05-11 09:18:27,IC1506,IC1506,8088.8,0.0,0.0,0.0,50,8088.0,8090.6,1,8085.0,8118.8,8118.8,8071.0,456.0,738847040.0,4195
2015-05-11 09:18:28,IC1506,IC1506,8088.0,2.0,3235200.0,-2.0,48,8088.0,8089.6,1,8085.0,8118.8,8118.8,8071.0,458.0,742082240.0,4193
2015-05-11 09:18:28,IC1506,IC1506,8088.0,0.0,0.0,0.0,48,8088.0,8090.6,1,8085.0,8118.8,8118.8,8071.0,458.0,742082240.0,4193
2015-05-11 09:18:29,IC1506,IC1506,8088.0,0.0,0.0,0.0,48,8088.0,8089.8,1,8085.0,8118.8,8118.8,8071.0,458.0,742082240.0,4193
2015-05-11 09:18:29,IC1506,IC1506,8088.0,2.0,3235200.0,-2.0,46,8088.0,8089.8,1,8085.0,8118.8,8118.8,8071.0,460.0,745317440.0,4191
2015-05-11 09:18:31,IC1506,IC1506,8088.0,5.0,8088000.0,-3.0,49,8088.0,8089.8,1,8085.0,8118.8,8118.8,8071.0,465.0,753405440.0,4188
2015-05-11 09:18:31,IC1506,IC1506,8088.0,1.0,1617600.0,-1.0,48,8088.0,8089.6,6,8085.0,8118.8,8118.8,8071.0,466.0,755023040.0,4187
2015-05-11 09:18:32,IC1506,IC1506,8088.0,0.0,0.0,0.0,48,8088.0,8089.8,1,8085.0,8118.8,8118.8,8071.0,466.0,755023040.0,4187
2015-05-11 09:18:32,IC1506,IC1506,8088.0,7.0,11323200.0,-5.0,41,8088.0,8089.2,1,8085.0,8118.8,8118.8,8071.0,473.0,766346240.0,4182
2015-05-11 09:18:33,IC1506,IC1506,8088.0,0.0,0.0,0.0,41,8088.0,8089.6,1,8085.0,8118.8,8118.8,8071.0,473.0,766346240.0,4182
2015-05-11 09:18:34,IC1506,IC1506,8088.0,2.0,3235200.0,-2.0,39,8088.0,8089.2,1,8085.0,8118.8,8118.8,8071.0,475.0,769581440.0,4180
2015-05-11 09:18:34,IC1506,IC1506,8088.0,1.0,1617600.0,-1.0,38,8088.0,8089.6,1,8085.0,8118.8,8118.8,8071.0,476.0,771199040.0,4179
2015-05-11 09:18:35,IC1506,IC1506,8088.0,1.0,1617600.0,-1.0,37,8088.0,8089.6,1,8085.0,8118.8,8118.8,8071.0,477.0,772816640.0,4178
2015-05-11 09:18:37,IC1506,IC1506,8088.0,1.0,1617600.0,0.0,36,8088.0,8089.6,2,8085.0,8118.8,8118.8,8071.0,478.0,774434240.0,4178
2015-05-11 09:18:38,IC1506,IC1506,8088.0,0.0,0.0,0.0,36,8088.0,8089.6,1,8085.0,8118.8,8118.8,8071.0,478.0,774434240.0,4178
2015-05-11 09:18:39,IC1506,IC1506,8088.0,0.0,0.0,0.0,1,8088.2,8089.6,1,8085.0,8118.8,8118.8,8071.0,478.0,774434240.0,4178
2015-05-11 09:18:39,IC1506,IC1506,8089.6,1.0,1617920.0,0.0,2,8088.2,8091.4,1,8085.0,8118.8,8118.8,8071.0,479.0,776052160.0,4178
2015-05-11 09:18:40,IC1506,IC1506,8089.6,0.0,0.0,0.0,1,8088.2,8091.4,1,8085.0,8118.8,8118.8,8071.0,479.0,776052160.0,4178
2015-05-11 09:18:40,IC1506,IC1506,8089.6,0.0,0.0,0.0,1,8089.2,8092.4,1,8085.0,8118.8,8118.8,8071.0,479.0,776052160.0,4178
2015-05-11 09:18:41,IC1506,IC1506,8089.6,0.0,0.0,0.0,1,8089.6,8092.4,1,8085.0,8118.8,8118.8,8071.0,479.0,776052160.0,4178
2015-05-11 09:18:41,IC1506,IC1506,8089.6,0.0,0.0,0.0,1,8089.8,8093.4,1,8085.0,8118.8,8118.8,8071.0,479.0,776052160.0,4178
2015-05-11 09:18:42,IC1506,IC1506,8093.4,1.0,1618680.0,0.0,1,8089.8,8095.6,1,8085.0,8118.8,8118.8,8071.0,480.0,777670840.0,4178
2015-05-11 09:18:42,IC1506,IC1506,8093.4,0.0,0.0,0.0,1,8089.8,8095.4,2,8085.0,8118.8,8118.8,8071.0,480.0,777670840.0,4178
2015-05-11 09:18:43,IC1506,IC1506,8093.4,0.0,0.0,0.0,1,8090.4,8094.2,1,8085.0,8118.8,8118.8,8071.0,480.0,777670840.0,4178
2015-05-11 09:18:43,IC1506,IC1506,8093.4,0.0,0.0,0.0,1,8090.4,8092.0,1,8085.0,8118.8,8118.8,8071.0,480.0,777670840.0,4178
2015-05-11 09:18:45,IC1506,IC1506,8093.4,0.0,0.0,0.0,1,8091.2,8092.0,1,8085.0,8118.8,8118.8,8071.0,480.0,777670840.0,4178
2015-05-11 09:18:46,IC1506,IC1506,8093.4,0.0,0.0,0.0,1,8090.8,8092.0,1,8085.0,8118.8,8118.8,8071.0,480.0,777670840.0,4178
2015-05-11 09:18:46,IC1506,IC1506,8093.4,0.0,0.0,0.0,1,8091.2,8092.0,1,8085.0,8118.8,8118.8,8071.0,480.0,777670840.0,4178
2015-05-11 09:18:47,IC1506,IC1506,8093.4,0.0,0.0,0.0,1,8090.8,8092.0,1,8085.0,8118.8,8118.8,8071.0,480.0,777670840.0,4178
2015-05-11 09:18:47,IC1506,IC1506,8093.4,0.0,0.0,0.0,1,8090.8,8091.0,1,8085.0,8118.8,8118.8,8071.0,480.0,777670840.0,4178
2015-05-11 09:18:48,IC1506,IC1506,8092.0,2.0,3236800.0,1.0,1,8090.8,8094.0,1,8085.0,8118.8,8118.8,8071.0,482.0,780907640.0,4179
2015-05-11 09:18:48,IC1506,IC1506,8092.0,0.0,0.0,0.0,1,8090.8,8093.8,6,8085.0,8118.8,8118.8,8071.0,482.0,780907640.0,4179
2015-05-11 09:18:49,IC1506,IC1506,8092.0,0.0,0.0,0.0,1,8090.8,8093.0,1,8085.0,8118.8,8118.8,8071.0,482.0,780907640.0,4179
2015-05-11 09:18:49,IC1506,IC1506,8092.0,0.0,0.0,0.0,1,8091.0,8093.0,1,8085.0,8118.8,8118.8,8071.0,482.0,780907640.0,4179
2015-05-11 09:18:50,IC1506,IC1506,8092.0,0.0,0.0,0.0,1,8091.0,8094.4,1,8085.0,8118.8,8118.8,8071.0,482.0,780907640.0,4179
2015-05-11 09:18:50,IC1506,IC1506,8094.4,1.0,1618880.0,-1.0,1,8091.6,8095.0,1,8085.0,8118.8,8118.8,8071.0,483.0,782526520.0,4178
2015-05-11 09:18:51,IC1506,IC1506,8094.4,0.0,0.0,0.0,1,8091.6,8093.8,1,8085.0,8118.8,8118.8,8071.0,483.0,782526520.0,4178
2015-05-11 09:18:51,IC1506,IC1506,8094.4,0.0,0.0,0.0,1,8091.6,8094.2,1,8085.0,8118.8,8118.8,8071.0,483.0,782526520.0,4178
2015-05-11 09:18:52,IC1506,IC1506,8094.4,0.0,0.0,0.0,1,8092.0,8094.2,1,8085.0,8118.8,8118.8,8071.0,483.0,782526520.0,4178
2015-05-11 09:18:53,IC1506,IC1506,8094.4,0.0,0.0,0.0,1,8092.0,8095.4,1,8085.0,8118.8,8118.8,8071.0,483.0,782526520.0,4178
2015-05-11 09:18:53,IC1506,IC1506,8094.4,0.0,0.0,0.0,1,8093.0,8095.4,1,8085.0,8118.8,8118.8,8071.0,483.0,782526520.0,4178
2015-05-11 09:18:57,IC1506,IC1506,8094.4,0.0,0.0,0.0,1,8093.2,8095.4,1,8085.0,8118.8,8118.8,8071.0,483.0,782526520.0,4178
2015-05-11 09:18:59,IC1506,IC1506,8094.4,0.0,0.0,0.0,1,8094.2,8095.4,1,8085.0,8118.8,8118.8,8071.0,483.0,782526520.0,4178
2015-05-11 09:18:59,IC1506,IC1506,8095.4,1.0,1619080.0,1.0,1,8094.2,8096.0,1,8085.0,8118.8,8118.8,8071.0,484.0,784145600.0,4179
2015-05-11 09:19:00,IC1506,IC1506,8095.4,0.0,0.0,0.0,1,8094.2,8095.2,1,8085.0,8118.8,8118.8,8071.0,484.0,784145600.0,4179
2015-05-11 09:19:00,IC1506,IC1506,8096.0,2.0,3238280.0,1.0,1,8094.2,8096.8,1,8085.0,8118.8,8118.8,8071.0,486.0,787383880.0,4180
2015-05-11 09:19:01,IC1506,IC1506,8096.0,0.0,0.0,0.0,1,8095.8,8096.8,1,8085.0,8118.8,8118.8,8071.0,486.0,787383880.0,4180
2015-05-11 09:19:01,IC1506,IC1506,8096.0,0.0,0.0,0.0,1,8095.4,8096.8,1,8085.0,8118.8,8118.8,8071.0,486.0,787383880.0,4180
2015-05-11 09:19:02,IC1506,IC1506,8096.0,0.0,0.0,0.0,1,8096.2,8096.8,1,8085.0,8118.8,8118.8,8071.0,486.0,787383880.0,4180
2015-05-11 09:19:02,IC1506,IC1506,8096.8,1.0,1619360.0,0.0,1,8095.4,8098.8,1,8085.0,8118.8,8118.8,8071.0,487.0,789003240.0,4180
2015-05-11 09:19:03,IC1506,IC1506,8096.8,0.0,0.0,0.0,1,8095.4,8098.6,6,8085.0,8118.8,8118.8,8071.0,487.0,789003240.0,4180
2015-05-11 09:19:04,IC1506,IC1506,8096.8,0.0,0.0,0.0,1,8095.4,8096.2,8,8085.0,8118.8,8118.8,8071.0,487.0,789003240.0,4180
2015-05-11 09:19:04,IC1506,IC1506,8096.2,9.0,14573000.0,8.0,2,8096.8,8097.8,1,8085.0,8118.8,8118.8,8071.0,496.0,803576240.0,4188
2015-05-11 09:19:05,IC1506,IC1506,8096.8,2.0,3238720.0,0.0,1,8093.6,8097.8,1,8085.0,8118.8,8118.8,8071.0,498.0,806814960.0,4188
2015-05-11 09:19:05,IC1506,IC1506,8096.8,0.0,0.0,0.0,2,8097.8,8098.0,1,8085.0,8118.8,8118.8,8071.0,498.0,806814960.0,4188
2015-05-11 09:19:06,IC1506,IC1506,8097.8,2.0,3239120.0,2.0,1,8093.6,8098.2,1,8085.0,8118.8,8118.8,8071.0,500.0,810054080.0,4190
2015-05-11 09:19:06,IC1506,IC1506,8097.8,0.0,0.0,0.0,1,8094.4,8097.8,1,8085.0,8118.8,8118.8,8071.0,500.0,810054080.0,4190
2015-05-11 09:19:07,IC1506,IC1506,8097.8,0.0,0.0,0.0,1,8094.4,8098.2,1,8085.0,8118.8,8118.8,8071.0,500.0,810054080.0,4190
2015-05-11 09:19:07,IC1506,IC1506,8097.8,2.0,3239120.0,-1.0,1,8094.4,8098.0,1,8085.0,8118.8,8118.8,8071.0,502.0,813293200.0,4189
2015-05-11 09:19:08,IC1506,IC1506,8097.8,2.0,3239120.0,-1.0,1,8093.6,8098.0,1,8085.0,8118.8,8118.8,8071.0,504.0,816532320.0,4188
2015-05-11 09:19:08,IC1506,IC1506,8100.0,4.0,6479160.0,-1.0,1,8094.2,8095.4,1,8085.0,8118.8,8118.8,8071.0,508.0,823011480.0,4187
2015-05-11 09:19:09,IC1506,IC1506,8096.6,1.0,1619320.0,1.0,1,8094.2,8100.0,10,8085.0,8118.8,8118.8,8071.0,509.0,824630800.0,4188
2015-05-11 09:19:09,IC1506,IC1506,8096.6,0.0,0.0,0.0,1,8098.0,8100.0,10,8085.0,8118.8,8118.8,8071.0,509.0,824630800.0,4188
2015-05-11 09:19:10,IC1506,IC1506,8097.6,1.0,1619520.0,1.0,1,8094.4,8095.0,1,8085.0,8118.8,8118.8,8071.0,510.0,826250320.0,4189
2015-05-11 09:19:10,IC1506,IC1506,8094.6,2.0,3238120.0,1.0,1,8094.2,8100.0,10,8085.0,8118.8,8118.8,8071.0,512.0,829488440.0,4190
2015-05-11 09:19:11,IC1506,IC1506,8094.6,0.0,0.0,0.0,2,8095.4,8100.0,10,8085.0,8118.8,8118.8,8071.0,512.0,829488440.0,4190
2015-05-11 09:19:11,IC1506,IC1506,8094.6,0.0,0.0,0.0,1,8096.4,8100.0,10,8085.0,8118.8,8118.8,8071.0,512.0,829488440.0,4190
2015-05-11 09:19:12,IC1506,IC1506,8096.4,1.0,1619280.0,0.0,2,8095.4,8100.0,10,8085.0,8118.8,8118.8,8071.0,513.0,831107720.0,4190
2015-05-11 09:19:12,IC1506,IC1506,8096.4,0.0,0.0,0.0,1,8095.8,8100.0,10,8085.0,8118.8,8118.8,8071.0,513.0,831107720.0,4190
2015-05-11 09:19:13,IC1506,IC1506,8096.4,0.0,0.0,0.0,1,8095.8,8099.6,1,8085.0,8118.8,8118.8,8071.0,513.0,831107720.0,4190
2015-05-11 09:19:13,IC1506,IC1506,8096.4,0.0,0.0,0.0,2,8095.4,8099.6,1,8085.0,8118.8,8118.8,8071.0,513.0,831107720.0,4190
2015-05-11 09:19:14,IC1506,IC1506,8096.4,0.0,0.0,0.0,2,8095.4,8100.0,10,8085.0,8118.8,8118.8,8071.0,513.0,831107720.0,4190
2015-05-11 09:19:14,IC1506,IC1506,8096.4,0.0,0.0,0.0,1,8095.6,8100.0,10,8085.0,8118.8,8118.8,8071.0,513.0,831107720.0,4190
2015-05-11 09:19:15,IC1506,IC1506,8095.4,1.0,1619080.0,0.0,1,8095.4,8099.8,5,8085.0,8118.8,8118.8,8071.0,514.0,832726800.0,4190
2015-05-11 09:19:15,IC1506,IC1506,8095.4,0.0,0.0,0.0,1,8096.0,8100.0,10,8085.0,8118.8,8118.8,8071.0,514.0,832726800.0,4190
2015-05-11 09:19:16,IC1506,IC1506,8099.8,1.0,1619960.0,1.0,1,8096.0,8100.0,10,8085.0,8118.8,8118.8,8071.0,515.0,834346760.0,4191
2015-05-11 09:19:16,IC1506,IC1506,8099.8,0.0,0.0,0.0,2,8099.8,8100.0,10,8085.0,8118.8,8118.8,8071.0,515.0,834346760.0,4191
2015-05-11 09:19:17,IC1506,IC1506,8099.8,3.0,4859880.0,-1.0,9,8095.4,8099.8,1,8085.0,8118.8,8118.8,8071.0,518.0,839206640.0,4190
2015-05-11 09:19:17,IC1506,IC1506,8099.8,0.0,0.0,0.0,1,8099.6,8100.0,10,8085.0,8118.8,8118.8,8071.0,518.0,839206640.0,4190
2015-05-11 09:19:19,IC1506,IC1506,8099.6,1.0,1619920.0,0.0,10,8095.4,8099.6,4,8085.0,8118.8,8118.8,8071.0,519.0,840826560.0,4190
2015-05-11 09:19:19,IC1506,IC1506,8099.6,0.0,0.0,0.0,9,8095.4,8099.6,1,8085.0,8118.8,8118.8,8071.0,519.0,840826560.0,4190
2015-05-11 09:19:20,IC1506,IC1506,8099.6,0.0,0.0,0.0,9,8095.4,8100.0,10,8085.0,8118.8,8118.8,8071.0,519.0,840826560.0,4190
2015-05-11 09:19:20,IC1506,IC1506,8099.6,0.0,0.0,0.0,10,8095.4,8100.0,10,8085.0,8118.8,8118.8,8071.0,519.0,840826560.0,4190
2015-05-11 09:19:21,IC1506,IC1506,8099.6,0.0,0.0,0.0,1,8095.8,8098.0,20,8085.0,8118.8,8118.8,8071.0,519.0,840826560.0,4190
2015-05-11 09:19:21,IC1506,IC1506,8099.6,0.0,0.0,0.0,10,8095.4,8095.8,2,8085.0,8118.8,8118.8,8071.0,519.0,840826560.0,4190
2015-05-11 09:19:22,IC1506,IC1506,8096.6,1.0,1619320.0,0.0,10,8095.4,8095.8,1,8085.0,8118.8,8118.8,8071.0,520.0,842445880.0,4190
2015-05-11 09:19:22,IC1506,IC1506,8095.8,1.0,1619160.0,0.0,1,8095.8,8098.0,20,8085.0,8118.8,8118.8,8071.0,521.0,844065040.0,4190
2015-05-11 09:19:23,IC1506,IC1506,8095.4,2.0,3238160.0,1.0,8,8095.4,8098.0,20,8085.0,8118.8,8118.8,8071.0,523.0,847303200.0,4191
2015-05-11 09:19:23,IC1506,IC1506,8095.4,0.0,0.0,0.0,1,8095.6,8098.0,20,8085.0,8118.8,8118.8,8071.0,523.0,847303200.0,4191
2015-05-11 09:19:24,IC1506,IC1506,8095.4,1.0,1619080.0,0.0,7,8095.4,8098.0,20,8085.0,8118.8,8118.8,8071.0,524.0,848922280.0,4191
2015-05-11 09:19:25,IC1506,IC1506,8098.0,1.0,1619600.0,0.0,7,8095.4,8098.0,19,8085.0,8118.8,8118.8,8071.0,525.0,850541880.0,4191
2015-05-11 09:19:25,IC1506,IC1506,8098.0,0.0,0.0,0.0,3,8095.6,8098.0,19,8085.0,8118.8,8118.8,8071.0,525.0,850541880.0,4191
2015-05-11 09:19:26,IC1506,IC1506,8098.0,0.0,0.0,0.0,7,8095.4,8098.0,19,8085.0,8118.8,8118.8,8071.0,525.0,850541880.0,4191
2015-05-11 09:19:26,IC1506,IC1506,8098.0,0.0,0.0,0.0,7,8095.4,8095.6,1,8085.0,8118.8,8118.8,8071.0,525.0,850541880.0,4191
2015-05-11 09:19:27,IC1506,IC1506,8095.4,1.0,1619080.0,0.0,6,8095.4,8095.6,1,8085.0,8118.8,8118.8,8071.0,526.0,852160960.0,4191
2015-05-11 09:19:27,IC1506,IC1506,8095.6,1.0,1619120.0,-1.0,6,8095.4,8098.0,19,8085.0,8118.8,8118.8,8071.0,527.0,853780080.0,4190
2015-05-11 09:19:29,IC1506,IC1506,8095.6,0.0,0.0,0.0,6,8095.4,8097.8,1,8085.0,8118.8,8118.8,8071.0,527.0,853780080.0,4190
2015-05-11 09:19:29,IC1506,IC1506,8095.6,0.0,0.0,0.0,1,8095.8,8097.8,1,8085.0,8118.8,8118.8,8071.0,527.0,853780080.0,4190
2015-05-11 09:19:30,IC1506,IC1506,8095.8,1.0,1619160.0,0.0,1,8095.6,8097.8,1,8085.0,8118.8,8118.8,8071.0,528.0,855399240.0,4190
2015-05-11 09:19:31,IC1506,IC1506,8095.6,1.0,1619120.0,-1.0,7,8095.4,8096.8,1,8085.0,8118.8,8118.8,8071.0,529.0,857018360.0,4189
2015-05-11 09:19:32,IC1506,IC1506,8096.8,1.0,1619360.0,0.0,7,8095.4,8097.8,1,8085.0,8118.8,8118.8,8071.0,530.0,858637720.0,4189
2015-05-11 09:19:33,IC1506,IC1506,8096.8,0.0,0.0,0.0,1,8095.6,8097.8,1,8085.0,8118.8,8118.8,8071.0,530.0,858637720.0,4189
2015-05-11 09:19:33,IC1506,IC1506,8096.8,0.0,0.0,0.0,6,8095.4,8100.0,11,8085.0,8118.8,8118.8,8071.0,530.0,858637720.0,4189
2015-05-11 09:19:34,IC1506,IC1506,8096.8,0.0,0.0,0.0,6,8095.4,8099.8,5,8085.0,8118.8,8118.8,8071.0,530.0,858637720.0,4189
2015-05-11 09:19:34,IC1506,IC1506,8095.4,3.0,4857240.0,0.0,3,8095.4,8098.8,1,8085.0,8118.8,8118.8,8071.0,533.0,863494960.0,4189
2015-05-11 09:19:35,IC1506,IC1506,8095.4,0.0,0.0,0.0,2,8095.4,8100.0,11,8085.0,8118.8,8118.8,8071.0,533.0,863494960.0,4189
2015-05-11 09:19:35,IC1506,IC1506,8095.4,0.0,0.0,0.0,2,8095.4,8098.8,1,8085.0,8118.8,8118.8,8071.0,533.0,863494960.0,4189
2015-05-11 09:19:36,IC1506,IC1506,8095.4,0.0,0.0,0.0,1,8096.0,8098.8,1,8085.0,8118.8,8118.8,8071.0,533.0,863494960.0,4189
2015-05-11 09:19:37,IC1506,IC1506,8095.6,3.0,4857360.0,0.0,2,8095.4,8098.8,1,8085.0,8118.8,8118.8,8071.0,536.0,868352320.0,4189
2015-05-11 09:19:38,IC1506,IC1506,8095.6,0.0,0.0,0.0,1,8096.0,8098.8,1,8085.0,8118.8,8118.8,8071.0,536.0,868352320.0,4189
2015-05-11 09:19:38,IC1506,IC1506,8095.6,0.0,0.0,0.0,1,8096.0,8098.0,4,8085.0,8118.8,8118.8,8071.0,536.0,868352320.0,4189
2015-05-11 09:19:39,IC1506,IC1506,8098.0,3.0,4858800.0,0.0,1,8096.0,8098.0,1,8085.0,8118.8,8118.8,8071.0,539.0,873211120.0,4189
2015-05-11 09:19:39,IC1506,IC1506,8098.0,0.0,0.0,0.0,2,8095.4,8098.0,1,8085.0,8118.8,8118.8,8071.0,539.0,873211120.0,4189
2015-05-11 09:19:41,IC1506,IC1506,8098.0,0.0,0.0,0.0,2,8095.4,8096.0,1,8085.0,8118.8,8118.8,8071.0,539.0,873211120.0,4189
2015-05-11 09:19:44,IC1506,IC1506,8098.0,0.0,0.0,0.0,1,8095.6,8096.0,1,8085.0,8118.8,8118.8,8071.0,539.0,873211120.0,4189
2015-05-11 09:19:44,IC1506,IC1506,8098.0,1.0,1619600.0,-1.0,2,8095.4,8098.0,1,8085.0,8118.8,8118.8,8071.0,540.0,874830720.0,4188
2015-05-11 09:19:45,IC1506,IC1506,8095.4,2.0,3238160.0,0.0,10,8095.0,8095.4,8,8085.0,8118.8,8118.8,8071.0,542.0,878068880.0,4188
2015-05-11 09:19:46,IC1506,IC1506,8095.4,8.0,12952640.0,-1.0,10,8095.0,8098.0,1,8085.0,8118.8,8118.8,8071.0,550.0,891021520.0,4187
2015-05-11 09:19:46,IC1506,IC1506,8095.4,0.0,0.0,0.0,10,8095.0,8095.8,1,8085.0,8118.8,8118.8,8071.0,550.0,891021520.0,4187
2015-05-11 09:19:47,IC1506,IC1506,8095.4,0.0,0.0,0.0,1,8095.4,8098.0,1,8085.0,8118.8,8118.8,8071.0,550.0,891021520.0,4187
2015-05-11 09:19:48,IC1506,IC1506,8095.4,0.0,0.0,0.0,1,8095.4,8097.6,1,8085.0,8118.8,8118.8,8071.0,550.0,891021520.0,4187
2015-05-11 09:19:48,IC1506,IC1506,8095.4,0.0,0.0,0.0,1,8095.4,8097.0,1,8085.0,8118.8,8118.8,8071.0,550.0,891021520.0,4187
2015-05-11 09:19:50,IC1506,IC1506,8095.4,0.0,0.0,0.0,1,8095.4,8097.6,1,8085.0,8118.8,8118.8,8071.0,550.0,891021520.0,4187
2015-05-11 09:19:51,IC1506,IC1506,8095.4,0.0,0.0,0.0,1,8095.4,8097.2,1,8085.0,8118.8,8118.8,8071.0,550.0,891021520.0,4187
2015-05-11 09:19:51,IC1506,IC1506,8095.4,1.0,1619080.0,1.0,10,8095.0,8095.6,1,8085.0,8118.8,8118.8,8071.0,551.0,892640600.0,4188
2015-05-11 09:19:53,IC1506,IC1506,8095.6,1.0,1619120.0,0.0,10,8095.0,8097.6,1,8085.0,8118.8,8118.8,8071.0,552.0,894259720.0,4188
2015-05-11 09:19:53,IC1506,IC1506,8095.6,0.0,0.0,0.0,10,8095.0,8097.4,6,8085.0,8118.8,8118.8,8071.0,552.0,894259720.0,4188
2015-05-11 09:19:54,IC1506,IC1506,8095.6,0.0,0.0,0.0,10,8095.0,8096.8,1,8085.0,8118.8,8118.8,8071.0,552.0,894259720.0,4188
2015-05-11 09:19:56,IC1506,IC1506,8095.6,0.0,0.0,0.0,10,8095.0,8096.2,1,8085.0,8118.8,8118.8,8071.0,552.0,894259720.0,4188
2015-05-11 09:19:56,IC1506,IC1506,8095.6,0.0,0.0,0.0,10,8095.0,8096.8,1,8085.0,8118.8,8118.8,8071.0,552.0,894259720.0,4188
2015-05-11 09:19:57,IC1506,IC1506,8095.6,0.0,0.0,0.0,10,8095.0,8096.2,1,8085.0,8118.8,8118.8,8071.0,552.0,894259720.0,4188
2015-05-11 09:19:57,IC1506,IC1506,8095.6,0.0,0.0,0.0,10,8095.0,8096.8,1,8085.0,8118.8,8118.8,8071.0,552.0,894259720.0,4188
2015-05-11 09:19:59,IC1506,IC1506,8095.6,0.0,0.0,0.0,1,8096.2,8096.8,1,8085.0,8118.8,8118.8,8071.0,552.0,894259720.0,4188
2015-05-11 09:19:59,IC1506,IC1506,8095.6,0.0,0.0,0.0,2,8096.2,8096.8,1,8085.0,8118.8,8118.8,8071.0,552.0,894259720.0,4188
2015-05-11 09:20:00,IC1506,IC1506,8095.6,0.0,0.0,0.0,2,8096.2,8096.8,2,8085.0,8118.8,8118.8,8071.0,552.0,894259720.0,4188
2015-05-11 09:20:01,IC1506,IC1506,8096.8,2.0,3238720.0,0.0,2,8096.2,8097.0,1,8085.0,8118.8,8118.8,8071.0,554.0,897498440.0,4188
2015-05-11 09:20:01,IC1506,IC1506,8095.0,10.0,16190480.0,0.0,2,8095.0,8097.0,1,8085.0,8118.8,8118.8,8071.0,564.0,913688920.0,4188
2015-05-11 09:20:02,IC1506,IC1506,8095.0,0.0,0.0,0.0,1,8095.2,8097.0,1,8085.0,8118.8,8118.8,8071.0,564.0,913688920.0,4188
2015-05-11 09:20:03,IC1506,IC1506,8095.0,0.0,0.0,0.0,2,8095.0,8097.0,1,8085.0,8118.8,8118.8,8071.0,564.0,913688920.0,4188
2015-05-11 09:20:06,IC1506,IC1506,8095.0,0.0,0.0,0.0,1,8095.8,8097.0,1,8085.0,8118.8,8118.8,8071.0,564.0,913688920.0,4188
2015-05-11 09:20:08,IC1506,IC1506,8097.6,2.0,3238920.0,1.0,1,8095.8,8099.6,1,8085.0,8118.8,8118.8,8071.0,566.0,916927840.0,4189
2015-05-11 09:20:09,IC1506,IC1506,8097.6,0.0,0.0,0.0,2,8095.0,8099.6,1,8085.0,8118.8,8118.8,8071.0,566.0,916927840.0,4189
2015-05-11 09:20:09,IC1506,IC1506,8097.6,0.0,0.0,0.0,3,8095.0,8099.6,1,8085.0,8118.8,8118.8,8071.0,566.0,916927840.0,4189
2015-05-11 09:20:10,IC1506,IC1506,8097.6,0.0,0.0,0.0,1,8097.2,8099.6,1,8085.0,8118.8,8118.8,8071.0,566.0,916927840.0,4189
2015-05-11 09:20:11,IC1506,IC1506,8097.2,1.0,1619440.0,1.0,1,8095.2,8099.6,1,8085.0,8118.8,8118.8,8071.0,567.0,918547280.0,4190
2015-05-11 09:20:11,IC1506,IC1506,8097.2,1.0,1619440.0,0.0,1,8096.0,8099.6,1,8085.0,8118.8,8118.8,8071.0,568.0,920166720.0,4190
2015-05-11 09:20:12,IC1506,IC1506,8097.2,0.0,0.0,0.0,1,8096.0,8100.0,14,8085.0,8118.8,8118.8,8071.0,568.0,920166720.0,4190
2015-05-11 09:20:12,IC1506,IC1506,8097.2,0.0,0.0,0.0,1,8096.2,8100.0,14,8085.0,8118.8,8118.8,8071.0,568.0,920166720.0,4190
2015-05-11 09:20:14,IC1506,IC1506,8097.2,0.0,0.0,0.0,1,8097.4,8100.0,15,8085.0,8118.8,8118.8,8071.0,568.0,920166720.0,4190
2015-05-11 09:20:15,IC1506,IC1506,8097.2,0.0,0.0,0.0,1,8096.8,8100.0,15,8085.0,8118.8,8118.8,8071.0,568.0,920166720.0,4190
2015-05-11 09:20:16,IC1506,IC1506,8097.2,0.0,0.0,0.0,1,8096.8,8099.8,7,8085.0,8118.8,8118.8,8071.0,568.0,920166720.0,4190
2015-05-11 09:20:16,IC1506,IC1506,8098.8,1.0,1619760.0,0.0,3,8095.0,8099.8,1,8085.0,8118.8,8118.8,8071.0,569.0,921786480.0,4190
2015-05-11 09:20:17,IC1506,IC1506,8098.8,1.0,1619760.0,-1.0,1,8095.6,8099.0,1,8085.0,8118.8,8118.8,8071.0,570.0,923406240.0,4189
2015-05-11 09:20:17,IC1506,IC1506,8098.8,0.0,0.0,0.0,1,8095.6,8099.0,7,8085.0,8118.8,8118.8,8071.0,570.0,923406240.0,4189
2015-05-11 09:20:18,IC1506,IC1506,8098.8,0.0,0.0,0.0,1,8095.6,8099.0,6,8085.0,8118.8,8118.8,8071.0,570.0,923406240.0,4189
2015-05-11 09:20:18,IC1506,IC1506,8099.0,2.0,3239600.0,-2.0,1,8095.6,8099.0,4,8085.0,8118.8,8118.8,8071.0,572.0,926645840.0,4187
2015-05-11 09:20:19,IC1506,IC1506,8099.0,5.0,8097920.0,1.0,1,8095.2,8098.8,1,8085.0,8118.8,8118.8,8071.0,577.0,934743760.0,4188
2015-05-11 09:20:19,IC1506,IC1506,8099.0,0.0,0.0,0.0,1,8095.2,8095.6,1,8085.0,8118.8,8118.8,8071.0,577.0,934743760.0,4188
2015-05-11 09:20:20,IC1506,IC1506,8096.6,1.0,1619320.0,1.0,1,8095.6,8098.8,1,8085.0,8118.8,8118.8,8071.0,578.0,936363080.0,4189
2015-05-11 09:20:21,IC1506,IC1506,8096.6,0.0,0.0,0.0,1,8096.2,8098.8,1,8085.0,8118.8,8118.8,8071.0,578.0,936363080.0,4189
2015-05-11 09:20:21,IC1506,IC1506,8096.6,0.0,0.0,0.0,1,8096.2,8099.0,1,8085.0,8118.8,8118.8,8071.0,578.0,936363080.0,4189
2015-05-11 09:20:22,IC1506,IC1506,8099.6,2.0,3239720.0,-2.0,1,8096.4,8100.0,16,8085.0,8118.8,8118.8,8071.0,580.0,939602800.0,4187
2015-05-11 09:20:22,IC1506,IC1506,8100.0,2.0,3240000.0,2.0,1,8098.0,8100.0,14,8085.0,8118.8,8118.8,8071.0,582.0,942842800.0,4189
2015-05-11 09:20:23,IC1506,IC1506,8100.0,6.0,9720000.0,4.0,1,8098.0,8100.0,8,8085.0,8118.8,8118.8,8071.0,588.0,952562800.0,4193
2015-05-11 09:20:23,IC1506,IC1506,8100.0,0.0,0.0,0.0,5,8099.0,8100.0,7,8085.0,8118.8,8118.8,8071.0,588.0,952562800.0,4193
2015-05-11 09:20:24,IC1506,IC1506,8100.0,7.0,11340000.0,0.0,56,8100.0,8100.6,1,8085.0,8118.8,8118.8,8071.0,595.0,963902800.0,4193
2015-05-11 09:20:24,IC1506,IC1506,8100.0,1.0,1620000.0,-1.0,55,8100.0,8101.2,1,8085.0,8118.8,8118.8,8071.0,596.0,965522800.0,4192
2015-05-11 09:20:25,IC1506,IC1506,8100.0,0.0,0.0,0.0,55,8100.0,8101.0,1,8085.0,8118.8,8118.8,8071.0,596.0,965522800.0,4192
2015-05-11 09:20:26,IC1506,IC1506,8100.0,0.0,0.0,0.0,1,8100.4,8101.2,1,8085.0,8118.8,8118.8,8071.0,596.0,965522800.0,4192
2015-05-11 09:20:27,IC1506,IC1506,8100.0,0.0,0.0,0.0,1,8100.6,8101.2,1,8085.0,8118.8,8118.8,8071.0,596.0,965522800.0,4192
2015-05-11 09:20:28,IC1506,IC1506,8101.2,1.0,1620240.0,1.0,1,8100.6,8103.8,1,8085.0,8118.8,8118.8,8071.0,597.0,967143040.0,4193
2015-05-11 09:20:28,IC1506,IC1506,8101.2,0.0,0.0,0.0,1,8100.6,8103.2,1,8085.0,8118.8,8118.8,8071.0,597.0,967143040.0,4193
2015-05-11 09:20:29,IC1506,IC1506,8101.2,0.0,0.0,0.0,1,8100.6,8102.2,1,8085.0,8118.8,8118.8,8071.0,597.0,967143040.0,4193
2015-05-11 09:20:30,IC1506,IC1506,8101.2,0.0,0.0,0.0,1,8100.6,8103.8,1,8085.0,8118.8,8118.8,8071.0,597.0,967143040.0,4193
2015-05-11 09:20:30,IC1506,IC1506,8101.2,0.0,0.0,0.0,1,8102.2,8103.8,1,8085.0,8118.8,8118.8,8071.0,597.0,967143040.0,4193
2015-05-11 09:20:33,IC1506,IC1506,8103.8,1.0,1620760.0,0.0,1,8102.2,8104.4,1,8085.0,8118.8,8118.8,8071.0,598.0,968763800.0,4193
2015-05-11 09:20:34,IC1506,IC1506,8103.8,0.0,0.0,0.0,1,8102.4,8104.4,1,8085.0,8118.8,8118.8,8071.0,598.0,968763800.0,4193
2015-05-11 09:20:35,IC1506,IC1506,8103.8,0.0,0.0,0.0,1,8103.0,8105.0,4,8085.0,8118.8,8118.8,8071.0,598.0,968763800.0,4193
2015-05-11 09:20:35,IC1506,IC1506,8105.0,1.0,1621000.0,1.0,1,8103.0,8105.0,3,8085.0,8118.8,8118.8,8071.0,599.0,970384800.0,4194
2015-05-11 09:20:36,IC1506,IC1506,8105.0,0.0,0.0,0.0,1,8103.2,8105.0,3,8085.0,8118.8,8118.8,8071.0,599.0,970384800.0,4194
2015-05-11 09:20:36,IC1506,IC1506,8105.0,1.0,1621000.0,1.0,1,8103.6,8105.0,2,8085.0,8118.8,8118.8,8071.0,600.0,972005800.0,4195
2015-05-11 09:20:37,IC1506,IC1506,8105.0,1.0,1621000.0,1.0,1,8103.0,8105.0,1,8085.0,8118.8,8118.8,8071.0,601.0,973626800.0,4196
2015-05-11 09:20:37,IC1506,IC1506,8105.0,0.0,0.0,0.0,1,8103.8,8105.0,1,8085.0,8118.8,8118.8,8071.0,601.0,973626800.0,4196
2015-05-11 09:20:39,IC1506,IC1506,8105.0,1.0,1621000.0,0.0,4,8105.0,8106.6,10,8085.0,8118.8,8118.8,8071.0,602.0,975247800.0,4196
2015-05-11 09:20:39,IC1506,IC1506,8106.6,2.0,3242640.0,0.0,1,8105.2,8106.6,8,8085.0,8118.8,8118.8,8071.0,604.0,978490440.0,4196
2015-05-11 09:20:40,IC1506,IC1506,8106.6,0.0,0.0,0.0,4,8105.0,8106.6,9,8085.0,8118.8,8118.8,8071.0,604.0,978490440.0,4196
2015-05-11 09:20:41,IC1506,IC1506,8106.6,0.0,0.0,0.0,4,8105.0,8105.8,1,8085.0,8118.8,8118.8,8071.0,604.0,978490440.0,4196
2015-05-11 09:20:41,IC1506,IC1506,8106.6,0.0,0.0,0.0,4,8105.0,8106.6,9,8085.0,8118.8,8118.8,8071.0,604.0,978490440.0,4196
2015-05-11 09:20:42,IC1506,IC1506,8106.6,0.0,0.0,0.0,4,8105.0,8106.6,8,8085.0,8118.8,8118.8,8071.0,604.0,978490440.0,4196
2015-05-11 09:20:42,IC1506,IC1506,8106.6,0.0,0.0,0.0,4,8105.0,8105.8,1,8085.0,8118.8,8118.8,8071.0,604.0,978490440.0,4196
2015-05-11 09:20:43,IC1506,IC1506,8105.0,4.0,6484000.0,0.0,1,8102.2,8105.8,1,8085.0,8118.8,8118.8,8071.0,608.0,984974440.0,4196
2015-05-11 09:20:44,IC1506,IC1506,8105.8,1.0,1621160.0,0.0,1,8106.0,8106.6,8,8085.0,8118.8,8118.8,8071.0,609.0,986595600.0,4196
2015-05-11 09:20:44,IC1506,IC1506,8105.8,1.0,1621160.0,0.0,1,8103.6,8106.6,8,8085.0,8118.8,8118.8,8071.0,610.0,988216760.0,4196
2015-05-11 09:20:45,IC1506,IC1506,8105.8,0.0,0.0,0.0,1,8102.2,8105.0,1,8085.0,8118.8,8118.8,8071.0,610.0,988216760.0,4196
2015-05-11 09:20:46,IC1506,IC1506,8105.8,0.0,0.0,0.0,1,8102.2,8105.0,2,8085.0,8118.8,8118.8,8071.0,610.0,988216760.0,4196
2015-05-11 09:20:46,IC1506,IC1506,8105.8,0.0,0.0,0.0,2,8103.6,8105.0,2,8085.0,8118.8,8118.8,8071.0,610.0,988216760.0,4196
2015-05-11 09:20:47,IC1506,IC1506,8105.4,1.0,1621080.0,0.0,2,8103.6,8105.0,2,8085.0,8118.8,8118.8,8071.0,611.0,989837840.0,4196
2015-05-11 09:20:48,IC1506,IC1506,8105.4,2.0,3242160.0,2.0,2,8103.6,8106.6,8,8085.0,8118.8,8118.8,8071.0,613.0,993080000.0,4198
2015-05-11 09:20:48,IC1506,IC1506,8105.4,0.0,0.0,0.0,1,8104.8,8106.6,8,8085.0,8118.8,8118.8,8071.0,613.0,993080000.0,4198
2015-05-11 09:20:49,IC1506,IC1506,8106.6,2.0,3242640.0,2.0,1,8104.8,8106.6,6,8085.0,8118.8,8118.8,8071.0,615.0,996322640.0,4200
2015-05-11 09:20:50,IC1506,IC1506,8106.6,1.0,1621320.0,1.0,1,8105.6,8106.6,5,8085.0,8118.8,8118.8,8071.0,616.0,997943960.0,4201
2015-05-11 09:20:50,IC1506,IC1506,8106.6,1.0,1621320.0,1.0,1,8105.6,8106.6,4,8085.0,8118.8,8118.8,8071.0,617.0,999565280.0,4202
2015-05-11 09:20:51,IC1506,IC1506,8106.6,1.0,1621320.0,1.0,1,8105.6,8106.6,3,8085.0,8118.8,8118.8,8071.0,618.0,1001186600.0,4203
2015-05-11 09:20:52,IC1506,IC1506,8106.6,3.0,4863960.0,-1.0,1,8105.6,8108.6,1,8085.0,8118.8,8118.8,8071.0,621.0,1006050560.0,4202
2015-05-11 09:20:52,IC1506,IC1506,8106.6,0.0,0.0,0.0,1,8106.8,8109.4,1,8085.0,8118.8,8118.8,8071.0,621.0,1006050560.0,4202
2015-05-11 09:20:53,IC1506,IC1506,8106.6,0.0,0.0,0.0,1,8106.8,8108.2,1,8085.0,8118.8,8118.8,8071.0,621.0,1006050560.0,4202
2015-05-11 09:20:54,IC1506,IC1506,8106.8,1.0,1621360.0,1.0,1,8105.6,8109.8,1,8085.0,8118.8,8118.8,8071.0,622.0,1007671920.0,4203
2015-05-11 09:20:54,IC1506,IC1506,8105.6,1.0,1621120.0,0.0,1,8104.8,8109.8,1,8085.0,8118.8,8118.8,8071.0,623.0,1009293040.0,4203
2015-05-11 09:20:55,IC1506,IC1506,8105.6,0.0,0.0,0.0,1,8105.8,8108.4,1,8085.0,8118.8,8118.8,8071.0,623.0,1009293040.0,4203
2015-05-11 09:20:56,IC1506,IC1506,8105.6,0.0,0.0,0.0,1,8105.8,8109.8,1,8085.0,8118.8,8118.8,8071.0,623.0,1009293040.0,4203
2015-05-11 09:20:57,IC1506,IC1506,8105.6,0.0,0.0,0.0,1,8106.6,8109.8,1,8085.0,8118.8,8118.8,8071.0,623.0,1009293040.0,4203
2015-05-11 09:20:57,IC1506,IC1506,8105.6,0.0,0.0,0.0,1,8107.0,8109.8,1,8085.0,8118.8,8118.8,8071.0,623.0,1009293040.0,4203
2015-05-11 09:20:58,IC1506,IC1506,8105.6,0.0,0.0,0.0,1,8106.6,8109.8,1,8085.0,8118.8,8118.8,8071.0,623.0,1009293040.0,4203
2015-05-11 09:21:00,IC1506,IC1506,8109.4,1.0,1621880.0,0.0,1,8106.6,8109.4,1,8085.0,8118.8,8118.8,8071.0,624.0,1010914920.0,4203
2015-05-11 09:21:00,IC1506,IC1506,8109.8,1.0,1621960.0,0.0,1,8107.2,8110.0,2,8085.0,8118.8,8118.8,8071.0,625.0,1012536880.0,4203
2015-05-11 09:21:01,IC1506,IC1506,8109.8,0.0,0.0,0.0,1,8106.8,8110.0,2,8085.0,8118.8,8118.8,8071.0,625.0,1012536880.0,4203
2015-05-11 09:21:01,IC1506,IC1506,8109.8,0.0,0.0,0.0,1,8107.0,8110.0,2,8085.0,8118.8,8118.8,8071.0,625.0,1012536880.0,4203
2015-05-11 09:21:01,IC1506,IC1506,8109.8,0.0,0.0,0.0,1,8106.8,8110.0,2,8085.0,8118.8,8118.8,8071.0,625.0,1012536880.0,4203
2015-05-11 09:21:01,IC1506,IC1506,8109.8,0.0,0.0,0.0,1,8107.0,8110.0,2,8085.0,8118.8,8118.8,8071.0,625.0,1012536880.0,4203
2015-05-11 09:21:02,IC1506,IC1506,8109.8,0.0,0.0,0.0,1,8107.6,8110.0,2,8085.0,8118.8,8118.8,8071.0,625.0,1012536880.0,4203
2015-05-11 09:21:03,IC1506,IC1506,8109.8,0.0,0.0,0.0,1,8107.8,8110.0,2,8085.0,8118.8,8118.8,8071.0,625.0,1012536880.0,4203
2015-05-11 09:21:04,IC1506,IC1506,8110.0,2.0,3244000.0,-1.0,1,8110.0,8110.4,1,8085.0,8118.8,8118.8,8071.0,627.0,1015780880.0,4202
2015-05-11 09:21:06,IC1506,IC1506,8110.0,1.0,1622000.0,1.0,2,8107.8,8110.0,5,8085.0,8118.8,8118.8,8071.0,628.0,1017402880.0,4203
2015-05-11 09:21:06,IC1506,IC1506,8110.0,0.0,0.0,0.0,1,8107.8,8110.0,1,8085.0,8118.8,8118.8,8071.0,628.0,1017402880.0,4203
2015-05-11 09:21:07,IC1506,IC1506,8110.0,0.0,0.0,0.0,1,8107.8,8110.4,1,8085.0,8118.8,8118.8,8071.0,628.0,1017402880.0,4203
2015-05-11 09:21:07,IC1506,IC1506,8110.0,0.0,0.0,0.0,1,8109.2,8110.4,1,8085.0,8118.8,8118.8,8071.0,628.0,1017402880.0,4203
2015-05-11 09:21:08,IC1506,IC1506,8110.4,1.0,1622080.0,0.0,1,8109.2,8110.6,2,8085.0,8118.8,8118.8,8071.0,629.0,1019024960.0,4203
2015-05-11 09:21:09,IC1506,IC1506,8110.4,0.0,0.0,0.0,1,8110.0,8110.6,2,8085.0,8118.8,8118.8,8071.0,629.0,1019024960.0,4203
2015-05-11 09:21:09,IC1506,IC1506,8110.0,1.0,1622000.0,-1.0,2,8107.8,8110.0,1,8085.0,8118.8,8118.8,8071.0,630.0,1020646960.0,4202
2015-05-11 09:21:10,IC1506,IC1506,8110.0,1.0,1622000.0,1.0,2,8107.8,8110.0,1,8085.0,8118.8,8118.8,8071.0,631.0,1022268960.0,4203
2015-05-11 09:21:10,IC1506,IC1506,8110.0,0.0,0.0,0.0,1,8108.2,8110.6,2,8085.0,8118.8,8118.8,8071.0,631.0,1022268960.0,4203
2015-05-11 09:21:11,IC1506,IC1506,8110.6,3.0,4866320.0,2.0,1,8110.6,8111.6,1,8085.0,8118.8,8118.8,8071.0,634.0,1027135280.0,4205
2015-05-11 09:21:12,IC1506,IC1506,8110.6,1.0,1622120.0,1.0,1,8108.8,8110.6,1,8085.0,8118.8,8118.8,8071.0,635.0,1028757400.0,4206
2015-05-11 09:21:12,IC1506,IC1506,8110.6,0.0,0.0,0.0,1,8110.0,8111.6,1,8085.0,8118.8,8118.8,8071.0,635.0,1028757400.0,4206
2015-05-11 09:21:13,IC1506,IC1506,8110.0,1.0,1622000.0,0.0,1,8107.8,8111.6,1,8085.0,8118.8,8118.8,8071.0,636.0,1030379400.0,4206
2015-05-11 09:21:13,IC1506,IC1506,8111.4,1.0,1622280.0,1.0,1,8107.8,8111.6,1,8085.0,8118.8,8118.8,8071.0,637.0,1032001680.0,4207
2015-05-11 09:21:14,IC1506,IC1506,8111.6,4.0,6489200.0,-4.0,1,8111.6,8112.2,1,8085.0,8118.8,8118.8,8071.0,641.0,1038490880.0,4203
2015-05-11 09:21:14,IC1506,IC1506,8111.6,3.0,4866960.0,-3.0,1,8107.8,8112.2,1,8085.0,8118.8,8118.8,8071.0,644.0,1043357840.0,4200
2015-05-11 09:21:15,IC1506,IC1506,8107.8,1.0,1621560.0,1.0,1,8107.8,8111.6,1,8085.0,8118.8,8118.8,8071.0,645.0,1044979400.0,4201
2015-05-11 09:21:15,IC1506,IC1506,8107.8,0.0,0.0,0.0,1,8111.6,8112.2,1,8085.0,8118.8,8118.8,8071.0,645.0,1044979400.0,4201
2015-05-11 09:21:16,IC1506,IC1506,8107.8,2.0,3243120.0,-1.0,1,8107.0,8111.0,1,8085.0,8118.8,8118.8,8071.0,647.0,1048222520.0,4200
2015-05-11 09:21:17,IC1506,IC1506,8107.8,0.0,0.0,0.0,1,8107.8,8111.0,1,8085.0,8118.8,8118.8,8071.0,647.0,1048222520.0,4200
2015-05-11 09:21:17,IC1506,IC1506,8107.8,0.0,0.0,0.0,1,8107.0,8110.4,1,8085.0,8118.8,8118.8,8071.0,647.0,1048222520.0,4200
2015-05-11 09:21:18,IC1506,IC1506,8107.8,0.0,0.0,0.0,1,8107.0,8109.6,1,8085.0,8118.8,8118.8,8071.0,647.0,1048222520.0,4200
2015-05-11 09:21:19,IC1506,IC1506,8113.0,4.0,6489320.0,0.0,1,8107.0,8114.0,11,8085.0,8118.8,8118.8,8071.0,651.0,1054711840.0,4200
2015-05-11 09:21:19,IC1506,IC1506,8113.0,0.0,0.0,0.0,2,8107.0,8110.2,1,8085.0,8118.8,8118.8,8071.0,651.0,1054711840.0,4200
2015-05-11 09:21:20,IC1506,IC1506,8107.0,1.0,1621400.0,0.0,1,8107.0,8110.2,1,8085.0,8118.8,8118.8,8071.0,652.0,1056333240.0,4200
2015-05-11 09:21:21,IC1506,IC1506,8107.0,0.0,0.0,0.0,1,8107.6,8110.2,1,8085.0,8118.8,8118.8,8071.0,652.0,1056333240.0,4200
2015-05-11 09:21:22,IC1506,IC1506,8107.0,0.0,0.0,0.0,1,8107.6,8111.6,1,8085.0,8118.8,8118.8,8071.0,652.0,1056333240.0,4200
2015-05-11 09:21:23,IC1506,IC1506,8111.6,1.0,1622320.0,0.0,1,8107.6,8114.0,11,8085.0,8118.8,8118.8,8071.0,653.0,1057955560.0,4200
2015-05-11 09:21:23,IC1506,IC1506,8111.6,0.0,0.0,0.0,1,8107.6,8112.4,1,8085.0,8118.8,8118.8,8071.0,653.0,1057955560.0,4200
2015-05-11 09:21:24,IC1506,IC1506,8111.6,0.0,0.0,0.0,2,8107.6,8112.4,1,8085.0,8118.8,8118.8,8071.0,653.0,1057955560.0,4200
2015-05-11 09:21:25,IC1506,IC1506,8111.6,1.0,1622320.0,0.0,3,8107.6,8113.0,3,8085.0,8118.8,8118.8,8071.0,654.0,1059577880.0,4200
2015-05-11 09:21:25,IC1506,IC1506,8111.6,0.0,0.0,0.0,1,8108.2,8113.0,1,8085.0,8118.8,8118.8,8071.0,654.0,1059577880.0,4200
2015-05-11 09:21:26,IC1506,IC1506,8111.6,0.0,0.0,0.0,3,8107.6,8113.0,1,8085.0,8118.8,8118.8,8071.0,654.0,1059577880.0,4200
2015-05-11 09:21:27,IC1506,IC1506,8111.6,0.0,0.0,0.0,1,8108.0,8113.0,1,8085.0,8118.8,8118.8,8071.0,654.0,1059577880.0,4200
2015-05-11 09:21:27,IC1506,IC1506,8111.6,0.0,0.0,0.0,1,8109.4,8113.0,1,8085.0,8118.8,8118.8,8071.0,654.0,1059577880.0,4200
2015-05-11 09:21:28,IC1506,IC1506,8111.6,0.0,0.0,0.0,1,8108.0,8112.4,1,8085.0,8118.8,8118.8,8071.0,654.0,1059577880.0,4200
2015-05-11 09:21:29,IC1506,IC1506,8111.6,0.0,0.0,0.0,1,8109.4,8113.0,1,8085.0,8118.8,8118.8,8071.0,654.0,1059577880.0,4200
2015-05-11 09:21:29,IC1506,IC1506,8111.6,0.0,0.0,0.0,1,8108.0,8113.0,1,8085.0,8118.8,8118.8,8071.0,654.0,1059577880.0,4200
2015-05-11 09:21:30,IC1506,IC1506,8111.6,0.0,0.0,0.0,1,8108.0,8112.4,1,8085.0,8118.8,8118.8,8071.0,654.0,1059577880.0,4200
2015-05-11 09:21:31,IC1506,IC1506,8111.6,0.0,0.0,0.0,1,8110.0,8113.0,1,8085.0,8118.8,8118.8,8071.0,654.0,1059577880.0,4200
2015-05-11 09:21:32,IC1506,IC1506,8110.8,1.0,1622160.0,1.0,1,8110.0,8114.0,11,8085.0,8118.8,8118.8,8071.0,655.0,1061200040.0,4201
2015-05-11 09:21:32,IC1506,IC1506,8110.8,0.0,0.0,0.0,1,8109.6,8114.0,11,8085.0,8118.8,8118.8,8071.0,655.0,1061200040.0,4201
2015-05-11 09:21:34,IC1506,IC1506,8110.8,0.0,0.0,0.0,3,8107.6,8113.0,2,8085.0,8118.8,8118.8,8071.0,655.0,1061200040.0,4201
2015-05-11 09:21:35,IC1506,IC1506,8110.8,0.0,0.0,0.0,1,8108.8,8114.0,12,8085.0,8118.8,8118.8,8071.0,655.0,1061200040.0,4201
2015-05-11 09:21:35,IC1506,IC1506,8110.8,2.0,3244320.0,1.0,1,8108.8,8114.0,12,8085.0,8118.8,8118.8,8071.0,657.0,1064444360.0,4202
2015-05-11 09:21:36,IC1506,IC1506,8112.6,1.0,1622520.0,0.0,5,8113.0,8114.0,12,8085.0,8118.8,8118.8,8071.0,658.0,1066066880.0,4202
2015-05-11 09:21:36,IC1506,IC1506,8114.0,3.0,4868120.0,2.0,4,8113.0,8113.8,4,8085.0,8118.8,8118.8,8071.0,661.0,1070935000.0,4204
2015-05-11 09:21:37,IC1506,IC1506,8113.0,1.0,1622600.0,1.0,3,8113.0,8114.0,10,8085.0,8118.8,8118.8,8071.0,662.0,1072557600.0,4205
2015-05-11 09:21:37,IC1506,IC1506,8113.0,1.0,1622600.0,1.0,2,8113.0,8114.0,10,8085.0,8118.8,8118.8,8071.0,663.0,1074180200.0,4206
2015-05-11 09:21:38,IC1506,IC1506,8113.0,2.0,3245200.0,2.0,1,8110.2,8114.0,10,8085.0,8118.8,8118.8,8071.0,665.0,1077425400.0,4208
2015-05-11 09:21:38,IC1506,IC1506,8113.0,0.0,0.0,0.0,1,8111.0,8114.0,10,8085.0,8118.8,8118.8,8071.0,665.0,1077425400.0,4208
2015-05-11 09:21:38,IC1506,IC1506,8113.0,0.0,0.0,0.0,1,8110.2,8114.0,10,8085.0,8118.8,8118.8,8071.0,665.0,1077425400.0,4208
2015-05-11 09:21:38,IC1506,IC1506,8113.0,0.0,0.0,0.0,1,8111.0,8114.0,10,8085.0,8118.8,8118.8,8071.0,665.0,1077425400.0,4208
2015-05-11 09:21:39,IC1506,IC1506,8113.0,0.0,0.0,0.0,1,8110.2,8114.0,10,8085.0,8118.8,8118.8,8071.0,665.0,1077425400.0,4208
2015-05-11 09:21:40,IC1506,IC1506,8113.0,0.0,0.0,0.0,1,8111.0,8114.0,10,8085.0,8118.8,8118.8,8071.0,665.0,1077425400.0,4208
2015-05-11 09:21:41,IC1506,IC1506,8113.0,0.0,0.0,0.0,1,8111.0,8113.8,4,8085.0,8118.8,8118.8,8071.0,665.0,1077425400.0,4208
2015-05-11 09:21:42,IC1506,IC1506,8113.0,0.0,0.0,0.0,1,8109.2,8113.2,1,8085.0,8118.8,8118.8,8071.0,665.0,1077425400.0,4208
2015-05-11 09:21:42,IC1506,IC1506,8113.0,1.0,1622600.0,1.0,1,8109.2,8112.4,1,8085.0,8118.8,8118.8,8071.0,666.0,1079048000.0,4209
2015-05-11 09:21:43,IC1506,IC1506,8113.0,0.0,0.0,0.0,1,8109.2,8113.2,1,8085.0,8118.8,8118.8,8071.0,666.0,1079048000.0,4209
2015-05-11 09:21:43,IC1506,IC1506,8109.2,1.0,1621840.0,1.0,3,8107.6,8114.0,11,8085.0,8118.8,8118.8,8071.0,667.0,1080669840.0,4210
2015-05-11 09:21:44,IC1506,IC1506,8109.2,0.0,0.0,0.0,3,8107.6,8113.4,1,8085.0,8118.8,8118.8,8071.0,667.0,1080669840.0,4210
2015-05-11 09:21:44,IC1506,IC1506,8113.0,1.0,1622600.0,0.0,3,8107.6,8113.0,1,8085.0,8118.8,8118.8,8071.0,668.0,1082292440.0,4210
2015-05-11 09:21:45,IC1506,IC1506,8113.0,1.0,1622600.0,0.0,1,8108.4,8113.4,1,8085.0,8118.8,8118.8,8071.0,669.0,1083915040.0,4210
2015-05-11 09:21:45,IC1506,IC1506,8113.0,0.0,0.0,0.0,3,8107.6,8113.4,1,8085.0,8118.8,8118.8,8071.0,669.0,1083915040.0,4210
2015-05-11 09:21:46,IC1506,IC1506,8113.0,0.0,0.0,0.0,1,8109.4,8113.4,1,8085.0,8118.8,8118.8,8071.0,669.0,1083915040.0,4210
2015-05-11 09:21:46,IC1506,IC1506,8113.0,0.0,0.0,0.0,3,8107.6,8113.4,1,8085.0,8118.8,8118.8,8071.0,669.0,1083915040.0,4210
2015-05-11 09:21:47,IC1506,IC1506,8113.4,2.0,3245360.0,0.0,3,8107.6,8114.0,11,8085.0,8118.8,8118.8,8071.0,671.0,1087160400.0,4210
2015-05-11 09:21:47,IC1506,IC1506,8113.4,0.0,0.0,0.0,1,8111.2,8113.6,1,8085.0,8118.8,8118.8,8071.0,671.0,1087160400.0,4210
2015-05-11 09:21:48,IC1506,IC1506,8113.4,0.0,0.0,0.0,1,8111.2,8114.0,10,8085.0,8118.8,8118.8,8071.0,671.0,1087160400.0,4210
2015-05-11 09:21:48,IC1506,IC1506,8111.2,1.0,1622240.0,0.0,1,8108.6,8113.8,5,8085.0,8118.8,8118.8,8071.0,672.0,1088782640.0,4210
2015-05-11 09:21:49,IC1506,IC1506,8111.2,0.0,0.0,0.0,1,8108.6,8112.0,1,8085.0,8118.8,8118.8,8071.0,672.0,1088782640.0,4210
2015-05-11 09:21:49,IC1506,IC1506,8111.2,0.0,0.0,0.0,1,8110.6,8113.0,1,8085.0,8118.8,8118.8,8071.0,672.0,1088782640.0,4210
2015-05-11 09:21:50,IC1506,IC1506,8113.0,1.0,1622600.0,-1.0,1,8109.4,8114.0,10,8085.0,8118.8,8118.8,8071.0,673.0,1090405240.0,4209
2015-05-11 09:21:51,IC1506,IC1506,8113.0,0.0,0.0,0.0,1,8109.4,8113.6,1,8085.0,8118.8,8118.8,8071.0,673.0,1090405240.0,4209
2015-05-11 09:21:52,IC1506,IC1506,8113.0,0.0,0.0,0.0,1,8108.6,8113.6,1,8085.0,8118.8,8118.8,8071.0,673.0,1090405240.0,4209
2015-05-11 09:21:52,IC1506,IC1506,8113.0,0.0,0.0,0.0,1,8108.6,8110.0,1,8085.0,8118.8,8118.8,8071.0,673.0,1090405240.0,4209
2015-05-11 09:21:55,IC1506,IC1506,8107.6,2.0,3243240.0,0.0,1,8107.6,8109.6,1,8085.0,8118.8,8118.8,8071.0,675.0,1093648480.0,4209
2015-05-11 09:21:56,IC1506,IC1506,8109.6,2.0,3243440.0,0.0,1,8107.4,8109.8,1,8085.0,8118.8,8118.8,8071.0,677.0,1096891920.0,4209
2015-05-11 09:21:56,IC1506,IC1506,8105.6,2.0,3242600.0,1.0,2,8102.6,8108.8,1,8085.0,8118.8,8118.8,8071.0,679.0,1100134520.0,4210
2015-05-11 09:21:57,IC1506,IC1506,8105.6,0.0,0.0,0.0,2,8102.6,8107.8,1,8085.0,8118.8,8118.8,8071.0,679.0,1100134520.0,4210
2015-05-11 09:21:57,IC1506,IC1506,8105.6,0.0,0.0,0.0,1,8102.6,8107.8,1,8085.0,8118.8,8118.8,8071.0,679.0,1100134520.0,4210
2015-05-11 09:21:58,IC1506,IC1506,8105.6,0.0,0.0,0.0,1,8102.6,8104.2,1,8085.0,8118.8,8118.8,8071.0,679.0,1100134520.0,4210
2015-05-11 09:21:58,IC1506,IC1506,8107.6,5.0,8106400.0,-3.0,2,8103.0,8109.8,1,8085.0,8118.8,8118.8,8071.0,684.0,1108240920.0,4207
2015-05-11 09:21:59,IC1506,IC1506,8107.6,0.0,0.0,0.0,1,8102.6,8109.8,1,8085.0,8118.8,8118.8,8071.0,684.0,1108240920.0,4207
2015-05-11 09:21:59,IC1506,IC1506,8108.4,4.0,6484280.0,2.0,57,8100.0,8109.0,1,8085.0,8118.8,8118.8,8071.0,688.0,1114725200.0,4209
2015-05-11 09:22:00,IC1506,IC1506,8108.4,0.0,0.0,0.0,1,8104.2,8109.0,1,8085.0,8118.8,8118.8,8071.0,688.0,1114725200.0,4209
2015-05-11 09:22:00,IC1506,IC1506,8105.6,1.0,1621120.0,1.0,1,8104.2,8109.0,2,8085.0,8118.8,8118.8,8071.0,689.0,1116346320.0,4210
2015-05-11 09:22:01,IC1506,IC1506,8109.0,1.0,1621800.0,0.0,1,8101.0,8108.6,1,8085.0,8118.8,8118.8,8071.0,690.0,1117968120.0,4210
2015-05-11 09:22:02,IC1506,IC1506,8109.0,0.0,0.0,0.0,1,8105.8,8108.6,1,8085.0,8118.8,8118.8,8071.0,690.0,1117968120.0,4210
2015-05-11 09:22:02,IC1506,IC1506,8106.4,1.0,1621280.0,0.0,1,8105.8,8108.6,1,8085.0,8118.8,8118.8,8071.0,691.0,1119589400.0,4210
2015-05-11 09:22:03,IC1506,IC1506,8105.8,1.0,1621160.0,0.0,1,8101.0,8108.2,1,8085.0,8118.8,8118.8,8071.0,692.0,1121210560.0,4210
2015-05-11 09:22:04,IC1506,IC1506,8105.0,1.0,1621000.0,-1.0,1,8102.2,8108.2,1,8085.0,8118.8,8118.8,8071.0,693.0,1122831560.0,4209
2015-05-11 09:22:04,IC1506,IC1506,8105.0,0.0,0.0,0.0,1,8102.2,8108.0,1,8085.0,8118.8,8118.8,8071.0,693.0,1122831560.0,4209
2015-05-11 09:22:05,IC1506,IC1506,8105.0,0.0,0.0,0.0,1,8103.0,8108.0,1,8085.0,8118.8,8118.8,8071.0,693.0,1122831560.0,4209
2015-05-11 09:22:05,IC1506,IC1506,8104.6,1.0,1620920.0,0.0,1,8103.0,8108.6,1,8085.0,8118.8,8118.8,8071.0,694.0,1124452480.0,4209
2015-05-11 09:22:07,IC1506,IC1506,8103.4,1.0,1620680.0,0.0,1,8108.0,8108.6,1,8085.0,8118.8,8118.8,8071.0,695.0,1126073160.0,4209
2015-05-11 09:22:07,IC1506,IC1506,8106.2,1.0,1621240.0,1.0,1,8102.2,8108.0,1,8085.0,8118.8,8118.8,8071.0,696.0,1127694400.0,4210
2015-05-11 09:22:08,IC1506,IC1506,8106.2,0.0,0.0,0.0,1,8102.2,8107.6,1,8085.0,8118.8,8118.8,8071.0,696.0,1127694400.0,4210
2015-05-11 09:22:08,IC1506,IC1506,8106.2,0.0,0.0,0.0,1,8101.0,8107.6,1,8085.0,8118.8,8118.8,8071.0,696.0,1127694400.0,4210
2015-05-11 09:22:09,IC1506,IC1506,8106.2,0.0,0.0,0.0,57,8100.0,8106.2,1,8085.0,8118.8,8118.8,8071.0,696.0,1127694400.0,4210
2015-05-11 09:22:09,IC1506,IC1506,8106.2,0.0,0.0,0.0,57,8100.0,8107.6,1,8085.0,8118.8,8118.8,8071.0,696.0,1127694400.0,4210
2015-05-11 09:22:10,IC1506,IC1506,8106.2,0.0,0.0,0.0,57,8100.0,8106.6,1,8085.0,8118.8,8118.8,8071.0,696.0,1127694400.0,4210
2015-05-11 09:22:10,IC1506,IC1506,8106.2,0.0,0.0,0.0,2,8100.2,8106.6,1,8085.0,8118.8,8118.8,8071.0,696.0,1127694400.0,4210
2015-05-11 09:22:11,IC1506,IC1506,8106.2,0.0,0.0,0.0,57,8100.0,8103.6,1,8085.0,8118.8,8118.8,8071.0,696.0,1127694400.0,4210
2015-05-11 09:22:11,IC1506,IC1506,8106.2,0.0,0.0,0.0,57,8100.0,8105.8,1,8085.0,8118.8,8118.8,8071.0,696.0,1127694400.0,4210
2015-05-11 09:22:12,IC1506,IC1506,8106.2,0.0,0.0,0.0,1,8101.8,8106.6,2,8085.0,8118.8,8118.8,8071.0,696.0,1127694400.0,4210
2015-05-11 09:22:12,IC1506,IC1506,8106.2,0.0,0.0,0.0,1,8102.4,8106.6,1,8085.0,8118.8,8118.8,8071.0,696.0,1127694400.0,4210
2015-05-11 09:22:13,IC1506,IC1506,8106.6,1.0,1621320.0,-1.0,1,8105.0,8109.0,1,8085.0,8118.8,8118.8,8071.0,697.0,1129315720.0,4209
2015-05-11 09:22:14,IC1506,IC1506,8106.6,0.0,0.0,0.0,2,8102.6,8107.0,1,8085.0,8118.8,8118.8,8071.0,697.0,1129315720.0,4209
2015-05-11 09:22:14,IC1506,IC1506,8106.6,3.0,4863960.0,0.0,2,8102.6,8107.0,1,8085.0,8118.8,8118.8,8071.0,700.0,1134179680.0,4209
2015-05-11 09:22:15,IC1506,IC1506,8106.6,0.0,0.0,0.0,1,8104.4,8107.0,1,8085.0,8118.8,8118.8,8071.0,700.0,1134179680.0,4209
2015-05-11 09:22:15,IC1506,IC1506,8104.0,3.0,4862600.0,0.0,2,8102.6,8107.0,1,8085.0,8118.8,8118.8,8071.0,703.0,1139042280.0,4209
2015-05-11 09:22:16,IC1506,IC1506,8104.0,0.0,0.0,0.0,1,8103.8,8106.6,1,8085.0,8118.8,8118.8,8071.0,703.0,1139042280.0,4209
2015-05-11 09:22:16,IC1506,IC1506,8104.0,0.0,0.0,0.0,1,8103.2,8106.6,1,8085.0,8118.8,8118.8,8071.0,703.0,1139042280.0,4209
2015-05-11 09:22:17,IC1506,IC1506,8104.0,0.0,0.0,0.0,1,8102.4,8106.2,1,8085.0,8118.8,8118.8,8071.0,703.0,1139042280.0,4209
2015-05-11 09:22:17,IC1506,IC1506,8102.4,1.0,1620480.0,0.0,1,8102.0,8106.0,1,8085.0,8118.8,8118.8,8071.0,704.0,1140662760.0,4209
2015-05-11 09:22:18,IC1506,IC1506,8102.0,1.0,1620400.0,-1.0,57,8100.0,8104.6,1,8085.0,8118.8,8118.8,8071.0,705.0,1142283160.0,4208
2015-05-11 09:22:18,IC1506,IC1506,8102.0,0.0,0.0,0.0,57,8100.0,8103.4,1,8085.0,8118.8,8118.8,8071.0,705.0,1142283160.0,4208
2015-05-11 09:22:20,IC1506,IC1506,8100.0,4.0,6480000.0,-4.0,53,8100.0,8103.4,1,8085.0,8118.8,8118.8,8071.0,709.0,1148763160.0,4204
2015-05-11 09:22:20,IC1506,IC1506,8100.0,0.0,0.0,0.0,53,8100.0,8102.8,1,8085.0,8118.8,8118.8,8071.0,709.0,1148763160.0,4204
2015-05-11 09:22:21,IC1506,IC1506,8100.0,0.0,0.0,0.0,53,8100.0,8103.4,1,8085.0,8118.8,8118.8,8071.0,709.0,1148763160.0,4204
2015-05-11 09:22:21,IC1506,IC1506,8103.2,5.0,8103200.0,0.0,53,8100.0,8103.4,1,8085.0,8118.8,8118.8,8071.0,714.0,1156866360.0,4204
2015-05-11 09:22:23,IC1506,IC1506,8103.2,0.0,0.0,0.0,53,8100.0,8101.8,1,8085.0,8118.8,8118.8,8071.0,714.0,1156866360.0,4204
2015-05-11 09:22:23,IC1506,IC1506,8101.0,1.0,1620200.0,1.0,1,8100.8,8103.4,2,8085.0,8118.8,8118.8,8071.0,715.0,1158486560.0,4205
2015-05-11 09:22:24,IC1506,IC1506,8100.8,1.0,1620160.0,-1.0,53,8100.0,8102.2,1,8085.0,8118.8,8118.8,8071.0,716.0,1160106720.0,4204
2015-05-11 09:22:24,IC1506,IC1506,8100.8,0.0,0.0,0.0,53,8100.0,8103.4,2,8085.0,8118.8,8118.8,8071.0,716.0,1160106720.0,4204
2015-05-11 09:22:25,IC1506,IC1506,8100.8,0.0,0.0,0.0,53,8100.0,8103.2,1,8085.0,8118.8,8118.8,8071.0,716.0,1160106720.0,4204
2015-05-11 09:22:28,IC1506,IC1506,8100.8,0.0,0.0,0.0,1,8100.6,8103.2,1,8085.0,8118.8,8118.8,8071.0,716.0,1160106720.0,4204
2015-05-11 09:22:28,IC1506,IC1506,8100.8,0.0,0.0,0.0,1,8102.4,8103.2,1,8085.0,8118.8,8118.8,8071.0,716.0,1160106720.0,4204
2015-05-11 09:22:29,IC1506,IC1506,8103.4,2.0,3241320.0,0.0,1,8102.4,8106.0,1,8085.0,8118.8,8118.8,8071.0,718.0,1163348040.0,4204
2015-05-11 09:22:29,IC1506,IC1506,8106.0,1.0,1621200.0,0.0,2,8102.6,8106.6,2,8085.0,8118.8,8118.8,8071.0,719.0,1164969240.0,4204
2015-05-11 09:22:30,IC1506,IC1506,8106.0,0.0,0.0,0.0,1,8105.6,8106.6,2,8085.0,8118.8,8118.8,8071.0,719.0,1164969240.0,4204
2015-05-11 09:22:30,IC1506,IC1506,8103.4,2.0,3242000.0,1.0,2,8102.6,8106.6,1,8085.0,8118.8,8118.8,8071.0,721.0,1168211240.0,4205
2015-05-11 09:22:31,IC1506,IC1506,8103.4,0.0,0.0,0.0,1,8103.8,8106.6,1,8085.0,8118.8,8118.8,8071.0,721.0,1168211240.0,4205
2015-05-11 09:22:32,IC1506,IC1506,8107.0,2.0,3242720.0,1.0,1,8104.0,8108.8,1,8085.0,8118.8,8118.8,8071.0,723.0,1171453960.0,4206
2015-05-11 09:22:32,IC1506,IC1506,8107.0,0.0,0.0,0.0,1,8104.0,8109.8,2,8085.0,8118.8,8118.8,8071.0,723.0,1171453960.0,4206
2015-05-11 09:22:34,IC1506,IC1506,8107.0,0.0,0.0,0.0,1,8106.4,8109.8,3,8085.0,8118.8,8118.8,8071.0,723.0,1171453960.0,4206
2015-05-11 09:22:35,IC1506,IC1506,8106.4,1.0,1621280.0,1.0,1,8103.8,8109.8,3,8085.0,8118.8,8118.8,8071.0,724.0,1173075240.0,4207
2015-05-11 09:22:35,IC1506,IC1506,8109.6,1.0,1621920.0,-1.0,1,8106.8,8109.6,1,8085.0,8118.8,8118.8,8071.0,725.0,1174697160.0,4206
2015-05-11 09:22:36,IC1506,IC1506,8109.6,0.0,0.0,0.0,1,8107.6,8109.6,1,8085.0,8118.8,8118.8,8071.0,725.0,1174697160.0,4206
2015-05-11 09:22:36,IC1506,IC1506,8109.6,0.0,0.0,0.0,2,8105.6,8109.6,1,8085.0,8118.8,8118.8,8071.0,725.0,1174697160.0,4206
2015-05-11 09:22:37,IC1506,IC1506,8109.6,0.0,0.0,0.0,1,8103.0,8108.6,1,8085.0,8118.8,8118.8,8071.0,725.0,1174697160.0,4206
2015-05-11 09:22:37,IC1506,IC1506,8109.6,0.0,0.0,0.0,1,8103.2,8107.0,1,8085.0,8118.8,8118.8,8071.0,725.0,1174697160.0,4206
2015-05-11 09:22:38,IC1506,IC1506,8109.6,0.0,0.0,0.0,1,8106.6,8109.4,1,8085.0,8118.8,8118.8,8071.0,725.0,1174697160.0,4206
2015-05-11 09:22:40,IC1506,IC1506,8109.6,0.0,0.0,0.0,1,8106.6,8107.8,1,8085.0,8118.8,8118.8,8071.0,725.0,1174697160.0,4206
2015-05-11 09:22:40,IC1506,IC1506,8106.6,1.0,1621320.0,0.0,1,8103.2,8107.8,1,8085.0,8118.8,8118.8,8071.0,726.0,1176318480.0,4206
2015-05-11 09:22:41,IC1506,IC1506,8106.6,0.0,0.0,0.0,1,8104.2,8109.4,1,8085.0,8118.8,8118.8,8071.0,726.0,1176318480.0,4206
2015-05-11 09:22:41,IC1506,IC1506,8106.6,0.0,0.0,0.0,1,8104.2,8107.6,1,8085.0,8118.8,8118.8,8071.0,726.0,1176318480.0,4206
2015-05-11 09:22:42,IC1506,IC1506,8106.6,0.0,0.0,0.0,1,8104.4,8107.6,1,8085.0,8118.8,8118.8,8071.0,726.0,1176318480.0,4206
2015-05-11 09:22:44,IC1506,IC1506,8106.6,0.0,0.0,0.0,1,8104.4,8107.0,1,8085.0,8118.8,8118.8,8071.0,726.0,1176318480.0,4206
2015-05-11 09:22:44,IC1506,IC1506,8106.6,0.0,0.0,0.0,1,8104.4,8107.6,2,8085.0,8118.8,8118.8,8071.0,726.0,1176318480.0,4206
2015-05-11 09:22:45,IC1506,IC1506,8106.6,0.0,0.0,0.0,1,8102.4,8105.6,1,8085.0,8118.8,8118.8,8071.0,726.0,1176318480.0,4206
2015-05-11 09:22:45,IC1506,IC1506,8106.6,0.0,0.0,0.0,1,8102.6,8106.2,1,8085.0,8118.8,8118.8,8071.0,726.0,1176318480.0,4206
2015-05-11 09:22:46,IC1506,IC1506,8106.6,0.0,0.0,0.0,1,8100.8,8104.2,1,8085.0,8118.8,8118.8,8071.0,726.0,1176318480.0,4206
2015-05-11 09:22:46,IC1506,IC1506,8106.6,0.0,0.0,0.0,1,8100.8,8102.6,1,8085.0,8118.8,8118.8,8071.0,726.0,1176318480.0,4206
2015-05-11 09:22:47,IC1506,IC1506,8106.6,0.0,0.0,0.0,6,8101.0,8105.2,1,8085.0,8118.8,8118.8,8071.0,726.0,1176318480.0,4206
2015-05-11 09:22:47,IC1506,IC1506,8106.6,0.0,0.0,0.0,1,8101.0,8104.6,1,8085.0,8118.8,8118.8,8071.0,726.0,1176318480.0,4206
2015-05-11 09:22:48,IC1506,IC1506,8106.6,0.0,0.0,0.0,1,8100.8,8102.4,1,8085.0,8118.8,8118.8,8071.0,726.0,1176318480.0,4206
2015-05-11 09:22:48,IC1506,IC1506,8106.6,0.0,0.0,0.0,1,8100.8,8102.2,1,8085.0,8118.8,8118.8,8071.0,726.0,1176318480.0,4206
2015-05-11 09:22:49,IC1506,IC1506,8100.8,1.0,1620160.0,0.0,3,8100.6,8100.8,1,8085.0,8118.8,8118.8,8071.0,727.0,1177938640.0,4206
2015-05-11 09:22:50,IC1506,IC1506,8100.6,2.0,3240240.0,0.0,1,8100.6,8100.8,1,8085.0,8118.8,8118.8,8071.0,729.0,1181178880.0,4206
2015-05-11 09:22:50,IC1506,IC1506,8100.8,3.0,4860400.0,1.0,1,8100.8,8102.2,1,8085.0,8118.8,8118.8,8071.0,732.0,1186039280.0,4207
2015-05-11 09:22:51,IC1506,IC1506,8100.8,0.0,0.0,0.0,1,8100.8,8102.2,2,8085.0,8118.8,8118.8,8071.0,732.0,1186039280.0,4207
2015-05-11 09:22:52,IC1506,IC1506,8100.8,0.0,0.0,0.0,1,8100.8,8102.2,1,8085.0,8118.8,8118.8,8071.0,732.0,1186039280.0,4207
2015-05-11 09:22:56,IC1506,IC1506,8100.8,1.0,1620160.0,0.0,53,8100.0,8102.2,1,8085.0,8118.8,8118.8,8071.0,733.0,1187659440.0,4207
2015-05-11 09:22:57,IC1506,IC1506,8102.2,1.0,1620440.0,0.0,1,8100.4,8104.4,1,8085.0,8118.8,8118.8,8071.0,734.0,1189279880.0,4207
2015-05-11 09:22:57,IC1506,IC1506,8102.2,0.0,0.0,0.0,53,8100.0,8104.4,1,8085.0,8118.8,8118.8,8071.0,734.0,1189279880.0,4207
2015-05-11 09:22:58,IC1506,IC1506,8100.0,10.0,16200520.0,-7.0,46,8100.0,8104.2,1,8085.0,8118.8,8118.8,8071.0,744.0,1205480400.0,4200
2015-05-11 09:22:58,IC1506,IC1506,8100.0,0.0,0.0,0.0,46,8100.0,8103.6,1,8085.0,8118.8,8118.8,8071.0,744.0,1205480400.0,4200
2015-05-11 09:22:59,IC1506,IC1506,8100.0,3.0,4860000.0,0.0,43,8100.0,8103.6,1,8085.0,8118.8,8118.8,8071.0,747.0,1210340400.0,4200
2015-05-11 09:22:59,IC1506,IC1506,8100.0,0.0,0.0,0.0,48,8100.0,8103.0,1,8085.0,8118.8,8118.8,8071.0,747.0,1210340400.0,4200
2015-05-11 09:23:00,IC1506,IC1506,8100.0,0.0,0.0,0.0,48,8100.0,8103.6,1,8085.0,8118.8,8118.8,8071.0,747.0,1210340400.0,4200
2015-05-11 09:23:01,IC1506,IC1506,8100.0,0.0,0.0,0.0,1,8101.0,8104.4,1,8085.0,8118.8,8118.8,8071.0,747.0,1210340400.0,4200
2015-05-11 09:23:01,IC1506,IC1506,8100.0,0.0,0.0,0.0,48,8100.0,8104.4,1,8085.0,8118.8,8118.8,8071.0,747.0,1210340400.0,4200
2015-05-11 09:23:02,IC1506,IC1506,8100.0,0.0,0.0,0.0,48,8100.0,8104.0,2,8085.0,8118.8,8118.8,8071.0,747.0,1210340400.0,4200
2015-05-11 09:23:02,IC1506,IC1506,8100.0,0.0,0.0,0.0,48,8100.0,8103.8,1,8085.0,8118.8,8118.8,8071.0,747.0,1210340400.0,4200
2015-05-11 09:23:03,IC1506,IC1506,8100.0,0.0,0.0,0.0,1,8100.8,8104.0,2,8085.0,8118.8,8118.8,8071.0,747.0,1210340400.0,4200
2015-05-11 09:23:03,IC1506,IC1506,8104.0,2.0,3241600.0,1.0,1,8102.4,8104.4,1,8085.0,8118.8,8118.8,8071.0,749.0,1213582000.0,4201
2015-05-11 09:23:04,IC1506,IC1506,8106.0,2.0,3242080.0,0.0,1,8102.4,8108.0,2,8085.0,8118.8,8118.8,8071.0,751.0,1216824080.0,4201
2015-05-11 09:23:04,IC1506,IC1506,8106.0,0.0,0.0,0.0,1,8104.8,8108.0,2,8085.0,8118.8,8118.8,8071.0,751.0,1216824080.0,4201
2015-05-11 09:23:05,IC1506,IC1506,8106.0,0.0,0.0,0.0,1,8106.0,8108.0,2,8085.0,8118.8,8118.8,8071.0,751.0,1216824080.0,4201
2015-05-11 09:23:05,IC1506,IC1506,8107.8,1.0,1621560.0,1.0,1,8106.0,8107.8,1,8085.0,8118.8,8118.8,8071.0,752.0,1218445640.0,4202
2015-05-11 09:23:06,IC1506,IC1506,8107.8,0.0,0.0,0.0,1,8104.8,8108.0,2,8085.0,8118.8,8118.8,8071.0,752.0,1218445640.0,4202
2015-05-11 09:23:06,IC1506,IC1506,8107.8,0.0,0.0,0.0,1,8106.6,8108.0,2,8085.0,8118.8,8118.8,8071.0,752.0,1218445640.0,4202
2015-05-11 09:23:07,IC1506,IC1506,8102.6,2.0,3241200.0,2.0,1,8102.4,8108.0,2,8085.0,8118.8,8118.8,8071.0,754.0,1221686840.0,4204
2015-05-11 09:23:07,IC1506,IC1506,8108.0,2.0,3243200.0,2.0,1,8106.8,8108.8,1,8085.0,8118.8,8118.8,8071.0,756.0,1224930040.0,4206
2015-05-11 09:23:08,IC1506,IC1506,8108.0,0.0,0.0,0.0,1,8105.4,8108.8,1,8085.0,8118.8,8118.8,8071.0,756.0,1224930040.0,4206
2015-05-11 09:23:08,IC1506,IC1506,8108.0,0.0,0.0,0.0,1,8103.2,8108.8,1,8085.0,8118.8,8118.8,8071.0,756.0,1224930040.0,4206
2015-05-11 09:23:09,IC1506,IC1506,8108.0,0.0,0.0,0.0,1,8102.4,8103.2,1,8085.0,8118.8,8118.8,8071.0,756.0,1224930040.0,4206
2015-05-11 09:23:10,IC1506,IC1506,8103.2,1.0,1620640.0,1.0,1,8103.2,8104.8,1,8085.0,8118.8,8118.8,8071.0,757.0,1226550680.0,4207
2015-05-11 09:23:10,IC1506,IC1506,8103.2,1.0,1620640.0,-1.0,3,8100.6,8104.8,1,8085.0,8118.8,8118.8,8071.0,758.0,1228171320.0,4206
2015-05-11 09:23:11,IC1506,IC1506,8103.2,0.0,0.0,0.0,1,8101.6,8104.8,1,8085.0,8118.8,8118.8,8071.0,758.0,1228171320.0,4206
2015-05-11 09:23:11,IC1506,IC1506,8103.2,0.0,0.0,0.0,1,8103.4,8104.8,1,8085.0,8118.8,8118.8,8071.0,758.0,1228171320.0,4206
2015-05-11 09:23:12,IC1506,IC1506,8103.2,0.0,0.0,0.0,1,8101.6,8104.8,1,8085.0,8118.8,8118.8,8071.0,758.0,1228171320.0,4206
2015-05-11 09:23:15,IC1506,IC1506,8103.2,0.0,0.0,0.0,1,8101.6,8104.6,1,8085.0,8118.8,8118.8,8071.0,758.0,1228171320.0,4206
2015-05-11 09:23:17,IC1506,IC1506,8103.2,0.0,0.0,0.0,4,8100.6,8104.6,1,8085.0,8118.8,8118.8,8071.0,758.0,1228171320.0,4206
2015-05-11 09:23:18,IC1506,IC1506,8104.6,1.0,1620920.0,0.0,1,8103.2,8104.8,1,8085.0,8118.8,8118.8,8071.0,759.0,1229792240.0,4206
2015-05-11 09:23:18,IC1506,IC1506,8104.8,1.0,1620960.0,1.0,2,8103.8,8108.0,2,8085.0,8118.8,8118.8,8071.0,760.0,1231413200.0,4207
2015-05-11 09:23:19,IC1506,IC1506,8104.8,0.0,0.0,0.0,1,8103.2,8108.0,2,8085.0,8118.8,8118.8,8071.0,760.0,1231413200.0,4207
2015-05-11 09:23:19,IC1506,IC1506,8104.8,0.0,0.0,0.0,1,8103.2,8106.6,1,8085.0,8118.8,8118.8,8071.0,760.0,1231413200.0,4207
2015-05-11 09:23:20,IC1506,IC1506,8104.8,0.0,0.0,0.0,1,8103.2,8108.0,2,8085.0,8118.8,8118.8,8071.0,760.0,1231413200.0,4207
2015-05-11 09:23:21,IC1506,IC1506,8104.8,0.0,0.0,0.0,1,8103.2,8106.2,1,8085.0,8118.8,8118.8,8071.0,760.0,1231413200.0,4207
2015-05-11 09:23:21,IC1506,IC1506,8104.8,0.0,0.0,0.0,1,8103.2,8107.6,1,8085.0,8118.8,8118.8,8071.0,760.0,1231413200.0,4207
2015-05-11 09:23:22,IC1506,IC1506,8104.8,0.0,0.0,0.0,1,8103.2,8107.4,1,8085.0,8118.8,8118.8,8071.0,760.0,1231413200.0,4207
2015-05-11 09:23:23,IC1506,IC1506,8104.8,0.0,0.0,0.0,1,8103.2,8107.0,1,8085.0,8118.8,8118.8,8071.0,760.0,1231413200.0,4207
2015-05-11 09:23:23,IC1506,IC1506,8104.8,0.0,0.0,0.0,1,8103.2,8107.4,1,8085.0,8118.8,8118.8,8071.0,760.0,1231413200.0,4207
2015-05-11 09:23:25,IC1506,IC1506,8104.8,0.0,0.0,0.0,1,8104.0,8107.4,1,8085.0,8118.8,8118.8,8071.0,760.0,1231413200.0,4207
2015-05-11 09:23:25,IC1506,IC1506,8104.8,0.0,0.0,0.0,1,8103.2,8107.0,1,8085.0,8118.8,8118.8,8071.0,760.0,1231413200.0,4207
2015-05-11 09:23:27,IC1506,IC1506,8103.2,1.0,1620640.0,1.0,2,8102.4,8106.0,1,8085.0,8118.8,8118.8,8071.0,761.0,1233033840.0,4208
2015-05-11 09:23:28,IC1506,IC1506,8103.2,0.0,0.0,0.0,3,8102.0,8107.0,1,8085.0,8118.8,8118.8,8071.0,761.0,1233033840.0,4208
2015-05-11 09:23:28,IC1506,IC1506,8103.2,0.0,0.0,0.0,1,8102.0,8107.0,1,8085.0,8118.8,8118.8,8071.0,761.0,1233033840.0,4208
2015-05-11 09:23:29,IC1506,IC1506,8103.2,0.0,0.0,0.0,1,8102.0,8106.4,1,8085.0,8118.8,8118.8,8071.0,761.0,1233033840.0,4208
2015-05-11 09:23:30,IC1506,IC1506,8103.2,0.0,0.0,0.0,3,8102.0,8106.4,1,8085.0,8118.8,8118.8,8071.0,761.0,1233033840.0,4208
2015-05-11 09:23:30,IC1506,IC1506,8103.2,0.0,0.0,0.0,1,8102.0,8106.4,1,8085.0,8118.8,8118.8,8071.0,761.0,1233033840.0,4208
2015-05-11 09:23:31,IC1506,IC1506,8103.2,0.0,0.0,0.0,2,8100.8,8104.8,1,8085.0,8118.8,8118.8,8071.0,761.0,1233033840.0,4208
2015-05-11 09:23:31,IC1506,IC1506,8103.2,0.0,0.0,0.0,2,8101.0,8104.8,1,8085.0,8118.8,8118.8,8071.0,761.0,1233033840.0,4208
2015-05-11 09:23:32,IC1506,IC1506,8103.2,0.0,0.0,0.0,3,8101.2,8104.8,1,8085.0,8118.8,8118.8,8071.0,761.0,1233033840.0,4208
2015-05-11 09:23:32,IC1506,IC1506,8103.2,0.0,0.0,0.0,3,8103.4,8107.0,1,8085.0,8118.8,8118.8,8071.0,761.0,1233033840.0,4208
