time,symbol_id,symbol_name,last,trade_volume,trade_amount,open_interest_change,bv1,bp1,ap1,av1,yesterday_close,today_open,today_high,today_low,volume,amount,open_interest
2023-05-09 20:59:00,y2307,y2307,7696.0,8.0,615680.0,3.0,10,7696.0,7716.0,1,7682.0,7696.0,7696.0,7696.0,8.0,615680.0,129374
2023-05-09 21:00:00,y2307,y2307,7706.0,2.0,154120.0,2.0,2,7696.0,7716.0,1,7682.0,7696.0,7706.0,7696.0,10.0,769800.0,129376
2023-05-09 21:00:00,y2307,y2307,7702.0,6.0,462100.0,4.0,3,7700.0,7706.0,1,7682.0,7696.0,7706.0,7696.0,16.0,1231900.0,129380
2023-05-09 21:00:01,y2307,y2307,7704.0,2.0,154080.0,1.0,3,7702.0,7704.0,2,7682.0,7696.0,7706.0,7696.0,18.0,1385980.0,129381
2023-05-09 21:00:01,y2307,y2307,7710.0,14.0,1078880.0,3.0,1,7708.0,7710.0,7,7682.0,7696.0,7712.0,7696.0,32.0,2464860.0,129384
2023-05-09 21:00:02,y2307,y2307,7702.0,8.0,616340.0,-2.0,2,7702.0,7704.0,4,7682.0,7696.0,7712.0,7696.0,40.0,3081200.0,129382
2023-05-09 21:00:02,y2307,y2307,7706.0,11.0,847420.0,1.0,5,7704.0,7706.0,2,7682.0,7696.0,7712.0,7696.0,51.0,3928620.0,129383
2023-05-09 21:00:03,y2307,y2307,7708.0,7.0,539600.0,-4.0,5,7704.0,7708.0,10,7682.0,7696.0,7712.0,7696.0,58.0,4468220.0,129379
2023-05-09 21:00:03,y2307,y2307,7704.0,8.0,616320.0,-6.0,10,7700.0,7704.0,1,7682.0,7696.0,7712.0,7696.0,66.0,5084540.0,129373
2023-05-09 21:00:04,y2307,y2307,7702.0,6.0,462320.0,2.0,6,7702.0,7704.0,2,7682.0,7696.0,7712.0,7696.0,72.0,5546860.0,129375
2023-05-09 21:00:04,y2307,y2307,7702.0,2.0,154080.0,0.0,3,7700.0,7706.0,6,7682.0,7696.0,7712.0,7696.0,74.0,5700940.0,129375
2023-05-09 21:00:05,y2307,y2307,7704.0,1.0,77040.0,0.0,7,7702.0,7708.0,2,7682.0,7696.0,7712.0,7696.0,75.0,5777980.0,129375
2023-05-09 21:00:05,y2307,y2307,7708.0,7.0,539540.0,1.0,12,7704.0,7710.0,3,7682.0,7696.0,7712.0,7696.0,82.0,6317520.0,129376
2023-05-09 21:00:06,y2307,y2307,7708.0,5.0,385480.0,-3.0,11,7704.0,7706.0,1,7682.0,7696.0,7712.0,7696.0,87.0,6703000.0,129373
2023-05-09 21:00:06,y2307,y2307,7708.0,7.0,539360.0,-1.0,12,7704.0,7712.0,4,7682.0,7696.0,7712.0,7696.0,94.0,7242360.0,129372
2023-05-09 21:00:07,y2307,y2307,7708.0,2.0,154180.0,1.0,1,7706.0,7708.0,7,7682.0,7696.0,7712.0,7696.0,96.0,7396540.0,129373
2023-05-09 21:00:07,y2307,y2307,7706.0,1.0,77060.0,0.0,13,7702.0,7704.0,1,7682.0,7696.0,7712.0,7696.0,97.0,7473600.0,129373
2023-05-09 21:00:08,y2307,y2307,7704.0,1.0,77040.0,0.0,16,7702.0,7704.0,2,7682.0,7696.0,7712.0,7696.0,98.0,7550640.0,129373
2023-05-09 21:00:08,y2307,y2307,7704.0,6.0,462240.0,4.0,16,7702.0,7704.0,1,7682.0,7696.0,7712.0,7696.0,104.0,8012880.0,129377
2023-05-09 21:00:09,y2307,y2307,7704.0,1.0,77040.0,1.0,2,7704.0,7706.0,1,7682.0,7696.0,7712.0,7696.0,105.0,8089920.0,129378
2023-05-09 21:00:10,y2307,y2307,7704.0,2.0,154080.0,0.0,3,7702.0,7706.0,3,7682.0,7696.0,7712.0,7696.0,107.0,8244000.0,129378
2023-05-09 21:00:10,y2307,y2307,7708.0,14.0,1079100.0,4.0,8,7704.0,7708.0,3,7682.0,7696.0,7712.0,7696.0,121.0,9323100.0,129382
2023-05-09 21:00:11,y2307,y2307,7706.0,1.0,77060.0,-1.0,8,7704.0,7708.0,1,7682.0,7696.0,7712.0,7696.0,122.0,9400160.0,129381
2023-05-09 21:00:11,y2307,y2307,7706.0,0.0,0.0,0.0,7,7702.0,7708.0,6,7682.0,7696.0,7712.0,7696.0,122.0,9400160.0,129381
2023-05-09 21:00:12,y2307,y2307,7706.0,0.0,0.0,0.0,2,7702.0,7706.0,4,7682.0,7696.0,7712.0,7696.0,122.0,9400160.0,129381
2023-05-09 21:00:12,y2307,y2307,7706.0,0.0,0.0,0.0,3,7702.0,7706.0,4,7682.0,7696.0,7712.0,7696.0,122.0,9400160.0,129381
2023-05-09 21:00:13,y2307,y2307,7706.0,0.0,0.0,0.0,3,7702.0,7706.0,3,7682.0,7696.0,7712.0,7696.0,122.0,9400160.0,129381
2023-05-09 21:00:13,y2307,y2307,7706.0,0.0,0.0,0.0,1,7702.0,7706.0,4,7682.0,7696.0,7712.0,7696.0,122.0,9400160.0,129381
2023-05-09 21:00:14,y2307,y2307,7706.0,0.0,0.0,0.0,5,7702.0,7706.0,4,7682.0,7696.0,7712.0,7696.0,122.0,9400160.0,129381
2023-05-09 21:00:14,y2307,y2307,7706.0,2.0,154120.0,0.0,6,7704.0,7708.0,7,7682.0,7696.0,7712.0,7696.0,124.0,9554280.0,129381
2023-05-09 21:00:15,y2307,y2307,7706.0,0.0,0.0,0.0,6,7704.0,7708.0,9,7682.0,7696.0,7712.0,7696.0,124.0,9554280.0,129381
2023-05-09 21:00:15,y2307,y2307,7706.0,0.0,0.0,0.0,13,7704.0,7708.0,4,7682.0,7696.0,7712.0,7696.0,124.0,9554280.0,129381
2023-05-09 21:00:16,y2307,y2307,7706.0,0.0,0.0,0.0,11,7704.0,7708.0,6,7682.0,7696.0,7712.0,7696.0,124.0,9554280.0,129381
2023-05-09 21:00:16,y2307,y2307,7706.0,0.0,0.0,0.0,1,7706.0,7708.0,3,7682.0,7696.0,7712.0,7696.0,124.0,9554280.0,129381
2023-05-09 21:00:17,y2307,y2307,7706.0,0.0,0.0,0.0,2,7706.0,7708.0,2,7682.0,7696.0,7712.0,7696.0,124.0,9554280.0,129381
2023-05-09 21:00:17,y2307,y2307,7706.0,1.0,77060.0,-1.0,11,7704.0,7708.0,2,7682.0,7696.0,7712.0,7696.0,125.0,9631340.0,129380
2023-05-09 21:00:18,y2307,y2307,7706.0,0.0,0.0,0.0,10,7704.0,7708.0,3,7682.0,7696.0,7712.0,7696.0,125.0,9631340.0,129380
2023-05-09 21:00:18,y2307,y2307,7702.0,11.0,847420.0,1.0,10,7702.0,7706.0,1,7682.0,7696.0,7712.0,7696.0,136.0,10478760.0,129381
2023-05-09 21:00:19,y2307,y2307,7702.0,0.0,0.0,0.0,14,7702.0,7706.0,2,7682.0,7696.0,7712.0,7696.0,136.0,10478760.0,129381
2023-05-09 21:00:19,y2307,y2307,7704.0,1.0,77040.0,0.0,10,7702.0,7706.0,2,7682.0,7696.0,7712.0,7696.0,137.0,10555800.0,129381
2023-05-09 21:00:20,y2307,y2307,7704.0,0.0,0.0,0.0,12,7702.0,7706.0,7,7682.0,7696.0,7712.0,7696.0,137.0,10555800.0,129381
2023-05-09 21:00:20,y2307,y2307,7704.0,0.0,0.0,0.0,8,7704.0,7706.0,2,7682.0,7696.0,7712.0,7696.0,137.0,10555800.0,129381
2023-05-09 21:00:21,y2307,y2307,7706.0,2.0,154120.0,-1.0,7,7704.0,7708.0,6,7682.0,7696.0,7712.0,7696.0,139.0,10709920.0,129380
2023-05-09 21:00:21,y2307,y2307,7706.0,0.0,0.0,0.0,1,7706.0,7708.0,7,7682.0,7696.0,7712.0,7696.0,139.0,10709920.0,129380
2023-05-09 21:00:22,y2307,y2307,7704.0,2.0,154100.0,1.0,4,7704.0,7706.0,1,7682.0,7696.0,7712.0,7696.0,141.0,10864020.0,129381
2023-05-09 21:00:22,y2307,y2307,7706.0,10.0,770460.0,-3.0,13,7704.0,7708.0,5,7682.0,7696.0,7712.0,7696.0,151.0,11634480.0,129378
2023-05-09 21:00:23,y2307,y2307,7706.0,5.0,385300.0,-3.0,2,7706.0,7708.0,7,7682.0,7696.0,7712.0,7696.0,156.0,12019780.0,129375
2023-05-09 21:00:23,y2307,y2307,7706.0,0.0,0.0,0.0,2,7706.0,7708.0,9,7682.0,7696.0,7712.0,7696.0,156.0,12019780.0,129375
2023-05-09 21:00:24,y2307,y2307,7706.0,2.0,154120.0,2.0,15,7704.0,7708.0,9,7682.0,7696.0,7712.0,7696.0,158.0,12173900.0,129377
2023-05-09 21:00:24,y2307,y2307,7706.0,0.0,0.0,0.0,12,7704.0,7708.0,9,7682.0,7696.0,7712.0,7696.0,158.0,12173900.0,129377
2023-05-09 21:00:25,y2307,y2307,7706.0,3.0,231180.0,-2.0,1,7704.0,7708.0,9,7682.0,7696.0,7712.0,7696.0,161.0,12405080.0,129375
2023-05-09 21:00:25,y2307,y2307,7704.0,4.0,308220.0,3.0,12,7702.0,7708.0,20,7682.0,7696.0,7712.0,7696.0,165.0,12713300.0,129378
2023-05-09 21:00:26,y2307,y2307,7704.0,0.0,0.0,0.0,2,7702.0,7706.0,4,7682.0,7696.0,7712.0,7696.0,165.0,12713300.0,129378
2023-05-09 21:00:26,y2307,y2307,7704.0,0.0,0.0,0.0,2,7702.0,7704.0,2,7682.0,7696.0,7712.0,7696.0,165.0,12713300.0,129378
2023-05-09 21:00:27,y2307,y2307,7704.0,0.0,0.0,0.0,2,7702.0,7704.0,3,7682.0,7696.0,7712.0,7696.0,165.0,12713300.0,129378
2023-05-09 21:00:27,y2307,y2307,7702.0,6.0,462220.0,-4.0,1,7702.0,7706.0,11,7682.0,7696.0,7712.0,7696.0,171.0,13175520.0,129374
2023-05-09 21:00:28,y2307,y2307,7702.0,0.0,0.0,0.0,1,7702.0,7704.0,2,7682.0,7696.0,7712.0,7696.0,171.0,13175520.0,129374
2023-05-09 21:00:28,y2307,y2307,7702.0,1.0,77020.0,1.0,3,7700.0,7702.0,1,7682.0,7696.0,7712.0,7696.0,172.0,13252540.0,129375
2023-05-09 21:00:29,y2307,y2307,7700.0,1.0,77000.0,-1.0,5,7698.0,7702.0,2,7682.0,7696.0,7712.0,7696.0,173.0,13329540.0,129374
2023-05-09 21:00:29,y2307,y2307,7700.0,0.0,0.0,0.0,4,7700.0,7702.0,2,7682.0,7696.0,7712.0,7696.0,173.0,13329540.0,129374
2023-05-09 21:00:30,y2307,y2307,7702.0,2.0,154040.0,-2.0,4,7700.0,7702.0,2,7682.0,7696.0,7712.0,7696.0,175.0,13483580.0,129372
2023-05-09 21:00:31,y2307,y2307,7700.0,3.0,231000.0,2.0,6,7698.0,7702.0,6,7682.0,7696.0,7712.0,7696.0,178.0,13714580.0,129374
2023-05-09 21:00:31,y2307,y2307,7700.0,0.0,0.0,0.0,18,7696.0,7702.0,11,7682.0,7696.0,7712.0,7696.0,178.0,13714580.0,129374
2023-05-09 21:00:32,y2307,y2307,7700.0,1.0,77000.0,1.0,7,7698.0,7702.0,7,7682.0,7696.0,7712.0,7696.0,179.0,13791580.0,129375
2023-05-09 21:00:33,y2307,y2307,7700.0,0.0,0.0,0.0,3,7698.0,7702.0,17,7682.0,7696.0,7712.0,7696.0,179.0,13791580.0,129375
2023-05-09 21:00:33,y2307,y2307,7698.0,1.0,76980.0,-1.0,75,7696.0,7700.0,3,7682.0,7696.0,7712.0,7696.0,180.0,13868560.0,129374
2023-05-09 21:00:34,y2307,y2307,7698.0,0.0,0.0,0.0,83,7696.0,7700.0,5,7682.0,7696.0,7712.0,7696.0,180.0,13868560.0,129374
2023-05-09 21:00:34,y2307,y2307,7698.0,0.0,0.0,0.0,70,7696.0,7700.0,5,7682.0,7696.0,7712.0,7696.0,180.0,13868560.0,129374
2023-05-09 21:00:35,y2307,y2307,7698.0,0.0,0.0,0.0,29,7696.0,7700.0,16,7682.0,7696.0,7712.0,7696.0,180.0,13868560.0,129374
2023-05-09 21:00:35,y2307,y2307,7698.0,0.0,0.0,0.0,10,7696.0,7700.0,14,7682.0,7696.0,7712.0,7696.0,180.0,13868560.0,129374
2023-05-09 21:00:36,y2307,y2307,7698.0,0.0,0.0,0.0,65,7696.0,7700.0,21,7682.0,7696.0,7712.0,7696.0,180.0,13868560.0,129374
2023-05-09 21:00:36,y2307,y2307,7700.0,21.0,1617000.0,12.0,2,7700.0,7702.0,16,7682.0,7696.0,7712.0,7696.0,201.0,15485560.0,129386
2023-05-09 21:00:37,y2307,y2307,7700.0,2.0,154000.0,-2.0,74,7698.0,7702.0,6,7682.0,7696.0,7712.0,7696.0,203.0,15639560.0,129384
2023-05-09 21:00:37,y2307,y2307,7700.0,1.0,77000.0,1.0,1,7700.0,7702.0,4,7682.0,7696.0,7712.0,7696.0,204.0,15716560.0,129385
2023-05-09 21:00:38,y2307,y2307,7700.0,0.0,0.0,0.0,1,7700.0,7702.0,5,7682.0,7696.0,7712.0,7696.0,204.0,15716560.0,129385
2023-05-09 21:00:38,y2307,y2307,7700.0,1.0,77000.0,1.0,62,7698.0,7702.0,11,7682.0,7696.0,7712.0,7696.0,205.0,15793560.0,129386
2023-05-09 21:00:39,y2307,y2307,7700.0,1.0,77000.0,-1.0,13,7698.0,7702.0,11,7682.0,7696.0,7712.0,7696.0,206.0,15870560.0,129385
2023-05-09 21:00:39,y2307,y2307,7700.0,0.0,0.0,0.0,45,7698.0,7702.0,12,7682.0,7696.0,7712.0,7696.0,206.0,15870560.0,129385
2023-05-09 21:00:40,y2307,y2307,7702.0,1.0,77020.0,0.0,6,7700.0,7702.0,4,7682.0,7696.0,7712.0,7696.0,207.0,15947580.0,129385
2023-05-09 21:00:40,y2307,y2307,7700.0,5.0,385080.0,-2.0,5,7700.0,7704.0,18,7682.0,7696.0,7712.0,7696.0,212.0,16332660.0,129383
2023-05-09 21:00:41,y2307,y2307,7700.0,0.0,0.0,0.0,7,7700.0,7704.0,15,7682.0,7696.0,7712.0,7696.0,212.0,16332660.0,129383
2023-05-09 21:00:41,y2307,y2307,7700.0,1.0,77000.0,0.0,67,7700.0,7704.0,7,7682.0,7696.0,7712.0,7696.0,213.0,16409660.0,129383
2023-05-09 21:00:42,y2307,y2307,7700.0,0.0,0.0,0.0,87,7700.0,7704.0,7,7682.0,7696.0,7712.0,7696.0,213.0,16409660.0,129383
2023-05-09 21:00:43,y2307,y2307,7700.0,0.0,0.0,0.0,93,7700.0,7704.0,5,7682.0,7696.0,7712.0,7696.0,213.0,16409660.0,129383
2023-05-09 21:00:43,y2307,y2307,7700.0,0.0,0.0,0.0,91,7700.0,7704.0,8,7682.0,7696.0,7712.0,7696.0,213.0,16409660.0,129383
2023-05-09 21:00:44,y2307,y2307,7700.0,0.0,0.0,0.0,100,7700.0,7704.0,6,7682.0,7696.0,7712.0,7696.0,213.0,16409660.0,129383
2023-05-09 21:00:44,y2307,y2307,7700.0,0.0,0.0,0.0,100,7700.0,7704.0,4,7682.0,7696.0,7712.0,7696.0,213.0,16409660.0,129383
2023-05-09 21:00:45,y2307,y2307,7700.0,0.0,0.0,0.0,100,7700.0,7704.0,5,7682.0,7696.0,7712.0,7696.0,213.0,16409660.0,129383
2023-05-09 21:00:45,y2307,y2307,7700.0,0.0,0.0,0.0,60,7700.0,7704.0,7,7682.0,7696.0,7712.0,7696.0,213.0,16409660.0,129383
2023-05-09 21:00:46,y2307,y2307,7700.0,0.0,0.0,0.0,31,7700.0,7702.0,2,7682.0,7696.0,7712.0,7696.0,213.0,16409660.0,129383
2023-05-09 21:00:46,y2307,y2307,7700.0,7.0,539060.0,-4.0,60,7700.0,7704.0,8,7682.0,7696.0,7712.0,7696.0,220.0,16948720.0,129379
2023-05-09 21:00:47,y2307,y2307,7700.0,3.0,231000.0,0.0,20,7700.0,7704.0,8,7682.0,7696.0,7712.0,7696.0,223.0,17179720.0,129379
2023-05-09 21:00:47,y2307,y2307,7700.0,0.0,0.0,0.0,7,7700.0,7704.0,13,7682.0,7696.0,7712.0,7696.0,223.0,17179720.0,129379
2023-05-09 21:00:48,y2307,y2307,7700.0,0.0,0.0,0.0,12,7700.0,7702.0,1,7682.0,7696.0,7712.0,7696.0,223.0,17179720.0,129379
2023-05-09 21:00:49,y2307,y2307,7700.0,0.0,0.0,0.0,10,7700.0,7702.0,2,7682.0,7696.0,7712.0,7696.0,223.0,17179720.0,129379
2023-05-09 21:00:50,y2307,y2307,7702.0,3.0,231060.0,-3.0,10,7700.0,7704.0,19,7682.0,7696.0,7712.0,7696.0,226.0,17410780.0,129376
2023-05-09 21:00:50,y2307,y2307,7700.0,4.0,308000.0,-1.0,6,7700.0,7702.0,1,7682.0,7696.0,7712.0,7696.0,230.0,17718780.0,129375
2023-05-09 21:00:51,y2307,y2307,7702.0,3.0,231060.0,-1.0,8,7700.0,7704.0,18,7682.0,7696.0,7712.0,7696.0,233.0,17949840.0,129374
2023-05-09 21:00:51,y2307,y2307,7702.0,0.0,0.0,0.0,5,7700.0,7704.0,15,7682.0,7696.0,7712.0,7696.0,233.0,17949840.0,129374
2023-05-09 21:00:52,y2307,y2307,7702.0,0.0,0.0,0.0,4,7700.0,7704.0,15,7682.0,7696.0,7712.0,7696.0,233.0,17949840.0,129374
2023-05-09 21:00:52,y2307,y2307,7700.0,1.0,77000.0,0.0,3,7700.0,7704.0,16,7682.0,7696.0,7712.0,7696.0,234.0,18026840.0,129374
2023-05-09 21:00:53,y2307,y2307,7700.0,0.0,0.0,0.0,2,7702.0,7704.0,6,7682.0,7696.0,7712.0,7696.0,234.0,18026840.0,129374
2023-05-09 21:00:53,y2307,y2307,7702.0,4.0,308080.0,-1.0,29,7700.0,7702.0,1,7682.0,7696.0,7712.0,7696.0,238.0,18334920.0,129373
2023-05-09 21:00:54,y2307,y2307,7702.0,1.0,77020.0,0.0,26,7700.0,7704.0,9,7682.0,7696.0,7712.0,7696.0,239.0,18411940.0,129373
2023-05-09 21:00:54,y2307,y2307,7700.0,12.0,924040.0,-9.0,16,7700.0,7704.0,7,7682.0,7696.0,7712.0,7696.0,251.0,19335980.0,129364
2023-05-09 21:00:54,y2307,y2307,7700.0,0.0,0.0,0.0,23,7700.0,7704.0,7,7682.0,7696.0,7712.0,7696.0,251.0,19335980.0,129364
2023-05-09 21:00:55,y2307,y2307,7700.0,1.0,77000.0,0.0,24,7700.0,7704.0,9,7682.0,7696.0,7712.0,7696.0,252.0,19412980.0,129364
2023-05-09 21:00:56,y2307,y2307,7700.0,0.0,0.0,0.0,4,7702.0,7704.0,8,7682.0,7696.0,7712.0,7696.0,252.0,19412980.0,129364
2023-05-09 21:00:56,y2307,y2307,7700.0,0.0,0.0,0.0,5,7702.0,7704.0,8,7682.0,7696.0,7712.0,7696.0,252.0,19412980.0,129364
2023-05-09 21:00:57,y2307,y2307,7702.0,1.0,77020.0,1.0,3,7702.0,7704.0,8,7682.0,7696.0,7712.0,7696.0,253.0,19490000.0,129365
2023-05-09 21:00:57,y2307,y2307,7704.0,5.0,385200.0,-5.0,22,7702.0,7706.0,20,7682.0,7696.0,7712.0,7696.0,258.0,19875200.0,129360
2023-05-09 21:00:58,y2307,y2307,7704.0,0.0,0.0,0.0,18,7702.0,7706.0,16,7682.0,7696.0,7712.0,7696.0,258.0,19875200.0,129360
2023-05-09 21:00:58,y2307,y2307,7704.0,0.0,0.0,0.0,23,7702.0,7706.0,14,7682.0,7696.0,7712.0,7696.0,258.0,19875200.0,129360
2023-05-09 21:00:59,y2307,y2307,7704.0,0.0,0.0,0.0,5,7704.0,7706.0,5,7682.0,7696.0,7712.0,7696.0,258.0,19875200.0,129360
2023-05-09 21:00:59,y2307,y2307,7704.0,0.0,0.0,0.0,45,7702.0,7706.0,9,7682.0,7696.0,7712.0,7696.0,258.0,19875200.0,129360
2023-05-09 21:01:00,y2307,y2307,7704.0,0.0,0.0,0.0,40,7702.0,7706.0,7,7682.0,7696.0,7712.0,7696.0,258.0,19875200.0,129360
2023-05-09 21:01:00,y2307,y2307,7706.0,4.0,308240.0,-3.0,17,7704.0,7708.0,21,7682.0,7696.0,7712.0,7696.0,262.0,20183440.0,129357
2023-05-09 21:01:01,y2307,y2307,7706.0,0.0,0.0,0.0,45,7702.0,7706.0,7,7682.0,7696.0,7712.0,7696.0,262.0,20183440.0,129357
2023-05-09 21:01:01,y2307,y2307,7706.0,0.0,0.0,0.0,41,7702.0,7706.0,3,7682.0,7696.0,7712.0,7696.0,262.0,20183440.0,129357
2023-05-09 21:01:02,y2307,y2307,7706.0,0.0,0.0,0.0,39,7702.0,7704.0,1,7682.0,7696.0,7712.0,7696.0,262.0,20183440.0,129357
2023-05-09 21:01:02,y2307,y2307,7704.0,1.0,77040.0,0.0,36,7702.0,7708.0,35,7682.0,7696.0,7712.0,7696.0,263.0,20260480.0,129357
2023-05-09 21:01:03,y2307,y2307,7704.0,6.0,462360.0,6.0,10,7704.0,7708.0,28,7682.0,7696.0,7712.0,7696.0,269.0,20722840.0,129363
2023-05-09 21:01:03,y2307,y2307,7706.0,2.0,154120.0,0.0,10,7704.0,7708.0,4,7682.0,7696.0,7712.0,7696.0,271.0,20876960.0,129363
2023-05-09 21:01:04,y2307,y2307,7706.0,0.0,0.0,0.0,11,7704.0,7708.0,61,7682.0,7696.0,7712.0,7696.0,271.0,20876960.0,129363
2023-05-09 21:01:04,y2307,y2307,7706.0,0.0,0.0,0.0,2,7704.0,7706.0,12,7682.0,7696.0,7712.0,7696.0,271.0,20876960.0,129363
2023-05-09 21:01:05,y2307,y2307,7704.0,2.0,154080.0,0.0,31,7702.0,7704.0,4,7682.0,7696.0,7712.0,7696.0,273.0,21031040.0,129363
2023-05-09 21:01:05,y2307,y2307,7704.0,9.0,693360.0,8.0,44,7702.0,7706.0,20,7682.0,7696.0,7712.0,7696.0,282.0,21724400.0,129371
2023-05-09 21:01:06,y2307,y2307,7704.0,0.0,0.0,0.0,48,7702.0,7706.0,14,7682.0,7696.0,7712.0,7696.0,282.0,21724400.0,129371
2023-05-09 21:01:06,y2307,y2307,7704.0,0.0,0.0,0.0,16,7702.0,7706.0,21,7682.0,7696.0,7712.0,7696.0,282.0,21724400.0,129371
2023-05-09 21:01:07,y2307,y2307,7704.0,0.0,0.0,0.0,26,7702.0,7706.0,24,7682.0,7696.0,7712.0,7696.0,282.0,21724400.0,129371
2023-05-09 21:01:07,y2307,y2307,7704.0,0.0,0.0,0.0,38,7702.0,7706.0,19,7682.0,7696.0,7712.0,7696.0,282.0,21724400.0,129371
2023-05-09 21:01:08,y2307,y2307,7704.0,0.0,0.0,0.0,43,7702.0,7706.0,19,7682.0,7696.0,7712.0,7696.0,282.0,21724400.0,129371
2023-05-09 21:01:08,y2307,y2307,7704.0,0.0,0.0,0.0,47,7702.0,7706.0,19,7682.0,7696.0,7712.0,7696.0,282.0,21724400.0,129371
2023-05-09 21:01:09,y2307,y2307,7704.0,0.0,0.0,0.0,40,7702.0,7706.0,24,7682.0,7696.0,7712.0,7696.0,282.0,21724400.0,129371
2023-05-09 21:01:09,y2307,y2307,7704.0,0.0,0.0,0.0,26,7702.0,7706.0,13,7682.0,7696.0,7712.0,7696.0,282.0,21724400.0,129371
2023-05-09 21:01:10,y2307,y2307,7704.0,7.0,539280.0,-6.0,15,7702.0,7704.0,5,7682.0,7696.0,7712.0,7696.0,289.0,22263680.0,129365
2023-05-09 21:01:10,y2307,y2307,7704.0,7.0,539280.0,-4.0,3,7704.0,7706.0,36,7682.0,7696.0,7712.0,7696.0,296.0,22802960.0,129361
2023-05-09 21:01:11,y2307,y2307,7704.0,1.0,77040.0,0.0,2,7704.0,7706.0,31,7682.0,7696.0,7712.0,7696.0,297.0,22880000.0,129361
2023-05-09 21:01:11,y2307,y2307,7704.0,0.0,0.0,0.0,2,7704.0,7706.0,36,7682.0,7696.0,7712.0,7696.0,297.0,22880000.0,129361
2023-05-09 21:01:12,y2307,y2307,7704.0,2.0,154080.0,0.0,14,7702.0,7706.0,31,7682.0,7696.0,7712.0,7696.0,299.0,23034080.0,129361
2023-05-09 21:01:12,y2307,y2307,7704.0,0.0,0.0,0.0,8,7702.0,7706.0,36,7682.0,7696.0,7712.0,7696.0,299.0,23034080.0,129361
2023-05-09 21:01:13,y2307,y2307,7704.0,0.0,0.0,0.0,4,7702.0,7704.0,28,7682.0,7696.0,7712.0,7696.0,299.0,23034080.0,129361
2023-05-09 21:01:13,y2307,y2307,7704.0,0.0,0.0,0.0,3,7702.0,7704.0,35,7682.0,7696.0,7712.0,7696.0,299.0,23034080.0,129361
2023-05-09 21:01:14,y2307,y2307,7702.0,3.0,231060.0,-3.0,62,7700.0,7704.0,30,7682.0,7696.0,7712.0,7696.0,302.0,23265140.0,129358
2023-05-09 21:01:14,y2307,y2307,7702.0,0.0,0.0,0.0,64,7700.0,7704.0,32,7682.0,7696.0,7712.0,7696.0,302.0,23265140.0,129358
2023-05-09 21:01:15,y2307,y2307,7702.0,0.0,0.0,0.0,69,7700.0,7704.0,32,7682.0,7696.0,7712.0,7696.0,302.0,23265140.0,129358
2023-05-09 21:01:15,y2307,y2307,7702.0,0.0,0.0,0.0,66,7700.0,7704.0,32,7682.0,7696.0,7712.0,7696.0,302.0,23265140.0,129358
2023-05-09 21:01:16,y2307,y2307,7702.0,0.0,0.0,0.0,20,7700.0,7704.0,22,7682.0,7696.0,7712.0,7696.0,302.0,23265140.0,129358
2023-05-09 21:01:16,y2307,y2307,7700.0,2.0,154000.0,-2.0,51,7698.0,7702.0,76,7682.0,7696.0,7712.0,7696.0,304.0,23419140.0,129356
2023-05-09 21:01:17,y2307,y2307,7700.0,0.0,0.0,0.0,2,7700.0,7702.0,45,7682.0,7696.0,7712.0,7696.0,304.0,23419140.0,129356
2023-05-09 21:01:17,y2307,y2307,7702.0,17.0,1309340.0,3.0,18,7700.0,7704.0,129,7682.0,7696.0,7712.0,7696.0,321.0,24728480.0,129359
2023-05-09 21:01:18,y2307,y2307,7700.0,6.0,462000.0,5.0,23,7700.0,7704.0,112,7682.0,7696.0,7712.0,7696.0,327.0,25190480.0,129364
2023-05-09 21:01:18,y2307,y2307,7700.0,5.0,385000.0,5.0,17,7700.0,7702.0,1,7682.0,7696.0,7712.0,7696.0,332.0,25575480.0,129369
2023-05-09 21:01:19,y2307,y2307,7700.0,0.0,0.0,0.0,7,7700.0,7702.0,33,7682.0,7696.0,7712.0,7696.0,332.0,25575480.0,129369
2023-05-09 21:01:19,y2307,y2307,7700.0,0.0,0.0,0.0,26,7698.0,7702.0,23,7682.0,7696.0,7712.0,7696.0,332.0,25575480.0,129369
2023-05-09 21:01:20,y2307,y2307,7702.0,32.0,2464640.0,0.0,19,7700.0,7704.0,104,7682.0,7696.0,7712.0,7696.0,364.0,28040120.0,129369
2023-05-09 21:01:20,y2307,y2307,7702.0,0.0,0.0,0.0,4,7700.0,7702.0,78,7682.0,7696.0,7712.0,7696.0,364.0,28040120.0,129369
2023-05-09 21:01:21,y2307,y2307,7700.0,4.0,308000.0,-2.0,39,7698.0,7702.0,87,7682.0,7696.0,7712.0,7696.0,368.0,28348120.0,129367
2023-05-09 21:01:21,y2307,y2307,7698.0,2.0,153960.0,1.0,28,7698.0,7702.0,66,7682.0,7696.0,7712.0,7696.0,370.0,28502080.0,129368
2023-05-09 21:01:22,y2307,y2307,7698.0,0.0,0.0,0.0,28,7698.0,7702.0,21,7682.0,7696.0,7712.0,7696.0,370.0,28502080.0,129368
2023-05-09 21:01:22,y2307,y2307,7698.0,0.0,0.0,0.0,1,7700.0,7702.0,11,7682.0,7696.0,7712.0,7696.0,370.0,28502080.0,129368
2023-05-09 21:01:23,y2307,y2307,7700.0,1.0,77000.0,0.0,44,7698.0,7702.0,85,7682.0,7696.0,7712.0,7696.0,371.0,28579080.0,129368
2023-05-09 21:01:23,y2307,y2307,7698.0,1.0,76980.0,-1.0,23,7698.0,7700.0,1,7682.0,7696.0,7712.0,7696.0,372.0,28656060.0,129367
2023-05-09 21:01:24,y2307,y2307,7698.0,0.0,0.0,0.0,24,7698.0,7700.0,1,7682.0,7696.0,7712.0,7696.0,372.0,28656060.0,129367
2023-05-09 21:01:24,y2307,y2307,7700.0,1.0,77000.0,0.0,19,7698.0,7702.0,123,7682.0,7696.0,7712.0,7696.0,373.0,28733060.0,129367
2023-05-09 21:01:26,y2307,y2307,7698.0,9.0,692820.0,-1.0,3,7698.0,7700.0,47,7682.0,7696.0,7712.0,7696.0,382.0,29425880.0,129366
2023-05-09 21:01:26,y2307,y2307,7698.0,3.0,230940.0,-1.0,22,7696.0,7700.0,93,7682.0,7696.0,7712.0,7696.0,385.0,29656820.0,129365
2023-05-09 21:01:27,y2307,y2307,7698.0,0.0,0.0,0.0,22,7696.0,7700.0,108,7682.0,7696.0,7712.0,7696.0,385.0,29656820.0,129365
2023-05-09 21:01:27,y2307,y2307,7698.0,0.0,0.0,0.0,17,7696.0,7698.0,1,7682.0,7696.0,7712.0,7696.0,385.0,29656820.0,129365
2023-05-09 21:01:28,y2307,y2307,7698.0,1.0,76980.0,1.0,21,7696.0,7700.0,34,7682.0,7696.0,7712.0,7696.0,386.0,29733800.0,129366
2023-05-09 21:01:28,y2307,y2307,7698.0,2.0,153960.0,0.0,51,7696.0,7700.0,28,7682.0,7696.0,7712.0,7696.0,388.0,29887760.0,129366
2023-05-09 21:01:29,y2307,y2307,7698.0,0.0,0.0,0.0,22,7696.0,7700.0,85,7682.0,7696.0,7712.0,7696.0,388.0,29887760.0,129366
2023-05-09 21:01:29,y2307,y2307,7698.0,0.0,0.0,0.0,22,7696.0,7700.0,66,7682.0,7696.0,7712.0,7696.0,388.0,29887760.0,129366
2023-05-09 21:01:30,y2307,y2307,7698.0,0.0,0.0,0.0,17,7696.0,7698.0,1,7682.0,7696.0,7712.0,7696.0,388.0,29887760.0,129366
2023-05-09 21:01:30,y2307,y2307,7698.0,0.0,0.0,0.0,17,7696.0,7698.0,2,7682.0,7696.0,7712.0,7696.0,388.0,29887760.0,129366
2023-05-09 21:01:31,y2307,y2307,7698.0,0.0,0.0,0.0,17,7696.0,7698.0,1,7682.0,7696.0,7712.0,7696.0,388.0,29887760.0,129366
2023-05-09 21:01:31,y2307,y2307,7698.0,1.0,76980.0,1.0,27,7696.0,7700.0,19,7682.0,7696.0,7712.0,7696.0,389.0,29964740.0,129367
2023-05-09 21:01:32,y2307,y2307,7700.0,19.0,1463000.0,4.0,10,7700.0,7702.0,10,7682.0,7696.0,7712.0,7696.0,408.0,31427740.0,129371
2023-05-09 21:01:32,y2307,y2307,7700.0,0.0,0.0,0.0,7,7700.0,7702.0,3,7682.0,7696.0,7712.0,7696.0,408.0,31427740.0,129371
2023-05-09 21:01:33,y2307,y2307,7702.0,5.0,385100.0,4.0,1,7702.0,7704.0,23,7682.0,7696.0,7712.0,7696.0,413.0,31812840.0,129375
2023-05-09 21:01:33,y2307,y2307,7700.0,10.0,770020.0,-5.0,69,7700.0,7704.0,23,7682.0,7696.0,7712.0,7696.0,423.0,32582860.0,129370
2023-05-09 21:01:34,y2307,y2307,7700.0,0.0,0.0,0.0,68,7700.0,7704.0,33,7682.0,7696.0,7712.0,7696.0,423.0,32582860.0,129370
2023-05-09 21:01:34,y2307,y2307,7700.0,0.0,0.0,0.0,80,7700.0,7704.0,22,7682.0,7696.0,7712.0,7696.0,423.0,32582860.0,129370
2023-05-09 21:01:35,y2307,y2307,7700.0,76.0,5852000.0,-29.0,21,7698.0,7704.0,27,7682.0,7696.0,7712.0,7696.0,499.0,38434860.0,129341
2023-05-09 21:01:35,y2307,y2307,7700.0,0.0,0.0,0.0,7,7700.0,7702.0,3,7682.0,7696.0,7712.0,7696.0,499.0,38434860.0,129341
2023-05-09 21:01:36,y2307,y2307,7700.0,1.0,77000.0,-1.0,6,7700.0,7702.0,3,7682.0,7696.0,7712.0,7696.0,500.0,38511860.0,129340
2023-05-09 21:01:37,y2307,y2307,7702.0,2.0,154040.0,2.0,8,7700.0,7704.0,52,7682.0,7696.0,7712.0,7696.0,502.0,38665900.0,129342
2023-05-09 21:01:37,y2307,y2307,7704.0,8.0,616180.0,-2.0,9,7702.0,7704.0,27,7682.0,7696.0,7712.0,7696.0,510.0,39282080.0,129340
2023-05-09 21:01:38,y2307,y2307,7704.0,0.0,0.0,0.0,10,7702.0,7704.0,17,7682.0,7696.0,7712.0,7696.0,510.0,39282080.0,129340
2023-05-09 21:01:38,y2307,y2307,7704.0,0.0,0.0,0.0,7,7702.0,7704.0,29,7682.0,7696.0,7712.0,7696.0,510.0,39282080.0,129340
2023-05-09 21:01:39,y2307,y2307,7704.0,0.0,0.0,0.0,2,7702.0,7704.0,55,7682.0,7696.0,7712.0,7696.0,510.0,39282080.0,129340
2023-05-09 21:01:39,y2307,y2307,7702.0,2.0,154040.0,0.0,19,7700.0,7702.0,5,7682.0,7696.0,7712.0,7696.0,512.0,39436120.0,129340
2023-05-09 21:01:40,y2307,y2307,7702.0,0.0,0.0,0.0,19,7700.0,7702.0,6,7682.0,7696.0,7712.0,7696.0,512.0,39436120.0,129340
2023-05-09 21:01:41,y2307,y2307,7702.0,0.0,0.0,0.0,4,7700.0,7702.0,59,7682.0,7696.0,7712.0,7696.0,512.0,39436120.0,129340
2023-05-09 21:01:42,y2307,y2307,7702.0,0.0,0.0,0.0,4,7700.0,7702.0,50,7682.0,7696.0,7712.0,7696.0,512.0,39436120.0,129340
2023-05-09 21:01:42,y2307,y2307,7702.0,0.0,0.0,0.0,3,7700.0,7702.0,19,7682.0,7696.0,7712.0,7696.0,512.0,39436120.0,129340
2023-05-09 21:01:43,y2307,y2307,7702.0,0.0,0.0,0.0,6,7700.0,7702.0,18,7682.0,7696.0,7712.0,7696.0,512.0,39436120.0,129340
2023-05-09 21:01:43,y2307,y2307,7700.0,4.0,308000.0,-4.0,20,7698.0,7702.0,67,7682.0,7696.0,7712.0,7696.0,516.0,39744120.0,129336
2023-05-09 21:01:44,y2307,y2307,7700.0,0.0,0.0,0.0,16,7698.0,7700.0,5,7682.0,7696.0,7712.0,7696.0,516.0,39744120.0,129336
2023-05-09 21:01:46,y2307,y2307,7700.0,0.0,0.0,0.0,16,7698.0,7700.0,6,7682.0,7696.0,7712.0,7696.0,516.0,39744120.0,129336
2023-05-09 21:01:47,y2307,y2307,7700.0,0.0,0.0,0.0,16,7698.0,7700.0,7,7682.0,7696.0,7712.0,7696.0,516.0,39744120.0,129336
2023-05-09 21:01:50,y2307,y2307,7700.0,7.0,539000.0,-7.0,15,7698.0,7702.0,32,7682.0,7696.0,7712.0,7696.0,523.0,40283120.0,129329
2023-05-09 21:01:50,y2307,y2307,7700.0,0.0,0.0,0.0,21,7698.0,7702.0,18,7682.0,7696.0,7712.0,7696.0,523.0,40283120.0,129329
2023-05-09 21:01:51,y2307,y2307,7700.0,3.0,231000.0,1.0,27,7698.0,7702.0,17,7682.0,7696.0,7712.0,7696.0,526.0,40514120.0,129330
2023-05-09 21:01:51,y2307,y2307,7700.0,0.0,0.0,0.0,11,7698.0,7700.0,5,7682.0,7696.0,7712.0,7696.0,526.0,40514120.0,129330
2023-05-09 21:01:52,y2307,y2307,7698.0,1.0,76980.0,-1.0,15,7698.0,7700.0,8,7682.0,7696.0,7712.0,7696.0,527.0,40591100.0,129329
2023-05-09 21:01:52,y2307,y2307,7698.0,2.0,153980.0,-1.0,16,7698.0,7700.0,2,7682.0,7696.0,7712.0,7696.0,529.0,40745080.0,129328
2023-05-09 21:01:53,y2307,y2307,7702.0,7.0,538940.0,0.0,10,7698.0,7702.0,91,7682.0,7696.0,7712.0,7696.0,536.0,41284020.0,129328
2023-05-09 21:01:53,y2307,y2307,7698.0,1.0,76980.0,0.0,9,7698.0,7702.0,83,7682.0,7696.0,7712.0,7696.0,537.0,41361000.0,129328
2023-05-09 21:01:54,y2307,y2307,7698.0,1.0,76980.0,0.0,39,7696.0,7700.0,73,7682.0,7696.0,7712.0,7696.0,538.0,41437980.0,129328
2023-05-09 21:01:54,y2307,y2307,7698.0,0.0,0.0,0.0,5,7696.0,7698.0,47,7682.0,7696.0,7712.0,7696.0,538.0,41437980.0,129328
2023-05-09 21:01:55,y2307,y2307,7698.0,1.0,76980.0,-1.0,4,7696.0,7698.0,66,7682.0,7696.0,7712.0,7696.0,539.0,41514960.0,129327
2023-05-09 21:01:55,y2307,y2307,7698.0,0.0,0.0,0.0,4,7696.0,7698.0,47,7682.0,7696.0,7712.0,7696.0,539.0,41514960.0,129327
2023-05-09 21:01:56,y2307,y2307,7698.0,0.0,0.0,0.0,18,7696.0,7698.0,13,7682.0,7696.0,7712.0,7696.0,539.0,41514960.0,129327
2023-05-09 21:01:56,y2307,y2307,7696.0,2.0,153920.0,0.0,16,7696.0,7698.0,4,7682.0,7696.0,7712.0,7696.0,541.0,41668880.0,129327
2023-05-09 21:01:57,y2307,y2307,7698.0,3.0,230940.0,-3.0,19,7696.0,7700.0,78,7682.0,7696.0,7712.0,7696.0,544.0,41899820.0,129324
2023-05-09 21:01:57,y2307,y2307,7698.0,0.0,0.0,0.0,19,7696.0,7700.0,85,7682.0,7696.0,7712.0,7696.0,544.0,41899820.0,129324
2023-05-09 21:01:58,y2307,y2307,7698.0,0.0,0.0,0.0,19,7696.0,7700.0,86,7682.0,7696.0,7712.0,7696.0,544.0,41899820.0,129324
2023-05-09 21:01:58,y2307,y2307,7698.0,0.0,0.0,0.0,17,7696.0,7700.0,86,7682.0,7696.0,7712.0,7696.0,544.0,41899820.0,129324
2023-05-09 21:01:59,y2307,y2307,7698.0,0.0,0.0,0.0,11,7696.0,7700.0,46,7682.0,7696.0,7712.0,7696.0,544.0,41899820.0,129324
2023-05-09 21:01:59,y2307,y2307,7698.0,0.0,0.0,0.0,14,7698.0,7700.0,8,7682.0,7696.0,7712.0,7696.0,544.0,41899820.0,129324
2023-05-09 21:02:00,y2307,y2307,7698.0,0.0,0.0,0.0,26,7698.0,7700.0,3,7682.0,7696.0,7712.0,7696.0,544.0,41899820.0,129324
2023-05-09 21:02:00,y2307,y2307,7698.0,0.0,0.0,0.0,24,7698.0,7700.0,3,7682.0,7696.0,7712.0,7696.0,544.0,41899820.0,129324
2023-05-09 21:02:01,y2307,y2307,7698.0,0.0,0.0,0.0,18,7698.0,7700.0,3,7682.0,7696.0,7712.0,7696.0,544.0,41899820.0,129324
2023-05-09 21:02:02,y2307,y2307,7700.0,2.0,153980.0,-1.0,9,7700.0,7702.0,39,7682.0,7696.0,7712.0,7696.0,546.0,42053800.0,129323
2023-05-09 21:02:02,y2307,y2307,7700.0,4.0,308000.0,-2.0,12,7700.0,7702.0,2,7682.0,7696.0,7712.0,7696.0,550.0,42361800.0,129321
2023-05-09 21:02:03,y2307,y2307,7700.0,22.0,1693960.0,-3.0,78,7698.0,7700.0,2,7682.0,7696.0,7712.0,7696.0,572.0,44055760.0,129318
2023-05-09 21:02:03,y2307,y2307,7700.0,2.0,154000.0,0.0,5,7700.0,7702.0,5,7682.0,7696.0,7712.0,7696.0,574.0,44209760.0,129318
2023-05-09 21:02:05,y2307,y2307,7702.0,3.0,231060.0,2.0,28,7700.0,7704.0,43,7682.0,7696.0,7712.0,7696.0,577.0,44440820.0,129320
2023-05-09 21:02:05,y2307,y2307,7702.0,0.0,0.0,0.0,67,7700.0,7704.0,14,7682.0,7696.0,7712.0,7696.0,577.0,44440820.0,129320
2023-05-09 21:02:05,y2307,y2307,7700.0,1.0,77000.0,0.0,76,7700.0,7704.0,14,7682.0,7696.0,7712.0,7696.0,578.0,44517820.0,129320
2023-05-09 21:02:06,y2307,y2307,7700.0,0.0,0.0,0.0,66,7700.0,7704.0,14,7682.0,7696.0,7712.0,7696.0,578.0,44517820.0,129320
2023-05-09 21:02:07,y2307,y2307,7704.0,1.0,77040.0,-1.0,68,7700.0,7704.0,13,7682.0,7696.0,7712.0,7696.0,579.0,44594860.0,129319
2023-05-09 21:02:08,y2307,y2307,7704.0,0.0,0.0,0.0,68,7700.0,7704.0,14,7682.0,7696.0,7712.0,7696.0,579.0,44594860.0,129319
2023-05-09 21:02:08,y2307,y2307,7704.0,0.0,0.0,0.0,14,7700.0,7702.0,1,7682.0,7696.0,7712.0,7696.0,579.0,44594860.0,129319
2023-05-09 21:02:09,y2307,y2307,7704.0,0.0,0.0,0.0,15,7700.0,7702.0,1,7682.0,7696.0,7712.0,7696.0,579.0,44594860.0,129319
2023-05-09 21:02:10,y2307,y2307,7702.0,1.0,77020.0,0.0,15,7700.0,7704.0,43,7682.0,7696.0,7712.0,7696.0,580.0,44671880.0,129319
2023-05-09 21:02:10,y2307,y2307,7702.0,0.0,0.0,0.0,15,7700.0,7702.0,3,7682.0,7696.0,7712.0,7696.0,580.0,44671880.0,129319
2023-05-09 21:02:11,y2307,y2307,7702.0,0.0,0.0,0.0,15,7700.0,7702.0,4,7682.0,7696.0,7712.0,7696.0,580.0,44671880.0,129319
2023-05-09 21:02:15,y2307,y2307,7702.0,5.0,385100.0,-1.0,15,7700.0,7704.0,87,7682.0,7696.0,7712.0,7696.0,585.0,45056980.0,129318
2023-05-09 21:02:15,y2307,y2307,7702.0,0.0,0.0,0.0,14,7700.0,7704.0,39,7682.0,7696.0,7712.0,7696.0,585.0,45056980.0,129318
2023-05-09 21:02:16,y2307,y2307,7702.0,0.0,0.0,0.0,18,7700.0,7704.0,79,7682.0,7696.0,7712.0,7696.0,585.0,45056980.0,129318
2023-05-09 21:02:16,y2307,y2307,7702.0,0.0,0.0,0.0,14,7700.0,7704.0,87,7682.0,7696.0,7712.0,7696.0,585.0,45056980.0,129318
2023-05-09 21:02:17,y2307,y2307,7702.0,0.0,0.0,0.0,15,7700.0,7704.0,90,7682.0,7696.0,7712.0,7696.0,585.0,45056980.0,129318
2023-05-09 21:02:17,y2307,y2307,7702.0,0.0,0.0,0.0,15,7700.0,7704.0,94,7682.0,7696.0,7712.0,7696.0,585.0,45056980.0,129318
2023-05-09 21:02:19,y2307,y2307,7702.0,0.0,0.0,0.0,17,7700.0,7704.0,94,7682.0,7696.0,7712.0,7696.0,585.0,45056980.0,129318
2023-05-09 21:02:20,y2307,y2307,7702.0,0.0,0.0,0.0,17,7700.0,7704.0,65,7682.0,7696.0,7712.0,7696.0,585.0,45056980.0,129318
2023-05-09 21:02:20,y2307,y2307,7702.0,0.0,0.0,0.0,17,7700.0,7704.0,94,7682.0,7696.0,7712.0,7696.0,585.0,45056980.0,129318
2023-05-09 21:02:21,y2307,y2307,7702.0,0.0,0.0,0.0,15,7700.0,7702.0,1,7682.0,7696.0,7712.0,7696.0,585.0,45056980.0,129318
2023-05-09 21:02:21,y2307,y2307,7702.0,0.0,0.0,0.0,15,7700.0,7702.0,2,7682.0,7696.0,7712.0,7696.0,585.0,45056980.0,129318
2023-05-09 21:02:22,y2307,y2307,7702.0,0.0,0.0,0.0,13,7700.0,7702.0,2,7682.0,7696.0,7712.0,7696.0,585.0,45056980.0,129318
2023-05-09 21:02:26,y2307,y2307,7702.0,0.0,0.0,0.0,13,7700.0,7702.0,3,7682.0,7696.0,7712.0,7696.0,585.0,45056980.0,129318
2023-05-09 21:02:26,y2307,y2307,7700.0,1.0,77000.0,-1.0,12,7700.0,7702.0,2,7682.0,7696.0,7712.0,7696.0,586.0,45133980.0,129317
2023-05-09 21:02:27,y2307,y2307,7700.0,0.0,0.0,0.0,12,7700.0,7704.0,90,7682.0,7696.0,7712.0,7696.0,586.0,45133980.0,129317
2023-05-09 21:02:27,y2307,y2307,7700.0,0.0,0.0,0.0,12,7700.0,7704.0,97,7682.0,7696.0,7712.0,7696.0,586.0,45133980.0,129317
2023-05-09 21:02:29,y2307,y2307,7700.0,0.0,0.0,0.0,12,7700.0,7704.0,92,7682.0,7696.0,7712.0,7696.0,586.0,45133980.0,129317
2023-05-09 21:02:29,y2307,y2307,7700.0,0.0,0.0,0.0,11,7700.0,7704.0,96,7682.0,7696.0,7712.0,7696.0,586.0,45133980.0,129317
2023-05-09 21:02:30,y2307,y2307,7700.0,0.0,0.0,0.0,12,7700.0,7704.0,97,7682.0,7696.0,7712.0,7696.0,586.0,45133980.0,129317
2023-05-09 21:02:30,y2307,y2307,7700.0,0.0,0.0,0.0,12,7700.0,7704.0,92,7682.0,7696.0,7712.0,7696.0,586.0,45133980.0,129317
2023-05-09 21:02:31,y2307,y2307,7700.0,0.0,0.0,0.0,12,7700.0,7702.0,1,7682.0,7696.0,7712.0,7696.0,586.0,45133980.0,129317
2023-05-09 21:02:32,y2307,y2307,7700.0,0.0,0.0,0.0,12,7700.0,7702.0,2,7682.0,7696.0,7712.0,7696.0,586.0,45133980.0,129317
2023-05-09 21:02:35,y2307,y2307,7700.0,0.0,0.0,0.0,12,7700.0,7702.0,3,7682.0,7696.0,7712.0,7696.0,586.0,45133980.0,129317
2023-05-09 21:02:36,y2307,y2307,7702.0,3.0,231060.0,0.0,12,7700.0,7704.0,90,7682.0,7696.0,7712.0,7696.0,589.0,45365040.0,129317
2023-05-09 21:02:37,y2307,y2307,7702.0,0.0,0.0,0.0,33,7700.0,7704.0,44,7682.0,7696.0,7712.0,7696.0,589.0,45365040.0,129317
2023-05-09 21:02:37,y2307,y2307,7702.0,0.0,0.0,0.0,13,7700.0,7704.0,37,7682.0,7696.0,7712.0,7696.0,589.0,45365040.0,129317
2023-05-09 21:02:38,y2307,y2307,7702.0,0.0,0.0,0.0,37,7700.0,7704.0,31,7682.0,7696.0,7712.0,7696.0,589.0,45365040.0,129317
2023-05-09 21:02:38,y2307,y2307,7700.0,2.0,154000.0,0.0,50,7700.0,7704.0,21,7682.0,7696.0,7712.0,7696.0,591.0,45519040.0,129317
2023-05-09 21:02:39,y2307,y2307,7700.0,0.0,0.0,0.0,2,7702.0,7704.0,22,7682.0,7696.0,7712.0,7696.0,591.0,45519040.0,129317
2023-05-09 21:02:39,y2307,y2307,7700.0,0.0,0.0,0.0,51,7700.0,7704.0,22,7682.0,7696.0,7712.0,7696.0,591.0,45519040.0,129317
2023-05-09 21:02:40,y2307,y2307,7700.0,0.0,0.0,0.0,64,7700.0,7704.0,10,7682.0,7696.0,7712.0,7696.0,591.0,45519040.0,129317
2023-05-09 21:02:40,y2307,y2307,7700.0,0.0,0.0,0.0,2,7702.0,7704.0,6,7682.0,7696.0,7712.0,7696.0,591.0,45519040.0,129317
2023-05-09 21:02:42,y2307,y2307,7700.0,0.0,0.0,0.0,59,7700.0,7704.0,5,7682.0,7696.0,7712.0,7696.0,591.0,45519040.0,129317
2023-05-09 21:02:42,y2307,y2307,7700.0,0.0,0.0,0.0,19,7700.0,7702.0,2,7682.0,7696.0,7712.0,7696.0,591.0,45519040.0,129317
2023-05-09 21:02:43,y2307,y2307,7700.0,0.0,0.0,0.0,17,7700.0,7704.0,84,7682.0,7696.0,7712.0,7696.0,591.0,45519040.0,129317
2023-05-09 21:02:43,y2307,y2307,7700.0,0.0,0.0,0.0,22,7700.0,7704.0,37,7682.0,7696.0,7712.0,7696.0,591.0,45519040.0,129317
2023-05-09 21:02:44,y2307,y2307,7700.0,0.0,0.0,0.0,2,7702.0,7704.0,22,7682.0,7696.0,7712.0,7696.0,591.0,45519040.0,129317
2023-05-09 21:02:44,y2307,y2307,7700.0,0.0,0.0,0.0,37,7700.0,7704.0,39,7682.0,7696.0,7712.0,7696.0,591.0,45519040.0,129317
2023-05-09 21:02:45,y2307,y2307,7700.0,0.0,0.0,0.0,14,7700.0,7702.0,1,7682.0,7696.0,7712.0,7696.0,591.0,45519040.0,129317
2023-05-09 21:02:45,y2307,y2307,7700.0,0.0,0.0,0.0,6,7700.0,7702.0,1,7682.0,7696.0,7712.0,7696.0,591.0,45519040.0,129317
2023-05-09 21:02:48,y2307,y2307,7700.0,0.0,0.0,0.0,8,7700.0,7702.0,1,7682.0,7696.0,7712.0,7696.0,591.0,45519040.0,129317
2023-05-09 21:02:48,y2307,y2307,7700.0,0.0,0.0,0.0,6,7700.0,7702.0,1,7682.0,7696.0,7712.0,7696.0,591.0,45519040.0,129317
2023-05-09 21:02:49,y2307,y2307,7700.0,1.0,77000.0,-1.0,5,7700.0,7702.0,1,7682.0,7696.0,7712.0,7696.0,592.0,45596040.0,129316
2023-05-09 21:02:50,y2307,y2307,7700.0,0.0,0.0,0.0,4,7700.0,7702.0,1,7682.0,7696.0,7712.0,7696.0,592.0,45596040.0,129316
2023-05-09 21:02:51,y2307,y2307,7700.0,0.0,0.0,0.0,2,7700.0,7702.0,1,7682.0,7696.0,7712.0,7696.0,592.0,45596040.0,129316
2023-05-09 21:02:52,y2307,y2307,7700.0,1.0,77000.0,-1.0,1,7700.0,7702.0,1,7682.0,7696.0,7712.0,7696.0,593.0,45673040.0,129315
2023-05-09 21:02:53,y2307,y2307,7700.0,3.0,230980.0,0.0,5,7700.0,7702.0,2,7682.0,7696.0,7712.0,7696.0,596.0,45904020.0,129315
2023-05-09 21:02:53,y2307,y2307,7700.0,3.0,231000.0,0.0,2,7700.0,7702.0,1,7682.0,7696.0,7712.0,7696.0,599.0,46135020.0,129315
2023-05-09 21:02:54,y2307,y2307,7700.0,0.0,0.0,0.0,3,7700.0,7702.0,1,7682.0,7696.0,7712.0,7696.0,599.0,46135020.0,129315
2023-05-09 21:02:54,y2307,y2307,7700.0,0.0,0.0,0.0,6,7700.0,7702.0,1,7682.0,7696.0,7712.0,7696.0,599.0,46135020.0,129315
2023-05-09 21:02:55,y2307,y2307,7700.0,0.0,0.0,0.0,6,7700.0,7702.0,3,7682.0,7696.0,7712.0,7696.0,599.0,46135020.0,129315
2023-05-09 21:02:55,y2307,y2307,7700.0,1.0,77000.0,0.0,5,7700.0,7702.0,3,7682.0,7696.0,7712.0,7696.0,600.0,46212020.0,129315
2023-05-09 21:02:56,y2307,y2307,7700.0,0.0,0.0,0.0,5,7700.0,7702.0,2,7682.0,7696.0,7712.0,7696.0,600.0,46212020.0,129315
2023-05-09 21:02:56,y2307,y2307,7700.0,0.0,0.0,0.0,4,7700.0,7702.0,2,7682.0,7696.0,7712.0,7696.0,600.0,46212020.0,129315
2023-05-09 21:02:57,y2307,y2307,7700.0,4.0,308000.0,0.0,72,7698.0,7702.0,3,7682.0,7696.0,7712.0,7696.0,604.0,46520020.0,129315
2023-05-09 21:02:57,y2307,y2307,7700.0,0.0,0.0,0.0,2,7700.0,7702.0,4,7682.0,7696.0,7712.0,7696.0,604.0,46520020.0,129315
2023-05-09 21:02:58,y2307,y2307,7700.0,0.0,0.0,0.0,5,7700.0,7702.0,4,7682.0,7696.0,7712.0,7696.0,604.0,46520020.0,129315
2023-05-09 21:02:58,y2307,y2307,7700.0,1.0,77000.0,0.0,4,7700.0,7702.0,49,7682.0,7696.0,7712.0,7696.0,605.0,46597020.0,129315
2023-05-09 21:02:59,y2307,y2307,7698.0,13.0,1000820.0,-5.0,73,7696.0,7698.0,1,7682.0,7696.0,7712.0,7696.0,618.0,47597840.0,129310
2023-05-09 21:02:59,y2307,y2307,7698.0,2.0,153960.0,0.0,4,7698.0,7700.0,8,7682.0,7696.0,7712.0,7696.0,620.0,47751800.0,129310
2023-05-09 21:03:00,y2307,y2307,7696.0,5.0,384880.0,-4.0,73,7696.0,7700.0,5,7682.0,7696.0,7712.0,7696.0,625.0,48136680.0,129306
2023-05-09 21:03:00,y2307,y2307,7696.0,0.0,0.0,0.0,73,7696.0,7700.0,7,7682.0,7696.0,7712.0,7696.0,625.0,48136680.0,129306
2023-05-09 21:03:01,y2307,y2307,7696.0,2.0,153920.0,1.0,51,7696.0,7700.0,52,7682.0,7696.0,7712.0,7696.0,627.0,48290600.0,129307
2023-05-09 21:03:01,y2307,y2307,7696.0,3.0,230880.0,2.0,2,7696.0,7698.0,1,7682.0,7696.0,7712.0,7696.0,630.0,48521480.0,129309
2023-05-09 21:03:02,y2307,y2307,7696.0,2.0,153920.0,1.0,4,7696.0,7698.0,1,7682.0,7696.0,7712.0,7696.0,632.0,48675400.0,129310
2023-05-09 21:03:02,y2307,y2307,7696.0,1.0,76960.0,1.0,5,7696.0,7698.0,3,7682.0,7696.0,7712.0,7696.0,633.0,48752360.0,129311
2023-05-09 21:03:03,y2307,y2307,7696.0,0.0,0.0,0.0,3,7696.0,7698.0,4,7682.0,7696.0,7712.0,7696.0,633.0,48752360.0,129311
2023-05-09 21:03:03,y2307,y2307,7696.0,1.0,76960.0,1.0,2,7696.0,7698.0,4,7682.0,7696.0,7712.0,7696.0,634.0,48829320.0,129312
2023-05-09 21:03:04,y2307,y2307,7696.0,1.0,76960.0,1.0,1,7696.0,7698.0,4,7682.0,7696.0,7712.0,7696.0,635.0,48906280.0,129313
2023-05-09 21:03:04,y2307,y2307,7698.0,6.0,461840.0,3.0,26,7696.0,7700.0,46,7682.0,7696.0,7712.0,7696.0,641.0,49368120.0,129316
2023-05-09 21:03:05,y2307,y2307,7696.0,1.0,76960.0,1.0,51,7696.0,7700.0,23,7682.0,7696.0,7712.0,7696.0,642.0,49445080.0,129317
2023-05-09 21:03:05,y2307,y2307,7696.0,0.0,0.0,0.0,18,7698.0,7700.0,7,7682.0,7696.0,7712.0,7696.0,642.0,49445080.0,129317
2023-05-09 21:03:06,y2307,y2307,7696.0,0.0,0.0,0.0,19,7698.0,7700.0,7,7682.0,7696.0,7712.0,7696.0,642.0,49445080.0,129317
2023-05-09 21:03:06,y2307,y2307,7696.0,0.0,0.0,0.0,3,7698.0,7700.0,17,7682.0,7696.0,7712.0,7696.0,642.0,49445080.0,129317
2023-05-09 21:03:07,y2307,y2307,7696.0,0.0,0.0,0.0,44,7696.0,7700.0,11,7682.0,7696.0,7712.0,7696.0,642.0,49445080.0,129317
2023-05-09 21:03:07,y2307,y2307,7698.0,1.0,76980.0,1.0,69,7696.0,7700.0,11,7682.0,7696.0,7712.0,7696.0,643.0,49522060.0,129318
2023-05-09 21:03:08,y2307,y2307,7698.0,0.0,0.0,0.0,21,7698.0,7700.0,11,7682.0,7696.0,7712.0,7696.0,643.0,49522060.0,129318
2023-05-09 21:03:08,y2307,y2307,7698.0,0.0,0.0,0.0,32,7698.0,7700.0,9,7682.0,7696.0,7712.0,7696.0,643.0,49522060.0,129318
2023-05-09 21:03:09,y2307,y2307,7698.0,0.0,0.0,0.0,16,7698.0,7700.0,9,7682.0,7696.0,7712.0,7696.0,643.0,49522060.0,129318
2023-05-09 21:03:09,y2307,y2307,7698.0,0.0,0.0,0.0,5,7698.0,7700.0,15,7682.0,7696.0,7712.0,7696.0,643.0,49522060.0,129318
2023-05-09 21:03:10,y2307,y2307,7698.0,0.0,0.0,0.0,46,7696.0,7700.0,15,7682.0,7696.0,7712.0,7696.0,643.0,49522060.0,129318
2023-05-09 21:03:10,y2307,y2307,7698.0,0.0,0.0,0.0,39,7696.0,7700.0,11,7682.0,7696.0,7712.0,7696.0,643.0,49522060.0,129318
2023-05-09 21:03:11,y2307,y2307,7698.0,0.0,0.0,0.0,8,7698.0,7700.0,11,7682.0,7696.0,7712.0,7696.0,643.0,49522060.0,129318
2023-05-09 21:03:11,y2307,y2307,7698.0,0.0,0.0,0.0,2,7698.0,7700.0,20,7682.0,7696.0,7712.0,7696.0,643.0,49522060.0,129318
2023-05-09 21:03:12,y2307,y2307,7698.0,2.0,153960.0,0.0,49,7696.0,7700.0,25,7682.0,7696.0,7712.0,7696.0,645.0,49676020.0,129318
2023-05-09 21:03:12,y2307,y2307,7698.0,0.0,0.0,0.0,56,7696.0,7700.0,22,7682.0,7696.0,7712.0,7696.0,645.0,49676020.0,129318
2023-05-09 21:03:13,y2307,y2307,7698.0,0.0,0.0,0.0,60,7696.0,7700.0,22,7682.0,7696.0,7712.0,7696.0,645.0,49676020.0,129318
2023-05-09 21:03:13,y2307,y2307,7698.0,0.0,0.0,0.0,65,7696.0,7700.0,22,7682.0,7696.0,7712.0,7696.0,645.0,49676020.0,129318
2023-05-09 21:03:14,y2307,y2307,7698.0,0.0,0.0,0.0,67,7696.0,7700.0,22,7682.0,7696.0,7712.0,7696.0,645.0,49676020.0,129318
2023-05-09 21:03:15,y2307,y2307,7698.0,0.0,0.0,0.0,62,7696.0,7700.0,27,7682.0,7696.0,7712.0,7696.0,645.0,49676020.0,129318
2023-05-09 21:03:15,y2307,y2307,7698.0,0.0,0.0,0.0,61,7696.0,7700.0,27,7682.0,7696.0,7712.0,7696.0,645.0,49676020.0,129318
2023-05-09 21:03:16,y2307,y2307,7698.0,0.0,0.0,0.0,59,7696.0,7700.0,37,7682.0,7696.0,7712.0,7696.0,645.0,49676020.0,129318
2023-05-09 21:03:17,y2307,y2307,7698.0,0.0,0.0,0.0,47,7696.0,7700.0,42,7682.0,7696.0,7712.0,7696.0,645.0,49676020.0,129318
2023-05-09 21:03:17,y2307,y2307,7698.0,1.0,76980.0,0.0,30,7696.0,7700.0,40,7682.0,7696.0,7712.0,7696.0,646.0,49753000.0,129318
2023-05-09 21:03:18,y2307,y2307,7698.0,0.0,0.0,0.0,35,7696.0,7700.0,65,7682.0,7696.0,7712.0,7696.0,646.0,49753000.0,129318
2023-05-09 21:03:18,y2307,y2307,7698.0,0.0,0.0,0.0,43,7696.0,7700.0,41,7682.0,7696.0,7712.0,7696.0,646.0,49753000.0,129318
2023-05-09 21:03:19,y2307,y2307,7698.0,0.0,0.0,0.0,46,7696.0,7700.0,36,7682.0,7696.0,7712.0,7696.0,646.0,49753000.0,129318
2023-05-09 21:03:19,y2307,y2307,7698.0,0.0,0.0,0.0,51,7696.0,7700.0,31,7682.0,7696.0,7712.0,7696.0,646.0,49753000.0,129318
2023-05-09 21:03:20,y2307,y2307,7698.0,0.0,0.0,0.0,33,7696.0,7700.0,32,7682.0,7696.0,7712.0,7696.0,646.0,49753000.0,129318
2023-05-09 21:03:20,y2307,y2307,7698.0,0.0,0.0,0.0,18,7696.0,7700.0,60,7682.0,7696.0,7712.0,7696.0,646.0,49753000.0,129318
2023-05-09 21:03:21,y2307,y2307,7698.0,0.0,0.0,0.0,18,7696.0,7698.0,3,7682.0,7696.0,7712.0,7696.0,646.0,49753000.0,129318
2023-05-09 21:03:21,y2307,y2307,7698.0,0.0,0.0,0.0,18,7696.0,7698.0,7,7682.0,7696.0,7712.0,7696.0,646.0,49753000.0,129318
2023-05-09 21:03:22,y2307,y2307,7698.0,0.0,0.0,0.0,18,7696.0,7698.0,5,7682.0,7696.0,7712.0,7696.0,646.0,49753000.0,129318
2023-05-09 21:03:23,y2307,y2307,7698.0,0.0,0.0,0.0,17,7696.0,7698.0,5,7682.0,7696.0,7712.0,7696.0,646.0,49753000.0,129318
2023-05-09 21:03:23,y2307,y2307,7698.0,0.0,0.0,0.0,17,7696.0,7698.0,6,7682.0,7696.0,7712.0,7696.0,646.0,49753000.0,129318
2023-05-09 21:03:24,y2307,y2307,7698.0,0.0,0.0,0.0,17,7696.0,7698.0,5,7682.0,7696.0,7712.0,7696.0,646.0,49753000.0,129318
2023-05-09 21:03:26,y2307,y2307,7696.0,16.0,1231360.0,16.0,37,7694.0,7696.0,6,7682.0,7696.0,7712.0,7696.0,662.0,50984360.0,129334
2023-05-09 21:03:26,y2307,y2307,7696.0,0.0,0.0,0.0,23,7694.0,7696.0,7,7682.0,7696.0,7712.0,7696.0,662.0,50984360.0,129334
2023-05-09 21:03:27,y2307,y2307,7696.0,0.0,0.0,0.0,33,7694.0,7696.0,9,7682.0,7696.0,7712.0,7696.0,662.0,50984360.0,129334
2023-05-09 21:03:28,y2307,y2307,7696.0,1.0,76960.0,1.0,32,7694.0,7696.0,9,7682.0,7696.0,7712.0,7696.0,663.0,51061320.0,129335
2023-05-09 21:03:29,y2307,y2307,7696.0,6.0,461760.0,5.0,28,7694.0,7696.0,9,7682.0,7696.0,7712.0,7696.0,669.0,51523080.0,129340
2023-05-09 21:03:29,y2307,y2307,7696.0,10.0,769600.0,9.0,13,7694.0,7696.0,10,7682.0,7696.0,7712.0,7696.0,679.0,52292680.0,129349
2023-05-09 21:03:30,y2307,y2307,7696.0,1.0,76960.0,1.0,12,7694.0,7696.0,31,7682.0,7696.0,7712.0,7696.0,680.0,52369640.0,129350
2023-05-09 21:03:30,y2307,y2307,7696.0,0.0,0.0,0.0,5,7694.0,7696.0,34,7682.0,7696.0,7712.0,7696.0,680.0,52369640.0,129350
2023-05-09 21:03:31,y2307,y2307,7696.0,0.0,0.0,0.0,7,7694.0,7696.0,44,7682.0,7696.0,7712.0,7696.0,680.0,52369640.0,129350
2023-05-09 21:03:31,y2307,y2307,7694.0,7.0,538580.0,5.0,26,7692.0,7694.0,22,7682.0,7696.0,7712.0,7694.0,687.0,52908220.0,129355
2023-05-09 21:03:32,y2307,y2307,7694.0,0.0,0.0,0.0,15,7692.0,7694.0,26,7682.0,7696.0,7712.0,7694.0,687.0,52908220.0,129355
2023-05-09 21:03:33,y2307,y2307,7694.0,0.0,0.0,0.0,15,7692.0,7694.0,25,7682.0,7696.0,7712.0,7694.0,687.0,52908220.0,129355
2023-05-09 21:03:33,y2307,y2307,7694.0,3.0,230820.0,1.0,15,7692.0,7696.0,57,7682.0,7696.0,7712.0,7694.0,690.0,53139040.0,129356
2023-05-09 21:03:34,y2307,y2307,7694.0,0.0,0.0,0.0,15,7692.0,7694.0,22,7682.0,7696.0,7712.0,7694.0,690.0,53139040.0,129356
2023-05-09 21:03:34,y2307,y2307,7694.0,2.0,153880.0,0.0,74,7692.0,7696.0,67,7682.0,7696.0,7712.0,7694.0,692.0,53292920.0,129356
2023-05-09 21:03:35,y2307,y2307,7694.0,0.0,0.0,0.0,92,7692.0,7696.0,42,7682.0,7696.0,7712.0,7694.0,692.0,53292920.0,129356
2023-05-09 21:03:35,y2307,y2307,7694.0,0.0,0.0,0.0,94,7692.0,7696.0,42,7682.0,7696.0,7712.0,7694.0,692.0,53292920.0,129356
2023-05-09 21:03:36,y2307,y2307,7694.0,0.0,0.0,0.0,91,7692.0,7696.0,42,7682.0,7696.0,7712.0,7694.0,692.0,53292920.0,129356
2023-05-09 21:03:36,y2307,y2307,7694.0,0.0,0.0,0.0,93,7692.0,7696.0,42,7682.0,7696.0,7712.0,7694.0,692.0,53292920.0,129356
2023-05-09 21:03:37,y2307,y2307,7694.0,0.0,0.0,0.0,86,7692.0,7696.0,43,7682.0,7696.0,7712.0,7694.0,692.0,53292920.0,129356
2023-05-09 21:03:37,y2307,y2307,7694.0,0.0,0.0,0.0,89,7692.0,7696.0,43,7682.0,7696.0,7712.0,7694.0,692.0,53292920.0,129356
2023-05-09 21:03:40,y2307,y2307,7694.0,0.0,0.0,0.0,86,7692.0,7696.0,43,7682.0,7696.0,7712.0,7694.0,692.0,53292920.0,129356
2023-05-09 21:03:40,y2307,y2307,7696.0,1.0,76960.0,0.0,84,7692.0,7696.0,47,7682.0,7696.0,7712.0,7694.0,693.0,53369880.0,129356
2023-05-09 21:03:41,y2307,y2307,7696.0,0.0,0.0,0.0,89,7692.0,7696.0,43,7682.0,7696.0,7712.0,7694.0,693.0,53369880.0,129356
2023-05-09 21:03:41,y2307,y2307,7696.0,0.0,0.0,0.0,88,7692.0,7696.0,43,7682.0,7696.0,7712.0,7694.0,693.0,53369880.0,129356
2023-05-09 21:03:42,y2307,y2307,7696.0,0.0,0.0,0.0,80,7692.0,7696.0,43,7682.0,7696.0,7712.0,7694.0,693.0,53369880.0,129356
2023-05-09 21:03:42,y2307,y2307,7696.0,0.0,0.0,0.0,80,7692.0,7696.0,48,7682.0,7696.0,7712.0,7694.0,693.0,53369880.0,129356
2023-05-09 21:03:43,y2307,y2307,7696.0,0.0,0.0,0.0,88,7692.0,7696.0,43,7682.0,7696.0,7712.0,7694.0,693.0,53369880.0,129356
2023-05-09 21:03:43,y2307,y2307,7696.0,0.0,0.0,0.0,85,7692.0,7696.0,43,7682.0,7696.0,7712.0,7694.0,693.0,53369880.0,129356
2023-05-09 21:03:44,y2307,y2307,7694.0,1.0,76940.0,1.0,85,7692.0,7696.0,42,7682.0,7696.0,7712.0,7694.0,694.0,53446820.0,129357
2023-05-09 21:03:44,y2307,y2307,7694.0,2.0,153880.0,2.0,85,7692.0,7696.0,42,7682.0,7696.0,7712.0,7694.0,696.0,53600700.0,129359
2023-05-09 21:03:45,y2307,y2307,7694.0,0.0,0.0,0.0,77,7692.0,7696.0,47,7682.0,7696.0,7712.0,7694.0,696.0,53600700.0,129359
2023-05-09 21:03:45,y2307,y2307,7694.0,0.0,0.0,0.0,85,7692.0,7696.0,42,7682.0,7696.0,7712.0,7694.0,696.0,53600700.0,129359
2023-05-09 21:03:46,y2307,y2307,7694.0,1.0,76940.0,1.0,23,7692.0,7694.0,29,7682.0,7696.0,7712.0,7694.0,697.0,53677640.0,129360
2023-05-09 21:03:46,y2307,y2307,7692.0,15.0,1153800.0,11.0,41,7690.0,7692.0,15,7682.0,7696.0,7712.0,7692.0,712.0,54831440.0,129371
2023-05-09 21:03:47,y2307,y2307,7690.0,1.0,76900.0,0.0,17,7690.0,7692.0,18,7682.0,7696.0,7712.0,7690.0,713.0,54908340.0,129371
2023-05-09 21:03:47,y2307,y2307,7690.0,0.0,0.0,0.0,12,7690.0,7692.0,18,7682.0,7696.0,7712.0,7690.0,713.0,54908340.0,129371
2023-05-09 21:03:49,y2307,y2307,7690.0,0.0,0.0,0.0,12,7690.0,7692.0,16,7682.0,7696.0,7712.0,7690.0,713.0,54908340.0,129371
2023-05-09 21:03:49,y2307,y2307,7692.0,1.0,76920.0,0.0,36,7690.0,7692.0,5,7682.0,7696.0,7712.0,7690.0,714.0,54985260.0,129371
2023-05-09 21:03:50,y2307,y2307,7692.0,5.0,384600.0,-5.0,49,7690.0,7694.0,25,7682.0,7696.0,7712.0,7690.0,719.0,55369860.0,129366
2023-05-09 21:03:50,y2307,y2307,7692.0,0.0,0.0,0.0,35,7690.0,7694.0,10,7682.0,7696.0,7712.0,7690.0,719.0,55369860.0,129366
2023-05-09 21:03:51,y2307,y2307,7692.0,0.0,0.0,0.0,16,7690.0,7694.0,40,7682.0,7696.0,7712.0,7690.0,719.0,55369860.0,129366
2023-05-09 21:03:51,y2307,y2307,7692.0,0.0,0.0,0.0,35,7690.0,7694.0,57,7682.0,7696.0,7712.0,7690.0,719.0,55369860.0,129366
2023-05-09 21:03:52,y2307,y2307,7692.0,0.0,0.0,0.0,68,7690.0,7694.0,27,7682.0,7696.0,7712.0,7690.0,719.0,55369860.0,129366
2023-05-09 21:03:52,y2307,y2307,7692.0,0.0,0.0,0.0,59,7690.0,7694.0,22,7682.0,7696.0,7712.0,7690.0,719.0,55369860.0,129366
2023-05-09 21:03:53,y2307,y2307,7692.0,2.0,153840.0,0.0,44,7690.0,7694.0,12,7682.0,7696.0,7712.0,7690.0,721.0,55523700.0,129366
2023-05-09 21:03:53,y2307,y2307,7692.0,0.0,0.0,0.0,20,7690.0,7692.0,10,7682.0,7696.0,7712.0,7690.0,721.0,55523700.0,129366
2023-05-09 21:03:54,y2307,y2307,7692.0,3.0,230780.0,1.0,14,7690.0,7692.0,11,7682.0,7696.0,7712.0,7690.0,724.0,55754480.0,129367
2023-05-09 21:03:54,y2307,y2307,7692.0,0.0,0.0,0.0,15,7690.0,7692.0,11,7682.0,7696.0,7712.0,7690.0,724.0,55754480.0,129367
2023-05-09 21:03:55,y2307,y2307,7692.0,0.0,0.0,0.0,4,7690.0,7692.0,11,7682.0,7696.0,7712.0,7690.0,724.0,55754480.0,129367
2023-05-09 21:03:55,y2307,y2307,7690.0,4.0,307600.0,2.0,24,7688.0,7692.0,23,7682.0,7696.0,7712.0,7690.0,728.0,56062080.0,129369
2023-05-09 21:03:56,y2307,y2307,7690.0,0.0,0.0,0.0,15,7688.0,7692.0,34,7682.0,7696.0,7712.0,7690.0,728.0,56062080.0,129369
2023-05-09 21:03:56,y2307,y2307,7688.0,1.0,76880.0,-1.0,2,7688.0,7692.0,34,7682.0,7696.0,7712.0,7688.0,729.0,56138960.0,129368
2023-05-09 21:03:57,y2307,y2307,7688.0,1.0,76880.0,0.0,1,7688.0,7690.0,6,7682.0,7696.0,7712.0,7688.0,730.0,56215840.0,129368
2023-05-09 21:03:57,y2307,y2307,7688.0,2.0,153760.0,0.0,2,7688.0,7690.0,4,7682.0,7696.0,7712.0,7688.0,732.0,56369600.0,129368
2023-05-09 21:03:58,y2307,y2307,7688.0,0.0,0.0,0.0,3,7688.0,7690.0,4,7682.0,7696.0,7712.0,7688.0,732.0,56369600.0,129368
2023-05-09 21:03:59,y2307,y2307,7690.0,2.0,153800.0,2.0,1,7688.0,7690.0,2,7682.0,7696.0,7712.0,7688.0,734.0,56523400.0,129370
2023-05-09 21:03:59,y2307,y2307,7690.0,2.0,153800.0,1.0,1,7688.0,7692.0,274,7682.0,7696.0,7712.0,7688.0,736.0,56677200.0,129371
2023-05-09 21:04:00,y2307,y2307,7688.0,1.0,76880.0,0.0,29,7686.0,7690.0,88,7682.0,7696.0,7712.0,7688.0,737.0,56754080.0,129371
2023-05-09 21:04:00,y2307,y2307,7688.0,0.0,0.0,0.0,1,7688.0,7690.0,14,7682.0,7696.0,7712.0,7688.0,737.0,56754080.0,129371
2023-05-09 21:04:01,y2307,y2307,7688.0,0.0,0.0,0.0,1,7688.0,7690.0,10,7682.0,7696.0,7712.0,7688.0,737.0,56754080.0,129371
2023-05-09 21:04:01,y2307,y2307,7688.0,0.0,0.0,0.0,2,7688.0,7690.0,5,7682.0,7696.0,7712.0,7688.0,737.0,56754080.0,129371
2023-05-09 21:04:02,y2307,y2307,7688.0,0.0,0.0,0.0,4,7688.0,7690.0,5,7682.0,7696.0,7712.0,7688.0,737.0,56754080.0,129371
2023-05-09 21:04:02,y2307,y2307,7688.0,0.0,0.0,0.0,3,7688.0,7690.0,5,7682.0,7696.0,7712.0,7688.0,737.0,56754080.0,129371
2023-05-09 21:04:03,y2307,y2307,7690.0,4.0,307600.0,0.0,12,7690.0,7692.0,90,7682.0,7696.0,7712.0,7688.0,741.0,57061680.0,129371
2023-05-09 21:04:03,y2307,y2307,7690.0,0.0,0.0,0.0,17,7690.0,7692.0,109,7682.0,7696.0,7712.0,7688.0,741.0,57061680.0,129371
2023-05-09 21:04:04,y2307,y2307,7690.0,17.0,1307300.0,17.0,10,7688.0,7690.0,5,7682.0,7696.0,7712.0,7688.0,758.0,58368980.0,129388
2023-05-09 21:04:04,y2307,y2307,7690.0,5.0,384500.0,-5.0,17,7688.0,7692.0,120,7682.0,7696.0,7712.0,7688.0,763.0,58753480.0,129383
2023-05-09 21:04:05,y2307,y2307,7690.0,0.0,0.0,0.0,6,7688.0,7690.0,5,7682.0,7696.0,7712.0,7688.0,763.0,58753480.0,129383
2023-05-09 21:04:05,y2307,y2307,7690.0,0.0,0.0,0.0,7,7688.0,7690.0,2,7682.0,7696.0,7712.0,7688.0,763.0,58753480.0,129383
2023-05-09 21:04:06,y2307,y2307,7690.0,1.0,76900.0,0.0,5,7688.0,7690.0,1,7682.0,7696.0,7712.0,7688.0,764.0,58830380.0,129383
2023-05-09 21:04:06,y2307,y2307,7690.0,0.0,0.0,0.0,7,7688.0,7690.0,3,7682.0,7696.0,7712.0,7688.0,764.0,58830380.0,129383
2023-05-09 21:04:07,y2307,y2307,7690.0,1.0,76900.0,1.0,4,7688.0,7692.0,35,7682.0,7696.0,7712.0,7688.0,765.0,58907280.0,129384
2023-05-09 21:04:07,y2307,y2307,7690.0,0.0,0.0,0.0,3,7688.0,7690.0,5,7682.0,7696.0,7712.0,7688.0,765.0,58907280.0,129384
2023-05-09 21:04:08,y2307,y2307,7690.0,0.0,0.0,0.0,9,7688.0,7690.0,4,7682.0,7696.0,7712.0,7688.0,765.0,58907280.0,129384
2023-05-09 21:04:08,y2307,y2307,7692.0,8.0,615320.0,3.0,5,7690.0,7692.0,126,7682.0,7696.0,7712.0,7688.0,773.0,59522600.0,129387
2023-05-09 21:04:09,y2307,y2307,7690.0,5.0,384500.0,0.0,16,7688.0,7692.0,126,7682.0,7696.0,7712.0,7688.0,778.0,59907100.0,129387
2023-05-09 21:04:09,y2307,y2307,7690.0,0.0,0.0,0.0,18,7688.0,7690.0,1,7682.0,7696.0,7712.0,7688.0,778.0,59907100.0,129387
2023-05-09 21:04:10,y2307,y2307,7690.0,0.0,0.0,0.0,15,7688.0,7690.0,1,7682.0,7696.0,7712.0,7688.0,778.0,59907100.0,129387
2023-05-09 21:04:10,y2307,y2307,7690.0,0.0,0.0,0.0,16,7688.0,7690.0,1,7682.0,7696.0,7712.0,7688.0,778.0,59907100.0,129387
2023-05-09 21:04:11,y2307,y2307,7690.0,4.0,307600.0,0.0,18,7688.0,7692.0,104,7682.0,7696.0,7712.0,7688.0,782.0,60214700.0,129387
2023-05-09 21:04:11,y2307,y2307,7690.0,0.0,0.0,0.0,18,7688.0,7692.0,107,7682.0,7696.0,7712.0,7688.0,782.0,60214700.0,129387
2023-05-09 21:04:12,y2307,y2307,7690.0,0.0,0.0,0.0,1,7690.0,7692.0,98,7682.0,7696.0,7712.0,7688.0,782.0,60214700.0,129387
2023-05-09 21:04:12,y2307,y2307,7690.0,0.0,0.0,0.0,1,7690.0,7692.0,94,7682.0,7696.0,7712.0,7688.0,782.0,60214700.0,129387
2023-05-09 21:04:13,y2307,y2307,7690.0,0.0,0.0,0.0,1,7690.0,7692.0,56,7682.0,7696.0,7712.0,7688.0,782.0,60214700.0,129387
2023-05-09 21:04:13,y2307,y2307,7690.0,0.0,0.0,0.0,7,7690.0,7692.0,13,7682.0,7696.0,7712.0,7688.0,782.0,60214700.0,129387
2023-05-09 21:04:14,y2307,y2307,7690.0,0.0,0.0,0.0,9,7690.0,7692.0,14,7682.0,7696.0,7712.0,7688.0,782.0,60214700.0,129387
2023-05-09 21:04:14,y2307,y2307,7690.0,0.0,0.0,0.0,10,7690.0,7692.0,3,7682.0,7696.0,7712.0,7688.0,782.0,60214700.0,129387
2023-05-09 21:04:15,y2307,y2307,7690.0,0.0,0.0,0.0,10,7690.0,7692.0,5,7682.0,7696.0,7712.0,7688.0,782.0,60214700.0,129387
2023-05-09 21:04:17,y2307,y2307,7690.0,0.0,0.0,0.0,20,7690.0,7692.0,3,7682.0,7696.0,7712.0,7688.0,782.0,60214700.0,129387
2023-05-09 21:04:17,y2307,y2307,7690.0,0.0,0.0,0.0,20,7690.0,7692.0,4,7682.0,7696.0,7712.0,7688.0,782.0,60214700.0,129387
2023-05-09 21:04:18,y2307,y2307,7690.0,0.0,0.0,0.0,19,7690.0,7692.0,4,7682.0,7696.0,7712.0,7688.0,782.0,60214700.0,129387
2023-05-09 21:04:18,y2307,y2307,7690.0,0.0,0.0,0.0,18,7690.0,7692.0,243,7682.0,7696.0,7712.0,7688.0,782.0,60214700.0,129387
2023-05-09 21:04:19,y2307,y2307,7690.0,20.0,1538000.0,11.0,18,7688.0,7690.0,7,7682.0,7696.0,7712.0,7688.0,802.0,61752700.0,129398
2023-05-09 21:04:19,y2307,y2307,7690.0,1.0,76900.0,0.0,18,7688.0,7690.0,6,7682.0,7696.0,7712.0,7688.0,803.0,61829600.0,129398
2023-05-09 21:04:20,y2307,y2307,7690.0,0.0,0.0,0.0,18,7688.0,7690.0,24,7682.0,7696.0,7712.0,7688.0,803.0,61829600.0,129398
2023-05-09 21:04:20,y2307,y2307,7688.0,2.0,153760.0,1.0,8,7688.0,7690.0,117,7682.0,7696.0,7712.0,7688.0,805.0,61983360.0,129399
2023-05-09 21:04:21,y2307,y2307,7688.0,8.0,615040.0,4.0,10,7686.0,7690.0,135,7682.0,7696.0,7712.0,7688.0,813.0,62598400.0,129403
2023-05-09 21:04:21,y2307,y2307,7688.0,0.0,0.0,0.0,6,7686.0,7688.0,3,7682.0,7696.0,7712.0,7688.0,813.0,62598400.0,129403
2023-05-09 21:04:23,y2307,y2307,7688.0,0.0,0.0,0.0,5,7686.0,7688.0,4,7682.0,7696.0,7712.0,7688.0,813.0,62598400.0,129403
2023-05-09 21:04:24,y2307,y2307,7688.0,1.0,76880.0,-1.0,5,7686.0,7688.0,5,7682.0,7696.0,7712.0,7688.0,814.0,62675280.0,129402
2023-05-09 21:04:25,y2307,y2307,7688.0,0.0,0.0,0.0,6,7686.0,7688.0,3,7682.0,7696.0,7712.0,7688.0,814.0,62675280.0,129402
2023-05-09 21:04:26,y2307,y2307,7688.0,0.0,0.0,0.0,4,7686.0,7688.0,3,7682.0,7696.0,7712.0,7688.0,814.0,62675280.0,129402
2023-05-09 21:04:26,y2307,y2307,7688.0,0.0,0.0,0.0,6,7686.0,7688.0,3,7682.0,7696.0,7712.0,7688.0,814.0,62675280.0,129402
2023-05-09 21:04:29,y2307,y2307,7688.0,0.0,0.0,0.0,6,7686.0,7688.0,2,7682.0,7696.0,7712.0,7688.0,814.0,62675280.0,129402
2023-05-09 21:04:30,y2307,y2307,7688.0,1.0,76880.0,0.0,6,7686.0,7690.0,264,7682.0,7696.0,7712.0,7688.0,815.0,62752160.0,129402
2023-05-09 21:04:30,y2307,y2307,7688.0,0.0,0.0,0.0,4,7686.0,7688.0,4,7682.0,7696.0,7712.0,7688.0,815.0,62752160.0,129402
2023-05-09 21:04:31,y2307,y2307,7688.0,0.0,0.0,0.0,1,7686.0,7688.0,17,7682.0,7696.0,7712.0,7688.0,815.0,62752160.0,129402
2023-05-09 21:04:31,y2307,y2307,7688.0,0.0,0.0,0.0,1,7686.0,7688.0,37,7682.0,7696.0,7712.0,7688.0,815.0,62752160.0,129402
2023-05-09 21:04:32,y2307,y2307,7688.0,0.0,0.0,0.0,1,7686.0,7688.0,13,7682.0,7696.0,7712.0,7688.0,815.0,62752160.0,129402
2023-05-09 21:04:32,y2307,y2307,7688.0,0.0,0.0,0.0,1,7686.0,7688.0,8,7682.0,7696.0,7712.0,7688.0,815.0,62752160.0,129402
2023-05-09 21:04:33,y2307,y2307,7688.0,0.0,0.0,0.0,1,7686.0,7688.0,14,7682.0,7696.0,7712.0,7688.0,815.0,62752160.0,129402
2023-05-09 21:04:33,y2307,y2307,7688.0,0.0,0.0,0.0,1,7686.0,7688.0,3,7682.0,7696.0,7712.0,7688.0,815.0,62752160.0,129402
2023-05-09 21:04:34,y2307,y2307,7686.0,3.0,230560.0,0.0,1,7686.0,7688.0,4,7682.0,7696.0,7712.0,7684.0,818.0,62982720.0,129402
2023-05-09 21:04:35,y2307,y2307,7686.0,0.0,0.0,0.0,2,7686.0,7688.0,6,7682.0,7696.0,7712.0,7684.0,818.0,62982720.0,129402
2023-05-09 21:04:35,y2307,y2307,7686.0,0.0,0.0,0.0,5,7686.0,7688.0,6,7682.0,7696.0,7712.0,7684.0,818.0,62982720.0,129402
2023-05-09 21:04:36,y2307,y2307,7686.0,0.0,0.0,0.0,3,7686.0,7688.0,6,7682.0,7696.0,7712.0,7684.0,818.0,62982720.0,129402
2023-05-09 21:04:36,y2307,y2307,7686.0,0.0,0.0,0.0,4,7686.0,7688.0,6,7682.0,7696.0,7712.0,7684.0,818.0,62982720.0,129402
2023-05-09 21:04:37,y2307,y2307,7686.0,0.0,0.0,0.0,88,7684.0,7688.0,6,7682.0,7696.0,7712.0,7684.0,818.0,62982720.0,129402
2023-05-09 21:04:38,y2307,y2307,7686.0,0.0,0.0,0.0,3,7686.0,7688.0,6,7682.0,7696.0,7712.0,7684.0,818.0,62982720.0,129402
2023-05-09 21:04:38,y2307,y2307,7686.0,0.0,0.0,0.0,4,7686.0,7688.0,6,7682.0,7696.0,7712.0,7684.0,818.0,62982720.0,129402
2023-05-09 21:04:39,y2307,y2307,7686.0,0.0,0.0,0.0,5,7686.0,7688.0,6,7682.0,7696.0,7712.0,7684.0,818.0,62982720.0,129402
2023-05-09 21:04:40,y2307,y2307,7686.0,1.0,76860.0,1.0,65,7684.0,7688.0,19,7682.0,7696.0,7712.0,7684.0,819.0,63059580.0,129403
2023-05-09 21:04:40,y2307,y2307,7684.0,3.0,230600.0,3.0,23,7684.0,7688.0,53,7682.0,7696.0,7712.0,7684.0,822.0,63290180.0,129406
2023-05-09 21:04:41,y2307,y2307,7684.0,0.0,0.0,0.0,14,7684.0,7686.0,1,7682.0,7696.0,7712.0,7684.0,822.0,63290180.0,129406
2023-05-09 21:04:42,y2307,y2307,7686.0,1.0,76860.0,0.0,11,7684.0,7688.0,159,7682.0,7696.0,7712.0,7684.0,823.0,63367040.0,129406
2023-05-09 21:04:42,y2307,y2307,7686.0,1.0,76860.0,0.0,11,7684.0,7686.0,3,7682.0,7696.0,7712.0,7684.0,824.0,63443900.0,129406
2023-05-09 21:04:43,y2307,y2307,7684.0,3.0,230520.0,0.0,2,7684.0,7686.0,3,7682.0,7696.0,7712.0,7684.0,827.0,63674420.0,129406
2023-05-09 21:04:44,y2307,y2307,7684.0,0.0,0.0,0.0,5,7684.0,7686.0,3,7682.0,7696.0,7712.0,7684.0,827.0,63674420.0,129406
2023-05-09 21:04:45,y2307,y2307,7686.0,3.0,230580.0,0.0,45,7684.0,7688.0,30,7682.0,7696.0,7712.0,7684.0,830.0,63905000.0,129406
2023-05-09 21:04:46,y2307,y2307,7686.0,0.0,0.0,0.0,2,7686.0,7688.0,20,7682.0,7696.0,7712.0,7684.0,830.0,63905000.0,129406
2023-05-09 21:04:46,y2307,y2307,7686.0,0.0,0.0,0.0,2,7686.0,7688.0,10,7682.0,7696.0,7712.0,7684.0,830.0,63905000.0,129406
2023-05-09 21:04:47,y2307,y2307,7686.0,0.0,0.0,0.0,2,7686.0,7688.0,16,7682.0,7696.0,7712.0,7684.0,830.0,63905000.0,129406
2023-05-09 21:04:47,y2307,y2307,7686.0,0.0,0.0,0.0,2,7686.0,7688.0,21,7682.0,7696.0,7712.0,7684.0,830.0,63905000.0,129406
2023-05-09 21:04:48,y2307,y2307,7686.0,0.0,0.0,0.0,86,7684.0,7688.0,21,7682.0,7696.0,7712.0,7684.0,830.0,63905000.0,129406
2023-05-09 21:04:48,y2307,y2307,7686.0,0.0,0.0,0.0,87,7684.0,7688.0,16,7682.0,7696.0,7712.0,7684.0,830.0,63905000.0,129406
2023-05-09 21:04:49,y2307,y2307,7686.0,0.0,0.0,0.0,2,7686.0,7688.0,14,7682.0,7696.0,7712.0,7684.0,830.0,63905000.0,129406
2023-05-09 21:04:49,y2307,y2307,7686.0,0.0,0.0,0.0,92,7684.0,7688.0,14,7682.0,7696.0,7712.0,7684.0,830.0,63905000.0,129406
2023-05-09 21:04:50,y2307,y2307,7686.0,0.0,0.0,0.0,77,7684.0,7688.0,14,7682.0,7696.0,7712.0,7684.0,830.0,63905000.0,129406
2023-05-09 21:04:50,y2307,y2307,7686.0,0.0,0.0,0.0,9,7686.0,7688.0,14,7682.0,7696.0,7712.0,7684.0,830.0,63905000.0,129406
2023-05-09 21:04:51,y2307,y2307,7686.0,0.0,0.0,0.0,7,7686.0,7688.0,14,7682.0,7696.0,7712.0,7684.0,830.0,63905000.0,129406
2023-05-09 21:04:51,y2307,y2307,7686.0,0.0,0.0,0.0,27,7686.0,7688.0,14,7682.0,7696.0,7712.0,7684.0,830.0,63905000.0,129406
2023-05-09 21:04:52,y2307,y2307,7688.0,12.0,922560.0,-3.0,11,7688.0,7690.0,11,7682.0,7696.0,7712.0,7684.0,842.0,64827560.0,129403
2023-05-09 21:04:52,y2307,y2307,7688.0,0.0,0.0,0.0,34,7688.0,7690.0,4,7682.0,7696.0,7712.0,7684.0,842.0,64827560.0,129403
2023-05-09 21:04:53,y2307,y2307,7688.0,0.0,0.0,0.0,19,7688.0,7690.0,5,7682.0,7696.0,7712.0,7684.0,842.0,64827560.0,129403
2023-05-09 21:04:53,y2307,y2307,7688.0,0.0,0.0,0.0,19,7688.0,7690.0,10,7682.0,7696.0,7712.0,7684.0,842.0,64827560.0,129403
2023-05-09 21:04:54,y2307,y2307,7688.0,0.0,0.0,0.0,17,7688.0,7690.0,11,7682.0,7696.0,7712.0,7684.0,842.0,64827560.0,129403
2023-05-09 21:04:54,y2307,y2307,7688.0,0.0,0.0,0.0,17,7688.0,7690.0,16,7682.0,7696.0,7712.0,7684.0,842.0,64827560.0,129403
2023-05-09 21:04:56,y2307,y2307,7688.0,1.0,76880.0,0.0,16,7688.0,7690.0,15,7682.0,7696.0,7712.0,7684.0,843.0,64904440.0,129403
2023-05-09 21:04:57,y2307,y2307,7688.0,0.0,0.0,0.0,16,7688.0,7690.0,16,7682.0,7696.0,7712.0,7684.0,843.0,64904440.0,129403
2023-05-09 21:04:57,y2307,y2307,7688.0,0.0,0.0,0.0,16,7688.0,7690.0,17,7682.0,7696.0,7712.0,7684.0,843.0,64904440.0,129403
2023-05-09 21:04:57,y2307,y2307,7688.0,0.0,0.0,0.0,16,7688.0,7690.0,16,7682.0,7696.0,7712.0,7684.0,843.0,64904440.0,129403
2023-05-09 21:04:59,y2307,y2307,7690.0,14.0,1076600.0,-3.0,31,7688.0,7692.0,57,7682.0,7696.0,7712.0,7684.0,857.0,65981040.0,129400
2023-05-09 21:04:59,y2307,y2307,7690.0,0.0,0.0,0.0,55,7688.0,7692.0,12,7682.0,7696.0,7712.0,7684.0,857.0,65981040.0,129400
2023-05-09 21:05:00,y2307,y2307,7690.0,1.0,76900.0,0.0,16,7688.0,7690.0,3,7682.0,7696.0,7712.0,7684.0,858.0,66057940.0,129400
2023-05-09 21:05:00,y2307,y2307,7690.0,0.0,0.0,0.0,17,7688.0,7692.0,109,7682.0,7696.0,7712.0,7684.0,858.0,66057940.0,129400
2023-05-09 21:05:01,y2307,y2307,7690.0,0.0,0.0,0.0,17,7688.0,7690.0,1,7682.0,7696.0,7712.0,7684.0,858.0,66057940.0,129400
2023-05-09 21:05:02,y2307,y2307,7690.0,0.0,0.0,0.0,17,7688.0,7690.0,3,7682.0,7696.0,7712.0,7684.0,858.0,66057940.0,129400
2023-05-09 21:05:03,y2307,y2307,7690.0,0.0,0.0,0.0,18,7688.0,7690.0,6,7682.0,7696.0,7712.0,7684.0,858.0,66057940.0,129400
2023-05-09 21:05:04,y2307,y2307,7690.0,0.0,0.0,0.0,17,7688.0,7690.0,6,7682.0,7696.0,7712.0,7684.0,858.0,66057940.0,129400
2023-05-09 21:05:05,y2307,y2307,7688.0,1.0,76880.0,0.0,16,7688.0,7690.0,6,7682.0,7696.0,7712.0,7684.0,859.0,66134820.0,129400
2023-05-09 21:05:06,y2307,y2307,7688.0,0.0,0.0,0.0,37,7688.0,7690.0,6,7682.0,7696.0,7712.0,7684.0,859.0,66134820.0,129400
2023-05-09 21:05:06,y2307,y2307,7690.0,6.0,461400.0,0.0,72,7688.0,7692.0,9,7682.0,7696.0,7712.0,7684.0,865.0,66596220.0,129400
2023-05-09 21:05:07,y2307,y2307,7690.0,0.0,0.0,0.0,6,7690.0,7692.0,4,7682.0,7696.0,7712.0,7684.0,865.0,66596220.0,129400
2023-05-09 21:05:07,y2307,y2307,7690.0,0.0,0.0,0.0,10,7690.0,7692.0,4,7682.0,7696.0,7712.0,7684.0,865.0,66596220.0,129400
2023-05-09 21:05:08,y2307,y2307,7690.0,0.0,0.0,0.0,9,7690.0,7692.0,4,7682.0,7696.0,7712.0,7684.0,865.0,66596220.0,129400
2023-05-09 21:05:09,y2307,y2307,7690.0,0.0,0.0,0.0,2,7690.0,7692.0,4,7682.0,7696.0,7712.0,7684.0,865.0,66596220.0,129400
2023-05-09 21:05:10,y2307,y2307,7690.0,1.0,76900.0,0.0,1,7690.0,7692.0,11,7682.0,7696.0,7712.0,7684.0,866.0,66673120.0,129400
2023-05-09 21:05:10,y2307,y2307,7690.0,0.0,0.0,0.0,1,7690.0,7692.0,12,7682.0,7696.0,7712.0,7684.0,866.0,66673120.0,129400
2023-05-09 21:05:11,y2307,y2307,7690.0,1.0,76900.0,-1.0,81,7688.0,7692.0,10,7682.0,7696.0,7712.0,7684.0,867.0,66750020.0,129399
2023-05-09 21:05:11,y2307,y2307,7690.0,0.0,0.0,0.0,46,7690.0,7692.0,9,7682.0,7696.0,7712.0,7684.0,867.0,66750020.0,129399
2023-05-09 21:05:12,y2307,y2307,7690.0,2.0,153800.0,2.0,38,7690.0,7692.0,9,7682.0,7696.0,7712.0,7684.0,869.0,66903820.0,129401
2023-05-09 21:05:12,y2307,y2307,7692.0,1.0,76920.0,0.0,62,7690.0,7692.0,8,7682.0,7696.0,7712.0,7684.0,870.0,66980740.0,129401
2023-05-09 21:05:13,y2307,y2307,7692.0,6.0,461520.0,-5.0,7,7692.0,7694.0,16,7682.0,7696.0,7712.0,7684.0,876.0,67442260.0,129396
2023-05-09 21:05:13,y2307,y2307,7692.0,0.0,0.0,0.0,7,7692.0,7694.0,10,7682.0,7696.0,7712.0,7684.0,876.0,67442260.0,129396
2023-05-09 21:05:14,y2307,y2307,7692.0,0.0,0.0,0.0,1,7692.0,7694.0,6,7682.0,7696.0,7712.0,7684.0,876.0,67442260.0,129396
2023-05-09 21:05:14,y2307,y2307,7692.0,1.0,76920.0,0.0,76,7690.0,7692.0,1,7682.0,7696.0,7712.0,7684.0,877.0,67519180.0,129396
2023-05-09 21:05:15,y2307,y2307,7692.0,0.0,0.0,0.0,66,7690.0,7692.0,1,7682.0,7696.0,7712.0,7684.0,877.0,67519180.0,129396
2023-05-09 21:05:15,y2307,y2307,7692.0,1.0,76920.0,0.0,71,7690.0,7694.0,9,7682.0,7696.0,7712.0,7684.0,878.0,67596100.0,129396
2023-05-09 21:05:16,y2307,y2307,7692.0,0.0,0.0,0.0,66,7690.0,7694.0,8,7682.0,7696.0,7712.0,7684.0,878.0,67596100.0,129396
2023-05-09 21:05:16,y2307,y2307,7692.0,0.0,0.0,0.0,66,7690.0,7694.0,10,7682.0,7696.0,7712.0,7684.0,878.0,67596100.0,129396
2023-05-09 21:05:17,y2307,y2307,7692.0,0.0,0.0,0.0,4,7692.0,7694.0,10,7682.0,7696.0,7712.0,7684.0,878.0,67596100.0,129396
2023-05-09 21:05:17,y2307,y2307,7692.0,0.0,0.0,0.0,3,7692.0,7694.0,10,7682.0,7696.0,7712.0,7684.0,878.0,67596100.0,129396
2023-05-09 21:05:18,y2307,y2307,7692.0,0.0,0.0,0.0,2,7692.0,7694.0,10,7682.0,7696.0,7712.0,7684.0,878.0,67596100.0,129396
2023-05-09 21:05:19,y2307,y2307,7692.0,1.0,76920.0,1.0,1,7692.0,7694.0,43,7682.0,7696.0,7712.0,7684.0,879.0,67673020.0,129397
2023-05-09 21:05:19,y2307,y2307,7692.0,1.0,76920.0,1.0,43,7690.0,7694.0,29,7682.0,7696.0,7712.0,7684.0,880.0,67749940.0,129398
2023-05-09 21:05:20,y2307,y2307,7692.0,0.0,0.0,0.0,56,7690.0,7694.0,17,7682.0,7696.0,7712.0,7684.0,880.0,67749940.0,129398
2023-05-09 21:05:20,y2307,y2307,7692.0,0.0,0.0,0.0,68,7690.0,7694.0,12,7682.0,7696.0,7712.0,7684.0,880.0,67749940.0,129398
2023-05-09 21:05:21,y2307,y2307,7692.0,1.0,76920.0,-1.0,73,7690.0,7694.0,11,7682.0,7696.0,7712.0,7684.0,881.0,67826860.0,129397
2023-05-09 21:05:21,y2307,y2307,7692.0,0.0,0.0,0.0,63,7690.0,7694.0,11,7682.0,7696.0,7712.0,7684.0,881.0,67826860.0,129397
2023-05-09 21:05:22,y2307,y2307,7692.0,0.0,0.0,0.0,61,7690.0,7694.0,11,7682.0,7696.0,7712.0,7684.0,881.0,67826860.0,129397
2023-05-09 21:05:22,y2307,y2307,7694.0,1.0,76940.0,0.0,63,7690.0,7694.0,10,7682.0,7696.0,7712.0,7684.0,882.0,67903800.0,129397
2023-05-09 21:05:23,y2307,y2307,7694.0,0.0,0.0,0.0,62,7690.0,7694.0,10,7682.0,7696.0,7712.0,7684.0,882.0,67903800.0,129397
2023-05-09 21:05:25,y2307,y2307,7694.0,0.0,0.0,0.0,4,7692.0,7694.0,10,7682.0,7696.0,7712.0,7684.0,882.0,67903800.0,129397
2023-05-09 21:05:26,y2307,y2307,7694.0,0.0,0.0,0.0,55,7690.0,7694.0,15,7682.0,7696.0,7712.0,7684.0,882.0,67903800.0,129397
2023-05-09 21:05:26,y2307,y2307,7694.0,0.0,0.0,0.0,67,7690.0,7694.0,10,7682.0,7696.0,7712.0,7684.0,882.0,67903800.0,129397
2023-05-09 21:05:27,y2307,y2307,7690.0,2.0,153800.0,1.0,67,7690.0,7694.0,10,7682.0,7696.0,7712.0,7684.0,884.0,68057600.0,129398
2023-05-09 21:05:27,y2307,y2307,7690.0,0.0,0.0,0.0,72,7690.0,7694.0,10,7682.0,7696.0,7712.0,7684.0,884.0,68057600.0,129398
2023-05-09 21:05:28,y2307,y2307,7690.0,1.0,76900.0,1.0,47,7690.0,7694.0,10,7682.0,7696.0,7712.0,7684.0,885.0,68134500.0,129399
2023-05-09 21:05:28,y2307,y2307,7690.0,0.0,0.0,0.0,40,7692.0,7694.0,8,7682.0,7696.0,7712.0,7684.0,885.0,68134500.0,129399
2023-05-09 21:05:29,y2307,y2307,7690.0,0.0,0.0,0.0,65,7692.0,7694.0,8,7682.0,7696.0,7712.0,7684.0,885.0,68134500.0,129399
2023-05-09 21:05:29,y2307,y2307,7694.0,7.0,538540.0,-5.0,67,7692.0,7694.0,1,7682.0,7696.0,7712.0,7684.0,892.0,68673040.0,129394
2023-05-09 21:05:30,y2307,y2307,7692.0,2.0,153860.0,0.0,66,7692.0,7696.0,14,7682.0,7696.0,7712.0,7684.0,894.0,68826900.0,129394
2023-05-09 21:05:30,y2307,y2307,7692.0,0.0,0.0,0.0,66,7692.0,7696.0,9,7682.0,7696.0,7712.0,7684.0,894.0,68826900.0,129394
2023-05-09 21:05:31,y2307,y2307,7692.0,1.0,76920.0,1.0,65,7692.0,7696.0,18,7682.0,7696.0,7712.0,7684.0,895.0,68903820.0,129395
2023-05-09 21:05:31,y2307,y2307,7692.0,1.0,76920.0,1.0,69,7692.0,7696.0,20,7682.0,7696.0,7712.0,7684.0,896.0,68980740.0,129396
2023-05-09 21:05:32,y2307,y2307,7696.0,7.0,538720.0,-6.0,33,7694.0,7698.0,43,7682.0,7696.0,7712.0,7684.0,903.0,69519460.0,129390
2023-05-09 21:05:32,y2307,y2307,7696.0,3.0,230860.0,-1.0,60,7694.0,7698.0,23,7682.0,7696.0,7712.0,7684.0,906.0,69750320.0,129389
2023-05-09 21:05:33,y2307,y2307,7696.0,1.0,76960.0,0.0,60,7694.0,7698.0,21,7682.0,7696.0,7712.0,7684.0,907.0,69827280.0,129389
2023-05-09 21:05:33,y2307,y2307,7696.0,0.0,0.0,0.0,66,7694.0,7698.0,21,7682.0,7696.0,7712.0,7684.0,907.0,69827280.0,129389
2023-05-09 21:05:33,y2307,y2307,7694.0,1.0,76940.0,1.0,65,7694.0,7698.0,16,7682.0,7696.0,7712.0,7684.0,908.0,69904220.0,129390
2023-05-09 21:05:34,y2307,y2307,7694.0,0.0,0.0,0.0,63,7694.0,7698.0,16,7682.0,7696.0,7712.0,7684.0,908.0,69904220.0,129390
2023-05-09 21:05:35,y2307,y2307,7694.0,0.0,0.0,0.0,53,7694.0,7696.0,4,7682.0,7696.0,7712.0,7684.0,908.0,69904220.0,129390
2023-05-09 21:05:35,y2307,y2307,7694.0,0.0,0.0,0.0,49,7694.0,7698.0,23,7682.0,7696.0,7712.0,7684.0,908.0,69904220.0,129390
2023-05-09 21:05:37,y2307,y2307,7694.0,0.0,0.0,0.0,54,7694.0,7698.0,23,7682.0,7696.0,7712.0,7684.0,908.0,69904220.0,129390
2023-05-09 21:05:37,y2307,y2307,7694.0,0.0,0.0,0.0,25,7694.0,7698.0,10,7682.0,7696.0,7712.0,7684.0,908.0,69904220.0,129390
2023-05-09 21:05:38,y2307,y2307,7694.0,2.0,153880.0,0.0,16,7694.0,7698.0,40,7682.0,7696.0,7712.0,7684.0,910.0,70058100.0,129390
2023-05-09 21:05:38,y2307,y2307,7694.0,11.0,846340.0,5.0,77,7692.0,7694.0,5,7682.0,7696.0,7712.0,7684.0,921.0,70904440.0,129395
2023-05-09 21:05:39,y2307,y2307,7694.0,0.0,0.0,0.0,68,7692.0,7694.0,5,7682.0,7696.0,7712.0,7684.0,921.0,70904440.0,129395
2023-05-09 21:05:40,y2307,y2307,7694.0,0.0,0.0,0.0,69,7692.0,7694.0,5,7682.0,7696.0,7712.0,7684.0,921.0,70904440.0,129395
2023-05-09 21:05:41,y2307,y2307,7694.0,0.0,0.0,0.0,64,7692.0,7694.0,5,7682.0,7696.0,7712.0,7684.0,921.0,70904440.0,129395
2023-05-09 21:05:41,y2307,y2307,7694.0,0.0,0.0,0.0,9,7692.0,7694.0,25,7682.0,7696.0,7712.0,7684.0,921.0,70904440.0,129395
2023-05-09 21:05:42,y2307,y2307,7694.0,0.0,0.0,0.0,28,7692.0,7694.0,10,7682.0,7696.0,7712.0,7684.0,921.0,70904440.0,129395
2023-05-09 21:05:42,y2307,y2307,7692.0,1.0,76920.0,0.0,47,7692.0,7694.0,9,7682.0,7696.0,7712.0,7684.0,922.0,70981360.0,129395
2023-05-09 21:05:43,y2307,y2307,7692.0,0.0,0.0,0.0,43,7692.0,7694.0,10,7682.0,7696.0,7712.0,7684.0,922.0,70981360.0,129395
2023-05-09 21:05:43,y2307,y2307,7692.0,0.0,0.0,0.0,48,7692.0,7694.0,10,7682.0,7696.0,7712.0,7684.0,922.0,70981360.0,129395
2023-05-09 21:05:46,y2307,y2307,7692.0,0.0,0.0,0.0,43,7692.0,7694.0,10,7682.0,7696.0,7712.0,7684.0,922.0,70981360.0,129395
2023-05-09 21:05:47,y2307,y2307,7692.0,0.0,0.0,0.0,48,7692.0,7694.0,10,7682.0,7696.0,7712.0,7684.0,922.0,70981360.0,129395
2023-05-09 21:05:49,y2307,y2307,7692.0,0.0,0.0,0.0,9,7692.0,7694.0,32,7682.0,7696.0,7712.0,7684.0,922.0,70981360.0,129395
2023-05-09 21:05:50,y2307,y2307,7692.0,0.0,0.0,0.0,4,7692.0,7694.0,37,7682.0,7696.0,7712.0,7684.0,922.0,70981360.0,129395
2023-05-09 21:05:50,y2307,y2307,7692.0,0.0,0.0,0.0,4,7692.0,7694.0,32,7682.0,7696.0,7712.0,7684.0,922.0,70981360.0,129395
2023-05-09 21:05:52,y2307,y2307,7692.0,4.0,307680.0,-2.0,59,7690.0,7694.0,32,7682.0,7696.0,7712.0,7684.0,926.0,71289040.0,129393
2023-05-09 21:05:52,y2307,y2307,7692.0,0.0,0.0,0.0,66,7690.0,7694.0,32,7682.0,7696.0,7712.0,7684.0,926.0,71289040.0,129393
2023-05-09 21:05:54,y2307,y2307,7692.0,0.0,0.0,0.0,56,7690.0,7694.0,42,7682.0,7696.0,7712.0,7684.0,926.0,71289040.0,129393
2023-05-09 21:05:55,y2307,y2307,7692.0,0.0,0.0,0.0,10,7692.0,7694.0,42,7682.0,7696.0,7712.0,7684.0,926.0,71289040.0,129393
2023-05-09 21:05:55,y2307,y2307,7692.0,0.0,0.0,0.0,16,7692.0,7694.0,32,7682.0,7696.0,7712.0,7684.0,926.0,71289040.0,129393
2023-05-09 21:05:56,y2307,y2307,7692.0,0.0,0.0,0.0,42,7692.0,7694.0,19,7682.0,7696.0,7712.0,7684.0,926.0,71289040.0,129393
2023-05-09 21:05:56,y2307,y2307,7692.0,0.0,0.0,0.0,50,7692.0,7694.0,17,7682.0,7696.0,7712.0,7684.0,926.0,71289040.0,129393
2023-05-09 21:05:57,y2307,y2307,7692.0,0.0,0.0,0.0,43,7692.0,7694.0,12,7682.0,7696.0,7712.0,7684.0,926.0,71289040.0,129393
2023-05-09 21:05:57,y2307,y2307,7692.0,0.0,0.0,0.0,50,7692.0,7694.0,12,7682.0,7696.0,7712.0,7684.0,926.0,71289040.0,129393
2023-05-09 21:05:58,y2307,y2307,7692.0,0.0,0.0,0.0,43,7692.0,7694.0,12,7682.0,7696.0,7712.0,7684.0,926.0,71289040.0,129393
2023-05-09 21:05:58,y2307,y2307,7692.0,0.0,0.0,0.0,44,7692.0,7694.0,12,7682.0,7696.0,7712.0,7684.0,926.0,71289040.0,129393
2023-05-09 21:05:59,y2307,y2307,7692.0,0.0,0.0,0.0,51,7692.0,7694.0,12,7682.0,7696.0,7712.0,7684.0,926.0,71289040.0,129393
2023-05-09 21:06:00,y2307,y2307,7692.0,0.0,0.0,0.0,46,7692.0,7694.0,12,7682.0,7696.0,7712.0,7684.0,926.0,71289040.0,129393
2023-05-09 21:06:00,y2307,y2307,7692.0,0.0,0.0,0.0,51,7692.0,7694.0,12,7682.0,7696.0,7712.0,7684.0,926.0,71289040.0,129393
2023-05-09 21:06:01,y2307,y2307,7694.0,14.0,1077160.0,-7.0,19,7694.0,7696.0,40,7682.0,7696.0,7712.0,7684.0,940.0,72366200.0,129386
2023-05-09 21:06:01,y2307,y2307,7698.0,54.0,4156080.0,-2.0,6,7698.0,7700.0,47,7682.0,7696.0,7712.0,7684.0,994.0,76522280.0,129384
2023-05-09 21:06:02,y2307,y2307,7698.0,6.0,461880.0,5.0,46,7698.0,7700.0,29,7682.0,7696.0,7712.0,7684.0,1000.0,76984160.0,129389
2023-05-09 21:06:02,y2307,y2307,7700.0,19.0,1463000.0,-3.0,32,7700.0,7702.0,36,7682.0,7696.0,7712.0,7684.0,1019.0,78447160.0,129386
2023-05-09 21:06:03,y2307,y2307,7700.0,0.0,0.0,0.0,37,7700.0,7702.0,38,7682.0,7696.0,7712.0,7684.0,1019.0,78447160.0,129386
2023-05-09 21:06:03,y2307,y2307,7700.0,1.0,77000.0,0.0,36,7700.0,7702.0,28,7682.0,7696.0,7712.0,7684.0,1020.0,78524160.0,129386
2023-05-09 21:06:04,y2307,y2307,7700.0,0.0,0.0,0.0,41,7700.0,7702.0,28,7682.0,7696.0,7712.0,7684.0,1020.0,78524160.0,129386
2023-05-09 21:06:04,y2307,y2307,7704.0,10.0,770220.0,1.0,35,7702.0,7704.0,41,7682.0,7696.0,7712.0,7684.0,1030.0,79294380.0,129387
2023-05-09 21:06:05,y2307,y2307,7702.0,1.0,77020.0,0.0,45,7702.0,7704.0,26,7682.0,7696.0,7712.0,7684.0,1031.0,79371400.0,129387
2023-05-09 21:06:05,y2307,y2307,7704.0,30.0,2311200.0,8.0,37,7704.0,7706.0,11,7682.0,7696.0,7712.0,7684.0,1061.0,81682600.0,129395
2023-05-09 21:06:06,y2307,y2307,7704.0,1.0,77040.0,0.0,48,7704.0,7706.0,9,7682.0,7696.0,7712.0,7684.0,1062.0,81759640.0,129395
2023-05-09 21:06:06,y2307,y2307,7704.0,18.0,1386720.0,-1.0,35,7704.0,7706.0,10,7682.0,7696.0,7712.0,7684.0,1080.0,83146360.0,129394
2023-05-09 21:06:07,y2307,y2307,7704.0,0.0,0.0,0.0,36,7704.0,7706.0,7,7682.0,7696.0,7712.0,7684.0,1080.0,83146360.0,129394
2023-05-09 21:06:08,y2307,y2307,7704.0,36.0,2773440.0,28.0,25,7702.0,7704.0,10,7682.0,7696.0,7712.0,7684.0,1116.0,85919800.0,129422
2023-05-09 21:06:08,y2307,y2307,7704.0,0.0,0.0,0.0,6,7702.0,7704.0,8,7682.0,7696.0,7712.0,7684.0,1116.0,85919800.0,129422
2023-05-09 21:06:09,y2307,y2307,7704.0,0.0,0.0,0.0,7,7702.0,7704.0,8,7682.0,7696.0,7712.0,7684.0,1116.0,85919800.0,129422
2023-05-09 21:06:10,y2307,y2307,7704.0,0.0,0.0,0.0,6,7702.0,7704.0,8,7682.0,7696.0,7712.0,7684.0,1116.0,85919800.0,129422
2023-05-09 21:06:10,y2307,y2307,7702.0,6.0,462120.0,0.0,67,7700.0,7704.0,8,7682.0,7696.0,7712.0,7684.0,1122.0,86381920.0,129422
2023-05-09 21:06:11,y2307,y2307,7702.0,0.0,0.0,0.0,2,7702.0,7704.0,8,7682.0,7696.0,7712.0,7684.0,1122.0,86381920.0,129422
2023-05-09 21:06:11,y2307,y2307,7702.0,0.0,0.0,0.0,58,7700.0,7704.0,13,7682.0,7696.0,7712.0,7684.0,1122.0,86381920.0,129422
2023-05-09 21:06:12,y2307,y2307,7702.0,0.0,0.0,0.0,16,7700.0,7702.0,3,7682.0,7696.0,7712.0,7684.0,1122.0,86381920.0,129422
2023-05-09 21:06:12,y2307,y2307,7702.0,0.0,0.0,0.0,2,7700.0,7702.0,5,7682.0,7696.0,7712.0,7684.0,1122.0,86381920.0,129422
2023-05-09 21:06:13,y2307,y2307,7702.0,0.0,0.0,0.0,1,7700.0,7702.0,5,7682.0,7696.0,7712.0,7684.0,1122.0,86381920.0,129422
2023-05-09 21:06:13,y2307,y2307,7702.0,4.0,308060.0,2.0,2,7700.0,7704.0,214,7682.0,7696.0,7712.0,7684.0,1126.0,86689980.0,129424
2023-05-09 21:06:14,y2307,y2307,7702.0,0.0,0.0,0.0,2,7700.0,7704.0,220,7682.0,7696.0,7712.0,7684.0,1126.0,86689980.0,129424
2023-05-09 21:06:14,y2307,y2307,7702.0,2.0,154040.0,2.0,3,7700.0,7702.0,7,7682.0,7696.0,7712.0,7684.0,1128.0,86844020.0,129426
2023-05-09 21:06:15,y2307,y2307,7702.0,1.0,77020.0,-1.0,3,7700.0,7702.0,6,7682.0,7696.0,7712.0,7684.0,1129.0,86921040.0,129425
2023-05-09 21:06:15,y2307,y2307,7702.0,6.0,462120.0,-5.0,23,7700.0,7704.0,63,7682.0,7696.0,7712.0,7684.0,1135.0,87383160.0,129420
2023-05-09 21:06:16,y2307,y2307,7704.0,2.0,154080.0,0.0,2,7702.0,7704.0,5,7682.0,7696.0,7712.0,7684.0,1137.0,87537240.0,129420
2023-05-09 21:06:16,y2307,y2307,7702.0,2.0,154040.0,0.0,1,7702.0,7704.0,7,7682.0,7696.0,7712.0,7684.0,1139.0,87691280.0,129420
2023-05-09 21:06:18,y2307,y2307,7702.0,1.0,77020.0,0.0,56,7700.0,7704.0,64,7682.0,7696.0,7712.0,7684.0,1140.0,87768300.0,129420
2023-05-09 21:06:19,y2307,y2307,7702.0,1.0,77020.0,0.0,20,7700.0,7702.0,7,7682.0,7696.0,7712.0,7684.0,1141.0,87845320.0,129420
2023-05-09 21:06:19,y2307,y2307,7702.0,0.0,0.0,0.0,21,7700.0,7702.0,7,7682.0,7696.0,7712.0,7684.0,1141.0,87845320.0,129420
2023-05-09 21:06:20,y2307,y2307,7702.0,1.0,77020.0,0.0,21,7700.0,7702.0,6,7682.0,7696.0,7712.0,7684.0,1142.0,87922340.0,129420
2023-05-09 21:06:21,y2307,y2307,7702.0,0.0,0.0,0.0,19,7700.0,7702.0,9,7682.0,7696.0,7712.0,7684.0,1142.0,87922340.0,129420
2023-05-09 21:06:22,y2307,y2307,7700.0,18.0,1386000.0,7.0,21,7698.0,7700.0,5,7682.0,7696.0,7712.0,7684.0,1160.0,89308340.0,129427
2023-05-09 21:06:22,y2307,y2307,7700.0,0.0,0.0,0.0,9,7698.0,7700.0,8,7682.0,7696.0,7712.0,7684.0,1160.0,89308340.0,129427
2023-05-09 21:06:23,y2307,y2307,7700.0,0.0,0.0,0.0,8,7698.0,7700.0,9,7682.0,7696.0,7712.0,7684.0,1160.0,89308340.0,129427
2023-05-09 21:06:23,y2307,y2307,7700.0,0.0,0.0,0.0,8,7698.0,7700.0,8,7682.0,7696.0,7712.0,7684.0,1160.0,89308340.0,129427
2023-05-09 21:06:26,y2307,y2307,7700.0,0.0,0.0,0.0,9,7698.0,7700.0,8,7682.0,7696.0,7712.0,7684.0,1160.0,89308340.0,129427
2023-05-09 21:06:26,y2307,y2307,7700.0,1.0,77000.0,0.0,11,7698.0,7700.0,7,7682.0,7696.0,7712.0,7684.0,1161.0,89385340.0,129427
2023-05-09 21:06:27,y2307,y2307,7700.0,0.0,0.0,0.0,15,7698.0,7700.0,7,7682.0,7696.0,7712.0,7684.0,1161.0,89385340.0,129427
2023-05-09 21:06:27,y2307,y2307,7700.0,0.0,0.0,0.0,13,7698.0,7700.0,8,7682.0,7696.0,7712.0,7684.0,1161.0,89385340.0,129427
2023-05-09 21:06:28,y2307,y2307,7700.0,0.0,0.0,0.0,14,7698.0,7700.0,9,7682.0,7696.0,7712.0,7684.0,1161.0,89385340.0,129427
2023-05-09 21:06:28,y2307,y2307,7700.0,2.0,154000.0,0.0,14,7698.0,7700.0,7,7682.0,7696.0,7712.0,7684.0,1163.0,89539340.0,129427
2023-05-09 21:06:29,y2307,y2307,7700.0,0.0,0.0,0.0,13,7698.0,7700.0,8,7682.0,7696.0,7712.0,7684.0,1163.0,89539340.0,129427
2023-05-09 21:06:31,y2307,y2307,7700.0,0.0,0.0,0.0,12,7698.0,7700.0,18,7682.0,7696.0,7712.0,7684.0,1163.0,89539340.0,129427
2023-05-09 21:06:31,y2307,y2307,7698.0,4.0,307920.0,0.0,13,7696.0,7698.0,3,7682.0,7696.0,7712.0,7684.0,1167.0,89847260.0,129427
2023-05-09 21:06:32,y2307,y2307,7698.0,4.0,307920.0,-4.0,59,7696.0,7700.0,32,7682.0,7696.0,7712.0,7684.0,1171.0,90155180.0,129423
2023-05-09 21:06:32,y2307,y2307,7698.0,0.0,0.0,0.0,69,7696.0,7700.0,23,7682.0,7696.0,7712.0,7684.0,1171.0,90155180.0,129423
2023-05-09 21:06:32,y2307,y2307,7698.0,0.0,0.0,0.0,70,7696.0,7700.0,22,7682.0,7696.0,7712.0,7684.0,1171.0,90155180.0,129423
2023-05-09 21:06:33,y2307,y2307,7698.0,0.0,0.0,0.0,66,7696.0,7700.0,23,7682.0,7696.0,7712.0,7684.0,1171.0,90155180.0,129423
2023-05-09 21:06:35,y2307,y2307,7698.0,0.0,0.0,0.0,71,7696.0,7700.0,23,7682.0,7696.0,7712.0,7684.0,1171.0,90155180.0,129423
2023-05-09 21:06:40,y2307,y2307,7698.0,0.0,0.0,0.0,71,7696.0,7700.0,24,7682.0,7696.0,7712.0,7684.0,1171.0,90155180.0,129423
2023-05-09 21:06:41,y2307,y2307,7698.0,0.0,0.0,0.0,71,7696.0,7700.0,29,7682.0,7696.0,7712.0,7684.0,1171.0,90155180.0,129423
2023-05-09 21:06:43,y2307,y2307,7698.0,0.0,0.0,0.0,71,7696.0,7700.0,31,7682.0,7696.0,7712.0,7684.0,1171.0,90155180.0,129423
2023-05-09 21:06:44,y2307,y2307,7698.0,0.0,0.0,0.0,71,7696.0,7700.0,33,7682.0,7696.0,7712.0,7684.0,1171.0,90155180.0,129423
2023-05-09 21:06:45,y2307,y2307,7698.0,0.0,0.0,0.0,66,7696.0,7700.0,33,7682.0,7696.0,7712.0,7684.0,1171.0,90155180.0,129423
2023-05-09 21:06:45,y2307,y2307,7698.0,0.0,0.0,0.0,68,7696.0,7700.0,33,7682.0,7696.0,7712.0,7684.0,1171.0,90155180.0,129423
2023-05-09 21:06:46,y2307,y2307,7698.0,0.0,0.0,0.0,73,7696.0,7700.0,33,7682.0,7696.0,7712.0,7684.0,1171.0,90155180.0,129423
2023-05-09 21:06:46,y2307,y2307,7698.0,0.0,0.0,0.0,4,7698.0,7700.0,33,7682.0,7696.0,7712.0,7684.0,1171.0,90155180.0,129423
2023-05-09 21:06:47,y2307,y2307,7698.0,0.0,0.0,0.0,68,7696.0,7700.0,38,7682.0,7696.0,7712.0,7684.0,1171.0,90155180.0,129423
2023-05-09 21:06:47,y2307,y2307,7698.0,0.0,0.0,0.0,73,7696.0,7700.0,34,7682.0,7696.0,7712.0,7684.0,1171.0,90155180.0,129423
2023-05-09 21:06:49,y2307,y2307,7698.0,0.0,0.0,0.0,72,7696.0,7700.0,34,7682.0,7696.0,7712.0,7684.0,1171.0,90155180.0,129423
2023-05-09 21:06:55,y2307,y2307,7698.0,0.0,0.0,0.0,15,7696.0,7698.0,6,7682.0,7696.0,7712.0,7684.0,1171.0,90155180.0,129423
2023-05-09 21:06:57,y2307,y2307,7696.0,1.0,76960.0,1.0,14,7696.0,7698.0,8,7682.0,7696.0,7712.0,7684.0,1172.0,90232140.0,129424
2023-05-09 21:06:57,y2307,y2307,7696.0,0.0,0.0,0.0,14,7696.0,7698.0,10,7682.0,7696.0,7712.0,7684.0,1172.0,90232140.0,129424
2023-05-09 21:06:58,y2307,y2307,7696.0,0.0,0.0,0.0,12,7696.0,7698.0,21,7682.0,7696.0,7712.0,7684.0,1172.0,90232140.0,129424
2023-05-09 21:06:59,y2307,y2307,7696.0,0.0,0.0,0.0,7,7696.0,7698.0,24,7682.0,7696.0,7712.0,7684.0,1172.0,90232140.0,129424
2023-05-09 21:06:59,y2307,y2307,7696.0,0.0,0.0,0.0,2,7696.0,7698.0,27,7682.0,7696.0,7712.0,7684.0,1172.0,90232140.0,129424
2023-05-09 21:07:00,y2307,y2307,7696.0,2.0,153920.0,2.0,80,7694.0,7698.0,27,7682.0,7696.0,7712.0,7684.0,1174.0,90386060.0,129426
2023-05-09 21:07:01,y2307,y2307,7696.0,0.0,0.0,0.0,50,7696.0,7698.0,27,7682.0,7696.0,7712.0,7684.0,1174.0,90386060.0,129426
2023-05-09 21:07:01,y2307,y2307,7696.0,0.0,0.0,0.0,66,7696.0,7698.0,29,7682.0,7696.0,7712.0,7684.0,1174.0,90386060.0,129426
2023-05-09 21:07:02,y2307,y2307,7696.0,0.0,0.0,0.0,66,7696.0,7698.0,24,7682.0,7696.0,7712.0,7684.0,1174.0,90386060.0,129426
2023-05-09 21:07:03,y2307,y2307,7696.0,0.0,0.0,0.0,60,7696.0,7698.0,24,7682.0,7696.0,7712.0,7684.0,1174.0,90386060.0,129426
2023-05-09 21:07:03,y2307,y2307,7696.0,0.0,0.0,0.0,66,7696.0,7698.0,23,7682.0,7696.0,7712.0,7684.0,1174.0,90386060.0,129426
2023-05-09 21:07:04,y2307,y2307,7698.0,9.0,692820.0,-5.0,6,7698.0,7700.0,54,7682.0,7696.0,7712.0,7684.0,1183.0,91078880.0,129421
2023-05-09 21:07:04,y2307,y2307,7698.0,0.0,0.0,0.0,6,7698.0,7700.0,49,7682.0,7696.0,7712.0,7684.0,1183.0,91078880.0,129421
2023-05-09 21:07:05,y2307,y2307,7698.0,0.0,0.0,0.0,7,7698.0,7700.0,44,7682.0,7696.0,7712.0,7684.0,1183.0,91078880.0,129421
2023-05-09 21:07:06,y2307,y2307,7698.0,0.0,0.0,0.0,8,7698.0,7700.0,44,7682.0,7696.0,7712.0,7684.0,1183.0,91078880.0,129421
2023-05-09 21:07:07,y2307,y2307,7700.0,30.0,2310000.0,-8.0,11,7700.0,7702.0,57,7682.0,7696.0,7712.0,7684.0,1213.0,93388880.0,129413
2023-05-09 21:07:07,y2307,y2307,7700.0,0.0,0.0,0.0,11,7700.0,7702.0,36,7682.0,7696.0,7712.0,7684.0,1213.0,93388880.0,129413
2023-05-09 21:07:08,y2307,y2307,7700.0,0.0,0.0,0.0,11,7700.0,7702.0,34,7682.0,7696.0,7712.0,7684.0,1213.0,93388880.0,129413
2023-05-09 21:07:10,y2307,y2307,7700.0,10.0,770000.0,7.0,23,7698.0,7702.0,37,7682.0,7696.0,7712.0,7684.0,1223.0,94158880.0,129420
2023-05-09 21:07:10,y2307,y2307,7698.0,3.0,230960.0,1.0,9,7698.0,7700.0,30,7682.0,7696.0,7712.0,7684.0,1226.0,94389840.0,129421
2023-05-09 21:07:11,y2307,y2307,7698.0,0.0,0.0,0.0,3,7698.0,7700.0,45,7682.0,7696.0,7712.0,7684.0,1226.0,94389840.0,129421
2023-05-09 21:07:11,y2307,y2307,7698.0,0.0,0.0,0.0,3,7698.0,7700.0,50,7682.0,7696.0,7712.0,7684.0,1226.0,94389840.0,129421
2023-05-09 21:07:12,y2307,y2307,7698.0,0.0,0.0,0.0,3,7698.0,7700.0,55,7682.0,7696.0,7712.0,7684.0,1226.0,94389840.0,129421
2023-05-09 21:07:14,y2307,y2307,7698.0,0.0,0.0,0.0,3,7698.0,7700.0,60,7682.0,7696.0,7712.0,7684.0,1226.0,94389840.0,129421
2023-05-09 21:07:14,y2307,y2307,7698.0,0.0,0.0,0.0,3,7698.0,7700.0,65,7682.0,7696.0,7712.0,7684.0,1226.0,94389840.0,129421
2023-05-09 21:07:15,y2307,y2307,7698.0,3.0,230940.0,0.0,106,7696.0,7698.0,7,7682.0,7696.0,7712.0,7684.0,1229.0,94620780.0,129421
2023-05-09 21:07:15,y2307,y2307,7698.0,0.0,0.0,0.0,79,7696.0,7700.0,35,7682.0,7696.0,7712.0,7684.0,1229.0,94620780.0,129421
2023-05-09 21:07:15,y2307,y2307,7698.0,0.0,0.0,0.0,79,7696.0,7700.0,40,7682.0,7696.0,7712.0,7684.0,1229.0,94620780.0,129421
2023-05-09 21:07:16,y2307,y2307,7698.0,0.0,0.0,0.0,79,7696.0,7700.0,35,7682.0,7696.0,7712.0,7684.0,1229.0,94620780.0,129421
2023-05-09 21:07:17,y2307,y2307,7698.0,0.0,0.0,0.0,79,7696.0,7700.0,25,7682.0,7696.0,7712.0,7684.0,1229.0,94620780.0,129421
2023-05-09 21:07:17,y2307,y2307,7698.0,0.0,0.0,0.0,77,7696.0,7700.0,25,7682.0,7696.0,7712.0,7684.0,1229.0,94620780.0,129421
2023-05-09 21:07:18,y2307,y2307,7698.0,1.0,76980.0,0.0,77,7696.0,7700.0,25,7682.0,7696.0,7712.0,7684.0,1230.0,94697760.0,129421
2023-05-09 21:07:20,y2307,y2307,7698.0,50.0,3849000.0,0.0,77,7696.0,7700.0,25,7682.0,7696.0,7712.0,7684.0,1280.0,98546760.0,129421
2023-05-09 21:07:20,y2307,y2307,7698.0,0.0,0.0,0.0,77,7696.0,7700.0,30,7682.0,7696.0,7712.0,7684.0,1280.0,98546760.0,129421
2023-05-09 21:07:22,y2307,y2307,7698.0,0.0,0.0,0.0,78,7696.0,7700.0,25,7682.0,7696.0,7712.0,7684.0,1280.0,98546760.0,129421
2023-05-09 21:07:25,y2307,y2307,7698.0,0.0,0.0,0.0,77,7696.0,7700.0,24,7682.0,7696.0,7712.0,7684.0,1280.0,98546760.0,129421
2023-05-09 21:07:25,y2307,y2307,7698.0,18.0,1385360.0,0.0,55,7696.0,7698.0,96,7682.0,7696.0,7712.0,7684.0,1298.0,99932120.0,129421
2023-05-09 21:07:26,y2307,y2307,7698.0,0.0,0.0,0.0,50,7696.0,7698.0,118,7682.0,7696.0,7712.0,7684.0,1298.0,99932120.0,129421
2023-05-09 21:07:26,y2307,y2307,7698.0,0.0,0.0,0.0,45,7696.0,7698.0,133,7682.0,7696.0,7712.0,7684.0,1298.0,99932120.0,129421
2023-05-09 21:07:27,y2307,y2307,7698.0,0.0,0.0,0.0,45,7696.0,7698.0,132,7682.0,7696.0,7712.0,7684.0,1298.0,99932120.0,129421
2023-05-09 21:07:27,y2307,y2307,7696.0,5.0,384800.0,-5.0,40,7696.0,7698.0,128,7682.0,7696.0,7712.0,7684.0,1303.0,100316920.0,129416
2023-05-09 21:07:28,y2307,y2307,7696.0,40.0,3078400.0,9.0,27,7694.0,7696.0,12,7682.0,7696.0,7712.0,7684.0,1343.0,103395320.0,129425
2023-05-09 21:07:28,y2307,y2307,7696.0,0.0,0.0,0.0,22,7694.0,7696.0,12,7682.0,7696.0,7712.0,7684.0,1343.0,103395320.0,129425
2023-05-09 21:07:31,y2307,y2307,7696.0,0.0,0.0,0.0,11,7694.0,7696.0,13,7682.0,7696.0,7712.0,7684.0,1343.0,103395320.0,129425
2023-05-09 21:07:31,y2307,y2307,7696.0,0.0,0.0,0.0,5,7694.0,7696.0,14,7682.0,7696.0,7712.0,7684.0,1343.0,103395320.0,129425
2023-05-09 21:07:32,y2307,y2307,7696.0,0.0,0.0,0.0,7,7694.0,7696.0,14,7682.0,7696.0,7712.0,7684.0,1343.0,103395320.0,129425
2023-05-09 21:07:34,y2307,y2307,7694.0,9.0,692460.0,3.0,73,7692.0,7694.0,1,7682.0,7696.0,7712.0,7684.0,1352.0,104087780.0,129428
2023-05-09 21:07:35,y2307,y2307,7694.0,1.0,76940.0,0.0,80,7692.0,7696.0,8,7682.0,7696.0,7712.0,7684.0,1353.0,104164720.0,129428
2023-05-09 21:07:36,y2307,y2307,7694.0,0.0,0.0,0.0,26,7694.0,7696.0,8,7682.0,7696.0,7712.0,7684.0,1353.0,104164720.0,129428
2023-05-09 21:07:37,y2307,y2307,7696.0,6.0,461760.0,-6.0,60,7694.0,7696.0,1,7682.0,7696.0,7712.0,7684.0,1359.0,104626480.0,129422
2023-05-09 21:07:37,y2307,y2307,7696.0,1.0,76960.0,-1.0,61,7694.0,7698.0,79,7682.0,7696.0,7712.0,7684.0,1360.0,104703440.0,129421
2023-05-09 21:07:38,y2307,y2307,7696.0,0.0,0.0,0.0,51,7694.0,7698.0,84,7682.0,7696.0,7712.0,7684.0,1360.0,104703440.0,129421
2023-05-09 21:07:38,y2307,y2307,7696.0,0.0,0.0,0.0,56,7694.0,7698.0,99,7682.0,7696.0,7712.0,7684.0,1360.0,104703440.0,129421
2023-05-09 21:07:39,y2307,y2307,7694.0,1.0,76940.0,0.0,60,7694.0,7698.0,94,7682.0,7696.0,7712.0,7684.0,1361.0,104780380.0,129421
2023-05-09 21:07:39,y2307,y2307,7694.0,0.0,0.0,0.0,50,7694.0,7696.0,1,7682.0,7696.0,7712.0,7684.0,1361.0,104780380.0,129421
2023-05-09 21:07:40,y2307,y2307,7694.0,0.0,0.0,0.0,45,7694.0,7696.0,1,7682.0,7696.0,7712.0,7684.0,1361.0,104780380.0,129421
2023-05-09 21:07:40,y2307,y2307,7694.0,0.0,0.0,0.0,43,7694.0,7696.0,1,7682.0,7696.0,7712.0,7684.0,1361.0,104780380.0,129421
2023-05-09 21:07:41,y2307,y2307,7694.0,0.0,0.0,0.0,45,7694.0,7696.0,1,7682.0,7696.0,7712.0,7684.0,1361.0,104780380.0,129421
2023-05-09 21:07:41,y2307,y2307,7694.0,0.0,0.0,0.0,40,7694.0,7696.0,1,7682.0,7696.0,7712.0,7684.0,1361.0,104780380.0,129421
2023-05-09 21:07:42,y2307,y2307,7694.0,0.0,0.0,0.0,45,7694.0,7696.0,1,7682.0,7696.0,7712.0,7684.0,1361.0,104780380.0,129421
2023-05-09 21:07:44,y2307,y2307,7694.0,0.0,0.0,0.0,18,7694.0,7696.0,44,7682.0,7696.0,7712.0,7684.0,1361.0,104780380.0,129421
2023-05-09 21:07:44,y2307,y2307,7694.0,0.0,0.0,0.0,5,7694.0,7696.0,67,7682.0,7696.0,7712.0,7684.0,1361.0,104780380.0,129421
2023-05-09 21:07:44,y2307,y2307,7694.0,0.0,0.0,0.0,5,7694.0,7696.0,78,7682.0,7696.0,7712.0,7684.0,1361.0,104780380.0,129421
2023-05-09 21:07:46,y2307,y2307,7694.0,0.0,0.0,0.0,5,7694.0,7696.0,88,7682.0,7696.0,7712.0,7684.0,1361.0,104780380.0,129421
2023-05-09 21:07:46,y2307,y2307,7694.0,0.0,0.0,0.0,5,7694.0,7696.0,83,7682.0,7696.0,7712.0,7684.0,1361.0,104780380.0,129421
2023-05-09 21:07:47,y2307,y2307,7694.0,0.0,0.0,0.0,5,7694.0,7696.0,88,7682.0,7696.0,7712.0,7684.0,1361.0,104780380.0,129421
2023-05-09 21:07:48,y2307,y2307,7694.0,5.0,384700.0,0.0,43,7692.0,7696.0,88,7682.0,7696.0,7712.0,7684.0,1366.0,105165080.0,129421
2023-05-09 21:07:48,y2307,y2307,7694.0,0.0,0.0,0.0,54,7692.0,7696.0,81,7682.0,7696.0,7712.0,7684.0,1366.0,105165080.0,129421
2023-05-09 21:07:49,y2307,y2307,7694.0,0.0,0.0,0.0,44,7692.0,7696.0,83,7682.0,7696.0,7712.0,7684.0,1366.0,105165080.0,129421
2023-05-09 21:07:49,y2307,y2307,7694.0,0.0,0.0,0.0,39,7692.0,7696.0,88,7682.0,7696.0,7712.0,7684.0,1366.0,105165080.0,129421
2023-05-09 21:07:52,y2307,y2307,7694.0,0.0,0.0,0.0,39,7692.0,7696.0,93,7682.0,7696.0,7712.0,7684.0,1366.0,105165080.0,129421
2023-05-09 21:07:53,y2307,y2307,7696.0,21.0,1616160.0,-6.0,36,7694.0,7698.0,140,7682.0,7696.0,7712.0,7684.0,1387.0,106781240.0,129415
2023-05-09 21:07:53,y2307,y2307,7696.0,0.0,0.0,0.0,8,7696.0,7698.0,146,7682.0,7696.0,7712.0,7684.0,1387.0,106781240.0,129415
2023-05-09 21:07:54,y2307,y2307,7696.0,0.0,0.0,0.0,8,7696.0,7698.0,141,7682.0,7696.0,7712.0,7684.0,1387.0,106781240.0,129415
2023-05-09 21:07:55,y2307,y2307,7696.0,0.0,0.0,0.0,8,7696.0,7698.0,146,7682.0,7696.0,7712.0,7684.0,1387.0,106781240.0,129415
2023-05-09 21:07:55,y2307,y2307,7696.0,3.0,230880.0,3.0,5,7696.0,7698.0,141,7682.0,7696.0,7712.0,7684.0,1390.0,107012120.0,129418
2023-05-09 21:07:55,y2307,y2307,7696.0,0.0,0.0,0.0,5,7696.0,7698.0,146,7682.0,7696.0,7712.0,7684.0,1390.0,107012120.0,129418
2023-05-09 21:07:56,y2307,y2307,7696.0,0.0,0.0,0.0,5,7696.0,7698.0,147,7682.0,7696.0,7712.0,7684.0,1390.0,107012120.0,129418
2023-05-09 21:07:57,y2307,y2307,7696.0,0.0,0.0,0.0,8,7696.0,7698.0,147,7682.0,7696.0,7712.0,7684.0,1390.0,107012120.0,129418
2023-05-09 21:07:58,y2307,y2307,7696.0,0.0,0.0,0.0,5,7696.0,7698.0,147,7682.0,7696.0,7712.0,7684.0,1390.0,107012120.0,129418
2023-05-09 21:07:58,y2307,y2307,7696.0,0.0,0.0,0.0,6,7696.0,7698.0,142,7682.0,7696.0,7712.0,7684.0,1390.0,107012120.0,129418
2023-05-09 21:07:59,y2307,y2307,7696.0,0.0,0.0,0.0,11,7696.0,7698.0,147,7682.0,7696.0,7712.0,7684.0,1390.0,107012120.0,129418
2023-05-09 21:07:59,y2307,y2307,7696.0,0.0,0.0,0.0,54,7696.0,7698.0,64,7682.0,7696.0,7712.0,7684.0,1390.0,107012120.0,129418
2023-05-09 21:08:00,y2307,y2307,7696.0,0.0,0.0,0.0,44,7696.0,7698.0,60,7682.0,7696.0,7712.0,7684.0,1390.0,107012120.0,129418
2023-05-09 21:08:00,y2307,y2307,7696.0,0.0,0.0,0.0,42,7696.0,7698.0,60,7682.0,7696.0,7712.0,7684.0,1390.0,107012120.0,129418
2023-05-09 21:08:01,y2307,y2307,7698.0,61.0,4695780.0,-35.0,5,7698.0,7700.0,148,7682.0,7696.0,7712.0,7684.0,1451.0,111707900.0,129383
2023-05-09 21:08:01,y2307,y2307,7698.0,0.0,0.0,0.0,21,7698.0,7700.0,139,7682.0,7696.0,7712.0,7684.0,1451.0,111707900.0,129383
2023-05-09 21:08:02,y2307,y2307,7698.0,0.0,0.0,0.0,21,7698.0,7700.0,129,7682.0,7696.0,7712.0,7684.0,1451.0,111707900.0,129383
2023-05-09 21:08:02,y2307,y2307,7698.0,0.0,0.0,0.0,21,7698.0,7700.0,134,7682.0,7696.0,7712.0,7684.0,1451.0,111707900.0,129383
2023-05-09 21:08:04,y2307,y2307,7698.0,0.0,0.0,0.0,21,7698.0,7700.0,132,7682.0,7696.0,7712.0,7684.0,1451.0,111707900.0,129383
2023-05-09 21:08:06,y2307,y2307,7698.0,0.0,0.0,0.0,21,7698.0,7700.0,117,7682.0,7696.0,7712.0,7684.0,1451.0,111707900.0,129383
2023-05-09 21:08:07,y2307,y2307,7698.0,0.0,0.0,0.0,47,7698.0,7700.0,79,7682.0,7696.0,7712.0,7684.0,1451.0,111707900.0,129383
2023-05-09 21:08:07,y2307,y2307,7700.0,1.0,77000.0,-1.0,53,7698.0,7700.0,55,7682.0,7696.0,7712.0,7684.0,1452.0,111784900.0,129382
2023-05-09 21:08:08,y2307,y2307,7700.0,0.0,0.0,0.0,34,7698.0,7700.0,115,7682.0,7696.0,7712.0,7684.0,1452.0,111784900.0,129382
2023-05-09 21:08:08,y2307,y2307,7700.0,27.0,2079000.0,0.0,7,7698.0,7700.0,90,7682.0,7696.0,7712.0,7684.0,1479.0,113863900.0,129382
2023-05-09 21:08:09,y2307,y2307,7700.0,0.0,0.0,0.0,7,7698.0,7700.0,95,7682.0,7696.0,7712.0,7684.0,1479.0,113863900.0,129382
2023-05-09 21:08:09,y2307,y2307,7700.0,0.0,0.0,0.0,7,7698.0,7700.0,100,7682.0,7696.0,7712.0,7684.0,1479.0,113863900.0,129382
2023-05-09 21:08:10,y2307,y2307,7698.0,8.0,615840.0,-1.0,61,7696.0,7698.0,5,7682.0,7696.0,7712.0,7684.0,1487.0,114479740.0,129381
2023-05-09 21:08:10,y2307,y2307,7698.0,0.0,0.0,0.0,56,7696.0,7700.0,93,7682.0,7696.0,7712.0,7684.0,1487.0,114479740.0,129381
2023-05-09 21:08:11,y2307,y2307,7698.0,0.0,0.0,0.0,47,7696.0,7700.0,95,7682.0,7696.0,7712.0,7684.0,1487.0,114479740.0,129381
2023-05-09 21:08:11,y2307,y2307,7696.0,23.0,1770080.0,7.0,47,7694.0,7696.0,10,7682.0,7696.0,7712.0,7684.0,1510.0,116249820.0,129388
2023-05-09 21:08:12,y2307,y2307,7696.0,19.0,1462240.0,-2.0,10,7696.0,7698.0,15,7682.0,7696.0,7712.0,7684.0,1529.0,117712060.0,129386
2023-05-09 21:08:12,y2307,y2307,7696.0,0.0,0.0,0.0,8,7696.0,7698.0,18,7682.0,7696.0,7712.0,7684.0,1529.0,117712060.0,129386
2023-05-09 21:08:13,y2307,y2307,7696.0,0.0,0.0,0.0,22,7694.0,7698.0,87,7682.0,7696.0,7712.0,7684.0,1529.0,117712060.0,129386
2023-05-09 21:08:13,y2307,y2307,7696.0,0.0,0.0,0.0,18,7694.0,7698.0,97,7682.0,7696.0,7712.0,7684.0,1529.0,117712060.0,129386
2023-05-09 21:08:13,y2307,y2307,7696.0,0.0,0.0,0.0,17,7694.0,7698.0,97,7682.0,7696.0,7712.0,7684.0,1529.0,117712060.0,129386
2023-05-09 21:08:14,y2307,y2307,7696.0,0.0,0.0,0.0,30,7694.0,7698.0,25,7682.0,7696.0,7712.0,7684.0,1529.0,117712060.0,129386
2023-05-09 21:08:15,y2307,y2307,7696.0,0.0,0.0,0.0,50,7694.0,7698.0,16,7682.0,7696.0,7712.0,7684.0,1529.0,117712060.0,129386
2023-05-09 21:08:15,y2307,y2307,7696.0,0.0,0.0,0.0,65,7694.0,7698.0,11,7682.0,7696.0,7712.0,7684.0,1529.0,117712060.0,129386
2023-05-09 21:08:16,y2307,y2307,7696.0,0.0,0.0,0.0,6,7696.0,7698.0,3,7682.0,7696.0,7712.0,7684.0,1529.0,117712060.0,129386
2023-05-09 21:08:16,y2307,y2307,7696.0,0.0,0.0,0.0,7,7696.0,7698.0,3,7682.0,7696.0,7712.0,7684.0,1529.0,117712060.0,129386
2023-05-09 21:08:17,y2307,y2307,7696.0,0.0,0.0,0.0,70,7694.0,7698.0,62,7682.0,7696.0,7712.0,7684.0,1529.0,117712060.0,129386
2023-05-09 21:08:17,y2307,y2307,7696.0,0.0,0.0,0.0,35,7694.0,7698.0,14,7682.0,7696.0,7712.0,7684.0,1529.0,117712060.0,129386
2023-05-09 21:08:18,y2307,y2307,7696.0,0.0,0.0,0.0,38,7694.0,7698.0,79,7682.0,7696.0,7712.0,7684.0,1529.0,117712060.0,129386
2023-05-09 21:08:18,y2307,y2307,7696.0,0.0,0.0,0.0,17,7694.0,7698.0,95,7682.0,7696.0,7712.0,7684.0,1529.0,117712060.0,129386
2023-05-09 21:08:19,y2307,y2307,7696.0,0.0,0.0,0.0,17,7694.0,7696.0,2,7682.0,7696.0,7712.0,7684.0,1529.0,117712060.0,129386
2023-05-09 21:08:20,y2307,y2307,7696.0,34.0,2616640.0,-7.0,22,7696.0,7698.0,92,7682.0,7696.0,7712.0,7684.0,1563.0,120328700.0,129379
2023-05-09 21:08:21,y2307,y2307,7696.0,22.0,1693120.0,0.0,22,7694.0,7696.0,5,7682.0,7696.0,7712.0,7684.0,1585.0,122021820.0,129379
2023-05-09 21:08:21,y2307,y2307,7696.0,0.0,0.0,0.0,17,7694.0,7696.0,5,7682.0,7696.0,7712.0,7684.0,1585.0,122021820.0,129379
2023-05-09 21:08:22,y2307,y2307,7696.0,5.0,384800.0,-5.0,25,7694.0,7698.0,24,7682.0,7696.0,7712.0,7684.0,1590.0,122406620.0,129374
2023-05-09 21:08:23,y2307,y2307,7696.0,0.0,0.0,0.0,3,7696.0,7698.0,32,7682.0,7696.0,7712.0,7684.0,1590.0,122406620.0,129374
2023-05-09 21:08:23,y2307,y2307,7696.0,0.0,0.0,0.0,18,7694.0,7698.0,102,7682.0,7696.0,7712.0,7684.0,1590.0,122406620.0,129374
2023-05-09 21:08:24,y2307,y2307,7696.0,0.0,0.0,0.0,15,7694.0,7698.0,40,7682.0,7696.0,7712.0,7684.0,1590.0,122406620.0,129374
2023-05-09 21:08:25,y2307,y2307,7696.0,0.0,0.0,0.0,36,7694.0,7698.0,25,7682.0,7696.0,7712.0,7684.0,1590.0,122406620.0,129374
2023-05-09 21:08:25,y2307,y2307,7696.0,0.0,0.0,0.0,5,7696.0,7698.0,5,7682.0,7696.0,7712.0,7684.0,1590.0,122406620.0,129374
2023-05-09 21:08:26,y2307,y2307,7696.0,0.0,0.0,0.0,64,7694.0,7698.0,60,7682.0,7696.0,7712.0,7684.0,1590.0,122406620.0,129374
2023-05-09 21:08:26,y2307,y2307,7696.0,0.0,0.0,0.0,5,7696.0,7698.0,65,7682.0,7696.0,7712.0,7684.0,1590.0,122406620.0,129374
2023-05-09 21:08:27,y2307,y2307,7696.0,0.0,0.0,0.0,36,7694.0,7698.0,85,7682.0,7696.0,7712.0,7684.0,1590.0,122406620.0,129374
2023-05-09 21:08:27,y2307,y2307,7696.0,0.0,0.0,0.0,31,7694.0,7698.0,85,7682.0,7696.0,7712.0,7684.0,1590.0,122406620.0,129374
2023-05-09 21:08:31,y2307,y2307,7696.0,0.0,0.0,0.0,27,7694.0,7698.0,85,7682.0,7696.0,7712.0,7684.0,1590.0,122406620.0,129374
2023-05-09 21:08:32,y2307,y2307,7696.0,2.0,153920.0,2.0,27,7694.0,7698.0,85,7682.0,7696.0,7712.0,7684.0,1592.0,122560540.0,129376
2023-05-09 21:08:32,y2307,y2307,7696.0,0.0,0.0,0.0,22,7694.0,7698.0,90,7682.0,7696.0,7712.0,7684.0,1592.0,122560540.0,129376
2023-05-09 21:08:33,y2307,y2307,7696.0,0.0,0.0,0.0,22,7694.0,7698.0,91,7682.0,7696.0,7712.0,7684.0,1592.0,122560540.0,129376
2023-05-09 21:08:36,y2307,y2307,7696.0,0.0,0.0,0.0,22,7694.0,7698.0,90,7682.0,7696.0,7712.0,7684.0,1592.0,122560540.0,129376
2023-05-09 21:08:36,y2307,y2307,7698.0,1.0,76980.0,0.0,56,7696.0,7698.0,68,7682.0,7696.0,7712.0,7684.0,1593.0,122637520.0,129376
2023-05-09 21:08:37,y2307,y2307,7698.0,2.0,153960.0,-1.0,51,7696.0,7698.0,57,7682.0,7696.0,7712.0,7684.0,1595.0,122791480.0,129375
2023-05-09 21:08:37,y2307,y2307,7698.0,0.0,0.0,0.0,2,7696.0,7698.0,74,7682.0,7696.0,7712.0,7684.0,1595.0,122791480.0,129375
2023-05-09 21:08:38,y2307,y2307,7698.0,0.0,0.0,0.0,2,7696.0,7698.0,79,7682.0,7696.0,7712.0,7684.0,1595.0,122791480.0,129375
2023-05-09 21:08:38,y2307,y2307,7698.0,0.0,0.0,0.0,2,7696.0,7698.0,89,7682.0,7696.0,7712.0,7684.0,1595.0,122791480.0,129375
2023-05-09 21:08:39,y2307,y2307,7698.0,0.0,0.0,0.0,2,7696.0,7698.0,94,7682.0,7696.0,7712.0,7684.0,1595.0,122791480.0,129375
2023-05-09 21:08:39,y2307,y2307,7698.0,0.0,0.0,0.0,4,7696.0,7698.0,101,7682.0,7696.0,7712.0,7684.0,1595.0,122791480.0,129375
2023-05-09 21:08:40,y2307,y2307,7698.0,0.0,0.0,0.0,4,7696.0,7698.0,92,7682.0,7696.0,7712.0,7684.0,1595.0,122791480.0,129375
2023-05-09 21:08:40,y2307,y2307,7698.0,0.0,0.0,0.0,53,7696.0,7698.0,63,7682.0,7696.0,7712.0,7684.0,1595.0,122791480.0,129375
2023-05-09 21:08:41,y2307,y2307,7698.0,0.0,0.0,0.0,54,7696.0,7698.0,63,7682.0,7696.0,7712.0,7684.0,1595.0,122791480.0,129375
2023-05-09 21:08:41,y2307,y2307,7698.0,0.0,0.0,0.0,58,7696.0,7698.0,63,7682.0,7696.0,7712.0,7684.0,1595.0,122791480.0,129375
2023-05-09 21:08:42,y2307,y2307,7698.0,0.0,0.0,0.0,4,7696.0,7698.0,100,7682.0,7696.0,7712.0,7684.0,1595.0,122791480.0,129375
2023-05-09 21:08:42,y2307,y2307,7698.0,0.0,0.0,0.0,4,7696.0,7698.0,101,7682.0,7696.0,7712.0,7684.0,1595.0,122791480.0,129375
