time,symbol_id,symbol_name,last,trade_volume,trade_amount,open_interest_change,bv1,bp1,ap1,av1,yesterday_close,today_open,today_high,today_low,volume,amount,open_interest
2023-05-09 20:58:57,y2308,y2308,7644.0,0.0,0.0,0.0,1,7678.0,7696.0,1,7644.0,7678.0,0.0,0.0,0.0,0.0,96895
2023-05-09 21:00:00,y2308,y2308,7676.0,2.0,153540.0,2.0,3,7656.0,7696.0,1,7644.0,7678.0,7678.0,7676.0,2.0,153540.0,96897
2023-05-09 21:00:00,y2308,y2308,7670.0,4.0,306840.0,2.0,2,7662.0,7674.0,2,7644.0,7678.0,7678.0,7670.0,6.0,460380.0,96899
2023-05-09 21:00:01,y2308,y2308,7664.0,2.0,153280.0,0.0,2,7662.0,7670.0,2,7644.0,7678.0,7678.0,7664.0,8.0,613660.0,96899
2023-05-09 21:00:01,y2308,y2308,7664.0,4.0,306520.0,0.0,2,7660.0,7666.0,2,7644.0,7678.0,7678.0,7662.0,12.0,920180.0,96899
2023-05-09 21:00:02,y2308,y2308,7664.0,2.0,153280.0,0.0,2,7662.0,7668.0,10,7644.0,7678.0,7678.0,7662.0,14.0,1073460.0,96899
2023-05-09 21:00:02,y2308,y2308,7664.0,1.0,76640.0,0.0,2,7658.0,7664.0,2,7644.0,7678.0,7678.0,7662.0,15.0,1150100.0,96899
2023-05-09 21:00:03,y2308,y2308,7664.0,1.0,76640.0,-1.0,8,7662.0,7668.0,1,7644.0,7678.0,7678.0,7662.0,16.0,1226740.0,96898
2023-05-09 21:00:03,y2308,y2308,7666.0,1.0,76660.0,1.0,2,7662.0,7668.0,1,7644.0,7678.0,7678.0,7662.0,17.0,1303400.0,96899
2023-05-09 21:00:04,y2308,y2308,7666.0,3.0,229980.0,0.0,2,7660.0,7666.0,1,7644.0,7678.0,7678.0,7662.0,20.0,1533380.0,96899
2023-05-09 21:00:04,y2308,y2308,7666.0,0.0,0.0,0.0,1,7662.0,7668.0,5,7644.0,7678.0,7678.0,7662.0,20.0,1533380.0,96899
2023-05-09 21:00:05,y2308,y2308,7666.0,0.0,0.0,0.0,1,7662.0,7668.0,6,7644.0,7678.0,7678.0,7662.0,20.0,1533380.0,96899
2023-05-09 21:00:05,y2308,y2308,7666.0,0.0,0.0,0.0,1,7664.0,7668.0,2,7644.0,7678.0,7678.0,7662.0,20.0,1533380.0,96899
2023-05-09 21:00:06,y2308,y2308,7668.0,1.0,76680.0,0.0,6,7654.0,7668.0,1,7644.0,7678.0,7678.0,7662.0,21.0,1610060.0,96899
2023-05-09 21:00:06,y2308,y2308,7668.0,0.0,0.0,0.0,1,7664.0,7668.0,1,7644.0,7678.0,7678.0,7662.0,21.0,1610060.0,96899
2023-05-09 21:00:07,y2308,y2308,7668.0,0.0,0.0,0.0,2,7664.0,7668.0,4,7644.0,7678.0,7678.0,7662.0,21.0,1610060.0,96899
2023-05-09 21:00:07,y2308,y2308,7668.0,0.0,0.0,0.0,6,7660.0,7666.0,1,7644.0,7678.0,7678.0,7662.0,21.0,1610060.0,96899
2023-05-09 21:00:08,y2308,y2308,7668.0,0.0,0.0,0.0,3,7662.0,7668.0,2,7644.0,7678.0,7678.0,7662.0,21.0,1610060.0,96899
2023-05-09 21:00:09,y2308,y2308,7668.0,0.0,0.0,0.0,5,7662.0,7668.0,2,7644.0,7678.0,7678.0,7662.0,21.0,1610060.0,96899
2023-05-09 21:00:10,y2308,y2308,7668.0,0.0,0.0,0.0,5,7656.0,7668.0,6,7644.0,7678.0,7678.0,7662.0,21.0,1610060.0,96899
2023-05-09 21:00:10,y2308,y2308,7666.0,2.0,153320.0,-1.0,3,7662.0,7668.0,9,7644.0,7678.0,7678.0,7662.0,23.0,1763380.0,96898
2023-05-09 21:00:11,y2308,y2308,7666.0,0.0,0.0,0.0,5,7662.0,7668.0,8,7644.0,7678.0,7678.0,7662.0,23.0,1763380.0,96898
2023-05-09 21:00:11,y2308,y2308,7666.0,0.0,0.0,0.0,2,7662.0,7668.0,16,7644.0,7678.0,7678.0,7662.0,23.0,1763380.0,96898
2023-05-09 21:00:12,y2308,y2308,7666.0,0.0,0.0,0.0,8,7660.0,7666.0,7,7644.0,7678.0,7678.0,7662.0,23.0,1763380.0,96898
2023-05-09 21:00:12,y2308,y2308,7666.0,0.0,0.0,0.0,8,7660.0,7664.0,2,7644.0,7678.0,7678.0,7662.0,23.0,1763380.0,96898
2023-05-09 21:00:13,y2308,y2308,7666.0,0.0,0.0,0.0,8,7660.0,7666.0,10,7644.0,7678.0,7678.0,7662.0,23.0,1763380.0,96898
2023-05-09 21:00:13,y2308,y2308,7666.0,0.0,0.0,0.0,5,7658.0,7666.0,11,7644.0,7678.0,7678.0,7662.0,23.0,1763380.0,96898
2023-05-09 21:00:14,y2308,y2308,7666.0,0.0,0.0,0.0,2,7662.0,7666.0,11,7644.0,7678.0,7678.0,7662.0,23.0,1763380.0,96898
2023-05-09 21:00:14,y2308,y2308,7666.0,0.0,0.0,0.0,2,7664.0,7666.0,2,7644.0,7678.0,7678.0,7662.0,23.0,1763380.0,96898
2023-05-09 21:00:15,y2308,y2308,7666.0,0.0,0.0,0.0,3,7662.0,7666.0,2,7644.0,7678.0,7678.0,7662.0,23.0,1763380.0,96898
2023-05-09 21:00:15,y2308,y2308,7666.0,0.0,0.0,0.0,5,7662.0,7666.0,2,7644.0,7678.0,7678.0,7662.0,23.0,1763380.0,96898
2023-05-09 21:00:16,y2308,y2308,7666.0,0.0,0.0,0.0,8,7662.0,7666.0,2,7644.0,7678.0,7678.0,7662.0,23.0,1763380.0,96898
2023-05-09 21:00:16,y2308,y2308,7666.0,0.0,0.0,0.0,7,7662.0,7668.0,8,7644.0,7678.0,7678.0,7662.0,23.0,1763380.0,96898
2023-05-09 21:00:17,y2308,y2308,7666.0,0.0,0.0,0.0,3,7664.0,7668.0,9,7644.0,7678.0,7678.0,7662.0,23.0,1763380.0,96898
2023-05-09 21:00:18,y2308,y2308,7666.0,0.0,0.0,0.0,6,7662.0,7668.0,15,7644.0,7678.0,7678.0,7662.0,23.0,1763380.0,96898
2023-05-09 21:00:18,y2308,y2308,7666.0,0.0,0.0,0.0,14,7660.0,7666.0,13,7644.0,7678.0,7678.0,7662.0,23.0,1763380.0,96898
2023-05-09 21:00:19,y2308,y2308,7666.0,0.0,0.0,0.0,2,7662.0,7666.0,12,7644.0,7678.0,7678.0,7662.0,23.0,1763380.0,96898
2023-05-09 21:00:19,y2308,y2308,7666.0,1.0,76660.0,0.0,9,7660.0,7666.0,13,7644.0,7678.0,7678.0,7662.0,24.0,1840040.0,96898
2023-05-09 21:00:20,y2308,y2308,7666.0,0.0,0.0,0.0,9,7660.0,7666.0,17,7644.0,7678.0,7678.0,7662.0,24.0,1840040.0,96898
2023-05-09 21:00:20,y2308,y2308,7666.0,0.0,0.0,0.0,10,7662.0,7664.0,5,7644.0,7678.0,7678.0,7662.0,24.0,1840040.0,96898
2023-05-09 21:00:21,y2308,y2308,7664.0,3.0,229920.0,0.0,4,7662.0,7666.0,2,7644.0,7678.0,7678.0,7662.0,27.0,2069960.0,96898
2023-05-09 21:00:21,y2308,y2308,7664.0,0.0,0.0,0.0,8,7662.0,7666.0,2,7644.0,7678.0,7678.0,7662.0,27.0,2069960.0,96898
2023-05-09 21:00:22,y2308,y2308,7664.0,0.0,0.0,0.0,9,7662.0,7666.0,3,7644.0,7678.0,7678.0,7662.0,27.0,2069960.0,96898
2023-05-09 21:00:22,y2308,y2308,7660.0,24.0,1838700.0,10.0,20,7658.0,7660.0,25,7644.0,7678.0,7678.0,7660.0,51.0,3908660.0,96908
2023-05-09 21:00:23,y2308,y2308,7660.0,25.0,1915000.0,18.0,1,7656.0,7666.0,17,7644.0,7678.0,7678.0,7660.0,76.0,5823660.0,96926
2023-05-09 21:00:23,y2308,y2308,7660.0,0.0,0.0,0.0,1,7656.0,7664.0,11,7644.0,7678.0,7678.0,7660.0,76.0,5823660.0,96926
2023-05-09 21:00:24,y2308,y2308,7660.0,0.0,0.0,0.0,6,7656.0,7664.0,11,7644.0,7678.0,7678.0,7660.0,76.0,5823660.0,96926
2023-05-09 21:00:25,y2308,y2308,7662.0,1.0,76620.0,0.0,8,7656.0,7662.0,4,7644.0,7678.0,7678.0,7660.0,77.0,5900280.0,96926
2023-05-09 21:00:26,y2308,y2308,7662.0,0.0,0.0,0.0,8,7656.0,7660.0,2,7644.0,7678.0,7678.0,7660.0,77.0,5900280.0,96926
2023-05-09 21:00:26,y2308,y2308,7662.0,0.0,0.0,0.0,3,7656.0,7660.0,2,7644.0,7678.0,7678.0,7660.0,77.0,5900280.0,96926
2023-05-09 21:00:27,y2308,y2308,7662.0,0.0,0.0,0.0,2,7656.0,7660.0,2,7644.0,7678.0,7678.0,7660.0,77.0,5900280.0,96926
2023-05-09 21:00:28,y2308,y2308,7662.0,0.0,0.0,0.0,2,7656.0,7660.0,8,7644.0,7678.0,7678.0,7660.0,77.0,5900280.0,96926
2023-05-09 21:00:29,y2308,y2308,7656.0,2.0,153120.0,0.0,5,7654.0,7660.0,9,7644.0,7678.0,7678.0,7656.0,79.0,6053400.0,96926
2023-05-09 21:00:29,y2308,y2308,7656.0,0.0,0.0,0.0,8,7654.0,7660.0,9,7644.0,7678.0,7678.0,7656.0,79.0,6053400.0,96926
2023-05-09 21:00:30,y2308,y2308,7656.0,0.0,0.0,0.0,8,7654.0,7658.0,5,7644.0,7678.0,7678.0,7656.0,79.0,6053400.0,96926
2023-05-09 21:00:31,y2308,y2308,7656.0,0.0,0.0,0.0,5,7654.0,7658.0,5,7644.0,7678.0,7678.0,7656.0,79.0,6053400.0,96926
2023-05-09 21:00:31,y2308,y2308,7656.0,0.0,0.0,0.0,6,7652.0,7658.0,10,7644.0,7678.0,7678.0,7656.0,79.0,6053400.0,96926
2023-05-09 21:00:32,y2308,y2308,7656.0,0.0,0.0,0.0,17,7652.0,7658.0,7,7644.0,7678.0,7678.0,7656.0,79.0,6053400.0,96926
2023-05-09 21:00:32,y2308,y2308,7656.0,0.0,0.0,0.0,17,7652.0,7658.0,12,7644.0,7678.0,7678.0,7656.0,79.0,6053400.0,96926
2023-05-09 21:00:33,y2308,y2308,7656.0,0.0,0.0,0.0,8,7652.0,7656.0,5,7644.0,7678.0,7678.0,7656.0,79.0,6053400.0,96926
2023-05-09 21:00:33,y2308,y2308,7656.0,0.0,0.0,0.0,1,7652.0,7656.0,10,7644.0,7678.0,7678.0,7656.0,79.0,6053400.0,96926
2023-05-09 21:00:34,y2308,y2308,7656.0,0.0,0.0,0.0,11,7650.0,7654.0,2,7644.0,7678.0,7678.0,7656.0,79.0,6053400.0,96926
2023-05-09 21:00:35,y2308,y2308,7656.0,0.0,0.0,0.0,16,7648.0,7654.0,7,7644.0,7678.0,7678.0,7656.0,79.0,6053400.0,96926
2023-05-09 21:00:35,y2308,y2308,7656.0,0.0,0.0,0.0,11,7650.0,7654.0,7,7644.0,7678.0,7678.0,7656.0,79.0,6053400.0,96926
2023-05-09 21:00:36,y2308,y2308,7656.0,0.0,0.0,0.0,11,7648.0,7654.0,12,7644.0,7678.0,7678.0,7656.0,79.0,6053400.0,96926
2023-05-09 21:00:36,y2308,y2308,7654.0,6.0,459240.0,3.0,13,7648.0,7654.0,2,7644.0,7678.0,7678.0,7654.0,85.0,6512640.0,96929
2023-05-09 21:00:37,y2308,y2308,7654.0,1.0,76540.0,1.0,10,7650.0,7656.0,12,7644.0,7678.0,7678.0,7654.0,86.0,6589180.0,96930
2023-05-09 21:00:38,y2308,y2308,7654.0,0.0,0.0,0.0,7,7650.0,7656.0,12,7644.0,7678.0,7678.0,7654.0,86.0,6589180.0,96930
2023-05-09 21:00:39,y2308,y2308,7650.0,1.0,76500.0,-1.0,6,7650.0,7656.0,12,7644.0,7678.0,7678.0,7650.0,87.0,6665680.0,96929
2023-05-09 21:00:40,y2308,y2308,7650.0,0.0,0.0,0.0,4,7650.0,7656.0,12,7644.0,7678.0,7678.0,7650.0,87.0,6665680.0,96929
2023-05-09 21:00:40,y2308,y2308,7650.0,0.0,0.0,0.0,6,7650.0,7656.0,12,7644.0,7678.0,7678.0,7650.0,87.0,6665680.0,96929
2023-05-09 21:00:41,y2308,y2308,7650.0,0.0,0.0,0.0,4,7650.0,7656.0,12,7644.0,7678.0,7678.0,7650.0,87.0,6665680.0,96929
2023-05-09 21:00:41,y2308,y2308,7650.0,0.0,0.0,0.0,7,7652.0,7656.0,2,7644.0,7678.0,7678.0,7650.0,87.0,6665680.0,96929
2023-05-09 21:00:42,y2308,y2308,7650.0,0.0,0.0,0.0,8,7652.0,7656.0,2,7644.0,7678.0,7678.0,7650.0,87.0,6665680.0,96929
2023-05-09 21:00:43,y2308,y2308,7650.0,0.0,0.0,0.0,10,7652.0,7658.0,10,7644.0,7678.0,7678.0,7650.0,87.0,6665680.0,96929
2023-05-09 21:00:43,y2308,y2308,7652.0,1.0,76520.0,-1.0,7,7652.0,7658.0,12,7644.0,7678.0,7678.0,7650.0,88.0,6742200.0,96928
2023-05-09 21:00:44,y2308,y2308,7652.0,0.0,0.0,0.0,3,7654.0,7658.0,12,7644.0,7678.0,7678.0,7650.0,88.0,6742200.0,96928
2023-05-09 21:00:46,y2308,y2308,7652.0,0.0,0.0,0.0,7,7652.0,7656.0,4,7644.0,7678.0,7678.0,7650.0,88.0,6742200.0,96928
2023-05-09 21:00:46,y2308,y2308,7652.0,0.0,0.0,0.0,7,7652.0,7656.0,2,7644.0,7678.0,7678.0,7650.0,88.0,6742200.0,96928
2023-05-09 21:00:47,y2308,y2308,7652.0,0.0,0.0,0.0,3,7652.0,7656.0,2,7644.0,7678.0,7678.0,7650.0,88.0,6742200.0,96928
2023-05-09 21:00:48,y2308,y2308,7652.0,0.0,0.0,0.0,1,7654.0,7656.0,2,7644.0,7678.0,7678.0,7650.0,88.0,6742200.0,96928
2023-05-09 21:00:51,y2308,y2308,7652.0,0.0,0.0,0.0,8,7652.0,7656.0,2,7644.0,7678.0,7678.0,7650.0,88.0,6742200.0,96928
2023-05-09 21:00:52,y2308,y2308,7652.0,0.0,0.0,0.0,1,7654.0,7656.0,2,7644.0,7678.0,7678.0,7650.0,88.0,6742200.0,96928
2023-05-09 21:00:53,y2308,y2308,7652.0,0.0,0.0,0.0,8,7654.0,7658.0,10,7644.0,7678.0,7678.0,7650.0,88.0,6742200.0,96928
2023-05-09 21:00:53,y2308,y2308,7652.0,0.0,0.0,0.0,18,7652.0,7658.0,8,7644.0,7678.0,7678.0,7650.0,88.0,6742200.0,96928
2023-05-09 21:00:54,y2308,y2308,7652.0,0.0,0.0,0.0,18,7652.0,7658.0,12,7644.0,7678.0,7678.0,7650.0,88.0,6742200.0,96928
2023-05-09 21:00:54,y2308,y2308,7652.0,0.0,0.0,0.0,3,7654.0,7658.0,12,7644.0,7678.0,7678.0,7650.0,88.0,6742200.0,96928
2023-05-09 21:00:56,y2308,y2308,7652.0,0.0,0.0,0.0,5,7654.0,7658.0,12,7644.0,7678.0,7678.0,7650.0,88.0,6742200.0,96928
2023-05-09 21:00:57,y2308,y2308,7652.0,0.0,0.0,0.0,10,7654.0,7658.0,7,7644.0,7678.0,7678.0,7650.0,88.0,6742200.0,96928
2023-05-09 21:00:58,y2308,y2308,7652.0,0.0,0.0,0.0,18,7652.0,7658.0,2,7644.0,7678.0,7678.0,7650.0,88.0,6742200.0,96928
2023-05-09 21:00:58,y2308,y2308,7652.0,0.0,0.0,0.0,5,7654.0,7658.0,7,7644.0,7678.0,7678.0,7650.0,88.0,6742200.0,96928
2023-05-09 21:00:59,y2308,y2308,7652.0,0.0,0.0,0.0,3,7654.0,7660.0,15,7644.0,7678.0,7678.0,7650.0,88.0,6742200.0,96928
2023-05-09 21:00:59,y2308,y2308,7652.0,0.0,0.0,0.0,5,7654.0,7658.0,12,7644.0,7678.0,7678.0,7650.0,88.0,6742200.0,96928
2023-05-09 21:01:00,y2308,y2308,7652.0,0.0,0.0,0.0,7,7654.0,7658.0,12,7644.0,7678.0,7678.0,7650.0,88.0,6742200.0,96928
2023-05-09 21:01:00,y2308,y2308,7658.0,2.0,153160.0,1.0,22,7654.0,7660.0,15,7644.0,7678.0,7678.0,7650.0,90.0,6895360.0,96929
2023-05-09 21:01:01,y2308,y2308,7658.0,0.0,0.0,0.0,20,7654.0,7658.0,10,7644.0,7678.0,7678.0,7650.0,90.0,6895360.0,96929
2023-05-09 21:01:01,y2308,y2308,7658.0,0.0,0.0,0.0,15,7654.0,7660.0,16,7644.0,7678.0,7678.0,7650.0,90.0,6895360.0,96929
2023-05-09 21:01:02,y2308,y2308,7658.0,0.0,0.0,0.0,10,7654.0,7658.0,11,7644.0,7678.0,7678.0,7650.0,90.0,6895360.0,96929
2023-05-09 21:01:02,y2308,y2308,7658.0,0.0,0.0,0.0,15,7654.0,7660.0,15,7644.0,7678.0,7678.0,7650.0,90.0,6895360.0,96929
2023-05-09 21:01:03,y2308,y2308,7658.0,0.0,0.0,0.0,4,7656.0,7660.0,12,7644.0,7678.0,7678.0,7650.0,90.0,6895360.0,96929
2023-05-09 21:01:03,y2308,y2308,7658.0,0.0,0.0,0.0,5,7656.0,7660.0,7,7644.0,7678.0,7678.0,7650.0,90.0,6895360.0,96929
2023-05-09 21:01:04,y2308,y2308,7658.0,0.0,0.0,0.0,1,7656.0,7660.0,13,7644.0,7678.0,7678.0,7650.0,90.0,6895360.0,96929
2023-05-09 21:01:05,y2308,y2308,7658.0,0.0,0.0,0.0,1,7656.0,7660.0,12,7644.0,7678.0,7678.0,7650.0,90.0,6895360.0,96929
2023-05-09 21:01:05,y2308,y2308,7658.0,1.0,76580.0,-1.0,1,7656.0,7660.0,12,7644.0,7678.0,7678.0,7650.0,91.0,6971940.0,96928
2023-05-09 21:01:06,y2308,y2308,7658.0,0.0,0.0,0.0,1,7658.0,7660.0,12,7644.0,7678.0,7678.0,7650.0,91.0,6971940.0,96928
2023-05-09 21:01:06,y2308,y2308,7658.0,0.0,0.0,0.0,1,7656.0,7660.0,12,7644.0,7678.0,7678.0,7650.0,91.0,6971940.0,96928
2023-05-09 21:01:07,y2308,y2308,7658.0,0.0,0.0,0.0,2,7656.0,7660.0,12,7644.0,7678.0,7678.0,7650.0,91.0,6971940.0,96928
2023-05-09 21:01:10,y2308,y2308,7658.0,0.0,0.0,0.0,2,7656.0,7658.0,5,7644.0,7678.0,7678.0,7650.0,91.0,6971940.0,96928
2023-05-09 21:01:10,y2308,y2308,7658.0,0.0,0.0,0.0,6,7656.0,7660.0,22,7644.0,7678.0,7678.0,7650.0,91.0,6971940.0,96928
2023-05-09 21:01:11,y2308,y2308,7658.0,0.0,0.0,0.0,1,7658.0,7660.0,17,7644.0,7678.0,7678.0,7650.0,91.0,6971940.0,96928
2023-05-09 21:01:13,y2308,y2308,7658.0,0.0,0.0,0.0,1,7658.0,7660.0,18,7644.0,7678.0,7678.0,7650.0,91.0,6971940.0,96928
2023-05-09 21:01:14,y2308,y2308,7658.0,1.0,76580.0,-1.0,1,7656.0,7660.0,17,7644.0,7678.0,7678.0,7650.0,92.0,7048520.0,96927
2023-05-09 21:01:15,y2308,y2308,7658.0,0.0,0.0,0.0,1,7656.0,7660.0,18,7644.0,7678.0,7678.0,7650.0,92.0,7048520.0,96927
2023-05-09 21:01:15,y2308,y2308,7658.0,0.0,0.0,0.0,2,7658.0,7660.0,17,7644.0,7678.0,7678.0,7650.0,92.0,7048520.0,96927
2023-05-09 21:01:16,y2308,y2308,7658.0,2.0,153160.0,-2.0,1,7656.0,7658.0,4,7644.0,7678.0,7678.0,7650.0,94.0,7201680.0,96925
2023-05-09 21:01:16,y2308,y2308,7658.0,0.0,0.0,0.0,7,7654.0,7658.0,16,7644.0,7678.0,7678.0,7650.0,94.0,7201680.0,96925
2023-05-09 21:01:17,y2308,y2308,7658.0,0.0,0.0,0.0,3,7654.0,7658.0,12,7644.0,7678.0,7678.0,7650.0,94.0,7201680.0,96925
2023-05-09 21:01:18,y2308,y2308,7658.0,0.0,0.0,0.0,8,7654.0,7658.0,2,7644.0,7678.0,7678.0,7650.0,94.0,7201680.0,96925
2023-05-09 21:01:18,y2308,y2308,7658.0,0.0,0.0,0.0,13,7654.0,7658.0,2,7644.0,7678.0,7678.0,7650.0,94.0,7201680.0,96925
2023-05-09 21:01:19,y2308,y2308,7658.0,0.0,0.0,0.0,17,7654.0,7658.0,2,7644.0,7678.0,7678.0,7650.0,94.0,7201680.0,96925
2023-05-09 21:01:19,y2308,y2308,7658.0,0.0,0.0,0.0,32,7652.0,7658.0,12,7644.0,7678.0,7678.0,7650.0,94.0,7201680.0,96925
2023-05-09 21:01:20,y2308,y2308,7658.0,0.0,0.0,0.0,11,7654.0,7660.0,30,7644.0,7678.0,7678.0,7650.0,94.0,7201680.0,96925
2023-05-09 21:01:20,y2308,y2308,7658.0,0.0,0.0,0.0,6,7654.0,7658.0,12,7644.0,7678.0,7678.0,7650.0,94.0,7201680.0,96925
2023-05-09 21:01:21,y2308,y2308,7658.0,0.0,0.0,0.0,38,7652.0,7658.0,18,7644.0,7678.0,7678.0,7650.0,94.0,7201680.0,96925
2023-05-09 21:01:21,y2308,y2308,7658.0,0.0,0.0,0.0,47,7652.0,7658.0,18,7644.0,7678.0,7678.0,7650.0,94.0,7201680.0,96925
2023-05-09 21:01:22,y2308,y2308,7658.0,0.0,0.0,0.0,43,7652.0,7658.0,17,7644.0,7678.0,7678.0,7650.0,94.0,7201680.0,96925
2023-05-09 21:01:23,y2308,y2308,7658.0,0.0,0.0,0.0,40,7652.0,7658.0,18,7644.0,7678.0,7678.0,7650.0,94.0,7201680.0,96925
2023-05-09 21:01:23,y2308,y2308,7658.0,0.0,0.0,0.0,42,7652.0,7658.0,19,7644.0,7678.0,7678.0,7650.0,94.0,7201680.0,96925
2023-05-09 21:01:24,y2308,y2308,7658.0,0.0,0.0,0.0,45,7652.0,7658.0,19,7644.0,7678.0,7678.0,7650.0,94.0,7201680.0,96925
2023-05-09 21:01:24,y2308,y2308,7658.0,0.0,0.0,0.0,42,7652.0,7658.0,18,7644.0,7678.0,7678.0,7650.0,94.0,7201680.0,96925
2023-05-09 21:01:24,y2308,y2308,7658.0,0.0,0.0,0.0,40,7652.0,7658.0,18,7644.0,7678.0,7678.0,7650.0,94.0,7201680.0,96925
2023-05-09 21:01:25,y2308,y2308,7658.0,0.0,0.0,0.0,42,7652.0,7658.0,18,7644.0,7678.0,7678.0,7650.0,94.0,7201680.0,96925
2023-05-09 21:01:26,y2308,y2308,7658.0,0.0,0.0,0.0,40,7652.0,7658.0,20,7644.0,7678.0,7678.0,7650.0,94.0,7201680.0,96925
2023-05-09 21:01:26,y2308,y2308,7658.0,0.0,0.0,0.0,18,7652.0,7656.0,7,7644.0,7678.0,7678.0,7650.0,94.0,7201680.0,96925
2023-05-09 21:01:27,y2308,y2308,7658.0,0.0,0.0,0.0,3,7652.0,7656.0,4,7644.0,7678.0,7678.0,7650.0,94.0,7201680.0,96925
2023-05-09 21:01:27,y2308,y2308,7658.0,0.0,0.0,0.0,3,7652.0,7656.0,10,7644.0,7678.0,7678.0,7650.0,94.0,7201680.0,96925
2023-05-09 21:01:28,y2308,y2308,7658.0,0.0,0.0,0.0,3,7652.0,7656.0,15,7644.0,7678.0,7678.0,7650.0,94.0,7201680.0,96925
2023-05-09 21:01:28,y2308,y2308,7658.0,0.0,0.0,0.0,17,7652.0,7656.0,4,7644.0,7678.0,7678.0,7650.0,94.0,7201680.0,96925
2023-05-09 21:01:29,y2308,y2308,7658.0,0.0,0.0,0.0,1,7652.0,7656.0,19,7644.0,7678.0,7678.0,7650.0,94.0,7201680.0,96925
2023-05-09 21:01:29,y2308,y2308,7658.0,0.0,0.0,0.0,1,7652.0,7656.0,25,7644.0,7678.0,7678.0,7650.0,94.0,7201680.0,96925
2023-05-09 21:01:30,y2308,y2308,7658.0,0.0,0.0,0.0,1,7652.0,7656.0,31,7644.0,7678.0,7678.0,7650.0,94.0,7201680.0,96925
2023-05-09 21:01:30,y2308,y2308,7658.0,0.0,0.0,0.0,1,7652.0,7656.0,37,7644.0,7678.0,7678.0,7650.0,94.0,7201680.0,96925
2023-05-09 21:01:31,y2308,y2308,7658.0,0.0,0.0,0.0,1,7652.0,7656.0,31,7644.0,7678.0,7678.0,7650.0,94.0,7201680.0,96925
2023-05-09 21:01:31,y2308,y2308,7658.0,0.0,0.0,0.0,6,7652.0,7656.0,25,7644.0,7678.0,7678.0,7650.0,94.0,7201680.0,96925
2023-05-09 21:01:32,y2308,y2308,7658.0,0.0,0.0,0.0,18,7652.0,7656.0,7,7644.0,7678.0,7678.0,7650.0,94.0,7201680.0,96925
2023-05-09 21:01:32,y2308,y2308,7658.0,0.0,0.0,0.0,28,7652.0,7658.0,27,7644.0,7678.0,7678.0,7650.0,94.0,7201680.0,96925
2023-05-09 21:01:33,y2308,y2308,7658.0,0.0,0.0,0.0,12,7654.0,7658.0,7,7644.0,7678.0,7678.0,7650.0,94.0,7201680.0,96925
2023-05-09 21:01:33,y2308,y2308,7658.0,0.0,0.0,0.0,2,7656.0,7658.0,2,7644.0,7678.0,7678.0,7650.0,94.0,7201680.0,96925
2023-05-09 21:01:34,y2308,y2308,7658.0,0.0,0.0,0.0,7,7656.0,7658.0,2,7644.0,7678.0,7678.0,7650.0,94.0,7201680.0,96925
2023-05-09 21:01:34,y2308,y2308,7658.0,0.0,0.0,0.0,3,7656.0,7660.0,23,7644.0,7678.0,7678.0,7650.0,94.0,7201680.0,96925
2023-05-09 21:01:35,y2308,y2308,7658.0,0.0,0.0,0.0,3,7656.0,7660.0,26,7644.0,7678.0,7678.0,7650.0,94.0,7201680.0,96925
2023-05-09 21:01:37,y2308,y2308,7658.0,0.0,0.0,0.0,3,7656.0,7660.0,23,7644.0,7678.0,7678.0,7650.0,94.0,7201680.0,96925
2023-05-09 21:01:37,y2308,y2308,7658.0,0.0,0.0,0.0,6,7656.0,7660.0,17,7644.0,7678.0,7678.0,7650.0,94.0,7201680.0,96925
2023-05-09 21:01:38,y2308,y2308,7658.0,0.0,0.0,0.0,16,7656.0,7660.0,13,7644.0,7678.0,7678.0,7650.0,94.0,7201680.0,96925
2023-05-09 21:01:38,y2308,y2308,7658.0,0.0,0.0,0.0,1,7658.0,7660.0,2,7644.0,7678.0,7678.0,7650.0,94.0,7201680.0,96925
2023-05-09 21:01:39,y2308,y2308,7658.0,0.0,0.0,0.0,17,7656.0,7660.0,7,7644.0,7678.0,7678.0,7650.0,94.0,7201680.0,96925
2023-05-09 21:01:39,y2308,y2308,7658.0,0.0,0.0,0.0,12,7656.0,7660.0,12,7644.0,7678.0,7678.0,7650.0,94.0,7201680.0,96925
2023-05-09 21:01:40,y2308,y2308,7658.0,0.0,0.0,0.0,2,7656.0,7660.0,18,7644.0,7678.0,7678.0,7650.0,94.0,7201680.0,96925
2023-05-09 21:01:40,y2308,y2308,7658.0,0.0,0.0,0.0,2,7656.0,7660.0,24,7644.0,7678.0,7678.0,7650.0,94.0,7201680.0,96925
2023-05-09 21:01:41,y2308,y2308,7658.0,0.0,0.0,0.0,2,7656.0,7660.0,34,7644.0,7678.0,7678.0,7650.0,94.0,7201680.0,96925
2023-05-09 21:01:41,y2308,y2308,7658.0,0.0,0.0,0.0,1,7656.0,7658.0,15,7644.0,7678.0,7678.0,7650.0,94.0,7201680.0,96925
2023-05-09 21:01:42,y2308,y2308,7658.0,0.0,0.0,0.0,7,7654.0,7658.0,23,7644.0,7678.0,7678.0,7650.0,94.0,7201680.0,96925
2023-05-09 21:01:42,y2308,y2308,7658.0,0.0,0.0,0.0,7,7654.0,7658.0,18,7644.0,7678.0,7678.0,7650.0,94.0,7201680.0,96925
2023-05-09 21:01:43,y2308,y2308,7658.0,0.0,0.0,0.0,38,7652.0,7658.0,18,7644.0,7678.0,7678.0,7650.0,94.0,7201680.0,96925
2023-05-09 21:01:44,y2308,y2308,7658.0,0.0,0.0,0.0,1,7654.0,7658.0,28,7644.0,7678.0,7678.0,7650.0,94.0,7201680.0,96925
2023-05-09 21:01:46,y2308,y2308,7658.0,0.0,0.0,0.0,1,7654.0,7658.0,34,7644.0,7678.0,7678.0,7650.0,94.0,7201680.0,96925
2023-05-09 21:01:46,y2308,y2308,7658.0,0.0,0.0,0.0,1,7654.0,7658.0,39,7644.0,7678.0,7678.0,7650.0,94.0,7201680.0,96925
2023-05-09 21:01:48,y2308,y2308,7658.0,0.0,0.0,0.0,1,7654.0,7658.0,45,7644.0,7678.0,7678.0,7650.0,94.0,7201680.0,96925
2023-05-09 21:01:49,y2308,y2308,7658.0,0.0,0.0,0.0,1,7654.0,7658.0,40,7644.0,7678.0,7678.0,7650.0,94.0,7201680.0,96925
2023-05-09 21:01:49,y2308,y2308,7658.0,0.0,0.0,0.0,1,7654.0,7658.0,45,7644.0,7678.0,7678.0,7650.0,94.0,7201680.0,96925
2023-05-09 21:01:50,y2308,y2308,7658.0,0.0,0.0,0.0,6,7654.0,7658.0,33,7644.0,7678.0,7678.0,7650.0,94.0,7201680.0,96925
2023-05-09 21:01:50,y2308,y2308,7658.0,0.0,0.0,0.0,45,7652.0,7658.0,23,7644.0,7678.0,7678.0,7650.0,94.0,7201680.0,96925
2023-05-09 21:01:51,y2308,y2308,7658.0,0.0,0.0,0.0,8,7654.0,7658.0,23,7644.0,7678.0,7678.0,7650.0,94.0,7201680.0,96925
2023-05-09 21:01:51,y2308,y2308,7658.0,0.0,0.0,0.0,40,7652.0,7656.0,5,7644.0,7678.0,7678.0,7650.0,94.0,7201680.0,96925
2023-05-09 21:01:52,y2308,y2308,7658.0,0.0,0.0,0.0,30,7652.0,7656.0,12,7644.0,7678.0,7678.0,7650.0,94.0,7201680.0,96925
2023-05-09 21:01:52,y2308,y2308,7658.0,0.0,0.0,0.0,30,7652.0,7656.0,2,7644.0,7678.0,7678.0,7650.0,94.0,7201680.0,96925
2023-05-09 21:01:53,y2308,y2308,7658.0,0.0,0.0,0.0,31,7652.0,7656.0,2,7644.0,7678.0,7678.0,7650.0,94.0,7201680.0,96925
2023-05-09 21:01:53,y2308,y2308,7658.0,0.0,0.0,0.0,35,7652.0,7656.0,2,7644.0,7678.0,7678.0,7650.0,94.0,7201680.0,96925
2023-05-09 21:01:54,y2308,y2308,7658.0,0.0,0.0,0.0,12,7652.0,7656.0,17,7644.0,7678.0,7678.0,7650.0,94.0,7201680.0,96925
2023-05-09 21:01:54,y2308,y2308,7658.0,0.0,0.0,0.0,2,7652.0,7654.0,4,7644.0,7678.0,7678.0,7650.0,94.0,7201680.0,96925
2023-05-09 21:01:55,y2308,y2308,7658.0,0.0,0.0,0.0,15,7650.0,7654.0,6,7644.0,7678.0,7678.0,7650.0,94.0,7201680.0,96925
2023-05-09 21:01:55,y2308,y2308,7658.0,0.0,0.0,0.0,5,7650.0,7654.0,2,7644.0,7678.0,7678.0,7650.0,94.0,7201680.0,96925
2023-05-09 21:01:56,y2308,y2308,7658.0,0.0,0.0,0.0,5,7652.0,7654.0,2,7644.0,7678.0,7678.0,7650.0,94.0,7201680.0,96925
2023-05-09 21:01:56,y2308,y2308,7658.0,0.0,0.0,0.0,2,7652.0,7654.0,2,7644.0,7678.0,7678.0,7650.0,94.0,7201680.0,96925
2023-05-09 21:01:57,y2308,y2308,7658.0,0.0,0.0,0.0,1,7652.0,7656.0,33,7644.0,7678.0,7678.0,7650.0,94.0,7201680.0,96925
2023-05-09 21:01:57,y2308,y2308,7658.0,0.0,0.0,0.0,1,7652.0,7656.0,28,7644.0,7678.0,7678.0,7650.0,94.0,7201680.0,96925
2023-05-09 21:01:59,y2308,y2308,7658.0,0.0,0.0,0.0,9,7652.0,7656.0,22,7644.0,7678.0,7678.0,7650.0,94.0,7201680.0,96925
2023-05-09 21:01:59,y2308,y2308,7658.0,0.0,0.0,0.0,9,7652.0,7656.0,23,7644.0,7678.0,7678.0,7650.0,94.0,7201680.0,96925
2023-05-09 21:02:02,y2308,y2308,7658.0,0.0,0.0,0.0,8,7652.0,7656.0,23,7644.0,7678.0,7678.0,7650.0,94.0,7201680.0,96925
2023-05-09 21:02:02,y2308,y2308,7656.0,6.0,459360.0,-2.0,1,7656.0,7658.0,15,7644.0,7678.0,7678.0,7650.0,100.0,7661040.0,96923
2023-05-09 21:02:03,y2308,y2308,7656.0,0.0,0.0,0.0,2,7656.0,7658.0,14,7644.0,7678.0,7678.0,7650.0,100.0,7661040.0,96923
2023-05-09 21:02:03,y2308,y2308,7656.0,0.0,0.0,0.0,2,7656.0,7658.0,12,7644.0,7678.0,7678.0,7650.0,100.0,7661040.0,96923
2023-05-09 21:02:05,y2308,y2308,7656.0,0.0,0.0,0.0,2,7656.0,7658.0,7,7644.0,7678.0,7678.0,7650.0,100.0,7661040.0,96923
2023-05-09 21:02:05,y2308,y2308,7656.0,0.0,0.0,0.0,6,7656.0,7660.0,28,7644.0,7678.0,7678.0,7650.0,100.0,7661040.0,96923
2023-05-09 21:02:06,y2308,y2308,7656.0,0.0,0.0,0.0,1,7658.0,7660.0,23,7644.0,7678.0,7678.0,7650.0,100.0,7661040.0,96923
2023-05-09 21:02:08,y2308,y2308,7658.0,1.0,76580.0,0.0,12,7656.0,7660.0,28,7644.0,7678.0,7678.0,7650.0,101.0,7737620.0,96923
2023-05-09 21:02:09,y2308,y2308,7658.0,0.0,0.0,0.0,2,7656.0,7660.0,33,7644.0,7678.0,7678.0,7650.0,101.0,7737620.0,96923
2023-05-09 21:02:09,y2308,y2308,7658.0,0.0,0.0,0.0,2,7656.0,7660.0,39,7644.0,7678.0,7678.0,7650.0,101.0,7737620.0,96923
2023-05-09 21:02:10,y2308,y2308,7658.0,0.0,0.0,0.0,2,7656.0,7660.0,33,7644.0,7678.0,7678.0,7650.0,101.0,7737620.0,96923
2023-05-09 21:02:10,y2308,y2308,7658.0,0.0,0.0,0.0,2,7656.0,7660.0,45,7644.0,7678.0,7678.0,7650.0,101.0,7737620.0,96923
2023-05-09 21:02:11,y2308,y2308,7658.0,0.0,0.0,0.0,2,7656.0,7660.0,41,7644.0,7678.0,7678.0,7650.0,101.0,7737620.0,96923
2023-05-09 21:02:15,y2308,y2308,7658.0,0.0,0.0,0.0,2,7656.0,7660.0,33,7644.0,7678.0,7678.0,7650.0,101.0,7737620.0,96923
2023-05-09 21:02:15,y2308,y2308,7658.0,0.0,0.0,0.0,2,7656.0,7660.0,22,7644.0,7678.0,7678.0,7650.0,101.0,7737620.0,96923
2023-05-09 21:02:16,y2308,y2308,7658.0,0.0,0.0,0.0,2,7656.0,7660.0,23,7644.0,7678.0,7678.0,7650.0,101.0,7737620.0,96923
2023-05-09 21:02:16,y2308,y2308,7658.0,0.0,0.0,0.0,2,7656.0,7660.0,28,7644.0,7678.0,7678.0,7650.0,101.0,7737620.0,96923
2023-05-09 21:02:20,y2308,y2308,7658.0,0.0,0.0,0.0,2,7656.0,7660.0,23,7644.0,7678.0,7678.0,7650.0,101.0,7737620.0,96923
2023-05-09 21:02:21,y2308,y2308,7658.0,0.0,0.0,0.0,2,7656.0,7660.0,29,7644.0,7678.0,7678.0,7650.0,101.0,7737620.0,96923
2023-05-09 21:02:21,y2308,y2308,7658.0,0.0,0.0,0.0,2,7656.0,7660.0,30,7644.0,7678.0,7678.0,7650.0,101.0,7737620.0,96923
2023-05-09 21:02:22,y2308,y2308,7658.0,0.0,0.0,0.0,2,7656.0,7660.0,29,7644.0,7678.0,7678.0,7650.0,101.0,7737620.0,96923
2023-05-09 21:02:22,y2308,y2308,7658.0,0.0,0.0,0.0,2,7656.0,7660.0,30,7644.0,7678.0,7678.0,7650.0,101.0,7737620.0,96923
2023-05-09 21:02:25,y2308,y2308,7658.0,0.0,0.0,0.0,2,7656.0,7660.0,35,7644.0,7678.0,7678.0,7650.0,101.0,7737620.0,96923
2023-05-09 21:02:27,y2308,y2308,7658.0,0.0,0.0,0.0,2,7656.0,7660.0,28,7644.0,7678.0,7678.0,7650.0,101.0,7737620.0,96923
2023-05-09 21:02:29,y2308,y2308,7658.0,0.0,0.0,0.0,2,7656.0,7660.0,27,7644.0,7678.0,7678.0,7650.0,101.0,7737620.0,96923
2023-05-09 21:02:31,y2308,y2308,7658.0,0.0,0.0,0.0,2,7656.0,7660.0,29,7644.0,7678.0,7678.0,7650.0,101.0,7737620.0,96923
2023-05-09 21:02:32,y2308,y2308,7658.0,0.0,0.0,0.0,2,7656.0,7660.0,30,7644.0,7678.0,7678.0,7650.0,101.0,7737620.0,96923
2023-05-09 21:02:35,y2308,y2308,7658.0,0.0,0.0,0.0,2,7656.0,7660.0,31,7644.0,7678.0,7678.0,7650.0,101.0,7737620.0,96923
2023-05-09 21:02:36,y2308,y2308,7658.0,0.0,0.0,0.0,2,7656.0,7660.0,36,7644.0,7678.0,7678.0,7650.0,101.0,7737620.0,96923
2023-05-09 21:02:36,y2308,y2308,7658.0,0.0,0.0,0.0,2,7656.0,7660.0,28,7644.0,7678.0,7678.0,7650.0,101.0,7737620.0,96923
2023-05-09 21:02:36,y2308,y2308,7658.0,0.0,0.0,0.0,2,7656.0,7660.0,23,7644.0,7678.0,7678.0,7650.0,101.0,7737620.0,96923
2023-05-09 21:02:37,y2308,y2308,7658.0,0.0,0.0,0.0,7,7656.0,7660.0,22,7644.0,7678.0,7678.0,7650.0,101.0,7737620.0,96923
2023-05-09 21:02:38,y2308,y2308,7658.0,0.0,0.0,0.0,11,7656.0,7660.0,17,7644.0,7678.0,7678.0,7650.0,101.0,7737620.0,96923
2023-05-09 21:02:38,y2308,y2308,7658.0,0.0,0.0,0.0,17,7656.0,7660.0,18,7644.0,7678.0,7678.0,7650.0,101.0,7737620.0,96923
2023-05-09 21:02:39,y2308,y2308,7658.0,0.0,0.0,0.0,19,7656.0,7660.0,18,7644.0,7678.0,7678.0,7650.0,101.0,7737620.0,96923
2023-05-09 21:02:39,y2308,y2308,7658.0,0.0,0.0,0.0,18,7656.0,7660.0,18,7644.0,7678.0,7678.0,7650.0,101.0,7737620.0,96923
2023-05-09 21:02:40,y2308,y2308,7658.0,0.0,0.0,0.0,19,7656.0,7660.0,17,7644.0,7678.0,7678.0,7650.0,101.0,7737620.0,96923
2023-05-09 21:02:42,y2308,y2308,7658.0,0.0,0.0,0.0,18,7656.0,7660.0,18,7644.0,7678.0,7678.0,7650.0,101.0,7737620.0,96923
2023-05-09 21:02:42,y2308,y2308,7658.0,0.0,0.0,0.0,8,7656.0,7660.0,19,7644.0,7678.0,7678.0,7650.0,101.0,7737620.0,96923
2023-05-09 21:02:43,y2308,y2308,7658.0,0.0,0.0,0.0,3,7656.0,7660.0,18,7644.0,7678.0,7678.0,7650.0,101.0,7737620.0,96923
2023-05-09 21:02:44,y2308,y2308,7658.0,0.0,0.0,0.0,8,7656.0,7660.0,13,7644.0,7678.0,7678.0,7650.0,101.0,7737620.0,96923
2023-05-09 21:02:44,y2308,y2308,7658.0,0.0,0.0,0.0,7,7656.0,7660.0,13,7644.0,7678.0,7678.0,7650.0,101.0,7737620.0,96923
2023-05-09 21:02:45,y2308,y2308,7658.0,0.0,0.0,0.0,2,7656.0,7660.0,19,7644.0,7678.0,7678.0,7650.0,101.0,7737620.0,96923
2023-05-09 21:02:46,y2308,y2308,7658.0,0.0,0.0,0.0,2,7656.0,7660.0,24,7644.0,7678.0,7678.0,7650.0,101.0,7737620.0,96923
2023-05-09 21:02:51,y2308,y2308,7658.0,0.0,0.0,0.0,2,7656.0,7660.0,29,7644.0,7678.0,7678.0,7650.0,101.0,7737620.0,96923
2023-05-09 21:02:53,y2308,y2308,7658.0,0.0,0.0,0.0,2,7656.0,7660.0,30,7644.0,7678.0,7678.0,7650.0,101.0,7737620.0,96923
2023-05-09 21:02:53,y2308,y2308,7658.0,0.0,0.0,0.0,2,7656.0,7660.0,34,7644.0,7678.0,7678.0,7650.0,101.0,7737620.0,96923
2023-05-09 21:02:54,y2308,y2308,7658.0,0.0,0.0,0.0,2,7656.0,7660.0,29,7644.0,7678.0,7678.0,7650.0,101.0,7737620.0,96923
2023-05-09 21:02:55,y2308,y2308,7658.0,0.0,0.0,0.0,2,7656.0,7660.0,36,7644.0,7678.0,7678.0,7650.0,101.0,7737620.0,96923
2023-05-09 21:02:56,y2308,y2308,7658.0,0.0,0.0,0.0,2,7656.0,7660.0,30,7644.0,7678.0,7678.0,7650.0,101.0,7737620.0,96923
2023-05-09 21:02:56,y2308,y2308,7658.0,0.0,0.0,0.0,2,7656.0,7660.0,35,7644.0,7678.0,7678.0,7650.0,101.0,7737620.0,96923
2023-05-09 21:02:57,y2308,y2308,7658.0,0.0,0.0,0.0,2,7656.0,7660.0,31,7644.0,7678.0,7678.0,7650.0,101.0,7737620.0,96923
2023-05-09 21:02:57,y2308,y2308,7658.0,0.0,0.0,0.0,2,7656.0,7660.0,32,7644.0,7678.0,7678.0,7650.0,101.0,7737620.0,96923
2023-05-09 21:02:58,y2308,y2308,7658.0,0.0,0.0,0.0,2,7656.0,7660.0,37,7644.0,7678.0,7678.0,7650.0,101.0,7737620.0,96923
2023-05-09 21:02:58,y2308,y2308,7656.0,1.0,76560.0,0.0,1,7656.0,7660.0,37,7644.0,7678.0,7678.0,7650.0,102.0,7814180.0,96923
2023-05-09 21:02:59,y2308,y2308,7654.0,3.0,229620.0,0.0,10,7654.0,7656.0,2,7644.0,7678.0,7678.0,7650.0,105.0,8043800.0,96923
2023-05-09 21:02:59,y2308,y2308,7654.0,0.0,0.0,0.0,45,7652.0,7656.0,1,7644.0,7678.0,7678.0,7650.0,105.0,8043800.0,96923
2023-05-09 21:03:00,y2308,y2308,7654.0,0.0,0.0,0.0,49,7652.0,7656.0,1,7644.0,7678.0,7678.0,7650.0,105.0,8043800.0,96923
2023-05-09 21:03:00,y2308,y2308,7654.0,0.0,0.0,0.0,49,7652.0,7656.0,3,7644.0,7678.0,7678.0,7650.0,105.0,8043800.0,96923
2023-05-09 21:03:01,y2308,y2308,7654.0,0.0,0.0,0.0,47,7652.0,7656.0,3,7644.0,7678.0,7678.0,7650.0,105.0,8043800.0,96923
2023-05-09 21:03:01,y2308,y2308,7654.0,0.0,0.0,0.0,6,7652.0,7656.0,14,7644.0,7678.0,7678.0,7650.0,105.0,8043800.0,96923
2023-05-09 21:03:02,y2308,y2308,7652.0,1.0,76520.0,-1.0,58,7650.0,7656.0,15,7644.0,7678.0,7678.0,7650.0,106.0,8120320.0,96922
2023-05-09 21:03:02,y2308,y2308,7652.0,0.0,0.0,0.0,63,7650.0,7656.0,27,7644.0,7678.0,7678.0,7650.0,106.0,8120320.0,96922
2023-05-09 21:03:03,y2308,y2308,7652.0,0.0,0.0,0.0,63,7650.0,7656.0,28,7644.0,7678.0,7678.0,7650.0,106.0,8120320.0,96922
2023-05-09 21:03:03,y2308,y2308,7652.0,0.0,0.0,0.0,61,7650.0,7656.0,28,7644.0,7678.0,7678.0,7650.0,106.0,8120320.0,96922
2023-05-09 21:03:04,y2308,y2308,7652.0,0.0,0.0,0.0,5,7652.0,7656.0,18,7644.0,7678.0,7678.0,7650.0,106.0,8120320.0,96922
2023-05-09 21:03:05,y2308,y2308,7652.0,0.0,0.0,0.0,21,7652.0,7656.0,1,7644.0,7678.0,7678.0,7650.0,106.0,8120320.0,96922
2023-05-09 21:03:05,y2308,y2308,7652.0,0.0,0.0,0.0,5,7654.0,7656.0,1,7644.0,7678.0,7678.0,7650.0,106.0,8120320.0,96922
2023-05-09 21:03:06,y2308,y2308,7652.0,0.0,0.0,0.0,11,7654.0,7656.0,1,7644.0,7678.0,7678.0,7650.0,106.0,8120320.0,96922
2023-05-09 21:03:06,y2308,y2308,7652.0,0.0,0.0,0.0,5,7654.0,7656.0,8,7644.0,7678.0,7678.0,7650.0,106.0,8120320.0,96922
2023-05-09 21:03:07,y2308,y2308,7652.0,0.0,0.0,0.0,49,7652.0,7656.0,1,7644.0,7678.0,7678.0,7650.0,106.0,8120320.0,96922
2023-05-09 21:03:07,y2308,y2308,7652.0,0.0,0.0,0.0,10,7654.0,7656.0,1,7644.0,7678.0,7678.0,7650.0,106.0,8120320.0,96922
2023-05-09 21:03:08,y2308,y2308,7652.0,0.0,0.0,0.0,59,7652.0,7656.0,1,7644.0,7678.0,7678.0,7650.0,106.0,8120320.0,96922
2023-05-09 21:03:08,y2308,y2308,7652.0,0.0,0.0,0.0,45,7652.0,7656.0,1,7644.0,7678.0,7678.0,7650.0,106.0,8120320.0,96922
2023-05-09 21:03:09,y2308,y2308,7652.0,0.0,0.0,0.0,38,7652.0,7656.0,3,7644.0,7678.0,7678.0,7650.0,106.0,8120320.0,96922
2023-05-09 21:03:10,y2308,y2308,7652.0,0.0,0.0,0.0,39,7652.0,7656.0,1,7644.0,7678.0,7678.0,7650.0,106.0,8120320.0,96922
2023-05-09 21:03:11,y2308,y2308,7652.0,0.0,0.0,0.0,5,7654.0,7656.0,1,7644.0,7678.0,7678.0,7650.0,106.0,8120320.0,96922
2023-05-09 21:03:11,y2308,y2308,7652.0,0.0,0.0,0.0,45,7652.0,7656.0,1,7644.0,7678.0,7678.0,7650.0,106.0,8120320.0,96922
2023-05-09 21:03:12,y2308,y2308,7652.0,0.0,0.0,0.0,42,7652.0,7656.0,1,7644.0,7678.0,7678.0,7650.0,106.0,8120320.0,96922
2023-05-09 21:03:12,y2308,y2308,7652.0,0.0,0.0,0.0,39,7652.0,7656.0,1,7644.0,7678.0,7678.0,7650.0,106.0,8120320.0,96922
2023-05-09 21:03:14,y2308,y2308,7652.0,0.0,0.0,0.0,37,7652.0,7656.0,1,7644.0,7678.0,7678.0,7650.0,106.0,8120320.0,96922
2023-05-09 21:03:15,y2308,y2308,7652.0,0.0,0.0,0.0,39,7652.0,7656.0,1,7644.0,7678.0,7678.0,7650.0,106.0,8120320.0,96922
2023-05-09 21:03:16,y2308,y2308,7652.0,0.0,0.0,0.0,32,7652.0,7656.0,8,7644.0,7678.0,7678.0,7650.0,106.0,8120320.0,96922
2023-05-09 21:03:17,y2308,y2308,7652.0,0.0,0.0,0.0,22,7652.0,7656.0,3,7644.0,7678.0,7678.0,7650.0,106.0,8120320.0,96922
2023-05-09 21:03:18,y2308,y2308,7652.0,0.0,0.0,0.0,6,7652.0,7656.0,13,7644.0,7678.0,7678.0,7650.0,106.0,8120320.0,96922
2023-05-09 21:03:18,y2308,y2308,7652.0,0.0,0.0,0.0,8,7652.0,7656.0,1,7644.0,7678.0,7678.0,7650.0,106.0,8120320.0,96922
2023-05-09 21:03:19,y2308,y2308,7652.0,0.0,0.0,0.0,8,7652.0,7656.0,3,7644.0,7678.0,7678.0,7650.0,106.0,8120320.0,96922
2023-05-09 21:03:19,y2308,y2308,7652.0,0.0,0.0,0.0,6,7652.0,7656.0,3,7644.0,7678.0,7678.0,7650.0,106.0,8120320.0,96922
2023-05-09 21:03:20,y2308,y2308,7652.0,0.0,0.0,0.0,1,7652.0,7656.0,19,7644.0,7678.0,7678.0,7650.0,106.0,8120320.0,96922
2023-05-09 21:03:21,y2308,y2308,7652.0,0.0,0.0,0.0,1,7652.0,7656.0,26,7644.0,7678.0,7678.0,7650.0,106.0,8120320.0,96922
2023-05-09 21:03:21,y2308,y2308,7652.0,0.0,0.0,0.0,1,7652.0,7656.0,45,7644.0,7678.0,7678.0,7650.0,106.0,8120320.0,96922
2023-05-09 21:03:22,y2308,y2308,7652.0,0.0,0.0,0.0,1,7652.0,7656.0,43,7644.0,7678.0,7678.0,7650.0,106.0,8120320.0,96922
2023-05-09 21:03:22,y2308,y2308,7652.0,0.0,0.0,0.0,1,7652.0,7656.0,47,7644.0,7678.0,7678.0,7650.0,106.0,8120320.0,96922
2023-05-09 21:03:23,y2308,y2308,7652.0,0.0,0.0,0.0,1,7652.0,7656.0,48,7644.0,7678.0,7678.0,7650.0,106.0,8120320.0,96922
2023-05-09 21:03:24,y2308,y2308,7652.0,0.0,0.0,0.0,1,7652.0,7656.0,47,7644.0,7678.0,7678.0,7650.0,106.0,8120320.0,96922
2023-05-09 21:03:26,y2308,y2308,7652.0,0.0,0.0,0.0,1,7652.0,7656.0,43,7644.0,7678.0,7678.0,7650.0,106.0,8120320.0,96922
2023-05-09 21:03:26,y2308,y2308,7652.0,0.0,0.0,0.0,16,7650.0,7656.0,43,7644.0,7678.0,7678.0,7650.0,106.0,8120320.0,96922
2023-05-09 21:03:27,y2308,y2308,7652.0,0.0,0.0,0.0,5,7650.0,7656.0,52,7644.0,7678.0,7678.0,7650.0,106.0,8120320.0,96922
2023-05-09 21:03:27,y2308,y2308,7652.0,0.0,0.0,0.0,7,7650.0,7656.0,52,7644.0,7678.0,7678.0,7650.0,106.0,8120320.0,96922
2023-05-09 21:03:28,y2308,y2308,7652.0,0.0,0.0,0.0,5,7650.0,7656.0,52,7644.0,7678.0,7678.0,7650.0,106.0,8120320.0,96922
2023-05-09 21:03:29,y2308,y2308,7652.0,0.0,0.0,0.0,7,7650.0,7656.0,52,7644.0,7678.0,7678.0,7650.0,106.0,8120320.0,96922
2023-05-09 21:03:29,y2308,y2308,7652.0,0.0,0.0,0.0,5,7650.0,7656.0,52,7644.0,7678.0,7678.0,7650.0,106.0,8120320.0,96922
2023-05-09 21:03:31,y2308,y2308,7652.0,0.0,0.0,0.0,31,7648.0,7654.0,24,7644.0,7678.0,7678.0,7650.0,106.0,8120320.0,96922
2023-05-09 21:03:32,y2308,y2308,7652.0,0.0,0.0,0.0,24,7648.0,7652.0,8,7644.0,7678.0,7678.0,7650.0,106.0,8120320.0,96922
2023-05-09 21:03:32,y2308,y2308,7652.0,0.0,0.0,0.0,12,7648.0,7652.0,8,7644.0,7678.0,7678.0,7650.0,106.0,8120320.0,96922
2023-05-09 21:03:33,y2308,y2308,7652.0,0.0,0.0,0.0,12,7648.0,7652.0,6,7644.0,7678.0,7678.0,7650.0,106.0,8120320.0,96922
2023-05-09 21:03:33,y2308,y2308,7652.0,0.0,0.0,0.0,14,7648.0,7652.0,2,7644.0,7678.0,7678.0,7650.0,106.0,8120320.0,96922
2023-05-09 21:03:34,y2308,y2308,7652.0,0.0,0.0,0.0,12,7648.0,7652.0,4,7644.0,7678.0,7678.0,7650.0,106.0,8120320.0,96922
2023-05-09 21:03:34,y2308,y2308,7652.0,0.0,0.0,0.0,23,7648.0,7654.0,44,7644.0,7678.0,7678.0,7650.0,106.0,8120320.0,96922
2023-05-09 21:03:35,y2308,y2308,7648.0,5.0,382440.0,-1.0,29,7648.0,7654.0,47,7644.0,7678.0,7678.0,7648.0,111.0,8502760.0,96921
2023-05-09 21:03:35,y2308,y2308,7648.0,0.0,0.0,0.0,30,7648.0,7654.0,66,7644.0,7678.0,7678.0,7648.0,111.0,8502760.0,96921
2023-05-09 21:03:35,y2308,y2308,7648.0,0.0,0.0,0.0,35,7648.0,7654.0,66,7644.0,7678.0,7678.0,7648.0,111.0,8502760.0,96921
2023-05-09 21:03:46,y2308,y2308,7648.0,0.0,0.0,0.0,18,7648.0,7652.0,17,7644.0,7678.0,7678.0,7648.0,111.0,8502760.0,96921
2023-05-09 21:03:46,y2308,y2308,7648.0,0.0,0.0,0.0,2,7648.0,7650.0,7,7644.0,7678.0,7678.0,7648.0,111.0,8502760.0,96921
2023-05-09 21:03:47,y2308,y2308,7648.0,2.0,152960.0,0.0,10,7646.0,7650.0,20,7644.0,7678.0,7678.0,7648.0,113.0,8655720.0,96921
2023-05-09 21:03:47,y2308,y2308,7648.0,0.0,0.0,0.0,54,7644.0,7650.0,26,7644.0,7678.0,7678.0,7648.0,113.0,8655720.0,96921
2023-05-09 21:03:48,y2308,y2308,7648.0,0.0,0.0,0.0,59,7644.0,7650.0,26,7644.0,7678.0,7678.0,7648.0,113.0,8655720.0,96921
2023-05-09 21:03:49,y2308,y2308,7648.0,0.0,0.0,0.0,59,7644.0,7650.0,24,7644.0,7678.0,7678.0,7648.0,113.0,8655720.0,96921
2023-05-09 21:03:49,y2308,y2308,7648.0,0.0,0.0,0.0,64,7644.0,7650.0,28,7644.0,7678.0,7678.0,7648.0,113.0,8655720.0,96921
2023-05-09 21:03:50,y2308,y2308,7648.0,0.0,0.0,0.0,7,7646.0,7650.0,7,7644.0,7678.0,7678.0,7648.0,113.0,8655720.0,96921
2023-05-09 21:03:50,y2308,y2308,7648.0,0.0,0.0,0.0,5,7646.0,7650.0,7,7644.0,7678.0,7678.0,7648.0,113.0,8655720.0,96921
2023-05-09 21:03:51,y2308,y2308,7648.0,0.0,0.0,0.0,70,7644.0,7650.0,30,7644.0,7678.0,7678.0,7648.0,113.0,8655720.0,96921
2023-05-09 21:03:51,y2308,y2308,7648.0,0.0,0.0,0.0,79,7644.0,7650.0,28,7644.0,7678.0,7678.0,7648.0,113.0,8655720.0,96921
2023-05-09 21:03:52,y2308,y2308,7648.0,0.0,0.0,0.0,7,7646.0,7650.0,8,7644.0,7678.0,7678.0,7648.0,113.0,8655720.0,96921
2023-05-09 21:03:52,y2308,y2308,7648.0,0.0,0.0,0.0,11,7646.0,7650.0,7,7644.0,7678.0,7678.0,7648.0,113.0,8655720.0,96921
2023-05-09 21:03:53,y2308,y2308,7648.0,0.0,0.0,0.0,16,7646.0,7650.0,7,7644.0,7678.0,7678.0,7648.0,113.0,8655720.0,96921
2023-05-09 21:03:53,y2308,y2308,7648.0,0.0,0.0,0.0,11,7646.0,7650.0,20,7644.0,7678.0,7678.0,7648.0,113.0,8655720.0,96921
2023-05-09 21:03:54,y2308,y2308,7648.0,0.0,0.0,0.0,11,7646.0,7650.0,26,7644.0,7678.0,7678.0,7648.0,113.0,8655720.0,96921
2023-05-09 21:03:54,y2308,y2308,7648.0,0.0,0.0,0.0,6,7646.0,7650.0,31,7644.0,7678.0,7678.0,7648.0,113.0,8655720.0,96921
2023-05-09 21:03:55,y2308,y2308,7648.0,0.0,0.0,0.0,74,7644.0,7650.0,37,7644.0,7678.0,7678.0,7648.0,113.0,8655720.0,96921
2023-05-09 21:03:55,y2308,y2308,7648.0,0.0,0.0,0.0,36,7644.0,7648.0,12,7644.0,7678.0,7678.0,7648.0,113.0,8655720.0,96921
2023-05-09 21:03:56,y2308,y2308,7648.0,0.0,0.0,0.0,21,7644.0,7648.0,10,7644.0,7678.0,7678.0,7648.0,113.0,8655720.0,96921
2023-05-09 21:03:56,y2308,y2308,7648.0,0.0,0.0,0.0,6,7644.0,7648.0,15,7644.0,7678.0,7678.0,7648.0,113.0,8655720.0,96921
2023-05-09 21:03:57,y2308,y2308,7648.0,0.0,0.0,0.0,56,7642.0,7648.0,33,7644.0,7678.0,7678.0,7648.0,113.0,8655720.0,96921
2023-05-09 21:03:57,y2308,y2308,7648.0,0.0,0.0,0.0,61,7642.0,7648.0,38,7644.0,7678.0,7678.0,7648.0,113.0,8655720.0,96921
2023-05-09 21:03:59,y2308,y2308,7648.0,0.0,0.0,0.0,61,7642.0,7648.0,36,7644.0,7678.0,7678.0,7648.0,113.0,8655720.0,96921
2023-05-09 21:03:59,y2308,y2308,7648.0,0.0,0.0,0.0,61,7642.0,7648.0,35,7644.0,7678.0,7678.0,7648.0,113.0,8655720.0,96921
2023-05-09 21:04:00,y2308,y2308,7648.0,0.0,0.0,0.0,50,7642.0,7646.0,5,7644.0,7678.0,7678.0,7648.0,113.0,8655720.0,96921
2023-05-09 21:04:00,y2308,y2308,7648.0,0.0,0.0,0.0,5,7644.0,7648.0,50,7644.0,7678.0,7678.0,7648.0,113.0,8655720.0,96921
2023-05-09 21:04:01,y2308,y2308,7648.0,0.0,0.0,0.0,56,7642.0,7648.0,48,7644.0,7678.0,7678.0,7648.0,113.0,8655720.0,96921
2023-05-09 21:04:01,y2308,y2308,7648.0,0.0,0.0,0.0,66,7642.0,7648.0,43,7644.0,7678.0,7678.0,7648.0,113.0,8655720.0,96921
2023-05-09 21:04:01,y2308,y2308,7648.0,0.0,0.0,0.0,66,7642.0,7648.0,38,7644.0,7678.0,7678.0,7648.0,113.0,8655720.0,96921
2023-05-09 21:04:02,y2308,y2308,7648.0,0.0,0.0,0.0,61,7642.0,7648.0,32,7644.0,7678.0,7678.0,7648.0,113.0,8655720.0,96921
2023-05-09 21:04:03,y2308,y2308,7648.0,0.0,0.0,0.0,3,7644.0,7648.0,22,7644.0,7678.0,7678.0,7648.0,113.0,8655720.0,96921
2023-05-09 21:04:03,y2308,y2308,7648.0,0.0,0.0,0.0,3,7644.0,7648.0,17,7644.0,7678.0,7678.0,7648.0,113.0,8655720.0,96921
2023-05-09 21:04:04,y2308,y2308,7648.0,0.0,0.0,0.0,71,7642.0,7648.0,23,7644.0,7678.0,7678.0,7648.0,113.0,8655720.0,96921
2023-05-09 21:04:04,y2308,y2308,7648.0,0.0,0.0,0.0,76,7642.0,7648.0,23,7644.0,7678.0,7678.0,7648.0,113.0,8655720.0,96921
2023-05-09 21:04:04,y2308,y2308,7648.0,0.0,0.0,0.0,76,7642.0,7648.0,28,7644.0,7678.0,7678.0,7648.0,113.0,8655720.0,96921
2023-05-09 21:04:05,y2308,y2308,7648.0,0.0,0.0,0.0,76,7642.0,7648.0,25,7644.0,7678.0,7678.0,7648.0,113.0,8655720.0,96921
2023-05-09 21:04:06,y2308,y2308,7648.0,0.0,0.0,0.0,76,7642.0,7648.0,24,7644.0,7678.0,7678.0,7648.0,113.0,8655720.0,96921
2023-05-09 21:04:06,y2308,y2308,7648.0,0.0,0.0,0.0,76,7642.0,7648.0,23,7644.0,7678.0,7678.0,7648.0,113.0,8655720.0,96921
2023-05-09 21:04:07,y2308,y2308,7648.0,0.0,0.0,0.0,76,7642.0,7648.0,27,7644.0,7678.0,7678.0,7648.0,113.0,8655720.0,96921
2023-05-09 21:04:07,y2308,y2308,7648.0,0.0,0.0,0.0,76,7642.0,7648.0,26,7644.0,7678.0,7678.0,7648.0,113.0,8655720.0,96921
2023-05-09 21:04:08,y2308,y2308,7648.0,0.0,0.0,0.0,75,7642.0,7648.0,23,7644.0,7678.0,7678.0,7648.0,113.0,8655720.0,96921
2023-05-09 21:04:09,y2308,y2308,7648.0,0.0,0.0,0.0,76,7642.0,7648.0,23,7644.0,7678.0,7678.0,7648.0,113.0,8655720.0,96921
2023-05-09 21:04:09,y2308,y2308,7648.0,0.0,0.0,0.0,76,7642.0,7648.0,24,7644.0,7678.0,7678.0,7648.0,113.0,8655720.0,96921
2023-05-09 21:04:11,y2308,y2308,7648.0,0.0,0.0,0.0,2,7644.0,7648.0,23,7644.0,7678.0,7678.0,7648.0,113.0,8655720.0,96921
2023-05-09 21:04:11,y2308,y2308,7648.0,0.0,0.0,0.0,76,7642.0,7648.0,18,7644.0,7678.0,7678.0,7648.0,113.0,8655720.0,96921
2023-05-09 21:04:11,y2308,y2308,7648.0,0.0,0.0,0.0,75,7642.0,7648.0,18,7644.0,7678.0,7678.0,7648.0,113.0,8655720.0,96921
2023-05-09 21:04:13,y2308,y2308,7648.0,0.0,0.0,0.0,10,7644.0,7648.0,8,7644.0,7678.0,7678.0,7648.0,113.0,8655720.0,96921
2023-05-09 21:04:14,y2308,y2308,7644.0,2.0,152880.0,-1.0,9,7644.0,7648.0,7,7644.0,7678.0,7678.0,7644.0,115.0,8808600.0,96920
2023-05-09 21:04:14,y2308,y2308,7644.0,0.0,0.0,0.0,13,7644.0,7648.0,2,7644.0,7678.0,7678.0,7644.0,115.0,8808600.0,96920
2023-05-09 21:04:15,y2308,y2308,7644.0,0.0,0.0,0.0,22,7644.0,7648.0,2,7644.0,7678.0,7678.0,7644.0,115.0,8808600.0,96920
2023-05-09 21:04:15,y2308,y2308,7644.0,0.0,0.0,0.0,37,7644.0,7648.0,2,7644.0,7678.0,7678.0,7644.0,115.0,8808600.0,96920
2023-05-09 21:04:16,y2308,y2308,7644.0,0.0,0.0,0.0,39,7644.0,7648.0,2,7644.0,7678.0,7678.0,7644.0,115.0,8808600.0,96920
2023-05-09 21:04:17,y2308,y2308,7644.0,0.0,0.0,0.0,38,7644.0,7648.0,2,7644.0,7678.0,7678.0,7644.0,115.0,8808600.0,96920
2023-05-09 21:04:18,y2308,y2308,7644.0,0.0,0.0,0.0,36,7644.0,7648.0,2,7644.0,7678.0,7678.0,7644.0,115.0,8808600.0,96920
2023-05-09 21:04:18,y2308,y2308,7644.0,0.0,0.0,0.0,15,7644.0,7648.0,17,7644.0,7678.0,7678.0,7644.0,115.0,8808600.0,96920
2023-05-09 21:04:19,y2308,y2308,7644.0,0.0,0.0,0.0,26,7644.0,7646.0,2,7644.0,7678.0,7678.0,7644.0,115.0,8808600.0,96920
2023-05-09 21:04:19,y2308,y2308,7644.0,0.0,0.0,0.0,11,7644.0,7646.0,2,7644.0,7678.0,7678.0,7644.0,115.0,8808600.0,96920
2023-05-09 21:04:20,y2308,y2308,7644.0,4.0,305760.0,2.0,35,7642.0,7646.0,17,7644.0,7678.0,7678.0,7644.0,119.0,9114360.0,96922
2023-05-09 21:04:21,y2308,y2308,7644.0,0.0,0.0,0.0,34,7642.0,7646.0,18,7644.0,7678.0,7678.0,7644.0,119.0,9114360.0,96922
2023-05-09 21:04:21,y2308,y2308,7644.0,0.0,0.0,0.0,24,7642.0,7646.0,16,7644.0,7678.0,7678.0,7644.0,119.0,9114360.0,96922
2023-05-09 21:04:21,y2308,y2308,7644.0,0.0,0.0,0.0,24,7642.0,7646.0,11,7644.0,7678.0,7678.0,7644.0,119.0,9114360.0,96922
2023-05-09 21:04:23,y2308,y2308,7644.0,0.0,0.0,0.0,24,7642.0,7646.0,12,7644.0,7678.0,7678.0,7644.0,119.0,9114360.0,96922
2023-05-09 21:04:23,y2308,y2308,7644.0,0.0,0.0,0.0,24,7642.0,7646.0,13,7644.0,7678.0,7678.0,7644.0,119.0,9114360.0,96922
2023-05-09 21:04:25,y2308,y2308,7644.0,0.0,0.0,0.0,24,7642.0,7646.0,11,7644.0,7678.0,7678.0,7644.0,119.0,9114360.0,96922
2023-05-09 21:04:26,y2308,y2308,7644.0,0.0,0.0,0.0,14,7642.0,7646.0,11,7644.0,7678.0,7678.0,7644.0,119.0,9114360.0,96922
2023-05-09 21:04:29,y2308,y2308,7644.0,0.0,0.0,0.0,14,7642.0,7646.0,9,7644.0,7678.0,7678.0,7644.0,119.0,9114360.0,96922
2023-05-09 21:04:30,y2308,y2308,7644.0,0.0,0.0,0.0,14,7642.0,7646.0,7,7644.0,7678.0,7678.0,7644.0,119.0,9114360.0,96922
2023-05-09 21:04:30,y2308,y2308,7644.0,0.0,0.0,0.0,14,7642.0,7646.0,11,7644.0,7678.0,7678.0,7644.0,119.0,9114360.0,96922
2023-05-09 21:04:31,y2308,y2308,7644.0,0.0,0.0,0.0,11,7642.0,7646.0,16,7644.0,7678.0,7678.0,7644.0,119.0,9114360.0,96922
2023-05-09 21:04:31,y2308,y2308,7644.0,0.0,0.0,0.0,2,7642.0,7644.0,5,7644.0,7678.0,7678.0,7644.0,119.0,9114360.0,96922
2023-05-09 21:04:32,y2308,y2308,7644.0,0.0,0.0,0.0,51,7640.0,7646.0,30,7644.0,7678.0,7678.0,7644.0,119.0,9114360.0,96922
2023-05-09 21:04:32,y2308,y2308,7644.0,0.0,0.0,0.0,66,7640.0,7646.0,36,7644.0,7678.0,7678.0,7644.0,119.0,9114360.0,96922
2023-05-09 21:04:33,y2308,y2308,7644.0,0.0,0.0,0.0,66,7640.0,7646.0,38,7644.0,7678.0,7678.0,7644.0,119.0,9114360.0,96922
2023-05-09 21:04:33,y2308,y2308,7644.0,0.0,0.0,0.0,66,7640.0,7646.0,31,7644.0,7678.0,7678.0,7644.0,119.0,9114360.0,96922
2023-05-09 21:04:34,y2308,y2308,7644.0,0.0,0.0,0.0,68,7640.0,7646.0,27,7644.0,7678.0,7678.0,7644.0,119.0,9114360.0,96922
2023-05-09 21:04:34,y2308,y2308,7644.0,0.0,0.0,0.0,66,7640.0,7646.0,24,7644.0,7678.0,7678.0,7644.0,119.0,9114360.0,96922
2023-05-09 21:04:36,y2308,y2308,7644.0,0.0,0.0,0.0,68,7640.0,7646.0,24,7644.0,7678.0,7678.0,7644.0,119.0,9114360.0,96922
2023-05-09 21:04:37,y2308,y2308,7644.0,0.0,0.0,0.0,69,7640.0,7646.0,24,7644.0,7678.0,7678.0,7644.0,119.0,9114360.0,96922
2023-05-09 21:04:38,y2308,y2308,7644.0,0.0,0.0,0.0,68,7640.0,7646.0,24,7644.0,7678.0,7678.0,7644.0,119.0,9114360.0,96922
2023-05-09 21:04:38,y2308,y2308,7644.0,0.0,0.0,0.0,66,7640.0,7646.0,24,7644.0,7678.0,7678.0,7644.0,119.0,9114360.0,96922
2023-05-09 21:04:40,y2308,y2308,7644.0,0.0,0.0,0.0,69,7640.0,7646.0,24,7644.0,7678.0,7678.0,7644.0,119.0,9114360.0,96922
2023-05-09 21:04:40,y2308,y2308,7644.0,0.0,0.0,0.0,33,7640.0,7646.0,45,7644.0,7678.0,7678.0,7644.0,119.0,9114360.0,96922
2023-05-09 21:04:41,y2308,y2308,7644.0,0.0,0.0,0.0,20,7640.0,7646.0,62,7644.0,7678.0,7678.0,7644.0,119.0,9114360.0,96922
2023-05-09 21:04:41,y2308,y2308,7644.0,0.0,0.0,0.0,25,7640.0,7646.0,62,7644.0,7678.0,7678.0,7644.0,119.0,9114360.0,96922
2023-05-09 21:04:42,y2308,y2308,7644.0,0.0,0.0,0.0,25,7640.0,7644.0,4,7644.0,7678.0,7678.0,7644.0,119.0,9114360.0,96922
2023-05-09 21:04:42,y2308,y2308,7644.0,0.0,0.0,0.0,14,7640.0,7644.0,15,7644.0,7678.0,7678.0,7644.0,119.0,9114360.0,96922
2023-05-09 21:04:43,y2308,y2308,7644.0,0.0,0.0,0.0,7,7640.0,7644.0,15,7644.0,7678.0,7678.0,7644.0,119.0,9114360.0,96922
2023-05-09 21:04:43,y2308,y2308,7644.0,0.0,0.0,0.0,60,7638.0,7644.0,14,7644.0,7678.0,7678.0,7644.0,119.0,9114360.0,96922
2023-05-09 21:04:44,y2308,y2308,7644.0,0.0,0.0,0.0,65,7638.0,7644.0,20,7644.0,7678.0,7678.0,7644.0,119.0,9114360.0,96922
2023-05-09 21:04:44,y2308,y2308,7644.0,0.0,0.0,0.0,65,7638.0,7644.0,25,7644.0,7678.0,7678.0,7644.0,119.0,9114360.0,96922
2023-05-09 21:04:45,y2308,y2308,7644.0,0.0,0.0,0.0,10,7640.0,7644.0,17,7644.0,7678.0,7678.0,7644.0,119.0,9114360.0,96922
2023-05-09 21:04:46,y2308,y2308,7640.0,1.0,76400.0,0.0,12,7640.0,7644.0,7,7644.0,7678.0,7678.0,7640.0,120.0,9190760.0,96922
2023-05-09 21:04:46,y2308,y2308,7640.0,0.0,0.0,0.0,11,7640.0,7644.0,7,7644.0,7678.0,7678.0,7640.0,120.0,9190760.0,96922
2023-05-09 21:04:47,y2308,y2308,7640.0,0.0,0.0,0.0,16,7640.0,7644.0,2,7644.0,7678.0,7678.0,7640.0,120.0,9190760.0,96922
2023-05-09 21:04:47,y2308,y2308,7640.0,0.0,0.0,0.0,31,7640.0,7644.0,2,7644.0,7678.0,7678.0,7640.0,120.0,9190760.0,96922
2023-05-09 21:04:48,y2308,y2308,7640.0,0.0,0.0,0.0,46,7640.0,7644.0,2,7644.0,7678.0,7678.0,7640.0,120.0,9190760.0,96922
2023-05-09 21:04:48,y2308,y2308,7640.0,0.0,0.0,0.0,51,7640.0,7644.0,2,7644.0,7678.0,7678.0,7640.0,120.0,9190760.0,96922
2023-05-09 21:04:49,y2308,y2308,7640.0,0.0,0.0,0.0,46,7640.0,7646.0,60,7644.0,7678.0,7678.0,7640.0,120.0,9190760.0,96922
2023-05-09 21:04:49,y2308,y2308,7640.0,0.0,0.0,0.0,47,7640.0,7646.0,67,7644.0,7678.0,7678.0,7640.0,120.0,9190760.0,96922
2023-05-09 21:04:50,y2308,y2308,7640.0,0.0,0.0,0.0,42,7640.0,7646.0,67,7644.0,7678.0,7678.0,7640.0,120.0,9190760.0,96922
2023-05-09 21:04:52,y2308,y2308,7640.0,0.0,0.0,0.0,28,7642.0,7646.0,12,7644.0,7678.0,7678.0,7640.0,120.0,9190760.0,96922
2023-05-09 21:04:52,y2308,y2308,7640.0,0.0,0.0,0.0,49,7642.0,7646.0,1,7644.0,7678.0,7678.0,7640.0,120.0,9190760.0,96922
2023-05-09 21:04:53,y2308,y2308,7640.0,0.0,0.0,0.0,49,7642.0,7648.0,50,7644.0,7678.0,7678.0,7640.0,120.0,9190760.0,96922
2023-05-09 21:04:53,y2308,y2308,7640.0,0.0,0.0,0.0,63,7642.0,7648.0,52,7644.0,7678.0,7678.0,7640.0,120.0,9190760.0,96922
2023-05-09 21:04:54,y2308,y2308,7640.0,0.0,0.0,0.0,62,7642.0,7646.0,1,7644.0,7678.0,7678.0,7640.0,120.0,9190760.0,96922
2023-05-09 21:04:54,y2308,y2308,7640.0,0.0,0.0,0.0,48,7642.0,7646.0,1,7644.0,7678.0,7678.0,7640.0,120.0,9190760.0,96922
2023-05-09 21:04:56,y2308,y2308,7640.0,0.0,0.0,0.0,52,7642.0,7648.0,63,7644.0,7678.0,7678.0,7640.0,120.0,9190760.0,96922
2023-05-09 21:04:56,y2308,y2308,7640.0,0.0,0.0,0.0,43,7642.0,7648.0,72,7644.0,7678.0,7678.0,7640.0,120.0,9190760.0,96922
2023-05-09 21:04:57,y2308,y2308,7640.0,0.0,0.0,0.0,53,7642.0,7648.0,56,7644.0,7678.0,7678.0,7640.0,120.0,9190760.0,96922
2023-05-09 21:04:57,y2308,y2308,7640.0,0.0,0.0,0.0,53,7642.0,7646.0,1,7644.0,7678.0,7678.0,7640.0,120.0,9190760.0,96922
2023-05-09 21:04:58,y2308,y2308,7640.0,0.0,0.0,0.0,48,7642.0,7648.0,73,7644.0,7678.0,7678.0,7640.0,120.0,9190760.0,96922
2023-05-09 21:04:59,y2308,y2308,7640.0,0.0,0.0,0.0,48,7642.0,7648.0,67,7644.0,7678.0,7678.0,7640.0,120.0,9190760.0,96922
2023-05-09 21:04:59,y2308,y2308,7640.0,0.0,0.0,0.0,8,7644.0,7648.0,33,7644.0,7678.0,7678.0,7640.0,120.0,9190760.0,96922
2023-05-09 21:05:00,y2308,y2308,7640.0,0.0,0.0,0.0,8,7644.0,7646.0,1,7644.0,7678.0,7678.0,7640.0,120.0,9190760.0,96922
2023-05-09 21:05:00,y2308,y2308,7640.0,0.0,0.0,0.0,8,7644.0,7646.0,2,7644.0,7678.0,7678.0,7640.0,120.0,9190760.0,96922
2023-05-09 21:05:01,y2308,y2308,7640.0,0.0,0.0,0.0,8,7644.0,7648.0,34,7644.0,7678.0,7678.0,7640.0,120.0,9190760.0,96922
2023-05-09 21:05:02,y2308,y2308,7640.0,0.0,0.0,0.0,8,7644.0,7648.0,39,7644.0,7678.0,7678.0,7640.0,120.0,9190760.0,96922
2023-05-09 21:05:02,y2308,y2308,7640.0,0.0,0.0,0.0,8,7644.0,7648.0,41,7644.0,7678.0,7678.0,7640.0,120.0,9190760.0,96922
2023-05-09 21:05:03,y2308,y2308,7640.0,0.0,0.0,0.0,58,7642.0,7646.0,5,7644.0,7678.0,7678.0,7640.0,120.0,9190760.0,96922
2023-05-09 21:05:03,y2308,y2308,7640.0,0.0,0.0,0.0,48,7642.0,7646.0,5,7644.0,7678.0,7678.0,7640.0,120.0,9190760.0,96922
2023-05-09 21:05:06,y2308,y2308,7646.0,5.0,382300.0,0.0,56,7642.0,7648.0,22,7644.0,7678.0,7678.0,7640.0,125.0,9573060.0,96922
2023-05-09 21:05:07,y2308,y2308,7646.0,0.0,0.0,0.0,3,7644.0,7648.0,18,7644.0,7678.0,7678.0,7640.0,125.0,9573060.0,96922
2023-05-09 21:05:08,y2308,y2308,7646.0,0.0,0.0,0.0,6,7644.0,7648.0,18,7644.0,7678.0,7678.0,7640.0,125.0,9573060.0,96922
2023-05-09 21:05:11,y2308,y2308,7646.0,0.0,0.0,0.0,7,7644.0,7648.0,18,7644.0,7678.0,7678.0,7640.0,125.0,9573060.0,96922
2023-05-09 21:05:11,y2308,y2308,7646.0,0.0,0.0,0.0,28,7644.0,7648.0,12,7644.0,7678.0,7678.0,7640.0,125.0,9573060.0,96922
2023-05-09 21:05:12,y2308,y2308,7646.0,0.0,0.0,0.0,5,7646.0,7648.0,17,7644.0,7678.0,7678.0,7640.0,125.0,9573060.0,96922
2023-05-09 21:05:12,y2308,y2308,7646.0,0.0,0.0,0.0,5,7646.0,7648.0,2,7644.0,7678.0,7678.0,7640.0,125.0,9573060.0,96922
2023-05-09 21:05:13,y2308,y2308,7646.0,0.0,0.0,0.0,6,7646.0,7650.0,38,7644.0,7678.0,7678.0,7640.0,125.0,9573060.0,96922
2023-05-09 21:05:13,y2308,y2308,7646.0,0.0,0.0,0.0,62,7644.0,7650.0,33,7644.0,7678.0,7678.0,7640.0,125.0,9573060.0,96922
2023-05-09 21:05:14,y2308,y2308,7646.0,0.0,0.0,0.0,63,7644.0,7650.0,38,7644.0,7678.0,7678.0,7640.0,125.0,9573060.0,96922
2023-05-09 21:05:14,y2308,y2308,7646.0,0.0,0.0,0.0,64,7644.0,7650.0,39,7644.0,7678.0,7678.0,7640.0,125.0,9573060.0,96922
2023-05-09 21:05:15,y2308,y2308,7646.0,0.0,0.0,0.0,54,7644.0,7650.0,39,7644.0,7678.0,7678.0,7640.0,125.0,9573060.0,96922
2023-05-09 21:05:15,y2308,y2308,7646.0,0.0,0.0,0.0,58,7644.0,7650.0,38,7644.0,7678.0,7678.0,7640.0,125.0,9573060.0,96922
2023-05-09 21:05:16,y2308,y2308,7646.0,0.0,0.0,0.0,64,7644.0,7650.0,38,7644.0,7678.0,7678.0,7640.0,125.0,9573060.0,96922
2023-05-09 21:05:17,y2308,y2308,7646.0,0.0,0.0,0.0,63,7644.0,7650.0,38,7644.0,7678.0,7678.0,7640.0,125.0,9573060.0,96922
2023-05-09 21:05:19,y2308,y2308,7646.0,0.0,0.0,0.0,62,7644.0,7650.0,38,7644.0,7678.0,7678.0,7640.0,125.0,9573060.0,96922
2023-05-09 21:05:19,y2308,y2308,7646.0,0.0,0.0,0.0,49,7644.0,7650.0,26,7644.0,7678.0,7678.0,7640.0,125.0,9573060.0,96922
2023-05-09 21:05:20,y2308,y2308,7646.0,0.0,0.0,0.0,69,7644.0,7650.0,23,7644.0,7678.0,7678.0,7640.0,125.0,9573060.0,96922
2023-05-09 21:05:21,y2308,y2308,7646.0,0.0,0.0,0.0,64,7644.0,7650.0,18,7644.0,7678.0,7678.0,7640.0,125.0,9573060.0,96922
2023-05-09 21:05:21,y2308,y2308,7646.0,0.0,0.0,0.0,69,7644.0,7650.0,18,7644.0,7678.0,7678.0,7640.0,125.0,9573060.0,96922
2023-05-09 21:05:25,y2308,y2308,7646.0,0.0,0.0,0.0,68,7644.0,7650.0,18,7644.0,7678.0,7678.0,7640.0,125.0,9573060.0,96922
2023-05-09 21:05:26,y2308,y2308,7646.0,0.0,0.0,0.0,69,7644.0,7650.0,18,7644.0,7678.0,7678.0,7640.0,125.0,9573060.0,96922
2023-05-09 21:05:26,y2308,y2308,7646.0,0.0,0.0,0.0,5,7646.0,7650.0,13,7644.0,7678.0,7678.0,7640.0,125.0,9573060.0,96922
2023-05-09 21:05:28,y2308,y2308,7646.0,0.0,0.0,0.0,41,7646.0,7652.0,43,7644.0,7678.0,7678.0,7640.0,125.0,9573060.0,96922
2023-05-09 21:05:29,y2308,y2308,7646.0,0.0,0.0,0.0,57,7646.0,7652.0,53,7644.0,7678.0,7678.0,7640.0,125.0,9573060.0,96922
2023-05-09 21:05:29,y2308,y2308,7646.0,0.0,0.0,0.0,72,7646.0,7652.0,39,7644.0,7678.0,7678.0,7640.0,125.0,9573060.0,96922
2023-05-09 21:05:30,y2308,y2308,7646.0,0.0,0.0,0.0,76,7646.0,7652.0,38,7644.0,7678.0,7678.0,7640.0,125.0,9573060.0,96922
2023-05-09 21:05:30,y2308,y2308,7646.0,0.0,0.0,0.0,77,7646.0,7652.0,33,7644.0,7678.0,7678.0,7640.0,125.0,9573060.0,96922
2023-05-09 21:05:32,y2308,y2308,7646.0,0.0,0.0,0.0,18,7648.0,7652.0,10,7644.0,7678.0,7678.0,7640.0,125.0,9573060.0,96922
2023-05-09 21:05:32,y2308,y2308,7646.0,0.0,0.0,0.0,19,7648.0,7652.0,5,7644.0,7678.0,7678.0,7640.0,125.0,9573060.0,96922
2023-05-09 21:05:33,y2308,y2308,7646.0,0.0,0.0,0.0,2,7650.0,7654.0,43,7644.0,7678.0,7678.0,7640.0,125.0,9573060.0,96922
2023-05-09 21:05:33,y2308,y2308,7646.0,0.0,0.0,0.0,2,7650.0,7654.0,33,7644.0,7678.0,7678.0,7640.0,125.0,9573060.0,96922
2023-05-09 21:05:35,y2308,y2308,7646.0,0.0,0.0,0.0,46,7648.0,7652.0,10,7644.0,7678.0,7678.0,7640.0,125.0,9573060.0,96922
2023-05-09 21:05:35,y2308,y2308,7646.0,0.0,0.0,0.0,42,7648.0,7652.0,6,7644.0,7678.0,7678.0,7640.0,125.0,9573060.0,96922
2023-05-09 21:05:36,y2308,y2308,7646.0,0.0,0.0,0.0,44,7648.0,7652.0,6,7644.0,7678.0,7678.0,7640.0,125.0,9573060.0,96922
2023-05-09 21:05:37,y2308,y2308,7646.0,0.0,0.0,0.0,47,7648.0,7652.0,4,7644.0,7678.0,7678.0,7640.0,125.0,9573060.0,96922
2023-05-09 21:05:37,y2308,y2308,7646.0,0.0,0.0,0.0,36,7648.0,7652.0,3,7644.0,7678.0,7678.0,7640.0,125.0,9573060.0,96922
2023-05-09 21:05:38,y2308,y2308,7646.0,0.0,0.0,0.0,17,7648.0,7652.0,8,7644.0,7678.0,7678.0,7640.0,125.0,9573060.0,96922
2023-05-09 21:05:38,y2308,y2308,7646.0,0.0,0.0,0.0,1,7648.0,7652.0,12,7644.0,7678.0,7678.0,7640.0,125.0,9573060.0,96922
2023-05-09 21:05:39,y2308,y2308,7646.0,0.0,0.0,0.0,77,7646.0,7652.0,28,7644.0,7678.0,7678.0,7640.0,125.0,9573060.0,96922
2023-05-09 21:05:39,y2308,y2308,7646.0,0.0,0.0,0.0,72,7646.0,7652.0,38,7644.0,7678.0,7678.0,7640.0,125.0,9573060.0,96922
2023-05-09 21:05:40,y2308,y2308,7646.0,0.0,0.0,0.0,72,7646.0,7652.0,43,7644.0,7678.0,7678.0,7640.0,125.0,9573060.0,96922
2023-05-09 21:05:40,y2308,y2308,7646.0,0.0,0.0,0.0,72,7646.0,7652.0,48,7644.0,7678.0,7678.0,7640.0,125.0,9573060.0,96922
2023-05-09 21:05:41,y2308,y2308,7646.0,0.0,0.0,0.0,67,7646.0,7652.0,48,7644.0,7678.0,7678.0,7640.0,125.0,9573060.0,96922
2023-05-09 21:05:41,y2308,y2308,7646.0,0.0,0.0,0.0,36,7646.0,7650.0,11,7644.0,7678.0,7678.0,7640.0,125.0,9573060.0,96922
2023-05-09 21:05:41,y2308,y2308,7646.0,0.0,0.0,0.0,32,7646.0,7650.0,18,7644.0,7678.0,7678.0,7640.0,125.0,9573060.0,96922
2023-05-09 21:05:42,y2308,y2308,7646.0,0.0,0.0,0.0,62,7646.0,7650.0,6,7644.0,7678.0,7678.0,7640.0,125.0,9573060.0,96922
2023-05-09 21:05:43,y2308,y2308,7646.0,0.0,0.0,0.0,67,7646.0,7650.0,2,7644.0,7678.0,7678.0,7640.0,125.0,9573060.0,96922
2023-05-09 21:05:43,y2308,y2308,7646.0,0.0,0.0,0.0,57,7646.0,7652.0,77,7644.0,7678.0,7678.0,7640.0,125.0,9573060.0,96922
2023-05-09 21:05:44,y2308,y2308,7646.0,0.0,0.0,0.0,52,7646.0,7650.0,1,7644.0,7678.0,7678.0,7640.0,125.0,9573060.0,96922
2023-05-09 21:05:45,y2308,y2308,7646.0,0.0,0.0,0.0,57,7646.0,7652.0,77,7644.0,7678.0,7678.0,7640.0,125.0,9573060.0,96922
2023-05-09 21:05:45,y2308,y2308,7646.0,0.0,0.0,0.0,52,7646.0,7652.0,77,7644.0,7678.0,7678.0,7640.0,125.0,9573060.0,96922
2023-05-09 21:05:46,y2308,y2308,7646.0,0.0,0.0,0.0,47,7646.0,7650.0,1,7644.0,7678.0,7678.0,7640.0,125.0,9573060.0,96922
2023-05-09 21:05:47,y2308,y2308,7646.0,0.0,0.0,0.0,47,7646.0,7650.0,3,7644.0,7678.0,7678.0,7640.0,125.0,9573060.0,96922
2023-05-09 21:05:47,y2308,y2308,7646.0,0.0,0.0,0.0,62,7646.0,7650.0,2,7644.0,7678.0,7678.0,7640.0,125.0,9573060.0,96922
2023-05-09 21:05:49,y2308,y2308,7646.0,0.0,0.0,0.0,32,7646.0,7650.0,27,7644.0,7678.0,7678.0,7640.0,125.0,9573060.0,96922
2023-05-09 21:05:50,y2308,y2308,7646.0,0.0,0.0,0.0,17,7646.0,7650.0,31,7644.0,7678.0,7678.0,7640.0,125.0,9573060.0,96922
2023-05-09 21:05:50,y2308,y2308,7646.0,0.0,0.0,0.0,17,7646.0,7650.0,38,7644.0,7678.0,7678.0,7640.0,125.0,9573060.0,96922
2023-05-09 21:05:52,y2308,y2308,7646.0,0.0,0.0,0.0,16,7646.0,7650.0,38,7644.0,7678.0,7678.0,7640.0,125.0,9573060.0,96922
2023-05-09 21:05:53,y2308,y2308,7646.0,0.0,0.0,0.0,16,7646.0,7650.0,28,7644.0,7678.0,7678.0,7640.0,125.0,9573060.0,96922
2023-05-09 21:05:54,y2308,y2308,7646.0,0.0,0.0,0.0,16,7646.0,7650.0,23,7644.0,7678.0,7678.0,7640.0,125.0,9573060.0,96922
2023-05-09 21:05:55,y2308,y2308,7646.0,0.0,0.0,0.0,17,7646.0,7650.0,23,7644.0,7678.0,7678.0,7640.0,125.0,9573060.0,96922
2023-05-09 21:05:56,y2308,y2308,7646.0,0.0,0.0,0.0,37,7646.0,7650.0,18,7644.0,7678.0,7678.0,7640.0,125.0,9573060.0,96922
2023-05-09 21:05:56,y2308,y2308,7646.0,0.0,0.0,0.0,42,7646.0,7650.0,18,7644.0,7678.0,7678.0,7640.0,125.0,9573060.0,96922
2023-05-09 21:05:57,y2308,y2308,7646.0,0.0,0.0,0.0,52,7646.0,7650.0,18,7644.0,7678.0,7678.0,7640.0,125.0,9573060.0,96922
2023-05-09 21:05:58,y2308,y2308,7646.0,0.0,0.0,0.0,62,7646.0,7650.0,13,7644.0,7678.0,7678.0,7640.0,125.0,9573060.0,96922
2023-05-09 21:05:58,y2308,y2308,7646.0,0.0,0.0,0.0,52,7646.0,7650.0,13,7644.0,7678.0,7678.0,7640.0,125.0,9573060.0,96922
2023-05-09 21:05:59,y2308,y2308,7646.0,0.0,0.0,0.0,62,7646.0,7652.0,70,7644.0,7678.0,7678.0,7640.0,125.0,9573060.0,96922
2023-05-09 21:05:59,y2308,y2308,7646.0,0.0,0.0,0.0,52,7646.0,7652.0,77,7644.0,7678.0,7678.0,7640.0,125.0,9573060.0,96922
2023-05-09 21:06:01,y2308,y2308,7646.0,0.0,0.0,0.0,51,7646.0,7652.0,67,7644.0,7678.0,7678.0,7640.0,125.0,9573060.0,96922
2023-05-09 21:06:01,y2308,y2308,7652.0,12.0,918240.0,6.0,12,7652.0,7654.0,10,7644.0,7678.0,7678.0,7640.0,137.0,10491300.0,96928
2023-05-09 21:06:02,y2308,y2308,7652.0,0.0,0.0,0.0,12,7652.0,7656.0,27,7644.0,7678.0,7678.0,7640.0,137.0,10491300.0,96928
2023-05-09 21:06:02,y2308,y2308,7652.0,0.0,0.0,0.0,35,7652.0,7656.0,6,7644.0,7678.0,7678.0,7640.0,137.0,10491300.0,96928
2023-05-09 21:06:03,y2308,y2308,7652.0,0.0,0.0,0.0,46,7652.0,7656.0,1,7644.0,7678.0,7678.0,7640.0,137.0,10491300.0,96928
2023-05-09 21:06:03,y2308,y2308,7652.0,0.0,0.0,0.0,43,7652.0,7656.0,1,7644.0,7678.0,7678.0,7640.0,137.0,10491300.0,96928
2023-05-09 21:06:04,y2308,y2308,7652.0,0.0,0.0,0.0,48,7652.0,7656.0,1,7644.0,7678.0,7678.0,7640.0,137.0,10491300.0,96928
2023-05-09 21:06:04,y2308,y2308,7658.0,6.0,459460.0,1.0,1,7656.0,7658.0,37,7644.0,7678.0,7678.0,7640.0,143.0,10950760.0,96929
2023-05-09 21:06:05,y2308,y2308,7658.0,0.0,0.0,0.0,1,7656.0,7658.0,16,7644.0,7678.0,7678.0,7640.0,143.0,10950760.0,96929
2023-05-09 21:06:05,y2308,y2308,7656.0,1.0,76560.0,1.0,14,7656.0,7658.0,5,7644.0,7678.0,7678.0,7640.0,144.0,11027320.0,96930
2023-05-09 21:06:06,y2308,y2308,7656.0,0.0,0.0,0.0,3,7658.0,7660.0,5,7644.0,7678.0,7678.0,7640.0,144.0,11027320.0,96930
2023-05-09 21:06:06,y2308,y2308,7656.0,0.0,0.0,0.0,3,7658.0,7660.0,2,7644.0,7678.0,7678.0,7640.0,144.0,11027320.0,96930
2023-05-09 21:06:08,y2308,y2308,7658.0,3.0,229740.0,0.0,31,7656.0,7660.0,13,7644.0,7678.0,7678.0,7640.0,147.0,11257060.0,96930
2023-05-09 21:06:08,y2308,y2308,7658.0,0.0,0.0,0.0,11,7656.0,7658.0,1,7644.0,7678.0,7678.0,7640.0,147.0,11257060.0,96930
2023-05-09 21:06:09,y2308,y2308,7658.0,0.0,0.0,0.0,6,7656.0,7660.0,39,7644.0,7678.0,7678.0,7640.0,147.0,11257060.0,96930
2023-05-09 21:06:10,y2308,y2308,7658.0,0.0,0.0,0.0,57,7654.0,7658.0,1,7644.0,7678.0,7678.0,7640.0,147.0,11257060.0,96930
2023-05-09 21:06:10,y2308,y2308,7658.0,0.0,0.0,0.0,47,7654.0,7658.0,1,7644.0,7678.0,7678.0,7640.0,147.0,11257060.0,96930
2023-05-09 21:06:11,y2308,y2308,7658.0,0.0,0.0,0.0,46,7654.0,7658.0,3,7644.0,7678.0,7678.0,7640.0,147.0,11257060.0,96930
2023-05-09 21:06:12,y2308,y2308,7658.0,0.0,0.0,0.0,33,7654.0,7656.0,1,7644.0,7678.0,7678.0,7640.0,147.0,11257060.0,96930
2023-05-09 21:06:12,y2308,y2308,7658.0,0.0,0.0,0.0,23,7654.0,7658.0,27,7644.0,7678.0,7678.0,7640.0,147.0,11257060.0,96930
2023-05-09 21:06:13,y2308,y2308,7658.0,0.0,0.0,0.0,18,7654.0,7658.0,32,7644.0,7678.0,7678.0,7640.0,147.0,11257060.0,96930
2023-05-09 21:06:13,y2308,y2308,7658.0,0.0,0.0,0.0,18,7654.0,7658.0,38,7644.0,7678.0,7678.0,7640.0,147.0,11257060.0,96930
2023-05-09 21:06:13,y2308,y2308,7658.0,0.0,0.0,0.0,18,7654.0,7658.0,43,7644.0,7678.0,7678.0,7640.0,147.0,11257060.0,96930
2023-05-09 21:06:14,y2308,y2308,7658.0,0.0,0.0,0.0,18,7654.0,7658.0,49,7644.0,7678.0,7678.0,7640.0,147.0,11257060.0,96930
2023-05-09 21:06:15,y2308,y2308,7658.0,0.0,0.0,0.0,18,7654.0,7658.0,44,7644.0,7678.0,7678.0,7640.0,147.0,11257060.0,96930
2023-05-09 21:06:15,y2308,y2308,7658.0,0.0,0.0,0.0,18,7654.0,7658.0,43,7644.0,7678.0,7678.0,7640.0,147.0,11257060.0,96930
2023-05-09 21:06:16,y2308,y2308,7658.0,0.0,0.0,0.0,28,7654.0,7658.0,10,7644.0,7678.0,7678.0,7640.0,147.0,11257060.0,96930
2023-05-09 21:06:16,y2308,y2308,7658.0,0.0,0.0,0.0,39,7654.0,7658.0,2,7644.0,7678.0,7678.0,7640.0,147.0,11257060.0,96930
2023-05-09 21:06:17,y2308,y2308,7658.0,0.0,0.0,0.0,49,7654.0,7658.0,2,7644.0,7678.0,7678.0,7640.0,147.0,11257060.0,96930
2023-05-09 21:06:18,y2308,y2308,7658.0,0.0,0.0,0.0,48,7654.0,7658.0,2,7644.0,7678.0,7678.0,7640.0,147.0,11257060.0,96930
2023-05-09 21:06:19,y2308,y2308,7658.0,0.0,0.0,0.0,28,7654.0,7656.0,1,7644.0,7678.0,7678.0,7640.0,147.0,11257060.0,96930
2023-05-09 21:06:19,y2308,y2308,7658.0,0.0,0.0,0.0,23,7654.0,7658.0,44,7644.0,7678.0,7678.0,7640.0,147.0,11257060.0,96930
2023-05-09 21:06:21,y2308,y2308,7658.0,0.0,0.0,0.0,23,7654.0,7656.0,5,7644.0,7678.0,7678.0,7640.0,147.0,11257060.0,96930
2023-05-09 21:06:22,y2308,y2308,7654.0,1.0,76540.0,-1.0,11,7654.0,7656.0,18,7644.0,7678.0,7678.0,7640.0,148.0,11333600.0,96929
2023-05-09 21:06:22,y2308,y2308,7656.0,1.0,76560.0,0.0,2,7654.0,7656.0,13,7644.0,7678.0,7678.0,7640.0,149.0,11410160.0,96929
2023-05-09 21:06:26,y2308,y2308,7656.0,0.0,0.0,0.0,2,7654.0,7656.0,19,7644.0,7678.0,7678.0,7640.0,149.0,11410160.0,96929
2023-05-09 21:06:27,y2308,y2308,7654.0,2.0,153080.0,0.0,12,7652.0,7656.0,24,7644.0,7678.0,7678.0,7640.0,151.0,11563240.0,96929
2023-05-09 21:06:28,y2308,y2308,7654.0,0.0,0.0,0.0,12,7652.0,7656.0,19,7644.0,7678.0,7678.0,7640.0,151.0,11563240.0,96929
2023-05-09 21:06:31,y2308,y2308,7654.0,0.0,0.0,0.0,6,7652.0,7656.0,32,7644.0,7678.0,7678.0,7640.0,151.0,11563240.0,96929
2023-05-09 21:06:32,y2308,y2308,7652.0,11.0,841720.0,5.0,5,7652.0,7656.0,31,7644.0,7678.0,7678.0,7640.0,162.0,12404960.0,96934
2023-05-09 21:06:32,y2308,y2308,7652.0,0.0,0.0,0.0,70,7650.0,7656.0,29,7644.0,7678.0,7678.0,7640.0,162.0,12404960.0,96934
2023-05-09 21:06:33,y2308,y2308,7652.0,0.0,0.0,0.0,66,7650.0,7656.0,23,7644.0,7678.0,7678.0,7640.0,162.0,12404960.0,96934
2023-05-09 21:06:33,y2308,y2308,7652.0,0.0,0.0,0.0,66,7650.0,7656.0,24,7644.0,7678.0,7678.0,7640.0,162.0,12404960.0,96934
2023-05-09 21:06:35,y2308,y2308,7652.0,0.0,0.0,0.0,71,7650.0,7656.0,24,7644.0,7678.0,7678.0,7640.0,162.0,12404960.0,96934
2023-05-09 21:06:45,y2308,y2308,7652.0,0.0,0.0,0.0,66,7650.0,7656.0,24,7644.0,7678.0,7678.0,7640.0,162.0,12404960.0,96934
2023-05-09 21:06:45,y2308,y2308,7652.0,0.0,0.0,0.0,71,7650.0,7656.0,24,7644.0,7678.0,7678.0,7640.0,162.0,12404960.0,96934
2023-05-09 21:06:46,y2308,y2308,7652.0,0.0,0.0,0.0,72,7650.0,7656.0,24,7644.0,7678.0,7678.0,7640.0,162.0,12404960.0,96934
2023-05-09 21:06:46,y2308,y2308,7652.0,0.0,0.0,0.0,71,7650.0,7656.0,24,7644.0,7678.0,7678.0,7640.0,162.0,12404960.0,96934
2023-05-09 21:06:55,y2308,y2308,7652.0,0.0,0.0,0.0,36,7650.0,7654.0,14,7644.0,7678.0,7678.0,7640.0,162.0,12404960.0,96934
2023-05-09 21:06:56,y2308,y2308,7652.0,0.0,0.0,0.0,26,7650.0,7654.0,17,7644.0,7678.0,7678.0,7640.0,162.0,12404960.0,96934
2023-05-09 21:06:59,y2308,y2308,7652.0,0.0,0.0,0.0,21,7650.0,7654.0,22,7644.0,7678.0,7678.0,7640.0,162.0,12404960.0,96934
2023-05-09 21:06:59,y2308,y2308,7652.0,0.0,0.0,0.0,16,7650.0,7654.0,27,7644.0,7678.0,7678.0,7640.0,162.0,12404960.0,96934
2023-05-09 21:07:02,y2308,y2308,7652.0,0.0,0.0,0.0,15,7650.0,7654.0,26,7644.0,7678.0,7678.0,7640.0,162.0,12404960.0,96934
2023-05-09 21:07:04,y2308,y2308,7652.0,0.0,0.0,0.0,26,7650.0,7654.0,15,7644.0,7678.0,7678.0,7640.0,162.0,12404960.0,96934
2023-05-09 21:07:04,y2308,y2308,7652.0,0.0,0.0,0.0,47,7650.0,7654.0,5,7644.0,7678.0,7678.0,7640.0,162.0,12404960.0,96934
2023-05-09 21:07:05,y2308,y2308,7652.0,0.0,0.0,0.0,53,7650.0,7654.0,5,7644.0,7678.0,7678.0,7640.0,162.0,12404960.0,96934
2023-05-09 21:07:05,y2308,y2308,7652.0,0.0,0.0,0.0,68,7650.0,7656.0,51,7644.0,7678.0,7678.0,7640.0,162.0,12404960.0,96934
2023-05-09 21:07:05,y2308,y2308,7652.0,0.0,0.0,0.0,77,7650.0,7656.0,39,7644.0,7678.0,7678.0,7640.0,162.0,12404960.0,96934
2023-05-09 21:07:07,y2308,y2308,7652.0,0.0,0.0,0.0,13,7652.0,7656.0,10,7644.0,7678.0,7678.0,7640.0,162.0,12404960.0,96934
2023-05-09 21:07:07,y2308,y2308,7652.0,0.0,0.0,0.0,19,7652.0,7656.0,2,7644.0,7678.0,7678.0,7640.0,162.0,12404960.0,96934
2023-05-09 21:07:08,y2308,y2308,7652.0,0.0,0.0,0.0,30,7652.0,7658.0,49,7644.0,7678.0,7678.0,7640.0,162.0,12404960.0,96934
2023-05-09 21:07:08,y2308,y2308,7652.0,0.0,0.0,0.0,40,7652.0,7658.0,53,7644.0,7678.0,7678.0,7640.0,162.0,12404960.0,96934
2023-05-09 21:07:10,y2308,y2308,7652.0,0.0,0.0,0.0,13,7652.0,7656.0,21,7644.0,7678.0,7678.0,7640.0,162.0,12404960.0,96934
2023-05-09 21:07:10,y2308,y2308,7652.0,0.0,0.0,0.0,11,7652.0,7656.0,25,7644.0,7678.0,7678.0,7640.0,162.0,12404960.0,96934
2023-05-09 21:07:12,y2308,y2308,7652.0,0.0,0.0,0.0,11,7652.0,7656.0,30,7644.0,7678.0,7678.0,7640.0,162.0,12404960.0,96934
2023-05-09 21:07:12,y2308,y2308,7652.0,0.0,0.0,0.0,76,7650.0,7656.0,45,7644.0,7678.0,7678.0,7640.0,162.0,12404960.0,96934
2023-05-09 21:07:13,y2308,y2308,7652.0,0.0,0.0,0.0,77,7650.0,7656.0,50,7644.0,7678.0,7678.0,7640.0,162.0,12404960.0,96934
2023-05-09 21:07:15,y2308,y2308,7652.0,0.0,0.0,0.0,76,7650.0,7656.0,49,7644.0,7678.0,7678.0,7640.0,162.0,12404960.0,96934
2023-05-09 21:07:15,y2308,y2308,7652.0,0.0,0.0,0.0,41,7650.0,7654.0,12,7644.0,7678.0,7678.0,7640.0,162.0,12404960.0,96934
2023-05-09 21:07:16,y2308,y2308,7652.0,0.0,0.0,0.0,26,7650.0,7654.0,20,7644.0,7678.0,7678.0,7640.0,162.0,12404960.0,96934
2023-05-09 21:07:16,y2308,y2308,7652.0,0.0,0.0,0.0,21,7650.0,7654.0,15,7644.0,7678.0,7678.0,7640.0,162.0,12404960.0,96934
2023-05-09 21:07:25,y2308,y2308,7652.0,0.0,0.0,0.0,20,7650.0,7654.0,14,7644.0,7678.0,7678.0,7640.0,162.0,12404960.0,96934
2023-05-09 21:07:25,y2308,y2308,7652.0,0.0,0.0,0.0,20,7650.0,7652.0,2,7644.0,7678.0,7678.0,7640.0,162.0,12404960.0,96934
2023-05-09 21:07:26,y2308,y2308,7652.0,0.0,0.0,0.0,16,7650.0,7652.0,7,7644.0,7678.0,7678.0,7640.0,162.0,12404960.0,96934
2023-05-09 21:07:26,y2308,y2308,7652.0,0.0,0.0,0.0,16,7650.0,7652.0,10,7644.0,7678.0,7678.0,7640.0,162.0,12404960.0,96934
2023-05-09 21:07:27,y2308,y2308,7652.0,0.0,0.0,0.0,16,7650.0,7652.0,5,7644.0,7678.0,7678.0,7640.0,162.0,12404960.0,96934
2023-05-09 21:07:27,y2308,y2308,7652.0,0.0,0.0,0.0,15,7650.0,7652.0,5,7644.0,7678.0,7678.0,7640.0,162.0,12404960.0,96934
2023-05-09 21:07:28,y2308,y2308,7650.0,15.0,1147500.0,5.0,31,7648.0,7650.0,5,7644.0,7678.0,7678.0,7640.0,177.0,13552460.0,96939
2023-05-09 21:07:28,y2308,y2308,7650.0,0.0,0.0,0.0,21,7648.0,7650.0,5,7644.0,7678.0,7678.0,7640.0,177.0,13552460.0,96939
2023-05-09 21:07:30,y2308,y2308,7650.0,0.0,0.0,0.0,11,7648.0,7650.0,5,7644.0,7678.0,7678.0,7640.0,177.0,13552460.0,96939
2023-05-09 21:07:31,y2308,y2308,7650.0,0.0,0.0,0.0,62,7646.0,7650.0,5,7644.0,7678.0,7678.0,7640.0,177.0,13552460.0,96939
2023-05-09 21:07:31,y2308,y2308,7650.0,0.0,0.0,0.0,68,7646.0,7650.0,5,7644.0,7678.0,7678.0,7640.0,177.0,13552460.0,96939
2023-05-09 21:07:34,y2308,y2308,7650.0,0.0,0.0,0.0,67,7646.0,7650.0,6,7644.0,7678.0,7678.0,7640.0,177.0,13552460.0,96939
2023-05-09 21:07:34,y2308,y2308,7650.0,0.0,0.0,0.0,67,7646.0,7650.0,5,7644.0,7678.0,7678.0,7640.0,177.0,13552460.0,96939
2023-05-09 21:07:36,y2308,y2308,7650.0,0.0,0.0,0.0,68,7646.0,7650.0,5,7644.0,7678.0,7678.0,7640.0,177.0,13552460.0,96939
2023-05-09 21:07:37,y2308,y2308,7650.0,0.0,0.0,0.0,10,7648.0,7650.0,5,7644.0,7678.0,7678.0,7640.0,177.0,13552460.0,96939
2023-05-09 21:07:37,y2308,y2308,7650.0,0.0,0.0,0.0,16,7648.0,7650.0,5,7644.0,7678.0,7678.0,7640.0,177.0,13552460.0,96939
2023-05-09 21:07:37,y2308,y2308,7650.0,0.0,0.0,0.0,11,7648.0,7650.0,5,7644.0,7678.0,7678.0,7640.0,177.0,13552460.0,96939
2023-05-09 21:07:39,y2308,y2308,7650.0,0.0,0.0,0.0,17,7648.0,7650.0,5,7644.0,7678.0,7678.0,7640.0,177.0,13552460.0,96939
2023-05-09 21:07:44,y2308,y2308,7648.0,4.0,305920.0,-2.0,3,7648.0,7650.0,7,7644.0,7678.0,7678.0,7640.0,181.0,13858380.0,96937
2023-05-09 21:07:48,y2308,y2308,7648.0,3.0,229440.0,0.0,47,7646.0,7650.0,7,7644.0,7678.0,7678.0,7640.0,184.0,14087820.0,96937
2023-05-09 21:07:50,y2308,y2308,7648.0,0.0,0.0,0.0,47,7646.0,7650.0,5,7644.0,7678.0,7678.0,7640.0,184.0,14087820.0,96937
2023-05-09 21:07:50,y2308,y2308,7648.0,0.0,0.0,0.0,47,7646.0,7650.0,7,7644.0,7678.0,7678.0,7640.0,184.0,14087820.0,96937
2023-05-09 21:07:51,y2308,y2308,7648.0,0.0,0.0,0.0,47,7646.0,7650.0,5,7644.0,7678.0,7678.0,7640.0,184.0,14087820.0,96937
2023-05-09 21:07:53,y2308,y2308,7648.0,0.0,0.0,0.0,5,7648.0,7650.0,5,7644.0,7678.0,7678.0,7640.0,184.0,14087820.0,96937
2023-05-09 21:07:53,y2308,y2308,7648.0,0.0,0.0,0.0,6,7648.0,7650.0,5,7644.0,7678.0,7678.0,7640.0,184.0,14087820.0,96937
2023-05-09 21:07:55,y2308,y2308,7648.0,0.0,0.0,0.0,72,7646.0,7650.0,5,7644.0,7678.0,7678.0,7640.0,184.0,14087820.0,96937
2023-05-09 21:07:55,y2308,y2308,7648.0,0.0,0.0,0.0,67,7646.0,7650.0,5,7644.0,7678.0,7678.0,7640.0,184.0,14087820.0,96937
2023-05-09 21:07:56,y2308,y2308,7648.0,0.0,0.0,0.0,6,7648.0,7650.0,5,7644.0,7678.0,7678.0,7640.0,184.0,14087820.0,96937
2023-05-09 21:07:59,y2308,y2308,7650.0,3.0,229500.0,-3.0,6,7648.0,7650.0,4,7644.0,7678.0,7678.0,7640.0,187.0,14317320.0,96934
2023-05-09 21:07:59,y2308,y2308,7650.0,4.0,306000.0,-2.0,13,7650.0,7652.0,17,7644.0,7678.0,7678.0,7640.0,191.0,14623320.0,96932
2023-05-09 21:08:00,y2308,y2308,7650.0,0.0,0.0,0.0,18,7650.0,7652.0,7,7644.0,7678.0,7678.0,7640.0,191.0,14623320.0,96932
2023-05-09 21:08:00,y2308,y2308,7650.0,0.0,0.0,0.0,19,7650.0,7654.0,42,7644.0,7678.0,7678.0,7640.0,191.0,14623320.0,96932
2023-05-09 21:08:01,y2308,y2308,7650.0,0.0,0.0,0.0,20,7650.0,7654.0,38,7644.0,7678.0,7678.0,7640.0,191.0,14623320.0,96932
2023-05-09 21:08:01,y2308,y2308,7650.0,0.0,0.0,0.0,21,7650.0,7654.0,38,7644.0,7678.0,7678.0,7640.0,191.0,14623320.0,96932
2023-05-09 21:08:01,y2308,y2308,7650.0,0.0,0.0,0.0,20,7650.0,7654.0,37,7644.0,7678.0,7678.0,7640.0,191.0,14623320.0,96932
2023-05-09 21:08:02,y2308,y2308,7650.0,0.0,0.0,0.0,21,7650.0,7654.0,38,7644.0,7678.0,7678.0,7640.0,191.0,14623320.0,96932
2023-05-09 21:08:07,y2308,y2308,7650.0,0.0,0.0,0.0,49,7650.0,7654.0,12,7644.0,7678.0,7678.0,7640.0,191.0,14623320.0,96932
2023-05-09 21:08:08,y2308,y2308,7650.0,0.0,0.0,0.0,34,7650.0,7654.0,17,7644.0,7678.0,7678.0,7640.0,191.0,14623320.0,96932
2023-05-09 21:08:08,y2308,y2308,7650.0,0.0,0.0,0.0,26,7650.0,7654.0,13,7644.0,7678.0,7678.0,7640.0,191.0,14623320.0,96932
2023-05-09 21:08:09,y2308,y2308,7650.0,0.0,0.0,0.0,26,7650.0,7654.0,18,7644.0,7678.0,7678.0,7640.0,191.0,14623320.0,96932
2023-05-09 21:08:10,y2308,y2308,7650.0,0.0,0.0,0.0,34,7650.0,7654.0,13,7644.0,7678.0,7678.0,7640.0,191.0,14623320.0,96932
2023-05-09 21:08:10,y2308,y2308,7650.0,0.0,0.0,0.0,30,7650.0,7654.0,13,7644.0,7678.0,7678.0,7640.0,191.0,14623320.0,96932
2023-05-09 21:08:11,y2308,y2308,7650.0,0.0,0.0,0.0,19,7650.0,7654.0,32,7644.0,7678.0,7678.0,7640.0,191.0,14623320.0,96932
2023-05-09 21:08:12,y2308,y2308,7650.0,0.0,0.0,0.0,19,7650.0,7652.0,5,7644.0,7678.0,7678.0,7640.0,191.0,14623320.0,96932
2023-05-09 21:08:12,y2308,y2308,7650.0,0.0,0.0,0.0,24,7650.0,7654.0,34,7644.0,7678.0,7678.0,7640.0,191.0,14623320.0,96932
2023-05-09 21:08:12,y2308,y2308,7650.0,0.0,0.0,0.0,19,7650.0,7654.0,54,7644.0,7678.0,7678.0,7640.0,191.0,14623320.0,96932
2023-05-09 21:08:14,y2308,y2308,7650.0,0.0,0.0,0.0,24,7650.0,7654.0,34,7644.0,7678.0,7678.0,7640.0,191.0,14623320.0,96932
2023-05-09 21:08:14,y2308,y2308,7650.0,0.0,0.0,0.0,24,7650.0,7654.0,29,7644.0,7678.0,7678.0,7640.0,191.0,14623320.0,96932
2023-05-09 21:08:17,y2308,y2308,7650.0,0.0,0.0,0.0,19,7650.0,7654.0,29,7644.0,7678.0,7678.0,7640.0,191.0,14623320.0,96932
2023-05-09 21:08:17,y2308,y2308,7650.0,0.0,0.0,0.0,19,7650.0,7654.0,49,7644.0,7678.0,7678.0,7640.0,191.0,14623320.0,96932
2023-05-09 21:08:18,y2308,y2308,7650.0,0.0,0.0,0.0,19,7650.0,7652.0,5,7644.0,7678.0,7678.0,7640.0,191.0,14623320.0,96932
2023-05-09 21:08:18,y2308,y2308,7650.0,0.0,0.0,0.0,18,7650.0,7652.0,5,7644.0,7678.0,7678.0,7640.0,191.0,14623320.0,96932
2023-05-09 21:08:19,y2308,y2308,7650.0,0.0,0.0,0.0,19,7650.0,7652.0,6,7644.0,7678.0,7678.0,7640.0,191.0,14623320.0,96932
2023-05-09 21:08:20,y2308,y2308,7650.0,0.0,0.0,0.0,19,7650.0,7652.0,5,7644.0,7678.0,7678.0,7640.0,191.0,14623320.0,96932
2023-05-09 21:08:21,y2308,y2308,7650.0,0.0,0.0,0.0,19,7650.0,7652.0,6,7644.0,7678.0,7678.0,7640.0,191.0,14623320.0,96932
2023-05-09 21:08:22,y2308,y2308,7650.0,0.0,0.0,0.0,18,7650.0,7654.0,31,7644.0,7678.0,7678.0,7640.0,191.0,14623320.0,96932
2023-05-09 21:08:23,y2308,y2308,7650.0,0.0,0.0,0.0,29,7650.0,7654.0,19,7644.0,7678.0,7678.0,7640.0,191.0,14623320.0,96932
2023-05-09 21:08:23,y2308,y2308,7650.0,0.0,0.0,0.0,19,7650.0,7654.0,49,7644.0,7678.0,7678.0,7640.0,191.0,14623320.0,96932
2023-05-09 21:08:25,y2308,y2308,7650.0,0.0,0.0,0.0,24,7650.0,7654.0,24,7644.0,7678.0,7678.0,7640.0,191.0,14623320.0,96932
2023-05-09 21:08:25,y2308,y2308,7650.0,0.0,0.0,0.0,30,7650.0,7654.0,19,7644.0,7678.0,7678.0,7640.0,191.0,14623320.0,96932
2023-05-09 21:08:26,y2308,y2308,7650.0,0.0,0.0,0.0,29,7650.0,7654.0,19,7644.0,7678.0,7678.0,7640.0,191.0,14623320.0,96932
2023-05-09 21:08:31,y2308,y2308,7650.0,0.0,0.0,0.0,35,7650.0,7654.0,19,7644.0,7678.0,7678.0,7640.0,191.0,14623320.0,96932
2023-05-09 21:08:31,y2308,y2308,7650.0,0.0,0.0,0.0,45,7650.0,7654.0,12,7644.0,7678.0,7678.0,7640.0,191.0,14623320.0,96932
2023-05-09 21:08:33,y2308,y2308,7650.0,0.0,0.0,0.0,50,7650.0,7654.0,12,7644.0,7678.0,7678.0,7640.0,191.0,14623320.0,96932
2023-05-09 21:08:36,y2308,y2308,7650.0,0.0,0.0,0.0,5,7652.0,7654.0,6,7644.0,7678.0,7678.0,7640.0,191.0,14623320.0,96932
2023-05-09 21:08:37,y2308,y2308,7654.0,1.0,76540.0,-1.0,2,7654.0,7656.0,58,7644.0,7678.0,7678.0,7640.0,192.0,14699860.0,96931
2023-05-09 21:08:37,y2308,y2308,7654.0,2.0,153080.0,-2.0,47,7650.0,7654.0,5,7644.0,7678.0,7678.0,7640.0,194.0,14852940.0,96929
2023-05-09 21:08:38,y2308,y2308,7654.0,0.0,0.0,0.0,48,7650.0,7654.0,5,7644.0,7678.0,7678.0,7640.0,194.0,14852940.0,96929
2023-05-09 21:08:40,y2308,y2308,7654.0,0.0,0.0,0.0,58,7650.0,7654.0,5,7644.0,7678.0,7678.0,7640.0,194.0,14852940.0,96929
2023-05-09 21:08:41,y2308,y2308,7654.0,0.0,0.0,0.0,68,7650.0,7656.0,60,7644.0,7678.0,7678.0,7640.0,194.0,14852940.0,96929
2023-05-09 21:08:41,y2308,y2308,7654.0,0.0,0.0,0.0,76,7650.0,7656.0,53,7644.0,7678.0,7678.0,7640.0,194.0,14852940.0,96929
2023-05-09 21:08:42,y2308,y2308,7654.0,0.0,0.0,0.0,56,7650.0,7654.0,7,7644.0,7678.0,7678.0,7640.0,194.0,14852940.0,96929
2023-05-09 21:08:42,y2308,y2308,7654.0,0.0,0.0,0.0,33,7650.0,7654.0,9,7644.0,7678.0,7678.0,7640.0,194.0,14852940.0,96929
2023-05-09 21:08:43,y2308,y2308,7654.0,0.0,0.0,0.0,38,7650.0,7654.0,8,7644.0,7678.0,7678.0,7640.0,194.0,14852940.0,96929
2023-05-09 21:08:43,y2308,y2308,7654.0,0.0,0.0,0.0,48,7650.0,7654.0,7,7644.0,7678.0,7678.0,7640.0,194.0,14852940.0,96929
2023-05-09 21:08:44,y2308,y2308,7654.0,0.0,0.0,0.0,48,7650.0,7654.0,5,7644.0,7678.0,7678.0,7640.0,194.0,14852940.0,96929
2023-05-09 21:08:45,y2308,y2308,7654.0,0.0,0.0,0.0,52,7650.0,7656.0,70,7644.0,7678.0,7678.0,7640.0,194.0,14852940.0,96929
2023-05-09 21:08:45,y2308,y2308,7654.0,0.0,0.0,0.0,53,7650.0,7656.0,74,7644.0,7678.0,7678.0,7640.0,194.0,14852940.0,96929
2023-05-09 21:08:46,y2308,y2308,7654.0,0.0,0.0,0.0,53,7650.0,7656.0,77,7644.0,7678.0,7678.0,7640.0,194.0,14852940.0,96929
2023-05-09 21:08:46,y2308,y2308,7654.0,0.0,0.0,0.0,53,7650.0,7656.0,72,7644.0,7678.0,7678.0,7640.0,194.0,14852940.0,96929
2023-05-09 21:08:48,y2308,y2308,7654.0,0.0,0.0,0.0,53,7650.0,7656.0,79,7644.0,7678.0,7678.0,7640.0,194.0,14852940.0,96929
2023-05-09 21:08:49,y2308,y2308,7654.0,0.0,0.0,0.0,48,7650.0,7654.0,5,7644.0,7678.0,7678.0,7640.0,194.0,14852940.0,96929
2023-05-09 21:08:55,y2308,y2308,7654.0,0.0,0.0,0.0,47,7650.0,7654.0,5,7644.0,7678.0,7678.0,7640.0,194.0,14852940.0,96929
2023-05-09 21:08:56,y2308,y2308,7654.0,0.0,0.0,0.0,46,7650.0,7654.0,5,7644.0,7678.0,7678.0,7640.0,194.0,14852940.0,96929
2023-05-09 21:08:57,y2308,y2308,7654.0,0.0,0.0,0.0,47,7650.0,7654.0,5,7644.0,7678.0,7678.0,7640.0,194.0,14852940.0,96929
2023-05-09 21:08:58,y2308,y2308,7654.0,0.0,0.0,0.0,47,7650.0,7654.0,6,7644.0,7678.0,7678.0,7640.0,194.0,14852940.0,96929
2023-05-09 21:08:58,y2308,y2308,7654.0,0.0,0.0,0.0,52,7650.0,7656.0,64,7644.0,7678.0,7678.0,7640.0,194.0,14852940.0,96929
2023-05-09 21:08:59,y2308,y2308,7654.0,0.0,0.0,0.0,52,7650.0,7654.0,20,7644.0,7678.0,7678.0,7640.0,194.0,14852940.0,96929
2023-05-09 21:08:59,y2308,y2308,7654.0,0.0,0.0,0.0,52,7650.0,7654.0,22,7644.0,7678.0,7678.0,7640.0,194.0,14852940.0,96929
2023-05-09 21:09:01,y2308,y2308,7654.0,0.0,0.0,0.0,21,7650.0,7654.0,31,7644.0,7678.0,7678.0,7640.0,194.0,14852940.0,96929
2023-05-09 21:09:01,y2308,y2308,7654.0,0.0,0.0,0.0,1,7650.0,7652.0,15,7644.0,7678.0,7678.0,7640.0,194.0,14852940.0,96929
2023-05-09 21:09:02,y2308,y2308,7654.0,0.0,0.0,0.0,27,7648.0,7652.0,21,7644.0,7678.0,7678.0,7640.0,194.0,14852940.0,96929
2023-05-09 21:09:02,y2308,y2308,7654.0,0.0,0.0,0.0,17,7648.0,7652.0,28,7644.0,7678.0,7678.0,7640.0,194.0,14852940.0,96929
2023-05-09 21:09:02,y2308,y2308,7654.0,0.0,0.0,0.0,12,7648.0,7652.0,28,7644.0,7678.0,7678.0,7640.0,194.0,14852940.0,96929
2023-05-09 21:09:03,y2308,y2308,7654.0,0.0,0.0,0.0,1,7648.0,7652.0,28,7644.0,7678.0,7678.0,7640.0,194.0,14852940.0,96929
2023-05-09 21:09:04,y2308,y2308,7654.0,0.0,0.0,0.0,6,7648.0,7652.0,43,7644.0,7678.0,7678.0,7640.0,194.0,14852940.0,96929
2023-05-09 21:09:04,y2308,y2308,7654.0,0.0,0.0,0.0,6,7648.0,7652.0,48,7644.0,7678.0,7678.0,7640.0,194.0,14852940.0,96929
2023-05-09 21:09:07,y2308,y2308,7648.0,6.0,458880.0,5.0,51,7646.0,7652.0,27,7644.0,7678.0,7678.0,7640.0,200.0,15311820.0,96934
2023-05-09 21:09:07,y2308,y2308,7648.0,0.0,0.0,0.0,79,7646.0,7652.0,37,7644.0,7678.0,7678.0,7640.0,200.0,15311820.0,96934
2023-05-09 21:09:08,y2308,y2308,7652.0,1.0,76520.0,-1.0,79,7646.0,7652.0,41,7644.0,7678.0,7678.0,7640.0,201.0,15388340.0,96933
2023-05-09 21:09:08,y2308,y2308,7652.0,0.0,0.0,0.0,79,7646.0,7652.0,46,7644.0,7678.0,7678.0,7640.0,201.0,15388340.0,96933
2023-05-09 21:09:11,y2308,y2308,7652.0,0.0,0.0,0.0,79,7646.0,7652.0,47,7644.0,7678.0,7678.0,7640.0,201.0,15388340.0,96933
2023-05-09 21:09:18,y2308,y2308,7652.0,0.0,0.0,0.0,75,7646.0,7652.0,47,7644.0,7678.0,7678.0,7640.0,201.0,15388340.0,96933
2023-05-09 21:09:18,y2308,y2308,7652.0,0.0,0.0,0.0,65,7646.0,7652.0,46,7644.0,7678.0,7678.0,7640.0,201.0,15388340.0,96933
2023-05-09 21:09:19,y2308,y2308,7652.0,0.0,0.0,0.0,69,7646.0,7652.0,46,7644.0,7678.0,7678.0,7640.0,201.0,15388340.0,96933
2023-05-09 21:09:19,y2308,y2308,7652.0,0.0,0.0,0.0,74,7646.0,7652.0,47,7644.0,7678.0,7678.0,7640.0,201.0,15388340.0,96933
2023-05-09 21:09:20,y2308,y2308,7652.0,0.0,0.0,0.0,70,7646.0,7652.0,47,7644.0,7678.0,7678.0,7640.0,201.0,15388340.0,96933
2023-05-09 21:09:21,y2308,y2308,7652.0,0.0,0.0,0.0,65,7646.0,7652.0,46,7644.0,7678.0,7678.0,7640.0,201.0,15388340.0,96933
2023-05-09 21:09:22,y2308,y2308,7652.0,0.0,0.0,0.0,70,7646.0,7652.0,46,7644.0,7678.0,7678.0,7640.0,201.0,15388340.0,96933
2023-05-09 21:09:23,y2308,y2308,7652.0,0.0,0.0,0.0,5,7648.0,7652.0,23,7644.0,7678.0,7678.0,7640.0,201.0,15388340.0,96933
2023-05-09 21:09:23,y2308,y2308,7652.0,0.0,0.0,0.0,5,7648.0,7652.0,8,7644.0,7678.0,7678.0,7640.0,201.0,15388340.0,96933
2023-05-09 21:09:24,y2308,y2308,7652.0,0.0,0.0,0.0,11,7648.0,7652.0,2,7644.0,7678.0,7678.0,7640.0,201.0,15388340.0,96933
2023-05-09 21:09:24,y2308,y2308,7652.0,0.0,0.0,0.0,21,7648.0,7652.0,2,7644.0,7678.0,7678.0,7640.0,201.0,15388340.0,96933
2023-05-09 21:09:25,y2308,y2308,7652.0,0.0,0.0,0.0,31,7648.0,7652.0,2,7644.0,7678.0,7678.0,7640.0,201.0,15388340.0,96933
2023-05-09 21:09:25,y2308,y2308,7652.0,0.0,0.0,0.0,36,7648.0,7652.0,7,7644.0,7678.0,7678.0,7640.0,201.0,15388340.0,96933
2023-05-09 21:09:26,y2308,y2308,7652.0,0.0,0.0,0.0,26,7648.0,7652.0,7,7644.0,7678.0,7678.0,7640.0,201.0,15388340.0,96933
2023-05-09 21:09:26,y2308,y2308,7652.0,0.0,0.0,0.0,21,7648.0,7652.0,2,7644.0,7678.0,7678.0,7640.0,201.0,15388340.0,96933
2023-05-09 21:09:29,y2308,y2308,7652.0,0.0,0.0,0.0,21,7648.0,7652.0,7,7644.0,7678.0,7678.0,7640.0,201.0,15388340.0,96933
2023-05-09 21:09:30,y2308,y2308,7652.0,0.0,0.0,0.0,19,7648.0,7652.0,22,7644.0,7678.0,7678.0,7640.0,201.0,15388340.0,96933
2023-05-09 21:09:30,y2308,y2308,7652.0,0.0,0.0,0.0,15,7648.0,7650.0,5,7644.0,7678.0,7678.0,7640.0,201.0,15388340.0,96933
2023-05-09 21:09:31,y2308,y2308,7652.0,0.0,0.0,0.0,55,7646.0,7650.0,5,7644.0,7678.0,7678.0,7640.0,201.0,15388340.0,96933
2023-05-09 21:09:32,y2308,y2308,7652.0,0.0,0.0,0.0,46,7646.0,7650.0,5,7644.0,7678.0,7678.0,7640.0,201.0,15388340.0,96933
2023-05-09 21:09:34,y2308,y2308,7652.0,0.0,0.0,0.0,5,7648.0,7650.0,5,7644.0,7678.0,7678.0,7640.0,201.0,15388340.0,96933
2023-05-09 21:09:34,y2308,y2308,7650.0,3.0,229500.0,-3.0,5,7648.0,7652.0,50,7644.0,7678.0,7678.0,7640.0,204.0,15617840.0,96930
2023-05-09 21:09:35,y2308,y2308,7650.0,0.0,0.0,0.0,18,7648.0,7652.0,42,7644.0,7678.0,7678.0,7640.0,204.0,15617840.0,96930
2023-05-09 21:09:35,y2308,y2308,7650.0,0.0,0.0,0.0,19,7648.0,7652.0,43,7644.0,7678.0,7678.0,7640.0,204.0,15617840.0,96930
2023-05-09 21:09:40,y2308,y2308,7650.0,0.0,0.0,0.0,19,7648.0,7652.0,38,7644.0,7678.0,7678.0,7640.0,204.0,15617840.0,96930
2023-05-09 21:09:47,y2308,y2308,7650.0,0.0,0.0,0.0,18,7648.0,7652.0,38,7644.0,7678.0,7678.0,7640.0,204.0,15617840.0,96930
2023-05-09 21:09:49,y2308,y2308,7650.0,0.0,0.0,0.0,55,7646.0,7650.0,5,7644.0,7678.0,7678.0,7640.0,204.0,15617840.0,96930
2023-05-09 21:09:50,y2308,y2308,7650.0,0.0,0.0,0.0,5,7648.0,7652.0,38,7644.0,7678.0,7678.0,7640.0,204.0,15617840.0,96930
2023-05-09 21:09:50,y2308,y2308,7650.0,0.0,0.0,0.0,75,7646.0,7652.0,33,7644.0,7678.0,7678.0,7640.0,204.0,15617840.0,96930
2023-05-09 21:09:50,y2308,y2308,7650.0,0.0,0.0,0.0,75,7646.0,7652.0,38,7644.0,7678.0,7678.0,7640.0,204.0,15617840.0,96930
2023-05-09 21:09:51,y2308,y2308,7650.0,0.0,0.0,0.0,75,7646.0,7652.0,33,7644.0,7678.0,7678.0,7640.0,204.0,15617840.0,96930
2023-05-09 21:10:00,y2308,y2308,7650.0,0.0,0.0,0.0,45,7646.0,7650.0,10,7644.0,7678.0,7678.0,7640.0,204.0,15617840.0,96930
2023-05-09 21:10:00,y2308,y2308,7650.0,0.0,0.0,0.0,25,7646.0,7650.0,13,7644.0,7678.0,7678.0,7640.0,204.0,15617840.0,96930
2023-05-09 21:10:01,y2308,y2308,7650.0,4.0,306000.0,-3.0,37,7646.0,7650.0,7,7644.0,7678.0,7678.0,7640.0,208.0,15923840.0,96927
2023-05-09 21:10:01,y2308,y2308,7650.0,0.0,0.0,0.0,10,7648.0,7652.0,48,7644.0,7678.0,7678.0,7640.0,208.0,15923840.0,96927
2023-05-09 21:10:02,y2308,y2308,7652.0,2.0,153040.0,1.0,10,7648.0,7652.0,43,7644.0,7678.0,7678.0,7640.0,210.0,16076880.0,96928
2023-05-09 21:10:02,y2308,y2308,7652.0,0.0,0.0,0.0,8,7648.0,7652.0,43,7644.0,7678.0,7678.0,7640.0,210.0,16076880.0,96928
2023-05-09 21:10:03,y2308,y2308,7652.0,0.0,0.0,0.0,23,7648.0,7652.0,10,7644.0,7678.0,7678.0,7640.0,210.0,16076880.0,96928
2023-05-09 21:10:03,y2308,y2308,7652.0,0.0,0.0,0.0,16,7650.0,7654.0,38,7644.0,7678.0,7678.0,7640.0,210.0,16076880.0,96928
2023-05-09 21:10:04,y2308,y2308,7652.0,0.0,0.0,0.0,17,7650.0,7654.0,33,7644.0,7678.0,7678.0,7640.0,210.0,16076880.0,96928
2023-05-09 21:10:05,y2308,y2308,7652.0,0.0,0.0,0.0,32,7650.0,7654.0,18,7644.0,7678.0,7678.0,7640.0,210.0,16076880.0,96928
2023-05-09 21:10:06,y2308,y2308,7652.0,0.0,0.0,0.0,47,7650.0,7654.0,11,7644.0,7678.0,7678.0,7640.0,210.0,16076880.0,96928
2023-05-09 21:10:06,y2308,y2308,7652.0,0.0,0.0,0.0,52,7650.0,7654.0,11,7644.0,7678.0,7678.0,7640.0,210.0,16076880.0,96928
2023-05-09 21:10:07,y2308,y2308,7654.0,11.0,841940.0,-4.0,16,7654.0,7656.0,17,7644.0,7678.0,7678.0,7640.0,221.0,16918820.0,96924
2023-05-09 21:10:07,y2308,y2308,7656.0,17.0,1301520.0,-5.0,20,7656.0,7658.0,27,7644.0,7678.0,7678.0,7640.0,238.0,18220340.0,96919
2023-05-09 21:10:08,y2308,y2308,7656.0,0.0,0.0,0.0,15,7656.0,7658.0,22,7644.0,7678.0,7678.0,7640.0,238.0,18220340.0,96919
2023-05-09 21:10:09,y2308,y2308,7656.0,0.0,0.0,0.0,15,7656.0,7658.0,20,7644.0,7678.0,7678.0,7640.0,238.0,18220340.0,96919
2023-05-09 21:10:09,y2308,y2308,7656.0,0.0,0.0,0.0,15,7656.0,7658.0,15,7644.0,7678.0,7678.0,7640.0,238.0,18220340.0,96919
2023-05-09 21:10:10,y2308,y2308,7656.0,0.0,0.0,0.0,15,7656.0,7658.0,16,7644.0,7678.0,7678.0,7640.0,238.0,18220340.0,96919
2023-05-09 21:10:12,y2308,y2308,7656.0,15.0,1148400.0,15.0,32,7654.0,7656.0,10,7644.0,7678.0,7678.0,7640.0,253.0,19368740.0,96934
2023-05-09 21:10:12,y2308,y2308,7656.0,0.0,0.0,0.0,23,7654.0,7656.0,15,7644.0,7678.0,7678.0,7640.0,253.0,19368740.0,96934
2023-05-09 21:10:15,y2308,y2308,7656.0,0.0,0.0,0.0,23,7654.0,7656.0,10,7644.0,7678.0,7678.0,7640.0,253.0,19368740.0,96934
2023-05-09 21:10:17,y2308,y2308,7656.0,0.0,0.0,0.0,18,7654.0,7656.0,5,7644.0,7678.0,7678.0,7640.0,253.0,19368740.0,96934
2023-05-09 21:10:18,y2308,y2308,7656.0,1.0,76560.0,-1.0,18,7654.0,7656.0,4,7644.0,7678.0,7678.0,7640.0,254.0,19445300.0,96933
2023-05-09 21:10:23,y2308,y2308,7656.0,0.0,0.0,0.0,41,7654.0,7656.0,4,7644.0,7678.0,7678.0,7640.0,254.0,19445300.0,96933
2023-05-09 21:10:23,y2308,y2308,7656.0,0.0,0.0,0.0,47,7654.0,7656.0,4,7644.0,7678.0,7678.0,7640.0,254.0,19445300.0,96933
2023-05-09 21:10:27,y2308,y2308,7656.0,0.0,0.0,0.0,52,7654.0,7656.0,4,7644.0,7678.0,7678.0,7640.0,254.0,19445300.0,96933
2023-05-09 21:10:30,y2308,y2308,7656.0,4.0,306240.0,-4.0,14,7656.0,7660.0,45,7644.0,7678.0,7678.0,7640.0,258.0,19751540.0,96929
2023-05-09 21:10:30,y2308,y2308,7660.0,4.0,306400.0,0.0,25,7656.0,7660.0,21,7644.0,7678.0,7678.0,7640.0,262.0,20057940.0,96929
2023-05-09 21:10:31,y2308,y2308,7660.0,0.0,0.0,0.0,29,7656.0,7660.0,13,7644.0,7678.0,7678.0,7640.0,262.0,20057940.0,96929
2023-05-09 21:10:32,y2308,y2308,7660.0,0.0,0.0,0.0,29,7656.0,7660.0,11,7644.0,7678.0,7678.0,7640.0,262.0,20057940.0,96929
2023-05-09 21:10:33,y2308,y2308,7660.0,0.0,0.0,0.0,29,7656.0,7660.0,18,7644.0,7678.0,7678.0,7640.0,262.0,20057940.0,96929
2023-05-09 21:10:34,y2308,y2308,7660.0,0.0,0.0,0.0,29,7656.0,7660.0,16,7644.0,7678.0,7678.0,7640.0,262.0,20057940.0,96929
2023-05-09 21:10:35,y2308,y2308,7660.0,0.0,0.0,0.0,29,7656.0,7660.0,11,7644.0,7678.0,7678.0,7640.0,262.0,20057940.0,96929
2023-05-09 21:10:38,y2308,y2308,7660.0,0.0,0.0,0.0,29,7656.0,7660.0,16,7644.0,7678.0,7678.0,7640.0,262.0,20057940.0,96929
2023-05-09 21:10:40,y2308,y2308,7660.0,0.0,0.0,0.0,5,7658.0,7660.0,5,7644.0,7678.0,7678.0,7640.0,262.0,20057940.0,96929
2023-05-09 21:10:41,y2308,y2308,7660.0,0.0,0.0,0.0,15,7658.0,7662.0,34,7644.0,7678.0,7678.0,7640.0,262.0,20057940.0,96929
2023-05-09 21:10:41,y2308,y2308,7660.0,0.0,0.0,0.0,21,7658.0,7662.0,28,7644.0,7678.0,7678.0,7640.0,262.0,20057940.0,96929
2023-05-09 21:10:42,y2308,y2308,7660.0,0.0,0.0,0.0,26,7658.0,7662.0,8,7644.0,7678.0,7678.0,7640.0,262.0,20057940.0,96929
2023-05-09 21:10:42,y2308,y2308,7660.0,0.0,0.0,0.0,32,7658.0,7662.0,9,7644.0,7678.0,7678.0,7640.0,262.0,20057940.0,96929
2023-05-09 21:10:43,y2308,y2308,7660.0,0.0,0.0,0.0,37,7658.0,7662.0,16,7644.0,7678.0,7678.0,7640.0,262.0,20057940.0,96929
2023-05-09 21:10:44,y2308,y2308,7660.0,0.0,0.0,0.0,46,7658.0,7662.0,10,7644.0,7678.0,7678.0,7640.0,262.0,20057940.0,96929
2023-05-09 21:10:44,y2308,y2308,7660.0,0.0,0.0,0.0,61,7658.0,7664.0,45,7644.0,7678.0,7678.0,7640.0,262.0,20057940.0,96929
2023-05-09 21:10:45,y2308,y2308,7660.0,0.0,0.0,0.0,5,7660.0,7664.0,33,7644.0,7678.0,7678.0,7640.0,262.0,20057940.0,96929
2023-05-09 21:10:45,y2308,y2308,7660.0,0.0,0.0,0.0,52,7658.0,7662.0,10,7644.0,7678.0,7678.0,7640.0,262.0,20057940.0,96929
2023-05-09 21:10:46,y2308,y2308,7660.0,0.0,0.0,0.0,37,7658.0,7662.0,22,7644.0,7678.0,7678.0,7640.0,262.0,20057940.0,96929
2023-05-09 21:10:46,y2308,y2308,7660.0,0.0,0.0,0.0,32,7658.0,7662.0,20,7644.0,7678.0,7678.0,7640.0,262.0,20057940.0,96929
2023-05-09 21:10:46,y2308,y2308,7660.0,0.0,0.0,0.0,32,7658.0,7662.0,22,7644.0,7678.0,7678.0,7640.0,262.0,20057940.0,96929
2023-05-09 21:10:47,y2308,y2308,7660.0,0.0,0.0,0.0,32,7658.0,7662.0,20,7644.0,7678.0,7678.0,7640.0,262.0,20057940.0,96929
2023-05-09 21:10:48,y2308,y2308,7660.0,0.0,0.0,0.0,37,7658.0,7662.0,11,7644.0,7678.0,7678.0,7640.0,262.0,20057940.0,96929
2023-05-09 21:10:48,y2308,y2308,7660.0,0.0,0.0,0.0,37,7658.0,7662.0,18,7644.0,7678.0,7678.0,7640.0,262.0,20057940.0,96929
2023-05-09 21:10:49,y2308,y2308,7660.0,0.0,0.0,0.0,37,7658.0,7662.0,16,7644.0,7678.0,7678.0,7640.0,262.0,20057940.0,96929
2023-05-09 21:10:51,y2308,y2308,7660.0,0.0,0.0,0.0,37,7658.0,7662.0,18,7644.0,7678.0,7678.0,7640.0,262.0,20057940.0,96929
2023-05-09 21:10:52,y2308,y2308,7660.0,0.0,0.0,0.0,37,7658.0,7662.0,16,7644.0,7678.0,7678.0,7640.0,262.0,20057940.0,96929
2023-05-09 21:10:53,y2308,y2308,7660.0,0.0,0.0,0.0,47,7658.0,7662.0,11,7644.0,7678.0,7678.0,7640.0,262.0,20057940.0,96929
2023-05-09 21:10:53,y2308,y2308,7660.0,0.0,0.0,0.0,42,7658.0,7662.0,16,7644.0,7678.0,7678.0,7640.0,262.0,20057940.0,96929
2023-05-09 21:10:54,y2308,y2308,7660.0,0.0,0.0,0.0,47,7658.0,7662.0,11,7644.0,7678.0,7678.0,7640.0,262.0,20057940.0,96929
2023-05-09 21:10:54,y2308,y2308,7660.0,0.0,0.0,0.0,5,7660.0,7662.0,6,7644.0,7678.0,7678.0,7640.0,262.0,20057940.0,96929
2023-05-09 21:10:55,y2308,y2308,7660.0,0.0,0.0,0.0,1,7660.0,7664.0,45,7644.0,7678.0,7678.0,7640.0,262.0,20057940.0,96929
2023-05-09 21:10:55,y2308,y2308,7660.0,0.0,0.0,0.0,6,7660.0,7664.0,35,7644.0,7678.0,7678.0,7640.0,262.0,20057940.0,96929
2023-05-09 21:10:57,y2308,y2308,7660.0,0.0,0.0,0.0,6,7660.0,7664.0,45,7644.0,7678.0,7678.0,7640.0,262.0,20057940.0,96929
2023-05-09 21:10:59,y2308,y2308,7660.0,0.0,0.0,0.0,6,7660.0,7664.0,50,7644.0,7678.0,7678.0,7640.0,262.0,20057940.0,96929
2023-05-09 21:11:00,y2308,y2308,7660.0,0.0,0.0,0.0,6,7660.0,7664.0,39,7644.0,7678.0,7678.0,7640.0,262.0,20057940.0,96929
2023-05-09 21:11:00,y2308,y2308,7660.0,0.0,0.0,0.0,1,7660.0,7664.0,45,7644.0,7678.0,7678.0,7640.0,262.0,20057940.0,96929
2023-05-09 21:11:01,y2308,y2308,7660.0,0.0,0.0,0.0,1,7660.0,7662.0,5,7644.0,7678.0,7678.0,7640.0,262.0,20057940.0,96929
2023-05-09 21:11:01,y2308,y2308,7660.0,0.0,0.0,0.0,1,7660.0,7662.0,8,7644.0,7678.0,7678.0,7640.0,262.0,20057940.0,96929
2023-05-09 21:11:01,y2308,y2308,7660.0,0.0,0.0,0.0,1,7660.0,7662.0,7,7644.0,7678.0,7678.0,7640.0,262.0,20057940.0,96929
2023-05-09 21:11:03,y2308,y2308,7660.0,0.0,0.0,0.0,12,7660.0,7664.0,30,7644.0,7678.0,7678.0,7640.0,262.0,20057940.0,96929
2023-05-09 21:11:03,y2308,y2308,7660.0,0.0,0.0,0.0,13,7660.0,7664.0,18,7644.0,7678.0,7678.0,7640.0,262.0,20057940.0,96929
2023-05-09 21:11:04,y2308,y2308,7660.0,0.0,0.0,0.0,12,7660.0,7666.0,67,7644.0,7678.0,7678.0,7640.0,262.0,20057940.0,96929
2023-05-09 21:11:04,y2308,y2308,7660.0,0.0,0.0,0.0,16,7662.0,7664.0,2,7644.0,7678.0,7678.0,7640.0,262.0,20057940.0,96929
2023-05-09 21:11:05,y2308,y2308,7660.0,0.0,0.0,0.0,27,7662.0,7666.0,34,7644.0,7678.0,7678.0,7640.0,262.0,20057940.0,96929
2023-05-09 21:11:05,y2308,y2308,7660.0,0.0,0.0,0.0,27,7662.0,7666.0,14,7644.0,7678.0,7678.0,7640.0,262.0,20057940.0,96929
2023-05-09 21:11:06,y2308,y2308,7660.0,0.0,0.0,0.0,36,7662.0,7666.0,13,7644.0,7678.0,7678.0,7640.0,262.0,20057940.0,96929
2023-05-09 21:11:06,y2308,y2308,7660.0,0.0,0.0,0.0,47,7662.0,7666.0,14,7644.0,7678.0,7678.0,7640.0,262.0,20057940.0,96929
2023-05-09 21:11:07,y2308,y2308,7660.0,0.0,0.0,0.0,52,7662.0,7666.0,7,7644.0,7678.0,7678.0,7640.0,262.0,20057940.0,96929
2023-05-09 21:11:07,y2308,y2308,7660.0,0.0,0.0,0.0,47,7662.0,7666.0,6,7644.0,7678.0,7678.0,7640.0,262.0,20057940.0,96929
2023-05-09 21:11:10,y2308,y2308,7660.0,0.0,0.0,0.0,41,7662.0,7666.0,6,7644.0,7678.0,7678.0,7640.0,262.0,20057940.0,96929
2023-05-09 21:11:12,y2308,y2308,7660.0,0.0,0.0,0.0,46,7662.0,7666.0,6,7644.0,7678.0,7678.0,7640.0,262.0,20057940.0,96929
2023-05-09 21:11:13,y2308,y2308,7660.0,0.0,0.0,0.0,46,7662.0,7666.0,13,7644.0,7678.0,7678.0,7640.0,262.0,20057940.0,96929
2023-05-09 21:11:14,y2308,y2308,7660.0,0.0,0.0,0.0,30,7662.0,7664.0,5,7644.0,7678.0,7678.0,7640.0,262.0,20057940.0,96929
2023-05-09 21:11:14,y2308,y2308,7660.0,0.0,0.0,0.0,16,7662.0,7664.0,10,7644.0,7678.0,7678.0,7640.0,262.0,20057940.0,96929
2023-05-09 21:11:15,y2308,y2308,7662.0,1.0,76620.0,-1.0,5,7662.0,7664.0,8,7644.0,7678.0,7678.0,7640.0,263.0,20134560.0,96928
2023-05-09 21:11:15,y2308,y2308,7662.0,0.0,0.0,0.0,4,7662.0,7664.0,8,7644.0,7678.0,7678.0,7640.0,263.0,20134560.0,96928
2023-05-09 21:11:18,y2308,y2308,7662.0,0.0,0.0,0.0,4,7662.0,7664.0,10,7644.0,7678.0,7678.0,7640.0,263.0,20134560.0,96928
2023-05-09 21:11:19,y2308,y2308,7662.0,4.0,306480.0,-4.0,11,7660.0,7664.0,27,7644.0,7678.0,7678.0,7640.0,267.0,20441040.0,96924
2023-05-09 21:11:19,y2308,y2308,7662.0,0.0,0.0,0.0,6,7660.0,7664.0,43,7644.0,7678.0,7678.0,7640.0,267.0,20441040.0,96924
2023-05-09 21:11:20,y2308,y2308,7662.0,0.0,0.0,0.0,1,7660.0,7662.0,9,7644.0,7678.0,7678.0,7640.0,267.0,20441040.0,96924
2023-05-09 21:11:20,y2308,y2308,7662.0,0.0,0.0,0.0,1,7660.0,7662.0,10,7644.0,7678.0,7678.0,7640.0,267.0,20441040.0,96924
2023-05-09 21:11:21,y2308,y2308,7662.0,0.0,0.0,0.0,1,7660.0,7664.0,65,7644.0,7678.0,7678.0,7640.0,267.0,20441040.0,96924
2023-05-09 21:11:21,y2308,y2308,7662.0,0.0,0.0,0.0,1,7660.0,7662.0,10,7644.0,7678.0,7678.0,7640.0,267.0,20441040.0,96924
2023-05-09 21:11:22,y2308,y2308,7662.0,0.0,0.0,0.0,1,7660.0,7662.0,12,7644.0,7678.0,7678.0,7640.0,267.0,20441040.0,96924
2023-05-09 21:11:22,y2308,y2308,7662.0,0.0,0.0,0.0,1,7660.0,7662.0,15,7644.0,7678.0,7678.0,7640.0,267.0,20441040.0,96924
2023-05-09 21:11:24,y2308,y2308,7662.0,0.0,0.0,0.0,1,7660.0,7662.0,13,7644.0,7678.0,7678.0,7640.0,267.0,20441040.0,96924
2023-05-09 21:11:25,y2308,y2308,7660.0,1.0,76600.0,0.0,36,7658.0,7662.0,20,7644.0,7678.0,7678.0,7640.0,268.0,20517640.0,96924
2023-05-09 21:11:25,y2308,y2308,7660.0,0.0,0.0,0.0,39,7658.0,7662.0,20,7644.0,7678.0,7678.0,7640.0,268.0,20517640.0,96924
2023-05-09 21:11:26,y2308,y2308,7660.0,0.0,0.0,0.0,39,7658.0,7662.0,18,7644.0,7678.0,7678.0,7640.0,268.0,20517640.0,96924
2023-05-09 21:11:27,y2308,y2308,7660.0,0.0,0.0,0.0,39,7658.0,7662.0,20,7644.0,7678.0,7678.0,7640.0,268.0,20517640.0,96924
2023-05-09 21:11:27,y2308,y2308,7660.0,0.0,0.0,0.0,5,7658.0,7660.0,12,7644.0,7678.0,7678.0,7640.0,268.0,20517640.0,96924
2023-05-09 21:11:28,y2308,y2308,7660.0,0.0,0.0,0.0,31,7656.0,7660.0,20,7644.0,7678.0,7678.0,7640.0,268.0,20517640.0,96924
2023-05-09 21:11:28,y2308,y2308,7660.0,0.0,0.0,0.0,21,7656.0,7660.0,15,7644.0,7678.0,7678.0,7640.0,268.0,20517640.0,96924
2023-05-09 21:11:29,y2308,y2308,7660.0,0.0,0.0,0.0,21,7656.0,7660.0,10,7644.0,7678.0,7678.0,7640.0,268.0,20517640.0,96924
2023-05-09 21:11:31,y2308,y2308,7660.0,0.0,0.0,0.0,10,7656.0,7660.0,34,7644.0,7678.0,7678.0,7640.0,268.0,20517640.0,96924
2023-05-09 21:11:31,y2308,y2308,7660.0,0.0,0.0,0.0,55,7654.0,7660.0,53,7644.0,7678.0,7678.0,7640.0,268.0,20517640.0,96924
2023-05-09 21:11:32,y2308,y2308,7660.0,0.0,0.0,0.0,55,7654.0,7660.0,55,7644.0,7678.0,7678.0,7640.0,268.0,20517640.0,96924
2023-05-09 21:11:32,y2308,y2308,7660.0,0.0,0.0,0.0,10,7656.0,7660.0,54,7644.0,7678.0,7678.0,7640.0,268.0,20517640.0,96924
2023-05-09 21:11:33,y2308,y2308,7660.0,0.0,0.0,0.0,16,7656.0,7660.0,33,7644.0,7678.0,7678.0,7640.0,268.0,20517640.0,96924
2023-05-09 21:11:33,y2308,y2308,7660.0,0.0,0.0,0.0,16,7656.0,7660.0,23,7644.0,7678.0,7678.0,7640.0,268.0,20517640.0,96924
2023-05-09 21:11:34,y2308,y2308,7660.0,0.0,0.0,0.0,5,7656.0,7660.0,28,7644.0,7678.0,7678.0,7640.0,268.0,20517640.0,96924
2023-05-09 21:11:34,y2308,y2308,7660.0,0.0,0.0,0.0,76,7654.0,7660.0,42,7644.0,7678.0,7678.0,7640.0,268.0,20517640.0,96924
2023-05-09 21:11:34,y2308,y2308,7660.0,0.0,0.0,0.0,76,7654.0,7660.0,47,7644.0,7678.0,7678.0,7640.0,268.0,20517640.0,96924
2023-05-09 21:11:37,y2308,y2308,7660.0,0.0,0.0,0.0,71,7654.0,7660.0,52,7644.0,7678.0,7678.0,7640.0,268.0,20517640.0,96924
2023-05-09 21:11:38,y2308,y2308,7660.0,0.0,0.0,0.0,76,7654.0,7660.0,52,7644.0,7678.0,7678.0,7640.0,268.0,20517640.0,96924
2023-05-09 21:11:39,y2308,y2308,7660.0,0.0,0.0,0.0,76,7654.0,7660.0,51,7644.0,7678.0,7678.0,7640.0,268.0,20517640.0,96924
2023-05-09 21:11:42,y2308,y2308,7660.0,0.0,0.0,0.0,40,7654.0,7658.0,5,7644.0,7678.0,7678.0,7640.0,268.0,20517640.0,96924
2023-05-09 21:11:42,y2308,y2308,7660.0,0.0,0.0,0.0,41,7654.0,7658.0,18,7644.0,7678.0,7678.0,7640.0,268.0,20517640.0,96924
2023-05-09 21:11:43,y2308,y2308,7660.0,0.0,0.0,0.0,37,7654.0,7658.0,21,7644.0,7678.0,7678.0,7640.0,268.0,20517640.0,96924
2023-05-09 21:11:43,y2308,y2308,7660.0,0.0,0.0,0.0,31,7654.0,7658.0,23,7644.0,7678.0,7678.0,7640.0,268.0,20517640.0,96924
2023-05-09 21:11:44,y2308,y2308,7660.0,0.0,0.0,0.0,26,7654.0,7658.0,18,7644.0,7678.0,7678.0,7640.0,268.0,20517640.0,96924
2023-05-09 21:11:58,y2308,y2308,7660.0,0.0,0.0,0.0,32,7654.0,7658.0,13,7644.0,7678.0,7678.0,7640.0,268.0,20517640.0,96924
2023-05-09 21:11:58,y2308,y2308,7660.0,0.0,0.0,0.0,21,7654.0,7658.0,28,7644.0,7678.0,7678.0,7640.0,268.0,20517640.0,96924
2023-05-09 21:11:59,y2308,y2308,7660.0,0.0,0.0,0.0,16,7654.0,7658.0,23,7644.0,7678.0,7678.0,7640.0,268.0,20517640.0,96924
2023-05-09 21:12:02,y2308,y2308,7660.0,0.0,0.0,0.0,37,7654.0,7658.0,8,7644.0,7678.0,7678.0,7640.0,268.0,20517640.0,96924
2023-05-09 21:12:03,y2308,y2308,7660.0,0.0,0.0,0.0,21,7654.0,7658.0,22,7644.0,7678.0,7678.0,7640.0,268.0,20517640.0,96924
2023-05-09 21:12:03,y2308,y2308,7660.0,0.0,0.0,0.0,16,7654.0,7658.0,23,7644.0,7678.0,7678.0,7640.0,268.0,20517640.0,96924
2023-05-09 21:12:04,y2308,y2308,7660.0,0.0,0.0,0.0,16,7654.0,7658.0,35,7644.0,7678.0,7678.0,7640.0,268.0,20517640.0,96924
2023-05-09 21:12:04,y2308,y2308,7660.0,0.0,0.0,0.0,16,7654.0,7658.0,55,7644.0,7678.0,7678.0,7640.0,268.0,20517640.0,96924
2023-05-09 21:12:04,y2308,y2308,7660.0,0.0,0.0,0.0,16,7654.0,7658.0,60,7644.0,7678.0,7678.0,7640.0,268.0,20517640.0,96924
2023-05-09 21:12:07,y2308,y2308,7654.0,16.0,1224640.0,6.0,55,7652.0,7654.0,1,7644.0,7678.0,7678.0,7640.0,284.0,21742280.0,96930
2023-05-09 21:12:07,y2308,y2308,7654.0,0.0,0.0,0.0,24,7652.0,7656.0,28,7644.0,7678.0,7678.0,7640.0,284.0,21742280.0,96930
2023-05-09 21:12:08,y2308,y2308,7654.0,0.0,0.0,0.0,11,7652.0,7656.0,33,7644.0,7678.0,7678.0,7640.0,284.0,21742280.0,96930
2023-05-09 21:12:08,y2308,y2308,7654.0,0.0,0.0,0.0,11,7652.0,7656.0,45,7644.0,7678.0,7678.0,7640.0,284.0,21742280.0,96930
