time,symbol_id,symbol_name,last,trade_volume,trade_amount,open_interest_change,bv1,bp1,ap1,av1,yesterday_close,today_open,today_high,today_low,volume,amount,open_interest
2023-05-09 20:59:00,y2312,y2312,7674.0,1.0,76740.0,-1.0,1,7646.0,7674.0,2,7610.0,7674.0,7674.0,7674.0,1.0,76740.0,34030
2023-05-09 21:00:00,y2312,y2312,7674.0,0.0,0.0,0.0,1,7646.0,7670.0,2,7610.0,7674.0,7674.0,7674.0,1.0,76740.0,34030
2023-05-09 21:00:00,y2312,y2312,7622.0,3.0,229100.0,3.0,5,7610.0,7638.0,4,7610.0,7674.0,7674.0,7622.0,4.0,305840.0,34033
2023-05-09 21:00:01,y2312,y2312,7622.0,4.0,304880.0,0.0,6,7612.0,7622.0,1,7610.0,7674.0,7674.0,7622.0,8.0,610720.0,34033
2023-05-09 21:00:01,y2312,y2312,7622.0,3.0,228660.0,0.0,1,7622.0,7636.0,4,7610.0,7674.0,7674.0,7622.0,11.0,839380.0,34033
2023-05-09 21:00:02,y2312,y2312,7620.0,9.0,685740.0,1.0,5,7620.0,7628.0,2,7610.0,7674.0,7674.0,7618.0,20.0,1525120.0,34034
2023-05-09 21:00:02,y2312,y2312,7620.0,0.0,0.0,0.0,1,7622.0,7628.0,6,7610.0,7674.0,7674.0,7618.0,20.0,1525120.0,34034
2023-05-09 21:00:03,y2312,y2312,7620.0,0.0,0.0,0.0,1,7622.0,7630.0,5,7610.0,7674.0,7674.0,7618.0,20.0,1525120.0,34034
2023-05-09 21:00:03,y2312,y2312,7620.0,0.0,0.0,0.0,5,7622.0,7630.0,5,7610.0,7674.0,7674.0,7618.0,20.0,1525120.0,34034
2023-05-09 21:00:04,y2312,y2312,7620.0,0.0,0.0,0.0,5,7622.0,7626.0,5,7610.0,7674.0,7674.0,7618.0,20.0,1525120.0,34034
2023-05-09 21:00:05,y2312,y2312,7620.0,0.0,0.0,0.0,5,7622.0,7624.0,1,7610.0,7674.0,7674.0,7618.0,20.0,1525120.0,34034
2023-05-09 21:00:05,y2312,y2312,7620.0,0.0,0.0,0.0,5,7622.0,7630.0,6,7610.0,7674.0,7674.0,7618.0,20.0,1525120.0,34034
2023-05-09 21:00:06,y2312,y2312,7620.0,0.0,0.0,0.0,6,7622.0,7626.0,2,7610.0,7674.0,7674.0,7618.0,20.0,1525120.0,34034
2023-05-09 21:00:06,y2312,y2312,7620.0,0.0,0.0,0.0,2,7622.0,7626.0,1,7610.0,7674.0,7674.0,7618.0,20.0,1525120.0,34034
2023-05-09 21:00:07,y2312,y2312,7622.0,1.0,76220.0,0.0,1,7622.0,7630.0,5,7610.0,7674.0,7674.0,7618.0,21.0,1601340.0,34034
2023-05-09 21:00:07,y2312,y2312,7622.0,0.0,0.0,0.0,1,7620.0,7628.0,6,7610.0,7674.0,7674.0,7618.0,21.0,1601340.0,34034
2023-05-09 21:00:08,y2312,y2312,7622.0,0.0,0.0,0.0,1,7620.0,7626.0,1,7610.0,7674.0,7674.0,7618.0,21.0,1601340.0,34034
2023-05-09 21:00:08,y2312,y2312,7622.0,0.0,0.0,0.0,1,7620.0,7624.0,1,7610.0,7674.0,7674.0,7618.0,21.0,1601340.0,34034
2023-05-09 21:00:09,y2312,y2312,7622.0,0.0,0.0,0.0,1,7622.0,7624.0,1,7610.0,7674.0,7674.0,7618.0,21.0,1601340.0,34034
2023-05-09 21:00:10,y2312,y2312,7622.0,1.0,76220.0,-1.0,1,7620.0,7624.0,2,7610.0,7674.0,7674.0,7618.0,22.0,1677560.0,34033
2023-05-09 21:00:10,y2312,y2312,7622.0,0.0,0.0,0.0,6,7618.0,7624.0,2,7610.0,7674.0,7674.0,7618.0,22.0,1677560.0,34033
2023-05-09 21:00:11,y2312,y2312,7622.0,0.0,0.0,0.0,1,7620.0,7622.0,1,7610.0,7674.0,7674.0,7618.0,22.0,1677560.0,34033
2023-05-09 21:00:11,y2312,y2312,7622.0,0.0,0.0,0.0,1,7620.0,7624.0,6,7610.0,7674.0,7674.0,7618.0,22.0,1677560.0,34033
2023-05-09 21:00:12,y2312,y2312,7622.0,0.0,0.0,0.0,1,7618.0,7624.0,7,7610.0,7674.0,7674.0,7618.0,22.0,1677560.0,34033
2023-05-09 21:00:12,y2312,y2312,7622.0,0.0,0.0,0.0,6,7616.0,7622.0,1,7610.0,7674.0,7674.0,7618.0,22.0,1677560.0,34033
2023-05-09 21:00:13,y2312,y2312,7622.0,0.0,0.0,0.0,1,7618.0,7620.0,1,7610.0,7674.0,7674.0,7618.0,22.0,1677560.0,34033
2023-05-09 21:00:14,y2312,y2312,7618.0,4.0,304740.0,-1.0,2,7618.0,7624.0,6,7610.0,7674.0,7674.0,7618.0,26.0,1982300.0,34032
2023-05-09 21:00:14,y2312,y2312,7618.0,0.0,0.0,0.0,14,7618.0,7624.0,6,7610.0,7674.0,7674.0,7618.0,26.0,1982300.0,34032
2023-05-09 21:00:15,y2312,y2312,7618.0,0.0,0.0,0.0,9,7620.0,7624.0,1,7610.0,7674.0,7674.0,7618.0,26.0,1982300.0,34032
2023-05-09 21:00:17,y2312,y2312,7618.0,0.0,0.0,0.0,14,7620.0,7624.0,1,7610.0,7674.0,7674.0,7618.0,26.0,1982300.0,34032
2023-05-09 21:00:17,y2312,y2312,7624.0,1.0,76240.0,-1.0,29,7620.0,7628.0,5,7610.0,7674.0,7674.0,7618.0,27.0,2058540.0,34031
2023-05-09 21:00:18,y2312,y2312,7624.0,0.0,0.0,0.0,20,7620.0,7626.0,12,7610.0,7674.0,7674.0,7618.0,27.0,2058540.0,34031
2023-05-09 21:00:18,y2312,y2312,7624.0,0.0,0.0,0.0,10,7618.0,7624.0,5,7610.0,7674.0,7674.0,7618.0,27.0,2058540.0,34031
2023-05-09 21:00:19,y2312,y2312,7624.0,0.0,0.0,0.0,10,7618.0,7624.0,7,7610.0,7674.0,7674.0,7618.0,27.0,2058540.0,34031
2023-05-09 21:00:20,y2312,y2312,7624.0,0.0,0.0,0.0,5,7620.0,7624.0,2,7610.0,7674.0,7674.0,7618.0,27.0,2058540.0,34031
2023-05-09 21:00:21,y2312,y2312,7624.0,0.0,0.0,0.0,1,7622.0,7626.0,10,7610.0,7674.0,7674.0,7618.0,27.0,2058540.0,34031
2023-05-09 21:00:23,y2312,y2312,7624.0,0.0,0.0,0.0,5,7622.0,7626.0,10,7610.0,7674.0,7674.0,7618.0,27.0,2058540.0,34031
2023-05-09 21:00:24,y2312,y2312,7624.0,0.0,0.0,0.0,5,7622.0,7624.0,5,7610.0,7674.0,7674.0,7618.0,27.0,2058540.0,34031
2023-05-09 21:00:24,y2312,y2312,7624.0,0.0,0.0,0.0,1,7622.0,7624.0,5,7610.0,7674.0,7674.0,7618.0,27.0,2058540.0,34031
2023-05-09 21:00:25,y2312,y2312,7622.0,1.0,76220.0,0.0,10,7618.0,7624.0,10,7610.0,7674.0,7674.0,7618.0,28.0,2134760.0,34031
2023-05-09 21:00:26,y2312,y2312,7622.0,0.0,0.0,0.0,1,7620.0,7624.0,10,7610.0,7674.0,7674.0,7618.0,28.0,2134760.0,34031
2023-05-09 21:00:27,y2312,y2312,7620.0,1.0,76200.0,0.0,9,7618.0,7624.0,10,7610.0,7674.0,7674.0,7618.0,29.0,2210960.0,34031
2023-05-09 21:00:28,y2312,y2312,7620.0,0.0,0.0,0.0,5,7616.0,7622.0,14,7610.0,7674.0,7674.0,7618.0,29.0,2210960.0,34031
2023-05-09 21:00:28,y2312,y2312,7620.0,0.0,0.0,0.0,9,7616.0,7622.0,14,7610.0,7674.0,7674.0,7618.0,29.0,2210960.0,34031
2023-05-09 21:00:30,y2312,y2312,7620.0,0.0,0.0,0.0,9,7616.0,7620.0,5,7610.0,7674.0,7674.0,7618.0,29.0,2210960.0,34031
2023-05-09 21:00:31,y2312,y2312,7620.0,0.0,0.0,0.0,10,7614.0,7620.0,10,7610.0,7674.0,7674.0,7618.0,29.0,2210960.0,34031
2023-05-09 21:00:32,y2312,y2312,7620.0,0.0,0.0,0.0,19,7614.0,7620.0,5,7610.0,7674.0,7674.0,7618.0,29.0,2210960.0,34031
2023-05-09 21:00:32,y2312,y2312,7620.0,0.0,0.0,0.0,19,7614.0,7620.0,10,7610.0,7674.0,7674.0,7618.0,29.0,2210960.0,34031
2023-05-09 21:00:33,y2312,y2312,7620.0,0.0,0.0,0.0,14,7614.0,7620.0,10,7610.0,7674.0,7674.0,7618.0,29.0,2210960.0,34031
2023-05-09 21:00:33,y2312,y2312,7620.0,0.0,0.0,0.0,4,7614.0,7618.0,7,7610.0,7674.0,7674.0,7618.0,29.0,2210960.0,34031
2023-05-09 21:00:34,y2312,y2312,7620.0,0.0,0.0,0.0,15,7612.0,7618.0,12,7610.0,7674.0,7674.0,7618.0,29.0,2210960.0,34031
2023-05-09 21:00:34,y2312,y2312,7620.0,0.0,0.0,0.0,19,7612.0,7618.0,12,7610.0,7674.0,7674.0,7618.0,29.0,2210960.0,34031
2023-05-09 21:00:35,y2312,y2312,7620.0,0.0,0.0,0.0,4,7612.0,7616.0,2,7610.0,7674.0,7674.0,7618.0,29.0,2210960.0,34031
2023-05-09 21:00:35,y2312,y2312,7620.0,0.0,0.0,0.0,14,7612.0,7618.0,10,7610.0,7674.0,7674.0,7618.0,29.0,2210960.0,34031
2023-05-09 21:00:36,y2312,y2312,7620.0,0.0,0.0,0.0,9,7612.0,7618.0,10,7610.0,7674.0,7674.0,7618.0,29.0,2210960.0,34031
2023-05-09 21:00:36,y2312,y2312,7620.0,0.0,0.0,0.0,19,7612.0,7618.0,10,7610.0,7674.0,7674.0,7618.0,29.0,2210960.0,34031
2023-05-09 21:00:37,y2312,y2312,7616.0,2.0,152320.0,0.0,14,7614.0,7620.0,10,7610.0,7674.0,7674.0,7616.0,31.0,2363280.0,34031
2023-05-09 21:00:38,y2312,y2312,7616.0,0.0,0.0,0.0,19,7614.0,7620.0,10,7610.0,7674.0,7674.0,7616.0,31.0,2363280.0,34031
2023-05-09 21:00:39,y2312,y2312,7616.0,0.0,0.0,0.0,9,7614.0,7618.0,2,7610.0,7674.0,7674.0,7616.0,31.0,2363280.0,34031
2023-05-09 21:00:39,y2312,y2312,7616.0,0.0,0.0,0.0,14,7614.0,7620.0,10,7610.0,7674.0,7674.0,7616.0,31.0,2363280.0,34031
2023-05-09 21:00:39,y2312,y2312,7616.0,0.0,0.0,0.0,19,7614.0,7620.0,10,7610.0,7674.0,7674.0,7616.0,31.0,2363280.0,34031
2023-05-09 21:00:40,y2312,y2312,7616.0,0.0,0.0,0.0,19,7614.0,7620.0,5,7610.0,7674.0,7674.0,7616.0,31.0,2363280.0,34031
2023-05-09 21:00:41,y2312,y2312,7616.0,0.0,0.0,0.0,15,7616.0,7622.0,10,7610.0,7674.0,7674.0,7616.0,31.0,2363280.0,34031
2023-05-09 21:00:42,y2312,y2312,7616.0,0.0,0.0,0.0,14,7616.0,7622.0,10,7610.0,7674.0,7674.0,7616.0,31.0,2363280.0,34031
2023-05-09 21:00:42,y2312,y2312,7616.0,0.0,0.0,0.0,19,7616.0,7622.0,10,7610.0,7674.0,7674.0,7616.0,31.0,2363280.0,34031
2023-05-09 21:00:43,y2312,y2312,7616.0,0.0,0.0,0.0,19,7616.0,7620.0,2,7610.0,7674.0,7674.0,7616.0,31.0,2363280.0,34031
2023-05-09 21:00:47,y2312,y2312,7616.0,0.0,0.0,0.0,9,7616.0,7620.0,2,7610.0,7674.0,7674.0,7616.0,31.0,2363280.0,34031
2023-05-09 21:00:48,y2312,y2312,7616.0,0.0,0.0,0.0,4,7616.0,7620.0,2,7610.0,7674.0,7674.0,7616.0,31.0,2363280.0,34031
2023-05-09 21:00:48,y2312,y2312,7616.0,0.0,0.0,0.0,5,7616.0,7620.0,2,7610.0,7674.0,7674.0,7616.0,31.0,2363280.0,34031
2023-05-09 21:00:53,y2312,y2312,7616.0,0.0,0.0,0.0,5,7618.0,7620.0,2,7610.0,7674.0,7674.0,7616.0,31.0,2363280.0,34031
2023-05-09 21:00:53,y2312,y2312,7616.0,0.0,0.0,0.0,24,7616.0,7620.0,2,7610.0,7674.0,7674.0,7616.0,31.0,2363280.0,34031
2023-05-09 21:00:54,y2312,y2312,7616.0,0.0,0.0,0.0,29,7616.0,7620.0,2,7610.0,7674.0,7674.0,7616.0,31.0,2363280.0,34031
2023-05-09 21:00:54,y2312,y2312,7616.0,0.0,0.0,0.0,29,7616.0,7622.0,10,7610.0,7674.0,7674.0,7616.0,31.0,2363280.0,34031
2023-05-09 21:00:55,y2312,y2312,7616.0,0.0,0.0,0.0,39,7616.0,7622.0,5,7610.0,7674.0,7674.0,7616.0,31.0,2363280.0,34031
2023-05-09 21:00:57,y2312,y2312,7616.0,0.0,0.0,0.0,14,7618.0,7622.0,5,7610.0,7674.0,7674.0,7616.0,31.0,2363280.0,34031
2023-05-09 21:00:58,y2312,y2312,7616.0,0.0,0.0,0.0,24,7618.0,7624.0,15,7610.0,7674.0,7674.0,7616.0,31.0,2363280.0,34031
2023-05-09 21:00:58,y2312,y2312,7616.0,0.0,0.0,0.0,39,7618.0,7624.0,10,7610.0,7674.0,7674.0,7616.0,31.0,2363280.0,34031
2023-05-09 21:00:59,y2312,y2312,7616.0,0.0,0.0,0.0,44,7618.0,7624.0,5,7610.0,7674.0,7674.0,7616.0,31.0,2363280.0,34031
2023-05-09 21:00:59,y2312,y2312,7616.0,0.0,0.0,0.0,49,7618.0,7624.0,10,7610.0,7674.0,7674.0,7616.0,31.0,2363280.0,34031
2023-05-09 21:01:00,y2312,y2312,7616.0,0.0,0.0,0.0,15,7620.0,7626.0,15,7610.0,7674.0,7674.0,7616.0,31.0,2363280.0,34031
2023-05-09 21:01:01,y2312,y2312,7616.0,0.0,0.0,0.0,9,7620.0,7624.0,7,7610.0,7674.0,7674.0,7616.0,31.0,2363280.0,34031
2023-05-09 21:01:01,y2312,y2312,7616.0,0.0,0.0,0.0,14,7620.0,7624.0,2,7610.0,7674.0,7674.0,7616.0,31.0,2363280.0,34031
2023-05-09 21:01:02,y2312,y2312,7616.0,0.0,0.0,0.0,4,7620.0,7624.0,7,7610.0,7674.0,7674.0,7616.0,31.0,2363280.0,34031
2023-05-09 21:01:02,y2312,y2312,7616.0,0.0,0.0,0.0,19,7620.0,7624.0,2,7610.0,7674.0,7674.0,7616.0,31.0,2363280.0,34031
2023-05-09 21:01:03,y2312,y2312,7616.0,0.0,0.0,0.0,19,7620.0,7626.0,10,7610.0,7674.0,7674.0,7616.0,31.0,2363280.0,34031
2023-05-09 21:01:04,y2312,y2312,7616.0,0.0,0.0,0.0,4,7622.0,7626.0,5,7610.0,7674.0,7674.0,7616.0,31.0,2363280.0,34031
2023-05-09 21:01:04,y2312,y2312,7616.0,0.0,0.0,0.0,29,7620.0,7624.0,2,7610.0,7674.0,7674.0,7616.0,31.0,2363280.0,34031
2023-05-09 21:01:05,y2312,y2312,7616.0,0.0,0.0,0.0,14,7620.0,7624.0,2,7610.0,7674.0,7674.0,7616.0,31.0,2363280.0,34031
2023-05-09 21:01:05,y2312,y2312,7616.0,0.0,0.0,0.0,9,7620.0,7624.0,2,7610.0,7674.0,7674.0,7616.0,31.0,2363280.0,34031
2023-05-09 21:01:06,y2312,y2312,7616.0,0.0,0.0,0.0,4,7622.0,7624.0,2,7610.0,7674.0,7674.0,7616.0,31.0,2363280.0,34031
2023-05-09 21:01:06,y2312,y2312,7620.0,5.0,381000.0,-2.0,16,7620.0,7624.0,2,7610.0,7674.0,7674.0,7616.0,36.0,2744280.0,34029
2023-05-09 21:01:07,y2312,y2312,7620.0,0.0,0.0,0.0,11,7620.0,7624.0,2,7610.0,7674.0,7674.0,7616.0,36.0,2744280.0,34029
2023-05-09 21:01:07,y2312,y2312,7620.0,0.0,0.0,0.0,16,7620.0,7624.0,2,7610.0,7674.0,7674.0,7616.0,36.0,2744280.0,34029
2023-05-09 21:01:10,y2312,y2312,7620.0,0.0,0.0,0.0,5,7620.0,7624.0,7,7610.0,7674.0,7674.0,7616.0,36.0,2744280.0,34029
2023-05-09 21:01:10,y2312,y2312,7620.0,0.0,0.0,0.0,14,7620.0,7624.0,2,7610.0,7674.0,7674.0,7616.0,36.0,2744280.0,34029
2023-05-09 21:01:10,y2312,y2312,7620.0,0.0,0.0,0.0,19,7620.0,7624.0,2,7610.0,7674.0,7674.0,7616.0,36.0,2744280.0,34029
2023-05-09 21:01:12,y2312,y2312,7620.0,1.0,76200.0,-1.0,13,7620.0,7624.0,2,7610.0,7674.0,7674.0,7616.0,37.0,2820480.0,34028
2023-05-09 21:01:12,y2312,y2312,7620.0,0.0,0.0,0.0,8,7620.0,7624.0,7,7610.0,7674.0,7674.0,7616.0,37.0,2820480.0,34028
2023-05-09 21:01:13,y2312,y2312,7620.0,2.0,152400.0,-2.0,2,7620.0,7624.0,2,7610.0,7674.0,7674.0,7616.0,39.0,2972880.0,34026
2023-05-09 21:01:13,y2312,y2312,7620.0,0.0,0.0,0.0,4,7620.0,7624.0,2,7610.0,7674.0,7674.0,7616.0,39.0,2972880.0,34026
2023-05-09 21:01:15,y2312,y2312,7620.0,0.0,0.0,0.0,49,7618.0,7624.0,2,7610.0,7674.0,7674.0,7616.0,39.0,2972880.0,34026
2023-05-09 21:01:15,y2312,y2312,7620.0,0.0,0.0,0.0,44,7618.0,7624.0,7,7610.0,7674.0,7674.0,7616.0,39.0,2972880.0,34026
2023-05-09 21:01:16,y2312,y2312,7618.0,3.0,228540.0,0.0,19,7618.0,7622.0,7,7610.0,7674.0,7674.0,7616.0,42.0,3201420.0,34026
2023-05-09 21:01:16,y2312,y2312,7618.0,0.0,0.0,0.0,9,7618.0,7622.0,7,7610.0,7674.0,7674.0,7616.0,42.0,3201420.0,34026
2023-05-09 21:01:17,y2312,y2312,7618.0,0.0,0.0,0.0,40,7616.0,7622.0,2,7610.0,7674.0,7674.0,7616.0,42.0,3201420.0,34026
2023-05-09 21:01:17,y2312,y2312,7618.0,0.0,0.0,0.0,14,7618.0,7622.0,2,7610.0,7674.0,7674.0,7616.0,42.0,3201420.0,34026
2023-05-09 21:01:18,y2312,y2312,7618.0,0.0,0.0,0.0,35,7618.0,7622.0,2,7610.0,7674.0,7674.0,7616.0,42.0,3201420.0,34026
2023-05-09 21:01:18,y2312,y2312,7618.0,0.0,0.0,0.0,50,7618.0,7622.0,2,7610.0,7674.0,7674.0,7616.0,42.0,3201420.0,34026
2023-05-09 21:01:19,y2312,y2312,7618.0,0.0,0.0,0.0,45,7618.0,7622.0,2,7610.0,7674.0,7674.0,7616.0,42.0,3201420.0,34026
2023-05-09 21:01:19,y2312,y2312,7618.0,0.0,0.0,0.0,30,7618.0,7622.0,12,7610.0,7674.0,7674.0,7616.0,42.0,3201420.0,34026
2023-05-09 21:01:20,y2312,y2312,7618.0,0.0,0.0,0.0,49,7618.0,7622.0,2,7610.0,7674.0,7674.0,7616.0,42.0,3201420.0,34026
2023-05-09 21:01:20,y2312,y2312,7618.0,0.0,0.0,0.0,30,7618.0,7622.0,7,7610.0,7674.0,7674.0,7616.0,42.0,3201420.0,34026
2023-05-09 21:01:21,y2312,y2312,7618.0,0.0,0.0,0.0,25,7618.0,7622.0,7,7610.0,7674.0,7674.0,7616.0,42.0,3201420.0,34026
2023-05-09 21:01:21,y2312,y2312,7618.0,0.0,0.0,0.0,11,7618.0,7622.0,7,7610.0,7674.0,7674.0,7616.0,42.0,3201420.0,34026
2023-05-09 21:01:22,y2312,y2312,7618.0,0.0,0.0,0.0,55,7616.0,7622.0,2,7610.0,7674.0,7674.0,7616.0,42.0,3201420.0,34026
2023-05-09 21:01:22,y2312,y2312,7618.0,0.0,0.0,0.0,5,7618.0,7622.0,2,7610.0,7674.0,7674.0,7616.0,42.0,3201420.0,34026
2023-05-09 21:01:23,y2312,y2312,7618.0,0.0,0.0,0.0,10,7618.0,7622.0,2,7610.0,7674.0,7674.0,7616.0,42.0,3201420.0,34026
2023-05-09 21:01:23,y2312,y2312,7618.0,0.0,0.0,0.0,6,7618.0,7622.0,2,7610.0,7674.0,7674.0,7616.0,42.0,3201420.0,34026
2023-05-09 21:01:24,y2312,y2312,7618.0,0.0,0.0,0.0,5,7618.0,7622.0,2,7610.0,7674.0,7674.0,7616.0,42.0,3201420.0,34026
2023-05-09 21:01:24,y2312,y2312,7618.0,0.0,0.0,0.0,5,7618.0,7622.0,7,7610.0,7674.0,7674.0,7616.0,42.0,3201420.0,34026
2023-05-09 21:01:25,y2312,y2312,7618.0,0.0,0.0,0.0,21,7618.0,7622.0,12,7610.0,7674.0,7674.0,7616.0,42.0,3201420.0,34026
2023-05-09 21:01:25,y2312,y2312,7618.0,0.0,0.0,0.0,5,7618.0,7622.0,13,7610.0,7674.0,7674.0,7616.0,42.0,3201420.0,34026
2023-05-09 21:01:26,y2312,y2312,7618.0,0.0,0.0,0.0,55,7616.0,7622.0,13,7610.0,7674.0,7674.0,7616.0,42.0,3201420.0,34026
2023-05-09 21:01:26,y2312,y2312,7618.0,0.0,0.0,0.0,30,7616.0,7620.0,2,7610.0,7674.0,7674.0,7616.0,42.0,3201420.0,34026
2023-05-09 21:01:27,y2312,y2312,7618.0,0.0,0.0,0.0,15,7616.0,7620.0,2,7610.0,7674.0,7674.0,7616.0,42.0,3201420.0,34026
2023-05-09 21:01:28,y2312,y2312,7618.0,0.0,0.0,0.0,24,7616.0,7618.0,2,7610.0,7674.0,7674.0,7616.0,42.0,3201420.0,34026
2023-05-09 21:01:28,y2312,y2312,7618.0,0.0,0.0,0.0,39,7616.0,7618.0,2,7610.0,7674.0,7674.0,7616.0,42.0,3201420.0,34026
2023-05-09 21:01:29,y2312,y2312,7618.0,0.0,0.0,0.0,14,7616.0,7618.0,2,7610.0,7674.0,7674.0,7616.0,42.0,3201420.0,34026
2023-05-09 21:01:30,y2312,y2312,7616.0,2.0,152320.0,0.0,12,7616.0,7618.0,2,7610.0,7674.0,7674.0,7616.0,44.0,3353740.0,34026
2023-05-09 21:01:30,y2312,y2312,7616.0,0.0,0.0,0.0,14,7616.0,7618.0,2,7610.0,7674.0,7674.0,7616.0,44.0,3353740.0,34026
2023-05-09 21:01:31,y2312,y2312,7616.0,0.0,0.0,0.0,29,7616.0,7618.0,2,7610.0,7674.0,7674.0,7616.0,44.0,3353740.0,34026
2023-05-09 21:01:32,y2312,y2312,7618.0,2.0,152360.0,2.0,5,7618.0,7620.0,5,7610.0,7674.0,7674.0,7616.0,46.0,3506100.0,34028
2023-05-09 21:01:32,y2312,y2312,7620.0,2.0,152400.0,0.0,6,7620.0,7622.0,15,7610.0,7674.0,7674.0,7616.0,48.0,3658500.0,34028
2023-05-09 21:01:33,y2312,y2312,7620.0,0.0,0.0,0.0,21,7620.0,7622.0,5,7610.0,7674.0,7674.0,7616.0,48.0,3658500.0,34028
2023-05-09 21:01:33,y2312,y2312,7620.0,0.0,0.0,0.0,42,7620.0,7624.0,10,7610.0,7674.0,7674.0,7616.0,48.0,3658500.0,34028
2023-05-09 21:01:34,y2312,y2312,7620.0,0.0,0.0,0.0,36,7620.0,7624.0,5,7610.0,7674.0,7674.0,7616.0,48.0,3658500.0,34028
2023-05-09 21:01:34,y2312,y2312,7620.0,0.0,0.0,0.0,47,7620.0,7626.0,41,7610.0,7674.0,7674.0,7616.0,48.0,3658500.0,34028
2023-05-09 21:01:35,y2312,y2312,7620.0,0.0,0.0,0.0,62,7620.0,7624.0,1,7610.0,7674.0,7674.0,7616.0,48.0,3658500.0,34028
2023-05-09 21:01:35,y2312,y2312,7620.0,0.0,0.0,0.0,57,7620.0,7624.0,1,7610.0,7674.0,7674.0,7616.0,48.0,3658500.0,34028
2023-05-09 21:01:35,y2312,y2312,7620.0,0.0,0.0,0.0,52,7620.0,7624.0,1,7610.0,7674.0,7674.0,7616.0,48.0,3658500.0,34028
2023-05-09 21:01:36,y2312,y2312,7620.0,0.0,0.0,0.0,67,7620.0,7624.0,1,7610.0,7674.0,7674.0,7616.0,48.0,3658500.0,34028
2023-05-09 21:01:37,y2312,y2312,7620.0,0.0,0.0,0.0,66,7620.0,7626.0,35,7610.0,7674.0,7674.0,7616.0,48.0,3658500.0,34028
2023-05-09 21:01:38,y2312,y2312,7620.0,0.0,0.0,0.0,20,7622.0,7626.0,5,7610.0,7674.0,7674.0,7616.0,48.0,3658500.0,34028
2023-05-09 21:01:38,y2312,y2312,7620.0,0.0,0.0,0.0,40,7622.0,7628.0,51,7610.0,7674.0,7674.0,7616.0,48.0,3658500.0,34028
2023-05-09 21:01:39,y2312,y2312,7620.0,0.0,0.0,0.0,29,7622.0,7626.0,22,7610.0,7674.0,7674.0,7616.0,48.0,3658500.0,34028
2023-05-09 21:01:39,y2312,y2312,7620.0,0.0,0.0,0.0,25,7622.0,7626.0,17,7610.0,7674.0,7674.0,7616.0,48.0,3658500.0,34028
2023-05-09 21:01:40,y2312,y2312,7620.0,0.0,0.0,0.0,25,7622.0,7626.0,22,7610.0,7674.0,7674.0,7616.0,48.0,3658500.0,34028
2023-05-09 21:01:41,y2312,y2312,7620.0,0.0,0.0,0.0,15,7622.0,7626.0,22,7610.0,7674.0,7674.0,7616.0,48.0,3658500.0,34028
2023-05-09 21:01:41,y2312,y2312,7620.0,0.0,0.0,0.0,4,7622.0,7624.0,7,7610.0,7674.0,7674.0,7616.0,48.0,3658500.0,34028
2023-05-09 21:01:42,y2312,y2312,7620.0,0.0,0.0,0.0,4,7622.0,7626.0,56,7610.0,7674.0,7674.0,7616.0,48.0,3658500.0,34028
2023-05-09 21:01:43,y2312,y2312,7620.0,0.0,0.0,0.0,52,7620.0,7626.0,36,7610.0,7674.0,7674.0,7616.0,48.0,3658500.0,34028
2023-05-09 21:01:43,y2312,y2312,7620.0,0.0,0.0,0.0,42,7620.0,7624.0,7,7610.0,7674.0,7674.0,7616.0,48.0,3658500.0,34028
2023-05-09 21:01:45,y2312,y2312,7620.0,0.0,0.0,0.0,37,7620.0,7624.0,7,7610.0,7674.0,7674.0,7616.0,48.0,3658500.0,34028
2023-05-09 21:01:46,y2312,y2312,7620.0,0.0,0.0,0.0,42,7620.0,7624.0,7,7610.0,7674.0,7674.0,7616.0,48.0,3658500.0,34028
2023-05-09 21:01:47,y2312,y2312,7620.0,0.0,0.0,0.0,37,7620.0,7624.0,17,7610.0,7674.0,7674.0,7616.0,48.0,3658500.0,34028
2023-05-09 21:01:47,y2312,y2312,7620.0,0.0,0.0,0.0,27,7620.0,7624.0,12,7610.0,7674.0,7674.0,7616.0,48.0,3658500.0,34028
2023-05-09 21:01:48,y2312,y2312,7620.0,0.0,0.0,0.0,27,7620.0,7624.0,2,7610.0,7674.0,7674.0,7616.0,48.0,3658500.0,34028
2023-05-09 21:01:49,y2312,y2312,7620.0,0.0,0.0,0.0,42,7620.0,7624.0,7,7610.0,7674.0,7674.0,7616.0,48.0,3658500.0,34028
2023-05-09 21:01:49,y2312,y2312,7620.0,0.0,0.0,0.0,52,7620.0,7624.0,7,7610.0,7674.0,7674.0,7616.0,48.0,3658500.0,34028
2023-05-09 21:01:50,y2312,y2312,7620.0,0.0,0.0,0.0,14,7622.0,7626.0,51,7610.0,7674.0,7674.0,7616.0,48.0,3658500.0,34028
2023-05-09 21:01:50,y2312,y2312,7620.0,0.0,0.0,0.0,4,7622.0,7626.0,41,7610.0,7674.0,7674.0,7616.0,48.0,3658500.0,34028
2023-05-09 21:01:51,y2312,y2312,7620.0,0.0,0.0,0.0,38,7620.0,7624.0,5,7610.0,7674.0,7674.0,7616.0,48.0,3658500.0,34028
2023-05-09 21:01:52,y2312,y2312,7620.0,0.0,0.0,0.0,27,7620.0,7624.0,27,7610.0,7674.0,7674.0,7616.0,48.0,3658500.0,34028
2023-05-09 21:01:52,y2312,y2312,7620.0,0.0,0.0,0.0,17,7620.0,7624.0,12,7610.0,7674.0,7674.0,7616.0,48.0,3658500.0,34028
2023-05-09 21:01:53,y2312,y2312,7620.0,0.0,0.0,0.0,11,7620.0,7624.0,13,7610.0,7674.0,7674.0,7616.0,48.0,3658500.0,34028
2023-05-09 21:01:53,y2312,y2312,7620.0,0.0,0.0,0.0,27,7620.0,7624.0,12,7610.0,7674.0,7674.0,7616.0,48.0,3658500.0,34028
2023-05-09 21:01:54,y2312,y2312,7620.0,0.0,0.0,0.0,27,7620.0,7622.0,2,7610.0,7674.0,7674.0,7616.0,48.0,3658500.0,34028
2023-05-09 21:01:54,y2312,y2312,7620.0,2.0,152400.0,-2.0,9,7620.0,7622.0,5,7610.0,7674.0,7674.0,7616.0,50.0,3810900.0,34026
2023-05-09 21:01:55,y2312,y2312,7620.0,0.0,0.0,0.0,20,7618.0,7622.0,5,7610.0,7674.0,7674.0,7616.0,50.0,3810900.0,34026
2023-05-09 21:01:55,y2312,y2312,7620.0,0.0,0.0,0.0,6,7618.0,7624.0,68,7610.0,7674.0,7674.0,7616.0,50.0,3810900.0,34026
2023-05-09 21:01:56,y2312,y2312,7620.0,0.0,0.0,0.0,5,7620.0,7624.0,46,7610.0,7674.0,7674.0,7616.0,50.0,3810900.0,34026
2023-05-09 21:01:56,y2312,y2312,7620.0,0.0,0.0,0.0,30,7618.0,7624.0,46,7610.0,7674.0,7674.0,7616.0,50.0,3810900.0,34026
2023-05-09 21:01:57,y2312,y2312,7620.0,0.0,0.0,0.0,30,7618.0,7622.0,2,7610.0,7674.0,7674.0,7616.0,50.0,3810900.0,34026
2023-05-09 21:01:57,y2312,y2312,7620.0,0.0,0.0,0.0,35,7618.0,7622.0,2,7610.0,7674.0,7674.0,7616.0,50.0,3810900.0,34026
2023-05-09 21:01:58,y2312,y2312,7620.0,0.0,0.0,0.0,30,7618.0,7622.0,2,7610.0,7674.0,7674.0,7616.0,50.0,3810900.0,34026
2023-05-09 21:01:59,y2312,y2312,7620.0,0.0,0.0,0.0,14,7620.0,7622.0,2,7610.0,7674.0,7674.0,7616.0,50.0,3810900.0,34026
2023-05-09 21:01:59,y2312,y2312,7620.0,0.0,0.0,0.0,19,7620.0,7622.0,2,7610.0,7674.0,7674.0,7616.0,50.0,3810900.0,34026
2023-05-09 21:02:01,y2312,y2312,7620.0,0.0,0.0,0.0,14,7620.0,7622.0,2,7610.0,7674.0,7674.0,7616.0,50.0,3810900.0,34026
2023-05-09 21:02:01,y2312,y2312,7620.0,0.0,0.0,0.0,19,7620.0,7622.0,2,7610.0,7674.0,7674.0,7616.0,50.0,3810900.0,34026
2023-05-09 21:02:02,y2312,y2312,7622.0,2.0,152440.0,1.0,40,7620.0,7626.0,36,7610.0,7674.0,7674.0,7616.0,52.0,3963340.0,34027
2023-05-09 21:02:03,y2312,y2312,7622.0,0.0,0.0,0.0,60,7620.0,7626.0,26,7610.0,7674.0,7674.0,7616.0,52.0,3963340.0,34027
2023-05-09 21:02:03,y2312,y2312,7622.0,0.0,0.0,0.0,55,7620.0,7626.0,21,7610.0,7674.0,7674.0,7616.0,52.0,3963340.0,34027
2023-05-09 21:02:04,y2312,y2312,7622.0,0.0,0.0,0.0,60,7620.0,7626.0,21,7610.0,7674.0,7674.0,7616.0,52.0,3963340.0,34027
2023-05-09 21:02:04,y2312,y2312,7622.0,0.0,0.0,0.0,65,7620.0,7626.0,21,7610.0,7674.0,7674.0,7616.0,52.0,3963340.0,34027
2023-05-09 21:02:05,y2312,y2312,7622.0,0.0,0.0,0.0,36,7622.0,7628.0,31,7610.0,7674.0,7674.0,7616.0,52.0,3963340.0,34027
2023-05-09 21:02:06,y2312,y2312,7622.0,0.0,0.0,0.0,51,7622.0,7628.0,26,7610.0,7674.0,7674.0,7616.0,52.0,3963340.0,34027
2023-05-09 21:02:06,y2312,y2312,7622.0,0.0,0.0,0.0,66,7622.0,7628.0,26,7610.0,7674.0,7674.0,7616.0,52.0,3963340.0,34027
2023-05-09 21:02:07,y2312,y2312,7622.0,0.0,0.0,0.0,61,7622.0,7628.0,26,7610.0,7674.0,7674.0,7616.0,52.0,3963340.0,34027
2023-05-09 21:02:08,y2312,y2312,7622.0,0.0,0.0,0.0,34,7622.0,7626.0,10,7610.0,7674.0,7674.0,7616.0,52.0,3963340.0,34027
2023-05-09 21:02:09,y2312,y2312,7622.0,0.0,0.0,0.0,35,7622.0,7626.0,10,7610.0,7674.0,7674.0,7616.0,52.0,3963340.0,34027
2023-05-09 21:02:09,y2312,y2312,7622.0,0.0,0.0,0.0,25,7622.0,7626.0,5,7610.0,7674.0,7674.0,7616.0,52.0,3963340.0,34027
2023-05-09 21:02:10,y2312,y2312,7622.0,0.0,0.0,0.0,20,7622.0,7628.0,56,7610.0,7674.0,7674.0,7616.0,52.0,3963340.0,34027
2023-05-09 21:02:10,y2312,y2312,7622.0,0.0,0.0,0.0,25,7622.0,7628.0,61,7610.0,7674.0,7674.0,7616.0,52.0,3963340.0,34027
2023-05-09 21:02:13,y2312,y2312,7622.0,0.0,0.0,0.0,20,7622.0,7626.0,5,7610.0,7674.0,7674.0,7616.0,52.0,3963340.0,34027
2023-05-09 21:02:13,y2312,y2312,7622.0,0.0,0.0,0.0,20,7622.0,7626.0,2,7610.0,7674.0,7674.0,7616.0,52.0,3963340.0,34027
2023-05-09 21:02:15,y2312,y2312,7622.0,0.0,0.0,0.0,25,7622.0,7626.0,2,7610.0,7674.0,7674.0,7616.0,52.0,3963340.0,34027
2023-05-09 21:02:15,y2312,y2312,7622.0,0.0,0.0,0.0,44,7622.0,7626.0,2,7610.0,7674.0,7674.0,7616.0,52.0,3963340.0,34027
2023-05-09 21:02:16,y2312,y2312,7622.0,0.0,0.0,0.0,45,7622.0,7628.0,55,7610.0,7674.0,7674.0,7616.0,52.0,3963340.0,34027
2023-05-09 21:02:16,y2312,y2312,7622.0,0.0,0.0,0.0,45,7622.0,7628.0,60,7610.0,7674.0,7674.0,7616.0,52.0,3963340.0,34027
2023-05-09 21:02:18,y2312,y2312,7622.0,0.0,0.0,0.0,45,7622.0,7628.0,61,7610.0,7674.0,7674.0,7616.0,52.0,3963340.0,34027
2023-05-09 21:02:19,y2312,y2312,7622.0,0.0,0.0,0.0,50,7622.0,7628.0,55,7610.0,7674.0,7674.0,7616.0,52.0,3963340.0,34027
2023-05-09 21:02:20,y2312,y2312,7622.0,0.0,0.0,0.0,45,7622.0,7628.0,60,7610.0,7674.0,7674.0,7616.0,52.0,3963340.0,34027
2023-05-09 21:02:21,y2312,y2312,7622.0,0.0,0.0,0.0,50,7622.0,7626.0,1,7610.0,7674.0,7674.0,7616.0,52.0,3963340.0,34027
2023-05-09 21:02:22,y2312,y2312,7622.0,0.0,0.0,0.0,55,7622.0,7624.0,2,7610.0,7674.0,7674.0,7616.0,52.0,3963340.0,34027
2023-05-09 21:02:22,y2312,y2312,7622.0,0.0,0.0,0.0,50,7622.0,7624.0,2,7610.0,7674.0,7674.0,7616.0,52.0,3963340.0,34027
2023-05-09 21:02:24,y2312,y2312,7622.0,0.0,0.0,0.0,45,7622.0,7624.0,2,7610.0,7674.0,7674.0,7616.0,52.0,3963340.0,34027
2023-05-09 21:02:25,y2312,y2312,7622.0,0.0,0.0,0.0,35,7622.0,7624.0,2,7610.0,7674.0,7674.0,7616.0,52.0,3963340.0,34027
2023-05-09 21:02:25,y2312,y2312,7622.0,0.0,0.0,0.0,30,7622.0,7624.0,2,7610.0,7674.0,7674.0,7616.0,52.0,3963340.0,34027
2023-05-09 21:02:26,y2312,y2312,7622.0,0.0,0.0,0.0,20,7622.0,7624.0,2,7610.0,7674.0,7674.0,7616.0,52.0,3963340.0,34027
2023-05-09 21:02:26,y2312,y2312,7622.0,2.0,152440.0,0.0,10,7622.0,7626.0,16,7610.0,7674.0,7674.0,7616.0,54.0,4115780.0,34027
2023-05-09 21:02:27,y2312,y2312,7622.0,0.0,0.0,0.0,4,7622.0,7626.0,11,7610.0,7674.0,7674.0,7616.0,54.0,4115780.0,34027
2023-05-09 21:02:29,y2312,y2312,7622.0,0.0,0.0,0.0,4,7622.0,7626.0,15,7610.0,7674.0,7674.0,7616.0,54.0,4115780.0,34027
2023-05-09 21:02:30,y2312,y2312,7622.0,0.0,0.0,0.0,64,7620.0,7626.0,16,7610.0,7674.0,7674.0,7616.0,54.0,4115780.0,34027
2023-05-09 21:02:30,y2312,y2312,7622.0,0.0,0.0,0.0,74,7620.0,7626.0,16,7610.0,7674.0,7674.0,7616.0,54.0,4115780.0,34027
2023-05-09 21:02:33,y2312,y2312,7622.0,0.0,0.0,0.0,69,7620.0,7626.0,16,7610.0,7674.0,7674.0,7616.0,54.0,4115780.0,34027
2023-05-09 21:02:34,y2312,y2312,7622.0,0.0,0.0,0.0,74,7620.0,7626.0,16,7610.0,7674.0,7674.0,7616.0,54.0,4115780.0,34027
2023-05-09 21:02:35,y2312,y2312,7622.0,0.0,0.0,0.0,69,7620.0,7626.0,16,7610.0,7674.0,7674.0,7616.0,54.0,4115780.0,34027
2023-05-09 21:02:37,y2312,y2312,7622.0,0.0,0.0,0.0,69,7620.0,7626.0,11,7610.0,7674.0,7674.0,7616.0,54.0,4115780.0,34027
2023-05-09 21:02:37,y2312,y2312,7622.0,0.0,0.0,0.0,4,7622.0,7626.0,10,7610.0,7674.0,7674.0,7616.0,54.0,4115780.0,34027
2023-05-09 21:02:38,y2312,y2312,7622.0,0.0,0.0,0.0,14,7622.0,7624.0,2,7610.0,7674.0,7674.0,7616.0,54.0,4115780.0,34027
2023-05-09 21:02:38,y2312,y2312,7622.0,0.0,0.0,0.0,20,7622.0,7624.0,2,7610.0,7674.0,7674.0,7616.0,54.0,4115780.0,34027
2023-05-09 21:02:39,y2312,y2312,7622.0,0.0,0.0,0.0,25,7622.0,7624.0,2,7610.0,7674.0,7674.0,7616.0,54.0,4115780.0,34027
2023-05-09 21:02:39,y2312,y2312,7622.0,0.0,0.0,0.0,25,7622.0,7626.0,5,7610.0,7674.0,7674.0,7616.0,54.0,4115780.0,34027
2023-05-09 21:02:40,y2312,y2312,7622.0,0.0,0.0,0.0,25,7622.0,7628.0,50,7610.0,7674.0,7674.0,7616.0,54.0,4115780.0,34027
2023-05-09 21:02:40,y2312,y2312,7622.0,0.0,0.0,0.0,25,7622.0,7628.0,60,7610.0,7674.0,7674.0,7616.0,54.0,4115780.0,34027
2023-05-09 21:02:40,y2312,y2312,7622.0,0.0,0.0,0.0,30,7622.0,7628.0,60,7610.0,7674.0,7674.0,7616.0,54.0,4115780.0,34027
2023-05-09 21:02:42,y2312,y2312,7624.0,2.0,152480.0,2.0,40,7622.0,7626.0,1,7610.0,7674.0,7674.0,7616.0,56.0,4268260.0,34029
2023-05-09 21:02:42,y2312,y2312,7624.0,0.0,0.0,0.0,39,7622.0,7626.0,15,7610.0,7674.0,7674.0,7616.0,56.0,4268260.0,34029
2023-05-09 21:02:43,y2312,y2312,7624.0,0.0,0.0,0.0,15,7622.0,7626.0,31,7610.0,7674.0,7674.0,7616.0,56.0,4268260.0,34029
2023-05-09 21:02:43,y2312,y2312,7622.0,1.0,76220.0,0.0,4,7622.0,7626.0,36,7610.0,7674.0,7674.0,7616.0,57.0,4344480.0,34029
2023-05-09 21:02:44,y2312,y2312,7622.0,0.0,0.0,0.0,15,7622.0,7626.0,16,7610.0,7674.0,7674.0,7616.0,57.0,4344480.0,34029
2023-05-09 21:02:44,y2312,y2312,7622.0,0.0,0.0,0.0,15,7622.0,7624.0,2,7610.0,7674.0,7674.0,7616.0,57.0,4344480.0,34029
2023-05-09 21:02:45,y2312,y2312,7622.0,0.0,0.0,0.0,5,7622.0,7624.0,2,7610.0,7674.0,7674.0,7616.0,57.0,4344480.0,34029
2023-05-09 21:02:45,y2312,y2312,7622.0,0.0,0.0,0.0,65,7620.0,7624.0,2,7610.0,7674.0,7674.0,7616.0,57.0,4344480.0,34029
2023-05-09 21:02:46,y2312,y2312,7622.0,2.0,152440.0,2.0,70,7620.0,7624.0,1,7610.0,7674.0,7674.0,7616.0,59.0,4496920.0,34031
2023-05-09 21:02:46,y2312,y2312,7622.0,0.0,0.0,0.0,74,7620.0,7626.0,41,7610.0,7674.0,7674.0,7616.0,59.0,4496920.0,34031
2023-05-09 21:02:47,y2312,y2312,7622.0,0.0,0.0,0.0,79,7620.0,7626.0,36,7610.0,7674.0,7674.0,7616.0,59.0,4496920.0,34031
2023-05-09 21:02:47,y2312,y2312,7622.0,0.0,0.0,0.0,79,7620.0,7626.0,31,7610.0,7674.0,7674.0,7616.0,59.0,4496920.0,34031
2023-05-09 21:02:47,y2312,y2312,7622.0,0.0,0.0,0.0,74,7620.0,7626.0,31,7610.0,7674.0,7674.0,7616.0,59.0,4496920.0,34031
2023-05-09 21:02:49,y2312,y2312,7622.0,0.0,0.0,0.0,65,7620.0,7624.0,1,7610.0,7674.0,7674.0,7616.0,59.0,4496920.0,34031
2023-05-09 21:02:53,y2312,y2312,7622.0,0.0,0.0,0.0,60,7620.0,7624.0,1,7610.0,7674.0,7674.0,7616.0,59.0,4496920.0,34031
2023-05-09 21:02:56,y2312,y2312,7622.0,0.0,0.0,0.0,60,7620.0,7624.0,3,7610.0,7674.0,7674.0,7616.0,59.0,4496920.0,34031
2023-05-09 21:02:57,y2312,y2312,7622.0,0.0,0.0,0.0,60,7620.0,7624.0,1,7610.0,7674.0,7674.0,7616.0,59.0,4496920.0,34031
2023-05-09 21:02:58,y2312,y2312,7622.0,0.0,0.0,0.0,60,7620.0,7622.0,2,7610.0,7674.0,7674.0,7616.0,59.0,4496920.0,34031
2023-05-09 21:02:58,y2312,y2312,7622.0,0.0,0.0,0.0,65,7620.0,7624.0,1,7610.0,7674.0,7674.0,7616.0,59.0,4496920.0,34031
2023-05-09 21:02:59,y2312,y2312,7622.0,0.0,0.0,0.0,35,7620.0,7624.0,21,7610.0,7674.0,7674.0,7616.0,59.0,4496920.0,34031
2023-05-09 21:02:59,y2312,y2312,7622.0,0.0,0.0,0.0,10,7620.0,7624.0,21,7610.0,7674.0,7674.0,7616.0,59.0,4496920.0,34031
2023-05-09 21:03:00,y2312,y2312,7622.0,0.0,0.0,0.0,4,7620.0,7624.0,21,7610.0,7674.0,7674.0,7616.0,59.0,4496920.0,34031
2023-05-09 21:03:01,y2312,y2312,7622.0,0.0,0.0,0.0,4,7620.0,7624.0,31,7610.0,7674.0,7674.0,7616.0,59.0,4496920.0,34031
2023-05-09 21:03:01,y2312,y2312,7620.0,4.0,304800.0,1.0,16,7618.0,7622.0,15,7610.0,7674.0,7674.0,7616.0,63.0,4801720.0,34032
2023-05-09 21:03:02,y2312,y2312,7620.0,0.0,0.0,0.0,55,7616.0,7622.0,16,7610.0,7674.0,7674.0,7616.0,63.0,4801720.0,34032
2023-05-09 21:03:02,y2312,y2312,7620.0,0.0,0.0,0.0,4,7618.0,7622.0,16,7610.0,7674.0,7674.0,7616.0,63.0,4801720.0,34032
2023-05-09 21:03:04,y2312,y2312,7620.0,0.0,0.0,0.0,14,7618.0,7622.0,5,7610.0,7674.0,7674.0,7616.0,63.0,4801720.0,34032
2023-05-09 21:03:05,y2312,y2312,7620.0,0.0,0.0,0.0,30,7618.0,7624.0,55,7610.0,7674.0,7674.0,7616.0,63.0,4801720.0,34032
2023-05-09 21:03:05,y2312,y2312,7620.0,0.0,0.0,0.0,4,7622.0,7624.0,30,7610.0,7674.0,7674.0,7616.0,63.0,4801720.0,34032
2023-05-09 21:03:06,y2312,y2312,7620.0,5.0,381000.0,0.0,8,7620.0,7624.0,16,7610.0,7674.0,7674.0,7616.0,68.0,5182720.0,34032
2023-05-09 21:03:06,y2312,y2312,7620.0,0.0,0.0,0.0,3,7620.0,7622.0,5,7610.0,7674.0,7674.0,7616.0,68.0,5182720.0,34032
2023-05-09 21:03:07,y2312,y2312,7620.0,0.0,0.0,0.0,3,7620.0,7624.0,41,7610.0,7674.0,7674.0,7616.0,68.0,5182720.0,34032
2023-05-09 21:03:07,y2312,y2312,7620.0,0.0,0.0,0.0,13,7620.0,7624.0,31,7610.0,7674.0,7674.0,7616.0,68.0,5182720.0,34032
2023-05-09 21:03:08,y2312,y2312,7620.0,0.0,0.0,0.0,8,7620.0,7624.0,26,7610.0,7674.0,7674.0,7616.0,68.0,5182720.0,34032
2023-05-09 21:03:08,y2312,y2312,7620.0,0.0,0.0,0.0,18,7620.0,7624.0,26,7610.0,7674.0,7674.0,7616.0,68.0,5182720.0,34032
2023-05-09 21:03:09,y2312,y2312,7620.0,0.0,0.0,0.0,19,7620.0,7624.0,46,7610.0,7674.0,7674.0,7616.0,68.0,5182720.0,34032
2023-05-09 21:03:10,y2312,y2312,7620.0,0.0,0.0,0.0,3,7620.0,7624.0,56,7610.0,7674.0,7674.0,7616.0,68.0,5182720.0,34032
2023-05-09 21:03:10,y2312,y2312,7620.0,0.0,0.0,0.0,3,7620.0,7624.0,46,7610.0,7674.0,7674.0,7616.0,68.0,5182720.0,34032
2023-05-09 21:03:11,y2312,y2312,7620.0,0.0,0.0,0.0,15,7620.0,7624.0,36,7610.0,7674.0,7674.0,7616.0,68.0,5182720.0,34032
2023-05-09 21:03:11,y2312,y2312,7620.0,0.0,0.0,0.0,25,7620.0,7624.0,31,7610.0,7674.0,7674.0,7616.0,68.0,5182720.0,34032
2023-05-09 21:03:12,y2312,y2312,7620.0,0.0,0.0,0.0,5,7620.0,7624.0,36,7610.0,7674.0,7674.0,7616.0,68.0,5182720.0,34032
2023-05-09 21:03:12,y2312,y2312,7620.0,0.0,0.0,0.0,4,7620.0,7624.0,36,7610.0,7674.0,7674.0,7616.0,68.0,5182720.0,34032
2023-05-09 21:03:13,y2312,y2312,7620.0,0.0,0.0,0.0,4,7620.0,7624.0,41,7610.0,7674.0,7674.0,7616.0,68.0,5182720.0,34032
2023-05-09 21:03:14,y2312,y2312,7620.0,0.0,0.0,0.0,4,7620.0,7624.0,46,7610.0,7674.0,7674.0,7616.0,68.0,5182720.0,34032
2023-05-09 21:03:16,y2312,y2312,7620.0,0.0,0.0,0.0,4,7620.0,7624.0,51,7610.0,7674.0,7674.0,7616.0,68.0,5182720.0,34032
2023-05-09 21:03:17,y2312,y2312,7620.0,0.0,0.0,0.0,4,7620.0,7622.0,5,7610.0,7674.0,7674.0,7616.0,68.0,5182720.0,34032
2023-05-09 21:03:18,y2312,y2312,7620.0,0.0,0.0,0.0,15,7618.0,7620.0,2,7610.0,7674.0,7674.0,7616.0,68.0,5182720.0,34032
2023-05-09 21:03:18,y2312,y2312,7620.0,2.0,152400.0,0.0,35,7618.0,7622.0,11,7610.0,7674.0,7674.0,7616.0,70.0,5335120.0,34032
2023-05-09 21:03:19,y2312,y2312,7620.0,0.0,0.0,0.0,55,7618.0,7624.0,55,7610.0,7674.0,7674.0,7616.0,70.0,5335120.0,34032
2023-05-09 21:03:19,y2312,y2312,7620.0,0.0,0.0,0.0,74,7618.0,7624.0,46,7610.0,7674.0,7674.0,7616.0,70.0,5335120.0,34032
2023-05-09 21:03:20,y2312,y2312,7620.0,0.0,0.0,0.0,65,7618.0,7622.0,5,7610.0,7674.0,7674.0,7616.0,70.0,5335120.0,34032
2023-05-09 21:03:20,y2312,y2312,7620.0,0.0,0.0,0.0,35,7618.0,7622.0,15,7610.0,7674.0,7674.0,7616.0,70.0,5335120.0,34032
2023-05-09 21:03:21,y2312,y2312,7620.0,0.0,0.0,0.0,30,7618.0,7622.0,21,7610.0,7674.0,7674.0,7616.0,70.0,5335120.0,34032
2023-05-09 21:03:21,y2312,y2312,7620.0,0.0,0.0,0.0,10,7618.0,7622.0,16,7610.0,7674.0,7674.0,7616.0,70.0,5335120.0,34032
2023-05-09 21:03:22,y2312,y2312,7620.0,0.0,0.0,0.0,4,7618.0,7622.0,11,7610.0,7674.0,7674.0,7616.0,70.0,5335120.0,34032
2023-05-09 21:03:23,y2312,y2312,7620.0,0.0,0.0,0.0,4,7618.0,7622.0,16,7610.0,7674.0,7674.0,7616.0,70.0,5335120.0,34032
2023-05-09 21:03:24,y2312,y2312,7620.0,0.0,0.0,0.0,4,7618.0,7622.0,21,7610.0,7674.0,7674.0,7616.0,70.0,5335120.0,34032
2023-05-09 21:03:24,y2312,y2312,7620.0,0.0,0.0,0.0,4,7618.0,7622.0,26,7610.0,7674.0,7674.0,7616.0,70.0,5335120.0,34032
2023-05-09 21:03:25,y2312,y2312,7620.0,0.0,0.0,0.0,65,7616.0,7622.0,26,7610.0,7674.0,7674.0,7616.0,70.0,5335120.0,34032
2023-05-09 21:03:25,y2312,y2312,7620.0,0.0,0.0,0.0,74,7616.0,7622.0,26,7610.0,7674.0,7674.0,7616.0,70.0,5335120.0,34032
2023-05-09 21:03:29,y2312,y2312,7620.0,0.0,0.0,0.0,69,7616.0,7622.0,26,7610.0,7674.0,7674.0,7616.0,70.0,5335120.0,34032
2023-05-09 21:03:30,y2312,y2312,7620.0,0.0,0.0,0.0,74,7616.0,7622.0,21,7610.0,7674.0,7674.0,7616.0,70.0,5335120.0,34032
2023-05-09 21:03:30,y2312,y2312,7620.0,0.0,0.0,0.0,74,7616.0,7622.0,11,7610.0,7674.0,7674.0,7616.0,70.0,5335120.0,34032
2023-05-09 21:03:31,y2312,y2312,7620.0,0.0,0.0,0.0,34,7616.0,7620.0,7,7610.0,7674.0,7674.0,7616.0,70.0,5335120.0,34032
2023-05-09 21:03:32,y2312,y2312,7620.0,0.0,0.0,0.0,30,7616.0,7620.0,23,7610.0,7674.0,7674.0,7616.0,70.0,5335120.0,34032
2023-05-09 21:03:32,y2312,y2312,7620.0,0.0,0.0,0.0,20,7616.0,7620.0,13,7610.0,7674.0,7674.0,7616.0,70.0,5335120.0,34032
2023-05-09 21:03:33,y2312,y2312,7620.0,0.0,0.0,0.0,20,7616.0,7620.0,11,7610.0,7674.0,7674.0,7616.0,70.0,5335120.0,34032
2023-05-09 21:03:34,y2312,y2312,7620.0,0.0,0.0,0.0,15,7616.0,7620.0,11,7610.0,7674.0,7674.0,7616.0,70.0,5335120.0,34032
2023-05-09 21:03:34,y2312,y2312,7620.0,0.0,0.0,0.0,19,7616.0,7620.0,5,7610.0,7674.0,7674.0,7616.0,70.0,5335120.0,34032
2023-05-09 21:03:35,y2312,y2312,7620.0,0.0,0.0,0.0,55,7616.0,7622.0,51,7610.0,7674.0,7674.0,7616.0,70.0,5335120.0,34032
2023-05-09 21:03:35,y2312,y2312,7620.0,0.0,0.0,0.0,79,7616.0,7622.0,41,7610.0,7674.0,7674.0,7616.0,70.0,5335120.0,34032
2023-05-09 21:03:36,y2312,y2312,7620.0,0.0,0.0,0.0,75,7616.0,7620.0,1,7610.0,7674.0,7674.0,7616.0,70.0,5335120.0,34032
2023-05-09 21:03:37,y2312,y2312,7620.0,0.0,0.0,0.0,70,7616.0,7620.0,1,7610.0,7674.0,7674.0,7616.0,70.0,5335120.0,34032
2023-05-09 21:03:37,y2312,y2312,7620.0,0.0,0.0,0.0,74,7616.0,7622.0,51,7610.0,7674.0,7674.0,7616.0,70.0,5335120.0,34032
2023-05-09 21:03:37,y2312,y2312,7620.0,0.0,0.0,0.0,79,7616.0,7622.0,46,7610.0,7674.0,7674.0,7616.0,70.0,5335120.0,34032
2023-05-09 21:03:46,y2312,y2312,7620.0,0.0,0.0,0.0,44,7616.0,7620.0,12,7610.0,7674.0,7674.0,7616.0,70.0,5335120.0,34032
2023-05-09 21:03:46,y2312,y2312,7620.0,0.0,0.0,0.0,29,7616.0,7620.0,25,7610.0,7674.0,7674.0,7616.0,70.0,5335120.0,34032
2023-05-09 21:03:47,y2312,y2312,7616.0,1.0,76160.0,1.0,8,7616.0,7618.0,15,7610.0,7674.0,7674.0,7616.0,71.0,5411280.0,34033
2023-05-09 21:03:47,y2312,y2312,7616.0,0.0,0.0,0.0,25,7614.0,7618.0,11,7610.0,7674.0,7674.0,7616.0,71.0,5411280.0,34033
2023-05-09 21:03:48,y2312,y2312,7616.0,0.0,0.0,0.0,15,7614.0,7618.0,11,7610.0,7674.0,7674.0,7616.0,71.0,5411280.0,34033
2023-05-09 21:03:48,y2312,y2312,7616.0,0.0,0.0,0.0,25,7614.0,7618.0,11,7610.0,7674.0,7674.0,7616.0,71.0,5411280.0,34033
2023-05-09 21:03:48,y2312,y2312,7616.0,0.0,0.0,0.0,25,7614.0,7618.0,16,7610.0,7674.0,7674.0,7616.0,71.0,5411280.0,34033
2023-05-09 21:03:50,y2312,y2312,7616.0,0.0,0.0,0.0,70,7614.0,7618.0,6,7610.0,7674.0,7674.0,7616.0,71.0,5411280.0,34033
2023-05-09 21:03:50,y2312,y2312,7616.0,0.0,0.0,0.0,1,7616.0,7618.0,5,7610.0,7674.0,7674.0,7616.0,71.0,5411280.0,34033
2023-05-09 21:03:51,y2312,y2312,7616.0,0.0,0.0,0.0,4,7616.0,7618.0,26,7610.0,7674.0,7674.0,7616.0,71.0,5411280.0,34033
2023-05-09 21:03:51,y2312,y2312,7616.0,0.0,0.0,0.0,16,7614.0,7618.0,36,7610.0,7674.0,7674.0,7616.0,71.0,5411280.0,34033
2023-05-09 21:03:52,y2312,y2312,7616.0,0.0,0.0,0.0,55,7614.0,7618.0,11,7610.0,7674.0,7674.0,7616.0,71.0,5411280.0,34033
2023-05-09 21:03:52,y2312,y2312,7616.0,0.0,0.0,0.0,5,7616.0,7618.0,6,7610.0,7674.0,7674.0,7616.0,71.0,5411280.0,34033
2023-05-09 21:03:53,y2312,y2312,7616.0,0.0,0.0,0.0,5,7616.0,7620.0,61,7610.0,7674.0,7674.0,7616.0,71.0,5411280.0,34033
2023-05-09 21:03:53,y2312,y2312,7618.0,1.0,76180.0,-1.0,5,7616.0,7618.0,15,7610.0,7674.0,7674.0,7616.0,72.0,5487460.0,34032
2023-05-09 21:03:54,y2312,y2312,7618.0,0.0,0.0,0.0,11,7614.0,7618.0,21,7610.0,7674.0,7674.0,7616.0,72.0,5487460.0,34032
2023-05-09 21:03:54,y2312,y2312,7618.0,0.0,0.0,0.0,10,7614.0,7618.0,11,7610.0,7674.0,7674.0,7616.0,72.0,5487460.0,34032
2023-05-09 21:03:55,y2312,y2312,7618.0,0.0,0.0,0.0,4,7614.0,7618.0,11,7610.0,7674.0,7674.0,7616.0,72.0,5487460.0,34032
2023-05-09 21:03:55,y2312,y2312,7618.0,0.0,0.0,0.0,4,7614.0,7616.0,10,7610.0,7674.0,7674.0,7616.0,72.0,5487460.0,34032
2023-05-09 21:03:56,y2312,y2312,7618.0,0.0,0.0,0.0,15,7612.0,7616.0,16,7610.0,7674.0,7674.0,7616.0,72.0,5487460.0,34032
2023-05-09 21:03:56,y2312,y2312,7618.0,0.0,0.0,0.0,5,7612.0,7616.0,11,7610.0,7674.0,7674.0,7616.0,72.0,5487460.0,34032
2023-05-09 21:03:57,y2312,y2312,7614.0,1.0,76140.0,-1.0,5,7612.0,7616.0,31,7610.0,7674.0,7674.0,7614.0,73.0,5563600.0,34031
2023-05-09 21:03:57,y2312,y2312,7614.0,2.0,152280.0,2.0,4,7612.0,7616.0,36,7610.0,7674.0,7674.0,7614.0,75.0,5715880.0,34033
2023-05-09 21:03:57,y2312,y2312,7614.0,0.0,0.0,0.0,4,7612.0,7616.0,41,7610.0,7674.0,7674.0,7614.0,75.0,5715880.0,34033
2023-05-09 21:03:58,y2312,y2312,7614.0,0.0,0.0,0.0,4,7612.0,7616.0,51,7610.0,7674.0,7674.0,7614.0,75.0,5715880.0,34033
2023-05-09 21:04:00,y2312,y2312,7614.0,0.0,0.0,0.0,4,7612.0,7614.0,5,7610.0,7674.0,7674.0,7614.0,75.0,5715880.0,34033
2023-05-09 21:04:00,y2312,y2312,7614.0,5.0,380700.0,0.0,9,7612.0,7616.0,50,7610.0,7674.0,7674.0,7614.0,80.0,6096580.0,34033
2023-05-09 21:04:01,y2312,y2312,7614.0,0.0,0.0,0.0,4,7612.0,7616.0,46,7610.0,7674.0,7674.0,7614.0,80.0,6096580.0,34033
2023-05-09 21:04:02,y2312,y2312,7614.0,0.0,0.0,0.0,20,7612.0,7616.0,46,7610.0,7674.0,7674.0,7614.0,80.0,6096580.0,34033
2023-05-09 21:04:03,y2312,y2312,7616.0,39.0,2970240.0,14.0,3,7616.0,7618.0,28,7610.0,7674.0,7674.0,7614.0,119.0,9066820.0,34047
2023-05-09 21:04:03,y2312,y2312,7616.0,3.0,228480.0,3.0,5,7614.0,7618.0,12,7610.0,7674.0,7674.0,7614.0,122.0,9295300.0,34050
2023-05-09 21:04:04,y2312,y2312,7616.0,0.0,0.0,0.0,5,7614.0,7618.0,20,7610.0,7674.0,7674.0,7614.0,122.0,9295300.0,34050
2023-05-09 21:04:05,y2312,y2312,7616.0,0.0,0.0,0.0,5,7614.0,7618.0,42,7610.0,7674.0,7674.0,7614.0,122.0,9295300.0,34050
2023-05-09 21:04:05,y2312,y2312,7616.0,0.0,0.0,0.0,5,7614.0,7618.0,52,7610.0,7674.0,7674.0,7614.0,122.0,9295300.0,34050
2023-05-09 21:04:06,y2312,y2312,7616.0,0.0,0.0,0.0,5,7614.0,7616.0,2,7610.0,7674.0,7674.0,7614.0,122.0,9295300.0,34050
2023-05-09 21:04:13,y2312,y2312,7616.0,2.0,152320.0,2.0,5,7616.0,7618.0,31,7610.0,7674.0,7674.0,7614.0,124.0,9447620.0,34052
2023-05-09 21:04:14,y2312,y2312,7616.0,0.0,0.0,0.0,5,7616.0,7618.0,16,7610.0,7674.0,7674.0,7614.0,124.0,9447620.0,34052
2023-05-09 21:04:14,y2312,y2312,7616.0,0.0,0.0,0.0,5,7616.0,7618.0,11,7610.0,7674.0,7674.0,7614.0,124.0,9447620.0,34052
2023-05-09 21:04:18,y2312,y2312,7616.0,0.0,0.0,0.0,25,7614.0,7618.0,15,7610.0,7674.0,7674.0,7614.0,124.0,9447620.0,34052
2023-05-09 21:04:19,y2312,y2312,7616.0,0.0,0.0,0.0,15,7614.0,7618.0,23,7610.0,7674.0,7674.0,7614.0,124.0,9447620.0,34052
2023-05-09 21:04:20,y2312,y2312,7616.0,5.0,380800.0,0.0,10,7614.0,7618.0,28,7610.0,7674.0,7674.0,7614.0,129.0,9828420.0,34052
2023-05-09 21:04:20,y2312,y2312,7616.0,0.0,0.0,0.0,60,7612.0,7618.0,56,7610.0,7674.0,7674.0,7614.0,129.0,9828420.0,34052
2023-05-09 21:04:21,y2312,y2312,7612.0,1.0,76120.0,0.0,54,7612.0,7618.0,70,7610.0,7674.0,7674.0,7612.0,130.0,9904540.0,34052
2023-05-09 21:04:21,y2312,y2312,7612.0,0.0,0.0,0.0,49,7612.0,7618.0,75,7610.0,7674.0,7674.0,7612.0,130.0,9904540.0,34052
2023-05-09 21:04:22,y2312,y2312,7612.0,0.0,0.0,0.0,35,7612.0,7616.0,7,7610.0,7674.0,7674.0,7612.0,130.0,9904540.0,34052
2023-05-09 21:04:22,y2312,y2312,7612.0,0.0,0.0,0.0,40,7612.0,7618.0,75,7610.0,7674.0,7674.0,7612.0,130.0,9904540.0,34052
2023-05-09 21:04:23,y2312,y2312,7612.0,0.0,0.0,0.0,36,7612.0,7614.0,1,7610.0,7674.0,7674.0,7612.0,130.0,9904540.0,34052
2023-05-09 21:04:23,y2312,y2312,7612.0,0.0,0.0,0.0,21,7612.0,7614.0,1,7610.0,7674.0,7674.0,7612.0,130.0,9904540.0,34052
2023-05-09 21:04:24,y2312,y2312,7612.0,0.0,0.0,0.0,11,7612.0,7614.0,1,7610.0,7674.0,7674.0,7612.0,130.0,9904540.0,34052
2023-05-09 21:04:31,y2312,y2312,7612.0,0.0,0.0,0.0,70,7610.0,7614.0,1,7610.0,7674.0,7674.0,7612.0,130.0,9904540.0,34052
2023-05-09 21:04:31,y2312,y2312,7612.0,0.0,0.0,0.0,50,7610.0,7614.0,17,7610.0,7674.0,7674.0,7612.0,130.0,9904540.0,34052
2023-05-09 21:04:32,y2312,y2312,7612.0,0.0,0.0,0.0,55,7610.0,7614.0,12,7610.0,7674.0,7674.0,7612.0,130.0,9904540.0,34052
2023-05-09 21:04:32,y2312,y2312,7612.0,0.0,0.0,0.0,75,7610.0,7614.0,7,7610.0,7674.0,7674.0,7612.0,130.0,9904540.0,34052
2023-05-09 21:04:32,y2312,y2312,7612.0,0.0,0.0,0.0,75,7610.0,7614.0,1,7610.0,7674.0,7674.0,7612.0,130.0,9904540.0,34052
2023-05-09 21:04:40,y2312,y2312,7612.0,0.0,0.0,0.0,35,7610.0,7614.0,11,7610.0,7674.0,7674.0,7612.0,130.0,9904540.0,34052
2023-05-09 21:04:40,y2312,y2312,7612.0,0.0,0.0,0.0,30,7610.0,7614.0,17,7610.0,7674.0,7674.0,7612.0,130.0,9904540.0,34052
2023-05-09 21:04:41,y2312,y2312,7612.0,0.0,0.0,0.0,26,7610.0,7614.0,17,7610.0,7674.0,7674.0,7612.0,130.0,9904540.0,34052
2023-05-09 21:04:42,y2312,y2312,7612.0,0.0,0.0,0.0,16,7610.0,7614.0,19,7610.0,7674.0,7674.0,7612.0,130.0,9904540.0,34052
2023-05-09 21:04:43,y2312,y2312,7612.0,0.0,0.0,0.0,11,7610.0,7614.0,17,7610.0,7674.0,7674.0,7612.0,130.0,9904540.0,34052
2023-05-09 21:04:43,y2312,y2312,7612.0,0.0,0.0,0.0,60,7608.0,7614.0,17,7610.0,7674.0,7674.0,7612.0,130.0,9904540.0,34052
2023-05-09 21:04:44,y2312,y2312,7612.0,0.0,0.0,0.0,69,7608.0,7614.0,22,7610.0,7674.0,7674.0,7612.0,130.0,9904540.0,34052
2023-05-09 21:04:44,y2312,y2312,7612.0,0.0,0.0,0.0,5,7610.0,7614.0,27,7610.0,7674.0,7674.0,7612.0,130.0,9904540.0,34052
2023-05-09 21:04:45,y2312,y2312,7612.0,0.0,0.0,0.0,5,7610.0,7614.0,32,7610.0,7674.0,7674.0,7612.0,130.0,9904540.0,34052
2023-05-09 21:04:45,y2312,y2312,7612.0,0.0,0.0,0.0,10,7610.0,7614.0,17,7610.0,7674.0,7674.0,7612.0,130.0,9904540.0,34052
2023-05-09 21:04:46,y2312,y2312,7612.0,0.0,0.0,0.0,20,7610.0,7614.0,12,7610.0,7674.0,7674.0,7612.0,130.0,9904540.0,34052
2023-05-09 21:04:46,y2312,y2312,7612.0,0.0,0.0,0.0,25,7610.0,7614.0,12,7610.0,7674.0,7674.0,7612.0,130.0,9904540.0,34052
2023-05-09 21:04:49,y2312,y2312,7612.0,0.0,0.0,0.0,30,7610.0,7614.0,12,7610.0,7674.0,7674.0,7612.0,130.0,9904540.0,34052
2023-05-09 21:04:49,y2312,y2312,7612.0,0.0,0.0,0.0,45,7610.0,7614.0,12,7610.0,7674.0,7674.0,7612.0,130.0,9904540.0,34052
2023-05-09 21:04:50,y2312,y2312,7612.0,0.0,0.0,0.0,50,7610.0,7614.0,12,7610.0,7674.0,7674.0,7612.0,130.0,9904540.0,34052
2023-05-09 21:04:52,y2312,y2312,7612.0,0.0,0.0,0.0,21,7612.0,7614.0,11,7610.0,7674.0,7674.0,7612.0,130.0,9904540.0,34052
2023-05-09 21:04:52,y2312,y2312,7616.0,20.0,1522980.0,7.0,3,7616.0,7618.0,25,7610.0,7674.0,7674.0,7612.0,150.0,11427520.0,34059
2023-05-09 21:04:53,y2312,y2312,7616.0,3.0,228480.0,3.0,9,7614.0,7618.0,20,7610.0,7674.0,7674.0,7612.0,153.0,11656000.0,34062
2023-05-09 21:04:53,y2312,y2312,7616.0,0.0,0.0,0.0,10,7614.0,7618.0,15,7610.0,7674.0,7674.0,7612.0,153.0,11656000.0,34062
2023-05-09 21:04:54,y2312,y2312,7616.0,0.0,0.0,0.0,10,7614.0,7618.0,16,7610.0,7674.0,7674.0,7612.0,153.0,11656000.0,34062
2023-05-09 21:04:56,y2312,y2312,7616.0,0.0,0.0,0.0,10,7614.0,7618.0,12,7610.0,7674.0,7674.0,7612.0,153.0,11656000.0,34062
2023-05-09 21:04:57,y2312,y2312,7616.0,0.0,0.0,0.0,10,7614.0,7618.0,17,7610.0,7674.0,7674.0,7612.0,153.0,11656000.0,34062
2023-05-09 21:04:58,y2312,y2312,7614.0,2.0,152280.0,0.0,8,7614.0,7616.0,1,7610.0,7674.0,7674.0,7612.0,155.0,11808280.0,34062
2023-05-09 21:04:58,y2312,y2312,7614.0,0.0,0.0,0.0,7,7614.0,7616.0,1,7610.0,7674.0,7674.0,7612.0,155.0,11808280.0,34062
2023-05-09 21:04:59,y2312,y2312,7614.0,0.0,0.0,0.0,12,7614.0,7616.0,1,7610.0,7674.0,7674.0,7612.0,155.0,11808280.0,34062
2023-05-09 21:04:59,y2312,y2312,7614.0,0.0,0.0,0.0,38,7614.0,7616.0,1,7610.0,7674.0,7674.0,7612.0,155.0,11808280.0,34062
2023-05-09 21:05:00,y2312,y2312,7614.0,0.0,0.0,0.0,23,7614.0,7616.0,1,7610.0,7674.0,7674.0,7612.0,155.0,11808280.0,34062
2023-05-09 21:05:00,y2312,y2312,7614.0,0.0,0.0,0.0,18,7614.0,7616.0,1,7610.0,7674.0,7674.0,7612.0,155.0,11808280.0,34062
2023-05-09 21:05:01,y2312,y2312,7614.0,0.0,0.0,0.0,13,7614.0,7616.0,1,7610.0,7674.0,7674.0,7612.0,155.0,11808280.0,34062
2023-05-09 21:05:01,y2312,y2312,7614.0,0.0,0.0,0.0,18,7614.0,7616.0,1,7610.0,7674.0,7674.0,7612.0,155.0,11808280.0,34062
2023-05-09 21:05:02,y2312,y2312,7614.0,0.0,0.0,0.0,13,7614.0,7616.0,1,7610.0,7674.0,7674.0,7612.0,155.0,11808280.0,34062
2023-05-09 21:05:04,y2312,y2312,7614.0,5.0,380700.0,0.0,13,7614.0,7616.0,1,7610.0,7674.0,7674.0,7612.0,160.0,12188980.0,34062
2023-05-09 21:05:05,y2312,y2312,7614.0,0.0,0.0,0.0,15,7614.0,7616.0,1,7610.0,7674.0,7674.0,7612.0,160.0,12188980.0,34062
2023-05-09 21:05:05,y2312,y2312,7614.0,0.0,0.0,0.0,11,7614.0,7616.0,1,7610.0,7674.0,7674.0,7612.0,160.0,12188980.0,34062
2023-05-09 21:05:06,y2312,y2312,7614.0,0.0,0.0,0.0,30,7614.0,7616.0,1,7610.0,7674.0,7674.0,7612.0,160.0,12188980.0,34062
2023-05-09 21:05:07,y2312,y2312,7614.0,0.0,0.0,0.0,40,7614.0,7616.0,1,7610.0,7674.0,7674.0,7612.0,160.0,12188980.0,34062
2023-05-09 21:05:07,y2312,y2312,7614.0,0.0,0.0,0.0,45,7614.0,7616.0,1,7610.0,7674.0,7674.0,7612.0,160.0,12188980.0,34062
2023-05-09 21:05:11,y2312,y2312,7614.0,0.0,0.0,0.0,45,7614.0,7618.0,11,7610.0,7674.0,7674.0,7612.0,160.0,12188980.0,34062
2023-05-09 21:05:11,y2312,y2312,7614.0,0.0,0.0,0.0,5,7616.0,7618.0,6,7610.0,7674.0,7674.0,7612.0,160.0,12188980.0,34062
2023-05-09 21:05:12,y2312,y2312,7616.0,9.0,685440.0,8.0,5,7616.0,7618.0,10,7610.0,7674.0,7674.0,7612.0,169.0,12874420.0,34070
2023-05-09 21:05:12,y2312,y2312,7616.0,0.0,0.0,0.0,4,7616.0,7618.0,16,7610.0,7674.0,7674.0,7612.0,169.0,12874420.0,34070
2023-05-09 21:05:12,y2312,y2312,7616.0,0.0,0.0,0.0,9,7616.0,7618.0,16,7610.0,7674.0,7674.0,7612.0,169.0,12874420.0,34070
2023-05-09 21:05:15,y2312,y2312,7616.0,0.0,0.0,0.0,9,7616.0,7618.0,11,7610.0,7674.0,7674.0,7612.0,169.0,12874420.0,34070
2023-05-09 21:05:16,y2312,y2312,7616.0,0.0,0.0,0.0,25,7616.0,7618.0,10,7610.0,7674.0,7674.0,7612.0,169.0,12874420.0,34070
2023-05-09 21:05:16,y2312,y2312,7616.0,1.0,76160.0,0.0,24,7616.0,7618.0,5,7610.0,7674.0,7674.0,7612.0,170.0,12950580.0,34070
2023-05-09 21:05:19,y2312,y2312,7616.0,0.0,0.0,0.0,29,7616.0,7618.0,5,7610.0,7674.0,7674.0,7612.0,170.0,12950580.0,34070
2023-05-09 21:05:20,y2312,y2312,7616.0,0.0,0.0,0.0,34,7616.0,7618.0,5,7610.0,7674.0,7674.0,7612.0,170.0,12950580.0,34070
2023-05-09 21:05:20,y2312,y2312,7616.0,0.0,0.0,0.0,39,7616.0,7618.0,5,7610.0,7674.0,7674.0,7612.0,170.0,12950580.0,34070
2023-05-09 21:05:28,y2312,y2312,7616.0,0.0,0.0,0.0,59,7616.0,7620.0,6,7610.0,7674.0,7674.0,7612.0,170.0,12950580.0,34070
2023-05-09 21:05:29,y2312,y2312,7616.0,0.0,0.0,0.0,64,7616.0,7620.0,5,7610.0,7674.0,7674.0,7612.0,170.0,12950580.0,34070
2023-05-09 21:05:30,y2312,y2312,7616.0,0.0,0.0,0.0,69,7616.0,7618.0,5,7610.0,7674.0,7674.0,7612.0,170.0,12950580.0,34070
2023-05-09 21:05:32,y2312,y2312,7618.0,5.0,380900.0,0.0,7,7618.0,7620.0,5,7610.0,7674.0,7674.0,7612.0,175.0,13331480.0,34070
2023-05-09 21:05:32,y2312,y2312,7618.0,0.0,0.0,0.0,20,7618.0,7622.0,21,7610.0,7674.0,7674.0,7612.0,175.0,13331480.0,34070
2023-05-09 21:05:33,y2312,y2312,7618.0,0.0,0.0,0.0,15,7618.0,7622.0,21,7610.0,7674.0,7674.0,7612.0,175.0,13331480.0,34070
2023-05-09 21:05:33,y2312,y2312,7618.0,0.0,0.0,0.0,20,7618.0,7622.0,21,7610.0,7674.0,7674.0,7612.0,175.0,13331480.0,34070
2023-05-09 21:05:34,y2312,y2312,7618.0,0.0,0.0,0.0,20,7618.0,7622.0,16,7610.0,7674.0,7674.0,7612.0,175.0,13331480.0,34070
2023-05-09 21:05:35,y2312,y2312,7618.0,0.0,0.0,0.0,25,7618.0,7622.0,11,7610.0,7674.0,7674.0,7612.0,175.0,13331480.0,34070
2023-05-09 21:05:35,y2312,y2312,7618.0,0.0,0.0,0.0,25,7618.0,7622.0,16,7610.0,7674.0,7674.0,7612.0,175.0,13331480.0,34070
2023-05-09 21:05:37,y2312,y2312,7618.0,0.0,0.0,0.0,29,7618.0,7622.0,15,7610.0,7674.0,7674.0,7612.0,175.0,13331480.0,34070
2023-05-09 21:05:38,y2312,y2312,7618.0,0.0,0.0,0.0,20,7618.0,7622.0,31,7610.0,7674.0,7674.0,7612.0,175.0,13331480.0,34070
2023-05-09 21:05:38,y2312,y2312,7618.0,0.0,0.0,0.0,25,7618.0,7622.0,41,7610.0,7674.0,7674.0,7612.0,175.0,13331480.0,34070
2023-05-09 21:05:39,y2312,y2312,7618.0,0.0,0.0,0.0,15,7618.0,7622.0,41,7610.0,7674.0,7674.0,7612.0,175.0,13331480.0,34070
2023-05-09 21:05:41,y2312,y2312,7618.0,5.0,380900.0,2.0,3,7618.0,7622.0,46,7610.0,7674.0,7674.0,7612.0,180.0,13712380.0,34072
2023-05-09 21:05:41,y2312,y2312,7618.0,3.0,228540.0,0.0,39,7616.0,7620.0,5,7610.0,7674.0,7674.0,7612.0,183.0,13940920.0,34072
2023-05-09 21:05:42,y2312,y2312,7618.0,0.0,0.0,0.0,29,7616.0,7620.0,16,7610.0,7674.0,7674.0,7612.0,183.0,13940920.0,34072
2023-05-09 21:05:42,y2312,y2312,7618.0,0.0,0.0,0.0,54,7616.0,7620.0,11,7610.0,7674.0,7674.0,7612.0,183.0,13940920.0,34072
2023-05-09 21:05:43,y2312,y2312,7618.0,0.0,0.0,0.0,64,7616.0,7620.0,11,7610.0,7674.0,7674.0,7612.0,183.0,13940920.0,34072
2023-05-09 21:05:46,y2312,y2312,7618.0,0.0,0.0,0.0,59,7616.0,7620.0,11,7610.0,7674.0,7674.0,7612.0,183.0,13940920.0,34072
2023-05-09 21:05:46,y2312,y2312,7618.0,0.0,0.0,0.0,60,7616.0,7620.0,11,7610.0,7674.0,7674.0,7612.0,183.0,13940920.0,34072
2023-05-09 21:05:47,y2312,y2312,7618.0,0.0,0.0,0.0,65,7616.0,7618.0,1,7610.0,7674.0,7674.0,7612.0,183.0,13940920.0,34072
2023-05-09 21:05:48,y2312,y2312,7618.0,0.0,0.0,0.0,70,7616.0,7618.0,1,7610.0,7674.0,7674.0,7612.0,183.0,13940920.0,34072
2023-05-09 21:05:49,y2312,y2312,7618.0,0.0,0.0,0.0,60,7616.0,7618.0,1,7610.0,7674.0,7674.0,7612.0,183.0,13940920.0,34072
2023-05-09 21:05:49,y2312,y2312,7618.0,0.0,0.0,0.0,35,7616.0,7618.0,1,7610.0,7674.0,7674.0,7612.0,183.0,13940920.0,34072
2023-05-09 21:05:50,y2312,y2312,7618.0,0.0,0.0,0.0,25,7616.0,7618.0,1,7610.0,7674.0,7674.0,7612.0,183.0,13940920.0,34072
2023-05-09 21:05:50,y2312,y2312,7618.0,0.0,0.0,0.0,20,7616.0,7618.0,1,7610.0,7674.0,7674.0,7612.0,183.0,13940920.0,34072
2023-05-09 21:05:56,y2312,y2312,7618.0,0.0,0.0,0.0,45,7616.0,7618.0,1,7610.0,7674.0,7674.0,7612.0,183.0,13940920.0,34072
2023-05-09 21:05:57,y2312,y2312,7618.0,0.0,0.0,0.0,60,7616.0,7618.0,1,7610.0,7674.0,7674.0,7612.0,183.0,13940920.0,34072
2023-05-09 21:05:58,y2312,y2312,7618.0,0.0,0.0,0.0,55,7616.0,7618.0,1,7610.0,7674.0,7674.0,7612.0,183.0,13940920.0,34072
2023-05-09 21:05:58,y2312,y2312,7618.0,0.0,0.0,0.0,60,7616.0,7618.0,1,7610.0,7674.0,7674.0,7612.0,183.0,13940920.0,34072
2023-05-09 21:06:01,y2312,y2312,7620.0,16.0,1219180.0,7.0,13,7620.0,7622.0,5,7610.0,7674.0,7674.0,7612.0,199.0,15160100.0,34079
2023-05-09 21:06:02,y2312,y2312,7622.0,2.0,152440.0,2.0,11,7622.0,7624.0,10,7610.0,7674.0,7674.0,7612.0,201.0,15312540.0,34081
2023-05-09 21:06:02,y2312,y2312,7622.0,1.0,76220.0,0.0,15,7622.0,7626.0,15,7610.0,7674.0,7674.0,7612.0,202.0,15388760.0,34081
2023-05-09 21:06:03,y2312,y2312,7622.0,0.0,0.0,0.0,10,7624.0,7628.0,45,7610.0,7674.0,7674.0,7612.0,202.0,15388760.0,34081
2023-05-09 21:06:03,y2312,y2312,7624.0,6.0,457440.0,-2.0,2,7624.0,7628.0,41,7610.0,7674.0,7674.0,7612.0,208.0,15846200.0,34079
2023-05-09 21:06:04,y2312,y2312,7624.0,2.0,152480.0,-1.0,60,7622.0,7628.0,36,7610.0,7674.0,7674.0,7612.0,210.0,15998680.0,34078
2023-05-09 21:06:04,y2312,y2312,7624.0,0.0,0.0,0.0,10,7624.0,7628.0,26,7610.0,7674.0,7674.0,7612.0,210.0,15998680.0,34078
2023-05-09 21:06:05,y2312,y2312,7624.0,0.0,0.0,0.0,19,7624.0,7628.0,16,7610.0,7674.0,7674.0,7612.0,210.0,15998680.0,34078
2023-05-09 21:06:05,y2312,y2312,7624.0,0.0,0.0,0.0,5,7626.0,7628.0,11,7610.0,7674.0,7674.0,7612.0,210.0,15998680.0,34078
2023-05-09 21:06:06,y2312,y2312,7628.0,15.0,1144100.0,-2.0,21,7626.0,7630.0,25,7610.0,7674.0,7674.0,7612.0,225.0,17142780.0,34076
2023-05-09 21:06:06,y2312,y2312,7628.0,2.0,152560.0,-1.0,21,7626.0,7630.0,6,7610.0,7674.0,7674.0,7612.0,227.0,17295340.0,34075
2023-05-09 21:06:07,y2312,y2312,7628.0,0.0,0.0,0.0,40,7626.0,7632.0,50,7610.0,7674.0,7674.0,7612.0,227.0,17295340.0,34075
2023-05-09 21:06:07,y2312,y2312,7628.0,0.0,0.0,0.0,55,7626.0,7632.0,70,7610.0,7674.0,7674.0,7612.0,227.0,17295340.0,34075
2023-05-09 21:06:08,y2312,y2312,7628.0,0.0,0.0,0.0,39,7626.0,7630.0,12,7610.0,7674.0,7674.0,7612.0,227.0,17295340.0,34075
2023-05-09 21:06:08,y2312,y2312,7628.0,0.0,0.0,0.0,30,7626.0,7630.0,28,7610.0,7674.0,7674.0,7612.0,227.0,17295340.0,34075
2023-05-09 21:06:09,y2312,y2312,7628.0,0.0,0.0,0.0,10,7626.0,7630.0,38,7610.0,7674.0,7674.0,7612.0,227.0,17295340.0,34075
2023-05-09 21:06:09,y2312,y2312,7628.0,0.0,0.0,0.0,4,7626.0,7630.0,38,7610.0,7674.0,7674.0,7612.0,227.0,17295340.0,34075
2023-05-09 21:06:10,y2312,y2312,7628.0,0.0,0.0,0.0,64,7624.0,7630.0,43,7610.0,7674.0,7674.0,7612.0,227.0,17295340.0,34075
2023-05-09 21:06:10,y2312,y2312,7628.0,0.0,0.0,0.0,64,7624.0,7630.0,53,7610.0,7674.0,7674.0,7612.0,227.0,17295340.0,34075
2023-05-09 21:06:11,y2312,y2312,7628.0,0.0,0.0,0.0,64,7624.0,7630.0,58,7610.0,7674.0,7674.0,7612.0,227.0,17295340.0,34075
2023-05-09 21:06:11,y2312,y2312,7628.0,0.0,0.0,0.0,59,7624.0,7628.0,5,7610.0,7674.0,7674.0,7612.0,227.0,17295340.0,34075
2023-05-09 21:06:12,y2312,y2312,7628.0,0.0,0.0,0.0,40,7624.0,7628.0,25,7610.0,7674.0,7674.0,7612.0,227.0,17295340.0,34075
2023-05-09 21:06:12,y2312,y2312,7628.0,0.0,0.0,0.0,20,7624.0,7628.0,21,7610.0,7674.0,7674.0,7612.0,227.0,17295340.0,34075
2023-05-09 21:06:13,y2312,y2312,7628.0,0.0,0.0,0.0,15,7624.0,7628.0,31,7610.0,7674.0,7674.0,7612.0,227.0,17295340.0,34075
2023-05-09 21:06:14,y2312,y2312,7628.0,0.0,0.0,0.0,15,7624.0,7628.0,36,7610.0,7674.0,7674.0,7612.0,227.0,17295340.0,34075
2023-05-09 21:06:14,y2312,y2312,7628.0,0.0,0.0,0.0,11,7624.0,7628.0,36,7610.0,7674.0,7674.0,7612.0,227.0,17295340.0,34075
2023-05-09 21:06:15,y2312,y2312,7628.0,0.0,0.0,0.0,15,7624.0,7628.0,31,7610.0,7674.0,7674.0,7612.0,227.0,17295340.0,34075
2023-05-09 21:06:16,y2312,y2312,7628.0,0.0,0.0,0.0,40,7624.0,7630.0,62,7610.0,7674.0,7674.0,7612.0,227.0,17295340.0,34075
2023-05-09 21:06:16,y2312,y2312,7628.0,0.0,0.0,0.0,50,7624.0,7628.0,1,7610.0,7674.0,7674.0,7612.0,227.0,17295340.0,34075
2023-05-09 21:06:17,y2312,y2312,7628.0,1.0,76280.0,0.0,55,7624.0,7630.0,67,7610.0,7674.0,7674.0,7612.0,228.0,17371620.0,34075
2023-05-09 21:06:18,y2312,y2312,7628.0,0.0,0.0,0.0,55,7624.0,7630.0,72,7610.0,7674.0,7674.0,7612.0,228.0,17371620.0,34075
2023-05-09 21:06:19,y2312,y2312,7628.0,0.0,0.0,0.0,20,7624.0,7628.0,21,7610.0,7674.0,7674.0,7612.0,228.0,17371620.0,34075
2023-05-09 21:06:19,y2312,y2312,7628.0,0.0,0.0,0.0,5,7624.0,7628.0,21,7610.0,7674.0,7674.0,7612.0,228.0,17371620.0,34075
2023-05-09 21:06:20,y2312,y2312,7628.0,0.0,0.0,0.0,4,7624.0,7628.0,21,7610.0,7674.0,7674.0,7612.0,228.0,17371620.0,34075
2023-05-09 21:06:21,y2312,y2312,7628.0,0.0,0.0,0.0,65,7622.0,7628.0,21,7610.0,7674.0,7674.0,7612.0,228.0,17371620.0,34075
2023-05-09 21:06:22,y2312,y2312,7628.0,0.0,0.0,0.0,46,7622.0,7626.0,17,7610.0,7674.0,7674.0,7612.0,228.0,17371620.0,34075
2023-05-09 21:06:22,y2312,y2312,7628.0,0.0,0.0,0.0,46,7622.0,7626.0,18,7610.0,7674.0,7674.0,7612.0,228.0,17371620.0,34075
2023-05-09 21:06:23,y2312,y2312,7628.0,0.0,0.0,0.0,31,7622.0,7626.0,18,7610.0,7674.0,7674.0,7612.0,228.0,17371620.0,34075
2023-05-09 21:06:23,y2312,y2312,7628.0,0.0,0.0,0.0,21,7622.0,7626.0,13,7610.0,7674.0,7674.0,7612.0,228.0,17371620.0,34075
2023-05-09 21:06:24,y2312,y2312,7628.0,0.0,0.0,0.0,17,7622.0,7626.0,7,7610.0,7674.0,7674.0,7612.0,228.0,17371620.0,34075
2023-05-09 21:06:24,y2312,y2312,7628.0,0.0,0.0,0.0,21,7622.0,7626.0,7,7610.0,7674.0,7674.0,7612.0,228.0,17371620.0,34075
2023-05-09 21:06:25,y2312,y2312,7628.0,0.0,0.0,0.0,26,7622.0,7626.0,12,7610.0,7674.0,7674.0,7612.0,228.0,17371620.0,34075
2023-05-09 21:06:25,y2312,y2312,7628.0,0.0,0.0,0.0,26,7622.0,7626.0,13,7610.0,7674.0,7674.0,7612.0,228.0,17371620.0,34075
2023-05-09 21:06:26,y2312,y2312,7628.0,0.0,0.0,0.0,26,7622.0,7626.0,5,7610.0,7674.0,7674.0,7612.0,228.0,17371620.0,34075
2023-05-09 21:06:27,y2312,y2312,7628.0,0.0,0.0,0.0,26,7622.0,7626.0,10,7610.0,7674.0,7674.0,7612.0,228.0,17371620.0,34075
2023-05-09 21:06:27,y2312,y2312,7628.0,0.0,0.0,0.0,26,7622.0,7626.0,11,7610.0,7674.0,7674.0,7612.0,228.0,17371620.0,34075
2023-05-09 21:06:31,y2312,y2312,7628.0,0.0,0.0,0.0,20,7622.0,7624.0,5,7610.0,7674.0,7674.0,7612.0,228.0,17371620.0,34075
2023-05-09 21:06:32,y2312,y2312,7628.0,0.0,0.0,0.0,16,7622.0,7626.0,20,7610.0,7674.0,7674.0,7612.0,228.0,17371620.0,34075
2023-05-09 21:06:32,y2312,y2312,7628.0,0.0,0.0,0.0,22,7622.0,7626.0,6,7610.0,7674.0,7674.0,7612.0,228.0,17371620.0,34075
2023-05-09 21:06:33,y2312,y2312,7628.0,0.0,0.0,0.0,27,7622.0,7626.0,10,7610.0,7674.0,7674.0,7612.0,228.0,17371620.0,34075
2023-05-09 21:06:33,y2312,y2312,7628.0,0.0,0.0,0.0,27,7622.0,7626.0,11,7610.0,7674.0,7674.0,7612.0,228.0,17371620.0,34075
2023-05-09 21:06:38,y2312,y2312,7628.0,0.0,0.0,0.0,27,7622.0,7626.0,6,7610.0,7674.0,7674.0,7612.0,228.0,17371620.0,34075
2023-05-09 21:06:38,y2312,y2312,7628.0,0.0,0.0,0.0,27,7622.0,7626.0,10,7610.0,7674.0,7674.0,7612.0,228.0,17371620.0,34075
2023-05-09 21:06:39,y2312,y2312,7628.0,0.0,0.0,0.0,27,7622.0,7626.0,11,7610.0,7674.0,7674.0,7612.0,228.0,17371620.0,34075
2023-05-09 21:06:55,y2312,y2312,7622.0,23.0,1753060.0,-6.0,28,7620.0,7622.0,11,7610.0,7674.0,7674.0,7612.0,251.0,19124680.0,34069
2023-05-09 21:06:56,y2312,y2312,7622.0,0.0,0.0,0.0,12,7620.0,7622.0,6,7610.0,7674.0,7674.0,7612.0,251.0,19124680.0,34069
2023-05-09 21:06:56,y2312,y2312,7622.0,0.0,0.0,0.0,17,7620.0,7622.0,6,7610.0,7674.0,7674.0,7612.0,251.0,19124680.0,34069
2023-05-09 21:06:57,y2312,y2312,7622.0,0.0,0.0,0.0,12,7620.0,7622.0,6,7610.0,7674.0,7674.0,7612.0,251.0,19124680.0,34069
2023-05-09 21:07:02,y2312,y2312,7622.0,0.0,0.0,0.0,8,7620.0,7622.0,6,7610.0,7674.0,7674.0,7612.0,251.0,19124680.0,34069
2023-05-09 21:07:03,y2312,y2312,7622.0,0.0,0.0,0.0,3,7620.0,7622.0,6,7610.0,7674.0,7674.0,7612.0,251.0,19124680.0,34069
2023-05-09 21:07:04,y2312,y2312,7622.0,6.0,457320.0,6.0,18,7620.0,7624.0,20,7610.0,7674.0,7674.0,7612.0,257.0,19582000.0,34075
2023-05-09 21:07:04,y2312,y2312,7622.0,0.0,0.0,0.0,18,7620.0,7624.0,16,7610.0,7674.0,7674.0,7612.0,257.0,19582000.0,34075
2023-05-09 21:07:04,y2312,y2312,7622.0,0.0,0.0,0.0,18,7620.0,7624.0,11,7610.0,7674.0,7674.0,7612.0,257.0,19582000.0,34075
2023-05-09 21:07:07,y2312,y2312,7624.0,5.0,381200.0,0.0,5,7622.0,7624.0,5,7610.0,7674.0,7674.0,7612.0,262.0,19963200.0,34075
2023-05-09 21:07:07,y2312,y2312,7624.0,2.0,152480.0,2.0,6,7624.0,7626.0,16,7610.0,7674.0,7674.0,7612.0,264.0,20115680.0,34077
2023-05-09 21:07:08,y2312,y2312,7624.0,0.0,0.0,0.0,11,7624.0,7626.0,5,7610.0,7674.0,7674.0,7612.0,264.0,20115680.0,34077
2023-05-09 21:07:08,y2312,y2312,7624.0,0.0,0.0,0.0,17,7624.0,7628.0,46,7610.0,7674.0,7674.0,7612.0,264.0,20115680.0,34077
2023-05-09 21:07:10,y2312,y2312,7624.0,16.0,1219840.0,8.0,35,7622.0,7624.0,5,7610.0,7674.0,7674.0,7612.0,280.0,21335520.0,34085
2023-05-09 21:07:10,y2312,y2312,7624.0,4.0,304960.0,0.0,6,7622.0,7624.0,1,7610.0,7674.0,7674.0,7612.0,284.0,21640480.0,34085
2023-05-09 21:07:11,y2312,y2312,7624.0,0.0,0.0,0.0,64,7620.0,7624.0,1,7610.0,7674.0,7674.0,7612.0,284.0,21640480.0,34085
2023-05-09 21:07:11,y2312,y2312,7624.0,0.0,0.0,0.0,4,7622.0,7624.0,1,7610.0,7674.0,7674.0,7612.0,284.0,21640480.0,34085
2023-05-09 21:07:12,y2312,y2312,7624.0,0.0,0.0,0.0,78,7620.0,7624.0,1,7610.0,7674.0,7674.0,7612.0,284.0,21640480.0,34085
2023-05-09 21:07:12,y2312,y2312,7624.0,0.0,0.0,0.0,73,7620.0,7624.0,1,7610.0,7674.0,7674.0,7612.0,284.0,21640480.0,34085
2023-05-09 21:07:15,y2312,y2312,7624.0,0.0,0.0,0.0,48,7620.0,7624.0,16,7610.0,7674.0,7674.0,7612.0,284.0,21640480.0,34085
2023-05-09 21:07:16,y2312,y2312,7624.0,0.0,0.0,0.0,53,7620.0,7624.0,17,7610.0,7674.0,7674.0,7612.0,284.0,21640480.0,34085
2023-05-09 21:07:16,y2312,y2312,7624.0,0.0,0.0,0.0,43,7620.0,7624.0,17,7610.0,7674.0,7674.0,7612.0,284.0,21640480.0,34085
2023-05-09 21:07:17,y2312,y2312,7624.0,0.0,0.0,0.0,33,7620.0,7624.0,17,7610.0,7674.0,7674.0,7612.0,284.0,21640480.0,34085
2023-05-09 21:07:19,y2312,y2312,7624.0,0.0,0.0,0.0,28,7620.0,7624.0,17,7610.0,7674.0,7674.0,7612.0,284.0,21640480.0,34085
2023-05-09 21:07:25,y2312,y2312,7624.0,0.0,0.0,0.0,22,7620.0,7624.0,16,7610.0,7674.0,7674.0,7612.0,284.0,21640480.0,34085
2023-05-09 21:07:25,y2312,y2312,7620.0,1.0,76200.0,-1.0,7,7620.0,7622.0,7,7610.0,7674.0,7674.0,7612.0,285.0,21716680.0,34084
2023-05-09 21:07:26,y2312,y2312,7620.0,0.0,0.0,0.0,2,7620.0,7622.0,16,7610.0,7674.0,7674.0,7612.0,285.0,21716680.0,34084
2023-05-09 21:07:27,y2312,y2312,7620.0,0.0,0.0,0.0,2,7620.0,7622.0,15,7610.0,7674.0,7674.0,7612.0,285.0,21716680.0,34084
2023-05-09 21:07:28,y2312,y2312,7620.0,2.0,152400.0,-2.0,21,7618.0,7622.0,16,7610.0,7674.0,7674.0,7612.0,287.0,21869080.0,34082
2023-05-09 21:07:28,y2312,y2312,7620.0,0.0,0.0,0.0,25,7618.0,7622.0,10,7610.0,7674.0,7674.0,7612.0,287.0,21869080.0,34082
2023-05-09 21:07:28,y2312,y2312,7620.0,0.0,0.0,0.0,25,7618.0,7622.0,11,7610.0,7674.0,7674.0,7612.0,287.0,21869080.0,34082
2023-05-09 21:07:29,y2312,y2312,7620.0,0.0,0.0,0.0,21,7618.0,7622.0,11,7610.0,7674.0,7674.0,7612.0,287.0,21869080.0,34082
2023-05-09 21:07:30,y2312,y2312,7620.0,0.0,0.0,0.0,21,7618.0,7622.0,5,7610.0,7674.0,7674.0,7612.0,287.0,21869080.0,34082
2023-05-09 21:07:36,y2312,y2312,7620.0,0.0,0.0,0.0,25,7618.0,7622.0,5,7610.0,7674.0,7674.0,7612.0,287.0,21869080.0,34082
2023-05-09 21:07:37,y2312,y2312,7620.0,0.0,0.0,0.0,5,7620.0,7624.0,39,7610.0,7674.0,7674.0,7612.0,287.0,21869080.0,34082
2023-05-09 21:07:37,y2312,y2312,7620.0,0.0,0.0,0.0,5,7620.0,7624.0,24,7610.0,7674.0,7674.0,7612.0,287.0,21869080.0,34082
2023-05-09 21:07:39,y2312,y2312,7620.0,0.0,0.0,0.0,5,7620.0,7624.0,14,7610.0,7674.0,7674.0,7612.0,287.0,21869080.0,34082
2023-05-09 21:07:40,y2312,y2312,7620.0,0.0,0.0,0.0,74,7618.0,7624.0,19,7610.0,7674.0,7674.0,7612.0,287.0,21869080.0,34082
2023-05-09 21:07:42,y2312,y2312,7620.0,0.0,0.0,0.0,5,7620.0,7624.0,14,7610.0,7674.0,7674.0,7612.0,287.0,21869080.0,34082
2023-05-09 21:07:44,y2312,y2312,7620.0,5.0,381000.0,5.0,30,7618.0,7622.0,5,7610.0,7674.0,7674.0,7612.0,292.0,22250080.0,34087
2023-05-09 21:07:45,y2312,y2312,7620.0,0.0,0.0,0.0,30,7618.0,7622.0,16,7610.0,7674.0,7674.0,7612.0,292.0,22250080.0,34087
2023-05-09 21:07:45,y2312,y2312,7620.0,0.0,0.0,0.0,20,7618.0,7622.0,11,7610.0,7674.0,7674.0,7612.0,292.0,22250080.0,34087
2023-05-09 21:07:53,y2312,y2312,7620.0,0.0,0.0,0.0,35,7618.0,7622.0,6,7610.0,7674.0,7674.0,7612.0,292.0,22250080.0,34087
2023-05-09 21:07:53,y2312,y2312,7620.0,0.0,0.0,0.0,70,7618.0,7624.0,51,7610.0,7674.0,7674.0,7612.0,292.0,22250080.0,34087
2023-05-09 21:07:54,y2312,y2312,7620.0,0.0,0.0,0.0,84,7618.0,7624.0,47,7610.0,7674.0,7674.0,7612.0,292.0,22250080.0,34087
2023-05-09 21:07:54,y2312,y2312,7620.0,0.0,0.0,0.0,84,7618.0,7624.0,52,7610.0,7674.0,7674.0,7612.0,292.0,22250080.0,34087
2023-05-09 21:07:59,y2312,y2312,7620.0,0.0,0.0,0.0,5,7620.0,7624.0,27,7610.0,7674.0,7674.0,7612.0,292.0,22250080.0,34087
2023-05-09 21:08:00,y2312,y2312,7620.0,0.0,0.0,0.0,15,7620.0,7624.0,12,7610.0,7674.0,7674.0,7612.0,292.0,22250080.0,34087
2023-05-09 21:08:02,y2312,y2312,7620.0,0.0,0.0,0.0,35,7620.0,7624.0,7,7610.0,7674.0,7674.0,7612.0,292.0,22250080.0,34087
2023-05-09 21:08:02,y2312,y2312,7620.0,0.0,0.0,0.0,50,7620.0,7624.0,1,7610.0,7674.0,7674.0,7612.0,292.0,22250080.0,34087
2023-05-09 21:08:02,y2312,y2312,7620.0,0.0,0.0,0.0,60,7620.0,7624.0,1,7610.0,7674.0,7674.0,7612.0,292.0,22250080.0,34087
2023-05-09 21:08:04,y2312,y2312,7620.0,0.0,0.0,0.0,70,7620.0,7624.0,1,7610.0,7674.0,7674.0,7612.0,292.0,22250080.0,34087
2023-05-09 21:08:05,y2312,y2312,7620.0,0.0,0.0,0.0,65,7620.0,7624.0,1,7610.0,7674.0,7674.0,7612.0,292.0,22250080.0,34087
2023-05-09 21:08:06,y2312,y2312,7620.0,0.0,0.0,0.0,60,7620.0,7624.0,1,7610.0,7674.0,7674.0,7612.0,292.0,22250080.0,34087
2023-05-09 21:08:06,y2312,y2312,7620.0,0.0,0.0,0.0,65,7620.0,7624.0,1,7610.0,7674.0,7674.0,7612.0,292.0,22250080.0,34087
2023-05-09 21:08:07,y2312,y2312,7624.0,1.0,76240.0,0.0,4,7624.0,7626.0,31,7610.0,7674.0,7674.0,7612.0,293.0,22326320.0,34087
2023-05-09 21:08:08,y2312,y2312,7624.0,4.0,304960.0,-1.0,4,7624.0,7626.0,46,7610.0,7674.0,7674.0,7612.0,297.0,22631280.0,34086
2023-05-09 21:08:08,y2312,y2312,7624.0,4.0,304960.0,-1.0,75,7620.0,7626.0,61,7610.0,7674.0,7674.0,7612.0,301.0,22936240.0,34085
2023-05-09 21:08:08,y2312,y2312,7624.0,0.0,0.0,0.0,75,7620.0,7626.0,56,7610.0,7674.0,7674.0,7612.0,301.0,22936240.0,34085
2023-05-09 21:08:09,y2312,y2312,7624.0,0.0,0.0,0.0,70,7620.0,7626.0,61,7610.0,7674.0,7674.0,7612.0,301.0,22936240.0,34085
2023-05-09 21:08:10,y2312,y2312,7624.0,0.0,0.0,0.0,75,7620.0,7626.0,50,7610.0,7674.0,7674.0,7612.0,301.0,22936240.0,34085
2023-05-09 21:08:10,y2312,y2312,7624.0,0.0,0.0,0.0,80,7620.0,7626.0,51,7610.0,7674.0,7674.0,7612.0,301.0,22936240.0,34085
2023-05-09 21:08:11,y2312,y2312,7624.0,0.0,0.0,0.0,50,7620.0,7624.0,17,7610.0,7674.0,7674.0,7612.0,301.0,22936240.0,34085
2023-05-09 21:08:12,y2312,y2312,7624.0,0.0,0.0,0.0,16,7620.0,7624.0,23,7610.0,7674.0,7674.0,7612.0,301.0,22936240.0,34085
2023-05-09 21:08:12,y2312,y2312,7624.0,0.0,0.0,0.0,11,7620.0,7624.0,13,7610.0,7674.0,7674.0,7612.0,301.0,22936240.0,34085
2023-05-09 21:08:13,y2312,y2312,7624.0,0.0,0.0,0.0,16,7620.0,7624.0,43,7610.0,7674.0,7674.0,7612.0,301.0,22936240.0,34085
2023-05-09 21:08:13,y2312,y2312,7624.0,0.0,0.0,0.0,65,7618.0,7624.0,58,7610.0,7674.0,7674.0,7612.0,301.0,22936240.0,34085
2023-05-09 21:08:13,y2312,y2312,7624.0,0.0,0.0,0.0,70,7618.0,7624.0,53,7610.0,7674.0,7674.0,7612.0,301.0,22936240.0,34085
2023-05-09 21:08:14,y2312,y2312,7624.0,0.0,0.0,0.0,5,7620.0,7624.0,38,7610.0,7674.0,7674.0,7612.0,301.0,22936240.0,34085
2023-05-09 21:08:15,y2312,y2312,7624.0,0.0,0.0,0.0,75,7618.0,7624.0,16,7610.0,7674.0,7674.0,7612.0,301.0,22936240.0,34085
2023-05-09 21:08:17,y2312,y2312,7624.0,0.0,0.0,0.0,11,7620.0,7624.0,16,7610.0,7674.0,7674.0,7612.0,301.0,22936240.0,34085
2023-05-09 21:08:17,y2312,y2312,7624.0,0.0,0.0,0.0,16,7620.0,7624.0,41,7610.0,7674.0,7674.0,7612.0,301.0,22936240.0,34085
2023-05-09 21:08:18,y2312,y2312,7624.0,0.0,0.0,0.0,6,7620.0,7624.0,41,7610.0,7674.0,7674.0,7612.0,301.0,22936240.0,34085
2023-05-09 21:08:18,y2312,y2312,7624.0,0.0,0.0,0.0,55,7618.0,7624.0,50,7610.0,7674.0,7674.0,7612.0,301.0,22936240.0,34085
2023-05-09 21:08:19,y2312,y2312,7624.0,0.0,0.0,0.0,51,7618.0,7624.0,70,7610.0,7674.0,7674.0,7612.0,301.0,22936240.0,34085
2023-05-09 21:08:19,y2312,y2312,7624.0,0.0,0.0,0.0,46,7618.0,7624.0,75,7610.0,7674.0,7674.0,7612.0,301.0,22936240.0,34085
2023-05-09 21:08:21,y2312,y2312,7624.0,0.0,0.0,0.0,51,7618.0,7624.0,75,7610.0,7674.0,7674.0,7612.0,301.0,22936240.0,34085
2023-05-09 21:08:22,y2312,y2312,7624.0,0.0,0.0,0.0,55,7618.0,7624.0,50,7610.0,7674.0,7674.0,7612.0,301.0,22936240.0,34085
2023-05-09 21:08:23,y2312,y2312,7624.0,0.0,0.0,0.0,5,7620.0,7624.0,36,7610.0,7674.0,7674.0,7612.0,301.0,22936240.0,34085
2023-05-09 21:08:23,y2312,y2312,7624.0,0.0,0.0,0.0,51,7618.0,7624.0,60,7610.0,7674.0,7674.0,7612.0,301.0,22936240.0,34085
2023-05-09 21:08:24,y2312,y2312,7624.0,0.0,0.0,0.0,51,7618.0,7624.0,75,7610.0,7674.0,7674.0,7612.0,301.0,22936240.0,34085
2023-05-09 21:08:24,y2312,y2312,7624.0,0.0,0.0,0.0,56,7618.0,7624.0,70,7610.0,7674.0,7674.0,7612.0,301.0,22936240.0,34085
2023-05-09 21:08:25,y2312,y2312,7624.0,0.0,0.0,0.0,70,7618.0,7624.0,46,7610.0,7674.0,7674.0,7612.0,301.0,22936240.0,34085
2023-05-09 21:08:25,y2312,y2312,7624.0,0.0,0.0,0.0,75,7618.0,7624.0,51,7610.0,7674.0,7674.0,7612.0,301.0,22936240.0,34085
2023-05-09 21:08:25,y2312,y2312,7624.0,0.0,0.0,0.0,75,7618.0,7624.0,46,7610.0,7674.0,7674.0,7612.0,301.0,22936240.0,34085
2023-05-09 21:08:26,y2312,y2312,7624.0,0.0,0.0,0.0,75,7618.0,7624.0,51,7610.0,7674.0,7674.0,7612.0,301.0,22936240.0,34085
2023-05-09 21:08:27,y2312,y2312,7624.0,0.0,0.0,0.0,5,7620.0,7624.0,46,7610.0,7674.0,7674.0,7612.0,301.0,22936240.0,34085
2023-05-09 21:08:28,y2312,y2312,7624.0,0.0,0.0,0.0,11,7620.0,7624.0,36,7610.0,7674.0,7674.0,7612.0,301.0,22936240.0,34085
2023-05-09 21:08:28,y2312,y2312,7624.0,0.0,0.0,0.0,16,7620.0,7624.0,26,7610.0,7674.0,7674.0,7612.0,301.0,22936240.0,34085
2023-05-09 21:08:29,y2312,y2312,7624.0,0.0,0.0,0.0,6,7620.0,7624.0,31,7610.0,7674.0,7674.0,7612.0,301.0,22936240.0,34085
2023-05-09 21:08:29,y2312,y2312,7624.0,0.0,0.0,0.0,70,7618.0,7624.0,41,7610.0,7674.0,7674.0,7612.0,301.0,22936240.0,34085
2023-05-09 21:08:30,y2312,y2312,7624.0,0.0,0.0,0.0,70,7618.0,7624.0,46,7610.0,7674.0,7674.0,7612.0,301.0,22936240.0,34085
2023-05-09 21:08:30,y2312,y2312,7624.0,0.0,0.0,0.0,70,7618.0,7624.0,51,7610.0,7674.0,7674.0,7612.0,301.0,22936240.0,34085
2023-05-09 21:08:31,y2312,y2312,7624.0,0.0,0.0,0.0,8,7620.0,7624.0,41,7610.0,7674.0,7674.0,7612.0,301.0,22936240.0,34085
2023-05-09 21:08:33,y2312,y2312,7624.0,0.0,0.0,0.0,8,7620.0,7624.0,46,7610.0,7674.0,7674.0,7612.0,301.0,22936240.0,34085
2023-05-09 21:08:34,y2312,y2312,7624.0,0.0,0.0,0.0,24,7620.0,7624.0,46,7610.0,7674.0,7674.0,7612.0,301.0,22936240.0,34085
2023-05-09 21:08:36,y2312,y2312,7624.0,0.0,0.0,0.0,38,7620.0,7624.0,20,7610.0,7674.0,7674.0,7612.0,301.0,22936240.0,34085
2023-05-09 21:08:37,y2312,y2312,7624.0,5.0,381200.0,-1.0,8,7624.0,7626.0,45,7610.0,7674.0,7674.0,7612.0,306.0,23317440.0,34084
2023-05-09 21:08:37,y2312,y2312,7624.0,12.0,914880.0,-3.0,1,7622.0,7626.0,55,7610.0,7674.0,7674.0,7612.0,318.0,24232320.0,34081
2023-05-09 21:08:38,y2312,y2312,7624.0,0.0,0.0,0.0,56,7620.0,7624.0,5,7610.0,7674.0,7674.0,7612.0,318.0,24232320.0,34081
2023-05-09 21:08:38,y2312,y2312,7624.0,0.0,0.0,0.0,51,7620.0,7624.0,5,7610.0,7674.0,7674.0,7612.0,318.0,24232320.0,34081
2023-05-09 21:08:39,y2312,y2312,7624.0,0.0,0.0,0.0,56,7620.0,7624.0,5,7610.0,7674.0,7674.0,7612.0,318.0,24232320.0,34081
2023-05-09 21:08:40,y2312,y2312,7624.0,0.0,0.0,0.0,66,7620.0,7624.0,5,7610.0,7674.0,7674.0,7612.0,318.0,24232320.0,34081
2023-05-09 21:08:41,y2312,y2312,7624.0,5.0,381200.0,1.0,3,7624.0,7626.0,50,7610.0,7674.0,7674.0,7612.0,323.0,24613520.0,34082
2023-05-09 21:08:41,y2312,y2312,7624.0,3.0,228720.0,-1.0,3,7624.0,7626.0,41,7610.0,7674.0,7674.0,7612.0,326.0,24842240.0,34081
2023-05-09 21:08:42,y2312,y2312,7624.0,3.0,228720.0,-1.0,2,7622.0,7626.0,55,7610.0,7674.0,7674.0,7612.0,329.0,25070960.0,34080
2023-05-09 21:08:42,y2312,y2312,7624.0,0.0,0.0,0.0,2,7622.0,7626.0,66,7610.0,7674.0,7674.0,7612.0,329.0,25070960.0,34080
2023-05-09 21:08:43,y2312,y2312,7624.0,0.0,0.0,0.0,63,7620.0,7626.0,70,7610.0,7674.0,7674.0,7612.0,329.0,25070960.0,34080
2023-05-09 21:08:43,y2312,y2312,7624.0,0.0,0.0,0.0,58,7620.0,7626.0,75,7610.0,7674.0,7674.0,7612.0,329.0,25070960.0,34080
2023-05-09 21:08:45,y2312,y2312,7624.0,0.0,0.0,0.0,58,7620.0,7626.0,70,7610.0,7674.0,7674.0,7612.0,329.0,25070960.0,34080
2023-05-09 21:08:48,y2312,y2312,7624.0,0.0,0.0,0.0,58,7620.0,7626.0,75,7610.0,7674.0,7674.0,7612.0,329.0,25070960.0,34080
2023-05-09 21:08:56,y2312,y2312,7624.0,0.0,0.0,0.0,62,7620.0,7626.0,60,7610.0,7674.0,7674.0,7612.0,329.0,25070960.0,34080
2023-05-09 21:08:56,y2312,y2312,7624.0,0.0,0.0,0.0,72,7620.0,7626.0,56,7610.0,7674.0,7674.0,7612.0,329.0,25070960.0,34080
2023-05-09 21:08:57,y2312,y2312,7624.0,0.0,0.0,0.0,82,7620.0,7626.0,51,7610.0,7674.0,7674.0,7612.0,329.0,25070960.0,34080
2023-05-09 21:08:58,y2312,y2312,7624.0,0.0,0.0,0.0,77,7620.0,7626.0,56,7610.0,7674.0,7674.0,7612.0,329.0,25070960.0,34080
2023-05-09 21:09:01,y2312,y2312,7624.0,0.0,0.0,0.0,42,7620.0,7624.0,22,7610.0,7674.0,7674.0,7612.0,329.0,25070960.0,34080
2023-05-09 21:09:01,y2312,y2312,7624.0,0.0,0.0,0.0,13,7620.0,7624.0,18,7610.0,7674.0,7674.0,7612.0,329.0,25070960.0,34080
2023-05-09 21:09:02,y2312,y2312,7624.0,0.0,0.0,0.0,2,7620.0,7624.0,18,7610.0,7674.0,7674.0,7612.0,329.0,25070960.0,34080
2023-05-09 21:09:02,y2312,y2312,7624.0,0.0,0.0,0.0,65,7618.0,7624.0,18,7610.0,7674.0,7674.0,7612.0,329.0,25070960.0,34080
2023-05-09 21:09:02,y2312,y2312,7624.0,0.0,0.0,0.0,72,7618.0,7624.0,18,7610.0,7674.0,7674.0,7612.0,329.0,25070960.0,34080
2023-05-09 21:09:07,y2312,y2312,7624.0,0.0,0.0,0.0,67,7618.0,7624.0,17,7610.0,7674.0,7674.0,7612.0,329.0,25070960.0,34080
2023-05-09 21:09:07,y2312,y2312,7624.0,0.0,0.0,0.0,72,7618.0,7624.0,19,7610.0,7674.0,7674.0,7612.0,329.0,25070960.0,34080
2023-05-09 21:09:19,y2312,y2312,7624.0,0.0,0.0,0.0,5,7620.0,7624.0,13,7610.0,7674.0,7674.0,7612.0,329.0,25070960.0,34080
2023-05-09 21:09:19,y2312,y2312,7624.0,0.0,0.0,0.0,72,7618.0,7624.0,19,7610.0,7674.0,7674.0,7612.0,329.0,25070960.0,34080
2023-05-09 21:09:20,y2312,y2312,7624.0,0.0,0.0,0.0,67,7618.0,7624.0,19,7610.0,7674.0,7674.0,7612.0,329.0,25070960.0,34080
2023-05-09 21:09:21,y2312,y2312,7624.0,0.0,0.0,0.0,62,7618.0,7624.0,18,7610.0,7674.0,7674.0,7612.0,329.0,25070960.0,34080
2023-05-09 21:09:22,y2312,y2312,7624.0,0.0,0.0,0.0,67,7618.0,7624.0,19,7610.0,7674.0,7674.0,7612.0,329.0,25070960.0,34080
2023-05-09 21:09:22,y2312,y2312,7624.0,0.0,0.0,0.0,72,7618.0,7624.0,19,7610.0,7674.0,7674.0,7612.0,329.0,25070960.0,34080
2023-05-09 21:09:23,y2312,y2312,7624.0,0.0,0.0,0.0,5,7620.0,7624.0,13,7610.0,7674.0,7674.0,7612.0,329.0,25070960.0,34080
2023-05-09 21:09:23,y2312,y2312,7624.0,0.0,0.0,0.0,23,7620.0,7624.0,11,7610.0,7674.0,7674.0,7612.0,329.0,25070960.0,34080
2023-05-09 21:09:25,y2312,y2312,7624.0,0.0,0.0,0.0,28,7620.0,7626.0,70,7610.0,7674.0,7674.0,7612.0,329.0,25070960.0,34080
2023-05-09 21:09:25,y2312,y2312,7624.0,0.0,0.0,0.0,33,7620.0,7626.0,71,7610.0,7674.0,7674.0,7612.0,329.0,25070960.0,34080
2023-05-09 21:09:26,y2312,y2312,7624.0,0.0,0.0,0.0,43,7620.0,7626.0,71,7610.0,7674.0,7674.0,7612.0,329.0,25070960.0,34080
2023-05-09 21:09:26,y2312,y2312,7624.0,0.0,0.0,0.0,53,7620.0,7626.0,71,7610.0,7674.0,7674.0,7612.0,329.0,25070960.0,34080
2023-05-09 21:09:30,y2312,y2312,7624.0,0.0,0.0,0.0,32,7620.0,7624.0,22,7610.0,7674.0,7674.0,7612.0,329.0,25070960.0,34080
2023-05-09 21:09:30,y2312,y2312,7624.0,0.0,0.0,0.0,13,7620.0,7624.0,38,7610.0,7674.0,7674.0,7612.0,329.0,25070960.0,34080
2023-05-09 21:09:31,y2312,y2312,7624.0,0.0,0.0,0.0,11,7620.0,7624.0,43,7610.0,7674.0,7674.0,7612.0,329.0,25070960.0,34080
2023-05-09 21:09:31,y2312,y2312,7620.0,17.0,1295320.0,7.0,47,7618.0,7622.0,1,7610.0,7674.0,7674.0,7612.0,346.0,26366280.0,34087
2023-05-09 21:09:32,y2312,y2312,7620.0,0.0,0.0,0.0,52,7618.0,7624.0,61,7610.0,7674.0,7674.0,7612.0,346.0,26366280.0,34087
2023-05-09 21:09:32,y2312,y2312,7620.0,0.0,0.0,0.0,52,7618.0,7624.0,66,7610.0,7674.0,7674.0,7612.0,346.0,26366280.0,34087
2023-05-09 21:09:33,y2312,y2312,7620.0,0.0,0.0,0.0,57,7618.0,7624.0,66,7610.0,7674.0,7674.0,7612.0,346.0,26366280.0,34087
2023-05-09 21:09:35,y2312,y2312,7620.0,0.0,0.0,0.0,67,7618.0,7624.0,52,7610.0,7674.0,7674.0,7612.0,346.0,26366280.0,34087
2023-05-09 21:09:35,y2312,y2312,7620.0,0.0,0.0,0.0,72,7618.0,7624.0,47,7610.0,7674.0,7674.0,7612.0,346.0,26366280.0,34087
2023-05-09 21:09:36,y2312,y2312,7620.0,0.0,0.0,0.0,72,7618.0,7622.0,2,7610.0,7674.0,7674.0,7612.0,346.0,26366280.0,34087
2023-05-09 21:09:36,y2312,y2312,7620.0,0.0,0.0,0.0,58,7618.0,7622.0,2,7610.0,7674.0,7674.0,7612.0,346.0,26366280.0,34087
2023-05-09 21:09:43,y2312,y2312,7620.0,0.0,0.0,0.0,63,7618.0,7622.0,2,7610.0,7674.0,7674.0,7612.0,346.0,26366280.0,34087
2023-05-09 21:09:49,y2312,y2312,7620.0,0.0,0.0,0.0,43,7618.0,7622.0,23,7610.0,7674.0,7674.0,7612.0,346.0,26366280.0,34087
2023-05-09 21:09:50,y2312,y2312,7620.0,0.0,0.0,0.0,45,7618.0,7622.0,8,7610.0,7674.0,7674.0,7612.0,346.0,26366280.0,34087
2023-05-09 21:09:50,y2312,y2312,7620.0,0.0,0.0,0.0,55,7618.0,7622.0,2,7610.0,7674.0,7674.0,7612.0,346.0,26366280.0,34087
2023-05-09 21:09:51,y2312,y2312,7620.0,0.0,0.0,0.0,70,7618.0,7622.0,2,7610.0,7674.0,7674.0,7612.0,346.0,26366280.0,34087
2023-05-09 21:09:55,y2312,y2312,7620.0,0.0,0.0,0.0,70,7618.0,7624.0,66,7610.0,7674.0,7674.0,7612.0,346.0,26366280.0,34087
2023-05-09 21:09:56,y2312,y2312,7620.0,0.0,0.0,0.0,84,7618.0,7624.0,47,7610.0,7674.0,7674.0,7612.0,346.0,26366280.0,34087
2023-05-09 21:09:56,y2312,y2312,7620.0,0.0,0.0,0.0,84,7618.0,7624.0,52,7610.0,7674.0,7674.0,7612.0,346.0,26366280.0,34087
2023-05-09 21:09:56,y2312,y2312,7620.0,0.0,0.0,0.0,79,7618.0,7624.0,57,7610.0,7674.0,7674.0,7612.0,346.0,26366280.0,34087
2023-05-09 21:10:00,y2312,y2312,7620.0,0.0,0.0,0.0,54,7618.0,7622.0,17,7610.0,7674.0,7674.0,7612.0,346.0,26366280.0,34087
2023-05-09 21:10:00,y2312,y2312,7620.0,0.0,0.0,0.0,20,7618.0,7622.0,23,7610.0,7674.0,7674.0,7612.0,346.0,26366280.0,34087
2023-05-09 21:10:01,y2312,y2312,7620.0,0.0,0.0,0.0,15,7618.0,7622.0,16,7610.0,7674.0,7674.0,7612.0,346.0,26366280.0,34087
2023-05-09 21:10:01,y2312,y2312,7620.0,0.0,0.0,0.0,25,7618.0,7622.0,11,7610.0,7674.0,7674.0,7612.0,346.0,26366280.0,34087
2023-05-09 21:10:02,y2312,y2312,7620.0,0.0,0.0,0.0,50,7618.0,7624.0,65,7610.0,7674.0,7674.0,7612.0,346.0,26366280.0,34087
2023-05-09 21:10:02,y2312,y2312,7620.0,0.0,0.0,0.0,69,7618.0,7624.0,67,7610.0,7674.0,7674.0,7612.0,346.0,26366280.0,34087
2023-05-09 21:10:03,y2312,y2312,7620.0,0.0,0.0,0.0,10,7620.0,7624.0,26,7610.0,7674.0,7674.0,7612.0,346.0,26366280.0,34087
2023-05-09 21:10:03,y2312,y2312,7620.0,0.0,0.0,0.0,5,7620.0,7624.0,17,7610.0,7674.0,7674.0,7612.0,346.0,26366280.0,34087
2023-05-09 21:10:04,y2312,y2312,7620.0,0.0,0.0,0.0,25,7620.0,7624.0,7,7610.0,7674.0,7674.0,7612.0,346.0,26366280.0,34087
2023-05-09 21:10:04,y2312,y2312,7620.0,0.0,0.0,0.0,45,7620.0,7624.0,1,7610.0,7674.0,7674.0,7612.0,346.0,26366280.0,34087
2023-05-09 21:10:05,y2312,y2312,7620.0,0.0,0.0,0.0,60,7620.0,7624.0,1,7610.0,7674.0,7674.0,7612.0,346.0,26366280.0,34087
2023-05-09 21:10:05,y2312,y2312,7620.0,0.0,0.0,0.0,5,7622.0,7626.0,51,7610.0,7674.0,7674.0,7612.0,346.0,26366280.0,34087
2023-05-09 21:10:06,y2312,y2312,7620.0,0.0,0.0,0.0,15,7622.0,7626.0,36,7610.0,7674.0,7674.0,7612.0,346.0,26366280.0,34087
2023-05-09 21:10:06,y2312,y2312,7620.0,0.0,0.0,0.0,10,7622.0,7626.0,26,7610.0,7674.0,7674.0,7612.0,346.0,26366280.0,34087
2023-05-09 21:10:07,y2312,y2312,7626.0,12.0,915120.0,-6.0,1,7626.0,7628.0,30,7610.0,7674.0,7674.0,7612.0,358.0,27281400.0,34081
2023-05-09 21:10:07,y2312,y2312,7626.0,0.0,0.0,0.0,4,7626.0,7628.0,15,7610.0,7674.0,7674.0,7612.0,358.0,27281400.0,34081
2023-05-09 21:10:08,y2312,y2312,7626.0,0.0,0.0,0.0,4,7626.0,7628.0,5,7610.0,7674.0,7674.0,7612.0,358.0,27281400.0,34081
2023-05-09 21:10:08,y2312,y2312,7626.0,0.0,0.0,0.0,4,7626.0,7630.0,56,7610.0,7674.0,7674.0,7612.0,358.0,27281400.0,34081
2023-05-09 21:10:10,y2312,y2312,7626.0,0.0,0.0,0.0,4,7626.0,7630.0,61,7610.0,7674.0,7674.0,7612.0,358.0,27281400.0,34081
2023-05-09 21:10:10,y2312,y2312,7626.0,0.0,0.0,0.0,4,7626.0,7630.0,62,7610.0,7674.0,7674.0,7612.0,358.0,27281400.0,34081
2023-05-09 21:10:12,y2312,y2312,7626.0,4.0,305040.0,3.0,25,7624.0,7628.0,20,7610.0,7674.0,7674.0,7612.0,362.0,27586440.0,34084
2023-05-09 21:10:12,y2312,y2312,7626.0,0.0,0.0,0.0,16,7624.0,7628.0,21,7610.0,7674.0,7674.0,7612.0,362.0,27586440.0,34084
2023-05-09 21:10:13,y2312,y2312,7626.0,0.0,0.0,0.0,11,7624.0,7628.0,26,7610.0,7674.0,7674.0,7612.0,362.0,27586440.0,34084
2023-05-09 21:10:13,y2312,y2312,7626.0,0.0,0.0,0.0,11,7624.0,7628.0,21,7610.0,7674.0,7674.0,7612.0,362.0,27586440.0,34084
2023-05-09 21:10:14,y2312,y2312,7626.0,0.0,0.0,0.0,11,7624.0,7628.0,11,7610.0,7674.0,7674.0,7612.0,362.0,27586440.0,34084
2023-05-09 21:10:14,y2312,y2312,7626.0,0.0,0.0,0.0,11,7624.0,7628.0,5,7610.0,7674.0,7674.0,7612.0,362.0,27586440.0,34084
2023-05-09 21:10:15,y2312,y2312,7626.0,0.0,0.0,0.0,16,7624.0,7628.0,5,7610.0,7674.0,7674.0,7612.0,362.0,27586440.0,34084
2023-05-09 21:10:17,y2312,y2312,7626.0,0.0,0.0,0.0,21,7624.0,7628.0,5,7610.0,7674.0,7674.0,7612.0,362.0,27586440.0,34084
2023-05-09 21:10:18,y2312,y2312,7626.0,0.0,0.0,0.0,21,7624.0,7628.0,15,7610.0,7674.0,7674.0,7612.0,362.0,27586440.0,34084
2023-05-09 21:10:18,y2312,y2312,7626.0,0.0,0.0,0.0,21,7624.0,7628.0,11,7610.0,7674.0,7674.0,7612.0,362.0,27586440.0,34084
2023-05-09 21:10:19,y2312,y2312,7626.0,0.0,0.0,0.0,21,7624.0,7628.0,12,7610.0,7674.0,7674.0,7612.0,362.0,27586440.0,34084
2023-05-09 21:10:23,y2312,y2312,7626.0,0.0,0.0,0.0,39,7624.0,7628.0,6,7610.0,7674.0,7674.0,7612.0,362.0,27586440.0,34084
2023-05-09 21:10:23,y2312,y2312,7626.0,0.0,0.0,0.0,59,7624.0,7628.0,6,7610.0,7674.0,7674.0,7612.0,362.0,27586440.0,34084
2023-05-09 21:10:24,y2312,y2312,7626.0,0.0,0.0,0.0,64,7624.0,7628.0,6,7610.0,7674.0,7674.0,7612.0,362.0,27586440.0,34084
2023-05-09 21:10:25,y2312,y2312,7626.0,0.0,0.0,0.0,69,7624.0,7628.0,6,7610.0,7674.0,7674.0,7612.0,362.0,27586440.0,34084
2023-05-09 21:10:26,y2312,y2312,7626.0,0.0,0.0,0.0,74,7624.0,7628.0,1,7610.0,7674.0,7674.0,7612.0,362.0,27586440.0,34084
2023-05-09 21:10:30,y2312,y2312,7626.0,0.0,0.0,0.0,10,7626.0,7628.0,1,7610.0,7674.0,7674.0,7612.0,362.0,27586440.0,34084
2023-05-09 21:10:30,y2312,y2312,7626.0,0.0,0.0,0.0,19,7626.0,7630.0,6,7610.0,7674.0,7674.0,7612.0,362.0,27586440.0,34084
2023-05-09 21:10:31,y2312,y2312,7626.0,0.0,0.0,0.0,19,7626.0,7632.0,76,7610.0,7674.0,7674.0,7612.0,362.0,27586440.0,34084
2023-05-09 21:10:31,y2312,y2312,7626.0,0.0,0.0,0.0,19,7626.0,7630.0,1,7610.0,7674.0,7674.0,7612.0,362.0,27586440.0,34084
2023-05-09 21:10:32,y2312,y2312,7626.0,0.0,0.0,0.0,59,7626.0,7630.0,1,7610.0,7674.0,7674.0,7612.0,362.0,27586440.0,34084
2023-05-09 21:10:32,y2312,y2312,7626.0,0.0,0.0,0.0,64,7626.0,7630.0,1,7610.0,7674.0,7674.0,7612.0,362.0,27586440.0,34084
2023-05-09 21:10:34,y2312,y2312,7626.0,0.0,0.0,0.0,59,7626.0,7630.0,1,7610.0,7674.0,7674.0,7612.0,362.0,27586440.0,34084
2023-05-09 21:10:34,y2312,y2312,7626.0,0.0,0.0,0.0,64,7626.0,7630.0,1,7610.0,7674.0,7674.0,7612.0,362.0,27586440.0,34084
2023-05-09 21:10:40,y2312,y2312,7626.0,0.0,0.0,0.0,10,7628.0,7630.0,1,7610.0,7674.0,7674.0,7612.0,362.0,27586440.0,34084
2023-05-09 21:10:41,y2312,y2312,7630.0,1.0,76300.0,0.0,34,7628.0,7632.0,12,7610.0,7674.0,7674.0,7612.0,363.0,27662740.0,34084
2023-05-09 21:10:41,y2312,y2312,7630.0,0.0,0.0,0.0,54,7628.0,7632.0,12,7610.0,7674.0,7674.0,7612.0,363.0,27662740.0,34084
2023-05-09 21:10:42,y2312,y2312,7630.0,0.0,0.0,0.0,59,7628.0,7632.0,12,7610.0,7674.0,7674.0,7612.0,363.0,27662740.0,34084
2023-05-09 21:10:43,y2312,y2312,7630.0,0.0,0.0,0.0,64,7628.0,7632.0,7,7610.0,7674.0,7674.0,7612.0,363.0,27662740.0,34084
2023-05-09 21:10:43,y2312,y2312,7630.0,0.0,0.0,0.0,64,7628.0,7632.0,1,7610.0,7674.0,7674.0,7612.0,363.0,27662740.0,34084
2023-05-09 21:10:44,y2312,y2312,7630.0,0.0,0.0,0.0,63,7628.0,7632.0,1,7610.0,7674.0,7674.0,7612.0,363.0,27662740.0,34084
2023-05-09 21:10:44,y2312,y2312,7630.0,0.0,0.0,0.0,3,7632.0,7634.0,31,7610.0,7674.0,7674.0,7612.0,363.0,27662740.0,34084
2023-05-09 21:10:45,y2312,y2312,7632.0,5.0,381600.0,4.0,2,7632.0,7634.0,11,7610.0,7674.0,7674.0,7612.0,368.0,28044340.0,34088
2023-05-09 21:10:45,y2312,y2312,7630.0,5.0,381540.0,0.0,61,7628.0,7634.0,41,7610.0,7674.0,7674.0,7612.0,373.0,28425880.0,34088
2023-05-09 21:10:46,y2312,y2312,7630.0,0.0,0.0,0.0,65,7628.0,7634.0,57,7610.0,7674.0,7674.0,7612.0,373.0,28425880.0,34088
2023-05-09 21:10:48,y2312,y2312,7630.0,0.0,0.0,0.0,75,7628.0,7634.0,52,7610.0,7674.0,7674.0,7612.0,373.0,28425880.0,34088
2023-05-09 21:10:48,y2312,y2312,7630.0,0.0,0.0,0.0,70,7628.0,7634.0,57,7610.0,7674.0,7674.0,7612.0,373.0,28425880.0,34088
2023-05-09 21:10:49,y2312,y2312,7630.0,0.0,0.0,0.0,80,7628.0,7634.0,52,7610.0,7674.0,7674.0,7612.0,373.0,28425880.0,34088
2023-05-09 21:10:51,y2312,y2312,7630.0,0.0,0.0,0.0,75,7628.0,7634.0,57,7610.0,7674.0,7674.0,7612.0,373.0,28425880.0,34088
2023-05-09 21:10:51,y2312,y2312,7630.0,0.0,0.0,0.0,80,7628.0,7634.0,47,7610.0,7674.0,7674.0,7612.0,373.0,28425880.0,34088
2023-05-09 21:10:52,y2312,y2312,7630.0,0.0,0.0,0.0,80,7628.0,7634.0,46,7610.0,7674.0,7674.0,7612.0,373.0,28425880.0,34088
2023-05-09 21:10:54,y2312,y2312,7630.0,0.0,0.0,0.0,5,7630.0,7634.0,36,7610.0,7674.0,7674.0,7612.0,373.0,28425880.0,34088
2023-05-09 21:10:55,y2312,y2312,7630.0,0.0,0.0,0.0,1,7632.0,7634.0,16,7610.0,7674.0,7674.0,7612.0,373.0,28425880.0,34088
2023-05-09 21:10:55,y2312,y2312,7630.0,1.0,76300.0,1.0,1,7630.0,7634.0,11,7610.0,7674.0,7674.0,7612.0,374.0,28502180.0,34089
2023-05-09 21:10:56,y2312,y2312,7630.0,0.0,0.0,0.0,22,7630.0,7634.0,11,7610.0,7674.0,7674.0,7612.0,374.0,28502180.0,34089
2023-05-09 21:10:56,y2312,y2312,7630.0,0.0,0.0,0.0,32,7630.0,7634.0,6,7610.0,7674.0,7674.0,7612.0,374.0,28502180.0,34089
2023-05-09 21:10:57,y2312,y2312,7630.0,0.0,0.0,0.0,41,7630.0,7636.0,71,7610.0,7674.0,7674.0,7612.0,374.0,28502180.0,34089
2023-05-09 21:10:57,y2312,y2312,7630.0,0.0,0.0,0.0,56,7630.0,7636.0,71,7610.0,7674.0,7674.0,7612.0,374.0,28502180.0,34089
2023-05-09 21:10:59,y2312,y2312,7630.0,0.0,0.0,0.0,46,7630.0,7634.0,5,7610.0,7674.0,7674.0,7612.0,374.0,28502180.0,34089
2023-05-09 21:10:59,y2312,y2312,7630.0,0.0,0.0,0.0,36,7630.0,7634.0,15,7610.0,7674.0,7674.0,7612.0,374.0,28502180.0,34089
2023-05-09 21:11:00,y2312,y2312,7630.0,0.0,0.0,0.0,56,7630.0,7634.0,6,7610.0,7674.0,7674.0,7612.0,374.0,28502180.0,34089
2023-05-09 21:11:00,y2312,y2312,7630.0,0.0,0.0,0.0,61,7630.0,7636.0,71,7610.0,7674.0,7674.0,7612.0,374.0,28502180.0,34089
2023-05-09 21:11:01,y2312,y2312,7630.0,0.0,0.0,0.0,36,7630.0,7634.0,15,7610.0,7674.0,7674.0,7612.0,374.0,28502180.0,34089
2023-05-09 21:11:01,y2312,y2312,7630.0,0.0,0.0,0.0,26,7630.0,7634.0,16,7610.0,7674.0,7674.0,7612.0,374.0,28502180.0,34089
2023-05-09 21:11:02,y2312,y2312,7630.0,0.0,0.0,0.0,6,7630.0,7634.0,16,7610.0,7674.0,7674.0,7612.0,374.0,28502180.0,34089
2023-05-09 21:11:02,y2312,y2312,7630.0,0.0,0.0,0.0,62,7628.0,7634.0,16,7610.0,7674.0,7674.0,7612.0,374.0,28502180.0,34089
2023-05-09 21:11:03,y2312,y2312,7630.0,0.0,0.0,0.0,10,7630.0,7634.0,10,7610.0,7674.0,7674.0,7612.0,374.0,28502180.0,34089
2023-05-09 21:11:03,y2312,y2312,7630.0,0.0,0.0,0.0,33,7630.0,7634.0,5,7610.0,7674.0,7674.0,7612.0,374.0,28502180.0,34089
2023-05-09 21:11:04,y2312,y2312,7630.0,0.0,0.0,0.0,50,7630.0,7634.0,5,7610.0,7674.0,7674.0,7612.0,374.0,28502180.0,34089
2023-05-09 21:11:04,y2312,y2312,7634.0,4.0,305360.0,0.0,10,7632.0,7636.0,41,7610.0,7674.0,7674.0,7612.0,378.0,28807540.0,34089
2023-05-09 21:11:05,y2312,y2312,7634.0,0.0,0.0,0.0,31,7632.0,7636.0,11,7610.0,7674.0,7674.0,7612.0,378.0,28807540.0,34089
2023-05-09 21:11:05,y2312,y2312,7634.0,0.0,0.0,0.0,21,7632.0,7638.0,70,7610.0,7674.0,7674.0,7612.0,378.0,28807540.0,34089
2023-05-09 21:11:06,y2312,y2312,7634.0,0.0,0.0,0.0,21,7632.0,7638.0,71,7610.0,7674.0,7674.0,7612.0,378.0,28807540.0,34089
2023-05-09 21:11:06,y2312,y2312,7634.0,0.0,0.0,0.0,21,7632.0,7638.0,70,7610.0,7674.0,7674.0,7612.0,378.0,28807540.0,34089
2023-05-09 21:11:09,y2312,y2312,7634.0,0.0,0.0,0.0,21,7632.0,7638.0,71,7610.0,7674.0,7674.0,7612.0,378.0,28807540.0,34089
2023-05-09 21:11:10,y2312,y2312,7634.0,0.0,0.0,0.0,21,7632.0,7638.0,76,7610.0,7674.0,7674.0,7612.0,378.0,28807540.0,34089
2023-05-09 21:11:12,y2312,y2312,7632.0,21.0,1602720.0,-8.0,56,7630.0,7632.0,8,7610.0,7674.0,7674.0,7612.0,399.0,30410260.0,34081
2023-05-09 21:11:12,y2312,y2312,7632.0,13.0,992160.0,-5.0,57,7630.0,7636.0,26,7610.0,7674.0,7674.0,7612.0,412.0,31402420.0,34076
2023-05-09 21:11:13,y2312,y2312,7632.0,0.0,0.0,0.0,73,7630.0,7636.0,21,7610.0,7674.0,7674.0,7612.0,412.0,31402420.0,34076
2023-05-09 21:11:13,y2312,y2312,7632.0,0.0,0.0,0.0,78,7630.0,7636.0,26,7610.0,7674.0,7674.0,7612.0,412.0,31402420.0,34076
2023-05-09 21:11:14,y2312,y2312,7634.0,4.0,305360.0,0.0,48,7630.0,7634.0,5,7610.0,7674.0,7674.0,7612.0,416.0,31707780.0,34076
2023-05-09 21:11:14,y2312,y2312,7634.0,0.0,0.0,0.0,53,7630.0,7634.0,5,7610.0,7674.0,7674.0,7612.0,416.0,31707780.0,34076
2023-05-09 21:11:17,y2312,y2312,7634.0,0.0,0.0,0.0,48,7630.0,7634.0,10,7610.0,7674.0,7674.0,7612.0,416.0,31707780.0,34076
2023-05-09 21:11:17,y2312,y2312,7634.0,0.0,0.0,0.0,48,7630.0,7634.0,16,7610.0,7674.0,7674.0,7612.0,416.0,31707780.0,34076
2023-05-09 21:11:19,y2312,y2312,7634.0,0.0,0.0,0.0,30,7630.0,7634.0,35,7610.0,7674.0,7674.0,7612.0,416.0,31707780.0,34076
2023-05-09 21:11:19,y2312,y2312,7630.0,16.0,1220800.0,-10.0,41,7628.0,7630.0,10,7610.0,7674.0,7674.0,7612.0,432.0,32928580.0,34066
2023-05-09 21:11:20,y2312,y2312,7630.0,1.0,76300.0,0.0,45,7628.0,7630.0,10,7610.0,7674.0,7674.0,7612.0,433.0,33004880.0,34066
2023-05-09 21:11:20,y2312,y2312,7630.0,0.0,0.0,0.0,40,7628.0,7630.0,10,7610.0,7674.0,7674.0,7612.0,433.0,33004880.0,34066
2023-05-09 21:11:21,y2312,y2312,7630.0,0.0,0.0,0.0,35,7628.0,7630.0,10,7610.0,7674.0,7674.0,7612.0,433.0,33004880.0,34066
2023-05-09 21:11:24,y2312,y2312,7630.0,0.0,0.0,0.0,25,7628.0,7630.0,10,7610.0,7674.0,7674.0,7612.0,433.0,33004880.0,34066
2023-05-09 21:11:24,y2312,y2312,7630.0,0.0,0.0,0.0,20,7628.0,7630.0,10,7610.0,7674.0,7674.0,7612.0,433.0,33004880.0,34066
2023-05-09 21:11:24,y2312,y2312,7630.0,0.0,0.0,0.0,15,7628.0,7630.0,10,7610.0,7674.0,7674.0,7612.0,433.0,33004880.0,34066
2023-05-09 21:11:27,y2312,y2312,7628.0,10.0,762800.0,-10.0,5,7628.0,7630.0,5,7610.0,7674.0,7674.0,7612.0,443.0,33767680.0,34056
2023-05-09 21:11:27,y2312,y2312,7628.0,14.0,1067920.0,-6.0,21,7626.0,7630.0,40,7610.0,7674.0,7674.0,7612.0,457.0,34835600.0,34050
2023-05-09 21:11:28,y2312,y2312,7628.0,0.0,0.0,0.0,70,7624.0,7630.0,45,7610.0,7674.0,7674.0,7612.0,457.0,34835600.0,34050
2023-05-09 21:11:28,y2312,y2312,7628.0,0.0,0.0,0.0,67,7624.0,7630.0,55,7610.0,7674.0,7674.0,7612.0,457.0,34835600.0,34050
2023-05-09 21:11:29,y2312,y2312,7628.0,0.0,0.0,0.0,67,7624.0,7628.0,1,7610.0,7674.0,7674.0,7612.0,457.0,34835600.0,34050
2023-05-09 21:11:29,y2312,y2312,7628.0,0.0,0.0,0.0,77,7624.0,7628.0,1,7610.0,7674.0,7674.0,7612.0,457.0,34835600.0,34050
2023-05-09 21:11:30,y2312,y2312,7628.0,0.0,0.0,0.0,17,7626.0,7628.0,1,7610.0,7674.0,7674.0,7612.0,457.0,34835600.0,34050
2023-05-09 21:11:31,y2312,y2312,7628.0,0.0,0.0,0.0,45,7624.0,7628.0,11,7610.0,7674.0,7674.0,7612.0,457.0,34835600.0,34050
2023-05-09 21:11:31,y2312,y2312,7628.0,0.0,0.0,0.0,37,7624.0,7628.0,21,7610.0,7674.0,7674.0,7612.0,457.0,34835600.0,34050
2023-05-09 21:11:31,y2312,y2312,7628.0,0.0,0.0,0.0,30,7624.0,7628.0,21,7610.0,7674.0,7674.0,7612.0,457.0,34835600.0,34050
2023-05-09 21:11:32,y2312,y2312,7628.0,0.0,0.0,0.0,65,7624.0,7628.0,6,7610.0,7674.0,7674.0,7612.0,457.0,34835600.0,34050
2023-05-09 21:11:33,y2312,y2312,7628.0,0.0,0.0,0.0,82,7624.0,7628.0,1,7610.0,7674.0,7674.0,7612.0,457.0,34835600.0,34050
2023-05-09 21:11:35,y2312,y2312,7628.0,0.0,0.0,0.0,77,7624.0,7628.0,1,7610.0,7674.0,7674.0,7612.0,457.0,34835600.0,34050
2023-05-09 21:11:37,y2312,y2312,7628.0,0.0,0.0,0.0,72,7624.0,7628.0,1,7610.0,7674.0,7674.0,7612.0,457.0,34835600.0,34050
2023-05-09 21:11:38,y2312,y2312,7628.0,0.0,0.0,0.0,62,7624.0,7628.0,1,7610.0,7674.0,7674.0,7612.0,457.0,34835600.0,34050
2023-05-09 21:11:38,y2312,y2312,7628.0,0.0,0.0,0.0,67,7624.0,7628.0,1,7610.0,7674.0,7674.0,7612.0,457.0,34835600.0,34050
2023-05-09 21:11:42,y2312,y2312,7628.0,0.0,0.0,0.0,27,7624.0,7628.0,21,7610.0,7674.0,7674.0,7612.0,457.0,34835600.0,34050
2023-05-09 21:11:42,y2312,y2312,7624.0,26.0,1982240.0,-15.0,50,7622.0,7624.0,5,7610.0,7674.0,7674.0,7612.0,483.0,36817840.0,34035
2023-05-09 21:11:43,y2312,y2312,7624.0,7.0,533640.0,-3.0,68,7622.0,7626.0,1,7610.0,7674.0,7674.0,7612.0,490.0,37351480.0,34032
2023-05-09 21:11:43,y2312,y2312,7624.0,0.0,0.0,0.0,18,7624.0,7628.0,46,7610.0,7674.0,7674.0,7612.0,490.0,37351480.0,34032
2023-05-09 21:11:44,y2312,y2312,7624.0,0.0,0.0,0.0,16,7624.0,7628.0,51,7610.0,7674.0,7674.0,7612.0,490.0,37351480.0,34032
2023-05-09 21:11:44,y2312,y2312,7624.0,0.0,0.0,0.0,65,7622.0,7628.0,56,7610.0,7674.0,7674.0,7612.0,490.0,37351480.0,34032
2023-05-09 21:11:44,y2312,y2312,7624.0,0.0,0.0,0.0,73,7622.0,7628.0,51,7610.0,7674.0,7674.0,7612.0,490.0,37351480.0,34032
2023-05-09 21:11:53,y2312,y2312,7624.0,0.0,0.0,0.0,73,7622.0,7628.0,46,7610.0,7674.0,7674.0,7612.0,490.0,37351480.0,34032
2023-05-09 21:11:54,y2312,y2312,7624.0,0.0,0.0,0.0,73,7622.0,7628.0,51,7610.0,7674.0,7674.0,7612.0,490.0,37351480.0,34032
2023-05-09 21:11:58,y2312,y2312,7624.0,0.0,0.0,0.0,5,7624.0,7628.0,46,7610.0,7674.0,7674.0,7612.0,490.0,37351480.0,34032
2023-05-09 21:11:58,y2312,y2312,7624.0,0.0,0.0,0.0,3,7624.0,7626.0,5,7610.0,7674.0,7674.0,7612.0,490.0,37351480.0,34032
2023-05-09 21:11:59,y2312,y2312,7624.0,12.0,914880.0,-10.0,52,7622.0,7626.0,5,7610.0,7674.0,7674.0,7612.0,502.0,38266360.0,34022
2023-05-09 21:11:59,y2312,y2312,7624.0,5.0,381200.0,0.0,67,7622.0,7626.0,6,7610.0,7674.0,7674.0,7612.0,507.0,38647560.0,34022
2023-05-09 21:12:00,y2312,y2312,7624.0,0.0,0.0,0.0,16,7624.0,7626.0,5,7610.0,7674.0,7674.0,7612.0,507.0,38647560.0,34022
2023-05-09 21:12:00,y2312,y2312,7624.0,0.0,0.0,0.0,57,7622.0,7626.0,5,7610.0,7674.0,7674.0,7612.0,507.0,38647560.0,34022
2023-05-09 21:12:01,y2312,y2312,7624.0,0.0,0.0,0.0,52,7622.0,7626.0,5,7610.0,7674.0,7674.0,7612.0,507.0,38647560.0,34022
2023-05-09 21:12:01,y2312,y2312,7624.0,0.0,0.0,0.0,62,7622.0,7626.0,5,7610.0,7674.0,7674.0,7612.0,507.0,38647560.0,34022
2023-05-09 21:12:02,y2312,y2312,7624.0,0.0,0.0,0.0,6,7624.0,7626.0,5,7610.0,7674.0,7674.0,7612.0,507.0,38647560.0,34022
2023-05-09 21:12:03,y2312,y2312,7624.0,0.0,0.0,0.0,18,7624.0,7626.0,10,7610.0,7674.0,7674.0,7612.0,507.0,38647560.0,34022
2023-05-09 21:12:03,y2312,y2312,7624.0,16.0,1219840.0,-12.0,51,7622.0,7624.0,3,7610.0,7674.0,7674.0,7612.0,523.0,39867400.0,34010
2023-05-09 21:12:04,y2312,y2312,7624.0,6.0,457440.0,-4.0,48,7622.0,7626.0,5,7610.0,7674.0,7674.0,7612.0,529.0,40324840.0,34006
2023-05-09 21:12:04,y2312,y2312,7624.0,0.0,0.0,0.0,50,7622.0,7626.0,5,7610.0,7674.0,7674.0,7612.0,529.0,40324840.0,34006
2023-05-09 21:12:07,y2312,y2312,7624.0,0.0,0.0,0.0,14,7622.0,7624.0,1,7610.0,7674.0,7674.0,7612.0,529.0,40324840.0,34006
2023-05-09 21:12:08,y2312,y2312,7624.0,0.0,0.0,0.0,3,7622.0,7624.0,1,7610.0,7674.0,7674.0,7612.0,529.0,40324840.0,34006
2023-05-09 21:12:09,y2312,y2312,7624.0,0.0,0.0,0.0,53,7620.0,7624.0,1,7610.0,7674.0,7674.0,7612.0,529.0,40324840.0,34006
2023-05-09 21:12:09,y2312,y2312,7624.0,0.0,0.0,0.0,46,7620.0,7624.0,6,7610.0,7674.0,7674.0,7612.0,529.0,40324840.0,34006
2023-05-09 21:12:10,y2312,y2312,7624.0,0.0,0.0,0.0,51,7620.0,7624.0,6,7610.0,7674.0,7674.0,7612.0,529.0,40324840.0,34006
2023-05-09 21:12:11,y2312,y2312,7620.0,1.0,76200.0,0.0,51,7620.0,7624.0,6,7610.0,7674.0,7674.0,7612.0,530.0,40401040.0,34006
2023-05-09 21:12:11,y2312,y2312,7620.0,0.0,0.0,0.0,56,7620.0,7624.0,1,7610.0,7674.0,7674.0,7612.0,530.0,40401040.0,34006
2023-05-09 21:12:23,y2312,y2312,7620.0,0.0,0.0,0.0,51,7620.0,7624.0,6,7610.0,7674.0,7674.0,7612.0,530.0,40401040.0,34006
2023-05-09 21:12:24,y2312,y2312,7620.0,0.0,0.0,0.0,1,7622.0,7624.0,6,7610.0,7674.0,7674.0,7612.0,530.0,40401040.0,34006
2023-05-09 21:12:25,y2312,y2312,7620.0,0.0,0.0,0.0,51,7620.0,7624.0,6,7610.0,7674.0,7674.0,7612.0,530.0,40401040.0,34006
2023-05-09 21:12:25,y2312,y2312,7620.0,0.0,0.0,0.0,1,7622.0,7624.0,6,7610.0,7674.0,7674.0,7612.0,530.0,40401040.0,34006
2023-05-09 21:12:26,y2312,y2312,7620.0,0.0,0.0,0.0,56,7620.0,7624.0,1,7610.0,7674.0,7674.0,7612.0,530.0,40401040.0,34006
2023-05-09 21:12:26,y2312,y2312,7620.0,0.0,0.0,0.0,1,7622.0,7624.0,1,7610.0,7674.0,7674.0,7612.0,530.0,40401040.0,34006
2023-05-09 21:12:27,y2312,y2312,7620.0,0.0,0.0,0.0,61,7620.0,7624.0,1,7610.0,7674.0,7674.0,7612.0,530.0,40401040.0,34006
2023-05-09 21:12:27,y2312,y2312,7620.0,0.0,0.0,0.0,56,7620.0,7624.0,1,7610.0,7674.0,7674.0,7612.0,530.0,40401040.0,34006
2023-05-09 21:12:31,y2312,y2312,7620.0,0.0,0.0,0.0,5,7622.0,7624.0,1,7610.0,7674.0,7674.0,7612.0,530.0,40401040.0,34006
2023-05-09 21:12:35,y2312,y2312,7620.0,1.0,76200.0,1.0,5,7622.0,7624.0,1,7610.0,7674.0,7674.0,7612.0,531.0,40477240.0,34007
2023-05-09 21:12:41,y2312,y2312,7624.0,1.0,76240.0,0.0,30,7622.0,7626.0,20,7610.0,7674.0,7674.0,7612.0,532.0,40553480.0,34007
2023-05-09 21:12:42,y2312,y2312,7624.0,0.0,0.0,0.0,5,7624.0,7626.0,11,7610.0,7674.0,7674.0,7612.0,532.0,40553480.0,34007
2023-05-09 21:12:42,y2312,y2312,7626.0,6.0,457560.0,0.0,2,7624.0,7628.0,71,7610.0,7674.0,7674.0,7612.0,538.0,41011040.0,34007
2023-05-09 21:12:43,y2312,y2312,7624.0,1.0,76240.0,1.0,2,7624.0,7628.0,62,7610.0,7674.0,7674.0,7612.0,539.0,41087280.0,34008
2023-05-09 21:12:44,y2312,y2312,7624.0,2.0,152480.0,1.0,2,7624.0,7628.0,62,7610.0,7674.0,7674.0,7612.0,541.0,41239760.0,34009
2023-05-09 21:12:46,y2312,y2312,7624.0,0.0,0.0,0.0,2,7624.0,7628.0,57,7610.0,7674.0,7674.0,7612.0,541.0,41239760.0,34009
2023-05-09 21:12:49,y2312,y2312,7626.0,1.0,76260.0,1.0,2,7624.0,7628.0,62,7610.0,7674.0,7674.0,7612.0,542.0,41316020.0,34010
2023-05-09 21:12:49,y2312,y2312,7626.0,0.0,0.0,0.0,66,7622.0,7628.0,57,7610.0,7674.0,7674.0,7612.0,542.0,41316020.0,34010
2023-05-09 21:12:56,y2312,y2312,7626.0,0.0,0.0,0.0,71,7622.0,7628.0,52,7610.0,7674.0,7674.0,7612.0,542.0,41316020.0,34010
2023-05-09 21:13:00,y2312,y2312,7626.0,0.0,0.0,0.0,66,7622.0,7628.0,57,7610.0,7674.0,7674.0,7612.0,542.0,41316020.0,34010
2023-05-09 21:13:01,y2312,y2312,7626.0,0.0,0.0,0.0,71,7622.0,7628.0,52,7610.0,7674.0,7674.0,7612.0,542.0,41316020.0,34010
2023-05-09 21:13:02,y2312,y2312,7626.0,0.0,0.0,0.0,66,7622.0,7628.0,52,7610.0,7674.0,7674.0,7612.0,542.0,41316020.0,34010
2023-05-09 21:13:02,y2312,y2312,7626.0,0.0,0.0,0.0,71,7622.0,7628.0,52,7610.0,7674.0,7674.0,7612.0,542.0,41316020.0,34010
2023-05-09 21:13:04,y2312,y2312,7626.0,0.0,0.0,0.0,71,7622.0,7628.0,47,7610.0,7674.0,7674.0,7612.0,542.0,41316020.0,34010
2023-05-09 21:13:04,y2312,y2312,7626.0,0.0,0.0,0.0,76,7622.0,7628.0,47,7610.0,7674.0,7674.0,7612.0,542.0,41316020.0,34010
2023-05-09 21:13:05,y2312,y2312,7626.0,0.0,0.0,0.0,71,7622.0,7628.0,46,7610.0,7674.0,7674.0,7612.0,542.0,41316020.0,34010
2023-05-09 21:13:06,y2312,y2312,7626.0,0.0,0.0,0.0,71,7622.0,7628.0,51,7610.0,7674.0,7674.0,7612.0,542.0,41316020.0,34010
2023-05-09 21:13:07,y2312,y2312,7626.0,0.0,0.0,0.0,17,7624.0,7628.0,20,7610.0,7674.0,7674.0,7612.0,542.0,41316020.0,34010
2023-05-09 21:13:08,y2312,y2312,7626.0,0.0,0.0,0.0,12,7624.0,7628.0,10,7610.0,7674.0,7674.0,7612.0,542.0,41316020.0,34010
2023-05-09 21:13:08,y2312,y2312,7626.0,0.0,0.0,0.0,2,7626.0,7628.0,5,7610.0,7674.0,7674.0,7612.0,542.0,41316020.0,34010
2023-05-09 21:13:10,y2312,y2312,7626.0,0.0,0.0,0.0,2,7626.0,7630.0,69,7610.0,7674.0,7674.0,7612.0,542.0,41316020.0,34010
2023-05-09 21:13:10,y2312,y2312,7626.0,0.0,0.0,0.0,2,7626.0,7628.0,5,7610.0,7674.0,7674.0,7612.0,542.0,41316020.0,34010
2023-05-09 21:13:11,y2312,y2312,7626.0,0.0,0.0,0.0,17,7624.0,7630.0,69,7610.0,7674.0,7674.0,7612.0,542.0,41316020.0,34010
2023-05-09 21:13:12,y2312,y2312,7626.0,0.0,0.0,0.0,17,7624.0,7630.0,74,7610.0,7674.0,7674.0,7612.0,542.0,41316020.0,34010
