time,symbol_id,symbol_name,last,trade_volume,trade_amount,open_interest_change,bv1,bp1,ap1,av1,yesterday_close,today_open,today_high,today_low,volume,amount,open_interest
2023-05-10 08:59:00,SM2308,SM2308,6920.0,0.0,0.0,0.0,28,6880.0,6960.0,12,6920.0,6930.0,0.0,0.0,0.0,0.0,82613
2023-05-10 09:00:00,SM2308,SM2308,6920.0,0.0,0.0,0.0,28,6880.0,6940.0,6,6920.0,6930.0,0.0,0.0,0.0,0.0,82613
2023-05-10 09:00:01,SM2308,SM2308,6932.0,8.0,55456.0,-8.0,1,6930.0,6932.0,3,6920.0,6930.0,6932.0,6930.0,8.0,55456.0,82605
2023-05-10 09:00:01,SM2308,SM2308,6928.0,2.0,13864.0,0.0,5,6928.0,6932.0,6,6920.0,6930.0,6932.0,6928.0,10.0,69320.0,82605
2023-05-10 09:00:02,SM2308,SM2308,6932.0,1.0,6932.0,-1.0,1,6928.0,6932.0,3,6920.0,6930.0,6932.0,6928.0,11.0,76252.0,82604
2023-05-10 09:00:02,SM2308,SM2308,6924.0,10.0,69320.0,-8.0,5,6924.0,6932.0,6,6920.0,6930.0,6934.0,6924.0,21.0,145572.0,82596
2023-05-10 09:00:03,SM2308,SM2308,6932.0,11.0,76252.0,-4.0,2,6928.0,6932.0,3,6920.0,6930.0,6934.0,6924.0,32.0,221824.0,82592
2023-05-10 09:00:03,SM2308,SM2308,6926.0,2.0,13864.0,2.0,1,6926.0,6932.0,2,6920.0,6930.0,6934.0,6924.0,34.0,235688.0,82594
2023-05-10 09:00:04,SM2308,SM2308,6926.0,0.0,0.0,0.0,1,6928.0,6932.0,3,6920.0,6930.0,6934.0,6924.0,34.0,235688.0,82594
2023-05-10 09:00:04,SM2308,SM2308,6930.0,6.0,41592.0,2.0,1,6928.0,6930.0,2,6920.0,6930.0,6936.0,6924.0,40.0,277280.0,82596
2023-05-10 09:00:05,SM2308,SM2308,6924.0,7.0,48524.0,-4.0,1,6924.0,6930.0,2,6920.0,6930.0,6936.0,6924.0,47.0,325804.0,82592
2023-05-10 09:00:05,SM2308,SM2308,6926.0,6.0,41486.0,-3.0,1,6922.0,6928.0,2,6920.0,6930.0,6936.0,6924.0,53.0,367290.0,82589
2023-05-10 09:00:06,SM2308,SM2308,6926.0,5.0,34650.0,-1.0,10,6924.0,6928.0,3,6920.0,6930.0,6936.0,6924.0,58.0,401940.0,82588
2023-05-10 09:00:06,SM2308,SM2308,6924.0,7.0,48510.0,-1.0,2,6924.0,6926.0,1,6920.0,6930.0,6936.0,6924.0,65.0,450450.0,82587
2023-05-10 09:00:07,SM2308,SM2308,6922.0,6.0,41580.0,-1.0,1,6918.0,6924.0,1,6920.0,6930.0,6936.0,6922.0,71.0,492030.0,82586
2023-05-10 09:00:07,SM2308,SM2308,6922.0,0.0,0.0,0.0,5,6920.0,6922.0,1,6920.0,6930.0,6936.0,6922.0,71.0,492030.0,82586
2023-05-10 09:00:08,SM2308,SM2308,6922.0,1.0,6930.0,0.0,3,6916.0,6922.0,1,6920.0,6930.0,6936.0,6922.0,72.0,498960.0,82586
2023-05-10 09:00:08,SM2308,SM2308,6922.0,0.0,0.0,0.0,4,6916.0,6922.0,2,6920.0,6930.0,6936.0,6922.0,72.0,498960.0,82586
2023-05-10 09:00:09,SM2308,SM2308,6924.0,1.0,6784.0,0.0,2,6918.0,6922.0,4,6920.0,6930.0,6936.0,6922.0,73.0,505744.0,82586
2023-05-10 09:00:09,SM2308,SM2308,6920.0,5.0,34640.0,-2.0,2,6920.0,6924.0,6,6920.0,6930.0,6936.0,6920.0,78.0,540384.0,82584
2023-05-10 09:00:10,SM2308,SM2308,6920.0,4.0,27712.0,0.0,1,6916.0,6922.0,2,6920.0,6930.0,6936.0,6916.0,82.0,568096.0,82584
2023-05-10 09:00:10,SM2308,SM2308,6916.0,3.0,20784.0,-1.0,19,6912.0,6918.0,4,6920.0,6930.0,6936.0,6916.0,85.0,588880.0,82583
2023-05-10 09:00:11,SM2308,SM2308,6914.0,2.0,13856.0,0.0,7,6916.0,6918.0,2,6920.0,6930.0,6936.0,6914.0,87.0,602736.0,82583
2023-05-10 09:00:11,SM2308,SM2308,6916.0,3.0,20604.0,-2.0,10,6912.0,6916.0,5,6920.0,6930.0,6936.0,6912.0,90.0,623340.0,82581
2023-05-10 09:00:12,SM2308,SM2308,6912.0,10.0,69260.0,0.0,7,6908.0,6914.0,9,6920.0,6930.0,6936.0,6912.0,100.0,692600.0,82581
2023-05-10 09:00:12,SM2308,SM2308,6912.0,0.0,0.0,0.0,1,6908.0,6912.0,3,6920.0,6930.0,6936.0,6912.0,100.0,692600.0,82581
2023-05-10 09:00:13,SM2308,SM2308,6912.0,0.0,0.0,0.0,1,6904.0,6908.0,5,6920.0,6930.0,6936.0,6912.0,100.0,692600.0,82581
2023-05-10 09:00:13,SM2308,SM2308,6912.0,0.0,0.0,0.0,4,6904.0,6908.0,3,6920.0,6930.0,6936.0,6912.0,100.0,692600.0,82581
2023-05-10 09:00:14,SM2308,SM2308,6912.0,2.0,13852.0,-2.0,2,6908.0,6912.0,1,6920.0,6930.0,6936.0,6912.0,102.0,706452.0,82579
2023-05-10 09:00:14,SM2308,SM2308,6912.0,1.0,6926.0,-1.0,1,6910.0,6914.0,4,6920.0,6930.0,6936.0,6912.0,103.0,713378.0,82578
2023-05-10 09:00:15,SM2308,SM2308,6916.0,9.0,62110.0,-5.0,23,6912.0,6920.0,2,6920.0,6930.0,6936.0,6912.0,112.0,775488.0,82573
2023-05-10 09:00:15,SM2308,SM2308,6918.0,1.0,6924.0,0.0,6,6914.0,6922.0,2,6920.0,6930.0,6936.0,6912.0,113.0,782412.0,82573
2023-05-10 09:00:16,SM2308,SM2308,6918.0,0.0,0.0,0.0,9,6920.0,6922.0,1,6920.0,6930.0,6936.0,6912.0,113.0,782412.0,82573
2023-05-10 09:00:16,SM2308,SM2308,6920.0,1.0,6924.0,-1.0,1,6920.0,6924.0,3,6920.0,6930.0,6936.0,6912.0,114.0,789336.0,82572
2023-05-10 09:00:16,SM2308,SM2308,6926.0,3.0,20772.0,1.0,3,6922.0,6926.0,3,6920.0,6930.0,6936.0,6912.0,117.0,810108.0,82573
2023-05-10 09:00:17,SM2308,SM2308,6922.0,4.0,27696.0,0.0,18,6920.0,6924.0,1,6920.0,6930.0,6936.0,6912.0,121.0,837804.0,82573
2023-05-10 09:00:18,SM2308,SM2308,6924.0,1.0,6924.0,1.0,1,6924.0,6926.0,2,6920.0,6930.0,6936.0,6912.0,122.0,844728.0,82574
2023-05-10 09:00:18,SM2308,SM2308,6924.0,3.0,20772.0,1.0,2,6924.0,6928.0,2,6920.0,6930.0,6936.0,6912.0,125.0,865500.0,82575
2023-05-10 09:00:19,SM2308,SM2308,6924.0,0.0,0.0,0.0,2,6924.0,6926.0,4,6920.0,6930.0,6936.0,6912.0,125.0,865500.0,82575
2023-05-10 09:00:19,SM2308,SM2308,6924.0,3.0,20772.0,2.0,1,6924.0,6926.0,13,6920.0,6930.0,6936.0,6912.0,128.0,886272.0,82577
2023-05-10 09:00:20,SM2308,SM2308,6926.0,7.0,48468.0,-1.0,8,6924.0,6926.0,2,6920.0,6930.0,6936.0,6912.0,135.0,934740.0,82576
2023-05-10 09:00:20,SM2308,SM2308,6924.0,1.0,6924.0,-1.0,7,6924.0,6926.0,3,6920.0,6930.0,6936.0,6912.0,136.0,941664.0,82575
2023-05-10 09:00:21,SM2308,SM2308,6924.0,21.0,145404.0,15.0,4,6920.0,6926.0,5,6920.0,6930.0,6936.0,6912.0,157.0,1087068.0,82590
2023-05-10 09:00:21,SM2308,SM2308,6920.0,1.0,6924.0,0.0,1,6920.0,6924.0,1,6920.0,6930.0,6936.0,6912.0,158.0,1093992.0,82590
2023-05-10 09:00:22,SM2308,SM2308,6918.0,1.0,6924.0,0.0,6,6916.0,6924.0,6,6920.0,6930.0,6936.0,6912.0,159.0,1100916.0,82590
2023-05-10 09:00:22,SM2308,SM2308,6918.0,0.0,0.0,0.0,2,6918.0,6924.0,8,6920.0,6930.0,6936.0,6912.0,159.0,1100916.0,82590
2023-05-10 09:00:23,SM2308,SM2308,6918.0,0.0,0.0,0.0,1,6920.0,6924.0,8,6920.0,6930.0,6936.0,6912.0,159.0,1100916.0,82590
2023-05-10 09:00:23,SM2308,SM2308,6918.0,0.0,0.0,0.0,5,6920.0,6924.0,8,6920.0,6930.0,6936.0,6912.0,159.0,1100916.0,82590
2023-05-10 09:00:23,SM2308,SM2308,6918.0,0.0,0.0,0.0,1,6920.0,6922.0,1,6920.0,6930.0,6936.0,6912.0,159.0,1100916.0,82590
2023-05-10 09:00:24,SM2308,SM2308,6924.0,7.0,48468.0,-3.0,1,6922.0,6926.0,1,6920.0,6930.0,6936.0,6912.0,166.0,1149384.0,82587
2023-05-10 09:00:25,SM2308,SM2308,6924.0,1.0,6924.0,1.0,1,6922.0,6926.0,5,6920.0,6930.0,6936.0,6912.0,167.0,1156308.0,82588
2023-05-10 09:00:25,SM2308,SM2308,6924.0,0.0,0.0,0.0,5,6922.0,6926.0,1,6920.0,6930.0,6936.0,6912.0,167.0,1156308.0,82588
2023-05-10 09:00:26,SM2308,SM2308,6926.0,1.0,6924.0,0.0,4,6922.0,6926.0,1,6920.0,6930.0,6936.0,6912.0,168.0,1163232.0,82588
2023-05-10 09:00:27,SM2308,SM2308,6926.0,0.0,0.0,0.0,2,6920.0,6924.0,2,6920.0,6930.0,6936.0,6912.0,168.0,1163232.0,82588
2023-05-10 09:00:27,SM2308,SM2308,6922.0,23.0,159252.0,-11.0,1,6922.0,6924.0,4,6920.0,6930.0,6936.0,6912.0,191.0,1322484.0,82577
2023-05-10 09:00:28,SM2308,SM2308,6920.0,1.0,6924.0,0.0,2,6918.0,6922.0,4,6920.0,6930.0,6936.0,6912.0,192.0,1329408.0,82577
2023-05-10 09:00:28,SM2308,SM2308,6920.0,1.0,6924.0,-1.0,2,6916.0,6922.0,3,6920.0,6930.0,6936.0,6912.0,193.0,1336332.0,82576
2023-05-10 09:00:29,SM2308,SM2308,6916.0,2.0,13848.0,0.0,1,6912.0,6916.0,2,6920.0,6930.0,6936.0,6912.0,195.0,1350180.0,82576
2023-05-10 09:00:29,SM2308,SM2308,6912.0,3.0,20772.0,2.0,1,6914.0,6916.0,4,6920.0,6930.0,6936.0,6912.0,198.0,1370952.0,82578
2023-05-10 09:00:30,SM2308,SM2308,6916.0,5.0,34620.0,1.0,3,6910.0,6914.0,1,6920.0,6930.0,6936.0,6912.0,203.0,1405572.0,82579
2023-05-10 09:00:30,SM2308,SM2308,6912.0,3.0,20772.0,1.0,1,6910.0,6914.0,1,6920.0,6930.0,6936.0,6910.0,206.0,1426344.0,82580
2023-05-10 09:00:31,SM2308,SM2308,6910.0,1.0,6924.0,1.0,5,6906.0,6910.0,1,6920.0,6930.0,6936.0,6910.0,207.0,1433268.0,82581
2023-05-10 09:00:31,SM2308,SM2308,6910.0,13.0,89572.0,6.0,3,6904.0,6910.0,2,6920.0,6930.0,6936.0,6906.0,220.0,1522840.0,82587
2023-05-10 09:00:32,SM2308,SM2308,6904.0,4.0,27688.0,1.0,3,6904.0,6906.0,3,6920.0,6930.0,6936.0,6904.0,224.0,1550528.0,82588
2023-05-10 09:00:32,SM2308,SM2308,6904.0,22.0,151792.0,12.0,5,6900.0,6906.0,5,6920.0,6930.0,6936.0,6898.0,246.0,1702320.0,82600
2023-05-10 09:00:33,SM2308,SM2308,6906.0,2.0,13840.0,-1.0,2,6904.0,6908.0,6,6920.0,6930.0,6936.0,6898.0,248.0,1716160.0,82599
2023-05-10 09:00:33,SM2308,SM2308,6908.0,3.0,20760.0,0.0,2,6906.0,6912.0,9,6920.0,6930.0,6936.0,6898.0,251.0,1736920.0,82599
2023-05-10 09:00:33,SM2308,SM2308,6910.0,6.0,41520.0,0.0,2,6908.0,6912.0,1,6920.0,6930.0,6936.0,6898.0,257.0,1778440.0,82599
2023-05-10 09:00:34,SM2308,SM2308,6906.0,3.0,20760.0,0.0,3,6904.0,6910.0,3,6920.0,6930.0,6936.0,6898.0,260.0,1799200.0,82599
2023-05-10 09:00:34,SM2308,SM2308,6906.0,0.0,0.0,0.0,3,6904.0,6908.0,2,6920.0,6930.0,6936.0,6898.0,260.0,1799200.0,82599
2023-05-10 09:00:35,SM2308,SM2308,6904.0,1.0,6920.0,1.0,1,6904.0,6906.0,2,6920.0,6930.0,6936.0,6898.0,261.0,1806120.0,82600
2023-05-10 09:00:36,SM2308,SM2308,6902.0,13.0,89412.0,-1.0,2,6902.0,6910.0,3,6920.0,6930.0,6936.0,6898.0,274.0,1895532.0,82599
2023-05-10 09:00:36,SM2308,SM2308,6904.0,1.0,6918.0,1.0,2,6904.0,6908.0,3,6920.0,6930.0,6936.0,6898.0,275.0,1902450.0,82600
2023-05-10 09:00:36,SM2308,SM2308,6904.0,0.0,0.0,0.0,1,6906.0,6908.0,2,6920.0,6930.0,6936.0,6898.0,275.0,1902450.0,82600
2023-05-10 09:00:37,SM2308,SM2308,6906.0,4.0,27672.0,0.0,5,6906.0,6910.0,3,6920.0,6930.0,6936.0,6898.0,279.0,1930122.0,82600
2023-05-10 09:00:38,SM2308,SM2308,6906.0,0.0,0.0,0.0,1,6906.0,6910.0,3,6920.0,6930.0,6936.0,6898.0,279.0,1930122.0,82600
2023-05-10 09:00:38,SM2308,SM2308,6908.0,1.0,6918.0,-1.0,3,6904.0,6910.0,2,6920.0,6930.0,6936.0,6898.0,280.0,1937040.0,82599
2023-05-10 09:00:38,SM2308,SM2308,6908.0,0.0,0.0,0.0,1,6904.0,6906.0,1,6920.0,6930.0,6936.0,6898.0,280.0,1937040.0,82599
2023-05-10 09:00:39,SM2308,SM2308,6908.0,0.0,0.0,0.0,1,6904.0,6906.0,3,6920.0,6930.0,6936.0,6898.0,280.0,1937040.0,82599
2023-05-10 09:00:39,SM2308,SM2308,6908.0,2.0,13836.0,2.0,1,6906.0,6908.0,1,6920.0,6930.0,6936.0,6898.0,282.0,1950876.0,82601
2023-05-10 09:00:40,SM2308,SM2308,6908.0,4.0,27672.0,1.0,1,6906.0,6910.0,2,6920.0,6930.0,6936.0,6898.0,286.0,1978548.0,82602
2023-05-10 09:00:41,SM2308,SM2308,6908.0,4.0,27672.0,-1.0,2,6906.0,6912.0,11,6920.0,6930.0,6936.0,6898.0,290.0,2006220.0,82601
2023-05-10 09:00:41,SM2308,SM2308,6908.0,0.0,0.0,0.0,4,6908.0,6912.0,1,6920.0,6930.0,6936.0,6898.0,290.0,2006220.0,82601
2023-05-10 09:00:42,SM2308,SM2308,6908.0,0.0,0.0,0.0,1,6908.0,6912.0,2,6920.0,6930.0,6936.0,6898.0,290.0,2006220.0,82601
2023-05-10 09:00:42,SM2308,SM2308,6908.0,0.0,0.0,0.0,17,6904.0,6908.0,1,6920.0,6930.0,6936.0,6898.0,290.0,2006220.0,82601
2023-05-10 09:00:42,SM2308,SM2308,6906.0,2.0,13836.0,2.0,3,6904.0,6908.0,7,6920.0,6930.0,6936.0,6898.0,292.0,2020056.0,82603
2023-05-10 09:00:43,SM2308,SM2308,6904.0,1.0,6918.0,1.0,2,6904.0,6908.0,11,6920.0,6930.0,6936.0,6898.0,293.0,2026974.0,82604
2023-05-10 09:00:43,SM2308,SM2308,6904.0,2.0,13836.0,2.0,4,6902.0,6904.0,3,6920.0,6930.0,6936.0,6898.0,295.0,2040810.0,82606
2023-05-10 09:00:44,SM2308,SM2308,6904.0,0.0,0.0,0.0,5,6902.0,6908.0,29,6920.0,6930.0,6936.0,6898.0,295.0,2040810.0,82606
2023-05-10 09:00:44,SM2308,SM2308,6904.0,0.0,0.0,0.0,4,6902.0,6906.0,3,6920.0,6930.0,6936.0,6898.0,295.0,2040810.0,82606
2023-05-10 09:00:45,SM2308,SM2308,6904.0,0.0,0.0,0.0,15,6900.0,6904.0,1,6920.0,6930.0,6936.0,6898.0,295.0,2040810.0,82606
2023-05-10 09:00:46,SM2308,SM2308,6904.0,0.0,0.0,0.0,4,6900.0,6904.0,1,6920.0,6930.0,6936.0,6898.0,295.0,2040810.0,82606
2023-05-10 09:00:46,SM2308,SM2308,6904.0,0.0,0.0,0.0,15,6898.0,6902.0,1,6920.0,6930.0,6936.0,6898.0,295.0,2040810.0,82606
2023-05-10 09:00:47,SM2308,SM2308,6904.0,0.0,0.0,0.0,22,6896.0,6900.0,1,6920.0,6930.0,6936.0,6898.0,295.0,2040810.0,82606
2023-05-10 09:00:48,SM2308,SM2308,6896.0,12.0,83016.0,12.0,1,6892.0,6894.0,1,6920.0,6930.0,6936.0,6896.0,307.0,2123826.0,82618
2023-05-10 09:00:48,SM2308,SM2308,6892.0,9.0,61630.0,1.0,2,6888.0,6894.0,4,6920.0,6930.0,6936.0,6890.0,316.0,2185456.0,82619
2023-05-10 09:00:49,SM2308,SM2308,6890.0,44.0,302864.0,25.0,2,6884.0,6890.0,2,6920.0,6930.0,6936.0,6884.0,360.0,2488320.0,82644
2023-05-10 09:00:49,SM2308,SM2308,6892.0,15.0,103680.0,1.0,2,6888.0,6896.0,15,6920.0,6930.0,6936.0,6884.0,375.0,2592000.0,82645
2023-05-10 09:00:50,SM2308,SM2308,6896.0,10.0,69120.0,-4.0,2,6888.0,6894.0,1,6920.0,6930.0,6936.0,6884.0,385.0,2661120.0,82641
2023-05-10 09:00:50,SM2308,SM2308,6896.0,0.0,0.0,0.0,6,6890.0,6896.0,21,6920.0,6930.0,6936.0,6884.0,385.0,2661120.0,82641
2023-05-10 09:00:51,SM2308,SM2308,6896.0,30.0,206530.0,14.0,1,6898.0,6900.0,2,6920.0,6930.0,6936.0,6884.0,415.0,2867650.0,82655
2023-05-10 09:00:51,SM2308,SM2308,6900.0,2.0,13820.0,0.0,2,6898.0,6900.0,1,6920.0,6930.0,6936.0,6884.0,417.0,2881470.0,82655
2023-05-10 09:00:52,SM2308,SM2308,6902.0,4.0,27640.0,-3.0,2,6898.0,6902.0,1,6920.0,6930.0,6936.0,6884.0,421.0,2909110.0,82652
2023-05-10 09:00:52,SM2308,SM2308,6902.0,0.0,0.0,0.0,1,6900.0,6904.0,1,6920.0,6930.0,6936.0,6884.0,421.0,2909110.0,82652
2023-05-10 09:00:54,SM2308,SM2308,6902.0,0.0,0.0,0.0,1,6900.0,6902.0,1,6920.0,6930.0,6936.0,6884.0,421.0,2909110.0,82652
2023-05-10 09:00:54,SM2308,SM2308,6902.0,0.0,0.0,0.0,4,6898.0,6904.0,1,6920.0,6930.0,6936.0,6884.0,421.0,2909110.0,82652
2023-05-10 09:00:54,SM2308,SM2308,6902.0,0.0,0.0,0.0,1,6900.0,6902.0,1,6920.0,6930.0,6936.0,6884.0,421.0,2909110.0,82652
2023-05-10 09:00:55,SM2308,SM2308,6902.0,1.0,6910.0,0.0,1,6900.0,6904.0,1,6920.0,6930.0,6936.0,6884.0,422.0,2916020.0,82652
2023-05-10 09:00:56,SM2308,SM2308,6902.0,0.0,0.0,0.0,1,6900.0,6904.0,2,6920.0,6930.0,6936.0,6884.0,422.0,2916020.0,82652
2023-05-10 09:00:57,SM2308,SM2308,6902.0,0.0,0.0,0.0,1,6898.0,6902.0,3,6920.0,6930.0,6936.0,6884.0,422.0,2916020.0,82652
2023-05-10 09:00:57,SM2308,SM2308,6902.0,0.0,0.0,0.0,1,6898.0,6902.0,1,6920.0,6930.0,6936.0,6884.0,422.0,2916020.0,82652
2023-05-10 09:00:58,SM2308,SM2308,6896.0,5.0,34550.0,0.0,6,6894.0,6896.0,3,6920.0,6930.0,6936.0,6884.0,427.0,2950570.0,82652
2023-05-10 09:00:58,SM2308,SM2308,6896.0,3.0,20730.0,-1.0,5,6894.0,6900.0,1,6920.0,6930.0,6936.0,6884.0,430.0,2971300.0,82651
2023-05-10 09:00:59,SM2308,SM2308,6896.0,0.0,0.0,0.0,4,6894.0,6898.0,1,6920.0,6930.0,6936.0,6884.0,430.0,2971300.0,82651
2023-05-10 09:00:59,SM2308,SM2308,6896.0,0.0,0.0,0.0,15,6892.0,6898.0,1,6920.0,6930.0,6936.0,6884.0,430.0,2971300.0,82651
2023-05-10 09:01:00,SM2308,SM2308,6896.0,0.0,0.0,0.0,3,6892.0,6898.0,4,6920.0,6930.0,6936.0,6884.0,430.0,2971300.0,82651
2023-05-10 09:01:00,SM2308,SM2308,6896.0,0.0,0.0,0.0,2,6892.0,6896.0,1,6920.0,6930.0,6936.0,6884.0,430.0,2971300.0,82651
2023-05-10 09:01:02,SM2308,SM2308,6896.0,0.0,0.0,0.0,1,6894.0,6896.0,1,6920.0,6930.0,6936.0,6884.0,430.0,2971300.0,82651
2023-05-10 09:01:02,SM2308,SM2308,6896.0,0.0,0.0,0.0,5,6892.0,6896.0,1,6920.0,6930.0,6936.0,6884.0,430.0,2971300.0,82651
2023-05-10 09:01:03,SM2308,SM2308,6900.0,24.0,165840.0,14.0,3,6900.0,6902.0,3,6920.0,6930.0,6936.0,6884.0,454.0,3137140.0,82665
2023-05-10 09:01:03,SM2308,SM2308,6898.0,7.0,48370.0,1.0,3,6898.0,6900.0,4,6920.0,6930.0,6936.0,6884.0,461.0,3185510.0,82666
2023-05-10 09:01:04,SM2308,SM2308,6896.0,4.0,27640.0,-2.0,1,6896.0,6898.0,3,6920.0,6930.0,6936.0,6884.0,465.0,3213150.0,82664
2023-05-10 09:01:04,SM2308,SM2308,6896.0,2.0,13820.0,0.0,2,6894.0,6898.0,4,6920.0,6930.0,6936.0,6884.0,467.0,3226970.0,82664
2023-05-10 09:01:05,SM2308,SM2308,6894.0,7.0,47422.0,0.0,5,6892.0,6896.0,8,6920.0,6930.0,6936.0,6884.0,474.0,3274392.0,82664
2023-05-10 09:01:05,SM2308,SM2308,6894.0,0.0,0.0,0.0,4,6892.0,6896.0,8,6920.0,6930.0,6936.0,6884.0,474.0,3274392.0,82664
2023-05-10 09:01:06,SM2308,SM2308,6894.0,1.0,6908.0,0.0,4,6892.0,6896.0,4,6920.0,6930.0,6936.0,6884.0,475.0,3281300.0,82664
2023-05-10 09:01:07,SM2308,SM2308,6896.0,9.0,62172.0,9.0,5,6892.0,6896.0,2,6920.0,6930.0,6936.0,6884.0,484.0,3343472.0,82673
2023-05-10 09:01:07,SM2308,SM2308,6896.0,6.0,41448.0,3.0,1,6894.0,6898.0,2,6920.0,6930.0,6936.0,6884.0,490.0,3384920.0,82676
2023-05-10 09:01:08,SM2308,SM2308,6896.0,0.0,0.0,0.0,1,6896.0,6898.0,3,6920.0,6930.0,6936.0,6884.0,490.0,3384920.0,82676
2023-05-10 09:01:08,SM2308,SM2308,6896.0,4.0,27632.0,4.0,1,6896.0,6898.0,2,6920.0,6930.0,6936.0,6884.0,494.0,3412552.0,82680
2023-05-10 09:01:09,SM2308,SM2308,6896.0,0.0,0.0,0.0,1,6896.0,6898.0,3,6920.0,6930.0,6936.0,6884.0,494.0,3412552.0,82680
2023-05-10 09:01:09,SM2308,SM2308,6896.0,8.0,55264.0,0.0,1,6896.0,6898.0,3,6920.0,6930.0,6936.0,6884.0,502.0,3467816.0,82680
2023-05-10 09:01:10,SM2308,SM2308,6896.0,3.0,20724.0,1.0,3,6894.0,6898.0,6,6920.0,6930.0,6936.0,6884.0,505.0,3488540.0,82681
2023-05-10 09:01:10,SM2308,SM2308,6890.0,37.0,254512.0,5.0,1,6892.0,6896.0,5,6920.0,6930.0,6936.0,6884.0,542.0,3743052.0,82686
2023-05-10 09:01:11,SM2308,SM2308,6890.0,0.0,0.0,0.0,1,6894.0,6896.0,2,6920.0,6930.0,6936.0,6884.0,542.0,3743052.0,82686
2023-05-10 09:01:11,SM2308,SM2308,6896.0,2.0,13812.0,0.0,1,6894.0,6898.0,3,6920.0,6930.0,6936.0,6884.0,544.0,3756864.0,82686
2023-05-10 09:01:12,SM2308,SM2308,6896.0,0.0,0.0,0.0,1,6894.0,6898.0,1,6920.0,6930.0,6936.0,6884.0,544.0,3756864.0,82686
2023-05-10 09:01:12,SM2308,SM2308,6896.0,0.0,0.0,0.0,1,6894.0,6898.0,3,6920.0,6930.0,6936.0,6884.0,544.0,3756864.0,82686
2023-05-10 09:01:14,SM2308,SM2308,6896.0,0.0,0.0,0.0,12,6890.0,6896.0,4,6920.0,6930.0,6936.0,6884.0,544.0,3756864.0,82686
2023-05-10 09:01:15,SM2308,SM2308,6896.0,0.0,0.0,0.0,1,6890.0,6894.0,2,6920.0,6930.0,6936.0,6884.0,544.0,3756864.0,82686
2023-05-10 09:01:16,SM2308,SM2308,6896.0,0.0,0.0,0.0,1,6892.0,6894.0,1,6920.0,6930.0,6936.0,6884.0,544.0,3756864.0,82686
2023-05-10 09:01:17,SM2308,SM2308,6896.0,0.0,0.0,0.0,2,6890.0,6896.0,3,6920.0,6930.0,6936.0,6884.0,544.0,3756864.0,82686
2023-05-10 09:01:17,SM2308,SM2308,6894.0,2.0,13812.0,0.0,2,6890.0,6894.0,1,6920.0,6930.0,6936.0,6884.0,546.0,3770676.0,82686
2023-05-10 09:01:18,SM2308,SM2308,6894.0,0.0,0.0,0.0,1,6890.0,6894.0,3,6920.0,6930.0,6936.0,6884.0,546.0,3770676.0,82686
2023-05-10 09:01:19,SM2308,SM2308,6894.0,0.0,0.0,0.0,1,6888.0,6894.0,3,6920.0,6930.0,6936.0,6884.0,546.0,3770676.0,82686
2023-05-10 09:01:19,SM2308,SM2308,6894.0,0.0,0.0,0.0,12,6886.0,6892.0,3,6920.0,6930.0,6936.0,6884.0,546.0,3770676.0,82686
2023-05-10 09:01:20,SM2308,SM2308,6888.0,2.0,13812.0,1.0,1,6888.0,6890.0,1,6920.0,6930.0,6936.0,6884.0,548.0,3784488.0,82687
2023-05-10 09:01:20,SM2308,SM2308,6888.0,0.0,0.0,0.0,1,6886.0,6890.0,2,6920.0,6930.0,6936.0,6884.0,548.0,3784488.0,82687
2023-05-10 09:01:21,SM2308,SM2308,6888.0,1.0,6906.0,1.0,3,6886.0,6890.0,2,6920.0,6930.0,6936.0,6884.0,549.0,3791394.0,82688
2023-05-10 09:01:21,SM2308,SM2308,6890.0,3.0,20718.0,0.0,1,6888.0,6890.0,1,6920.0,6930.0,6936.0,6884.0,552.0,3812112.0,82688
2023-05-10 09:01:21,SM2308,SM2308,6890.0,0.0,0.0,0.0,1,6888.0,6890.0,2,6920.0,6930.0,6936.0,6884.0,552.0,3812112.0,82688
2023-05-10 09:01:22,SM2308,SM2308,6888.0,2.0,13812.0,2.0,1,6888.0,6890.0,3,6920.0,6930.0,6936.0,6884.0,554.0,3825924.0,82690
2023-05-10 09:01:23,SM2308,SM2308,6888.0,8.0,55248.0,8.0,1,6888.0,6890.0,3,6920.0,6930.0,6936.0,6884.0,562.0,3881172.0,82698
2023-05-10 09:01:23,SM2308,SM2308,6888.0,8.0,55248.0,8.0,1,6886.0,6888.0,1,6920.0,6930.0,6936.0,6884.0,570.0,3936420.0,82706
2023-05-10 09:01:24,SM2308,SM2308,6888.0,0.0,0.0,0.0,1,6884.0,6886.0,1,6920.0,6930.0,6936.0,6884.0,570.0,3936420.0,82706
2023-05-10 09:01:24,SM2308,SM2308,6888.0,0.0,0.0,0.0,1,6884.0,6888.0,2,6920.0,6930.0,6936.0,6884.0,570.0,3936420.0,82706
2023-05-10 09:01:25,SM2308,SM2308,6888.0,0.0,0.0,0.0,1,6888.0,6890.0,22,6920.0,6930.0,6936.0,6884.0,570.0,3936420.0,82706
2023-05-10 09:01:25,SM2308,SM2308,6888.0,0.0,0.0,0.0,1,6886.0,6890.0,3,6920.0,6930.0,6936.0,6884.0,570.0,3936420.0,82706
2023-05-10 09:01:27,SM2308,SM2308,6888.0,0.0,0.0,0.0,1,6886.0,6890.0,2,6920.0,6930.0,6936.0,6884.0,570.0,3936420.0,82706
2023-05-10 09:01:27,SM2308,SM2308,6888.0,0.0,0.0,0.0,1,6886.0,6890.0,3,6920.0,6930.0,6936.0,6884.0,570.0,3936420.0,82706
2023-05-10 09:01:28,SM2308,SM2308,6888.0,0.0,0.0,0.0,1,6886.0,6888.0,2,6920.0,6930.0,6936.0,6884.0,570.0,3936420.0,82706
2023-05-10 09:01:29,SM2308,SM2308,6888.0,1.0,6906.0,0.0,1,6884.0,6890.0,3,6920.0,6930.0,6936.0,6884.0,571.0,3943326.0,82706
2023-05-10 09:01:29,SM2308,SM2308,6888.0,0.0,0.0,0.0,22,6882.0,6886.0,1,6920.0,6930.0,6936.0,6884.0,571.0,3943326.0,82706
2023-05-10 09:01:29,SM2308,SM2308,6888.0,0.0,0.0,0.0,1,6882.0,6886.0,3,6920.0,6930.0,6936.0,6884.0,571.0,3943326.0,82706
2023-05-10 09:01:30,SM2308,SM2308,6888.0,0.0,0.0,0.0,1,6884.0,6886.0,1,6920.0,6930.0,6936.0,6884.0,571.0,3943326.0,82706
2023-05-10 09:01:31,SM2308,SM2308,6884.0,1.0,6906.0,0.0,1,6884.0,6886.0,1,6920.0,6930.0,6936.0,6884.0,572.0,3950232.0,82706
2023-05-10 09:01:32,SM2308,SM2308,6884.0,0.0,0.0,0.0,3,6882.0,6886.0,1,6920.0,6930.0,6936.0,6884.0,572.0,3950232.0,82706
2023-05-10 09:01:32,SM2308,SM2308,6886.0,1.0,6906.0,0.0,2,6884.0,6888.0,2,6920.0,6930.0,6936.0,6884.0,573.0,3957138.0,82706
2023-05-10 09:01:33,SM2308,SM2308,6888.0,1.0,6906.0,0.0,1,6886.0,6890.0,5,6920.0,6930.0,6936.0,6884.0,574.0,3964044.0,82706
2023-05-10 09:01:33,SM2308,SM2308,6888.0,2.0,13812.0,0.0,1,6886.0,6890.0,2,6920.0,6930.0,6936.0,6884.0,576.0,3977856.0,82706
2023-05-10 09:01:34,SM2308,SM2308,6888.0,0.0,0.0,0.0,2,6884.0,6888.0,1,6920.0,6930.0,6936.0,6884.0,576.0,3977856.0,82706
2023-05-10 09:01:34,SM2308,SM2308,6888.0,1.0,6906.0,0.0,2,6884.0,6888.0,1,6920.0,6930.0,6936.0,6884.0,577.0,3984762.0,82706
2023-05-10 09:01:34,SM2308,SM2308,6888.0,0.0,0.0,0.0,1,6886.0,6888.0,1,6920.0,6930.0,6936.0,6884.0,577.0,3984762.0,82706
2023-05-10 09:01:35,SM2308,SM2308,6890.0,14.0,96684.0,11.0,2,6886.0,6890.0,8,6920.0,6930.0,6936.0,6884.0,591.0,4081446.0,82717
2023-05-10 09:01:35,SM2308,SM2308,6890.0,0.0,0.0,0.0,3,6886.0,6890.0,8,6920.0,6930.0,6936.0,6884.0,591.0,4081446.0,82717
2023-05-10 09:01:36,SM2308,SM2308,6890.0,0.0,0.0,0.0,1,6886.0,6890.0,9,6920.0,6930.0,6936.0,6884.0,591.0,4081446.0,82717
2023-05-10 09:01:37,SM2308,SM2308,6890.0,0.0,0.0,0.0,1,6884.0,6890.0,9,6920.0,6930.0,6936.0,6884.0,591.0,4081446.0,82717
2023-05-10 09:01:37,SM2308,SM2308,6890.0,0.0,0.0,0.0,1,6884.0,6888.0,1,6920.0,6930.0,6936.0,6884.0,591.0,4081446.0,82717
2023-05-10 09:01:37,SM2308,SM2308,6890.0,0.0,0.0,0.0,1,6884.0,6888.0,5,6920.0,6930.0,6936.0,6884.0,591.0,4081446.0,82717
2023-05-10 09:01:38,SM2308,SM2308,6890.0,0.0,0.0,0.0,2,6884.0,6890.0,19,6920.0,6930.0,6936.0,6884.0,591.0,4081446.0,82717
2023-05-10 09:01:39,SM2308,SM2308,6890.0,0.0,0.0,0.0,1,6886.0,6888.0,4,6920.0,6930.0,6936.0,6884.0,591.0,4081446.0,82717
2023-05-10 09:01:39,SM2308,SM2308,6888.0,11.0,75966.0,8.0,1,6886.0,6890.0,5,6920.0,6930.0,6936.0,6884.0,602.0,4157412.0,82725
2023-05-10 09:01:40,SM2308,SM2308,6890.0,1.0,6906.0,1.0,2,6886.0,6890.0,4,6920.0,6930.0,6936.0,6884.0,603.0,4164318.0,82726
2023-05-10 09:01:40,SM2308,SM2308,6890.0,1.0,6906.0,1.0,2,6886.0,6890.0,3,6920.0,6930.0,6936.0,6884.0,604.0,4171224.0,82727
2023-05-10 09:01:41,SM2308,SM2308,6890.0,0.0,0.0,0.0,2,6884.0,6888.0,5,6920.0,6930.0,6936.0,6884.0,604.0,4171224.0,82727
2023-05-10 09:01:41,SM2308,SM2308,6890.0,0.0,0.0,0.0,3,6882.0,6888.0,6,6920.0,6930.0,6936.0,6884.0,604.0,4171224.0,82727
2023-05-10 09:01:42,SM2308,SM2308,6886.0,2.0,13812.0,0.0,2,6884.0,6888.0,2,6920.0,6930.0,6936.0,6884.0,606.0,4185036.0,82727
2023-05-10 09:01:42,SM2308,SM2308,6886.0,0.0,0.0,0.0,15,6882.0,6886.0,2,6920.0,6930.0,6936.0,6884.0,606.0,4185036.0,82727
2023-05-10 09:01:43,SM2308,SM2308,6886.0,0.0,0.0,0.0,3,6884.0,6886.0,3,6920.0,6930.0,6936.0,6884.0,606.0,4185036.0,82727
2023-05-10 09:01:43,SM2308,SM2308,6886.0,1.0,6906.0,1.0,3,6884.0,6888.0,6,6920.0,6930.0,6936.0,6884.0,607.0,4191942.0,82728
2023-05-10 09:01:43,SM2308,SM2308,6886.0,0.0,0.0,0.0,3,6886.0,6888.0,2,6920.0,6930.0,6936.0,6884.0,607.0,4191942.0,82728
2023-05-10 09:01:44,SM2308,SM2308,6888.0,2.0,13812.0,2.0,4,6886.0,6890.0,8,6920.0,6930.0,6936.0,6884.0,609.0,4205754.0,82730
2023-05-10 09:01:45,SM2308,SM2308,6888.0,1.0,6906.0,0.0,1,6886.0,6890.0,7,6920.0,6930.0,6936.0,6884.0,610.0,4212660.0,82730
2023-05-10 09:01:46,SM2308,SM2308,6888.0,0.0,0.0,0.0,4,6886.0,6892.0,17,6920.0,6930.0,6936.0,6884.0,610.0,4212660.0,82730
2023-05-10 09:01:46,SM2308,SM2308,6890.0,2.0,12588.0,2.0,2,6888.0,6892.0,7,6920.0,6930.0,6936.0,6884.0,612.0,4225248.0,82732
2023-05-10 09:01:47,SM2308,SM2308,6890.0,12.0,82848.0,-10.0,1,6888.0,6892.0,6,6920.0,6930.0,6936.0,6884.0,624.0,4308096.0,82722
2023-05-10 09:01:47,SM2308,SM2308,6890.0,0.0,0.0,0.0,1,6888.0,6892.0,7,6920.0,6930.0,6936.0,6884.0,624.0,4308096.0,82722
2023-05-10 09:01:48,SM2308,SM2308,6890.0,0.0,0.0,0.0,4,6886.0,6892.0,8,6920.0,6930.0,6936.0,6884.0,624.0,4308096.0,82722
2023-05-10 09:01:48,SM2308,SM2308,6890.0,0.0,0.0,0.0,2,6886.0,6890.0,9,6920.0,6930.0,6936.0,6884.0,624.0,4308096.0,82722
2023-05-10 09:01:48,SM2308,SM2308,6890.0,0.0,0.0,0.0,1,6886.0,6890.0,9,6920.0,6930.0,6936.0,6884.0,624.0,4308096.0,82722
2023-05-10 09:01:49,SM2308,SM2308,6886.0,1.0,6904.0,-1.0,3,6884.0,6890.0,9,6920.0,6930.0,6936.0,6884.0,625.0,4315000.0,82721
2023-05-10 09:01:50,SM2308,SM2308,6886.0,0.0,0.0,0.0,2,6884.0,6890.0,12,6920.0,6930.0,6936.0,6884.0,625.0,4315000.0,82721
2023-05-10 09:01:50,SM2308,SM2308,6886.0,0.0,0.0,0.0,3,6884.0,6890.0,12,6920.0,6930.0,6936.0,6884.0,625.0,4315000.0,82721
2023-05-10 09:01:51,SM2308,SM2308,6886.0,0.0,0.0,0.0,1,6884.0,6888.0,11,6920.0,6930.0,6936.0,6884.0,625.0,4315000.0,82721
2023-05-10 09:01:52,SM2308,SM2308,6886.0,0.0,0.0,0.0,4,6882.0,6888.0,10,6920.0,6930.0,6936.0,6884.0,625.0,4315000.0,82721
2023-05-10 09:01:52,SM2308,SM2308,6880.0,22.0,151888.0,-10.0,4,6878.0,6880.0,9,6920.0,6930.0,6936.0,6880.0,647.0,4466888.0,82711
2023-05-10 09:01:53,SM2308,SM2308,6878.0,30.0,205766.0,10.0,1,6876.0,6880.0,3,6920.0,6930.0,6936.0,6878.0,677.0,4672654.0,82721
2023-05-10 09:01:53,SM2308,SM2308,6878.0,0.0,0.0,0.0,4,6876.0,6880.0,1,6920.0,6930.0,6936.0,6878.0,677.0,4672654.0,82721
2023-05-10 09:01:54,SM2308,SM2308,6878.0,1.0,6902.0,0.0,5,6878.0,6884.0,14,6920.0,6930.0,6936.0,6878.0,678.0,4679556.0,82721
2023-05-10 09:01:54,SM2308,SM2308,6878.0,0.0,0.0,0.0,4,6878.0,6882.0,11,6920.0,6930.0,6936.0,6878.0,678.0,4679556.0,82721
2023-05-10 09:01:55,SM2308,SM2308,6878.0,1.0,6902.0,0.0,4,6876.0,6880.0,8,6920.0,6930.0,6936.0,6878.0,679.0,4686458.0,82721
2023-05-10 09:01:55,SM2308,SM2308,6878.0,1.0,6902.0,0.0,2,6876.0,6882.0,20,6920.0,6930.0,6936.0,6878.0,680.0,4693360.0,82721
2023-05-10 09:01:56,SM2308,SM2308,6878.0,0.0,0.0,0.0,1,6878.0,6880.0,1,6920.0,6930.0,6936.0,6878.0,680.0,4693360.0,82721
2023-05-10 09:01:56,SM2308,SM2308,6874.0,11.0,75922.0,-1.0,13,6874.0,6876.0,1,6920.0,6930.0,6936.0,6874.0,691.0,4769282.0,82720
2023-05-10 09:01:57,SM2308,SM2308,6876.0,37.0,253918.0,-16.0,2,6876.0,6878.0,7,6920.0,6930.0,6936.0,6874.0,728.0,5023200.0,82704
2023-05-10 09:01:57,SM2308,SM2308,6876.0,1.0,6900.0,1.0,1,6876.0,6878.0,7,6920.0,6930.0,6936.0,6874.0,729.0,5030100.0,82705
2023-05-10 09:01:58,SM2308,SM2308,6876.0,1.0,6900.0,1.0,1,6876.0,6878.0,1,6920.0,6930.0,6936.0,6874.0,730.0,5037000.0,82706
2023-05-10 09:01:58,SM2308,SM2308,6876.0,0.0,0.0,0.0,2,6876.0,6882.0,26,6920.0,6930.0,6936.0,6874.0,730.0,5037000.0,82706
2023-05-10 09:01:58,SM2308,SM2308,6876.0,0.0,0.0,0.0,3,6876.0,6880.0,2,6920.0,6930.0,6936.0,6874.0,730.0,5037000.0,82706
2023-05-10 09:01:59,SM2308,SM2308,6880.0,1.0,6900.0,0.0,2,6876.0,6880.0,1,6920.0,6930.0,6936.0,6874.0,731.0,5043900.0,82706
2023-05-10 09:02:00,SM2308,SM2308,6880.0,1.0,6900.0,0.0,2,6876.0,6880.0,12,6920.0,6930.0,6936.0,6874.0,732.0,5050800.0,82706
2023-05-10 09:02:00,SM2308,SM2308,6880.0,0.0,0.0,0.0,1,6878.0,6880.0,15,6920.0,6930.0,6936.0,6874.0,732.0,5050800.0,82706
2023-05-10 09:02:01,SM2308,SM2308,6880.0,0.0,0.0,0.0,3,6876.0,6880.0,16,6920.0,6930.0,6936.0,6874.0,732.0,5050800.0,82706
2023-05-10 09:02:01,SM2308,SM2308,6880.0,0.0,0.0,0.0,15,6876.0,6880.0,17,6920.0,6930.0,6936.0,6874.0,732.0,5050800.0,82706
2023-05-10 09:02:02,SM2308,SM2308,6880.0,0.0,0.0,0.0,14,6876.0,6880.0,16,6920.0,6930.0,6936.0,6874.0,732.0,5050800.0,82706
2023-05-10 09:02:02,SM2308,SM2308,6880.0,0.0,0.0,0.0,15,6876.0,6880.0,15,6920.0,6930.0,6936.0,6874.0,732.0,5050800.0,82706
2023-05-10 09:02:03,SM2308,SM2308,6880.0,11.0,75900.0,-2.0,3,6878.0,6880.0,6,6920.0,6930.0,6936.0,6874.0,743.0,5126700.0,82704
2023-05-10 09:02:03,SM2308,SM2308,6880.0,8.0,55200.0,-5.0,1,6880.0,6882.0,5,6920.0,6930.0,6936.0,6874.0,751.0,5181900.0,82699
2023-05-10 09:02:04,SM2308,SM2308,6880.0,5.0,34500.0,-5.0,1,6880.0,6882.0,1,6920.0,6930.0,6936.0,6874.0,756.0,5216400.0,82694
2023-05-10 09:02:04,SM2308,SM2308,6880.0,3.0,20700.0,-3.0,45,6876.0,6880.0,2,6920.0,6930.0,6936.0,6874.0,759.0,5237100.0,82691
2023-05-10 09:02:05,SM2308,SM2308,6880.0,0.0,0.0,0.0,14,6876.0,6880.0,1,6920.0,6930.0,6936.0,6874.0,759.0,5237100.0,82691
2023-05-10 09:02:05,SM2308,SM2308,6880.0,0.0,0.0,0.0,12,6876.0,6880.0,3,6920.0,6930.0,6936.0,6874.0,759.0,5237100.0,82691
2023-05-10 09:02:06,SM2308,SM2308,6876.0,2.0,13800.0,-1.0,21,6874.0,6878.0,1,6920.0,6930.0,6936.0,6874.0,761.0,5250900.0,82690
2023-05-10 09:02:06,SM2308,SM2308,6876.0,12.0,82800.0,-9.0,2,6874.0,6878.0,1,6920.0,6930.0,6936.0,6874.0,773.0,5333700.0,82681
2023-05-10 09:02:07,SM2308,SM2308,6880.0,5.0,34500.0,4.0,1,6878.0,6880.0,1,6920.0,6930.0,6936.0,6874.0,778.0,5368200.0,82685
2023-05-10 09:02:07,SM2308,SM2308,6880.0,2.0,13800.0,0.0,2,6880.0,6884.0,26,6920.0,6930.0,6936.0,6874.0,780.0,5382000.0,82685
2023-05-10 09:02:07,SM2308,SM2308,6880.0,0.0,0.0,0.0,4,6880.0,6884.0,13,6920.0,6930.0,6936.0,6874.0,780.0,5382000.0,82685
2023-05-10 09:02:08,SM2308,SM2308,6880.0,2.0,13800.0,0.0,3,6880.0,6884.0,12,6920.0,6930.0,6936.0,6874.0,782.0,5395800.0,82685
2023-05-10 09:02:08,SM2308,SM2308,6880.0,0.0,0.0,0.0,4,6880.0,6884.0,26,6920.0,6930.0,6936.0,6874.0,782.0,5395800.0,82685
2023-05-10 09:02:09,SM2308,SM2308,6884.0,2.0,13800.0,2.0,1,6884.0,6886.0,28,6920.0,6930.0,6936.0,6874.0,784.0,5409600.0,82687
2023-05-10 09:02:10,SM2308,SM2308,6884.0,1.0,6900.0,0.0,3,6882.0,6884.0,5,6920.0,6930.0,6936.0,6874.0,785.0,5416500.0,82687
2023-05-10 09:02:10,SM2308,SM2308,6884.0,5.0,34500.0,3.0,3,6884.0,6888.0,34,6920.0,6930.0,6936.0,6874.0,790.0,5451000.0,82690
2023-05-10 09:02:11,SM2308,SM2308,6884.0,0.0,0.0,0.0,18,6882.0,6888.0,24,6920.0,6930.0,6936.0,6874.0,790.0,5451000.0,82690
2023-05-10 09:02:11,SM2308,SM2308,6884.0,0.0,0.0,0.0,1,6884.0,6888.0,24,6920.0,6930.0,6936.0,6874.0,790.0,5451000.0,82690
2023-05-10 09:02:12,SM2308,SM2308,6884.0,0.0,0.0,0.0,3,6884.0,6888.0,24,6920.0,6930.0,6936.0,6874.0,790.0,5451000.0,82690
2023-05-10 09:02:12,SM2308,SM2308,6884.0,0.0,0.0,0.0,4,6884.0,6888.0,24,6920.0,6930.0,6936.0,6874.0,790.0,5451000.0,82690
2023-05-10 09:02:12,SM2308,SM2308,6884.0,0.0,0.0,0.0,4,6884.0,6888.0,20,6920.0,6930.0,6936.0,6874.0,790.0,5451000.0,82690
2023-05-10 09:02:13,SM2308,SM2308,6884.0,0.0,0.0,0.0,4,6884.0,6888.0,24,6920.0,6930.0,6936.0,6874.0,790.0,5451000.0,82690
2023-05-10 09:02:14,SM2308,SM2308,6888.0,3.0,20700.0,0.0,1,6886.0,6888.0,8,6920.0,6930.0,6936.0,6874.0,793.0,5471700.0,82690
2023-05-10 09:02:14,SM2308,SM2308,6886.0,3.0,20700.0,0.0,3,6884.0,6888.0,8,6920.0,6930.0,6936.0,6874.0,796.0,5492400.0,82690
2023-05-10 09:02:15,SM2308,SM2308,6886.0,0.0,0.0,0.0,2,6884.0,6888.0,8,6920.0,6930.0,6936.0,6874.0,796.0,5492400.0,82690
2023-05-10 09:02:15,SM2308,SM2308,6886.0,2.0,13800.0,0.0,2,6884.0,6888.0,9,6920.0,6930.0,6936.0,6874.0,798.0,5506200.0,82690
2023-05-10 09:02:15,SM2308,SM2308,6886.0,0.0,0.0,0.0,2,6884.0,6888.0,10,6920.0,6930.0,6936.0,6874.0,798.0,5506200.0,82690
2023-05-10 09:02:16,SM2308,SM2308,6886.0,0.0,0.0,0.0,12,6884.0,6886.0,1,6920.0,6930.0,6936.0,6874.0,798.0,5506200.0,82690
2023-05-10 09:02:17,SM2308,SM2308,6884.0,14.0,94976.0,-2.0,1,6884.0,6888.0,8,6920.0,6930.0,6936.0,6874.0,812.0,5601176.0,82688
2023-05-10 09:02:17,SM2308,SM2308,6886.0,2.0,13796.0,2.0,1,6888.0,6890.0,12,6920.0,6930.0,6936.0,6874.0,814.0,5614972.0,82690
2023-05-10 09:02:18,SM2308,SM2308,6886.0,2.0,13796.0,-2.0,2,6888.0,6890.0,4,6920.0,6930.0,6936.0,6874.0,816.0,5628768.0,82688
2023-05-10 09:02:18,SM2308,SM2308,6886.0,0.0,0.0,0.0,11,6888.0,6890.0,4,6920.0,6930.0,6936.0,6874.0,816.0,5628768.0,82688
2023-05-10 09:02:19,SM2308,SM2308,6888.0,10.0,68980.0,0.0,2,6888.0,6890.0,7,6920.0,6930.0,6936.0,6874.0,826.0,5697748.0,82688
2023-05-10 09:02:19,SM2308,SM2308,6890.0,2.0,13796.0,-1.0,1,6886.0,6890.0,6,6920.0,6930.0,6936.0,6874.0,828.0,5711544.0,82687
2023-05-10 09:02:20,SM2308,SM2308,6882.0,6.0,41388.0,0.0,1,6880.0,6884.0,2,6920.0,6930.0,6936.0,6874.0,834.0,5752932.0,82687
2023-05-10 09:02:20,SM2308,SM2308,6882.0,1.0,6898.0,-1.0,1,6880.0,6884.0,28,6920.0,6930.0,6936.0,6874.0,835.0,5759830.0,82686
2023-05-10 09:02:21,SM2308,SM2308,6884.0,5.0,34490.0,-1.0,4,6882.0,6886.0,10,6920.0,6930.0,6936.0,6874.0,840.0,5794320.0,82685
2023-05-10 09:02:21,SM2308,SM2308,6886.0,10.0,68980.0,10.0,10,6886.0,6888.0,9,6920.0,6930.0,6936.0,6874.0,850.0,5863300.0,82695
2023-05-10 09:02:22,SM2308,SM2308,6886.0,1.0,6898.0,0.0,10,6886.0,6888.0,7,6920.0,6930.0,6936.0,6874.0,851.0,5870198.0,82695
2023-05-10 09:02:22,SM2308,SM2308,6886.0,0.0,0.0,0.0,9,6886.0,6888.0,7,6920.0,6930.0,6936.0,6874.0,851.0,5870198.0,82695
2023-05-10 09:02:23,SM2308,SM2308,6886.0,6.0,41388.0,-5.0,4,6886.0,6888.0,1,6920.0,6930.0,6936.0,6874.0,857.0,5911586.0,82690
2023-05-10 09:02:23,SM2308,SM2308,6886.0,0.0,0.0,0.0,8,6886.0,6890.0,11,6920.0,6930.0,6936.0,6874.0,857.0,5911586.0,82690
2023-05-10 09:02:23,SM2308,SM2308,6886.0,0.0,0.0,0.0,19,6886.0,6890.0,1,6920.0,6930.0,6936.0,6874.0,857.0,5911586.0,82690
2023-05-10 09:02:24,SM2308,SM2308,6890.0,1.0,6898.0,1.0,18,6886.0,6892.0,33,6920.0,6930.0,6936.0,6874.0,858.0,5918484.0,82691
2023-05-10 09:02:24,SM2308,SM2308,6890.0,0.0,0.0,0.0,4,6888.0,6892.0,21,6920.0,6930.0,6936.0,6874.0,858.0,5918484.0,82691
2023-05-10 09:02:25,SM2308,SM2308,6890.0,0.0,0.0,0.0,2,6890.0,6894.0,34,6920.0,6930.0,6936.0,6874.0,858.0,5918484.0,82691
2023-05-10 09:02:25,SM2308,SM2308,6890.0,0.0,0.0,0.0,14,6890.0,6894.0,2,6920.0,6930.0,6936.0,6874.0,858.0,5918484.0,82691
2023-05-10 09:02:26,SM2308,SM2308,6890.0,0.0,0.0,0.0,14,6890.0,6894.0,3,6920.0,6930.0,6936.0,6874.0,858.0,5918484.0,82691
2023-05-10 09:02:27,SM2308,SM2308,6890.0,1.0,6898.0,0.0,1,6890.0,6894.0,15,6920.0,6930.0,6936.0,6874.0,859.0,5925382.0,82691
2023-05-10 09:02:27,SM2308,SM2308,6890.0,0.0,0.0,0.0,13,6888.0,6892.0,10,6920.0,6930.0,6936.0,6874.0,859.0,5925382.0,82691
2023-05-10 09:02:27,SM2308,SM2308,6890.0,0.0,0.0,0.0,1,6888.0,6892.0,4,6920.0,6930.0,6936.0,6874.0,859.0,5925382.0,82691
2023-05-10 09:02:28,SM2308,SM2308,6890.0,0.0,0.0,0.0,3,6890.0,6894.0,24,6920.0,6930.0,6936.0,6874.0,859.0,5925382.0,82691
2023-05-10 09:02:29,SM2308,SM2308,6890.0,2.0,13796.0,-1.0,2,6890.0,6894.0,26,6920.0,6930.0,6936.0,6874.0,861.0,5939178.0,82690
2023-05-10 09:02:29,SM2308,SM2308,6890.0,1.0,6898.0,0.0,1,6888.0,6892.0,11,6920.0,6930.0,6936.0,6874.0,862.0,5946076.0,82690
2023-05-10 09:02:30,SM2308,SM2308,6890.0,0.0,0.0,0.0,11,6888.0,6892.0,20,6920.0,6930.0,6936.0,6874.0,862.0,5946076.0,82690
2023-05-10 09:02:30,SM2308,SM2308,6890.0,0.0,0.0,0.0,46,6886.0,6892.0,29,6920.0,6930.0,6936.0,6874.0,862.0,5946076.0,82690
2023-05-10 09:02:31,SM2308,SM2308,6890.0,0.0,0.0,0.0,14,6886.0,6890.0,15,6920.0,6930.0,6936.0,6874.0,862.0,5946076.0,82690
2023-05-10 09:02:31,SM2308,SM2308,6890.0,0.0,0.0,0.0,5,6886.0,6890.0,17,6920.0,6930.0,6936.0,6874.0,862.0,5946076.0,82690
2023-05-10 09:02:32,SM2308,SM2308,6890.0,0.0,0.0,0.0,6,6886.0,6890.0,40,6920.0,6930.0,6936.0,6874.0,862.0,5946076.0,82690
2023-05-10 09:02:32,SM2308,SM2308,6886.0,5.0,34490.0,0.0,2,6886.0,6890.0,30,6920.0,6930.0,6936.0,6874.0,867.0,5980566.0,82690
2023-05-10 09:02:33,SM2308,SM2308,6886.0,2.0,13796.0,-1.0,2,6884.0,6886.0,9,6920.0,6930.0,6936.0,6874.0,869.0,5994362.0,82689
2023-05-10 09:02:33,SM2308,SM2308,6886.0,0.0,0.0,0.0,2,6884.0,6888.0,25,6920.0,6930.0,6936.0,6874.0,869.0,5994362.0,82689
2023-05-10 09:02:34,SM2308,SM2308,6886.0,0.0,0.0,0.0,2,6884.0,6888.0,24,6920.0,6930.0,6936.0,6874.0,869.0,5994362.0,82689
2023-05-10 09:02:34,SM2308,SM2308,6886.0,0.0,0.0,0.0,3,6884.0,6888.0,29,6920.0,6930.0,6936.0,6874.0,869.0,5994362.0,82689
2023-05-10 09:02:34,SM2308,SM2308,6886.0,0.0,0.0,0.0,1,6886.0,6888.0,28,6920.0,6930.0,6936.0,6874.0,869.0,5994362.0,82689
2023-05-10 09:02:35,SM2308,SM2308,6888.0,5.0,34490.0,2.0,22,6884.0,6888.0,7,6920.0,6930.0,6936.0,6874.0,874.0,6028852.0,82691
2023-05-10 09:02:36,SM2308,SM2308,6888.0,1.0,6898.0,1.0,13,6884.0,6890.0,71,6920.0,6930.0,6936.0,6874.0,875.0,6035750.0,82692
2023-05-10 09:02:36,SM2308,SM2308,6888.0,1.0,6898.0,0.0,12,6884.0,6888.0,9,6920.0,6930.0,6936.0,6874.0,876.0,6042648.0,82692
2023-05-10 09:02:37,SM2308,SM2308,6888.0,0.0,0.0,0.0,2,6884.0,6888.0,13,6920.0,6930.0,6936.0,6874.0,876.0,6042648.0,82692
2023-05-10 09:02:37,SM2308,SM2308,6888.0,0.0,0.0,0.0,3,6884.0,6888.0,10,6920.0,6930.0,6936.0,6874.0,876.0,6042648.0,82692
2023-05-10 09:02:38,SM2308,SM2308,6888.0,0.0,0.0,0.0,13,6884.0,6888.0,12,6920.0,6930.0,6936.0,6874.0,876.0,6042648.0,82692
2023-05-10 09:02:38,SM2308,SM2308,6888.0,0.0,0.0,0.0,14,6884.0,6888.0,11,6920.0,6930.0,6936.0,6874.0,876.0,6042648.0,82692
2023-05-10 09:02:38,SM2308,SM2308,6888.0,0.0,0.0,0.0,14,6884.0,6888.0,12,6920.0,6930.0,6936.0,6874.0,876.0,6042648.0,82692
2023-05-10 09:02:39,SM2308,SM2308,6888.0,0.0,0.0,0.0,1,6886.0,6888.0,12,6920.0,6930.0,6936.0,6874.0,876.0,6042648.0,82692
2023-05-10 09:02:40,SM2308,SM2308,6888.0,0.0,0.0,0.0,1,6886.0,6888.0,21,6920.0,6930.0,6936.0,6874.0,876.0,6042648.0,82692
2023-05-10 09:02:41,SM2308,SM2308,6888.0,0.0,0.0,0.0,2,6886.0,6888.0,10,6920.0,6930.0,6936.0,6874.0,876.0,6042648.0,82692
2023-05-10 09:02:41,SM2308,SM2308,6888.0,0.0,0.0,0.0,25,6884.0,6888.0,1,6920.0,6930.0,6936.0,6874.0,876.0,6042648.0,82692
2023-05-10 09:02:42,SM2308,SM2308,6888.0,0.0,0.0,0.0,25,6884.0,6888.0,2,6920.0,6930.0,6936.0,6874.0,876.0,6042648.0,82692
2023-05-10 09:02:42,SM2308,SM2308,6888.0,0.0,0.0,0.0,14,6884.0,6888.0,3,6920.0,6930.0,6936.0,6874.0,876.0,6042648.0,82692
2023-05-10 09:02:42,SM2308,SM2308,6888.0,0.0,0.0,0.0,15,6884.0,6888.0,14,6920.0,6930.0,6936.0,6874.0,876.0,6042648.0,82692
2023-05-10 09:02:43,SM2308,SM2308,6888.0,1.0,6898.0,1.0,1,6886.0,6888.0,13,6920.0,6930.0,6936.0,6874.0,877.0,6049546.0,82693
2023-05-10 09:02:44,SM2308,SM2308,6888.0,12.0,82776.0,2.0,2,6886.0,6888.0,9,6920.0,6930.0,6936.0,6874.0,889.0,6132322.0,82695
2023-05-10 09:02:44,SM2308,SM2308,6888.0,0.0,0.0,0.0,2,6886.0,6888.0,12,6920.0,6930.0,6936.0,6874.0,889.0,6132322.0,82695
2023-05-10 09:02:45,SM2308,SM2308,6888.0,2.0,13796.0,0.0,1,6886.0,6888.0,10,6920.0,6930.0,6936.0,6874.0,891.0,6146118.0,82695
2023-05-10 09:02:45,SM2308,SM2308,6888.0,0.0,0.0,0.0,2,6886.0,6888.0,9,6920.0,6930.0,6936.0,6874.0,891.0,6146118.0,82695
2023-05-10 09:02:46,SM2308,SM2308,6892.0,39.0,269022.0,24.0,14,6888.0,6892.0,10,6920.0,6930.0,6936.0,6874.0,930.0,6415140.0,82719
2023-05-10 09:02:46,SM2308,SM2308,6892.0,0.0,0.0,0.0,16,6886.0,6890.0,3,6920.0,6930.0,6936.0,6874.0,930.0,6415140.0,82719
2023-05-10 09:02:47,SM2308,SM2308,6892.0,0.0,0.0,0.0,1,6888.0,6890.0,3,6920.0,6930.0,6936.0,6874.0,930.0,6415140.0,82719
2023-05-10 09:02:47,SM2308,SM2308,6890.0,1.0,6898.0,1.0,8,6888.0,6892.0,33,6920.0,6930.0,6936.0,6874.0,931.0,6422038.0,82720
2023-05-10 09:02:47,SM2308,SM2308,6890.0,0.0,0.0,0.0,1,6890.0,6892.0,34,6920.0,6930.0,6936.0,6874.0,931.0,6422038.0,82720
2023-05-10 09:02:48,SM2308,SM2308,6890.0,0.0,0.0,0.0,5,6890.0,6892.0,15,6920.0,6930.0,6936.0,6874.0,931.0,6422038.0,82720
2023-05-10 09:02:49,SM2308,SM2308,6886.0,37.0,255226.0,-22.0,40,6886.0,6890.0,12,6920.0,6930.0,6936.0,6874.0,968.0,6677264.0,82698
2023-05-10 09:02:49,SM2308,SM2308,6886.0,0.0,0.0,0.0,22,6884.0,6888.0,42,6920.0,6930.0,6936.0,6874.0,968.0,6677264.0,82698
2023-05-10 09:02:50,SM2308,SM2308,6886.0,0.0,0.0,0.0,2,6884.0,6886.0,10,6920.0,6930.0,6936.0,6874.0,968.0,6677264.0,82698
2023-05-10 09:02:50,SM2308,SM2308,6888.0,1.0,6898.0,1.0,1,6886.0,6888.0,20,6920.0,6930.0,6936.0,6874.0,969.0,6684162.0,82699
2023-05-10 09:02:51,SM2308,SM2308,6888.0,19.0,131062.0,6.0,2,6886.0,6890.0,1,6920.0,6930.0,6936.0,6874.0,988.0,6815224.0,82705
2023-05-10 09:02:51,SM2308,SM2308,6888.0,0.0,0.0,0.0,2,6886.0,6890.0,24,6920.0,6930.0,6936.0,6874.0,988.0,6815224.0,82705
2023-05-10 09:02:52,SM2308,SM2308,6888.0,0.0,0.0,0.0,1,6886.0,6890.0,26,6920.0,6930.0,6936.0,6874.0,988.0,6815224.0,82705
2023-05-10 09:02:52,SM2308,SM2308,6888.0,0.0,0.0,0.0,14,6884.0,6886.0,11,6920.0,6930.0,6936.0,6874.0,988.0,6815224.0,82705
2023-05-10 09:02:53,SM2308,SM2308,6886.0,2.0,13796.0,0.0,2,6884.0,6886.0,9,6920.0,6930.0,6936.0,6874.0,990.0,6829020.0,82705
2023-05-10 09:02:53,SM2308,SM2308,6886.0,12.0,80772.0,9.0,4,6886.0,6890.0,45,6920.0,6930.0,6936.0,6874.0,1002.0,6909792.0,82714
2023-05-10 09:02:53,SM2308,SM2308,6886.0,0.0,0.0,0.0,14,6886.0,6890.0,3,6920.0,6930.0,6936.0,6874.0,1002.0,6909792.0,82714
2023-05-10 09:02:54,SM2308,SM2308,6886.0,24.0,165504.0,-14.0,15,6884.0,6886.0,10,6920.0,6930.0,6936.0,6874.0,1026.0,7075296.0,82700
2023-05-10 09:02:55,SM2308,SM2308,6886.0,10.0,68960.0,10.0,5,6884.0,6886.0,1,6920.0,6930.0,6936.0,6874.0,1036.0,7144256.0,82710
2023-05-10 09:02:55,SM2308,SM2308,6884.0,9.0,62064.0,-1.0,5,6882.0,6886.0,6,6920.0,6930.0,6936.0,6874.0,1045.0,7206320.0,82709
2023-05-10 09:02:56,SM2308,SM2308,6884.0,0.0,0.0,0.0,3,6882.0,6886.0,9,6920.0,6930.0,6936.0,6874.0,1045.0,7206320.0,82709
2023-05-10 09:02:56,SM2308,SM2308,6884.0,0.0,0.0,0.0,4,6882.0,6886.0,23,6920.0,6930.0,6936.0,6874.0,1045.0,7206320.0,82709
2023-05-10 09:02:57,SM2308,SM2308,6886.0,3.0,20688.0,3.0,2,6884.0,6888.0,36,6920.0,6930.0,6936.0,6874.0,1048.0,7227008.0,82712
2023-05-10 09:02:57,SM2308,SM2308,6886.0,0.0,0.0,0.0,2,6884.0,6888.0,21,6920.0,6930.0,6936.0,6874.0,1048.0,7227008.0,82712
2023-05-10 09:02:57,SM2308,SM2308,6886.0,0.0,0.0,0.0,1,6884.0,6886.0,11,6920.0,6930.0,6936.0,6874.0,1048.0,7227008.0,82712
2023-05-10 09:02:58,SM2308,SM2308,6886.0,0.0,0.0,0.0,13,6884.0,6886.0,8,6920.0,6930.0,6936.0,6874.0,1048.0,7227008.0,82712
2023-05-10 09:02:59,SM2308,SM2308,6886.0,0.0,0.0,0.0,2,6884.0,6886.0,8,6920.0,6930.0,6936.0,6874.0,1048.0,7227008.0,82712
2023-05-10 09:02:59,SM2308,SM2308,6886.0,3.0,20688.0,0.0,1,6886.0,6888.0,38,6920.0,6930.0,6936.0,6874.0,1051.0,7247696.0,82712
2023-05-10 09:03:00,SM2308,SM2308,6886.0,1.0,6896.0,-1.0,2,6884.0,6888.0,29,6920.0,6930.0,6936.0,6874.0,1052.0,7254592.0,82711
2023-05-10 09:03:00,SM2308,SM2308,6886.0,0.0,0.0,0.0,2,6884.0,6886.0,20,6920.0,6930.0,6936.0,6874.0,1052.0,7254592.0,82711
2023-05-10 09:03:00,SM2308,SM2308,6884.0,4.0,27584.0,2.0,1,6884.0,6886.0,19,6920.0,6930.0,6936.0,6874.0,1056.0,7282176.0,82713
2023-05-10 09:03:01,SM2308,SM2308,6884.0,0.0,0.0,0.0,1,6884.0,6886.0,20,6920.0,6930.0,6936.0,6874.0,1056.0,7282176.0,82713
2023-05-10 09:03:03,SM2308,SM2308,6884.0,7.0,48272.0,-5.0,5,6884.0,6886.0,20,6920.0,6930.0,6936.0,6874.0,1063.0,7330448.0,82708
2023-05-10 09:03:04,SM2308,SM2308,6884.0,3.0,20688.0,1.0,68,6882.0,6884.0,1,6920.0,6930.0,6936.0,6874.0,1066.0,7351136.0,82709
2023-05-10 09:03:04,SM2308,SM2308,6882.0,45.0,310320.0,-2.0,23,6882.0,6884.0,15,6920.0,6930.0,6936.0,6874.0,1111.0,7661456.0,82707
2023-05-10 09:03:04,SM2308,SM2308,6882.0,2.0,13792.0,0.0,21,6882.0,6884.0,3,6920.0,6930.0,6936.0,6874.0,1113.0,7675248.0,82707
2023-05-10 09:03:05,SM2308,SM2308,6882.0,12.0,82752.0,-1.0,9,6882.0,6884.0,10,6920.0,6930.0,6936.0,6874.0,1125.0,7758000.0,82706
2023-05-10 09:03:06,SM2308,SM2308,6882.0,0.0,0.0,0.0,29,6880.0,6884.0,12,6920.0,6930.0,6936.0,6874.0,1125.0,7758000.0,82706
2023-05-10 09:03:06,SM2308,SM2308,6882.0,1.0,6896.0,-1.0,1,6882.0,6884.0,67,6920.0,6930.0,6936.0,6874.0,1126.0,7764896.0,82705
2023-05-10 09:03:07,SM2308,SM2308,6884.0,9.0,62064.0,-7.0,4,6882.0,6884.0,12,6920.0,6930.0,6936.0,6874.0,1135.0,7826960.0,82698
2023-05-10 09:03:07,SM2308,SM2308,6882.0,2.0,13792.0,1.0,3,6882.0,6884.0,5,6920.0,6930.0,6936.0,6874.0,1137.0,7840752.0,82699
2023-05-10 09:03:07,SM2308,SM2308,6884.0,3.0,20688.0,3.0,1,6882.0,6884.0,15,6920.0,6930.0,6936.0,6874.0,1140.0,7861440.0,82702
2023-05-10 09:03:08,SM2308,SM2308,6882.0,2.0,13792.0,2.0,3,6882.0,6884.0,35,6920.0,6930.0,6936.0,6874.0,1142.0,7875232.0,82704
2023-05-10 09:03:09,SM2308,SM2308,6880.0,16.0,110336.0,15.0,2,6880.0,6882.0,3,6920.0,6930.0,6936.0,6874.0,1158.0,7985568.0,82719
2023-05-10 09:03:09,SM2308,SM2308,6880.0,0.0,0.0,0.0,2,6880.0,6882.0,2,6920.0,6930.0,6936.0,6874.0,1158.0,7985568.0,82719
2023-05-10 09:03:09,SM2308,SM2308,6880.0,0.0,0.0,0.0,2,6880.0,6882.0,3,6920.0,6930.0,6936.0,6874.0,1158.0,7985568.0,82719
2023-05-10 09:03:10,SM2308,SM2308,6880.0,0.0,0.0,0.0,3,6880.0,6884.0,37,6920.0,6930.0,6936.0,6874.0,1158.0,7985568.0,82719
2023-05-10 09:03:11,SM2308,SM2308,6884.0,16.0,110336.0,14.0,1,6882.0,6886.0,48,6920.0,6930.0,6936.0,6874.0,1174.0,8095904.0,82733
2023-05-10 09:03:11,SM2308,SM2308,6884.0,0.0,0.0,0.0,37,6880.0,6886.0,27,6920.0,6930.0,6936.0,6874.0,1174.0,8095904.0,82733
2023-05-10 09:03:12,SM2308,SM2308,6884.0,0.0,0.0,0.0,27,6880.0,6886.0,8,6920.0,6930.0,6936.0,6874.0,1174.0,8095904.0,82733
2023-05-10 09:03:12,SM2308,SM2308,6884.0,0.0,0.0,0.0,47,6880.0,6884.0,3,6920.0,6930.0,6936.0,6874.0,1174.0,8095904.0,82733
2023-05-10 09:03:13,SM2308,SM2308,6884.0,0.0,0.0,0.0,1,6882.0,6884.0,14,6920.0,6930.0,6936.0,6874.0,1174.0,8095904.0,82733
2023-05-10 09:03:13,SM2308,SM2308,6884.0,0.0,0.0,0.0,1,6882.0,6884.0,15,6920.0,6930.0,6936.0,6874.0,1174.0,8095904.0,82733
2023-05-10 09:03:13,SM2308,SM2308,6884.0,0.0,0.0,0.0,1,6882.0,6884.0,24,6920.0,6930.0,6936.0,6874.0,1174.0,8095904.0,82733
2023-05-10 09:03:15,SM2308,SM2308,6884.0,0.0,0.0,0.0,1,6882.0,6884.0,1,6920.0,6930.0,6936.0,6874.0,1174.0,8095904.0,82733
2023-05-10 09:03:16,SM2308,SM2308,6884.0,2.0,11440.0,0.0,2,6882.0,6884.0,3,6920.0,6930.0,6936.0,6874.0,1176.0,8107344.0,82733
2023-05-10 09:03:16,SM2308,SM2308,6882.0,2.0,13788.0,0.0,13,6880.0,6882.0,11,6920.0,6930.0,6936.0,6874.0,1178.0,8121132.0,82733
2023-05-10 09:03:17,SM2308,SM2308,6880.0,28.0,193032.0,27.0,1,6882.0,6884.0,37,6920.0,6930.0,6936.0,6874.0,1206.0,8314164.0,82760
2023-05-10 09:03:17,SM2308,SM2308,6880.0,4.0,27576.0,3.0,3,6880.0,6882.0,4,6920.0,6930.0,6936.0,6874.0,1210.0,8341740.0,82763
2023-05-10 09:03:17,SM2308,SM2308,6880.0,0.0,0.0,0.0,3,6880.0,6882.0,5,6920.0,6930.0,6936.0,6874.0,1210.0,8341740.0,82763
2023-05-10 09:03:18,SM2308,SM2308,6880.0,0.0,0.0,0.0,2,6880.0,6882.0,25,6920.0,6930.0,6936.0,6874.0,1210.0,8341740.0,82763
2023-05-10 09:03:19,SM2308,SM2308,6882.0,3.0,20682.0,1.0,2,6880.0,6882.0,13,6920.0,6930.0,6936.0,6874.0,1213.0,8362422.0,82764
2023-05-10 09:03:20,SM2308,SM2308,6882.0,0.0,0.0,0.0,2,6880.0,6882.0,14,6920.0,6930.0,6936.0,6874.0,1213.0,8362422.0,82764
2023-05-10 09:03:20,SM2308,SM2308,6880.0,2.0,13788.0,0.0,3,6880.0,6882.0,14,6920.0,6930.0,6936.0,6874.0,1215.0,8376210.0,82764
2023-05-10 09:03:21,SM2308,SM2308,6878.0,26.0,179244.0,11.0,2,6878.0,6882.0,23,6920.0,6930.0,6936.0,6874.0,1241.0,8555454.0,82775
2023-05-10 09:03:21,SM2308,SM2308,6880.0,4.0,27576.0,4.0,2,6878.0,6880.0,19,6920.0,6930.0,6936.0,6874.0,1245.0,8583030.0,82779
2023-05-10 09:03:21,SM2308,SM2308,6878.0,2.0,13788.0,0.0,2,6878.0,6880.0,23,6920.0,6930.0,6936.0,6874.0,1247.0,8596818.0,82779
2023-05-10 09:03:22,SM2308,SM2308,6878.0,21.0,144774.0,13.0,2,6878.0,6880.0,47,6920.0,6930.0,6936.0,6874.0,1268.0,8741592.0,82792
2023-05-10 09:03:23,SM2308,SM2308,6880.0,15.0,103410.0,14.0,25,6878.0,6880.0,11,6920.0,6930.0,6936.0,6874.0,1283.0,8845002.0,82806
2023-05-10 09:03:23,SM2308,SM2308,6880.0,3.0,20682.0,1.0,5,6878.0,6882.0,33,6920.0,6930.0,6936.0,6874.0,1286.0,8865684.0,82807
2023-05-10 09:03:24,SM2308,SM2308,6880.0,1.0,6894.0,1.0,14,6878.0,6882.0,23,6920.0,6930.0,6936.0,6874.0,1287.0,8872578.0,82808
2023-05-10 09:03:24,SM2308,SM2308,6880.0,5.0,34470.0,5.0,3,6878.0,6882.0,22,6920.0,6930.0,6936.0,6874.0,1292.0,8907048.0,82813
2023-05-10 09:03:25,SM2308,SM2308,6880.0,3.0,20682.0,3.0,3,6880.0,6882.0,22,6920.0,6930.0,6936.0,6874.0,1295.0,8927730.0,82816
2023-05-10 09:03:25,SM2308,SM2308,6880.0,3.0,20682.0,0.0,3,6878.0,6880.0,1,6920.0,6930.0,6936.0,6874.0,1298.0,8948412.0,82816
2023-05-10 09:03:26,SM2308,SM2308,6880.0,0.0,0.0,0.0,1,6878.0,6880.0,12,6920.0,6930.0,6936.0,6874.0,1298.0,8948412.0,82816
2023-05-10 09:03:26,SM2308,SM2308,6880.0,2.0,13788.0,0.0,25,6876.0,6878.0,1,6920.0,6930.0,6936.0,6874.0,1300.0,8962200.0,82816
2023-05-10 09:03:27,SM2308,SM2308,6878.0,2.0,13788.0,0.0,17,6876.0,6880.0,34,6920.0,6930.0,6936.0,6874.0,1302.0,8975988.0,82816
2023-05-10 09:03:27,SM2308,SM2308,6878.0,0.0,0.0,0.0,6,6876.0,6878.0,2,6920.0,6930.0,6936.0,6874.0,1302.0,8975988.0,82816
2023-05-10 09:03:28,SM2308,SM2308,6878.0,2.0,13788.0,0.0,16,6876.0,6880.0,37,6920.0,6930.0,6936.0,6874.0,1304.0,8989776.0,82816
2023-05-10 09:03:28,SM2308,SM2308,6878.0,1.0,6894.0,0.0,1,6878.0,6880.0,17,6920.0,6930.0,6936.0,6874.0,1305.0,8996670.0,82816
2023-05-10 09:03:29,SM2308,SM2308,6878.0,2.0,13788.0,0.0,1,6878.0,6880.0,38,6920.0,6930.0,6936.0,6874.0,1307.0,9010458.0,82816
2023-05-10 09:03:29,SM2308,SM2308,6878.0,1.0,6894.0,0.0,5,6876.0,6878.0,1,6920.0,6930.0,6936.0,6874.0,1308.0,9017352.0,82816
2023-05-10 09:03:29,SM2308,SM2308,6878.0,1.0,6894.0,0.0,1,6878.0,6880.0,40,6920.0,6930.0,6936.0,6874.0,1309.0,9024246.0,82816
2023-05-10 09:03:30,SM2308,SM2308,6878.0,0.0,0.0,0.0,1,6878.0,6880.0,30,6920.0,6930.0,6936.0,6874.0,1309.0,9024246.0,82816
2023-05-10 09:03:30,SM2308,SM2308,6878.0,0.0,0.0,0.0,1,6878.0,6880.0,31,6920.0,6930.0,6936.0,6874.0,1309.0,9024246.0,82816
2023-05-10 09:03:31,SM2308,SM2308,6878.0,2.0,13788.0,0.0,3,6876.0,6880.0,41,6920.0,6930.0,6936.0,6874.0,1311.0,9038034.0,82816
2023-05-10 09:03:32,SM2308,SM2308,6878.0,1.0,6894.0,0.0,12,6876.0,6880.0,31,6920.0,6930.0,6936.0,6874.0,1312.0,9044928.0,82816
2023-05-10 09:03:32,SM2308,SM2308,6876.0,13.0,89622.0,-2.0,43,6874.0,6878.0,1,6920.0,6930.0,6936.0,6874.0,1325.0,9134550.0,82814
2023-05-10 09:03:33,SM2308,SM2308,6878.0,6.0,41364.0,1.0,1,6876.0,6878.0,12,6920.0,6930.0,6936.0,6874.0,1331.0,9175914.0,82815
2023-05-10 09:03:33,SM2308,SM2308,6878.0,5.0,34470.0,4.0,1,6876.0,6878.0,10,6920.0,6930.0,6936.0,6874.0,1336.0,9210384.0,82819
2023-05-10 09:03:33,SM2308,SM2308,6878.0,0.0,0.0,0.0,3,6876.0,6880.0,27,6920.0,6930.0,6936.0,6874.0,1336.0,9210384.0,82819
2023-05-10 09:03:34,SM2308,SM2308,6878.0,5.0,34470.0,2.0,3,6878.0,6880.0,28,6920.0,6930.0,6936.0,6874.0,1341.0,9244854.0,82821
2023-05-10 09:03:35,SM2308,SM2308,6878.0,0.0,0.0,0.0,3,6878.0,6880.0,18,6920.0,6930.0,6936.0,6874.0,1341.0,9244854.0,82821
2023-05-10 09:03:35,SM2308,SM2308,6878.0,0.0,0.0,0.0,1,6878.0,6880.0,9,6920.0,6930.0,6936.0,6874.0,1341.0,9244854.0,82821
2023-05-10 09:03:36,SM2308,SM2308,6878.0,0.0,0.0,0.0,54,6876.0,6878.0,1,6920.0,6930.0,6936.0,6874.0,1341.0,9244854.0,82821
2023-05-10 09:03:36,SM2308,SM2308,6878.0,1.0,6894.0,0.0,3,6878.0,6880.0,29,6920.0,6930.0,6936.0,6874.0,1342.0,9251748.0,82821
2023-05-10 09:03:37,SM2308,SM2308,6878.0,0.0,0.0,0.0,2,6878.0,6880.0,19,6920.0,6930.0,6936.0,6874.0,1342.0,9251748.0,82821
2023-05-10 09:03:37,SM2308,SM2308,6878.0,0.0,0.0,0.0,2,6878.0,6880.0,10,6920.0,6930.0,6936.0,6874.0,1342.0,9251748.0,82821
2023-05-10 09:03:38,SM2308,SM2308,6878.0,1.0,6894.0,0.0,1,6878.0,6880.0,9,6920.0,6930.0,6936.0,6874.0,1343.0,9258642.0,82821
2023-05-10 09:03:38,SM2308,SM2308,6878.0,0.0,0.0,0.0,65,6876.0,6880.0,9,6920.0,6930.0,6936.0,6874.0,1343.0,9258642.0,82821
2023-05-10 09:03:39,SM2308,SM2308,6878.0,1.0,6894.0,-1.0,1,6878.0,6880.0,29,6920.0,6930.0,6936.0,6874.0,1344.0,9265536.0,82820
2023-05-10 09:03:39,SM2308,SM2308,6878.0,0.0,0.0,0.0,11,6878.0,6880.0,7,6920.0,6930.0,6936.0,6874.0,1344.0,9265536.0,82820
2023-05-10 09:03:40,SM2308,SM2308,6880.0,15.0,100692.0,15.0,2,6878.0,6882.0,31,6920.0,6930.0,6936.0,6874.0,1359.0,9366228.0,82835
2023-05-10 09:03:40,SM2308,SM2308,6880.0,2.0,13784.0,-1.0,23,6878.0,6882.0,18,6920.0,6930.0,6936.0,6874.0,1361.0,9380012.0,82834
2023-05-10 09:03:41,SM2308,SM2308,6880.0,0.0,0.0,0.0,1,6880.0,6882.0,18,6920.0,6930.0,6936.0,6874.0,1361.0,9380012.0,82834
2023-05-10 09:03:41,SM2308,SM2308,6880.0,0.0,0.0,0.0,1,6880.0,6882.0,28,6920.0,6930.0,6936.0,6874.0,1361.0,9380012.0,82834
2023-05-10 09:03:41,SM2308,SM2308,6880.0,0.0,0.0,0.0,1,6880.0,6882.0,8,6920.0,6930.0,6936.0,6874.0,1361.0,9380012.0,82834
2023-05-10 09:03:42,SM2308,SM2308,6880.0,0.0,0.0,0.0,1,6880.0,6882.0,9,6920.0,6930.0,6936.0,6874.0,1361.0,9380012.0,82834
2023-05-10 09:03:50,SM2308,SM2308,6882.0,2.0,13784.0,1.0,2,6880.0,6882.0,6,6920.0,6930.0,6936.0,6874.0,1363.0,9393796.0,82835
2023-05-10 09:03:51,SM2308,SM2308,6882.0,0.0,0.0,0.0,68,6878.0,6882.0,8,6920.0,6930.0,6936.0,6874.0,1363.0,9393796.0,82835
2023-05-10 09:03:52,SM2308,SM2308,6882.0,0.0,0.0,0.0,18,6878.0,6882.0,29,6920.0,6930.0,6936.0,6874.0,1363.0,9393796.0,82835
2023-05-10 09:03:52,SM2308,SM2308,6882.0,0.0,0.0,0.0,18,6878.0,6882.0,38,6920.0,6930.0,6936.0,6874.0,1363.0,9393796.0,82835
2023-05-10 09:03:53,SM2308,SM2308,6878.0,7.0,48244.0,5.0,16,6878.0,6880.0,2,6920.0,6930.0,6936.0,6874.0,1370.0,9442040.0,82840
2023-05-10 09:03:53,SM2308,SM2308,6880.0,1.0,6892.0,1.0,25,6878.0,6882.0,18,6920.0,6930.0,6936.0,6874.0,1371.0,9448932.0,82841
2023-05-10 09:03:53,SM2308,SM2308,6880.0,0.0,0.0,0.0,25,6878.0,6882.0,31,6920.0,6930.0,6936.0,6874.0,1371.0,9448932.0,82841
2023-05-10 09:03:54,SM2308,SM2308,6880.0,0.0,0.0,0.0,25,6878.0,6882.0,21,6920.0,6930.0,6936.0,6874.0,1371.0,9448932.0,82841
2023-05-10 09:03:54,SM2308,SM2308,6880.0,0.0,0.0,0.0,25,6878.0,6882.0,22,6920.0,6930.0,6936.0,6874.0,1371.0,9448932.0,82841
2023-05-10 09:03:56,SM2308,SM2308,6880.0,0.0,0.0,0.0,26,6878.0,6882.0,19,6920.0,6930.0,6936.0,6874.0,1371.0,9448932.0,82841
2023-05-10 09:03:58,SM2308,SM2308,6880.0,0.0,0.0,0.0,4,6880.0,6882.0,4,6920.0,6930.0,6936.0,6874.0,1371.0,9448932.0,82841
2023-05-10 09:03:58,SM2308,SM2308,6882.0,3.0,20676.0,2.0,14,6880.0,6882.0,1,6920.0,6930.0,6936.0,6874.0,1374.0,9469608.0,82843
2023-05-10 09:03:59,SM2308,SM2308,6882.0,0.0,0.0,0.0,23,6880.0,6882.0,1,6920.0,6930.0,6936.0,6874.0,1374.0,9469608.0,82843
2023-05-10 09:03:59,SM2308,SM2308,6882.0,0.0,0.0,0.0,55,6878.0,6882.0,3,6920.0,6930.0,6936.0,6874.0,1374.0,9469608.0,82843
2023-05-10 09:04:00,SM2308,SM2308,6882.0,0.0,0.0,0.0,56,6878.0,6882.0,4,6920.0,6930.0,6936.0,6874.0,1374.0,9469608.0,82843
2023-05-10 09:04:01,SM2308,SM2308,6880.0,1.0,6892.0,1.0,45,6878.0,6882.0,5,6920.0,6930.0,6936.0,6874.0,1375.0,9476500.0,82844
2023-05-10 09:04:01,SM2308,SM2308,6880.0,0.0,0.0,0.0,35,6878.0,6882.0,5,6920.0,6930.0,6936.0,6874.0,1375.0,9476500.0,82844
2023-05-10 09:04:02,SM2308,SM2308,6882.0,1.0,6892.0,1.0,2,6880.0,6882.0,3,6920.0,6930.0,6936.0,6874.0,1376.0,9483392.0,82845
2023-05-10 09:04:03,SM2308,SM2308,6882.0,0.0,0.0,0.0,2,6880.0,6882.0,2,6920.0,6930.0,6936.0,6874.0,1376.0,9483392.0,82845
2023-05-10 09:04:03,SM2308,SM2308,6880.0,1.0,6892.0,0.0,12,6880.0,6882.0,2,6920.0,6930.0,6936.0,6874.0,1377.0,9490284.0,82845
2023-05-10 09:04:04,SM2308,SM2308,6880.0,0.0,0.0,0.0,12,6880.0,6882.0,3,6920.0,6930.0,6936.0,6874.0,1377.0,9490284.0,82845
2023-05-10 09:04:04,SM2308,SM2308,6880.0,0.0,0.0,0.0,73,6878.0,6882.0,4,6920.0,6930.0,6936.0,6874.0,1377.0,9490284.0,82845
2023-05-10 09:04:05,SM2308,SM2308,6880.0,0.0,0.0,0.0,43,6878.0,6880.0,1,6920.0,6930.0,6936.0,6874.0,1377.0,9490284.0,82845
2023-05-10 09:04:05,SM2308,SM2308,6880.0,0.0,0.0,0.0,4,6878.0,6880.0,1,6920.0,6930.0,6936.0,6874.0,1377.0,9490284.0,82845
2023-05-10 09:04:05,SM2308,SM2308,6880.0,0.0,0.0,0.0,14,6878.0,6880.0,1,6920.0,6930.0,6936.0,6874.0,1377.0,9490284.0,82845
2023-05-10 09:04:10,SM2308,SM2308,6880.0,0.0,0.0,0.0,12,6878.0,6882.0,59,6920.0,6930.0,6936.0,6874.0,1377.0,9490284.0,82845
2023-05-10 09:04:11,SM2308,SM2308,6878.0,2.0,13784.0,-1.0,83,6876.0,6882.0,48,6920.0,6930.0,6936.0,6874.0,1379.0,9504068.0,82844
2023-05-10 09:04:11,SM2308,SM2308,6876.0,40.0,275680.0,30.0,63,6874.0,6876.0,10,6920.0,6930.0,6936.0,6874.0,1419.0,9779748.0,82874
2023-05-10 09:04:12,SM2308,SM2308,6876.0,2.0,13784.0,0.0,36,6872.0,6876.0,8,6920.0,6930.0,6936.0,6874.0,1421.0,9793532.0,82874
2023-05-10 09:04:12,SM2308,SM2308,6876.0,1.0,6892.0,0.0,2,6874.0,6876.0,21,6920.0,6930.0,6936.0,6874.0,1422.0,9800424.0,82874
2023-05-10 09:04:13,SM2308,SM2308,6876.0,12.0,82704.0,-12.0,12,6874.0,6878.0,68,6920.0,6930.0,6936.0,6874.0,1434.0,9883128.0,82862
2023-05-10 09:04:13,SM2308,SM2308,6876.0,0.0,0.0,0.0,3,6874.0,6878.0,73,6920.0,6930.0,6936.0,6874.0,1434.0,9883128.0,82862
2023-05-10 09:04:13,SM2308,SM2308,6876.0,0.0,0.0,0.0,85,6872.0,6878.0,57,6920.0,6930.0,6936.0,6874.0,1434.0,9883128.0,82862
2023-05-10 09:04:14,SM2308,SM2308,6876.0,0.0,0.0,0.0,84,6872.0,6876.0,1,6920.0,6930.0,6936.0,6874.0,1434.0,9883128.0,82862
2023-05-10 09:04:15,SM2308,SM2308,6876.0,0.0,0.0,0.0,34,6872.0,6876.0,23,6920.0,6930.0,6936.0,6874.0,1434.0,9883128.0,82862
2023-05-10 09:04:15,SM2308,SM2308,6876.0,8.0,55136.0,2.0,23,6872.0,6876.0,10,6920.0,6930.0,6936.0,6874.0,1442.0,9938264.0,82864
2023-05-10 09:04:16,SM2308,SM2308,6876.0,9.0,62028.0,0.0,23,6872.0,6878.0,76,6920.0,6930.0,6936.0,6874.0,1451.0,10000292.0,82864
2023-05-10 09:04:16,SM2308,SM2308,6876.0,0.0,0.0,0.0,24,6872.0,6876.0,1,6920.0,6930.0,6936.0,6874.0,1451.0,10000292.0,82864
2023-05-10 09:04:17,SM2308,SM2308,6876.0,0.0,0.0,0.0,31,6872.0,6876.0,12,6920.0,6930.0,6936.0,6874.0,1451.0,10000292.0,82864
2023-05-10 09:04:17,SM2308,SM2308,6876.0,1.0,6892.0,0.0,31,6872.0,6876.0,26,6920.0,6930.0,6936.0,6874.0,1452.0,10007184.0,82864
2023-05-10 09:04:17,SM2308,SM2308,6876.0,0.0,0.0,0.0,21,6872.0,6876.0,26,6920.0,6930.0,6936.0,6874.0,1452.0,10007184.0,82864
2023-05-10 09:04:18,SM2308,SM2308,6876.0,0.0,0.0,0.0,21,6872.0,6876.0,36,6920.0,6930.0,6936.0,6874.0,1452.0,10007184.0,82864
2023-05-10 09:04:18,SM2308,SM2308,6876.0,0.0,0.0,0.0,21,6872.0,6876.0,46,6920.0,6930.0,6936.0,6874.0,1452.0,10007184.0,82864
2023-05-10 09:04:19,SM2308,SM2308,6876.0,0.0,0.0,0.0,9,6872.0,6874.0,2,6920.0,6930.0,6936.0,6874.0,1452.0,10007184.0,82864
2023-05-10 09:04:20,SM2308,SM2308,6876.0,0.0,0.0,0.0,9,6872.0,6874.0,12,6920.0,6930.0,6936.0,6874.0,1452.0,10007184.0,82864
2023-05-10 09:04:20,SM2308,SM2308,6876.0,0.0,0.0,0.0,9,6872.0,6874.0,13,6920.0,6930.0,6936.0,6874.0,1452.0,10007184.0,82864
2023-05-10 09:04:21,SM2308,SM2308,6872.0,5.0,34460.0,0.0,56,6870.0,6874.0,14,6920.0,6930.0,6936.0,6872.0,1457.0,10041644.0,82864
2023-05-10 09:04:21,SM2308,SM2308,6874.0,24.0,165408.0,0.0,2,6874.0,6876.0,42,6920.0,6930.0,6936.0,6872.0,1481.0,10207052.0,82864
2023-05-10 09:04:22,SM2308,SM2308,6876.0,1.0,6892.0,0.0,16,6874.0,6878.0,34,6920.0,6930.0,6936.0,6872.0,1482.0,10213944.0,82864
2023-05-10 09:04:22,SM2308,SM2308,6876.0,0.0,0.0,0.0,16,6874.0,6878.0,24,6920.0,6930.0,6936.0,6872.0,1482.0,10213944.0,82864
2023-05-10 09:04:22,SM2308,SM2308,6876.0,0.0,0.0,0.0,26,6874.0,6878.0,24,6920.0,6930.0,6936.0,6872.0,1482.0,10213944.0,82864
2023-05-10 09:04:23,SM2308,SM2308,6876.0,0.0,0.0,0.0,26,6874.0,6878.0,25,6920.0,6930.0,6936.0,6872.0,1482.0,10213944.0,82864
2023-05-10 09:04:24,SM2308,SM2308,6874.0,1.0,6892.0,1.0,23,6874.0,6878.0,25,6920.0,6930.0,6936.0,6872.0,1483.0,10220836.0,82865
2023-05-10 09:04:24,SM2308,SM2308,6874.0,0.0,0.0,0.0,2,6876.0,6878.0,5,6920.0,6930.0,6936.0,6872.0,1483.0,10220836.0,82865
2023-05-10 09:04:24,SM2308,SM2308,6874.0,0.0,0.0,0.0,3,6876.0,6878.0,4,6920.0,6930.0,6936.0,6872.0,1483.0,10220836.0,82865
2023-05-10 09:04:25,SM2308,SM2308,6876.0,1.0,6892.0,0.0,2,6876.0,6878.0,3,6920.0,6930.0,6936.0,6872.0,1484.0,10227728.0,82865
2023-05-10 09:04:27,SM2308,SM2308,6876.0,0.0,0.0,0.0,65,6874.0,6878.0,3,6920.0,6930.0,6936.0,6872.0,1484.0,10227728.0,82865
2023-05-10 09:04:27,SM2308,SM2308,6878.0,2.0,13784.0,0.0,55,6874.0,6878.0,6,6920.0,6930.0,6936.0,6872.0,1486.0,10241512.0,82865
2023-05-10 09:04:28,SM2308,SM2308,6876.0,1.0,6892.0,0.0,1,6876.0,6878.0,17,6920.0,6930.0,6936.0,6872.0,1487.0,10248404.0,82865
2023-05-10 09:04:28,SM2308,SM2308,6876.0,0.0,0.0,0.0,1,6876.0,6878.0,7,6920.0,6930.0,6936.0,6872.0,1487.0,10248404.0,82865
2023-05-10 09:04:29,SM2308,SM2308,6876.0,10.0,68920.0,0.0,1,6876.0,6878.0,7,6920.0,6930.0,6936.0,6872.0,1497.0,10317324.0,82865
2023-05-10 09:04:29,SM2308,SM2308,6876.0,2.0,13784.0,1.0,1,6876.0,6878.0,7,6920.0,6930.0,6936.0,6872.0,1499.0,10331108.0,82866
2023-05-10 09:04:29,SM2308,SM2308,6876.0,0.0,0.0,0.0,2,6876.0,6878.0,6,6920.0,6930.0,6936.0,6872.0,1499.0,10331108.0,82866
2023-05-10 09:04:30,SM2308,SM2308,6876.0,2.0,13784.0,-2.0,45,6874.0,6876.0,1,6920.0,6930.0,6936.0,6872.0,1501.0,10344892.0,82864
2023-05-10 09:04:31,SM2308,SM2308,6876.0,2.0,13784.0,1.0,36,6874.0,6876.0,1,6920.0,6930.0,6936.0,6872.0,1503.0,10358676.0,82865
2023-05-10 09:04:31,SM2308,SM2308,6876.0,0.0,0.0,0.0,26,6874.0,6876.0,1,6920.0,6930.0,6936.0,6872.0,1503.0,10358676.0,82865
2023-05-10 09:04:31,SM2308,SM2308,6876.0,0.0,0.0,0.0,22,6874.0,6876.0,1,6920.0,6930.0,6936.0,6872.0,1503.0,10358676.0,82865
2023-05-10 09:04:32,SM2308,SM2308,6876.0,0.0,0.0,0.0,23,6874.0,6876.0,1,6920.0,6930.0,6936.0,6872.0,1503.0,10358676.0,82865
2023-05-10 09:04:33,SM2308,SM2308,6874.0,1.0,6892.0,-1.0,11,6874.0,6876.0,7,6920.0,6930.0,6936.0,6872.0,1504.0,10365568.0,82864
2023-05-10 09:04:34,SM2308,SM2308,6874.0,11.0,75812.0,3.0,32,6872.0,6876.0,18,6920.0,6930.0,6936.0,6872.0,1515.0,10441380.0,82867
2023-05-10 09:04:34,SM2308,SM2308,6874.0,0.0,0.0,0.0,10,6872.0,6876.0,5,6920.0,6930.0,6936.0,6872.0,1515.0,10441380.0,82867
2023-05-10 09:04:35,SM2308,SM2308,6872.0,3.0,20676.0,0.0,12,6872.0,6876.0,20,6920.0,6930.0,6936.0,6872.0,1518.0,10462056.0,82867
2023-05-10 09:04:35,SM2308,SM2308,6872.0,0.0,0.0,0.0,12,6872.0,6874.0,4,6920.0,6930.0,6936.0,6872.0,1518.0,10462056.0,82867
2023-05-10 09:04:36,SM2308,SM2308,6872.0,0.0,0.0,0.0,12,6872.0,6876.0,41,6920.0,6930.0,6936.0,6872.0,1518.0,10462056.0,82867
2023-05-10 09:04:36,SM2308,SM2308,6872.0,0.0,0.0,0.0,15,6872.0,6876.0,30,6920.0,6930.0,6936.0,6872.0,1518.0,10462056.0,82867
2023-05-10 09:04:37,SM2308,SM2308,6872.0,0.0,0.0,0.0,17,6872.0,6876.0,30,6920.0,6930.0,6936.0,6872.0,1518.0,10462056.0,82867
2023-05-10 09:04:38,SM2308,SM2308,6872.0,0.0,0.0,0.0,13,6872.0,6876.0,30,6920.0,6930.0,6936.0,6872.0,1518.0,10462056.0,82867
2023-05-10 09:04:38,SM2308,SM2308,6872.0,0.0,0.0,0.0,13,6872.0,6874.0,1,6920.0,6930.0,6936.0,6872.0,1518.0,10462056.0,82867
2023-05-10 09:04:39,SM2308,SM2308,6874.0,2.0,13784.0,1.0,95,6870.0,6876.0,50,6920.0,6930.0,6936.0,6872.0,1520.0,10475840.0,82868
2023-05-10 09:04:39,SM2308,SM2308,6874.0,0.0,0.0,0.0,24,6870.0,6874.0,19,6920.0,6930.0,6936.0,6872.0,1520.0,10475840.0,82868
2023-05-10 09:04:40,SM2308,SM2308,6874.0,0.0,0.0,0.0,12,6870.0,6872.0,4,6920.0,6930.0,6936.0,6872.0,1520.0,10475840.0,82868
2023-05-10 09:04:41,SM2308,SM2308,6870.0,2.0,13784.0,0.0,3,6870.0,6872.0,2,6920.0,6930.0,6936.0,6870.0,1522.0,10489624.0,82868
2023-05-10 09:04:41,SM2308,SM2308,6870.0,0.0,0.0,0.0,3,6870.0,6874.0,38,6920.0,6930.0,6936.0,6870.0,1522.0,10489624.0,82868
2023-05-10 09:04:42,SM2308,SM2308,6870.0,0.0,0.0,0.0,2,6870.0,6872.0,2,6920.0,6930.0,6936.0,6870.0,1522.0,10489624.0,82868
2023-05-10 09:04:42,SM2308,SM2308,6870.0,0.0,0.0,0.0,3,6870.0,6872.0,2,6920.0,6930.0,6936.0,6870.0,1522.0,10489624.0,82868
2023-05-10 09:04:43,SM2308,SM2308,6870.0,2.0,13784.0,0.0,1,6870.0,6872.0,2,6920.0,6930.0,6936.0,6870.0,1524.0,10503408.0,82868
2023-05-10 09:04:43,SM2308,SM2308,6870.0,1.0,6892.0,0.0,1,6870.0,6872.0,12,6920.0,6930.0,6936.0,6870.0,1525.0,10510300.0,82868
2023-05-10 09:04:44,SM2308,SM2308,6872.0,1.0,6892.0,1.0,12,6870.0,6872.0,12,6920.0,6930.0,6936.0,6870.0,1526.0,10517192.0,82869
2023-05-10 09:04:44,SM2308,SM2308,6872.0,0.0,0.0,0.0,2,6870.0,6872.0,3,6920.0,6930.0,6936.0,6870.0,1526.0,10517192.0,82869
2023-05-10 09:04:45,SM2308,SM2308,6872.0,0.0,0.0,0.0,3,6870.0,6872.0,3,6920.0,6930.0,6936.0,6870.0,1526.0,10517192.0,82869
2023-05-10 09:04:45,SM2308,SM2308,6870.0,1.0,6892.0,0.0,1,6870.0,6872.0,3,6920.0,6930.0,6936.0,6870.0,1527.0,10524084.0,82869
2023-05-10 09:04:46,SM2308,SM2308,6870.0,4.0,27568.0,4.0,3,6870.0,6872.0,13,6920.0,6930.0,6936.0,6870.0,1531.0,10551652.0,82873
2023-05-10 09:04:46,SM2308,SM2308,6870.0,0.0,0.0,0.0,2,6870.0,6872.0,4,6920.0,6930.0,6936.0,6870.0,1531.0,10551652.0,82873
2023-05-10 09:04:47,SM2308,SM2308,6868.0,12.0,79618.0,2.0,22,6868.0,6872.0,3,6920.0,6930.0,6936.0,6868.0,1543.0,10631270.0,82875
2023-05-10 09:04:47,SM2308,SM2308,6870.0,7.0,48230.0,0.0,23,6868.0,6870.0,2,6920.0,6930.0,6936.0,6868.0,1550.0,10679500.0,82875
2023-05-10 09:04:47,SM2308,SM2308,6868.0,1.0,6890.0,0.0,13,6868.0,6870.0,1,6920.0,6930.0,6936.0,6868.0,1551.0,10686390.0,82875
2023-05-10 09:04:48,SM2308,SM2308,6870.0,3.0,20670.0,3.0,3,6868.0,6872.0,27,6920.0,6930.0,6936.0,6868.0,1554.0,10707060.0,82878
2023-05-10 09:04:48,SM2308,SM2308,6870.0,0.0,0.0,0.0,2,6870.0,6872.0,20,6920.0,6930.0,6936.0,6868.0,1554.0,10707060.0,82878
2023-05-10 09:04:49,SM2308,SM2308,6870.0,0.0,0.0,0.0,2,6870.0,6872.0,10,6920.0,6930.0,6936.0,6868.0,1554.0,10707060.0,82878
2023-05-10 09:04:51,SM2308,SM2308,6870.0,1.0,6890.0,1.0,1,6870.0,6872.0,10,6920.0,6930.0,6936.0,6868.0,1555.0,10713950.0,82879
2023-05-10 09:04:51,SM2308,SM2308,6870.0,0.0,0.0,0.0,1,6870.0,6872.0,20,6920.0,6930.0,6936.0,6868.0,1555.0,10713950.0,82879
2023-05-10 09:04:52,SM2308,SM2308,6872.0,21.0,144690.0,19.0,10,6870.0,6872.0,3,6920.0,6930.0,6936.0,6868.0,1576.0,10858640.0,82898
2023-05-10 09:04:53,SM2308,SM2308,6872.0,3.0,20670.0,0.0,10,6870.0,6874.0,38,6920.0,6930.0,6936.0,6868.0,1579.0,10879310.0,82898
2023-05-10 09:04:53,SM2308,SM2308,6872.0,0.0,0.0,0.0,32,6870.0,6874.0,9,6920.0,6930.0,6936.0,6868.0,1579.0,10879310.0,82898
2023-05-10 09:04:54,SM2308,SM2308,6872.0,0.0,0.0,0.0,45,6870.0,6874.0,16,6920.0,6930.0,6936.0,6868.0,1579.0,10879310.0,82898
2023-05-10 09:04:54,SM2308,SM2308,6872.0,10.0,68900.0,9.0,1,6872.0,6874.0,4,6920.0,6930.0,6936.0,6868.0,1589.0,10948210.0,82907
2023-05-10 09:04:54,SM2308,SM2308,6872.0,0.0,0.0,0.0,34,6870.0,6874.0,4,6920.0,6930.0,6936.0,6868.0,1589.0,10948210.0,82907
2023-05-10 09:04:55,SM2308,SM2308,6872.0,0.0,0.0,0.0,35,6870.0,6874.0,4,6920.0,6930.0,6936.0,6868.0,1589.0,10948210.0,82907
2023-05-10 09:04:56,SM2308,SM2308,6872.0,0.0,0.0,0.0,41,6870.0,6874.0,8,6920.0,6930.0,6936.0,6868.0,1589.0,10948210.0,82907
2023-05-10 09:04:56,SM2308,SM2308,6870.0,31.0,213590.0,-1.0,51,6868.0,6872.0,2,6920.0,6930.0,6936.0,6868.0,1620.0,11161800.0,82906
2023-05-10 09:04:57,SM2308,SM2308,6868.0,15.0,103350.0,10.0,1,6868.0,6870.0,1,6920.0,6930.0,6936.0,6868.0,1635.0,11265150.0,82916
2023-05-10 09:04:57,SM2308,SM2308,6868.0,3.0,20670.0,0.0,44,6866.0,6870.0,13,6920.0,6930.0,6936.0,6868.0,1638.0,11285820.0,82916
2023-05-10 09:04:58,SM2308,SM2308,6870.0,5.0,34450.0,-4.0,1,6868.0,6872.0,66,6920.0,6930.0,6936.0,6868.0,1643.0,11320270.0,82912
2023-05-10 09:04:58,SM2308,SM2308,6868.0,6.0,41340.0,-1.0,35,6866.0,6870.0,35,6920.0,6930.0,6936.0,6868.0,1649.0,11361610.0,82911
2023-05-10 09:04:58,SM2308,SM2308,6870.0,1.0,6890.0,0.0,15,6866.0,6870.0,19,6920.0,6930.0,6936.0,6868.0,1650.0,11368500.0,82911
2023-05-10 09:04:59,SM2308,SM2308,6870.0,0.0,0.0,0.0,25,6866.0,6870.0,13,6920.0,6930.0,6936.0,6868.0,1650.0,11368500.0,82911
2023-05-10 09:05:00,SM2308,SM2308,6870.0,1.0,6890.0,1.0,2,6868.0,6870.0,1,6920.0,6930.0,6936.0,6868.0,1651.0,11375390.0,82912
2023-05-10 09:05:01,SM2308,SM2308,6870.0,11.0,75790.0,4.0,12,6868.0,6872.0,25,6920.0,6930.0,6936.0,6868.0,1662.0,11451180.0,82916
2023-05-10 09:05:01,SM2308,SM2308,6868.0,11.0,75790.0,-9.0,82,6866.0,6868.0,1,6920.0,6930.0,6936.0,6868.0,1673.0,11526970.0,82907
2023-05-10 09:05:02,SM2308,SM2308,6870.0,14.0,96460.0,8.0,2,6868.0,6872.0,21,6920.0,6930.0,6936.0,6868.0,1687.0,11623430.0,82915
2023-05-10 09:05:02,SM2308,SM2308,6870.0,0.0,0.0,0.0,68,6866.0,6870.0,11,6920.0,6930.0,6936.0,6868.0,1687.0,11623430.0,82915
2023-05-10 09:05:03,SM2308,SM2308,6870.0,0.0,0.0,0.0,48,6866.0,6870.0,12,6920.0,6930.0,6936.0,6868.0,1687.0,11623430.0,82915
2023-05-10 09:05:03,SM2308,SM2308,6870.0,0.0,0.0,0.0,29,6866.0,6870.0,3,6920.0,6930.0,6936.0,6868.0,1687.0,11623430.0,82915
2023-05-10 09:05:03,SM2308,SM2308,6870.0,0.0,0.0,0.0,29,6866.0,6870.0,2,6920.0,6930.0,6936.0,6868.0,1687.0,11623430.0,82915
2023-05-10 09:05:04,SM2308,SM2308,6870.0,0.0,0.0,0.0,29,6866.0,6870.0,1,6920.0,6930.0,6936.0,6868.0,1687.0,11623430.0,82915
2023-05-10 09:05:05,SM2308,SM2308,6870.0,0.0,0.0,0.0,28,6866.0,6870.0,13,6920.0,6930.0,6936.0,6868.0,1687.0,11623430.0,82915
2023-05-10 09:05:05,SM2308,SM2308,6870.0,0.0,0.0,0.0,28,6866.0,6870.0,14,6920.0,6930.0,6936.0,6868.0,1687.0,11623430.0,82915
2023-05-10 09:05:06,SM2308,SM2308,6870.0,0.0,0.0,0.0,28,6866.0,6870.0,24,6920.0,6930.0,6936.0,6868.0,1687.0,11623430.0,82915
2023-05-10 09:05:06,SM2308,SM2308,6870.0,0.0,0.0,0.0,29,6866.0,6870.0,23,6920.0,6930.0,6936.0,6868.0,1687.0,11623430.0,82915
2023-05-10 09:05:06,SM2308,SM2308,6870.0,0.0,0.0,0.0,19,6866.0,6870.0,23,6920.0,6930.0,6936.0,6868.0,1687.0,11623430.0,82915
2023-05-10 09:05:07,SM2308,SM2308,6870.0,0.0,0.0,0.0,19,6866.0,6870.0,33,6920.0,6930.0,6936.0,6868.0,1687.0,11623430.0,82915
2023-05-10 09:05:08,SM2308,SM2308,6870.0,0.0,0.0,0.0,18,6866.0,6870.0,26,6920.0,6930.0,6936.0,6868.0,1687.0,11623430.0,82915
2023-05-10 09:05:08,SM2308,SM2308,6870.0,0.0,0.0,0.0,7,6866.0,6868.0,1,6920.0,6930.0,6936.0,6868.0,1687.0,11623430.0,82915
2023-05-10 09:05:09,SM2308,SM2308,6870.0,0.0,0.0,0.0,8,6866.0,6870.0,36,6920.0,6930.0,6936.0,6868.0,1687.0,11623430.0,82915
2023-05-10 09:05:09,SM2308,SM2308,6870.0,0.0,0.0,0.0,7,6866.0,6870.0,36,6920.0,6930.0,6936.0,6868.0,1687.0,11623430.0,82915
2023-05-10 09:05:10,SM2308,SM2308,6870.0,0.0,0.0,0.0,1,6866.0,6870.0,37,6920.0,6930.0,6936.0,6868.0,1687.0,11623430.0,82915
2023-05-10 09:05:10,SM2308,SM2308,6870.0,0.0,0.0,0.0,2,6866.0,6870.0,37,6920.0,6930.0,6936.0,6868.0,1687.0,11623430.0,82915
2023-05-10 09:05:11,SM2308,SM2308,6870.0,0.0,0.0,0.0,3,6866.0,6870.0,37,6920.0,6930.0,6936.0,6868.0,1687.0,11623430.0,82915
2023-05-10 09:05:12,SM2308,SM2308,6870.0,0.0,0.0,0.0,4,6866.0,6870.0,35,6920.0,6930.0,6936.0,6868.0,1687.0,11623430.0,82915
2023-05-10 09:05:12,SM2308,SM2308,6870.0,0.0,0.0,0.0,16,6866.0,6870.0,35,6920.0,6930.0,6936.0,6868.0,1687.0,11623430.0,82915
2023-05-10 09:05:13,SM2308,SM2308,6870.0,0.0,0.0,0.0,6,6866.0,6870.0,35,6920.0,6930.0,6936.0,6868.0,1687.0,11623430.0,82915
2023-05-10 09:05:14,SM2308,SM2308,6870.0,0.0,0.0,0.0,9,6866.0,6870.0,35,6920.0,6930.0,6936.0,6868.0,1687.0,11623430.0,82915
2023-05-10 09:05:14,SM2308,SM2308,6870.0,0.0,0.0,0.0,9,6866.0,6870.0,36,6920.0,6930.0,6936.0,6868.0,1687.0,11623430.0,82915
2023-05-10 09:05:15,SM2308,SM2308,6870.0,0.0,0.0,0.0,8,6866.0,6870.0,36,6920.0,6930.0,6936.0,6868.0,1687.0,11623430.0,82915
2023-05-10 09:05:16,SM2308,SM2308,6870.0,0.0,0.0,0.0,2,6868.0,6870.0,25,6920.0,6930.0,6936.0,6868.0,1687.0,11623430.0,82915
2023-05-10 09:05:16,SM2308,SM2308,6870.0,0.0,0.0,0.0,2,6868.0,6870.0,15,6920.0,6930.0,6936.0,6868.0,1687.0,11623430.0,82915
2023-05-10 09:05:17,SM2308,SM2308,6870.0,0.0,0.0,0.0,29,6866.0,6870.0,16,6920.0,6930.0,6936.0,6868.0,1687.0,11623430.0,82915
2023-05-10 09:05:19,SM2308,SM2308,6870.0,0.0,0.0,0.0,19,6866.0,6870.0,26,6920.0,6930.0,6936.0,6868.0,1687.0,11623430.0,82915
2023-05-10 09:05:20,SM2308,SM2308,6870.0,0.0,0.0,0.0,19,6866.0,6870.0,37,6920.0,6930.0,6936.0,6868.0,1687.0,11623430.0,82915
2023-05-10 09:05:21,SM2308,SM2308,6870.0,0.0,0.0,0.0,18,6866.0,6870.0,37,6920.0,6930.0,6936.0,6868.0,1687.0,11623430.0,82915
2023-05-10 09:05:21,SM2308,SM2308,6864.0,28.0,189490.0,-7.0,102,6864.0,6866.0,1,6920.0,6930.0,6936.0,6864.0,1715.0,11812920.0,82908
2023-05-10 09:05:22,SM2308,SM2308,6864.0,31.0,213528.0,-1.0,2,6864.0,6866.0,10,6920.0,6930.0,6936.0,6864.0,1746.0,12026448.0,82907
2023-05-10 09:05:22,SM2308,SM2308,6864.0,0.0,0.0,0.0,2,6864.0,6868.0,86,6920.0,6930.0,6936.0,6864.0,1746.0,12026448.0,82907
2023-05-10 09:05:23,SM2308,SM2308,6864.0,8.0,55104.0,-8.0,35,6862.0,6866.0,41,6920.0,6930.0,6936.0,6864.0,1754.0,12081552.0,82899
2023-05-10 09:05:23,SM2308,SM2308,6864.0,0.0,0.0,0.0,15,6862.0,6864.0,1,6920.0,6930.0,6936.0,6864.0,1754.0,12081552.0,82899
2023-05-10 09:05:24,SM2308,SM2308,6864.0,0.0,0.0,0.0,5,6862.0,6864.0,11,6920.0,6930.0,6936.0,6864.0,1754.0,12081552.0,82899
2023-05-10 09:05:24,SM2308,SM2308,6864.0,2.0,13776.0,1.0,4,6862.0,6864.0,20,6920.0,6930.0,6936.0,6864.0,1756.0,12095328.0,82900
2023-05-10 09:05:24,SM2308,SM2308,6864.0,3.0,20664.0,3.0,5,6862.0,6864.0,17,6920.0,6930.0,6936.0,6864.0,1759.0,12115992.0,82903
2023-05-10 09:05:26,SM2308,SM2308,6864.0,14.0,96432.0,13.0,17,6862.0,6864.0,3,6920.0,6930.0,6936.0,6864.0,1773.0,12212424.0,82916
2023-05-10 09:05:26,SM2308,SM2308,6866.0,30.0,206640.0,2.0,5,6864.0,6866.0,1,6920.0,6930.0,6936.0,6864.0,1803.0,12419064.0,82918
2023-05-10 09:05:27,SM2308,SM2308,6866.0,0.0,0.0,0.0,6,6864.0,6868.0,24,6920.0,6930.0,6936.0,6864.0,1803.0,12419064.0,82918
2023-05-10 09:05:27,SM2308,SM2308,6866.0,0.0,0.0,0.0,6,6864.0,6866.0,1,6920.0,6930.0,6936.0,6864.0,1803.0,12419064.0,82918
2023-05-10 09:05:28,SM2308,SM2308,6866.0,0.0,0.0,0.0,1,6866.0,6868.0,21,6920.0,6930.0,6936.0,6864.0,1803.0,12419064.0,82918
2023-05-10 09:05:28,SM2308,SM2308,6868.0,2.0,13776.0,0.0,5,6866.0,6870.0,97,6920.0,6930.0,6936.0,6864.0,1805.0,12432840.0,82918
2023-05-10 09:05:29,SM2308,SM2308,6868.0,0.0,0.0,0.0,5,6866.0,6870.0,67,6920.0,6930.0,6936.0,6864.0,1805.0,12432840.0,82918
2023-05-10 09:05:29,SM2308,SM2308,6868.0,0.0,0.0,0.0,92,6864.0,6868.0,11,6920.0,6930.0,6936.0,6864.0,1805.0,12432840.0,82918
2023-05-10 09:05:30,SM2308,SM2308,6868.0,0.0,0.0,0.0,62,6864.0,6868.0,11,6920.0,6930.0,6936.0,6864.0,1805.0,12432840.0,82918
2023-05-10 09:05:30,SM2308,SM2308,6868.0,0.0,0.0,0.0,53,6864.0,6868.0,12,6920.0,6930.0,6936.0,6864.0,1805.0,12432840.0,82918
2023-05-10 09:05:31,SM2308,SM2308,6868.0,0.0,0.0,0.0,4,6866.0,6868.0,11,6920.0,6930.0,6936.0,6864.0,1805.0,12432840.0,82918
2023-05-10 09:05:31,SM2308,SM2308,6868.0,0.0,0.0,0.0,7,6866.0,6868.0,11,6920.0,6930.0,6936.0,6864.0,1805.0,12432840.0,82918
2023-05-10 09:05:33,SM2308,SM2308,6868.0,2.0,13776.0,0.0,5,6866.0,6868.0,1,6920.0,6930.0,6936.0,6864.0,1807.0,12446616.0,82918
2023-05-10 09:05:34,SM2308,SM2308,6868.0,4.0,27552.0,0.0,1,6868.0,6870.0,24,6920.0,6930.0,6936.0,6864.0,1811.0,12474168.0,82918
2023-05-10 09:05:34,SM2308,SM2308,6868.0,0.0,0.0,0.0,1,6868.0,6870.0,4,6920.0,6930.0,6936.0,6864.0,1811.0,12474168.0,82918
2023-05-10 09:05:35,SM2308,SM2308,6868.0,4.0,27552.0,-3.0,22,6866.0,6870.0,3,6920.0,6930.0,6936.0,6864.0,1815.0,12501720.0,82915
2023-05-10 09:05:36,SM2308,SM2308,6868.0,0.0,0.0,0.0,35,6866.0,6870.0,4,6920.0,6930.0,6936.0,6864.0,1815.0,12501720.0,82915
2023-05-10 09:05:36,SM2308,SM2308,6868.0,0.0,0.0,0.0,35,6866.0,6870.0,5,6920.0,6930.0,6936.0,6864.0,1815.0,12501720.0,82915
2023-05-10 09:05:36,SM2308,SM2308,6868.0,0.0,0.0,0.0,24,6866.0,6870.0,4,6920.0,6930.0,6936.0,6864.0,1815.0,12501720.0,82915
2023-05-10 09:05:37,SM2308,SM2308,6868.0,0.0,0.0,0.0,3,6866.0,6868.0,1,6920.0,6930.0,6936.0,6864.0,1815.0,12501720.0,82915
2023-05-10 09:05:38,SM2308,SM2308,6866.0,1.0,6888.0,-1.0,4,6866.0,6870.0,46,6920.0,6930.0,6936.0,6864.0,1816.0,12508608.0,82914
2023-05-10 09:05:38,SM2308,SM2308,6866.0,1.0,6888.0,-1.0,1,6866.0,6870.0,35,6920.0,6930.0,6936.0,6864.0,1817.0,12515496.0,82913
2023-05-10 09:05:39,SM2308,SM2308,6868.0,1.0,6888.0,1.0,85,6864.0,6868.0,9,6920.0,6930.0,6936.0,6864.0,1818.0,12522384.0,82914
2023-05-10 09:05:39,SM2308,SM2308,6868.0,9.0,61992.0,0.0,55,6864.0,6870.0,85,6920.0,6930.0,6936.0,6864.0,1827.0,12584376.0,82914
2023-05-10 09:05:40,SM2308,SM2308,6866.0,1.0,6888.0,0.0,2,6866.0,6870.0,55,6920.0,6930.0,6936.0,6864.0,1828.0,12591264.0,82914
2023-05-10 09:05:40,SM2308,SM2308,6866.0,0.0,0.0,0.0,13,6866.0,6870.0,16,6920.0,6930.0,6936.0,6864.0,1828.0,12591264.0,82914
2023-05-10 09:05:40,SM2308,SM2308,6870.0,15.0,103320.0,-11.0,3,6868.0,6870.0,11,6920.0,6930.0,6936.0,6864.0,1843.0,12694584.0,82903
2023-05-10 09:05:41,SM2308,SM2308,6870.0,11.0,75768.0,-9.0,12,6868.0,6870.0,2,6920.0,6930.0,6936.0,6864.0,1854.0,12770352.0,82894
2023-05-10 09:05:42,SM2308,SM2308,6872.0,19.0,127126.0,-7.0,10,6868.0,6872.0,22,6920.0,6930.0,6936.0,6864.0,1873.0,12897478.0,82887
2023-05-10 09:05:42,SM2308,SM2308,6872.0,1.0,6886.0,0.0,1,6870.0,6872.0,12,6920.0,6930.0,6936.0,6864.0,1874.0,12904364.0,82887
2023-05-10 09:05:43,SM2308,SM2308,6872.0,0.0,0.0,0.0,1,6870.0,6872.0,3,6920.0,6930.0,6936.0,6864.0,1874.0,12904364.0,82887
2023-05-10 09:05:44,SM2308,SM2308,6872.0,0.0,0.0,0.0,35,6868.0,6872.0,3,6920.0,6930.0,6936.0,6864.0,1874.0,12904364.0,82887
2023-05-10 09:05:44,SM2308,SM2308,6872.0,0.0,0.0,0.0,1,6870.0,6872.0,1,6920.0,6930.0,6936.0,6864.0,1874.0,12904364.0,82887
2023-05-10 09:05:45,SM2308,SM2308,6872.0,0.0,0.0,0.0,1,6870.0,6872.0,3,6920.0,6930.0,6936.0,6864.0,1874.0,12904364.0,82887
2023-05-10 09:05:45,SM2308,SM2308,6872.0,0.0,0.0,0.0,75,6868.0,6872.0,3,6920.0,6930.0,6936.0,6864.0,1874.0,12904364.0,82887
2023-05-10 09:05:46,SM2308,SM2308,6872.0,0.0,0.0,0.0,65,6868.0,6872.0,3,6920.0,6930.0,6936.0,6864.0,1874.0,12904364.0,82887
2023-05-10 09:05:46,SM2308,SM2308,6872.0,0.0,0.0,0.0,1,6870.0,6872.0,3,6920.0,6930.0,6936.0,6864.0,1874.0,12904364.0,82887
2023-05-10 09:05:47,SM2308,SM2308,6872.0,0.0,0.0,0.0,45,6868.0,6872.0,3,6920.0,6930.0,6936.0,6864.0,1874.0,12904364.0,82887
2023-05-10 09:05:47,SM2308,SM2308,6872.0,0.0,0.0,0.0,3,6870.0,6872.0,1,6920.0,6930.0,6936.0,6864.0,1874.0,12904364.0,82887
2023-05-10 09:05:48,SM2308,SM2308,6872.0,1.0,6886.0,0.0,25,6870.0,6874.0,23,6920.0,6930.0,6936.0,6864.0,1875.0,12911250.0,82887
2023-05-10 09:05:49,SM2308,SM2308,6872.0,0.0,0.0,0.0,35,6870.0,6874.0,3,6920.0,6930.0,6936.0,6864.0,1875.0,12911250.0,82887
2023-05-10 09:05:49,SM2308,SM2308,6874.0,3.0,20658.0,0.0,35,6870.0,6874.0,2,6920.0,6930.0,6936.0,6864.0,1878.0,12931908.0,82887
2023-05-10 09:05:50,SM2308,SM2308,6874.0,2.0,13772.0,-2.0,37,6870.0,6874.0,1,6920.0,6930.0,6936.0,6864.0,1880.0,12945680.0,82885
2023-05-10 09:05:50,SM2308,SM2308,6874.0,0.0,0.0,0.0,1,6872.0,6876.0,117,6920.0,6930.0,6936.0,6864.0,1880.0,12945680.0,82885
2023-05-10 09:05:51,SM2308,SM2308,6874.0,0.0,0.0,0.0,23,6872.0,6876.0,42,6920.0,6930.0,6936.0,6864.0,1880.0,12945680.0,82885
2023-05-10 09:05:51,SM2308,SM2308,6874.0,0.0,0.0,0.0,22,6872.0,6876.0,23,6920.0,6930.0,6936.0,6864.0,1880.0,12945680.0,82885
2023-05-10 09:05:52,SM2308,SM2308,6874.0,0.0,0.0,0.0,2,6872.0,6876.0,36,6920.0,6930.0,6936.0,6864.0,1880.0,12945680.0,82885
2023-05-10 09:05:52,SM2308,SM2308,6874.0,0.0,0.0,0.0,13,6872.0,6876.0,27,6920.0,6930.0,6936.0,6864.0,1880.0,12945680.0,82885
2023-05-10 09:05:53,SM2308,SM2308,6874.0,0.0,0.0,0.0,12,6872.0,6876.0,38,6920.0,6930.0,6936.0,6864.0,1880.0,12945680.0,82885
2023-05-10 09:05:53,SM2308,SM2308,6874.0,0.0,0.0,0.0,2,6872.0,6876.0,38,6920.0,6930.0,6936.0,6864.0,1880.0,12945680.0,82885
2023-05-10 09:05:54,SM2308,SM2308,6874.0,0.0,0.0,0.0,98,6870.0,6874.0,6,6920.0,6930.0,6936.0,6864.0,1880.0,12945680.0,82885
2023-05-10 09:05:54,SM2308,SM2308,6874.0,0.0,0.0,0.0,78,6870.0,6874.0,6,6920.0,6930.0,6936.0,6864.0,1880.0,12945680.0,82885
2023-05-10 09:05:55,SM2308,SM2308,6874.0,0.0,0.0,0.0,67,6870.0,6874.0,7,6920.0,6930.0,6936.0,6864.0,1880.0,12945680.0,82885
2023-05-10 09:05:56,SM2308,SM2308,6874.0,0.0,0.0,0.0,1,6872.0,6874.0,4,6920.0,6930.0,6936.0,6864.0,1880.0,12945680.0,82885
2023-05-10 09:05:56,SM2308,SM2308,6874.0,0.0,0.0,0.0,1,6872.0,6874.0,5,6920.0,6930.0,6936.0,6864.0,1880.0,12945680.0,82885
2023-05-10 09:05:58,SM2308,SM2308,6874.0,5.0,34430.0,4.0,4,6874.0,6876.0,113,6920.0,6930.0,6936.0,6864.0,1885.0,12980110.0,82889
2023-05-10 09:05:59,SM2308,SM2308,6874.0,4.0,27544.0,0.0,3,6872.0,6876.0,42,6920.0,6930.0,6936.0,6864.0,1889.0,13007654.0,82889
2023-05-10 09:05:59,SM2308,SM2308,6874.0,0.0,0.0,0.0,23,6872.0,6876.0,13,6920.0,6930.0,6936.0,6864.0,1889.0,13007654.0,82889
2023-05-10 09:06:00,SM2308,SM2308,6874.0,0.0,0.0,0.0,33,6872.0,6876.0,4,6920.0,6930.0,6936.0,6864.0,1889.0,13007654.0,82889
2023-05-10 09:06:00,SM2308,SM2308,6874.0,0.0,0.0,0.0,32,6872.0,6876.0,5,6920.0,6930.0,6936.0,6864.0,1889.0,13007654.0,82889
2023-05-10 09:06:01,SM2308,SM2308,6874.0,0.0,0.0,0.0,12,6872.0,6874.0,1,6920.0,6930.0,6936.0,6864.0,1889.0,13007654.0,82889
2023-05-10 09:06:01,SM2308,SM2308,6874.0,5.0,34430.0,5.0,12,6872.0,6874.0,1,6920.0,6930.0,6936.0,6864.0,1894.0,13042084.0,82894
2023-05-10 09:06:02,SM2308,SM2308,6872.0,10.0,68860.0,9.0,3,6872.0,6874.0,4,6920.0,6930.0,6936.0,6864.0,1904.0,13110944.0,82903
2023-05-10 09:06:02,SM2308,SM2308,6876.0,1.0,6886.0,0.0,24,6872.0,6876.0,55,6920.0,6930.0,6936.0,6864.0,1905.0,13117830.0,82903
2023-05-10 09:06:03,SM2308,SM2308,6876.0,0.0,0.0,0.0,25,6872.0,6876.0,15,6920.0,6930.0,6936.0,6864.0,1905.0,13117830.0,82903
2023-05-10 09:06:03,SM2308,SM2308,6876.0,0.0,0.0,0.0,1,6874.0,6876.0,12,6920.0,6930.0,6936.0,6864.0,1905.0,13117830.0,82903
2023-05-10 09:06:04,SM2308,SM2308,6876.0,13.0,89518.0,10.0,17,6874.0,6878.0,77,6920.0,6930.0,6936.0,6864.0,1918.0,13207348.0,82913
2023-05-10 09:06:04,SM2308,SM2308,6876.0,0.0,0.0,0.0,17,6874.0,6878.0,14,6920.0,6930.0,6936.0,6864.0,1918.0,13207348.0,82913
2023-05-10 09:06:05,SM2308,SM2308,6876.0,0.0,0.0,0.0,27,6874.0,6878.0,18,6920.0,6930.0,6936.0,6864.0,1918.0,13207348.0,82913
2023-05-10 09:06:05,SM2308,SM2308,6876.0,0.0,0.0,0.0,37,6874.0,6878.0,8,6920.0,6930.0,6936.0,6864.0,1918.0,13207348.0,82913
2023-05-10 09:06:06,SM2308,SM2308,6876.0,0.0,0.0,0.0,25,6874.0,6878.0,20,6920.0,6930.0,6936.0,6864.0,1918.0,13207348.0,82913
2023-05-10 09:06:06,SM2308,SM2308,6876.0,0.0,0.0,0.0,24,6874.0,6878.0,30,6920.0,6930.0,6936.0,6864.0,1918.0,13207348.0,82913
2023-05-10 09:06:07,SM2308,SM2308,6876.0,0.0,0.0,0.0,14,6874.0,6878.0,42,6920.0,6930.0,6936.0,6864.0,1918.0,13207348.0,82913
2023-05-10 09:06:07,SM2308,SM2308,6874.0,8.0,55088.0,0.0,1,6876.0,6878.0,48,6920.0,6930.0,6936.0,6864.0,1926.0,13262436.0,82913
2023-05-10 09:06:08,SM2308,SM2308,6876.0,17.0,117062.0,2.0,2,6876.0,6878.0,2,6920.0,6930.0,6936.0,6864.0,1943.0,13379498.0,82915
2023-05-10 09:06:08,SM2308,SM2308,6876.0,0.0,0.0,0.0,2,6876.0,6878.0,4,6920.0,6930.0,6936.0,6864.0,1943.0,13379498.0,82915
2023-05-10 09:06:09,SM2308,SM2308,6878.0,4.0,27544.0,4.0,2,6878.0,6880.0,78,6920.0,6930.0,6936.0,6864.0,1947.0,13407042.0,82919
2023-05-10 09:06:09,SM2308,SM2308,6878.0,0.0,0.0,0.0,3,6878.0,6880.0,16,6920.0,6930.0,6936.0,6864.0,1947.0,13407042.0,82919
2023-05-10 09:06:09,SM2308,SM2308,6878.0,0.0,0.0,0.0,3,6878.0,6880.0,17,6920.0,6930.0,6936.0,6864.0,1947.0,13407042.0,82919
2023-05-10 09:06:10,SM2308,SM2308,6878.0,5.0,34430.0,-4.0,3,6878.0,6880.0,13,6920.0,6930.0,6936.0,6864.0,1952.0,13441472.0,82915
2023-05-10 09:06:11,SM2308,SM2308,6878.0,2.0,13772.0,-2.0,18,6876.0,6878.0,2,6920.0,6930.0,6936.0,6864.0,1954.0,13455244.0,82913
2023-05-10 09:06:11,SM2308,SM2308,6878.0,2.0,13772.0,0.0,3,6878.0,6880.0,13,6920.0,6930.0,6936.0,6864.0,1956.0,13469016.0,82913
2023-05-10 09:06:12,SM2308,SM2308,6880.0,3.0,20658.0,2.0,2,6880.0,6882.0,86,6920.0,6930.0,6936.0,6864.0,1959.0,13489674.0,82915
2023-05-10 09:06:12,SM2308,SM2308,6882.0,1.0,6886.0,1.0,2,6880.0,6882.0,1,6920.0,6930.0,6936.0,6864.0,1960.0,13496560.0,82916
2023-05-10 09:06:13,SM2308,SM2308,6880.0,1.0,6886.0,-1.0,1,6880.0,6884.0,87,6920.0,6930.0,6936.0,6864.0,1961.0,13503446.0,82915
2023-05-10 09:06:13,SM2308,SM2308,6880.0,0.0,0.0,0.0,1,6880.0,6882.0,12,6920.0,6930.0,6936.0,6864.0,1961.0,13503446.0,82915
2023-05-10 09:06:14,SM2308,SM2308,6880.0,0.0,0.0,0.0,3,6880.0,6884.0,84,6920.0,6930.0,6936.0,6864.0,1961.0,13503446.0,82915
2023-05-10 09:06:14,SM2308,SM2308,6880.0,0.0,0.0,0.0,15,6880.0,6884.0,23,6920.0,6930.0,6936.0,6864.0,1961.0,13503446.0,82915
2023-05-10 09:06:15,SM2308,SM2308,6880.0,0.0,0.0,0.0,16,6880.0,6884.0,21,6920.0,6930.0,6936.0,6864.0,1961.0,13503446.0,82915
2023-05-10 09:06:15,SM2308,SM2308,6880.0,0.0,0.0,0.0,1,6882.0,6884.0,11,6920.0,6930.0,6936.0,6864.0,1961.0,13503446.0,82915
2023-05-10 09:06:16,SM2308,SM2308,6880.0,0.0,0.0,0.0,1,6882.0,6884.0,1,6920.0,6930.0,6936.0,6864.0,1961.0,13503446.0,82915
2023-05-10 09:06:16,SM2308,SM2308,6884.0,1.0,6886.0,0.0,3,6882.0,6886.0,53,6920.0,6930.0,6936.0,6864.0,1962.0,13510332.0,82915
2023-05-10 09:06:16,SM2308,SM2308,6884.0,0.0,0.0,0.0,13,6882.0,6886.0,22,6920.0,6930.0,6936.0,6864.0,1962.0,13510332.0,82915
2023-05-10 09:06:17,SM2308,SM2308,6884.0,0.0,0.0,0.0,1,6884.0,6886.0,20,6920.0,6930.0,6936.0,6864.0,1962.0,13510332.0,82915
2023-05-10 09:06:18,SM2308,SM2308,6888.0,2.0,13772.0,0.0,2,6884.0,6888.0,61,6920.0,6930.0,6936.0,6864.0,1964.0,13524104.0,82915
2023-05-10 09:06:18,SM2308,SM2308,6888.0,0.0,0.0,0.0,12,6884.0,6886.0,2,6920.0,6930.0,6936.0,6864.0,1964.0,13524104.0,82915
2023-05-10 09:06:20,SM2308,SM2308,6886.0,1.0,6886.0,-1.0,13,6884.0,6886.0,1,6920.0,6930.0,6936.0,6864.0,1965.0,13530990.0,82914
2023-05-10 09:06:20,SM2308,SM2308,6886.0,1.0,6886.0,0.0,12,6884.0,6888.0,32,6920.0,6930.0,6936.0,6864.0,1966.0,13537876.0,82914
2023-05-10 09:06:21,SM2308,SM2308,6886.0,0.0,0.0,0.0,12,6884.0,6888.0,23,6920.0,6930.0,6936.0,6864.0,1966.0,13537876.0,82914
2023-05-10 09:06:21,SM2308,SM2308,6886.0,0.0,0.0,0.0,12,6884.0,6888.0,27,6920.0,6930.0,6936.0,6864.0,1966.0,13537876.0,82914
2023-05-10 09:06:22,SM2308,SM2308,6886.0,0.0,0.0,0.0,12,6884.0,6886.0,1,6920.0,6930.0,6936.0,6864.0,1966.0,13537876.0,82914
2023-05-10 09:06:22,SM2308,SM2308,6886.0,13.0,89518.0,-13.0,77,6882.0,6888.0,36,6920.0,6930.0,6936.0,6864.0,1979.0,13627394.0,82901
2023-05-10 09:06:22,SM2308,SM2308,6886.0,0.0,0.0,0.0,2,6884.0,6886.0,3,6920.0,6930.0,6936.0,6864.0,1979.0,13627394.0,82901
2023-05-10 09:06:23,SM2308,SM2308,6886.0,0.0,0.0,0.0,37,6882.0,6886.0,13,6920.0,6930.0,6936.0,6864.0,1979.0,13627394.0,82901
2023-05-10 09:06:24,SM2308,SM2308,6886.0,0.0,0.0,0.0,27,6882.0,6886.0,15,6920.0,6930.0,6936.0,6864.0,1979.0,13627394.0,82901
2023-05-10 09:06:24,SM2308,SM2308,6886.0,0.0,0.0,0.0,18,6882.0,6886.0,38,6920.0,6930.0,6936.0,6864.0,1979.0,13627394.0,82901
2023-05-10 09:06:25,SM2308,SM2308,6886.0,0.0,0.0,0.0,2,6882.0,6884.0,10,6920.0,6930.0,6936.0,6864.0,1979.0,13627394.0,82901
2023-05-10 09:06:25,SM2308,SM2308,6886.0,0.0,0.0,0.0,5,6882.0,6884.0,1,6920.0,6930.0,6936.0,6864.0,1979.0,13627394.0,82901
2023-05-10 09:06:26,SM2308,SM2308,6886.0,0.0,0.0,0.0,6,6882.0,6886.0,48,6920.0,6930.0,6936.0,6864.0,1979.0,13627394.0,82901
2023-05-10 09:06:26,SM2308,SM2308,6886.0,0.0,0.0,0.0,6,6882.0,6886.0,39,6920.0,6930.0,6936.0,6864.0,1979.0,13627394.0,82901
2023-05-10 09:06:28,SM2308,SM2308,6886.0,0.0,0.0,0.0,4,6884.0,6886.0,14,6920.0,6930.0,6936.0,6864.0,1979.0,13627394.0,82901
2023-05-10 09:06:28,SM2308,SM2308,6886.0,0.0,0.0,0.0,4,6884.0,6886.0,3,6920.0,6930.0,6936.0,6864.0,1979.0,13627394.0,82901
2023-05-10 09:06:29,SM2308,SM2308,6886.0,0.0,0.0,0.0,5,6884.0,6886.0,1,6920.0,6930.0,6936.0,6864.0,1979.0,13627394.0,82901
2023-05-10 09:06:29,SM2308,SM2308,6886.0,1.0,6886.0,1.0,6,6884.0,6888.0,46,6920.0,6930.0,6936.0,6864.0,1980.0,13634280.0,82902
2023-05-10 09:06:29,SM2308,SM2308,6886.0,0.0,0.0,0.0,6,6884.0,6888.0,36,6920.0,6930.0,6936.0,6864.0,1980.0,13634280.0,82902
2023-05-10 09:06:31,SM2308,SM2308,6886.0,0.0,0.0,0.0,6,6884.0,6888.0,32,6920.0,6930.0,6936.0,6864.0,1980.0,13634280.0,82902
2023-05-10 09:06:31,SM2308,SM2308,6886.0,0.0,0.0,0.0,1,6886.0,6888.0,32,6920.0,6930.0,6936.0,6864.0,1980.0,13634280.0,82902
2023-05-10 09:06:31,SM2308,SM2308,6886.0,0.0,0.0,0.0,2,6886.0,6888.0,22,6920.0,6930.0,6936.0,6864.0,1980.0,13634280.0,82902
2023-05-10 09:06:32,SM2308,SM2308,6886.0,0.0,0.0,0.0,17,6884.0,6888.0,12,6920.0,6930.0,6936.0,6864.0,1980.0,13634280.0,82902
2023-05-10 09:06:32,SM2308,SM2308,6886.0,0.0,0.0,0.0,4,6886.0,6888.0,12,6920.0,6930.0,6936.0,6864.0,1980.0,13634280.0,82902
2023-05-10 09:06:33,SM2308,SM2308,6886.0,0.0,0.0,0.0,3,6886.0,6888.0,2,6920.0,6930.0,6936.0,6864.0,1980.0,13634280.0,82902
2023-05-10 09:06:34,SM2308,SM2308,6886.0,0.0,0.0,0.0,4,6886.0,6888.0,1,6920.0,6930.0,6936.0,6864.0,1980.0,13634280.0,82902
2023-05-10 09:06:34,SM2308,SM2308,6886.0,0.0,0.0,0.0,5,6886.0,6888.0,1,6920.0,6930.0,6936.0,6864.0,1980.0,13634280.0,82902
2023-05-10 09:06:35,SM2308,SM2308,6886.0,0.0,0.0,0.0,4,6886.0,6888.0,1,6920.0,6930.0,6936.0,6864.0,1980.0,13634280.0,82902
2023-05-10 09:06:36,SM2308,SM2308,6886.0,0.0,0.0,0.0,3,6886.0,6888.0,2,6920.0,6930.0,6936.0,6864.0,1980.0,13634280.0,82902
2023-05-10 09:06:37,SM2308,SM2308,6886.0,0.0,0.0,0.0,2,6886.0,6888.0,3,6920.0,6930.0,6936.0,6864.0,1980.0,13634280.0,82902
2023-05-10 09:06:37,SM2308,SM2308,6886.0,0.0,0.0,0.0,3,6886.0,6888.0,3,6920.0,6930.0,6936.0,6864.0,1980.0,13634280.0,82902
2023-05-10 09:06:38,SM2308,SM2308,6888.0,1.0,6886.0,1.0,6,6886.0,6888.0,4,6920.0,6930.0,6936.0,6864.0,1981.0,13641166.0,82903
2023-05-10 09:06:38,SM2308,SM2308,6888.0,0.0,0.0,0.0,2,6886.0,6888.0,6,6920.0,6930.0,6936.0,6864.0,1981.0,13641166.0,82903
2023-05-10 09:06:38,SM2308,SM2308,6888.0,0.0,0.0,0.0,1,6886.0,6888.0,6,6920.0,6930.0,6936.0,6864.0,1981.0,13641166.0,82903
2023-05-10 09:06:39,SM2308,SM2308,6888.0,0.0,0.0,0.0,1,6886.0,6888.0,16,6920.0,6930.0,6936.0,6864.0,1981.0,13641166.0,82903
2023-05-10 09:06:47,SM2308,SM2308,6888.0,0.0,0.0,0.0,4,6886.0,6888.0,12,6920.0,6930.0,6936.0,6864.0,1981.0,13641166.0,82903
2023-05-10 09:06:47,SM2308,SM2308,6888.0,0.0,0.0,0.0,5,6886.0,6888.0,14,6920.0,6930.0,6936.0,6864.0,1981.0,13641166.0,82903
2023-05-10 09:06:48,SM2308,SM2308,6888.0,2.0,13772.0,-1.0,4,6886.0,6888.0,3,6920.0,6930.0,6936.0,6864.0,1983.0,13654938.0,82902
2023-05-10 09:06:48,SM2308,SM2308,6888.0,0.0,0.0,0.0,4,6886.0,6888.0,4,6920.0,6930.0,6936.0,6864.0,1983.0,13654938.0,82902
2023-05-10 09:06:50,SM2308,SM2308,6888.0,0.0,0.0,0.0,4,6886.0,6888.0,5,6920.0,6930.0,6936.0,6864.0,1983.0,13654938.0,82902
2023-05-10 09:06:52,SM2308,SM2308,6888.0,0.0,0.0,0.0,87,6884.0,6888.0,5,6920.0,6930.0,6936.0,6864.0,1983.0,13654938.0,82902
2023-05-10 09:06:52,SM2308,SM2308,6888.0,0.0,0.0,0.0,37,6884.0,6888.0,4,6920.0,6930.0,6936.0,6864.0,1983.0,13654938.0,82902
2023-05-10 09:06:53,SM2308,SM2308,6888.0,0.0,0.0,0.0,1,6886.0,6888.0,4,6920.0,6930.0,6936.0,6864.0,1983.0,13654938.0,82902
2023-05-10 09:06:53,SM2308,SM2308,6888.0,0.0,0.0,0.0,5,6884.0,6886.0,1,6920.0,6930.0,6936.0,6864.0,1983.0,13654938.0,82902
2023-05-10 09:06:55,SM2308,SM2308,6888.0,0.0,0.0,0.0,5,6884.0,6888.0,61,6920.0,6930.0,6936.0,6864.0,1983.0,13654938.0,82902
2023-05-10 09:06:55,SM2308,SM2308,6888.0,0.0,0.0,0.0,5,6884.0,6886.0,1,6920.0,6930.0,6936.0,6864.0,1983.0,13654938.0,82902
2023-05-10 09:06:58,SM2308,SM2308,6888.0,0.0,0.0,0.0,5,6884.0,6886.0,11,6920.0,6930.0,6936.0,6864.0,1983.0,13654938.0,82902
2023-05-10 09:06:58,SM2308,SM2308,6888.0,0.0,0.0,0.0,5,6884.0,6886.0,1,6920.0,6930.0,6936.0,6864.0,1983.0,13654938.0,82902
2023-05-10 09:06:59,SM2308,SM2308,6888.0,0.0,0.0,0.0,5,6884.0,6886.0,2,6920.0,6930.0,6936.0,6864.0,1983.0,13654938.0,82902
2023-05-10 09:07:01,SM2308,SM2308,6884.0,2.0,13772.0,0.0,4,6884.0,6888.0,60,6920.0,6930.0,6936.0,6864.0,1985.0,13668710.0,82902
2023-05-10 09:07:01,SM2308,SM2308,6884.0,0.0,0.0,0.0,6,6884.0,6888.0,60,6920.0,6930.0,6936.0,6864.0,1985.0,13668710.0,82902
2023-05-10 09:07:02,SM2308,SM2308,6884.0,0.0,0.0,0.0,4,6884.0,6888.0,60,6920.0,6930.0,6936.0,6864.0,1985.0,13668710.0,82902
2023-05-10 09:07:03,SM2308,SM2308,6884.0,0.0,0.0,0.0,4,6884.0,6888.0,61,6920.0,6930.0,6936.0,6864.0,1985.0,13668710.0,82902
2023-05-10 09:07:03,SM2308,SM2308,6884.0,0.0,0.0,0.0,4,6884.0,6886.0,1,6920.0,6930.0,6936.0,6864.0,1985.0,13668710.0,82902
2023-05-10 09:07:04,SM2308,SM2308,6884.0,0.0,0.0,0.0,1,6884.0,6886.0,1,6920.0,6930.0,6936.0,6864.0,1985.0,13668710.0,82902
2023-05-10 09:07:04,SM2308,SM2308,6884.0,2.0,13772.0,-2.0,44,6882.0,6886.0,32,6920.0,6930.0,6936.0,6864.0,1987.0,13682482.0,82900
2023-05-10 09:07:05,SM2308,SM2308,6884.0,0.0,0.0,0.0,3,6882.0,6886.0,33,6920.0,6930.0,6936.0,6864.0,1987.0,13682482.0,82900
2023-05-10 09:07:05,SM2308,SM2308,6884.0,0.0,0.0,0.0,3,6882.0,6884.0,1,6920.0,6930.0,6936.0,6864.0,1987.0,13682482.0,82900
2023-05-10 09:07:06,SM2308,SM2308,6884.0,0.0,0.0,0.0,4,6882.0,6886.0,37,6920.0,6930.0,6936.0,6864.0,1987.0,13682482.0,82900
2023-05-10 09:07:09,SM2308,SM2308,6882.0,1.0,6886.0,-1.0,114,6880.0,6882.0,1,6920.0,6930.0,6936.0,6864.0,1988.0,13689368.0,82899
2023-05-10 09:07:09,SM2308,SM2308,6882.0,1.0,6886.0,-1.0,13,6880.0,6882.0,1,6920.0,6930.0,6936.0,6864.0,1989.0,13696254.0,82898
2023-05-10 09:07:10,SM2308,SM2308,6882.0,0.0,0.0,0.0,2,6880.0,6882.0,2,6920.0,6930.0,6936.0,6864.0,1989.0,13696254.0,82898
2023-05-10 09:07:10,SM2308,SM2308,6880.0,3.0,20658.0,-3.0,69,6878.0,6882.0,14,6920.0,6930.0,6936.0,6864.0,1992.0,13716912.0,82895
2023-05-10 09:07:11,SM2308,SM2308,6878.0,1.0,6886.0,-1.0,39,6878.0,6882.0,26,6920.0,6930.0,6936.0,6864.0,1993.0,13723798.0,82894
2023-05-10 09:07:11,SM2308,SM2308,6878.0,0.0,0.0,0.0,18,6878.0,6882.0,46,6920.0,6930.0,6936.0,6864.0,1993.0,13723798.0,82894
2023-05-10 09:07:11,SM2308,SM2308,6878.0,0.0,0.0,0.0,8,6878.0,6880.0,1,6920.0,6930.0,6936.0,6864.0,1993.0,13723798.0,82894
2023-05-10 09:07:13,SM2308,SM2308,6878.0,0.0,0.0,0.0,6,6878.0,6880.0,1,6920.0,6930.0,6936.0,6864.0,1993.0,13723798.0,82894
2023-05-10 09:07:13,SM2308,SM2308,6878.0,0.0,0.0,0.0,5,6878.0,6880.0,2,6920.0,6930.0,6936.0,6864.0,1993.0,13723798.0,82894
2023-05-10 09:07:14,SM2308,SM2308,6878.0,1.0,6886.0,0.0,103,6876.0,6880.0,12,6920.0,6930.0,6936.0,6864.0,1994.0,13730684.0,82894
2023-05-10 09:07:15,SM2308,SM2308,6878.0,0.0,0.0,0.0,40,6876.0,6880.0,14,6920.0,6930.0,6936.0,6864.0,1994.0,13730684.0,82894
2023-05-10 09:07:15,SM2308,SM2308,6878.0,0.0,0.0,0.0,10,6876.0,6880.0,34,6920.0,6930.0,6936.0,6864.0,1994.0,13730684.0,82894
2023-05-10 09:07:16,SM2308,SM2308,6878.0,0.0,0.0,0.0,10,6876.0,6880.0,36,6920.0,6930.0,6936.0,6864.0,1994.0,13730684.0,82894
2023-05-10 09:07:18,SM2308,SM2308,6878.0,0.0,0.0,0.0,8,6878.0,6880.0,25,6920.0,6930.0,6936.0,6864.0,1994.0,13730684.0,82894
2023-05-10 09:07:19,SM2308,SM2308,6878.0,0.0,0.0,0.0,30,6876.0,6880.0,25,6920.0,6930.0,6936.0,6864.0,1994.0,13730684.0,82894
2023-05-10 09:07:19,SM2308,SM2308,6882.0,124.0,853864.0,68.0,42,6882.0,6884.0,1,6920.0,6930.0,6936.0,6864.0,2118.0,14584548.0,82962
2023-05-10 09:07:20,SM2308,SM2308,6886.0,28.0,192808.0,-19.0,18,6884.0,6886.0,4,6920.0,6930.0,6936.0,6864.0,2146.0,14777356.0,82943
2023-05-10 09:07:20,SM2308,SM2308,6888.0,4.0,27544.0,1.0,1,6886.0,6888.0,5,6920.0,6930.0,6936.0,6864.0,2150.0,14804900.0,82944
2023-05-10 09:07:21,SM2308,SM2308,6886.0,7.0,48202.0,-7.0,15,6884.0,6886.0,2,6920.0,6930.0,6936.0,6864.0,2157.0,14853102.0,82937
2023-05-10 09:07:21,SM2308,SM2308,6886.0,2.0,13772.0,-2.0,5,6886.0,6888.0,12,6920.0,6930.0,6936.0,6864.0,2159.0,14866874.0,82935
2023-05-10 09:07:21,SM2308,SM2308,6886.0,6.0,41316.0,-6.0,3,6886.0,6888.0,2,6920.0,6930.0,6936.0,6864.0,2165.0,14908190.0,82929
2023-05-10 09:07:22,SM2308,SM2308,6886.0,1.0,6886.0,-1.0,84,6884.0,6888.0,3,6920.0,6930.0,6936.0,6864.0,2166.0,14915076.0,82928
2023-05-10 09:07:23,SM2308,SM2308,6884.0,118.0,812548.0,7.0,33,6882.0,6884.0,42,6920.0,6930.0,6936.0,6864.0,2284.0,15727624.0,82935
2023-05-10 09:07:23,SM2308,SM2308,6884.0,1.0,6886.0,0.0,14,6882.0,6884.0,42,6920.0,6930.0,6936.0,6864.0,2285.0,15734510.0,82935
2023-05-10 09:07:24,SM2308,SM2308,6884.0,0.0,0.0,0.0,24,6882.0,6884.0,48,6920.0,6930.0,6936.0,6864.0,2285.0,15734510.0,82935
2023-05-10 09:07:24,SM2308,SM2308,6884.0,48.0,330528.0,-8.0,30,6882.0,6886.0,96,6920.0,6930.0,6936.0,6864.0,2333.0,16065038.0,82927
2023-05-10 09:07:25,SM2308,SM2308,6884.0,0.0,0.0,0.0,33,6882.0,6886.0,36,6920.0,6930.0,6936.0,6864.0,2333.0,16065038.0,82927
2023-05-10 09:07:25,SM2308,SM2308,6888.0,61.0,420046.0,14.0,11,6888.0,6890.0,34,6920.0,6930.0,6936.0,6864.0,2394.0,16485084.0,82941
2023-05-10 09:07:26,SM2308,SM2308,6888.0,23.0,158378.0,-3.0,7,6886.0,6890.0,5,6920.0,6930.0,6936.0,6864.0,2417.0,16643462.0,82938
2023-05-10 09:07:26,SM2308,SM2308,6888.0,0.0,0.0,0.0,7,6886.0,6888.0,1,6920.0,6930.0,6936.0,6864.0,2417.0,16643462.0,82938
2023-05-10 09:07:27,SM2308,SM2308,6888.0,0.0,0.0,0.0,17,6886.0,6890.0,6,6920.0,6930.0,6936.0,6864.0,2417.0,16643462.0,82938
2023-05-10 09:07:27,SM2308,SM2308,6888.0,0.0,0.0,0.0,27,6886.0,6888.0,4,6920.0,6930.0,6936.0,6864.0,2417.0,16643462.0,82938
2023-05-10 09:07:28,SM2308,SM2308,6888.0,0.0,0.0,0.0,18,6886.0,6888.0,4,6920.0,6930.0,6936.0,6864.0,2417.0,16643462.0,82938
2023-05-10 09:07:28,SM2308,SM2308,6888.0,0.0,0.0,0.0,28,6886.0,6888.0,2,6920.0,6930.0,6936.0,6864.0,2417.0,16643462.0,82938
2023-05-10 09:07:28,SM2308,SM2308,6888.0,1.0,6886.0,1.0,17,6886.0,6888.0,1,6920.0,6930.0,6936.0,6864.0,2418.0,16650348.0,82939
2023-05-10 09:07:31,SM2308,SM2308,6888.0,1.0,6886.0,0.0,20,6886.0,6890.0,36,6920.0,6930.0,6936.0,6864.0,2419.0,16657234.0,82939
2023-05-10 09:07:32,SM2308,SM2308,6888.0,0.0,0.0,0.0,30,6886.0,6890.0,15,6920.0,6930.0,6936.0,6864.0,2419.0,16657234.0,82939
2023-05-10 09:07:32,SM2308,SM2308,6888.0,0.0,0.0,0.0,40,6886.0,6890.0,15,6920.0,6930.0,6936.0,6864.0,2419.0,16657234.0,82939
2023-05-10 09:07:33,SM2308,SM2308,6888.0,0.0,0.0,0.0,3,6888.0,6890.0,15,6920.0,6930.0,6936.0,6864.0,2419.0,16657234.0,82939
2023-05-10 09:07:33,SM2308,SM2308,6888.0,0.0,0.0,0.0,4,6888.0,6890.0,16,6920.0,6930.0,6936.0,6864.0,2419.0,16657234.0,82939
2023-05-10 09:07:34,SM2308,SM2308,6888.0,0.0,0.0,0.0,5,6888.0,6890.0,1,6920.0,6930.0,6936.0,6864.0,2419.0,16657234.0,82939
2023-05-10 09:07:34,SM2308,SM2308,6888.0,0.0,0.0,0.0,15,6888.0,6890.0,1,6920.0,6930.0,6936.0,6864.0,2419.0,16657234.0,82939
2023-05-10 09:07:35,SM2308,SM2308,6888.0,1.0,6886.0,-1.0,14,6888.0,6892.0,46,6920.0,6930.0,6936.0,6864.0,2420.0,16664120.0,82938
2023-05-10 09:07:35,SM2308,SM2308,6888.0,0.0,0.0,0.0,14,6888.0,6890.0,1,6920.0,6930.0,6936.0,6864.0,2420.0,16664120.0,82938
2023-05-10 09:07:36,SM2308,SM2308,6888.0,0.0,0.0,0.0,15,6888.0,6890.0,1,6920.0,6930.0,6936.0,6864.0,2420.0,16664120.0,82938
2023-05-10 09:07:38,SM2308,SM2308,6886.0,106.0,729916.0,24.0,15,6884.0,6886.0,25,6920.0,6930.0,6936.0,6864.0,2526.0,17394036.0,82962
2023-05-10 09:07:38,SM2308,SM2308,6882.0,25.0,172150.0,-11.0,7,6882.0,6884.0,10,6920.0,6930.0,6936.0,6864.0,2551.0,17566186.0,82951
2023-05-10 09:07:39,SM2308,SM2308,6882.0,0.0,0.0,0.0,6,6882.0,6886.0,89,6920.0,6930.0,6936.0,6864.0,2551.0,17566186.0,82951
2023-05-10 09:07:39,SM2308,SM2308,6880.0,8.0,55088.0,1.0,30,6880.0,6882.0,6,6920.0,6930.0,6936.0,6864.0,2559.0,17621274.0,82952
2023-05-10 09:07:40,SM2308,SM2308,6882.0,17.0,117062.0,5.0,11,6880.0,6882.0,2,6920.0,6930.0,6936.0,6864.0,2576.0,17738336.0,82957
2023-05-10 09:07:40,SM2308,SM2308,6882.0,6.0,41316.0,-2.0,21,6880.0,6884.0,22,6920.0,6930.0,6936.0,6864.0,2582.0,17779652.0,82955
2023-05-10 09:07:41,SM2308,SM2308,6884.0,12.0,82632.0,-11.0,1,6884.0,6886.0,71,6920.0,6930.0,6936.0,6864.0,2594.0,17862284.0,82944
2023-05-10 09:07:41,SM2308,SM2308,6884.0,0.0,0.0,0.0,1,6884.0,6886.0,41,6920.0,6930.0,6936.0,6864.0,2594.0,17862284.0,82944
2023-05-10 09:07:42,SM2308,SM2308,6884.0,14.0,96404.0,-5.0,11,6882.0,6884.0,4,6920.0,6930.0,6936.0,6864.0,2608.0,17958688.0,82939
2023-05-10 09:07:42,SM2308,SM2308,6886.0,3.0,20658.0,-3.0,11,6882.0,6886.0,59,6920.0,6930.0,6936.0,6864.0,2611.0,17979346.0,82936
2023-05-10 09:07:43,SM2308,SM2308,6886.0,0.0,0.0,0.0,11,6882.0,6886.0,70,6920.0,6930.0,6936.0,6864.0,2611.0,17979346.0,82936
2023-05-10 09:07:43,SM2308,SM2308,6886.0,0.0,0.0,0.0,13,6882.0,6886.0,73,6920.0,6930.0,6936.0,6864.0,2611.0,17979346.0,82936
2023-05-10 09:07:44,SM2308,SM2308,6886.0,49.0,337414.0,-31.0,11,6886.0,6888.0,70,6920.0,6930.0,6936.0,6864.0,2660.0,18316760.0,82905
2023-05-10 09:07:44,SM2308,SM2308,6888.0,15.0,103290.0,-11.0,21,6886.0,6890.0,31,6920.0,6930.0,6936.0,6864.0,2675.0,18420050.0,82894
2023-05-10 09:07:45,SM2308,SM2308,6888.0,0.0,0.0,0.0,15,6886.0,6890.0,12,6920.0,6930.0,6936.0,6864.0,2675.0,18420050.0,82894
2023-05-10 09:07:45,SM2308,SM2308,6888.0,0.0,0.0,0.0,14,6886.0,6890.0,13,6920.0,6930.0,6936.0,6864.0,2675.0,18420050.0,82894
2023-05-10 09:07:46,SM2308,SM2308,6888.0,0.0,0.0,0.0,25,6886.0,6888.0,2,6920.0,6930.0,6936.0,6864.0,2675.0,18420050.0,82894
2023-05-10 09:07:46,SM2308,SM2308,6884.0,110.0,757460.0,-7.0,10,6884.0,6886.0,8,6920.0,6930.0,6936.0,6864.0,2785.0,19177510.0,82887
2023-05-10 09:07:47,SM2308,SM2308,6886.0,17.0,117062.0,-4.0,23,6882.0,6888.0,24,6920.0,6930.0,6936.0,6864.0,2802.0,19294572.0,82883
2023-05-10 09:07:47,SM2308,SM2308,6886.0,0.0,0.0,0.0,13,6882.0,6886.0,1,6920.0,6930.0,6936.0,6864.0,2802.0,19294572.0,82883
2023-05-10 09:07:48,SM2308,SM2308,6886.0,1.0,6886.0,-1.0,3,6884.0,6888.0,64,6920.0,6930.0,6936.0,6864.0,2803.0,19301458.0,82882
2023-05-10 09:07:48,SM2308,SM2308,6884.0,12.0,82632.0,-1.0,42,6882.0,6886.0,12,6920.0,6930.0,6936.0,6864.0,2815.0,19384090.0,82881
2023-05-10 09:07:49,SM2308,SM2308,6884.0,0.0,0.0,0.0,2,6882.0,6884.0,10,6920.0,6930.0,6936.0,6864.0,2815.0,19384090.0,82881
