time,symbol_id,symbol_name,last,trade_volume,trade_amount,open_interest_change,bv1,bp1,ap1,av1,yesterday_close,today_open,today_high,today_low,volume,amount,open_interest
2023-05-10 19:12:58,SR311C6100,SR311C6100,737.0,0.0,0.0,0.0,0,0.0,0.0,0,737.0,0.0,0.0,0.0,0.0,0.0,182
2023-05-10 21:00:07,SR311C6100,SR311C6100,737.0,0.0,0.0,0.0,1,356.5,0.0,0,737.0,0.0,0.0,0.0,0.0,0.0,182
2023-05-10 21:00:08,SR311C6100,SR311C6100,737.0,0.0,0.0,0.0,10,357.0,0.0,0,737.0,0.0,0.0,0.0,0.0,0.0,182
2023-05-10 21:02:08,SR311C6100,SR311C6100,737.0,0.0,0.0,0.0,1,358.5,1143.5,1,737.0,0.0,0.0,0.0,0.0,0.0,182
2023-05-10 21:02:08,SR311C6100,SR311C6100,737.0,0.0,0.0,0.0,10,359.0,1143.0,10,737.0,0.0,0.0,0.0,0.0,0.0,182
2023-05-10 21:02:12,SR311C6100,SR311C6100,737.0,0.0,0.0,0.0,1,360.5,1141.5,1,737.0,0.0,0.0,0.0,0.0,0.0,182
2023-05-10 21:02:13,SR311C6100,SR311C6100,737.0,0.0,0.0,0.0,10,361.0,1141.0,10,737.0,0.0,0.0,0.0,0.0,0.0,182
2023-05-10 21:02:17,SR311C6100,SR311C6100,737.0,0.0,0.0,0.0,1,362.5,1139.5,1,737.0,0.0,0.0,0.0,0.0,0.0,182
2023-05-10 21:02:18,SR311C6100,SR311C6100,737.0,0.0,0.0,0.0,10,363.0,1139.0,10,737.0,0.0,0.0,0.0,0.0,0.0,182
2023-05-10 21:02:24,SR311C6100,SR311C6100,737.0,0.0,0.0,0.0,1,364.5,1137.5,1,737.0,0.0,0.0,0.0,0.0,0.0,182
2023-05-10 21:02:25,SR311C6100,SR311C6100,737.0,0.0,0.0,0.0,10,365.0,1137.0,10,737.0,0.0,0.0,0.0,0.0,0.0,182
2023-05-10 21:02:25,SR311C6100,SR311C6100,737.0,0.0,0.0,0.0,1,366.5,1135.5,1,737.0,0.0,0.0,0.0,0.0,0.0,182
2023-05-10 21:02:26,SR311C6100,SR311C6100,737.0,0.0,0.0,0.0,10,367.0,1135.0,10,737.0,0.0,0.0,0.0,0.0,0.0,182
2023-05-10 21:02:30,SR311C6100,SR311C6100,737.0,0.0,0.0,0.0,1,368.5,1133.5,1,737.0,0.0,0.0,0.0,0.0,0.0,182
2023-05-10 21:02:31,SR311C6100,SR311C6100,737.0,0.0,0.0,0.0,10,369.0,1133.0,10,737.0,0.0,0.0,0.0,0.0,0.0,182
2023-05-10 21:02:31,SR311C6100,SR311C6100,737.0,0.0,0.0,0.0,1,370.5,1131.5,1,737.0,0.0,0.0,0.0,0.0,0.0,182
2023-05-10 21:02:32,SR311C6100,SR311C6100,737.0,0.0,0.0,0.0,10,371.0,1131.0,10,737.0,0.0,0.0,0.0,0.0,0.0,182
2023-05-10 21:02:36,SR311C6100,SR311C6100,737.0,0.0,0.0,0.0,1,372.5,1129.5,1,737.0,0.0,0.0,0.0,0.0,0.0,182
2023-05-10 21:02:37,SR311C6100,SR311C6100,737.0,0.0,0.0,0.0,10,373.0,1129.0,10,737.0,0.0,0.0,0.0,0.0,0.0,182
2023-05-10 21:02:42,SR311C6100,SR311C6100,737.0,0.0,0.0,0.0,1,374.5,1127.5,1,737.0,0.0,0.0,0.0,0.0,0.0,182
2023-05-10 21:02:43,SR311C6100,SR311C6100,737.0,0.0,0.0,0.0,10,375.0,1127.0,10,737.0,0.0,0.0,0.0,0.0,0.0,182
2023-05-10 21:02:43,SR311C6100,SR311C6100,737.0,0.0,0.0,0.0,1,376.5,1125.5,1,737.0,0.0,0.0,0.0,0.0,0.0,182
2023-05-10 21:02:44,SR311C6100,SR311C6100,737.0,0.0,0.0,0.0,10,377.0,1125.0,10,737.0,0.0,0.0,0.0,0.0,0.0,182
2023-05-10 21:02:46,SR311C6100,SR311C6100,737.0,0.0,0.0,0.0,1,378.5,1123.5,1,737.0,0.0,0.0,0.0,0.0,0.0,182
2023-05-10 21:02:47,SR311C6100,SR311C6100,737.0,0.0,0.0,0.0,10,379.0,1123.0,10,737.0,0.0,0.0,0.0,0.0,0.0,182
2023-05-10 21:02:47,SR311C6100,SR311C6100,737.0,0.0,0.0,0.0,1,380.5,1121.5,1,737.0,0.0,0.0,0.0,0.0,0.0,182
2023-05-10 21:02:48,SR311C6100,SR311C6100,737.0,0.0,0.0,0.0,10,381.0,1121.0,10,737.0,0.0,0.0,0.0,0.0,0.0,182
2023-05-10 21:02:48,SR311C6100,SR311C6100,737.0,0.0,0.0,0.0,1,382.5,1119.5,1,737.0,0.0,0.0,0.0,0.0,0.0,182
2023-05-10 21:02:49,SR311C6100,SR311C6100,737.0,0.0,0.0,0.0,10,383.0,1119.0,10,737.0,0.0,0.0,0.0,0.0,0.0,182
2023-05-10 21:02:51,SR311C6100,SR311C6100,737.0,0.0,0.0,0.0,1,384.5,1117.5,1,737.0,0.0,0.0,0.0,0.0,0.0,182
2023-05-10 21:02:52,SR311C6100,SR311C6100,737.0,0.0,0.0,0.0,10,385.0,1117.0,10,737.0,0.0,0.0,0.0,0.0,0.0,182
2023-05-10 21:02:54,SR311C6100,SR311C6100,737.0,0.0,0.0,0.0,1,386.5,1115.5,1,737.0,0.0,0.0,0.0,0.0,0.0,182
2023-05-10 21:02:55,SR311C6100,SR311C6100,737.0,0.0,0.0,0.0,10,387.0,1115.0,10,737.0,0.0,0.0,0.0,0.0,0.0,182
2023-05-10 21:02:59,SR311C6100,SR311C6100,737.0,0.0,0.0,0.0,1,388.5,1113.5,1,737.0,0.0,0.0,0.0,0.0,0.0,182
2023-05-10 21:03:00,SR311C6100,SR311C6100,737.0,0.0,0.0,0.0,10,389.0,1113.0,10,737.0,0.0,0.0,0.0,0.0,0.0,182
2023-05-10 21:03:00,SR311C6100,SR311C6100,737.0,0.0,0.0,0.0,1,390.5,1111.5,1,737.0,0.0,0.0,0.0,0.0,0.0,182
2023-05-10 21:03:01,SR311C6100,SR311C6100,737.0,0.0,0.0,0.0,10,391.0,1111.0,10,737.0,0.0,0.0,0.0,0.0,0.0,182
2023-05-10 21:03:03,SR311C6100,SR311C6100,737.0,0.0,0.0,0.0,1,392.5,1109.5,1,737.0,0.0,0.0,0.0,0.0,0.0,182
2023-05-10 21:03:04,SR311C6100,SR311C6100,737.0,0.0,0.0,0.0,10,393.0,1109.0,10,737.0,0.0,0.0,0.0,0.0,0.0,182
2023-05-10 21:03:08,SR311C6100,SR311C6100,737.0,0.0,0.0,0.0,10,395.0,1109.0,10,737.0,0.0,0.0,0.0,0.0,0.0,182
2023-05-10 21:03:09,SR311C6100,SR311C6100,737.0,0.0,0.0,0.0,1,396.5,1107.5,1,737.0,0.0,0.0,0.0,0.0,0.0,182
2023-05-10 21:03:09,SR311C6100,SR311C6100,737.0,0.0,0.0,0.0,10,397.0,1107.0,10,737.0,0.0,0.0,0.0,0.0,0.0,182
2023-05-10 21:03:10,SR311C6100,SR311C6100,737.0,0.0,0.0,0.0,1,398.5,1105.5,1,737.0,0.0,0.0,0.0,0.0,0.0,182
2023-05-10 21:03:10,SR311C6100,SR311C6100,737.0,0.0,0.0,0.0,10,399.0,1105.0,10,737.0,0.0,0.0,0.0,0.0,0.0,182
2023-05-10 21:03:13,SR311C6100,SR311C6100,737.0,0.0,0.0,0.0,1,400.5,1103.5,1,737.0,0.0,0.0,0.0,0.0,0.0,182
2023-05-10 21:03:13,SR311C6100,SR311C6100,737.0,0.0,0.0,0.0,10,401.0,1103.0,10,737.0,0.0,0.0,0.0,0.0,0.0,182
2023-05-10 21:03:14,SR311C6100,SR311C6100,737.0,0.0,0.0,0.0,1,402.5,1101.5,1,737.0,0.0,0.0,0.0,0.0,0.0,182
2023-05-10 21:03:14,SR311C6100,SR311C6100,737.0,0.0,0.0,0.0,10,403.0,1101.0,10,737.0,0.0,0.0,0.0,0.0,0.0,182
2023-05-10 21:03:15,SR311C6100,SR311C6100,737.0,0.0,0.0,0.0,1,404.5,1099.5,1,737.0,0.0,0.0,0.0,0.0,0.0,182
2023-05-10 21:03:15,SR311C6100,SR311C6100,737.0,0.0,0.0,0.0,10,405.0,1099.0,10,737.0,0.0,0.0,0.0,0.0,0.0,182
2023-05-10 21:03:16,SR311C6100,SR311C6100,737.0,0.0,0.0,0.0,1,406.5,1097.5,1,737.0,0.0,0.0,0.0,0.0,0.0,182
2023-05-10 21:03:16,SR311C6100,SR311C6100,737.0,0.0,0.0,0.0,10,407.0,1097.0,10,737.0,0.0,0.0,0.0,0.0,0.0,182
2023-05-10 21:03:17,SR311C6100,SR311C6100,737.0,0.0,0.0,0.0,1,408.5,1095.5,1,737.0,0.0,0.0,0.0,0.0,0.0,182
2023-05-10 21:03:17,SR311C6100,SR311C6100,737.0,0.0,0.0,0.0,10,409.0,1095.0,10,737.0,0.0,0.0,0.0,0.0,0.0,182
2023-05-10 21:03:19,SR311C6100,SR311C6100,737.0,0.0,0.0,0.0,1,410.5,1093.5,1,737.0,0.0,0.0,0.0,0.0,0.0,182
2023-05-10 21:03:19,SR311C6100,SR311C6100,737.0,0.0,0.0,0.0,10,411.0,1093.0,10,737.0,0.0,0.0,0.0,0.0,0.0,182
2023-05-10 21:03:20,SR311C6100,SR311C6100,737.0,0.0,0.0,0.0,1,412.5,1091.5,1,737.0,0.0,0.0,0.0,0.0,0.0,182
2023-05-10 21:03:20,SR311C6100,SR311C6100,737.0,0.0,0.0,0.0,10,413.0,1091.0,10,737.0,0.0,0.0,0.0,0.0,0.0,182
2023-05-10 21:03:22,SR311C6100,SR311C6100,737.0,0.0,0.0,0.0,1,414.5,1089.5,1,737.0,0.0,0.0,0.0,0.0,0.0,182
2023-05-10 21:03:22,SR311C6100,SR311C6100,737.0,0.0,0.0,0.0,10,415.0,1089.0,10,737.0,0.0,0.0,0.0,0.0,0.0,182
2023-05-10 21:03:24,SR311C6100,SR311C6100,737.0,0.0,0.0,0.0,1,416.5,1087.5,1,737.0,0.0,0.0,0.0,0.0,0.0,182
2023-05-10 21:03:24,SR311C6100,SR311C6100,737.0,0.0,0.0,0.0,10,417.0,1087.0,10,737.0,0.0,0.0,0.0,0.0,0.0,182
2023-05-10 21:03:29,SR311C6100,SR311C6100,737.0,0.0,0.0,0.0,1,418.5,1085.5,1,737.0,0.0,0.0,0.0,0.0,0.0,182
2023-05-10 21:03:29,SR311C6100,SR311C6100,737.0,0.0,0.0,0.0,10,419.0,1085.0,10,737.0,0.0,0.0,0.0,0.0,0.0,182
2023-05-10 21:03:32,SR311C6100,SR311C6100,737.0,0.0,0.0,0.0,1,420.5,1083.5,1,737.0,0.0,0.0,0.0,0.0,0.0,182
2023-05-10 21:03:32,SR311C6100,SR311C6100,737.0,0.0,0.0,0.0,10,421.0,1083.0,10,737.0,0.0,0.0,0.0,0.0,0.0,182
2023-05-10 21:03:35,SR311C6100,SR311C6100,737.0,0.0,0.0,0.0,1,422.5,1081.5,1,737.0,0.0,0.0,0.0,0.0,0.0,182
2023-05-10 21:03:35,SR311C6100,SR311C6100,737.0,0.0,0.0,0.0,10,423.0,1081.0,10,737.0,0.0,0.0,0.0,0.0,0.0,182
2023-05-10 21:03:36,SR311C6100,SR311C6100,737.0,0.0,0.0,0.0,1,424.5,1079.5,1,737.0,0.0,0.0,0.0,0.0,0.0,182
2023-05-10 21:03:36,SR311C6100,SR311C6100,737.0,0.0,0.0,0.0,10,425.0,1079.0,10,737.0,0.0,0.0,0.0,0.0,0.0,182
2023-05-10 21:03:42,SR311C6100,SR311C6100,737.0,0.0,0.0,0.0,1,426.5,1077.5,1,737.0,0.0,0.0,0.0,0.0,0.0,182
2023-05-10 21:03:42,SR311C6100,SR311C6100,737.0,0.0,0.0,0.0,10,427.0,1077.0,10,737.0,0.0,0.0,0.0,0.0,0.0,182
2023-05-10 21:03:44,SR311C6100,SR311C6100,737.0,0.0,0.0,0.0,1,428.5,1075.5,1,737.0,0.0,0.0,0.0,0.0,0.0,182
2023-05-10 21:03:44,SR311C6100,SR311C6100,737.0,0.0,0.0,0.0,10,429.0,1075.0,10,737.0,0.0,0.0,0.0,0.0,0.0,182
2023-05-10 21:03:45,SR311C6100,SR311C6100,737.0,0.0,0.0,0.0,1,430.5,1073.5,1,737.0,0.0,0.0,0.0,0.0,0.0,182
2023-05-10 21:03:45,SR311C6100,SR311C6100,737.0,0.0,0.0,0.0,10,431.0,1073.0,10,737.0,0.0,0.0,0.0,0.0,0.0,182
2023-05-10 21:03:46,SR311C6100,SR311C6100,737.0,0.0,0.0,0.0,1,432.5,1071.5,1,737.0,0.0,0.0,0.0,0.0,0.0,182
2023-05-10 21:03:46,SR311C6100,SR311C6100,737.0,0.0,0.0,0.0,10,433.0,1071.0,10,737.0,0.0,0.0,0.0,0.0,0.0,182
2023-05-10 21:03:47,SR311C6100,SR311C6100,737.0,0.0,0.0,0.0,1,434.5,1069.5,1,737.0,0.0,0.0,0.0,0.0,0.0,182
2023-05-10 21:03:47,SR311C6100,SR311C6100,737.0,0.0,0.0,0.0,10,435.0,1069.0,10,737.0,0.0,0.0,0.0,0.0,0.0,182
2023-05-10 21:03:50,SR311C6100,SR311C6100,737.0,0.0,0.0,0.0,1,436.5,1067.5,1,737.0,0.0,0.0,0.0,0.0,0.0,182
2023-05-10 21:03:50,SR311C6100,SR311C6100,737.0,0.0,0.0,0.0,10,437.0,1067.0,10,737.0,0.0,0.0,0.0,0.0,0.0,182
2023-05-10 21:03:51,SR311C6100,SR311C6100,737.0,0.0,0.0,0.0,1,438.5,1065.5,1,737.0,0.0,0.0,0.0,0.0,0.0,182
2023-05-10 21:03:51,SR311C6100,SR311C6100,737.0,0.0,0.0,0.0,10,439.0,1065.0,10,737.0,0.0,0.0,0.0,0.0,0.0,182
2023-05-10 21:03:53,SR311C6100,SR311C6100,737.0,0.0,0.0,0.0,1,440.5,1063.5,1,737.0,0.0,0.0,0.0,0.0,0.0,182
2023-05-10 21:03:53,SR311C6100,SR311C6100,737.0,0.0,0.0,0.0,10,441.0,1063.0,10,737.0,0.0,0.0,0.0,0.0,0.0,182
2023-05-10 21:03:54,SR311C6100,SR311C6100,737.0,0.0,0.0,0.0,1,442.5,1061.5,1,737.0,0.0,0.0,0.0,0.0,0.0,182
2023-05-10 21:03:54,SR311C6100,SR311C6100,737.0,0.0,0.0,0.0,10,443.0,1061.0,10,737.0,0.0,0.0,0.0,0.0,0.0,182
2023-05-10 21:03:55,SR311C6100,SR311C6100,737.0,0.0,0.0,0.0,1,444.5,1059.5,1,737.0,0.0,0.0,0.0,0.0,0.0,182
2023-05-10 21:03:55,SR311C6100,SR311C6100,737.0,0.0,0.0,0.0,10,445.0,1059.0,10,737.0,0.0,0.0,0.0,0.0,0.0,182
2023-05-10 21:04:02,SR311C6100,SR311C6100,737.0,0.0,0.0,0.0,1,446.5,1057.5,1,737.0,0.0,0.0,0.0,0.0,0.0,182
2023-05-10 21:04:02,SR311C6100,SR311C6100,737.0,0.0,0.0,0.0,10,447.0,1057.0,10,737.0,0.0,0.0,0.0,0.0,0.0,182
2023-05-10 21:04:06,SR311C6100,SR311C6100,737.0,0.0,0.0,0.0,1,448.5,1055.5,1,737.0,0.0,0.0,0.0,0.0,0.0,182
2023-05-10 21:04:06,SR311C6100,SR311C6100,737.0,0.0,0.0,0.0,10,449.0,1055.0,10,737.0,0.0,0.0,0.0,0.0,0.0,182
2023-05-10 21:04:07,SR311C6100,SR311C6100,737.0,0.0,0.0,0.0,1,450.5,1053.5,1,737.0,0.0,0.0,0.0,0.0,0.0,182
2023-05-10 21:04:07,SR311C6100,SR311C6100,737.0,0.0,0.0,0.0,10,451.0,1053.0,10,737.0,0.0,0.0,0.0,0.0,0.0,182
2023-05-10 21:04:08,SR311C6100,SR311C6100,737.0,0.0,0.0,0.0,1,452.5,1051.5,1,737.0,0.0,0.0,0.0,0.0,0.0,182
2023-05-10 21:04:08,SR311C6100,SR311C6100,737.0,0.0,0.0,0.0,10,453.0,1051.0,10,737.0,0.0,0.0,0.0,0.0,0.0,182
2023-05-10 21:04:09,SR311C6100,SR311C6100,737.0,0.0,0.0,0.0,1,454.5,1049.5,1,737.0,0.0,0.0,0.0,0.0,0.0,182
2023-05-10 21:04:09,SR311C6100,SR311C6100,737.0,0.0,0.0,0.0,10,455.0,1049.0,10,737.0,0.0,0.0,0.0,0.0,0.0,182
2023-05-10 21:04:16,SR311C6100,SR311C6100,737.0,0.0,0.0,0.0,1,456.5,1049.0,10,737.0,0.0,0.0,0.0,0.0,0.0,182
2023-05-10 21:04:16,SR311C6100,SR311C6100,737.0,0.0,0.0,0.0,10,457.0,1049.0,10,737.0,0.0,0.0,0.0,0.0,0.0,182
2023-05-10 21:04:20,SR311C6100,SR311C6100,737.0,0.0,0.0,0.0,1,458.5,1047.5,1,737.0,0.0,0.0,0.0,0.0,0.0,182
2023-05-10 21:04:20,SR311C6100,SR311C6100,737.0,0.0,0.0,0.0,10,459.0,1047.0,10,737.0,0.0,0.0,0.0,0.0,0.0,182
2023-05-10 21:04:24,SR311C6100,SR311C6100,737.0,0.0,0.0,0.0,1,460.5,1045.5,1,737.0,0.0,0.0,0.0,0.0,0.0,182
2023-05-10 21:04:24,SR311C6100,SR311C6100,737.0,0.0,0.0,0.0,10,461.0,1045.0,10,737.0,0.0,0.0,0.0,0.0,0.0,182
2023-05-10 21:04:25,SR311C6100,SR311C6100,737.0,0.0,0.0,0.0,1,462.5,1043.5,1,737.0,0.0,0.0,0.0,0.0,0.0,182
2023-05-10 21:04:25,SR311C6100,SR311C6100,737.0,0.0,0.0,0.0,10,463.0,1043.0,10,737.0,0.0,0.0,0.0,0.0,0.0,182
2023-05-10 21:04:26,SR311C6100,SR311C6100,737.0,0.0,0.0,0.0,1,464.5,1041.5,1,737.0,0.0,0.0,0.0,0.0,0.0,182
2023-05-10 21:04:26,SR311C6100,SR311C6100,737.0,0.0,0.0,0.0,10,465.0,1041.0,10,737.0,0.0,0.0,0.0,0.0,0.0,182
2023-05-10 21:04:31,SR311C6100,SR311C6100,737.0,0.0,0.0,0.0,1,466.5,1039.5,1,737.0,0.0,0.0,0.0,0.0,0.0,182
2023-05-10 21:04:31,SR311C6100,SR311C6100,737.0,0.0,0.0,0.0,10,467.0,1039.0,10,737.0,0.0,0.0,0.0,0.0,0.0,182
2023-05-10 21:04:32,SR311C6100,SR311C6100,737.0,0.0,0.0,0.0,1,468.5,1037.5,1,737.0,0.0,0.0,0.0,0.0,0.0,182
2023-05-10 21:04:32,SR311C6100,SR311C6100,737.0,0.0,0.0,0.0,10,469.0,1037.0,10,737.0,0.0,0.0,0.0,0.0,0.0,182
2023-05-10 21:04:36,SR311C6100,SR311C6100,737.0,0.0,0.0,0.0,1,470.5,1035.5,1,737.0,0.0,0.0,0.0,0.0,0.0,182
2023-05-10 21:04:36,SR311C6100,SR311C6100,737.0,0.0,0.0,0.0,10,471.0,1035.0,10,737.0,0.0,0.0,0.0,0.0,0.0,182
2023-05-10 21:04:39,SR311C6100,SR311C6100,737.0,0.0,0.0,0.0,1,472.5,1033.5,1,737.0,0.0,0.0,0.0,0.0,0.0,182
2023-05-10 21:04:39,SR311C6100,SR311C6100,737.0,0.0,0.0,0.0,10,473.0,1033.0,10,737.0,0.0,0.0,0.0,0.0,0.0,182
2023-05-10 21:04:43,SR311C6100,SR311C6100,737.0,0.0,0.0,0.0,1,474.5,1031.5,1,737.0,0.0,0.0,0.0,0.0,0.0,182
2023-05-10 21:04:43,SR311C6100,SR311C6100,737.0,0.0,0.0,0.0,10,475.0,1031.0,10,737.0,0.0,0.0,0.0,0.0,0.0,182
2023-05-10 21:04:47,SR311C6100,SR311C6100,737.0,0.0,0.0,0.0,1,476.5,1029.5,1,737.0,0.0,0.0,0.0,0.0,0.0,182
2023-05-10 21:04:47,SR311C6100,SR311C6100,737.0,0.0,0.0,0.0,10,477.0,1029.0,10,737.0,0.0,0.0,0.0,0.0,0.0,182
2023-05-10 21:04:52,SR311C6100,SR311C6100,737.0,0.0,0.0,0.0,1,478.5,1027.5,1,737.0,0.0,0.0,0.0,0.0,0.0,182
2023-05-10 21:04:52,SR311C6100,SR311C6100,737.0,0.0,0.0,0.0,10,479.0,1027.0,10,737.0,0.0,0.0,0.0,0.0,0.0,182
2023-05-10 21:04:56,SR311C6100,SR311C6100,737.0,0.0,0.0,0.0,1,480.5,1025.5,1,737.0,0.0,0.0,0.0,0.0,0.0,182
2023-05-10 21:04:56,SR311C6100,SR311C6100,737.0,0.0,0.0,0.0,10,481.0,1025.0,10,737.0,0.0,0.0,0.0,0.0,0.0,182
2023-05-10 21:04:57,SR311C6100,SR311C6100,737.0,0.0,0.0,0.0,1,482.5,1023.5,1,737.0,0.0,0.0,0.0,0.0,0.0,182
2023-05-10 21:04:57,SR311C6100,SR311C6100,737.0,0.0,0.0,0.0,10,483.0,1023.0,10,737.0,0.0,0.0,0.0,0.0,0.0,182
2023-05-10 21:05:02,SR311C6100,SR311C6100,737.0,0.0,0.0,0.0,1,484.5,1021.5,1,737.0,0.0,0.0,0.0,0.0,0.0,182
2023-05-10 21:05:02,SR311C6100,SR311C6100,737.0,0.0,0.0,0.0,10,485.0,1021.0,10,737.0,0.0,0.0,0.0,0.0,0.0,182
2023-05-10 21:05:06,SR311C6100,SR311C6100,737.0,0.0,0.0,0.0,1,486.5,1019.5,1,737.0,0.0,0.0,0.0,0.0,0.0,182
2023-05-10 21:05:06,SR311C6100,SR311C6100,737.0,0.0,0.0,0.0,10,487.0,1019.0,10,737.0,0.0,0.0,0.0,0.0,0.0,182
2023-05-10 21:05:08,SR311C6100,SR311C6100,737.0,0.0,0.0,0.0,1,488.5,1017.5,1,737.0,0.0,0.0,0.0,0.0,0.0,182
2023-05-10 21:05:08,SR311C6100,SR311C6100,737.0,0.0,0.0,0.0,10,489.0,1017.0,10,737.0,0.0,0.0,0.0,0.0,0.0,182
2023-05-10 21:05:10,SR311C6100,SR311C6100,737.0,0.0,0.0,0.0,1,490.5,1015.5,1,737.0,0.0,0.0,0.0,0.0,0.0,182
2023-05-10 21:05:10,SR311C6100,SR311C6100,737.0,0.0,0.0,0.0,10,491.0,1015.0,10,737.0,0.0,0.0,0.0,0.0,0.0,182
2023-05-10 21:05:11,SR311C6100,SR311C6100,737.0,0.0,0.0,0.0,1,492.5,1013.5,1,737.0,0.0,0.0,0.0,0.0,0.0,182
2023-05-10 21:05:11,SR311C6100,SR311C6100,737.0,0.0,0.0,0.0,10,493.0,1013.0,10,737.0,0.0,0.0,0.0,0.0,0.0,182
2023-05-10 21:05:12,SR311C6100,SR311C6100,737.0,0.0,0.0,0.0,1,494.5,1011.5,1,737.0,0.0,0.0,0.0,0.0,0.0,182
2023-05-10 21:05:12,SR311C6100,SR311C6100,737.0,0.0,0.0,0.0,10,495.0,1011.0,10,737.0,0.0,0.0,0.0,0.0,0.0,182
2023-05-10 21:05:13,SR311C6100,SR311C6100,737.0,0.0,0.0,0.0,1,496.5,1009.5,1,737.0,0.0,0.0,0.0,0.0,0.0,182
2023-05-10 21:05:13,SR311C6100,SR311C6100,737.0,0.0,0.0,0.0,10,497.0,1009.0,10,737.0,0.0,0.0,0.0,0.0,0.0,182
2023-05-10 21:05:17,SR311C6100,SR311C6100,737.0,0.0,0.0,0.0,1,498.5,1007.5,1,737.0,0.0,0.0,0.0,0.0,0.0,182
2023-05-10 21:05:17,SR311C6100,SR311C6100,737.0,0.0,0.0,0.0,10,499.0,1007.0,10,737.0,0.0,0.0,0.0,0.0,0.0,182
2023-05-10 21:05:22,SR311C6100,SR311C6100,737.0,0.0,0.0,0.0,1,500.5,1005.5,1,737.0,0.0,0.0,0.0,0.0,0.0,182
2023-05-10 21:05:22,SR311C6100,SR311C6100,737.0,0.0,0.0,0.0,10,501.0,1005.0,10,737.0,0.0,0.0,0.0,0.0,0.0,182
2023-05-10 21:05:27,SR311C6100,SR311C6100,737.0,0.0,0.0,0.0,1,502.5,1003.5,1,737.0,0.0,0.0,0.0,0.0,0.0,182
2023-05-10 21:05:27,SR311C6100,SR311C6100,737.0,0.0,0.0,0.0,10,503.0,1003.0,10,737.0,0.0,0.0,0.0,0.0,0.0,182
2023-05-10 21:05:29,SR311C6100,SR311C6100,737.0,0.0,0.0,0.0,1,504.5,1001.5,1,737.0,0.0,0.0,0.0,0.0,0.0,182
2023-05-10 21:05:29,SR311C6100,SR311C6100,737.0,0.0,0.0,0.0,10,505.0,1001.0,10,737.0,0.0,0.0,0.0,0.0,0.0,182
2023-05-10 21:05:30,SR311C6100,SR311C6100,737.0,0.0,0.0,0.0,1,506.5,999.5,1,737.0,0.0,0.0,0.0,0.0,0.0,182
2023-05-10 21:05:30,SR311C6100,SR311C6100,737.0,0.0,0.0,0.0,10,507.0,999.0,10,737.0,0.0,0.0,0.0,0.0,0.0,182
2023-05-10 21:05:31,SR311C6100,SR311C6100,737.0,0.0,0.0,0.0,1,508.5,997.5,1,737.0,0.0,0.0,0.0,0.0,0.0,182
2023-05-10 21:05:31,SR311C6100,SR311C6100,737.0,0.0,0.0,0.0,10,509.0,997.0,10,737.0,0.0,0.0,0.0,0.0,0.0,182
2023-05-10 21:05:32,SR311C6100,SR311C6100,737.0,0.0,0.0,0.0,1,510.5,995.5,1,737.0,0.0,0.0,0.0,0.0,0.0,182
2023-05-10 21:05:32,SR311C6100,SR311C6100,737.0,0.0,0.0,0.0,10,511.0,995.0,10,737.0,0.0,0.0,0.0,0.0,0.0,182
2023-05-10 21:05:33,SR311C6100,SR311C6100,737.0,0.0,0.0,0.0,1,512.5,993.5,1,737.0,0.0,0.0,0.0,0.0,0.0,182
2023-05-10 21:05:33,SR311C6100,SR311C6100,737.0,0.0,0.0,0.0,10,513.0,993.0,10,737.0,0.0,0.0,0.0,0.0,0.0,182
2023-05-10 21:05:34,SR311C6100,SR311C6100,737.0,0.0,0.0,0.0,1,514.5,991.5,1,737.0,0.0,0.0,0.0,0.0,0.0,182
2023-05-10 21:05:34,SR311C6100,SR311C6100,737.0,0.0,0.0,0.0,10,515.0,991.0,10,737.0,0.0,0.0,0.0,0.0,0.0,182
2023-05-10 21:05:35,SR311C6100,SR311C6100,737.0,0.0,0.0,0.0,1,516.5,989.5,1,737.0,0.0,0.0,0.0,0.0,0.0,182
2023-05-10 21:05:35,SR311C6100,SR311C6100,737.0,0.0,0.0,0.0,10,517.0,989.0,10,737.0,0.0,0.0,0.0,0.0,0.0,182
2023-05-10 21:05:40,SR311C6100,SR311C6100,737.0,0.0,0.0,0.0,1,518.5,987.5,1,737.0,0.0,0.0,0.0,0.0,0.0,182
2023-05-10 21:05:40,SR311C6100,SR311C6100,737.0,0.0,0.0,0.0,10,519.0,987.0,10,737.0,0.0,0.0,0.0,0.0,0.0,182
2023-05-10 21:05:43,SR311C6100,SR311C6100,737.0,0.0,0.0,0.0,1,520.5,985.5,1,737.0,0.0,0.0,0.0,0.0,0.0,182
2023-05-10 21:05:43,SR311C6100,SR311C6100,737.0,0.0,0.0,0.0,10,521.0,985.0,10,737.0,0.0,0.0,0.0,0.0,0.0,182
2023-05-10 21:05:45,SR311C6100,SR311C6100,737.0,0.0,0.0,0.0,1,522.5,985.0,10,737.0,0.0,0.0,0.0,0.0,0.0,182
2023-05-10 21:05:45,SR311C6100,SR311C6100,737.0,0.0,0.0,0.0,10,523.0,985.0,10,737.0,0.0,0.0,0.0,0.0,0.0,182
2023-05-10 21:05:48,SR311C6100,SR311C6100,737.0,0.0,0.0,0.0,1,524.5,983.5,1,737.0,0.0,0.0,0.0,0.0,0.0,182
2023-05-10 21:05:48,SR311C6100,SR311C6100,737.0,0.0,0.0,0.0,10,525.0,983.0,10,737.0,0.0,0.0,0.0,0.0,0.0,182
2023-05-10 21:05:49,SR311C6100,SR311C6100,737.0,0.0,0.0,0.0,1,526.5,981.5,1,737.0,0.0,0.0,0.0,0.0,0.0,182
2023-05-10 21:05:49,SR311C6100,SR311C6100,737.0,0.0,0.0,0.0,10,527.0,981.0,10,737.0,0.0,0.0,0.0,0.0,0.0,182
2023-05-10 21:05:52,SR311C6100,SR311C6100,737.0,0.0,0.0,0.0,1,528.5,979.5,1,737.0,0.0,0.0,0.0,0.0,0.0,182
2023-05-10 21:05:52,SR311C6100,SR311C6100,737.0,0.0,0.0,0.0,10,529.0,979.0,10,737.0,0.0,0.0,0.0,0.0,0.0,182
2023-05-10 21:05:53,SR311C6100,SR311C6100,737.0,0.0,0.0,0.0,1,530.5,977.5,1,737.0,0.0,0.0,0.0,0.0,0.0,182
2023-05-10 21:05:53,SR311C6100,SR311C6100,737.0,0.0,0.0,0.0,10,531.0,977.0,10,737.0,0.0,0.0,0.0,0.0,0.0,182
2023-05-10 21:05:54,SR311C6100,SR311C6100,737.0,0.0,0.0,0.0,1,532.5,975.5,1,737.0,0.0,0.0,0.0,0.0,0.0,182
2023-05-10 21:05:54,SR311C6100,SR311C6100,737.0,0.0,0.0,0.0,10,533.0,975.0,10,737.0,0.0,0.0,0.0,0.0,0.0,182
2023-05-10 21:05:54,SR311C6100,SR311C6100,737.0,0.0,0.0,0.0,1,532.5,975.5,1,737.0,0.0,0.0,0.0,0.0,0.0,182
2023-05-10 21:05:54,SR311C6100,SR311C6100,737.0,0.0,0.0,0.0,10,533.0,975.0,10,737.0,0.0,0.0,0.0,0.0,0.0,182
2023-05-10 21:15:58,SR311C6100,SR311C6100,737.0,0.0,0.0,0.0,1,534.5,973.5,1,737.0,0.0,0.0,0.0,0.0,0.0,182
2023-05-10 21:15:58,SR311C6100,SR311C6100,737.0,0.0,0.0,0.0,10,535.0,973.0,10,737.0,0.0,0.0,0.0,0.0,0.0,182
2023-05-10 21:15:59,SR311C6100,SR311C6100,737.0,0.0,0.0,0.0,1,536.5,971.5,1,737.0,0.0,0.0,0.0,0.0,0.0,182
2023-05-10 21:15:59,SR311C6100,SR311C6100,737.0,0.0,0.0,0.0,10,537.0,971.0,10,737.0,0.0,0.0,0.0,0.0,0.0,182
2023-05-10 21:16:00,SR311C6100,SR311C6100,737.0,0.0,0.0,0.0,1,538.5,969.5,1,737.0,0.0,0.0,0.0,0.0,0.0,182
2023-05-10 21:16:00,SR311C6100,SR311C6100,737.0,0.0,0.0,0.0,10,539.0,969.0,10,737.0,0.0,0.0,0.0,0.0,0.0,182
2023-05-10 21:16:01,SR311C6100,SR311C6100,737.0,0.0,0.0,0.0,1,540.5,967.5,1,737.0,0.0,0.0,0.0,0.0,0.0,182
2023-05-10 21:16:01,SR311C6100,SR311C6100,737.0,0.0,0.0,0.0,10,541.0,967.0,10,737.0,0.0,0.0,0.0,0.0,0.0,182
2023-05-10 21:16:02,SR311C6100,SR311C6100,737.0,0.0,0.0,0.0,1,542.5,965.5,1,737.0,0.0,0.0,0.0,0.0,0.0,182
2023-05-10 21:16:02,SR311C6100,SR311C6100,737.0,0.0,0.0,0.0,10,543.0,965.0,10,737.0,0.0,0.0,0.0,0.0,0.0,182
2023-05-10 21:35:58,SR311C6100,SR311C6100,737.0,0.0,0.0,0.0,1,544.5,963.5,1,737.0,0.0,0.0,0.0,0.0,0.0,182
2023-05-10 21:35:58,SR311C6100,SR311C6100,737.0,0.0,0.0,0.0,10,545.0,963.0,10,737.0,0.0,0.0,0.0,0.0,0.0,182
2023-05-10 21:35:59,SR311C6100,SR311C6100,737.0,0.0,0.0,0.0,1,546.5,961.5,1,737.0,0.0,0.0,0.0,0.0,0.0,182
2023-05-10 21:35:59,SR311C6100,SR311C6100,737.0,0.0,0.0,0.0,10,547.0,961.0,10,737.0,0.0,0.0,0.0,0.0,0.0,182
2023-05-10 21:36:00,SR311C6100,SR311C6100,737.0,0.0,0.0,0.0,1,548.5,959.5,1,737.0,0.0,0.0,0.0,0.0,0.0,182
2023-05-10 21:36:00,SR311C6100,SR311C6100,737.0,0.0,0.0,0.0,10,549.0,959.0,10,737.0,0.0,0.0,0.0,0.0,0.0,182
2023-05-10 21:36:01,SR311C6100,SR311C6100,737.0,0.0,0.0,0.0,1,550.5,957.5,1,737.0,0.0,0.0,0.0,0.0,0.0,182
2023-05-10 21:36:01,SR311C6100,SR311C6100,737.0,0.0,0.0,0.0,10,551.0,957.0,10,737.0,0.0,0.0,0.0,0.0,0.0,182
2023-05-10 21:36:02,SR311C6100,SR311C6100,737.0,0.0,0.0,0.0,10,553.0,955.0,10,737.0,0.0,0.0,0.0,0.0,0.0,182
2023-05-10 21:44:44,SR311C6100,SR311C6100,737.0,0.0,0.0,0.0,1,356.5,0.0,0,737.0,0.0,0.0,0.0,0.0,0.0,182
2023-05-10 21:46:07,SR311C6100,SR311C6100,737.0,0.0,0.0,0.0,10,357.0,0.0,0,737.0,0.0,0.0,0.0,0.0,0.0,182
2023-05-10 21:46:08,SR311C6100,SR311C6100,737.0,0.0,0.0,0.0,1,358.5,1143.0,10,737.0,0.0,0.0,0.0,0.0,0.0,182
2023-05-10 21:46:08,SR311C6100,SR311C6100,737.0,0.0,0.0,0.0,10,359.0,1143.0,10,737.0,0.0,0.0,0.0,0.0,0.0,182
2023-05-10 21:46:11,SR311C6100,SR311C6100,737.0,0.0,0.0,0.0,1,360.5,1141.5,1,737.0,0.0,0.0,0.0,0.0,0.0,182
2023-05-10 21:46:11,SR311C6100,SR311C6100,737.0,0.0,0.0,0.0,10,361.0,1141.0,10,737.0,0.0,0.0,0.0,0.0,0.0,182
2023-05-10 21:46:14,SR311C6100,SR311C6100,737.0,0.0,0.0,0.0,1,362.5,1139.5,1,737.0,0.0,0.0,0.0,0.0,0.0,182
2023-05-10 21:46:14,SR311C6100,SR311C6100,737.0,0.0,0.0,0.0,10,363.0,1139.0,10,737.0,0.0,0.0,0.0,0.0,0.0,182
2023-05-10 21:46:15,SR311C6100,SR311C6100,737.0,0.0,0.0,0.0,1,364.5,1137.5,1,737.0,0.0,0.0,0.0,0.0,0.0,182
2023-05-10 21:46:15,SR311C6100,SR311C6100,737.0,0.0,0.0,0.0,10,365.0,1137.0,10,737.0,0.0,0.0,0.0,0.0,0.0,182
2023-05-10 22:05:58,SR311C6100,SR311C6100,737.0,0.0,0.0,0.0,1,366.5,1135.5,1,737.0,0.0,0.0,0.0,0.0,0.0,182
2023-05-10 22:05:58,SR311C6100,SR311C6100,737.0,0.0,0.0,0.0,10,367.0,1135.0,10,737.0,0.0,0.0,0.0,0.0,0.0,182
2023-05-10 22:05:59,SR311C6100,SR311C6100,737.0,0.0,0.0,0.0,1,368.5,1133.5,1,737.0,0.0,0.0,0.0,0.0,0.0,182
2023-05-10 22:05:59,SR311C6100,SR311C6100,737.0,0.0,0.0,0.0,10,369.0,1133.0,10,737.0,0.0,0.0,0.0,0.0,0.0,182
2023-05-10 22:06:00,SR311C6100,SR311C6100,737.0,0.0,0.0,0.0,1,370.5,1131.5,1,737.0,0.0,0.0,0.0,0.0,0.0,182
2023-05-10 22:06:00,SR311C6100,SR311C6100,737.0,0.0,0.0,0.0,10,371.0,1131.0,10,737.0,0.0,0.0,0.0,0.0,0.0,182
2023-05-10 22:06:01,SR311C6100,SR311C6100,737.0,0.0,0.0,0.0,1,372.5,1129.5,1,737.0,0.0,0.0,0.0,0.0,0.0,182
2023-05-10 22:06:01,SR311C6100,SR311C6100,737.0,0.0,0.0,0.0,10,373.0,1129.0,10,737.0,0.0,0.0,0.0,0.0,0.0,182
2023-05-10 22:06:02,SR311C6100,SR311C6100,737.0,0.0,0.0,0.0,1,374.5,1127.5,1,737.0,0.0,0.0,0.0,0.0,0.0,182
2023-05-10 22:06:02,SR311C6100,SR311C6100,737.0,0.0,0.0,0.0,10,375.0,1127.0,10,737.0,0.0,0.0,0.0,0.0,0.0,182
2023-05-10 22:06:03,SR311C6100,SR311C6100,737.0,0.0,0.0,0.0,1,376.5,1125.5,1,737.0,0.0,0.0,0.0,0.0,0.0,182
2023-05-10 22:06:03,SR311C6100,SR311C6100,737.0,0.0,0.0,0.0,10,377.0,1125.0,10,737.0,0.0,0.0,0.0,0.0,0.0,182
2023-05-10 22:23:02,SR311C6100,SR311C6100,737.0,0.0,0.0,0.0,1,356.5,0.0,0,737.0,0.0,0.0,0.0,0.0,0.0,182
2023-05-10 22:23:46,SR311C6100,SR311C6100,737.0,0.0,0.0,0.0,10,357.0,0.0,0,737.0,0.0,0.0,0.0,0.0,0.0,182
2023-05-10 22:26:29,SR311C6100,SR311C6100,737.0,0.0,0.0,0.0,1,356.5,0.0,0,737.0,0.0,0.0,0.0,0.0,0.0,182
2023-05-10 22:27:07,SR311C6100,SR311C6100,737.0,0.0,0.0,0.0,10,357.0,0.0,0,737.0,0.0,0.0,0.0,0.0,0.0,182
2023-05-10 22:57:35,SR311C6100,SR311C6100,737.0,0.0,0.0,0.0,1,356.5,0.0,0,737.0,0.0,0.0,0.0,0.0,0.0,182
2023-05-10 22:59:09,SR311C6100,SR311C6100,737.0,0.0,0.0,0.0,0,0.0,0.0,0,737.0,0.0,0.0,0.0,0.0,0.0,182
2023-05-11 09:02:10,SR311C6100,SR311C6100,737.0,0.0,0.0,0.0,10,331.0,1143.5,1,737.0,0.0,0.0,0.0,0.0,0.0,182
2023-05-11 09:02:10,SR311C6100,SR311C6100,737.0,0.0,0.0,0.0,1,332.5,1143.0,10,737.0,0.0,0.0,0.0,0.0,0.0,182
2023-05-11 09:02:10,SR311C6100,SR311C6100,737.0,0.0,0.0,0.0,10,333.0,1141.5,1,737.0,0.0,0.0,0.0,0.0,0.0,182
2023-05-11 09:02:11,SR311C6100,SR311C6100,737.0,0.0,0.0,0.0,10,333.0,1141.0,10,737.0,0.0,0.0,0.0,0.0,0.0,182
2023-05-11 09:02:11,SR311C6100,SR311C6100,737.0,0.0,0.0,0.0,1,334.5,1141.0,10,737.0,0.0,0.0,0.0,0.0,0.0,182
2023-05-11 09:02:12,SR311C6100,SR311C6100,737.0,0.0,0.0,0.0,10,335.0,1141.0,10,737.0,0.0,0.0,0.0,0.0,0.0,182
2023-05-11 09:02:17,SR311C6100,SR311C6100,737.0,0.0,0.0,0.0,1,336.5,1139.5,1,737.0,0.0,0.0,0.0,0.0,0.0,182
2023-05-11 09:02:17,SR311C6100,SR311C6100,737.0,0.0,0.0,0.0,10,337.0,1139.0,10,737.0,0.0,0.0,0.0,0.0,0.0,182
2023-05-11 09:02:21,SR311C6100,SR311C6100,737.0,0.0,0.0,0.0,1,338.5,1137.5,1,737.0,0.0,0.0,0.0,0.0,0.0,182
2023-05-11 09:02:21,SR311C6100,SR311C6100,737.0,0.0,0.0,0.0,10,339.0,1137.0,10,737.0,0.0,0.0,0.0,0.0,0.0,182
2023-05-11 09:02:22,SR311C6100,SR311C6100,737.0,0.0,0.0,0.0,10,339.0,1135.5,1,737.0,0.0,0.0,0.0,0.0,0.0,182
2023-05-11 09:02:22,SR311C6100,SR311C6100,737.0,0.0,0.0,0.0,10,339.0,1135.0,10,737.0,0.0,0.0,0.0,0.0,0.0,182
2023-05-11 09:02:26,SR311C6100,SR311C6100,737.0,0.0,0.0,0.0,1,340.5,1133.5,1,737.0,0.0,0.0,0.0,0.0,0.0,182
2023-05-11 09:02:26,SR311C6100,SR311C6100,737.0,0.0,0.0,0.0,10,341.0,1133.0,10,737.0,0.0,0.0,0.0,0.0,0.0,182
2023-05-11 09:02:31,SR311C6100,SR311C6100,737.0,0.0,0.0,0.0,1,342.5,1131.5,1,737.0,0.0,0.0,0.0,0.0,0.0,182
2023-05-11 09:02:31,SR311C6100,SR311C6100,737.0,0.0,0.0,0.0,10,343.0,1131.0,10,737.0,0.0,0.0,0.0,0.0,0.0,182
2023-05-11 09:02:36,SR311C6100,SR311C6100,737.0,0.0,0.0,0.0,1,344.5,1129.5,1,737.0,0.0,0.0,0.0,0.0,0.0,182
2023-05-11 09:02:36,SR311C6100,SR311C6100,737.0,0.0,0.0,0.0,10,345.0,1129.0,10,737.0,0.0,0.0,0.0,0.0,0.0,182
2023-05-11 09:02:37,SR311C6100,SR311C6100,737.0,0.0,0.0,0.0,1,346.5,1127.5,1,737.0,0.0,0.0,0.0,0.0,0.0,182
2023-05-11 09:02:37,SR311C6100,SR311C6100,737.0,0.0,0.0,0.0,10,347.0,1127.0,10,737.0,0.0,0.0,0.0,0.0,0.0,182
2023-05-11 09:02:39,SR311C6100,SR311C6100,737.0,0.0,0.0,0.0,1,348.5,1125.5,1,737.0,0.0,0.0,0.0,0.0,0.0,182
2023-05-11 09:02:40,SR311C6100,SR311C6100,737.0,0.0,0.0,0.0,10,349.0,1125.0,10,737.0,0.0,0.0,0.0,0.0,0.0,182
2023-05-11 09:02:42,SR311C6100,SR311C6100,737.0,0.0,0.0,0.0,1,350.5,1123.5,1,737.0,0.0,0.0,0.0,0.0,0.0,182
2023-05-11 09:02:42,SR311C6100,SR311C6100,737.0,0.0,0.0,0.0,10,351.0,1123.0,10,737.0,0.0,0.0,0.0,0.0,0.0,182
2023-05-11 09:02:43,SR311C6100,SR311C6100,737.0,0.0,0.0,0.0,1,352.5,1121.5,1,737.0,0.0,0.0,0.0,0.0,0.0,182
2023-05-11 09:02:43,SR311C6100,SR311C6100,737.0,0.0,0.0,0.0,10,353.0,1121.0,10,737.0,0.0,0.0,0.0,0.0,0.0,182
2023-05-11 09:02:44,SR311C6100,SR311C6100,737.0,0.0,0.0,0.0,1,354.5,1119.5,1,737.0,0.0,0.0,0.0,0.0,0.0,182
2023-05-11 09:02:44,SR311C6100,SR311C6100,737.0,0.0,0.0,0.0,10,355.0,1119.0,10,737.0,0.0,0.0,0.0,0.0,0.0,182
2023-05-11 09:02:47,SR311C6100,SR311C6100,737.0,0.0,0.0,0.0,1,356.5,1117.5,1,737.0,0.0,0.0,0.0,0.0,0.0,182
2023-05-11 09:02:48,SR311C6100,SR311C6100,737.0,0.0,0.0,0.0,10,357.0,1117.0,10,737.0,0.0,0.0,0.0,0.0,0.0,182
2023-05-11 09:02:48,SR311C6100,SR311C6100,737.0,0.0,0.0,0.0,1,358.5,1117.0,10,737.0,0.0,0.0,0.0,0.0,0.0,182
2023-05-11 09:02:48,SR311C6100,SR311C6100,737.0,0.0,0.0,0.0,10,359.0,1115.5,1,737.0,0.0,0.0,0.0,0.0,0.0,182
2023-05-11 09:02:49,SR311C6100,SR311C6100,737.0,0.0,0.0,0.0,10,359.0,1115.0,10,737.0,0.0,0.0,0.0,0.0,0.0,182
2023-05-11 09:02:50,SR311C6100,SR311C6100,737.0,0.0,0.0,0.0,1,360.5,1113.5,1,737.0,0.0,0.0,0.0,0.0,0.0,182
2023-05-11 09:02:50,SR311C6100,SR311C6100,737.0,0.0,0.0,0.0,10,361.0,1113.0,10,737.0,0.0,0.0,0.0,0.0,0.0,182
2023-05-11 09:02:55,SR311C6100,SR311C6100,737.0,0.0,0.0,0.0,1,362.5,1111.5,1,737.0,0.0,0.0,0.0,0.0,0.0,182
2023-05-11 09:02:55,SR311C6100,SR311C6100,737.0,0.0,0.0,0.0,10,363.0,1111.0,10,737.0,0.0,0.0,0.0,0.0,0.0,182
2023-05-11 09:02:56,SR311C6100,SR311C6100,737.0,0.0,0.0,0.0,1,364.5,1109.5,1,737.0,0.0,0.0,0.0,0.0,0.0,182
2023-05-11 09:02:56,SR311C6100,SR311C6100,737.0,0.0,0.0,0.0,10,365.0,1109.0,10,737.0,0.0,0.0,0.0,0.0,0.0,182
2023-05-11 09:02:57,SR311C6100,SR311C6100,737.0,0.0,0.0,0.0,1,366.5,1107.5,1,737.0,0.0,0.0,0.0,0.0,0.0,182
2023-05-11 09:02:57,SR311C6100,SR311C6100,737.0,0.0,0.0,0.0,10,367.0,1107.0,10,737.0,0.0,0.0,0.0,0.0,0.0,182
2023-05-11 09:02:58,SR311C6100,SR311C6100,737.0,0.0,0.0,0.0,1,368.5,1105.5,1,737.0,0.0,0.0,0.0,0.0,0.0,182
2023-05-11 09:02:58,SR311C6100,SR311C6100,737.0,0.0,0.0,0.0,10,369.0,1105.0,10,737.0,0.0,0.0,0.0,0.0,0.0,182
2023-05-11 09:03:04,SR311C6100,SR311C6100,737.0,0.0,0.0,0.0,1,370.5,1103.5,1,737.0,0.0,0.0,0.0,0.0,0.0,182
2023-05-11 09:03:04,SR311C6100,SR311C6100,737.0,0.0,0.0,0.0,10,371.0,1103.0,10,737.0,0.0,0.0,0.0,0.0,0.0,182
2023-05-11 09:03:05,SR311C6100,SR311C6100,737.0,0.0,0.0,0.0,1,372.5,1101.5,1,737.0,0.0,0.0,0.0,0.0,0.0,182
2023-05-11 09:03:05,SR311C6100,SR311C6100,737.0,0.0,0.0,0.0,10,373.0,1101.0,10,737.0,0.0,0.0,0.0,0.0,0.0,182
2023-05-11 09:03:11,SR311C6100,SR311C6100,737.0,0.0,0.0,0.0,1,374.5,1101.0,10,737.0,0.0,0.0,0.0,0.0,0.0,182
2023-05-11 09:03:11,SR311C6100,SR311C6100,737.0,0.0,0.0,0.0,10,375.0,1101.0,10,737.0,0.0,0.0,0.0,0.0,0.0,182
2023-05-11 09:03:12,SR311C6100,SR311C6100,737.0,0.0,0.0,0.0,1,376.5,1099.5,1,737.0,0.0,0.0,0.0,0.0,0.0,182
2023-05-11 09:03:12,SR311C6100,SR311C6100,737.0,0.0,0.0,0.0,10,377.0,1099.0,10,737.0,0.0,0.0,0.0,0.0,0.0,182
2023-05-11 09:03:13,SR311C6100,SR311C6100,737.0,0.0,0.0,0.0,1,378.5,1099.0,10,737.0,0.0,0.0,0.0,0.0,0.0,182
2023-05-11 09:03:13,SR311C6100,SR311C6100,737.0,0.0,0.0,0.0,10,379.0,1097.5,1,737.0,0.0,0.0,0.0,0.0,0.0,182
2023-05-11 09:03:14,SR311C6100,SR311C6100,737.0,0.0,0.0,0.0,10,379.0,1097.0,10,737.0,0.0,0.0,0.0,0.0,0.0,182
2023-05-11 09:03:14,SR311C6100,SR311C6100,737.0,0.0,0.0,0.0,1,380.5,1095.5,1,737.0,0.0,0.0,0.0,0.0,0.0,182
2023-05-11 09:03:14,SR311C6100,SR311C6100,737.0,0.0,0.0,0.0,10,381.0,1095.0,10,737.0,0.0,0.0,0.0,0.0,0.0,182
2023-05-11 09:03:16,SR311C6100,SR311C6100,737.0,0.0,0.0,0.0,1,382.5,1095.0,10,737.0,0.0,0.0,0.0,0.0,0.0,182
2023-05-11 09:03:17,SR311C6100,SR311C6100,737.0,0.0,0.0,0.0,10,383.0,1093.5,1,737.0,0.0,0.0,0.0,0.0,0.0,182
2023-05-11 09:03:17,SR311C6100,SR311C6100,737.0,0.0,0.0,0.0,10,383.0,1093.0,10,737.0,0.0,0.0,0.0,0.0,0.0,182
2023-05-11 09:03:18,SR311C6100,SR311C6100,737.0,0.0,0.0,0.0,1,384.5,1091.5,1,737.0,0.0,0.0,0.0,0.0,0.0,182
2023-05-11 09:03:18,SR311C6100,SR311C6100,737.0,0.0,0.0,0.0,10,385.0,1091.0,10,737.0,0.0,0.0,0.0,0.0,0.0,182
2023-05-11 09:03:19,SR311C6100,SR311C6100,737.0,0.0,0.0,0.0,1,386.5,1089.5,1,737.0,0.0,0.0,0.0,0.0,0.0,182
2023-05-11 09:03:19,SR311C6100,SR311C6100,737.0,0.0,0.0,0.0,10,387.0,1089.0,10,737.0,0.0,0.0,0.0,0.0,0.0,182
2023-05-11 09:03:24,SR311C6100,SR311C6100,737.0,0.0,0.0,0.0,1,388.5,1087.5,1,737.0,0.0,0.0,0.0,0.0,0.0,182
2023-05-11 09:03:24,SR311C6100,SR311C6100,737.0,0.0,0.0,0.0,10,389.0,1087.0,10,737.0,0.0,0.0,0.0,0.0,0.0,182
2023-05-11 09:03:24,SR311C6100,SR311C6100,737.0,0.0,0.0,0.0,1,390.5,1085.5,1,737.0,0.0,0.0,0.0,0.0,0.0,182
2023-05-11 09:03:25,SR311C6100,SR311C6100,737.0,0.0,0.0,0.0,10,391.0,1085.0,10,737.0,0.0,0.0,0.0,0.0,0.0,182
2023-05-11 09:03:26,SR311C6100,SR311C6100,737.0,0.0,0.0,0.0,1,392.5,1083.5,1,737.0,0.0,0.0,0.0,0.0,0.0,182
2023-05-11 09:03:26,SR311C6100,SR311C6100,737.0,0.0,0.0,0.0,10,393.0,1083.0,10,737.0,0.0,0.0,0.0,0.0,0.0,182
2023-05-11 09:03:27,SR311C6100,SR311C6100,737.0,0.0,0.0,0.0,1,394.5,1081.5,1,737.0,0.0,0.0,0.0,0.0,0.0,182
2023-05-11 09:03:27,SR311C6100,SR311C6100,737.0,0.0,0.0,0.0,10,395.0,1081.0,10,737.0,0.0,0.0,0.0,0.0,0.0,182
2023-05-11 09:03:28,SR311C6100,SR311C6100,737.0,0.0,0.0,0.0,1,396.5,1079.5,1,737.0,0.0,0.0,0.0,0.0,0.0,182
2023-05-11 09:03:28,SR311C6100,SR311C6100,737.0,0.0,0.0,0.0,10,397.0,1079.0,10,737.0,0.0,0.0,0.0,0.0,0.0,182
2023-05-11 09:03:29,SR311C6100,SR311C6100,737.0,0.0,0.0,0.0,1,398.5,1077.5,1,737.0,0.0,0.0,0.0,0.0,0.0,182
2023-05-11 09:03:30,SR311C6100,SR311C6100,737.0,0.0,0.0,0.0,10,399.0,1077.0,10,737.0,0.0,0.0,0.0,0.0,0.0,182
2023-05-11 09:03:30,SR311C6100,SR311C6100,737.0,0.0,0.0,0.0,1,400.5,1075.5,1,737.0,0.0,0.0,0.0,0.0,0.0,182
2023-05-11 09:03:31,SR311C6100,SR311C6100,737.0,0.0,0.0,0.0,10,401.0,1075.0,10,737.0,0.0,0.0,0.0,0.0,0.0,182
2023-05-11 09:03:32,SR311C6100,SR311C6100,737.0,0.0,0.0,0.0,1,402.5,1073.5,1,737.0,0.0,0.0,0.0,0.0,0.0,182
2023-05-11 09:03:32,SR311C6100,SR311C6100,737.0,0.0,0.0,0.0,10,403.0,1073.0,10,737.0,0.0,0.0,0.0,0.0,0.0,182
2023-05-11 09:03:33,SR311C6100,SR311C6100,737.0,0.0,0.0,0.0,1,404.5,1071.5,1,737.0,0.0,0.0,0.0,0.0,0.0,182
2023-05-11 09:03:33,SR311C6100,SR311C6100,737.0,0.0,0.0,0.0,10,405.0,1071.0,10,737.0,0.0,0.0,0.0,0.0,0.0,182
2023-05-11 09:03:38,SR311C6100,SR311C6100,737.0,0.0,0.0,0.0,1,406.5,1069.5,1,737.0,0.0,0.0,0.0,0.0,0.0,182
2023-05-11 09:03:38,SR311C6100,SR311C6100,737.0,0.0,0.0,0.0,10,407.0,1069.0,10,737.0,0.0,0.0,0.0,0.0,0.0,182
2023-05-11 09:03:40,SR311C6100,SR311C6100,737.0,0.0,0.0,0.0,1,408.5,1067.5,1,737.0,0.0,0.0,0.0,0.0,0.0,182
2023-05-11 09:03:40,SR311C6100,SR311C6100,737.0,0.0,0.0,0.0,10,409.0,1067.0,10,737.0,0.0,0.0,0.0,0.0,0.0,182
2023-05-11 09:03:41,SR311C6100,SR311C6100,737.0,0.0,0.0,0.0,1,410.5,1065.5,1,737.0,0.0,0.0,0.0,0.0,0.0,182
2023-05-11 09:03:41,SR311C6100,SR311C6100,737.0,0.0,0.0,0.0,10,411.0,1065.0,10,737.0,0.0,0.0,0.0,0.0,0.0,182
2023-05-11 09:03:45,SR311C6100,SR311C6100,737.0,0.0,0.0,0.0,1,412.5,1063.5,1,737.0,0.0,0.0,0.0,0.0,0.0,182
2023-05-11 09:03:45,SR311C6100,SR311C6100,737.0,0.0,0.0,0.0,10,413.0,1063.0,10,737.0,0.0,0.0,0.0,0.0,0.0,182
2023-05-11 09:03:46,SR311C6100,SR311C6100,737.0,0.0,0.0,0.0,1,414.5,1061.5,1,737.0,0.0,0.0,0.0,0.0,0.0,182
2023-05-11 09:03:46,SR311C6100,SR311C6100,737.0,0.0,0.0,0.0,10,415.0,1061.0,10,737.0,0.0,0.0,0.0,0.0,0.0,182
2023-05-11 09:03:47,SR311C6100,SR311C6100,737.0,0.0,0.0,0.0,1,416.5,1059.5,1,737.0,0.0,0.0,0.0,0.0,0.0,182
2023-05-11 09:03:47,SR311C6100,SR311C6100,737.0,0.0,0.0,0.0,10,417.0,1059.0,10,737.0,0.0,0.0,0.0,0.0,0.0,182
2023-05-11 09:03:48,SR311C6100,SR311C6100,737.0,0.0,0.0,0.0,1,418.5,1057.5,1,737.0,0.0,0.0,0.0,0.0,0.0,182
2023-05-11 09:03:48,SR311C6100,SR311C6100,737.0,0.0,0.0,0.0,10,419.0,1057.0,10,737.0,0.0,0.0,0.0,0.0,0.0,182
2023-05-11 09:03:49,SR311C6100,SR311C6100,737.0,0.0,0.0,0.0,1,420.5,1055.5,1,737.0,0.0,0.0,0.0,0.0,0.0,182
2023-05-11 09:03:49,SR311C6100,SR311C6100,737.0,0.0,0.0,0.0,10,421.0,1055.0,10,737.0,0.0,0.0,0.0,0.0,0.0,182
2023-05-11 09:03:50,SR311C6100,SR311C6100,737.0,0.0,0.0,0.0,1,422.5,1053.5,1,737.0,0.0,0.0,0.0,0.0,0.0,182
2023-05-11 09:03:50,SR311C6100,SR311C6100,737.0,0.0,0.0,0.0,10,423.0,1053.0,10,737.0,0.0,0.0,0.0,0.0,0.0,182
2023-05-11 09:03:52,SR311C6100,SR311C6100,737.0,0.0,0.0,0.0,1,424.5,1053.0,10,737.0,0.0,0.0,0.0,0.0,0.0,182
2023-05-11 09:03:52,SR311C6100,SR311C6100,737.0,0.0,0.0,0.0,10,425.0,1051.5,1,737.0,0.0,0.0,0.0,0.0,0.0,182
2023-05-11 09:03:53,SR311C6100,SR311C6100,737.0,0.0,0.0,0.0,1,426.5,1051.0,10,737.0,0.0,0.0,0.0,0.0,0.0,182
2023-05-11 09:03:53,SR311C6100,SR311C6100,737.0,0.0,0.0,0.0,10,427.0,1049.5,1,737.0,0.0,0.0,0.0,0.0,0.0,182
2023-05-11 09:03:54,SR311C6100,SR311C6100,737.0,0.0,0.0,0.0,10,427.0,1049.0,10,737.0,0.0,0.0,0.0,0.0,0.0,182
2023-05-11 09:03:58,SR311C6100,SR311C6100,737.0,0.0,0.0,0.0,1,428.5,1047.5,1,737.0,0.0,0.0,0.0,0.0,0.0,182
2023-05-11 09:03:59,SR311C6100,SR311C6100,737.0,0.0,0.0,0.0,10,429.0,1047.0,10,737.0,0.0,0.0,0.0,0.0,0.0,182
2023-05-11 09:04:04,SR311C6100,SR311C6100,737.0,0.0,0.0,0.0,1,430.5,1045.5,1,737.0,0.0,0.0,0.0,0.0,0.0,182
2023-05-11 09:04:05,SR311C6100,SR311C6100,737.0,0.0,0.0,0.0,10,431.0,1045.0,10,737.0,0.0,0.0,0.0,0.0,0.0,182
2023-05-11 09:04:06,SR311C6100,SR311C6100,737.0,0.0,0.0,0.0,1,432.5,1043.5,1,737.0,0.0,0.0,0.0,0.0,0.0,182
2023-05-11 09:04:06,SR311C6100,SR311C6100,737.0,0.0,0.0,0.0,10,433.0,1043.0,10,737.0,0.0,0.0,0.0,0.0,0.0,182
2023-05-11 09:04:08,SR311C6100,SR311C6100,737.0,0.0,0.0,0.0,1,434.5,1041.5,1,737.0,0.0,0.0,0.0,0.0,0.0,182
2023-05-11 09:04:08,SR311C6100,SR311C6100,737.0,0.0,0.0,0.0,10,435.0,1041.0,10,737.0,0.0,0.0,0.0,0.0,0.0,182
2023-05-11 09:04:11,SR311C6100,SR311C6100,737.0,0.0,0.0,0.0,1,436.5,1041.0,10,737.0,0.0,0.0,0.0,0.0,0.0,182
2023-05-11 09:04:11,SR311C6100,SR311C6100,737.0,0.0,0.0,0.0,10,437.0,1041.0,10,737.0,0.0,0.0,0.0,0.0,0.0,182
2023-05-11 09:04:12,SR311C6100,SR311C6100,737.0,0.0,0.0,0.0,1,438.5,1039.5,1,737.0,0.0,0.0,0.0,0.0,0.0,182
2023-05-11 09:04:12,SR311C6100,SR311C6100,737.0,0.0,0.0,0.0,10,439.0,1039.0,10,737.0,0.0,0.0,0.0,0.0,0.0,182
2023-05-11 09:04:13,SR311C6100,SR311C6100,737.0,0.0,0.0,0.0,1,440.5,1039.0,10,737.0,0.0,0.0,0.0,0.0,0.0,182
2023-05-11 09:04:13,SR311C6100,SR311C6100,737.0,0.0,0.0,0.0,10,441.0,1039.0,10,737.0,0.0,0.0,0.0,0.0,0.0,182
2023-05-11 09:04:17,SR311C6100,SR311C6100,737.0,0.0,0.0,0.0,1,442.5,1037.5,1,737.0,0.0,0.0,0.0,0.0,0.0,182
2023-05-11 09:04:17,SR311C6100,SR311C6100,737.0,0.0,0.0,0.0,10,443.0,1037.0,10,737.0,0.0,0.0,0.0,0.0,0.0,182
2023-05-11 09:04:18,SR311C6100,SR311C6100,737.0,0.0,0.0,0.0,1,444.5,1035.5,1,737.0,0.0,0.0,0.0,0.0,0.0,182
2023-05-11 09:04:18,SR311C6100,SR311C6100,737.0,0.0,0.0,0.0,10,445.0,1035.0,10,737.0,0.0,0.0,0.0,0.0,0.0,182
2023-05-11 09:04:20,SR311C6100,SR311C6100,737.0,0.0,0.0,0.0,1,446.5,1033.5,1,737.0,0.0,0.0,0.0,0.0,0.0,182
2023-05-11 09:04:21,SR311C6100,SR311C6100,737.0,0.0,0.0,0.0,10,447.0,1033.0,10,737.0,0.0,0.0,0.0,0.0,0.0,182
2023-05-11 09:04:23,SR311C6100,SR311C6100,737.0,0.0,0.0,0.0,1,448.5,1031.5,1,737.0,0.0,0.0,0.0,0.0,0.0,182
2023-05-11 09:04:23,SR311C6100,SR311C6100,737.0,0.0,0.0,0.0,10,449.0,1031.0,10,737.0,0.0,0.0,0.0,0.0,0.0,182
2023-05-11 09:04:24,SR311C6100,SR311C6100,737.0,0.0,0.0,0.0,1,450.5,1029.5,1,737.0,0.0,0.0,0.0,0.0,0.0,182
2023-05-11 09:04:24,SR311C6100,SR311C6100,737.0,0.0,0.0,0.0,10,451.0,1029.0,10,737.0,0.0,0.0,0.0,0.0,0.0,182
2023-05-11 09:04:25,SR311C6100,SR311C6100,737.0,0.0,0.0,0.0,1,452.5,1027.5,1,737.0,0.0,0.0,0.0,0.0,0.0,182
2023-05-11 09:04:25,SR311C6100,SR311C6100,737.0,0.0,0.0,0.0,10,453.0,1027.0,10,737.0,0.0,0.0,0.0,0.0,0.0,182
2023-05-11 09:04:26,SR311C6100,SR311C6100,737.0,0.0,0.0,0.0,1,454.5,1025.5,1,737.0,0.0,0.0,0.0,0.0,0.0,182
2023-05-11 09:04:26,SR311C6100,SR311C6100,737.0,0.0,0.0,0.0,10,455.0,1025.0,10,737.0,0.0,0.0,0.0,0.0,0.0,182
2023-05-11 09:04:30,SR311C6100,SR311C6100,737.0,0.0,0.0,0.0,1,456.5,1023.5,1,737.0,0.0,0.0,0.0,0.0,0.0,182
2023-05-11 09:04:30,SR311C6100,SR311C6100,737.0,0.0,0.0,0.0,10,457.0,1023.0,10,737.0,0.0,0.0,0.0,0.0,0.0,182
2023-05-11 09:04:31,SR311C6100,SR311C6100,737.0,0.0,0.0,0.0,1,458.5,1021.5,1,737.0,0.0,0.0,0.0,0.0,0.0,182
2023-05-11 09:04:31,SR311C6100,SR311C6100,737.0,0.0,0.0,0.0,10,459.0,1021.0,10,737.0,0.0,0.0,0.0,0.0,0.0,182
2023-05-11 09:04:36,SR311C6100,SR311C6100,737.0,0.0,0.0,0.0,1,460.5,1019.5,1,737.0,0.0,0.0,0.0,0.0,0.0,182
2023-05-11 09:04:36,SR311C6100,SR311C6100,737.0,0.0,0.0,0.0,10,461.0,1019.0,10,737.0,0.0,0.0,0.0,0.0,0.0,182
2023-05-11 09:04:37,SR311C6100,SR311C6100,737.0,0.0,0.0,0.0,1,462.5,1017.5,1,737.0,0.0,0.0,0.0,0.0,0.0,182
2023-05-11 09:04:37,SR311C6100,SR311C6100,737.0,0.0,0.0,0.0,10,463.0,1017.0,10,737.0,0.0,0.0,0.0,0.0,0.0,182
2023-05-11 09:04:38,SR311C6100,SR311C6100,737.0,0.0,0.0,0.0,1,464.5,1015.5,1,737.0,0.0,0.0,0.0,0.0,0.0,182
2023-05-11 09:04:38,SR311C6100,SR311C6100,737.0,0.0,0.0,0.0,10,465.0,1015.0,10,737.0,0.0,0.0,0.0,0.0,0.0,182
2023-05-11 09:04:39,SR311C6100,SR311C6100,737.0,0.0,0.0,0.0,1,466.5,1013.5,1,737.0,0.0,0.0,0.0,0.0,0.0,182
2023-05-11 09:04:39,SR311C6100,SR311C6100,737.0,0.0,0.0,0.0,10,467.0,1013.0,10,737.0,0.0,0.0,0.0,0.0,0.0,182
2023-05-11 09:04:43,SR311C6100,SR311C6100,737.0,0.0,0.0,0.0,1,468.5,1011.5,1,737.0,0.0,0.0,0.0,0.0,0.0,182
2023-05-11 09:04:43,SR311C6100,SR311C6100,737.0,0.0,0.0,0.0,10,469.0,1011.0,10,737.0,0.0,0.0,0.0,0.0,0.0,182
2023-05-11 09:04:44,SR311C6100,SR311C6100,737.0,0.0,0.0,0.0,1,470.5,1009.5,1,737.0,0.0,0.0,0.0,0.0,0.0,182
2023-05-11 09:04:44,SR311C6100,SR311C6100,737.0,0.0,0.0,0.0,10,471.0,1009.0,10,737.0,0.0,0.0,0.0,0.0,0.0,182
2023-05-11 09:04:50,SR311C6100,SR311C6100,737.0,0.0,0.0,0.0,1,472.5,1007.5,1,737.0,0.0,0.0,0.0,0.0,0.0,182
2023-05-11 09:04:50,SR311C6100,SR311C6100,737.0,0.0,0.0,0.0,10,473.0,1007.0,10,737.0,0.0,0.0,0.0,0.0,0.0,182
2023-05-11 09:04:51,SR311C6100,SR311C6100,737.0,0.0,0.0,0.0,1,474.5,1005.5,1,737.0,0.0,0.0,0.0,0.0,0.0,182
2023-05-11 09:04:51,SR311C6100,SR311C6100,737.0,0.0,0.0,0.0,10,475.0,1005.0,10,737.0,0.0,0.0,0.0,0.0,0.0,182
2023-05-11 09:04:59,SR311C6100,SR311C6100,737.0,0.0,0.0,0.0,1,476.5,1003.5,1,737.0,0.0,0.0,0.0,0.0,0.0,182
2023-05-11 09:04:59,SR311C6100,SR311C6100,737.0,0.0,0.0,0.0,10,477.0,1003.0,10,737.0,0.0,0.0,0.0,0.0,0.0,182
2023-05-11 09:05:00,SR311C6100,SR311C6100,737.0,0.0,0.0,0.0,1,478.5,1001.5,1,737.0,0.0,0.0,0.0,0.0,0.0,182
2023-05-11 09:05:00,SR311C6100,SR311C6100,737.0,0.0,0.0,0.0,10,479.0,1001.0,10,737.0,0.0,0.0,0.0,0.0,0.0,182
2023-05-11 09:05:01,SR311C6100,SR311C6100,737.0,0.0,0.0,0.0,1,480.5,999.5,1,737.0,0.0,0.0,0.0,0.0,0.0,182
2023-05-11 09:05:01,SR311C6100,SR311C6100,737.0,0.0,0.0,0.0,10,481.0,999.0,10,737.0,0.0,0.0,0.0,0.0,0.0,182
2023-05-11 09:05:02,SR311C6100,SR311C6100,737.0,0.0,0.0,0.0,1,482.5,999.0,10,737.0,0.0,0.0,0.0,0.0,0.0,182
2023-05-11 09:05:02,SR311C6100,SR311C6100,737.0,0.0,0.0,0.0,10,483.0,999.0,10,737.0,0.0,0.0,0.0,0.0,0.0,182
2023-05-11 09:05:03,SR311C6100,SR311C6100,737.0,0.0,0.0,0.0,1,484.5,997.5,1,737.0,0.0,0.0,0.0,0.0,0.0,182
2023-05-11 09:05:03,SR311C6100,SR311C6100,737.0,0.0,0.0,0.0,10,485.0,997.0,10,737.0,0.0,0.0,0.0,0.0,0.0,182
2023-05-11 09:05:04,SR311C6100,SR311C6100,737.0,0.0,0.0,0.0,1,486.5,995.5,1,737.0,0.0,0.0,0.0,0.0,0.0,182
2023-05-11 09:05:04,SR311C6100,SR311C6100,737.0,0.0,0.0,0.0,10,487.0,995.0,10,737.0,0.0,0.0,0.0,0.0,0.0,182
2023-05-11 09:05:09,SR311C6100,SR311C6100,737.0,0.0,0.0,0.0,1,488.5,993.5,1,737.0,0.0,0.0,0.0,0.0,0.0,182
2023-05-11 09:05:09,SR311C6100,SR311C6100,737.0,0.0,0.0,0.0,10,489.0,993.0,10,737.0,0.0,0.0,0.0,0.0,0.0,182
2023-05-11 09:05:10,SR311C6100,SR311C6100,737.0,0.0,0.0,0.0,1,490.5,991.5,1,737.0,0.0,0.0,0.0,0.0,0.0,182
2023-05-11 09:05:10,SR311C6100,SR311C6100,737.0,0.0,0.0,0.0,10,491.0,991.0,10,737.0,0.0,0.0,0.0,0.0,0.0,182
2023-05-11 09:05:11,SR311C6100,SR311C6100,737.0,0.0,0.0,0.0,1,492.5,989.5,1,737.0,0.0,0.0,0.0,0.0,0.0,182
2023-05-11 09:05:12,SR311C6100,SR311C6100,737.0,0.0,0.0,0.0,10,493.0,989.0,10,737.0,0.0,0.0,0.0,0.0,0.0,182
2023-05-11 09:05:15,SR311C6100,SR311C6100,737.0,0.0,0.0,0.0,1,494.5,987.5,1,737.0,0.0,0.0,0.0,0.0,0.0,182
2023-05-11 09:05:15,SR311C6100,SR311C6100,737.0,0.0,0.0,0.0,10,495.0,987.0,10,737.0,0.0,0.0,0.0,0.0,0.0,182
2023-05-11 09:05:16,SR311C6100,SR311C6100,737.0,0.0,0.0,0.0,1,496.5,985.5,1,737.0,0.0,0.0,0.0,0.0,0.0,182
2023-05-11 09:05:16,SR311C6100,SR311C6100,737.0,0.0,0.0,0.0,10,497.0,985.0,10,737.0,0.0,0.0,0.0,0.0,0.0,182
2023-05-11 09:05:20,SR311C6100,SR311C6100,737.0,0.0,0.0,0.0,1,498.5,985.0,10,737.0,0.0,0.0,0.0,0.0,0.0,182
2023-05-11 09:05:20,SR311C6100,SR311C6100,737.0,0.0,0.0,0.0,10,499.0,985.0,10,737.0,0.0,0.0,0.0,0.0,0.0,182
2023-05-11 09:05:21,SR311C6100,SR311C6100,737.0,0.0,0.0,0.0,1,500.5,983.5,1,737.0,0.0,0.0,0.0,0.0,0.0,182
2023-05-11 09:05:21,SR311C6100,SR311C6100,737.0,0.0,0.0,0.0,10,501.0,983.0,10,737.0,0.0,0.0,0.0,0.0,0.0,182
2023-05-11 09:05:26,SR311C6100,SR311C6100,737.0,0.0,0.0,0.0,1,502.5,981.5,1,737.0,0.0,0.0,0.0,0.0,0.0,182
2023-05-11 09:05:26,SR311C6100,SR311C6100,737.0,0.0,0.0,0.0,10,503.0,981.0,10,737.0,0.0,0.0,0.0,0.0,0.0,182
2023-05-11 09:05:27,SR311C6100,SR311C6100,737.0,0.0,0.0,0.0,1,504.5,979.5,1,737.0,0.0,0.0,0.0,0.0,0.0,182
2023-05-11 09:05:27,SR311C6100,SR311C6100,737.0,0.0,0.0,0.0,10,505.0,979.0,10,737.0,0.0,0.0,0.0,0.0,0.0,182
2023-05-11 09:05:27,SR311C6100,SR311C6100,737.0,0.0,0.0,0.0,1,504.5,979.5,1,737.0,0.0,0.0,0.0,0.0,0.0,182
2023-05-11 09:05:27,SR311C6100,SR311C6100,737.0,0.0,0.0,0.0,10,505.0,979.0,10,737.0,0.0,0.0,0.0,0.0,0.0,182
2023-05-11 09:15:58,SR311C6100,SR311C6100,737.0,0.0,0.0,0.0,1,506.5,977.5,1,737.0,0.0,0.0,0.0,0.0,0.0,182
2023-05-11 09:15:58,SR311C6100,SR311C6100,737.0,0.0,0.0,0.0,10,507.0,977.0,10,737.0,0.0,0.0,0.0,0.0,0.0,182
2023-05-11 09:15:59,SR311C6100,SR311C6100,737.0,0.0,0.0,0.0,1,508.5,975.5,1,737.0,0.0,0.0,0.0,0.0,0.0,182
2023-05-11 09:15:59,SR311C6100,SR311C6100,737.0,0.0,0.0,0.0,10,509.0,975.0,10,737.0,0.0,0.0,0.0,0.0,0.0,182
2023-05-11 09:16:00,SR311C6100,SR311C6100,737.0,0.0,0.0,0.0,1,510.5,973.5,1,737.0,0.0,0.0,0.0,0.0,0.0,182
2023-05-11 09:16:00,SR311C6100,SR311C6100,737.0,0.0,0.0,0.0,10,511.0,973.0,10,737.0,0.0,0.0,0.0,0.0,0.0,182
2023-05-11 09:16:01,SR311C6100,SR311C6100,737.0,0.0,0.0,0.0,1,512.5,971.5,1,737.0,0.0,0.0,0.0,0.0,0.0,182
2023-05-11 09:16:01,SR311C6100,SR311C6100,737.0,0.0,0.0,0.0,10,513.0,971.0,10,737.0,0.0,0.0,0.0,0.0,0.0,182
2023-05-11 09:16:02,SR311C6100,SR311C6100,737.0,0.0,0.0,0.0,1,514.5,969.5,1,737.0,0.0,0.0,0.0,0.0,0.0,182
2023-05-11 09:16:02,SR311C6100,SR311C6100,737.0,0.0,0.0,0.0,10,515.0,969.0,10,737.0,0.0,0.0,0.0,0.0,0.0,182
2023-05-11 09:16:02,SR311C6100,SR311C6100,737.0,0.0,0.0,0.0,1,514.5,969.5,1,737.0,0.0,0.0,0.0,0.0,0.0,182
2023-05-11 09:16:02,SR311C6100,SR311C6100,737.0,0.0,0.0,0.0,10,515.0,969.0,10,737.0,0.0,0.0,0.0,0.0,0.0,182
2023-05-11 09:35:58,SR311C6100,SR311C6100,737.0,0.0,0.0,0.0,1,516.5,967.5,1,737.0,0.0,0.0,0.0,0.0,0.0,182
2023-05-11 09:35:58,SR311C6100,SR311C6100,737.0,0.0,0.0,0.0,10,517.0,967.0,10,737.0,0.0,0.0,0.0,0.0,0.0,182
2023-05-11 09:35:59,SR311C6100,SR311C6100,737.0,0.0,0.0,0.0,1,518.5,965.5,1,737.0,0.0,0.0,0.0,0.0,0.0,182
2023-05-11 09:35:59,SR311C6100,SR311C6100,737.0,0.0,0.0,0.0,10,519.0,965.0,10,737.0,0.0,0.0,0.0,0.0,0.0,182
2023-05-11 09:36:00,SR311C6100,SR311C6100,737.0,0.0,0.0,0.0,1,520.5,963.5,1,737.0,0.0,0.0,0.0,0.0,0.0,182
2023-05-11 09:36:00,SR311C6100,SR311C6100,737.0,0.0,0.0,0.0,10,521.0,963.0,10,737.0,0.0,0.0,0.0,0.0,0.0,182
2023-05-11 09:36:01,SR311C6100,SR311C6100,737.0,0.0,0.0,0.0,1,522.5,961.5,1,737.0,0.0,0.0,0.0,0.0,0.0,182
2023-05-11 09:36:01,SR311C6100,SR311C6100,737.0,0.0,0.0,0.0,10,523.0,961.0,10,737.0,0.0,0.0,0.0,0.0,0.0,182
2023-05-11 09:36:02,SR311C6100,SR311C6100,737.0,0.0,0.0,0.0,1,524.5,959.5,1,737.0,0.0,0.0,0.0,0.0,0.0,182
2023-05-11 09:36:02,SR311C6100,SR311C6100,737.0,0.0,0.0,0.0,10,525.0,959.0,10,737.0,0.0,0.0,0.0,0.0,0.0,182
2023-05-11 09:55:58,SR311C6100,SR311C6100,737.0,0.0,0.0,0.0,1,526.5,957.5,1,737.0,0.0,0.0,0.0,0.0,0.0,182
2023-05-11 09:55:58,SR311C6100,SR311C6100,737.0,0.0,0.0,0.0,10,527.0,957.0,10,737.0,0.0,0.0,0.0,0.0,0.0,182
2023-05-11 09:55:59,SR311C6100,SR311C6100,737.0,0.0,0.0,0.0,1,528.5,955.5,1,737.0,0.0,0.0,0.0,0.0,0.0,182
2023-05-11 09:55:59,SR311C6100,SR311C6100,737.0,0.0,0.0,0.0,10,529.0,955.0,10,737.0,0.0,0.0,0.0,0.0,0.0,182
2023-05-11 09:56:00,SR311C6100,SR311C6100,737.0,0.0,0.0,0.0,1,530.5,953.5,1,737.0,0.0,0.0,0.0,0.0,0.0,182
2023-05-11 09:56:00,SR311C6100,SR311C6100,737.0,0.0,0.0,0.0,10,531.0,953.0,10,737.0,0.0,0.0,0.0,0.0,0.0,182
2023-05-11 09:56:01,SR311C6100,SR311C6100,737.0,0.0,0.0,0.0,1,532.5,951.5,1,737.0,0.0,0.0,0.0,0.0,0.0,182
2023-05-11 09:56:01,SR311C6100,SR311C6100,737.0,0.0,0.0,0.0,10,533.0,951.0,10,737.0,0.0,0.0,0.0,0.0,0.0,182
2023-05-11 09:56:02,SR311C6100,SR311C6100,737.0,0.0,0.0,0.0,1,534.5,949.5,1,737.0,0.0,0.0,0.0,0.0,0.0,182
2023-05-11 09:56:02,SR311C6100,SR311C6100,737.0,0.0,0.0,0.0,10,535.0,949.0,10,737.0,0.0,0.0,0.0,0.0,0.0,182
2023-05-11 10:14:33,SR311C6100,SR311C6100,737.0,0.0,0.0,0.0,0,0.0,0.0,0,737.0,0.0,0.0,0.0,0.0,0.0,182
2023-05-11 10:32:08,SR311C6100,SR311C6100,737.0,0.0,0.0,0.0,10,331.0,1143.0,10,737.0,0.0,0.0,0.0,0.0,0.0,182
2023-05-11 10:32:11,SR311C6100,SR311C6100,737.0,0.0,0.0,0.0,1,332.5,1143.0,10,737.0,0.0,0.0,0.0,0.0,0.0,182
2023-05-11 10:32:12,SR311C6100,SR311C6100,737.0,0.0,0.0,0.0,10,333.0,1143.0,10,737.0,0.0,0.0,0.0,0.0,0.0,182
2023-05-11 10:32:13,SR311C6100,SR311C6100,737.0,0.0,0.0,0.0,1,334.5,1141.5,1,737.0,0.0,0.0,0.0,0.0,0.0,182
2023-05-11 10:32:13,SR311C6100,SR311C6100,737.0,0.0,0.0,0.0,10,335.0,1141.0,10,737.0,0.0,0.0,0.0,0.0,0.0,182
2023-05-11 10:32:14,SR311C6100,SR311C6100,737.0,0.0,0.0,0.0,10,335.0,1139.5,1,737.0,0.0,0.0,0.0,0.0,0.0,182
2023-05-11 10:32:14,SR311C6100,SR311C6100,737.0,0.0,0.0,0.0,10,335.0,1139.0,10,737.0,0.0,0.0,0.0,0.0,0.0,182
2023-05-11 10:32:15,SR311C6100,SR311C6100,737.0,0.0,0.0,0.0,1,336.5,1137.5,1,737.0,0.0,0.0,0.0,0.0,0.0,182
2023-05-11 10:32:16,SR311C6100,SR311C6100,737.0,0.0,0.0,0.0,10,337.0,1137.0,10,737.0,0.0,0.0,0.0,0.0,0.0,182
2023-05-11 10:32:16,SR311C6100,SR311C6100,737.0,0.0,0.0,0.0,1,338.5,1135.5,1,737.0,0.0,0.0,0.0,0.0,0.0,182
2023-05-11 10:32:16,SR311C6100,SR311C6100,737.0,0.0,0.0,0.0,10,337.0,1137.0,10,737.0,0.0,0.0,0.0,0.0,0.0,182
2023-05-11 10:32:16,SR311C6100,SR311C6100,737.0,0.0,0.0,0.0,10,339.0,1135.0,10,737.0,0.0,0.0,0.0,0.0,0.0,182
2023-05-11 10:32:16,SR311C6100,SR311C6100,737.0,0.0,0.0,0.0,1,338.5,1135.5,1,737.0,0.0,0.0,0.0,0.0,0.0,182
2023-05-11 10:32:16,SR311C6100,SR311C6100,737.0,0.0,0.0,0.0,10,339.0,1135.0,10,737.0,0.0,0.0,0.0,0.0,0.0,182
2023-05-11 11:29:33,SR311C6100,SR311C6100,737.0,0.0,0.0,0.0,0,0.0,0.0,0,737.0,0.0,0.0,0.0,0.0,0.0,182
