time,symbol_id,symbol_name,last,trade_volume,trade_amount,open_interest_change,bv1,bp1,ap1,av1,yesterday_close,today_open,today_high,today_low,volume,amount,open_interest
2023-05-10 19:12:58,SR311C6300,SR311C6300,579.0,0.0,0.0,0.0,0,0.0,0.0,0,579.0,0.0,0.0,0.0,0.0,0.0,489
2023-05-10 21:00:04,SR311C6300,SR311C6300,579.0,0.0,0.0,0.0,1,445.0,717.0,1,579.0,0.0,0.0,0.0,0.0,0.0,489
2023-05-10 21:00:05,SR311C6300,SR311C6300,579.0,0.0,0.0,0.0,10,445.5,716.5,10,579.0,0.0,0.0,0.0,0.0,0.0,489
2023-05-10 21:00:05,SR311C6300,SR311C6300,579.0,0.0,0.0,0.0,1,480.0,682.0,1,579.0,0.0,0.0,0.0,0.0,0.0,489
2023-05-10 21:00:06,SR311C6300,SR311C6300,579.0,0.0,0.0,0.0,10,480.5,681.5,10,579.0,0.0,0.0,0.0,0.0,0.0,489
2023-05-10 21:00:07,SR311C6300,SR311C6300,579.0,0.0,0.0,0.0,1,515.0,647.0,1,579.0,0.0,0.0,0.0,0.0,0.0,489
2023-05-10 21:00:08,SR311C6300,SR311C6300,579.0,0.0,0.0,0.0,10,515.5,646.5,10,579.0,0.0,0.0,0.0,0.0,0.0,489
2023-05-10 21:00:08,SR311C6300,SR311C6300,579.0,0.0,0.0,0.0,1,550.0,612.0,1,579.0,0.0,0.0,0.0,0.0,0.0,489
2023-05-10 21:00:09,SR311C6300,SR311C6300,579.0,0.0,0.0,0.0,10,550.5,611.5,10,579.0,0.0,0.0,0.0,0.0,0.0,489
2023-05-10 21:36:36,SR311C6300,SR311C6300,579.0,0.0,0.0,0.0,1,566.5,611.5,10,579.0,0.0,0.0,0.0,0.0,0.0,489
2023-05-10 21:36:36,SR311C6300,SR311C6300,579.0,0.0,0.0,0.0,10,567.0,611.5,10,579.0,0.0,0.0,0.0,0.0,0.0,489
2023-05-10 21:44:44,SR311C6300,SR311C6300,579.0,0.0,0.0,0.0,1,566.5,612.0,1,579.0,0.0,0.0,0.0,0.0,0.0,489
2023-05-10 21:46:07,SR311C6300,SR311C6300,579.0,0.0,0.0,0.0,10,567.0,611.5,10,579.0,0.0,0.0,0.0,0.0,0.0,489
2023-05-10 22:23:02,SR311C6300,SR311C6300,579.0,0.0,0.0,0.0,1,566.5,634.5,1,579.0,0.0,0.0,0.0,0.0,0.0,489
2023-05-10 22:23:47,SR311C6300,SR311C6300,579.0,0.0,0.0,0.0,10,567.0,634.0,10,579.0,0.0,0.0,0.0,0.0,0.0,489
2023-05-10 22:25:02,SR311C6300,SR311C6300,579.0,0.0,0.0,0.0,1,583.5,634.0,10,579.0,0.0,0.0,0.0,0.0,0.0,489
2023-05-10 22:25:03,SR311C6300,SR311C6300,579.0,0.0,0.0,0.0,10,584.0,634.0,10,579.0,0.0,0.0,0.0,0.0,0.0,489
2023-05-10 22:26:29,SR311C6300,SR311C6300,579.0,0.0,0.0,0.0,1,583.5,634.5,1,579.0,0.0,0.0,0.0,0.0,0.0,489
2023-05-10 22:27:07,SR311C6300,SR311C6300,579.0,0.0,0.0,0.0,10,584.0,634.0,10,579.0,0.0,0.0,0.0,0.0,0.0,489
2023-05-10 22:57:23,SR311C6300,SR311C6300,579.0,0.0,0.0,0.0,10,237.5,634.0,10,579.0,0.0,0.0,0.0,0.0,0.0,489
2023-05-10 22:57:23,SR311C6300,SR311C6300,579.0,0.0,0.0,0.0,6,238.5,634.0,10,579.0,0.0,0.0,0.0,0.0,0.0,489
2023-05-10 22:57:24,SR311C6300,SR311C6300,579.0,0.0,0.0,0.0,1,240.0,634.0,10,579.0,0.0,0.0,0.0,0.0,0.0,489
2023-05-10 22:57:24,SR311C6300,SR311C6300,579.0,0.0,0.0,0.0,10,241.5,634.0,10,579.0,0.0,0.0,0.0,0.0,0.0,489
2023-05-10 22:57:25,SR311C6300,SR311C6300,579.0,0.0,0.0,0.0,6,242.5,634.0,10,579.0,0.0,0.0,0.0,0.0,0.0,489
2023-05-10 22:57:25,SR311C6300,SR311C6300,579.0,0.0,0.0,0.0,1,244.0,634.0,10,579.0,0.0,0.0,0.0,0.0,0.0,489
2023-05-10 22:57:26,SR311C6300,SR311C6300,579.0,0.0,0.0,0.0,6,245.0,634.0,10,579.0,0.0,0.0,0.0,0.0,0.0,489
2023-05-10 22:57:26,SR311C6300,SR311C6300,579.0,0.0,0.0,0.0,1,246.5,634.0,10,579.0,0.0,0.0,0.0,0.0,0.0,489
2023-05-10 22:57:27,SR311C6300,SR311C6300,579.0,0.0,0.0,0.0,6,247.5,634.0,10,579.0,0.0,0.0,0.0,0.0,0.0,489
2023-05-10 22:57:27,SR311C6300,SR311C6300,579.0,0.0,0.0,0.0,10,248.0,634.0,10,579.0,0.0,0.0,0.0,0.0,0.0,489
2023-05-10 22:57:28,SR311C6300,SR311C6300,579.0,0.0,0.0,0.0,1,249.5,634.0,10,579.0,0.0,0.0,0.0,0.0,0.0,489
2023-05-10 22:57:28,SR311C6300,SR311C6300,579.0,0.0,0.0,0.0,6,250.5,634.0,10,579.0,0.0,0.0,0.0,0.0,0.0,489
2023-05-10 22:57:29,SR311C6300,SR311C6300,579.0,0.0,0.0,0.0,1,252.0,634.0,10,579.0,0.0,0.0,0.0,0.0,0.0,489
2023-05-10 22:57:29,SR311C6300,SR311C6300,579.0,0.0,0.0,0.0,6,253.0,634.0,10,579.0,0.0,0.0,0.0,0.0,0.0,489
2023-05-10 22:57:30,SR311C6300,SR311C6300,579.0,0.0,0.0,0.0,1,254.5,634.0,10,579.0,0.0,0.0,0.0,0.0,0.0,489
2023-05-10 22:57:30,SR311C6300,SR311C6300,579.0,0.0,0.0,0.0,6,255.5,634.0,10,579.0,0.0,0.0,0.0,0.0,0.0,489
2023-05-10 22:57:31,SR311C6300,SR311C6300,579.0,0.0,0.0,0.0,1,257.0,634.0,10,579.0,0.0,0.0,0.0,0.0,0.0,489
2023-05-10 22:57:31,SR311C6300,SR311C6300,579.0,0.0,0.0,0.0,6,258.0,634.0,10,579.0,0.0,0.0,0.0,0.0,0.0,489
2023-05-10 22:57:32,SR311C6300,SR311C6300,579.0,0.0,0.0,0.0,1,259.5,634.0,10,579.0,0.0,0.0,0.0,0.0,0.0,489
2023-05-10 22:57:32,SR311C6300,SR311C6300,579.0,0.0,0.0,0.0,6,260.5,634.0,10,579.0,0.0,0.0,0.0,0.0,0.0,489
2023-05-10 22:57:33,SR311C6300,SR311C6300,579.0,0.0,0.0,0.0,10,261.0,634.0,10,579.0,0.0,0.0,0.0,0.0,0.0,489
2023-05-10 22:57:33,SR311C6300,SR311C6300,579.0,0.0,0.0,0.0,6,262.0,634.0,10,579.0,0.0,0.0,0.0,0.0,0.0,489
2023-05-10 22:57:34,SR311C6300,SR311C6300,579.0,0.0,0.0,0.0,10,262.5,634.0,10,579.0,0.0,0.0,0.0,0.0,0.0,489
2023-05-10 22:57:34,SR311C6300,SR311C6300,579.0,0.0,0.0,0.0,6,263.5,634.0,10,579.0,0.0,0.0,0.0,0.0,0.0,489
2023-05-10 22:57:35,SR311C6300,SR311C6300,579.0,0.0,0.0,0.0,6,263.5,0.0,0,579.0,0.0,0.0,0.0,0.0,0.0,489
2023-05-10 22:57:36,SR311C6300,SR311C6300,579.0,0.0,0.0,0.0,1,265.0,978.0,1,579.0,0.0,0.0,0.0,0.0,0.0,489
2023-05-10 22:57:37,SR311C6300,SR311C6300,579.0,0.0,0.0,0.0,6,266.0,978.0,1,579.0,0.0,0.0,0.0,0.0,0.0,489
2023-05-10 22:57:38,SR311C6300,SR311C6300,579.0,0.0,0.0,0.0,1,267.5,978.0,1,579.0,0.0,0.0,0.0,0.0,0.0,489
2023-05-10 22:57:39,SR311C6300,SR311C6300,579.0,0.0,0.0,0.0,6,268.5,978.0,1,579.0,0.0,0.0,0.0,0.0,0.0,489
2023-05-10 22:57:39,SR311C6300,SR311C6300,579.0,0.0,0.0,0.0,1,270.0,978.0,1,579.0,0.0,0.0,0.0,0.0,0.0,489
2023-05-10 22:57:40,SR311C6300,SR311C6300,579.0,0.0,0.0,0.0,6,271.0,978.0,1,579.0,0.0,0.0,0.0,0.0,0.0,489
2023-05-10 22:57:40,SR311C6300,SR311C6300,579.0,0.0,0.0,0.0,1,272.5,978.0,1,579.0,0.0,0.0,0.0,0.0,0.0,489
2023-05-10 22:57:41,SR311C6300,SR311C6300,579.0,0.0,0.0,0.0,6,273.5,978.0,1,579.0,0.0,0.0,0.0,0.0,0.0,489
2023-05-10 22:57:41,SR311C6300,SR311C6300,579.0,0.0,0.0,0.0,1,275.0,978.0,1,579.0,0.0,0.0,0.0,0.0,0.0,489
2023-05-10 22:57:42,SR311C6300,SR311C6300,579.0,0.0,0.0,0.0,6,276.0,978.0,1,579.0,0.0,0.0,0.0,0.0,0.0,489
2023-05-10 22:57:42,SR311C6300,SR311C6300,579.0,0.0,0.0,0.0,1,277.5,978.0,1,579.0,0.0,0.0,0.0,0.0,0.0,489
2023-05-10 22:57:43,SR311C6300,SR311C6300,579.0,0.0,0.0,0.0,6,278.5,978.0,1,579.0,0.0,0.0,0.0,0.0,0.0,489
2023-05-10 22:57:43,SR311C6300,SR311C6300,579.0,0.0,0.0,0.0,1,280.0,978.0,1,579.0,0.0,0.0,0.0,0.0,0.0,489
2023-05-10 22:57:44,SR311C6300,SR311C6300,579.0,0.0,0.0,0.0,6,281.0,978.0,1,579.0,0.0,0.0,0.0,0.0,0.0,489
2023-05-10 22:57:44,SR311C6300,SR311C6300,579.0,0.0,0.0,0.0,1,282.5,978.0,1,579.0,0.0,0.0,0.0,0.0,0.0,489
2023-05-10 22:57:45,SR311C6300,SR311C6300,579.0,0.0,0.0,0.0,6,283.5,978.0,1,579.0,0.0,0.0,0.0,0.0,0.0,489
2023-05-10 22:57:45,SR311C6300,SR311C6300,579.0,0.0,0.0,0.0,1,285.0,978.0,1,579.0,0.0,0.0,0.0,0.0,0.0,489
2023-05-10 22:57:46,SR311C6300,SR311C6300,579.0,0.0,0.0,0.0,6,286.0,978.0,1,579.0,0.0,0.0,0.0,0.0,0.0,489
2023-05-10 22:57:46,SR311C6300,SR311C6300,579.0,0.0,0.0,0.0,1,287.5,978.0,1,579.0,0.0,0.0,0.0,0.0,0.0,489
2023-05-10 22:57:47,SR311C6300,SR311C6300,579.0,0.0,0.0,0.0,6,288.5,978.0,1,579.0,0.0,0.0,0.0,0.0,0.0,489
2023-05-10 22:57:47,SR311C6300,SR311C6300,579.0,0.0,0.0,0.0,1,290.0,978.0,1,579.0,0.0,0.0,0.0,0.0,0.0,489
2023-05-10 22:57:48,SR311C6300,SR311C6300,579.0,0.0,0.0,0.0,6,291.0,978.0,1,579.0,0.0,0.0,0.0,0.0,0.0,489
2023-05-10 22:57:48,SR311C6300,SR311C6300,579.0,0.0,0.0,0.0,1,292.5,978.0,1,579.0,0.0,0.0,0.0,0.0,0.0,489
2023-05-10 22:57:49,SR311C6300,SR311C6300,579.0,0.0,0.0,0.0,6,293.5,978.0,1,579.0,0.0,0.0,0.0,0.0,0.0,489
2023-05-10 22:57:49,SR311C6300,SR311C6300,579.0,0.0,0.0,0.0,1,295.0,978.0,1,579.0,0.0,0.0,0.0,0.0,0.0,489
2023-05-10 22:57:50,SR311C6300,SR311C6300,579.0,0.0,0.0,0.0,6,296.0,978.0,1,579.0,0.0,0.0,0.0,0.0,0.0,489
2023-05-10 22:57:50,SR311C6300,SR311C6300,579.0,0.0,0.0,0.0,1,297.5,978.0,1,579.0,0.0,0.0,0.0,0.0,0.0,489
2023-05-10 22:57:51,SR311C6300,SR311C6300,579.0,0.0,0.0,0.0,6,298.5,978.0,1,579.0,0.0,0.0,0.0,0.0,0.0,489
2023-05-10 22:57:51,SR311C6300,SR311C6300,579.0,0.0,0.0,0.0,1,300.0,978.0,1,579.0,0.0,0.0,0.0,0.0,0.0,489
2023-05-10 22:57:52,SR311C6300,SR311C6300,579.0,0.0,0.0,0.0,6,301.0,978.0,1,579.0,0.0,0.0,0.0,0.0,0.0,489
2023-05-10 22:57:52,SR311C6300,SR311C6300,579.0,0.0,0.0,0.0,1,302.5,978.0,1,579.0,0.0,0.0,0.0,0.0,0.0,489
2023-05-10 22:57:53,SR311C6300,SR311C6300,579.0,0.0,0.0,0.0,6,303.5,978.0,1,579.0,0.0,0.0,0.0,0.0,0.0,489
2023-05-10 22:57:53,SR311C6300,SR311C6300,579.0,0.0,0.0,0.0,1,305.0,978.0,1,579.0,0.0,0.0,0.0,0.0,0.0,489
2023-05-10 22:57:54,SR311C6300,SR311C6300,579.0,0.0,0.0,0.0,6,306.0,978.0,1,579.0,0.0,0.0,0.0,0.0,0.0,489
2023-05-10 22:57:54,SR311C6300,SR311C6300,579.0,0.0,0.0,0.0,1,307.5,978.0,1,579.0,0.0,0.0,0.0,0.0,0.0,489
2023-05-10 22:57:55,SR311C6300,SR311C6300,579.0,0.0,0.0,0.0,6,308.5,978.0,1,579.0,0.0,0.0,0.0,0.0,0.0,489
2023-05-10 22:57:55,SR311C6300,SR311C6300,579.0,0.0,0.0,0.0,1,310.0,978.0,1,579.0,0.0,0.0,0.0,0.0,0.0,489
2023-05-10 22:57:56,SR311C6300,SR311C6300,579.0,0.0,0.0,0.0,6,311.0,978.0,1,579.0,0.0,0.0,0.0,0.0,0.0,489
2023-05-10 22:57:56,SR311C6300,SR311C6300,579.0,0.0,0.0,0.0,1,312.5,978.0,1,579.0,0.0,0.0,0.0,0.0,0.0,489
2023-05-10 22:57:57,SR311C6300,SR311C6300,579.0,0.0,0.0,0.0,6,313.5,978.0,1,579.0,0.0,0.0,0.0,0.0,0.0,489
2023-05-10 22:57:57,SR311C6300,SR311C6300,579.0,0.0,0.0,0.0,1,315.0,978.0,1,579.0,0.0,0.0,0.0,0.0,0.0,489
2023-05-10 22:57:58,SR311C6300,SR311C6300,579.0,0.0,0.0,0.0,6,316.0,978.0,1,579.0,0.0,0.0,0.0,0.0,0.0,489
2023-05-10 22:57:58,SR311C6300,SR311C6300,579.0,0.0,0.0,0.0,1,317.5,978.0,1,579.0,0.0,0.0,0.0,0.0,0.0,489
2023-05-10 22:57:59,SR311C6300,SR311C6300,579.0,0.0,0.0,0.0,6,318.5,978.0,1,579.0,0.0,0.0,0.0,0.0,0.0,489
2023-05-10 22:57:59,SR311C6300,SR311C6300,579.0,0.0,0.0,0.0,1,320.0,978.0,1,579.0,0.0,0.0,0.0,0.0,0.0,489
2023-05-10 22:58:00,SR311C6300,SR311C6300,579.0,0.0,0.0,0.0,6,321.0,978.0,1,579.0,0.0,0.0,0.0,0.0,0.0,489
2023-05-10 22:58:00,SR311C6300,SR311C6300,579.0,0.0,0.0,0.0,1,322.5,978.0,1,579.0,0.0,0.0,0.0,0.0,0.0,489
2023-05-10 22:58:01,SR311C6300,SR311C6300,579.0,0.0,0.0,0.0,6,323.5,978.0,1,579.0,0.0,0.0,0.0,0.0,0.0,489
2023-05-10 22:58:01,SR311C6300,SR311C6300,579.0,0.0,0.0,0.0,1,325.0,978.0,1,579.0,0.0,0.0,0.0,0.0,0.0,489
2023-05-10 22:58:02,SR311C6300,SR311C6300,579.0,0.0,0.0,0.0,6,326.0,978.0,1,579.0,0.0,0.0,0.0,0.0,0.0,489
2023-05-10 22:58:02,SR311C6300,SR311C6300,579.0,0.0,0.0,0.0,1,327.5,978.0,1,579.0,0.0,0.0,0.0,0.0,0.0,489
2023-05-10 22:58:03,SR311C6300,SR311C6300,579.0,0.0,0.0,0.0,6,328.5,978.0,1,579.0,0.0,0.0,0.0,0.0,0.0,489
2023-05-10 22:58:03,SR311C6300,SR311C6300,579.0,0.0,0.0,0.0,1,330.0,978.0,1,579.0,0.0,0.0,0.0,0.0,0.0,489
2023-05-10 22:58:04,SR311C6300,SR311C6300,579.0,0.0,0.0,0.0,6,331.0,978.0,1,579.0,0.0,0.0,0.0,0.0,0.0,489
2023-05-10 22:58:04,SR311C6300,SR311C6300,579.0,0.0,0.0,0.0,1,332.5,978.0,1,579.0,0.0,0.0,0.0,0.0,0.0,489
2023-05-10 22:58:05,SR311C6300,SR311C6300,579.0,0.0,0.0,0.0,6,333.5,978.0,1,579.0,0.0,0.0,0.0,0.0,0.0,489
2023-05-10 22:58:05,SR311C6300,SR311C6300,579.0,0.0,0.0,0.0,1,335.0,978.0,1,579.0,0.0,0.0,0.0,0.0,0.0,489
2023-05-10 22:58:06,SR311C6300,SR311C6300,579.0,0.0,0.0,0.0,6,336.0,978.0,1,579.0,0.0,0.0,0.0,0.0,0.0,489
2023-05-10 22:58:06,SR311C6300,SR311C6300,579.0,0.0,0.0,0.0,1,337.5,978.0,1,579.0,0.0,0.0,0.0,0.0,0.0,489
2023-05-10 22:58:07,SR311C6300,SR311C6300,579.0,0.0,0.0,0.0,6,338.5,978.0,1,579.0,0.0,0.0,0.0,0.0,0.0,489
2023-05-10 22:58:07,SR311C6300,SR311C6300,579.0,0.0,0.0,0.0,1,340.0,978.0,1,579.0,0.0,0.0,0.0,0.0,0.0,489
2023-05-10 22:58:08,SR311C6300,SR311C6300,579.0,0.0,0.0,0.0,6,341.0,978.0,1,579.0,0.0,0.0,0.0,0.0,0.0,489
2023-05-10 22:58:08,SR311C6300,SR311C6300,579.0,0.0,0.0,0.0,1,342.5,978.0,1,579.0,0.0,0.0,0.0,0.0,0.0,489
2023-05-10 22:58:09,SR311C6300,SR311C6300,579.0,0.0,0.0,0.0,6,343.5,978.0,1,579.0,0.0,0.0,0.0,0.0,0.0,489
2023-05-10 22:58:09,SR311C6300,SR311C6300,579.0,0.0,0.0,0.0,1,345.0,978.0,1,579.0,0.0,0.0,0.0,0.0,0.0,489
2023-05-10 22:58:10,SR311C6300,SR311C6300,579.0,0.0,0.0,0.0,6,346.0,978.0,1,579.0,0.0,0.0,0.0,0.0,0.0,489
2023-05-10 22:58:10,SR311C6300,SR311C6300,579.0,0.0,0.0,0.0,1,347.5,978.0,1,579.0,0.0,0.0,0.0,0.0,0.0,489
2023-05-10 22:58:11,SR311C6300,SR311C6300,579.0,0.0,0.0,0.0,6,348.5,978.0,1,579.0,0.0,0.0,0.0,0.0,0.0,489
2023-05-10 22:58:11,SR311C6300,SR311C6300,579.0,0.0,0.0,0.0,1,350.0,978.0,1,579.0,0.0,0.0,0.0,0.0,0.0,489
2023-05-10 22:58:12,SR311C6300,SR311C6300,579.0,0.0,0.0,0.0,6,351.0,978.0,1,579.0,0.0,0.0,0.0,0.0,0.0,489
2023-05-10 22:58:12,SR311C6300,SR311C6300,579.0,0.0,0.0,0.0,1,352.5,978.0,1,579.0,0.0,0.0,0.0,0.0,0.0,489
2023-05-10 22:58:13,SR311C6300,SR311C6300,579.0,0.0,0.0,0.0,6,353.5,978.0,1,579.0,0.0,0.0,0.0,0.0,0.0,489
2023-05-10 22:58:13,SR311C6300,SR311C6300,579.0,0.0,0.0,0.0,1,355.0,978.0,1,579.0,0.0,0.0,0.0,0.0,0.0,489
2023-05-10 22:58:14,SR311C6300,SR311C6300,579.0,0.0,0.0,0.0,6,356.0,978.0,1,579.0,0.0,0.0,0.0,0.0,0.0,489
2023-05-10 22:58:14,SR311C6300,SR311C6300,579.0,0.0,0.0,0.0,1,357.5,978.0,1,579.0,0.0,0.0,0.0,0.0,0.0,489
2023-05-10 22:58:15,SR311C6300,SR311C6300,579.0,0.0,0.0,0.0,6,358.5,978.0,1,579.0,0.0,0.0,0.0,0.0,0.0,489
2023-05-10 22:58:15,SR311C6300,SR311C6300,579.0,0.0,0.0,0.0,1,360.0,978.0,1,579.0,0.0,0.0,0.0,0.0,0.0,489
2023-05-10 22:58:16,SR311C6300,SR311C6300,579.0,0.0,0.0,0.0,6,361.0,978.0,1,579.0,0.0,0.0,0.0,0.0,0.0,489
2023-05-10 22:58:16,SR311C6300,SR311C6300,579.0,0.0,0.0,0.0,1,362.5,978.0,1,579.0,0.0,0.0,0.0,0.0,0.0,489
2023-05-10 22:58:17,SR311C6300,SR311C6300,579.0,0.0,0.0,0.0,6,363.5,978.0,1,579.0,0.0,0.0,0.0,0.0,0.0,489
2023-05-10 22:58:17,SR311C6300,SR311C6300,579.0,0.0,0.0,0.0,1,365.0,978.0,1,579.0,0.0,0.0,0.0,0.0,0.0,489
2023-05-10 22:58:18,SR311C6300,SR311C6300,579.0,0.0,0.0,0.0,6,366.0,978.0,1,579.0,0.0,0.0,0.0,0.0,0.0,489
2023-05-10 22:58:18,SR311C6300,SR311C6300,579.0,0.0,0.0,0.0,1,367.5,978.0,1,579.0,0.0,0.0,0.0,0.0,0.0,489
2023-05-10 22:58:19,SR311C6300,SR311C6300,579.0,0.0,0.0,0.0,6,368.5,978.0,1,579.0,0.0,0.0,0.0,0.0,0.0,489
2023-05-10 22:58:19,SR311C6300,SR311C6300,579.0,0.0,0.0,0.0,1,370.0,978.0,1,579.0,0.0,0.0,0.0,0.0,0.0,489
2023-05-10 22:58:20,SR311C6300,SR311C6300,579.0,0.0,0.0,0.0,6,371.0,978.0,1,579.0,0.0,0.0,0.0,0.0,0.0,489
2023-05-10 22:58:20,SR311C6300,SR311C6300,579.0,0.0,0.0,0.0,1,372.5,978.0,1,579.0,0.0,0.0,0.0,0.0,0.0,489
2023-05-10 22:58:21,SR311C6300,SR311C6300,579.0,0.0,0.0,0.0,6,373.5,978.0,1,579.0,0.0,0.0,0.0,0.0,0.0,489
2023-05-10 22:58:21,SR311C6300,SR311C6300,579.0,0.0,0.0,0.0,1,375.0,978.0,1,579.0,0.0,0.0,0.0,0.0,0.0,489
2023-05-10 22:58:22,SR311C6300,SR311C6300,579.0,0.0,0.0,0.0,6,376.0,978.0,1,579.0,0.0,0.0,0.0,0.0,0.0,489
2023-05-10 22:58:22,SR311C6300,SR311C6300,579.0,0.0,0.0,0.0,1,377.5,978.0,1,579.0,0.0,0.0,0.0,0.0,0.0,489
2023-05-10 22:58:23,SR311C6300,SR311C6300,579.0,0.0,0.0,0.0,6,378.5,978.0,1,579.0,0.0,0.0,0.0,0.0,0.0,489
2023-05-10 22:58:23,SR311C6300,SR311C6300,579.0,0.0,0.0,0.0,1,380.0,978.0,1,579.0,0.0,0.0,0.0,0.0,0.0,489
2023-05-10 22:58:24,SR311C6300,SR311C6300,579.0,0.0,0.0,0.0,6,381.0,978.0,1,579.0,0.0,0.0,0.0,0.0,0.0,489
2023-05-10 22:58:24,SR311C6300,SR311C6300,579.0,0.0,0.0,0.0,1,382.5,978.0,1,579.0,0.0,0.0,0.0,0.0,0.0,489
2023-05-10 22:58:25,SR311C6300,SR311C6300,579.0,0.0,0.0,0.0,6,383.5,978.0,1,579.0,0.0,0.0,0.0,0.0,0.0,489
2023-05-10 22:58:25,SR311C6300,SR311C6300,579.0,0.0,0.0,0.0,1,385.0,978.0,1,579.0,0.0,0.0,0.0,0.0,0.0,489
2023-05-10 22:58:26,SR311C6300,SR311C6300,579.0,0.0,0.0,0.0,6,386.0,978.0,1,579.0,0.0,0.0,0.0,0.0,0.0,489
2023-05-10 22:58:26,SR311C6300,SR311C6300,579.0,0.0,0.0,0.0,1,387.5,978.0,1,579.0,0.0,0.0,0.0,0.0,0.0,489
2023-05-10 22:58:27,SR311C6300,SR311C6300,579.0,0.0,0.0,0.0,6,388.5,978.0,1,579.0,0.0,0.0,0.0,0.0,0.0,489
2023-05-10 22:58:27,SR311C6300,SR311C6300,579.0,0.0,0.0,0.0,1,390.0,978.0,1,579.0,0.0,0.0,0.0,0.0,0.0,489
2023-05-10 22:58:28,SR311C6300,SR311C6300,579.0,0.0,0.0,0.0,6,391.0,978.0,1,579.0,0.0,0.0,0.0,0.0,0.0,489
2023-05-10 22:58:28,SR311C6300,SR311C6300,579.0,0.0,0.0,0.0,1,392.5,978.0,1,579.0,0.0,0.0,0.0,0.0,0.0,489
2023-05-10 22:58:29,SR311C6300,SR311C6300,579.0,0.0,0.0,0.0,6,393.5,978.0,1,579.0,0.0,0.0,0.0,0.0,0.0,489
2023-05-10 22:58:29,SR311C6300,SR311C6300,579.0,0.0,0.0,0.0,1,395.0,978.0,1,579.0,0.0,0.0,0.0,0.0,0.0,489
2023-05-10 22:58:30,SR311C6300,SR311C6300,579.0,0.0,0.0,0.0,6,396.0,978.0,1,579.0,0.0,0.0,0.0,0.0,0.0,489
2023-05-10 22:58:30,SR311C6300,SR311C6300,579.0,0.0,0.0,0.0,1,397.5,978.0,1,579.0,0.0,0.0,0.0,0.0,0.0,489
2023-05-10 22:58:31,SR311C6300,SR311C6300,579.0,0.0,0.0,0.0,6,398.5,978.0,1,579.0,0.0,0.0,0.0,0.0,0.0,489
2023-05-10 22:58:31,SR311C6300,SR311C6300,579.0,0.0,0.0,0.0,1,400.0,978.0,1,579.0,0.0,0.0,0.0,0.0,0.0,489
2023-05-10 22:58:32,SR311C6300,SR311C6300,579.0,0.0,0.0,0.0,6,401.0,978.0,1,579.0,0.0,0.0,0.0,0.0,0.0,489
2023-05-10 22:58:32,SR311C6300,SR311C6300,579.0,0.0,0.0,0.0,1,402.5,978.0,1,579.0,0.0,0.0,0.0,0.0,0.0,489
2023-05-10 22:58:33,SR311C6300,SR311C6300,579.0,0.0,0.0,0.0,6,403.5,978.0,1,579.0,0.0,0.0,0.0,0.0,0.0,489
2023-05-10 22:58:33,SR311C6300,SR311C6300,579.0,0.0,0.0,0.0,1,405.0,978.0,1,579.0,0.0,0.0,0.0,0.0,0.0,489
2023-05-10 22:58:34,SR311C6300,SR311C6300,579.0,0.0,0.0,0.0,6,406.0,978.0,1,579.0,0.0,0.0,0.0,0.0,0.0,489
2023-05-10 22:58:34,SR311C6300,SR311C6300,579.0,0.0,0.0,0.0,1,407.5,978.0,1,579.0,0.0,0.0,0.0,0.0,0.0,489
2023-05-10 22:58:35,SR311C6300,SR311C6300,579.0,0.0,0.0,0.0,6,408.5,978.0,1,579.0,0.0,0.0,0.0,0.0,0.0,489
2023-05-10 22:58:35,SR311C6300,SR311C6300,579.0,0.0,0.0,0.0,1,410.0,978.0,1,579.0,0.0,0.0,0.0,0.0,0.0,489
2023-05-10 22:58:36,SR311C6300,SR311C6300,579.0,0.0,0.0,0.0,6,411.0,978.0,1,579.0,0.0,0.0,0.0,0.0,0.0,489
2023-05-10 22:58:36,SR311C6300,SR311C6300,579.0,0.0,0.0,0.0,1,412.5,978.0,1,579.0,0.0,0.0,0.0,0.0,0.0,489
2023-05-10 22:58:37,SR311C6300,SR311C6300,579.0,0.0,0.0,0.0,6,413.5,978.0,1,579.0,0.0,0.0,0.0,0.0,0.0,489
2023-05-10 22:58:37,SR311C6300,SR311C6300,579.0,0.0,0.0,0.0,1,415.0,978.0,1,579.0,0.0,0.0,0.0,0.0,0.0,489
2023-05-10 22:58:38,SR311C6300,SR311C6300,579.0,0.0,0.0,0.0,6,416.0,978.0,1,579.0,0.0,0.0,0.0,0.0,0.0,489
2023-05-10 22:58:38,SR311C6300,SR311C6300,579.0,0.0,0.0,0.0,1,417.5,978.0,1,579.0,0.0,0.0,0.0,0.0,0.0,489
2023-05-10 22:58:39,SR311C6300,SR311C6300,579.0,0.0,0.0,0.0,6,418.5,978.0,1,579.0,0.0,0.0,0.0,0.0,0.0,489
2023-05-10 22:58:39,SR311C6300,SR311C6300,579.0,0.0,0.0,0.0,1,420.0,978.0,1,579.0,0.0,0.0,0.0,0.0,0.0,489
2023-05-10 22:58:40,SR311C6300,SR311C6300,579.0,0.0,0.0,0.0,6,421.0,978.0,1,579.0,0.0,0.0,0.0,0.0,0.0,489
2023-05-10 22:58:40,SR311C6300,SR311C6300,579.0,0.0,0.0,0.0,1,422.5,978.0,1,579.0,0.0,0.0,0.0,0.0,0.0,489
2023-05-10 22:58:41,SR311C6300,SR311C6300,579.0,0.0,0.0,0.0,6,423.5,978.0,1,579.0,0.0,0.0,0.0,0.0,0.0,489
2023-05-10 22:58:41,SR311C6300,SR311C6300,579.0,0.0,0.0,0.0,1,425.0,978.0,1,579.0,0.0,0.0,0.0,0.0,0.0,489
2023-05-10 22:58:42,SR311C6300,SR311C6300,579.0,0.0,0.0,0.0,6,426.0,978.0,1,579.0,0.0,0.0,0.0,0.0,0.0,489
2023-05-10 22:58:42,SR311C6300,SR311C6300,579.0,0.0,0.0,0.0,1,427.5,978.0,1,579.0,0.0,0.0,0.0,0.0,0.0,489
2023-05-10 22:58:43,SR311C6300,SR311C6300,579.0,0.0,0.0,0.0,6,428.5,978.0,1,579.0,0.0,0.0,0.0,0.0,0.0,489
2023-05-10 22:58:43,SR311C6300,SR311C6300,579.0,0.0,0.0,0.0,1,430.0,978.0,1,579.0,0.0,0.0,0.0,0.0,0.0,489
2023-05-10 22:58:44,SR311C6300,SR311C6300,579.0,0.0,0.0,0.0,6,431.0,978.0,1,579.0,0.0,0.0,0.0,0.0,0.0,489
2023-05-10 22:58:44,SR311C6300,SR311C6300,579.0,0.0,0.0,0.0,1,432.5,978.0,1,579.0,0.0,0.0,0.0,0.0,0.0,489
2023-05-10 22:58:45,SR311C6300,SR311C6300,579.0,0.0,0.0,0.0,6,433.5,978.0,1,579.0,0.0,0.0,0.0,0.0,0.0,489
2023-05-10 22:58:45,SR311C6300,SR311C6300,579.0,0.0,0.0,0.0,1,435.0,978.0,1,579.0,0.0,0.0,0.0,0.0,0.0,489
2023-05-10 22:58:46,SR311C6300,SR311C6300,579.0,0.0,0.0,0.0,6,436.0,978.0,1,579.0,0.0,0.0,0.0,0.0,0.0,489
2023-05-10 22:58:46,SR311C6300,SR311C6300,579.0,0.0,0.0,0.0,1,437.5,978.0,1,579.0,0.0,0.0,0.0,0.0,0.0,489
2023-05-10 22:58:47,SR311C6300,SR311C6300,579.0,0.0,0.0,0.0,6,438.5,978.0,1,579.0,0.0,0.0,0.0,0.0,0.0,489
2023-05-10 22:58:47,SR311C6300,SR311C6300,579.0,0.0,0.0,0.0,1,440.0,978.0,1,579.0,0.0,0.0,0.0,0.0,0.0,489
2023-05-10 22:58:48,SR311C6300,SR311C6300,579.0,0.0,0.0,0.0,6,441.0,978.0,1,579.0,0.0,0.0,0.0,0.0,0.0,489
2023-05-10 22:58:48,SR311C6300,SR311C6300,579.0,0.0,0.0,0.0,1,442.5,978.0,1,579.0,0.0,0.0,0.0,0.0,0.0,489
2023-05-10 22:58:49,SR311C6300,SR311C6300,579.0,0.0,0.0,0.0,6,443.5,978.0,1,579.0,0.0,0.0,0.0,0.0,0.0,489
2023-05-10 22:58:49,SR311C6300,SR311C6300,579.0,0.0,0.0,0.0,1,445.0,978.0,1,579.0,0.0,0.0,0.0,0.0,0.0,489
2023-05-10 22:58:50,SR311C6300,SR311C6300,579.0,0.0,0.0,0.0,6,446.0,978.0,1,579.0,0.0,0.0,0.0,0.0,0.0,489
2023-05-10 22:58:50,SR311C6300,SR311C6300,579.0,0.0,0.0,0.0,1,447.5,978.0,1,579.0,0.0,0.0,0.0,0.0,0.0,489
2023-05-10 22:58:51,SR311C6300,SR311C6300,579.0,0.0,0.0,0.0,6,448.5,978.0,1,579.0,0.0,0.0,0.0,0.0,0.0,489
2023-05-10 22:58:51,SR311C6300,SR311C6300,579.0,0.0,0.0,0.0,1,450.0,978.0,1,579.0,0.0,0.0,0.0,0.0,0.0,489
2023-05-10 22:58:53,SR311C6300,SR311C6300,579.0,0.0,0.0,0.0,6,451.0,978.0,1,579.0,0.0,0.0,0.0,0.0,0.0,489
2023-05-10 22:58:53,SR311C6300,SR311C6300,579.0,0.0,0.0,0.0,1,452.5,978.0,1,579.0,0.0,0.0,0.0,0.0,0.0,489
2023-05-10 22:59:53,SR311C6300,SR311C6300,579.0,0.0,0.0,0.0,0,0.0,0.0,0,579.0,0.0,0.0,0.0,0.0,0.0,489
2023-05-11 09:00:04,SR311C6300,SR311C6300,579.0,0.0,0.0,0.0,1,480.0,753.5,1,579.0,0.0,0.0,0.0,0.0,0.0,489
2023-05-11 09:00:10,SR311C6300,SR311C6300,579.0,0.0,0.0,0.0,1,515.0,718.5,1,579.0,0.0,0.0,0.0,0.0,0.0,489
2023-05-11 09:00:10,SR311C6300,SR311C6300,579.0,0.0,0.0,0.0,10,515.5,718.0,10,579.0,0.0,0.0,0.0,0.0,0.0,489
2023-05-11 09:00:10,SR311C6300,SR311C6300,579.0,0.0,0.0,0.0,1,550.0,683.5,1,579.0,0.0,0.0,0.0,0.0,0.0,489
2023-05-11 09:00:11,SR311C6300,SR311C6300,579.0,0.0,0.0,0.0,1,582.5,648.5,1,579.0,0.0,0.0,0.0,0.0,0.0,489
2023-05-11 09:00:12,SR311C6300,SR311C6300,579.0,0.0,0.0,0.0,10,583.0,648.0,10,579.0,0.0,0.0,0.0,0.0,0.0,489
2023-05-11 09:00:15,SR311C6300,SR311C6300,579.0,0.0,0.0,0.0,10,583.0,634.0,1,579.0,0.0,0.0,0.0,0.0,0.0,489
2023-05-11 09:00:15,SR311C6300,SR311C6300,579.0,0.0,0.0,0.0,10,583.0,633.5,10,579.0,0.0,0.0,0.0,0.0,0.0,489
2023-05-11 09:00:15,SR311C6300,SR311C6300,579.0,0.0,0.0,0.0,10,583.0,634.0,1,579.0,0.0,0.0,0.0,0.0,0.0,489
2023-05-11 09:00:15,SR311C6300,SR311C6300,579.0,0.0,0.0,0.0,10,583.0,633.5,10,579.0,0.0,0.0,0.0,0.0,0.0,489
2023-05-11 09:01:27,SR311C6300,SR311C6300,579.0,0.0,0.0,0.0,10,583.0,634.0,1,579.0,0.0,0.0,0.0,0.0,0.0,489
2023-05-11 09:01:27,SR311C6300,SR311C6300,579.0,0.0,0.0,0.0,10,583.0,634.0,11,579.0,0.0,0.0,0.0,0.0,0.0,489
2023-05-11 09:01:29,SR311C6300,SR311C6300,579.0,0.0,0.0,0.0,10,583.0,634.0,1,579.0,0.0,0.0,0.0,0.0,0.0,489
2023-05-11 09:01:50,SR311C6300,SR311C6300,579.0,0.0,0.0,0.0,10,583.0,634.0,11,579.0,0.0,0.0,0.0,0.0,0.0,489
2023-05-11 09:01:52,SR311C6300,SR311C6300,579.0,0.0,0.0,0.0,10,583.0,634.0,1,579.0,0.0,0.0,0.0,0.0,0.0,489
2023-05-11 09:03:01,SR311C6300,SR311C6300,579.0,0.0,0.0,0.0,10,583.0,633.5,10,579.0,0.0,0.0,0.0,0.0,0.0,489
2023-05-11 09:47:48,SR311C6300,SR311C6300,579.0,0.0,0.0,0.0,10,583.0,620.0,1,579.0,0.0,0.0,0.0,0.0,0.0,489
2023-05-11 09:47:49,SR311C6300,SR311C6300,579.0,0.0,0.0,0.0,10,583.0,619.5,10,579.0,0.0,0.0,0.0,0.0,0.0,489
2023-05-11 09:54:49,SR311C6300,SR311C6300,579.0,0.0,0.0,0.0,10,583.0,607.0,1,579.0,0.0,0.0,0.0,0.0,0.0,489
2023-05-11 09:54:50,SR311C6300,SR311C6300,579.0,0.0,0.0,0.0,10,583.0,606.5,10,579.0,0.0,0.0,0.0,0.0,0.0,489
2023-05-11 10:02:44,SR311C6300,SR311C6300,579.0,0.0,0.0,0.0,1,566.0,606.5,10,579.0,0.0,0.0,0.0,0.0,0.0,489
2023-05-11 10:02:44,SR311C6300,SR311C6300,579.0,0.0,0.0,0.0,10,566.5,606.5,10,579.0,0.0,0.0,0.0,0.0,0.0,489
2023-05-11 10:03:59,SR311C6300,SR311C6300,579.0,0.0,0.0,0.0,10,566.5,595.0,1,579.0,0.0,0.0,0.0,0.0,0.0,489
2023-05-11 10:04:00,SR311C6300,SR311C6300,579.0,0.0,0.0,0.0,10,566.5,594.5,10,579.0,0.0,0.0,0.0,0.0,0.0,489
2023-05-11 10:04:37,SR311C6300,SR311C6300,579.0,0.0,0.0,0.0,10,550.5,594.5,10,579.0,0.0,0.0,0.0,0.0,0.0,489
2023-05-11 10:10:46,SR311C6300,SR311C6300,579.0,0.0,0.0,0.0,10,550.5,582.0,1,579.0,0.0,0.0,0.0,0.0,0.0,489
2023-05-11 10:10:47,SR311C6300,SR311C6300,579.0,0.0,0.0,0.0,10,550.5,581.5,10,579.0,0.0,0.0,0.0,0.0,0.0,489
2023-05-11 10:14:33,SR311C6300,SR311C6300,579.0,0.0,0.0,0.0,1,550.0,582.0,1,579.0,0.0,0.0,0.0,0.0,0.0,489
2023-05-11 10:30:05,SR311C6300,SR311C6300,579.0,0.0,0.0,0.0,10,550.5,581.5,10,579.0,0.0,0.0,0.0,0.0,0.0,489
2023-05-11 10:37:42,SR311C6300,SR311C6300,579.0,0.0,0.0,0.0,10,550.5,597.5,1,579.0,0.0,0.0,0.0,0.0,0.0,489
2023-05-11 10:37:42,SR311C6300,SR311C6300,579.0,0.0,0.0,0.0,10,550.5,597.0,10,579.0,0.0,0.0,0.0,0.0,0.0,489
2023-05-11 10:51:15,SR311C6300,SR311C6300,579.0,0.0,0.0,0.0,1,563.5,597.0,10,579.0,0.0,0.0,0.0,0.0,0.0,489
2023-05-11 10:51:15,SR311C6300,SR311C6300,579.0,0.0,0.0,0.0,10,564.0,597.0,10,579.0,0.0,0.0,0.0,0.0,0.0,489
2023-05-11 11:13:24,SR311C6300,SR311C6300,579.0,0.0,0.0,0.0,10,564.0,613.0,10,579.0,0.0,0.0,0.0,0.0,0.0,489
2023-05-11 11:14:31,SR311C6300,SR311C6300,579.0,0.0,0.0,0.0,1,576.5,613.0,10,579.0,0.0,0.0,0.0,0.0,0.0,489
2023-05-11 11:14:32,SR311C6300,SR311C6300,579.0,0.0,0.0,0.0,10,577.0,613.0,10,579.0,0.0,0.0,0.0,0.0,0.0,489
2023-05-11 11:29:33,SR311C6300,SR311C6300,579.0,0.0,0.0,0.0,1,576.5,613.5,1,579.0,0.0,0.0,0.0,0.0,0.0,489
2023-05-11 11:29:37,SR311C6300,SR311C6300,579.0,0.0,0.0,0.0,10,577.0,613.0,10,579.0,0.0,0.0,0.0,0.0,0.0,489
2023-05-11 11:29:39,SR311C6300,SR311C6300,579.0,0.0,0.0,0.0,1,576.5,613.5,1,579.0,0.0,0.0,0.0,0.0,0.0,489
2023-05-11 11:29:46,SR311C6300,SR311C6300,579.0,0.0,0.0,0.0,1,466.0,613.5,1,579.0,0.0,0.0,0.0,0.0,0.0,489
2023-05-11 13:30:04,SR311C6300,SR311C6300,579.0,0.0,0.0,0.0,1,466.0,632.0,1,579.0,0.0,0.0,0.0,0.0,0.0,489
2023-05-11 13:30:04,SR311C6300,SR311C6300,579.0,0.0,0.0,0.0,10,466.5,631.5,10,579.0,0.0,0.0,0.0,0.0,0.0,489
2023-05-11 13:30:06,SR311C6300,SR311C6300,579.0,0.0,0.0,0.0,1,501.0,631.5,10,579.0,0.0,0.0,0.0,0.0,0.0,489
2023-05-11 13:30:06,SR311C6300,SR311C6300,579.0,0.0,0.0,0.0,10,501.5,631.5,10,579.0,0.0,0.0,0.0,0.0,0.0,489
2023-05-11 13:30:07,SR311C6300,SR311C6300,579.0,0.0,0.0,0.0,1,536.0,631.5,10,579.0,0.0,0.0,0.0,0.0,0.0,489
2023-05-11 13:30:07,SR311C6300,SR311C6300,579.0,0.0,0.0,0.0,1,571.0,631.5,10,579.0,0.0,0.0,0.0,0.0,0.0,489
2023-05-11 13:30:08,SR311C6300,SR311C6300,579.0,0.0,0.0,0.0,10,571.5,631.5,10,579.0,0.0,0.0,0.0,0.0,0.0,489
2023-05-11 13:48:32,SR311C6300,SR311C6300,579.0,0.0,0.0,0.0,1,588.0,631.5,10,579.0,0.0,0.0,0.0,0.0,0.0,489
2023-05-11 13:48:33,SR311C6300,SR311C6300,579.0,0.0,0.0,0.0,10,588.5,631.5,10,579.0,0.0,0.0,0.0,0.0,0.0,489
2023-05-11 14:56:56,SR311C6300,SR311C6300,579.0,0.0,0.0,0.0,10,569.0,631.5,10,579.0,0.0,0.0,0.0,0.0,0.0,489
2023-05-11 14:59:03,SR311C6300,SR311C6300,579.0,0.0,0.0,0.0,1,568.5,632.0,1,579.0,0.0,0.0,0.0,0.0,0.0,489
2023-05-11 14:59:15,SR311C6300,SR311C6300,579.0,0.0,0.0,0.0,1,462.5,632.0,1,579.0,0.0,0.0,0.0,0.0,0.0,489
