time,symbol_id,symbol_name,last,trade_volume,trade_amount,open_interest_change,bv1,bp1,ap1,av1,yesterday_close,today_open,today_high,today_low,volume,amount,open_interest
2023-05-10 19:12:58,SR311C7100,白糖2311购7100,170.0,0.0,0.0,-20.0,0,0.0,0.0,0,170.0,168.0,0.0,0.0,0.0,0.0,690
2023-05-10 20:59:00,SR311C7100,白糖2311购7100,170.0,0.0,0.0,0.0,1,66.0,0.0,0,170.0,168.0,0.0,0.0,0.0,0.0,690
2023-05-10 21:00:00,SR311C7100,白糖2311购7100,170.0,0.0,0.0,0.0,10,69.0,0.0,0,170.0,168.0,0.0,0.0,0.0,0.0,690
2023-05-10 21:00:01,SR311C7100,白糖2311购7100,170.0,0.0,0.0,0.0,11,100.5,305.0,11,170.0,168.0,0.0,0.0,0.0,0.0,690
2023-05-10 21:00:02,SR311C7100,白糖2311购7100,170.0,0.0,0.0,0.0,11,100.5,302.0,10,170.0,168.0,0.0,0.0,0.0,0.0,690
2023-05-10 21:00:03,SR311C7100,白糖2311购7100,170.0,0.0,0.0,0.0,10,101.0,301.5,10,170.0,168.0,0.0,0.0,0.0,0.0,690
2023-05-10 21:00:03,SR311C7100,白糖2311购7100,170.0,0.0,0.0,0.0,10,101.0,267.5,11,170.0,168.0,0.0,0.0,0.0,0.0,690
2023-05-10 21:00:04,SR311C7100,白糖2311购7100,170.0,0.0,0.0,0.0,11,135.5,267.5,11,170.0,168.0,0.0,0.0,0.0,0.0,690
2023-05-10 21:00:04,SR311C7100,白糖2311购7100,170.0,0.0,0.0,0.0,11,135.5,267.0,10,170.0,168.0,0.0,0.0,0.0,0.0,690
2023-05-10 21:00:06,SR311C7100,白糖2311购7100,170.0,0.0,0.0,0.0,11,158.5,232.5,11,170.0,168.0,0.0,0.0,0.0,0.0,690
2023-05-10 21:00:06,SR311C7100,白糖2311购7100,170.0,0.0,0.0,0.0,11,158.5,232.0,10,170.0,168.0,0.0,0.0,0.0,0.0,690
2023-05-10 21:00:07,SR311C7100,白糖2311购7100,170.0,0.0,0.0,0.0,11,158.5,197.5,11,170.0,168.0,0.0,0.0,0.0,0.0,690
2023-05-10 21:00:07,SR311C7100,白糖2311购7100,170.0,0.0,0.0,0.0,11,158.5,181.0,11,170.0,168.0,0.0,0.0,0.0,0.0,690
2023-05-10 21:00:14,SR311C7100,白糖2311购7100,170.0,0.0,0.0,0.0,2,158.0,194.0,10,170.0,168.0,0.0,0.0,0.0,0.0,690
2023-05-10 21:00:15,SR311C7100,白糖2311购7100,170.0,0.0,0.0,0.0,2,158.0,181.5,2,170.0,168.0,0.0,0.0,0.0,0.0,690
2023-05-10 21:01:08,SR311C7100,白糖2311购7100,170.0,0.0,0.0,0.0,5,166.5,181.5,2,170.0,168.0,0.0,0.0,0.0,0.0,690
2023-05-10 21:01:10,SR311C7100,白糖2311购7100,170.0,0.0,0.0,0.0,5,166.5,171.0,5,170.0,168.0,0.0,0.0,0.0,0.0,690
2023-05-10 21:01:13,SR311C7100,白糖2311购7100,170.0,0.0,0.0,0.0,5,166.5,170.5,5,170.0,168.0,0.0,0.0,0.0,0.0,690
2023-05-10 21:01:31,SR311C7100,白糖2311购7100,170.0,0.0,0.0,0.0,5,167.0,170.5,5,170.0,168.0,0.0,0.0,0.0,0.0,690
2023-05-10 21:01:31,SR311C7100,白糖2311购7100,170.0,0.0,0.0,0.0,5,167.0,171.0,5,170.0,168.0,0.0,0.0,0.0,0.0,690
2023-05-10 21:01:34,SR311C7100,白糖2311购7100,170.0,0.0,0.0,0.0,15,167.0,171.0,5,170.0,168.0,0.0,0.0,0.0,0.0,690
2023-05-10 21:01:34,SR311C7100,白糖2311购7100,170.0,0.0,0.0,0.0,5,167.5,172.5,5,170.0,168.0,0.0,0.0,0.0,0.0,690
2023-05-10 21:01:35,SR311C7100,白糖2311购7100,170.0,0.0,0.0,0.0,10,168.5,172.5,5,170.0,168.0,0.0,0.0,0.0,0.0,690
2023-05-10 21:01:36,SR311C7100,白糖2311购7100,170.0,0.0,0.0,0.0,15,168.5,172.5,5,170.0,168.0,0.0,0.0,0.0,0.0,690
2023-05-10 21:01:37,SR311C7100,白糖2311购7100,170.0,0.0,0.0,0.0,5,168.5,172.5,5,170.0,168.0,0.0,0.0,0.0,0.0,690
2023-05-10 21:01:41,SR311C7100,白糖2311购7100,170.0,0.0,0.0,0.0,5,168.5,171.5,5,170.0,168.0,0.0,0.0,0.0,0.0,690
2023-05-10 21:01:44,SR311C7100,白糖2311购7100,170.0,0.0,0.0,0.0,5,167.5,171.5,5,170.0,168.0,0.0,0.0,0.0,0.0,690
2023-05-10 21:01:58,SR311C7100,白糖2311购7100,170.0,0.0,0.0,0.0,5,167.5,172.5,5,170.0,168.0,0.0,0.0,0.0,0.0,690
2023-05-10 21:02:00,SR311C7100,白糖2311购7100,170.0,0.0,0.0,0.0,5,167.5,171.5,5,170.0,168.0,0.0,0.0,0.0,0.0,690
2023-05-10 21:02:19,SR311C7100,白糖2311购7100,170.0,0.0,0.0,0.0,5,167.5,172.5,5,170.0,168.0,0.0,0.0,0.0,0.0,690
2023-05-10 21:02:30,SR311C7100,白糖2311购7100,170.0,0.0,0.0,0.0,5,168.5,172.5,5,170.0,168.0,0.0,0.0,0.0,0.0,690
2023-05-10 21:02:50,SR311C7100,白糖2311购7100,170.0,0.0,0.0,0.0,5,169.5,172.5,5,170.0,168.0,0.0,0.0,0.0,0.0,690
2023-05-10 21:03:22,SR311C7100,白糖2311购7100,170.0,0.0,0.0,0.0,10,169.0,172.5,5,170.0,168.0,0.0,0.0,0.0,0.0,690
2023-05-10 21:03:24,SR311C7100,白糖2311购7100,170.0,0.0,0.0,0.0,20,169.0,171.5,5,170.0,168.0,0.0,0.0,0.0,0.0,690
2023-05-10 21:03:24,SR311C7100,白糖2311购7100,170.0,0.0,0.0,0.0,5,168.5,171.5,5,170.0,168.0,0.0,0.0,0.0,0.0,690
2023-05-10 21:03:31,SR311C7100,白糖2311购7100,170.0,0.0,0.0,0.0,5,168.5,171.5,15,170.0,168.0,0.0,0.0,0.0,0.0,690
2023-05-10 21:03:34,SR311C7100,白糖2311购7100,170.0,0.0,0.0,0.0,5,168.5,171.5,10,170.0,168.0,0.0,0.0,0.0,0.0,690
2023-05-10 21:03:35,SR311C7100,白糖2311购7100,170.0,0.0,0.0,0.0,5,169.5,171.5,10,170.0,168.0,0.0,0.0,0.0,0.0,690
2023-05-10 21:03:36,SR311C7100,白糖2311购7100,170.0,0.0,0.0,0.0,5,169.5,172.5,25,170.0,168.0,0.0,0.0,0.0,0.0,690
2023-05-10 21:03:45,SR311C7100,白糖2311购7100,170.0,0.0,0.0,0.0,25,168.5,172.5,25,170.0,168.0,0.0,0.0,0.0,0.0,690
2023-05-10 21:03:46,SR311C7100,白糖2311购7100,170.0,0.0,0.0,0.0,25,168.5,171.5,15,170.0,168.0,0.0,0.0,0.0,0.0,690
2023-05-10 21:03:47,SR311C7100,白糖2311购7100,170.0,0.0,0.0,0.0,25,168.5,171.5,25,170.0,168.0,0.0,0.0,0.0,0.0,690
2023-05-10 21:03:48,SR311C7100,白糖2311购7100,170.0,0.0,0.0,0.0,5,168.5,171.5,25,170.0,168.0,0.0,0.0,0.0,0.0,690
2023-05-10 21:04:04,SR311C7100,白糖2311购7100,170.0,0.0,0.0,0.0,5,168.5,169.0,1,170.0,168.0,0.0,0.0,0.0,0.0,690
2023-05-10 21:04:07,SR311C7100,白糖2311购7100,170.0,0.0,0.0,0.0,5,168.5,169.0,2,170.0,168.0,0.0,0.0,0.0,0.0,690
2023-05-10 21:04:11,SR311C7100,白糖2311购7100,170.0,0.0,0.0,0.0,20,168.0,169.0,2,170.0,168.0,0.0,0.0,0.0,0.0,690
2023-05-10 21:04:12,SR311C7100,白糖2311购7100,170.0,0.0,0.0,0.0,35,167.5,169.0,2,170.0,168.0,0.0,0.0,0.0,0.0,690
2023-05-10 21:04:13,SR311C7100,白糖2311购7100,170.0,0.0,0.0,0.0,25,167.5,169.0,2,170.0,168.0,0.0,0.0,0.0,0.0,690
2023-05-10 21:04:13,SR311C7100,白糖2311购7100,168.0,1.0,168.0,0.0,5,167.5,169.0,2,170.0,168.0,168.0,168.0,1.0,168.0,690
2023-05-10 21:04:16,SR311C7100,白糖2311购7100,169.0,2.0,337.5,0.0,5,167.5,169.5,10,170.0,168.0,169.0,168.0,3.0,505.5,690
2023-05-10 21:04:17,SR311C7100,白糖2311购7100,169.0,0.0,0.0,0.0,5,167.5,171.5,25,170.0,168.0,169.0,168.0,3.0,505.5,690
2023-05-10 21:04:17,SR311C7100,白糖2311购7100,169.0,0.0,0.0,0.0,5,167.5,170.0,10,170.0,168.0,169.0,168.0,3.0,505.5,690
2023-05-10 21:04:18,SR311C7100,白糖2311购7100,169.0,0.0,0.0,0.0,5,167.5,171.5,25,170.0,168.0,169.0,168.0,3.0,505.5,690
2023-05-10 21:04:18,SR311C7100,白糖2311购7100,169.0,0.0,0.0,0.0,5,167.5,170.5,10,170.0,168.0,169.0,168.0,3.0,505.5,690
2023-05-10 21:04:19,SR311C7100,白糖2311购7100,169.0,0.0,0.0,0.0,5,167.5,171.5,5,170.0,168.0,169.0,168.0,3.0,505.5,690
2023-05-10 21:04:19,SR311C7100,白糖2311购7100,169.0,0.0,0.0,0.0,5,167.5,171.0,20,170.0,168.0,169.0,168.0,3.0,505.5,690
2023-05-10 21:04:20,SR311C7100,白糖2311购7100,169.0,0.0,0.0,0.0,5,167.5,171.5,5,170.0,168.0,169.0,168.0,3.0,505.5,690
2023-05-10 21:04:20,SR311C7100,白糖2311购7100,169.0,0.0,0.0,0.0,5,167.5,171.5,15,170.0,168.0,169.0,168.0,3.0,505.5,690
2023-05-10 21:04:21,SR311C7100,白糖2311购7100,169.0,0.0,0.0,0.0,5,167.5,171.5,5,170.0,168.0,169.0,168.0,3.0,505.5,690
2023-05-10 21:04:43,SR311C7100,白糖2311购7100,169.0,0.0,0.0,0.0,15,167.5,171.5,5,170.0,168.0,169.0,168.0,3.0,505.5,690
2023-05-10 21:04:52,SR311C7100,白糖2311购7100,169.0,0.0,0.0,0.0,15,168.5,171.5,5,170.0,168.0,169.0,168.0,3.0,505.5,690
2023-05-10 21:04:53,SR311C7100,白糖2311购7100,169.0,0.0,0.0,0.0,25,168.5,171.5,5,170.0,168.0,169.0,168.0,3.0,505.5,690
2023-05-10 21:05:06,SR311C7100,白糖2311购7100,169.0,0.0,0.0,0.0,25,168.5,172.0,30,170.0,168.0,169.0,168.0,3.0,505.5,690
2023-05-10 21:05:07,SR311C7100,白糖2311购7100,169.0,0.0,0.0,0.0,35,168.5,172.0,20,170.0,168.0,169.0,168.0,3.0,505.5,690
2023-05-10 21:05:08,SR311C7100,白糖2311购7100,169.0,0.0,0.0,0.0,5,169.5,172.5,35,170.0,168.0,169.0,168.0,3.0,505.5,690
2023-05-10 21:05:08,SR311C7100,白糖2311购7100,169.0,0.0,0.0,0.0,15,169.5,172.5,25,170.0,168.0,169.0,168.0,3.0,505.5,690
2023-05-10 21:05:08,SR311C7100,白糖2311购7100,169.0,0.0,0.0,0.0,15,169.5,172.5,5,170.0,168.0,169.0,168.0,3.0,505.5,690
2023-05-10 21:05:10,SR311C7100,白糖2311购7100,169.0,0.0,0.0,0.0,25,169.5,172.5,5,170.0,168.0,169.0,168.0,3.0,505.5,690
2023-05-10 21:05:25,SR311C7100,白糖2311购7100,169.0,0.0,0.0,0.0,15,169.5,172.5,5,170.0,168.0,169.0,168.0,3.0,505.5,690
2023-05-10 21:05:25,SR311C7100,白糖2311购7100,169.0,0.0,0.0,0.0,5,169.5,172.5,5,170.0,168.0,169.0,168.0,3.0,505.5,690
2023-05-10 21:05:32,SR311C7100,白糖2311购7100,169.0,0.0,0.0,0.0,30,169.0,172.5,5,170.0,168.0,169.0,168.0,3.0,505.5,690
2023-05-10 21:05:33,SR311C7100,白糖2311购7100,169.0,0.0,0.0,0.0,20,169.0,172.5,5,170.0,168.0,169.0,168.0,3.0,505.5,690
2023-05-10 21:05:33,SR311C7100,白糖2311购7100,169.0,0.0,0.0,0.0,45,168.5,172.5,5,170.0,168.0,169.0,168.0,3.0,505.5,690
2023-05-10 21:05:34,SR311C7100,白糖2311购7100,169.0,0.0,0.0,0.0,35,168.5,172.5,5,170.0,168.0,169.0,168.0,3.0,505.5,690
2023-05-10 21:05:37,SR311C7100,白糖2311购7100,169.0,0.0,0.0,0.0,35,168.5,171.5,5,170.0,168.0,169.0,168.0,3.0,505.5,690
2023-05-10 21:05:38,SR311C7100,白糖2311购7100,169.0,0.0,0.0,0.0,15,168.5,171.5,5,170.0,168.0,169.0,168.0,3.0,505.5,690
2023-05-10 21:05:38,SR311C7100,白糖2311购7100,169.0,0.0,0.0,0.0,5,168.5,171.5,5,170.0,168.0,169.0,168.0,3.0,505.5,690
2023-05-10 21:05:51,SR311C7100,白糖2311购7100,169.0,0.0,0.0,0.0,15,168.5,171.5,5,170.0,168.0,169.0,168.0,3.0,505.5,690
2023-05-10 21:05:53,SR311C7100,白糖2311购7100,169.0,0.0,0.0,0.0,5,168.5,171.5,5,170.0,168.0,169.0,168.0,3.0,505.5,690
2023-05-10 21:05:56,SR311C7100,白糖2311购7100,169.0,0.0,0.0,0.0,15,168.5,171.5,5,170.0,168.0,169.0,168.0,3.0,505.5,690
2023-05-10 21:07:10,SR311C7100,白糖2311购7100,169.0,0.0,0.0,0.0,10,168.5,171.5,5,170.0,168.0,169.0,168.0,3.0,505.5,690
2023-05-10 21:07:11,SR311C7100,白糖2311购7100,169.0,0.0,0.0,0.0,20,168.0,171.5,5,170.0,168.0,169.0,168.0,3.0,505.5,690
2023-05-10 21:07:12,SR311C7100,白糖2311购7100,169.0,0.0,0.0,0.0,65,167.5,171.5,5,170.0,168.0,169.0,168.0,3.0,505.5,690
2023-05-10 21:07:13,SR311C7100,白糖2311购7100,169.0,0.0,0.0,0.0,10,168.0,171.5,15,170.0,168.0,169.0,168.0,3.0,505.5,690
2023-05-10 21:07:19,SR311C7100,白糖2311购7100,169.0,0.0,0.0,0.0,10,168.0,170.5,5,170.0,168.0,169.0,168.0,3.0,505.5,690
2023-05-10 21:07:21,SR311C7100,白糖2311购7100,169.0,0.0,0.0,0.0,20,168.0,170.5,5,170.0,168.0,169.0,168.0,3.0,505.5,690
2023-05-10 21:07:31,SR311C7100,白糖2311购7100,169.0,0.0,0.0,0.0,10,168.0,170.5,5,170.0,168.0,169.0,168.0,3.0,505.5,690
2023-05-10 21:07:31,SR311C7100,白糖2311购7100,169.0,0.0,0.0,0.0,45,167.5,170.5,5,170.0,168.0,169.0,168.0,3.0,505.5,690
2023-05-10 21:07:32,SR311C7100,白糖2311购7100,169.0,0.0,0.0,0.0,35,167.5,170.5,5,170.0,168.0,169.0,168.0,3.0,505.5,690
2023-05-10 21:07:39,SR311C7100,白糖2311购7100,169.0,0.0,0.0,0.0,30,167.5,169.5,5,170.0,168.0,169.0,168.0,3.0,505.5,690
2023-05-10 21:07:40,SR311C7100,白糖2311购7100,169.0,0.0,0.0,0.0,20,167.5,169.5,5,170.0,168.0,169.0,168.0,3.0,505.5,690
2023-05-10 21:07:40,SR311C7100,白糖2311购7100,169.0,0.0,0.0,0.0,10,167.5,169.5,5,170.0,168.0,169.0,168.0,3.0,505.5,690
2023-05-10 21:07:41,SR311C7100,白糖2311购7100,169.0,0.0,0.0,0.0,35,167.0,169.5,5,170.0,168.0,169.0,168.0,3.0,505.5,690
2023-05-10 21:07:42,SR311C7100,白糖2311购7100,169.0,0.0,0.0,0.0,25,167.0,169.5,5,170.0,168.0,169.0,168.0,3.0,505.5,690
2023-05-10 21:07:44,SR311C7100,白糖2311购7100,169.0,0.0,0.0,0.0,20,167.0,169.5,5,170.0,168.0,169.0,168.0,3.0,505.5,690
2023-05-10 21:08:09,SR311C7100,白糖2311购7100,169.0,0.0,0.0,0.0,20,167.0,168.5,5,170.0,168.0,169.0,168.0,3.0,505.5,690
2023-05-10 21:08:09,SR311C7100,白糖2311购7100,169.0,0.0,0.0,0.0,10,167.0,168.5,5,170.0,168.0,169.0,168.0,3.0,505.5,690
2023-05-10 21:08:10,SR311C7100,白糖2311购7100,169.0,0.0,0.0,0.0,50,166.5,168.5,5,170.0,168.0,169.0,168.0,3.0,505.5,690
2023-05-10 21:08:10,SR311C7100,白糖2311购7100,169.0,0.0,0.0,0.0,40,166.5,168.5,5,170.0,168.0,169.0,168.0,3.0,505.5,690
2023-05-10 21:09:01,SR311C7100,白糖2311购7100,169.0,0.0,0.0,0.0,30,166.5,169.0,10,170.0,168.0,169.0,168.0,3.0,505.5,690
2023-05-10 21:09:01,SR311C7100,白糖2311购7100,169.0,0.0,0.0,0.0,20,166.5,169.0,10,170.0,168.0,169.0,168.0,3.0,505.5,690
2023-05-10 21:09:01,SR311C7100,白糖2311购7100,169.0,0.0,0.0,0.0,20,166.5,169.5,15,170.0,168.0,169.0,168.0,3.0,505.5,690
2023-05-10 21:09:02,SR311C7100,白糖2311购7100,169.0,0.0,0.0,0.0,20,166.5,169.5,25,170.0,168.0,169.0,168.0,3.0,505.5,690
2023-05-10 21:09:02,SR311C7100,白糖2311购7100,169.0,0.0,0.0,0.0,30,166.5,169.5,25,170.0,168.0,169.0,168.0,3.0,505.5,690
2023-05-10 21:09:15,SR311C7100,白糖2311购7100,169.0,0.0,0.0,0.0,20,166.5,169.5,25,170.0,168.0,169.0,168.0,3.0,505.5,690
2023-05-10 21:09:20,SR311C7100,白糖2311购7100,169.0,0.0,0.0,0.0,20,166.5,168.5,10,170.0,168.0,169.0,168.0,3.0,505.5,690
2023-05-10 21:09:21,SR311C7100,白糖2311购7100,169.0,0.0,0.0,0.0,25,166.0,168.5,20,170.0,168.0,169.0,168.0,3.0,505.5,690
2023-05-10 21:09:21,SR311C7100,白糖2311购7100,169.0,0.0,0.0,0.0,35,166.0,168.5,20,170.0,168.0,169.0,168.0,3.0,505.5,690
2023-05-10 21:09:22,SR311C7100,白糖2311购7100,169.0,0.0,0.0,0.0,25,166.0,168.5,10,170.0,168.0,169.0,168.0,3.0,505.5,690
2023-05-10 21:09:25,SR311C7100,白糖2311购7100,169.0,0.0,0.0,0.0,25,166.0,168.5,15,170.0,168.0,169.0,168.0,3.0,505.5,690
2023-05-10 21:09:28,SR311C7100,白糖2311购7100,169.0,0.0,0.0,0.0,25,166.0,168.5,25,170.0,168.0,169.0,168.0,3.0,505.5,690
2023-05-10 21:09:51,SR311C7100,白糖2311购7100,169.0,0.0,0.0,0.0,25,166.0,168.5,15,170.0,168.0,169.0,168.0,3.0,505.5,690
2023-05-10 21:09:51,SR311C7100,白糖2311购7100,169.0,0.0,0.0,0.0,25,166.0,168.5,5,170.0,168.0,169.0,168.0,3.0,505.5,690
2023-05-10 21:09:55,SR311C7100,白糖2311购7100,169.0,0.0,0.0,0.0,25,166.0,168.5,25,170.0,168.0,169.0,168.0,3.0,505.5,690
2023-05-10 21:10:00,SR311C7100,白糖2311购7100,169.0,0.0,0.0,0.0,10,166.0,168.5,25,170.0,168.0,169.0,168.0,3.0,505.5,690
2023-05-10 21:10:00,SR311C7100,白糖2311购7100,169.0,0.0,0.0,0.0,40,165.5,168.5,25,170.0,168.0,169.0,168.0,3.0,505.5,690
2023-05-10 21:10:01,SR311C7100,白糖2311购7100,169.0,0.0,0.0,0.0,20,165.5,168.5,25,170.0,168.0,169.0,168.0,3.0,505.5,690
2023-05-10 21:10:07,SR311C7100,白糖2311购7100,169.0,0.0,0.0,0.0,10,165.5,167.5,5,170.0,168.0,169.0,168.0,3.0,505.5,690
2023-05-10 21:10:08,SR311C7100,白糖2311购7100,169.0,0.0,0.0,0.0,30,165.0,167.5,5,170.0,168.0,169.0,168.0,3.0,505.5,690
2023-05-10 21:10:08,SR311C7100,白糖2311购7100,169.0,0.0,0.0,0.0,20,165.0,167.5,5,170.0,168.0,169.0,168.0,3.0,505.5,690
2023-05-10 21:10:09,SR311C7100,白糖2311购7100,169.0,0.0,0.0,0.0,10,164.5,167.5,5,170.0,168.0,169.0,168.0,3.0,505.5,690
2023-05-10 21:10:09,SR311C7100,白糖2311购7100,169.0,0.0,0.0,0.0,30,164.5,167.5,5,170.0,168.0,169.0,168.0,3.0,505.5,690
2023-05-10 21:10:09,SR311C7100,白糖2311购7100,169.0,0.0,0.0,0.0,20,164.5,167.5,5,170.0,168.0,169.0,168.0,3.0,505.5,690
2023-05-10 21:10:15,SR311C7100,白糖2311购7100,169.0,0.0,0.0,0.0,30,164.5,167.5,5,170.0,168.0,169.0,168.0,3.0,505.5,690
2023-05-10 21:10:17,SR311C7100,白糖2311购7100,169.0,0.0,0.0,0.0,45,164.5,167.5,5,170.0,168.0,169.0,168.0,3.0,505.5,690
2023-05-10 21:10:21,SR311C7100,白糖2311购7100,169.0,0.0,0.0,0.0,35,164.5,167.5,5,170.0,168.0,169.0,168.0,3.0,505.5,690
2023-05-10 21:10:24,SR311C7100,白糖2311购7100,169.0,0.0,0.0,0.0,25,164.5,167.5,5,170.0,168.0,169.0,168.0,3.0,505.5,690
2023-05-10 21:10:55,SR311C7100,白糖2311购7100,169.0,0.0,0.0,0.0,25,164.5,167.0,10,170.0,168.0,169.0,168.0,3.0,505.5,690
2023-05-10 21:11:04,SR311C7100,白糖2311购7100,169.0,0.0,0.0,0.0,25,164.5,167.5,25,170.0,168.0,169.0,168.0,3.0,505.5,690
2023-05-10 21:11:04,SR311C7100,白糖2311购7100,169.0,0.0,0.0,0.0,25,164.5,167.5,15,170.0,168.0,169.0,168.0,3.0,505.5,690
2023-05-10 21:11:05,SR311C7100,白糖2311购7100,169.0,0.0,0.0,0.0,35,164.5,167.5,15,170.0,168.0,169.0,168.0,3.0,505.5,690
2023-05-10 21:11:05,SR311C7100,白糖2311购7100,169.0,0.0,0.0,0.0,10,165.0,167.5,5,170.0,168.0,169.0,168.0,3.0,505.5,690
2023-05-10 21:11:08,SR311C7100,白糖2311购7100,169.0,0.0,0.0,0.0,20,165.0,167.5,5,170.0,168.0,169.0,168.0,3.0,505.5,690
2023-05-10 21:11:15,SR311C7100,白糖2311购7100,169.0,0.0,0.0,0.0,10,165.0,167.5,15,170.0,168.0,169.0,168.0,3.0,505.5,690
2023-05-10 21:11:15,SR311C7100,白糖2311购7100,169.0,0.0,0.0,0.0,65,164.5,167.5,15,170.0,168.0,169.0,168.0,3.0,505.5,690
2023-05-10 21:11:16,SR311C7100,白糖2311购7100,169.0,0.0,0.0,0.0,55,164.5,167.5,15,170.0,168.0,169.0,168.0,3.0,505.5,690
2023-05-10 21:11:19,SR311C7100,白糖2311购7100,169.0,0.0,0.0,0.0,45,164.5,167.5,15,170.0,168.0,169.0,168.0,3.0,505.5,690
2023-05-10 21:11:29,SR311C7100,白糖2311购7100,169.0,0.0,0.0,0.0,45,164.5,167.5,25,170.0,168.0,169.0,168.0,3.0,505.5,690
2023-05-10 21:11:33,SR311C7100,白糖2311购7100,169.0,0.0,0.0,0.0,35,164.5,167.5,25,170.0,168.0,169.0,168.0,3.0,505.5,690
2023-05-10 21:11:38,SR311C7100,白糖2311购7100,169.0,0.0,0.0,0.0,30,164.5,167.5,25,170.0,168.0,169.0,168.0,3.0,505.5,690
2023-05-10 21:11:51,SR311C7100,白糖2311购7100,169.0,0.0,0.0,0.0,30,164.5,166.5,5,170.0,168.0,169.0,168.0,3.0,505.5,690
2023-05-10 21:12:01,SR311C7100,白糖2311购7100,164.5,30.0,4939.5,-20.0,30,164.0,165.0,5,170.0,168.0,169.0,164.5,33.0,5445.0,670
2023-05-10 21:12:01,SR311C7100,白糖2311购7100,164.5,0.0,0.0,0.0,20,164.0,165.0,5,170.0,168.0,169.0,164.5,33.0,5445.0,670
2023-05-10 21:12:07,SR311C7100,白糖2311购7100,164.5,0.0,0.0,0.0,20,163.5,165.0,5,170.0,168.0,169.0,164.5,33.0,5445.0,670
2023-05-10 21:12:07,SR311C7100,白糖2311购7100,164.5,0.0,0.0,0.0,10,163.5,165.0,5,170.0,168.0,169.0,164.5,33.0,5445.0,670
2023-05-10 21:12:08,SR311C7100,白糖2311购7100,164.5,0.0,0.0,0.0,30,163.0,165.0,5,170.0,168.0,169.0,164.5,33.0,5445.0,670
2023-05-10 21:12:09,SR311C7100,白糖2311购7100,164.5,0.0,0.0,0.0,20,163.0,165.0,5,170.0,168.0,169.0,164.5,33.0,5445.0,670
2023-05-10 21:12:09,SR311C7100,白糖2311购7100,164.5,0.0,0.0,0.0,30,163.0,165.0,5,170.0,168.0,169.0,164.5,33.0,5445.0,670
2023-05-10 21:12:18,SR311C7100,白糖2311购7100,164.5,0.0,0.0,0.0,20,163.0,165.0,5,170.0,168.0,169.0,164.5,33.0,5445.0,670
2023-05-10 21:12:18,SR311C7100,白糖2311购7100,164.5,0.0,0.0,0.0,20,163.0,165.0,15,170.0,168.0,169.0,164.5,33.0,5445.0,670
2023-05-10 21:12:23,SR311C7100,白糖2311购7100,164.5,0.0,0.0,0.0,20,162.5,165.0,15,170.0,168.0,169.0,164.5,33.0,5445.0,670
2023-05-10 21:12:23,SR311C7100,白糖2311购7100,164.5,0.0,0.0,0.0,30,162.5,165.0,15,170.0,168.0,169.0,164.5,33.0,5445.0,670
2023-05-10 21:12:24,SR311C7100,白糖2311购7100,164.5,0.0,0.0,0.0,20,162.5,165.0,15,170.0,168.0,169.0,164.5,33.0,5445.0,670
2023-05-10 21:13:10,SR311C7100,白糖2311购7100,164.5,0.0,0.0,0.0,10,162.5,165.0,15,170.0,168.0,169.0,164.5,33.0,5445.0,670
2023-05-10 21:13:10,SR311C7100,白糖2311购7100,164.5,0.0,0.0,0.0,30,162.0,165.0,15,170.0,168.0,169.0,164.5,33.0,5445.0,670
2023-05-10 21:13:11,SR311C7100,白糖2311购7100,164.5,0.0,0.0,0.0,20,162.0,165.0,15,170.0,168.0,169.0,164.5,33.0,5445.0,670
2023-05-10 21:13:12,SR311C7100,白糖2311购7100,164.5,0.0,0.0,0.0,10,162.5,165.0,15,170.0,168.0,169.0,164.5,33.0,5445.0,670
2023-05-10 21:13:12,SR311C7100,白糖2311购7100,164.5,0.0,0.0,0.0,20,162.5,165.0,15,170.0,168.0,169.0,164.5,33.0,5445.0,670
2023-05-10 21:13:19,SR311C7100,白糖2311购7100,164.5,0.0,0.0,0.0,20,162.5,165.0,25,170.0,168.0,169.0,164.5,33.0,5445.0,670
2023-05-10 21:13:21,SR311C7100,白糖2311购7100,164.5,0.0,0.0,0.0,20,162.5,165.0,15,170.0,168.0,169.0,164.5,33.0,5445.0,670
2023-05-10 21:13:23,SR311C7100,白糖2311购7100,164.5,0.0,0.0,0.0,20,162.5,165.0,25,170.0,168.0,169.0,164.5,33.0,5445.0,670
2023-05-10 21:13:29,SR311C7100,白糖2311购7100,164.5,0.0,0.0,0.0,10,162.5,165.0,35,170.0,168.0,169.0,164.5,33.0,5445.0,670
2023-05-10 21:13:29,SR311C7100,白糖2311购7100,164.5,0.0,0.0,0.0,30,162.0,164.0,5,170.0,168.0,169.0,164.5,33.0,5445.0,670
2023-05-10 21:13:30,SR311C7100,白糖2311购7100,164.5,0.0,0.0,0.0,20,162.0,164.0,5,170.0,168.0,169.0,164.5,33.0,5445.0,670
2023-05-10 21:13:36,SR311C7100,白糖2311购7100,164.5,0.0,0.0,0.0,30,161.5,164.0,5,170.0,168.0,169.0,164.5,33.0,5445.0,670
2023-05-10 21:13:37,SR311C7100,白糖2311购7100,164.5,0.0,0.0,0.0,20,161.5,164.0,5,170.0,168.0,169.0,164.5,33.0,5445.0,670
2023-05-10 21:13:46,SR311C7100,白糖2311购7100,164.5,0.0,0.0,0.0,30,161.5,164.0,5,170.0,168.0,169.0,164.5,33.0,5445.0,670
2023-05-10 21:13:47,SR311C7100,白糖2311购7100,164.5,0.0,0.0,0.0,20,161.5,164.0,5,170.0,168.0,169.0,164.5,33.0,5445.0,670
2023-05-10 21:13:50,SR311C7100,白糖2311购7100,164.5,0.0,0.0,0.0,10,162.0,164.0,5,170.0,168.0,169.0,164.5,33.0,5445.0,670
2023-05-10 21:13:51,SR311C7100,白糖2311购7100,164.5,0.0,0.0,0.0,30,162.5,164.0,5,170.0,168.0,169.0,164.5,33.0,5445.0,670
2023-05-10 21:13:51,SR311C7100,白糖2311购7100,164.5,0.0,0.0,0.0,20,162.5,164.0,5,170.0,168.0,169.0,164.5,33.0,5445.0,670
2023-05-10 21:13:52,SR311C7100,白糖2311购7100,164.5,0.0,0.0,0.0,10,162.5,164.0,5,170.0,168.0,169.0,164.5,33.0,5445.0,670
2023-05-10 21:13:53,SR311C7100,白糖2311购7100,164.5,0.0,0.0,0.0,20,162.0,164.0,5,170.0,168.0,169.0,164.5,33.0,5445.0,670
2023-05-10 21:13:53,SR311C7100,白糖2311购7100,164.5,0.0,0.0,0.0,30,162.0,164.0,5,170.0,168.0,169.0,164.5,33.0,5445.0,670
2023-05-10 21:13:53,SR311C7100,白糖2311购7100,164.5,0.0,0.0,0.0,20,162.0,164.0,5,170.0,168.0,169.0,164.5,33.0,5445.0,670
2023-05-10 21:13:57,SR311C7100,白糖2311购7100,164.5,0.0,0.0,0.0,10,162.5,164.0,5,170.0,168.0,169.0,164.5,33.0,5445.0,670
2023-05-10 21:13:57,SR311C7100,白糖2311购7100,164.5,0.0,0.0,0.0,20,162.5,164.0,5,170.0,168.0,169.0,164.5,33.0,5445.0,670
2023-05-10 21:13:58,SR311C7100,白糖2311购7100,164.5,0.0,0.0,0.0,10,162.5,164.0,5,170.0,168.0,169.0,164.5,33.0,5445.0,670
2023-05-10 21:13:59,SR311C7100,白糖2311购7100,164.5,0.0,0.0,0.0,20,162.0,164.0,5,170.0,168.0,169.0,164.5,33.0,5445.0,670
2023-05-10 21:14:00,SR311C7100,白糖2311购7100,164.5,0.0,0.0,0.0,10,162.5,164.0,5,170.0,168.0,169.0,164.5,33.0,5445.0,670
2023-05-10 21:14:00,SR311C7100,白糖2311购7100,164.5,0.0,0.0,0.0,20,162.0,164.0,5,170.0,168.0,169.0,164.5,33.0,5445.0,670
2023-05-10 21:14:00,SR311C7100,白糖2311购7100,164.5,0.0,0.0,0.0,30,162.0,164.0,5,170.0,168.0,169.0,164.5,33.0,5445.0,670
2023-05-10 21:14:01,SR311C7100,白糖2311购7100,164.5,0.0,0.0,0.0,20,162.0,164.0,5,170.0,168.0,169.0,164.5,33.0,5445.0,670
2023-05-10 21:14:03,SR311C7100,白糖2311购7100,164.5,0.0,0.0,0.0,10,162.5,164.5,20,170.0,168.0,169.0,164.5,33.0,5445.0,670
2023-05-10 21:14:03,SR311C7100,白糖2311购7100,164.5,0.0,0.0,0.0,10,162.5,164.5,10,170.0,168.0,169.0,164.5,33.0,5445.0,670
2023-05-10 21:14:04,SR311C7100,白糖2311购7100,164.5,0.0,0.0,0.0,10,162.5,165.0,15,170.0,168.0,169.0,164.5,33.0,5445.0,670
2023-05-10 21:14:05,SR311C7100,白糖2311购7100,164.5,0.0,0.0,0.0,20,162.5,165.0,5,170.0,168.0,169.0,164.5,33.0,5445.0,670
2023-05-10 21:14:12,SR311C7100,白糖2311购7100,164.5,0.0,0.0,0.0,10,163.5,165.0,5,170.0,168.0,169.0,164.5,33.0,5445.0,670
2023-05-10 21:14:13,SR311C7100,白糖2311购7100,164.5,0.0,0.0,0.0,20,163.5,165.0,5,170.0,168.0,169.0,164.5,33.0,5445.0,670
2023-05-10 21:14:15,SR311C7100,白糖2311购7100,164.5,0.0,0.0,0.0,20,163.5,165.5,10,170.0,168.0,169.0,164.5,33.0,5445.0,670
2023-05-10 21:14:16,SR311C7100,白糖2311购7100,164.5,0.0,0.0,0.0,20,163.5,166.0,20,170.0,168.0,169.0,164.5,33.0,5445.0,670
2023-05-10 21:14:17,SR311C7100,白糖2311购7100,164.5,0.0,0.0,0.0,20,163.5,166.5,55,170.0,168.0,169.0,164.5,33.0,5445.0,670
2023-05-10 21:14:18,SR311C7100,白糖2311购7100,164.5,0.0,0.0,0.0,30,163.5,166.5,55,170.0,168.0,169.0,164.5,33.0,5445.0,670
2023-05-10 21:14:18,SR311C7100,白糖2311购7100,164.5,0.0,0.0,0.0,30,163.5,166.5,45,170.0,168.0,169.0,164.5,33.0,5445.0,670
2023-05-10 21:14:25,SR311C7100,白糖2311购7100,164.5,0.0,0.0,0.0,40,163.5,166.5,45,170.0,168.0,169.0,164.5,33.0,5445.0,670
2023-05-10 21:14:28,SR311C7100,白糖2311购7100,164.5,0.0,0.0,0.0,30,163.5,166.5,45,170.0,168.0,169.0,164.5,33.0,5445.0,670
2023-05-10 21:14:28,SR311C7100,白糖2311购7100,164.5,0.0,0.0,0.0,40,163.5,166.5,45,170.0,168.0,169.0,164.5,33.0,5445.0,670
2023-05-10 21:14:30,SR311C7100,白糖2311购7100,164.5,0.0,0.0,0.0,30,163.5,166.5,45,170.0,168.0,169.0,164.5,33.0,5445.0,670
2023-05-10 21:14:32,SR311C7100,白糖2311购7100,164.5,0.0,0.0,0.0,10,164.5,166.5,5,170.0,168.0,169.0,164.5,33.0,5445.0,670
2023-05-10 21:14:32,SR311C7100,白糖2311购7100,164.5,0.0,0.0,0.0,20,164.5,166.5,5,170.0,168.0,169.0,164.5,33.0,5445.0,670
2023-05-10 21:14:34,SR311C7100,白糖2311购7100,164.5,0.0,0.0,0.0,20,164.5,167.0,10,170.0,168.0,169.0,164.5,33.0,5445.0,670
2023-05-10 21:14:35,SR311C7100,白糖2311购7100,164.5,0.0,0.0,0.0,20,164.5,167.5,15,170.0,168.0,169.0,164.5,33.0,5445.0,670
2023-05-10 21:14:35,SR311C7100,白糖2311购7100,164.5,0.0,0.0,0.0,20,164.5,167.5,5,170.0,168.0,169.0,164.5,33.0,5445.0,670
2023-05-10 21:14:36,SR311C7100,白糖2311购7100,164.5,0.0,0.0,0.0,30,164.5,167.5,5,170.0,168.0,169.0,164.5,33.0,5445.0,670
2023-05-10 21:14:36,SR311C7100,白糖2311购7100,164.5,0.0,0.0,0.0,20,164.5,167.5,5,170.0,168.0,169.0,164.5,33.0,5445.0,670
2023-05-10 21:14:37,SR311C7100,白糖2311购7100,164.5,0.0,0.0,0.0,30,164.5,167.5,5,170.0,168.0,169.0,164.5,33.0,5445.0,670
2023-05-10 21:14:39,SR311C7100,白糖2311购7100,164.5,0.0,0.0,0.0,20,164.5,167.5,5,170.0,168.0,169.0,164.5,33.0,5445.0,670
2023-05-10 21:15:13,SR311C7100,白糖2311购7100,164.5,0.0,0.0,0.0,10,165.5,167.5,5,170.0,168.0,169.0,164.5,33.0,5445.0,670
2023-05-10 21:15:13,SR311C7100,白糖2311购7100,164.5,0.0,0.0,0.0,20,165.5,167.5,5,170.0,168.0,169.0,164.5,33.0,5445.0,670
2023-05-10 21:15:17,SR311C7100,白糖2311购7100,164.5,0.0,0.0,0.0,10,165.5,167.5,5,170.0,168.0,169.0,164.5,33.0,5445.0,670
2023-05-10 21:15:24,SR311C7100,白糖2311购7100,164.5,0.0,0.0,0.0,20,165.5,167.5,5,170.0,168.0,169.0,164.5,33.0,5445.0,670
2023-05-10 21:15:35,SR311C7100,白糖2311购7100,164.5,0.0,0.0,0.0,10,165.5,167.5,5,170.0,168.0,169.0,164.5,33.0,5445.0,670
2023-05-10 21:15:35,SR311C7100,白糖2311购7100,164.5,0.0,0.0,0.0,20,165.5,167.5,5,170.0,168.0,169.0,164.5,33.0,5445.0,670
2023-05-10 21:15:41,SR311C7100,白糖2311购7100,164.5,0.0,0.0,0.0,30,165.5,167.5,5,170.0,168.0,169.0,164.5,33.0,5445.0,670
2023-05-10 21:16:00,SR311C7100,白糖2311购7100,164.5,0.0,0.0,0.0,40,165.5,167.5,5,170.0,168.0,169.0,164.5,33.0,5445.0,670
2023-05-10 21:16:02,SR311C7100,白糖2311购7100,164.5,0.0,0.0,0.0,30,165.5,167.5,5,170.0,168.0,169.0,164.5,33.0,5445.0,670
2023-05-10 21:16:06,SR311C7100,白糖2311购7100,164.5,0.0,0.0,0.0,30,165.5,168.0,10,170.0,168.0,169.0,164.5,33.0,5445.0,670
2023-05-10 21:16:07,SR311C7100,白糖2311购7100,164.5,0.0,0.0,0.0,30,165.5,169.0,55,170.0,168.0,169.0,164.5,33.0,5445.0,670
2023-05-10 21:16:07,SR311C7100,白糖2311购7100,164.5,0.0,0.0,0.0,30,165.5,168.5,10,170.0,168.0,169.0,164.5,33.0,5445.0,670
2023-05-10 21:16:08,SR311C7100,白糖2311购7100,164.5,0.0,0.0,0.0,30,165.5,169.0,45,170.0,168.0,169.0,164.5,33.0,5445.0,670
2023-05-10 21:16:08,SR311C7100,白糖2311购7100,164.5,0.0,0.0,0.0,30,165.5,169.0,55,170.0,168.0,169.0,164.5,33.0,5445.0,670
2023-05-10 21:16:08,SR311C7100,白糖2311购7100,164.5,0.0,0.0,0.0,30,165.5,169.0,45,170.0,168.0,169.0,164.5,33.0,5445.0,670
2023-05-10 21:16:10,SR311C7100,白糖2311购7100,164.5,0.0,0.0,0.0,30,165.5,168.0,5,170.0,168.0,169.0,164.5,33.0,5445.0,670
2023-05-10 21:16:10,SR311C7100,白糖2311购7100,164.5,0.0,0.0,0.0,20,165.5,168.0,15,170.0,168.0,169.0,164.5,33.0,5445.0,670
2023-05-10 21:16:12,SR311C7100,白糖2311购7100,164.5,0.0,0.0,0.0,20,165.5,168.0,25,170.0,168.0,169.0,164.5,33.0,5445.0,670
2023-05-10 21:16:17,SR311C7100,白糖2311购7100,164.5,0.0,0.0,0.0,20,165.5,168.0,5,170.0,168.0,169.0,164.5,33.0,5445.0,670
2023-05-10 21:17:18,SR311C7100,白糖2311购7100,164.5,0.0,0.0,0.0,30,165.5,168.0,5,170.0,168.0,169.0,164.5,33.0,5445.0,670
2023-05-10 21:17:47,SR311C7100,白糖2311购7100,164.5,0.0,0.0,0.0,35,165.0,168.0,25,170.0,168.0,169.0,164.5,33.0,5445.0,670
2023-05-10 21:17:48,SR311C7100,白糖2311购7100,164.5,0.0,0.0,0.0,45,165.0,168.0,35,170.0,168.0,169.0,164.5,33.0,5445.0,670
2023-05-10 21:17:48,SR311C7100,白糖2311购7100,164.5,0.0,0.0,0.0,35,165.0,168.0,35,170.0,168.0,169.0,164.5,33.0,5445.0,670
2023-05-10 21:17:57,SR311C7100,白糖2311购7100,164.5,0.0,0.0,0.0,10,165.5,168.0,25,170.0,168.0,169.0,164.5,33.0,5445.0,670
2023-05-10 21:18:06,SR311C7100,白糖2311购7100,164.5,0.0,0.0,0.0,20,165.5,168.0,25,170.0,168.0,169.0,164.5,33.0,5445.0,670
2023-05-10 21:18:27,SR311C7100,白糖2311购7100,164.5,0.0,0.0,0.0,10,165.5,168.0,25,170.0,168.0,169.0,164.5,33.0,5445.0,670
2023-05-10 21:18:37,SR311C7100,白糖2311购7100,164.5,0.0,0.0,0.0,45,165.0,167.5,10,170.0,168.0,169.0,164.5,33.0,5445.0,670
2023-05-10 21:18:39,SR311C7100,白糖2311购7100,164.5,0.0,0.0,0.0,35,165.0,167.5,10,170.0,168.0,169.0,164.5,33.0,5445.0,670
2023-05-10 21:18:39,SR311C7100,白糖2311购7100,164.5,0.0,0.0,0.0,35,165.0,167.5,20,170.0,168.0,169.0,164.5,33.0,5445.0,670
2023-05-10 21:18:42,SR311C7100,白糖2311购7100,164.5,0.0,0.0,0.0,35,165.0,167.5,10,170.0,168.0,169.0,164.5,33.0,5445.0,670
2023-05-10 21:18:42,SR311C7100,白糖2311购7100,164.5,0.0,0.0,0.0,35,165.0,168.0,45,170.0,168.0,169.0,164.5,33.0,5445.0,670
2023-05-10 21:18:43,SR311C7100,白糖2311购7100,164.5,0.0,0.0,0.0,35,165.0,168.0,35,170.0,168.0,169.0,164.5,33.0,5445.0,670
2023-05-10 21:18:48,SR311C7100,白糖2311购7100,164.5,0.0,0.0,0.0,10,165.5,168.0,35,170.0,168.0,169.0,164.5,33.0,5445.0,670
2023-05-10 21:18:51,SR311C7100,白糖2311购7100,164.5,0.0,0.0,0.0,10,165.5,168.0,25,170.0,168.0,169.0,164.5,33.0,5445.0,670
2023-05-10 21:19:18,SR311C7100,白糖2311购7100,164.5,0.0,0.0,0.0,10,165.5,168.0,20,170.0,168.0,169.0,164.5,33.0,5445.0,670
2023-05-10 21:19:52,SR311C7100,白糖2311购7100,164.5,0.0,0.0,0.0,5,166.0,168.0,10,170.0,168.0,169.0,164.5,33.0,5445.0,670
2023-05-10 21:19:53,SR311C7100,白糖2311购7100,164.5,0.0,0.0,0.0,15,166.0,168.5,20,170.0,168.0,169.0,164.5,33.0,5445.0,670
2023-05-10 21:19:54,SR311C7100,白糖2311购7100,164.5,0.0,0.0,0.0,15,166.0,169.0,55,170.0,168.0,169.0,164.5,33.0,5445.0,670
2023-05-10 21:19:55,SR311C7100,白糖2311购7100,164.5,0.0,0.0,0.0,15,166.0,169.0,45,170.0,168.0,169.0,164.5,33.0,5445.0,670
2023-05-10 21:19:55,SR311C7100,白糖2311购7100,164.5,0.0,0.0,0.0,25,166.0,169.0,35,170.0,168.0,169.0,164.5,33.0,5445.0,670
2023-05-10 21:20:05,SR311C7100,白糖2311购7100,164.5,0.0,0.0,0.0,10,167.0,169.0,5,170.0,168.0,169.0,164.5,33.0,5445.0,670
2023-05-10 21:20:07,SR311C7100,白糖2311购7100,164.5,0.0,0.0,0.0,20,167.0,169.0,5,170.0,168.0,169.0,164.5,33.0,5445.0,670
2023-05-10 21:20:09,SR311C7100,白糖2311购7100,164.5,0.0,0.0,0.0,30,167.0,169.5,30,170.0,168.0,169.0,164.5,33.0,5445.0,670
2023-05-10 21:20:10,SR311C7100,白糖2311购7100,164.5,0.0,0.0,0.0,30,167.0,169.5,20,170.0,168.0,169.0,164.5,33.0,5445.0,670
2023-05-10 21:20:15,SR311C7100,白糖2311购7100,164.5,0.0,0.0,0.0,40,167.0,169.5,20,170.0,168.0,169.0,164.5,33.0,5445.0,670
2023-05-10 21:20:17,SR311C7100,白糖2311购7100,164.5,0.0,0.0,0.0,40,167.0,169.5,10,170.0,168.0,169.0,164.5,33.0,5445.0,670
2023-05-10 21:20:17,SR311C7100,白糖2311购7100,164.5,0.0,0.0,0.0,40,167.0,170.0,20,170.0,168.0,169.0,164.5,33.0,5445.0,670
2023-05-10 21:20:19,SR311C7100,白糖2311购7100,164.5,0.0,0.0,0.0,40,167.0,170.5,45,170.0,168.0,169.0,164.5,33.0,5445.0,670
2023-05-10 21:20:20,SR311C7100,白糖2311购7100,164.5,0.0,0.0,0.0,40,167.0,170.5,35,170.0,168.0,169.0,164.5,33.0,5445.0,670
2023-05-10 21:20:24,SR311C7100,白糖2311购7100,164.5,0.0,0.0,0.0,40,167.0,170.5,25,170.0,168.0,169.0,164.5,33.0,5445.0,670
2023-05-10 21:20:47,SR311C7100,白糖2311购7100,164.5,0.0,0.0,0.0,40,167.0,170.5,35,170.0,168.0,169.0,164.5,33.0,5445.0,670
2023-05-10 21:20:59,SR311C7100,白糖2311购7100,164.5,0.0,0.0,0.0,30,167.0,170.0,10,170.0,168.0,169.0,164.5,33.0,5445.0,670
2023-05-10 21:21:01,SR311C7100,白糖2311购7100,164.5,0.0,0.0,0.0,30,167.0,169.5,5,170.0,168.0,169.0,164.5,33.0,5445.0,670
2023-05-10 21:21:02,SR311C7100,白糖2311购7100,164.5,0.0,0.0,0.0,20,167.0,169.5,5,170.0,168.0,169.0,164.5,33.0,5445.0,670
2023-05-10 21:21:05,SR311C7100,白糖2311购7100,164.5,0.0,0.0,0.0,10,167.0,169.5,5,170.0,168.0,169.0,164.5,33.0,5445.0,670
2023-05-10 21:21:29,SR311C7100,白糖2311购7100,164.5,0.0,0.0,0.0,20,167.0,169.5,5,170.0,168.0,169.0,164.5,33.0,5445.0,670
2023-05-10 21:21:40,SR311C7100,白糖2311购7100,164.5,0.0,0.0,0.0,10,167.0,169.5,5,170.0,168.0,169.0,164.5,33.0,5445.0,670
2023-05-10 21:21:40,SR311C7100,白糖2311购7100,164.5,0.0,0.0,0.0,10,167.0,169.0,20,170.0,168.0,169.0,164.5,33.0,5445.0,670
2023-05-10 21:21:40,SR311C7100,白糖2311购7100,164.5,0.0,0.0,0.0,10,166.5,169.0,20,170.0,168.0,169.0,164.5,33.0,5445.0,670
2023-05-10 21:21:41,SR311C7100,白糖2311购7100,164.5,0.0,0.0,0.0,10,166.5,169.0,30,170.0,168.0,169.0,164.5,33.0,5445.0,670
2023-05-10 21:21:41,SR311C7100,白糖2311购7100,164.5,0.0,0.0,0.0,35,166.0,169.0,30,170.0,168.0,169.0,164.5,33.0,5445.0,670
2023-05-10 21:21:42,SR311C7100,白糖2311购7100,164.5,0.0,0.0,0.0,45,166.0,169.0,30,170.0,168.0,169.0,164.5,33.0,5445.0,670
2023-05-10 21:21:42,SR311C7100,白糖2311购7100,164.5,0.0,0.0,0.0,35,166.0,169.0,30,170.0,168.0,169.0,164.5,33.0,5445.0,670
2023-05-10 21:21:44,SR311C7100,白糖2311购7100,164.5,0.0,0.0,0.0,35,166.0,169.0,20,170.0,168.0,169.0,164.5,33.0,5445.0,670
2023-05-10 21:21:45,SR311C7100,白糖2311购7100,164.5,0.0,0.0,0.0,35,166.0,168.5,5,170.0,168.0,169.0,164.5,33.0,5445.0,670
2023-05-10 21:22:06,SR311C7100,白糖2311购7100,164.5,0.0,0.0,0.0,25,166.0,168.5,5,170.0,168.0,169.0,164.5,33.0,5445.0,670
2023-05-10 21:22:24,SR311C7100,白糖2311购7100,164.5,0.0,0.0,0.0,15,166.0,168.5,5,170.0,168.0,169.0,164.5,33.0,5445.0,670
2023-05-10 21:22:29,SR311C7100,白糖2311购7100,164.5,0.0,0.0,0.0,25,166.0,168.5,5,170.0,168.0,169.0,164.5,33.0,5445.0,670
2023-05-10 21:22:48,SR311C7100,白糖2311购7100,164.5,0.0,0.0,0.0,20,166.0,168.5,5,170.0,168.0,169.0,164.5,33.0,5445.0,670
2023-05-10 21:23:06,SR311C7100,白糖2311购7100,164.5,0.0,0.0,0.0,40,165.5,168.5,25,170.0,168.0,169.0,164.5,33.0,5445.0,670
2023-05-10 21:23:07,SR311C7100,白糖2311购7100,164.5,0.0,0.0,0.0,20,165.5,168.5,25,170.0,168.0,169.0,164.5,33.0,5445.0,670
2023-05-10 21:23:09,SR311C7100,白糖2311购7100,164.5,0.0,0.0,0.0,10,165.5,168.5,35,170.0,168.0,169.0,164.5,33.0,5445.0,670
2023-05-10 21:23:09,SR311C7100,白糖2311购7100,164.5,0.0,0.0,0.0,35,165.0,168.5,35,170.0,168.0,169.0,164.5,33.0,5445.0,670
2023-05-10 21:23:10,SR311C7100,白糖2311购7100,164.5,0.0,0.0,0.0,35,165.0,167.5,5,170.0,168.0,169.0,164.5,33.0,5445.0,670
2023-05-10 21:23:10,SR311C7100,白糖2311购7100,164.5,0.0,0.0,0.0,20,165.0,167.5,5,170.0,168.0,169.0,164.5,33.0,5445.0,670
2023-05-10 21:23:59,SR311C7100,白糖2311购7100,164.5,0.0,0.0,0.0,30,165.0,167.5,5,170.0,168.0,169.0,164.5,33.0,5445.0,670
2023-05-10 21:25:51,SR311C7100,白糖2311购7100,164.5,0.0,0.0,0.0,10,165.0,167.5,15,170.0,168.0,169.0,164.5,33.0,5445.0,670
2023-05-10 21:25:52,SR311C7100,白糖2311购7100,164.5,0.0,0.0,0.0,50,164.5,167.5,15,170.0,168.0,169.0,164.5,33.0,5445.0,670
2023-05-10 21:25:53,SR311C7100,白糖2311购7100,164.5,0.0,0.0,0.0,40,164.5,167.5,15,170.0,168.0,169.0,164.5,33.0,5445.0,670
2023-05-10 21:25:54,SR311C7100,白糖2311购7100,164.5,0.0,0.0,0.0,50,164.5,167.5,25,170.0,168.0,169.0,164.5,33.0,5445.0,670
2023-05-10 21:25:55,SR311C7100,白糖2311购7100,164.5,0.0,0.0,0.0,40,164.5,167.5,25,170.0,168.0,169.0,164.5,33.0,5445.0,670
2023-05-10 21:25:56,SR311C7100,白糖2311购7100,164.5,0.0,0.0,0.0,30,164.5,167.0,5,170.0,168.0,169.0,164.5,33.0,5445.0,670
2023-05-10 21:26:03,SR311C7100,白糖2311购7100,164.5,0.0,0.0,0.0,20,164.5,167.0,5,170.0,168.0,169.0,164.5,33.0,5445.0,670
2023-05-10 21:26:15,SR311C7100,白糖2311购7100,164.5,0.0,0.0,0.0,30,164.5,167.0,5,170.0,168.0,169.0,164.5,33.0,5445.0,670
2023-05-10 21:26:51,SR311C7100,白糖2311购7100,164.5,0.0,0.0,0.0,40,164.5,167.0,5,170.0,168.0,169.0,164.5,33.0,5445.0,670
2023-05-10 21:26:53,SR311C7100,白糖2311购7100,164.5,0.0,0.0,0.0,10,165.0,167.0,5,170.0,168.0,169.0,164.5,33.0,5445.0,670
2023-05-10 21:26:57,SR311C7100,白糖2311购7100,164.5,0.0,0.0,0.0,20,165.0,167.0,5,170.0,168.0,169.0,164.5,33.0,5445.0,670
2023-05-10 21:26:59,SR311C7100,白糖2311购7100,164.5,0.0,0.0,0.0,35,165.0,167.5,35,170.0,168.0,169.0,164.5,33.0,5445.0,670
2023-05-10 21:27:00,SR311C7100,白糖2311购7100,164.5,0.0,0.0,0.0,35,165.0,167.5,15,170.0,168.0,169.0,164.5,33.0,5445.0,670
2023-05-10 21:27:01,SR311C7100,白糖2311购7100,164.5,0.0,0.0,0.0,25,165.0,167.5,5,170.0,168.0,169.0,164.5,33.0,5445.0,670
2023-05-10 21:27:06,SR311C7100,白糖2311购7100,164.5,0.0,0.0,0.0,35,165.0,167.5,5,170.0,168.0,169.0,164.5,33.0,5445.0,670
2023-05-10 21:27:22,SR311C7100,白糖2311购7100,164.5,0.0,0.0,0.0,10,166.0,167.5,5,170.0,168.0,169.0,164.5,33.0,5445.0,670
2023-05-10 21:27:28,SR311C7100,白糖2311购7100,164.5,0.0,0.0,0.0,20,166.0,167.5,5,170.0,168.0,169.0,164.5,33.0,5445.0,670
2023-05-10 21:27:29,SR311C7100,白糖2311购7100,164.5,0.0,0.0,0.0,20,166.0,168.0,10,170.0,168.0,169.0,164.5,33.0,5445.0,670
2023-05-10 21:27:30,SR311C7100,白糖2311购7100,164.5,0.0,0.0,0.0,40,166.0,168.0,10,170.0,168.0,169.0,164.5,33.0,5445.0,670
2023-05-10 21:27:30,SR311C7100,白糖2311购7100,164.5,0.0,0.0,0.0,40,166.0,168.5,15,170.0,168.0,169.0,164.5,33.0,5445.0,670
2023-05-10 21:27:31,SR311C7100,白糖2311购7100,164.5,0.0,0.0,0.0,30,166.0,168.5,5,170.0,168.0,169.0,164.5,33.0,5445.0,670
2023-05-10 21:27:34,SR311C7100,白糖2311购7100,164.5,0.0,0.0,0.0,10,166.5,168.5,5,170.0,168.0,169.0,164.5,33.0,5445.0,670
2023-05-10 21:27:56,SR311C7100,白糖2311购7100,164.5,0.0,0.0,0.0,55,166.0,168.5,5,170.0,168.0,169.0,164.5,33.0,5445.0,670
2023-05-10 21:27:57,SR311C7100,白糖2311购7100,164.5,0.0,0.0,0.0,45,166.0,168.5,5,170.0,168.0,169.0,164.5,33.0,5445.0,670
2023-05-10 21:28:05,SR311C7100,白糖2311购7100,164.5,0.0,0.0,0.0,35,166.0,168.5,5,170.0,168.0,169.0,164.5,33.0,5445.0,670
2023-05-10 21:29:58,SR311C7100,白糖2311购7100,164.5,0.0,0.0,0.0,35,166.0,167.0,1,170.0,168.0,169.0,164.5,33.0,5445.0,670
2023-05-10 21:30:00,SR311C7100,白糖2311购7100,164.5,0.0,0.0,0.0,25,166.0,167.0,1,170.0,168.0,169.0,164.5,33.0,5445.0,670
2023-05-10 21:30:01,SR311C7100,白糖2311购7100,166.0,1.0,165.0,-1.0,15,166.0,167.0,1,170.0,168.0,169.0,164.5,34.0,5610.0,669
2023-05-10 21:30:12,SR311C7100,白糖2311购7100,166.0,0.0,0.0,0.0,5,166.0,167.0,1,170.0,168.0,169.0,164.5,34.0,5610.0,669
2023-05-10 21:30:14,SR311C7100,白糖2311购7100,166.0,0.0,0.0,0.0,20,165.5,167.0,1,170.0,168.0,169.0,164.5,34.0,5610.0,669
2023-05-10 21:30:15,SR311C7100,白糖2311购7100,166.0,0.0,0.0,0.0,55,165.0,167.0,1,170.0,168.0,169.0,164.5,34.0,5610.0,669
2023-05-10 21:30:16,SR311C7100,白糖2311购7100,166.0,0.0,0.0,0.0,45,165.0,167.0,1,170.0,168.0,169.0,164.5,34.0,5610.0,669
2023-05-10 21:30:16,SR311C7100,白糖2311购7100,166.0,0.0,0.0,0.0,35,165.0,167.0,1,170.0,168.0,169.0,164.5,34.0,5610.0,669
2023-05-10 21:30:22,SR311C7100,白糖2311购7100,166.0,0.0,0.0,0.0,25,165.0,167.0,1,170.0,168.0,169.0,164.5,34.0,5610.0,669
2023-05-10 21:30:25,SR311C7100,白糖2311购7100,166.0,0.0,0.0,0.0,35,165.0,166.0,1,170.0,168.0,169.0,164.5,34.0,5610.0,669
2023-05-10 21:30:26,SR311C7100,白糖2311购7100,166.0,0.0,0.0,0.0,25,165.0,166.0,1,170.0,168.0,169.0,164.5,34.0,5610.0,669
2023-05-10 21:30:31,SR311C7100,白糖2311购7100,166.0,0.0,0.0,0.0,25,165.0,166.5,10,170.0,168.0,169.0,164.5,34.0,5610.0,669
2023-05-10 21:30:32,SR311C7100,白糖2311购7100,166.0,0.0,0.0,0.0,25,165.0,168.5,45,170.0,168.0,169.0,164.5,34.0,5610.0,669
2023-05-10 21:30:33,SR311C7100,白糖2311购7100,166.0,0.0,0.0,0.0,25,165.0,167.0,20,170.0,168.0,169.0,164.5,34.0,5610.0,669
2023-05-10 21:30:33,SR311C7100,白糖2311购7100,166.0,0.0,0.0,0.0,25,165.0,168.5,45,170.0,168.0,169.0,164.5,34.0,5610.0,669
2023-05-10 21:30:33,SR311C7100,白糖2311购7100,166.0,0.0,0.0,0.0,25,165.0,167.5,20,170.0,168.0,169.0,164.5,34.0,5610.0,669
2023-05-10 21:30:34,SR311C7100,白糖2311购7100,166.0,0.0,0.0,0.0,25,165.0,168.5,45,170.0,168.0,169.0,164.5,34.0,5610.0,669
2023-05-10 21:30:34,SR311C7100,白糖2311购7100,166.0,0.0,0.0,0.0,25,165.0,168.0,10,170.0,168.0,169.0,164.5,34.0,5610.0,669
2023-05-10 21:30:35,SR311C7100,白糖2311购7100,166.0,0.0,0.0,0.0,25,165.0,168.5,35,170.0,168.0,169.0,164.5,34.0,5610.0,669
2023-05-10 21:30:35,SR311C7100,白糖2311购7100,166.0,0.0,0.0,0.0,25,165.0,168.5,45,170.0,168.0,169.0,164.5,34.0,5610.0,669
2023-05-10 21:30:36,SR311C7100,白糖2311购7100,166.0,0.0,0.0,0.0,25,165.0,168.5,35,170.0,168.0,169.0,164.5,34.0,5610.0,669
2023-05-10 21:30:52,SR311C7100,白糖2311购7100,166.0,0.0,0.0,0.0,10,166.0,168.5,25,170.0,168.0,169.0,164.5,34.0,5610.0,669
2023-05-10 21:31:01,SR311C7100,白糖2311购7100,166.0,0.0,0.0,0.0,10,165.5,168.5,35,170.0,168.0,169.0,164.5,34.0,5610.0,669
2023-05-10 21:31:02,SR311C7100,白糖2311购7100,166.0,0.0,0.0,0.0,35,165.0,168.5,35,170.0,168.0,169.0,164.5,34.0,5610.0,669
2023-05-10 21:31:02,SR311C7100,白糖2311购7100,166.0,0.0,0.0,0.0,45,165.0,168.5,35,170.0,168.0,169.0,164.5,34.0,5610.0,669
2023-05-10 21:31:03,SR311C7100,白糖2311购7100,166.0,0.0,0.0,0.0,35,165.0,168.5,35,170.0,168.0,169.0,164.5,34.0,5610.0,669
2023-05-10 21:31:12,SR311C7100,白糖2311购7100,166.0,0.0,0.0,0.0,10,166.0,168.5,25,170.0,168.0,169.0,164.5,34.0,5610.0,669
2023-05-10 21:31:21,SR311C7100,白糖2311购7100,166.0,0.0,0.0,0.0,20,165.5,168.5,25,170.0,168.0,169.0,164.5,34.0,5610.0,669
2023-05-10 21:31:22,SR311C7100,白糖2311购7100,166.0,0.0,0.0,0.0,55,165.0,168.5,25,170.0,168.0,169.0,164.5,34.0,5610.0,669
2023-05-10 21:31:22,SR311C7100,白糖2311购7100,166.0,0.0,0.0,0.0,45,165.0,168.5,25,170.0,168.0,169.0,164.5,34.0,5610.0,669
2023-05-10 21:31:23,SR311C7100,白糖2311购7100,166.0,0.0,0.0,0.0,35,165.0,168.5,25,170.0,168.0,169.0,164.5,34.0,5610.0,669
2023-05-10 21:31:26,SR311C7100,白糖2311购7100,166.0,0.0,0.0,0.0,10,166.0,168.5,25,170.0,168.0,169.0,164.5,34.0,5610.0,669
2023-05-10 21:31:28,SR311C7100,白糖2311购7100,166.0,0.0,0.0,0.0,10,166.0,168.5,5,170.0,168.0,169.0,164.5,34.0,5610.0,669
2023-05-10 21:31:51,SR311C7100,白糖2311购7100,166.0,0.0,0.0,0.0,10,165.5,168.5,25,170.0,168.0,169.0,164.5,34.0,5610.0,669
2023-05-10 21:31:52,SR311C7100,白糖2311购7100,166.0,0.0,0.0,0.0,45,165.0,168.5,25,170.0,168.0,169.0,164.5,34.0,5610.0,669
2023-05-10 21:32:04,SR311C7100,白糖2311购7100,166.0,0.0,0.0,0.0,10,166.0,168.5,5,170.0,168.0,169.0,164.5,34.0,5610.0,669
2023-05-10 21:32:05,SR311C7100,白糖2311购7100,166.0,0.0,0.0,0.0,20,166.0,168.5,5,170.0,168.0,169.0,164.5,34.0,5610.0,669
2023-05-10 21:32:18,SR311C7100,白糖2311购7100,166.0,0.0,0.0,0.0,30,166.0,168.5,5,170.0,168.0,169.0,164.5,34.0,5610.0,669
2023-05-10 21:32:24,SR311C7100,白糖2311购7100,166.0,0.0,0.0,0.0,35,166.0,168.5,5,170.0,168.0,169.0,164.5,34.0,5610.0,669
2023-05-10 21:32:33,SR311C7100,白糖2311购7100,166.0,0.0,0.0,0.0,10,166.5,168.5,5,170.0,168.0,169.0,164.5,34.0,5610.0,669
2023-05-10 21:32:35,SR311C7100,白糖2311购7100,166.0,0.0,0.0,0.0,20,166.5,168.5,5,170.0,168.0,169.0,164.5,34.0,5610.0,669
2023-05-10 21:32:46,SR311C7100,白糖2311购7100,166.0,0.0,0.0,0.0,10,166.5,168.5,5,170.0,168.0,169.0,164.5,34.0,5610.0,669
2023-05-10 21:32:51,SR311C7100,白糖2311购7100,166.0,0.0,0.0,0.0,55,166.0,168.5,5,170.0,168.0,169.0,164.5,34.0,5610.0,669
2023-05-10 21:32:52,SR311C7100,白糖2311购7100,166.0,0.0,0.0,0.0,45,166.0,168.5,5,170.0,168.0,169.0,164.5,34.0,5610.0,669
2023-05-10 21:33:21,SR311C7100,白糖2311购7100,166.0,0.0,0.0,0.0,10,167.0,168.5,5,170.0,168.0,169.0,164.5,34.0,5610.0,669
2023-05-10 21:33:27,SR311C7100,白糖2311购7100,166.0,0.0,0.0,0.0,20,167.0,168.5,5,170.0,168.0,169.0,164.5,34.0,5610.0,669
2023-05-10 21:33:29,SR311C7100,白糖2311购7100,166.0,0.0,0.0,0.0,30,167.0,169.0,10,170.0,168.0,169.0,164.5,34.0,5610.0,669
2023-05-10 21:33:30,SR311C7100,白糖2311购7100,166.0,0.0,0.0,0.0,30,167.0,169.5,35,170.0,168.0,169.0,164.5,34.0,5610.0,669
2023-05-10 21:33:30,SR311C7100,白糖2311购7100,166.0,0.0,0.0,0.0,30,167.0,169.5,45,170.0,168.0,169.0,164.5,34.0,5610.0,669
2023-05-10 21:33:30,SR311C7100,白糖2311购7100,166.0,0.0,0.0,0.0,30,167.0,169.5,35,170.0,168.0,169.0,164.5,34.0,5610.0,669
2023-05-10 21:33:32,SR311C7100,白糖2311购7100,166.0,0.0,0.0,0.0,30,167.0,169.5,25,170.0,168.0,169.0,164.5,34.0,5610.0,669
2023-05-10 21:33:45,SR311C7100,白糖2311购7100,166.0,0.0,0.0,0.0,20,167.0,169.5,25,170.0,168.0,169.0,164.5,34.0,5610.0,669
2023-05-10 21:33:47,SR311C7100,白糖2311购7100,166.0,0.0,0.0,0.0,30,167.0,169.5,25,170.0,168.0,169.0,164.5,34.0,5610.0,669
2023-05-10 21:33:53,SR311C7100,白糖2311购7100,166.0,0.0,0.0,0.0,20,167.0,169.5,25,170.0,168.0,169.0,164.5,34.0,5610.0,669
2023-05-10 21:33:57,SR311C7100,白糖2311购7100,166.0,0.0,0.0,0.0,30,167.0,169.5,25,170.0,168.0,169.0,164.5,34.0,5610.0,669
2023-05-10 21:34:15,SR311C7100,白糖2311购7100,166.0,0.0,0.0,0.0,20,167.0,169.5,25,170.0,168.0,169.0,164.5,34.0,5610.0,669
2023-05-10 21:34:18,SR311C7100,白糖2311购7100,166.0,0.0,0.0,0.0,30,167.0,169.5,25,170.0,168.0,169.0,164.5,34.0,5610.0,669
2023-05-10 21:34:22,SR311C7100,白糖2311购7100,166.0,0.0,0.0,0.0,20,167.0,169.5,25,170.0,168.0,169.0,164.5,34.0,5610.0,669
2023-05-10 21:34:22,SR311C7100,白糖2311购7100,166.0,0.0,0.0,0.0,30,167.0,169.5,25,170.0,168.0,169.0,164.5,34.0,5610.0,669
2023-05-10 21:34:31,SR311C7100,白糖2311购7100,166.0,0.0,0.0,0.0,40,166.5,168.5,5,170.0,168.0,169.0,164.5,34.0,5610.0,669
2023-05-10 21:34:32,SR311C7100,白糖2311购7100,166.0,0.0,0.0,0.0,30,166.5,168.5,5,170.0,168.0,169.0,164.5,34.0,5610.0,669
2023-05-10 21:34:32,SR311C7100,白糖2311购7100,166.0,0.0,0.0,0.0,35,166.0,168.5,5,170.0,168.0,169.0,164.5,34.0,5610.0,669
2023-05-10 21:34:32,SR311C7100,白糖2311购7100,166.0,0.0,0.0,0.0,55,166.0,168.5,5,170.0,168.0,169.0,164.5,34.0,5610.0,669
2023-05-10 21:34:33,SR311C7100,白糖2311购7100,166.0,0.0,0.0,0.0,45,166.0,168.5,5,170.0,168.0,169.0,164.5,34.0,5610.0,669
2023-05-10 21:34:43,SR311C7100,白糖2311购7100,166.0,0.0,0.0,0.0,20,167.0,168.5,5,170.0,168.0,169.0,164.5,34.0,5610.0,669
2023-05-10 21:34:47,SR311C7100,白糖2311购7100,166.0,0.0,0.0,0.0,30,167.0,169.0,10,170.0,168.0,169.0,164.5,34.0,5610.0,669
2023-05-10 21:34:48,SR311C7100,白糖2311购7100,166.0,0.0,0.0,0.0,30,167.0,169.5,25,170.0,168.0,169.0,164.5,34.0,5610.0,669
2023-05-10 21:34:48,SR311C7100,白糖2311购7100,166.0,0.0,0.0,0.0,30,167.0,169.5,35,170.0,168.0,169.0,164.5,34.0,5610.0,669
2023-05-10 21:34:48,SR311C7100,白糖2311购7100,166.0,0.0,0.0,0.0,30,167.0,169.5,25,170.0,168.0,169.0,164.5,34.0,5610.0,669
2023-05-10 21:35:07,SR311C7100,白糖2311购7100,166.0,0.0,0.0,0.0,45,167.0,169.5,25,170.0,168.0,169.0,164.5,34.0,5610.0,669
2023-05-10 21:35:08,SR311C7100,白糖2311购7100,166.0,0.0,0.0,0.0,45,167.0,170.0,10,170.0,168.0,169.0,164.5,34.0,5610.0,669
2023-05-10 21:35:09,SR311C7100,白糖2311购7100,166.0,0.0,0.0,0.0,45,167.0,170.5,20,170.0,168.0,169.0,164.5,34.0,5610.0,669
2023-05-10 21:35:09,SR311C7100,白糖2311购7100,166.0,0.0,0.0,0.0,45,167.0,170.5,30,170.0,168.0,169.0,164.5,34.0,5610.0,669
2023-05-10 21:35:10,SR311C7100,白糖2311购7100,166.0,0.0,0.0,0.0,20,168.0,170.5,20,170.0,168.0,169.0,164.5,34.0,5610.0,669
2023-05-10 21:35:25,SR311C7100,白糖2311购7100,166.0,0.0,0.0,0.0,20,168.0,170.5,10,170.0,168.0,169.0,164.5,34.0,5610.0,669
2023-05-10 21:35:27,SR311C7100,白糖2311购7100,166.0,0.0,0.0,0.0,30,168.0,171.0,45,170.0,168.0,169.0,164.5,34.0,5610.0,669
2023-05-10 21:35:27,SR311C7100,白糖2311购7100,166.0,0.0,0.0,0.0,30,168.0,171.0,35,170.0,168.0,169.0,164.5,34.0,5610.0,669
2023-05-10 21:35:39,SR311C7100,白糖2311购7100,166.0,0.0,0.0,0.0,30,168.0,171.0,45,170.0,168.0,169.0,164.5,34.0,5610.0,669
2023-05-10 21:35:55,SR311C7100,白糖2311购7100,166.0,0.0,0.0,0.0,20,168.0,171.0,45,170.0,168.0,169.0,164.5,34.0,5610.0,669
2023-05-10 21:36:01,SR311C7100,白糖2311购7100,166.0,0.0,0.0,0.0,30,168.0,171.0,45,170.0,168.0,169.0,164.5,34.0,5610.0,669
2023-05-10 21:36:07,SR311C7100,白糖2311购7100,166.0,0.0,0.0,0.0,20,168.0,171.0,45,170.0,168.0,169.0,164.5,34.0,5610.0,669
2023-05-10 21:36:08,SR311C7100,白糖2311购7100,166.0,0.0,0.0,0.0,20,168.0,170.5,10,170.0,168.0,169.0,164.5,34.0,5610.0,669
2023-05-10 21:36:20,SR311C7100,白糖2311购7100,166.0,0.0,0.0,0.0,20,168.0,171.0,55,170.0,168.0,169.0,164.5,34.0,5610.0,669
2023-05-10 21:36:21,SR311C7100,白糖2311购7100,166.0,0.0,0.0,0.0,20,168.0,171.0,45,170.0,168.0,169.0,164.5,34.0,5610.0,669
2023-05-10 21:36:29,SR311C7100,白糖2311购7100,166.0,0.0,0.0,0.0,30,168.0,171.0,45,170.0,168.0,169.0,164.5,34.0,5610.0,669
2023-05-10 21:36:33,SR311C7100,白糖2311购7100,166.0,0.0,0.0,0.0,30,168.0,171.0,35,170.0,168.0,169.0,164.5,34.0,5610.0,669
2023-05-10 21:36:37,SR311C7100,白糖2311购7100,166.0,0.0,0.0,0.0,10,169.0,171.0,15,170.0,168.0,169.0,164.5,34.0,5610.0,669
2023-05-10 21:36:39,SR311C7100,白糖2311购7100,166.0,0.0,0.0,0.0,20,169.0,171.0,15,170.0,168.0,169.0,164.5,34.0,5610.0,669
2023-05-10 21:36:50,SR311C7100,白糖2311购7100,166.0,0.0,0.0,0.0,10,169.0,171.0,15,170.0,168.0,169.0,164.5,34.0,5610.0,669
2023-05-10 21:36:50,SR311C7100,白糖2311购7100,166.0,0.0,0.0,0.0,20,168.5,171.0,25,170.0,168.0,169.0,164.5,34.0,5610.0,669
2023-05-10 21:36:53,SR311C7100,白糖2311购7100,166.0,0.0,0.0,0.0,50,168.0,171.0,15,170.0,168.0,169.0,164.5,34.0,5610.0,669
2023-05-10 21:36:53,SR311C7100,白糖2311购7100,166.0,0.0,0.0,0.0,40,168.0,171.0,15,170.0,168.0,169.0,164.5,34.0,5610.0,669
2023-05-10 21:36:55,SR311C7100,白糖2311购7100,166.0,0.0,0.0,0.0,40,168.0,171.0,5,170.0,168.0,169.0,164.5,34.0,5610.0,669
2023-05-10 21:37:10,SR311C7100,白糖2311购7100,166.0,0.0,0.0,0.0,20,169.0,171.0,5,170.0,168.0,169.0,164.5,34.0,5610.0,669
2023-05-10 21:37:10,SR311C7100,白糖2311购7100,166.0,0.0,0.0,0.0,30,169.0,171.0,5,170.0,168.0,169.0,164.5,34.0,5610.0,669
2023-05-10 21:37:15,SR311C7100,白糖2311购7100,166.0,0.0,0.0,0.0,20,169.0,171.0,5,170.0,168.0,169.0,164.5,34.0,5610.0,669
2023-05-10 21:37:15,SR311C7100,白糖2311购7100,166.0,0.0,0.0,0.0,20,169.0,171.0,15,170.0,168.0,169.0,164.5,34.0,5610.0,669
2023-05-10 21:37:16,SR311C7100,白糖2311购7100,166.0,0.0,0.0,0.0,10,169.0,171.0,15,170.0,168.0,169.0,164.5,34.0,5610.0,669
2023-05-10 21:37:16,SR311C7100,白糖2311购7100,166.0,0.0,0.0,0.0,20,168.5,171.0,25,170.0,168.0,169.0,164.5,34.0,5610.0,669
2023-05-10 21:37:18,SR311C7100,白糖2311购7100,166.0,0.0,0.0,0.0,55,168.0,171.0,15,170.0,168.0,169.0,164.5,34.0,5610.0,669
2023-05-10 21:37:19,SR311C7100,白糖2311购7100,166.0,0.0,0.0,0.0,45,168.0,171.0,15,170.0,168.0,169.0,164.5,34.0,5610.0,669
2023-05-10 21:37:21,SR311C7100,白糖2311购7100,166.0,0.0,0.0,0.0,45,168.0,171.0,5,170.0,168.0,169.0,164.5,34.0,5610.0,669
2023-05-10 21:37:32,SR311C7100,白糖2311购7100,166.0,0.0,0.0,0.0,55,168.0,171.0,5,170.0,168.0,169.0,164.5,34.0,5610.0,669
2023-05-10 21:37:39,SR311C7100,白糖2311购7100,166.0,0.0,0.0,0.0,55,168.0,171.0,15,170.0,168.0,169.0,164.5,34.0,5610.0,669
2023-05-10 21:37:42,SR311C7100,白糖2311购7100,166.0,0.0,0.0,0.0,45,168.0,171.0,15,170.0,168.0,169.0,164.5,34.0,5610.0,669
2023-05-10 21:37:58,SR311C7100,白糖2311购7100,168.5,1.0,165.0,0.0,35,168.0,171.0,15,170.0,168.0,169.0,164.5,35.0,5775.0,669
2023-05-10 21:37:58,SR311C7100,白糖2311购7100,168.5,0.0,0.0,0.0,45,168.0,171.0,15,170.0,168.0,169.0,164.5,35.0,5775.0,669
2023-05-10 21:38:02,SR311C7100,白糖2311购7100,168.5,0.0,0.0,0.0,35,168.0,171.0,15,170.0,168.0,169.0,164.5,35.0,5775.0,669
2023-05-10 21:38:03,SR311C7100,白糖2311购7100,168.5,0.0,0.0,0.0,25,168.0,171.0,15,170.0,168.0,169.0,164.5,35.0,5775.0,669
2023-05-10 21:38:05,SR311C7100,白糖2311购7100,168.5,0.0,0.0,0.0,10,168.0,170.0,5,170.0,168.0,169.0,164.5,35.0,5775.0,669
2023-05-10 21:38:05,SR311C7100,白糖2311购7100,168.5,0.0,0.0,0.0,30,167.5,170.0,5,170.0,168.0,169.0,164.5,35.0,5775.0,669
2023-05-10 21:38:06,SR311C7100,白糖2311购7100,168.5,0.0,0.0,0.0,20,167.5,170.0,5,170.0,168.0,169.0,164.5,35.0,5775.0,669
2023-05-10 21:38:16,SR311C7100,白糖2311购7100,168.5,0.0,0.0,0.0,20,167.5,169.0,5,170.0,168.0,169.0,164.5,35.0,5775.0,669
2023-05-10 21:38:18,SR311C7100,白糖2311购7100,168.5,0.0,0.0,0.0,10,167.5,169.0,5,170.0,168.0,169.0,164.5,35.0,5775.0,669
2023-05-10 21:38:18,SR311C7100,白糖2311购7100,168.5,0.0,0.0,0.0,20,167.5,169.0,5,170.0,168.0,169.0,164.5,35.0,5775.0,669
2023-05-10 21:38:23,SR311C7100,白糖2311购7100,168.5,0.0,0.0,0.0,10,167.5,169.0,5,170.0,168.0,169.0,164.5,35.0,5775.0,669
2023-05-10 21:38:27,SR311C7100,白糖2311购7100,168.5,0.0,0.0,0.0,20,167.0,169.0,5,170.0,168.0,169.0,164.5,35.0,5775.0,669
2023-05-10 21:38:29,SR311C7100,白糖2311购7100,168.5,0.0,0.0,0.0,50,166.5,169.0,5,170.0,168.0,169.0,164.5,35.0,5775.0,669
2023-05-10 21:38:30,SR311C7100,白糖2311购7100,168.5,0.0,0.0,0.0,40,166.5,169.0,5,170.0,168.0,169.0,164.5,35.0,5775.0,669
2023-05-10 21:38:35,SR311C7100,白糖2311购7100,168.5,0.0,0.0,0.0,30,166.5,169.0,5,170.0,168.0,169.0,164.5,35.0,5775.0,669
2023-05-10 21:38:37,SR311C7100,白糖2311购7100,168.5,0.0,0.0,0.0,10,167.0,169.0,5,170.0,168.0,169.0,164.5,35.0,5775.0,669
2023-05-10 21:38:37,SR311C7100,白糖2311购7100,168.5,0.0,0.0,0.0,20,167.0,169.0,5,170.0,168.0,169.0,164.5,35.0,5775.0,669
2023-05-10 21:38:51,SR311C7100,白糖2311购7100,168.5,0.0,0.0,0.0,30,167.0,169.0,5,170.0,168.0,169.0,164.5,35.0,5775.0,669
2023-05-10 21:39:54,SR311C7100,白糖2311购7100,168.5,0.0,0.0,0.0,20,167.0,169.0,5,170.0,168.0,169.0,164.5,35.0,5775.0,669
2023-05-10 21:39:54,SR311C7100,白糖2311购7100,168.5,0.0,0.0,0.0,10,167.0,169.0,5,170.0,168.0,169.0,164.5,35.0,5775.0,669
2023-05-10 21:39:55,SR311C7100,白糖2311购7100,168.5,0.0,0.0,0.0,30,166.5,169.0,5,170.0,168.0,169.0,164.5,35.0,5775.0,669
2023-05-10 21:39:55,SR311C7100,白糖2311购7100,168.5,0.0,0.0,0.0,40,166.5,169.0,5,170.0,168.0,169.0,164.5,35.0,5775.0,669
2023-05-10 21:39:56,SR311C7100,白糖2311购7100,168.5,0.0,0.0,0.0,30,166.5,169.0,5,170.0,168.0,169.0,164.5,35.0,5775.0,669
2023-05-10 21:40:00,SR311C7100,白糖2311购7100,168.5,0.0,0.0,0.0,30,166.5,168.5,1,170.0,168.0,169.0,164.5,35.0,5775.0,669
2023-05-10 21:40:05,SR311C7100,白糖2311购7100,168.5,0.0,0.0,0.0,20,167.0,168.5,1,170.0,168.0,169.0,164.5,35.0,5775.0,669
2023-05-10 21:40:06,SR311C7100,白糖2311购7100,168.5,0.0,0.0,0.0,10,167.0,168.5,1,170.0,168.0,169.0,164.5,35.0,5775.0,669
2023-05-10 21:40:07,SR311C7100,白糖2311购7100,168.5,0.0,0.0,0.0,20,167.0,168.5,1,170.0,168.0,169.0,164.5,35.0,5775.0,669
2023-05-10 21:40:07,SR311C7100,白糖2311购7100,168.5,0.0,0.0,0.0,10,167.0,168.5,1,170.0,168.0,169.0,164.5,35.0,5775.0,669
2023-05-10 21:40:09,SR311C7100,白糖2311购7100,168.5,0.0,0.0,0.0,20,167.0,168.5,1,170.0,168.0,169.0,164.5,35.0,5775.0,669
2023-05-10 21:40:23,SR311C7100,白糖2311购7100,168.5,0.0,0.0,0.0,10,167.0,168.5,1,170.0,168.0,169.0,164.5,35.0,5775.0,669
2023-05-10 21:40:25,SR311C7100,白糖2311购7100,168.5,0.0,0.0,0.0,40,166.5,168.5,1,170.0,168.0,169.0,164.5,35.0,5775.0,669
2023-05-10 21:40:29,SR311C7100,白糖2311购7100,168.5,0.0,0.0,0.0,30,166.5,168.5,1,170.0,168.0,169.0,164.5,35.0,5775.0,669
2023-05-10 21:42:08,SR311C7100,白糖2311购7100,168.5,0.0,0.0,0.0,20,166.5,168.5,1,170.0,168.0,169.0,164.5,35.0,5775.0,669
2023-05-10 21:42:08,SR311C7100,白糖2311购7100,168.5,0.0,0.0,0.0,10,166.5,168.5,1,170.0,168.0,169.0,164.5,35.0,5775.0,669
2023-05-10 21:42:10,SR311C7100,白糖2311购7100,168.5,0.0,0.0,0.0,20,166.5,168.5,1,170.0,168.0,169.0,164.5,35.0,5775.0,669
2023-05-10 21:42:11,SR311C7100,白糖2311购7100,168.5,0.0,0.0,0.0,10,166.5,168.5,11,170.0,168.0,169.0,164.5,35.0,5775.0,669
2023-05-10 21:42:12,SR311C7100,白糖2311购7100,168.5,0.0,0.0,0.0,35,166.0,168.0,5,170.0,168.0,169.0,164.5,35.0,5775.0,669
2023-05-10 21:42:13,SR311C7100,白糖2311购7100,168.5,0.0,0.0,0.0,20,166.0,168.0,5,170.0,168.0,169.0,164.5,35.0,5775.0,669
2023-05-10 21:42:43,SR311C7100,白糖2311购7100,168.5,0.0,0.0,0.0,10,166.0,168.0,5,170.0,168.0,169.0,164.5,35.0,5775.0,669
2023-05-10 21:42:44,SR311C7100,白糖2311购7100,168.5,0.0,0.0,0.0,50,165.5,168.0,5,170.0,168.0,169.0,164.5,35.0,5775.0,669
2023-05-10 21:42:45,SR311C7100,白糖2311购7100,168.5,0.0,0.0,0.0,40,165.5,168.0,5,170.0,168.0,169.0,164.5,35.0,5775.0,669
2023-05-10 21:42:50,SR311C7100,白糖2311购7100,168.5,0.0,0.0,0.0,30,165.5,168.0,15,170.0,168.0,169.0,164.5,35.0,5775.0,669
2023-05-10 21:42:50,SR311C7100,白糖2311购7100,168.5,0.0,0.0,0.0,20,165.5,168.0,15,170.0,168.0,169.0,164.5,35.0,5775.0,669
2023-05-10 21:42:51,SR311C7100,白糖2311购7100,168.5,0.0,0.0,0.0,45,165.0,168.0,25,170.0,168.0,169.0,164.5,35.0,5775.0,669
2023-05-10 21:42:51,SR311C7100,白糖2311购7100,168.5,0.0,0.0,0.0,55,165.0,168.0,25,170.0,168.0,169.0,164.5,35.0,5775.0,669
2023-05-10 21:42:52,SR311C7100,白糖2311购7100,168.5,0.0,0.0,0.0,45,165.0,168.0,35,170.0,168.0,169.0,164.5,35.0,5775.0,669
2023-05-10 21:42:55,SR311C7100,白糖2311购7100,168.5,0.0,0.0,0.0,45,165.0,168.0,25,170.0,168.0,169.0,164.5,35.0,5775.0,669
2023-05-10 21:43:03,SR311C7100,白糖2311购7100,168.5,0.0,0.0,0.0,45,165.0,167.5,5,170.0,168.0,169.0,164.5,35.0,5775.0,669
2023-05-10 21:43:03,SR311C7100,白糖2311购7100,168.5,0.0,0.0,0.0,35,165.0,167.5,5,170.0,168.0,169.0,164.5,35.0,5775.0,669
2023-05-10 21:43:24,SR311C7100,白糖2311购7100,168.5,0.0,0.0,0.0,30,165.0,166.5,5,170.0,168.0,169.0,164.5,35.0,5775.0,669
2023-05-10 21:43:25,SR311C7100,白糖2311购7100,168.5,0.0,0.0,0.0,30,164.5,166.5,5,170.0,168.0,169.0,164.5,35.0,5775.0,669
2023-05-10 21:43:26,SR311C7100,白糖2311购7100,168.5,0.0,0.0,0.0,20,164.5,166.5,5,170.0,168.0,169.0,164.5,35.0,5775.0,669
2023-05-10 21:43:26,SR311C7100,白糖2311购7100,168.5,0.0,0.0,0.0,10,165.0,166.5,5,170.0,168.0,169.0,164.5,35.0,5775.0,669
2023-05-10 21:43:27,SR311C7100,白糖2311购7100,168.5,0.0,0.0,0.0,20,165.0,166.5,5,170.0,168.0,169.0,164.5,35.0,5775.0,669
2023-05-10 21:43:27,SR311C7100,白糖2311购7100,168.5,0.0,0.0,0.0,10,165.0,166.5,5,170.0,168.0,169.0,164.5,35.0,5775.0,669
2023-05-10 21:43:28,SR311C7100,白糖2311购7100,168.5,0.0,0.0,0.0,20,165.0,166.5,5,170.0,168.0,169.0,164.5,35.0,5775.0,669
2023-05-10 21:43:28,SR311C7100,白糖2311购7100,168.5,0.0,0.0,0.0,10,165.0,166.5,5,170.0,168.0,169.0,164.5,35.0,5775.0,669
2023-05-10 21:43:31,SR311C7100,白糖2311购7100,168.5,0.0,0.0,0.0,50,164.5,166.5,5,170.0,168.0,169.0,164.5,35.0,5775.0,669
2023-05-10 21:43:34,SR311C7100,白糖2311购7100,168.5,0.0,0.0,0.0,40,164.5,166.5,5,170.0,168.0,169.0,164.5,35.0,5775.0,669
2023-05-10 21:44:05,SR311C7100,白糖2311购7100,168.5,0.0,0.0,0.0,30,165.0,167.0,10,170.0,168.0,169.0,164.5,35.0,5775.0,669
2023-05-10 21:44:06,SR311C7100,白糖2311购7100,168.5,0.0,0.0,0.0,20,165.0,167.5,5,170.0,168.0,169.0,164.5,35.0,5775.0,669
2023-05-10 21:44:07,SR311C7100,白糖2311购7100,168.5,0.0,0.0,0.0,30,165.0,167.5,25,170.0,168.0,169.0,164.5,35.0,5775.0,669
2023-05-10 21:44:07,SR311C7100,白糖2311购7100,168.5,0.0,0.0,0.0,30,165.0,167.5,5,170.0,168.0,169.0,164.5,35.0,5775.0,669
2023-05-10 21:44:09,SR311C7100,白糖2311购7100,168.5,0.0,0.0,0.0,20,165.0,167.5,15,170.0,168.0,169.0,164.5,35.0,5775.0,669
2023-05-10 21:44:13,SR311C7100,白糖2311购7100,168.5,0.0,0.0,0.0,30,165.0,167.5,5,170.0,168.0,169.0,164.5,35.0,5775.0,669
2023-05-10 21:44:15,SR311C7100,白糖2311购7100,168.5,0.0,0.0,0.0,20,165.0,167.5,5,170.0,168.0,169.0,164.5,35.0,5775.0,669
2023-05-10 21:44:17,SR311C7100,白糖2311购7100,168.5,0.0,0.0,0.0,30,165.0,167.5,5,170.0,168.0,169.0,164.5,35.0,5775.0,669
2023-05-10 21:44:21,SR311C7100,白糖2311购7100,168.5,0.0,0.0,0.0,20,165.0,167.5,25,170.0,168.0,169.0,164.5,35.0,5775.0,669
2023-05-10 21:44:24,SR311C7100,白糖2311购7100,168.5,0.0,0.0,0.0,20,165.0,167.5,35,170.0,168.0,169.0,164.5,35.0,5775.0,669
2023-05-10 21:44:26,SR311C7100,白糖2311购7100,168.5,0.0,0.0,0.0,10,165.0,167.5,35,170.0,168.0,169.0,164.5,35.0,5775.0,669
2023-05-10 21:44:26,SR311C7100,白糖2311购7100,168.5,0.0,0.0,0.0,55,164.5,167.5,35,170.0,168.0,169.0,164.5,35.0,5775.0,669
2023-05-10 21:44:27,SR311C7100,白糖2311购7100,168.5,0.0,0.0,0.0,45,164.5,167.5,35,170.0,168.0,169.0,164.5,35.0,5775.0,669
2023-05-10 21:44:40,SR311C7100,白糖2311购7100,168.5,0.0,0.0,0.0,35,164.5,166.5,5,170.0,168.0,169.0,164.5,35.0,5775.0,669
2023-05-10 21:44:41,SR311C7100,白糖2311购7100,168.5,0.0,0.0,0.0,30,164.5,166.5,5,170.0,168.0,169.0,164.5,35.0,5775.0,669
2023-05-10 21:44:41,SR311C7100,白糖2311购7100,168.5,0.0,0.0,0.0,20,164.5,166.5,5,170.0,168.0,169.0,164.5,35.0,5775.0,669
2023-05-10 21:44:42,SR311C7100,白糖2311购7100,168.5,0.0,0.0,0.0,30,164.5,166.5,5,170.0,168.0,169.0,164.5,35.0,5775.0,669
2023-05-10 21:44:43,SR311C7100,白糖2311购7100,168.5,0.0,0.0,0.0,10,165.5,166.5,5,170.0,168.0,169.0,164.5,35.0,5775.0,669
2023-05-10 21:44:43,SR311C7100,白糖2311购7100,168.5,0.0,0.0,0.0,10,165.5,167.0,10,170.0,168.0,169.0,164.5,35.0,5775.0,669
2023-05-10 21:44:44,SR311C7100,白糖2311购7100,168.5,0.0,0.0,0.0,10,166.0,167.0,10,170.0,168.0,169.0,164.5,35.0,5775.0,669
2023-05-10 21:44:44,SR311C7100,白糖2311购7100,168.5,0.0,0.0,0.0,10,166.0,167.5,5,170.0,168.0,169.0,164.5,35.0,5775.0,669
2023-05-10 21:44:45,SR311C7100,白糖2311购7100,168.5,0.0,0.0,0.0,40,165.5,167.5,15,170.0,168.0,169.0,164.5,35.0,5775.0,669
2023-05-10 21:44:45,SR311C7100,白糖2311购7100,168.5,0.0,0.0,0.0,40,165.5,167.5,5,170.0,168.0,169.0,164.5,35.0,5775.0,669
2023-05-10 21:44:46,SR311C7100,白糖2311购7100,168.5,0.0,0.0,0.0,30,165.5,167.5,5,170.0,168.0,169.0,164.5,35.0,5775.0,669
2023-05-10 21:44:50,SR311C7100,白糖2311购7100,168.5,0.0,0.0,0.0,20,165.5,167.5,5,170.0,168.0,169.0,164.5,35.0,5775.0,669
2023-05-10 21:44:50,SR311C7100,白糖2311购7100,168.5,0.0,0.0,0.0,10,165.5,167.5,5,170.0,168.0,169.0,164.5,35.0,5775.0,669
2023-05-10 21:44:52,SR311C7100,白糖2311购7100,168.5,0.0,0.0,0.0,20,165.0,167.5,5,170.0,168.0,169.0,164.5,35.0,5775.0,669
2023-05-10 21:44:53,SR311C7100,白糖2311购7100,168.5,0.0,0.0,0.0,60,164.5,167.5,5,170.0,168.0,169.0,164.5,35.0,5775.0,669
2023-05-10 21:44:53,SR311C7100,白糖2311购7100,168.5,0.0,0.0,0.0,50,164.5,167.0,10,170.0,168.0,169.0,164.5,35.0,5775.0,669
2023-05-10 21:44:54,SR311C7100,白糖2311购7100,168.5,0.0,0.0,0.0,50,164.5,167.5,5,170.0,168.0,169.0,164.5,35.0,5775.0,669
2023-05-10 21:44:54,SR311C7100,白糖2311购7100,168.5,0.0,0.0,0.0,50,164.5,167.5,15,170.0,168.0,169.0,164.5,35.0,5775.0,669
2023-05-10 21:44:55,SR311C7100,白糖2311购7100,168.5,0.0,0.0,0.0,50,164.5,167.5,5,170.0,168.0,169.0,164.5,35.0,5775.0,669
2023-05-10 21:44:56,SR311C7100,白糖2311购7100,168.5,0.0,0.0,0.0,40,164.5,167.5,5,170.0,168.0,169.0,164.5,35.0,5775.0,669
2023-05-10 21:45:11,SR311C7100,白糖2311购7100,168.5,0.0,0.0,0.0,40,164.5,167.5,25,170.0,168.0,169.0,164.5,35.0,5775.0,669
2023-05-10 21:45:15,SR311C7100,白糖2311购7100,168.5,0.0,0.0,0.0,40,164.5,167.5,15,170.0,168.0,169.0,164.5,35.0,5775.0,669
2023-05-10 21:45:15,SR311C7100,白糖2311购7100,168.5,0.0,0.0,0.0,40,164.5,167.5,5,170.0,168.0,169.0,164.5,35.0,5775.0,669
2023-05-10 21:45:29,SR311C7100,白糖2311购7100,168.5,0.0,0.0,0.0,40,164.5,167.0,5,170.0,168.0,169.0,164.5,35.0,5775.0,669
2023-05-10 21:45:30,SR311C7100,白糖2311购7100,168.5,0.0,0.0,0.0,30,164.5,167.0,15,170.0,168.0,169.0,164.5,35.0,5775.0,669
2023-05-10 21:45:31,SR311C7100,白糖2311购7100,168.5,0.0,0.0,0.0,30,164.5,167.0,25,170.0,168.0,169.0,164.5,35.0,5775.0,669
2023-05-10 21:45:31,SR311C7100,白糖2311购7100,168.5,0.0,0.0,0.0,40,164.5,167.0,5,170.0,168.0,169.0,164.5,35.0,5775.0,669
2023-05-10 21:45:36,SR311C7100,白糖2311购7100,168.5,0.0,0.0,0.0,30,164.5,167.0,25,170.0,168.0,169.0,164.5,35.0,5775.0,669
2023-05-10 21:45:43,SR311C7100,白糖2311购7100,168.5,0.0,0.0,0.0,20,164.5,167.0,25,170.0,168.0,169.0,164.5,35.0,5775.0,669
2023-05-10 21:46:11,SR311C7100,白糖2311购7100,168.5,0.0,0.0,0.0,30,164.5,167.0,15,170.0,168.0,169.0,164.5,35.0,5775.0,669
2023-05-10 21:46:11,SR311C7100,白糖2311购7100,168.5,0.0,0.0,0.0,30,164.5,167.0,5,170.0,168.0,169.0,164.5,35.0,5775.0,669
2023-05-10 21:46:18,SR311C7100,白糖2311购7100,168.5,0.0,0.0,0.0,15,164.5,167.0,15,170.0,168.0,169.0,164.5,35.0,5775.0,669
2023-05-10 21:46:19,SR311C7100,白糖2311购7100,168.5,0.0,0.0,0.0,25,164.5,167.0,5,170.0,168.0,169.0,164.5,35.0,5775.0,669
2023-05-10 21:46:21,SR311C7100,白糖2311购7100,168.5,0.0,0.0,0.0,20,164.5,167.0,5,170.0,168.0,169.0,164.5,35.0,5775.0,669
2023-05-10 21:46:22,SR311C7100,白糖2311购7100,168.5,0.0,0.0,0.0,30,164.5,167.0,5,170.0,168.0,169.0,164.5,35.0,5775.0,669
2023-05-10 21:46:29,SR311C7100,白糖2311购7100,168.5,0.0,0.0,0.0,20,164.5,167.0,5,170.0,168.0,169.0,164.5,35.0,5775.0,669
2023-05-10 21:46:30,SR311C7100,白糖2311购7100,168.5,0.0,0.0,0.0,30,164.5,167.0,5,170.0,168.0,169.0,164.5,35.0,5775.0,669
2023-05-10 21:46:40,SR311C7100,白糖2311购7100,168.5,0.0,0.0,0.0,40,164.5,167.0,5,170.0,168.0,169.0,164.5,35.0,5775.0,669
2023-05-10 21:46:55,SR311C7100,白糖2311购7100,168.5,0.0,0.0,0.0,30,164.5,167.0,15,170.0,168.0,169.0,164.5,35.0,5775.0,669
2023-05-10 21:46:55,SR311C7100,白糖2311购7100,168.5,0.0,0.0,0.0,30,164.5,167.0,25,170.0,168.0,169.0,164.5,35.0,5775.0,669
2023-05-10 21:46:57,SR311C7100,白糖2311购7100,168.5,0.0,0.0,0.0,40,164.5,167.0,5,170.0,168.0,169.0,164.5,35.0,5775.0,669
2023-05-10 21:46:59,SR311C7100,白糖2311购7100,168.5,0.0,0.0,0.0,20,165.0,167.0,5,170.0,168.0,169.0,164.5,35.0,5775.0,669
2023-05-10 21:47:01,SR311C7100,白糖2311购7100,168.5,0.0,0.0,0.0,10,165.0,167.0,5,170.0,168.0,169.0,164.5,35.0,5775.0,669
2023-05-10 21:47:02,SR311C7100,白糖2311购7100,168.5,0.0,0.0,0.0,50,164.5,167.0,5,170.0,168.0,169.0,164.5,35.0,5775.0,669
2023-05-10 21:47:03,SR311C7100,白糖2311购7100,168.5,0.0,0.0,0.0,40,164.5,167.0,5,170.0,168.0,169.0,164.5,35.0,5775.0,669
2023-05-10 21:47:40,SR311C7100,白糖2311购7100,168.5,0.0,0.0,0.0,10,165.0,167.0,5,170.0,168.0,169.0,164.5,35.0,5775.0,669
2023-05-10 21:47:40,SR311C7100,白糖2311购7100,168.5,0.0,0.0,0.0,20,165.0,167.0,5,170.0,168.0,169.0,164.5,35.0,5775.0,669
2023-05-10 21:48:02,SR311C7100,白糖2311购7100,168.5,0.0,0.0,0.0,10,165.0,167.0,5,170.0,168.0,169.0,164.5,35.0,5775.0,669
2023-05-10 21:48:03,SR311C7100,白糖2311购7100,168.5,0.0,0.0,0.0,55,164.5,167.0,5,170.0,168.0,169.0,164.5,35.0,5775.0,669
2023-05-10 21:48:04,SR311C7100,白糖2311购7100,168.5,0.0,0.0,0.0,45,164.5,167.0,5,170.0,168.0,169.0,164.5,35.0,5775.0,669
2023-05-10 21:48:04,SR311C7100,白糖2311购7100,168.5,0.0,0.0,0.0,10,165.0,167.0,5,170.0,168.0,169.0,164.5,35.0,5775.0,669
2023-05-10 21:48:06,SR311C7100,白糖2311购7100,168.5,0.0,0.0,0.0,20,165.0,167.0,5,170.0,168.0,169.0,164.5,35.0,5775.0,669
2023-05-10 21:48:10,SR311C7100,白糖2311购7100,168.5,0.0,0.0,0.0,65,164.5,167.0,5,170.0,168.0,169.0,164.5,35.0,5775.0,669
2023-05-10 21:48:11,SR311C7100,白糖2311购7100,168.5,0.0,0.0,0.0,55,164.5,167.0,5,170.0,168.0,169.0,164.5,35.0,5775.0,669
2023-05-10 21:48:20,SR311C7100,白糖2311购7100,168.5,0.0,0.0,0.0,35,164.5,167.0,15,170.0,168.0,169.0,164.5,35.0,5775.0,669
2023-05-10 21:48:20,SR311C7100,白糖2311购7100,168.5,0.0,0.0,0.0,25,164.5,167.0,15,170.0,168.0,169.0,164.5,35.0,5775.0,669
2023-05-10 21:48:21,SR311C7100,白糖2311购7100,168.5,0.0,0.0,0.0,15,164.5,167.0,25,170.0,168.0,169.0,164.5,35.0,5775.0,669
2023-05-10 21:48:23,SR311C7100,白糖2311购7100,168.5,0.0,0.0,0.0,15,164.5,167.0,35,170.0,168.0,169.0,164.5,35.0,5775.0,669
2023-05-10 21:48:26,SR311C7100,白糖2311购7100,168.5,0.0,0.0,0.0,20,164.0,167.0,35,170.0,168.0,169.0,164.5,35.0,5775.0,669
2023-05-10 21:48:26,SR311C7100,白糖2311购7100,168.5,0.0,0.0,0.0,30,164.0,167.0,35,170.0,168.0,169.0,164.5,35.0,5775.0,669
2023-05-10 21:48:27,SR311C7100,白糖2311购7100,168.5,0.0,0.0,0.0,20,164.0,167.0,35,170.0,168.0,169.0,164.5,35.0,5775.0,669
2023-05-10 21:48:32,SR311C7100,白糖2311购7100,168.5,0.0,0.0,0.0,20,164.0,166.0,5,170.0,168.0,169.0,164.5,35.0,5775.0,669
2023-05-10 21:48:37,SR311C7100,白糖2311购7100,168.5,0.0,0.0,0.0,10,164.5,166.0,5,170.0,168.0,169.0,164.5,35.0,5775.0,669
2023-05-10 21:48:37,SR311C7100,白糖2311购7100,168.5,0.0,0.0,0.0,20,164.5,166.0,5,170.0,168.0,169.0,164.5,35.0,5775.0,669
2023-05-10 21:48:42,SR311C7100,白糖2311购7100,168.5,0.0,0.0,0.0,20,164.0,166.0,5,170.0,168.0,169.0,164.5,35.0,5775.0,669
2023-05-10 21:48:43,SR311C7100,白糖2311购7100,168.5,0.0,0.0,0.0,10,164.0,166.0,5,170.0,168.0,169.0,164.5,35.0,5775.0,669
2023-05-10 21:48:44,SR311C7100,白糖2311购7100,168.5,0.0,0.0,0.0,55,163.5,166.0,5,170.0,168.0,169.0,164.5,35.0,5775.0,669
2023-05-10 21:48:45,SR311C7100,白糖2311购7100,168.5,0.0,0.0,0.0,45,163.5,166.0,5,170.0,168.0,169.0,164.5,35.0,5775.0,669
2023-05-10 21:48:48,SR311C7100,白糖2311购7100,168.5,0.0,0.0,0.0,35,163.5,166.0,5,170.0,168.0,169.0,164.5,35.0,5775.0,669
2023-05-10 21:49:08,SR311C7100,白糖2311购7100,168.5,0.0,0.0,0.0,20,164.0,166.0,5,170.0,168.0,169.0,164.5,35.0,5775.0,669
2023-05-10 21:49:20,SR311C7100,白糖2311购7100,168.5,0.0,0.0,0.0,35,163.5,166.0,5,170.0,168.0,169.0,164.5,35.0,5775.0,669
2023-05-10 21:49:21,SR311C7100,白糖2311购7100,168.5,0.0,0.0,0.0,25,163.5,166.0,5,170.0,168.0,169.0,164.5,35.0,5775.0,669
2023-05-10 21:49:29,SR311C7100,白糖2311购7100,168.5,0.0,0.0,0.0,10,163.5,166.0,15,170.0,168.0,169.0,164.5,35.0,5775.0,669
2023-05-10 21:49:30,SR311C7100,白糖2311购7100,168.5,0.0,0.0,0.0,40,163.0,166.0,15,170.0,168.0,169.0,164.5,35.0,5775.0,669
2023-05-10 21:49:31,SR311C7100,白糖2311购7100,168.5,0.0,0.0,0.0,50,163.0,166.0,5,170.0,168.0,169.0,164.5,35.0,5775.0,669
2023-05-10 21:49:32,SR311C7100,白糖2311购7100,168.5,0.0,0.0,0.0,60,163.0,166.0,5,170.0,168.0,169.0,164.5,35.0,5775.0,669
2023-05-10 21:49:32,SR311C7100,白糖2311购7100,168.5,0.0,0.0,0.0,40,163.0,166.0,5,170.0,168.0,169.0,164.5,35.0,5775.0,669
2023-05-10 21:49:34,SR311C7100,白糖2311购7100,168.5,0.0,0.0,0.0,30,163.0,166.0,5,170.0,168.0,169.0,164.5,35.0,5775.0,669
2023-05-10 21:50:14,SR311C7100,白糖2311购7100,168.5,0.0,0.0,0.0,20,164.0,166.0,5,170.0,168.0,169.0,164.5,35.0,5775.0,669
2023-05-10 21:50:19,SR311C7100,白糖2311购7100,168.5,0.0,0.0,0.0,20,163.5,166.0,15,170.0,168.0,169.0,164.5,35.0,5775.0,669
2023-05-10 21:50:19,SR311C7100,白糖2311购7100,168.5,0.0,0.0,0.0,10,163.5,166.0,35,170.0,168.0,169.0,164.5,35.0,5775.0,669
2023-05-10 21:50:20,SR311C7100,白糖2311购7100,168.5,0.0,0.0,0.0,20,163.0,166.0,35,170.0,168.0,169.0,164.5,35.0,5775.0,669
2023-05-10 21:50:21,SR311C7100,白糖2311购7100,168.5,0.0,0.0,0.0,45,162.5,166.0,35,170.0,168.0,169.0,164.5,35.0,5775.0,669
2023-05-10 21:50:21,SR311C7100,白糖2311购7100,168.5,0.0,0.0,0.0,55,162.5,166.0,45,170.0,168.0,169.0,164.5,35.0,5775.0,669
2023-05-10 21:50:22,SR311C7100,白糖2311购7100,168.5,0.0,0.0,0.0,45,162.5,165.5,10,170.0,168.0,169.0,164.5,35.0,5775.0,669
2023-05-10 21:50:26,SR311C7100,白糖2311购7100,168.5,0.0,0.0,0.0,20,163.5,165.5,10,170.0,168.0,169.0,164.5,35.0,5775.0,669
2023-05-10 21:50:28,SR311C7100,白糖2311购7100,168.5,0.0,0.0,0.0,20,163.5,166.0,45,170.0,168.0,169.0,164.5,35.0,5775.0,669
2023-05-10 21:50:29,SR311C7100,白糖2311购7100,168.5,0.0,0.0,0.0,20,163.5,166.0,35,170.0,168.0,169.0,164.5,35.0,5775.0,669
2023-05-10 21:50:36,SR311C7100,白糖2311购7100,168.5,0.0,0.0,0.0,25,163.5,166.0,35,170.0,168.0,169.0,164.5,35.0,5775.0,669
2023-05-10 21:50:36,SR311C7100,白糖2311购7100,168.5,0.0,0.0,0.0,25,163.5,166.0,5,170.0,168.0,169.0,164.5,35.0,5775.0,669
2023-05-10 21:50:39,SR311C7100,白糖2311购7100,168.5,0.0,0.0,0.0,25,163.5,166.5,40,170.0,168.0,169.0,164.5,35.0,5775.0,669
2023-05-10 21:50:40,SR311C7100,白糖2311购7100,168.5,0.0,0.0,0.0,35,163.5,166.5,50,170.0,168.0,169.0,164.5,35.0,5775.0,669
2023-05-10 21:50:40,SR311C7100,白糖2311购7100,168.5,0.0,0.0,0.0,35,163.5,166.5,40,170.0,168.0,169.0,164.5,35.0,5775.0,669
2023-05-10 21:50:47,SR311C7100,白糖2311购7100,168.5,0.0,0.0,0.0,10,164.0,166.5,30,170.0,168.0,169.0,164.5,35.0,5775.0,669
2023-05-10 21:50:48,SR311C7100,白糖2311购7100,168.5,0.0,0.0,0.0,20,164.0,166.5,20,170.0,168.0,169.0,164.5,35.0,5775.0,669
2023-05-10 21:50:54,SR311C7100,白糖2311购7100,168.5,0.0,0.0,0.0,20,164.0,166.5,30,170.0,168.0,169.0,164.5,35.0,5775.0,669
2023-05-10 21:50:59,SR311C7100,白糖2311购7100,168.5,0.0,0.0,0.0,20,164.0,166.5,20,170.0,168.0,169.0,164.5,35.0,5775.0,669
2023-05-10 21:51:11,SR311C7100,白糖2311购7100,168.5,0.0,0.0,0.0,30,164.0,167.0,55,170.0,168.0,169.0,164.5,35.0,5775.0,669
2023-05-10 21:51:11,SR311C7100,白糖2311购7100,168.5,0.0,0.0,0.0,40,164.0,167.0,55,170.0,168.0,169.0,164.5,35.0,5775.0,669
2023-05-10 21:51:12,SR311C7100,白糖2311购7100,168.5,0.0,0.0,0.0,40,164.0,167.0,45,170.0,168.0,169.0,164.5,35.0,5775.0,669
2023-05-10 21:51:19,SR311C7100,白糖2311购7100,168.5,0.0,0.0,0.0,40,164.0,167.0,35,170.0,168.0,169.0,164.5,35.0,5775.0,669
2023-05-10 21:51:20,SR311C7100,白糖2311购7100,168.5,0.0,0.0,0.0,5,164.5,167.0,35,170.0,168.0,169.0,164.5,35.0,5775.0,669
2023-05-10 21:51:21,SR311C7100,白糖2311购7100,168.5,0.0,0.0,0.0,10,165.0,167.0,25,170.0,168.0,169.0,164.5,35.0,5775.0,669
2023-05-10 21:51:21,SR311C7100,白糖2311购7100,168.5,0.0,0.0,0.0,20,165.0,167.0,15,170.0,168.0,169.0,164.5,35.0,5775.0,669
2023-05-10 21:51:22,SR311C7100,白糖2311购7100,168.5,0.0,0.0,0.0,20,165.0,167.0,10,170.0,168.0,169.0,164.5,35.0,5775.0,669
2023-05-10 21:51:25,SR311C7100,白糖2311购7100,168.5,0.0,0.0,0.0,30,165.0,167.5,35,170.0,168.0,169.0,164.5,35.0,5775.0,669
2023-05-10 21:51:26,SR311C7100,白糖2311购7100,168.5,0.0,0.0,0.0,30,165.0,167.5,15,170.0,168.0,169.0,164.5,35.0,5775.0,669
2023-05-10 21:51:27,SR311C7100,白糖2311购7100,168.5,0.0,0.0,0.0,30,165.0,167.5,5,170.0,168.0,169.0,164.5,35.0,5775.0,669
2023-05-10 21:51:29,SR311C7100,白糖2311购7100,168.5,0.0,0.0,0.0,25,165.5,168.0,45,170.0,168.0,169.0,164.5,35.0,5775.0,669
2023-05-10 21:51:29,SR311C7100,白糖2311购7100,168.5,0.0,0.0,0.0,35,165.5,168.0,25,170.0,168.0,169.0,164.5,35.0,5775.0,669
2023-05-10 21:51:30,SR311C7100,白糖2311购7100,168.5,0.0,0.0,0.0,35,165.5,168.0,15,170.0,168.0,169.0,164.5,35.0,5775.0,669
2023-05-10 21:51:32,SR311C7100,白糖2311购7100,168.5,0.0,0.0,0.0,35,165.5,168.0,10,170.0,168.0,169.0,164.5,35.0,5775.0,669
2023-05-10 21:51:33,SR311C7100,白糖2311购7100,168.5,0.0,0.0,0.0,35,165.5,168.5,41,170.0,168.0,169.0,164.5,35.0,5775.0,669
2023-05-10 21:51:34,SR311C7100,白糖2311购7100,168.5,0.0,0.0,0.0,35,165.5,168.5,31,170.0,168.0,169.0,164.5,35.0,5775.0,669
2023-05-10 21:51:54,SR311C7100,白糖2311购7100,168.5,0.0,0.0,0.0,35,165.5,168.5,21,170.0,168.0,169.0,164.5,35.0,5775.0,669
2023-05-10 21:51:58,SR311C7100,白糖2311购7100,168.5,0.0,0.0,0.0,35,165.5,168.5,31,170.0,168.0,169.0,164.5,35.0,5775.0,669
2023-05-10 21:52:00,SR311C7100,白糖2311购7100,168.5,0.0,0.0,0.0,35,165.5,168.5,21,170.0,168.0,169.0,164.5,35.0,5775.0,669
2023-05-10 21:52:01,SR311C7100,白糖2311购7100,168.5,0.0,0.0,0.0,35,165.5,168.0,10,170.0,168.0,169.0,164.5,35.0,5775.0,669
2023-05-10 21:52:03,SR311C7100,白糖2311购7100,168.5,0.0,0.0,0.0,35,165.5,168.5,41,170.0,168.0,169.0,164.5,35.0,5775.0,669
2023-05-10 21:52:06,SR311C7100,白糖2311购7100,168.5,0.0,0.0,0.0,35,165.5,168.5,31,170.0,168.0,169.0,164.5,35.0,5775.0,669
2023-05-10 21:52:08,SR311C7100,白糖2311购7100,168.5,0.0,0.0,0.0,35,165.5,168.5,21,170.0,168.0,169.0,164.5,35.0,5775.0,669
2023-05-10 21:52:10,SR311C7100,白糖2311购7100,168.5,0.0,0.0,0.0,35,165.5,168.5,31,170.0,168.0,169.0,164.5,35.0,5775.0,669
2023-05-10 21:52:10,SR311C7100,白糖2311购7100,168.5,0.0,0.0,0.0,35,165.5,168.5,21,170.0,168.0,169.0,164.5,35.0,5775.0,669
2023-05-10 21:52:28,SR311C7100,白糖2311购7100,168.5,0.0,0.0,0.0,20,166.5,168.5,11,170.0,168.0,169.0,164.5,35.0,5775.0,669
2023-05-10 21:52:37,SR311C7100,白糖2311购7100,168.5,0.0,0.0,0.0,30,166.0,168.5,11,170.0,168.0,169.0,164.5,35.0,5775.0,669
2023-05-10 21:52:38,SR311C7100,白糖2311购7100,168.5,0.0,0.0,0.0,20,166.0,168.5,11,170.0,168.0,169.0,164.5,35.0,5775.0,669
2023-05-10 21:52:46,SR311C7100,白糖2311购7100,168.5,0.0,0.0,0.0,20,166.0,168.5,31,170.0,168.0,169.0,164.5,35.0,5775.0,669
2023-05-10 21:52:50,SR311C7100,白糖2311购7100,168.5,0.0,0.0,0.0,20,166.0,168.5,21,170.0,168.0,169.0,164.5,35.0,5775.0,669
2023-05-10 21:53:13,SR311C7100,白糖2311购7100,168.5,0.0,0.0,0.0,20,166.0,168.5,1,170.0,168.0,169.0,164.5,35.0,5775.0,669
2023-05-10 21:53:22,SR311C7100,白糖2311购7100,168.5,0.0,0.0,0.0,10,166.5,168.5,1,170.0,168.0,169.0,164.5,35.0,5775.0,669
2023-05-10 21:53:23,SR311C7100,白糖2311购7100,168.5,0.0,0.0,0.0,20,166.5,168.5,1,170.0,168.0,169.0,164.5,35.0,5775.0,669
2023-05-10 21:53:41,SR311C7100,白糖2311购7100,168.5,0.0,0.0,0.0,20,166.5,168.5,11,170.0,168.0,169.0,164.5,35.0,5775.0,669
2023-05-10 21:54:05,SR311C7100,白糖2311购7100,168.5,0.0,0.0,0.0,20,166.0,168.5,21,170.0,168.0,169.0,164.5,35.0,5775.0,669
2023-05-10 21:54:06,SR311C7100,白糖2311购7100,168.5,0.0,0.0,0.0,55,165.5,168.5,31,170.0,168.0,169.0,164.5,35.0,5775.0,669
2023-05-10 21:54:07,SR311C7100,白糖2311购7100,168.5,0.0,0.0,0.0,45,165.5,168.5,31,170.0,168.0,169.0,164.5,35.0,5775.0,669
2023-05-10 21:54:08,SR311C7100,白糖2311购7100,168.5,0.0,0.0,0.0,45,165.5,168.5,36,170.0,168.0,169.0,164.5,35.0,5775.0,669
2023-05-10 21:54:08,SR311C7100,白糖2311购7100,168.5,0.0,0.0,0.0,35,165.5,168.5,36,170.0,168.0,169.0,164.5,35.0,5775.0,669
2023-05-10 21:54:27,SR311C7100,白糖2311购7100,168.5,0.0,0.0,0.0,25,165.5,168.0,10,170.0,168.0,169.0,164.5,35.0,5775.0,669
2023-05-10 21:54:29,SR311C7100,白糖2311购7100,168.5,0.0,0.0,0.0,35,165.5,168.0,20,170.0,168.0,169.0,164.5,35.0,5775.0,669
2023-05-10 21:54:41,SR311C7100,白糖2311购7100,168.5,0.0,0.0,0.0,35,165.5,168.0,10,170.0,168.0,169.0,164.5,35.0,5775.0,669
2023-05-10 21:54:41,SR311C7100,白糖2311购7100,168.5,0.0,0.0,0.0,35,165.5,168.5,46,170.0,168.0,169.0,164.5,35.0,5775.0,669
2023-05-10 21:54:42,SR311C7100,白糖2311购7100,168.5,0.0,0.0,0.0,35,165.5,168.5,36,170.0,168.0,169.0,164.5,35.0,5775.0,669
2023-05-10 21:54:48,SR311C7100,白糖2311购7100,168.5,0.0,0.0,0.0,35,165.5,168.5,26,170.0,168.0,169.0,164.5,35.0,5775.0,669
2023-05-10 21:54:49,SR311C7100,白糖2311购7100,168.5,0.0,0.0,0.0,35,165.5,168.5,36,170.0,168.0,169.0,164.5,35.0,5775.0,669
2023-05-10 21:54:50,SR311C7100,白糖2311购7100,168.5,0.0,0.0,0.0,35,165.5,168.5,26,170.0,168.0,169.0,164.5,35.0,5775.0,669
2023-05-10 21:54:51,SR311C7100,白糖2311购7100,168.5,0.0,0.0,0.0,35,165.5,168.5,36,170.0,168.0,169.0,164.5,35.0,5775.0,669
2023-05-10 21:54:53,SR311C7100,白糖2311购7100,168.5,0.0,0.0,0.0,35,165.5,168.5,26,170.0,168.0,169.0,164.5,35.0,5775.0,669
2023-05-10 21:55:00,SR311C7100,白糖2311购7100,168.5,0.0,0.0,0.0,35,165.5,168.5,36,170.0,168.0,169.0,164.5,35.0,5775.0,669
2023-05-10 21:55:00,SR311C7100,白糖2311购7100,168.5,0.0,0.0,0.0,35,165.5,168.5,26,170.0,168.0,169.0,164.5,35.0,5775.0,669
2023-05-10 21:55:12,SR311C7100,白糖2311购7100,168.5,0.0,0.0,0.0,10,166.5,168.5,16,170.0,168.0,169.0,164.5,35.0,5775.0,669
2023-05-10 21:55:12,SR311C7100,白糖2311购7100,168.5,0.0,0.0,0.0,20,166.5,168.5,6,170.0,168.0,169.0,164.5,35.0,5775.0,669
2023-05-10 21:55:30,SR311C7100,白糖2311购7100,168.5,0.0,0.0,0.0,10,166.5,168.5,16,170.0,168.0,169.0,164.5,35.0,5775.0,669
2023-05-10 21:55:30,SR311C7100,白糖2311购7100,168.5,0.0,0.0,0.0,20,166.0,168.5,16,170.0,168.0,169.0,164.5,35.0,5775.0,669
2023-05-10 21:55:33,SR311C7100,白糖2311购7100,168.5,0.0,0.0,0.0,65,165.5,168.5,16,170.0,168.0,169.0,164.5,35.0,5775.0,669
2023-05-10 21:55:33,SR311C7100,白糖2311购7100,168.5,0.0,0.0,0.0,55,165.5,168.5,16,170.0,168.0,169.0,164.5,35.0,5775.0,669
2023-05-10 21:55:34,SR311C7100,白糖2311购7100,168.5,0.0,0.0,0.0,45,165.5,168.5,16,170.0,168.0,169.0,164.5,35.0,5775.0,669
2023-05-10 21:55:48,SR311C7100,白糖2311购7100,168.5,0.0,0.0,0.0,45,165.5,168.5,26,170.0,168.0,169.0,164.5,35.0,5775.0,669
2023-05-10 21:55:50,SR311C7100,白糖2311购7100,168.5,0.0,0.0,0.0,45,165.5,168.5,16,170.0,168.0,169.0,164.5,35.0,5775.0,669
2023-05-10 21:55:56,SR311C7100,白糖2311购7100,168.5,0.0,0.0,0.0,10,166.5,168.5,16,170.0,168.0,169.0,164.5,35.0,5775.0,669
2023-05-10 21:55:56,SR311C7100,白糖2311购7100,168.5,0.0,0.0,0.0,20,166.5,168.5,16,170.0,168.0,169.0,164.5,35.0,5775.0,669
2023-05-10 21:56:00,SR311C7100,白糖2311购7100,168.5,0.0,0.0,0.0,10,167.0,168.5,6,170.0,168.0,169.0,164.5,35.0,5775.0,669
2023-05-10 21:56:01,SR311C7100,白糖2311购7100,168.5,0.0,0.0,0.0,20,167.0,168.5,1,170.0,168.0,169.0,164.5,35.0,5775.0,669
2023-05-10 21:56:01,SR311C7100,白糖2311购7100,168.5,0.0,0.0,0.0,10,167.0,168.5,1,170.0,168.0,169.0,164.5,35.0,5775.0,669
2023-05-10 21:56:01,SR311C7100,白糖2311购7100,168.5,0.0,0.0,0.0,20,167.0,168.5,1,170.0,168.0,169.0,164.5,35.0,5775.0,669
2023-05-10 21:56:03,SR311C7100,白糖2311购7100,168.5,0.0,0.0,0.0,30,167.0,168.5,1,170.0,168.0,169.0,164.5,35.0,5775.0,669
2023-05-10 21:56:06,SR311C7100,白糖2311购7100,168.5,0.0,0.0,0.0,10,167.0,168.5,1,170.0,168.0,169.0,164.5,35.0,5775.0,669
2023-05-10 21:56:07,SR311C7100,白糖2311购7100,168.5,0.0,0.0,0.0,20,167.0,168.5,1,170.0,168.0,169.0,164.5,35.0,5775.0,669
2023-05-10 21:56:08,SR311C7100,白糖2311购7100,168.5,0.0,0.0,0.0,10,167.0,168.5,1,170.0,168.0,169.0,164.5,35.0,5775.0,669
2023-05-10 21:56:10,SR311C7100,白糖2311购7100,168.5,0.0,0.0,0.0,25,166.5,168.5,1,170.0,168.0,169.0,164.5,35.0,5775.0,669
2023-05-10 21:56:11,SR311C7100,白糖2311购7100,168.5,0.0,0.0,0.0,5,166.5,168.5,1,170.0,168.0,169.0,164.5,35.0,5775.0,669
2023-05-10 21:56:15,SR311C7100,白糖2311购7100,168.5,0.0,0.0,0.0,10,167.0,168.5,1,170.0,168.0,169.0,164.5,35.0,5775.0,669
2023-05-10 21:56:36,SR311C7100,白糖2311购7100,168.5,0.0,0.0,0.0,20,167.0,168.5,1,170.0,168.0,169.0,164.5,35.0,5775.0,669
2023-05-10 21:56:36,SR311C7100,白糖2311购7100,168.5,0.0,0.0,0.0,10,167.0,168.5,1,170.0,168.0,169.0,164.5,35.0,5775.0,669
2023-05-10 21:56:39,SR311C7100,白糖2311购7100,168.5,0.0,0.0,0.0,20,167.0,168.5,1,170.0,168.0,169.0,164.5,35.0,5775.0,669
2023-05-10 21:56:39,SR311C7100,白糖2311购7100,168.5,0.0,0.0,0.0,10,167.0,168.5,1,170.0,168.0,169.0,164.5,35.0,5775.0,669
2023-05-10 21:56:41,SR311C7100,白糖2311购7100,168.5,0.0,0.0,0.0,20,167.0,168.5,1,170.0,168.0,169.0,164.5,35.0,5775.0,669
2023-05-10 21:56:42,SR311C7100,白糖2311购7100,168.5,0.0,0.0,0.0,10,167.0,168.5,1,170.0,168.0,169.0,164.5,35.0,5775.0,669
2023-05-10 21:56:42,SR311C7100,白糖2311购7100,168.5,0.0,0.0,0.0,25,166.5,168.5,1,170.0,168.0,169.0,164.5,35.0,5775.0,669
2023-05-10 21:56:42,SR311C7100,白糖2311购7100,168.5,0.0,0.0,0.0,10,167.0,168.5,1,170.0,168.0,169.0,164.5,35.0,5775.0,669
2023-05-10 21:56:42,SR311C7100,白糖2311购7100,168.5,0.0,0.0,0.0,25,166.5,168.5,1,170.0,168.0,169.0,164.5,35.0,5775.0,669
2023-05-10 21:56:44,SR311C7100,白糖2311购7100,168.5,0.0,0.0,0.0,5,166.5,168.5,1,170.0,168.0,169.0,164.5,35.0,5775.0,669
2023-05-10 21:57:01,SR311C7100,白糖2311购7100,168.5,0.0,0.0,0.0,20,167.0,168.5,1,170.0,168.0,169.0,164.5,35.0,5775.0,669
2023-05-10 21:57:02,SR311C7100,白糖2311购7100,168.5,0.0,0.0,0.0,10,167.0,168.5,1,170.0,168.0,169.0,164.5,35.0,5775.0,669
2023-05-10 21:57:02,SR311C7100,白糖2311购7100,168.5,0.0,0.0,0.0,35,166.5,168.5,1,170.0,168.0,169.0,164.5,35.0,5775.0,669
2023-05-10 21:57:03,SR311C7100,白糖2311购7100,168.5,0.0,0.0,0.0,25,166.5,168.5,1,170.0,168.0,169.0,164.5,35.0,5775.0,669
2023-05-10 21:58:52,SR311C7100,白糖2311购7100,168.5,0.0,0.0,0.0,20,167.0,168.5,1,170.0,168.0,169.0,164.5,35.0,5775.0,669
2023-05-10 21:58:54,SR311C7100,白糖2311购7100,168.5,1.0,165.0,0.0,20,167.0,169.0,10,170.0,168.0,169.0,164.5,36.0,5940.0,669
2023-05-10 21:58:54,SR311C7100,白糖2311购7100,168.5,0.0,0.0,0.0,30,167.0,169.0,10,170.0,168.0,169.0,164.5,36.0,5940.0,669
2023-05-10 21:58:55,SR311C7100,白糖2311购7100,168.5,0.0,0.0,0.0,30,167.0,169.5,5,170.0,168.0,169.0,164.5,36.0,5940.0,669
2023-05-10 21:58:55,SR311C7100,白糖2311购7100,168.5,0.0,0.0,0.0,30,167.0,169.5,15,170.0,168.0,169.0,164.5,36.0,5940.0,669
2023-05-10 21:59:04,SR311C7100,白糖2311购7100,168.5,0.0,0.0,0.0,10,167.0,169.5,15,170.0,168.0,169.0,164.5,36.0,5940.0,669
2023-05-10 21:59:06,SR311C7100,白糖2311购7100,168.5,0.0,0.0,0.0,20,167.0,169.5,25,170.0,168.0,169.0,164.5,36.0,5940.0,669
2023-05-10 21:59:11,SR311C7100,白糖2311购7100,168.5,0.0,0.0,0.0,10,167.0,169.5,25,170.0,168.0,169.0,164.5,36.0,5940.0,669
2023-05-10 21:59:13,SR311C7100,白糖2311购7100,168.5,0.0,0.0,0.0,55,166.5,169.5,35,170.0,168.0,169.0,164.5,36.0,5940.0,669
2023-05-10 21:59:14,SR311C7100,白糖2311购7100,168.5,0.0,0.0,0.0,45,166.5,169.5,35,170.0,168.0,169.0,164.5,36.0,5940.0,669
2023-05-10 21:59:25,SR311C7100,白糖2311购7100,168.5,0.0,0.0,0.0,35,166.5,169.5,35,170.0,168.0,169.0,164.5,36.0,5940.0,669
2023-05-10 21:59:31,SR311C7100,白糖2311购7100,168.5,0.0,0.0,0.0,10,166.5,169.0,10,170.0,168.0,169.0,164.5,36.0,5940.0,669
2023-05-10 21:59:32,SR311C7100,白糖2311购7100,168.5,0.0,0.0,0.0,20,166.0,169.0,10,170.0,168.0,169.0,164.5,36.0,5940.0,669
2023-05-10 21:59:32,SR311C7100,白糖2311购7100,168.5,0.0,0.0,0.0,10,166.0,169.0,10,170.0,168.0,169.0,164.5,36.0,5940.0,669
2023-05-10 21:59:33,SR311C7100,白糖2311购7100,168.5,0.0,0.0,0.0,75,165.5,169.0,20,170.0,168.0,169.0,164.5,36.0,5940.0,669
2023-05-10 21:59:34,SR311C7100,白糖2311购7100,168.5,0.0,0.0,0.0,65,165.5,169.0,20,170.0,168.0,169.0,164.5,36.0,5940.0,669
2023-05-10 21:59:37,SR311C7100,白糖2311购7100,168.5,0.0,0.0,0.0,20,166.0,169.5,55,170.0,168.0,169.0,164.5,36.0,5940.0,669
2023-05-10 21:59:37,SR311C7100,白糖2311购7100,168.5,0.0,0.0,0.0,30,166.0,169.5,55,170.0,168.0,169.0,164.5,36.0,5940.0,669
2023-05-10 21:59:38,SR311C7100,白糖2311购7100,168.5,0.0,0.0,0.0,30,166.0,169.5,45,170.0,168.0,169.0,164.5,36.0,5940.0,669
2023-05-10 21:59:43,SR311C7100,白糖2311购7100,168.5,0.0,0.0,0.0,30,166.0,169.5,35,170.0,168.0,169.0,164.5,36.0,5940.0,669
2023-05-10 21:59:49,SR311C7100,白糖2311购7100,168.5,0.0,0.0,0.0,30,166.0,169.5,25,170.0,168.0,169.0,164.5,36.0,5940.0,669
2023-05-10 22:00:03,SR311C7100,白糖2311购7100,168.5,0.0,0.0,0.0,10,167.0,169.5,25,170.0,168.0,169.0,164.5,36.0,5940.0,669
2023-05-10 22:00:03,SR311C7100,白糖2311购7100,168.5,0.0,0.0,0.0,20,167.0,169.5,15,170.0,168.0,169.0,164.5,36.0,5940.0,669
2023-05-10 22:00:08,SR311C7100,白糖2311购7100,168.5,0.0,0.0,0.0,30,167.0,169.5,15,170.0,168.0,169.0,164.5,36.0,5940.0,669
2023-05-10 22:00:09,SR311C7100,白糖2311购7100,168.5,0.0,0.0,0.0,30,167.0,169.5,5,170.0,168.0,169.0,164.5,36.0,5940.0,669
2023-05-10 22:00:16,SR311C7100,白糖2311购7100,168.5,0.0,0.0,0.0,20,167.5,169.5,5,170.0,168.0,169.0,164.5,36.0,5940.0,669
2023-05-10 22:00:17,SR311C7100,白糖2311购7100,168.5,0.0,0.0,0.0,25,167.5,170.0,30,170.0,168.0,169.0,164.5,36.0,5940.0,669
2023-05-10 22:00:17,SR311C7100,白糖2311购7100,168.5,0.0,0.0,0.0,35,167.5,170.0,20,170.0,168.0,169.0,164.5,36.0,5940.0,669
2023-05-10 22:00:18,SR311C7100,白糖2311购7100,168.5,0.0,0.0,0.0,35,167.5,170.0,10,170.0,168.0,169.0,164.5,36.0,5940.0,669
2023-05-10 22:00:20,SR311C7100,白糖2311购7100,168.5,0.0,0.0,0.0,35,167.5,170.5,40,170.0,168.0,169.0,164.5,36.0,5940.0,669
2023-05-10 22:00:20,SR311C7100,白糖2311购7100,168.5,0.0,0.0,0.0,35,167.5,170.5,30,170.0,168.0,169.0,164.5,36.0,5940.0,669
2023-05-10 22:00:20,SR311C7100,白糖2311购7100,168.5,0.0,0.0,0.0,35,167.5,170.5,20,170.0,168.0,169.0,164.5,36.0,5940.0,669
2023-05-10 22:00:21,SR311C7100,白糖2311购7100,168.5,0.0,0.0,0.0,45,167.5,170.5,20,170.0,168.0,169.0,164.5,36.0,5940.0,669
2023-05-10 22:00:34,SR311C7100,白糖2311购7100,168.5,0.0,0.0,0.0,45,167.5,170.5,10,170.0,168.0,169.0,164.5,36.0,5940.0,669
2023-05-10 22:00:34,SR311C7100,白糖2311购7100,168.5,0.0,0.0,0.0,45,167.5,171.0,65,170.0,168.0,169.0,164.5,36.0,5940.0,669
2023-05-10 22:00:35,SR311C7100,白糖2311购7100,168.5,0.0,0.0,0.0,45,167.5,171.0,45,170.0,168.0,169.0,164.5,36.0,5940.0,669
2023-05-10 22:00:36,SR311C7100,白糖2311购7100,168.5,0.0,0.0,0.0,45,167.5,171.0,55,170.0,168.0,169.0,164.5,36.0,5940.0,669
2023-05-10 22:00:41,SR311C7100,白糖2311购7100,168.5,0.0,0.0,0.0,45,167.5,170.5,10,170.0,168.0,169.0,164.5,36.0,5940.0,669
2023-05-10 22:00:41,SR311C7100,白糖2311购7100,168.5,0.0,0.0,0.0,35,167.5,170.5,10,170.0,168.0,169.0,164.5,36.0,5940.0,669
2023-05-10 22:00:43,SR311C7100,白糖2311购7100,168.5,0.0,0.0,0.0,35,167.5,170.0,10,170.0,168.0,169.0,164.5,36.0,5940.0,669
2023-05-10 22:00:43,SR311C7100,白糖2311购7100,168.5,0.0,0.0,0.0,45,167.5,170.0,20,170.0,168.0,169.0,164.5,36.0,5940.0,669
2023-05-10 22:00:44,SR311C7100,白糖2311购7100,168.5,0.0,0.0,0.0,45,167.5,170.0,10,170.0,168.0,169.0,164.5,36.0,5940.0,669
2023-05-10 22:00:44,SR311C7100,白糖2311购7100,168.5,0.0,0.0,0.0,45,167.5,170.5,40,170.0,168.0,169.0,164.5,36.0,5940.0,669
2023-05-10 22:00:45,SR311C7100,白糖2311购7100,168.5,0.0,0.0,0.0,45,167.5,170.5,30,170.0,168.0,169.0,164.5,36.0,5940.0,669
2023-05-10 22:00:52,SR311C7100,白糖2311购7100,168.5,0.0,0.0,0.0,45,167.5,170.5,20,170.0,168.0,169.0,164.5,36.0,5940.0,669
2023-05-10 22:00:53,SR311C7100,白糖2311购7100,168.5,0.0,0.0,0.0,45,167.5,171.0,75,170.0,168.0,169.0,164.5,36.0,5940.0,669
2023-05-10 22:00:53,SR311C7100,白糖2311购7100,168.5,0.0,0.0,0.0,45,167.5,171.0,65,170.0,168.0,169.0,164.5,36.0,5940.0,669
2023-05-10 22:00:55,SR311C7100,白糖2311购7100,168.5,0.0,0.0,0.0,45,167.5,170.5,10,170.0,168.0,169.0,164.5,36.0,5940.0,669
2023-05-10 22:00:55,SR311C7100,白糖2311购7100,168.5,0.0,0.0,0.0,45,167.5,171.0,65,170.0,168.0,169.0,164.5,36.0,5940.0,669
2023-05-10 22:00:56,SR311C7100,白糖2311购7100,168.5,0.0,0.0,0.0,45,167.5,171.0,75,170.0,168.0,169.0,164.5,36.0,5940.0,669
2023-05-10 22:00:56,SR311C7100,白糖2311购7100,168.5,0.0,0.0,0.0,45,167.5,171.0,65,170.0,168.0,169.0,164.5,36.0,5940.0,669
2023-05-10 22:01:03,SR311C7100,白糖2311购7100,168.5,0.0,0.0,0.0,45,167.5,170.5,10,170.0,168.0,169.0,164.5,36.0,5940.0,669
2023-05-10 22:01:03,SR311C7100,白糖2311购7100,168.5,0.0,0.0,0.0,35,167.5,170.5,10,170.0,168.0,169.0,164.5,36.0,5940.0,669
2023-05-10 22:01:05,SR311C7100,白糖2311购7100,168.5,0.0,0.0,0.0,45,167.5,170.0,10,170.0,168.0,169.0,164.5,36.0,5940.0,669
2023-05-10 22:01:06,SR311C7100,白糖2311购7100,168.5,0.0,0.0,0.0,45,167.5,170.5,20,170.0,168.0,169.0,164.5,36.0,5940.0,669
2023-05-10 22:01:06,SR311C7100,白糖2311购7100,168.5,0.0,0.0,0.0,45,167.5,170.5,30,170.0,168.0,169.0,164.5,36.0,5940.0,669
2023-05-10 22:01:06,SR311C7100,白糖2311购7100,168.5,0.0,0.0,0.0,45,167.5,170.5,20,170.0,168.0,169.0,164.5,36.0,5940.0,669
2023-05-10 22:01:08,SR311C7100,白糖2311购7100,168.5,0.0,0.0,0.0,45,167.5,170.0,10,170.0,168.0,169.0,164.5,36.0,5940.0,669
2023-05-10 22:01:11,SR311C7100,白糖2311购7100,168.5,0.0,0.0,0.0,45,167.5,170.5,30,170.0,168.0,169.0,164.5,36.0,5940.0,669
2023-05-10 22:01:12,SR311C7100,白糖2311购7100,168.5,0.0,0.0,0.0,45,167.5,170.0,20,170.0,168.0,169.0,164.5,36.0,5940.0,669
2023-05-10 22:01:20,SR311C7100,白糖2311购7100,168.5,0.0,0.0,0.0,35,167.5,170.0,20,170.0,168.0,169.0,164.5,36.0,5940.0,669
2023-05-10 22:01:22,SR311C7100,白糖2311购7100,168.5,0.0,0.0,0.0,35,167.5,170.0,10,170.0,168.0,169.0,164.5,36.0,5940.0,669
2023-05-10 22:01:22,SR311C7100,白糖2311购7100,168.5,0.0,0.0,0.0,35,167.5,170.5,30,170.0,168.0,169.0,164.5,36.0,5940.0,669
2023-05-10 22:01:23,SR311C7100,白糖2311购7100,168.5,0.0,0.0,0.0,35,167.5,170.5,20,170.0,168.0,169.0,164.5,36.0,5940.0,669
2023-05-10 22:01:29,SR311C7100,白糖2311购7100,168.5,0.0,0.0,0.0,35,167.5,171.0,85,170.0,168.0,169.0,164.5,36.0,5940.0,669
2023-05-10 22:01:30,SR311C7100,白糖2311购7100,168.5,0.0,0.0,0.0,35,167.5,171.0,75,170.0,168.0,169.0,164.5,36.0,5940.0,669
2023-05-10 22:01:30,SR311C7100,白糖2311购7100,168.5,0.0,0.0,0.0,35,167.5,171.0,65,170.0,168.0,169.0,164.5,36.0,5940.0,669
2023-05-10 22:01:31,SR311C7100,白糖2311购7100,168.5,0.0,0.0,0.0,45,167.5,171.0,55,170.0,168.0,169.0,164.5,36.0,5940.0,669
2023-05-10 22:01:32,SR311C7100,白糖2311购7100,168.5,0.0,0.0,0.0,30,168.5,171.0,45,170.0,168.0,169.0,164.5,36.0,5940.0,669
2023-05-10 22:01:35,SR311C7100,白糖2311购7100,168.5,0.0,0.0,0.0,30,168.5,171.0,25,170.0,168.0,169.0,164.5,36.0,5940.0,669
2023-05-10 22:01:39,SR311C7100,白糖2311购7100,168.5,0.0,0.0,0.0,30,168.5,171.0,35,170.0,168.0,169.0,164.5,36.0,5940.0,669
2023-05-10 22:01:40,SR311C7100,白糖2311购7100,168.5,0.0,0.0,0.0,30,168.5,171.0,25,170.0,168.0,169.0,164.5,36.0,5940.0,669
2023-05-10 22:01:47,SR311C7100,白糖2311购7100,168.5,0.0,0.0,0.0,30,168.5,171.0,35,170.0,168.0,169.0,164.5,36.0,5940.0,669
2023-05-10 22:01:49,SR311C7100,白糖2311购7100,168.5,0.0,0.0,0.0,10,168.5,171.0,35,170.0,168.0,169.0,164.5,36.0,5940.0,669
2023-05-10 22:01:49,SR311C7100,白糖2311购7100,168.5,0.0,0.0,0.0,20,168.0,170.5,20,170.0,168.0,169.0,164.5,36.0,5940.0,669
2023-05-10 22:01:50,SR311C7100,白糖2311购7100,168.5,0.0,0.0,0.0,20,168.0,170.5,10,170.0,168.0,169.0,164.5,36.0,5940.0,669
2023-05-10 22:01:50,SR311C7100,白糖2311购7100,168.5,0.0,0.0,0.0,55,167.5,170.5,20,170.0,168.0,169.0,164.5,36.0,5940.0,669
2023-05-10 22:01:51,SR311C7100,白糖2311购7100,168.5,0.0,0.0,0.0,45,167.5,170.5,20,170.0,168.0,169.0,164.5,36.0,5940.0,669
2023-05-10 22:01:53,SR311C7100,白糖2311购7100,168.5,0.0,0.0,0.0,45,167.5,171.0,55,170.0,168.0,169.0,164.5,36.0,5940.0,669
2023-05-10 22:01:53,SR311C7100,白糖2311购7100,168.5,0.0,0.0,0.0,45,167.5,171.0,45,170.0,168.0,169.0,164.5,36.0,5940.0,669
2023-05-10 22:01:53,SR311C7100,白糖2311购7100,168.5,0.0,0.0,0.0,45,167.5,171.0,35,170.0,168.0,169.0,164.5,36.0,5940.0,669
2023-05-10 22:02:14,SR311C7100,白糖2311购7100,168.5,0.0,0.0,0.0,20,168.5,171.0,35,170.0,168.0,169.0,164.5,36.0,5940.0,669
2023-05-10 22:02:16,SR311C7100,白糖2311购7100,168.5,0.0,0.0,0.0,20,168.5,171.0,5,170.0,168.0,169.0,164.5,36.0,5940.0,669
2023-05-10 22:02:19,SR311C7100,白糖2311购7100,168.5,0.0,0.0,0.0,20,168.5,171.0,15,170.0,168.0,169.0,164.5,36.0,5940.0,669
2023-05-10 22:02:21,SR311C7100,白糖2311购7100,168.5,0.0,0.0,0.0,20,168.5,171.0,5,170.0,168.0,169.0,164.5,36.0,5940.0,669
2023-05-10 22:02:23,SR311C7100,白糖2311购7100,168.5,0.0,0.0,0.0,20,168.5,171.0,15,170.0,168.0,169.0,164.5,36.0,5940.0,669
2023-05-10 22:02:23,SR311C7100,白糖2311购7100,168.5,0.0,0.0,0.0,20,168.5,171.0,5,170.0,168.0,169.0,164.5,36.0,5940.0,669
2023-05-10 22:02:28,SR311C7100,白糖2311购7100,168.5,0.0,0.0,0.0,20,168.5,171.0,15,170.0,168.0,169.0,164.5,36.0,5940.0,669
2023-05-10 22:02:31,SR311C7100,白糖2311购7100,168.5,0.0,0.0,0.0,20,168.5,171.0,5,170.0,168.0,169.0,164.5,36.0,5940.0,669
2023-05-10 22:02:35,SR311C7100,白糖2311购7100,168.5,0.0,0.0,0.0,25,168.5,171.0,5,170.0,168.0,169.0,164.5,36.0,5940.0,669
2023-05-10 22:02:41,SR311C7100,白糖2311购7100,168.5,0.0,0.0,0.0,40,169.0,171.5,30,170.0,168.0,169.0,164.5,36.0,5940.0,669
2023-05-10 22:02:41,SR311C7100,白糖2311购7100,168.5,0.0,0.0,0.0,40,169.0,171.5,10,170.0,168.0,169.0,164.5,36.0,5940.0,669
2023-05-10 22:02:42,SR311C7100,白糖2311购7100,168.5,0.0,0.0,0.0,5,169.5,172.0,40,170.0,168.0,169.0,164.5,36.0,5940.0,669
2023-05-10 22:02:43,SR311C7100,白糖2311购7100,168.5,0.0,0.0,0.0,5,169.5,172.0,20,170.0,168.0,169.0,164.5,36.0,5940.0,669
2023-05-10 22:02:47,SR311C7100,白糖2311购7100,168.5,0.0,0.0,0.0,10,170.0,172.5,45,170.0,168.0,169.0,164.5,36.0,5940.0,669
2023-05-10 22:02:47,SR311C7100,白糖2311购7100,168.5,0.0,0.0,0.0,30,170.0,172.5,45,170.0,168.0,169.0,164.5,36.0,5940.0,669
2023-05-10 22:02:48,SR311C7100,白糖2311购7100,168.5,0.0,0.0,0.0,30,170.0,172.5,35,170.0,168.0,169.0,164.5,36.0,5940.0,669
2023-05-10 22:02:57,SR311C7100,白糖2311购7100,168.5,0.0,0.0,0.0,30,170.0,172.5,45,170.0,168.0,169.0,164.5,36.0,5940.0,669
2023-05-10 22:02:58,SR311C7100,白糖2311购7100,168.5,0.0,0.0,0.0,30,170.0,172.5,35,170.0,168.0,169.0,164.5,36.0,5940.0,669
2023-05-10 22:02:59,SR311C7100,白糖2311购7100,168.5,0.0,0.0,0.0,30,170.0,172.5,45,170.0,168.0,169.0,164.5,36.0,5940.0,669
2023-05-10 22:03:02,SR311C7100,白糖2311购7100,168.5,0.0,0.0,0.0,30,170.0,172.5,35,170.0,168.0,169.0,164.5,36.0,5940.0,669
2023-05-10 22:03:02,SR311C7100,白糖2311购7100,168.5,0.0,0.0,0.0,30,170.0,172.5,45,170.0,168.0,169.0,164.5,36.0,5940.0,669
2023-05-10 22:03:05,SR311C7100,白糖2311购7100,168.5,0.0,0.0,0.0,10,170.0,172.0,10,170.0,168.0,169.0,164.5,36.0,5940.0,669
2023-05-10 22:03:06,SR311C7100,白糖2311购7100,168.5,0.0,0.0,0.0,35,169.5,172.0,10,170.0,168.0,169.0,164.5,36.0,5940.0,669
2023-05-10 22:03:07,SR311C7100,白糖2311购7100,168.5,0.0,0.0,0.0,25,169.5,172.0,10,170.0,168.0,169.0,164.5,36.0,5940.0,669
2023-05-10 22:03:07,SR311C7100,白糖2311购7100,168.5,0.0,0.0,0.0,20,170.0,172.0,10,170.0,168.0,169.0,164.5,36.0,5940.0,669
2023-05-10 22:03:08,SR311C7100,白糖2311购7100,168.5,0.0,0.0,0.0,20,170.0,172.0,20,170.0,168.0,169.0,164.5,36.0,5940.0,669
2023-05-10 22:03:09,SR311C7100,白糖2311购7100,168.5,0.0,0.0,0.0,20,170.0,172.5,55,170.0,168.0,169.0,164.5,36.0,5940.0,669
2023-05-10 22:03:09,SR311C7100,白糖2311购7100,168.5,0.0,0.0,0.0,30,170.0,172.5,55,170.0,168.0,169.0,164.5,36.0,5940.0,669
2023-05-10 22:03:10,SR311C7100,白糖2311购7100,168.5,0.0,0.0,0.0,30,170.0,172.5,45,170.0,168.0,169.0,164.5,36.0,5940.0,669
2023-05-10 22:03:10,SR311C7100,白糖2311购7100,168.5,0.0,0.0,0.0,30,170.0,172.5,35,170.0,168.0,169.0,164.5,36.0,5940.0,669
2023-05-10 22:03:18,SR311C7100,白糖2311购7100,168.5,0.0,0.0,0.0,30,170.0,172.5,15,170.0,168.0,169.0,164.5,36.0,5940.0,669
2023-05-10 22:03:18,SR311C7100,白糖2311购7100,168.5,0.0,0.0,0.0,30,170.0,172.5,5,170.0,168.0,169.0,164.5,36.0,5940.0,669
2023-05-10 22:03:37,SR311C7100,白糖2311购7100,168.5,0.0,0.0,0.0,30,170.0,173.0,30,170.0,168.0,169.0,164.5,36.0,5940.0,669
2023-05-10 22:03:38,SR311C7100,白糖2311购7100,168.5,0.0,0.0,0.0,30,170.0,173.0,20,170.0,168.0,169.0,164.5,36.0,5940.0,669
2023-05-10 22:03:39,SR311C7100,白糖2311购7100,168.5,0.0,0.0,0.0,30,170.0,173.0,30,170.0,168.0,169.0,164.5,36.0,5940.0,669
2023-05-10 22:03:44,SR311C7100,白糖2311购7100,168.5,0.0,0.0,0.0,30,170.0,173.0,35,170.0,168.0,169.0,164.5,36.0,5940.0,669
2023-05-10 22:03:59,SR311C7100,白糖2311购7100,168.5,0.0,0.0,0.0,20,170.0,172.5,10,170.0,168.0,169.0,164.5,36.0,5940.0,669
2023-05-10 22:04:01,SR311C7100,白糖2311购7100,168.5,0.0,0.0,0.0,30,170.0,172.5,20,170.0,168.0,169.0,164.5,36.0,5940.0,669
2023-05-10 22:04:07,SR311C7100,白糖2311购7100,168.5,0.0,0.0,0.0,30,170.0,171.0,1,170.0,168.0,169.0,164.5,36.0,5940.0,669
2023-05-10 22:04:09,SR311C7100,白糖2311购7100,170.0,1.0,165.0,-1.0,29,170.0,171.0,1,170.0,168.0,170.0,164.5,37.0,6105.0,668
2023-05-10 22:04:09,SR311C7100,白糖2311购7100,170.0,0.0,0.0,0.0,30,170.0,171.0,1,170.0,168.0,170.0,164.5,37.0,6105.0,668
2023-05-10 22:04:24,SR311C7100,白糖2311购7100,171.0,1.0,184.0,0.0,30,170.0,171.5,10,170.0,168.0,171.0,164.5,38.0,6289.0,668
2023-05-10 22:04:25,SR311C7100,白糖2311购7100,171.0,0.0,0.0,0.0,30,170.0,173.0,55,170.0,168.0,171.0,164.5,38.0,6289.0,668
2023-05-10 22:04:25,SR311C7100,白糖2311购7100,171.0,0.0,0.0,0.0,30,170.0,173.0,45,170.0,168.0,171.0,164.5,38.0,6289.0,668
2023-05-10 22:04:33,SR311C7100,白糖2311购7100,171.0,0.0,0.0,0.0,40,170.0,173.0,35,170.0,168.0,171.0,164.5,38.0,6289.0,668
2023-05-10 22:04:37,SR311C7100,白糖2311购7100,171.0,0.0,0.0,0.0,10,170.5,173.0,25,170.0,168.0,171.0,164.5,38.0,6289.0,668
2023-05-10 22:04:38,SR311C7100,白糖2311购7100,171.0,0.0,0.0,0.0,20,170.5,173.0,25,170.0,168.0,171.0,164.5,38.0,6289.0,668
2023-05-10 22:04:53,SR311C7100,白糖2311购7100,171.0,0.0,0.0,0.0,10,170.5,173.0,35,170.0,168.0,171.0,164.5,38.0,6289.0,668
2023-05-10 22:04:53,SR311C7100,白糖2311购7100,171.0,0.0,0.0,0.0,50,170.0,173.0,35,170.0,168.0,171.0,164.5,38.0,6289.0,668
2023-05-10 22:04:54,SR311C7100,白糖2311购7100,171.0,0.0,0.0,0.0,10,170.5,173.0,25,170.0,168.0,171.0,164.5,38.0,6289.0,668
2023-05-10 22:04:55,SR311C7100,白糖2311购7100,171.0,0.0,0.0,0.0,20,170.5,173.0,25,170.0,168.0,171.0,164.5,38.0,6289.0,668
2023-05-10 22:05:21,SR311C7100,白糖2311购7100,171.0,0.0,0.0,0.0,20,170.0,173.0,35,170.0,168.0,171.0,164.5,38.0,6289.0,668
2023-05-10 22:05:22,SR311C7100,白糖2311购7100,171.0,0.0,0.0,0.0,35,169.5,173.0,35,170.0,168.0,171.0,164.5,38.0,6289.0,668
2023-05-10 22:05:22,SR311C7100,白糖2311购7100,171.0,0.0,0.0,0.0,45,169.5,173.0,45,170.0,168.0,171.0,164.5,38.0,6289.0,668
2023-05-10 22:05:23,SR311C7100,白糖2311购7100,171.0,0.0,0.0,0.0,35,169.5,173.0,45,170.0,168.0,171.0,164.5,38.0,6289.0,668
2023-05-10 22:05:42,SR311C7100,白糖2311购7100,171.0,0.0,0.0,0.0,25,169.5,173.0,45,170.0,168.0,171.0,164.5,38.0,6289.0,668
2023-05-10 22:05:50,SR311C7100,白糖2311购7100,171.0,0.0,0.0,0.0,35,169.5,173.0,45,170.0,168.0,171.0,164.5,38.0,6289.0,668
2023-05-10 22:05:59,SR311C7100,白糖2311购7100,171.0,0.0,0.0,0.0,35,169.5,172.5,10,170.0,168.0,171.0,164.5,38.0,6289.0,668
2023-05-10 22:06:09,SR311C7100,白糖2311购7100,171.0,0.0,0.0,0.0,5,169.5,172.0,15,170.0,168.0,171.0,164.5,38.0,6289.0,668
2023-05-10 22:06:09,SR311C7100,白糖2311购7100,171.0,0.0,0.0,0.0,20,169.0,172.0,15,170.0,168.0,171.0,164.5,38.0,6289.0,668
2023-05-10 22:06:10,SR311C7100,白糖2311购7100,171.0,0.0,0.0,0.0,30,169.0,172.0,35,170.0,168.0,171.0,164.5,38.0,6289.0,668
2023-05-10 22:06:10,SR311C7100,白糖2311购7100,171.0,0.0,0.0,0.0,20,169.0,172.0,35,170.0,168.0,171.0,164.5,38.0,6289.0,668
2023-05-10 22:06:11,SR311C7100,白糖2311购7100,171.0,0.0,0.0,0.0,10,169.0,172.0,25,170.0,168.0,171.0,164.5,38.0,6289.0,668
2023-05-10 22:06:12,SR311C7100,白糖2311购7100,171.0,0.0,0.0,0.0,20,169.0,172.0,35,170.0,168.0,171.0,164.5,38.0,6289.0,668
2023-05-10 22:06:19,SR311C7100,白糖2311购7100,171.0,0.0,0.0,0.0,20,169.5,172.0,15,170.0,168.0,171.0,164.5,38.0,6289.0,668
2023-05-10 22:06:22,SR311C7100,白糖2311购7100,171.0,0.0,0.0,0.0,10,169.5,172.0,15,170.0,168.0,171.0,164.5,38.0,6289.0,668
2023-05-10 22:06:23,SR311C7100,白糖2311购7100,171.0,0.0,0.0,0.0,10,169.5,172.0,5,170.0,168.0,171.0,164.5,38.0,6289.0,668
2023-05-10 22:06:24,SR311C7100,白糖2311购7100,171.0,0.0,0.0,0.0,20,169.5,172.0,5,170.0,168.0,171.0,164.5,38.0,6289.0,668
2023-05-10 22:06:36,SR311C7100,白糖2311购7100,171.0,0.0,0.0,0.0,10,170.5,172.0,5,170.0,168.0,171.0,164.5,38.0,6289.0,668
2023-05-10 22:06:36,SR311C7100,白糖2311购7100,171.0,0.0,0.0,0.0,20,170.5,172.0,5,170.0,168.0,171.0,164.5,38.0,6289.0,668
2023-05-10 22:06:47,SR311C7100,白糖2311购7100,171.0,0.0,0.0,0.0,20,170.0,172.0,5,170.0,168.0,171.0,164.5,38.0,6289.0,668
2023-05-10 22:06:47,SR311C7100,白糖2311购7100,171.0,0.0,0.0,0.0,10,170.0,172.0,5,170.0,168.0,171.0,164.5,38.0,6289.0,668
2023-05-10 22:06:48,SR311C7100,白糖2311购7100,171.0,0.0,0.0,0.0,30,169.5,172.0,5,170.0,168.0,171.0,164.5,38.0,6289.0,668
2023-05-10 22:06:49,SR311C7100,白糖2311购7100,171.0,0.0,0.0,0.0,20,169.5,172.0,5,170.0,168.0,171.0,164.5,38.0,6289.0,668
2023-05-10 22:07:13,SR311C7100,白糖2311购7100,171.0,0.0,0.0,0.0,25,169.5,172.0,5,170.0,168.0,171.0,164.5,38.0,6289.0,668
2023-05-10 22:07:22,SR311C7100,白糖2311购7100,171.0,0.0,0.0,0.0,10,170.5,172.0,5,170.0,168.0,171.0,164.5,38.0,6289.0,668
2023-05-10 22:07:22,SR311C7100,白糖2311购7100,171.0,0.0,0.0,0.0,20,170.5,172.0,5,170.0,168.0,171.0,164.5,38.0,6289.0,668
2023-05-10 22:07:27,SR311C7100,白糖2311购7100,171.0,0.0,0.0,0.0,20,170.5,172.5,20,170.0,168.0,171.0,164.5,38.0,6289.0,668
2023-05-10 22:07:28,SR311C7100,白糖2311购7100,171.0,0.0,0.0,0.0,30,170.5,172.5,10,170.0,168.0,171.0,164.5,38.0,6289.0,668
2023-05-10 22:07:28,SR311C7100,白糖2311购7100,171.0,0.0,0.0,0.0,35,170.5,173.0,15,170.0,168.0,171.0,164.5,38.0,6289.0,668
2023-05-10 22:07:29,SR311C7100,白糖2311购7100,171.0,0.0,0.0,0.0,20,171.5,173.0,10,170.0,168.0,171.0,164.5,38.0,6289.0,668
2023-05-10 22:07:29,SR311C7100,白糖2311购7100,171.0,0.0,0.0,0.0,20,171.5,173.5,10,170.0,168.0,171.0,164.5,38.0,6289.0,668
2023-05-10 22:07:30,SR311C7100,白糖2311购7100,171.0,0.0,0.0,0.0,20,171.5,173.5,20,170.0,168.0,171.0,164.5,38.0,6289.0,668
2023-05-10 22:07:31,SR311C7100,白糖2311购7100,171.0,0.0,0.0,0.0,20,171.5,173.5,10,170.0,168.0,171.0,164.5,38.0,6289.0,668
2023-05-10 22:07:34,SR311C7100,白糖2311购7100,171.0,0.0,0.0,0.0,10,171.5,173.5,10,170.0,168.0,171.0,164.5,38.0,6289.0,668
2023-05-10 22:07:34,SR311C7100,白糖2311购7100,171.0,0.0,0.0,0.0,10,171.0,173.5,10,170.0,168.0,171.0,164.5,38.0,6289.0,668
2023-05-10 22:07:35,SR311C7100,白糖2311购7100,171.0,0.0,0.0,0.0,15,170.5,173.5,10,170.0,168.0,171.0,164.5,38.0,6289.0,668
2023-05-10 22:07:36,SR311C7100,白糖2311购7100,171.0,0.0,0.0,0.0,25,170.5,173.5,10,170.0,168.0,171.0,164.5,38.0,6289.0,668
2023-05-10 22:07:36,SR311C7100,白糖2311购7100,171.0,0.0,0.0,0.0,25,170.5,173.5,20,170.0,168.0,171.0,164.5,38.0,6289.0,668
2023-05-10 22:08:00,SR311C7100,白糖2311购7100,171.0,0.0,0.0,0.0,5,171.5,173.5,10,170.0,168.0,171.0,164.5,38.0,6289.0,668
2023-05-10 22:08:00,SR311C7100,白糖2311购7100,171.0,0.0,0.0,0.0,5,171.5,174.0,15,170.0,168.0,171.0,164.5,38.0,6289.0,668
2023-05-10 22:08:01,SR311C7100,白糖2311购7100,171.0,0.0,0.0,0.0,10,172.0,174.0,5,170.0,168.0,171.0,164.5,38.0,6289.0,668
2023-05-10 22:08:02,SR311C7100,白糖2311购7100,171.0,0.0,0.0,0.0,20,172.0,174.5,10,170.0,168.0,171.0,164.5,38.0,6289.0,668
2023-05-10 22:08:02,SR311C7100,白糖2311购7100,171.0,0.0,0.0,0.0,30,172.0,174.5,10,170.0,168.0,171.0,164.5,38.0,6289.0,668
2023-05-10 22:08:03,SR311C7100,白糖2311购7100,171.0,0.0,0.0,0.0,5,172.5,175.0,20,170.0,168.0,171.0,164.5,38.0,6289.0,668
2023-05-10 22:08:03,SR311C7100,白糖2311购7100,171.0,0.0,0.0,0.0,5,172.5,175.0,30,170.0,168.0,171.0,164.5,38.0,6289.0,668
