time,symbol_id,symbol_name,last,trade_volume,trade_amount,open_interest_change,bv1,bp1,ap1,av1,yesterday_close,today_open,today_high,today_low,volume,amount,open_interest
2023-05-10 19:12:58,SR311C6000,白糖2311购6000,825.0,0.0,0.0,0.0,0,0.0,0.0,0,825.0,0.0,0.0,0.0,0.0,0.0,149
2023-05-10 21:00:07,SR311C6000,白糖2311购6000,825.0,0.0,0.0,0.0,1,426.0,0.0,0,825.0,0.0,0.0,0.0,0.0,0.0,149
2023-05-10 21:00:08,SR311C6000,白糖2311购6000,825.0,0.0,0.0,0.0,10,426.5,0.0,0,825.0,0.0,0.0,0.0,0.0,0.0,149
2023-05-10 21:02:09,SR311C6000,白糖2311购6000,825.0,0.0,0.0,0.0,1,428.0,1231.0,10,825.0,0.0,0.0,0.0,0.0,0.0,149
2023-05-10 21:02:09,SR311C6000,白糖2311购6000,825.0,0.0,0.0,0.0,10,428.5,1229.5,1,825.0,0.0,0.0,0.0,0.0,0.0,149
2023-05-10 21:02:10,SR311C6000,白糖2311购6000,825.0,0.0,0.0,0.0,1,430.0,1229.0,10,825.0,0.0,0.0,0.0,0.0,0.0,149
2023-05-10 21:02:10,SR311C6000,白糖2311购6000,825.0,0.0,0.0,0.0,10,430.5,1227.5,1,825.0,0.0,0.0,0.0,0.0,0.0,149
2023-05-10 21:02:11,SR311C6000,白糖2311购6000,825.0,0.0,0.0,0.0,10,430.5,1227.0,10,825.0,0.0,0.0,0.0,0.0,0.0,149
2023-05-10 21:02:17,SR311C6000,白糖2311购6000,825.0,0.0,0.0,0.0,1,432.0,1225.5,1,825.0,0.0,0.0,0.0,0.0,0.0,149
2023-05-10 21:02:18,SR311C6000,白糖2311购6000,825.0,0.0,0.0,0.0,10,432.5,1225.0,10,825.0,0.0,0.0,0.0,0.0,0.0,149
2023-05-10 21:02:23,SR311C6000,白糖2311购6000,825.0,0.0,0.0,0.0,1,434.0,1225.0,10,825.0,0.0,0.0,0.0,0.0,0.0,149
2023-05-10 21:02:24,SR311C6000,白糖2311购6000,825.0,0.0,0.0,0.0,10,434.5,1225.0,10,825.0,0.0,0.0,0.0,0.0,0.0,149
2023-05-10 21:02:24,SR311C6000,白糖2311购6000,825.0,0.0,0.0,0.0,1,436.0,1223.5,1,825.0,0.0,0.0,0.0,0.0,0.0,149
2023-05-10 21:02:25,SR311C6000,白糖2311购6000,825.0,0.0,0.0,0.0,10,436.5,1223.0,10,825.0,0.0,0.0,0.0,0.0,0.0,149
2023-05-10 21:02:25,SR311C6000,白糖2311购6000,825.0,0.0,0.0,0.0,1,438.0,1221.5,1,825.0,0.0,0.0,0.0,0.0,0.0,149
2023-05-10 21:02:26,SR311C6000,白糖2311购6000,825.0,0.0,0.0,0.0,10,438.5,1221.0,10,825.0,0.0,0.0,0.0,0.0,0.0,149
2023-05-10 21:02:30,SR311C6000,白糖2311购6000,825.0,0.0,0.0,0.0,1,440.0,1219.5,1,825.0,0.0,0.0,0.0,0.0,0.0,149
2023-05-10 21:02:31,SR311C6000,白糖2311购6000,825.0,0.0,0.0,0.0,10,440.5,1219.0,10,825.0,0.0,0.0,0.0,0.0,0.0,149
2023-05-10 21:02:31,SR311C6000,白糖2311购6000,825.0,0.0,0.0,0.0,1,442.0,1217.5,1,825.0,0.0,0.0,0.0,0.0,0.0,149
2023-05-10 21:02:32,SR311C6000,白糖2311购6000,825.0,0.0,0.0,0.0,10,442.5,1217.0,10,825.0,0.0,0.0,0.0,0.0,0.0,149
2023-05-10 21:02:36,SR311C6000,白糖2311购6000,825.0,0.0,0.0,0.0,1,444.0,1215.5,1,825.0,0.0,0.0,0.0,0.0,0.0,149
2023-05-10 21:02:37,SR311C6000,白糖2311购6000,825.0,0.0,0.0,0.0,10,444.5,1215.0,10,825.0,0.0,0.0,0.0,0.0,0.0,149
2023-05-10 21:02:41,SR311C6000,白糖2311购6000,825.0,0.0,0.0,0.0,1,446.0,1215.0,10,825.0,0.0,0.0,0.0,0.0,0.0,149
2023-05-10 21:02:42,SR311C6000,白糖2311购6000,825.0,0.0,0.0,0.0,10,446.5,1215.0,10,825.0,0.0,0.0,0.0,0.0,0.0,149
2023-05-10 21:02:42,SR311C6000,白糖2311购6000,825.0,0.0,0.0,0.0,1,448.0,1213.5,1,825.0,0.0,0.0,0.0,0.0,0.0,149
2023-05-10 21:02:43,SR311C6000,白糖2311购6000,825.0,0.0,0.0,0.0,10,448.5,1213.0,10,825.0,0.0,0.0,0.0,0.0,0.0,149
2023-05-10 21:02:43,SR311C6000,白糖2311购6000,825.0,0.0,0.0,0.0,1,450.0,1211.5,1,825.0,0.0,0.0,0.0,0.0,0.0,149
2023-05-10 21:02:44,SR311C6000,白糖2311购6000,825.0,0.0,0.0,0.0,10,450.5,1211.0,10,825.0,0.0,0.0,0.0,0.0,0.0,149
2023-05-10 21:02:46,SR311C6000,白糖2311购6000,825.0,0.0,0.0,0.0,1,452.0,1209.5,1,825.0,0.0,0.0,0.0,0.0,0.0,149
2023-05-10 21:02:47,SR311C6000,白糖2311购6000,825.0,0.0,0.0,0.0,10,452.5,1209.0,10,825.0,0.0,0.0,0.0,0.0,0.0,149
2023-05-10 21:02:47,SR311C6000,白糖2311购6000,825.0,0.0,0.0,0.0,1,454.0,1207.5,1,825.0,0.0,0.0,0.0,0.0,0.0,149
2023-05-10 21:02:48,SR311C6000,白糖2311购6000,825.0,0.0,0.0,0.0,10,454.5,1207.0,10,825.0,0.0,0.0,0.0,0.0,0.0,149
2023-05-10 21:02:48,SR311C6000,白糖2311购6000,825.0,0.0,0.0,0.0,1,456.0,1205.5,1,825.0,0.0,0.0,0.0,0.0,0.0,149
2023-05-10 21:02:49,SR311C6000,白糖2311购6000,825.0,0.0,0.0,0.0,10,456.5,1205.0,10,825.0,0.0,0.0,0.0,0.0,0.0,149
2023-05-10 21:02:51,SR311C6000,白糖2311购6000,825.0,0.0,0.0,0.0,1,458.0,1203.5,1,825.0,0.0,0.0,0.0,0.0,0.0,149
2023-05-10 21:02:52,SR311C6000,白糖2311购6000,825.0,0.0,0.0,0.0,10,458.5,1203.0,10,825.0,0.0,0.0,0.0,0.0,0.0,149
2023-05-10 21:02:54,SR311C6000,白糖2311购6000,825.0,0.0,0.0,0.0,1,460.0,1201.5,1,825.0,0.0,0.0,0.0,0.0,0.0,149
2023-05-10 21:02:55,SR311C6000,白糖2311购6000,825.0,0.0,0.0,0.0,10,460.5,1201.0,10,825.0,0.0,0.0,0.0,0.0,0.0,149
2023-05-10 21:02:59,SR311C6000,白糖2311购6000,825.0,0.0,0.0,0.0,1,462.0,1199.5,1,825.0,0.0,0.0,0.0,0.0,0.0,149
2023-05-10 21:03:00,SR311C6000,白糖2311购6000,825.0,0.0,0.0,0.0,10,462.5,1199.0,10,825.0,0.0,0.0,0.0,0.0,0.0,149
2023-05-10 21:03:00,SR311C6000,白糖2311购6000,825.0,0.0,0.0,0.0,1,464.0,1197.5,1,825.0,0.0,0.0,0.0,0.0,0.0,149
2023-05-10 21:03:01,SR311C6000,白糖2311购6000,825.0,0.0,0.0,0.0,10,464.5,1197.0,10,825.0,0.0,0.0,0.0,0.0,0.0,149
2023-05-10 21:03:03,SR311C6000,白糖2311购6000,825.0,0.0,0.0,0.0,1,466.0,1195.5,1,825.0,0.0,0.0,0.0,0.0,0.0,149
2023-05-10 21:03:04,SR311C6000,白糖2311购6000,825.0,0.0,0.0,0.0,10,466.5,1195.0,10,825.0,0.0,0.0,0.0,0.0,0.0,149
2023-05-10 21:03:08,SR311C6000,白糖2311购6000,825.0,0.0,0.0,0.0,10,468.5,1193.0,10,825.0,0.0,0.0,0.0,0.0,0.0,149
2023-05-10 21:03:09,SR311C6000,白糖2311购6000,825.0,0.0,0.0,0.0,1,470.0,1191.5,1,825.0,0.0,0.0,0.0,0.0,0.0,149
2023-05-10 21:03:09,SR311C6000,白糖2311购6000,825.0,0.0,0.0,0.0,10,470.5,1191.0,10,825.0,0.0,0.0,0.0,0.0,0.0,149
2023-05-10 21:03:10,SR311C6000,白糖2311购6000,825.0,0.0,0.0,0.0,1,472.0,1189.5,1,825.0,0.0,0.0,0.0,0.0,0.0,149
2023-05-10 21:03:10,SR311C6000,白糖2311购6000,825.0,0.0,0.0,0.0,10,472.5,1189.0,10,825.0,0.0,0.0,0.0,0.0,0.0,149
2023-05-10 21:03:13,SR311C6000,白糖2311购6000,825.0,0.0,0.0,0.0,1,474.0,1187.5,1,825.0,0.0,0.0,0.0,0.0,0.0,149
2023-05-10 21:03:13,SR311C6000,白糖2311购6000,825.0,0.0,0.0,0.0,10,474.5,1187.0,10,825.0,0.0,0.0,0.0,0.0,0.0,149
2023-05-10 21:03:14,SR311C6000,白糖2311购6000,825.0,0.0,0.0,0.0,1,476.0,1185.5,1,825.0,0.0,0.0,0.0,0.0,0.0,149
2023-05-10 21:03:14,SR311C6000,白糖2311购6000,825.0,0.0,0.0,0.0,10,476.5,1185.0,10,825.0,0.0,0.0,0.0,0.0,0.0,149
2023-05-10 21:03:15,SR311C6000,白糖2311购6000,825.0,0.0,0.0,0.0,1,478.0,1183.5,1,825.0,0.0,0.0,0.0,0.0,0.0,149
2023-05-10 21:03:15,SR311C6000,白糖2311购6000,825.0,0.0,0.0,0.0,10,478.5,1183.0,10,825.0,0.0,0.0,0.0,0.0,0.0,149
2023-05-10 21:03:17,SR311C6000,白糖2311购6000,825.0,0.0,0.0,0.0,1,480.0,1183.0,10,825.0,0.0,0.0,0.0,0.0,0.0,149
2023-05-10 21:03:17,SR311C6000,白糖2311购6000,825.0,0.0,0.0,0.0,10,480.5,1181.5,1,825.0,0.0,0.0,0.0,0.0,0.0,149
2023-05-10 21:03:18,SR311C6000,白糖2311购6000,825.0,0.0,0.0,0.0,1,482.0,1181.0,10,825.0,0.0,0.0,0.0,0.0,0.0,149
2023-05-10 21:03:18,SR311C6000,白糖2311购6000,825.0,0.0,0.0,0.0,10,482.5,1181.0,10,825.0,0.0,0.0,0.0,0.0,0.0,149
2023-05-10 21:03:19,SR311C6000,白糖2311购6000,825.0,0.0,0.0,0.0,1,484.0,1179.5,1,825.0,0.0,0.0,0.0,0.0,0.0,149
2023-05-10 21:03:19,SR311C6000,白糖2311购6000,825.0,0.0,0.0,0.0,10,484.5,1179.0,10,825.0,0.0,0.0,0.0,0.0,0.0,149
2023-05-10 21:03:20,SR311C6000,白糖2311购6000,825.0,0.0,0.0,0.0,1,486.0,1177.5,1,825.0,0.0,0.0,0.0,0.0,0.0,149
2023-05-10 21:03:20,SR311C6000,白糖2311购6000,825.0,0.0,0.0,0.0,10,486.5,1177.0,10,825.0,0.0,0.0,0.0,0.0,0.0,149
2023-05-10 21:03:22,SR311C6000,白糖2311购6000,825.0,0.0,0.0,0.0,1,488.0,1175.5,1,825.0,0.0,0.0,0.0,0.0,0.0,149
2023-05-10 21:03:22,SR311C6000,白糖2311购6000,825.0,0.0,0.0,0.0,10,488.5,1175.0,10,825.0,0.0,0.0,0.0,0.0,0.0,149
2023-05-10 21:03:24,SR311C6000,白糖2311购6000,825.0,0.0,0.0,0.0,1,490.0,1173.5,1,825.0,0.0,0.0,0.0,0.0,0.0,149
2023-05-10 21:03:24,SR311C6000,白糖2311购6000,825.0,0.0,0.0,0.0,10,490.5,1173.0,10,825.0,0.0,0.0,0.0,0.0,0.0,149
2023-05-10 21:03:29,SR311C6000,白糖2311购6000,825.0,0.0,0.0,0.0,1,492.0,1171.5,1,825.0,0.0,0.0,0.0,0.0,0.0,149
2023-05-10 21:03:29,SR311C6000,白糖2311购6000,825.0,0.0,0.0,0.0,10,492.5,1171.0,10,825.0,0.0,0.0,0.0,0.0,0.0,149
2023-05-10 21:03:30,SR311C6000,白糖2311购6000,825.0,0.0,0.0,0.0,1,494.0,1169.5,1,825.0,0.0,0.0,0.0,0.0,0.0,149
2023-05-10 21:03:30,SR311C6000,白糖2311购6000,825.0,0.0,0.0,0.0,10,494.5,1169.0,10,825.0,0.0,0.0,0.0,0.0,0.0,149
2023-05-10 21:03:33,SR311C6000,白糖2311购6000,825.0,0.0,0.0,0.0,1,496.0,1167.5,1,825.0,0.0,0.0,0.0,0.0,0.0,149
2023-05-10 21:03:33,SR311C6000,白糖2311购6000,825.0,0.0,0.0,0.0,10,496.5,1167.0,10,825.0,0.0,0.0,0.0,0.0,0.0,149
2023-05-10 21:03:34,SR311C6000,白糖2311购6000,825.0,0.0,0.0,0.0,1,498.0,1165.5,1,825.0,0.0,0.0,0.0,0.0,0.0,149
2023-05-10 21:03:34,SR311C6000,白糖2311购6000,825.0,0.0,0.0,0.0,10,498.5,1165.0,10,825.0,0.0,0.0,0.0,0.0,0.0,149
2023-05-10 21:03:38,SR311C6000,白糖2311购6000,825.0,0.0,0.0,0.0,1,500.0,1163.5,1,825.0,0.0,0.0,0.0,0.0,0.0,149
2023-05-10 21:03:38,SR311C6000,白糖2311购6000,825.0,0.0,0.0,0.0,10,500.5,1163.0,10,825.0,0.0,0.0,0.0,0.0,0.0,149
2023-05-10 21:03:39,SR311C6000,白糖2311购6000,825.0,0.0,0.0,0.0,1,502.0,1161.5,1,825.0,0.0,0.0,0.0,0.0,0.0,149
2023-05-10 21:03:39,SR311C6000,白糖2311购6000,825.0,0.0,0.0,0.0,10,502.5,1161.0,10,825.0,0.0,0.0,0.0,0.0,0.0,149
2023-05-10 21:03:40,SR311C6000,白糖2311购6000,825.0,0.0,0.0,0.0,1,504.0,1159.5,1,825.0,0.0,0.0,0.0,0.0,0.0,149
2023-05-10 21:03:40,SR311C6000,白糖2311购6000,825.0,0.0,0.0,0.0,10,504.5,1159.0,10,825.0,0.0,0.0,0.0,0.0,0.0,149
2023-05-10 21:03:41,SR311C6000,白糖2311购6000,825.0,0.0,0.0,0.0,1,506.0,1157.5,1,825.0,0.0,0.0,0.0,0.0,0.0,149
2023-05-10 21:03:41,SR311C6000,白糖2311购6000,825.0,0.0,0.0,0.0,10,506.5,1157.0,10,825.0,0.0,0.0,0.0,0.0,0.0,149
2023-05-10 21:03:47,SR311C6000,白糖2311购6000,825.0,0.0,0.0,0.0,1,508.0,1155.5,1,825.0,0.0,0.0,0.0,0.0,0.0,149
2023-05-10 21:03:47,SR311C6000,白糖2311购6000,825.0,0.0,0.0,0.0,10,508.5,1155.0,10,825.0,0.0,0.0,0.0,0.0,0.0,149
2023-05-10 21:03:50,SR311C6000,白糖2311购6000,825.0,0.0,0.0,0.0,1,510.0,1153.5,1,825.0,0.0,0.0,0.0,0.0,0.0,149
2023-05-10 21:03:50,SR311C6000,白糖2311购6000,825.0,0.0,0.0,0.0,10,510.5,1153.0,10,825.0,0.0,0.0,0.0,0.0,0.0,149
2023-05-10 21:03:51,SR311C6000,白糖2311购6000,825.0,0.0,0.0,0.0,1,512.0,1151.5,1,825.0,0.0,0.0,0.0,0.0,0.0,149
2023-05-10 21:03:51,SR311C6000,白糖2311购6000,825.0,0.0,0.0,0.0,10,512.5,1151.0,10,825.0,0.0,0.0,0.0,0.0,0.0,149
2023-05-10 21:03:52,SR311C6000,白糖2311购6000,825.0,0.0,0.0,0.0,1,514.0,1151.0,10,825.0,0.0,0.0,0.0,0.0,0.0,149
2023-05-10 21:03:52,SR311C6000,白糖2311购6000,825.0,0.0,0.0,0.0,10,514.5,1149.5,1,825.0,0.0,0.0,0.0,0.0,0.0,149
2023-05-10 21:03:53,SR311C6000,白糖2311购6000,825.0,0.0,0.0,0.0,1,516.0,1149.0,10,825.0,0.0,0.0,0.0,0.0,0.0,149
2023-05-10 21:03:53,SR311C6000,白糖2311购6000,825.0,0.0,0.0,0.0,10,516.5,1149.0,10,825.0,0.0,0.0,0.0,0.0,0.0,149
2023-05-10 21:03:54,SR311C6000,白糖2311购6000,825.0,0.0,0.0,0.0,1,518.0,1147.5,1,825.0,0.0,0.0,0.0,0.0,0.0,149
2023-05-10 21:03:54,SR311C6000,白糖2311购6000,825.0,0.0,0.0,0.0,10,518.5,1147.0,10,825.0,0.0,0.0,0.0,0.0,0.0,149
2023-05-10 21:03:55,SR311C6000,白糖2311购6000,825.0,0.0,0.0,0.0,1,520.0,1145.5,1,825.0,0.0,0.0,0.0,0.0,0.0,149
2023-05-10 21:03:55,SR311C6000,白糖2311购6000,825.0,0.0,0.0,0.0,10,520.5,1145.0,10,825.0,0.0,0.0,0.0,0.0,0.0,149
2023-05-10 21:04:02,SR311C6000,白糖2311购6000,825.0,0.0,0.0,0.0,1,522.0,1143.5,1,825.0,0.0,0.0,0.0,0.0,0.0,149
2023-05-10 21:04:02,SR311C6000,白糖2311购6000,825.0,0.0,0.0,0.0,10,522.5,1143.0,10,825.0,0.0,0.0,0.0,0.0,0.0,149
2023-05-10 21:04:06,SR311C6000,白糖2311购6000,825.0,0.0,0.0,0.0,1,524.0,1141.5,1,825.0,0.0,0.0,0.0,0.0,0.0,149
2023-05-10 21:04:06,SR311C6000,白糖2311购6000,825.0,0.0,0.0,0.0,10,524.5,1141.0,10,825.0,0.0,0.0,0.0,0.0,0.0,149
2023-05-10 21:04:07,SR311C6000,白糖2311购6000,825.0,0.0,0.0,0.0,1,526.0,1139.5,1,825.0,0.0,0.0,0.0,0.0,0.0,149
2023-05-10 21:04:07,SR311C6000,白糖2311购6000,825.0,0.0,0.0,0.0,10,526.5,1139.0,10,825.0,0.0,0.0,0.0,0.0,0.0,149
2023-05-10 21:04:08,SR311C6000,白糖2311购6000,825.0,0.0,0.0,0.0,1,528.0,1137.5,1,825.0,0.0,0.0,0.0,0.0,0.0,149
2023-05-10 21:04:08,SR311C6000,白糖2311购6000,825.0,0.0,0.0,0.0,10,528.5,1137.0,10,825.0,0.0,0.0,0.0,0.0,0.0,149
2023-05-10 21:04:09,SR311C6000,白糖2311购6000,825.0,0.0,0.0,0.0,1,530.0,1135.5,1,825.0,0.0,0.0,0.0,0.0,0.0,149
2023-05-10 21:04:09,SR311C6000,白糖2311购6000,825.0,0.0,0.0,0.0,10,530.5,1135.0,10,825.0,0.0,0.0,0.0,0.0,0.0,149
2023-05-10 21:04:16,SR311C6000,白糖2311购6000,825.0,0.0,0.0,0.0,1,532.0,1133.5,1,825.0,0.0,0.0,0.0,0.0,0.0,149
2023-05-10 21:04:16,SR311C6000,白糖2311购6000,825.0,0.0,0.0,0.0,10,532.5,1133.0,10,825.0,0.0,0.0,0.0,0.0,0.0,149
2023-05-10 21:04:20,SR311C6000,白糖2311购6000,825.0,0.0,0.0,0.0,1,534.0,1131.5,1,825.0,0.0,0.0,0.0,0.0,0.0,149
2023-05-10 21:04:20,SR311C6000,白糖2311购6000,825.0,0.0,0.0,0.0,10,534.5,1131.0,10,825.0,0.0,0.0,0.0,0.0,0.0,149
2023-05-10 21:04:24,SR311C6000,白糖2311购6000,825.0,0.0,0.0,0.0,1,536.0,1129.5,1,825.0,0.0,0.0,0.0,0.0,0.0,149
2023-05-10 21:04:24,SR311C6000,白糖2311购6000,825.0,0.0,0.0,0.0,10,536.5,1129.0,10,825.0,0.0,0.0,0.0,0.0,0.0,149
2023-05-10 21:04:25,SR311C6000,白糖2311购6000,825.0,0.0,0.0,0.0,1,538.0,1127.5,1,825.0,0.0,0.0,0.0,0.0,0.0,149
2023-05-10 21:04:25,SR311C6000,白糖2311购6000,825.0,0.0,0.0,0.0,10,538.5,1127.0,10,825.0,0.0,0.0,0.0,0.0,0.0,149
2023-05-10 21:04:26,SR311C6000,白糖2311购6000,825.0,0.0,0.0,0.0,1,540.0,1125.5,1,825.0,0.0,0.0,0.0,0.0,0.0,149
2023-05-10 21:04:26,SR311C6000,白糖2311购6000,825.0,0.0,0.0,0.0,10,540.5,1125.0,10,825.0,0.0,0.0,0.0,0.0,0.0,149
2023-05-10 21:04:31,SR311C6000,白糖2311购6000,825.0,0.0,0.0,0.0,1,542.0,1123.5,1,825.0,0.0,0.0,0.0,0.0,0.0,149
2023-05-10 21:04:31,SR311C6000,白糖2311购6000,825.0,0.0,0.0,0.0,10,542.5,1123.0,10,825.0,0.0,0.0,0.0,0.0,0.0,149
2023-05-10 21:04:32,SR311C6000,白糖2311购6000,825.0,0.0,0.0,0.0,1,544.0,1121.5,1,825.0,0.0,0.0,0.0,0.0,0.0,149
2023-05-10 21:04:32,SR311C6000,白糖2311购6000,825.0,0.0,0.0,0.0,10,544.5,1121.0,10,825.0,0.0,0.0,0.0,0.0,0.0,149
2023-05-10 21:04:36,SR311C6000,白糖2311购6000,825.0,0.0,0.0,0.0,1,546.0,1119.5,1,825.0,0.0,0.0,0.0,0.0,0.0,149
2023-05-10 21:04:36,SR311C6000,白糖2311购6000,825.0,0.0,0.0,0.0,10,546.5,1119.0,10,825.0,0.0,0.0,0.0,0.0,0.0,149
2023-05-10 21:04:39,SR311C6000,白糖2311购6000,825.0,0.0,0.0,0.0,1,548.0,1117.5,1,825.0,0.0,0.0,0.0,0.0,0.0,149
2023-05-10 21:04:39,SR311C6000,白糖2311购6000,825.0,0.0,0.0,0.0,10,548.5,1117.0,10,825.0,0.0,0.0,0.0,0.0,0.0,149
2023-05-10 21:04:43,SR311C6000,白糖2311购6000,825.0,0.0,0.0,0.0,1,550.0,1115.5,1,825.0,0.0,0.0,0.0,0.0,0.0,149
2023-05-10 21:04:43,SR311C6000,白糖2311购6000,825.0,0.0,0.0,0.0,10,550.5,1115.0,10,825.0,0.0,0.0,0.0,0.0,0.0,149
2023-05-10 21:04:47,SR311C6000,白糖2311购6000,825.0,0.0,0.0,0.0,1,552.0,1113.5,1,825.0,0.0,0.0,0.0,0.0,0.0,149
2023-05-10 21:04:47,SR311C6000,白糖2311购6000,825.0,0.0,0.0,0.0,10,552.5,1113.0,10,825.0,0.0,0.0,0.0,0.0,0.0,149
2023-05-10 21:04:51,SR311C6000,白糖2311购6000,825.0,0.0,0.0,0.0,1,554.0,1113.0,10,825.0,0.0,0.0,0.0,0.0,0.0,149
2023-05-10 21:04:51,SR311C6000,白糖2311购6000,825.0,0.0,0.0,0.0,10,554.5,1113.0,10,825.0,0.0,0.0,0.0,0.0,0.0,149
2023-05-10 21:04:54,SR311C6000,白糖2311购6000,825.0,0.0,0.0,0.0,1,556.0,1111.5,1,825.0,0.0,0.0,0.0,0.0,0.0,149
2023-05-10 21:04:54,SR311C6000,白糖2311购6000,825.0,0.0,0.0,0.0,10,556.5,1111.0,10,825.0,0.0,0.0,0.0,0.0,0.0,149
2023-05-10 21:04:55,SR311C6000,白糖2311购6000,825.0,0.0,0.0,0.0,1,558.0,1109.5,1,825.0,0.0,0.0,0.0,0.0,0.0,149
2023-05-10 21:04:55,SR311C6000,白糖2311购6000,825.0,0.0,0.0,0.0,10,558.5,1109.0,10,825.0,0.0,0.0,0.0,0.0,0.0,149
2023-05-10 21:04:56,SR311C6000,白糖2311购6000,825.0,0.0,0.0,0.0,1,560.0,1107.5,1,825.0,0.0,0.0,0.0,0.0,0.0,149
2023-05-10 21:04:56,SR311C6000,白糖2311购6000,825.0,0.0,0.0,0.0,10,560.5,1107.0,10,825.0,0.0,0.0,0.0,0.0,0.0,149
2023-05-10 21:04:57,SR311C6000,白糖2311购6000,825.0,0.0,0.0,0.0,1,562.0,1105.5,1,825.0,0.0,0.0,0.0,0.0,0.0,149
2023-05-10 21:04:57,SR311C6000,白糖2311购6000,825.0,0.0,0.0,0.0,10,562.5,1105.0,10,825.0,0.0,0.0,0.0,0.0,0.0,149
2023-05-10 21:05:02,SR311C6000,白糖2311购6000,825.0,0.0,0.0,0.0,1,564.0,1103.5,1,825.0,0.0,0.0,0.0,0.0,0.0,149
2023-05-10 21:05:02,SR311C6000,白糖2311购6000,825.0,0.0,0.0,0.0,10,564.5,1103.0,10,825.0,0.0,0.0,0.0,0.0,0.0,149
2023-05-10 21:05:05,SR311C6000,白糖2311购6000,825.0,0.0,0.0,0.0,1,566.0,1103.0,10,825.0,0.0,0.0,0.0,0.0,0.0,149
2023-05-10 21:05:05,SR311C6000,白糖2311购6000,825.0,0.0,0.0,0.0,10,566.5,1101.5,1,825.0,0.0,0.0,0.0,0.0,0.0,149
2023-05-10 21:05:06,SR311C6000,白糖2311购6000,825.0,0.0,0.0,0.0,10,566.5,1101.0,10,825.0,0.0,0.0,0.0,0.0,0.0,149
2023-05-10 21:05:08,SR311C6000,白糖2311购6000,825.0,0.0,0.0,0.0,1,568.0,1099.5,1,825.0,0.0,0.0,0.0,0.0,0.0,149
2023-05-10 21:05:09,SR311C6000,白糖2311购6000,825.0,0.0,0.0,0.0,10,568.5,1099.0,10,825.0,0.0,0.0,0.0,0.0,0.0,149
2023-05-10 21:05:09,SR311C6000,白糖2311购6000,825.0,0.0,0.0,0.0,1,570.0,1097.5,1,825.0,0.0,0.0,0.0,0.0,0.0,149
2023-05-10 21:05:10,SR311C6000,白糖2311购6000,825.0,0.0,0.0,0.0,10,570.5,1097.0,10,825.0,0.0,0.0,0.0,0.0,0.0,149
2023-05-10 21:05:10,SR311C6000,白糖2311购6000,825.0,0.0,0.0,0.0,1,572.0,1095.5,1,825.0,0.0,0.0,0.0,0.0,0.0,149
2023-05-10 21:05:11,SR311C6000,白糖2311购6000,825.0,0.0,0.0,0.0,10,572.5,1095.0,10,825.0,0.0,0.0,0.0,0.0,0.0,149
2023-05-10 21:05:14,SR311C6000,白糖2311购6000,825.0,0.0,0.0,0.0,1,574.0,1093.5,1,825.0,0.0,0.0,0.0,0.0,0.0,149
2023-05-10 21:05:15,SR311C6000,白糖2311购6000,825.0,0.0,0.0,0.0,10,574.5,1093.0,10,825.0,0.0,0.0,0.0,0.0,0.0,149
2023-05-10 21:05:15,SR311C6000,白糖2311购6000,825.0,0.0,0.0,0.0,1,576.0,1091.5,1,825.0,0.0,0.0,0.0,0.0,0.0,149
2023-05-10 21:05:16,SR311C6000,白糖2311购6000,825.0,0.0,0.0,0.0,10,576.5,1091.0,10,825.0,0.0,0.0,0.0,0.0,0.0,149
2023-05-10 21:05:18,SR311C6000,白糖2311购6000,825.0,0.0,0.0,0.0,1,578.0,1089.5,1,825.0,0.0,0.0,0.0,0.0,0.0,149
2023-05-10 21:05:19,SR311C6000,白糖2311购6000,825.0,0.0,0.0,0.0,10,578.5,1089.0,10,825.0,0.0,0.0,0.0,0.0,0.0,149
2023-05-10 21:05:19,SR311C6000,白糖2311购6000,825.0,0.0,0.0,0.0,1,580.0,1087.5,1,825.0,0.0,0.0,0.0,0.0,0.0,149
2023-05-10 21:05:20,SR311C6000,白糖2311购6000,825.0,0.0,0.0,0.0,10,580.5,1087.0,10,825.0,0.0,0.0,0.0,0.0,0.0,149
2023-05-10 21:05:20,SR311C6000,白糖2311购6000,825.0,0.0,0.0,0.0,1,582.0,1085.5,1,825.0,0.0,0.0,0.0,0.0,0.0,149
2023-05-10 21:05:21,SR311C6000,白糖2311购6000,825.0,0.0,0.0,0.0,10,582.5,1085.0,10,825.0,0.0,0.0,0.0,0.0,0.0,149
2023-05-10 21:05:23,SR311C6000,白糖2311购6000,825.0,0.0,0.0,0.0,1,584.0,1083.5,1,825.0,0.0,0.0,0.0,0.0,0.0,149
2023-05-10 21:05:24,SR311C6000,白糖2311购6000,825.0,0.0,0.0,0.0,10,584.5,1083.0,10,825.0,0.0,0.0,0.0,0.0,0.0,149
2023-05-10 21:05:24,SR311C6000,白糖2311购6000,825.0,0.0,0.0,0.0,1,586.0,1081.5,1,825.0,0.0,0.0,0.0,0.0,0.0,149
2023-05-10 21:05:25,SR311C6000,白糖2311购6000,825.0,0.0,0.0,0.0,10,586.5,1081.0,10,825.0,0.0,0.0,0.0,0.0,0.0,149
2023-05-10 21:05:25,SR311C6000,白糖2311购6000,825.0,0.0,0.0,0.0,1,588.0,1079.5,1,825.0,0.0,0.0,0.0,0.0,0.0,149
2023-05-10 21:05:26,SR311C6000,白糖2311购6000,825.0,0.0,0.0,0.0,10,588.5,1079.0,10,825.0,0.0,0.0,0.0,0.0,0.0,149
2023-05-10 21:05:26,SR311C6000,白糖2311购6000,825.0,0.0,0.0,0.0,1,590.0,1077.5,1,825.0,0.0,0.0,0.0,0.0,0.0,149
2023-05-10 21:05:27,SR311C6000,白糖2311购6000,825.0,0.0,0.0,0.0,10,590.5,1077.0,10,825.0,0.0,0.0,0.0,0.0,0.0,149
2023-05-10 21:05:30,SR311C6000,白糖2311购6000,825.0,0.0,0.0,0.0,1,592.0,1075.5,1,825.0,0.0,0.0,0.0,0.0,0.0,149
2023-05-10 21:05:31,SR311C6000,白糖2311购6000,825.0,0.0,0.0,0.0,10,592.5,1075.0,10,825.0,0.0,0.0,0.0,0.0,0.0,149
2023-05-10 21:05:31,SR311C6000,白糖2311购6000,825.0,0.0,0.0,0.0,1,594.0,1073.5,1,825.0,0.0,0.0,0.0,0.0,0.0,149
2023-05-10 21:05:32,SR311C6000,白糖2311购6000,825.0,0.0,0.0,0.0,10,594.5,1073.0,10,825.0,0.0,0.0,0.0,0.0,0.0,149
2023-05-10 21:05:32,SR311C6000,白糖2311购6000,825.0,0.0,0.0,0.0,1,596.0,1071.5,1,825.0,0.0,0.0,0.0,0.0,0.0,149
2023-05-10 21:05:33,SR311C6000,白糖2311购6000,825.0,0.0,0.0,0.0,10,596.5,1071.0,10,825.0,0.0,0.0,0.0,0.0,0.0,149
2023-05-10 21:05:36,SR311C6000,白糖2311购6000,825.0,0.0,0.0,0.0,1,598.0,1069.5,1,825.0,0.0,0.0,0.0,0.0,0.0,149
2023-05-10 21:05:37,SR311C6000,白糖2311购6000,825.0,0.0,0.0,0.0,10,598.5,1069.0,10,825.0,0.0,0.0,0.0,0.0,0.0,149
2023-05-10 21:05:37,SR311C6000,白糖2311购6000,825.0,0.0,0.0,0.0,1,600.0,1067.5,1,825.0,0.0,0.0,0.0,0.0,0.0,149
2023-05-10 21:05:38,SR311C6000,白糖2311购6000,825.0,0.0,0.0,0.0,10,600.5,1067.0,10,825.0,0.0,0.0,0.0,0.0,0.0,149
2023-05-10 21:05:38,SR311C6000,白糖2311购6000,825.0,0.0,0.0,0.0,1,602.0,1065.5,1,825.0,0.0,0.0,0.0,0.0,0.0,149
2023-05-10 21:05:39,SR311C6000,白糖2311购6000,825.0,0.0,0.0,0.0,10,602.5,1065.0,10,825.0,0.0,0.0,0.0,0.0,0.0,149
2023-05-10 21:16:01,SR311C6000,白糖2311购6000,825.0,0.0,0.0,0.0,1,604.0,1063.5,1,825.0,0.0,0.0,0.0,0.0,0.0,149
2023-05-10 21:16:01,SR311C6000,白糖2311购6000,825.0,0.0,0.0,0.0,10,604.5,1063.0,10,825.0,0.0,0.0,0.0,0.0,0.0,149
2023-05-10 21:16:02,SR311C6000,白糖2311购6000,825.0,0.0,0.0,0.0,1,606.0,1061.5,1,825.0,0.0,0.0,0.0,0.0,0.0,149
2023-05-10 21:16:02,SR311C6000,白糖2311购6000,825.0,0.0,0.0,0.0,10,606.5,1061.0,10,825.0,0.0,0.0,0.0,0.0,0.0,149
2023-05-10 21:16:02,SR311C6000,白糖2311购6000,825.0,0.0,0.0,0.0,1,608.0,1059.5,1,825.0,0.0,0.0,0.0,0.0,0.0,149
2023-05-10 21:16:03,SR311C6000,白糖2311购6000,825.0,0.0,0.0,0.0,10,608.5,1059.0,10,825.0,0.0,0.0,0.0,0.0,0.0,149
2023-05-10 21:16:04,SR311C6000,白糖2311购6000,825.0,0.0,0.0,0.0,1,610.0,1057.5,1,825.0,0.0,0.0,0.0,0.0,0.0,149
2023-05-10 21:16:04,SR311C6000,白糖2311购6000,825.0,0.0,0.0,0.0,10,610.5,1057.0,10,825.0,0.0,0.0,0.0,0.0,0.0,149
2023-05-10 21:16:05,SR311C6000,白糖2311购6000,825.0,0.0,0.0,0.0,1,612.0,1055.5,1,825.0,0.0,0.0,0.0,0.0,0.0,149
2023-05-10 21:16:05,SR311C6000,白糖2311购6000,825.0,0.0,0.0,0.0,10,612.5,1055.0,10,825.0,0.0,0.0,0.0,0.0,0.0,149
2023-05-10 21:16:06,SR311C6000,白糖2311购6000,825.0,0.0,0.0,0.0,1,614.0,1053.5,1,825.0,0.0,0.0,0.0,0.0,0.0,149
2023-05-10 21:16:06,SR311C6000,白糖2311购6000,825.0,0.0,0.0,0.0,10,614.5,1053.0,10,825.0,0.0,0.0,0.0,0.0,0.0,149
2023-05-10 21:36:01,SR311C6000,白糖2311购6000,825.0,0.0,0.0,0.0,1,616.0,1053.0,10,825.0,0.0,0.0,0.0,0.0,0.0,149
2023-05-10 21:36:01,SR311C6000,白糖2311购6000,825.0,0.0,0.0,0.0,10,616.5,1051.5,1,825.0,0.0,0.0,0.0,0.0,0.0,149
2023-05-10 21:36:01,SR311C6000,白糖2311购6000,825.0,0.0,0.0,0.0,1,618.0,1051.0,10,825.0,0.0,0.0,0.0,0.0,0.0,149
2023-05-10 21:36:02,SR311C6000,白糖2311购6000,825.0,0.0,0.0,0.0,10,618.5,1049.0,10,825.0,0.0,0.0,0.0,0.0,0.0,149
2023-05-10 21:36:02,SR311C6000,白糖2311购6000,825.0,0.0,0.0,0.0,1,620.0,1047.5,1,825.0,0.0,0.0,0.0,0.0,0.0,149
2023-05-10 21:36:03,SR311C6000,白糖2311购6000,825.0,0.0,0.0,0.0,10,620.5,1047.0,10,825.0,0.0,0.0,0.0,0.0,0.0,149
2023-05-10 21:36:04,SR311C6000,白糖2311购6000,825.0,0.0,0.0,0.0,1,622.0,1045.5,1,825.0,0.0,0.0,0.0,0.0,0.0,149
2023-05-10 21:36:04,SR311C6000,白糖2311购6000,825.0,0.0,0.0,0.0,10,622.5,1045.0,10,825.0,0.0,0.0,0.0,0.0,0.0,149
2023-05-10 21:36:04,SR311C6000,白糖2311购6000,825.0,0.0,0.0,0.0,1,624.0,1043.5,1,825.0,0.0,0.0,0.0,0.0,0.0,149
2023-05-10 21:36:05,SR311C6000,白糖2311购6000,825.0,0.0,0.0,0.0,10,624.5,1043.0,10,825.0,0.0,0.0,0.0,0.0,0.0,149
2023-05-10 21:44:44,SR311C6000,白糖2311购6000,825.0,0.0,0.0,0.0,1,426.0,0.0,0,825.0,0.0,0.0,0.0,0.0,0.0,149
2023-05-10 21:46:07,SR311C6000,白糖2311购6000,825.0,0.0,0.0,0.0,10,426.5,0.0,0,825.0,0.0,0.0,0.0,0.0,0.0,149
2023-05-10 21:46:08,SR311C6000,白糖2311购6000,825.0,0.0,0.0,0.0,1,428.0,1231.0,10,825.0,0.0,0.0,0.0,0.0,0.0,149
2023-05-10 21:46:08,SR311C6000,白糖2311购6000,825.0,0.0,0.0,0.0,10,428.5,1231.0,10,825.0,0.0,0.0,0.0,0.0,0.0,149
2023-05-10 21:46:10,SR311C6000,白糖2311购6000,825.0,0.0,0.0,0.0,1,430.0,1229.5,1,825.0,0.0,0.0,0.0,0.0,0.0,149
2023-05-10 21:46:10,SR311C6000,白糖2311购6000,825.0,0.0,0.0,0.0,10,430.5,1229.0,10,825.0,0.0,0.0,0.0,0.0,0.0,149
2023-05-10 21:46:11,SR311C6000,白糖2311购6000,825.0,0.0,0.0,0.0,1,432.0,1227.5,1,825.0,0.0,0.0,0.0,0.0,0.0,149
2023-05-10 21:46:11,SR311C6000,白糖2311购6000,825.0,0.0,0.0,0.0,10,432.5,1227.0,10,825.0,0.0,0.0,0.0,0.0,0.0,149
2023-05-10 21:46:14,SR311C6000,白糖2311购6000,825.0,0.0,0.0,0.0,1,434.0,1225.5,1,825.0,0.0,0.0,0.0,0.0,0.0,149
2023-05-10 21:46:14,SR311C6000,白糖2311购6000,825.0,0.0,0.0,0.0,10,434.5,1225.0,10,825.0,0.0,0.0,0.0,0.0,0.0,149
2023-05-10 21:46:15,SR311C6000,白糖2311购6000,825.0,0.0,0.0,0.0,1,436.0,1223.5,1,825.0,0.0,0.0,0.0,0.0,0.0,149
2023-05-10 21:46:15,SR311C6000,白糖2311购6000,825.0,0.0,0.0,0.0,10,436.5,1223.0,10,825.0,0.0,0.0,0.0,0.0,0.0,149
2023-05-10 22:06:01,SR311C6000,白糖2311购6000,825.0,0.0,0.0,0.0,1,438.0,1221.5,1,825.0,0.0,0.0,0.0,0.0,0.0,149
2023-05-10 22:06:01,SR311C6000,白糖2311购6000,825.0,0.0,0.0,0.0,10,438.5,1221.0,10,825.0,0.0,0.0,0.0,0.0,0.0,149
2023-05-10 22:06:02,SR311C6000,白糖2311购6000,825.0,0.0,0.0,0.0,1,440.0,1219.5,1,825.0,0.0,0.0,0.0,0.0,0.0,149
2023-05-10 22:06:02,SR311C6000,白糖2311购6000,825.0,0.0,0.0,0.0,10,440.5,1219.0,10,825.0,0.0,0.0,0.0,0.0,0.0,149
2023-05-10 22:06:03,SR311C6000,白糖2311购6000,825.0,0.0,0.0,0.0,1,442.0,1217.5,1,825.0,0.0,0.0,0.0,0.0,0.0,149
2023-05-10 22:06:03,SR311C6000,白糖2311购6000,825.0,0.0,0.0,0.0,10,442.5,1217.0,10,825.0,0.0,0.0,0.0,0.0,0.0,149
2023-05-10 22:06:04,SR311C6000,白糖2311购6000,825.0,0.0,0.0,0.0,1,444.0,1215.5,1,825.0,0.0,0.0,0.0,0.0,0.0,149
2023-05-10 22:06:04,SR311C6000,白糖2311购6000,825.0,0.0,0.0,0.0,10,444.5,1215.0,10,825.0,0.0,0.0,0.0,0.0,0.0,149
2023-05-10 22:06:05,SR311C6000,白糖2311购6000,825.0,0.0,0.0,0.0,1,446.0,1213.5,1,825.0,0.0,0.0,0.0,0.0,0.0,149
2023-05-10 22:06:05,SR311C6000,白糖2311购6000,825.0,0.0,0.0,0.0,10,446.5,1213.0,10,825.0,0.0,0.0,0.0,0.0,0.0,149
2023-05-10 22:23:02,SR311C6000,白糖2311购6000,825.0,0.0,0.0,0.0,1,426.0,0.0,0,825.0,0.0,0.0,0.0,0.0,0.0,149
2023-05-10 22:23:46,SR311C6000,白糖2311购6000,825.0,0.0,0.0,0.0,10,426.5,0.0,0,825.0,0.0,0.0,0.0,0.0,0.0,149
2023-05-10 22:26:29,SR311C6000,白糖2311购6000,825.0,0.0,0.0,0.0,1,426.0,0.0,0,825.0,0.0,0.0,0.0,0.0,0.0,149
2023-05-10 22:27:07,SR311C6000,白糖2311购6000,825.0,0.0,0.0,0.0,10,426.5,0.0,0,825.0,0.0,0.0,0.0,0.0,0.0,149
2023-05-10 22:57:35,SR311C6000,白糖2311购6000,825.0,0.0,0.0,0.0,1,426.0,0.0,0,825.0,0.0,0.0,0.0,0.0,0.0,149
2023-05-10 22:59:09,SR311C6000,白糖2311购6000,825.0,0.0,0.0,0.0,0,0.0,0.0,0,825.0,0.0,0.0,0.0,0.0,0.0,149
2023-05-11 09:02:08,SR311C6000,白糖2311购6000,825.0,0.0,0.0,0.0,10,419.0,0.0,0,825.0,0.0,0.0,0.0,0.0,0.0,149
2023-05-11 09:02:11,SR311C6000,白糖2311购6000,825.0,0.0,0.0,0.0,1,420.5,1231.0,10,825.0,0.0,0.0,0.0,0.0,0.0,149
2023-05-11 09:02:11,SR311C6000,白糖2311购6000,825.0,0.0,0.0,0.0,10,421.0,1229.5,1,825.0,0.0,0.0,0.0,0.0,0.0,149
2023-05-11 09:02:12,SR311C6000,白糖2311购6000,825.0,0.0,0.0,0.0,10,421.0,1229.0,10,825.0,0.0,0.0,0.0,0.0,0.0,149
2023-05-11 09:02:15,SR311C6000,白糖2311购6000,825.0,0.0,0.0,0.0,1,422.5,1229.0,10,825.0,0.0,0.0,0.0,0.0,0.0,149
2023-05-11 09:02:16,SR311C6000,白糖2311购6000,825.0,0.0,0.0,0.0,10,423.0,1227.5,1,825.0,0.0,0.0,0.0,0.0,0.0,149
2023-05-11 09:02:16,SR311C6000,白糖2311购6000,825.0,0.0,0.0,0.0,1,424.5,1227.0,10,825.0,0.0,0.0,0.0,0.0,0.0,149
2023-05-11 09:02:17,SR311C6000,白糖2311购6000,825.0,0.0,0.0,0.0,10,425.0,1227.0,10,825.0,0.0,0.0,0.0,0.0,0.0,149
2023-05-11 09:02:17,SR311C6000,白糖2311购6000,825.0,0.0,0.0,0.0,1,426.5,1227.0,10,825.0,0.0,0.0,0.0,0.0,0.0,149
2023-05-11 09:02:18,SR311C6000,白糖2311购6000,825.0,0.0,0.0,0.0,10,427.0,1227.0,10,825.0,0.0,0.0,0.0,0.0,0.0,149
2023-05-11 09:02:23,SR311C6000,白糖2311购6000,825.0,0.0,0.0,0.0,1,428.5,1225.5,1,825.0,0.0,0.0,0.0,0.0,0.0,149
2023-05-11 09:02:23,SR311C6000,白糖2311购6000,825.0,0.0,0.0,0.0,10,429.0,1225.0,10,825.0,0.0,0.0,0.0,0.0,0.0,149
2023-05-11 09:02:28,SR311C6000,白糖2311购6000,825.0,0.0,0.0,0.0,1,430.5,1223.5,1,825.0,0.0,0.0,0.0,0.0,0.0,149
2023-05-11 09:02:28,SR311C6000,白糖2311购6000,825.0,0.0,0.0,0.0,10,431.0,1223.0,10,825.0,0.0,0.0,0.0,0.0,0.0,149
2023-05-11 09:02:29,SR311C6000,白糖2311购6000,825.0,0.0,0.0,0.0,1,432.5,1221.5,1,825.0,0.0,0.0,0.0,0.0,0.0,149
2023-05-11 09:02:29,SR311C6000,白糖2311购6000,825.0,0.0,0.0,0.0,10,433.0,1221.0,10,825.0,0.0,0.0,0.0,0.0,0.0,149
2023-05-11 09:02:33,SR311C6000,白糖2311购6000,825.0,0.0,0.0,0.0,1,434.5,1221.0,10,825.0,0.0,0.0,0.0,0.0,0.0,149
2023-05-11 09:02:33,SR311C6000,白糖2311购6000,825.0,0.0,0.0,0.0,10,435.0,1221.0,10,825.0,0.0,0.0,0.0,0.0,0.0,149
2023-05-11 09:02:33,SR311C6000,白糖2311购6000,825.0,0.0,0.0,0.0,1,436.5,1219.5,1,825.0,0.0,0.0,0.0,0.0,0.0,149
2023-05-11 09:02:34,SR311C6000,白糖2311购6000,825.0,0.0,0.0,0.0,10,437.0,1219.0,10,825.0,0.0,0.0,0.0,0.0,0.0,149
2023-05-11 09:02:36,SR311C6000,白糖2311购6000,825.0,0.0,0.0,0.0,1,438.5,1217.5,1,825.0,0.0,0.0,0.0,0.0,0.0,149
2023-05-11 09:02:36,SR311C6000,白糖2311购6000,825.0,0.0,0.0,0.0,10,439.0,1217.0,10,825.0,0.0,0.0,0.0,0.0,0.0,149
2023-05-11 09:02:41,SR311C6000,白糖2311购6000,825.0,0.0,0.0,0.0,1,440.5,1215.5,1,825.0,0.0,0.0,0.0,0.0,0.0,149
2023-05-11 09:02:41,SR311C6000,白糖2311购6000,825.0,0.0,0.0,0.0,10,441.0,1215.0,10,825.0,0.0,0.0,0.0,0.0,0.0,149
2023-05-11 09:02:41,SR311C6000,白糖2311购6000,825.0,0.0,0.0,0.0,1,442.5,1213.5,1,825.0,0.0,0.0,0.0,0.0,0.0,149
2023-05-11 09:02:42,SR311C6000,白糖2311购6000,825.0,0.0,0.0,0.0,10,443.0,1213.0,10,825.0,0.0,0.0,0.0,0.0,0.0,149
2023-05-11 09:02:42,SR311C6000,白糖2311购6000,825.0,0.0,0.0,0.0,10,443.0,1211.5,1,825.0,0.0,0.0,0.0,0.0,0.0,149
2023-05-11 09:02:43,SR311C6000,白糖2311购6000,825.0,0.0,0.0,0.0,1,444.5,1211.0,10,825.0,0.0,0.0,0.0,0.0,0.0,149
2023-05-11 09:02:44,SR311C6000,白糖2311购6000,825.0,0.0,0.0,0.0,10,445.0,1211.0,10,825.0,0.0,0.0,0.0,0.0,0.0,149
2023-05-11 09:02:44,SR311C6000,白糖2311购6000,825.0,0.0,0.0,0.0,1,446.5,1209.5,1,825.0,0.0,0.0,0.0,0.0,0.0,149
2023-05-11 09:02:44,SR311C6000,白糖2311购6000,825.0,0.0,0.0,0.0,10,447.0,1209.0,10,825.0,0.0,0.0,0.0,0.0,0.0,149
2023-05-11 09:02:45,SR311C6000,白糖2311购6000,825.0,0.0,0.0,0.0,1,448.5,1207.5,1,825.0,0.0,0.0,0.0,0.0,0.0,149
2023-05-11 09:02:45,SR311C6000,白糖2311购6000,825.0,0.0,0.0,0.0,10,449.0,1207.0,10,825.0,0.0,0.0,0.0,0.0,0.0,149
2023-05-11 09:02:50,SR311C6000,白糖2311购6000,825.0,0.0,0.0,0.0,1,450.5,1207.0,10,825.0,0.0,0.0,0.0,0.0,0.0,149
2023-05-11 09:02:50,SR311C6000,白糖2311购6000,825.0,0.0,0.0,0.0,10,451.0,1207.0,10,825.0,0.0,0.0,0.0,0.0,0.0,149
2023-05-11 09:02:51,SR311C6000,白糖2311购6000,825.0,0.0,0.0,0.0,1,452.5,1205.5,1,825.0,0.0,0.0,0.0,0.0,0.0,149
2023-05-11 09:02:51,SR311C6000,白糖2311购6000,825.0,0.0,0.0,0.0,10,453.0,1205.0,10,825.0,0.0,0.0,0.0,0.0,0.0,149
2023-05-11 09:02:52,SR311C6000,白糖2311购6000,825.0,0.0,0.0,0.0,1,454.5,1203.5,1,825.0,0.0,0.0,0.0,0.0,0.0,149
2023-05-11 09:02:52,SR311C6000,白糖2311购6000,825.0,0.0,0.0,0.0,10,455.0,1203.0,10,825.0,0.0,0.0,0.0,0.0,0.0,149
2023-05-11 09:02:58,SR311C6000,白糖2311购6000,825.0,0.0,0.0,0.0,1,456.5,1201.5,1,825.0,0.0,0.0,0.0,0.0,0.0,149
2023-05-11 09:02:58,SR311C6000,白糖2311购6000,825.0,0.0,0.0,0.0,10,457.0,1201.0,10,825.0,0.0,0.0,0.0,0.0,0.0,149
2023-05-11 09:02:59,SR311C6000,白糖2311购6000,825.0,0.0,0.0,0.0,1,458.5,1199.5,1,825.0,0.0,0.0,0.0,0.0,0.0,149
2023-05-11 09:02:59,SR311C6000,白糖2311购6000,825.0,0.0,0.0,0.0,10,459.0,1199.0,10,825.0,0.0,0.0,0.0,0.0,0.0,149
2023-05-11 09:03:00,SR311C6000,白糖2311购6000,825.0,0.0,0.0,0.0,1,460.5,1197.5,1,825.0,0.0,0.0,0.0,0.0,0.0,149
2023-05-11 09:03:00,SR311C6000,白糖2311购6000,825.0,0.0,0.0,0.0,10,461.0,1197.0,10,825.0,0.0,0.0,0.0,0.0,0.0,149
2023-05-11 09:03:01,SR311C6000,白糖2311购6000,825.0,0.0,0.0,0.0,10,461.0,1195.5,1,825.0,0.0,0.0,0.0,0.0,0.0,149
2023-05-11 09:03:01,SR311C6000,白糖2311购6000,825.0,0.0,0.0,0.0,10,461.0,1195.0,10,825.0,0.0,0.0,0.0,0.0,0.0,149
2023-05-11 09:03:02,SR311C6000,白糖2311购6000,825.0,0.0,0.0,0.0,1,462.5,1193.5,1,825.0,0.0,0.0,0.0,0.0,0.0,149
2023-05-11 09:03:02,SR311C6000,白糖2311购6000,825.0,0.0,0.0,0.0,10,463.0,1193.0,10,825.0,0.0,0.0,0.0,0.0,0.0,149
2023-05-11 09:03:08,SR311C6000,白糖2311购6000,825.0,0.0,0.0,0.0,1,464.5,1191.5,1,825.0,0.0,0.0,0.0,0.0,0.0,149
2023-05-11 09:03:09,SR311C6000,白糖2311购6000,825.0,0.0,0.0,0.0,10,465.0,1191.0,10,825.0,0.0,0.0,0.0,0.0,0.0,149
2023-05-11 09:03:14,SR311C6000,白糖2311购6000,825.0,0.0,0.0,0.0,1,466.5,1191.0,10,825.0,0.0,0.0,0.0,0.0,0.0,149
2023-05-11 09:03:15,SR311C6000,白糖2311购6000,825.0,0.0,0.0,0.0,10,467.0,1191.0,10,825.0,0.0,0.0,0.0,0.0,0.0,149
2023-05-11 09:03:16,SR311C6000,白糖2311购6000,825.0,0.0,0.0,0.0,1,468.5,1189.5,1,825.0,0.0,0.0,0.0,0.0,0.0,149
2023-05-11 09:03:16,SR311C6000,白糖2311购6000,825.0,0.0,0.0,0.0,10,469.0,1189.0,10,825.0,0.0,0.0,0.0,0.0,0.0,149
2023-05-11 09:03:20,SR311C6000,白糖2311购6000,825.0,0.0,0.0,0.0,1,470.5,1187.5,1,825.0,0.0,0.0,0.0,0.0,0.0,149
2023-05-11 09:03:20,SR311C6000,白糖2311购6000,825.0,0.0,0.0,0.0,10,471.0,1187.0,10,825.0,0.0,0.0,0.0,0.0,0.0,149
2023-05-11 09:03:21,SR311C6000,白糖2311购6000,825.0,0.0,0.0,0.0,1,472.5,1185.5,1,825.0,0.0,0.0,0.0,0.0,0.0,149
2023-05-11 09:03:21,SR311C6000,白糖2311购6000,825.0,0.0,0.0,0.0,10,473.0,1185.0,10,825.0,0.0,0.0,0.0,0.0,0.0,149
2023-05-11 09:03:27,SR311C6000,白糖2311购6000,825.0,0.0,0.0,0.0,1,474.5,1183.5,1,825.0,0.0,0.0,0.0,0.0,0.0,149
2023-05-11 09:03:28,SR311C6000,白糖2311购6000,825.0,0.0,0.0,0.0,10,475.0,1183.0,10,825.0,0.0,0.0,0.0,0.0,0.0,149
2023-05-11 09:03:30,SR311C6000,白糖2311购6000,825.0,0.0,0.0,0.0,1,476.5,1181.5,1,825.0,0.0,0.0,0.0,0.0,0.0,149
2023-05-11 09:03:30,SR311C6000,白糖2311购6000,825.0,0.0,0.0,0.0,10,477.0,1181.0,10,825.0,0.0,0.0,0.0,0.0,0.0,149
2023-05-11 09:03:31,SR311C6000,白糖2311购6000,825.0,0.0,0.0,0.0,1,478.5,1179.5,1,825.0,0.0,0.0,0.0,0.0,0.0,149
2023-05-11 09:03:31,SR311C6000,白糖2311购6000,825.0,0.0,0.0,0.0,10,479.0,1179.0,10,825.0,0.0,0.0,0.0,0.0,0.0,149
2023-05-11 09:03:32,SR311C6000,白糖2311购6000,825.0,0.0,0.0,0.0,1,480.5,1177.5,1,825.0,0.0,0.0,0.0,0.0,0.0,149
2023-05-11 09:03:32,SR311C6000,白糖2311购6000,825.0,0.0,0.0,0.0,10,481.0,1177.0,10,825.0,0.0,0.0,0.0,0.0,0.0,149
2023-05-11 09:03:33,SR311C6000,白糖2311购6000,825.0,0.0,0.0,0.0,1,482.5,1175.5,1,825.0,0.0,0.0,0.0,0.0,0.0,149
2023-05-11 09:03:33,SR311C6000,白糖2311购6000,825.0,0.0,0.0,0.0,10,483.0,1175.0,10,825.0,0.0,0.0,0.0,0.0,0.0,149
2023-05-11 09:03:35,SR311C6000,白糖2311购6000,825.0,0.0,0.0,0.0,1,484.5,1173.5,1,825.0,0.0,0.0,0.0,0.0,0.0,149
2023-05-11 09:03:35,SR311C6000,白糖2311购6000,825.0,0.0,0.0,0.0,10,485.0,1173.0,10,825.0,0.0,0.0,0.0,0.0,0.0,149
2023-05-11 09:03:36,SR311C6000,白糖2311购6000,825.0,0.0,0.0,0.0,1,486.5,1171.5,1,825.0,0.0,0.0,0.0,0.0,0.0,149
2023-05-11 09:03:36,SR311C6000,白糖2311购6000,825.0,0.0,0.0,0.0,10,487.0,1171.0,10,825.0,0.0,0.0,0.0,0.0,0.0,149
2023-05-11 09:03:40,SR311C6000,白糖2311购6000,825.0,0.0,0.0,0.0,1,488.5,1169.5,1,825.0,0.0,0.0,0.0,0.0,0.0,149
2023-05-11 09:03:40,SR311C6000,白糖2311购6000,825.0,0.0,0.0,0.0,10,489.0,1169.0,10,825.0,0.0,0.0,0.0,0.0,0.0,149
2023-05-11 09:03:43,SR311C6000,白糖2311购6000,825.0,0.0,0.0,0.0,1,490.5,1167.5,1,825.0,0.0,0.0,0.0,0.0,0.0,149
2023-05-11 09:03:44,SR311C6000,白糖2311购6000,825.0,0.0,0.0,0.0,10,491.0,1167.0,10,825.0,0.0,0.0,0.0,0.0,0.0,149
2023-05-11 09:03:45,SR311C6000,白糖2311购6000,825.0,0.0,0.0,0.0,1,492.5,1165.5,1,825.0,0.0,0.0,0.0,0.0,0.0,149
2023-05-11 09:03:46,SR311C6000,白糖2311购6000,825.0,0.0,0.0,0.0,10,493.0,1165.0,10,825.0,0.0,0.0,0.0,0.0,0.0,149
2023-05-11 09:03:48,SR311C6000,白糖2311购6000,825.0,0.0,0.0,0.0,1,494.5,1163.5,1,825.0,0.0,0.0,0.0,0.0,0.0,149
2023-05-11 09:03:48,SR311C6000,白糖2311购6000,825.0,0.0,0.0,0.0,10,495.0,1163.0,10,825.0,0.0,0.0,0.0,0.0,0.0,149
2023-05-11 09:03:49,SR311C6000,白糖2311购6000,825.0,0.0,0.0,0.0,1,496.5,1161.5,1,825.0,0.0,0.0,0.0,0.0,0.0,149
2023-05-11 09:03:49,SR311C6000,白糖2311购6000,825.0,0.0,0.0,0.0,10,497.0,1161.0,10,825.0,0.0,0.0,0.0,0.0,0.0,149
2023-05-11 09:03:53,SR311C6000,白糖2311购6000,825.0,0.0,0.0,0.0,1,498.5,1159.5,1,825.0,0.0,0.0,0.0,0.0,0.0,149
2023-05-11 09:03:53,SR311C6000,白糖2311购6000,825.0,0.0,0.0,0.0,10,499.0,1159.0,10,825.0,0.0,0.0,0.0,0.0,0.0,149
2023-05-11 09:03:55,SR311C6000,白糖2311购6000,825.0,0.0,0.0,0.0,1,500.5,1159.0,10,825.0,0.0,0.0,0.0,0.0,0.0,149
2023-05-11 09:03:55,SR311C6000,白糖2311购6000,825.0,0.0,0.0,0.0,10,501.0,1159.0,10,825.0,0.0,0.0,0.0,0.0,0.0,149
2023-05-11 09:03:56,SR311C6000,白糖2311购6000,825.0,0.0,0.0,0.0,1,502.5,1157.5,1,825.0,0.0,0.0,0.0,0.0,0.0,149
2023-05-11 09:03:56,SR311C6000,白糖2311购6000,825.0,0.0,0.0,0.0,10,503.0,1157.0,10,825.0,0.0,0.0,0.0,0.0,0.0,149
2023-05-11 09:03:57,SR311C6000,白糖2311购6000,825.0,0.0,0.0,0.0,1,504.5,1155.5,1,825.0,0.0,0.0,0.0,0.0,0.0,149
2023-05-11 09:03:57,SR311C6000,白糖2311购6000,825.0,0.0,0.0,0.0,10,505.0,1155.0,10,825.0,0.0,0.0,0.0,0.0,0.0,149
2023-05-11 09:03:59,SR311C6000,白糖2311购6000,825.0,0.0,0.0,0.0,1,506.5,1153.5,1,825.0,0.0,0.0,0.0,0.0,0.0,149
2023-05-11 09:04:00,SR311C6000,白糖2311购6000,825.0,0.0,0.0,0.0,10,507.0,1153.0,10,825.0,0.0,0.0,0.0,0.0,0.0,149
2023-05-11 09:04:02,SR311C6000,白糖2311购6000,825.0,0.0,0.0,0.0,1,508.5,1151.5,1,825.0,0.0,0.0,0.0,0.0,0.0,149
2023-05-11 09:04:02,SR311C6000,白糖2311购6000,825.0,0.0,0.0,0.0,10,509.0,1151.0,10,825.0,0.0,0.0,0.0,0.0,0.0,149
2023-05-11 09:04:03,SR311C6000,白糖2311购6000,825.0,0.0,0.0,0.0,1,510.5,1149.5,1,825.0,0.0,0.0,0.0,0.0,0.0,149
2023-05-11 09:04:03,SR311C6000,白糖2311购6000,825.0,0.0,0.0,0.0,10,511.0,1149.0,10,825.0,0.0,0.0,0.0,0.0,0.0,149
2023-05-11 09:04:04,SR311C6000,白糖2311购6000,825.0,0.0,0.0,0.0,1,512.5,1147.5,1,825.0,0.0,0.0,0.0,0.0,0.0,149
2023-05-11 09:04:04,SR311C6000,白糖2311购6000,825.0,0.0,0.0,0.0,10,513.0,1147.0,10,825.0,0.0,0.0,0.0,0.0,0.0,149
2023-05-11 09:04:05,SR311C6000,白糖2311购6000,825.0,0.0,0.0,0.0,1,514.5,1145.5,1,825.0,0.0,0.0,0.0,0.0,0.0,149
2023-05-11 09:04:05,SR311C6000,白糖2311购6000,825.0,0.0,0.0,0.0,10,515.0,1145.0,10,825.0,0.0,0.0,0.0,0.0,0.0,149
2023-05-11 09:04:08,SR311C6000,白糖2311购6000,825.0,0.0,0.0,0.0,1,516.5,1143.5,1,825.0,0.0,0.0,0.0,0.0,0.0,149
2023-05-11 09:04:09,SR311C6000,白糖2311购6000,825.0,0.0,0.0,0.0,10,517.0,1143.0,10,825.0,0.0,0.0,0.0,0.0,0.0,149
2023-05-11 09:04:09,SR311C6000,白糖2311购6000,825.0,0.0,0.0,0.0,1,518.5,1143.0,10,825.0,0.0,0.0,0.0,0.0,0.0,149
2023-05-11 09:04:09,SR311C6000,白糖2311购6000,825.0,0.0,0.0,0.0,10,519.0,1143.0,10,825.0,0.0,0.0,0.0,0.0,0.0,149
2023-05-11 09:04:10,SR311C6000,白糖2311购6000,825.0,0.0,0.0,0.0,1,520.5,1143.0,10,825.0,0.0,0.0,0.0,0.0,0.0,149
2023-05-11 09:04:11,SR311C6000,白糖2311购6000,825.0,0.0,0.0,0.0,10,521.0,1141.5,1,825.0,0.0,0.0,0.0,0.0,0.0,149
2023-05-11 09:04:11,SR311C6000,白糖2311购6000,825.0,0.0,0.0,0.0,10,521.0,1141.0,10,825.0,0.0,0.0,0.0,0.0,0.0,149
2023-05-11 09:04:15,SR311C6000,白糖2311购6000,825.0,0.0,0.0,0.0,1,522.5,1139.5,1,825.0,0.0,0.0,0.0,0.0,0.0,149
2023-05-11 09:04:15,SR311C6000,白糖2311购6000,825.0,0.0,0.0,0.0,10,523.0,1139.0,10,825.0,0.0,0.0,0.0,0.0,0.0,149
2023-05-11 09:04:16,SR311C6000,白糖2311购6000,825.0,0.0,0.0,0.0,1,524.5,1139.0,10,825.0,0.0,0.0,0.0,0.0,0.0,149
2023-05-11 09:04:16,SR311C6000,白糖2311购6000,825.0,0.0,0.0,0.0,10,525.0,1139.0,10,825.0,0.0,0.0,0.0,0.0,0.0,149
2023-05-11 09:04:17,SR311C6000,白糖2311购6000,825.0,0.0,0.0,0.0,1,526.5,1137.5,1,825.0,0.0,0.0,0.0,0.0,0.0,149
2023-05-11 09:04:17,SR311C6000,白糖2311购6000,825.0,0.0,0.0,0.0,10,527.0,1137.0,10,825.0,0.0,0.0,0.0,0.0,0.0,149
2023-05-11 09:04:18,SR311C6000,白糖2311购6000,825.0,0.0,0.0,0.0,1,528.5,1135.5,1,825.0,0.0,0.0,0.0,0.0,0.0,149
2023-05-11 09:04:18,SR311C6000,白糖2311购6000,825.0,0.0,0.0,0.0,10,529.0,1135.0,10,825.0,0.0,0.0,0.0,0.0,0.0,149
2023-05-11 09:04:23,SR311C6000,白糖2311购6000,825.0,0.0,0.0,0.0,1,530.5,1133.5,1,825.0,0.0,0.0,0.0,0.0,0.0,149
2023-05-11 09:04:23,SR311C6000,白糖2311购6000,825.0,0.0,0.0,0.0,10,531.0,1133.0,10,825.0,0.0,0.0,0.0,0.0,0.0,149
2023-05-11 09:04:28,SR311C6000,白糖2311购6000,825.0,0.0,0.0,0.0,1,532.5,1131.5,1,825.0,0.0,0.0,0.0,0.0,0.0,149
2023-05-11 09:04:28,SR311C6000,白糖2311购6000,825.0,0.0,0.0,0.0,10,533.0,1131.0,10,825.0,0.0,0.0,0.0,0.0,0.0,149
2023-05-11 09:04:29,SR311C6000,白糖2311购6000,825.0,0.0,0.0,0.0,1,534.5,1129.5,1,825.0,0.0,0.0,0.0,0.0,0.0,149
2023-05-11 09:04:29,SR311C6000,白糖2311购6000,825.0,0.0,0.0,0.0,10,535.0,1129.0,10,825.0,0.0,0.0,0.0,0.0,0.0,149
2023-05-11 09:04:33,SR311C6000,白糖2311购6000,825.0,0.0,0.0,0.0,1,536.5,1127.5,1,825.0,0.0,0.0,0.0,0.0,0.0,149
2023-05-11 09:04:33,SR311C6000,白糖2311购6000,825.0,0.0,0.0,0.0,10,537.0,1127.0,10,825.0,0.0,0.0,0.0,0.0,0.0,149
2023-05-11 09:04:34,SR311C6000,白糖2311购6000,825.0,0.0,0.0,0.0,1,538.5,1125.5,1,825.0,0.0,0.0,0.0,0.0,0.0,149
2023-05-11 09:04:34,SR311C6000,白糖2311购6000,825.0,0.0,0.0,0.0,10,539.0,1125.0,10,825.0,0.0,0.0,0.0,0.0,0.0,149
2023-05-11 09:04:35,SR311C6000,白糖2311购6000,825.0,0.0,0.0,0.0,1,540.5,1123.5,1,825.0,0.0,0.0,0.0,0.0,0.0,149
2023-05-11 09:04:35,SR311C6000,白糖2311购6000,825.0,0.0,0.0,0.0,10,541.0,1123.0,10,825.0,0.0,0.0,0.0,0.0,0.0,149
2023-05-11 09:04:36,SR311C6000,白糖2311购6000,825.0,0.0,0.0,0.0,1,542.5,1123.0,10,825.0,0.0,0.0,0.0,0.0,0.0,149
2023-05-11 09:04:36,SR311C6000,白糖2311购6000,825.0,0.0,0.0,0.0,10,543.0,1123.0,10,825.0,0.0,0.0,0.0,0.0,0.0,149
2023-05-11 09:04:41,SR311C6000,白糖2311购6000,825.0,0.0,0.0,0.0,1,544.5,1121.5,1,825.0,0.0,0.0,0.0,0.0,0.0,149
2023-05-11 09:04:41,SR311C6000,白糖2311购6000,825.0,0.0,0.0,0.0,10,545.0,1121.0,10,825.0,0.0,0.0,0.0,0.0,0.0,149
2023-05-11 09:04:42,SR311C6000,白糖2311购6000,825.0,0.0,0.0,0.0,1,546.5,1119.5,1,825.0,0.0,0.0,0.0,0.0,0.0,149
2023-05-11 09:04:42,SR311C6000,白糖2311购6000,825.0,0.0,0.0,0.0,10,547.0,1119.0,10,825.0,0.0,0.0,0.0,0.0,0.0,149
2023-05-11 09:04:43,SR311C6000,白糖2311购6000,825.0,0.0,0.0,0.0,10,547.0,1117.5,1,825.0,0.0,0.0,0.0,0.0,0.0,149
2023-05-11 09:04:43,SR311C6000,白糖2311购6000,825.0,0.0,0.0,0.0,1,548.5,1117.0,10,825.0,0.0,0.0,0.0,0.0,0.0,149
2023-05-11 09:04:44,SR311C6000,白糖2311购6000,825.0,0.0,0.0,0.0,10,549.0,1117.0,10,825.0,0.0,0.0,0.0,0.0,0.0,149
2023-05-11 09:04:44,SR311C6000,白糖2311购6000,825.0,0.0,0.0,0.0,1,550.5,1115.5,1,825.0,0.0,0.0,0.0,0.0,0.0,149
2023-05-11 09:04:44,SR311C6000,白糖2311购6000,825.0,0.0,0.0,0.0,10,551.0,1115.0,10,825.0,0.0,0.0,0.0,0.0,0.0,149
2023-05-11 09:04:49,SR311C6000,白糖2311购6000,825.0,0.0,0.0,0.0,1,552.5,1115.0,10,825.0,0.0,0.0,0.0,0.0,0.0,149
2023-05-11 09:04:49,SR311C6000,白糖2311购6000,825.0,0.0,0.0,0.0,10,553.0,1115.0,10,825.0,0.0,0.0,0.0,0.0,0.0,149
2023-05-11 09:04:51,SR311C6000,白糖2311购6000,825.0,0.0,0.0,0.0,1,554.5,1113.5,1,825.0,0.0,0.0,0.0,0.0,0.0,149
2023-05-11 09:04:51,SR311C6000,白糖2311购6000,825.0,0.0,0.0,0.0,10,555.0,1113.0,10,825.0,0.0,0.0,0.0,0.0,0.0,149
2023-05-11 09:04:52,SR311C6000,白糖2311购6000,825.0,0.0,0.0,0.0,1,556.5,1113.0,10,825.0,0.0,0.0,0.0,0.0,0.0,149
2023-05-11 09:04:53,SR311C6000,白糖2311购6000,825.0,0.0,0.0,0.0,10,557.0,1111.5,1,825.0,0.0,0.0,0.0,0.0,0.0,149
2023-05-11 09:04:53,SR311C6000,白糖2311购6000,825.0,0.0,0.0,0.0,10,557.0,1111.0,10,825.0,0.0,0.0,0.0,0.0,0.0,149
2023-05-11 09:04:54,SR311C6000,白糖2311购6000,825.0,0.0,0.0,0.0,1,558.5,1109.5,1,825.0,0.0,0.0,0.0,0.0,0.0,149
2023-05-11 09:04:54,SR311C6000,白糖2311购6000,825.0,0.0,0.0,0.0,10,559.0,1109.0,10,825.0,0.0,0.0,0.0,0.0,0.0,149
2023-05-11 09:04:55,SR311C6000,白糖2311购6000,825.0,0.0,0.0,0.0,1,560.5,1107.5,1,825.0,0.0,0.0,0.0,0.0,0.0,149
2023-05-11 09:04:55,SR311C6000,白糖2311购6000,825.0,0.0,0.0,0.0,10,561.0,1107.0,10,825.0,0.0,0.0,0.0,0.0,0.0,149
2023-05-11 09:04:56,SR311C6000,白糖2311购6000,825.0,0.0,0.0,0.0,1,562.5,1105.5,1,825.0,0.0,0.0,0.0,0.0,0.0,149
2023-05-11 09:04:56,SR311C6000,白糖2311购6000,825.0,0.0,0.0,0.0,10,563.0,1105.0,10,825.0,0.0,0.0,0.0,0.0,0.0,149
2023-05-11 09:05:07,SR311C6000,白糖2311购6000,825.0,0.0,0.0,0.0,1,564.5,1103.5,1,825.0,0.0,0.0,0.0,0.0,0.0,149
2023-05-11 09:05:07,SR311C6000,白糖2311购6000,825.0,0.0,0.0,0.0,10,565.0,1103.0,10,825.0,0.0,0.0,0.0,0.0,0.0,149
2023-05-11 09:05:08,SR311C6000,白糖2311购6000,825.0,0.0,0.0,0.0,10,565.0,1101.5,1,825.0,0.0,0.0,0.0,0.0,0.0,149
2023-05-11 09:05:08,SR311C6000,白糖2311购6000,825.0,0.0,0.0,0.0,1,566.5,1101.0,10,825.0,0.0,0.0,0.0,0.0,0.0,149
2023-05-11 09:05:09,SR311C6000,白糖2311购6000,825.0,0.0,0.0,0.0,10,567.0,1099.5,1,825.0,0.0,0.0,0.0,0.0,0.0,149
2023-05-11 09:05:09,SR311C6000,白糖2311购6000,825.0,0.0,0.0,0.0,10,567.0,1099.0,10,825.0,0.0,0.0,0.0,0.0,0.0,149
2023-05-11 09:05:13,SR311C6000,白糖2311购6000,825.0,0.0,0.0,0.0,1,568.5,1097.5,1,825.0,0.0,0.0,0.0,0.0,0.0,149
2023-05-11 09:05:13,SR311C6000,白糖2311购6000,825.0,0.0,0.0,0.0,10,569.0,1097.0,10,825.0,0.0,0.0,0.0,0.0,0.0,149
2023-05-11 09:05:14,SR311C6000,白糖2311购6000,825.0,0.0,0.0,0.0,1,570.5,1095.5,1,825.0,0.0,0.0,0.0,0.0,0.0,149
2023-05-11 09:05:14,SR311C6000,白糖2311购6000,825.0,0.0,0.0,0.0,10,571.0,1095.0,10,825.0,0.0,0.0,0.0,0.0,0.0,149
2023-05-11 09:05:17,SR311C6000,白糖2311购6000,825.0,0.0,0.0,0.0,1,572.5,1093.5,1,825.0,0.0,0.0,0.0,0.0,0.0,149
2023-05-11 09:05:17,SR311C6000,白糖2311购6000,825.0,0.0,0.0,0.0,10,573.0,1093.0,10,825.0,0.0,0.0,0.0,0.0,0.0,149
2023-05-11 09:05:18,SR311C6000,白糖2311购6000,825.0,0.0,0.0,0.0,1,574.5,1091.5,1,825.0,0.0,0.0,0.0,0.0,0.0,149
2023-05-11 09:05:18,SR311C6000,白糖2311购6000,825.0,0.0,0.0,0.0,10,575.0,1091.0,10,825.0,0.0,0.0,0.0,0.0,0.0,149
2023-05-11 09:05:19,SR311C6000,白糖2311购6000,825.0,0.0,0.0,0.0,1,576.5,1089.5,1,825.0,0.0,0.0,0.0,0.0,0.0,149
2023-05-11 09:05:19,SR311C6000,白糖2311购6000,825.0,0.0,0.0,0.0,10,577.0,1089.0,10,825.0,0.0,0.0,0.0,0.0,0.0,149
2023-05-11 09:05:22,SR311C6000,白糖2311购6000,825.0,0.0,0.0,0.0,1,578.5,1087.5,1,825.0,0.0,0.0,0.0,0.0,0.0,149
2023-05-11 09:05:22,SR311C6000,白糖2311购6000,825.0,0.0,0.0,0.0,10,579.0,1087.0,10,825.0,0.0,0.0,0.0,0.0,0.0,149
2023-05-11 09:05:23,SR311C6000,白糖2311购6000,825.0,0.0,0.0,0.0,1,580.5,1085.5,1,825.0,0.0,0.0,0.0,0.0,0.0,149
2023-05-11 09:05:23,SR311C6000,白糖2311购6000,825.0,0.0,0.0,0.0,10,581.0,1085.0,10,825.0,0.0,0.0,0.0,0.0,0.0,149
2023-05-11 09:05:24,SR311C6000,白糖2311购6000,825.0,0.0,0.0,0.0,1,582.5,1083.5,1,825.0,0.0,0.0,0.0,0.0,0.0,149
2023-05-11 09:05:24,SR311C6000,白糖2311购6000,825.0,0.0,0.0,0.0,10,583.0,1083.0,10,825.0,0.0,0.0,0.0,0.0,0.0,149
2023-05-11 09:05:25,SR311C6000,白糖2311购6000,825.0,0.0,0.0,0.0,1,584.5,1081.5,1,825.0,0.0,0.0,0.0,0.0,0.0,149
2023-05-11 09:05:25,SR311C6000,白糖2311购6000,825.0,0.0,0.0,0.0,10,585.0,1081.0,10,825.0,0.0,0.0,0.0,0.0,0.0,149
2023-05-11 09:05:29,SR311C6000,白糖2311购6000,825.0,0.0,0.0,0.0,1,586.5,1079.5,1,825.0,0.0,0.0,0.0,0.0,0.0,149
2023-05-11 09:05:29,SR311C6000,白糖2311购6000,825.0,0.0,0.0,0.0,10,587.0,1079.0,10,825.0,0.0,0.0,0.0,0.0,0.0,149
2023-05-11 09:05:30,SR311C6000,白糖2311购6000,825.0,0.0,0.0,0.0,1,588.5,1079.0,10,825.0,0.0,0.0,0.0,0.0,0.0,149
2023-05-11 09:05:30,SR311C6000,白糖2311购6000,825.0,0.0,0.0,0.0,10,589.0,1077.5,1,825.0,0.0,0.0,0.0,0.0,0.0,149
2023-05-11 09:05:31,SR311C6000,白糖2311购6000,825.0,0.0,0.0,0.0,10,589.0,1077.0,10,825.0,0.0,0.0,0.0,0.0,0.0,149
2023-05-11 09:05:31,SR311C6000,白糖2311购6000,825.0,0.0,0.0,0.0,1,590.5,1077.0,10,825.0,0.0,0.0,0.0,0.0,0.0,149
2023-05-11 09:05:32,SR311C6000,白糖2311购6000,825.0,0.0,0.0,0.0,10,591.0,1075.5,1,825.0,0.0,0.0,0.0,0.0,0.0,149
2023-05-11 09:05:32,SR311C6000,白糖2311购6000,825.0,0.0,0.0,0.0,1,592.5,1075.0,10,825.0,0.0,0.0,0.0,0.0,0.0,149
2023-05-11 09:05:33,SR311C6000,白糖2311购6000,825.0,0.0,0.0,0.0,10,593.0,1075.0,10,825.0,0.0,0.0,0.0,0.0,0.0,149
2023-05-11 09:05:33,SR311C6000,白糖2311购6000,825.0,0.0,0.0,0.0,1,594.5,1073.5,1,825.0,0.0,0.0,0.0,0.0,0.0,149
2023-05-11 09:05:33,SR311C6000,白糖2311购6000,825.0,0.0,0.0,0.0,10,595.0,1073.0,10,825.0,0.0,0.0,0.0,0.0,0.0,149
2023-05-11 09:05:33,SR311C6000,白糖2311购6000,825.0,0.0,0.0,0.0,10,593.0,1075.0,10,825.0,0.0,0.0,0.0,0.0,0.0,149
2023-05-11 09:05:33,SR311C6000,白糖2311购6000,825.0,0.0,0.0,0.0,1,594.5,1073.5,1,825.0,0.0,0.0,0.0,0.0,0.0,149
2023-05-11 09:05:33,SR311C6000,白糖2311购6000,825.0,0.0,0.0,0.0,10,595.0,1073.0,10,825.0,0.0,0.0,0.0,0.0,0.0,149
2023-05-11 09:16:01,SR311C6000,白糖2311购6000,825.0,0.0,0.0,0.0,1,596.5,1071.5,1,825.0,0.0,0.0,0.0,0.0,0.0,149
2023-05-11 09:16:01,SR311C6000,白糖2311购6000,825.0,0.0,0.0,0.0,10,597.0,1071.0,10,825.0,0.0,0.0,0.0,0.0,0.0,149
2023-05-11 09:16:02,SR311C6000,白糖2311购6000,825.0,0.0,0.0,0.0,1,598.5,1069.5,1,825.0,0.0,0.0,0.0,0.0,0.0,149
2023-05-11 09:16:02,SR311C6000,白糖2311购6000,825.0,0.0,0.0,0.0,10,599.0,1069.0,10,825.0,0.0,0.0,0.0,0.0,0.0,149
2023-05-11 09:16:03,SR311C6000,白糖2311购6000,825.0,0.0,0.0,0.0,1,600.5,1067.5,1,825.0,0.0,0.0,0.0,0.0,0.0,149
2023-05-11 09:16:03,SR311C6000,白糖2311购6000,825.0,0.0,0.0,0.0,10,601.0,1067.0,10,825.0,0.0,0.0,0.0,0.0,0.0,149
2023-05-11 09:16:04,SR311C6000,白糖2311购6000,825.0,0.0,0.0,0.0,1,602.5,1065.5,1,825.0,0.0,0.0,0.0,0.0,0.0,149
2023-05-11 09:16:04,SR311C6000,白糖2311购6000,825.0,0.0,0.0,0.0,10,603.0,1065.0,10,825.0,0.0,0.0,0.0,0.0,0.0,149
2023-05-11 09:16:05,SR311C6000,白糖2311购6000,825.0,0.0,0.0,0.0,1,604.5,1063.5,1,825.0,0.0,0.0,0.0,0.0,0.0,149
2023-05-11 09:16:05,SR311C6000,白糖2311购6000,825.0,0.0,0.0,0.0,10,605.0,1063.0,10,825.0,0.0,0.0,0.0,0.0,0.0,149
2023-05-11 09:36:01,SR311C6000,白糖2311购6000,825.0,0.0,0.0,0.0,1,606.5,1061.5,1,825.0,0.0,0.0,0.0,0.0,0.0,149
2023-05-11 09:36:01,SR311C6000,白糖2311购6000,825.0,0.0,0.0,0.0,10,607.0,1061.0,10,825.0,0.0,0.0,0.0,0.0,0.0,149
2023-05-11 09:36:02,SR311C6000,白糖2311购6000,825.0,0.0,0.0,0.0,1,608.5,1059.5,1,825.0,0.0,0.0,0.0,0.0,0.0,149
2023-05-11 09:36:02,SR311C6000,白糖2311购6000,825.0,0.0,0.0,0.0,10,609.0,1059.0,10,825.0,0.0,0.0,0.0,0.0,0.0,149
2023-05-11 09:36:03,SR311C6000,白糖2311购6000,825.0,0.0,0.0,0.0,1,610.5,1057.5,1,825.0,0.0,0.0,0.0,0.0,0.0,149
2023-05-11 09:36:03,SR311C6000,白糖2311购6000,825.0,0.0,0.0,0.0,10,611.0,1057.0,10,825.0,0.0,0.0,0.0,0.0,0.0,149
2023-05-11 09:36:04,SR311C6000,白糖2311购6000,825.0,0.0,0.0,0.0,1,612.5,1055.5,1,825.0,0.0,0.0,0.0,0.0,0.0,149
2023-05-11 09:36:04,SR311C6000,白糖2311购6000,825.0,0.0,0.0,0.0,10,613.0,1055.0,10,825.0,0.0,0.0,0.0,0.0,0.0,149
2023-05-11 09:36:05,SR311C6000,白糖2311购6000,825.0,0.0,0.0,0.0,1,614.5,1053.5,1,825.0,0.0,0.0,0.0,0.0,0.0,149
2023-05-11 09:36:05,SR311C6000,白糖2311购6000,825.0,0.0,0.0,0.0,10,615.0,1053.0,10,825.0,0.0,0.0,0.0,0.0,0.0,149
2023-05-11 09:56:01,SR311C6000,白糖2311购6000,825.0,0.0,0.0,0.0,1,616.5,1051.5,1,825.0,0.0,0.0,0.0,0.0,0.0,149
2023-05-11 09:56:01,SR311C6000,白糖2311购6000,825.0,0.0,0.0,0.0,10,617.0,1051.0,10,825.0,0.0,0.0,0.0,0.0,0.0,149
2023-05-11 09:56:02,SR311C6000,白糖2311购6000,825.0,0.0,0.0,0.0,1,618.5,1049.5,1,825.0,0.0,0.0,0.0,0.0,0.0,149
2023-05-11 09:56:02,SR311C6000,白糖2311购6000,825.0,0.0,0.0,0.0,10,619.0,1049.0,10,825.0,0.0,0.0,0.0,0.0,0.0,149
2023-05-11 09:56:03,SR311C6000,白糖2311购6000,825.0,0.0,0.0,0.0,1,620.5,1047.5,1,825.0,0.0,0.0,0.0,0.0,0.0,149
2023-05-11 09:56:03,SR311C6000,白糖2311购6000,825.0,0.0,0.0,0.0,10,621.0,1047.0,10,825.0,0.0,0.0,0.0,0.0,0.0,149
2023-05-11 09:56:04,SR311C6000,白糖2311购6000,825.0,0.0,0.0,0.0,1,622.5,1045.5,1,825.0,0.0,0.0,0.0,0.0,0.0,149
2023-05-11 09:56:04,SR311C6000,白糖2311购6000,825.0,0.0,0.0,0.0,10,623.0,1045.0,10,825.0,0.0,0.0,0.0,0.0,0.0,149
2023-05-11 09:56:05,SR311C6000,白糖2311购6000,825.0,0.0,0.0,0.0,1,624.5,1043.5,1,825.0,0.0,0.0,0.0,0.0,0.0,149
2023-05-11 09:56:05,SR311C6000,白糖2311购6000,825.0,0.0,0.0,0.0,10,625.0,1043.0,10,825.0,0.0,0.0,0.0,0.0,0.0,149
2023-05-11 10:14:33,SR311C6000,白糖2311购6000,825.0,0.0,0.0,0.0,0,0.0,0.0,0,825.0,0.0,0.0,0.0,0.0,0.0,149
2023-05-11 10:32:05,SR311C6000,白糖2311购6000,825.0,0.0,0.0,0.0,10,419.0,0.0,0,825.0,0.0,0.0,0.0,0.0,0.0,149
2023-05-11 10:32:06,SR311C6000,白糖2311购6000,825.0,0.0,0.0,0.0,1,420.5,0.0,0,825.0,0.0,0.0,0.0,0.0,0.0,149
2023-05-11 10:32:06,SR311C6000,白糖2311购6000,825.0,0.0,0.0,0.0,10,421.0,0.0,0,825.0,0.0,0.0,0.0,0.0,0.0,149
2023-05-11 10:32:08,SR311C6000,白糖2311购6000,825.0,0.0,0.0,0.0,10,421.0,1231.0,10,825.0,0.0,0.0,0.0,0.0,0.0,149
2023-05-11 10:32:09,SR311C6000,白糖2311购6000,825.0,0.0,0.0,0.0,1,422.5,1231.0,10,825.0,0.0,0.0,0.0,0.0,0.0,149
2023-05-11 10:32:09,SR311C6000,白糖2311购6000,825.0,0.0,0.0,0.0,10,423.0,1231.0,10,825.0,0.0,0.0,0.0,0.0,0.0,149
2023-05-11 10:32:10,SR311C6000,白糖2311购6000,825.0,0.0,0.0,0.0,1,424.5,1229.5,1,825.0,0.0,0.0,0.0,0.0,0.0,149
2023-05-11 10:32:10,SR311C6000,白糖2311购6000,825.0,0.0,0.0,0.0,10,425.0,1229.0,10,825.0,0.0,0.0,0.0,0.0,0.0,149
2023-05-11 10:32:11,SR311C6000,白糖2311购6000,825.0,0.0,0.0,0.0,1,426.5,1227.5,1,825.0,0.0,0.0,0.0,0.0,0.0,149
2023-05-11 10:32:11,SR311C6000,白糖2311购6000,825.0,0.0,0.0,0.0,10,427.0,1227.0,10,825.0,0.0,0.0,0.0,0.0,0.0,149
2023-05-11 11:29:33,SR311C6000,白糖2311购6000,825.0,0.0,0.0,0.0,0,0.0,0.0,0,825.0,0.0,0.0,0.0,0.0,0.0,149
