time,symbol_id,symbol_name,last,trade_volume,trade_amount,open_interest_change,bv1,bp1,ap1,av1,yesterday_close,today_open,today_high,today_low,volume,amount,open_interest
2023-05-10 19:12:58,SR311P6000,白糖2311沽6000,30.5,0.0,0.0,-90.0,0,0.0,0.0,0,30.5,30.5,0.0,0.0,0.0,0.0,994
2023-05-10 20:59:00,SR311P6000,白糖2311沽6000,30.5,0.0,0.0,0.0,18,9.0,0.0,0,30.5,30.5,0.0,0.0,0.0,0.0,994
2023-05-10 21:00:00,SR311P6000,白糖2311沽6000,30.5,0.0,0.0,0.0,10,12.0,0.0,0,30.5,30.5,0.0,0.0,0.0,0.0,994
2023-05-10 21:00:01,SR311P6000,白糖2311沽6000,30.5,0.0,0.0,0.0,11,25.5,166.0,11,30.5,30.5,0.0,0.0,0.0,0.0,994
2023-05-10 21:00:02,SR311P6000,白糖2311沽6000,30.5,0.0,0.0,0.0,11,25.5,163.0,10,30.5,30.5,0.0,0.0,0.0,0.0,994
2023-05-10 21:00:03,SR311P6000,白糖2311沽6000,30.5,0.0,0.0,0.0,11,25.5,162.5,10,30.5,30.5,0.0,0.0,0.0,0.0,994
2023-05-10 21:00:03,SR311P6000,白糖2311沽6000,30.5,0.0,0.0,0.0,11,25.5,128.5,11,30.5,30.5,0.0,0.0,0.0,0.0,994
2023-05-10 21:00:04,SR311P6000,白糖2311沽6000,30.5,0.0,0.0,0.0,11,25.5,128.0,10,30.5,30.5,0.0,0.0,0.0,0.0,994
2023-05-10 21:00:05,SR311P6000,白糖2311沽6000,30.5,0.0,0.0,0.0,11,25.5,93.5,11,30.5,30.5,0.0,0.0,0.0,0.0,994
2023-05-10 21:00:06,SR311P6000,白糖2311沽6000,30.5,0.0,0.0,0.0,11,25.5,93.0,10,30.5,30.5,0.0,0.0,0.0,0.0,994
2023-05-10 21:00:07,SR311P6000,白糖2311沽6000,30.5,0.0,0.0,0.0,11,25.5,58.5,11,30.5,30.5,0.0,0.0,0.0,0.0,994
2023-05-10 21:00:07,SR311P6000,白糖2311沽6000,30.5,0.0,0.0,0.0,11,25.5,58.0,10,30.5,30.5,0.0,0.0,0.0,0.0,994
2023-05-10 21:00:08,SR311P6000,白糖2311沽6000,30.5,0.0,0.0,0.0,11,25.5,34.5,11,30.5,30.5,0.0,0.0,0.0,0.0,994
2023-05-10 21:01:09,SR311P6000,白糖2311沽6000,30.5,0.0,0.0,0.0,7,28.5,31.0,7,30.5,30.5,0.0,0.0,0.0,0.0,994
2023-05-10 21:01:33,SR311P6000,白糖2311沽6000,30.5,0.0,0.0,0.0,20,29.0,31.0,27,30.5,30.5,0.0,0.0,0.0,0.0,994
2023-05-10 21:01:34,SR311P6000,白糖2311沽6000,30.5,0.0,0.0,0.0,20,29.0,30.5,7,30.5,30.5,0.0,0.0,0.0,0.0,994
2023-05-10 21:01:34,SR311P6000,白糖2311沽6000,30.5,0.0,0.0,0.0,37,28.5,30.5,7,30.5,30.5,0.0,0.0,0.0,0.0,994
2023-05-10 21:01:35,SR311P6000,白糖2311沽6000,30.5,0.0,0.0,0.0,37,28.5,30.5,27,30.5,30.5,0.0,0.0,0.0,0.0,994
2023-05-10 21:01:35,SR311P6000,白糖2311沽6000,30.5,0.0,0.0,0.0,20,29.0,30.5,7,30.5,30.5,0.0,0.0,0.0,0.0,994
2023-05-10 21:01:37,SR311P6000,白糖2311沽6000,30.5,0.0,0.0,0.0,37,28.5,30.5,7,30.5,30.5,0.0,0.0,0.0,0.0,994
2023-05-10 21:02:06,SR311P6000,白糖2311沽6000,30.5,0.0,0.0,0.0,17,28.5,30.5,27,30.5,30.5,0.0,0.0,0.0,0.0,994
2023-05-10 21:02:06,SR311P6000,白糖2311沽6000,30.5,0.0,0.0,0.0,7,28.5,30.5,7,30.5,30.5,0.0,0.0,0.0,0.0,994
2023-05-10 21:02:18,SR311P6000,白糖2311沽6000,30.5,0.0,0.0,0.0,17,28.5,30.0,10,30.5,30.5,0.0,0.0,0.0,0.0,994
2023-05-10 21:02:18,SR311P6000,白糖2311沽6000,30.5,0.0,0.0,0.0,17,28.5,30.0,20,30.5,30.5,0.0,0.0,0.0,0.0,994
2023-05-10 21:02:44,SR311P6000,白糖2311沽6000,30.5,0.0,0.0,0.0,7,29.0,30.0,20,30.5,30.5,0.0,0.0,0.0,0.0,994
2023-05-10 21:02:45,SR311P6000,白糖2311沽6000,30.5,0.0,0.0,0.0,17,29.0,30.0,20,30.5,30.5,0.0,0.0,0.0,0.0,994
2023-05-10 21:02:50,SR311P6000,白糖2311沽6000,30.5,0.0,0.0,0.0,7,29.0,30.0,10,30.5,30.5,0.0,0.0,0.0,0.0,994
2023-05-10 21:02:50,SR311P6000,白糖2311沽6000,30.5,0.0,0.0,0.0,7,29.0,30.5,7,30.5,30.5,0.0,0.0,0.0,0.0,994
2023-05-10 21:02:52,SR311P6000,白糖2311沽6000,30.5,0.0,0.0,0.0,7,29.0,30.5,17,30.5,30.5,0.0,0.0,0.0,0.0,994
2023-05-10 21:02:55,SR311P6000,白糖2311沽6000,30.5,0.0,0.0,0.0,27,29.0,30.5,17,30.5,30.5,0.0,0.0,0.0,0.0,994
2023-05-10 21:02:57,SR311P6000,白糖2311沽6000,30.5,0.0,0.0,0.0,7,29.0,30.5,17,30.5,30.5,0.0,0.0,0.0,0.0,994
2023-05-10 21:02:57,SR311P6000,白糖2311沽6000,30.5,0.0,0.0,0.0,27,29.0,30.5,17,30.5,30.5,0.0,0.0,0.0,0.0,994
2023-05-10 21:02:58,SR311P6000,白糖2311沽6000,30.5,0.0,0.0,0.0,7,29.0,30.5,17,30.5,30.5,0.0,0.0,0.0,0.0,994
2023-05-10 21:02:59,SR311P6000,白糖2311沽6000,30.5,0.0,0.0,0.0,7,29.0,30.5,37,30.5,30.5,0.0,0.0,0.0,0.0,994
2023-05-10 21:03:01,SR311P6000,白糖2311沽6000,30.5,0.0,0.0,0.0,7,29.0,30.5,17,30.5,30.5,0.0,0.0,0.0,0.0,994
2023-05-10 21:03:02,SR311P6000,白糖2311沽6000,30.5,0.0,0.0,0.0,7,29.0,30.5,37,30.5,30.5,0.0,0.0,0.0,0.0,994
2023-05-10 21:03:02,SR311P6000,白糖2311沽6000,30.5,0.0,0.0,0.0,27,29.0,30.5,17,30.5,30.5,0.0,0.0,0.0,0.0,994
2023-05-10 21:03:05,SR311P6000,白糖2311沽6000,30.5,0.0,0.0,0.0,7,29.0,30.5,37,30.5,30.5,0.0,0.0,0.0,0.0,994
2023-05-10 21:03:07,SR311P6000,白糖2311沽6000,30.5,0.0,0.0,0.0,27,29.0,30.5,17,30.5,30.5,0.0,0.0,0.0,0.0,994
2023-05-10 21:03:07,SR311P6000,白糖2311沽6000,30.5,0.0,0.0,0.0,7,29.0,30.5,37,30.5,30.5,0.0,0.0,0.0,0.0,994
2023-05-10 21:03:11,SR311P6000,白糖2311沽6000,30.5,0.0,0.0,0.0,27,29.0,30.5,17,30.5,30.5,0.0,0.0,0.0,0.0,994
2023-05-10 21:03:12,SR311P6000,白糖2311沽6000,30.5,0.0,0.0,0.0,7,29.0,30.5,17,30.5,30.5,0.0,0.0,0.0,0.0,994
2023-05-10 21:03:14,SR311P6000,白糖2311沽6000,30.5,0.0,0.0,0.0,27,29.0,30.5,17,30.5,30.5,0.0,0.0,0.0,0.0,994
2023-05-10 21:03:15,SR311P6000,白糖2311沽6000,30.5,0.0,0.0,0.0,27,29.0,30.5,37,30.5,30.5,0.0,0.0,0.0,0.0,994
2023-05-10 21:03:17,SR311P6000,白糖2311沽6000,30.5,0.0,0.0,0.0,7,29.0,30.5,37,30.5,30.5,0.0,0.0,0.0,0.0,994
2023-05-10 21:03:18,SR311P6000,白糖2311沽6000,30.5,0.0,0.0,0.0,27,29.0,30.5,37,30.5,30.5,0.0,0.0,0.0,0.0,994
2023-05-10 21:03:19,SR311P6000,白糖2311沽6000,30.5,0.0,0.0,0.0,7,29.0,30.5,37,30.5,30.5,0.0,0.0,0.0,0.0,994
2023-05-10 21:03:19,SR311P6000,白糖2311沽6000,30.5,0.0,0.0,0.0,27,29.0,30.5,17,30.5,30.5,0.0,0.0,0.0,0.0,994
2023-05-10 21:03:24,SR311P6000,白糖2311沽6000,30.5,0.0,0.0,0.0,37,29.0,30.5,17,30.5,30.5,0.0,0.0,0.0,0.0,994
2023-05-10 21:03:31,SR311P6000,白糖2311沽6000,30.5,0.0,0.0,0.0,47,29.0,30.5,17,30.5,30.5,0.0,0.0,0.0,0.0,994
2023-05-10 21:03:33,SR311P6000,白糖2311沽6000,30.5,0.0,0.0,0.0,27,29.0,30.5,37,30.5,30.5,0.0,0.0,0.0,0.0,994
2023-05-10 21:03:33,SR311P6000,白糖2311沽6000,30.5,0.0,0.0,0.0,37,29.0,30.5,17,30.5,30.5,0.0,0.0,0.0,0.0,994
2023-05-10 21:03:45,SR311P6000,白糖2311沽6000,30.5,0.0,0.0,0.0,20,29.5,30.5,27,30.5,30.5,0.0,0.0,0.0,0.0,994
2023-05-10 21:03:47,SR311P6000,白糖2311沽6000,30.5,0.0,0.0,0.0,20,29.5,30.5,10,30.5,30.5,0.0,0.0,0.0,0.0,994
2023-05-10 21:03:48,SR311P6000,白糖2311沽6000,30.5,0.0,0.0,0.0,20,29.5,30.5,20,30.5,30.5,0.0,0.0,0.0,0.0,994
2023-05-10 21:03:50,SR311P6000,白糖2311沽6000,30.5,0.0,0.0,0.0,27,29.5,30.5,20,30.5,30.5,0.0,0.0,0.0,0.0,994
2023-05-10 21:03:50,SR311P6000,白糖2311沽6000,30.5,0.0,0.0,0.0,27,29.5,30.5,10,30.5,30.5,0.0,0.0,0.0,0.0,994
2023-05-10 21:03:51,SR311P6000,白糖2311沽6000,30.5,0.0,0.0,0.0,27,29.5,30.5,20,30.5,30.5,0.0,0.0,0.0,0.0,994
2023-05-10 21:03:51,SR311P6000,白糖2311沽6000,30.5,0.0,0.0,0.0,27,29.5,30.5,10,30.5,30.5,0.0,0.0,0.0,0.0,994
2023-05-10 21:03:52,SR311P6000,白糖2311沽6000,30.5,0.0,0.0,0.0,27,29.5,30.5,20,30.5,30.5,0.0,0.0,0.0,0.0,994
2023-05-10 21:03:52,SR311P6000,白糖2311沽6000,30.5,0.0,0.0,0.0,27,29.5,30.5,10,30.5,30.5,0.0,0.0,0.0,0.0,994
2023-05-10 21:03:57,SR311P6000,白糖2311沽6000,30.5,0.0,0.0,0.0,47,29.5,30.5,10,30.5,30.5,0.0,0.0,0.0,0.0,994
2023-05-10 21:03:58,SR311P6000,白糖2311沽6000,30.5,0.0,0.0,0.0,27,29.5,30.5,10,30.5,30.5,0.0,0.0,0.0,0.0,994
2023-05-10 21:04:48,SR311P6000,白糖2311沽6000,30.5,10.0,305.0,0.0,17,29.5,31.0,27,30.5,30.5,30.5,30.5,10.0,305.0,994
2023-05-10 21:04:48,SR311P6000,白糖2311沽6000,30.5,0.0,0.0,0.0,17,29.5,31.0,17,30.5,30.5,30.5,30.5,10.0,305.0,994
2023-05-10 21:04:53,SR311P6000,白糖2311沽6000,30.5,0.0,0.0,0.0,27,29.5,31.0,27,30.5,30.5,30.5,30.5,10.0,305.0,994
2023-05-10 21:05:03,SR311P6000,白糖2311沽6000,30.5,0.0,0.0,0.0,27,29.5,31.0,20,30.5,30.5,30.5,30.5,10.0,305.0,994
2023-05-10 21:05:06,SR311P6000,白糖2311沽6000,30.5,0.0,0.0,0.0,7,30.0,31.0,20,30.5,30.5,30.5,30.5,10.0,305.0,994
2023-05-10 21:05:06,SR311P6000,白糖2311沽6000,30.5,0.0,0.0,0.0,17,30.0,31.0,20,30.5,30.5,30.5,30.5,10.0,305.0,994
2023-05-10 21:05:10,SR311P6000,白糖2311沽6000,30.5,0.0,0.0,0.0,17,30.0,31.0,10,30.5,30.5,30.5,30.5,10.0,305.0,994
2023-05-10 21:05:10,SR311P6000,白糖2311沽6000,30.5,0.0,0.0,0.0,17,30.0,31.0,20,30.5,30.5,30.5,30.5,10.0,305.0,994
2023-05-10 21:05:11,SR311P6000,白糖2311沽6000,30.5,0.0,0.0,0.0,17,30.0,31.0,10,30.5,30.5,30.5,30.5,10.0,305.0,994
2023-05-10 21:05:11,SR311P6000,白糖2311沽6000,30.5,0.0,0.0,0.0,17,30.0,31.0,20,30.5,30.5,30.5,30.5,10.0,305.0,994
2023-05-10 21:05:12,SR311P6000,白糖2311沽6000,30.5,0.0,0.0,0.0,17,30.0,31.0,30,30.5,30.5,30.5,30.5,10.0,305.0,994
2023-05-10 21:05:13,SR311P6000,白糖2311沽6000,30.5,0.0,0.0,0.0,17,30.0,31.0,20,30.5,30.5,30.5,30.5,10.0,305.0,994
2023-05-10 21:05:13,SR311P6000,白糖2311沽6000,30.5,0.0,0.0,0.0,17,30.0,31.0,10,30.5,30.5,30.5,30.5,10.0,305.0,994
2023-05-10 21:05:16,SR311P6000,白糖2311沽6000,30.5,0.0,0.0,0.0,17,30.0,31.0,20,30.5,30.5,30.5,30.5,10.0,305.0,994
2023-05-10 21:05:16,SR311P6000,白糖2311沽6000,30.5,0.0,0.0,0.0,17,30.0,31.0,30,30.5,30.5,30.5,30.5,10.0,305.0,994
2023-05-10 21:05:17,SR311P6000,白糖2311沽6000,30.5,0.0,0.0,0.0,17,30.0,31.0,20,30.5,30.5,30.5,30.5,10.0,305.0,994
2023-05-10 21:05:17,SR311P6000,白糖2311沽6000,30.5,0.0,0.0,0.0,17,30.0,31.0,30,30.5,30.5,30.5,30.5,10.0,305.0,994
2023-05-10 21:05:18,SR311P6000,白糖2311沽6000,30.5,0.0,0.0,0.0,17,30.0,31.0,20,30.5,30.5,30.5,30.5,10.0,305.0,994
2023-05-10 21:05:20,SR311P6000,白糖2311沽6000,30.5,0.0,0.0,0.0,17,30.0,31.0,10,30.5,30.5,30.5,30.5,10.0,305.0,994
2023-05-10 21:05:32,SR311P6000,白糖2311沽6000,30.5,0.0,0.0,0.0,27,30.0,31.0,10,30.5,30.5,30.5,30.5,10.0,305.0,994
2023-05-10 21:05:51,SR311P6000,白糖2311沽6000,30.5,0.0,0.0,0.0,27,30.0,31.0,20,30.5,30.5,30.5,30.5,10.0,305.0,994
2023-05-10 21:05:55,SR311P6000,白糖2311沽6000,30.5,0.0,0.0,0.0,17,30.0,31.0,20,30.5,30.5,30.5,30.5,10.0,305.0,994
2023-05-10 21:05:58,SR311P6000,白糖2311沽6000,30.5,0.0,0.0,0.0,17,30.0,31.0,10,30.5,30.5,30.5,30.5,10.0,305.0,994
2023-05-10 21:05:59,SR311P6000,白糖2311沽6000,30.5,0.0,0.0,0.0,27,30.0,31.0,20,30.5,30.5,30.5,30.5,10.0,305.0,994
2023-05-10 21:06:05,SR311P6000,白糖2311沽6000,30.5,0.0,0.0,0.0,37,30.0,31.0,20,30.5,30.5,30.5,30.5,10.0,305.0,994
2023-05-10 21:06:05,SR311P6000,白糖2311沽6000,30.5,0.0,0.0,0.0,27,30.0,31.0,20,30.5,30.5,30.5,30.5,10.0,305.0,994
2023-05-10 21:06:29,SR311P6000,白糖2311沽6000,30.5,0.0,0.0,0.0,27,30.0,31.0,30,30.5,30.5,30.5,30.5,10.0,305.0,994
2023-05-10 21:06:31,SR311P6000,白糖2311沽6000,30.5,0.0,0.0,0.0,27,30.0,31.0,20,30.5,30.5,30.5,30.5,10.0,305.0,994
2023-05-10 21:06:54,SR311P6000,白糖2311沽6000,30.5,0.0,0.0,0.0,27,30.0,31.0,30,30.5,30.5,30.5,30.5,10.0,305.0,994
2023-05-10 21:06:58,SR311P6000,白糖2311沽6000,30.5,0.0,0.0,0.0,27,30.0,31.0,20,30.5,30.5,30.5,30.5,10.0,305.0,994
2023-05-10 21:06:58,SR311P6000,白糖2311沽6000,30.5,0.0,0.0,0.0,27,30.0,31.0,30,30.5,30.5,30.5,30.5,10.0,305.0,994
2023-05-10 21:06:59,SR311P6000,白糖2311沽6000,30.5,0.0,0.0,0.0,27,30.0,31.0,20,30.5,30.5,30.5,30.5,10.0,305.0,994
2023-05-10 21:07:03,SR311P6000,白糖2311沽6000,30.5,0.0,0.0,0.0,37,30.0,31.0,20,30.5,30.5,30.5,30.5,10.0,305.0,994
2023-05-10 21:07:04,SR311P6000,白糖2311沽6000,30.5,0.0,0.0,0.0,27,30.0,31.0,20,30.5,30.5,30.5,30.5,10.0,305.0,994
2023-05-10 21:07:05,SR311P6000,白糖2311沽6000,30.5,0.0,0.0,0.0,37,30.0,31.0,20,30.5,30.5,30.5,30.5,10.0,305.0,994
2023-05-10 21:07:06,SR311P6000,白糖2311沽6000,30.5,0.0,0.0,0.0,27,30.0,31.0,20,30.5,30.5,30.5,30.5,10.0,305.0,994
2023-05-10 21:07:07,SR311P6000,白糖2311沽6000,30.5,0.0,0.0,0.0,37,30.0,31.0,20,30.5,30.5,30.5,30.5,10.0,305.0,994
2023-05-10 21:07:07,SR311P6000,白糖2311沽6000,30.5,0.0,0.0,0.0,27,30.0,31.0,20,30.5,30.5,30.5,30.5,10.0,305.0,994
2023-05-10 21:07:10,SR311P6000,白糖2311沽6000,30.5,0.0,0.0,0.0,37,30.0,31.0,20,30.5,30.5,30.5,30.5,10.0,305.0,994
2023-05-10 21:07:14,SR311P6000,白糖2311沽6000,30.5,0.0,0.0,0.0,27,30.0,31.0,20,30.5,30.5,30.5,30.5,10.0,305.0,994
2023-05-10 21:07:17,SR311P6000,白糖2311沽6000,30.5,0.0,0.0,0.0,37,30.0,31.0,20,30.5,30.5,30.5,30.5,10.0,305.0,994
2023-05-10 21:07:19,SR311P6000,白糖2311沽6000,30.5,0.0,0.0,0.0,47,30.0,31.0,20,30.5,30.5,30.5,30.5,10.0,305.0,994
2023-05-10 21:07:19,SR311P6000,白糖2311沽6000,30.5,0.0,0.0,0.0,37,30.0,31.0,20,30.5,30.5,30.5,30.5,10.0,305.0,994
2023-05-10 21:07:40,SR311P6000,白糖2311沽6000,30.5,0.0,0.0,0.0,47,30.0,31.0,20,30.5,30.5,30.5,30.5,10.0,305.0,994
2023-05-10 21:07:41,SR311P6000,白糖2311沽6000,30.5,0.0,0.0,0.0,27,30.0,31.0,20,30.5,30.5,30.5,30.5,10.0,305.0,994
2023-05-10 21:07:50,SR311P6000,白糖2311沽6000,30.5,0.0,0.0,0.0,37,30.0,31.0,20,30.5,30.5,30.5,30.5,10.0,305.0,994
2023-05-10 21:07:55,SR311P6000,白糖2311沽6000,30.5,0.0,0.0,0.0,47,30.0,31.0,20,30.5,30.5,30.5,30.5,10.0,305.0,994
2023-05-10 21:08:16,SR311P6000,白糖2311沽6000,30.5,0.0,0.0,0.0,47,30.0,31.0,30,30.5,30.5,30.5,30.5,10.0,305.0,994
2023-05-10 21:08:24,SR311P6000,白糖2311沽6000,30.5,0.0,0.0,0.0,47,30.0,31.0,40,30.5,30.5,30.5,30.5,10.0,305.0,994
2023-05-10 21:08:24,SR311P6000,白糖2311沽6000,30.5,0.0,0.0,0.0,47,30.0,31.0,30,30.5,30.5,30.5,30.5,10.0,305.0,994
2023-05-10 21:08:45,SR311P6000,白糖2311沽6000,30.5,0.0,0.0,0.0,47,30.0,31.0,20,30.5,30.5,30.5,30.5,10.0,305.0,994
2023-05-10 21:08:49,SR311P6000,白糖2311沽6000,30.5,0.0,0.0,0.0,37,30.0,31.0,40,30.5,30.5,30.5,30.5,10.0,305.0,994
2023-05-10 21:08:50,SR311P6000,白糖2311沽6000,30.5,0.0,0.0,0.0,47,30.0,31.0,40,30.5,30.5,30.5,30.5,10.0,305.0,994
2023-05-10 21:08:52,SR311P6000,白糖2311沽6000,30.5,0.0,0.0,0.0,47,30.0,31.0,30,30.5,30.5,30.5,30.5,10.0,305.0,994
2023-05-10 21:09:01,SR311P6000,白糖2311沽6000,30.5,0.0,0.0,0.0,47,30.0,31.0,50,30.5,30.5,30.5,30.5,10.0,305.0,994
2023-05-10 21:09:01,SR311P6000,白糖2311沽6000,30.5,0.0,0.0,0.0,57,30.0,31.0,50,30.5,30.5,30.5,30.5,10.0,305.0,994
2023-05-10 21:09:02,SR311P6000,白糖2311沽6000,30.5,0.0,0.0,0.0,57,30.0,31.0,40,30.5,30.5,30.5,30.5,10.0,305.0,994
2023-05-10 21:09:02,SR311P6000,白糖2311沽6000,30.5,0.0,0.0,0.0,57,30.0,31.0,30,30.5,30.5,30.5,30.5,10.0,305.0,994
2023-05-10 21:09:08,SR311P6000,白糖2311沽6000,30.5,0.0,0.0,0.0,57,30.0,31.0,20,30.5,30.5,30.5,30.5,10.0,305.0,994
2023-05-10 21:09:20,SR311P6000,白糖2311沽6000,30.5,0.0,0.0,0.0,57,30.0,31.0,30,30.5,30.5,30.5,30.5,10.0,305.0,994
2023-05-10 21:09:21,SR311P6000,白糖2311沽6000,30.5,0.0,0.0,0.0,57,30.0,31.0,20,30.5,30.5,30.5,30.5,10.0,305.0,994
2023-05-10 21:09:22,SR311P6000,白糖2311沽6000,30.5,0.0,0.0,0.0,57,30.0,31.0,30,30.5,30.5,30.5,30.5,10.0,305.0,994
2023-05-10 21:09:24,SR311P6000,白糖2311沽6000,30.5,0.0,0.0,0.0,57,30.0,31.0,20,30.5,30.5,30.5,30.5,10.0,305.0,994
2023-05-10 21:09:24,SR311P6000,白糖2311沽6000,30.5,0.0,0.0,0.0,57,30.0,31.0,30,30.5,30.5,30.5,30.5,10.0,305.0,994
2023-05-10 21:09:35,SR311P6000,白糖2311沽6000,30.5,0.0,0.0,0.0,67,30.0,31.0,20,30.5,30.5,30.5,30.5,10.0,305.0,994
2023-05-10 21:09:58,SR311P6000,白糖2311沽6000,30.5,0.0,0.0,0.0,77,30.0,31.0,20,30.5,30.5,30.5,30.5,10.0,305.0,994
2023-05-10 21:10:07,SR311P6000,白糖2311沽6000,30.5,0.0,0.0,0.0,87,30.0,31.0,20,30.5,30.5,30.5,30.5,10.0,305.0,994
2023-05-10 21:10:09,SR311P6000,白糖2311沽6000,30.5,0.0,0.0,0.0,77,30.0,31.0,20,30.5,30.5,30.5,30.5,10.0,305.0,994
2023-05-10 21:10:09,SR311P6000,白糖2311沽6000,30.5,0.0,0.0,0.0,87,30.0,31.0,20,30.5,30.5,30.5,30.5,10.0,305.0,994
2023-05-10 21:10:11,SR311P6000,白糖2311沽6000,30.5,0.0,0.0,0.0,107,30.0,31.0,20,30.5,30.5,30.5,30.5,10.0,305.0,994
2023-05-10 21:10:11,SR311P6000,白糖2311沽6000,30.5,0.0,0.0,0.0,87,30.0,31.0,20,30.5,30.5,30.5,30.5,10.0,305.0,994
2023-05-10 21:10:13,SR311P6000,白糖2311沽6000,30.5,0.0,0.0,0.0,77,30.0,31.0,20,30.5,30.5,30.5,30.5,10.0,305.0,994
2023-05-10 21:10:14,SR311P6000,白糖2311沽6000,30.5,0.0,0.0,0.0,87,30.0,31.0,20,30.5,30.5,30.5,30.5,10.0,305.0,994
2023-05-10 21:10:15,SR311P6000,白糖2311沽6000,30.5,0.0,0.0,0.0,77,30.0,31.0,20,30.5,30.5,30.5,30.5,10.0,305.0,994
2023-05-10 21:10:16,SR311P6000,白糖2311沽6000,30.5,0.0,0.0,0.0,87,30.0,31.0,20,30.5,30.5,30.5,30.5,10.0,305.0,994
2023-05-10 21:10:17,SR311P6000,白糖2311沽6000,31.0,1.0,30.5,0.0,77,30.0,31.0,10,30.5,30.5,31.0,30.5,11.0,335.5,994
2023-05-10 21:10:18,SR311P6000,白糖2311沽6000,31.0,0.0,0.0,0.0,77,30.0,31.5,47,30.5,30.5,31.0,30.5,11.0,335.5,994
2023-05-10 21:10:22,SR311P6000,白糖2311沽6000,31.0,0.0,0.0,0.0,87,30.0,31.5,57,30.5,30.5,31.0,30.5,11.0,335.5,994
2023-05-10 21:10:45,SR311P6000,白糖2311沽6000,31.0,0.0,0.0,0.0,77,30.0,31.5,57,30.5,30.5,31.0,30.5,11.0,335.5,994
2023-05-10 21:10:45,SR311P6000,白糖2311沽6000,31.0,0.0,0.0,0.0,87,30.0,31.5,57,30.5,30.5,31.0,30.5,11.0,335.5,994
2023-05-10 21:10:51,SR311P6000,白糖2311沽6000,31.0,0.0,0.0,0.0,77,30.0,31.5,57,30.5,30.5,31.0,30.5,11.0,335.5,994
2023-05-10 21:10:52,SR311P6000,白糖2311沽6000,31.0,0.0,0.0,0.0,87,30.0,31.5,57,30.5,30.5,31.0,30.5,11.0,335.5,994
2023-05-10 21:10:58,SR311P6000,白糖2311沽6000,31.0,0.0,0.0,0.0,87,30.0,31.5,47,30.5,30.5,31.0,30.5,11.0,335.5,994
2023-05-10 21:11:05,SR311P6000,白糖2311沽6000,31.0,0.0,0.0,0.0,87,30.0,31.5,57,30.5,30.5,31.0,30.5,11.0,335.5,994
2023-05-10 21:11:14,SR311P6000,白糖2311沽6000,31.0,0.0,0.0,0.0,87,30.0,31.5,47,30.5,30.5,31.0,30.5,11.0,335.5,994
2023-05-10 21:11:15,SR311P6000,白糖2311沽6000,31.0,0.0,0.0,0.0,20,30.5,31.5,47,30.5,30.5,31.0,30.5,11.0,335.5,994
2023-05-10 21:11:16,SR311P6000,白糖2311沽6000,31.0,0.0,0.0,0.0,50,30.5,31.5,47,30.5,30.5,31.0,30.5,11.0,335.5,994
2023-05-10 21:11:17,SR311P6000,白糖2311沽6000,31.0,0.0,0.0,0.0,30,30.5,31.5,47,30.5,30.5,31.0,30.5,11.0,335.5,994
2023-05-10 21:11:19,SR311P6000,白糖2311沽6000,31.0,0.0,0.0,0.0,40,30.5,31.5,47,30.5,30.5,31.0,30.5,11.0,335.5,994
2023-05-10 21:11:19,SR311P6000,白糖2311沽6000,31.0,0.0,0.0,0.0,50,30.5,31.5,47,30.5,30.5,31.0,30.5,11.0,335.5,994
2023-05-10 21:11:20,SR311P6000,白糖2311沽6000,31.0,0.0,0.0,0.0,40,30.5,31.5,47,30.5,30.5,31.0,30.5,11.0,335.5,994
2023-05-10 21:11:23,SR311P6000,白糖2311沽6000,31.0,0.0,0.0,0.0,30,30.5,31.5,47,30.5,30.5,31.0,30.5,11.0,335.5,994
2023-05-10 21:11:28,SR311P6000,白糖2311沽6000,31.0,0.0,0.0,0.0,37,30.5,31.5,47,30.5,30.5,31.0,30.5,11.0,335.5,994
2023-05-10 21:11:28,SR311P6000,白糖2311沽6000,31.5,1.0,30.5,0.0,37,30.5,31.5,36,30.5,30.5,31.5,30.5,12.0,366.0,994
2023-05-10 21:11:29,SR311P6000,白糖2311沽6000,31.5,1.0,30.5,0.0,37,30.5,31.5,35,30.5,30.5,31.5,30.5,13.0,396.5,994
2023-05-10 21:11:33,SR311P6000,白糖2311沽6000,31.5,0.0,0.0,0.0,47,30.5,31.5,35,30.5,30.5,31.5,30.5,13.0,396.5,994
2023-05-10 21:11:33,SR311P6000,白糖2311沽6000,31.5,0.0,0.0,0.0,67,30.5,31.5,30,30.5,30.5,31.5,30.5,13.0,396.5,994
2023-05-10 21:11:34,SR311P6000,白糖2311沽6000,31.5,0.0,0.0,0.0,77,30.5,31.5,20,30.5,30.5,31.5,30.5,13.0,396.5,994
2023-05-10 21:11:35,SR311P6000,白糖2311沽6000,31.5,0.0,0.0,0.0,57,30.5,31.5,20,30.5,30.5,31.5,30.5,13.0,396.5,994
2023-05-10 21:11:38,SR311P6000,白糖2311沽6000,31.5,0.0,0.0,0.0,47,30.5,31.5,20,30.5,30.5,31.5,30.5,13.0,396.5,994
2023-05-10 21:11:39,SR311P6000,白糖2311沽6000,31.5,0.0,0.0,0.0,67,30.5,31.5,20,30.5,30.5,31.5,30.5,13.0,396.5,994
2023-05-10 21:11:39,SR311P6000,白糖2311沽6000,31.5,0.0,0.0,0.0,47,30.5,31.5,20,30.5,30.5,31.5,30.5,13.0,396.5,994
2023-05-10 21:11:43,SR311P6000,白糖2311沽6000,31.5,1.0,37.5,0.0,57,30.5,31.5,10,30.5,30.5,31.5,30.5,14.0,434.0,994
2023-05-10 21:11:43,SR311P6000,白糖2311沽6000,31.5,0.0,0.0,0.0,57,30.5,32.0,87,30.5,30.5,31.5,30.5,14.0,434.0,994
2023-05-10 21:11:46,SR311P6000,白糖2311沽6000,31.5,0.0,0.0,0.0,37,30.5,32.0,87,30.5,30.5,31.5,30.5,14.0,434.0,994
2023-05-10 21:11:47,SR311P6000,白糖2311沽6000,31.5,0.0,0.0,0.0,57,30.5,32.0,87,30.5,30.5,31.5,30.5,14.0,434.0,994
2023-05-10 21:11:48,SR311P6000,白糖2311沽6000,31.5,0.0,0.0,0.0,47,30.5,32.0,97,30.5,30.5,31.5,30.5,14.0,434.0,994
2023-05-10 21:11:49,SR311P6000,白糖2311沽6000,31.5,0.0,0.0,0.0,67,30.5,32.0,97,30.5,30.5,31.5,30.5,14.0,434.0,994
2023-05-10 21:11:55,SR311P6000,白糖2311沽6000,31.5,0.0,0.0,0.0,47,30.5,32.0,97,30.5,30.5,31.5,30.5,14.0,434.0,994
2023-05-10 21:11:55,SR311P6000,白糖2311沽6000,31.5,0.0,0.0,0.0,67,30.5,32.0,97,30.5,30.5,31.5,30.5,14.0,434.0,994
2023-05-10 21:11:56,SR311P6000,白糖2311沽6000,31.5,0.0,0.0,0.0,67,30.5,32.0,77,30.5,30.5,31.5,30.5,14.0,434.0,994
2023-05-10 21:11:57,SR311P6000,白糖2311沽6000,31.5,0.0,0.0,0.0,77,30.5,32.0,77,30.5,30.5,31.5,30.5,14.0,434.0,994
2023-05-10 21:11:57,SR311P6000,白糖2311沽6000,31.5,0.0,0.0,0.0,67,30.5,32.0,77,30.5,30.5,31.5,30.5,14.0,434.0,994
2023-05-10 21:12:00,SR311P6000,白糖2311沽6000,31.5,0.0,0.0,0.0,60,30.5,32.0,77,30.5,30.5,31.5,30.5,14.0,434.0,994
2023-05-10 21:12:00,SR311P6000,白糖2311沽6000,31.5,0.0,0.0,0.0,60,30.5,32.0,97,30.5,30.5,31.5,30.5,14.0,434.0,994
2023-05-10 21:12:01,SR311P6000,白糖2311沽6000,31.5,0.0,0.0,0.0,60,30.5,31.5,7,30.5,30.5,31.5,30.5,14.0,434.0,994
2023-05-10 21:12:01,SR311P6000,白糖2311沽6000,31.5,0.0,0.0,0.0,60,30.5,31.5,27,30.5,30.5,31.5,30.5,14.0,434.0,994
2023-05-10 21:12:01,SR311P6000,白糖2311沽6000,31.5,0.0,0.0,0.0,40,30.5,31.5,27,30.5,30.5,31.5,30.5,14.0,434.0,994
2023-05-10 21:12:11,SR311P6000,白糖2311沽6000,31.5,0.0,0.0,0.0,30,30.5,31.5,27,30.5,30.5,31.5,30.5,14.0,434.0,994
2023-05-10 21:12:12,SR311P6000,白糖2311沽6000,31.5,0.0,0.0,0.0,20,30.5,31.5,47,30.5,30.5,31.5,30.5,14.0,434.0,994
2023-05-10 21:12:13,SR311P6000,白糖2311沽6000,31.5,0.0,0.0,0.0,40,30.5,31.5,47,30.5,30.5,31.5,30.5,14.0,434.0,994
2023-05-10 21:12:14,SR311P6000,白糖2311沽6000,31.5,0.0,0.0,0.0,20,30.5,31.5,47,30.5,30.5,31.5,30.5,14.0,434.0,994
2023-05-10 21:12:16,SR311P6000,白糖2311沽6000,31.5,0.0,0.0,0.0,40,30.5,31.5,47,30.5,30.5,31.5,30.5,14.0,434.0,994
2023-05-10 21:12:16,SR311P6000,白糖2311沽6000,31.5,0.0,0.0,0.0,40,30.5,31.5,37,30.5,30.5,31.5,30.5,14.0,434.0,994
2023-05-10 21:12:16,SR311P6000,白糖2311沽6000,31.5,0.0,0.0,0.0,20,30.5,31.5,37,30.5,30.5,31.5,30.5,14.0,434.0,994
2023-05-10 21:12:18,SR311P6000,白糖2311沽6000,31.5,0.0,0.0,0.0,50,30.5,31.5,37,30.5,30.5,31.5,30.5,14.0,434.0,994
2023-05-10 21:12:21,SR311P6000,白糖2311沽6000,31.5,0.0,0.0,0.0,30,30.5,31.5,37,30.5,30.5,31.5,30.5,14.0,434.0,994
2023-05-10 21:12:45,SR311P6000,白糖2311沽6000,31.5,0.0,0.0,0.0,30,30.5,31.5,47,30.5,30.5,31.5,30.5,14.0,434.0,994
2023-05-10 21:12:47,SR311P6000,白糖2311沽6000,31.5,0.0,0.0,0.0,30,30.5,31.5,37,30.5,30.5,31.5,30.5,14.0,434.0,994
2023-05-10 21:12:55,SR311P6000,白糖2311沽6000,31.5,0.0,0.0,0.0,20,30.5,31.5,37,30.5,30.5,31.5,30.5,14.0,434.0,994
2023-05-10 21:12:56,SR311P6000,白糖2311沽6000,31.5,0.0,0.0,0.0,30,30.5,31.5,37,30.5,30.5,31.5,30.5,14.0,434.0,994
2023-05-10 21:12:57,SR311P6000,白糖2311沽6000,31.5,0.0,0.0,0.0,50,30.5,31.5,37,30.5,30.5,31.5,30.5,14.0,434.0,994
2023-05-10 21:12:58,SR311P6000,白糖2311沽6000,31.5,0.0,0.0,0.0,30,30.5,31.5,37,30.5,30.5,31.5,30.5,14.0,434.0,994
2023-05-10 21:13:06,SR311P6000,白糖2311沽6000,31.5,0.0,0.0,0.0,40,30.5,31.5,37,30.5,30.5,31.5,30.5,14.0,434.0,994
2023-05-10 21:13:13,SR311P6000,白糖2311沽6000,31.5,0.0,0.0,0.0,30,30.5,31.5,37,30.5,30.5,31.5,30.5,14.0,434.0,994
2023-05-10 21:13:18,SR311P6000,白糖2311沽6000,31.5,0.0,0.0,0.0,30,30.5,31.5,47,30.5,30.5,31.5,30.5,14.0,434.0,994
2023-05-10 21:13:20,SR311P6000,白糖2311沽6000,31.5,0.0,0.0,0.0,20,30.5,31.5,47,30.5,30.5,31.5,30.5,14.0,434.0,994
2023-05-10 21:13:20,SR311P6000,白糖2311沽6000,31.5,0.0,0.0,0.0,20,30.5,31.0,7,30.5,30.5,31.5,30.5,14.0,434.0,994
2023-05-10 21:13:21,SR311P6000,白糖2311沽6000,31.5,0.0,0.0,0.0,20,30.5,31.0,17,30.5,30.5,31.5,30.5,14.0,434.0,994
2023-05-10 21:13:36,SR311P6000,白糖2311沽6000,31.5,0.0,0.0,0.0,30,30.5,31.0,17,30.5,30.5,31.5,30.5,14.0,434.0,994
2023-05-10 21:13:39,SR311P6000,白糖2311沽6000,31.5,0.0,0.0,0.0,40,30.5,31.0,17,30.5,30.5,31.5,30.5,14.0,434.0,994
2023-05-10 21:13:41,SR311P6000,白糖2311沽6000,31.5,0.0,0.0,0.0,30,30.5,31.0,17,30.5,30.5,31.5,30.5,14.0,434.0,994
2023-05-10 21:13:41,SR311P6000,白糖2311沽6000,31.5,0.0,0.0,0.0,20,30.5,31.0,17,30.5,30.5,31.5,30.5,14.0,434.0,994
2023-05-10 21:13:46,SR311P6000,白糖2311沽6000,31.5,0.0,0.0,0.0,10,30.5,31.0,17,30.5,30.5,31.5,30.5,14.0,434.0,994
2023-05-10 21:13:46,SR311P6000,白糖2311沽6000,31.5,0.0,0.0,0.0,20,30.5,31.0,17,30.5,30.5,31.5,30.5,14.0,434.0,994
2023-05-10 21:13:50,SR311P6000,白糖2311沽6000,31.5,0.0,0.0,0.0,10,30.5,31.0,17,30.5,30.5,31.5,30.5,14.0,434.0,994
2023-05-10 21:13:52,SR311P6000,白糖2311沽6000,31.5,0.0,0.0,0.0,20,30.5,31.0,17,30.5,30.5,31.5,30.5,14.0,434.0,994
2023-05-10 21:13:52,SR311P6000,白糖2311沽6000,31.5,0.0,0.0,0.0,10,30.5,31.0,17,30.5,30.5,31.5,30.5,14.0,434.0,994
2023-05-10 21:13:52,SR311P6000,白糖2311沽6000,31.5,0.0,0.0,0.0,20,30.5,31.0,17,30.5,30.5,31.5,30.5,14.0,434.0,994
2023-05-10 21:14:01,SR311P6000,白糖2311沽6000,31.5,0.0,0.0,0.0,20,30.5,31.0,10,30.5,30.5,31.5,30.5,14.0,434.0,994
2023-05-10 21:14:02,SR311P6000,白糖2311沽6000,31.5,0.0,0.0,0.0,20,30.5,31.5,67,30.5,30.5,31.5,30.5,14.0,434.0,994
2023-05-10 21:14:05,SR311P6000,白糖2311沽6000,31.5,0.0,0.0,0.0,20,30.5,31.5,87,30.5,30.5,31.5,30.5,14.0,434.0,994
2023-05-10 21:14:05,SR311P6000,白糖2311沽6000,31.5,0.0,0.0,0.0,20,30.5,31.5,67,30.5,30.5,31.5,30.5,14.0,434.0,994
2023-05-10 21:14:08,SR311P6000,白糖2311沽6000,31.5,0.0,0.0,0.0,30,30.5,31.5,67,30.5,30.5,31.5,30.5,14.0,434.0,994
2023-05-10 21:14:08,SR311P6000,白糖2311沽6000,31.5,0.0,0.0,0.0,20,30.5,31.5,67,30.5,30.5,31.5,30.5,14.0,434.0,994
2023-05-10 21:14:09,SR311P6000,白糖2311沽6000,31.5,0.0,0.0,0.0,20,30.5,31.5,87,30.5,30.5,31.5,30.5,14.0,434.0,994
2023-05-10 21:14:13,SR311P6000,白糖2311沽6000,31.5,0.0,0.0,0.0,20,30.5,31.5,67,30.5,30.5,31.5,30.5,14.0,434.0,994
2023-05-10 21:14:15,SR311P6000,白糖2311沽6000,31.5,0.0,0.0,0.0,30,30.5,31.5,67,30.5,30.5,31.5,30.5,14.0,434.0,994
2023-05-10 21:14:16,SR311P6000,白糖2311沽6000,31.5,0.0,0.0,0.0,20,30.5,31.5,67,30.5,30.5,31.5,30.5,14.0,434.0,994
2023-05-10 21:14:17,SR311P6000,白糖2311沽6000,31.5,0.0,0.0,0.0,30,30.5,31.5,67,30.5,30.5,31.5,30.5,14.0,434.0,994
2023-05-10 21:14:18,SR311P6000,白糖2311沽6000,31.5,0.0,0.0,0.0,30,30.5,31.5,87,30.5,30.5,31.5,30.5,14.0,434.0,994
2023-05-10 21:14:18,SR311P6000,白糖2311沽6000,31.5,0.0,0.0,0.0,30,30.5,31.5,77,30.5,30.5,31.5,30.5,14.0,434.0,994
2023-05-10 21:14:19,SR311P6000,白糖2311沽6000,31.5,0.0,0.0,0.0,30,30.5,31.5,87,30.5,30.5,31.5,30.5,14.0,434.0,994
2023-05-10 21:14:22,SR311P6000,白糖2311沽6000,31.5,0.0,0.0,0.0,30,30.5,31.5,77,30.5,30.5,31.5,30.5,14.0,434.0,994
2023-05-10 21:14:27,SR311P6000,白糖2311沽6000,31.5,0.0,0.0,0.0,30,30.5,31.5,47,30.5,30.5,31.5,30.5,14.0,434.0,994
2023-05-10 21:14:28,SR311P6000,白糖2311沽6000,31.5,0.0,0.0,0.0,40,30.5,31.5,47,30.5,30.5,31.5,30.5,14.0,434.0,994
2023-05-10 21:14:29,SR311P6000,白糖2311沽6000,31.5,0.0,0.0,0.0,30,30.5,31.5,77,30.5,30.5,31.5,30.5,14.0,434.0,994
2023-05-10 21:14:30,SR311P6000,白糖2311沽6000,31.5,0.0,0.0,0.0,40,30.5,31.5,47,30.5,30.5,31.5,30.5,14.0,434.0,994
2023-05-10 21:14:32,SR311P6000,白糖2311沽6000,31.5,0.0,0.0,0.0,20,30.5,31.5,67,30.5,30.5,31.5,30.5,14.0,434.0,994
2023-05-10 21:14:33,SR311P6000,白糖2311沽6000,31.5,0.0,0.0,0.0,30,30.5,31.5,67,30.5,30.5,31.5,30.5,14.0,434.0,994
2023-05-10 21:14:34,SR311P6000,白糖2311沽6000,31.5,0.0,0.0,0.0,30,30.5,31.5,57,30.5,30.5,31.5,30.5,14.0,434.0,994
2023-05-10 21:14:36,SR311P6000,白糖2311沽6000,31.5,0.0,0.0,0.0,40,30.5,31.5,77,30.5,30.5,31.5,30.5,14.0,434.0,994
2023-05-10 21:14:36,SR311P6000,白糖2311沽6000,31.5,0.0,0.0,0.0,30,30.5,31.5,57,30.5,30.5,31.5,30.5,14.0,434.0,994
2023-05-10 21:14:37,SR311P6000,白糖2311沽6000,31.5,0.0,0.0,0.0,30,30.5,31.5,77,30.5,30.5,31.5,30.5,14.0,434.0,994
2023-05-10 21:14:39,SR311P6000,白糖2311沽6000,31.5,0.0,0.0,0.0,40,30.5,31.5,67,30.5,30.5,31.5,30.5,14.0,434.0,994
2023-05-10 21:14:40,SR311P6000,白糖2311沽6000,31.5,0.0,0.0,0.0,40,30.5,31.5,57,30.5,30.5,31.5,30.5,14.0,434.0,994
2023-05-10 21:14:41,SR311P6000,白糖2311沽6000,31.5,0.0,0.0,0.0,40,30.5,31.5,37,30.5,30.5,31.5,30.5,14.0,434.0,994
2023-05-10 21:14:48,SR311P6000,白糖2311沽6000,31.5,0.0,0.0,0.0,40,30.5,31.5,47,30.5,30.5,31.5,30.5,14.0,434.0,994
2023-05-10 21:14:53,SR311P6000,白糖2311沽6000,31.5,0.0,0.0,0.0,40,30.5,31.5,37,30.5,30.5,31.5,30.5,14.0,434.0,994
2023-05-10 21:14:55,SR311P6000,白糖2311沽6000,31.5,0.0,0.0,0.0,40,30.5,31.5,57,30.5,30.5,31.5,30.5,14.0,434.0,994
2023-05-10 21:14:56,SR311P6000,白糖2311沽6000,31.5,0.0,0.0,0.0,40,30.5,31.5,37,30.5,30.5,31.5,30.5,14.0,434.0,994
2023-05-10 21:15:03,SR311P6000,白糖2311沽6000,31.5,0.0,0.0,0.0,40,30.5,31.5,57,30.5,30.5,31.5,30.5,14.0,434.0,994
2023-05-10 21:15:03,SR311P6000,白糖2311沽6000,31.5,0.0,0.0,0.0,40,30.5,31.5,67,30.5,30.5,31.5,30.5,14.0,434.0,994
2023-05-10 21:15:09,SR311P6000,白糖2311沽6000,31.5,0.0,0.0,0.0,40,30.5,31.5,37,30.5,30.5,31.5,30.5,14.0,434.0,994
2023-05-10 21:15:13,SR311P6000,白糖2311沽6000,31.5,0.0,0.0,0.0,40,30.5,31.5,67,30.5,30.5,31.5,30.5,14.0,434.0,994
2023-05-10 21:15:13,SR311P6000,白糖2311沽6000,31.5,0.0,0.0,0.0,40,30.5,31.5,37,30.5,30.5,31.5,30.5,14.0,434.0,994
2023-05-10 21:15:15,SR311P6000,白糖2311沽6000,31.5,0.0,0.0,0.0,40,30.5,31.5,47,30.5,30.5,31.5,30.5,14.0,434.0,994
2023-05-10 21:15:15,SR311P6000,白糖2311沽6000,31.5,0.0,0.0,0.0,40,30.5,31.5,37,30.5,30.5,31.5,30.5,14.0,434.0,994
2023-05-10 21:15:24,SR311P6000,白糖2311沽6000,31.5,0.0,0.0,0.0,40,30.5,31.5,67,30.5,30.5,31.5,30.5,14.0,434.0,994
2023-05-10 21:15:25,SR311P6000,白糖2311沽6000,31.5,0.0,0.0,0.0,40,30.5,31.5,37,30.5,30.5,31.5,30.5,14.0,434.0,994
2023-05-10 21:15:37,SR311P6000,白糖2311沽6000,31.5,0.0,0.0,0.0,40,30.5,31.5,57,30.5,30.5,31.5,30.5,14.0,434.0,994
2023-05-10 21:15:38,SR311P6000,白糖2311沽6000,31.5,0.0,0.0,0.0,40,30.5,31.5,67,30.5,30.5,31.5,30.5,14.0,434.0,994
2023-05-10 21:15:38,SR311P6000,白糖2311沽6000,31.5,0.0,0.0,0.0,40,30.5,31.5,57,30.5,30.5,31.5,30.5,14.0,434.0,994
2023-05-10 21:15:40,SR311P6000,白糖2311沽6000,31.5,0.0,0.0,0.0,40,30.5,31.5,67,30.5,30.5,31.5,30.5,14.0,434.0,994
2023-05-10 21:15:41,SR311P6000,白糖2311沽6000,31.5,0.0,0.0,0.0,40,30.5,31.5,77,30.5,30.5,31.5,30.5,14.0,434.0,994
2023-05-10 21:15:42,SR311P6000,白糖2311沽6000,31.5,0.0,0.0,0.0,40,30.5,31.5,47,30.5,30.5,31.5,30.5,14.0,434.0,994
2023-05-10 21:15:46,SR311P6000,白糖2311沽6000,31.5,0.0,0.0,0.0,40,30.5,31.5,67,30.5,30.5,31.5,30.5,14.0,434.0,994
2023-05-10 21:15:46,SR311P6000,白糖2311沽6000,31.5,0.0,0.0,0.0,40,30.5,31.5,47,30.5,30.5,31.5,30.5,14.0,434.0,994
2023-05-10 21:15:49,SR311P6000,白糖2311沽6000,31.5,0.0,0.0,0.0,40,30.5,31.5,67,30.5,30.5,31.5,30.5,14.0,434.0,994
2023-05-10 21:15:52,SR311P6000,白糖2311沽6000,31.5,0.0,0.0,0.0,40,30.5,31.5,77,30.5,30.5,31.5,30.5,14.0,434.0,994
2023-05-10 21:15:53,SR311P6000,白糖2311沽6000,31.5,0.0,0.0,0.0,40,30.5,31.5,67,30.5,30.5,31.5,30.5,14.0,434.0,994
2023-05-10 21:15:53,SR311P6000,白糖2311沽6000,31.5,0.0,0.0,0.0,40,30.5,31.5,47,30.5,30.5,31.5,30.5,14.0,434.0,994
2023-05-10 21:16:00,SR311P6000,白糖2311沽6000,31.5,0.0,0.0,0.0,40,30.5,31.5,67,30.5,30.5,31.5,30.5,14.0,434.0,994
2023-05-10 21:16:00,SR311P6000,白糖2311沽6000,31.5,0.0,0.0,0.0,40,30.5,31.5,47,30.5,30.5,31.5,30.5,14.0,434.0,994
2023-05-10 21:16:01,SR311P6000,白糖2311沽6000,31.5,0.0,0.0,0.0,40,30.5,31.5,67,30.5,30.5,31.5,30.5,14.0,434.0,994
2023-05-10 21:16:02,SR311P6000,白糖2311沽6000,31.5,0.0,0.0,0.0,40,30.5,31.5,77,30.5,30.5,31.5,30.5,14.0,434.0,994
2023-05-10 21:16:02,SR311P6000,白糖2311沽6000,31.5,0.0,0.0,0.0,50,30.5,31.5,47,30.5,30.5,31.5,30.5,14.0,434.0,994
2023-05-10 21:16:03,SR311P6000,白糖2311沽6000,31.5,0.0,0.0,0.0,50,30.5,31.5,67,30.5,30.5,31.5,30.5,14.0,434.0,994
2023-05-10 21:16:03,SR311P6000,白糖2311沽6000,31.5,0.0,0.0,0.0,50,30.5,31.5,47,30.5,30.5,31.5,30.5,14.0,434.0,994
2023-05-10 21:16:03,SR311P6000,白糖2311沽6000,31.5,0.0,0.0,0.0,50,30.5,31.5,67,30.5,30.5,31.5,30.5,14.0,434.0,994
2023-05-10 21:16:04,SR311P6000,白糖2311沽6000,31.5,0.0,0.0,0.0,50,30.5,31.5,77,30.5,30.5,31.5,30.5,14.0,434.0,994
2023-05-10 21:16:06,SR311P6000,白糖2311沽6000,31.5,0.0,0.0,0.0,50,30.5,31.5,57,30.5,30.5,31.5,30.5,14.0,434.0,994
2023-05-10 21:16:06,SR311P6000,白糖2311沽6000,31.5,0.0,0.0,0.0,50,30.5,31.5,47,30.5,30.5,31.5,30.5,14.0,434.0,994
2023-05-10 21:16:10,SR311P6000,白糖2311沽6000,31.5,0.0,0.0,0.0,40,30.5,31.5,47,30.5,30.5,31.5,30.5,14.0,434.0,994
2023-05-10 21:16:10,SR311P6000,白糖2311沽6000,31.5,0.0,0.0,0.0,50,30.5,31.5,47,30.5,30.5,31.5,30.5,14.0,434.0,994
2023-05-10 21:16:11,SR311P6000,白糖2311沽6000,31.5,0.0,0.0,0.0,40,30.5,31.5,47,30.5,30.5,31.5,30.5,14.0,434.0,994
2023-05-10 21:16:26,SR311P6000,白糖2311沽6000,31.5,0.0,0.0,0.0,40,30.5,31.5,67,30.5,30.5,31.5,30.5,14.0,434.0,994
2023-05-10 21:16:28,SR311P6000,白糖2311沽6000,31.5,0.0,0.0,0.0,40,30.5,31.5,47,30.5,30.5,31.5,30.5,14.0,434.0,994
2023-05-10 21:16:29,SR311P6000,白糖2311沽6000,31.5,0.0,0.0,0.0,40,30.5,31.5,67,30.5,30.5,31.5,30.5,14.0,434.0,994
2023-05-10 21:16:30,SR311P6000,白糖2311沽6000,31.5,0.0,0.0,0.0,40,30.5,31.5,47,30.5,30.5,31.5,30.5,14.0,434.0,994
2023-05-10 21:16:32,SR311P6000,白糖2311沽6000,31.5,0.0,0.0,0.0,40,30.5,31.5,67,30.5,30.5,31.5,30.5,14.0,434.0,994
2023-05-10 21:16:34,SR311P6000,白糖2311沽6000,31.5,0.0,0.0,0.0,40,30.5,31.5,47,30.5,30.5,31.5,30.5,14.0,434.0,994
2023-05-10 21:16:37,SR311P6000,白糖2311沽6000,31.5,0.0,0.0,0.0,40,30.5,31.5,67,30.5,30.5,31.5,30.5,14.0,434.0,994
2023-05-10 21:16:38,SR311P6000,白糖2311沽6000,31.5,0.0,0.0,0.0,40,30.5,31.5,47,30.5,30.5,31.5,30.5,14.0,434.0,994
2023-05-10 21:16:42,SR311P6000,白糖2311沽6000,31.5,0.0,0.0,0.0,40,30.5,31.5,67,30.5,30.5,31.5,30.5,14.0,434.0,994
2023-05-10 21:16:47,SR311P6000,白糖2311沽6000,31.5,0.0,0.0,0.0,40,30.5,31.5,77,30.5,30.5,31.5,30.5,14.0,434.0,994
2023-05-10 21:16:48,SR311P6000,白糖2311沽6000,31.5,0.0,0.0,0.0,30,30.5,31.5,77,30.5,30.5,31.5,30.5,14.0,434.0,994
2023-05-10 21:16:48,SR311P6000,白糖2311沽6000,31.5,0.0,0.0,0.0,40,30.5,31.5,77,30.5,30.5,31.5,30.5,14.0,434.0,994
2023-05-10 21:16:50,SR311P6000,白糖2311沽6000,31.5,0.0,0.0,0.0,40,30.5,31.5,67,30.5,30.5,31.5,30.5,14.0,434.0,994
2023-05-10 21:16:52,SR311P6000,白糖2311沽6000,31.5,0.0,0.0,0.0,40,30.5,31.5,47,30.5,30.5,31.5,30.5,14.0,434.0,994
2023-05-10 21:16:55,SR311P6000,白糖2311沽6000,31.5,0.0,0.0,0.0,40,30.5,31.5,67,30.5,30.5,31.5,30.5,14.0,434.0,994
2023-05-10 21:16:59,SR311P6000,白糖2311沽6000,31.5,0.0,0.0,0.0,40,30.5,31.5,47,30.5,30.5,31.5,30.5,14.0,434.0,994
2023-05-10 21:17:09,SR311P6000,白糖2311沽6000,31.5,0.0,0.0,0.0,40,30.5,31.5,67,30.5,30.5,31.5,30.5,14.0,434.0,994
2023-05-10 21:17:19,SR311P6000,白糖2311沽6000,31.5,0.0,0.0,0.0,40,30.5,31.5,87,30.5,30.5,31.5,30.5,14.0,434.0,994
2023-05-10 21:17:20,SR311P6000,白糖2311沽6000,31.5,0.0,0.0,0.0,40,30.5,31.5,77,30.5,30.5,31.5,30.5,14.0,434.0,994
2023-05-10 21:17:21,SR311P6000,白糖2311沽6000,31.5,0.0,0.0,0.0,40,30.5,31.5,47,30.5,30.5,31.5,30.5,14.0,434.0,994
2023-05-10 21:17:24,SR311P6000,白糖2311沽6000,31.5,0.0,0.0,0.0,40,30.5,31.5,57,30.5,30.5,31.5,30.5,14.0,434.0,994
2023-05-10 21:17:25,SR311P6000,白糖2311沽6000,31.5,0.0,0.0,0.0,40,30.5,31.5,47,30.5,30.5,31.5,30.5,14.0,434.0,994
2023-05-10 21:17:29,SR311P6000,白糖2311沽6000,31.5,0.0,0.0,0.0,40,30.5,31.5,67,30.5,30.5,31.5,30.5,14.0,434.0,994
2023-05-10 21:17:30,SR311P6000,白糖2311沽6000,31.5,0.0,0.0,0.0,40,30.5,31.5,47,30.5,30.5,31.5,30.5,14.0,434.0,994
2023-05-10 21:17:39,SR311P6000,白糖2311沽6000,31.5,0.0,0.0,0.0,40,30.5,31.5,67,30.5,30.5,31.5,30.5,14.0,434.0,994
2023-05-10 21:17:40,SR311P6000,白糖2311沽6000,31.5,0.0,0.0,0.0,40,30.5,31.5,47,30.5,30.5,31.5,30.5,14.0,434.0,994
2023-05-10 21:17:40,SR311P6000,白糖2311沽6000,31.5,0.0,0.0,0.0,40,30.5,31.5,67,30.5,30.5,31.5,30.5,14.0,434.0,994
2023-05-10 21:17:41,SR311P6000,白糖2311沽6000,31.5,0.0,0.0,0.0,40,30.5,31.5,47,30.5,30.5,31.5,30.5,14.0,434.0,994
2023-05-10 21:17:45,SR311P6000,白糖2311沽6000,31.5,0.0,0.0,0.0,40,30.5,31.5,57,30.5,30.5,31.5,30.5,14.0,434.0,994
2023-05-10 21:17:45,SR311P6000,白糖2311沽6000,31.5,0.0,0.0,0.0,30,30.5,31.5,47,30.5,30.5,31.5,30.5,14.0,434.0,994
2023-05-10 21:17:45,SR311P6000,白糖2311沽6000,31.5,0.0,0.0,0.0,40,30.5,31.5,47,30.5,30.5,31.5,30.5,14.0,434.0,994
2023-05-10 21:17:47,SR311P6000,白糖2311沽6000,31.5,0.0,0.0,0.0,47,30.5,31.5,47,30.5,30.5,31.5,30.5,14.0,434.0,994
2023-05-10 21:17:54,SR311P6000,白糖2311沽6000,31.5,0.0,0.0,0.0,47,30.5,31.5,57,30.5,30.5,31.5,30.5,14.0,434.0,994
2023-05-10 21:17:59,SR311P6000,白糖2311沽6000,31.5,0.0,0.0,0.0,37,30.5,31.5,57,30.5,30.5,31.5,30.5,14.0,434.0,994
2023-05-10 21:18:06,SR311P6000,白糖2311沽6000,31.5,0.0,0.0,0.0,37,30.5,31.5,77,30.5,30.5,31.5,30.5,14.0,434.0,994
2023-05-10 21:18:09,SR311P6000,白糖2311沽6000,31.5,0.0,0.0,0.0,37,30.5,31.5,57,30.5,30.5,31.5,30.5,14.0,434.0,994
2023-05-10 21:18:13,SR311P6000,白糖2311沽6000,31.5,0.0,0.0,0.0,37,30.5,31.5,47,30.5,30.5,31.5,30.5,14.0,434.0,994
2023-05-10 21:18:13,SR311P6000,白糖2311沽6000,31.5,0.0,0.0,0.0,37,30.5,31.5,57,30.5,30.5,31.5,30.5,14.0,434.0,994
2023-05-10 21:18:14,SR311P6000,白糖2311沽6000,31.5,0.0,0.0,0.0,47,30.5,31.5,57,30.5,30.5,31.5,30.5,14.0,434.0,994
2023-05-10 21:18:14,SR311P6000,白糖2311沽6000,31.5,0.0,0.0,0.0,37,30.5,31.5,47,30.5,30.5,31.5,30.5,14.0,434.0,994
2023-05-10 21:18:15,SR311P6000,白糖2311沽6000,31.5,0.0,0.0,0.0,37,30.5,31.5,57,30.5,30.5,31.5,30.5,14.0,434.0,994
2023-05-10 21:18:16,SR311P6000,白糖2311沽6000,31.5,0.0,0.0,0.0,47,30.5,31.5,57,30.5,30.5,31.5,30.5,14.0,434.0,994
2023-05-10 21:18:16,SR311P6000,白糖2311沽6000,31.5,0.0,0.0,0.0,37,30.5,31.5,47,30.5,30.5,31.5,30.5,14.0,434.0,994
2023-05-10 21:18:17,SR311P6000,白糖2311沽6000,31.5,0.0,0.0,0.0,37,30.5,31.5,57,30.5,30.5,31.5,30.5,14.0,434.0,994
2023-05-10 21:18:20,SR311P6000,白糖2311沽6000,31.5,0.0,0.0,0.0,47,30.5,31.5,57,30.5,30.5,31.5,30.5,14.0,434.0,994
2023-05-10 21:18:22,SR311P6000,白糖2311沽6000,31.5,0.0,0.0,0.0,37,30.5,31.5,57,30.5,30.5,31.5,30.5,14.0,434.0,994
2023-05-10 21:18:22,SR311P6000,白糖2311沽6000,31.5,0.0,0.0,0.0,47,30.5,31.5,57,30.5,30.5,31.5,30.5,14.0,434.0,994
2023-05-10 21:18:24,SR311P6000,白糖2311沽6000,31.5,0.0,0.0,0.0,37,30.5,31.5,57,30.5,30.5,31.5,30.5,14.0,434.0,994
2023-05-10 21:18:25,SR311P6000,白糖2311沽6000,31.5,0.0,0.0,0.0,47,30.5,31.5,57,30.5,30.5,31.5,30.5,14.0,434.0,994
2023-05-10 21:18:26,SR311P6000,白糖2311沽6000,31.5,0.0,0.0,0.0,37,30.5,31.5,57,30.5,30.5,31.5,30.5,14.0,434.0,994
2023-05-10 21:18:27,SR311P6000,白糖2311沽6000,31.5,0.0,0.0,0.0,47,30.5,31.5,57,30.5,30.5,31.5,30.5,14.0,434.0,994
2023-05-10 21:18:27,SR311P6000,白糖2311沽6000,31.5,0.0,0.0,0.0,57,30.5,31.5,57,30.5,30.5,31.5,30.5,14.0,434.0,994
2023-05-10 21:18:29,SR311P6000,白糖2311沽6000,31.5,0.0,0.0,0.0,47,30.5,31.5,57,30.5,30.5,31.5,30.5,14.0,434.0,994
2023-05-10 21:18:30,SR311P6000,白糖2311沽6000,31.5,0.0,0.0,0.0,57,30.5,31.5,57,30.5,30.5,31.5,30.5,14.0,434.0,994
2023-05-10 21:18:31,SR311P6000,白糖2311沽6000,31.5,0.0,0.0,0.0,47,30.5,31.5,57,30.5,30.5,31.5,30.5,14.0,434.0,994
2023-05-10 21:18:33,SR311P6000,白糖2311沽6000,31.5,0.0,0.0,0.0,57,30.5,31.5,57,30.5,30.5,31.5,30.5,14.0,434.0,994
2023-05-10 21:18:37,SR311P6000,白糖2311沽6000,31.5,0.0,0.0,0.0,77,30.5,31.5,47,30.5,30.5,31.5,30.5,14.0,434.0,994
2023-05-10 21:18:38,SR311P6000,白糖2311沽6000,31.5,0.0,0.0,0.0,57,30.5,31.5,47,30.5,30.5,31.5,30.5,14.0,434.0,994
2023-05-10 21:18:40,SR311P6000,白糖2311沽6000,31.5,0.0,0.0,0.0,77,30.5,31.5,47,30.5,30.5,31.5,30.5,14.0,434.0,994
2023-05-10 21:18:40,SR311P6000,白糖2311沽6000,31.5,0.0,0.0,0.0,57,30.5,31.5,47,30.5,30.5,31.5,30.5,14.0,434.0,994
2023-05-10 21:18:40,SR311P6000,白糖2311沽6000,31.5,0.0,0.0,0.0,77,30.5,31.5,47,30.5,30.5,31.5,30.5,14.0,434.0,994
2023-05-10 21:18:41,SR311P6000,白糖2311沽6000,31.5,0.0,0.0,0.0,57,30.5,31.5,47,30.5,30.5,31.5,30.5,14.0,434.0,994
2023-05-10 21:18:44,SR311P6000,白糖2311沽6000,31.5,0.0,0.0,0.0,57,30.5,31.5,57,30.5,30.5,31.5,30.5,14.0,434.0,994
2023-05-10 21:18:45,SR311P6000,白糖2311沽6000,31.5,0.0,0.0,0.0,57,30.5,31.5,47,30.5,30.5,31.5,30.5,14.0,434.0,994
2023-05-10 21:18:46,SR311P6000,白糖2311沽6000,31.5,0.0,0.0,0.0,57,30.5,31.5,57,30.5,30.5,31.5,30.5,14.0,434.0,994
2023-05-10 21:18:48,SR311P6000,白糖2311沽6000,31.5,0.0,0.0,0.0,47,30.5,31.5,57,30.5,30.5,31.5,30.5,14.0,434.0,994
2023-05-10 21:18:49,SR311P6000,白糖2311沽6000,31.5,0.0,0.0,0.0,57,30.5,31.5,57,30.5,30.5,31.5,30.5,14.0,434.0,994
2023-05-10 21:18:50,SR311P6000,白糖2311沽6000,31.5,0.0,0.0,0.0,47,30.5,31.5,57,30.5,30.5,31.5,30.5,14.0,434.0,994
2023-05-10 21:18:55,SR311P6000,白糖2311沽6000,31.5,0.0,0.0,0.0,57,30.5,31.5,57,30.5,30.5,31.5,30.5,14.0,434.0,994
2023-05-10 21:18:57,SR311P6000,白糖2311沽6000,31.5,0.0,0.0,0.0,57,30.5,31.5,47,30.5,30.5,31.5,30.5,14.0,434.0,994
2023-05-10 21:19:00,SR311P6000,白糖2311沽6000,31.5,0.0,0.0,0.0,57,30.5,31.5,57,30.5,30.5,31.5,30.5,14.0,434.0,994
2023-05-10 21:19:01,SR311P6000,白糖2311沽6000,31.5,0.0,0.0,0.0,47,30.5,31.5,47,30.5,30.5,31.5,30.5,14.0,434.0,994
2023-05-10 21:19:01,SR311P6000,白糖2311沽6000,31.5,0.0,0.0,0.0,57,30.5,31.5,47,30.5,30.5,31.5,30.5,14.0,434.0,994
2023-05-10 21:19:02,SR311P6000,白糖2311沽6000,31.5,0.0,0.0,0.0,57,30.5,31.5,57,30.5,30.5,31.5,30.5,14.0,434.0,994
2023-05-10 21:19:03,SR311P6000,白糖2311沽6000,31.5,0.0,0.0,0.0,47,30.5,31.5,47,30.5,30.5,31.5,30.5,14.0,434.0,994
2023-05-10 21:19:03,SR311P6000,白糖2311沽6000,31.5,0.0,0.0,0.0,57,30.5,31.5,47,30.5,30.5,31.5,30.5,14.0,434.0,994
2023-05-10 21:19:04,SR311P6000,白糖2311沽6000,31.5,0.0,0.0,0.0,57,30.5,31.5,57,30.5,30.5,31.5,30.5,14.0,434.0,994
2023-05-10 21:19:05,SR311P6000,白糖2311沽6000,31.5,0.0,0.0,0.0,57,30.5,31.5,47,30.5,30.5,31.5,30.5,14.0,434.0,994
2023-05-10 21:19:05,SR311P6000,白糖2311沽6000,31.5,0.0,0.0,0.0,57,30.5,31.5,57,30.5,30.5,31.5,30.5,14.0,434.0,994
2023-05-10 21:19:13,SR311P6000,白糖2311沽6000,31.5,0.0,0.0,0.0,57,30.5,31.5,47,30.5,30.5,31.5,30.5,14.0,434.0,994
2023-05-10 21:19:13,SR311P6000,白糖2311沽6000,31.5,0.0,0.0,0.0,57,30.5,31.5,57,30.5,30.5,31.5,30.5,14.0,434.0,994
2023-05-10 21:19:17,SR311P6000,白糖2311沽6000,31.5,0.0,0.0,0.0,47,30.5,31.5,57,30.5,30.5,31.5,30.5,14.0,434.0,994
2023-05-10 21:19:18,SR311P6000,白糖2311沽6000,31.5,0.0,0.0,0.0,57,30.5,31.5,57,30.5,30.5,31.5,30.5,14.0,434.0,994
2023-05-10 21:19:24,SR311P6000,白糖2311沽6000,31.5,0.0,0.0,0.0,57,30.5,31.5,47,30.5,30.5,31.5,30.5,14.0,434.0,994
2023-05-10 21:19:45,SR311P6000,白糖2311沽6000,31.5,0.0,0.0,0.0,77,30.5,31.5,47,30.5,30.5,31.5,30.5,14.0,434.0,994
2023-05-10 21:19:45,SR311P6000,白糖2311沽6000,31.5,0.0,0.0,0.0,57,30.5,31.5,47,30.5,30.5,31.5,30.5,14.0,434.0,994
2023-05-10 21:19:49,SR311P6000,白糖2311沽6000,31.5,0.0,0.0,0.0,57,30.5,31.5,57,30.5,30.5,31.5,30.5,14.0,434.0,994
2023-05-10 21:19:51,SR311P6000,白糖2311沽6000,31.5,0.0,0.0,0.0,57,30.5,31.5,47,30.5,30.5,31.5,30.5,14.0,434.0,994
2023-05-10 21:19:52,SR311P6000,白糖2311沽6000,31.5,0.0,0.0,0.0,57,30.5,31.5,57,30.5,30.5,31.5,30.5,14.0,434.0,994
2023-05-10 21:19:56,SR311P6000,白糖2311沽6000,31.5,0.0,0.0,0.0,57,30.5,31.5,47,30.5,30.5,31.5,30.5,14.0,434.0,994
2023-05-10 21:20:09,SR311P6000,白糖2311沽6000,31.5,0.0,0.0,0.0,57,30.5,31.5,67,30.5,30.5,31.5,30.5,14.0,434.0,994
2023-05-10 21:20:09,SR311P6000,白糖2311沽6000,31.5,0.0,0.0,0.0,57,30.5,31.5,47,30.5,30.5,31.5,30.5,14.0,434.0,994
2023-05-10 21:21:01,SR311P6000,白糖2311沽6000,31.5,0.0,0.0,0.0,77,30.5,31.5,47,30.5,30.5,31.5,30.5,14.0,434.0,994
2023-05-10 21:21:08,SR311P6000,白糖2311沽6000,31.5,10.0,310.0,10.0,57,30.5,31.5,30,30.5,30.5,31.5,30.5,24.0,744.0,1004
2023-05-10 21:21:09,SR311P6000,白糖2311沽6000,31.5,0.0,0.0,0.0,77,30.5,31.5,10,30.5,30.5,31.5,30.5,24.0,744.0,1004
2023-05-10 21:21:09,SR311P6000,白糖2311沽6000,31.5,0.0,0.0,0.0,77,30.5,32.0,77,30.5,30.5,31.5,30.5,24.0,744.0,1004
2023-05-10 21:21:11,SR311P6000,白糖2311沽6000,31.5,0.0,0.0,0.0,87,30.5,32.0,77,30.5,30.5,31.5,30.5,24.0,744.0,1004
2023-05-10 21:21:14,SR311P6000,白糖2311沽6000,31.5,0.0,0.0,0.0,97,30.5,32.0,87,30.5,30.5,31.5,30.5,24.0,744.0,1004
2023-05-10 21:21:34,SR311P6000,白糖2311沽6000,31.5,0.0,0.0,0.0,97,30.5,32.0,67,30.5,30.5,31.5,30.5,24.0,744.0,1004
2023-05-10 21:21:42,SR311P6000,白糖2311沽6000,31.5,0.0,0.0,0.0,107,30.5,32.0,67,30.5,30.5,31.5,30.5,24.0,744.0,1004
2023-05-10 21:21:44,SR311P6000,白糖2311沽6000,31.5,0.0,0.0,0.0,97,30.5,32.0,67,30.5,30.5,31.5,30.5,24.0,744.0,1004
2023-05-10 21:21:44,SR311P6000,白糖2311沽6000,31.5,0.0,0.0,0.0,107,30.5,32.0,87,30.5,30.5,31.5,30.5,24.0,744.0,1004
2023-05-10 21:21:45,SR311P6000,白糖2311沽6000,31.5,0.0,0.0,0.0,97,30.5,32.0,87,30.5,30.5,31.5,30.5,24.0,744.0,1004
2023-05-10 21:21:46,SR311P6000,白糖2311沽6000,31.5,0.0,0.0,0.0,97,30.5,32.0,67,30.5,30.5,31.5,30.5,24.0,744.0,1004
2023-05-10 21:21:49,SR311P6000,白糖2311沽6000,31.5,0.0,0.0,0.0,97,30.5,32.0,87,30.5,30.5,31.5,30.5,24.0,744.0,1004
2023-05-10 21:21:56,SR311P6000,白糖2311沽6000,31.5,0.0,0.0,0.0,97,30.5,32.0,97,30.5,30.5,31.5,30.5,24.0,744.0,1004
2023-05-10 21:21:57,SR311P6000,白糖2311沽6000,31.5,0.0,0.0,0.0,97,30.5,32.0,87,30.5,30.5,31.5,30.5,24.0,744.0,1004
2023-05-10 21:22:00,SR311P6000,白糖2311沽6000,31.5,0.0,0.0,0.0,107,30.5,32.0,87,30.5,30.5,31.5,30.5,24.0,744.0,1004
2023-05-10 21:22:00,SR311P6000,白糖2311沽6000,31.5,0.0,0.0,0.0,107,30.5,32.0,97,30.5,30.5,31.5,30.5,24.0,744.0,1004
2023-05-10 21:22:04,SR311P6000,白糖2311沽6000,31.5,0.0,0.0,0.0,107,30.5,32.0,87,30.5,30.5,31.5,30.5,24.0,744.0,1004
2023-05-10 21:22:18,SR311P6000,白糖2311沽6000,31.5,0.0,0.0,0.0,107,30.5,32.0,67,30.5,30.5,31.5,30.5,24.0,744.0,1004
2023-05-10 21:22:24,SR311P6000,白糖2311沽6000,31.5,0.0,0.0,0.0,97,30.5,32.0,57,30.5,30.5,31.5,30.5,24.0,744.0,1004
2023-05-10 21:22:26,SR311P6000,白糖2311沽6000,31.5,0.0,0.0,0.0,97,30.5,32.0,77,30.5,30.5,31.5,30.5,24.0,744.0,1004
2023-05-10 21:22:27,SR311P6000,白糖2311沽6000,31.5,0.0,0.0,0.0,77,30.5,32.0,87,30.5,30.5,31.5,30.5,24.0,744.0,1004
2023-05-10 21:22:28,SR311P6000,白糖2311沽6000,31.5,0.0,0.0,0.0,97,30.5,32.0,87,30.5,30.5,31.5,30.5,24.0,744.0,1004
2023-05-10 21:22:29,SR311P6000,白糖2311沽6000,31.5,0.0,0.0,0.0,107,30.5,32.0,97,30.5,30.5,31.5,30.5,24.0,744.0,1004
2023-05-10 21:22:31,SR311P6000,白糖2311沽6000,31.5,0.0,0.0,0.0,87,30.5,32.0,97,30.5,30.5,31.5,30.5,24.0,744.0,1004
2023-05-10 21:22:35,SR311P6000,白糖2311沽6000,31.5,0.0,0.0,0.0,107,30.5,32.0,97,30.5,30.5,31.5,30.5,24.0,744.0,1004
2023-05-10 21:22:38,SR311P6000,白糖2311沽6000,31.5,0.0,0.0,0.0,107,30.5,32.0,87,30.5,30.5,31.5,30.5,24.0,744.0,1004
2023-05-10 21:22:43,SR311P6000,白糖2311沽6000,31.5,0.0,0.0,0.0,107,30.5,32.0,97,30.5,30.5,31.5,30.5,24.0,744.0,1004
2023-05-10 21:22:43,SR311P6000,白糖2311沽6000,31.5,0.0,0.0,0.0,107,30.5,32.0,87,30.5,30.5,31.5,30.5,24.0,744.0,1004
2023-05-10 21:22:44,SR311P6000,白糖2311沽6000,31.5,0.0,0.0,0.0,107,30.5,32.0,97,30.5,30.5,31.5,30.5,24.0,744.0,1004
2023-05-10 21:22:52,SR311P6000,白糖2311沽6000,31.5,0.0,0.0,0.0,107,30.5,32.0,87,30.5,30.5,31.5,30.5,24.0,744.0,1004
2023-05-10 21:23:05,SR311P6000,白糖2311沽6000,31.5,0.0,0.0,0.0,87,30.5,32.0,87,30.5,30.5,31.5,30.5,24.0,744.0,1004
2023-05-10 21:23:06,SR311P6000,白糖2311沽6000,31.5,0.0,0.0,0.0,107,30.5,32.0,87,30.5,30.5,31.5,30.5,24.0,744.0,1004
2023-05-10 21:23:10,SR311P6000,白糖2311沽6000,31.5,0.0,0.0,0.0,107,30.5,32.0,67,30.5,30.5,31.5,30.5,24.0,744.0,1004
2023-05-10 21:23:14,SR311P6000,白糖2311沽6000,31.5,0.0,0.0,0.0,107,30.5,32.0,77,30.5,30.5,31.5,30.5,24.0,744.0,1004
2023-05-10 21:23:16,SR311P6000,白糖2311沽6000,31.5,0.0,0.0,0.0,107,30.5,32.0,97,30.5,30.5,31.5,30.5,24.0,744.0,1004
2023-05-10 21:23:17,SR311P6000,白糖2311沽6000,31.5,0.0,0.0,0.0,107,30.5,32.0,77,30.5,30.5,31.5,30.5,24.0,744.0,1004
2023-05-10 21:23:19,SR311P6000,白糖2311沽6000,31.5,0.0,0.0,0.0,107,30.5,32.0,97,30.5,30.5,31.5,30.5,24.0,744.0,1004
2023-05-10 21:23:34,SR311P6000,白糖2311沽6000,31.5,0.0,0.0,0.0,107,30.5,32.0,77,30.5,30.5,31.5,30.5,24.0,744.0,1004
2023-05-10 21:23:39,SR311P6000,白糖2311沽6000,31.5,0.0,0.0,0.0,107,30.5,32.0,67,30.5,30.5,31.5,30.5,24.0,744.0,1004
2023-05-10 21:23:52,SR311P6000,白糖2311沽6000,31.5,0.0,0.0,0.0,107,30.5,32.0,77,30.5,30.5,31.5,30.5,24.0,744.0,1004
2023-05-10 21:23:53,SR311P6000,白糖2311沽6000,31.5,0.0,0.0,0.0,107,30.5,32.0,87,30.5,30.5,31.5,30.5,24.0,744.0,1004
2023-05-10 21:23:54,SR311P6000,白糖2311沽6000,31.5,0.0,0.0,0.0,107,30.5,32.0,97,30.5,30.5,31.5,30.5,24.0,744.0,1004
2023-05-10 21:24:07,SR311P6000,白糖2311沽6000,31.5,0.0,0.0,0.0,107,30.5,32.0,87,30.5,30.5,31.5,30.5,24.0,744.0,1004
2023-05-10 21:24:07,SR311P6000,白糖2311沽6000,31.5,0.0,0.0,0.0,107,30.5,32.0,97,30.5,30.5,31.5,30.5,24.0,744.0,1004
2023-05-10 21:24:08,SR311P6000,白糖2311沽6000,31.5,0.0,0.0,0.0,107,30.5,32.0,87,30.5,30.5,31.5,30.5,24.0,744.0,1004
2023-05-10 21:24:09,SR311P6000,白糖2311沽6000,31.5,0.0,0.0,0.0,107,30.5,32.0,97,30.5,30.5,31.5,30.5,24.0,744.0,1004
2023-05-10 21:24:16,SR311P6000,白糖2311沽6000,31.5,0.0,0.0,0.0,107,30.5,32.0,87,30.5,30.5,31.5,30.5,24.0,744.0,1004
2023-05-10 21:24:16,SR311P6000,白糖2311沽6000,31.5,0.0,0.0,0.0,107,30.5,32.0,97,30.5,30.5,31.5,30.5,24.0,744.0,1004
2023-05-10 21:24:18,SR311P6000,白糖2311沽6000,31.5,0.0,0.0,0.0,107,30.5,32.0,87,30.5,30.5,31.5,30.5,24.0,744.0,1004
2023-05-10 21:24:18,SR311P6000,白糖2311沽6000,31.5,0.0,0.0,0.0,107,30.5,32.0,97,30.5,30.5,31.5,30.5,24.0,744.0,1004
2023-05-10 21:24:28,SR311P6000,白糖2311沽6000,31.5,0.0,0.0,0.0,87,30.5,32.0,107,30.5,30.5,31.5,30.5,24.0,744.0,1004
2023-05-10 21:24:32,SR311P6000,白糖2311沽6000,31.5,0.0,0.0,0.0,107,30.5,32.0,107,30.5,30.5,31.5,30.5,24.0,744.0,1004
2023-05-10 21:24:33,SR311P6000,白糖2311沽6000,31.5,0.0,0.0,0.0,107,30.5,32.0,97,30.5,30.5,31.5,30.5,24.0,744.0,1004
2023-05-10 21:24:34,SR311P6000,白糖2311沽6000,31.5,0.0,0.0,0.0,87,30.5,32.0,97,30.5,30.5,31.5,30.5,24.0,744.0,1004
2023-05-10 21:24:35,SR311P6000,白糖2311沽6000,31.5,0.0,0.0,0.0,107,30.5,32.0,97,30.5,30.5,31.5,30.5,24.0,744.0,1004
2023-05-10 21:24:36,SR311P6000,白糖2311沽6000,31.5,0.0,0.0,0.0,107,30.5,32.0,107,30.5,30.5,31.5,30.5,24.0,744.0,1004
2023-05-10 21:24:36,SR311P6000,白糖2311沽6000,31.5,0.0,0.0,0.0,87,30.5,32.0,107,30.5,30.5,31.5,30.5,24.0,744.0,1004
2023-05-10 21:24:38,SR311P6000,白糖2311沽6000,31.5,0.0,0.0,0.0,107,30.5,32.0,107,30.5,30.5,31.5,30.5,24.0,744.0,1004
2023-05-10 21:24:48,SR311P6000,白糖2311沽6000,31.5,0.0,0.0,0.0,107,30.5,32.0,97,30.5,30.5,31.5,30.5,24.0,744.0,1004
2023-05-10 21:25:08,SR311P6000,白糖2311沽6000,31.5,0.0,0.0,0.0,87,30.5,32.0,97,30.5,30.5,31.5,30.5,24.0,744.0,1004
2023-05-10 21:25:09,SR311P6000,白糖2311沽6000,31.5,0.0,0.0,0.0,107,30.5,32.0,107,30.5,30.5,31.5,30.5,24.0,744.0,1004
2023-05-10 21:25:09,SR311P6000,白糖2311沽6000,31.5,0.0,0.0,0.0,107,30.5,32.0,97,30.5,30.5,31.5,30.5,24.0,744.0,1004
2023-05-10 21:25:10,SR311P6000,白糖2311沽6000,31.5,0.0,0.0,0.0,87,30.5,32.0,107,30.5,30.5,31.5,30.5,24.0,744.0,1004
2023-05-10 21:25:13,SR311P6000,白糖2311沽6000,31.5,0.0,0.0,0.0,107,30.5,32.0,107,30.5,30.5,31.5,30.5,24.0,744.0,1004
2023-05-10 21:25:24,SR311P6000,白糖2311沽6000,31.5,0.0,0.0,0.0,107,30.5,32.0,97,30.5,30.5,31.5,30.5,24.0,744.0,1004
2023-05-10 21:25:33,SR311P6000,白糖2311沽6000,31.5,0.0,0.0,0.0,87,30.5,32.0,97,30.5,30.5,31.5,30.5,24.0,744.0,1004
2023-05-10 21:25:41,SR311P6000,白糖2311沽6000,31.5,0.0,0.0,0.0,107,30.5,32.0,97,30.5,30.5,31.5,30.5,24.0,744.0,1004
2023-05-10 21:25:51,SR311P6000,白糖2311沽6000,31.5,0.0,0.0,0.0,107,30.5,32.0,67,30.5,30.5,31.5,30.5,24.0,744.0,1004
2023-05-10 21:25:53,SR311P6000,白糖2311沽6000,31.5,0.0,0.0,0.0,107,30.5,32.0,87,30.5,30.5,31.5,30.5,24.0,744.0,1004
2023-05-10 21:25:59,SR311P6000,白糖2311沽6000,31.5,0.0,0.0,0.0,107,30.5,32.0,97,30.5,30.5,31.5,30.5,24.0,744.0,1004
2023-05-10 21:26:15,SR311P6000,白糖2311沽6000,31.5,0.0,0.0,0.0,87,30.5,32.0,97,30.5,30.5,31.5,30.5,24.0,744.0,1004
2023-05-10 21:26:20,SR311P6000,白糖2311沽6000,31.5,0.0,0.0,0.0,107,30.5,32.0,97,30.5,30.5,31.5,30.5,24.0,744.0,1004
2023-05-10 21:26:25,SR311P6000,白糖2311沽6000,31.5,0.0,0.0,0.0,107,30.5,32.0,107,30.5,30.5,31.5,30.5,24.0,744.0,1004
2023-05-10 21:26:26,SR311P6000,白糖2311沽6000,31.5,0.0,0.0,0.0,87,30.5,32.0,107,30.5,30.5,31.5,30.5,24.0,744.0,1004
2023-05-10 21:26:29,SR311P6000,白糖2311沽6000,31.5,0.0,0.0,0.0,107,30.5,32.0,107,30.5,30.5,31.5,30.5,24.0,744.0,1004
2023-05-10 21:26:29,SR311P6000,白糖2311沽6000,31.5,0.0,0.0,0.0,87,30.5,32.0,107,30.5,30.5,31.5,30.5,24.0,744.0,1004
2023-05-10 21:26:31,SR311P6000,白糖2311沽6000,31.5,0.0,0.0,0.0,87,30.5,32.0,87,30.5,30.5,31.5,30.5,24.0,744.0,1004
2023-05-10 21:26:32,SR311P6000,白糖2311沽6000,31.5,0.0,0.0,0.0,87,30.5,32.0,97,30.5,30.5,31.5,30.5,24.0,744.0,1004
2023-05-10 21:26:33,SR311P6000,白糖2311沽6000,31.5,0.0,0.0,0.0,87,30.5,32.0,107,30.5,30.5,31.5,30.5,24.0,744.0,1004
2023-05-10 21:26:34,SR311P6000,白糖2311沽6000,31.5,0.0,0.0,0.0,107,30.5,32.0,107,30.5,30.5,31.5,30.5,24.0,744.0,1004
2023-05-10 21:26:41,SR311P6000,白糖2311沽6000,31.5,0.0,0.0,0.0,87,30.5,32.0,107,30.5,30.5,31.5,30.5,24.0,744.0,1004
2023-05-10 21:26:46,SR311P6000,白糖2311沽6000,31.5,0.0,0.0,0.0,107,30.5,32.0,107,30.5,30.5,31.5,30.5,24.0,744.0,1004
2023-05-10 21:26:50,SR311P6000,白糖2311沽6000,31.5,0.0,0.0,0.0,107,30.5,32.0,77,30.5,30.5,31.5,30.5,24.0,744.0,1004
2023-05-10 21:26:51,SR311P6000,白糖2311沽6000,31.5,0.0,0.0,0.0,107,30.5,32.0,107,30.5,30.5,31.5,30.5,24.0,744.0,1004
2023-05-10 21:26:53,SR311P6000,白糖2311沽6000,31.5,0.0,0.0,0.0,107,30.5,32.0,97,30.5,30.5,31.5,30.5,24.0,744.0,1004
2023-05-10 21:26:55,SR311P6000,白糖2311沽6000,31.5,0.0,0.0,0.0,107,30.5,32.0,87,30.5,30.5,31.5,30.5,24.0,744.0,1004
2023-05-10 21:26:59,SR311P6000,白糖2311沽6000,31.5,0.0,0.0,0.0,107,30.5,32.0,97,30.5,30.5,31.5,30.5,24.0,744.0,1004
2023-05-10 21:27:01,SR311P6000,白糖2311沽6000,31.5,0.0,0.0,0.0,107,30.5,32.0,87,30.5,30.5,31.5,30.5,24.0,744.0,1004
2023-05-10 21:27:03,SR311P6000,白糖2311沽6000,31.5,0.0,0.0,0.0,107,30.5,32.0,67,30.5,30.5,31.5,30.5,24.0,744.0,1004
2023-05-10 21:27:05,SR311P6000,白糖2311沽6000,31.5,0.0,0.0,0.0,107,30.5,32.0,87,30.5,30.5,31.5,30.5,24.0,744.0,1004
2023-05-10 21:27:06,SR311P6000,白糖2311沽6000,31.5,0.0,0.0,0.0,107,30.5,32.0,97,30.5,30.5,31.5,30.5,24.0,744.0,1004
2023-05-10 21:27:07,SR311P6000,白糖2311沽6000,31.5,0.0,0.0,0.0,107,30.5,32.0,87,30.5,30.5,31.5,30.5,24.0,744.0,1004
2023-05-10 21:27:08,SR311P6000,白糖2311沽6000,31.5,0.0,0.0,0.0,107,30.5,32.0,77,30.5,30.5,31.5,30.5,24.0,744.0,1004
2023-05-10 21:27:09,SR311P6000,白糖2311沽6000,31.5,0.0,0.0,0.0,107,30.5,32.0,57,30.5,30.5,31.5,30.5,24.0,744.0,1004
2023-05-10 21:27:09,SR311P6000,白糖2311沽6000,31.5,0.0,0.0,0.0,107,30.5,32.0,77,30.5,30.5,31.5,30.5,24.0,744.0,1004
2023-05-10 21:27:22,SR311P6000,白糖2311沽6000,31.5,0.0,0.0,0.0,107,30.5,32.0,57,30.5,30.5,31.5,30.5,24.0,744.0,1004
2023-05-10 21:27:22,SR311P6000,白糖2311沽6000,31.5,0.0,0.0,0.0,107,30.5,32.0,107,30.5,30.5,31.5,30.5,24.0,744.0,1004
2023-05-10 21:27:25,SR311P6000,白糖2311沽6000,31.5,0.0,0.0,0.0,107,30.5,32.0,97,30.5,30.5,31.5,30.5,24.0,744.0,1004
2023-05-10 21:27:26,SR311P6000,白糖2311沽6000,31.5,0.0,0.0,0.0,107,30.5,32.0,87,30.5,30.5,31.5,30.5,24.0,744.0,1004
2023-05-10 21:27:30,SR311P6000,白糖2311沽6000,31.5,0.0,0.0,0.0,107,30.5,32.0,97,30.5,30.5,31.5,30.5,24.0,744.0,1004
2023-05-10 21:27:34,SR311P6000,白糖2311沽6000,31.5,0.0,0.0,0.0,87,30.5,32.0,97,30.5,30.5,31.5,30.5,24.0,744.0,1004
2023-05-10 21:27:37,SR311P6000,白糖2311沽6000,31.5,0.0,0.0,0.0,107,30.5,32.0,97,30.5,30.5,31.5,30.5,24.0,744.0,1004
2023-05-10 21:27:39,SR311P6000,白糖2311沽6000,31.5,0.0,0.0,0.0,107,30.5,32.0,87,30.5,30.5,31.5,30.5,24.0,744.0,1004
2023-05-10 21:27:40,SR311P6000,白糖2311沽6000,31.5,0.0,0.0,0.0,107,30.5,32.0,97,30.5,30.5,31.5,30.5,24.0,744.0,1004
2023-05-10 21:27:43,SR311P6000,白糖2311沽6000,31.5,0.0,0.0,0.0,107,30.5,32.0,107,30.5,30.5,31.5,30.5,24.0,744.0,1004
2023-05-10 21:27:44,SR311P6000,白糖2311沽6000,31.5,0.0,0.0,0.0,107,30.5,32.0,97,30.5,30.5,31.5,30.5,24.0,744.0,1004
2023-05-10 21:27:45,SR311P6000,白糖2311沽6000,31.5,0.0,0.0,0.0,107,30.5,32.0,107,30.5,30.5,31.5,30.5,24.0,744.0,1004
2023-05-10 21:27:45,SR311P6000,白糖2311沽6000,31.5,0.0,0.0,0.0,107,30.5,32.0,97,30.5,30.5,31.5,30.5,24.0,744.0,1004
2023-05-10 21:27:47,SR311P6000,白糖2311沽6000,31.5,0.0,0.0,0.0,107,30.5,32.0,107,30.5,30.5,31.5,30.5,24.0,744.0,1004
2023-05-10 21:27:49,SR311P6000,白糖2311沽6000,31.5,0.0,0.0,0.0,107,30.5,32.0,97,30.5,30.5,31.5,30.5,24.0,744.0,1004
2023-05-10 21:27:59,SR311P6000,白糖2311沽6000,31.5,0.0,0.0,0.0,107,30.5,32.0,87,30.5,30.5,31.5,30.5,24.0,744.0,1004
2023-05-10 21:28:00,SR311P6000,白糖2311沽6000,31.5,0.0,0.0,0.0,107,30.5,32.0,97,30.5,30.5,31.5,30.5,24.0,744.0,1004
2023-05-10 21:28:14,SR311P6000,白糖2311沽6000,31.5,0.0,0.0,0.0,87,30.5,32.0,97,30.5,30.5,31.5,30.5,24.0,744.0,1004
2023-05-10 21:28:15,SR311P6000,白糖2311沽6000,31.5,0.0,0.0,0.0,107,30.5,32.0,97,30.5,30.5,31.5,30.5,24.0,744.0,1004
2023-05-10 21:28:15,SR311P6000,白糖2311沽6000,31.5,0.0,0.0,0.0,87,30.5,32.0,97,30.5,30.5,31.5,30.5,24.0,744.0,1004
2023-05-10 21:28:23,SR311P6000,白糖2311沽6000,31.5,0.0,0.0,0.0,107,30.5,32.0,97,30.5,30.5,31.5,30.5,24.0,744.0,1004
2023-05-10 21:28:25,SR311P6000,白糖2311沽6000,31.5,0.0,0.0,0.0,87,30.5,32.0,97,30.5,30.5,31.5,30.5,24.0,744.0,1004
2023-05-10 21:28:26,SR311P6000,白糖2311沽6000,31.5,0.0,0.0,0.0,87,30.5,32.0,87,30.5,30.5,31.5,30.5,24.0,744.0,1004
2023-05-10 21:28:35,SR311P6000,白糖2311沽6000,31.5,0.0,0.0,0.0,107,30.5,32.0,87,30.5,30.5,31.5,30.5,24.0,744.0,1004
2023-05-10 21:28:42,SR311P6000,白糖2311沽6000,31.5,0.0,0.0,0.0,107,30.5,32.0,97,30.5,30.5,31.5,30.5,24.0,744.0,1004
2023-05-10 21:28:45,SR311P6000,白糖2311沽6000,31.5,0.0,0.0,0.0,87,30.5,32.0,97,30.5,30.5,31.5,30.5,24.0,744.0,1004
2023-05-10 21:28:45,SR311P6000,白糖2311沽6000,31.5,0.0,0.0,0.0,107,30.5,32.0,97,30.5,30.5,31.5,30.5,24.0,744.0,1004
2023-05-10 21:28:50,SR311P6000,白糖2311沽6000,31.5,0.0,0.0,0.0,87,30.5,32.0,97,30.5,30.5,31.5,30.5,24.0,744.0,1004
2023-05-10 21:28:54,SR311P6000,白糖2311沽6000,31.5,0.0,0.0,0.0,107,30.5,32.0,87,30.5,30.5,31.5,30.5,24.0,744.0,1004
2023-05-10 21:28:55,SR311P6000,白糖2311沽6000,31.5,0.0,0.0,0.0,107,30.5,32.0,67,30.5,30.5,31.5,30.5,24.0,744.0,1004
2023-05-10 21:28:57,SR311P6000,白糖2311沽6000,31.5,0.0,0.0,0.0,107,30.5,32.0,87,30.5,30.5,31.5,30.5,24.0,744.0,1004
2023-05-10 21:29:04,SR311P6000,白糖2311沽6000,31.5,0.0,0.0,0.0,107,30.5,32.0,97,30.5,30.5,31.5,30.5,24.0,744.0,1004
2023-05-10 21:29:06,SR311P6000,白糖2311沽6000,31.5,0.0,0.0,0.0,87,30.5,32.0,107,30.5,30.5,31.5,30.5,24.0,744.0,1004
2023-05-10 21:29:09,SR311P6000,白糖2311沽6000,31.5,0.0,0.0,0.0,107,30.5,32.0,107,30.5,30.5,31.5,30.5,24.0,744.0,1004
2023-05-10 21:29:11,SR311P6000,白糖2311沽6000,31.5,0.0,0.0,0.0,107,30.5,32.0,97,30.5,30.5,31.5,30.5,24.0,744.0,1004
2023-05-10 21:29:12,SR311P6000,白糖2311沽6000,31.5,0.0,0.0,0.0,107,30.5,32.0,107,30.5,30.5,31.5,30.5,24.0,744.0,1004
2023-05-10 21:29:12,SR311P6000,白糖2311沽6000,31.5,0.0,0.0,0.0,87,30.5,32.0,107,30.5,30.5,31.5,30.5,24.0,744.0,1004
2023-05-10 21:29:13,SR311P6000,白糖2311沽6000,31.5,0.0,0.0,0.0,107,30.5,32.0,97,30.5,30.5,31.5,30.5,24.0,744.0,1004
2023-05-10 21:29:14,SR311P6000,白糖2311沽6000,31.5,0.0,0.0,0.0,87,30.5,32.0,97,30.5,30.5,31.5,30.5,24.0,744.0,1004
2023-05-10 21:29:15,SR311P6000,白糖2311沽6000,31.5,0.0,0.0,0.0,107,30.5,32.0,97,30.5,30.5,31.5,30.5,24.0,744.0,1004
2023-05-10 21:29:19,SR311P6000,白糖2311沽6000,31.5,0.0,0.0,0.0,107,30.5,32.0,107,30.5,30.5,31.5,30.5,24.0,744.0,1004
2023-05-10 21:29:19,SR311P6000,白糖2311沽6000,31.5,0.0,0.0,0.0,107,30.5,32.0,97,30.5,30.5,31.5,30.5,24.0,744.0,1004
2023-05-10 21:29:22,SR311P6000,白糖2311沽6000,31.5,0.0,0.0,0.0,107,30.5,32.0,107,30.5,30.5,31.5,30.5,24.0,744.0,1004
2023-05-10 21:29:24,SR311P6000,白糖2311沽6000,31.5,0.0,0.0,0.0,107,30.5,32.0,97,30.5,30.5,31.5,30.5,24.0,744.0,1004
2023-05-10 21:29:25,SR311P6000,白糖2311沽6000,31.5,0.0,0.0,0.0,87,30.5,32.0,107,30.5,30.5,31.5,30.5,24.0,744.0,1004
2023-05-10 21:29:52,SR311P6000,白糖2311沽6000,31.5,0.0,0.0,0.0,107,30.5,32.0,107,30.5,30.5,31.5,30.5,24.0,744.0,1004
2023-05-10 21:29:53,SR311P6000,白糖2311沽6000,31.5,0.0,0.0,0.0,87,30.5,32.0,107,30.5,30.5,31.5,30.5,24.0,744.0,1004
2023-05-10 21:30:01,SR311P6000,白糖2311沽6000,31.5,0.0,0.0,0.0,107,30.5,32.0,107,30.5,30.5,31.5,30.5,24.0,744.0,1004
2023-05-10 21:30:01,SR311P6000,白糖2311沽6000,31.5,0.0,0.0,0.0,87,30.5,32.0,107,30.5,30.5,31.5,30.5,24.0,744.0,1004
2023-05-10 21:30:12,SR311P6000,白糖2311沽6000,31.5,0.0,0.0,0.0,107,30.5,32.0,107,30.5,30.5,31.5,30.5,24.0,744.0,1004
2023-05-10 21:30:13,SR311P6000,白糖2311沽6000,31.5,0.0,0.0,0.0,87,30.5,32.0,107,30.5,30.5,31.5,30.5,24.0,744.0,1004
2023-05-10 21:30:15,SR311P6000,白糖2311沽6000,31.5,0.0,0.0,0.0,107,30.5,32.0,97,30.5,30.5,31.5,30.5,24.0,744.0,1004
2023-05-10 21:30:16,SR311P6000,白糖2311沽6000,31.5,0.0,0.0,0.0,107,30.5,32.0,107,30.5,30.5,31.5,30.5,24.0,744.0,1004
2023-05-10 21:30:17,SR311P6000,白糖2311沽6000,31.5,0.0,0.0,0.0,87,30.5,32.0,107,30.5,30.5,31.5,30.5,24.0,744.0,1004
2023-05-10 21:30:21,SR311P6000,白糖2311沽6000,31.5,0.0,0.0,0.0,87,30.5,32.0,97,30.5,30.5,31.5,30.5,24.0,744.0,1004
2023-05-10 21:30:22,SR311P6000,白糖2311沽6000,31.5,0.0,0.0,0.0,87,30.5,32.0,107,30.5,30.5,31.5,30.5,24.0,744.0,1004
2023-05-10 21:30:24,SR311P6000,白糖2311沽6000,31.5,0.0,0.0,0.0,87,30.5,32.0,97,30.5,30.5,31.5,30.5,24.0,744.0,1004
2023-05-10 21:30:25,SR311P6000,白糖2311沽6000,31.5,0.0,0.0,0.0,87,30.5,32.0,107,30.5,30.5,31.5,30.5,24.0,744.0,1004
2023-05-10 21:30:26,SR311P6000,白糖2311沽6000,31.5,0.0,0.0,0.0,87,30.5,32.0,97,30.5,30.5,31.5,30.5,24.0,744.0,1004
2023-05-10 21:30:30,SR311P6000,白糖2311沽6000,31.5,0.0,0.0,0.0,87,30.5,32.0,107,30.5,30.5,31.5,30.5,24.0,744.0,1004
2023-05-10 21:30:34,SR311P6000,白糖2311沽6000,31.5,0.0,0.0,0.0,107,30.5,32.0,107,30.5,30.5,31.5,30.5,24.0,744.0,1004
2023-05-10 21:30:39,SR311P6000,白糖2311沽6000,31.5,0.0,0.0,0.0,87,30.5,32.0,107,30.5,30.5,31.5,30.5,24.0,744.0,1004
2023-05-10 21:30:57,SR311P6000,白糖2311沽6000,31.5,0.0,0.0,0.0,107,30.5,32.0,107,30.5,30.5,31.5,30.5,24.0,744.0,1004
2023-05-10 21:31:08,SR311P6000,白糖2311沽6000,31.5,0.0,0.0,0.0,87,30.5,32.0,107,30.5,30.5,31.5,30.5,24.0,744.0,1004
2023-05-10 21:31:13,SR311P6000,白糖2311沽6000,31.5,0.0,0.0,0.0,107,30.5,32.0,107,30.5,30.5,31.5,30.5,24.0,744.0,1004
2023-05-10 21:31:15,SR311P6000,白糖2311沽6000,31.5,0.0,0.0,0.0,87,30.5,32.0,107,30.5,30.5,31.5,30.5,24.0,744.0,1004
2023-05-10 21:31:16,SR311P6000,白糖2311沽6000,31.5,0.0,0.0,0.0,107,30.5,32.0,107,30.5,30.5,31.5,30.5,24.0,744.0,1004
2023-05-10 21:31:24,SR311P6000,白糖2311沽6000,31.5,0.0,0.0,0.0,87,30.5,32.0,107,30.5,30.5,31.5,30.5,24.0,744.0,1004
2023-05-10 21:31:26,SR311P6000,白糖2311沽6000,31.5,0.0,0.0,0.0,87,30.5,31.5,7,30.5,30.5,31.5,30.5,24.0,744.0,1004
2023-05-10 21:31:26,SR311P6000,白糖2311沽6000,31.5,0.0,0.0,0.0,87,30.5,31.5,27,30.5,30.5,31.5,30.5,24.0,744.0,1004
2023-05-10 21:31:39,SR311P6000,白糖2311沽6000,31.5,0.0,0.0,0.0,107,30.5,31.5,27,30.5,30.5,31.5,30.5,24.0,744.0,1004
2023-05-10 21:31:45,SR311P6000,白糖2311沽6000,31.5,0.0,0.0,0.0,87,30.5,31.5,27,30.5,30.5,31.5,30.5,24.0,744.0,1004
2023-05-10 21:31:51,SR311P6000,白糖2311沽6000,31.5,0.0,0.0,0.0,107,30.5,31.5,27,30.5,30.5,31.5,30.5,24.0,744.0,1004
2023-05-10 21:31:53,SR311P6000,白糖2311沽6000,31.5,0.0,0.0,0.0,87,30.5,31.5,27,30.5,30.5,31.5,30.5,24.0,744.0,1004
2023-05-10 21:32:05,SR311P6000,白糖2311沽6000,31.5,0.0,0.0,0.0,77,30.5,31.5,27,30.5,30.5,31.5,30.5,24.0,744.0,1004
2023-05-10 21:32:06,SR311P6000,白糖2311沽6000,31.5,0.0,0.0,0.0,67,30.5,31.5,27,30.5,30.5,31.5,30.5,24.0,744.0,1004
2023-05-10 21:32:06,SR311P6000,白糖2311沽6000,31.5,0.0,0.0,0.0,77,30.5,31.5,27,30.5,30.5,31.5,30.5,24.0,744.0,1004
2023-05-10 21:32:06,SR311P6000,白糖2311沽6000,31.5,0.0,0.0,0.0,67,30.5,31.5,27,30.5,30.5,31.5,30.5,24.0,744.0,1004
2023-05-10 21:32:08,SR311P6000,白糖2311沽6000,31.5,0.0,0.0,0.0,77,30.5,31.5,27,30.5,30.5,31.5,30.5,24.0,744.0,1004
2023-05-10 21:32:09,SR311P6000,白糖2311沽6000,31.5,0.0,0.0,0.0,67,30.5,31.5,27,30.5,30.5,31.5,30.5,24.0,744.0,1004
2023-05-10 21:32:18,SR311P6000,白糖2311沽6000,31.5,0.0,0.0,0.0,77,30.5,31.5,27,30.5,30.5,31.5,30.5,24.0,744.0,1004
2023-05-10 21:32:19,SR311P6000,白糖2311沽6000,31.5,0.0,0.0,0.0,87,30.5,31.5,27,30.5,30.5,31.5,30.5,24.0,744.0,1004
2023-05-10 21:32:22,SR311P6000,白糖2311沽6000,31.5,0.0,0.0,0.0,77,30.5,31.5,37,30.5,30.5,31.5,30.5,24.0,744.0,1004
2023-05-10 21:32:24,SR311P6000,白糖2311沽6000,31.5,0.0,0.0,0.0,67,30.5,31.5,27,30.5,30.5,31.5,30.5,24.0,744.0,1004
2023-05-10 21:32:33,SR311P6000,白糖2311沽6000,31.5,0.0,0.0,0.0,67,30.5,31.5,37,30.5,30.5,31.5,30.5,24.0,744.0,1004
2023-05-10 21:32:35,SR311P6000,白糖2311沽6000,31.5,0.0,0.0,0.0,67,30.5,31.5,27,30.5,30.5,31.5,30.5,24.0,744.0,1004
2023-05-10 21:32:41,SR311P6000,白糖2311沽6000,31.5,0.0,0.0,0.0,67,30.5,31.5,37,30.5,30.5,31.5,30.5,24.0,744.0,1004
2023-05-10 21:32:46,SR311P6000,白糖2311沽6000,31.5,0.0,0.0,0.0,87,30.5,31.5,27,30.5,30.5,31.5,30.5,24.0,744.0,1004
2023-05-10 21:32:49,SR311P6000,白糖2311沽6000,31.5,0.0,0.0,0.0,77,30.5,31.5,27,30.5,30.5,31.5,30.5,24.0,744.0,1004
2023-05-10 21:32:49,SR311P6000,白糖2311沽6000,31.5,0.0,0.0,0.0,97,30.5,31.5,27,30.5,30.5,31.5,30.5,24.0,744.0,1004
2023-05-10 21:32:50,SR311P6000,白糖2311沽6000,31.5,0.0,0.0,0.0,77,30.5,31.5,27,30.5,30.5,31.5,30.5,24.0,744.0,1004
2023-05-10 21:32:51,SR311P6000,白糖2311沽6000,31.5,0.0,0.0,0.0,97,30.5,31.5,27,30.5,30.5,31.5,30.5,24.0,744.0,1004
2023-05-10 21:32:53,SR311P6000,白糖2311沽6000,31.5,0.0,0.0,0.0,77,30.5,31.5,27,30.5,30.5,31.5,30.5,24.0,744.0,1004
2023-05-10 21:32:59,SR311P6000,白糖2311沽6000,31.5,0.0,0.0,0.0,67,30.5,31.5,27,30.5,30.5,31.5,30.5,24.0,744.0,1004
2023-05-10 21:32:59,SR311P6000,白糖2311沽6000,31.5,0.0,0.0,0.0,67,30.5,31.5,37,30.5,30.5,31.5,30.5,24.0,744.0,1004
2023-05-10 21:33:00,SR311P6000,白糖2311沽6000,31.5,0.0,0.0,0.0,67,30.5,31.5,27,30.5,30.5,31.5,30.5,24.0,744.0,1004
2023-05-10 21:33:05,SR311P6000,白糖2311沽6000,31.5,0.0,0.0,0.0,77,30.5,31.5,27,30.5,30.5,31.5,30.5,24.0,744.0,1004
2023-05-10 21:33:09,SR311P6000,白糖2311沽6000,31.5,0.0,0.0,0.0,67,30.5,31.5,27,30.5,30.5,31.5,30.5,24.0,744.0,1004
2023-05-10 21:33:10,SR311P6000,白糖2311沽6000,31.5,0.0,0.0,0.0,77,30.5,31.5,27,30.5,30.5,31.5,30.5,24.0,744.0,1004
2023-05-10 21:33:11,SR311P6000,白糖2311沽6000,31.5,0.0,0.0,0.0,67,30.5,31.5,27,30.5,30.5,31.5,30.5,24.0,744.0,1004
2023-05-10 21:33:13,SR311P6000,白糖2311沽6000,31.5,0.0,0.0,0.0,77,30.5,31.5,27,30.5,30.5,31.5,30.5,24.0,744.0,1004
2023-05-10 21:33:15,SR311P6000,白糖2311沽6000,31.5,0.0,0.0,0.0,67,30.5,31.5,27,30.5,30.5,31.5,30.5,24.0,744.0,1004
2023-05-10 21:33:17,SR311P6000,白糖2311沽6000,31.5,0.0,0.0,0.0,77,30.5,31.5,27,30.5,30.5,31.5,30.5,24.0,744.0,1004
2023-05-10 21:33:21,SR311P6000,白糖2311沽6000,31.5,0.0,0.0,0.0,67,30.5,31.5,27,30.5,30.5,31.5,30.5,24.0,744.0,1004
2023-05-10 21:33:21,SR311P6000,白糖2311沽6000,31.5,0.0,0.0,0.0,67,30.5,31.5,57,30.5,30.5,31.5,30.5,24.0,744.0,1004
2023-05-10 21:33:22,SR311P6000,白糖2311沽6000,31.5,0.0,0.0,0.0,67,30.5,31.5,47,30.5,30.5,31.5,30.5,24.0,744.0,1004
2023-05-10 21:33:26,SR311P6000,白糖2311沽6000,31.5,0.0,0.0,0.0,67,30.5,31.5,57,30.5,30.5,31.5,30.5,24.0,744.0,1004
2023-05-10 21:33:27,SR311P6000,白糖2311沽6000,31.5,0.0,0.0,0.0,67,30.5,31.5,47,30.5,30.5,31.5,30.5,24.0,744.0,1004
2023-05-10 21:33:28,SR311P6000,白糖2311沽6000,31.5,0.0,0.0,0.0,67,30.5,31.5,57,30.5,30.5,31.5,30.5,24.0,744.0,1004
2023-05-10 21:33:31,SR311P6000,白糖2311沽6000,31.5,0.0,0.0,0.0,67,30.5,31.5,47,30.5,30.5,31.5,30.5,24.0,744.0,1004
2023-05-10 21:33:33,SR311P6000,白糖2311沽6000,31.5,0.0,0.0,0.0,67,30.5,31.5,37,30.5,30.5,31.5,30.5,24.0,744.0,1004
2023-05-10 21:33:34,SR311P6000,白糖2311沽6000,31.5,0.0,0.0,0.0,67,30.5,31.5,47,30.5,30.5,31.5,30.5,24.0,744.0,1004
2023-05-10 21:33:35,SR311P6000,白糖2311沽6000,31.5,0.0,0.0,0.0,67,30.5,31.5,37,30.5,30.5,31.5,30.5,24.0,744.0,1004
2023-05-10 21:33:39,SR311P6000,白糖2311沽6000,31.5,0.0,0.0,0.0,67,30.5,31.5,27,30.5,30.5,31.5,30.5,24.0,744.0,1004
2023-05-10 21:33:40,SR311P6000,白糖2311沽6000,31.5,0.0,0.0,0.0,67,30.5,31.5,37,30.5,30.5,31.5,30.5,24.0,744.0,1004
2023-05-10 21:33:43,SR311P6000,白糖2311沽6000,31.5,0.0,0.0,0.0,77,30.5,31.5,37,30.5,30.5,31.5,30.5,24.0,744.0,1004
2023-05-10 21:33:44,SR311P6000,白糖2311沽6000,31.5,0.0,0.0,0.0,67,30.5,31.5,37,30.5,30.5,31.5,30.5,24.0,744.0,1004
2023-05-10 21:33:44,SR311P6000,白糖2311沽6000,31.5,0.0,0.0,0.0,77,30.5,31.5,37,30.5,30.5,31.5,30.5,24.0,744.0,1004
2023-05-10 21:33:45,SR311P6000,白糖2311沽6000,31.5,0.0,0.0,0.0,67,30.5,31.5,37,30.5,30.5,31.5,30.5,24.0,744.0,1004
2023-05-10 21:33:45,SR311P6000,白糖2311沽6000,31.5,0.0,0.0,0.0,77,30.5,31.5,37,30.5,30.5,31.5,30.5,24.0,744.0,1004
2023-05-10 21:33:46,SR311P6000,白糖2311沽6000,31.5,0.0,0.0,0.0,67,30.5,31.5,37,30.5,30.5,31.5,30.5,24.0,744.0,1004
2023-05-10 21:33:47,SR311P6000,白糖2311沽6000,31.5,0.0,0.0,0.0,67,30.5,31.5,47,30.5,30.5,31.5,30.5,24.0,744.0,1004
2023-05-10 21:33:49,SR311P6000,白糖2311沽6000,31.5,0.0,0.0,0.0,67,30.5,31.5,37,30.5,30.5,31.5,30.5,24.0,744.0,1004
2023-05-10 21:33:51,SR311P6000,白糖2311沽6000,31.5,0.0,0.0,0.0,77,30.5,31.5,37,30.5,30.5,31.5,30.5,24.0,744.0,1004
2023-05-10 21:34:00,SR311P6000,白糖2311沽6000,31.5,0.0,0.0,0.0,67,30.5,31.5,37,30.5,30.5,31.5,30.5,24.0,744.0,1004
2023-05-10 21:34:13,SR311P6000,白糖2311沽6000,31.5,0.0,0.0,0.0,77,30.5,31.5,37,30.5,30.5,31.5,30.5,24.0,744.0,1004
2023-05-10 21:34:17,SR311P6000,白糖2311沽6000,31.5,0.0,0.0,0.0,67,30.5,31.5,37,30.5,30.5,31.5,30.5,24.0,744.0,1004
2023-05-10 21:34:25,SR311P6000,白糖2311沽6000,31.5,0.0,0.0,0.0,67,30.5,31.5,47,30.5,30.5,31.5,30.5,24.0,744.0,1004
2023-05-10 21:34:26,SR311P6000,白糖2311沽6000,31.5,0.0,0.0,0.0,67,30.5,31.5,37,30.5,30.5,31.5,30.5,24.0,744.0,1004
2023-05-10 21:34:31,SR311P6000,白糖2311沽6000,31.5,0.0,0.0,0.0,97,30.5,31.5,37,30.5,30.5,31.5,30.5,24.0,744.0,1004
2023-05-10 21:34:33,SR311P6000,白糖2311沽6000,31.5,0.0,0.0,0.0,77,30.5,31.5,37,30.5,30.5,31.5,30.5,24.0,744.0,1004
2023-05-10 21:34:36,SR311P6000,白糖2311沽6000,31.5,0.0,0.0,0.0,77,30.5,31.5,47,30.5,30.5,31.5,30.5,24.0,744.0,1004
2023-05-10 21:34:38,SR311P6000,白糖2311沽6000,31.5,0.0,0.0,0.0,67,30.5,31.5,47,30.5,30.5,31.5,30.5,24.0,744.0,1004
2023-05-10 21:34:41,SR311P6000,白糖2311沽6000,31.5,0.0,0.0,0.0,57,30.5,31.5,47,30.5,30.5,31.5,30.5,24.0,744.0,1004
2023-05-10 21:34:41,SR311P6000,白糖2311沽6000,31.5,0.0,0.0,0.0,67,30.5,31.5,47,30.5,30.5,31.5,30.5,24.0,744.0,1004
2023-05-10 21:34:42,SR311P6000,白糖2311沽6000,31.5,0.0,0.0,0.0,57,30.5,31.5,47,30.5,30.5,31.5,30.5,24.0,744.0,1004
2023-05-10 21:34:43,SR311P6000,白糖2311沽6000,31.5,0.0,0.0,0.0,57,30.5,31.5,57,30.5,30.5,31.5,30.5,24.0,744.0,1004
2023-05-10 21:34:49,SR311P6000,白糖2311沽6000,31.5,0.0,0.0,0.0,67,30.5,31.5,57,30.5,30.5,31.5,30.5,24.0,744.0,1004
2023-05-10 21:34:54,SR311P6000,白糖2311沽6000,31.5,0.0,0.0,0.0,67,30.5,31.5,47,30.5,30.5,31.5,30.5,24.0,744.0,1004
2023-05-10 21:34:56,SR311P6000,白糖2311沽6000,31.5,0.0,0.0,0.0,87,30.5,31.5,37,30.5,30.5,31.5,30.5,24.0,744.0,1004
2023-05-10 21:34:56,SR311P6000,白糖2311沽6000,31.5,0.0,0.0,0.0,67,30.5,31.5,37,30.5,30.5,31.5,30.5,24.0,744.0,1004
2023-05-10 21:34:58,SR311P6000,白糖2311沽6000,31.5,0.0,0.0,0.0,67,30.5,31.5,47,30.5,30.5,31.5,30.5,24.0,744.0,1004
2023-05-10 21:34:59,SR311P6000,白糖2311沽6000,31.5,0.0,0.0,0.0,67,30.5,31.5,37,30.5,30.5,31.5,30.5,24.0,744.0,1004
2023-05-10 21:35:01,SR311P6000,白糖2311沽6000,31.5,0.0,0.0,0.0,67,30.5,31.5,47,30.5,30.5,31.5,30.5,24.0,744.0,1004
2023-05-10 21:35:07,SR311P6000,白糖2311沽6000,31.5,0.0,0.0,0.0,57,30.5,31.5,57,30.5,30.5,31.5,30.5,24.0,744.0,1004
2023-05-10 21:35:08,SR311P6000,白糖2311沽6000,31.5,0.0,0.0,0.0,67,30.5,31.5,57,30.5,30.5,31.5,30.5,24.0,744.0,1004
2023-05-10 21:35:09,SR311P6000,白糖2311沽6000,31.5,0.0,0.0,0.0,57,30.5,31.5,57,30.5,30.5,31.5,30.5,24.0,744.0,1004
2023-05-10 21:35:13,SR311P6000,白糖2311沽6000,31.5,0.0,0.0,0.0,67,30.5,31.5,57,30.5,30.5,31.5,30.5,24.0,744.0,1004
2023-05-10 21:35:16,SR311P6000,白糖2311沽6000,31.5,0.0,0.0,0.0,87,30.5,31.5,37,30.5,30.5,31.5,30.5,24.0,744.0,1004
2023-05-10 21:35:16,SR311P6000,白糖2311沽6000,31.5,0.0,0.0,0.0,67,30.5,31.5,37,30.5,30.5,31.5,30.5,24.0,744.0,1004
2023-05-10 21:35:16,SR311P6000,白糖2311沽6000,31.5,0.0,0.0,0.0,87,30.5,31.5,37,30.5,30.5,31.5,30.5,24.0,744.0,1004
2023-05-10 21:35:17,SR311P6000,白糖2311沽6000,31.5,0.0,0.0,0.0,67,30.5,31.5,47,30.5,30.5,31.5,30.5,24.0,744.0,1004
2023-05-10 21:35:24,SR311P6000,白糖2311沽6000,31.5,0.0,0.0,0.0,67,30.5,31.5,37,30.5,30.5,31.5,30.5,24.0,744.0,1004
2023-05-10 21:35:24,SR311P6000,白糖2311沽6000,31.5,0.0,0.0,0.0,67,30.5,31.5,47,30.5,30.5,31.5,30.5,24.0,744.0,1004
2023-05-10 21:35:34,SR311P6000,白糖2311沽6000,31.5,0.0,0.0,0.0,87,30.5,31.5,47,30.5,30.5,31.5,30.5,24.0,744.0,1004
2023-05-10 21:35:37,SR311P6000,白糖2311沽6000,31.5,0.0,0.0,0.0,67,30.5,31.5,47,30.5,30.5,31.5,30.5,24.0,744.0,1004
2023-05-10 21:35:44,SR311P6000,白糖2311沽6000,31.5,0.0,0.0,0.0,67,30.5,31.5,37,30.5,30.5,31.5,30.5,24.0,744.0,1004
2023-05-10 21:35:53,SR311P6000,白糖2311沽6000,31.5,0.0,0.0,0.0,87,30.5,31.5,37,30.5,30.5,31.5,30.5,24.0,744.0,1004
2023-05-10 21:35:53,SR311P6000,白糖2311沽6000,31.5,0.0,0.0,0.0,67,30.5,31.5,37,30.5,30.5,31.5,30.5,24.0,744.0,1004
2023-05-10 21:35:59,SR311P6000,白糖2311沽6000,31.5,0.0,0.0,0.0,67,30.5,31.5,27,30.5,30.5,31.5,30.5,24.0,744.0,1004
2023-05-10 21:36:01,SR311P6000,白糖2311沽6000,31.5,0.0,0.0,0.0,67,30.5,31.5,37,30.5,30.5,31.5,30.5,24.0,744.0,1004
2023-05-10 21:36:03,SR311P6000,白糖2311沽6000,31.5,0.0,0.0,0.0,87,30.5,31.5,37,30.5,30.5,31.5,30.5,24.0,744.0,1004
2023-05-10 21:36:03,SR311P6000,白糖2311沽6000,31.5,0.0,0.0,0.0,67,30.5,31.5,37,30.5,30.5,31.5,30.5,24.0,744.0,1004
2023-05-10 21:36:04,SR311P6000,白糖2311沽6000,31.5,0.0,0.0,0.0,97,30.5,31.5,27,30.5,30.5,31.5,30.5,24.0,744.0,1004
2023-05-10 21:36:07,SR311P6000,白糖2311沽6000,31.5,0.0,0.0,0.0,107,30.5,31.5,27,30.5,30.5,31.5,30.5,24.0,744.0,1004
2023-05-10 21:36:08,SR311P6000,白糖2311沽6000,31.5,0.0,0.0,0.0,97,30.5,31.5,27,30.5,30.5,31.5,30.5,24.0,744.0,1004
2023-05-10 21:36:10,SR311P6000,白糖2311沽6000,31.5,0.0,0.0,0.0,67,30.5,31.5,27,30.5,30.5,31.5,30.5,24.0,744.0,1004
2023-05-10 21:36:10,SR311P6000,白糖2311沽6000,31.5,0.0,0.0,0.0,77,30.5,31.5,27,30.5,30.5,31.5,30.5,24.0,744.0,1004
2023-05-10 21:36:20,SR311P6000,白糖2311沽6000,31.5,0.0,0.0,0.0,67,30.5,31.5,27,30.5,30.5,31.5,30.5,24.0,744.0,1004
2023-05-10 21:36:29,SR311P6000,白糖2311沽6000,31.5,0.0,0.0,0.0,67,30.5,31.5,37,30.5,30.5,31.5,30.5,24.0,744.0,1004
2023-05-10 21:36:29,SR311P6000,白糖2311沽6000,31.5,0.0,0.0,0.0,67,30.5,31.5,47,30.5,30.5,31.5,30.5,24.0,744.0,1004
2023-05-10 21:36:30,SR311P6000,白糖2311沽6000,31.5,0.0,0.0,0.0,67,30.5,31.5,37,30.5,30.5,31.5,30.5,24.0,744.0,1004
2023-05-10 21:36:37,SR311P6000,白糖2311沽6000,31.5,0.0,0.0,0.0,67,30.5,31.5,47,30.5,30.5,31.5,30.5,24.0,744.0,1004
2023-05-10 21:36:37,SR311P6000,白糖2311沽6000,31.5,0.0,0.0,0.0,57,30.5,31.5,37,30.5,30.5,31.5,30.5,24.0,744.0,1004
2023-05-10 21:36:38,SR311P6000,白糖2311沽6000,31.5,0.0,0.0,0.0,87,30.5,31.5,37,30.5,30.5,31.5,30.5,24.0,744.0,1004
2023-05-10 21:36:45,SR311P6000,白糖2311沽6000,31.5,0.0,0.0,0.0,87,30.5,31.5,47,30.5,30.5,31.5,30.5,24.0,744.0,1004
2023-05-10 21:36:46,SR311P6000,白糖2311沽6000,31.5,0.0,0.0,0.0,87,30.5,31.5,37,30.5,30.5,31.5,30.5,24.0,744.0,1004
2023-05-10 21:36:50,SR311P6000,白糖2311沽6000,31.5,0.0,0.0,0.0,67,30.5,31.5,47,30.5,30.5,31.5,30.5,24.0,744.0,1004
2023-05-10 21:36:50,SR311P6000,白糖2311沽6000,31.5,0.0,0.0,0.0,87,30.5,31.5,27,30.5,30.5,31.5,30.5,24.0,744.0,1004
2023-05-10 21:36:52,SR311P6000,白糖2311沽6000,31.5,0.0,0.0,0.0,87,30.5,31.5,37,30.5,30.5,31.5,30.5,24.0,744.0,1004
2023-05-10 21:36:53,SR311P6000,白糖2311沽6000,31.5,0.0,0.0,0.0,67,30.5,31.5,37,30.5,30.5,31.5,30.5,24.0,744.0,1004
2023-05-10 21:36:57,SR311P6000,白糖2311沽6000,31.5,0.0,0.0,0.0,67,30.5,31.5,47,30.5,30.5,31.5,30.5,24.0,744.0,1004
2023-05-10 21:36:59,SR311P6000,白糖2311沽6000,31.5,0.0,0.0,0.0,67,30.5,31.5,37,30.5,30.5,31.5,30.5,24.0,744.0,1004
2023-05-10 21:37:00,SR311P6000,白糖2311沽6000,31.5,0.0,0.0,0.0,67,30.5,31.5,47,30.5,30.5,31.5,30.5,24.0,744.0,1004
2023-05-10 21:37:00,SR311P6000,白糖2311沽6000,31.5,0.0,0.0,0.0,67,30.5,31.5,37,30.5,30.5,31.5,30.5,24.0,744.0,1004
2023-05-10 21:37:04,SR311P6000,白糖2311沽6000,31.5,0.0,0.0,0.0,67,30.5,31.5,47,30.5,30.5,31.5,30.5,24.0,744.0,1004
2023-05-10 21:37:04,SR311P6000,白糖2311沽6000,31.5,0.0,0.0,0.0,67,30.5,31.5,37,30.5,30.5,31.5,30.5,24.0,744.0,1004
2023-05-10 21:37:10,SR311P6000,白糖2311沽6000,31.5,0.0,0.0,0.0,67,30.5,31.5,47,30.5,30.5,31.5,30.5,24.0,744.0,1004
2023-05-10 21:37:11,SR311P6000,白糖2311沽6000,31.5,0.0,0.0,0.0,67,30.5,31.5,57,30.5,30.5,31.5,30.5,24.0,744.0,1004
2023-05-10 21:37:11,SR311P6000,白糖2311沽6000,31.5,0.0,0.0,0.0,57,30.5,31.5,57,30.5,30.5,31.5,30.5,24.0,744.0,1004
2023-05-10 21:37:15,SR311P6000,白糖2311沽6000,31.5,0.0,0.0,0.0,57,30.5,31.5,47,30.5,30.5,31.5,30.5,24.0,744.0,1004
2023-05-10 21:37:25,SR311P6000,白糖2311沽6000,31.5,0.0,0.0,0.0,57,30.5,31.5,57,30.5,30.5,31.5,30.5,24.0,744.0,1004
2023-05-10 21:37:39,SR311P6000,白糖2311沽6000,31.5,0.0,0.0,0.0,57,30.5,31.5,47,30.5,30.5,31.5,30.5,24.0,744.0,1004
2023-05-10 21:37:39,SR311P6000,白糖2311沽6000,31.5,0.0,0.0,0.0,57,30.5,31.5,37,30.5,30.5,31.5,30.5,24.0,744.0,1004
2023-05-10 21:37:45,SR311P6000,白糖2311沽6000,31.5,0.0,0.0,0.0,57,30.5,31.5,47,30.5,30.5,31.5,30.5,24.0,744.0,1004
2023-05-10 21:37:45,SR311P6000,白糖2311沽6000,31.5,0.0,0.0,0.0,57,30.5,31.5,37,30.5,30.5,31.5,30.5,24.0,744.0,1004
2023-05-10 21:37:46,SR311P6000,白糖2311沽6000,31.5,0.0,0.0,0.0,57,30.5,31.5,47,30.5,30.5,31.5,30.5,24.0,744.0,1004
2023-05-10 21:37:48,SR311P6000,白糖2311沽6000,31.5,0.0,0.0,0.0,57,30.5,31.5,37,30.5,30.5,31.5,30.5,24.0,744.0,1004
2023-05-10 21:37:50,SR311P6000,白糖2311沽6000,31.5,0.0,0.0,0.0,57,30.5,31.5,47,30.5,30.5,31.5,30.5,24.0,744.0,1004
2023-05-10 21:37:59,SR311P6000,白糖2311沽6000,31.5,0.0,0.0,0.0,57,30.5,31.5,37,30.5,30.5,31.5,30.5,24.0,744.0,1004
2023-05-10 21:38:02,SR311P6000,白糖2311沽6000,31.5,0.0,0.0,0.0,67,30.5,31.5,37,30.5,30.5,31.5,30.5,24.0,744.0,1004
2023-05-10 21:38:05,SR311P6000,白糖2311沽6000,31.5,0.0,0.0,0.0,87,30.5,31.5,37,30.5,30.5,31.5,30.5,24.0,744.0,1004
2023-05-10 21:38:06,SR311P6000,白糖2311沽6000,31.5,0.0,0.0,0.0,67,30.5,31.5,37,30.5,30.5,31.5,30.5,24.0,744.0,1004
2023-05-10 21:38:07,SR311P6000,白糖2311沽6000,31.5,0.0,0.0,0.0,87,30.5,31.5,37,30.5,30.5,31.5,30.5,24.0,744.0,1004
2023-05-10 21:38:09,SR311P6000,白糖2311沽6000,31.5,0.0,0.0,0.0,67,30.5,31.5,37,30.5,30.5,31.5,30.5,24.0,744.0,1004
2023-05-10 21:38:12,SR311P6000,白糖2311沽6000,31.5,0.0,0.0,0.0,87,30.5,31.5,37,30.5,30.5,31.5,30.5,24.0,744.0,1004
2023-05-10 21:38:13,SR311P6000,白糖2311沽6000,31.5,0.0,0.0,0.0,67,30.5,31.5,37,30.5,30.5,31.5,30.5,24.0,744.0,1004
2023-05-10 21:38:17,SR311P6000,白糖2311沽6000,31.5,0.0,0.0,0.0,87,30.5,31.5,37,30.5,30.5,31.5,30.5,24.0,744.0,1004
2023-05-10 21:38:18,SR311P6000,白糖2311沽6000,31.5,0.0,0.0,0.0,67,30.5,31.5,47,30.5,30.5,31.5,30.5,24.0,744.0,1004
2023-05-10 21:38:18,SR311P6000,白糖2311沽6000,31.5,0.0,0.0,0.0,87,30.5,31.5,47,30.5,30.5,31.5,30.5,24.0,744.0,1004
2023-05-10 21:38:20,SR311P6000,白糖2311沽6000,31.5,0.0,0.0,0.0,87,30.5,31.5,57,30.5,30.5,31.5,30.5,24.0,744.0,1004
2023-05-10 21:38:21,SR311P6000,白糖2311沽6000,31.5,0.0,0.0,0.0,57,30.5,31.5,57,30.5,30.5,31.5,30.5,24.0,744.0,1004
2023-05-10 21:38:24,SR311P6000,白糖2311沽6000,31.5,0.0,0.0,0.0,57,30.5,31.5,47,30.5,30.5,31.5,30.5,24.0,744.0,1004
2023-05-10 21:38:31,SR311P6000,白糖2311沽6000,31.5,0.0,0.0,0.0,77,30.5,31.5,47,30.5,30.5,31.5,30.5,24.0,744.0,1004
2023-05-10 21:38:33,SR311P6000,白糖2311沽6000,31.5,0.0,0.0,0.0,57,30.5,31.5,47,30.5,30.5,31.5,30.5,24.0,744.0,1004
2023-05-10 21:38:35,SR311P6000,白糖2311沽6000,31.5,0.0,0.0,0.0,57,30.5,31.5,37,30.5,30.5,31.5,30.5,24.0,744.0,1004
2023-05-10 21:38:36,SR311P6000,白糖2311沽6000,31.5,0.0,0.0,0.0,57,30.5,31.5,47,30.5,30.5,31.5,30.5,24.0,744.0,1004
2023-05-10 21:38:41,SR311P6000,白糖2311沽6000,31.5,0.0,0.0,0.0,77,30.5,31.5,47,30.5,30.5,31.5,30.5,24.0,744.0,1004
2023-05-10 21:38:46,SR311P6000,白糖2311沽6000,31.5,0.0,0.0,0.0,67,30.5,31.5,47,30.5,30.5,31.5,30.5,24.0,744.0,1004
2023-05-10 21:38:51,SR311P6000,白糖2311沽6000,31.5,0.0,0.0,0.0,77,30.5,31.5,57,30.5,30.5,31.5,30.5,24.0,744.0,1004
2023-05-10 21:38:54,SR311P6000,白糖2311沽6000,31.5,0.0,0.0,0.0,87,30.5,31.5,57,30.5,30.5,31.5,30.5,24.0,744.0,1004
2023-05-10 21:38:55,SR311P6000,白糖2311沽6000,31.5,0.0,0.0,0.0,67,30.5,31.5,57,30.5,30.5,31.5,30.5,24.0,744.0,1004
2023-05-10 21:38:55,SR311P6000,白糖2311沽6000,31.5,0.0,0.0,0.0,57,30.5,31.5,57,30.5,30.5,31.5,30.5,24.0,744.0,1004
2023-05-10 21:39:04,SR311P6000,白糖2311沽6000,31.5,0.0,0.0,0.0,57,30.5,31.5,67,30.5,30.5,31.5,30.5,24.0,744.0,1004
2023-05-10 21:39:05,SR311P6000,白糖2311沽6000,31.5,0.0,0.0,0.0,57,30.5,31.5,77,30.5,30.5,31.5,30.5,24.0,744.0,1004
2023-05-10 21:39:07,SR311P6000,白糖2311沽6000,31.5,0.0,0.0,0.0,47,30.5,31.5,77,30.5,30.5,31.5,30.5,24.0,744.0,1004
2023-05-10 21:39:08,SR311P6000,白糖2311沽6000,31.5,0.0,0.0,0.0,57,30.5,31.5,77,30.5,30.5,31.5,30.5,24.0,744.0,1004
2023-05-10 21:39:23,SR311P6000,白糖2311沽6000,31.5,0.0,0.0,0.0,47,30.5,31.5,77,30.5,30.5,31.5,30.5,24.0,744.0,1004
2023-05-10 21:39:24,SR311P6000,白糖2311沽6000,31.5,0.0,0.0,0.0,57,30.5,31.5,77,30.5,30.5,31.5,30.5,24.0,744.0,1004
2023-05-10 21:39:27,SR311P6000,白糖2311沽6000,31.5,0.0,0.0,0.0,57,30.5,31.5,67,30.5,30.5,31.5,30.5,24.0,744.0,1004
2023-05-10 21:39:27,SR311P6000,白糖2311沽6000,31.5,0.0,0.0,0.0,57,30.5,31.5,77,30.5,30.5,31.5,30.5,24.0,744.0,1004
2023-05-10 21:39:28,SR311P6000,白糖2311沽6000,31.5,0.0,0.0,0.0,57,30.5,31.5,67,30.5,30.5,31.5,30.5,24.0,744.0,1004
2023-05-10 21:39:32,SR311P6000,白糖2311沽6000,31.5,0.0,0.0,0.0,77,30.5,31.5,67,30.5,30.5,31.5,30.5,24.0,744.0,1004
2023-05-10 21:39:33,SR311P6000,白糖2311沽6000,31.5,0.0,0.0,0.0,57,30.5,31.5,67,30.5,30.5,31.5,30.5,24.0,744.0,1004
2023-05-10 21:39:43,SR311P6000,白糖2311沽6000,31.5,0.0,0.0,0.0,77,30.5,31.5,57,30.5,30.5,31.5,30.5,24.0,744.0,1004
2023-05-10 21:39:51,SR311P6000,白糖2311沽6000,31.5,0.0,0.0,0.0,57,30.5,31.5,57,30.5,30.5,31.5,30.5,24.0,744.0,1004
2023-05-10 21:39:52,SR311P6000,白糖2311沽6000,31.5,0.0,0.0,0.0,57,30.5,31.5,47,30.5,30.5,31.5,30.5,24.0,744.0,1004
2023-05-10 21:39:54,SR311P6000,白糖2311沽6000,31.5,0.0,0.0,0.0,77,30.5,31.5,47,30.5,30.5,31.5,30.5,24.0,744.0,1004
2023-05-10 21:39:55,SR311P6000,白糖2311沽6000,31.5,0.0,0.0,0.0,87,30.5,31.5,47,30.5,30.5,31.5,30.5,24.0,744.0,1004
2023-05-10 21:39:55,SR311P6000,白糖2311沽6000,31.5,0.0,0.0,0.0,77,30.5,31.5,47,30.5,30.5,31.5,30.5,24.0,744.0,1004
2023-05-10 21:39:57,SR311P6000,白糖2311沽6000,31.5,0.0,0.0,0.0,87,30.5,31.5,47,30.5,30.5,31.5,30.5,24.0,744.0,1004
2023-05-10 21:39:58,SR311P6000,白糖2311沽6000,31.5,0.0,0.0,0.0,77,30.5,31.5,47,30.5,30.5,31.5,30.5,24.0,744.0,1004
2023-05-10 21:40:00,SR311P6000,白糖2311沽6000,31.5,0.0,0.0,0.0,77,30.5,31.5,57,30.5,30.5,31.5,30.5,24.0,744.0,1004
2023-05-10 21:40:03,SR311P6000,白糖2311沽6000,31.5,0.0,0.0,0.0,57,30.5,31.5,57,30.5,30.5,31.5,30.5,24.0,744.0,1004
2023-05-10 21:40:03,SR311P6000,白糖2311沽6000,31.5,0.0,0.0,0.0,57,30.5,31.5,67,30.5,30.5,31.5,30.5,24.0,744.0,1004
2023-05-10 21:40:04,SR311P6000,白糖2311沽6000,31.5,0.0,0.0,0.0,57,30.5,31.5,77,30.5,30.5,31.5,30.5,24.0,744.0,1004
2023-05-10 21:40:06,SR311P6000,白糖2311沽6000,31.5,0.0,0.0,0.0,57,30.5,31.5,67,30.5,30.5,31.5,30.5,24.0,744.0,1004
2023-05-10 21:40:07,SR311P6000,白糖2311沽6000,31.5,0.0,0.0,0.0,57,30.5,31.5,57,30.5,30.5,31.5,30.5,24.0,744.0,1004
2023-05-10 21:40:08,SR311P6000,白糖2311沽6000,31.5,0.0,0.0,0.0,77,30.5,31.5,57,30.5,30.5,31.5,30.5,24.0,744.0,1004
2023-05-10 21:40:09,SR311P6000,白糖2311沽6000,31.5,0.0,0.0,0.0,77,30.5,31.5,47,30.5,30.5,31.5,30.5,24.0,744.0,1004
2023-05-10 21:40:10,SR311P6000,白糖2311沽6000,31.5,0.0,0.0,0.0,57,30.5,31.5,57,30.5,30.5,31.5,30.5,24.0,744.0,1004
2023-05-10 21:40:10,SR311P6000,白糖2311沽6000,31.5,0.0,0.0,0.0,57,30.5,31.5,67,30.5,30.5,31.5,30.5,24.0,744.0,1004
2023-05-10 21:40:25,SR311P6000,白糖2311沽6000,31.5,0.0,0.0,0.0,77,30.5,31.5,67,30.5,30.5,31.5,30.5,24.0,744.0,1004
2023-05-10 21:40:29,SR311P6000,白糖2311沽6000,31.5,0.0,0.0,0.0,57,30.5,31.5,47,30.5,30.5,31.5,30.5,24.0,744.0,1004
2023-05-10 21:40:29,SR311P6000,白糖2311沽6000,31.5,0.0,0.0,0.0,57,30.5,31.5,57,30.5,30.5,31.5,30.5,24.0,744.0,1004
2023-05-10 21:40:38,SR311P6000,白糖2311沽6000,31.5,0.0,0.0,0.0,77,30.5,31.5,57,30.5,30.5,31.5,30.5,24.0,744.0,1004
2023-05-10 21:40:39,SR311P6000,白糖2311沽6000,31.5,0.0,0.0,0.0,77,30.5,31.5,67,30.5,30.5,31.5,30.5,24.0,744.0,1004
2023-05-10 21:40:40,SR311P6000,白糖2311沽6000,31.5,0.0,0.0,0.0,57,30.5,31.5,67,30.5,30.5,31.5,30.5,24.0,744.0,1004
2023-05-10 21:40:40,SR311P6000,白糖2311沽6000,31.5,0.0,0.0,0.0,77,30.5,31.5,67,30.5,30.5,31.5,30.5,24.0,744.0,1004
2023-05-10 21:40:41,SR311P6000,白糖2311沽6000,31.5,0.0,0.0,0.0,57,30.5,31.5,67,30.5,30.5,31.5,30.5,24.0,744.0,1004
2023-05-10 21:40:47,SR311P6000,白糖2311沽6000,31.5,0.0,0.0,0.0,77,30.5,31.5,67,30.5,30.5,31.5,30.5,24.0,744.0,1004
2023-05-10 21:40:47,SR311P6000,白糖2311沽6000,31.5,0.0,0.0,0.0,57,30.5,31.5,67,30.5,30.5,31.5,30.5,24.0,744.0,1004
2023-05-10 21:40:48,SR311P6000,白糖2311沽6000,31.5,0.0,0.0,0.0,77,30.5,31.5,67,30.5,30.5,31.5,30.5,24.0,744.0,1004
2023-05-10 21:40:48,SR311P6000,白糖2311沽6000,31.5,0.0,0.0,0.0,77,30.5,31.5,57,30.5,30.5,31.5,30.5,24.0,744.0,1004
2023-05-10 21:40:49,SR311P6000,白糖2311沽6000,31.5,0.0,0.0,0.0,57,30.5,31.5,57,30.5,30.5,31.5,30.5,24.0,744.0,1004
2023-05-10 21:40:50,SR311P6000,白糖2311沽6000,31.5,0.0,0.0,0.0,57,30.5,31.5,67,30.5,30.5,31.5,30.5,24.0,744.0,1004
2023-05-10 21:41:02,SR311P6000,白糖2311沽6000,31.5,0.0,0.0,0.0,57,30.5,31.5,57,30.5,30.5,31.5,30.5,24.0,744.0,1004
2023-05-10 21:41:08,SR311P6000,白糖2311沽6000,31.5,0.0,0.0,0.0,57,30.5,31.5,67,30.5,30.5,31.5,30.5,24.0,744.0,1004
2023-05-10 21:41:08,SR311P6000,白糖2311沽6000,31.5,0.0,0.0,0.0,57,30.5,31.5,77,30.5,30.5,31.5,30.5,24.0,744.0,1004
2023-05-10 21:41:09,SR311P6000,白糖2311沽6000,31.5,0.0,0.0,0.0,57,30.5,31.5,67,30.5,30.5,31.5,30.5,24.0,744.0,1004
2023-05-10 21:41:11,SR311P6000,白糖2311沽6000,31.5,0.0,0.0,0.0,77,30.5,31.5,67,30.5,30.5,31.5,30.5,24.0,744.0,1004
2023-05-10 21:41:12,SR311P6000,白糖2311沽6000,31.5,0.0,0.0,0.0,77,30.5,31.5,57,30.5,30.5,31.5,30.5,24.0,744.0,1004
2023-05-10 21:41:14,SR311P6000,白糖2311沽6000,31.5,0.0,0.0,0.0,77,30.5,31.5,67,30.5,30.5,31.5,30.5,24.0,744.0,1004
2023-05-10 21:41:15,SR311P6000,白糖2311沽6000,31.5,0.0,0.0,0.0,77,30.5,31.5,57,30.5,30.5,31.5,30.5,24.0,744.0,1004
2023-05-10 21:41:18,SR311P6000,白糖2311沽6000,31.5,0.0,0.0,0.0,77,30.5,31.5,67,30.5,30.5,31.5,30.5,24.0,744.0,1004
2023-05-10 21:41:22,SR311P6000,白糖2311沽6000,31.5,0.0,0.0,0.0,77,30.5,31.5,57,30.5,30.5,31.5,30.5,24.0,744.0,1004
2023-05-10 21:41:23,SR311P6000,白糖2311沽6000,31.5,0.0,0.0,0.0,77,30.5,31.5,67,30.5,30.5,31.5,30.5,24.0,744.0,1004
2023-05-10 21:41:26,SR311P6000,白糖2311沽6000,31.5,0.0,0.0,0.0,77,30.5,31.5,47,30.5,30.5,31.5,30.5,24.0,744.0,1004
2023-05-10 21:41:26,SR311P6000,白糖2311沽6000,31.5,0.0,0.0,0.0,77,30.5,31.5,57,30.5,30.5,31.5,30.5,24.0,744.0,1004
2023-05-10 21:41:27,SR311P6000,白糖2311沽6000,31.5,0.0,0.0,0.0,57,30.5,31.5,57,30.5,30.5,31.5,30.5,24.0,744.0,1004
2023-05-10 21:41:28,SR311P6000,白糖2311沽6000,31.5,0.0,0.0,0.0,87,30.5,31.5,57,30.5,30.5,31.5,30.5,24.0,744.0,1004
2023-05-10 21:41:28,SR311P6000,白糖2311沽6000,31.5,0.0,0.0,0.0,87,30.5,31.5,47,30.5,30.5,31.5,30.5,24.0,744.0,1004
2023-05-10 21:41:29,SR311P6000,白糖2311沽6000,31.5,0.0,0.0,0.0,67,30.5,31.5,47,30.5,30.5,31.5,30.5,24.0,744.0,1004
2023-05-10 21:41:30,SR311P6000,白糖2311沽6000,31.5,0.0,0.0,0.0,67,30.5,31.5,57,30.5,30.5,31.5,30.5,24.0,744.0,1004
2023-05-10 21:41:33,SR311P6000,白糖2311沽6000,31.5,0.0,0.0,0.0,87,30.5,31.5,47,30.5,30.5,31.5,30.5,24.0,744.0,1004
2023-05-10 21:41:34,SR311P6000,白糖2311沽6000,31.5,0.0,0.0,0.0,67,30.5,31.5,57,30.5,30.5,31.5,30.5,24.0,744.0,1004
2023-05-10 21:41:38,SR311P6000,白糖2311沽6000,31.5,0.0,0.0,0.0,57,30.5,31.5,67,30.5,30.5,31.5,30.5,24.0,744.0,1004
2023-05-10 21:41:41,SR311P6000,白糖2311沽6000,31.5,0.0,0.0,0.0,57,30.5,31.5,57,30.5,30.5,31.5,30.5,24.0,744.0,1004
2023-05-10 21:41:49,SR311P6000,白糖2311沽6000,31.5,0.0,0.0,0.0,77,30.5,31.5,57,30.5,30.5,31.5,30.5,24.0,744.0,1004
2023-05-10 21:42:08,SR311P6000,白糖2311沽6000,31.5,0.0,0.0,0.0,77,30.5,31.5,47,30.5,30.5,31.5,30.5,24.0,744.0,1004
2023-05-10 21:42:08,SR311P6000,白糖2311沽6000,31.5,0.0,0.0,0.0,87,30.5,31.5,30,30.5,30.5,31.5,30.5,24.0,744.0,1004
2023-05-10 21:42:18,SR311P6000,白糖2311沽6000,31.5,0.0,0.0,0.0,87,30.5,31.5,40,30.5,30.5,31.5,30.5,24.0,744.0,1004
2023-05-10 21:42:18,SR311P6000,白糖2311沽6000,31.5,0.0,0.0,0.0,87,30.5,31.5,30,30.5,30.5,31.5,30.5,24.0,744.0,1004
2023-05-10 21:42:18,SR311P6000,白糖2311沽6000,31.5,0.0,0.0,0.0,87,30.5,31.5,40,30.5,30.5,31.5,30.5,24.0,744.0,1004
2023-05-10 21:42:18,SR311P6000,白糖2311沽6000,31.5,0.0,0.0,0.0,87,30.5,31.5,30,30.5,30.5,31.5,30.5,24.0,744.0,1004
2023-05-10 21:43:12,SR311P6000,白糖2311沽6000,31.5,0.0,0.0,0.0,87,30.5,31.5,40,30.5,30.5,31.5,30.5,24.0,744.0,1004
2023-05-10 21:43:16,SR311P6000,白糖2311沽6000,31.5,0.0,0.0,0.0,87,30.5,31.5,30,30.5,30.5,31.5,30.5,24.0,744.0,1004
2023-05-10 21:43:17,SR311P6000,白糖2311沽6000,31.5,0.0,0.0,0.0,87,30.5,31.5,40,30.5,30.5,31.5,30.5,24.0,744.0,1004
2023-05-10 21:43:18,SR311P6000,白糖2311沽6000,31.5,0.0,0.0,0.0,97,30.5,31.5,30,30.5,30.5,31.5,30.5,24.0,744.0,1004
2023-05-10 21:43:46,SR311P6000,白糖2311沽6000,31.5,0.0,0.0,0.0,97,30.5,31.5,20,30.5,30.5,31.5,30.5,24.0,744.0,1004
2023-05-10 21:43:49,SR311P6000,白糖2311沽6000,31.5,0.0,0.0,0.0,97,30.5,31.5,30,30.5,30.5,31.5,30.5,24.0,744.0,1004
2023-05-10 21:43:49,SR311P6000,白糖2311沽6000,31.5,0.0,0.0,0.0,97,30.5,31.5,20,30.5,30.5,31.5,30.5,24.0,744.0,1004
2023-05-10 21:44:43,SR311P6000,白糖2311沽6000,31.5,0.0,0.0,0.0,57,30.5,31.5,20,30.5,30.5,31.5,30.5,24.0,744.0,1004
2023-05-10 21:44:44,SR311P6000,白糖2311沽6000,31.5,0.0,0.0,0.0,47,30.5,31.5,20,30.5,30.5,31.5,30.5,24.0,744.0,1004
2023-05-10 21:44:44,SR311P6000,白糖2311沽6000,31.5,0.0,0.0,0.0,57,30.5,31.5,10,30.5,30.5,31.5,30.5,24.0,744.0,1004
2023-05-10 21:44:45,SR311P6000,白糖2311沽6000,31.5,0.0,0.0,0.0,57,30.5,31.5,20,30.5,30.5,31.5,30.5,24.0,744.0,1004
2023-05-10 21:44:45,SR311P6000,白糖2311沽6000,31.5,0.0,0.0,0.0,87,30.5,31.5,10,30.5,30.5,31.5,30.5,24.0,744.0,1004
2023-05-10 21:45:03,SR311P6000,白糖2311沽6000,31.5,0.0,0.0,0.0,87,30.5,31.5,20,30.5,30.5,31.5,30.5,24.0,744.0,1004
2023-05-10 21:45:03,SR311P6000,白糖2311沽6000,31.5,0.0,0.0,0.0,87,30.5,31.5,10,30.5,30.5,31.5,30.5,24.0,744.0,1004
2023-05-10 21:45:04,SR311P6000,白糖2311沽6000,31.5,0.0,0.0,0.0,87,30.5,31.5,20,30.5,30.5,31.5,30.5,24.0,744.0,1004
2023-05-10 21:45:05,SR311P6000,白糖2311沽6000,31.5,0.0,0.0,0.0,87,30.5,31.5,10,30.5,30.5,31.5,30.5,24.0,744.0,1004
2023-05-10 21:45:06,SR311P6000,白糖2311沽6000,31.5,0.0,0.0,0.0,87,30.5,31.5,20,30.5,30.5,31.5,30.5,24.0,744.0,1004
2023-05-10 21:45:06,SR311P6000,白糖2311沽6000,31.5,0.0,0.0,0.0,87,30.5,31.5,10,30.5,30.5,31.5,30.5,24.0,744.0,1004
2023-05-10 21:45:12,SR311P6000,白糖2311沽6000,31.5,2.0,62.0,2.0,77,30.5,32.0,57,30.5,30.5,31.5,30.5,26.0,806.0,1006
2023-05-10 21:45:17,SR311P6000,白糖2311沽6000,31.5,0.0,0.0,0.0,87,30.5,32.0,67,30.5,30.5,31.5,30.5,26.0,806.0,1006
2023-05-10 21:45:19,SR311P6000,白糖2311沽6000,31.5,0.0,0.0,0.0,87,30.5,31.5,10,30.5,30.5,31.5,30.5,26.0,806.0,1006
2023-05-10 21:45:19,SR311P6000,白糖2311沽6000,31.5,0.0,0.0,0.0,87,30.5,31.5,20,30.5,30.5,31.5,30.5,26.0,806.0,1006
2023-05-10 21:45:20,SR311P6000,白糖2311沽6000,31.5,0.0,0.0,0.0,87,30.5,31.5,10,30.5,30.5,31.5,30.5,26.0,806.0,1006
2023-05-10 21:45:21,SR311P6000,白糖2311沽6000,31.5,0.0,0.0,0.0,87,30.5,31.5,20,30.5,30.5,31.5,30.5,26.0,806.0,1006
2023-05-10 21:45:21,SR311P6000,白糖2311沽6000,31.5,0.0,0.0,0.0,87,30.5,31.5,10,30.5,30.5,31.5,30.5,26.0,806.0,1006
2023-05-10 21:45:22,SR311P6000,白糖2311沽6000,31.5,0.0,0.0,0.0,87,30.5,31.5,20,30.5,30.5,31.5,30.5,26.0,806.0,1006
2023-05-10 21:45:22,SR311P6000,白糖2311沽6000,31.5,0.0,0.0,0.0,87,30.5,31.5,10,30.5,30.5,31.5,30.5,26.0,806.0,1006
2023-05-10 21:45:24,SR311P6000,白糖2311沽6000,31.5,0.0,0.0,0.0,87,30.5,31.5,20,30.5,30.5,31.5,30.5,26.0,806.0,1006
2023-05-10 21:45:25,SR311P6000,白糖2311沽6000,31.5,0.0,0.0,0.0,87,30.5,31.5,10,30.5,30.5,31.5,30.5,26.0,806.0,1006
2023-05-10 21:45:27,SR311P6000,白糖2311沽6000,31.5,0.0,0.0,0.0,20,31.0,31.5,10,30.5,30.5,31.5,30.5,26.0,806.0,1006
2023-05-10 21:45:27,SR311P6000,白糖2311沽6000,31.5,0.0,0.0,0.0,10,31.0,32.0,67,30.5,30.5,31.5,30.5,26.0,806.0,1006
2023-05-10 21:45:28,SR311P6000,白糖2311沽6000,31.5,0.0,0.0,0.0,20,31.0,32.0,77,30.5,30.5,31.5,30.5,26.0,806.0,1006
2023-05-10 21:45:28,SR311P6000,白糖2311沽6000,31.5,0.0,0.0,0.0,20,31.0,32.0,67,30.5,30.5,31.5,30.5,26.0,806.0,1006
2023-05-10 21:45:29,SR311P6000,白糖2311沽6000,31.5,0.0,0.0,0.0,47,31.0,32.0,67,30.5,30.5,31.5,30.5,26.0,806.0,1006
2023-05-10 21:45:29,SR311P6000,白糖2311沽6000,31.5,0.0,0.0,0.0,27,31.0,32.0,67,30.5,30.5,31.5,30.5,26.0,806.0,1006
2023-05-10 21:45:30,SR311P6000,白糖2311沽6000,31.5,0.0,0.0,0.0,47,31.0,32.0,67,30.5,30.5,31.5,30.5,26.0,806.0,1006
2023-05-10 21:45:31,SR311P6000,白糖2311沽6000,31.5,0.0,0.0,0.0,27,31.0,32.0,67,30.5,30.5,31.5,30.5,26.0,806.0,1006
2023-05-10 21:45:34,SR311P6000,白糖2311沽6000,31.5,0.0,0.0,0.0,27,31.0,32.0,77,30.5,30.5,31.5,30.5,26.0,806.0,1006
2023-05-10 21:45:35,SR311P6000,白糖2311沽6000,31.5,0.0,0.0,0.0,27,31.0,32.0,67,30.5,30.5,31.5,30.5,26.0,806.0,1006
2023-05-10 21:45:36,SR311P6000,白糖2311沽6000,31.5,0.0,0.0,0.0,47,31.0,32.0,67,30.5,30.5,31.5,30.5,26.0,806.0,1006
2023-05-10 21:45:37,SR311P6000,白糖2311沽6000,31.5,0.0,0.0,0.0,27,31.0,32.0,67,30.5,30.5,31.5,30.5,26.0,806.0,1006
2023-05-10 21:45:39,SR311P6000,白糖2311沽6000,31.5,0.0,0.0,0.0,27,31.0,32.0,77,30.5,30.5,31.5,30.5,26.0,806.0,1006
2023-05-10 21:45:40,SR311P6000,白糖2311沽6000,31.5,0.0,0.0,0.0,27,31.0,32.0,67,30.5,30.5,31.5,30.5,26.0,806.0,1006
2023-05-10 21:45:42,SR311P6000,白糖2311沽6000,31.5,0.0,0.0,0.0,47,31.0,32.0,67,30.5,30.5,31.5,30.5,26.0,806.0,1006
2023-05-10 21:45:44,SR311P6000,白糖2311沽6000,31.5,0.0,0.0,0.0,27,31.0,32.0,67,30.5,30.5,31.5,30.5,26.0,806.0,1006
2023-05-10 21:45:45,SR311P6000,白糖2311沽6000,31.5,0.0,0.0,0.0,47,31.0,32.0,67,30.5,30.5,31.5,30.5,26.0,806.0,1006
2023-05-10 21:45:45,SR311P6000,白糖2311沽6000,31.5,0.0,0.0,0.0,27,31.0,32.0,67,30.5,30.5,31.5,30.5,26.0,806.0,1006
2023-05-10 21:46:06,SR311P6000,白糖2311沽6000,31.5,0.0,0.0,0.0,27,31.0,32.0,77,30.5,30.5,31.5,30.5,26.0,806.0,1006
2023-05-10 21:46:18,SR311P6000,白糖2311沽6000,31.5,0.0,0.0,0.0,47,31.0,32.0,67,30.5,30.5,31.5,30.5,26.0,806.0,1006
2023-05-10 21:46:19,SR311P6000,白糖2311沽6000,31.5,0.0,0.0,0.0,27,31.0,32.0,67,30.5,30.5,31.5,30.5,26.0,806.0,1006
2023-05-10 21:46:19,SR311P6000,白糖2311沽6000,31.5,0.0,0.0,0.0,47,31.0,32.0,57,30.5,30.5,31.5,30.5,26.0,806.0,1006
2023-05-10 21:46:20,SR311P6000,白糖2311沽6000,31.5,0.0,0.0,0.0,57,31.0,32.0,47,30.5,30.5,31.5,30.5,26.0,806.0,1006
2023-05-10 21:46:21,SR311P6000,白糖2311沽6000,31.5,0.0,0.0,0.0,37,31.0,32.0,47,30.5,30.5,31.5,30.5,26.0,806.0,1006
2023-05-10 21:46:23,SR311P6000,白糖2311沽6000,31.5,0.0,0.0,0.0,57,31.0,32.0,47,30.5,30.5,31.5,30.5,26.0,806.0,1006
2023-05-10 21:46:24,SR311P6000,白糖2311沽6000,31.5,0.0,0.0,0.0,57,31.0,32.0,57,30.5,30.5,31.5,30.5,26.0,806.0,1006
2023-05-10 21:46:25,SR311P6000,白糖2311沽6000,31.5,0.0,0.0,0.0,37,31.0,32.0,57,30.5,30.5,31.5,30.5,26.0,806.0,1006
2023-05-10 21:46:27,SR311P6000,白糖2311沽6000,31.5,0.0,0.0,0.0,37,31.0,32.0,67,30.5,30.5,31.5,30.5,26.0,806.0,1006
2023-05-10 21:46:29,SR311P6000,白糖2311沽6000,31.5,0.0,0.0,0.0,37,31.0,32.0,57,30.5,30.5,31.5,30.5,26.0,806.0,1006
2023-05-10 21:46:30,SR311P6000,白糖2311沽6000,31.5,0.0,0.0,0.0,37,31.0,32.0,67,30.5,30.5,31.5,30.5,26.0,806.0,1006
2023-05-10 21:46:40,SR311P6000,白糖2311沽6000,31.5,0.0,0.0,0.0,37,31.0,32.0,77,30.5,30.5,31.5,30.5,26.0,806.0,1006
2023-05-10 21:46:42,SR311P6000,白糖2311沽6000,31.5,0.0,0.0,0.0,27,31.0,32.0,77,30.5,30.5,31.5,30.5,26.0,806.0,1006
2023-05-10 21:46:52,SR311P6000,白糖2311沽6000,31.5,0.0,0.0,0.0,37,31.0,32.0,57,30.5,30.5,31.5,30.5,26.0,806.0,1006
2023-05-10 21:46:55,SR311P6000,白糖2311沽6000,31.5,0.0,0.0,0.0,57,31.0,32.0,57,30.5,30.5,31.5,30.5,26.0,806.0,1006
2023-05-10 21:46:55,SR311P6000,白糖2311沽6000,31.5,0.0,0.0,0.0,37,31.0,32.0,57,30.5,30.5,31.5,30.5,26.0,806.0,1006
2023-05-10 21:46:56,SR311P6000,白糖2311沽6000,31.5,0.0,0.0,0.0,37,31.0,32.0,67,30.5,30.5,31.5,30.5,26.0,806.0,1006
2023-05-10 21:46:58,SR311P6000,白糖2311沽6000,31.5,0.0,0.0,0.0,37,31.0,32.0,77,30.5,30.5,31.5,30.5,26.0,806.0,1006
2023-05-10 21:46:58,SR311P6000,白糖2311沽6000,31.5,0.0,0.0,0.0,27,31.0,32.0,77,30.5,30.5,31.5,30.5,26.0,806.0,1006
2023-05-10 21:47:00,SR311P6000,白糖2311沽6000,31.5,0.0,0.0,0.0,37,31.0,32.0,77,30.5,30.5,31.5,30.5,26.0,806.0,1006
2023-05-10 21:47:02,SR311P6000,白糖2311沽6000,31.5,0.0,0.0,0.0,37,31.0,32.0,67,30.5,30.5,31.5,30.5,26.0,806.0,1006
2023-05-10 21:47:05,SR311P6000,白糖2311沽6000,31.5,0.0,0.0,0.0,37,31.0,32.0,57,30.5,30.5,31.5,30.5,26.0,806.0,1006
2023-05-10 21:47:07,SR311P6000,白糖2311沽6000,31.5,0.0,0.0,0.0,37,31.0,32.0,67,30.5,30.5,31.5,30.5,26.0,806.0,1006
2023-05-10 21:47:18,SR311P6000,白糖2311沽6000,31.5,0.0,0.0,0.0,37,31.0,32.0,57,30.5,30.5,31.5,30.5,26.0,806.0,1006
2023-05-10 21:47:19,SR311P6000,白糖2311沽6000,31.5,0.0,0.0,0.0,37,31.0,32.0,67,30.5,30.5,31.5,30.5,26.0,806.0,1006
2023-05-10 21:47:52,SR311P6000,白糖2311沽6000,31.5,0.0,0.0,0.0,37,31.0,32.0,87,30.5,30.5,31.5,30.5,26.0,806.0,1006
2023-05-10 21:47:55,SR311P6000,白糖2311沽6000,31.5,0.0,0.0,0.0,37,31.0,32.0,67,30.5,30.5,31.5,30.5,26.0,806.0,1006
2023-05-10 21:48:03,SR311P6000,白糖2311沽6000,31.5,0.0,0.0,0.0,37,31.0,32.0,57,30.5,30.5,31.5,30.5,26.0,806.0,1006
2023-05-10 21:48:04,SR311P6000,白糖2311沽6000,31.5,0.0,0.0,0.0,37,31.0,32.0,67,30.5,30.5,31.5,30.5,26.0,806.0,1006
2023-05-10 21:48:14,SR311P6000,白糖2311沽6000,31.5,0.0,0.0,0.0,37,31.0,31.5,10,30.5,30.5,31.5,30.5,26.0,806.0,1006
2023-05-10 21:48:16,SR311P6000,白糖2311沽6000,31.5,0.0,0.0,0.0,37,31.0,32.0,67,30.5,30.5,31.5,30.5,26.0,806.0,1006
2023-05-10 21:48:17,SR311P6000,白糖2311沽6000,31.5,0.0,0.0,0.0,37,31.0,31.5,10,30.5,30.5,31.5,30.5,26.0,806.0,1006
2023-05-10 21:48:17,SR311P6000,白糖2311沽6000,31.5,0.0,0.0,0.0,37,31.0,31.5,20,30.5,30.5,31.5,30.5,26.0,806.0,1006
2023-05-10 21:48:20,SR311P6000,白糖2311沽6000,31.5,0.0,0.0,0.0,37,31.0,31.5,10,30.5,30.5,31.5,30.5,26.0,806.0,1006
2023-05-10 21:48:21,SR311P6000,白糖2311沽6000,31.5,0.0,0.0,0.0,37,31.0,32.0,57,30.5,30.5,31.5,30.5,26.0,806.0,1006
2023-05-10 21:48:21,SR311P6000,白糖2311沽6000,31.5,0.0,0.0,0.0,37,31.0,31.5,10,30.5,30.5,31.5,30.5,26.0,806.0,1006
2023-05-10 21:48:22,SR311P6000,白糖2311沽6000,31.5,0.0,0.0,0.0,37,31.0,31.5,20,30.5,30.5,31.5,30.5,26.0,806.0,1006
2023-05-10 21:48:37,SR311P6000,白糖2311沽6000,31.5,0.0,0.0,0.0,17,31.0,31.5,20,30.5,30.5,31.5,30.5,26.0,806.0,1006
2023-05-10 21:48:38,SR311P6000,白糖2311沽6000,31.5,0.0,0.0,0.0,17,31.0,31.5,30,30.5,30.5,31.5,30.5,26.0,806.0,1006
2023-05-10 21:48:39,SR311P6000,白糖2311沽6000,31.5,0.0,0.0,0.0,27,31.0,31.5,30,30.5,30.5,31.5,30.5,26.0,806.0,1006
2023-05-10 21:48:39,SR311P6000,白糖2311沽6000,31.5,0.0,0.0,0.0,37,31.0,31.5,30,30.5,30.5,31.5,30.5,26.0,806.0,1006
2023-05-10 21:48:40,SR311P6000,白糖2311沽6000,31.5,0.0,0.0,0.0,27,31.0,31.5,30,30.5,30.5,31.5,30.5,26.0,806.0,1006
2023-05-10 21:48:42,SR311P6000,白糖2311沽6000,31.5,0.0,0.0,0.0,37,31.0,31.5,20,30.5,30.5,31.5,30.5,26.0,806.0,1006
2023-05-10 21:48:42,SR311P6000,白糖2311沽6000,31.5,0.0,0.0,0.0,37,31.0,31.5,10,30.5,30.5,31.5,30.5,26.0,806.0,1006
2023-05-10 21:48:43,SR311P6000,白糖2311沽6000,31.5,0.0,0.0,0.0,37,31.0,32.0,77,30.5,30.5,31.5,30.5,26.0,806.0,1006
2023-05-10 21:48:44,SR311P6000,白糖2311沽6000,31.5,0.0,0.0,0.0,37,31.0,32.0,67,30.5,30.5,31.5,30.5,26.0,806.0,1006
2023-05-10 21:48:47,SR311P6000,白糖2311沽6000,31.5,0.0,0.0,0.0,37,31.0,32.0,77,30.5,30.5,31.5,30.5,26.0,806.0,1006
2023-05-10 21:48:49,SR311P6000,白糖2311沽6000,31.5,0.0,0.0,0.0,37,31.0,31.5,10,30.5,30.5,31.5,30.5,26.0,806.0,1006
2023-05-10 21:48:50,SR311P6000,白糖2311沽6000,31.5,0.0,0.0,0.0,37,31.0,31.5,20,30.5,30.5,31.5,30.5,26.0,806.0,1006
2023-05-10 21:48:50,SR311P6000,白糖2311沽6000,31.5,0.0,0.0,0.0,37,31.0,31.5,30,30.5,30.5,31.5,30.5,26.0,806.0,1006
2023-05-10 21:49:08,SR311P6000,白糖2311沽6000,31.5,0.0,0.0,0.0,27,31.0,31.5,30,30.5,30.5,31.5,30.5,26.0,806.0,1006
2023-05-10 21:49:15,SR311P6000,白糖2311沽6000,31.5,0.0,0.0,0.0,37,31.0,31.5,20,30.5,30.5,31.5,30.5,26.0,806.0,1006
2023-05-10 21:49:17,SR311P6000,白糖2311沽6000,31.5,0.0,0.0,0.0,37,31.0,31.5,30,30.5,30.5,31.5,30.5,26.0,806.0,1006
2023-05-10 21:49:18,SR311P6000,白糖2311沽6000,31.5,0.0,0.0,0.0,37,31.0,31.5,20,30.5,30.5,31.5,30.5,26.0,806.0,1006
2023-05-10 21:49:21,SR311P6000,白糖2311沽6000,31.5,0.0,0.0,0.0,37,31.0,31.5,30,30.5,30.5,31.5,30.5,26.0,806.0,1006
2023-05-10 21:49:23,SR311P6000,白糖2311沽6000,31.5,0.0,0.0,0.0,37,31.0,31.5,20,30.5,30.5,31.5,30.5,26.0,806.0,1006
2023-05-10 21:49:24,SR311P6000,白糖2311沽6000,31.5,0.0,0.0,0.0,37,31.0,31.5,30,30.5,30.5,31.5,30.5,26.0,806.0,1006
2023-05-10 21:49:29,SR311P6000,白糖2311沽6000,31.5,0.0,0.0,0.0,37,31.0,31.5,10,30.5,30.5,31.5,30.5,26.0,806.0,1006
2023-05-10 21:49:30,SR311P6000,白糖2311沽6000,31.5,0.0,0.0,0.0,37,31.0,32.0,77,30.5,30.5,31.5,30.5,26.0,806.0,1006
2023-05-10 21:49:30,SR311P6000,白糖2311沽6000,31.5,0.0,0.0,0.0,37,31.0,31.5,10,30.5,30.5,31.5,30.5,26.0,806.0,1006
2023-05-10 21:49:31,SR311P6000,白糖2311沽6000,31.5,0.0,0.0,0.0,37,31.0,31.5,30,30.5,30.5,31.5,30.5,26.0,806.0,1006
2023-05-10 21:49:48,SR311P6000,白糖2311沽6000,31.5,0.0,0.0,0.0,37,31.0,31.5,20,30.5,30.5,31.5,30.5,26.0,806.0,1006
2023-05-10 21:49:49,SR311P6000,白糖2311沽6000,31.5,0.0,0.0,0.0,37,31.0,31.5,30,30.5,30.5,31.5,30.5,26.0,806.0,1006
2023-05-10 21:49:51,SR311P6000,白糖2311沽6000,31.5,0.0,0.0,0.0,37,31.0,31.5,20,30.5,30.5,31.5,30.5,26.0,806.0,1006
2023-05-10 21:50:04,SR311P6000,白糖2311沽6000,31.5,0.0,0.0,0.0,37,31.0,31.5,30,30.5,30.5,31.5,30.5,26.0,806.0,1006
2023-05-10 21:50:08,SR311P6000,白糖2311沽6000,31.5,0.0,0.0,0.0,37,31.0,31.5,20,30.5,30.5,31.5,30.5,26.0,806.0,1006
2023-05-10 21:50:09,SR311P6000,白糖2311沽6000,31.5,0.0,0.0,0.0,37,31.0,31.5,30,30.5,30.5,31.5,30.5,26.0,806.0,1006
2023-05-10 21:50:09,SR311P6000,白糖2311沽6000,31.5,0.0,0.0,0.0,37,31.0,31.5,20,30.5,30.5,31.5,30.5,26.0,806.0,1006
2023-05-10 21:50:10,SR311P6000,白糖2311沽6000,31.5,0.0,0.0,0.0,37,31.0,31.5,30,30.5,30.5,31.5,30.5,26.0,806.0,1006
2023-05-10 21:50:14,SR311P6000,白糖2311沽6000,31.5,0.0,0.0,0.0,27,31.0,31.5,30,30.5,30.5,31.5,30.5,26.0,806.0,1006
2023-05-10 21:50:15,SR311P6000,白糖2311沽6000,31.5,0.0,0.0,0.0,37,31.0,31.5,30,30.5,30.5,31.5,30.5,26.0,806.0,1006
2023-05-10 21:50:19,SR311P6000,白糖2311沽6000,31.5,0.0,0.0,0.0,37,31.0,31.5,20,30.5,30.5,31.5,30.5,26.0,806.0,1006
2023-05-10 21:50:19,SR311P6000,白糖2311沽6000,31.5,0.0,0.0,0.0,57,31.0,31.5,10,30.5,30.5,31.5,30.5,26.0,806.0,1006
2023-05-10 21:50:20,SR311P6000,白糖2311沽6000,31.5,0.0,0.0,0.0,37,31.0,32.0,77,30.5,30.5,31.5,30.5,26.0,806.0,1006
2023-05-10 21:50:22,SR311P6000,白糖2311沽6000,31.5,0.0,0.0,0.0,37,31.0,32.0,70,30.5,30.5,31.5,30.5,26.0,806.0,1006
2023-05-10 21:50:27,SR311P6000,白糖2311沽6000,31.5,0.0,0.0,0.0,37,31.0,32.0,60,30.5,30.5,31.5,30.5,26.0,806.0,1006
2023-05-10 21:50:27,SR311P6000,白糖2311沽6000,31.5,0.0,0.0,0.0,37,31.0,32.0,70,30.5,30.5,31.5,30.5,26.0,806.0,1006
2023-05-10 21:51:13,SR311P6000,白糖2311沽6000,31.5,0.0,0.0,0.0,37,31.0,32.0,80,30.5,30.5,31.5,30.5,26.0,806.0,1006
2023-05-10 21:51:19,SR311P6000,白糖2311沽6000,31.5,0.0,0.0,0.0,27,31.0,32.0,80,30.5,30.5,31.5,30.5,26.0,806.0,1006
2023-05-10 21:51:26,SR311P6000,白糖2311沽6000,31.5,0.0,0.0,0.0,37,31.0,32.0,80,30.5,30.5,31.5,30.5,26.0,806.0,1006
2023-05-10 21:51:27,SR311P6000,白糖2311沽6000,31.5,0.0,0.0,0.0,27,31.0,32.0,80,30.5,30.5,31.5,30.5,26.0,806.0,1006
2023-05-10 21:51:42,SR311P6000,白糖2311沽6000,31.5,0.0,0.0,0.0,37,31.0,32.0,80,30.5,30.5,31.5,30.5,26.0,806.0,1006
2023-05-10 21:51:42,SR311P6000,白糖2311沽6000,31.5,0.0,0.0,0.0,37,31.0,32.0,70,30.5,30.5,31.5,30.5,26.0,806.0,1006
2023-05-10 21:51:51,SR311P6000,白糖2311沽6000,31.5,0.0,0.0,0.0,37,31.0,32.0,80,30.5,30.5,31.5,30.5,26.0,806.0,1006
2023-05-10 21:51:51,SR311P6000,白糖2311沽6000,31.5,0.0,0.0,0.0,37,31.0,32.0,70,30.5,30.5,31.5,30.5,26.0,806.0,1006
2023-05-10 21:52:01,SR311P6000,白糖2311沽6000,31.5,0.0,0.0,0.0,67,31.0,32.0,60,30.5,30.5,31.5,30.5,26.0,806.0,1006
