time,symbol_id,symbol_name,last,trade_volume,trade_amount,open_interest_change,bv1,bp1,ap1,av1,yesterday_close,today_open,today_high,today_low,volume,amount,open_interest
2023-05-10 19:12:58,SR401P7300,SR401P7300,715.0,0.0,0.0,0.0,0,0.0,0.0,0,715.0,0.0,0.0,0.0,0.0,0.0,32
2023-05-10 21:01:51,SR401P7300,SR401P7300,715.0,0.0,0.0,0.0,1,351.0,0.0,0,715.0,0.0,0.0,0.0,0.0,0.0,32
2023-05-10 21:01:51,SR401P7300,SR401P7300,715.0,0.0,0.0,0.0,1,352.5,1115.0,10,715.0,0.0,0.0,0.0,0.0,0.0,32
2023-05-10 21:01:51,SR401P7300,SR401P7300,715.0,0.0,0.0,0.0,10,353.0,1115.0,10,715.0,0.0,0.0,0.0,0.0,0.0,32
2023-05-10 21:01:54,SR401P7300,SR401P7300,715.0,0.0,0.0,0.0,1,354.5,1115.0,10,715.0,0.0,0.0,0.0,0.0,0.0,32
2023-05-10 21:01:54,SR401P7300,SR401P7300,715.0,0.0,0.0,0.0,10,355.0,1115.0,10,715.0,0.0,0.0,0.0,0.0,0.0,32
2023-05-10 21:01:55,SR401P7300,SR401P7300,715.0,0.0,0.0,0.0,1,356.5,1113.5,1,715.0,0.0,0.0,0.0,0.0,0.0,32
2023-05-10 21:01:55,SR401P7300,SR401P7300,715.0,0.0,0.0,0.0,10,357.0,1113.0,10,715.0,0.0,0.0,0.0,0.0,0.0,32
2023-05-10 21:01:58,SR401P7300,SR401P7300,715.0,0.0,0.0,0.0,1,358.5,1113.0,10,715.0,0.0,0.0,0.0,0.0,0.0,32
2023-05-10 21:01:58,SR401P7300,SR401P7300,715.0,0.0,0.0,0.0,10,359.0,1111.5,1,715.0,0.0,0.0,0.0,0.0,0.0,32
2023-05-10 21:01:59,SR401P7300,SR401P7300,715.0,0.0,0.0,0.0,10,359.0,1111.0,10,715.0,0.0,0.0,0.0,0.0,0.0,32
2023-05-10 21:02:01,SR401P7300,SR401P7300,715.0,0.0,0.0,0.0,1,360.5,1111.0,10,715.0,0.0,0.0,0.0,0.0,0.0,32
2023-05-10 21:02:01,SR401P7300,SR401P7300,715.0,0.0,0.0,0.0,10,361.0,1111.0,10,715.0,0.0,0.0,0.0,0.0,0.0,32
2023-05-10 21:02:04,SR401P7300,SR401P7300,715.0,0.0,0.0,0.0,1,362.5,1109.5,1,715.0,0.0,0.0,0.0,0.0,0.0,32
2023-05-10 21:02:04,SR401P7300,SR401P7300,715.0,0.0,0.0,0.0,10,363.0,1109.0,10,715.0,0.0,0.0,0.0,0.0,0.0,32
2023-05-10 21:02:14,SR401P7300,SR401P7300,715.0,0.0,0.0,0.0,1,364.5,1109.0,10,715.0,0.0,0.0,0.0,0.0,0.0,32
2023-05-10 21:02:14,SR401P7300,SR401P7300,715.0,0.0,0.0,0.0,10,365.0,1109.0,10,715.0,0.0,0.0,0.0,0.0,0.0,32
2023-05-10 21:02:19,SR401P7300,SR401P7300,715.0,0.0,0.0,0.0,1,366.5,1109.0,10,715.0,0.0,0.0,0.0,0.0,0.0,32
2023-05-10 21:02:19,SR401P7300,SR401P7300,715.0,0.0,0.0,0.0,10,367.0,1109.0,10,715.0,0.0,0.0,0.0,0.0,0.0,32
2023-05-10 21:02:25,SR401P7300,SR401P7300,715.0,0.0,0.0,0.0,1,368.5,1107.5,1,715.0,0.0,0.0,0.0,0.0,0.0,32
2023-05-10 21:02:26,SR401P7300,SR401P7300,715.0,0.0,0.0,0.0,10,369.0,1107.0,10,715.0,0.0,0.0,0.0,0.0,0.0,32
2023-05-10 21:02:31,SR401P7300,SR401P7300,715.0,0.0,0.0,0.0,1,370.5,1105.5,1,715.0,0.0,0.0,0.0,0.0,0.0,32
2023-05-10 21:02:32,SR401P7300,SR401P7300,715.0,0.0,0.0,0.0,10,371.0,1105.0,10,715.0,0.0,0.0,0.0,0.0,0.0,32
2023-05-10 21:02:32,SR401P7300,SR401P7300,715.0,0.0,0.0,0.0,1,372.5,1103.5,1,715.0,0.0,0.0,0.0,0.0,0.0,32
2023-05-10 21:02:33,SR401P7300,SR401P7300,715.0,0.0,0.0,0.0,10,373.0,1103.0,10,715.0,0.0,0.0,0.0,0.0,0.0,32
2023-05-10 21:02:36,SR401P7300,SR401P7300,715.0,0.0,0.0,0.0,1,374.5,1101.5,1,715.0,0.0,0.0,0.0,0.0,0.0,32
2023-05-10 21:02:37,SR401P7300,SR401P7300,715.0,0.0,0.0,0.0,10,375.0,1101.0,10,715.0,0.0,0.0,0.0,0.0,0.0,32
2023-05-10 21:02:42,SR401P7300,SR401P7300,715.0,0.0,0.0,0.0,1,376.5,1099.5,1,715.0,0.0,0.0,0.0,0.0,0.0,32
2023-05-10 21:02:43,SR401P7300,SR401P7300,715.0,0.0,0.0,0.0,10,377.0,1099.0,10,715.0,0.0,0.0,0.0,0.0,0.0,32
2023-05-10 21:02:43,SR401P7300,SR401P7300,715.0,0.0,0.0,0.0,1,378.5,1097.5,1,715.0,0.0,0.0,0.0,0.0,0.0,32
2023-05-10 21:02:44,SR401P7300,SR401P7300,715.0,0.0,0.0,0.0,10,379.0,1097.0,10,715.0,0.0,0.0,0.0,0.0,0.0,32
2023-05-10 21:02:47,SR401P7300,SR401P7300,715.0,0.0,0.0,0.0,1,380.5,1095.5,1,715.0,0.0,0.0,0.0,0.0,0.0,32
2023-05-10 21:02:48,SR401P7300,SR401P7300,715.0,0.0,0.0,0.0,10,381.0,1095.0,10,715.0,0.0,0.0,0.0,0.0,0.0,32
2023-05-10 21:02:50,SR401P7300,SR401P7300,715.0,0.0,0.0,0.0,1,382.5,1095.0,10,715.0,0.0,0.0,0.0,0.0,0.0,32
2023-05-10 21:02:51,SR401P7300,SR401P7300,715.0,0.0,0.0,0.0,10,383.0,1095.0,10,715.0,0.0,0.0,0.0,0.0,0.0,32
2023-05-10 21:02:53,SR401P7300,SR401P7300,715.0,0.0,0.0,0.0,1,384.5,1093.5,1,715.0,0.0,0.0,0.0,0.0,0.0,32
2023-05-10 21:02:54,SR401P7300,SR401P7300,715.0,0.0,0.0,0.0,10,385.0,1093.0,10,715.0,0.0,0.0,0.0,0.0,0.0,32
2023-05-10 21:02:55,SR401P7300,SR401P7300,715.0,0.0,0.0,0.0,1,386.5,1091.5,1,715.0,0.0,0.0,0.0,0.0,0.0,32
2023-05-10 21:02:56,SR401P7300,SR401P7300,715.0,0.0,0.0,0.0,10,387.0,1091.0,10,715.0,0.0,0.0,0.0,0.0,0.0,32
2023-05-10 21:03:03,SR401P7300,SR401P7300,715.0,0.0,0.0,0.0,1,388.5,1089.5,1,715.0,0.0,0.0,0.0,0.0,0.0,32
2023-05-10 21:03:04,SR401P7300,SR401P7300,715.0,0.0,0.0,0.0,10,389.0,1089.0,10,715.0,0.0,0.0,0.0,0.0,0.0,32
2023-05-10 21:03:08,SR401P7300,SR401P7300,715.0,0.0,0.0,0.0,1,390.5,1087.5,1,715.0,0.0,0.0,0.0,0.0,0.0,32
2023-05-10 21:03:09,SR401P7300,SR401P7300,715.0,0.0,0.0,0.0,10,391.0,1087.0,10,715.0,0.0,0.0,0.0,0.0,0.0,32
2023-05-10 21:03:12,SR401P7300,SR401P7300,715.0,0.0,0.0,0.0,1,392.5,1085.5,1,715.0,0.0,0.0,0.0,0.0,0.0,32
2023-05-10 21:03:13,SR401P7300,SR401P7300,715.0,0.0,0.0,0.0,10,393.0,1085.0,10,715.0,0.0,0.0,0.0,0.0,0.0,32
2023-05-10 21:03:18,SR401P7300,SR401P7300,715.0,0.0,0.0,0.0,1,394.5,1083.5,1,715.0,0.0,0.0,0.0,0.0,0.0,32
2023-05-10 21:03:19,SR401P7300,SR401P7300,715.0,0.0,0.0,0.0,10,395.0,1083.0,10,715.0,0.0,0.0,0.0,0.0,0.0,32
2023-05-10 21:03:21,SR401P7300,SR401P7300,715.0,0.0,0.0,0.0,1,396.5,1081.5,1,715.0,0.0,0.0,0.0,0.0,0.0,32
2023-05-10 21:03:22,SR401P7300,SR401P7300,715.0,0.0,0.0,0.0,10,397.0,1081.0,10,715.0,0.0,0.0,0.0,0.0,0.0,32
2023-05-10 21:03:24,SR401P7300,SR401P7300,715.0,0.0,0.0,0.0,1,398.5,1079.5,1,715.0,0.0,0.0,0.0,0.0,0.0,32
2023-05-10 21:03:25,SR401P7300,SR401P7300,715.0,0.0,0.0,0.0,10,399.0,1079.0,10,715.0,0.0,0.0,0.0,0.0,0.0,32
2023-05-10 21:03:25,SR401P7300,SR401P7300,715.0,0.0,0.0,0.0,1,400.5,1079.0,10,715.0,0.0,0.0,0.0,0.0,0.0,32
2023-05-10 21:03:26,SR401P7300,SR401P7300,715.0,0.0,0.0,0.0,10,401.0,1079.0,10,715.0,0.0,0.0,0.0,0.0,0.0,32
2023-05-10 21:03:26,SR401P7300,SR401P7300,715.0,0.0,0.0,0.0,1,402.5,1077.5,1,715.0,0.0,0.0,0.0,0.0,0.0,32
2023-05-10 21:03:27,SR401P7300,SR401P7300,715.0,0.0,0.0,0.0,10,403.0,1077.0,10,715.0,0.0,0.0,0.0,0.0,0.0,32
2023-05-10 21:03:27,SR401P7300,SR401P7300,715.0,0.0,0.0,0.0,1,404.5,1075.5,1,715.0,0.0,0.0,0.0,0.0,0.0,32
2023-05-10 21:03:28,SR401P7300,SR401P7300,715.0,0.0,0.0,0.0,10,405.0,1075.0,10,715.0,0.0,0.0,0.0,0.0,0.0,32
2023-05-10 21:03:31,SR401P7300,SR401P7300,715.0,0.0,0.0,0.0,1,406.5,1073.5,1,715.0,0.0,0.0,0.0,0.0,0.0,32
2023-05-10 21:03:32,SR401P7300,SR401P7300,715.0,0.0,0.0,0.0,10,407.0,1073.0,10,715.0,0.0,0.0,0.0,0.0,0.0,32
2023-05-10 21:03:37,SR401P7300,SR401P7300,715.0,0.0,0.0,0.0,1,408.5,1071.5,1,715.0,0.0,0.0,0.0,0.0,0.0,32
2023-05-10 21:03:38,SR401P7300,SR401P7300,715.0,0.0,0.0,0.0,10,409.0,1071.0,10,715.0,0.0,0.0,0.0,0.0,0.0,32
2023-05-10 21:03:39,SR401P7300,SR401P7300,715.0,0.0,0.0,0.0,1,410.5,1069.5,1,715.0,0.0,0.0,0.0,0.0,0.0,32
2023-05-10 21:03:40,SR401P7300,SR401P7300,715.0,0.0,0.0,0.0,10,411.0,1069.0,10,715.0,0.0,0.0,0.0,0.0,0.0,32
2023-05-10 21:03:43,SR401P7300,SR401P7300,715.0,0.0,0.0,0.0,1,412.5,1067.5,1,715.0,0.0,0.0,0.0,0.0,0.0,32
2023-05-10 21:03:44,SR401P7300,SR401P7300,715.0,0.0,0.0,0.0,10,413.0,1067.0,10,715.0,0.0,0.0,0.0,0.0,0.0,32
2023-05-10 21:03:44,SR401P7300,SR401P7300,715.0,0.0,0.0,0.0,1,414.5,1065.5,1,715.0,0.0,0.0,0.0,0.0,0.0,32
2023-05-10 21:03:45,SR401P7300,SR401P7300,715.0,0.0,0.0,0.0,10,415.0,1065.0,10,715.0,0.0,0.0,0.0,0.0,0.0,32
2023-05-10 21:03:49,SR401P7300,SR401P7300,715.0,0.0,0.0,0.0,1,416.5,1063.5,1,715.0,0.0,0.0,0.0,0.0,0.0,32
2023-05-10 21:03:50,SR401P7300,SR401P7300,715.0,0.0,0.0,0.0,10,417.0,1063.0,10,715.0,0.0,0.0,0.0,0.0,0.0,32
2023-05-10 21:03:50,SR401P7300,SR401P7300,715.0,0.0,0.0,0.0,1,418.5,1061.5,1,715.0,0.0,0.0,0.0,0.0,0.0,32
2023-05-10 21:03:51,SR401P7300,SR401P7300,715.0,0.0,0.0,0.0,10,419.0,1061.0,10,715.0,0.0,0.0,0.0,0.0,0.0,32
2023-05-10 21:03:51,SR401P7300,SR401P7300,715.0,0.0,0.0,0.0,1,420.5,1061.0,10,715.0,0.0,0.0,0.0,0.0,0.0,32
2023-05-10 21:03:52,SR401P7300,SR401P7300,715.0,0.0,0.0,0.0,10,421.0,1061.0,10,715.0,0.0,0.0,0.0,0.0,0.0,32
2023-05-10 21:03:53,SR401P7300,SR401P7300,715.0,0.0,0.0,0.0,1,422.5,1059.5,1,715.0,0.0,0.0,0.0,0.0,0.0,32
2023-05-10 21:03:54,SR401P7300,SR401P7300,715.0,0.0,0.0,0.0,10,423.0,1059.0,10,715.0,0.0,0.0,0.0,0.0,0.0,32
2023-05-10 21:03:57,SR401P7300,SR401P7300,715.0,0.0,0.0,0.0,1,424.5,1057.5,1,715.0,0.0,0.0,0.0,0.0,0.0,32
2023-05-10 21:03:58,SR401P7300,SR401P7300,715.0,0.0,0.0,0.0,10,425.0,1057.0,10,715.0,0.0,0.0,0.0,0.0,0.0,32
2023-05-10 21:03:58,SR401P7300,SR401P7300,715.0,0.0,0.0,0.0,1,426.5,1057.0,10,715.0,0.0,0.0,0.0,0.0,0.0,32
2023-05-10 21:03:59,SR401P7300,SR401P7300,715.0,0.0,0.0,0.0,10,427.0,1057.0,10,715.0,0.0,0.0,0.0,0.0,0.0,32
2023-05-10 21:04:00,SR401P7300,SR401P7300,715.0,0.0,0.0,0.0,1,428.5,1055.5,1,715.0,0.0,0.0,0.0,0.0,0.0,32
2023-05-10 21:04:01,SR401P7300,SR401P7300,715.0,0.0,0.0,0.0,10,429.0,1055.0,10,715.0,0.0,0.0,0.0,0.0,0.0,32
2023-05-10 21:04:04,SR401P7300,SR401P7300,715.0,0.0,0.0,0.0,1,430.5,1053.5,1,715.0,0.0,0.0,0.0,0.0,0.0,32
2023-05-10 21:04:05,SR401P7300,SR401P7300,715.0,0.0,0.0,0.0,10,431.0,1053.0,10,715.0,0.0,0.0,0.0,0.0,0.0,32
2023-05-10 21:04:06,SR401P7300,SR401P7300,715.0,0.0,0.0,0.0,1,432.5,1051.5,1,715.0,0.0,0.0,0.0,0.0,0.0,32
2023-05-10 21:04:07,SR401P7300,SR401P7300,715.0,0.0,0.0,0.0,10,433.0,1051.0,10,715.0,0.0,0.0,0.0,0.0,0.0,32
2023-05-10 21:04:10,SR401P7300,SR401P7300,715.0,0.0,0.0,0.0,1,434.5,1049.5,1,715.0,0.0,0.0,0.0,0.0,0.0,32
2023-05-10 21:04:11,SR401P7300,SR401P7300,715.0,0.0,0.0,0.0,10,435.0,1049.0,10,715.0,0.0,0.0,0.0,0.0,0.0,32
2023-05-10 21:04:11,SR401P7300,SR401P7300,715.0,0.0,0.0,0.0,1,436.5,1049.0,10,715.0,0.0,0.0,0.0,0.0,0.0,32
2023-05-10 21:04:12,SR401P7300,SR401P7300,715.0,0.0,0.0,0.0,10,437.0,1049.0,10,715.0,0.0,0.0,0.0,0.0,0.0,32
2023-05-10 21:04:13,SR401P7300,SR401P7300,715.0,0.0,0.0,0.0,1,438.5,1047.5,1,715.0,0.0,0.0,0.0,0.0,0.0,32
2023-05-10 21:04:14,SR401P7300,SR401P7300,715.0,0.0,0.0,0.0,10,439.0,1047.0,10,715.0,0.0,0.0,0.0,0.0,0.0,32
2023-05-10 21:04:17,SR401P7300,SR401P7300,715.0,0.0,0.0,0.0,1,440.5,1045.5,1,715.0,0.0,0.0,0.0,0.0,0.0,32
2023-05-10 21:04:18,SR401P7300,SR401P7300,715.0,0.0,0.0,0.0,10,441.0,1045.0,10,715.0,0.0,0.0,0.0,0.0,0.0,32
2023-05-10 21:04:18,SR401P7300,SR401P7300,715.0,0.0,0.0,0.0,1,442.5,1043.5,1,715.0,0.0,0.0,0.0,0.0,0.0,32
2023-05-10 21:04:19,SR401P7300,SR401P7300,715.0,0.0,0.0,0.0,10,443.0,1043.0,10,715.0,0.0,0.0,0.0,0.0,0.0,32
2023-05-10 21:04:23,SR401P7300,SR401P7300,715.0,0.0,0.0,0.0,1,444.5,1041.5,1,715.0,0.0,0.0,0.0,0.0,0.0,32
2023-05-10 21:04:24,SR401P7300,SR401P7300,715.0,0.0,0.0,0.0,10,445.0,1041.0,10,715.0,0.0,0.0,0.0,0.0,0.0,32
2023-05-10 21:04:28,SR401P7300,SR401P7300,715.0,0.0,0.0,0.0,1,446.5,1041.0,10,715.0,0.0,0.0,0.0,0.0,0.0,32
2023-05-10 21:04:29,SR401P7300,SR401P7300,715.0,0.0,0.0,0.0,10,447.0,1041.0,10,715.0,0.0,0.0,0.0,0.0,0.0,32
2023-05-10 21:04:29,SR401P7300,SR401P7300,715.0,0.0,0.0,0.0,1,448.5,1041.0,10,715.0,0.0,0.0,0.0,0.0,0.0,32
2023-05-10 21:04:30,SR401P7300,SR401P7300,715.0,0.0,0.0,0.0,10,449.0,1041.0,10,715.0,0.0,0.0,0.0,0.0,0.0,32
2023-05-10 21:04:34,SR401P7300,SR401P7300,715.0,0.0,0.0,0.0,1,450.5,1041.0,10,715.0,0.0,0.0,0.0,0.0,0.0,32
2023-05-10 21:04:35,SR401P7300,SR401P7300,715.0,0.0,0.0,0.0,10,451.0,1041.0,10,715.0,0.0,0.0,0.0,0.0,0.0,32
2023-05-10 21:04:36,SR401P7300,SR401P7300,715.0,0.0,0.0,0.0,1,452.5,1039.5,1,715.0,0.0,0.0,0.0,0.0,0.0,32
2023-05-10 21:04:37,SR401P7300,SR401P7300,715.0,0.0,0.0,0.0,10,453.0,1039.0,10,715.0,0.0,0.0,0.0,0.0,0.0,32
2023-05-10 21:04:39,SR401P7300,SR401P7300,715.0,0.0,0.0,0.0,10,455.0,1037.0,10,715.0,0.0,0.0,0.0,0.0,0.0,32
2023-05-10 21:04:43,SR401P7300,SR401P7300,715.0,0.0,0.0,0.0,1,456.5,1035.5,1,715.0,0.0,0.0,0.0,0.0,0.0,32
2023-05-10 21:04:43,SR401P7300,SR401P7300,715.0,0.0,0.0,0.0,10,457.0,1035.0,10,715.0,0.0,0.0,0.0,0.0,0.0,32
2023-05-10 21:04:48,SR401P7300,SR401P7300,715.0,0.0,0.0,0.0,1,458.5,1033.5,1,715.0,0.0,0.0,0.0,0.0,0.0,32
2023-05-10 21:04:48,SR401P7300,SR401P7300,715.0,0.0,0.0,0.0,10,459.0,1033.0,10,715.0,0.0,0.0,0.0,0.0,0.0,32
2023-05-10 21:04:51,SR401P7300,SR401P7300,715.0,0.0,0.0,0.0,1,460.5,1031.5,1,715.0,0.0,0.0,0.0,0.0,0.0,32
2023-05-10 21:04:51,SR401P7300,SR401P7300,715.0,0.0,0.0,0.0,10,461.0,1031.0,10,715.0,0.0,0.0,0.0,0.0,0.0,32
2023-05-10 21:04:55,SR401P7300,SR401P7300,715.0,0.0,0.0,0.0,1,462.5,1029.5,1,715.0,0.0,0.0,0.0,0.0,0.0,32
2023-05-10 21:04:55,SR401P7300,SR401P7300,715.0,0.0,0.0,0.0,10,463.0,1029.0,10,715.0,0.0,0.0,0.0,0.0,0.0,32
2023-05-10 21:04:56,SR401P7300,SR401P7300,715.0,0.0,0.0,0.0,1,464.5,1027.5,1,715.0,0.0,0.0,0.0,0.0,0.0,32
2023-05-10 21:04:56,SR401P7300,SR401P7300,715.0,0.0,0.0,0.0,10,465.0,1027.0,10,715.0,0.0,0.0,0.0,0.0,0.0,32
2023-05-10 21:04:57,SR401P7300,SR401P7300,715.0,0.0,0.0,0.0,1,466.5,1025.5,1,715.0,0.0,0.0,0.0,0.0,0.0,32
2023-05-10 21:04:57,SR401P7300,SR401P7300,715.0,0.0,0.0,0.0,10,467.0,1025.0,10,715.0,0.0,0.0,0.0,0.0,0.0,32
2023-05-10 21:05:03,SR401P7300,SR401P7300,715.0,0.0,0.0,0.0,1,468.5,1023.5,1,715.0,0.0,0.0,0.0,0.0,0.0,32
2023-05-10 21:05:03,SR401P7300,SR401P7300,715.0,0.0,0.0,0.0,10,469.0,1023.0,10,715.0,0.0,0.0,0.0,0.0,0.0,32
2023-05-10 21:05:07,SR401P7300,SR401P7300,715.0,0.0,0.0,0.0,1,470.5,1023.0,10,715.0,0.0,0.0,0.0,0.0,0.0,32
2023-05-10 21:05:07,SR401P7300,SR401P7300,715.0,0.0,0.0,0.0,10,471.0,1023.0,10,715.0,0.0,0.0,0.0,0.0,0.0,32
2023-05-10 21:05:14,SR401P7300,SR401P7300,715.0,0.0,0.0,0.0,1,472.5,1021.5,1,715.0,0.0,0.0,0.0,0.0,0.0,32
2023-05-10 21:05:14,SR401P7300,SR401P7300,715.0,0.0,0.0,0.0,10,473.0,1021.0,10,715.0,0.0,0.0,0.0,0.0,0.0,32
2023-05-10 21:05:18,SR401P7300,SR401P7300,715.0,0.0,0.0,0.0,1,474.5,1019.5,1,715.0,0.0,0.0,0.0,0.0,0.0,32
2023-05-10 21:05:18,SR401P7300,SR401P7300,715.0,0.0,0.0,0.0,10,475.0,1019.0,10,715.0,0.0,0.0,0.0,0.0,0.0,32
2023-05-10 21:05:23,SR401P7300,SR401P7300,715.0,0.0,0.0,0.0,1,476.5,1017.5,1,715.0,0.0,0.0,0.0,0.0,0.0,32
2023-05-10 21:05:23,SR401P7300,SR401P7300,715.0,0.0,0.0,0.0,10,477.0,1017.0,10,715.0,0.0,0.0,0.0,0.0,0.0,32
2023-05-10 21:05:29,SR401P7300,SR401P7300,715.0,0.0,0.0,0.0,1,478.5,1015.5,1,715.0,0.0,0.0,0.0,0.0,0.0,32
2023-05-10 21:05:29,SR401P7300,SR401P7300,715.0,0.0,0.0,0.0,10,479.0,1015.0,10,715.0,0.0,0.0,0.0,0.0,0.0,32
2023-05-10 21:05:36,SR401P7300,SR401P7300,715.0,0.0,0.0,0.0,1,480.5,1013.5,1,715.0,0.0,0.0,0.0,0.0,0.0,32
2023-05-10 21:05:36,SR401P7300,SR401P7300,715.0,0.0,0.0,0.0,10,481.0,1013.0,10,715.0,0.0,0.0,0.0,0.0,0.0,32
2023-05-10 21:05:40,SR401P7300,SR401P7300,715.0,0.0,0.0,0.0,1,482.5,1011.5,1,715.0,0.0,0.0,0.0,0.0,0.0,32
2023-05-10 21:05:40,SR401P7300,SR401P7300,715.0,0.0,0.0,0.0,10,483.0,1011.0,10,715.0,0.0,0.0,0.0,0.0,0.0,32
2023-05-10 21:05:45,SR401P7300,SR401P7300,715.0,0.0,0.0,0.0,1,484.5,1009.5,1,715.0,0.0,0.0,0.0,0.0,0.0,32
2023-05-10 21:05:45,SR401P7300,SR401P7300,715.0,0.0,0.0,0.0,10,485.0,1009.0,10,715.0,0.0,0.0,0.0,0.0,0.0,32
2023-05-10 21:05:49,SR401P7300,SR401P7300,715.0,0.0,0.0,0.0,1,486.5,1007.5,1,715.0,0.0,0.0,0.0,0.0,0.0,32
2023-05-10 21:05:49,SR401P7300,SR401P7300,715.0,0.0,0.0,0.0,10,487.0,1007.0,10,715.0,0.0,0.0,0.0,0.0,0.0,32
2023-05-10 21:05:54,SR401P7300,SR401P7300,715.0,0.0,0.0,0.0,1,488.5,1007.0,10,715.0,0.0,0.0,0.0,0.0,0.0,32
2023-05-10 21:05:54,SR401P7300,SR401P7300,715.0,0.0,0.0,0.0,10,489.0,1007.0,10,715.0,0.0,0.0,0.0,0.0,0.0,32
2023-05-10 21:05:56,SR401P7300,SR401P7300,715.0,0.0,0.0,0.0,1,490.5,1005.5,1,715.0,0.0,0.0,0.0,0.0,0.0,32
2023-05-10 21:05:56,SR401P7300,SR401P7300,715.0,0.0,0.0,0.0,10,491.0,1005.0,10,715.0,0.0,0.0,0.0,0.0,0.0,32
2023-05-10 21:05:59,SR401P7300,SR401P7300,715.0,0.0,0.0,0.0,1,492.5,1003.5,1,715.0,0.0,0.0,0.0,0.0,0.0,32
2023-05-10 21:05:59,SR401P7300,SR401P7300,715.0,0.0,0.0,0.0,10,493.0,1003.0,10,715.0,0.0,0.0,0.0,0.0,0.0,32
2023-05-10 21:06:04,SR401P7300,SR401P7300,715.0,0.0,0.0,0.0,1,494.5,1001.5,1,715.0,0.0,0.0,0.0,0.0,0.0,32
2023-05-10 21:06:04,SR401P7300,SR401P7300,715.0,0.0,0.0,0.0,10,495.0,1001.0,10,715.0,0.0,0.0,0.0,0.0,0.0,32
2023-05-10 21:06:07,SR401P7300,SR401P7300,715.0,0.0,0.0,0.0,1,496.5,999.5,1,715.0,0.0,0.0,0.0,0.0,0.0,32
2023-05-10 21:06:07,SR401P7300,SR401P7300,715.0,0.0,0.0,0.0,10,497.0,999.0,10,715.0,0.0,0.0,0.0,0.0,0.0,32
2023-05-10 21:06:08,SR401P7300,SR401P7300,715.0,0.0,0.0,0.0,1,498.5,999.0,10,715.0,0.0,0.0,0.0,0.0,0.0,32
2023-05-10 21:06:08,SR401P7300,SR401P7300,715.0,0.0,0.0,0.0,10,499.0,999.0,10,715.0,0.0,0.0,0.0,0.0,0.0,32
2023-05-10 21:06:11,SR401P7300,SR401P7300,715.0,0.0,0.0,0.0,1,500.5,997.5,1,715.0,0.0,0.0,0.0,0.0,0.0,32
2023-05-10 21:06:11,SR401P7300,SR401P7300,715.0,0.0,0.0,0.0,10,501.0,997.0,10,715.0,0.0,0.0,0.0,0.0,0.0,32
2023-05-10 21:06:14,SR401P7300,SR401P7300,715.0,0.0,0.0,0.0,1,502.5,997.0,10,715.0,0.0,0.0,0.0,0.0,0.0,32
2023-05-10 21:06:14,SR401P7300,SR401P7300,715.0,0.0,0.0,0.0,10,503.0,997.0,10,715.0,0.0,0.0,0.0,0.0,0.0,32
2023-05-10 21:06:17,SR401P7300,SR401P7300,715.0,0.0,0.0,0.0,1,504.5,997.0,10,715.0,0.0,0.0,0.0,0.0,0.0,32
2023-05-10 21:06:17,SR401P7300,SR401P7300,715.0,0.0,0.0,0.0,10,505.0,997.0,10,715.0,0.0,0.0,0.0,0.0,0.0,32
2023-05-10 21:06:18,SR401P7300,SR401P7300,715.0,0.0,0.0,0.0,1,506.5,995.5,1,715.0,0.0,0.0,0.0,0.0,0.0,32
2023-05-10 21:06:18,SR401P7300,SR401P7300,715.0,0.0,0.0,0.0,10,507.0,995.0,10,715.0,0.0,0.0,0.0,0.0,0.0,32
2023-05-10 21:06:19,SR401P7300,SR401P7300,715.0,0.0,0.0,0.0,1,508.5,993.5,1,715.0,0.0,0.0,0.0,0.0,0.0,32
2023-05-10 21:06:19,SR401P7300,SR401P7300,715.0,0.0,0.0,0.0,10,509.0,993.0,10,715.0,0.0,0.0,0.0,0.0,0.0,32
2023-05-10 21:06:20,SR401P7300,SR401P7300,715.0,0.0,0.0,0.0,1,510.5,991.5,1,715.0,0.0,0.0,0.0,0.0,0.0,32
2023-05-10 21:06:20,SR401P7300,SR401P7300,715.0,0.0,0.0,0.0,10,511.0,991.0,10,715.0,0.0,0.0,0.0,0.0,0.0,32
2023-05-10 21:06:21,SR401P7300,SR401P7300,715.0,0.0,0.0,0.0,1,512.5,989.5,1,715.0,0.0,0.0,0.0,0.0,0.0,32
2023-05-10 21:06:21,SR401P7300,SR401P7300,715.0,0.0,0.0,0.0,10,513.0,989.0,10,715.0,0.0,0.0,0.0,0.0,0.0,32
2023-05-10 21:06:22,SR401P7300,SR401P7300,715.0,0.0,0.0,0.0,1,514.5,987.5,1,715.0,0.0,0.0,0.0,0.0,0.0,32
2023-05-10 21:06:22,SR401P7300,SR401P7300,715.0,0.0,0.0,0.0,10,515.0,987.0,10,715.0,0.0,0.0,0.0,0.0,0.0,32
2023-05-10 21:06:24,SR401P7300,SR401P7300,715.0,0.0,0.0,0.0,1,516.5,985.5,1,715.0,0.0,0.0,0.0,0.0,0.0,32
2023-05-10 21:06:24,SR401P7300,SR401P7300,715.0,0.0,0.0,0.0,10,517.0,985.0,10,715.0,0.0,0.0,0.0,0.0,0.0,32
2023-05-10 21:06:27,SR401P7300,SR401P7300,715.0,0.0,0.0,0.0,1,518.5,983.5,1,715.0,0.0,0.0,0.0,0.0,0.0,32
2023-05-10 21:06:27,SR401P7300,SR401P7300,715.0,0.0,0.0,0.0,10,519.0,983.0,10,715.0,0.0,0.0,0.0,0.0,0.0,32
2023-05-10 21:06:28,SR401P7300,SR401P7300,715.0,0.0,0.0,0.0,1,520.5,981.5,1,715.0,0.0,0.0,0.0,0.0,0.0,32
2023-05-10 21:06:28,SR401P7300,SR401P7300,715.0,0.0,0.0,0.0,10,521.0,981.0,10,715.0,0.0,0.0,0.0,0.0,0.0,32
2023-05-10 21:06:30,SR401P7300,SR401P7300,715.0,0.0,0.0,0.0,1,522.5,979.5,1,715.0,0.0,0.0,0.0,0.0,0.0,32
2023-05-10 21:06:30,SR401P7300,SR401P7300,715.0,0.0,0.0,0.0,10,523.0,979.0,10,715.0,0.0,0.0,0.0,0.0,0.0,32
2023-05-10 21:06:32,SR401P7300,SR401P7300,715.0,0.0,0.0,0.0,1,524.5,977.5,1,715.0,0.0,0.0,0.0,0.0,0.0,32
2023-05-10 21:06:32,SR401P7300,SR401P7300,715.0,0.0,0.0,0.0,10,525.0,977.0,10,715.0,0.0,0.0,0.0,0.0,0.0,32
2023-05-10 21:06:33,SR401P7300,SR401P7300,715.0,0.0,0.0,0.0,1,526.5,975.5,1,715.0,0.0,0.0,0.0,0.0,0.0,32
2023-05-10 21:06:33,SR401P7300,SR401P7300,715.0,0.0,0.0,0.0,10,527.0,975.0,10,715.0,0.0,0.0,0.0,0.0,0.0,32
2023-05-10 21:06:34,SR401P7300,SR401P7300,715.0,0.0,0.0,0.0,1,528.5,973.5,1,715.0,0.0,0.0,0.0,0.0,0.0,32
2023-05-10 21:06:34,SR401P7300,SR401P7300,715.0,0.0,0.0,0.0,10,529.0,973.0,10,715.0,0.0,0.0,0.0,0.0,0.0,32
2023-05-10 21:06:35,SR401P7300,SR401P7300,715.0,0.0,0.0,0.0,1,530.5,973.0,10,715.0,0.0,0.0,0.0,0.0,0.0,32
2023-05-10 21:06:35,SR401P7300,SR401P7300,715.0,0.0,0.0,0.0,10,531.0,971.5,1,715.0,0.0,0.0,0.0,0.0,0.0,32
2023-05-10 21:06:36,SR401P7300,SR401P7300,715.0,0.0,0.0,0.0,1,532.5,971.0,10,715.0,0.0,0.0,0.0,0.0,0.0,32
2023-05-10 21:06:36,SR401P7300,SR401P7300,715.0,0.0,0.0,0.0,10,533.0,969.5,1,715.0,0.0,0.0,0.0,0.0,0.0,32
2023-05-10 21:06:37,SR401P7300,SR401P7300,715.0,0.0,0.0,0.0,1,534.5,969.0,10,715.0,0.0,0.0,0.0,0.0,0.0,32
2023-05-10 21:06:37,SR401P7300,SR401P7300,715.0,0.0,0.0,0.0,10,535.0,967.5,1,715.0,0.0,0.0,0.0,0.0,0.0,32
2023-05-10 21:06:38,SR401P7300,SR401P7300,715.0,0.0,0.0,0.0,10,537.0,967.0,10,715.0,0.0,0.0,0.0,0.0,0.0,32
2023-05-10 21:06:38,SR401P7300,SR401P7300,715.0,0.0,0.0,0.0,1,538.5,965.5,1,715.0,0.0,0.0,0.0,0.0,0.0,32
2023-05-10 21:06:39,SR401P7300,SR401P7300,715.0,0.0,0.0,0.0,10,539.0,965.0,10,715.0,0.0,0.0,0.0,0.0,0.0,32
2023-05-10 21:06:39,SR401P7300,SR401P7300,715.0,0.0,0.0,0.0,10,539.0,963.5,1,715.0,0.0,0.0,0.0,0.0,0.0,32
2023-05-10 21:06:40,SR401P7300,SR401P7300,715.0,0.0,0.0,0.0,10,539.0,963.0,10,715.0,0.0,0.0,0.0,0.0,0.0,32
2023-05-10 21:06:40,SR401P7300,SR401P7300,715.0,0.0,0.0,0.0,10,539.0,961.5,1,715.0,0.0,0.0,0.0,0.0,0.0,32
2023-05-10 21:06:41,SR401P7300,SR401P7300,715.0,0.0,0.0,0.0,10,539.0,961.0,10,715.0,0.0,0.0,0.0,0.0,0.0,32
2023-05-10 21:17:32,SR401P7300,SR401P7300,715.0,0.0,0.0,0.0,3,705.0,725.5,3,715.0,0.0,0.0,0.0,0.0,0.0,32
2023-05-10 21:17:34,SR401P7300,SR401P7300,715.0,0.0,0.0,0.0,6,705.0,725.5,6,715.0,0.0,0.0,0.0,0.0,0.0,32
2023-05-10 21:17:37,SR401P7300,SR401P7300,715.0,0.0,0.0,0.0,9,705.0,725.5,9,715.0,0.0,0.0,0.0,0.0,0.0,32
2023-05-10 21:17:45,SR401P7300,SR401P7300,715.0,0.0,0.0,0.0,3,705.0,725.5,3,715.0,0.0,0.0,0.0,0.0,0.0,32
2023-05-10 21:17:46,SR401P7300,SR401P7300,715.0,0.0,0.0,0.0,6,705.0,725.5,6,715.0,0.0,0.0,0.0,0.0,0.0,32
2023-05-10 21:17:49,SR401P7300,SR401P7300,715.0,0.0,0.0,0.0,3,705.0,725.5,3,715.0,0.0,0.0,0.0,0.0,0.0,32
2023-05-10 21:17:58,SR401P7300,SR401P7300,715.0,0.0,0.0,0.0,10,351.5,0.0,0,715.0,0.0,0.0,0.0,0.0,0.0,32
2023-05-10 21:17:58,SR401P7300,SR401P7300,715.0,0.0,0.0,0.0,1,353.0,1115.0,10,715.0,0.0,0.0,0.0,0.0,0.0,32
2023-05-10 21:17:59,SR401P7300,SR401P7300,715.0,0.0,0.0,0.0,10,353.5,1113.5,1,715.0,0.0,0.0,0.0,0.0,0.0,32
2023-05-10 21:17:59,SR401P7300,SR401P7300,715.0,0.0,0.0,0.0,1,355.0,1113.0,10,715.0,0.0,0.0,0.0,0.0,0.0,32
2023-05-10 21:18:00,SR401P7300,SR401P7300,715.0,0.0,0.0,0.0,10,355.5,1111.5,1,715.0,0.0,0.0,0.0,0.0,0.0,32
2023-05-10 21:18:00,SR401P7300,SR401P7300,715.0,0.0,0.0,0.0,1,357.0,1111.0,10,715.0,0.0,0.0,0.0,0.0,0.0,32
2023-05-10 21:18:01,SR401P7300,SR401P7300,715.0,0.0,0.0,0.0,10,357.5,1109.5,1,715.0,0.0,0.0,0.0,0.0,0.0,32
2023-05-10 21:18:01,SR401P7300,SR401P7300,715.0,0.0,0.0,0.0,1,359.0,1109.0,10,715.0,0.0,0.0,0.0,0.0,0.0,32
2023-05-10 21:18:02,SR401P7300,SR401P7300,715.0,0.0,0.0,0.0,10,359.5,1107.5,1,715.0,0.0,0.0,0.0,0.0,0.0,32
2023-05-10 21:18:02,SR401P7300,SR401P7300,715.0,0.0,0.0,0.0,1,361.0,1107.0,10,715.0,0.0,0.0,0.0,0.0,0.0,32
2023-05-10 21:18:03,SR401P7300,SR401P7300,715.0,0.0,0.0,0.0,10,361.5,1105.5,1,715.0,0.0,0.0,0.0,0.0,0.0,32
2023-05-10 21:18:03,SR401P7300,SR401P7300,715.0,0.0,0.0,0.0,10,361.5,1105.0,10,715.0,0.0,0.0,0.0,0.0,0.0,32
2023-05-10 21:18:03,SR401P7300,SR401P7300,715.0,0.0,0.0,0.0,10,361.5,1105.5,1,715.0,0.0,0.0,0.0,0.0,0.0,32
2023-05-10 21:18:03,SR401P7300,SR401P7300,715.0,0.0,0.0,0.0,10,361.5,1105.0,10,715.0,0.0,0.0,0.0,0.0,0.0,32
2023-05-10 21:32:22,SR401P7300,SR401P7300,715.0,0.0,0.0,0.0,1,363.0,1103.5,1,715.0,0.0,0.0,0.0,0.0,0.0,32
2023-05-10 21:32:23,SR401P7300,SR401P7300,715.0,0.0,0.0,0.0,10,363.5,1103.0,10,715.0,0.0,0.0,0.0,0.0,0.0,32
2023-05-10 21:32:23,SR401P7300,SR401P7300,715.0,0.0,0.0,0.0,1,365.0,1101.5,1,715.0,0.0,0.0,0.0,0.0,0.0,32
2023-05-10 21:32:24,SR401P7300,SR401P7300,715.0,0.0,0.0,0.0,10,365.5,1101.0,10,715.0,0.0,0.0,0.0,0.0,0.0,32
2023-05-10 21:32:24,SR401P7300,SR401P7300,715.0,0.0,0.0,0.0,1,367.0,1099.5,1,715.0,0.0,0.0,0.0,0.0,0.0,32
2023-05-10 21:32:25,SR401P7300,SR401P7300,715.0,0.0,0.0,0.0,10,367.5,1099.0,10,715.0,0.0,0.0,0.0,0.0,0.0,32
2023-05-10 21:32:25,SR401P7300,SR401P7300,715.0,0.0,0.0,0.0,1,369.0,1097.5,1,715.0,0.0,0.0,0.0,0.0,0.0,32
2023-05-10 21:32:26,SR401P7300,SR401P7300,715.0,0.0,0.0,0.0,10,369.5,1097.0,10,715.0,0.0,0.0,0.0,0.0,0.0,32
2023-05-10 21:32:26,SR401P7300,SR401P7300,715.0,0.0,0.0,0.0,1,371.0,1095.5,1,715.0,0.0,0.0,0.0,0.0,0.0,32
2023-05-10 21:32:27,SR401P7300,SR401P7300,715.0,0.0,0.0,0.0,10,371.5,1095.0,10,715.0,0.0,0.0,0.0,0.0,0.0,32
2023-05-10 21:44:44,SR401P7300,SR401P7300,715.0,0.0,0.0,0.0,1,351.0,0.0,0,715.0,0.0,0.0,0.0,0.0,0.0,32
2023-05-10 21:44:45,SR401P7300,SR401P7300,715.0,0.0,0.0,0.0,1,352.5,1115.5,1,715.0,0.0,0.0,0.0,0.0,0.0,32
2023-05-10 21:46:07,SR401P7300,SR401P7300,715.0,0.0,0.0,0.0,10,353.0,1115.0,10,715.0,0.0,0.0,0.0,0.0,0.0,32
2023-05-10 21:46:09,SR401P7300,SR401P7300,715.0,0.0,0.0,0.0,1,354.5,1113.5,1,715.0,0.0,0.0,0.0,0.0,0.0,32
2023-05-10 21:46:09,SR401P7300,SR401P7300,715.0,0.0,0.0,0.0,10,355.0,1113.0,10,715.0,0.0,0.0,0.0,0.0,0.0,32
2023-05-10 21:46:10,SR401P7300,SR401P7300,715.0,0.0,0.0,0.0,1,356.5,1111.5,1,715.0,0.0,0.0,0.0,0.0,0.0,32
2023-05-10 21:46:10,SR401P7300,SR401P7300,715.0,0.0,0.0,0.0,10,357.0,1111.0,10,715.0,0.0,0.0,0.0,0.0,0.0,32
2023-05-10 21:46:12,SR401P7300,SR401P7300,715.0,0.0,0.0,0.0,1,358.5,1109.5,1,715.0,0.0,0.0,0.0,0.0,0.0,32
2023-05-10 21:46:12,SR401P7300,SR401P7300,715.0,0.0,0.0,0.0,10,359.0,1109.0,10,715.0,0.0,0.0,0.0,0.0,0.0,32
2023-05-10 22:02:22,SR401P7300,SR401P7300,715.0,0.0,0.0,0.0,1,360.5,1107.5,1,715.0,0.0,0.0,0.0,0.0,0.0,32
2023-05-10 22:02:23,SR401P7300,SR401P7300,715.0,0.0,0.0,0.0,10,361.0,1107.0,10,715.0,0.0,0.0,0.0,0.0,0.0,32
2023-05-10 22:02:23,SR401P7300,SR401P7300,715.0,0.0,0.0,0.0,1,362.5,1105.5,1,715.0,0.0,0.0,0.0,0.0,0.0,32
2023-05-10 22:02:23,SR401P7300,SR401P7300,715.0,0.0,0.0,0.0,10,363.0,1105.0,10,715.0,0.0,0.0,0.0,0.0,0.0,32
2023-05-10 22:02:24,SR401P7300,SR401P7300,715.0,0.0,0.0,0.0,1,364.5,1103.5,1,715.0,0.0,0.0,0.0,0.0,0.0,32
2023-05-10 22:02:24,SR401P7300,SR401P7300,715.0,0.0,0.0,0.0,10,365.0,1103.0,10,715.0,0.0,0.0,0.0,0.0,0.0,32
2023-05-10 22:02:25,SR401P7300,SR401P7300,715.0,0.0,0.0,0.0,1,366.5,1101.5,1,715.0,0.0,0.0,0.0,0.0,0.0,32
2023-05-10 22:02:25,SR401P7300,SR401P7300,715.0,0.0,0.0,0.0,10,367.0,1101.0,10,715.0,0.0,0.0,0.0,0.0,0.0,32
2023-05-10 22:02:26,SR401P7300,SR401P7300,715.0,0.0,0.0,0.0,1,368.5,1099.5,1,715.0,0.0,0.0,0.0,0.0,0.0,32
2023-05-10 22:02:26,SR401P7300,SR401P7300,715.0,0.0,0.0,0.0,10,369.0,1099.0,10,715.0,0.0,0.0,0.0,0.0,0.0,32
2023-05-10 22:02:26,SR401P7300,SR401P7300,715.0,0.0,0.0,0.0,1,368.5,1099.5,1,715.0,0.0,0.0,0.0,0.0,0.0,32
2023-05-10 22:02:27,SR401P7300,SR401P7300,715.0,0.0,0.0,0.0,1,370.5,1097.5,1,715.0,0.0,0.0,0.0,0.0,0.0,32
2023-05-10 22:02:27,SR401P7300,SR401P7300,715.0,0.0,0.0,0.0,10,371.0,1097.0,10,715.0,0.0,0.0,0.0,0.0,0.0,32
2023-05-10 22:23:02,SR401P7300,SR401P7300,715.0,0.0,0.0,0.0,1,351.0,0.0,0,715.0,0.0,0.0,0.0,0.0,0.0,32
2023-05-10 22:23:56,SR401P7300,SR401P7300,715.0,0.0,0.0,0.0,10,351.5,0.0,0,715.0,0.0,0.0,0.0,0.0,0.0,32
2023-05-10 22:26:29,SR401P7300,SR401P7300,715.0,0.0,0.0,0.0,1,351.0,0.0,0,715.0,0.0,0.0,0.0,0.0,0.0,32
2023-05-10 22:27:07,SR401P7300,SR401P7300,715.0,0.0,0.0,0.0,10,351.5,0.0,0,715.0,0.0,0.0,0.0,0.0,0.0,32
2023-05-10 22:57:35,SR401P7300,SR401P7300,715.0,0.0,0.0,0.0,1,351.0,0.0,0,715.0,0.0,0.0,0.0,0.0,0.0,32
2023-05-10 22:57:41,SR401P7300,SR401P7300,715.0,0.0,0.0,0.0,0,0.0,0.0,0,715.0,0.0,0.0,0.0,0.0,0.0,32
2023-05-11 09:02:01,SR401P7300,SR401P7300,715.0,0.0,0.0,0.0,1,314.5,0.0,0,715.0,0.0,0.0,0.0,0.0,0.0,32
2023-05-11 09:02:01,SR401P7300,SR401P7300,715.0,0.0,0.0,0.0,10,315.0,0.0,0,715.0,0.0,0.0,0.0,0.0,0.0,32
2023-05-11 09:02:12,SR401P7300,SR401P7300,715.0,0.0,0.0,0.0,1,316.5,1115.5,1,715.0,0.0,0.0,0.0,0.0,0.0,32
2023-05-11 09:02:12,SR401P7300,SR401P7300,715.0,0.0,0.0,0.0,10,317.0,1115.0,10,715.0,0.0,0.0,0.0,0.0,0.0,32
2023-05-11 09:02:18,SR401P7300,SR401P7300,715.0,0.0,0.0,0.0,1,318.5,1113.5,1,715.0,0.0,0.0,0.0,0.0,0.0,32
2023-05-11 09:02:18,SR401P7300,SR401P7300,715.0,0.0,0.0,0.0,10,319.0,1113.0,10,715.0,0.0,0.0,0.0,0.0,0.0,32
2023-05-11 09:02:22,SR401P7300,SR401P7300,715.0,0.0,0.0,0.0,1,320.5,1113.0,10,715.0,0.0,0.0,0.0,0.0,0.0,32
2023-05-11 09:02:23,SR401P7300,SR401P7300,715.0,0.0,0.0,0.0,10,321.0,1113.0,10,715.0,0.0,0.0,0.0,0.0,0.0,32
2023-05-11 09:02:27,SR401P7300,SR401P7300,715.0,0.0,0.0,0.0,1,322.5,1111.5,1,715.0,0.0,0.0,0.0,0.0,0.0,32
2023-05-11 09:02:28,SR401P7300,SR401P7300,715.0,0.0,0.0,0.0,10,323.0,1111.0,10,715.0,0.0,0.0,0.0,0.0,0.0,32
2023-05-11 09:02:28,SR401P7300,SR401P7300,715.0,0.0,0.0,0.0,1,324.5,1111.0,10,715.0,0.0,0.0,0.0,0.0,0.0,32
2023-05-11 09:02:28,SR401P7300,SR401P7300,715.0,0.0,0.0,0.0,10,325.0,1111.0,10,715.0,0.0,0.0,0.0,0.0,0.0,32
2023-05-11 09:02:31,SR401P7300,SR401P7300,715.0,0.0,0.0,0.0,1,326.5,1109.5,1,715.0,0.0,0.0,0.0,0.0,0.0,32
2023-05-11 09:02:31,SR401P7300,SR401P7300,715.0,0.0,0.0,0.0,10,327.0,1109.0,10,715.0,0.0,0.0,0.0,0.0,0.0,32
2023-05-11 09:02:38,SR401P7300,SR401P7300,715.0,0.0,0.0,0.0,1,328.5,1107.5,1,715.0,0.0,0.0,0.0,0.0,0.0,32
2023-05-11 09:02:38,SR401P7300,SR401P7300,715.0,0.0,0.0,0.0,10,329.0,1107.0,10,715.0,0.0,0.0,0.0,0.0,0.0,32
2023-05-11 09:02:46,SR401P7300,SR401P7300,715.0,0.0,0.0,0.0,1,330.5,1105.5,1,715.0,0.0,0.0,0.0,0.0,0.0,32
2023-05-11 09:02:47,SR401P7300,SR401P7300,715.0,0.0,0.0,0.0,10,331.0,1105.0,10,715.0,0.0,0.0,0.0,0.0,0.0,32
2023-05-11 09:02:53,SR401P7300,SR401P7300,715.0,0.0,0.0,0.0,1,332.5,1105.0,10,715.0,0.0,0.0,0.0,0.0,0.0,32
2023-05-11 09:02:54,SR401P7300,SR401P7300,715.0,0.0,0.0,0.0,10,333.0,1105.0,10,715.0,0.0,0.0,0.0,0.0,0.0,32
2023-05-11 09:03:02,SR401P7300,SR401P7300,715.0,0.0,0.0,0.0,1,334.5,1105.0,10,715.0,0.0,0.0,0.0,0.0,0.0,32
2023-05-11 09:03:03,SR401P7300,SR401P7300,715.0,0.0,0.0,0.0,10,335.0,1103.5,1,715.0,0.0,0.0,0.0,0.0,0.0,32
2023-05-11 09:03:03,SR401P7300,SR401P7300,715.0,0.0,0.0,0.0,10,335.0,1103.0,10,715.0,0.0,0.0,0.0,0.0,0.0,32
2023-05-11 09:03:06,SR401P7300,SR401P7300,715.0,0.0,0.0,0.0,1,336.5,1101.5,1,715.0,0.0,0.0,0.0,0.0,0.0,32
2023-05-11 09:03:06,SR401P7300,SR401P7300,715.0,0.0,0.0,0.0,10,337.0,1101.0,10,715.0,0.0,0.0,0.0,0.0,0.0,32
2023-05-11 09:03:09,SR401P7300,SR401P7300,715.0,0.0,0.0,0.0,1,338.5,1099.5,1,715.0,0.0,0.0,0.0,0.0,0.0,32
2023-05-11 09:03:09,SR401P7300,SR401P7300,715.0,0.0,0.0,0.0,10,339.0,1099.0,10,715.0,0.0,0.0,0.0,0.0,0.0,32
2023-05-11 09:03:11,SR401P7300,SR401P7300,715.0,0.0,0.0,0.0,1,340.5,1097.5,1,715.0,0.0,0.0,0.0,0.0,0.0,32
2023-05-11 09:03:11,SR401P7300,SR401P7300,715.0,0.0,0.0,0.0,10,341.0,1097.0,10,715.0,0.0,0.0,0.0,0.0,0.0,32
2023-05-11 09:03:14,SR401P7300,SR401P7300,715.0,0.0,0.0,0.0,1,342.5,1095.5,1,715.0,0.0,0.0,0.0,0.0,0.0,32
2023-05-11 09:03:14,SR401P7300,SR401P7300,715.0,0.0,0.0,0.0,10,343.0,1095.0,10,715.0,0.0,0.0,0.0,0.0,0.0,32
2023-05-11 09:03:19,SR401P7300,SR401P7300,715.0,0.0,0.0,0.0,1,344.5,1095.0,10,715.0,0.0,0.0,0.0,0.0,0.0,32
2023-05-11 09:03:19,SR401P7300,SR401P7300,715.0,0.0,0.0,0.0,10,345.0,1095.0,10,715.0,0.0,0.0,0.0,0.0,0.0,32
2023-05-11 09:03:20,SR401P7300,SR401P7300,715.0,0.0,0.0,0.0,10,345.0,1093.5,1,715.0,0.0,0.0,0.0,0.0,0.0,32
2023-05-11 09:03:20,SR401P7300,SR401P7300,715.0,0.0,0.0,0.0,10,345.0,1093.0,10,715.0,0.0,0.0,0.0,0.0,0.0,32
2023-05-11 09:03:22,SR401P7300,SR401P7300,715.0,0.0,0.0,0.0,1,346.5,1091.5,1,715.0,0.0,0.0,0.0,0.0,0.0,32
2023-05-11 09:03:22,SR401P7300,SR401P7300,715.0,0.0,0.0,0.0,10,347.0,1091.0,10,715.0,0.0,0.0,0.0,0.0,0.0,32
2023-05-11 09:03:24,SR401P7300,SR401P7300,715.0,0.0,0.0,0.0,1,348.5,1089.5,1,715.0,0.0,0.0,0.0,0.0,0.0,32
2023-05-11 09:03:24,SR401P7300,SR401P7300,715.0,0.0,0.0,0.0,10,349.0,1089.0,10,715.0,0.0,0.0,0.0,0.0,0.0,32
2023-05-11 09:03:26,SR401P7300,SR401P7300,715.0,0.0,0.0,0.0,1,350.5,1089.0,10,715.0,0.0,0.0,0.0,0.0,0.0,32
2023-05-11 09:03:26,SR401P7300,SR401P7300,715.0,0.0,0.0,0.0,10,351.0,1089.0,10,715.0,0.0,0.0,0.0,0.0,0.0,32
2023-05-11 09:03:29,SR401P7300,SR401P7300,715.0,0.0,0.0,0.0,1,352.5,1087.5,1,715.0,0.0,0.0,0.0,0.0,0.0,32
2023-05-11 09:03:29,SR401P7300,SR401P7300,715.0,0.0,0.0,0.0,10,353.0,1087.0,10,715.0,0.0,0.0,0.0,0.0,0.0,32
2023-05-11 09:03:32,SR401P7300,SR401P7300,715.0,0.0,0.0,0.0,1,354.5,1085.5,1,715.0,0.0,0.0,0.0,0.0,0.0,32
2023-05-11 09:03:32,SR401P7300,SR401P7300,715.0,0.0,0.0,0.0,10,355.0,1085.0,10,715.0,0.0,0.0,0.0,0.0,0.0,32
2023-05-11 09:03:34,SR401P7300,SR401P7300,715.0,0.0,0.0,0.0,1,356.5,1085.0,10,715.0,0.0,0.0,0.0,0.0,0.0,32
2023-05-11 09:03:34,SR401P7300,SR401P7300,715.0,0.0,0.0,0.0,10,357.0,1085.0,10,715.0,0.0,0.0,0.0,0.0,0.0,32
2023-05-11 09:03:37,SR401P7300,SR401P7300,715.0,0.0,0.0,0.0,1,358.5,1083.5,1,715.0,0.0,0.0,0.0,0.0,0.0,32
2023-05-11 09:03:37,SR401P7300,SR401P7300,715.0,0.0,0.0,0.0,10,359.0,1083.0,10,715.0,0.0,0.0,0.0,0.0,0.0,32
2023-05-11 09:03:40,SR401P7300,SR401P7300,715.0,0.0,0.0,0.0,1,360.5,1081.5,1,715.0,0.0,0.0,0.0,0.0,0.0,32
2023-05-11 09:03:40,SR401P7300,SR401P7300,715.0,0.0,0.0,0.0,10,361.0,1081.0,10,715.0,0.0,0.0,0.0,0.0,0.0,32
2023-05-11 09:03:43,SR401P7300,SR401P7300,715.0,0.0,0.0,0.0,1,362.5,1079.5,1,715.0,0.0,0.0,0.0,0.0,0.0,32
2023-05-11 09:03:43,SR401P7300,SR401P7300,715.0,0.0,0.0,0.0,10,363.0,1079.0,10,715.0,0.0,0.0,0.0,0.0,0.0,32
2023-05-11 09:03:46,SR401P7300,SR401P7300,715.0,0.0,0.0,0.0,1,364.5,1079.0,10,715.0,0.0,0.0,0.0,0.0,0.0,32
2023-05-11 09:03:46,SR401P7300,SR401P7300,715.0,0.0,0.0,0.0,10,365.0,1079.0,10,715.0,0.0,0.0,0.0,0.0,0.0,32
2023-05-11 09:03:49,SR401P7300,SR401P7300,715.0,0.0,0.0,0.0,1,366.5,1077.5,1,715.0,0.0,0.0,0.0,0.0,0.0,32
2023-05-11 09:03:49,SR401P7300,SR401P7300,715.0,0.0,0.0,0.0,10,367.0,1077.0,10,715.0,0.0,0.0,0.0,0.0,0.0,32
2023-05-11 09:03:51,SR401P7300,SR401P7300,715.0,0.0,0.0,0.0,1,368.5,1075.5,1,715.0,0.0,0.0,0.0,0.0,0.0,32
2023-05-11 09:03:51,SR401P7300,SR401P7300,715.0,0.0,0.0,0.0,10,369.0,1075.0,10,715.0,0.0,0.0,0.0,0.0,0.0,32
2023-05-11 09:03:53,SR401P7300,SR401P7300,715.0,0.0,0.0,0.0,1,370.5,1073.5,1,715.0,0.0,0.0,0.0,0.0,0.0,32
2023-05-11 09:03:53,SR401P7300,SR401P7300,715.0,0.0,0.0,0.0,10,371.0,1073.0,10,715.0,0.0,0.0,0.0,0.0,0.0,32
2023-05-11 09:03:54,SR401P7300,SR401P7300,715.0,0.0,0.0,0.0,10,371.0,1071.5,1,715.0,0.0,0.0,0.0,0.0,0.0,32
2023-05-11 09:03:54,SR401P7300,SR401P7300,715.0,0.0,0.0,0.0,1,372.5,1071.0,10,715.0,0.0,0.0,0.0,0.0,0.0,32
2023-05-11 09:03:55,SR401P7300,SR401P7300,715.0,0.0,0.0,0.0,10,373.0,1071.0,10,715.0,0.0,0.0,0.0,0.0,0.0,32
2023-05-11 09:03:58,SR401P7300,SR401P7300,715.0,0.0,0.0,0.0,1,374.5,1069.5,1,715.0,0.0,0.0,0.0,0.0,0.0,32
2023-05-11 09:03:59,SR401P7300,SR401P7300,715.0,0.0,0.0,0.0,10,375.0,1069.0,10,715.0,0.0,0.0,0.0,0.0,0.0,32
2023-05-11 09:04:05,SR401P7300,SR401P7300,715.0,0.0,0.0,0.0,1,376.5,1067.5,1,715.0,0.0,0.0,0.0,0.0,0.0,32
2023-05-11 09:04:06,SR401P7300,SR401P7300,715.0,0.0,0.0,0.0,10,377.0,1067.0,10,715.0,0.0,0.0,0.0,0.0,0.0,32
2023-05-11 09:04:09,SR401P7300,SR401P7300,715.0,0.0,0.0,0.0,1,378.5,1065.5,1,715.0,0.0,0.0,0.0,0.0,0.0,32
2023-05-11 09:04:10,SR401P7300,SR401P7300,715.0,0.0,0.0,0.0,10,379.0,1065.0,10,715.0,0.0,0.0,0.0,0.0,0.0,32
2023-05-11 09:04:13,SR401P7300,SR401P7300,715.0,0.0,0.0,0.0,1,380.5,1063.5,1,715.0,0.0,0.0,0.0,0.0,0.0,32
2023-05-11 09:04:14,SR401P7300,SR401P7300,715.0,0.0,0.0,0.0,10,381.0,1063.0,10,715.0,0.0,0.0,0.0,0.0,0.0,32
2023-05-11 09:04:18,SR401P7300,SR401P7300,715.0,0.0,0.0,0.0,1,382.5,1063.0,10,715.0,0.0,0.0,0.0,0.0,0.0,32
2023-05-11 09:04:19,SR401P7300,SR401P7300,715.0,0.0,0.0,0.0,10,383.0,1061.5,1,715.0,0.0,0.0,0.0,0.0,0.0,32
2023-05-11 09:04:19,SR401P7300,SR401P7300,715.0,0.0,0.0,0.0,10,383.0,1061.0,10,715.0,0.0,0.0,0.0,0.0,0.0,32
2023-05-11 09:04:20,SR401P7300,SR401P7300,715.0,0.0,0.0,0.0,1,384.5,1059.5,1,715.0,0.0,0.0,0.0,0.0,0.0,32
2023-05-11 09:04:20,SR401P7300,SR401P7300,715.0,0.0,0.0,0.0,10,385.0,1059.0,10,715.0,0.0,0.0,0.0,0.0,0.0,32
2023-05-11 09:04:23,SR401P7300,SR401P7300,715.0,0.0,0.0,0.0,1,386.5,1057.5,1,715.0,0.0,0.0,0.0,0.0,0.0,32
2023-05-11 09:04:23,SR401P7300,SR401P7300,715.0,0.0,0.0,0.0,10,387.0,1057.0,10,715.0,0.0,0.0,0.0,0.0,0.0,32
2023-05-11 09:04:28,SR401P7300,SR401P7300,715.0,0.0,0.0,0.0,1,388.5,1055.5,1,715.0,0.0,0.0,0.0,0.0,0.0,32
2023-05-11 09:04:28,SR401P7300,SR401P7300,715.0,0.0,0.0,0.0,10,389.0,1055.0,10,715.0,0.0,0.0,0.0,0.0,0.0,32
2023-05-11 09:04:29,SR401P7300,SR401P7300,715.0,0.0,0.0,0.0,1,390.5,1053.5,1,715.0,0.0,0.0,0.0,0.0,0.0,32
2023-05-11 09:04:29,SR401P7300,SR401P7300,715.0,0.0,0.0,0.0,10,391.0,1053.0,10,715.0,0.0,0.0,0.0,0.0,0.0,32
2023-05-11 09:04:36,SR401P7300,SR401P7300,715.0,0.0,0.0,0.0,1,392.5,1051.5,1,715.0,0.0,0.0,0.0,0.0,0.0,32
2023-05-11 09:04:36,SR401P7300,SR401P7300,715.0,0.0,0.0,0.0,10,393.0,1051.0,10,715.0,0.0,0.0,0.0,0.0,0.0,32
2023-05-11 09:04:41,SR401P7300,SR401P7300,715.0,0.0,0.0,0.0,1,394.5,1049.5,1,715.0,0.0,0.0,0.0,0.0,0.0,32
2023-05-11 09:04:41,SR401P7300,SR401P7300,715.0,0.0,0.0,0.0,10,395.0,1049.0,10,715.0,0.0,0.0,0.0,0.0,0.0,32
2023-05-11 09:04:42,SR401P7300,SR401P7300,715.0,0.0,0.0,0.0,1,396.5,1047.5,1,715.0,0.0,0.0,0.0,0.0,0.0,32
2023-05-11 09:04:42,SR401P7300,SR401P7300,715.0,0.0,0.0,0.0,10,397.0,1047.0,10,715.0,0.0,0.0,0.0,0.0,0.0,32
2023-05-11 09:04:43,SR401P7300,SR401P7300,715.0,0.0,0.0,0.0,1,398.5,1047.0,10,715.0,0.0,0.0,0.0,0.0,0.0,32
2023-05-11 09:04:43,SR401P7300,SR401P7300,715.0,0.0,0.0,0.0,10,399.0,1047.0,10,715.0,0.0,0.0,0.0,0.0,0.0,32
2023-05-11 09:04:47,SR401P7300,SR401P7300,715.0,0.0,0.0,0.0,1,400.5,1045.5,1,715.0,0.0,0.0,0.0,0.0,0.0,32
2023-05-11 09:04:47,SR401P7300,SR401P7300,715.0,0.0,0.0,0.0,10,401.0,1045.0,10,715.0,0.0,0.0,0.0,0.0,0.0,32
2023-05-11 09:04:50,SR401P7300,SR401P7300,715.0,0.0,0.0,0.0,1,402.5,1043.5,1,715.0,0.0,0.0,0.0,0.0,0.0,32
2023-05-11 09:04:50,SR401P7300,SR401P7300,715.0,0.0,0.0,0.0,10,403.0,1043.0,10,715.0,0.0,0.0,0.0,0.0,0.0,32
2023-05-11 09:04:54,SR401P7300,SR401P7300,715.0,0.0,0.0,0.0,1,404.5,1041.5,1,715.0,0.0,0.0,0.0,0.0,0.0,32
2023-05-11 09:04:54,SR401P7300,SR401P7300,715.0,0.0,0.0,0.0,10,405.0,1041.0,10,715.0,0.0,0.0,0.0,0.0,0.0,32
2023-05-11 09:04:58,SR401P7300,SR401P7300,715.0,0.0,0.0,0.0,1,406.5,1039.5,1,715.0,0.0,0.0,0.0,0.0,0.0,32
2023-05-11 09:04:58,SR401P7300,SR401P7300,715.0,0.0,0.0,0.0,10,407.0,1039.0,10,715.0,0.0,0.0,0.0,0.0,0.0,32
2023-05-11 09:05:06,SR401P7300,SR401P7300,715.0,0.0,0.0,0.0,1,408.5,1037.5,1,715.0,0.0,0.0,0.0,0.0,0.0,32
2023-05-11 09:05:06,SR401P7300,SR401P7300,715.0,0.0,0.0,0.0,10,409.0,1037.0,10,715.0,0.0,0.0,0.0,0.0,0.0,32
2023-05-11 09:05:07,SR401P7300,SR401P7300,715.0,0.0,0.0,0.0,1,410.5,1035.5,1,715.0,0.0,0.0,0.0,0.0,0.0,32
2023-05-11 09:05:07,SR401P7300,SR401P7300,715.0,0.0,0.0,0.0,10,411.0,1035.0,10,715.0,0.0,0.0,0.0,0.0,0.0,32
2023-05-11 09:05:10,SR401P7300,SR401P7300,715.0,0.0,0.0,0.0,1,412.5,1033.5,1,715.0,0.0,0.0,0.0,0.0,0.0,32
2023-05-11 09:05:10,SR401P7300,SR401P7300,715.0,0.0,0.0,0.0,10,413.0,1033.0,10,715.0,0.0,0.0,0.0,0.0,0.0,32
2023-05-11 09:05:14,SR401P7300,SR401P7300,715.0,0.0,0.0,0.0,1,414.5,1031.5,1,715.0,0.0,0.0,0.0,0.0,0.0,32
2023-05-11 09:05:14,SR401P7300,SR401P7300,715.0,0.0,0.0,0.0,10,415.0,1031.0,10,715.0,0.0,0.0,0.0,0.0,0.0,32
2023-05-11 09:05:20,SR401P7300,SR401P7300,715.0,0.0,0.0,0.0,1,416.5,1029.5,1,715.0,0.0,0.0,0.0,0.0,0.0,32
2023-05-11 09:05:20,SR401P7300,SR401P7300,715.0,0.0,0.0,0.0,10,417.0,1029.0,10,715.0,0.0,0.0,0.0,0.0,0.0,32
2023-05-11 09:05:24,SR401P7300,SR401P7300,715.0,0.0,0.0,0.0,1,418.5,1029.0,10,715.0,0.0,0.0,0.0,0.0,0.0,32
2023-05-11 09:05:24,SR401P7300,SR401P7300,715.0,0.0,0.0,0.0,10,419.0,1029.0,10,715.0,0.0,0.0,0.0,0.0,0.0,32
2023-05-11 09:05:26,SR401P7300,SR401P7300,715.0,0.0,0.0,0.0,1,420.5,1027.5,1,715.0,0.0,0.0,0.0,0.0,0.0,32
2023-05-11 09:05:26,SR401P7300,SR401P7300,715.0,0.0,0.0,0.0,10,421.0,1027.0,10,715.0,0.0,0.0,0.0,0.0,0.0,32
2023-05-11 09:05:29,SR401P7300,SR401P7300,715.0,0.0,0.0,0.0,1,422.5,1025.5,1,715.0,0.0,0.0,0.0,0.0,0.0,32
2023-05-11 09:05:29,SR401P7300,SR401P7300,715.0,0.0,0.0,0.0,10,423.0,1025.0,10,715.0,0.0,0.0,0.0,0.0,0.0,32
2023-05-11 09:05:31,SR401P7300,SR401P7300,715.0,0.0,0.0,0.0,1,424.5,1023.5,1,715.0,0.0,0.0,0.0,0.0,0.0,32
2023-05-11 09:05:31,SR401P7300,SR401P7300,715.0,0.0,0.0,0.0,10,425.0,1023.0,10,715.0,0.0,0.0,0.0,0.0,0.0,32
2023-05-11 09:05:33,SR401P7300,SR401P7300,715.0,0.0,0.0,0.0,1,426.5,1023.0,10,715.0,0.0,0.0,0.0,0.0,0.0,32
2023-05-11 09:05:33,SR401P7300,SR401P7300,715.0,0.0,0.0,0.0,10,427.0,1023.0,10,715.0,0.0,0.0,0.0,0.0,0.0,32
2023-05-11 09:05:34,SR401P7300,SR401P7300,715.0,0.0,0.0,0.0,1,428.5,1023.0,10,715.0,0.0,0.0,0.0,0.0,0.0,32
2023-05-11 09:05:34,SR401P7300,SR401P7300,715.0,0.0,0.0,0.0,10,429.0,1023.0,10,715.0,0.0,0.0,0.0,0.0,0.0,32
2023-05-11 09:05:37,SR401P7300,SR401P7300,715.0,0.0,0.0,0.0,1,430.5,1021.5,1,715.0,0.0,0.0,0.0,0.0,0.0,32
2023-05-11 09:05:37,SR401P7300,SR401P7300,715.0,0.0,0.0,0.0,10,431.0,1021.0,10,715.0,0.0,0.0,0.0,0.0,0.0,32
2023-05-11 09:05:40,SR401P7300,SR401P7300,715.0,0.0,0.0,0.0,1,432.5,1019.5,1,715.0,0.0,0.0,0.0,0.0,0.0,32
2023-05-11 09:05:40,SR401P7300,SR401P7300,715.0,0.0,0.0,0.0,10,433.0,1019.0,10,715.0,0.0,0.0,0.0,0.0,0.0,32
2023-05-11 09:05:43,SR401P7300,SR401P7300,715.0,0.0,0.0,0.0,1,434.5,1017.5,1,715.0,0.0,0.0,0.0,0.0,0.0,32
2023-05-11 09:05:43,SR401P7300,SR401P7300,715.0,0.0,0.0,0.0,10,435.0,1017.0,10,715.0,0.0,0.0,0.0,0.0,0.0,32
2023-05-11 09:05:46,SR401P7300,SR401P7300,715.0,0.0,0.0,0.0,1,436.5,1015.5,1,715.0,0.0,0.0,0.0,0.0,0.0,32
2023-05-11 09:05:46,SR401P7300,SR401P7300,715.0,0.0,0.0,0.0,10,437.0,1015.0,10,715.0,0.0,0.0,0.0,0.0,0.0,32
2023-05-11 09:05:47,SR401P7300,SR401P7300,715.0,0.0,0.0,0.0,1,438.5,1013.5,1,715.0,0.0,0.0,0.0,0.0,0.0,32
2023-05-11 09:05:47,SR401P7300,SR401P7300,715.0,0.0,0.0,0.0,10,439.0,1013.0,10,715.0,0.0,0.0,0.0,0.0,0.0,32
2023-05-11 09:05:50,SR401P7300,SR401P7300,715.0,0.0,0.0,0.0,1,440.5,1011.5,1,715.0,0.0,0.0,0.0,0.0,0.0,32
2023-05-11 09:05:50,SR401P7300,SR401P7300,715.0,0.0,0.0,0.0,10,441.0,1011.0,10,715.0,0.0,0.0,0.0,0.0,0.0,32
2023-05-11 09:05:53,SR401P7300,SR401P7300,715.0,0.0,0.0,0.0,1,442.5,1009.5,1,715.0,0.0,0.0,0.0,0.0,0.0,32
2023-05-11 09:05:53,SR401P7300,SR401P7300,715.0,0.0,0.0,0.0,10,443.0,1009.0,10,715.0,0.0,0.0,0.0,0.0,0.0,32
2023-05-11 09:05:55,SR401P7300,SR401P7300,715.0,0.0,0.0,0.0,1,444.5,1007.5,1,715.0,0.0,0.0,0.0,0.0,0.0,32
2023-05-11 09:05:55,SR401P7300,SR401P7300,715.0,0.0,0.0,0.0,10,445.0,1007.0,10,715.0,0.0,0.0,0.0,0.0,0.0,32
2023-05-11 09:06:00,SR401P7300,SR401P7300,715.0,0.0,0.0,0.0,1,446.5,1005.5,1,715.0,0.0,0.0,0.0,0.0,0.0,32
2023-05-11 09:06:00,SR401P7300,SR401P7300,715.0,0.0,0.0,0.0,10,447.0,1005.0,10,715.0,0.0,0.0,0.0,0.0,0.0,32
2023-05-11 09:06:01,SR401P7300,SR401P7300,715.0,0.0,0.0,0.0,1,448.5,1003.5,1,715.0,0.0,0.0,0.0,0.0,0.0,32
2023-05-11 09:06:01,SR401P7300,SR401P7300,715.0,0.0,0.0,0.0,10,449.0,1003.0,10,715.0,0.0,0.0,0.0,0.0,0.0,32
2023-05-11 09:06:02,SR401P7300,SR401P7300,715.0,0.0,0.0,0.0,1,450.5,1001.5,1,715.0,0.0,0.0,0.0,0.0,0.0,32
2023-05-11 09:06:02,SR401P7300,SR401P7300,715.0,0.0,0.0,0.0,10,451.0,1001.0,10,715.0,0.0,0.0,0.0,0.0,0.0,32
2023-05-11 09:06:04,SR401P7300,SR401P7300,715.0,0.0,0.0,0.0,1,452.5,999.5,1,715.0,0.0,0.0,0.0,0.0,0.0,32
2023-05-11 09:06:04,SR401P7300,SR401P7300,715.0,0.0,0.0,0.0,10,453.0,999.0,10,715.0,0.0,0.0,0.0,0.0,0.0,32
2023-05-11 09:06:05,SR401P7300,SR401P7300,715.0,0.0,0.0,0.0,1,454.5,997.5,1,715.0,0.0,0.0,0.0,0.0,0.0,32
2023-05-11 09:06:05,SR401P7300,SR401P7300,715.0,0.0,0.0,0.0,10,455.0,997.0,10,715.0,0.0,0.0,0.0,0.0,0.0,32
2023-05-11 09:06:06,SR401P7300,SR401P7300,715.0,0.0,0.0,0.0,1,456.5,995.5,1,715.0,0.0,0.0,0.0,0.0,0.0,32
2023-05-11 09:06:06,SR401P7300,SR401P7300,715.0,0.0,0.0,0.0,10,457.0,995.0,10,715.0,0.0,0.0,0.0,0.0,0.0,32
2023-05-11 09:06:07,SR401P7300,SR401P7300,715.0,0.0,0.0,0.0,1,458.5,993.5,1,715.0,0.0,0.0,0.0,0.0,0.0,32
2023-05-11 09:06:07,SR401P7300,SR401P7300,715.0,0.0,0.0,0.0,10,459.0,993.0,10,715.0,0.0,0.0,0.0,0.0,0.0,32
2023-05-11 09:06:09,SR401P7300,SR401P7300,715.0,0.0,0.0,0.0,1,460.5,991.5,1,715.0,0.0,0.0,0.0,0.0,0.0,32
2023-05-11 09:06:09,SR401P7300,SR401P7300,715.0,0.0,0.0,0.0,10,461.0,991.0,10,715.0,0.0,0.0,0.0,0.0,0.0,32
2023-05-11 09:06:10,SR401P7300,SR401P7300,715.0,0.0,0.0,0.0,1,462.5,991.0,10,715.0,0.0,0.0,0.0,0.0,0.0,32
2023-05-11 09:06:10,SR401P7300,SR401P7300,715.0,0.0,0.0,0.0,10,463.0,991.0,10,715.0,0.0,0.0,0.0,0.0,0.0,32
2023-05-11 09:06:11,SR401P7300,SR401P7300,715.0,0.0,0.0,0.0,1,464.5,989.5,1,715.0,0.0,0.0,0.0,0.0,0.0,32
2023-05-11 09:06:11,SR401P7300,SR401P7300,715.0,0.0,0.0,0.0,10,465.0,989.0,10,715.0,0.0,0.0,0.0,0.0,0.0,32
2023-05-11 09:06:12,SR401P7300,SR401P7300,715.0,0.0,0.0,0.0,1,466.5,987.5,1,715.0,0.0,0.0,0.0,0.0,0.0,32
2023-05-11 09:06:12,SR401P7300,SR401P7300,715.0,0.0,0.0,0.0,10,467.0,987.0,10,715.0,0.0,0.0,0.0,0.0,0.0,32
2023-05-11 09:06:13,SR401P7300,SR401P7300,715.0,0.0,0.0,0.0,1,468.5,987.0,10,715.0,0.0,0.0,0.0,0.0,0.0,32
2023-05-11 09:06:13,SR401P7300,SR401P7300,715.0,0.0,0.0,0.0,10,469.0,985.5,1,715.0,0.0,0.0,0.0,0.0,0.0,32
2023-05-11 09:06:14,SR401P7300,SR401P7300,715.0,0.0,0.0,0.0,1,470.5,985.0,10,715.0,0.0,0.0,0.0,0.0,0.0,32
2023-05-11 09:06:14,SR401P7300,SR401P7300,715.0,0.0,0.0,0.0,10,471.0,983.5,1,715.0,0.0,0.0,0.0,0.0,0.0,32
2023-05-11 09:06:15,SR401P7300,SR401P7300,715.0,0.0,0.0,0.0,1,472.5,983.0,10,715.0,0.0,0.0,0.0,0.0,0.0,32
2023-05-11 09:06:15,SR401P7300,SR401P7300,715.0,0.0,0.0,0.0,10,473.0,981.5,1,715.0,0.0,0.0,0.0,0.0,0.0,32
2023-05-11 09:06:16,SR401P7300,SR401P7300,715.0,0.0,0.0,0.0,10,473.0,981.0,10,715.0,0.0,0.0,0.0,0.0,0.0,32
2023-05-11 09:06:16,SR401P7300,SR401P7300,715.0,0.0,0.0,0.0,1,474.5,979.5,1,715.0,0.0,0.0,0.0,0.0,0.0,32
2023-05-11 09:06:16,SR401P7300,SR401P7300,715.0,0.0,0.0,0.0,10,475.0,979.0,10,715.0,0.0,0.0,0.0,0.0,0.0,32
2023-05-11 09:06:17,SR401P7300,SR401P7300,715.0,0.0,0.0,0.0,1,476.5,977.5,1,715.0,0.0,0.0,0.0,0.0,0.0,32
2023-05-11 09:06:17,SR401P7300,SR401P7300,715.0,0.0,0.0,0.0,10,477.0,977.0,10,715.0,0.0,0.0,0.0,0.0,0.0,32
2023-05-11 09:06:19,SR401P7300,SR401P7300,715.0,0.0,0.0,0.0,1,478.5,975.5,1,715.0,0.0,0.0,0.0,0.0,0.0,32
2023-05-11 09:06:19,SR401P7300,SR401P7300,715.0,0.0,0.0,0.0,10,479.0,975.0,10,715.0,0.0,0.0,0.0,0.0,0.0,32
2023-05-11 09:06:20,SR401P7300,SR401P7300,715.0,0.0,0.0,0.0,1,480.5,973.5,1,715.0,0.0,0.0,0.0,0.0,0.0,32
2023-05-11 09:06:20,SR401P7300,SR401P7300,715.0,0.0,0.0,0.0,10,481.0,973.0,10,715.0,0.0,0.0,0.0,0.0,0.0,32
2023-05-11 09:06:21,SR401P7300,SR401P7300,715.0,0.0,0.0,0.0,1,482.5,971.5,1,715.0,0.0,0.0,0.0,0.0,0.0,32
2023-05-11 09:06:21,SR401P7300,SR401P7300,715.0,0.0,0.0,0.0,10,483.0,971.0,10,715.0,0.0,0.0,0.0,0.0,0.0,32
2023-05-11 09:06:22,SR401P7300,SR401P7300,715.0,0.0,0.0,0.0,1,484.5,969.5,1,715.0,0.0,0.0,0.0,0.0,0.0,32
2023-05-11 09:06:22,SR401P7300,SR401P7300,715.0,0.0,0.0,0.0,10,485.0,969.0,10,715.0,0.0,0.0,0.0,0.0,0.0,32
2023-05-11 09:06:23,SR401P7300,SR401P7300,715.0,0.0,0.0,0.0,1,486.5,967.5,1,715.0,0.0,0.0,0.0,0.0,0.0,32
2023-05-11 09:06:23,SR401P7300,SR401P7300,715.0,0.0,0.0,0.0,10,487.0,967.0,10,715.0,0.0,0.0,0.0,0.0,0.0,32
2023-05-11 09:06:24,SR401P7300,SR401P7300,715.0,0.0,0.0,0.0,1,488.5,965.5,1,715.0,0.0,0.0,0.0,0.0,0.0,32
2023-05-11 09:06:24,SR401P7300,SR401P7300,715.0,0.0,0.0,0.0,10,489.0,965.0,10,715.0,0.0,0.0,0.0,0.0,0.0,32
2023-05-11 09:06:25,SR401P7300,SR401P7300,715.0,0.0,0.0,0.0,1,490.5,963.5,1,715.0,0.0,0.0,0.0,0.0,0.0,32
2023-05-11 09:06:25,SR401P7300,SR401P7300,715.0,0.0,0.0,0.0,10,491.0,963.0,10,715.0,0.0,0.0,0.0,0.0,0.0,32
2023-05-11 09:06:26,SR401P7300,SR401P7300,715.0,0.0,0.0,0.0,1,492.5,961.5,1,715.0,0.0,0.0,0.0,0.0,0.0,32
2023-05-11 09:06:26,SR401P7300,SR401P7300,715.0,0.0,0.0,0.0,10,493.0,961.0,10,715.0,0.0,0.0,0.0,0.0,0.0,32
2023-05-11 09:06:27,SR401P7300,SR401P7300,715.0,0.0,0.0,0.0,1,494.5,959.5,1,715.0,0.0,0.0,0.0,0.0,0.0,32
2023-05-11 09:06:27,SR401P7300,SR401P7300,715.0,0.0,0.0,0.0,10,495.0,959.0,10,715.0,0.0,0.0,0.0,0.0,0.0,32
2023-05-11 09:06:27,SR401P7300,SR401P7300,715.0,0.0,0.0,0.0,1,494.5,959.5,1,715.0,0.0,0.0,0.0,0.0,0.0,32
2023-05-11 09:06:27,SR401P7300,SR401P7300,715.0,0.0,0.0,0.0,10,495.0,959.0,10,715.0,0.0,0.0,0.0,0.0,0.0,32
2023-05-11 09:22:22,SR401P7300,SR401P7300,715.0,0.0,0.0,0.0,1,496.5,957.5,1,715.0,0.0,0.0,0.0,0.0,0.0,32
2023-05-11 09:22:23,SR401P7300,SR401P7300,715.0,0.0,0.0,0.0,10,497.0,957.0,10,715.0,0.0,0.0,0.0,0.0,0.0,32
2023-05-11 09:22:23,SR401P7300,SR401P7300,715.0,0.0,0.0,0.0,1,498.5,955.5,1,715.0,0.0,0.0,0.0,0.0,0.0,32
2023-05-11 09:22:23,SR401P7300,SR401P7300,715.0,0.0,0.0,0.0,10,499.0,955.0,10,715.0,0.0,0.0,0.0,0.0,0.0,32
2023-05-11 09:22:24,SR401P7300,SR401P7300,715.0,0.0,0.0,0.0,1,500.5,953.5,1,715.0,0.0,0.0,0.0,0.0,0.0,32
2023-05-11 09:22:24,SR401P7300,SR401P7300,715.0,0.0,0.0,0.0,10,501.0,953.0,10,715.0,0.0,0.0,0.0,0.0,0.0,32
2023-05-11 09:22:25,SR401P7300,SR401P7300,715.0,0.0,0.0,0.0,1,502.5,951.5,1,715.0,0.0,0.0,0.0,0.0,0.0,32
2023-05-11 09:22:25,SR401P7300,SR401P7300,715.0,0.0,0.0,0.0,10,503.0,951.0,10,715.0,0.0,0.0,0.0,0.0,0.0,32
2023-05-11 09:22:26,SR401P7300,SR401P7300,715.0,0.0,0.0,0.0,1,504.5,949.5,1,715.0,0.0,0.0,0.0,0.0,0.0,32
2023-05-11 09:22:26,SR401P7300,SR401P7300,715.0,0.0,0.0,0.0,10,505.0,949.0,10,715.0,0.0,0.0,0.0,0.0,0.0,32
2023-05-11 09:42:22,SR401P7300,SR401P7300,715.0,0.0,0.0,0.0,1,506.5,947.5,1,715.0,0.0,0.0,0.0,0.0,0.0,32
2023-05-11 09:42:23,SR401P7300,SR401P7300,715.0,0.0,0.0,0.0,10,507.0,947.0,10,715.0,0.0,0.0,0.0,0.0,0.0,32
2023-05-11 09:42:23,SR401P7300,SR401P7300,715.0,0.0,0.0,0.0,1,508.5,945.5,1,715.0,0.0,0.0,0.0,0.0,0.0,32
2023-05-11 09:42:24,SR401P7300,SR401P7300,715.0,0.0,0.0,0.0,10,509.0,945.0,10,715.0,0.0,0.0,0.0,0.0,0.0,32
2023-05-11 09:42:24,SR401P7300,SR401P7300,715.0,0.0,0.0,0.0,1,510.5,943.5,1,715.0,0.0,0.0,0.0,0.0,0.0,32
2023-05-11 09:42:25,SR401P7300,SR401P7300,715.0,0.0,0.0,0.0,10,511.0,943.0,10,715.0,0.0,0.0,0.0,0.0,0.0,32
2023-05-11 09:42:26,SR401P7300,SR401P7300,715.0,0.0,0.0,0.0,1,512.5,941.5,1,715.0,0.0,0.0,0.0,0.0,0.0,32
2023-05-11 09:42:26,SR401P7300,SR401P7300,715.0,0.0,0.0,0.0,10,513.0,941.0,10,715.0,0.0,0.0,0.0,0.0,0.0,32
2023-05-11 09:42:26,SR401P7300,SR401P7300,715.0,0.0,0.0,0.0,1,514.5,939.5,1,715.0,0.0,0.0,0.0,0.0,0.0,32
2023-05-11 09:42:27,SR401P7300,SR401P7300,715.0,0.0,0.0,0.0,10,515.0,939.0,10,715.0,0.0,0.0,0.0,0.0,0.0,32
2023-05-11 10:02:22,SR401P7300,SR401P7300,715.0,0.0,0.0,0.0,1,516.5,937.5,1,715.0,0.0,0.0,0.0,0.0,0.0,32
2023-05-11 10:02:23,SR401P7300,SR401P7300,715.0,0.0,0.0,0.0,10,517.0,937.0,10,715.0,0.0,0.0,0.0,0.0,0.0,32
2023-05-11 10:02:23,SR401P7300,SR401P7300,715.0,0.0,0.0,0.0,1,518.5,935.5,1,715.0,0.0,0.0,0.0,0.0,0.0,32
2023-05-11 10:02:24,SR401P7300,SR401P7300,715.0,0.0,0.0,0.0,10,519.0,935.0,10,715.0,0.0,0.0,0.0,0.0,0.0,32
2023-05-11 10:02:24,SR401P7300,SR401P7300,715.0,0.0,0.0,0.0,1,520.5,933.5,1,715.0,0.0,0.0,0.0,0.0,0.0,32
2023-05-11 10:02:25,SR401P7300,SR401P7300,715.0,0.0,0.0,0.0,10,521.0,933.0,10,715.0,0.0,0.0,0.0,0.0,0.0,32
2023-05-11 10:02:26,SR401P7300,SR401P7300,715.0,0.0,0.0,0.0,1,522.5,931.5,1,715.0,0.0,0.0,0.0,0.0,0.0,32
2023-05-11 10:02:26,SR401P7300,SR401P7300,715.0,0.0,0.0,0.0,10,523.0,931.0,10,715.0,0.0,0.0,0.0,0.0,0.0,32
2023-05-11 10:02:26,SR401P7300,SR401P7300,715.0,0.0,0.0,0.0,1,524.5,929.5,1,715.0,0.0,0.0,0.0,0.0,0.0,32
2023-05-11 10:02:27,SR401P7300,SR401P7300,715.0,0.0,0.0,0.0,10,525.0,929.0,10,715.0,0.0,0.0,0.0,0.0,0.0,32
2023-05-11 10:14:33,SR401P7300,SR401P7300,715.0,0.0,0.0,0.0,0,0.0,0.0,0,715.0,0.0,0.0,0.0,0.0,0.0,32
2023-05-11 10:32:00,SR401P7300,SR401P7300,715.0,0.0,0.0,0.0,1,314.5,1115.5,1,715.0,0.0,0.0,0.0,0.0,0.0,32
2023-05-11 10:32:00,SR401P7300,SR401P7300,715.0,0.0,0.0,0.0,10,315.0,1115.0,10,715.0,0.0,0.0,0.0,0.0,0.0,32
2023-05-11 10:32:02,SR401P7300,SR401P7300,715.0,0.0,0.0,0.0,1,316.5,1113.5,1,715.0,0.0,0.0,0.0,0.0,0.0,32
2023-05-11 10:32:02,SR401P7300,SR401P7300,715.0,0.0,0.0,0.0,10,317.0,1113.0,10,715.0,0.0,0.0,0.0,0.0,0.0,32
2023-05-11 10:32:03,SR401P7300,SR401P7300,715.0,0.0,0.0,0.0,1,318.5,1111.5,1,715.0,0.0,0.0,0.0,0.0,0.0,32
2023-05-11 10:32:03,SR401P7300,SR401P7300,715.0,0.0,0.0,0.0,10,319.0,1111.0,10,715.0,0.0,0.0,0.0,0.0,0.0,32
2023-05-11 10:32:10,SR401P7300,SR401P7300,715.0,0.0,0.0,0.0,1,320.5,1109.5,1,715.0,0.0,0.0,0.0,0.0,0.0,32
2023-05-11 10:32:10,SR401P7300,SR401P7300,715.0,0.0,0.0,0.0,10,321.0,1109.0,10,715.0,0.0,0.0,0.0,0.0,0.0,32
2023-05-11 10:32:11,SR401P7300,SR401P7300,715.0,0.0,0.0,0.0,1,322.5,1107.5,1,715.0,0.0,0.0,0.0,0.0,0.0,32
2023-05-11 10:32:11,SR401P7300,SR401P7300,715.0,0.0,0.0,0.0,10,323.0,1107.0,10,715.0,0.0,0.0,0.0,0.0,0.0,32
2023-05-11 11:29:33,SR401P7300,SR401P7300,715.0,0.0,0.0,0.0,0,0.0,0.0,0,715.0,0.0,0.0,0.0,0.0,0.0,32
2023-05-11 14:03:04,SR401P7300,SR401P7300,715.0,0.0,0.0,0.0,10,313.5,0.0,0,715.0,0.0,0.0,0.0,0.0,0.0,32
2023-05-11 14:07:49,SR401P7300,SR401P7300,715.0,0.0,0.0,0.0,3,697.0,717.5,3,715.0,0.0,0.0,0.0,0.0,0.0,32
2023-05-11 14:07:50,SR401P7300,SR401P7300,715.0,0.0,0.0,0.0,6,697.0,717.5,6,715.0,0.0,0.0,0.0,0.0,0.0,32
2023-05-11 14:07:54,SR401P7300,SR401P7300,715.0,0.0,0.0,0.0,9,697.0,717.5,9,715.0,0.0,0.0,0.0,0.0,0.0,32
2023-05-11 14:07:59,SR401P7300,SR401P7300,715.0,0.0,0.0,0.0,9,697.0,714.0,3,715.0,0.0,0.0,0.0,0.0,0.0,32
2023-05-11 14:08:02,SR401P7300,SR401P7300,715.0,0.0,0.0,0.0,6,697.0,714.0,3,715.0,0.0,0.0,0.0,0.0,0.0,32
2023-05-11 14:08:02,SR401P7300,SR401P7300,715.0,0.0,0.0,0.0,3,697.0,714.0,3,715.0,0.0,0.0,0.0,0.0,0.0,32
2023-05-11 14:08:06,SR401P7300,SR401P7300,715.0,0.0,0.0,0.0,6,696.5,714.0,3,715.0,0.0,0.0,0.0,0.0,0.0,32
2023-05-11 14:08:07,SR401P7300,SR401P7300,715.0,0.0,0.0,0.0,3,696.5,714.0,3,715.0,0.0,0.0,0.0,0.0,0.0,32
2023-05-11 14:08:10,SR401P7300,SR401P7300,715.0,0.0,0.0,0.0,3,696.5,715.5,6,715.0,0.0,0.0,0.0,0.0,0.0,32
2023-05-11 14:08:13,SR401P7300,SR401P7300,715.0,0.0,0.0,0.0,6,695.0,715.5,3,715.0,0.0,0.0,0.0,0.0,0.0,32
2023-05-11 14:08:15,SR401P7300,SR401P7300,715.0,0.0,0.0,0.0,1,313.0,0.0,0,715.0,0.0,0.0,0.0,0.0,0.0,32
2023-05-11 14:08:15,SR401P7300,SR401P7300,715.0,0.0,0.0,0.0,10,313.5,0.0,0,715.0,0.0,0.0,0.0,0.0,0.0,32
2023-05-11 14:08:15,SR401P7300,SR401P7300,715.0,0.0,0.0,0.0,1,313.0,0.0,0,715.0,0.0,0.0,0.0,0.0,0.0,32
2023-05-11 14:08:15,SR401P7300,SR401P7300,715.0,0.0,0.0,0.0,10,313.5,0.0,0,715.0,0.0,0.0,0.0,0.0,0.0,32
2023-05-11 14:59:03,SR401P7300,SR401P7300,715.0,0.0,0.0,0.0,1,313.0,0.0,0,715.0,0.0,0.0,0.0,0.0,0.0,32
