time,symbol_id,symbol_name,last,trade_volume,trade_amount,open_interest_change,bv1,bp1,ap1,av1,yesterday_close,today_open,today_high,today_low,volume,amount,open_interest
2023-05-10 19:12:58,SR401C6200,SR401C6200,593.0,0.0,0.0,0.0,0,0.0,0.0,0,593.0,0.0,0.0,0.0,0.0,0.0,60
2023-05-10 21:00:07,SR401C6200,SR401C6200,593.0,0.0,0.0,0.0,1,251.0,0.0,0,593.0,0.0,0.0,0.0,0.0,0.0,60
2023-05-10 21:00:07,SR401C6200,SR401C6200,593.0,0.0,0.0,0.0,10,251.5,0.0,0,593.0,0.0,0.0,0.0,0.0,0.0,60
2023-05-10 21:00:07,SR401C6200,SR401C6200,593.0,0.0,0.0,0.0,1,251.0,0.0,0,593.0,0.0,0.0,0.0,0.0,0.0,60
2023-05-10 21:00:07,SR401C6200,SR401C6200,593.0,0.0,0.0,0.0,10,251.5,0.0,0,593.0,0.0,0.0,0.0,0.0,0.0,60
2023-05-10 21:02:02,SR401C6200,SR401C6200,593.0,0.0,0.0,0.0,1,253.0,993.0,10,593.0,0.0,0.0,0.0,0.0,0.0,60
2023-05-10 21:02:02,SR401C6200,SR401C6200,593.0,0.0,0.0,0.0,10,253.5,993.0,10,593.0,0.0,0.0,0.0,0.0,0.0,60
2023-05-10 21:02:06,SR401C6200,SR401C6200,593.0,0.0,0.0,0.0,1,255.0,991.5,1,593.0,0.0,0.0,0.0,0.0,0.0,60
2023-05-10 21:02:06,SR401C6200,SR401C6200,593.0,0.0,0.0,0.0,10,255.5,991.0,10,593.0,0.0,0.0,0.0,0.0,0.0,60
2023-05-10 21:02:13,SR401C6200,SR401C6200,593.0,0.0,0.0,0.0,1,257.0,989.5,1,593.0,0.0,0.0,0.0,0.0,0.0,60
2023-05-10 21:02:13,SR401C6200,SR401C6200,593.0,0.0,0.0,0.0,10,257.5,989.0,10,593.0,0.0,0.0,0.0,0.0,0.0,60
2023-05-10 21:02:17,SR401C6200,SR401C6200,593.0,0.0,0.0,0.0,1,259.0,987.5,1,593.0,0.0,0.0,0.0,0.0,0.0,60
2023-05-10 21:02:17,SR401C6200,SR401C6200,593.0,0.0,0.0,0.0,10,259.5,987.0,10,593.0,0.0,0.0,0.0,0.0,0.0,60
2023-05-10 21:02:20,SR401C6200,SR401C6200,593.0,0.0,0.0,0.0,1,261.0,985.5,1,593.0,0.0,0.0,0.0,0.0,0.0,60
2023-05-10 21:02:20,SR401C6200,SR401C6200,593.0,0.0,0.0,0.0,10,261.5,985.0,10,593.0,0.0,0.0,0.0,0.0,0.0,60
2023-05-10 21:02:21,SR401C6200,SR401C6200,593.0,0.0,0.0,0.0,1,263.0,983.5,1,593.0,0.0,0.0,0.0,0.0,0.0,60
2023-05-10 21:02:21,SR401C6200,SR401C6200,593.0,0.0,0.0,0.0,10,263.5,983.0,10,593.0,0.0,0.0,0.0,0.0,0.0,60
2023-05-10 21:02:23,SR401C6200,SR401C6200,593.0,0.0,0.0,0.0,1,265.0,983.0,10,593.0,0.0,0.0,0.0,0.0,0.0,60
2023-05-10 21:02:23,SR401C6200,SR401C6200,593.0,0.0,0.0,0.0,10,265.5,983.0,10,593.0,0.0,0.0,0.0,0.0,0.0,60
2023-05-10 21:02:27,SR401C6200,SR401C6200,593.0,0.0,0.0,0.0,1,267.0,981.5,1,593.0,0.0,0.0,0.0,0.0,0.0,60
2023-05-10 21:02:27,SR401C6200,SR401C6200,593.0,0.0,0.0,0.0,10,267.5,981.0,10,593.0,0.0,0.0,0.0,0.0,0.0,60
2023-05-10 21:02:28,SR401C6200,SR401C6200,593.0,0.0,0.0,0.0,1,269.0,979.5,1,593.0,0.0,0.0,0.0,0.0,0.0,60
2023-05-10 21:02:28,SR401C6200,SR401C6200,593.0,0.0,0.0,0.0,10,269.5,979.0,10,593.0,0.0,0.0,0.0,0.0,0.0,60
2023-05-10 21:02:33,SR401C6200,SR401C6200,593.0,0.0,0.0,0.0,1,271.0,977.5,1,593.0,0.0,0.0,0.0,0.0,0.0,60
2023-05-10 21:02:33,SR401C6200,SR401C6200,593.0,0.0,0.0,0.0,10,271.5,977.0,10,593.0,0.0,0.0,0.0,0.0,0.0,60
2023-05-10 21:02:34,SR401C6200,SR401C6200,593.0,0.0,0.0,0.0,1,273.0,975.5,1,593.0,0.0,0.0,0.0,0.0,0.0,60
2023-05-10 21:02:34,SR401C6200,SR401C6200,593.0,0.0,0.0,0.0,10,273.5,975.0,10,593.0,0.0,0.0,0.0,0.0,0.0,60
2023-05-10 21:02:38,SR401C6200,SR401C6200,593.0,0.0,0.0,0.0,1,275.0,973.5,1,593.0,0.0,0.0,0.0,0.0,0.0,60
2023-05-10 21:02:38,SR401C6200,SR401C6200,593.0,0.0,0.0,0.0,10,275.5,973.0,10,593.0,0.0,0.0,0.0,0.0,0.0,60
2023-05-10 21:02:39,SR401C6200,SR401C6200,593.0,0.0,0.0,0.0,1,277.0,971.5,1,593.0,0.0,0.0,0.0,0.0,0.0,60
2023-05-10 21:02:39,SR401C6200,SR401C6200,593.0,0.0,0.0,0.0,10,277.5,971.0,10,593.0,0.0,0.0,0.0,0.0,0.0,60
2023-05-10 21:02:41,SR401C6200,SR401C6200,593.0,0.0,0.0,0.0,1,279.0,969.5,1,593.0,0.0,0.0,0.0,0.0,0.0,60
2023-05-10 21:02:41,SR401C6200,SR401C6200,593.0,0.0,0.0,0.0,10,279.5,969.0,10,593.0,0.0,0.0,0.0,0.0,0.0,60
2023-05-10 21:02:45,SR401C6200,SR401C6200,593.0,0.0,0.0,0.0,1,281.0,967.5,1,593.0,0.0,0.0,0.0,0.0,0.0,60
2023-05-10 21:02:45,SR401C6200,SR401C6200,593.0,0.0,0.0,0.0,10,281.5,967.0,10,593.0,0.0,0.0,0.0,0.0,0.0,60
2023-05-10 21:02:51,SR401C6200,SR401C6200,593.0,0.0,0.0,0.0,1,283.0,967.0,10,593.0,0.0,0.0,0.0,0.0,0.0,60
2023-05-10 21:02:51,SR401C6200,SR401C6200,593.0,0.0,0.0,0.0,10,283.5,967.0,10,593.0,0.0,0.0,0.0,0.0,0.0,60
2023-05-10 21:02:58,SR401C6200,SR401C6200,593.0,0.0,0.0,0.0,1,285.0,965.5,1,593.0,0.0,0.0,0.0,0.0,0.0,60
2023-05-10 21:02:58,SR401C6200,SR401C6200,593.0,0.0,0.0,0.0,10,285.5,965.0,10,593.0,0.0,0.0,0.0,0.0,0.0,60
2023-05-10 21:03:04,SR401C6200,SR401C6200,593.0,0.0,0.0,0.0,1,287.0,965.0,10,593.0,0.0,0.0,0.0,0.0,0.0,60
2023-05-10 21:03:04,SR401C6200,SR401C6200,593.0,0.0,0.0,0.0,10,287.5,965.0,10,593.0,0.0,0.0,0.0,0.0,0.0,60
2023-05-10 21:03:06,SR401C6200,SR401C6200,593.0,0.0,0.0,0.0,1,289.0,963.5,1,593.0,0.0,0.0,0.0,0.0,0.0,60
2023-05-10 21:03:06,SR401C6200,SR401C6200,593.0,0.0,0.0,0.0,10,289.5,963.0,10,593.0,0.0,0.0,0.0,0.0,0.0,60
2023-05-10 21:03:11,SR401C6200,SR401C6200,593.0,0.0,0.0,0.0,1,291.0,961.5,1,593.0,0.0,0.0,0.0,0.0,0.0,60
2023-05-10 21:03:11,SR401C6200,SR401C6200,593.0,0.0,0.0,0.0,10,291.5,961.0,10,593.0,0.0,0.0,0.0,0.0,0.0,60
2023-05-10 21:03:15,SR401C6200,SR401C6200,593.0,0.0,0.0,0.0,1,293.0,959.5,1,593.0,0.0,0.0,0.0,0.0,0.0,60
2023-05-10 21:03:15,SR401C6200,SR401C6200,593.0,0.0,0.0,0.0,10,293.5,959.0,10,593.0,0.0,0.0,0.0,0.0,0.0,60
2023-05-10 21:03:22,SR401C6200,SR401C6200,593.0,0.0,0.0,0.0,1,295.0,957.5,1,593.0,0.0,0.0,0.0,0.0,0.0,60
2023-05-10 21:03:22,SR401C6200,SR401C6200,593.0,0.0,0.0,0.0,10,295.5,957.0,10,593.0,0.0,0.0,0.0,0.0,0.0,60
2023-05-10 21:03:25,SR401C6200,SR401C6200,593.0,0.0,0.0,0.0,1,297.0,955.5,1,593.0,0.0,0.0,0.0,0.0,0.0,60
2023-05-10 21:03:25,SR401C6200,SR401C6200,593.0,0.0,0.0,0.0,10,297.5,955.0,10,593.0,0.0,0.0,0.0,0.0,0.0,60
2023-05-10 21:03:26,SR401C6200,SR401C6200,593.0,0.0,0.0,0.0,1,299.0,953.5,1,593.0,0.0,0.0,0.0,0.0,0.0,60
2023-05-10 21:03:26,SR401C6200,SR401C6200,593.0,0.0,0.0,0.0,10,299.5,953.0,10,593.0,0.0,0.0,0.0,0.0,0.0,60
2023-05-10 21:03:27,SR401C6200,SR401C6200,593.0,0.0,0.0,0.0,1,301.0,951.5,1,593.0,0.0,0.0,0.0,0.0,0.0,60
2023-05-10 21:03:27,SR401C6200,SR401C6200,593.0,0.0,0.0,0.0,10,301.5,951.0,10,593.0,0.0,0.0,0.0,0.0,0.0,60
2023-05-10 21:03:29,SR401C6200,SR401C6200,593.0,0.0,0.0,0.0,1,303.0,949.5,1,593.0,0.0,0.0,0.0,0.0,0.0,60
2023-05-10 21:03:29,SR401C6200,SR401C6200,593.0,0.0,0.0,0.0,10,303.5,949.0,10,593.0,0.0,0.0,0.0,0.0,0.0,60
2023-05-10 21:03:33,SR401C6200,SR401C6200,593.0,0.0,0.0,0.0,1,305.0,947.5,1,593.0,0.0,0.0,0.0,0.0,0.0,60
2023-05-10 21:03:33,SR401C6200,SR401C6200,593.0,0.0,0.0,0.0,10,305.5,947.0,10,593.0,0.0,0.0,0.0,0.0,0.0,60
2023-05-10 21:03:35,SR401C6200,SR401C6200,593.0,0.0,0.0,0.0,1,307.0,945.5,1,593.0,0.0,0.0,0.0,0.0,0.0,60
2023-05-10 21:03:35,SR401C6200,SR401C6200,593.0,0.0,0.0,0.0,10,307.5,945.0,10,593.0,0.0,0.0,0.0,0.0,0.0,60
2023-05-10 21:03:36,SR401C6200,SR401C6200,593.0,0.0,0.0,0.0,1,309.0,943.5,1,593.0,0.0,0.0,0.0,0.0,0.0,60
2023-05-10 21:03:36,SR401C6200,SR401C6200,593.0,0.0,0.0,0.0,10,309.5,943.0,10,593.0,0.0,0.0,0.0,0.0,0.0,60
2023-05-10 21:03:42,SR401C6200,SR401C6200,593.0,0.0,0.0,0.0,1,311.0,941.5,1,593.0,0.0,0.0,0.0,0.0,0.0,60
2023-05-10 21:03:42,SR401C6200,SR401C6200,593.0,0.0,0.0,0.0,10,311.5,941.0,10,593.0,0.0,0.0,0.0,0.0,0.0,60
2023-05-10 21:03:47,SR401C6200,SR401C6200,593.0,0.0,0.0,0.0,1,313.0,939.5,1,593.0,0.0,0.0,0.0,0.0,0.0,60
2023-05-10 21:03:47,SR401C6200,SR401C6200,593.0,0.0,0.0,0.0,10,313.5,939.0,10,593.0,0.0,0.0,0.0,0.0,0.0,60
2023-05-10 21:03:53,SR401C6200,SR401C6200,593.0,0.0,0.0,0.0,1,315.0,937.5,1,593.0,0.0,0.0,0.0,0.0,0.0,60
2023-05-10 21:03:54,SR401C6200,SR401C6200,593.0,0.0,0.0,0.0,10,315.5,937.0,10,593.0,0.0,0.0,0.0,0.0,0.0,60
2023-05-10 21:03:56,SR401C6200,SR401C6200,593.0,0.0,0.0,0.0,1,317.0,937.0,10,593.0,0.0,0.0,0.0,0.0,0.0,60
2023-05-10 21:03:57,SR401C6200,SR401C6200,593.0,0.0,0.0,0.0,10,317.5,937.0,10,593.0,0.0,0.0,0.0,0.0,0.0,60
2023-05-10 21:03:57,SR401C6200,SR401C6200,593.0,0.0,0.0,0.0,1,319.0,935.5,1,593.0,0.0,0.0,0.0,0.0,0.0,60
2023-05-10 21:03:58,SR401C6200,SR401C6200,593.0,0.0,0.0,0.0,10,319.5,935.0,10,593.0,0.0,0.0,0.0,0.0,0.0,60
2023-05-10 21:03:58,SR401C6200,SR401C6200,593.0,0.0,0.0,0.0,1,321.0,933.5,1,593.0,0.0,0.0,0.0,0.0,0.0,60
2023-05-10 21:03:59,SR401C6200,SR401C6200,593.0,0.0,0.0,0.0,10,321.5,933.0,10,593.0,0.0,0.0,0.0,0.0,0.0,60
2023-05-10 21:03:59,SR401C6200,SR401C6200,593.0,0.0,0.0,0.0,1,323.0,931.5,1,593.0,0.0,0.0,0.0,0.0,0.0,60
2023-05-10 21:04:00,SR401C6200,SR401C6200,593.0,0.0,0.0,0.0,10,323.5,931.0,10,593.0,0.0,0.0,0.0,0.0,0.0,60
2023-05-10 21:04:04,SR401C6200,SR401C6200,593.0,0.0,0.0,0.0,1,325.0,929.5,1,593.0,0.0,0.0,0.0,0.0,0.0,60
2023-05-10 21:04:05,SR401C6200,SR401C6200,593.0,0.0,0.0,0.0,10,325.5,929.0,10,593.0,0.0,0.0,0.0,0.0,0.0,60
2023-05-10 21:04:06,SR401C6200,SR401C6200,593.0,0.0,0.0,0.0,1,327.0,927.5,1,593.0,0.0,0.0,0.0,0.0,0.0,60
2023-05-10 21:04:07,SR401C6200,SR401C6200,593.0,0.0,0.0,0.0,10,327.5,927.0,10,593.0,0.0,0.0,0.0,0.0,0.0,60
2023-05-10 21:04:10,SR401C6200,SR401C6200,593.0,0.0,0.0,0.0,1,329.0,925.5,1,593.0,0.0,0.0,0.0,0.0,0.0,60
2023-05-10 21:04:11,SR401C6200,SR401C6200,593.0,0.0,0.0,0.0,10,329.5,925.0,10,593.0,0.0,0.0,0.0,0.0,0.0,60
2023-05-10 21:04:11,SR401C6200,SR401C6200,593.0,0.0,0.0,0.0,1,331.0,923.5,1,593.0,0.0,0.0,0.0,0.0,0.0,60
2023-05-10 21:04:12,SR401C6200,SR401C6200,593.0,0.0,0.0,0.0,10,331.5,923.0,10,593.0,0.0,0.0,0.0,0.0,0.0,60
2023-05-10 21:04:13,SR401C6200,SR401C6200,593.0,0.0,0.0,0.0,1,333.0,921.5,1,593.0,0.0,0.0,0.0,0.0,0.0,60
2023-05-10 21:04:14,SR401C6200,SR401C6200,593.0,0.0,0.0,0.0,10,333.5,921.0,10,593.0,0.0,0.0,0.0,0.0,0.0,60
2023-05-10 21:04:14,SR401C6200,SR401C6200,593.0,0.0,0.0,0.0,1,335.0,919.5,1,593.0,0.0,0.0,0.0,0.0,0.0,60
2023-05-10 21:04:15,SR401C6200,SR401C6200,593.0,0.0,0.0,0.0,10,335.5,919.0,10,593.0,0.0,0.0,0.0,0.0,0.0,60
2023-05-10 21:04:18,SR401C6200,SR401C6200,593.0,0.0,0.0,0.0,1,337.0,917.5,1,593.0,0.0,0.0,0.0,0.0,0.0,60
2023-05-10 21:04:19,SR401C6200,SR401C6200,593.0,0.0,0.0,0.0,10,337.5,917.0,10,593.0,0.0,0.0,0.0,0.0,0.0,60
2023-05-10 21:04:22,SR401C6200,SR401C6200,593.0,0.0,0.0,0.0,1,339.0,917.0,10,593.0,0.0,0.0,0.0,0.0,0.0,60
2023-05-10 21:04:23,SR401C6200,SR401C6200,593.0,0.0,0.0,0.0,10,339.5,917.0,10,593.0,0.0,0.0,0.0,0.0,0.0,60
2023-05-10 21:04:28,SR401C6200,SR401C6200,593.0,0.0,0.0,0.0,1,341.0,915.5,1,593.0,0.0,0.0,0.0,0.0,0.0,60
2023-05-10 21:04:29,SR401C6200,SR401C6200,593.0,0.0,0.0,0.0,10,341.5,915.0,10,593.0,0.0,0.0,0.0,0.0,0.0,60
2023-05-10 21:04:29,SR401C6200,SR401C6200,593.0,0.0,0.0,0.0,1,343.0,913.5,1,593.0,0.0,0.0,0.0,0.0,0.0,60
2023-05-10 21:04:30,SR401C6200,SR401C6200,593.0,0.0,0.0,0.0,10,343.5,913.0,10,593.0,0.0,0.0,0.0,0.0,0.0,60
2023-05-10 21:04:34,SR401C6200,SR401C6200,593.0,0.0,0.0,0.0,1,345.0,911.5,1,593.0,0.0,0.0,0.0,0.0,0.0,60
2023-05-10 21:04:35,SR401C6200,SR401C6200,593.0,0.0,0.0,0.0,10,345.5,911.0,10,593.0,0.0,0.0,0.0,0.0,0.0,60
2023-05-10 21:04:36,SR401C6200,SR401C6200,593.0,0.0,0.0,0.0,1,347.0,909.5,1,593.0,0.0,0.0,0.0,0.0,0.0,60
2023-05-10 21:04:37,SR401C6200,SR401C6200,593.0,0.0,0.0,0.0,10,347.5,909.0,10,593.0,0.0,0.0,0.0,0.0,0.0,60
2023-05-10 21:04:39,SR401C6200,SR401C6200,593.0,0.0,0.0,0.0,10,349.5,907.0,10,593.0,0.0,0.0,0.0,0.0,0.0,60
2023-05-10 21:04:43,SR401C6200,SR401C6200,593.0,0.0,0.0,0.0,1,351.0,905.5,1,593.0,0.0,0.0,0.0,0.0,0.0,60
2023-05-10 21:04:43,SR401C6200,SR401C6200,593.0,0.0,0.0,0.0,10,351.5,905.0,10,593.0,0.0,0.0,0.0,0.0,0.0,60
2023-05-10 21:04:48,SR401C6200,SR401C6200,593.0,0.0,0.0,0.0,1,353.0,903.5,1,593.0,0.0,0.0,0.0,0.0,0.0,60
2023-05-10 21:04:48,SR401C6200,SR401C6200,593.0,0.0,0.0,0.0,10,353.5,903.0,10,593.0,0.0,0.0,0.0,0.0,0.0,60
2023-05-10 21:04:50,SR401C6200,SR401C6200,593.0,0.0,0.0,0.0,1,355.0,901.5,1,593.0,0.0,0.0,0.0,0.0,0.0,60
2023-05-10 21:04:50,SR401C6200,SR401C6200,593.0,0.0,0.0,0.0,10,355.5,901.0,10,593.0,0.0,0.0,0.0,0.0,0.0,60
2023-05-10 21:04:51,SR401C6200,SR401C6200,593.0,0.0,0.0,0.0,1,357.0,899.5,1,593.0,0.0,0.0,0.0,0.0,0.0,60
2023-05-10 21:04:51,SR401C6200,SR401C6200,593.0,0.0,0.0,0.0,10,357.5,899.0,10,593.0,0.0,0.0,0.0,0.0,0.0,60
2023-05-10 21:04:55,SR401C6200,SR401C6200,593.0,0.0,0.0,0.0,1,359.0,897.5,1,593.0,0.0,0.0,0.0,0.0,0.0,60
2023-05-10 21:04:55,SR401C6200,SR401C6200,593.0,0.0,0.0,0.0,10,359.5,897.0,10,593.0,0.0,0.0,0.0,0.0,0.0,60
2023-05-10 21:04:56,SR401C6200,SR401C6200,593.0,0.0,0.0,0.0,1,361.0,895.5,1,593.0,0.0,0.0,0.0,0.0,0.0,60
2023-05-10 21:04:56,SR401C6200,SR401C6200,593.0,0.0,0.0,0.0,10,361.5,895.0,10,593.0,0.0,0.0,0.0,0.0,0.0,60
2023-05-10 21:04:57,SR401C6200,SR401C6200,593.0,0.0,0.0,0.0,1,363.0,893.5,1,593.0,0.0,0.0,0.0,0.0,0.0,60
2023-05-10 21:04:57,SR401C6200,SR401C6200,593.0,0.0,0.0,0.0,10,363.5,893.0,10,593.0,0.0,0.0,0.0,0.0,0.0,60
2023-05-10 21:05:02,SR401C6200,SR401C6200,593.0,0.0,0.0,0.0,1,365.0,891.5,1,593.0,0.0,0.0,0.0,0.0,0.0,60
2023-05-10 21:05:02,SR401C6200,SR401C6200,593.0,0.0,0.0,0.0,10,365.5,891.0,10,593.0,0.0,0.0,0.0,0.0,0.0,60
2023-05-10 21:05:07,SR401C6200,SR401C6200,593.0,0.0,0.0,0.0,1,367.0,889.5,1,593.0,0.0,0.0,0.0,0.0,0.0,60
2023-05-10 21:05:07,SR401C6200,SR401C6200,593.0,0.0,0.0,0.0,10,367.5,889.0,10,593.0,0.0,0.0,0.0,0.0,0.0,60
2023-05-10 21:05:13,SR401C6200,SR401C6200,593.0,0.0,0.0,0.0,1,369.0,887.5,1,593.0,0.0,0.0,0.0,0.0,0.0,60
2023-05-10 21:05:13,SR401C6200,SR401C6200,593.0,0.0,0.0,0.0,10,369.5,887.0,10,593.0,0.0,0.0,0.0,0.0,0.0,60
2023-05-10 21:05:17,SR401C6200,SR401C6200,593.0,0.0,0.0,0.0,1,371.0,885.5,1,593.0,0.0,0.0,0.0,0.0,0.0,60
2023-05-10 21:05:17,SR401C6200,SR401C6200,593.0,0.0,0.0,0.0,10,371.5,885.0,10,593.0,0.0,0.0,0.0,0.0,0.0,60
2023-05-10 21:05:22,SR401C6200,SR401C6200,593.0,0.0,0.0,0.0,1,373.0,883.5,1,593.0,0.0,0.0,0.0,0.0,0.0,60
2023-05-10 21:05:22,SR401C6200,SR401C6200,593.0,0.0,0.0,0.0,10,373.5,883.0,10,593.0,0.0,0.0,0.0,0.0,0.0,60
2023-05-10 21:05:28,SR401C6200,SR401C6200,593.0,0.0,0.0,0.0,1,375.0,881.5,1,593.0,0.0,0.0,0.0,0.0,0.0,60
2023-05-10 21:05:28,SR401C6200,SR401C6200,593.0,0.0,0.0,0.0,10,375.5,881.0,10,593.0,0.0,0.0,0.0,0.0,0.0,60
2023-05-10 21:05:29,SR401C6200,SR401C6200,593.0,0.0,0.0,0.0,1,377.0,879.5,1,593.0,0.0,0.0,0.0,0.0,0.0,60
2023-05-10 21:05:29,SR401C6200,SR401C6200,593.0,0.0,0.0,0.0,10,377.5,879.0,10,593.0,0.0,0.0,0.0,0.0,0.0,60
2023-05-10 21:05:35,SR401C6200,SR401C6200,593.0,0.0,0.0,0.0,1,379.0,877.5,1,593.0,0.0,0.0,0.0,0.0,0.0,60
2023-05-10 21:05:35,SR401C6200,SR401C6200,593.0,0.0,0.0,0.0,10,379.5,877.0,10,593.0,0.0,0.0,0.0,0.0,0.0,60
2023-05-10 21:05:40,SR401C6200,SR401C6200,593.0,0.0,0.0,0.0,1,381.0,875.5,1,593.0,0.0,0.0,0.0,0.0,0.0,60
2023-05-10 21:05:40,SR401C6200,SR401C6200,593.0,0.0,0.0,0.0,10,381.5,875.0,10,593.0,0.0,0.0,0.0,0.0,0.0,60
2023-05-10 21:05:44,SR401C6200,SR401C6200,593.0,0.0,0.0,0.0,1,383.0,875.0,10,593.0,0.0,0.0,0.0,0.0,0.0,60
2023-05-10 21:05:44,SR401C6200,SR401C6200,593.0,0.0,0.0,0.0,10,383.5,875.0,10,593.0,0.0,0.0,0.0,0.0,0.0,60
2023-05-10 21:05:47,SR401C6200,SR401C6200,593.0,0.0,0.0,0.0,1,385.0,873.5,1,593.0,0.0,0.0,0.0,0.0,0.0,60
2023-05-10 21:05:47,SR401C6200,SR401C6200,593.0,0.0,0.0,0.0,10,385.5,873.0,10,593.0,0.0,0.0,0.0,0.0,0.0,60
2023-05-10 21:05:49,SR401C6200,SR401C6200,593.0,0.0,0.0,0.0,1,387.0,871.5,1,593.0,0.0,0.0,0.0,0.0,0.0,60
2023-05-10 21:05:49,SR401C6200,SR401C6200,593.0,0.0,0.0,0.0,10,387.5,871.0,10,593.0,0.0,0.0,0.0,0.0,0.0,60
2023-05-10 21:05:54,SR401C6200,SR401C6200,593.0,0.0,0.0,0.0,1,389.0,869.5,1,593.0,0.0,0.0,0.0,0.0,0.0,60
2023-05-10 21:05:54,SR401C6200,SR401C6200,593.0,0.0,0.0,0.0,10,389.5,869.0,10,593.0,0.0,0.0,0.0,0.0,0.0,60
2023-05-10 21:05:56,SR401C6200,SR401C6200,593.0,0.0,0.0,0.0,1,391.0,867.5,1,593.0,0.0,0.0,0.0,0.0,0.0,60
2023-05-10 21:05:56,SR401C6200,SR401C6200,593.0,0.0,0.0,0.0,10,391.5,867.0,10,593.0,0.0,0.0,0.0,0.0,0.0,60
2023-05-10 21:05:59,SR401C6200,SR401C6200,593.0,0.0,0.0,0.0,1,393.0,865.5,1,593.0,0.0,0.0,0.0,0.0,0.0,60
2023-05-10 21:05:59,SR401C6200,SR401C6200,593.0,0.0,0.0,0.0,10,393.5,865.0,10,593.0,0.0,0.0,0.0,0.0,0.0,60
2023-05-10 21:06:04,SR401C6200,SR401C6200,593.0,0.0,0.0,0.0,1,395.0,863.5,1,593.0,0.0,0.0,0.0,0.0,0.0,60
2023-05-10 21:06:04,SR401C6200,SR401C6200,593.0,0.0,0.0,0.0,10,395.5,863.0,10,593.0,0.0,0.0,0.0,0.0,0.0,60
2023-05-10 21:06:07,SR401C6200,SR401C6200,593.0,0.0,0.0,0.0,1,397.0,861.5,1,593.0,0.0,0.0,0.0,0.0,0.0,60
2023-05-10 21:06:07,SR401C6200,SR401C6200,593.0,0.0,0.0,0.0,10,397.5,861.0,10,593.0,0.0,0.0,0.0,0.0,0.0,60
2023-05-10 21:06:08,SR401C6200,SR401C6200,593.0,0.0,0.0,0.0,1,399.0,859.5,1,593.0,0.0,0.0,0.0,0.0,0.0,60
2023-05-10 21:06:08,SR401C6200,SR401C6200,593.0,0.0,0.0,0.0,10,399.5,859.0,10,593.0,0.0,0.0,0.0,0.0,0.0,60
2023-05-10 21:06:11,SR401C6200,SR401C6200,593.0,0.0,0.0,0.0,1,401.0,857.5,1,593.0,0.0,0.0,0.0,0.0,0.0,60
2023-05-10 21:06:11,SR401C6200,SR401C6200,593.0,0.0,0.0,0.0,10,401.5,857.0,10,593.0,0.0,0.0,0.0,0.0,0.0,60
2023-05-10 21:06:14,SR401C6200,SR401C6200,593.0,0.0,0.0,0.0,1,403.0,855.5,1,593.0,0.0,0.0,0.0,0.0,0.0,60
2023-05-10 21:06:14,SR401C6200,SR401C6200,593.0,0.0,0.0,0.0,10,403.5,855.0,10,593.0,0.0,0.0,0.0,0.0,0.0,60
2023-05-10 21:06:17,SR401C6200,SR401C6200,593.0,0.0,0.0,0.0,1,405.0,853.5,1,593.0,0.0,0.0,0.0,0.0,0.0,60
2023-05-10 21:06:17,SR401C6200,SR401C6200,593.0,0.0,0.0,0.0,10,405.5,853.0,10,593.0,0.0,0.0,0.0,0.0,0.0,60
2023-05-10 21:06:18,SR401C6200,SR401C6200,593.0,0.0,0.0,0.0,1,407.0,851.5,1,593.0,0.0,0.0,0.0,0.0,0.0,60
2023-05-10 21:06:18,SR401C6200,SR401C6200,593.0,0.0,0.0,0.0,10,407.5,851.0,10,593.0,0.0,0.0,0.0,0.0,0.0,60
2023-05-10 21:06:19,SR401C6200,SR401C6200,593.0,0.0,0.0,0.0,1,409.0,849.5,1,593.0,0.0,0.0,0.0,0.0,0.0,60
2023-05-10 21:06:19,SR401C6200,SR401C6200,593.0,0.0,0.0,0.0,10,409.5,849.0,10,593.0,0.0,0.0,0.0,0.0,0.0,60
2023-05-10 21:06:20,SR401C6200,SR401C6200,593.0,0.0,0.0,0.0,1,411.0,847.5,1,593.0,0.0,0.0,0.0,0.0,0.0,60
2023-05-10 21:06:20,SR401C6200,SR401C6200,593.0,0.0,0.0,0.0,10,411.5,847.0,10,593.0,0.0,0.0,0.0,0.0,0.0,60
2023-05-10 21:06:21,SR401C6200,SR401C6200,593.0,0.0,0.0,0.0,1,413.0,845.5,1,593.0,0.0,0.0,0.0,0.0,0.0,60
2023-05-10 21:06:21,SR401C6200,SR401C6200,593.0,0.0,0.0,0.0,10,413.5,845.0,10,593.0,0.0,0.0,0.0,0.0,0.0,60
2023-05-10 21:06:22,SR401C6200,SR401C6200,593.0,0.0,0.0,0.0,1,415.0,843.5,1,593.0,0.0,0.0,0.0,0.0,0.0,60
2023-05-10 21:06:22,SR401C6200,SR401C6200,593.0,0.0,0.0,0.0,10,415.5,843.0,10,593.0,0.0,0.0,0.0,0.0,0.0,60
2023-05-10 21:06:23,SR401C6200,SR401C6200,593.0,0.0,0.0,0.0,1,417.0,841.5,1,593.0,0.0,0.0,0.0,0.0,0.0,60
2023-05-10 21:06:23,SR401C6200,SR401C6200,593.0,0.0,0.0,0.0,10,417.5,841.0,10,593.0,0.0,0.0,0.0,0.0,0.0,60
2023-05-10 21:06:24,SR401C6200,SR401C6200,593.0,0.0,0.0,0.0,1,419.0,839.5,1,593.0,0.0,0.0,0.0,0.0,0.0,60
2023-05-10 21:06:24,SR401C6200,SR401C6200,593.0,0.0,0.0,0.0,10,419.5,839.0,10,593.0,0.0,0.0,0.0,0.0,0.0,60
2023-05-10 21:06:26,SR401C6200,SR401C6200,593.0,0.0,0.0,0.0,1,421.0,837.5,1,593.0,0.0,0.0,0.0,0.0,0.0,60
2023-05-10 21:06:26,SR401C6200,SR401C6200,593.0,0.0,0.0,0.0,10,421.5,837.0,10,593.0,0.0,0.0,0.0,0.0,0.0,60
2023-05-10 21:06:28,SR401C6200,SR401C6200,593.0,0.0,0.0,0.0,1,423.0,835.5,1,593.0,0.0,0.0,0.0,0.0,0.0,60
2023-05-10 21:06:28,SR401C6200,SR401C6200,593.0,0.0,0.0,0.0,10,423.5,835.0,10,593.0,0.0,0.0,0.0,0.0,0.0,60
2023-05-10 21:06:29,SR401C6200,SR401C6200,593.0,0.0,0.0,0.0,1,425.0,833.5,1,593.0,0.0,0.0,0.0,0.0,0.0,60
2023-05-10 21:06:29,SR401C6200,SR401C6200,593.0,0.0,0.0,0.0,10,425.5,833.0,10,593.0,0.0,0.0,0.0,0.0,0.0,60
2023-05-10 21:06:30,SR401C6200,SR401C6200,593.0,0.0,0.0,0.0,1,427.0,831.5,1,593.0,0.0,0.0,0.0,0.0,0.0,60
2023-05-10 21:06:30,SR401C6200,SR401C6200,593.0,0.0,0.0,0.0,10,427.5,831.0,10,593.0,0.0,0.0,0.0,0.0,0.0,60
2023-05-10 21:06:32,SR401C6200,SR401C6200,593.0,0.0,0.0,0.0,1,429.0,829.5,1,593.0,0.0,0.0,0.0,0.0,0.0,60
2023-05-10 21:06:32,SR401C6200,SR401C6200,593.0,0.0,0.0,0.0,10,429.5,829.0,10,593.0,0.0,0.0,0.0,0.0,0.0,60
2023-05-10 21:06:33,SR401C6200,SR401C6200,593.0,0.0,0.0,0.0,1,431.0,827.5,1,593.0,0.0,0.0,0.0,0.0,0.0,60
2023-05-10 21:06:33,SR401C6200,SR401C6200,593.0,0.0,0.0,0.0,10,431.5,827.0,10,593.0,0.0,0.0,0.0,0.0,0.0,60
2023-05-10 21:06:33,SR401C6200,SR401C6200,593.0,0.0,0.0,0.0,1,431.0,827.5,1,593.0,0.0,0.0,0.0,0.0,0.0,60
2023-05-10 21:06:33,SR401C6200,SR401C6200,593.0,0.0,0.0,0.0,10,431.5,827.0,10,593.0,0.0,0.0,0.0,0.0,0.0,60
2023-05-10 21:18:23,SR401C6200,SR401C6200,593.0,0.0,0.0,0.0,3,587.0,601.0,3,593.0,0.0,0.0,0.0,0.0,0.0,60
2023-05-10 21:18:25,SR401C6200,SR401C6200,593.0,0.0,0.0,0.0,6,587.0,601.0,3,593.0,0.0,0.0,0.0,0.0,0.0,60
2023-05-10 21:18:28,SR401C6200,SR401C6200,593.0,0.0,0.0,0.0,9,587.0,601.0,6,593.0,0.0,0.0,0.0,0.0,0.0,60
2023-05-10 21:18:36,SR401C6200,SR401C6200,593.0,0.0,0.0,0.0,6,587.0,601.0,3,593.0,0.0,0.0,0.0,0.0,0.0,60
2023-05-10 21:18:37,SR401C6200,SR401C6200,593.0,0.0,0.0,0.0,3,587.0,601.0,3,593.0,0.0,0.0,0.0,0.0,0.0,60
2023-05-10 21:18:37,SR401C6200,SR401C6200,593.0,0.0,0.0,0.0,6,587.0,601.0,3,593.0,0.0,0.0,0.0,0.0,0.0,60
2023-05-10 21:18:41,SR401C6200,SR401C6200,593.0,0.0,0.0,0.0,3,587.0,601.5,6,593.0,0.0,0.0,0.0,0.0,0.0,60
2023-05-10 21:18:42,SR401C6200,SR401C6200,593.0,0.0,0.0,0.0,3,587.0,601.5,3,593.0,0.0,0.0,0.0,0.0,0.0,60
2023-05-10 21:18:47,SR401C6200,SR401C6200,593.0,0.0,0.0,0.0,3,584.5,604.5,3,593.0,0.0,0.0,0.0,0.0,0.0,60
2023-05-10 21:18:50,SR401C6200,SR401C6200,593.0,0.0,0.0,0.0,10,251.5,0.0,0,593.0,0.0,0.0,0.0,0.0,0.0,60
2023-05-10 21:18:50,SR401C6200,SR401C6200,593.0,0.0,0.0,0.0,1,253.0,993.0,10,593.0,0.0,0.0,0.0,0.0,0.0,60
2023-05-10 21:18:51,SR401C6200,SR401C6200,593.0,0.0,0.0,0.0,10,253.5,991.5,1,593.0,0.0,0.0,0.0,0.0,0.0,60
2023-05-10 21:18:51,SR401C6200,SR401C6200,593.0,0.0,0.0,0.0,1,255.0,991.0,10,593.0,0.0,0.0,0.0,0.0,0.0,60
2023-05-10 21:18:52,SR401C6200,SR401C6200,593.0,0.0,0.0,0.0,10,255.5,989.5,1,593.0,0.0,0.0,0.0,0.0,0.0,60
2023-05-10 21:18:52,SR401C6200,SR401C6200,593.0,0.0,0.0,0.0,1,257.0,989.0,10,593.0,0.0,0.0,0.0,0.0,0.0,60
2023-05-10 21:18:53,SR401C6200,SR401C6200,593.0,0.0,0.0,0.0,10,257.5,987.5,1,593.0,0.0,0.0,0.0,0.0,0.0,60
2023-05-10 21:18:53,SR401C6200,SR401C6200,593.0,0.0,0.0,0.0,10,259.5,987.0,10,593.0,0.0,0.0,0.0,0.0,0.0,60
2023-05-10 21:18:54,SR401C6200,SR401C6200,593.0,0.0,0.0,0.0,1,261.0,985.5,1,593.0,0.0,0.0,0.0,0.0,0.0,60
2023-05-10 21:18:54,SR401C6200,SR401C6200,593.0,0.0,0.0,0.0,10,261.5,985.0,10,593.0,0.0,0.0,0.0,0.0,0.0,60
2023-05-10 21:33:51,SR401C6200,SR401C6200,593.0,0.0,0.0,0.0,1,263.0,983.5,1,593.0,0.0,0.0,0.0,0.0,0.0,60
2023-05-10 21:33:52,SR401C6200,SR401C6200,593.0,0.0,0.0,0.0,10,263.5,983.0,10,593.0,0.0,0.0,0.0,0.0,0.0,60
2023-05-10 21:33:52,SR401C6200,SR401C6200,593.0,0.0,0.0,0.0,1,265.0,981.5,1,593.0,0.0,0.0,0.0,0.0,0.0,60
2023-05-10 21:33:53,SR401C6200,SR401C6200,593.0,0.0,0.0,0.0,10,265.5,981.0,10,593.0,0.0,0.0,0.0,0.0,0.0,60
2023-05-10 21:33:53,SR401C6200,SR401C6200,593.0,0.0,0.0,0.0,1,267.0,979.5,1,593.0,0.0,0.0,0.0,0.0,0.0,60
2023-05-10 21:33:54,SR401C6200,SR401C6200,593.0,0.0,0.0,0.0,10,267.5,979.0,10,593.0,0.0,0.0,0.0,0.0,0.0,60
2023-05-10 21:33:54,SR401C6200,SR401C6200,593.0,0.0,0.0,0.0,1,269.0,977.5,1,593.0,0.0,0.0,0.0,0.0,0.0,60
2023-05-10 21:33:55,SR401C6200,SR401C6200,593.0,0.0,0.0,0.0,10,269.5,977.0,10,593.0,0.0,0.0,0.0,0.0,0.0,60
2023-05-10 21:33:55,SR401C6200,SR401C6200,593.0,0.0,0.0,0.0,1,271.0,975.5,1,593.0,0.0,0.0,0.0,0.0,0.0,60
2023-05-10 21:33:56,SR401C6200,SR401C6200,593.0,0.0,0.0,0.0,10,271.5,975.0,10,593.0,0.0,0.0,0.0,0.0,0.0,60
2023-05-10 21:44:44,SR401C6200,SR401C6200,593.0,0.0,0.0,0.0,1,251.0,0.0,0,593.0,0.0,0.0,0.0,0.0,0.0,60
2023-05-10 21:44:44,SR401C6200,SR401C6200,593.0,0.0,0.0,0.0,1,252.5,993.5,1,593.0,0.0,0.0,0.0,0.0,0.0,60
2023-05-10 21:46:07,SR401C6200,SR401C6200,593.0,0.0,0.0,0.0,10,253.0,993.0,10,593.0,0.0,0.0,0.0,0.0,0.0,60
2023-05-10 21:46:08,SR401C6200,SR401C6200,593.0,0.0,0.0,0.0,1,254.5,991.5,1,593.0,0.0,0.0,0.0,0.0,0.0,60
2023-05-10 21:46:08,SR401C6200,SR401C6200,593.0,0.0,0.0,0.0,10,255.0,991.0,10,593.0,0.0,0.0,0.0,0.0,0.0,60
2023-05-10 21:46:11,SR401C6200,SR401C6200,593.0,0.0,0.0,0.0,1,256.5,989.5,1,593.0,0.0,0.0,0.0,0.0,0.0,60
2023-05-10 21:46:11,SR401C6200,SR401C6200,593.0,0.0,0.0,0.0,10,257.0,989.0,10,593.0,0.0,0.0,0.0,0.0,0.0,60
2023-05-10 21:46:12,SR401C6200,SR401C6200,593.0,0.0,0.0,0.0,10,257.0,987.5,1,593.0,0.0,0.0,0.0,0.0,0.0,60
2023-05-10 21:46:12,SR401C6200,SR401C6200,593.0,0.0,0.0,0.0,10,257.0,987.0,10,593.0,0.0,0.0,0.0,0.0,0.0,60
2023-05-10 21:46:13,SR401C6200,SR401C6200,593.0,0.0,0.0,0.0,1,258.5,987.0,10,593.0,0.0,0.0,0.0,0.0,0.0,60
2023-05-10 21:46:13,SR401C6200,SR401C6200,593.0,0.0,0.0,0.0,10,259.0,987.0,10,593.0,0.0,0.0,0.0,0.0,0.0,60
2023-05-10 22:03:51,SR401C6200,SR401C6200,593.0,0.0,0.0,0.0,1,260.5,985.5,1,593.0,0.0,0.0,0.0,0.0,0.0,60
2023-05-10 22:03:52,SR401C6200,SR401C6200,593.0,0.0,0.0,0.0,10,261.0,985.0,10,593.0,0.0,0.0,0.0,0.0,0.0,60
2023-05-10 22:03:53,SR401C6200,SR401C6200,593.0,0.0,0.0,0.0,1,262.5,983.5,1,593.0,0.0,0.0,0.0,0.0,0.0,60
2023-05-10 22:03:53,SR401C6200,SR401C6200,593.0,0.0,0.0,0.0,10,263.0,983.0,10,593.0,0.0,0.0,0.0,0.0,0.0,60
2023-05-10 22:03:54,SR401C6200,SR401C6200,593.0,0.0,0.0,0.0,1,264.5,981.5,1,593.0,0.0,0.0,0.0,0.0,0.0,60
2023-05-10 22:03:54,SR401C6200,SR401C6200,593.0,0.0,0.0,0.0,10,265.0,981.0,10,593.0,0.0,0.0,0.0,0.0,0.0,60
2023-05-10 22:03:55,SR401C6200,SR401C6200,593.0,0.0,0.0,0.0,1,266.5,979.5,1,593.0,0.0,0.0,0.0,0.0,0.0,60
2023-05-10 22:03:55,SR401C6200,SR401C6200,593.0,0.0,0.0,0.0,10,267.0,979.0,10,593.0,0.0,0.0,0.0,0.0,0.0,60
2023-05-10 22:03:56,SR401C6200,SR401C6200,593.0,0.0,0.0,0.0,1,268.5,977.5,1,593.0,0.0,0.0,0.0,0.0,0.0,60
2023-05-10 22:03:56,SR401C6200,SR401C6200,593.0,0.0,0.0,0.0,10,269.0,977.0,10,593.0,0.0,0.0,0.0,0.0,0.0,60
2023-05-10 22:03:57,SR401C6200,SR401C6200,593.0,0.0,0.0,0.0,1,270.5,975.5,1,593.0,0.0,0.0,0.0,0.0,0.0,60
2023-05-10 22:03:57,SR401C6200,SR401C6200,593.0,0.0,0.0,0.0,10,271.0,975.0,10,593.0,0.0,0.0,0.0,0.0,0.0,60
2023-05-10 22:23:02,SR401C6200,SR401C6200,593.0,0.0,0.0,0.0,1,251.0,0.0,0,593.0,0.0,0.0,0.0,0.0,0.0,60
2023-05-10 22:23:56,SR401C6200,SR401C6200,593.0,0.0,0.0,0.0,10,251.5,0.0,0,593.0,0.0,0.0,0.0,0.0,0.0,60
2023-05-10 22:26:29,SR401C6200,SR401C6200,593.0,0.0,0.0,0.0,1,251.0,0.0,0,593.0,0.0,0.0,0.0,0.0,0.0,60
2023-05-10 22:27:07,SR401C6200,SR401C6200,593.0,0.0,0.0,0.0,10,251.5,0.0,0,593.0,0.0,0.0,0.0,0.0,0.0,60
2023-05-10 22:57:35,SR401C6200,SR401C6200,593.0,0.0,0.0,0.0,1,251.0,0.0,0,593.0,0.0,0.0,0.0,0.0,0.0,60
2023-05-10 22:59:58,SR401C6200,SR401C6200,593.0,0.0,0.0,0.0,0,0.0,0.0,0,593.0,0.0,0.0,0.0,0.0,0.0,60
2023-05-11 09:00:11,SR401C6200,SR401C6200,593.0,0.0,0.0,0.0,10,260.0,0.0,0,593.0,0.0,0.0,0.0,0.0,0.0,60
2023-05-11 09:02:02,SR401C6200,SR401C6200,593.0,0.0,0.0,0.0,1,261.5,993.5,1,593.0,0.0,0.0,0.0,0.0,0.0,60
2023-05-11 09:02:02,SR401C6200,SR401C6200,593.0,0.0,0.0,0.0,10,262.0,993.0,10,593.0,0.0,0.0,0.0,0.0,0.0,60
2023-05-11 09:02:10,SR401C6200,SR401C6200,593.0,0.0,0.0,0.0,1,263.5,991.5,1,593.0,0.0,0.0,0.0,0.0,0.0,60
2023-05-11 09:02:10,SR401C6200,SR401C6200,593.0,0.0,0.0,0.0,10,264.0,991.0,10,593.0,0.0,0.0,0.0,0.0,0.0,60
2023-05-11 09:02:16,SR401C6200,SR401C6200,593.0,0.0,0.0,0.0,1,265.5,989.5,1,593.0,0.0,0.0,0.0,0.0,0.0,60
2023-05-11 09:02:16,SR401C6200,SR401C6200,593.0,0.0,0.0,0.0,10,266.0,989.0,10,593.0,0.0,0.0,0.0,0.0,0.0,60
2023-05-11 09:02:20,SR401C6200,SR401C6200,593.0,0.0,0.0,0.0,1,267.5,987.5,1,593.0,0.0,0.0,0.0,0.0,0.0,60
2023-05-11 09:02:20,SR401C6200,SR401C6200,593.0,0.0,0.0,0.0,10,268.0,987.0,10,593.0,0.0,0.0,0.0,0.0,0.0,60
2023-05-11 09:02:21,SR401C6200,SR401C6200,593.0,0.0,0.0,0.0,1,269.5,987.0,10,593.0,0.0,0.0,0.0,0.0,0.0,60
2023-05-11 09:02:21,SR401C6200,SR401C6200,593.0,0.0,0.0,0.0,10,270.0,987.0,10,593.0,0.0,0.0,0.0,0.0,0.0,60
2023-05-11 09:02:25,SR401C6200,SR401C6200,593.0,0.0,0.0,0.0,1,271.5,985.5,1,593.0,0.0,0.0,0.0,0.0,0.0,60
2023-05-11 09:02:25,SR401C6200,SR401C6200,593.0,0.0,0.0,0.0,10,272.0,985.0,10,593.0,0.0,0.0,0.0,0.0,0.0,60
2023-05-11 09:02:31,SR401C6200,SR401C6200,593.0,0.0,0.0,0.0,1,273.5,983.5,1,593.0,0.0,0.0,0.0,0.0,0.0,60
2023-05-11 09:02:31,SR401C6200,SR401C6200,593.0,0.0,0.0,0.0,10,274.0,983.0,10,593.0,0.0,0.0,0.0,0.0,0.0,60
2023-05-11 09:02:37,SR401C6200,SR401C6200,593.0,0.0,0.0,0.0,1,275.5,981.5,1,593.0,0.0,0.0,0.0,0.0,0.0,60
2023-05-11 09:02:37,SR401C6200,SR401C6200,593.0,0.0,0.0,0.0,10,276.0,981.0,10,593.0,0.0,0.0,0.0,0.0,0.0,60
2023-05-11 09:02:39,SR401C6200,SR401C6200,593.0,0.0,0.0,0.0,1,277.5,979.5,1,593.0,0.0,0.0,0.0,0.0,0.0,60
2023-05-11 09:02:40,SR401C6200,SR401C6200,593.0,0.0,0.0,0.0,10,278.0,979.0,10,593.0,0.0,0.0,0.0,0.0,0.0,60
2023-05-11 09:02:46,SR401C6200,SR401C6200,593.0,0.0,0.0,0.0,1,279.5,977.5,1,593.0,0.0,0.0,0.0,0.0,0.0,60
2023-05-11 09:02:46,SR401C6200,SR401C6200,593.0,0.0,0.0,0.0,10,280.0,977.0,10,593.0,0.0,0.0,0.0,0.0,0.0,60
2023-05-11 09:02:53,SR401C6200,SR401C6200,593.0,0.0,0.0,0.0,1,281.5,975.5,1,593.0,0.0,0.0,0.0,0.0,0.0,60
2023-05-11 09:02:54,SR401C6200,SR401C6200,593.0,0.0,0.0,0.0,10,282.0,975.0,10,593.0,0.0,0.0,0.0,0.0,0.0,60
2023-05-11 09:03:02,SR401C6200,SR401C6200,593.0,0.0,0.0,0.0,1,283.5,973.5,1,593.0,0.0,0.0,0.0,0.0,0.0,60
2023-05-11 09:03:03,SR401C6200,SR401C6200,593.0,0.0,0.0,0.0,10,284.0,973.0,10,593.0,0.0,0.0,0.0,0.0,0.0,60
2023-05-11 09:03:03,SR401C6200,SR401C6200,593.0,0.0,0.0,0.0,1,285.5,971.5,1,593.0,0.0,0.0,0.0,0.0,0.0,60
2023-05-11 09:03:03,SR401C6200,SR401C6200,593.0,0.0,0.0,0.0,10,286.0,971.0,10,593.0,0.0,0.0,0.0,0.0,0.0,60
2023-05-11 09:03:06,SR401C6200,SR401C6200,593.0,0.0,0.0,0.0,1,287.5,969.5,1,593.0,0.0,0.0,0.0,0.0,0.0,60
2023-05-11 09:03:07,SR401C6200,SR401C6200,593.0,0.0,0.0,0.0,10,288.0,969.0,10,593.0,0.0,0.0,0.0,0.0,0.0,60
2023-05-11 09:03:07,SR401C6200,SR401C6200,593.0,0.0,0.0,0.0,1,289.5,967.5,1,593.0,0.0,0.0,0.0,0.0,0.0,60
2023-05-11 09:03:07,SR401C6200,SR401C6200,593.0,0.0,0.0,0.0,10,290.0,967.0,10,593.0,0.0,0.0,0.0,0.0,0.0,60
2023-05-11 09:03:14,SR401C6200,SR401C6200,593.0,0.0,0.0,0.0,1,291.5,965.5,1,593.0,0.0,0.0,0.0,0.0,0.0,60
2023-05-11 09:03:14,SR401C6200,SR401C6200,593.0,0.0,0.0,0.0,10,292.0,965.0,10,593.0,0.0,0.0,0.0,0.0,0.0,60
2023-05-11 09:03:17,SR401C6200,SR401C6200,593.0,0.0,0.0,0.0,1,293.5,963.5,1,593.0,0.0,0.0,0.0,0.0,0.0,60
2023-05-11 09:03:17,SR401C6200,SR401C6200,593.0,0.0,0.0,0.0,10,294.0,963.0,10,593.0,0.0,0.0,0.0,0.0,0.0,60
2023-05-11 09:03:21,SR401C6200,SR401C6200,593.0,0.0,0.0,0.0,1,295.5,961.5,1,593.0,0.0,0.0,0.0,0.0,0.0,60
2023-05-11 09:03:21,SR401C6200,SR401C6200,593.0,0.0,0.0,0.0,10,296.0,961.0,10,593.0,0.0,0.0,0.0,0.0,0.0,60
2023-05-11 09:03:28,SR401C6200,SR401C6200,593.0,0.0,0.0,0.0,1,297.5,959.5,1,593.0,0.0,0.0,0.0,0.0,0.0,60
2023-05-11 09:03:29,SR401C6200,SR401C6200,593.0,0.0,0.0,0.0,10,298.0,959.0,10,593.0,0.0,0.0,0.0,0.0,0.0,60
2023-05-11 09:03:32,SR401C6200,SR401C6200,593.0,0.0,0.0,0.0,1,299.5,957.5,1,593.0,0.0,0.0,0.0,0.0,0.0,60
2023-05-11 09:03:32,SR401C6200,SR401C6200,593.0,0.0,0.0,0.0,10,300.0,957.0,10,593.0,0.0,0.0,0.0,0.0,0.0,60
2023-05-11 09:03:33,SR401C6200,SR401C6200,593.0,0.0,0.0,0.0,1,301.5,955.5,1,593.0,0.0,0.0,0.0,0.0,0.0,60
2023-05-11 09:03:33,SR401C6200,SR401C6200,593.0,0.0,0.0,0.0,10,302.0,955.0,10,593.0,0.0,0.0,0.0,0.0,0.0,60
2023-05-11 09:03:36,SR401C6200,SR401C6200,593.0,0.0,0.0,0.0,1,303.5,955.0,10,593.0,0.0,0.0,0.0,0.0,0.0,60
2023-05-11 09:03:36,SR401C6200,SR401C6200,593.0,0.0,0.0,0.0,10,304.0,953.5,1,593.0,0.0,0.0,0.0,0.0,0.0,60
2023-05-11 09:03:37,SR401C6200,SR401C6200,593.0,0.0,0.0,0.0,10,304.0,953.0,10,593.0,0.0,0.0,0.0,0.0,0.0,60
2023-05-11 09:03:39,SR401C6200,SR401C6200,593.0,0.0,0.0,0.0,1,305.5,951.5,1,593.0,0.0,0.0,0.0,0.0,0.0,60
2023-05-11 09:03:39,SR401C6200,SR401C6200,593.0,0.0,0.0,0.0,10,306.0,951.0,10,593.0,0.0,0.0,0.0,0.0,0.0,60
2023-05-11 09:03:42,SR401C6200,SR401C6200,593.0,0.0,0.0,0.0,1,307.5,949.5,1,593.0,0.0,0.0,0.0,0.0,0.0,60
2023-05-11 09:03:42,SR401C6200,SR401C6200,593.0,0.0,0.0,0.0,10,308.0,949.0,10,593.0,0.0,0.0,0.0,0.0,0.0,60
2023-05-11 09:03:45,SR401C6200,SR401C6200,593.0,0.0,0.0,0.0,1,309.5,949.0,10,593.0,0.0,0.0,0.0,0.0,0.0,60
2023-05-11 09:03:45,SR401C6200,SR401C6200,593.0,0.0,0.0,0.0,10,310.0,949.0,10,593.0,0.0,0.0,0.0,0.0,0.0,60
2023-05-11 09:03:48,SR401C6200,SR401C6200,593.0,0.0,0.0,0.0,1,311.5,947.5,1,593.0,0.0,0.0,0.0,0.0,0.0,60
2023-05-11 09:03:48,SR401C6200,SR401C6200,593.0,0.0,0.0,0.0,10,312.0,947.0,10,593.0,0.0,0.0,0.0,0.0,0.0,60
2023-05-11 09:03:51,SR401C6200,SR401C6200,593.0,0.0,0.0,0.0,1,313.5,945.5,1,593.0,0.0,0.0,0.0,0.0,0.0,60
2023-05-11 09:03:52,SR401C6200,SR401C6200,593.0,0.0,0.0,0.0,10,314.0,945.0,10,593.0,0.0,0.0,0.0,0.0,0.0,60
2023-05-11 09:03:55,SR401C6200,SR401C6200,593.0,0.0,0.0,0.0,1,315.5,943.5,1,593.0,0.0,0.0,0.0,0.0,0.0,60
2023-05-11 09:03:55,SR401C6200,SR401C6200,593.0,0.0,0.0,0.0,10,316.0,943.0,10,593.0,0.0,0.0,0.0,0.0,0.0,60
2023-05-11 09:03:57,SR401C6200,SR401C6200,593.0,0.0,0.0,0.0,1,317.5,941.5,1,593.0,0.0,0.0,0.0,0.0,0.0,60
2023-05-11 09:03:57,SR401C6200,SR401C6200,593.0,0.0,0.0,0.0,10,318.0,941.0,10,593.0,0.0,0.0,0.0,0.0,0.0,60
2023-05-11 09:04:01,SR401C6200,SR401C6200,593.0,0.0,0.0,0.0,1,319.5,939.5,1,593.0,0.0,0.0,0.0,0.0,0.0,60
2023-05-11 09:04:01,SR401C6200,SR401C6200,593.0,0.0,0.0,0.0,10,320.0,939.0,10,593.0,0.0,0.0,0.0,0.0,0.0,60
2023-05-11 09:04:03,SR401C6200,SR401C6200,593.0,0.0,0.0,0.0,1,321.5,937.5,1,593.0,0.0,0.0,0.0,0.0,0.0,60
2023-05-11 09:04:03,SR401C6200,SR401C6200,593.0,0.0,0.0,0.0,10,322.0,937.0,10,593.0,0.0,0.0,0.0,0.0,0.0,60
2023-05-11 09:04:07,SR401C6200,SR401C6200,593.0,0.0,0.0,0.0,1,323.5,937.0,10,593.0,0.0,0.0,0.0,0.0,0.0,60
2023-05-11 09:04:07,SR401C6200,SR401C6200,593.0,0.0,0.0,0.0,10,324.0,937.0,10,593.0,0.0,0.0,0.0,0.0,0.0,60
2023-05-11 09:04:11,SR401C6200,SR401C6200,593.0,0.0,0.0,0.0,1,325.5,935.5,1,593.0,0.0,0.0,0.0,0.0,0.0,60
2023-05-11 09:04:11,SR401C6200,SR401C6200,593.0,0.0,0.0,0.0,10,326.0,935.0,10,593.0,0.0,0.0,0.0,0.0,0.0,60
2023-05-11 09:04:12,SR401C6200,SR401C6200,593.0,0.0,0.0,0.0,1,327.5,933.5,1,593.0,0.0,0.0,0.0,0.0,0.0,60
2023-05-11 09:04:12,SR401C6200,SR401C6200,593.0,0.0,0.0,0.0,10,328.0,933.0,10,593.0,0.0,0.0,0.0,0.0,0.0,60
2023-05-11 09:04:14,SR401C6200,SR401C6200,593.0,0.0,0.0,0.0,1,329.5,931.5,1,593.0,0.0,0.0,0.0,0.0,0.0,60
2023-05-11 09:04:14,SR401C6200,SR401C6200,593.0,0.0,0.0,0.0,10,330.0,931.0,10,593.0,0.0,0.0,0.0,0.0,0.0,60
2023-05-11 09:04:16,SR401C6200,SR401C6200,593.0,0.0,0.0,0.0,1,331.5,929.5,1,593.0,0.0,0.0,0.0,0.0,0.0,60
2023-05-11 09:04:16,SR401C6200,SR401C6200,593.0,0.0,0.0,0.0,10,332.0,929.0,10,593.0,0.0,0.0,0.0,0.0,0.0,60
2023-05-11 09:04:21,SR401C6200,SR401C6200,593.0,0.0,0.0,0.0,1,333.5,927.5,1,593.0,0.0,0.0,0.0,0.0,0.0,60
2023-05-11 09:04:21,SR401C6200,SR401C6200,593.0,0.0,0.0,0.0,10,334.0,927.0,10,593.0,0.0,0.0,0.0,0.0,0.0,60
2023-05-11 09:04:23,SR401C6200,SR401C6200,593.0,0.0,0.0,0.0,1,335.5,925.5,1,593.0,0.0,0.0,0.0,0.0,0.0,60
2023-05-11 09:04:23,SR401C6200,SR401C6200,593.0,0.0,0.0,0.0,10,336.0,925.0,10,593.0,0.0,0.0,0.0,0.0,0.0,60
2023-05-11 09:04:28,SR401C6200,SR401C6200,593.0,0.0,0.0,0.0,1,337.5,923.5,1,593.0,0.0,0.0,0.0,0.0,0.0,60
2023-05-11 09:04:28,SR401C6200,SR401C6200,593.0,0.0,0.0,0.0,10,338.0,923.0,10,593.0,0.0,0.0,0.0,0.0,0.0,60
2023-05-11 09:04:29,SR401C6200,SR401C6200,593.0,0.0,0.0,0.0,1,339.5,921.5,1,593.0,0.0,0.0,0.0,0.0,0.0,60
2023-05-11 09:04:29,SR401C6200,SR401C6200,593.0,0.0,0.0,0.0,10,340.0,921.0,10,593.0,0.0,0.0,0.0,0.0,0.0,60
2023-05-11 09:04:35,SR401C6200,SR401C6200,593.0,0.0,0.0,0.0,1,341.5,921.0,10,593.0,0.0,0.0,0.0,0.0,0.0,60
2023-05-11 09:04:35,SR401C6200,SR401C6200,593.0,0.0,0.0,0.0,10,342.0,921.0,10,593.0,0.0,0.0,0.0,0.0,0.0,60
2023-05-11 09:04:37,SR401C6200,SR401C6200,593.0,0.0,0.0,0.0,1,343.5,919.5,1,593.0,0.0,0.0,0.0,0.0,0.0,60
2023-05-11 09:04:37,SR401C6200,SR401C6200,593.0,0.0,0.0,0.0,10,344.0,919.0,10,593.0,0.0,0.0,0.0,0.0,0.0,60
2023-05-11 09:04:41,SR401C6200,SR401C6200,593.0,0.0,0.0,0.0,1,345.5,917.5,1,593.0,0.0,0.0,0.0,0.0,0.0,60
2023-05-11 09:04:41,SR401C6200,SR401C6200,593.0,0.0,0.0,0.0,10,346.0,917.0,10,593.0,0.0,0.0,0.0,0.0,0.0,60
2023-05-11 09:04:45,SR401C6200,SR401C6200,593.0,0.0,0.0,0.0,1,347.5,915.5,1,593.0,0.0,0.0,0.0,0.0,0.0,60
2023-05-11 09:04:45,SR401C6200,SR401C6200,593.0,0.0,0.0,0.0,10,348.0,915.0,10,593.0,0.0,0.0,0.0,0.0,0.0,60
2023-05-11 09:04:47,SR401C6200,SR401C6200,593.0,0.0,0.0,0.0,1,349.5,913.5,1,593.0,0.0,0.0,0.0,0.0,0.0,60
2023-05-11 09:04:47,SR401C6200,SR401C6200,593.0,0.0,0.0,0.0,10,350.0,913.0,10,593.0,0.0,0.0,0.0,0.0,0.0,60
2023-05-11 09:04:48,SR401C6200,SR401C6200,593.0,0.0,0.0,0.0,1,351.5,911.5,1,593.0,0.0,0.0,0.0,0.0,0.0,60
2023-05-11 09:04:48,SR401C6200,SR401C6200,593.0,0.0,0.0,0.0,10,352.0,911.0,10,593.0,0.0,0.0,0.0,0.0,0.0,60
2023-05-11 09:04:50,SR401C6200,SR401C6200,593.0,0.0,0.0,0.0,1,353.5,911.0,10,593.0,0.0,0.0,0.0,0.0,0.0,60
2023-05-11 09:04:50,SR401C6200,SR401C6200,593.0,0.0,0.0,0.0,10,354.0,911.0,10,593.0,0.0,0.0,0.0,0.0,0.0,60
2023-05-11 09:04:53,SR401C6200,SR401C6200,593.0,0.0,0.0,0.0,1,355.5,909.5,1,593.0,0.0,0.0,0.0,0.0,0.0,60
2023-05-11 09:04:53,SR401C6200,SR401C6200,593.0,0.0,0.0,0.0,10,356.0,909.0,10,593.0,0.0,0.0,0.0,0.0,0.0,60
2023-05-11 09:04:54,SR401C6200,SR401C6200,593.0,0.0,0.0,0.0,1,357.5,907.5,1,593.0,0.0,0.0,0.0,0.0,0.0,60
2023-05-11 09:04:54,SR401C6200,SR401C6200,593.0,0.0,0.0,0.0,10,358.0,907.0,10,593.0,0.0,0.0,0.0,0.0,0.0,60
2023-05-11 09:04:55,SR401C6200,SR401C6200,593.0,0.0,0.0,0.0,1,359.5,905.5,1,593.0,0.0,0.0,0.0,0.0,0.0,60
2023-05-11 09:04:55,SR401C6200,SR401C6200,593.0,0.0,0.0,0.0,10,360.0,905.0,10,593.0,0.0,0.0,0.0,0.0,0.0,60
2023-05-11 09:04:56,SR401C6200,SR401C6200,593.0,0.0,0.0,0.0,1,361.5,903.5,1,593.0,0.0,0.0,0.0,0.0,0.0,60
2023-05-11 09:04:56,SR401C6200,SR401C6200,593.0,0.0,0.0,0.0,10,362.0,903.0,10,593.0,0.0,0.0,0.0,0.0,0.0,60
2023-05-11 09:04:57,SR401C6200,SR401C6200,593.0,0.0,0.0,0.0,1,363.5,901.5,1,593.0,0.0,0.0,0.0,0.0,0.0,60
2023-05-11 09:04:57,SR401C6200,SR401C6200,593.0,0.0,0.0,0.0,10,364.0,901.0,10,593.0,0.0,0.0,0.0,0.0,0.0,60
2023-05-11 09:05:08,SR401C6200,SR401C6200,593.0,0.0,0.0,0.0,1,365.5,899.5,1,593.0,0.0,0.0,0.0,0.0,0.0,60
2023-05-11 09:05:08,SR401C6200,SR401C6200,593.0,0.0,0.0,0.0,10,366.0,899.0,10,593.0,0.0,0.0,0.0,0.0,0.0,60
2023-05-11 09:05:10,SR401C6200,SR401C6200,593.0,0.0,0.0,0.0,1,367.5,897.5,1,593.0,0.0,0.0,0.0,0.0,0.0,60
2023-05-11 09:05:10,SR401C6200,SR401C6200,593.0,0.0,0.0,0.0,10,368.0,897.0,10,593.0,0.0,0.0,0.0,0.0,0.0,60
2023-05-11 09:05:13,SR401C6200,SR401C6200,593.0,0.0,0.0,0.0,1,369.5,897.0,10,593.0,0.0,0.0,0.0,0.0,0.0,60
2023-05-11 09:05:13,SR401C6200,SR401C6200,593.0,0.0,0.0,0.0,10,370.0,897.0,10,593.0,0.0,0.0,0.0,0.0,0.0,60
2023-05-11 09:05:15,SR401C6200,SR401C6200,593.0,0.0,0.0,0.0,1,371.5,895.5,1,593.0,0.0,0.0,0.0,0.0,0.0,60
2023-05-11 09:05:15,SR401C6200,SR401C6200,593.0,0.0,0.0,0.0,10,372.0,895.0,10,593.0,0.0,0.0,0.0,0.0,0.0,60
2023-05-11 09:05:17,SR401C6200,SR401C6200,593.0,0.0,0.0,0.0,1,373.5,893.5,1,593.0,0.0,0.0,0.0,0.0,0.0,60
2023-05-11 09:05:17,SR401C6200,SR401C6200,593.0,0.0,0.0,0.0,10,374.0,893.0,10,593.0,0.0,0.0,0.0,0.0,0.0,60
2023-05-11 09:05:18,SR401C6200,SR401C6200,593.0,0.0,0.0,0.0,1,375.5,891.5,1,593.0,0.0,0.0,0.0,0.0,0.0,60
2023-05-11 09:05:18,SR401C6200,SR401C6200,593.0,0.0,0.0,0.0,10,376.0,891.0,10,593.0,0.0,0.0,0.0,0.0,0.0,60
2023-05-11 09:05:20,SR401C6200,SR401C6200,593.0,0.0,0.0,0.0,1,377.5,889.5,1,593.0,0.0,0.0,0.0,0.0,0.0,60
2023-05-11 09:05:20,SR401C6200,SR401C6200,593.0,0.0,0.0,0.0,10,378.0,889.0,10,593.0,0.0,0.0,0.0,0.0,0.0,60
2023-05-11 09:05:24,SR401C6200,SR401C6200,593.0,0.0,0.0,0.0,1,379.5,887.5,1,593.0,0.0,0.0,0.0,0.0,0.0,60
2023-05-11 09:05:24,SR401C6200,SR401C6200,593.0,0.0,0.0,0.0,10,380.0,887.0,10,593.0,0.0,0.0,0.0,0.0,0.0,60
2023-05-11 09:05:25,SR401C6200,SR401C6200,593.0,0.0,0.0,0.0,1,381.5,885.5,1,593.0,0.0,0.0,0.0,0.0,0.0,60
2023-05-11 09:05:25,SR401C6200,SR401C6200,593.0,0.0,0.0,0.0,10,382.0,885.0,10,593.0,0.0,0.0,0.0,0.0,0.0,60
2023-05-11 09:05:31,SR401C6200,SR401C6200,593.0,0.0,0.0,0.0,1,383.5,885.0,10,593.0,0.0,0.0,0.0,0.0,0.0,60
2023-05-11 09:05:31,SR401C6200,SR401C6200,593.0,0.0,0.0,0.0,10,384.0,885.0,10,593.0,0.0,0.0,0.0,0.0,0.0,60
2023-05-11 09:05:33,SR401C6200,SR401C6200,593.0,0.0,0.0,0.0,1,385.5,883.5,1,593.0,0.0,0.0,0.0,0.0,0.0,60
2023-05-11 09:05:33,SR401C6200,SR401C6200,593.0,0.0,0.0,0.0,10,386.0,883.0,10,593.0,0.0,0.0,0.0,0.0,0.0,60
2023-05-11 09:05:34,SR401C6200,SR401C6200,593.0,0.0,0.0,0.0,1,387.5,881.5,1,593.0,0.0,0.0,0.0,0.0,0.0,60
2023-05-11 09:05:34,SR401C6200,SR401C6200,593.0,0.0,0.0,0.0,10,388.0,881.0,10,593.0,0.0,0.0,0.0,0.0,0.0,60
2023-05-11 09:05:35,SR401C6200,SR401C6200,593.0,0.0,0.0,0.0,1,389.5,879.5,1,593.0,0.0,0.0,0.0,0.0,0.0,60
2023-05-11 09:05:35,SR401C6200,SR401C6200,593.0,0.0,0.0,0.0,10,390.0,879.0,10,593.0,0.0,0.0,0.0,0.0,0.0,60
2023-05-11 09:05:36,SR401C6200,SR401C6200,593.0,0.0,0.0,0.0,1,391.5,877.5,1,593.0,0.0,0.0,0.0,0.0,0.0,60
2023-05-11 09:05:36,SR401C6200,SR401C6200,593.0,0.0,0.0,0.0,10,392.0,877.0,10,593.0,0.0,0.0,0.0,0.0,0.0,60
2023-05-11 09:05:38,SR401C6200,SR401C6200,593.0,0.0,0.0,0.0,1,393.5,875.5,1,593.0,0.0,0.0,0.0,0.0,0.0,60
2023-05-11 09:05:38,SR401C6200,SR401C6200,593.0,0.0,0.0,0.0,10,394.0,875.0,10,593.0,0.0,0.0,0.0,0.0,0.0,60
2023-05-11 09:05:39,SR401C6200,SR401C6200,593.0,0.0,0.0,0.0,1,395.5,873.5,1,593.0,0.0,0.0,0.0,0.0,0.0,60
2023-05-11 09:05:39,SR401C6200,SR401C6200,593.0,0.0,0.0,0.0,10,396.0,873.0,10,593.0,0.0,0.0,0.0,0.0,0.0,60
2023-05-11 09:05:46,SR401C6200,SR401C6200,593.0,0.0,0.0,0.0,1,397.5,871.5,1,593.0,0.0,0.0,0.0,0.0,0.0,60
2023-05-11 09:05:46,SR401C6200,SR401C6200,593.0,0.0,0.0,0.0,10,398.0,871.0,10,593.0,0.0,0.0,0.0,0.0,0.0,60
2023-05-11 09:05:47,SR401C6200,SR401C6200,593.0,0.0,0.0,0.0,1,399.5,869.5,1,593.0,0.0,0.0,0.0,0.0,0.0,60
2023-05-11 09:05:47,SR401C6200,SR401C6200,593.0,0.0,0.0,0.0,10,400.0,869.0,10,593.0,0.0,0.0,0.0,0.0,0.0,60
2023-05-11 09:05:50,SR401C6200,SR401C6200,593.0,0.0,0.0,0.0,1,401.5,867.5,1,593.0,0.0,0.0,0.0,0.0,0.0,60
2023-05-11 09:05:50,SR401C6200,SR401C6200,593.0,0.0,0.0,0.0,10,402.0,867.0,10,593.0,0.0,0.0,0.0,0.0,0.0,60
2023-05-11 09:05:51,SR401C6200,SR401C6200,593.0,0.0,0.0,0.0,1,403.5,865.5,1,593.0,0.0,0.0,0.0,0.0,0.0,60
2023-05-11 09:05:51,SR401C6200,SR401C6200,593.0,0.0,0.0,0.0,10,404.0,865.0,10,593.0,0.0,0.0,0.0,0.0,0.0,60
2023-05-11 09:05:54,SR401C6200,SR401C6200,593.0,0.0,0.0,0.0,1,405.5,863.5,1,593.0,0.0,0.0,0.0,0.0,0.0,60
2023-05-11 09:05:54,SR401C6200,SR401C6200,593.0,0.0,0.0,0.0,10,406.0,863.0,10,593.0,0.0,0.0,0.0,0.0,0.0,60
2023-05-11 09:06:00,SR401C6200,SR401C6200,593.0,0.0,0.0,0.0,1,407.5,861.5,1,593.0,0.0,0.0,0.0,0.0,0.0,60
2023-05-11 09:06:00,SR401C6200,SR401C6200,593.0,0.0,0.0,0.0,10,408.0,861.0,10,593.0,0.0,0.0,0.0,0.0,0.0,60
2023-05-11 09:06:01,SR401C6200,SR401C6200,593.0,0.0,0.0,0.0,1,409.5,859.5,1,593.0,0.0,0.0,0.0,0.0,0.0,60
2023-05-11 09:06:01,SR401C6200,SR401C6200,593.0,0.0,0.0,0.0,10,410.0,859.0,10,593.0,0.0,0.0,0.0,0.0,0.0,60
2023-05-11 09:06:02,SR401C6200,SR401C6200,593.0,0.0,0.0,0.0,10,410.0,857.5,1,593.0,0.0,0.0,0.0,0.0,0.0,60
2023-05-11 09:06:02,SR401C6200,SR401C6200,593.0,0.0,0.0,0.0,1,411.5,857.0,10,593.0,0.0,0.0,0.0,0.0,0.0,60
2023-05-11 09:06:03,SR401C6200,SR401C6200,593.0,0.0,0.0,0.0,10,412.0,855.5,1,593.0,0.0,0.0,0.0,0.0,0.0,60
2023-05-11 09:06:03,SR401C6200,SR401C6200,593.0,0.0,0.0,0.0,1,413.5,855.0,10,593.0,0.0,0.0,0.0,0.0,0.0,60
2023-05-11 09:06:04,SR401C6200,SR401C6200,593.0,0.0,0.0,0.0,10,414.0,855.0,10,593.0,0.0,0.0,0.0,0.0,0.0,60
2023-05-11 09:06:04,SR401C6200,SR401C6200,593.0,0.0,0.0,0.0,1,415.5,855.0,10,593.0,0.0,0.0,0.0,0.0,0.0,60
2023-05-11 09:06:05,SR401C6200,SR401C6200,593.0,0.0,0.0,0.0,10,416.0,853.5,1,593.0,0.0,0.0,0.0,0.0,0.0,60
2023-05-11 09:06:05,SR401C6200,SR401C6200,593.0,0.0,0.0,0.0,1,417.5,853.0,10,593.0,0.0,0.0,0.0,0.0,0.0,60
2023-05-11 09:06:06,SR401C6200,SR401C6200,593.0,0.0,0.0,0.0,10,418.0,853.0,10,593.0,0.0,0.0,0.0,0.0,0.0,60
2023-05-11 09:06:06,SR401C6200,SR401C6200,593.0,0.0,0.0,0.0,1,419.5,851.5,1,593.0,0.0,0.0,0.0,0.0,0.0,60
2023-05-11 09:06:06,SR401C6200,SR401C6200,593.0,0.0,0.0,0.0,10,420.0,851.0,10,593.0,0.0,0.0,0.0,0.0,0.0,60
2023-05-11 09:06:07,SR401C6200,SR401C6200,593.0,0.0,0.0,0.0,1,421.5,849.5,1,593.0,0.0,0.0,0.0,0.0,0.0,60
2023-05-11 09:06:07,SR401C6200,SR401C6200,593.0,0.0,0.0,0.0,10,422.0,849.0,10,593.0,0.0,0.0,0.0,0.0,0.0,60
2023-05-11 09:06:09,SR401C6200,SR401C6200,593.0,0.0,0.0,0.0,1,423.5,847.5,1,593.0,0.0,0.0,0.0,0.0,0.0,60
2023-05-11 09:06:09,SR401C6200,SR401C6200,593.0,0.0,0.0,0.0,10,424.0,847.0,10,593.0,0.0,0.0,0.0,0.0,0.0,60
2023-05-11 09:06:11,SR401C6200,SR401C6200,593.0,0.0,0.0,0.0,1,425.5,845.5,1,593.0,0.0,0.0,0.0,0.0,0.0,60
2023-05-11 09:06:11,SR401C6200,SR401C6200,593.0,0.0,0.0,0.0,10,426.0,845.0,10,593.0,0.0,0.0,0.0,0.0,0.0,60
2023-05-11 09:06:12,SR401C6200,SR401C6200,593.0,0.0,0.0,0.0,1,427.5,843.5,1,593.0,0.0,0.0,0.0,0.0,0.0,60
2023-05-11 09:06:12,SR401C6200,SR401C6200,593.0,0.0,0.0,0.0,10,428.0,843.0,10,593.0,0.0,0.0,0.0,0.0,0.0,60
2023-05-11 09:06:13,SR401C6200,SR401C6200,593.0,0.0,0.0,0.0,1,429.5,841.5,1,593.0,0.0,0.0,0.0,0.0,0.0,60
2023-05-11 09:06:13,SR401C6200,SR401C6200,593.0,0.0,0.0,0.0,10,430.0,841.0,10,593.0,0.0,0.0,0.0,0.0,0.0,60
2023-05-11 09:06:14,SR401C6200,SR401C6200,593.0,0.0,0.0,0.0,1,431.5,839.5,1,593.0,0.0,0.0,0.0,0.0,0.0,60
2023-05-11 09:06:14,SR401C6200,SR401C6200,593.0,0.0,0.0,0.0,10,432.0,839.0,10,593.0,0.0,0.0,0.0,0.0,0.0,60
2023-05-11 09:06:15,SR401C6200,SR401C6200,593.0,0.0,0.0,0.0,1,433.5,837.5,1,593.0,0.0,0.0,0.0,0.0,0.0,60
2023-05-11 09:06:15,SR401C6200,SR401C6200,593.0,0.0,0.0,0.0,10,434.0,837.0,10,593.0,0.0,0.0,0.0,0.0,0.0,60
2023-05-11 09:06:16,SR401C6200,SR401C6200,593.0,0.0,0.0,0.0,1,435.5,835.5,1,593.0,0.0,0.0,0.0,0.0,0.0,60
2023-05-11 09:06:16,SR401C6200,SR401C6200,593.0,0.0,0.0,0.0,10,436.0,835.0,10,593.0,0.0,0.0,0.0,0.0,0.0,60
2023-05-11 09:06:17,SR401C6200,SR401C6200,593.0,0.0,0.0,0.0,1,437.5,833.5,1,593.0,0.0,0.0,0.0,0.0,0.0,60
2023-05-11 09:06:17,SR401C6200,SR401C6200,593.0,0.0,0.0,0.0,10,438.0,833.0,10,593.0,0.0,0.0,0.0,0.0,0.0,60
2023-05-11 09:06:17,SR401C6200,SR401C6200,593.0,0.0,0.0,0.0,1,437.5,833.5,1,593.0,0.0,0.0,0.0,0.0,0.0,60
2023-05-11 09:06:17,SR401C6200,SR401C6200,593.0,0.0,0.0,0.0,10,438.0,833.0,10,593.0,0.0,0.0,0.0,0.0,0.0,60
2023-05-11 09:23:51,SR401C6200,SR401C6200,593.0,0.0,0.0,0.0,1,439.5,831.5,1,593.0,0.0,0.0,0.0,0.0,0.0,60
2023-05-11 09:23:52,SR401C6200,SR401C6200,593.0,0.0,0.0,0.0,10,440.0,831.0,10,593.0,0.0,0.0,0.0,0.0,0.0,60
2023-05-11 09:23:53,SR401C6200,SR401C6200,593.0,0.0,0.0,0.0,1,441.5,829.5,1,593.0,0.0,0.0,0.0,0.0,0.0,60
2023-05-11 09:23:53,SR401C6200,SR401C6200,593.0,0.0,0.0,0.0,10,442.0,829.0,10,593.0,0.0,0.0,0.0,0.0,0.0,60
2023-05-11 09:23:54,SR401C6200,SR401C6200,593.0,0.0,0.0,0.0,1,443.5,827.5,1,593.0,0.0,0.0,0.0,0.0,0.0,60
2023-05-11 09:23:54,SR401C6200,SR401C6200,593.0,0.0,0.0,0.0,10,444.0,827.0,10,593.0,0.0,0.0,0.0,0.0,0.0,60
2023-05-11 09:23:55,SR401C6200,SR401C6200,593.0,0.0,0.0,0.0,1,445.5,825.5,1,593.0,0.0,0.0,0.0,0.0,0.0,60
2023-05-11 09:23:55,SR401C6200,SR401C6200,593.0,0.0,0.0,0.0,10,446.0,825.0,10,593.0,0.0,0.0,0.0,0.0,0.0,60
2023-05-11 09:23:56,SR401C6200,SR401C6200,593.0,0.0,0.0,0.0,1,447.5,823.5,1,593.0,0.0,0.0,0.0,0.0,0.0,60
2023-05-11 09:23:56,SR401C6200,SR401C6200,593.0,0.0,0.0,0.0,10,448.0,823.0,10,593.0,0.0,0.0,0.0,0.0,0.0,60
2023-05-11 09:43:51,SR401C6200,SR401C6200,593.0,0.0,0.0,0.0,1,449.5,821.5,1,593.0,0.0,0.0,0.0,0.0,0.0,60
2023-05-11 09:43:52,SR401C6200,SR401C6200,593.0,0.0,0.0,0.0,10,450.0,821.0,10,593.0,0.0,0.0,0.0,0.0,0.0,60
2023-05-11 09:43:53,SR401C6200,SR401C6200,593.0,0.0,0.0,0.0,1,451.5,819.5,1,593.0,0.0,0.0,0.0,0.0,0.0,60
2023-05-11 09:43:53,SR401C6200,SR401C6200,593.0,0.0,0.0,0.0,10,452.0,819.0,10,593.0,0.0,0.0,0.0,0.0,0.0,60
2023-05-11 09:43:53,SR401C6200,SR401C6200,593.0,0.0,0.0,0.0,1,453.5,817.5,1,593.0,0.0,0.0,0.0,0.0,0.0,60
2023-05-11 09:43:54,SR401C6200,SR401C6200,593.0,0.0,0.0,0.0,10,454.0,817.0,10,593.0,0.0,0.0,0.0,0.0,0.0,60
2023-05-11 09:43:54,SR401C6200,SR401C6200,593.0,0.0,0.0,0.0,1,455.5,815.5,1,593.0,0.0,0.0,0.0,0.0,0.0,60
2023-05-11 09:43:55,SR401C6200,SR401C6200,593.0,0.0,0.0,0.0,10,456.0,815.0,10,593.0,0.0,0.0,0.0,0.0,0.0,60
2023-05-11 09:43:56,SR401C6200,SR401C6200,593.0,0.0,0.0,0.0,1,457.5,813.5,1,593.0,0.0,0.0,0.0,0.0,0.0,60
2023-05-11 09:43:56,SR401C6200,SR401C6200,593.0,0.0,0.0,0.0,10,458.0,813.0,10,593.0,0.0,0.0,0.0,0.0,0.0,60
2023-05-11 10:03:51,SR401C6200,SR401C6200,593.0,0.0,0.0,0.0,1,459.5,811.5,1,593.0,0.0,0.0,0.0,0.0,0.0,60
2023-05-11 10:03:52,SR401C6200,SR401C6200,593.0,0.0,0.0,0.0,10,460.0,811.0,10,593.0,0.0,0.0,0.0,0.0,0.0,60
2023-05-11 10:03:52,SR401C6200,SR401C6200,593.0,0.0,0.0,0.0,1,461.5,809.5,1,593.0,0.0,0.0,0.0,0.0,0.0,60
2023-05-11 10:03:53,SR401C6200,SR401C6200,593.0,0.0,0.0,0.0,10,462.0,809.0,10,593.0,0.0,0.0,0.0,0.0,0.0,60
2023-05-11 10:03:53,SR401C6200,SR401C6200,593.0,0.0,0.0,0.0,1,463.5,807.5,1,593.0,0.0,0.0,0.0,0.0,0.0,60
2023-05-11 10:03:54,SR401C6200,SR401C6200,593.0,0.0,0.0,0.0,10,464.0,807.0,10,593.0,0.0,0.0,0.0,0.0,0.0,60
2023-05-11 10:03:54,SR401C6200,SR401C6200,593.0,0.0,0.0,0.0,1,465.5,805.5,1,593.0,0.0,0.0,0.0,0.0,0.0,60
2023-05-11 10:03:55,SR401C6200,SR401C6200,593.0,0.0,0.0,0.0,10,466.0,805.0,10,593.0,0.0,0.0,0.0,0.0,0.0,60
2023-05-11 10:03:55,SR401C6200,SR401C6200,593.0,0.0,0.0,0.0,1,467.5,803.5,1,593.0,0.0,0.0,0.0,0.0,0.0,60
2023-05-11 10:03:56,SR401C6200,SR401C6200,593.0,0.0,0.0,0.0,10,468.0,803.0,10,593.0,0.0,0.0,0.0,0.0,0.0,60
2023-05-11 10:14:33,SR401C6200,SR401C6200,593.0,0.0,0.0,0.0,1,259.5,0.0,0,593.0,0.0,0.0,0.0,0.0,0.0,60
2023-05-11 10:30:05,SR401C6200,SR401C6200,593.0,0.0,0.0,0.0,10,260.0,0.0,0,593.0,0.0,0.0,0.0,0.0,0.0,60
2023-05-11 10:32:02,SR401C6200,SR401C6200,593.0,0.0,0.0,0.0,1,261.5,993.5,1,593.0,0.0,0.0,0.0,0.0,0.0,60
2023-05-11 10:32:02,SR401C6200,SR401C6200,593.0,0.0,0.0,0.0,10,262.0,993.0,10,593.0,0.0,0.0,0.0,0.0,0.0,60
2023-05-11 10:32:04,SR401C6200,SR401C6200,593.0,0.0,0.0,0.0,1,263.5,991.5,1,593.0,0.0,0.0,0.0,0.0,0.0,60
2023-05-11 10:32:04,SR401C6200,SR401C6200,593.0,0.0,0.0,0.0,10,264.0,991.0,10,593.0,0.0,0.0,0.0,0.0,0.0,60
2023-05-11 10:32:05,SR401C6200,SR401C6200,593.0,0.0,0.0,0.0,1,265.5,989.5,1,593.0,0.0,0.0,0.0,0.0,0.0,60
2023-05-11 10:32:05,SR401C6200,SR401C6200,593.0,0.0,0.0,0.0,10,266.0,989.0,10,593.0,0.0,0.0,0.0,0.0,0.0,60
2023-05-11 10:32:11,SR401C6200,SR401C6200,593.0,0.0,0.0,0.0,1,267.5,989.0,10,593.0,0.0,0.0,0.0,0.0,0.0,60
2023-05-11 10:32:11,SR401C6200,SR401C6200,593.0,0.0,0.0,0.0,10,268.0,989.0,10,593.0,0.0,0.0,0.0,0.0,0.0,60
2023-05-11 11:29:33,SR401C6200,SR401C6200,593.0,0.0,0.0,0.0,1,259.5,0.0,0,593.0,0.0,0.0,0.0,0.0,0.0,60
2023-05-11 11:29:37,SR401C6200,SR401C6200,593.0,0.0,0.0,0.0,10,260.0,0.0,0,593.0,0.0,0.0,0.0,0.0,0.0,60
2023-05-11 11:29:39,SR401C6200,SR401C6200,593.0,0.0,0.0,0.0,1,259.5,0.0,0,593.0,0.0,0.0,0.0,0.0,0.0,60
2023-05-11 13:30:09,SR401C6200,SR401C6200,593.0,0.0,0.0,0.0,10,260.0,0.0,0,593.0,0.0,0.0,0.0,0.0,0.0,60
2023-05-11 13:47:17,SR401C6200,SR401C6200,593.0,0.0,0.0,0.0,3,607.0,621.0,3,593.0,0.0,0.0,0.0,0.0,0.0,60
2023-05-11 13:47:17,SR401C6200,SR401C6200,593.0,0.0,0.0,0.0,6,607.0,621.0,6,593.0,0.0,0.0,0.0,0.0,0.0,60
2023-05-11 13:47:29,SR401C6200,SR401C6200,593.0,0.0,0.0,0.0,3,607.0,621.0,3,593.0,0.0,0.0,0.0,0.0,0.0,60
2023-05-11 13:47:30,SR401C6200,SR401C6200,593.0,0.0,0.0,0.0,3,606.5,621.5,9,593.0,0.0,0.0,0.0,0.0,0.0,60
2023-05-11 13:47:31,SR401C6200,SR401C6200,593.0,0.0,0.0,0.0,3,606.5,621.5,12,593.0,0.0,0.0,0.0,0.0,0.0,60
2023-05-11 13:47:36,SR401C6200,SR401C6200,593.0,0.0,0.0,0.0,9,605.5,621.5,9,593.0,0.0,0.0,0.0,0.0,0.0,60
2023-05-11 13:47:38,SR401C6200,SR401C6200,593.0,0.0,0.0,0.0,6,605.5,621.5,9,593.0,0.0,0.0,0.0,0.0,0.0,60
2023-05-11 13:47:39,SR401C6200,SR401C6200,593.0,0.0,0.0,0.0,3,605.5,621.5,6,593.0,0.0,0.0,0.0,0.0,0.0,60
2023-05-11 13:47:41,SR401C6200,SR401C6200,593.0,0.0,0.0,0.0,3,604.5,621.5,3,593.0,0.0,0.0,0.0,0.0,0.0,60
2023-05-11 13:47:43,SR401C6200,SR401C6200,593.0,0.0,0.0,0.0,3,601.5,621.5,3,593.0,0.0,0.0,0.0,0.0,0.0,60
2023-05-11 13:47:43,SR401C6200,SR401C6200,593.0,0.0,0.0,0.0,10,260.0,0.0,0,593.0,0.0,0.0,0.0,0.0,0.0,60
2023-05-11 13:47:43,SR401C6200,SR401C6200,593.0,0.0,0.0,0.0,3,601.5,621.5,3,593.0,0.0,0.0,0.0,0.0,0.0,60
2023-05-11 13:47:43,SR401C6200,SR401C6200,593.0,0.0,0.0,0.0,10,260.0,0.0,0,593.0,0.0,0.0,0.0,0.0,0.0,60
2023-05-11 14:59:03,SR401C6200,SR401C6200,593.0,0.0,0.0,0.0,1,259.5,0.0,0,593.0,0.0,0.0,0.0,0.0,0.0,60
