time,symbol_id,symbol_name,last,trade_volume,trade_amount,open_interest_change,bv1,bp1,ap1,av1,yesterday_close,today_open,today_high,today_low,volume,amount,open_interest
2023-05-10 19:12:58,SR401C6300,SR401C6300,523.5,0.0,0.0,0.0,0,0.0,0.0,0,523.5,0.0,0.0,0.0,0.0,0.0,79
2023-05-10 21:00:07,SR401C6300,SR401C6300,523.5,0.0,0.0,0.0,1,201.0,0.0,0,523.5,0.0,0.0,0.0,0.0,0.0,79
2023-05-10 21:00:07,SR401C6300,SR401C6300,523.5,0.0,0.0,0.0,10,201.5,0.0,0,523.5,0.0,0.0,0.0,0.0,0.0,79
2023-05-10 21:00:07,SR401C6300,SR401C6300,523.5,0.0,0.0,0.0,1,201.0,0.0,0,523.5,0.0,0.0,0.0,0.0,0.0,79
2023-05-10 21:00:07,SR401C6300,SR401C6300,523.5,0.0,0.0,0.0,10,201.5,0.0,0,523.5,0.0,0.0,0.0,0.0,0.0,79
2023-05-10 21:01:10,SR401C6300,SR401C6300,523.5,0.0,0.0,0.0,1,202.0,0.0,0,523.5,0.0,0.0,0.0,0.0,0.0,79
2023-05-10 21:01:11,SR401C6300,SR401C6300,523.5,0.0,0.0,0.0,10,204.0,0.0,0,523.5,0.0,0.0,0.0,0.0,0.0,79
2023-05-10 21:01:11,SR401C6300,SR401C6300,523.5,0.0,0.0,0.0,1,205.5,0.0,0,523.5,0.0,0.0,0.0,0.0,0.0,79
2023-05-10 21:01:12,SR401C6300,SR401C6300,523.5,0.0,0.0,0.0,10,206.0,0.0,0,523.5,0.0,0.0,0.0,0.0,0.0,79
2023-05-10 21:01:13,SR401C6300,SR401C6300,523.5,0.0,0.0,0.0,1,207.5,923.5,10,523.5,0.0,0.0,0.0,0.0,0.0,79
2023-05-10 21:01:14,SR401C6300,SR401C6300,523.5,0.0,0.0,0.0,10,208.0,922.0,1,523.5,0.0,0.0,0.0,0.0,0.0,79
2023-05-10 21:01:14,SR401C6300,SR401C6300,523.5,0.0,0.0,0.0,1,209.5,921.5,10,523.5,0.0,0.0,0.0,0.0,0.0,79
2023-05-10 21:01:15,SR401C6300,SR401C6300,523.5,0.0,0.0,0.0,10,210.0,921.5,10,523.5,0.0,0.0,0.0,0.0,0.0,79
2023-05-10 21:01:15,SR401C6300,SR401C6300,523.5,0.0,0.0,0.0,1,211.5,920.0,1,523.5,0.0,0.0,0.0,0.0,0.0,79
2023-05-10 21:01:16,SR401C6300,SR401C6300,523.5,0.0,0.0,0.0,10,212.0,919.5,10,523.5,0.0,0.0,0.0,0.0,0.0,79
2023-05-10 21:01:17,SR401C6300,SR401C6300,523.5,0.0,0.0,0.0,1,212.5,919.5,10,523.5,0.0,0.0,0.0,0.0,0.0,79
2023-05-10 21:01:17,SR401C6300,SR401C6300,523.5,0.0,0.0,0.0,10,213.0,919.5,10,523.5,0.0,0.0,0.0,0.0,0.0,79
2023-05-10 21:01:18,SR401C6300,SR401C6300,523.5,0.0,0.0,0.0,1,213.5,919.5,10,523.5,0.0,0.0,0.0,0.0,0.0,79
2023-05-10 21:01:18,SR401C6300,SR401C6300,523.5,0.0,0.0,0.0,10,215.5,918.0,1,523.5,0.0,0.0,0.0,0.0,0.0,79
2023-05-10 21:01:19,SR401C6300,SR401C6300,523.5,0.0,0.0,0.0,1,216.0,917.5,10,523.5,0.0,0.0,0.0,0.0,0.0,79
2023-05-10 21:01:19,SR401C6300,SR401C6300,523.5,0.0,0.0,0.0,10,216.5,917.5,10,523.5,0.0,0.0,0.0,0.0,0.0,79
2023-05-10 21:01:20,SR401C6300,SR401C6300,523.5,0.0,0.0,0.0,1,218.0,916.0,1,523.5,0.0,0.0,0.0,0.0,0.0,79
2023-05-10 21:01:20,SR401C6300,SR401C6300,523.5,0.0,0.0,0.0,10,218.5,915.5,10,523.5,0.0,0.0,0.0,0.0,0.0,79
2023-05-10 21:01:21,SR401C6300,SR401C6300,523.5,0.0,0.0,0.0,11,218.5,915.5,10,523.5,0.0,0.0,0.0,0.0,0.0,79
2023-05-10 21:01:21,SR401C6300,SR401C6300,523.5,0.0,0.0,0.0,1,220.0,914.0,1,523.5,0.0,0.0,0.0,0.0,0.0,79
2023-05-10 21:01:22,SR401C6300,SR401C6300,523.5,0.0,0.0,0.0,10,220.5,913.5,10,523.5,0.0,0.0,0.0,0.0,0.0,79
2023-05-10 21:01:22,SR401C6300,SR401C6300,523.5,0.0,0.0,0.0,1,222.0,912.0,1,523.5,0.0,0.0,0.0,0.0,0.0,79
2023-05-10 21:01:23,SR401C6300,SR401C6300,523.5,0.0,0.0,0.0,11,222.5,911.5,10,523.5,0.0,0.0,0.0,0.0,0.0,79
2023-05-10 21:01:23,SR401C6300,SR401C6300,523.5,0.0,0.0,0.0,1,224.0,910.0,1,523.5,0.0,0.0,0.0,0.0,0.0,79
2023-05-10 21:01:24,SR401C6300,SR401C6300,523.5,0.0,0.0,0.0,11,224.5,909.5,10,523.5,0.0,0.0,0.0,0.0,0.0,79
2023-05-10 21:01:24,SR401C6300,SR401C6300,523.5,0.0,0.0,0.0,1,226.0,908.0,1,523.5,0.0,0.0,0.0,0.0,0.0,79
2023-05-10 21:01:25,SR401C6300,SR401C6300,523.5,0.0,0.0,0.0,10,226.5,907.5,10,523.5,0.0,0.0,0.0,0.0,0.0,79
2023-05-10 21:01:25,SR401C6300,SR401C6300,523.5,0.0,0.0,0.0,1,228.0,906.0,1,523.5,0.0,0.0,0.0,0.0,0.0,79
2023-05-10 21:01:26,SR401C6300,SR401C6300,523.5,0.0,0.0,0.0,10,228.5,905.5,10,523.5,0.0,0.0,0.0,0.0,0.0,79
2023-05-10 21:01:27,SR401C6300,SR401C6300,523.5,0.0,0.0,0.0,1,230.0,904.0,1,523.5,0.0,0.0,0.0,0.0,0.0,79
2023-05-10 21:01:28,SR401C6300,SR401C6300,523.5,0.0,0.0,0.0,10,230.5,903.5,10,523.5,0.0,0.0,0.0,0.0,0.0,79
2023-05-10 21:01:28,SR401C6300,SR401C6300,523.5,0.0,0.0,0.0,1,232.0,902.0,1,523.5,0.0,0.0,0.0,0.0,0.0,79
2023-05-10 21:01:29,SR401C6300,SR401C6300,523.5,0.0,0.0,0.0,10,232.5,901.5,10,523.5,0.0,0.0,0.0,0.0,0.0,79
2023-05-10 21:01:30,SR401C6300,SR401C6300,523.5,0.0,0.0,0.0,1,234.0,900.0,1,523.5,0.0,0.0,0.0,0.0,0.0,79
2023-05-10 21:01:31,SR401C6300,SR401C6300,523.5,0.0,0.0,0.0,10,234.5,899.5,10,523.5,0.0,0.0,0.0,0.0,0.0,79
2023-05-10 21:01:31,SR401C6300,SR401C6300,523.5,0.0,0.0,0.0,1,236.0,898.0,1,523.5,0.0,0.0,0.0,0.0,0.0,79
2023-05-10 21:01:32,SR401C6300,SR401C6300,523.5,0.0,0.0,0.0,10,236.5,897.5,10,523.5,0.0,0.0,0.0,0.0,0.0,79
2023-05-10 21:01:33,SR401C6300,SR401C6300,523.5,0.0,0.0,0.0,1,238.0,897.5,10,523.5,0.0,0.0,0.0,0.0,0.0,79
2023-05-10 21:01:34,SR401C6300,SR401C6300,523.5,0.0,0.0,0.0,10,238.5,896.0,1,523.5,0.0,0.0,0.0,0.0,0.0,79
2023-05-10 21:01:34,SR401C6300,SR401C6300,523.5,0.0,0.0,0.0,1,240.0,895.5,10,523.5,0.0,0.0,0.0,0.0,0.0,79
2023-05-10 21:01:35,SR401C6300,SR401C6300,523.5,0.0,0.0,0.0,10,240.5,894.0,1,523.5,0.0,0.0,0.0,0.0,0.0,79
2023-05-10 21:01:35,SR401C6300,SR401C6300,523.5,0.0,0.0,0.0,10,240.5,893.5,10,523.5,0.0,0.0,0.0,0.0,0.0,79
2023-05-10 21:01:36,SR401C6300,SR401C6300,523.5,0.0,0.0,0.0,1,242.0,892.0,1,523.5,0.0,0.0,0.0,0.0,0.0,79
2023-05-10 21:01:36,SR401C6300,SR401C6300,523.5,0.0,0.0,0.0,10,242.5,891.5,10,523.5,0.0,0.0,0.0,0.0,0.0,79
2023-05-10 21:01:39,SR401C6300,SR401C6300,523.5,0.0,0.0,0.0,1,244.0,890.0,1,523.5,0.0,0.0,0.0,0.0,0.0,79
2023-05-10 21:01:39,SR401C6300,SR401C6300,523.5,0.0,0.0,0.0,10,244.5,889.5,10,523.5,0.0,0.0,0.0,0.0,0.0,79
2023-05-10 21:01:42,SR401C6300,SR401C6300,523.5,0.0,0.0,0.0,1,246.0,888.0,1,523.5,0.0,0.0,0.0,0.0,0.0,79
2023-05-10 21:01:42,SR401C6300,SR401C6300,523.5,0.0,0.0,0.0,10,246.5,887.5,10,523.5,0.0,0.0,0.0,0.0,0.0,79
2023-05-10 21:01:44,SR401C6300,SR401C6300,523.5,0.0,0.0,0.0,1,248.0,886.0,1,523.5,0.0,0.0,0.0,0.0,0.0,79
2023-05-10 21:01:44,SR401C6300,SR401C6300,523.5,0.0,0.0,0.0,10,248.5,885.5,10,523.5,0.0,0.0,0.0,0.0,0.0,79
2023-05-10 21:01:45,SR401C6300,SR401C6300,523.5,0.0,0.0,0.0,1,250.0,884.0,1,523.5,0.0,0.0,0.0,0.0,0.0,79
2023-05-10 21:01:45,SR401C6300,SR401C6300,523.5,0.0,0.0,0.0,10,250.5,883.5,10,523.5,0.0,0.0,0.0,0.0,0.0,79
2023-05-10 21:01:46,SR401C6300,SR401C6300,523.5,0.0,0.0,0.0,1,252.0,882.0,1,523.5,0.0,0.0,0.0,0.0,0.0,79
2023-05-10 21:01:46,SR401C6300,SR401C6300,523.5,0.0,0.0,0.0,10,252.5,881.5,10,523.5,0.0,0.0,0.0,0.0,0.0,79
2023-05-10 21:01:47,SR401C6300,SR401C6300,523.5,0.0,0.0,0.0,1,254.0,880.0,1,523.5,0.0,0.0,0.0,0.0,0.0,79
2023-05-10 21:01:47,SR401C6300,SR401C6300,523.5,0.0,0.0,0.0,10,254.5,879.5,10,523.5,0.0,0.0,0.0,0.0,0.0,79
2023-05-10 21:01:49,SR401C6300,SR401C6300,523.5,0.0,0.0,0.0,1,256.0,878.0,1,523.5,0.0,0.0,0.0,0.0,0.0,79
2023-05-10 21:01:49,SR401C6300,SR401C6300,523.5,0.0,0.0,0.0,10,256.5,877.5,10,523.5,0.0,0.0,0.0,0.0,0.0,79
2023-05-10 21:01:50,SR401C6300,SR401C6300,523.5,0.0,0.0,0.0,1,258.0,876.0,1,523.5,0.0,0.0,0.0,0.0,0.0,79
2023-05-10 21:01:50,SR401C6300,SR401C6300,523.5,0.0,0.0,0.0,10,258.5,875.5,10,523.5,0.0,0.0,0.0,0.0,0.0,79
2023-05-10 21:01:51,SR401C6300,SR401C6300,523.5,0.0,0.0,0.0,1,260.0,874.0,1,523.5,0.0,0.0,0.0,0.0,0.0,79
2023-05-10 21:01:51,SR401C6300,SR401C6300,523.5,0.0,0.0,0.0,10,260.5,873.5,10,523.5,0.0,0.0,0.0,0.0,0.0,79
2023-05-10 21:01:53,SR401C6300,SR401C6300,523.5,0.0,0.0,0.0,1,262.0,872.0,1,523.5,0.0,0.0,0.0,0.0,0.0,79
2023-05-10 21:01:53,SR401C6300,SR401C6300,523.5,0.0,0.0,0.0,10,262.5,871.5,10,523.5,0.0,0.0,0.0,0.0,0.0,79
2023-05-10 21:01:56,SR401C6300,SR401C6300,523.5,0.0,0.0,0.0,1,264.0,870.0,1,523.5,0.0,0.0,0.0,0.0,0.0,79
2023-05-10 21:01:56,SR401C6300,SR401C6300,523.5,0.0,0.0,0.0,10,264.5,869.5,10,523.5,0.0,0.0,0.0,0.0,0.0,79
2023-05-10 21:02:00,SR401C6300,SR401C6300,523.5,0.0,0.0,0.0,1,266.0,868.0,1,523.5,0.0,0.0,0.0,0.0,0.0,79
2023-05-10 21:02:01,SR401C6300,SR401C6300,523.5,0.0,0.0,0.0,10,266.5,867.5,10,523.5,0.0,0.0,0.0,0.0,0.0,79
2023-05-10 21:02:02,SR401C6300,SR401C6300,523.5,0.0,0.0,0.0,1,268.0,866.0,1,523.5,0.0,0.0,0.0,0.0,0.0,79
2023-05-10 21:02:02,SR401C6300,SR401C6300,523.5,0.0,0.0,0.0,10,268.5,865.5,10,523.5,0.0,0.0,0.0,0.0,0.0,79
2023-05-10 21:02:06,SR401C6300,SR401C6300,523.5,0.0,0.0,0.0,1,270.0,864.0,1,523.5,0.0,0.0,0.0,0.0,0.0,79
2023-05-10 21:02:06,SR401C6300,SR401C6300,523.5,0.0,0.0,0.0,10,270.5,863.5,10,523.5,0.0,0.0,0.0,0.0,0.0,79
2023-05-10 21:02:13,SR401C6300,SR401C6300,523.5,0.0,0.0,0.0,1,272.0,862.0,1,523.5,0.0,0.0,0.0,0.0,0.0,79
2023-05-10 21:02:13,SR401C6300,SR401C6300,523.5,0.0,0.0,0.0,10,272.5,861.5,10,523.5,0.0,0.0,0.0,0.0,0.0,79
2023-05-10 21:02:17,SR401C6300,SR401C6300,523.5,0.0,0.0,0.0,1,274.0,860.0,1,523.5,0.0,0.0,0.0,0.0,0.0,79
2023-05-10 21:02:17,SR401C6300,SR401C6300,523.5,0.0,0.0,0.0,10,274.5,859.5,10,523.5,0.0,0.0,0.0,0.0,0.0,79
2023-05-10 21:02:20,SR401C6300,SR401C6300,523.5,0.0,0.0,0.0,1,276.0,858.0,1,523.5,0.0,0.0,0.0,0.0,0.0,79
2023-05-10 21:02:20,SR401C6300,SR401C6300,523.5,0.0,0.0,0.0,10,276.5,857.5,10,523.5,0.0,0.0,0.0,0.0,0.0,79
2023-05-10 21:02:21,SR401C6300,SR401C6300,523.5,0.0,0.0,0.0,1,278.0,856.0,1,523.5,0.0,0.0,0.0,0.0,0.0,79
2023-05-10 21:02:21,SR401C6300,SR401C6300,523.5,0.0,0.0,0.0,10,278.5,855.5,10,523.5,0.0,0.0,0.0,0.0,0.0,79
2023-05-10 21:02:24,SR401C6300,SR401C6300,523.5,0.0,0.0,0.0,1,280.0,854.0,1,523.5,0.0,0.0,0.0,0.0,0.0,79
2023-05-10 21:02:24,SR401C6300,SR401C6300,523.5,0.0,0.0,0.0,10,280.5,853.5,10,523.5,0.0,0.0,0.0,0.0,0.0,79
2023-05-10 21:02:28,SR401C6300,SR401C6300,523.5,0.0,0.0,0.0,1,282.0,852.0,1,523.5,0.0,0.0,0.0,0.0,0.0,79
2023-05-10 21:02:28,SR401C6300,SR401C6300,523.5,0.0,0.0,0.0,10,282.5,851.5,10,523.5,0.0,0.0,0.0,0.0,0.0,79
2023-05-10 21:02:33,SR401C6300,SR401C6300,523.5,0.0,0.0,0.0,1,284.0,851.5,10,523.5,0.0,0.0,0.0,0.0,0.0,79
2023-05-10 21:02:33,SR401C6300,SR401C6300,523.5,0.0,0.0,0.0,10,284.5,851.5,10,523.5,0.0,0.0,0.0,0.0,0.0,79
2023-05-10 21:02:34,SR401C6300,SR401C6300,523.5,0.0,0.0,0.0,1,286.0,850.0,1,523.5,0.0,0.0,0.0,0.0,0.0,79
2023-05-10 21:02:34,SR401C6300,SR401C6300,523.5,0.0,0.0,0.0,10,286.5,849.5,10,523.5,0.0,0.0,0.0,0.0,0.0,79
2023-05-10 21:02:38,SR401C6300,SR401C6300,523.5,0.0,0.0,0.0,1,288.0,848.0,1,523.5,0.0,0.0,0.0,0.0,0.0,79
2023-05-10 21:02:38,SR401C6300,SR401C6300,523.5,0.0,0.0,0.0,10,288.5,847.5,10,523.5,0.0,0.0,0.0,0.0,0.0,79
2023-05-10 21:02:40,SR401C6300,SR401C6300,523.5,0.0,0.0,0.0,1,290.0,846.0,1,523.5,0.0,0.0,0.0,0.0,0.0,79
2023-05-10 21:02:40,SR401C6300,SR401C6300,523.5,0.0,0.0,0.0,10,290.5,845.5,10,523.5,0.0,0.0,0.0,0.0,0.0,79
2023-05-10 21:02:46,SR401C6300,SR401C6300,523.5,0.0,0.0,0.0,1,292.0,844.0,1,523.5,0.0,0.0,0.0,0.0,0.0,79
2023-05-10 21:02:46,SR401C6300,SR401C6300,523.5,0.0,0.0,0.0,10,292.5,843.5,10,523.5,0.0,0.0,0.0,0.0,0.0,79
2023-05-10 21:02:49,SR401C6300,SR401C6300,523.5,0.0,0.0,0.0,1,294.0,842.0,1,523.5,0.0,0.0,0.0,0.0,0.0,79
2023-05-10 21:02:49,SR401C6300,SR401C6300,523.5,0.0,0.0,0.0,10,294.5,841.5,10,523.5,0.0,0.0,0.0,0.0,0.0,79
2023-05-10 21:02:52,SR401C6300,SR401C6300,523.5,0.0,0.0,0.0,1,296.0,840.0,1,523.5,0.0,0.0,0.0,0.0,0.0,79
2023-05-10 21:02:52,SR401C6300,SR401C6300,523.5,0.0,0.0,0.0,10,296.5,839.5,10,523.5,0.0,0.0,0.0,0.0,0.0,79
2023-05-10 21:02:56,SR401C6300,SR401C6300,523.5,0.0,0.0,0.0,1,298.0,838.0,1,523.5,0.0,0.0,0.0,0.0,0.0,79
2023-05-10 21:02:56,SR401C6300,SR401C6300,523.5,0.0,0.0,0.0,10,298.5,837.5,10,523.5,0.0,0.0,0.0,0.0,0.0,79
2023-05-10 21:02:58,SR401C6300,SR401C6300,523.5,0.0,0.0,0.0,1,300.0,836.0,1,523.5,0.0,0.0,0.0,0.0,0.0,79
2023-05-10 21:02:58,SR401C6300,SR401C6300,523.5,0.0,0.0,0.0,10,300.5,835.5,10,523.5,0.0,0.0,0.0,0.0,0.0,79
2023-05-10 21:03:05,SR401C6300,SR401C6300,523.5,0.0,0.0,0.0,1,302.0,834.0,1,523.5,0.0,0.0,0.0,0.0,0.0,79
2023-05-10 21:03:05,SR401C6300,SR401C6300,523.5,0.0,0.0,0.0,10,302.5,833.5,10,523.5,0.0,0.0,0.0,0.0,0.0,79
2023-05-10 21:03:07,SR401C6300,SR401C6300,523.5,0.0,0.0,0.0,1,304.0,832.0,1,523.5,0.0,0.0,0.0,0.0,0.0,79
2023-05-10 21:03:07,SR401C6300,SR401C6300,523.5,0.0,0.0,0.0,10,304.5,831.5,10,523.5,0.0,0.0,0.0,0.0,0.0,79
2023-05-10 21:03:10,SR401C6300,SR401C6300,523.5,0.0,0.0,0.0,1,306.0,830.0,1,523.5,0.0,0.0,0.0,0.0,0.0,79
2023-05-10 21:03:10,SR401C6300,SR401C6300,523.5,0.0,0.0,0.0,10,306.5,829.5,10,523.5,0.0,0.0,0.0,0.0,0.0,79
2023-05-10 21:03:14,SR401C6300,SR401C6300,523.5,0.0,0.0,0.0,1,308.0,828.0,1,523.5,0.0,0.0,0.0,0.0,0.0,79
2023-05-10 21:03:14,SR401C6300,SR401C6300,523.5,0.0,0.0,0.0,10,308.5,827.5,10,523.5,0.0,0.0,0.0,0.0,0.0,79
2023-05-10 21:03:20,SR401C6300,SR401C6300,523.5,0.0,0.0,0.0,1,310.0,826.0,1,523.5,0.0,0.0,0.0,0.0,0.0,79
2023-05-10 21:03:20,SR401C6300,SR401C6300,523.5,0.0,0.0,0.0,10,310.5,825.5,10,523.5,0.0,0.0,0.0,0.0,0.0,79
2023-05-10 21:03:21,SR401C6300,SR401C6300,523.5,0.0,0.0,0.0,1,312.0,824.0,1,523.5,0.0,0.0,0.0,0.0,0.0,79
2023-05-10 21:03:21,SR401C6300,SR401C6300,523.5,0.0,0.0,0.0,10,312.5,823.5,10,523.5,0.0,0.0,0.0,0.0,0.0,79
2023-05-10 21:03:22,SR401C6300,SR401C6300,523.5,0.0,0.0,0.0,1,314.0,822.0,1,523.5,0.0,0.0,0.0,0.0,0.0,79
2023-05-10 21:03:22,SR401C6300,SR401C6300,523.5,0.0,0.0,0.0,10,314.5,821.5,10,523.5,0.0,0.0,0.0,0.0,0.0,79
2023-05-10 21:03:25,SR401C6300,SR401C6300,523.5,0.0,0.0,0.0,1,316.0,820.0,1,523.5,0.0,0.0,0.0,0.0,0.0,79
2023-05-10 21:03:25,SR401C6300,SR401C6300,523.5,0.0,0.0,0.0,10,316.5,819.5,10,523.5,0.0,0.0,0.0,0.0,0.0,79
2023-05-10 21:03:27,SR401C6300,SR401C6300,523.5,0.0,0.0,0.0,1,318.0,818.0,1,523.5,0.0,0.0,0.0,0.0,0.0,79
2023-05-10 21:03:27,SR401C6300,SR401C6300,523.5,0.0,0.0,0.0,10,318.5,817.5,10,523.5,0.0,0.0,0.0,0.0,0.0,79
2023-05-10 21:03:29,SR401C6300,SR401C6300,523.5,0.0,0.0,0.0,1,320.0,816.0,1,523.5,0.0,0.0,0.0,0.0,0.0,79
2023-05-10 21:03:29,SR401C6300,SR401C6300,523.5,0.0,0.0,0.0,10,320.5,815.5,10,523.5,0.0,0.0,0.0,0.0,0.0,79
2023-05-10 21:03:33,SR401C6300,SR401C6300,523.5,0.0,0.0,0.0,1,322.0,814.0,1,523.5,0.0,0.0,0.0,0.0,0.0,79
2023-05-10 21:03:33,SR401C6300,SR401C6300,523.5,0.0,0.0,0.0,10,322.5,813.5,10,523.5,0.0,0.0,0.0,0.0,0.0,79
2023-05-10 21:03:35,SR401C6300,SR401C6300,523.5,0.0,0.0,0.0,1,324.0,813.5,10,523.5,0.0,0.0,0.0,0.0,0.0,79
2023-05-10 21:03:35,SR401C6300,SR401C6300,523.5,0.0,0.0,0.0,10,324.5,813.5,10,523.5,0.0,0.0,0.0,0.0,0.0,79
2023-05-10 21:03:37,SR401C6300,SR401C6300,523.5,0.0,0.0,0.0,1,326.0,812.0,1,523.5,0.0,0.0,0.0,0.0,0.0,79
2023-05-10 21:03:37,SR401C6300,SR401C6300,523.5,0.0,0.0,0.0,10,326.5,811.5,10,523.5,0.0,0.0,0.0,0.0,0.0,79
2023-05-10 21:03:41,SR401C6300,SR401C6300,523.5,0.0,0.0,0.0,1,328.0,810.0,1,523.5,0.0,0.0,0.0,0.0,0.0,79
2023-05-10 21:03:41,SR401C6300,SR401C6300,523.5,0.0,0.0,0.0,10,328.5,809.5,10,523.5,0.0,0.0,0.0,0.0,0.0,79
2023-05-10 21:03:48,SR401C6300,SR401C6300,523.5,0.0,0.0,0.0,1,330.0,808.0,1,523.5,0.0,0.0,0.0,0.0,0.0,79
2023-05-10 21:03:48,SR401C6300,SR401C6300,523.5,0.0,0.0,0.0,10,330.5,807.5,10,523.5,0.0,0.0,0.0,0.0,0.0,79
2023-05-10 21:03:55,SR401C6300,SR401C6300,523.5,0.0,0.0,0.0,1,332.0,806.0,1,523.5,0.0,0.0,0.0,0.0,0.0,79
2023-05-10 21:03:55,SR401C6300,SR401C6300,523.5,0.0,0.0,0.0,10,332.5,805.5,10,523.5,0.0,0.0,0.0,0.0,0.0,79
2023-05-10 21:03:59,SR401C6300,SR401C6300,523.5,0.0,0.0,0.0,1,334.0,805.5,10,523.5,0.0,0.0,0.0,0.0,0.0,79
2023-05-10 21:03:59,SR401C6300,SR401C6300,523.5,0.0,0.0,0.0,10,334.5,805.5,10,523.5,0.0,0.0,0.0,0.0,0.0,79
2023-05-10 21:04:04,SR401C6300,SR401C6300,523.5,0.0,0.0,0.0,1,336.0,804.0,1,523.5,0.0,0.0,0.0,0.0,0.0,79
2023-05-10 21:04:04,SR401C6300,SR401C6300,523.5,0.0,0.0,0.0,10,336.5,803.5,10,523.5,0.0,0.0,0.0,0.0,0.0,79
2023-05-10 21:04:08,SR401C6300,SR401C6300,523.5,0.0,0.0,0.0,1,338.0,802.0,1,523.5,0.0,0.0,0.0,0.0,0.0,79
2023-05-10 21:04:08,SR401C6300,SR401C6300,523.5,0.0,0.0,0.0,10,338.5,801.5,10,523.5,0.0,0.0,0.0,0.0,0.0,79
2023-05-10 21:04:12,SR401C6300,SR401C6300,523.5,0.0,0.0,0.0,1,340.0,800.0,1,523.5,0.0,0.0,0.0,0.0,0.0,79
2023-05-10 21:04:12,SR401C6300,SR401C6300,523.5,0.0,0.0,0.0,10,340.5,799.5,10,523.5,0.0,0.0,0.0,0.0,0.0,79
2023-05-10 21:04:16,SR401C6300,SR401C6300,523.5,0.0,0.0,0.0,1,342.0,798.0,1,523.5,0.0,0.0,0.0,0.0,0.0,79
2023-05-10 21:04:16,SR401C6300,SR401C6300,523.5,0.0,0.0,0.0,10,342.5,797.5,10,523.5,0.0,0.0,0.0,0.0,0.0,79
2023-05-10 21:04:20,SR401C6300,SR401C6300,523.5,0.0,0.0,0.0,1,344.0,796.0,1,523.5,0.0,0.0,0.0,0.0,0.0,79
2023-05-10 21:04:20,SR401C6300,SR401C6300,523.5,0.0,0.0,0.0,10,344.5,795.5,10,523.5,0.0,0.0,0.0,0.0,0.0,79
2023-05-10 21:04:21,SR401C6300,SR401C6300,523.5,0.0,0.0,0.0,1,346.0,794.0,1,523.5,0.0,0.0,0.0,0.0,0.0,79
2023-05-10 21:04:21,SR401C6300,SR401C6300,523.5,0.0,0.0,0.0,10,346.5,793.5,10,523.5,0.0,0.0,0.0,0.0,0.0,79
2023-05-10 21:04:22,SR401C6300,SR401C6300,523.5,0.0,0.0,0.0,1,348.0,792.0,1,523.5,0.0,0.0,0.0,0.0,0.0,79
2023-05-10 21:04:22,SR401C6300,SR401C6300,523.5,0.0,0.0,0.0,10,348.5,791.5,10,523.5,0.0,0.0,0.0,0.0,0.0,79
2023-05-10 21:04:23,SR401C6300,SR401C6300,523.5,0.0,0.0,0.0,10,348.5,790.0,1,523.5,0.0,0.0,0.0,0.0,0.0,79
2023-05-10 21:04:23,SR401C6300,SR401C6300,523.5,0.0,0.0,0.0,10,348.5,789.5,10,523.5,0.0,0.0,0.0,0.0,0.0,79
2023-05-10 21:04:24,SR401C6300,SR401C6300,523.5,0.0,0.0,0.0,1,350.0,788.0,1,523.5,0.0,0.0,0.0,0.0,0.0,79
2023-05-10 21:04:24,SR401C6300,SR401C6300,523.5,0.0,0.0,0.0,10,350.5,787.5,10,523.5,0.0,0.0,0.0,0.0,0.0,79
2023-05-10 21:04:25,SR401C6300,SR401C6300,523.5,0.0,0.0,0.0,1,352.0,786.0,1,523.5,0.0,0.0,0.0,0.0,0.0,79
2023-05-10 21:04:25,SR401C6300,SR401C6300,523.5,0.0,0.0,0.0,10,352.5,785.5,10,523.5,0.0,0.0,0.0,0.0,0.0,79
2023-05-10 21:04:27,SR401C6300,SR401C6300,523.5,0.0,0.0,0.0,1,354.0,784.0,1,523.5,0.0,0.0,0.0,0.0,0.0,79
2023-05-10 21:04:27,SR401C6300,SR401C6300,523.5,0.0,0.0,0.0,10,354.5,783.5,10,523.5,0.0,0.0,0.0,0.0,0.0,79
2023-05-10 21:04:33,SR401C6300,SR401C6300,523.5,0.0,0.0,0.0,1,356.0,782.0,1,523.5,0.0,0.0,0.0,0.0,0.0,79
2023-05-10 21:04:33,SR401C6300,SR401C6300,523.5,0.0,0.0,0.0,10,356.5,781.5,10,523.5,0.0,0.0,0.0,0.0,0.0,79
2023-05-10 21:04:38,SR401C6300,SR401C6300,523.5,0.0,0.0,0.0,1,358.0,781.5,10,523.5,0.0,0.0,0.0,0.0,0.0,79
2023-05-10 21:04:38,SR401C6300,SR401C6300,523.5,0.0,0.0,0.0,10,358.5,781.5,10,523.5,0.0,0.0,0.0,0.0,0.0,79
2023-05-10 21:04:41,SR401C6300,SR401C6300,523.5,0.0,0.0,0.0,1,360.0,781.5,10,523.5,0.0,0.0,0.0,0.0,0.0,79
2023-05-10 21:04:41,SR401C6300,SR401C6300,523.5,0.0,0.0,0.0,10,360.5,781.5,10,523.5,0.0,0.0,0.0,0.0,0.0,79
2023-05-10 21:04:42,SR401C6300,SR401C6300,523.5,0.0,0.0,0.0,1,362.0,780.0,1,523.5,0.0,0.0,0.0,0.0,0.0,79
2023-05-10 21:04:42,SR401C6300,SR401C6300,523.5,0.0,0.0,0.0,10,362.5,779.5,10,523.5,0.0,0.0,0.0,0.0,0.0,79
2023-05-10 21:04:45,SR401C6300,SR401C6300,523.5,0.0,0.0,0.0,1,364.0,779.5,10,523.5,0.0,0.0,0.0,0.0,0.0,79
2023-05-10 21:04:45,SR401C6300,SR401C6300,523.5,0.0,0.0,0.0,10,364.5,779.5,10,523.5,0.0,0.0,0.0,0.0,0.0,79
2023-05-10 21:04:46,SR401C6300,SR401C6300,523.5,0.0,0.0,0.0,1,366.0,778.0,1,523.5,0.0,0.0,0.0,0.0,0.0,79
2023-05-10 21:04:46,SR401C6300,SR401C6300,523.5,0.0,0.0,0.0,10,366.5,777.5,10,523.5,0.0,0.0,0.0,0.0,0.0,79
2023-05-10 21:04:48,SR401C6300,SR401C6300,523.5,0.0,0.0,0.0,1,368.0,776.0,1,523.5,0.0,0.0,0.0,0.0,0.0,79
2023-05-10 21:04:48,SR401C6300,SR401C6300,523.5,0.0,0.0,0.0,10,368.5,775.5,10,523.5,0.0,0.0,0.0,0.0,0.0,79
2023-05-10 21:04:50,SR401C6300,SR401C6300,523.5,0.0,0.0,0.0,1,370.0,774.0,1,523.5,0.0,0.0,0.0,0.0,0.0,79
2023-05-10 21:04:50,SR401C6300,SR401C6300,523.5,0.0,0.0,0.0,10,370.5,773.5,10,523.5,0.0,0.0,0.0,0.0,0.0,79
2023-05-10 21:04:53,SR401C6300,SR401C6300,523.5,0.0,0.0,0.0,1,372.0,772.0,1,523.5,0.0,0.0,0.0,0.0,0.0,79
2023-05-10 21:04:53,SR401C6300,SR401C6300,523.5,0.0,0.0,0.0,10,372.5,771.5,10,523.5,0.0,0.0,0.0,0.0,0.0,79
2023-05-10 21:04:58,SR401C6300,SR401C6300,523.5,0.0,0.0,0.0,1,374.0,770.0,1,523.5,0.0,0.0,0.0,0.0,0.0,79
2023-05-10 21:04:58,SR401C6300,SR401C6300,523.5,0.0,0.0,0.0,10,374.5,769.5,10,523.5,0.0,0.0,0.0,0.0,0.0,79
2023-05-10 21:05:03,SR401C6300,SR401C6300,523.5,0.0,0.0,0.0,1,376.0,768.0,1,523.5,0.0,0.0,0.0,0.0,0.0,79
2023-05-10 21:05:03,SR401C6300,SR401C6300,523.5,0.0,0.0,0.0,10,376.5,767.5,10,523.5,0.0,0.0,0.0,0.0,0.0,79
2023-05-10 21:05:07,SR401C6300,SR401C6300,523.5,0.0,0.0,0.0,1,378.0,766.0,1,523.5,0.0,0.0,0.0,0.0,0.0,79
2023-05-10 21:05:07,SR401C6300,SR401C6300,523.5,0.0,0.0,0.0,10,378.5,765.5,10,523.5,0.0,0.0,0.0,0.0,0.0,79
2023-05-10 21:05:13,SR401C6300,SR401C6300,523.5,0.0,0.0,0.0,1,380.0,764.0,1,523.5,0.0,0.0,0.0,0.0,0.0,79
2023-05-10 21:05:13,SR401C6300,SR401C6300,523.5,0.0,0.0,0.0,10,380.5,763.5,10,523.5,0.0,0.0,0.0,0.0,0.0,79
2023-05-10 21:05:17,SR401C6300,SR401C6300,523.5,0.0,0.0,0.0,1,382.0,762.0,1,523.5,0.0,0.0,0.0,0.0,0.0,79
2023-05-10 21:05:17,SR401C6300,SR401C6300,523.5,0.0,0.0,0.0,10,382.5,761.5,10,523.5,0.0,0.0,0.0,0.0,0.0,79
2023-05-10 21:05:17,SR401C6300,SR401C6300,523.5,0.0,0.0,0.0,1,382.0,762.0,1,523.5,0.0,0.0,0.0,0.0,0.0,79
2023-05-10 21:05:17,SR401C6300,SR401C6300,523.5,0.0,0.0,0.0,10,382.5,761.5,10,523.5,0.0,0.0,0.0,0.0,0.0,79
2023-05-10 21:18:21,SR401C6300,SR401C6300,523.5,0.0,0.0,0.0,3,517.0,531.0,3,523.5,0.0,0.0,0.0,0.0,0.0,79
2023-05-10 21:18:23,SR401C6300,SR401C6300,523.5,0.0,0.0,0.0,6,517.0,531.0,3,523.5,0.0,0.0,0.0,0.0,0.0,79
2023-05-10 21:18:26,SR401C6300,SR401C6300,523.5,0.0,0.0,0.0,9,517.0,531.0,6,523.5,0.0,0.0,0.0,0.0,0.0,79
2023-05-10 21:18:34,SR401C6300,SR401C6300,523.5,0.0,0.0,0.0,6,517.0,531.0,3,523.5,0.0,0.0,0.0,0.0,0.0,79
2023-05-10 21:18:35,SR401C6300,SR401C6300,523.5,0.0,0.0,0.0,3,517.0,531.0,3,523.5,0.0,0.0,0.0,0.0,0.0,79
2023-05-10 21:18:35,SR401C6300,SR401C6300,523.5,0.0,0.0,0.0,6,517.0,531.0,3,523.5,0.0,0.0,0.0,0.0,0.0,79
2023-05-10 21:18:38,SR401C6300,SR401C6300,523.5,0.0,0.0,0.0,3,517.0,531.0,3,523.5,0.0,0.0,0.0,0.0,0.0,79
2023-05-10 21:18:38,SR401C6300,SR401C6300,523.5,0.0,0.0,0.0,3,517.0,531.5,6,523.5,0.0,0.0,0.0,0.0,0.0,79
2023-05-10 21:18:40,SR401C6300,SR401C6300,523.5,0.0,0.0,0.0,3,517.0,531.5,3,523.5,0.0,0.0,0.0,0.0,0.0,79
2023-05-10 21:18:45,SR401C6300,SR401C6300,523.5,0.0,0.0,0.0,3,517.0,537.0,3,523.5,0.0,0.0,0.0,0.0,0.0,79
2023-05-10 21:18:50,SR401C6300,SR401C6300,523.5,0.0,0.0,0.0,10,201.5,0.0,0,523.5,0.0,0.0,0.0,0.0,0.0,79
2023-05-10 21:18:50,SR401C6300,SR401C6300,523.5,0.0,0.0,0.0,1,203.0,923.5,10,523.5,0.0,0.0,0.0,0.0,0.0,79
2023-05-10 21:18:51,SR401C6300,SR401C6300,523.5,0.0,0.0,0.0,10,203.5,922.0,1,523.5,0.0,0.0,0.0,0.0,0.0,79
2023-05-10 21:18:51,SR401C6300,SR401C6300,523.5,0.0,0.0,0.0,1,205.0,921.5,10,523.5,0.0,0.0,0.0,0.0,0.0,79
2023-05-10 21:18:52,SR401C6300,SR401C6300,523.5,0.0,0.0,0.0,10,205.5,920.0,1,523.5,0.0,0.0,0.0,0.0,0.0,79
2023-05-10 21:18:52,SR401C6300,SR401C6300,523.5,0.0,0.0,0.0,1,207.0,919.5,10,523.5,0.0,0.0,0.0,0.0,0.0,79
2023-05-10 21:18:53,SR401C6300,SR401C6300,523.5,0.0,0.0,0.0,10,207.5,918.0,1,523.5,0.0,0.0,0.0,0.0,0.0,79
2023-05-10 21:18:53,SR401C6300,SR401C6300,523.5,0.0,0.0,0.0,10,209.5,917.5,10,523.5,0.0,0.0,0.0,0.0,0.0,79
2023-05-10 21:18:54,SR401C6300,SR401C6300,523.5,0.0,0.0,0.0,1,211.0,916.0,1,523.5,0.0,0.0,0.0,0.0,0.0,79
2023-05-10 21:18:54,SR401C6300,SR401C6300,523.5,0.0,0.0,0.0,11,211.5,915.5,10,523.5,0.0,0.0,0.0,0.0,0.0,79
2023-05-10 21:18:55,SR401C6300,SR401C6300,523.5,0.0,0.0,0.0,1,213.0,914.0,1,523.5,0.0,0.0,0.0,0.0,0.0,79
2023-05-10 21:18:55,SR401C6300,SR401C6300,523.5,0.0,0.0,0.0,11,213.5,913.5,10,523.5,0.0,0.0,0.0,0.0,0.0,79
2023-05-10 21:33:49,SR401C6300,SR401C6300,523.5,0.0,0.0,0.0,1,215.0,912.0,1,523.5,0.0,0.0,0.0,0.0,0.0,79
2023-05-10 21:33:49,SR401C6300,SR401C6300,523.5,0.0,0.0,0.0,11,215.5,911.5,10,523.5,0.0,0.0,0.0,0.0,0.0,79
2023-05-10 21:33:49,SR401C6300,SR401C6300,523.5,0.0,0.0,0.0,1,217.0,910.0,1,523.5,0.0,0.0,0.0,0.0,0.0,79
2023-05-10 21:33:50,SR401C6300,SR401C6300,523.5,0.0,0.0,0.0,11,217.5,909.5,10,523.5,0.0,0.0,0.0,0.0,0.0,79
2023-05-10 21:33:50,SR401C6300,SR401C6300,523.5,0.0,0.0,0.0,1,219.0,908.0,1,523.5,0.0,0.0,0.0,0.0,0.0,79
2023-05-10 21:33:51,SR401C6300,SR401C6300,523.5,0.0,0.0,0.0,11,219.5,907.5,10,523.5,0.0,0.0,0.0,0.0,0.0,79
2023-05-10 21:33:51,SR401C6300,SR401C6300,523.5,0.0,0.0,0.0,1,221.0,906.0,1,523.5,0.0,0.0,0.0,0.0,0.0,79
2023-05-10 21:33:52,SR401C6300,SR401C6300,523.5,0.0,0.0,0.0,11,221.5,905.5,10,523.5,0.0,0.0,0.0,0.0,0.0,79
2023-05-10 21:33:52,SR401C6300,SR401C6300,523.5,0.0,0.0,0.0,1,223.0,904.0,1,523.5,0.0,0.0,0.0,0.0,0.0,79
2023-05-10 21:33:53,SR401C6300,SR401C6300,523.5,0.0,0.0,0.0,11,223.5,903.5,10,523.5,0.0,0.0,0.0,0.0,0.0,79
2023-05-10 21:44:44,SR401C6300,SR401C6300,523.5,0.0,0.0,0.0,1,223.5,0.0,0,523.5,0.0,0.0,0.0,0.0,0.0,79
2023-05-10 21:44:44,SR401C6300,SR401C6300,523.5,0.0,0.0,0.0,1,225.0,924.0,1,523.5,0.0,0.0,0.0,0.0,0.0,79
2023-05-10 21:46:07,SR401C6300,SR401C6300,523.5,0.0,0.0,0.0,10,225.5,923.5,10,523.5,0.0,0.0,0.0,0.0,0.0,79
2023-05-10 21:46:08,SR401C6300,SR401C6300,523.5,0.0,0.0,0.0,1,227.0,922.0,1,523.5,0.0,0.0,0.0,0.0,0.0,79
2023-05-10 21:46:08,SR401C6300,SR401C6300,523.5,0.0,0.0,0.0,10,227.5,921.5,10,523.5,0.0,0.0,0.0,0.0,0.0,79
2023-05-10 21:46:11,SR401C6300,SR401C6300,523.5,0.0,0.0,0.0,1,229.0,920.0,1,523.5,0.0,0.0,0.0,0.0,0.0,79
2023-05-10 21:46:11,SR401C6300,SR401C6300,523.5,0.0,0.0,0.0,10,229.5,919.5,10,523.5,0.0,0.0,0.0,0.0,0.0,79
2023-05-10 21:46:12,SR401C6300,SR401C6300,523.5,0.0,0.0,0.0,1,231.0,918.0,1,523.5,0.0,0.0,0.0,0.0,0.0,79
2023-05-10 21:46:12,SR401C6300,SR401C6300,523.5,0.0,0.0,0.0,10,231.5,917.5,10,523.5,0.0,0.0,0.0,0.0,0.0,79
2023-05-10 22:03:49,SR401C6300,SR401C6300,523.5,0.0,0.0,0.0,1,233.0,916.0,1,523.5,0.0,0.0,0.0,0.0,0.0,79
2023-05-10 22:03:49,SR401C6300,SR401C6300,523.5,0.0,0.0,0.0,10,233.5,915.5,10,523.5,0.0,0.0,0.0,0.0,0.0,79
2023-05-10 22:03:50,SR401C6300,SR401C6300,523.5,0.0,0.0,0.0,1,235.0,914.0,1,523.5,0.0,0.0,0.0,0.0,0.0,79
2023-05-10 22:03:50,SR401C6300,SR401C6300,523.5,0.0,0.0,0.0,10,235.5,913.5,10,523.5,0.0,0.0,0.0,0.0,0.0,79
2023-05-10 22:03:51,SR401C6300,SR401C6300,523.5,0.0,0.0,0.0,1,237.0,912.0,1,523.5,0.0,0.0,0.0,0.0,0.0,79
2023-05-10 22:03:51,SR401C6300,SR401C6300,523.5,0.0,0.0,0.0,10,237.5,911.5,10,523.5,0.0,0.0,0.0,0.0,0.0,79
2023-05-10 22:03:52,SR401C6300,SR401C6300,523.5,0.0,0.0,0.0,1,239.0,910.0,1,523.5,0.0,0.0,0.0,0.0,0.0,79
2023-05-10 22:03:52,SR401C6300,SR401C6300,523.5,0.0,0.0,0.0,10,239.5,909.5,10,523.5,0.0,0.0,0.0,0.0,0.0,79
2023-05-10 22:03:53,SR401C6300,SR401C6300,523.5,0.0,0.0,0.0,1,241.0,908.0,1,523.5,0.0,0.0,0.0,0.0,0.0,79
2023-05-10 22:03:53,SR401C6300,SR401C6300,523.5,0.0,0.0,0.0,10,241.5,907.5,10,523.5,0.0,0.0,0.0,0.0,0.0,79
2023-05-10 22:03:54,SR401C6300,SR401C6300,523.5,0.0,0.0,0.0,1,243.0,906.0,1,523.5,0.0,0.0,0.0,0.0,0.0,79
2023-05-10 22:03:54,SR401C6300,SR401C6300,523.5,0.0,0.0,0.0,10,243.5,905.5,10,523.5,0.0,0.0,0.0,0.0,0.0,79
2023-05-10 22:23:02,SR401C6300,SR401C6300,523.5,0.0,0.0,0.0,1,216.0,0.0,0,523.5,0.0,0.0,0.0,0.0,0.0,79
2023-05-10 22:23:03,SR401C6300,SR401C6300,523.5,0.0,0.0,0.0,1,216.5,0.0,0,523.5,0.0,0.0,0.0,0.0,0.0,79
2023-05-10 22:23:56,SR401C6300,SR401C6300,523.5,0.0,0.0,0.0,10,217.0,0.0,0,523.5,0.0,0.0,0.0,0.0,0.0,79
2023-05-10 22:23:57,SR401C6300,SR401C6300,523.5,0.0,0.0,0.0,1,217.5,0.0,0,523.5,0.0,0.0,0.0,0.0,0.0,79
2023-05-10 22:23:57,SR401C6300,SR401C6300,523.5,0.0,0.0,0.0,10,218.0,0.0,0,523.5,0.0,0.0,0.0,0.0,0.0,79
2023-05-10 22:23:58,SR401C6300,SR401C6300,523.5,0.0,0.0,0.0,1,218.5,0.0,0,523.5,0.0,0.0,0.0,0.0,0.0,79
2023-05-10 22:23:58,SR401C6300,SR401C6300,523.5,0.0,0.0,0.0,10,219.0,0.0,0,523.5,0.0,0.0,0.0,0.0,0.0,79
2023-05-10 22:23:59,SR401C6300,SR401C6300,523.5,0.0,0.0,0.0,1,219.5,0.0,0,523.5,0.0,0.0,0.0,0.0,0.0,79
2023-05-10 22:24:00,SR401C6300,SR401C6300,523.5,0.0,0.0,0.0,10,220.0,0.0,0,523.5,0.0,0.0,0.0,0.0,0.0,79
2023-05-10 22:24:00,SR401C6300,SR401C6300,523.5,0.0,0.0,0.0,1,220.5,0.0,0,523.5,0.0,0.0,0.0,0.0,0.0,79
2023-05-10 22:24:01,SR401C6300,SR401C6300,523.5,0.0,0.0,0.0,10,221.0,0.0,0,523.5,0.0,0.0,0.0,0.0,0.0,79
2023-05-10 22:24:01,SR401C6300,SR401C6300,523.5,0.0,0.0,0.0,1,221.5,0.0,0,523.5,0.0,0.0,0.0,0.0,0.0,79
2023-05-10 22:24:02,SR401C6300,SR401C6300,523.5,0.0,0.0,0.0,10,222.0,0.0,0,523.5,0.0,0.0,0.0,0.0,0.0,79
2023-05-10 22:24:02,SR401C6300,SR401C6300,523.5,0.0,0.0,0.0,1,222.5,0.0,0,523.5,0.0,0.0,0.0,0.0,0.0,79
2023-05-10 22:24:03,SR401C6300,SR401C6300,523.5,0.0,0.0,0.0,10,223.0,0.0,0,523.5,0.0,0.0,0.0,0.0,0.0,79
2023-05-10 22:24:03,SR401C6300,SR401C6300,523.5,0.0,0.0,0.0,1,223.5,0.0,0,523.5,0.0,0.0,0.0,0.0,0.0,79
2023-05-10 22:24:04,SR401C6300,SR401C6300,523.5,0.0,0.0,0.0,10,224.0,0.0,0,523.5,0.0,0.0,0.0,0.0,0.0,79
2023-05-10 22:24:05,SR401C6300,SR401C6300,523.5,0.0,0.0,0.0,1,224.5,0.0,0,523.5,0.0,0.0,0.0,0.0,0.0,79
2023-05-10 22:24:05,SR401C6300,SR401C6300,523.5,0.0,0.0,0.0,10,225.0,0.0,0,523.5,0.0,0.0,0.0,0.0,0.0,79
2023-05-10 22:26:29,SR401C6300,SR401C6300,523.5,0.0,0.0,0.0,1,216.0,0.0,0,523.5,0.0,0.0,0.0,0.0,0.0,79
2023-05-10 22:26:29,SR401C6300,SR401C6300,523.5,0.0,0.0,0.0,1,216.5,0.0,0,523.5,0.0,0.0,0.0,0.0,0.0,79
2023-05-10 22:27:07,SR401C6300,SR401C6300,523.5,0.0,0.0,0.0,10,217.0,0.0,0,523.5,0.0,0.0,0.0,0.0,0.0,79
2023-05-10 22:27:07,SR401C6300,SR401C6300,523.5,0.0,0.0,0.0,1,217.5,0.0,0,523.5,0.0,0.0,0.0,0.0,0.0,79
2023-05-10 22:27:08,SR401C6300,SR401C6300,523.5,0.0,0.0,0.0,10,218.0,0.0,0,523.5,0.0,0.0,0.0,0.0,0.0,79
2023-05-10 22:27:08,SR401C6300,SR401C6300,523.5,0.0,0.0,0.0,1,218.5,0.0,0,523.5,0.0,0.0,0.0,0.0,0.0,79
2023-05-10 22:27:09,SR401C6300,SR401C6300,523.5,0.0,0.0,0.0,10,219.0,0.0,0,523.5,0.0,0.0,0.0,0.0,0.0,79
2023-05-10 22:27:09,SR401C6300,SR401C6300,523.5,0.0,0.0,0.0,1,219.5,0.0,0,523.5,0.0,0.0,0.0,0.0,0.0,79
2023-05-10 22:27:10,SR401C6300,SR401C6300,523.5,0.0,0.0,0.0,10,220.0,0.0,0,523.5,0.0,0.0,0.0,0.0,0.0,79
2023-05-10 22:27:10,SR401C6300,SR401C6300,523.5,0.0,0.0,0.0,1,220.5,0.0,0,523.5,0.0,0.0,0.0,0.0,0.0,79
2023-05-10 22:27:11,SR401C6300,SR401C6300,523.5,0.0,0.0,0.0,10,221.0,0.0,0,523.5,0.0,0.0,0.0,0.0,0.0,79
2023-05-10 22:27:11,SR401C6300,SR401C6300,523.5,0.0,0.0,0.0,1,221.5,0.0,0,523.5,0.0,0.0,0.0,0.0,0.0,79
2023-05-10 22:27:12,SR401C6300,SR401C6300,523.5,0.0,0.0,0.0,10,222.0,0.0,0,523.5,0.0,0.0,0.0,0.0,0.0,79
2023-05-10 22:27:12,SR401C6300,SR401C6300,523.5,0.0,0.0,0.0,1,222.5,0.0,0,523.5,0.0,0.0,0.0,0.0,0.0,79
2023-05-10 22:27:13,SR401C6300,SR401C6300,523.5,0.0,0.0,0.0,10,223.0,0.0,0,523.5,0.0,0.0,0.0,0.0,0.0,79
2023-05-10 22:27:13,SR401C6300,SR401C6300,523.5,0.0,0.0,0.0,1,223.5,0.0,0,523.5,0.0,0.0,0.0,0.0,0.0,79
2023-05-10 22:27:14,SR401C6300,SR401C6300,523.5,0.0,0.0,0.0,10,224.0,0.0,0,523.5,0.0,0.0,0.0,0.0,0.0,79
2023-05-10 22:27:14,SR401C6300,SR401C6300,523.5,0.0,0.0,0.0,1,224.5,0.0,0,523.5,0.0,0.0,0.0,0.0,0.0,79
2023-05-10 22:27:15,SR401C6300,SR401C6300,523.5,0.0,0.0,0.0,10,225.0,0.0,0,523.5,0.0,0.0,0.0,0.0,0.0,79
2023-05-10 22:57:35,SR401C6300,SR401C6300,523.5,0.0,0.0,0.0,1,216.0,0.0,0,523.5,0.0,0.0,0.0,0.0,0.0,79
2023-05-11 09:00:09,SR401C6300,SR401C6300,523.5,0.0,0.0,0.0,10,216.5,0.0,0,523.5,0.0,0.0,0.0,0.0,0.0,79
2023-05-11 09:01:10,SR401C6300,SR401C6300,523.5,0.0,0.0,0.0,1,217.0,0.0,0,523.5,0.0,0.0,0.0,0.0,0.0,79
2023-05-11 09:01:11,SR401C6300,SR401C6300,523.5,0.0,0.0,0.0,10,217.5,0.0,0,523.5,0.0,0.0,0.0,0.0,0.0,79
2023-05-11 09:01:13,SR401C6300,SR401C6300,523.5,0.0,0.0,0.0,1,219.0,923.5,10,523.5,0.0,0.0,0.0,0.0,0.0,79
2023-05-11 09:01:13,SR401C6300,SR401C6300,523.5,0.0,0.0,0.0,10,219.5,923.5,10,523.5,0.0,0.0,0.0,0.0,0.0,79
2023-05-11 09:01:15,SR401C6300,SR401C6300,523.5,0.0,0.0,0.0,1,220.0,923.5,10,523.5,0.0,0.0,0.0,0.0,0.0,79
2023-05-11 09:01:16,SR401C6300,SR401C6300,523.5,0.0,0.0,0.0,1,221.0,922.0,1,523.5,0.0,0.0,0.0,0.0,0.0,79
2023-05-11 09:01:17,SR401C6300,SR401C6300,523.5,0.0,0.0,0.0,11,221.5,921.5,10,523.5,0.0,0.0,0.0,0.0,0.0,79
2023-05-11 09:01:17,SR401C6300,SR401C6300,523.5,0.0,0.0,0.0,1,223.0,920.0,1,523.5,0.0,0.0,0.0,0.0,0.0,79
2023-05-11 09:01:18,SR401C6300,SR401C6300,523.5,0.0,0.0,0.0,11,223.5,919.5,10,523.5,0.0,0.0,0.0,0.0,0.0,79
2023-05-11 09:01:20,SR401C6300,SR401C6300,523.5,0.0,0.0,0.0,1,225.0,918.0,1,523.5,0.0,0.0,0.0,0.0,0.0,79
2023-05-11 09:01:20,SR401C6300,SR401C6300,523.5,0.0,0.0,0.0,10,225.5,917.5,10,523.5,0.0,0.0,0.0,0.0,0.0,79
2023-05-11 09:01:23,SR401C6300,SR401C6300,523.5,0.0,0.0,0.0,1,227.0,916.0,1,523.5,0.0,0.0,0.0,0.0,0.0,79
2023-05-11 09:01:23,SR401C6300,SR401C6300,523.5,0.0,0.0,0.0,10,227.5,915.5,10,523.5,0.0,0.0,0.0,0.0,0.0,79
2023-05-11 09:01:28,SR401C6300,SR401C6300,523.5,0.0,0.0,0.0,1,229.0,914.0,1,523.5,0.0,0.0,0.0,0.0,0.0,79
2023-05-11 09:01:28,SR401C6300,SR401C6300,523.5,0.0,0.0,0.0,10,229.5,913.5,10,523.5,0.0,0.0,0.0,0.0,0.0,79
2023-05-11 09:01:29,SR401C6300,SR401C6300,523.5,0.0,0.0,0.0,1,231.0,913.5,10,523.5,0.0,0.0,0.0,0.0,0.0,79
2023-05-11 09:01:29,SR401C6300,SR401C6300,523.5,0.0,0.0,0.0,10,231.5,912.0,1,523.5,0.0,0.0,0.0,0.0,0.0,79
2023-05-11 09:01:30,SR401C6300,SR401C6300,523.5,0.0,0.0,0.0,10,231.5,911.5,10,523.5,0.0,0.0,0.0,0.0,0.0,79
2023-05-11 09:01:31,SR401C6300,SR401C6300,523.5,0.0,0.0,0.0,1,233.0,910.0,1,523.5,0.0,0.0,0.0,0.0,0.0,79
2023-05-11 09:01:31,SR401C6300,SR401C6300,523.5,0.0,0.0,0.0,10,233.5,909.5,10,523.5,0.0,0.0,0.0,0.0,0.0,79
2023-05-11 09:01:32,SR401C6300,SR401C6300,523.5,0.0,0.0,0.0,1,235.0,908.0,1,523.5,0.0,0.0,0.0,0.0,0.0,79
2023-05-11 09:01:33,SR401C6300,SR401C6300,523.5,0.0,0.0,0.0,10,235.5,907.5,10,523.5,0.0,0.0,0.0,0.0,0.0,79
2023-05-11 09:01:34,SR401C6300,SR401C6300,523.5,0.0,0.0,0.0,1,237.0,906.0,1,523.5,0.0,0.0,0.0,0.0,0.0,79
2023-05-11 09:01:34,SR401C6300,SR401C6300,523.5,0.0,0.0,0.0,10,237.5,905.5,10,523.5,0.0,0.0,0.0,0.0,0.0,79
2023-05-11 09:01:35,SR401C6300,SR401C6300,523.5,0.0,0.0,0.0,1,239.0,904.0,1,523.5,0.0,0.0,0.0,0.0,0.0,79
2023-05-11 09:01:36,SR401C6300,SR401C6300,523.5,0.0,0.0,0.0,10,239.5,903.5,10,523.5,0.0,0.0,0.0,0.0,0.0,79
2023-05-11 09:01:37,SR401C6300,SR401C6300,523.5,0.0,0.0,0.0,1,241.0,903.5,10,523.5,0.0,0.0,0.0,0.0,0.0,79
2023-05-11 09:01:37,SR401C6300,SR401C6300,523.5,0.0,0.0,0.0,10,241.5,902.0,1,523.5,0.0,0.0,0.0,0.0,0.0,79
2023-05-11 09:01:38,SR401C6300,SR401C6300,523.5,0.0,0.0,0.0,1,243.0,901.5,10,523.5,0.0,0.0,0.0,0.0,0.0,79
2023-05-11 09:01:38,SR401C6300,SR401C6300,523.5,0.0,0.0,0.0,10,243.5,901.5,10,523.5,0.0,0.0,0.0,0.0,0.0,79
2023-05-11 09:01:39,SR401C6300,SR401C6300,523.5,0.0,0.0,0.0,1,245.0,900.0,1,523.5,0.0,0.0,0.0,0.0,0.0,79
2023-05-11 09:01:39,SR401C6300,SR401C6300,523.5,0.0,0.0,0.0,10,245.5,899.5,10,523.5,0.0,0.0,0.0,0.0,0.0,79
2023-05-11 09:01:40,SR401C6300,SR401C6300,523.5,0.0,0.0,0.0,1,247.0,898.0,1,523.5,0.0,0.0,0.0,0.0,0.0,79
2023-05-11 09:01:40,SR401C6300,SR401C6300,523.5,0.0,0.0,0.0,10,247.5,897.5,10,523.5,0.0,0.0,0.0,0.0,0.0,79
2023-05-11 09:01:41,SR401C6300,SR401C6300,523.5,0.0,0.0,0.0,1,249.0,896.0,1,523.5,0.0,0.0,0.0,0.0,0.0,79
2023-05-11 09:01:41,SR401C6300,SR401C6300,523.5,0.0,0.0,0.0,10,249.5,895.5,10,523.5,0.0,0.0,0.0,0.0,0.0,79
2023-05-11 09:01:43,SR401C6300,SR401C6300,523.5,0.0,0.0,0.0,1,251.0,895.5,10,523.5,0.0,0.0,0.0,0.0,0.0,79
2023-05-11 09:01:43,SR401C6300,SR401C6300,523.5,0.0,0.0,0.0,10,251.5,895.5,10,523.5,0.0,0.0,0.0,0.0,0.0,79
2023-05-11 09:01:44,SR401C6300,SR401C6300,523.5,0.0,0.0,0.0,1,253.0,894.0,1,523.5,0.0,0.0,0.0,0.0,0.0,79
2023-05-11 09:01:44,SR401C6300,SR401C6300,523.5,0.0,0.0,0.0,10,253.5,893.5,10,523.5,0.0,0.0,0.0,0.0,0.0,79
2023-05-11 09:01:45,SR401C6300,SR401C6300,523.5,0.0,0.0,0.0,1,255.0,892.0,1,523.5,0.0,0.0,0.0,0.0,0.0,79
2023-05-11 09:01:45,SR401C6300,SR401C6300,523.5,0.0,0.0,0.0,10,255.5,891.5,10,523.5,0.0,0.0,0.0,0.0,0.0,79
2023-05-11 09:01:46,SR401C6300,SR401C6300,523.5,0.0,0.0,0.0,1,257.0,891.5,10,523.5,0.0,0.0,0.0,0.0,0.0,79
2023-05-11 09:01:46,SR401C6300,SR401C6300,523.5,0.0,0.0,0.0,10,257.5,891.5,10,523.5,0.0,0.0,0.0,0.0,0.0,79
2023-05-11 09:01:47,SR401C6300,SR401C6300,523.5,0.0,0.0,0.0,10,257.5,890.0,1,523.5,0.0,0.0,0.0,0.0,0.0,79
2023-05-11 09:01:48,SR401C6300,SR401C6300,523.5,0.0,0.0,0.0,1,259.0,889.5,10,523.5,0.0,0.0,0.0,0.0,0.0,79
2023-05-11 09:01:48,SR401C6300,SR401C6300,523.5,0.0,0.0,0.0,10,259.5,888.0,1,523.5,0.0,0.0,0.0,0.0,0.0,79
2023-05-11 09:01:48,SR401C6300,SR401C6300,523.5,0.0,0.0,0.0,10,259.5,887.5,10,523.5,0.0,0.0,0.0,0.0,0.0,79
2023-05-11 09:01:49,SR401C6300,SR401C6300,523.5,0.0,0.0,0.0,1,261.0,886.0,1,523.5,0.0,0.0,0.0,0.0,0.0,79
2023-05-11 09:01:49,SR401C6300,SR401C6300,523.5,0.0,0.0,0.0,10,261.5,885.5,10,523.5,0.0,0.0,0.0,0.0,0.0,79
2023-05-11 09:01:51,SR401C6300,SR401C6300,523.5,0.0,0.0,0.0,1,263.0,884.0,1,523.5,0.0,0.0,0.0,0.0,0.0,79
2023-05-11 09:01:51,SR401C6300,SR401C6300,523.5,0.0,0.0,0.0,10,263.5,883.5,10,523.5,0.0,0.0,0.0,0.0,0.0,79
2023-05-11 09:01:52,SR401C6300,SR401C6300,523.5,0.0,0.0,0.0,1,265.0,882.0,1,523.5,0.0,0.0,0.0,0.0,0.0,79
2023-05-11 09:01:52,SR401C6300,SR401C6300,523.5,0.0,0.0,0.0,10,265.5,881.5,10,523.5,0.0,0.0,0.0,0.0,0.0,79
2023-05-11 09:01:53,SR401C6300,SR401C6300,523.5,0.0,0.0,0.0,1,267.0,880.0,1,523.5,0.0,0.0,0.0,0.0,0.0,79
2023-05-11 09:01:53,SR401C6300,SR401C6300,523.5,0.0,0.0,0.0,10,267.5,879.5,10,523.5,0.0,0.0,0.0,0.0,0.0,79
2023-05-11 09:01:54,SR401C6300,SR401C6300,523.5,0.0,0.0,0.0,1,269.0,879.5,10,523.5,0.0,0.0,0.0,0.0,0.0,79
2023-05-11 09:01:54,SR401C6300,SR401C6300,523.5,0.0,0.0,0.0,10,269.5,878.0,1,523.5,0.0,0.0,0.0,0.0,0.0,79
2023-05-11 09:01:55,SR401C6300,SR401C6300,523.5,0.0,0.0,0.0,1,271.0,877.5,10,523.5,0.0,0.0,0.0,0.0,0.0,79
2023-05-11 09:01:55,SR401C6300,SR401C6300,523.5,0.0,0.0,0.0,10,271.5,877.5,10,523.5,0.0,0.0,0.0,0.0,0.0,79
2023-05-11 09:01:56,SR401C6300,SR401C6300,523.5,0.0,0.0,0.0,1,273.0,876.0,1,523.5,0.0,0.0,0.0,0.0,0.0,79
2023-05-11 09:01:56,SR401C6300,SR401C6300,523.5,0.0,0.0,0.0,10,273.5,875.5,10,523.5,0.0,0.0,0.0,0.0,0.0,79
2023-05-11 09:01:58,SR401C6300,SR401C6300,523.5,0.0,0.0,0.0,1,275.0,874.0,1,523.5,0.0,0.0,0.0,0.0,0.0,79
2023-05-11 09:01:58,SR401C6300,SR401C6300,523.5,0.0,0.0,0.0,10,275.5,873.5,10,523.5,0.0,0.0,0.0,0.0,0.0,79
2023-05-11 09:02:02,SR401C6300,SR401C6300,523.5,0.0,0.0,0.0,1,277.0,872.0,1,523.5,0.0,0.0,0.0,0.0,0.0,79
2023-05-11 09:02:02,SR401C6300,SR401C6300,523.5,0.0,0.0,0.0,10,277.5,871.5,10,523.5,0.0,0.0,0.0,0.0,0.0,79
2023-05-11 09:02:10,SR401C6300,SR401C6300,523.5,0.0,0.0,0.0,1,279.0,870.0,1,523.5,0.0,0.0,0.0,0.0,0.0,79
2023-05-11 09:02:10,SR401C6300,SR401C6300,523.5,0.0,0.0,0.0,10,279.5,869.5,10,523.5,0.0,0.0,0.0,0.0,0.0,79
2023-05-11 09:02:17,SR401C6300,SR401C6300,523.5,0.0,0.0,0.0,1,281.0,868.0,1,523.5,0.0,0.0,0.0,0.0,0.0,79
2023-05-11 09:02:17,SR401C6300,SR401C6300,523.5,0.0,0.0,0.0,10,281.5,867.5,10,523.5,0.0,0.0,0.0,0.0,0.0,79
2023-05-11 09:02:22,SR401C6300,SR401C6300,523.5,0.0,0.0,0.0,1,283.0,866.0,1,523.5,0.0,0.0,0.0,0.0,0.0,79
2023-05-11 09:02:22,SR401C6300,SR401C6300,523.5,0.0,0.0,0.0,10,283.5,865.5,10,523.5,0.0,0.0,0.0,0.0,0.0,79
2023-05-11 09:02:24,SR401C6300,SR401C6300,523.5,0.0,0.0,0.0,1,285.0,864.0,1,523.5,0.0,0.0,0.0,0.0,0.0,79
2023-05-11 09:02:25,SR401C6300,SR401C6300,523.5,0.0,0.0,0.0,10,285.5,863.5,10,523.5,0.0,0.0,0.0,0.0,0.0,79
2023-05-11 09:02:30,SR401C6300,SR401C6300,523.5,0.0,0.0,0.0,1,287.0,862.0,1,523.5,0.0,0.0,0.0,0.0,0.0,79
2023-05-11 09:02:30,SR401C6300,SR401C6300,523.5,0.0,0.0,0.0,10,287.5,861.5,10,523.5,0.0,0.0,0.0,0.0,0.0,79
2023-05-11 09:02:34,SR401C6300,SR401C6300,523.5,0.0,0.0,0.0,1,289.0,860.0,1,523.5,0.0,0.0,0.0,0.0,0.0,79
2023-05-11 09:02:34,SR401C6300,SR401C6300,523.5,0.0,0.0,0.0,10,289.5,859.5,10,523.5,0.0,0.0,0.0,0.0,0.0,79
2023-05-11 09:02:37,SR401C6300,SR401C6300,523.5,0.0,0.0,0.0,1,291.0,858.0,1,523.5,0.0,0.0,0.0,0.0,0.0,79
2023-05-11 09:02:37,SR401C6300,SR401C6300,523.5,0.0,0.0,0.0,10,291.5,857.5,10,523.5,0.0,0.0,0.0,0.0,0.0,79
2023-05-11 09:02:42,SR401C6300,SR401C6300,523.5,0.0,0.0,0.0,1,293.0,856.0,1,523.5,0.0,0.0,0.0,0.0,0.0,79
2023-05-11 09:02:42,SR401C6300,SR401C6300,523.5,0.0,0.0,0.0,10,293.5,855.5,10,523.5,0.0,0.0,0.0,0.0,0.0,79
2023-05-11 09:02:43,SR401C6300,SR401C6300,523.5,0.0,0.0,0.0,1,295.0,855.5,10,523.5,0.0,0.0,0.0,0.0,0.0,79
2023-05-11 09:02:43,SR401C6300,SR401C6300,523.5,0.0,0.0,0.0,10,295.5,854.0,1,523.5,0.0,0.0,0.0,0.0,0.0,79
2023-05-11 09:02:44,SR401C6300,SR401C6300,523.5,0.0,0.0,0.0,10,295.5,853.5,10,523.5,0.0,0.0,0.0,0.0,0.0,79
2023-05-11 09:02:45,SR401C6300,SR401C6300,523.5,0.0,0.0,0.0,1,297.0,852.0,1,523.5,0.0,0.0,0.0,0.0,0.0,79
2023-05-11 09:02:45,SR401C6300,SR401C6300,523.5,0.0,0.0,0.0,10,297.5,851.5,10,523.5,0.0,0.0,0.0,0.0,0.0,79
2023-05-11 09:02:53,SR401C6300,SR401C6300,523.5,0.0,0.0,0.0,1,299.0,850.0,1,523.5,0.0,0.0,0.0,0.0,0.0,79
2023-05-11 09:02:53,SR401C6300,SR401C6300,523.5,0.0,0.0,0.0,10,299.5,849.5,10,523.5,0.0,0.0,0.0,0.0,0.0,79
2023-05-11 09:03:02,SR401C6300,SR401C6300,523.5,0.0,0.0,0.0,1,301.0,848.0,1,523.5,0.0,0.0,0.0,0.0,0.0,79
2023-05-11 09:03:03,SR401C6300,SR401C6300,523.5,0.0,0.0,0.0,10,301.5,847.5,10,523.5,0.0,0.0,0.0,0.0,0.0,79
2023-05-11 09:03:03,SR401C6300,SR401C6300,523.5,0.0,0.0,0.0,1,303.0,847.5,10,523.5,0.0,0.0,0.0,0.0,0.0,79
2023-05-11 09:03:03,SR401C6300,SR401C6300,523.5,0.0,0.0,0.0,10,303.5,847.5,10,523.5,0.0,0.0,0.0,0.0,0.0,79
2023-05-11 09:03:06,SR401C6300,SR401C6300,523.5,0.0,0.0,0.0,1,305.0,846.0,1,523.5,0.0,0.0,0.0,0.0,0.0,79
2023-05-11 09:03:07,SR401C6300,SR401C6300,523.5,0.0,0.0,0.0,10,305.5,845.5,10,523.5,0.0,0.0,0.0,0.0,0.0,79
2023-05-11 09:03:07,SR401C6300,SR401C6300,523.5,0.0,0.0,0.0,1,307.0,844.0,1,523.5,0.0,0.0,0.0,0.0,0.0,79
2023-05-11 09:03:07,SR401C6300,SR401C6300,523.5,0.0,0.0,0.0,10,307.5,843.5,10,523.5,0.0,0.0,0.0,0.0,0.0,79
2023-05-11 09:03:14,SR401C6300,SR401C6300,523.5,0.0,0.0,0.0,1,309.0,842.0,1,523.5,0.0,0.0,0.0,0.0,0.0,79
2023-05-11 09:03:15,SR401C6300,SR401C6300,523.5,0.0,0.0,0.0,10,309.5,841.5,10,523.5,0.0,0.0,0.0,0.0,0.0,79
2023-05-11 09:03:18,SR401C6300,SR401C6300,523.5,0.0,0.0,0.0,1,311.0,840.0,1,523.5,0.0,0.0,0.0,0.0,0.0,79
2023-05-11 09:03:18,SR401C6300,SR401C6300,523.5,0.0,0.0,0.0,10,311.5,839.5,10,523.5,0.0,0.0,0.0,0.0,0.0,79
2023-05-11 09:03:21,SR401C6300,SR401C6300,523.5,0.0,0.0,0.0,1,313.0,838.0,1,523.5,0.0,0.0,0.0,0.0,0.0,79
2023-05-11 09:03:21,SR401C6300,SR401C6300,523.5,0.0,0.0,0.0,10,313.5,837.5,10,523.5,0.0,0.0,0.0,0.0,0.0,79
2023-05-11 09:03:28,SR401C6300,SR401C6300,523.5,0.0,0.0,0.0,1,315.0,836.0,1,523.5,0.0,0.0,0.0,0.0,0.0,79
2023-05-11 09:03:29,SR401C6300,SR401C6300,523.5,0.0,0.0,0.0,10,315.5,835.5,10,523.5,0.0,0.0,0.0,0.0,0.0,79
2023-05-11 09:03:32,SR401C6300,SR401C6300,523.5,0.0,0.0,0.0,1,317.0,835.5,10,523.5,0.0,0.0,0.0,0.0,0.0,79
2023-05-11 09:03:33,SR401C6300,SR401C6300,523.5,0.0,0.0,0.0,10,317.5,835.5,10,523.5,0.0,0.0,0.0,0.0,0.0,79
2023-05-11 09:03:33,SR401C6300,SR401C6300,523.5,0.0,0.0,0.0,1,319.0,834.0,1,523.5,0.0,0.0,0.0,0.0,0.0,79
2023-05-11 09:03:34,SR401C6300,SR401C6300,523.5,0.0,0.0,0.0,10,319.5,833.5,10,523.5,0.0,0.0,0.0,0.0,0.0,79
2023-05-11 09:03:37,SR401C6300,SR401C6300,523.5,0.0,0.0,0.0,1,321.0,832.0,1,523.5,0.0,0.0,0.0,0.0,0.0,79
2023-05-11 09:03:37,SR401C6300,SR401C6300,523.5,0.0,0.0,0.0,10,321.5,831.5,10,523.5,0.0,0.0,0.0,0.0,0.0,79
2023-05-11 09:03:44,SR401C6300,SR401C6300,523.5,0.0,0.0,0.0,1,323.0,830.0,1,523.5,0.0,0.0,0.0,0.0,0.0,79
2023-05-11 09:03:44,SR401C6300,SR401C6300,523.5,0.0,0.0,0.0,10,323.5,829.5,10,523.5,0.0,0.0,0.0,0.0,0.0,79
2023-05-11 09:03:47,SR401C6300,SR401C6300,523.5,0.0,0.0,0.0,1,325.0,829.5,10,523.5,0.0,0.0,0.0,0.0,0.0,79
2023-05-11 09:03:47,SR401C6300,SR401C6300,523.5,0.0,0.0,0.0,10,325.5,829.5,10,523.5,0.0,0.0,0.0,0.0,0.0,79
2023-05-11 09:03:52,SR401C6300,SR401C6300,523.5,0.0,0.0,0.0,1,327.0,828.0,1,523.5,0.0,0.0,0.0,0.0,0.0,79
2023-05-11 09:03:52,SR401C6300,SR401C6300,523.5,0.0,0.0,0.0,10,327.5,827.5,10,523.5,0.0,0.0,0.0,0.0,0.0,79
2023-05-11 09:03:55,SR401C6300,SR401C6300,523.5,0.0,0.0,0.0,1,329.0,826.0,1,523.5,0.0,0.0,0.0,0.0,0.0,79
2023-05-11 09:03:55,SR401C6300,SR401C6300,523.5,0.0,0.0,0.0,10,329.5,825.5,10,523.5,0.0,0.0,0.0,0.0,0.0,79
2023-05-11 09:03:57,SR401C6300,SR401C6300,523.5,0.0,0.0,0.0,1,331.0,825.5,10,523.5,0.0,0.0,0.0,0.0,0.0,79
2023-05-11 09:03:57,SR401C6300,SR401C6300,523.5,0.0,0.0,0.0,10,331.5,824.0,1,523.5,0.0,0.0,0.0,0.0,0.0,79
2023-05-11 09:03:57,SR401C6300,SR401C6300,523.5,0.0,0.0,0.0,10,331.5,823.5,10,523.5,0.0,0.0,0.0,0.0,0.0,79
2023-05-11 09:04:00,SR401C6300,SR401C6300,523.5,0.0,0.0,0.0,1,333.0,822.0,1,523.5,0.0,0.0,0.0,0.0,0.0,79
2023-05-11 09:04:01,SR401C6300,SR401C6300,523.5,0.0,0.0,0.0,10,333.5,821.5,10,523.5,0.0,0.0,0.0,0.0,0.0,79
2023-05-11 09:04:01,SR401C6300,SR401C6300,523.5,0.0,0.0,0.0,1,335.0,820.0,1,523.5,0.0,0.0,0.0,0.0,0.0,79
2023-05-11 09:04:01,SR401C6300,SR401C6300,523.5,0.0,0.0,0.0,10,335.5,819.5,10,523.5,0.0,0.0,0.0,0.0,0.0,79
2023-05-11 09:04:02,SR401C6300,SR401C6300,523.5,0.0,0.0,0.0,1,337.0,818.0,1,523.5,0.0,0.0,0.0,0.0,0.0,79
2023-05-11 09:04:02,SR401C6300,SR401C6300,523.5,0.0,0.0,0.0,10,337.5,817.5,10,523.5,0.0,0.0,0.0,0.0,0.0,79
2023-05-11 09:04:03,SR401C6300,SR401C6300,523.5,0.0,0.0,0.0,1,339.0,816.0,1,523.5,0.0,0.0,0.0,0.0,0.0,79
2023-05-11 09:04:03,SR401C6300,SR401C6300,523.5,0.0,0.0,0.0,10,339.5,815.5,10,523.5,0.0,0.0,0.0,0.0,0.0,79
2023-05-11 09:04:05,SR401C6300,SR401C6300,523.5,0.0,0.0,0.0,1,341.0,814.0,1,523.5,0.0,0.0,0.0,0.0,0.0,79
2023-05-11 09:04:06,SR401C6300,SR401C6300,523.5,0.0,0.0,0.0,10,341.5,813.5,10,523.5,0.0,0.0,0.0,0.0,0.0,79
2023-05-11 09:04:09,SR401C6300,SR401C6300,523.5,0.0,0.0,0.0,1,343.0,812.0,1,523.5,0.0,0.0,0.0,0.0,0.0,79
2023-05-11 09:04:10,SR401C6300,SR401C6300,523.5,0.0,0.0,0.0,10,343.5,811.5,10,523.5,0.0,0.0,0.0,0.0,0.0,79
2023-05-11 09:04:13,SR401C6300,SR401C6300,523.5,0.0,0.0,0.0,1,345.0,810.0,1,523.5,0.0,0.0,0.0,0.0,0.0,79
2023-05-11 09:04:14,SR401C6300,SR401C6300,523.5,0.0,0.0,0.0,10,345.5,809.5,10,523.5,0.0,0.0,0.0,0.0,0.0,79
2023-05-11 09:04:17,SR401C6300,SR401C6300,523.5,0.0,0.0,0.0,1,347.0,809.5,10,523.5,0.0,0.0,0.0,0.0,0.0,79
2023-05-11 09:04:17,SR401C6300,SR401C6300,523.5,0.0,0.0,0.0,10,347.5,809.5,10,523.5,0.0,0.0,0.0,0.0,0.0,79
2023-05-11 09:04:18,SR401C6300,SR401C6300,523.5,0.0,0.0,0.0,1,349.0,808.0,1,523.5,0.0,0.0,0.0,0.0,0.0,79
2023-05-11 09:04:18,SR401C6300,SR401C6300,523.5,0.0,0.0,0.0,10,349.5,807.5,10,523.5,0.0,0.0,0.0,0.0,0.0,79
2023-05-11 09:04:20,SR401C6300,SR401C6300,523.5,0.0,0.0,0.0,1,351.0,806.0,1,523.5,0.0,0.0,0.0,0.0,0.0,79
2023-05-11 09:04:21,SR401C6300,SR401C6300,523.5,0.0,0.0,0.0,10,351.5,805.5,10,523.5,0.0,0.0,0.0,0.0,0.0,79
2023-05-11 09:04:24,SR401C6300,SR401C6300,523.5,0.0,0.0,0.0,1,353.0,805.5,10,523.5,0.0,0.0,0.0,0.0,0.0,79
2023-05-11 09:04:24,SR401C6300,SR401C6300,523.5,0.0,0.0,0.0,10,353.5,805.5,10,523.5,0.0,0.0,0.0,0.0,0.0,79
2023-05-11 09:04:25,SR401C6300,SR401C6300,523.5,0.0,0.0,0.0,1,355.0,804.0,1,523.5,0.0,0.0,0.0,0.0,0.0,79
2023-05-11 09:04:25,SR401C6300,SR401C6300,523.5,0.0,0.0,0.0,10,355.5,803.5,10,523.5,0.0,0.0,0.0,0.0,0.0,79
2023-05-11 09:04:26,SR401C6300,SR401C6300,523.5,0.0,0.0,0.0,1,357.0,802.0,1,523.5,0.0,0.0,0.0,0.0,0.0,79
2023-05-11 09:04:27,SR401C6300,SR401C6300,523.5,0.0,0.0,0.0,10,357.5,801.5,10,523.5,0.0,0.0,0.0,0.0,0.0,79
2023-05-11 09:04:31,SR401C6300,SR401C6300,523.5,0.0,0.0,0.0,1,359.0,800.0,1,523.5,0.0,0.0,0.0,0.0,0.0,79
2023-05-11 09:04:31,SR401C6300,SR401C6300,523.5,0.0,0.0,0.0,10,359.5,799.5,10,523.5,0.0,0.0,0.0,0.0,0.0,79
2023-05-11 09:04:32,SR401C6300,SR401C6300,523.5,0.0,0.0,0.0,10,359.5,798.0,1,523.5,0.0,0.0,0.0,0.0,0.0,79
2023-05-11 09:04:32,SR401C6300,SR401C6300,523.5,0.0,0.0,0.0,10,359.5,797.5,10,523.5,0.0,0.0,0.0,0.0,0.0,79
2023-05-11 09:04:36,SR401C6300,SR401C6300,523.5,0.0,0.0,0.0,1,361.0,796.0,1,523.5,0.0,0.0,0.0,0.0,0.0,79
2023-05-11 09:04:36,SR401C6300,SR401C6300,523.5,0.0,0.0,0.0,10,361.5,795.5,10,523.5,0.0,0.0,0.0,0.0,0.0,79
2023-05-11 09:04:37,SR401C6300,SR401C6300,523.5,0.0,0.0,0.0,1,363.0,794.0,1,523.5,0.0,0.0,0.0,0.0,0.0,79
2023-05-11 09:04:37,SR401C6300,SR401C6300,523.5,0.0,0.0,0.0,10,363.5,793.5,10,523.5,0.0,0.0,0.0,0.0,0.0,79
2023-05-11 09:04:38,SR401C6300,SR401C6300,523.5,0.0,0.0,0.0,1,365.0,792.0,1,523.5,0.0,0.0,0.0,0.0,0.0,79
2023-05-11 09:04:38,SR401C6300,SR401C6300,523.5,0.0,0.0,0.0,10,365.5,791.5,10,523.5,0.0,0.0,0.0,0.0,0.0,79
2023-05-11 09:04:39,SR401C6300,SR401C6300,523.5,0.0,0.0,0.0,1,367.0,791.5,10,523.5,0.0,0.0,0.0,0.0,0.0,79
2023-05-11 09:04:40,SR401C6300,SR401C6300,523.5,0.0,0.0,0.0,10,367.5,791.5,10,523.5,0.0,0.0,0.0,0.0,0.0,79
2023-05-11 09:04:45,SR401C6300,SR401C6300,523.5,0.0,0.0,0.0,1,369.0,790.0,1,523.5,0.0,0.0,0.0,0.0,0.0,79
2023-05-11 09:04:46,SR401C6300,SR401C6300,523.5,0.0,0.0,0.0,10,369.5,789.5,10,523.5,0.0,0.0,0.0,0.0,0.0,79
2023-05-11 09:04:48,SR401C6300,SR401C6300,523.5,0.0,0.0,0.0,1,371.0,788.0,1,523.5,0.0,0.0,0.0,0.0,0.0,79
2023-05-11 09:04:48,SR401C6300,SR401C6300,523.5,0.0,0.0,0.0,10,371.5,787.5,10,523.5,0.0,0.0,0.0,0.0,0.0,79
2023-05-11 09:04:49,SR401C6300,SR401C6300,523.5,0.0,0.0,0.0,1,373.0,786.0,1,523.5,0.0,0.0,0.0,0.0,0.0,79
2023-05-11 09:04:49,SR401C6300,SR401C6300,523.5,0.0,0.0,0.0,10,373.5,785.5,10,523.5,0.0,0.0,0.0,0.0,0.0,79
2023-05-11 09:04:51,SR401C6300,SR401C6300,523.5,0.0,0.0,0.0,1,375.0,784.0,1,523.5,0.0,0.0,0.0,0.0,0.0,79
2023-05-11 09:04:51,SR401C6300,SR401C6300,523.5,0.0,0.0,0.0,10,375.5,783.5,10,523.5,0.0,0.0,0.0,0.0,0.0,79
2023-05-11 09:04:52,SR401C6300,SR401C6300,523.5,0.0,0.0,0.0,1,377.0,782.0,1,523.5,0.0,0.0,0.0,0.0,0.0,79
2023-05-11 09:04:52,SR401C6300,SR401C6300,523.5,0.0,0.0,0.0,10,377.5,781.5,10,523.5,0.0,0.0,0.0,0.0,0.0,79
2023-05-11 09:04:53,SR401C6300,SR401C6300,523.5,0.0,0.0,0.0,1,379.0,780.0,1,523.5,0.0,0.0,0.0,0.0,0.0,79
2023-05-11 09:04:53,SR401C6300,SR401C6300,523.5,0.0,0.0,0.0,10,379.5,779.5,10,523.5,0.0,0.0,0.0,0.0,0.0,79
2023-05-11 09:04:58,SR401C6300,SR401C6300,523.5,0.0,0.0,0.0,1,381.0,779.5,10,523.5,0.0,0.0,0.0,0.0,0.0,79
2023-05-11 09:04:58,SR401C6300,SR401C6300,523.5,0.0,0.0,0.0,10,381.5,779.5,10,523.5,0.0,0.0,0.0,0.0,0.0,79
2023-05-11 09:04:59,SR401C6300,SR401C6300,523.5,0.0,0.0,0.0,1,383.0,778.0,1,523.5,0.0,0.0,0.0,0.0,0.0,79
2023-05-11 09:05:00,SR401C6300,SR401C6300,523.5,0.0,0.0,0.0,10,383.5,777.5,10,523.5,0.0,0.0,0.0,0.0,0.0,79
2023-05-11 09:05:00,SR401C6300,SR401C6300,523.5,0.0,0.0,0.0,1,385.0,776.0,1,523.5,0.0,0.0,0.0,0.0,0.0,79
2023-05-11 09:05:00,SR401C6300,SR401C6300,523.5,0.0,0.0,0.0,10,385.5,775.5,10,523.5,0.0,0.0,0.0,0.0,0.0,79
2023-05-11 09:05:01,SR401C6300,SR401C6300,523.5,0.0,0.0,0.0,1,387.0,774.0,1,523.5,0.0,0.0,0.0,0.0,0.0,79
2023-05-11 09:05:02,SR401C6300,SR401C6300,523.5,0.0,0.0,0.0,10,387.5,773.5,10,523.5,0.0,0.0,0.0,0.0,0.0,79
2023-05-11 09:05:02,SR401C6300,SR401C6300,523.5,0.0,0.0,0.0,1,389.0,772.0,1,523.5,0.0,0.0,0.0,0.0,0.0,79
2023-05-11 09:05:02,SR401C6300,SR401C6300,523.5,0.0,0.0,0.0,10,389.5,771.5,10,523.5,0.0,0.0,0.0,0.0,0.0,79
2023-05-11 09:05:03,SR401C6300,SR401C6300,523.5,0.0,0.0,0.0,1,391.0,770.0,1,523.5,0.0,0.0,0.0,0.0,0.0,79
2023-05-11 09:05:03,SR401C6300,SR401C6300,523.5,0.0,0.0,0.0,10,391.5,769.5,10,523.5,0.0,0.0,0.0,0.0,0.0,79
2023-05-11 09:05:05,SR401C6300,SR401C6300,523.5,0.0,0.0,0.0,1,393.0,768.0,1,523.5,0.0,0.0,0.0,0.0,0.0,79
2023-05-11 09:05:06,SR401C6300,SR401C6300,523.5,0.0,0.0,0.0,10,393.5,767.5,10,523.5,0.0,0.0,0.0,0.0,0.0,79
2023-05-11 09:05:10,SR401C6300,SR401C6300,523.5,0.0,0.0,0.0,1,395.0,766.0,1,523.5,0.0,0.0,0.0,0.0,0.0,79
2023-05-11 09:05:11,SR401C6300,SR401C6300,523.5,0.0,0.0,0.0,10,395.5,765.5,10,523.5,0.0,0.0,0.0,0.0,0.0,79
2023-05-11 09:23:49,SR401C6300,SR401C6300,523.5,0.0,0.0,0.0,1,397.0,764.0,1,523.5,0.0,0.0,0.0,0.0,0.0,79
2023-05-11 09:23:49,SR401C6300,SR401C6300,523.5,0.0,0.0,0.0,10,397.5,763.5,10,523.5,0.0,0.0,0.0,0.0,0.0,79
2023-05-11 09:23:50,SR401C6300,SR401C6300,523.5,0.0,0.0,0.0,1,399.0,762.0,1,523.5,0.0,0.0,0.0,0.0,0.0,79
2023-05-11 09:23:50,SR401C6300,SR401C6300,523.5,0.0,0.0,0.0,10,399.5,761.5,10,523.5,0.0,0.0,0.0,0.0,0.0,79
2023-05-11 09:23:51,SR401C6300,SR401C6300,523.5,0.0,0.0,0.0,1,401.0,760.0,1,523.5,0.0,0.0,0.0,0.0,0.0,79
2023-05-11 09:23:51,SR401C6300,SR401C6300,523.5,0.0,0.0,0.0,10,401.5,759.5,10,523.5,0.0,0.0,0.0,0.0,0.0,79
2023-05-11 09:23:52,SR401C6300,SR401C6300,523.5,0.0,0.0,0.0,1,403.0,758.0,1,523.5,0.0,0.0,0.0,0.0,0.0,79
2023-05-11 09:23:52,SR401C6300,SR401C6300,523.5,0.0,0.0,0.0,10,403.5,757.5,10,523.5,0.0,0.0,0.0,0.0,0.0,79
2023-05-11 09:23:53,SR401C6300,SR401C6300,523.5,0.0,0.0,0.0,1,405.0,756.0,1,523.5,0.0,0.0,0.0,0.0,0.0,79
2023-05-11 09:23:53,SR401C6300,SR401C6300,523.5,0.0,0.0,0.0,10,405.5,755.5,10,523.5,0.0,0.0,0.0,0.0,0.0,79
2023-05-11 09:23:54,SR401C6300,SR401C6300,523.5,0.0,0.0,0.0,1,407.0,754.0,1,523.5,0.0,0.0,0.0,0.0,0.0,79
2023-05-11 09:23:54,SR401C6300,SR401C6300,523.5,0.0,0.0,0.0,10,407.5,753.5,10,523.5,0.0,0.0,0.0,0.0,0.0,79
2023-05-11 09:43:49,SR401C6300,SR401C6300,523.5,0.0,0.0,0.0,1,409.0,752.0,1,523.5,0.0,0.0,0.0,0.0,0.0,79
2023-05-11 09:43:49,SR401C6300,SR401C6300,523.5,0.0,0.0,0.0,10,409.5,751.5,10,523.5,0.0,0.0,0.0,0.0,0.0,79
2023-05-11 09:43:50,SR401C6300,SR401C6300,523.5,0.0,0.0,0.0,1,411.0,750.0,1,523.5,0.0,0.0,0.0,0.0,0.0,79
2023-05-11 09:43:50,SR401C6300,SR401C6300,523.5,0.0,0.0,0.0,10,411.5,749.5,10,523.5,0.0,0.0,0.0,0.0,0.0,79
2023-05-11 09:43:51,SR401C6300,SR401C6300,523.5,0.0,0.0,0.0,1,413.0,748.0,1,523.5,0.0,0.0,0.0,0.0,0.0,79
2023-05-11 09:43:51,SR401C6300,SR401C6300,523.5,0.0,0.0,0.0,10,413.5,747.5,10,523.5,0.0,0.0,0.0,0.0,0.0,79
2023-05-11 09:43:52,SR401C6300,SR401C6300,523.5,0.0,0.0,0.0,1,415.0,746.0,1,523.5,0.0,0.0,0.0,0.0,0.0,79
2023-05-11 09:43:52,SR401C6300,SR401C6300,523.5,0.0,0.0,0.0,10,415.5,745.5,10,523.5,0.0,0.0,0.0,0.0,0.0,79
2023-05-11 09:43:53,SR401C6300,SR401C6300,523.5,0.0,0.0,0.0,1,417.0,744.0,1,523.5,0.0,0.0,0.0,0.0,0.0,79
2023-05-11 09:43:53,SR401C6300,SR401C6300,523.5,0.0,0.0,0.0,10,417.5,743.5,10,523.5,0.0,0.0,0.0,0.0,0.0,79
2023-05-11 10:03:49,SR401C6300,SR401C6300,523.5,0.0,0.0,0.0,1,419.0,742.0,1,523.5,0.0,0.0,0.0,0.0,0.0,79
2023-05-11 10:03:49,SR401C6300,SR401C6300,523.5,0.0,0.0,0.0,10,419.5,741.5,10,523.5,0.0,0.0,0.0,0.0,0.0,79
2023-05-11 10:03:49,SR401C6300,SR401C6300,523.5,0.0,0.0,0.0,1,421.0,740.0,1,523.5,0.0,0.0,0.0,0.0,0.0,79
2023-05-11 10:03:50,SR401C6300,SR401C6300,523.5,0.0,0.0,0.0,10,421.5,739.5,10,523.5,0.0,0.0,0.0,0.0,0.0,79
2023-05-11 10:03:50,SR401C6300,SR401C6300,523.5,0.0,0.0,0.0,10,421.5,738.0,1,523.5,0.0,0.0,0.0,0.0,0.0,79
2023-05-11 10:03:51,SR401C6300,SR401C6300,523.5,0.0,0.0,0.0,10,421.5,737.5,10,523.5,0.0,0.0,0.0,0.0,0.0,79
2023-05-11 10:03:51,SR401C6300,SR401C6300,523.5,0.0,0.0,0.0,10,421.5,736.0,1,523.5,0.0,0.0,0.0,0.0,0.0,79
2023-05-11 10:03:52,SR401C6300,SR401C6300,523.5,0.0,0.0,0.0,10,421.5,735.5,10,523.5,0.0,0.0,0.0,0.0,0.0,79
2023-05-11 10:03:52,SR401C6300,SR401C6300,523.5,0.0,0.0,0.0,10,421.5,734.0,1,523.5,0.0,0.0,0.0,0.0,0.0,79
2023-05-11 10:03:53,SR401C6300,SR401C6300,523.5,0.0,0.0,0.0,10,421.5,733.5,10,523.5,0.0,0.0,0.0,0.0,0.0,79
2023-05-11 10:03:53,SR401C6300,SR401C6300,523.5,0.0,0.0,0.0,10,421.5,732.0,1,523.5,0.0,0.0,0.0,0.0,0.0,79
2023-05-11 10:03:54,SR401C6300,SR401C6300,523.5,0.0,0.0,0.0,10,421.5,731.5,10,523.5,0.0,0.0,0.0,0.0,0.0,79
2023-05-11 10:14:33,SR401C6300,SR401C6300,523.5,0.0,0.0,0.0,1,216.0,0.0,0,523.5,0.0,0.0,0.0,0.0,0.0,79
2023-05-11 10:30:05,SR401C6300,SR401C6300,523.5,0.0,0.0,0.0,10,216.5,0.0,0,523.5,0.0,0.0,0.0,0.0,0.0,79
2023-05-11 10:30:12,SR401C6300,SR401C6300,523.5,0.0,0.0,0.0,1,217.0,0.0,0,523.5,0.0,0.0,0.0,0.0,0.0,79
2023-05-11 10:30:12,SR401C6300,SR401C6300,523.5,0.0,0.0,0.0,10,217.5,0.0,0,523.5,0.0,0.0,0.0,0.0,0.0,79
2023-05-11 10:30:13,SR401C6300,SR401C6300,523.5,0.0,0.0,0.0,1,218.0,0.0,0,523.5,0.0,0.0,0.0,0.0,0.0,79
2023-05-11 10:30:13,SR401C6300,SR401C6300,523.5,0.0,0.0,0.0,10,218.5,0.0,0,523.5,0.0,0.0,0.0,0.0,0.0,79
2023-05-11 10:30:14,SR401C6300,SR401C6300,523.5,0.0,0.0,0.0,1,219.0,0.0,0,523.5,0.0,0.0,0.0,0.0,0.0,79
2023-05-11 10:30:14,SR401C6300,SR401C6300,523.5,0.0,0.0,0.0,10,219.5,0.0,0,523.5,0.0,0.0,0.0,0.0,0.0,79
2023-05-11 10:30:15,SR401C6300,SR401C6300,523.5,0.0,0.0,0.0,1,220.0,0.0,0,523.5,0.0,0.0,0.0,0.0,0.0,79
2023-05-11 10:30:15,SR401C6300,SR401C6300,523.5,0.0,0.0,0.0,10,220.5,0.0,0,523.5,0.0,0.0,0.0,0.0,0.0,79
2023-05-11 10:30:16,SR401C6300,SR401C6300,523.5,0.0,0.0,0.0,1,221.0,0.0,0,523.5,0.0,0.0,0.0,0.0,0.0,79
2023-05-11 10:30:16,SR401C6300,SR401C6300,523.5,0.0,0.0,0.0,10,221.5,0.0,0,523.5,0.0,0.0,0.0,0.0,0.0,79
2023-05-11 10:30:17,SR401C6300,SR401C6300,523.5,0.0,0.0,0.0,1,222.0,0.0,0,523.5,0.0,0.0,0.0,0.0,0.0,79
2023-05-11 10:30:17,SR401C6300,SR401C6300,523.5,0.0,0.0,0.0,10,222.5,0.0,0,523.5,0.0,0.0,0.0,0.0,0.0,79
2023-05-11 10:30:18,SR401C6300,SR401C6300,523.5,0.0,0.0,0.0,1,223.0,0.0,0,523.5,0.0,0.0,0.0,0.0,0.0,79
2023-05-11 10:30:18,SR401C6300,SR401C6300,523.5,0.0,0.0,0.0,10,223.5,0.0,0,523.5,0.0,0.0,0.0,0.0,0.0,79
2023-05-11 10:32:02,SR401C6300,SR401C6300,523.5,0.0,0.0,0.0,1,225.0,923.5,10,523.5,0.0,0.0,0.0,0.0,0.0,79
2023-05-11 10:32:02,SR401C6300,SR401C6300,523.5,0.0,0.0,0.0,10,225.5,923.5,10,523.5,0.0,0.0,0.0,0.0,0.0,79
2023-05-11 10:32:03,SR401C6300,SR401C6300,523.5,0.0,0.0,0.0,10,225.5,922.0,1,523.5,0.0,0.0,0.0,0.0,0.0,79
2023-05-11 10:32:03,SR401C6300,SR401C6300,523.5,0.0,0.0,0.0,10,225.5,921.5,10,523.5,0.0,0.0,0.0,0.0,0.0,79
2023-05-11 10:32:06,SR401C6300,SR401C6300,523.5,0.0,0.0,0.0,1,227.0,920.0,1,523.5,0.0,0.0,0.0,0.0,0.0,79
2023-05-11 10:32:06,SR401C6300,SR401C6300,523.5,0.0,0.0,0.0,10,227.5,919.5,10,523.5,0.0,0.0,0.0,0.0,0.0,79
2023-05-11 10:32:10,SR401C6300,SR401C6300,523.5,0.0,0.0,0.0,1,229.0,918.0,1,523.5,0.0,0.0,0.0,0.0,0.0,79
2023-05-11 10:32:10,SR401C6300,SR401C6300,523.5,0.0,0.0,0.0,10,229.5,917.5,10,523.5,0.0,0.0,0.0,0.0,0.0,79
2023-05-11 10:32:11,SR401C6300,SR401C6300,523.5,0.0,0.0,0.0,1,231.0,916.0,1,523.5,0.0,0.0,0.0,0.0,0.0,79
2023-05-11 10:32:11,SR401C6300,SR401C6300,523.5,0.0,0.0,0.0,10,231.5,915.5,10,523.5,0.0,0.0,0.0,0.0,0.0,79
2023-05-11 11:29:33,SR401C6300,SR401C6300,523.5,0.0,0.0,0.0,1,216.0,0.0,0,523.5,0.0,0.0,0.0,0.0,0.0,79
2023-05-11 11:29:37,SR401C6300,SR401C6300,523.5,0.0,0.0,0.0,10,216.5,0.0,0,523.5,0.0,0.0,0.0,0.0,0.0,79
2023-05-11 11:29:39,SR401C6300,SR401C6300,523.5,0.0,0.0,0.0,1,216.0,0.0,0,523.5,0.0,0.0,0.0,0.0,0.0,79
2023-05-11 13:30:09,SR401C6300,SR401C6300,523.5,0.0,0.0,0.0,10,216.5,0.0,0,523.5,0.0,0.0,0.0,0.0,0.0,79
2023-05-11 13:31:11,SR401C6300,SR401C6300,523.5,0.0,0.0,0.0,1,217.0,0.0,0,523.5,0.0,0.0,0.0,0.0,0.0,79
2023-05-11 13:31:11,SR401C6300,SR401C6300,523.5,0.0,0.0,0.0,10,217.5,0.0,0,523.5,0.0,0.0,0.0,0.0,0.0,79
2023-05-11 13:31:36,SR401C6300,SR401C6300,523.5,0.0,0.0,0.0,1,218.0,0.0,0,523.5,0.0,0.0,0.0,0.0,0.0,79
2023-05-11 13:31:36,SR401C6300,SR401C6300,523.5,0.0,0.0,0.0,10,218.5,0.0,0,523.5,0.0,0.0,0.0,0.0,0.0,79
2023-05-11 13:31:37,SR401C6300,SR401C6300,523.5,0.0,0.0,0.0,1,219.0,0.0,0,523.5,0.0,0.0,0.0,0.0,0.0,79
2023-05-11 13:31:37,SR401C6300,SR401C6300,523.5,0.0,0.0,0.0,10,219.5,0.0,0,523.5,0.0,0.0,0.0,0.0,0.0,79
2023-05-11 13:31:38,SR401C6300,SR401C6300,523.5,0.0,0.0,0.0,1,220.0,0.0,0,523.5,0.0,0.0,0.0,0.0,0.0,79
2023-05-11 13:31:38,SR401C6300,SR401C6300,523.5,0.0,0.0,0.0,10,220.5,0.0,0,523.5,0.0,0.0,0.0,0.0,0.0,79
2023-05-11 13:31:39,SR401C6300,SR401C6300,523.5,0.0,0.0,0.0,1,221.0,0.0,0,523.5,0.0,0.0,0.0,0.0,0.0,79
2023-05-11 13:31:40,SR401C6300,SR401C6300,523.5,0.0,0.0,0.0,10,221.5,0.0,0,523.5,0.0,0.0,0.0,0.0,0.0,79
2023-05-11 13:31:41,SR401C6300,SR401C6300,523.5,0.0,0.0,0.0,1,222.0,0.0,0,523.5,0.0,0.0,0.0,0.0,0.0,79
2023-05-11 13:31:42,SR401C6300,SR401C6300,523.5,0.0,0.0,0.0,10,222.5,0.0,0,523.5,0.0,0.0,0.0,0.0,0.0,79
2023-05-11 13:31:43,SR401C6300,SR401C6300,523.5,0.0,0.0,0.0,1,223.0,0.0,0,523.5,0.0,0.0,0.0,0.0,0.0,79
2023-05-11 13:31:44,SR401C6300,SR401C6300,523.5,0.0,0.0,0.0,10,223.5,0.0,0,523.5,0.0,0.0,0.0,0.0,0.0,79
2023-05-11 13:31:45,SR401C6300,SR401C6300,523.5,0.0,0.0,0.0,1,224.0,0.0,0,523.5,0.0,0.0,0.0,0.0,0.0,79
2023-05-11 13:31:45,SR401C6300,SR401C6300,523.5,0.0,0.0,0.0,10,224.5,0.0,0,523.5,0.0,0.0,0.0,0.0,0.0,79
2023-05-11 13:31:46,SR401C6300,SR401C6300,523.5,0.0,0.0,0.0,1,225.0,0.0,0,523.5,0.0,0.0,0.0,0.0,0.0,79
2023-05-11 13:31:46,SR401C6300,SR401C6300,523.5,0.0,0.0,0.0,10,225.5,0.0,0,523.5,0.0,0.0,0.0,0.0,0.0,79
2023-05-11 13:31:46,SR401C6300,SR401C6300,523.5,0.0,0.0,0.0,1,225.0,0.0,0,523.5,0.0,0.0,0.0,0.0,0.0,79
2023-05-11 13:31:46,SR401C6300,SR401C6300,523.5,0.0,0.0,0.0,10,225.5,0.0,0,523.5,0.0,0.0,0.0,0.0,0.0,79
2023-05-11 13:47:17,SR401C6300,SR401C6300,523.5,0.0,0.0,0.0,3,535.0,549.0,3,523.5,0.0,0.0,0.0,0.0,0.0,79
2023-05-11 13:47:17,SR401C6300,SR401C6300,523.5,0.0,0.0,0.0,6,535.0,549.0,6,523.5,0.0,0.0,0.0,0.0,0.0,79
2023-05-11 13:47:29,SR401C6300,SR401C6300,523.5,0.0,0.0,0.0,3,535.0,549.0,3,523.5,0.0,0.0,0.0,0.0,0.0,79
2023-05-11 13:47:30,SR401C6300,SR401C6300,523.5,0.0,0.0,0.0,3,534.5,549.5,3,523.5,0.0,0.0,0.0,0.0,0.0,79
2023-05-11 13:47:36,SR401C6300,SR401C6300,523.5,0.0,0.0,0.0,6,533.5,550.5,6,523.5,0.0,0.0,0.0,0.0,0.0,79
2023-05-11 13:47:38,SR401C6300,SR401C6300,523.5,0.0,0.0,0.0,3,533.5,550.5,3,523.5,0.0,0.0,0.0,0.0,0.0,79
2023-05-11 13:47:41,SR401C6300,SR401C6300,523.5,0.0,0.0,0.0,3,532.5,552.5,3,523.5,0.0,0.0,0.0,0.0,0.0,79
2023-05-11 13:47:44,SR401C6300,SR401C6300,523.5,0.0,0.0,0.0,10,216.5,0.0,0,523.5,0.0,0.0,0.0,0.0,0.0,79
2023-05-11 13:47:45,SR401C6300,SR401C6300,523.5,0.0,0.0,0.0,1,217.0,0.0,0,523.5,0.0,0.0,0.0,0.0,0.0,79
2023-05-11 13:47:45,SR401C6300,SR401C6300,523.5,0.0,0.0,0.0,10,217.5,0.0,0,523.5,0.0,0.0,0.0,0.0,0.0,79
2023-05-11 13:47:46,SR401C6300,SR401C6300,523.5,0.0,0.0,0.0,1,218.0,0.0,0,523.5,0.0,0.0,0.0,0.0,0.0,79
2023-05-11 13:47:47,SR401C6300,SR401C6300,523.5,0.0,0.0,0.0,10,218.5,0.0,0,523.5,0.0,0.0,0.0,0.0,0.0,79
2023-05-11 13:47:47,SR401C6300,SR401C6300,523.5,0.0,0.0,0.0,1,219.0,0.0,0,523.5,0.0,0.0,0.0,0.0,0.0,79
2023-05-11 13:47:48,SR401C6300,SR401C6300,523.5,0.0,0.0,0.0,10,219.5,0.0,0,523.5,0.0,0.0,0.0,0.0,0.0,79
2023-05-11 13:47:48,SR401C6300,SR401C6300,523.5,0.0,0.0,0.0,1,220.0,0.0,0,523.5,0.0,0.0,0.0,0.0,0.0,79
2023-05-11 13:47:49,SR401C6300,SR401C6300,523.5,0.0,0.0,0.0,10,220.5,0.0,0,523.5,0.0,0.0,0.0,0.0,0.0,79
2023-05-11 13:47:50,SR401C6300,SR401C6300,523.5,0.0,0.0,0.0,1,221.0,0.0,0,523.5,0.0,0.0,0.0,0.0,0.0,79
2023-05-11 13:47:50,SR401C6300,SR401C6300,523.5,0.0,0.0,0.0,10,221.5,0.0,0,523.5,0.0,0.0,0.0,0.0,0.0,79
2023-05-11 13:47:51,SR401C6300,SR401C6300,523.5,0.0,0.0,0.0,1,222.0,0.0,0,523.5,0.0,0.0,0.0,0.0,0.0,79
2023-05-11 13:47:52,SR401C6300,SR401C6300,523.5,0.0,0.0,0.0,10,222.5,0.0,0,523.5,0.0,0.0,0.0,0.0,0.0,79
2023-05-11 13:47:52,SR401C6300,SR401C6300,523.5,0.0,0.0,0.0,1,223.0,0.0,0,523.5,0.0,0.0,0.0,0.0,0.0,79
2023-05-11 13:47:53,SR401C6300,SR401C6300,523.5,0.0,0.0,0.0,10,223.5,0.0,0,523.5,0.0,0.0,0.0,0.0,0.0,79
2023-05-11 13:47:53,SR401C6300,SR401C6300,523.5,0.0,0.0,0.0,1,224.0,0.0,0,523.5,0.0,0.0,0.0,0.0,0.0,79
2023-05-11 13:47:54,SR401C6300,SR401C6300,523.5,0.0,0.0,0.0,10,224.5,0.0,0,523.5,0.0,0.0,0.0,0.0,0.0,79
2023-05-11 13:47:54,SR401C6300,SR401C6300,523.5,0.0,0.0,0.0,1,225.0,0.0,0,523.5,0.0,0.0,0.0,0.0,0.0,79
2023-05-11 13:47:55,SR401C6300,SR401C6300,523.5,0.0,0.0,0.0,10,225.5,0.0,0,523.5,0.0,0.0,0.0,0.0,0.0,79
2023-05-11 14:07:49,SR401C6300,SR401C6300,523.5,0.0,0.0,0.0,3,532.5,546.5,3,523.5,0.0,0.0,0.0,0.0,0.0,79
2023-05-11 14:07:54,SR401C6300,SR401C6300,523.5,0.0,0.0,0.0,6,532.5,546.5,6,523.5,0.0,0.0,0.0,0.0,0.0,79
2023-05-11 14:08:02,SR401C6300,SR401C6300,523.5,0.0,0.0,0.0,3,532.5,546.5,3,523.5,0.0,0.0,0.0,0.0,0.0,79
2023-05-11 14:08:06,SR401C6300,SR401C6300,523.5,0.0,0.0,0.0,9,532.0,547.0,6,523.5,0.0,0.0,0.0,0.0,0.0,79
2023-05-11 14:08:07,SR401C6300,SR401C6300,523.5,0.0,0.0,0.0,6,532.0,547.0,3,523.5,0.0,0.0,0.0,0.0,0.0,79
2023-05-11 14:08:10,SR401C6300,SR401C6300,523.5,0.0,0.0,0.0,3,532.0,547.0,3,523.5,0.0,0.0,0.0,0.0,0.0,79
2023-05-11 14:08:13,SR401C6300,SR401C6300,523.5,0.0,0.0,0.0,3,530.5,548.5,3,523.5,0.0,0.0,0.0,0.0,0.0,79
2023-05-11 14:08:15,SR401C6300,SR401C6300,523.5,0.0,0.0,0.0,1,216.0,0.0,0,523.5,0.0,0.0,0.0,0.0,0.0,79
2023-05-11 14:08:15,SR401C6300,SR401C6300,523.5,0.0,0.0,0.0,11,216.5,0.0,0,523.5,0.0,0.0,0.0,0.0,0.0,79
2023-05-11 14:08:15,SR401C6300,SR401C6300,523.5,0.0,0.0,0.0,1,216.0,0.0,0,523.5,0.0,0.0,0.0,0.0,0.0,79
2023-05-11 14:08:15,SR401C6300,SR401C6300,523.5,0.0,0.0,0.0,11,216.5,0.0,0,523.5,0.0,0.0,0.0,0.0,0.0,79
2023-05-11 14:59:03,SR401C6300,SR401C6300,523.5,0.0,0.0,0.0,1,216.5,0.0,0,523.5,0.0,0.0,0.0,0.0,0.0,79
