time,symbol_id,symbol_name,last,trade_volume,trade_amount,open_interest_change,bv1,bp1,ap1,av1,yesterday_close,today_open,today_high,today_low,volume,amount,open_interest
2023-05-10 19:12:58,SR401P5700,SR401P5700,31.0,0.0,0.0,0.0,0,0.0,0.0,0,31.0,32.0,0.0,0.0,0.0,0.0,129
2023-05-10 20:59:00,SR401P5700,SR401P5700,31.0,0.0,0.0,0.0,100,2.0,0.0,0,31.0,32.0,0.0,0.0,0.0,0.0,129
2023-05-10 21:00:00,SR401P5700,SR401P5700,31.0,0.0,0.0,0.0,2,14.0,0.0,0,31.0,32.0,0.0,0.0,0.0,0.0,129
2023-05-10 21:00:03,SR401P5700,SR401P5700,31.0,0.0,0.0,0.0,2,14.0,164.5,2,31.0,32.0,0.0,0.0,0.0,0.0,129
2023-05-10 21:00:12,SR401P5700,SR401P5700,31.0,0.0,0.0,0.0,3,29.5,32.5,3,31.0,32.0,0.0,0.0,0.0,0.0,129
2023-05-10 21:00:17,SR401P5700,SR401P5700,31.0,0.0,0.0,0.0,6,29.5,32.5,6,31.0,32.0,0.0,0.0,0.0,0.0,129
2023-05-10 21:00:18,SR401P5700,SR401P5700,31.0,0.0,0.0,0.0,9,29.5,32.5,6,31.0,32.0,0.0,0.0,0.0,0.0,129
2023-05-10 21:00:22,SR401P5700,SR401P5700,31.0,0.0,0.0,0.0,9,29.5,32.5,9,31.0,32.0,0.0,0.0,0.0,0.0,129
2023-05-10 21:00:25,SR401P5700,SR401P5700,31.0,0.0,0.0,0.0,6,29.5,32.5,6,31.0,32.0,0.0,0.0,0.0,0.0,129
2023-05-10 21:00:27,SR401P5700,SR401P5700,31.0,0.0,0.0,0.0,9,29.5,32.5,9,31.0,32.0,0.0,0.0,0.0,0.0,129
2023-05-10 21:00:29,SR401P5700,SR401P5700,31.0,0.0,0.0,0.0,6,29.5,32.5,6,31.0,32.0,0.0,0.0,0.0,0.0,129
2023-05-10 21:00:30,SR401P5700,SR401P5700,31.0,0.0,0.0,0.0,3,29.5,32.5,6,31.0,32.0,0.0,0.0,0.0,0.0,129
2023-05-10 21:00:33,SR401P5700,SR401P5700,31.0,0.0,0.0,0.0,3,29.5,32.5,3,31.0,32.0,0.0,0.0,0.0,0.0,129
2023-05-10 21:00:37,SR401P5700,SR401P5700,31.0,0.0,0.0,0.0,3,26.5,35.5,3,31.0,32.0,0.0,0.0,0.0,0.0,129
2023-05-10 21:00:38,SR401P5700,SR401P5700,31.0,0.0,0.0,0.0,2,14.0,46.0,2,31.0,32.0,0.0,0.0,0.0,0.0,129
2023-05-10 21:01:08,SR401P5700,SR401P5700,31.0,0.0,0.0,0.0,5,27.0,34.0,5,31.0,32.0,0.0,0.0,0.0,0.0,129
2023-05-10 21:02:05,SR401P5700,SR401P5700,31.0,0.0,0.0,0.0,5,27.0,33.5,5,31.0,32.0,0.0,0.0,0.0,0.0,129
2023-05-10 21:02:13,SR401P5700,SR401P5700,31.0,0.0,0.0,0.0,5,27.5,33.5,5,31.0,32.0,0.0,0.0,0.0,0.0,129
2023-05-10 21:02:54,SR401P5700,SR401P5700,31.0,0.0,0.0,0.0,6,28.0,33.5,5,31.0,32.0,0.0,0.0,0.0,0.0,129
2023-05-10 21:03:13,SR401P5700,SR401P5700,31.0,0.0,0.0,0.0,11,28.0,33.5,5,31.0,32.0,0.0,0.0,0.0,0.0,129
2023-05-10 21:04:50,SR401P5700,SR401P5700,31.0,0.0,0.0,0.0,5,28.5,33.5,5,31.0,32.0,0.0,0.0,0.0,0.0,129
2023-05-10 21:06:14,SR401P5700,SR401P5700,31.0,0.0,0.0,0.0,5,29.0,33.5,5,31.0,32.0,0.0,0.0,0.0,0.0,129
2023-05-10 21:10:11,SR401P5700,SR401P5700,31.0,0.0,0.0,0.0,5,29.5,33.5,5,31.0,32.0,0.0,0.0,0.0,0.0,129
2023-05-10 21:23:25,SR401P5700,SR401P5700,31.0,0.0,0.0,0.0,3,30.0,33.5,5,31.0,32.0,0.0,0.0,0.0,0.0,129
2023-05-10 21:23:36,SR401P5700,SR401P5700,31.0,0.0,0.0,0.0,5,29.5,33.5,5,31.0,32.0,0.0,0.0,0.0,0.0,129
2023-05-10 21:23:44,SR401P5700,SR401P5700,31.0,0.0,0.0,0.0,1,30.0,33.5,5,31.0,32.0,0.0,0.0,0.0,0.0,129
2023-05-10 21:27:35,SR401P5700,SR401P5700,31.0,0.0,0.0,0.0,2,30.0,33.5,5,31.0,32.0,0.0,0.0,0.0,0.0,129
2023-05-10 21:28:45,SR401P5700,SR401P5700,31.0,0.0,0.0,0.0,1,30.0,33.5,5,31.0,32.0,0.0,0.0,0.0,0.0,129
2023-05-10 22:08:49,SR401P5700,SR401P5700,31.0,0.0,0.0,0.0,6,30.0,33.5,5,31.0,32.0,0.0,0.0,0.0,0.0,129
2023-05-10 22:55:59,SR401P5700,SR401P5700,31.0,0.0,0.0,0.0,1,30.0,46.0,2,31.0,32.0,0.0,0.0,0.0,0.0,129
2023-05-10 22:56:33,SR401P5700,SR401P5700,31.0,0.0,0.0,0.0,1,30.0,0.0,0,31.0,32.0,0.0,0.0,0.0,0.0,129
2023-05-10 22:56:35,SR401P5700,SR401P5700,31.0,0.0,0.0,0.0,1,30.0,431.5,1,31.0,32.0,0.0,0.0,0.0,0.0,129
2023-05-10 22:56:36,SR401P5700,SR401P5700,31.0,0.0,0.0,0.0,1,30.0,426.0,1,31.0,32.0,0.0,0.0,0.0,0.0,129
2023-05-10 22:56:38,SR401P5700,SR401P5700,31.0,0.0,0.0,0.0,1,30.0,424.5,1,31.0,32.0,0.0,0.0,0.0,0.0,129
2023-05-10 22:59:53,SR401P5700,SR401P5700,31.0,0.0,0.0,0.0,1,30.0,0.0,0,31.0,32.0,0.0,0.0,0.0,0.0,129
2023-05-11 09:00:03,SR401P5700,SR401P5700,31.0,0.0,0.0,0.0,1,30.0,165.5,2,31.0,32.0,0.0,0.0,0.0,0.0,129
2023-05-11 09:00:14,SR401P5700,SR401P5700,31.0,0.0,0.0,0.0,1,30.0,31.0,3,31.0,32.0,0.0,0.0,0.0,0.0,129
2023-05-11 09:00:21,SR401P5700,SR401P5700,31.0,0.0,0.0,0.0,4,30.0,31.0,3,31.0,32.0,0.0,0.0,0.0,0.0,129
2023-05-11 09:00:25,SR401P5700,SR401P5700,31.0,0.0,0.0,0.0,7,30.0,31.0,6,31.0,32.0,0.0,0.0,0.0,0.0,129
2023-05-11 09:00:27,SR401P5700,SR401P5700,31.0,0.0,0.0,0.0,13,30.0,31.0,6,31.0,32.0,0.0,0.0,0.0,0.0,129
2023-05-11 09:00:27,SR401P5700,SR401P5700,31.0,0.0,0.0,0.0,13,30.0,31.0,3,31.0,32.0,0.0,0.0,0.0,0.0,129
2023-05-11 09:00:30,SR401P5700,SR401P5700,31.0,0.0,0.0,0.0,16,30.0,31.0,3,31.0,32.0,0.0,0.0,0.0,0.0,129
2023-05-11 09:00:34,SR401P5700,SR401P5700,31.0,0.0,0.0,0.0,13,30.0,31.0,3,31.0,32.0,0.0,0.0,0.0,0.0,129
2023-05-11 09:00:37,SR401P5700,SR401P5700,31.0,0.0,0.0,0.0,10,30.0,31.0,3,31.0,32.0,0.0,0.0,0.0,0.0,129
2023-05-11 09:00:38,SR401P5700,SR401P5700,31.0,0.0,0.0,0.0,7,30.0,31.5,3,31.0,32.0,0.0,0.0,0.0,0.0,129
2023-05-11 09:00:38,SR401P5700,SR401P5700,31.0,0.0,0.0,0.0,4,30.0,31.5,3,31.0,32.0,0.0,0.0,0.0,0.0,129
2023-05-11 09:00:41,SR401P5700,SR401P5700,31.0,0.0,0.0,0.0,1,30.0,49.0,2,31.0,32.0,0.0,0.0,0.0,0.0,129
2023-05-11 09:01:22,SR401P5700,SR401P5700,31.0,0.0,0.0,0.0,1,30.0,34.0,5,31.0,32.0,0.0,0.0,0.0,0.0,129
2023-05-11 09:01:27,SR401P5700,SR401P5700,31.0,0.0,0.0,0.0,1,30.0,33.5,5,31.0,32.0,0.0,0.0,0.0,0.0,129
2023-05-11 09:05:11,SR401P5700,SR401P5700,31.0,0.0,0.0,0.0,6,30.0,33.5,5,31.0,32.0,0.0,0.0,0.0,0.0,129
2023-05-11 09:05:57,SR401P5700,SR401P5700,31.0,0.0,0.0,0.0,5,30.5,33.5,5,31.0,32.0,0.0,0.0,0.0,0.0,129
2023-05-11 09:17:14,SR401P5700,SR401P5700,31.0,0.0,0.0,0.0,5,31.0,33.5,5,31.0,32.0,0.0,0.0,0.0,0.0,129
2023-05-11 09:20:38,SR401P5700,SR401P5700,31.0,0.0,0.0,0.0,5,31.0,34.0,5,31.0,32.0,0.0,0.0,0.0,0.0,129
2023-05-11 09:54:23,SR401P5700,SR401P5700,31.0,0.0,0.0,0.0,5,31.0,33.5,5,31.0,32.0,0.0,0.0,0.0,0.0,129
2023-05-11 09:57:44,SR401P5700,SR401P5700,31.0,0.0,0.0,0.0,5,30.5,33.5,5,31.0,32.0,0.0,0.0,0.0,0.0,129
2023-05-11 10:04:01,SR401P5700,SR401P5700,31.0,0.0,0.0,0.0,5,31.0,33.5,5,31.0,32.0,0.0,0.0,0.0,0.0,129
2023-05-11 10:04:26,SR401P5700,SR401P5700,31.0,0.0,0.0,0.0,5,31.0,34.0,5,31.0,32.0,0.0,0.0,0.0,0.0,129
2023-05-11 10:07:06,SR401P5700,SR401P5700,31.0,0.0,0.0,0.0,5,31.5,34.0,5,31.0,32.0,0.0,0.0,0.0,0.0,129
2023-05-11 10:07:37,SR401P5700,SR401P5700,31.0,0.0,0.0,0.0,5,31.5,35.5,5,31.0,32.0,0.0,0.0,0.0,0.0,129
2023-05-11 10:07:45,SR401P5700,SR401P5700,31.0,0.0,0.0,0.0,5,31.5,35.0,5,31.0,32.0,0.0,0.0,0.0,0.0,129
2023-05-11 10:09:07,SR401P5700,SR401P5700,31.0,0.0,0.0,0.0,5,32.0,35.0,5,31.0,32.0,0.0,0.0,0.0,0.0,129
2023-05-11 10:12:10,SR401P5700,SR401P5700,31.0,0.0,0.0,0.0,5,32.0,35.5,5,31.0,32.0,0.0,0.0,0.0,0.0,129
2023-05-11 10:12:11,SR401P5700,SR401P5700,31.0,0.0,0.0,0.0,5,32.5,35.5,5,31.0,32.0,0.0,0.0,0.0,0.0,129
2023-05-11 10:41:35,SR401P5700,SR401P5700,31.0,0.0,0.0,0.0,5,32.5,35.0,5,31.0,32.0,0.0,0.0,0.0,0.0,129
2023-05-11 10:48:44,SR401P5700,SR401P5700,31.0,0.0,0.0,0.0,5,32.0,35.0,5,31.0,32.0,0.0,0.0,0.0,0.0,129
2023-05-11 10:49:33,SR401P5700,SR401P5700,31.0,0.0,0.0,0.0,5,32.0,34.5,5,31.0,32.0,0.0,0.0,0.0,0.0,129
2023-05-11 10:49:33,SR401P5700,SR401P5700,31.0,0.0,0.0,0.0,6,28.0,34.5,5,31.0,32.0,0.0,0.0,0.0,0.0,129
2023-05-11 10:49:34,SR401P5700,SR401P5700,31.0,0.0,0.0,0.0,5,30.5,34.5,5,31.0,32.0,0.0,0.0,0.0,0.0,129
2023-05-11 10:51:33,SR401P5700,SR401P5700,31.0,0.0,0.0,0.0,5,31.0,34.5,5,31.0,32.0,0.0,0.0,0.0,0.0,129
2023-05-11 10:53:46,SR401P5700,SR401P5700,31.0,0.0,0.0,0.0,5,31.0,34.0,5,31.0,32.0,0.0,0.0,0.0,0.0,129
2023-05-11 11:12:05,SR401P5700,SR401P5700,31.0,0.0,0.0,0.0,5,31.0,33.5,5,31.0,32.0,0.0,0.0,0.0,0.0,129
2023-05-11 11:13:36,SR401P5700,SR401P5700,31.0,0.0,0.0,0.0,5,30.5,33.5,5,31.0,32.0,0.0,0.0,0.0,0.0,129
2023-05-11 11:15:41,SR401P5700,SR401P5700,31.0,0.0,0.0,0.0,5,30.5,33.0,5,31.0,32.0,0.0,0.0,0.0,0.0,129
2023-05-11 11:29:31,SR401P5700,SR401P5700,31.0,0.0,0.0,0.0,6,28.0,49.0,2,31.0,32.0,0.0,0.0,0.0,0.0,129
2023-05-11 13:44:11,SR401P5700,SR401P5700,31.0,0.0,0.0,0.0,5,28.5,33.0,5,31.0,32.0,0.0,0.0,0.0,0.0,129
2023-05-11 13:58:36,SR401P5700,SR401P5700,31.0,0.0,0.0,0.0,5,28.5,32.5,5,31.0,32.0,0.0,0.0,0.0,0.0,129
2023-05-11 13:59:18,SR401P5700,SR401P5700,31.0,0.0,0.0,0.0,5,28.5,32.0,5,31.0,32.0,0.0,0.0,0.0,0.0,129
2023-05-11 14:32:51,SR401P5700,SR401P5700,31.0,0.0,0.0,0.0,8,29.0,32.0,5,31.0,32.0,0.0,0.0,0.0,0.0,129
2023-05-11 14:33:10,SR401P5700,SR401P5700,31.0,0.0,0.0,0.0,1,30.0,32.0,5,31.0,32.0,0.0,0.0,0.0,0.0,129
2023-05-11 14:33:33,SR401P5700,SR401P5700,31.0,0.0,0.0,0.0,1,31.0,32.0,5,31.0,32.0,0.0,0.0,0.0,0.0,129
2023-05-11 14:33:41,SR401P5700,SR401P5700,32.0,1.0,32.0,1.0,5,28.5,32.0,4,31.0,32.0,32.0,32.0,1.0,32.0,130
2023-05-11 14:34:07,SR401P5700,SR401P5700,32.0,4.0,128.0,4.0,5,29.0,32.5,5,31.0,32.0,32.0,32.0,5.0,160.0,134
2023-05-11 14:34:27,SR401P5700,SR401P5700,32.5,3.0,96.0,3.0,5,29.0,32.5,2,31.0,32.0,32.5,32.0,8.0,256.0,137
2023-05-11 14:34:42,SR401P5700,SR401P5700,32.5,0.0,0.0,0.0,5,29.5,32.5,2,31.0,32.0,32.5,32.0,8.0,256.0,137
2023-05-11 14:52:09,SR401P5700,SR401P5700,32.5,0.0,0.0,0.0,5,29.5,34.0,5,31.0,32.0,32.5,32.0,8.0,256.0,137
2023-05-11 14:55:32,SR401P5700,SR401P5700,32.5,0.0,0.0,0.0,5,30.0,34.0,5,31.0,32.0,32.5,32.0,8.0,256.0,137
2023-05-11 14:59:01,SR401P5700,SR401P5700,32.5,0.0,0.0,0.0,6,28.0,49.0,2,31.0,32.0,32.5,32.0,8.0,256.0,137
2023-05-11 14:59:01,SR401P5700,SR401P5700,32.5,0.0,0.0,0.0,6,28.0,49.0,2,31.0,32.0,32.5,32.0,8.0,256.0,137
