time,symbol_id,symbol_name,last,trade_volume,trade_amount,open_interest_change,bv1,bp1,ap1,av1,yesterday_close,today_open,today_high,today_low,volume,amount,open_interest
2023-05-10 19:12:58,SR401C5500,SR401C5500,1206.0,0.0,0.0,0.0,0,0.0,0.0,0,1206.0,0.0,0.0,0.0,0.0,0.0,42
2023-05-10 21:02:06,SR401C5500,SR401C5500,1206.0,0.0,0.0,0.0,10,806.0,1606.0,10,1206.0,0.0,0.0,0.0,0.0,0.0,42
2023-05-10 21:02:12,SR401C5500,SR401C5500,1206.0,0.0,0.0,0.0,1,807.5,1604.5,1,1206.0,0.0,0.0,0.0,0.0,0.0,42
2023-05-10 21:02:12,SR401C5500,SR401C5500,1206.0,0.0,0.0,0.0,10,808.0,1604.0,10,1206.0,0.0,0.0,0.0,0.0,0.0,42
2023-05-10 21:02:14,SR401C5500,SR401C5500,1206.0,0.0,0.0,0.0,1,809.5,1602.5,1,1206.0,0.0,0.0,0.0,0.0,0.0,42
2023-05-10 21:02:14,SR401C5500,SR401C5500,1206.0,0.0,0.0,0.0,10,810.0,1602.0,10,1206.0,0.0,0.0,0.0,0.0,0.0,42
2023-05-10 21:02:19,SR401C5500,SR401C5500,1206.0,0.0,0.0,0.0,1,811.5,1600.5,1,1206.0,0.0,0.0,0.0,0.0,0.0,42
2023-05-10 21:02:19,SR401C5500,SR401C5500,1206.0,0.0,0.0,0.0,10,812.0,1600.0,10,1206.0,0.0,0.0,0.0,0.0,0.0,42
2023-05-10 21:02:29,SR401C5500,SR401C5500,1206.0,0.0,0.0,0.0,1,813.5,1598.5,1,1206.0,0.0,0.0,0.0,0.0,0.0,42
2023-05-10 21:02:29,SR401C5500,SR401C5500,1206.0,0.0,0.0,0.0,10,814.0,1598.0,10,1206.0,0.0,0.0,0.0,0.0,0.0,42
2023-05-10 21:02:35,SR401C5500,SR401C5500,1206.0,0.0,0.0,0.0,1,815.5,1596.5,1,1206.0,0.0,0.0,0.0,0.0,0.0,42
2023-05-10 21:02:35,SR401C5500,SR401C5500,1206.0,0.0,0.0,0.0,10,816.0,1596.0,10,1206.0,0.0,0.0,0.0,0.0,0.0,42
2023-05-10 21:02:36,SR401C5500,SR401C5500,1206.0,0.0,0.0,0.0,1,817.5,1596.0,10,1206.0,0.0,0.0,0.0,0.0,0.0,42
2023-05-10 21:02:36,SR401C5500,SR401C5500,1206.0,0.0,0.0,0.0,10,818.0,1596.0,10,1206.0,0.0,0.0,0.0,0.0,0.0,42
2023-05-10 21:02:37,SR401C5500,SR401C5500,1206.0,0.0,0.0,0.0,10,818.0,1594.5,1,1206.0,0.0,0.0,0.0,0.0,0.0,42
2023-05-10 21:02:37,SR401C5500,SR401C5500,1206.0,0.0,0.0,0.0,10,818.0,1594.0,10,1206.0,0.0,0.0,0.0,0.0,0.0,42
2023-05-10 21:02:38,SR401C5500,SR401C5500,1206.0,0.0,0.0,0.0,1,819.5,1592.5,1,1206.0,0.0,0.0,0.0,0.0,0.0,42
2023-05-10 21:02:38,SR401C5500,SR401C5500,1206.0,0.0,0.0,0.0,10,820.0,1592.0,10,1206.0,0.0,0.0,0.0,0.0,0.0,42
2023-05-10 21:02:39,SR401C5500,SR401C5500,1206.0,0.0,0.0,0.0,1,821.5,1590.5,1,1206.0,0.0,0.0,0.0,0.0,0.0,42
2023-05-10 21:02:39,SR401C5500,SR401C5500,1206.0,0.0,0.0,0.0,10,822.0,1590.0,10,1206.0,0.0,0.0,0.0,0.0,0.0,42
2023-05-10 21:02:40,SR401C5500,SR401C5500,1206.0,0.0,0.0,0.0,1,823.5,1588.5,1,1206.0,0.0,0.0,0.0,0.0,0.0,42
2023-05-10 21:02:40,SR401C5500,SR401C5500,1206.0,0.0,0.0,0.0,10,824.0,1588.0,10,1206.0,0.0,0.0,0.0,0.0,0.0,42
2023-05-10 21:02:45,SR401C5500,SR401C5500,1206.0,0.0,0.0,0.0,1,825.5,1586.5,1,1206.0,0.0,0.0,0.0,0.0,0.0,42
2023-05-10 21:02:45,SR401C5500,SR401C5500,1206.0,0.0,0.0,0.0,10,826.0,1586.0,10,1206.0,0.0,0.0,0.0,0.0,0.0,42
2023-05-10 21:02:50,SR401C5500,SR401C5500,1206.0,0.0,0.0,0.0,1,827.5,1584.5,1,1206.0,0.0,0.0,0.0,0.0,0.0,42
2023-05-10 21:02:50,SR401C5500,SR401C5500,1206.0,0.0,0.0,0.0,10,828.0,1584.0,10,1206.0,0.0,0.0,0.0,0.0,0.0,42
2023-05-10 21:02:51,SR401C5500,SR401C5500,1206.0,0.0,0.0,0.0,1,829.5,1582.5,1,1206.0,0.0,0.0,0.0,0.0,0.0,42
2023-05-10 21:02:51,SR401C5500,SR401C5500,1206.0,0.0,0.0,0.0,10,830.0,1582.0,10,1206.0,0.0,0.0,0.0,0.0,0.0,42
2023-05-10 21:02:57,SR401C5500,SR401C5500,1206.0,0.0,0.0,0.0,1,831.5,1580.5,1,1206.0,0.0,0.0,0.0,0.0,0.0,42
2023-05-10 21:02:57,SR401C5500,SR401C5500,1206.0,0.0,0.0,0.0,10,832.0,1580.0,10,1206.0,0.0,0.0,0.0,0.0,0.0,42
2023-05-10 21:02:58,SR401C5500,SR401C5500,1206.0,0.0,0.0,0.0,1,833.5,1578.5,1,1206.0,0.0,0.0,0.0,0.0,0.0,42
2023-05-10 21:02:58,SR401C5500,SR401C5500,1206.0,0.0,0.0,0.0,10,834.0,1578.0,10,1206.0,0.0,0.0,0.0,0.0,0.0,42
2023-05-10 21:03:01,SR401C5500,SR401C5500,1206.0,0.0,0.0,0.0,1,835.5,1578.0,10,1206.0,0.0,0.0,0.0,0.0,0.0,42
2023-05-10 21:03:01,SR401C5500,SR401C5500,1206.0,0.0,0.0,0.0,10,836.0,1578.0,10,1206.0,0.0,0.0,0.0,0.0,0.0,42
2023-05-10 21:03:05,SR401C5500,SR401C5500,1206.0,0.0,0.0,0.0,1,837.5,1576.5,1,1206.0,0.0,0.0,0.0,0.0,0.0,42
2023-05-10 21:03:05,SR401C5500,SR401C5500,1206.0,0.0,0.0,0.0,10,838.0,1576.0,10,1206.0,0.0,0.0,0.0,0.0,0.0,42
2023-05-10 21:03:07,SR401C5500,SR401C5500,1206.0,0.0,0.0,0.0,1,839.5,1574.5,1,1206.0,0.0,0.0,0.0,0.0,0.0,42
2023-05-10 21:03:07,SR401C5500,SR401C5500,1206.0,0.0,0.0,0.0,10,840.0,1574.0,10,1206.0,0.0,0.0,0.0,0.0,0.0,42
2023-05-10 21:03:10,SR401C5500,SR401C5500,1206.0,0.0,0.0,0.0,1,841.5,1572.5,1,1206.0,0.0,0.0,0.0,0.0,0.0,42
2023-05-10 21:03:10,SR401C5500,SR401C5500,1206.0,0.0,0.0,0.0,10,842.0,1572.0,10,1206.0,0.0,0.0,0.0,0.0,0.0,42
2023-05-10 21:03:14,SR401C5500,SR401C5500,1206.0,0.0,0.0,0.0,1,843.5,1570.5,1,1206.0,0.0,0.0,0.0,0.0,0.0,42
2023-05-10 21:03:14,SR401C5500,SR401C5500,1206.0,0.0,0.0,0.0,10,844.0,1570.0,10,1206.0,0.0,0.0,0.0,0.0,0.0,42
2023-05-10 21:03:17,SR401C5500,SR401C5500,1206.0,0.0,0.0,0.0,1,845.5,1570.0,10,1206.0,0.0,0.0,0.0,0.0,0.0,42
2023-05-10 21:03:17,SR401C5500,SR401C5500,1206.0,0.0,0.0,0.0,10,846.0,1568.5,1,1206.0,0.0,0.0,0.0,0.0,0.0,42
2023-05-10 21:03:18,SR401C5500,SR401C5500,1206.0,0.0,0.0,0.0,1,847.5,1568.0,10,1206.0,0.0,0.0,0.0,0.0,0.0,42
2023-05-10 21:03:18,SR401C5500,SR401C5500,1206.0,0.0,0.0,0.0,10,848.0,1568.0,10,1206.0,0.0,0.0,0.0,0.0,0.0,42
2023-05-10 21:03:19,SR401C5500,SR401C5500,1206.0,0.0,0.0,0.0,1,849.5,1566.5,1,1206.0,0.0,0.0,0.0,0.0,0.0,42
2023-05-10 21:03:19,SR401C5500,SR401C5500,1206.0,0.0,0.0,0.0,10,850.0,1566.0,10,1206.0,0.0,0.0,0.0,0.0,0.0,42
2023-05-10 21:03:20,SR401C5500,SR401C5500,1206.0,0.0,0.0,0.0,1,851.5,1564.5,1,1206.0,0.0,0.0,0.0,0.0,0.0,42
2023-05-10 21:03:20,SR401C5500,SR401C5500,1206.0,0.0,0.0,0.0,10,852.0,1564.0,10,1206.0,0.0,0.0,0.0,0.0,0.0,42
2023-05-10 21:03:23,SR401C5500,SR401C5500,1206.0,0.0,0.0,0.0,1,853.5,1562.5,1,1206.0,0.0,0.0,0.0,0.0,0.0,42
2023-05-10 21:03:23,SR401C5500,SR401C5500,1206.0,0.0,0.0,0.0,10,854.0,1562.0,10,1206.0,0.0,0.0,0.0,0.0,0.0,42
2023-05-10 21:03:28,SR401C5500,SR401C5500,1206.0,0.0,0.0,0.0,1,855.5,1560.5,1,1206.0,0.0,0.0,0.0,0.0,0.0,42
2023-05-10 21:03:28,SR401C5500,SR401C5500,1206.0,0.0,0.0,0.0,10,856.0,1560.0,10,1206.0,0.0,0.0,0.0,0.0,0.0,42
2023-05-10 21:03:31,SR401C5500,SR401C5500,1206.0,0.0,0.0,0.0,1,857.5,1558.5,1,1206.0,0.0,0.0,0.0,0.0,0.0,42
2023-05-10 21:03:31,SR401C5500,SR401C5500,1206.0,0.0,0.0,0.0,10,858.0,1558.0,10,1206.0,0.0,0.0,0.0,0.0,0.0,42
2023-05-10 21:03:33,SR401C5500,SR401C5500,1206.0,0.0,0.0,0.0,1,859.5,1556.5,1,1206.0,0.0,0.0,0.0,0.0,0.0,42
2023-05-10 21:03:33,SR401C5500,SR401C5500,1206.0,0.0,0.0,0.0,10,860.0,1556.0,10,1206.0,0.0,0.0,0.0,0.0,0.0,42
2023-05-10 21:03:34,SR401C5500,SR401C5500,1206.0,0.0,0.0,0.0,1,861.5,1554.5,1,1206.0,0.0,0.0,0.0,0.0,0.0,42
2023-05-10 21:03:34,SR401C5500,SR401C5500,1206.0,0.0,0.0,0.0,10,862.0,1554.0,10,1206.0,0.0,0.0,0.0,0.0,0.0,42
2023-05-10 21:03:39,SR401C5500,SR401C5500,1206.0,0.0,0.0,0.0,1,863.5,1552.5,1,1206.0,0.0,0.0,0.0,0.0,0.0,42
2023-05-10 21:03:39,SR401C5500,SR401C5500,1206.0,0.0,0.0,0.0,10,864.0,1552.0,10,1206.0,0.0,0.0,0.0,0.0,0.0,42
2023-05-10 21:03:40,SR401C5500,SR401C5500,1206.0,0.0,0.0,0.0,1,865.5,1550.5,1,1206.0,0.0,0.0,0.0,0.0,0.0,42
2023-05-10 21:03:40,SR401C5500,SR401C5500,1206.0,0.0,0.0,0.0,10,866.0,1550.0,10,1206.0,0.0,0.0,0.0,0.0,0.0,42
2023-05-10 21:03:41,SR401C5500,SR401C5500,1206.0,0.0,0.0,0.0,1,867.5,1548.5,1,1206.0,0.0,0.0,0.0,0.0,0.0,42
2023-05-10 21:03:41,SR401C5500,SR401C5500,1206.0,0.0,0.0,0.0,10,868.0,1548.0,10,1206.0,0.0,0.0,0.0,0.0,0.0,42
2023-05-10 21:03:48,SR401C5500,SR401C5500,1206.0,0.0,0.0,0.0,1,869.5,1546.5,1,1206.0,0.0,0.0,0.0,0.0,0.0,42
2023-05-10 21:03:48,SR401C5500,SR401C5500,1206.0,0.0,0.0,0.0,10,870.0,1546.0,10,1206.0,0.0,0.0,0.0,0.0,0.0,42
2023-05-10 21:03:53,SR401C5500,SR401C5500,1206.0,0.0,0.0,0.0,1,871.5,1544.5,1,1206.0,0.0,0.0,0.0,0.0,0.0,42
2023-05-10 21:03:53,SR401C5500,SR401C5500,1206.0,0.0,0.0,0.0,10,872.0,1544.0,10,1206.0,0.0,0.0,0.0,0.0,0.0,42
2023-05-10 21:03:54,SR401C5500,SR401C5500,1206.0,0.0,0.0,0.0,1,873.5,1542.5,1,1206.0,0.0,0.0,0.0,0.0,0.0,42
2023-05-10 21:03:54,SR401C5500,SR401C5500,1206.0,0.0,0.0,0.0,10,874.0,1542.0,10,1206.0,0.0,0.0,0.0,0.0,0.0,42
2023-05-10 21:03:55,SR401C5500,SR401C5500,1206.0,0.0,0.0,0.0,1,875.5,1540.5,1,1206.0,0.0,0.0,0.0,0.0,0.0,42
2023-05-10 21:03:55,SR401C5500,SR401C5500,1206.0,0.0,0.0,0.0,10,876.0,1540.0,10,1206.0,0.0,0.0,0.0,0.0,0.0,42
2023-05-10 21:04:03,SR401C5500,SR401C5500,1206.0,0.0,0.0,0.0,1,877.5,1538.5,1,1206.0,0.0,0.0,0.0,0.0,0.0,42
2023-05-10 21:04:03,SR401C5500,SR401C5500,1206.0,0.0,0.0,0.0,10,878.0,1538.0,10,1206.0,0.0,0.0,0.0,0.0,0.0,42
2023-05-10 21:04:09,SR401C5500,SR401C5500,1206.0,0.0,0.0,0.0,1,879.5,1536.5,1,1206.0,0.0,0.0,0.0,0.0,0.0,42
2023-05-10 21:04:09,SR401C5500,SR401C5500,1206.0,0.0,0.0,0.0,10,880.0,1536.0,10,1206.0,0.0,0.0,0.0,0.0,0.0,42
2023-05-10 21:04:13,SR401C5500,SR401C5500,1206.0,0.0,0.0,0.0,1,881.5,1536.0,10,1206.0,0.0,0.0,0.0,0.0,0.0,42
2023-05-10 21:04:13,SR401C5500,SR401C5500,1206.0,0.0,0.0,0.0,10,882.0,1536.0,10,1206.0,0.0,0.0,0.0,0.0,0.0,42
2023-05-10 21:04:15,SR401C5500,SR401C5500,1206.0,0.0,0.0,0.0,1,883.5,1534.5,1,1206.0,0.0,0.0,0.0,0.0,0.0,42
2023-05-10 21:04:16,SR401C5500,SR401C5500,1206.0,0.0,0.0,0.0,10,884.0,1534.0,10,1206.0,0.0,0.0,0.0,0.0,0.0,42
2023-05-10 21:04:18,SR401C5500,SR401C5500,1206.0,0.0,0.0,0.0,1,885.5,1532.5,1,1206.0,0.0,0.0,0.0,0.0,0.0,42
2023-05-10 21:04:19,SR401C5500,SR401C5500,1206.0,0.0,0.0,0.0,10,886.0,1532.0,10,1206.0,0.0,0.0,0.0,0.0,0.0,42
2023-05-10 21:04:22,SR401C5500,SR401C5500,1206.0,0.0,0.0,0.0,1,887.5,1530.5,1,1206.0,0.0,0.0,0.0,0.0,0.0,42
2023-05-10 21:04:23,SR401C5500,SR401C5500,1206.0,0.0,0.0,0.0,10,888.0,1530.0,10,1206.0,0.0,0.0,0.0,0.0,0.0,42
2023-05-10 21:04:27,SR401C5500,SR401C5500,1206.0,0.0,0.0,0.0,1,889.5,1528.5,1,1206.0,0.0,0.0,0.0,0.0,0.0,42
2023-05-10 21:04:28,SR401C5500,SR401C5500,1206.0,0.0,0.0,0.0,10,890.0,1528.0,10,1206.0,0.0,0.0,0.0,0.0,0.0,42
2023-05-10 21:04:28,SR401C5500,SR401C5500,1206.0,0.0,0.0,0.0,1,891.5,1526.5,1,1206.0,0.0,0.0,0.0,0.0,0.0,42
2023-05-10 21:04:29,SR401C5500,SR401C5500,1206.0,0.0,0.0,0.0,10,892.0,1526.0,10,1206.0,0.0,0.0,0.0,0.0,0.0,42
2023-05-10 21:04:29,SR401C5500,SR401C5500,1206.0,0.0,0.0,0.0,1,893.5,1524.5,1,1206.0,0.0,0.0,0.0,0.0,0.0,42
2023-05-10 21:04:30,SR401C5500,SR401C5500,1206.0,0.0,0.0,0.0,10,894.0,1524.0,10,1206.0,0.0,0.0,0.0,0.0,0.0,42
2023-05-10 21:04:33,SR401C5500,SR401C5500,1206.0,0.0,0.0,0.0,1,895.5,1522.5,1,1206.0,0.0,0.0,0.0,0.0,0.0,42
2023-05-10 21:04:34,SR401C5500,SR401C5500,1206.0,0.0,0.0,0.0,10,896.0,1522.0,10,1206.0,0.0,0.0,0.0,0.0,0.0,42
2023-05-10 21:04:34,SR401C5500,SR401C5500,1206.0,0.0,0.0,0.0,1,897.5,1520.5,1,1206.0,0.0,0.0,0.0,0.0,0.0,42
2023-05-10 21:04:35,SR401C5500,SR401C5500,1206.0,0.0,0.0,0.0,10,898.0,1520.0,10,1206.0,0.0,0.0,0.0,0.0,0.0,42
2023-05-10 21:04:35,SR401C5500,SR401C5500,1206.0,0.0,0.0,0.0,1,899.5,1518.5,1,1206.0,0.0,0.0,0.0,0.0,0.0,42
2023-05-10 21:04:36,SR401C5500,SR401C5500,1206.0,0.0,0.0,0.0,10,900.0,1518.0,10,1206.0,0.0,0.0,0.0,0.0,0.0,42
2023-05-10 21:04:40,SR401C5500,SR401C5500,1206.0,0.0,0.0,0.0,1,901.5,1516.5,1,1206.0,0.0,0.0,0.0,0.0,0.0,42
2023-05-10 21:04:41,SR401C5500,SR401C5500,1206.0,0.0,0.0,0.0,10,902.0,1516.0,10,1206.0,0.0,0.0,0.0,0.0,0.0,42
2023-05-10 21:04:44,SR401C5500,SR401C5500,1206.0,0.0,0.0,0.0,1,903.5,1514.5,1,1206.0,0.0,0.0,0.0,0.0,0.0,42
2023-05-10 21:04:45,SR401C5500,SR401C5500,1206.0,0.0,0.0,0.0,10,904.0,1514.0,10,1206.0,0.0,0.0,0.0,0.0,0.0,42
2023-05-10 21:04:49,SR401C5500,SR401C5500,1206.0,0.0,0.0,0.0,1,905.5,1512.5,1,1206.0,0.0,0.0,0.0,0.0,0.0,42
2023-05-10 21:04:50,SR401C5500,SR401C5500,1206.0,0.0,0.0,0.0,10,906.0,1512.0,10,1206.0,0.0,0.0,0.0,0.0,0.0,42
2023-05-10 21:04:50,SR401C5500,SR401C5500,1206.0,0.0,0.0,0.0,1,907.5,1512.0,10,1206.0,0.0,0.0,0.0,0.0,0.0,42
2023-05-10 21:04:51,SR401C5500,SR401C5500,1206.0,0.0,0.0,0.0,10,908.0,1510.5,1,1206.0,0.0,0.0,0.0,0.0,0.0,42
2023-05-10 21:04:51,SR401C5500,SR401C5500,1206.0,0.0,0.0,0.0,10,908.0,1510.0,10,1206.0,0.0,0.0,0.0,0.0,0.0,42
2023-05-10 21:04:54,SR401C5500,SR401C5500,1206.0,0.0,0.0,0.0,1,909.5,1510.0,10,1206.0,0.0,0.0,0.0,0.0,0.0,42
2023-05-10 21:04:54,SR401C5500,SR401C5500,1206.0,0.0,0.0,0.0,10,910.0,1508.5,1,1206.0,0.0,0.0,0.0,0.0,0.0,42
2023-05-10 21:04:55,SR401C5500,SR401C5500,1206.0,0.0,0.0,0.0,10,910.0,1508.0,10,1206.0,0.0,0.0,0.0,0.0,0.0,42
2023-05-10 21:04:59,SR401C5500,SR401C5500,1206.0,0.0,0.0,0.0,1,911.5,1506.5,1,1206.0,0.0,0.0,0.0,0.0,0.0,42
2023-05-10 21:05:00,SR401C5500,SR401C5500,1206.0,0.0,0.0,0.0,10,912.0,1506.0,10,1206.0,0.0,0.0,0.0,0.0,0.0,42
2023-05-10 21:05:00,SR401C5500,SR401C5500,1206.0,0.0,0.0,0.0,1,913.5,1504.5,1,1206.0,0.0,0.0,0.0,0.0,0.0,42
2023-05-10 21:05:01,SR401C5500,SR401C5500,1206.0,0.0,0.0,0.0,10,914.0,1504.0,10,1206.0,0.0,0.0,0.0,0.0,0.0,42
2023-05-10 21:05:03,SR401C5500,SR401C5500,1206.0,0.0,0.0,0.0,1,915.5,1502.5,1,1206.0,0.0,0.0,0.0,0.0,0.0,42
2023-05-10 21:05:04,SR401C5500,SR401C5500,1206.0,0.0,0.0,0.0,10,916.0,1502.0,10,1206.0,0.0,0.0,0.0,0.0,0.0,42
2023-05-10 21:05:04,SR401C5500,SR401C5500,1206.0,0.0,0.0,0.0,1,917.5,1500.5,1,1206.0,0.0,0.0,0.0,0.0,0.0,42
2023-05-10 21:05:05,SR401C5500,SR401C5500,1206.0,0.0,0.0,0.0,10,918.0,1500.0,10,1206.0,0.0,0.0,0.0,0.0,0.0,42
2023-05-10 21:05:05,SR401C5500,SR401C5500,1206.0,0.0,0.0,0.0,1,919.5,1498.5,1,1206.0,0.0,0.0,0.0,0.0,0.0,42
2023-05-10 21:05:06,SR401C5500,SR401C5500,1206.0,0.0,0.0,0.0,10,920.0,1498.0,10,1206.0,0.0,0.0,0.0,0.0,0.0,42
2023-05-10 21:05:10,SR401C5500,SR401C5500,1206.0,0.0,0.0,0.0,1,921.5,1496.5,1,1206.0,0.0,0.0,0.0,0.0,0.0,42
2023-05-10 21:05:10,SR401C5500,SR401C5500,1206.0,0.0,0.0,0.0,10,922.0,1496.0,10,1206.0,0.0,0.0,0.0,0.0,0.0,42
2023-05-10 21:05:10,SR401C5500,SR401C5500,1206.0,0.0,0.0,0.0,1,923.5,1494.5,1,1206.0,0.0,0.0,0.0,0.0,0.0,42
2023-05-10 21:05:11,SR401C5500,SR401C5500,1206.0,0.0,0.0,0.0,10,924.0,1494.0,10,1206.0,0.0,0.0,0.0,0.0,0.0,42
2023-05-10 21:05:14,SR401C5500,SR401C5500,1206.0,0.0,0.0,0.0,1,925.5,1492.5,1,1206.0,0.0,0.0,0.0,0.0,0.0,42
2023-05-10 21:05:15,SR401C5500,SR401C5500,1206.0,0.0,0.0,0.0,10,926.0,1492.0,10,1206.0,0.0,0.0,0.0,0.0,0.0,42
2023-05-10 21:05:15,SR401C5500,SR401C5500,1206.0,0.0,0.0,0.0,1,927.5,1490.5,1,1206.0,0.0,0.0,0.0,0.0,0.0,42
2023-05-10 21:05:16,SR401C5500,SR401C5500,1206.0,0.0,0.0,0.0,10,928.0,1490.0,10,1206.0,0.0,0.0,0.0,0.0,0.0,42
2023-05-10 21:05:18,SR401C5500,SR401C5500,1206.0,0.0,0.0,0.0,1,929.5,1488.5,1,1206.0,0.0,0.0,0.0,0.0,0.0,42
2023-05-10 21:05:19,SR401C5500,SR401C5500,1206.0,0.0,0.0,0.0,10,930.0,1488.0,10,1206.0,0.0,0.0,0.0,0.0,0.0,42
2023-05-10 21:05:19,SR401C5500,SR401C5500,1206.0,0.0,0.0,0.0,1,931.5,1486.5,1,1206.0,0.0,0.0,0.0,0.0,0.0,42
2023-05-10 21:05:20,SR401C5500,SR401C5500,1206.0,0.0,0.0,0.0,10,932.0,1486.0,10,1206.0,0.0,0.0,0.0,0.0,0.0,42
2023-05-10 21:05:20,SR401C5500,SR401C5500,1206.0,0.0,0.0,0.0,1,933.5,1484.5,1,1206.0,0.0,0.0,0.0,0.0,0.0,42
2023-05-10 21:05:21,SR401C5500,SR401C5500,1206.0,0.0,0.0,0.0,10,934.0,1484.0,10,1206.0,0.0,0.0,0.0,0.0,0.0,42
2023-05-10 21:05:23,SR401C5500,SR401C5500,1206.0,0.0,0.0,0.0,1,935.5,1482.5,1,1206.0,0.0,0.0,0.0,0.0,0.0,42
2023-05-10 21:05:24,SR401C5500,SR401C5500,1206.0,0.0,0.0,0.0,10,936.0,1482.0,10,1206.0,0.0,0.0,0.0,0.0,0.0,42
2023-05-10 21:05:24,SR401C5500,SR401C5500,1206.0,0.0,0.0,0.0,1,937.5,1480.5,1,1206.0,0.0,0.0,0.0,0.0,0.0,42
2023-05-10 21:05:25,SR401C5500,SR401C5500,1206.0,0.0,0.0,0.0,10,938.0,1480.0,10,1206.0,0.0,0.0,0.0,0.0,0.0,42
2023-05-10 21:05:25,SR401C5500,SR401C5500,1206.0,0.0,0.0,0.0,1,939.5,1478.5,1,1206.0,0.0,0.0,0.0,0.0,0.0,42
2023-05-10 21:05:26,SR401C5500,SR401C5500,1206.0,0.0,0.0,0.0,10,940.0,1478.0,10,1206.0,0.0,0.0,0.0,0.0,0.0,42
2023-05-10 21:05:26,SR401C5500,SR401C5500,1206.0,0.0,0.0,0.0,1,941.5,1476.5,1,1206.0,0.0,0.0,0.0,0.0,0.0,42
2023-05-10 21:05:27,SR401C5500,SR401C5500,1206.0,0.0,0.0,0.0,10,942.0,1476.0,10,1206.0,0.0,0.0,0.0,0.0,0.0,42
2023-05-10 21:05:30,SR401C5500,SR401C5500,1206.0,0.0,0.0,0.0,1,943.5,1476.0,10,1206.0,0.0,0.0,0.0,0.0,0.0,42
2023-05-10 21:05:31,SR401C5500,SR401C5500,1206.0,0.0,0.0,0.0,10,944.0,1474.5,1,1206.0,0.0,0.0,0.0,0.0,0.0,42
2023-05-10 21:05:31,SR401C5500,SR401C5500,1206.0,0.0,0.0,0.0,1,945.5,1474.0,10,1206.0,0.0,0.0,0.0,0.0,0.0,42
2023-05-10 21:05:32,SR401C5500,SR401C5500,1206.0,0.0,0.0,0.0,10,946.0,1472.5,1,1206.0,0.0,0.0,0.0,0.0,0.0,42
2023-05-10 21:05:32,SR401C5500,SR401C5500,1206.0,0.0,0.0,0.0,1,947.5,1472.0,10,1206.0,0.0,0.0,0.0,0.0,0.0,42
2023-05-10 21:05:33,SR401C5500,SR401C5500,1206.0,0.0,0.0,0.0,10,948.0,1472.0,10,1206.0,0.0,0.0,0.0,0.0,0.0,42
2023-05-10 21:05:36,SR401C5500,SR401C5500,1206.0,0.0,0.0,0.0,1,949.5,1470.5,1,1206.0,0.0,0.0,0.0,0.0,0.0,42
2023-05-10 21:05:37,SR401C5500,SR401C5500,1206.0,0.0,0.0,0.0,10,950.0,1470.0,10,1206.0,0.0,0.0,0.0,0.0,0.0,42
2023-05-10 21:05:37,SR401C5500,SR401C5500,1206.0,0.0,0.0,0.0,1,951.5,1468.5,1,1206.0,0.0,0.0,0.0,0.0,0.0,42
2023-05-10 21:05:38,SR401C5500,SR401C5500,1206.0,0.0,0.0,0.0,10,952.0,1468.0,10,1206.0,0.0,0.0,0.0,0.0,0.0,42
2023-05-10 21:05:38,SR401C5500,SR401C5500,1206.0,0.0,0.0,0.0,1,953.5,1466.5,1,1206.0,0.0,0.0,0.0,0.0,0.0,42
2023-05-10 21:05:39,SR401C5500,SR401C5500,1206.0,0.0,0.0,0.0,10,954.0,1466.0,10,1206.0,0.0,0.0,0.0,0.0,0.0,42
2023-05-10 21:05:41,SR401C5500,SR401C5500,1206.0,0.0,0.0,0.0,1,955.5,1464.5,1,1206.0,0.0,0.0,0.0,0.0,0.0,42
2023-05-10 21:05:42,SR401C5500,SR401C5500,1206.0,0.0,0.0,0.0,10,956.0,1464.0,10,1206.0,0.0,0.0,0.0,0.0,0.0,42
2023-05-10 21:05:42,SR401C5500,SR401C5500,1206.0,0.0,0.0,0.0,1,957.5,1462.5,1,1206.0,0.0,0.0,0.0,0.0,0.0,42
2023-05-10 21:05:43,SR401C5500,SR401C5500,1206.0,0.0,0.0,0.0,10,958.0,1462.0,10,1206.0,0.0,0.0,0.0,0.0,0.0,42
2023-05-10 21:05:46,SR401C5500,SR401C5500,1206.0,0.0,0.0,0.0,1,959.5,1460.5,1,1206.0,0.0,0.0,0.0,0.0,0.0,42
2023-05-10 21:05:47,SR401C5500,SR401C5500,1206.0,0.0,0.0,0.0,10,960.0,1460.0,10,1206.0,0.0,0.0,0.0,0.0,0.0,42
2023-05-10 21:05:47,SR401C5500,SR401C5500,1206.0,0.0,0.0,0.0,1,961.5,1460.0,10,1206.0,0.0,0.0,0.0,0.0,0.0,42
2023-05-10 21:05:48,SR401C5500,SR401C5500,1206.0,0.0,0.0,0.0,10,962.0,1458.5,1,1206.0,0.0,0.0,0.0,0.0,0.0,42
2023-05-10 21:05:48,SR401C5500,SR401C5500,1206.0,0.0,0.0,0.0,10,962.0,1458.0,10,1206.0,0.0,0.0,0.0,0.0,0.0,42
2023-05-10 21:05:50,SR401C5500,SR401C5500,1206.0,0.0,0.0,0.0,1,963.5,1456.5,1,1206.0,0.0,0.0,0.0,0.0,0.0,42
2023-05-10 21:05:50,SR401C5500,SR401C5500,1206.0,0.0,0.0,0.0,10,964.0,1456.0,10,1206.0,0.0,0.0,0.0,0.0,0.0,42
2023-05-10 21:05:54,SR401C5500,SR401C5500,1206.0,0.0,0.0,0.0,1,965.5,1454.5,1,1206.0,0.0,0.0,0.0,0.0,0.0,42
2023-05-10 21:05:54,SR401C5500,SR401C5500,1206.0,0.0,0.0,0.0,10,966.0,1454.0,10,1206.0,0.0,0.0,0.0,0.0,0.0,42
2023-05-10 21:05:55,SR401C5500,SR401C5500,1206.0,0.0,0.0,0.0,1,967.5,1452.5,1,1206.0,0.0,0.0,0.0,0.0,0.0,42
2023-05-10 21:05:55,SR401C5500,SR401C5500,1206.0,0.0,0.0,0.0,10,968.0,1452.0,10,1206.0,0.0,0.0,0.0,0.0,0.0,42
2023-05-10 21:05:59,SR401C5500,SR401C5500,1206.0,0.0,0.0,0.0,1,969.5,1450.5,1,1206.0,0.0,0.0,0.0,0.0,0.0,42
2023-05-10 21:05:59,SR401C5500,SR401C5500,1206.0,0.0,0.0,0.0,10,970.0,1450.0,10,1206.0,0.0,0.0,0.0,0.0,0.0,42
2023-05-10 21:06:04,SR401C5500,SR401C5500,1206.0,0.0,0.0,0.0,1,971.5,1448.5,1,1206.0,0.0,0.0,0.0,0.0,0.0,42
2023-05-10 21:06:04,SR401C5500,SR401C5500,1206.0,0.0,0.0,0.0,10,972.0,1448.0,10,1206.0,0.0,0.0,0.0,0.0,0.0,42
2023-05-10 21:06:07,SR401C5500,SR401C5500,1206.0,0.0,0.0,0.0,1,973.5,1446.5,1,1206.0,0.0,0.0,0.0,0.0,0.0,42
2023-05-10 21:06:07,SR401C5500,SR401C5500,1206.0,0.0,0.0,0.0,10,974.0,1446.0,10,1206.0,0.0,0.0,0.0,0.0,0.0,42
2023-05-10 21:06:08,SR401C5500,SR401C5500,1206.0,0.0,0.0,0.0,1,975.5,1444.5,1,1206.0,0.0,0.0,0.0,0.0,0.0,42
2023-05-10 21:06:08,SR401C5500,SR401C5500,1206.0,0.0,0.0,0.0,10,976.0,1444.0,10,1206.0,0.0,0.0,0.0,0.0,0.0,42
2023-05-10 21:06:11,SR401C5500,SR401C5500,1206.0,0.0,0.0,0.0,1,977.5,1442.5,1,1206.0,0.0,0.0,0.0,0.0,0.0,42
2023-05-10 21:06:11,SR401C5500,SR401C5500,1206.0,0.0,0.0,0.0,10,978.0,1442.0,10,1206.0,0.0,0.0,0.0,0.0,0.0,42
2023-05-10 21:06:14,SR401C5500,SR401C5500,1206.0,0.0,0.0,0.0,1,979.5,1440.5,1,1206.0,0.0,0.0,0.0,0.0,0.0,42
2023-05-10 21:06:14,SR401C5500,SR401C5500,1206.0,0.0,0.0,0.0,10,980.0,1440.0,10,1206.0,0.0,0.0,0.0,0.0,0.0,42
2023-05-10 21:06:14,SR401C5500,SR401C5500,1206.0,0.0,0.0,0.0,1,979.5,1440.5,1,1206.0,0.0,0.0,0.0,0.0,0.0,42
2023-05-10 21:06:14,SR401C5500,SR401C5500,1206.0,0.0,0.0,0.0,10,980.0,1440.0,10,1206.0,0.0,0.0,0.0,0.0,0.0,42
2023-05-10 21:24:12,SR401C5500,SR401C5500,1206.0,0.0,0.0,0.0,1,981.5,1438.5,1,1206.0,0.0,0.0,0.0,0.0,0.0,42
2023-05-10 21:24:12,SR401C5500,SR401C5500,1206.0,0.0,0.0,0.0,10,982.0,1438.0,10,1206.0,0.0,0.0,0.0,0.0,0.0,42
2023-05-10 21:24:12,SR401C5500,SR401C5500,1206.0,0.0,0.0,0.0,1,983.5,1436.5,1,1206.0,0.0,0.0,0.0,0.0,0.0,42
2023-05-10 21:24:13,SR401C5500,SR401C5500,1206.0,0.0,0.0,0.0,10,984.0,1436.0,10,1206.0,0.0,0.0,0.0,0.0,0.0,42
2023-05-10 21:24:13,SR401C5500,SR401C5500,1206.0,0.0,0.0,0.0,1,985.5,1434.5,1,1206.0,0.0,0.0,0.0,0.0,0.0,42
2023-05-10 21:24:14,SR401C5500,SR401C5500,1206.0,0.0,0.0,0.0,10,986.0,1434.0,10,1206.0,0.0,0.0,0.0,0.0,0.0,42
2023-05-10 21:24:14,SR401C5500,SR401C5500,1206.0,0.0,0.0,0.0,1,987.5,1432.5,1,1206.0,0.0,0.0,0.0,0.0,0.0,42
2023-05-10 21:24:15,SR401C5500,SR401C5500,1206.0,0.0,0.0,0.0,10,988.0,1432.0,10,1206.0,0.0,0.0,0.0,0.0,0.0,42
2023-05-10 21:24:15,SR401C5500,SR401C5500,1206.0,0.0,0.0,0.0,1,989.5,1430.5,1,1206.0,0.0,0.0,0.0,0.0,0.0,42
2023-05-10 21:24:16,SR401C5500,SR401C5500,1206.0,0.0,0.0,0.0,10,990.0,1430.0,10,1206.0,0.0,0.0,0.0,0.0,0.0,42
2023-05-10 21:24:16,SR401C5500,SR401C5500,1206.0,0.0,0.0,0.0,1,991.5,1428.5,1,1206.0,0.0,0.0,0.0,0.0,0.0,42
2023-05-10 21:24:17,SR401C5500,SR401C5500,1206.0,0.0,0.0,0.0,10,992.0,1428.0,10,1206.0,0.0,0.0,0.0,0.0,0.0,42
2023-05-10 21:44:12,SR401C5500,SR401C5500,1206.0,0.0,0.0,0.0,1,993.5,1426.5,1,1206.0,0.0,0.0,0.0,0.0,0.0,42
2023-05-10 21:44:12,SR401C5500,SR401C5500,1206.0,0.0,0.0,0.0,10,994.0,1426.0,10,1206.0,0.0,0.0,0.0,0.0,0.0,42
2023-05-10 21:44:13,SR401C5500,SR401C5500,1206.0,0.0,0.0,0.0,1,995.5,1424.5,1,1206.0,0.0,0.0,0.0,0.0,0.0,42
2023-05-10 21:44:13,SR401C5500,SR401C5500,1206.0,0.0,0.0,0.0,10,996.0,1424.0,10,1206.0,0.0,0.0,0.0,0.0,0.0,42
2023-05-10 21:44:14,SR401C5500,SR401C5500,1206.0,0.0,0.0,0.0,1,997.5,1422.5,1,1206.0,0.0,0.0,0.0,0.0,0.0,42
2023-05-10 21:44:14,SR401C5500,SR401C5500,1206.0,0.0,0.0,0.0,10,998.0,1422.0,10,1206.0,0.0,0.0,0.0,0.0,0.0,42
2023-05-10 21:44:15,SR401C5500,SR401C5500,1206.0,0.0,0.0,0.0,1,999.5,1420.5,1,1206.0,0.0,0.0,0.0,0.0,0.0,42
2023-05-10 21:44:15,SR401C5500,SR401C5500,1206.0,0.0,0.0,0.0,10,1000.0,1420.0,10,1206.0,0.0,0.0,0.0,0.0,0.0,42
2023-05-10 21:44:16,SR401C5500,SR401C5500,1206.0,0.0,0.0,0.0,1,1001.5,1418.5,1,1206.0,0.0,0.0,0.0,0.0,0.0,42
2023-05-10 21:44:16,SR401C5500,SR401C5500,1206.0,0.0,0.0,0.0,10,1002.0,1418.0,10,1206.0,0.0,0.0,0.0,0.0,0.0,42
2023-05-10 21:44:44,SR401C5500,SR401C5500,1206.0,0.0,0.0,0.0,0,0.0,0.0,0,1206.0,0.0,0.0,0.0,0.0,0.0,42
2023-05-10 22:04:12,SR401C5500,SR401C5500,1206.0,0.0,0.0,0.0,10,806.0,1606.0,10,1206.0,0.0,0.0,0.0,0.0,0.0,42
2023-05-10 22:04:12,SR401C5500,SR401C5500,1206.0,0.0,0.0,0.0,1,807.5,1604.5,1,1206.0,0.0,0.0,0.0,0.0,0.0,42
2023-05-10 22:04:12,SR401C5500,SR401C5500,1206.0,0.0,0.0,0.0,10,808.0,1604.0,10,1206.0,0.0,0.0,0.0,0.0,0.0,42
2023-05-10 22:04:13,SR401C5500,SR401C5500,1206.0,0.0,0.0,0.0,1,809.5,1602.5,1,1206.0,0.0,0.0,0.0,0.0,0.0,42
2023-05-10 22:04:13,SR401C5500,SR401C5500,1206.0,0.0,0.0,0.0,10,810.0,1602.0,10,1206.0,0.0,0.0,0.0,0.0,0.0,42
2023-05-10 22:04:14,SR401C5500,SR401C5500,1206.0,0.0,0.0,0.0,1,811.5,1600.5,1,1206.0,0.0,0.0,0.0,0.0,0.0,42
2023-05-10 22:04:14,SR401C5500,SR401C5500,1206.0,0.0,0.0,0.0,10,812.0,1600.0,10,1206.0,0.0,0.0,0.0,0.0,0.0,42
2023-05-10 22:04:15,SR401C5500,SR401C5500,1206.0,0.0,0.0,0.0,1,813.5,1598.5,1,1206.0,0.0,0.0,0.0,0.0,0.0,42
2023-05-10 22:04:15,SR401C5500,SR401C5500,1206.0,0.0,0.0,0.0,10,814.0,1598.0,10,1206.0,0.0,0.0,0.0,0.0,0.0,42
2023-05-10 22:23:02,SR401C5500,SR401C5500,1206.0,0.0,0.0,0.0,0,0.0,0.0,0,1206.0,0.0,0.0,0.0,0.0,0.0,42
2023-05-10 22:23:03,SR401C5500,SR401C5500,1206.0,0.0,0.0,0.0,1,805.5,1606.5,1,1206.0,0.0,0.0,0.0,0.0,0.0,42
2023-05-10 22:23:55,SR401C5500,SR401C5500,1206.0,0.0,0.0,0.0,10,806.0,1606.0,10,1206.0,0.0,0.0,0.0,0.0,0.0,42
2023-05-10 22:23:56,SR401C5500,SR401C5500,1206.0,0.0,0.0,0.0,1,807.5,1604.5,1,1206.0,0.0,0.0,0.0,0.0,0.0,42
2023-05-10 22:23:56,SR401C5500,SR401C5500,1206.0,0.0,0.0,0.0,10,808.0,1604.0,10,1206.0,0.0,0.0,0.0,0.0,0.0,42
2023-05-10 22:23:57,SR401C5500,SR401C5500,1206.0,0.0,0.0,0.0,1,809.5,1602.5,1,1206.0,0.0,0.0,0.0,0.0,0.0,42
2023-05-10 22:23:57,SR401C5500,SR401C5500,1206.0,0.0,0.0,0.0,10,810.0,1602.0,10,1206.0,0.0,0.0,0.0,0.0,0.0,42
2023-05-10 22:23:58,SR401C5500,SR401C5500,1206.0,0.0,0.0,0.0,1,811.5,1600.5,1,1206.0,0.0,0.0,0.0,0.0,0.0,42
2023-05-10 22:23:58,SR401C5500,SR401C5500,1206.0,0.0,0.0,0.0,10,812.0,1600.0,10,1206.0,0.0,0.0,0.0,0.0,0.0,42
2023-05-10 22:23:59,SR401C5500,SR401C5500,1206.0,0.0,0.0,0.0,1,813.5,1598.5,1,1206.0,0.0,0.0,0.0,0.0,0.0,42
2023-05-10 22:23:59,SR401C5500,SR401C5500,1206.0,0.0,0.0,0.0,10,814.0,1598.0,10,1206.0,0.0,0.0,0.0,0.0,0.0,42
2023-05-10 22:26:29,SR401C5500,SR401C5500,1206.0,0.0,0.0,0.0,0,0.0,0.0,0,1206.0,0.0,0.0,0.0,0.0,0.0,42
2023-05-11 09:02:06,SR401C5500,SR401C5500,1206.0,0.0,0.0,0.0,1,805.5,1606.5,1,1206.0,0.0,0.0,0.0,0.0,0.0,42
2023-05-11 09:02:06,SR401C5500,SR401C5500,1206.0,0.0,0.0,0.0,10,806.0,1606.0,10,1206.0,0.0,0.0,0.0,0.0,0.0,42
2023-05-11 09:02:11,SR401C5500,SR401C5500,1206.0,0.0,0.0,0.0,1,807.5,1604.5,1,1206.0,0.0,0.0,0.0,0.0,0.0,42
2023-05-11 09:02:11,SR401C5500,SR401C5500,1206.0,0.0,0.0,0.0,10,808.0,1604.0,10,1206.0,0.0,0.0,0.0,0.0,0.0,42
2023-05-11 09:02:12,SR401C5500,SR401C5500,1206.0,0.0,0.0,0.0,10,808.0,1602.5,1,1206.0,0.0,0.0,0.0,0.0,0.0,42
2023-05-11 09:02:12,SR401C5500,SR401C5500,1206.0,0.0,0.0,0.0,10,808.0,1602.0,10,1206.0,0.0,0.0,0.0,0.0,0.0,42
2023-05-11 09:02:14,SR401C5500,SR401C5500,1206.0,0.0,0.0,0.0,1,809.5,1600.5,1,1206.0,0.0,0.0,0.0,0.0,0.0,42
2023-05-11 09:02:14,SR401C5500,SR401C5500,1206.0,0.0,0.0,0.0,10,810.0,1600.0,10,1206.0,0.0,0.0,0.0,0.0,0.0,42
2023-05-11 09:02:16,SR401C5500,SR401C5500,1206.0,0.0,0.0,0.0,1,811.5,1600.0,10,1206.0,0.0,0.0,0.0,0.0,0.0,42
2023-05-11 09:02:16,SR401C5500,SR401C5500,1206.0,0.0,0.0,0.0,10,812.0,1598.5,1,1206.0,0.0,0.0,0.0,0.0,0.0,42
2023-05-11 09:02:17,SR401C5500,SR401C5500,1206.0,0.0,0.0,0.0,10,812.0,1598.0,10,1206.0,0.0,0.0,0.0,0.0,0.0,42
2023-05-11 09:02:18,SR401C5500,SR401C5500,1206.0,0.0,0.0,0.0,1,813.5,1598.0,10,1206.0,0.0,0.0,0.0,0.0,0.0,42
2023-05-11 09:02:19,SR401C5500,SR401C5500,1206.0,0.0,0.0,0.0,10,814.0,1598.0,10,1206.0,0.0,0.0,0.0,0.0,0.0,42
2023-05-11 09:02:19,SR401C5500,SR401C5500,1206.0,0.0,0.0,0.0,10,814.0,1596.5,1,1206.0,0.0,0.0,0.0,0.0,0.0,42
2023-05-11 09:02:20,SR401C5500,SR401C5500,1206.0,0.0,0.0,0.0,1,815.5,1596.0,10,1206.0,0.0,0.0,0.0,0.0,0.0,42
2023-05-11 09:02:21,SR401C5500,SR401C5500,1206.0,0.0,0.0,0.0,10,816.0,1596.0,10,1206.0,0.0,0.0,0.0,0.0,0.0,42
2023-05-11 09:02:22,SR401C5500,SR401C5500,1206.0,0.0,0.0,0.0,1,817.5,1594.5,1,1206.0,0.0,0.0,0.0,0.0,0.0,42
2023-05-11 09:02:22,SR401C5500,SR401C5500,1206.0,0.0,0.0,0.0,10,818.0,1594.0,10,1206.0,0.0,0.0,0.0,0.0,0.0,42
2023-05-11 09:02:26,SR401C5500,SR401C5500,1206.0,0.0,0.0,0.0,1,819.5,1592.5,1,1206.0,0.0,0.0,0.0,0.0,0.0,42
2023-05-11 09:02:26,SR401C5500,SR401C5500,1206.0,0.0,0.0,0.0,10,820.0,1592.0,10,1206.0,0.0,0.0,0.0,0.0,0.0,42
2023-05-11 09:02:28,SR401C5500,SR401C5500,1206.0,0.0,0.0,0.0,1,821.5,1592.0,10,1206.0,0.0,0.0,0.0,0.0,0.0,42
2023-05-11 09:02:28,SR401C5500,SR401C5500,1206.0,0.0,0.0,0.0,10,822.0,1592.0,10,1206.0,0.0,0.0,0.0,0.0,0.0,42
2023-05-11 09:02:30,SR401C5500,SR401C5500,1206.0,0.0,0.0,0.0,1,823.5,1592.0,10,1206.0,0.0,0.0,0.0,0.0,0.0,42
2023-05-11 09:02:30,SR401C5500,SR401C5500,1206.0,0.0,0.0,0.0,10,824.0,1592.0,10,1206.0,0.0,0.0,0.0,0.0,0.0,42
2023-05-11 09:02:32,SR401C5500,SR401C5500,1206.0,0.0,0.0,0.0,1,825.5,1590.5,1,1206.0,0.0,0.0,0.0,0.0,0.0,42
2023-05-11 09:02:32,SR401C5500,SR401C5500,1206.0,0.0,0.0,0.0,10,826.0,1590.0,10,1206.0,0.0,0.0,0.0,0.0,0.0,42
2023-05-11 09:02:38,SR401C5500,SR401C5500,1206.0,0.0,0.0,0.0,1,827.5,1588.5,1,1206.0,0.0,0.0,0.0,0.0,0.0,42
2023-05-11 09:02:38,SR401C5500,SR401C5500,1206.0,0.0,0.0,0.0,10,828.0,1588.0,10,1206.0,0.0,0.0,0.0,0.0,0.0,42
2023-05-11 09:02:44,SR401C5500,SR401C5500,1206.0,0.0,0.0,0.0,1,829.5,1588.0,10,1206.0,0.0,0.0,0.0,0.0,0.0,42
2023-05-11 09:02:44,SR401C5500,SR401C5500,1206.0,0.0,0.0,0.0,10,830.0,1588.0,10,1206.0,0.0,0.0,0.0,0.0,0.0,42
2023-05-11 09:02:47,SR401C5500,SR401C5500,1206.0,0.0,0.0,0.0,1,831.5,1586.5,1,1206.0,0.0,0.0,0.0,0.0,0.0,42
2023-05-11 09:02:48,SR401C5500,SR401C5500,1206.0,0.0,0.0,0.0,10,832.0,1586.0,10,1206.0,0.0,0.0,0.0,0.0,0.0,42
2023-05-11 09:02:51,SR401C5500,SR401C5500,1206.0,0.0,0.0,0.0,1,833.5,1584.5,1,1206.0,0.0,0.0,0.0,0.0,0.0,42
2023-05-11 09:02:51,SR401C5500,SR401C5500,1206.0,0.0,0.0,0.0,10,834.0,1584.0,10,1206.0,0.0,0.0,0.0,0.0,0.0,42
2023-05-11 09:02:52,SR401C5500,SR401C5500,1206.0,0.0,0.0,0.0,1,835.5,1582.5,1,1206.0,0.0,0.0,0.0,0.0,0.0,42
2023-05-11 09:02:52,SR401C5500,SR401C5500,1206.0,0.0,0.0,0.0,10,836.0,1582.0,10,1206.0,0.0,0.0,0.0,0.0,0.0,42
2023-05-11 09:02:58,SR401C5500,SR401C5500,1206.0,0.0,0.0,0.0,1,837.5,1582.0,10,1206.0,0.0,0.0,0.0,0.0,0.0,42
2023-05-11 09:02:59,SR401C5500,SR401C5500,1206.0,0.0,0.0,0.0,10,838.0,1582.0,10,1206.0,0.0,0.0,0.0,0.0,0.0,42
2023-05-11 09:03:03,SR401C5500,SR401C5500,1206.0,0.0,0.0,0.0,1,839.5,1580.5,1,1206.0,0.0,0.0,0.0,0.0,0.0,42
2023-05-11 09:03:04,SR401C5500,SR401C5500,1206.0,0.0,0.0,0.0,10,840.0,1580.0,10,1206.0,0.0,0.0,0.0,0.0,0.0,42
2023-05-11 09:03:06,SR401C5500,SR401C5500,1206.0,0.0,0.0,0.0,1,841.5,1578.5,1,1206.0,0.0,0.0,0.0,0.0,0.0,42
2023-05-11 09:03:06,SR401C5500,SR401C5500,1206.0,0.0,0.0,0.0,10,842.0,1578.0,10,1206.0,0.0,0.0,0.0,0.0,0.0,42
2023-05-11 09:03:08,SR401C5500,SR401C5500,1206.0,0.0,0.0,0.0,1,843.5,1576.5,1,1206.0,0.0,0.0,0.0,0.0,0.0,42
2023-05-11 09:03:08,SR401C5500,SR401C5500,1206.0,0.0,0.0,0.0,10,844.0,1576.0,10,1206.0,0.0,0.0,0.0,0.0,0.0,42
2023-05-11 09:03:10,SR401C5500,SR401C5500,1206.0,0.0,0.0,0.0,1,845.5,1574.5,1,1206.0,0.0,0.0,0.0,0.0,0.0,42
2023-05-11 09:03:10,SR401C5500,SR401C5500,1206.0,0.0,0.0,0.0,10,846.0,1574.0,10,1206.0,0.0,0.0,0.0,0.0,0.0,42
2023-05-11 09:03:11,SR401C5500,SR401C5500,1206.0,0.0,0.0,0.0,1,847.5,1572.5,1,1206.0,0.0,0.0,0.0,0.0,0.0,42
2023-05-11 09:03:11,SR401C5500,SR401C5500,1206.0,0.0,0.0,0.0,10,848.0,1572.0,10,1206.0,0.0,0.0,0.0,0.0,0.0,42
2023-05-11 09:03:12,SR401C5500,SR401C5500,1206.0,0.0,0.0,0.0,1,849.5,1572.0,10,1206.0,0.0,0.0,0.0,0.0,0.0,42
2023-05-11 09:03:12,SR401C5500,SR401C5500,1206.0,0.0,0.0,0.0,10,850.0,1572.0,10,1206.0,0.0,0.0,0.0,0.0,0.0,42
2023-05-11 09:03:13,SR401C5500,SR401C5500,1206.0,0.0,0.0,0.0,1,851.5,1570.5,1,1206.0,0.0,0.0,0.0,0.0,0.0,42
2023-05-11 09:03:13,SR401C5500,SR401C5500,1206.0,0.0,0.0,0.0,10,852.0,1570.0,10,1206.0,0.0,0.0,0.0,0.0,0.0,42
2023-05-11 09:03:17,SR401C5500,SR401C5500,1206.0,0.0,0.0,0.0,1,853.5,1568.5,1,1206.0,0.0,0.0,0.0,0.0,0.0,42
2023-05-11 09:03:17,SR401C5500,SR401C5500,1206.0,0.0,0.0,0.0,10,854.0,1568.0,10,1206.0,0.0,0.0,0.0,0.0,0.0,42
2023-05-11 09:03:18,SR401C5500,SR401C5500,1206.0,0.0,0.0,0.0,1,855.5,1566.5,1,1206.0,0.0,0.0,0.0,0.0,0.0,42
2023-05-11 09:03:18,SR401C5500,SR401C5500,1206.0,0.0,0.0,0.0,10,856.0,1566.0,10,1206.0,0.0,0.0,0.0,0.0,0.0,42
2023-05-11 09:03:19,SR401C5500,SR401C5500,1206.0,0.0,0.0,0.0,1,857.5,1564.5,1,1206.0,0.0,0.0,0.0,0.0,0.0,42
2023-05-11 09:03:19,SR401C5500,SR401C5500,1206.0,0.0,0.0,0.0,10,858.0,1564.0,10,1206.0,0.0,0.0,0.0,0.0,0.0,42
2023-05-11 09:03:24,SR401C5500,SR401C5500,1206.0,0.0,0.0,0.0,1,859.5,1562.5,1,1206.0,0.0,0.0,0.0,0.0,0.0,42
2023-05-11 09:03:24,SR401C5500,SR401C5500,1206.0,0.0,0.0,0.0,10,860.0,1562.0,10,1206.0,0.0,0.0,0.0,0.0,0.0,42
2023-05-11 09:03:25,SR401C5500,SR401C5500,1206.0,0.0,0.0,0.0,1,861.5,1560.5,1,1206.0,0.0,0.0,0.0,0.0,0.0,42
2023-05-11 09:03:25,SR401C5500,SR401C5500,1206.0,0.0,0.0,0.0,10,862.0,1560.0,10,1206.0,0.0,0.0,0.0,0.0,0.0,42
2023-05-11 09:03:26,SR401C5500,SR401C5500,1206.0,0.0,0.0,0.0,1,863.5,1558.5,1,1206.0,0.0,0.0,0.0,0.0,0.0,42
2023-05-11 09:03:26,SR401C5500,SR401C5500,1206.0,0.0,0.0,0.0,10,864.0,1558.0,10,1206.0,0.0,0.0,0.0,0.0,0.0,42
2023-05-11 09:03:27,SR401C5500,SR401C5500,1206.0,0.0,0.0,0.0,1,865.5,1556.5,1,1206.0,0.0,0.0,0.0,0.0,0.0,42
2023-05-11 09:03:27,SR401C5500,SR401C5500,1206.0,0.0,0.0,0.0,10,866.0,1556.0,10,1206.0,0.0,0.0,0.0,0.0,0.0,42
2023-05-11 09:03:28,SR401C5500,SR401C5500,1206.0,0.0,0.0,0.0,1,867.5,1554.5,1,1206.0,0.0,0.0,0.0,0.0,0.0,42
2023-05-11 09:03:28,SR401C5500,SR401C5500,1206.0,0.0,0.0,0.0,10,868.0,1554.0,10,1206.0,0.0,0.0,0.0,0.0,0.0,42
2023-05-11 09:03:31,SR401C5500,SR401C5500,1206.0,0.0,0.0,0.0,1,869.5,1552.5,1,1206.0,0.0,0.0,0.0,0.0,0.0,42
2023-05-11 09:03:31,SR401C5500,SR401C5500,1206.0,0.0,0.0,0.0,10,870.0,1552.0,10,1206.0,0.0,0.0,0.0,0.0,0.0,42
2023-05-11 09:03:34,SR401C5500,SR401C5500,1206.0,0.0,0.0,0.0,1,871.5,1550.5,1,1206.0,0.0,0.0,0.0,0.0,0.0,42
2023-05-11 09:03:34,SR401C5500,SR401C5500,1206.0,0.0,0.0,0.0,10,872.0,1550.0,10,1206.0,0.0,0.0,0.0,0.0,0.0,42
2023-05-11 09:03:35,SR401C5500,SR401C5500,1206.0,0.0,0.0,0.0,1,873.5,1548.5,1,1206.0,0.0,0.0,0.0,0.0,0.0,42
2023-05-11 09:03:36,SR401C5500,SR401C5500,1206.0,0.0,0.0,0.0,10,874.0,1548.0,10,1206.0,0.0,0.0,0.0,0.0,0.0,42
2023-05-11 09:03:36,SR401C5500,SR401C5500,1206.0,0.0,0.0,0.0,1,875.5,1546.5,1,1206.0,0.0,0.0,0.0,0.0,0.0,42
2023-05-11 09:03:37,SR401C5500,SR401C5500,1206.0,0.0,0.0,0.0,10,876.0,1546.0,10,1206.0,0.0,0.0,0.0,0.0,0.0,42
2023-05-11 09:03:38,SR401C5500,SR401C5500,1206.0,0.0,0.0,0.0,1,877.5,1544.5,1,1206.0,0.0,0.0,0.0,0.0,0.0,42
2023-05-11 09:03:38,SR401C5500,SR401C5500,1206.0,0.0,0.0,0.0,10,878.0,1544.0,10,1206.0,0.0,0.0,0.0,0.0,0.0,42
2023-05-11 09:03:40,SR401C5500,SR401C5500,1206.0,0.0,0.0,0.0,1,879.5,1542.5,1,1206.0,0.0,0.0,0.0,0.0,0.0,42
2023-05-11 09:03:40,SR401C5500,SR401C5500,1206.0,0.0,0.0,0.0,10,880.0,1542.0,10,1206.0,0.0,0.0,0.0,0.0,0.0,42
2023-05-11 09:03:42,SR401C5500,SR401C5500,1206.0,0.0,0.0,0.0,1,881.5,1540.5,1,1206.0,0.0,0.0,0.0,0.0,0.0,42
2023-05-11 09:03:42,SR401C5500,SR401C5500,1206.0,0.0,0.0,0.0,10,882.0,1540.0,10,1206.0,0.0,0.0,0.0,0.0,0.0,42
2023-05-11 09:03:43,SR401C5500,SR401C5500,1206.0,0.0,0.0,0.0,1,883.5,1540.0,10,1206.0,0.0,0.0,0.0,0.0,0.0,42
2023-05-11 09:03:43,SR401C5500,SR401C5500,1206.0,0.0,0.0,0.0,10,884.0,1540.0,10,1206.0,0.0,0.0,0.0,0.0,0.0,42
2023-05-11 09:03:46,SR401C5500,SR401C5500,1206.0,0.0,0.0,0.0,1,885.5,1538.5,1,1206.0,0.0,0.0,0.0,0.0,0.0,42
2023-05-11 09:03:46,SR401C5500,SR401C5500,1206.0,0.0,0.0,0.0,10,886.0,1538.0,10,1206.0,0.0,0.0,0.0,0.0,0.0,42
2023-05-11 09:03:47,SR401C5500,SR401C5500,1206.0,0.0,0.0,0.0,1,887.5,1536.5,1,1206.0,0.0,0.0,0.0,0.0,0.0,42
2023-05-11 09:03:47,SR401C5500,SR401C5500,1206.0,0.0,0.0,0.0,10,888.0,1536.0,10,1206.0,0.0,0.0,0.0,0.0,0.0,42
2023-05-11 09:03:49,SR401C5500,SR401C5500,1206.0,0.0,0.0,0.0,1,889.5,1536.0,10,1206.0,0.0,0.0,0.0,0.0,0.0,42
2023-05-11 09:03:49,SR401C5500,SR401C5500,1206.0,0.0,0.0,0.0,10,890.0,1534.5,1,1206.0,0.0,0.0,0.0,0.0,0.0,42
2023-05-11 09:03:50,SR401C5500,SR401C5500,1206.0,0.0,0.0,0.0,10,890.0,1534.0,10,1206.0,0.0,0.0,0.0,0.0,0.0,42
2023-05-11 09:03:53,SR401C5500,SR401C5500,1206.0,0.0,0.0,0.0,1,891.5,1534.0,10,1206.0,0.0,0.0,0.0,0.0,0.0,42
2023-05-11 09:03:53,SR401C5500,SR401C5500,1206.0,0.0,0.0,0.0,10,892.0,1534.0,10,1206.0,0.0,0.0,0.0,0.0,0.0,42
2023-05-11 09:03:58,SR401C5500,SR401C5500,1206.0,0.0,0.0,0.0,1,893.5,1534.0,10,1206.0,0.0,0.0,0.0,0.0,0.0,42
2023-05-11 09:03:59,SR401C5500,SR401C5500,1206.0,0.0,0.0,0.0,10,894.0,1534.0,10,1206.0,0.0,0.0,0.0,0.0,0.0,42
2023-05-11 09:04:04,SR401C5500,SR401C5500,1206.0,0.0,0.0,0.0,1,895.5,1532.5,1,1206.0,0.0,0.0,0.0,0.0,0.0,42
2023-05-11 09:04:05,SR401C5500,SR401C5500,1206.0,0.0,0.0,0.0,10,896.0,1532.0,10,1206.0,0.0,0.0,0.0,0.0,0.0,42
2023-05-11 09:04:06,SR401C5500,SR401C5500,1206.0,0.0,0.0,0.0,1,897.5,1530.5,1,1206.0,0.0,0.0,0.0,0.0,0.0,42
2023-05-11 09:04:06,SR401C5500,SR401C5500,1206.0,0.0,0.0,0.0,10,898.0,1530.0,10,1206.0,0.0,0.0,0.0,0.0,0.0,42
2023-05-11 09:04:08,SR401C5500,SR401C5500,1206.0,0.0,0.0,0.0,1,899.5,1528.5,1,1206.0,0.0,0.0,0.0,0.0,0.0,42
2023-05-11 09:04:08,SR401C5500,SR401C5500,1206.0,0.0,0.0,0.0,10,900.0,1528.0,10,1206.0,0.0,0.0,0.0,0.0,0.0,42
2023-05-11 09:04:15,SR401C5500,SR401C5500,1206.0,0.0,0.0,0.0,1,901.5,1526.5,1,1206.0,0.0,0.0,0.0,0.0,0.0,42
2023-05-11 09:04:15,SR401C5500,SR401C5500,1206.0,0.0,0.0,0.0,10,902.0,1526.0,10,1206.0,0.0,0.0,0.0,0.0,0.0,42
2023-05-11 09:04:16,SR401C5500,SR401C5500,1206.0,0.0,0.0,0.0,1,903.5,1524.5,1,1206.0,0.0,0.0,0.0,0.0,0.0,42
2023-05-11 09:04:16,SR401C5500,SR401C5500,1206.0,0.0,0.0,0.0,10,904.0,1524.0,10,1206.0,0.0,0.0,0.0,0.0,0.0,42
2023-05-11 09:04:20,SR401C5500,SR401C5500,1206.0,0.0,0.0,0.0,1,905.5,1524.0,10,1206.0,0.0,0.0,0.0,0.0,0.0,42
2023-05-11 09:04:20,SR401C5500,SR401C5500,1206.0,0.0,0.0,0.0,10,906.0,1524.0,10,1206.0,0.0,0.0,0.0,0.0,0.0,42
2023-05-11 09:04:22,SR401C5500,SR401C5500,1206.0,0.0,0.0,0.0,1,907.5,1522.5,1,1206.0,0.0,0.0,0.0,0.0,0.0,42
2023-05-11 09:04:22,SR401C5500,SR401C5500,1206.0,0.0,0.0,0.0,10,908.0,1522.0,10,1206.0,0.0,0.0,0.0,0.0,0.0,42
2023-05-11 09:04:23,SR401C5500,SR401C5500,1206.0,0.0,0.0,0.0,1,909.5,1522.0,10,1206.0,0.0,0.0,0.0,0.0,0.0,42
2023-05-11 09:04:23,SR401C5500,SR401C5500,1206.0,0.0,0.0,0.0,10,910.0,1522.0,10,1206.0,0.0,0.0,0.0,0.0,0.0,42
2023-05-11 09:04:28,SR401C5500,SR401C5500,1206.0,0.0,0.0,0.0,1,911.5,1520.5,1,1206.0,0.0,0.0,0.0,0.0,0.0,42
2023-05-11 09:04:28,SR401C5500,SR401C5500,1206.0,0.0,0.0,0.0,10,912.0,1520.0,10,1206.0,0.0,0.0,0.0,0.0,0.0,42
2023-05-11 09:04:29,SR401C5500,SR401C5500,1206.0,0.0,0.0,0.0,1,913.5,1518.5,1,1206.0,0.0,0.0,0.0,0.0,0.0,42
2023-05-11 09:04:29,SR401C5500,SR401C5500,1206.0,0.0,0.0,0.0,10,914.0,1518.0,10,1206.0,0.0,0.0,0.0,0.0,0.0,42
2023-05-11 09:04:34,SR401C5500,SR401C5500,1206.0,0.0,0.0,0.0,1,915.5,1518.0,10,1206.0,0.0,0.0,0.0,0.0,0.0,42
2023-05-11 09:04:34,SR401C5500,SR401C5500,1206.0,0.0,0.0,0.0,10,916.0,1518.0,10,1206.0,0.0,0.0,0.0,0.0,0.0,42
2023-05-11 09:04:35,SR401C5500,SR401C5500,1206.0,0.0,0.0,0.0,1,917.5,1518.0,10,1206.0,0.0,0.0,0.0,0.0,0.0,42
2023-05-11 09:04:35,SR401C5500,SR401C5500,1206.0,0.0,0.0,0.0,10,918.0,1518.0,10,1206.0,0.0,0.0,0.0,0.0,0.0,42
2023-05-11 09:04:36,SR401C5500,SR401C5500,1206.0,0.0,0.0,0.0,1,919.5,1516.5,1,1206.0,0.0,0.0,0.0,0.0,0.0,42
2023-05-11 09:04:36,SR401C5500,SR401C5500,1206.0,0.0,0.0,0.0,10,920.0,1516.0,10,1206.0,0.0,0.0,0.0,0.0,0.0,42
2023-05-11 09:04:41,SR401C5500,SR401C5500,1206.0,0.0,0.0,0.0,1,921.5,1514.5,1,1206.0,0.0,0.0,0.0,0.0,0.0,42
2023-05-11 09:04:41,SR401C5500,SR401C5500,1206.0,0.0,0.0,0.0,10,922.0,1514.0,10,1206.0,0.0,0.0,0.0,0.0,0.0,42
2023-05-11 09:04:44,SR401C5500,SR401C5500,1206.0,0.0,0.0,0.0,1,923.5,1512.5,1,1206.0,0.0,0.0,0.0,0.0,0.0,42
2023-05-11 09:04:44,SR401C5500,SR401C5500,1206.0,0.0,0.0,0.0,10,924.0,1512.0,10,1206.0,0.0,0.0,0.0,0.0,0.0,42
2023-05-11 09:04:48,SR401C5500,SR401C5500,1206.0,0.0,0.0,0.0,1,925.5,1510.5,1,1206.0,0.0,0.0,0.0,0.0,0.0,42
2023-05-11 09:04:48,SR401C5500,SR401C5500,1206.0,0.0,0.0,0.0,10,926.0,1510.0,10,1206.0,0.0,0.0,0.0,0.0,0.0,42
2023-05-11 09:04:49,SR401C5500,SR401C5500,1206.0,0.0,0.0,0.0,1,927.5,1508.5,1,1206.0,0.0,0.0,0.0,0.0,0.0,42
2023-05-11 09:04:49,SR401C5500,SR401C5500,1206.0,0.0,0.0,0.0,10,928.0,1508.0,10,1206.0,0.0,0.0,0.0,0.0,0.0,42
2023-05-11 09:04:56,SR401C5500,SR401C5500,1206.0,0.0,0.0,0.0,1,929.5,1506.5,1,1206.0,0.0,0.0,0.0,0.0,0.0,42
2023-05-11 09:04:56,SR401C5500,SR401C5500,1206.0,0.0,0.0,0.0,10,930.0,1506.0,10,1206.0,0.0,0.0,0.0,0.0,0.0,42
2023-05-11 09:05:07,SR401C5500,SR401C5500,1206.0,0.0,0.0,0.0,1,931.5,1506.0,10,1206.0,0.0,0.0,0.0,0.0,0.0,42
2023-05-11 09:05:07,SR401C5500,SR401C5500,1206.0,0.0,0.0,0.0,10,932.0,1506.0,10,1206.0,0.0,0.0,0.0,0.0,0.0,42
2023-05-11 09:05:08,SR401C5500,SR401C5500,1206.0,0.0,0.0,0.0,1,933.5,1504.5,1,1206.0,0.0,0.0,0.0,0.0,0.0,42
2023-05-11 09:05:08,SR401C5500,SR401C5500,1206.0,0.0,0.0,0.0,10,934.0,1504.0,10,1206.0,0.0,0.0,0.0,0.0,0.0,42
2023-05-11 09:05:09,SR401C5500,SR401C5500,1206.0,0.0,0.0,0.0,1,935.5,1502.5,1,1206.0,0.0,0.0,0.0,0.0,0.0,42
2023-05-11 09:05:09,SR401C5500,SR401C5500,1206.0,0.0,0.0,0.0,10,936.0,1502.0,10,1206.0,0.0,0.0,0.0,0.0,0.0,42
2023-05-11 09:05:13,SR401C5500,SR401C5500,1206.0,0.0,0.0,0.0,1,937.5,1500.5,1,1206.0,0.0,0.0,0.0,0.0,0.0,42
2023-05-11 09:05:13,SR401C5500,SR401C5500,1206.0,0.0,0.0,0.0,10,938.0,1500.0,10,1206.0,0.0,0.0,0.0,0.0,0.0,42
2023-05-11 09:05:14,SR401C5500,SR401C5500,1206.0,0.0,0.0,0.0,1,939.5,1498.5,1,1206.0,0.0,0.0,0.0,0.0,0.0,42
2023-05-11 09:05:14,SR401C5500,SR401C5500,1206.0,0.0,0.0,0.0,10,940.0,1498.0,10,1206.0,0.0,0.0,0.0,0.0,0.0,42
2023-05-11 09:05:18,SR401C5500,SR401C5500,1206.0,0.0,0.0,0.0,1,941.5,1496.5,1,1206.0,0.0,0.0,0.0,0.0,0.0,42
2023-05-11 09:05:18,SR401C5500,SR401C5500,1206.0,0.0,0.0,0.0,10,942.0,1496.0,10,1206.0,0.0,0.0,0.0,0.0,0.0,42
2023-05-11 09:05:19,SR401C5500,SR401C5500,1206.0,0.0,0.0,0.0,1,943.5,1494.5,1,1206.0,0.0,0.0,0.0,0.0,0.0,42
2023-05-11 09:05:19,SR401C5500,SR401C5500,1206.0,0.0,0.0,0.0,10,944.0,1494.0,10,1206.0,0.0,0.0,0.0,0.0,0.0,42
2023-05-11 09:05:23,SR401C5500,SR401C5500,1206.0,0.0,0.0,0.0,1,945.5,1492.5,1,1206.0,0.0,0.0,0.0,0.0,0.0,42
2023-05-11 09:05:23,SR401C5500,SR401C5500,1206.0,0.0,0.0,0.0,10,946.0,1492.0,10,1206.0,0.0,0.0,0.0,0.0,0.0,42
2023-05-11 09:05:24,SR401C5500,SR401C5500,1206.0,0.0,0.0,0.0,1,947.5,1490.5,1,1206.0,0.0,0.0,0.0,0.0,0.0,42
2023-05-11 09:05:24,SR401C5500,SR401C5500,1206.0,0.0,0.0,0.0,10,948.0,1490.0,10,1206.0,0.0,0.0,0.0,0.0,0.0,42
2023-05-11 09:05:25,SR401C5500,SR401C5500,1206.0,0.0,0.0,0.0,1,949.5,1488.5,1,1206.0,0.0,0.0,0.0,0.0,0.0,42
2023-05-11 09:05:25,SR401C5500,SR401C5500,1206.0,0.0,0.0,0.0,10,950.0,1488.0,10,1206.0,0.0,0.0,0.0,0.0,0.0,42
2023-05-11 09:05:30,SR401C5500,SR401C5500,1206.0,0.0,0.0,0.0,1,951.5,1486.5,1,1206.0,0.0,0.0,0.0,0.0,0.0,42
2023-05-11 09:05:30,SR401C5500,SR401C5500,1206.0,0.0,0.0,0.0,10,952.0,1486.0,10,1206.0,0.0,0.0,0.0,0.0,0.0,42
2023-05-11 09:05:35,SR401C5500,SR401C5500,1206.0,0.0,0.0,0.0,1,953.5,1486.0,10,1206.0,0.0,0.0,0.0,0.0,0.0,42
2023-05-11 09:05:35,SR401C5500,SR401C5500,1206.0,0.0,0.0,0.0,10,954.0,1486.0,10,1206.0,0.0,0.0,0.0,0.0,0.0,42
2023-05-11 09:05:37,SR401C5500,SR401C5500,1206.0,0.0,0.0,0.0,1,955.5,1484.5,1,1206.0,0.0,0.0,0.0,0.0,0.0,42
2023-05-11 09:05:37,SR401C5500,SR401C5500,1206.0,0.0,0.0,0.0,10,956.0,1484.0,10,1206.0,0.0,0.0,0.0,0.0,0.0,42
2023-05-11 09:05:38,SR401C5500,SR401C5500,1206.0,0.0,0.0,0.0,1,957.5,1482.5,1,1206.0,0.0,0.0,0.0,0.0,0.0,42
2023-05-11 09:05:38,SR401C5500,SR401C5500,1206.0,0.0,0.0,0.0,10,958.0,1482.0,10,1206.0,0.0,0.0,0.0,0.0,0.0,42
2023-05-11 09:05:39,SR401C5500,SR401C5500,1206.0,0.0,0.0,0.0,1,959.5,1480.5,1,1206.0,0.0,0.0,0.0,0.0,0.0,42
2023-05-11 09:05:39,SR401C5500,SR401C5500,1206.0,0.0,0.0,0.0,10,960.0,1480.0,10,1206.0,0.0,0.0,0.0,0.0,0.0,42
2023-05-11 09:05:43,SR401C5500,SR401C5500,1206.0,0.0,0.0,0.0,1,961.5,1478.5,1,1206.0,0.0,0.0,0.0,0.0,0.0,42
2023-05-11 09:05:43,SR401C5500,SR401C5500,1206.0,0.0,0.0,0.0,10,962.0,1478.0,10,1206.0,0.0,0.0,0.0,0.0,0.0,42
2023-05-11 09:05:44,SR401C5500,SR401C5500,1206.0,0.0,0.0,0.0,1,963.5,1476.5,1,1206.0,0.0,0.0,0.0,0.0,0.0,42
2023-05-11 09:05:44,SR401C5500,SR401C5500,1206.0,0.0,0.0,0.0,10,964.0,1476.0,10,1206.0,0.0,0.0,0.0,0.0,0.0,42
2023-05-11 09:05:45,SR401C5500,SR401C5500,1206.0,0.0,0.0,0.0,1,965.5,1474.5,1,1206.0,0.0,0.0,0.0,0.0,0.0,42
2023-05-11 09:05:45,SR401C5500,SR401C5500,1206.0,0.0,0.0,0.0,10,966.0,1474.0,10,1206.0,0.0,0.0,0.0,0.0,0.0,42
2023-05-11 09:05:48,SR401C5500,SR401C5500,1206.0,0.0,0.0,0.0,1,967.5,1472.5,1,1206.0,0.0,0.0,0.0,0.0,0.0,42
2023-05-11 09:05:48,SR401C5500,SR401C5500,1206.0,0.0,0.0,0.0,10,968.0,1472.0,10,1206.0,0.0,0.0,0.0,0.0,0.0,42
2023-05-11 09:05:50,SR401C5500,SR401C5500,1206.0,0.0,0.0,0.0,1,969.5,1470.5,1,1206.0,0.0,0.0,0.0,0.0,0.0,42
2023-05-11 09:05:50,SR401C5500,SR401C5500,1206.0,0.0,0.0,0.0,10,970.0,1470.0,10,1206.0,0.0,0.0,0.0,0.0,0.0,42
2023-05-11 09:05:51,SR401C5500,SR401C5500,1206.0,0.0,0.0,0.0,1,971.5,1468.5,1,1206.0,0.0,0.0,0.0,0.0,0.0,42
2023-05-11 09:05:51,SR401C5500,SR401C5500,1206.0,0.0,0.0,0.0,10,972.0,1468.0,10,1206.0,0.0,0.0,0.0,0.0,0.0,42
2023-05-11 09:05:52,SR401C5500,SR401C5500,1206.0,0.0,0.0,0.0,1,973.5,1466.5,1,1206.0,0.0,0.0,0.0,0.0,0.0,42
2023-05-11 09:05:52,SR401C5500,SR401C5500,1206.0,0.0,0.0,0.0,10,974.0,1466.0,10,1206.0,0.0,0.0,0.0,0.0,0.0,42
2023-05-11 09:05:57,SR401C5500,SR401C5500,1206.0,0.0,0.0,0.0,1,975.5,1464.5,1,1206.0,0.0,0.0,0.0,0.0,0.0,42
2023-05-11 09:05:57,SR401C5500,SR401C5500,1206.0,0.0,0.0,0.0,10,976.0,1464.0,10,1206.0,0.0,0.0,0.0,0.0,0.0,42
2023-05-11 09:05:58,SR401C5500,SR401C5500,1206.0,0.0,0.0,0.0,1,977.5,1462.5,1,1206.0,0.0,0.0,0.0,0.0,0.0,42
2023-05-11 09:05:58,SR401C5500,SR401C5500,1206.0,0.0,0.0,0.0,10,978.0,1462.0,10,1206.0,0.0,0.0,0.0,0.0,0.0,42
2023-05-11 09:05:59,SR401C5500,SR401C5500,1206.0,0.0,0.0,0.0,1,979.5,1460.5,1,1206.0,0.0,0.0,0.0,0.0,0.0,42
2023-05-11 09:05:59,SR401C5500,SR401C5500,1206.0,0.0,0.0,0.0,10,980.0,1460.0,10,1206.0,0.0,0.0,0.0,0.0,0.0,42
2023-05-11 09:06:00,SR401C5500,SR401C5500,1206.0,0.0,0.0,0.0,1,981.5,1458.5,1,1206.0,0.0,0.0,0.0,0.0,0.0,42
2023-05-11 09:06:00,SR401C5500,SR401C5500,1206.0,0.0,0.0,0.0,10,982.0,1458.0,10,1206.0,0.0,0.0,0.0,0.0,0.0,42
2023-05-11 09:06:01,SR401C5500,SR401C5500,1206.0,0.0,0.0,0.0,1,983.5,1456.5,1,1206.0,0.0,0.0,0.0,0.0,0.0,42
2023-05-11 09:06:01,SR401C5500,SR401C5500,1206.0,0.0,0.0,0.0,10,984.0,1456.0,10,1206.0,0.0,0.0,0.0,0.0,0.0,42
2023-05-11 09:06:04,SR401C5500,SR401C5500,1206.0,0.0,0.0,0.0,1,985.5,1456.0,10,1206.0,0.0,0.0,0.0,0.0,0.0,42
2023-05-11 09:06:04,SR401C5500,SR401C5500,1206.0,0.0,0.0,0.0,10,986.0,1456.0,10,1206.0,0.0,0.0,0.0,0.0,0.0,42
2023-05-11 09:06:05,SR401C5500,SR401C5500,1206.0,0.0,0.0,0.0,1,987.5,1454.5,1,1206.0,0.0,0.0,0.0,0.0,0.0,42
2023-05-11 09:06:05,SR401C5500,SR401C5500,1206.0,0.0,0.0,0.0,10,988.0,1454.0,10,1206.0,0.0,0.0,0.0,0.0,0.0,42
2023-05-11 09:06:05,SR401C5500,SR401C5500,1206.0,0.0,0.0,0.0,1,987.5,1454.5,1,1206.0,0.0,0.0,0.0,0.0,0.0,42
2023-05-11 09:06:05,SR401C5500,SR401C5500,1206.0,0.0,0.0,0.0,10,988.0,1454.0,10,1206.0,0.0,0.0,0.0,0.0,0.0,42
2023-05-11 09:24:12,SR401C5500,SR401C5500,1206.0,0.0,0.0,0.0,1,989.5,1452.5,1,1206.0,0.0,0.0,0.0,0.0,0.0,42
2023-05-11 09:24:12,SR401C5500,SR401C5500,1206.0,0.0,0.0,0.0,10,990.0,1452.0,10,1206.0,0.0,0.0,0.0,0.0,0.0,42
2023-05-11 09:24:13,SR401C5500,SR401C5500,1206.0,0.0,0.0,0.0,1,991.5,1450.5,1,1206.0,0.0,0.0,0.0,0.0,0.0,42
2023-05-11 09:24:13,SR401C5500,SR401C5500,1206.0,0.0,0.0,0.0,10,992.0,1450.0,10,1206.0,0.0,0.0,0.0,0.0,0.0,42
2023-05-11 09:24:14,SR401C5500,SR401C5500,1206.0,0.0,0.0,0.0,1,993.5,1448.5,1,1206.0,0.0,0.0,0.0,0.0,0.0,42
2023-05-11 09:24:14,SR401C5500,SR401C5500,1206.0,0.0,0.0,0.0,10,994.0,1448.0,10,1206.0,0.0,0.0,0.0,0.0,0.0,42
2023-05-11 09:24:15,SR401C5500,SR401C5500,1206.0,0.0,0.0,0.0,1,995.5,1446.5,1,1206.0,0.0,0.0,0.0,0.0,0.0,42
2023-05-11 09:24:15,SR401C5500,SR401C5500,1206.0,0.0,0.0,0.0,10,996.0,1446.0,10,1206.0,0.0,0.0,0.0,0.0,0.0,42
2023-05-11 09:24:16,SR401C5500,SR401C5500,1206.0,0.0,0.0,0.0,1,997.5,1444.5,1,1206.0,0.0,0.0,0.0,0.0,0.0,42
2023-05-11 09:24:16,SR401C5500,SR401C5500,1206.0,0.0,0.0,0.0,10,998.0,1444.0,10,1206.0,0.0,0.0,0.0,0.0,0.0,42
2023-05-11 09:44:12,SR401C5500,SR401C5500,1206.0,0.0,0.0,0.0,1,999.5,1442.5,1,1206.0,0.0,0.0,0.0,0.0,0.0,42
2023-05-11 09:44:12,SR401C5500,SR401C5500,1206.0,0.0,0.0,0.0,10,1000.0,1442.0,10,1206.0,0.0,0.0,0.0,0.0,0.0,42
2023-05-11 09:44:12,SR401C5500,SR401C5500,1206.0,0.0,0.0,0.0,1,1001.5,1440.5,1,1206.0,0.0,0.0,0.0,0.0,0.0,42
2023-05-11 09:44:13,SR401C5500,SR401C5500,1206.0,0.0,0.0,0.0,10,1002.0,1440.0,10,1206.0,0.0,0.0,0.0,0.0,0.0,42
2023-05-11 09:44:14,SR401C5500,SR401C5500,1206.0,0.0,0.0,0.0,1,1003.5,1438.5,1,1206.0,0.0,0.0,0.0,0.0,0.0,42
2023-05-11 09:44:14,SR401C5500,SR401C5500,1206.0,0.0,0.0,0.0,10,1004.0,1438.0,10,1206.0,0.0,0.0,0.0,0.0,0.0,42
2023-05-11 09:44:15,SR401C5500,SR401C5500,1206.0,0.0,0.0,0.0,1,1005.5,1436.5,1,1206.0,0.0,0.0,0.0,0.0,0.0,42
2023-05-11 09:44:15,SR401C5500,SR401C5500,1206.0,0.0,0.0,0.0,10,1006.0,1436.0,10,1206.0,0.0,0.0,0.0,0.0,0.0,42
2023-05-11 09:44:16,SR401C5500,SR401C5500,1206.0,0.0,0.0,0.0,1,1007.5,1434.5,1,1206.0,0.0,0.0,0.0,0.0,0.0,42
2023-05-11 09:44:16,SR401C5500,SR401C5500,1206.0,0.0,0.0,0.0,10,1008.0,1434.0,10,1206.0,0.0,0.0,0.0,0.0,0.0,42
2023-05-11 10:04:12,SR401C5500,SR401C5500,1206.0,0.0,0.0,0.0,1,1009.5,1432.5,1,1206.0,0.0,0.0,0.0,0.0,0.0,42
2023-05-11 10:04:12,SR401C5500,SR401C5500,1206.0,0.0,0.0,0.0,10,1010.0,1432.0,10,1206.0,0.0,0.0,0.0,0.0,0.0,42
2023-05-11 10:04:12,SR401C5500,SR401C5500,1206.0,0.0,0.0,0.0,1,1011.5,1430.5,1,1206.0,0.0,0.0,0.0,0.0,0.0,42
2023-05-11 10:04:13,SR401C5500,SR401C5500,1206.0,0.0,0.0,0.0,10,1012.0,1430.0,10,1206.0,0.0,0.0,0.0,0.0,0.0,42
2023-05-11 10:04:13,SR401C5500,SR401C5500,1206.0,0.0,0.0,0.0,1,1013.5,1428.5,1,1206.0,0.0,0.0,0.0,0.0,0.0,42
2023-05-11 10:04:14,SR401C5500,SR401C5500,1206.0,0.0,0.0,0.0,10,1014.0,1428.0,10,1206.0,0.0,0.0,0.0,0.0,0.0,42
2023-05-11 10:04:14,SR401C5500,SR401C5500,1206.0,0.0,0.0,0.0,1,1015.5,1426.5,1,1206.0,0.0,0.0,0.0,0.0,0.0,42
2023-05-11 10:04:15,SR401C5500,SR401C5500,1206.0,0.0,0.0,0.0,10,1016.0,1426.0,10,1206.0,0.0,0.0,0.0,0.0,0.0,42
2023-05-11 10:04:15,SR401C5500,SR401C5500,1206.0,0.0,0.0,0.0,1,1017.5,1424.5,1,1206.0,0.0,0.0,0.0,0.0,0.0,42
2023-05-11 10:04:16,SR401C5500,SR401C5500,1206.0,0.0,0.0,0.0,10,1018.0,1424.0,10,1206.0,0.0,0.0,0.0,0.0,0.0,42
2023-05-11 10:14:33,SR401C5500,SR401C5500,1206.0,0.0,0.0,0.0,0,0.0,0.0,0,1206.0,0.0,0.0,0.0,0.0,0.0,42
2023-05-11 10:32:02,SR401C5500,SR401C5500,1206.0,0.0,0.0,0.0,10,806.0,1606.0,10,1206.0,0.0,0.0,0.0,0.0,0.0,42
2023-05-11 10:32:03,SR401C5500,SR401C5500,1206.0,0.0,0.0,0.0,1,807.5,1606.0,10,1206.0,0.0,0.0,0.0,0.0,0.0,42
2023-05-11 10:32:03,SR401C5500,SR401C5500,1206.0,0.0,0.0,0.0,10,808.0,1604.5,1,1206.0,0.0,0.0,0.0,0.0,0.0,42
2023-05-11 10:32:04,SR401C5500,SR401C5500,1206.0,0.0,0.0,0.0,1,809.5,1604.0,10,1206.0,0.0,0.0,0.0,0.0,0.0,42
2023-05-11 10:32:04,SR401C5500,SR401C5500,1206.0,0.0,0.0,0.0,10,810.0,1604.0,10,1206.0,0.0,0.0,0.0,0.0,0.0,42
2023-05-11 10:32:09,SR401C5500,SR401C5500,1206.0,0.0,0.0,0.0,1,811.5,1602.5,1,1206.0,0.0,0.0,0.0,0.0,0.0,42
2023-05-11 10:32:09,SR401C5500,SR401C5500,1206.0,0.0,0.0,0.0,10,812.0,1602.0,10,1206.0,0.0,0.0,0.0,0.0,0.0,42
2023-05-11 10:32:12,SR401C5500,SR401C5500,1206.0,0.0,0.0,0.0,1,813.5,1600.5,1,1206.0,0.0,0.0,0.0,0.0,0.0,42
2023-05-11 10:32:12,SR401C5500,SR401C5500,1206.0,0.0,0.0,0.0,10,814.0,1600.0,10,1206.0,0.0,0.0,0.0,0.0,0.0,42
2023-05-11 11:29:33,SR401C5500,SR401C5500,1206.0,0.0,0.0,0.0,0,0.0,0.0,0,1206.0,0.0,0.0,0.0,0.0,0.0,42
2023-05-11 13:47:17,SR401C5500,SR401C5500,1206.0,0.0,0.0,0.0,3,1209.0,1227.0,3,1206.0,0.0,0.0,0.0,0.0,0.0,42
2023-05-11 13:47:17,SR401C5500,SR401C5500,1206.0,0.0,0.0,0.0,6,1209.0,1227.0,6,1206.0,0.0,0.0,0.0,0.0,0.0,42
2023-05-11 13:47:19,SR401C5500,SR401C5500,1206.0,0.0,0.0,0.0,9,1209.0,1227.0,6,1206.0,0.0,0.0,0.0,0.0,0.0,42
2023-05-11 13:47:27,SR401C5500,SR401C5500,1206.0,0.0,0.0,0.0,3,1212.0,1227.0,6,1206.0,0.0,0.0,0.0,0.0,0.0,42
2023-05-11 13:47:29,SR401C5500,SR401C5500,1206.0,0.0,0.0,0.0,3,1212.0,1227.0,3,1206.0,0.0,0.0,0.0,0.0,0.0,42
2023-05-11 13:47:30,SR401C5500,SR401C5500,1206.0,0.0,0.0,0.0,3,1212.0,1227.5,3,1206.0,0.0,0.0,0.0,0.0,0.0,42
2023-05-11 13:47:32,SR401C5500,SR401C5500,1206.0,0.0,0.0,0.0,6,1212.0,1227.5,3,1206.0,0.0,0.0,0.0,0.0,0.0,42
2023-05-11 13:47:36,SR401C5500,SR401C5500,1206.0,0.0,0.0,0.0,6,1212.0,1229.5,12,1206.0,0.0,0.0,0.0,0.0,0.0,42
2023-05-11 13:47:38,SR401C5500,SR401C5500,1206.0,0.0,0.0,0.0,6,1212.0,1229.5,6,1206.0,0.0,0.0,0.0,0.0,0.0,42
2023-05-11 13:47:39,SR401C5500,SR401C5500,1206.0,0.0,0.0,0.0,3,1212.0,1229.5,6,1206.0,0.0,0.0,0.0,0.0,0.0,42
2023-05-11 13:47:41,SR401C5500,SR401C5500,1206.0,0.0,0.0,0.0,3,1212.0,1229.5,3,1206.0,0.0,0.0,0.0,0.0,0.0,42
2023-05-11 13:47:43,SR401C5500,SR401C5500,1206.0,0.0,0.0,0.0,3,1212.0,1248.0,3,1206.0,0.0,0.0,0.0,0.0,0.0,42
2023-05-11 13:47:43,SR401C5500,SR401C5500,1206.0,0.0,0.0,0.0,3,1212.0,1247.5,10,1206.0,0.0,0.0,0.0,0.0,0.0,42
2023-05-11 13:47:44,SR401C5500,SR401C5500,1206.0,0.0,0.0,0.0,0,0.0,1247.5,10,1206.0,0.0,0.0,0.0,0.0,0.0,42
2023-05-11 14:59:03,SR401C5500,SR401C5500,1206.0,0.0,0.0,0.0,0,0.0,0.0,0,1206.0,0.0,0.0,0.0,0.0,0.0,42
