time,symbol_id,symbol_name,last,trade_volume,trade_amount,open_interest_change,bv1,bp1,ap1,av1,yesterday_close,today_open,today_high,today_low,volume,amount,open_interest
2023-05-10 19:12:58,SR401C6700,SR401C6700,317.5,0.0,0.0,0.0,0,0.0,0.0,0,317.5,309.5,0.0,0.0,0.0,0.0,303
2023-05-10 20:59:00,SR401C6700,SR401C6700,317.5,0.0,0.0,0.0,18,94.0,0.0,0,317.5,309.5,0.0,0.0,0.0,0.0,303
2023-05-10 21:00:01,SR401C6700,SR401C6700,317.5,0.0,0.0,0.0,18,94.0,442.0,2,317.5,309.5,0.0,0.0,0.0,0.0,303
2023-05-10 21:00:02,SR401C6700,SR401C6700,317.5,0.0,0.0,0.0,2,174.0,442.0,2,317.5,309.5,0.0,0.0,0.0,0.0,303
2023-05-10 21:00:03,SR401C6700,SR401C6700,317.5,0.0,0.0,0.0,10,174.5,441.5,10,317.5,309.5,0.0,0.0,0.0,0.0,303
2023-05-10 21:00:04,SR401C6700,SR401C6700,317.5,0.0,0.0,0.0,2,209.0,407.0,2,317.5,309.5,0.0,0.0,0.0,0.0,303
2023-05-10 21:00:06,SR401C6700,SR401C6700,317.5,0.0,0.0,0.0,2,244.0,372.0,2,317.5,309.5,0.0,0.0,0.0,0.0,303
2023-05-10 21:00:06,SR401C6700,SR401C6700,317.5,0.0,0.0,0.0,2,279.0,372.0,2,317.5,309.5,0.0,0.0,0.0,0.0,303
2023-05-10 21:00:14,SR401C6700,SR401C6700,317.5,0.0,0.0,0.0,10,176.0,372.0,2,317.5,309.5,0.0,0.0,0.0,0.0,303
2023-05-10 21:00:15,SR401C6700,SR401C6700,317.5,0.0,0.0,0.0,2,210.5,372.0,2,317.5,309.5,0.0,0.0,0.0,0.0,303
2023-05-10 21:00:15,SR401C6700,SR401C6700,317.5,0.0,0.0,0.0,2,245.5,372.0,2,317.5,309.5,0.0,0.0,0.0,0.0,303
2023-05-10 21:00:16,SR401C6700,SR401C6700,317.5,0.0,0.0,0.0,10,246.0,372.0,2,317.5,309.5,0.0,0.0,0.0,0.0,303
2023-05-10 21:00:39,SR401C6700,SR401C6700,317.5,0.0,0.0,0.0,2,245.5,372.0,2,317.5,309.5,0.0,0.0,0.0,0.0,303
2023-05-10 21:00:45,SR401C6700,SR401C6700,317.5,0.0,0.0,0.0,10,174.5,372.0,2,317.5,309.5,0.0,0.0,0.0,0.0,303
2023-05-10 21:00:46,SR401C6700,SR401C6700,317.5,0.0,0.0,0.0,2,209.0,372.0,2,317.5,309.5,0.0,0.0,0.0,0.0,303
2023-05-10 21:00:46,SR401C6700,SR401C6700,317.5,0.0,0.0,0.0,2,244.0,372.0,2,317.5,309.5,0.0,0.0,0.0,0.0,303
2023-05-10 21:00:47,SR401C6700,SR401C6700,317.5,0.0,0.0,0.0,10,244.5,372.0,2,317.5,309.5,0.0,0.0,0.0,0.0,303
2023-05-10 21:01:07,SR401C6700,SR401C6700,317.5,0.0,0.0,0.0,12,244.0,372.0,2,317.5,309.5,0.0,0.0,0.0,0.0,303
2023-05-10 21:01:07,SR401C6700,SR401C6700,317.5,0.0,0.0,0.0,12,244.0,343.5,2,317.5,309.5,0.0,0.0,0.0,0.0,303
2023-05-10 21:01:09,SR401C6700,SR401C6700,317.5,0.0,0.0,0.0,12,244.0,312.0,5,317.5,309.5,0.0,0.0,0.0,0.0,303
2023-05-10 21:01:10,SR401C6700,SR401C6700,317.5,0.0,0.0,0.0,5,299.0,312.0,5,317.5,309.5,0.0,0.0,0.0,0.0,303
2023-05-10 21:01:34,SR401C6700,SR401C6700,317.5,0.0,0.0,0.0,5,302.5,312.0,5,317.5,309.5,0.0,0.0,0.0,0.0,303
2023-05-10 21:02:40,SR401C6700,SR401C6700,317.5,0.0,0.0,0.0,5,299.0,312.0,5,317.5,309.5,0.0,0.0,0.0,0.0,303
2023-05-10 21:02:45,SR401C6700,SR401C6700,317.5,0.0,0.0,0.0,5,299.0,309.5,5,317.5,309.5,0.0,0.0,0.0,0.0,303
2023-05-10 21:04:30,SR401C6700,SR401C6700,309.5,2.0,619.0,2.0,5,299.0,309.5,3,317.5,309.5,309.5,309.5,2.0,619.0,305
2023-05-10 21:05:06,SR401C6700,SR401C6700,309.5,0.0,0.0,0.0,5,301.5,309.5,3,317.5,309.5,309.5,309.5,2.0,619.0,305
2023-05-10 21:06:42,SR401C6700,SR401C6700,309.5,0.0,0.0,0.0,5,299.0,309.5,3,317.5,309.5,309.5,309.5,2.0,619.0,305
2023-05-10 21:07:00,SR401C6700,SR401C6700,309.5,0.0,0.0,0.0,5,299.0,307.0,5,317.5,309.5,309.5,309.5,2.0,619.0,305
2023-05-10 21:09:29,SR401C6700,SR401C6700,309.5,0.0,0.0,0.0,5,295.5,307.0,5,317.5,309.5,309.5,309.5,2.0,619.0,305
2023-05-10 21:09:32,SR401C6700,SR401C6700,309.5,0.0,0.0,0.0,5,295.5,304.5,5,317.5,309.5,309.5,309.5,2.0,619.0,305
2023-05-10 21:10:04,SR401C6700,SR401C6700,309.5,0.0,0.0,0.0,5,295.5,302.5,5,317.5,309.5,309.5,309.5,2.0,619.0,305
2023-05-10 21:12:00,SR401C6700,SR401C6700,309.5,0.0,0.0,0.0,5,292.5,302.5,5,317.5,309.5,309.5,309.5,2.0,619.0,305
2023-05-10 21:13:36,SR401C6700,SR401C6700,309.5,0.0,0.0,0.0,5,292.5,300.5,5,317.5,309.5,309.5,309.5,2.0,619.0,305
2023-05-10 21:14:03,SR401C6700,SR401C6700,309.5,0.0,0.0,0.0,5,294.5,300.5,5,317.5,309.5,309.5,309.5,2.0,619.0,305
2023-05-10 21:14:15,SR401C6700,SR401C6700,309.5,0.0,0.0,0.0,5,294.5,302.5,5,317.5,309.5,309.5,309.5,2.0,619.0,305
2023-05-10 21:14:24,SR401C6700,SR401C6700,302.5,5.0,1512.5,5.0,5,296.5,305.0,5,317.5,309.5,309.5,302.5,7.0,2131.5,310
2023-05-10 21:15:10,SR401C6700,SR401C6700,302.5,0.0,0.0,0.0,5,298.5,305.0,5,317.5,309.5,309.5,302.5,7.0,2131.5,310
2023-05-10 21:19:38,SR401C6700,SR401C6700,302.5,0.0,0.0,0.0,5,298.5,307.5,5,317.5,309.5,309.5,302.5,7.0,2131.5,310
2023-05-10 21:19:53,SR401C6700,SR401C6700,302.5,0.0,0.0,0.0,5,300.5,307.5,5,317.5,309.5,309.5,302.5,7.0,2131.5,310
2023-05-10 21:21:50,SR401C6700,SR401C6700,302.5,0.0,0.0,0.0,5,300.5,305.5,5,317.5,309.5,309.5,302.5,7.0,2131.5,310
2023-05-10 21:22:18,SR401C6700,SR401C6700,302.5,0.0,0.0,0.0,5,298.5,305.5,5,317.5,309.5,309.5,302.5,7.0,2131.5,310
2023-05-10 21:26:59,SR401C6700,SR401C6700,302.5,0.0,0.0,0.0,5,300.5,305.5,5,317.5,309.5,309.5,302.5,7.0,2131.5,310
2023-05-10 21:27:29,SR401C6700,SR401C6700,302.5,0.0,0.0,0.0,5,300.5,307.5,5,317.5,309.5,309.5,302.5,7.0,2131.5,310
2023-05-10 21:29:35,SR401C6700,SR401C6700,302.5,0.0,0.0,0.0,5,302.5,307.5,5,317.5,309.5,309.5,302.5,7.0,2131.5,310
2023-05-10 21:30:30,SR401C6700,SR401C6700,302.5,0.0,0.0,0.0,5,300.5,307.5,5,317.5,309.5,309.5,302.5,7.0,2131.5,310
2023-05-10 21:35:07,SR401C6700,SR401C6700,302.5,0.0,0.0,0.0,5,302.5,307.5,5,317.5,309.5,309.5,302.5,7.0,2131.5,310
2023-05-10 21:35:08,SR401C6700,SR401C6700,302.5,0.0,0.0,0.0,5,302.5,310.0,5,317.5,309.5,309.5,302.5,7.0,2131.5,310
2023-05-10 21:38:16,SR401C6700,SR401C6700,302.5,0.0,0.0,0.0,5,302.5,308.0,5,317.5,309.5,309.5,302.5,7.0,2131.5,310
2023-05-10 21:38:35,SR401C6700,SR401C6700,302.5,0.0,0.0,0.0,5,300.5,308.0,5,317.5,309.5,309.5,302.5,7.0,2131.5,310
2023-05-10 21:39:06,SR401C6700,SR401C6700,302.5,0.0,0.0,0.0,5,302.5,308.0,5,317.5,309.5,309.5,302.5,7.0,2131.5,310
2023-05-10 21:41:29,SR401C6700,SR401C6700,302.5,0.0,0.0,0.0,5,300.5,308.0,5,317.5,309.5,309.5,302.5,7.0,2131.5,310
2023-05-10 21:42:14,SR401C6700,SR401C6700,302.5,0.0,0.0,0.0,5,300.5,306.0,5,317.5,309.5,309.5,302.5,7.0,2131.5,310
2023-05-10 21:43:06,SR401C6700,SR401C6700,302.5,0.0,0.0,0.0,5,298.0,306.0,5,317.5,309.5,309.5,302.5,7.0,2131.5,310
2023-05-10 21:49:29,SR401C6700,SR401C6700,302.5,0.0,0.0,0.0,5,298.0,304.0,5,317.5,309.5,309.5,302.5,7.0,2131.5,310
2023-05-10 21:51:11,SR401C6700,SR401C6700,302.5,0.0,0.0,0.0,5,298.0,306.0,5,317.5,309.5,309.5,302.5,7.0,2131.5,310
2023-05-10 21:51:22,SR401C6700,SR401C6700,302.5,0.0,0.0,0.0,5,300.0,306.0,5,317.5,309.5,309.5,302.5,7.0,2131.5,310
2023-05-10 21:51:34,SR401C6700,SR401C6700,302.5,0.0,0.0,0.0,5,300.0,308.5,5,317.5,309.5,309.5,302.5,7.0,2131.5,310
2023-05-10 21:58:49,SR401C6700,SR401C6700,302.5,0.0,0.0,0.0,5,302.0,308.5,5,317.5,309.5,309.5,302.5,7.0,2131.5,310
2023-05-10 22:00:17,SR401C6700,SR401C6700,302.5,0.0,0.0,0.0,5,304.0,311.0,5,317.5,309.5,309.5,302.5,7.0,2131.5,310
2023-05-10 22:02:41,SR401C6700,SR401C6700,302.5,0.0,0.0,0.0,5,306.0,311.0,5,317.5,309.5,309.5,302.5,7.0,2131.5,310
2023-05-10 22:02:42,SR401C6700,SR401C6700,302.5,0.0,0.0,0.0,5,306.0,313.5,5,317.5,309.5,309.5,302.5,7.0,2131.5,310
2023-05-10 22:07:27,SR401C6700,SR401C6700,302.5,0.0,0.0,0.0,5,308.0,313.5,5,317.5,309.5,309.5,302.5,7.0,2131.5,310
2023-05-10 22:07:28,SR401C6700,SR401C6700,302.5,0.0,0.0,0.0,5,308.0,316.0,5,317.5,309.5,309.5,302.5,7.0,2131.5,310
2023-05-10 22:08:01,SR401C6700,SR401C6700,302.5,0.0,0.0,0.0,5,310.0,316.0,5,317.5,309.5,309.5,302.5,7.0,2131.5,310
2023-05-10 22:08:06,SR401C6700,SR401C6700,302.5,0.0,0.0,0.0,5,310.0,320.0,5,317.5,309.5,309.5,302.5,7.0,2131.5,310
2023-05-10 22:08:13,SR401C6700,SR401C6700,302.5,0.0,0.0,0.0,5,312.0,320.0,5,317.5,309.5,309.5,302.5,7.0,2131.5,310
2023-05-10 22:09:14,SR401C6700,SR401C6700,302.5,0.0,0.0,0.0,5,314.0,320.0,5,317.5,309.5,309.5,302.5,7.0,2131.5,310
2023-05-10 22:09:14,SR401C6700,SR401C6700,302.5,0.0,0.0,0.0,5,314.0,322.5,5,317.5,309.5,309.5,302.5,7.0,2131.5,310
2023-05-10 22:11:32,SR401C6700,SR401C6700,302.5,0.0,0.0,0.0,5,316.0,322.5,5,317.5,309.5,309.5,302.5,7.0,2131.5,310
2023-05-10 22:11:39,SR401C6700,SR401C6700,302.5,0.0,0.0,0.0,5,316.0,325.5,5,317.5,309.5,309.5,302.5,7.0,2131.5,310
2023-05-10 22:12:02,SR401C6700,SR401C6700,302.5,0.0,0.0,0.0,5,316.0,323.5,5,317.5,309.5,309.5,302.5,7.0,2131.5,310
2023-05-10 22:12:15,SR401C6700,SR401C6700,302.5,0.0,0.0,0.0,5,316.0,321.5,5,317.5,309.5,309.5,302.5,7.0,2131.5,310
2023-05-10 22:12:18,SR401C6700,SR401C6700,302.5,0.0,0.0,0.0,5,314.0,321.5,5,317.5,309.5,309.5,302.5,7.0,2131.5,310
2023-05-10 22:14:44,SR401C6700,SR401C6700,302.5,0.0,0.0,0.0,5,316.0,321.5,5,317.5,309.5,309.5,302.5,7.0,2131.5,310
2023-05-10 22:15:06,SR401C6700,SR401C6700,302.5,0.0,0.0,0.0,5,316.0,323.5,5,317.5,309.5,309.5,302.5,7.0,2131.5,310
2023-05-10 22:15:22,SR401C6700,SR401C6700,302.5,0.0,0.0,0.0,5,318.0,323.5,5,317.5,309.5,309.5,302.5,7.0,2131.5,310
2023-05-10 22:16:08,SR401C6700,SR401C6700,302.5,0.0,0.0,0.0,5,316.0,323.5,5,317.5,309.5,309.5,302.5,7.0,2131.5,310
2023-05-10 22:16:40,SR401C6700,SR401C6700,302.5,0.0,0.0,0.0,5,316.0,321.5,5,317.5,309.5,309.5,302.5,7.0,2131.5,310
2023-05-10 22:16:56,SR401C6700,SR401C6700,302.5,0.0,0.0,0.0,5,313.0,321.5,5,317.5,309.5,309.5,302.5,7.0,2131.5,310
2023-05-10 22:17:49,SR401C6700,SR401C6700,302.5,0.0,0.0,0.0,5,313.0,319.5,5,317.5,309.5,309.5,302.5,7.0,2131.5,310
2023-05-10 22:18:15,SR401C6700,SR401C6700,302.5,0.0,0.0,0.0,5,310.0,319.5,5,317.5,309.5,309.5,302.5,7.0,2131.5,310
2023-05-10 22:18:17,SR401C6700,SR401C6700,302.5,0.0,0.0,0.0,5,310.0,317.5,5,317.5,309.5,309.5,302.5,7.0,2131.5,310
2023-05-10 22:22:01,SR401C6700,SR401C6700,302.5,0.0,0.0,0.0,5,312.0,317.5,5,317.5,309.5,309.5,302.5,7.0,2131.5,310
2023-05-10 22:22:05,SR401C6700,SR401C6700,302.5,0.0,0.0,0.0,5,312.0,319.5,5,317.5,309.5,309.5,302.5,7.0,2131.5,310
2023-05-10 22:23:13,SR401C6700,SR401C6700,302.5,0.0,0.0,0.0,5,314.0,319.5,5,317.5,309.5,309.5,302.5,7.0,2131.5,310
2023-05-10 22:23:24,SR401C6700,SR401C6700,302.5,0.0,0.0,0.0,5,314.0,322.0,5,317.5,309.5,309.5,302.5,7.0,2131.5,310
2023-05-10 22:25:43,SR401C6700,SR401C6700,302.5,0.0,0.0,0.0,5,316.0,322.0,5,317.5,309.5,309.5,302.5,7.0,2131.5,310
2023-05-10 22:25:44,SR401C6700,SR401C6700,302.5,0.0,0.0,0.0,5,316.0,324.5,5,317.5,309.5,309.5,302.5,7.0,2131.5,310
2023-05-10 22:25:52,SR401C6700,SR401C6700,302.5,0.0,0.0,0.0,5,316.0,322.0,5,317.5,309.5,309.5,302.5,7.0,2131.5,310
2023-05-10 22:26:17,SR401C6700,SR401C6700,302.5,0.0,0.0,0.0,5,314.0,322.0,5,317.5,309.5,309.5,302.5,7.0,2131.5,310
2023-05-10 22:26:34,SR401C6700,SR401C6700,302.5,0.0,0.0,0.0,5,314.0,320.0,5,317.5,309.5,309.5,302.5,7.0,2131.5,310
2023-05-10 22:26:41,SR401C6700,SR401C6700,302.5,0.0,0.0,0.0,5,311.0,320.0,5,317.5,309.5,309.5,302.5,7.0,2131.5,310
2023-05-10 22:27:34,SR401C6700,SR401C6700,302.5,0.0,0.0,0.0,5,311.0,318.0,5,317.5,309.5,309.5,302.5,7.0,2131.5,310
2023-05-10 22:28:43,SR401C6700,SR401C6700,302.5,0.0,0.0,0.0,5,308.0,316.0,5,317.5,309.5,309.5,302.5,7.0,2131.5,310
2023-05-10 22:32:33,SR401C6700,SR401C6700,302.5,0.0,0.0,0.0,5,308.0,314.0,5,317.5,309.5,309.5,302.5,7.0,2131.5,310
2023-05-10 22:32:52,SR401C6700,SR401C6700,302.5,0.0,0.0,0.0,5,305.0,314.0,5,317.5,309.5,309.5,302.5,7.0,2131.5,310
2023-05-10 22:33:07,SR401C6700,SR401C6700,302.5,0.0,0.0,0.0,5,305.0,312.0,5,317.5,309.5,309.5,302.5,7.0,2131.5,310
2023-05-10 22:33:54,SR401C6700,SR401C6700,302.5,0.0,0.0,0.0,5,302.0,309.5,5,317.5,309.5,309.5,302.5,7.0,2131.5,310
2023-05-10 22:34:44,SR401C6700,SR401C6700,302.5,0.0,0.0,0.0,5,302.0,312.0,5,317.5,309.5,309.5,302.5,7.0,2131.5,310
2023-05-10 22:34:56,SR401C6700,SR401C6700,302.5,0.0,0.0,0.0,5,304.5,312.0,5,317.5,309.5,309.5,302.5,7.0,2131.5,310
2023-05-10 22:38:53,SR401C6700,SR401C6700,302.5,0.0,0.0,0.0,5,306.5,312.0,5,317.5,309.5,309.5,302.5,7.0,2131.5,310
2023-05-10 22:38:58,SR401C6700,SR401C6700,302.5,0.0,0.0,0.0,5,306.5,315.0,5,317.5,309.5,309.5,302.5,7.0,2131.5,310
2023-05-10 22:39:36,SR401C6700,SR401C6700,302.5,0.0,0.0,0.0,5,309.0,315.0,5,317.5,309.5,309.5,302.5,7.0,2131.5,310
2023-05-10 22:40:00,SR401C6700,SR401C6700,302.5,0.0,0.0,0.0,5,306.5,315.0,5,317.5,309.5,309.5,302.5,7.0,2131.5,310
2023-05-10 22:40:34,SR401C6700,SR401C6700,302.5,0.0,0.0,0.0,5,309.5,315.0,5,317.5,309.5,309.5,302.5,7.0,2131.5,310
2023-05-10 22:40:42,SR401C6700,SR401C6700,302.5,0.0,0.0,0.0,5,309.5,317.5,5,317.5,309.5,309.5,302.5,7.0,2131.5,310
2023-05-10 22:42:15,SR401C6700,SR401C6700,302.5,0.0,0.0,0.0,5,309.5,315.5,5,317.5,309.5,309.5,302.5,7.0,2131.5,310
2023-05-10 22:44:11,SR401C6700,SR401C6700,302.5,0.0,0.0,0.0,5,306.5,315.5,5,317.5,309.5,309.5,302.5,7.0,2131.5,310
2023-05-10 22:44:26,SR401C6700,SR401C6700,302.5,0.0,0.0,0.0,5,306.5,313.0,5,317.5,309.5,309.5,302.5,7.0,2131.5,310
2023-05-10 22:45:12,SR401C6700,SR401C6700,302.5,0.0,0.0,0.0,5,304.0,313.0,5,317.5,309.5,309.5,302.5,7.0,2131.5,310
2023-05-10 22:45:21,SR401C6700,SR401C6700,302.5,0.0,0.0,0.0,5,304.0,311.0,5,317.5,309.5,309.5,302.5,7.0,2131.5,310
2023-05-10 22:48:49,SR401C6700,SR401C6700,302.5,0.0,0.0,0.0,5,301.0,311.0,5,317.5,309.5,309.5,302.5,7.0,2131.5,310
2023-05-10 22:49:44,SR401C6700,SR401C6700,302.5,0.0,0.0,0.0,5,303.5,311.0,5,317.5,309.5,309.5,302.5,7.0,2131.5,310
2023-05-10 22:53:32,SR401C6700,SR401C6700,302.5,0.0,0.0,0.0,5,303.5,313.0,5,317.5,309.5,309.5,302.5,7.0,2131.5,310
2023-05-10 22:53:50,SR401C6700,SR401C6700,302.5,0.0,0.0,0.0,5,303.5,316.0,5,317.5,309.5,309.5,302.5,7.0,2131.5,310
2023-05-10 22:53:52,SR401C6700,SR401C6700,302.5,0.0,0.0,0.0,5,307.0,316.0,5,317.5,309.5,309.5,302.5,7.0,2131.5,310
2023-05-10 22:54:34,SR401C6700,SR401C6700,302.5,0.0,0.0,0.0,5,307.0,313.5,5,317.5,309.5,309.5,302.5,7.0,2131.5,310
2023-05-10 22:55:45,SR401C6700,SR401C6700,302.5,0.0,0.0,0.0,5,303.5,313.5,5,317.5,309.5,309.5,302.5,7.0,2131.5,310
2023-05-10 22:55:59,SR401C6700,SR401C6700,302.5,0.0,0.0,0.0,2,173.0,343.5,2,317.5,309.5,309.5,302.5,7.0,2131.5,310
2023-05-10 22:56:00,SR401C6700,SR401C6700,302.5,0.0,0.0,0.0,2,232.0,343.5,2,317.5,309.5,309.5,302.5,7.0,2131.5,310
2023-05-10 22:56:00,SR401C6700,SR401C6700,302.5,0.0,0.0,0.0,10,232.5,343.5,2,317.5,309.5,309.5,302.5,7.0,2131.5,310
2023-05-10 22:56:01,SR401C6700,SR401C6700,302.5,0.0,0.0,0.0,2,274.0,343.5,2,317.5,309.5,309.5,302.5,7.0,2131.5,310
2023-05-10 22:56:33,SR401C6700,SR401C6700,302.5,0.0,0.0,0.0,18,94.0,0.0,0,317.5,309.5,309.5,302.5,7.0,2131.5,310
2023-05-10 22:56:34,SR401C6700,SR401C6700,302.5,0.0,0.0,0.0,2,100.5,700.5,10,317.5,309.5,309.5,302.5,7.0,2131.5,310
2023-05-10 22:56:34,SR401C6700,SR401C6700,302.5,0.0,0.0,0.0,10,101.0,700.5,10,317.5,309.5,309.5,302.5,7.0,2131.5,310
2023-05-10 22:56:36,SR401C6700,SR401C6700,302.5,0.0,0.0,0.0,2,107.5,700.5,10,317.5,309.5,309.5,302.5,7.0,2131.5,310
2023-05-10 22:56:36,SR401C6700,SR401C6700,302.5,0.0,0.0,0.0,10,108.0,699.0,1,317.5,309.5,309.5,302.5,7.0,2131.5,310
2023-05-10 22:56:36,SR401C6700,SR401C6700,302.5,0.0,0.0,0.0,1,109.5,698.5,10,317.5,309.5,309.5,302.5,7.0,2131.5,310
2023-05-10 22:56:36,SR401C6700,SR401C6700,302.5,0.0,0.0,0.0,10,108.0,699.0,1,317.5,309.5,309.5,302.5,7.0,2131.5,310
2023-05-10 22:56:36,SR401C6700,SR401C6700,302.5,0.0,0.0,0.0,1,109.5,698.5,10,317.5,309.5,309.5,302.5,7.0,2131.5,310
2023-05-10 22:56:37,SR401C6700,SR401C6700,302.5,0.0,0.0,0.0,10,110.0,698.5,10,317.5,309.5,309.5,302.5,7.0,2131.5,310
2023-05-10 22:56:39,SR401C6700,SR401C6700,302.5,0.0,0.0,0.0,1,111.5,697.0,1,317.5,309.5,309.5,302.5,7.0,2131.5,310
2023-05-10 22:56:40,SR401C6700,SR401C6700,302.5,0.0,0.0,0.0,2,116.5,696.5,10,317.5,309.5,309.5,302.5,7.0,2131.5,310
2023-05-10 22:56:40,SR401C6700,SR401C6700,302.5,0.0,0.0,0.0,10,117.0,696.5,10,317.5,309.5,309.5,302.5,7.0,2131.5,310
2023-05-10 22:56:41,SR401C6700,SR401C6700,302.5,0.0,0.0,0.0,1,118.5,695.0,1,317.5,309.5,309.5,302.5,7.0,2131.5,310
2023-05-10 22:56:41,SR401C6700,SR401C6700,302.5,0.0,0.0,0.0,10,119.0,694.5,10,317.5,309.5,309.5,302.5,7.0,2131.5,310
2023-05-10 22:56:43,SR401C6700,SR401C6700,302.5,0.0,0.0,0.0,1,120.5,694.5,10,317.5,309.5,309.5,302.5,7.0,2131.5,310
2023-05-10 22:56:43,SR401C6700,SR401C6700,302.5,0.0,0.0,0.0,10,121.0,693.0,1,317.5,309.5,309.5,302.5,7.0,2131.5,310
2023-05-10 22:56:44,SR401C6700,SR401C6700,302.5,0.0,0.0,0.0,10,121.0,692.5,10,317.5,309.5,309.5,302.5,7.0,2131.5,310
2023-05-10 22:56:45,SR401C6700,SR401C6700,302.5,0.0,0.0,0.0,1,122.5,692.5,10,317.5,309.5,309.5,302.5,7.0,2131.5,310
2023-05-10 22:56:46,SR401C6700,SR401C6700,302.5,0.0,0.0,0.0,10,123.0,691.0,1,317.5,309.5,309.5,302.5,7.0,2131.5,310
2023-05-10 22:56:46,SR401C6700,SR401C6700,302.5,0.0,0.0,0.0,10,123.0,690.5,10,317.5,309.5,309.5,302.5,7.0,2131.5,310
2023-05-10 22:56:47,SR401C6700,SR401C6700,302.5,0.0,0.0,0.0,2,129.5,690.5,10,317.5,309.5,309.5,302.5,7.0,2131.5,310
2023-05-10 22:56:47,SR401C6700,SR401C6700,302.5,0.0,0.0,0.0,1,131.0,689.0,1,317.5,309.5,309.5,302.5,7.0,2131.5,310
2023-05-10 22:56:48,SR401C6700,SR401C6700,302.5,0.0,0.0,0.0,10,131.5,688.5,10,317.5,309.5,309.5,302.5,7.0,2131.5,310
2023-05-10 22:56:48,SR401C6700,SR401C6700,302.5,0.0,0.0,0.0,1,133.0,687.0,1,317.5,309.5,309.5,302.5,7.0,2131.5,310
2023-05-10 22:56:49,SR401C6700,SR401C6700,302.5,0.0,0.0,0.0,10,133.5,686.5,10,317.5,309.5,309.5,302.5,7.0,2131.5,310
2023-05-10 22:56:50,SR401C6700,SR401C6700,302.5,0.0,0.0,0.0,2,140.0,686.5,10,317.5,309.5,309.5,302.5,7.0,2131.5,310
2023-05-10 22:56:50,SR401C6700,SR401C6700,302.5,0.0,0.0,0.0,10,140.5,685.0,1,317.5,309.5,309.5,302.5,7.0,2131.5,310
2023-05-10 22:56:51,SR401C6700,SR401C6700,302.5,0.0,0.0,0.0,1,142.0,684.5,10,317.5,309.5,309.5,302.5,7.0,2131.5,310
2023-05-10 22:56:52,SR401C6700,SR401C6700,302.5,0.0,0.0,0.0,2,148.5,684.5,10,317.5,309.5,309.5,302.5,7.0,2131.5,310
2023-05-10 22:56:52,SR401C6700,SR401C6700,302.5,0.0,0.0,0.0,10,149.0,684.5,10,317.5,309.5,309.5,302.5,7.0,2131.5,310
2023-05-10 22:56:52,SR401C6700,SR401C6700,302.5,0.0,0.0,0.0,1,150.5,683.0,1,317.5,309.5,309.5,302.5,7.0,2131.5,310
2023-05-10 22:56:53,SR401C6700,SR401C6700,302.5,0.0,0.0,0.0,2,157.0,682.5,10,317.5,309.5,309.5,302.5,7.0,2131.5,310
2023-05-10 22:56:53,SR401C6700,SR401C6700,302.5,0.0,0.0,0.0,10,159.0,681.0,1,317.5,309.5,309.5,302.5,7.0,2131.5,310
2023-05-10 22:56:54,SR401C6700,SR401C6700,302.5,0.0,0.0,0.0,10,159.0,680.5,10,317.5,309.5,309.5,302.5,7.0,2131.5,310
2023-05-10 22:56:54,SR401C6700,SR401C6700,302.5,0.0,0.0,0.0,2,165.5,680.5,10,317.5,309.5,309.5,302.5,7.0,2131.5,310
2023-05-10 22:56:55,SR401C6700,SR401C6700,302.5,0.0,0.0,0.0,1,167.0,679.0,1,317.5,309.5,309.5,302.5,7.0,2131.5,310
2023-05-10 22:56:56,SR401C6700,SR401C6700,302.5,0.0,0.0,0.0,2,173.5,678.5,10,317.5,309.5,309.5,302.5,7.0,2131.5,310
2023-05-10 22:56:56,SR401C6700,SR401C6700,302.5,0.0,0.0,0.0,10,174.0,678.5,10,317.5,309.5,309.5,302.5,7.0,2131.5,310
2023-05-10 22:56:56,SR401C6700,SR401C6700,302.5,0.0,0.0,0.0,1,175.5,677.0,1,317.5,309.5,309.5,302.5,7.0,2131.5,310
2023-05-10 22:56:57,SR401C6700,SR401C6700,302.5,0.0,0.0,0.0,2,182.0,676.5,10,317.5,309.5,309.5,302.5,7.0,2131.5,310
2023-05-10 22:56:57,SR401C6700,SR401C6700,302.5,0.0,0.0,0.0,10,184.0,675.0,1,317.5,309.5,309.5,302.5,7.0,2131.5,310
2023-05-10 22:56:58,SR401C6700,SR401C6700,302.5,0.0,0.0,0.0,1,185.5,674.5,10,317.5,309.5,309.5,302.5,7.0,2131.5,310
2023-05-10 22:56:58,SR401C6700,SR401C6700,302.5,0.0,0.0,0.0,10,186.0,673.0,1,317.5,309.5,309.5,302.5,7.0,2131.5,310
2023-05-10 22:56:59,SR401C6700,SR401C6700,302.5,0.0,0.0,0.0,2,189.5,672.5,10,317.5,309.5,309.5,302.5,7.0,2131.5,310
2023-05-10 22:56:59,SR401C6700,SR401C6700,302.5,0.0,0.0,0.0,10,191.5,671.0,1,317.5,309.5,309.5,302.5,7.0,2131.5,310
2023-05-10 22:57:00,SR401C6700,SR401C6700,302.5,0.0,0.0,0.0,1,193.0,670.5,10,317.5,309.5,309.5,302.5,7.0,2131.5,310
2023-05-10 22:57:00,SR401C6700,SR401C6700,302.5,0.0,0.0,0.0,12,193.5,669.0,1,317.5,309.5,309.5,302.5,7.0,2131.5,310
2023-05-10 22:57:01,SR401C6700,SR401C6700,302.5,0.0,0.0,0.0,1,195.0,668.5,10,317.5,309.5,309.5,302.5,7.0,2131.5,310
2023-05-10 22:57:01,SR401C6700,SR401C6700,302.5,0.0,0.0,0.0,10,195.5,667.0,1,317.5,309.5,309.5,302.5,7.0,2131.5,310
2023-05-10 22:57:02,SR401C6700,SR401C6700,302.5,0.0,0.0,0.0,10,195.5,666.5,10,317.5,309.5,309.5,302.5,7.0,2131.5,310
2023-05-10 22:57:02,SR401C6700,SR401C6700,302.5,0.0,0.0,0.0,1,197.0,665.0,1,317.5,309.5,309.5,302.5,7.0,2131.5,310
2023-05-10 22:57:03,SR401C6700,SR401C6700,302.5,0.0,0.0,0.0,10,197.5,664.5,10,317.5,309.5,309.5,302.5,7.0,2131.5,310
2023-05-10 22:57:04,SR401C6700,SR401C6700,302.5,0.0,0.0,0.0,1,199.0,663.0,1,317.5,309.5,309.5,302.5,7.0,2131.5,310
2023-05-10 22:57:05,SR401C6700,SR401C6700,302.5,0.0,0.0,0.0,10,199.5,662.5,10,317.5,309.5,309.5,302.5,7.0,2131.5,310
2023-05-10 22:57:05,SR401C6700,SR401C6700,302.5,0.0,0.0,0.0,1,201.0,661.0,1,317.5,309.5,309.5,302.5,7.0,2131.5,310
2023-05-10 22:57:06,SR401C6700,SR401C6700,302.5,0.0,0.0,0.0,10,201.5,660.5,10,317.5,309.5,309.5,302.5,7.0,2131.5,310
2023-05-10 22:57:06,SR401C6700,SR401C6700,302.5,0.0,0.0,0.0,1,203.0,659.0,1,317.5,309.5,309.5,302.5,7.0,2131.5,310
2023-05-10 22:57:07,SR401C6700,SR401C6700,302.5,0.0,0.0,0.0,10,203.5,658.5,10,317.5,309.5,309.5,302.5,7.0,2131.5,310
2023-05-10 22:57:07,SR401C6700,SR401C6700,302.5,0.0,0.0,0.0,1,205.0,657.0,1,317.5,309.5,309.5,302.5,7.0,2131.5,310
2023-05-10 22:57:08,SR401C6700,SR401C6700,302.5,0.0,0.0,0.0,10,205.5,656.5,10,317.5,309.5,309.5,302.5,7.0,2131.5,310
2023-05-10 22:57:09,SR401C6700,SR401C6700,302.5,0.0,0.0,0.0,10,205.5,655.0,1,317.5,309.5,309.5,302.5,7.0,2131.5,310
2023-05-10 22:57:10,SR401C6700,SR401C6700,302.5,0.0,0.0,0.0,10,205.5,654.5,10,317.5,309.5,309.5,302.5,7.0,2131.5,310
2023-05-10 22:57:11,SR401C6700,SR401C6700,302.5,0.0,0.0,0.0,10,205.5,653.0,1,317.5,309.5,309.5,302.5,7.0,2131.5,310
2023-05-10 22:57:12,SR401C6700,SR401C6700,302.5,0.0,0.0,0.0,10,205.5,652.5,10,317.5,309.5,309.5,302.5,7.0,2131.5,310
2023-05-10 22:57:12,SR401C6700,SR401C6700,302.5,0.0,0.0,0.0,10,205.5,651.0,1,317.5,309.5,309.5,302.5,7.0,2131.5,310
2023-05-10 22:57:13,SR401C6700,SR401C6700,302.5,0.0,0.0,0.0,10,205.5,650.5,10,317.5,309.5,309.5,302.5,7.0,2131.5,310
2023-05-10 22:57:13,SR401C6700,SR401C6700,302.5,0.0,0.0,0.0,10,205.5,649.0,1,317.5,309.5,309.5,302.5,7.0,2131.5,310
2023-05-10 22:57:14,SR401C6700,SR401C6700,302.5,0.0,0.0,0.0,10,205.5,648.5,10,317.5,309.5,309.5,302.5,7.0,2131.5,310
2023-05-10 22:57:15,SR401C6700,SR401C6700,302.5,0.0,0.0,0.0,10,205.5,647.0,1,317.5,309.5,309.5,302.5,7.0,2131.5,310
2023-05-10 22:57:16,SR401C6700,SR401C6700,302.5,0.0,0.0,0.0,10,205.5,646.5,10,317.5,309.5,309.5,302.5,7.0,2131.5,310
2023-05-10 22:57:17,SR401C6700,SR401C6700,302.5,0.0,0.0,0.0,10,205.5,645.0,1,317.5,309.5,309.5,302.5,7.0,2131.5,310
2023-05-10 22:57:18,SR401C6700,SR401C6700,302.5,0.0,0.0,0.0,10,205.5,644.5,10,317.5,309.5,309.5,302.5,7.0,2131.5,310
2023-05-10 22:57:18,SR401C6700,SR401C6700,302.5,0.0,0.0,0.0,10,205.5,643.0,1,317.5,309.5,309.5,302.5,7.0,2131.5,310
2023-05-10 22:57:19,SR401C6700,SR401C6700,302.5,0.0,0.0,0.0,10,205.5,642.5,10,317.5,309.5,309.5,302.5,7.0,2131.5,310
2023-05-10 22:57:19,SR401C6700,SR401C6700,302.5,0.0,0.0,0.0,10,205.5,641.0,1,317.5,309.5,309.5,302.5,7.0,2131.5,310
2023-05-10 22:57:20,SR401C6700,SR401C6700,302.5,0.0,0.0,0.0,10,205.5,640.5,10,317.5,309.5,309.5,302.5,7.0,2131.5,310
2023-05-10 22:57:21,SR401C6700,SR401C6700,302.5,0.0,0.0,0.0,10,205.5,639.0,1,317.5,309.5,309.5,302.5,7.0,2131.5,310
2023-05-10 22:57:22,SR401C6700,SR401C6700,302.5,0.0,0.0,0.0,10,205.5,638.5,10,317.5,309.5,309.5,302.5,7.0,2131.5,310
2023-05-10 22:57:23,SR401C6700,SR401C6700,302.5,0.0,0.0,0.0,10,205.5,637.0,1,317.5,309.5,309.5,302.5,7.0,2131.5,310
2023-05-10 22:57:24,SR401C6700,SR401C6700,302.5,0.0,0.0,0.0,10,205.5,636.5,10,317.5,309.5,309.5,302.5,7.0,2131.5,310
2023-05-10 22:57:27,SR401C6700,SR401C6700,302.5,0.0,0.0,0.0,10,205.5,635.0,1,317.5,309.5,309.5,302.5,7.0,2131.5,310
2023-05-10 22:57:28,SR401C6700,SR401C6700,302.5,0.0,0.0,0.0,10,205.5,634.5,10,317.5,309.5,309.5,302.5,7.0,2131.5,310
2023-05-10 22:57:29,SR401C6700,SR401C6700,302.5,0.0,0.0,0.0,10,205.5,633.0,1,317.5,309.5,309.5,302.5,7.0,2131.5,310
2023-05-10 22:57:30,SR401C6700,SR401C6700,302.5,0.0,0.0,0.0,10,205.5,632.5,10,317.5,309.5,309.5,302.5,7.0,2131.5,310
2023-05-10 22:57:30,SR401C6700,SR401C6700,302.5,0.0,0.0,0.0,10,205.5,631.0,1,317.5,309.5,309.5,302.5,7.0,2131.5,310
2023-05-10 22:57:31,SR401C6700,SR401C6700,302.5,0.0,0.0,0.0,10,205.5,630.5,10,317.5,309.5,309.5,302.5,7.0,2131.5,310
2023-05-10 22:57:35,SR401C6700,SR401C6700,302.5,0.0,0.0,0.0,10,205.5,629.0,1,317.5,309.5,309.5,302.5,7.0,2131.5,310
2023-05-10 22:57:35,SR401C6700,SR401C6700,302.5,0.0,0.0,0.0,18,94.0,629.0,1,317.5,309.5,309.5,302.5,7.0,2131.5,310
2023-05-10 22:57:36,SR401C6700,SR401C6700,302.5,0.0,0.0,0.0,1,95.5,629.0,1,317.5,309.5,309.5,302.5,7.0,2131.5,310
2023-05-10 22:59:54,SR401C6700,SR401C6700,302.5,0.0,0.0,0.0,18,94.0,0.0,0,317.5,309.5,309.5,302.5,7.0,2131.5,310
2023-05-11 09:00:00,SR401C6700,SR401C6700,302.5,0.0,0.0,0.0,2,177.0,0.0,0,317.5,309.5,309.5,302.5,7.0,2131.5,310
2023-05-11 09:00:03,SR401C6700,SR401C6700,302.5,0.0,0.0,0.0,2,177.0,451.5,2,317.5,309.5,309.5,302.5,7.0,2131.5,310
2023-05-11 09:00:10,SR401C6700,SR401C6700,302.5,0.0,0.0,0.0,2,212.0,416.5,2,317.5,309.5,309.5,302.5,7.0,2131.5,310
2023-05-11 09:00:10,SR401C6700,SR401C6700,302.5,0.0,0.0,0.0,10,212.5,416.0,10,317.5,309.5,309.5,302.5,7.0,2131.5,310
2023-05-11 09:00:11,SR401C6700,SR401C6700,302.5,0.0,0.0,0.0,2,247.0,381.5,2,317.5,309.5,309.5,302.5,7.0,2131.5,310
2023-05-11 09:00:11,SR401C6700,SR401C6700,302.5,0.0,0.0,0.0,1,300.0,381.0,10,317.5,309.5,309.5,302.5,7.0,2131.5,310
2023-05-11 09:00:11,SR401C6700,SR401C6700,302.5,0.0,0.0,0.0,1,300.0,346.5,2,317.5,309.5,309.5,302.5,7.0,2131.5,310
2023-05-11 09:00:11,SR401C6700,SR401C6700,302.5,0.0,0.0,0.0,2,247.0,381.5,2,317.5,309.5,309.5,302.5,7.0,2131.5,310
2023-05-11 09:00:11,SR401C6700,SR401C6700,302.5,0.0,0.0,0.0,1,300.0,381.0,10,317.5,309.5,309.5,302.5,7.0,2131.5,310
2023-05-11 09:00:11,SR401C6700,SR401C6700,302.5,0.0,0.0,0.0,1,300.0,346.5,2,317.5,309.5,309.5,302.5,7.0,2131.5,310
2023-05-11 09:01:23,SR401C6700,SR401C6700,302.5,0.0,0.0,0.0,5,310.5,320.0,5,317.5,309.5,309.5,302.5,7.0,2131.5,310
2023-05-11 09:01:27,SR401C6700,SR401C6700,302.5,0.0,0.0,0.0,5,313.0,320.0,5,317.5,309.5,309.5,302.5,7.0,2131.5,310
2023-05-11 09:01:46,SR401C6700,SR401C6700,302.5,0.0,0.0,0.0,5,313.0,323.0,5,317.5,309.5,309.5,302.5,7.0,2131.5,310
2023-05-11 09:01:52,SR401C6700,SR401C6700,302.5,0.0,0.0,0.0,5,315.5,323.0,5,317.5,309.5,309.5,302.5,7.0,2131.5,310
2023-05-11 09:02:23,SR401C6700,SR401C6700,302.5,0.0,0.0,0.0,5,313.0,321.0,5,317.5,309.5,309.5,302.5,7.0,2131.5,310
2023-05-11 09:03:03,SR401C6700,SR401C6700,302.5,0.0,0.0,0.0,5,315.0,321.0,5,317.5,309.5,309.5,302.5,7.0,2131.5,310
2023-05-11 09:03:21,SR401C6700,SR401C6700,302.5,0.0,0.0,0.0,1,316.0,321.0,5,317.5,309.5,309.5,302.5,7.0,2131.5,310
2023-05-11 09:03:48,SR401C6700,SR401C6700,316.0,1.0,316.5,1.0,2,280.5,321.0,5,317.5,309.5,316.0,302.5,8.0,2448.0,311
2023-05-11 09:03:49,SR401C6700,SR401C6700,316.0,0.0,0.0,0.0,5,310.0,318.0,5,317.5,309.5,316.0,302.5,8.0,2448.0,311
2023-05-11 09:04:03,SR401C6700,SR401C6700,316.0,0.0,0.0,0.0,5,312.0,318.0,5,317.5,309.5,316.0,302.5,8.0,2448.0,311
2023-05-11 09:05:01,SR401C6700,SR401C6700,316.0,0.0,0.0,0.0,5,312.0,321.0,5,317.5,309.5,316.0,302.5,8.0,2448.0,311
2023-05-11 09:05:09,SR401C6700,SR401C6700,316.0,0.0,0.0,0.0,5,312.0,319.5,5,317.5,309.5,316.0,302.5,8.0,2448.0,311
2023-05-11 09:05:43,SR401C6700,SR401C6700,316.0,0.0,0.0,0.0,5,312.0,317.5,5,317.5,309.5,316.0,302.5,8.0,2448.0,311
2023-05-11 09:06:31,SR401C6700,SR401C6700,316.0,0.0,0.0,0.0,5,312.0,319.5,5,317.5,309.5,316.0,302.5,8.0,2448.0,311
2023-05-11 09:06:51,SR401C6700,SR401C6700,316.0,0.0,0.0,0.0,5,312.0,317.0,5,317.5,309.5,316.0,302.5,8.0,2448.0,311
2023-05-11 09:09:28,SR401C6700,SR401C6700,316.0,0.0,0.0,0.0,5,312.0,319.5,5,317.5,309.5,316.0,302.5,8.0,2448.0,311
2023-05-11 09:09:35,SR401C6700,SR401C6700,316.0,0.0,0.0,0.0,5,312.0,318.0,5,317.5,309.5,316.0,302.5,8.0,2448.0,311
2023-05-11 09:10:24,SR401C6700,SR401C6700,316.0,0.0,0.0,0.0,5,313.5,318.0,5,317.5,309.5,316.0,302.5,8.0,2448.0,311
2023-05-11 09:10:43,SR401C6700,SR401C6700,316.0,0.0,0.0,0.0,5,312.0,318.0,5,317.5,309.5,316.0,302.5,8.0,2448.0,311
2023-05-11 09:11:24,SR401C6700,SR401C6700,316.0,0.0,0.0,0.0,5,312.0,316.5,5,317.5,309.5,316.0,302.5,8.0,2448.0,311
2023-05-11 09:12:04,SR401C6700,SR401C6700,316.0,0.0,0.0,0.0,5,312.0,318.0,5,317.5,309.5,316.0,302.5,8.0,2448.0,311
2023-05-11 09:12:26,SR401C6700,SR401C6700,316.0,0.0,0.0,0.0,5,312.0,320.5,5,317.5,309.5,316.0,302.5,8.0,2448.0,311
2023-05-11 09:12:33,SR401C6700,SR401C6700,316.0,0.0,0.0,0.0,5,313.5,320.5,5,317.5,309.5,316.0,302.5,8.0,2448.0,311
2023-05-11 09:13:06,SR401C6700,SR401C6700,316.0,0.0,0.0,0.0,5,313.5,319.0,5,317.5,309.5,316.0,302.5,8.0,2448.0,311
2023-05-11 09:14:37,SR401C6700,SR401C6700,316.0,0.0,0.0,0.0,5,312.0,319.0,5,317.5,309.5,316.0,302.5,8.0,2448.0,311
2023-05-11 09:15:32,SR401C6700,SR401C6700,316.0,0.0,0.0,0.0,5,314.0,319.0,5,317.5,309.5,316.0,302.5,8.0,2448.0,311
2023-05-11 09:15:59,SR401C6700,SR401C6700,316.0,0.0,0.0,0.0,5,314.0,320.5,5,317.5,309.5,316.0,302.5,8.0,2448.0,311
2023-05-11 09:17:15,SR401C6700,SR401C6700,316.0,0.0,0.0,0.0,5,312.0,318.0,5,317.5,309.5,316.0,302.5,8.0,2448.0,311
2023-05-11 09:18:15,SR401C6700,SR401C6700,316.0,0.0,0.0,0.0,5,312.0,316.5,5,317.5,309.5,316.0,302.5,8.0,2448.0,311
2023-05-11 09:20:15,SR401C6700,SR401C6700,316.0,0.0,0.0,0.0,5,312.0,318.0,5,317.5,309.5,316.0,302.5,8.0,2448.0,311
2023-05-11 09:20:33,SR401C6700,SR401C6700,316.0,0.0,0.0,0.0,5,312.0,316.5,5,317.5,309.5,316.0,302.5,8.0,2448.0,311
2023-05-11 09:20:38,SR401C6700,SR401C6700,316.0,0.0,0.0,0.0,5,309.5,316.5,5,317.5,309.5,316.0,302.5,8.0,2448.0,311
2023-05-11 09:21:30,SR401C6700,SR401C6700,316.0,0.0,0.0,0.0,5,309.5,315.0,5,317.5,309.5,316.0,302.5,8.0,2448.0,311
2023-05-11 09:24:27,SR401C6700,SR401C6700,316.0,0.0,0.0,0.0,5,309.5,316.5,5,317.5,309.5,316.0,302.5,8.0,2448.0,311
2023-05-11 09:24:30,SR401C6700,SR401C6700,316.0,0.0,0.0,0.0,5,311.0,316.5,5,317.5,309.5,316.0,302.5,8.0,2448.0,311
2023-05-11 09:26:55,SR401C6700,SR401C6700,316.0,0.0,0.0,0.0,5,311.0,319.0,5,317.5,309.5,316.0,302.5,8.0,2448.0,311
2023-05-11 09:26:59,SR401C6700,SR401C6700,316.0,0.0,0.0,0.0,5,313.0,319.0,5,317.5,309.5,316.0,302.5,8.0,2448.0,311
2023-05-11 09:30:02,SR401C6700,SR401C6700,316.0,0.0,0.0,0.0,5,314.5,319.0,5,317.5,309.5,316.0,302.5,8.0,2448.0,311
2023-05-11 09:32:02,SR401C6700,SR401C6700,316.0,0.0,0.0,0.0,5,314.5,321.5,5,317.5,309.5,316.0,302.5,8.0,2448.0,311
2023-05-11 09:32:08,SR401C6700,SR401C6700,316.0,0.0,0.0,0.0,5,316.0,321.5,5,317.5,309.5,316.0,302.5,8.0,2448.0,311
2023-05-11 09:32:51,SR401C6700,SR401C6700,316.0,0.0,0.0,0.0,5,314.5,321.5,5,317.5,309.5,316.0,302.5,8.0,2448.0,311
2023-05-11 09:33:50,SR401C6700,SR401C6700,316.0,0.0,0.0,0.0,5,316.0,321.5,5,317.5,309.5,316.0,302.5,8.0,2448.0,311
2023-05-11 09:34:45,SR401C6700,SR401C6700,316.0,0.0,0.0,0.0,5,316.0,324.0,5,317.5,309.5,316.0,302.5,8.0,2448.0,311
2023-05-11 09:35:08,SR401C6700,SR401C6700,316.0,0.0,0.0,0.0,5,316.0,322.5,5,317.5,309.5,316.0,302.5,8.0,2448.0,311
2023-05-11 09:35:22,SR401C6700,SR401C6700,316.0,0.0,0.0,0.0,5,316.0,321.0,5,317.5,309.5,316.0,302.5,8.0,2448.0,311
2023-05-11 09:35:41,SR401C6700,SR401C6700,316.0,0.0,0.0,0.0,5,314.5,321.0,5,317.5,309.5,316.0,302.5,8.0,2448.0,311
2023-05-11 09:36:16,SR401C6700,SR401C6700,316.0,0.0,0.0,0.0,5,314.5,319.5,5,317.5,309.5,316.0,302.5,8.0,2448.0,311
2023-05-11 09:36:55,SR401C6700,SR401C6700,316.0,0.0,0.0,0.0,5,312.0,319.5,5,317.5,309.5,316.0,302.5,8.0,2448.0,311
2023-05-11 09:36:56,SR401C6700,SR401C6700,316.0,0.0,0.0,0.0,5,312.0,318.0,5,317.5,309.5,316.0,302.5,8.0,2448.0,311
2023-05-11 09:40:23,SR401C6700,SR401C6700,316.0,0.0,0.0,0.0,5,312.0,316.5,5,317.5,309.5,316.0,302.5,8.0,2448.0,311
2023-05-11 09:40:33,SR401C6700,SR401C6700,316.0,0.0,0.0,0.0,5,309.5,316.5,5,317.5,309.5,316.0,302.5,8.0,2448.0,311
2023-05-11 09:41:09,SR401C6700,SR401C6700,316.0,0.0,0.0,0.0,5,311.0,316.5,5,317.5,309.5,316.0,302.5,8.0,2448.0,311
2023-05-11 09:43:04,SR401C6700,SR401C6700,316.0,0.0,0.0,0.0,5,309.5,316.5,5,317.5,309.5,316.0,302.5,8.0,2448.0,311
2023-05-11 09:43:08,SR401C6700,SR401C6700,316.0,0.0,0.0,0.0,5,309.5,315.0,5,317.5,309.5,316.0,302.5,8.0,2448.0,311
2023-05-11 09:43:49,SR401C6700,SR401C6700,316.0,0.0,0.0,0.0,5,307.0,313.5,5,317.5,309.5,316.0,302.5,8.0,2448.0,311
2023-05-11 09:44:02,SR401C6700,SR401C6700,316.0,0.0,0.0,0.0,5,308.5,313.5,5,317.5,309.5,316.0,302.5,8.0,2448.0,311
2023-05-11 09:44:16,SR401C6700,SR401C6700,316.0,0.0,0.0,0.0,5,308.5,315.0,5,317.5,309.5,316.0,302.5,8.0,2448.0,311
2023-05-11 09:45:02,SR401C6700,SR401C6700,316.0,0.0,0.0,0.0,5,310.0,315.0,5,317.5,309.5,316.0,302.5,8.0,2448.0,311
2023-05-11 09:46:07,SR401C6700,SR401C6700,316.0,0.0,0.0,0.0,5,310.0,317.0,5,317.5,309.5,316.0,302.5,8.0,2448.0,311
2023-05-11 09:46:33,SR401C6700,SR401C6700,316.0,0.0,0.0,0.0,5,310.0,315.5,5,317.5,309.5,316.0,302.5,8.0,2448.0,311
2023-05-11 09:47:20,SR401C6700,SR401C6700,316.0,0.0,0.0,0.0,5,308.5,315.5,5,317.5,309.5,316.0,302.5,8.0,2448.0,311
2023-05-11 09:47:30,SR401C6700,SR401C6700,316.0,0.0,0.0,0.0,5,308.5,314.0,5,317.5,309.5,316.0,302.5,8.0,2448.0,311
2023-05-11 09:47:48,SR401C6700,SR401C6700,316.0,0.0,0.0,0.0,5,306.0,312.5,5,317.5,309.5,316.0,302.5,8.0,2448.0,311
2023-05-11 09:53:18,SR401C6700,SR401C6700,316.0,0.0,0.0,0.0,5,306.0,311.0,5,317.5,309.5,316.0,302.5,8.0,2448.0,311
2023-05-11 09:53:31,SR401C6700,SR401C6700,316.0,0.0,0.0,0.0,5,303.5,311.0,5,317.5,309.5,316.0,302.5,8.0,2448.0,311
2023-05-11 09:53:43,SR401C6700,SR401C6700,316.0,0.0,0.0,0.0,5,303.5,309.5,5,317.5,309.5,316.0,302.5,8.0,2448.0,311
2023-05-11 09:54:32,SR401C6700,SR401C6700,316.0,0.0,0.0,0.0,5,303.5,308.0,5,317.5,309.5,316.0,302.5,8.0,2448.0,311
2023-05-11 09:54:39,SR401C6700,SR401C6700,316.0,0.0,0.0,0.0,5,301.0,308.0,5,317.5,309.5,316.0,302.5,8.0,2448.0,311
2023-05-11 09:54:49,SR401C6700,SR401C6700,316.0,0.0,0.0,0.0,5,301.0,306.0,5,317.5,309.5,316.0,302.5,8.0,2448.0,311
2023-05-11 09:54:54,SR401C6700,SR401C6700,316.0,0.0,0.0,0.0,5,301.0,308.0,5,317.5,309.5,316.0,302.5,8.0,2448.0,311
2023-05-11 09:55:07,SR401C6700,SR401C6700,316.0,0.0,0.0,0.0,5,301.0,306.5,5,317.5,309.5,316.0,302.5,8.0,2448.0,311
2023-05-11 09:55:43,SR401C6700,SR401C6700,316.0,0.0,0.0,0.0,5,301.0,308.0,5,317.5,309.5,316.0,302.5,8.0,2448.0,311
2023-05-11 09:55:54,SR401C6700,SR401C6700,316.0,0.0,0.0,0.0,5,302.5,308.0,5,317.5,309.5,316.0,302.5,8.0,2448.0,311
2023-05-11 09:56:16,SR401C6700,SR401C6700,316.0,0.0,0.0,0.0,5,302.5,310.5,5,317.5,309.5,316.0,302.5,8.0,2448.0,311
2023-05-11 09:57:02,SR401C6700,SR401C6700,316.0,0.0,0.0,0.0,5,302.5,309.0,5,317.5,309.5,316.0,302.5,8.0,2448.0,311
2023-05-11 09:57:34,SR401C6700,SR401C6700,316.0,0.0,0.0,0.0,5,302.5,307.5,5,317.5,309.5,316.0,302.5,8.0,2448.0,311
2023-05-11 09:57:57,SR401C6700,SR401C6700,316.0,0.0,0.0,0.0,5,302.5,309.0,5,317.5,309.5,316.0,302.5,8.0,2448.0,311
2023-05-11 10:00:02,SR401C6700,SR401C6700,316.0,0.0,0.0,0.0,5,302.5,307.5,5,317.5,309.5,316.0,302.5,8.0,2448.0,311
2023-05-11 10:00:13,SR401C6700,SR401C6700,316.0,0.0,0.0,0.0,5,301.0,307.5,5,317.5,309.5,316.0,302.5,8.0,2448.0,311
2023-05-11 10:00:22,SR401C6700,SR401C6700,316.0,0.0,0.0,0.0,5,301.0,306.0,5,317.5,309.5,316.0,302.5,8.0,2448.0,311
2023-05-11 10:00:59,SR401C6700,SR401C6700,316.0,0.0,0.0,0.0,5,301.0,307.5,5,317.5,309.5,316.0,302.5,8.0,2448.0,311
2023-05-11 10:02:44,SR401C6700,SR401C6700,316.0,0.0,0.0,0.0,5,301.0,306.0,5,317.5,309.5,316.0,302.5,8.0,2448.0,311
2023-05-11 10:02:50,SR401C6700,SR401C6700,316.0,0.0,0.0,0.0,5,298.5,306.0,5,317.5,309.5,316.0,302.5,8.0,2448.0,311
2023-05-11 10:02:56,SR401C6700,SR401C6700,316.0,0.0,0.0,0.0,5,298.5,304.0,5,317.5,309.5,316.0,302.5,8.0,2448.0,311
2023-05-11 10:03:10,SR401C6700,SR401C6700,316.0,0.0,0.0,0.0,5,296.0,304.0,5,317.5,309.5,316.0,302.5,8.0,2448.0,311
2023-05-11 10:03:21,SR401C6700,SR401C6700,316.0,0.0,0.0,0.0,5,296.0,302.0,5,317.5,309.5,316.0,302.5,8.0,2448.0,311
2023-05-11 10:03:32,SR401C6700,SR401C6700,316.0,0.0,0.0,0.0,5,296.0,300.5,5,317.5,309.5,316.0,302.5,8.0,2448.0,311
2023-05-11 10:03:34,SR401C6700,SR401C6700,316.0,0.0,0.0,0.0,5,293.5,300.5,5,317.5,309.5,316.0,302.5,8.0,2448.0,311
2023-05-11 10:03:59,SR401C6700,SR401C6700,316.0,0.0,0.0,0.0,5,293.5,299.0,5,317.5,309.5,316.0,302.5,8.0,2448.0,311
2023-05-11 10:04:00,SR401C6700,SR401C6700,316.0,0.0,0.0,0.0,5,291.5,297.5,5,317.5,309.5,316.0,302.5,8.0,2448.0,311
2023-05-11 10:04:23,SR401C6700,SR401C6700,316.0,0.0,0.0,0.0,5,291.5,296.0,5,317.5,309.5,316.0,302.5,8.0,2448.0,311
2023-05-11 10:04:24,SR401C6700,SR401C6700,316.0,0.0,0.0,0.0,5,289.5,296.0,5,317.5,309.5,316.0,302.5,8.0,2448.0,311
2023-05-11 10:04:34,SR401C6700,SR401C6700,316.0,0.0,0.0,0.0,5,289.5,294.5,5,317.5,309.5,316.0,302.5,8.0,2448.0,311
2023-05-11 10:05:09,SR401C6700,SR401C6700,316.0,0.0,0.0,0.0,5,289.5,296.0,5,317.5,309.5,316.0,302.5,8.0,2448.0,311
2023-05-11 10:05:11,SR401C6700,SR401C6700,316.0,0.0,0.0,0.0,5,291.0,296.0,5,317.5,309.5,316.0,302.5,8.0,2448.0,311
2023-05-11 10:05:13,SR401C6700,SR401C6700,316.0,0.0,0.0,0.0,5,291.0,298.5,5,317.5,309.5,316.0,302.5,8.0,2448.0,311
2023-05-11 10:05:32,SR401C6700,SR401C6700,316.0,0.0,0.0,0.0,5,293.0,298.5,5,317.5,309.5,316.0,302.5,8.0,2448.0,311
2023-05-11 10:05:42,SR401C6700,SR401C6700,298.5,4.0,1194.0,4.0,5,293.0,298.5,1,317.5,309.5,316.0,298.5,12.0,3642.0,315
2023-05-11 10:05:52,SR401C6700,SR401C6700,298.5,0.0,0.0,0.0,5,291.0,297.0,5,317.5,309.5,316.0,298.5,12.0,3642.0,315
2023-05-11 10:06:34,SR401C6700,SR401C6700,298.5,0.0,0.0,0.0,5,292.5,297.0,5,317.5,309.5,316.0,298.5,12.0,3642.0,315
2023-05-11 10:06:39,SR401C6700,SR401C6700,298.5,0.0,0.0,0.0,5,292.5,298.5,1,317.5,309.5,316.0,298.5,12.0,3642.0,315
2023-05-11 10:06:46,SR401C6700,SR401C6700,298.5,0.0,0.0,0.0,5,294.5,300.5,5,317.5,309.5,316.0,298.5,12.0,3642.0,315
2023-05-11 10:07:07,SR401C6700,SR401C6700,298.5,0.0,0.0,0.0,5,294.5,299.0,5,317.5,309.5,316.0,298.5,12.0,3642.0,315
2023-05-11 10:07:11,SR401C6700,SR401C6700,298.5,0.0,0.0,0.0,5,292.5,299.0,5,317.5,309.5,316.0,298.5,12.0,3642.0,315
2023-05-11 10:07:21,SR401C6700,SR401C6700,298.5,0.0,0.0,0.0,5,292.5,297.5,5,317.5,309.5,316.0,298.5,12.0,3642.0,315
2023-05-11 10:08:12,SR401C6700,SR401C6700,298.5,0.0,0.0,0.0,5,290.0,297.5,5,317.5,309.5,316.0,298.5,12.0,3642.0,315
2023-05-11 10:08:17,SR401C6700,SR401C6700,298.5,0.0,0.0,0.0,5,290.0,296.0,5,317.5,309.5,316.0,298.5,12.0,3642.0,315
2023-05-11 10:08:26,SR401C6700,SR401C6700,298.5,0.0,0.0,0.0,5,290.0,294.0,5,317.5,309.5,316.0,298.5,12.0,3642.0,315
2023-05-11 10:08:29,SR401C6700,SR401C6700,298.5,0.0,0.0,0.0,5,288.0,294.0,5,317.5,309.5,316.0,298.5,12.0,3642.0,315
2023-05-11 10:08:43,SR401C6700,SR401C6700,298.5,0.0,0.0,0.0,5,285.5,294.0,5,317.5,309.5,316.0,298.5,12.0,3642.0,315
2023-05-11 10:09:01,SR401C6700,SR401C6700,298.5,0.0,0.0,0.0,5,285.5,291.5,5,317.5,309.5,316.0,298.5,12.0,3642.0,315
2023-05-11 10:09:24,SR401C6700,SR401C6700,298.5,0.0,0.0,0.0,5,283.0,291.5,5,317.5,309.5,316.0,298.5,12.0,3642.0,315
2023-05-11 10:09:30,SR401C6700,SR401C6700,298.5,0.0,0.0,0.0,5,284.5,291.5,5,317.5,309.5,316.0,298.5,12.0,3642.0,315
2023-05-11 10:10:01,SR401C6700,SR401C6700,298.5,0.0,0.0,0.0,5,284.5,290.0,5,317.5,309.5,316.0,298.5,12.0,3642.0,315
2023-05-11 10:11:41,SR401C6700,SR401C6700,298.5,0.0,0.0,0.0,5,286.0,291.5,5,317.5,309.5,316.0,298.5,12.0,3642.0,315
2023-05-11 10:11:46,SR401C6700,SR401C6700,298.5,0.0,0.0,0.0,5,286.0,293.5,5,317.5,309.5,316.0,298.5,12.0,3642.0,315
2023-05-11 10:11:47,SR401C6700,SR401C6700,298.5,0.0,0.0,0.0,5,287.5,293.5,5,317.5,309.5,316.0,298.5,12.0,3642.0,315
2023-05-11 10:12:07,SR401C6700,SR401C6700,298.5,0.0,0.0,0.0,5,287.5,292.0,5,317.5,309.5,316.0,298.5,12.0,3642.0,315
2023-05-11 10:12:08,SR401C6700,SR401C6700,298.5,0.0,0.0,0.0,5,286.0,292.0,5,317.5,309.5,316.0,298.5,12.0,3642.0,315
2023-05-11 10:12:29,SR401C6700,SR401C6700,298.5,0.0,0.0,0.0,5,284.0,290.0,5,317.5,309.5,316.0,298.5,12.0,3642.0,315
2023-05-11 10:12:40,SR401C6700,SR401C6700,298.5,0.0,0.0,0.0,5,285.5,290.0,5,317.5,309.5,316.0,298.5,12.0,3642.0,315
2023-05-11 10:12:48,SR401C6700,SR401C6700,298.5,0.0,0.0,0.0,5,285.5,292.0,5,317.5,309.5,316.0,298.5,12.0,3642.0,315
2023-05-11 10:13:20,SR401C6700,SR401C6700,298.5,0.0,0.0,0.0,5,285.5,290.5,5,317.5,309.5,316.0,298.5,12.0,3642.0,315
2023-05-11 10:13:36,SR401C6700,SR401C6700,298.5,0.0,0.0,0.0,5,285.5,292.0,5,317.5,309.5,316.0,298.5,12.0,3642.0,315
2023-05-11 10:13:40,SR401C6700,SR401C6700,298.5,0.0,0.0,0.0,5,287.0,292.0,5,317.5,309.5,316.0,298.5,12.0,3642.0,315
2023-05-11 10:13:48,SR401C6700,SR401C6700,298.5,0.0,0.0,0.0,5,287.0,294.0,5,317.5,309.5,316.0,298.5,12.0,3642.0,315
2023-05-11 10:14:07,SR401C6700,SR401C6700,298.5,0.0,0.0,0.0,5,288.5,294.0,5,317.5,309.5,316.0,298.5,12.0,3642.0,315
2023-05-11 10:14:35,SR401C6700,SR401C6700,298.5,0.0,0.0,0.0,5,288.5,297.0,5,317.5,309.5,316.0,298.5,12.0,3642.0,315
2023-05-11 10:30:00,SR401C6700,SR401C6700,298.5,0.0,0.0,0.0,5,288.5,295.0,5,317.5,309.5,316.0,298.5,12.0,3642.0,315
2023-05-11 10:30:03,SR401C6700,SR401C6700,298.5,0.0,0.0,0.0,5,288.5,293.5,5,317.5,309.5,316.0,298.5,12.0,3642.0,315
2023-05-11 10:30:06,SR401C6700,SR401C6700,298.5,0.0,0.0,0.0,5,287.0,293.5,5,317.5,309.5,316.0,298.5,12.0,3642.0,315
2023-05-11 10:30:08,SR401C6700,SR401C6700,298.5,0.0,0.0,0.0,5,287.0,292.0,5,317.5,309.5,316.0,298.5,12.0,3642.0,315
2023-05-11 10:30:18,SR401C6700,SR401C6700,298.5,0.0,0.0,0.0,5,287.0,293.5,5,317.5,309.5,316.0,298.5,12.0,3642.0,315
2023-05-11 10:30:23,SR401C6700,SR401C6700,298.5,0.0,0.0,0.0,5,288.5,293.5,5,317.5,309.5,316.0,298.5,12.0,3642.0,315
2023-05-11 10:30:33,SR401C6700,SR401C6700,298.5,0.0,0.0,0.0,5,287.0,293.5,5,317.5,309.5,316.0,298.5,12.0,3642.0,315
2023-05-11 10:30:39,SR401C6700,SR401C6700,298.5,0.0,0.0,0.0,5,287.0,292.0,5,317.5,309.5,316.0,298.5,12.0,3642.0,315
2023-05-11 10:30:39,SR401C6700,SR401C6700,298.5,0.0,0.0,0.0,5,284.5,292.0,5,317.5,309.5,316.0,298.5,12.0,3642.0,315
2023-05-11 10:31:01,SR401C6700,SR401C6700,298.5,0.0,0.0,0.0,5,284.5,290.5,5,317.5,309.5,316.0,298.5,12.0,3642.0,315
2023-05-11 10:31:06,SR401C6700,SR401C6700,298.5,0.0,0.0,0.0,5,284.5,289.0,5,317.5,309.5,316.0,298.5,12.0,3642.0,315
2023-05-11 10:31:14,SR401C6700,SR401C6700,298.5,0.0,0.0,0.0,5,282.0,289.0,5,317.5,309.5,316.0,298.5,12.0,3642.0,315
2023-05-11 10:31:22,SR401C6700,SR401C6700,298.5,0.0,0.0,0.0,5,282.0,287.5,5,317.5,309.5,316.0,298.5,12.0,3642.0,315
2023-05-11 10:31:29,SR401C6700,SR401C6700,298.5,0.0,0.0,0.0,5,279.5,287.5,5,317.5,309.5,316.0,298.5,12.0,3642.0,315
2023-05-11 10:31:30,SR401C6700,SR401C6700,298.5,0.0,0.0,0.0,5,279.5,286.0,5,317.5,309.5,316.0,298.5,12.0,3642.0,315
2023-05-11 10:31:49,SR401C6700,SR401C6700,298.5,0.0,0.0,0.0,5,281.0,286.0,5,317.5,309.5,316.0,298.5,12.0,3642.0,315
2023-05-11 10:32:06,SR401C6700,SR401C6700,298.5,0.0,0.0,0.0,5,279.5,286.0,5,317.5,309.5,316.0,298.5,12.0,3642.0,315
2023-05-11 10:32:07,SR401C6700,SR401C6700,298.5,0.0,0.0,0.0,5,277.5,286.0,5,317.5,309.5,316.0,298.5,12.0,3642.0,315
2023-05-11 10:32:14,SR401C6700,SR401C6700,298.5,0.0,0.0,0.0,5,277.5,284.0,5,317.5,309.5,316.0,298.5,12.0,3642.0,315
2023-05-11 10:33:22,SR401C6700,SR401C6700,298.5,0.0,0.0,0.0,5,277.5,282.0,5,317.5,309.5,316.0,298.5,12.0,3642.0,315
2023-05-11 10:34:00,SR401C6700,SR401C6700,298.5,0.0,0.0,0.0,5,277.5,284.0,5,317.5,309.5,316.0,298.5,12.0,3642.0,315
2023-05-11 10:34:08,SR401C6700,SR401C6700,298.5,0.0,0.0,0.0,5,279.0,284.0,5,317.5,309.5,316.0,298.5,12.0,3642.0,315
2023-05-11 10:34:14,SR401C6700,SR401C6700,298.5,0.0,0.0,0.0,5,279.0,286.0,5,317.5,309.5,316.0,298.5,12.0,3642.0,315
2023-05-11 10:34:15,SR401C6700,SR401C6700,298.5,0.0,0.0,0.0,5,280.5,286.0,5,317.5,309.5,316.0,298.5,12.0,3642.0,315
2023-05-11 10:36:04,SR401C6700,SR401C6700,298.5,0.0,0.0,0.0,5,282.0,288.0,5,317.5,309.5,316.0,298.5,12.0,3642.0,315
2023-05-11 10:36:15,SR401C6700,SR401C6700,298.5,0.0,0.0,0.0,5,283.5,288.0,5,317.5,309.5,316.0,298.5,12.0,3642.0,315
2023-05-11 10:36:18,SR401C6700,SR401C6700,298.5,0.0,0.0,0.0,5,283.5,291.0,5,317.5,309.5,316.0,298.5,12.0,3642.0,315
2023-05-11 10:36:21,SR401C6700,SR401C6700,298.5,0.0,0.0,0.0,5,283.5,289.5,5,317.5,309.5,316.0,298.5,12.0,3642.0,315
2023-05-11 10:36:38,SR401C6700,SR401C6700,298.5,0.0,0.0,0.0,5,283.5,291.0,5,317.5,309.5,316.0,298.5,12.0,3642.0,315
2023-05-11 10:36:38,SR401C6700,SR401C6700,298.5,0.0,0.0,0.0,5,286.0,291.0,5,317.5,309.5,316.0,298.5,12.0,3642.0,315
2023-05-11 10:37:13,SR401C6700,SR401C6700,298.5,0.0,0.0,0.0,5,286.0,293.0,5,317.5,309.5,316.0,298.5,12.0,3642.0,315
2023-05-11 10:37:14,SR401C6700,SR401C6700,298.5,0.0,0.0,0.0,5,287.5,293.0,5,317.5,309.5,316.0,298.5,12.0,3642.0,315
2023-05-11 10:37:30,SR401C6700,SR401C6700,298.5,0.0,0.0,0.0,5,289.0,295.5,5,317.5,309.5,316.0,298.5,12.0,3642.0,315
2023-05-11 10:37:56,SR401C6700,SR401C6700,298.5,0.0,0.0,0.0,5,289.0,294.0,5,317.5,309.5,316.0,298.5,12.0,3642.0,315
2023-05-11 10:38:22,SR401C6700,SR401C6700,298.5,0.0,0.0,0.0,5,287.5,294.0,5,317.5,309.5,316.0,298.5,12.0,3642.0,315
2023-05-11 10:38:32,SR401C6700,SR401C6700,298.5,0.0,0.0,0.0,5,287.5,292.5,5,317.5,309.5,316.0,298.5,12.0,3642.0,315
2023-05-11 10:38:36,SR401C6700,SR401C6700,298.5,0.0,0.0,0.0,5,285.0,292.5,5,317.5,309.5,316.0,298.5,12.0,3642.0,315
2023-05-11 10:38:40,SR401C6700,SR401C6700,298.5,0.0,0.0,0.0,5,286.5,292.5,5,317.5,309.5,316.0,298.5,12.0,3642.0,315
2023-05-11 10:40:00,SR401C6700,SR401C6700,298.5,0.0,0.0,0.0,5,288.5,292.5,5,317.5,309.5,316.0,298.5,12.0,3642.0,315
2023-05-11 10:40:02,SR401C6700,SR401C6700,298.5,0.0,0.0,0.0,5,288.5,294.0,5,317.5,309.5,316.0,298.5,12.0,3642.0,315
2023-05-11 10:41:05,SR401C6700,SR401C6700,298.5,0.0,0.0,0.0,5,286.5,294.0,5,317.5,309.5,316.0,298.5,12.0,3642.0,315
2023-05-11 10:41:08,SR401C6700,SR401C6700,298.5,0.0,0.0,0.0,5,286.5,292.5,5,317.5,309.5,316.0,298.5,12.0,3642.0,315
2023-05-11 10:41:34,SR401C6700,SR401C6700,298.5,0.0,0.0,0.0,5,288.5,294.0,5,317.5,309.5,316.0,298.5,12.0,3642.0,315
2023-05-11 10:42:37,SR401C6700,SR401C6700,298.5,0.0,0.0,0.0,5,286.5,294.0,5,317.5,309.5,316.0,298.5,12.0,3642.0,315
2023-05-11 10:43:06,SR401C6700,SR401C6700,298.5,0.0,0.0,0.0,5,286.5,291.5,5,317.5,309.5,316.0,298.5,12.0,3642.0,315
2023-05-11 10:43:28,SR401C6700,SR401C6700,298.5,0.0,0.0,0.0,5,284.0,291.5,5,317.5,309.5,316.0,298.5,12.0,3642.0,315
2023-05-11 10:43:56,SR401C6700,SR401C6700,298.5,0.0,0.0,0.0,5,284.0,290.0,5,317.5,309.5,316.0,298.5,12.0,3642.0,315
2023-05-11 10:46:05,SR401C6700,SR401C6700,298.5,0.0,0.0,0.0,5,285.5,290.0,5,317.5,309.5,316.0,298.5,12.0,3642.0,315
2023-05-11 10:46:05,SR401C6700,SR401C6700,298.5,0.0,0.0,0.0,5,285.5,291.5,5,317.5,309.5,316.0,298.5,12.0,3642.0,315
2023-05-11 10:46:49,SR401C6700,SR401C6700,298.5,0.0,0.0,0.0,5,287.0,291.5,5,317.5,309.5,316.0,298.5,12.0,3642.0,315
2023-05-11 10:48:05,SR401C6700,SR401C6700,298.5,0.0,0.0,0.0,5,287.0,293.5,5,317.5,309.5,316.0,298.5,12.0,3642.0,315
2023-05-11 10:48:36,SR401C6700,SR401C6700,298.5,0.0,0.0,0.0,5,289.5,295.5,5,317.5,309.5,316.0,298.5,12.0,3642.0,315
2023-05-11 10:48:44,SR401C6700,SR401C6700,298.5,0.0,0.0,0.0,5,289.5,298.0,5,317.5,309.5,316.0,298.5,12.0,3642.0,315
2023-05-11 10:49:06,SR401C6700,SR401C6700,298.5,0.0,0.0,0.0,5,289.5,300.5,5,317.5,309.5,316.0,298.5,12.0,3642.0,315
2023-05-11 10:49:24,SR401C6700,SR401C6700,298.5,0.0,0.0,0.0,5,289.5,302.5,5,317.5,309.5,316.0,298.5,12.0,3642.0,315
2023-05-11 10:49:32,SR401C6700,SR401C6700,298.5,0.0,0.0,0.0,5,292.0,302.5,5,317.5,309.5,316.0,298.5,12.0,3642.0,315
2023-05-11 10:49:33,SR401C6700,SR401C6700,298.5,0.0,0.0,0.0,5,295.0,302.5,5,317.5,309.5,316.0,298.5,12.0,3642.0,315
2023-05-11 10:49:51,SR401C6700,SR401C6700,298.5,0.0,0.0,0.0,5,297.5,302.5,5,317.5,309.5,316.0,298.5,12.0,3642.0,315
2023-05-11 10:49:54,SR401C6700,SR401C6700,298.5,0.0,0.0,0.0,5,297.5,305.0,5,317.5,309.5,316.0,298.5,12.0,3642.0,315
2023-05-11 10:49:56,SR401C6700,SR401C6700,298.5,0.0,0.0,0.0,5,299.0,305.0,5,317.5,309.5,316.0,298.5,12.0,3642.0,315
2023-05-11 10:50:13,SR401C6700,SR401C6700,298.5,0.0,0.0,0.0,5,299.0,303.5,5,317.5,309.5,316.0,298.5,12.0,3642.0,315
2023-05-11 10:50:13,SR401C6700,SR401C6700,298.5,0.0,0.0,0.0,5,297.5,303.5,5,317.5,309.5,316.0,298.5,12.0,3642.0,315
2023-05-11 10:50:24,SR401C6700,SR401C6700,298.5,0.0,0.0,0.0,5,297.5,305.0,5,317.5,309.5,316.0,298.5,12.0,3642.0,315
2023-05-11 10:50:29,SR401C6700,SR401C6700,298.5,0.0,0.0,0.0,5,297.5,307.5,5,317.5,309.5,316.0,298.5,12.0,3642.0,315
2023-05-11 10:50:46,SR401C6700,SR401C6700,298.5,0.0,0.0,0.0,5,297.5,306.0,5,317.5,309.5,316.0,298.5,12.0,3642.0,315
2023-05-11 10:50:46,SR401C6700,SR401C6700,298.5,0.0,0.0,0.0,5,300.0,306.0,5,317.5,309.5,316.0,298.5,12.0,3642.0,315
2023-05-11 10:51:04,SR401C6700,SR401C6700,298.5,0.0,0.0,0.0,5,297.5,306.0,5,317.5,309.5,316.0,298.5,12.0,3642.0,315
2023-05-11 10:51:11,SR401C6700,SR401C6700,298.5,0.0,0.0,0.0,5,299.0,306.0,5,317.5,309.5,316.0,298.5,12.0,3642.0,315
2023-05-11 10:51:24,SR401C6700,SR401C6700,298.5,0.0,0.0,0.0,5,300.5,306.0,5,317.5,309.5,316.0,298.5,12.0,3642.0,315
2023-05-11 10:54:30,SR401C6700,SR401C6700,298.5,0.0,0.0,0.0,5,299.0,304.5,5,317.5,309.5,316.0,298.5,12.0,3642.0,315
2023-05-11 10:55:15,SR401C6700,SR401C6700,298.5,0.0,0.0,0.0,5,299.0,303.0,5,317.5,309.5,316.0,298.5,12.0,3642.0,315
2023-05-11 10:55:47,SR401C6700,SR401C6700,298.5,0.0,0.0,0.0,5,299.0,304.5,5,317.5,309.5,316.0,298.5,12.0,3642.0,315
2023-05-11 10:56:06,SR401C6700,SR401C6700,298.5,0.0,0.0,0.0,5,300.5,304.5,5,317.5,309.5,316.0,298.5,12.0,3642.0,315
2023-05-11 10:56:31,SR401C6700,SR401C6700,298.5,0.0,0.0,0.0,5,299.0,304.5,5,317.5,309.5,316.0,298.5,12.0,3642.0,315
2023-05-11 10:57:10,SR401C6700,SR401C6700,298.5,0.0,0.0,0.0,5,299.0,307.0,5,317.5,309.5,316.0,298.5,12.0,3642.0,315
2023-05-11 10:57:31,SR401C6700,SR401C6700,298.5,0.0,0.0,0.0,5,300.5,307.0,5,317.5,309.5,316.0,298.5,12.0,3642.0,315
2023-05-11 10:57:54,SR401C6700,SR401C6700,298.5,0.0,0.0,0.0,5,300.5,305.5,5,317.5,309.5,316.0,298.5,12.0,3642.0,315
2023-05-11 10:59:33,SR401C6700,SR401C6700,298.5,0.0,0.0,0.0,5,299.0,305.5,5,317.5,309.5,316.0,298.5,12.0,3642.0,315
2023-05-11 11:00:17,SR401C6700,SR401C6700,298.5,0.0,0.0,0.0,5,300.5,305.5,5,317.5,309.5,316.0,298.5,12.0,3642.0,315
2023-05-11 11:00:47,SR401C6700,SR401C6700,298.5,0.0,0.0,0.0,5,299.0,305.5,5,317.5,309.5,316.0,298.5,12.0,3642.0,315
2023-05-11 11:01:38,SR401C6700,SR401C6700,298.5,0.0,0.0,0.0,5,300.5,305.5,5,317.5,309.5,316.0,298.5,12.0,3642.0,315
2023-05-11 11:02:17,SR401C6700,SR401C6700,298.5,0.0,0.0,0.0,5,300.5,307.0,5,317.5,309.5,316.0,298.5,12.0,3642.0,315
2023-05-11 11:02:52,SR401C6700,SR401C6700,298.5,0.0,0.0,0.0,5,300.5,305.5,5,317.5,309.5,316.0,298.5,12.0,3642.0,315
2023-05-11 11:03:30,SR401C6700,SR401C6700,298.5,0.0,0.0,0.0,5,300.5,307.0,5,317.5,309.5,316.0,298.5,12.0,3642.0,315
2023-05-11 11:03:32,SR401C6700,SR401C6700,298.5,0.0,0.0,0.0,5,302.0,307.0,5,317.5,309.5,316.0,298.5,12.0,3642.0,315
2023-05-11 11:05:06,SR401C6700,SR401C6700,298.5,0.0,0.0,0.0,5,302.0,309.5,5,317.5,309.5,316.0,298.5,12.0,3642.0,315
2023-05-11 11:05:06,SR401C6700,SR401C6700,298.5,0.0,0.0,0.0,5,303.5,309.5,5,317.5,309.5,316.0,298.5,12.0,3642.0,315
2023-05-11 11:05:31,SR401C6700,SR401C6700,298.5,0.0,0.0,0.0,5,303.5,308.0,5,317.5,309.5,316.0,298.5,12.0,3642.0,315
2023-05-11 11:07:26,SR401C6700,SR401C6700,298.5,0.0,0.0,0.0,5,302.0,308.0,5,317.5,309.5,316.0,298.5,12.0,3642.0,315
2023-05-11 11:08:21,SR401C6700,SR401C6700,298.5,0.0,0.0,0.0,5,302.0,306.5,5,317.5,309.5,316.0,298.5,12.0,3642.0,315
2023-05-11 11:08:35,SR401C6700,SR401C6700,298.5,0.0,0.0,0.0,5,299.5,306.5,5,317.5,309.5,316.0,298.5,12.0,3642.0,315
2023-05-11 11:09:26,SR401C6700,SR401C6700,298.5,0.0,0.0,0.0,5,299.5,304.5,5,317.5,309.5,316.0,298.5,12.0,3642.0,315
2023-05-11 11:11:09,SR401C6700,SR401C6700,298.5,0.0,0.0,0.0,5,299.5,306.5,5,317.5,309.5,316.0,298.5,12.0,3642.0,315
2023-05-11 11:11:59,SR401C6700,SR401C6700,298.5,0.0,0.0,0.0,5,301.0,306.5,5,317.5,309.5,316.0,298.5,12.0,3642.0,315
2023-05-11 11:12:06,SR401C6700,SR401C6700,298.5,0.0,0.0,0.0,5,301.0,308.5,5,317.5,309.5,316.0,298.5,12.0,3642.0,315
2023-05-11 11:12:08,SR401C6700,SR401C6700,298.5,0.0,0.0,0.0,5,303.0,308.5,5,317.5,309.5,316.0,298.5,12.0,3642.0,315
2023-05-11 11:13:23,SR401C6700,SR401C6700,298.5,0.0,0.0,0.0,5,304.5,310.5,5,317.5,309.5,316.0,298.5,12.0,3642.0,315
2023-05-11 11:14:29,SR401C6700,SR401C6700,298.5,0.0,0.0,0.0,5,306.0,310.5,5,317.5,309.5,316.0,298.5,12.0,3642.0,315
2023-05-11 11:14:30,SR401C6700,SR401C6700,298.5,0.0,0.0,0.0,5,306.0,312.5,5,317.5,309.5,316.0,298.5,12.0,3642.0,315
2023-05-11 11:15:02,SR401C6700,SR401C6700,298.5,0.0,0.0,0.0,5,307.5,312.5,5,317.5,309.5,316.0,298.5,12.0,3642.0,315
2023-05-11 11:15:03,SR401C6700,SR401C6700,298.5,0.0,0.0,0.0,5,307.5,315.0,5,317.5,309.5,316.0,298.5,12.0,3642.0,315
2023-05-11 11:15:04,SR401C6700,SR401C6700,298.5,0.0,0.0,0.0,5,307.5,313.5,5,317.5,309.5,316.0,298.5,12.0,3642.0,315
2023-05-11 11:15:22,SR401C6700,SR401C6700,298.5,0.0,0.0,0.0,5,307.5,315.0,5,317.5,309.5,316.0,298.5,12.0,3642.0,315
2023-05-11 11:15:59,SR401C6700,SR401C6700,298.5,0.0,0.0,0.0,5,309.0,315.0,5,317.5,309.5,316.0,298.5,12.0,3642.0,315
2023-05-11 11:16:56,SR401C6700,SR401C6700,298.5,0.0,0.0,0.0,5,307.5,313.0,5,317.5,309.5,316.0,298.5,12.0,3642.0,315
2023-05-11 11:17:28,SR401C6700,SR401C6700,298.5,0.0,0.0,0.0,5,307.5,311.5,5,317.5,309.5,316.0,298.5,12.0,3642.0,315
2023-05-11 11:18:04,SR401C6700,SR401C6700,298.5,0.0,0.0,0.0,5,307.5,313.0,5,317.5,309.5,316.0,298.5,12.0,3642.0,315
2023-05-11 11:18:19,SR401C6700,SR401C6700,298.5,0.0,0.0,0.0,5,307.5,315.0,5,317.5,309.5,316.0,298.5,12.0,3642.0,315
2023-05-11 11:18:28,SR401C6700,SR401C6700,298.5,0.0,0.0,0.0,5,309.0,315.0,5,317.5,309.5,316.0,298.5,12.0,3642.0,315
2023-05-11 11:19:17,SR401C6700,SR401C6700,298.5,0.0,0.0,0.0,5,307.5,313.0,5,317.5,309.5,316.0,298.5,12.0,3642.0,315
2023-05-11 11:21:02,SR401C6700,SR401C6700,298.5,0.0,0.0,0.0,5,307.5,315.0,5,317.5,309.5,316.0,298.5,12.0,3642.0,315
2023-05-11 11:22:07,SR401C6700,SR401C6700,298.5,0.0,0.0,0.0,5,307.5,313.0,5,317.5,309.5,316.0,298.5,12.0,3642.0,315
2023-05-11 11:22:36,SR401C6700,SR401C6700,298.5,0.0,0.0,0.0,5,305.0,313.0,5,317.5,309.5,316.0,298.5,12.0,3642.0,315
2023-05-11 11:22:42,SR401C6700,SR401C6700,298.5,0.0,0.0,0.0,5,305.0,311.5,5,317.5,309.5,316.0,298.5,12.0,3642.0,315
2023-05-11 11:23:32,SR401C6700,SR401C6700,298.5,0.0,0.0,0.0,5,306.5,311.5,5,317.5,309.5,316.0,298.5,12.0,3642.0,315
2023-05-11 11:23:59,SR401C6700,SR401C6700,298.5,0.0,0.0,0.0,5,306.5,313.0,5,317.5,309.5,316.0,298.5,12.0,3642.0,315
2023-05-11 11:24:16,SR401C6700,SR401C6700,298.5,0.0,0.0,0.0,5,306.5,311.5,5,317.5,309.5,316.0,298.5,12.0,3642.0,315
2023-05-11 11:24:18,SR401C6700,SR401C6700,298.5,0.0,0.0,0.0,5,305.0,311.5,5,317.5,309.5,316.0,298.5,12.0,3642.0,315
2023-05-11 11:25:19,SR401C6700,SR401C6700,298.5,0.0,0.0,0.0,5,307.0,311.5,5,317.5,309.5,316.0,298.5,12.0,3642.0,315
2023-05-11 11:25:21,SR401C6700,SR401C6700,298.5,0.0,0.0,0.0,5,307.0,313.0,5,317.5,309.5,316.0,298.5,12.0,3642.0,315
2023-05-11 11:25:26,SR401C6700,SR401C6700,298.5,0.0,0.0,0.0,5,308.5,313.0,5,317.5,309.5,316.0,298.5,12.0,3642.0,315
2023-05-11 11:25:27,SR401C6700,SR401C6700,298.5,0.0,0.0,0.0,5,308.5,315.0,5,317.5,309.5,316.0,298.5,12.0,3642.0,315
2023-05-11 11:25:40,SR401C6700,SR401C6700,298.5,0.0,0.0,0.0,5,310.5,315.0,5,317.5,309.5,316.0,298.5,12.0,3642.0,315
2023-05-11 11:26:00,SR401C6700,SR401C6700,298.5,0.0,0.0,0.0,5,310.5,317.5,5,317.5,309.5,316.0,298.5,12.0,3642.0,315
2023-05-11 11:26:42,SR401C6700,SR401C6700,298.5,0.0,0.0,0.0,5,310.5,316.0,5,317.5,309.5,316.0,298.5,12.0,3642.0,315
2023-05-11 11:27:13,SR401C6700,SR401C6700,298.5,0.0,0.0,0.0,5,308.5,316.0,5,317.5,309.5,316.0,298.5,12.0,3642.0,315
2023-05-11 11:27:13,SR401C6700,SR401C6700,298.5,0.0,0.0,0.0,5,308.5,314.5,5,317.5,309.5,316.0,298.5,12.0,3642.0,315
2023-05-11 11:28:14,SR401C6700,SR401C6700,298.5,0.0,0.0,0.0,5,310.0,314.5,5,317.5,309.5,316.0,298.5,12.0,3642.0,315
2023-05-11 11:29:32,SR401C6700,SR401C6700,298.5,0.0,0.0,0.0,10,164.5,346.5,2,317.5,309.5,316.0,298.5,12.0,3642.0,315
2023-05-11 11:29:32,SR401C6700,SR401C6700,298.5,0.0,0.0,0.0,2,199.0,346.5,2,317.5,309.5,316.0,298.5,12.0,3642.0,315
2023-05-11 11:29:33,SR401C6700,SR401C6700,298.5,0.0,0.0,0.0,2,234.0,346.5,2,317.5,309.5,316.0,298.5,12.0,3642.0,315
2023-05-11 11:29:33,SR401C6700,SR401C6700,298.5,0.0,0.0,0.0,10,234.5,346.5,2,317.5,309.5,316.0,298.5,12.0,3642.0,315
2023-05-11 11:29:33,SR401C6700,SR401C6700,298.5,0.0,0.0,0.0,2,269.0,346.5,2,317.5,309.5,316.0,298.5,12.0,3642.0,315
2023-05-11 11:29:40,SR401C6700,SR401C6700,298.5,0.0,0.0,0.0,2,178.5,346.5,2,317.5,309.5,316.0,298.5,12.0,3642.0,315
2023-05-11 13:30:09,SR401C6700,SR401C6700,298.5,0.0,0.0,0.0,2,213.5,346.5,2,317.5,309.5,316.0,298.5,12.0,3642.0,315
2023-05-11 13:30:10,SR401C6700,SR401C6700,298.5,0.0,0.0,0.0,10,214.0,346.5,2,317.5,309.5,316.0,298.5,12.0,3642.0,315
2023-05-11 13:30:10,SR401C6700,SR401C6700,298.5,0.0,0.0,0.0,2,248.5,346.5,2,317.5,309.5,316.0,298.5,12.0,3642.0,315
2023-05-11 13:30:11,SR401C6700,SR401C6700,298.5,0.0,0.0,0.0,2,281.5,346.5,2,317.5,309.5,316.0,298.5,12.0,3642.0,315
2023-05-11 13:30:16,SR401C6700,SR401C6700,298.5,0.0,0.0,0.0,2,181.0,346.5,2,317.5,309.5,316.0,298.5,12.0,3642.0,315
2023-05-11 13:30:17,SR401C6700,SR401C6700,298.5,0.0,0.0,0.0,2,216.0,346.5,2,317.5,309.5,316.0,298.5,12.0,3642.0,315
2023-05-11 13:30:17,SR401C6700,SR401C6700,298.5,0.0,0.0,0.0,10,216.5,346.5,2,317.5,309.5,316.0,298.5,12.0,3642.0,315
2023-05-11 13:30:18,SR401C6700,SR401C6700,298.5,0.0,0.0,0.0,2,251.0,346.5,2,317.5,309.5,316.0,298.5,12.0,3642.0,315
2023-05-11 13:30:24,SR401C6700,SR401C6700,298.5,0.0,0.0,0.0,10,181.5,346.5,2,317.5,309.5,316.0,298.5,12.0,3642.0,315
2023-05-11 13:30:24,SR401C6700,SR401C6700,298.5,0.0,0.0,0.0,2,216.0,346.5,2,317.5,309.5,316.0,298.5,12.0,3642.0,315
2023-05-11 13:30:25,SR401C6700,SR401C6700,298.5,0.0,0.0,0.0,2,251.0,346.5,2,317.5,309.5,316.0,298.5,12.0,3642.0,315
2023-05-11 13:30:31,SR401C6700,SR401C6700,298.5,0.0,0.0,0.0,10,217.0,346.5,2,317.5,309.5,316.0,298.5,12.0,3642.0,315
2023-05-11 13:30:31,SR401C6700,SR401C6700,298.5,0.0,0.0,0.0,2,251.5,346.5,2,317.5,309.5,316.0,298.5,12.0,3642.0,315
2023-05-11 13:30:39,SR401C6700,SR401C6700,298.5,0.0,0.0,0.0,2,216.5,346.5,2,317.5,309.5,316.0,298.5,12.0,3642.0,315
2023-05-11 13:30:40,SR401C6700,SR401C6700,298.5,0.0,0.0,0.0,2,251.5,346.5,2,317.5,309.5,316.0,298.5,12.0,3642.0,315
2023-05-11 13:34:50,SR401C6700,SR401C6700,298.5,0.0,0.0,0.0,2,291.0,346.5,2,317.5,309.5,316.0,298.5,12.0,3642.0,315
2023-05-11 13:35:02,SR401C6700,SR401C6700,298.5,0.0,0.0,0.0,3,291.0,346.5,2,317.5,309.5,316.0,298.5,12.0,3642.0,315
2023-05-11 13:36:22,SR401C6700,SR401C6700,298.5,0.0,0.0,0.0,3,291.0,346.5,3,317.5,309.5,316.0,298.5,12.0,3642.0,315
2023-05-11 13:44:11,SR401C6700,SR401C6700,298.5,0.0,0.0,0.0,5,315.5,346.5,3,317.5,309.5,316.0,298.5,12.0,3642.0,315
2023-05-11 13:44:12,SR401C6700,SR401C6700,298.5,0.0,0.0,0.0,5,315.5,323.0,5,317.5,309.5,316.0,298.5,12.0,3642.0,315
2023-05-11 13:46:25,SR401C6700,SR401C6700,298.5,0.0,0.0,0.0,5,315.5,321.0,5,317.5,309.5,316.0,298.5,12.0,3642.0,315
2023-05-11 13:46:41,SR401C6700,SR401C6700,298.5,0.0,0.0,0.0,5,313.0,321.0,5,317.5,309.5,316.0,298.5,12.0,3642.0,315
2023-05-11 13:47:59,SR401C6700,SR401C6700,298.5,0.0,0.0,0.0,5,315.0,321.0,5,317.5,309.5,316.0,298.5,12.0,3642.0,315
2023-05-11 13:48:21,SR401C6700,SR401C6700,298.5,0.0,0.0,0.0,5,315.0,323.0,5,317.5,309.5,316.0,298.5,12.0,3642.0,315
2023-05-11 13:48:32,SR401C6700,SR401C6700,298.5,0.0,0.0,0.0,5,317.0,323.0,5,317.5,309.5,316.0,298.5,12.0,3642.0,315
2023-05-11 13:49:13,SR401C6700,SR401C6700,298.5,0.0,0.0,0.0,5,315.0,323.0,5,317.5,309.5,316.0,298.5,12.0,3642.0,315
2023-05-11 13:50:13,SR401C6700,SR401C6700,298.5,0.0,0.0,0.0,5,315.0,321.0,5,317.5,309.5,316.0,298.5,12.0,3642.0,315
2023-05-11 13:50:37,SR401C6700,SR401C6700,298.5,0.0,0.0,0.0,5,312.5,321.0,5,317.5,309.5,316.0,298.5,12.0,3642.0,315
2023-05-11 13:51:36,SR401C6700,SR401C6700,298.5,0.0,0.0,0.0,5,312.5,319.0,5,317.5,309.5,316.0,298.5,12.0,3642.0,315
2023-05-11 13:57:50,SR401C6700,SR401C6700,298.5,0.0,0.0,0.0,5,310.0,317.0,5,317.5,309.5,316.0,298.5,12.0,3642.0,315
2023-05-11 14:01:22,SR401C6700,SR401C6700,298.5,0.0,0.0,0.0,5,307.5,314.5,5,317.5,309.5,316.0,298.5,12.0,3642.0,315
2023-05-11 14:02:41,SR401C6700,SR401C6700,298.5,0.0,0.0,0.0,5,307.5,312.5,5,317.5,309.5,316.0,298.5,12.0,3642.0,315
2023-05-11 14:03:08,SR401C6700,SR401C6700,298.5,0.0,0.0,0.0,5,304.5,312.5,5,317.5,309.5,316.0,298.5,12.0,3642.0,315
2023-05-11 14:03:36,SR401C6700,SR401C6700,298.5,0.0,0.0,0.0,5,306.5,312.5,5,317.5,309.5,316.0,298.5,12.0,3642.0,315
2023-05-11 14:05:13,SR401C6700,SR401C6700,298.5,0.0,0.0,0.0,5,306.5,314.5,5,317.5,309.5,316.0,298.5,12.0,3642.0,315
2023-05-11 14:05:13,SR401C6700,SR401C6700,298.5,0.0,0.0,0.0,5,308.5,314.5,5,317.5,309.5,316.0,298.5,12.0,3642.0,315
2023-05-11 14:06:25,SR401C6700,SR401C6700,298.5,0.0,0.0,0.0,5,308.5,317.0,5,317.5,309.5,316.0,298.5,12.0,3642.0,315
2023-05-11 14:06:36,SR401C6700,SR401C6700,298.5,0.0,0.0,0.0,6,308.5,317.0,5,317.5,309.5,316.0,298.5,12.0,3642.0,315
2023-05-11 14:06:46,SR401C6700,SR401C6700,298.5,0.0,0.0,0.0,5,310.5,317.0,5,317.5,309.5,316.0,298.5,12.0,3642.0,315
2023-05-11 14:09:40,SR401C6700,SR401C6700,298.5,0.0,0.0,0.0,1,311.0,317.0,5,317.5,309.5,316.0,298.5,12.0,3642.0,315
2023-05-11 14:11:38,SR401C6700,SR401C6700,298.5,0.0,0.0,0.0,1,311.0,315.0,5,317.5,309.5,316.0,298.5,12.0,3642.0,315
2023-05-11 14:12:58,SR401C6700,SR401C6700,298.5,0.0,0.0,0.0,1,311.0,317.0,5,317.5,309.5,316.0,298.5,12.0,3642.0,315
2023-05-11 14:13:38,SR401C6700,SR401C6700,298.5,0.0,0.0,0.0,5,312.5,319.5,5,317.5,309.5,316.0,298.5,12.0,3642.0,315
2023-05-11 14:16:15,SR401C6700,SR401C6700,298.5,0.0,0.0,0.0,5,312.5,317.5,5,317.5,309.5,316.0,298.5,12.0,3642.0,315
2023-05-11 14:16:16,SR401C6700,SR401C6700,298.5,0.0,0.0,0.0,1,311.0,317.5,5,317.5,309.5,316.0,298.5,12.0,3642.0,315
2023-05-11 14:30:27,SR401C6700,SR401C6700,298.5,0.0,0.0,0.0,1,311.0,315.5,5,317.5,309.5,316.0,298.5,12.0,3642.0,315
2023-05-11 14:31:26,SR401C6700,SR401C6700,311.0,1.0,310.0,1.0,5,306.5,313.5,5,317.5,309.5,316.0,298.5,13.0,3952.0,316
2023-05-11 14:32:01,SR401C6700,SR401C6700,311.0,0.0,0.0,0.0,5,306.5,311.5,5,317.5,309.5,316.0,298.5,13.0,3952.0,316
2023-05-11 14:33:40,SR401C6700,SR401C6700,311.0,0.0,0.0,0.0,5,304.0,311.5,5,317.5,309.5,316.0,298.5,13.0,3952.0,316
2023-05-11 14:34:43,SR401C6700,SR401C6700,311.0,0.0,0.0,0.0,5,304.0,309.5,5,317.5,309.5,316.0,298.5,13.0,3952.0,316
2023-05-11 14:36:12,SR401C6700,SR401C6700,311.0,0.0,0.0,0.0,5,304.0,311.5,5,317.5,309.5,316.0,298.5,13.0,3952.0,316
2023-05-11 14:41:35,SR401C6700,SR401C6700,311.0,0.0,0.0,0.0,5,306.0,311.5,5,317.5,309.5,316.0,298.5,13.0,3952.0,316
2023-05-11 14:42:26,SR401C6700,SR401C6700,311.0,0.0,0.0,0.0,5,304.0,311.5,5,317.5,309.5,316.0,298.5,13.0,3952.0,316
2023-05-11 14:43:43,SR401C6700,SR401C6700,311.0,0.0,0.0,0.0,5,304.0,309.5,5,317.5,309.5,316.0,298.5,13.0,3952.0,316
2023-05-11 14:44:22,SR401C6700,SR401C6700,311.0,0.0,0.0,0.0,5,304.0,311.5,5,317.5,309.5,316.0,298.5,13.0,3952.0,316
2023-05-11 14:46:38,SR401C6700,SR401C6700,311.0,0.0,0.0,0.0,5,306.0,311.5,5,317.5,309.5,316.0,298.5,13.0,3952.0,316
2023-05-11 14:46:52,SR401C6700,SR401C6700,311.0,0.0,0.0,0.0,5,306.0,314.0,5,317.5,309.5,316.0,298.5,13.0,3952.0,316
2023-05-11 14:46:53,SR401C6700,SR401C6700,311.0,0.0,0.0,0.0,5,308.0,314.0,5,317.5,309.5,316.0,298.5,13.0,3952.0,316
2023-05-11 14:49:32,SR401C6700,SR401C6700,311.0,0.0,0.0,0.0,5,306.0,314.0,5,317.5,309.5,316.0,298.5,13.0,3952.0,316
2023-05-11 14:49:43,SR401C6700,SR401C6700,311.0,0.0,0.0,0.0,5,306.0,311.5,5,317.5,309.5,316.0,298.5,13.0,3952.0,316
2023-05-11 14:51:11,SR401C6700,SR401C6700,311.0,0.0,0.0,0.0,5,303.5,311.5,5,317.5,309.5,316.0,298.5,13.0,3952.0,316
2023-05-11 14:56:35,SR401C6700,SR401C6700,311.0,0.0,0.0,0.0,5,305.5,311.5,5,317.5,309.5,316.0,298.5,13.0,3952.0,316
2023-05-11 14:57:54,SR401C6700,SR401C6700,311.0,0.0,0.0,0.0,5,305.5,314.0,5,317.5,309.5,316.0,298.5,13.0,3952.0,316
2023-05-11 14:58:37,SR401C6700,SR401C6700,311.0,0.0,0.0,0.0,5,305.5,312.0,5,317.5,309.5,316.0,298.5,13.0,3952.0,316
2023-05-11 14:59:01,SR401C6700,SR401C6700,311.0,0.0,0.0,0.0,2,291.0,331.0,2,317.5,309.5,316.0,298.5,13.0,3952.0,316
2023-05-11 14:59:15,SR401C6700,SR401C6700,311.0,0.0,0.0,0.0,2,216.5,331.0,2,317.5,309.5,316.0,298.5,13.0,3952.0,316
2023-05-11 14:59:20,SR401C6700,SR401C6700,311.0,0.0,0.0,0.0,2,223.0,331.0,2,317.5,309.5,316.0,298.5,13.0,3952.0,316
2023-05-11 14:59:20,SR401C6700,SR401C6700,311.0,0.0,0.0,0.0,2,257.5,331.0,2,317.5,309.5,316.0,298.5,13.0,3952.0,316
2023-05-11 14:59:24,SR401C6700,SR401C6700,311.0,0.0,0.0,0.0,2,279.0,331.0,2,317.5,309.5,316.0,298.5,13.0,3952.0,316
2023-05-11 14:59:31,SR401C6700,SR401C6700,311.0,0.0,0.0,0.0,2,216.5,331.0,2,317.5,309.5,316.0,298.5,13.0,3952.0,316
2023-05-11 14:59:35,SR401C6700,SR401C6700,311.0,0.0,0.0,0.0,2,223.0,331.0,2,317.5,309.5,316.0,298.5,13.0,3952.0,316
2023-05-11 14:59:35,SR401C6700,SR401C6700,311.0,0.0,0.0,0.0,2,257.5,331.0,2,317.5,309.5,316.0,298.5,13.0,3952.0,316
2023-05-11 14:59:40,SR401C6700,SR401C6700,311.0,0.0,0.0,0.0,2,279.0,331.0,2,317.5,309.5,316.0,298.5,13.0,3952.0,316
2023-05-11 14:59:45,SR401C6700,SR401C6700,311.0,0.0,0.0,0.0,2,216.5,331.0,2,317.5,309.5,316.0,298.5,13.0,3952.0,316
2023-05-11 14:59:47,SR401C6700,SR401C6700,311.0,0.0,0.0,0.0,2,223.0,331.0,2,317.5,309.5,316.0,298.5,13.0,3952.0,316
2023-05-11 14:59:47,SR401C6700,SR401C6700,311.0,0.0,0.0,0.0,2,257.5,331.0,2,317.5,309.5,316.0,298.5,13.0,3952.0,316
2023-05-11 14:59:52,SR401C6700,SR401C6700,311.0,0.0,0.0,0.0,2,258.0,331.0,2,317.5,309.5,316.0,298.5,13.0,3952.0,316
2023-05-11 14:59:56,SR401C6700,SR401C6700,311.0,0.0,0.0,0.0,2,257.5,331.0,2,317.5,309.5,316.0,298.5,13.0,3952.0,316
2023-05-11 14:59:57,SR401C6700,SR401C6700,311.0,0.0,0.0,0.0,2,258.0,331.0,2,317.5,309.5,316.0,298.5,13.0,3952.0,316
2023-05-11 14:59:57,SR401C6700,SR401C6700,311.0,0.0,0.0,0.0,2,258.0,331.0,2,317.5,309.5,316.0,298.5,13.0,3952.0,316
