time,symbol_id,symbol_name,last,trade_volume,trade_amount,open_interest_change,bv1,bp1,ap1,av1,yesterday_close,today_open,today_high,today_low,volume,amount,open_interest
2023-05-10 19:12:58,SR401P6300,SR401P6300,136.0,0.0,0.0,0.0,0,0.0,0.0,0,136.0,0.0,0.0,0.0,0.0,0.0,64
2023-05-10 20:59:00,SR401P6300,SR401P6300,136.0,0.0,0.0,0.0,70,2.0,0.0,0,136.0,0.0,0.0,0.0,0.0,0.0,64
2023-05-10 21:00:01,SR401P6300,SR401P6300,136.0,0.0,0.0,0.0,2,36.5,0.0,0,136.0,0.0,0.0,0.0,0.0,0.0,64
2023-05-10 21:00:02,SR401P6300,SR401P6300,136.0,0.0,0.0,0.0,2,36.5,265.5,2,136.0,0.0,0.0,0.0,0.0,0.0,64
2023-05-10 21:00:03,SR401P6300,SR401P6300,136.0,0.0,0.0,0.0,10,37.0,265.0,10,136.0,0.0,0.0,0.0,0.0,0.0,64
2023-05-10 21:00:04,SR401P6300,SR401P6300,136.0,0.0,0.0,0.0,2,71.5,230.5,2,136.0,0.0,0.0,0.0,0.0,0.0,64
2023-05-10 21:00:05,SR401P6300,SR401P6300,136.0,0.0,0.0,0.0,10,72.0,230.0,10,136.0,0.0,0.0,0.0,0.0,0.0,64
2023-05-10 21:00:07,SR401P6300,SR401P6300,136.0,0.0,0.0,0.0,2,103.0,195.5,2,136.0,0.0,0.0,0.0,0.0,0.0,64
2023-05-10 21:00:07,SR401P6300,SR401P6300,136.0,0.0,0.0,0.0,2,103.0,195.0,10,136.0,0.0,0.0,0.0,0.0,0.0,64
2023-05-10 21:00:08,SR401P6300,SR401P6300,136.0,0.0,0.0,0.0,2,103.0,160.5,2,136.0,0.0,0.0,0.0,0.0,0.0,64
2023-05-10 21:00:14,SR401P6300,SR401P6300,136.0,0.0,0.0,0.0,10,37.0,160.5,2,136.0,0.0,0.0,0.0,0.0,0.0,64
2023-05-10 21:00:15,SR401P6300,SR401P6300,136.0,0.0,0.0,0.0,2,71.5,160.5,2,136.0,0.0,0.0,0.0,0.0,0.0,64
2023-05-10 21:00:15,SR401P6300,SR401P6300,136.0,0.0,0.0,0.0,10,72.0,160.5,2,136.0,0.0,0.0,0.0,0.0,0.0,64
2023-05-10 21:00:15,SR401P6300,SR401P6300,136.0,0.0,0.0,0.0,2,71.5,160.5,2,136.0,0.0,0.0,0.0,0.0,0.0,64
2023-05-10 21:00:15,SR401P6300,SR401P6300,136.0,0.0,0.0,0.0,10,72.0,160.5,2,136.0,0.0,0.0,0.0,0.0,0.0,64
2023-05-10 21:01:09,SR401P6300,SR401P6300,136.0,0.0,0.0,0.0,10,72.0,138.0,5,136.0,0.0,0.0,0.0,0.0,0.0,64
2023-05-10 21:01:10,SR401P6300,SR401P6300,136.0,0.0,0.0,0.0,5,125.5,138.0,5,136.0,0.0,0.0,0.0,0.0,0.0,64
2023-05-10 21:03:13,SR401P6300,SR401P6300,136.0,0.0,0.0,0.0,5,128.5,138.0,5,136.0,0.0,0.0,0.0,0.0,0.0,64
2023-05-10 21:10:00,SR401P6300,SR401P6300,136.0,0.0,0.0,0.0,5,131.0,138.0,5,136.0,0.0,0.0,0.0,0.0,0.0,64
2023-05-10 21:13:15,SR401P6300,SR401P6300,136.0,0.0,0.0,0.0,5,128.5,138.0,5,136.0,0.0,0.0,0.0,0.0,0.0,64
2023-05-10 21:18:41,SR401P6300,SR401P6300,136.0,0.0,0.0,0.0,5,130.5,138.0,5,136.0,0.0,0.0,0.0,0.0,0.0,64
2023-05-10 21:29:12,SR401P6300,SR401P6300,136.0,0.0,0.0,0.0,5,130.5,136.0,5,136.0,0.0,0.0,0.0,0.0,0.0,64
2023-05-10 21:37:10,SR401P6300,SR401P6300,136.0,0.0,0.0,0.0,5,128.5,136.0,5,136.0,0.0,0.0,0.0,0.0,0.0,64
2023-05-10 21:43:24,SR401P6300,SR401P6300,136.0,0.0,0.0,0.0,5,130.5,136.0,5,136.0,0.0,0.0,0.0,0.0,0.0,64
2023-05-10 21:50:20,SR401P6300,SR401P6300,136.0,0.0,0.0,0.0,5,130.5,138.0,5,136.0,0.0,0.0,0.0,0.0,0.0,64
2023-05-10 21:58:31,SR401P6300,SR401P6300,136.0,0.0,0.0,0.0,5,130.5,136.0,5,136.0,0.0,0.0,0.0,0.0,0.0,64
2023-05-10 22:00:17,SR401P6300,SR401P6300,136.0,0.0,0.0,0.0,5,128.5,136.0,5,136.0,0.0,0.0,0.0,0.0,0.0,64
2023-05-10 22:02:42,SR401P6300,SR401P6300,136.0,0.0,0.0,0.0,5,128.5,134.0,5,136.0,0.0,0.0,0.0,0.0,0.0,64
2023-05-10 22:08:34,SR401P6300,SR401P6300,136.0,0.0,0.0,0.0,5,128.5,136.0,5,136.0,0.0,0.0,0.0,0.0,0.0,64
2023-05-10 22:15:21,SR401P6300,SR401P6300,136.0,0.0,0.0,0.0,5,128.5,134.0,5,136.0,0.0,0.0,0.0,0.0,0.0,64
2023-05-10 22:18:33,SR401P6300,SR401P6300,136.0,0.0,0.0,0.0,5,128.5,136.0,5,136.0,0.0,0.0,0.0,0.0,0.0,64
2023-05-10 22:25:43,SR401P6300,SR401P6300,136.0,0.0,0.0,0.0,5,128.5,134.0,5,136.0,0.0,0.0,0.0,0.0,0.0,64
2023-05-10 22:27:16,SR401P6300,SR401P6300,136.0,0.0,0.0,0.0,5,128.5,136.0,5,136.0,0.0,0.0,0.0,0.0,0.0,64
2023-05-10 22:33:07,SR401P6300,SR401P6300,136.0,0.0,0.0,0.0,5,130.5,136.0,5,136.0,0.0,0.0,0.0,0.0,0.0,64
2023-05-10 22:33:54,SR401P6300,SR401P6300,136.0,0.0,0.0,0.0,5,130.5,138.5,5,136.0,0.0,0.0,0.0,0.0,0.0,64
2023-05-10 22:38:39,SR401P6300,SR401P6300,136.0,0.0,0.0,0.0,5,130.5,136.5,5,136.0,0.0,0.0,0.0,0.0,0.0,64
2023-05-10 22:40:34,SR401P6300,SR401P6300,136.0,0.0,0.0,0.0,5,128.5,136.5,5,136.0,0.0,0.0,0.0,0.0,0.0,64
2023-05-10 22:47:54,SR401P6300,SR401P6300,136.0,0.0,0.0,0.0,5,130.5,136.5,5,136.0,0.0,0.0,0.0,0.0,0.0,64
2023-05-10 22:48:49,SR401P6300,SR401P6300,136.0,0.0,0.0,0.0,5,130.5,138.5,5,136.0,0.0,0.0,0.0,0.0,0.0,64
2023-05-10 22:53:55,SR401P6300,SR401P6300,136.0,0.0,0.0,0.0,5,128.5,138.5,5,136.0,0.0,0.0,0.0,0.0,0.0,64
2023-05-10 22:53:55,SR401P6300,SR401P6300,136.0,0.0,0.0,0.0,5,128.5,136.0,5,136.0,0.0,0.0,0.0,0.0,0.0,64
2023-05-10 22:55:59,SR401P6300,SR401P6300,136.0,0.0,0.0,0.0,2,63.0,160.5,2,136.0,0.0,0.0,0.0,0.0,0.0,64
2023-05-10 22:56:00,SR401P6300,SR401P6300,136.0,0.0,0.0,0.0,2,97.0,160.5,2,136.0,0.0,0.0,0.0,0.0,0.0,64
2023-05-10 22:56:33,SR401P6300,SR401P6300,136.0,0.0,0.0,0.0,1,3.5,164.0,2,136.0,0.0,0.0,0.0,0.0,0.0,64
2023-05-10 22:56:34,SR401P6300,SR401P6300,136.0,0.0,0.0,0.0,10,4.0,164.0,2,136.0,0.0,0.0,0.0,0.0,0.0,64
2023-05-10 22:56:35,SR401P6300,SR401P6300,136.0,0.0,0.0,0.0,1,5.5,164.0,2,136.0,0.0,0.0,0.0,0.0,0.0,64
2023-05-10 22:56:36,SR401P6300,SR401P6300,136.0,0.0,0.0,0.0,2,12.0,164.0,2,136.0,0.0,0.0,0.0,0.0,0.0,64
2023-05-10 22:56:36,SR401P6300,SR401P6300,136.0,0.0,0.0,0.0,10,12.5,164.0,2,136.0,0.0,0.0,0.0,0.0,0.0,64
2023-05-10 22:56:38,SR401P6300,SR401P6300,136.0,0.0,0.0,0.0,1,14.0,164.0,2,136.0,0.0,0.0,0.0,0.0,0.0,64
2023-05-10 22:56:38,SR401P6300,SR401P6300,136.0,0.0,0.0,0.0,10,14.5,164.0,2,136.0,0.0,0.0,0.0,0.0,0.0,64
2023-05-10 22:56:40,SR401P6300,SR401P6300,136.0,0.0,0.0,0.0,1,16.0,164.0,2,136.0,0.0,0.0,0.0,0.0,0.0,64
2023-05-10 22:56:40,SR401P6300,SR401P6300,136.0,0.0,0.0,0.0,10,16.5,164.0,2,136.0,0.0,0.0,0.0,0.0,0.0,64
2023-05-10 22:56:41,SR401P6300,SR401P6300,136.0,0.0,0.0,0.0,1,18.0,164.0,2,136.0,0.0,0.0,0.0,0.0,0.0,64
2023-05-10 22:56:41,SR401P6300,SR401P6300,136.0,0.0,0.0,0.0,10,18.5,164.0,2,136.0,0.0,0.0,0.0,0.0,0.0,64
2023-05-10 22:56:45,SR401P6300,SR401P6300,136.0,0.0,0.0,0.0,1,20.0,164.0,2,136.0,0.0,0.0,0.0,0.0,0.0,64
2023-05-10 22:56:45,SR401P6300,SR401P6300,136.0,0.0,0.0,0.0,10,20.5,164.0,2,136.0,0.0,0.0,0.0,0.0,0.0,64
2023-05-10 22:56:46,SR401P6300,SR401P6300,136.0,0.0,0.0,0.0,1,22.0,164.0,2,136.0,0.0,0.0,0.0,0.0,0.0,64
2023-05-10 22:56:46,SR401P6300,SR401P6300,136.0,0.0,0.0,0.0,10,22.5,164.0,2,136.0,0.0,0.0,0.0,0.0,0.0,64
2023-05-10 22:56:50,SR401P6300,SR401P6300,136.0,0.0,0.0,0.0,1,24.0,164.0,2,136.0,0.0,0.0,0.0,0.0,0.0,64
2023-05-10 22:56:50,SR401P6300,SR401P6300,136.0,0.0,0.0,0.0,10,24.5,164.0,2,136.0,0.0,0.0,0.0,0.0,0.0,64
2023-05-10 22:56:51,SR401P6300,SR401P6300,136.0,0.0,0.0,0.0,1,26.0,164.0,2,136.0,0.0,0.0,0.0,0.0,0.0,64
2023-05-10 22:56:51,SR401P6300,SR401P6300,136.0,0.0,0.0,0.0,10,26.5,164.0,2,136.0,0.0,0.0,0.0,0.0,0.0,64
2023-05-10 22:56:55,SR401P6300,SR401P6300,136.0,0.0,0.0,0.0,1,28.0,164.0,2,136.0,0.0,0.0,0.0,0.0,0.0,64
2023-05-10 22:56:55,SR401P6300,SR401P6300,136.0,0.0,0.0,0.0,10,28.5,164.0,2,136.0,0.0,0.0,0.0,0.0,0.0,64
2023-05-10 22:56:57,SR401P6300,SR401P6300,136.0,0.0,0.0,0.0,1,30.0,164.0,2,136.0,0.0,0.0,0.0,0.0,0.0,64
2023-05-10 22:56:58,SR401P6300,SR401P6300,136.0,0.0,0.0,0.0,2,38.0,164.0,2,136.0,0.0,0.0,0.0,0.0,0.0,64
2023-05-10 22:56:58,SR401P6300,SR401P6300,136.0,0.0,0.0,0.0,10,38.5,164.0,2,136.0,0.0,0.0,0.0,0.0,0.0,64
2023-05-10 22:57:00,SR401P6300,SR401P6300,136.0,0.0,0.0,0.0,1,40.0,164.0,2,136.0,0.0,0.0,0.0,0.0,0.0,64
2023-05-10 22:57:01,SR401P6300,SR401P6300,136.0,0.0,0.0,0.0,2,48.0,164.0,2,136.0,0.0,0.0,0.0,0.0,0.0,64
2023-05-10 22:57:01,SR401P6300,SR401P6300,136.0,0.0,0.0,0.0,10,50.0,164.0,2,136.0,0.0,0.0,0.0,0.0,0.0,64
2023-05-10 22:57:03,SR401P6300,SR401P6300,136.0,0.0,0.0,0.0,1,51.5,164.0,2,136.0,0.0,0.0,0.0,0.0,0.0,64
2023-05-10 22:57:03,SR401P6300,SR401P6300,136.0,0.0,0.0,0.0,10,52.0,164.0,2,136.0,0.0,0.0,0.0,0.0,0.0,64
2023-05-10 22:57:04,SR401P6300,SR401P6300,136.0,0.0,0.0,0.0,1,53.5,164.0,2,136.0,0.0,0.0,0.0,0.0,0.0,64
2023-05-10 22:57:04,SR401P6300,SR401P6300,136.0,0.0,0.0,0.0,10,54.0,164.0,2,136.0,0.0,0.0,0.0,0.0,0.0,64
2023-05-10 22:57:05,SR401P6300,SR401P6300,136.0,0.0,0.0,0.0,1,55.5,164.0,2,136.0,0.0,0.0,0.0,0.0,0.0,64
2023-05-10 22:57:05,SR401P6300,SR401P6300,136.0,0.0,0.0,0.0,10,56.0,164.0,2,136.0,0.0,0.0,0.0,0.0,0.0,64
2023-05-10 22:57:35,SR401P6300,SR401P6300,136.0,0.0,0.0,0.0,1,3.5,164.0,2,136.0,0.0,0.0,0.0,0.0,0.0,64
2023-05-10 22:57:37,SR401P6300,SR401P6300,136.0,0.0,0.0,0.0,1,5.0,164.0,2,136.0,0.0,0.0,0.0,0.0,0.0,64
2023-05-10 22:59:53,SR401P6300,SR401P6300,136.0,0.0,0.0,0.0,1,3.5,164.0,2,136.0,0.0,0.0,0.0,0.0,0.0,64
2023-05-11 09:00:00,SR401P6300,SR401P6300,136.0,0.0,0.0,0.0,2,38.0,164.0,2,136.0,0.0,0.0,0.0,0.0,0.0,64
2023-05-11 09:00:10,SR401P6300,SR401P6300,136.0,0.0,0.0,0.0,2,73.0,164.0,2,136.0,0.0,0.0,0.0,0.0,0.0,64
2023-05-11 09:00:10,SR401P6300,SR401P6300,136.0,0.0,0.0,0.0,10,73.5,164.0,2,136.0,0.0,0.0,0.0,0.0,0.0,64
2023-05-11 09:00:11,SR401P6300,SR401P6300,136.0,0.0,0.0,0.0,2,96.5,164.0,2,136.0,0.0,0.0,0.0,0.0,0.0,64
2023-05-11 09:00:17,SR401P6300,SR401P6300,136.0,0.0,0.0,0.0,10,38.5,164.0,2,136.0,0.0,0.0,0.0,0.0,0.0,64
2023-05-11 09:00:17,SR401P6300,SR401P6300,136.0,0.0,0.0,0.0,2,73.0,164.0,2,136.0,0.0,0.0,0.0,0.0,0.0,64
2023-05-11 09:00:18,SR401P6300,SR401P6300,136.0,0.0,0.0,0.0,2,98.5,164.0,2,136.0,0.0,0.0,0.0,0.0,0.0,64
2023-05-11 09:00:26,SR401P6300,SR401P6300,136.0,0.0,0.0,0.0,10,38.5,164.0,2,136.0,0.0,0.0,0.0,0.0,0.0,64
2023-05-11 09:00:26,SR401P6300,SR401P6300,136.0,0.0,0.0,0.0,2,73.0,164.0,2,136.0,0.0,0.0,0.0,0.0,0.0,64
2023-05-11 09:00:27,SR401P6300,SR401P6300,136.0,0.0,0.0,0.0,2,99.0,164.0,2,136.0,0.0,0.0,0.0,0.0,0.0,64
2023-05-11 09:00:36,SR401P6300,SR401P6300,136.0,0.0,0.0,0.0,10,38.5,164.0,2,136.0,0.0,0.0,0.0,0.0,0.0,64
2023-05-11 09:00:36,SR401P6300,SR401P6300,136.0,0.0,0.0,0.0,2,73.0,164.0,2,136.0,0.0,0.0,0.0,0.0,0.0,64
2023-05-11 09:00:37,SR401P6300,SR401P6300,136.0,0.0,0.0,0.0,2,98.5,164.0,2,136.0,0.0,0.0,0.0,0.0,0.0,64
2023-05-11 09:00:44,SR401P6300,SR401P6300,136.0,0.0,0.0,0.0,10,38.5,164.0,2,136.0,0.0,0.0,0.0,0.0,0.0,64
2023-05-11 09:00:44,SR401P6300,SR401P6300,136.0,0.0,0.0,0.0,2,73.0,164.0,2,136.0,0.0,0.0,0.0,0.0,0.0,64
2023-05-11 09:00:45,SR401P6300,SR401P6300,136.0,0.0,0.0,0.0,2,97.5,164.0,2,136.0,0.0,0.0,0.0,0.0,0.0,64
2023-05-11 09:00:53,SR401P6300,SR401P6300,136.0,0.0,0.0,0.0,10,38.5,164.0,2,136.0,0.0,0.0,0.0,0.0,0.0,64
2023-05-11 09:00:53,SR401P6300,SR401P6300,136.0,0.0,0.0,0.0,2,73.0,164.0,2,136.0,0.0,0.0,0.0,0.0,0.0,64
2023-05-11 09:00:54,SR401P6300,SR401P6300,136.0,0.0,0.0,0.0,2,97.5,164.0,2,136.0,0.0,0.0,0.0,0.0,0.0,64
2023-05-11 09:01:00,SR401P6300,SR401P6300,136.0,0.0,0.0,0.0,10,38.5,164.0,2,136.0,0.0,0.0,0.0,0.0,0.0,64
2023-05-11 09:01:00,SR401P6300,SR401P6300,136.0,0.0,0.0,0.0,2,73.0,164.0,2,136.0,0.0,0.0,0.0,0.0,0.0,64
2023-05-11 09:01:01,SR401P6300,SR401P6300,136.0,0.0,0.0,0.0,2,97.5,164.0,2,136.0,0.0,0.0,0.0,0.0,0.0,64
2023-05-11 09:01:03,SR401P6300,SR401P6300,136.0,0.0,0.0,0.0,2,97.5,159.0,2,136.0,0.0,0.0,0.0,0.0,0.0,64
2023-05-11 09:01:10,SR401P6300,SR401P6300,136.0,0.0,0.0,0.0,10,38.5,159.0,2,136.0,0.0,0.0,0.0,0.0,0.0,64
2023-05-11 09:01:10,SR401P6300,SR401P6300,136.0,0.0,0.0,0.0,2,73.0,159.0,2,136.0,0.0,0.0,0.0,0.0,0.0,64
2023-05-11 09:01:11,SR401P6300,SR401P6300,136.0,0.0,0.0,0.0,2,99.0,159.0,2,136.0,0.0,0.0,0.0,0.0,0.0,64
2023-05-11 09:01:17,SR401P6300,SR401P6300,136.0,0.0,0.0,0.0,10,38.5,159.0,2,136.0,0.0,0.0,0.0,0.0,0.0,64
2023-05-11 09:01:17,SR401P6300,SR401P6300,136.0,0.0,0.0,0.0,2,73.0,159.0,2,136.0,0.0,0.0,0.0,0.0,0.0,64
2023-05-11 09:01:18,SR401P6300,SR401P6300,136.0,0.0,0.0,0.0,10,73.5,159.0,2,136.0,0.0,0.0,0.0,0.0,0.0,64
2023-05-11 09:01:19,SR401P6300,SR401P6300,136.0,0.0,0.0,0.0,2,100.0,159.0,2,136.0,0.0,0.0,0.0,0.0,0.0,64
2023-05-11 09:01:23,SR401P6300,SR401P6300,136.0,0.0,0.0,0.0,5,125.0,159.0,2,136.0,0.0,0.0,0.0,0.0,0.0,64
2023-05-11 09:01:24,SR401P6300,SR401P6300,136.0,0.0,0.0,0.0,5,125.0,133.5,5,136.0,0.0,0.0,0.0,0.0,0.0,64
2023-05-11 09:03:03,SR401P6300,SR401P6300,136.0,0.0,0.0,0.0,5,125.0,131.5,5,136.0,0.0,0.0,0.0,0.0,0.0,64
2023-05-11 09:05:13,SR401P6300,SR401P6300,136.0,0.0,0.0,0.0,5,126.5,131.5,5,136.0,0.0,0.0,0.0,0.0,0.0,64
2023-05-11 09:05:44,SR401P6300,SR401P6300,136.0,0.0,0.0,0.0,5,126.5,133.5,5,136.0,0.0,0.0,0.0,0.0,0.0,64
2023-05-11 09:06:18,SR401P6300,SR401P6300,136.0,0.0,0.0,0.0,5,128.5,133.5,5,136.0,0.0,0.0,0.0,0.0,0.0,64
2023-05-11 09:17:14,SR401P6300,SR401P6300,136.0,0.0,0.0,0.0,5,128.5,136.0,5,136.0,0.0,0.0,0.0,0.0,0.0,64
2023-05-11 09:18:06,SR401P6300,SR401P6300,136.0,0.0,0.0,0.0,5,130.0,136.0,5,136.0,0.0,0.0,0.0,0.0,0.0,64
2023-05-11 09:23:23,SR401P6300,SR401P6300,136.0,0.0,0.0,0.0,5,131.5,136.0,5,136.0,0.0,0.0,0.0,0.0,0.0,64
2023-05-11 09:23:33,SR401P6300,SR401P6300,136.0,0.0,0.0,0.0,5,131.5,138.0,5,136.0,0.0,0.0,0.0,0.0,0.0,64
2023-05-11 09:24:37,SR401P6300,SR401P6300,136.0,0.0,0.0,0.0,5,131.5,136.5,5,136.0,0.0,0.0,0.0,0.0,0.0,64
2023-05-11 09:27:58,SR401P6300,SR401P6300,136.0,0.0,0.0,0.0,5,130.0,136.5,5,136.0,0.0,0.0,0.0,0.0,0.0,64
2023-05-11 09:32:02,SR401P6300,SR401P6300,136.0,0.0,0.0,0.0,5,130.0,135.0,5,136.0,0.0,0.0,0.0,0.0,0.0,64
2023-05-11 09:40:23,SR401P6300,SR401P6300,136.0,0.0,0.0,0.0,5,130.0,136.5,5,136.0,0.0,0.0,0.0,0.0,0.0,64
2023-05-11 09:47:48,SR401P6300,SR401P6300,136.0,0.0,0.0,0.0,5,131.5,136.5,5,136.0,0.0,0.0,0.0,0.0,0.0,64
2023-05-11 09:55:07,SR401P6300,SR401P6300,136.0,0.0,0.0,0.0,5,131.5,139.0,5,136.0,0.0,0.0,0.0,0.0,0.0,64
2023-05-11 09:55:20,SR401P6300,SR401P6300,136.0,0.0,0.0,0.0,5,131.5,137.5,5,136.0,0.0,0.0,0.0,0.0,0.0,64
2023-05-11 10:02:41,SR401P6300,SR401P6300,136.0,0.0,0.0,0.0,5,133.0,137.5,5,136.0,0.0,0.0,0.0,0.0,0.0,64
2023-05-11 10:02:45,SR401P6300,SR401P6300,136.0,0.0,0.0,0.0,5,133.0,139.0,5,136.0,0.0,0.0,0.0,0.0,0.0,64
2023-05-11 10:03:01,SR401P6300,SR401P6300,136.0,0.0,0.0,0.0,5,134.5,139.0,5,136.0,0.0,0.0,0.0,0.0,0.0,64
2023-05-11 10:03:10,SR401P6300,SR401P6300,136.0,0.0,0.0,0.0,5,134.5,141.5,5,136.0,0.0,0.0,0.0,0.0,0.0,64
2023-05-11 10:03:34,SR401P6300,SR401P6300,136.0,0.0,0.0,0.0,5,136.0,141.5,5,136.0,0.0,0.0,0.0,0.0,0.0,64
2023-05-11 10:04:00,SR401P6300,SR401P6300,136.0,0.0,0.0,0.0,5,136.0,159.0,2,136.0,0.0,0.0,0.0,0.0,0.0,64
2023-05-11 10:04:01,SR401P6300,SR401P6300,136.0,0.0,0.0,0.0,5,138.0,144.0,5,136.0,0.0,0.0,0.0,0.0,0.0,64
2023-05-11 10:04:35,SR401P6300,SR401P6300,136.0,0.0,0.0,0.0,5,139.5,144.0,5,136.0,0.0,0.0,0.0,0.0,0.0,64
2023-05-11 10:05:13,SR401P6300,SR401P6300,136.0,0.0,0.0,0.0,5,138.0,144.0,5,136.0,0.0,0.0,0.0,0.0,0.0,64
2023-05-11 10:06:46,SR401P6300,SR401P6300,136.0,0.0,0.0,0.0,5,138.0,142.5,5,136.0,0.0,0.0,0.0,0.0,0.0,64
2023-05-11 10:06:49,SR401P6300,SR401P6300,136.0,0.0,0.0,0.0,5,135.5,142.5,5,136.0,0.0,0.0,0.0,0.0,0.0,64
2023-05-11 10:07:00,SR401P6300,SR401P6300,136.0,0.0,0.0,0.0,5,137.0,142.5,5,136.0,0.0,0.0,0.0,0.0,0.0,64
2023-05-11 10:07:11,SR401P6300,SR401P6300,136.0,0.0,0.0,0.0,5,137.0,144.0,5,136.0,0.0,0.0,0.0,0.0,0.0,64
2023-05-11 10:07:21,SR401P6300,SR401P6300,136.0,0.0,0.0,0.0,5,138.5,144.0,5,136.0,0.0,0.0,0.0,0.0,0.0,64
2023-05-11 10:08:27,SR401P6300,SR401P6300,136.0,0.0,0.0,0.0,5,138.5,146.0,5,136.0,0.0,0.0,0.0,0.0,0.0,64
2023-05-11 10:08:29,SR401P6300,SR401P6300,136.0,0.0,0.0,0.0,5,140.0,146.0,5,136.0,0.0,0.0,0.0,0.0,0.0,64
2023-05-11 10:09:07,SR401P6300,SR401P6300,136.0,0.0,0.0,0.0,5,141.5,146.0,5,136.0,0.0,0.0,0.0,0.0,0.0,64
2023-05-11 10:09:24,SR401P6300,SR401P6300,136.0,0.0,0.0,0.0,5,141.5,149.0,5,136.0,0.0,0.0,0.0,0.0,0.0,64
2023-05-11 10:10:06,SR401P6300,SR401P6300,136.0,0.0,0.0,0.0,5,143.5,149.0,5,136.0,0.0,0.0,0.0,0.0,0.0,64
2023-05-11 10:11:38,SR401P6300,SR401P6300,136.0,0.0,0.0,0.0,5,143.5,147.5,5,136.0,0.0,0.0,0.0,0.0,0.0,64
2023-05-11 10:11:39,SR401P6300,SR401P6300,136.0,0.0,0.0,0.0,5,141.5,147.5,5,136.0,0.0,0.0,0.0,0.0,0.0,64
2023-05-11 10:12:11,SR401P6300,SR401P6300,136.0,0.0,0.0,0.0,5,141.5,149.0,5,136.0,0.0,0.0,0.0,0.0,0.0,64
2023-05-11 10:12:29,SR401P6300,SR401P6300,136.0,0.0,0.0,0.0,5,143.0,149.0,5,136.0,0.0,0.0,0.0,0.0,0.0,64
2023-05-11 10:14:18,SR401P6300,SR401P6300,136.0,0.0,0.0,0.0,5,141.5,147.5,5,136.0,0.0,0.0,0.0,0.0,0.0,64
2023-05-11 10:14:35,SR401P6300,SR401P6300,136.0,0.0,0.0,0.0,5,138.5,147.5,5,136.0,0.0,0.0,0.0,0.0,0.0,64
2023-05-11 10:30:03,SR401P6300,SR401P6300,136.0,0.0,0.0,0.0,5,140.5,147.5,5,136.0,0.0,0.0,0.0,0.0,0.0,64
2023-05-11 10:31:01,SR401P6300,SR401P6300,136.0,0.0,0.0,0.0,5,142.0,147.5,5,136.0,0.0,0.0,0.0,0.0,0.0,64
2023-05-11 10:31:23,SR401P6300,SR401P6300,136.0,0.0,0.0,0.0,5,143.5,149.0,5,136.0,0.0,0.0,0.0,0.0,0.0,64
2023-05-11 10:32:05,SR401P6300,SR401P6300,136.0,0.0,0.0,0.0,5,143.5,151.0,5,136.0,0.0,0.0,0.0,0.0,0.0,64
2023-05-11 10:32:12,SR401P6300,SR401P6300,136.0,0.0,0.0,0.0,5,145.0,151.0,5,136.0,0.0,0.0,0.0,0.0,0.0,64
2023-05-11 10:34:17,SR401P6300,SR401P6300,136.0,0.0,0.0,0.0,5,145.0,149.5,5,136.0,0.0,0.0,0.0,0.0,0.0,64
2023-05-11 10:34:31,SR401P6300,SR401P6300,136.0,0.0,0.0,0.0,5,143.5,149.5,5,136.0,0.0,0.0,0.0,0.0,0.0,64
2023-05-11 10:36:17,SR401P6300,SR401P6300,136.0,0.0,0.0,0.0,5,143.5,148.0,5,136.0,0.0,0.0,0.0,0.0,0.0,64
2023-05-11 10:36:18,SR401P6300,SR401P6300,136.0,0.0,0.0,0.0,5,141.0,148.0,5,136.0,0.0,0.0,0.0,0.0,0.0,64
2023-05-11 10:36:58,SR401P6300,SR401P6300,136.0,0.0,0.0,0.0,5,141.0,146.5,5,136.0,0.0,0.0,0.0,0.0,0.0,64
2023-05-11 10:37:30,SR401P6300,SR401P6300,136.0,0.0,0.0,0.0,5,138.5,145.0,5,136.0,0.0,0.0,0.0,0.0,0.0,64
2023-05-11 10:43:06,SR401P6300,SR401P6300,136.0,0.0,0.0,0.0,5,140.0,145.0,5,136.0,0.0,0.0,0.0,0.0,0.0,64
2023-05-11 10:43:29,SR401P6300,SR401P6300,136.0,0.0,0.0,0.0,5,140.0,146.5,5,136.0,0.0,0.0,0.0,0.0,0.0,64
2023-05-11 10:48:36,SR401P6300,SR401P6300,136.0,0.0,0.0,0.0,5,138.5,144.0,5,136.0,0.0,0.0,0.0,0.0,0.0,64
2023-05-11 10:48:50,SR401P6300,SR401P6300,136.0,0.0,0.0,0.0,5,136.0,144.0,5,136.0,0.0,0.0,0.0,0.0,0.0,64
2023-05-11 10:49:33,SR401P6300,SR401P6300,136.0,0.0,0.0,0.0,5,136.0,141.0,5,136.0,0.0,0.0,0.0,0.0,0.0,64
2023-05-11 10:49:34,SR401P6300,SR401P6300,136.0,0.0,0.0,0.0,10,66.0,141.0,5,136.0,0.0,0.0,0.0,0.0,0.0,64
2023-05-11 10:49:34,SR401P6300,SR401P6300,136.0,0.0,0.0,0.0,2,115.5,141.0,5,136.0,0.0,0.0,0.0,0.0,0.0,64
2023-05-11 10:49:35,SR401P6300,SR401P6300,136.0,0.0,0.0,0.0,5,133.5,141.0,5,136.0,0.0,0.0,0.0,0.0,0.0,64
2023-05-11 10:49:56,SR401P6300,SR401P6300,136.0,0.0,0.0,0.0,5,133.5,139.5,5,136.0,0.0,0.0,0.0,0.0,0.0,64
2023-05-11 10:57:31,SR401P6300,SR401P6300,136.0,0.0,0.0,0.0,5,133.5,138.0,5,136.0,0.0,0.0,0.0,0.0,0.0,64
2023-05-11 11:01:09,SR401P6300,SR401P6300,136.0,0.0,0.0,0.0,5,131.0,138.0,5,136.0,0.0,0.0,0.0,0.0,0.0,64
2023-05-11 11:02:18,SR401P6300,SR401P6300,136.0,0.0,0.0,0.0,5,131.0,136.5,5,136.0,0.0,0.0,0.0,0.0,0.0,64
2023-05-11 11:12:27,SR401P6300,SR401P6300,136.0,0.0,0.0,0.0,5,128.5,136.5,5,136.0,0.0,0.0,0.0,0.0,0.0,64
2023-05-11 11:13:23,SR401P6300,SR401P6300,136.0,0.0,0.0,0.0,5,128.5,135.0,5,136.0,0.0,0.0,0.0,0.0,0.0,64
2023-05-11 11:15:02,SR401P6300,SR401P6300,136.0,0.0,0.0,0.0,5,128.5,133.5,5,136.0,0.0,0.0,0.0,0.0,0.0,64
2023-05-11 11:15:22,SR401P6300,SR401P6300,136.0,0.0,0.0,0.0,5,126.0,133.5,5,136.0,0.0,0.0,0.0,0.0,0.0,64
2023-05-11 11:16:56,SR401P6300,SR401P6300,136.0,0.0,0.0,0.0,5,127.5,133.5,5,136.0,0.0,0.0,0.0,0.0,0.0,64
2023-05-11 11:22:33,SR401P6300,SR401P6300,136.0,0.0,0.0,0.0,5,129.0,133.5,5,136.0,0.0,0.0,0.0,0.0,0.0,64
2023-05-11 11:22:36,SR401P6300,SR401P6300,136.0,0.0,0.0,0.0,5,129.0,135.0,5,136.0,0.0,0.0,0.0,0.0,0.0,64
2023-05-11 11:25:39,SR401P6300,SR401P6300,136.0,0.0,0.0,0.0,5,129.0,133.5,5,136.0,0.0,0.0,0.0,0.0,0.0,64
2023-05-11 11:26:03,SR401P6300,SR401P6300,136.0,0.0,0.0,0.0,5,127.5,133.5,5,136.0,0.0,0.0,0.0,0.0,0.0,64
2023-05-11 11:29:32,SR401P6300,SR401P6300,136.0,0.0,0.0,0.0,10,42.5,159.0,2,136.0,0.0,0.0,0.0,0.0,0.0,64
2023-05-11 11:29:32,SR401P6300,SR401P6300,136.0,0.0,0.0,0.0,2,77.0,159.0,2,136.0,0.0,0.0,0.0,0.0,0.0,64
2023-05-11 11:29:33,SR401P6300,SR401P6300,136.0,0.0,0.0,0.0,2,110.5,159.0,2,136.0,0.0,0.0,0.0,0.0,0.0,64
2023-05-11 11:29:40,SR401P6300,SR401P6300,136.0,0.0,0.0,0.0,2,42.0,159.0,2,136.0,0.0,0.0,0.0,0.0,0.0,64
2023-05-11 13:30:09,SR401P6300,SR401P6300,136.0,0.0,0.0,0.0,2,77.0,159.0,2,136.0,0.0,0.0,0.0,0.0,0.0,64
2023-05-11 13:30:10,SR401P6300,SR401P6300,136.0,0.0,0.0,0.0,10,77.5,159.0,2,136.0,0.0,0.0,0.0,0.0,0.0,64
2023-05-11 13:30:16,SR401P6300,SR401P6300,136.0,0.0,0.0,0.0,2,103.5,159.0,2,136.0,0.0,0.0,0.0,0.0,0.0,64
2023-05-11 13:30:23,SR401P6300,SR401P6300,136.0,0.0,0.0,0.0,10,42.5,159.0,2,136.0,0.0,0.0,0.0,0.0,0.0,64
2023-05-11 13:30:23,SR401P6300,SR401P6300,136.0,0.0,0.0,0.0,2,77.0,159.0,2,136.0,0.0,0.0,0.0,0.0,0.0,64
2023-05-11 13:30:24,SR401P6300,SR401P6300,136.0,0.0,0.0,0.0,2,105.0,159.0,2,136.0,0.0,0.0,0.0,0.0,0.0,64
2023-05-11 13:30:29,SR401P6300,SR401P6300,136.0,0.0,0.0,0.0,2,42.0,159.0,2,136.0,0.0,0.0,0.0,0.0,0.0,64
2023-05-11 13:30:30,SR401P6300,SR401P6300,136.0,0.0,0.0,0.0,2,78.0,159.0,2,136.0,0.0,0.0,0.0,0.0,0.0,64
2023-05-11 13:30:30,SR401P6300,SR401P6300,136.0,0.0,0.0,0.0,2,105.5,159.0,2,136.0,0.0,0.0,0.0,0.0,0.0,64
2023-05-11 13:30:39,SR401P6300,SR401P6300,136.0,0.0,0.0,0.0,2,42.0,159.0,2,136.0,0.0,0.0,0.0,0.0,0.0,64
2023-05-11 13:30:40,SR401P6300,SR401P6300,136.0,0.0,0.0,0.0,2,78.0,159.0,2,136.0,0.0,0.0,0.0,0.0,0.0,64
2023-05-11 13:30:40,SR401P6300,SR401P6300,136.0,0.0,0.0,0.0,2,105.5,159.0,2,136.0,0.0,0.0,0.0,0.0,0.0,64
2023-05-11 13:30:40,SR401P6300,SR401P6300,136.0,0.0,0.0,0.0,2,78.0,159.0,2,136.0,0.0,0.0,0.0,0.0,0.0,64
2023-05-11 13:30:40,SR401P6300,SR401P6300,136.0,0.0,0.0,0.0,2,105.5,159.0,2,136.0,0.0,0.0,0.0,0.0,0.0,64
2023-05-11 13:44:12,SR401P6300,SR401P6300,136.0,0.0,0.0,0.0,5,126.0,159.0,2,136.0,0.0,0.0,0.0,0.0,0.0,64
2023-05-11 13:44:13,SR401P6300,SR401P6300,136.0,0.0,0.0,0.0,5,126.0,133.5,5,136.0,0.0,0.0,0.0,0.0,0.0,64
2023-05-11 13:46:30,SR401P6300,SR401P6300,136.0,0.0,0.0,0.0,5,128.0,133.5,5,136.0,0.0,0.0,0.0,0.0,0.0,64
2023-05-11 13:57:38,SR401P6300,SR401P6300,136.0,0.0,0.0,0.0,5,128.0,136.0,5,136.0,0.0,0.0,0.0,0.0,0.0,64
2023-05-11 13:59:30,SR401P6300,SR401P6300,136.0,0.0,0.0,0.0,5,128.0,134.0,5,136.0,0.0,0.0,0.0,0.0,0.0,64
2023-05-11 14:00:12,SR401P6300,SR401P6300,136.0,0.0,0.0,0.0,5,126.0,134.0,5,136.0,0.0,0.0,0.0,0.0,0.0,64
2023-05-11 14:09:49,SR401P6300,SR401P6300,136.0,0.0,0.0,0.0,5,128.0,134.0,5,136.0,0.0,0.0,0.0,0.0,0.0,64
2023-05-11 14:32:03,SR401P6300,SR401P6300,136.0,0.0,0.0,0.0,5,128.0,136.0,5,136.0,0.0,0.0,0.0,0.0,0.0,64
2023-05-11 14:34:42,SR401P6300,SR401P6300,136.0,0.0,0.0,0.0,5,130.0,136.0,5,136.0,0.0,0.0,0.0,0.0,0.0,64
2023-05-11 14:46:53,SR401P6300,SR401P6300,136.0,0.0,0.0,0.0,5,128.0,136.0,5,136.0,0.0,0.0,0.0,0.0,0.0,64
2023-05-11 14:52:26,SR401P6300,SR401P6300,136.0,0.0,0.0,0.0,5,130.0,136.0,5,136.0,0.0,0.0,0.0,0.0,0.0,64
2023-05-11 14:59:01,SR401P6300,SR401P6300,136.0,0.0,0.0,0.0,10,65.5,159.0,2,136.0,0.0,0.0,0.0,0.0,0.0,64
2023-05-11 14:59:02,SR401P6300,SR401P6300,136.0,0.0,0.0,0.0,2,108.0,159.0,2,136.0,0.0,0.0,0.0,0.0,0.0,64
2023-05-11 14:59:15,SR401P6300,SR401P6300,136.0,0.0,0.0,0.0,2,42.0,159.0,2,136.0,0.0,0.0,0.0,0.0,0.0,64
2023-05-11 14:59:25,SR401P6300,SR401P6300,136.0,0.0,0.0,0.0,2,84.5,159.0,2,136.0,0.0,0.0,0.0,0.0,0.0,64
2023-05-11 14:59:38,SR401P6300,SR401P6300,136.0,0.0,0.0,0.0,2,92.5,159.0,2,136.0,0.0,0.0,0.0,0.0,0.0,64
2023-05-11 14:59:45,SR401P6300,SR401P6300,136.0,0.0,0.0,0.0,2,84.5,159.0,2,136.0,0.0,0.0,0.0,0.0,0.0,64
2023-05-11 14:59:50,SR401P6300,SR401P6300,136.0,0.0,0.0,0.0,2,42.0,159.0,2,136.0,0.0,0.0,0.0,0.0,0.0,64
2023-05-11 14:59:56,SR401P6300,SR401P6300,136.0,0.0,0.0,0.0,2,50.0,159.0,2,136.0,0.0,0.0,0.0,0.0,0.0,64
2023-05-11 14:59:56,SR401P6300,SR401P6300,136.0,0.0,0.0,0.0,2,84.5,159.0,2,136.0,0.0,0.0,0.0,0.0,0.0,64
