time,symbol_id,symbol_name,last,trade_volume,trade_amount,open_interest_change,bv1,bp1,ap1,av1,yesterday_close,today_open,today_high,today_low,volume,amount,open_interest
2023-05-10 19:12:58,SR401C5400,SR401C5400,1305.0,0.0,0.0,0.0,0,0.0,0.0,0,1305.0,1288.0,0.0,0.0,0.0,0.0,50
2023-05-10 21:02:02,SR401C5400,SR401C5400,1305.0,0.0,0.0,0.0,10,905.0,1705.0,10,1305.0,1288.0,0.0,0.0,0.0,0.0,50
2023-05-10 21:02:04,SR401C5400,SR401C5400,1305.0,0.0,0.0,0.0,1,906.5,1703.5,1,1305.0,1288.0,0.0,0.0,0.0,0.0,50
2023-05-10 21:02:04,SR401C5400,SR401C5400,1305.0,0.0,0.0,0.0,10,907.0,1703.0,10,1305.0,1288.0,0.0,0.0,0.0,0.0,50
2023-05-10 21:02:14,SR401C5400,SR401C5400,1305.0,0.0,0.0,0.0,1,908.5,1701.5,1,1305.0,1288.0,0.0,0.0,0.0,0.0,50
2023-05-10 21:02:14,SR401C5400,SR401C5400,1305.0,0.0,0.0,0.0,10,909.0,1701.0,10,1305.0,1288.0,0.0,0.0,0.0,0.0,50
2023-05-10 21:02:19,SR401C5400,SR401C5400,1305.0,0.0,0.0,0.0,1,910.5,1699.5,1,1305.0,1288.0,0.0,0.0,0.0,0.0,50
2023-05-10 21:02:19,SR401C5400,SR401C5400,1305.0,0.0,0.0,0.0,10,911.0,1699.0,10,1305.0,1288.0,0.0,0.0,0.0,0.0,50
2023-05-10 21:02:29,SR401C5400,SR401C5400,1305.0,0.0,0.0,0.0,1,912.5,1697.5,1,1305.0,1288.0,0.0,0.0,0.0,0.0,50
2023-05-10 21:02:29,SR401C5400,SR401C5400,1305.0,0.0,0.0,0.0,10,913.0,1697.0,10,1305.0,1288.0,0.0,0.0,0.0,0.0,50
2023-05-10 21:02:34,SR401C5400,SR401C5400,1305.0,0.0,0.0,0.0,1,914.5,1695.5,1,1305.0,1288.0,0.0,0.0,0.0,0.0,50
2023-05-10 21:02:34,SR401C5400,SR401C5400,1305.0,0.0,0.0,0.0,10,915.0,1695.0,10,1305.0,1288.0,0.0,0.0,0.0,0.0,50
2023-05-10 21:02:35,SR401C5400,SR401C5400,1305.0,0.0,0.0,0.0,1,916.5,1695.0,10,1305.0,1288.0,0.0,0.0,0.0,0.0,50
2023-05-10 21:02:35,SR401C5400,SR401C5400,1305.0,0.0,0.0,0.0,10,917.0,1695.0,10,1305.0,1288.0,0.0,0.0,0.0,0.0,50
2023-05-10 21:02:36,SR401C5400,SR401C5400,1305.0,0.0,0.0,0.0,1,918.5,1695.0,10,1305.0,1288.0,0.0,0.0,0.0,0.0,50
2023-05-10 21:02:36,SR401C5400,SR401C5400,1305.0,0.0,0.0,0.0,10,919.0,1695.0,10,1305.0,1288.0,0.0,0.0,0.0,0.0,50
2023-05-10 21:02:37,SR401C5400,SR401C5400,1305.0,0.0,0.0,0.0,1,920.5,1693.5,1,1305.0,1288.0,0.0,0.0,0.0,0.0,50
2023-05-10 21:02:37,SR401C5400,SR401C5400,1305.0,0.0,0.0,0.0,10,921.0,1693.0,10,1305.0,1288.0,0.0,0.0,0.0,0.0,50
2023-05-10 21:02:38,SR401C5400,SR401C5400,1305.0,0.0,0.0,0.0,1,922.5,1691.5,1,1305.0,1288.0,0.0,0.0,0.0,0.0,50
2023-05-10 21:02:38,SR401C5400,SR401C5400,1305.0,0.0,0.0,0.0,10,923.0,1691.0,10,1305.0,1288.0,0.0,0.0,0.0,0.0,50
2023-05-10 21:02:39,SR401C5400,SR401C5400,1305.0,0.0,0.0,0.0,1,924.5,1689.5,1,1305.0,1288.0,0.0,0.0,0.0,0.0,50
2023-05-10 21:02:39,SR401C5400,SR401C5400,1305.0,0.0,0.0,0.0,10,925.0,1689.0,10,1305.0,1288.0,0.0,0.0,0.0,0.0,50
2023-05-10 21:02:40,SR401C5400,SR401C5400,1305.0,0.0,0.0,0.0,1,926.5,1687.5,1,1305.0,1288.0,0.0,0.0,0.0,0.0,50
2023-05-10 21:02:40,SR401C5400,SR401C5400,1305.0,0.0,0.0,0.0,10,927.0,1687.0,10,1305.0,1288.0,0.0,0.0,0.0,0.0,50
2023-05-10 21:02:45,SR401C5400,SR401C5400,1305.0,0.0,0.0,0.0,1,928.5,1685.5,1,1305.0,1288.0,0.0,0.0,0.0,0.0,50
2023-05-10 21:02:45,SR401C5400,SR401C5400,1305.0,0.0,0.0,0.0,10,929.0,1685.0,10,1305.0,1288.0,0.0,0.0,0.0,0.0,50
2023-05-10 21:02:50,SR401C5400,SR401C5400,1305.0,0.0,0.0,0.0,1,930.5,1683.5,1,1305.0,1288.0,0.0,0.0,0.0,0.0,50
2023-05-10 21:02:50,SR401C5400,SR401C5400,1305.0,0.0,0.0,0.0,10,931.0,1683.0,10,1305.0,1288.0,0.0,0.0,0.0,0.0,50
2023-05-10 21:02:51,SR401C5400,SR401C5400,1305.0,0.0,0.0,0.0,1,932.5,1681.5,1,1305.0,1288.0,0.0,0.0,0.0,0.0,50
2023-05-10 21:02:51,SR401C5400,SR401C5400,1305.0,0.0,0.0,0.0,10,933.0,1681.0,10,1305.0,1288.0,0.0,0.0,0.0,0.0,50
2023-05-10 21:02:57,SR401C5400,SR401C5400,1305.0,0.0,0.0,0.0,1,934.5,1679.5,1,1305.0,1288.0,0.0,0.0,0.0,0.0,50
2023-05-10 21:02:57,SR401C5400,SR401C5400,1305.0,0.0,0.0,0.0,10,935.0,1679.0,10,1305.0,1288.0,0.0,0.0,0.0,0.0,50
2023-05-10 21:02:58,SR401C5400,SR401C5400,1305.0,0.0,0.0,0.0,1,936.5,1677.5,1,1305.0,1288.0,0.0,0.0,0.0,0.0,50
2023-05-10 21:02:58,SR401C5400,SR401C5400,1305.0,0.0,0.0,0.0,10,937.0,1677.0,10,1305.0,1288.0,0.0,0.0,0.0,0.0,50
2023-05-10 21:03:00,SR401C5400,SR401C5400,1305.0,0.0,0.0,0.0,1,938.5,1677.0,10,1305.0,1288.0,0.0,0.0,0.0,0.0,50
2023-05-10 21:03:00,SR401C5400,SR401C5400,1305.0,0.0,0.0,0.0,10,939.0,1677.0,10,1305.0,1288.0,0.0,0.0,0.0,0.0,50
2023-05-10 21:03:01,SR401C5400,SR401C5400,1305.0,0.0,0.0,0.0,1,940.5,1675.5,1,1305.0,1288.0,0.0,0.0,0.0,0.0,50
2023-05-10 21:03:01,SR401C5400,SR401C5400,1305.0,0.0,0.0,0.0,10,941.0,1675.0,10,1305.0,1288.0,0.0,0.0,0.0,0.0,50
2023-05-10 21:03:05,SR401C5400,SR401C5400,1305.0,0.0,0.0,0.0,1,942.5,1673.5,1,1305.0,1288.0,0.0,0.0,0.0,0.0,50
2023-05-10 21:03:05,SR401C5400,SR401C5400,1305.0,0.0,0.0,0.0,10,943.0,1673.0,10,1305.0,1288.0,0.0,0.0,0.0,0.0,50
2023-05-10 21:03:06,SR401C5400,SR401C5400,1305.0,0.0,0.0,0.0,1,944.5,1671.5,1,1305.0,1288.0,0.0,0.0,0.0,0.0,50
2023-05-10 21:03:06,SR401C5400,SR401C5400,1305.0,0.0,0.0,0.0,10,945.0,1671.0,10,1305.0,1288.0,0.0,0.0,0.0,0.0,50
2023-05-10 21:03:11,SR401C5400,SR401C5400,1305.0,0.0,0.0,0.0,1,946.5,1669.5,1,1305.0,1288.0,0.0,0.0,0.0,0.0,50
2023-05-10 21:03:11,SR401C5400,SR401C5400,1305.0,0.0,0.0,0.0,10,947.0,1669.0,10,1305.0,1288.0,0.0,0.0,0.0,0.0,50
2023-05-10 21:03:15,SR401C5400,SR401C5400,1305.0,0.0,0.0,0.0,1,948.5,1667.5,1,1305.0,1288.0,0.0,0.0,0.0,0.0,50
2023-05-10 21:03:15,SR401C5400,SR401C5400,1305.0,0.0,0.0,0.0,10,949.0,1667.0,10,1305.0,1288.0,0.0,0.0,0.0,0.0,50
2023-05-10 21:03:16,SR401C5400,SR401C5400,1305.0,0.0,0.0,0.0,1,950.5,1665.5,1,1305.0,1288.0,0.0,0.0,0.0,0.0,50
2023-05-10 21:03:16,SR401C5400,SR401C5400,1305.0,0.0,0.0,0.0,10,951.0,1665.0,10,1305.0,1288.0,0.0,0.0,0.0,0.0,50
2023-05-10 21:03:23,SR401C5400,SR401C5400,1305.0,0.0,0.0,0.0,1,952.5,1663.5,1,1305.0,1288.0,0.0,0.0,0.0,0.0,50
2023-05-10 21:03:23,SR401C5400,SR401C5400,1305.0,0.0,0.0,0.0,10,953.0,1663.0,10,1305.0,1288.0,0.0,0.0,0.0,0.0,50
2023-05-10 21:03:28,SR401C5400,SR401C5400,1305.0,0.0,0.0,0.0,1,954.5,1661.5,1,1305.0,1288.0,0.0,0.0,0.0,0.0,50
2023-05-10 21:03:28,SR401C5400,SR401C5400,1305.0,0.0,0.0,0.0,10,955.0,1661.0,10,1305.0,1288.0,0.0,0.0,0.0,0.0,50
2023-05-10 21:03:31,SR401C5400,SR401C5400,1305.0,0.0,0.0,0.0,1,956.5,1659.5,1,1305.0,1288.0,0.0,0.0,0.0,0.0,50
2023-05-10 21:03:31,SR401C5400,SR401C5400,1305.0,0.0,0.0,0.0,10,957.0,1659.0,10,1305.0,1288.0,0.0,0.0,0.0,0.0,50
2023-05-10 21:03:33,SR401C5400,SR401C5400,1305.0,0.0,0.0,0.0,1,958.5,1657.5,1,1305.0,1288.0,0.0,0.0,0.0,0.0,50
2023-05-10 21:03:33,SR401C5400,SR401C5400,1305.0,0.0,0.0,0.0,10,959.0,1657.0,10,1305.0,1288.0,0.0,0.0,0.0,0.0,50
2023-05-10 21:03:34,SR401C5400,SR401C5400,1305.0,0.0,0.0,0.0,1,960.5,1655.5,1,1305.0,1288.0,0.0,0.0,0.0,0.0,50
2023-05-10 21:03:34,SR401C5400,SR401C5400,1305.0,0.0,0.0,0.0,10,961.0,1655.0,10,1305.0,1288.0,0.0,0.0,0.0,0.0,50
2023-05-10 21:03:38,SR401C5400,SR401C5400,1305.0,0.0,0.0,0.0,1,962.5,1655.0,10,1305.0,1288.0,0.0,0.0,0.0,0.0,50
2023-05-10 21:03:38,SR401C5400,SR401C5400,1305.0,0.0,0.0,0.0,10,963.0,1653.5,1,1305.0,1288.0,0.0,0.0,0.0,0.0,50
2023-05-10 21:03:39,SR401C5400,SR401C5400,1305.0,0.0,0.0,0.0,1,964.5,1653.0,10,1305.0,1288.0,0.0,0.0,0.0,0.0,50
2023-05-10 21:03:39,SR401C5400,SR401C5400,1305.0,0.0,0.0,0.0,10,965.0,1651.5,1,1305.0,1288.0,0.0,0.0,0.0,0.0,50
2023-05-10 21:03:40,SR401C5400,SR401C5400,1305.0,0.0,0.0,0.0,1,966.5,1651.0,10,1305.0,1288.0,0.0,0.0,0.0,0.0,50
2023-05-10 21:03:40,SR401C5400,SR401C5400,1305.0,0.0,0.0,0.0,10,967.0,1651.0,10,1305.0,1288.0,0.0,0.0,0.0,0.0,50
2023-05-10 21:03:41,SR401C5400,SR401C5400,1305.0,0.0,0.0,0.0,1,968.5,1649.5,1,1305.0,1288.0,0.0,0.0,0.0,0.0,50
2023-05-10 21:03:41,SR401C5400,SR401C5400,1305.0,0.0,0.0,0.0,10,969.0,1649.0,10,1305.0,1288.0,0.0,0.0,0.0,0.0,50
2023-05-10 21:03:47,SR401C5400,SR401C5400,1305.0,0.0,0.0,0.0,1,970.5,1649.0,10,1305.0,1288.0,0.0,0.0,0.0,0.0,50
2023-05-10 21:03:47,SR401C5400,SR401C5400,1305.0,0.0,0.0,0.0,10,971.0,1649.0,10,1305.0,1288.0,0.0,0.0,0.0,0.0,50
2023-05-10 21:03:50,SR401C5400,SR401C5400,1305.0,0.0,0.0,0.0,1,972.5,1649.0,10,1305.0,1288.0,0.0,0.0,0.0,0.0,50
2023-05-10 21:03:50,SR401C5400,SR401C5400,1305.0,0.0,0.0,0.0,10,973.0,1647.5,1,1305.0,1288.0,0.0,0.0,0.0,0.0,50
2023-05-10 21:03:51,SR401C5400,SR401C5400,1305.0,0.0,0.0,0.0,10,973.0,1647.0,10,1305.0,1288.0,0.0,0.0,0.0,0.0,50
2023-05-10 21:03:51,SR401C5400,SR401C5400,1305.0,0.0,0.0,0.0,1,974.5,1645.5,1,1305.0,1288.0,0.0,0.0,0.0,0.0,50
2023-05-10 21:03:52,SR401C5400,SR401C5400,1305.0,0.0,0.0,0.0,10,975.0,1645.0,10,1305.0,1288.0,0.0,0.0,0.0,0.0,50
2023-05-10 21:03:52,SR401C5400,SR401C5400,1305.0,0.0,0.0,0.0,1,976.5,1643.5,1,1305.0,1288.0,0.0,0.0,0.0,0.0,50
2023-05-10 21:03:53,SR401C5400,SR401C5400,1305.0,0.0,0.0,0.0,10,977.0,1643.0,10,1305.0,1288.0,0.0,0.0,0.0,0.0,50
2023-05-10 21:03:57,SR401C5400,SR401C5400,1305.0,0.0,0.0,0.0,1,978.5,1641.5,1,1305.0,1288.0,0.0,0.0,0.0,0.0,50
2023-05-10 21:03:58,SR401C5400,SR401C5400,1305.0,0.0,0.0,0.0,10,979.0,1641.0,10,1305.0,1288.0,0.0,0.0,0.0,0.0,50
2023-05-10 21:03:58,SR401C5400,SR401C5400,1305.0,0.0,0.0,0.0,1,980.5,1639.5,1,1305.0,1288.0,0.0,0.0,0.0,0.0,50
2023-05-10 21:03:59,SR401C5400,SR401C5400,1305.0,0.0,0.0,0.0,10,981.0,1639.0,10,1305.0,1288.0,0.0,0.0,0.0,0.0,50
2023-05-10 21:03:59,SR401C5400,SR401C5400,1305.0,0.0,0.0,0.0,1,982.5,1637.5,1,1305.0,1288.0,0.0,0.0,0.0,0.0,50
2023-05-10 21:04:00,SR401C5400,SR401C5400,1305.0,0.0,0.0,0.0,10,983.0,1637.0,10,1305.0,1288.0,0.0,0.0,0.0,0.0,50
2023-05-10 21:04:00,SR401C5400,SR401C5400,1305.0,0.0,0.0,0.0,1,984.5,1635.5,1,1305.0,1288.0,0.0,0.0,0.0,0.0,50
2023-05-10 21:04:01,SR401C5400,SR401C5400,1305.0,0.0,0.0,0.0,10,985.0,1635.0,10,1305.0,1288.0,0.0,0.0,0.0,0.0,50
2023-05-10 21:04:01,SR401C5400,SR401C5400,1305.0,0.0,0.0,0.0,1,986.5,1633.5,1,1305.0,1288.0,0.0,0.0,0.0,0.0,50
2023-05-10 21:04:02,SR401C5400,SR401C5400,1305.0,0.0,0.0,0.0,10,987.0,1633.0,10,1305.0,1288.0,0.0,0.0,0.0,0.0,50
2023-05-10 21:04:02,SR401C5400,SR401C5400,1305.0,0.0,0.0,0.0,1,988.5,1631.5,1,1305.0,1288.0,0.0,0.0,0.0,0.0,50
2023-05-10 21:04:03,SR401C5400,SR401C5400,1305.0,0.0,0.0,0.0,10,989.0,1631.0,10,1305.0,1288.0,0.0,0.0,0.0,0.0,50
2023-05-10 21:04:03,SR401C5400,SR401C5400,1305.0,0.0,0.0,0.0,1,990.5,1629.5,1,1305.0,1288.0,0.0,0.0,0.0,0.0,50
2023-05-10 21:04:04,SR401C5400,SR401C5400,1305.0,0.0,0.0,0.0,10,991.0,1629.0,10,1305.0,1288.0,0.0,0.0,0.0,0.0,50
2023-05-10 21:04:05,SR401C5400,SR401C5400,1305.0,0.0,0.0,0.0,1,992.5,1627.5,1,1305.0,1288.0,0.0,0.0,0.0,0.0,50
2023-05-10 21:04:06,SR401C5400,SR401C5400,1305.0,0.0,0.0,0.0,10,993.0,1627.0,10,1305.0,1288.0,0.0,0.0,0.0,0.0,50
2023-05-10 21:04:12,SR401C5400,SR401C5400,1305.0,0.0,0.0,0.0,1,994.5,1625.5,1,1305.0,1288.0,0.0,0.0,0.0,0.0,50
2023-05-10 21:04:13,SR401C5400,SR401C5400,1305.0,0.0,0.0,0.0,10,995.0,1625.0,10,1305.0,1288.0,0.0,0.0,0.0,0.0,50
2023-05-10 21:04:14,SR401C5400,SR401C5400,1305.0,0.0,0.0,0.0,1,996.5,1623.5,1,1305.0,1288.0,0.0,0.0,0.0,0.0,50
2023-05-10 21:04:15,SR401C5400,SR401C5400,1305.0,0.0,0.0,0.0,10,997.0,1623.0,10,1305.0,1288.0,0.0,0.0,0.0,0.0,50
2023-05-10 21:04:18,SR401C5400,SR401C5400,1305.0,0.0,0.0,0.0,1,998.5,1621.5,1,1305.0,1288.0,0.0,0.0,0.0,0.0,50
2023-05-10 21:04:19,SR401C5400,SR401C5400,1305.0,0.0,0.0,0.0,10,999.0,1621.0,10,1305.0,1288.0,0.0,0.0,0.0,0.0,50
2023-05-10 21:04:21,SR401C5400,SR401C5400,1305.0,0.0,0.0,0.0,1,1000.5,1621.0,10,1305.0,1288.0,0.0,0.0,0.0,0.0,50
2023-05-10 21:04:22,SR401C5400,SR401C5400,1305.0,0.0,0.0,0.0,10,1001.0,1619.5,1,1305.0,1288.0,0.0,0.0,0.0,0.0,50
2023-05-10 21:04:22,SR401C5400,SR401C5400,1305.0,0.0,0.0,0.0,10,1001.0,1619.0,10,1305.0,1288.0,0.0,0.0,0.0,0.0,50
2023-05-10 21:04:25,SR401C5400,SR401C5400,1305.0,0.0,0.0,0.0,1,1002.5,1617.5,1,1305.0,1288.0,0.0,0.0,0.0,0.0,50
2023-05-10 21:04:25,SR401C5400,SR401C5400,1305.0,0.0,0.0,0.0,10,1003.0,1617.0,10,1305.0,1288.0,0.0,0.0,0.0,0.0,50
2023-05-10 21:04:26,SR401C5400,SR401C5400,1305.0,0.0,0.0,0.0,1,1004.5,1615.5,1,1305.0,1288.0,0.0,0.0,0.0,0.0,50
2023-05-10 21:04:26,SR401C5400,SR401C5400,1305.0,0.0,0.0,0.0,10,1005.0,1615.0,10,1305.0,1288.0,0.0,0.0,0.0,0.0,50
2023-05-10 21:04:31,SR401C5400,SR401C5400,1305.0,0.0,0.0,0.0,1,1006.5,1613.5,1,1305.0,1288.0,0.0,0.0,0.0,0.0,50
2023-05-10 21:04:31,SR401C5400,SR401C5400,1305.0,0.0,0.0,0.0,10,1007.0,1613.0,10,1305.0,1288.0,0.0,0.0,0.0,0.0,50
2023-05-10 21:04:32,SR401C5400,SR401C5400,1305.0,0.0,0.0,0.0,1,1008.5,1611.5,1,1305.0,1288.0,0.0,0.0,0.0,0.0,50
2023-05-10 21:04:32,SR401C5400,SR401C5400,1305.0,0.0,0.0,0.0,10,1009.0,1611.0,10,1305.0,1288.0,0.0,0.0,0.0,0.0,50
2023-05-10 21:04:36,SR401C5400,SR401C5400,1305.0,0.0,0.0,0.0,1,1010.5,1609.5,1,1305.0,1288.0,0.0,0.0,0.0,0.0,50
2023-05-10 21:04:36,SR401C5400,SR401C5400,1305.0,0.0,0.0,0.0,10,1011.0,1609.0,10,1305.0,1288.0,0.0,0.0,0.0,0.0,50
2023-05-10 21:04:39,SR401C5400,SR401C5400,1305.0,0.0,0.0,0.0,1,1012.5,1607.5,1,1305.0,1288.0,0.0,0.0,0.0,0.0,50
2023-05-10 21:04:39,SR401C5400,SR401C5400,1305.0,0.0,0.0,0.0,10,1013.0,1607.0,10,1305.0,1288.0,0.0,0.0,0.0,0.0,50
2023-05-10 21:04:43,SR401C5400,SR401C5400,1305.0,0.0,0.0,0.0,1,1014.5,1605.5,1,1305.0,1288.0,0.0,0.0,0.0,0.0,50
2023-05-10 21:04:43,SR401C5400,SR401C5400,1305.0,0.0,0.0,0.0,10,1015.0,1605.0,10,1305.0,1288.0,0.0,0.0,0.0,0.0,50
2023-05-10 21:04:47,SR401C5400,SR401C5400,1305.0,0.0,0.0,0.0,1,1016.5,1603.5,1,1305.0,1288.0,0.0,0.0,0.0,0.0,50
2023-05-10 21:04:47,SR401C5400,SR401C5400,1305.0,0.0,0.0,0.0,10,1017.0,1603.0,10,1305.0,1288.0,0.0,0.0,0.0,0.0,50
2023-05-10 21:04:52,SR401C5400,SR401C5400,1305.0,0.0,0.0,0.0,1,1018.5,1601.5,1,1305.0,1288.0,0.0,0.0,0.0,0.0,50
2023-05-10 21:04:52,SR401C5400,SR401C5400,1305.0,0.0,0.0,0.0,10,1019.0,1601.0,10,1305.0,1288.0,0.0,0.0,0.0,0.0,50
2023-05-10 21:04:57,SR401C5400,SR401C5400,1305.0,0.0,0.0,0.0,1,1020.5,1599.5,1,1305.0,1288.0,0.0,0.0,0.0,0.0,50
2023-05-10 21:04:57,SR401C5400,SR401C5400,1305.0,0.0,0.0,0.0,10,1021.0,1599.0,10,1305.0,1288.0,0.0,0.0,0.0,0.0,50
2023-05-10 21:05:02,SR401C5400,SR401C5400,1305.0,0.0,0.0,0.0,1,1022.5,1597.5,1,1305.0,1288.0,0.0,0.0,0.0,0.0,50
2023-05-10 21:05:02,SR401C5400,SR401C5400,1305.0,0.0,0.0,0.0,10,1023.0,1597.0,10,1305.0,1288.0,0.0,0.0,0.0,0.0,50
2023-05-10 21:05:06,SR401C5400,SR401C5400,1305.0,0.0,0.0,0.0,1,1024.5,1595.5,1,1305.0,1288.0,0.0,0.0,0.0,0.0,50
2023-05-10 21:05:06,SR401C5400,SR401C5400,1305.0,0.0,0.0,0.0,10,1025.0,1595.0,10,1305.0,1288.0,0.0,0.0,0.0,0.0,50
2023-05-10 21:05:08,SR401C5400,SR401C5400,1305.0,0.0,0.0,0.0,1,1026.5,1593.5,1,1305.0,1288.0,0.0,0.0,0.0,0.0,50
2023-05-10 21:05:08,SR401C5400,SR401C5400,1305.0,0.0,0.0,0.0,10,1027.0,1593.0,10,1305.0,1288.0,0.0,0.0,0.0,0.0,50
2023-05-10 21:05:11,SR401C5400,SR401C5400,1305.0,0.0,0.0,0.0,1,1028.5,1591.5,1,1305.0,1288.0,0.0,0.0,0.0,0.0,50
2023-05-10 21:05:11,SR401C5400,SR401C5400,1305.0,0.0,0.0,0.0,10,1029.0,1591.0,10,1305.0,1288.0,0.0,0.0,0.0,0.0,50
2023-05-10 21:05:14,SR401C5400,SR401C5400,1305.0,0.0,0.0,0.0,1,1030.5,1589.5,1,1305.0,1288.0,0.0,0.0,0.0,0.0,50
2023-05-10 21:05:14,SR401C5400,SR401C5400,1305.0,0.0,0.0,0.0,10,1031.0,1589.0,10,1305.0,1288.0,0.0,0.0,0.0,0.0,50
2023-05-10 21:05:18,SR401C5400,SR401C5400,1305.0,0.0,0.0,0.0,1,1032.5,1587.5,1,1305.0,1288.0,0.0,0.0,0.0,0.0,50
2023-05-10 21:05:18,SR401C5400,SR401C5400,1305.0,0.0,0.0,0.0,10,1033.0,1587.0,10,1305.0,1288.0,0.0,0.0,0.0,0.0,50
2023-05-10 21:05:22,SR401C5400,SR401C5400,1305.0,0.0,0.0,0.0,1,1034.5,1585.5,1,1305.0,1288.0,0.0,0.0,0.0,0.0,50
2023-05-10 21:05:22,SR401C5400,SR401C5400,1305.0,0.0,0.0,0.0,10,1035.0,1585.0,10,1305.0,1288.0,0.0,0.0,0.0,0.0,50
2023-05-10 21:05:27,SR401C5400,SR401C5400,1305.0,0.0,0.0,0.0,1,1036.5,1583.5,1,1305.0,1288.0,0.0,0.0,0.0,0.0,50
2023-05-10 21:05:27,SR401C5400,SR401C5400,1305.0,0.0,0.0,0.0,10,1037.0,1583.0,10,1305.0,1288.0,0.0,0.0,0.0,0.0,50
2023-05-10 21:05:32,SR401C5400,SR401C5400,1305.0,0.0,0.0,0.0,1,1038.5,1583.0,10,1305.0,1288.0,0.0,0.0,0.0,0.0,50
2023-05-10 21:05:32,SR401C5400,SR401C5400,1305.0,0.0,0.0,0.0,10,1039.0,1581.5,1,1305.0,1288.0,0.0,0.0,0.0,0.0,50
2023-05-10 21:05:33,SR401C5400,SR401C5400,1305.0,0.0,0.0,0.0,1,1040.5,1581.0,10,1305.0,1288.0,0.0,0.0,0.0,0.0,50
2023-05-10 21:05:33,SR401C5400,SR401C5400,1305.0,0.0,0.0,0.0,10,1041.0,1581.0,10,1305.0,1288.0,0.0,0.0,0.0,0.0,50
2023-05-10 21:05:35,SR401C5400,SR401C5400,1305.0,0.0,0.0,0.0,1,1042.5,1579.5,1,1305.0,1288.0,0.0,0.0,0.0,0.0,50
2023-05-10 21:05:35,SR401C5400,SR401C5400,1305.0,0.0,0.0,0.0,10,1043.0,1579.0,10,1305.0,1288.0,0.0,0.0,0.0,0.0,50
2023-05-10 21:05:40,SR401C5400,SR401C5400,1305.0,0.0,0.0,0.0,1,1044.5,1577.5,1,1305.0,1288.0,0.0,0.0,0.0,0.0,50
2023-05-10 21:05:40,SR401C5400,SR401C5400,1305.0,0.0,0.0,0.0,10,1045.0,1577.0,10,1305.0,1288.0,0.0,0.0,0.0,0.0,50
2023-05-10 21:05:44,SR401C5400,SR401C5400,1305.0,0.0,0.0,0.0,1,1046.5,1575.5,1,1305.0,1288.0,0.0,0.0,0.0,0.0,50
2023-05-10 21:05:44,SR401C5400,SR401C5400,1305.0,0.0,0.0,0.0,10,1047.0,1575.0,10,1305.0,1288.0,0.0,0.0,0.0,0.0,50
2023-05-10 21:05:46,SR401C5400,SR401C5400,1305.0,0.0,0.0,0.0,1,1048.5,1573.5,1,1305.0,1288.0,0.0,0.0,0.0,0.0,50
2023-05-10 21:05:46,SR401C5400,SR401C5400,1305.0,0.0,0.0,0.0,10,1049.0,1573.0,10,1305.0,1288.0,0.0,0.0,0.0,0.0,50
2023-05-10 21:05:47,SR401C5400,SR401C5400,1305.0,0.0,0.0,0.0,1,1050.5,1571.5,1,1305.0,1288.0,0.0,0.0,0.0,0.0,50
2023-05-10 21:05:47,SR401C5400,SR401C5400,1305.0,0.0,0.0,0.0,10,1051.0,1571.0,10,1305.0,1288.0,0.0,0.0,0.0,0.0,50
2023-05-10 21:05:48,SR401C5400,SR401C5400,1305.0,0.0,0.0,0.0,1,1052.5,1569.5,1,1305.0,1288.0,0.0,0.0,0.0,0.0,50
2023-05-10 21:05:48,SR401C5400,SR401C5400,1305.0,0.0,0.0,0.0,10,1053.0,1569.0,10,1305.0,1288.0,0.0,0.0,0.0,0.0,50
2023-05-10 21:05:49,SR401C5400,SR401C5400,1305.0,0.0,0.0,0.0,1,1054.5,1567.5,1,1305.0,1288.0,0.0,0.0,0.0,0.0,50
2023-05-10 21:05:49,SR401C5400,SR401C5400,1305.0,0.0,0.0,0.0,10,1055.0,1567.0,10,1305.0,1288.0,0.0,0.0,0.0,0.0,50
2023-05-10 21:05:53,SR401C5400,SR401C5400,1305.0,0.0,0.0,0.0,1,1056.5,1567.0,10,1305.0,1288.0,0.0,0.0,0.0,0.0,50
2023-05-10 21:05:53,SR401C5400,SR401C5400,1305.0,0.0,0.0,0.0,10,1057.0,1567.0,10,1305.0,1288.0,0.0,0.0,0.0,0.0,50
2023-05-10 21:05:54,SR401C5400,SR401C5400,1305.0,0.0,0.0,0.0,1,1058.5,1565.5,1,1305.0,1288.0,0.0,0.0,0.0,0.0,50
2023-05-10 21:05:54,SR401C5400,SR401C5400,1305.0,0.0,0.0,0.0,10,1059.0,1565.0,10,1305.0,1288.0,0.0,0.0,0.0,0.0,50
2023-05-10 21:05:55,SR401C5400,SR401C5400,1305.0,0.0,0.0,0.0,1,1060.5,1563.5,1,1305.0,1288.0,0.0,0.0,0.0,0.0,50
2023-05-10 21:05:55,SR401C5400,SR401C5400,1305.0,0.0,0.0,0.0,10,1061.0,1563.0,10,1305.0,1288.0,0.0,0.0,0.0,0.0,50
2023-05-10 21:05:59,SR401C5400,SR401C5400,1305.0,0.0,0.0,0.0,1,1062.5,1561.5,1,1305.0,1288.0,0.0,0.0,0.0,0.0,50
2023-05-10 21:05:59,SR401C5400,SR401C5400,1305.0,0.0,0.0,0.0,10,1063.0,1561.0,10,1305.0,1288.0,0.0,0.0,0.0,0.0,50
2023-05-10 21:06:04,SR401C5400,SR401C5400,1305.0,0.0,0.0,0.0,1,1064.5,1559.5,1,1305.0,1288.0,0.0,0.0,0.0,0.0,50
2023-05-10 21:06:04,SR401C5400,SR401C5400,1305.0,0.0,0.0,0.0,10,1065.0,1559.0,10,1305.0,1288.0,0.0,0.0,0.0,0.0,50
2023-05-10 21:06:06,SR401C5400,SR401C5400,1305.0,0.0,0.0,0.0,1,1066.5,1557.5,1,1305.0,1288.0,0.0,0.0,0.0,0.0,50
2023-05-10 21:06:06,SR401C5400,SR401C5400,1305.0,0.0,0.0,0.0,10,1067.0,1557.0,10,1305.0,1288.0,0.0,0.0,0.0,0.0,50
2023-05-10 21:06:07,SR401C5400,SR401C5400,1305.0,0.0,0.0,0.0,1,1068.5,1557.0,10,1305.0,1288.0,0.0,0.0,0.0,0.0,50
2023-05-10 21:06:07,SR401C5400,SR401C5400,1305.0,0.0,0.0,0.0,10,1069.0,1557.0,10,1305.0,1288.0,0.0,0.0,0.0,0.0,50
2023-05-10 21:06:08,SR401C5400,SR401C5400,1305.0,0.0,0.0,0.0,1,1070.5,1555.5,1,1305.0,1288.0,0.0,0.0,0.0,0.0,50
2023-05-10 21:06:08,SR401C5400,SR401C5400,1305.0,0.0,0.0,0.0,10,1071.0,1555.0,10,1305.0,1288.0,0.0,0.0,0.0,0.0,50
2023-05-10 21:06:10,SR401C5400,SR401C5400,1305.0,0.0,0.0,0.0,1,1072.5,1553.5,1,1305.0,1288.0,0.0,0.0,0.0,0.0,50
2023-05-10 21:06:10,SR401C5400,SR401C5400,1305.0,0.0,0.0,0.0,10,1073.0,1553.0,10,1305.0,1288.0,0.0,0.0,0.0,0.0,50
2023-05-10 21:06:11,SR401C5400,SR401C5400,1305.0,0.0,0.0,0.0,1,1074.5,1551.5,1,1305.0,1288.0,0.0,0.0,0.0,0.0,50
2023-05-10 21:06:11,SR401C5400,SR401C5400,1305.0,0.0,0.0,0.0,10,1075.0,1551.0,10,1305.0,1288.0,0.0,0.0,0.0,0.0,50
2023-05-10 21:06:13,SR401C5400,SR401C5400,1305.0,0.0,0.0,0.0,1,1076.5,1549.5,1,1305.0,1288.0,0.0,0.0,0.0,0.0,50
2023-05-10 21:06:13,SR401C5400,SR401C5400,1305.0,0.0,0.0,0.0,10,1077.0,1549.0,10,1305.0,1288.0,0.0,0.0,0.0,0.0,50
2023-05-10 21:06:14,SR401C5400,SR401C5400,1305.0,0.0,0.0,0.0,1,1078.5,1547.5,1,1305.0,1288.0,0.0,0.0,0.0,0.0,50
2023-05-10 21:06:14,SR401C5400,SR401C5400,1305.0,0.0,0.0,0.0,10,1079.0,1547.0,10,1305.0,1288.0,0.0,0.0,0.0,0.0,50
2023-05-10 21:06:15,SR401C5400,SR401C5400,1305.0,0.0,0.0,0.0,1,1080.5,1545.5,1,1305.0,1288.0,0.0,0.0,0.0,0.0,50
2023-05-10 21:06:15,SR401C5400,SR401C5400,1305.0,0.0,0.0,0.0,10,1081.0,1545.0,10,1305.0,1288.0,0.0,0.0,0.0,0.0,50
2023-05-10 21:06:17,SR401C5400,SR401C5400,1305.0,0.0,0.0,0.0,1,1082.5,1543.5,1,1305.0,1288.0,0.0,0.0,0.0,0.0,50
2023-05-10 21:06:17,SR401C5400,SR401C5400,1305.0,0.0,0.0,0.0,10,1083.0,1543.0,10,1305.0,1288.0,0.0,0.0,0.0,0.0,50
2023-05-10 21:06:18,SR401C5400,SR401C5400,1305.0,0.0,0.0,0.0,1,1084.5,1541.5,1,1305.0,1288.0,0.0,0.0,0.0,0.0,50
2023-05-10 21:06:18,SR401C5400,SR401C5400,1305.0,0.0,0.0,0.0,10,1085.0,1541.0,10,1305.0,1288.0,0.0,0.0,0.0,0.0,50
2023-05-10 21:12:51,SR401C5400,SR401C5400,1305.0,0.0,0.0,0.0,2,1086.0,1541.0,10,1305.0,1288.0,0.0,0.0,0.0,0.0,50
2023-05-10 21:12:52,SR401C5400,SR401C5400,1305.0,0.0,0.0,0.0,10,1086.5,1541.0,10,1305.0,1288.0,0.0,0.0,0.0,0.0,50
2023-05-10 21:12:52,SR401C5400,SR401C5400,1305.0,0.0,0.0,0.0,1,1087.0,1541.0,10,1305.0,1288.0,0.0,0.0,0.0,0.0,50
2023-05-10 21:12:53,SR401C5400,SR401C5400,1305.0,0.0,0.0,0.0,10,1087.5,1541.0,10,1305.0,1288.0,0.0,0.0,0.0,0.0,50
2023-05-10 21:24:14,SR401C5400,SR401C5400,1305.0,0.0,0.0,0.0,1,1089.0,1539.5,1,1305.0,1288.0,0.0,0.0,0.0,0.0,50
2023-05-10 21:24:15,SR401C5400,SR401C5400,1305.0,0.0,0.0,0.0,10,1089.5,1539.0,10,1305.0,1288.0,0.0,0.0,0.0,0.0,50
2023-05-10 21:24:15,SR401C5400,SR401C5400,1305.0,0.0,0.0,0.0,1,1091.0,1537.5,1,1305.0,1288.0,0.0,0.0,0.0,0.0,50
2023-05-10 21:24:16,SR401C5400,SR401C5400,1305.0,0.0,0.0,0.0,10,1091.5,1537.0,10,1305.0,1288.0,0.0,0.0,0.0,0.0,50
2023-05-10 21:24:16,SR401C5400,SR401C5400,1305.0,0.0,0.0,0.0,1,1093.0,1535.5,1,1305.0,1288.0,0.0,0.0,0.0,0.0,50
2023-05-10 21:24:17,SR401C5400,SR401C5400,1305.0,0.0,0.0,0.0,10,1093.5,1535.0,10,1305.0,1288.0,0.0,0.0,0.0,0.0,50
2023-05-10 21:24:17,SR401C5400,SR401C5400,1305.0,0.0,0.0,0.0,1,1095.0,1533.5,1,1305.0,1288.0,0.0,0.0,0.0,0.0,50
2023-05-10 21:24:18,SR401C5400,SR401C5400,1305.0,0.0,0.0,0.0,10,1095.5,1533.0,10,1305.0,1288.0,0.0,0.0,0.0,0.0,50
2023-05-10 21:24:18,SR401C5400,SR401C5400,1305.0,0.0,0.0,0.0,1,1097.0,1531.5,1,1305.0,1288.0,0.0,0.0,0.0,0.0,50
2023-05-10 21:24:19,SR401C5400,SR401C5400,1305.0,0.0,0.0,0.0,10,1097.5,1531.0,10,1305.0,1288.0,0.0,0.0,0.0,0.0,50
2023-05-10 21:44:14,SR401C5400,SR401C5400,1305.0,0.0,0.0,0.0,1,1099.0,1529.5,1,1305.0,1288.0,0.0,0.0,0.0,0.0,50
2023-05-10 21:44:15,SR401C5400,SR401C5400,1305.0,0.0,0.0,0.0,10,1099.5,1529.0,10,1305.0,1288.0,0.0,0.0,0.0,0.0,50
2023-05-10 21:44:15,SR401C5400,SR401C5400,1305.0,0.0,0.0,0.0,1,1101.0,1527.5,1,1305.0,1288.0,0.0,0.0,0.0,0.0,50
2023-05-10 21:44:16,SR401C5400,SR401C5400,1305.0,0.0,0.0,0.0,10,1101.5,1527.0,10,1305.0,1288.0,0.0,0.0,0.0,0.0,50
2023-05-10 21:44:16,SR401C5400,SR401C5400,1305.0,0.0,0.0,0.0,1,1103.0,1527.0,10,1305.0,1288.0,0.0,0.0,0.0,0.0,50
2023-05-10 21:44:17,SR401C5400,SR401C5400,1305.0,0.0,0.0,0.0,10,1103.5,1527.0,10,1305.0,1288.0,0.0,0.0,0.0,0.0,50
2023-05-10 21:44:17,SR401C5400,SR401C5400,1305.0,0.0,0.0,0.0,1,1105.0,1527.0,10,1305.0,1288.0,0.0,0.0,0.0,0.0,50
2023-05-10 21:44:18,SR401C5400,SR401C5400,1305.0,0.0,0.0,0.0,10,1105.5,1527.0,10,1305.0,1288.0,0.0,0.0,0.0,0.0,50
2023-05-10 21:44:18,SR401C5400,SR401C5400,1305.0,0.0,0.0,0.0,1,1107.0,1527.0,10,1305.0,1288.0,0.0,0.0,0.0,0.0,50
2023-05-10 21:44:19,SR401C5400,SR401C5400,1305.0,0.0,0.0,0.0,10,1107.5,1527.0,10,1305.0,1288.0,0.0,0.0,0.0,0.0,50
2023-05-10 21:44:19,SR401C5400,SR401C5400,1305.0,0.0,0.0,0.0,1,1109.0,1527.0,10,1305.0,1288.0,0.0,0.0,0.0,0.0,50
2023-05-10 21:44:20,SR401C5400,SR401C5400,1305.0,0.0,0.0,0.0,10,1109.5,1527.0,10,1305.0,1288.0,0.0,0.0,0.0,0.0,50
2023-05-10 21:44:44,SR401C5400,SR401C5400,1305.0,0.0,0.0,0.0,1,1087.0,0.0,0,1305.0,1288.0,0.0,0.0,0.0,0.0,50
2023-05-10 21:46:07,SR401C5400,SR401C5400,1305.0,0.0,0.0,0.0,10,1087.5,0.0,0,1305.0,1288.0,0.0,0.0,0.0,0.0,50
2023-05-10 22:01:17,SR401C5400,SR401C5400,1305.0,0.0,0.0,0.0,2,1090.0,0.0,0,1305.0,1288.0,0.0,0.0,0.0,0.0,50
2023-05-10 22:01:17,SR401C5400,SR401C5400,1305.0,0.0,0.0,0.0,10,1092.0,1705.0,10,1305.0,1288.0,0.0,0.0,0.0,0.0,50
2023-05-10 22:01:17,SR401C5400,SR401C5400,1305.0,0.0,0.0,0.0,1,1093.5,1703.5,1,1305.0,1288.0,0.0,0.0,0.0,0.0,50
2023-05-10 22:01:18,SR401C5400,SR401C5400,1305.0,0.0,0.0,0.0,10,1094.0,1703.0,10,1305.0,1288.0,0.0,0.0,0.0,0.0,50
2023-05-10 22:01:18,SR401C5400,SR401C5400,1305.0,0.0,0.0,0.0,1,1095.5,1701.5,1,1305.0,1288.0,0.0,0.0,0.0,0.0,50
2023-05-10 22:01:19,SR401C5400,SR401C5400,1305.0,0.0,0.0,0.0,10,1096.0,1701.0,10,1305.0,1288.0,0.0,0.0,0.0,0.0,50
2023-05-10 22:01:19,SR401C5400,SR401C5400,1305.0,0.0,0.0,0.0,1,1097.5,1699.5,1,1305.0,1288.0,0.0,0.0,0.0,0.0,50
2023-05-10 22:01:20,SR401C5400,SR401C5400,1305.0,0.0,0.0,0.0,10,1098.0,1699.0,10,1305.0,1288.0,0.0,0.0,0.0,0.0,50
2023-05-10 22:01:20,SR401C5400,SR401C5400,1305.0,0.0,0.0,0.0,1,1099.5,1697.5,1,1305.0,1288.0,0.0,0.0,0.0,0.0,50
2023-05-10 22:01:21,SR401C5400,SR401C5400,1305.0,0.0,0.0,0.0,10,1100.0,1697.0,10,1305.0,1288.0,0.0,0.0,0.0,0.0,50
2023-05-10 22:01:22,SR401C5400,SR401C5400,1305.0,0.0,0.0,0.0,1,1101.5,1695.5,1,1305.0,1288.0,0.0,0.0,0.0,0.0,50
2023-05-10 22:01:22,SR401C5400,SR401C5400,1305.0,0.0,0.0,0.0,10,1102.0,1695.0,10,1305.0,1288.0,0.0,0.0,0.0,0.0,50
2023-05-10 22:14:15,SR401C5400,SR401C5400,1305.0,0.0,0.0,0.0,1,1103.5,1693.5,1,1305.0,1288.0,0.0,0.0,0.0,0.0,50
2023-05-10 22:14:15,SR401C5400,SR401C5400,1305.0,0.0,0.0,0.0,10,1104.0,1693.0,10,1305.0,1288.0,0.0,0.0,0.0,0.0,50
2023-05-10 22:14:15,SR401C5400,SR401C5400,1305.0,0.0,0.0,0.0,1,1105.5,1691.5,1,1305.0,1288.0,0.0,0.0,0.0,0.0,50
2023-05-10 22:14:16,SR401C5400,SR401C5400,1305.0,0.0,0.0,0.0,10,1106.0,1691.0,10,1305.0,1288.0,0.0,0.0,0.0,0.0,50
2023-05-10 22:14:16,SR401C5400,SR401C5400,1305.0,0.0,0.0,0.0,1,1107.5,1689.5,1,1305.0,1288.0,0.0,0.0,0.0,0.0,50
2023-05-10 22:14:17,SR401C5400,SR401C5400,1305.0,0.0,0.0,0.0,10,1108.0,1689.0,10,1305.0,1288.0,0.0,0.0,0.0,0.0,50
2023-05-10 22:14:17,SR401C5400,SR401C5400,1305.0,0.0,0.0,0.0,1,1109.5,1687.5,1,1305.0,1288.0,0.0,0.0,0.0,0.0,50
2023-05-10 22:14:18,SR401C5400,SR401C5400,1305.0,0.0,0.0,0.0,10,1110.0,1687.0,10,1305.0,1288.0,0.0,0.0,0.0,0.0,50
2023-05-10 22:14:19,SR401C5400,SR401C5400,1305.0,0.0,0.0,0.0,10,1112.0,1685.0,10,1305.0,1288.0,0.0,0.0,0.0,0.0,50
2023-05-10 22:23:02,SR401C5400,SR401C5400,1305.0,0.0,0.0,0.0,2,1090.0,0.0,0,1305.0,1288.0,0.0,0.0,0.0,0.0,50
2023-05-10 22:23:55,SR401C5400,SR401C5400,1305.0,0.0,0.0,0.0,10,1090.5,0.0,0,1305.0,1288.0,0.0,0.0,0.0,0.0,50
2023-05-10 22:26:29,SR401C5400,SR401C5400,1305.0,0.0,0.0,0.0,2,1090.0,0.0,0,1305.0,1288.0,0.0,0.0,0.0,0.0,50
2023-05-10 22:27:07,SR401C5400,SR401C5400,1305.0,0.0,0.0,0.0,10,1090.5,0.0,0,1305.0,1288.0,0.0,0.0,0.0,0.0,50
2023-05-10 22:57:35,SR401C5400,SR401C5400,1305.0,0.0,0.0,0.0,2,1090.0,0.0,0,1305.0,1288.0,0.0,0.0,0.0,0.0,50
2023-05-11 09:00:09,SR401C5400,SR401C5400,1305.0,0.0,0.0,0.0,10,1090.5,0.0,0,1305.0,1288.0,0.0,0.0,0.0,0.0,50
2023-05-11 09:02:02,SR401C5400,SR401C5400,1305.0,0.0,0.0,0.0,1,1092.0,1705.5,1,1305.0,1288.0,0.0,0.0,0.0,0.0,50
2023-05-11 09:02:03,SR401C5400,SR401C5400,1305.0,0.0,0.0,0.0,10,1092.5,1705.0,10,1305.0,1288.0,0.0,0.0,0.0,0.0,50
2023-05-11 09:02:03,SR401C5400,SR401C5400,1305.0,0.0,0.0,0.0,1,1094.0,1705.0,10,1305.0,1288.0,0.0,0.0,0.0,0.0,50
2023-05-11 09:02:03,SR401C5400,SR401C5400,1305.0,0.0,0.0,0.0,10,1094.5,1703.5,1,1305.0,1288.0,0.0,0.0,0.0,0.0,50
2023-05-11 09:02:04,SR401C5400,SR401C5400,1305.0,0.0,0.0,0.0,1,1096.0,1703.0,10,1305.0,1288.0,0.0,0.0,0.0,0.0,50
2023-05-11 09:02:04,SR401C5400,SR401C5400,1305.0,0.0,0.0,0.0,10,1096.5,1701.5,1,1305.0,1288.0,0.0,0.0,0.0,0.0,50
2023-05-11 09:02:05,SR401C5400,SR401C5400,1305.0,0.0,0.0,0.0,1,1098.0,1701.0,10,1305.0,1288.0,0.0,0.0,0.0,0.0,50
2023-05-11 09:02:05,SR401C5400,SR401C5400,1305.0,0.0,0.0,0.0,10,1098.5,1701.0,10,1305.0,1288.0,0.0,0.0,0.0,0.0,50
2023-05-11 09:02:13,SR401C5400,SR401C5400,1305.0,0.0,0.0,0.0,1,1100.0,1699.5,1,1305.0,1288.0,0.0,0.0,0.0,0.0,50
2023-05-11 09:02:13,SR401C5400,SR401C5400,1305.0,0.0,0.0,0.0,10,1100.5,1699.0,10,1305.0,1288.0,0.0,0.0,0.0,0.0,50
2023-05-11 09:02:15,SR401C5400,SR401C5400,1305.0,0.0,0.0,0.0,1,1102.0,1697.5,1,1305.0,1288.0,0.0,0.0,0.0,0.0,50
2023-05-11 09:02:15,SR401C5400,SR401C5400,1305.0,0.0,0.0,0.0,10,1102.5,1697.0,10,1305.0,1288.0,0.0,0.0,0.0,0.0,50
2023-05-11 09:02:20,SR401C5400,SR401C5400,1305.0,0.0,0.0,0.0,1,1104.0,1695.5,1,1305.0,1288.0,0.0,0.0,0.0,0.0,50
2023-05-11 09:02:20,SR401C5400,SR401C5400,1305.0,0.0,0.0,0.0,10,1104.5,1695.0,10,1305.0,1288.0,0.0,0.0,0.0,0.0,50
2023-05-11 09:02:23,SR401C5400,SR401C5400,1305.0,0.0,0.0,0.0,1,1106.0,1693.5,1,1305.0,1288.0,0.0,0.0,0.0,0.0,50
2023-05-11 09:02:23,SR401C5400,SR401C5400,1305.0,0.0,0.0,0.0,10,1106.5,1693.0,10,1305.0,1288.0,0.0,0.0,0.0,0.0,50
2023-05-11 09:02:24,SR401C5400,SR401C5400,1305.0,0.0,0.0,0.0,1,1108.0,1691.5,1,1305.0,1288.0,0.0,0.0,0.0,0.0,50
2023-05-11 09:02:25,SR401C5400,SR401C5400,1305.0,0.0,0.0,0.0,10,1108.5,1691.0,10,1305.0,1288.0,0.0,0.0,0.0,0.0,50
2023-05-11 09:02:28,SR401C5400,SR401C5400,1305.0,0.0,0.0,0.0,1,1110.0,1689.5,1,1305.0,1288.0,0.0,0.0,0.0,0.0,50
2023-05-11 09:02:28,SR401C5400,SR401C5400,1305.0,0.0,0.0,0.0,10,1110.5,1689.0,10,1305.0,1288.0,0.0,0.0,0.0,0.0,50
2023-05-11 09:02:29,SR401C5400,SR401C5400,1305.0,0.0,0.0,0.0,1,1112.0,1687.5,1,1305.0,1288.0,0.0,0.0,0.0,0.0,50
2023-05-11 09:02:29,SR401C5400,SR401C5400,1305.0,0.0,0.0,0.0,10,1112.5,1687.0,10,1305.0,1288.0,0.0,0.0,0.0,0.0,50
2023-05-11 09:02:34,SR401C5400,SR401C5400,1305.0,0.0,0.0,0.0,1,1114.0,1685.5,1,1305.0,1288.0,0.0,0.0,0.0,0.0,50
2023-05-11 09:02:34,SR401C5400,SR401C5400,1305.0,0.0,0.0,0.0,10,1114.5,1685.0,10,1305.0,1288.0,0.0,0.0,0.0,0.0,50
2023-05-11 09:02:36,SR401C5400,SR401C5400,1305.0,0.0,0.0,0.0,1,1116.0,1683.5,1,1305.0,1288.0,0.0,0.0,0.0,0.0,50
2023-05-11 09:02:36,SR401C5400,SR401C5400,1305.0,0.0,0.0,0.0,10,1116.5,1683.0,10,1305.0,1288.0,0.0,0.0,0.0,0.0,50
2023-05-11 09:02:42,SR401C5400,SR401C5400,1305.0,0.0,0.0,0.0,1,1118.0,1681.5,1,1305.0,1288.0,0.0,0.0,0.0,0.0,50
2023-05-11 09:02:42,SR401C5400,SR401C5400,1305.0,0.0,0.0,0.0,10,1118.5,1681.0,10,1305.0,1288.0,0.0,0.0,0.0,0.0,50
2023-05-11 09:02:42,SR401C5400,SR401C5400,1305.0,0.0,0.0,0.0,10,1118.5,1679.5,1,1305.0,1288.0,0.0,0.0,0.0,0.0,50
2023-05-11 09:02:43,SR401C5400,SR401C5400,1305.0,0.0,0.0,0.0,1,1120.0,1679.0,10,1305.0,1288.0,0.0,0.0,0.0,0.0,50
2023-05-11 09:02:44,SR401C5400,SR401C5400,1305.0,0.0,0.0,0.0,10,1120.5,1679.0,10,1305.0,1288.0,0.0,0.0,0.0,0.0,50
2023-05-11 09:02:44,SR401C5400,SR401C5400,1305.0,0.0,0.0,0.0,1,1122.0,1677.5,1,1305.0,1288.0,0.0,0.0,0.0,0.0,50
2023-05-11 09:02:44,SR401C5400,SR401C5400,1305.0,0.0,0.0,0.0,10,1122.5,1677.0,10,1305.0,1288.0,0.0,0.0,0.0,0.0,50
2023-05-11 09:02:47,SR401C5400,SR401C5400,1305.0,0.0,0.0,0.0,1,1124.0,1675.5,1,1305.0,1288.0,0.0,0.0,0.0,0.0,50
2023-05-11 09:02:48,SR401C5400,SR401C5400,1305.0,0.0,0.0,0.0,10,1124.5,1675.0,10,1305.0,1288.0,0.0,0.0,0.0,0.0,50
2023-05-11 09:02:51,SR401C5400,SR401C5400,1305.0,0.0,0.0,0.0,1,1126.0,1673.5,1,1305.0,1288.0,0.0,0.0,0.0,0.0,50
2023-05-11 09:02:51,SR401C5400,SR401C5400,1305.0,0.0,0.0,0.0,10,1126.5,1673.0,10,1305.0,1288.0,0.0,0.0,0.0,0.0,50
2023-05-11 09:02:52,SR401C5400,SR401C5400,1305.0,0.0,0.0,0.0,1,1128.0,1671.5,1,1305.0,1288.0,0.0,0.0,0.0,0.0,50
2023-05-11 09:02:52,SR401C5400,SR401C5400,1305.0,0.0,0.0,0.0,10,1128.5,1671.0,10,1305.0,1288.0,0.0,0.0,0.0,0.0,50
2023-05-11 09:02:58,SR401C5400,SR401C5400,1305.0,0.0,0.0,0.0,1,1130.0,1669.5,1,1305.0,1288.0,0.0,0.0,0.0,0.0,50
2023-05-11 09:02:58,SR401C5400,SR401C5400,1305.0,0.0,0.0,0.0,10,1130.5,1669.0,10,1305.0,1288.0,0.0,0.0,0.0,0.0,50
2023-05-11 09:03:02,SR401C5400,SR401C5400,1305.0,0.0,0.0,0.0,1,1132.0,1669.0,10,1305.0,1288.0,0.0,0.0,0.0,0.0,50
2023-05-11 09:03:03,SR401C5400,SR401C5400,1305.0,0.0,0.0,0.0,10,1132.5,1669.0,10,1305.0,1288.0,0.0,0.0,0.0,0.0,50
2023-05-11 09:03:06,SR401C5400,SR401C5400,1305.0,0.0,0.0,0.0,1,1134.0,1667.5,1,1305.0,1288.0,0.0,0.0,0.0,0.0,50
2023-05-11 09:03:06,SR401C5400,SR401C5400,1305.0,0.0,0.0,0.0,10,1134.5,1667.0,10,1305.0,1288.0,0.0,0.0,0.0,0.0,50
2023-05-11 09:03:08,SR401C5400,SR401C5400,1305.0,0.0,0.0,0.0,1,1136.0,1665.5,1,1305.0,1288.0,0.0,0.0,0.0,0.0,50
2023-05-11 09:03:08,SR401C5400,SR401C5400,1305.0,0.0,0.0,0.0,10,1136.5,1665.0,10,1305.0,1288.0,0.0,0.0,0.0,0.0,50
2023-05-11 09:03:08,SR401C5400,SR401C5400,1305.0,0.0,0.0,0.0,1,1138.0,1665.0,10,1305.0,1288.0,0.0,0.0,0.0,0.0,50
2023-05-11 09:03:09,SR401C5400,SR401C5400,1305.0,0.0,0.0,0.0,10,1138.5,1665.0,10,1305.0,1288.0,0.0,0.0,0.0,0.0,50
2023-05-11 09:03:10,SR401C5400,SR401C5400,1305.0,0.0,0.0,0.0,1,1140.0,1663.5,1,1305.0,1288.0,0.0,0.0,0.0,0.0,50
2023-05-11 09:03:10,SR401C5400,SR401C5400,1305.0,0.0,0.0,0.0,10,1140.5,1663.0,10,1305.0,1288.0,0.0,0.0,0.0,0.0,50
2023-05-11 09:03:11,SR401C5400,SR401C5400,1305.0,0.0,0.0,0.0,1,1142.0,1661.5,1,1305.0,1288.0,0.0,0.0,0.0,0.0,50
2023-05-11 09:03:11,SR401C5400,SR401C5400,1305.0,0.0,0.0,0.0,10,1142.5,1661.0,10,1305.0,1288.0,0.0,0.0,0.0,0.0,50
2023-05-11 09:03:12,SR401C5400,SR401C5400,1305.0,0.0,0.0,0.0,1,1144.0,1661.0,10,1305.0,1288.0,0.0,0.0,0.0,0.0,50
2023-05-11 09:03:12,SR401C5400,SR401C5400,1305.0,0.0,0.0,0.0,10,1144.5,1661.0,10,1305.0,1288.0,0.0,0.0,0.0,0.0,50
2023-05-11 09:03:15,SR401C5400,SR401C5400,1305.0,0.0,0.0,0.0,1,1146.0,1661.0,10,1305.0,1288.0,0.0,0.0,0.0,0.0,50
2023-05-11 09:03:15,SR401C5400,SR401C5400,1305.0,0.0,0.0,0.0,10,1146.5,1661.0,10,1305.0,1288.0,0.0,0.0,0.0,0.0,50
2023-05-11 09:03:17,SR401C5400,SR401C5400,1305.0,0.0,0.0,0.0,1,1148.0,1661.0,10,1305.0,1288.0,0.0,0.0,0.0,0.0,50
2023-05-11 09:03:17,SR401C5400,SR401C5400,1305.0,0.0,0.0,0.0,10,1148.5,1661.0,10,1305.0,1288.0,0.0,0.0,0.0,0.0,50
2023-05-11 09:03:18,SR401C5400,SR401C5400,1305.0,0.0,0.0,0.0,1,1150.0,1661.0,10,1305.0,1288.0,0.0,0.0,0.0,0.0,50
2023-05-11 09:03:18,SR401C5400,SR401C5400,1305.0,0.0,0.0,0.0,10,1150.5,1661.0,10,1305.0,1288.0,0.0,0.0,0.0,0.0,50
2023-05-11 09:03:19,SR401C5400,SR401C5400,1305.0,0.0,0.0,0.0,1,1152.0,1661.0,10,1305.0,1288.0,0.0,0.0,0.0,0.0,50
2023-05-11 09:03:19,SR401C5400,SR401C5400,1305.0,0.0,0.0,0.0,10,1152.5,1661.0,10,1305.0,1288.0,0.0,0.0,0.0,0.0,50
2023-05-11 09:03:24,SR401C5400,SR401C5400,1305.0,0.0,0.0,0.0,1,1154.0,1661.0,10,1305.0,1288.0,0.0,0.0,0.0,0.0,50
2023-05-11 09:03:24,SR401C5400,SR401C5400,1305.0,0.0,0.0,0.0,10,1154.5,1661.0,10,1305.0,1288.0,0.0,0.0,0.0,0.0,50
2023-05-11 09:03:25,SR401C5400,SR401C5400,1305.0,0.0,0.0,0.0,1,1156.0,1659.5,1,1305.0,1288.0,0.0,0.0,0.0,0.0,50
2023-05-11 09:03:25,SR401C5400,SR401C5400,1305.0,0.0,0.0,0.0,10,1156.5,1659.0,10,1305.0,1288.0,0.0,0.0,0.0,0.0,50
2023-05-11 09:03:26,SR401C5400,SR401C5400,1305.0,0.0,0.0,0.0,1,1158.0,1657.5,1,1305.0,1288.0,0.0,0.0,0.0,0.0,50
2023-05-11 09:03:26,SR401C5400,SR401C5400,1305.0,0.0,0.0,0.0,10,1158.5,1657.0,10,1305.0,1288.0,0.0,0.0,0.0,0.0,50
2023-05-11 09:03:27,SR401C5400,SR401C5400,1305.0,0.0,0.0,0.0,1,1160.0,1655.5,1,1305.0,1288.0,0.0,0.0,0.0,0.0,50
2023-05-11 09:03:27,SR401C5400,SR401C5400,1305.0,0.0,0.0,0.0,10,1160.5,1655.0,10,1305.0,1288.0,0.0,0.0,0.0,0.0,50
2023-05-11 09:03:28,SR401C5400,SR401C5400,1305.0,0.0,0.0,0.0,1,1162.0,1653.5,1,1305.0,1288.0,0.0,0.0,0.0,0.0,50
2023-05-11 09:03:28,SR401C5400,SR401C5400,1305.0,0.0,0.0,0.0,10,1162.5,1653.0,10,1305.0,1288.0,0.0,0.0,0.0,0.0,50
2023-05-11 09:03:30,SR401C5400,SR401C5400,1305.0,0.0,0.0,0.0,1,1164.0,1653.0,10,1305.0,1288.0,0.0,0.0,0.0,0.0,50
2023-05-11 09:03:30,SR401C5400,SR401C5400,1305.0,0.0,0.0,0.0,10,1164.5,1651.5,1,1305.0,1288.0,0.0,0.0,0.0,0.0,50
2023-05-11 09:03:31,SR401C5400,SR401C5400,1305.0,0.0,0.0,0.0,1,1166.0,1651.0,10,1305.0,1288.0,0.0,0.0,0.0,0.0,50
2023-05-11 09:03:31,SR401C5400,SR401C5400,1305.0,0.0,0.0,0.0,10,1166.5,1649.5,1,1305.0,1288.0,0.0,0.0,0.0,0.0,50
2023-05-11 09:03:32,SR401C5400,SR401C5400,1305.0,0.0,0.0,0.0,1,1168.0,1649.0,10,1305.0,1288.0,0.0,0.0,0.0,0.0,50
2023-05-11 09:03:32,SR401C5400,SR401C5400,1305.0,0.0,0.0,0.0,10,1168.5,1649.0,10,1305.0,1288.0,0.0,0.0,0.0,0.0,50
2023-05-11 09:03:33,SR401C5400,SR401C5400,1305.0,0.0,0.0,0.0,1,1170.0,1647.5,1,1305.0,1288.0,0.0,0.0,0.0,0.0,50
2023-05-11 09:03:33,SR401C5400,SR401C5400,1305.0,0.0,0.0,0.0,10,1170.5,1647.0,10,1305.0,1288.0,0.0,0.0,0.0,0.0,50
2023-05-11 09:03:39,SR401C5400,SR401C5400,1305.0,0.0,0.0,0.0,1,1172.0,1645.5,1,1305.0,1288.0,0.0,0.0,0.0,0.0,50
2023-05-11 09:03:39,SR401C5400,SR401C5400,1305.0,0.0,0.0,0.0,10,1172.5,1645.0,10,1305.0,1288.0,0.0,0.0,0.0,0.0,50
2023-05-11 09:03:40,SR401C5400,SR401C5400,1305.0,0.0,0.0,0.0,1,1174.0,1643.5,1,1305.0,1288.0,0.0,0.0,0.0,0.0,50
2023-05-11 09:03:40,SR401C5400,SR401C5400,1305.0,0.0,0.0,0.0,10,1174.5,1643.0,10,1305.0,1288.0,0.0,0.0,0.0,0.0,50
2023-05-11 09:03:41,SR401C5400,SR401C5400,1305.0,0.0,0.0,0.0,1,1176.0,1641.5,1,1305.0,1288.0,0.0,0.0,0.0,0.0,50
2023-05-11 09:03:41,SR401C5400,SR401C5400,1305.0,0.0,0.0,0.0,10,1176.5,1641.0,10,1305.0,1288.0,0.0,0.0,0.0,0.0,50
2023-05-11 09:03:45,SR401C5400,SR401C5400,1305.0,0.0,0.0,0.0,10,1176.5,1639.5,1,1305.0,1288.0,0.0,0.0,0.0,0.0,50
2023-05-11 09:03:45,SR401C5400,SR401C5400,1305.0,0.0,0.0,0.0,10,1176.5,1639.0,10,1305.0,1288.0,0.0,0.0,0.0,0.0,50
2023-05-11 09:03:47,SR401C5400,SR401C5400,1305.0,0.0,0.0,0.0,10,1176.5,1637.5,1,1305.0,1288.0,0.0,0.0,0.0,0.0,50
2023-05-11 09:03:47,SR401C5400,SR401C5400,1305.0,0.0,0.0,0.0,10,1176.5,1637.0,10,1305.0,1288.0,0.0,0.0,0.0,0.0,50
2023-05-11 09:03:49,SR401C5400,SR401C5400,1305.0,0.0,0.0,0.0,10,1176.5,1635.5,1,1305.0,1288.0,0.0,0.0,0.0,0.0,50
2023-05-11 09:03:49,SR401C5400,SR401C5400,1305.0,0.0,0.0,0.0,10,1176.5,1635.0,10,1305.0,1288.0,0.0,0.0,0.0,0.0,50
2023-05-11 09:03:51,SR401C5400,SR401C5400,1305.0,0.0,0.0,0.0,10,1176.5,1633.5,1,1305.0,1288.0,0.0,0.0,0.0,0.0,50
2023-05-11 09:03:51,SR401C5400,SR401C5400,1305.0,0.0,0.0,0.0,10,1176.5,1633.0,10,1305.0,1288.0,0.0,0.0,0.0,0.0,50
2023-05-11 09:03:52,SR401C5400,SR401C5400,1305.0,0.0,0.0,0.0,10,1176.5,1631.5,1,1305.0,1288.0,0.0,0.0,0.0,0.0,50
2023-05-11 09:03:52,SR401C5400,SR401C5400,1305.0,0.0,0.0,0.0,10,1176.5,1631.0,10,1305.0,1288.0,0.0,0.0,0.0,0.0,50
2023-05-11 09:03:54,SR401C5400,SR401C5400,1305.0,0.0,0.0,0.0,10,1176.5,1629.5,1,1305.0,1288.0,0.0,0.0,0.0,0.0,50
2023-05-11 09:03:54,SR401C5400,SR401C5400,1305.0,0.0,0.0,0.0,10,1176.5,1629.0,10,1305.0,1288.0,0.0,0.0,0.0,0.0,50
2023-05-11 09:03:57,SR401C5400,SR401C5400,1305.0,0.0,0.0,0.0,10,1176.5,1627.5,1,1305.0,1288.0,0.0,0.0,0.0,0.0,50
2023-05-11 09:03:57,SR401C5400,SR401C5400,1305.0,0.0,0.0,0.0,10,1176.5,1627.0,10,1305.0,1288.0,0.0,0.0,0.0,0.0,50
2023-05-11 09:03:58,SR401C5400,SR401C5400,1305.0,0.0,0.0,0.0,10,1176.5,1625.5,1,1305.0,1288.0,0.0,0.0,0.0,0.0,50
2023-05-11 09:03:58,SR401C5400,SR401C5400,1305.0,0.0,0.0,0.0,10,1176.5,1625.0,10,1305.0,1288.0,0.0,0.0,0.0,0.0,50
2023-05-11 09:04:03,SR401C5400,SR401C5400,1305.0,0.0,0.0,0.0,10,1176.5,1623.5,1,1305.0,1288.0,0.0,0.0,0.0,0.0,50
2023-05-11 09:04:03,SR401C5400,SR401C5400,1305.0,0.0,0.0,0.0,10,1176.5,1623.0,10,1305.0,1288.0,0.0,0.0,0.0,0.0,50
2023-05-11 09:04:07,SR401C5400,SR401C5400,1305.0,0.0,0.0,0.0,10,1176.5,1621.5,1,1305.0,1288.0,0.0,0.0,0.0,0.0,50
2023-05-11 09:04:07,SR401C5400,SR401C5400,1305.0,0.0,0.0,0.0,10,1176.5,1621.0,10,1305.0,1288.0,0.0,0.0,0.0,0.0,50
2023-05-11 09:04:11,SR401C5400,SR401C5400,1305.0,0.0,0.0,0.0,10,1176.5,1619.5,1,1305.0,1288.0,0.0,0.0,0.0,0.0,50
2023-05-11 09:04:11,SR401C5400,SR401C5400,1305.0,0.0,0.0,0.0,10,1176.5,1619.0,10,1305.0,1288.0,0.0,0.0,0.0,0.0,50
2023-05-11 09:04:14,SR401C5400,SR401C5400,1305.0,0.0,0.0,0.0,10,1176.5,1617.5,1,1305.0,1288.0,0.0,0.0,0.0,0.0,50
2023-05-11 09:04:15,SR401C5400,SR401C5400,1305.0,0.0,0.0,0.0,10,1176.5,1617.0,10,1305.0,1288.0,0.0,0.0,0.0,0.0,50
2023-05-11 09:04:16,SR401C5400,SR401C5400,1305.0,0.0,0.0,0.0,10,1176.5,1615.5,1,1305.0,1288.0,0.0,0.0,0.0,0.0,50
2023-05-11 09:04:16,SR401C5400,SR401C5400,1305.0,0.0,0.0,0.0,10,1176.5,1615.0,10,1305.0,1288.0,0.0,0.0,0.0,0.0,50
2023-05-11 09:04:20,SR401C5400,SR401C5400,1305.0,0.0,0.0,0.0,10,1176.5,1613.5,1,1305.0,1288.0,0.0,0.0,0.0,0.0,50
2023-05-11 09:04:20,SR401C5400,SR401C5400,1305.0,0.0,0.0,0.0,10,1176.5,1613.0,10,1305.0,1288.0,0.0,0.0,0.0,0.0,50
2023-05-11 09:04:22,SR401C5400,SR401C5400,1305.0,0.0,0.0,0.0,10,1176.5,1611.5,1,1305.0,1288.0,0.0,0.0,0.0,0.0,50
2023-05-11 09:04:22,SR401C5400,SR401C5400,1305.0,0.0,0.0,0.0,10,1176.5,1611.0,10,1305.0,1288.0,0.0,0.0,0.0,0.0,50
2023-05-11 09:04:23,SR401C5400,SR401C5400,1305.0,0.0,0.0,0.0,10,1176.5,1609.5,1,1305.0,1288.0,0.0,0.0,0.0,0.0,50
2023-05-11 09:04:23,SR401C5400,SR401C5400,1305.0,0.0,0.0,0.0,10,1176.5,1609.0,10,1305.0,1288.0,0.0,0.0,0.0,0.0,50
2023-05-11 09:04:28,SR401C5400,SR401C5400,1305.0,0.0,0.0,0.0,10,1176.5,1607.5,1,1305.0,1288.0,0.0,0.0,0.0,0.0,50
2023-05-11 09:04:28,SR401C5400,SR401C5400,1305.0,0.0,0.0,0.0,10,1176.5,1607.0,10,1305.0,1288.0,0.0,0.0,0.0,0.0,50
2023-05-11 09:04:29,SR401C5400,SR401C5400,1305.0,0.0,0.0,0.0,10,1176.5,1605.5,1,1305.0,1288.0,0.0,0.0,0.0,0.0,50
2023-05-11 09:04:29,SR401C5400,SR401C5400,1305.0,0.0,0.0,0.0,10,1176.5,1605.0,10,1305.0,1288.0,0.0,0.0,0.0,0.0,50
2023-05-11 09:04:33,SR401C5400,SR401C5400,1305.0,0.0,0.0,0.0,10,1176.5,1603.5,1,1305.0,1288.0,0.0,0.0,0.0,0.0,50
2023-05-11 09:04:33,SR401C5400,SR401C5400,1305.0,0.0,0.0,0.0,10,1176.5,1603.0,10,1305.0,1288.0,0.0,0.0,0.0,0.0,50
2023-05-11 09:04:34,SR401C5400,SR401C5400,1305.0,0.0,0.0,0.0,10,1176.5,1601.5,1,1305.0,1288.0,0.0,0.0,0.0,0.0,50
2023-05-11 09:04:34,SR401C5400,SR401C5400,1305.0,0.0,0.0,0.0,10,1176.5,1601.0,10,1305.0,1288.0,0.0,0.0,0.0,0.0,50
2023-05-11 09:04:35,SR401C5400,SR401C5400,1305.0,0.0,0.0,0.0,10,1176.5,1599.5,1,1305.0,1288.0,0.0,0.0,0.0,0.0,50
2023-05-11 09:04:35,SR401C5400,SR401C5400,1305.0,0.0,0.0,0.0,10,1176.5,1599.0,10,1305.0,1288.0,0.0,0.0,0.0,0.0,50
2023-05-11 09:04:41,SR401C5400,SR401C5400,1305.0,0.0,0.0,0.0,10,1176.5,1597.5,1,1305.0,1288.0,0.0,0.0,0.0,0.0,50
2023-05-11 09:04:41,SR401C5400,SR401C5400,1305.0,0.0,0.0,0.0,10,1176.5,1597.0,10,1305.0,1288.0,0.0,0.0,0.0,0.0,50
2023-05-11 09:04:44,SR401C5400,SR401C5400,1305.0,0.0,0.0,0.0,10,1176.5,1595.5,1,1305.0,1288.0,0.0,0.0,0.0,0.0,50
2023-05-11 09:04:44,SR401C5400,SR401C5400,1305.0,0.0,0.0,0.0,10,1176.5,1595.0,10,1305.0,1288.0,0.0,0.0,0.0,0.0,50
2023-05-11 09:04:48,SR401C5400,SR401C5400,1305.0,0.0,0.0,0.0,10,1176.5,1593.5,1,1305.0,1288.0,0.0,0.0,0.0,0.0,50
2023-05-11 09:04:48,SR401C5400,SR401C5400,1305.0,0.0,0.0,0.0,10,1176.5,1593.0,10,1305.0,1288.0,0.0,0.0,0.0,0.0,50
2023-05-11 09:04:49,SR401C5400,SR401C5400,1305.0,0.0,0.0,0.0,10,1176.5,1591.5,1,1305.0,1288.0,0.0,0.0,0.0,0.0,50
2023-05-11 09:04:49,SR401C5400,SR401C5400,1305.0,0.0,0.0,0.0,10,1176.5,1591.0,10,1305.0,1288.0,0.0,0.0,0.0,0.0,50
2023-05-11 09:04:56,SR401C5400,SR401C5400,1305.0,0.0,0.0,0.0,10,1176.5,1589.5,1,1305.0,1288.0,0.0,0.0,0.0,0.0,50
2023-05-11 09:04:56,SR401C5400,SR401C5400,1305.0,0.0,0.0,0.0,10,1176.5,1589.0,10,1305.0,1288.0,0.0,0.0,0.0,0.0,50
2023-05-11 09:05:07,SR401C5400,SR401C5400,1305.0,0.0,0.0,0.0,10,1176.5,1587.5,1,1305.0,1288.0,0.0,0.0,0.0,0.0,50
2023-05-11 09:05:07,SR401C5400,SR401C5400,1305.0,0.0,0.0,0.0,10,1176.5,1587.0,10,1305.0,1288.0,0.0,0.0,0.0,0.0,50
2023-05-11 09:05:08,SR401C5400,SR401C5400,1305.0,0.0,0.0,0.0,10,1176.5,1585.5,1,1305.0,1288.0,0.0,0.0,0.0,0.0,50
2023-05-11 09:05:08,SR401C5400,SR401C5400,1305.0,0.0,0.0,0.0,10,1176.5,1585.0,10,1305.0,1288.0,0.0,0.0,0.0,0.0,50
2023-05-11 09:05:09,SR401C5400,SR401C5400,1305.0,0.0,0.0,0.0,10,1176.5,1583.5,1,1305.0,1288.0,0.0,0.0,0.0,0.0,50
2023-05-11 09:05:09,SR401C5400,SR401C5400,1305.0,0.0,0.0,0.0,10,1176.5,1583.0,10,1305.0,1288.0,0.0,0.0,0.0,0.0,50
2023-05-11 09:05:13,SR401C5400,SR401C5400,1305.0,0.0,0.0,0.0,10,1176.5,1581.5,1,1305.0,1288.0,0.0,0.0,0.0,0.0,50
2023-05-11 09:05:13,SR401C5400,SR401C5400,1305.0,0.0,0.0,0.0,10,1176.5,1581.0,10,1305.0,1288.0,0.0,0.0,0.0,0.0,50
2023-05-11 09:05:14,SR401C5400,SR401C5400,1305.0,0.0,0.0,0.0,10,1176.5,1579.5,1,1305.0,1288.0,0.0,0.0,0.0,0.0,50
2023-05-11 09:05:14,SR401C5400,SR401C5400,1305.0,0.0,0.0,0.0,10,1176.5,1579.0,10,1305.0,1288.0,0.0,0.0,0.0,0.0,50
2023-05-11 09:05:18,SR401C5400,SR401C5400,1305.0,0.0,0.0,0.0,10,1176.5,1577.5,1,1305.0,1288.0,0.0,0.0,0.0,0.0,50
2023-05-11 09:05:18,SR401C5400,SR401C5400,1305.0,0.0,0.0,0.0,10,1176.5,1577.0,10,1305.0,1288.0,0.0,0.0,0.0,0.0,50
2023-05-11 09:05:19,SR401C5400,SR401C5400,1305.0,0.0,0.0,0.0,10,1176.5,1575.5,1,1305.0,1288.0,0.0,0.0,0.0,0.0,50
2023-05-11 09:05:19,SR401C5400,SR401C5400,1305.0,0.0,0.0,0.0,10,1176.5,1575.0,10,1305.0,1288.0,0.0,0.0,0.0,0.0,50
2023-05-11 09:05:22,SR401C5400,SR401C5400,1305.0,0.0,0.0,0.0,10,1176.5,1573.5,1,1305.0,1288.0,0.0,0.0,0.0,0.0,50
2023-05-11 09:05:22,SR401C5400,SR401C5400,1305.0,0.0,0.0,0.0,10,1176.5,1573.0,10,1305.0,1288.0,0.0,0.0,0.0,0.0,50
2023-05-11 09:05:23,SR401C5400,SR401C5400,1305.0,0.0,0.0,0.0,10,1176.5,1571.5,1,1305.0,1288.0,0.0,0.0,0.0,0.0,50
2023-05-11 09:05:23,SR401C5400,SR401C5400,1305.0,0.0,0.0,0.0,10,1176.5,1571.0,10,1305.0,1288.0,0.0,0.0,0.0,0.0,50
2023-05-11 09:05:24,SR401C5400,SR401C5400,1305.0,0.0,0.0,0.0,10,1176.5,1569.5,1,1305.0,1288.0,0.0,0.0,0.0,0.0,50
2023-05-11 09:05:24,SR401C5400,SR401C5400,1305.0,0.0,0.0,0.0,10,1176.5,1569.0,10,1305.0,1288.0,0.0,0.0,0.0,0.0,50
2023-05-11 09:05:25,SR401C5400,SR401C5400,1305.0,0.0,0.0,0.0,10,1176.5,1567.5,1,1305.0,1288.0,0.0,0.0,0.0,0.0,50
2023-05-11 09:05:25,SR401C5400,SR401C5400,1305.0,0.0,0.0,0.0,10,1176.5,1567.0,10,1305.0,1288.0,0.0,0.0,0.0,0.0,50
2023-05-11 09:05:30,SR401C5400,SR401C5400,1305.0,0.0,0.0,0.0,10,1176.5,1565.5,1,1305.0,1288.0,0.0,0.0,0.0,0.0,50
2023-05-11 09:05:30,SR401C5400,SR401C5400,1305.0,0.0,0.0,0.0,10,1176.5,1565.0,10,1305.0,1288.0,0.0,0.0,0.0,0.0,50
2023-05-11 09:05:31,SR401C5400,SR401C5400,1305.0,0.0,0.0,0.0,10,1176.5,1563.5,1,1305.0,1288.0,0.0,0.0,0.0,0.0,50
2023-05-11 09:05:31,SR401C5400,SR401C5400,1305.0,0.0,0.0,0.0,10,1176.5,1563.0,10,1305.0,1288.0,0.0,0.0,0.0,0.0,50
2023-05-11 09:05:32,SR401C5400,SR401C5400,1305.0,0.0,0.0,0.0,10,1176.5,1561.5,1,1305.0,1288.0,0.0,0.0,0.0,0.0,50
2023-05-11 09:05:32,SR401C5400,SR401C5400,1305.0,0.0,0.0,0.0,10,1176.5,1561.0,10,1305.0,1288.0,0.0,0.0,0.0,0.0,50
2023-05-11 09:05:36,SR401C5400,SR401C5400,1305.0,0.0,0.0,0.0,10,1176.5,1559.5,1,1305.0,1288.0,0.0,0.0,0.0,0.0,50
2023-05-11 09:05:36,SR401C5400,SR401C5400,1305.0,0.0,0.0,0.0,10,1176.5,1559.0,10,1305.0,1288.0,0.0,0.0,0.0,0.0,50
2023-05-11 09:05:37,SR401C5400,SR401C5400,1305.0,0.0,0.0,0.0,10,1176.5,1557.5,1,1305.0,1288.0,0.0,0.0,0.0,0.0,50
2023-05-11 09:05:37,SR401C5400,SR401C5400,1305.0,0.0,0.0,0.0,10,1176.5,1557.0,10,1305.0,1288.0,0.0,0.0,0.0,0.0,50
2023-05-11 09:05:38,SR401C5400,SR401C5400,1305.0,0.0,0.0,0.0,10,1176.5,1555.5,1,1305.0,1288.0,0.0,0.0,0.0,0.0,50
2023-05-11 09:05:38,SR401C5400,SR401C5400,1305.0,0.0,0.0,0.0,10,1176.5,1555.0,10,1305.0,1288.0,0.0,0.0,0.0,0.0,50
2023-05-11 09:05:40,SR401C5400,SR401C5400,1305.0,0.0,0.0,0.0,10,1176.5,1553.5,1,1305.0,1288.0,0.0,0.0,0.0,0.0,50
2023-05-11 09:05:40,SR401C5400,SR401C5400,1305.0,0.0,0.0,0.0,10,1176.5,1553.0,10,1305.0,1288.0,0.0,0.0,0.0,0.0,50
2023-05-11 09:05:43,SR401C5400,SR401C5400,1305.0,0.0,0.0,0.0,10,1176.5,1551.5,1,1305.0,1288.0,0.0,0.0,0.0,0.0,50
2023-05-11 09:05:43,SR401C5400,SR401C5400,1305.0,0.0,0.0,0.0,10,1176.5,1551.0,10,1305.0,1288.0,0.0,0.0,0.0,0.0,50
2023-05-11 09:05:44,SR401C5400,SR401C5400,1305.0,0.0,0.0,0.0,10,1176.5,1549.5,1,1305.0,1288.0,0.0,0.0,0.0,0.0,50
2023-05-11 09:05:44,SR401C5400,SR401C5400,1305.0,0.0,0.0,0.0,10,1176.5,1549.0,10,1305.0,1288.0,0.0,0.0,0.0,0.0,50
2023-05-11 09:05:45,SR401C5400,SR401C5400,1305.0,0.0,0.0,0.0,10,1176.5,1547.5,1,1305.0,1288.0,0.0,0.0,0.0,0.0,50
2023-05-11 09:05:45,SR401C5400,SR401C5400,1305.0,0.0,0.0,0.0,10,1176.5,1547.0,10,1305.0,1288.0,0.0,0.0,0.0,0.0,50
2023-05-11 09:05:47,SR401C5400,SR401C5400,1305.0,0.0,0.0,0.0,10,1176.5,1545.5,1,1305.0,1288.0,0.0,0.0,0.0,0.0,50
2023-05-11 09:05:47,SR401C5400,SR401C5400,1305.0,0.0,0.0,0.0,10,1176.5,1545.0,10,1305.0,1288.0,0.0,0.0,0.0,0.0,50
2023-05-11 09:05:48,SR401C5400,SR401C5400,1305.0,0.0,0.0,0.0,10,1176.5,1543.5,1,1305.0,1288.0,0.0,0.0,0.0,0.0,50
2023-05-11 09:05:48,SR401C5400,SR401C5400,1305.0,0.0,0.0,0.0,10,1176.5,1543.0,10,1305.0,1288.0,0.0,0.0,0.0,0.0,50
2023-05-11 09:05:48,SR401C5400,SR401C5400,1305.0,0.0,0.0,0.0,10,1176.5,1543.5,1,1305.0,1288.0,0.0,0.0,0.0,0.0,50
2023-05-11 09:05:48,SR401C5400,SR401C5400,1305.0,0.0,0.0,0.0,10,1176.5,1543.0,10,1305.0,1288.0,0.0,0.0,0.0,0.0,50
2023-05-11 09:24:14,SR401C5400,SR401C5400,1305.0,0.0,0.0,0.0,10,1176.5,1541.5,1,1305.0,1288.0,0.0,0.0,0.0,0.0,50
2023-05-11 09:24:15,SR401C5400,SR401C5400,1305.0,0.0,0.0,0.0,10,1176.5,1541.0,10,1305.0,1288.0,0.0,0.0,0.0,0.0,50
2023-05-11 09:24:16,SR401C5400,SR401C5400,1305.0,0.0,0.0,0.0,10,1176.5,1539.5,1,1305.0,1288.0,0.0,0.0,0.0,0.0,50
2023-05-11 09:24:16,SR401C5400,SR401C5400,1305.0,0.0,0.0,0.0,10,1176.5,1539.0,10,1305.0,1288.0,0.0,0.0,0.0,0.0,50
2023-05-11 09:24:17,SR401C5400,SR401C5400,1305.0,0.0,0.0,0.0,10,1176.5,1537.5,1,1305.0,1288.0,0.0,0.0,0.0,0.0,50
2023-05-11 09:24:17,SR401C5400,SR401C5400,1305.0,0.0,0.0,0.0,10,1176.5,1537.0,10,1305.0,1288.0,0.0,0.0,0.0,0.0,50
2023-05-11 09:24:18,SR401C5400,SR401C5400,1305.0,0.0,0.0,0.0,10,1176.5,1535.5,1,1305.0,1288.0,0.0,0.0,0.0,0.0,50
2023-05-11 09:24:18,SR401C5400,SR401C5400,1305.0,0.0,0.0,0.0,10,1176.5,1535.0,10,1305.0,1288.0,0.0,0.0,0.0,0.0,50
2023-05-11 09:54:14,SR401C5400,SR401C5400,1305.0,0.0,0.0,0.0,10,1176.5,1533.5,1,1305.0,1288.0,0.0,0.0,0.0,0.0,50
2023-05-11 09:54:15,SR401C5400,SR401C5400,1305.0,0.0,0.0,0.0,10,1176.5,1533.0,10,1305.0,1288.0,0.0,0.0,0.0,0.0,50
2023-05-11 09:54:15,SR401C5400,SR401C5400,1305.0,0.0,0.0,0.0,10,1176.5,1531.5,1,1305.0,1288.0,0.0,0.0,0.0,0.0,50
2023-05-11 09:54:16,SR401C5400,SR401C5400,1305.0,0.0,0.0,0.0,10,1176.5,1531.0,10,1305.0,1288.0,0.0,0.0,0.0,0.0,50
2023-05-11 09:54:16,SR401C5400,SR401C5400,1305.0,0.0,0.0,0.0,10,1176.5,1529.5,1,1305.0,1288.0,0.0,0.0,0.0,0.0,50
2023-05-11 09:54:17,SR401C5400,SR401C5400,1305.0,0.0,0.0,0.0,10,1176.5,1529.0,10,1305.0,1288.0,0.0,0.0,0.0,0.0,50
2023-05-11 09:54:17,SR401C5400,SR401C5400,1305.0,0.0,0.0,0.0,10,1176.5,1527.5,1,1305.0,1288.0,0.0,0.0,0.0,0.0,50
2023-05-11 09:54:18,SR401C5400,SR401C5400,1305.0,0.0,0.0,0.0,10,1176.5,1527.0,10,1305.0,1288.0,0.0,0.0,0.0,0.0,50
2023-05-11 10:04:14,SR401C5400,SR401C5400,1305.0,0.0,0.0,0.0,10,1176.5,1525.5,1,1305.0,1288.0,0.0,0.0,0.0,0.0,50
2023-05-11 10:04:15,SR401C5400,SR401C5400,1305.0,0.0,0.0,0.0,10,1176.5,1525.0,10,1305.0,1288.0,0.0,0.0,0.0,0.0,50
2023-05-11 10:04:15,SR401C5400,SR401C5400,1305.0,0.0,0.0,0.0,10,1176.5,1523.5,1,1305.0,1288.0,0.0,0.0,0.0,0.0,50
2023-05-11 10:04:16,SR401C5400,SR401C5400,1305.0,0.0,0.0,0.0,10,1176.5,1523.0,10,1305.0,1288.0,0.0,0.0,0.0,0.0,50
2023-05-11 10:04:16,SR401C5400,SR401C5400,1305.0,0.0,0.0,0.0,10,1176.5,1521.5,1,1305.0,1288.0,0.0,0.0,0.0,0.0,50
2023-05-11 10:04:17,SR401C5400,SR401C5400,1305.0,0.0,0.0,0.0,10,1176.5,1521.0,10,1305.0,1288.0,0.0,0.0,0.0,0.0,50
2023-05-11 10:04:17,SR401C5400,SR401C5400,1305.0,0.0,0.0,0.0,10,1176.5,1519.5,1,1305.0,1288.0,0.0,0.0,0.0,0.0,50
2023-05-11 10:04:18,SR401C5400,SR401C5400,1305.0,0.0,0.0,0.0,10,1176.5,1519.0,10,1305.0,1288.0,0.0,0.0,0.0,0.0,50
2023-05-11 10:04:18,SR401C5400,SR401C5400,1305.0,0.0,0.0,0.0,10,1176.5,1517.5,1,1305.0,1288.0,0.0,0.0,0.0,0.0,50
2023-05-11 10:04:19,SR401C5400,SR401C5400,1305.0,0.0,0.0,0.0,10,1176.5,1517.0,10,1305.0,1288.0,0.0,0.0,0.0,0.0,50
2023-05-11 10:04:19,SR401C5400,SR401C5400,1305.0,0.0,0.0,0.0,10,1176.5,1515.5,1,1305.0,1288.0,0.0,0.0,0.0,0.0,50
2023-05-11 10:04:20,SR401C5400,SR401C5400,1305.0,0.0,0.0,0.0,10,1176.5,1515.0,10,1305.0,1288.0,0.0,0.0,0.0,0.0,50
2023-05-11 10:04:20,SR401C5400,SR401C5400,1305.0,0.0,0.0,0.0,10,1176.5,1513.5,1,1305.0,1288.0,0.0,0.0,0.0,0.0,50
2023-05-11 10:04:21,SR401C5400,SR401C5400,1305.0,0.0,0.0,0.0,10,1176.5,1513.0,10,1305.0,1288.0,0.0,0.0,0.0,0.0,50
2023-05-11 10:04:21,SR401C5400,SR401C5400,1305.0,0.0,0.0,0.0,10,1176.5,1511.5,1,1305.0,1288.0,0.0,0.0,0.0,0.0,50
2023-05-11 10:04:22,SR401C5400,SR401C5400,1305.0,0.0,0.0,0.0,10,1176.5,1511.0,10,1305.0,1288.0,0.0,0.0,0.0,0.0,50
2023-05-11 10:07:54,SR401C5400,SR401C5400,1305.0,0.0,0.0,0.0,1,1177.0,1511.0,10,1305.0,1288.0,0.0,0.0,0.0,0.0,50
2023-05-11 10:07:54,SR401C5400,SR401C5400,1305.0,0.0,0.0,0.0,10,1177.5,1509.5,1,1305.0,1288.0,0.0,0.0,0.0,0.0,50
2023-05-11 10:07:54,SR401C5400,SR401C5400,1305.0,0.0,0.0,0.0,10,1177.5,1509.0,10,1305.0,1288.0,0.0,0.0,0.0,0.0,50
2023-05-11 10:07:55,SR401C5400,SR401C5400,1305.0,0.0,0.0,0.0,10,1177.5,1507.5,1,1305.0,1288.0,0.0,0.0,0.0,0.0,50
2023-05-11 10:07:55,SR401C5400,SR401C5400,1305.0,0.0,0.0,0.0,10,1177.5,1507.0,10,1305.0,1288.0,0.0,0.0,0.0,0.0,50
2023-05-11 10:07:56,SR401C5400,SR401C5400,1305.0,0.0,0.0,0.0,10,1177.5,1505.5,1,1305.0,1288.0,0.0,0.0,0.0,0.0,50
2023-05-11 10:07:56,SR401C5400,SR401C5400,1305.0,0.0,0.0,0.0,10,1177.5,1505.0,10,1305.0,1288.0,0.0,0.0,0.0,0.0,50
2023-05-11 10:07:57,SR401C5400,SR401C5400,1305.0,0.0,0.0,0.0,10,1177.5,1503.5,1,1305.0,1288.0,0.0,0.0,0.0,0.0,50
2023-05-11 10:07:57,SR401C5400,SR401C5400,1305.0,0.0,0.0,0.0,10,1177.5,1503.0,10,1305.0,1288.0,0.0,0.0,0.0,0.0,50
2023-05-11 10:08:09,SR401C5400,SR401C5400,1305.0,0.0,0.0,0.0,1,1178.0,1503.0,10,1305.0,1288.0,0.0,0.0,0.0,0.0,50
2023-05-11 10:08:09,SR401C5400,SR401C5400,1305.0,0.0,0.0,0.0,10,1178.5,1503.0,10,1305.0,1288.0,0.0,0.0,0.0,0.0,50
2023-05-11 10:08:28,SR401C5400,SR401C5400,1305.0,0.0,0.0,0.0,1,1188.0,1503.0,10,1305.0,1288.0,0.0,0.0,0.0,0.0,50
2023-05-11 10:08:28,SR401C5400,SR401C5400,1305.0,0.0,0.0,0.0,10,1188.5,1503.0,10,1305.0,1288.0,0.0,0.0,0.0,0.0,50
2023-05-11 10:09:56,SR401C5400,SR401C5400,1305.0,0.0,0.0,0.0,1,1199.0,1503.0,10,1305.0,1288.0,0.0,0.0,0.0,0.0,50
2023-05-11 10:09:57,SR401C5400,SR401C5400,1305.0,0.0,0.0,0.0,10,1199.5,1501.5,1,1305.0,1288.0,0.0,0.0,0.0,0.0,50
2023-05-11 10:09:57,SR401C5400,SR401C5400,1305.0,0.0,0.0,0.0,10,1199.5,1501.0,10,1305.0,1288.0,0.0,0.0,0.0,0.0,50
2023-05-11 10:09:58,SR401C5400,SR401C5400,1305.0,0.0,0.0,0.0,10,1199.5,1499.5,1,1305.0,1288.0,0.0,0.0,0.0,0.0,50
2023-05-11 10:09:58,SR401C5400,SR401C5400,1305.0,0.0,0.0,0.0,10,1199.5,1499.0,10,1305.0,1288.0,0.0,0.0,0.0,0.0,50
2023-05-11 10:09:59,SR401C5400,SR401C5400,1305.0,0.0,0.0,0.0,10,1199.5,1497.5,1,1305.0,1288.0,0.0,0.0,0.0,0.0,50
2023-05-11 10:09:59,SR401C5400,SR401C5400,1305.0,0.0,0.0,0.0,10,1199.5,1497.0,10,1305.0,1288.0,0.0,0.0,0.0,0.0,50
2023-05-11 10:10:00,SR401C5400,SR401C5400,1305.0,0.0,0.0,0.0,10,1199.5,1495.5,1,1305.0,1288.0,0.0,0.0,0.0,0.0,50
2023-05-11 10:10:00,SR401C5400,SR401C5400,1305.0,0.0,0.0,0.0,10,1199.5,1495.0,10,1305.0,1288.0,0.0,0.0,0.0,0.0,50
2023-05-11 10:10:01,SR401C5400,SR401C5400,1305.0,0.0,0.0,0.0,10,1199.5,1493.5,1,1305.0,1288.0,0.0,0.0,0.0,0.0,50
2023-05-11 10:10:01,SR401C5400,SR401C5400,1305.0,0.0,0.0,0.0,10,1199.5,1493.0,10,1305.0,1288.0,0.0,0.0,0.0,0.0,50
2023-05-11 10:10:13,SR401C5400,SR401C5400,1305.0,0.0,0.0,0.0,1,1201.0,1493.0,10,1305.0,1288.0,0.0,0.0,0.0,0.0,50
2023-05-11 10:10:13,SR401C5400,SR401C5400,1305.0,0.0,0.0,0.0,10,1201.5,1493.0,10,1305.0,1288.0,0.0,0.0,0.0,0.0,50
2023-05-11 10:10:30,SR401C5400,SR401C5400,1305.0,0.0,0.0,0.0,1,1218.0,1493.0,10,1305.0,1288.0,0.0,0.0,0.0,0.0,50
2023-05-11 10:10:30,SR401C5400,SR401C5400,1305.0,0.0,0.0,0.0,10,1218.5,1493.0,10,1305.0,1288.0,0.0,0.0,0.0,0.0,50
2023-05-11 10:14:33,SR401C5400,SR401C5400,1305.0,0.0,0.0,0.0,1,1218.0,0.0,0,1305.0,1288.0,0.0,0.0,0.0,0.0,50
2023-05-11 10:30:05,SR401C5400,SR401C5400,1305.0,0.0,0.0,0.0,10,1218.5,0.0,0,1305.0,1288.0,0.0,0.0,0.0,0.0,50
2023-05-11 10:32:02,SR401C5400,SR401C5400,1305.0,0.0,0.0,0.0,10,1218.5,1705.0,10,1305.0,1288.0,0.0,0.0,0.0,0.0,50
2023-05-11 10:32:03,SR401C5400,SR401C5400,1305.0,0.0,0.0,0.0,10,1218.5,1703.5,1,1305.0,1288.0,0.0,0.0,0.0,0.0,50
2023-05-11 10:32:03,SR401C5400,SR401C5400,1305.0,0.0,0.0,0.0,10,1218.5,1703.0,10,1305.0,1288.0,0.0,0.0,0.0,0.0,50
2023-05-11 10:32:04,SR401C5400,SR401C5400,1305.0,0.0,0.0,0.0,10,1218.5,1701.5,1,1305.0,1288.0,0.0,0.0,0.0,0.0,50
2023-05-11 10:32:04,SR401C5400,SR401C5400,1305.0,0.0,0.0,0.0,10,1218.5,1701.0,10,1305.0,1288.0,0.0,0.0,0.0,0.0,50
2023-05-11 10:32:09,SR401C5400,SR401C5400,1305.0,0.0,0.0,0.0,10,1218.5,1699.5,1,1305.0,1288.0,0.0,0.0,0.0,0.0,50
2023-05-11 10:32:09,SR401C5400,SR401C5400,1305.0,0.0,0.0,0.0,10,1218.5,1699.0,10,1305.0,1288.0,0.0,0.0,0.0,0.0,50
2023-05-11 10:32:12,SR401C5400,SR401C5400,1305.0,0.0,0.0,0.0,10,1218.5,1697.5,1,1305.0,1288.0,0.0,0.0,0.0,0.0,50
2023-05-11 10:32:12,SR401C5400,SR401C5400,1305.0,0.0,0.0,0.0,10,1218.5,1697.0,10,1305.0,1288.0,0.0,0.0,0.0,0.0,50
2023-05-11 10:32:15,SR401C5400,SR401C5400,1305.0,0.0,0.0,0.0,10,1218.5,1695.5,1,1305.0,1288.0,0.0,0.0,0.0,0.0,50
2023-05-11 10:32:15,SR401C5400,SR401C5400,1305.0,0.0,0.0,0.0,10,1218.5,1695.0,10,1305.0,1288.0,0.0,0.0,0.0,0.0,50
2023-05-11 10:32:15,SR401C5400,SR401C5400,1305.0,0.0,0.0,0.0,10,1218.5,1695.5,1,1305.0,1288.0,0.0,0.0,0.0,0.0,50
2023-05-11 10:32:16,SR401C5400,SR401C5400,1305.0,0.0,0.0,0.0,10,1218.5,1693.5,1,1305.0,1288.0,0.0,0.0,0.0,0.0,50
2023-05-11 10:32:16,SR401C5400,SR401C5400,1305.0,0.0,0.0,0.0,10,1218.5,1693.0,10,1305.0,1288.0,0.0,0.0,0.0,0.0,50
2023-05-11 10:32:16,SR401C5400,SR401C5400,1305.0,0.0,0.0,0.0,10,1218.5,1693.5,1,1305.0,1288.0,0.0,0.0,0.0,0.0,50
2023-05-11 10:32:17,SR401C5400,SR401C5400,1305.0,0.0,0.0,0.0,10,1218.5,1691.5,1,1305.0,1288.0,0.0,0.0,0.0,0.0,50
2023-05-11 10:32:17,SR401C5400,SR401C5400,1305.0,0.0,0.0,0.0,10,1218.5,1691.0,10,1305.0,1288.0,0.0,0.0,0.0,0.0,50
2023-05-11 10:32:18,SR401C5400,SR401C5400,1305.0,0.0,0.0,0.0,10,1218.5,1689.5,1,1305.0,1288.0,0.0,0.0,0.0,0.0,50
2023-05-11 10:32:18,SR401C5400,SR401C5400,1305.0,0.0,0.0,0.0,10,1218.5,1689.0,10,1305.0,1288.0,0.0,0.0,0.0,0.0,50
2023-05-11 10:32:19,SR401C5400,SR401C5400,1305.0,0.0,0.0,0.0,10,1218.5,1687.5,1,1305.0,1288.0,0.0,0.0,0.0,0.0,50
2023-05-11 10:32:19,SR401C5400,SR401C5400,1305.0,0.0,0.0,0.0,10,1218.5,1687.0,10,1305.0,1288.0,0.0,0.0,0.0,0.0,50
2023-05-11 10:32:20,SR401C5400,SR401C5400,1305.0,0.0,0.0,0.0,10,1218.5,1685.5,1,1305.0,1288.0,0.0,0.0,0.0,0.0,50
2023-05-11 10:32:20,SR401C5400,SR401C5400,1305.0,0.0,0.0,0.0,10,1218.5,1685.0,10,1305.0,1288.0,0.0,0.0,0.0,0.0,50
2023-05-11 10:32:21,SR401C5400,SR401C5400,1305.0,0.0,0.0,0.0,10,1218.5,1683.5,1,1305.0,1288.0,0.0,0.0,0.0,0.0,50
2023-05-11 10:32:21,SR401C5400,SR401C5400,1305.0,0.0,0.0,0.0,10,1218.5,1683.0,10,1305.0,1288.0,0.0,0.0,0.0,0.0,50
2023-05-11 10:32:22,SR401C5400,SR401C5400,1305.0,0.0,0.0,0.0,10,1218.5,1681.5,1,1305.0,1288.0,0.0,0.0,0.0,0.0,50
2023-05-11 10:32:22,SR401C5400,SR401C5400,1305.0,0.0,0.0,0.0,10,1218.5,1681.0,10,1305.0,1288.0,0.0,0.0,0.0,0.0,50
2023-05-11 10:32:23,SR401C5400,SR401C5400,1305.0,0.0,0.0,0.0,10,1218.5,1679.5,1,1305.0,1288.0,0.0,0.0,0.0,0.0,50
2023-05-11 10:32:23,SR401C5400,SR401C5400,1305.0,0.0,0.0,0.0,10,1218.5,1679.0,10,1305.0,1288.0,0.0,0.0,0.0,0.0,50
2023-05-11 10:32:24,SR401C5400,SR401C5400,1305.0,0.0,0.0,0.0,10,1218.5,1677.5,1,1305.0,1288.0,0.0,0.0,0.0,0.0,50
2023-05-11 10:32:24,SR401C5400,SR401C5400,1305.0,0.0,0.0,0.0,10,1218.5,1677.0,10,1305.0,1288.0,0.0,0.0,0.0,0.0,50
2023-05-11 10:32:25,SR401C5400,SR401C5400,1305.0,0.0,0.0,0.0,10,1218.5,1675.5,1,1305.0,1288.0,0.0,0.0,0.0,0.0,50
2023-05-11 10:32:25,SR401C5400,SR401C5400,1305.0,0.0,0.0,0.0,10,1218.5,1675.0,10,1305.0,1288.0,0.0,0.0,0.0,0.0,50
2023-05-11 10:32:26,SR401C5400,SR401C5400,1305.0,0.0,0.0,0.0,10,1218.5,1673.5,1,1305.0,1288.0,0.0,0.0,0.0,0.0,50
2023-05-11 10:32:26,SR401C5400,SR401C5400,1305.0,0.0,0.0,0.0,10,1218.5,1673.0,10,1305.0,1288.0,0.0,0.0,0.0,0.0,50
2023-05-11 10:32:27,SR401C5400,SR401C5400,1305.0,0.0,0.0,0.0,10,1218.5,1671.5,1,1305.0,1288.0,0.0,0.0,0.0,0.0,50
2023-05-11 10:32:27,SR401C5400,SR401C5400,1305.0,0.0,0.0,0.0,10,1218.5,1671.0,10,1305.0,1288.0,0.0,0.0,0.0,0.0,50
2023-05-11 10:35:55,SR401C5400,SR401C5400,1288.0,1.0,1288.0,0.0,2,1090.0,1671.0,10,1305.0,1288.0,1288.0,1288.0,1.0,1288.0,50
2023-05-11 10:35:56,SR401C5400,SR401C5400,1288.0,0.0,0.0,0.0,11,1090.5,1274.0,31,1305.0,1288.0,1288.0,1288.0,1.0,1288.0,50
2023-05-11 10:35:56,SR401C5400,SR401C5400,1288.0,0.0,0.0,0.0,11,1090.5,1273.5,10,1305.0,1288.0,1288.0,1288.0,1.0,1288.0,50
2023-05-11 10:35:58,SR401C5400,SR401C5400,1288.0,0.0,0.0,0.0,1,1148.5,1273.5,10,1305.0,1288.0,1288.0,1288.0,1.0,1288.0,50
2023-05-11 10:35:59,SR401C5400,SR401C5400,1288.0,0.0,0.0,0.0,1,1207.0,1273.5,10,1305.0,1288.0,1288.0,1288.0,1.0,1288.0,50
2023-05-11 10:35:59,SR401C5400,SR401C5400,1288.0,0.0,0.0,0.0,10,1208.0,1273.5,10,1305.0,1288.0,1288.0,1288.0,1.0,1288.0,50
2023-05-11 10:36:00,SR401C5400,SR401C5400,1288.0,0.0,0.0,0.0,1,1208.5,1273.5,10,1305.0,1288.0,1288.0,1288.0,1.0,1288.0,50
2023-05-11 10:36:00,SR401C5400,SR401C5400,1288.0,0.0,0.0,0.0,10,1209.0,1273.5,10,1305.0,1288.0,1288.0,1288.0,1.0,1288.0,50
2023-05-11 10:36:01,SR401C5400,SR401C5400,1288.0,0.0,0.0,0.0,1,1209.5,1273.5,10,1305.0,1288.0,1288.0,1288.0,1.0,1288.0,50
2023-05-11 10:36:01,SR401C5400,SR401C5400,1288.0,0.0,0.0,0.0,10,1210.0,1273.5,10,1305.0,1288.0,1288.0,1288.0,1.0,1288.0,50
2023-05-11 10:36:02,SR401C5400,SR401C5400,1288.0,0.0,0.0,0.0,1,1210.5,1273.5,10,1305.0,1288.0,1288.0,1288.0,1.0,1288.0,50
2023-05-11 10:36:02,SR401C5400,SR401C5400,1288.0,0.0,0.0,0.0,10,1211.0,1273.5,10,1305.0,1288.0,1288.0,1288.0,1.0,1288.0,50
2023-05-11 10:36:03,SR401C5400,SR401C5400,1288.0,0.0,0.0,0.0,1,1211.5,1273.5,10,1305.0,1288.0,1288.0,1288.0,1.0,1288.0,50
2023-05-11 10:36:03,SR401C5400,SR401C5400,1288.0,0.0,0.0,0.0,10,1212.0,1273.5,10,1305.0,1288.0,1288.0,1288.0,1.0,1288.0,50
2023-05-11 10:36:04,SR401C5400,SR401C5400,1288.0,0.0,0.0,0.0,1,1212.5,1273.5,10,1305.0,1288.0,1288.0,1288.0,1.0,1288.0,50
2023-05-11 10:36:04,SR401C5400,SR401C5400,1288.0,0.0,0.0,0.0,10,1213.0,1273.5,10,1305.0,1288.0,1288.0,1288.0,1.0,1288.0,50
2023-05-11 10:36:05,SR401C5400,SR401C5400,1288.0,0.0,0.0,0.0,1,1213.5,1273.5,10,1305.0,1288.0,1288.0,1288.0,1.0,1288.0,50
2023-05-11 10:36:06,SR401C5400,SR401C5400,1288.0,0.0,0.0,0.0,10,1214.0,1273.5,10,1305.0,1288.0,1288.0,1288.0,1.0,1288.0,50
2023-05-11 10:36:06,SR401C5400,SR401C5400,1288.0,0.0,0.0,0.0,1,1214.5,1273.5,10,1305.0,1288.0,1288.0,1288.0,1.0,1288.0,50
2023-05-11 10:36:07,SR401C5400,SR401C5400,1288.0,0.0,0.0,0.0,10,1215.0,1273.5,10,1305.0,1288.0,1288.0,1288.0,1.0,1288.0,50
2023-05-11 10:36:15,SR401C5400,SR401C5400,1288.0,0.0,0.0,0.0,10,1215.0,1274.0,31,1305.0,1288.0,1288.0,1288.0,1.0,1288.0,50
2023-05-11 10:36:38,SR401C5400,SR401C5400,1288.0,0.0,0.0,0.0,10,1215.0,1303.5,1,1305.0,1288.0,1288.0,1288.0,1.0,1288.0,50
2023-05-11 10:36:38,SR401C5400,SR401C5400,1288.0,0.0,0.0,0.0,10,1215.0,1303.0,10,1305.0,1288.0,1288.0,1288.0,1.0,1288.0,50
2023-05-11 10:37:56,SR401C5400,SR401C5400,1288.0,0.0,0.0,0.0,10,1215.0,1288.5,1,1305.0,1288.0,1288.0,1288.0,1.0,1288.0,50
2023-05-11 10:37:57,SR401C5400,SR401C5400,1288.0,0.0,0.0,0.0,10,1215.0,1288.0,10,1305.0,1288.0,1288.0,1288.0,1.0,1288.0,50
2023-05-11 10:48:34,SR401C5400,SR401C5400,1288.0,0.0,0.0,0.0,10,1215.0,1303.0,10,1305.0,1288.0,1288.0,1288.0,1.0,1288.0,50
2023-05-11 10:49:32,SR401C5400,SR401C5400,1288.0,0.0,0.0,0.0,1,1238.5,1303.0,10,1305.0,1288.0,1288.0,1288.0,1.0,1288.0,50
2023-05-11 10:49:32,SR401C5400,SR401C5400,1288.0,0.0,0.0,0.0,10,1239.0,1303.0,10,1305.0,1288.0,1288.0,1288.0,1.0,1288.0,50
2023-05-11 10:49:42,SR401C5400,SR401C5400,1288.0,0.0,0.0,0.0,10,1239.0,1340.0,1,1305.0,1288.0,1288.0,1288.0,1.0,1288.0,50
2023-05-11 10:49:42,SR401C5400,SR401C5400,1288.0,0.0,0.0,0.0,10,1239.0,1339.5,10,1305.0,1288.0,1288.0,1288.0,1.0,1288.0,50
2023-05-11 10:54:13,SR401C5400,SR401C5400,1288.0,0.0,0.0,0.0,10,1239.0,1339.0,1,1305.0,1288.0,1288.0,1288.0,1.0,1288.0,50
2023-05-11 10:54:14,SR401C5400,SR401C5400,1288.0,0.0,0.0,0.0,10,1239.0,1338.5,10,1305.0,1288.0,1288.0,1288.0,1.0,1288.0,50
2023-05-11 10:54:49,SR401C5400,SR401C5400,1288.0,0.0,0.0,0.0,10,1239.0,1333.0,1,1305.0,1288.0,1288.0,1288.0,1.0,1288.0,50
2023-05-11 10:54:49,SR401C5400,SR401C5400,1288.0,0.0,0.0,0.0,10,1239.0,1332.5,10,1305.0,1288.0,1288.0,1288.0,1.0,1288.0,50
2023-05-11 10:56:52,SR401C5400,SR401C5400,1288.0,0.0,0.0,0.0,10,1239.0,1329.5,1,1305.0,1288.0,1288.0,1288.0,1.0,1288.0,50
2023-05-11 10:56:53,SR401C5400,SR401C5400,1288.0,0.0,0.0,0.0,10,1239.0,1329.0,10,1305.0,1288.0,1288.0,1288.0,1.0,1288.0,50
2023-05-11 10:57:14,SR401C5400,SR401C5400,1288.0,0.0,0.0,0.0,10,1239.0,1319.5,1,1305.0,1288.0,1288.0,1288.0,1.0,1288.0,50
2023-05-11 10:57:15,SR401C5400,SR401C5400,1288.0,0.0,0.0,0.0,10,1239.0,1319.0,10,1305.0,1288.0,1288.0,1288.0,1.0,1288.0,50
2023-05-11 10:57:26,SR401C5400,SR401C5400,1288.0,0.0,0.0,0.0,10,1239.0,1316.5,1,1305.0,1288.0,1288.0,1288.0,1.0,1288.0,50
2023-05-11 10:57:26,SR401C5400,SR401C5400,1288.0,0.0,0.0,0.0,10,1239.0,1316.0,10,1305.0,1288.0,1288.0,1288.0,1.0,1288.0,50
2023-05-11 10:57:36,SR401C5400,SR401C5400,1288.0,0.0,0.0,0.0,10,1239.0,1313.0,1,1305.0,1288.0,1288.0,1288.0,1.0,1288.0,50
2023-05-11 10:57:36,SR401C5400,SR401C5400,1288.0,0.0,0.0,0.0,10,1239.0,1312.5,10,1305.0,1288.0,1288.0,1288.0,1.0,1288.0,50
2023-05-11 10:57:45,SR401C5400,SR401C5400,1288.0,0.0,0.0,0.0,10,1239.0,1308.5,1,1305.0,1288.0,1288.0,1288.0,1.0,1288.0,50
2023-05-11 10:57:54,SR401C5400,SR401C5400,1288.0,0.0,0.0,0.0,10,1239.0,1308.5,10,1305.0,1288.0,1288.0,1288.0,1.0,1288.0,50
2023-05-11 10:58:09,SR401C5400,SR401C5400,1288.0,0.0,0.0,0.0,10,1239.0,1308.0,1,1305.0,1288.0,1288.0,1288.0,1.0,1288.0,50
2023-05-11 10:59:17,SR401C5400,SR401C5400,1288.0,0.0,0.0,0.0,10,1239.0,1307.5,10,1305.0,1288.0,1288.0,1288.0,1.0,1288.0,50
2023-05-11 11:00:07,SR401C5400,SR401C5400,1288.0,0.0,0.0,0.0,10,1239.0,1308.0,1,1305.0,1288.0,1288.0,1288.0,1.0,1288.0,50
2023-05-11 11:00:08,SR401C5400,SR401C5400,1288.0,0.0,0.0,0.0,10,1239.0,1308.0,11,1305.0,1288.0,1288.0,1288.0,1.0,1288.0,50
2023-05-11 11:00:12,SR401C5400,SR401C5400,1288.0,0.0,0.0,0.0,10,1239.0,1308.0,1,1305.0,1288.0,1288.0,1288.0,1.0,1288.0,50
2023-05-11 11:05:06,SR401C5400,SR401C5400,1308.0,1.0,1308.0,0.0,10,1239.0,1340.0,1,1305.0,1288.0,1308.0,1288.0,2.0,2596.0,50
2023-05-11 11:05:07,SR401C5400,SR401C5400,1308.0,0.0,0.0,0.0,1,1239.5,1339.5,10,1305.0,1288.0,1308.0,1288.0,2.0,2596.0,50
2023-05-11 11:05:07,SR401C5400,SR401C5400,1308.0,0.0,0.0,0.0,10,1240.0,1339.5,10,1305.0,1288.0,1308.0,1288.0,2.0,2596.0,50
2023-05-11 11:05:07,SR401C5400,SR401C5400,1308.0,0.0,0.0,0.0,1,1240.5,1339.5,10,1305.0,1288.0,1308.0,1288.0,2.0,2596.0,50
2023-05-11 11:05:08,SR401C5400,SR401C5400,1308.0,0.0,0.0,0.0,10,1241.0,1339.5,10,1305.0,1288.0,1308.0,1288.0,2.0,2596.0,50
2023-05-11 11:05:08,SR401C5400,SR401C5400,1308.0,0.0,0.0,0.0,1,1241.5,1339.5,10,1305.0,1288.0,1308.0,1288.0,2.0,2596.0,50
2023-05-11 11:05:09,SR401C5400,SR401C5400,1308.0,0.0,0.0,0.0,10,1242.0,1339.5,10,1305.0,1288.0,1308.0,1288.0,2.0,2596.0,50
2023-05-11 11:05:09,SR401C5400,SR401C5400,1308.0,0.0,0.0,0.0,1,1242.5,1339.5,10,1305.0,1288.0,1308.0,1288.0,2.0,2596.0,50
2023-05-11 11:05:10,SR401C5400,SR401C5400,1308.0,0.0,0.0,0.0,10,1243.0,1339.5,10,1305.0,1288.0,1308.0,1288.0,2.0,2596.0,50
2023-05-11 11:05:10,SR401C5400,SR401C5400,1308.0,0.0,0.0,0.0,1,1243.5,1339.5,10,1305.0,1288.0,1308.0,1288.0,2.0,2596.0,50
2023-05-11 11:05:11,SR401C5400,SR401C5400,1308.0,0.0,0.0,0.0,10,1244.0,1339.5,10,1305.0,1288.0,1308.0,1288.0,2.0,2596.0,50
2023-05-11 11:05:11,SR401C5400,SR401C5400,1308.0,0.0,0.0,0.0,1,1244.5,1339.5,10,1305.0,1288.0,1308.0,1288.0,2.0,2596.0,50
2023-05-11 11:05:12,SR401C5400,SR401C5400,1308.0,0.0,0.0,0.0,10,1245.0,1339.5,10,1305.0,1288.0,1308.0,1288.0,2.0,2596.0,50
2023-05-11 11:05:12,SR401C5400,SR401C5400,1308.0,0.0,0.0,0.0,1,1245.5,1339.5,10,1305.0,1288.0,1308.0,1288.0,2.0,2596.0,50
2023-05-11 11:05:13,SR401C5400,SR401C5400,1308.0,0.0,0.0,0.0,10,1246.0,1339.5,10,1305.0,1288.0,1308.0,1288.0,2.0,2596.0,50
2023-05-11 11:05:13,SR401C5400,SR401C5400,1308.0,0.0,0.0,0.0,1,1246.5,1339.5,10,1305.0,1288.0,1308.0,1288.0,2.0,2596.0,50
2023-05-11 11:05:14,SR401C5400,SR401C5400,1308.0,0.0,0.0,0.0,10,1247.0,1339.5,10,1305.0,1288.0,1308.0,1288.0,2.0,2596.0,50
2023-05-11 11:05:14,SR401C5400,SR401C5400,1308.0,0.0,0.0,0.0,1,1247.5,1339.5,10,1305.0,1288.0,1308.0,1288.0,2.0,2596.0,50
2023-05-11 11:05:15,SR401C5400,SR401C5400,1308.0,0.0,0.0,0.0,10,1248.0,1339.5,10,1305.0,1288.0,1308.0,1288.0,2.0,2596.0,50
2023-05-11 11:05:15,SR401C5400,SR401C5400,1308.0,0.0,0.0,0.0,1,1248.5,1339.5,10,1305.0,1288.0,1308.0,1288.0,2.0,2596.0,50
2023-05-11 11:05:16,SR401C5400,SR401C5400,1308.0,0.0,0.0,0.0,10,1249.0,1339.5,10,1305.0,1288.0,1308.0,1288.0,2.0,2596.0,50
2023-05-11 11:05:16,SR401C5400,SR401C5400,1308.0,0.0,0.0,0.0,1,1249.5,1339.5,10,1305.0,1288.0,1308.0,1288.0,2.0,2596.0,50
2023-05-11 11:05:17,SR401C5400,SR401C5400,1308.0,0.0,0.0,0.0,10,1250.0,1339.5,10,1305.0,1288.0,1308.0,1288.0,2.0,2596.0,50
2023-05-11 11:05:39,SR401C5400,SR401C5400,1308.0,0.0,0.0,0.0,1,1250.5,1339.5,10,1305.0,1288.0,1308.0,1288.0,2.0,2596.0,50
2023-05-11 11:05:39,SR401C5400,SR401C5400,1308.0,0.0,0.0,0.0,10,1251.0,1339.5,10,1305.0,1288.0,1308.0,1288.0,2.0,2596.0,50
2023-05-11 11:14:04,SR401C5400,SR401C5400,1308.0,0.0,0.0,0.0,1,1267.5,1339.5,10,1305.0,1288.0,1308.0,1288.0,2.0,2596.0,50
2023-05-11 11:14:05,SR401C5400,SR401C5400,1308.0,0.0,0.0,0.0,10,1268.0,1339.5,10,1305.0,1288.0,1308.0,1288.0,2.0,2596.0,50
2023-05-11 11:14:08,SR401C5400,SR401C5400,1308.0,0.0,0.0,0.0,10,1268.0,1339.0,1,1305.0,1288.0,1308.0,1288.0,2.0,2596.0,50
2023-05-11 11:14:08,SR401C5400,SR401C5400,1308.0,0.0,0.0,0.0,10,1268.0,1338.5,10,1305.0,1288.0,1308.0,1288.0,2.0,2596.0,50
2023-05-11 11:26:37,SR401C5400,SR401C5400,1308.0,0.0,0.0,0.0,10,1268.0,1338.0,1,1305.0,1288.0,1308.0,1288.0,2.0,2596.0,50
2023-05-11 11:26:38,SR401C5400,SR401C5400,1308.0,0.0,0.0,0.0,10,1268.0,1337.5,10,1305.0,1288.0,1308.0,1288.0,2.0,2596.0,50
2023-05-11 11:28:01,SR401C5400,SR401C5400,1308.0,0.0,0.0,0.0,10,1268.0,1333.0,1,1305.0,1288.0,1308.0,1288.0,2.0,2596.0,50
2023-05-11 11:28:02,SR401C5400,SR401C5400,1308.0,0.0,0.0,0.0,10,1268.0,1332.5,10,1305.0,1288.0,1308.0,1288.0,2.0,2596.0,50
2023-05-11 11:29:33,SR401C5400,SR401C5400,1308.0,0.0,0.0,0.0,1,1267.5,1340.0,1,1305.0,1288.0,1308.0,1288.0,2.0,2596.0,50
2023-05-11 11:29:37,SR401C5400,SR401C5400,1308.0,0.0,0.0,0.0,10,1268.0,1339.5,10,1305.0,1288.0,1308.0,1288.0,2.0,2596.0,50
2023-05-11 11:29:39,SR401C5400,SR401C5400,1308.0,0.0,0.0,0.0,1,1267.5,1340.0,1,1305.0,1288.0,1308.0,1288.0,2.0,2596.0,50
2023-05-11 11:29:46,SR401C5400,SR401C5400,1308.0,0.0,0.0,0.0,1,1267.5,1450.5,1,1305.0,1288.0,1308.0,1288.0,2.0,2596.0,50
2023-05-11 13:30:00,SR401C5400,SR401C5400,1308.0,0.0,0.0,0.0,1,1185.0,1450.5,1,1305.0,1288.0,1308.0,1288.0,2.0,2596.0,50
2023-05-11 13:30:09,SR401C5400,SR401C5400,1308.0,0.0,0.0,0.0,1,1220.0,1415.5,1,1305.0,1288.0,1308.0,1288.0,2.0,2596.0,50
2023-05-11 13:30:10,SR401C5400,SR401C5400,1308.0,0.0,0.0,0.0,10,1220.5,1415.0,10,1305.0,1288.0,1308.0,1288.0,2.0,2596.0,50
2023-05-11 13:30:10,SR401C5400,SR401C5400,1308.0,0.0,0.0,0.0,1,1255.0,1380.5,1,1305.0,1288.0,1308.0,1288.0,2.0,2596.0,50
2023-05-11 13:30:11,SR401C5400,SR401C5400,1308.0,0.0,0.0,0.0,10,1255.5,1380.0,10,1305.0,1288.0,1308.0,1288.0,2.0,2596.0,50
2023-05-11 13:30:16,SR401C5400,SR401C5400,1308.0,0.0,0.0,0.0,1,1284.5,1380.0,10,1305.0,1288.0,1308.0,1288.0,2.0,2596.0,50
2023-05-11 13:30:17,SR401C5400,SR401C5400,1308.0,0.0,0.0,0.0,10,1285.0,1380.0,10,1305.0,1288.0,1308.0,1288.0,2.0,2596.0,50
2023-05-11 13:47:17,SR401C5400,SR401C5400,1308.0,0.0,0.0,0.0,3,1307.0,1325.0,3,1305.0,1288.0,1308.0,1288.0,2.0,2596.0,50
2023-05-11 13:47:18,SR401C5400,SR401C5400,1308.0,0.0,0.0,0.0,6,1307.0,1325.0,3,1305.0,1288.0,1308.0,1288.0,2.0,2596.0,50
2023-05-11 13:47:22,SR401C5400,SR401C5400,1308.0,0.0,0.0,0.0,9,1307.0,1325.0,6,1305.0,1288.0,1308.0,1288.0,2.0,2596.0,50
2023-05-11 13:47:25,SR401C5400,SR401C5400,1308.0,0.0,0.0,0.0,3,1308.0,1325.0,6,1305.0,1288.0,1308.0,1288.0,2.0,2596.0,50
2023-05-11 13:47:30,SR401C5400,SR401C5400,1308.0,0.0,0.0,0.0,3,1308.0,1325.0,3,1305.0,1288.0,1308.0,1288.0,2.0,2596.0,50
2023-05-11 13:47:31,SR401C5400,SR401C5400,1308.0,0.0,0.0,0.0,6,1308.0,1325.0,3,1305.0,1288.0,1308.0,1288.0,2.0,2596.0,50
2023-05-11 13:47:34,SR401C5400,SR401C5400,1308.0,0.0,0.0,0.0,6,1308.0,1325.5,6,1305.0,1288.0,1308.0,1288.0,2.0,2596.0,50
2023-05-11 13:47:35,SR401C5400,SR401C5400,1308.0,0.0,0.0,0.0,6,1308.0,1325.5,3,1305.0,1288.0,1308.0,1288.0,2.0,2596.0,50
2023-05-11 13:47:37,SR401C5400,SR401C5400,1308.0,0.0,0.0,0.0,3,1308.0,1325.5,3,1305.0,1288.0,1308.0,1288.0,2.0,2596.0,50
2023-05-11 13:47:41,SR401C5400,SR401C5400,1308.0,0.0,0.0,0.0,3,1308.0,1327.0,3,1305.0,1288.0,1308.0,1288.0,2.0,2596.0,50
2023-05-11 13:47:43,SR401C5400,SR401C5400,1308.0,0.0,0.0,0.0,10,1285.0,1380.0,10,1305.0,1288.0,1308.0,1288.0,2.0,2596.0,50
2023-05-11 13:50:39,SR401C5400,SR401C5400,1308.0,0.0,0.0,0.0,10,1285.0,1355.0,1,1305.0,1288.0,1308.0,1288.0,2.0,2596.0,50
2023-05-11 13:50:40,SR401C5400,SR401C5400,1308.0,0.0,0.0,0.0,10,1285.0,1354.5,10,1305.0,1288.0,1308.0,1288.0,2.0,2596.0,50
2023-05-11 14:59:03,SR401C5400,SR401C5400,1308.0,0.0,0.0,0.0,1,1284.5,1355.0,1,1305.0,1288.0,1308.0,1288.0,2.0,2596.0,50
2023-05-11 14:59:15,SR401C5400,SR401C5400,1308.0,0.0,0.0,0.0,1,1176.0,1443.5,1,1305.0,1288.0,1308.0,1288.0,2.0,2596.0,50
2023-05-11 14:59:15,SR401C5400,SR401C5400,1308.0,0.0,0.0,0.0,1,1176.0,1443.5,1,1305.0,1288.0,1308.0,1288.0,2.0,2596.0,50
