time,symbol_id,symbol_name,last,trade_volume,trade_amount,open_interest_change,bv1,bp1,ap1,av1,yesterday_close,today_open,today_high,today_low,volume,amount,open_interest
2023-05-10 19:12:58,SR401C7300,SR401C7300,121.0,0.0,0.0,0.0,0,0.0,0.0,0,121.0,120.0,0.0,0.0,0.0,0.0,864
2023-05-10 20:59:00,SR401C7300,SR401C7300,121.0,0.0,0.0,0.0,18,36.0,0.0,0,121.0,120.0,0.0,0.0,0.0,0.0,864
2023-05-10 21:00:00,SR401C7300,SR401C7300,121.0,0.0,0.0,0.0,1,80.0,0.0,0,121.0,120.0,0.0,0.0,0.0,0.0,864
2023-05-10 21:00:02,SR401C7300,SR401C7300,121.0,0.0,0.0,0.0,2,97.0,254.0,2,121.0,120.0,0.0,0.0,0.0,0.0,864
2023-05-10 21:01:09,SR401C7300,SR401C7300,121.0,0.0,0.0,0.0,5,113.5,254.0,2,121.0,120.0,0.0,0.0,0.0,0.0,864
2023-05-10 21:01:10,SR401C7300,SR401C7300,121.0,0.0,0.0,0.0,5,113.5,125.0,5,121.0,120.0,0.0,0.0,0.0,0.0,864
2023-05-10 21:03:23,SR401C7300,SR401C7300,121.0,0.0,0.0,0.0,5,113.5,122.5,5,121.0,120.0,0.0,0.0,0.0,0.0,864
2023-05-10 21:05:07,SR401C7300,SR401C7300,121.0,0.0,0.0,0.0,5,115.5,122.5,5,121.0,120.0,0.0,0.0,0.0,0.0,864
2023-05-10 21:07:10,SR401C7300,SR401C7300,121.0,0.0,0.0,0.0,5,113.5,122.5,5,121.0,120.0,0.0,0.0,0.0,0.0,864
2023-05-10 21:08:09,SR401C7300,SR401C7300,121.0,0.0,0.0,0.0,5,113.5,120.0,5,121.0,120.0,0.0,0.0,0.0,0.0,864
2023-05-10 21:10:00,SR401C7300,SR401C7300,121.0,0.0,0.0,0.0,2,97.0,120.0,5,121.0,120.0,0.0,0.0,0.0,0.0,864
2023-05-10 21:10:01,SR401C7300,SR401C7300,121.0,0.0,0.0,0.0,5,111.0,120.0,5,121.0,120.0,0.0,0.0,0.0,0.0,864
2023-05-10 21:12:01,SR401C7300,SR401C7300,121.0,0.0,0.0,0.0,5,111.0,117.0,5,121.0,120.0,0.0,0.0,0.0,0.0,864
2023-05-10 21:12:04,SR401C7300,SR401C7300,121.0,0.0,0.0,0.0,5,108.5,117.0,5,121.0,120.0,0.0,0.0,0.0,0.0,864
2023-05-10 21:14:24,SR401C7300,SR401C7300,121.0,0.0,0.0,0.0,5,110.5,117.0,5,121.0,120.0,0.0,0.0,0.0,0.0,864
2023-05-10 21:15:41,SR401C7300,SR401C7300,121.0,0.0,0.0,0.0,5,112.0,117.0,5,121.0,120.0,0.0,0.0,0.0,0.0,864
2023-05-10 21:19:04,SR401C7300,SR401C7300,121.0,0.0,0.0,0.0,5,112.0,120.0,5,121.0,120.0,0.0,0.0,0.0,0.0,864
2023-05-10 21:19:18,SR401C7300,SR401C7300,121.0,0.0,0.0,0.0,5,113.5,120.0,5,121.0,120.0,0.0,0.0,0.0,0.0,864
2023-05-10 21:23:06,SR401C7300,SR401C7300,121.0,0.0,0.0,0.0,5,113.5,118.5,5,121.0,120.0,0.0,0.0,0.0,0.0,864
2023-05-10 21:28:45,SR401C7300,SR401C7300,121.0,0.0,0.0,0.0,5,113.5,120.0,5,121.0,120.0,0.0,0.0,0.0,0.0,864
2023-05-10 21:29:12,SR401C7300,SR401C7300,121.0,0.0,0.0,0.0,5,115.0,120.0,5,121.0,120.0,0.0,0.0,0.0,0.0,864
2023-05-10 21:37:56,SR401C7300,SR401C7300,120.0,5.0,600.0,0.0,45,120.0,122.0,5,121.0,120.0,120.0,120.0,5.0,600.0,864
2023-05-10 21:49:29,SR401C7300,SR401C7300,120.0,0.0,0.0,0.0,45,120.0,120.5,5,121.0,120.0,120.0,120.0,5.0,600.0,864
2023-05-10 21:53:28,SR401C7300,SR401C7300,120.0,0.0,0.0,0.0,45,120.0,122.0,5,121.0,120.0,120.0,120.0,5.0,600.0,864
2023-05-10 22:02:41,SR401C7300,SR401C7300,120.0,0.0,0.0,0.0,45,120.0,124.5,5,121.0,120.0,120.0,120.0,5.0,600.0,864
2023-05-10 22:08:01,SR401C7300,SR401C7300,120.0,0.0,0.0,0.0,5,120.5,124.5,5,121.0,120.0,120.0,120.0,5.0,600.0,864
2023-05-10 22:08:02,SR401C7300,SR401C7300,120.0,0.0,0.0,0.0,5,120.5,127.0,5,121.0,120.0,120.0,120.0,5.0,600.0,864
2023-05-10 22:08:13,SR401C7300,SR401C7300,120.0,0.0,0.0,0.0,5,122.0,127.0,5,121.0,120.0,120.0,120.0,5.0,600.0,864
2023-05-10 22:08:41,SR401C7300,SR401C7300,120.0,0.0,0.0,0.0,5,122.0,130.0,5,121.0,120.0,120.0,120.0,5.0,600.0,864
2023-05-10 22:09:02,SR401C7300,SR401C7300,120.0,0.0,0.0,0.0,5,123.5,130.0,5,121.0,120.0,120.0,120.0,5.0,600.0,864
2023-05-10 22:11:12,SR401C7300,SR401C7300,120.0,0.0,0.0,0.0,5,125.0,130.0,5,121.0,120.0,120.0,120.0,5.0,600.0,864
2023-05-10 22:11:22,SR401C7300,SR401C7300,120.0,0.0,0.0,0.0,5,125.0,133.0,5,121.0,120.0,120.0,120.0,5.0,600.0,864
2023-05-10 22:12:15,SR401C7300,SR401C7300,120.0,0.0,0.0,0.0,5,125.0,131.0,5,121.0,120.0,120.0,120.0,5.0,600.0,864
2023-05-10 22:17:32,SR401C7300,SR401C7300,120.0,0.0,0.0,0.0,5,123.5,131.0,5,121.0,120.0,120.0,120.0,5.0,600.0,864
2023-05-10 22:18:11,SR401C7300,SR401C7300,120.0,0.0,0.0,0.0,5,123.5,129.0,5,121.0,120.0,120.0,120.0,5.0,600.0,864
2023-05-10 22:18:44,SR401C7300,SR401C7300,120.0,0.0,0.0,0.0,5,121.5,129.0,5,121.0,120.0,120.0,120.0,5.0,600.0,864
2023-05-10 22:23:09,SR401C7300,SR401C7300,120.0,0.0,0.0,0.0,5,123.0,129.0,5,121.0,120.0,120.0,120.0,5.0,600.0,864
2023-05-10 22:26:56,SR401C7300,SR401C7300,120.0,0.0,0.0,0.0,5,121.5,129.0,5,121.0,120.0,120.0,120.0,5.0,600.0,864
2023-05-10 22:27:43,SR401C7300,SR401C7300,120.0,0.0,0.0,0.0,5,121.5,127.0,5,121.0,120.0,120.0,120.0,5.0,600.0,864
2023-05-10 22:28:43,SR401C7300,SR401C7300,120.0,0.0,0.0,0.0,45,120.0,127.0,5,121.0,120.0,120.0,120.0,5.0,600.0,864
2023-05-10 22:32:38,SR401C7300,SR401C7300,120.0,0.0,0.0,0.0,45,120.0,125.0,5,121.0,120.0,120.0,120.0,5.0,600.0,864
2023-05-10 22:33:28,SR401C7300,SR401C7300,120.0,0.0,0.0,0.0,45,120.0,123.0,5,121.0,120.0,120.0,120.0,5.0,600.0,864
2023-05-10 22:39:23,SR401C7300,SR401C7300,120.0,0.0,0.0,0.0,45,120.0,125.0,5,121.0,120.0,120.0,120.0,5.0,600.0,864
2023-05-10 22:44:26,SR401C7300,SR401C7300,120.0,0.0,0.0,0.0,45,120.0,123.0,5,121.0,120.0,120.0,120.0,5.0,600.0,864
2023-05-10 22:55:59,SR401C7300,SR401C7300,120.0,0.0,0.0,0.0,45,120.0,195.0,2,121.0,120.0,120.0,120.0,5.0,600.0,864
2023-05-10 22:56:00,SR401C7300,SR401C7300,120.0,0.0,0.0,0.0,45,120.0,189.5,1,121.0,120.0,120.0,120.0,5.0,600.0,864
2023-05-10 22:56:01,SR401C7300,SR401C7300,120.0,0.0,0.0,0.0,45,120.0,154.5,2,121.0,120.0,120.0,120.0,5.0,600.0,864
2023-05-10 22:56:33,SR401C7300,SR401C7300,120.0,0.0,0.0,0.0,45,120.0,0.0,0,121.0,120.0,120.0,120.0,5.0,600.0,864
2023-05-10 22:56:35,SR401C7300,SR401C7300,120.0,0.0,0.0,0.0,45,120.0,517.0,1,121.0,120.0,120.0,120.0,5.0,600.0,864
2023-05-10 22:57:41,SR401C7300,SR401C7300,120.0,0.0,0.0,0.0,45,120.0,399.0,18,121.0,120.0,120.0,120.0,5.0,600.0,864
2023-05-10 22:57:41,SR401C7300,SR401C7300,120.0,0.0,0.0,0.0,45,120.0,397.5,1,121.0,120.0,120.0,120.0,5.0,600.0,864
2023-05-10 22:57:59,SR401C7300,SR401C7300,120.0,0.0,0.0,0.0,45,120.0,350.0,18,121.0,120.0,120.0,120.0,5.0,600.0,864
2023-05-10 22:57:59,SR401C7300,SR401C7300,120.0,0.0,0.0,0.0,45,120.0,348.5,1,121.0,120.0,120.0,120.0,5.0,600.0,864
2023-05-10 22:58:27,SR401C7300,SR401C7300,120.0,0.0,0.0,0.0,45,120.0,200.0,18,121.0,120.0,120.0,120.0,5.0,600.0,864
2023-05-11 09:00:03,SR401C7300,SR401C7300,120.0,0.0,0.0,0.0,45,120.0,165.5,2,121.0,120.0,120.0,120.0,5.0,600.0,864
2023-05-11 09:01:24,SR401C7300,SR401C7300,120.0,0.0,0.0,0.0,45,120.0,127.0,5,121.0,120.0,120.0,120.0,5.0,600.0,864
2023-05-11 09:01:54,SR401C7300,SR401C7300,120.0,0.0,0.0,0.0,5,121.0,127.0,5,121.0,120.0,120.0,120.0,5.0,600.0,864
2023-05-11 09:03:31,SR401C7300,SR401C7300,120.0,0.0,0.0,0.0,45,120.0,127.0,5,121.0,120.0,120.0,120.0,5.0,600.0,864
2023-05-11 09:03:48,SR401C7300,SR401C7300,120.0,0.0,0.0,0.0,45,120.0,125.0,5,121.0,120.0,120.0,120.0,5.0,600.0,864
2023-05-11 09:15:32,SR401C7300,SR401C7300,120.0,0.0,0.0,0.0,5,120.5,125.0,5,121.0,120.0,120.0,120.0,5.0,600.0,864
2023-05-11 09:21:10,SR401C7300,SR401C7300,120.0,0.0,0.0,0.0,45,120.0,125.0,5,121.0,120.0,120.0,120.0,5.0,600.0,864
2023-05-11 09:24:37,SR401C7300,SR401C7300,120.0,0.0,0.0,0.0,5,120.5,125.0,5,121.0,120.0,120.0,120.0,5.0,600.0,864
2023-05-11 09:27:55,SR401C7300,SR401C7300,120.0,0.0,0.0,0.0,5,120.5,127.0,5,121.0,120.0,120.0,120.0,5.0,600.0,864
2023-05-11 09:30:00,SR401C7300,SR401C7300,120.0,0.0,0.0,0.0,5,121.5,127.0,5,121.0,120.0,120.0,120.0,5.0,600.0,864
2023-05-11 09:36:56,SR401C7300,SR401C7300,120.0,0.0,0.0,0.0,5,121.5,125.5,5,121.0,120.0,120.0,120.0,5.0,600.0,864
2023-05-11 09:39:03,SR401C7300,SR401C7300,120.0,0.0,0.0,0.0,5,120.5,125.5,5,121.0,120.0,120.0,120.0,5.0,600.0,864
2023-05-11 09:40:33,SR401C7300,SR401C7300,120.0,0.0,0.0,0.0,45,120.0,125.5,5,121.0,120.0,120.0,120.0,5.0,600.0,864
2023-05-11 09:42:17,SR401C7300,SR401C7300,120.0,0.0,0.0,0.0,45,120.0,124.0,5,121.0,120.0,120.0,120.0,5.0,600.0,864
2023-05-11 09:43:49,SR401C7300,SR401C7300,120.0,0.0,0.0,0.0,45,120.0,122.5,5,121.0,120.0,120.0,120.0,5.0,600.0,864
2023-05-11 09:53:19,SR401C7300,SR401C7300,120.0,0.0,0.0,0.0,45,120.0,121.0,5,121.0,120.0,120.0,120.0,5.0,600.0,864
2023-05-11 09:54:15,SR401C7300,SR401C7300,120.0,0.0,0.0,0.0,45,120.0,120.5,1,121.0,120.0,120.0,120.0,5.0,600.0,864
2023-05-11 09:54:17,SR401C7300,SR401C7300,120.0,1.0,120.0,1.0,44,120.0,121.0,5,121.0,120.0,120.0,120.0,6.0,720.0,865
2023-05-11 09:54:18,SR401C7300,SR401C7300,120.0,1.0,120.0,1.0,43,120.0,121.0,5,121.0,120.0,120.0,120.0,7.0,840.0,866
2023-05-11 09:54:21,SR401C7300,SR401C7300,120.0,1.0,120.0,1.0,42,120.0,121.0,5,121.0,120.0,120.0,120.0,8.0,960.0,867
2023-05-11 09:54:32,SR401C7300,SR401C7300,120.0,0.0,0.0,0.0,42,120.0,120.5,5,121.0,120.0,120.0,120.0,8.0,960.0,867
2023-05-11 09:54:49,SR401C7300,SR401C7300,120.0,42.0,5040.0,42.0,5,118.5,124.0,5,121.0,120.0,120.0,120.0,50.0,6000.0,909
2023-05-11 10:03:10,SR401C7300,SR401C7300,120.0,0.0,0.0,0.0,5,115.5,124.0,5,121.0,120.0,120.0,120.0,50.0,6000.0,909
2023-05-11 10:03:32,SR401C7300,SR401C7300,120.0,0.0,0.0,0.0,5,115.5,122.0,5,121.0,120.0,120.0,120.0,50.0,6000.0,909
2023-05-11 10:04:03,SR401C7300,SR401C7300,120.0,0.0,0.0,0.0,5,115.5,120.0,5,121.0,120.0,120.0,120.0,50.0,6000.0,909
2023-05-11 10:04:24,SR401C7300,SR401C7300,120.0,0.0,0.0,0.0,5,113.0,120.0,5,121.0,120.0,120.0,120.0,50.0,6000.0,909
2023-05-11 10:06:49,SR401C7300,SR401C7300,120.0,0.0,0.0,0.0,5,115.0,120.0,5,121.0,120.0,120.0,120.0,50.0,6000.0,909
2023-05-11 10:08:14,SR401C7300,SR401C7300,120.0,0.0,0.0,0.0,5,113.0,120.0,5,121.0,120.0,120.0,120.0,50.0,6000.0,909
2023-05-11 10:08:35,SR401C7300,SR401C7300,120.0,0.0,0.0,0.0,5,113.0,118.0,5,121.0,120.0,120.0,120.0,50.0,6000.0,909
2023-05-11 10:08:41,SR401C7300,SR401C7300,120.0,0.0,0.0,0.0,5,110.5,118.0,5,121.0,120.0,120.0,120.0,50.0,6000.0,909
2023-05-11 10:10:06,SR401C7300,SR401C7300,120.0,0.0,0.0,0.0,5,110.5,116.0,5,121.0,120.0,120.0,120.0,50.0,6000.0,909
2023-05-11 10:11:28,SR401C7300,SR401C7300,120.0,0.0,0.0,0.0,1,111.0,116.0,5,121.0,120.0,120.0,120.0,50.0,6000.0,909
2023-05-11 10:11:37,SR401C7300,SR401C7300,120.0,0.0,0.0,0.0,5,110.5,116.0,5,121.0,120.0,120.0,120.0,50.0,6000.0,909
2023-05-11 10:11:51,SR401C7300,SR401C7300,120.0,0.0,0.0,0.0,5,110.5,118.0,5,121.0,120.0,120.0,120.0,50.0,6000.0,909
2023-05-11 10:12:30,SR401C7300,SR401C7300,120.0,0.0,0.0,0.0,5,110.5,116.0,5,121.0,120.0,120.0,120.0,50.0,6000.0,909
2023-05-11 10:13:44,SR401C7300,SR401C7300,116.0,1.0,120.0,0.0,5,110.5,116.0,4,121.0,120.0,120.0,116.0,51.0,6120.0,909
2023-05-11 10:13:48,SR401C7300,SR401C7300,116.0,0.0,0.0,0.0,5,110.5,118.0,5,121.0,120.0,120.0,116.0,51.0,6120.0,909
2023-05-11 10:30:39,SR401C7300,SR401C7300,116.0,0.0,0.0,0.0,5,110.5,116.0,5,121.0,120.0,120.0,116.0,51.0,6120.0,909
2023-05-11 10:31:05,SR401C7300,SR401C7300,116.0,0.0,0.0,0.0,5,108.0,116.0,5,121.0,120.0,120.0,116.0,51.0,6120.0,909
2023-05-11 10:31:22,SR401C7300,SR401C7300,116.0,0.0,0.0,0.0,5,108.0,114.0,5,121.0,120.0,120.0,116.0,51.0,6120.0,909
2023-05-11 10:32:07,SR401C7300,SR401C7300,116.0,0.0,0.0,0.0,5,105.0,114.0,5,121.0,120.0,120.0,116.0,51.0,6120.0,909
2023-05-11 10:32:35,SR401C7300,SR401C7300,116.0,0.0,0.0,0.0,5,105.0,112.0,5,121.0,120.0,120.0,116.0,51.0,6120.0,909
2023-05-11 10:34:14,SR401C7300,SR401C7300,105.0,1.0,94.0,0.0,4,105.0,112.0,5,121.0,120.0,120.0,105.0,52.0,6214.0,909
2023-05-11 10:34:34,SR401C7300,SR401C7300,105.0,0.0,0.0,0.0,5,107.0,112.0,5,121.0,120.0,120.0,105.0,52.0,6214.0,909
2023-05-11 10:34:37,SR401C7300,SR401C7300,107.0,1.0,119.5,0.0,4,107.0,112.0,5,121.0,120.0,120.0,105.0,53.0,6333.5,909
2023-05-11 10:36:12,SR401C7300,SR401C7300,107.0,0.0,0.0,0.0,4,107.0,114.0,5,121.0,120.0,120.0,105.0,53.0,6333.5,909
2023-05-11 10:36:38,SR401C7300,SR401C7300,107.0,0.0,0.0,0.0,5,109.0,114.0,5,121.0,120.0,120.0,105.0,53.0,6333.5,909
2023-05-11 10:36:43,SR401C7300,SR401C7300,107.0,0.0,0.0,0.0,5,109.0,116.5,5,121.0,120.0,120.0,105.0,53.0,6333.5,909
2023-05-11 10:42:28,SR401C7300,SR401C7300,107.0,0.0,0.0,0.0,6,109.0,116.5,5,121.0,120.0,120.0,105.0,53.0,6333.5,909
2023-05-11 10:43:10,SR401C7300,SR401C7300,107.0,0.0,0.0,0.0,6,109.0,114.5,5,121.0,120.0,120.0,105.0,53.0,6333.5,909
2023-05-11 10:43:58,SR401C7300,SR401C7300,107.0,0.0,0.0,0.0,1,109.0,114.5,5,121.0,120.0,120.0,105.0,53.0,6333.5,909
2023-05-11 10:48:07,SR401C7300,SR401C7300,107.0,0.0,0.0,0.0,6,109.0,114.5,5,121.0,120.0,120.0,105.0,53.0,6333.5,909
2023-05-11 10:48:36,SR401C7300,SR401C7300,107.0,0.0,0.0,0.0,6,109.0,116.5,5,121.0,120.0,120.0,105.0,53.0,6333.5,909
2023-05-11 10:48:56,SR401C7300,SR401C7300,107.0,0.0,0.0,0.0,6,109.0,119.0,5,121.0,120.0,120.0,105.0,53.0,6333.5,909
2023-05-11 10:49:32,SR401C7300,SR401C7300,107.0,0.0,0.0,0.0,5,113.0,119.0,5,121.0,120.0,120.0,105.0,53.0,6333.5,909
2023-05-11 10:49:47,SR401C7300,SR401C7300,107.0,0.0,0.0,0.0,5,113.0,121.5,5,121.0,120.0,120.0,105.0,53.0,6333.5,909
2023-05-11 10:49:56,SR401C7300,SR401C7300,107.0,0.0,0.0,0.0,5,115.0,121.5,5,121.0,120.0,120.0,105.0,53.0,6333.5,909
2023-05-11 11:05:06,SR401C7300,SR401C7300,107.0,0.0,0.0,0.0,5,115.0,124.0,5,121.0,120.0,120.0,105.0,53.0,6333.5,909
2023-05-11 11:05:06,SR401C7300,SR401C7300,107.0,0.0,0.0,0.0,5,117.0,124.0,5,121.0,120.0,120.0,105.0,53.0,6333.5,909
2023-05-11 11:09:23,SR401C7300,SR401C7300,107.0,0.0,0.0,0.0,5,117.0,122.0,5,121.0,120.0,120.0,105.0,53.0,6333.5,909
2023-05-11 11:09:24,SR401C7300,SR401C7300,107.0,0.0,0.0,0.0,5,115.0,122.0,5,121.0,120.0,120.0,105.0,53.0,6333.5,909
2023-05-11 11:12:08,SR401C7300,SR401C7300,107.0,0.0,0.0,0.0,5,117.0,122.0,5,121.0,120.0,120.0,105.0,53.0,6333.5,909
2023-05-11 11:12:34,SR401C7300,SR401C7300,107.0,0.0,0.0,0.0,5,117.0,124.0,5,121.0,120.0,120.0,105.0,53.0,6333.5,909
2023-05-11 11:14:51,SR401C7300,SR401C7300,107.0,0.0,0.0,0.0,5,119.0,124.0,5,121.0,120.0,120.0,105.0,53.0,6333.5,909
2023-05-11 11:14:57,SR401C7300,SR401C7300,107.0,0.0,0.0,0.0,5,119.0,126.5,5,121.0,120.0,120.0,105.0,53.0,6333.5,909
2023-05-11 11:25:47,SR401C7300,SR401C7300,107.0,0.0,0.0,0.0,5,121.0,126.5,5,121.0,120.0,120.0,105.0,53.0,6333.5,909
2023-05-11 11:29:31,SR401C7300,SR401C7300,107.0,0.0,0.0,0.0,1,109.0,129.0,1,121.0,120.0,120.0,105.0,53.0,6333.5,909
2023-05-11 13:30:06,SR401C7300,SR401C7300,107.0,0.0,0.0,0.0,50,110.0,129.0,1,121.0,120.0,120.0,105.0,53.0,6333.5,909
2023-05-11 13:31:07,SR401C7300,SR401C7300,129.0,1.0,119.5,1.0,49,129.0,137.0,2,121.0,120.0,129.0,105.0,54.0,6453.0,910
2023-05-11 13:44:12,SR401C7300,SR401C7300,129.0,0.0,0.0,0.0,49,129.0,134.0,5,121.0,120.0,129.0,105.0,54.0,6453.0,910
2023-05-11 13:52:18,SR401C7300,SR401C7300,129.0,0.0,0.0,0.0,49,129.0,132.0,5,121.0,120.0,129.0,105.0,54.0,6453.0,910
2023-05-11 14:00:51,SR401C7300,SR401C7300,129.0,0.0,0.0,0.0,49,129.0,130.0,5,121.0,120.0,129.0,105.0,54.0,6453.0,910
2023-05-11 14:02:41,SR401C7300,SR401C7300,129.0,0.0,0.0,0.0,49,129.0,129.5,5,121.0,120.0,129.0,105.0,54.0,6453.0,910
2023-05-11 14:09:49,SR401C7300,SR401C7300,129.0,0.0,0.0,0.0,49,129.0,130.0,5,121.0,120.0,129.0,105.0,54.0,6453.0,910
2023-05-11 14:10:36,SR401C7300,SR401C7300,129.0,0.0,0.0,0.0,49,129.0,133.0,5,121.0,120.0,129.0,105.0,54.0,6453.0,910
2023-05-11 14:14:04,SR401C7300,SR401C7300,129.0,0.0,0.0,0.0,49,129.0,131.0,1,121.0,120.0,129.0,105.0,54.0,6453.0,910
2023-05-11 14:14:09,SR401C7300,SR401C7300,129.0,0.0,0.0,0.0,49,129.0,130.5,1,121.0,120.0,129.0,105.0,54.0,6453.0,910
2023-05-11 14:14:23,SR401C7300,SR401C7300,129.0,0.0,0.0,0.0,49,129.0,133.0,5,121.0,120.0,129.0,105.0,54.0,6453.0,910
2023-05-11 14:14:23,SR401C7300,SR401C7300,129.0,0.0,0.0,0.0,49,129.0,130.0,1,121.0,120.0,129.0,105.0,54.0,6453.0,910
2023-05-11 14:14:31,SR401C7300,SR401C7300,129.0,0.0,0.0,0.0,49,129.0,133.0,5,121.0,120.0,129.0,105.0,54.0,6453.0,910
2023-05-11 14:14:31,SR401C7300,SR401C7300,129.0,0.0,0.0,0.0,49,129.0,129.5,1,121.0,120.0,129.0,105.0,54.0,6453.0,910
2023-05-11 14:14:41,SR401C7300,SR401C7300,129.5,1.0,147.0,0.0,49,129.0,133.0,5,121.0,120.0,129.5,105.0,55.0,6600.0,910
2023-05-11 14:22:55,SR401C7300,SR401C7300,129.5,0.0,0.0,0.0,49,129.0,130.5,5,121.0,120.0,129.5,105.0,55.0,6600.0,910
2023-05-11 14:23:15,SR401C7300,SR401C7300,129.0,49.0,6296.0,49.0,5,122.5,129.0,21,121.0,120.0,129.5,105.0,104.0,12896.0,959
2023-05-11 14:32:00,SR401C7300,SR401C7300,129.0,0.0,0.0,0.0,5,122.5,128.5,5,121.0,120.0,129.5,105.0,104.0,12896.0,959
2023-05-11 14:33:40,SR401C7300,SR401C7300,129.0,0.0,0.0,0.0,5,119.5,128.5,5,121.0,120.0,129.5,105.0,104.0,12896.0,959
2023-05-11 14:47:34,SR401C7300,SR401C7300,129.0,0.0,0.0,0.0,5,122.0,128.5,5,121.0,120.0,129.5,105.0,104.0,12896.0,959
2023-05-11 14:52:37,SR401C7300,SR401C7300,129.0,0.0,0.0,0.0,5,119.5,128.5,5,121.0,120.0,129.5,105.0,104.0,12896.0,959
2023-05-11 14:58:08,SR401C7300,SR401C7300,119.5,21.0,2541.5,16.0,5,119.0,126.0,5,121.0,120.0,129.5,105.0,125.0,15437.5,975
2023-05-11 14:58:19,SR401C7300,SR401C7300,119.5,0.0,0.0,0.0,5,114.0,126.0,5,121.0,120.0,129.5,105.0,125.0,15437.5,975
2023-05-11 14:59:01,SR401C7300,SR401C7300,119.5,0.0,0.0,0.0,1,109.0,137.0,2,121.0,120.0,129.5,105.0,125.0,15437.5,975
2023-05-11 14:59:44,SR401C7300,SR401C7300,119.5,0.0,0.0,0.0,1,109.0,137.0,2,121.0,120.0,129.5,105.0,125.0,15437.5,975
