time,symbol_id,symbol_name,last,trade_volume,trade_amount,open_interest_change,bv1,bp1,ap1,av1,yesterday_close,today_open,today_high,today_low,volume,amount,open_interest
2023-05-10 19:12:58,SR401C7000,SR401C7000,189.5,0.0,0.0,0.0,0,0.0,0.0,0,189.5,0.0,0.0,0.0,0.0,0.0,604
2023-05-10 20:59:00,SR401C7000,SR401C7000,189.5,0.0,0.0,0.0,2,110.5,498.5,6,189.5,0.0,0.0,0.0,0.0,0.0,604
2023-05-10 21:00:02,SR401C7000,SR401C7000,189.5,0.0,0.0,0.0,2,145.0,330.5,2,189.5,0.0,0.0,0.0,0.0,0.0,604
2023-05-10 21:00:03,SR401C7000,SR401C7000,189.5,0.0,0.0,0.0,2,145.0,330.0,10,189.5,0.0,0.0,0.0,0.0,0.0,604
2023-05-10 21:00:04,SR401C7000,SR401C7000,189.5,0.0,0.0,0.0,2,145.0,295.5,2,189.5,0.0,0.0,0.0,0.0,0.0,604
2023-05-10 21:00:06,SR401C7000,SR401C7000,189.5,0.0,0.0,0.0,2,145.0,260.5,2,189.5,0.0,0.0,0.0,0.0,0.0,604
2023-05-10 21:00:06,SR401C7000,SR401C7000,189.5,0.0,0.0,0.0,2,145.0,227.5,2,189.5,0.0,0.0,0.0,0.0,0.0,604
2023-05-10 21:00:14,SR401C7000,SR401C7000,189.5,0.0,0.0,0.0,2,145.0,330.5,10,189.5,0.0,0.0,0.0,0.0,0.0,604
2023-05-10 21:00:15,SR401C7000,SR401C7000,189.5,0.0,0.0,0.0,2,145.0,296.0,2,189.5,0.0,0.0,0.0,0.0,0.0,604
2023-05-10 21:00:15,SR401C7000,SR401C7000,189.5,0.0,0.0,0.0,2,145.0,261.0,2,189.5,0.0,0.0,0.0,0.0,0.0,604
2023-05-10 21:00:16,SR401C7000,SR401C7000,189.5,0.0,0.0,0.0,2,145.0,260.5,10,189.5,0.0,0.0,0.0,0.0,0.0,604
2023-05-10 21:00:16,SR401C7000,SR401C7000,189.5,0.0,0.0,0.0,2,145.0,227.5,2,189.5,0.0,0.0,0.0,0.0,0.0,604
2023-05-10 21:00:24,SR401C7000,SR401C7000,189.5,0.0,0.0,0.0,2,145.0,332.0,2,189.5,0.0,0.0,0.0,0.0,0.0,604
2023-05-10 21:00:24,SR401C7000,SR401C7000,189.5,0.0,0.0,0.0,2,145.0,297.0,2,189.5,0.0,0.0,0.0,0.0,0.0,604
2023-05-10 21:00:24,SR401C7000,SR401C7000,189.5,0.0,0.0,0.0,2,145.0,296.5,10,189.5,0.0,0.0,0.0,0.0,0.0,604
2023-05-10 21:00:25,SR401C7000,SR401C7000,189.5,0.0,0.0,0.0,2,145.0,262.0,2,189.5,0.0,0.0,0.0,0.0,0.0,604
2023-05-10 21:00:25,SR401C7000,SR401C7000,189.5,0.0,0.0,0.0,2,145.0,228.0,2,189.5,0.0,0.0,0.0,0.0,0.0,604
2023-05-10 21:00:34,SR401C7000,SR401C7000,189.5,0.0,0.0,0.0,2,145.0,330.5,2,189.5,0.0,0.0,0.0,0.0,0.0,604
2023-05-10 21:00:35,SR401C7000,SR401C7000,189.5,0.0,0.0,0.0,2,145.0,295.5,2,189.5,0.0,0.0,0.0,0.0,0.0,604
2023-05-10 21:00:35,SR401C7000,SR401C7000,189.5,0.0,0.0,0.0,2,145.0,295.0,10,189.5,0.0,0.0,0.0,0.0,0.0,604
2023-05-10 21:00:36,SR401C7000,SR401C7000,189.5,0.0,0.0,0.0,2,145.0,260.5,2,189.5,0.0,0.0,0.0,0.0,0.0,604
2023-05-10 21:00:36,SR401C7000,SR401C7000,189.5,0.0,0.0,0.0,2,145.0,227.0,2,189.5,0.0,0.0,0.0,0.0,0.0,604
2023-05-10 21:00:45,SR401C7000,SR401C7000,189.5,0.0,0.0,0.0,2,145.0,329.5,10,189.5,0.0,0.0,0.0,0.0,0.0,604
2023-05-10 21:00:46,SR401C7000,SR401C7000,189.5,0.0,0.0,0.0,2,145.0,295.0,2,189.5,0.0,0.0,0.0,0.0,0.0,604
2023-05-10 21:00:46,SR401C7000,SR401C7000,189.5,0.0,0.0,0.0,2,145.0,260.0,2,189.5,0.0,0.0,0.0,0.0,0.0,604
2023-05-10 21:00:47,SR401C7000,SR401C7000,189.5,0.0,0.0,0.0,2,145.0,259.5,10,189.5,0.0,0.0,0.0,0.0,0.0,604
2023-05-10 21:00:47,SR401C7000,SR401C7000,189.5,0.0,0.0,0.0,2,145.0,227.0,2,189.5,0.0,0.0,0.0,0.0,0.0,604
2023-05-10 21:00:57,SR401C7000,SR401C7000,189.5,0.0,0.0,0.0,2,145.0,330.0,2,189.5,0.0,0.0,0.0,0.0,0.0,604
2023-05-10 21:00:58,SR401C7000,SR401C7000,189.5,0.0,0.0,0.0,2,145.0,295.0,2,189.5,0.0,0.0,0.0,0.0,0.0,604
2023-05-10 21:00:58,SR401C7000,SR401C7000,189.5,0.0,0.0,0.0,2,145.0,294.5,10,189.5,0.0,0.0,0.0,0.0,0.0,604
2023-05-10 21:00:59,SR401C7000,SR401C7000,189.5,0.0,0.0,0.0,2,145.0,260.0,2,189.5,0.0,0.0,0.0,0.0,0.0,604
2023-05-10 21:00:59,SR401C7000,SR401C7000,189.5,0.0,0.0,0.0,2,145.0,226.0,2,189.5,0.0,0.0,0.0,0.0,0.0,604
2023-05-10 21:01:09,SR401C7000,SR401C7000,189.5,0.0,0.0,0.0,5,189.5,199.5,5,189.5,0.0,0.0,0.0,0.0,0.0,604
2023-05-10 21:03:13,SR401C7000,SR401C7000,189.5,0.0,0.0,0.0,5,189.5,197.0,5,189.5,0.0,0.0,0.0,0.0,0.0,604
2023-05-10 21:05:06,SR401C7000,SR401C7000,189.5,0.0,0.0,0.0,5,191.5,197.0,5,189.5,0.0,0.0,0.0,0.0,0.0,604
2023-05-10 21:05:08,SR401C7000,SR401C7000,189.5,0.0,0.0,0.0,5,191.5,199.5,5,189.5,0.0,0.0,0.0,0.0,0.0,604
2023-05-10 21:05:32,SR401C7000,SR401C7000,189.5,0.0,0.0,0.0,5,191.5,197.5,5,189.5,0.0,0.0,0.0,0.0,0.0,604
2023-05-10 21:06:42,SR401C7000,SR401C7000,189.5,0.0,0.0,0.0,5,189.5,197.5,5,189.5,0.0,0.0,0.0,0.0,0.0,604
2023-05-10 21:07:02,SR401C7000,SR401C7000,189.5,0.0,0.0,0.0,5,189.5,195.5,5,189.5,0.0,0.0,0.0,0.0,0.0,604
2023-05-10 21:09:29,SR401C7000,SR401C7000,189.5,0.0,0.0,0.0,5,187.0,195.5,5,189.5,0.0,0.0,0.0,0.0,0.0,604
2023-05-10 21:10:00,SR401C7000,SR401C7000,189.5,0.0,0.0,0.0,5,187.0,192.5,5,189.5,0.0,0.0,0.0,0.0,0.0,604
2023-05-10 21:12:00,SR401C7000,SR401C7000,189.5,0.0,0.0,0.0,5,183.5,192.5,5,189.5,0.0,0.0,0.0,0.0,0.0,604
2023-05-10 21:12:01,SR401C7000,SR401C7000,189.5,0.0,0.0,0.0,5,183.5,191.0,5,189.5,0.0,0.0,0.0,0.0,0.0,604
2023-05-10 21:13:36,SR401C7000,SR401C7000,189.5,0.0,0.0,0.0,5,183.5,189.5,5,189.5,0.0,0.0,0.0,0.0,0.0,604
2023-05-10 21:14:15,SR401C7000,SR401C7000,189.5,0.0,0.0,0.0,5,185.0,189.5,5,189.5,0.0,0.0,0.0,0.0,0.0,604
2023-05-10 21:14:16,SR401C7000,SR401C7000,189.5,0.0,0.0,0.0,5,185.0,191.0,5,189.5,0.0,0.0,0.0,0.0,0.0,604
2023-05-10 21:14:32,SR401C7000,SR401C7000,189.5,0.0,0.0,0.0,5,186.5,191.0,5,189.5,0.0,0.0,0.0,0.0,0.0,604
2023-05-10 21:14:37,SR401C7000,SR401C7000,189.5,0.0,0.0,0.0,5,186.5,193.5,5,189.5,0.0,0.0,0.0,0.0,0.0,604
2023-05-10 21:17:39,SR401C7000,SR401C7000,189.5,0.0,0.0,0.0,5,188.0,193.5,5,189.5,0.0,0.0,0.0,0.0,0.0,604
2023-05-10 21:19:52,SR401C7000,SR401C7000,189.5,0.0,0.0,0.0,5,189.5,193.5,5,189.5,0.0,0.0,0.0,0.0,0.0,604
2023-05-10 21:19:54,SR401C7000,SR401C7000,189.5,0.0,0.0,0.0,5,189.5,195.5,5,189.5,0.0,0.0,0.0,0.0,0.0,604
2023-05-10 21:21:13,SR401C7000,SR401C7000,189.5,0.0,0.0,0.0,5,189.5,194.0,5,189.5,0.0,0.0,0.0,0.0,0.0,604
2023-05-10 21:22:41,SR401C7000,SR401C7000,189.5,0.0,0.0,0.0,5,188.0,194.0,5,189.5,0.0,0.0,0.0,0.0,0.0,604
2023-05-10 21:23:06,SR401C7000,SR401C7000,189.5,0.0,0.0,0.0,5,188.0,192.5,5,189.5,0.0,0.0,0.0,0.0,0.0,604
2023-05-10 21:26:58,SR401C7000,SR401C7000,189.5,0.0,0.0,0.0,5,188.0,194.0,5,189.5,0.0,0.0,0.0,0.0,0.0,604
2023-05-10 21:26:59,SR401C7000,SR401C7000,189.5,0.0,0.0,0.0,5,189.5,194.0,5,189.5,0.0,0.0,0.0,0.0,0.0,604
2023-05-10 21:28:37,SR401C7000,SR401C7000,189.5,0.0,0.0,0.0,5,189.5,196.0,5,189.5,0.0,0.0,0.0,0.0,0.0,604
2023-05-10 21:34:31,SR401C7000,SR401C7000,189.5,0.0,0.0,0.0,5,189.5,194.5,5,189.5,0.0,0.0,0.0,0.0,0.0,604
2023-05-10 21:35:07,SR401C7000,SR401C7000,189.5,0.0,0.0,0.0,5,191.0,196.0,5,189.5,0.0,0.0,0.0,0.0,0.0,604
2023-05-10 21:42:14,SR401C7000,SR401C7000,189.5,0.0,0.0,0.0,5,189.5,194.5,5,189.5,0.0,0.0,0.0,0.0,0.0,604
2023-05-10 21:49:29,SR401C7000,SR401C7000,189.5,0.0,0.0,0.0,5,187.5,193.0,5,189.5,0.0,0.0,0.0,0.0,0.0,604
2023-05-10 21:50:36,SR401C7000,SR401C7000,189.5,0.0,0.0,0.0,5,189.0,193.0,5,189.5,0.0,0.0,0.0,0.0,0.0,604
2023-05-10 21:50:39,SR401C7000,SR401C7000,189.5,0.0,0.0,0.0,5,189.0,194.5,5,189.5,0.0,0.0,0.0,0.0,0.0,604
2023-05-10 21:51:22,SR401C7000,SR401C7000,189.5,0.0,0.0,0.0,5,190.5,194.5,5,189.5,0.0,0.0,0.0,0.0,0.0,604
2023-05-10 21:51:25,SR401C7000,SR401C7000,189.5,0.0,0.0,0.0,5,190.5,196.5,5,189.5,0.0,0.0,0.0,0.0,0.0,604
2023-05-10 22:00:15,SR401C7000,SR401C7000,189.5,0.0,0.0,0.0,5,192.0,196.5,5,189.5,0.0,0.0,0.0,0.0,0.0,604
2023-05-10 22:00:21,SR401C7000,SR401C7000,189.5,0.0,0.0,0.0,5,192.0,198.5,5,189.5,0.0,0.0,0.0,0.0,0.0,604
2023-05-10 22:02:36,SR401C7000,SR401C7000,189.5,0.0,0.0,0.0,5,193.5,198.5,5,189.5,0.0,0.0,0.0,0.0,0.0,604
2023-05-10 22:03:36,SR401C7000,SR401C7000,189.5,0.0,0.0,0.0,5,195.0,200.5,5,189.5,0.0,0.0,0.0,0.0,0.0,604
2023-05-10 22:08:00,SR401C7000,SR401C7000,189.5,0.0,0.0,0.0,5,196.5,200.5,5,189.5,0.0,0.0,0.0,0.0,0.0,604
2023-05-10 22:08:01,SR401C7000,SR401C7000,189.5,0.0,0.0,0.0,5,196.5,202.5,5,189.5,0.0,0.0,0.0,0.0,0.0,604
2023-05-10 22:08:06,SR401C7000,SR401C7000,189.5,0.0,0.0,0.0,5,196.5,205.0,5,189.5,0.0,0.0,0.0,0.0,0.0,604
2023-05-10 22:08:07,SR401C7000,SR401C7000,189.5,0.0,0.0,0.0,5,198.0,205.0,5,189.5,0.0,0.0,0.0,0.0,0.0,604
2023-05-10 22:08:41,SR401C7000,SR401C7000,189.5,0.0,0.0,0.0,5,199.5,205.0,5,189.5,0.0,0.0,0.0,0.0,0.0,604
2023-05-10 22:09:14,SR401C7000,SR401C7000,189.5,0.0,0.0,0.0,5,199.5,207.0,5,189.5,0.0,0.0,0.0,0.0,0.0,604
2023-05-10 22:09:14,SR401C7000,SR401C7000,189.5,0.0,0.0,0.0,5,201.0,207.0,5,189.5,0.0,0.0,0.0,0.0,0.0,604
2023-05-10 22:11:23,SR401C7000,SR401C7000,189.5,0.0,0.0,0.0,5,201.0,209.0,5,189.5,0.0,0.0,0.0,0.0,0.0,604
2023-05-10 22:11:32,SR401C7000,SR401C7000,189.5,0.0,0.0,0.0,5,202.5,209.0,5,189.5,0.0,0.0,0.0,0.0,0.0,604
2023-05-10 22:12:07,SR401C7000,SR401C7000,189.5,0.0,0.0,0.0,5,202.5,207.5,5,189.5,0.0,0.0,0.0,0.0,0.0,604
2023-05-10 22:12:19,SR401C7000,SR401C7000,189.5,0.0,0.0,0.0,5,201.0,207.5,5,189.5,0.0,0.0,0.0,0.0,0.0,604
2023-05-10 22:14:43,SR401C7000,SR401C7000,189.5,0.0,0.0,0.0,5,202.5,207.5,5,189.5,0.0,0.0,0.0,0.0,0.0,604
2023-05-10 22:15:22,SR401C7000,SR401C7000,189.5,0.0,0.0,0.0,5,202.5,209.0,5,189.5,0.0,0.0,0.0,0.0,0.0,604
2023-05-10 22:15:22,SR401C7000,SR401C7000,189.5,0.0,0.0,0.0,5,204.0,209.0,5,189.5,0.0,0.0,0.0,0.0,0.0,604
2023-05-10 22:16:08,SR401C7000,SR401C7000,189.5,0.0,0.0,0.0,5,202.5,207.5,5,189.5,0.0,0.0,0.0,0.0,0.0,604
2023-05-10 22:16:56,SR401C7000,SR401C7000,189.5,0.0,0.0,0.0,5,200.5,207.5,5,189.5,0.0,0.0,0.0,0.0,0.0,604
2023-05-10 22:17:36,SR401C7000,SR401C7000,189.5,0.0,0.0,0.0,5,200.5,205.5,5,189.5,0.0,0.0,0.0,0.0,0.0,604
2023-05-10 22:18:14,SR401C7000,SR401C7000,189.5,0.0,0.0,0.0,5,198.5,205.5,5,189.5,0.0,0.0,0.0,0.0,0.0,604
2023-05-10 22:18:14,SR401C7000,SR401C7000,189.5,0.0,0.0,0.0,5,198.5,204.0,5,189.5,0.0,0.0,0.0,0.0,0.0,604
2023-05-10 22:18:52,SR401C7000,SR401C7000,189.5,0.0,0.0,0.0,5,198.5,202.5,5,189.5,0.0,0.0,0.0,0.0,0.0,604
2023-05-10 22:22:01,SR401C7000,SR401C7000,189.5,0.0,0.0,0.0,5,198.5,204.0,5,189.5,0.0,0.0,0.0,0.0,0.0,604
2023-05-10 22:23:09,SR401C7000,SR401C7000,189.5,0.0,0.0,0.0,5,200.0,206.0,5,189.5,0.0,0.0,0.0,0.0,0.0,604
2023-05-10 22:23:30,SR401C7000,SR401C7000,189.5,0.0,0.0,0.0,5,201.5,206.0,5,189.5,0.0,0.0,0.0,0.0,0.0,604
2023-05-10 22:25:48,SR401C7000,SR401C7000,189.5,0.0,0.0,0.0,5,201.5,207.0,5,189.5,0.0,0.0,0.0,0.0,0.0,604
2023-05-10 22:26:12,SR401C7000,SR401C7000,189.5,0.0,0.0,0.0,5,201.5,205.5,5,189.5,0.0,0.0,0.0,0.0,0.0,604
2023-05-10 22:26:31,SR401C7000,SR401C7000,189.5,0.0,0.0,0.0,5,200.0,205.5,5,189.5,0.0,0.0,0.0,0.0,0.0,604
2023-05-10 22:26:41,SR401C7000,SR401C7000,189.5,0.0,0.0,0.0,5,198.0,205.5,5,189.5,0.0,0.0,0.0,0.0,0.0,604
2023-05-10 22:27:28,SR401C7000,SR401C7000,189.5,0.0,0.0,0.0,5,198.0,203.5,5,189.5,0.0,0.0,0.0,0.0,0.0,604
2023-05-10 22:28:36,SR401C7000,SR401C7000,189.5,0.0,0.0,0.0,5,198.0,202.0,5,189.5,0.0,0.0,0.0,0.0,0.0,604
2023-05-10 22:28:43,SR401C7000,SR401C7000,189.5,0.0,0.0,0.0,5,196.0,202.0,5,189.5,0.0,0.0,0.0,0.0,0.0,604
2023-05-10 22:32:33,SR401C7000,SR401C7000,189.5,0.0,0.0,0.0,5,196.0,200.5,5,189.5,0.0,0.0,0.0,0.0,0.0,604
2023-05-10 22:32:44,SR401C7000,SR401C7000,189.5,0.0,0.0,0.0,5,194.0,200.5,5,189.5,0.0,0.0,0.0,0.0,0.0,604
2023-05-10 22:33:03,SR401C7000,SR401C7000,189.5,0.0,0.0,0.0,5,194.0,199.0,5,189.5,0.0,0.0,0.0,0.0,0.0,604
2023-05-10 22:33:29,SR401C7000,SR401C7000,189.5,0.0,0.0,0.0,5,192.0,199.0,5,189.5,0.0,0.0,0.0,0.0,0.0,604
2023-05-10 22:33:54,SR401C7000,SR401C7000,189.5,0.0,0.0,0.0,5,192.0,197.0,5,189.5,0.0,0.0,0.0,0.0,0.0,604
2023-05-10 22:34:44,SR401C7000,SR401C7000,189.5,0.0,0.0,0.0,5,192.0,199.0,5,189.5,0.0,0.0,0.0,0.0,0.0,604
2023-05-10 22:35:04,SR401C7000,SR401C7000,189.5,0.0,0.0,0.0,5,193.5,199.0,5,189.5,0.0,0.0,0.0,0.0,0.0,604
2023-05-10 22:37:23,SR401C7000,SR401C7000,189.5,0.0,0.0,0.0,5,193.5,197.5,5,189.5,0.0,0.0,0.0,0.0,0.0,604
2023-05-10 22:38:39,SR401C7000,SR401C7000,189.5,0.0,0.0,0.0,5,193.5,199.0,5,189.5,0.0,0.0,0.0,0.0,0.0,604
2023-05-10 22:39:00,SR401C7000,SR401C7000,189.5,0.0,0.0,0.0,5,195.0,201.0,5,189.5,0.0,0.0,0.0,0.0,0.0,604
2023-05-10 22:39:36,SR401C7000,SR401C7000,189.5,0.0,0.0,0.0,5,196.5,201.0,5,189.5,0.0,0.0,0.0,0.0,0.0,604
2023-05-10 22:39:56,SR401C7000,SR401C7000,189.5,0.0,0.0,0.0,5,195.0,201.0,5,189.5,0.0,0.0,0.0,0.0,0.0,604
2023-05-10 22:40:34,SR401C7000,SR401C7000,189.5,0.0,0.0,0.0,5,196.5,201.0,5,189.5,0.0,0.0,0.0,0.0,0.0,604
2023-05-10 22:44:07,SR401C7000,SR401C7000,189.5,0.0,0.0,0.0,5,195.0,201.0,5,189.5,0.0,0.0,0.0,0.0,0.0,604
2023-05-10 22:44:26,SR401C7000,SR401C7000,189.5,0.0,0.0,0.0,5,193.0,198.5,5,189.5,0.0,0.0,0.0,0.0,0.0,604
2023-05-10 22:47:54,SR401C7000,SR401C7000,189.5,0.0,0.0,0.0,5,193.0,197.0,5,189.5,0.0,0.0,0.0,0.0,0.0,604
2023-05-10 22:48:47,SR401C7000,SR401C7000,189.5,0.0,0.0,0.0,5,191.0,197.0,5,189.5,0.0,0.0,0.0,0.0,0.0,604
2023-05-10 22:50:00,SR401C7000,SR401C7000,189.5,0.0,0.0,0.0,5,192.5,197.0,5,189.5,0.0,0.0,0.0,0.0,0.0,604
2023-05-10 22:53:29,SR401C7000,SR401C7000,189.5,0.0,0.0,0.0,5,192.5,198.5,5,189.5,0.0,0.0,0.0,0.0,0.0,604
2023-05-10 22:53:47,SR401C7000,SR401C7000,189.5,0.0,0.0,0.0,5,192.5,201.0,5,189.5,0.0,0.0,0.0,0.0,0.0,604
2023-05-10 22:53:55,SR401C7000,SR401C7000,189.5,0.0,0.0,0.0,5,194.5,201.0,5,189.5,0.0,0.0,0.0,0.0,0.0,604
2023-05-10 22:55:25,SR401C7000,SR401C7000,189.5,0.0,0.0,0.0,5,192.5,201.0,5,189.5,0.0,0.0,0.0,0.0,0.0,604
2023-05-10 22:55:59,SR401C7000,SR401C7000,189.5,0.0,0.0,0.0,2,145.0,210.0,5,189.5,0.0,0.0,0.0,0.0,0.0,604
2023-05-10 22:56:00,SR401C7000,SR401C7000,189.5,0.0,0.0,0.0,2,151.5,210.0,5,189.5,0.0,0.0,0.0,0.0,0.0,604
2023-05-10 22:56:01,SR401C7000,SR401C7000,189.5,0.0,0.0,0.0,2,168.0,210.0,5,189.5,0.0,0.0,0.0,0.0,0.0,604
2023-05-10 22:56:33,SR401C7000,SR401C7000,189.5,0.0,0.0,0.0,2,110.5,210.0,5,189.5,0.0,0.0,0.0,0.0,0.0,604
2023-05-10 22:56:34,SR401C7000,SR401C7000,189.5,0.0,0.0,0.0,10,111.0,210.0,5,189.5,0.0,0.0,0.0,0.0,0.0,604
2023-05-10 22:56:34,SR401C7000,SR401C7000,189.5,0.0,0.0,0.0,2,117.0,210.0,5,189.5,0.0,0.0,0.0,0.0,0.0,604
2023-05-10 22:56:35,SR401C7000,SR401C7000,189.5,0.0,0.0,0.0,10,117.5,210.0,5,189.5,0.0,0.0,0.0,0.0,0.0,604
2023-05-10 22:56:37,SR401C7000,SR401C7000,189.5,0.0,0.0,0.0,2,124.0,210.0,5,189.5,0.0,0.0,0.0,0.0,0.0,604
2023-05-10 22:56:37,SR401C7000,SR401C7000,189.5,0.0,0.0,0.0,10,124.5,210.0,5,189.5,0.0,0.0,0.0,0.0,0.0,604
2023-05-10 22:56:44,SR401C7000,SR401C7000,189.5,0.0,0.0,0.0,2,131.0,210.0,5,189.5,0.0,0.0,0.0,0.0,0.0,604
2023-05-10 22:56:45,SR401C7000,SR401C7000,189.5,0.0,0.0,0.0,10,131.5,210.0,5,189.5,0.0,0.0,0.0,0.0,0.0,604
2023-05-10 22:56:49,SR401C7000,SR401C7000,189.5,0.0,0.0,0.0,2,138.0,210.0,5,189.5,0.0,0.0,0.0,0.0,0.0,604
2023-05-10 22:57:10,SR401C7000,SR401C7000,189.5,0.0,0.0,0.0,2,110.5,210.0,5,189.5,0.0,0.0,0.0,0.0,0.0,604
2023-05-10 22:57:10,SR401C7000,SR401C7000,189.5,0.0,0.0,0.0,10,111.0,210.0,5,189.5,0.0,0.0,0.0,0.0,0.0,604
2023-05-10 22:57:35,SR401C7000,SR401C7000,189.5,0.0,0.0,0.0,2,110.5,210.0,5,189.5,0.0,0.0,0.0,0.0,0.0,604
2023-05-11 09:00:00,SR401C7000,SR401C7000,189.5,0.0,0.0,0.0,2,145.0,210.0,5,189.5,0.0,0.0,0.0,0.0,0.0,604
2023-05-11 09:00:01,SR401C7000,SR401C7000,189.5,0.0,0.0,0.0,2,145.0,246.0,2,189.5,0.0,0.0,0.0,0.0,0.0,604
2023-05-11 09:00:07,SR401C7000,SR401C7000,189.5,0.0,0.0,0.0,2,145.0,334.0,2,189.5,0.0,0.0,0.0,0.0,0.0,604
2023-05-11 09:00:10,SR401C7000,SR401C7000,189.5,0.0,0.0,0.0,2,145.0,299.0,2,189.5,0.0,0.0,0.0,0.0,0.0,604
2023-05-11 09:00:10,SR401C7000,SR401C7000,189.5,0.0,0.0,0.0,2,145.0,298.5,10,189.5,0.0,0.0,0.0,0.0,0.0,604
2023-05-11 09:00:11,SR401C7000,SR401C7000,189.5,0.0,0.0,0.0,2,145.0,264.0,2,189.5,0.0,0.0,0.0,0.0,0.0,604
2023-05-11 09:00:11,SR401C7000,SR401C7000,189.5,0.0,0.0,0.0,2,145.0,263.5,10,189.5,0.0,0.0,0.0,0.0,0.0,604
2023-05-11 09:00:11,SR401C7000,SR401C7000,189.5,0.0,0.0,0.0,2,145.0,229.0,2,189.5,0.0,0.0,0.0,0.0,0.0,604
2023-05-11 09:00:17,SR401C7000,SR401C7000,189.5,0.0,0.0,0.0,2,145.0,331.0,10,189.5,0.0,0.0,0.0,0.0,0.0,604
2023-05-11 09:00:17,SR401C7000,SR401C7000,189.5,0.0,0.0,0.0,2,145.0,296.5,2,189.5,0.0,0.0,0.0,0.0,0.0,604
2023-05-11 09:00:18,SR401C7000,SR401C7000,189.5,0.0,0.0,0.0,2,145.0,261.5,2,189.5,0.0,0.0,0.0,0.0,0.0,604
2023-05-11 09:00:19,SR401C7000,SR401C7000,189.5,0.0,0.0,0.0,2,145.0,261.0,10,189.5,0.0,0.0,0.0,0.0,0.0,604
2023-05-11 09:00:19,SR401C7000,SR401C7000,189.5,0.0,0.0,0.0,2,145.0,233.0,2,189.5,0.0,0.0,0.0,0.0,0.0,604
2023-05-11 09:00:26,SR401C7000,SR401C7000,189.5,0.0,0.0,0.0,2,145.0,331.0,10,189.5,0.0,0.0,0.0,0.0,0.0,604
2023-05-11 09:00:26,SR401C7000,SR401C7000,189.5,0.0,0.0,0.0,2,145.0,296.5,2,189.5,0.0,0.0,0.0,0.0,0.0,604
2023-05-11 09:00:27,SR401C7000,SR401C7000,189.5,0.0,0.0,0.0,2,145.0,261.5,2,189.5,0.0,0.0,0.0,0.0,0.0,604
2023-05-11 09:00:28,SR401C7000,SR401C7000,189.5,0.0,0.0,0.0,2,145.0,261.0,10,189.5,0.0,0.0,0.0,0.0,0.0,604
2023-05-11 09:00:28,SR401C7000,SR401C7000,189.5,0.0,0.0,0.0,2,145.0,232.0,2,189.5,0.0,0.0,0.0,0.0,0.0,604
2023-05-11 09:00:36,SR401C7000,SR401C7000,189.5,0.0,0.0,0.0,2,145.0,331.5,10,189.5,0.0,0.0,0.0,0.0,0.0,604
2023-05-11 09:00:36,SR401C7000,SR401C7000,189.5,0.0,0.0,0.0,2,145.0,297.0,2,189.5,0.0,0.0,0.0,0.0,0.0,604
2023-05-11 09:00:37,SR401C7000,SR401C7000,189.5,0.0,0.0,0.0,2,145.0,262.0,2,189.5,0.0,0.0,0.0,0.0,0.0,604
2023-05-11 09:00:38,SR401C7000,SR401C7000,189.5,0.0,0.0,0.0,2,145.0,261.5,10,189.5,0.0,0.0,0.0,0.0,0.0,604
2023-05-11 09:00:38,SR401C7000,SR401C7000,189.5,0.0,0.0,0.0,2,145.0,233.0,2,189.5,0.0,0.0,0.0,0.0,0.0,604
2023-05-11 09:00:44,SR401C7000,SR401C7000,189.5,0.0,0.0,0.0,2,145.0,333.5,10,189.5,0.0,0.0,0.0,0.0,0.0,604
2023-05-11 09:00:44,SR401C7000,SR401C7000,189.5,0.0,0.0,0.0,2,145.0,299.0,2,189.5,0.0,0.0,0.0,0.0,0.0,604
2023-05-11 09:00:45,SR401C7000,SR401C7000,189.5,0.0,0.0,0.0,2,145.0,264.0,2,189.5,0.0,0.0,0.0,0.0,0.0,604
2023-05-11 09:00:46,SR401C7000,SR401C7000,189.5,0.0,0.0,0.0,2,145.0,263.5,10,189.5,0.0,0.0,0.0,0.0,0.0,604
2023-05-11 09:00:46,SR401C7000,SR401C7000,189.5,0.0,0.0,0.0,2,145.0,234.5,2,189.5,0.0,0.0,0.0,0.0,0.0,604
2023-05-11 09:00:57,SR401C7000,SR401C7000,189.5,0.0,0.0,0.0,2,145.0,333.5,10,189.5,0.0,0.0,0.0,0.0,0.0,604
2023-05-11 09:00:57,SR401C7000,SR401C7000,189.5,0.0,0.0,0.0,2,145.0,299.0,2,189.5,0.0,0.0,0.0,0.0,0.0,604
2023-05-11 09:00:58,SR401C7000,SR401C7000,189.5,0.0,0.0,0.0,2,145.0,264.0,2,189.5,0.0,0.0,0.0,0.0,0.0,604
2023-05-11 09:00:59,SR401C7000,SR401C7000,189.5,0.0,0.0,0.0,2,145.0,263.5,10,189.5,0.0,0.0,0.0,0.0,0.0,604
2023-05-11 09:00:59,SR401C7000,SR401C7000,189.5,0.0,0.0,0.0,2,145.0,234.0,2,189.5,0.0,0.0,0.0,0.0,0.0,604
2023-05-11 09:01:02,SR401C7000,SR401C7000,189.5,0.0,0.0,0.0,2,145.0,230.0,5,189.5,0.0,0.0,0.0,0.0,0.0,604
2023-05-11 09:01:22,SR401C7000,SR401C7000,189.5,0.0,0.0,0.0,5,195.0,205.0,5,189.5,0.0,0.0,0.0,0.0,0.0,604
2023-05-11 09:01:37,SR401C7000,SR401C7000,189.5,0.0,0.0,0.0,5,197.5,205.0,5,189.5,0.0,0.0,0.0,0.0,0.0,604
2023-05-11 09:01:54,SR401C7000,SR401C7000,189.5,0.0,0.0,0.0,5,197.5,208.5,5,189.5,0.0,0.0,0.0,0.0,0.0,604
2023-05-11 09:02:13,SR401C7000,SR401C7000,189.5,0.0,0.0,0.0,5,197.5,206.0,5,189.5,0.0,0.0,0.0,0.0,0.0,604
2023-05-11 09:03:48,SR401C7000,SR401C7000,189.5,0.0,0.0,0.0,5,197.5,203.0,5,189.5,0.0,0.0,0.0,0.0,0.0,604
2023-05-11 09:03:58,SR401C7000,SR401C7000,189.5,0.0,0.0,0.0,5,195.0,203.0,5,189.5,0.0,0.0,0.0,0.0,0.0,604
2023-05-11 09:05:07,SR401C7000,SR401C7000,189.5,0.0,0.0,0.0,5,197.0,203.0,5,189.5,0.0,0.0,0.0,0.0,0.0,604
2023-05-11 09:16:12,SR401C7000,SR401C7000,189.5,0.0,0.0,0.0,5,197.0,206.0,5,189.5,0.0,0.0,0.0,0.0,0.0,604
2023-05-11 09:16:13,SR401C7000,SR401C7000,189.5,0.0,0.0,0.0,5,199.0,206.0,5,189.5,0.0,0.0,0.0,0.0,0.0,604
2023-05-11 09:16:49,SR401C7000,SR401C7000,189.5,0.0,0.0,0.0,5,199.0,204.5,5,189.5,0.0,0.0,0.0,0.0,0.0,604
2023-05-11 09:17:15,SR401C7000,SR401C7000,189.5,0.0,0.0,0.0,5,197.0,204.5,5,189.5,0.0,0.0,0.0,0.0,0.0,604
2023-05-11 09:18:06,SR401C7000,SR401C7000,189.5,0.0,0.0,0.0,5,197.0,202.5,5,189.5,0.0,0.0,0.0,0.0,0.0,604
2023-05-11 09:21:30,SR401C7000,SR401C7000,189.5,0.0,0.0,0.0,5,194.5,202.5,5,189.5,0.0,0.0,0.0,0.0,0.0,604
2023-05-11 09:24:19,SR401C7000,SR401C7000,189.5,0.0,0.0,0.0,5,196.0,202.5,5,189.5,0.0,0.0,0.0,0.0,0.0,604
2023-05-11 09:27:46,SR401C7000,SR401C7000,189.5,0.0,0.0,0.0,5,198.0,204.5,5,189.5,0.0,0.0,0.0,0.0,0.0,604
2023-05-11 09:32:10,SR401C7000,SR401C7000,189.5,0.0,0.0,0.0,5,200.0,204.5,5,189.5,0.0,0.0,0.0,0.0,0.0,604
2023-05-11 09:34:25,SR401C7000,SR401C7000,189.5,0.0,0.0,0.0,5,200.0,207.0,5,189.5,0.0,0.0,0.0,0.0,0.0,604
2023-05-11 09:35:22,SR401C7000,SR401C7000,189.5,0.0,0.0,0.0,5,200.0,205.5,5,189.5,0.0,0.0,0.0,0.0,0.0,604
2023-05-11 09:36:19,SR401C7000,SR401C7000,189.5,0.0,0.0,0.0,5,198.0,205.5,5,189.5,0.0,0.0,0.0,0.0,0.0,604
2023-05-11 09:36:48,SR401C7000,SR401C7000,189.5,0.0,0.0,0.0,5,198.0,204.0,5,189.5,0.0,0.0,0.0,0.0,0.0,604
2023-05-11 09:40:23,SR401C7000,SR401C7000,189.5,0.0,0.0,0.0,5,195.5,202.5,5,189.5,0.0,0.0,0.0,0.0,0.0,604
2023-05-11 09:43:08,SR401C7000,SR401C7000,189.5,0.0,0.0,0.0,5,195.5,201.0,5,189.5,0.0,0.0,0.0,0.0,0.0,604
2023-05-11 09:43:49,SR401C7000,SR401C7000,189.5,0.0,0.0,0.0,5,193.0,201.0,5,189.5,0.0,0.0,0.0,0.0,0.0,604
2023-05-11 09:45:02,SR401C7000,SR401C7000,189.5,0.0,0.0,0.0,5,195.0,201.0,5,189.5,0.0,0.0,0.0,0.0,0.0,604
2023-05-11 09:47:48,SR401C7000,SR401C7000,189.5,0.0,0.0,0.0,5,193.0,199.5,5,189.5,0.0,0.0,0.0,0.0,0.0,604
2023-05-11 09:53:19,SR401C7000,SR401C7000,189.5,0.0,0.0,0.0,5,193.0,198.0,5,189.5,0.0,0.0,0.0,0.0,0.0,604
2023-05-11 09:53:31,SR401C7000,SR401C7000,189.5,0.0,0.0,0.0,5,190.5,198.0,5,189.5,0.0,0.0,0.0,0.0,0.0,604
2023-05-11 09:53:43,SR401C7000,SR401C7000,189.5,0.0,0.0,0.0,5,190.5,196.5,5,189.5,0.0,0.0,0.0,0.0,0.0,604
2023-05-11 09:54:42,SR401C7000,SR401C7000,189.5,0.0,0.0,0.0,5,188.0,196.5,5,189.5,0.0,0.0,0.0,0.0,0.0,604
2023-05-11 09:54:43,SR401C7000,SR401C7000,189.5,0.0,0.0,0.0,5,188.0,195.0,5,189.5,0.0,0.0,0.0,0.0,0.0,604
2023-05-11 09:54:54,SR401C7000,SR401C7000,189.5,0.0,0.0,0.0,5,189.5,195.0,5,189.5,0.0,0.0,0.0,0.0,0.0,604
2023-05-11 09:56:13,SR401C7000,SR401C7000,189.5,0.0,0.0,0.0,5,189.5,196.5,5,189.5,0.0,0.0,0.0,0.0,0.0,604
2023-05-11 09:56:17,SR401C7000,SR401C7000,189.5,0.0,0.0,0.0,5,191.0,196.5,5,189.5,0.0,0.0,0.0,0.0,0.0,604
2023-05-11 10:00:22,SR401C7000,SR401C7000,189.5,0.0,0.0,0.0,5,189.5,195.0,5,189.5,0.0,0.0,0.0,0.0,0.0,604
2023-05-11 10:03:01,SR401C7000,SR401C7000,189.5,0.0,0.0,0.0,5,187.0,195.0,5,189.5,0.0,0.0,0.0,0.0,0.0,604
2023-05-11 10:03:15,SR401C7000,SR401C7000,189.5,0.0,0.0,0.0,5,187.0,193.5,5,189.5,0.0,0.0,0.0,0.0,0.0,604
2023-05-11 10:03:32,SR401C7000,SR401C7000,189.5,0.0,0.0,0.0,5,187.0,191.5,5,189.5,0.0,0.0,0.0,0.0,0.0,604
2023-05-11 10:03:35,SR401C7000,SR401C7000,189.5,0.0,0.0,0.0,5,184.5,191.5,5,189.5,0.0,0.0,0.0,0.0,0.0,604
2023-05-11 10:04:00,SR401C7000,SR401C7000,189.5,0.0,0.0,0.0,5,184.5,190.0,5,189.5,0.0,0.0,0.0,0.0,0.0,604
2023-05-11 10:04:23,SR401C7000,SR401C7000,189.5,0.0,0.0,0.0,5,182.0,190.0,5,189.5,0.0,0.0,0.0,0.0,0.0,604
2023-05-11 10:04:24,SR401C7000,SR401C7000,189.5,0.0,0.0,0.0,5,182.0,188.5,5,189.5,0.0,0.0,0.0,0.0,0.0,604
2023-05-11 10:05:32,SR401C7000,SR401C7000,189.5,0.0,0.0,0.0,5,184.0,188.5,5,189.5,0.0,0.0,0.0,0.0,0.0,604
2023-05-11 10:05:33,SR401C7000,SR401C7000,189.5,0.0,0.0,0.0,5,184.0,190.0,5,189.5,0.0,0.0,0.0,0.0,0.0,604
2023-05-11 10:08:14,SR401C7000,SR401C7000,189.5,0.0,0.0,0.0,5,182.0,190.0,5,189.5,0.0,0.0,0.0,0.0,0.0,604
2023-05-11 10:08:17,SR401C7000,SR401C7000,189.5,0.0,0.0,0.0,5,182.0,188.5,5,189.5,0.0,0.0,0.0,0.0,0.0,604
2023-05-11 10:08:26,SR401C7000,SR401C7000,189.5,0.0,0.0,0.0,5,182.0,187.0,5,189.5,0.0,0.0,0.0,0.0,0.0,604
2023-05-11 10:08:33,SR401C7000,SR401C7000,189.5,0.0,0.0,0.0,5,179.5,187.0,5,189.5,0.0,0.0,0.0,0.0,0.0,604
2023-05-11 10:09:01,SR401C7000,SR401C7000,189.5,0.0,0.0,0.0,5,179.5,185.0,5,189.5,0.0,0.0,0.0,0.0,0.0,604
2023-05-11 10:09:24,SR401C7000,SR401C7000,189.5,0.0,0.0,0.0,5,177.0,185.0,5,189.5,0.0,0.0,0.0,0.0,0.0,604
2023-05-11 10:10:06,SR401C7000,SR401C7000,189.5,0.0,0.0,0.0,5,177.0,183.0,5,189.5,0.0,0.0,0.0,0.0,0.0,604
2023-05-11 10:11:39,SR401C7000,SR401C7000,189.5,0.0,0.0,0.0,5,177.0,185.0,5,189.5,0.0,0.0,0.0,0.0,0.0,604
2023-05-11 10:11:41,SR401C7000,SR401C7000,189.5,0.0,0.0,0.0,5,179.0,185.0,5,189.5,0.0,0.0,0.0,0.0,0.0,604
2023-05-11 10:13:49,SR401C7000,SR401C7000,189.5,0.0,0.0,0.0,5,179.0,187.5,5,189.5,0.0,0.0,0.0,0.0,0.0,604
2023-05-11 10:14:28,SR401C7000,SR401C7000,189.5,0.0,0.0,0.0,5,180.5,187.5,5,189.5,0.0,0.0,0.0,0.0,0.0,604
2023-05-11 10:30:04,SR401C7000,SR401C7000,189.5,0.0,0.0,0.0,5,180.5,185.5,5,189.5,0.0,0.0,0.0,0.0,0.0,604
2023-05-11 10:30:09,SR401C7000,SR401C7000,189.5,0.0,0.0,0.0,5,179.0,185.5,5,189.5,0.0,0.0,0.0,0.0,0.0,604
2023-05-11 10:31:01,SR401C7000,SR401C7000,189.5,0.0,0.0,0.0,5,179.0,184.0,5,189.5,0.0,0.0,0.0,0.0,0.0,604
2023-05-11 10:31:03,SR401C7000,SR401C7000,189.5,0.0,0.0,0.0,5,176.5,184.0,5,189.5,0.0,0.0,0.0,0.0,0.0,604
2023-05-11 10:31:17,SR401C7000,SR401C7000,189.5,0.0,0.0,0.0,5,176.5,182.5,5,189.5,0.0,0.0,0.0,0.0,0.0,604
2023-05-11 10:31:29,SR401C7000,SR401C7000,189.5,0.0,0.0,0.0,5,174.0,182.5,5,189.5,0.0,0.0,0.0,0.0,0.0,604
2023-05-11 10:31:30,SR401C7000,SR401C7000,189.5,0.0,0.0,0.0,5,174.0,180.5,5,189.5,0.0,0.0,0.0,0.0,0.0,604
2023-05-11 10:32:07,SR401C7000,SR401C7000,189.5,0.0,0.0,0.0,5,171.5,180.5,5,189.5,0.0,0.0,0.0,0.0,0.0,604
2023-05-11 10:32:12,SR401C7000,SR401C7000,189.5,0.0,0.0,0.0,5,173.0,180.5,5,189.5,0.0,0.0,0.0,0.0,0.0,604
2023-05-11 10:33:02,SR401C7000,SR401C7000,189.5,0.0,0.0,0.0,5,173.0,179.0,5,189.5,0.0,0.0,0.0,0.0,0.0,604
2023-05-11 10:34:17,SR401C7000,SR401C7000,189.5,0.0,0.0,0.0,5,173.0,180.5,5,189.5,0.0,0.0,0.0,0.0,0.0,604
2023-05-11 10:34:31,SR401C7000,SR401C7000,189.5,0.0,0.0,0.0,5,174.5,180.5,5,189.5,0.0,0.0,0.0,0.0,0.0,604
2023-05-11 10:36:12,SR401C7000,SR401C7000,189.5,0.0,0.0,0.0,5,176.0,183.0,5,189.5,0.0,0.0,0.0,0.0,0.0,604
2023-05-11 10:36:38,SR401C7000,SR401C7000,189.5,0.0,0.0,0.0,5,178.0,183.0,5,189.5,0.0,0.0,0.0,0.0,0.0,604
2023-05-11 10:36:42,SR401C7000,SR401C7000,189.5,0.0,0.0,0.0,5,178.0,185.5,5,189.5,0.0,0.0,0.0,0.0,0.0,604
2023-05-11 10:37:21,SR401C7000,SR401C7000,189.5,0.0,0.0,0.0,5,180.0,185.5,5,189.5,0.0,0.0,0.0,0.0,0.0,604
2023-05-11 10:38:35,SR401C7000,SR401C7000,189.5,0.0,0.0,0.0,5,178.0,185.5,5,189.5,0.0,0.0,0.0,0.0,0.0,604
2023-05-11 10:40:02,SR401C7000,SR401C7000,189.5,0.0,0.0,0.0,5,180.0,185.5,5,189.5,0.0,0.0,0.0,0.0,0.0,604
2023-05-11 10:42:45,SR401C7000,SR401C7000,189.5,0.0,0.0,0.0,5,178.0,185.5,5,189.5,0.0,0.0,0.0,0.0,0.0,604
2023-05-11 10:43:06,SR401C7000,SR401C7000,189.5,0.0,0.0,0.0,5,178.0,184.0,5,189.5,0.0,0.0,0.0,0.0,0.0,604
2023-05-11 10:43:58,SR401C7000,SR401C7000,189.5,0.0,0.0,0.0,5,175.5,184.0,5,189.5,0.0,0.0,0.0,0.0,0.0,604
2023-05-11 10:44:03,SR401C7000,SR401C7000,189.5,0.0,0.0,0.0,5,175.5,182.5,5,189.5,0.0,0.0,0.0,0.0,0.0,604
2023-05-11 10:46:04,SR401C7000,SR401C7000,189.5,0.0,0.0,0.0,5,177.5,182.5,5,189.5,0.0,0.0,0.0,0.0,0.0,604
2023-05-11 10:46:45,SR401C7000,SR401C7000,189.5,0.0,0.0,0.0,5,177.5,184.0,5,189.5,0.0,0.0,0.0,0.0,0.0,604
2023-05-11 10:48:23,SR401C7000,SR401C7000,189.5,0.0,0.0,0.0,5,177.5,186.5,5,189.5,0.0,0.0,0.0,0.0,0.0,604
2023-05-11 10:48:36,SR401C7000,SR401C7000,189.5,0.0,0.0,0.0,5,180.0,186.5,5,189.5,0.0,0.0,0.0,0.0,0.0,604
2023-05-11 10:48:56,SR401C7000,SR401C7000,189.5,0.0,0.0,0.0,5,180.0,189.0,5,189.5,0.0,0.0,0.0,0.0,0.0,604
2023-05-11 10:49:17,SR401C7000,SR401C7000,189.5,0.0,0.0,0.0,5,180.0,191.5,5,189.5,0.0,0.0,0.0,0.0,0.0,604
2023-05-11 10:49:32,SR401C7000,SR401C7000,189.5,0.0,0.0,0.0,5,183.0,191.5,5,189.5,0.0,0.0,0.0,0.0,0.0,604
2023-05-11 10:49:51,SR401C7000,SR401C7000,189.5,0.0,0.0,0.0,5,186.0,191.5,5,189.5,0.0,0.0,0.0,0.0,0.0,604
2023-05-11 10:50:00,SR401C7000,SR401C7000,189.5,0.0,0.0,0.0,5,186.0,194.0,5,189.5,0.0,0.0,0.0,0.0,0.0,604
2023-05-11 10:50:13,SR401C7000,SR401C7000,189.5,0.0,0.0,0.0,5,186.0,192.5,5,189.5,0.0,0.0,0.0,0.0,0.0,604
2023-05-11 10:50:29,SR401C7000,SR401C7000,189.5,0.0,0.0,0.0,5,186.0,194.0,5,189.5,0.0,0.0,0.0,0.0,0.0,604
2023-05-11 10:50:46,SR401C7000,SR401C7000,189.5,0.0,0.0,0.0,5,187.5,194.0,5,189.5,0.0,0.0,0.0,0.0,0.0,604
2023-05-11 10:54:42,SR401C7000,SR401C7000,189.5,0.0,0.0,0.0,5,187.5,192.5,5,189.5,0.0,0.0,0.0,0.0,0.0,604
2023-05-11 11:02:14,SR401C7000,SR401C7000,189.5,0.0,0.0,0.0,5,187.5,194.0,5,189.5,0.0,0.0,0.0,0.0,0.0,604
2023-05-11 11:05:06,SR401C7000,SR401C7000,189.5,0.0,0.0,0.0,5,189.5,194.0,5,189.5,0.0,0.0,0.0,0.0,0.0,604
2023-05-11 11:05:06,SR401C7000,SR401C7000,189.5,0.0,0.0,0.0,5,189.5,196.5,5,189.5,0.0,0.0,0.0,0.0,0.0,604
2023-05-11 11:07:32,SR401C7000,SR401C7000,189.5,0.0,0.0,0.0,5,189.5,194.5,5,189.5,0.0,0.0,0.0,0.0,0.0,604
2023-05-11 11:08:35,SR401C7000,SR401C7000,189.5,0.0,0.0,0.0,5,187.5,194.5,5,189.5,0.0,0.0,0.0,0.0,0.0,604
2023-05-11 11:09:26,SR401C7000,SR401C7000,189.5,0.0,0.0,0.0,5,187.5,192.5,5,189.5,0.0,0.0,0.0,0.0,0.0,604
2023-05-11 11:12:01,SR401C7000,SR401C7000,189.5,0.0,0.0,0.0,5,187.5,194.5,5,189.5,0.0,0.0,0.0,0.0,0.0,604
2023-05-11 11:12:08,SR401C7000,SR401C7000,189.5,0.0,0.0,0.0,5,189.5,194.5,5,189.5,0.0,0.0,0.0,0.0,0.0,604
2023-05-11 11:13:12,SR401C7000,SR401C7000,189.5,0.0,0.0,0.0,5,189.5,197.0,5,189.5,0.0,0.0,0.0,0.0,0.0,604
2023-05-11 11:14:04,SR401C7000,SR401C7000,189.5,0.0,0.0,0.0,5,191.0,197.0,5,189.5,0.0,0.0,0.0,0.0,0.0,604
2023-05-11 11:15:02,SR401C7000,SR401C7000,189.5,0.0,0.0,0.0,5,192.5,199.5,5,189.5,0.0,0.0,0.0,0.0,0.0,604
2023-05-11 11:17:28,SR401C7000,SR401C7000,189.5,0.0,0.0,0.0,5,192.5,198.0,5,189.5,0.0,0.0,0.0,0.0,0.0,604
2023-05-11 11:18:19,SR401C7000,SR401C7000,189.5,0.0,0.0,0.0,5,192.5,199.5,5,189.5,0.0,0.0,0.0,0.0,0.0,604
2023-05-11 11:22:42,SR401C7000,SR401C7000,189.5,0.0,0.0,0.0,5,192.5,198.0,5,189.5,0.0,0.0,0.0,0.0,0.0,604
2023-05-11 11:25:25,SR401C7000,SR401C7000,189.5,0.0,0.0,0.0,5,192.5,199.5,5,189.5,0.0,0.0,0.0,0.0,0.0,604
2023-05-11 11:25:29,SR401C7000,SR401C7000,189.5,0.0,0.0,0.0,5,194.0,199.5,5,189.5,0.0,0.0,0.0,0.0,0.0,604
2023-05-11 11:26:00,SR401C7000,SR401C7000,189.5,0.0,0.0,0.0,5,194.0,202.0,5,189.5,0.0,0.0,0.0,0.0,0.0,604
2023-05-11 11:27:01,SR401C7000,SR401C7000,189.5,0.0,0.0,0.0,5,194.0,200.0,5,189.5,0.0,0.0,0.0,0.0,0.0,604
2023-05-11 11:29:31,SR401C7000,SR401C7000,189.5,0.0,0.0,0.0,2,145.0,205.0,2,189.5,0.0,0.0,0.0,0.0,0.0,604
2023-05-11 11:29:59,SR401C7000,SR401C7000,189.5,0.0,0.0,0.0,2,145.0,216.0,5,189.5,0.0,0.0,0.0,0.0,0.0,604
2023-05-11 13:31:11,SR401C7000,SR401C7000,189.5,0.0,0.0,0.0,2,182.5,216.0,5,189.5,0.0,0.0,0.0,0.0,0.0,604
2023-05-11 13:44:12,SR401C7000,SR401C7000,189.5,0.0,0.0,0.0,5,200.5,206.5,5,189.5,0.0,0.0,0.0,0.0,0.0,604
2023-05-11 13:46:25,SR401C7000,SR401C7000,189.5,0.0,0.0,0.0,5,200.5,205.0,5,189.5,0.0,0.0,0.0,0.0,0.0,604
2023-05-11 13:48:19,SR401C7000,SR401C7000,189.5,0.0,0.0,0.0,5,200.5,206.5,5,189.5,0.0,0.0,0.0,0.0,0.0,604
2023-05-11 13:50:13,SR401C7000,SR401C7000,189.5,0.0,0.0,0.0,5,200.5,205.0,5,189.5,0.0,0.0,0.0,0.0,0.0,604
2023-05-11 13:50:49,SR401C7000,SR401C7000,189.5,0.0,0.0,0.0,5,198.0,205.0,5,189.5,0.0,0.0,0.0,0.0,0.0,604
2023-05-11 13:52:18,SR401C7000,SR401C7000,189.5,0.0,0.0,0.0,5,198.0,203.5,5,189.5,0.0,0.0,0.0,0.0,0.0,604
2023-05-11 14:00:26,SR401C7000,SR401C7000,189.5,0.0,0.0,0.0,5,196.0,203.5,5,189.5,0.0,0.0,0.0,0.0,0.0,604
2023-05-11 14:00:51,SR401C7000,SR401C7000,189.5,0.0,0.0,0.0,5,196.0,201.5,5,189.5,0.0,0.0,0.0,0.0,0.0,604
2023-05-11 14:01:22,SR401C7000,SR401C7000,189.5,0.0,0.0,0.0,5,196.0,200.0,5,189.5,0.0,0.0,0.0,0.0,0.0,604
2023-05-11 14:02:18,SR401C7000,SR401C7000,189.5,0.0,0.0,0.0,5,194.0,200.0,5,189.5,0.0,0.0,0.0,0.0,0.0,604
2023-05-11 14:02:57,SR401C7000,SR401C7000,189.5,0.0,0.0,0.0,5,194.0,198.5,5,189.5,0.0,0.0,0.0,0.0,0.0,604
2023-05-11 14:05:13,SR401C7000,SR401C7000,189.5,0.0,0.0,0.0,5,194.0,200.0,5,189.5,0.0,0.0,0.0,0.0,0.0,604
2023-05-11 14:05:14,SR401C7000,SR401C7000,189.5,0.0,0.0,0.0,5,195.5,200.0,5,189.5,0.0,0.0,0.0,0.0,0.0,604
2023-05-11 14:06:13,SR401C7000,SR401C7000,189.5,0.0,0.0,0.0,5,195.5,202.0,5,189.5,0.0,0.0,0.0,0.0,0.0,604
2023-05-11 14:06:39,SR401C7000,SR401C7000,189.5,0.0,0.0,0.0,5,197.0,202.0,5,189.5,0.0,0.0,0.0,0.0,0.0,604
2023-05-11 14:10:02,SR401C7000,SR401C7000,189.5,0.0,0.0,0.0,5,197.0,204.0,5,189.5,0.0,0.0,0.0,0.0,0.0,604
2023-05-11 14:10:36,SR401C7000,SR401C7000,189.5,0.0,0.0,0.0,5,198.5,204.0,5,189.5,0.0,0.0,0.0,0.0,0.0,604
2023-05-11 14:11:20,SR401C7000,SR401C7000,189.5,0.0,0.0,0.0,5,198.5,202.5,5,189.5,0.0,0.0,0.0,0.0,0.0,604
2023-05-11 14:11:23,SR401C7000,SR401C7000,189.5,0.0,0.0,0.0,5,197.0,202.5,5,189.5,0.0,0.0,0.0,0.0,0.0,604
2023-05-11 14:13:36,SR401C7000,SR401C7000,189.5,0.0,0.0,0.0,5,198.5,202.5,5,189.5,0.0,0.0,0.0,0.0,0.0,604
2023-05-11 14:13:36,SR401C7000,SR401C7000,189.5,0.0,0.0,0.0,5,198.5,204.0,5,189.5,0.0,0.0,0.0,0.0,0.0,604
2023-05-11 14:14:01,SR401C7000,SR401C7000,189.5,0.0,0.0,0.0,5,200.0,204.0,5,189.5,0.0,0.0,0.0,0.0,0.0,604
2023-05-11 14:14:03,SR401C7000,SR401C7000,189.5,0.0,0.0,0.0,5,200.0,206.0,5,189.5,0.0,0.0,0.0,0.0,0.0,604
2023-05-11 14:14:46,SR401C7000,SR401C7000,189.5,0.0,0.0,0.0,5,200.0,204.5,5,189.5,0.0,0.0,0.0,0.0,0.0,604
2023-05-11 14:16:01,SR401C7000,SR401C7000,189.5,0.0,0.0,0.0,5,198.5,204.5,5,189.5,0.0,0.0,0.0,0.0,0.0,604
2023-05-11 14:16:14,SR401C7000,SR401C7000,189.5,0.0,0.0,0.0,5,198.5,203.0,5,189.5,0.0,0.0,0.0,0.0,0.0,604
2023-05-11 14:22:43,SR401C7000,SR401C7000,189.5,0.0,0.0,0.0,5,196.5,203.0,5,189.5,0.0,0.0,0.0,0.0,0.0,604
2023-05-11 14:22:55,SR401C7000,SR401C7000,189.5,0.0,0.0,0.0,5,196.5,201.5,5,189.5,0.0,0.0,0.0,0.0,0.0,604
2023-05-11 14:31:13,SR401C7000,SR401C7000,189.5,0.0,0.0,0.0,5,196.5,200.0,5,189.5,0.0,0.0,0.0,0.0,0.0,604
2023-05-11 14:31:15,SR401C7000,SR401C7000,189.5,0.0,0.0,0.0,5,194.5,200.0,5,189.5,0.0,0.0,0.0,0.0,0.0,604
2023-05-11 14:32:00,SR401C7000,SR401C7000,189.5,0.0,0.0,0.0,5,194.5,198.5,5,189.5,0.0,0.0,0.0,0.0,0.0,604
2023-05-11 14:32:01,SR401C7000,SR401C7000,189.5,0.0,0.0,0.0,5,192.5,198.5,5,189.5,0.0,0.0,0.0,0.0,0.0,604
2023-05-11 14:34:43,SR401C7000,SR401C7000,189.5,0.0,0.0,0.0,5,192.5,197.0,5,189.5,0.0,0.0,0.0,0.0,0.0,604
2023-05-11 14:36:22,SR401C7000,SR401C7000,189.5,0.0,0.0,0.0,5,192.5,198.5,5,189.5,0.0,0.0,0.0,0.0,0.0,604
2023-05-11 14:41:35,SR401C7000,SR401C7000,189.5,0.0,0.0,0.0,5,194.0,198.5,5,189.5,0.0,0.0,0.0,0.0,0.0,604
2023-05-11 14:42:34,SR401C7000,SR401C7000,189.5,0.0,0.0,0.0,5,192.5,198.5,5,189.5,0.0,0.0,0.0,0.0,0.0,604
2023-05-11 14:42:57,SR401C7000,SR401C7000,189.5,0.0,0.0,0.0,5,192.5,197.0,5,189.5,0.0,0.0,0.0,0.0,0.0,604
2023-05-11 14:44:39,SR401C7000,SR401C7000,189.5,0.0,0.0,0.0,5,192.5,198.5,5,189.5,0.0,0.0,0.0,0.0,0.0,604
2023-05-11 14:46:46,SR401C7000,SR401C7000,189.5,0.0,0.0,0.0,5,194.0,198.5,5,189.5,0.0,0.0,0.0,0.0,0.0,604
2023-05-11 14:46:53,SR401C7000,SR401C7000,189.5,0.0,0.0,0.0,5,194.0,200.5,5,189.5,0.0,0.0,0.0,0.0,0.0,604
2023-05-11 14:47:34,SR401C7000,SR401C7000,189.5,0.0,0.0,0.0,5,195.5,200.5,5,189.5,0.0,0.0,0.0,0.0,0.0,604
2023-05-11 14:49:32,SR401C7000,SR401C7000,189.5,0.0,0.0,0.0,5,195.5,199.0,5,189.5,0.0,0.0,0.0,0.0,0.0,604
2023-05-11 14:49:32,SR401C7000,SR401C7000,189.5,0.0,0.0,0.0,5,194.0,199.0,5,189.5,0.0,0.0,0.0,0.0,0.0,604
2023-05-11 14:51:11,SR401C7000,SR401C7000,189.5,0.0,0.0,0.0,5,194.0,197.5,5,189.5,0.0,0.0,0.0,0.0,0.0,604
2023-05-11 14:51:13,SR401C7000,SR401C7000,189.5,0.0,0.0,0.0,5,192.0,197.5,5,189.5,0.0,0.0,0.0,0.0,0.0,604
2023-05-11 14:56:32,SR401C7000,SR401C7000,189.5,0.0,0.0,0.0,5,193.5,197.5,5,189.5,0.0,0.0,0.0,0.0,0.0,604
2023-05-11 14:56:35,SR401C7000,SR401C7000,189.5,0.0,0.0,0.0,5,193.5,199.0,5,189.5,0.0,0.0,0.0,0.0,0.0,604
2023-05-11 14:59:01,SR401C7000,SR401C7000,189.5,0.0,0.0,0.0,2,168.0,217.0,2,189.5,0.0,0.0,0.0,0.0,0.0,604
2023-05-11 14:59:15,SR401C7000,SR401C7000,189.5,0.0,0.0,0.0,2,168.0,329.5,2,189.5,0.0,0.0,0.0,0.0,0.0,604
2023-05-11 14:59:28,SR401C7000,SR401C7000,189.5,0.0,0.0,0.0,2,145.0,329.5,2,189.5,0.0,0.0,0.0,0.0,0.0,604
2023-05-11 14:59:30,SR401C7000,SR401C7000,189.5,0.0,0.0,0.0,2,151.5,329.5,2,189.5,0.0,0.0,0.0,0.0,0.0,604
2023-05-11 14:59:30,SR401C7000,SR401C7000,189.5,0.0,0.0,0.0,2,172.0,329.5,2,189.5,0.0,0.0,0.0,0.0,0.0,604
2023-05-11 14:59:39,SR401C7000,SR401C7000,189.5,0.0,0.0,0.0,2,145.0,329.5,2,189.5,0.0,0.0,0.0,0.0,0.0,604
2023-05-11 14:59:44,SR401C7000,SR401C7000,189.5,0.0,0.0,0.0,2,151.5,329.5,2,189.5,0.0,0.0,0.0,0.0,0.0,604
2023-05-11 14:59:44,SR401C7000,SR401C7000,189.5,0.0,0.0,0.0,2,172.0,329.5,2,189.5,0.0,0.0,0.0,0.0,0.0,604
2023-05-11 14:59:50,SR401C7000,SR401C7000,189.5,0.0,0.0,0.0,2,61.5,329.5,2,189.5,0.0,0.0,0.0,0.0,0.0,604
2023-05-11 14:59:55,SR401C7000,SR401C7000,189.5,0.0,0.0,0.0,2,102.5,329.5,2,189.5,0.0,0.0,0.0,0.0,0.0,604
2023-05-11 14:59:57,SR401C7000,SR401C7000,189.5,0.0,0.0,0.0,2,109.0,329.5,2,189.5,0.0,0.0,0.0,0.0,0.0,604
2023-05-11 14:59:57,SR401C7000,SR401C7000,189.5,0.0,0.0,0.0,2,143.5,329.5,2,189.5,0.0,0.0,0.0,0.0,0.0,604
