time,symbol_id,symbol_name,last,trade_volume,trade_amount,open_interest_change,bv1,bp1,ap1,av1,yesterday_close,today_open,today_high,today_low,volume,amount,open_interest
2023-05-10 20:59:00,a2311,a2311,4793.0,2.0,95860.0,0.0,4,4779.0,4793.0,2,4789.0,4793.0,4793.0,4793.0,2.0,95860.0,36662
2023-05-10 21:00:00,a2311,a2311,4793.0,37.0,1773410.0,18.0,3,4792.0,4793.0,3,4789.0,4793.0,4793.0,4793.0,39.0,1869270.0,36680
2023-05-10 21:00:00,a2311,a2311,4806.0,17.0,816130.0,-1.0,2,4800.0,4805.0,6,4789.0,4793.0,4807.0,4793.0,56.0,2685400.0,36679
2023-05-10 21:00:01,a2311,a2311,4806.0,0.0,0.0,0.0,7,4800.0,4804.0,3,4789.0,4793.0,4807.0,4793.0,56.0,2685400.0,36679
2023-05-10 21:00:01,a2311,a2311,4806.0,1.0,48060.0,0.0,1,4802.0,4806.0,4,4789.0,4793.0,4807.0,4793.0,57.0,2733460.0,36679
2023-05-10 21:00:02,a2311,a2311,4806.0,0.0,0.0,0.0,1,4802.0,4806.0,1,4789.0,4793.0,4807.0,4793.0,57.0,2733460.0,36679
2023-05-10 21:00:02,a2311,a2311,4805.0,3.0,144160.0,-1.0,2,4802.0,4805.0,2,4789.0,4793.0,4807.0,4793.0,60.0,2877620.0,36678
2023-05-10 21:00:03,a2311,a2311,4805.0,0.0,0.0,0.0,1,4802.0,4805.0,2,4789.0,4793.0,4807.0,4793.0,60.0,2877620.0,36678
2023-05-10 21:00:03,a2311,a2311,4805.0,0.0,0.0,0.0,1,4802.0,4805.0,3,4789.0,4793.0,4807.0,4793.0,60.0,2877620.0,36678
2023-05-10 21:00:04,a2311,a2311,4800.0,12.0,576090.0,-8.0,3,4800.0,4804.0,4,4789.0,4793.0,4807.0,4793.0,72.0,3453710.0,36670
2023-05-10 21:00:04,a2311,a2311,4799.0,1.0,47990.0,1.0,3,4799.0,4802.0,3,4789.0,4793.0,4807.0,4793.0,73.0,3501700.0,36671
2023-05-10 21:00:05,a2311,a2311,4799.0,3.0,143970.0,2.0,1,4798.0,4800.0,3,4789.0,4793.0,4807.0,4793.0,76.0,3645670.0,36673
2023-05-10 21:00:05,a2311,a2311,4798.0,1.0,47980.0,0.0,1,4798.0,4801.0,3,4789.0,4793.0,4807.0,4793.0,77.0,3693650.0,36673
2023-05-10 21:00:06,a2311,a2311,4798.0,1.0,47980.0,-1.0,1,4797.0,4798.0,3,4789.0,4793.0,4807.0,4793.0,78.0,3741630.0,36672
2023-05-10 21:00:06,a2311,a2311,4798.0,0.0,0.0,0.0,7,4796.0,4798.0,2,4789.0,4793.0,4807.0,4793.0,78.0,3741630.0,36672
2023-05-10 21:00:07,a2311,a2311,4798.0,0.0,0.0,0.0,1,4796.0,4798.0,5,4789.0,4793.0,4807.0,4793.0,78.0,3741630.0,36672
2023-05-10 21:00:07,a2311,a2311,4796.0,1.0,47960.0,0.0,7,4795.0,4798.0,5,4789.0,4793.0,4807.0,4793.0,79.0,3789590.0,36672
2023-05-10 21:00:08,a2311,a2311,4795.0,5.0,239790.0,4.0,3,4794.0,4796.0,4,4789.0,4793.0,4807.0,4793.0,84.0,4029380.0,36676
2023-05-10 21:00:08,a2311,a2311,4794.0,3.0,143820.0,-2.0,3,4792.0,4794.0,1,4789.0,4793.0,4807.0,4793.0,87.0,4173200.0,36674
2023-05-10 21:00:09,a2311,a2311,4792.0,4.0,191720.0,1.0,4,4790.0,4796.0,4,4789.0,4793.0,4807.0,4792.0,91.0,4364920.0,36675
2023-05-10 21:00:09,a2311,a2311,4790.0,3.0,143700.0,0.0,1,4788.0,4794.0,6,4789.0,4793.0,4807.0,4790.0,94.0,4508620.0,36675
2023-05-10 21:00:10,a2311,a2311,4790.0,0.0,0.0,0.0,6,4786.0,4789.0,16,4789.0,4793.0,4807.0,4790.0,94.0,4508620.0,36675
2023-05-10 21:00:10,a2311,a2311,4789.0,4.0,191550.0,1.0,4,4785.0,4789.0,13,4789.0,4793.0,4807.0,4788.0,98.0,4700170.0,36676
2023-05-10 21:00:11,a2311,a2311,4789.0,4.0,191560.0,0.0,5,4786.0,4789.0,12,4789.0,4793.0,4807.0,4788.0,102.0,4891730.0,36676
2023-05-10 21:00:11,a2311,a2311,4790.0,17.0,814180.0,11.0,3,4790.0,4791.0,2,4789.0,4793.0,4807.0,4788.0,119.0,5705910.0,36687
2023-05-10 21:00:12,a2311,a2311,4790.0,5.0,239500.0,5.0,2,4789.0,4790.0,2,4789.0,4793.0,4807.0,4788.0,124.0,5945410.0,36692
2023-05-10 21:00:12,a2311,a2311,4791.0,5.0,239490.0,2.0,1,4788.0,4790.0,5,4789.0,4793.0,4807.0,4788.0,129.0,6184900.0,36694
2023-05-10 21:00:13,a2311,a2311,4791.0,1.0,47910.0,0.0,1,4787.0,4790.0,3,4789.0,4793.0,4807.0,4788.0,130.0,6232810.0,36694
2023-05-10 21:00:13,a2311,a2311,4790.0,3.0,143700.0,1.0,2,4788.0,4792.0,2,4789.0,4793.0,4807.0,4788.0,133.0,6376510.0,36695
2023-05-10 21:00:14,a2311,a2311,4791.0,1.0,47910.0,1.0,1,4790.0,4792.0,7,4789.0,4793.0,4807.0,4788.0,134.0,6424420.0,36696
2023-05-10 21:00:14,a2311,a2311,4790.0,2.0,95800.0,-1.0,2,4788.0,4792.0,6,4789.0,4793.0,4807.0,4788.0,136.0,6520220.0,36695
2023-05-10 21:00:15,a2311,a2311,4790.0,0.0,0.0,0.0,5,4788.0,4792.0,6,4789.0,4793.0,4807.0,4788.0,136.0,6520220.0,36695
2023-05-10 21:00:15,a2311,a2311,4790.0,0.0,0.0,0.0,7,4787.0,4789.0,5,4789.0,4793.0,4807.0,4788.0,136.0,6520220.0,36695
2023-05-10 21:00:16,a2311,a2311,4790.0,3.0,143700.0,-2.0,12,4788.0,4791.0,7,4789.0,4793.0,4807.0,4788.0,139.0,6663920.0,36693
2023-05-10 21:00:16,a2311,a2311,4790.0,0.0,0.0,0.0,1,4789.0,4791.0,7,4789.0,4793.0,4807.0,4788.0,139.0,6663920.0,36693
2023-05-10 21:00:17,a2311,a2311,4789.0,3.0,143690.0,1.0,6,4788.0,4790.0,9,4789.0,4793.0,4807.0,4788.0,142.0,6807610.0,36694
2023-05-10 21:00:17,a2311,a2311,4790.0,11.0,526760.0,-2.0,2,4787.0,4791.0,11,4789.0,4793.0,4807.0,4788.0,153.0,7334370.0,36692
2023-05-10 21:00:18,a2311,a2311,4790.0,0.0,0.0,0.0,2,4787.0,4790.0,5,4789.0,4793.0,4807.0,4788.0,153.0,7334370.0,36692
2023-05-10 21:00:18,a2311,a2311,4790.0,0.0,0.0,0.0,1,4787.0,4790.0,2,4789.0,4793.0,4807.0,4788.0,153.0,7334370.0,36692
2023-05-10 21:00:19,a2311,a2311,4790.0,0.0,0.0,0.0,1,4787.0,4790.0,4,4789.0,4793.0,4807.0,4788.0,153.0,7334370.0,36692
2023-05-10 21:00:19,a2311,a2311,4787.0,1.0,47870.0,1.0,2,4786.0,4789.0,5,4789.0,4793.0,4807.0,4787.0,154.0,7382240.0,36693
2023-05-10 21:00:20,a2311,a2311,4787.0,0.0,0.0,0.0,10,4787.0,4790.0,6,4789.0,4793.0,4807.0,4787.0,154.0,7382240.0,36693
2023-05-10 21:00:20,a2311,a2311,4787.0,0.0,0.0,0.0,1,4788.0,4790.0,8,4789.0,4793.0,4807.0,4787.0,154.0,7382240.0,36693
2023-05-10 21:00:21,a2311,a2311,4788.0,1.0,47880.0,1.0,6,4788.0,4791.0,10,4789.0,4793.0,4807.0,4787.0,155.0,7430120.0,36694
2023-05-10 21:00:21,a2311,a2311,4791.0,11.0,527010.0,5.0,5,4791.0,4792.0,1,4789.0,4793.0,4807.0,4787.0,166.0,7957130.0,36699
2023-05-10 21:00:22,a2311,a2311,4792.0,9.0,431230.0,7.0,2,4792.0,4793.0,6,4789.0,4793.0,4807.0,4787.0,175.0,8388360.0,36706
2023-05-10 21:00:22,a2311,a2311,4794.0,18.0,862680.0,15.0,2,4791.0,4794.0,7,4789.0,4793.0,4807.0,4787.0,193.0,9251040.0,36721
2023-05-10 21:00:23,a2311,a2311,4792.0,2.0,95830.0,2.0,1,4791.0,4794.0,5,4789.0,4793.0,4807.0,4787.0,195.0,9346870.0,36723
2023-05-10 21:00:23,a2311,a2311,4792.0,0.0,0.0,0.0,1,4791.0,4794.0,4,4789.0,4793.0,4807.0,4787.0,195.0,9346870.0,36723
2023-05-10 21:00:24,a2311,a2311,4792.0,0.0,0.0,0.0,1,4791.0,4793.0,11,4789.0,4793.0,4807.0,4787.0,195.0,9346870.0,36723
2023-05-10 21:00:24,a2311,a2311,4791.0,1.0,47910.0,1.0,2,4790.0,4793.0,11,4789.0,4793.0,4807.0,4787.0,196.0,9394780.0,36724
2023-05-10 21:00:25,a2311,a2311,4791.0,0.0,0.0,0.0,2,4790.0,4793.0,12,4789.0,4793.0,4807.0,4787.0,196.0,9394780.0,36724
2023-05-10 21:00:25,a2311,a2311,4792.0,2.0,95820.0,2.0,1,4790.0,4793.0,9,4789.0,4793.0,4807.0,4787.0,198.0,9490600.0,36726
2023-05-10 21:00:26,a2311,a2311,4790.0,1.0,47900.0,1.0,8,4789.0,4793.0,10,4789.0,4793.0,4807.0,4787.0,199.0,9538500.0,36727
2023-05-10 21:00:26,a2311,a2311,4793.0,2.0,95860.0,2.0,6,4789.0,4793.0,8,4789.0,4793.0,4807.0,4787.0,201.0,9634360.0,36729
2023-05-10 21:00:27,a2311,a2311,4793.0,3.0,143760.0,1.0,5,4789.0,4793.0,7,4789.0,4793.0,4807.0,4787.0,204.0,9778120.0,36730
2023-05-10 21:00:27,a2311,a2311,4790.0,1.0,47900.0,0.0,6,4789.0,4793.0,5,4789.0,4793.0,4807.0,4787.0,205.0,9826020.0,36730
2023-05-10 21:00:28,a2311,a2311,4792.0,2.0,95840.0,1.0,6,4789.0,4793.0,4,4789.0,4793.0,4807.0,4787.0,207.0,9921860.0,36731
2023-05-10 21:00:28,a2311,a2311,4791.0,2.0,95810.0,1.0,6,4789.0,4793.0,3,4789.0,4793.0,4807.0,4787.0,209.0,10017670.0,36732
2023-05-10 21:00:29,a2311,a2311,4790.0,2.0,95790.0,1.0,2,4789.0,4791.0,2,4789.0,4793.0,4807.0,4787.0,211.0,10113460.0,36733
2023-05-10 21:00:29,a2311,a2311,4790.0,0.0,0.0,0.0,5,4788.0,4791.0,2,4789.0,4793.0,4807.0,4787.0,211.0,10113460.0,36733
2023-05-10 21:00:30,a2311,a2311,4790.0,0.0,0.0,0.0,3,4788.0,4790.0,3,4789.0,4793.0,4807.0,4787.0,211.0,10113460.0,36733
2023-05-10 21:00:31,a2311,a2311,4790.0,0.0,0.0,0.0,2,4788.0,4789.0,5,4789.0,4793.0,4807.0,4787.0,211.0,10113460.0,36733
2023-05-10 21:00:31,a2311,a2311,4790.0,4.0,191580.0,4.0,4,4787.0,4791.0,2,4789.0,4793.0,4807.0,4787.0,215.0,10305040.0,36737
2023-05-10 21:00:32,a2311,a2311,4789.0,1.0,47890.0,0.0,6,4787.0,4791.0,3,4789.0,4793.0,4807.0,4787.0,216.0,10352930.0,36737
2023-05-10 21:00:32,a2311,a2311,4791.0,2.0,95820.0,2.0,3,4788.0,4792.0,7,4789.0,4793.0,4807.0,4787.0,218.0,10448750.0,36739
2023-05-10 21:00:33,a2311,a2311,4791.0,2.0,95800.0,1.0,8,4788.0,4792.0,8,4789.0,4793.0,4807.0,4787.0,220.0,10544550.0,36740
2023-05-10 21:00:33,a2311,a2311,4788.0,1.0,47880.0,1.0,11,4788.0,4791.0,4,4789.0,4793.0,4807.0,4787.0,221.0,10592430.0,36741
2023-05-10 21:00:34,a2311,a2311,4791.0,2.0,95810.0,0.0,2,4788.0,4791.0,7,4789.0,4793.0,4807.0,4787.0,223.0,10688240.0,36741
2023-05-10 21:00:34,a2311,a2311,4791.0,3.0,143690.0,2.0,7,4788.0,4790.0,6,4789.0,4793.0,4807.0,4787.0,226.0,10831930.0,36743
2023-05-10 21:00:35,a2311,a2311,4790.0,2.0,95780.0,2.0,5,4787.0,4791.0,3,4789.0,4793.0,4807.0,4787.0,228.0,10927710.0,36745
2023-05-10 21:00:35,a2311,a2311,4790.0,0.0,0.0,0.0,11,4788.0,4791.0,4,4789.0,4793.0,4807.0,4787.0,228.0,10927710.0,36745
2023-05-10 21:00:36,a2311,a2311,4790.0,0.0,0.0,0.0,3,4788.0,4791.0,4,4789.0,4793.0,4807.0,4787.0,228.0,10927710.0,36745
2023-05-10 21:00:36,a2311,a2311,4788.0,1.0,47880.0,1.0,1,4788.0,4790.0,3,4789.0,4793.0,4807.0,4787.0,229.0,10975590.0,36746
2023-05-10 21:00:37,a2311,a2311,4791.0,9.0,431120.0,1.0,10,4788.0,4792.0,5,4789.0,4793.0,4807.0,4787.0,238.0,11406710.0,36747
2023-05-10 21:00:37,a2311,a2311,4790.0,1.0,47900.0,0.0,18,4788.0,4792.0,5,4789.0,4793.0,4807.0,4787.0,239.0,11454610.0,36747
2023-05-10 21:00:38,a2311,a2311,4790.0,0.0,0.0,0.0,18,4788.0,4792.0,6,4789.0,4793.0,4807.0,4787.0,239.0,11454610.0,36747
2023-05-10 21:00:38,a2311,a2311,4792.0,2.0,95810.0,2.0,12,4788.0,4792.0,4,4789.0,4793.0,4807.0,4787.0,241.0,11550420.0,36749
2023-05-10 21:00:39,a2311,a2311,4792.0,3.0,143710.0,3.0,8,4788.0,4792.0,3,4789.0,4793.0,4807.0,4787.0,244.0,11694130.0,36752
2023-05-10 21:00:39,a2311,a2311,4792.0,1.0,47920.0,1.0,1,4790.0,4792.0,6,4789.0,4793.0,4807.0,4787.0,245.0,11742050.0,36753
2023-05-10 21:00:40,a2311,a2311,4792.0,0.0,0.0,0.0,2,4790.0,4792.0,6,4789.0,4793.0,4807.0,4787.0,245.0,11742050.0,36753
2023-05-10 21:00:42,a2311,a2311,4792.0,0.0,0.0,0.0,2,4790.0,4792.0,4,4789.0,4793.0,4807.0,4787.0,245.0,11742050.0,36753
2023-05-10 21:00:42,a2311,a2311,4792.0,0.0,0.0,0.0,3,4790.0,4792.0,2,4789.0,4793.0,4807.0,4787.0,245.0,11742050.0,36753
2023-05-10 21:00:43,a2311,a2311,4792.0,2.0,95840.0,2.0,7,4790.0,4792.0,5,4789.0,4793.0,4807.0,4787.0,247.0,11837890.0,36755
2023-05-10 21:00:43,a2311,a2311,4792.0,0.0,0.0,0.0,10,4790.0,4793.0,10,4789.0,4793.0,4807.0,4787.0,247.0,11837890.0,36755
2023-05-10 21:00:44,a2311,a2311,4792.0,0.0,0.0,0.0,8,4790.0,4792.0,5,4789.0,4793.0,4807.0,4787.0,247.0,11837890.0,36755
2023-05-10 21:00:45,a2311,a2311,4792.0,0.0,0.0,0.0,9,4790.0,4792.0,5,4789.0,4793.0,4807.0,4787.0,247.0,11837890.0,36755
2023-05-10 21:00:45,a2311,a2311,4792.0,0.0,0.0,0.0,8,4790.0,4792.0,5,4789.0,4793.0,4807.0,4787.0,247.0,11837890.0,36755
2023-05-10 21:00:46,a2311,a2311,4792.0,0.0,0.0,0.0,9,4790.0,4793.0,10,4789.0,4793.0,4807.0,4787.0,247.0,11837890.0,36755
2023-05-10 21:00:46,a2311,a2311,4792.0,0.0,0.0,0.0,10,4790.0,4793.0,12,4789.0,4793.0,4807.0,4787.0,247.0,11837890.0,36755
2023-05-10 21:00:47,a2311,a2311,4792.0,0.0,0.0,0.0,9,4790.0,4793.0,10,4789.0,4793.0,4807.0,4787.0,247.0,11837890.0,36755
2023-05-10 21:00:47,a2311,a2311,4792.0,0.0,0.0,0.0,3,4791.0,4793.0,8,4789.0,4793.0,4807.0,4787.0,247.0,11837890.0,36755
2023-05-10 21:00:48,a2311,a2311,4791.0,6.0,287470.0,4.0,9,4790.0,4792.0,5,4789.0,4793.0,4807.0,4787.0,253.0,12125360.0,36759
2023-05-10 21:00:48,a2311,a2311,4791.0,0.0,0.0,0.0,4,4790.0,4792.0,5,4789.0,4793.0,4807.0,4787.0,253.0,12125360.0,36759
2023-05-10 21:00:49,a2311,a2311,4792.0,5.0,239600.0,-5.0,12,4790.0,4793.0,4,4789.0,4793.0,4807.0,4787.0,258.0,12364960.0,36754
2023-05-10 21:00:49,a2311,a2311,4792.0,0.0,0.0,0.0,2,4792.0,4793.0,8,4789.0,4793.0,4807.0,4787.0,258.0,12364960.0,36754
2023-05-10 21:00:50,a2311,a2311,4793.0,5.0,239610.0,1.0,11,4792.0,4794.0,9,4789.0,4793.0,4807.0,4787.0,263.0,12604570.0,36755
2023-05-10 21:00:50,a2311,a2311,4793.0,15.0,718850.0,9.0,19,4791.0,4794.0,3,4789.0,4793.0,4807.0,4787.0,278.0,13323420.0,36764
2023-05-10 21:00:51,a2311,a2311,4794.0,3.0,143810.0,1.0,18,4791.0,4794.0,5,4789.0,4793.0,4807.0,4787.0,281.0,13467230.0,36765
2023-05-10 21:00:51,a2311,a2311,4794.0,1.0,47940.0,1.0,18,4791.0,4794.0,4,4789.0,4793.0,4807.0,4787.0,282.0,13515170.0,36766
2023-05-10 21:00:52,a2311,a2311,4794.0,3.0,143820.0,3.0,13,4791.0,4795.0,4,4789.0,4793.0,4807.0,4787.0,285.0,13658990.0,36769
2023-05-10 21:00:52,a2311,a2311,4793.0,2.0,95870.0,0.0,8,4791.0,4794.0,1,4789.0,4793.0,4807.0,4787.0,287.0,13754860.0,36769
2023-05-10 21:00:53,a2311,a2311,4793.0,0.0,0.0,0.0,8,4791.0,4794.0,5,4789.0,4793.0,4807.0,4787.0,287.0,13754860.0,36769
2023-05-10 21:00:53,a2311,a2311,4793.0,0.0,0.0,0.0,8,4791.0,4794.0,6,4789.0,4793.0,4807.0,4787.0,287.0,13754860.0,36769
2023-05-10 21:00:54,a2311,a2311,4794.0,2.0,95880.0,0.0,7,4791.0,4795.0,4,4789.0,4793.0,4807.0,4787.0,289.0,13850740.0,36769
2023-05-10 21:00:54,a2311,a2311,4794.0,0.0,0.0,0.0,7,4791.0,4794.0,4,4789.0,4793.0,4807.0,4787.0,289.0,13850740.0,36769
2023-05-10 21:00:55,a2311,a2311,4794.0,0.0,0.0,0.0,6,4791.0,4794.0,3,4789.0,4793.0,4807.0,4787.0,289.0,13850740.0,36769
2023-05-10 21:00:57,a2311,a2311,4794.0,0.0,0.0,0.0,3,4793.0,4794.0,2,4789.0,4793.0,4807.0,4787.0,289.0,13850740.0,36769
2023-05-10 21:00:57,a2311,a2311,4794.0,2.0,95870.0,1.0,1,4794.0,4795.0,3,4789.0,4793.0,4807.0,4787.0,291.0,13946610.0,36770
2023-05-10 21:00:58,a2311,a2311,4795.0,2.0,95890.0,1.0,13,4795.0,4797.0,3,4789.0,4793.0,4807.0,4787.0,293.0,14042500.0,36771
2023-05-10 21:00:58,a2311,a2311,4795.0,14.0,671360.0,13.0,3,4793.0,4796.0,2,4789.0,4793.0,4807.0,4787.0,307.0,14713860.0,36784
2023-05-10 21:00:59,a2311,a2311,4795.0,0.0,0.0,0.0,6,4794.0,4796.0,8,4789.0,4793.0,4807.0,4787.0,307.0,14713860.0,36784
2023-05-10 21:00:59,a2311,a2311,4795.0,0.0,0.0,0.0,5,4794.0,4796.0,6,4789.0,4793.0,4807.0,4787.0,307.0,14713860.0,36784
2023-05-10 21:01:00,a2311,a2311,4795.0,0.0,0.0,0.0,28,4793.0,4795.0,6,4789.0,4793.0,4807.0,4787.0,307.0,14713860.0,36784
2023-05-10 21:01:01,a2311,a2311,4793.0,1.0,47930.0,0.0,13,4793.0,4795.0,8,4789.0,4793.0,4807.0,4787.0,308.0,14761790.0,36784
2023-05-10 21:01:01,a2311,a2311,4793.0,4.0,191720.0,3.0,7,4793.0,4795.0,10,4789.0,4793.0,4807.0,4787.0,312.0,14953510.0,36787
2023-05-10 21:01:02,a2311,a2311,4793.0,7.0,335540.0,4.0,4,4794.0,4795.0,3,4789.0,4793.0,4807.0,4787.0,319.0,15289050.0,36791
2023-05-10 21:01:02,a2311,a2311,4796.0,7.0,335640.0,7.0,23,4794.0,4797.0,34,4789.0,4793.0,4807.0,4787.0,326.0,15624690.0,36798
2023-05-10 21:01:03,a2311,a2311,4797.0,4.0,191840.0,4.0,12,4794.0,4797.0,23,4789.0,4793.0,4807.0,4787.0,330.0,15816530.0,36802
2023-05-10 21:01:03,a2311,a2311,4797.0,2.0,95910.0,2.0,6,4794.0,4797.0,26,4789.0,4793.0,4807.0,4787.0,332.0,15912440.0,36804
2023-05-10 21:01:04,a2311,a2311,4797.0,0.0,0.0,0.0,5,4794.0,4797.0,22,4789.0,4793.0,4807.0,4787.0,332.0,15912440.0,36804
2023-05-10 21:01:04,a2311,a2311,4795.0,2.0,95900.0,0.0,6,4794.0,4797.0,27,4789.0,4793.0,4807.0,4787.0,334.0,16008340.0,36804
2023-05-10 21:01:05,a2311,a2311,4795.0,0.0,0.0,0.0,6,4795.0,4797.0,27,4789.0,4793.0,4807.0,4787.0,334.0,16008340.0,36804
2023-05-10 21:01:05,a2311,a2311,4795.0,2.0,95900.0,-2.0,4,4794.0,4797.0,27,4789.0,4793.0,4807.0,4787.0,336.0,16104240.0,36802
2023-05-10 21:01:06,a2311,a2311,4795.0,0.0,0.0,0.0,4,4794.0,4797.0,22,4789.0,4793.0,4807.0,4787.0,336.0,16104240.0,36802
2023-05-10 21:01:07,a2311,a2311,4795.0,0.0,0.0,0.0,5,4794.0,4797.0,22,4789.0,4793.0,4807.0,4787.0,336.0,16104240.0,36802
2023-05-10 21:01:07,a2311,a2311,4795.0,0.0,0.0,0.0,4,4794.0,4797.0,22,4789.0,4793.0,4807.0,4787.0,336.0,16104240.0,36802
2023-05-10 21:01:08,a2311,a2311,4795.0,0.0,0.0,0.0,8,4794.0,4797.0,27,4789.0,4793.0,4807.0,4787.0,336.0,16104240.0,36802
2023-05-10 21:01:08,a2311,a2311,4795.0,0.0,0.0,0.0,13,4794.0,4797.0,27,4789.0,4793.0,4807.0,4787.0,336.0,16104240.0,36802
2023-05-10 21:01:09,a2311,a2311,4795.0,0.0,0.0,0.0,13,4794.0,4797.0,22,4789.0,4793.0,4807.0,4787.0,336.0,16104240.0,36802
2023-05-10 21:01:10,a2311,a2311,4795.0,0.0,0.0,0.0,14,4794.0,4797.0,22,4789.0,4793.0,4807.0,4787.0,336.0,16104240.0,36802
2023-05-10 21:01:12,a2311,a2311,4795.0,0.0,0.0,0.0,7,4795.0,4797.0,16,4789.0,4793.0,4807.0,4787.0,336.0,16104240.0,36802
2023-05-10 21:01:12,a2311,a2311,4795.0,0.0,0.0,0.0,7,4795.0,4797.0,17,4789.0,4793.0,4807.0,4787.0,336.0,16104240.0,36802
2023-05-10 21:01:13,a2311,a2311,4795.0,0.0,0.0,0.0,6,4795.0,4797.0,17,4789.0,4793.0,4807.0,4787.0,336.0,16104240.0,36802
2023-05-10 21:01:14,a2311,a2311,4795.0,0.0,0.0,0.0,7,4795.0,4797.0,11,4789.0,4793.0,4807.0,4787.0,336.0,16104240.0,36802
2023-05-10 21:01:14,a2311,a2311,4795.0,0.0,0.0,0.0,7,4795.0,4797.0,9,4789.0,4793.0,4807.0,4787.0,336.0,16104240.0,36802
2023-05-10 21:01:15,a2311,a2311,4795.0,0.0,0.0,0.0,7,4795.0,4797.0,8,4789.0,4793.0,4807.0,4787.0,336.0,16104240.0,36802
2023-05-10 21:01:15,a2311,a2311,4794.0,9.0,431480.0,-7.0,34,4793.0,4794.0,1,4789.0,4793.0,4807.0,4787.0,345.0,16535720.0,36795
2023-05-10 21:01:16,a2311,a2311,4793.0,5.0,239690.0,0.0,22,4793.0,4795.0,18,4789.0,4793.0,4807.0,4787.0,350.0,16775410.0,36795
2023-05-10 21:01:16,a2311,a2311,4793.0,3.0,143790.0,-2.0,5,4792.0,4793.0,10,4789.0,4793.0,4807.0,4787.0,353.0,16919200.0,36793
2023-05-10 21:01:17,a2311,a2311,4792.0,7.0,335470.0,-4.0,10,4791.0,4792.0,1,4789.0,4793.0,4807.0,4787.0,360.0,17254670.0,36789
2023-05-10 21:01:17,a2311,a2311,4791.0,8.0,383290.0,-3.0,4,4791.0,4792.0,3,4789.0,4793.0,4807.0,4787.0,368.0,17637960.0,36786
2023-05-10 21:01:18,a2311,a2311,4791.0,4.0,191640.0,-4.0,29,4790.0,4791.0,2,4789.0,4793.0,4807.0,4787.0,372.0,17829600.0,36782
2023-05-10 21:01:18,a2311,a2311,4791.0,2.0,95820.0,0.0,36,4790.0,4792.0,7,4789.0,4793.0,4807.0,4787.0,374.0,17925420.0,36782
2023-05-10 21:01:19,a2311,a2311,4791.0,0.0,0.0,0.0,41,4790.0,4792.0,8,4789.0,4793.0,4807.0,4787.0,374.0,17925420.0,36782
2023-05-10 21:01:19,a2311,a2311,4791.0,0.0,0.0,0.0,2,4791.0,4792.0,7,4789.0,4793.0,4807.0,4787.0,374.0,17925420.0,36782
2023-05-10 21:01:21,a2311,a2311,4791.0,0.0,0.0,0.0,3,4791.0,4792.0,7,4789.0,4793.0,4807.0,4787.0,374.0,17925420.0,36782
2023-05-10 21:01:23,a2311,a2311,4792.0,7.0,335440.0,7.0,3,4791.0,4793.0,6,4789.0,4793.0,4807.0,4787.0,381.0,18260860.0,36789
2023-05-10 21:01:23,a2311,a2311,4792.0,0.0,0.0,0.0,4,4791.0,4793.0,6,4789.0,4793.0,4807.0,4787.0,381.0,18260860.0,36789
2023-05-10 21:01:24,a2311,a2311,4793.0,1.0,47930.0,0.0,3,4791.0,4794.0,18,4789.0,4793.0,4807.0,4787.0,382.0,18308790.0,36789
2023-05-10 21:01:24,a2311,a2311,4793.0,0.0,0.0,0.0,4,4791.0,4794.0,10,4789.0,4793.0,4807.0,4787.0,382.0,18308790.0,36789
2023-05-10 21:01:25,a2311,a2311,4791.0,7.0,335370.0,-4.0,3,4791.0,4793.0,4,4789.0,4793.0,4807.0,4787.0,389.0,18644160.0,36785
2023-05-10 21:01:25,a2311,a2311,4791.0,5.0,239550.0,-2.0,32,4790.0,4791.0,3,4789.0,4793.0,4807.0,4787.0,394.0,18883710.0,36783
2023-05-10 21:01:26,a2311,a2311,4791.0,3.0,143730.0,0.0,32,4790.0,4793.0,7,4789.0,4793.0,4807.0,4787.0,397.0,19027440.0,36783
2023-05-10 21:01:26,a2311,a2311,4791.0,0.0,0.0,0.0,26,4790.0,4792.0,5,4789.0,4793.0,4807.0,4787.0,397.0,19027440.0,36783
2023-05-10 21:01:27,a2311,a2311,4791.0,0.0,0.0,0.0,20,4790.0,4792.0,3,4789.0,4793.0,4807.0,4787.0,397.0,19027440.0,36783
2023-05-10 21:01:28,a2311,a2311,4791.0,0.0,0.0,0.0,22,4790.0,4793.0,4,4789.0,4793.0,4807.0,4787.0,397.0,19027440.0,36783
2023-05-10 21:01:28,a2311,a2311,4791.0,0.0,0.0,0.0,23,4790.0,4793.0,4,4789.0,4793.0,4807.0,4787.0,397.0,19027440.0,36783
2023-05-10 21:01:29,a2311,a2311,4791.0,0.0,0.0,0.0,6,4791.0,4793.0,9,4789.0,4793.0,4807.0,4787.0,397.0,19027440.0,36783
2023-05-10 21:01:30,a2311,a2311,4791.0,0.0,0.0,0.0,8,4791.0,4793.0,4,4789.0,4793.0,4807.0,4787.0,397.0,19027440.0,36783
2023-05-10 21:01:31,a2311,a2311,4791.0,0.0,0.0,0.0,8,4791.0,4793.0,9,4789.0,4793.0,4807.0,4787.0,397.0,19027440.0,36783
2023-05-10 21:01:32,a2311,a2311,4791.0,0.0,0.0,0.0,13,4791.0,4793.0,9,4789.0,4793.0,4807.0,4787.0,397.0,19027440.0,36783
2023-05-10 21:01:33,a2311,a2311,4789.0,81.0,3879650.0,40.0,2,4789.0,4790.0,95,4789.0,4793.0,4807.0,4787.0,478.0,22907090.0,36823
2023-05-10 21:01:34,a2311,a2311,4787.0,21.0,1005490.0,6.0,7,4787.0,4789.0,2,4789.0,4793.0,4807.0,4787.0,499.0,23912580.0,36829
2023-05-10 21:01:34,a2311,a2311,4787.0,11.0,526590.0,-2.0,9,4787.0,4789.0,2,4789.0,4793.0,4807.0,4787.0,510.0,24439170.0,36827
2023-05-10 21:01:35,a2311,a2311,4789.0,7.0,335240.0,1.0,1,4789.0,4790.0,102,4789.0,4793.0,4807.0,4787.0,517.0,24774410.0,36828
2023-05-10 21:01:35,a2311,a2311,4790.0,2.0,95790.0,2.0,16,4788.0,4789.0,1,4789.0,4793.0,4807.0,4787.0,519.0,24870200.0,36830
2023-05-10 21:01:36,a2311,a2311,4789.0,2.0,95780.0,0.0,16,4788.0,4790.0,101,4789.0,4793.0,4807.0,4787.0,521.0,24965980.0,36830
2023-05-10 21:01:36,a2311,a2311,4789.0,5.0,239450.0,0.0,21,4788.0,4790.0,101,4789.0,4793.0,4807.0,4787.0,526.0,25205430.0,36830
2023-05-10 21:01:36,a2311,a2311,4789.0,0.0,0.0,0.0,21,4788.0,4790.0,98,4789.0,4793.0,4807.0,4787.0,526.0,25205430.0,36830
2023-05-10 21:01:37,a2311,a2311,4789.0,0.0,0.0,0.0,19,4788.0,4790.0,98,4789.0,4793.0,4807.0,4787.0,526.0,25205430.0,36830
2023-05-10 21:01:39,a2311,a2311,4789.0,0.0,0.0,0.0,10,4788.0,4790.0,99,4789.0,4793.0,4807.0,4787.0,526.0,25205430.0,36830
2023-05-10 21:01:39,a2311,a2311,4790.0,1.0,47900.0,0.0,33,4787.0,4790.0,106,4789.0,4793.0,4807.0,4787.0,527.0,25253330.0,36830
2023-05-10 21:01:40,a2311,a2311,4790.0,0.0,0.0,0.0,25,4787.0,4790.0,106,4789.0,4793.0,4807.0,4787.0,527.0,25253330.0,36830
2023-05-10 21:01:40,a2311,a2311,4790.0,0.0,0.0,0.0,35,4787.0,4790.0,111,4789.0,4793.0,4807.0,4787.0,527.0,25253330.0,36830
2023-05-10 21:01:41,a2311,a2311,4790.0,0.0,0.0,0.0,27,4787.0,4789.0,14,4789.0,4793.0,4807.0,4787.0,527.0,25253330.0,36830
2023-05-10 21:01:41,a2311,a2311,4789.0,1.0,47890.0,0.0,1,4788.0,4789.0,7,4789.0,4793.0,4807.0,4787.0,528.0,25301220.0,36830
2023-05-10 21:01:42,a2311,a2311,4789.0,1.0,47890.0,-1.0,6,4788.0,4790.0,105,4789.0,4793.0,4807.0,4787.0,529.0,25349110.0,36829
2023-05-10 21:01:42,a2311,a2311,4790.0,1.0,47900.0,0.0,7,4788.0,4790.0,104,4789.0,4793.0,4807.0,4787.0,530.0,25397010.0,36829
2023-05-10 21:01:42,a2311,a2311,4790.0,0.0,0.0,0.0,6,4788.0,4790.0,104,4789.0,4793.0,4807.0,4787.0,530.0,25397010.0,36829
2023-05-10 21:01:44,a2311,a2311,4788.0,6.0,287280.0,6.0,40,4787.0,4788.0,4,4789.0,4793.0,4807.0,4787.0,536.0,25684290.0,36835
2023-05-10 21:01:45,a2311,a2311,4788.0,4.0,191520.0,0.0,40,4787.0,4789.0,7,4789.0,4793.0,4807.0,4787.0,540.0,25875810.0,36835
2023-05-10 21:01:45,a2311,a2311,4788.0,0.0,0.0,0.0,26,4788.0,4790.0,109,4789.0,4793.0,4807.0,4787.0,540.0,25875810.0,36835
2023-05-10 21:01:46,a2311,a2311,4788.0,0.0,0.0,0.0,6,4789.0,4790.0,109,4789.0,4793.0,4807.0,4787.0,540.0,25875810.0,36835
2023-05-10 21:01:47,a2311,a2311,4789.0,6.0,287340.0,0.0,10,4788.0,4789.0,10,4789.0,4793.0,4807.0,4787.0,546.0,26163150.0,36835
2023-05-10 21:01:47,a2311,a2311,4789.0,0.0,0.0,0.0,33,4787.0,4789.0,10,4789.0,4793.0,4807.0,4787.0,546.0,26163150.0,36835
2023-05-10 21:01:49,a2311,a2311,4789.0,0.0,0.0,0.0,33,4787.0,4789.0,5,4789.0,4793.0,4807.0,4787.0,546.0,26163150.0,36835
2023-05-10 21:01:49,a2311,a2311,4789.0,0.0,0.0,0.0,33,4787.0,4789.0,10,4789.0,4793.0,4807.0,4787.0,546.0,26163150.0,36835
2023-05-10 21:01:55,a2311,a2311,4789.0,1.0,47890.0,-1.0,3,4788.0,4789.0,5,4789.0,4793.0,4807.0,4787.0,547.0,26211040.0,36834
2023-05-10 21:01:55,a2311,a2311,4789.0,0.0,0.0,0.0,4,4788.0,4789.0,5,4789.0,4793.0,4807.0,4787.0,547.0,26211040.0,36834
2023-05-10 21:01:56,a2311,a2311,4785.0,61.0,2919820.0,14.0,1,4784.0,4787.0,13,4789.0,4793.0,4807.0,4785.0,608.0,29130860.0,36848
2023-05-10 21:01:57,a2311,a2311,4787.0,8.0,382960.0,4.0,6,4786.0,4787.0,16,4789.0,4793.0,4807.0,4785.0,616.0,29513820.0,36852
2023-05-10 21:01:57,a2311,a2311,4786.0,8.0,382900.0,5.0,9,4785.0,4787.0,14,4789.0,4793.0,4807.0,4785.0,624.0,29896720.0,36857
2023-05-10 21:01:58,a2311,a2311,4785.0,2.0,95700.0,0.0,50,4784.0,4787.0,9,4789.0,4793.0,4807.0,4785.0,626.0,29992420.0,36857
2023-05-10 21:01:58,a2311,a2311,4785.0,0.0,0.0,0.0,47,4784.0,4787.0,9,4789.0,4793.0,4807.0,4785.0,626.0,29992420.0,36857
2023-05-10 21:02:00,a2311,a2311,4785.0,0.0,0.0,0.0,10,4785.0,4787.0,9,4789.0,4793.0,4807.0,4785.0,626.0,29992420.0,36857
2023-05-10 21:02:01,a2311,a2311,4785.0,0.0,0.0,0.0,10,4785.0,4787.0,14,4789.0,4793.0,4807.0,4785.0,626.0,29992420.0,36857
2023-05-10 21:02:03,a2311,a2311,4785.0,0.0,0.0,0.0,15,4785.0,4787.0,14,4789.0,4793.0,4807.0,4785.0,626.0,29992420.0,36857
2023-05-10 21:02:03,a2311,a2311,4785.0,0.0,0.0,0.0,25,4785.0,4787.0,9,4789.0,4793.0,4807.0,4785.0,626.0,29992420.0,36857
2023-05-10 21:02:04,a2311,a2311,4785.0,1.0,47850.0,1.0,24,4785.0,4787.0,9,4789.0,4793.0,4807.0,4785.0,627.0,30040270.0,36858
2023-05-10 21:02:04,a2311,a2311,4785.0,0.0,0.0,0.0,29,4785.0,4787.0,9,4789.0,4793.0,4807.0,4785.0,627.0,30040270.0,36858
2023-05-10 21:02:05,a2311,a2311,4785.0,0.0,0.0,0.0,39,4785.0,4787.0,9,4789.0,4793.0,4807.0,4785.0,627.0,30040270.0,36858
2023-05-10 21:02:06,a2311,a2311,4785.0,35.0,1674750.0,10.0,56,4784.0,4786.0,10,4789.0,4793.0,4807.0,4785.0,662.0,31715020.0,36868
2023-05-10 21:02:07,a2311,a2311,4784.0,56.0,2679060.0,27.0,6,4783.0,4784.0,1,4789.0,4793.0,4807.0,4784.0,718.0,34394080.0,36895
2023-05-10 21:02:07,a2311,a2311,4783.0,9.0,430490.0,-1.0,27,4782.0,4785.0,14,4789.0,4793.0,4807.0,4783.0,727.0,34824570.0,36894
2023-05-10 21:02:08,a2311,a2311,4783.0,6.0,286980.0,-6.0,51,4782.0,4785.0,25,4789.0,4793.0,4807.0,4783.0,733.0,35111550.0,36888
2023-05-10 21:02:08,a2311,a2311,4781.0,95.0,4542210.0,46.0,7,4777.0,4781.0,46,4789.0,4793.0,4807.0,4778.0,828.0,39653760.0,36934
2023-05-10 21:02:09,a2311,a2311,4780.0,32.0,1529690.0,27.0,1,4780.0,4781.0,43,4789.0,4793.0,4807.0,4778.0,860.0,41183450.0,36961
2023-05-10 21:02:09,a2311,a2311,4778.0,12.0,573540.0,3.0,15,4778.0,4780.0,8,4789.0,4793.0,4807.0,4778.0,872.0,41756990.0,36964
2023-05-10 21:02:10,a2311,a2311,4778.0,12.0,573360.0,-11.0,7,4777.0,4780.0,26,4789.0,4793.0,4807.0,4778.0,884.0,42330350.0,36953
2023-05-10 21:02:10,a2311,a2311,4777.0,17.0,812330.0,-5.0,9,4776.0,4777.0,2,4789.0,4793.0,4807.0,4777.0,901.0,43142680.0,36948
2023-05-10 21:02:11,a2311,a2311,4775.0,30.0,1432980.0,1.0,23,4775.0,4777.0,57,4789.0,4793.0,4807.0,4775.0,931.0,44575660.0,36949
2023-05-10 21:02:11,a2311,a2311,4775.0,4.0,191040.0,1.0,21,4775.0,4777.0,57,4789.0,4793.0,4807.0,4775.0,935.0,44766700.0,36950
2023-05-10 21:02:12,a2311,a2311,4775.0,4.0,191000.0,0.0,5,4774.0,4777.0,55,4789.0,4793.0,4807.0,4775.0,939.0,44957700.0,36950
2023-05-10 21:02:12,a2311,a2311,4775.0,0.0,0.0,0.0,11,4775.0,4776.0,7,4789.0,4793.0,4807.0,4775.0,939.0,44957700.0,36950
2023-05-10 21:02:13,a2311,a2311,4777.0,5.0,238830.0,3.0,21,4775.0,4777.0,52,4789.0,4793.0,4807.0,4775.0,944.0,45196530.0,36953
2023-05-10 21:02:13,a2311,a2311,4775.0,7.0,334290.0,2.0,7,4775.0,4777.0,50,4789.0,4793.0,4807.0,4775.0,951.0,45530820.0,36955
2023-05-10 21:02:14,a2311,a2311,4775.0,0.0,0.0,0.0,5,4774.0,4776.0,5,4789.0,4793.0,4807.0,4775.0,951.0,45530820.0,36955
2023-05-10 21:02:14,a2311,a2311,4775.0,0.0,0.0,0.0,9,4774.0,4776.0,8,4789.0,4793.0,4807.0,4775.0,951.0,45530820.0,36955
2023-05-10 21:02:15,a2311,a2311,4775.0,4.0,191000.0,1.0,6,4774.0,4777.0,48,4789.0,4793.0,4807.0,4775.0,955.0,45721820.0,36956
2023-05-10 21:02:16,a2311,a2311,4775.0,0.0,0.0,0.0,11,4774.0,4777.0,64,4789.0,4793.0,4807.0,4775.0,955.0,45721820.0,36956
2023-05-10 21:02:16,a2311,a2311,4775.0,0.0,0.0,0.0,13,4774.0,4776.0,3,4789.0,4793.0,4807.0,4775.0,955.0,45721820.0,36956
2023-05-10 21:02:16,a2311,a2311,4774.0,4.0,190960.0,4.0,8,4774.0,4776.0,3,4789.0,4793.0,4807.0,4774.0,959.0,45912780.0,36960
2023-05-10 21:02:17,a2311,a2311,4774.0,2.0,95480.0,0.0,6,4773.0,4775.0,3,4789.0,4793.0,4807.0,4774.0,961.0,46008260.0,36960
2023-05-10 21:02:18,a2311,a2311,4774.0,0.0,0.0,0.0,8,4773.0,4775.0,3,4789.0,4793.0,4807.0,4774.0,961.0,46008260.0,36960
2023-05-10 21:02:18,a2311,a2311,4775.0,1.0,47750.0,0.0,13,4773.0,4775.0,2,4789.0,4793.0,4807.0,4774.0,962.0,46056010.0,36960
2023-05-10 21:02:19,a2311,a2311,4773.0,71.0,3388430.0,31.0,16,4771.0,4773.0,10,4789.0,4793.0,4807.0,4772.0,1033.0,49444440.0,36991
2023-05-10 21:02:19,a2311,a2311,4773.0,2.0,95470.0,2.0,9,4773.0,4774.0,5,4789.0,4793.0,4807.0,4772.0,1035.0,49539910.0,36993
2023-05-10 21:02:20,a2311,a2311,4772.0,12.0,572730.0,8.0,6,4772.0,4773.0,2,4789.0,4793.0,4807.0,4772.0,1047.0,50112640.0,37001
2023-05-10 21:02:20,a2311,a2311,4772.0,6.0,286340.0,3.0,2,4772.0,4775.0,7,4789.0,4793.0,4807.0,4772.0,1053.0,50398980.0,37004
2023-05-10 21:02:21,a2311,a2311,4774.0,3.0,143200.0,-2.0,2,4772.0,4774.0,2,4789.0,4793.0,4807.0,4772.0,1056.0,50542180.0,37002
2023-05-10 21:02:21,a2311,a2311,4774.0,0.0,0.0,0.0,2,4772.0,4773.0,5,4789.0,4793.0,4807.0,4772.0,1056.0,50542180.0,37002
2023-05-10 21:02:22,a2311,a2311,4773.0,7.0,334110.0,0.0,48,4771.0,4774.0,8,4789.0,4793.0,4807.0,4772.0,1063.0,50876290.0,37002
2023-05-10 21:02:22,a2311,a2311,4773.0,0.0,0.0,0.0,48,4771.0,4774.0,11,4789.0,4793.0,4807.0,4772.0,1063.0,50876290.0,37002
2023-05-10 21:02:23,a2311,a2311,4773.0,0.0,0.0,0.0,56,4771.0,4774.0,10,4789.0,4793.0,4807.0,4772.0,1063.0,50876290.0,37002
2023-05-10 21:02:23,a2311,a2311,4773.0,0.0,0.0,0.0,56,4771.0,4773.0,5,4789.0,4793.0,4807.0,4772.0,1063.0,50876290.0,37002
2023-05-10 21:02:24,a2311,a2311,4773.0,0.0,0.0,0.0,61,4771.0,4773.0,5,4789.0,4793.0,4807.0,4772.0,1063.0,50876290.0,37002
2023-05-10 21:02:24,a2311,a2311,4773.0,0.0,0.0,0.0,48,4771.0,4773.0,11,4789.0,4793.0,4807.0,4772.0,1063.0,50876290.0,37002
2023-05-10 21:02:25,a2311,a2311,4773.0,0.0,0.0,0.0,48,4771.0,4773.0,6,4789.0,4793.0,4807.0,4772.0,1063.0,50876290.0,37002
2023-05-10 21:02:25,a2311,a2311,4773.0,0.0,0.0,0.0,48,4771.0,4772.0,5,4789.0,4793.0,4807.0,4772.0,1063.0,50876290.0,37002
2023-05-10 21:02:26,a2311,a2311,4772.0,6.0,286320.0,1.0,9,4772.0,4773.0,7,4789.0,4793.0,4807.0,4772.0,1069.0,51162610.0,37003
2023-05-10 21:02:26,a2311,a2311,4772.0,5.0,238600.0,0.0,4,4772.0,4773.0,7,4789.0,4793.0,4807.0,4772.0,1074.0,51401210.0,37003
2023-05-10 21:02:27,a2311,a2311,4772.0,0.0,0.0,0.0,9,4772.0,4773.0,7,4789.0,4793.0,4807.0,4772.0,1074.0,51401210.0,37003
2023-05-10 21:02:29,a2311,a2311,4772.0,2.0,95440.0,1.0,7,4772.0,4773.0,6,4789.0,4793.0,4807.0,4772.0,1076.0,51496650.0,37004
2023-05-10 21:02:29,a2311,a2311,4772.0,7.0,334040.0,6.0,48,4771.0,4773.0,6,4789.0,4793.0,4807.0,4772.0,1083.0,51830690.0,37010
2023-05-10 21:02:30,a2311,a2311,4770.0,53.0,2528580.0,43.0,20,4770.0,4771.0,43,4789.0,4793.0,4807.0,4770.0,1136.0,54359270.0,37053
2023-05-10 21:02:30,a2311,a2311,4770.0,26.0,1240290.0,17.0,7,4769.0,4771.0,39,4789.0,4793.0,4807.0,4770.0,1162.0,55599560.0,37070
2023-05-10 21:02:31,a2311,a2311,4769.0,2.0,95380.0,-1.0,7,4768.0,4771.0,43,4789.0,4793.0,4807.0,4769.0,1164.0,55694940.0,37069
2023-05-10 21:02:31,a2311,a2311,4770.0,5.0,238500.0,5.0,5,4770.0,4771.0,37,4789.0,4793.0,4807.0,4769.0,1169.0,55933440.0,37074
2023-05-10 21:02:32,a2311,a2311,4770.0,0.0,0.0,0.0,10,4770.0,4771.0,34,4789.0,4793.0,4807.0,4769.0,1169.0,55933440.0,37074
2023-05-10 21:02:32,a2311,a2311,4771.0,5.0,238550.0,0.0,6,4770.0,4771.0,29,4789.0,4793.0,4807.0,4769.0,1174.0,56171990.0,37074
2023-05-10 21:02:33,a2311,a2311,4771.0,0.0,0.0,0.0,6,4770.0,4771.0,34,4789.0,4793.0,4807.0,4769.0,1174.0,56171990.0,37074
2023-05-10 21:02:33,a2311,a2311,4771.0,0.0,0.0,0.0,7,4770.0,4771.0,34,4789.0,4793.0,4807.0,4769.0,1174.0,56171990.0,37074
2023-05-10 21:02:34,a2311,a2311,4770.0,4.0,190800.0,3.0,3,4770.0,4771.0,39,4789.0,4793.0,4807.0,4769.0,1178.0,56362790.0,37077
2023-05-10 21:02:35,a2311,a2311,4770.0,0.0,0.0,0.0,3,4770.0,4771.0,44,4789.0,4793.0,4807.0,4769.0,1178.0,56362790.0,37077
2023-05-10 21:02:35,a2311,a2311,4770.0,0.0,0.0,0.0,8,4770.0,4771.0,39,4789.0,4793.0,4807.0,4769.0,1178.0,56362790.0,37077
2023-05-10 21:02:36,a2311,a2311,4767.0,37.0,1764240.0,-4.0,19,4766.0,4768.0,5,4789.0,4793.0,4807.0,4767.0,1215.0,58127030.0,37073
2023-05-10 21:02:37,a2311,a2311,4769.0,11.0,524520.0,-3.0,10,4768.0,4770.0,55,4789.0,4793.0,4807.0,4767.0,1226.0,58651550.0,37070
2023-05-10 21:02:37,a2311,a2311,4768.0,11.0,524480.0,-1.0,51,4767.0,4768.0,12,4789.0,4793.0,4807.0,4767.0,1237.0,59176030.0,37069
2023-05-10 21:02:38,a2311,a2311,4768.0,14.0,667520.0,-13.0,11,4768.0,4770.0,33,4789.0,4793.0,4807.0,4767.0,1251.0,59843550.0,37056
2023-05-10 21:02:38,a2311,a2311,4768.0,0.0,0.0,0.0,48,4768.0,4770.0,33,4789.0,4793.0,4807.0,4767.0,1251.0,59843550.0,37056
2023-05-10 21:02:39,a2311,a2311,4770.0,1.0,47700.0,1.0,65,4768.0,4769.0,5,4789.0,4793.0,4807.0,4767.0,1252.0,59891250.0,37057
2023-05-10 21:02:39,a2311,a2311,4769.0,5.0,238450.0,-5.0,66,4768.0,4770.0,32,4789.0,4793.0,4807.0,4767.0,1257.0,60129700.0,37052
2023-05-10 21:02:39,a2311,a2311,4769.0,0.0,0.0,0.0,66,4768.0,4770.0,37,4789.0,4793.0,4807.0,4767.0,1257.0,60129700.0,37052
2023-05-10 21:02:41,a2311,a2311,4769.0,0.0,0.0,0.0,56,4768.0,4770.0,47,4789.0,4793.0,4807.0,4767.0,1257.0,60129700.0,37052
2023-05-10 21:02:41,a2311,a2311,4769.0,6.0,286140.0,6.0,35,4768.0,4770.0,46,4789.0,4793.0,4807.0,4767.0,1263.0,60415840.0,37058
2023-05-10 21:02:42,a2311,a2311,4769.0,0.0,0.0,0.0,57,4768.0,4770.0,46,4789.0,4793.0,4807.0,4767.0,1263.0,60415840.0,37058
2023-05-10 21:02:42,a2311,a2311,4769.0,0.0,0.0,0.0,68,4768.0,4770.0,41,4789.0,4793.0,4807.0,4767.0,1263.0,60415840.0,37058
2023-05-10 21:02:43,a2311,a2311,4769.0,0.0,0.0,0.0,8,4769.0,4770.0,36,4789.0,4793.0,4807.0,4767.0,1263.0,60415840.0,37058
2023-05-10 21:02:44,a2311,a2311,4769.0,3.0,143070.0,0.0,5,4769.0,4770.0,37,4789.0,4793.0,4807.0,4767.0,1266.0,60558910.0,37058
2023-05-10 21:02:45,a2311,a2311,4769.0,5.0,238450.0,0.0,46,4768.0,4770.0,37,4789.0,4793.0,4807.0,4767.0,1271.0,60797360.0,37058
2023-05-10 21:02:45,a2311,a2311,4768.0,5.0,238400.0,5.0,42,4768.0,4770.0,37,4789.0,4793.0,4807.0,4767.0,1276.0,61035760.0,37063
2023-05-10 21:02:46,a2311,a2311,4768.0,0.0,0.0,0.0,42,4768.0,4769.0,6,4789.0,4793.0,4807.0,4767.0,1276.0,61035760.0,37063
2023-05-10 21:02:46,a2311,a2311,4768.0,0.0,0.0,0.0,38,4768.0,4769.0,6,4789.0,4793.0,4807.0,4767.0,1276.0,61035760.0,37063
2023-05-10 21:02:47,a2311,a2311,4768.0,0.0,0.0,0.0,38,4768.0,4769.0,11,4789.0,4793.0,4807.0,4767.0,1276.0,61035760.0,37063
2023-05-10 21:02:47,a2311,a2311,4768.0,0.0,0.0,0.0,42,4768.0,4769.0,11,4789.0,4793.0,4807.0,4767.0,1276.0,61035760.0,37063
2023-05-10 21:02:49,a2311,a2311,4768.0,1.0,47680.0,1.0,41,4768.0,4769.0,12,4789.0,4793.0,4807.0,4767.0,1277.0,61083440.0,37064
2023-05-10 21:02:49,a2311,a2311,4768.0,38.0,1811890.0,21.0,14,4767.0,4768.0,10,4789.0,4793.0,4807.0,4767.0,1315.0,62895330.0,37085
2023-05-10 21:02:50,a2311,a2311,4768.0,0.0,0.0,0.0,9,4767.0,4768.0,12,4789.0,4793.0,4807.0,4767.0,1315.0,62895330.0,37085
2023-05-10 21:02:50,a2311,a2311,4767.0,2.0,95340.0,-2.0,30,4766.0,4768.0,10,4789.0,4793.0,4807.0,4767.0,1317.0,62990670.0,37083
2023-05-10 21:02:51,a2311,a2311,4767.0,0.0,0.0,0.0,47,4766.0,4767.0,5,4789.0,4793.0,4807.0,4767.0,1317.0,62990670.0,37083
2023-05-10 21:02:51,a2311,a2311,4767.0,5.0,238350.0,5.0,46,4766.0,4767.0,5,4789.0,4793.0,4807.0,4767.0,1322.0,63229020.0,37088
2023-05-10 21:02:52,a2311,a2311,4767.0,5.0,238350.0,0.0,51,4766.0,4768.0,17,4789.0,4793.0,4807.0,4767.0,1327.0,63467370.0,37088
2023-05-10 21:02:52,a2311,a2311,4766.0,26.0,1239160.0,8.0,13,4766.0,4768.0,17,4789.0,4793.0,4807.0,4766.0,1353.0,64706530.0,37096
2023-05-10 21:02:53,a2311,a2311,4766.0,0.0,0.0,0.0,8,4766.0,4768.0,25,4789.0,4793.0,4807.0,4766.0,1353.0,64706530.0,37096
2023-05-10 21:02:53,a2311,a2311,4766.0,0.0,0.0,0.0,8,4766.0,4768.0,35,4789.0,4793.0,4807.0,4766.0,1353.0,64706530.0,37096
2023-05-10 21:02:54,a2311,a2311,4766.0,0.0,0.0,0.0,15,4766.0,4767.0,5,4789.0,4793.0,4807.0,4766.0,1353.0,64706530.0,37096
2023-05-10 21:02:54,a2311,a2311,4767.0,5.0,238350.0,4.0,1,4767.0,4768.0,21,4789.0,4793.0,4807.0,4766.0,1358.0,64944880.0,37100
2023-05-10 21:02:55,a2311,a2311,4767.0,0.0,0.0,0.0,1,4767.0,4768.0,22,4789.0,4793.0,4807.0,4766.0,1358.0,64944880.0,37100
2023-05-10 21:02:55,a2311,a2311,4767.0,1.0,47670.0,0.0,20,4766.0,4767.0,2,4789.0,4793.0,4807.0,4766.0,1359.0,64992550.0,37100
2023-05-10 21:02:56,a2311,a2311,4766.0,2.0,95330.0,-1.0,19,4766.0,4768.0,32,4789.0,4793.0,4807.0,4766.0,1361.0,65087880.0,37099
2023-05-10 21:02:56,a2311,a2311,4768.0,1.0,47680.0,1.0,19,4766.0,4768.0,31,4789.0,4793.0,4807.0,4766.0,1362.0,65135560.0,37100
2023-05-10 21:02:57,a2311,a2311,4768.0,1.0,47680.0,1.0,19,4766.0,4768.0,30,4789.0,4793.0,4807.0,4766.0,1363.0,65183240.0,37101
2023-05-10 21:02:57,a2311,a2311,4768.0,1.0,47680.0,1.0,19,4766.0,4768.0,29,4789.0,4793.0,4807.0,4766.0,1364.0,65230920.0,37102
2023-05-10 21:02:58,a2311,a2311,4768.0,4.0,190720.0,2.0,15,4767.0,4768.0,14,4789.0,4793.0,4807.0,4766.0,1368.0,65421640.0,37104
2023-05-10 21:02:58,a2311,a2311,4769.0,19.0,905970.0,-15.0,6,4769.0,4770.0,38,4789.0,4793.0,4807.0,4766.0,1387.0,66327610.0,37089
2023-05-10 21:02:59,a2311,a2311,4769.0,6.0,286140.0,1.0,10,4768.0,4769.0,11,4789.0,4793.0,4807.0,4766.0,1393.0,66613750.0,37090
2023-05-10 21:02:59,a2311,a2311,4768.0,5.0,238400.0,5.0,6,4768.0,4770.0,44,4789.0,4793.0,4807.0,4766.0,1398.0,66852150.0,37095
2023-05-10 21:03:00,a2311,a2311,4768.0,0.0,0.0,0.0,6,4768.0,4769.0,6,4789.0,4793.0,4807.0,4766.0,1398.0,66852150.0,37095
2023-05-10 21:03:00,a2311,a2311,4769.0,6.0,286140.0,0.0,7,4768.0,4770.0,45,4789.0,4793.0,4807.0,4766.0,1404.0,67138290.0,37095
2023-05-10 21:03:01,a2311,a2311,4769.0,0.0,0.0,0.0,5,4769.0,4770.0,39,4789.0,4793.0,4807.0,4766.0,1404.0,67138290.0,37095
2023-05-10 21:03:01,a2311,a2311,4769.0,1.0,47690.0,0.0,5,4769.0,4770.0,32,4789.0,4793.0,4807.0,4766.0,1405.0,67185980.0,37095
2023-05-10 21:03:02,a2311,a2311,4770.0,2.0,95400.0,0.0,27,4769.0,4770.0,29,4789.0,4793.0,4807.0,4766.0,1407.0,67281380.0,37095
2023-05-10 21:03:02,a2311,a2311,4771.0,31.0,1478770.0,9.0,13,4770.0,4772.0,17,4789.0,4793.0,4807.0,4766.0,1438.0,68760150.0,37104
2023-05-10 21:03:03,a2311,a2311,4771.0,6.0,286260.0,0.0,23,4771.0,4772.0,2,4789.0,4793.0,4807.0,4766.0,1444.0,69046410.0,37104
2023-05-10 21:03:03,a2311,a2311,4771.0,0.0,0.0,0.0,23,4771.0,4772.0,7,4789.0,4793.0,4807.0,4766.0,1444.0,69046410.0,37104
2023-05-10 21:03:04,a2311,a2311,4771.0,3.0,143130.0,0.0,25,4771.0,4772.0,6,4789.0,4793.0,4807.0,4766.0,1447.0,69189540.0,37104
2023-05-10 21:03:04,a2311,a2311,4771.0,15.0,715650.0,13.0,25,4770.0,4771.0,5,4789.0,4793.0,4807.0,4766.0,1462.0,69905190.0,37117
2023-05-10 21:03:05,a2311,a2311,4771.0,0.0,0.0,0.0,20,4770.0,4771.0,11,4789.0,4793.0,4807.0,4766.0,1462.0,69905190.0,37117
2023-05-10 21:03:05,a2311,a2311,4771.0,7.0,333970.0,-3.0,22,4770.0,4772.0,11,4789.0,4793.0,4807.0,4766.0,1469.0,70239160.0,37114
2023-05-10 21:03:06,a2311,a2311,4771.0,0.0,0.0,0.0,16,4770.0,4771.0,5,4789.0,4793.0,4807.0,4766.0,1469.0,70239160.0,37114
2023-05-10 21:03:06,a2311,a2311,4771.0,0.0,0.0,0.0,17,4770.0,4772.0,17,4789.0,4793.0,4807.0,4766.0,1469.0,70239160.0,37114
2023-05-10 21:03:07,a2311,a2311,4771.0,0.0,0.0,0.0,12,4770.0,4771.0,5,4789.0,4793.0,4807.0,4766.0,1469.0,70239160.0,37114
2023-05-10 21:03:07,a2311,a2311,4768.0,99.0,4720600.0,61.0,7,4766.0,4768.0,149,4789.0,4793.0,4807.0,4766.0,1568.0,74959760.0,37175
2023-05-10 21:03:08,a2311,a2311,4768.0,9.0,429120.0,9.0,5,4767.0,4768.0,149,4789.0,4793.0,4807.0,4766.0,1577.0,75388880.0,37184
2023-05-10 21:03:08,a2311,a2311,4767.0,1.0,47670.0,0.0,18,4766.0,4768.0,143,4789.0,4793.0,4807.0,4766.0,1578.0,75436550.0,37184
2023-05-10 21:03:09,a2311,a2311,4767.0,1.0,47670.0,-1.0,15,4766.0,4768.0,149,4789.0,4793.0,4807.0,4766.0,1579.0,75484220.0,37183
2023-05-10 21:03:09,a2311,a2311,4767.0,3.0,143020.0,1.0,23,4766.0,4768.0,138,4789.0,4793.0,4807.0,4766.0,1582.0,75627240.0,37184
2023-05-10 21:03:10,a2311,a2311,4766.0,6.0,285980.0,5.0,6,4766.0,4768.0,156,4789.0,4793.0,4807.0,4766.0,1588.0,75913220.0,37189
2023-05-10 21:03:10,a2311,a2311,4766.0,0.0,0.0,0.0,10,4766.0,4768.0,151,4789.0,4793.0,4807.0,4766.0,1588.0,75913220.0,37189
2023-05-10 21:03:11,a2311,a2311,4767.0,4.0,190680.0,0.0,13,4766.0,4768.0,157,4789.0,4793.0,4807.0,4766.0,1592.0,76103900.0,37189
2023-05-10 21:03:11,a2311,a2311,4767.0,4.0,190680.0,0.0,13,4766.0,4768.0,157,4789.0,4793.0,4807.0,4766.0,1596.0,76294580.0,37189
2023-05-10 21:03:12,a2311,a2311,4767.0,0.0,0.0,0.0,36,4765.0,4768.0,152,4789.0,4793.0,4807.0,4766.0,1596.0,76294580.0,37189
2023-05-10 21:03:12,a2311,a2311,4767.0,0.0,0.0,0.0,1,4767.0,4768.0,151,4789.0,4793.0,4807.0,4766.0,1596.0,76294580.0,37189
2023-05-10 21:03:13,a2311,a2311,4767.0,0.0,0.0,0.0,2,4767.0,4768.0,156,4789.0,4793.0,4807.0,4766.0,1596.0,76294580.0,37189
2023-05-10 21:03:13,a2311,a2311,4767.0,0.0,0.0,0.0,2,4767.0,4768.0,151,4789.0,4793.0,4807.0,4766.0,1596.0,76294580.0,37189
2023-05-10 21:03:15,a2311,a2311,4768.0,43.0,2050240.0,22.0,16,4767.0,4768.0,100,4789.0,4793.0,4807.0,4766.0,1639.0,78344820.0,37211
2023-05-10 21:03:15,a2311,a2311,4768.0,8.0,381440.0,7.0,19,4767.0,4768.0,92,4789.0,4793.0,4807.0,4766.0,1647.0,78726260.0,37218
2023-05-10 21:03:16,a2311,a2311,4768.0,0.0,0.0,0.0,18,4767.0,4768.0,97,4789.0,4793.0,4807.0,4766.0,1647.0,78726260.0,37218
2023-05-10 21:03:16,a2311,a2311,4768.0,0.0,0.0,0.0,18,4767.0,4768.0,102,4789.0,4793.0,4807.0,4766.0,1647.0,78726260.0,37218
2023-05-10 21:03:16,a2311,a2311,4768.0,0.0,0.0,0.0,18,4767.0,4768.0,97,4789.0,4793.0,4807.0,4766.0,1647.0,78726260.0,37218
2023-05-10 21:03:17,a2311,a2311,4768.0,0.0,0.0,0.0,19,4767.0,4768.0,99,4789.0,4793.0,4807.0,4766.0,1647.0,78726260.0,37218
2023-05-10 21:03:18,a2311,a2311,4768.0,1.0,47680.0,1.0,19,4767.0,4768.0,98,4789.0,4793.0,4807.0,4766.0,1648.0,78773940.0,37219
2023-05-10 21:03:19,a2311,a2311,4768.0,0.0,0.0,0.0,20,4767.0,4768.0,98,4789.0,4793.0,4807.0,4766.0,1648.0,78773940.0,37219
2023-05-10 21:03:19,a2311,a2311,4768.0,0.0,0.0,0.0,21,4767.0,4768.0,98,4789.0,4793.0,4807.0,4766.0,1648.0,78773940.0,37219
2023-05-10 21:03:20,a2311,a2311,4768.0,1.0,47680.0,1.0,21,4767.0,4768.0,97,4789.0,4793.0,4807.0,4766.0,1649.0,78821620.0,37220
2023-05-10 21:03:20,a2311,a2311,4768.0,12.0,572050.0,11.0,7,4767.0,4768.0,101,4789.0,4793.0,4807.0,4766.0,1661.0,79393670.0,37231
2023-05-10 21:03:21,a2311,a2311,4767.0,4.0,190690.0,0.0,3,4767.0,4768.0,100,4789.0,4793.0,4807.0,4766.0,1665.0,79584360.0,37231
2023-05-10 21:03:21,a2311,a2311,4768.0,1.0,47680.0,1.0,4,4767.0,4768.0,94,4789.0,4793.0,4807.0,4766.0,1666.0,79632040.0,37232
2023-05-10 21:03:22,a2311,a2311,4768.0,0.0,0.0,0.0,4,4767.0,4768.0,99,4789.0,4793.0,4807.0,4766.0,1666.0,79632040.0,37232
2023-05-10 21:03:23,a2311,a2311,4768.0,0.0,0.0,0.0,4,4767.0,4768.0,89,4789.0,4793.0,4807.0,4766.0,1666.0,79632040.0,37232
2023-05-10 21:03:23,a2311,a2311,4768.0,0.0,0.0,0.0,31,4767.0,4768.0,99,4789.0,4793.0,4807.0,4766.0,1666.0,79632040.0,37232
2023-05-10 21:03:24,a2311,a2311,4768.0,0.0,0.0,0.0,37,4767.0,4768.0,89,4789.0,4793.0,4807.0,4766.0,1666.0,79632040.0,37232
2023-05-10 21:03:24,a2311,a2311,4768.0,0.0,0.0,0.0,36,4767.0,4768.0,94,4789.0,4793.0,4807.0,4766.0,1666.0,79632040.0,37232
2023-05-10 21:03:25,a2311,a2311,4767.0,5.0,238350.0,-1.0,31,4767.0,4768.0,94,4789.0,4793.0,4807.0,4766.0,1671.0,79870390.0,37231
2023-05-10 21:03:26,a2311,a2311,4767.0,33.0,1573110.0,6.0,20,4766.0,4767.0,47,4789.0,4793.0,4807.0,4766.0,1704.0,81443500.0,37237
2023-05-10 21:03:26,a2311,a2311,4767.0,0.0,0.0,0.0,4,4766.0,4767.0,57,4789.0,4793.0,4807.0,4766.0,1704.0,81443500.0,37237
2023-05-10 21:03:29,a2311,a2311,4767.0,0.0,0.0,0.0,5,4766.0,4767.0,57,4789.0,4793.0,4807.0,4766.0,1704.0,81443500.0,37237
2023-05-10 21:03:30,a2311,a2311,4767.0,0.0,0.0,0.0,5,4766.0,4767.0,62,4789.0,4793.0,4807.0,4766.0,1704.0,81443500.0,37237
2023-05-10 21:03:31,a2311,a2311,4766.0,3.0,142980.0,3.0,2,4766.0,4767.0,59,4789.0,4793.0,4807.0,4766.0,1707.0,81586480.0,37240
2023-05-10 21:03:32,a2311,a2311,4767.0,1.0,47670.0,1.0,24,4766.0,4767.0,58,4789.0,4793.0,4807.0,4766.0,1708.0,81634150.0,37241
2023-05-10 21:03:33,a2311,a2311,4767.0,1.0,47670.0,0.0,28,4766.0,4767.0,52,4789.0,4793.0,4807.0,4766.0,1709.0,81681820.0,37241
2023-05-10 21:03:33,a2311,a2311,4767.0,0.0,0.0,0.0,30,4766.0,4767.0,47,4789.0,4793.0,4807.0,4766.0,1709.0,81681820.0,37241
2023-05-10 21:03:34,a2311,a2311,4767.0,0.0,0.0,0.0,35,4766.0,4767.0,52,4789.0,4793.0,4807.0,4766.0,1709.0,81681820.0,37241
2023-05-10 21:03:34,a2311,a2311,4767.0,1.0,47670.0,0.0,35,4766.0,4767.0,56,4789.0,4793.0,4807.0,4766.0,1710.0,81729490.0,37241
2023-05-10 21:03:35,a2311,a2311,4767.0,51.0,2431170.0,23.0,5,4767.0,4768.0,27,4789.0,4793.0,4807.0,4766.0,1761.0,84160660.0,37264
2023-05-10 21:03:35,a2311,a2311,4767.0,5.0,238350.0,5.0,4,4767.0,4768.0,17,4789.0,4793.0,4807.0,4766.0,1766.0,84399010.0,37269
2023-05-10 21:03:36,a2311,a2311,4767.0,0.0,0.0,0.0,4,4767.0,4768.0,12,4789.0,4793.0,4807.0,4766.0,1766.0,84399010.0,37269
2023-05-10 21:03:36,a2311,a2311,4767.0,0.0,0.0,0.0,4,4767.0,4768.0,17,4789.0,4793.0,4807.0,4766.0,1766.0,84399010.0,37269
2023-05-10 21:03:37,a2311,a2311,4767.0,0.0,0.0,0.0,4,4767.0,4768.0,10,4789.0,4793.0,4807.0,4766.0,1766.0,84399010.0,37269
2023-05-10 21:03:38,a2311,a2311,4767.0,2.0,95340.0,2.0,2,4767.0,4768.0,10,4789.0,4793.0,4807.0,4766.0,1768.0,84494350.0,37271
2023-05-10 21:03:39,a2311,a2311,4768.0,1.0,47680.0,0.0,6,4767.0,4768.0,9,4789.0,4793.0,4807.0,4766.0,1769.0,84542030.0,37271
2023-05-10 21:03:39,a2311,a2311,4768.0,9.0,429120.0,-2.0,18,4767.0,4769.0,30,4789.0,4793.0,4807.0,4766.0,1778.0,84971150.0,37269
2023-05-10 21:03:40,a2311,a2311,4768.0,0.0,0.0,0.0,10,4768.0,4769.0,15,4789.0,4793.0,4807.0,4766.0,1778.0,84971150.0,37269
2023-05-10 21:03:40,a2311,a2311,4768.0,0.0,0.0,0.0,10,4768.0,4769.0,10,4789.0,4793.0,4807.0,4766.0,1778.0,84971150.0,37269
2023-05-10 21:03:41,a2311,a2311,4768.0,0.0,0.0,0.0,10,4768.0,4769.0,15,4789.0,4793.0,4807.0,4766.0,1778.0,84971150.0,37269
2023-05-10 21:03:41,a2311,a2311,4768.0,0.0,0.0,0.0,10,4768.0,4769.0,10,4789.0,4793.0,4807.0,4766.0,1778.0,84971150.0,37269
2023-05-10 21:03:43,a2311,a2311,4768.0,0.0,0.0,0.0,12,4768.0,4769.0,10,4789.0,4793.0,4807.0,4766.0,1778.0,84971150.0,37269
2023-05-10 21:03:44,a2311,a2311,4768.0,0.0,0.0,0.0,22,4768.0,4769.0,10,4789.0,4793.0,4807.0,4766.0,1778.0,84971150.0,37269
2023-05-10 21:03:47,a2311,a2311,4769.0,5.0,238450.0,5.0,22,4768.0,4769.0,5,4789.0,4793.0,4807.0,4766.0,1783.0,85209600.0,37274
2023-05-10 21:03:54,a2311,a2311,4769.0,0.0,0.0,0.0,20,4768.0,4769.0,5,4789.0,4793.0,4807.0,4766.0,1783.0,85209600.0,37274
2023-05-10 21:03:55,a2311,a2311,4768.0,20.0,953600.0,1.0,5,4767.0,4768.0,13,4789.0,4793.0,4807.0,4766.0,1803.0,86163200.0,37275
2023-05-10 21:03:55,a2311,a2311,4768.0,0.0,0.0,0.0,50,4766.0,4768.0,15,4789.0,4793.0,4807.0,4766.0,1803.0,86163200.0,37275
2023-05-10 21:03:56,a2311,a2311,4768.0,0.0,0.0,0.0,60,4766.0,4768.0,15,4789.0,4793.0,4807.0,4766.0,1803.0,86163200.0,37275
2023-05-10 21:03:56,a2311,a2311,4768.0,0.0,0.0,0.0,42,4766.0,4768.0,22,4789.0,4793.0,4807.0,4766.0,1803.0,86163200.0,37275
2023-05-10 21:03:57,a2311,a2311,4768.0,0.0,0.0,0.0,42,4766.0,4768.0,27,4789.0,4793.0,4807.0,4766.0,1803.0,86163200.0,37275
2023-05-10 21:03:57,a2311,a2311,4768.0,0.0,0.0,0.0,37,4766.0,4767.0,20,4789.0,4793.0,4807.0,4766.0,1803.0,86163200.0,37275
2023-05-10 21:03:58,a2311,a2311,4768.0,0.0,0.0,0.0,37,4766.0,4767.0,25,4789.0,4793.0,4807.0,4766.0,1803.0,86163200.0,37275
2023-05-10 21:03:58,a2311,a2311,4768.0,0.0,0.0,0.0,37,4766.0,4767.0,20,4789.0,4793.0,4807.0,4766.0,1803.0,86163200.0,37275
2023-05-10 21:04:00,a2311,a2311,4767.0,2.0,95330.0,-1.0,36,4766.0,4767.0,18,4789.0,4793.0,4807.0,4766.0,1805.0,86258530.0,37274
2023-05-10 21:04:00,a2311,a2311,4766.0,5.0,238300.0,5.0,31,4766.0,4767.0,8,4789.0,4793.0,4807.0,4766.0,1810.0,86496830.0,37279
2023-05-10 21:04:01,a2311,a2311,4766.0,0.0,0.0,0.0,31,4766.0,4767.0,11,4789.0,4793.0,4807.0,4766.0,1810.0,86496830.0,37279
2023-05-10 21:04:03,a2311,a2311,4767.0,52.0,2478350.0,-7.0,5,4767.0,4768.0,43,4789.0,4793.0,4807.0,4765.0,1862.0,88975180.0,37272
2023-05-10 21:04:03,a2311,a2311,4767.0,5.0,238350.0,-4.0,6,4765.0,4766.0,5,4789.0,4793.0,4807.0,4765.0,1867.0,89213530.0,37268
2023-05-10 21:04:04,a2311,a2311,4767.0,0.0,0.0,0.0,11,4765.0,4767.0,24,4789.0,4793.0,4807.0,4765.0,1867.0,89213530.0,37268
2023-05-10 21:04:04,a2311,a2311,4767.0,0.0,0.0,0.0,10,4765.0,4766.0,3,4789.0,4793.0,4807.0,4765.0,1867.0,89213530.0,37268
2023-05-10 21:04:05,a2311,a2311,4765.0,4.0,190600.0,3.0,11,4764.0,4765.0,4,4789.0,4793.0,4807.0,4765.0,1871.0,89404130.0,37271
2023-05-10 21:04:05,a2311,a2311,4765.0,14.0,667000.0,2.0,5,4764.0,4766.0,14,4789.0,4793.0,4807.0,4764.0,1885.0,90071130.0,37273
2023-05-10 21:04:06,a2311,a2311,4765.0,0.0,0.0,0.0,7,4763.0,4765.0,7,4789.0,4793.0,4807.0,4764.0,1885.0,90071130.0,37273
2023-05-10 21:04:06,a2311,a2311,4765.0,5.0,238250.0,5.0,8,4763.0,4765.0,2,4789.0,4793.0,4807.0,4764.0,1890.0,90309380.0,37278
2023-05-10 21:04:07,a2311,a2311,4765.0,0.0,0.0,0.0,7,4763.0,4765.0,4,4789.0,4793.0,4807.0,4764.0,1890.0,90309380.0,37278
2023-05-10 21:04:07,a2311,a2311,4765.0,0.0,0.0,0.0,6,4763.0,4765.0,14,4789.0,4793.0,4807.0,4764.0,1890.0,90309380.0,37278
2023-05-10 21:04:08,a2311,a2311,4765.0,0.0,0.0,0.0,1,4763.0,4764.0,4,4789.0,4793.0,4807.0,4764.0,1890.0,90309380.0,37278
2023-05-10 21:04:08,a2311,a2311,4764.0,10.0,476310.0,5.0,36,4762.0,4765.0,8,4789.0,4793.0,4807.0,4762.0,1900.0,90785690.0,37283
2023-05-10 21:04:09,a2311,a2311,4764.0,0.0,0.0,0.0,37,4762.0,4765.0,8,4789.0,4793.0,4807.0,4762.0,1900.0,90785690.0,37283
2023-05-10 21:04:10,a2311,a2311,4764.0,0.0,0.0,0.0,32,4762.0,4764.0,7,4789.0,4793.0,4807.0,4762.0,1900.0,90785690.0,37283
2023-05-10 21:04:10,a2311,a2311,4764.0,5.0,238200.0,5.0,32,4762.0,4764.0,7,4789.0,4793.0,4807.0,4762.0,1905.0,91023890.0,37288
2023-05-10 21:04:11,a2311,a2311,4764.0,0.0,0.0,0.0,21,4762.0,4764.0,5,4789.0,4793.0,4807.0,4762.0,1905.0,91023890.0,37288
2023-05-10 21:04:11,a2311,a2311,4762.0,4.0,190480.0,4.0,2,4762.0,4763.0,7,4789.0,4793.0,4807.0,4762.0,1909.0,91214370.0,37292
2023-05-10 21:04:12,a2311,a2311,4763.0,6.0,285780.0,5.0,2,4762.0,4764.0,10,4789.0,4793.0,4807.0,4762.0,1915.0,91500150.0,37297
2023-05-10 21:04:12,a2311,a2311,4763.0,0.0,0.0,0.0,2,4762.0,4764.0,11,4789.0,4793.0,4807.0,4762.0,1915.0,91500150.0,37297
2023-05-10 21:04:13,a2311,a2311,4762.0,1.0,47620.0,1.0,1,4762.0,4763.0,5,4789.0,4793.0,4807.0,4762.0,1916.0,91547770.0,37298
2023-05-10 21:04:13,a2311,a2311,4763.0,6.0,285750.0,3.0,10,4761.0,4763.0,11,4789.0,4793.0,4807.0,4762.0,1922.0,91833520.0,37301
2023-05-10 21:04:14,a2311,a2311,4761.0,1.0,47610.0,1.0,4,4761.0,4763.0,12,4789.0,4793.0,4807.0,4761.0,1923.0,91881130.0,37302
2023-05-10 21:04:14,a2311,a2311,4761.0,4.0,190440.0,2.0,15,4760.0,4762.0,10,4789.0,4793.0,4807.0,4761.0,1927.0,92071570.0,37304
2023-05-10 21:04:15,a2311,a2311,4760.0,2.0,95200.0,2.0,5,4761.0,4762.0,6,4789.0,4793.0,4807.0,4760.0,1929.0,92166770.0,37306
2023-05-10 21:04:15,a2311,a2311,4762.0,3.0,142860.0,3.0,38,4761.0,4763.0,12,4789.0,4793.0,4807.0,4760.0,1932.0,92309630.0,37309
2023-05-10 21:04:16,a2311,a2311,4762.0,0.0,0.0,0.0,5,4762.0,4763.0,7,4789.0,4793.0,4807.0,4760.0,1932.0,92309630.0,37309
2023-05-10 21:04:16,a2311,a2311,4762.0,0.0,0.0,0.0,38,4761.0,4763.0,7,4789.0,4793.0,4807.0,4760.0,1932.0,92309630.0,37309
2023-05-10 21:04:17,a2311,a2311,4762.0,0.0,0.0,0.0,5,4762.0,4763.0,7,4789.0,4793.0,4807.0,4760.0,1932.0,92309630.0,37309
2023-05-10 21:04:18,a2311,a2311,4763.0,4.0,190520.0,-1.0,5,4763.0,4764.0,7,4789.0,4793.0,4807.0,4760.0,1936.0,92500150.0,37308
2023-05-10 21:04:18,a2311,a2311,4764.0,7.0,333480.0,-5.0,5,4764.0,4765.0,3,4789.0,4793.0,4807.0,4760.0,1943.0,92833630.0,37303
2023-05-10 21:04:19,a2311,a2311,4764.0,0.0,0.0,0.0,5,4764.0,4766.0,13,4789.0,4793.0,4807.0,4760.0,1943.0,92833630.0,37303
2023-05-10 21:04:20,a2311,a2311,4764.0,1.0,47640.0,1.0,9,4764.0,4766.0,13,4789.0,4793.0,4807.0,4760.0,1944.0,92881270.0,37304
2023-05-10 21:04:20,a2311,a2311,4764.0,0.0,0.0,0.0,4,4764.0,4766.0,13,4789.0,4793.0,4807.0,4760.0,1944.0,92881270.0,37304
2023-05-10 21:04:21,a2311,a2311,4764.0,0.0,0.0,0.0,4,4764.0,4765.0,8,4789.0,4793.0,4807.0,4760.0,1944.0,92881270.0,37304
2023-05-10 21:04:21,a2311,a2311,4764.0,0.0,0.0,0.0,4,4764.0,4765.0,10,4789.0,4793.0,4807.0,4760.0,1944.0,92881270.0,37304
2023-05-10 21:04:22,a2311,a2311,4764.0,0.0,0.0,0.0,4,4764.0,4765.0,5,4789.0,4793.0,4807.0,4760.0,1944.0,92881270.0,37304
2023-05-10 21:04:22,a2311,a2311,4764.0,0.0,0.0,0.0,4,4764.0,4766.0,23,4789.0,4793.0,4807.0,4760.0,1944.0,92881270.0,37304
2023-05-10 21:04:23,a2311,a2311,4764.0,3.0,142920.0,1.0,1,4764.0,4765.0,5,4789.0,4793.0,4807.0,4760.0,1947.0,93024190.0,37305
2023-05-10 21:04:23,a2311,a2311,4764.0,1.0,47640.0,0.0,6,4763.0,4765.0,12,4789.0,4793.0,4807.0,4760.0,1948.0,93071830.0,37305
2023-05-10 21:04:24,a2311,a2311,4763.0,1.0,47630.0,1.0,5,4762.0,4764.0,11,4789.0,4793.0,4807.0,4760.0,1949.0,93119460.0,37306
2023-05-10 21:04:25,a2311,a2311,4763.0,22.0,1047860.0,-10.0,5,4762.0,4765.0,6,4789.0,4793.0,4807.0,4760.0,1971.0,94167320.0,37296
2023-05-10 21:04:25,a2311,a2311,4763.0,1.0,47630.0,0.0,2,4762.0,4764.0,11,4789.0,4793.0,4807.0,4760.0,1972.0,94214950.0,37296
2023-05-10 21:04:26,a2311,a2311,4763.0,0.0,0.0,0.0,7,4762.0,4765.0,11,4789.0,4793.0,4807.0,4760.0,1972.0,94214950.0,37296
2023-05-10 21:04:26,a2311,a2311,4763.0,0.0,0.0,0.0,7,4762.0,4764.0,10,4789.0,4793.0,4807.0,4760.0,1972.0,94214950.0,37296
2023-05-10 21:04:27,a2311,a2311,4763.0,0.0,0.0,0.0,7,4762.0,4764.0,9,4789.0,4793.0,4807.0,4760.0,1972.0,94214950.0,37296
2023-05-10 21:04:28,a2311,a2311,4763.0,0.0,0.0,0.0,5,4762.0,4764.0,9,4789.0,4793.0,4807.0,4760.0,1972.0,94214950.0,37296
2023-05-10 21:04:28,a2311,a2311,4763.0,0.0,0.0,0.0,35,4761.0,4763.0,5,4789.0,4793.0,4807.0,4760.0,1972.0,94214950.0,37296
2023-05-10 21:04:29,a2311,a2311,4761.0,2.0,95220.0,-1.0,32,4761.0,4763.0,9,4789.0,4793.0,4807.0,4760.0,1974.0,94310170.0,37295
2023-05-10 21:04:29,a2311,a2311,4761.0,0.0,0.0,0.0,30,4761.0,4763.0,10,4789.0,4793.0,4807.0,4760.0,1974.0,94310170.0,37295
2023-05-10 21:04:30,a2311,a2311,4761.0,0.0,0.0,0.0,6,4762.0,4763.0,3,4789.0,4793.0,4807.0,4760.0,1974.0,94310170.0,37295
2023-05-10 21:04:30,a2311,a2311,4763.0,6.0,285780.0,-2.0,1,4763.0,4764.0,8,4789.0,4793.0,4807.0,4760.0,1980.0,94595950.0,37293
2023-05-10 21:04:31,a2311,a2311,4763.0,0.0,0.0,0.0,6,4763.0,4764.0,11,4789.0,4793.0,4807.0,4760.0,1980.0,94595950.0,37293
2023-05-10 21:04:31,a2311,a2311,4763.0,0.0,0.0,0.0,6,4763.0,4764.0,12,4789.0,4793.0,4807.0,4760.0,1980.0,94595950.0,37293
2023-05-10 21:04:32,a2311,a2311,4763.0,1.0,47630.0,0.0,8,4762.0,4764.0,17,4789.0,4793.0,4807.0,4760.0,1981.0,94643580.0,37293
2023-05-10 21:04:32,a2311,a2311,4763.0,0.0,0.0,0.0,8,4762.0,4764.0,22,4789.0,4793.0,4807.0,4760.0,1981.0,94643580.0,37293
2023-05-10 21:04:33,a2311,a2311,4763.0,0.0,0.0,0.0,5,4762.0,4764.0,22,4789.0,4793.0,4807.0,4760.0,1981.0,94643580.0,37293
2023-05-10 21:04:33,a2311,a2311,4763.0,0.0,0.0,0.0,6,4762.0,4764.0,22,4789.0,4793.0,4807.0,4760.0,1981.0,94643580.0,37293
2023-05-10 21:04:34,a2311,a2311,4763.0,0.0,0.0,0.0,1,4762.0,4764.0,21,4789.0,4793.0,4807.0,4760.0,1981.0,94643580.0,37293
2023-05-10 21:04:34,a2311,a2311,4761.0,5.0,238060.0,-3.0,26,4761.0,4762.0,5,4789.0,4793.0,4807.0,4760.0,1986.0,94881640.0,37290
2023-05-10 21:04:35,a2311,a2311,4761.0,3.0,142830.0,0.0,18,4761.0,4763.0,10,4789.0,4793.0,4807.0,4760.0,1989.0,95024470.0,37290
2023-05-10 21:04:35,a2311,a2311,4761.0,0.0,0.0,0.0,19,4761.0,4762.0,9,4789.0,4793.0,4807.0,4760.0,1989.0,95024470.0,37290
2023-05-10 21:04:36,a2311,a2311,4761.0,6.0,285660.0,-2.0,8,4761.0,4762.0,4,4789.0,4793.0,4807.0,4760.0,1995.0,95310130.0,37288
2023-05-10 21:04:36,a2311,a2311,4761.0,8.0,380880.0,-7.0,3,4760.0,4762.0,13,4789.0,4793.0,4807.0,4760.0,2003.0,95691010.0,37281
2023-05-10 21:04:37,a2311,a2311,4761.0,0.0,0.0,0.0,9,4760.0,4762.0,14,4789.0,4793.0,4807.0,4760.0,2003.0,95691010.0,37281
2023-05-10 21:04:37,a2311,a2311,4761.0,0.0,0.0,0.0,9,4760.0,4762.0,9,4789.0,4793.0,4807.0,4760.0,2003.0,95691010.0,37281
2023-05-10 21:04:38,a2311,a2311,4761.0,0.0,0.0,0.0,9,4760.0,4762.0,3,4789.0,4793.0,4807.0,4760.0,2003.0,95691010.0,37281
2023-05-10 21:04:38,a2311,a2311,4761.0,0.0,0.0,0.0,3,4760.0,4761.0,6,4789.0,4793.0,4807.0,4760.0,2003.0,95691010.0,37281
2023-05-10 21:04:39,a2311,a2311,4761.0,0.0,0.0,0.0,3,4760.0,4761.0,5,4789.0,4793.0,4807.0,4760.0,2003.0,95691010.0,37281
2023-05-10 21:04:39,a2311,a2311,4761.0,0.0,0.0,0.0,5,4761.0,4762.0,14,4789.0,4793.0,4807.0,4760.0,2003.0,95691010.0,37281
2023-05-10 21:04:40,a2311,a2311,4761.0,0.0,0.0,0.0,7,4761.0,4762.0,3,4789.0,4793.0,4807.0,4760.0,2003.0,95691010.0,37281
2023-05-10 21:04:40,a2311,a2311,4762.0,1.0,47620.0,1.0,1,4762.0,4763.0,18,4789.0,4793.0,4807.0,4760.0,2004.0,95738630.0,37282
2023-05-10 21:04:41,a2311,a2311,4762.0,1.0,47620.0,0.0,10,4761.0,4763.0,18,4789.0,4793.0,4807.0,4760.0,2005.0,95786250.0,37282
2023-05-10 21:04:41,a2311,a2311,4763.0,8.0,381040.0,-5.0,5,4763.0,4764.0,16,4789.0,4793.0,4807.0,4760.0,2013.0,96167290.0,37277
2023-05-10 21:04:42,a2311,a2311,4763.0,7.0,333460.0,6.0,6,4763.0,4764.0,6,4789.0,4793.0,4807.0,4760.0,2020.0,96500750.0,37283
2023-05-10 21:04:43,a2311,a2311,4763.0,0.0,0.0,0.0,11,4763.0,4764.0,6,4789.0,4793.0,4807.0,4760.0,2020.0,96500750.0,37283
2023-05-10 21:04:44,a2311,a2311,4763.0,0.0,0.0,0.0,12,4763.0,4764.0,6,4789.0,4793.0,4807.0,4760.0,2020.0,96500750.0,37283
2023-05-10 21:04:44,a2311,a2311,4763.0,0.0,0.0,0.0,6,4763.0,4764.0,7,4789.0,4793.0,4807.0,4760.0,2020.0,96500750.0,37283
2023-05-10 21:04:45,a2311,a2311,4762.0,8.0,381020.0,8.0,5,4761.0,4762.0,2,4789.0,4793.0,4807.0,4760.0,2028.0,96881770.0,37291
2023-05-10 21:04:47,a2311,a2311,4762.0,0.0,0.0,0.0,49,4760.0,4762.0,2,4789.0,4793.0,4807.0,4760.0,2028.0,96881770.0,37291
2023-05-10 21:04:47,a2311,a2311,4762.0,0.0,0.0,0.0,48,4760.0,4762.0,2,4789.0,4793.0,4807.0,4760.0,2028.0,96881770.0,37291
2023-05-10 21:04:48,a2311,a2311,4762.0,2.0,95240.0,-2.0,11,4761.0,4763.0,10,4789.0,4793.0,4807.0,4760.0,2030.0,96977010.0,37289
2023-05-10 21:04:48,a2311,a2311,4762.0,0.0,0.0,0.0,9,4761.0,4764.0,20,4789.0,4793.0,4807.0,4760.0,2030.0,96977010.0,37289
2023-05-10 21:04:49,a2311,a2311,4762.0,0.0,0.0,0.0,5,4762.0,4764.0,19,4789.0,4793.0,4807.0,4760.0,2030.0,96977010.0,37289
2023-05-10 21:04:49,a2311,a2311,4761.0,1.0,47610.0,1.0,7,4761.0,4764.0,19,4789.0,4793.0,4807.0,4760.0,2031.0,97024620.0,37290
2023-05-10 21:04:50,a2311,a2311,4761.0,0.0,0.0,0.0,7,4761.0,4763.0,14,4789.0,4793.0,4807.0,4760.0,2031.0,97024620.0,37290
2023-05-10 21:04:51,a2311,a2311,4761.0,0.0,0.0,0.0,13,4761.0,4763.0,8,4789.0,4793.0,4807.0,4760.0,2031.0,97024620.0,37290
2023-05-10 21:04:53,a2311,a2311,4761.0,0.0,0.0,0.0,12,4761.0,4763.0,8,4789.0,4793.0,4807.0,4760.0,2031.0,97024620.0,37290
2023-05-10 21:04:53,a2311,a2311,4761.0,0.0,0.0,0.0,12,4761.0,4763.0,14,4789.0,4793.0,4807.0,4760.0,2031.0,97024620.0,37290
2023-05-10 21:04:54,a2311,a2311,4761.0,0.0,0.0,0.0,13,4761.0,4763.0,9,4789.0,4793.0,4807.0,4760.0,2031.0,97024620.0,37290
2023-05-10 21:04:54,a2311,a2311,4761.0,0.0,0.0,0.0,1,4761.0,4763.0,8,4789.0,4793.0,4807.0,4760.0,2031.0,97024620.0,37290
2023-05-10 21:04:55,a2311,a2311,4761.0,0.0,0.0,0.0,1,4761.0,4763.0,13,4789.0,4793.0,4807.0,4760.0,2031.0,97024620.0,37290
2023-05-10 21:04:55,a2311,a2311,4761.0,1.0,47610.0,1.0,48,4760.0,4762.0,7,4789.0,4793.0,4807.0,4760.0,2032.0,97072230.0,37291
2023-05-10 21:04:56,a2311,a2311,4761.0,0.0,0.0,0.0,53,4760.0,4762.0,10,4789.0,4793.0,4807.0,4760.0,2032.0,97072230.0,37291
2023-05-10 21:04:56,a2311,a2311,4761.0,0.0,0.0,0.0,48,4760.0,4762.0,8,4789.0,4793.0,4807.0,4760.0,2032.0,97072230.0,37291
2023-05-10 21:04:57,a2311,a2311,4761.0,0.0,0.0,0.0,49,4760.0,4763.0,20,4789.0,4793.0,4807.0,4760.0,2032.0,97072230.0,37291
2023-05-10 21:04:57,a2311,a2311,4761.0,0.0,0.0,0.0,59,4760.0,4763.0,20,4789.0,4793.0,4807.0,4760.0,2032.0,97072230.0,37291
2023-05-10 21:04:58,a2311,a2311,4761.0,0.0,0.0,0.0,6,4761.0,4763.0,23,4789.0,4793.0,4807.0,4760.0,2032.0,97072230.0,37291
2023-05-10 21:04:58,a2311,a2311,4764.0,21.0,1000260.0,13.0,11,4763.0,4764.0,3,4789.0,4793.0,4807.0,4760.0,2053.0,98072490.0,37304
2023-05-10 21:04:59,a2311,a2311,4764.0,3.0,142920.0,0.0,5,4764.0,4765.0,2,4789.0,4793.0,4807.0,4760.0,2056.0,98215410.0,37304
2023-05-10 21:04:59,a2311,a2311,4764.0,10.0,476400.0,-10.0,16,4763.0,4765.0,12,4789.0,4793.0,4807.0,4760.0,2066.0,98691810.0,37294
2023-05-10 21:05:00,a2311,a2311,4764.0,0.0,0.0,0.0,1,4764.0,4765.0,12,4789.0,4793.0,4807.0,4760.0,2066.0,98691810.0,37294
2023-05-10 21:05:00,a2311,a2311,4764.0,1.0,47640.0,0.0,11,4763.0,4764.0,5,4789.0,4793.0,4807.0,4760.0,2067.0,98739450.0,37294
2023-05-10 21:05:01,a2311,a2311,4764.0,0.0,0.0,0.0,11,4763.0,4765.0,12,4789.0,4793.0,4807.0,4760.0,2067.0,98739450.0,37294
2023-05-10 21:05:01,a2311,a2311,4764.0,0.0,0.0,0.0,11,4763.0,4765.0,22,4789.0,4793.0,4807.0,4760.0,2067.0,98739450.0,37294
2023-05-10 21:05:02,a2311,a2311,4764.0,0.0,0.0,0.0,15,4763.0,4765.0,17,4789.0,4793.0,4807.0,4760.0,2067.0,98739450.0,37294
2023-05-10 21:05:02,a2311,a2311,4765.0,8.0,381200.0,-5.0,5,4765.0,4766.0,3,4789.0,4793.0,4807.0,4760.0,2075.0,99120650.0,37289
2023-05-10 21:05:03,a2311,a2311,4765.0,0.0,0.0,0.0,6,4766.0,4767.0,8,4789.0,4793.0,4807.0,4760.0,2075.0,99120650.0,37289
2023-05-10 21:05:03,a2311,a2311,4765.0,0.0,0.0,0.0,12,4766.0,4767.0,5,4789.0,4793.0,4807.0,4760.0,2075.0,99120650.0,37289
2023-05-10 21:05:04,a2311,a2311,4765.0,0.0,0.0,0.0,11,4767.0,4768.0,23,4789.0,4793.0,4807.0,4760.0,2075.0,99120650.0,37289
2023-05-10 21:05:04,a2311,a2311,4768.0,3.0,143040.0,-1.0,18,4767.0,4768.0,7,4789.0,4793.0,4807.0,4760.0,2078.0,99263690.0,37288
2023-05-10 21:05:05,a2311,a2311,4769.0,12.0,572210.0,4.0,6,4769.0,4770.0,7,4789.0,4793.0,4807.0,4760.0,2090.0,99835900.0,37292
2023-05-10 21:05:05,a2311,a2311,4769.0,11.0,524590.0,-5.0,7,4768.0,4770.0,10,4789.0,4793.0,4807.0,4760.0,2101.0,100360490.0,37287
2023-05-10 21:05:06,a2311,a2311,4769.0,0.0,0.0,0.0,5,4769.0,4770.0,8,4789.0,4793.0,4807.0,4760.0,2101.0,100360490.0,37287
2023-05-10 21:05:06,a2311,a2311,4769.0,5.0,238450.0,0.0,7,4768.0,4770.0,8,4789.0,4793.0,4807.0,4760.0,2106.0,100598940.0,37287
2023-05-10 21:05:07,a2311,a2311,4769.0,0.0,0.0,0.0,12,4768.0,4770.0,3,4789.0,4793.0,4807.0,4760.0,2106.0,100598940.0,37287
2023-05-10 21:05:08,a2311,a2311,4769.0,0.0,0.0,0.0,11,4768.0,4770.0,3,4789.0,4793.0,4807.0,4760.0,2106.0,100598940.0,37287
2023-05-10 21:05:09,a2311,a2311,4770.0,1.0,47700.0,0.0,7,4769.0,4770.0,2,4789.0,4793.0,4807.0,4760.0,2107.0,100646640.0,37287
2023-05-10 21:05:09,a2311,a2311,4770.0,0.0,0.0,0.0,13,4769.0,4772.0,16,4789.0,4793.0,4807.0,4760.0,2107.0,100646640.0,37287
2023-05-10 21:05:10,a2311,a2311,4770.0,0.0,0.0,0.0,13,4769.0,4771.0,3,4789.0,4793.0,4807.0,4760.0,2107.0,100646640.0,37287
2023-05-10 21:05:10,a2311,a2311,4770.0,0.0,0.0,0.0,11,4769.0,4771.0,3,4789.0,4793.0,4807.0,4760.0,2107.0,100646640.0,37287
2023-05-10 21:05:11,a2311,a2311,4769.0,5.0,238450.0,5.0,8,4769.0,4771.0,3,4789.0,4793.0,4807.0,4760.0,2112.0,100885090.0,37292
2023-05-10 21:05:11,a2311,a2311,4769.0,0.0,0.0,0.0,23,4768.0,4771.0,19,4789.0,4793.0,4807.0,4760.0,2112.0,100885090.0,37292
2023-05-10 21:05:12,a2311,a2311,4769.0,0.0,0.0,0.0,8,4768.0,4770.0,8,4789.0,4793.0,4807.0,4760.0,2112.0,100885090.0,37292
2023-05-10 21:05:12,a2311,a2311,4769.0,0.0,0.0,0.0,8,4768.0,4770.0,13,4789.0,4793.0,4807.0,4760.0,2112.0,100885090.0,37292
2023-05-10 21:05:13,a2311,a2311,4769.0,0.0,0.0,0.0,18,4767.0,4769.0,6,4789.0,4793.0,4807.0,4760.0,2112.0,100885090.0,37292
2023-05-10 21:05:13,a2311,a2311,4767.0,5.0,238350.0,5.0,11,4766.0,4767.0,5,4789.0,4793.0,4807.0,4760.0,2117.0,101123440.0,37297
2023-05-10 21:05:14,a2311,a2311,4767.0,0.0,0.0,0.0,6,4766.0,4767.0,5,4789.0,4793.0,4807.0,4760.0,2117.0,101123440.0,37297
2023-05-10 21:05:14,a2311,a2311,4767.0,5.0,238350.0,-5.0,6,4766.0,4768.0,10,4789.0,4793.0,4807.0,4760.0,2122.0,101361790.0,37292
2023-05-10 21:05:15,a2311,a2311,4767.0,0.0,0.0,0.0,8,4766.0,4768.0,5,4789.0,4793.0,4807.0,4760.0,2122.0,101361790.0,37292
2023-05-10 21:05:16,a2311,a2311,4768.0,2.0,95360.0,-1.0,8,4766.0,4769.0,10,4789.0,4793.0,4807.0,4760.0,2124.0,101457150.0,37291
2023-05-10 21:05:17,a2311,a2311,4768.0,0.0,0.0,0.0,6,4768.0,4769.0,5,4789.0,4793.0,4807.0,4760.0,2124.0,101457150.0,37291
2023-05-10 21:05:17,a2311,a2311,4769.0,5.0,238450.0,-5.0,7,4768.0,4770.0,10,4789.0,4793.0,4807.0,4760.0,2129.0,101695600.0,37286
2023-05-10 21:05:18,a2311,a2311,4769.0,0.0,0.0,0.0,12,4768.0,4770.0,5,4789.0,4793.0,4807.0,4760.0,2129.0,101695600.0,37286
2023-05-10 21:05:19,a2311,a2311,4769.0,0.0,0.0,0.0,11,4769.0,4770.0,5,4789.0,4793.0,4807.0,4760.0,2129.0,101695600.0,37286
2023-05-10 21:05:19,a2311,a2311,4769.0,5.0,238450.0,3.0,6,4768.0,4770.0,16,4789.0,4793.0,4807.0,4760.0,2134.0,101934050.0,37289
2023-05-10 21:05:20,a2311,a2311,4770.0,1.0,47700.0,1.0,9,4767.0,4769.0,6,4789.0,4793.0,4807.0,4760.0,2135.0,101981750.0,37290
2023-05-10 21:05:20,a2311,a2311,4767.0,3.0,143010.0,3.0,13,4766.0,4768.0,15,4789.0,4793.0,4807.0,4760.0,2138.0,102124760.0,37293
2023-05-10 21:05:21,a2311,a2311,4767.0,1.0,47670.0,0.0,2,4766.0,4768.0,17,4789.0,4793.0,4807.0,4760.0,2139.0,102172430.0,37293
2023-05-10 21:05:21,a2311,a2311,4767.0,0.0,0.0,0.0,3,4766.0,4768.0,22,4789.0,4793.0,4807.0,4760.0,2139.0,102172430.0,37293
2023-05-10 21:05:22,a2311,a2311,4767.0,0.0,0.0,0.0,3,4766.0,4767.0,12,4789.0,4793.0,4807.0,4760.0,2139.0,102172430.0,37293
2023-05-10 21:05:23,a2311,a2311,4767.0,0.0,0.0,0.0,1,4766.0,4767.0,22,4789.0,4793.0,4807.0,4760.0,2139.0,102172430.0,37293
2023-05-10 21:05:23,a2311,a2311,4766.0,1.0,47660.0,1.0,10,4765.0,4766.0,6,4789.0,4793.0,4807.0,4760.0,2140.0,102220090.0,37294
2023-05-10 21:05:24,a2311,a2311,4765.0,5.0,238250.0,5.0,14,4764.0,4766.0,6,4789.0,4793.0,4807.0,4760.0,2145.0,102458340.0,37299
2023-05-10 21:05:24,a2311,a2311,4768.0,14.0,667410.0,-3.0,5,4767.0,4768.0,5,4789.0,4793.0,4807.0,4760.0,2159.0,103125750.0,37296
2023-05-10 21:05:25,a2311,a2311,4768.0,1.0,47680.0,0.0,6,4767.0,4768.0,2,4789.0,4793.0,4807.0,4760.0,2160.0,103173430.0,37296
2023-05-10 21:05:25,a2311,a2311,4768.0,7.0,333760.0,-2.0,6,4767.0,4769.0,4,4789.0,4793.0,4807.0,4760.0,2167.0,103507190.0,37294
2023-05-10 21:05:26,a2311,a2311,4768.0,0.0,0.0,0.0,11,4767.0,4769.0,4,4789.0,4793.0,4807.0,4760.0,2167.0,103507190.0,37294
2023-05-10 21:05:26,a2311,a2311,4770.0,5.0,238500.0,-3.0,10,4767.0,4771.0,18,4789.0,4793.0,4807.0,4760.0,2172.0,103745690.0,37291
2023-05-10 21:05:27,a2311,a2311,4770.0,0.0,0.0,0.0,8,4768.0,4771.0,20,4789.0,4793.0,4807.0,4760.0,2172.0,103745690.0,37291
2023-05-10 21:05:27,a2311,a2311,4770.0,0.0,0.0,0.0,8,4768.0,4771.0,18,4789.0,4793.0,4807.0,4760.0,2172.0,103745690.0,37291
2023-05-10 21:05:28,a2311,a2311,4770.0,0.0,0.0,0.0,5,4768.0,4771.0,18,4789.0,4793.0,4807.0,4760.0,2172.0,103745690.0,37291
2023-05-10 21:05:28,a2311,a2311,4768.0,1.0,47680.0,0.0,8,4767.0,4768.0,5,4789.0,4793.0,4807.0,4760.0,2173.0,103793370.0,37291
2023-05-10 21:05:29,a2311,a2311,4768.0,0.0,0.0,0.0,8,4767.0,4769.0,13,4789.0,4793.0,4807.0,4760.0,2173.0,103793370.0,37291
2023-05-10 21:05:29,a2311,a2311,4768.0,0.0,0.0,0.0,19,4767.0,4769.0,3,4789.0,4793.0,4807.0,4760.0,2173.0,103793370.0,37291
2023-05-10 21:05:31,a2311,a2311,4768.0,0.0,0.0,0.0,18,4767.0,4769.0,10,4789.0,4793.0,4807.0,4760.0,2173.0,103793370.0,37291
2023-05-10 21:05:31,a2311,a2311,4768.0,0.0,0.0,0.0,11,4767.0,4769.0,9,4789.0,4793.0,4807.0,4760.0,2173.0,103793370.0,37291
2023-05-10 21:05:32,a2311,a2311,4769.0,3.0,143070.0,3.0,6,4768.0,4770.0,20,4789.0,4793.0,4807.0,4760.0,2176.0,103936440.0,37294
2023-05-10 21:05:32,a2311,a2311,4769.0,1.0,47690.0,1.0,6,4769.0,4771.0,13,4789.0,4793.0,4807.0,4760.0,2177.0,103984130.0,37295
2023-05-10 21:05:33,a2311,a2311,4769.0,0.0,0.0,0.0,5,4770.0,4771.0,3,4789.0,4793.0,4807.0,4760.0,2177.0,103984130.0,37295
2023-05-10 21:05:33,a2311,a2311,4770.0,5.0,238500.0,-3.0,6,4769.0,4771.0,3,4789.0,4793.0,4807.0,4760.0,2182.0,104222630.0,37292
2023-05-10 21:05:34,a2311,a2311,4770.0,0.0,0.0,0.0,6,4769.0,4770.0,1,4789.0,4793.0,4807.0,4760.0,2182.0,104222630.0,37292
2023-05-10 21:05:35,a2311,a2311,4769.0,1.0,47690.0,-1.0,20,4767.0,4770.0,1,4789.0,4793.0,4807.0,4760.0,2183.0,104270320.0,37291
2023-05-10 21:05:36,a2311,a2311,4769.0,1.0,47690.0,-1.0,5,4769.0,4770.0,1,4789.0,4793.0,4807.0,4760.0,2184.0,104318010.0,37290
2023-05-10 21:05:36,a2311,a2311,4769.0,0.0,0.0,0.0,6,4769.0,4770.0,1,4789.0,4793.0,4807.0,4760.0,2184.0,104318010.0,37290
2023-05-10 21:05:37,a2311,a2311,4770.0,1.0,47700.0,-1.0,7,4770.0,4771.0,3,4789.0,4793.0,4807.0,4760.0,2185.0,104365710.0,37289
2023-05-10 21:05:37,a2311,a2311,4771.0,3.0,143130.0,0.0,5,4771.0,4772.0,3,4789.0,4793.0,4807.0,4760.0,2188.0,104508840.0,37289
2023-05-10 21:05:38,a2311,a2311,4772.0,2.0,95440.0,1.0,21,4771.0,4773.0,11,4789.0,4793.0,4807.0,4760.0,2190.0,104604280.0,37290
2023-05-10 21:05:38,a2311,a2311,4772.0,0.0,0.0,0.0,5,4772.0,4773.0,9,4789.0,4793.0,4807.0,4760.0,2190.0,104604280.0,37290
2023-05-10 21:05:39,a2311,a2311,4771.0,12.0,572620.0,-5.0,1,4770.0,4773.0,3,4789.0,4793.0,4807.0,4760.0,2202.0,105176900.0,37285
2023-05-10 21:05:39,a2311,a2311,4773.0,3.0,143190.0,0.0,6,4772.0,4774.0,18,4789.0,4793.0,4807.0,4760.0,2205.0,105320090.0,37285
2023-05-10 21:05:40,a2311,a2311,4772.0,1.0,47720.0,0.0,14,4771.0,4772.0,5,4789.0,4793.0,4807.0,4760.0,2206.0,105367810.0,37285
2023-05-10 21:05:40,a2311,a2311,4771.0,11.0,524810.0,4.0,15,4770.0,4771.0,4,4789.0,4793.0,4807.0,4760.0,2217.0,105892620.0,37289
2023-05-10 21:05:41,a2311,a2311,4770.0,5.0,238500.0,-2.0,11,4768.0,4771.0,9,4789.0,4793.0,4807.0,4760.0,2222.0,106131120.0,37287
2023-05-10 21:05:41,a2311,a2311,4770.0,5.0,238500.0,0.0,16,4769.0,4771.0,9,4789.0,4793.0,4807.0,4760.0,2227.0,106369620.0,37287
2023-05-10 21:05:42,a2311,a2311,4770.0,0.0,0.0,0.0,18,4769.0,4771.0,4,4789.0,4793.0,4807.0,4760.0,2227.0,106369620.0,37287
2023-05-10 21:05:42,a2311,a2311,4770.0,0.0,0.0,0.0,4,4770.0,4771.0,4,4789.0,4793.0,4807.0,4760.0,2227.0,106369620.0,37287
2023-05-10 21:05:43,a2311,a2311,4770.0,0.0,0.0,0.0,5,4770.0,4771.0,4,4789.0,4793.0,4807.0,4760.0,2227.0,106369620.0,37287
2023-05-10 21:05:43,a2311,a2311,4770.0,0.0,0.0,0.0,8,4770.0,4771.0,4,4789.0,4793.0,4807.0,4760.0,2227.0,106369620.0,37287
2023-05-10 21:05:44,a2311,a2311,4770.0,0.0,0.0,0.0,2,4770.0,4771.0,4,4789.0,4793.0,4807.0,4760.0,2227.0,106369620.0,37287
2023-05-10 21:05:48,a2311,a2311,4770.0,0.0,0.0,0.0,5,4770.0,4771.0,4,4789.0,4793.0,4807.0,4760.0,2227.0,106369620.0,37287
2023-05-10 21:05:49,a2311,a2311,4771.0,4.0,190840.0,-4.0,2,4770.0,4772.0,25,4789.0,4793.0,4807.0,4760.0,2231.0,106560460.0,37283
2023-05-10 21:05:49,a2311,a2311,4772.0,1.0,47720.0,-1.0,1,4772.0,4773.0,19,4789.0,4793.0,4807.0,4760.0,2232.0,106608180.0,37282
2023-05-10 21:05:50,a2311,a2311,4773.0,2.0,95460.0,2.0,2,4772.0,4773.0,5,4789.0,4793.0,4807.0,4760.0,2234.0,106703640.0,37284
2023-05-10 21:05:50,a2311,a2311,4773.0,0.0,0.0,0.0,11,4772.0,4774.0,10,4789.0,4793.0,4807.0,4760.0,2234.0,106703640.0,37284
2023-05-10 21:05:51,a2311,a2311,4773.0,0.0,0.0,0.0,6,4772.0,4773.0,5,4789.0,4793.0,4807.0,4760.0,2234.0,106703640.0,37284
2023-05-10 21:05:51,a2311,a2311,4773.0,0.0,0.0,0.0,1,4772.0,4773.0,5,4789.0,4793.0,4807.0,4760.0,2234.0,106703640.0,37284
2023-05-10 21:05:52,a2311,a2311,4772.0,1.0,47720.0,1.0,16,4771.0,4773.0,5,4789.0,4793.0,4807.0,4760.0,2235.0,106751360.0,37285
2023-05-10 21:05:52,a2311,a2311,4772.0,0.0,0.0,0.0,19,4771.0,4774.0,20,4789.0,4793.0,4807.0,4760.0,2235.0,106751360.0,37285
2023-05-10 21:05:53,a2311,a2311,4772.0,1.0,47720.0,-1.0,10,4772.0,4774.0,16,4789.0,4793.0,4807.0,4760.0,2236.0,106799080.0,37284
2023-05-10 21:05:53,a2311,a2311,4772.0,0.0,0.0,0.0,16,4772.0,4774.0,10,4789.0,4793.0,4807.0,4760.0,2236.0,106799080.0,37284
2023-05-10 21:05:54,a2311,a2311,4772.0,0.0,0.0,0.0,19,4772.0,4774.0,10,4789.0,4793.0,4807.0,4760.0,2236.0,106799080.0,37284
2023-05-10 21:05:54,a2311,a2311,4774.0,2.0,95480.0,0.0,19,4773.0,4775.0,4,4789.0,4793.0,4807.0,4760.0,2238.0,106894560.0,37284
2023-05-10 21:05:55,a2311,a2311,4774.0,0.0,0.0,0.0,19,4773.0,4775.0,9,4789.0,4793.0,4807.0,4760.0,2238.0,106894560.0,37284
2023-05-10 21:05:55,a2311,a2311,4773.0,1.0,47730.0,0.0,31,4772.0,4775.0,9,4789.0,4793.0,4807.0,4760.0,2239.0,106942290.0,37284
2023-05-10 21:05:56,a2311,a2311,4773.0,0.0,0.0,0.0,11,4773.0,4775.0,9,4789.0,4793.0,4807.0,4760.0,2239.0,106942290.0,37284
2023-05-10 21:05:56,a2311,a2311,4773.0,0.0,0.0,0.0,13,4773.0,4775.0,9,4789.0,4793.0,4807.0,4760.0,2239.0,106942290.0,37284
2023-05-10 21:05:57,a2311,a2311,4773.0,0.0,0.0,0.0,23,4773.0,4775.0,9,4789.0,4793.0,4807.0,4760.0,2239.0,106942290.0,37284
2023-05-10 21:05:57,a2311,a2311,4773.0,0.0,0.0,0.0,18,4773.0,4775.0,9,4789.0,4793.0,4807.0,4760.0,2239.0,106942290.0,37284
2023-05-10 21:05:58,a2311,a2311,4773.0,0.0,0.0,0.0,24,4773.0,4775.0,8,4789.0,4793.0,4807.0,4760.0,2239.0,106942290.0,37284
2023-05-10 21:05:58,a2311,a2311,4773.0,0.0,0.0,0.0,16,4773.0,4775.0,8,4789.0,4793.0,4807.0,4760.0,2239.0,106942290.0,37284
2023-05-10 21:05:59,a2311,a2311,4773.0,0.0,0.0,0.0,23,4773.0,4776.0,25,4789.0,4793.0,4807.0,4760.0,2239.0,106942290.0,37284
2023-05-10 21:05:59,a2311,a2311,4773.0,0.0,0.0,0.0,25,4774.0,4776.0,5,4789.0,4793.0,4807.0,4760.0,2239.0,106942290.0,37284
2023-05-10 21:06:00,a2311,a2311,4773.0,0.0,0.0,0.0,30,4774.0,4776.0,5,4789.0,4793.0,4807.0,4760.0,2239.0,106942290.0,37284
2023-05-10 21:06:00,a2311,a2311,4773.0,0.0,0.0,0.0,29,4774.0,4776.0,5,4789.0,4793.0,4807.0,4760.0,2239.0,106942290.0,37284
2023-05-10 21:06:01,a2311,a2311,4773.0,0.0,0.0,0.0,10,4775.0,4776.0,2,4789.0,4793.0,4807.0,4760.0,2239.0,106942290.0,37284
2023-05-10 21:06:01,a2311,a2311,4777.0,5.0,238830.0,0.0,10,4775.0,4777.0,55,4789.0,4793.0,4807.0,4760.0,2244.0,107181120.0,37284
2023-05-10 21:06:02,a2311,a2311,4775.0,5.0,238750.0,5.0,14,4774.0,4775.0,17,4789.0,4793.0,4807.0,4760.0,2249.0,107419870.0,37289
2023-05-10 21:06:02,a2311,a2311,4774.0,7.0,334230.0,5.0,18,4773.0,4775.0,17,4789.0,4793.0,4807.0,4760.0,2256.0,107754100.0,37294
2023-05-10 21:06:03,a2311,a2311,4774.0,0.0,0.0,0.0,9,4774.0,4775.0,17,4789.0,4793.0,4807.0,4760.0,2256.0,107754100.0,37294
2023-05-10 21:06:04,a2311,a2311,4774.0,5.0,238700.0,4.0,27,4773.0,4775.0,27,4789.0,4793.0,4807.0,4760.0,2261.0,107992800.0,37298
2023-05-10 21:06:05,a2311,a2311,4773.0,18.0,859140.0,-9.0,16,4772.0,4775.0,37,4789.0,4793.0,4807.0,4760.0,2279.0,108851940.0,37289
2023-05-10 21:06:05,a2311,a2311,4772.0,3.0,143160.0,0.0,1,4772.0,4774.0,14,4789.0,4793.0,4807.0,4760.0,2282.0,108995100.0,37289
2023-05-10 21:06:06,a2311,a2311,4772.0,1.0,47720.0,0.0,1,4772.0,4774.0,11,4789.0,4793.0,4807.0,4760.0,2283.0,109042820.0,37289
2023-05-10 21:06:06,a2311,a2311,4772.0,1.0,47720.0,0.0,10,4771.0,4773.0,6,4789.0,4793.0,4807.0,4760.0,2284.0,109090540.0,37289
2023-05-10 21:06:07,a2311,a2311,4772.0,0.0,0.0,0.0,3,4771.0,4773.0,11,4789.0,4793.0,4807.0,4760.0,2284.0,109090540.0,37289
2023-05-10 21:06:09,a2311,a2311,4774.0,15.0,716000.0,-5.0,3,4771.0,4775.0,36,4789.0,4793.0,4807.0,4760.0,2299.0,109806540.0,37284
2023-05-10 21:06:09,a2311,a2311,4775.0,2.0,95480.0,2.0,11,4773.0,4775.0,25,4789.0,4793.0,4807.0,4760.0,2301.0,109902020.0,37286
2023-05-10 21:06:10,a2311,a2311,4774.0,5.0,238700.0,5.0,1,4773.0,4775.0,41,4789.0,4793.0,4807.0,4760.0,2306.0,110140720.0,37291
2023-05-10 21:06:10,a2311,a2311,4774.0,0.0,0.0,0.0,1,4773.0,4774.0,5,4789.0,4793.0,4807.0,4760.0,2306.0,110140720.0,37291
2023-05-10 21:06:11,a2311,a2311,4774.0,0.0,0.0,0.0,1,4773.0,4774.0,6,4789.0,4793.0,4807.0,4760.0,2306.0,110140720.0,37291
2023-05-10 21:06:13,a2311,a2311,4774.0,0.0,0.0,0.0,1,4773.0,4774.0,7,4789.0,4793.0,4807.0,4760.0,2306.0,110140720.0,37291
2023-05-10 21:06:13,a2311,a2311,4774.0,0.0,0.0,0.0,37,4772.0,4774.0,7,4789.0,4793.0,4807.0,4760.0,2306.0,110140720.0,37291
2023-05-10 21:06:14,a2311,a2311,4774.0,0.0,0.0,0.0,34,4772.0,4774.0,6,4789.0,4793.0,4807.0,4760.0,2306.0,110140720.0,37291
2023-05-10 21:06:15,a2311,a2311,4774.0,4.0,190960.0,0.0,2,4774.0,4775.0,39,4789.0,4793.0,4807.0,4760.0,2310.0,110331680.0,37291
2023-05-10 21:06:15,a2311,a2311,4774.0,0.0,0.0,0.0,1,4774.0,4775.0,44,4789.0,4793.0,4807.0,4760.0,2310.0,110331680.0,37291
2023-05-10 21:06:16,a2311,a2311,4774.0,0.0,0.0,0.0,1,4774.0,4775.0,26,4789.0,4793.0,4807.0,4760.0,2310.0,110331680.0,37291
2023-05-10 21:06:16,a2311,a2311,4774.0,0.0,0.0,0.0,1,4774.0,4775.0,31,4789.0,4793.0,4807.0,4760.0,2310.0,110331680.0,37291
2023-05-10 21:06:17,a2311,a2311,4774.0,0.0,0.0,0.0,6,4774.0,4775.0,36,4789.0,4793.0,4807.0,4760.0,2310.0,110331680.0,37291
2023-05-10 21:06:18,a2311,a2311,4774.0,0.0,0.0,0.0,1,4774.0,4775.0,31,4789.0,4793.0,4807.0,4760.0,2310.0,110331680.0,37291
2023-05-10 21:06:18,a2311,a2311,4774.0,0.0,0.0,0.0,1,4774.0,4775.0,36,4789.0,4793.0,4807.0,4760.0,2310.0,110331680.0,37291
2023-05-10 21:06:19,a2311,a2311,4774.0,0.0,0.0,0.0,1,4774.0,4775.0,31,4789.0,4793.0,4807.0,4760.0,2310.0,110331680.0,37291
2023-05-10 21:06:20,a2311,a2311,4774.0,1.0,47740.0,-1.0,1,4773.0,4775.0,37,4789.0,4793.0,4807.0,4760.0,2311.0,110379420.0,37290
2023-05-10 21:06:20,a2311,a2311,4774.0,0.0,0.0,0.0,1,4773.0,4774.0,9,4789.0,4793.0,4807.0,4760.0,2311.0,110379420.0,37290
2023-05-10 21:06:21,a2311,a2311,4774.0,0.0,0.0,0.0,1,4773.0,4774.0,14,4789.0,4793.0,4807.0,4760.0,2311.0,110379420.0,37290
2023-05-10 21:06:23,a2311,a2311,4774.0,0.0,0.0,0.0,1,4773.0,4774.0,4,4789.0,4793.0,4807.0,4760.0,2311.0,110379420.0,37290
2023-05-10 21:06:25,a2311,a2311,4774.0,0.0,0.0,0.0,1,4773.0,4774.0,14,4789.0,4793.0,4807.0,4760.0,2311.0,110379420.0,37290
2023-05-10 21:06:26,a2311,a2311,4773.0,1.0,47730.0,-1.0,3,4772.0,4774.0,15,4789.0,4793.0,4807.0,4760.0,2312.0,110427150.0,37289
2023-05-10 21:06:28,a2311,a2311,4773.0,0.0,0.0,0.0,34,4771.0,4773.0,27,4789.0,4793.0,4807.0,4760.0,2312.0,110427150.0,37289
2023-05-10 21:06:28,a2311,a2311,4773.0,0.0,0.0,0.0,1,4772.0,4773.0,42,4789.0,4793.0,4807.0,4760.0,2312.0,110427150.0,37289
2023-05-10 21:06:30,a2311,a2311,4773.0,0.0,0.0,0.0,1,4772.0,4773.0,47,4789.0,4793.0,4807.0,4760.0,2312.0,110427150.0,37289
2023-05-10 21:06:31,a2311,a2311,4772.0,1.0,47720.0,0.0,23,4771.0,4772.0,3,4789.0,4793.0,4807.0,4760.0,2313.0,110474870.0,37289
2023-05-10 21:06:31,a2311,a2311,4772.0,0.0,0.0,0.0,10,4771.0,4772.0,8,4789.0,4793.0,4807.0,4760.0,2313.0,110474870.0,37289
2023-05-10 21:06:32,a2311,a2311,4772.0,0.0,0.0,0.0,21,4770.0,4772.0,8,4789.0,4793.0,4807.0,4760.0,2313.0,110474870.0,37289
2023-05-10 21:06:32,a2311,a2311,4772.0,0.0,0.0,0.0,31,4770.0,4772.0,8,4789.0,4793.0,4807.0,4760.0,2313.0,110474870.0,37289
2023-05-10 21:06:32,a2311,a2311,4772.0,0.0,0.0,0.0,31,4770.0,4772.0,9,4789.0,4793.0,4807.0,4760.0,2313.0,110474870.0,37289
2023-05-10 21:06:33,a2311,a2311,4772.0,9.0,429480.0,5.0,9,4771.0,4773.0,42,4789.0,4793.0,4807.0,4760.0,2322.0,110904350.0,37294
2023-05-10 21:06:34,a2311,a2311,4773.0,2.0,95460.0,2.0,19,4772.0,4773.0,30,4789.0,4793.0,4807.0,4760.0,2324.0,110999810.0,37296
2023-05-10 21:06:34,a2311,a2311,4773.0,0.0,0.0,0.0,24,4772.0,4773.0,35,4789.0,4793.0,4807.0,4760.0,2324.0,110999810.0,37296
2023-05-10 21:06:36,a2311,a2311,4773.0,19.0,906870.0,2.0,19,4772.0,4773.0,11,4789.0,4793.0,4807.0,4760.0,2343.0,111906680.0,37298
2023-05-10 21:06:37,a2311,a2311,4773.0,11.0,525030.0,-1.0,10,4773.0,4774.0,10,4789.0,4793.0,4807.0,4760.0,2354.0,112431710.0,37297
2023-05-10 21:06:38,a2311,a2311,4772.0,41.0,1956620.0,25.0,25,4771.0,4772.0,14,4789.0,4793.0,4807.0,4760.0,2395.0,114388330.0,37322
2023-05-10 21:06:38,a2311,a2311,4772.0,14.0,668080.0,-10.0,3,4772.0,4774.0,21,4789.0,4793.0,4807.0,4760.0,2409.0,115056410.0,37312
2023-05-10 21:06:39,a2311,a2311,4772.0,0.0,0.0,0.0,6,4772.0,4774.0,24,4789.0,4793.0,4807.0,4760.0,2409.0,115056410.0,37312
2023-05-10 21:06:39,a2311,a2311,4772.0,0.0,0.0,0.0,29,4771.0,4773.0,6,4789.0,4793.0,4807.0,4760.0,2409.0,115056410.0,37312
2023-05-10 21:06:39,a2311,a2311,4772.0,0.0,0.0,0.0,24,4771.0,4773.0,11,4789.0,4793.0,4807.0,4760.0,2409.0,115056410.0,37312
2023-05-10 21:06:45,a2311,a2311,4772.0,0.0,0.0,0.0,24,4771.0,4772.0,5,4789.0,4793.0,4807.0,4760.0,2409.0,115056410.0,37312
2023-05-10 21:06:47,a2311,a2311,4772.0,0.0,0.0,0.0,24,4771.0,4772.0,10,4789.0,4793.0,4807.0,4760.0,2409.0,115056410.0,37312
2023-05-10 21:06:47,a2311,a2311,4772.0,0.0,0.0,0.0,21,4771.0,4772.0,11,4789.0,4793.0,4807.0,4760.0,2409.0,115056410.0,37312
2023-05-10 21:06:48,a2311,a2311,4771.0,5.0,238550.0,1.0,10,4771.0,4772.0,5,4789.0,4793.0,4807.0,4760.0,2414.0,115294960.0,37313
2023-05-10 21:06:48,a2311,a2311,4771.0,0.0,0.0,0.0,24,4770.0,4772.0,5,4789.0,4793.0,4807.0,4760.0,2414.0,115294960.0,37313
2023-05-10 21:06:49,a2311,a2311,4772.0,6.0,286360.0,2.0,15,4770.0,4774.0,33,4789.0,4793.0,4807.0,4760.0,2420.0,115581320.0,37315
2023-05-10 21:06:49,a2311,a2311,4772.0,3.0,143160.0,0.0,18,4770.0,4774.0,36,4789.0,4793.0,4807.0,4760.0,2423.0,115724480.0,37315
2023-05-10 21:06:50,a2311,a2311,4772.0,0.0,0.0,0.0,10,4771.0,4774.0,21,4789.0,4793.0,4807.0,4760.0,2423.0,115724480.0,37315
2023-05-10 21:06:50,a2311,a2311,4772.0,0.0,0.0,0.0,3,4772.0,4774.0,11,4789.0,4793.0,4807.0,4760.0,2423.0,115724480.0,37315
2023-05-10 21:06:51,a2311,a2311,4772.0,0.0,0.0,0.0,3,4772.0,4774.0,14,4789.0,4793.0,4807.0,4760.0,2423.0,115724480.0,37315
2023-05-10 21:06:52,a2311,a2311,4772.0,0.0,0.0,0.0,3,4772.0,4774.0,13,4789.0,4793.0,4807.0,4760.0,2423.0,115724480.0,37315
2023-05-10 21:06:53,a2311,a2311,4772.0,0.0,0.0,0.0,3,4772.0,4773.0,5,4789.0,4793.0,4807.0,4760.0,2423.0,115724480.0,37315
2023-05-10 21:06:53,a2311,a2311,4772.0,0.0,0.0,0.0,21,4771.0,4773.0,7,4789.0,4793.0,4807.0,4760.0,2423.0,115724480.0,37315
2023-05-10 21:06:55,a2311,a2311,4772.0,0.0,0.0,0.0,16,4771.0,4773.0,7,4789.0,4793.0,4807.0,4760.0,2423.0,115724480.0,37315
2023-05-10 21:06:55,a2311,a2311,4772.0,0.0,0.0,0.0,6,4771.0,4773.0,7,4789.0,4793.0,4807.0,4760.0,2423.0,115724480.0,37315
2023-05-10 21:06:56,a2311,a2311,4772.0,0.0,0.0,0.0,3,4771.0,4773.0,12,4789.0,4793.0,4807.0,4760.0,2423.0,115724480.0,37315
2023-05-10 21:06:57,a2311,a2311,4773.0,4.0,190920.0,-2.0,3,4771.0,4773.0,5,4789.0,4793.0,4807.0,4760.0,2427.0,115915400.0,37313
2023-05-10 21:06:58,a2311,a2311,4773.0,0.0,0.0,0.0,9,4771.0,4773.0,10,4789.0,4793.0,4807.0,4760.0,2427.0,115915400.0,37313
2023-05-10 21:06:58,a2311,a2311,4773.0,0.0,0.0,0.0,9,4771.0,4773.0,5,4789.0,4793.0,4807.0,4760.0,2427.0,115915400.0,37313
2023-05-10 21:07:00,a2311,a2311,4773.0,0.0,0.0,0.0,2,4772.0,4773.0,5,4789.0,4793.0,4807.0,4760.0,2427.0,115915400.0,37313
2023-05-10 21:07:01,a2311,a2311,4772.0,2.0,95440.0,2.0,8,4771.0,4772.0,5,4789.0,4793.0,4807.0,4760.0,2429.0,116010840.0,37315
2023-05-10 21:07:01,a2311,a2311,4772.0,0.0,0.0,0.0,3,4771.0,4772.0,5,4789.0,4793.0,4807.0,4760.0,2429.0,116010840.0,37315
2023-05-10 21:07:02,a2311,a2311,4772.0,0.0,0.0,0.0,31,4770.0,4772.0,5,4789.0,4793.0,4807.0,4760.0,2429.0,116010840.0,37315
2023-05-10 21:07:04,a2311,a2311,4772.0,0.0,0.0,0.0,31,4770.0,4772.0,10,4789.0,4793.0,4807.0,4760.0,2429.0,116010840.0,37315
2023-05-10 21:07:08,a2311,a2311,4772.0,0.0,0.0,0.0,33,4770.0,4772.0,10,4789.0,4793.0,4807.0,4760.0,2429.0,116010840.0,37315
2023-05-10 21:07:08,a2311,a2311,4772.0,0.0,0.0,0.0,34,4770.0,4772.0,10,4789.0,4793.0,4807.0,4760.0,2429.0,116010840.0,37315
2023-05-10 21:07:10,a2311,a2311,4772.0,0.0,0.0,0.0,31,4770.0,4772.0,11,4789.0,4793.0,4807.0,4760.0,2429.0,116010840.0,37315
2023-05-10 21:07:11,a2311,a2311,4772.0,0.0,0.0,0.0,16,4770.0,4771.0,5,4789.0,4793.0,4807.0,4760.0,2429.0,116010840.0,37315
2023-05-10 21:07:11,a2311,a2311,4772.0,2.0,95430.0,-1.0,7,4770.0,4772.0,5,4789.0,4793.0,4807.0,4760.0,2431.0,116106270.0,37314
2023-05-10 21:07:12,a2311,a2311,4772.0,0.0,0.0,0.0,3,4771.0,4772.0,15,4789.0,4793.0,4807.0,4760.0,2431.0,116106270.0,37314
2023-05-10 21:07:12,a2311,a2311,4772.0,0.0,0.0,0.0,12,4770.0,4772.0,15,4789.0,4793.0,4807.0,4760.0,2431.0,116106270.0,37314
2023-05-10 21:07:13,a2311,a2311,4772.0,0.0,0.0,0.0,3,4771.0,4772.0,15,4789.0,4793.0,4807.0,4760.0,2431.0,116106270.0,37314
2023-05-10 21:07:13,a2311,a2311,4772.0,0.0,0.0,0.0,12,4770.0,4772.0,15,4789.0,4793.0,4807.0,4760.0,2431.0,116106270.0,37314
2023-05-10 21:07:14,a2311,a2311,4772.0,0.0,0.0,0.0,26,4770.0,4772.0,16,4789.0,4793.0,4807.0,4760.0,2431.0,116106270.0,37314
2023-05-10 21:07:14,a2311,a2311,4772.0,0.0,0.0,0.0,9,4770.0,4772.0,21,4789.0,4793.0,4807.0,4760.0,2431.0,116106270.0,37314
2023-05-10 21:07:15,a2311,a2311,4768.0,30.0,1430690.0,9.0,8,4768.0,4769.0,5,4789.0,4793.0,4807.0,4760.0,2461.0,117536960.0,37323
2023-05-10 21:07:16,a2311,a2311,4769.0,24.0,1144380.0,-11.0,2,4770.0,4771.0,6,4789.0,4793.0,4807.0,4760.0,2485.0,118681340.0,37312
2023-05-10 21:07:16,a2311,a2311,4770.0,2.0,95400.0,1.0,10,4768.0,4770.0,5,4789.0,4793.0,4807.0,4760.0,2487.0,118776740.0,37313
2023-05-10 21:07:17,a2311,a2311,4769.0,4.0,190760.0,1.0,7,4768.0,4770.0,6,4789.0,4793.0,4807.0,4760.0,2491.0,118967500.0,37314
2023-05-10 21:07:17,a2311,a2311,4769.0,0.0,0.0,0.0,7,4768.0,4770.0,11,4789.0,4793.0,4807.0,4760.0,2491.0,118967500.0,37314
2023-05-10 21:07:20,a2311,a2311,4769.0,0.0,0.0,0.0,2,4768.0,4770.0,16,4789.0,4793.0,4807.0,4760.0,2491.0,118967500.0,37314
2023-05-10 21:07:21,a2311,a2311,4769.0,0.0,0.0,0.0,7,4768.0,4770.0,16,4789.0,4793.0,4807.0,4760.0,2491.0,118967500.0,37314
2023-05-10 21:07:22,a2311,a2311,4769.0,0.0,0.0,0.0,6,4768.0,4770.0,18,4789.0,4793.0,4807.0,4760.0,2491.0,118967500.0,37314
2023-05-10 21:07:23,a2311,a2311,4769.0,0.0,0.0,0.0,1,4768.0,4769.0,10,4789.0,4793.0,4807.0,4760.0,2491.0,118967500.0,37314
2023-05-10 21:07:23,a2311,a2311,4769.0,0.0,0.0,0.0,1,4768.0,4769.0,5,4789.0,4793.0,4807.0,4760.0,2491.0,118967500.0,37314
2023-05-10 21:07:24,a2311,a2311,4769.0,1.0,47690.0,0.0,2,4769.0,4770.0,28,4789.0,4793.0,4807.0,4760.0,2492.0,119015190.0,37314
2023-05-10 21:07:25,a2311,a2311,4770.0,3.0,143090.0,-1.0,2,4768.0,4769.0,5,4789.0,4793.0,4807.0,4760.0,2495.0,119158280.0,37313
2023-05-10 21:07:25,a2311,a2311,4769.0,5.0,238450.0,-5.0,3,4768.0,4769.0,5,4789.0,4793.0,4807.0,4760.0,2500.0,119396730.0,37308
2023-05-10 21:07:26,a2311,a2311,4769.0,5.0,238450.0,-2.0,4,4768.0,4770.0,5,4789.0,4793.0,4807.0,4760.0,2505.0,119635180.0,37306
2023-05-10 21:07:26,a2311,a2311,4769.0,0.0,0.0,0.0,6,4769.0,4771.0,8,4789.0,4793.0,4807.0,4760.0,2505.0,119635180.0,37306
2023-05-10 21:07:27,a2311,a2311,4769.0,0.0,0.0,0.0,6,4769.0,4771.0,3,4789.0,4793.0,4807.0,4760.0,2505.0,119635180.0,37306
2023-05-10 21:07:28,a2311,a2311,4769.0,0.0,0.0,0.0,5,4769.0,4771.0,9,4789.0,4793.0,4807.0,4760.0,2505.0,119635180.0,37306
2023-05-10 21:07:29,a2311,a2311,4769.0,0.0,0.0,0.0,1,4769.0,4771.0,9,4789.0,4793.0,4807.0,4760.0,2505.0,119635180.0,37306
2023-05-10 21:07:29,a2311,a2311,4769.0,0.0,0.0,0.0,6,4769.0,4771.0,3,4789.0,4793.0,4807.0,4760.0,2505.0,119635180.0,37306
2023-05-10 21:07:31,a2311,a2311,4769.0,0.0,0.0,0.0,6,4769.0,4772.0,29,4789.0,4793.0,4807.0,4760.0,2505.0,119635180.0,37306
2023-05-10 21:07:31,a2311,a2311,4769.0,0.0,0.0,0.0,9,4769.0,4772.0,29,4789.0,4793.0,4807.0,4760.0,2505.0,119635180.0,37306
2023-05-10 21:07:32,a2311,a2311,4769.0,0.0,0.0,0.0,9,4769.0,4772.0,24,4789.0,4793.0,4807.0,4760.0,2505.0,119635180.0,37306
2023-05-10 21:07:32,a2311,a2311,4769.0,0.0,0.0,0.0,1,4770.0,4772.0,29,4789.0,4793.0,4807.0,4760.0,2505.0,119635180.0,37306
2023-05-10 21:07:33,a2311,a2311,4769.0,0.0,0.0,0.0,1,4770.0,4772.0,34,4789.0,4793.0,4807.0,4760.0,2505.0,119635180.0,37306
2023-05-10 21:07:34,a2311,a2311,4772.0,4.0,190860.0,3.0,7,4771.0,4772.0,22,4789.0,4793.0,4807.0,4760.0,2509.0,119826040.0,37309
2023-05-10 21:07:35,a2311,a2311,4772.0,12.0,572640.0,6.0,5,4772.0,4773.0,13,4789.0,4793.0,4807.0,4760.0,2521.0,120398680.0,37315
2023-05-10 21:07:35,a2311,a2311,4772.0,0.0,0.0,0.0,7,4772.0,4773.0,10,4789.0,4793.0,4807.0,4760.0,2521.0,120398680.0,37315
2023-05-10 21:07:36,a2311,a2311,4772.0,0.0,0.0,0.0,7,4772.0,4773.0,5,4789.0,4793.0,4807.0,4760.0,2521.0,120398680.0,37315
2023-05-10 21:07:36,a2311,a2311,4772.0,0.0,0.0,0.0,7,4772.0,4774.0,37,4789.0,4793.0,4807.0,4760.0,2521.0,120398680.0,37315
2023-05-10 21:07:37,a2311,a2311,4773.0,8.0,381840.0,1.0,5,4772.0,4774.0,40,4789.0,4793.0,4807.0,4760.0,2529.0,120780520.0,37316
2023-05-10 21:07:37,a2311,a2311,4773.0,0.0,0.0,0.0,5,4773.0,4774.0,29,4789.0,4793.0,4807.0,4760.0,2529.0,120780520.0,37316
2023-05-10 21:07:38,a2311,a2311,4773.0,0.0,0.0,0.0,10,4773.0,4774.0,14,4789.0,4793.0,4807.0,4760.0,2529.0,120780520.0,37316
2023-05-10 21:07:38,a2311,a2311,4773.0,0.0,0.0,0.0,10,4773.0,4774.0,9,4789.0,4793.0,4807.0,4760.0,2529.0,120780520.0,37316
2023-05-10 21:07:39,a2311,a2311,4773.0,3.0,143190.0,3.0,7,4773.0,4774.0,9,4789.0,4793.0,4807.0,4760.0,2532.0,120923710.0,37319
2023-05-10 21:07:41,a2311,a2311,4773.0,7.0,334110.0,0.0,17,4772.0,4774.0,9,4789.0,4793.0,4807.0,4760.0,2539.0,121257820.0,37319
2023-05-10 21:07:41,a2311,a2311,4772.0,8.0,381760.0,7.0,16,4771.0,4772.0,3,4789.0,4793.0,4807.0,4760.0,2547.0,121639580.0,37326
2023-05-10 21:07:42,a2311,a2311,4771.0,25.0,1192840.0,6.0,6,4770.0,4771.0,5,4789.0,4793.0,4807.0,4760.0,2572.0,122832420.0,37332
2023-05-10 21:07:42,a2311,a2311,4771.0,1.0,47710.0,0.0,14,4770.0,4773.0,22,4789.0,4793.0,4807.0,4760.0,2573.0,122880130.0,37332
2023-05-10 21:07:43,a2311,a2311,4771.0,5.0,238550.0,-5.0,12,4770.0,4772.0,7,4789.0,4793.0,4807.0,4760.0,2578.0,123118680.0,37327
2023-05-10 21:07:43,a2311,a2311,4771.0,0.0,0.0,0.0,3,4771.0,4772.0,12,4789.0,4793.0,4807.0,4760.0,2578.0,123118680.0,37327
2023-05-10 21:07:44,a2311,a2311,4771.0,0.0,0.0,0.0,3,4771.0,4772.0,7,4789.0,4793.0,4807.0,4760.0,2578.0,123118680.0,37327
2023-05-10 21:07:46,a2311,a2311,4771.0,2.0,95420.0,0.0,6,4771.0,4772.0,6,4789.0,4793.0,4807.0,4760.0,2580.0,123214100.0,37327
2023-05-10 21:07:46,a2311,a2311,4771.0,0.0,0.0,0.0,9,4771.0,4772.0,6,4789.0,4793.0,4807.0,4760.0,2580.0,123214100.0,37327
2023-05-10 21:07:47,a2311,a2311,4771.0,1.0,47710.0,1.0,8,4771.0,4772.0,5,4789.0,4793.0,4807.0,4760.0,2581.0,123261810.0,37328
2023-05-10 21:07:47,a2311,a2311,4771.0,0.0,0.0,0.0,8,4771.0,4773.0,33,4789.0,4793.0,4807.0,4760.0,2581.0,123261810.0,37328
2023-05-10 21:07:50,a2311,a2311,4771.0,0.0,0.0,0.0,8,4771.0,4773.0,28,4789.0,4793.0,4807.0,4760.0,2581.0,123261810.0,37328
2023-05-10 21:07:51,a2311,a2311,4771.0,3.0,143130.0,-1.0,22,4770.0,4772.0,6,4789.0,4793.0,4807.0,4760.0,2584.0,123404940.0,37327
2023-05-10 21:07:51,a2311,a2311,4771.0,0.0,0.0,0.0,12,4770.0,4772.0,12,4789.0,4793.0,4807.0,4760.0,2584.0,123404940.0,37327
2023-05-10 21:07:51,a2311,a2311,4771.0,0.0,0.0,0.0,7,4770.0,4772.0,12,4789.0,4793.0,4807.0,4760.0,2584.0,123404940.0,37327
2023-05-10 21:07:52,a2311,a2311,4771.0,0.0,0.0,0.0,7,4770.0,4772.0,11,4789.0,4793.0,4807.0,4760.0,2584.0,123404940.0,37327
2023-05-10 21:07:53,a2311,a2311,4771.0,0.0,0.0,0.0,7,4770.0,4772.0,12,4789.0,4793.0,4807.0,4760.0,2584.0,123404940.0,37327
2023-05-10 21:07:55,a2311,a2311,4771.0,0.0,0.0,0.0,8,4770.0,4772.0,11,4789.0,4793.0,4807.0,4760.0,2584.0,123404940.0,37327
2023-05-10 21:07:55,a2311,a2311,4771.0,0.0,0.0,0.0,5,4770.0,4772.0,15,4789.0,4793.0,4807.0,4760.0,2584.0,123404940.0,37327
2023-05-10 21:07:56,a2311,a2311,4771.0,0.0,0.0,0.0,25,4769.0,4772.0,15,4789.0,4793.0,4807.0,4760.0,2584.0,123404940.0,37327
2023-05-10 21:07:56,a2311,a2311,4771.0,0.0,0.0,0.0,8,4770.0,4772.0,15,4789.0,4793.0,4807.0,4760.0,2584.0,123404940.0,37327
2023-05-10 21:07:58,a2311,a2311,4771.0,0.0,0.0,0.0,9,4770.0,4772.0,14,4789.0,4793.0,4807.0,4760.0,2584.0,123404940.0,37327
2023-05-10 21:07:59,a2311,a2311,4771.0,0.0,0.0,0.0,6,4770.0,4772.0,14,4789.0,4793.0,4807.0,4760.0,2584.0,123404940.0,37327
2023-05-10 21:08:02,a2311,a2311,4771.0,0.0,0.0,0.0,6,4770.0,4772.0,9,4789.0,4793.0,4807.0,4760.0,2584.0,123404940.0,37327
2023-05-10 21:08:04,a2311,a2311,4770.0,1.0,47700.0,1.0,9,4770.0,4772.0,9,4789.0,4793.0,4807.0,4760.0,2585.0,123452640.0,37328
2023-05-10 21:08:08,a2311,a2311,4770.0,0.0,0.0,0.0,9,4770.0,4771.0,1,4789.0,4793.0,4807.0,4760.0,2585.0,123452640.0,37328
2023-05-10 21:08:08,a2311,a2311,4770.0,0.0,0.0,0.0,10,4770.0,4771.0,1,4789.0,4793.0,4807.0,4760.0,2585.0,123452640.0,37328
2023-05-10 21:08:09,a2311,a2311,4771.0,1.0,47710.0,1.0,10,4770.0,4772.0,14,4789.0,4793.0,4807.0,4760.0,2586.0,123500350.0,37329
2023-05-10 21:08:10,a2311,a2311,4771.0,0.0,0.0,0.0,10,4770.0,4772.0,9,4789.0,4793.0,4807.0,4760.0,2586.0,123500350.0,37329
2023-05-10 21:08:11,a2311,a2311,4771.0,0.0,0.0,0.0,10,4770.0,4772.0,14,4789.0,4793.0,4807.0,4760.0,2586.0,123500350.0,37329
2023-05-10 21:08:12,a2311,a2311,4771.0,0.0,0.0,0.0,10,4770.0,4772.0,9,4789.0,4793.0,4807.0,4760.0,2586.0,123500350.0,37329
2023-05-10 21:08:17,a2311,a2311,4772.0,1.0,47720.0,1.0,10,4770.0,4772.0,4,4789.0,4793.0,4807.0,4760.0,2587.0,123548070.0,37330
2023-05-10 21:08:17,a2311,a2311,4772.0,0.0,0.0,0.0,10,4770.0,4772.0,9,4789.0,4793.0,4807.0,4760.0,2587.0,123548070.0,37330
2023-05-10 21:08:18,a2311,a2311,4772.0,0.0,0.0,0.0,10,4770.0,4772.0,14,4789.0,4793.0,4807.0,4760.0,2587.0,123548070.0,37330
2023-05-10 21:08:21,a2311,a2311,4772.0,0.0,0.0,0.0,1,4770.0,4772.0,15,4789.0,4793.0,4807.0,4760.0,2587.0,123548070.0,37330
2023-05-10 21:08:24,a2311,a2311,4772.0,0.0,0.0,0.0,2,4770.0,4772.0,13,4789.0,4793.0,4807.0,4760.0,2587.0,123548070.0,37330
2023-05-10 21:08:24,a2311,a2311,4772.0,0.0,0.0,0.0,14,4771.0,4773.0,25,4789.0,4793.0,4807.0,4760.0,2587.0,123548070.0,37330
2023-05-10 21:08:24,a2311,a2311,4772.0,0.0,0.0,0.0,14,4771.0,4773.0,20,4789.0,4793.0,4807.0,4760.0,2587.0,123548070.0,37330
2023-05-10 21:08:26,a2311,a2311,4773.0,2.0,95460.0,1.0,14,4771.0,4773.0,14,4789.0,4793.0,4807.0,4760.0,2589.0,123643530.0,37331
2023-05-10 21:08:26,a2311,a2311,4773.0,0.0,0.0,0.0,14,4771.0,4773.0,9,4789.0,4793.0,4807.0,4760.0,2589.0,123643530.0,37331
2023-05-10 21:08:27,a2311,a2311,4773.0,1.0,47730.0,1.0,14,4771.0,4773.0,8,4789.0,4793.0,4807.0,4760.0,2590.0,123691260.0,37332
2023-05-10 21:08:28,a2311,a2311,4773.0,0.0,0.0,0.0,17,4771.0,4773.0,8,4789.0,4793.0,4807.0,4760.0,2590.0,123691260.0,37332
2023-05-10 21:08:29,a2311,a2311,4773.0,0.0,0.0,0.0,22,4771.0,4773.0,8,4789.0,4793.0,4807.0,4760.0,2590.0,123691260.0,37332
2023-05-10 21:08:29,a2311,a2311,4773.0,0.0,0.0,0.0,3,4772.0,4774.0,28,4789.0,4793.0,4807.0,4760.0,2590.0,123691260.0,37332
2023-05-10 21:08:30,a2311,a2311,4773.0,1.0,47730.0,1.0,2,4773.0,4774.0,23,4789.0,4793.0,4807.0,4760.0,2591.0,123738990.0,37333
2023-05-10 21:08:30,a2311,a2311,4773.0,0.0,0.0,0.0,2,4773.0,4774.0,8,4789.0,4793.0,4807.0,4760.0,2591.0,123738990.0,37333
2023-05-10 21:08:31,a2311,a2311,4773.0,2.0,95460.0,1.0,13,4772.0,4774.0,12,4789.0,4793.0,4807.0,4760.0,2593.0,123834450.0,37334
2023-05-10 21:08:31,a2311,a2311,4773.0,0.0,0.0,0.0,14,4772.0,4774.0,7,4789.0,4793.0,4807.0,4760.0,2593.0,123834450.0,37334
2023-05-10 21:08:32,a2311,a2311,4773.0,0.0,0.0,0.0,14,4772.0,4774.0,2,4789.0,4793.0,4807.0,4760.0,2593.0,123834450.0,37334
2023-05-10 21:08:32,a2311,a2311,4773.0,0.0,0.0,0.0,5,4773.0,4774.0,2,4789.0,4793.0,4807.0,4760.0,2593.0,123834450.0,37334
2023-05-10 21:08:34,a2311,a2311,4773.0,0.0,0.0,0.0,14,4772.0,4774.0,2,4789.0,4793.0,4807.0,4760.0,2593.0,123834450.0,37334
2023-05-10 21:08:38,a2311,a2311,4773.0,0.0,0.0,0.0,5,4773.0,4774.0,2,4789.0,4793.0,4807.0,4760.0,2593.0,123834450.0,37334
2023-05-10 21:08:38,a2311,a2311,4773.0,0.0,0.0,0.0,6,4773.0,4774.0,2,4789.0,4793.0,4807.0,4760.0,2593.0,123834450.0,37334
2023-05-10 21:08:41,a2311,a2311,4773.0,0.0,0.0,0.0,1,4773.0,4775.0,50,4789.0,4793.0,4807.0,4760.0,2593.0,123834450.0,37334
2023-05-10 21:08:48,a2311,a2311,4773.0,4.0,190940.0,1.0,5,4773.0,4774.0,4,4789.0,4793.0,4807.0,4760.0,2597.0,124025390.0,37335
2023-05-10 21:08:49,a2311,a2311,4773.0,12.0,572790.0,9.0,20,4771.0,4774.0,3,4789.0,4793.0,4807.0,4760.0,2609.0,124598180.0,37344
2023-05-10 21:08:49,a2311,a2311,4773.0,0.0,0.0,0.0,5,4772.0,4774.0,23,4789.0,4793.0,4807.0,4760.0,2609.0,124598180.0,37344
2023-05-10 21:08:51,a2311,a2311,4773.0,0.0,0.0,0.0,27,4771.0,4774.0,21,4789.0,4793.0,4807.0,4760.0,2609.0,124598180.0,37344
2023-05-10 21:08:51,a2311,a2311,4773.0,1.0,47730.0,-1.0,18,4771.0,4773.0,12,4789.0,4793.0,4807.0,4760.0,2610.0,124645910.0,37343
2023-05-10 21:08:52,a2311,a2311,4773.0,0.0,0.0,0.0,13,4771.0,4773.0,22,4789.0,4793.0,4807.0,4760.0,2610.0,124645910.0,37343
2023-05-10 21:08:52,a2311,a2311,4773.0,0.0,0.0,0.0,8,4771.0,4773.0,22,4789.0,4793.0,4807.0,4760.0,2610.0,124645910.0,37343
2023-05-10 21:08:53,a2311,a2311,4771.0,3.0,143130.0,3.0,14,4770.0,4772.0,7,4789.0,4793.0,4807.0,4760.0,2613.0,124789040.0,37346
2023-05-10 21:08:53,a2311,a2311,4771.0,0.0,0.0,0.0,9,4770.0,4772.0,12,4789.0,4793.0,4807.0,4760.0,2613.0,124789040.0,37346
2023-05-10 21:08:54,a2311,a2311,4770.0,4.0,190800.0,3.0,18,4769.0,4771.0,8,4789.0,4793.0,4807.0,4760.0,2617.0,124979840.0,37349
2023-05-10 21:08:54,a2311,a2311,4770.0,0.0,0.0,0.0,4,4769.0,4770.0,5,4789.0,4793.0,4807.0,4760.0,2617.0,124979840.0,37349
2023-05-10 21:08:55,a2311,a2311,4770.0,5.0,238500.0,-5.0,8,4769.0,4771.0,13,4789.0,4793.0,4807.0,4760.0,2622.0,125218340.0,37344
2023-05-10 21:08:55,a2311,a2311,4770.0,0.0,0.0,0.0,13,4769.0,4771.0,13,4789.0,4793.0,4807.0,4760.0,2622.0,125218340.0,37344
2023-05-10 21:08:56,a2311,a2311,4769.0,1.0,47690.0,0.0,12,4769.0,4771.0,13,4789.0,4793.0,4807.0,4760.0,2623.0,125266030.0,37344
2023-05-10 21:08:57,a2311,a2311,4769.0,0.0,0.0,0.0,22,4769.0,4771.0,13,4789.0,4793.0,4807.0,4760.0,2623.0,125266030.0,37344
2023-05-10 21:08:58,a2311,a2311,4769.0,0.0,0.0,0.0,27,4769.0,4771.0,6,4789.0,4793.0,4807.0,4760.0,2623.0,125266030.0,37344
2023-05-10 21:08:59,a2311,a2311,4769.0,0.0,0.0,0.0,32,4769.0,4771.0,6,4789.0,4793.0,4807.0,4760.0,2623.0,125266030.0,37344
2023-05-10 21:08:59,a2311,a2311,4769.0,0.0,0.0,0.0,33,4769.0,4771.0,6,4789.0,4793.0,4807.0,4760.0,2623.0,125266030.0,37344
2023-05-10 21:09:00,a2311,a2311,4769.0,0.0,0.0,0.0,32,4769.0,4771.0,6,4789.0,4793.0,4807.0,4760.0,2623.0,125266030.0,37344
2023-05-10 21:09:00,a2311,a2311,4769.0,0.0,0.0,0.0,1,4770.0,4771.0,8,4789.0,4793.0,4807.0,4760.0,2623.0,125266030.0,37344
2023-05-10 21:09:01,a2311,a2311,4770.0,1.0,47700.0,1.0,27,4769.0,4771.0,6,4789.0,4793.0,4807.0,4760.0,2624.0,125313730.0,37345
2023-05-10 21:09:02,a2311,a2311,4769.0,1.0,47690.0,0.0,12,4768.0,4770.0,6,4789.0,4793.0,4807.0,4760.0,2625.0,125361420.0,37345
2023-05-10 21:09:03,a2311,a2311,4769.0,0.0,0.0,0.0,12,4768.0,4771.0,37,4789.0,4793.0,4807.0,4760.0,2625.0,125361420.0,37345
2023-05-10 21:09:03,a2311,a2311,4767.0,19.0,905850.0,14.0,22,4766.0,4771.0,32,4789.0,4793.0,4807.0,4760.0,2644.0,126267270.0,37359
2023-05-10 21:09:04,a2311,a2311,4767.0,0.0,0.0,0.0,3,4768.0,4769.0,6,4789.0,4793.0,4807.0,4760.0,2644.0,126267270.0,37359
2023-05-10 21:09:04,a2311,a2311,4768.0,4.0,190720.0,0.0,28,4767.0,4770.0,9,4789.0,4793.0,4807.0,4760.0,2648.0,126457990.0,37359
2023-05-10 21:09:05,a2311,a2311,4768.0,0.0,0.0,0.0,28,4767.0,4769.0,6,4789.0,4793.0,4807.0,4760.0,2648.0,126457990.0,37359
2023-05-10 21:09:05,a2311,a2311,4768.0,0.0,0.0,0.0,23,4767.0,4769.0,5,4789.0,4793.0,4807.0,4760.0,2648.0,126457990.0,37359
2023-05-10 21:09:06,a2311,a2311,4768.0,1.0,47680.0,1.0,19,4767.0,4768.0,5,4789.0,4793.0,4807.0,4760.0,2649.0,126505670.0,37360
2023-05-10 21:09:06,a2311,a2311,4768.0,0.0,0.0,0.0,12,4768.0,4769.0,10,4789.0,4793.0,4807.0,4760.0,2649.0,126505670.0,37360
2023-05-10 21:09:07,a2311,a2311,4769.0,8.0,381460.0,2.0,7,4769.0,4770.0,22,4789.0,4793.0,4807.0,4760.0,2657.0,126887130.0,37362
2023-05-10 21:09:07,a2311,a2311,4769.0,0.0,0.0,0.0,10,4769.0,4770.0,27,4789.0,4793.0,4807.0,4760.0,2657.0,126887130.0,37362
2023-05-10 21:09:08,a2311,a2311,4769.0,0.0,0.0,0.0,15,4769.0,4770.0,14,4789.0,4793.0,4807.0,4760.0,2657.0,126887130.0,37362
2023-05-10 21:09:09,a2311,a2311,4769.0,0.0,0.0,0.0,10,4769.0,4770.0,9,4789.0,4793.0,4807.0,4760.0,2657.0,126887130.0,37362
2023-05-10 21:09:11,a2311,a2311,4769.0,0.0,0.0,0.0,15,4769.0,4770.0,9,4789.0,4793.0,4807.0,4760.0,2657.0,126887130.0,37362
2023-05-10 21:09:11,a2311,a2311,4769.0,0.0,0.0,0.0,16,4769.0,4770.0,9,4789.0,4793.0,4807.0,4760.0,2657.0,126887130.0,37362
2023-05-10 21:09:13,a2311,a2311,4769.0,0.0,0.0,0.0,15,4769.0,4770.0,9,4789.0,4793.0,4807.0,4760.0,2657.0,126887130.0,37362
2023-05-10 21:09:13,a2311,a2311,4769.0,0.0,0.0,0.0,21,4769.0,4770.0,9,4789.0,4793.0,4807.0,4760.0,2657.0,126887130.0,37362
2023-05-10 21:09:16,a2311,a2311,4769.0,0.0,0.0,0.0,26,4769.0,4770.0,9,4789.0,4793.0,4807.0,4760.0,2657.0,126887130.0,37362
2023-05-10 21:09:17,a2311,a2311,4769.0,0.0,0.0,0.0,36,4769.0,4770.0,9,4789.0,4793.0,4807.0,4760.0,2657.0,126887130.0,37362
2023-05-10 21:09:19,a2311,a2311,4769.0,0.0,0.0,0.0,31,4769.0,4770.0,9,4789.0,4793.0,4807.0,4760.0,2657.0,126887130.0,37362
2023-05-10 21:09:21,a2311,a2311,4769.0,4.0,190760.0,3.0,22,4769.0,4770.0,7,4789.0,4793.0,4807.0,4760.0,2661.0,127077890.0,37365
2023-05-10 21:09:21,a2311,a2311,4769.0,0.0,0.0,0.0,17,4769.0,4770.0,7,4789.0,4793.0,4807.0,4760.0,2661.0,127077890.0,37365
