time,symbol_id,symbol_name,last,trade_volume,trade_amount,open_interest_change,bv1,bp1,ap1,av1,yesterday_close,today_open,today_high,today_low,volume,amount,open_interest
2023-05-10 20:58:55,a2401,a2401,4769.0,0.0,0.0,0.0,1,4751.0,4774.0,1,4769.0,4774.0,0.0,0.0,0.0,0.0,6138
2023-05-10 21:00:00,a2401,a2401,4769.0,0.0,0.0,0.0,1,4770.0,4774.0,1,4769.0,4774.0,0.0,0.0,0.0,0.0,6138
2023-05-10 21:00:00,a2401,a2401,4774.0,1.0,47740.0,0.0,1,4775.0,4792.0,1,4769.0,4774.0,4774.0,4774.0,1.0,47740.0,6138
2023-05-10 21:00:01,a2401,a2401,4774.0,0.0,0.0,0.0,1,4779.0,4787.0,1,4769.0,4774.0,4774.0,4774.0,1.0,47740.0,6138
2023-05-10 21:00:01,a2401,a2401,4779.0,1.0,47790.0,0.0,1,4770.0,4787.0,4,4769.0,4774.0,4779.0,4774.0,2.0,95530.0,6138
2023-05-10 21:00:02,a2401,a2401,4779.0,0.0,0.0,0.0,1,4781.0,4787.0,6,4769.0,4774.0,4779.0,4774.0,2.0,95530.0,6138
2023-05-10 21:00:02,a2401,a2401,4779.0,0.0,0.0,0.0,2,4780.0,4787.0,6,4769.0,4774.0,4779.0,4774.0,2.0,95530.0,6138
2023-05-10 21:00:03,a2401,a2401,4779.0,0.0,0.0,0.0,3,4780.0,4787.0,6,4769.0,4774.0,4779.0,4774.0,2.0,95530.0,6138
2023-05-10 21:00:03,a2401,a2401,4779.0,0.0,0.0,0.0,1,4780.0,4787.0,6,4769.0,4774.0,4779.0,4774.0,2.0,95530.0,6138
2023-05-10 21:00:04,a2401,a2401,4779.0,0.0,0.0,0.0,2,4779.0,4787.0,7,4769.0,4774.0,4779.0,4774.0,2.0,95530.0,6138
2023-05-10 21:00:04,a2401,a2401,4779.0,0.0,0.0,0.0,2,4778.0,4784.0,3,4769.0,4774.0,4779.0,4774.0,2.0,95530.0,6138
2023-05-10 21:00:05,a2401,a2401,4779.0,0.0,0.0,0.0,1,4778.0,4783.0,5,4769.0,4774.0,4779.0,4774.0,2.0,95530.0,6138
2023-05-10 21:00:05,a2401,a2401,4779.0,0.0,0.0,0.0,2,4776.0,4783.0,1,4769.0,4774.0,4779.0,4774.0,2.0,95530.0,6138
2023-05-10 21:00:06,a2401,a2401,4779.0,0.0,0.0,0.0,4,4775.0,4781.0,5,4769.0,4774.0,4779.0,4774.0,2.0,95530.0,6138
2023-05-10 21:00:06,a2401,a2401,4779.0,0.0,0.0,0.0,2,4775.0,4782.0,2,4769.0,4774.0,4779.0,4774.0,2.0,95530.0,6138
2023-05-10 21:00:07,a2401,a2401,4779.0,0.0,0.0,0.0,3,4774.0,4781.0,4,4769.0,4774.0,4779.0,4774.0,2.0,95530.0,6138
2023-05-10 21:00:08,a2401,a2401,4779.0,0.0,0.0,0.0,1,4774.0,4781.0,4,4769.0,4774.0,4779.0,4774.0,2.0,95530.0,6138
2023-05-10 21:00:08,a2401,a2401,4779.0,0.0,0.0,0.0,1,4763.0,4778.0,3,4769.0,4774.0,4779.0,4774.0,2.0,95530.0,6138
2023-05-10 21:00:09,a2401,a2401,4771.0,1.0,47710.0,0.0,2,4770.0,4778.0,3,4769.0,4774.0,4779.0,4771.0,3.0,143240.0,6138
2023-05-10 21:00:09,a2401,a2401,4771.0,0.0,0.0,0.0,1,4770.0,4777.0,1,4769.0,4774.0,4779.0,4771.0,3.0,143240.0,6138
2023-05-10 21:00:10,a2401,a2401,4771.0,0.0,0.0,0.0,1,4767.0,4775.0,2,4769.0,4774.0,4779.0,4771.0,3.0,143240.0,6138
2023-05-10 21:00:10,a2401,a2401,4771.0,0.0,0.0,0.0,3,4766.0,4772.0,1,4769.0,4774.0,4779.0,4771.0,3.0,143240.0,6138
2023-05-10 21:00:11,a2401,a2401,4767.0,1.0,47670.0,0.0,2,4766.0,4772.0,1,4769.0,4774.0,4779.0,4767.0,4.0,190910.0,6138
2023-05-10 21:00:11,a2401,a2401,4767.0,0.0,0.0,0.0,3,4768.0,4774.0,3,4769.0,4774.0,4779.0,4767.0,4.0,190910.0,6138
2023-05-10 21:00:12,a2401,a2401,4774.0,3.0,143220.0,1.0,1,4772.0,4773.0,2,4769.0,4774.0,4779.0,4767.0,7.0,334130.0,6139
2023-05-10 21:00:12,a2401,a2401,4769.0,4.0,190870.0,4.0,1,4767.0,4775.0,1,4769.0,4774.0,4779.0,4767.0,11.0,525000.0,6143
2023-05-10 21:00:13,a2401,a2401,4767.0,1.0,47670.0,1.0,1,4753.0,4773.0,2,4769.0,4774.0,4779.0,4767.0,12.0,572670.0,6144
2023-05-10 21:00:13,a2401,a2401,4767.0,0.0,0.0,0.0,2,4765.0,4775.0,5,4769.0,4774.0,4779.0,4767.0,12.0,572670.0,6144
2023-05-10 21:00:14,a2401,a2401,4767.0,0.0,0.0,0.0,1,4769.0,4775.0,4,4769.0,4774.0,4779.0,4767.0,12.0,572670.0,6144
2023-05-10 21:00:14,a2401,a2401,4767.0,0.0,0.0,0.0,1,4769.0,4775.0,1,4769.0,4774.0,4779.0,4767.0,12.0,572670.0,6144
2023-05-10 21:00:15,a2401,a2401,4767.0,0.0,0.0,0.0,1,4768.0,4775.0,1,4769.0,4774.0,4779.0,4767.0,12.0,572670.0,6144
2023-05-10 21:00:16,a2401,a2401,4767.0,0.0,0.0,0.0,6,4768.0,4776.0,3,4769.0,4774.0,4779.0,4767.0,12.0,572670.0,6144
2023-05-10 21:00:16,a2401,a2401,4767.0,0.0,0.0,0.0,2,4768.0,4773.0,1,4769.0,4774.0,4779.0,4767.0,12.0,572670.0,6144
2023-05-10 21:00:17,a2401,a2401,4773.0,1.0,47730.0,1.0,1,4768.0,4772.0,1,4769.0,4774.0,4779.0,4767.0,13.0,620400.0,6145
2023-05-10 21:00:17,a2401,a2401,4772.0,1.0,47720.0,1.0,2,4768.0,4775.0,2,4769.0,4774.0,4779.0,4767.0,14.0,668120.0,6146
2023-05-10 21:00:18,a2401,a2401,4772.0,0.0,0.0,0.0,1,4767.0,4774.0,3,4769.0,4774.0,4779.0,4767.0,14.0,668120.0,6146
2023-05-10 21:00:18,a2401,a2401,4772.0,0.0,0.0,0.0,1,4767.0,4773.0,2,4769.0,4774.0,4779.0,4767.0,14.0,668120.0,6146
2023-05-10 21:00:19,a2401,a2401,4772.0,0.0,0.0,0.0,1,4767.0,4773.0,6,4769.0,4774.0,4779.0,4767.0,14.0,668120.0,6146
2023-05-10 21:00:19,a2401,a2401,4772.0,0.0,0.0,0.0,2,4767.0,4773.0,1,4769.0,4774.0,4779.0,4767.0,14.0,668120.0,6146
2023-05-10 21:00:20,a2401,a2401,4772.0,0.0,0.0,0.0,1,4766.0,4772.0,1,4769.0,4774.0,4779.0,4767.0,14.0,668120.0,6146
2023-05-10 21:00:20,a2401,a2401,4772.0,0.0,0.0,0.0,1,4767.0,4774.0,2,4769.0,4774.0,4779.0,4767.0,14.0,668120.0,6146
2023-05-10 21:00:21,a2401,a2401,4772.0,1.0,47720.0,1.0,1,4767.0,4774.0,3,4769.0,4774.0,4779.0,4767.0,15.0,715840.0,6147
2023-05-10 21:00:21,a2401,a2401,4772.0,0.0,0.0,0.0,6,4768.0,4775.0,4,4769.0,4774.0,4779.0,4767.0,15.0,715840.0,6147
2023-05-10 21:00:22,a2401,a2401,4775.0,4.0,191000.0,3.0,3,4774.0,4777.0,5,4769.0,4774.0,4779.0,4767.0,19.0,906840.0,6150
2023-05-10 21:00:22,a2401,a2401,4775.0,5.0,238710.0,2.0,3,4769.0,4777.0,3,4769.0,4774.0,4779.0,4767.0,24.0,1145550.0,6152
2023-05-10 21:00:23,a2401,a2401,4771.0,1.0,47710.0,0.0,2,4769.0,4776.0,3,4769.0,4774.0,4779.0,4767.0,25.0,1193260.0,6152
2023-05-10 21:00:23,a2401,a2401,4771.0,0.0,0.0,0.0,2,4770.0,4776.0,6,4769.0,4774.0,4779.0,4767.0,25.0,1193260.0,6152
2023-05-10 21:00:24,a2401,a2401,4771.0,0.0,0.0,0.0,4,4770.0,4776.0,6,4769.0,4774.0,4779.0,4767.0,25.0,1193260.0,6152
2023-05-10 21:00:24,a2401,a2401,4771.0,0.0,0.0,0.0,2,4770.0,4776.0,6,4769.0,4774.0,4779.0,4767.0,25.0,1193260.0,6152
2023-05-10 21:00:25,a2401,a2401,4771.0,0.0,0.0,0.0,9,4768.0,4773.0,1,4769.0,4774.0,4779.0,4767.0,25.0,1193260.0,6152
2023-05-10 21:00:25,a2401,a2401,4773.0,1.0,47730.0,0.0,8,4768.0,4776.0,6,4769.0,4774.0,4779.0,4767.0,26.0,1240990.0,6152
2023-05-10 21:00:26,a2401,a2401,4773.0,0.0,0.0,0.0,1,4773.0,4776.0,6,4769.0,4774.0,4779.0,4767.0,26.0,1240990.0,6152
2023-05-10 21:00:26,a2401,a2401,4770.0,2.0,95430.0,1.0,4,4769.0,4773.0,1,4769.0,4774.0,4779.0,4767.0,28.0,1336420.0,6153
2023-05-10 21:00:27,a2401,a2401,4771.0,2.0,95440.0,0.0,2,4769.0,4776.0,6,4769.0,4774.0,4779.0,4767.0,30.0,1431860.0,6153
2023-05-10 21:00:27,a2401,a2401,4771.0,0.0,0.0,0.0,1,4773.0,4776.0,6,4769.0,4774.0,4779.0,4767.0,30.0,1431860.0,6153
2023-05-10 21:00:28,a2401,a2401,4769.0,2.0,95420.0,2.0,3,4769.0,4773.0,1,4769.0,4774.0,4779.0,4767.0,32.0,1527280.0,6155
2023-05-10 21:00:28,a2401,a2401,4773.0,1.0,47730.0,0.0,1,4769.0,4776.0,7,4769.0,4774.0,4779.0,4767.0,33.0,1575010.0,6155
2023-05-10 21:00:29,a2401,a2401,4773.0,1.0,47730.0,1.0,1,4769.0,4775.0,1,4769.0,4774.0,4779.0,4767.0,34.0,1622740.0,6156
2023-05-10 21:00:29,a2401,a2401,4773.0,0.0,0.0,0.0,4,4768.0,4775.0,5,4769.0,4774.0,4779.0,4767.0,34.0,1622740.0,6156
2023-05-10 21:00:30,a2401,a2401,4773.0,0.0,0.0,0.0,4,4768.0,4774.0,6,4769.0,4774.0,4779.0,4767.0,34.0,1622740.0,6156
2023-05-10 21:00:30,a2401,a2401,4773.0,0.0,0.0,0.0,1,4768.0,4774.0,6,4769.0,4774.0,4779.0,4767.0,34.0,1622740.0,6156
2023-05-10 21:00:31,a2401,a2401,4773.0,0.0,0.0,0.0,5,4767.0,4770.0,1,4769.0,4774.0,4779.0,4767.0,34.0,1622740.0,6156
2023-05-10 21:00:31,a2401,a2401,4770.0,1.0,47700.0,0.0,1,4767.0,4774.0,11,4769.0,4774.0,4779.0,4767.0,35.0,1670440.0,6156
2023-05-10 21:00:32,a2401,a2401,4770.0,0.0,0.0,0.0,1,4770.0,4775.0,5,4769.0,4774.0,4779.0,4767.0,35.0,1670440.0,6156
2023-05-10 21:00:32,a2401,a2401,4770.0,0.0,0.0,0.0,1,4770.0,4771.0,1,4769.0,4774.0,4779.0,4767.0,35.0,1670440.0,6156
2023-05-10 21:00:33,a2401,a2401,4771.0,1.0,47710.0,0.0,1,4770.0,4776.0,6,4769.0,4774.0,4779.0,4767.0,36.0,1718150.0,6156
2023-05-10 21:00:33,a2401,a2401,4771.0,0.0,0.0,0.0,1,4771.0,4775.0,6,4769.0,4774.0,4779.0,4767.0,36.0,1718150.0,6156
2023-05-10 21:00:34,a2401,a2401,4770.0,2.0,95410.0,2.0,1,4767.0,4771.0,1,4769.0,4774.0,4779.0,4767.0,38.0,1813560.0,6158
2023-05-10 21:00:34,a2401,a2401,4767.0,2.0,95380.0,1.0,3,4754.0,4775.0,4,4769.0,4774.0,4779.0,4767.0,40.0,1908940.0,6159
2023-05-10 21:00:35,a2401,a2401,4770.0,1.0,47700.0,0.0,1,4766.0,4774.0,3,4769.0,4774.0,4779.0,4767.0,41.0,1956640.0,6159
2023-05-10 21:00:35,a2401,a2401,4770.0,0.0,0.0,0.0,1,4761.0,4774.0,7,4769.0,4774.0,4779.0,4767.0,41.0,1956640.0,6159
2023-05-10 21:00:36,a2401,a2401,4770.0,0.0,0.0,0.0,3,4766.0,4774.0,2,4769.0,4774.0,4779.0,4767.0,41.0,1956640.0,6159
2023-05-10 21:00:36,a2401,a2401,4770.0,0.0,0.0,0.0,1,4766.0,4771.0,1,4769.0,4774.0,4779.0,4767.0,41.0,1956640.0,6159
2023-05-10 21:00:37,a2401,a2401,4771.0,1.0,47710.0,0.0,7,4754.0,4774.0,5,4769.0,4774.0,4779.0,4767.0,42.0,2004350.0,6159
2023-05-10 21:00:37,a2401,a2401,4771.0,0.0,0.0,0.0,1,4771.0,4776.0,7,4769.0,4774.0,4779.0,4767.0,42.0,2004350.0,6159
2023-05-10 21:00:38,a2401,a2401,4771.0,0.0,0.0,0.0,1,4771.0,4772.0,1,4769.0,4774.0,4779.0,4767.0,42.0,2004350.0,6159
2023-05-10 21:00:38,a2401,a2401,4772.0,2.0,95430.0,0.0,1,4772.0,4776.0,7,4769.0,4774.0,4779.0,4767.0,44.0,2099780.0,6159
2023-05-10 21:00:39,a2401,a2401,4772.0,2.0,95440.0,2.0,3,4767.0,4775.0,6,4769.0,4774.0,4779.0,4767.0,46.0,2195220.0,6161
2023-05-10 21:00:39,a2401,a2401,4770.0,1.0,47700.0,0.0,1,4767.0,4775.0,7,4769.0,4774.0,4779.0,4767.0,47.0,2242920.0,6161
2023-05-10 21:00:40,a2401,a2401,4770.0,0.0,0.0,0.0,4,4769.0,4775.0,7,4769.0,4774.0,4779.0,4767.0,47.0,2242920.0,6161
2023-05-10 21:00:42,a2401,a2401,4770.0,0.0,0.0,0.0,6,4768.0,4775.0,7,4769.0,4774.0,4779.0,4767.0,47.0,2242920.0,6161
2023-05-10 21:00:43,a2401,a2401,4770.0,0.0,0.0,0.0,6,4769.0,4775.0,9,4769.0,4774.0,4779.0,4767.0,47.0,2242920.0,6161
2023-05-10 21:00:44,a2401,a2401,4770.0,0.0,0.0,0.0,6,4769.0,4775.0,8,4769.0,4774.0,4779.0,4767.0,47.0,2242920.0,6161
2023-05-10 21:00:44,a2401,a2401,4770.0,0.0,0.0,0.0,1,4768.0,4775.0,8,4769.0,4774.0,4779.0,4767.0,47.0,2242920.0,6161
2023-05-10 21:00:45,a2401,a2401,4770.0,0.0,0.0,0.0,1,4768.0,4775.0,9,4769.0,4774.0,4779.0,4767.0,47.0,2242920.0,6161
2023-05-10 21:00:45,a2401,a2401,4770.0,0.0,0.0,0.0,6,4768.0,4775.0,9,4769.0,4774.0,4779.0,4767.0,47.0,2242920.0,6161
2023-05-10 21:00:46,a2401,a2401,4770.0,0.0,0.0,0.0,2,4768.0,4775.0,9,4769.0,4774.0,4779.0,4767.0,47.0,2242920.0,6161
2023-05-10 21:00:46,a2401,a2401,4770.0,0.0,0.0,0.0,7,4769.0,4775.0,8,4769.0,4774.0,4779.0,4767.0,47.0,2242920.0,6161
2023-05-10 21:00:47,a2401,a2401,4770.0,0.0,0.0,0.0,8,4769.0,4775.0,8,4769.0,4774.0,4779.0,4767.0,47.0,2242920.0,6161
2023-05-10 21:00:48,a2401,a2401,4775.0,6.0,286500.0,3.0,2,4768.0,4775.0,6,4769.0,4774.0,4779.0,4767.0,53.0,2529420.0,6164
2023-05-10 21:00:48,a2401,a2401,4775.0,0.0,0.0,0.0,3,4768.0,4775.0,6,4769.0,4774.0,4779.0,4767.0,53.0,2529420.0,6164
2023-05-10 21:00:49,a2401,a2401,4775.0,0.0,0.0,0.0,1,4769.0,4775.0,7,4769.0,4774.0,4779.0,4767.0,53.0,2529420.0,6164
2023-05-10 21:00:49,a2401,a2401,4775.0,0.0,0.0,0.0,3,4769.0,4775.0,6,4769.0,4774.0,4779.0,4767.0,53.0,2529420.0,6164
2023-05-10 21:00:50,a2401,a2401,4775.0,3.0,143250.0,3.0,1,4775.0,4776.0,4,4769.0,4774.0,4779.0,4767.0,56.0,2672670.0,6167
2023-05-10 21:00:50,a2401,a2401,4776.0,4.0,191030.0,2.0,1,4776.0,4778.0,4,4769.0,4774.0,4779.0,4767.0,60.0,2863700.0,6169
2023-05-10 21:00:51,a2401,a2401,4775.0,4.0,191010.0,3.0,3,4775.0,4776.0,1,4769.0,4774.0,4779.0,4767.0,64.0,3054710.0,6172
2023-05-10 21:00:51,a2401,a2401,4775.0,1.0,47750.0,1.0,2,4775.0,4776.0,1,4769.0,4774.0,4779.0,4767.0,65.0,3102460.0,6173
2023-05-10 21:00:52,a2401,a2401,4773.0,3.0,143230.0,2.0,9,4770.0,4776.0,1,4769.0,4774.0,4779.0,4767.0,68.0,3245690.0,6175
2023-05-10 21:00:52,a2401,a2401,4773.0,1.0,47730.0,0.0,3,4770.0,4776.0,1,4769.0,4774.0,4779.0,4767.0,69.0,3293420.0,6175
2023-05-10 21:00:53,a2401,a2401,4773.0,0.0,0.0,0.0,7,4770.0,4776.0,3,4769.0,4774.0,4779.0,4767.0,69.0,3293420.0,6175
2023-05-10 21:00:54,a2401,a2401,4772.0,1.0,47720.0,-1.0,3,4770.0,4779.0,4,4769.0,4774.0,4779.0,4767.0,70.0,3341140.0,6174
2023-05-10 21:00:54,a2401,a2401,4772.0,0.0,0.0,0.0,3,4770.0,4779.0,5,4769.0,4774.0,4779.0,4767.0,70.0,3341140.0,6174
2023-05-10 21:00:55,a2401,a2401,4772.0,0.0,0.0,0.0,6,4770.0,4777.0,1,4769.0,4774.0,4779.0,4767.0,70.0,3341140.0,6174
2023-05-10 21:00:57,a2401,a2401,4777.0,1.0,47770.0,0.0,3,4772.0,4779.0,4,4769.0,4774.0,4779.0,4767.0,71.0,3388910.0,6174
2023-05-10 21:00:58,a2401,a2401,4777.0,1.0,47770.0,1.0,4,4772.0,4779.0,5,4769.0,4774.0,4779.0,4767.0,72.0,3436680.0,6175
2023-05-10 21:00:58,a2401,a2401,4779.0,10.0,477800.0,5.0,8,4773.0,4779.0,4,4769.0,4774.0,4779.0,4767.0,82.0,3914480.0,6180
2023-05-10 21:00:59,a2401,a2401,4779.0,0.0,0.0,0.0,1,4773.0,4780.0,5,4769.0,4774.0,4779.0,4767.0,82.0,3914480.0,6180
2023-05-10 21:00:59,a2401,a2401,4779.0,0.0,0.0,0.0,9,4773.0,4779.0,3,4769.0,4774.0,4779.0,4767.0,82.0,3914480.0,6180
2023-05-10 21:01:00,a2401,a2401,4779.0,0.0,0.0,0.0,5,4772.0,4778.0,4,4769.0,4774.0,4779.0,4767.0,82.0,3914480.0,6180
2023-05-10 21:01:00,a2401,a2401,4779.0,0.0,0.0,0.0,4,4771.0,4777.0,1,4769.0,4774.0,4779.0,4767.0,82.0,3914480.0,6180
2023-05-10 21:01:01,a2401,a2401,4777.0,1.0,47770.0,1.0,5,4772.0,4777.0,3,4769.0,4774.0,4779.0,4767.0,83.0,3962250.0,6181
2023-05-10 21:01:01,a2401,a2401,4777.0,4.0,191080.0,2.0,5,4772.0,4777.0,3,4769.0,4774.0,4779.0,4767.0,87.0,4153330.0,6183
2023-05-10 21:01:02,a2401,a2401,4777.0,3.0,143310.0,3.0,3,4777.0,4785.0,5,4769.0,4774.0,4779.0,4767.0,90.0,4296640.0,6186
2023-05-10 21:01:02,a2401,a2401,4777.0,4.0,191080.0,4.0,2,4777.0,4778.0,2,4769.0,4774.0,4779.0,4767.0,94.0,4487720.0,6190
2023-05-10 21:01:03,a2401,a2401,4777.0,4.0,191100.0,4.0,9,4773.0,4779.0,2,4769.0,4774.0,4779.0,4767.0,98.0,4678820.0,6194
2023-05-10 21:01:03,a2401,a2401,4778.0,2.0,95510.0,1.0,1,4772.0,4785.0,7,4769.0,4774.0,4779.0,4767.0,100.0,4774330.0,6195
2023-05-10 21:01:04,a2401,a2401,4778.0,0.0,0.0,0.0,9,4772.0,4782.0,1,4769.0,4774.0,4779.0,4767.0,100.0,4774330.0,6195
2023-05-10 21:01:04,a2401,a2401,4778.0,0.0,0.0,0.0,9,4772.0,4781.0,1,4769.0,4774.0,4779.0,4767.0,100.0,4774330.0,6195
2023-05-10 21:01:06,a2401,a2401,4778.0,0.0,0.0,0.0,4,4772.0,4781.0,1,4769.0,4774.0,4779.0,4767.0,100.0,4774330.0,6195
2023-05-10 21:01:06,a2401,a2401,4778.0,0.0,0.0,0.0,9,4772.0,4781.0,1,4769.0,4774.0,4779.0,4767.0,100.0,4774330.0,6195
2023-05-10 21:01:12,a2401,a2401,4778.0,0.0,0.0,0.0,9,4772.0,4781.0,10,4769.0,4774.0,4779.0,4767.0,100.0,4774330.0,6195
2023-05-10 21:01:12,a2401,a2401,4778.0,0.0,0.0,0.0,12,4772.0,4781.0,1,4769.0,4774.0,4779.0,4767.0,100.0,4774330.0,6195
2023-05-10 21:01:13,a2401,a2401,4778.0,0.0,0.0,0.0,10,4772.0,4781.0,1,4769.0,4774.0,4779.0,4767.0,100.0,4774330.0,6195
2023-05-10 21:01:13,a2401,a2401,4778.0,0.0,0.0,0.0,15,4772.0,4781.0,10,4769.0,4774.0,4779.0,4767.0,100.0,4774330.0,6195
2023-05-10 21:01:14,a2401,a2401,4778.0,0.0,0.0,0.0,15,4772.0,4781.0,1,4769.0,4774.0,4779.0,4767.0,100.0,4774330.0,6195
2023-05-10 21:01:14,a2401,a2401,4778.0,0.0,0.0,0.0,15,4772.0,4781.0,10,4769.0,4774.0,4779.0,4767.0,100.0,4774330.0,6195
2023-05-10 21:01:15,a2401,a2401,4771.0,48.0,2290480.0,11.0,1,4767.0,4771.0,72,4769.0,4774.0,4779.0,4767.0,148.0,7064810.0,6206
2023-05-10 21:01:16,a2401,a2401,4771.0,20.0,954200.0,16.0,6,4770.0,4771.0,52,4769.0,4774.0,4779.0,4767.0,168.0,8019010.0,6222
2023-05-10 21:01:16,a2401,a2401,4770.0,3.0,143120.0,2.0,2,4770.0,4771.0,50,4769.0,4774.0,4779.0,4767.0,171.0,8162130.0,6224
2023-05-10 21:01:17,a2401,a2401,4771.0,3.0,143130.0,3.0,2,4770.0,4771.0,47,4769.0,4774.0,4779.0,4767.0,174.0,8305260.0,6227
2023-05-10 21:01:17,a2401,a2401,4771.0,1.0,47710.0,1.0,2,4770.0,4771.0,46,4769.0,4774.0,4779.0,4767.0,175.0,8352970.0,6228
2023-05-10 21:01:18,a2401,a2401,4771.0,0.0,0.0,0.0,6,4768.0,4771.0,46,4769.0,4774.0,4779.0,4767.0,175.0,8352970.0,6228
2023-05-10 21:01:18,a2401,a2401,4771.0,0.0,0.0,0.0,2,4769.0,4771.0,46,4769.0,4774.0,4779.0,4767.0,175.0,8352970.0,6228
2023-05-10 21:01:24,a2401,a2401,4769.0,2.0,95380.0,2.0,6,4768.0,4769.0,18,4769.0,4774.0,4779.0,4767.0,177.0,8448350.0,6230
2023-05-10 21:01:25,a2401,a2401,4769.0,10.0,476900.0,9.0,3,4768.0,4769.0,8,4769.0,4774.0,4779.0,4767.0,187.0,8925250.0,6239
2023-05-10 21:01:25,a2401,a2401,4769.0,8.0,381520.0,7.0,3,4768.0,4771.0,46,4769.0,4774.0,4779.0,4767.0,195.0,9306770.0,6246
2023-05-10 21:01:29,a2401,a2401,4769.0,0.0,0.0,0.0,8,4768.0,4771.0,46,4769.0,4774.0,4779.0,4767.0,195.0,9306770.0,6246
2023-05-10 21:01:29,a2401,a2401,4769.0,0.0,0.0,0.0,9,4768.0,4771.0,46,4769.0,4774.0,4779.0,4767.0,195.0,9306770.0,6246
2023-05-10 21:01:33,a2401,a2401,4768.0,3.0,143040.0,3.0,5,4760.0,4768.0,3,4769.0,4774.0,4779.0,4767.0,198.0,9449810.0,6249
2023-05-10 21:01:34,a2401,a2401,4766.0,6.0,285960.0,0.0,2,4766.0,4771.0,46,4769.0,4774.0,4779.0,4766.0,204.0,9735770.0,6249
2023-05-10 21:01:34,a2401,a2401,4764.0,1.0,47640.0,0.0,5,4762.0,4766.0,2,4769.0,4774.0,4779.0,4764.0,205.0,9783410.0,6249
2023-05-10 21:01:35,a2401,a2401,4766.0,2.0,95320.0,0.0,1,4765.0,4771.0,47,4769.0,4774.0,4779.0,4764.0,207.0,9878730.0,6249
2023-05-10 21:01:35,a2401,a2401,4770.0,1.0,47700.0,1.0,2,4763.0,4770.0,3,4769.0,4774.0,4779.0,4764.0,208.0,9926430.0,6250
2023-05-10 21:01:36,a2401,a2401,4770.0,0.0,0.0,0.0,1,4765.0,4771.0,46,4769.0,4774.0,4779.0,4764.0,208.0,9926430.0,6250
2023-05-10 21:01:36,a2401,a2401,4770.0,0.0,0.0,0.0,1,4765.0,4770.0,3,4769.0,4774.0,4779.0,4764.0,208.0,9926430.0,6250
2023-05-10 21:01:37,a2401,a2401,4770.0,0.0,0.0,0.0,1,4765.0,4770.0,5,4769.0,4774.0,4779.0,4764.0,208.0,9926430.0,6250
2023-05-10 21:01:39,a2401,a2401,4770.0,0.0,0.0,0.0,4,4765.0,4770.0,3,4769.0,4774.0,4779.0,4764.0,208.0,9926430.0,6250
2023-05-10 21:01:39,a2401,a2401,4770.0,0.0,0.0,0.0,5,4763.0,4770.0,3,4769.0,4774.0,4779.0,4764.0,208.0,9926430.0,6250
2023-05-10 21:01:40,a2401,a2401,4770.0,0.0,0.0,0.0,1,4764.0,4770.0,4,4769.0,4774.0,4779.0,4764.0,208.0,9926430.0,6250
2023-05-10 21:01:40,a2401,a2401,4770.0,0.0,0.0,0.0,1,4764.0,4770.0,3,4769.0,4774.0,4779.0,4764.0,208.0,9926430.0,6250
2023-05-10 21:01:41,a2401,a2401,4770.0,0.0,0.0,0.0,1,4764.0,4770.0,4,4769.0,4774.0,4779.0,4764.0,208.0,9926430.0,6250
2023-05-10 21:01:42,a2401,a2401,4770.0,0.0,0.0,0.0,1,4764.0,4770.0,5,4769.0,4774.0,4779.0,4764.0,208.0,9926430.0,6250
2023-05-10 21:01:42,a2401,a2401,4770.0,0.0,0.0,0.0,1,4764.0,4770.0,4,4769.0,4774.0,4779.0,4764.0,208.0,9926430.0,6250
2023-05-10 21:01:42,a2401,a2401,4770.0,0.0,0.0,0.0,1,4764.0,4770.0,5,4769.0,4774.0,4779.0,4764.0,208.0,9926430.0,6250
2023-05-10 21:01:45,a2401,a2401,4770.0,0.0,0.0,0.0,1,4768.0,4770.0,5,4769.0,4774.0,4779.0,4764.0,208.0,9926430.0,6250
2023-05-10 21:01:47,a2401,a2401,4768.0,1.0,47680.0,1.0,1,4764.0,4768.0,2,4769.0,4774.0,4779.0,4764.0,209.0,9974110.0,6251
2023-05-10 21:01:47,a2401,a2401,4765.0,2.0,95300.0,0.0,3,4764.0,4770.0,1,4769.0,4774.0,4779.0,4764.0,211.0,10069410.0,6251
2023-05-10 21:01:47,a2401,a2401,4765.0,0.0,0.0,0.0,1,4764.0,4770.0,1,4769.0,4774.0,4779.0,4764.0,211.0,10069410.0,6251
2023-05-10 21:01:51,a2401,a2401,4765.0,0.0,0.0,0.0,1,4764.0,4770.0,4,4769.0,4774.0,4779.0,4764.0,211.0,10069410.0,6251
2023-05-10 21:01:55,a2401,a2401,4765.0,0.0,0.0,0.0,1,4764.0,4770.0,3,4769.0,4774.0,4779.0,4764.0,211.0,10069410.0,6251
2023-05-10 21:01:55,a2401,a2401,4765.0,0.0,0.0,0.0,1,4764.0,4770.0,4,4769.0,4774.0,4779.0,4764.0,211.0,10069410.0,6251
2023-05-10 21:01:56,a2401,a2401,4765.0,0.0,0.0,0.0,2,4764.0,4770.0,4,4769.0,4774.0,4779.0,4764.0,211.0,10069410.0,6251
2023-05-10 21:01:57,a2401,a2401,4765.0,0.0,0.0,0.0,1,4763.0,4768.0,5,4769.0,4774.0,4779.0,4764.0,211.0,10069410.0,6251
2023-05-10 21:01:57,a2401,a2401,4763.0,2.0,95270.0,0.0,6,4759.0,4763.0,1,4769.0,4774.0,4779.0,4763.0,213.0,10164680.0,6251
2023-05-10 21:01:58,a2401,a2401,4762.0,1.0,47620.0,1.0,2,4761.0,4768.0,7,4769.0,4774.0,4779.0,4762.0,214.0,10212300.0,6252
2023-05-10 21:02:00,a2401,a2401,4762.0,0.0,0.0,0.0,1,4762.0,4768.0,7,4769.0,4774.0,4779.0,4762.0,214.0,10212300.0,6252
2023-05-10 21:02:03,a2401,a2401,4762.0,0.0,0.0,0.0,1,4762.0,4768.0,2,4769.0,4774.0,4779.0,4762.0,214.0,10212300.0,6252
2023-05-10 21:02:06,a2401,a2401,4762.0,0.0,0.0,0.0,1,4759.0,4762.0,1,4769.0,4774.0,4779.0,4762.0,214.0,10212300.0,6252
2023-05-10 21:02:07,a2401,a2401,4761.0,6.0,285650.0,4.0,2,4759.0,4761.0,4,4769.0,4774.0,4779.0,4760.0,220.0,10497950.0,6256
2023-05-10 21:02:07,a2401,a2401,4760.0,3.0,142810.0,2.0,1,4759.0,4760.0,4,4769.0,4774.0,4779.0,4760.0,223.0,10640760.0,6258
2023-05-10 21:02:08,a2401,a2401,4767.0,5.0,238030.0,4.0,1,4760.0,4767.0,9,4769.0,4774.0,4779.0,4759.0,228.0,10878790.0,6262
2023-05-10 21:02:08,a2401,a2401,4758.0,4.0,190510.0,3.0,11,4757.0,4758.0,4,4769.0,4774.0,4779.0,4758.0,232.0,11069300.0,6265
2023-05-10 21:02:09,a2401,a2401,4758.0,0.0,0.0,0.0,11,4757.0,4758.0,19,4769.0,4774.0,4779.0,4758.0,232.0,11069300.0,6265
2023-05-10 21:02:09,a2401,a2401,4754.0,9.0,428040.0,8.0,10,4752.0,4753.0,9,4769.0,4774.0,4779.0,4754.0,241.0,11497340.0,6273
2023-05-10 21:02:10,a2401,a2401,4753.0,14.0,665420.0,14.0,3,4761.0,4766.0,5,4769.0,4774.0,4779.0,4753.0,255.0,12162760.0,6287
2023-05-10 21:02:10,a2401,a2401,4760.0,4.0,190400.0,-1.0,2,4753.0,4761.0,14,4769.0,4774.0,4779.0,4753.0,259.0,12353160.0,6286
2023-05-10 21:02:11,a2401,a2401,4752.0,2.0,95050.0,1.0,4,4752.0,4753.0,1,4769.0,4774.0,4779.0,4752.0,261.0,12448210.0,6287
2023-05-10 21:02:11,a2401,a2401,4761.0,4.0,190360.0,2.0,2,4753.0,4761.0,10,4769.0,4774.0,4779.0,4752.0,265.0,12638570.0,6289
2023-05-10 21:02:12,a2401,a2401,4761.0,0.0,0.0,0.0,3,4752.0,4761.0,5,4769.0,4774.0,4779.0,4752.0,265.0,12638570.0,6289
2023-05-10 21:02:12,a2401,a2401,4761.0,0.0,0.0,0.0,2,4758.0,4761.0,6,4769.0,4774.0,4779.0,4752.0,265.0,12638570.0,6289
2023-05-10 21:02:13,a2401,a2401,4758.0,2.0,95160.0,0.0,3,4752.0,4758.0,2,4769.0,4774.0,4779.0,4752.0,267.0,12733730.0,6289
2023-05-10 21:02:13,a2401,a2401,4758.0,0.0,0.0,0.0,3,4752.0,4758.0,4,4769.0,4774.0,4779.0,4752.0,267.0,12733730.0,6289
2023-05-10 21:02:14,a2401,a2401,4752.0,1.0,47520.0,1.0,1,4753.0,4758.0,4,4769.0,4774.0,4779.0,4752.0,268.0,12781250.0,6290
2023-05-10 21:02:17,a2401,a2401,4752.0,0.0,0.0,0.0,1,4753.0,4757.0,2,4769.0,4774.0,4779.0,4752.0,268.0,12781250.0,6290
2023-05-10 21:02:19,a2401,a2401,4752.0,3.0,142570.0,3.0,1,4751.0,4752.0,1,4769.0,4774.0,4779.0,4752.0,271.0,12923820.0,6293
2023-05-10 21:02:19,a2401,a2401,4750.0,10.0,475090.0,10.0,1,4749.0,4750.0,2,4769.0,4774.0,4779.0,4750.0,281.0,13398910.0,6303
2023-05-10 21:02:20,a2401,a2401,4750.0,7.0,332500.0,6.0,2,4750.0,4757.0,1,4769.0,4774.0,4779.0,4749.0,288.0,13731410.0,6309
2023-05-10 21:02:20,a2401,a2401,4750.0,0.0,0.0,0.0,2,4750.0,4751.0,2,4769.0,4774.0,4779.0,4749.0,288.0,13731410.0,6309
2023-05-10 21:02:21,a2401,a2401,4756.0,10.0,475550.0,-7.0,2,4750.0,4756.0,1,4769.0,4774.0,4779.0,4749.0,298.0,14206960.0,6302
2023-05-10 21:02:22,a2401,a2401,4756.0,0.0,0.0,0.0,2,4750.0,4756.0,8,4769.0,4774.0,4779.0,4749.0,298.0,14206960.0,6302
2023-05-10 21:02:22,a2401,a2401,4756.0,0.0,0.0,0.0,2,4750.0,4756.0,3,4769.0,4774.0,4779.0,4749.0,298.0,14206960.0,6302
2023-05-10 21:02:23,a2401,a2401,4756.0,0.0,0.0,0.0,2,4750.0,4755.0,2,4769.0,4774.0,4779.0,4749.0,298.0,14206960.0,6302
2023-05-10 21:02:27,a2401,a2401,4756.0,0.0,0.0,0.0,2,4750.0,4755.0,3,4769.0,4774.0,4779.0,4749.0,298.0,14206960.0,6302
2023-05-10 21:02:30,a2401,a2401,4749.0,7.0,332450.0,5.0,1,4746.0,4749.0,5,4769.0,4774.0,4779.0,4749.0,305.0,14539410.0,6307
2023-05-10 21:02:30,a2401,a2401,4744.0,12.0,569450.0,12.0,12,4743.0,4750.0,44,4769.0,4774.0,4779.0,4744.0,317.0,15108860.0,6319
2023-05-10 21:02:31,a2401,a2401,4750.0,1.0,47500.0,1.0,5,4747.0,4750.0,43,4769.0,4774.0,4779.0,4744.0,318.0,15156360.0,6320
2023-05-10 21:02:31,a2401,a2401,4747.0,2.0,94940.0,0.0,3,4747.0,4750.0,44,4769.0,4774.0,4779.0,4744.0,320.0,15251300.0,6320
2023-05-10 21:02:31,a2401,a2401,4750.0,1.0,47500.0,1.0,3,4747.0,4750.0,42,4769.0,4774.0,4779.0,4744.0,321.0,15298800.0,6321
2023-05-10 21:02:33,a2401,a2401,4750.0,0.0,0.0,0.0,5,4744.0,4750.0,42,4769.0,4774.0,4779.0,4744.0,321.0,15298800.0,6321
2023-05-10 21:02:33,a2401,a2401,4750.0,0.0,0.0,0.0,30,4745.0,4750.0,42,4769.0,4774.0,4779.0,4744.0,321.0,15298800.0,6321
2023-05-10 21:02:36,a2401,a2401,4750.0,0.0,0.0,0.0,30,4745.0,4749.0,5,4769.0,4774.0,4779.0,4744.0,321.0,15298800.0,6321
2023-05-10 21:02:36,a2401,a2401,4745.0,36.0,1708200.0,30.0,4,4744.0,4745.0,15,4769.0,4774.0,4779.0,4744.0,357.0,17007000.0,6351
2023-05-10 21:02:37,a2401,a2401,4745.0,11.0,521950.0,11.0,4,4744.0,4745.0,4,4769.0,4774.0,4779.0,4744.0,368.0,17528950.0,6362
2023-05-10 21:02:37,a2401,a2401,4745.0,4.0,189800.0,4.0,3,4746.0,4749.0,5,4769.0,4774.0,4779.0,4744.0,372.0,17718750.0,6366
2023-05-10 21:02:38,a2401,a2401,4745.0,0.0,0.0,0.0,1,4746.0,4749.0,5,4769.0,4774.0,4779.0,4744.0,372.0,17718750.0,6366
2023-05-10 21:02:38,a2401,a2401,4749.0,2.0,94970.0,0.0,2,4745.0,4749.0,4,4769.0,4774.0,4779.0,4744.0,374.0,17813720.0,6366
2023-05-10 21:02:39,a2401,a2401,4749.0,1.0,47490.0,0.0,2,4745.0,4749.0,3,4769.0,4774.0,4779.0,4744.0,375.0,17861210.0,6366
2023-05-10 21:02:41,a2401,a2401,4749.0,0.0,0.0,0.0,4,4744.0,4749.0,7,4769.0,4774.0,4779.0,4744.0,375.0,17861210.0,6366
2023-05-10 21:02:42,a2401,a2401,4749.0,0.0,0.0,0.0,5,4744.0,4749.0,6,4769.0,4774.0,4779.0,4744.0,375.0,17861210.0,6366
2023-05-10 21:02:43,a2401,a2401,4749.0,1.0,47490.0,0.0,5,4744.0,4749.0,5,4769.0,4774.0,4779.0,4744.0,376.0,17908700.0,6366
2023-05-10 21:02:44,a2401,a2401,4749.0,0.0,0.0,0.0,4,4744.0,4749.0,5,4769.0,4774.0,4779.0,4744.0,376.0,17908700.0,6366
2023-05-10 21:02:45,a2401,a2401,4749.0,0.0,0.0,0.0,5,4744.0,4749.0,5,4769.0,4774.0,4779.0,4744.0,376.0,17908700.0,6366
2023-05-10 21:02:46,a2401,a2401,4749.0,0.0,0.0,0.0,5,4744.0,4749.0,6,4769.0,4774.0,4779.0,4744.0,376.0,17908700.0,6366
2023-05-10 21:02:49,a2401,a2401,4749.0,0.0,0.0,0.0,5,4744.0,4745.0,1,4769.0,4774.0,4779.0,4744.0,376.0,17908700.0,6366
2023-05-10 21:02:49,a2401,a2401,4745.0,5.0,237250.0,4.0,4,4744.0,4745.0,2,4769.0,4774.0,4779.0,4744.0,381.0,18145950.0,6370
2023-05-10 21:02:50,a2401,a2401,4745.0,2.0,94900.0,2.0,4,4744.0,4749.0,6,4769.0,4774.0,4779.0,4744.0,383.0,18240850.0,6372
2023-05-10 21:02:51,a2401,a2401,4745.0,0.0,0.0,0.0,4,4744.0,4749.0,7,4769.0,4774.0,4779.0,4744.0,383.0,18240850.0,6372
2023-05-10 21:02:52,a2401,a2401,4745.0,1.0,47450.0,1.0,4,4744.0,4745.0,2,4769.0,4774.0,4779.0,4744.0,384.0,18288300.0,6373
2023-05-10 21:02:55,a2401,a2401,4745.0,2.0,94900.0,2.0,2,4745.0,4747.0,1,4769.0,4774.0,4779.0,4744.0,386.0,18383200.0,6375
2023-05-10 21:02:56,a2401,a2401,4745.0,2.0,94920.0,1.0,4,4744.0,4747.0,1,4769.0,4774.0,4779.0,4744.0,388.0,18478120.0,6376
2023-05-10 21:02:56,a2401,a2401,4745.0,0.0,0.0,0.0,4,4744.0,4748.0,4,4769.0,4774.0,4779.0,4744.0,388.0,18478120.0,6376
2023-05-10 21:02:57,a2401,a2401,4745.0,0.0,0.0,0.0,4,4744.0,4748.0,3,4769.0,4774.0,4779.0,4744.0,388.0,18478120.0,6376
2023-05-10 21:02:58,a2401,a2401,4745.0,0.0,0.0,0.0,5,4744.0,4748.0,2,4769.0,4774.0,4779.0,4744.0,388.0,18478120.0,6376
2023-05-10 21:02:59,a2401,a2401,4745.0,0.0,0.0,0.0,4,4744.0,4747.0,1,4769.0,4774.0,4779.0,4744.0,388.0,18478120.0,6376
2023-05-10 21:02:59,a2401,a2401,4745.0,0.0,0.0,0.0,6,4744.0,4747.0,1,4769.0,4774.0,4779.0,4744.0,388.0,18478120.0,6376
2023-05-10 21:03:01,a2401,a2401,4747.0,1.0,47470.0,1.0,1,4745.0,4746.0,1,4769.0,4774.0,4779.0,4744.0,389.0,18525590.0,6377
2023-05-10 21:03:01,a2401,a2401,4749.0,2.0,94960.0,1.0,5,4744.0,4749.0,4,4769.0,4774.0,4779.0,4744.0,391.0,18620550.0,6378
2023-05-10 21:03:02,a2401,a2401,4749.0,0.0,0.0,0.0,2,4745.0,4749.0,4,4769.0,4774.0,4779.0,4744.0,391.0,18620550.0,6378
2023-05-10 21:03:03,a2401,a2401,4749.0,0.0,0.0,0.0,1,4747.0,4749.0,4,4769.0,4774.0,4779.0,4744.0,391.0,18620550.0,6378
2023-05-10 21:03:04,a2401,a2401,4749.0,3.0,142470.0,0.0,1,4747.0,4749.0,1,4769.0,4774.0,4779.0,4744.0,394.0,18763020.0,6378
2023-05-10 21:03:04,a2401,a2401,4749.0,1.0,47490.0,0.0,1,4747.0,4752.0,1,4769.0,4774.0,4779.0,4744.0,395.0,18810510.0,6378
2023-05-10 21:03:05,a2401,a2401,4749.0,0.0,0.0,0.0,1,4747.0,4752.0,2,4769.0,4774.0,4779.0,4744.0,395.0,18810510.0,6378
2023-05-10 21:03:05,a2401,a2401,4749.0,0.0,0.0,0.0,1,4747.0,4752.0,1,4769.0,4774.0,4779.0,4744.0,395.0,18810510.0,6378
2023-05-10 21:03:06,a2401,a2401,4749.0,0.0,0.0,0.0,1,4747.0,4752.0,2,4769.0,4774.0,4779.0,4744.0,395.0,18810510.0,6378
2023-05-10 21:03:07,a2401,a2401,4749.0,0.0,0.0,0.0,1,4747.0,4752.0,1,4769.0,4774.0,4779.0,4744.0,395.0,18810510.0,6378
2023-05-10 21:03:07,a2401,a2401,4747.0,1.0,47470.0,0.0,3,4746.0,4747.0,2,4769.0,4774.0,4779.0,4744.0,396.0,18857980.0,6378
2023-05-10 21:03:08,a2401,a2401,4746.0,4.0,189840.0,1.0,3,4745.0,4746.0,5,4769.0,4774.0,4779.0,4744.0,400.0,19047820.0,6379
2023-05-10 21:03:08,a2401,a2401,4746.0,0.0,0.0,0.0,8,4745.0,4746.0,5,4769.0,4774.0,4779.0,4744.0,400.0,19047820.0,6379
2023-05-10 21:03:09,a2401,a2401,4746.0,0.0,0.0,0.0,9,4745.0,4746.0,5,4769.0,4774.0,4779.0,4744.0,400.0,19047820.0,6379
2023-05-10 21:03:09,a2401,a2401,4746.0,0.0,0.0,0.0,8,4745.0,4746.0,5,4769.0,4774.0,4779.0,4744.0,400.0,19047820.0,6379
2023-05-10 21:03:10,a2401,a2401,4746.0,0.0,0.0,0.0,3,4745.0,4746.0,5,4769.0,4774.0,4779.0,4744.0,400.0,19047820.0,6379
2023-05-10 21:03:10,a2401,a2401,4745.0,4.0,189800.0,1.0,6,4744.0,4745.0,4,4769.0,4774.0,4779.0,4744.0,404.0,19237620.0,6380
2023-05-10 21:03:15,a2401,a2401,4745.0,4.0,189800.0,4.0,5,4744.0,4750.0,1,4769.0,4774.0,4779.0,4744.0,408.0,19427420.0,6384
2023-05-10 21:03:15,a2401,a2401,4748.0,1.0,47480.0,0.0,5,4744.0,4748.0,1,4769.0,4774.0,4779.0,4744.0,409.0,19474900.0,6384
2023-05-10 21:03:17,a2401,a2401,4748.0,0.0,0.0,0.0,5,4744.0,4747.0,2,4769.0,4774.0,4779.0,4744.0,409.0,19474900.0,6384
2023-05-10 21:03:19,a2401,a2401,4748.0,0.0,0.0,0.0,5,4744.0,4746.0,2,4769.0,4774.0,4779.0,4744.0,409.0,19474900.0,6384
2023-05-10 21:03:20,a2401,a2401,4744.0,1.0,47440.0,0.0,4,4744.0,4746.0,2,4769.0,4774.0,4779.0,4744.0,410.0,19522340.0,6384
2023-05-10 21:03:20,a2401,a2401,4744.0,1.0,47440.0,0.0,3,4744.0,4746.0,2,4769.0,4774.0,4779.0,4744.0,411.0,19569780.0,6384
2023-05-10 21:03:21,a2401,a2401,4744.0,2.0,94900.0,1.0,2,4744.0,4746.0,1,4769.0,4774.0,4779.0,4744.0,413.0,19664680.0,6385
2023-05-10 21:03:29,a2401,a2401,4744.0,0.0,0.0,0.0,2,4744.0,4745.0,2,4769.0,4774.0,4779.0,4744.0,413.0,19664680.0,6385
2023-05-10 21:03:32,a2401,a2401,4744.0,2.0,94880.0,-1.0,1,4743.0,4745.0,2,4769.0,4774.0,4779.0,4744.0,415.0,19759560.0,6384
2023-05-10 21:03:32,a2401,a2401,4743.0,1.0,47430.0,1.0,2,4734.0,4745.0,2,4769.0,4774.0,4779.0,4743.0,416.0,19806990.0,6385
2023-05-10 21:03:33,a2401,a2401,4743.0,0.0,0.0,0.0,3,4742.0,4745.0,2,4769.0,4774.0,4779.0,4743.0,416.0,19806990.0,6385
2023-05-10 21:03:34,a2401,a2401,4743.0,0.0,0.0,0.0,1,4742.0,4745.0,2,4769.0,4774.0,4779.0,4743.0,416.0,19806990.0,6385
2023-05-10 21:03:35,a2401,a2401,4745.0,1.0,47450.0,0.0,3,4743.0,4745.0,1,4769.0,4774.0,4779.0,4743.0,417.0,19854440.0,6385
2023-05-10 21:03:39,a2401,a2401,4745.0,1.0,47450.0,1.0,1,4743.0,4746.0,1,4769.0,4774.0,4779.0,4743.0,418.0,19901890.0,6386
2023-05-10 21:03:40,a2401,a2401,4747.0,3.0,142400.0,0.0,3,4744.0,4747.0,3,4769.0,4774.0,4779.0,4743.0,421.0,20044290.0,6386
2023-05-10 21:03:45,a2401,a2401,4747.0,0.0,0.0,0.0,3,4744.0,4748.0,3,4769.0,4774.0,4779.0,4743.0,421.0,20044290.0,6386
2023-05-10 21:03:53,a2401,a2401,4747.0,0.0,0.0,0.0,3,4744.0,4749.0,3,4769.0,4774.0,4779.0,4743.0,421.0,20044290.0,6386
2023-05-10 21:03:53,a2401,a2401,4747.0,0.0,0.0,0.0,3,4744.0,4749.0,4,4769.0,4774.0,4779.0,4743.0,421.0,20044290.0,6386
2023-05-10 21:03:54,a2401,a2401,4747.0,0.0,0.0,0.0,1,4744.0,4749.0,4,4769.0,4774.0,4779.0,4743.0,421.0,20044290.0,6386
2023-05-10 21:03:55,a2401,a2401,4747.0,0.0,0.0,0.0,1,4742.0,4749.0,4,4769.0,4774.0,4779.0,4743.0,421.0,20044290.0,6386
2023-05-10 21:03:56,a2401,a2401,4747.0,0.0,0.0,0.0,1,4742.0,4747.0,2,4769.0,4774.0,4779.0,4743.0,421.0,20044290.0,6386
2023-05-10 21:03:56,a2401,a2401,4747.0,0.0,0.0,0.0,3,4742.0,4747.0,2,4769.0,4774.0,4779.0,4743.0,421.0,20044290.0,6386
2023-05-10 21:03:57,a2401,a2401,4747.0,0.0,0.0,0.0,1,4742.0,4747.0,3,4769.0,4774.0,4779.0,4743.0,421.0,20044290.0,6386
2023-05-10 21:04:01,a2401,a2401,4747.0,0.0,0.0,0.0,1,4742.0,4746.0,1,4769.0,4774.0,4779.0,4743.0,421.0,20044290.0,6386
2023-05-10 21:04:03,a2401,a2401,4747.0,0.0,0.0,0.0,1,4741.0,4746.0,1,4769.0,4774.0,4779.0,4743.0,421.0,20044290.0,6386
2023-05-10 21:04:04,a2401,a2401,4747.0,0.0,0.0,0.0,2,4741.0,4746.0,2,4769.0,4774.0,4779.0,4743.0,421.0,20044290.0,6386
2023-05-10 21:04:05,a2401,a2401,4741.0,1.0,47410.0,0.0,2,4735.0,4746.0,2,4769.0,4774.0,4779.0,4741.0,422.0,20091700.0,6386
2023-05-10 21:04:06,a2401,a2401,4745.0,1.0,47450.0,0.0,1,4737.0,4746.0,2,4769.0,4774.0,4779.0,4741.0,423.0,20139150.0,6386
2023-05-10 21:04:06,a2401,a2401,4745.0,0.0,0.0,0.0,1,4739.0,4746.0,2,4769.0,4774.0,4779.0,4741.0,423.0,20139150.0,6386
2023-05-10 21:04:07,a2401,a2401,4745.0,0.0,0.0,0.0,1,4739.0,4745.0,1,4769.0,4774.0,4779.0,4741.0,423.0,20139150.0,6386
2023-05-10 21:04:07,a2401,a2401,4745.0,0.0,0.0,0.0,1,4739.0,4745.0,2,4769.0,4774.0,4779.0,4741.0,423.0,20139150.0,6386
2023-05-10 21:04:08,a2401,a2401,4745.0,0.0,0.0,0.0,1,4739.0,4745.0,3,4769.0,4774.0,4779.0,4741.0,423.0,20139150.0,6386
2023-05-10 21:04:08,a2401,a2401,4745.0,0.0,0.0,0.0,5,4737.0,4745.0,3,4769.0,4774.0,4779.0,4741.0,423.0,20139150.0,6386
2023-05-10 21:04:09,a2401,a2401,4745.0,0.0,0.0,0.0,1,4738.0,4745.0,3,4769.0,4774.0,4779.0,4741.0,423.0,20139150.0,6386
2023-05-10 21:04:11,a2401,a2401,4745.0,0.0,0.0,0.0,1,4738.0,4745.0,2,4769.0,4774.0,4779.0,4741.0,423.0,20139150.0,6386
2023-05-10 21:04:12,a2401,a2401,4745.0,0.0,0.0,0.0,1,4739.0,4745.0,2,4769.0,4774.0,4779.0,4741.0,423.0,20139150.0,6386
2023-05-10 21:04:12,a2401,a2401,4745.0,0.0,0.0,0.0,1,4738.0,4745.0,2,4769.0,4774.0,4779.0,4741.0,423.0,20139150.0,6386
2023-05-10 21:04:13,a2401,a2401,4745.0,0.0,0.0,0.0,5,4731.0,4745.0,2,4769.0,4774.0,4779.0,4741.0,423.0,20139150.0,6386
2023-05-10 21:04:14,a2401,a2401,4745.0,0.0,0.0,0.0,1,4737.0,4743.0,1,4769.0,4774.0,4779.0,4741.0,423.0,20139150.0,6386
2023-05-10 21:04:15,a2401,a2401,4745.0,0.0,0.0,0.0,1,4736.0,4743.0,1,4769.0,4774.0,4779.0,4741.0,423.0,20139150.0,6386
2023-05-10 21:04:15,a2401,a2401,4745.0,0.0,0.0,0.0,1,4737.0,4743.0,1,4769.0,4774.0,4779.0,4741.0,423.0,20139150.0,6386
2023-05-10 21:04:16,a2401,a2401,4745.0,0.0,0.0,0.0,1,4738.0,4743.0,1,4769.0,4774.0,4779.0,4741.0,423.0,20139150.0,6386
2023-05-10 21:04:17,a2401,a2401,4745.0,0.0,0.0,0.0,1,4737.0,4743.0,1,4769.0,4774.0,4779.0,4741.0,423.0,20139150.0,6386
2023-05-10 21:04:18,a2401,a2401,4745.0,0.0,0.0,0.0,1,4738.0,4744.0,1,4769.0,4774.0,4779.0,4741.0,423.0,20139150.0,6386
2023-05-10 21:04:18,a2401,a2401,4745.0,0.0,0.0,0.0,1,4740.0,4744.0,2,4769.0,4774.0,4779.0,4741.0,423.0,20139150.0,6386
2023-05-10 21:04:19,a2401,a2401,4745.0,0.0,0.0,0.0,1,4740.0,4744.0,1,4769.0,4774.0,4779.0,4741.0,423.0,20139150.0,6386
2023-05-10 21:04:19,a2401,a2401,4745.0,0.0,0.0,0.0,1,4740.0,4744.0,2,4769.0,4774.0,4779.0,4741.0,423.0,20139150.0,6386
2023-05-10 21:04:23,a2401,a2401,4745.0,0.0,0.0,0.0,5,4736.0,4744.0,1,4769.0,4774.0,4779.0,4741.0,423.0,20139150.0,6386
2023-05-10 21:04:24,a2401,a2401,4745.0,0.0,0.0,0.0,1,4739.0,4744.0,1,4769.0,4774.0,4779.0,4741.0,423.0,20139150.0,6386
2023-05-10 21:04:25,a2401,a2401,4739.0,1.0,47390.0,0.0,1,4739.0,4744.0,1,4769.0,4774.0,4779.0,4739.0,424.0,20186540.0,6386
2023-05-10 21:04:25,a2401,a2401,4739.0,1.0,47390.0,0.0,5,4736.0,4744.0,1,4769.0,4774.0,4779.0,4739.0,425.0,20233930.0,6386
2023-05-10 21:04:25,a2401,a2401,4739.0,0.0,0.0,0.0,10,4737.0,4744.0,2,4769.0,4774.0,4779.0,4739.0,425.0,20233930.0,6386
2023-05-10 21:04:27,a2401,a2401,4739.0,0.0,0.0,0.0,15,4737.0,4744.0,2,4769.0,4774.0,4779.0,4739.0,425.0,20233930.0,6386
2023-05-10 21:04:27,a2401,a2401,4739.0,0.0,0.0,0.0,10,4737.0,4744.0,2,4769.0,4774.0,4779.0,4739.0,425.0,20233930.0,6386
2023-05-10 21:04:27,a2401,a2401,4739.0,0.0,0.0,0.0,15,4737.0,4744.0,2,4769.0,4774.0,4779.0,4739.0,425.0,20233930.0,6386
2023-05-10 21:04:28,a2401,a2401,4739.0,0.0,0.0,0.0,1,4739.0,4743.0,1,4769.0,4774.0,4779.0,4739.0,425.0,20233930.0,6386
2023-05-10 21:04:29,a2401,a2401,4739.0,1.0,47390.0,0.0,1,4735.0,4743.0,2,4769.0,4774.0,4779.0,4739.0,426.0,20281320.0,6386
2023-05-10 21:04:29,a2401,a2401,4739.0,0.0,0.0,0.0,98,4736.0,4743.0,2,4769.0,4774.0,4779.0,4739.0,426.0,20281320.0,6386
2023-05-10 21:04:30,a2401,a2401,4739.0,0.0,0.0,0.0,93,4736.0,4743.0,2,4769.0,4774.0,4779.0,4739.0,426.0,20281320.0,6386
2023-05-10 21:04:30,a2401,a2401,4739.0,0.0,0.0,0.0,99,4736.0,4743.0,1,4769.0,4774.0,4779.0,4739.0,426.0,20281320.0,6386
2023-05-10 21:04:31,a2401,a2401,4739.0,0.0,0.0,0.0,6,4737.0,4743.0,1,4769.0,4774.0,4779.0,4739.0,426.0,20281320.0,6386
2023-05-10 21:04:32,a2401,a2401,4739.0,0.0,0.0,0.0,28,4738.0,4743.0,1,4769.0,4774.0,4779.0,4739.0,426.0,20281320.0,6386
2023-05-10 21:04:32,a2401,a2401,4739.0,0.0,0.0,0.0,2,4732.0,4744.0,2,4769.0,4774.0,4779.0,4739.0,426.0,20281320.0,6386
2023-05-10 21:04:33,a2401,a2401,4739.0,0.0,0.0,0.0,6,4736.0,4744.0,2,4769.0,4774.0,4779.0,4739.0,426.0,20281320.0,6386
2023-05-10 21:04:34,a2401,a2401,4739.0,0.0,0.0,0.0,28,4737.0,4744.0,2,4769.0,4774.0,4779.0,4739.0,426.0,20281320.0,6386
2023-05-10 21:04:34,a2401,a2401,4737.0,4.0,189480.0,0.0,24,4737.0,4744.0,2,4769.0,4774.0,4779.0,4737.0,430.0,20470800.0,6386
2023-05-10 21:04:35,a2401,a2401,4739.0,1.0,47390.0,0.0,1,4735.0,4744.0,2,4769.0,4774.0,4779.0,4737.0,431.0,20518190.0,6386
2023-05-10 21:04:35,a2401,a2401,4739.0,0.0,0.0,0.0,80,4736.0,4744.0,2,4769.0,4774.0,4779.0,4737.0,431.0,20518190.0,6386
2023-05-10 21:04:36,a2401,a2401,4739.0,0.0,0.0,0.0,80,4736.0,4744.0,8,4769.0,4774.0,4779.0,4737.0,431.0,20518190.0,6386
2023-05-10 21:04:36,a2401,a2401,4739.0,0.0,0.0,0.0,75,4736.0,4743.0,1,4769.0,4774.0,4779.0,4737.0,431.0,20518190.0,6386
2023-05-10 21:04:37,a2401,a2401,4739.0,0.0,0.0,0.0,1,4734.0,4742.0,3,4769.0,4774.0,4779.0,4737.0,431.0,20518190.0,6386
2023-05-10 21:04:37,a2401,a2401,4739.0,0.0,0.0,0.0,37,4735.0,4742.0,3,4769.0,4774.0,4779.0,4737.0,431.0,20518190.0,6386
2023-05-10 21:04:40,a2401,a2401,4739.0,0.0,0.0,0.0,43,4735.0,4742.0,3,4769.0,4774.0,4779.0,4737.0,431.0,20518190.0,6386
2023-05-10 21:04:40,a2401,a2401,4739.0,0.0,0.0,0.0,43,4735.0,4743.0,1,4769.0,4774.0,4779.0,4737.0,431.0,20518190.0,6386
2023-05-10 21:04:41,a2401,a2401,4739.0,0.0,0.0,0.0,6,4736.0,4743.0,1,4769.0,4774.0,4779.0,4737.0,431.0,20518190.0,6386
2023-05-10 21:04:41,a2401,a2401,4739.0,0.0,0.0,0.0,1,4736.0,4743.0,1,4769.0,4774.0,4779.0,4737.0,431.0,20518190.0,6386
2023-05-10 21:04:42,a2401,a2401,4739.0,0.0,0.0,0.0,25,4737.0,4744.0,10,4769.0,4774.0,4779.0,4737.0,431.0,20518190.0,6386
2023-05-10 21:04:45,a2401,a2401,4739.0,0.0,0.0,0.0,24,4737.0,4744.0,8,4769.0,4774.0,4779.0,4737.0,431.0,20518190.0,6386
2023-05-10 21:04:45,a2401,a2401,4739.0,0.0,0.0,0.0,1,4735.0,4744.0,8,4769.0,4774.0,4779.0,4737.0,431.0,20518190.0,6386
2023-05-10 21:04:46,a2401,a2401,4739.0,0.0,0.0,0.0,19,4736.0,4744.0,8,4769.0,4774.0,4779.0,4737.0,431.0,20518190.0,6386
2023-05-10 21:04:47,a2401,a2401,4739.0,0.0,0.0,0.0,1,4734.0,4742.0,3,4769.0,4774.0,4779.0,4737.0,431.0,20518190.0,6386
2023-05-10 21:04:48,a2401,a2401,4739.0,0.0,0.0,0.0,97,4735.0,4742.0,3,4769.0,4774.0,4779.0,4737.0,431.0,20518190.0,6386
2023-05-10 21:04:48,a2401,a2401,4739.0,0.0,0.0,0.0,103,4735.0,4743.0,1,4769.0,4774.0,4779.0,4737.0,431.0,20518190.0,6386
2023-05-10 21:04:49,a2401,a2401,4739.0,0.0,0.0,0.0,1,4736.0,4743.0,1,4769.0,4774.0,4779.0,4737.0,431.0,20518190.0,6386
2023-05-10 21:04:49,a2401,a2401,4739.0,0.0,0.0,0.0,5,4736.0,4743.0,1,4769.0,4774.0,4779.0,4737.0,431.0,20518190.0,6386
2023-05-10 21:04:50,a2401,a2401,4739.0,0.0,0.0,0.0,1,4730.0,4743.0,2,4769.0,4774.0,4779.0,4737.0,431.0,20518190.0,6386
2023-05-10 21:04:50,a2401,a2401,4739.0,0.0,0.0,0.0,6,4735.0,4743.0,2,4769.0,4774.0,4779.0,4737.0,431.0,20518190.0,6386
2023-05-10 21:04:51,a2401,a2401,4739.0,0.0,0.0,0.0,53,4736.0,4743.0,2,4769.0,4774.0,4779.0,4737.0,431.0,20518190.0,6386
2023-05-10 21:04:56,a2401,a2401,4739.0,0.0,0.0,0.0,1,4734.0,4743.0,2,4769.0,4774.0,4779.0,4737.0,431.0,20518190.0,6386
2023-05-10 21:04:56,a2401,a2401,4739.0,0.0,0.0,0.0,97,4735.0,4743.0,2,4769.0,4774.0,4779.0,4737.0,431.0,20518190.0,6386
2023-05-10 21:04:58,a2401,a2401,4739.0,0.0,0.0,0.0,1,4737.0,4743.0,3,4769.0,4774.0,4779.0,4737.0,431.0,20518190.0,6386
2023-05-10 21:04:59,a2401,a2401,4739.0,0.0,0.0,0.0,6,4737.0,4743.0,1,4769.0,4774.0,4779.0,4737.0,431.0,20518190.0,6386
2023-05-10 21:04:59,a2401,a2401,4739.0,0.0,0.0,0.0,24,4738.0,4744.0,9,4769.0,4774.0,4779.0,4737.0,431.0,20518190.0,6386
2023-05-10 21:05:00,a2401,a2401,4739.0,0.0,0.0,0.0,2,4731.0,4744.0,9,4769.0,4774.0,4779.0,4737.0,431.0,20518190.0,6386
2023-05-10 21:05:00,a2401,a2401,4739.0,0.0,0.0,0.0,10,4739.0,4744.0,8,4769.0,4774.0,4779.0,4737.0,431.0,20518190.0,6386
2023-05-10 21:05:01,a2401,a2401,4739.0,0.0,0.0,0.0,1,4737.0,4741.0,2,4769.0,4774.0,4779.0,4737.0,431.0,20518190.0,6386
2023-05-10 21:05:01,a2401,a2401,4741.0,2.0,94800.0,2.0,45,4738.0,4744.0,9,4769.0,4774.0,4779.0,4737.0,433.0,20612990.0,6388
2023-05-10 21:05:02,a2401,a2401,4741.0,0.0,0.0,0.0,51,4738.0,4744.0,7,4769.0,4774.0,4779.0,4737.0,433.0,20612990.0,6388
2023-05-10 21:05:03,a2401,a2401,4741.0,0.0,0.0,0.0,8,4739.0,4744.0,7,4769.0,4774.0,4779.0,4737.0,433.0,20612990.0,6388
2023-05-10 21:05:03,a2401,a2401,4741.0,0.0,0.0,0.0,6,4740.0,4744.0,7,4769.0,4774.0,4779.0,4737.0,433.0,20612990.0,6388
2023-05-10 21:05:04,a2401,a2401,4744.0,7.0,332080.0,0.0,1,4742.0,4749.0,3,4769.0,4774.0,4779.0,4737.0,440.0,20945070.0,6388
2023-05-10 21:05:04,a2401,a2401,4744.0,0.0,0.0,0.0,1,4742.0,4748.0,1,4769.0,4774.0,4779.0,4737.0,440.0,20945070.0,6388
2023-05-10 21:05:05,a2401,a2401,4744.0,0.0,0.0,0.0,1,4743.0,4749.0,1,4769.0,4774.0,4779.0,4737.0,440.0,20945070.0,6388
2023-05-10 21:05:05,a2401,a2401,4744.0,0.0,0.0,0.0,12,4743.0,4749.0,1,4769.0,4774.0,4779.0,4737.0,440.0,20945070.0,6388
2023-05-10 21:05:06,a2401,a2401,4744.0,0.0,0.0,0.0,1,4745.0,4749.0,1,4769.0,4774.0,4779.0,4737.0,440.0,20945070.0,6388
2023-05-10 21:05:09,a2401,a2401,4744.0,0.0,0.0,0.0,2,4745.0,4749.0,1,4769.0,4774.0,4779.0,4737.0,440.0,20945070.0,6388
2023-05-10 21:05:13,a2401,a2401,4744.0,0.0,0.0,0.0,1,4745.0,4749.0,1,4769.0,4774.0,4779.0,4737.0,440.0,20945070.0,6388
2023-05-10 21:05:13,a2401,a2401,4744.0,0.0,0.0,0.0,2,4743.0,4749.0,2,4769.0,4774.0,4779.0,4737.0,440.0,20945070.0,6388
2023-05-10 21:05:14,a2401,a2401,4744.0,0.0,0.0,0.0,2,4743.0,4749.0,4,4769.0,4774.0,4779.0,4737.0,440.0,20945070.0,6388
2023-05-10 21:05:16,a2401,a2401,4744.0,0.0,0.0,0.0,2,4743.0,4749.0,3,4769.0,4774.0,4779.0,4737.0,440.0,20945070.0,6388
2023-05-10 21:05:17,a2401,a2401,4744.0,0.0,0.0,0.0,2,4743.0,4749.0,1,4769.0,4774.0,4779.0,4737.0,440.0,20945070.0,6388
2023-05-10 21:05:19,a2401,a2401,4744.0,0.0,0.0,0.0,8,4743.0,4749.0,1,4769.0,4774.0,4779.0,4737.0,440.0,20945070.0,6388
2023-05-10 21:05:19,a2401,a2401,4744.0,0.0,0.0,0.0,9,4744.0,4749.0,1,4769.0,4774.0,4779.0,4737.0,440.0,20945070.0,6388
2023-05-10 21:05:20,a2401,a2401,4744.0,0.0,0.0,0.0,2,4745.0,4749.0,1,4769.0,4774.0,4779.0,4737.0,440.0,20945070.0,6388
2023-05-10 21:05:20,a2401,a2401,4744.0,0.0,0.0,0.0,1,4743.0,4749.0,2,4769.0,4774.0,4779.0,4737.0,440.0,20945070.0,6388
2023-05-10 21:05:21,a2401,a2401,4744.0,0.0,0.0,0.0,1,4744.0,4749.0,2,4769.0,4774.0,4779.0,4737.0,440.0,20945070.0,6388
2023-05-10 21:05:22,a2401,a2401,4744.0,0.0,0.0,0.0,1,4742.0,4749.0,2,4769.0,4774.0,4779.0,4737.0,440.0,20945070.0,6388
2023-05-10 21:05:22,a2401,a2401,4744.0,0.0,0.0,0.0,2,4742.0,4749.0,2,4769.0,4774.0,4779.0,4737.0,440.0,20945070.0,6388
2023-05-10 21:05:25,a2401,a2401,4744.0,0.0,0.0,0.0,2,4742.0,4749.0,4,4769.0,4774.0,4779.0,4737.0,440.0,20945070.0,6388
2023-05-10 21:05:25,a2401,a2401,4742.0,2.0,94840.0,0.0,1,4736.0,4749.0,4,4769.0,4774.0,4779.0,4737.0,442.0,21039910.0,6388
2023-05-10 21:05:26,a2401,a2401,4742.0,0.0,0.0,0.0,3,4742.0,4747.0,1,4769.0,4774.0,4779.0,4737.0,442.0,21039910.0,6388
2023-05-10 21:05:26,a2401,a2401,4742.0,0.0,0.0,0.0,3,4742.0,4749.0,4,4769.0,4774.0,4779.0,4737.0,442.0,21039910.0,6388
2023-05-10 21:05:27,a2401,a2401,4742.0,0.0,0.0,0.0,3,4742.0,4747.0,1,4769.0,4774.0,4779.0,4737.0,442.0,21039910.0,6388
2023-05-10 21:05:27,a2401,a2401,4742.0,0.0,0.0,0.0,8,4743.0,4749.0,5,4769.0,4774.0,4779.0,4737.0,442.0,21039910.0,6388
2023-05-10 21:05:28,a2401,a2401,4742.0,0.0,0.0,0.0,37,4743.0,4747.0,1,4769.0,4774.0,4779.0,4737.0,442.0,21039910.0,6388
2023-05-10 21:05:29,a2401,a2401,4742.0,0.0,0.0,0.0,3,4742.0,4747.0,1,4769.0,4774.0,4779.0,4737.0,442.0,21039910.0,6388
2023-05-10 21:05:31,a2401,a2401,4742.0,0.0,0.0,0.0,3,4742.0,4747.0,2,4769.0,4774.0,4779.0,4737.0,442.0,21039910.0,6388
2023-05-10 21:05:32,a2401,a2401,4742.0,0.0,0.0,0.0,3,4742.0,4747.0,1,4769.0,4774.0,4779.0,4737.0,442.0,21039910.0,6388
2023-05-10 21:05:32,a2401,a2401,4742.0,0.0,0.0,0.0,6,4743.0,4749.0,4,4769.0,4774.0,4779.0,4737.0,442.0,21039910.0,6388
2023-05-10 21:05:33,a2401,a2401,4742.0,0.0,0.0,0.0,4,4744.0,4749.0,4,4769.0,4774.0,4779.0,4737.0,442.0,21039910.0,6388
2023-05-10 21:05:33,a2401,a2401,4742.0,0.0,0.0,0.0,18,4744.0,4749.0,4,4769.0,4774.0,4779.0,4737.0,442.0,21039910.0,6388
2023-05-10 21:05:34,a2401,a2401,4742.0,0.0,0.0,0.0,3,4744.0,4749.0,4,4769.0,4774.0,4779.0,4737.0,442.0,21039910.0,6388
2023-05-10 21:05:35,a2401,a2401,4742.0,0.0,0.0,0.0,4,4744.0,4749.0,4,4769.0,4774.0,4779.0,4737.0,442.0,21039910.0,6388
2023-05-10 21:05:37,a2401,a2401,4742.0,0.0,0.0,0.0,5,4744.0,4749.0,1,4769.0,4774.0,4779.0,4737.0,442.0,21039910.0,6388
2023-05-10 21:05:37,a2401,a2401,4742.0,0.0,0.0,0.0,6,4745.0,4749.0,1,4769.0,4774.0,4779.0,4737.0,442.0,21039910.0,6388
2023-05-10 21:05:38,a2401,a2401,4742.0,0.0,0.0,0.0,3,4748.0,4749.0,1,4769.0,4774.0,4779.0,4737.0,442.0,21039910.0,6388
2023-05-10 21:05:38,a2401,a2401,4749.0,1.0,47490.0,0.0,3,4748.0,4750.0,1,4769.0,4774.0,4779.0,4737.0,443.0,21087400.0,6388
2023-05-10 21:05:39,a2401,a2401,4750.0,1.0,47500.0,0.0,3,4748.0,4751.0,1,4769.0,4774.0,4779.0,4737.0,444.0,21134900.0,6388
2023-05-10 21:05:40,a2401,a2401,4750.0,0.0,0.0,0.0,3,4748.0,4751.0,2,4769.0,4774.0,4779.0,4737.0,444.0,21134900.0,6388
2023-05-10 21:05:41,a2401,a2401,4750.0,0.0,0.0,0.0,2,4748.0,4751.0,2,4769.0,4774.0,4779.0,4737.0,444.0,21134900.0,6388
2023-05-10 21:05:42,a2401,a2401,4750.0,0.0,0.0,0.0,3,4748.0,4751.0,2,4769.0,4774.0,4779.0,4737.0,444.0,21134900.0,6388
2023-05-10 21:05:49,a2401,a2401,4750.0,0.0,0.0,0.0,3,4748.0,4752.0,1,4769.0,4774.0,4779.0,4737.0,444.0,21134900.0,6388
2023-05-10 21:05:50,a2401,a2401,4750.0,0.0,0.0,0.0,3,4748.0,4753.0,1,4769.0,4774.0,4779.0,4737.0,444.0,21134900.0,6388
2023-05-10 21:05:50,a2401,a2401,4750.0,0.0,0.0,0.0,3,4748.0,4756.0,2,4769.0,4774.0,4779.0,4737.0,444.0,21134900.0,6388
2023-05-10 21:05:51,a2401,a2401,4750.0,0.0,0.0,0.0,3,4748.0,4754.0,3,4769.0,4774.0,4779.0,4737.0,444.0,21134900.0,6388
2023-05-10 21:05:52,a2401,a2401,4750.0,0.0,0.0,0.0,3,4748.0,4754.0,1,4769.0,4774.0,4779.0,4737.0,444.0,21134900.0,6388
2023-05-10 21:05:54,a2401,a2401,4750.0,0.0,0.0,0.0,3,4748.0,4752.0,1,4769.0,4774.0,4779.0,4737.0,444.0,21134900.0,6388
2023-05-10 21:05:56,a2401,a2401,4750.0,0.0,0.0,0.0,1,4749.0,4752.0,1,4769.0,4774.0,4779.0,4737.0,444.0,21134900.0,6388
2023-05-10 21:05:57,a2401,a2401,4752.0,1.0,47520.0,0.0,2,4752.0,4755.0,1,4769.0,4774.0,4779.0,4737.0,445.0,21182420.0,6388
2023-05-10 21:05:59,a2401,a2401,4752.0,0.0,0.0,0.0,2,4752.0,4756.0,1,4769.0,4774.0,4779.0,4737.0,445.0,21182420.0,6388
2023-05-10 21:06:02,a2401,a2401,4752.0,0.0,0.0,0.0,2,4752.0,4757.0,1,4769.0,4774.0,4779.0,4737.0,445.0,21182420.0,6388
2023-05-10 21:06:02,a2401,a2401,4752.0,0.0,0.0,0.0,2,4752.0,4757.0,3,4769.0,4774.0,4779.0,4737.0,445.0,21182420.0,6388
2023-05-10 21:06:03,a2401,a2401,4752.0,0.0,0.0,0.0,2,4752.0,4756.0,1,4769.0,4774.0,4779.0,4737.0,445.0,21182420.0,6388
2023-05-10 21:06:03,a2401,a2401,4752.0,0.0,0.0,0.0,2,4752.0,4755.0,1,4769.0,4774.0,4779.0,4737.0,445.0,21182420.0,6388
2023-05-10 21:06:06,a2401,a2401,4752.0,0.0,0.0,0.0,2,4752.0,4755.0,3,4769.0,4774.0,4779.0,4737.0,445.0,21182420.0,6388
2023-05-10 21:06:07,a2401,a2401,4752.0,0.0,0.0,0.0,2,4750.0,4755.0,4,4769.0,4774.0,4779.0,4737.0,445.0,21182420.0,6388
2023-05-10 21:06:07,a2401,a2401,4752.0,0.0,0.0,0.0,2,4750.0,4755.0,9,4769.0,4774.0,4779.0,4737.0,445.0,21182420.0,6388
2023-05-10 21:06:09,a2401,a2401,4752.0,0.0,0.0,0.0,2,4750.0,4755.0,7,4769.0,4774.0,4779.0,4737.0,445.0,21182420.0,6388
2023-05-10 21:06:09,a2401,a2401,4752.0,0.0,0.0,0.0,2,4750.0,4755.0,1,4769.0,4774.0,4779.0,4737.0,445.0,21182420.0,6388
2023-05-10 21:06:13,a2401,a2401,4752.0,0.0,0.0,0.0,3,4750.0,4755.0,1,4769.0,4774.0,4779.0,4737.0,445.0,21182420.0,6388
2023-05-10 21:06:22,a2401,a2401,4752.0,0.0,0.0,0.0,3,4750.0,4755.0,2,4769.0,4774.0,4779.0,4737.0,445.0,21182420.0,6388
2023-05-10 21:06:27,a2401,a2401,4752.0,0.0,0.0,0.0,3,4750.0,4754.0,1,4769.0,4774.0,4779.0,4737.0,445.0,21182420.0,6388
2023-05-10 21:06:28,a2401,a2401,4752.0,0.0,0.0,0.0,3,4750.0,4754.0,2,4769.0,4774.0,4779.0,4737.0,445.0,21182420.0,6388
2023-05-10 21:06:28,a2401,a2401,4752.0,0.0,0.0,0.0,3,4750.0,4754.0,3,4769.0,4774.0,4779.0,4737.0,445.0,21182420.0,6388
2023-05-10 21:06:37,a2401,a2401,4752.0,0.0,0.0,0.0,3,4750.0,4754.0,2,4769.0,4774.0,4779.0,4737.0,445.0,21182420.0,6388
2023-05-10 21:06:41,a2401,a2401,4752.0,0.0,0.0,0.0,3,4750.0,4753.0,2,4769.0,4774.0,4779.0,4737.0,445.0,21182420.0,6388
2023-05-10 21:06:48,a2401,a2401,4752.0,0.0,0.0,0.0,3,4750.0,4753.0,3,4769.0,4774.0,4779.0,4737.0,445.0,21182420.0,6388
2023-05-10 21:06:49,a2401,a2401,4752.0,0.0,0.0,0.0,3,4750.0,4752.0,1,4769.0,4774.0,4779.0,4737.0,445.0,21182420.0,6388
2023-05-10 21:06:50,a2401,a2401,4752.0,0.0,0.0,0.0,3,4750.0,4753.0,2,4769.0,4774.0,4779.0,4737.0,445.0,21182420.0,6388
2023-05-10 21:06:53,a2401,a2401,4752.0,0.0,0.0,0.0,3,4750.0,4753.0,3,4769.0,4774.0,4779.0,4737.0,445.0,21182420.0,6388
2023-05-10 21:06:57,a2401,a2401,4753.0,6.0,285180.0,-5.0,3,4750.0,4754.0,2,4769.0,4774.0,4779.0,4737.0,451.0,21467600.0,6383
2023-05-10 21:06:57,a2401,a2401,4753.0,0.0,0.0,0.0,3,4750.0,4754.0,3,4769.0,4774.0,4779.0,4737.0,451.0,21467600.0,6383
2023-05-10 21:07:01,a2401,a2401,4753.0,0.0,0.0,0.0,3,4750.0,4753.0,5,4769.0,4774.0,4779.0,4737.0,451.0,21467600.0,6383
2023-05-10 21:07:01,a2401,a2401,4753.0,0.0,0.0,0.0,1,4750.0,4753.0,5,4769.0,4774.0,4779.0,4737.0,451.0,21467600.0,6383
2023-05-10 21:07:01,a2401,a2401,4753.0,0.0,0.0,0.0,1,4750.0,4753.0,6,4769.0,4774.0,4779.0,4737.0,451.0,21467600.0,6383
2023-05-10 21:07:07,a2401,a2401,4753.0,0.0,0.0,0.0,2,4750.0,4753.0,6,4769.0,4774.0,4779.0,4737.0,451.0,21467600.0,6383
2023-05-10 21:07:11,a2401,a2401,4753.0,0.0,0.0,0.0,2,4750.0,4752.0,1,4769.0,4774.0,4779.0,4737.0,451.0,21467600.0,6383
2023-05-10 21:07:12,a2401,a2401,4753.0,0.0,0.0,0.0,2,4750.0,4753.0,7,4769.0,4774.0,4779.0,4737.0,451.0,21467600.0,6383
2023-05-10 21:07:13,a2401,a2401,4750.0,2.0,95000.0,1.0,1,4748.0,4750.0,48,4769.0,4774.0,4779.0,4737.0,453.0,21562600.0,6384
2023-05-10 21:07:14,a2401,a2401,4748.0,10.0,474960.0,8.0,3,4747.0,4750.0,40,4769.0,4774.0,4779.0,4737.0,463.0,22037560.0,6392
2023-05-10 21:07:15,a2401,a2401,4748.0,0.0,0.0,0.0,2,4747.0,4750.0,40,4769.0,4774.0,4779.0,4737.0,463.0,22037560.0,6392
2023-05-10 21:07:16,a2401,a2401,4748.0,0.0,0.0,0.0,2,4745.0,4749.0,1,4769.0,4774.0,4779.0,4737.0,463.0,22037560.0,6392
2023-05-10 21:07:16,a2401,a2401,4748.0,0.0,0.0,0.0,3,4745.0,4749.0,1,4769.0,4774.0,4779.0,4737.0,463.0,22037560.0,6392
2023-05-10 21:07:17,a2401,a2401,4748.0,0.0,0.0,0.0,4,4745.0,4749.0,1,4769.0,4774.0,4779.0,4737.0,463.0,22037560.0,6392
2023-05-10 21:07:17,a2401,a2401,4748.0,0.0,0.0,0.0,3,4745.0,4749.0,1,4769.0,4774.0,4779.0,4737.0,463.0,22037560.0,6392
2023-05-10 21:07:23,a2401,a2401,4748.0,0.0,0.0,0.0,2,4745.0,4749.0,1,4769.0,4774.0,4779.0,4737.0,463.0,22037560.0,6392
2023-05-10 21:07:24,a2401,a2401,4748.0,0.0,0.0,0.0,3,4745.0,4749.0,1,4769.0,4774.0,4779.0,4737.0,463.0,22037560.0,6392
2023-05-10 21:07:25,a2401,a2401,4748.0,0.0,0.0,0.0,2,4745.0,4749.0,1,4769.0,4774.0,4779.0,4737.0,463.0,22037560.0,6392
2023-05-10 21:07:26,a2401,a2401,4748.0,0.0,0.0,0.0,3,4745.0,4749.0,1,4769.0,4774.0,4779.0,4737.0,463.0,22037560.0,6392
2023-05-10 21:07:27,a2401,a2401,4748.0,0.0,0.0,0.0,4,4745.0,4749.0,1,4769.0,4774.0,4779.0,4737.0,463.0,22037560.0,6392
2023-05-10 21:07:28,a2401,a2401,4748.0,0.0,0.0,0.0,2,4745.0,4749.0,1,4769.0,4774.0,4779.0,4737.0,463.0,22037560.0,6392
2023-05-10 21:07:32,a2401,a2401,4748.0,0.0,0.0,0.0,1,4746.0,4749.0,1,4769.0,4774.0,4779.0,4737.0,463.0,22037560.0,6392
2023-05-10 21:07:34,a2401,a2401,4748.0,0.0,0.0,0.0,1,4747.0,4749.0,1,4769.0,4774.0,4779.0,4737.0,463.0,22037560.0,6392
2023-05-10 21:07:35,a2401,a2401,4749.0,1.0,47490.0,0.0,2,4747.0,4751.0,2,4769.0,4774.0,4779.0,4737.0,464.0,22085050.0,6392
2023-05-10 21:07:35,a2401,a2401,4749.0,0.0,0.0,0.0,1,4748.0,4751.0,3,4769.0,4774.0,4779.0,4737.0,464.0,22085050.0,6392
2023-05-10 21:07:37,a2401,a2401,4749.0,0.0,0.0,0.0,1,4749.0,4751.0,3,4769.0,4774.0,4779.0,4737.0,464.0,22085050.0,6392
2023-05-10 21:07:37,a2401,a2401,4749.0,0.0,0.0,0.0,2,4748.0,4751.0,3,4769.0,4774.0,4779.0,4737.0,464.0,22085050.0,6392
2023-05-10 21:07:38,a2401,a2401,4749.0,0.0,0.0,0.0,1,4749.0,4751.0,3,4769.0,4774.0,4779.0,4737.0,464.0,22085050.0,6392
2023-05-10 21:07:41,a2401,a2401,4749.0,0.0,0.0,0.0,1,4748.0,4751.0,3,4769.0,4774.0,4779.0,4737.0,464.0,22085050.0,6392
2023-05-10 21:07:42,a2401,a2401,4749.0,0.0,0.0,0.0,2,4745.0,4751.0,3,4769.0,4774.0,4779.0,4737.0,464.0,22085050.0,6392
2023-05-10 21:07:42,a2401,a2401,4749.0,0.0,0.0,0.0,1,4746.0,4751.0,3,4769.0,4774.0,4779.0,4737.0,464.0,22085050.0,6392
2023-05-10 21:07:43,a2401,a2401,4749.0,0.0,0.0,0.0,1,4747.0,4751.0,3,4769.0,4774.0,4779.0,4737.0,464.0,22085050.0,6392
2023-05-10 21:07:44,a2401,a2401,4749.0,0.0,0.0,0.0,5,4747.0,4751.0,3,4769.0,4774.0,4779.0,4737.0,464.0,22085050.0,6392
2023-05-10 21:07:51,a2401,a2401,4749.0,0.0,0.0,0.0,1,4746.0,4751.0,3,4769.0,4774.0,4779.0,4737.0,464.0,22085050.0,6392
2023-05-10 21:07:56,a2401,a2401,4749.0,0.0,0.0,0.0,5,4745.0,4751.0,3,4769.0,4774.0,4779.0,4737.0,464.0,22085050.0,6392
2023-05-10 21:07:56,a2401,a2401,4749.0,0.0,0.0,0.0,1,4746.0,4751.0,3,4769.0,4774.0,4779.0,4737.0,464.0,22085050.0,6392
2023-05-10 21:07:59,a2401,a2401,4749.0,0.0,0.0,0.0,1,4747.0,4751.0,3,4769.0,4774.0,4779.0,4737.0,464.0,22085050.0,6392
2023-05-10 21:07:59,a2401,a2401,4749.0,0.0,0.0,0.0,1,4746.0,4751.0,3,4769.0,4774.0,4779.0,4737.0,464.0,22085050.0,6392
2023-05-10 21:08:04,a2401,a2401,4746.0,1.0,47460.0,1.0,5,4745.0,4751.0,3,4769.0,4774.0,4779.0,4737.0,465.0,22132510.0,6393
2023-05-10 21:08:04,a2401,a2401,4746.0,0.0,0.0,0.0,1,4746.0,4751.0,3,4769.0,4774.0,4779.0,4737.0,465.0,22132510.0,6393
2023-05-10 21:08:08,a2401,a2401,4746.0,0.0,0.0,0.0,1,4746.0,4751.0,4,4769.0,4774.0,4779.0,4737.0,465.0,22132510.0,6393
2023-05-10 21:08:09,a2401,a2401,4746.0,0.0,0.0,0.0,1,4746.0,4751.0,3,4769.0,4774.0,4779.0,4737.0,465.0,22132510.0,6393
2023-05-10 21:08:16,a2401,a2401,4746.0,0.0,0.0,0.0,1,4746.0,4750.0,1,4769.0,4774.0,4779.0,4737.0,465.0,22132510.0,6393
2023-05-10 21:08:21,a2401,a2401,4746.0,0.0,0.0,0.0,1,4746.0,4750.0,2,4769.0,4774.0,4779.0,4737.0,465.0,22132510.0,6393
2023-05-10 21:08:24,a2401,a2401,4746.0,0.0,0.0,0.0,1,4747.0,4750.0,2,4769.0,4774.0,4779.0,4737.0,465.0,22132510.0,6393
2023-05-10 21:08:29,a2401,a2401,4746.0,0.0,0.0,0.0,1,4747.0,4750.0,1,4769.0,4774.0,4779.0,4737.0,465.0,22132510.0,6393
2023-05-10 21:08:30,a2401,a2401,4746.0,0.0,0.0,0.0,1,4749.0,4750.0,1,4769.0,4774.0,4779.0,4737.0,465.0,22132510.0,6393
2023-05-10 21:08:31,a2401,a2401,4751.0,2.0,95010.0,1.0,1,4747.0,4751.0,1,4769.0,4774.0,4779.0,4737.0,467.0,22227520.0,6394
2023-05-10 21:08:31,a2401,a2401,4751.0,0.0,0.0,0.0,2,4748.0,4751.0,1,4769.0,4774.0,4779.0,4737.0,467.0,22227520.0,6394
2023-05-10 21:08:32,a2401,a2401,4751.0,0.0,0.0,0.0,1,4749.0,4751.0,1,4769.0,4774.0,4779.0,4737.0,467.0,22227520.0,6394
2023-05-10 21:08:34,a2401,a2401,4751.0,0.0,0.0,0.0,1,4748.0,4751.0,1,4769.0,4774.0,4779.0,4737.0,467.0,22227520.0,6394
2023-05-10 21:08:34,a2401,a2401,4751.0,0.0,0.0,0.0,2,4748.0,4751.0,1,4769.0,4774.0,4779.0,4737.0,467.0,22227520.0,6394
2023-05-10 21:08:38,a2401,a2401,4751.0,0.0,0.0,0.0,1,4749.0,4751.0,1,4769.0,4774.0,4779.0,4737.0,467.0,22227520.0,6394
2023-05-10 21:08:46,a2401,a2401,4751.0,0.0,0.0,0.0,1,4749.0,4751.0,2,4769.0,4774.0,4779.0,4737.0,467.0,22227520.0,6394
2023-05-10 21:08:49,a2401,a2401,4751.0,0.0,0.0,0.0,1,4748.0,4751.0,2,4769.0,4774.0,4779.0,4737.0,467.0,22227520.0,6394
2023-05-10 21:08:51,a2401,a2401,4751.0,0.0,0.0,0.0,6,4747.0,4751.0,2,4769.0,4774.0,4779.0,4737.0,467.0,22227520.0,6394
2023-05-10 21:08:53,a2401,a2401,4751.0,0.0,0.0,0.0,1,4746.0,4751.0,2,4769.0,4774.0,4779.0,4737.0,467.0,22227520.0,6394
2023-05-10 21:08:54,a2401,a2401,4751.0,0.0,0.0,0.0,6,4746.0,4751.0,3,4769.0,4774.0,4779.0,4737.0,467.0,22227520.0,6394
2023-05-10 21:08:54,a2401,a2401,4746.0,5.0,237300.0,0.0,1,4743.0,4751.0,4,4769.0,4774.0,4779.0,4737.0,472.0,22464820.0,6394
2023-05-10 21:08:55,a2401,a2401,4746.0,0.0,0.0,0.0,1,4745.0,4746.0,1,4769.0,4774.0,4779.0,4737.0,472.0,22464820.0,6394
2023-05-10 21:08:56,a2401,a2401,4746.0,1.0,47460.0,1.0,1,4745.0,4751.0,3,4769.0,4774.0,4779.0,4737.0,473.0,22512280.0,6395
2023-05-10 21:09:00,a2401,a2401,4746.0,0.0,0.0,0.0,1,4746.0,4751.0,3,4769.0,4774.0,4779.0,4737.0,473.0,22512280.0,6395
2023-05-10 21:09:00,a2401,a2401,4746.0,0.0,0.0,0.0,1,4745.0,4751.0,3,4769.0,4774.0,4779.0,4737.0,473.0,22512280.0,6395
2023-05-10 21:09:00,a2401,a2401,4746.0,0.0,0.0,0.0,1,4746.0,4751.0,3,4769.0,4774.0,4779.0,4737.0,473.0,22512280.0,6395
2023-05-10 21:09:02,a2401,a2401,4746.0,0.0,0.0,0.0,1,4745.0,4751.0,2,4769.0,4774.0,4779.0,4737.0,473.0,22512280.0,6395
2023-05-10 21:09:02,a2401,a2401,4746.0,0.0,0.0,0.0,2,4744.0,4751.0,2,4769.0,4774.0,4779.0,4737.0,473.0,22512280.0,6395
2023-05-10 21:09:04,a2401,a2401,4746.0,0.0,0.0,0.0,1,4744.0,4751.0,2,4769.0,4774.0,4779.0,4737.0,473.0,22512280.0,6395
2023-05-10 21:09:04,a2401,a2401,4746.0,0.0,0.0,0.0,2,4744.0,4751.0,2,4769.0,4774.0,4779.0,4737.0,473.0,22512280.0,6395
2023-05-10 21:09:04,a2401,a2401,4746.0,0.0,0.0,0.0,1,4744.0,4751.0,2,4769.0,4774.0,4779.0,4737.0,473.0,22512280.0,6395
2023-05-10 21:09:06,a2401,a2401,4746.0,0.0,0.0,0.0,2,4744.0,4751.0,2,4769.0,4774.0,4779.0,4737.0,473.0,22512280.0,6395
2023-05-10 21:09:07,a2401,a2401,4744.0,2.0,94880.0,-1.0,1,4744.0,4748.0,2,4769.0,4774.0,4779.0,4737.0,475.0,22607160.0,6394
2023-05-10 21:09:07,a2401,a2401,4744.0,0.0,0.0,0.0,1,4745.0,4748.0,2,4769.0,4774.0,4779.0,4737.0,475.0,22607160.0,6394
2023-05-10 21:09:22,a2401,a2401,4746.0,1.0,47460.0,0.0,1,4746.0,4748.0,2,4769.0,4774.0,4779.0,4737.0,476.0,22654620.0,6394
2023-05-10 21:09:23,a2401,a2401,4746.0,0.0,0.0,0.0,1,4744.0,4748.0,2,4769.0,4774.0,4779.0,4737.0,476.0,22654620.0,6394
2023-05-10 21:09:23,a2401,a2401,4746.0,0.0,0.0,0.0,1,4745.0,4748.0,2,4769.0,4774.0,4779.0,4737.0,476.0,22654620.0,6394
2023-05-10 21:09:26,a2401,a2401,4746.0,0.0,0.0,0.0,1,4746.0,4748.0,2,4769.0,4774.0,4779.0,4737.0,476.0,22654620.0,6394
2023-05-10 21:09:27,a2401,a2401,4746.0,0.0,0.0,0.0,1,4745.0,4748.0,2,4769.0,4774.0,4779.0,4737.0,476.0,22654620.0,6394
2023-05-10 21:09:28,a2401,a2401,4746.0,0.0,0.0,0.0,2,4745.0,4748.0,2,4769.0,4774.0,4779.0,4737.0,476.0,22654620.0,6394
2023-05-10 21:09:34,a2401,a2401,4745.0,2.0,94900.0,1.0,3,4743.0,4748.0,2,4769.0,4774.0,4779.0,4737.0,478.0,22749520.0,6395
2023-05-10 21:09:34,a2401,a2401,4745.0,0.0,0.0,0.0,2,4744.0,4748.0,3,4769.0,4774.0,4779.0,4737.0,478.0,22749520.0,6395
2023-05-10 21:09:41,a2401,a2401,4745.0,0.0,0.0,0.0,3,4743.0,4748.0,3,4769.0,4774.0,4779.0,4737.0,478.0,22749520.0,6395
2023-05-10 21:09:43,a2401,a2401,4745.0,0.0,0.0,0.0,3,4743.0,4748.0,2,4769.0,4774.0,4779.0,4737.0,478.0,22749520.0,6395
2023-05-10 21:09:54,a2401,a2401,4745.0,0.0,0.0,0.0,1,4744.0,4748.0,2,4769.0,4774.0,4779.0,4737.0,478.0,22749520.0,6395
2023-05-10 21:09:57,a2401,a2401,4745.0,0.0,0.0,0.0,1,4744.0,4748.0,3,4769.0,4774.0,4779.0,4737.0,478.0,22749520.0,6395
2023-05-10 21:10:01,a2401,a2401,4744.0,1.0,47440.0,0.0,1,4741.0,4746.0,2,4769.0,4774.0,4779.0,4737.0,479.0,22796960.0,6395
2023-05-10 21:10:01,a2401,a2401,4744.0,0.0,0.0,0.0,1,4741.0,4746.0,3,4769.0,4774.0,4779.0,4737.0,479.0,22796960.0,6395
2023-05-10 21:10:04,a2401,a2401,4744.0,0.0,0.0,0.0,1,4741.0,4746.0,2,4769.0,4774.0,4779.0,4737.0,479.0,22796960.0,6395
2023-05-10 21:10:06,a2401,a2401,4744.0,0.0,0.0,0.0,1,4741.0,4745.0,1,4769.0,4774.0,4779.0,4737.0,479.0,22796960.0,6395
2023-05-10 21:10:06,a2401,a2401,4744.0,0.0,0.0,0.0,6,4742.0,4745.0,1,4769.0,4774.0,4779.0,4737.0,479.0,22796960.0,6395
2023-05-10 21:10:09,a2401,a2401,4744.0,0.0,0.0,0.0,1,4741.0,4745.0,1,4769.0,4774.0,4779.0,4737.0,479.0,22796960.0,6395
2023-05-10 21:10:10,a2401,a2401,4744.0,0.0,0.0,0.0,4,4742.0,4745.0,1,4769.0,4774.0,4779.0,4737.0,479.0,22796960.0,6395
2023-05-10 21:10:10,a2401,a2401,4744.0,0.0,0.0,0.0,1,4741.0,4745.0,1,4769.0,4774.0,4779.0,4737.0,479.0,22796960.0,6395
2023-05-10 21:10:11,a2401,a2401,4744.0,0.0,0.0,0.0,4,4742.0,4745.0,1,4769.0,4774.0,4779.0,4737.0,479.0,22796960.0,6395
2023-05-10 21:10:12,a2401,a2401,4744.0,0.0,0.0,0.0,1,4741.0,4745.0,1,4769.0,4774.0,4779.0,4737.0,479.0,22796960.0,6395
2023-05-10 21:10:14,a2401,a2401,4744.0,0.0,0.0,0.0,4,4742.0,4745.0,1,4769.0,4774.0,4779.0,4737.0,479.0,22796960.0,6395
2023-05-10 21:10:17,a2401,a2401,4744.0,0.0,0.0,0.0,1,4741.0,4745.0,1,4769.0,4774.0,4779.0,4737.0,479.0,22796960.0,6395
2023-05-10 21:10:24,a2401,a2401,4744.0,0.0,0.0,0.0,1,4741.0,4745.0,5,4769.0,4774.0,4779.0,4737.0,479.0,22796960.0,6395
2023-05-10 21:10:29,a2401,a2401,4744.0,1.0,47440.0,0.0,1,4741.0,4745.0,5,4769.0,4774.0,4779.0,4737.0,480.0,22844400.0,6395
2023-05-10 21:10:41,a2401,a2401,4744.0,0.0,0.0,0.0,8,4742.0,4745.0,5,4769.0,4774.0,4779.0,4737.0,480.0,22844400.0,6395
2023-05-10 21:10:46,a2401,a2401,4744.0,0.0,0.0,0.0,9,4742.0,4745.0,5,4769.0,4774.0,4779.0,4737.0,480.0,22844400.0,6395
2023-05-10 21:10:46,a2401,a2401,4744.0,0.0,0.0,0.0,8,4742.0,4745.0,5,4769.0,4774.0,4779.0,4737.0,480.0,22844400.0,6395
2023-05-10 21:10:48,a2401,a2401,4744.0,1.0,47440.0,0.0,8,4742.0,4745.0,5,4769.0,4774.0,4779.0,4737.0,481.0,22891840.0,6395
2023-05-10 21:10:49,a2401,a2401,4744.0,0.0,0.0,0.0,9,4742.0,4745.0,5,4769.0,4774.0,4779.0,4737.0,481.0,22891840.0,6395
2023-05-10 21:10:50,a2401,a2401,4747.0,6.0,284720.0,4.0,1,4743.0,4746.0,1,4769.0,4774.0,4779.0,4737.0,487.0,23176560.0,6399
2023-05-10 21:10:50,a2401,a2401,4747.0,1.0,47470.0,1.0,3,4744.0,4748.0,2,4769.0,4774.0,4779.0,4737.0,488.0,23224030.0,6400
2023-05-10 21:10:51,a2401,a2401,4747.0,0.0,0.0,0.0,21,4744.0,4748.0,2,4769.0,4774.0,4779.0,4737.0,488.0,23224030.0,6400
2023-05-10 21:10:58,a2401,a2401,4747.0,0.0,0.0,0.0,1,4745.0,4748.0,2,4769.0,4774.0,4779.0,4737.0,488.0,23224030.0,6400
2023-05-10 21:11:01,a2401,a2401,4747.0,0.0,0.0,0.0,1,4745.0,4751.0,1,4769.0,4774.0,4779.0,4737.0,488.0,23224030.0,6400
2023-05-10 21:11:01,a2401,a2401,4747.0,0.0,0.0,0.0,2,4745.0,4750.0,2,4769.0,4774.0,4779.0,4737.0,488.0,23224030.0,6400
2023-05-10 21:11:02,a2401,a2401,4747.0,0.0,0.0,0.0,19,4746.0,4750.0,2,4769.0,4774.0,4779.0,4737.0,488.0,23224030.0,6400
2023-05-10 21:11:02,a2401,a2401,4747.0,0.0,0.0,0.0,20,4746.0,4750.0,2,4769.0,4774.0,4779.0,4737.0,488.0,23224030.0,6400
2023-05-10 21:11:02,a2401,a2401,4747.0,0.0,0.0,0.0,1,4747.0,4750.0,2,4769.0,4774.0,4779.0,4737.0,488.0,23224030.0,6400
2023-05-10 21:11:03,a2401,a2401,4750.0,1.0,47500.0,1.0,2,4746.0,4751.0,2,4769.0,4774.0,4779.0,4737.0,489.0,23271530.0,6401
2023-05-10 21:11:03,a2401,a2401,4750.0,0.0,0.0,0.0,52,4747.0,4751.0,2,4769.0,4774.0,4779.0,4737.0,489.0,23271530.0,6401
2023-05-10 21:11:04,a2401,a2401,4750.0,0.0,0.0,0.0,53,4747.0,4751.0,2,4769.0,4774.0,4779.0,4737.0,489.0,23271530.0,6401
2023-05-10 21:11:14,a2401,a2401,4750.0,0.0,0.0,0.0,2,4746.0,4751.0,2,4769.0,4774.0,4779.0,4737.0,489.0,23271530.0,6401
2023-05-10 21:11:17,a2401,a2401,4750.0,0.0,0.0,0.0,4,4747.0,4751.0,1,4769.0,4774.0,4779.0,4737.0,489.0,23271530.0,6401
2023-05-10 21:11:18,a2401,a2401,4751.0,1.0,47510.0,-1.0,2,4746.0,4753.0,7,4769.0,4774.0,4779.0,4737.0,490.0,23319040.0,6400
2023-05-10 21:11:18,a2401,a2401,4751.0,0.0,0.0,0.0,2,4746.0,4753.0,9,4769.0,4774.0,4779.0,4737.0,490.0,23319040.0,6400
2023-05-10 21:11:20,a2401,a2401,4751.0,0.0,0.0,0.0,1,4747.0,4753.0,9,4769.0,4774.0,4779.0,4737.0,490.0,23319040.0,6400
2023-05-10 21:11:20,a2401,a2401,4751.0,0.0,0.0,0.0,1,4747.0,4753.0,7,4769.0,4774.0,4779.0,4737.0,490.0,23319040.0,6400
2023-05-10 21:11:22,a2401,a2401,4751.0,0.0,0.0,0.0,2,4747.0,4753.0,7,4769.0,4774.0,4779.0,4737.0,490.0,23319040.0,6400
2023-05-10 21:11:23,a2401,a2401,4751.0,0.0,0.0,0.0,1,4747.0,4753.0,7,4769.0,4774.0,4779.0,4737.0,490.0,23319040.0,6400
2023-05-10 21:11:26,a2401,a2401,4751.0,0.0,0.0,0.0,1,4746.0,4753.0,7,4769.0,4774.0,4779.0,4737.0,490.0,23319040.0,6400
2023-05-10 21:11:30,a2401,a2401,4751.0,0.0,0.0,0.0,2,4746.0,4753.0,7,4769.0,4774.0,4779.0,4737.0,490.0,23319040.0,6400
2023-05-10 21:11:58,a2401,a2401,4751.0,0.0,0.0,0.0,1,4747.0,4753.0,7,4769.0,4774.0,4779.0,4737.0,490.0,23319040.0,6400
2023-05-10 21:12:00,a2401,a2401,4751.0,0.0,0.0,0.0,2,4747.0,4753.0,7,4769.0,4774.0,4779.0,4737.0,490.0,23319040.0,6400
2023-05-10 21:12:10,a2401,a2401,4751.0,0.0,0.0,0.0,1,4747.0,4753.0,7,4769.0,4774.0,4779.0,4737.0,490.0,23319040.0,6400
2023-05-10 21:12:15,a2401,a2401,4751.0,0.0,0.0,0.0,1,4747.0,4752.0,4,4769.0,4774.0,4779.0,4737.0,490.0,23319040.0,6400
2023-05-10 21:12:15,a2401,a2401,4751.0,0.0,0.0,0.0,1,4748.0,4752.0,4,4769.0,4774.0,4779.0,4737.0,490.0,23319040.0,6400
2023-05-10 21:12:16,a2401,a2401,4751.0,0.0,0.0,0.0,1,4749.0,4752.0,4,4769.0,4774.0,4779.0,4737.0,490.0,23319040.0,6400
2023-05-10 21:12:18,a2401,a2401,4751.0,0.0,0.0,0.0,1,4749.0,4752.0,3,4769.0,4774.0,4779.0,4737.0,490.0,23319040.0,6400
2023-05-10 21:12:22,a2401,a2401,4751.0,0.0,0.0,0.0,1,4749.0,4752.0,2,4769.0,4774.0,4779.0,4737.0,490.0,23319040.0,6400
2023-05-10 21:12:22,a2401,a2401,4751.0,0.0,0.0,0.0,1,4749.0,4752.0,1,4769.0,4774.0,4779.0,4737.0,490.0,23319040.0,6400
2023-05-10 21:12:26,a2401,a2401,4751.0,0.0,0.0,0.0,1,4750.0,4752.0,1,4769.0,4774.0,4779.0,4737.0,490.0,23319040.0,6400
2023-05-10 21:12:27,a2401,a2401,4751.0,0.0,0.0,0.0,1,4751.0,4752.0,1,4769.0,4774.0,4779.0,4737.0,490.0,23319040.0,6400
2023-05-10 21:12:28,a2401,a2401,4751.0,0.0,0.0,0.0,1,4750.0,4752.0,1,4769.0,4774.0,4779.0,4737.0,490.0,23319040.0,6400
2023-05-10 21:12:29,a2401,a2401,4751.0,0.0,0.0,0.0,2,4750.0,4752.0,1,4769.0,4774.0,4779.0,4737.0,490.0,23319040.0,6400
2023-05-10 21:12:31,a2401,a2401,4752.0,1.0,47520.0,0.0,2,4750.0,4752.0,1,4769.0,4774.0,4779.0,4737.0,491.0,23366560.0,6400
2023-05-10 21:12:33,a2401,a2401,4750.0,2.0,95000.0,-2.0,1,4740.0,4752.0,3,4769.0,4774.0,4779.0,4737.0,493.0,23461560.0,6398
2023-05-10 21:12:34,a2401,a2401,4750.0,0.0,0.0,0.0,1,4748.0,4752.0,4,4769.0,4774.0,4779.0,4737.0,493.0,23461560.0,6398
2023-05-10 21:12:42,a2401,a2401,4750.0,0.0,0.0,0.0,1,4748.0,4752.0,2,4769.0,4774.0,4779.0,4737.0,493.0,23461560.0,6398
2023-05-10 21:12:43,a2401,a2401,4748.0,1.0,47480.0,1.0,2,4747.0,4752.0,2,4769.0,4774.0,4779.0,4737.0,494.0,23509040.0,6399
2023-05-10 21:12:44,a2401,a2401,4748.0,0.0,0.0,0.0,2,4747.0,4750.0,1,4769.0,4774.0,4779.0,4737.0,494.0,23509040.0,6399
2023-05-10 21:12:44,a2401,a2401,4750.0,1.0,47500.0,-1.0,2,4747.0,4750.0,1,4769.0,4774.0,4779.0,4737.0,495.0,23556540.0,6398
2023-05-10 21:12:45,a2401,a2401,4750.0,0.0,0.0,0.0,1,4750.0,4751.0,2,4769.0,4774.0,4779.0,4737.0,495.0,23556540.0,6398
2023-05-10 21:13:07,a2401,a2401,4750.0,0.0,0.0,0.0,1,4750.0,4751.0,4,4769.0,4774.0,4779.0,4737.0,495.0,23556540.0,6398
2023-05-10 21:13:08,a2401,a2401,4750.0,1.0,47500.0,-1.0,2,4747.0,4751.0,4,4769.0,4774.0,4779.0,4737.0,496.0,23604040.0,6397
2023-05-10 21:13:09,a2401,a2401,4750.0,0.0,0.0,0.0,2,4747.0,4751.0,2,4769.0,4774.0,4779.0,4737.0,496.0,23604040.0,6397
2023-05-10 21:13:09,a2401,a2401,4750.0,0.0,0.0,0.0,2,4747.0,4750.0,2,4769.0,4774.0,4779.0,4737.0,496.0,23604040.0,6397
2023-05-10 21:13:12,a2401,a2401,4750.0,0.0,0.0,0.0,2,4747.0,4749.0,2,4769.0,4774.0,4779.0,4737.0,496.0,23604040.0,6397
2023-05-10 21:13:14,a2401,a2401,4750.0,0.0,0.0,0.0,2,4747.0,4751.0,2,4769.0,4774.0,4779.0,4737.0,496.0,23604040.0,6397
2023-05-10 21:13:14,a2401,a2401,4750.0,0.0,0.0,0.0,2,4747.0,4751.0,1,4769.0,4774.0,4779.0,4737.0,496.0,23604040.0,6397
2023-05-10 21:13:14,a2401,a2401,4750.0,0.0,0.0,0.0,2,4747.0,4751.0,2,4769.0,4774.0,4779.0,4737.0,496.0,23604040.0,6397
2023-05-10 21:14:56,a2401,a2401,4750.0,0.0,0.0,0.0,8,4741.0,4751.0,2,4769.0,4774.0,4779.0,4737.0,496.0,23604040.0,6397
2023-05-10 21:14:56,a2401,a2401,4750.0,0.0,0.0,0.0,2,4745.0,4751.0,2,4769.0,4774.0,4779.0,4737.0,496.0,23604040.0,6397
2023-05-10 21:14:58,a2401,a2401,4750.0,0.0,0.0,0.0,2,4745.0,4751.0,8,4769.0,4774.0,4779.0,4737.0,496.0,23604040.0,6397
2023-05-10 21:14:58,a2401,a2401,4750.0,0.0,0.0,0.0,3,4745.0,4748.0,1,4769.0,4774.0,4779.0,4737.0,496.0,23604040.0,6397
2023-05-10 21:14:58,a2401,a2401,4750.0,0.0,0.0,0.0,3,4745.0,4748.0,2,4769.0,4774.0,4779.0,4737.0,496.0,23604040.0,6397
2023-05-10 21:15:01,a2401,a2401,4750.0,0.0,0.0,0.0,2,4745.0,4748.0,2,4769.0,4774.0,4779.0,4737.0,496.0,23604040.0,6397
2023-05-10 21:15:01,a2401,a2401,4750.0,0.0,0.0,0.0,3,4745.0,4748.0,2,4769.0,4774.0,4779.0,4737.0,496.0,23604040.0,6397
2023-05-10 21:15:05,a2401,a2401,4750.0,0.0,0.0,0.0,2,4745.0,4748.0,2,4769.0,4774.0,4779.0,4737.0,496.0,23604040.0,6397
2023-05-10 21:15:09,a2401,a2401,4750.0,0.0,0.0,0.0,2,4745.0,4748.0,1,4769.0,4774.0,4779.0,4737.0,496.0,23604040.0,6397
2023-05-10 21:15:11,a2401,a2401,4750.0,0.0,0.0,0.0,2,4745.0,4748.0,2,4769.0,4774.0,4779.0,4737.0,496.0,23604040.0,6397
2023-05-10 21:15:21,a2401,a2401,4750.0,0.0,0.0,0.0,2,4745.0,4747.0,1,4769.0,4774.0,4779.0,4737.0,496.0,23604040.0,6397
2023-05-10 21:15:22,a2401,a2401,4746.0,1.0,47460.0,1.0,2,4745.0,4747.0,1,4769.0,4774.0,4779.0,4737.0,497.0,23651500.0,6398
2023-05-10 21:15:28,a2401,a2401,4747.0,1.0,47470.0,0.0,2,4745.0,4748.0,2,4769.0,4774.0,4779.0,4737.0,498.0,23698970.0,6398
2023-05-10 21:15:29,a2401,a2401,4747.0,0.0,0.0,0.0,5,4741.0,4748.0,2,4769.0,4774.0,4779.0,4737.0,498.0,23698970.0,6398
2023-05-10 21:15:29,a2401,a2401,4747.0,0.0,0.0,0.0,3,4743.0,4748.0,2,4769.0,4774.0,4779.0,4737.0,498.0,23698970.0,6398
2023-05-10 21:15:32,a2401,a2401,4747.0,0.0,0.0,0.0,3,4743.0,4747.0,1,4769.0,4774.0,4779.0,4737.0,498.0,23698970.0,6398
2023-05-10 21:15:34,a2401,a2401,4747.0,0.0,0.0,0.0,1,4744.0,4747.0,1,4769.0,4774.0,4779.0,4737.0,498.0,23698970.0,6398
2023-05-10 21:15:35,a2401,a2401,4747.0,1.0,47470.0,0.0,2,4743.0,4748.0,2,4769.0,4774.0,4779.0,4737.0,499.0,23746440.0,6398
2023-05-10 21:15:35,a2401,a2401,4747.0,0.0,0.0,0.0,4,4743.0,4748.0,2,4769.0,4774.0,4779.0,4737.0,499.0,23746440.0,6398
2023-05-10 21:15:38,a2401,a2401,4747.0,0.0,0.0,0.0,5,4743.0,4747.0,1,4769.0,4774.0,4779.0,4737.0,499.0,23746440.0,6398
2023-05-10 21:15:43,a2401,a2401,4747.0,0.0,0.0,0.0,1,4744.0,4747.0,1,4769.0,4774.0,4779.0,4737.0,499.0,23746440.0,6398
2023-05-10 21:15:44,a2401,a2401,4747.0,1.0,47470.0,0.0,4,4743.0,4748.0,2,4769.0,4774.0,4779.0,4737.0,500.0,23793910.0,6398
2023-05-10 21:15:44,a2401,a2401,4747.0,0.0,0.0,0.0,5,4743.0,4748.0,2,4769.0,4774.0,4779.0,4737.0,500.0,23793910.0,6398
2023-05-10 21:15:46,a2401,a2401,4747.0,0.0,0.0,0.0,1,4744.0,4748.0,2,4769.0,4774.0,4779.0,4737.0,500.0,23793910.0,6398
2023-05-10 21:15:47,a2401,a2401,4747.0,0.0,0.0,0.0,1,4744.0,4746.0,1,4769.0,4774.0,4779.0,4737.0,500.0,23793910.0,6398
2023-05-10 21:15:47,a2401,a2401,4746.0,1.0,47460.0,0.0,1,4744.0,4748.0,2,4769.0,4774.0,4779.0,4737.0,501.0,23841370.0,6398
2023-05-10 21:15:58,a2401,a2401,4746.0,0.0,0.0,0.0,1,4744.0,4747.0,2,4769.0,4774.0,4779.0,4737.0,501.0,23841370.0,6398
2023-05-10 21:16:00,a2401,a2401,4746.0,0.0,0.0,0.0,1,4744.0,4746.0,1,4769.0,4774.0,4779.0,4737.0,501.0,23841370.0,6398
2023-05-10 21:16:01,a2401,a2401,4746.0,1.0,47460.0,-1.0,1,4744.0,4747.0,3,4769.0,4774.0,4779.0,4737.0,502.0,23888830.0,6397
2023-05-10 21:16:01,a2401,a2401,4747.0,1.0,47470.0,0.0,1,4744.0,4747.0,2,4769.0,4774.0,4779.0,4737.0,503.0,23936300.0,6397
2023-05-10 21:16:02,a2401,a2401,4747.0,0.0,0.0,0.0,4,4743.0,4747.0,2,4769.0,4774.0,4779.0,4737.0,503.0,23936300.0,6397
2023-05-10 21:16:02,a2401,a2401,4747.0,0.0,0.0,0.0,5,4743.0,4747.0,1,4769.0,4774.0,4779.0,4737.0,503.0,23936300.0,6397
2023-05-10 21:16:03,a2401,a2401,4747.0,0.0,0.0,0.0,1,4744.0,4747.0,2,4769.0,4774.0,4779.0,4737.0,503.0,23936300.0,6397
2023-05-10 21:16:04,a2401,a2401,4747.0,1.0,47470.0,0.0,1,4744.0,4748.0,1,4769.0,4774.0,4779.0,4737.0,504.0,23983770.0,6397
2023-05-10 21:16:38,a2401,a2401,4747.0,0.0,0.0,0.0,3,4740.0,4747.0,1,4769.0,4774.0,4779.0,4737.0,504.0,23983770.0,6397
2023-05-10 21:16:38,a2401,a2401,4747.0,1.0,47470.0,0.0,2,4742.0,4746.0,2,4769.0,4774.0,4779.0,4737.0,505.0,24031240.0,6397
2023-05-10 21:16:39,a2401,a2401,4747.0,0.0,0.0,0.0,1,4742.0,4746.0,2,4769.0,4774.0,4779.0,4737.0,505.0,24031240.0,6397
2023-05-10 21:16:46,a2401,a2401,4747.0,0.0,0.0,0.0,6,4740.0,4746.0,2,4769.0,4774.0,4779.0,4737.0,505.0,24031240.0,6397
2023-05-10 21:16:46,a2401,a2401,4747.0,0.0,0.0,0.0,5,4740.0,4746.0,1,4769.0,4774.0,4779.0,4737.0,505.0,24031240.0,6397
2023-05-10 21:16:47,a2401,a2401,4741.0,1.0,47410.0,1.0,5,4740.0,4743.0,3,4769.0,4774.0,4779.0,4737.0,506.0,24078650.0,6398
2023-05-10 21:16:47,a2401,a2401,4741.0,0.0,0.0,0.0,5,4740.0,4743.0,2,4769.0,4774.0,4779.0,4737.0,506.0,24078650.0,6398
2023-05-10 21:16:47,a2401,a2401,4741.0,0.0,0.0,0.0,6,4740.0,4743.0,2,4769.0,4774.0,4779.0,4737.0,506.0,24078650.0,6398
2023-05-10 21:16:48,a2401,a2401,4743.0,1.0,47430.0,0.0,2,4741.0,4746.0,1,4769.0,4774.0,4779.0,4737.0,507.0,24126080.0,6398
2023-05-10 21:16:49,a2401,a2401,4743.0,0.0,0.0,0.0,1,4741.0,4746.0,2,4769.0,4774.0,4779.0,4737.0,507.0,24126080.0,6398
2023-05-10 21:16:49,a2401,a2401,4743.0,0.0,0.0,0.0,2,4741.0,4746.0,2,4769.0,4774.0,4779.0,4737.0,507.0,24126080.0,6398
2023-05-10 21:16:53,a2401,a2401,4743.0,0.0,0.0,0.0,3,4741.0,4746.0,2,4769.0,4774.0,4779.0,4737.0,507.0,24126080.0,6398
2023-05-10 21:17:03,a2401,a2401,4743.0,0.0,0.0,0.0,2,4742.0,4745.0,3,4769.0,4774.0,4779.0,4737.0,507.0,24126080.0,6398
2023-05-10 21:17:04,a2401,a2401,4745.0,1.0,47450.0,0.0,3,4742.0,4745.0,1,4769.0,4774.0,4779.0,4737.0,508.0,24173530.0,6398
2023-05-10 21:17:04,a2401,a2401,4745.0,1.0,47450.0,0.0,3,4742.0,4746.0,2,4769.0,4774.0,4779.0,4737.0,509.0,24220980.0,6398
2023-05-10 21:17:05,a2401,a2401,4746.0,1.0,47460.0,0.0,3,4742.0,4747.0,1,4769.0,4774.0,4779.0,4737.0,510.0,24268440.0,6398
2023-05-10 21:17:05,a2401,a2401,4746.0,0.0,0.0,0.0,3,4742.0,4746.0,2,4769.0,4774.0,4779.0,4737.0,510.0,24268440.0,6398
2023-05-10 21:17:07,a2401,a2401,4746.0,1.0,47460.0,0.0,1,4743.0,4747.0,1,4769.0,4774.0,4779.0,4737.0,511.0,24315900.0,6398
2023-05-10 21:17:08,a2401,a2401,4746.0,0.0,0.0,0.0,2,4743.0,4748.0,1,4769.0,4774.0,4779.0,4737.0,511.0,24315900.0,6398
2023-05-10 21:17:12,a2401,a2401,4746.0,0.0,0.0,0.0,1,4743.0,4748.0,1,4769.0,4774.0,4779.0,4737.0,511.0,24315900.0,6398
2023-05-10 21:17:14,a2401,a2401,4746.0,0.0,0.0,0.0,1,4743.0,4747.0,1,4769.0,4774.0,4779.0,4737.0,511.0,24315900.0,6398
2023-05-10 21:17:16,a2401,a2401,4746.0,0.0,0.0,0.0,2,4743.0,4747.0,1,4769.0,4774.0,4779.0,4737.0,511.0,24315900.0,6398
2023-05-10 21:17:19,a2401,a2401,4746.0,0.0,0.0,0.0,2,4743.0,4746.0,2,4769.0,4774.0,4779.0,4737.0,511.0,24315900.0,6398
2023-05-10 21:17:19,a2401,a2401,4746.0,1.0,47460.0,0.0,2,4743.0,4748.0,1,4769.0,4774.0,4779.0,4737.0,512.0,24363360.0,6398
2023-05-10 21:17:24,a2401,a2401,4746.0,0.0,0.0,0.0,1,4744.0,4748.0,1,4769.0,4774.0,4779.0,4737.0,512.0,24363360.0,6398
2023-05-10 21:17:35,a2401,a2401,4746.0,0.0,0.0,0.0,1,4743.0,4748.0,1,4769.0,4774.0,4779.0,4737.0,512.0,24363360.0,6398
2023-05-10 21:17:45,a2401,a2401,4746.0,0.0,0.0,0.0,2,4743.0,4748.0,1,4769.0,4774.0,4779.0,4737.0,512.0,24363360.0,6398
2023-05-10 21:17:56,a2401,a2401,4746.0,0.0,0.0,0.0,2,4743.0,4747.0,2,4769.0,4774.0,4779.0,4737.0,512.0,24363360.0,6398
2023-05-10 21:18:04,a2401,a2401,4746.0,0.0,0.0,0.0,2,4743.0,4746.0,1,4769.0,4774.0,4779.0,4737.0,512.0,24363360.0,6398
2023-05-10 21:18:04,a2401,a2401,4746.0,0.0,0.0,0.0,2,4743.0,4746.0,2,4769.0,4774.0,4779.0,4737.0,512.0,24363360.0,6398
2023-05-10 21:18:05,a2401,a2401,4746.0,0.0,0.0,0.0,2,4743.0,4746.0,3,4769.0,4774.0,4779.0,4737.0,512.0,24363360.0,6398
2023-05-10 21:18:05,a2401,a2401,4746.0,0.0,0.0,0.0,2,4743.0,4746.0,2,4769.0,4774.0,4779.0,4737.0,512.0,24363360.0,6398
2023-05-10 21:18:10,a2401,a2401,4746.0,0.0,0.0,0.0,2,4743.0,4746.0,3,4769.0,4774.0,4779.0,4737.0,512.0,24363360.0,6398
2023-05-10 21:18:11,a2401,a2401,4746.0,0.0,0.0,0.0,2,4743.0,4746.0,2,4769.0,4774.0,4779.0,4737.0,512.0,24363360.0,6398
2023-05-10 21:18:13,a2401,a2401,4746.0,0.0,0.0,0.0,2,4743.0,4746.0,1,4769.0,4774.0,4779.0,4737.0,512.0,24363360.0,6398
2023-05-10 21:18:14,a2401,a2401,4746.0,0.0,0.0,0.0,3,4743.0,4746.0,1,4769.0,4774.0,4779.0,4737.0,512.0,24363360.0,6398
2023-05-10 21:18:15,a2401,a2401,4746.0,1.0,47460.0,0.0,3,4743.0,4748.0,1,4769.0,4774.0,4779.0,4737.0,513.0,24410820.0,6398
2023-05-10 21:18:19,a2401,a2401,4746.0,0.0,0.0,0.0,1,4744.0,4748.0,1,4769.0,4774.0,4779.0,4737.0,513.0,24410820.0,6398
2023-05-10 21:18:21,a2401,a2401,4746.0,0.0,0.0,0.0,2,4744.0,4748.0,1,4769.0,4774.0,4779.0,4737.0,513.0,24410820.0,6398
2023-05-10 21:18:23,a2401,a2401,4746.0,0.0,0.0,0.0,2,4744.0,4747.0,2,4769.0,4774.0,4779.0,4737.0,513.0,24410820.0,6398
2023-05-10 21:18:23,a2401,a2401,4747.0,1.0,47470.0,0.0,2,4744.0,4748.0,1,4769.0,4774.0,4779.0,4737.0,514.0,24458290.0,6398
2023-05-10 21:18:28,a2401,a2401,4747.0,0.0,0.0,0.0,2,4744.0,4747.0,2,4769.0,4774.0,4779.0,4737.0,514.0,24458290.0,6398
2023-05-10 21:18:51,a2401,a2401,4747.0,0.0,0.0,0.0,1,4744.0,4747.0,2,4769.0,4774.0,4779.0,4737.0,514.0,24458290.0,6398
2023-05-10 21:18:55,a2401,a2401,4747.0,0.0,0.0,0.0,2,4744.0,4747.0,2,4769.0,4774.0,4779.0,4737.0,514.0,24458290.0,6398
2023-05-10 21:19:01,a2401,a2401,4747.0,0.0,0.0,0.0,2,4744.0,4747.0,1,4769.0,4774.0,4779.0,4737.0,514.0,24458290.0,6398
2023-05-10 21:19:02,a2401,a2401,4747.0,0.0,0.0,0.0,3,4744.0,4747.0,1,4769.0,4774.0,4779.0,4737.0,514.0,24458290.0,6398
2023-05-10 21:19:02,a2401,a2401,4747.0,0.0,0.0,0.0,1,4745.0,4747.0,1,4769.0,4774.0,4779.0,4737.0,514.0,24458290.0,6398
2023-05-10 21:19:03,a2401,a2401,4747.0,1.0,47470.0,0.0,3,4740.0,4748.0,2,4769.0,4774.0,4779.0,4737.0,515.0,24505760.0,6398
2023-05-10 21:19:03,a2401,a2401,4747.0,0.0,0.0,0.0,1,4746.0,4749.0,1,4769.0,4774.0,4779.0,4737.0,515.0,24505760.0,6398
2023-05-10 21:19:05,a2401,a2401,4747.0,0.0,0.0,0.0,1,4745.0,4749.0,1,4769.0,4774.0,4779.0,4737.0,515.0,24505760.0,6398
2023-05-10 21:19:06,a2401,a2401,4747.0,0.0,0.0,0.0,1,4744.0,4749.0,1,4769.0,4774.0,4779.0,4737.0,515.0,24505760.0,6398
2023-05-10 21:19:26,a2401,a2401,4747.0,0.0,0.0,0.0,1,4745.0,4749.0,1,4769.0,4774.0,4779.0,4737.0,515.0,24505760.0,6398
2023-05-10 21:19:27,a2401,a2401,4747.0,0.0,0.0,0.0,1,4746.0,4749.0,1,4769.0,4774.0,4779.0,4737.0,515.0,24505760.0,6398
2023-05-10 21:19:45,a2401,a2401,4748.0,1.0,47480.0,0.0,1,4746.0,4749.0,2,4769.0,4774.0,4779.0,4737.0,516.0,24553240.0,6398
2023-05-10 21:19:46,a2401,a2401,4748.0,0.0,0.0,0.0,1,4746.0,4748.0,1,4769.0,4774.0,4779.0,4737.0,516.0,24553240.0,6398
2023-05-10 21:19:56,a2401,a2401,4748.0,0.0,0.0,0.0,1,4746.0,4749.0,2,4769.0,4774.0,4779.0,4737.0,516.0,24553240.0,6398
2023-05-10 21:20:03,a2401,a2401,4748.0,0.0,0.0,0.0,1,4746.0,4748.0,1,4769.0,4774.0,4779.0,4737.0,516.0,24553240.0,6398
2023-05-10 21:20:08,a2401,a2401,4748.0,0.0,0.0,0.0,1,4746.0,4747.0,1,4769.0,4774.0,4779.0,4737.0,516.0,24553240.0,6398
2023-05-10 21:20:11,a2401,a2401,4747.0,1.0,47470.0,0.0,1,4746.0,4748.0,1,4769.0,4774.0,4779.0,4737.0,517.0,24600710.0,6398
2023-05-10 21:20:15,a2401,a2401,4747.0,0.0,0.0,0.0,1,4746.0,4749.0,2,4769.0,4774.0,4779.0,4737.0,517.0,24600710.0,6398
2023-05-10 21:20:33,a2401,a2401,4747.0,0.0,0.0,0.0,1,4746.0,4748.0,1,4769.0,4774.0,4779.0,4737.0,517.0,24600710.0,6398
2023-05-10 21:20:41,a2401,a2401,4747.0,0.0,0.0,0.0,1,4746.0,4749.0,2,4769.0,4774.0,4779.0,4737.0,517.0,24600710.0,6398
2023-05-10 21:20:41,a2401,a2401,4747.0,0.0,0.0,0.0,1,4746.0,4747.0,1,4769.0,4774.0,4779.0,4737.0,517.0,24600710.0,6398
2023-05-10 21:20:42,a2401,a2401,4747.0,1.0,47470.0,0.0,1,4746.0,4749.0,2,4769.0,4774.0,4779.0,4737.0,518.0,24648180.0,6398
2023-05-10 21:20:48,a2401,a2401,4747.0,0.0,0.0,0.0,1,4746.0,4748.0,2,4769.0,4774.0,4779.0,4737.0,518.0,24648180.0,6398
2023-05-10 21:20:56,a2401,a2401,4747.0,0.0,0.0,0.0,1,4746.0,4747.0,2,4769.0,4774.0,4779.0,4737.0,518.0,24648180.0,6398
2023-05-10 21:21:05,a2401,a2401,4747.0,1.0,47470.0,0.0,1,4746.0,4750.0,1,4769.0,4774.0,4779.0,4737.0,519.0,24695650.0,6398
2023-05-10 21:21:11,a2401,a2401,4747.0,0.0,0.0,0.0,1,4746.0,4750.0,2,4769.0,4774.0,4779.0,4737.0,519.0,24695650.0,6398
2023-05-10 21:21:11,a2401,a2401,4747.0,0.0,0.0,0.0,2,4745.0,4750.0,2,4769.0,4774.0,4779.0,4737.0,519.0,24695650.0,6398
2023-05-10 21:21:12,a2401,a2401,4747.0,0.0,0.0,0.0,1,4745.0,4750.0,2,4769.0,4774.0,4779.0,4737.0,519.0,24695650.0,6398
2023-05-10 21:21:12,a2401,a2401,4747.0,0.0,0.0,0.0,1,4745.0,4747.0,2,4769.0,4774.0,4779.0,4737.0,519.0,24695650.0,6398
2023-05-10 21:21:14,a2401,a2401,4747.0,0.0,0.0,0.0,1,4745.0,4746.0,1,4769.0,4774.0,4779.0,4737.0,519.0,24695650.0,6398
2023-05-10 21:21:15,a2401,a2401,4745.0,1.0,47450.0,0.0,1,4744.0,4745.0,1,4769.0,4774.0,4779.0,4737.0,520.0,24743100.0,6398
2023-05-10 21:21:16,a2401,a2401,4745.0,0.0,0.0,0.0,1,4744.0,4746.0,2,4769.0,4774.0,4779.0,4737.0,520.0,24743100.0,6398
2023-05-10 21:21:17,a2401,a2401,4745.0,0.0,0.0,0.0,1,4744.0,4746.0,1,4769.0,4774.0,4779.0,4737.0,520.0,24743100.0,6398
2023-05-10 21:21:18,a2401,a2401,4745.0,0.0,0.0,0.0,1,4744.0,4745.0,1,4769.0,4774.0,4779.0,4737.0,520.0,24743100.0,6398
2023-05-10 21:21:19,a2401,a2401,4745.0,0.0,0.0,0.0,1,4744.0,4745.0,2,4769.0,4774.0,4779.0,4737.0,520.0,24743100.0,6398
2023-05-10 21:21:19,a2401,a2401,4745.0,0.0,0.0,0.0,1,4744.0,4745.0,1,4769.0,4774.0,4779.0,4737.0,520.0,24743100.0,6398
2023-05-10 21:21:20,a2401,a2401,4744.0,1.0,47440.0,0.0,5,4742.0,4746.0,1,4769.0,4774.0,4779.0,4737.0,521.0,24790540.0,6398
2023-05-10 21:21:21,a2401,a2401,4744.0,0.0,0.0,0.0,3,4742.0,4746.0,1,4769.0,4774.0,4779.0,4737.0,521.0,24790540.0,6398
2023-05-10 21:21:25,a2401,a2401,4744.0,0.0,0.0,0.0,4,4742.0,4746.0,5,4769.0,4774.0,4779.0,4737.0,521.0,24790540.0,6398
2023-05-10 21:21:25,a2401,a2401,4744.0,0.0,0.0,0.0,2,4742.0,4746.0,5,4769.0,4774.0,4779.0,4737.0,521.0,24790540.0,6398
2023-05-10 21:21:28,a2401,a2401,4744.0,0.0,0.0,0.0,2,4742.0,4746.0,2,4769.0,4774.0,4779.0,4737.0,521.0,24790540.0,6398
2023-05-10 21:21:28,a2401,a2401,4744.0,0.0,0.0,0.0,3,4741.0,4746.0,1,4769.0,4774.0,4779.0,4737.0,521.0,24790540.0,6398
2023-05-10 21:21:29,a2401,a2401,4741.0,1.0,47410.0,1.0,2,4740.0,4742.0,2,4769.0,4774.0,4779.0,4737.0,522.0,24837950.0,6399
2023-05-10 21:21:30,a2401,a2401,4741.0,0.0,0.0,0.0,3,4740.0,4742.0,2,4769.0,4774.0,4779.0,4737.0,522.0,24837950.0,6399
2023-05-10 21:21:30,a2401,a2401,4742.0,1.0,47420.0,0.0,3,4740.0,4742.0,1,4769.0,4774.0,4779.0,4737.0,523.0,24885370.0,6399
2023-05-10 21:21:31,a2401,a2401,4742.0,1.0,47420.0,0.0,3,4740.0,4744.0,4,4769.0,4774.0,4779.0,4737.0,524.0,24932790.0,6399
2023-05-10 21:21:33,a2401,a2401,4742.0,0.0,0.0,0.0,4,4740.0,4745.0,7,4769.0,4774.0,4779.0,4737.0,524.0,24932790.0,6399
2023-05-10 21:21:33,a2401,a2401,4742.0,0.0,0.0,0.0,3,4740.0,4745.0,7,4769.0,4774.0,4779.0,4737.0,524.0,24932790.0,6399
2023-05-10 21:21:35,a2401,a2401,4742.0,0.0,0.0,0.0,2,4740.0,4745.0,4,4769.0,4774.0,4779.0,4737.0,524.0,24932790.0,6399
2023-05-10 21:21:36,a2401,a2401,4742.0,0.0,0.0,0.0,2,4740.0,4745.0,3,4769.0,4774.0,4779.0,4737.0,524.0,24932790.0,6399
2023-05-10 21:21:36,a2401,a2401,4742.0,0.0,0.0,0.0,2,4740.0,4744.0,2,4769.0,4774.0,4779.0,4737.0,524.0,24932790.0,6399
2023-05-10 21:21:37,a2401,a2401,4742.0,0.0,0.0,0.0,2,4740.0,4744.0,5,4769.0,4774.0,4779.0,4737.0,524.0,24932790.0,6399
2023-05-10 21:21:39,a2401,a2401,4742.0,0.0,0.0,0.0,2,4740.0,4744.0,2,4769.0,4774.0,4779.0,4737.0,524.0,24932790.0,6399
2023-05-10 21:21:39,a2401,a2401,4742.0,2.0,94840.0,1.0,2,4740.0,4744.0,1,4769.0,4774.0,4779.0,4737.0,526.0,25027630.0,6400
2023-05-10 21:21:40,a2401,a2401,4742.0,0.0,0.0,0.0,2,4740.0,4744.0,4,4769.0,4774.0,4779.0,4737.0,526.0,25027630.0,6400
2023-05-10 21:21:40,a2401,a2401,4742.0,0.0,0.0,0.0,2,4740.0,4744.0,3,4769.0,4774.0,4779.0,4737.0,526.0,25027630.0,6400
2023-05-10 21:21:43,a2401,a2401,4742.0,0.0,0.0,0.0,1,4741.0,4744.0,5,4769.0,4774.0,4779.0,4737.0,526.0,25027630.0,6400
2023-05-10 21:21:44,a2401,a2401,4742.0,0.0,0.0,0.0,2,4740.0,4744.0,5,4769.0,4774.0,4779.0,4737.0,526.0,25027630.0,6400
2023-05-10 21:21:44,a2401,a2401,4742.0,0.0,0.0,0.0,3,4740.0,4744.0,5,4769.0,4774.0,4779.0,4737.0,526.0,25027630.0,6400
2023-05-10 21:21:48,a2401,a2401,4742.0,0.0,0.0,0.0,3,4740.0,4744.0,3,4769.0,4774.0,4779.0,4737.0,526.0,25027630.0,6400
2023-05-10 21:21:49,a2401,a2401,4742.0,0.0,0.0,0.0,2,4740.0,4744.0,5,4769.0,4774.0,4779.0,4737.0,526.0,25027630.0,6400
2023-05-10 21:21:52,a2401,a2401,4742.0,0.0,0.0,0.0,2,4740.0,4744.0,6,4769.0,4774.0,4779.0,4737.0,526.0,25027630.0,6400
2023-05-10 21:21:54,a2401,a2401,4742.0,0.0,0.0,0.0,3,4740.0,4744.0,6,4769.0,4774.0,4779.0,4737.0,526.0,25027630.0,6400
2023-05-10 21:21:59,a2401,a2401,4742.0,0.0,0.0,0.0,3,4740.0,4741.0,3,4769.0,4774.0,4779.0,4737.0,526.0,25027630.0,6400
2023-05-10 21:22:00,a2401,a2401,4740.0,3.0,142200.0,0.0,1,4738.0,4741.0,3,4769.0,4774.0,4779.0,4737.0,529.0,25169830.0,6400
2023-05-10 21:22:01,a2401,a2401,4740.0,0.0,0.0,0.0,1,4738.0,4742.0,2,4769.0,4774.0,4779.0,4737.0,529.0,25169830.0,6400
2023-05-10 21:22:01,a2401,a2401,4740.0,0.0,0.0,0.0,1,4738.0,4742.0,4,4769.0,4774.0,4779.0,4737.0,529.0,25169830.0,6400
2023-05-10 21:22:02,a2401,a2401,4740.0,0.0,0.0,0.0,1,4738.0,4742.0,6,4769.0,4774.0,4779.0,4737.0,529.0,25169830.0,6400
2023-05-10 21:22:02,a2401,a2401,4740.0,0.0,0.0,0.0,3,4738.0,4743.0,1,4769.0,4774.0,4779.0,4737.0,529.0,25169830.0,6400
2023-05-10 21:22:03,a2401,a2401,4740.0,0.0,0.0,0.0,1,4739.0,4745.0,4,4769.0,4774.0,4779.0,4737.0,529.0,25169830.0,6400
2023-05-10 21:22:03,a2401,a2401,4740.0,0.0,0.0,0.0,1,4738.0,4744.0,3,4769.0,4774.0,4779.0,4737.0,529.0,25169830.0,6400
2023-05-10 21:22:04,a2401,a2401,4740.0,0.0,0.0,0.0,1,4739.0,4744.0,2,4769.0,4774.0,4779.0,4737.0,529.0,25169830.0,6400
2023-05-10 21:22:04,a2401,a2401,4740.0,0.0,0.0,0.0,1,4739.0,4744.0,4,4769.0,4774.0,4779.0,4737.0,529.0,25169830.0,6400
2023-05-10 21:22:05,a2401,a2401,4740.0,0.0,0.0,0.0,4,4739.0,4745.0,4,4769.0,4774.0,4779.0,4737.0,529.0,25169830.0,6400
2023-05-10 21:22:05,a2401,a2401,4740.0,0.0,0.0,0.0,4,4739.0,4745.0,5,4769.0,4774.0,4779.0,4737.0,529.0,25169830.0,6400
2023-05-10 21:22:08,a2401,a2401,4740.0,0.0,0.0,0.0,1,4740.0,4745.0,5,4769.0,4774.0,4779.0,4737.0,529.0,25169830.0,6400
2023-05-10 21:22:09,a2401,a2401,4740.0,0.0,0.0,0.0,2,4740.0,4745.0,5,4769.0,4774.0,4779.0,4737.0,529.0,25169830.0,6400
2023-05-10 21:22:09,a2401,a2401,4740.0,0.0,0.0,0.0,1,4741.0,4745.0,4,4769.0,4774.0,4779.0,4737.0,529.0,25169830.0,6400
2023-05-10 21:22:09,a2401,a2401,4740.0,0.0,0.0,0.0,1,4741.0,4745.0,5,4769.0,4774.0,4779.0,4737.0,529.0,25169830.0,6400
2023-05-10 21:22:24,a2401,a2401,4740.0,0.0,0.0,0.0,1,4741.0,4745.0,7,4769.0,4774.0,4779.0,4737.0,529.0,25169830.0,6400
2023-05-10 21:22:25,a2401,a2401,4740.0,0.0,0.0,0.0,1,4741.0,4745.0,5,4769.0,4774.0,4779.0,4737.0,529.0,25169830.0,6400
2023-05-10 21:22:25,a2401,a2401,4740.0,0.0,0.0,0.0,2,4741.0,4745.0,3,4769.0,4774.0,4779.0,4737.0,529.0,25169830.0,6400
2023-05-10 21:22:28,a2401,a2401,4740.0,0.0,0.0,0.0,9,4741.0,4745.0,1,4769.0,4774.0,4779.0,4737.0,529.0,25169830.0,6400
2023-05-10 21:22:29,a2401,a2401,4740.0,0.0,0.0,0.0,4,4741.0,4745.0,2,4769.0,4774.0,4779.0,4737.0,529.0,25169830.0,6400
2023-05-10 21:22:30,a2401,a2401,4740.0,0.0,0.0,0.0,4,4741.0,4745.0,4,4769.0,4774.0,4779.0,4737.0,529.0,25169830.0,6400
2023-05-10 21:22:31,a2401,a2401,4740.0,0.0,0.0,0.0,3,4741.0,4745.0,4,4769.0,4774.0,4779.0,4737.0,529.0,25169830.0,6400
2023-05-10 21:22:31,a2401,a2401,4740.0,0.0,0.0,0.0,3,4741.0,4745.0,2,4769.0,4774.0,4779.0,4737.0,529.0,25169830.0,6400
2023-05-10 21:22:31,a2401,a2401,4740.0,0.0,0.0,0.0,4,4741.0,4745.0,2,4769.0,4774.0,4779.0,4737.0,529.0,25169830.0,6400
2023-05-10 21:22:39,a2401,a2401,4740.0,0.0,0.0,0.0,4,4741.0,4745.0,1,4769.0,4774.0,4779.0,4737.0,529.0,25169830.0,6400
2023-05-10 21:22:39,a2401,a2401,4740.0,0.0,0.0,0.0,4,4741.0,4745.0,2,4769.0,4774.0,4779.0,4737.0,529.0,25169830.0,6400
2023-05-10 21:22:45,a2401,a2401,4745.0,1.0,47450.0,0.0,1,4742.0,4746.0,3,4769.0,4774.0,4779.0,4737.0,530.0,25217280.0,6400
2023-05-10 21:22:46,a2401,a2401,4745.0,0.0,0.0,0.0,1,4743.0,4746.0,3,4769.0,4774.0,4779.0,4737.0,530.0,25217280.0,6400
2023-05-10 21:22:53,a2401,a2401,4745.0,0.0,0.0,0.0,1,4743.0,4747.0,3,4769.0,4774.0,4779.0,4737.0,530.0,25217280.0,6400
2023-05-10 21:22:53,a2401,a2401,4745.0,0.0,0.0,0.0,1,4743.0,4747.0,4,4769.0,4774.0,4779.0,4737.0,530.0,25217280.0,6400
2023-05-10 21:22:56,a2401,a2401,4745.0,0.0,0.0,0.0,1,4743.0,4747.0,5,4769.0,4774.0,4779.0,4737.0,530.0,25217280.0,6400
2023-05-10 21:23:29,a2401,a2401,4745.0,0.0,0.0,0.0,1,4743.0,4747.0,4,4769.0,4774.0,4779.0,4737.0,530.0,25217280.0,6400
2023-05-10 21:23:30,a2401,a2401,4745.0,0.0,0.0,0.0,1,4743.0,4747.0,5,4769.0,4774.0,4779.0,4737.0,530.0,25217280.0,6400
2023-05-10 21:23:30,a2401,a2401,4745.0,0.0,0.0,0.0,1,4743.0,4747.0,4,4769.0,4774.0,4779.0,4737.0,530.0,25217280.0,6400
2023-05-10 21:23:33,a2401,a2401,4745.0,0.0,0.0,0.0,1,4743.0,4747.0,3,4769.0,4774.0,4779.0,4737.0,530.0,25217280.0,6400
2023-05-10 21:23:33,a2401,a2401,4745.0,0.0,0.0,0.0,1,4743.0,4747.0,1,4769.0,4774.0,4779.0,4737.0,530.0,25217280.0,6400
2023-05-10 21:24:00,a2401,a2401,4745.0,0.0,0.0,0.0,1,4743.0,4747.0,2,4769.0,4774.0,4779.0,4737.0,530.0,25217280.0,6400
2023-05-10 21:24:00,a2401,a2401,4745.0,0.0,0.0,0.0,1,4743.0,4747.0,5,4769.0,4774.0,4779.0,4737.0,530.0,25217280.0,6400
2023-05-10 21:24:03,a2401,a2401,4745.0,0.0,0.0,0.0,1,4743.0,4747.0,4,4769.0,4774.0,4779.0,4737.0,530.0,25217280.0,6400
2023-05-10 21:24:07,a2401,a2401,4745.0,0.0,0.0,0.0,1,4743.0,4747.0,1,4769.0,4774.0,4779.0,4737.0,530.0,25217280.0,6400
2023-05-10 21:24:19,a2401,a2401,4745.0,0.0,0.0,0.0,1,4743.0,4747.0,3,4769.0,4774.0,4779.0,4737.0,530.0,25217280.0,6400
2023-05-10 21:24:22,a2401,a2401,4745.0,0.0,0.0,0.0,1,4743.0,4747.0,1,4769.0,4774.0,4779.0,4737.0,530.0,25217280.0,6400
2023-05-10 21:24:23,a2401,a2401,4745.0,0.0,0.0,0.0,1,4743.0,4747.0,3,4769.0,4774.0,4779.0,4737.0,530.0,25217280.0,6400
2023-05-10 21:24:25,a2401,a2401,4745.0,0.0,0.0,0.0,1,4743.0,4747.0,1,4769.0,4774.0,4779.0,4737.0,530.0,25217280.0,6400
2023-05-10 21:24:38,a2401,a2401,4745.0,0.0,0.0,0.0,1,4743.0,4747.0,3,4769.0,4774.0,4779.0,4737.0,530.0,25217280.0,6400
2023-05-10 21:25:13,a2401,a2401,4745.0,0.0,0.0,0.0,1,4743.0,4747.0,4,4769.0,4774.0,4779.0,4737.0,530.0,25217280.0,6400
2023-05-10 21:25:36,a2401,a2401,4745.0,0.0,0.0,0.0,1,4743.0,4747.0,3,4769.0,4774.0,4779.0,4737.0,530.0,25217280.0,6400
2023-05-10 21:25:44,a2401,a2401,4745.0,0.0,0.0,0.0,7,4743.0,4747.0,1,4769.0,4774.0,4779.0,4737.0,530.0,25217280.0,6400
2023-05-10 21:25:45,a2401,a2401,4745.0,0.0,0.0,0.0,11,4743.0,4747.0,1,4769.0,4774.0,4779.0,4737.0,530.0,25217280.0,6400
2023-05-10 21:25:53,a2401,a2401,4744.0,1.0,47440.0,0.0,11,4743.0,4747.0,1,4769.0,4774.0,4779.0,4737.0,531.0,25264720.0,6400
2023-05-10 21:25:53,a2401,a2401,4747.0,1.0,47470.0,0.0,10,4743.0,4749.0,2,4769.0,4774.0,4779.0,4737.0,532.0,25312190.0,6400
2023-05-10 21:25:56,a2401,a2401,4747.0,0.0,0.0,0.0,11,4743.0,4749.0,2,4769.0,4774.0,4779.0,4737.0,532.0,25312190.0,6400
2023-05-10 21:25:59,a2401,a2401,4747.0,0.0,0.0,0.0,1,4744.0,4749.0,2,4769.0,4774.0,4779.0,4737.0,532.0,25312190.0,6400
2023-05-10 21:26:00,a2401,a2401,4747.0,0.0,0.0,0.0,1,4745.0,4749.0,2,4769.0,4774.0,4779.0,4737.0,532.0,25312190.0,6400
2023-05-10 21:26:03,a2401,a2401,4747.0,0.0,0.0,0.0,1,4745.0,4749.0,4,4769.0,4774.0,4779.0,4737.0,532.0,25312190.0,6400
2023-05-10 21:26:04,a2401,a2401,4747.0,0.0,0.0,0.0,1,4745.0,4749.0,5,4769.0,4774.0,4779.0,4737.0,532.0,25312190.0,6400
2023-05-10 21:26:13,a2401,a2401,4747.0,0.0,0.0,0.0,1,4745.0,4749.0,1,4769.0,4774.0,4779.0,4737.0,532.0,25312190.0,6400
2023-05-10 21:26:17,a2401,a2401,4747.0,0.0,0.0,0.0,1,4745.0,4751.0,2,4769.0,4774.0,4779.0,4737.0,532.0,25312190.0,6400
2023-05-10 21:26:18,a2401,a2401,4747.0,0.0,0.0,0.0,1,4745.0,4750.0,3,4769.0,4774.0,4779.0,4737.0,532.0,25312190.0,6400
2023-05-10 21:26:28,a2401,a2401,4747.0,0.0,0.0,0.0,6,4745.0,4750.0,3,4769.0,4774.0,4779.0,4737.0,532.0,25312190.0,6400
2023-05-10 21:26:35,a2401,a2401,4747.0,0.0,0.0,0.0,9,4745.0,4750.0,3,4769.0,4774.0,4779.0,4737.0,532.0,25312190.0,6400
2023-05-10 21:26:35,a2401,a2401,4747.0,0.0,0.0,0.0,10,4745.0,4750.0,3,4769.0,4774.0,4779.0,4737.0,532.0,25312190.0,6400
2023-05-10 21:26:36,a2401,a2401,4747.0,0.0,0.0,0.0,3,4745.0,4750.0,1,4769.0,4774.0,4779.0,4737.0,532.0,25312190.0,6400
2023-05-10 21:26:37,a2401,a2401,4747.0,0.0,0.0,0.0,1,4747.0,4751.0,5,4769.0,4774.0,4779.0,4737.0,532.0,25312190.0,6400
2023-05-10 21:26:41,a2401,a2401,4747.0,0.0,0.0,0.0,1,4747.0,4751.0,3,4769.0,4774.0,4779.0,4737.0,532.0,25312190.0,6400
2023-05-10 21:26:42,a2401,a2401,4747.0,0.0,0.0,0.0,1,4747.0,4751.0,4,4769.0,4774.0,4779.0,4737.0,532.0,25312190.0,6400
2023-05-10 21:27:33,a2401,a2401,4747.0,0.0,0.0,0.0,1,4747.0,4748.0,1,4769.0,4774.0,4779.0,4737.0,532.0,25312190.0,6400
2023-05-10 21:27:36,a2401,a2401,4747.0,1.0,47470.0,-1.0,7,4744.0,4748.0,1,4769.0,4774.0,4779.0,4737.0,533.0,25359660.0,6399
2023-05-10 21:27:37,a2401,a2401,4747.0,0.0,0.0,0.0,2,4744.0,4749.0,3,4769.0,4774.0,4779.0,4737.0,533.0,25359660.0,6399
2023-05-10 21:27:37,a2401,a2401,4747.0,0.0,0.0,0.0,2,4744.0,4749.0,1,4769.0,4774.0,4779.0,4737.0,533.0,25359660.0,6399
2023-05-10 21:27:39,a2401,a2401,4747.0,0.0,0.0,0.0,2,4744.0,4749.0,2,4769.0,4774.0,4779.0,4737.0,533.0,25359660.0,6399
2023-05-10 21:27:49,a2401,a2401,4747.0,0.0,0.0,0.0,1,4740.0,4749.0,2,4769.0,4774.0,4779.0,4737.0,533.0,25359660.0,6399
2023-05-10 21:27:49,a2401,a2401,4747.0,0.0,0.0,0.0,2,4742.0,4746.0,2,4769.0,4774.0,4779.0,4737.0,533.0,25359660.0,6399
2023-05-10 21:28:01,a2401,a2401,4747.0,0.0,0.0,0.0,4,4742.0,4746.0,1,4769.0,4774.0,4779.0,4737.0,533.0,25359660.0,6399
2023-05-10 21:28:02,a2401,a2401,4747.0,0.0,0.0,0.0,1,4743.0,4749.0,3,4769.0,4774.0,4779.0,4737.0,533.0,25359660.0,6399
2023-05-10 21:28:02,a2401,a2401,4747.0,0.0,0.0,0.0,10,4742.0,4747.0,3,4769.0,4774.0,4779.0,4737.0,533.0,25359660.0,6399
2023-05-10 21:28:06,a2401,a2401,4747.0,0.0,0.0,0.0,4,4742.0,4747.0,1,4769.0,4774.0,4779.0,4737.0,533.0,25359660.0,6399
2023-05-10 21:28:06,a2401,a2401,4747.0,0.0,0.0,0.0,4,4742.0,4748.0,1,4769.0,4774.0,4779.0,4737.0,533.0,25359660.0,6399
2023-05-10 21:28:08,a2401,a2401,4747.0,0.0,0.0,0.0,11,4742.0,4748.0,1,4769.0,4774.0,4779.0,4737.0,533.0,25359660.0,6399
2023-05-10 21:28:08,a2401,a2401,4747.0,0.0,0.0,0.0,5,4742.0,4748.0,3,4769.0,4774.0,4779.0,4737.0,533.0,25359660.0,6399
2023-05-10 21:28:09,a2401,a2401,4747.0,0.0,0.0,0.0,5,4742.0,4748.0,4,4769.0,4774.0,4779.0,4737.0,533.0,25359660.0,6399
2023-05-10 21:28:09,a2401,a2401,4747.0,0.0,0.0,0.0,3,4742.0,4748.0,4,4769.0,4774.0,4779.0,4737.0,533.0,25359660.0,6399
2023-05-10 21:28:11,a2401,a2401,4747.0,0.0,0.0,0.0,1,4742.0,4748.0,4,4769.0,4774.0,4779.0,4737.0,533.0,25359660.0,6399
2023-05-10 21:28:11,a2401,a2401,4747.0,0.0,0.0,0.0,3,4740.0,4745.0,1,4769.0,4774.0,4779.0,4737.0,533.0,25359660.0,6399
2023-05-10 21:28:12,a2401,a2401,4745.0,1.0,47450.0,-1.0,3,4740.0,4747.0,5,4769.0,4774.0,4779.0,4737.0,534.0,25407110.0,6398
2023-05-10 21:28:12,a2401,a2401,4745.0,0.0,0.0,0.0,3,4740.0,4745.0,3,4769.0,4774.0,4779.0,4737.0,534.0,25407110.0,6398
2023-05-10 21:28:17,a2401,a2401,4745.0,0.0,0.0,0.0,1,4740.0,4743.0,2,4769.0,4774.0,4779.0,4737.0,534.0,25407110.0,6398
2023-05-10 21:28:17,a2401,a2401,4743.0,1.0,47430.0,-1.0,1,4740.0,4743.0,3,4769.0,4774.0,4779.0,4737.0,535.0,25454540.0,6397
2023-05-10 21:28:20,a2401,a2401,4743.0,0.0,0.0,0.0,9,4736.0,4743.0,3,4769.0,4774.0,4779.0,4737.0,535.0,25454540.0,6397
2023-05-10 21:28:20,a2401,a2401,4743.0,0.0,0.0,0.0,11,4736.0,4743.0,3,4769.0,4774.0,4779.0,4737.0,535.0,25454540.0,6397
2023-05-10 21:28:24,a2401,a2401,4743.0,0.0,0.0,0.0,4,4736.0,4743.0,3,4769.0,4774.0,4779.0,4737.0,535.0,25454540.0,6397
2023-05-10 21:28:28,a2401,a2401,4743.0,0.0,0.0,0.0,4,4736.0,4743.0,4,4769.0,4774.0,4779.0,4737.0,535.0,25454540.0,6397
2023-05-10 21:28:29,a2401,a2401,4743.0,0.0,0.0,0.0,8,4737.0,4743.0,4,4769.0,4774.0,4779.0,4737.0,535.0,25454540.0,6397
2023-05-10 21:28:44,a2401,a2401,4743.0,0.0,0.0,0.0,1,4737.0,4743.0,4,4769.0,4774.0,4779.0,4737.0,535.0,25454540.0,6397
2023-05-10 21:28:49,a2401,a2401,4743.0,0.0,0.0,0.0,4,4737.0,4743.0,4,4769.0,4774.0,4779.0,4737.0,535.0,25454540.0,6397
2023-05-10 21:28:51,a2401,a2401,4743.0,0.0,0.0,0.0,5,4737.0,4743.0,3,4769.0,4774.0,4779.0,4737.0,535.0,25454540.0,6397
2023-05-10 21:28:52,a2401,a2401,4743.0,0.0,0.0,0.0,1,4738.0,4743.0,3,4769.0,4774.0,4779.0,4737.0,535.0,25454540.0,6397
2023-05-10 21:28:52,a2401,a2401,4743.0,0.0,0.0,0.0,3,4736.0,4743.0,3,4769.0,4774.0,4779.0,4737.0,535.0,25454540.0,6397
2023-05-10 21:28:53,a2401,a2401,4743.0,0.0,0.0,0.0,7,4737.0,4743.0,3,4769.0,4774.0,4779.0,4737.0,535.0,25454540.0,6397
2023-05-10 21:28:59,a2401,a2401,4743.0,0.0,0.0,0.0,8,4737.0,4743.0,4,4769.0,4774.0,4779.0,4737.0,535.0,25454540.0,6397
2023-05-10 21:29:01,a2401,a2401,4743.0,0.0,0.0,0.0,7,4737.0,4743.0,3,4769.0,4774.0,4779.0,4737.0,535.0,25454540.0,6397
2023-05-10 21:29:01,a2401,a2401,4743.0,0.0,0.0,0.0,7,4737.0,4743.0,4,4769.0,4774.0,4779.0,4737.0,535.0,25454540.0,6397
2023-05-10 21:29:04,a2401,a2401,4743.0,0.0,0.0,0.0,8,4737.0,4743.0,4,4769.0,4774.0,4779.0,4737.0,535.0,25454540.0,6397
2023-05-10 21:29:07,a2401,a2401,4743.0,0.0,0.0,0.0,2,4737.0,4743.0,4,4769.0,4774.0,4779.0,4737.0,535.0,25454540.0,6397
2023-05-10 21:29:07,a2401,a2401,4743.0,0.0,0.0,0.0,7,4737.0,4743.0,4,4769.0,4774.0,4779.0,4737.0,535.0,25454540.0,6397
2023-05-10 21:29:08,a2401,a2401,4743.0,0.0,0.0,0.0,8,4737.0,4743.0,4,4769.0,4774.0,4779.0,4737.0,535.0,25454540.0,6397
2023-05-10 21:29:10,a2401,a2401,4743.0,0.0,0.0,0.0,4,4737.0,4743.0,4,4769.0,4774.0,4779.0,4737.0,535.0,25454540.0,6397
2023-05-10 21:29:11,a2401,a2401,4743.0,0.0,0.0,0.0,7,4737.0,4743.0,4,4769.0,4774.0,4779.0,4737.0,535.0,25454540.0,6397
2023-05-10 21:29:19,a2401,a2401,4743.0,0.0,0.0,0.0,8,4737.0,4743.0,4,4769.0,4774.0,4779.0,4737.0,535.0,25454540.0,6397
2023-05-10 21:29:31,a2401,a2401,4743.0,0.0,0.0,0.0,1,4737.0,4743.0,4,4769.0,4774.0,4779.0,4737.0,535.0,25454540.0,6397
2023-05-10 21:29:31,a2401,a2401,4743.0,0.0,0.0,0.0,11,4736.0,4743.0,6,4769.0,4774.0,4779.0,4737.0,535.0,25454540.0,6397
2023-05-10 21:29:32,a2401,a2401,4743.0,0.0,0.0,0.0,11,4736.0,4743.0,4,4769.0,4774.0,4779.0,4737.0,535.0,25454540.0,6397
2023-05-10 21:29:34,a2401,a2401,4743.0,0.0,0.0,0.0,10,4736.0,4743.0,4,4769.0,4774.0,4779.0,4737.0,535.0,25454540.0,6397
2023-05-10 21:29:36,a2401,a2401,4743.0,0.0,0.0,0.0,4,4736.0,4743.0,6,4769.0,4774.0,4779.0,4737.0,535.0,25454540.0,6397
2023-05-10 21:29:37,a2401,a2401,4743.0,0.0,0.0,0.0,5,4736.0,4743.0,6,4769.0,4774.0,4779.0,4737.0,535.0,25454540.0,6397
2023-05-10 21:29:37,a2401,a2401,4743.0,0.0,0.0,0.0,7,4736.0,4743.0,4,4769.0,4774.0,4779.0,4737.0,535.0,25454540.0,6397
2023-05-10 21:29:40,a2401,a2401,4743.0,0.0,0.0,0.0,1,4737.0,4743.0,4,4769.0,4774.0,4779.0,4737.0,535.0,25454540.0,6397
2023-05-10 21:29:44,a2401,a2401,4743.0,0.0,0.0,0.0,11,4736.0,4743.0,4,4769.0,4774.0,4779.0,4737.0,535.0,25454540.0,6397
2023-05-10 21:29:44,a2401,a2401,4743.0,0.0,0.0,0.0,9,4736.0,4743.0,4,4769.0,4774.0,4779.0,4737.0,535.0,25454540.0,6397
2023-05-10 21:29:44,a2401,a2401,4743.0,0.0,0.0,0.0,11,4736.0,4743.0,4,4769.0,4774.0,4779.0,4737.0,535.0,25454540.0,6397
2023-05-10 21:29:45,a2401,a2401,4743.0,0.0,0.0,0.0,1,4737.0,4743.0,4,4769.0,4774.0,4779.0,4737.0,535.0,25454540.0,6397
2023-05-10 21:29:51,a2401,a2401,4743.0,0.0,0.0,0.0,4,4736.0,4743.0,6,4769.0,4774.0,4779.0,4737.0,535.0,25454540.0,6397
2023-05-10 21:29:52,a2401,a2401,4743.0,0.0,0.0,0.0,4,4736.0,4743.0,7,4769.0,4774.0,4779.0,4737.0,535.0,25454540.0,6397
2023-05-10 21:29:53,a2401,a2401,4743.0,0.0,0.0,0.0,4,4736.0,4743.0,6,4769.0,4774.0,4779.0,4737.0,535.0,25454540.0,6397
2023-05-10 21:29:55,a2401,a2401,4743.0,0.0,0.0,0.0,6,4736.0,4743.0,6,4769.0,4774.0,4779.0,4737.0,535.0,25454540.0,6397
2023-05-10 21:29:58,a2401,a2401,4743.0,0.0,0.0,0.0,11,4736.0,4743.0,6,4769.0,4774.0,4779.0,4737.0,535.0,25454540.0,6397
2023-05-10 21:29:59,a2401,a2401,4743.0,0.0,0.0,0.0,11,4736.0,4743.0,4,4769.0,4774.0,4779.0,4737.0,535.0,25454540.0,6397
2023-05-10 21:29:59,a2401,a2401,4743.0,0.0,0.0,0.0,1,4737.0,4743.0,4,4769.0,4774.0,4779.0,4737.0,535.0,25454540.0,6397
