time,symbol_id,symbol_name,last,trade_volume,trade_amount,open_interest_change,bv1,bp1,ap1,av1,yesterday_close,today_open,today_high,today_low,volume,amount,open_interest
2023-05-10 20:59:00,al2311,al2311,18105.0,0.0,0.0,0.0,2,18000.0,18090.0,7,18105.0,18030.0,0.0,0.0,0.0,0.0,7825
2023-05-10 21:00:01,al2311,al2311,18105.0,0.0,0.0,0.0,1,18005.0,18090.0,7,18105.0,18030.0,0.0,0.0,0.0,0.0,7825
2023-05-10 21:00:01,al2311,al2311,18105.0,0.0,0.0,0.0,3,18010.0,18090.0,8,18105.0,18030.0,0.0,0.0,0.0,0.0,7825
2023-05-10 21:00:02,al2311,al2311,18105.0,0.0,0.0,0.0,3,18010.0,18200.0,7,18105.0,18030.0,0.0,0.0,0.0,0.0,7825
2023-05-10 21:00:02,al2311,al2311,18105.0,0.0,0.0,0.0,3,18015.0,18185.0,2,18105.0,18030.0,0.0,0.0,0.0,0.0,7825
2023-05-10 21:00:03,al2311,al2311,18105.0,0.0,0.0,0.0,4,18015.0,18100.0,1,18105.0,18030.0,0.0,0.0,0.0,0.0,7825
2023-05-10 21:00:03,al2311,al2311,18105.0,0.0,0.0,0.0,4,18015.0,18095.0,2,18105.0,18030.0,0.0,0.0,0.0,0.0,7825
2023-05-10 21:00:04,al2311,al2311,18105.0,0.0,0.0,0.0,4,18015.0,18095.0,2,18105.0,18030.0,0.0,0.0,0.0,0.0,7825
2023-05-10 21:00:04,al2311,al2311,18105.0,0.0,0.0,0.0,3,18020.0,18095.0,2,18105.0,18030.0,0.0,0.0,0.0,0.0,7825
2023-05-10 21:00:05,al2311,al2311,18105.0,0.0,0.0,0.0,33,18025.0,18105.0,1,18105.0,18030.0,0.0,0.0,0.0,0.0,7825
2023-05-10 21:00:05,al2311,al2311,18105.0,0.0,0.0,0.0,34,18025.0,18090.0,1,18105.0,18030.0,0.0,0.0,0.0,0.0,7825
2023-05-10 21:00:06,al2311,al2311,18105.0,0.0,0.0,0.0,1,18030.0,18090.0,1,18105.0,18030.0,0.0,0.0,0.0,0.0,7825
2023-05-10 21:00:06,al2311,al2311,18105.0,0.0,0.0,0.0,4,18035.0,18105.0,2,18105.0,18030.0,0.0,0.0,0.0,0.0,7825
2023-05-10 21:00:07,al2311,al2311,18105.0,0.0,0.0,0.0,10,18035.0,18095.0,1,18105.0,18030.0,0.0,0.0,0.0,0.0,7825
2023-05-10 21:00:07,al2311,al2311,18105.0,0.0,0.0,0.0,1,18070.0,18100.0,2,18105.0,18030.0,0.0,0.0,0.0,0.0,7825
2023-05-10 21:00:08,al2311,al2311,18105.0,0.0,0.0,0.0,2,18040.0,18155.0,1,18105.0,18030.0,0.0,0.0,0.0,0.0,7825
2023-05-10 21:00:08,al2311,al2311,18105.0,0.0,0.0,0.0,8,18045.0,18110.0,1,18105.0,18030.0,0.0,0.0,0.0,0.0,7825
2023-05-10 21:00:09,al2311,al2311,18105.0,0.0,0.0,0.0,12,18050.0,18110.0,3,18105.0,18030.0,0.0,0.0,0.0,0.0,7825
2023-05-10 21:00:09,al2311,al2311,18105.0,0.0,0.0,0.0,1,18055.0,18110.0,3,18105.0,18030.0,0.0,0.0,0.0,0.0,7825
2023-05-10 21:00:10,al2311,al2311,18105.0,0.0,0.0,0.0,3,18060.0,18105.0,1,18105.0,18030.0,0.0,0.0,0.0,0.0,7825
2023-05-10 21:00:10,al2311,al2311,18105.0,0.0,0.0,0.0,23,18065.0,18105.0,2,18105.0,18030.0,0.0,0.0,0.0,0.0,7825
2023-05-10 21:00:11,al2311,al2311,18105.0,0.0,0.0,0.0,23,18065.0,18105.0,4,18105.0,18030.0,0.0,0.0,0.0,0.0,7825
2023-05-10 21:00:11,al2311,al2311,18105.0,0.0,0.0,0.0,23,18065.0,18100.0,1,18105.0,18030.0,0.0,0.0,0.0,0.0,7825
2023-05-10 21:00:12,al2311,al2311,18105.0,0.0,0.0,0.0,2,18060.0,18100.0,1,18105.0,18030.0,0.0,0.0,0.0,0.0,7825
2023-05-10 21:00:13,al2311,al2311,18105.0,0.0,0.0,0.0,1,17970.0,18100.0,1,18105.0,18030.0,0.0,0.0,0.0,0.0,7825
2023-05-10 21:00:13,al2311,al2311,18105.0,0.0,0.0,0.0,1,18030.0,18100.0,1,18105.0,18030.0,0.0,0.0,0.0,0.0,7825
2023-05-10 21:00:14,al2311,al2311,18105.0,0.0,0.0,0.0,9,18035.0,18100.0,1,18105.0,18030.0,0.0,0.0,0.0,0.0,7825
2023-05-10 21:00:14,al2311,al2311,18105.0,0.0,0.0,0.0,46,18035.0,18100.0,1,18105.0,18030.0,0.0,0.0,0.0,0.0,7825
2023-05-10 21:00:15,al2311,al2311,18105.0,0.0,0.0,0.0,6,18040.0,18100.0,1,18105.0,18030.0,0.0,0.0,0.0,0.0,7825
2023-05-10 21:00:15,al2311,al2311,18105.0,0.0,0.0,0.0,13,18045.0,18100.0,1,18105.0,18030.0,0.0,0.0,0.0,0.0,7825
2023-05-10 21:00:16,al2311,al2311,18105.0,0.0,0.0,0.0,6,18050.0,18100.0,1,18105.0,18030.0,0.0,0.0,0.0,0.0,7825
2023-05-10 21:00:16,al2311,al2311,18105.0,0.0,0.0,0.0,1,18055.0,18100.0,1,18105.0,18030.0,0.0,0.0,0.0,0.0,7825
2023-05-10 21:00:17,al2311,al2311,18105.0,0.0,0.0,0.0,1,18060.0,18100.0,3,18105.0,18030.0,0.0,0.0,0.0,0.0,7825
2023-05-10 21:00:17,al2311,al2311,18105.0,0.0,0.0,0.0,2,18060.0,18100.0,3,18105.0,18030.0,0.0,0.0,0.0,0.0,7825
2023-05-10 21:00:18,al2311,al2311,18105.0,0.0,0.0,0.0,2,18060.0,18100.0,3,18105.0,18030.0,0.0,0.0,0.0,0.0,7825
2023-05-10 21:00:19,al2311,al2311,18105.0,0.0,0.0,0.0,2,18060.0,18100.0,5,18105.0,18030.0,0.0,0.0,0.0,0.0,7825
2023-05-10 21:00:19,al2311,al2311,18105.0,0.0,0.0,0.0,4,18040.0,18100.0,5,18105.0,18030.0,0.0,0.0,0.0,0.0,7825
2023-05-10 21:00:20,al2311,al2311,18105.0,0.0,0.0,0.0,13,18045.0,18100.0,5,18105.0,18030.0,0.0,0.0,0.0,0.0,7825
2023-05-10 21:00:20,al2311,al2311,18105.0,0.0,0.0,0.0,8,18050.0,18100.0,5,18105.0,18030.0,0.0,0.0,0.0,0.0,7825
2023-05-10 21:00:21,al2311,al2311,18105.0,0.0,0.0,0.0,14,18050.0,18100.0,5,18105.0,18030.0,0.0,0.0,0.0,0.0,7825
2023-05-10 21:00:21,al2311,al2311,18105.0,0.0,0.0,0.0,14,18050.0,18095.0,1,18105.0,18030.0,0.0,0.0,0.0,0.0,7825
2023-05-10 21:00:22,al2311,al2311,18105.0,0.0,0.0,0.0,14,18055.0,18095.0,1,18105.0,18030.0,0.0,0.0,0.0,0.0,7825
2023-05-10 21:00:23,al2311,al2311,18105.0,0.0,0.0,0.0,1,18070.0,18095.0,1,18105.0,18030.0,0.0,0.0,0.0,0.0,7825
2023-05-10 21:00:23,al2311,al2311,18105.0,0.0,0.0,0.0,1,18070.0,18095.0,1,18105.0,18030.0,0.0,0.0,0.0,0.0,7825
2023-05-10 21:00:24,al2311,al2311,18105.0,0.0,0.0,0.0,1,18070.0,18100.0,3,18105.0,18030.0,0.0,0.0,0.0,0.0,7825
2023-05-10 21:00:24,al2311,al2311,18105.0,0.0,0.0,0.0,2,18050.0,18155.0,1,18105.0,18030.0,0.0,0.0,0.0,0.0,7825
2023-05-10 21:00:25,al2311,al2311,18105.0,0.0,0.0,0.0,1,18055.0,18115.0,3,18105.0,18030.0,0.0,0.0,0.0,0.0,7825
2023-05-10 21:00:25,al2311,al2311,18105.0,0.0,0.0,0.0,1,18055.0,18115.0,5,18105.0,18030.0,0.0,0.0,0.0,0.0,7825
2023-05-10 21:00:26,al2311,al2311,18105.0,0.0,0.0,0.0,35,18060.0,18115.0,5,18105.0,18030.0,0.0,0.0,0.0,0.0,7825
2023-05-10 21:00:26,al2311,al2311,18105.0,0.0,0.0,0.0,36,18060.0,18115.0,5,18105.0,18030.0,0.0,0.0,0.0,0.0,7825
2023-05-10 21:00:27,al2311,al2311,18105.0,0.0,0.0,0.0,36,18060.0,18115.0,5,18105.0,18030.0,0.0,0.0,0.0,0.0,7825
2023-05-10 21:00:27,al2311,al2311,18105.0,0.0,0.0,0.0,36,18060.0,18115.0,3,18105.0,18030.0,0.0,0.0,0.0,0.0,7825
2023-05-10 21:00:28,al2311,al2311,18105.0,0.0,0.0,0.0,36,18060.0,18115.0,5,18105.0,18030.0,0.0,0.0,0.0,0.0,7825
2023-05-10 21:00:28,al2311,al2311,18105.0,0.0,0.0,0.0,4,18065.0,18115.0,6,18105.0,18030.0,0.0,0.0,0.0,0.0,7825
2023-05-10 21:00:29,al2311,al2311,18105.0,0.0,0.0,0.0,1,17970.0,18115.0,6,18105.0,18030.0,0.0,0.0,0.0,0.0,7825
2023-05-10 21:00:29,al2311,al2311,18105.0,0.0,0.0,0.0,2,18055.0,18115.0,4,18105.0,18030.0,0.0,0.0,0.0,0.0,7825
2023-05-10 21:00:30,al2311,al2311,18105.0,0.0,0.0,0.0,11,18060.0,18115.0,4,18105.0,18030.0,0.0,0.0,0.0,0.0,7825
2023-05-10 21:00:30,al2311,al2311,18105.0,0.0,0.0,0.0,5,18065.0,18115.0,4,18105.0,18030.0,0.0,0.0,0.0,0.0,7825
2023-05-10 21:00:31,al2311,al2311,18105.0,0.0,0.0,0.0,8,18065.0,18115.0,4,18105.0,18030.0,0.0,0.0,0.0,0.0,7825
2023-05-10 21:00:31,al2311,al2311,18105.0,0.0,0.0,0.0,8,18065.0,18115.0,4,18105.0,18030.0,0.0,0.0,0.0,0.0,7825
2023-05-10 21:00:32,al2311,al2311,18105.0,0.0,0.0,0.0,8,18065.0,18115.0,3,18105.0,18030.0,0.0,0.0,0.0,0.0,7825
2023-05-10 21:00:32,al2311,al2311,18105.0,0.0,0.0,0.0,8,18065.0,18115.0,3,18105.0,18030.0,0.0,0.0,0.0,0.0,7825
2023-05-10 21:00:33,al2311,al2311,18105.0,0.0,0.0,0.0,8,18065.0,18115.0,3,18105.0,18030.0,0.0,0.0,0.0,0.0,7825
2023-05-10 21:00:33,al2311,al2311,18105.0,0.0,0.0,0.0,8,18065.0,18115.0,2,18105.0,18030.0,0.0,0.0,0.0,0.0,7825
2023-05-10 21:00:34,al2311,al2311,18105.0,0.0,0.0,0.0,1,18070.0,18115.0,2,18105.0,18030.0,0.0,0.0,0.0,0.0,7825
2023-05-10 21:00:34,al2311,al2311,18105.0,0.0,0.0,0.0,1,18050.0,18110.0,1,18105.0,18030.0,0.0,0.0,0.0,0.0,7825
2023-05-10 21:00:35,al2311,al2311,18105.0,0.0,0.0,0.0,34,18055.0,18110.0,1,18105.0,18030.0,0.0,0.0,0.0,0.0,7825
2023-05-10 21:00:35,al2311,al2311,18105.0,0.0,0.0,0.0,39,18055.0,18110.0,1,18105.0,18030.0,0.0,0.0,0.0,0.0,7825
2023-05-10 21:00:36,al2311,al2311,18105.0,0.0,0.0,0.0,5,18060.0,18110.0,1,18105.0,18030.0,0.0,0.0,0.0,0.0,7825
2023-05-10 21:00:36,al2311,al2311,18105.0,0.0,0.0,0.0,15,18065.0,18115.0,2,18105.0,18030.0,0.0,0.0,0.0,0.0,7825
2023-05-10 21:00:37,al2311,al2311,18105.0,0.0,0.0,0.0,11,18070.0,18115.0,2,18105.0,18030.0,0.0,0.0,0.0,0.0,7825
2023-05-10 21:00:37,al2311,al2311,18105.0,0.0,0.0,0.0,7,18075.0,18110.0,1,18105.0,18030.0,0.0,0.0,0.0,0.0,7825
2023-05-10 21:00:38,al2311,al2311,18105.0,0.0,0.0,0.0,2,18055.0,18110.0,1,18105.0,18030.0,0.0,0.0,0.0,0.0,7825
2023-05-10 21:00:38,al2311,al2311,18105.0,0.0,0.0,0.0,43,18060.0,18110.0,1,18105.0,18030.0,0.0,0.0,0.0,0.0,7825
2023-05-10 21:00:39,al2311,al2311,18105.0,0.0,0.0,0.0,43,18060.0,18110.0,1,18105.0,18030.0,0.0,0.0,0.0,0.0,7825
2023-05-10 21:00:41,al2311,al2311,18105.0,0.0,0.0,0.0,41,18060.0,18110.0,1,18105.0,18030.0,0.0,0.0,0.0,0.0,7825
2023-05-10 21:00:41,al2311,al2311,18105.0,0.0,0.0,0.0,41,18060.0,18110.0,3,18105.0,18030.0,0.0,0.0,0.0,0.0,7825
2023-05-10 21:00:42,al2311,al2311,18105.0,0.0,0.0,0.0,40,18060.0,18110.0,5,18105.0,18030.0,0.0,0.0,0.0,0.0,7825
2023-05-10 21:00:43,al2311,al2311,18105.0,0.0,0.0,0.0,1,18050.0,18110.0,6,18105.0,18030.0,0.0,0.0,0.0,0.0,7825
2023-05-10 21:00:43,al2311,al2311,18105.0,0.0,0.0,0.0,36,18055.0,18110.0,6,18105.0,18030.0,0.0,0.0,0.0,0.0,7825
2023-05-10 21:00:44,al2311,al2311,18105.0,0.0,0.0,0.0,36,18055.0,18110.0,6,18105.0,18030.0,0.0,0.0,0.0,0.0,7825
2023-05-10 21:00:44,al2311,al2311,18105.0,0.0,0.0,0.0,36,18055.0,18110.0,4,18105.0,18030.0,0.0,0.0,0.0,0.0,7825
2023-05-10 21:00:45,al2311,al2311,18105.0,0.0,0.0,0.0,14,18060.0,18110.0,4,18105.0,18030.0,0.0,0.0,0.0,0.0,7825
2023-05-10 21:00:45,al2311,al2311,18105.0,0.0,0.0,0.0,14,18060.0,18110.0,6,18105.0,18030.0,0.0,0.0,0.0,0.0,7825
2023-05-10 21:00:46,al2311,al2311,18105.0,0.0,0.0,0.0,14,18060.0,18110.0,5,18105.0,18030.0,0.0,0.0,0.0,0.0,7825
2023-05-10 21:00:46,al2311,al2311,18105.0,0.0,0.0,0.0,3,18050.0,18100.0,1,18105.0,18030.0,0.0,0.0,0.0,0.0,7825
2023-05-10 21:00:47,al2311,al2311,18105.0,0.0,0.0,0.0,36,18055.0,18100.0,1,18105.0,18030.0,0.0,0.0,0.0,0.0,7825
2023-05-10 21:00:48,al2311,al2311,18105.0,0.0,0.0,0.0,36,18055.0,18100.0,1,18105.0,18030.0,0.0,0.0,0.0,0.0,7825
2023-05-10 21:00:49,al2311,al2311,18105.0,0.0,0.0,0.0,36,18055.0,18100.0,1,18105.0,18030.0,0.0,0.0,0.0,0.0,7825
2023-05-10 21:00:50,al2311,al2311,18105.0,0.0,0.0,0.0,7,18060.0,18100.0,1,18105.0,18030.0,0.0,0.0,0.0,0.0,7825
2023-05-10 21:00:51,al2311,al2311,18105.0,0.0,0.0,0.0,1,17860.0,18095.0,2,18105.0,18030.0,0.0,0.0,0.0,0.0,7825
2023-05-10 21:00:51,al2311,al2311,18105.0,0.0,0.0,0.0,1,18025.0,18095.0,2,18105.0,18030.0,0.0,0.0,0.0,0.0,7825
2023-05-10 21:00:52,al2311,al2311,18105.0,0.0,0.0,0.0,17,18030.0,18095.0,2,18105.0,18030.0,0.0,0.0,0.0,0.0,7825
2023-05-10 21:00:52,al2311,al2311,18105.0,0.0,0.0,0.0,12,18035.0,18100.0,1,18105.0,18030.0,0.0,0.0,0.0,0.0,7825
2023-05-10 21:00:53,al2311,al2311,18105.0,0.0,0.0,0.0,3,18040.0,18100.0,1,18105.0,18030.0,0.0,0.0,0.0,0.0,7825
2023-05-10 21:00:53,al2311,al2311,18105.0,0.0,0.0,0.0,21,18040.0,18100.0,1,18105.0,18030.0,0.0,0.0,0.0,0.0,7825
2023-05-10 21:00:54,al2311,al2311,18105.0,0.0,0.0,0.0,20,18045.0,18100.0,1,18105.0,18030.0,0.0,0.0,0.0,0.0,7825
2023-05-10 21:00:54,al2311,al2311,18105.0,0.0,0.0,0.0,3,18050.0,18100.0,1,18105.0,18030.0,0.0,0.0,0.0,0.0,7825
2023-05-10 21:00:55,al2311,al2311,18105.0,0.0,0.0,0.0,14,18055.0,18110.0,2,18105.0,18030.0,0.0,0.0,0.0,0.0,7825
2023-05-10 21:00:55,al2311,al2311,18105.0,0.0,0.0,0.0,1,18060.0,18105.0,3,18105.0,18030.0,0.0,0.0,0.0,0.0,7825
2023-05-10 21:00:56,al2311,al2311,18105.0,0.0,0.0,0.0,2,18045.0,18105.0,3,18105.0,18030.0,0.0,0.0,0.0,0.0,7825
2023-05-10 21:00:56,al2311,al2311,18105.0,0.0,0.0,0.0,44,18050.0,18105.0,3,18105.0,18030.0,0.0,0.0,0.0,0.0,7825
2023-05-10 21:00:57,al2311,al2311,18105.0,0.0,0.0,0.0,44,18050.0,18105.0,3,18105.0,18030.0,0.0,0.0,0.0,0.0,7825
2023-05-10 21:00:57,al2311,al2311,18105.0,0.0,0.0,0.0,45,18050.0,18105.0,3,18105.0,18030.0,0.0,0.0,0.0,0.0,7825
2023-05-10 21:00:58,al2311,al2311,18105.0,0.0,0.0,0.0,3,18055.0,18105.0,3,18105.0,18030.0,0.0,0.0,0.0,0.0,7825
2023-05-10 21:00:58,al2311,al2311,18105.0,0.0,0.0,0.0,5,18060.0,18105.0,3,18105.0,18030.0,0.0,0.0,0.0,0.0,7825
2023-05-10 21:00:59,al2311,al2311,18105.0,0.0,0.0,0.0,25,18060.0,18105.0,3,18105.0,18030.0,0.0,0.0,0.0,0.0,7825
2023-05-10 21:00:59,al2311,al2311,18105.0,0.0,0.0,0.0,2,18045.0,18105.0,3,18105.0,18030.0,0.0,0.0,0.0,0.0,7825
2023-05-10 21:01:00,al2311,al2311,18105.0,0.0,0.0,0.0,8,18050.0,18100.0,2,18105.0,18030.0,0.0,0.0,0.0,0.0,7825
2023-05-10 21:01:00,al2311,al2311,18105.0,0.0,0.0,0.0,35,18055.0,18095.0,1,18105.0,18030.0,0.0,0.0,0.0,0.0,7825
2023-05-10 21:01:01,al2311,al2311,18105.0,0.0,0.0,0.0,1,18070.0,18095.0,3,18105.0,18030.0,0.0,0.0,0.0,0.0,7825
2023-05-10 21:01:01,al2311,al2311,18105.0,0.0,0.0,0.0,1,18070.0,18095.0,3,18105.0,18030.0,0.0,0.0,0.0,0.0,7825
2023-05-10 21:01:02,al2311,al2311,18105.0,0.0,0.0,0.0,20,18055.0,18090.0,1,18105.0,18030.0,0.0,0.0,0.0,0.0,7825
2023-05-10 21:01:02,al2311,al2311,18105.0,0.0,0.0,0.0,1,18065.0,18090.0,1,18105.0,18030.0,0.0,0.0,0.0,0.0,7825
2023-05-10 21:01:03,al2311,al2311,18105.0,0.0,0.0,0.0,1,18065.0,18085.0,1,18105.0,18030.0,0.0,0.0,0.0,0.0,7825
2023-05-10 21:01:03,al2311,al2311,18105.0,0.0,0.0,0.0,1,18025.0,18085.0,2,18105.0,18030.0,0.0,0.0,0.0,0.0,7825
2023-05-10 21:01:04,al2311,al2311,18105.0,0.0,0.0,0.0,1,18060.0,18085.0,2,18105.0,18030.0,0.0,0.0,0.0,0.0,7825
2023-05-10 21:01:04,al2311,al2311,18105.0,0.0,0.0,0.0,1,18060.0,18085.0,2,18105.0,18030.0,0.0,0.0,0.0,0.0,7825
2023-05-10 21:01:05,al2311,al2311,18105.0,0.0,0.0,0.0,1,18060.0,18085.0,2,18105.0,18030.0,0.0,0.0,0.0,0.0,7825
2023-05-10 21:01:05,al2311,al2311,18105.0,0.0,0.0,0.0,1,18060.0,18080.0,1,18105.0,18030.0,0.0,0.0,0.0,0.0,7825
2023-05-10 21:01:06,al2311,al2311,18105.0,0.0,0.0,0.0,1,18065.0,18080.0,1,18105.0,18030.0,0.0,0.0,0.0,0.0,7825
2023-05-10 21:01:06,al2311,al2311,18105.0,0.0,0.0,0.0,1,18065.0,18080.0,1,18105.0,18030.0,0.0,0.0,0.0,0.0,7825
2023-05-10 21:01:07,al2311,al2311,18105.0,0.0,0.0,0.0,2,18030.0,18090.0,1,18105.0,18030.0,0.0,0.0,0.0,0.0,7825
2023-05-10 21:01:07,al2311,al2311,18105.0,0.0,0.0,0.0,67,18035.0,18085.0,2,18105.0,18030.0,0.0,0.0,0.0,0.0,7825
2023-05-10 21:01:08,al2311,al2311,18105.0,0.0,0.0,0.0,1,18065.0,18155.0,1,18105.0,18030.0,0.0,0.0,0.0,0.0,7825
2023-05-10 21:01:08,al2311,al2311,18105.0,0.0,0.0,0.0,2,18040.0,18090.0,1,18105.0,18030.0,0.0,0.0,0.0,0.0,7825
2023-05-10 21:01:09,al2311,al2311,18105.0,0.0,0.0,0.0,1,18065.0,18090.0,1,18105.0,18030.0,0.0,0.0,0.0,0.0,7825
2023-05-10 21:01:09,al2311,al2311,18105.0,0.0,0.0,0.0,1,18065.0,18095.0,1,18105.0,18030.0,0.0,0.0,0.0,0.0,7825
2023-05-10 21:01:10,al2311,al2311,18105.0,0.0,0.0,0.0,2,18040.0,18095.0,1,18105.0,18030.0,0.0,0.0,0.0,0.0,7825
2023-05-10 21:01:10,al2311,al2311,18105.0,0.0,0.0,0.0,36,18045.0,18085.0,1,18105.0,18030.0,0.0,0.0,0.0,0.0,7825
2023-05-10 21:01:11,al2311,al2311,18105.0,0.0,0.0,0.0,1,18060.0,18085.0,1,18105.0,18030.0,0.0,0.0,0.0,0.0,7825
2023-05-10 21:01:11,al2311,al2311,18105.0,0.0,0.0,0.0,1,18025.0,18080.0,1,18105.0,18030.0,0.0,0.0,0.0,0.0,7825
2023-05-10 21:01:12,al2311,al2311,18105.0,0.0,0.0,0.0,1,18060.0,18085.0,2,18105.0,18030.0,0.0,0.0,0.0,0.0,7825
2023-05-10 21:01:12,al2311,al2311,18105.0,0.0,0.0,0.0,7,18030.0,18085.0,2,18105.0,18030.0,0.0,0.0,0.0,0.0,7825
2023-05-10 21:01:13,al2311,al2311,18105.0,0.0,0.0,0.0,1,18060.0,18085.0,2,18105.0,18030.0,0.0,0.0,0.0,0.0,7825
2023-05-10 21:01:13,al2311,al2311,18105.0,0.0,0.0,0.0,1,18060.0,18085.0,2,18105.0,18030.0,0.0,0.0,0.0,0.0,7825
2023-05-10 21:01:14,al2311,al2311,18105.0,0.0,0.0,0.0,6,18030.0,18085.0,2,18105.0,18030.0,0.0,0.0,0.0,0.0,7825
2023-05-10 21:01:14,al2311,al2311,18105.0,0.0,0.0,0.0,52,18035.0,18085.0,2,18105.0,18030.0,0.0,0.0,0.0,0.0,7825
2023-05-10 21:01:15,al2311,al2311,18105.0,0.0,0.0,0.0,65,18035.0,18085.0,2,18105.0,18030.0,0.0,0.0,0.0,0.0,7825
2023-05-10 21:01:15,al2311,al2311,18105.0,0.0,0.0,0.0,1,18060.0,18085.0,2,18105.0,18030.0,0.0,0.0,0.0,0.0,7825
2023-05-10 21:01:16,al2311,al2311,18105.0,0.0,0.0,0.0,2,18035.0,18080.0,1,18105.0,18030.0,0.0,0.0,0.0,0.0,7825
2023-05-10 21:01:16,al2311,al2311,18105.0,0.0,0.0,0.0,1,18055.0,18075.0,1,18105.0,18030.0,0.0,0.0,0.0,0.0,7825
2023-05-10 21:01:17,al2311,al2311,18105.0,0.0,0.0,0.0,1,18060.0,18080.0,3,18105.0,18030.0,0.0,0.0,0.0,0.0,7825
2023-05-10 21:01:17,al2311,al2311,18105.0,0.0,0.0,0.0,1,18060.0,18080.0,3,18105.0,18030.0,0.0,0.0,0.0,0.0,7825
2023-05-10 21:01:18,al2311,al2311,18105.0,0.0,0.0,0.0,2,18035.0,18080.0,3,18105.0,18030.0,0.0,0.0,0.0,0.0,7825
2023-05-10 21:01:18,al2311,al2311,18105.0,0.0,0.0,0.0,1,18055.0,18080.0,3,18105.0,18030.0,0.0,0.0,0.0,0.0,7825
2023-05-10 21:01:19,al2311,al2311,18105.0,0.0,0.0,0.0,1,18055.0,18080.0,3,18105.0,18030.0,0.0,0.0,0.0,0.0,7825
2023-05-10 21:01:19,al2311,al2311,18105.0,0.0,0.0,0.0,1,18060.0,18080.0,3,18105.0,18030.0,0.0,0.0,0.0,0.0,7825
2023-05-10 21:01:20,al2311,al2311,18105.0,0.0,0.0,0.0,2,18040.0,18080.0,3,18105.0,18030.0,0.0,0.0,0.0,0.0,7825
2023-05-10 21:01:20,al2311,al2311,18105.0,0.0,0.0,0.0,1,18055.0,18080.0,3,18105.0,18030.0,0.0,0.0,0.0,0.0,7825
2023-05-10 21:01:21,al2311,al2311,18105.0,0.0,0.0,0.0,1,18055.0,18080.0,3,18105.0,18030.0,0.0,0.0,0.0,0.0,7825
2023-05-10 21:01:21,al2311,al2311,18105.0,0.0,0.0,0.0,1,18025.0,18080.0,3,18105.0,18030.0,0.0,0.0,0.0,0.0,7825
2023-05-10 21:01:22,al2311,al2311,18105.0,0.0,0.0,0.0,53,18030.0,18080.0,4,18105.0,18030.0,0.0,0.0,0.0,0.0,7825
2023-05-10 21:01:22,al2311,al2311,18105.0,0.0,0.0,0.0,1,18035.0,18080.0,4,18105.0,18030.0,0.0,0.0,0.0,0.0,7825
2023-05-10 21:01:23,al2311,al2311,18105.0,0.0,0.0,0.0,7,18040.0,18080.0,4,18105.0,18030.0,0.0,0.0,0.0,0.0,7825
2023-05-10 21:01:23,al2311,al2311,18105.0,0.0,0.0,0.0,14,18045.0,18080.0,4,18105.0,18030.0,0.0,0.0,0.0,0.0,7825
2023-05-10 21:01:24,al2311,al2311,18105.0,0.0,0.0,0.0,14,18045.0,18080.0,4,18105.0,18030.0,0.0,0.0,0.0,0.0,7825
2023-05-10 21:01:24,al2311,al2311,18105.0,0.0,0.0,0.0,14,18045.0,18080.0,4,18105.0,18030.0,0.0,0.0,0.0,0.0,7825
2023-05-10 21:01:25,al2311,al2311,18105.0,0.0,0.0,0.0,14,18045.0,18080.0,3,18105.0,18030.0,0.0,0.0,0.0,0.0,7825
2023-05-10 21:01:26,al2311,al2311,18105.0,0.0,0.0,0.0,14,18045.0,18075.0,1,18105.0,18030.0,0.0,0.0,0.0,0.0,7825
2023-05-10 21:01:26,al2311,al2311,18105.0,0.0,0.0,0.0,14,18045.0,18070.0,1,18105.0,18030.0,0.0,0.0,0.0,0.0,7825
2023-05-10 21:01:27,al2311,al2311,18105.0,0.0,0.0,0.0,1,18045.0,18075.0,3,18105.0,18030.0,0.0,0.0,0.0,0.0,7825
2023-05-10 21:01:27,al2311,al2311,18105.0,0.0,0.0,0.0,3,18025.0,18075.0,3,18105.0,18030.0,0.0,0.0,0.0,0.0,7825
2023-05-10 21:01:28,al2311,al2311,18105.0,0.0,0.0,0.0,63,18030.0,18075.0,3,18105.0,18030.0,0.0,0.0,0.0,0.0,7825
2023-05-10 21:01:28,al2311,al2311,18105.0,0.0,0.0,0.0,63,18030.0,18075.0,3,18105.0,18030.0,0.0,0.0,0.0,0.0,7825
2023-05-10 21:01:29,al2311,al2311,18105.0,0.0,0.0,0.0,1,18050.0,18075.0,3,18105.0,18030.0,0.0,0.0,0.0,0.0,7825
2023-05-10 21:01:29,al2311,al2311,18105.0,0.0,0.0,0.0,2,18030.0,18075.0,3,18105.0,18030.0,0.0,0.0,0.0,0.0,7825
2023-05-10 21:01:30,al2311,al2311,18105.0,0.0,0.0,0.0,55,18035.0,18075.0,3,18105.0,18030.0,0.0,0.0,0.0,0.0,7825
2023-05-10 21:01:30,al2311,al2311,18105.0,0.0,0.0,0.0,2,18040.0,18075.0,3,18105.0,18030.0,0.0,0.0,0.0,0.0,7825
2023-05-10 21:01:31,al2311,al2311,18105.0,0.0,0.0,0.0,3,18045.0,18075.0,3,18105.0,18030.0,0.0,0.0,0.0,0.0,7825
2023-05-10 21:01:31,al2311,al2311,18105.0,0.0,0.0,0.0,1,18050.0,18075.0,3,18105.0,18030.0,0.0,0.0,0.0,0.0,7825
2023-05-10 21:01:32,al2311,al2311,18105.0,0.0,0.0,0.0,1,18050.0,18075.0,3,18105.0,18030.0,0.0,0.0,0.0,0.0,7825
2023-05-10 21:01:32,al2311,al2311,18105.0,0.0,0.0,0.0,3,18025.0,18075.0,3,18105.0,18030.0,0.0,0.0,0.0,0.0,7825
2023-05-10 21:01:33,al2311,al2311,18105.0,0.0,0.0,0.0,49,18030.0,18075.0,3,18105.0,18030.0,0.0,0.0,0.0,0.0,7825
2023-05-10 21:01:33,al2311,al2311,18105.0,0.0,0.0,0.0,1,18050.0,18075.0,3,18105.0,18030.0,0.0,0.0,0.0,0.0,7825
2023-05-10 21:01:34,al2311,al2311,18105.0,0.0,0.0,0.0,1,18050.0,18075.0,3,18105.0,18030.0,0.0,0.0,0.0,0.0,7825
2023-05-10 21:01:34,al2311,al2311,18105.0,0.0,0.0,0.0,3,18025.0,18075.0,2,18105.0,18030.0,0.0,0.0,0.0,0.0,7825
2023-05-10 21:01:35,al2311,al2311,18105.0,0.0,0.0,0.0,62,18030.0,18075.0,3,18105.0,18030.0,0.0,0.0,0.0,0.0,7825
2023-05-10 21:01:35,al2311,al2311,18105.0,0.0,0.0,0.0,1,18035.0,18075.0,3,18105.0,18030.0,0.0,0.0,0.0,0.0,7825
2023-05-10 21:01:36,al2311,al2311,18105.0,0.0,0.0,0.0,4,18040.0,18075.0,4,18105.0,18030.0,0.0,0.0,0.0,0.0,7825
2023-05-10 21:01:36,al2311,al2311,18105.0,0.0,0.0,0.0,18,18040.0,18075.0,4,18105.0,18030.0,0.0,0.0,0.0,0.0,7825
2023-05-10 21:01:38,al2311,al2311,18105.0,0.0,0.0,0.0,18,18040.0,18075.0,4,18105.0,18030.0,0.0,0.0,0.0,0.0,7825
2023-05-10 21:01:38,al2311,al2311,18105.0,0.0,0.0,0.0,1,18050.0,18075.0,4,18105.0,18030.0,0.0,0.0,0.0,0.0,7825
2023-05-10 21:01:39,al2311,al2311,18105.0,0.0,0.0,0.0,1,18050.0,18075.0,3,18105.0,18030.0,0.0,0.0,0.0,0.0,7825
2023-05-10 21:01:40,al2311,al2311,18105.0,0.0,0.0,0.0,3,18025.0,18075.0,4,18105.0,18030.0,0.0,0.0,0.0,0.0,7825
2023-05-10 21:01:40,al2311,al2311,18105.0,0.0,0.0,0.0,48,18030.0,18075.0,4,18105.0,18030.0,0.0,0.0,0.0,0.0,7825
2023-05-10 21:01:41,al2311,al2311,18105.0,0.0,0.0,0.0,53,18030.0,18075.0,4,18105.0,18030.0,0.0,0.0,0.0,0.0,7825
2023-05-10 21:01:41,al2311,al2311,18105.0,0.0,0.0,0.0,5,18035.0,18075.0,4,18105.0,18030.0,0.0,0.0,0.0,0.0,7825
2023-05-10 21:01:42,al2311,al2311,18105.0,0.0,0.0,0.0,3,18040.0,18075.0,4,18105.0,18030.0,0.0,0.0,0.0,0.0,7825
2023-05-10 21:01:42,al2311,al2311,18105.0,0.0,0.0,0.0,29,18040.0,18075.0,4,18105.0,18030.0,0.0,0.0,0.0,0.0,7825
2023-05-10 21:01:43,al2311,al2311,18105.0,0.0,0.0,0.0,29,18040.0,18075.0,4,18105.0,18030.0,0.0,0.0,0.0,0.0,7825
2023-05-10 21:01:43,al2311,al2311,18105.0,0.0,0.0,0.0,29,18040.0,18075.0,2,18105.0,18030.0,0.0,0.0,0.0,0.0,7825
2023-05-10 21:01:44,al2311,al2311,18105.0,0.0,0.0,0.0,1,18050.0,18075.0,3,18105.0,18030.0,0.0,0.0,0.0,0.0,7825
2023-05-10 21:01:44,al2311,al2311,18105.0,0.0,0.0,0.0,1,18025.0,18075.0,3,18105.0,18030.0,0.0,0.0,0.0,0.0,7825
2023-05-10 21:01:45,al2311,al2311,18105.0,0.0,0.0,0.0,1,18050.0,18075.0,3,18105.0,18030.0,0.0,0.0,0.0,0.0,7825
2023-05-10 21:01:45,al2311,al2311,18105.0,0.0,0.0,0.0,2,18030.0,18075.0,4,18105.0,18030.0,0.0,0.0,0.0,0.0,7825
2023-05-10 21:01:46,al2311,al2311,18105.0,0.0,0.0,0.0,43,18035.0,18075.0,3,18105.0,18030.0,0.0,0.0,0.0,0.0,7825
2023-05-10 21:01:46,al2311,al2311,18105.0,0.0,0.0,0.0,43,18035.0,18075.0,3,18105.0,18030.0,0.0,0.0,0.0,0.0,7825
2023-05-10 21:01:47,al2311,al2311,18105.0,0.0,0.0,0.0,44,18035.0,18075.0,3,18105.0,18030.0,0.0,0.0,0.0,0.0,7825
2023-05-10 21:01:47,al2311,al2311,18105.0,0.0,0.0,0.0,1,18050.0,18075.0,3,18105.0,18030.0,0.0,0.0,0.0,0.0,7825
2023-05-10 21:01:48,al2311,al2311,18105.0,0.0,0.0,0.0,1,18050.0,18075.0,3,18105.0,18030.0,0.0,0.0,0.0,0.0,7825
2023-05-10 21:01:49,al2311,al2311,18105.0,0.0,0.0,0.0,1,18025.0,18075.0,3,18105.0,18030.0,0.0,0.0,0.0,0.0,7825
2023-05-10 21:01:50,al2311,al2311,18105.0,0.0,0.0,0.0,1,18050.0,18075.0,3,18105.0,18030.0,0.0,0.0,0.0,0.0,7825
2023-05-10 21:01:50,al2311,al2311,18105.0,0.0,0.0,0.0,2,18030.0,18075.0,3,18105.0,18030.0,0.0,0.0,0.0,0.0,7825
2023-05-10 21:01:51,al2311,al2311,18105.0,0.0,0.0,0.0,38,18035.0,18075.0,3,18105.0,18030.0,0.0,0.0,0.0,0.0,7825
2023-05-10 21:01:51,al2311,al2311,18105.0,0.0,0.0,0.0,2,18040.0,18075.0,3,18105.0,18030.0,0.0,0.0,0.0,0.0,7825
2023-05-10 21:01:52,al2311,al2311,18105.0,0.0,0.0,0.0,10,18045.0,18075.0,3,18105.0,18030.0,0.0,0.0,0.0,0.0,7825
2023-05-10 21:01:52,al2311,al2311,18105.0,0.0,0.0,0.0,1,18050.0,18075.0,2,18105.0,18030.0,0.0,0.0,0.0,0.0,7825
2023-05-10 21:01:53,al2311,al2311,18105.0,0.0,0.0,0.0,1,18050.0,18075.0,3,18105.0,18030.0,0.0,0.0,0.0,0.0,7825
2023-05-10 21:01:54,al2311,al2311,18105.0,0.0,0.0,0.0,3,18025.0,18075.0,3,18105.0,18030.0,0.0,0.0,0.0,0.0,7825
2023-05-10 21:01:54,al2311,al2311,18105.0,0.0,0.0,0.0,58,18030.0,18075.0,3,18105.0,18030.0,0.0,0.0,0.0,0.0,7825
2023-05-10 21:01:55,al2311,al2311,18105.0,0.0,0.0,0.0,1,18050.0,18075.0,3,18105.0,18030.0,0.0,0.0,0.0,0.0,7825
2023-05-10 21:01:55,al2311,al2311,18105.0,0.0,0.0,0.0,2,18035.0,18075.0,3,18105.0,18030.0,0.0,0.0,0.0,0.0,7825
2023-05-10 21:01:56,al2311,al2311,18105.0,0.0,0.0,0.0,52,18040.0,18075.0,4,18105.0,18030.0,0.0,0.0,0.0,0.0,7825
2023-05-10 21:01:56,al2311,al2311,18105.0,0.0,0.0,0.0,52,18040.0,18075.0,4,18105.0,18030.0,0.0,0.0,0.0,0.0,7825
2023-05-10 21:01:57,al2311,al2311,18105.0,0.0,0.0,0.0,2,18035.0,18075.0,4,18105.0,18030.0,0.0,0.0,0.0,0.0,7825
2023-05-10 21:01:57,al2311,al2311,18105.0,0.0,0.0,0.0,51,18040.0,18075.0,4,18105.0,18030.0,0.0,0.0,0.0,0.0,7825
2023-05-10 21:02:00,al2311,al2311,18105.0,0.0,0.0,0.0,51,18040.0,18075.0,4,18105.0,18030.0,0.0,0.0,0.0,0.0,7825
2023-05-10 21:02:01,al2311,al2311,18105.0,0.0,0.0,0.0,51,18040.0,18075.0,4,18105.0,18030.0,0.0,0.0,0.0,0.0,7825
2023-05-10 21:02:01,al2311,al2311,18105.0,0.0,0.0,0.0,51,18040.0,18075.0,3,18105.0,18030.0,0.0,0.0,0.0,0.0,7825
2023-05-10 21:02:02,al2311,al2311,18105.0,0.0,0.0,0.0,51,18040.0,18070.0,1,18105.0,18030.0,0.0,0.0,0.0,0.0,7825
2023-05-10 21:02:02,al2311,al2311,18105.0,0.0,0.0,0.0,1,18045.0,18065.0,1,18105.0,18030.0,0.0,0.0,0.0,0.0,7825
2023-05-10 21:02:03,al2311,al2311,18105.0,0.0,0.0,0.0,1,18045.0,18065.0,1,18105.0,18030.0,0.0,0.0,0.0,0.0,7825
2023-05-10 21:02:03,al2311,al2311,18105.0,0.0,0.0,0.0,1,18045.0,18065.0,1,18105.0,18030.0,0.0,0.0,0.0,0.0,7825
2023-05-10 21:02:04,al2311,al2311,18105.0,0.0,0.0,0.0,1,18030.0,18065.0,1,18105.0,18030.0,0.0,0.0,0.0,0.0,7825
2023-05-10 21:02:05,al2311,al2311,18105.0,0.0,0.0,0.0,1,18040.0,18065.0,1,18105.0,18030.0,0.0,0.0,0.0,0.0,7825
2023-05-10 21:02:05,al2311,al2311,18105.0,0.0,0.0,0.0,1,18040.0,18065.0,2,18105.0,18030.0,0.0,0.0,0.0,0.0,7825
2023-05-10 21:02:06,al2311,al2311,18105.0,0.0,0.0,0.0,1,18040.0,18065.0,1,18105.0,18030.0,0.0,0.0,0.0,0.0,7825
2023-05-10 21:02:07,al2311,al2311,18105.0,0.0,0.0,0.0,1,18040.0,18065.0,1,18105.0,18030.0,0.0,0.0,0.0,0.0,7825
2023-05-10 21:02:08,al2311,al2311,18105.0,0.0,0.0,0.0,1,18040.0,18060.0,1,18105.0,18030.0,0.0,0.0,0.0,0.0,7825
2023-05-10 21:02:09,al2311,al2311,18105.0,0.0,0.0,0.0,1,18040.0,18065.0,2,18105.0,18030.0,0.0,0.0,0.0,0.0,7825
2023-05-10 21:02:10,al2311,al2311,18105.0,0.0,0.0,0.0,1,18040.0,18065.0,1,18105.0,18030.0,0.0,0.0,0.0,0.0,7825
2023-05-10 21:02:11,al2311,al2311,18105.0,0.0,0.0,0.0,1,18040.0,18065.0,1,18105.0,18030.0,0.0,0.0,0.0,0.0,7825
2023-05-10 21:02:12,al2311,al2311,18105.0,0.0,0.0,0.0,1,18040.0,18060.0,1,18105.0,18030.0,0.0,0.0,0.0,0.0,7825
2023-05-10 21:02:12,al2311,al2311,18105.0,0.0,0.0,0.0,1,18040.0,18065.0,2,18105.0,18030.0,0.0,0.0,0.0,0.0,7825
2023-05-10 21:02:17,al2311,al2311,18105.0,0.0,0.0,0.0,1,18040.0,18065.0,2,18105.0,18030.0,0.0,0.0,0.0,0.0,7825
2023-05-10 21:02:20,al2311,al2311,18105.0,0.0,0.0,0.0,1,18040.0,18065.0,1,18105.0,18030.0,0.0,0.0,0.0,0.0,7825
2023-05-10 21:02:20,al2311,al2311,18105.0,0.0,0.0,0.0,1,18040.0,18065.0,1,18105.0,18030.0,0.0,0.0,0.0,0.0,7825
2023-05-10 21:02:21,al2311,al2311,18105.0,0.0,0.0,0.0,1,18045.0,18060.0,1,18105.0,18030.0,0.0,0.0,0.0,0.0,7825
2023-05-10 21:02:21,al2311,al2311,18105.0,0.0,0.0,0.0,1,18045.0,18065.0,1,18105.0,18030.0,0.0,0.0,0.0,0.0,7825
2023-05-10 21:02:22,al2311,al2311,18105.0,0.0,0.0,0.0,2,18030.0,18060.0,1,18105.0,18030.0,0.0,0.0,0.0,0.0,7825
2023-05-10 21:02:22,al2311,al2311,18105.0,0.0,0.0,0.0,1,18040.0,18065.0,1,18105.0,18030.0,0.0,0.0,0.0,0.0,7825
2023-05-10 21:02:23,al2311,al2311,18105.0,0.0,0.0,0.0,2,18030.0,18060.0,1,18105.0,18030.0,0.0,0.0,0.0,0.0,7825
2023-05-10 21:02:23,al2311,al2311,18105.0,0.0,0.0,0.0,59,18035.0,18060.0,1,18105.0,18030.0,0.0,0.0,0.0,0.0,7825
2023-05-10 21:02:25,al2311,al2311,18105.0,0.0,0.0,0.0,1,18040.0,18060.0,1,18105.0,18030.0,0.0,0.0,0.0,0.0,7825
2023-05-10 21:02:26,al2311,al2311,18105.0,0.0,0.0,0.0,2,18040.0,18060.0,1,18105.0,18030.0,0.0,0.0,0.0,0.0,7825
2023-05-10 21:02:26,al2311,al2311,18105.0,0.0,0.0,0.0,2,18040.0,18060.0,1,18105.0,18030.0,0.0,0.0,0.0,0.0,7825
2023-05-10 21:02:29,al2311,al2311,18105.0,0.0,0.0,0.0,2,18040.0,18060.0,1,18105.0,18030.0,0.0,0.0,0.0,0.0,7825
2023-05-10 21:02:30,al2311,al2311,18105.0,0.0,0.0,0.0,2,18040.0,18070.0,1,18105.0,18030.0,0.0,0.0,0.0,0.0,7825
2023-05-10 21:02:30,al2311,al2311,18105.0,0.0,0.0,0.0,1,18040.0,18065.0,1,18105.0,18030.0,0.0,0.0,0.0,0.0,7825
2023-05-10 21:02:31,al2311,al2311,18105.0,0.0,0.0,0.0,2,18040.0,18060.0,1,18105.0,18030.0,0.0,0.0,0.0,0.0,7825
2023-05-10 21:02:31,al2311,al2311,18105.0,0.0,0.0,0.0,2,18040.0,18065.0,3,18105.0,18030.0,0.0,0.0,0.0,0.0,7825
2023-05-10 21:02:35,al2311,al2311,18105.0,0.0,0.0,0.0,1,18040.0,18065.0,3,18105.0,18030.0,0.0,0.0,0.0,0.0,7825
2023-05-10 21:02:36,al2311,al2311,18105.0,0.0,0.0,0.0,1,18040.0,18065.0,3,18105.0,18030.0,0.0,0.0,0.0,0.0,7825
2023-05-10 21:02:37,al2311,al2311,18105.0,0.0,0.0,0.0,1,18040.0,18065.0,4,18105.0,18030.0,0.0,0.0,0.0,0.0,7825
2023-05-10 21:02:39,al2311,al2311,18105.0,0.0,0.0,0.0,1,18040.0,18065.0,3,18105.0,18030.0,0.0,0.0,0.0,0.0,7825
2023-05-10 21:02:39,al2311,al2311,18105.0,0.0,0.0,0.0,1,18030.0,18060.0,1,18105.0,18030.0,0.0,0.0,0.0,0.0,7825
2023-05-10 21:02:40,al2311,al2311,18105.0,0.0,0.0,0.0,59,18035.0,18055.0,1,18105.0,18030.0,0.0,0.0,0.0,0.0,7825
2023-05-10 21:02:40,al2311,al2311,18105.0,0.0,0.0,0.0,1,18040.0,18065.0,1,18105.0,18030.0,0.0,0.0,0.0,0.0,7825
2023-05-10 21:02:41,al2311,al2311,18105.0,0.0,0.0,0.0,1,18040.0,18065.0,2,18105.0,18030.0,0.0,0.0,0.0,0.0,7825
2023-05-10 21:02:41,al2311,al2311,18105.0,0.0,0.0,0.0,1,18040.0,18060.0,1,18105.0,18030.0,0.0,0.0,0.0,0.0,7825
2023-05-10 21:02:42,al2311,al2311,18105.0,0.0,0.0,0.0,1,18040.0,18065.0,2,18105.0,18030.0,0.0,0.0,0.0,0.0,7825
2023-05-10 21:02:42,al2311,al2311,18105.0,0.0,0.0,0.0,1,18040.0,18065.0,2,18105.0,18030.0,0.0,0.0,0.0,0.0,7825
2023-05-10 21:02:43,al2311,al2311,18105.0,0.0,0.0,0.0,1,18040.0,18060.0,1,18105.0,18030.0,0.0,0.0,0.0,0.0,7825
2023-05-10 21:02:43,al2311,al2311,18105.0,0.0,0.0,0.0,1,18040.0,18065.0,2,18105.0,18030.0,0.0,0.0,0.0,0.0,7825
2023-05-10 21:02:44,al2311,al2311,18105.0,0.0,0.0,0.0,1,18040.0,18060.0,1,18105.0,18030.0,0.0,0.0,0.0,0.0,7825
2023-05-10 21:02:44,al2311,al2311,18105.0,0.0,0.0,0.0,1,18040.0,18065.0,2,18105.0,18030.0,0.0,0.0,0.0,0.0,7825
2023-05-10 21:02:45,al2311,al2311,18105.0,0.0,0.0,0.0,1,18040.0,18060.0,1,18105.0,18030.0,0.0,0.0,0.0,0.0,7825
2023-05-10 21:02:46,al2311,al2311,18105.0,0.0,0.0,0.0,1,18030.0,18060.0,1,18105.0,18030.0,0.0,0.0,0.0,0.0,7825
2023-05-10 21:02:47,al2311,al2311,18105.0,0.0,0.0,0.0,56,18035.0,18060.0,1,18105.0,18030.0,0.0,0.0,0.0,0.0,7825
2023-05-10 21:02:47,al2311,al2311,18105.0,0.0,0.0,0.0,62,18035.0,18060.0,1,18105.0,18030.0,0.0,0.0,0.0,0.0,7825
2023-05-10 21:02:49,al2311,al2311,18105.0,0.0,0.0,0.0,62,18035.0,18060.0,1,18105.0,18030.0,0.0,0.0,0.0,0.0,7825
2023-05-10 21:02:49,al2311,al2311,18105.0,0.0,0.0,0.0,61,18035.0,18060.0,2,18105.0,18030.0,0.0,0.0,0.0,0.0,7825
2023-05-10 21:02:51,al2311,al2311,18105.0,0.0,0.0,0.0,1,18030.0,18060.0,3,18105.0,18030.0,0.0,0.0,0.0,0.0,7825
2023-05-10 21:02:52,al2311,al2311,18105.0,0.0,0.0,0.0,1,18030.0,18055.0,1,18105.0,18030.0,0.0,0.0,0.0,0.0,7825
2023-05-10 21:02:52,al2311,al2311,18105.0,0.0,0.0,0.0,1,18030.0,18050.0,1,18105.0,18030.0,0.0,0.0,0.0,0.0,7825
2023-05-10 21:02:53,al2311,al2311,18105.0,0.0,0.0,0.0,1,18030.0,18055.0,3,18105.0,18030.0,0.0,0.0,0.0,0.0,7825
2023-05-10 21:02:54,al2311,al2311,18105.0,0.0,0.0,0.0,1,18030.0,18055.0,3,18105.0,18030.0,0.0,0.0,0.0,0.0,7825
2023-05-10 21:02:55,al2311,al2311,18105.0,0.0,0.0,0.0,1,18030.0,18055.0,4,18105.0,18030.0,0.0,0.0,0.0,0.0,7825
2023-05-10 21:02:57,al2311,al2311,18105.0,0.0,0.0,0.0,2,18030.0,18055.0,4,18105.0,18030.0,0.0,0.0,0.0,0.0,7825
2023-05-10 21:02:59,al2311,al2311,18105.0,0.0,0.0,0.0,2,18030.0,18055.0,3,18105.0,18030.0,0.0,0.0,0.0,0.0,7825
2023-05-10 21:03:01,al2311,al2311,18105.0,0.0,0.0,0.0,2,18030.0,18055.0,4,18105.0,18030.0,0.0,0.0,0.0,0.0,7825
2023-05-10 21:03:01,al2311,al2311,18105.0,0.0,0.0,0.0,2,18030.0,18055.0,3,18105.0,18030.0,0.0,0.0,0.0,0.0,7825
2023-05-10 21:03:02,al2311,al2311,18105.0,0.0,0.0,0.0,2,18030.0,18050.0,1,18105.0,18030.0,0.0,0.0,0.0,0.0,7825
2023-05-10 21:03:03,al2311,al2311,18105.0,0.0,0.0,0.0,2,18030.0,18045.0,1,18105.0,18030.0,0.0,0.0,0.0,0.0,7825
2023-05-10 21:03:05,al2311,al2311,18105.0,0.0,0.0,0.0,2,18030.0,18045.0,1,18105.0,18030.0,0.0,0.0,0.0,0.0,7825
2023-05-10 21:03:05,al2311,al2311,18105.0,0.0,0.0,0.0,2,18030.0,18045.0,1,18105.0,18030.0,0.0,0.0,0.0,0.0,7825
2023-05-10 21:03:06,al2311,al2311,18105.0,0.0,0.0,0.0,2,18030.0,18040.0,1,18105.0,18030.0,0.0,0.0,0.0,0.0,7825
2023-05-10 21:03:06,al2311,al2311,18105.0,0.0,0.0,0.0,2,18030.0,18040.0,1,18105.0,18030.0,0.0,0.0,0.0,0.0,7825
2023-05-10 21:03:07,al2311,al2311,18105.0,0.0,0.0,0.0,2,18030.0,18040.0,1,18105.0,18030.0,0.0,0.0,0.0,0.0,7825
2023-05-10 21:03:07,al2311,al2311,18105.0,0.0,0.0,0.0,2,18030.0,18040.0,1,18105.0,18030.0,0.0,0.0,0.0,0.0,7825
2023-05-10 21:03:11,al2311,al2311,18105.0,0.0,0.0,0.0,2,18030.0,18055.0,2,18105.0,18030.0,0.0,0.0,0.0,0.0,7825
2023-05-10 21:03:12,al2311,al2311,18105.0,0.0,0.0,0.0,2,18030.0,18050.0,1,18105.0,18030.0,0.0,0.0,0.0,0.0,7825
2023-05-10 21:03:12,al2311,al2311,18105.0,0.0,0.0,0.0,2,18030.0,18045.0,1,18105.0,18030.0,0.0,0.0,0.0,0.0,7825
2023-05-10 21:03:15,al2311,al2311,18105.0,0.0,0.0,0.0,2,18030.0,18045.0,1,18105.0,18030.0,0.0,0.0,0.0,0.0,7825
2023-05-10 21:03:16,al2311,al2311,18105.0,0.0,0.0,0.0,2,18030.0,18050.0,1,18105.0,18030.0,0.0,0.0,0.0,0.0,7825
2023-05-10 21:03:17,al2311,al2311,18105.0,0.0,0.0,0.0,2,18030.0,18045.0,1,18105.0,18030.0,0.0,0.0,0.0,0.0,7825
2023-05-10 21:03:19,al2311,al2311,18105.0,0.0,0.0,0.0,1,18030.0,18045.0,1,18105.0,18030.0,0.0,0.0,0.0,0.0,7825
2023-05-10 21:03:20,al2311,al2311,18105.0,0.0,0.0,0.0,1,18030.0,18045.0,1,18105.0,18030.0,0.0,0.0,0.0,0.0,7825
2023-05-10 21:03:21,al2311,al2311,18105.0,0.0,0.0,0.0,1,18030.0,18050.0,1,18105.0,18030.0,0.0,0.0,0.0,0.0,7825
2023-05-10 21:03:21,al2311,al2311,18105.0,0.0,0.0,0.0,1,18030.0,18050.0,2,18105.0,18030.0,0.0,0.0,0.0,0.0,7825
2023-05-10 21:03:28,al2311,al2311,18105.0,0.0,0.0,0.0,1,18030.0,18050.0,2,18105.0,18030.0,0.0,0.0,0.0,0.0,7825
2023-05-10 21:03:30,al2311,al2311,18105.0,0.0,0.0,0.0,1,18030.0,18050.0,1,18105.0,18030.0,0.0,0.0,0.0,0.0,7825
2023-05-10 21:03:30,al2311,al2311,18105.0,0.0,0.0,0.0,1,18030.0,18050.0,2,18105.0,18030.0,0.0,0.0,0.0,0.0,7825
2023-05-10 21:03:34,al2311,al2311,18105.0,0.0,0.0,0.0,1,18030.0,18050.0,2,18105.0,18030.0,0.0,0.0,0.0,0.0,7825
2023-05-10 21:03:39,al2311,al2311,18105.0,0.0,0.0,0.0,1,18030.0,18050.0,1,18105.0,18030.0,0.0,0.0,0.0,0.0,7825
2023-05-10 21:03:41,al2311,al2311,18105.0,0.0,0.0,0.0,1,18030.0,18045.0,1,18105.0,18030.0,0.0,0.0,0.0,0.0,7825
2023-05-10 21:03:41,al2311,al2311,18105.0,0.0,0.0,0.0,1,18030.0,18045.0,1,18105.0,18030.0,0.0,0.0,0.0,0.0,7825
2023-05-10 21:03:42,al2311,al2311,18105.0,0.0,0.0,0.0,1,18030.0,18045.0,2,18105.0,18030.0,0.0,0.0,0.0,0.0,7825
2023-05-10 21:03:43,al2311,al2311,18105.0,0.0,0.0,0.0,1,18030.0,18070.0,2,18105.0,18030.0,0.0,0.0,0.0,0.0,7825
2023-05-10 21:03:44,al2311,al2311,18105.0,0.0,0.0,0.0,1,18030.0,18055.0,3,18105.0,18030.0,0.0,0.0,0.0,0.0,7825
2023-05-10 21:03:44,al2311,al2311,18105.0,0.0,0.0,0.0,1,18030.0,18055.0,3,18105.0,18030.0,0.0,0.0,0.0,0.0,7825
2023-05-10 21:03:45,al2311,al2311,18030.0,1.0,90150.0,0.0,2,18025.0,18055.0,3,18105.0,18030.0,18030.0,18030.0,1.0,90150.0,7825
2023-05-10 21:03:45,al2311,al2311,18030.0,0.0,0.0,0.0,1,18010.0,18055.0,3,18105.0,18030.0,18030.0,18030.0,1.0,90150.0,7825
2023-05-10 21:03:46,al2311,al2311,18030.0,0.0,0.0,0.0,2,18010.0,18055.0,3,18105.0,18030.0,18030.0,18030.0,1.0,90150.0,7825
2023-05-10 21:03:46,al2311,al2311,18030.0,0.0,0.0,0.0,1,18010.0,18055.0,3,18105.0,18030.0,18030.0,18030.0,1.0,90150.0,7825
2023-05-10 21:03:47,al2311,al2311,18030.0,0.0,0.0,0.0,3,18010.0,18055.0,3,18105.0,18030.0,18030.0,18030.0,1.0,90150.0,7825
2023-05-10 21:03:48,al2311,al2311,18030.0,0.0,0.0,0.0,2,18010.0,18055.0,3,18105.0,18030.0,18030.0,18030.0,1.0,90150.0,7825
2023-05-10 21:03:49,al2311,al2311,18030.0,0.0,0.0,0.0,2,18010.0,18055.0,4,18105.0,18030.0,18030.0,18030.0,1.0,90150.0,7825
2023-05-10 21:03:49,al2311,al2311,18030.0,0.0,0.0,0.0,1,18010.0,18055.0,4,18105.0,18030.0,18030.0,18030.0,1.0,90150.0,7825
2023-05-10 21:03:50,al2311,al2311,18030.0,0.0,0.0,0.0,2,18010.0,18055.0,4,18105.0,18030.0,18030.0,18030.0,1.0,90150.0,7825
2023-05-10 21:03:51,al2311,al2311,18030.0,0.0,0.0,0.0,2,18015.0,18055.0,4,18105.0,18030.0,18030.0,18030.0,1.0,90150.0,7825
2023-05-10 21:03:52,al2311,al2311,18030.0,0.0,0.0,0.0,2,18015.0,18055.0,3,18105.0,18030.0,18030.0,18030.0,1.0,90150.0,7825
2023-05-10 21:03:53,al2311,al2311,18030.0,0.0,0.0,0.0,2,18015.0,18045.0,1,18105.0,18030.0,18030.0,18030.0,1.0,90150.0,7825
2023-05-10 21:03:53,al2311,al2311,18030.0,0.0,0.0,0.0,1,18010.0,18045.0,1,18105.0,18030.0,18030.0,18030.0,1.0,90150.0,7825
2023-05-10 21:03:54,al2311,al2311,18030.0,0.0,0.0,0.0,16,18010.0,18045.0,1,18105.0,18030.0,18030.0,18030.0,1.0,90150.0,7825
2023-05-10 21:03:56,al2311,al2311,18030.0,0.0,0.0,0.0,16,18010.0,18045.0,1,18105.0,18030.0,18030.0,18030.0,1.0,90150.0,7825
2023-05-10 21:03:56,al2311,al2311,18030.0,0.0,0.0,0.0,30,18015.0,18040.0,1,18105.0,18030.0,18030.0,18030.0,1.0,90150.0,7825
2023-05-10 21:03:57,al2311,al2311,18030.0,0.0,0.0,0.0,30,18015.0,18040.0,1,18105.0,18030.0,18030.0,18030.0,1.0,90150.0,7825
2023-05-10 21:03:57,al2311,al2311,18030.0,0.0,0.0,0.0,30,18015.0,18035.0,1,18105.0,18030.0,18030.0,18030.0,1.0,90150.0,7825
2023-05-10 21:03:58,al2311,al2311,18015.0,1.0,90075.0,-1.0,29,18015.0,18035.0,1,18105.0,18030.0,18030.0,18015.0,2.0,180225.0,7824
2023-05-10 21:03:59,al2311,al2311,18015.0,0.0,0.0,0.0,14,18015.0,18035.0,1,18105.0,18030.0,18030.0,18015.0,2.0,180225.0,7824
2023-05-10 21:03:59,al2311,al2311,18015.0,0.0,0.0,0.0,14,18015.0,18030.0,1,18105.0,18030.0,18030.0,18015.0,2.0,180225.0,7824
2023-05-10 21:04:00,al2311,al2311,18015.0,0.0,0.0,0.0,14,18015.0,18050.0,1,18105.0,18030.0,18030.0,18015.0,2.0,180225.0,7824
2023-05-10 21:04:01,al2311,al2311,18015.0,0.0,0.0,0.0,14,18015.0,18035.0,1,18105.0,18030.0,18030.0,18015.0,2.0,180225.0,7824
2023-05-10 21:04:01,al2311,al2311,18015.0,0.0,0.0,0.0,14,18015.0,18035.0,1,18105.0,18030.0,18030.0,18015.0,2.0,180225.0,7824
2023-05-10 21:04:06,al2311,al2311,18015.0,0.0,0.0,0.0,14,18015.0,18035.0,1,18105.0,18030.0,18030.0,18015.0,2.0,180225.0,7824
2023-05-10 21:04:07,al2311,al2311,18015.0,0.0,0.0,0.0,14,18015.0,18030.0,1,18105.0,18030.0,18030.0,18015.0,2.0,180225.0,7824
2023-05-10 21:04:07,al2311,al2311,18015.0,0.0,0.0,0.0,14,18015.0,18030.0,1,18105.0,18030.0,18030.0,18015.0,2.0,180225.0,7824
2023-05-10 21:04:08,al2311,al2311,18015.0,0.0,0.0,0.0,14,18015.0,18030.0,2,18105.0,18030.0,18030.0,18015.0,2.0,180225.0,7824
2023-05-10 21:04:10,al2311,al2311,18015.0,0.0,0.0,0.0,14,18015.0,18030.0,2,18105.0,18030.0,18030.0,18015.0,2.0,180225.0,7824
2023-05-10 21:04:10,al2311,al2311,18015.0,0.0,0.0,0.0,14,18015.0,18030.0,3,18105.0,18030.0,18030.0,18015.0,2.0,180225.0,7824
2023-05-10 21:04:12,al2311,al2311,18015.0,0.0,0.0,0.0,14,18015.0,18030.0,3,18105.0,18030.0,18030.0,18015.0,2.0,180225.0,7824
2023-05-10 21:04:13,al2311,al2311,18015.0,0.0,0.0,0.0,14,18015.0,18030.0,3,18105.0,18030.0,18030.0,18015.0,2.0,180225.0,7824
2023-05-10 21:04:13,al2311,al2311,18015.0,0.0,0.0,0.0,14,18015.0,18030.0,3,18105.0,18030.0,18030.0,18015.0,2.0,180225.0,7824
2023-05-10 21:04:15,al2311,al2311,18015.0,2.0,180150.0,0.0,12,18015.0,18030.0,3,18105.0,18030.0,18030.0,18015.0,4.0,360375.0,7824
2023-05-10 21:04:16,al2311,al2311,18015.0,0.0,0.0,0.0,12,18015.0,18030.0,2,18105.0,18030.0,18030.0,18015.0,4.0,360375.0,7824
2023-05-10 21:04:17,al2311,al2311,18015.0,0.0,0.0,0.0,12,18015.0,18020.0,1,18105.0,18030.0,18030.0,18015.0,4.0,360375.0,7824
2023-05-10 21:04:17,al2311,al2311,18015.0,12.0,1080900.0,-9.0,15,18010.0,18020.0,1,18105.0,18030.0,18030.0,18015.0,16.0,1441275.0,7815
2023-05-10 21:04:18,al2311,al2311,18010.0,1.0,90050.0,0.0,14,18010.0,18015.0,1,18105.0,18030.0,18030.0,18010.0,17.0,1531325.0,7815
2023-05-10 21:04:18,al2311,al2311,18015.0,1.0,90075.0,-1.0,14,18010.0,18020.0,1,18105.0,18030.0,18030.0,18010.0,18.0,1621400.0,7814
2023-05-10 21:04:19,al2311,al2311,18015.0,0.0,0.0,0.0,14,18010.0,18040.0,1,18105.0,18030.0,18030.0,18010.0,18.0,1621400.0,7814
2023-05-10 21:04:19,al2311,al2311,18015.0,0.0,0.0,0.0,14,18010.0,18020.0,1,18105.0,18030.0,18030.0,18010.0,18.0,1621400.0,7814
2023-05-10 21:04:20,al2311,al2311,18015.0,0.0,0.0,0.0,11,18015.0,18020.0,1,18105.0,18030.0,18030.0,18010.0,18.0,1621400.0,7814
2023-05-10 21:04:21,al2311,al2311,18015.0,0.0,0.0,0.0,11,18015.0,18020.0,1,18105.0,18030.0,18030.0,18010.0,18.0,1621400.0,7814
2023-05-10 21:04:22,al2311,al2311,18015.0,0.0,0.0,0.0,26,18015.0,18020.0,1,18105.0,18030.0,18030.0,18010.0,18.0,1621400.0,7814
2023-05-10 21:04:24,al2311,al2311,18015.0,0.0,0.0,0.0,11,18015.0,18020.0,1,18105.0,18030.0,18030.0,18010.0,18.0,1621400.0,7814
2023-05-10 21:04:27,al2311,al2311,18015.0,0.0,0.0,0.0,11,18015.0,18040.0,3,18105.0,18030.0,18030.0,18010.0,18.0,1621400.0,7814
2023-05-10 21:04:27,al2311,al2311,18015.0,0.0,0.0,0.0,11,18015.0,18025.0,1,18105.0,18030.0,18030.0,18010.0,18.0,1621400.0,7814
2023-05-10 21:04:28,al2311,al2311,18015.0,0.0,0.0,0.0,11,18015.0,18025.0,1,18105.0,18030.0,18030.0,18010.0,18.0,1621400.0,7814
2023-05-10 21:04:28,al2311,al2311,18015.0,1.0,90075.0,0.0,10,18015.0,18025.0,1,18105.0,18030.0,18030.0,18010.0,19.0,1711475.0,7814
2023-05-10 21:04:29,al2311,al2311,18015.0,1.0,90075.0,0.0,9,18015.0,18025.0,2,18105.0,18030.0,18030.0,18010.0,20.0,1801550.0,7814
2023-05-10 21:04:30,al2311,al2311,18015.0,0.0,0.0,0.0,14,18010.0,18025.0,2,18105.0,18030.0,18030.0,18010.0,20.0,1801550.0,7814
2023-05-10 21:04:31,al2311,al2311,18015.0,0.0,0.0,0.0,14,18010.0,18025.0,1,18105.0,18030.0,18030.0,18010.0,20.0,1801550.0,7814
2023-05-10 21:04:33,al2311,al2311,18015.0,0.0,0.0,0.0,14,18010.0,18020.0,2,18105.0,18030.0,18030.0,18010.0,20.0,1801550.0,7814
2023-05-10 21:04:34,al2311,al2311,18015.0,0.0,0.0,0.0,1,17990.0,18020.0,2,18105.0,18030.0,18030.0,18010.0,20.0,1801550.0,7814
2023-05-10 21:04:34,al2311,al2311,18020.0,2.0,180200.0,2.0,1,18005.0,18025.0,1,18105.0,18030.0,18030.0,18010.0,22.0,1981750.0,7816
2023-05-10 21:04:35,al2311,al2311,18020.0,0.0,0.0,0.0,1,18005.0,18025.0,1,18105.0,18030.0,18030.0,18010.0,22.0,1981750.0,7816
2023-05-10 21:04:36,al2311,al2311,18020.0,0.0,0.0,0.0,1,17995.0,18020.0,1,18105.0,18030.0,18030.0,18010.0,22.0,1981750.0,7816
2023-05-10 21:04:36,al2311,al2311,18020.0,1.0,90100.0,-1.0,2,18000.0,18020.0,1,18105.0,18030.0,18030.0,18010.0,23.0,2071850.0,7815
2023-05-10 21:04:37,al2311,al2311,18020.0,1.0,90100.0,0.0,2,18000.0,18025.0,1,18105.0,18030.0,18030.0,18010.0,24.0,2161950.0,7815
2023-05-10 21:04:38,al2311,al2311,18020.0,0.0,0.0,0.0,1,18000.0,18025.0,1,18105.0,18030.0,18030.0,18010.0,24.0,2161950.0,7815
2023-05-10 21:04:38,al2311,al2311,18020.0,0.0,0.0,0.0,1,18000.0,18020.0,3,18105.0,18030.0,18030.0,18010.0,24.0,2161950.0,7815
2023-05-10 21:04:39,al2311,al2311,18020.0,3.0,270300.0,2.0,2,18000.0,18025.0,1,18105.0,18030.0,18030.0,18010.0,27.0,2432250.0,7817
2023-05-10 21:04:42,al2311,al2311,18020.0,0.0,0.0,0.0,2,18000.0,18025.0,2,18105.0,18030.0,18030.0,18010.0,27.0,2432250.0,7817
2023-05-10 21:04:44,al2311,al2311,18020.0,0.0,0.0,0.0,5,18005.0,18025.0,2,18105.0,18030.0,18030.0,18010.0,27.0,2432250.0,7817
2023-05-10 21:04:44,al2311,al2311,18020.0,0.0,0.0,0.0,1,18010.0,18040.0,3,18105.0,18030.0,18030.0,18010.0,27.0,2432250.0,7817
2023-05-10 21:04:45,al2311,al2311,18020.0,0.0,0.0,0.0,5,18005.0,18025.0,1,18105.0,18030.0,18030.0,18010.0,27.0,2432250.0,7817
2023-05-10 21:04:45,al2311,al2311,18020.0,0.0,0.0,0.0,5,18005.0,18025.0,1,18105.0,18030.0,18030.0,18010.0,27.0,2432250.0,7817
2023-05-10 21:04:47,al2311,al2311,18020.0,0.0,0.0,0.0,3,18010.0,18025.0,1,18105.0,18030.0,18030.0,18010.0,27.0,2432250.0,7817
2023-05-10 21:04:48,al2311,al2311,18020.0,0.0,0.0,0.0,3,18010.0,18020.0,1,18105.0,18030.0,18030.0,18010.0,27.0,2432250.0,7817
2023-05-10 21:04:49,al2311,al2311,18020.0,0.0,0.0,0.0,3,18010.0,18020.0,1,18105.0,18030.0,18030.0,18010.0,27.0,2432250.0,7817
2023-05-10 21:04:49,al2311,al2311,18020.0,0.0,0.0,0.0,3,18010.0,18020.0,2,18105.0,18030.0,18030.0,18010.0,27.0,2432250.0,7817
2023-05-10 21:04:50,al2311,al2311,18020.0,0.0,0.0,0.0,3,18010.0,18020.0,1,18105.0,18030.0,18030.0,18010.0,27.0,2432250.0,7817
2023-05-10 21:04:50,al2311,al2311,18020.0,0.0,0.0,0.0,3,18010.0,18015.0,1,18105.0,18030.0,18030.0,18010.0,27.0,2432250.0,7817
2023-05-10 21:04:53,al2311,al2311,18010.0,3.0,270150.0,0.0,1,17980.0,18015.0,1,18105.0,18030.0,18030.0,18010.0,30.0,2702400.0,7817
2023-05-10 21:04:53,al2311,al2311,18010.0,0.0,0.0,0.0,1,18005.0,18015.0,1,18105.0,18030.0,18030.0,18010.0,30.0,2702400.0,7817
2023-05-10 21:04:54,al2311,al2311,18010.0,0.0,0.0,0.0,1,18005.0,18015.0,1,18105.0,18030.0,18030.0,18010.0,30.0,2702400.0,7817
2023-05-10 21:04:56,al2311,al2311,18010.0,0.0,0.0,0.0,1,17985.0,18015.0,1,18105.0,18030.0,18030.0,18010.0,30.0,2702400.0,7817
2023-05-10 21:04:57,al2311,al2311,18010.0,0.0,0.0,0.0,1,17990.0,18015.0,1,18105.0,18030.0,18030.0,18010.0,30.0,2702400.0,7817
2023-05-10 21:04:57,al2311,al2311,18010.0,0.0,0.0,0.0,2,17995.0,18025.0,1,18105.0,18030.0,18030.0,18010.0,30.0,2702400.0,7817
2023-05-10 21:04:58,al2311,al2311,18010.0,0.0,0.0,0.0,1,17995.0,18020.0,1,18105.0,18030.0,18030.0,18010.0,30.0,2702400.0,7817
2023-05-10 21:04:58,al2311,al2311,18010.0,0.0,0.0,0.0,2,17995.0,18020.0,1,18105.0,18030.0,18030.0,18010.0,30.0,2702400.0,7817
2023-05-10 21:04:59,al2311,al2311,18010.0,0.0,0.0,0.0,1,17995.0,18015.0,1,18105.0,18030.0,18030.0,18010.0,30.0,2702400.0,7817
2023-05-10 21:04:59,al2311,al2311,18010.0,0.0,0.0,0.0,2,17995.0,18015.0,1,18105.0,18030.0,18030.0,18010.0,30.0,2702400.0,7817
2023-05-10 21:05:00,al2311,al2311,18010.0,0.0,0.0,0.0,1,17995.0,18015.0,1,18105.0,18030.0,18030.0,18010.0,30.0,2702400.0,7817
2023-05-10 21:05:01,al2311,al2311,18010.0,0.0,0.0,0.0,2,17995.0,18015.0,1,18105.0,18030.0,18030.0,18010.0,30.0,2702400.0,7817
2023-05-10 21:05:02,al2311,al2311,18010.0,0.0,0.0,0.0,1,17995.0,18015.0,1,18105.0,18030.0,18030.0,18010.0,30.0,2702400.0,7817
2023-05-10 21:05:02,al2311,al2311,18010.0,0.0,0.0,0.0,2,17995.0,18015.0,1,18105.0,18030.0,18030.0,18010.0,30.0,2702400.0,7817
2023-05-10 21:05:06,al2311,al2311,18010.0,0.0,0.0,0.0,2,17995.0,18015.0,1,18105.0,18030.0,18030.0,18010.0,30.0,2702400.0,7817
2023-05-10 21:05:07,al2311,al2311,18010.0,0.0,0.0,0.0,1,17995.0,18015.0,1,18105.0,18030.0,18030.0,18010.0,30.0,2702400.0,7817
2023-05-10 21:05:08,al2311,al2311,18010.0,0.0,0.0,0.0,1,17985.0,18015.0,1,18105.0,18030.0,18030.0,18010.0,30.0,2702400.0,7817
2023-05-10 21:05:08,al2311,al2311,18010.0,0.0,0.0,0.0,1,18000.0,18010.0,1,18105.0,18030.0,18030.0,18010.0,30.0,2702400.0,7817
2023-05-10 21:05:09,al2311,al2311,18010.0,0.0,0.0,0.0,1,17995.0,18010.0,1,18105.0,18030.0,18030.0,18010.0,30.0,2702400.0,7817
2023-05-10 21:05:13,al2311,al2311,18010.0,0.0,0.0,0.0,1,18000.0,18010.0,1,18105.0,18030.0,18030.0,18010.0,30.0,2702400.0,7817
2023-05-10 21:05:13,al2311,al2311,18010.0,0.0,0.0,0.0,1,18000.0,18010.0,1,18105.0,18030.0,18030.0,18010.0,30.0,2702400.0,7817
2023-05-10 21:05:15,al2311,al2311,18010.0,1.0,90050.0,0.0,3,18010.0,18015.0,1,18105.0,18030.0,18030.0,18010.0,31.0,2792450.0,7817
2023-05-10 21:05:15,al2311,al2311,17970.0,5.0,450000.0,2.0,1,17965.0,18005.0,3,18105.0,18030.0,18030.0,17970.0,36.0,3242450.0,7819
2023-05-10 21:05:16,al2311,al2311,17970.0,2.0,179700.0,1.0,1,18000.0,18010.0,2,18105.0,18030.0,18030.0,17970.0,38.0,3422150.0,7820
2023-05-10 21:05:16,al2311,al2311,18000.0,1.0,90000.0,0.0,1,17970.0,18010.0,1,18105.0,18030.0,18030.0,17970.0,39.0,3512150.0,7820
2023-05-10 21:05:17,al2311,al2311,18000.0,0.0,0.0,0.0,1,17985.0,18010.0,1,18105.0,18030.0,18030.0,17970.0,39.0,3512150.0,7820
2023-05-10 21:05:17,al2311,al2311,18000.0,0.0,0.0,0.0,1,17990.0,18010.0,2,18105.0,18030.0,18030.0,17970.0,39.0,3512150.0,7820
2023-05-10 21:05:18,al2311,al2311,18000.0,0.0,0.0,0.0,1,17990.0,18010.0,1,18105.0,18030.0,18030.0,17970.0,39.0,3512150.0,7820
2023-05-10 21:05:18,al2311,al2311,18000.0,0.0,0.0,0.0,1,17975.0,18010.0,1,18105.0,18030.0,18030.0,17970.0,39.0,3512150.0,7820
2023-05-10 21:05:19,al2311,al2311,18000.0,0.0,0.0,0.0,1,17985.0,18010.0,2,18105.0,18030.0,18030.0,17970.0,39.0,3512150.0,7820
2023-05-10 21:05:19,al2311,al2311,18000.0,0.0,0.0,0.0,1,17990.0,18010.0,1,18105.0,18030.0,18030.0,17970.0,39.0,3512150.0,7820
2023-05-10 21:05:20,al2311,al2311,18000.0,0.0,0.0,0.0,2,17990.0,18010.0,2,18105.0,18030.0,18030.0,17970.0,39.0,3512150.0,7820
2023-05-10 21:05:20,al2311,al2311,18000.0,0.0,0.0,0.0,2,17990.0,18010.0,1,18105.0,18030.0,18030.0,17970.0,39.0,3512150.0,7820
2023-05-10 21:05:21,al2311,al2311,18000.0,0.0,0.0,0.0,2,17990.0,18020.0,1,18105.0,18030.0,18030.0,17970.0,39.0,3512150.0,7820
2023-05-10 21:05:22,al2311,al2311,18000.0,0.0,0.0,0.0,1,17990.0,18015.0,1,18105.0,18030.0,18030.0,17970.0,39.0,3512150.0,7820
2023-05-10 21:05:22,al2311,al2311,18000.0,0.0,0.0,0.0,1,17990.0,18015.0,1,18105.0,18030.0,18030.0,17970.0,39.0,3512150.0,7820
2023-05-10 21:05:23,al2311,al2311,18000.0,0.0,0.0,0.0,1,17995.0,18015.0,1,18105.0,18030.0,18030.0,17970.0,39.0,3512150.0,7820
2023-05-10 21:05:23,al2311,al2311,18000.0,0.0,0.0,0.0,1,17995.0,18015.0,1,18105.0,18030.0,18030.0,17970.0,39.0,3512150.0,7820
2023-05-10 21:05:24,al2311,al2311,18000.0,0.0,0.0,0.0,1,17985.0,18015.0,1,18105.0,18030.0,18030.0,17970.0,39.0,3512150.0,7820
2023-05-10 21:05:25,al2311,al2311,18000.0,0.0,0.0,0.0,1,17990.0,18015.0,1,18105.0,18030.0,18030.0,17970.0,39.0,3512150.0,7820
2023-05-10 21:05:26,al2311,al2311,18000.0,0.0,0.0,0.0,1,17995.0,18015.0,1,18105.0,18030.0,18030.0,17970.0,39.0,3512150.0,7820
2023-05-10 21:05:26,al2311,al2311,18000.0,0.0,0.0,0.0,1,17990.0,18015.0,1,18105.0,18030.0,18030.0,17970.0,39.0,3512150.0,7820
2023-05-10 21:05:27,al2311,al2311,18000.0,0.0,0.0,0.0,1,17990.0,18015.0,1,18105.0,18030.0,18030.0,17970.0,39.0,3512150.0,7820
2023-05-10 21:05:27,al2311,al2311,18000.0,0.0,0.0,0.0,1,17995.0,18015.0,1,18105.0,18030.0,18030.0,17970.0,39.0,3512150.0,7820
2023-05-10 21:05:28,al2311,al2311,18000.0,0.0,0.0,0.0,1,17995.0,18010.0,1,18105.0,18030.0,18030.0,17970.0,39.0,3512150.0,7820
2023-05-10 21:05:28,al2311,al2311,18000.0,0.0,0.0,0.0,1,17985.0,18010.0,1,18105.0,18030.0,18030.0,17970.0,39.0,3512150.0,7820
2023-05-10 21:05:29,al2311,al2311,18000.0,0.0,0.0,0.0,2,17985.0,18010.0,1,18105.0,18030.0,18030.0,17970.0,39.0,3512150.0,7820
2023-05-10 21:05:29,al2311,al2311,18000.0,0.0,0.0,0.0,2,17985.0,18010.0,1,18105.0,18030.0,18030.0,17970.0,39.0,3512150.0,7820
2023-05-10 21:05:30,al2311,al2311,18000.0,0.0,0.0,0.0,1,17985.0,18010.0,2,18105.0,18030.0,18030.0,17970.0,39.0,3512150.0,7820
2023-05-10 21:05:30,al2311,al2311,18000.0,0.0,0.0,0.0,2,17985.0,18010.0,2,18105.0,18030.0,18030.0,17970.0,39.0,3512150.0,7820
2023-05-10 21:05:33,al2311,al2311,18000.0,0.0,0.0,0.0,1,17985.0,18010.0,2,18105.0,18030.0,18030.0,17970.0,39.0,3512150.0,7820
2023-05-10 21:05:34,al2311,al2311,18000.0,0.0,0.0,0.0,1,17985.0,18010.0,4,18105.0,18030.0,18030.0,17970.0,39.0,3512150.0,7820
2023-05-10 21:05:36,al2311,al2311,18000.0,0.0,0.0,0.0,1,17985.0,18010.0,4,18105.0,18030.0,18030.0,17970.0,39.0,3512150.0,7820
2023-05-10 21:05:37,al2311,al2311,18000.0,0.0,0.0,0.0,1,17985.0,18000.0,1,18105.0,18030.0,18030.0,17970.0,39.0,3512150.0,7820
2023-05-10 21:05:43,al2311,al2311,18000.0,0.0,0.0,0.0,1,17985.0,18000.0,1,18105.0,18030.0,18030.0,17970.0,39.0,3512150.0,7820
2023-05-10 21:05:49,al2311,al2311,18000.0,1.0,90000.0,0.0,1,17985.0,18010.0,3,18105.0,18030.0,18030.0,17970.0,40.0,3602150.0,7820
2023-05-10 21:05:49,al2311,al2311,18000.0,0.0,0.0,0.0,1,17990.0,18010.0,1,18105.0,18030.0,18030.0,17970.0,40.0,3602150.0,7820
2023-05-10 21:05:50,al2311,al2311,18000.0,0.0,0.0,0.0,1,17995.0,18010.0,1,18105.0,18030.0,18030.0,17970.0,40.0,3602150.0,7820
2023-05-10 21:05:51,al2311,al2311,18000.0,0.0,0.0,0.0,1,17985.0,18010.0,1,18105.0,18030.0,18030.0,17970.0,40.0,3602150.0,7820
2023-05-10 21:05:51,al2311,al2311,18000.0,0.0,0.0,0.0,10,17980.0,18010.0,1,18105.0,18030.0,18030.0,17970.0,40.0,3602150.0,7820
2023-05-10 21:05:52,al2311,al2311,18000.0,0.0,0.0,0.0,1,17985.0,18010.0,1,18105.0,18030.0,18030.0,17970.0,40.0,3602150.0,7820
2023-05-10 21:05:52,al2311,al2311,18000.0,0.0,0.0,0.0,10,17980.0,18010.0,1,18105.0,18030.0,18030.0,17970.0,40.0,3602150.0,7820
2023-05-10 21:05:53,al2311,al2311,18000.0,0.0,0.0,0.0,1,17985.0,18010.0,1,18105.0,18030.0,18030.0,17970.0,40.0,3602150.0,7820
2023-05-10 21:05:53,al2311,al2311,18000.0,0.0,0.0,0.0,1,17985.0,18010.0,2,18105.0,18030.0,18030.0,17970.0,40.0,3602150.0,7820
2023-05-10 21:05:54,al2311,al2311,18000.0,0.0,0.0,0.0,1,17985.0,18010.0,1,18105.0,18030.0,18030.0,17970.0,40.0,3602150.0,7820
2023-05-10 21:05:55,al2311,al2311,18000.0,0.0,0.0,0.0,2,17985.0,18010.0,1,18105.0,18030.0,18030.0,17970.0,40.0,3602150.0,7820
2023-05-10 21:05:57,al2311,al2311,18000.0,0.0,0.0,0.0,1,17985.0,18005.0,1,18105.0,18030.0,18030.0,17970.0,40.0,3602150.0,7820
2023-05-10 21:05:58,al2311,al2311,18000.0,0.0,0.0,0.0,1,17985.0,18010.0,1,18105.0,18030.0,18030.0,17970.0,40.0,3602150.0,7820
2023-05-10 21:05:58,al2311,al2311,18000.0,0.0,0.0,0.0,2,17985.0,18005.0,1,18105.0,18030.0,18030.0,17970.0,40.0,3602150.0,7820
2023-05-10 21:05:59,al2311,al2311,18005.0,1.0,90025.0,0.0,2,17985.0,18010.0,1,18105.0,18030.0,18030.0,17970.0,41.0,3692175.0,7820
2023-05-10 21:06:00,al2311,al2311,18005.0,0.0,0.0,0.0,2,17985.0,18020.0,1,18105.0,18030.0,18030.0,17970.0,41.0,3692175.0,7820
2023-05-10 21:06:00,al2311,al2311,18005.0,0.0,0.0,0.0,1,17985.0,18020.0,2,18105.0,18030.0,18030.0,17970.0,41.0,3692175.0,7820
2023-05-10 21:06:01,al2311,al2311,18005.0,0.0,0.0,0.0,1,17990.0,18020.0,2,18105.0,18030.0,18030.0,17970.0,41.0,3692175.0,7820
2023-05-10 21:06:01,al2311,al2311,18005.0,0.0,0.0,0.0,1,17995.0,18020.0,2,18105.0,18030.0,18030.0,17970.0,41.0,3692175.0,7820
2023-05-10 21:06:02,al2311,al2311,18005.0,0.0,0.0,0.0,1,17995.0,18020.0,4,18105.0,18030.0,18030.0,17970.0,41.0,3692175.0,7820
2023-05-10 21:06:02,al2311,al2311,18005.0,0.0,0.0,0.0,1,17995.0,18020.0,6,18105.0,18030.0,18030.0,17970.0,41.0,3692175.0,7820
2023-05-10 21:06:03,al2311,al2311,18005.0,0.0,0.0,0.0,1,17995.0,18020.0,4,18105.0,18030.0,18030.0,17970.0,41.0,3692175.0,7820
2023-05-10 21:06:05,al2311,al2311,18005.0,0.0,0.0,0.0,1,17995.0,18020.0,2,18105.0,18030.0,18030.0,17970.0,41.0,3692175.0,7820
2023-05-10 21:06:11,al2311,al2311,18005.0,0.0,0.0,0.0,1,17995.0,18020.0,1,18105.0,18030.0,18030.0,17970.0,41.0,3692175.0,7820
2023-05-10 21:06:11,al2311,al2311,18005.0,0.0,0.0,0.0,1,18000.0,18020.0,1,18105.0,18030.0,18030.0,17970.0,41.0,3692175.0,7820
2023-05-10 21:06:12,al2311,al2311,18005.0,0.0,0.0,0.0,1,18000.0,18020.0,1,18105.0,18030.0,18030.0,17970.0,41.0,3692175.0,7820
2023-05-10 21:06:13,al2311,al2311,18005.0,0.0,0.0,0.0,1,18005.0,18020.0,1,18105.0,18030.0,18030.0,17970.0,41.0,3692175.0,7820
2023-05-10 21:06:19,al2311,al2311,18005.0,0.0,0.0,0.0,1,18005.0,18030.0,1,18105.0,18030.0,18030.0,17970.0,41.0,3692175.0,7820
2023-05-10 21:06:19,al2311,al2311,18005.0,0.0,0.0,0.0,1,18005.0,18025.0,1,18105.0,18030.0,18030.0,17970.0,41.0,3692175.0,7820
2023-05-10 21:06:35,al2311,al2311,18005.0,0.0,0.0,0.0,11,18005.0,18025.0,1,18105.0,18030.0,18030.0,17970.0,41.0,3692175.0,7820
2023-05-10 21:06:36,al2311,al2311,18005.0,0.0,0.0,0.0,10,18005.0,18025.0,1,18105.0,18030.0,18030.0,17970.0,41.0,3692175.0,7820
2023-05-10 21:06:36,al2311,al2311,18005.0,0.0,0.0,0.0,10,18005.0,18020.0,1,18105.0,18030.0,18030.0,17970.0,41.0,3692175.0,7820
2023-05-10 21:06:37,al2311,al2311,18005.0,0.0,0.0,0.0,10,18005.0,18020.0,1,18105.0,18030.0,18030.0,17970.0,41.0,3692175.0,7820
2023-05-10 21:06:40,al2311,al2311,18005.0,0.0,0.0,0.0,10,18005.0,18020.0,1,18105.0,18030.0,18030.0,17970.0,41.0,3692175.0,7820
2023-05-10 21:06:47,al2311,al2311,18005.0,0.0,0.0,0.0,10,18005.0,18025.0,1,18105.0,18030.0,18030.0,17970.0,41.0,3692175.0,7820
2023-05-10 21:06:48,al2311,al2311,18005.0,0.0,0.0,0.0,1,18010.0,18030.0,3,18105.0,18030.0,18030.0,17970.0,41.0,3692175.0,7820
2023-05-10 21:06:48,al2311,al2311,18005.0,0.0,0.0,0.0,1,18010.0,18030.0,2,18105.0,18030.0,18030.0,17970.0,41.0,3692175.0,7820
2023-05-10 21:06:49,al2311,al2311,18005.0,0.0,0.0,0.0,10,18005.0,18030.0,2,18105.0,18030.0,18030.0,17970.0,41.0,3692175.0,7820
2023-05-10 21:06:51,al2311,al2311,18005.0,0.0,0.0,0.0,1,18010.0,18030.0,2,18105.0,18030.0,18030.0,17970.0,41.0,3692175.0,7820
2023-05-10 21:07:38,al2311,al2311,18005.0,0.0,0.0,0.0,1,18010.0,18030.0,2,18105.0,18030.0,18030.0,17970.0,41.0,3692175.0,7820
2023-05-10 21:07:38,al2311,al2311,18005.0,0.0,0.0,0.0,1,18010.0,18030.0,2,18105.0,18030.0,18030.0,17970.0,41.0,3692175.0,7820
2023-05-10 21:07:39,al2311,al2311,18005.0,0.0,0.0,0.0,10,18005.0,18030.0,2,18105.0,18030.0,18030.0,17970.0,41.0,3692175.0,7820
2023-05-10 21:07:44,al2311,al2311,18005.0,0.0,0.0,0.0,10,18005.0,18030.0,3,18105.0,18030.0,18030.0,17970.0,41.0,3692175.0,7820
2023-05-10 21:07:45,al2311,al2311,18005.0,0.0,0.0,0.0,10,18005.0,18030.0,2,18105.0,18030.0,18030.0,17970.0,41.0,3692175.0,7820
2023-05-10 21:07:46,al2311,al2311,18005.0,0.0,0.0,0.0,10,18005.0,18025.0,5,18105.0,18030.0,18030.0,17970.0,41.0,3692175.0,7820
2023-05-10 21:07:47,al2311,al2311,18005.0,0.0,0.0,0.0,10,18005.0,18025.0,5,18105.0,18030.0,18030.0,17970.0,41.0,3692175.0,7820
2023-05-10 21:07:48,al2311,al2311,18005.0,0.0,0.0,0.0,10,18005.0,18025.0,6,18105.0,18030.0,18030.0,17970.0,41.0,3692175.0,7820
2023-05-10 21:07:49,al2311,al2311,18005.0,0.0,0.0,0.0,1,18010.0,18025.0,5,18105.0,18030.0,18030.0,17970.0,41.0,3692175.0,7820
2023-05-10 21:07:50,al2311,al2311,18005.0,0.0,0.0,0.0,10,18005.0,18025.0,5,18105.0,18030.0,18030.0,17970.0,41.0,3692175.0,7820
2023-05-10 21:07:50,al2311,al2311,18005.0,0.0,0.0,0.0,1,18010.0,18025.0,5,18105.0,18030.0,18030.0,17970.0,41.0,3692175.0,7820
2023-05-10 21:07:51,al2311,al2311,18005.0,0.0,0.0,0.0,10,18005.0,18025.0,5,18105.0,18030.0,18030.0,17970.0,41.0,3692175.0,7820
2023-05-10 21:07:51,al2311,al2311,18005.0,0.0,0.0,0.0,10,18005.0,18030.0,1,18105.0,18030.0,18030.0,17970.0,41.0,3692175.0,7820
2023-05-10 21:07:52,al2311,al2311,18005.0,0.0,0.0,0.0,10,18005.0,18025.0,1,18105.0,18030.0,18030.0,17970.0,41.0,3692175.0,7820
2023-05-10 21:07:52,al2311,al2311,18005.0,0.0,0.0,0.0,1,18010.0,18030.0,1,18105.0,18030.0,18030.0,17970.0,41.0,3692175.0,7820
2023-05-10 21:07:53,al2311,al2311,18005.0,0.0,0.0,0.0,10,18005.0,18025.0,1,18105.0,18030.0,18030.0,17970.0,41.0,3692175.0,7820
2023-05-10 21:07:54,al2311,al2311,18005.0,0.0,0.0,0.0,10,18005.0,18030.0,1,18105.0,18030.0,18030.0,17970.0,41.0,3692175.0,7820
2023-05-10 21:07:54,al2311,al2311,18005.0,0.0,0.0,0.0,10,18005.0,18010.0,1,18105.0,18030.0,18030.0,17970.0,41.0,3692175.0,7820
2023-05-10 21:07:55,al2311,al2311,18010.0,1.0,90050.0,1.0,10,18005.0,18025.0,1,18105.0,18030.0,18030.0,17970.0,42.0,3782225.0,7821
2023-05-10 21:07:58,al2311,al2311,18010.0,0.0,0.0,0.0,10,18005.0,18025.0,6,18105.0,18030.0,18030.0,17970.0,42.0,3782225.0,7821
2023-05-10 21:07:59,al2311,al2311,18010.0,0.0,0.0,0.0,10,18005.0,18020.0,3,18105.0,18030.0,18030.0,17970.0,42.0,3782225.0,7821
2023-05-10 21:08:00,al2311,al2311,18010.0,0.0,0.0,0.0,10,18005.0,18020.0,3,18105.0,18030.0,18030.0,17970.0,42.0,3782225.0,7821
2023-05-10 21:08:00,al2311,al2311,18010.0,0.0,0.0,0.0,10,18005.0,18020.0,5,18105.0,18030.0,18030.0,17970.0,42.0,3782225.0,7821
2023-05-10 21:08:01,al2311,al2311,18010.0,0.0,0.0,0.0,10,18005.0,18020.0,4,18105.0,18030.0,18030.0,17970.0,42.0,3782225.0,7821
2023-05-10 21:08:01,al2311,al2311,18010.0,0.0,0.0,0.0,10,18005.0,18020.0,4,18105.0,18030.0,18030.0,17970.0,42.0,3782225.0,7821
2023-05-10 21:08:05,al2311,al2311,18010.0,0.0,0.0,0.0,10,18005.0,18010.0,2,18105.0,18030.0,18030.0,17970.0,42.0,3782225.0,7821
2023-05-10 21:08:06,al2311,al2311,18010.0,2.0,180100.0,0.0,10,18005.0,18020.0,4,18105.0,18030.0,18030.0,17970.0,44.0,3962325.0,7821
2023-05-10 21:08:08,al2311,al2311,18010.0,0.0,0.0,0.0,10,18005.0,18020.0,4,18105.0,18030.0,18030.0,17970.0,44.0,3962325.0,7821
2023-05-10 21:08:09,al2311,al2311,18010.0,0.0,0.0,0.0,10,18005.0,18020.0,4,18105.0,18030.0,18030.0,17970.0,44.0,3962325.0,7821
2023-05-10 21:08:09,al2311,al2311,18010.0,0.0,0.0,0.0,10,18005.0,18020.0,4,18105.0,18030.0,18030.0,17970.0,44.0,3962325.0,7821
2023-05-10 21:08:13,al2311,al2311,18010.0,0.0,0.0,0.0,10,18005.0,18015.0,5,18105.0,18030.0,18030.0,17970.0,44.0,3962325.0,7821
2023-05-10 21:08:14,al2311,al2311,18015.0,5.0,450375.0,0.0,10,18005.0,18020.0,4,18105.0,18030.0,18030.0,17970.0,49.0,4412700.0,7821
2023-05-10 21:08:14,al2311,al2311,18015.0,0.0,0.0,0.0,10,18005.0,18020.0,1,18105.0,18030.0,18030.0,17970.0,49.0,4412700.0,7821
2023-05-10 21:08:15,al2311,al2311,18015.0,0.0,0.0,0.0,10,18005.0,18020.0,1,18105.0,18030.0,18030.0,17970.0,49.0,4412700.0,7821
2023-05-10 21:08:15,al2311,al2311,18015.0,0.0,0.0,0.0,10,18005.0,18020.0,1,18105.0,18030.0,18030.0,17970.0,49.0,4412700.0,7821
2023-05-10 21:08:16,al2311,al2311,18005.0,2.0,180050.0,2.0,8,18005.0,18020.0,2,18105.0,18030.0,18030.0,17970.0,51.0,4592750.0,7823
2023-05-10 21:08:17,al2311,al2311,18005.0,0.0,0.0,0.0,8,18005.0,18010.0,5,18105.0,18030.0,18030.0,17970.0,51.0,4592750.0,7823
2023-05-10 21:08:18,al2311,al2311,18010.0,5.0,450250.0,0.0,1,18010.0,18020.0,1,18105.0,18030.0,18030.0,17970.0,56.0,5043000.0,7823
2023-05-10 21:08:18,al2311,al2311,18005.0,2.0,180075.0,1.0,7,18005.0,18015.0,3,18105.0,18030.0,18030.0,17970.0,58.0,5223075.0,7824
2023-05-10 21:08:19,al2311,al2311,18005.0,2.0,180050.0,2.0,5,18005.0,18015.0,3,18105.0,18030.0,18030.0,17970.0,60.0,5403125.0,7826
2023-05-10 21:08:23,al2311,al2311,18005.0,0.0,0.0,0.0,1,18010.0,18015.0,3,18105.0,18030.0,18030.0,17970.0,60.0,5403125.0,7826
2023-05-10 21:08:23,al2311,al2311,18005.0,0.0,0.0,0.0,1,18010.0,18015.0,3,18105.0,18030.0,18030.0,17970.0,60.0,5403125.0,7826
2023-05-10 21:08:25,al2311,al2311,18005.0,0.0,0.0,0.0,1,18010.0,18030.0,2,18105.0,18030.0,18030.0,17970.0,60.0,5403125.0,7826
2023-05-10 21:08:25,al2311,al2311,18005.0,0.0,0.0,0.0,1,18010.0,18030.0,3,18105.0,18030.0,18030.0,17970.0,60.0,5403125.0,7826
2023-05-10 21:08:26,al2311,al2311,18010.0,1.0,90050.0,0.0,6,18005.0,18010.0,3,18105.0,18030.0,18030.0,17970.0,61.0,5493175.0,7826
2023-05-10 21:08:26,al2311,al2311,18010.0,3.0,270150.0,2.0,6,18005.0,18025.0,1,18105.0,18030.0,18030.0,17970.0,64.0,5763325.0,7828
2023-05-10 21:08:27,al2311,al2311,18010.0,0.0,0.0,0.0,11,18005.0,18025.0,1,18105.0,18030.0,18030.0,17970.0,64.0,5763325.0,7828
2023-05-10 21:08:28,al2311,al2311,18010.0,0.0,0.0,0.0,1,18010.0,18025.0,9,18105.0,18030.0,18030.0,17970.0,64.0,5763325.0,7828
2023-05-10 21:08:29,al2311,al2311,18010.0,0.0,0.0,0.0,1,18010.0,18025.0,4,18105.0,18030.0,18030.0,17970.0,64.0,5763325.0,7828
2023-05-10 21:08:30,al2311,al2311,18010.0,1.0,90050.0,1.0,11,18005.0,18025.0,4,18105.0,18030.0,18030.0,17970.0,65.0,5853375.0,7829
2023-05-10 21:08:31,al2311,al2311,18005.0,1.0,90025.0,1.0,10,18005.0,18025.0,5,18105.0,18030.0,18030.0,17970.0,66.0,5943400.0,7830
2023-05-10 21:08:35,al2311,al2311,18005.0,0.0,0.0,0.0,10,18005.0,18010.0,1,18105.0,18030.0,18030.0,17970.0,66.0,5943400.0,7830
2023-05-10 21:08:36,al2311,al2311,18005.0,0.0,0.0,0.0,5,18005.0,18010.0,1,18105.0,18030.0,18030.0,17970.0,66.0,5943400.0,7830
2023-05-10 21:08:42,al2311,al2311,18005.0,0.0,0.0,0.0,5,18005.0,18010.0,1,18105.0,18030.0,18030.0,17970.0,66.0,5943400.0,7830
2023-05-10 21:08:43,al2311,al2311,18005.0,0.0,0.0,0.0,5,18005.0,18010.0,1,18105.0,18030.0,18030.0,17970.0,66.0,5943400.0,7830
2023-05-10 21:08:45,al2311,al2311,18005.0,0.0,0.0,0.0,5,18005.0,18025.0,5,18105.0,18030.0,18030.0,17970.0,66.0,5943400.0,7830
2023-05-10 21:09:04,al2311,al2311,18005.0,0.0,0.0,0.0,5,18005.0,18025.0,5,18105.0,18030.0,18030.0,17970.0,66.0,5943400.0,7830
2023-05-10 21:09:05,al2311,al2311,18005.0,0.0,0.0,0.0,5,18005.0,18025.0,5,18105.0,18030.0,18030.0,17970.0,66.0,5943400.0,7830
2023-05-10 21:09:05,al2311,al2311,18005.0,0.0,0.0,0.0,5,18005.0,18025.0,4,18105.0,18030.0,18030.0,17970.0,66.0,5943400.0,7830
2023-05-10 21:09:11,al2311,al2311,18005.0,0.0,0.0,0.0,5,18005.0,18025.0,5,18105.0,18030.0,18030.0,17970.0,66.0,5943400.0,7830
2023-05-10 21:09:11,al2311,al2311,18005.0,0.0,0.0,0.0,5,18005.0,18025.0,5,18105.0,18030.0,18030.0,17970.0,66.0,5943400.0,7830
2023-05-10 21:09:12,al2311,al2311,18005.0,0.0,0.0,0.0,5,18005.0,18025.0,5,18105.0,18030.0,18030.0,17970.0,66.0,5943400.0,7830
2023-05-10 21:09:12,al2311,al2311,18005.0,0.0,0.0,0.0,5,18005.0,18025.0,5,18105.0,18030.0,18030.0,17970.0,66.0,5943400.0,7830
2023-05-10 21:09:13,al2311,al2311,18005.0,0.0,0.0,0.0,5,18005.0,18025.0,5,18105.0,18030.0,18030.0,17970.0,66.0,5943400.0,7830
2023-05-10 21:09:14,al2311,al2311,18005.0,0.0,0.0,0.0,5,18005.0,18025.0,5,18105.0,18030.0,18030.0,17970.0,66.0,5943400.0,7830
2023-05-10 21:09:14,al2311,al2311,18005.0,0.0,0.0,0.0,5,18005.0,18025.0,5,18105.0,18030.0,18030.0,17970.0,66.0,5943400.0,7830
2023-05-10 21:09:15,al2311,al2311,18005.0,0.0,0.0,0.0,5,18005.0,18025.0,5,18105.0,18030.0,18030.0,17970.0,66.0,5943400.0,7830
2023-05-10 21:09:16,al2311,al2311,18005.0,0.0,0.0,0.0,5,18005.0,18025.0,5,18105.0,18030.0,18030.0,17970.0,66.0,5943400.0,7830
2023-05-10 21:09:16,al2311,al2311,18005.0,0.0,0.0,0.0,5,18005.0,18025.0,5,18105.0,18030.0,18030.0,17970.0,66.0,5943400.0,7830
2023-05-10 21:09:22,al2311,al2311,18005.0,0.0,0.0,0.0,5,18005.0,18025.0,4,18105.0,18030.0,18030.0,17970.0,66.0,5943400.0,7830
2023-05-10 21:09:23,al2311,al2311,18005.0,0.0,0.0,0.0,5,18005.0,18025.0,4,18105.0,18030.0,18030.0,17970.0,66.0,5943400.0,7830
2023-05-10 21:09:27,al2311,al2311,18005.0,0.0,0.0,0.0,4,18005.0,18025.0,4,18105.0,18030.0,18030.0,17970.0,66.0,5943400.0,7830
2023-05-10 21:09:29,al2311,al2311,18005.0,0.0,0.0,0.0,1,18010.0,18025.0,4,18105.0,18030.0,18030.0,17970.0,66.0,5943400.0,7830
2023-05-10 21:09:29,al2311,al2311,18005.0,0.0,0.0,0.0,1,18010.0,18025.0,4,18105.0,18030.0,18030.0,17970.0,66.0,5943400.0,7830
2023-05-10 21:09:30,al2311,al2311,18005.0,0.0,0.0,0.0,1,18010.0,18025.0,4,18105.0,18030.0,18030.0,17970.0,66.0,5943400.0,7830
2023-05-10 21:09:33,al2311,al2311,18005.0,0.0,0.0,0.0,1,18010.0,18025.0,4,18105.0,18030.0,18030.0,17970.0,66.0,5943400.0,7830
2023-05-10 21:09:33,al2311,al2311,18005.0,0.0,0.0,0.0,1,18010.0,18025.0,4,18105.0,18030.0,18030.0,17970.0,66.0,5943400.0,7830
2023-05-10 21:09:34,al2311,al2311,18005.0,0.0,0.0,0.0,1,18010.0,18025.0,4,18105.0,18030.0,18030.0,17970.0,66.0,5943400.0,7830
2023-05-10 21:09:42,al2311,al2311,18005.0,0.0,0.0,0.0,1,18010.0,18025.0,1,18105.0,18030.0,18030.0,17970.0,66.0,5943400.0,7830
2023-05-10 21:10:01,al2311,al2311,18005.0,1.0,90025.0,0.0,4,18005.0,18025.0,2,18105.0,18030.0,18030.0,17970.0,67.0,6033425.0,7830
2023-05-10 21:10:01,al2311,al2311,18005.0,1.0,90025.0,1.0,3,18005.0,18025.0,2,18105.0,18030.0,18030.0,17970.0,68.0,6123450.0,7831
2023-05-10 21:10:06,al2311,al2311,18005.0,0.0,0.0,0.0,3,18005.0,18025.0,1,18105.0,18030.0,18030.0,17970.0,68.0,6123450.0,7831
2023-05-10 21:10:09,al2311,al2311,18005.0,0.0,0.0,0.0,4,18005.0,18025.0,1,18105.0,18030.0,18030.0,17970.0,68.0,6123450.0,7831
2023-05-10 21:10:09,al2311,al2311,18005.0,0.0,0.0,0.0,4,18005.0,18025.0,1,18105.0,18030.0,18030.0,17970.0,68.0,6123450.0,7831
2023-05-10 21:10:10,al2311,al2311,18005.0,0.0,0.0,0.0,5,18005.0,18025.0,1,18105.0,18030.0,18030.0,17970.0,68.0,6123450.0,7831
2023-05-10 21:10:11,al2311,al2311,18005.0,0.0,0.0,0.0,6,18005.0,18025.0,1,18105.0,18030.0,18030.0,17970.0,68.0,6123450.0,7831
2023-05-10 21:10:11,al2311,al2311,18005.0,0.0,0.0,0.0,6,18005.0,18025.0,1,18105.0,18030.0,18030.0,17970.0,68.0,6123450.0,7831
2023-05-10 21:10:12,al2311,al2311,18005.0,0.0,0.0,0.0,7,18005.0,18025.0,1,18105.0,18030.0,18030.0,17970.0,68.0,6123450.0,7831
2023-05-10 21:10:13,al2311,al2311,18005.0,0.0,0.0,0.0,1,18010.0,18025.0,1,18105.0,18030.0,18030.0,17970.0,68.0,6123450.0,7831
2023-05-10 21:10:13,al2311,al2311,18005.0,0.0,0.0,0.0,2,18010.0,18025.0,1,18105.0,18030.0,18030.0,17970.0,68.0,6123450.0,7831
2023-05-10 21:10:14,al2311,al2311,18005.0,0.0,0.0,0.0,1,18015.0,18025.0,1,18105.0,18030.0,18030.0,17970.0,68.0,6123450.0,7831
2023-05-10 21:10:18,al2311,al2311,18025.0,1.0,90125.0,0.0,1,18020.0,18040.0,1,18105.0,18030.0,18030.0,17970.0,69.0,6213575.0,7831
2023-05-10 21:10:18,al2311,al2311,18025.0,0.0,0.0,0.0,1,18020.0,18040.0,2,18105.0,18030.0,18030.0,17970.0,69.0,6213575.0,7831
2023-05-10 21:10:19,al2311,al2311,18025.0,0.0,0.0,0.0,1,18020.0,18035.0,1,18105.0,18030.0,18030.0,17970.0,69.0,6213575.0,7831
2023-05-10 21:10:21,al2311,al2311,18025.0,0.0,0.0,0.0,1,18025.0,18035.0,1,18105.0,18030.0,18030.0,17970.0,69.0,6213575.0,7831
2023-05-10 21:10:22,al2311,al2311,18015.0,2.0,180200.0,2.0,1,18015.0,18035.0,1,18105.0,18030.0,18030.0,17970.0,71.0,6393775.0,7833
2023-05-10 21:10:22,al2311,al2311,18015.0,2.0,180150.0,2.0,4,18005.0,18035.0,1,18105.0,18030.0,18030.0,17970.0,73.0,6573925.0,7835
2023-05-10 21:10:23,al2311,al2311,18015.0,0.0,0.0,0.0,1,18020.0,18035.0,2,18105.0,18030.0,18030.0,17970.0,73.0,6573925.0,7835
2023-05-10 21:10:23,al2311,al2311,18015.0,0.0,0.0,0.0,5,18005.0,18035.0,2,18105.0,18030.0,18030.0,17970.0,73.0,6573925.0,7835
2023-05-10 21:10:24,al2311,al2311,18015.0,0.0,0.0,0.0,1,18010.0,18035.0,2,18105.0,18030.0,18030.0,17970.0,73.0,6573925.0,7835
2023-05-10 21:10:25,al2311,al2311,18015.0,0.0,0.0,0.0,1,18015.0,18035.0,2,18105.0,18030.0,18030.0,17970.0,73.0,6573925.0,7835
2023-05-10 21:10:25,al2311,al2311,18015.0,0.0,0.0,0.0,2,18010.0,18035.0,2,18105.0,18030.0,18030.0,17970.0,73.0,6573925.0,7835
2023-05-10 21:10:26,al2311,al2311,18015.0,0.0,0.0,0.0,3,18010.0,18035.0,2,18105.0,18030.0,18030.0,17970.0,73.0,6573925.0,7835
2023-05-10 21:10:26,al2311,al2311,18015.0,0.0,0.0,0.0,5,18015.0,18035.0,2,18105.0,18030.0,18030.0,17970.0,73.0,6573925.0,7835
2023-05-10 21:10:27,al2311,al2311,18015.0,0.0,0.0,0.0,1,18020.0,18035.0,2,18105.0,18030.0,18030.0,17970.0,73.0,6573925.0,7835
2023-05-10 21:10:27,al2311,al2311,18015.0,0.0,0.0,0.0,2,18020.0,18035.0,2,18105.0,18030.0,18030.0,17970.0,73.0,6573925.0,7835
2023-05-10 21:10:28,al2311,al2311,18015.0,0.0,0.0,0.0,2,18020.0,18035.0,2,18105.0,18030.0,18030.0,17970.0,73.0,6573925.0,7835
2023-05-10 21:10:31,al2311,al2311,18015.0,0.0,0.0,0.0,3,18020.0,18035.0,2,18105.0,18030.0,18030.0,17970.0,73.0,6573925.0,7835
2023-05-10 21:10:31,al2311,al2311,18015.0,0.0,0.0,0.0,3,18020.0,18035.0,1,18105.0,18030.0,18030.0,17970.0,73.0,6573925.0,7835
2023-05-10 21:10:32,al2311,al2311,18015.0,0.0,0.0,0.0,4,18020.0,18035.0,1,18105.0,18030.0,18030.0,17970.0,73.0,6573925.0,7835
2023-05-10 21:10:32,al2311,al2311,18015.0,0.0,0.0,0.0,4,18020.0,18040.0,1,18105.0,18030.0,18030.0,17970.0,73.0,6573925.0,7835
2023-05-10 21:10:33,al2311,al2311,18015.0,0.0,0.0,0.0,5,18025.0,18040.0,1,18105.0,18030.0,18030.0,17970.0,73.0,6573925.0,7835
2023-05-10 21:10:33,al2311,al2311,18015.0,0.0,0.0,0.0,1,18030.0,18040.0,1,18105.0,18030.0,18030.0,17970.0,73.0,6573925.0,7835
2023-05-10 21:10:35,al2311,al2311,18015.0,0.0,0.0,0.0,1,18030.0,18040.0,1,18105.0,18030.0,18030.0,17970.0,73.0,6573925.0,7835
2023-05-10 21:10:36,al2311,al2311,18015.0,0.0,0.0,0.0,1,18025.0,18040.0,1,18105.0,18030.0,18030.0,17970.0,73.0,6573925.0,7835
2023-05-10 21:10:37,al2311,al2311,18015.0,0.0,0.0,0.0,1,18025.0,18035.0,2,18105.0,18030.0,18030.0,17970.0,73.0,6573925.0,7835
2023-05-10 21:10:38,al2311,al2311,18015.0,0.0,0.0,0.0,5,18030.0,18035.0,2,18105.0,18030.0,18030.0,17970.0,73.0,6573925.0,7835
2023-05-10 21:10:44,al2311,al2311,18025.0,1.0,90125.0,0.0,4,18030.0,18035.0,2,18105.0,18030.0,18030.0,17970.0,74.0,6664050.0,7835
2023-05-10 21:10:45,al2311,al2311,18025.0,1.0,90125.0,0.0,3,18030.0,18035.0,2,18105.0,18030.0,18030.0,17970.0,75.0,6754175.0,7835
2023-05-10 21:10:46,al2311,al2311,18030.0,2.0,180300.0,-2.0,1,18030.0,18040.0,1,18105.0,18030.0,18030.0,17970.0,77.0,6934475.0,7833
2023-05-10 21:10:48,al2311,al2311,18030.0,1.0,90150.0,0.0,2,18020.0,18035.0,1,18105.0,18030.0,18030.0,17970.0,78.0,7024625.0,7833
2023-05-10 21:10:48,al2311,al2311,18020.0,1.0,90100.0,1.0,1,18025.0,18040.0,1,18105.0,18030.0,18030.0,17970.0,79.0,7114725.0,7834
2023-05-10 21:10:49,al2311,al2311,18020.0,0.0,0.0,0.0,2,18020.0,18035.0,1,18105.0,18030.0,18030.0,17970.0,79.0,7114725.0,7834
2023-05-10 21:10:49,al2311,al2311,18020.0,0.0,0.0,0.0,3,18020.0,18035.0,1,18105.0,18030.0,18030.0,17970.0,79.0,7114725.0,7834
2023-05-10 21:10:50,al2311,al2311,18020.0,0.0,0.0,0.0,2,18020.0,18040.0,1,18105.0,18030.0,18030.0,17970.0,79.0,7114725.0,7834
2023-05-10 21:10:51,al2311,al2311,18020.0,0.0,0.0,0.0,5,18025.0,18035.0,1,18105.0,18030.0,18030.0,17970.0,79.0,7114725.0,7834
2023-05-10 21:10:52,al2311,al2311,18020.0,0.0,0.0,0.0,5,18025.0,18035.0,1,18105.0,18030.0,18030.0,17970.0,79.0,7114725.0,7834
2023-05-10 21:10:53,al2311,al2311,18020.0,0.0,0.0,0.0,1,18030.0,18040.0,1,18105.0,18030.0,18030.0,17970.0,79.0,7114725.0,7834
2023-05-10 21:10:53,al2311,al2311,18020.0,0.0,0.0,0.0,8,18025.0,18040.0,1,18105.0,18030.0,18030.0,17970.0,79.0,7114725.0,7834
2023-05-10 21:10:54,al2311,al2311,18025.0,1.0,90125.0,0.0,7,18025.0,18035.0,1,18105.0,18030.0,18030.0,17970.0,80.0,7204850.0,7834
2023-05-10 21:10:54,al2311,al2311,18025.0,0.0,0.0,0.0,7,18025.0,18040.0,1,18105.0,18030.0,18030.0,17970.0,80.0,7204850.0,7834
2023-05-10 21:10:55,al2311,al2311,18025.0,0.0,0.0,0.0,1,18030.0,18040.0,1,18105.0,18030.0,18030.0,17970.0,80.0,7204850.0,7834
2023-05-10 21:11:00,al2311,al2311,18025.0,0.0,0.0,0.0,7,18025.0,18040.0,1,18105.0,18030.0,18030.0,17970.0,80.0,7204850.0,7834
2023-05-10 21:11:00,al2311,al2311,18025.0,0.0,0.0,0.0,1,18030.0,18040.0,1,18105.0,18030.0,18030.0,17970.0,80.0,7204850.0,7834
2023-05-10 21:11:01,al2311,al2311,18025.0,0.0,0.0,0.0,8,18025.0,18040.0,1,18105.0,18030.0,18030.0,17970.0,80.0,7204850.0,7834
2023-05-10 21:11:02,al2311,al2311,18025.0,0.0,0.0,0.0,3,18030.0,18040.0,1,18105.0,18030.0,18030.0,17970.0,80.0,7204850.0,7834
2023-05-10 21:11:03,al2311,al2311,18025.0,0.0,0.0,0.0,3,18030.0,18040.0,1,18105.0,18030.0,18030.0,17970.0,80.0,7204850.0,7834
2023-05-10 21:11:04,al2311,al2311,18025.0,0.0,0.0,0.0,8,18025.0,18040.0,1,18105.0,18030.0,18030.0,17970.0,80.0,7204850.0,7834
2023-05-10 21:11:07,al2311,al2311,18025.0,0.0,0.0,0.0,5,18025.0,18040.0,1,18105.0,18030.0,18030.0,17970.0,80.0,7204850.0,7834
2023-05-10 21:11:21,al2311,al2311,18025.0,0.0,0.0,0.0,5,18025.0,18040.0,1,18105.0,18030.0,18030.0,17970.0,80.0,7204850.0,7834
2023-05-10 21:11:22,al2311,al2311,18025.0,0.0,0.0,0.0,6,18025.0,18050.0,2,18105.0,18030.0,18030.0,17970.0,80.0,7204850.0,7834
2023-05-10 21:11:22,al2311,al2311,18025.0,0.0,0.0,0.0,7,18025.0,18045.0,2,18105.0,18030.0,18030.0,17970.0,80.0,7204850.0,7834
2023-05-10 21:11:25,al2311,al2311,18025.0,0.0,0.0,0.0,3,18030.0,18045.0,2,18105.0,18030.0,18030.0,17970.0,80.0,7204850.0,7834
2023-05-10 21:11:25,al2311,al2311,18025.0,0.0,0.0,0.0,1,18035.0,18045.0,2,18105.0,18030.0,18030.0,17970.0,80.0,7204850.0,7834
2023-05-10 21:11:29,al2311,al2311,18025.0,0.0,0.0,0.0,1,18035.0,18045.0,2,18105.0,18030.0,18030.0,17970.0,80.0,7204850.0,7834
2023-05-10 21:11:29,al2311,al2311,18030.0,2.0,180325.0,1.0,2,18030.0,18045.0,2,18105.0,18030.0,18035.0,17970.0,82.0,7385175.0,7835
2023-05-10 21:11:30,al2311,al2311,18030.0,2.0,180300.0,2.0,4,18025.0,18045.0,2,18105.0,18030.0,18035.0,17970.0,84.0,7565475.0,7837
2023-05-10 21:11:30,al2311,al2311,18030.0,0.0,0.0,0.0,5,18025.0,18045.0,2,18105.0,18030.0,18035.0,17970.0,84.0,7565475.0,7837
2023-05-10 21:11:31,al2311,al2311,18030.0,0.0,0.0,0.0,5,18025.0,18045.0,2,18105.0,18030.0,18035.0,17970.0,84.0,7565475.0,7837
2023-05-10 21:11:32,al2311,al2311,18030.0,0.0,0.0,0.0,5,18025.0,18045.0,2,18105.0,18030.0,18035.0,17970.0,84.0,7565475.0,7837
2023-05-10 21:11:34,al2311,al2311,18030.0,0.0,0.0,0.0,5,18025.0,18040.0,3,18105.0,18030.0,18035.0,17970.0,84.0,7565475.0,7837
2023-05-10 21:11:34,al2311,al2311,18030.0,0.0,0.0,0.0,6,18025.0,18040.0,3,18105.0,18030.0,18035.0,17970.0,84.0,7565475.0,7837
2023-05-10 21:11:35,al2311,al2311,18030.0,0.0,0.0,0.0,5,18025.0,18040.0,3,18105.0,18030.0,18035.0,17970.0,84.0,7565475.0,7837
2023-05-10 21:11:36,al2311,al2311,18030.0,0.0,0.0,0.0,5,18025.0,18040.0,3,18105.0,18030.0,18035.0,17970.0,84.0,7565475.0,7837
2023-05-10 21:11:36,al2311,al2311,18030.0,0.0,0.0,0.0,5,18025.0,18040.0,3,18105.0,18030.0,18035.0,17970.0,84.0,7565475.0,7837
2023-05-10 21:11:37,al2311,al2311,18030.0,0.0,0.0,0.0,5,18025.0,18040.0,3,18105.0,18030.0,18035.0,17970.0,84.0,7565475.0,7837
2023-05-10 21:11:38,al2311,al2311,18030.0,0.0,0.0,0.0,6,18025.0,18040.0,3,18105.0,18030.0,18035.0,17970.0,84.0,7565475.0,7837
2023-05-10 21:11:39,al2311,al2311,18030.0,0.0,0.0,0.0,5,18025.0,18040.0,3,18105.0,18030.0,18035.0,17970.0,84.0,7565475.0,7837
2023-05-10 21:11:40,al2311,al2311,18030.0,0.0,0.0,0.0,5,18025.0,18040.0,3,18105.0,18030.0,18035.0,17970.0,84.0,7565475.0,7837
2023-05-10 21:11:40,al2311,al2311,18030.0,0.0,0.0,0.0,5,18025.0,18040.0,4,18105.0,18030.0,18035.0,17970.0,84.0,7565475.0,7837
2023-05-10 21:11:44,al2311,al2311,18030.0,0.0,0.0,0.0,5,18025.0,18040.0,4,18105.0,18030.0,18035.0,17970.0,84.0,7565475.0,7837
2023-05-10 21:11:46,al2311,al2311,18030.0,0.0,0.0,0.0,5,18025.0,18040.0,4,18105.0,18030.0,18035.0,17970.0,84.0,7565475.0,7837
2023-05-10 21:11:51,al2311,al2311,18030.0,0.0,0.0,0.0,5,18025.0,18035.0,3,18105.0,18030.0,18035.0,17970.0,84.0,7565475.0,7837
2023-05-10 21:11:52,al2311,al2311,18030.0,0.0,0.0,0.0,5,18025.0,18035.0,3,18105.0,18030.0,18035.0,17970.0,84.0,7565475.0,7837
2023-05-10 21:11:55,al2311,al2311,18030.0,0.0,0.0,0.0,1,18025.0,18035.0,3,18105.0,18030.0,18035.0,17970.0,84.0,7565475.0,7837
2023-05-10 21:11:56,al2311,al2311,18030.0,0.0,0.0,0.0,1,18020.0,18035.0,3,18105.0,18030.0,18035.0,17970.0,84.0,7565475.0,7837
2023-05-10 21:11:56,al2311,al2311,18035.0,1.0,90175.0,-1.0,2,18020.0,18035.0,2,18105.0,18030.0,18035.0,17970.0,85.0,7655650.0,7836
2023-05-10 21:11:58,al2311,al2311,18035.0,0.0,0.0,0.0,4,18025.0,18035.0,2,18105.0,18030.0,18035.0,17970.0,85.0,7655650.0,7836
2023-05-10 21:11:58,al2311,al2311,18035.0,0.0,0.0,0.0,4,18025.0,18035.0,2,18105.0,18030.0,18035.0,17970.0,85.0,7655650.0,7836
2023-05-10 21:12:00,al2311,al2311,18035.0,0.0,0.0,0.0,1,18020.0,18035.0,2,18105.0,18030.0,18035.0,17970.0,85.0,7655650.0,7836
2023-05-10 21:12:00,al2311,al2311,18035.0,0.0,0.0,0.0,2,18020.0,18035.0,2,18105.0,18030.0,18035.0,17970.0,85.0,7655650.0,7836
2023-05-10 21:12:03,al2311,al2311,18035.0,0.0,0.0,0.0,1,18020.0,18035.0,2,18105.0,18030.0,18035.0,17970.0,85.0,7655650.0,7836
2023-05-10 21:12:04,al2311,al2311,18035.0,0.0,0.0,0.0,2,18020.0,18035.0,2,18105.0,18030.0,18035.0,17970.0,85.0,7655650.0,7836
2023-05-10 21:12:05,al2311,al2311,18035.0,0.0,0.0,0.0,4,18025.0,18035.0,2,18105.0,18030.0,18035.0,17970.0,85.0,7655650.0,7836
2023-05-10 21:12:05,al2311,al2311,18035.0,0.0,0.0,0.0,4,18025.0,18035.0,2,18105.0,18030.0,18035.0,17970.0,85.0,7655650.0,7836
2023-05-10 21:12:06,al2311,al2311,18035.0,0.0,0.0,0.0,4,18025.0,18035.0,2,18105.0,18030.0,18035.0,17970.0,85.0,7655650.0,7836
2023-05-10 21:12:07,al2311,al2311,18035.0,0.0,0.0,0.0,6,18025.0,18035.0,2,18105.0,18030.0,18035.0,17970.0,85.0,7655650.0,7836
2023-05-10 21:12:08,al2311,al2311,18035.0,0.0,0.0,0.0,5,18025.0,18035.0,2,18105.0,18030.0,18035.0,17970.0,85.0,7655650.0,7836
2023-05-10 21:12:09,al2311,al2311,18035.0,0.0,0.0,0.0,6,18025.0,18035.0,2,18105.0,18030.0,18035.0,17970.0,85.0,7655650.0,7836
2023-05-10 21:12:09,al2311,al2311,18035.0,0.0,0.0,0.0,5,18025.0,18035.0,2,18105.0,18030.0,18035.0,17970.0,85.0,7655650.0,7836
2023-05-10 21:12:10,al2311,al2311,18035.0,0.0,0.0,0.0,6,18025.0,18035.0,2,18105.0,18030.0,18035.0,17970.0,85.0,7655650.0,7836
2023-05-10 21:12:10,al2311,al2311,18035.0,0.0,0.0,0.0,7,18025.0,18035.0,2,18105.0,18030.0,18035.0,17970.0,85.0,7655650.0,7836
2023-05-10 21:12:12,al2311,al2311,18035.0,1.0,90175.0,0.0,1,18030.0,18035.0,1,18105.0,18030.0,18035.0,17970.0,86.0,7745825.0,7836
2023-05-10 21:12:12,al2311,al2311,18035.0,1.0,90175.0,-1.0,6,18035.0,18045.0,1,18105.0,18030.0,18035.0,17970.0,87.0,7836000.0,7835
2023-05-10 21:12:13,al2311,al2311,18035.0,0.0,0.0,0.0,6,18025.0,18045.0,1,18105.0,18030.0,18035.0,17970.0,87.0,7836000.0,7835
2023-05-10 21:12:13,al2311,al2311,18035.0,0.0,0.0,0.0,1,18035.0,18045.0,1,18105.0,18030.0,18035.0,17970.0,87.0,7836000.0,7835
2023-05-10 21:12:14,al2311,al2311,18035.0,0.0,0.0,0.0,8,18025.0,18045.0,1,18105.0,18030.0,18035.0,17970.0,87.0,7836000.0,7835
2023-05-10 21:12:14,al2311,al2311,18035.0,0.0,0.0,0.0,1,18030.0,18045.0,1,18105.0,18030.0,18035.0,17970.0,87.0,7836000.0,7835
2023-05-10 21:12:15,al2311,al2311,18035.0,0.0,0.0,0.0,1,18030.0,18045.0,1,18105.0,18030.0,18035.0,17970.0,87.0,7836000.0,7835
2023-05-10 21:12:16,al2311,al2311,18035.0,0.0,0.0,0.0,1,18030.0,18045.0,1,18105.0,18030.0,18035.0,17970.0,87.0,7836000.0,7835
2023-05-10 21:12:20,al2311,al2311,18035.0,0.0,0.0,0.0,1,18030.0,18045.0,1,18105.0,18030.0,18035.0,17970.0,87.0,7836000.0,7835
2023-05-10 21:12:29,al2311,al2311,18035.0,0.0,0.0,0.0,2,18025.0,18045.0,1,18105.0,18030.0,18035.0,17970.0,87.0,7836000.0,7835
2023-05-10 21:12:29,al2311,al2311,18035.0,0.0,0.0,0.0,1,18030.0,18045.0,1,18105.0,18030.0,18035.0,17970.0,87.0,7836000.0,7835
2023-05-10 21:12:30,al2311,al2311,18035.0,0.0,0.0,0.0,2,18025.0,18040.0,1,18105.0,18030.0,18035.0,17970.0,87.0,7836000.0,7835
2023-05-10 21:12:30,al2311,al2311,18035.0,0.0,0.0,0.0,3,18025.0,18040.0,1,18105.0,18030.0,18035.0,17970.0,87.0,7836000.0,7835
2023-05-10 21:12:31,al2311,al2311,18035.0,0.0,0.0,0.0,2,18025.0,18040.0,1,18105.0,18030.0,18035.0,17970.0,87.0,7836000.0,7835
2023-05-10 21:12:31,al2311,al2311,18035.0,0.0,0.0,0.0,3,18025.0,18040.0,1,18105.0,18030.0,18035.0,17970.0,87.0,7836000.0,7835
2023-05-10 21:12:32,al2311,al2311,18035.0,0.0,0.0,0.0,4,18030.0,18040.0,1,18105.0,18030.0,18035.0,17970.0,87.0,7836000.0,7835
2023-05-10 21:12:32,al2311,al2311,18035.0,0.0,0.0,0.0,4,18030.0,18040.0,1,18105.0,18030.0,18035.0,17970.0,87.0,7836000.0,7835
2023-05-10 21:12:34,al2311,al2311,18035.0,0.0,0.0,0.0,7,18030.0,18040.0,1,18105.0,18030.0,18035.0,17970.0,87.0,7836000.0,7835
2023-05-10 21:12:35,al2311,al2311,18035.0,0.0,0.0,0.0,7,18030.0,18045.0,1,18105.0,18030.0,18035.0,17970.0,87.0,7836000.0,7835
2023-05-10 21:12:42,al2311,al2311,18035.0,0.0,0.0,0.0,4,18030.0,18045.0,1,18105.0,18030.0,18035.0,17970.0,87.0,7836000.0,7835
2023-05-10 21:12:54,al2311,al2311,18035.0,0.0,0.0,0.0,4,18030.0,18040.0,3,18105.0,18030.0,18035.0,17970.0,87.0,7836000.0,7835
2023-05-10 21:12:56,al2311,al2311,18035.0,0.0,0.0,0.0,4,18030.0,18045.0,1,18105.0,18030.0,18035.0,17970.0,87.0,7836000.0,7835
2023-05-10 21:12:57,al2311,al2311,18035.0,0.0,0.0,0.0,5,18030.0,18045.0,1,18105.0,18030.0,18035.0,17970.0,87.0,7836000.0,7835
2023-05-10 21:12:58,al2311,al2311,18035.0,0.0,0.0,0.0,6,18030.0,18045.0,1,18105.0,18030.0,18035.0,17970.0,87.0,7836000.0,7835
2023-05-10 21:12:58,al2311,al2311,18035.0,0.0,0.0,0.0,1,18035.0,18045.0,1,18105.0,18030.0,18035.0,17970.0,87.0,7836000.0,7835
2023-05-10 21:12:59,al2311,al2311,18035.0,0.0,0.0,0.0,1,18035.0,18045.0,1,18105.0,18030.0,18035.0,17970.0,87.0,7836000.0,7835
2023-05-10 21:13:01,al2311,al2311,18035.0,0.0,0.0,0.0,1,18035.0,18045.0,2,18105.0,18030.0,18035.0,17970.0,87.0,7836000.0,7835
2023-05-10 21:13:01,al2311,al2311,18035.0,0.0,0.0,0.0,1,18025.0,18045.0,2,18105.0,18030.0,18035.0,17970.0,87.0,7836000.0,7835
2023-05-10 21:13:02,al2311,al2311,18035.0,0.0,0.0,0.0,2,18025.0,18045.0,2,18105.0,18030.0,18035.0,17970.0,87.0,7836000.0,7835
2023-05-10 21:13:03,al2311,al2311,18035.0,0.0,0.0,0.0,1,18030.0,18045.0,2,18105.0,18030.0,18035.0,17970.0,87.0,7836000.0,7835
2023-05-10 21:13:03,al2311,al2311,18035.0,0.0,0.0,0.0,1,18030.0,18045.0,2,18105.0,18030.0,18035.0,17970.0,87.0,7836000.0,7835
2023-05-10 21:13:04,al2311,al2311,18035.0,0.0,0.0,0.0,2,18030.0,18045.0,2,18105.0,18030.0,18035.0,17970.0,87.0,7836000.0,7835
2023-05-10 21:13:05,al2311,al2311,18035.0,0.0,0.0,0.0,1,18035.0,18045.0,2,18105.0,18030.0,18035.0,17970.0,87.0,7836000.0,7835
2023-05-10 21:13:05,al2311,al2311,18035.0,0.0,0.0,0.0,1,18035.0,18045.0,2,18105.0,18030.0,18035.0,17970.0,87.0,7836000.0,7835
2023-05-10 21:13:06,al2311,al2311,18035.0,0.0,0.0,0.0,1,18035.0,18045.0,1,18105.0,18030.0,18035.0,17970.0,87.0,7836000.0,7835
2023-05-10 21:13:07,al2311,al2311,18035.0,0.0,0.0,0.0,1,18035.0,18045.0,1,18105.0,18030.0,18035.0,17970.0,87.0,7836000.0,7835
2023-05-10 21:13:07,al2311,al2311,18035.0,0.0,0.0,0.0,2,18035.0,18045.0,1,18105.0,18030.0,18035.0,17970.0,87.0,7836000.0,7835
2023-05-10 21:13:08,al2311,al2311,18035.0,0.0,0.0,0.0,1,18035.0,18045.0,1,18105.0,18030.0,18035.0,17970.0,87.0,7836000.0,7835
2023-05-10 21:13:09,al2311,al2311,18035.0,0.0,0.0,0.0,1,18035.0,18045.0,1,18105.0,18030.0,18035.0,17970.0,87.0,7836000.0,7835
2023-05-10 21:13:13,al2311,al2311,18035.0,0.0,0.0,0.0,1,18035.0,18045.0,1,18105.0,18030.0,18035.0,17970.0,87.0,7836000.0,7835
2023-05-10 21:13:14,al2311,al2311,18035.0,0.0,0.0,0.0,2,18025.0,18045.0,1,18105.0,18030.0,18035.0,17970.0,87.0,7836000.0,7835
2023-05-10 21:13:14,al2311,al2311,18030.0,1.0,90150.0,1.0,1,18030.0,18045.0,1,18105.0,18030.0,18035.0,17970.0,88.0,7926150.0,7836
2023-05-10 21:13:15,al2311,al2311,18030.0,0.0,0.0,0.0,1,18035.0,18045.0,1,18105.0,18030.0,18035.0,17970.0,88.0,7926150.0,7836
2023-05-10 21:13:16,al2311,al2311,18030.0,1.0,90150.0,1.0,1,18035.0,18045.0,1,18105.0,18030.0,18035.0,17970.0,89.0,8016300.0,7837
2023-05-10 21:13:16,al2311,al2311,18030.0,1.0,90150.0,1.0,1,18030.0,18045.0,1,18105.0,18030.0,18035.0,17970.0,90.0,8106450.0,7838
2023-05-10 21:13:17,al2311,al2311,18030.0,1.0,90150.0,1.0,2,18025.0,18045.0,1,18105.0,18030.0,18035.0,17970.0,91.0,8196600.0,7839
2023-05-10 21:13:17,al2311,al2311,18030.0,0.0,0.0,0.0,5,18025.0,18045.0,2,18105.0,18030.0,18035.0,17970.0,91.0,8196600.0,7839
2023-05-10 21:13:18,al2311,al2311,18030.0,0.0,0.0,0.0,4,18025.0,18045.0,2,18105.0,18030.0,18035.0,17970.0,91.0,8196600.0,7839
2023-05-10 21:13:18,al2311,al2311,18030.0,0.0,0.0,0.0,4,18030.0,18045.0,2,18105.0,18030.0,18035.0,17970.0,91.0,8196600.0,7839
2023-05-10 21:13:19,al2311,al2311,18030.0,0.0,0.0,0.0,7,18030.0,18045.0,2,18105.0,18030.0,18035.0,17970.0,91.0,8196600.0,7839
2023-05-10 21:13:22,al2311,al2311,18030.0,0.0,0.0,0.0,7,18030.0,18045.0,2,18105.0,18030.0,18035.0,17970.0,91.0,8196600.0,7839
2023-05-10 21:13:23,al2311,al2311,18030.0,0.0,0.0,0.0,3,18035.0,18045.0,2,18105.0,18030.0,18035.0,17970.0,91.0,8196600.0,7839
2023-05-10 21:13:23,al2311,al2311,18030.0,1.0,90150.0,1.0,2,18035.0,18045.0,2,18105.0,18030.0,18035.0,17970.0,92.0,8286750.0,7840
2023-05-10 21:13:24,al2311,al2311,18030.0,1.0,90150.0,1.0,1,18035.0,18045.0,2,18105.0,18030.0,18035.0,17970.0,93.0,8376900.0,7841
2023-05-10 21:13:24,al2311,al2311,18030.0,1.0,90150.0,1.0,7,18030.0,18045.0,2,18105.0,18030.0,18035.0,17970.0,94.0,8467050.0,7842
2023-05-10 21:13:25,al2311,al2311,18030.0,1.0,90150.0,1.0,3,18035.0,18045.0,2,18105.0,18030.0,18035.0,17970.0,95.0,8557200.0,7843
2023-05-10 21:13:25,al2311,al2311,18030.0,1.0,90150.0,1.0,2,18035.0,18045.0,2,18105.0,18030.0,18035.0,17970.0,96.0,8647350.0,7844
2023-05-10 21:13:26,al2311,al2311,18030.0,2.0,180300.0,2.0,6,18030.0,18045.0,2,18105.0,18030.0,18035.0,17970.0,98.0,8827650.0,7846
2023-05-10 21:13:26,al2311,al2311,18030.0,1.0,90150.0,1.0,5,18030.0,18045.0,2,18105.0,18030.0,18035.0,17970.0,99.0,8917800.0,7847
2023-05-10 21:13:28,al2311,al2311,18030.0,0.0,0.0,0.0,5,18030.0,18040.0,3,18105.0,18030.0,18035.0,17970.0,99.0,8917800.0,7847
2023-05-10 21:13:29,al2311,al2311,18030.0,0.0,0.0,0.0,5,18030.0,18040.0,5,18105.0,18030.0,18035.0,17970.0,99.0,8917800.0,7847
2023-05-10 21:13:32,al2311,al2311,18030.0,0.0,0.0,0.0,5,18030.0,18035.0,3,18105.0,18030.0,18035.0,17970.0,99.0,8917800.0,7847
2023-05-10 21:13:33,al2311,al2311,18035.0,3.0,270525.0,0.0,5,18030.0,18040.0,5,18105.0,18030.0,18035.0,17970.0,102.0,9188325.0,7847
2023-05-10 21:13:34,al2311,al2311,18035.0,0.0,0.0,0.0,5,18030.0,18040.0,3,18105.0,18030.0,18035.0,17970.0,102.0,9188325.0,7847
2023-05-10 21:13:35,al2311,al2311,18035.0,0.0,0.0,0.0,5,18030.0,18035.0,2,18105.0,18030.0,18035.0,17970.0,102.0,9188325.0,7847
2023-05-10 21:13:35,al2311,al2311,18035.0,2.0,180350.0,-1.0,5,18030.0,18040.0,3,18105.0,18030.0,18035.0,17970.0,104.0,9368675.0,7846
2023-05-10 21:13:36,al2311,al2311,18035.0,0.0,0.0,0.0,4,18035.0,18040.0,3,18105.0,18030.0,18035.0,17970.0,104.0,9368675.0,7846
2023-05-10 21:13:37,al2311,al2311,18040.0,3.0,270600.0,-3.0,5,18040.0,18045.0,2,18105.0,18030.0,18040.0,17970.0,107.0,9639275.0,7843
2023-05-10 21:13:38,al2311,al2311,18040.0,1.0,90200.0,0.0,4,18040.0,18045.0,2,18105.0,18030.0,18040.0,17970.0,108.0,9729475.0,7843
2023-05-10 21:13:38,al2311,al2311,18040.0,1.0,90200.0,0.0,4,18035.0,18045.0,2,18105.0,18030.0,18040.0,17970.0,109.0,9819675.0,7843
2023-05-10 21:13:39,al2311,al2311,18035.0,1.0,90175.0,0.0,3,18035.0,18045.0,2,18105.0,18030.0,18040.0,17970.0,110.0,9909850.0,7843
2023-05-10 21:13:41,al2311,al2311,18035.0,0.0,0.0,0.0,3,18035.0,18045.0,2,18105.0,18030.0,18040.0,17970.0,110.0,9909850.0,7843
2023-05-10 21:13:42,al2311,al2311,18035.0,0.0,0.0,0.0,6,18035.0,18045.0,2,18105.0,18030.0,18040.0,17970.0,110.0,9909850.0,7843
2023-05-10 21:13:45,al2311,al2311,18035.0,0.0,0.0,0.0,3,18040.0,18045.0,2,18105.0,18030.0,18040.0,17970.0,110.0,9909850.0,7843
2023-05-10 21:13:46,al2311,al2311,18035.0,1.0,90175.0,1.0,2,18040.0,18045.0,2,18105.0,18030.0,18040.0,17970.0,111.0,10000025.0,7844
2023-05-10 21:13:46,al2311,al2311,18035.0,1.0,90175.0,1.0,1,18040.0,18045.0,2,18105.0,18030.0,18040.0,17970.0,112.0,10090200.0,7845
2023-05-10 21:13:47,al2311,al2311,18035.0,1.0,90175.0,1.0,6,18035.0,18045.0,2,18105.0,18030.0,18040.0,17970.0,113.0,10180375.0,7846
2023-05-10 21:13:47,al2311,al2311,18035.0,1.0,90175.0,0.0,5,18035.0,18045.0,2,18105.0,18030.0,18040.0,17970.0,114.0,10270550.0,7846
2023-05-10 21:13:49,al2311,al2311,18035.0,0.0,0.0,0.0,5,18035.0,18040.0,3,18105.0,18030.0,18040.0,17970.0,114.0,10270550.0,7846
2023-05-10 21:13:49,al2311,al2311,18040.0,1.0,90200.0,-1.0,7,18035.0,18040.0,2,18105.0,18030.0,18040.0,17970.0,115.0,10360750.0,7845
2023-05-10 21:13:50,al2311,al2311,18040.0,2.0,180400.0,-2.0,4,18040.0,18045.0,2,18105.0,18030.0,18040.0,17970.0,117.0,10541150.0,7843
2023-05-10 21:13:50,al2311,al2311,18040.0,1.0,90200.0,0.0,3,18040.0,18045.0,2,18105.0,18030.0,18040.0,17970.0,118.0,10631350.0,7843
2023-05-10 21:13:51,al2311,al2311,18035.0,1.0,90175.0,0.0,6,18035.0,18045.0,2,18105.0,18030.0,18040.0,17970.0,119.0,10721525.0,7843
2023-05-10 21:13:51,al2311,al2311,18035.0,1.0,90175.0,0.0,5,18035.0,18045.0,2,18105.0,18030.0,18040.0,17970.0,120.0,10811700.0,7843
2023-05-10 21:13:52,al2311,al2311,18035.0,1.0,90175.0,1.0,2,18040.0,18045.0,2,18105.0,18030.0,18040.0,17970.0,121.0,10901875.0,7844
2023-05-10 21:13:53,al2311,al2311,18035.0,1.0,90175.0,1.0,1,18040.0,18045.0,2,18105.0,18030.0,18040.0,17970.0,122.0,10992050.0,7845
2023-05-10 21:13:53,al2311,al2311,18035.0,1.0,90175.0,1.0,4,18035.0,18045.0,2,18105.0,18030.0,18040.0,17970.0,123.0,11082225.0,7846
2023-05-10 21:13:54,al2311,al2311,18035.0,1.0,90175.0,1.0,3,18035.0,18045.0,2,18105.0,18030.0,18040.0,17970.0,124.0,11172400.0,7847
2023-05-10 21:13:54,al2311,al2311,18035.0,1.0,90175.0,1.0,2,18035.0,18040.0,2,18105.0,18030.0,18040.0,17970.0,125.0,11262575.0,7848
2023-05-10 21:13:55,al2311,al2311,18035.0,1.0,90175.0,1.0,1,18035.0,18040.0,2,18105.0,18030.0,18040.0,17970.0,126.0,11352750.0,7849
2023-05-10 21:13:55,al2311,al2311,18035.0,1.0,90175.0,1.0,8,18030.0,18040.0,4,18105.0,18030.0,18040.0,17970.0,127.0,11442925.0,7850
2023-05-10 21:13:56,al2311,al2311,18030.0,1.0,90150.0,1.0,7,18030.0,18040.0,4,18105.0,18030.0,18040.0,17970.0,128.0,11533075.0,7851
2023-05-10 21:13:57,al2311,al2311,18030.0,0.0,0.0,0.0,7,18030.0,18040.0,4,18105.0,18030.0,18040.0,17970.0,128.0,11533075.0,7851
2023-05-10 21:13:57,al2311,al2311,18030.0,1.0,90150.0,1.0,6,18030.0,18040.0,7,18105.0,18030.0,18040.0,17970.0,129.0,11623225.0,7852
2023-05-10 21:13:58,al2311,al2311,18030.0,1.0,90150.0,1.0,5,18030.0,18040.0,7,18105.0,18030.0,18040.0,17970.0,130.0,11713375.0,7853
2023-05-10 21:13:59,al2311,al2311,18030.0,1.0,90150.0,1.0,4,18030.0,18040.0,7,18105.0,18030.0,18040.0,17970.0,131.0,11803525.0,7854
2023-05-10 21:14:00,al2311,al2311,18030.0,1.0,90150.0,1.0,3,18030.0,18040.0,7,18105.0,18030.0,18040.0,17970.0,132.0,11893675.0,7855
2023-05-10 21:14:02,al2311,al2311,18030.0,0.0,0.0,0.0,3,18030.0,18040.0,5,18105.0,18030.0,18040.0,17970.0,132.0,11893675.0,7855
2023-05-10 21:14:02,al2311,al2311,18030.0,0.0,0.0,0.0,3,18030.0,18035.0,5,18105.0,18030.0,18040.0,17970.0,132.0,11893675.0,7855
2023-05-10 21:14:03,al2311,al2311,18030.0,0.0,0.0,0.0,3,18030.0,18035.0,8,18105.0,18030.0,18040.0,17970.0,132.0,11893675.0,7855
2023-05-10 21:14:07,al2311,al2311,18030.0,1.0,90150.0,1.0,2,18030.0,18035.0,8,18105.0,18030.0,18040.0,17970.0,133.0,11983825.0,7856
2023-05-10 21:14:10,al2311,al2311,18030.0,0.0,0.0,0.0,2,18030.0,18035.0,3,18105.0,18030.0,18040.0,17970.0,133.0,11983825.0,7856
2023-05-10 21:14:10,al2311,al2311,18030.0,0.0,0.0,0.0,1,18025.0,18035.0,3,18105.0,18030.0,18040.0,17970.0,133.0,11983825.0,7856
2023-05-10 21:14:11,al2311,al2311,18030.0,0.0,0.0,0.0,1,18020.0,18035.0,3,18105.0,18030.0,18040.0,17970.0,133.0,11983825.0,7856
2023-05-10 21:14:11,al2311,al2311,18030.0,0.0,0.0,0.0,1,18020.0,18035.0,3,18105.0,18030.0,18040.0,17970.0,133.0,11983825.0,7856
2023-05-10 21:14:14,al2311,al2311,18035.0,3.0,270525.0,-3.0,3,18035.0,18040.0,3,18105.0,18030.0,18040.0,17970.0,136.0,12254350.0,7853
2023-05-10 21:14:15,al2311,al2311,18025.0,1.0,90125.0,1.0,2,18015.0,18040.0,3,18105.0,18030.0,18040.0,17970.0,137.0,12344475.0,7854
2023-05-10 21:14:15,al2311,al2311,18020.0,1.0,90100.0,1.0,12,18020.0,18040.0,4,18105.0,18030.0,18040.0,17970.0,138.0,12434575.0,7855
2023-05-10 21:14:16,al2311,al2311,18020.0,0.0,0.0,0.0,12,18020.0,18035.0,5,18105.0,18030.0,18040.0,17970.0,138.0,12434575.0,7855
2023-05-10 21:14:16,al2311,al2311,18035.0,5.0,450875.0,-5.0,2,18035.0,18040.0,4,18105.0,18030.0,18040.0,17970.0,143.0,12885450.0,7850
2023-05-10 21:14:17,al2311,al2311,18035.0,0.0,0.0,0.0,1,18025.0,18040.0,4,18105.0,18030.0,18040.0,17970.0,143.0,12885450.0,7850
2023-05-10 21:14:18,al2311,al2311,18035.0,0.0,0.0,0.0,1,18025.0,18040.0,4,18105.0,18030.0,18040.0,17970.0,143.0,12885450.0,7850
2023-05-10 21:14:18,al2311,al2311,18035.0,0.0,0.0,0.0,2,18025.0,18040.0,4,18105.0,18030.0,18040.0,17970.0,143.0,12885450.0,7850
2023-05-10 21:14:19,al2311,al2311,18035.0,0.0,0.0,0.0,12,18025.0,18040.0,4,18105.0,18030.0,18040.0,17970.0,143.0,12885450.0,7850
2023-05-10 21:14:21,al2311,al2311,18035.0,0.0,0.0,0.0,10,18030.0,18040.0,4,18105.0,18030.0,18040.0,17970.0,143.0,12885450.0,7850
2023-05-10 21:14:23,al2311,al2311,18035.0,0.0,0.0,0.0,10,18030.0,18035.0,1,18105.0,18030.0,18040.0,17970.0,143.0,12885450.0,7850
2023-05-10 21:14:23,al2311,al2311,18035.0,1.0,90175.0,-1.0,2,18035.0,18040.0,4,18105.0,18030.0,18040.0,17970.0,144.0,12975625.0,7849
2023-05-10 21:14:24,al2311,al2311,18035.0,0.0,0.0,0.0,2,18035.0,18040.0,4,18105.0,18030.0,18040.0,17970.0,144.0,12975625.0,7849
2023-05-10 21:14:28,al2311,al2311,18035.0,1.0,90175.0,-1.0,1,18035.0,18040.0,4,18105.0,18030.0,18040.0,17970.0,145.0,13065800.0,7848
2023-05-10 21:14:28,al2311,al2311,18035.0,0.0,0.0,0.0,2,18025.0,18040.0,4,18105.0,18030.0,18040.0,17970.0,145.0,13065800.0,7848
2023-05-10 21:14:29,al2311,al2311,18040.0,1.0,90200.0,0.0,2,18025.0,18040.0,3,18105.0,18030.0,18040.0,17970.0,146.0,13156000.0,7848
2023-05-10 21:14:30,al2311,al2311,18040.0,0.0,0.0,0.0,5,18030.0,18040.0,3,18105.0,18030.0,18040.0,17970.0,146.0,13156000.0,7848
2023-05-10 21:14:34,al2311,al2311,18040.0,3.0,270600.0,-3.0,2,18040.0,18045.0,3,18105.0,18030.0,18040.0,17970.0,149.0,13426600.0,7845
2023-05-10 21:14:34,al2311,al2311,18030.0,3.0,270550.0,-2.0,4,18030.0,18045.0,4,18105.0,18030.0,18040.0,17970.0,152.0,13697150.0,7843
2023-05-10 21:14:35,al2311,al2311,18030.0,1.0,90150.0,0.0,3,18030.0,18045.0,4,18105.0,18030.0,18040.0,17970.0,153.0,13787300.0,7843
2023-05-10 21:14:36,al2311,al2311,18030.0,0.0,0.0,0.0,8,18030.0,18045.0,4,18105.0,18030.0,18040.0,17970.0,153.0,13787300.0,7843
2023-05-10 21:14:38,al2311,al2311,18030.0,0.0,0.0,0.0,8,18030.0,18040.0,5,18105.0,18030.0,18040.0,17970.0,153.0,13787300.0,7843
2023-05-10 21:14:39,al2311,al2311,18040.0,5.0,451000.0,0.0,1,18040.0,18045.0,3,18105.0,18030.0,18040.0,17970.0,158.0,14238300.0,7843
2023-05-10 21:14:39,al2311,al2311,18030.0,2.0,180350.0,-1.0,7,18030.0,18045.0,3,18105.0,18030.0,18040.0,17970.0,160.0,14418650.0,7842
2023-05-10 21:14:40,al2311,al2311,18030.0,1.0,90150.0,0.0,6,18030.0,18045.0,3,18105.0,18030.0,18040.0,17970.0,161.0,14508800.0,7842
2023-05-10 21:14:40,al2311,al2311,18030.0,0.0,0.0,0.0,5,18035.0,18045.0,3,18105.0,18030.0,18040.0,17970.0,161.0,14508800.0,7842
2023-05-10 21:14:41,al2311,al2311,18030.0,0.0,0.0,0.0,10,18035.0,18045.0,3,18105.0,18030.0,18040.0,17970.0,161.0,14508800.0,7842
2023-05-10 21:14:42,al2311,al2311,18030.0,0.0,0.0,0.0,5,18035.0,18045.0,3,18105.0,18030.0,18040.0,17970.0,161.0,14508800.0,7842
2023-05-10 21:14:42,al2311,al2311,18030.0,0.0,0.0,0.0,5,18035.0,18045.0,4,18105.0,18030.0,18040.0,17970.0,161.0,14508800.0,7842
2023-05-10 21:14:43,al2311,al2311,18030.0,1.0,90150.0,0.0,4,18035.0,18045.0,4,18105.0,18030.0,18040.0,17970.0,162.0,14598950.0,7842
2023-05-10 21:14:44,al2311,al2311,18030.0,1.0,90150.0,0.0,3,18035.0,18045.0,9,18105.0,18030.0,18040.0,17970.0,163.0,14689100.0,7842
2023-05-10 21:14:44,al2311,al2311,18030.0,1.0,90150.0,0.0,2,18035.0,18045.0,9,18105.0,18030.0,18040.0,17970.0,164.0,14779250.0,7842
2023-05-10 21:14:45,al2311,al2311,18030.0,1.0,90150.0,0.0,1,18035.0,18045.0,9,18105.0,18030.0,18040.0,17970.0,165.0,14869400.0,7842
2023-05-10 21:14:45,al2311,al2311,18030.0,1.0,90150.0,0.0,3,18035.0,18045.0,9,18105.0,18030.0,18040.0,17970.0,166.0,14959550.0,7842
2023-05-10 21:14:46,al2311,al2311,18030.0,1.0,90150.0,1.0,2,18035.0,18045.0,9,18105.0,18030.0,18040.0,17970.0,167.0,15049700.0,7843
2023-05-10 21:14:46,al2311,al2311,18030.0,1.0,90150.0,1.0,1,18035.0,18045.0,9,18105.0,18030.0,18040.0,17970.0,168.0,15139850.0,7844
2023-05-10 21:14:47,al2311,al2311,18030.0,1.0,90150.0,1.0,11,18030.0,18040.0,5,18105.0,18030.0,18040.0,17970.0,169.0,15230000.0,7845
2023-05-10 21:14:47,al2311,al2311,18030.0,1.0,90150.0,0.0,3,18035.0,18040.0,5,18105.0,18030.0,18040.0,17970.0,170.0,15320150.0,7845
2023-05-10 21:14:48,al2311,al2311,18030.0,1.0,90150.0,1.0,2,18035.0,18040.0,5,18105.0,18030.0,18040.0,17970.0,171.0,15410300.0,7846
2023-05-10 21:14:48,al2311,al2311,18030.0,1.0,90150.0,1.0,1,18035.0,18040.0,5,18105.0,18030.0,18040.0,17970.0,172.0,15500450.0,7847
2023-05-10 21:14:49,al2311,al2311,18030.0,1.0,90150.0,1.0,10,18030.0,18040.0,5,18105.0,18030.0,18040.0,17970.0,173.0,15590600.0,7848
2023-05-10 21:14:49,al2311,al2311,18030.0,1.0,90150.0,0.0,9,18030.0,18040.0,5,18105.0,18030.0,18040.0,17970.0,174.0,15680750.0,7848
2023-05-10 21:14:50,al2311,al2311,18030.0,0.0,0.0,0.0,9,18030.0,18035.0,5,18105.0,18030.0,18040.0,17970.0,174.0,15680750.0,7848
2023-05-10 21:14:51,al2311,al2311,18030.0,0.0,0.0,0.0,9,18030.0,18035.0,6,18105.0,18030.0,18040.0,17970.0,174.0,15680750.0,7848
2023-05-10 21:14:56,al2311,al2311,18030.0,0.0,0.0,0.0,9,18030.0,18035.0,6,18105.0,18030.0,18040.0,17970.0,174.0,15680750.0,7848
2023-05-10 21:14:56,al2311,al2311,18030.0,0.0,0.0,0.0,4,18030.0,18035.0,6,18105.0,18030.0,18040.0,17970.0,174.0,15680750.0,7848
2023-05-10 21:14:59,al2311,al2311,18030.0,0.0,0.0,0.0,4,18030.0,18035.0,6,18105.0,18030.0,18040.0,17970.0,174.0,15680750.0,7848
2023-05-10 21:14:59,al2311,al2311,18035.0,3.0,270525.0,-3.0,4,18030.0,18035.0,3,18105.0,18030.0,18040.0,17970.0,177.0,15951275.0,7845
2023-05-10 21:15:00,al2311,al2311,18035.0,1.0,90175.0,-1.0,4,18030.0,18035.0,2,18105.0,18030.0,18040.0,17970.0,178.0,16041450.0,7844
2023-05-10 21:15:00,al2311,al2311,18035.0,0.0,0.0,0.0,4,18030.0,18035.0,3,18105.0,18030.0,18040.0,17970.0,178.0,16041450.0,7844
2023-05-10 21:15:01,al2311,al2311,18035.0,3.0,270525.0,1.0,4,18030.0,18045.0,8,18105.0,18030.0,18040.0,17970.0,181.0,16311975.0,7845
2023-05-10 21:15:02,al2311,al2311,18035.0,0.0,0.0,0.0,7,18030.0,18045.0,8,18105.0,18030.0,18040.0,17970.0,181.0,16311975.0,7845
2023-05-10 21:15:02,al2311,al2311,18035.0,0.0,0.0,0.0,7,18030.0,18045.0,9,18105.0,18030.0,18040.0,17970.0,181.0,16311975.0,7845
2023-05-10 21:15:04,al2311,al2311,18035.0,0.0,0.0,0.0,7,18030.0,18040.0,10,18105.0,18030.0,18040.0,17970.0,181.0,16311975.0,7845
2023-05-10 21:15:04,al2311,al2311,18035.0,0.0,0.0,0.0,7,18030.0,18040.0,10,18105.0,18030.0,18040.0,17970.0,181.0,16311975.0,7845
2023-05-10 21:15:06,al2311,al2311,18035.0,0.0,0.0,0.0,7,18030.0,18045.0,8,18105.0,18030.0,18040.0,17970.0,181.0,16311975.0,7845
2023-05-10 21:15:07,al2311,al2311,18035.0,0.0,0.0,0.0,17,18030.0,18045.0,8,18105.0,18030.0,18040.0,17970.0,181.0,16311975.0,7845
