time,symbol_id,symbol_name,last,trade_volume,trade_amount,open_interest_change,bv1,bp1,ap1,av1,yesterday_close,today_open,today_high,today_low,volume,amount,open_interest
2023-05-10 20:59:00,al2312,al2312,18050.0,0.0,0.0,0.0,200,17900.0,18170.0,5,18050.0,18020.0,0.0,0.0,0.0,0.0,7292
2023-05-10 21:00:00,al2312,al2312,18050.0,0.0,0.0,0.0,200,17900.0,18155.0,3,18050.0,18020.0,0.0,0.0,0.0,0.0,7292
2023-05-10 21:00:01,al2312,al2312,18050.0,0.0,0.0,0.0,200,17900.0,18150.0,2,18050.0,18020.0,0.0,0.0,0.0,0.0,7292
2023-05-10 21:00:01,al2312,al2312,18050.0,0.0,0.0,0.0,2,17905.0,18100.0,10,18050.0,18020.0,0.0,0.0,0.0,0.0,7292
2023-05-10 21:00:02,al2312,al2312,18050.0,0.0,0.0,0.0,1,17910.0,18100.0,10,18050.0,18020.0,0.0,0.0,0.0,0.0,7292
2023-05-10 21:00:02,al2312,al2312,18050.0,0.0,0.0,0.0,2,17920.0,18095.0,3,18050.0,18020.0,0.0,0.0,0.0,0.0,7292
2023-05-10 21:00:03,al2312,al2312,18050.0,0.0,0.0,0.0,1,17955.0,18080.0,1,18050.0,18020.0,0.0,0.0,0.0,0.0,7292
2023-05-10 21:00:03,al2312,al2312,18050.0,0.0,0.0,0.0,2,17965.0,18075.0,3,18050.0,18020.0,0.0,0.0,0.0,0.0,7292
2023-05-10 21:00:04,al2312,al2312,18050.0,0.0,0.0,0.0,2,17965.0,18075.0,3,18050.0,18020.0,0.0,0.0,0.0,0.0,7292
2023-05-10 21:00:04,al2312,al2312,18050.0,0.0,0.0,0.0,2,17970.0,18075.0,6,18050.0,18020.0,0.0,0.0,0.0,0.0,7292
2023-05-10 21:00:05,al2312,al2312,18050.0,0.0,0.0,0.0,27,17975.0,18075.0,5,18050.0,18020.0,0.0,0.0,0.0,0.0,7292
2023-05-10 21:00:05,al2312,al2312,18050.0,0.0,0.0,0.0,1,17980.0,18075.0,5,18050.0,18020.0,0.0,0.0,0.0,0.0,7292
2023-05-10 21:00:06,al2312,al2312,18050.0,0.0,0.0,0.0,2,17985.0,18075.0,5,18050.0,18020.0,0.0,0.0,0.0,0.0,7292
2023-05-10 21:00:06,al2312,al2312,18050.0,0.0,0.0,0.0,1,17990.0,18075.0,3,18050.0,18020.0,0.0,0.0,0.0,0.0,7292
2023-05-10 21:00:07,al2312,al2312,18050.0,0.0,0.0,0.0,2,17995.0,18075.0,3,18050.0,18020.0,0.0,0.0,0.0,0.0,7292
2023-05-10 21:00:07,al2312,al2312,18050.0,0.0,0.0,0.0,6,18000.0,18075.0,3,18050.0,18020.0,0.0,0.0,0.0,0.0,7292
2023-05-10 21:00:08,al2312,al2312,18050.0,0.0,0.0,0.0,4,18005.0,18075.0,3,18050.0,18020.0,0.0,0.0,0.0,0.0,7292
2023-05-10 21:00:08,al2312,al2312,18050.0,0.0,0.0,0.0,2,18010.0,18075.0,2,18050.0,18020.0,0.0,0.0,0.0,0.0,7292
2023-05-10 21:00:09,al2312,al2312,18050.0,0.0,0.0,0.0,25,18015.0,18100.0,10,18050.0,18020.0,0.0,0.0,0.0,0.0,7292
2023-05-10 21:00:09,al2312,al2312,18050.0,0.0,0.0,0.0,32,18015.0,18085.0,1,18050.0,18020.0,0.0,0.0,0.0,0.0,7292
2023-05-10 21:00:10,al2312,al2312,18050.0,0.0,0.0,0.0,6,18020.0,18085.0,3,18050.0,18020.0,0.0,0.0,0.0,0.0,7292
2023-05-10 21:00:10,al2312,al2312,18050.0,0.0,0.0,0.0,7,18025.0,18085.0,3,18050.0,18020.0,0.0,0.0,0.0,0.0,7292
2023-05-10 21:00:11,al2312,al2312,18050.0,0.0,0.0,0.0,14,18030.0,18085.0,3,18050.0,18020.0,0.0,0.0,0.0,0.0,7292
2023-05-10 21:00:11,al2312,al2312,18050.0,0.0,0.0,0.0,12,18035.0,18080.0,1,18050.0,18020.0,0.0,0.0,0.0,0.0,7292
2023-05-10 21:00:12,al2312,al2312,18050.0,0.0,0.0,0.0,2,18020.0,18075.0,2,18050.0,18020.0,0.0,0.0,0.0,0.0,7292
2023-05-10 21:00:12,al2312,al2312,18050.0,0.0,0.0,0.0,30,18025.0,18075.0,2,18050.0,18020.0,0.0,0.0,0.0,0.0,7292
2023-05-10 21:00:13,al2312,al2312,18050.0,0.0,0.0,0.0,34,18025.0,18075.0,2,18050.0,18020.0,0.0,0.0,0.0,0.0,7292
2023-05-10 21:00:13,al2312,al2312,18050.0,0.0,0.0,0.0,37,18025.0,18080.0,2,18050.0,18020.0,0.0,0.0,0.0,0.0,7292
2023-05-10 21:00:14,al2312,al2312,18050.0,0.0,0.0,0.0,37,18025.0,18080.0,4,18050.0,18020.0,0.0,0.0,0.0,0.0,7292
2023-05-10 21:00:14,al2312,al2312,18050.0,0.0,0.0,0.0,5,18030.0,18080.0,4,18050.0,18020.0,0.0,0.0,0.0,0.0,7292
2023-05-10 21:00:15,al2312,al2312,18050.0,0.0,0.0,0.0,5,18030.0,18080.0,4,18050.0,18020.0,0.0,0.0,0.0,0.0,7292
2023-05-10 21:00:15,al2312,al2312,18050.0,0.0,0.0,0.0,5,18030.0,18080.0,4,18050.0,18020.0,0.0,0.0,0.0,0.0,7292
2023-05-10 21:00:16,al2312,al2312,18050.0,0.0,0.0,0.0,5,18030.0,18080.0,5,18050.0,18020.0,0.0,0.0,0.0,0.0,7292
2023-05-10 21:00:18,al2312,al2312,18050.0,0.0,0.0,0.0,5,18030.0,18075.0,1,18050.0,18020.0,0.0,0.0,0.0,0.0,7292
2023-05-10 21:00:19,al2312,al2312,18050.0,0.0,0.0,0.0,5,18030.0,18070.0,2,18050.0,18020.0,0.0,0.0,0.0,0.0,7292
2023-05-10 21:00:19,al2312,al2312,18050.0,0.0,0.0,0.0,2,18025.0,18070.0,4,18050.0,18020.0,0.0,0.0,0.0,0.0,7292
2023-05-10 21:00:20,al2312,al2312,18050.0,0.0,0.0,0.0,1,17970.0,18070.0,4,18050.0,18020.0,0.0,0.0,0.0,0.0,7292
2023-05-10 21:00:20,al2312,al2312,18050.0,0.0,0.0,0.0,48,17975.0,18070.0,2,18050.0,18020.0,0.0,0.0,0.0,0.0,7292
2023-05-10 21:00:21,al2312,al2312,18050.0,0.0,0.0,0.0,54,17975.0,18070.0,2,18050.0,18020.0,0.0,0.0,0.0,0.0,7292
2023-05-10 21:00:21,al2312,al2312,18050.0,0.0,0.0,0.0,54,17975.0,18070.0,1,18050.0,18020.0,0.0,0.0,0.0,0.0,7292
2023-05-10 21:00:22,al2312,al2312,18050.0,0.0,0.0,0.0,54,17975.0,18095.0,3,18050.0,18020.0,0.0,0.0,0.0,0.0,7292
2023-05-10 21:00:22,al2312,al2312,18050.0,0.0,0.0,0.0,55,17975.0,18080.0,1,18050.0,18020.0,0.0,0.0,0.0,0.0,7292
2023-05-10 21:00:23,al2312,al2312,18050.0,0.0,0.0,0.0,1,17980.0,18080.0,1,18050.0,18020.0,0.0,0.0,0.0,0.0,7292
2023-05-10 21:00:23,al2312,al2312,18050.0,0.0,0.0,0.0,8,17985.0,18080.0,1,18050.0,18020.0,0.0,0.0,0.0,0.0,7292
2023-05-10 21:00:24,al2312,al2312,18050.0,0.0,0.0,0.0,9,17990.0,18080.0,3,18050.0,18020.0,0.0,0.0,0.0,0.0,7292
2023-05-10 21:00:24,al2312,al2312,18050.0,0.0,0.0,0.0,9,17995.0,18080.0,2,18050.0,18020.0,0.0,0.0,0.0,0.0,7292
2023-05-10 21:00:25,al2312,al2312,18050.0,0.0,0.0,0.0,6,18000.0,18085.0,1,18050.0,18020.0,0.0,0.0,0.0,0.0,7292
2023-05-10 21:00:25,al2312,al2312,18050.0,0.0,0.0,0.0,2,18005.0,18080.0,1,18050.0,18020.0,0.0,0.0,0.0,0.0,7292
2023-05-10 21:00:26,al2312,al2312,18050.0,0.0,0.0,0.0,12,18010.0,18080.0,1,18050.0,18020.0,0.0,0.0,0.0,0.0,7292
2023-05-10 21:00:26,al2312,al2312,18050.0,0.0,0.0,0.0,2,18015.0,18080.0,1,18050.0,18020.0,0.0,0.0,0.0,0.0,7292
2023-05-10 21:00:27,al2312,al2312,18050.0,0.0,0.0,0.0,2,18020.0,18080.0,1,18050.0,18020.0,0.0,0.0,0.0,0.0,7292
2023-05-10 21:00:27,al2312,al2312,18050.0,0.0,0.0,0.0,20,18025.0,18080.0,1,18050.0,18020.0,0.0,0.0,0.0,0.0,7292
2023-05-10 21:00:28,al2312,al2312,18050.0,0.0,0.0,0.0,3,18030.0,18085.0,3,18050.0,18020.0,0.0,0.0,0.0,0.0,7292
2023-05-10 21:00:28,al2312,al2312,18050.0,0.0,0.0,0.0,24,18030.0,18085.0,4,18050.0,18020.0,0.0,0.0,0.0,0.0,7292
2023-05-10 21:00:29,al2312,al2312,18050.0,0.0,0.0,0.0,1,18035.0,18085.0,4,18050.0,18020.0,0.0,0.0,0.0,0.0,7292
2023-05-10 21:00:29,al2312,al2312,18050.0,0.0,0.0,0.0,2,18030.0,18085.0,1,18050.0,18020.0,0.0,0.0,0.0,0.0,7292
2023-05-10 21:00:30,al2312,al2312,18050.0,0.0,0.0,0.0,2,18035.0,18080.0,3,18050.0,18020.0,0.0,0.0,0.0,0.0,7292
2023-05-10 21:00:31,al2312,al2312,18050.0,0.0,0.0,0.0,2,18035.0,18085.0,1,18050.0,18020.0,0.0,0.0,0.0,0.0,7292
2023-05-10 21:00:33,al2312,al2312,18050.0,0.0,0.0,0.0,2,18035.0,18100.0,10,18050.0,18020.0,0.0,0.0,0.0,0.0,7292
2023-05-10 21:00:33,al2312,al2312,18050.0,0.0,0.0,0.0,2,18035.0,18090.0,1,18050.0,18020.0,0.0,0.0,0.0,0.0,7292
2023-05-10 21:00:34,al2312,al2312,18050.0,0.0,0.0,0.0,2,18035.0,18095.0,4,18050.0,18020.0,0.0,0.0,0.0,0.0,7292
2023-05-10 21:00:34,al2312,al2312,18050.0,0.0,0.0,0.0,40,18040.0,18090.0,2,18050.0,18020.0,0.0,0.0,0.0,0.0,7292
2023-05-10 21:00:35,al2312,al2312,18050.0,0.0,0.0,0.0,2,18035.0,18090.0,3,18050.0,18020.0,0.0,0.0,0.0,0.0,7292
2023-05-10 21:00:36,al2312,al2312,18050.0,0.0,0.0,0.0,2,18035.0,18090.0,1,18050.0,18020.0,0.0,0.0,0.0,0.0,7292
2023-05-10 21:00:37,al2312,al2312,18050.0,0.0,0.0,0.0,40,18040.0,18090.0,1,18050.0,18020.0,0.0,0.0,0.0,0.0,7292
2023-05-10 21:00:37,al2312,al2312,18050.0,0.0,0.0,0.0,42,18040.0,18090.0,2,18050.0,18020.0,0.0,0.0,0.0,0.0,7292
2023-05-10 21:00:38,al2312,al2312,18050.0,0.0,0.0,0.0,40,18040.0,18090.0,4,18050.0,18020.0,0.0,0.0,0.0,0.0,7292
2023-05-10 21:00:38,al2312,al2312,18050.0,0.0,0.0,0.0,10,18015.0,18090.0,4,18050.0,18020.0,0.0,0.0,0.0,0.0,7292
2023-05-10 21:00:39,al2312,al2312,18050.0,0.0,0.0,0.0,40,18020.0,18090.0,4,18050.0,18020.0,0.0,0.0,0.0,0.0,7292
2023-05-10 21:00:39,al2312,al2312,18050.0,0.0,0.0,0.0,41,18020.0,18090.0,4,18050.0,18020.0,0.0,0.0,0.0,0.0,7292
2023-05-10 21:00:40,al2312,al2312,18050.0,0.0,0.0,0.0,1,18025.0,18090.0,4,18050.0,18020.0,0.0,0.0,0.0,0.0,7292
2023-05-10 21:00:40,al2312,al2312,18050.0,0.0,0.0,0.0,7,18030.0,18090.0,3,18050.0,18020.0,0.0,0.0,0.0,0.0,7292
2023-05-10 21:00:41,al2312,al2312,18050.0,0.0,0.0,0.0,5,18035.0,18085.0,2,18050.0,18020.0,0.0,0.0,0.0,0.0,7292
2023-05-10 21:00:41,al2312,al2312,18050.0,0.0,0.0,0.0,2,18030.0,18085.0,3,18050.0,18020.0,0.0,0.0,0.0,0.0,7292
2023-05-10 21:00:42,al2312,al2312,18050.0,0.0,0.0,0.0,2,18030.0,18085.0,3,18050.0,18020.0,0.0,0.0,0.0,0.0,7292
2023-05-10 21:00:42,al2312,al2312,18050.0,0.0,0.0,0.0,10,18015.0,18080.0,2,18050.0,18020.0,0.0,0.0,0.0,0.0,7292
2023-05-10 21:00:43,al2312,al2312,18050.0,0.0,0.0,0.0,46,18020.0,18080.0,4,18050.0,18020.0,0.0,0.0,0.0,0.0,7292
2023-05-10 21:00:43,al2312,al2312,18050.0,0.0,0.0,0.0,3,18025.0,18080.0,4,18050.0,18020.0,0.0,0.0,0.0,0.0,7292
2023-05-10 21:00:44,al2312,al2312,18050.0,0.0,0.0,0.0,11,18025.0,18080.0,4,18050.0,18020.0,0.0,0.0,0.0,0.0,7292
2023-05-10 21:00:44,al2312,al2312,18050.0,0.0,0.0,0.0,26,18030.0,18080.0,2,18050.0,18020.0,0.0,0.0,0.0,0.0,7292
2023-05-10 21:00:45,al2312,al2312,18050.0,0.0,0.0,0.0,26,18030.0,18080.0,2,18050.0,18020.0,0.0,0.0,0.0,0.0,7292
2023-05-10 21:00:45,al2312,al2312,18050.0,0.0,0.0,0.0,26,18030.0,18080.0,4,18050.0,18020.0,0.0,0.0,0.0,0.0,7292
2023-05-10 21:00:46,al2312,al2312,18050.0,0.0,0.0,0.0,2,18025.0,18080.0,4,18050.0,18020.0,0.0,0.0,0.0,0.0,7292
2023-05-10 21:00:48,al2312,al2312,18050.0,0.0,0.0,0.0,2,18025.0,18080.0,4,18050.0,18020.0,0.0,0.0,0.0,0.0,7292
2023-05-10 21:00:50,al2312,al2312,18050.0,0.0,0.0,0.0,2,18025.0,18080.0,1,18050.0,18020.0,0.0,0.0,0.0,0.0,7292
2023-05-10 21:00:50,al2312,al2312,18050.0,0.0,0.0,0.0,37,18030.0,18075.0,1,18050.0,18020.0,0.0,0.0,0.0,0.0,7292
2023-05-10 21:00:51,al2312,al2312,18050.0,0.0,0.0,0.0,10,18015.0,18075.0,4,18050.0,18020.0,0.0,0.0,0.0,0.0,7292
2023-05-10 21:00:51,al2312,al2312,18050.0,0.0,0.0,0.0,41,18020.0,18075.0,5,18050.0,18020.0,0.0,0.0,0.0,0.0,7292
2023-05-10 21:00:52,al2312,al2312,18050.0,0.0,0.0,0.0,41,18020.0,18070.0,3,18050.0,18020.0,0.0,0.0,0.0,0.0,7292
2023-05-10 21:00:52,al2312,al2312,18050.0,0.0,0.0,0.0,41,18020.0,18070.0,3,18050.0,18020.0,0.0,0.0,0.0,0.0,7292
2023-05-10 21:00:53,al2312,al2312,18050.0,0.0,0.0,0.0,41,18020.0,18070.0,3,18050.0,18020.0,0.0,0.0,0.0,0.0,7292
2023-05-10 21:00:55,al2312,al2312,18050.0,0.0,0.0,0.0,1,18025.0,18070.0,3,18050.0,18020.0,0.0,0.0,0.0,0.0,7292
2023-05-10 21:00:55,al2312,al2312,18050.0,0.0,0.0,0.0,2,18030.0,18070.0,3,18050.0,18020.0,0.0,0.0,0.0,0.0,7292
2023-05-10 21:00:56,al2312,al2312,18050.0,0.0,0.0,0.0,2,18030.0,18075.0,2,18050.0,18020.0,0.0,0.0,0.0,0.0,7292
2023-05-10 21:00:56,al2312,al2312,18050.0,0.0,0.0,0.0,2,18030.0,18100.0,10,18050.0,18020.0,0.0,0.0,0.0,0.0,7292
2023-05-10 21:00:57,al2312,al2312,18050.0,0.0,0.0,0.0,2,18030.0,18085.0,2,18050.0,18020.0,0.0,0.0,0.0,0.0,7292
2023-05-10 21:00:57,al2312,al2312,18050.0,0.0,0.0,0.0,2,18030.0,18085.0,4,18050.0,18020.0,0.0,0.0,0.0,0.0,7292
2023-05-10 21:00:58,al2312,al2312,18050.0,0.0,0.0,0.0,2,18030.0,18080.0,1,18050.0,18020.0,0.0,0.0,0.0,0.0,7292
2023-05-10 21:00:58,al2312,al2312,18050.0,0.0,0.0,0.0,10,18015.0,18080.0,3,18050.0,18020.0,0.0,0.0,0.0,0.0,7292
2023-05-10 21:00:59,al2312,al2312,18050.0,0.0,0.0,0.0,20,18020.0,18080.0,4,18050.0,18020.0,0.0,0.0,0.0,0.0,7292
2023-05-10 21:00:59,al2312,al2312,18050.0,0.0,0.0,0.0,4,18025.0,18080.0,4,18050.0,18020.0,0.0,0.0,0.0,0.0,7292
2023-05-10 21:01:00,al2312,al2312,18050.0,0.0,0.0,0.0,11,18025.0,18075.0,2,18050.0,18020.0,0.0,0.0,0.0,0.0,7292
2023-05-10 21:01:00,al2312,al2312,18050.0,0.0,0.0,0.0,11,18025.0,18070.0,1,18050.0,18020.0,0.0,0.0,0.0,0.0,7292
2023-05-10 21:01:01,al2312,al2312,18050.0,0.0,0.0,0.0,12,18025.0,18065.0,1,18050.0,18020.0,0.0,0.0,0.0,0.0,7292
2023-05-10 21:01:01,al2312,al2312,18050.0,0.0,0.0,0.0,8,18040.0,18065.0,1,18050.0,18020.0,0.0,0.0,0.0,0.0,7292
2023-05-10 21:01:02,al2312,al2312,18050.0,0.0,0.0,0.0,8,18040.0,18065.0,1,18050.0,18020.0,0.0,0.0,0.0,0.0,7292
2023-05-10 21:01:02,al2312,al2312,18050.0,0.0,0.0,0.0,3,18025.0,18065.0,1,18050.0,18020.0,0.0,0.0,0.0,0.0,7292
2023-05-10 21:01:03,al2312,al2312,18050.0,0.0,0.0,0.0,2,18025.0,18060.0,1,18050.0,18020.0,0.0,0.0,0.0,0.0,7292
2023-05-10 21:01:03,al2312,al2312,18050.0,0.0,0.0,0.0,11,18035.0,18060.0,2,18050.0,18020.0,0.0,0.0,0.0,0.0,7292
2023-05-10 21:01:04,al2312,al2312,18050.0,0.0,0.0,0.0,5,18035.0,18060.0,3,18050.0,18020.0,0.0,0.0,0.0,0.0,7292
2023-05-10 21:01:04,al2312,al2312,18050.0,0.0,0.0,0.0,5,18035.0,18060.0,2,18050.0,18020.0,0.0,0.0,0.0,0.0,7292
2023-05-10 21:01:05,al2312,al2312,18050.0,0.0,0.0,0.0,2,18035.0,18060.0,2,18050.0,18020.0,0.0,0.0,0.0,0.0,7292
2023-05-10 21:01:05,al2312,al2312,18050.0,0.0,0.0,0.0,2,18035.0,18055.0,1,18050.0,18020.0,0.0,0.0,0.0,0.0,7292
2023-05-10 21:01:06,al2312,al2312,18050.0,0.0,0.0,0.0,2,18035.0,18055.0,1,18050.0,18020.0,0.0,0.0,0.0,0.0,7292
2023-05-10 21:01:07,al2312,al2312,18050.0,0.0,0.0,0.0,2,18035.0,18065.0,1,18050.0,18020.0,0.0,0.0,0.0,0.0,7292
2023-05-10 21:01:07,al2312,al2312,18050.0,0.0,0.0,0.0,1,18020.0,18060.0,2,18050.0,18020.0,0.0,0.0,0.0,0.0,7292
2023-05-10 21:01:08,al2312,al2312,18050.0,0.0,0.0,0.0,12,18035.0,18055.0,1,18050.0,18020.0,0.0,0.0,0.0,0.0,7292
2023-05-10 21:01:08,al2312,al2312,18050.0,0.0,0.0,0.0,1,18040.0,18055.0,1,18050.0,18020.0,0.0,0.0,0.0,0.0,7292
2023-05-10 21:01:09,al2312,al2312,18050.0,0.0,0.0,0.0,1,18025.0,18065.0,1,18050.0,18020.0,0.0,0.0,0.0,0.0,7292
2023-05-10 21:01:09,al2312,al2312,18050.0,0.0,0.0,0.0,2,18040.0,18065.0,2,18050.0,18020.0,0.0,0.0,0.0,0.0,7292
2023-05-10 21:01:10,al2312,al2312,18050.0,0.0,0.0,0.0,1,18025.0,18065.0,2,18050.0,18020.0,0.0,0.0,0.0,0.0,7292
2023-05-10 21:01:10,al2312,al2312,18050.0,0.0,0.0,0.0,2,18020.0,18060.0,1,18050.0,18020.0,0.0,0.0,0.0,0.0,7292
2023-05-10 21:01:11,al2312,al2312,18050.0,0.0,0.0,0.0,5,18035.0,18060.0,1,18050.0,18020.0,0.0,0.0,0.0,0.0,7292
2023-05-10 21:01:11,al2312,al2312,18050.0,0.0,0.0,0.0,5,18035.0,18055.0,2,18050.0,18020.0,0.0,0.0,0.0,0.0,7292
2023-05-10 21:01:12,al2312,al2312,18050.0,0.0,0.0,0.0,2,18020.0,18055.0,2,18050.0,18020.0,0.0,0.0,0.0,0.0,7292
2023-05-10 21:01:12,al2312,al2312,18050.0,0.0,0.0,0.0,11,18030.0,18055.0,1,18050.0,18020.0,0.0,0.0,0.0,0.0,7292
2023-05-10 21:01:13,al2312,al2312,18050.0,0.0,0.0,0.0,6,18030.0,18055.0,1,18050.0,18020.0,0.0,0.0,0.0,0.0,7292
2023-05-10 21:01:16,al2312,al2312,18050.0,0.0,0.0,0.0,6,18030.0,18055.0,2,18050.0,18020.0,0.0,0.0,0.0,0.0,7292
2023-05-10 21:01:21,al2312,al2312,18050.0,0.0,0.0,0.0,2,18020.0,18055.0,2,18050.0,18020.0,0.0,0.0,0.0,0.0,7292
2023-05-10 21:01:21,al2312,al2312,18050.0,0.0,0.0,0.0,10,18015.0,18055.0,2,18050.0,18020.0,0.0,0.0,0.0,0.0,7292
2023-05-10 21:01:22,al2312,al2312,18050.0,0.0,0.0,0.0,10,18015.0,18050.0,1,18050.0,18020.0,0.0,0.0,0.0,0.0,7292
2023-05-10 21:01:22,al2312,al2312,18050.0,0.0,0.0,0.0,6,18025.0,18045.0,1,18050.0,18020.0,0.0,0.0,0.0,0.0,7292
2023-05-10 21:01:23,al2312,al2312,18050.0,0.0,0.0,0.0,4,18025.0,18045.0,1,18050.0,18020.0,0.0,0.0,0.0,0.0,7292
2023-05-10 21:01:24,al2312,al2312,18050.0,0.0,0.0,0.0,10,18015.0,18045.0,1,18050.0,18020.0,0.0,0.0,0.0,0.0,7292
2023-05-10 21:01:24,al2312,al2312,18050.0,0.0,0.0,0.0,7,18020.0,18045.0,1,18050.0,18020.0,0.0,0.0,0.0,0.0,7292
2023-05-10 21:01:31,al2312,al2312,18050.0,0.0,0.0,0.0,2,18025.0,18045.0,1,18050.0,18020.0,0.0,0.0,0.0,0.0,7292
2023-05-10 21:01:34,al2312,al2312,18050.0,0.0,0.0,0.0,2,18025.0,18045.0,1,18050.0,18020.0,0.0,0.0,0.0,0.0,7292
2023-05-10 21:01:36,al2312,al2312,18050.0,0.0,0.0,0.0,10,18015.0,18045.0,2,18050.0,18020.0,0.0,0.0,0.0,0.0,7292
2023-05-10 21:01:36,al2312,al2312,18050.0,0.0,0.0,0.0,2,18025.0,18045.0,2,18050.0,18020.0,0.0,0.0,0.0,0.0,7292
2023-05-10 21:01:37,al2312,al2312,18050.0,0.0,0.0,0.0,10,18015.0,18045.0,2,18050.0,18020.0,0.0,0.0,0.0,0.0,7292
2023-05-10 21:01:37,al2312,al2312,18050.0,0.0,0.0,0.0,5,18020.0,18045.0,2,18050.0,18020.0,0.0,0.0,0.0,0.0,7292
2023-05-10 21:01:39,al2312,al2312,18050.0,0.0,0.0,0.0,5,18020.0,18045.0,1,18050.0,18020.0,0.0,0.0,0.0,0.0,7292
2023-05-10 21:01:40,al2312,al2312,18050.0,0.0,0.0,0.0,5,18020.0,18045.0,2,18050.0,18020.0,0.0,0.0,0.0,0.0,7292
2023-05-10 21:01:43,al2312,al2312,18050.0,0.0,0.0,0.0,5,18020.0,18045.0,1,18050.0,18020.0,0.0,0.0,0.0,0.0,7292
2023-05-10 21:01:45,al2312,al2312,18050.0,0.0,0.0,0.0,5,18020.0,18045.0,2,18050.0,18020.0,0.0,0.0,0.0,0.0,7292
2023-05-10 21:01:46,al2312,al2312,18050.0,0.0,0.0,0.0,5,18020.0,18045.0,1,18050.0,18020.0,0.0,0.0,0.0,0.0,7292
2023-05-10 21:01:48,al2312,al2312,18050.0,0.0,0.0,0.0,5,18020.0,18045.0,1,18050.0,18020.0,0.0,0.0,0.0,0.0,7292
2023-05-10 21:01:50,al2312,al2312,18050.0,0.0,0.0,0.0,6,18025.0,18045.0,1,18050.0,18020.0,0.0,0.0,0.0,0.0,7292
2023-05-10 21:01:54,al2312,al2312,18050.0,0.0,0.0,0.0,5,18025.0,18045.0,1,18050.0,18020.0,0.0,0.0,0.0,0.0,7292
2023-05-10 21:01:56,al2312,al2312,18050.0,0.0,0.0,0.0,5,18025.0,18045.0,2,18050.0,18020.0,0.0,0.0,0.0,0.0,7292
2023-05-10 21:01:57,al2312,al2312,18050.0,0.0,0.0,0.0,1,18010.0,18045.0,2,18050.0,18020.0,0.0,0.0,0.0,0.0,7292
2023-05-10 21:01:57,al2312,al2312,18050.0,0.0,0.0,0.0,9,18020.0,18045.0,2,18050.0,18020.0,0.0,0.0,0.0,0.0,7292
2023-05-10 21:02:04,al2312,al2312,18050.0,0.0,0.0,0.0,4,18020.0,18045.0,2,18050.0,18020.0,0.0,0.0,0.0,0.0,7292
2023-05-10 21:02:05,al2312,al2312,18050.0,0.0,0.0,0.0,2,18020.0,18045.0,2,18050.0,18020.0,0.0,0.0,0.0,0.0,7292
2023-05-10 21:02:05,al2312,al2312,18050.0,0.0,0.0,0.0,201,18000.0,18040.0,1,18050.0,18020.0,0.0,0.0,0.0,0.0,7292
2023-05-10 21:02:06,al2312,al2312,18050.0,0.0,0.0,0.0,6,18015.0,18035.0,1,18050.0,18020.0,0.0,0.0,0.0,0.0,7292
2023-05-10 21:02:07,al2312,al2312,18050.0,0.0,0.0,0.0,6,18015.0,18040.0,1,18050.0,18020.0,0.0,0.0,0.0,0.0,7292
2023-05-10 21:02:08,al2312,al2312,18050.0,0.0,0.0,0.0,6,18015.0,18040.0,1,18050.0,18020.0,0.0,0.0,0.0,0.0,7292
2023-05-10 21:02:08,al2312,al2312,18050.0,0.0,0.0,0.0,6,18015.0,18040.0,1,18050.0,18020.0,0.0,0.0,0.0,0.0,7292
2023-05-10 21:02:09,al2312,al2312,18050.0,0.0,0.0,0.0,6,18015.0,18040.0,1,18050.0,18020.0,0.0,0.0,0.0,0.0,7292
2023-05-10 21:02:09,al2312,al2312,18050.0,0.0,0.0,0.0,6,18015.0,18035.0,1,18050.0,18020.0,0.0,0.0,0.0,0.0,7292
2023-05-10 21:02:10,al2312,al2312,18050.0,0.0,0.0,0.0,6,18015.0,18035.0,1,18050.0,18020.0,0.0,0.0,0.0,0.0,7292
2023-05-10 21:02:11,al2312,al2312,18050.0,0.0,0.0,0.0,6,18015.0,18045.0,1,18050.0,18020.0,0.0,0.0,0.0,0.0,7292
2023-05-10 21:02:12,al2312,al2312,18050.0,0.0,0.0,0.0,202,18000.0,18040.0,2,18050.0,18020.0,0.0,0.0,0.0,0.0,7292
2023-05-10 21:02:12,al2312,al2312,18050.0,0.0,0.0,0.0,8,18015.0,18035.0,1,18050.0,18020.0,0.0,0.0,0.0,0.0,7292
2023-05-10 21:02:13,al2312,al2312,18050.0,0.0,0.0,0.0,6,18015.0,18035.0,1,18050.0,18020.0,0.0,0.0,0.0,0.0,7292
2023-05-10 21:02:20,al2312,al2312,18050.0,0.0,0.0,0.0,6,18015.0,18035.0,1,18050.0,18020.0,0.0,0.0,0.0,0.0,7292
2023-05-10 21:02:21,al2312,al2312,18050.0,0.0,0.0,0.0,6,18015.0,18035.0,1,18050.0,18020.0,0.0,0.0,0.0,0.0,7292
2023-05-10 21:02:22,al2312,al2312,18050.0,0.0,0.0,0.0,2,18015.0,18035.0,1,18050.0,18020.0,0.0,0.0,0.0,0.0,7292
2023-05-10 21:02:27,al2312,al2312,18050.0,0.0,0.0,0.0,7,18020.0,18035.0,1,18050.0,18020.0,0.0,0.0,0.0,0.0,7292
2023-05-10 21:02:29,al2312,al2312,18050.0,0.0,0.0,0.0,2,18020.0,18035.0,1,18050.0,18020.0,0.0,0.0,0.0,0.0,7292
2023-05-10 21:02:30,al2312,al2312,18050.0,0.0,0.0,0.0,6,18005.0,18035.0,1,18050.0,18020.0,0.0,0.0,0.0,0.0,7292
2023-05-10 21:02:30,al2312,al2312,18050.0,0.0,0.0,0.0,2,18015.0,18035.0,1,18050.0,18020.0,0.0,0.0,0.0,0.0,7292
2023-05-10 21:02:34,al2312,al2312,18050.0,0.0,0.0,0.0,2,18020.0,18035.0,1,18050.0,18020.0,0.0,0.0,0.0,0.0,7292
2023-05-10 21:02:36,al2312,al2312,18050.0,0.0,0.0,0.0,6,18005.0,18035.0,1,18050.0,18020.0,0.0,0.0,0.0,0.0,7292
2023-05-10 21:02:37,al2312,al2312,18050.0,0.0,0.0,0.0,6,18015.0,18035.0,1,18050.0,18020.0,0.0,0.0,0.0,0.0,7292
2023-05-10 21:02:37,al2312,al2312,18050.0,0.0,0.0,0.0,2,18015.0,18030.0,1,18050.0,18020.0,0.0,0.0,0.0,0.0,7292
2023-05-10 21:02:40,al2312,al2312,18050.0,0.0,0.0,0.0,2,18015.0,18030.0,1,18050.0,18020.0,0.0,0.0,0.0,0.0,7292
2023-05-10 21:02:41,al2312,al2312,18050.0,0.0,0.0,0.0,2,18015.0,18045.0,1,18050.0,18020.0,0.0,0.0,0.0,0.0,7292
2023-05-10 21:02:42,al2312,al2312,18050.0,0.0,0.0,0.0,6,18005.0,18040.0,2,18050.0,18020.0,0.0,0.0,0.0,0.0,7292
2023-05-10 21:02:42,al2312,al2312,18050.0,0.0,0.0,0.0,3,18015.0,18040.0,2,18050.0,18020.0,0.0,0.0,0.0,0.0,7292
2023-05-10 21:02:43,al2312,al2312,18050.0,0.0,0.0,0.0,3,18015.0,18035.0,1,18050.0,18020.0,0.0,0.0,0.0,0.0,7292
2023-05-10 21:02:43,al2312,al2312,18050.0,0.0,0.0,0.0,3,18015.0,18040.0,3,18050.0,18020.0,0.0,0.0,0.0,0.0,7292
2023-05-10 21:02:49,al2312,al2312,18050.0,0.0,0.0,0.0,6,18005.0,18040.0,3,18050.0,18020.0,0.0,0.0,0.0,0.0,7292
2023-05-10 21:02:51,al2312,al2312,18050.0,0.0,0.0,0.0,6,18005.0,18040.0,4,18050.0,18020.0,0.0,0.0,0.0,0.0,7292
2023-05-10 21:02:52,al2312,al2312,18050.0,0.0,0.0,0.0,6,18005.0,18040.0,5,18050.0,18020.0,0.0,0.0,0.0,0.0,7292
2023-05-10 21:02:54,al2312,al2312,18050.0,0.0,0.0,0.0,6,18005.0,18040.0,5,18050.0,18020.0,0.0,0.0,0.0,0.0,7292
2023-05-10 21:02:55,al2312,al2312,18050.0,0.0,0.0,0.0,6,18005.0,18040.0,5,18050.0,18020.0,0.0,0.0,0.0,0.0,7292
2023-05-10 21:02:57,al2312,al2312,18050.0,0.0,0.0,0.0,6,18005.0,18040.0,7,18050.0,18020.0,0.0,0.0,0.0,0.0,7292
2023-05-10 21:02:58,al2312,al2312,18050.0,0.0,0.0,0.0,6,18005.0,18040.0,5,18050.0,18020.0,0.0,0.0,0.0,0.0,7292
2023-05-10 21:02:58,al2312,al2312,18050.0,0.0,0.0,0.0,6,18005.0,18040.0,7,18050.0,18020.0,0.0,0.0,0.0,0.0,7292
2023-05-10 21:02:59,al2312,al2312,18050.0,0.0,0.0,0.0,6,18005.0,18040.0,5,18050.0,18020.0,0.0,0.0,0.0,0.0,7292
2023-05-10 21:03:00,al2312,al2312,18050.0,0.0,0.0,0.0,6,18005.0,18040.0,7,18050.0,18020.0,0.0,0.0,0.0,0.0,7292
2023-05-10 21:03:02,al2312,al2312,18050.0,0.0,0.0,0.0,6,18005.0,18040.0,6,18050.0,18020.0,0.0,0.0,0.0,0.0,7292
2023-05-10 21:03:02,al2312,al2312,18050.0,0.0,0.0,0.0,6,18005.0,18035.0,1,18050.0,18020.0,0.0,0.0,0.0,0.0,7292
2023-05-10 21:03:03,al2312,al2312,18050.0,0.0,0.0,0.0,6,18005.0,18030.0,1,18050.0,18020.0,0.0,0.0,0.0,0.0,7292
2023-05-10 21:03:03,al2312,al2312,18050.0,0.0,0.0,0.0,6,18005.0,18025.0,1,18050.0,18020.0,0.0,0.0,0.0,0.0,7292
2023-05-10 21:03:04,al2312,al2312,18050.0,0.0,0.0,0.0,6,18005.0,18020.0,1,18050.0,18020.0,0.0,0.0,0.0,0.0,7292
2023-05-10 21:03:04,al2312,al2312,18050.0,0.0,0.0,0.0,202,18000.0,18020.0,1,18050.0,18020.0,0.0,0.0,0.0,0.0,7292
2023-05-10 21:03:05,al2312,al2312,18020.0,1.0,90100.0,-1.0,208,18000.0,18030.0,1,18050.0,18020.0,18020.0,18020.0,1.0,90100.0,7291
2023-05-10 21:03:05,al2312,al2312,18020.0,0.0,0.0,0.0,201,18000.0,18020.0,1,18050.0,18020.0,18020.0,18020.0,1.0,90100.0,7291
2023-05-10 21:03:06,al2312,al2312,18020.0,0.0,0.0,0.0,208,18000.0,18015.0,1,18050.0,18020.0,18020.0,18020.0,1.0,90100.0,7291
2023-05-10 21:03:06,al2312,al2312,18020.0,0.0,0.0,0.0,207,18000.0,18015.0,1,18050.0,18020.0,18020.0,18020.0,1.0,90100.0,7291
2023-05-10 21:03:07,al2312,al2312,18020.0,0.0,0.0,0.0,201,18000.0,18015.0,1,18050.0,18020.0,18020.0,18020.0,1.0,90100.0,7291
2023-05-10 21:03:10,al2312,al2312,18020.0,0.0,0.0,0.0,206,18000.0,18015.0,1,18050.0,18020.0,18020.0,18020.0,1.0,90100.0,7291
2023-05-10 21:03:10,al2312,al2312,18020.0,0.0,0.0,0.0,206,18000.0,18015.0,1,18050.0,18020.0,18020.0,18020.0,1.0,90100.0,7291
2023-05-10 21:03:11,al2312,al2312,18020.0,0.0,0.0,0.0,1,18005.0,18030.0,1,18050.0,18020.0,18020.0,18020.0,1.0,90100.0,7291
2023-05-10 21:03:12,al2312,al2312,18020.0,0.0,0.0,0.0,1,18005.0,18025.0,1,18050.0,18020.0,18020.0,18020.0,1.0,90100.0,7291
2023-05-10 21:03:12,al2312,al2312,18020.0,0.0,0.0,0.0,1,18005.0,18020.0,1,18050.0,18020.0,18020.0,18020.0,1.0,90100.0,7291
2023-05-10 21:03:14,al2312,al2312,18020.0,0.0,0.0,0.0,1,18005.0,18020.0,1,18050.0,18020.0,18020.0,18020.0,1.0,90100.0,7291
2023-05-10 21:03:15,al2312,al2312,18020.0,0.0,0.0,0.0,201,18000.0,18020.0,1,18050.0,18020.0,18020.0,18020.0,1.0,90100.0,7291
2023-05-10 21:03:16,al2312,al2312,18020.0,0.0,0.0,0.0,210,18000.0,18020.0,1,18050.0,18020.0,18020.0,18020.0,1.0,90100.0,7291
2023-05-10 21:03:16,al2312,al2312,18020.0,0.0,0.0,0.0,1,18005.0,18025.0,1,18050.0,18020.0,18020.0,18020.0,1.0,90100.0,7291
2023-05-10 21:03:17,al2312,al2312,18020.0,0.0,0.0,0.0,1,18005.0,18025.0,1,18050.0,18020.0,18020.0,18020.0,1.0,90100.0,7291
2023-05-10 21:03:17,al2312,al2312,18020.0,0.0,0.0,0.0,1,18005.0,18020.0,1,18050.0,18020.0,18020.0,18020.0,1.0,90100.0,7291
2023-05-10 21:03:20,al2312,al2312,18020.0,0.0,0.0,0.0,201,18000.0,18020.0,1,18050.0,18020.0,18020.0,18020.0,1.0,90100.0,7291
2023-05-10 21:03:20,al2312,al2312,18020.0,0.0,0.0,0.0,213,18000.0,18020.0,1,18050.0,18020.0,18020.0,18020.0,1.0,90100.0,7291
2023-05-10 21:03:21,al2312,al2312,18020.0,0.0,0.0,0.0,1,18005.0,18025.0,1,18050.0,18020.0,18020.0,18020.0,1.0,90100.0,7291
2023-05-10 21:03:21,al2312,al2312,18020.0,0.0,0.0,0.0,3,18005.0,18025.0,2,18050.0,18020.0,18020.0,18020.0,1.0,90100.0,7291
2023-05-10 21:03:26,al2312,al2312,18020.0,0.0,0.0,0.0,1,18005.0,18025.0,2,18050.0,18020.0,18020.0,18020.0,1.0,90100.0,7291
2023-05-10 21:03:27,al2312,al2312,18020.0,0.0,0.0,0.0,1,18005.0,18020.0,20,18050.0,18020.0,18020.0,18020.0,1.0,90100.0,7291
2023-05-10 21:03:27,al2312,al2312,18020.0,0.0,0.0,0.0,1,18005.0,18020.0,20,18050.0,18020.0,18020.0,18020.0,1.0,90100.0,7291
2023-05-10 21:03:34,al2312,al2312,18020.0,0.0,0.0,0.0,201,18000.0,18015.0,1,18050.0,18020.0,18020.0,18020.0,1.0,90100.0,7291
2023-05-10 21:03:34,al2312,al2312,18015.0,1.0,90075.0,1.0,1,18005.0,18020.0,20,18050.0,18020.0,18020.0,18015.0,2.0,180175.0,7292
2023-05-10 21:03:35,al2312,al2312,18015.0,0.0,0.0,0.0,1,18005.0,18020.0,20,18050.0,18020.0,18020.0,18015.0,2.0,180175.0,7292
2023-05-10 21:03:41,al2312,al2312,18015.0,0.0,0.0,0.0,201,18000.0,18020.0,21,18050.0,18020.0,18020.0,18015.0,2.0,180175.0,7292
2023-05-10 21:03:41,al2312,al2312,18015.0,0.0,0.0,0.0,204,18000.0,18020.0,21,18050.0,18020.0,18020.0,18015.0,2.0,180175.0,7292
2023-05-10 21:03:43,al2312,al2312,18015.0,0.0,0.0,0.0,1,18005.0,18020.0,20,18050.0,18020.0,18020.0,18015.0,2.0,180175.0,7292
2023-05-10 21:03:44,al2312,al2312,18015.0,0.0,0.0,0.0,1,18005.0,18020.0,20,18050.0,18020.0,18020.0,18015.0,2.0,180175.0,7292
2023-05-10 21:03:45,al2312,al2312,18015.0,0.0,0.0,0.0,201,18000.0,18020.0,21,18050.0,18020.0,18020.0,18015.0,2.0,180175.0,7292
2023-05-10 21:03:47,al2312,al2312,18015.0,0.0,0.0,0.0,201,18000.0,18020.0,21,18050.0,18020.0,18020.0,18015.0,2.0,180175.0,7292
2023-05-10 21:03:48,al2312,al2312,18015.0,0.0,0.0,0.0,201,18000.0,18020.0,1,18050.0,18020.0,18020.0,18015.0,2.0,180175.0,7292
2023-05-10 21:03:55,al2312,al2312,18015.0,0.0,0.0,0.0,201,18000.0,18020.0,1,18050.0,18020.0,18020.0,18015.0,2.0,180175.0,7292
2023-05-10 21:03:56,al2312,al2312,18015.0,0.0,0.0,0.0,201,18000.0,18020.0,1,18050.0,18020.0,18020.0,18015.0,2.0,180175.0,7292
2023-05-10 21:03:56,al2312,al2312,18015.0,0.0,0.0,0.0,201,18000.0,18015.0,1,18050.0,18020.0,18020.0,18015.0,2.0,180175.0,7292
2023-05-10 21:03:57,al2312,al2312,18000.0,1.0,90000.0,1.0,200,18000.0,18015.0,1,18050.0,18020.0,18020.0,18000.0,3.0,270175.0,7293
2023-05-10 21:03:57,al2312,al2312,18000.0,0.0,0.0,0.0,200,18000.0,18010.0,1,18050.0,18020.0,18020.0,18000.0,3.0,270175.0,7293
2023-05-10 21:03:58,al2312,al2312,18000.0,11.0,990000.0,8.0,189,18000.0,18010.0,1,18050.0,18020.0,18020.0,18000.0,14.0,1260175.0,7301
2023-05-10 21:03:58,al2312,al2312,18000.0,1.0,90000.0,1.0,188,18000.0,18010.0,1,18050.0,18020.0,18020.0,18000.0,15.0,1350175.0,7302
2023-05-10 21:03:59,al2312,al2312,18000.0,4.0,360000.0,4.0,184,18000.0,18010.0,1,18050.0,18020.0,18020.0,18000.0,19.0,1710175.0,7306
2023-05-10 21:03:59,al2312,al2312,18000.0,2.0,180000.0,2.0,182,18000.0,18005.0,1,18050.0,18020.0,18020.0,18000.0,21.0,1890175.0,7308
2023-05-10 21:04:00,al2312,al2312,18000.0,2.0,180000.0,2.0,180,18000.0,18005.0,1,18050.0,18020.0,18020.0,18000.0,23.0,2070175.0,7310
2023-05-10 21:04:00,al2312,al2312,18000.0,1.0,90000.0,1.0,179,18000.0,18020.0,1,18050.0,18020.0,18020.0,18000.0,24.0,2160175.0,7311
2023-05-10 21:04:01,al2312,al2312,18000.0,0.0,0.0,0.0,179,18000.0,18010.0,1,18050.0,18020.0,18020.0,18000.0,24.0,2160175.0,7311
2023-05-10 21:04:02,al2312,al2312,18000.0,2.0,180000.0,1.0,177,18000.0,18010.0,1,18050.0,18020.0,18020.0,18000.0,26.0,2340175.0,7312
2023-05-10 21:04:04,al2312,al2312,18000.0,10.0,900000.0,0.0,167,18000.0,18010.0,1,18050.0,18020.0,18020.0,18000.0,36.0,3240175.0,7312
2023-05-10 21:04:06,al2312,al2312,18000.0,1.0,90000.0,1.0,166,18000.0,18010.0,1,18050.0,18020.0,18020.0,18000.0,37.0,3330175.0,7313
2023-05-10 21:04:07,al2312,al2312,18000.0,2.0,180000.0,2.0,164,18000.0,18005.0,1,18050.0,18020.0,18020.0,18000.0,39.0,3510175.0,7315
2023-05-10 21:04:07,al2312,al2312,18000.0,2.0,180000.0,2.0,162,18000.0,18005.0,1,18050.0,18020.0,18020.0,18000.0,41.0,3690175.0,7317
2023-05-10 21:04:08,al2312,al2312,18000.0,2.0,180000.0,2.0,160,18000.0,18005.0,2,18050.0,18020.0,18020.0,18000.0,43.0,3870175.0,7319
2023-05-10 21:04:08,al2312,al2312,18000.0,2.0,180000.0,2.0,158,18000.0,18005.0,2,18050.0,18020.0,18020.0,18000.0,45.0,4050175.0,7321
2023-05-10 21:04:09,al2312,al2312,18000.0,2.0,180000.0,2.0,156,18000.0,18005.0,2,18050.0,18020.0,18020.0,18000.0,47.0,4230175.0,7323
2023-05-10 21:04:09,al2312,al2312,18000.0,2.0,180000.0,2.0,154,18000.0,18005.0,2,18050.0,18020.0,18020.0,18000.0,49.0,4410175.0,7325
2023-05-10 21:04:10,al2312,al2312,18000.0,2.0,180000.0,2.0,152,18000.0,18005.0,2,18050.0,18020.0,18020.0,18000.0,51.0,4590175.0,7327
2023-05-10 21:04:10,al2312,al2312,18000.0,2.0,180000.0,2.0,150,18000.0,18005.0,2,18050.0,18020.0,18020.0,18000.0,53.0,4770175.0,7329
2023-05-10 21:04:11,al2312,al2312,18000.0,2.0,180000.0,2.0,148,18000.0,18005.0,2,18050.0,18020.0,18020.0,18000.0,55.0,4950175.0,7331
2023-05-10 21:04:11,al2312,al2312,18000.0,2.0,180000.0,2.0,146,18000.0,18005.0,2,18050.0,18020.0,18020.0,18000.0,57.0,5130175.0,7333
2023-05-10 21:04:12,al2312,al2312,18000.0,2.0,180000.0,2.0,144,18000.0,18005.0,2,18050.0,18020.0,18020.0,18000.0,59.0,5310175.0,7335
2023-05-10 21:04:12,al2312,al2312,18000.0,4.0,360000.0,4.0,140,18000.0,18005.0,2,18050.0,18020.0,18020.0,18000.0,63.0,5670175.0,7339
2023-05-10 21:04:13,al2312,al2312,18000.0,2.0,180000.0,2.0,138,18000.0,18005.0,2,18050.0,18020.0,18020.0,18000.0,65.0,5850175.0,7341
2023-05-10 21:04:13,al2312,al2312,18000.0,2.0,180000.0,2.0,136,18000.0,18005.0,2,18050.0,18020.0,18020.0,18000.0,67.0,6030175.0,7343
2023-05-10 21:04:14,al2312,al2312,18000.0,2.0,180000.0,2.0,134,18000.0,18005.0,2,18050.0,18020.0,18020.0,18000.0,69.0,6210175.0,7345
2023-05-10 21:04:14,al2312,al2312,18000.0,2.0,180000.0,2.0,132,18000.0,18005.0,2,18050.0,18020.0,18020.0,18000.0,71.0,6390175.0,7347
2023-05-10 21:04:15,al2312,al2312,18000.0,2.0,180000.0,2.0,130,18000.0,18005.0,2,18050.0,18020.0,18020.0,18000.0,73.0,6570175.0,7349
2023-05-10 21:04:15,al2312,al2312,18000.0,2.0,180000.0,2.0,128,18000.0,18005.0,2,18050.0,18020.0,18020.0,18000.0,75.0,6750175.0,7351
2023-05-10 21:04:16,al2312,al2312,18000.0,2.0,180000.0,2.0,126,18000.0,18005.0,2,18050.0,18020.0,18020.0,18000.0,77.0,6930175.0,7353
2023-05-10 21:04:16,al2312,al2312,18000.0,2.0,180000.0,2.0,124,18000.0,18005.0,2,18050.0,18020.0,18020.0,18000.0,79.0,7110175.0,7355
2023-05-10 21:04:17,al2312,al2312,18000.0,2.0,180000.0,2.0,122,18000.0,18005.0,2,18050.0,18020.0,18020.0,18000.0,81.0,7290175.0,7357
2023-05-10 21:04:17,al2312,al2312,18000.0,2.0,180000.0,2.0,120,18000.0,18005.0,4,18050.0,18020.0,18020.0,18000.0,83.0,7470175.0,7359
2023-05-10 21:04:18,al2312,al2312,18000.0,18.0,1620000.0,4.0,102,18000.0,18005.0,2,18050.0,18020.0,18020.0,18000.0,101.0,9090175.0,7363
2023-05-10 21:04:18,al2312,al2312,18000.0,2.0,180000.0,2.0,100,18000.0,18005.0,2,18050.0,18020.0,18020.0,18000.0,103.0,9270175.0,7365
2023-05-10 21:04:19,al2312,al2312,18000.0,17.0,1530000.0,2.0,83,18000.0,18005.0,2,18050.0,18020.0,18020.0,18000.0,120.0,10800175.0,7367
2023-05-10 21:04:19,al2312,al2312,18000.0,2.0,180000.0,2.0,81,18000.0,18005.0,2,18050.0,18020.0,18020.0,18000.0,122.0,10980175.0,7369
2023-05-10 21:04:20,al2312,al2312,18000.0,2.0,180000.0,2.0,79,18000.0,18005.0,2,18050.0,18020.0,18020.0,18000.0,124.0,11160175.0,7371
2023-05-10 21:04:20,al2312,al2312,18000.0,2.0,180000.0,2.0,77,18000.0,18005.0,2,18050.0,18020.0,18020.0,18000.0,126.0,11340175.0,7373
2023-05-10 21:04:21,al2312,al2312,18000.0,2.0,180000.0,2.0,75,18000.0,18005.0,2,18050.0,18020.0,18020.0,18000.0,128.0,11520175.0,7375
2023-05-10 21:04:21,al2312,al2312,18000.0,2.0,180000.0,2.0,73,18000.0,18005.0,2,18050.0,18020.0,18020.0,18000.0,130.0,11700175.0,7377
2023-05-10 21:04:22,al2312,al2312,18000.0,2.0,180000.0,2.0,71,18000.0,18005.0,2,18050.0,18020.0,18020.0,18000.0,132.0,11880175.0,7379
2023-05-10 21:04:22,al2312,al2312,18000.0,2.0,180000.0,2.0,69,18000.0,18005.0,2,18050.0,18020.0,18020.0,18000.0,134.0,12060175.0,7381
2023-05-10 21:04:23,al2312,al2312,18000.0,2.0,180000.0,2.0,67,18000.0,18005.0,2,18050.0,18020.0,18020.0,18000.0,136.0,12240175.0,7383
2023-05-10 21:04:23,al2312,al2312,18000.0,2.0,180000.0,2.0,65,18000.0,18005.0,2,18050.0,18020.0,18020.0,18000.0,138.0,12420175.0,7385
2023-05-10 21:04:24,al2312,al2312,18000.0,2.0,180000.0,2.0,63,18000.0,18005.0,2,18050.0,18020.0,18020.0,18000.0,140.0,12600175.0,7387
2023-05-10 21:04:24,al2312,al2312,18000.0,2.0,180000.0,2.0,61,18000.0,18005.0,2,18050.0,18020.0,18020.0,18000.0,142.0,12780175.0,7389
2023-05-10 21:04:25,al2312,al2312,18000.0,2.0,180000.0,2.0,59,18000.0,18005.0,2,18050.0,18020.0,18020.0,18000.0,144.0,12960175.0,7391
2023-05-10 21:04:25,al2312,al2312,18000.0,2.0,180000.0,2.0,57,18000.0,18005.0,2,18050.0,18020.0,18020.0,18000.0,146.0,13140175.0,7393
2023-05-10 21:04:26,al2312,al2312,18000.0,2.0,180000.0,2.0,55,18000.0,18005.0,2,18050.0,18020.0,18020.0,18000.0,148.0,13320175.0,7395
2023-05-10 21:04:26,al2312,al2312,18000.0,32.0,2880000.0,32.0,23,18000.0,18005.0,2,18050.0,18020.0,18020.0,18000.0,180.0,16200175.0,7427
2023-05-10 21:04:27,al2312,al2312,18000.0,2.0,180000.0,2.0,21,18000.0,18005.0,2,18050.0,18020.0,18020.0,18000.0,182.0,16380175.0,7429
2023-05-10 21:04:27,al2312,al2312,18000.0,2.0,180000.0,2.0,19,18000.0,18005.0,2,18050.0,18020.0,18020.0,18000.0,184.0,16560175.0,7431
2023-05-10 21:04:28,al2312,al2312,18000.0,2.0,180000.0,2.0,17,18000.0,18005.0,2,18050.0,18020.0,18020.0,18000.0,186.0,16740175.0,7433
2023-05-10 21:04:28,al2312,al2312,18000.0,17.0,1530000.0,2.0,13,17960.0,18005.0,2,18050.0,18020.0,18020.0,18000.0,203.0,18270175.0,7435
2023-05-10 21:04:29,al2312,al2312,17960.0,2.0,179600.0,2.0,14,17960.0,18000.0,11,18050.0,18020.0,18020.0,17960.0,205.0,18449775.0,7437
2023-05-10 21:04:29,al2312,al2312,17960.0,0.0,0.0,0.0,15,17960.0,18000.0,11,18050.0,18020.0,18020.0,17960.0,205.0,18449775.0,7437
2023-05-10 21:04:30,al2312,al2312,17960.0,0.0,0.0,0.0,15,17960.0,17995.0,2,18050.0,18020.0,18020.0,17960.0,205.0,18449775.0,7437
2023-05-10 21:04:30,al2312,al2312,17960.0,0.0,0.0,0.0,4,17970.0,17995.0,2,18050.0,18020.0,18020.0,17960.0,205.0,18449775.0,7437
2023-05-10 21:04:31,al2312,al2312,17995.0,2.0,179950.0,0.0,4,17970.0,18005.0,1,18050.0,18020.0,18020.0,17960.0,207.0,18629725.0,7437
2023-05-10 21:04:31,al2312,al2312,17995.0,0.0,0.0,0.0,3,17975.0,18010.0,1,18050.0,18020.0,18020.0,17960.0,207.0,18629725.0,7437
2023-05-10 21:04:32,al2312,al2312,17995.0,0.0,0.0,0.0,5,17975.0,18010.0,2,18050.0,18020.0,18020.0,17960.0,207.0,18629725.0,7437
2023-05-10 21:04:34,al2312,al2312,17995.0,0.0,0.0,0.0,15,17995.0,18010.0,2,18050.0,18020.0,18020.0,17960.0,207.0,18629725.0,7437
2023-05-10 21:04:34,al2312,al2312,17995.0,1.0,89975.0,1.0,14,17995.0,18010.0,1,18050.0,18020.0,18020.0,17960.0,208.0,18719700.0,7438
2023-05-10 21:04:35,al2312,al2312,17995.0,1.0,89975.0,1.0,13,17995.0,18010.0,4,18050.0,18020.0,18020.0,17960.0,209.0,18809675.0,7439
2023-05-10 21:04:35,al2312,al2312,17995.0,1.0,89975.0,1.0,12,17995.0,18010.0,4,18050.0,18020.0,18020.0,17960.0,210.0,18899650.0,7440
2023-05-10 21:04:36,al2312,al2312,17995.0,2.0,179950.0,2.0,10,17995.0,18005.0,1,18050.0,18020.0,18020.0,17960.0,212.0,19079600.0,7442
2023-05-10 21:04:36,al2312,al2312,17995.0,2.0,179950.0,2.0,8,17995.0,18000.0,1,18050.0,18020.0,18020.0,17960.0,214.0,19259550.0,7444
2023-05-10 21:04:37,al2312,al2312,17995.0,2.0,179950.0,2.0,6,17995.0,18000.0,6,18050.0,18020.0,18020.0,17960.0,216.0,19439500.0,7446
2023-05-10 21:04:37,al2312,al2312,17995.0,2.0,179950.0,2.0,4,17995.0,18000.0,1,18050.0,18020.0,18020.0,17960.0,218.0,19619450.0,7448
2023-05-10 21:04:38,al2312,al2312,17995.0,4.0,359900.0,2.0,3,17965.0,17995.0,5,18050.0,18020.0,18020.0,17960.0,222.0,19979350.0,7450
2023-05-10 21:04:38,al2312,al2312,17965.0,2.0,179650.0,2.0,3,17965.0,17995.0,5,18050.0,18020.0,18020.0,17960.0,224.0,20159000.0,7452
2023-05-10 21:04:39,al2312,al2312,17995.0,5.0,449875.0,0.0,3,17970.0,18010.0,1,18050.0,18020.0,18020.0,17960.0,229.0,20608875.0,7452
2023-05-10 21:04:39,al2312,al2312,17995.0,0.0,0.0,0.0,3,17970.0,18010.0,2,18050.0,18020.0,18020.0,17960.0,229.0,20608875.0,7452
2023-05-10 21:04:43,al2312,al2312,17995.0,0.0,0.0,0.0,3,17970.0,18005.0,2,18050.0,18020.0,18020.0,17960.0,229.0,20608875.0,7452
2023-05-10 21:04:44,al2312,al2312,17995.0,0.0,0.0,0.0,3,17970.0,18005.0,2,18050.0,18020.0,18020.0,17960.0,229.0,20608875.0,7452
2023-05-10 21:04:45,al2312,al2312,17995.0,0.0,0.0,0.0,5,17990.0,18005.0,2,18050.0,18020.0,18020.0,17960.0,229.0,20608875.0,7452
2023-05-10 21:04:46,al2312,al2312,17990.0,1.0,89950.0,1.0,4,17990.0,18005.0,2,18050.0,18020.0,18020.0,17960.0,230.0,20698825.0,7453
2023-05-10 21:04:46,al2312,al2312,17990.0,1.0,89950.0,1.0,3,17990.0,18005.0,2,18050.0,18020.0,18020.0,17960.0,231.0,20788775.0,7454
2023-05-10 21:04:47,al2312,al2312,17990.0,1.0,89950.0,1.0,2,17990.0,18005.0,2,18050.0,18020.0,18020.0,17960.0,232.0,20878725.0,7455
2023-05-10 21:04:47,al2312,al2312,17990.0,1.0,89950.0,1.0,6,17990.0,18005.0,2,18050.0,18020.0,18020.0,17960.0,233.0,20968675.0,7456
2023-05-10 21:04:48,al2312,al2312,17990.0,1.0,89950.0,1.0,5,17990.0,18005.0,2,18050.0,18020.0,18020.0,17960.0,234.0,21058625.0,7457
2023-05-10 21:04:48,al2312,al2312,17990.0,2.0,179900.0,2.0,3,17990.0,18005.0,4,18050.0,18020.0,18020.0,17960.0,236.0,21238525.0,7459
2023-05-10 21:04:49,al2312,al2312,17990.0,2.0,179900.0,2.0,1,17990.0,18005.0,4,18050.0,18020.0,18020.0,17960.0,238.0,21418425.0,7461
2023-05-10 21:04:49,al2312,al2312,17970.0,2.0,179800.0,2.0,11,17960.0,18005.0,4,18050.0,18020.0,18020.0,17960.0,240.0,21598225.0,7463
2023-05-10 21:04:50,al2312,al2312,17960.0,2.0,179600.0,2.0,11,17960.0,17995.0,1,18050.0,18020.0,18020.0,17960.0,242.0,21777825.0,7465
2023-05-10 21:04:50,al2312,al2312,17960.0,0.0,0.0,0.0,1,17965.0,17995.0,1,18050.0,18020.0,18020.0,17960.0,242.0,21777825.0,7465
2023-05-10 21:04:51,al2312,al2312,17960.0,0.0,0.0,0.0,2,17975.0,17995.0,1,18050.0,18020.0,18020.0,17960.0,242.0,21777825.0,7465
2023-05-10 21:04:51,al2312,al2312,17960.0,0.0,0.0,0.0,5,17990.0,17995.0,1,18050.0,18020.0,18020.0,17960.0,242.0,21777825.0,7465
2023-05-10 21:04:52,al2312,al2312,17975.0,7.0,629500.0,7.0,9,17960.0,17995.0,1,18050.0,18020.0,18020.0,17960.0,249.0,22407325.0,7472
2023-05-10 21:04:52,al2312,al2312,17960.0,2.0,179625.0,1.0,10,17960.0,17995.0,1,18050.0,18020.0,18020.0,17960.0,251.0,22586950.0,7473
2023-05-10 21:04:53,al2312,al2312,17960.0,0.0,0.0,0.0,1,17965.0,17990.0,1,18050.0,18020.0,18020.0,17960.0,251.0,22586950.0,7473
2023-05-10 21:04:54,al2312,al2312,17960.0,0.0,0.0,0.0,12,17965.0,17990.0,1,18050.0,18020.0,18020.0,17960.0,251.0,22586950.0,7473
2023-05-10 21:04:56,al2312,al2312,17960.0,0.0,0.0,0.0,4,17970.0,17990.0,1,18050.0,18020.0,18020.0,17960.0,251.0,22586950.0,7473
2023-05-10 21:04:56,al2312,al2312,17960.0,0.0,0.0,0.0,6,17970.0,17990.0,1,18050.0,18020.0,18020.0,17960.0,251.0,22586950.0,7473
2023-05-10 21:04:57,al2312,al2312,17960.0,0.0,0.0,0.0,1,17975.0,17990.0,1,18050.0,18020.0,18020.0,17960.0,251.0,22586950.0,7473
2023-05-10 21:04:57,al2312,al2312,17960.0,0.0,0.0,0.0,1,17975.0,17985.0,2,18050.0,18020.0,18020.0,17960.0,251.0,22586950.0,7473
2023-05-10 21:04:58,al2312,al2312,17960.0,0.0,0.0,0.0,1,17975.0,17985.0,2,18050.0,18020.0,18020.0,17960.0,251.0,22586950.0,7473
2023-05-10 21:04:58,al2312,al2312,17960.0,0.0,0.0,0.0,6,17970.0,17985.0,2,18050.0,18020.0,18020.0,17960.0,251.0,22586950.0,7473
2023-05-10 21:04:59,al2312,al2312,17960.0,0.0,0.0,0.0,6,17970.0,17985.0,2,18050.0,18020.0,18020.0,17960.0,251.0,22586950.0,7473
2023-05-10 21:04:59,al2312,al2312,17960.0,0.0,0.0,0.0,1,17975.0,17985.0,2,18050.0,18020.0,18020.0,17960.0,251.0,22586950.0,7473
2023-05-10 21:05:00,al2312,al2312,17960.0,0.0,0.0,0.0,1,17970.0,17980.0,2,18050.0,18020.0,18020.0,17960.0,251.0,22586950.0,7473
2023-05-10 21:05:00,al2312,al2312,17980.0,2.0,179800.0,-2.0,4,17980.0,18000.0,1,18050.0,18020.0,18020.0,17960.0,253.0,22766750.0,7471
2023-05-10 21:05:01,al2312,al2312,17980.0,0.0,0.0,0.0,4,17980.0,17995.0,1,18050.0,18020.0,18020.0,17960.0,253.0,22766750.0,7471
2023-05-10 21:05:01,al2312,al2312,17980.0,0.0,0.0,0.0,4,17980.0,17990.0,1,18050.0,18020.0,18020.0,17960.0,253.0,22766750.0,7471
2023-05-10 21:05:03,al2312,al2312,17980.0,0.0,0.0,0.0,4,17980.0,17990.0,1,18050.0,18020.0,18020.0,17960.0,253.0,22766750.0,7471
2023-05-10 21:05:04,al2312,al2312,17980.0,0.0,0.0,0.0,4,17980.0,17990.0,1,18050.0,18020.0,18020.0,17960.0,253.0,22766750.0,7471
2023-05-10 21:05:05,al2312,al2312,17980.0,0.0,0.0,0.0,4,17980.0,17990.0,1,18050.0,18020.0,18020.0,17960.0,253.0,22766750.0,7471
2023-05-10 21:05:06,al2312,al2312,17980.0,0.0,0.0,0.0,4,17980.0,17985.0,3,18050.0,18020.0,18020.0,17960.0,253.0,22766750.0,7471
2023-05-10 21:05:06,al2312,al2312,17980.0,0.0,0.0,0.0,20,17965.0,17985.0,3,18050.0,18020.0,18020.0,17960.0,253.0,22766750.0,7471
2023-05-10 21:05:07,al2312,al2312,17980.0,0.0,0.0,0.0,1,17970.0,17985.0,3,18050.0,18020.0,18020.0,17960.0,253.0,22766750.0,7471
2023-05-10 21:05:07,al2312,al2312,17980.0,0.0,0.0,0.0,23,17965.0,17985.0,3,18050.0,18020.0,18020.0,17960.0,253.0,22766750.0,7471
2023-05-10 21:05:08,al2312,al2312,17985.0,2.0,179850.0,0.0,23,17965.0,17985.0,1,18050.0,18020.0,18020.0,17960.0,255.0,22946600.0,7471
2023-05-10 21:05:09,al2312,al2312,17985.0,0.0,0.0,0.0,23,17965.0,17985.0,1,18050.0,18020.0,18020.0,17960.0,255.0,22946600.0,7471
2023-05-10 21:05:09,al2312,al2312,17985.0,0.0,0.0,0.0,3,17965.0,17985.0,1,18050.0,18020.0,18020.0,17960.0,255.0,22946600.0,7471
2023-05-10 21:05:10,al2312,al2312,17985.0,0.0,0.0,0.0,2,17970.0,17985.0,1,18050.0,18020.0,18020.0,17960.0,255.0,22946600.0,7471
2023-05-10 21:05:10,al2312,al2312,17985.0,0.0,0.0,0.0,2,17970.0,17985.0,1,18050.0,18020.0,18020.0,17960.0,255.0,22946600.0,7471
2023-05-10 21:05:12,al2312,al2312,17985.0,0.0,0.0,0.0,2,17970.0,17985.0,1,18050.0,18020.0,18020.0,17960.0,255.0,22946600.0,7471
2023-05-10 21:05:15,al2312,al2312,17985.0,0.0,0.0,0.0,2,17970.0,17985.0,1,18050.0,18020.0,18020.0,17960.0,255.0,22946600.0,7471
2023-05-10 21:05:16,al2312,al2312,17985.0,0.0,0.0,0.0,2,17970.0,17980.0,2,18050.0,18020.0,18020.0,17960.0,255.0,22946600.0,7471
2023-05-10 21:05:16,al2312,al2312,17985.0,0.0,0.0,0.0,2,17970.0,17985.0,4,18050.0,18020.0,18020.0,17960.0,255.0,22946600.0,7471
2023-05-10 21:05:17,al2312,al2312,17985.0,0.0,0.0,0.0,2,17970.0,17980.0,1,18050.0,18020.0,18020.0,17960.0,255.0,22946600.0,7471
2023-05-10 21:05:17,al2312,al2312,17985.0,0.0,0.0,0.0,2,17970.0,17980.0,1,18050.0,18020.0,18020.0,17960.0,255.0,22946600.0,7471
2023-05-10 21:05:18,al2312,al2312,17985.0,0.0,0.0,0.0,2,17970.0,17985.0,1,18050.0,18020.0,18020.0,17960.0,255.0,22946600.0,7471
2023-05-10 21:05:18,al2312,al2312,17985.0,0.0,0.0,0.0,2,17970.0,17985.0,2,18050.0,18020.0,18020.0,17960.0,255.0,22946600.0,7471
2023-05-10 21:05:19,al2312,al2312,17985.0,0.0,0.0,0.0,2,17970.0,17985.0,2,18050.0,18020.0,18020.0,17960.0,255.0,22946600.0,7471
2023-05-10 21:05:20,al2312,al2312,17985.0,0.0,0.0,0.0,2,17970.0,17985.0,2,18050.0,18020.0,18020.0,17960.0,255.0,22946600.0,7471
2023-05-10 21:05:21,al2312,al2312,17985.0,0.0,0.0,0.0,2,17970.0,17985.0,1,18050.0,18020.0,18020.0,17960.0,255.0,22946600.0,7471
2023-05-10 21:05:24,al2312,al2312,17985.0,0.0,0.0,0.0,2,17970.0,18000.0,3,18050.0,18020.0,18020.0,17960.0,255.0,22946600.0,7471
2023-05-10 21:05:24,al2312,al2312,17985.0,0.0,0.0,0.0,2,17970.0,17990.0,1,18050.0,18020.0,18020.0,17960.0,255.0,22946600.0,7471
2023-05-10 21:05:29,al2312,al2312,17985.0,0.0,0.0,0.0,2,17970.0,17985.0,1,18050.0,18020.0,18020.0,17960.0,255.0,22946600.0,7471
2023-05-10 21:05:30,al2312,al2312,17985.0,0.0,0.0,0.0,6,17960.0,17985.0,1,18050.0,18020.0,18020.0,17960.0,255.0,22946600.0,7471
2023-05-10 21:05:30,al2312,al2312,17985.0,0.0,0.0,0.0,1,17975.0,17980.0,1,18050.0,18020.0,18020.0,17960.0,255.0,22946600.0,7471
2023-05-10 21:05:31,al2312,al2312,17960.0,2.0,179675.0,0.0,5,17960.0,17980.0,1,18050.0,18020.0,18020.0,17960.0,257.0,23126275.0,7471
2023-05-10 21:05:31,al2312,al2312,17960.0,1.0,89800.0,1.0,1,17965.0,17980.0,1,18050.0,18020.0,18020.0,17960.0,258.0,23216075.0,7472
2023-05-10 21:05:33,al2312,al2312,17960.0,0.0,0.0,0.0,2,17965.0,17980.0,1,18050.0,18020.0,18020.0,17960.0,258.0,23216075.0,7472
2023-05-10 21:05:34,al2312,al2312,17960.0,0.0,0.0,0.0,2,17965.0,17980.0,1,18050.0,18020.0,18020.0,17960.0,258.0,23216075.0,7472
2023-05-10 21:05:35,al2312,al2312,17960.0,0.0,0.0,0.0,1,17970.0,17980.0,1,18050.0,18020.0,18020.0,17960.0,258.0,23216075.0,7472
2023-05-10 21:05:36,al2312,al2312,17965.0,1.0,89825.0,0.0,1,17965.0,17980.0,1,18050.0,18020.0,18020.0,17960.0,259.0,23305900.0,7472
2023-05-10 21:05:36,al2312,al2312,17960.0,2.0,179600.0,2.0,2,17960.0,17980.0,1,18050.0,18020.0,18020.0,17960.0,261.0,23485500.0,7474
2023-05-10 21:05:37,al2312,al2312,17960.0,0.0,0.0,0.0,2,17960.0,17980.0,1,18050.0,18020.0,18020.0,17960.0,261.0,23485500.0,7474
2023-05-10 21:05:38,al2312,al2312,17960.0,0.0,0.0,0.0,1,17965.0,17980.0,1,18050.0,18020.0,18020.0,17960.0,261.0,23485500.0,7474
2023-05-10 21:05:40,al2312,al2312,17960.0,1.0,89800.0,1.0,1,17960.0,17975.0,3,18050.0,18020.0,18020.0,17960.0,262.0,23575300.0,7475
2023-05-10 21:05:41,al2312,al2312,17960.0,0.0,0.0,0.0,1,17965.0,17975.0,3,18050.0,18020.0,18020.0,17960.0,262.0,23575300.0,7475
2023-05-10 21:05:43,al2312,al2312,17960.0,0.0,0.0,0.0,1,17965.0,17975.0,3,18050.0,18020.0,18020.0,17960.0,262.0,23575300.0,7475
2023-05-10 21:05:49,al2312,al2312,17960.0,0.0,0.0,0.0,1,17965.0,17975.0,3,18050.0,18020.0,18020.0,17960.0,262.0,23575300.0,7475
2023-05-10 21:05:50,al2312,al2312,17960.0,0.0,0.0,0.0,1,17965.0,18000.0,1,18050.0,18020.0,18020.0,17960.0,262.0,23575300.0,7475
2023-05-10 21:05:51,al2312,al2312,17960.0,0.0,0.0,0.0,1,17965.0,17990.0,2,18050.0,18020.0,18020.0,17960.0,262.0,23575300.0,7475
2023-05-10 21:05:52,al2312,al2312,17960.0,0.0,0.0,0.0,1,17965.0,17990.0,2,18050.0,18020.0,18020.0,17960.0,262.0,23575300.0,7475
2023-05-10 21:05:53,al2312,al2312,17960.0,0.0,0.0,0.0,1,17965.0,17985.0,3,18050.0,18020.0,18020.0,17960.0,262.0,23575300.0,7475
2023-05-10 21:05:53,al2312,al2312,17960.0,0.0,0.0,0.0,1,17965.0,17985.0,3,18050.0,18020.0,18020.0,17960.0,262.0,23575300.0,7475
2023-05-10 21:05:54,al2312,al2312,17960.0,0.0,0.0,0.0,1,17965.0,17980.0,1,18050.0,18020.0,18020.0,17960.0,262.0,23575300.0,7475
2023-05-10 21:05:54,al2312,al2312,17960.0,0.0,0.0,0.0,1,17965.0,17985.0,3,18050.0,18020.0,18020.0,17960.0,262.0,23575300.0,7475
2023-05-10 21:05:59,al2312,al2312,17960.0,0.0,0.0,0.0,1,17965.0,17985.0,3,18050.0,18020.0,18020.0,17960.0,262.0,23575300.0,7475
2023-05-10 21:05:59,al2312,al2312,17960.0,0.0,0.0,0.0,1,17965.0,17985.0,3,18050.0,18020.0,18020.0,17960.0,262.0,23575300.0,7475
2023-05-10 21:06:00,al2312,al2312,17960.0,0.0,0.0,0.0,1,17965.0,17985.0,3,18050.0,18020.0,18020.0,17960.0,262.0,23575300.0,7475
2023-05-10 21:06:00,al2312,al2312,17960.0,0.0,0.0,0.0,1,17965.0,17985.0,3,18050.0,18020.0,18020.0,17960.0,262.0,23575300.0,7475
2023-05-10 21:06:05,al2312,al2312,17985.0,3.0,269775.0,3.0,1,17965.0,17995.0,2,18050.0,18020.0,18020.0,17960.0,265.0,23845075.0,7478
2023-05-10 21:06:05,al2312,al2312,17985.0,0.0,0.0,0.0,1,17965.0,17990.0,1,18050.0,18020.0,18020.0,17960.0,265.0,23845075.0,7478
2023-05-10 21:06:06,al2312,al2312,17985.0,0.0,0.0,0.0,5,17965.0,17990.0,2,18050.0,18020.0,18020.0,17960.0,265.0,23845075.0,7478
2023-05-10 21:06:07,al2312,al2312,17985.0,0.0,0.0,0.0,5,17965.0,17990.0,3,18050.0,18020.0,18020.0,17960.0,265.0,23845075.0,7478
2023-05-10 21:06:08,al2312,al2312,17965.0,1.0,89825.0,1.0,4,17965.0,17990.0,3,18050.0,18020.0,18020.0,17960.0,266.0,23934900.0,7479
2023-05-10 21:06:08,al2312,al2312,17965.0,0.0,0.0,0.0,3,17970.0,17990.0,3,18050.0,18020.0,18020.0,17960.0,266.0,23934900.0,7479
2023-05-10 21:06:09,al2312,al2312,17965.0,0.0,0.0,0.0,3,17970.0,17990.0,3,18050.0,18020.0,18020.0,17960.0,266.0,23934900.0,7479
2023-05-10 21:06:09,al2312,al2312,17965.0,0.0,0.0,0.0,3,17970.0,17990.0,2,18050.0,18020.0,18020.0,17960.0,266.0,23934900.0,7479
2023-05-10 21:06:11,al2312,al2312,17965.0,0.0,0.0,0.0,3,17970.0,18010.0,1,18050.0,18020.0,18020.0,17960.0,266.0,23934900.0,7479
2023-05-10 21:06:11,al2312,al2312,17965.0,0.0,0.0,0.0,3,17970.0,18000.0,1,18050.0,18020.0,18020.0,17960.0,266.0,23934900.0,7479
2023-05-10 21:06:13,al2312,al2312,17965.0,0.0,0.0,0.0,3,17970.0,17995.0,1,18050.0,18020.0,18020.0,17960.0,266.0,23934900.0,7479
2023-05-10 21:06:13,al2312,al2312,17965.0,0.0,0.0,0.0,3,17970.0,17995.0,1,18050.0,18020.0,18020.0,17960.0,266.0,23934900.0,7479
2023-05-10 21:06:14,al2312,al2312,17995.0,1.0,89975.0,0.0,3,17970.0,18000.0,1,18050.0,18020.0,18020.0,17960.0,267.0,24024875.0,7479
2023-05-10 21:06:14,al2312,al2312,17995.0,0.0,0.0,0.0,1,17975.0,18000.0,1,18050.0,18020.0,18020.0,17960.0,267.0,24024875.0,7479
2023-05-10 21:06:15,al2312,al2312,17995.0,0.0,0.0,0.0,1,17975.0,17995.0,1,18050.0,18020.0,18020.0,17960.0,267.0,24024875.0,7479
2023-05-10 21:06:15,al2312,al2312,17995.0,0.0,0.0,0.0,1,17975.0,17995.0,1,18050.0,18020.0,18020.0,17960.0,267.0,24024875.0,7479
2023-05-10 21:06:17,al2312,al2312,17995.0,0.0,0.0,0.0,1,17975.0,17995.0,1,18050.0,18020.0,18020.0,17960.0,267.0,24024875.0,7479
2023-05-10 21:06:19,al2312,al2312,17995.0,0.0,0.0,0.0,1,17975.0,17995.0,1,18050.0,18020.0,18020.0,17960.0,267.0,24024875.0,7479
2023-05-10 21:06:20,al2312,al2312,17995.0,0.0,0.0,0.0,3,17980.0,17995.0,1,18050.0,18020.0,18020.0,17960.0,267.0,24024875.0,7479
2023-05-10 21:06:21,al2312,al2312,17995.0,0.0,0.0,0.0,3,17980.0,17995.0,1,18050.0,18020.0,18020.0,17960.0,267.0,24024875.0,7479
2023-05-10 21:06:24,al2312,al2312,17995.0,0.0,0.0,0.0,3,17975.0,17995.0,1,18050.0,18020.0,18020.0,17960.0,267.0,24024875.0,7479
2023-05-10 21:06:36,al2312,al2312,17995.0,0.0,0.0,0.0,3,17975.0,17995.0,1,18050.0,18020.0,18020.0,17960.0,267.0,24024875.0,7479
2023-05-10 21:06:36,al2312,al2312,17995.0,0.0,0.0,0.0,3,17975.0,17990.0,1,18050.0,18020.0,18020.0,17960.0,267.0,24024875.0,7479
2023-05-10 21:06:37,al2312,al2312,17995.0,0.0,0.0,0.0,3,17975.0,17995.0,1,18050.0,18020.0,18020.0,17960.0,267.0,24024875.0,7479
2023-05-10 21:06:37,al2312,al2312,17995.0,0.0,0.0,0.0,3,17975.0,18005.0,2,18050.0,18020.0,18020.0,17960.0,267.0,24024875.0,7479
2023-05-10 21:06:38,al2312,al2312,17995.0,0.0,0.0,0.0,3,17975.0,18000.0,2,18050.0,18020.0,18020.0,17960.0,267.0,24024875.0,7479
2023-05-10 21:06:40,al2312,al2312,17995.0,0.0,0.0,0.0,3,17975.0,17995.0,3,18050.0,18020.0,18020.0,17960.0,267.0,24024875.0,7479
2023-05-10 21:06:48,al2312,al2312,17995.0,0.0,0.0,0.0,1,17980.0,17995.0,3,18050.0,18020.0,18020.0,17960.0,267.0,24024875.0,7479
2023-05-10 21:06:49,al2312,al2312,17995.0,0.0,0.0,0.0,3,17975.0,18000.0,1,18050.0,18020.0,18020.0,17960.0,267.0,24024875.0,7479
2023-05-10 21:06:51,al2312,al2312,17995.0,0.0,0.0,0.0,1,17980.0,18000.0,1,18050.0,18020.0,18020.0,17960.0,267.0,24024875.0,7479
2023-05-10 21:06:56,al2312,al2312,17995.0,0.0,0.0,0.0,1,17980.0,18000.0,1,18050.0,18020.0,18020.0,17960.0,267.0,24024875.0,7479
2023-05-10 21:06:56,al2312,al2312,17995.0,0.0,0.0,0.0,1,17980.0,18000.0,1,18050.0,18020.0,18020.0,17960.0,267.0,24024875.0,7479
2023-05-10 21:07:01,al2312,al2312,17995.0,0.0,0.0,0.0,1,17980.0,18000.0,1,18050.0,18020.0,18020.0,17960.0,267.0,24024875.0,7479
2023-05-10 21:07:01,al2312,al2312,17995.0,0.0,0.0,0.0,1,17980.0,18000.0,1,18050.0,18020.0,18020.0,17960.0,267.0,24024875.0,7479
2023-05-10 21:07:07,al2312,al2312,17995.0,0.0,0.0,0.0,1,17980.0,17995.0,3,18050.0,18020.0,18020.0,17960.0,267.0,24024875.0,7479
2023-05-10 21:07:09,al2312,al2312,17995.0,0.0,0.0,0.0,1,17980.0,18000.0,1,18050.0,18020.0,18020.0,17960.0,267.0,24024875.0,7479
2023-05-10 21:07:13,al2312,al2312,17980.0,1.0,89900.0,1.0,3,17975.0,18000.0,1,18050.0,18020.0,18020.0,17960.0,268.0,24114775.0,7480
2023-05-10 21:07:13,al2312,al2312,17980.0,0.0,0.0,0.0,8,17975.0,17995.0,1,18050.0,18020.0,18020.0,17960.0,268.0,24114775.0,7480
2023-05-10 21:07:14,al2312,al2312,17980.0,0.0,0.0,0.0,8,17975.0,18000.0,2,18050.0,18020.0,18020.0,17960.0,268.0,24114775.0,7480
2023-05-10 21:07:14,al2312,al2312,17980.0,0.0,0.0,0.0,8,17975.0,18000.0,1,18050.0,18020.0,18020.0,17960.0,268.0,24114775.0,7480
2023-05-10 21:07:15,al2312,al2312,17980.0,0.0,0.0,0.0,8,17975.0,17995.0,1,18050.0,18020.0,18020.0,17960.0,268.0,24114775.0,7480
2023-05-10 21:07:15,al2312,al2312,17980.0,0.0,0.0,0.0,8,17975.0,18000.0,2,18050.0,18020.0,18020.0,17960.0,268.0,24114775.0,7480
2023-05-10 21:07:19,al2312,al2312,17980.0,0.0,0.0,0.0,1,17980.0,18000.0,2,18050.0,18020.0,18020.0,17960.0,268.0,24114775.0,7480
2023-05-10 21:07:19,al2312,al2312,17980.0,0.0,0.0,0.0,1,17980.0,18000.0,2,18050.0,18020.0,18020.0,17960.0,268.0,24114775.0,7480
2023-05-10 21:07:20,al2312,al2312,17980.0,0.0,0.0,0.0,2,17980.0,18000.0,2,18050.0,18020.0,18020.0,17960.0,268.0,24114775.0,7480
2023-05-10 21:07:21,al2312,al2312,17980.0,0.0,0.0,0.0,1,17985.0,18000.0,2,18050.0,18020.0,18020.0,17960.0,268.0,24114775.0,7480
2023-05-10 21:07:22,al2312,al2312,17980.0,0.0,0.0,0.0,1,17985.0,18000.0,2,18050.0,18020.0,18020.0,17960.0,268.0,24114775.0,7480
2023-05-10 21:07:24,al2312,al2312,17980.0,0.0,0.0,0.0,1,17985.0,18000.0,2,18050.0,18020.0,18020.0,17960.0,268.0,24114775.0,7480
2023-05-10 21:07:26,al2312,al2312,17980.0,0.0,0.0,0.0,1,17985.0,18000.0,2,18050.0,18020.0,18020.0,17960.0,268.0,24114775.0,7480
2023-05-10 21:07:28,al2312,al2312,17980.0,0.0,0.0,0.0,1,17980.0,18000.0,2,18050.0,18020.0,18020.0,17960.0,268.0,24114775.0,7480
2023-05-10 21:07:30,al2312,al2312,17980.0,0.0,0.0,0.0,1,17980.0,18000.0,2,18050.0,18020.0,18020.0,17960.0,268.0,24114775.0,7480
2023-05-10 21:07:31,al2312,al2312,17980.0,0.0,0.0,0.0,1,17980.0,18000.0,2,18050.0,18020.0,18020.0,17960.0,268.0,24114775.0,7480
2023-05-10 21:07:36,al2312,al2312,17980.0,1.0,89900.0,0.0,11,17975.0,18000.0,2,18050.0,18020.0,18020.0,17960.0,269.0,24204675.0,7480
2023-05-10 21:07:37,al2312,al2312,17980.0,0.0,0.0,0.0,18,17975.0,17995.0,3,18050.0,18020.0,18020.0,17960.0,269.0,24204675.0,7480
2023-05-10 21:07:37,al2312,al2312,17980.0,0.0,0.0,0.0,18,17975.0,17995.0,3,18050.0,18020.0,18020.0,17960.0,269.0,24204675.0,7480
2023-05-10 21:07:40,al2312,al2312,17980.0,0.0,0.0,0.0,18,17975.0,17990.0,1,18050.0,18020.0,18020.0,17960.0,269.0,24204675.0,7480
2023-05-10 21:07:41,al2312,al2312,17980.0,0.0,0.0,0.0,17,17975.0,17990.0,1,18050.0,18020.0,18020.0,17960.0,269.0,24204675.0,7480
2023-05-10 21:07:41,al2312,al2312,17980.0,0.0,0.0,0.0,16,17975.0,17990.0,1,18050.0,18020.0,18020.0,17960.0,269.0,24204675.0,7480
2023-05-10 21:07:42,al2312,al2312,17980.0,0.0,0.0,0.0,13,17975.0,17990.0,1,18050.0,18020.0,18020.0,17960.0,269.0,24204675.0,7480
2023-05-10 21:07:43,al2312,al2312,17980.0,0.0,0.0,0.0,11,17975.0,17990.0,1,18050.0,18020.0,18020.0,17960.0,269.0,24204675.0,7480
2023-05-10 21:07:43,al2312,al2312,17980.0,0.0,0.0,0.0,11,17975.0,17990.0,1,18050.0,18020.0,18020.0,17960.0,269.0,24204675.0,7480
2023-05-10 21:07:44,al2312,al2312,17980.0,0.0,0.0,0.0,11,17975.0,17990.0,1,18050.0,18020.0,18020.0,17960.0,269.0,24204675.0,7480
2023-05-10 21:07:44,al2312,al2312,17980.0,0.0,0.0,0.0,2,17980.0,17990.0,1,18050.0,18020.0,18020.0,17960.0,269.0,24204675.0,7480
2023-05-10 21:07:45,al2312,al2312,17980.0,1.0,89900.0,0.0,1,17980.0,17990.0,1,18050.0,18020.0,18020.0,17960.0,270.0,24294575.0,7480
2023-05-10 21:07:45,al2312,al2312,17980.0,0.0,0.0,0.0,1,17980.0,17995.0,8,18050.0,18020.0,18020.0,17960.0,270.0,24294575.0,7480
2023-05-10 21:07:46,al2312,al2312,17980.0,1.0,89900.0,0.0,9,17975.0,17995.0,8,18050.0,18020.0,18020.0,17960.0,271.0,24384475.0,7480
2023-05-10 21:07:46,al2312,al2312,17975.0,1.0,89875.0,1.0,8,17975.0,17995.0,8,18050.0,18020.0,18020.0,17960.0,272.0,24474350.0,7481
2023-05-10 21:07:47,al2312,al2312,17975.0,0.0,0.0,0.0,8,17975.0,17995.0,8,18050.0,18020.0,18020.0,17960.0,272.0,24474350.0,7481
2023-05-10 21:07:48,al2312,al2312,17975.0,0.0,0.0,0.0,8,17975.0,17990.0,3,18050.0,18020.0,18020.0,17960.0,272.0,24474350.0,7481
2023-05-10 21:07:50,al2312,al2312,17975.0,0.0,0.0,0.0,1,17980.0,17990.0,3,18050.0,18020.0,18020.0,17960.0,272.0,24474350.0,7481
2023-05-10 21:07:52,al2312,al2312,17975.0,1.0,89875.0,1.0,8,17975.0,17990.0,3,18050.0,18020.0,18020.0,17960.0,273.0,24564225.0,7482
2023-05-10 21:08:00,al2312,al2312,17975.0,0.0,0.0,0.0,8,17975.0,17990.0,3,18050.0,18020.0,18020.0,17960.0,273.0,24564225.0,7482
2023-05-10 21:08:00,al2312,al2312,17975.0,1.0,89875.0,1.0,7,17975.0,17990.0,3,18050.0,18020.0,18020.0,17960.0,274.0,24654100.0,7483
2023-05-10 21:08:02,al2312,al2312,17975.0,0.0,0.0,0.0,2,17980.0,17990.0,3,18050.0,18020.0,18020.0,17960.0,274.0,24654100.0,7483
2023-05-10 21:08:03,al2312,al2312,17975.0,1.0,89875.0,1.0,1,17980.0,17990.0,3,18050.0,18020.0,18020.0,17960.0,275.0,24743975.0,7484
2023-05-10 21:08:03,al2312,al2312,17975.0,1.0,89875.0,1.0,7,17975.0,17990.0,3,18050.0,18020.0,18020.0,17960.0,276.0,24833850.0,7485
2023-05-10 21:08:04,al2312,al2312,17975.0,1.0,89875.0,1.0,6,17975.0,17990.0,3,18050.0,18020.0,18020.0,17960.0,277.0,24923725.0,7486
2023-05-10 21:08:12,al2312,al2312,17975.0,0.0,0.0,0.0,1,17980.0,17990.0,3,18050.0,18020.0,18020.0,17960.0,277.0,24923725.0,7486
2023-05-10 21:08:12,al2312,al2312,17975.0,1.0,89875.0,0.0,6,17975.0,17990.0,3,18050.0,18020.0,18020.0,17960.0,278.0,25013600.0,7486
2023-05-10 21:08:13,al2312,al2312,17975.0,1.0,89875.0,1.0,5,17975.0,17990.0,3,18050.0,18020.0,18020.0,17960.0,279.0,25103475.0,7487
2023-05-10 21:08:14,al2312,al2312,17975.0,0.0,0.0,0.0,5,17980.0,17990.0,3,18050.0,18020.0,18020.0,17960.0,279.0,25103475.0,7487
2023-05-10 21:08:15,al2312,al2312,17975.0,1.0,89875.0,1.0,4,17980.0,17990.0,3,18050.0,18020.0,18020.0,17960.0,280.0,25193350.0,7488
2023-05-10 21:08:15,al2312,al2312,17975.0,1.0,89875.0,1.0,3,17980.0,17990.0,3,18050.0,18020.0,18020.0,17960.0,281.0,25283225.0,7489
2023-05-10 21:08:16,al2312,al2312,17975.0,1.0,89875.0,1.0,2,17980.0,17990.0,3,18050.0,18020.0,18020.0,17960.0,282.0,25373100.0,7490
2023-05-10 21:08:16,al2312,al2312,17975.0,1.0,89875.0,1.0,1,17980.0,17990.0,3,18050.0,18020.0,18020.0,17960.0,283.0,25462975.0,7491
2023-05-10 21:08:17,al2312,al2312,17975.0,1.0,89875.0,1.0,5,17975.0,17990.0,3,18050.0,18020.0,18020.0,17960.0,284.0,25552850.0,7492
2023-05-10 21:08:17,al2312,al2312,17975.0,1.0,89875.0,1.0,4,17975.0,17990.0,3,18050.0,18020.0,18020.0,17960.0,285.0,25642725.0,7493
2023-05-10 21:08:20,al2312,al2312,17975.0,0.0,0.0,0.0,1,17970.0,17990.0,3,18050.0,18020.0,18020.0,17960.0,285.0,25642725.0,7493
2023-05-10 21:08:21,al2312,al2312,17975.0,0.0,0.0,0.0,4,17970.0,17990.0,3,18050.0,18020.0,18020.0,17960.0,285.0,25642725.0,7493
2023-05-10 21:08:23,al2312,al2312,17975.0,0.0,0.0,0.0,4,17970.0,17990.0,3,18050.0,18020.0,18020.0,17960.0,285.0,25642725.0,7493
2023-05-10 21:08:26,al2312,al2312,17990.0,2.0,179900.0,0.0,4,17970.0,17990.0,1,18050.0,18020.0,18020.0,17960.0,287.0,25822625.0,7493
2023-05-10 21:08:28,al2312,al2312,17990.0,0.0,0.0,0.0,5,17975.0,17990.0,1,18050.0,18020.0,18020.0,17960.0,287.0,25822625.0,7493
2023-05-10 21:08:28,al2312,al2312,17990.0,0.0,0.0,0.0,5,17975.0,17990.0,1,18050.0,18020.0,18020.0,17960.0,287.0,25822625.0,7493
2023-05-10 21:08:30,al2312,al2312,17990.0,0.0,0.0,0.0,2,17980.0,17990.0,1,18050.0,18020.0,18020.0,17960.0,287.0,25822625.0,7493
2023-05-10 21:08:31,al2312,al2312,17980.0,1.0,89900.0,0.0,1,17980.0,17990.0,1,18050.0,18020.0,18020.0,17960.0,288.0,25912525.0,7493
2023-05-10 21:08:31,al2312,al2312,17980.0,1.0,89900.0,0.0,5,17975.0,17990.0,1,18050.0,18020.0,18020.0,17960.0,289.0,26002425.0,7493
2023-05-10 21:08:32,al2312,al2312,17975.0,1.0,89875.0,1.0,4,17975.0,17990.0,1,18050.0,18020.0,18020.0,17960.0,290.0,26092300.0,7494
2023-05-10 21:08:33,al2312,al2312,17975.0,0.0,0.0,0.0,4,17975.0,17990.0,1,18050.0,18020.0,18020.0,17960.0,290.0,26092300.0,7494
2023-05-10 21:08:36,al2312,al2312,17975.0,0.0,0.0,0.0,4,17975.0,17990.0,1,18050.0,18020.0,18020.0,17960.0,290.0,26092300.0,7494
2023-05-10 21:08:37,al2312,al2312,17975.0,0.0,0.0,0.0,4,17975.0,17990.0,1,18050.0,18020.0,18020.0,17960.0,290.0,26092300.0,7494
2023-05-10 21:08:39,al2312,al2312,17975.0,0.0,0.0,0.0,4,17975.0,17990.0,1,18050.0,18020.0,18020.0,17960.0,290.0,26092300.0,7494
2023-05-10 21:08:39,al2312,al2312,17975.0,0.0,0.0,0.0,1,17980.0,17990.0,1,18050.0,18020.0,18020.0,17960.0,290.0,26092300.0,7494
2023-05-10 21:08:40,al2312,al2312,17975.0,1.0,89875.0,1.0,4,17975.0,17990.0,1,18050.0,18020.0,18020.0,17960.0,291.0,26182175.0,7495
2023-05-10 21:08:40,al2312,al2312,17975.0,1.0,89875.0,1.0,3,17975.0,17990.0,1,18050.0,18020.0,18020.0,17960.0,292.0,26272050.0,7496
2023-05-10 21:08:42,al2312,al2312,17975.0,0.0,0.0,0.0,3,17975.0,17985.0,1,18050.0,18020.0,18020.0,17960.0,292.0,26272050.0,7496
2023-05-10 21:08:43,al2312,al2312,17975.0,0.0,0.0,0.0,3,17975.0,17985.0,1,18050.0,18020.0,18020.0,17960.0,292.0,26272050.0,7496
2023-05-10 21:08:45,al2312,al2312,17975.0,0.0,0.0,0.0,3,17975.0,17980.0,1,18050.0,18020.0,18020.0,17960.0,292.0,26272050.0,7496
2023-05-10 21:08:45,al2312,al2312,17980.0,1.0,89900.0,-1.0,3,17975.0,17990.0,1,18050.0,18020.0,18020.0,17960.0,293.0,26361950.0,7495
2023-05-10 21:08:46,al2312,al2312,17980.0,0.0,0.0,0.0,3,17975.0,17990.0,1,18050.0,18020.0,18020.0,17960.0,293.0,26361950.0,7495
2023-05-10 21:08:49,al2312,al2312,17980.0,0.0,0.0,0.0,3,17975.0,17980.0,2,18050.0,18020.0,18020.0,17960.0,293.0,26361950.0,7495
2023-05-10 21:08:49,al2312,al2312,17980.0,2.0,179800.0,-2.0,3,17975.0,17990.0,1,18050.0,18020.0,18020.0,17960.0,295.0,26541750.0,7493
2023-05-10 21:08:55,al2312,al2312,17980.0,0.0,0.0,0.0,3,17975.0,17995.0,3,18050.0,18020.0,18020.0,17960.0,295.0,26541750.0,7493
2023-05-10 21:08:56,al2312,al2312,17980.0,0.0,0.0,0.0,3,17975.0,17990.0,1,18050.0,18020.0,18020.0,17960.0,295.0,26541750.0,7493
2023-05-10 21:08:56,al2312,al2312,17980.0,0.0,0.0,0.0,3,17975.0,17995.0,3,18050.0,18020.0,18020.0,17960.0,295.0,26541750.0,7493
2023-05-10 21:08:58,al2312,al2312,17980.0,0.0,0.0,0.0,3,17975.0,17990.0,1,18050.0,18020.0,18020.0,17960.0,295.0,26541750.0,7493
2023-05-10 21:08:59,al2312,al2312,17980.0,0.0,0.0,0.0,3,17975.0,17990.0,6,18050.0,18020.0,18020.0,17960.0,295.0,26541750.0,7493
2023-05-10 21:09:00,al2312,al2312,17980.0,0.0,0.0,0.0,14,17975.0,17990.0,6,18050.0,18020.0,18020.0,17960.0,295.0,26541750.0,7493
2023-05-10 21:09:01,al2312,al2312,17980.0,0.0,0.0,0.0,7,17975.0,17990.0,6,18050.0,18020.0,18020.0,17960.0,295.0,26541750.0,7493
2023-05-10 21:09:02,al2312,al2312,17980.0,0.0,0.0,0.0,3,17975.0,17990.0,6,18050.0,18020.0,18020.0,17960.0,295.0,26541750.0,7493
2023-05-10 21:09:05,al2312,al2312,17980.0,0.0,0.0,0.0,3,17975.0,17990.0,5,18050.0,18020.0,18020.0,17960.0,295.0,26541750.0,7493
2023-05-10 21:09:10,al2312,al2312,17980.0,0.0,0.0,0.0,5,17975.0,17990.0,5,18050.0,18020.0,18020.0,17960.0,295.0,26541750.0,7493
2023-05-10 21:09:11,al2312,al2312,17980.0,0.0,0.0,0.0,3,17975.0,17990.0,5,18050.0,18020.0,18020.0,17960.0,295.0,26541750.0,7493
2023-05-10 21:09:13,al2312,al2312,17980.0,0.0,0.0,0.0,3,17975.0,17995.0,3,18050.0,18020.0,18020.0,17960.0,295.0,26541750.0,7493
2023-05-10 21:09:14,al2312,al2312,17980.0,0.0,0.0,0.0,3,17975.0,17990.0,1,18050.0,18020.0,18020.0,17960.0,295.0,26541750.0,7493
2023-05-10 21:09:16,al2312,al2312,17980.0,0.0,0.0,0.0,3,17975.0,17990.0,4,18050.0,18020.0,18020.0,17960.0,295.0,26541750.0,7493
2023-05-10 21:09:18,al2312,al2312,17980.0,0.0,0.0,0.0,3,17975.0,17985.0,3,18050.0,18020.0,18020.0,17960.0,295.0,26541750.0,7493
2023-05-10 21:09:18,al2312,al2312,17985.0,3.0,269775.0,0.0,3,17975.0,17990.0,4,18050.0,18020.0,18020.0,17960.0,298.0,26811525.0,7493
2023-05-10 21:09:19,al2312,al2312,17985.0,0.0,0.0,0.0,2,17970.0,17990.0,4,18050.0,18020.0,18020.0,17960.0,298.0,26811525.0,7493
2023-05-10 21:09:19,al2312,al2312,17985.0,0.0,0.0,0.0,12,17970.0,17990.0,4,18050.0,18020.0,18020.0,17960.0,298.0,26811525.0,7493
2023-05-10 21:09:21,al2312,al2312,17985.0,0.0,0.0,0.0,3,17975.0,17990.0,4,18050.0,18020.0,18020.0,17960.0,298.0,26811525.0,7493
2023-05-10 21:09:21,al2312,al2312,17985.0,0.0,0.0,0.0,3,17975.0,17990.0,4,18050.0,18020.0,18020.0,17960.0,298.0,26811525.0,7493
2023-05-10 21:09:22,al2312,al2312,17985.0,0.0,0.0,0.0,3,17975.0,17990.0,3,18050.0,18020.0,18020.0,17960.0,298.0,26811525.0,7493
2023-05-10 21:09:23,al2312,al2312,17985.0,0.0,0.0,0.0,6,17975.0,17990.0,3,18050.0,18020.0,18020.0,17960.0,298.0,26811525.0,7493
2023-05-10 21:09:24,al2312,al2312,17985.0,0.0,0.0,0.0,3,17980.0,17990.0,3,18050.0,18020.0,18020.0,17960.0,298.0,26811525.0,7493
2023-05-10 21:09:24,al2312,al2312,17985.0,0.0,0.0,0.0,3,17980.0,17990.0,3,18050.0,18020.0,18020.0,17960.0,298.0,26811525.0,7493
2023-05-10 21:09:25,al2312,al2312,17985.0,0.0,0.0,0.0,3,17980.0,17990.0,3,18050.0,18020.0,18020.0,17960.0,298.0,26811525.0,7493
2023-05-10 21:09:26,al2312,al2312,17985.0,0.0,0.0,0.0,3,17980.0,17990.0,3,18050.0,18020.0,18020.0,17960.0,298.0,26811525.0,7493
2023-05-10 21:09:26,al2312,al2312,17985.0,0.0,0.0,0.0,1,17965.0,17990.0,3,18050.0,18020.0,18020.0,17960.0,298.0,26811525.0,7493
2023-05-10 21:09:27,al2312,al2312,17985.0,0.0,0.0,0.0,6,17975.0,17990.0,3,18050.0,18020.0,18020.0,17960.0,298.0,26811525.0,7493
2023-05-10 21:09:27,al2312,al2312,17985.0,0.0,0.0,0.0,6,17975.0,17990.0,3,18050.0,18020.0,18020.0,17960.0,298.0,26811525.0,7493
2023-05-10 21:09:29,al2312,al2312,17990.0,1.0,89950.0,0.0,3,17975.0,17990.0,2,18050.0,18020.0,18020.0,17960.0,299.0,26901475.0,7493
2023-05-10 21:09:29,al2312,al2312,17990.0,0.0,0.0,0.0,3,17975.0,17990.0,2,18050.0,18020.0,18020.0,17960.0,299.0,26901475.0,7493
2023-05-10 21:09:33,al2312,al2312,17990.0,0.0,0.0,0.0,3,17970.0,17990.0,2,18050.0,18020.0,18020.0,17960.0,299.0,26901475.0,7493
2023-05-10 21:09:34,al2312,al2312,17990.0,0.0,0.0,0.0,20,17970.0,17995.0,3,18050.0,18020.0,18020.0,17960.0,299.0,26901475.0,7493
2023-05-10 21:09:36,al2312,al2312,17990.0,0.0,0.0,0.0,5,17975.0,17995.0,3,18050.0,18020.0,18020.0,17960.0,299.0,26901475.0,7493
2023-05-10 21:09:37,al2312,al2312,17990.0,0.0,0.0,0.0,3,17970.0,17995.0,3,18050.0,18020.0,18020.0,17960.0,299.0,26901475.0,7493
2023-05-10 21:09:38,al2312,al2312,17990.0,0.0,0.0,0.0,20,17970.0,17995.0,3,18050.0,18020.0,18020.0,17960.0,299.0,26901475.0,7493
2023-05-10 21:09:38,al2312,al2312,17990.0,0.0,0.0,0.0,1,17975.0,17995.0,3,18050.0,18020.0,18020.0,17960.0,299.0,26901475.0,7493
2023-05-10 21:09:39,al2312,al2312,17990.0,0.0,0.0,0.0,6,17975.0,17995.0,3,18050.0,18020.0,18020.0,17960.0,299.0,26901475.0,7493
2023-05-10 21:09:39,al2312,al2312,17990.0,0.0,0.0,0.0,1,17975.0,17995.0,3,18050.0,18020.0,18020.0,17960.0,299.0,26901475.0,7493
2023-05-10 21:09:40,al2312,al2312,17990.0,0.0,0.0,0.0,2,17975.0,17995.0,3,18050.0,18020.0,18020.0,17960.0,299.0,26901475.0,7493
2023-05-10 21:09:41,al2312,al2312,17990.0,0.0,0.0,0.0,3,17975.0,17995.0,3,18050.0,18020.0,18020.0,17960.0,299.0,26901475.0,7493
2023-05-10 21:09:41,al2312,al2312,17990.0,0.0,0.0,0.0,3,17975.0,17995.0,7,18050.0,18020.0,18020.0,17960.0,299.0,26901475.0,7493
2023-05-10 21:09:42,al2312,al2312,17990.0,0.0,0.0,0.0,2,17980.0,17995.0,7,18050.0,18020.0,18020.0,17960.0,299.0,26901475.0,7493
2023-05-10 21:09:42,al2312,al2312,17990.0,0.0,0.0,0.0,2,17980.0,17995.0,7,18050.0,18020.0,18020.0,17960.0,299.0,26901475.0,7493
2023-05-10 21:09:44,al2312,al2312,17990.0,0.0,0.0,0.0,2,17980.0,17995.0,7,18050.0,18020.0,18020.0,17960.0,299.0,26901475.0,7493
2023-05-10 21:09:45,al2312,al2312,17990.0,0.0,0.0,0.0,2,17980.0,17995.0,4,18050.0,18020.0,18020.0,17960.0,299.0,26901475.0,7493
2023-05-10 21:09:47,al2312,al2312,17990.0,0.0,0.0,0.0,2,17980.0,17990.0,1,18050.0,18020.0,18020.0,17960.0,299.0,26901475.0,7493
2023-05-10 21:09:47,al2312,al2312,17990.0,0.0,0.0,0.0,2,17980.0,17990.0,1,18050.0,18020.0,18020.0,17960.0,299.0,26901475.0,7493
2023-05-10 21:10:01,al2312,al2312,17980.0,1.0,89900.0,1.0,1,17980.0,17990.0,1,18050.0,18020.0,18020.0,17960.0,300.0,26991375.0,7494
2023-05-10 21:10:01,al2312,al2312,17980.0,1.0,89900.0,1.0,1,17975.0,17990.0,1,18050.0,18020.0,18020.0,17960.0,301.0,27081275.0,7495
2023-05-10 21:10:02,al2312,al2312,17975.0,1.0,89875.0,0.0,3,17970.0,17990.0,1,18050.0,18020.0,18020.0,17960.0,302.0,27171150.0,7495
2023-05-10 21:10:02,al2312,al2312,17975.0,0.0,0.0,0.0,17,17970.0,17990.0,1,18050.0,18020.0,18020.0,17960.0,302.0,27171150.0,7495
2023-05-10 21:10:05,al2312,al2312,17975.0,0.0,0.0,0.0,18,17970.0,17990.0,1,18050.0,18020.0,18020.0,17960.0,302.0,27171150.0,7495
2023-05-10 21:10:06,al2312,al2312,17975.0,0.0,0.0,0.0,18,17970.0,17990.0,1,18050.0,18020.0,18020.0,17960.0,302.0,27171150.0,7495
2023-05-10 21:10:07,al2312,al2312,17975.0,0.0,0.0,0.0,3,17975.0,17990.0,1,18050.0,18020.0,18020.0,17960.0,302.0,27171150.0,7495
2023-05-10 21:10:08,al2312,al2312,17975.0,0.0,0.0,0.0,5,17975.0,17990.0,1,18050.0,18020.0,18020.0,17960.0,302.0,27171150.0,7495
2023-05-10 21:10:10,al2312,al2312,17975.0,0.0,0.0,0.0,3,17975.0,17990.0,1,18050.0,18020.0,18020.0,17960.0,302.0,27171150.0,7495
2023-05-10 21:10:10,al2312,al2312,17975.0,0.0,0.0,0.0,3,17980.0,17990.0,1,18050.0,18020.0,18020.0,17960.0,302.0,27171150.0,7495
2023-05-10 21:10:11,al2312,al2312,17975.0,0.0,0.0,0.0,1,17980.0,17990.0,1,18050.0,18020.0,18020.0,17960.0,302.0,27171150.0,7495
2023-05-10 21:10:11,al2312,al2312,17975.0,0.0,0.0,0.0,12,17980.0,17990.0,1,18050.0,18020.0,18020.0,17960.0,302.0,27171150.0,7495
2023-05-10 21:10:12,al2312,al2312,17975.0,0.0,0.0,0.0,12,17980.0,17990.0,1,18050.0,18020.0,18020.0,17960.0,302.0,27171150.0,7495
2023-05-10 21:10:15,al2312,al2312,17990.0,1.0,89950.0,0.0,12,17980.0,17995.0,14,18050.0,18020.0,18020.0,17960.0,303.0,27261100.0,7495
2023-05-10 21:10:15,al2312,al2312,17990.0,0.0,0.0,0.0,1,17985.0,17995.0,14,18050.0,18020.0,18020.0,17960.0,303.0,27261100.0,7495
2023-05-10 21:10:16,al2312,al2312,17990.0,0.0,0.0,0.0,1,17985.0,17995.0,14,18050.0,18020.0,18020.0,17960.0,303.0,27261100.0,7495
2023-05-10 21:10:18,al2312,al2312,17995.0,1.0,89975.0,-1.0,1,17985.0,17995.0,13,18050.0,18020.0,18020.0,17960.0,304.0,27351075.0,7494
2023-05-10 21:10:18,al2312,al2312,17995.0,0.0,0.0,0.0,6,17985.0,17995.0,13,18050.0,18020.0,18020.0,17960.0,304.0,27351075.0,7494
2023-05-10 21:10:21,al2312,al2312,17995.0,0.0,0.0,0.0,6,17985.0,17995.0,13,18050.0,18020.0,18020.0,17960.0,304.0,27351075.0,7494
2023-05-10 21:10:22,al2312,al2312,17995.0,0.0,0.0,0.0,6,17985.0,17995.0,10,18050.0,18020.0,18020.0,17960.0,304.0,27351075.0,7494
2023-05-10 21:10:23,al2312,al2312,17995.0,0.0,0.0,0.0,5,17985.0,17995.0,10,18050.0,18020.0,18020.0,17960.0,304.0,27351075.0,7494
2023-05-10 21:10:24,al2312,al2312,17995.0,0.0,0.0,0.0,5,17985.0,17995.0,10,18050.0,18020.0,18020.0,17960.0,304.0,27351075.0,7494
2023-05-10 21:10:25,al2312,al2312,17995.0,0.0,0.0,0.0,5,17985.0,18005.0,2,18050.0,18020.0,18020.0,17960.0,304.0,27351075.0,7494
2023-05-10 21:10:25,al2312,al2312,17995.0,0.0,0.0,0.0,5,17985.0,18020.0,11,18050.0,18020.0,18020.0,17960.0,304.0,27351075.0,7494
2023-05-10 21:10:26,al2312,al2312,17995.0,0.0,0.0,0.0,1,17980.0,18015.0,2,18050.0,18020.0,18020.0,17960.0,304.0,27351075.0,7494
2023-05-10 21:10:26,al2312,al2312,17995.0,0.0,0.0,0.0,1,17980.0,18015.0,2,18050.0,18020.0,18020.0,17960.0,304.0,27351075.0,7494
2023-05-10 21:10:27,al2312,al2312,17995.0,0.0,0.0,0.0,1,17980.0,18015.0,2,18050.0,18020.0,18020.0,17960.0,304.0,27351075.0,7494
2023-05-10 21:10:27,al2312,al2312,17995.0,0.0,0.0,0.0,8,17990.0,18015.0,2,18050.0,18020.0,18020.0,17960.0,304.0,27351075.0,7494
2023-05-10 21:10:28,al2312,al2312,17995.0,0.0,0.0,0.0,8,17990.0,18015.0,2,18050.0,18020.0,18020.0,17960.0,304.0,27351075.0,7494
2023-05-10 21:10:32,al2312,al2312,17995.0,0.0,0.0,0.0,5,17995.0,18015.0,2,18050.0,18020.0,18020.0,17960.0,304.0,27351075.0,7494
2023-05-10 21:10:32,al2312,al2312,17995.0,0.0,0.0,0.0,5,17995.0,18015.0,1,18050.0,18020.0,18020.0,17960.0,304.0,27351075.0,7494
2023-05-10 21:10:34,al2312,al2312,17995.0,0.0,0.0,0.0,5,17995.0,18015.0,1,18050.0,18020.0,18020.0,17960.0,304.0,27351075.0,7494
2023-05-10 21:10:36,al2312,al2312,17995.0,0.0,0.0,0.0,5,18000.0,18015.0,1,18050.0,18020.0,18020.0,17960.0,304.0,27351075.0,7494
2023-05-10 21:10:37,al2312,al2312,17995.0,0.0,0.0,0.0,5,18000.0,18015.0,1,18050.0,18020.0,18020.0,17960.0,304.0,27351075.0,7494
2023-05-10 21:10:40,al2312,al2312,17995.0,0.0,0.0,0.0,5,18000.0,18010.0,10,18050.0,18020.0,18020.0,17960.0,304.0,27351075.0,7494
2023-05-10 21:10:40,al2312,al2312,17995.0,0.0,0.0,0.0,2,17980.0,18010.0,10,18050.0,18020.0,18020.0,17960.0,304.0,27351075.0,7494
2023-05-10 21:10:41,al2312,al2312,17995.0,0.0,0.0,0.0,6,17995.0,18010.0,10,18050.0,18020.0,18020.0,17960.0,304.0,27351075.0,7494
2023-05-10 21:10:41,al2312,al2312,17995.0,0.0,0.0,0.0,6,17995.0,18010.0,10,18050.0,18020.0,18020.0,17960.0,304.0,27351075.0,7494
2023-05-10 21:10:42,al2312,al2312,17995.0,0.0,0.0,0.0,5,17995.0,18010.0,10,18050.0,18020.0,18020.0,17960.0,304.0,27351075.0,7494
2023-05-10 21:10:42,al2312,al2312,17995.0,0.0,0.0,0.0,5,17995.0,18010.0,10,18050.0,18020.0,18020.0,17960.0,304.0,27351075.0,7494
2023-05-10 21:10:44,al2312,al2312,17995.0,0.0,0.0,0.0,3,17980.0,18010.0,10,18050.0,18020.0,18020.0,17960.0,304.0,27351075.0,7494
2023-05-10 21:10:45,al2312,al2312,17995.0,0.0,0.0,0.0,2,17990.0,18010.0,10,18050.0,18020.0,18020.0,17960.0,304.0,27351075.0,7494
2023-05-10 21:10:47,al2312,al2312,17995.0,0.0,0.0,0.0,3,17995.0,18010.0,10,18050.0,18020.0,18020.0,17960.0,304.0,27351075.0,7494
2023-05-10 21:10:47,al2312,al2312,17995.0,0.0,0.0,0.0,1,17985.0,18010.0,10,18050.0,18020.0,18020.0,17960.0,304.0,27351075.0,7494
2023-05-10 21:10:48,al2312,al2312,17995.0,0.0,0.0,0.0,7,17990.0,18010.0,10,18050.0,18020.0,18020.0,17960.0,304.0,27351075.0,7494
2023-05-10 21:10:49,al2312,al2312,17995.0,0.0,0.0,0.0,4,17990.0,18010.0,10,18050.0,18020.0,18020.0,17960.0,304.0,27351075.0,7494
2023-05-10 21:10:50,al2312,al2312,17995.0,0.0,0.0,0.0,4,17990.0,18020.0,11,18050.0,18020.0,18020.0,17960.0,304.0,27351075.0,7494
2023-05-10 21:10:50,al2312,al2312,17995.0,0.0,0.0,0.0,2,17985.0,18015.0,1,18050.0,18020.0,18020.0,17960.0,304.0,27351075.0,7494
2023-05-10 21:10:51,al2312,al2312,17995.0,0.0,0.0,0.0,2,17985.0,18015.0,1,18050.0,18020.0,18020.0,17960.0,304.0,27351075.0,7494
2023-05-10 21:10:51,al2312,al2312,17995.0,0.0,0.0,0.0,2,17985.0,18010.0,1,18050.0,18020.0,18020.0,17960.0,304.0,27351075.0,7494
2023-05-10 21:10:52,al2312,al2312,17995.0,0.0,0.0,0.0,12,17985.0,18010.0,1,18050.0,18020.0,18020.0,17960.0,304.0,27351075.0,7494
2023-05-10 21:10:52,al2312,al2312,17995.0,0.0,0.0,0.0,12,17985.0,18010.0,1,18050.0,18020.0,18020.0,17960.0,304.0,27351075.0,7494
2023-05-10 21:10:53,al2312,al2312,17995.0,0.0,0.0,0.0,12,17985.0,18020.0,1,18050.0,18020.0,18020.0,17960.0,304.0,27351075.0,7494
2023-05-10 21:10:53,al2312,al2312,17995.0,0.0,0.0,0.0,2,17985.0,18020.0,1,18050.0,18020.0,18020.0,17960.0,304.0,27351075.0,7494
2023-05-10 21:10:54,al2312,al2312,17995.0,0.0,0.0,0.0,2,17985.0,18015.0,1,18050.0,18020.0,18020.0,17960.0,304.0,27351075.0,7494
2023-05-10 21:10:54,al2312,al2312,17995.0,0.0,0.0,0.0,3,17990.0,18020.0,1,18050.0,18020.0,18020.0,17960.0,304.0,27351075.0,7494
2023-05-10 21:10:55,al2312,al2312,17995.0,0.0,0.0,0.0,2,17985.0,18010.0,1,18050.0,18020.0,18020.0,17960.0,304.0,27351075.0,7494
2023-05-10 21:10:55,al2312,al2312,17995.0,0.0,0.0,0.0,6,17990.0,18015.0,1,18050.0,18020.0,18020.0,17960.0,304.0,27351075.0,7494
2023-05-10 21:10:56,al2312,al2312,17995.0,0.0,0.0,0.0,2,17995.0,18015.0,1,18050.0,18020.0,18020.0,17960.0,304.0,27351075.0,7494
2023-05-10 21:10:56,al2312,al2312,17995.0,0.0,0.0,0.0,2,17995.0,18015.0,1,18050.0,18020.0,18020.0,17960.0,304.0,27351075.0,7494
2023-05-10 21:10:58,al2312,al2312,17995.0,0.0,0.0,0.0,2,17995.0,18015.0,6,18050.0,18020.0,18020.0,17960.0,304.0,27351075.0,7494
2023-05-10 21:11:00,al2312,al2312,17995.0,0.0,0.0,0.0,2,17985.0,18015.0,6,18050.0,18020.0,18020.0,17960.0,304.0,27351075.0,7494
2023-05-10 21:11:01,al2312,al2312,17995.0,0.0,0.0,0.0,11,17990.0,18015.0,1,18050.0,18020.0,18020.0,17960.0,304.0,27351075.0,7494
2023-05-10 21:11:02,al2312,al2312,17995.0,0.0,0.0,0.0,10,17990.0,18015.0,1,18050.0,18020.0,18020.0,17960.0,304.0,27351075.0,7494
2023-05-10 21:11:04,al2312,al2312,17995.0,0.0,0.0,0.0,10,17990.0,18010.0,10,18050.0,18020.0,18020.0,17960.0,304.0,27351075.0,7494
2023-05-10 21:11:04,al2312,al2312,17995.0,0.0,0.0,0.0,10,17990.0,18010.0,10,18050.0,18020.0,18020.0,17960.0,304.0,27351075.0,7494
2023-05-10 21:11:08,al2312,al2312,17995.0,0.0,0.0,0.0,10,17990.0,18010.0,10,18050.0,18020.0,18020.0,17960.0,304.0,27351075.0,7494
2023-05-10 21:11:09,al2312,al2312,17995.0,0.0,0.0,0.0,10,17990.0,18010.0,10,18050.0,18020.0,18020.0,17960.0,304.0,27351075.0,7494
2023-05-10 21:11:17,al2312,al2312,17995.0,0.0,0.0,0.0,10,17990.0,18010.0,10,18050.0,18020.0,18020.0,17960.0,304.0,27351075.0,7494
2023-05-10 21:11:18,al2312,al2312,17995.0,0.0,0.0,0.0,10,17990.0,18010.0,10,18050.0,18020.0,18020.0,17960.0,304.0,27351075.0,7494
2023-05-10 21:11:20,al2312,al2312,17995.0,0.0,0.0,0.0,3,17995.0,18010.0,10,18050.0,18020.0,18020.0,17960.0,304.0,27351075.0,7494
2023-05-10 21:11:22,al2312,al2312,17995.0,0.0,0.0,0.0,3,17995.0,18010.0,10,18050.0,18020.0,18020.0,17960.0,304.0,27351075.0,7494
2023-05-10 21:11:22,al2312,al2312,17995.0,0.0,0.0,0.0,3,17995.0,18010.0,10,18050.0,18020.0,18020.0,17960.0,304.0,27351075.0,7494
2023-05-10 21:11:25,al2312,al2312,17995.0,0.0,0.0,0.0,3,17995.0,18040.0,1,18050.0,18020.0,18020.0,17960.0,304.0,27351075.0,7494
2023-05-10 21:11:26,al2312,al2312,17995.0,0.0,0.0,0.0,1,17990.0,18030.0,1,18050.0,18020.0,18020.0,17960.0,304.0,27351075.0,7494
2023-05-10 21:11:26,al2312,al2312,17995.0,0.0,0.0,0.0,1,17990.0,18030.0,1,18050.0,18020.0,18020.0,17960.0,304.0,27351075.0,7494
2023-05-10 21:11:27,al2312,al2312,17995.0,0.0,0.0,0.0,1,17990.0,18025.0,1,18050.0,18020.0,18020.0,17960.0,304.0,27351075.0,7494
2023-05-10 21:11:29,al2312,al2312,17995.0,0.0,0.0,0.0,1,17990.0,18025.0,2,18050.0,18020.0,18020.0,17960.0,304.0,27351075.0,7494
2023-05-10 21:11:29,al2312,al2312,17995.0,0.0,0.0,0.0,4,17985.0,18025.0,2,18050.0,18020.0,18020.0,17960.0,304.0,27351075.0,7494
2023-05-10 21:11:30,al2312,al2312,17995.0,0.0,0.0,0.0,4,17985.0,18020.0,1,18050.0,18020.0,18020.0,17960.0,304.0,27351075.0,7494
2023-05-10 21:11:30,al2312,al2312,17995.0,0.0,0.0,0.0,4,17985.0,18015.0,1,18050.0,18020.0,18020.0,17960.0,304.0,27351075.0,7494
2023-05-10 21:11:31,al2312,al2312,17995.0,0.0,0.0,0.0,13,17990.0,18015.0,1,18050.0,18020.0,18020.0,17960.0,304.0,27351075.0,7494
2023-05-10 21:11:31,al2312,al2312,17995.0,0.0,0.0,0.0,3,17995.0,18015.0,1,18050.0,18020.0,18020.0,17960.0,304.0,27351075.0,7494
2023-05-10 21:11:32,al2312,al2312,17995.0,0.0,0.0,0.0,4,17985.0,18015.0,1,18050.0,18020.0,18020.0,17960.0,304.0,27351075.0,7494
2023-05-10 21:11:33,al2312,al2312,17995.0,0.0,0.0,0.0,13,17990.0,18015.0,1,18050.0,18020.0,18020.0,17960.0,304.0,27351075.0,7494
2023-05-10 21:11:33,al2312,al2312,17995.0,0.0,0.0,0.0,3,17995.0,18015.0,1,18050.0,18020.0,18020.0,17960.0,304.0,27351075.0,7494
2023-05-10 21:11:35,al2312,al2312,17995.0,0.0,0.0,0.0,3,17995.0,18020.0,10,18050.0,18020.0,18020.0,17960.0,304.0,27351075.0,7494
2023-05-10 21:11:35,al2312,al2312,17995.0,0.0,0.0,0.0,3,17995.0,18015.0,1,18050.0,18020.0,18020.0,17960.0,304.0,27351075.0,7494
2023-05-10 21:11:36,al2312,al2312,17995.0,0.0,0.0,0.0,4,17985.0,18015.0,1,18050.0,18020.0,18020.0,17960.0,304.0,27351075.0,7494
2023-05-10 21:11:37,al2312,al2312,17995.0,0.0,0.0,0.0,13,17990.0,18015.0,1,18050.0,18020.0,18020.0,17960.0,304.0,27351075.0,7494
2023-05-10 21:11:38,al2312,al2312,17995.0,0.0,0.0,0.0,2,17995.0,18015.0,1,18050.0,18020.0,18020.0,17960.0,304.0,27351075.0,7494
2023-05-10 21:11:41,al2312,al2312,17995.0,0.0,0.0,0.0,4,17985.0,18015.0,1,18050.0,18020.0,18020.0,17960.0,304.0,27351075.0,7494
2023-05-10 21:11:41,al2312,al2312,17995.0,0.0,0.0,0.0,14,17990.0,18015.0,1,18050.0,18020.0,18020.0,17960.0,304.0,27351075.0,7494
2023-05-10 21:11:44,al2312,al2312,17995.0,0.0,0.0,0.0,2,17995.0,18015.0,1,18050.0,18020.0,18020.0,17960.0,304.0,27351075.0,7494
2023-05-10 21:11:45,al2312,al2312,17995.0,0.0,0.0,0.0,7,17995.0,18015.0,1,18050.0,18020.0,18020.0,17960.0,304.0,27351075.0,7494
2023-05-10 21:11:47,al2312,al2312,17995.0,0.0,0.0,0.0,5,17995.0,18015.0,1,18050.0,18020.0,18020.0,17960.0,304.0,27351075.0,7494
2023-05-10 21:11:52,al2312,al2312,17995.0,0.0,0.0,0.0,7,17995.0,18015.0,1,18050.0,18020.0,18020.0,17960.0,304.0,27351075.0,7494
2023-05-10 21:11:53,al2312,al2312,17995.0,0.0,0.0,0.0,5,17995.0,18015.0,1,18050.0,18020.0,18020.0,17960.0,304.0,27351075.0,7494
2023-05-10 21:12:04,al2312,al2312,17995.0,0.0,0.0,0.0,7,17995.0,18015.0,1,18050.0,18020.0,18020.0,17960.0,304.0,27351075.0,7494
2023-05-10 21:12:04,al2312,al2312,17995.0,0.0,0.0,0.0,5,17995.0,18015.0,1,18050.0,18020.0,18020.0,17960.0,304.0,27351075.0,7494
2023-05-10 21:12:06,al2312,al2312,17995.0,0.0,0.0,0.0,5,17995.0,18015.0,1,18050.0,18020.0,18020.0,17960.0,304.0,27351075.0,7494
2023-05-10 21:12:07,al2312,al2312,17995.0,0.0,0.0,0.0,9,17995.0,18015.0,1,18050.0,18020.0,18020.0,17960.0,304.0,27351075.0,7494
2023-05-10 21:12:10,al2312,al2312,17995.0,0.0,0.0,0.0,9,17995.0,18020.0,11,18050.0,18020.0,18020.0,17960.0,304.0,27351075.0,7494
2023-05-10 21:12:11,al2312,al2312,17995.0,0.0,0.0,0.0,9,17995.0,18020.0,11,18050.0,18020.0,18020.0,17960.0,304.0,27351075.0,7494
2023-05-10 21:12:12,al2312,al2312,17995.0,0.0,0.0,0.0,8,18000.0,18020.0,11,18050.0,18020.0,18020.0,17960.0,304.0,27351075.0,7494
2023-05-10 21:12:13,al2312,al2312,17995.0,0.0,0.0,0.0,8,18000.0,18020.0,11,18050.0,18020.0,18020.0,17960.0,304.0,27351075.0,7494
2023-05-10 21:12:13,al2312,al2312,17995.0,0.0,0.0,0.0,8,18000.0,18020.0,11,18050.0,18020.0,18020.0,17960.0,304.0,27351075.0,7494
2023-05-10 21:12:14,al2312,al2312,17995.0,0.0,0.0,0.0,4,18005.0,18020.0,10,18050.0,18020.0,18020.0,17960.0,304.0,27351075.0,7494
2023-05-10 21:12:14,al2312,al2312,17995.0,0.0,0.0,0.0,5,17995.0,18020.0,10,18050.0,18020.0,18020.0,17960.0,304.0,27351075.0,7494
2023-05-10 21:12:15,al2312,al2312,17995.0,0.0,0.0,0.0,9,18000.0,18020.0,10,18050.0,18020.0,18020.0,17960.0,304.0,27351075.0,7494
2023-05-10 21:12:17,al2312,al2312,17995.0,0.0,0.0,0.0,9,18000.0,18020.0,10,18050.0,18020.0,18020.0,17960.0,304.0,27351075.0,7494
2023-05-10 21:12:18,al2312,al2312,17995.0,0.0,0.0,0.0,9,18000.0,18035.0,3,18050.0,18020.0,18020.0,17960.0,304.0,27351075.0,7494
2023-05-10 21:12:19,al2312,al2312,17995.0,0.0,0.0,0.0,3,18005.0,18030.0,4,18050.0,18020.0,18020.0,17960.0,304.0,27351075.0,7494
2023-05-10 21:12:19,al2312,al2312,17995.0,0.0,0.0,0.0,8,18005.0,18030.0,4,18050.0,18020.0,18020.0,17960.0,304.0,27351075.0,7494
2023-05-10 21:12:20,al2312,al2312,17995.0,0.0,0.0,0.0,8,18005.0,18030.0,4,18050.0,18020.0,18020.0,17960.0,304.0,27351075.0,7494
2023-05-10 21:12:21,al2312,al2312,17995.0,0.0,0.0,0.0,3,18005.0,18030.0,4,18050.0,18020.0,18020.0,17960.0,304.0,27351075.0,7494
2023-05-10 21:12:22,al2312,al2312,17995.0,0.0,0.0,0.0,3,18005.0,18030.0,5,18050.0,18020.0,18020.0,17960.0,304.0,27351075.0,7494
2023-05-10 21:12:24,al2312,al2312,17995.0,0.0,0.0,0.0,3,18005.0,18030.0,5,18050.0,18020.0,18020.0,17960.0,304.0,27351075.0,7494
2023-05-10 21:12:26,al2312,al2312,17995.0,0.0,0.0,0.0,3,18005.0,18030.0,15,18050.0,18020.0,18020.0,17960.0,304.0,27351075.0,7494
2023-05-10 21:12:26,al2312,al2312,17995.0,0.0,0.0,0.0,5,18000.0,18030.0,15,18050.0,18020.0,18020.0,17960.0,304.0,27351075.0,7494
2023-05-10 21:12:30,al2312,al2312,17995.0,0.0,0.0,0.0,5,18000.0,18030.0,15,18050.0,18020.0,18020.0,17960.0,304.0,27351075.0,7494
2023-05-10 21:12:30,al2312,al2312,17995.0,0.0,0.0,0.0,3,17995.0,18030.0,15,18050.0,18020.0,18020.0,17960.0,304.0,27351075.0,7494
2023-05-10 21:12:32,al2312,al2312,17995.0,0.0,0.0,0.0,3,17995.0,18030.0,16,18050.0,18020.0,18020.0,17960.0,304.0,27351075.0,7494
2023-05-10 21:12:33,al2312,al2312,17995.0,0.0,0.0,0.0,8,17995.0,18030.0,16,18050.0,18020.0,18020.0,17960.0,304.0,27351075.0,7494
2023-05-10 21:12:35,al2312,al2312,17995.0,0.0,0.0,0.0,8,17995.0,18030.0,16,18050.0,18020.0,18020.0,17960.0,304.0,27351075.0,7494
2023-05-10 21:12:35,al2312,al2312,17995.0,0.0,0.0,0.0,8,17995.0,18030.0,15,18050.0,18020.0,18020.0,17960.0,304.0,27351075.0,7494
2023-05-10 21:12:47,al2312,al2312,17995.0,0.0,0.0,0.0,8,17995.0,18025.0,3,18050.0,18020.0,18020.0,17960.0,304.0,27351075.0,7494
2023-05-10 21:12:48,al2312,al2312,17995.0,0.0,0.0,0.0,8,17995.0,18020.0,1,18050.0,18020.0,18020.0,17960.0,304.0,27351075.0,7494
2023-05-10 21:12:48,al2312,al2312,17995.0,0.0,0.0,0.0,17,17995.0,18020.0,1,18050.0,18020.0,18020.0,17960.0,304.0,27351075.0,7494
2023-05-10 21:12:51,al2312,al2312,17995.0,0.0,0.0,0.0,17,17995.0,18020.0,1,18050.0,18020.0,18020.0,17960.0,304.0,27351075.0,7494
2023-05-10 21:12:56,al2312,al2312,17995.0,0.0,0.0,0.0,12,17995.0,18020.0,1,18050.0,18020.0,18020.0,17960.0,304.0,27351075.0,7494
2023-05-10 21:12:58,al2312,al2312,17995.0,0.0,0.0,0.0,11,17995.0,18025.0,1,18050.0,18020.0,18020.0,17960.0,304.0,27351075.0,7494
2023-05-10 21:12:58,al2312,al2312,17995.0,0.0,0.0,0.0,5,18000.0,18025.0,1,18050.0,18020.0,18020.0,17960.0,304.0,27351075.0,7494
2023-05-10 21:12:59,al2312,al2312,17995.0,0.0,0.0,0.0,10,18000.0,18025.0,1,18050.0,18020.0,18020.0,17960.0,304.0,27351075.0,7494
2023-05-10 21:13:01,al2312,al2312,17995.0,0.0,0.0,0.0,10,18000.0,18020.0,1,18050.0,18020.0,18020.0,17960.0,304.0,27351075.0,7494
2023-05-10 21:13:02,al2312,al2312,17995.0,0.0,0.0,0.0,5,18000.0,18025.0,2,18050.0,18020.0,18020.0,17960.0,304.0,27351075.0,7494
2023-05-10 21:13:02,al2312,al2312,17995.0,0.0,0.0,0.0,5,18000.0,18025.0,2,18050.0,18020.0,18020.0,17960.0,304.0,27351075.0,7494
2023-05-10 21:13:03,al2312,al2312,17995.0,0.0,0.0,0.0,5,18000.0,18025.0,2,18050.0,18020.0,18020.0,17960.0,304.0,27351075.0,7494
2023-05-10 21:13:04,al2312,al2312,17995.0,0.0,0.0,0.0,10,18000.0,18025.0,2,18050.0,18020.0,18020.0,17960.0,304.0,27351075.0,7494
2023-05-10 21:13:06,al2312,al2312,17995.0,0.0,0.0,0.0,10,18000.0,18025.0,1,18050.0,18020.0,18020.0,17960.0,304.0,27351075.0,7494
2023-05-10 21:13:07,al2312,al2312,17995.0,0.0,0.0,0.0,10,18000.0,18025.0,1,18050.0,18020.0,18020.0,17960.0,304.0,27351075.0,7494
2023-05-10 21:13:08,al2312,al2312,17995.0,0.0,0.0,0.0,2,18005.0,18025.0,1,18050.0,18020.0,18020.0,17960.0,304.0,27351075.0,7494
2023-05-10 21:13:08,al2312,al2312,17995.0,0.0,0.0,0.0,5,18000.0,18025.0,1,18050.0,18020.0,18020.0,17960.0,304.0,27351075.0,7494
2023-05-10 21:13:09,al2312,al2312,17995.0,0.0,0.0,0.0,14,18000.0,18025.0,1,18050.0,18020.0,18020.0,17960.0,304.0,27351075.0,7494
2023-05-10 21:13:09,al2312,al2312,17995.0,0.0,0.0,0.0,13,18000.0,18025.0,1,18050.0,18020.0,18020.0,17960.0,304.0,27351075.0,7494
2023-05-10 21:13:10,al2312,al2312,17995.0,0.0,0.0,0.0,11,18000.0,18025.0,1,18050.0,18020.0,18020.0,17960.0,304.0,27351075.0,7494
2023-05-10 21:13:14,al2312,al2312,17995.0,0.0,0.0,0.0,5,18005.0,18025.0,1,18050.0,18020.0,18020.0,17960.0,304.0,27351075.0,7494
2023-05-10 21:13:15,al2312,al2312,17995.0,0.0,0.0,0.0,5,18005.0,18025.0,1,18050.0,18020.0,18020.0,17960.0,304.0,27351075.0,7494
2023-05-10 21:13:16,al2312,al2312,17995.0,0.0,0.0,0.0,7,18005.0,18025.0,1,18050.0,18020.0,18020.0,17960.0,304.0,27351075.0,7494
2023-05-10 21:13:19,al2312,al2312,17995.0,0.0,0.0,0.0,5,18005.0,18025.0,1,18050.0,18020.0,18020.0,17960.0,304.0,27351075.0,7494
2023-05-10 21:13:31,al2312,al2312,17995.0,0.0,0.0,0.0,2,18005.0,18025.0,1,18050.0,18020.0,18020.0,17960.0,304.0,27351075.0,7494
2023-05-10 21:13:33,al2312,al2312,17995.0,0.0,0.0,0.0,2,18005.0,18020.0,2,18050.0,18020.0,18020.0,17960.0,304.0,27351075.0,7494
2023-05-10 21:13:33,al2312,al2312,17995.0,0.0,0.0,0.0,2,18005.0,18025.0,1,18050.0,18020.0,18020.0,17960.0,304.0,27351075.0,7494
2023-05-10 21:13:34,al2312,al2312,17995.0,0.0,0.0,0.0,2,18005.0,18025.0,1,18050.0,18020.0,18020.0,17960.0,304.0,27351075.0,7494
2023-05-10 21:13:35,al2312,al2312,17995.0,0.0,0.0,0.0,2,18005.0,18020.0,2,18050.0,18020.0,18020.0,17960.0,304.0,27351075.0,7494
2023-05-10 21:13:36,al2312,al2312,17995.0,0.0,0.0,0.0,6,18000.0,18035.0,3,18050.0,18020.0,18020.0,17960.0,304.0,27351075.0,7494
2023-05-10 21:13:36,al2312,al2312,17995.0,0.0,0.0,0.0,6,18000.0,18030.0,60,18050.0,18020.0,18020.0,17960.0,304.0,27351075.0,7494
2023-05-10 21:13:37,al2312,al2312,17995.0,0.0,0.0,0.0,2,18005.0,18030.0,61,18050.0,18020.0,18020.0,17960.0,304.0,27351075.0,7494
2023-05-10 21:13:38,al2312,al2312,17995.0,0.0,0.0,0.0,2,18005.0,18030.0,3,18050.0,18020.0,18020.0,17960.0,304.0,27351075.0,7494
2023-05-10 21:13:38,al2312,al2312,17995.0,0.0,0.0,0.0,2,18005.0,18030.0,3,18050.0,18020.0,18020.0,17960.0,304.0,27351075.0,7494
2023-05-10 21:13:44,al2312,al2312,17995.0,0.0,0.0,0.0,6,18000.0,18030.0,3,18050.0,18020.0,18020.0,17960.0,304.0,27351075.0,7494
2023-05-10 21:13:46,al2312,al2312,17995.0,0.0,0.0,0.0,6,18000.0,18030.0,4,18050.0,18020.0,18020.0,17960.0,304.0,27351075.0,7494
2023-05-10 21:13:48,al2312,al2312,17995.0,0.0,0.0,0.0,6,18000.0,18030.0,4,18050.0,18020.0,18020.0,17960.0,304.0,27351075.0,7494
2023-05-10 21:13:49,al2312,al2312,17995.0,0.0,0.0,0.0,6,18000.0,18030.0,4,18050.0,18020.0,18020.0,17960.0,304.0,27351075.0,7494
2023-05-10 21:13:49,al2312,al2312,18030.0,1.0,90150.0,0.0,6,18000.0,18030.0,3,18050.0,18020.0,18030.0,17960.0,305.0,27441225.0,7494
2023-05-10 21:13:50,al2312,al2312,18030.0,0.0,0.0,0.0,4,18005.0,18025.0,1,18050.0,18020.0,18030.0,17960.0,305.0,27441225.0,7494
2023-05-10 21:13:50,al2312,al2312,18030.0,0.0,0.0,0.0,2,18005.0,18030.0,2,18050.0,18020.0,18030.0,17960.0,305.0,27441225.0,7494
2023-05-10 21:13:51,al2312,al2312,18030.0,0.0,0.0,0.0,6,18000.0,18030.0,2,18050.0,18020.0,18030.0,17960.0,305.0,27441225.0,7494
2023-05-10 21:13:52,al2312,al2312,18030.0,0.0,0.0,0.0,6,18000.0,18025.0,5,18050.0,18020.0,18030.0,17960.0,305.0,27441225.0,7494
2023-05-10 21:13:53,al2312,al2312,18030.0,0.0,0.0,0.0,15,18000.0,18025.0,5,18050.0,18020.0,18030.0,17960.0,305.0,27441225.0,7494
2023-05-10 21:13:53,al2312,al2312,18030.0,0.0,0.0,0.0,15,18000.0,18025.0,5,18050.0,18020.0,18030.0,17960.0,305.0,27441225.0,7494
2023-05-10 21:13:55,al2312,al2312,18030.0,0.0,0.0,0.0,13,18000.0,18025.0,5,18050.0,18020.0,18030.0,17960.0,305.0,27441225.0,7494
2023-05-10 21:13:55,al2312,al2312,18030.0,0.0,0.0,0.0,11,18000.0,18030.0,1,18050.0,18020.0,18030.0,17960.0,305.0,27441225.0,7494
2023-05-10 21:13:56,al2312,al2312,18030.0,0.0,0.0,0.0,6,18000.0,18025.0,2,18050.0,18020.0,18030.0,17960.0,305.0,27441225.0,7494
2023-05-10 21:13:56,al2312,al2312,18030.0,0.0,0.0,0.0,11,18000.0,18025.0,2,18050.0,18020.0,18030.0,17960.0,305.0,27441225.0,7494
2023-05-10 21:13:57,al2312,al2312,18030.0,0.0,0.0,0.0,10,18000.0,18025.0,2,18050.0,18020.0,18030.0,17960.0,305.0,27441225.0,7494
2023-05-10 21:13:57,al2312,al2312,18000.0,1.0,90000.0,0.0,9,18000.0,18020.0,1,18050.0,18020.0,18030.0,17960.0,306.0,27531225.0,7494
2023-05-10 21:13:58,al2312,al2312,18000.0,0.0,0.0,0.0,6,18000.0,18040.0,4,18050.0,18020.0,18030.0,17960.0,306.0,27531225.0,7494
2023-05-10 21:13:58,al2312,al2312,18000.0,1.0,90000.0,0.0,3,18000.0,18030.0,1,18050.0,18020.0,18030.0,17960.0,307.0,27621225.0,7494
2023-05-10 21:13:59,al2312,al2312,18000.0,1.0,90000.0,0.0,2,18000.0,18030.0,1,18050.0,18020.0,18030.0,17960.0,308.0,27711225.0,7494
2023-05-10 21:13:59,al2312,al2312,18000.0,0.0,0.0,0.0,2,18000.0,18025.0,3,18050.0,18020.0,18030.0,17960.0,308.0,27711225.0,7494
2023-05-10 21:14:00,al2312,al2312,18000.0,0.0,0.0,0.0,4,18000.0,18020.0,5,18050.0,18020.0,18030.0,17960.0,308.0,27711225.0,7494
2023-05-10 21:14:00,al2312,al2312,18000.0,1.0,90000.0,0.0,3,18000.0,18020.0,5,18050.0,18020.0,18030.0,17960.0,309.0,27801225.0,7494
2023-05-10 21:14:05,al2312,al2312,18000.0,0.0,0.0,0.0,3,18000.0,18015.0,5,18050.0,18020.0,18030.0,17960.0,309.0,27801225.0,7494
2023-05-10 21:14:05,al2312,al2312,18000.0,0.0,0.0,0.0,1,18005.0,18015.0,5,18050.0,18020.0,18030.0,17960.0,309.0,27801225.0,7494
2023-05-10 21:14:06,al2312,al2312,18000.0,1.0,90000.0,1.0,1,18000.0,18015.0,5,18050.0,18020.0,18030.0,17960.0,310.0,27891225.0,7495
2023-05-10 21:14:06,al2312,al2312,18000.0,1.0,90000.0,0.0,2,18000.0,18015.0,5,18050.0,18020.0,18030.0,17960.0,311.0,27981225.0,7495
2023-05-10 21:14:07,al2312,al2312,18000.0,1.0,90000.0,1.0,1,18000.0,18015.0,5,18050.0,18020.0,18030.0,17960.0,312.0,28071225.0,7496
2023-05-10 21:14:07,al2312,al2312,18000.0,0.0,0.0,0.0,3,17995.0,18015.0,5,18050.0,18020.0,18030.0,17960.0,312.0,28071225.0,7496
2023-05-10 21:14:08,al2312,al2312,18000.0,0.0,0.0,0.0,19,17995.0,18015.0,5,18050.0,18020.0,18030.0,17960.0,312.0,28071225.0,7496
2023-05-10 21:14:08,al2312,al2312,18000.0,0.0,0.0,0.0,16,17995.0,18015.0,5,18050.0,18020.0,18030.0,17960.0,312.0,28071225.0,7496
2023-05-10 21:14:10,al2312,al2312,18000.0,0.0,0.0,0.0,16,17995.0,18030.0,10,18050.0,18020.0,18030.0,17960.0,312.0,28071225.0,7496
2023-05-10 21:14:10,al2312,al2312,18000.0,0.0,0.0,0.0,3,17995.0,18025.0,64,18050.0,18020.0,18030.0,17960.0,312.0,28071225.0,7496
2023-05-10 21:14:11,al2312,al2312,18000.0,0.0,0.0,0.0,3,17995.0,18025.0,64,18050.0,18020.0,18030.0,17960.0,312.0,28071225.0,7496
2023-05-10 21:14:13,al2312,al2312,18000.0,0.0,0.0,0.0,1,18000.0,18025.0,64,18050.0,18020.0,18030.0,17960.0,312.0,28071225.0,7496
2023-05-10 21:14:14,al2312,al2312,18000.0,0.0,0.0,0.0,1,18000.0,18025.0,65,18050.0,18020.0,18030.0,17960.0,312.0,28071225.0,7496
2023-05-10 21:14:14,al2312,al2312,18000.0,0.0,0.0,0.0,1,18000.0,18025.0,65,18050.0,18020.0,18030.0,17960.0,312.0,28071225.0,7496
2023-05-10 21:14:15,al2312,al2312,18000.0,0.0,0.0,0.0,1,18000.0,18025.0,4,18050.0,18020.0,18030.0,17960.0,312.0,28071225.0,7496
2023-05-10 21:14:16,al2312,al2312,18000.0,0.0,0.0,0.0,1,18000.0,18025.0,3,18050.0,18020.0,18030.0,17960.0,312.0,28071225.0,7496
2023-05-10 21:14:16,al2312,al2312,18000.0,0.0,0.0,0.0,2,18000.0,18025.0,3,18050.0,18020.0,18030.0,17960.0,312.0,28071225.0,7496
2023-05-10 21:14:22,al2312,al2312,18000.0,0.0,0.0,0.0,7,18000.0,18025.0,3,18050.0,18020.0,18030.0,17960.0,312.0,28071225.0,7496
2023-05-10 21:14:24,al2312,al2312,18000.0,0.0,0.0,0.0,2,18005.0,18025.0,3,18050.0,18020.0,18030.0,17960.0,312.0,28071225.0,7496
2023-05-10 21:14:24,al2312,al2312,18000.0,0.0,0.0,0.0,2,18005.0,18025.0,3,18050.0,18020.0,18030.0,17960.0,312.0,28071225.0,7496
2023-05-10 21:14:25,al2312,al2312,18000.0,0.0,0.0,0.0,2,18005.0,18025.0,2,18050.0,18020.0,18030.0,17960.0,312.0,28071225.0,7496
2023-05-10 21:14:26,al2312,al2312,18000.0,0.0,0.0,0.0,5,18005.0,18025.0,2,18050.0,18020.0,18030.0,17960.0,312.0,28071225.0,7496
2023-05-10 21:14:28,al2312,al2312,18000.0,0.0,0.0,0.0,4,18005.0,18020.0,5,18050.0,18020.0,18030.0,17960.0,312.0,28071225.0,7496
2023-05-10 21:14:29,al2312,al2312,18000.0,0.0,0.0,0.0,4,18005.0,18020.0,5,18050.0,18020.0,18030.0,17960.0,312.0,28071225.0,7496
2023-05-10 21:14:31,al2312,al2312,18000.0,0.0,0.0,0.0,4,18005.0,18020.0,5,18050.0,18020.0,18030.0,17960.0,312.0,28071225.0,7496
2023-05-10 21:14:33,al2312,al2312,18000.0,0.0,0.0,0.0,5,18005.0,18020.0,5,18050.0,18020.0,18030.0,17960.0,312.0,28071225.0,7496
2023-05-10 21:14:34,al2312,al2312,18000.0,0.0,0.0,0.0,1,18010.0,18020.0,5,18050.0,18020.0,18030.0,17960.0,312.0,28071225.0,7496
2023-05-10 21:14:34,al2312,al2312,18005.0,1.0,90025.0,0.0,1,18005.0,18020.0,5,18050.0,18020.0,18030.0,17960.0,313.0,28161250.0,7496
2023-05-10 21:14:35,al2312,al2312,18005.0,1.0,90025.0,1.0,7,18000.0,18020.0,5,18050.0,18020.0,18030.0,17960.0,314.0,28251275.0,7497
2023-05-10 21:14:35,al2312,al2312,18005.0,0.0,0.0,0.0,23,18000.0,18020.0,5,18050.0,18020.0,18030.0,17960.0,314.0,28251275.0,7497
2023-05-10 21:14:36,al2312,al2312,18005.0,0.0,0.0,0.0,18,18000.0,18020.0,5,18050.0,18020.0,18030.0,17960.0,314.0,28251275.0,7497
2023-05-10 21:14:36,al2312,al2312,18005.0,0.0,0.0,0.0,1,18005.0,18020.0,5,18050.0,18020.0,18030.0,17960.0,314.0,28251275.0,7497
2023-05-10 21:14:37,al2312,al2312,18005.0,0.0,0.0,0.0,1,18005.0,18020.0,5,18050.0,18020.0,18030.0,17960.0,314.0,28251275.0,7497
2023-05-10 21:14:38,al2312,al2312,18005.0,0.0,0.0,0.0,1,18010.0,18020.0,5,18050.0,18020.0,18030.0,17960.0,314.0,28251275.0,7497
2023-05-10 21:14:39,al2312,al2312,18005.0,1.0,90025.0,0.0,6,18005.0,18020.0,5,18050.0,18020.0,18030.0,17960.0,315.0,28341300.0,7497
2023-05-10 21:14:39,al2312,al2312,18005.0,1.0,90025.0,0.0,6,18005.0,18020.0,5,18050.0,18020.0,18030.0,17960.0,316.0,28431325.0,7497
2023-05-10 21:14:40,al2312,al2312,18005.0,0.0,0.0,0.0,5,18005.0,18020.0,5,18050.0,18020.0,18030.0,17960.0,316.0,28431325.0,7497
2023-05-10 21:14:40,al2312,al2312,18005.0,0.0,0.0,0.0,1,18010.0,18020.0,5,18050.0,18020.0,18030.0,17960.0,316.0,28431325.0,7497
2023-05-10 21:14:41,al2312,al2312,18005.0,1.0,90025.0,1.0,5,18005.0,18020.0,5,18050.0,18020.0,18030.0,17960.0,317.0,28521350.0,7498
2023-05-10 21:14:42,al2312,al2312,18005.0,1.0,90025.0,0.0,4,18005.0,18020.0,5,18050.0,18020.0,18030.0,17960.0,318.0,28611375.0,7498
2023-05-10 21:14:43,al2312,al2312,18005.0,1.0,90025.0,0.0,3,18005.0,18020.0,5,18050.0,18020.0,18030.0,17960.0,319.0,28701400.0,7498
2023-05-10 21:14:44,al2312,al2312,18005.0,1.0,90025.0,0.0,6,18005.0,18020.0,5,18050.0,18020.0,18030.0,17960.0,320.0,28791425.0,7498
2023-05-10 21:14:44,al2312,al2312,18005.0,1.0,90025.0,0.0,1,18000.0,18020.0,5,18050.0,18020.0,18030.0,17960.0,321.0,28881450.0,7498
2023-05-10 21:14:45,al2312,al2312,18000.0,1.0,90000.0,1.0,7,18000.0,18020.0,5,18050.0,18020.0,18030.0,17960.0,322.0,28971450.0,7499
2023-05-10 21:14:47,al2312,al2312,18000.0,0.0,0.0,0.0,7,18000.0,18020.0,5,18050.0,18020.0,18030.0,17960.0,322.0,28971450.0,7499
2023-05-10 21:14:48,al2312,al2312,18000.0,0.0,0.0,0.0,7,18000.0,18020.0,5,18050.0,18020.0,18030.0,17960.0,322.0,28971450.0,7499
2023-05-10 21:14:49,al2312,al2312,18000.0,0.0,0.0,0.0,7,18000.0,18030.0,10,18050.0,18020.0,18030.0,17960.0,322.0,28971450.0,7499
2023-05-10 21:14:49,al2312,al2312,18000.0,0.0,0.0,0.0,1,17995.0,18025.0,4,18050.0,18020.0,18030.0,17960.0,322.0,28971450.0,7499
2023-05-10 21:14:50,al2312,al2312,18000.0,0.0,0.0,0.0,7,18000.0,18025.0,3,18050.0,18020.0,18030.0,17960.0,322.0,28971450.0,7499
2023-05-10 21:14:50,al2312,al2312,18000.0,0.0,0.0,0.0,7,18000.0,18025.0,4,18050.0,18020.0,18030.0,17960.0,322.0,28971450.0,7499
2023-05-10 21:14:52,al2312,al2312,18000.0,0.0,0.0,0.0,12,18000.0,18020.0,5,18050.0,18020.0,18030.0,17960.0,322.0,28971450.0,7499
2023-05-10 21:14:52,al2312,al2312,18000.0,0.0,0.0,0.0,12,18000.0,18020.0,5,18050.0,18020.0,18030.0,17960.0,322.0,28971450.0,7499
2023-05-10 21:14:54,al2312,al2312,18000.0,0.0,0.0,0.0,12,18000.0,18015.0,5,18050.0,18020.0,18030.0,17960.0,322.0,28971450.0,7499
2023-05-10 21:14:58,al2312,al2312,18000.0,0.0,0.0,0.0,12,18000.0,18010.0,1,18050.0,18020.0,18030.0,17960.0,322.0,28971450.0,7499
2023-05-10 21:14:59,al2312,al2312,18000.0,0.0,0.0,0.0,4,18005.0,18010.0,1,18050.0,18020.0,18030.0,17960.0,322.0,28971450.0,7499
2023-05-10 21:15:00,al2312,al2312,18000.0,1.0,90000.0,0.0,4,18000.0,18010.0,1,18050.0,18020.0,18030.0,17960.0,323.0,29061450.0,7499
2023-05-10 21:15:00,al2312,al2312,18000.0,1.0,90000.0,0.0,13,18000.0,18010.0,1,18050.0,18020.0,18030.0,17960.0,324.0,29151450.0,7499
2023-05-10 21:15:01,al2312,al2312,18010.0,1.0,90050.0,0.0,13,18000.0,18015.0,5,18050.0,18020.0,18030.0,17960.0,325.0,29241500.0,7499
2023-05-10 21:15:02,al2312,al2312,18010.0,0.0,0.0,0.0,3,18005.0,18015.0,5,18050.0,18020.0,18030.0,17960.0,325.0,29241500.0,7499
2023-05-10 21:15:03,al2312,al2312,18000.0,1.0,90000.0,0.0,2,18000.0,18015.0,5,18050.0,18020.0,18030.0,17960.0,326.0,29331500.0,7499
2023-05-10 21:15:03,al2312,al2312,18000.0,1.0,90000.0,0.0,11,18000.0,18015.0,5,18050.0,18020.0,18030.0,17960.0,327.0,29421500.0,7499
2023-05-10 21:15:04,al2312,al2312,18000.0,0.0,0.0,0.0,10,18000.0,18015.0,5,18050.0,18020.0,18030.0,17960.0,327.0,29421500.0,7499
2023-05-10 21:15:05,al2312,al2312,18000.0,0.0,0.0,0.0,3,18005.0,18015.0,5,18050.0,18020.0,18030.0,17960.0,327.0,29421500.0,7499
2023-05-10 21:15:08,al2312,al2312,18000.0,0.0,0.0,0.0,3,18005.0,18030.0,10,18050.0,18020.0,18030.0,17960.0,327.0,29421500.0,7499
2023-05-10 21:15:08,al2312,al2312,18000.0,0.0,0.0,0.0,3,18005.0,18025.0,2,18050.0,18020.0,18030.0,17960.0,327.0,29421500.0,7499
