time,symbol_id,symbol_name,last,trade_volume,trade_amount,open_interest_change,bv1,bp1,ap1,av1,yesterday_close,today_open,today_high,today_low,volume,amount,open_interest
2023-05-10 20:59:00,al2309,al2309,18170.0,0.0,0.0,0.0,1,18085.0,18100.0,1,18170.0,18100.0,0.0,0.0,0.0,0.0,32202
2023-05-10 21:00:00,al2309,al2309,18085.0,5.0,452275.0,3.0,3,18080.0,18085.0,1,18170.0,18100.0,18100.0,18085.0,5.0,452275.0,32205
2023-05-10 21:00:01,al2309,al2309,18100.0,4.0,361925.0,1.0,5,18100.0,18130.0,1,18170.0,18100.0,18100.0,18085.0,9.0,814200.0,32206
2023-05-10 21:00:01,al2309,al2309,18110.0,2.0,181100.0,-1.0,4,18105.0,18110.0,12,18170.0,18100.0,18110.0,18085.0,11.0,995300.0,32205
2023-05-10 21:00:02,al2309,al2309,18110.0,1.0,90550.0,0.0,7,18105.0,18110.0,11,18170.0,18100.0,18110.0,18085.0,12.0,1085850.0,32205
2023-05-10 21:00:02,al2309,al2309,18110.0,8.0,724400.0,0.0,4,18110.0,18125.0,5,18170.0,18100.0,18110.0,18085.0,20.0,1810250.0,32205
2023-05-10 21:00:03,al2309,al2309,18110.0,0.0,0.0,0.0,1,18115.0,18120.0,2,18170.0,18100.0,18110.0,18085.0,20.0,1810250.0,32205
2023-05-10 21:00:03,al2309,al2309,18110.0,0.0,0.0,0.0,2,18120.0,18125.0,9,18170.0,18100.0,18110.0,18085.0,20.0,1810250.0,32205
2023-05-10 21:00:04,al2309,al2309,18120.0,2.0,181200.0,0.0,1,18115.0,18125.0,9,18170.0,18100.0,18120.0,18085.0,22.0,1991450.0,32205
2023-05-10 21:00:04,al2309,al2309,18125.0,2.0,181250.0,0.0,4,18125.0,18130.0,6,18170.0,18100.0,18125.0,18085.0,24.0,2172700.0,32205
2023-05-10 21:00:05,al2309,al2309,18125.0,0.0,0.0,0.0,4,18125.0,18140.0,1,18170.0,18100.0,18125.0,18085.0,24.0,2172700.0,32205
2023-05-10 21:00:05,al2309,al2309,18125.0,0.0,0.0,0.0,6,18125.0,18130.0,12,18170.0,18100.0,18125.0,18085.0,24.0,2172700.0,32205
2023-05-10 21:00:06,al2309,al2309,18125.0,0.0,0.0,0.0,6,18125.0,18140.0,8,18170.0,18100.0,18125.0,18085.0,24.0,2172700.0,32205
2023-05-10 21:00:06,al2309,al2309,18125.0,0.0,0.0,0.0,8,18125.0,18135.0,1,18170.0,18100.0,18125.0,18085.0,24.0,2172700.0,32205
2023-05-10 21:00:07,al2309,al2309,18125.0,0.0,0.0,0.0,15,18125.0,18135.0,12,18170.0,18100.0,18125.0,18085.0,24.0,2172700.0,32205
2023-05-10 21:00:07,al2309,al2309,18125.0,0.0,0.0,0.0,4,18130.0,18140.0,2,18170.0,18100.0,18125.0,18085.0,24.0,2172700.0,32205
2023-05-10 21:00:08,al2309,al2309,18125.0,0.0,0.0,0.0,6,18130.0,18140.0,4,18170.0,18100.0,18125.0,18085.0,24.0,2172700.0,32205
2023-05-10 21:00:08,al2309,al2309,18125.0,0.0,0.0,0.0,5,18130.0,18135.0,1,18170.0,18100.0,18125.0,18085.0,24.0,2172700.0,32205
2023-05-10 21:00:09,al2309,al2309,18125.0,0.0,0.0,0.0,6,18130.0,18140.0,15,18170.0,18100.0,18125.0,18085.0,24.0,2172700.0,32205
2023-05-10 21:00:09,al2309,al2309,18140.0,3.0,272100.0,-1.0,82,18140.0,18160.0,1,18170.0,18100.0,18140.0,18085.0,27.0,2444800.0,32204
2023-05-10 21:00:10,al2309,al2309,18140.0,0.0,0.0,0.0,82,18140.0,18145.0,12,18170.0,18100.0,18140.0,18085.0,27.0,2444800.0,32204
2023-05-10 21:00:10,al2309,al2309,18140.0,40.0,3628000.0,-11.0,42,18140.0,18145.0,16,18170.0,18100.0,18140.0,18085.0,67.0,6072800.0,32193
2023-05-10 21:00:11,al2309,al2309,18140.0,42.0,3809400.0,-19.0,4,18135.0,18140.0,1,18170.0,18100.0,18140.0,18085.0,109.0,9882200.0,32174
2023-05-10 21:00:11,al2309,al2309,18135.0,5.0,453375.0,-2.0,1,18125.0,18135.0,1,18170.0,18100.0,18140.0,18085.0,114.0,10335575.0,32172
2023-05-10 21:00:12,al2309,al2309,18125.0,1.0,90625.0,0.0,9,18125.0,18135.0,1,18170.0,18100.0,18140.0,18085.0,115.0,10426200.0,32172
2023-05-10 21:00:12,al2309,al2309,18125.0,0.0,0.0,0.0,3,18130.0,18135.0,1,18170.0,18100.0,18140.0,18085.0,115.0,10426200.0,32172
2023-05-10 21:00:13,al2309,al2309,18125.0,0.0,0.0,0.0,4,18125.0,18135.0,14,18170.0,18100.0,18140.0,18085.0,115.0,10426200.0,32172
2023-05-10 21:00:13,al2309,al2309,18130.0,2.0,181325.0,1.0,7,18130.0,18145.0,4,18170.0,18100.0,18140.0,18085.0,117.0,10607525.0,32173
2023-05-10 21:00:14,al2309,al2309,18130.0,0.0,0.0,0.0,7,18130.0,18140.0,13,18170.0,18100.0,18140.0,18085.0,117.0,10607525.0,32173
2023-05-10 21:00:14,al2309,al2309,18130.0,0.0,0.0,0.0,8,18130.0,18140.0,14,18170.0,18100.0,18140.0,18085.0,117.0,10607525.0,32173
2023-05-10 21:00:15,al2309,al2309,18130.0,0.0,0.0,0.0,9,18130.0,18140.0,14,18170.0,18100.0,18140.0,18085.0,117.0,10607525.0,32173
2023-05-10 21:00:15,al2309,al2309,18130.0,0.0,0.0,0.0,9,18130.0,18140.0,13,18170.0,18100.0,18140.0,18085.0,117.0,10607525.0,32173
2023-05-10 21:00:16,al2309,al2309,18140.0,10.0,907000.0,-10.0,9,18130.0,18140.0,12,18170.0,18100.0,18140.0,18085.0,127.0,11514525.0,32163
2023-05-10 21:00:17,al2309,al2309,18140.0,0.0,0.0,0.0,2,18130.0,18140.0,14,18170.0,18100.0,18140.0,18085.0,127.0,11514525.0,32163
2023-05-10 21:00:17,al2309,al2309,18140.0,0.0,0.0,0.0,5,18125.0,18135.0,1,18170.0,18100.0,18140.0,18085.0,127.0,11514525.0,32163
2023-05-10 21:00:18,al2309,al2309,18140.0,0.0,0.0,0.0,6,18125.0,18135.0,14,18170.0,18100.0,18140.0,18085.0,127.0,11514525.0,32163
2023-05-10 21:00:18,al2309,al2309,18140.0,0.0,0.0,0.0,1,18125.0,18130.0,2,18170.0,18100.0,18140.0,18085.0,127.0,11514525.0,32163
2023-05-10 21:00:19,al2309,al2309,18140.0,0.0,0.0,0.0,1,18125.0,18130.0,2,18170.0,18100.0,18140.0,18085.0,127.0,11514525.0,32163
2023-05-10 21:00:19,al2309,al2309,18140.0,0.0,0.0,0.0,1,18125.0,18130.0,14,18170.0,18100.0,18140.0,18085.0,127.0,11514525.0,32163
2023-05-10 21:00:20,al2309,al2309,18140.0,0.0,0.0,0.0,1,18125.0,18130.0,14,18170.0,18100.0,18140.0,18085.0,127.0,11514525.0,32163
2023-05-10 21:00:20,al2309,al2309,18140.0,0.0,0.0,0.0,1,18125.0,18130.0,2,18170.0,18100.0,18140.0,18085.0,127.0,11514525.0,32163
2023-05-10 21:00:21,al2309,al2309,18125.0,1.0,90625.0,0.0,2,18115.0,18125.0,6,18170.0,18100.0,18140.0,18085.0,128.0,11605150.0,32163
2023-05-10 21:00:21,al2309,al2309,18130.0,13.0,1178300.0,-2.0,2,18125.0,18130.0,6,18170.0,18100.0,18140.0,18085.0,141.0,12783450.0,32161
2023-05-10 21:00:22,al2309,al2309,18130.0,6.0,543900.0,-6.0,2,18130.0,18140.0,3,18170.0,18100.0,18140.0,18085.0,147.0,13327350.0,32155
2023-05-10 21:00:22,al2309,al2309,18130.0,0.0,0.0,0.0,4,18130.0,18140.0,1,18170.0,18100.0,18140.0,18085.0,147.0,13327350.0,32155
2023-05-10 21:00:23,al2309,al2309,18130.0,0.0,0.0,0.0,10,18130.0,18140.0,9,18170.0,18100.0,18140.0,18085.0,147.0,13327350.0,32155
2023-05-10 21:00:23,al2309,al2309,18130.0,0.0,0.0,0.0,10,18130.0,18140.0,10,18170.0,18100.0,18140.0,18085.0,147.0,13327350.0,32155
2023-05-10 21:00:24,al2309,al2309,18130.0,0.0,0.0,0.0,8,18130.0,18140.0,12,18170.0,18100.0,18140.0,18085.0,147.0,13327350.0,32155
2023-05-10 21:00:24,al2309,al2309,18130.0,0.0,0.0,0.0,2,18130.0,18140.0,4,18170.0,18100.0,18140.0,18085.0,147.0,13327350.0,32155
2023-05-10 21:00:25,al2309,al2309,18130.0,0.0,0.0,0.0,9,18130.0,18140.0,1,18170.0,18100.0,18140.0,18085.0,147.0,13327350.0,32155
2023-05-10 21:00:25,al2309,al2309,18130.0,0.0,0.0,0.0,1,18135.0,18140.0,1,18170.0,18100.0,18140.0,18085.0,147.0,13327350.0,32155
2023-05-10 21:00:26,al2309,al2309,18130.0,0.0,0.0,0.0,4,18135.0,18140.0,1,18170.0,18100.0,18140.0,18085.0,147.0,13327350.0,32155
2023-05-10 21:00:26,al2309,al2309,18130.0,0.0,0.0,0.0,1,18135.0,18140.0,1,18170.0,18100.0,18140.0,18085.0,147.0,13327350.0,32155
2023-05-10 21:00:27,al2309,al2309,18140.0,1.0,90700.0,-1.0,1,18135.0,18150.0,1,18170.0,18100.0,18140.0,18085.0,148.0,13418050.0,32154
2023-05-10 21:00:27,al2309,al2309,18140.0,0.0,0.0,0.0,8,18135.0,18150.0,16,18170.0,18100.0,18140.0,18085.0,148.0,13418050.0,32154
2023-05-10 21:00:28,al2309,al2309,18140.0,0.0,0.0,0.0,6,18135.0,18145.0,8,18170.0,18100.0,18140.0,18085.0,148.0,13418050.0,32154
2023-05-10 21:00:28,al2309,al2309,18140.0,0.0,0.0,0.0,1,18135.0,18145.0,7,18170.0,18100.0,18140.0,18085.0,148.0,13418050.0,32154
2023-05-10 21:00:29,al2309,al2309,18140.0,0.0,0.0,0.0,1,18135.0,18145.0,19,18170.0,18100.0,18140.0,18085.0,148.0,13418050.0,32154
2023-05-10 21:00:29,al2309,al2309,18140.0,0.0,0.0,0.0,3,18135.0,18145.0,4,18170.0,18100.0,18140.0,18085.0,148.0,13418050.0,32154
2023-05-10 21:00:30,al2309,al2309,18140.0,0.0,0.0,0.0,8,18135.0,18145.0,3,18170.0,18100.0,18140.0,18085.0,148.0,13418050.0,32154
2023-05-10 21:00:31,al2309,al2309,18140.0,0.0,0.0,0.0,1,18140.0,18145.0,3,18170.0,18100.0,18140.0,18085.0,148.0,13418050.0,32154
2023-05-10 21:00:31,al2309,al2309,18140.0,0.0,0.0,0.0,1,18140.0,18150.0,12,18170.0,18100.0,18140.0,18085.0,148.0,13418050.0,32154
2023-05-10 21:00:32,al2309,al2309,18140.0,0.0,0.0,0.0,1,18140.0,18150.0,29,18170.0,18100.0,18140.0,18085.0,148.0,13418050.0,32154
2023-05-10 21:00:32,al2309,al2309,18140.0,0.0,0.0,0.0,1,18140.0,18150.0,17,18170.0,18100.0,18140.0,18085.0,148.0,13418050.0,32154
2023-05-10 21:00:33,al2309,al2309,18140.0,0.0,0.0,0.0,3,18140.0,18150.0,13,18170.0,18100.0,18140.0,18085.0,148.0,13418050.0,32154
2023-05-10 21:00:34,al2309,al2309,18140.0,1.0,90700.0,0.0,6,18140.0,18150.0,1,18170.0,18100.0,18140.0,18085.0,149.0,13508750.0,32154
2023-05-10 21:00:34,al2309,al2309,18140.0,0.0,0.0,0.0,1,18140.0,18150.0,21,18170.0,18100.0,18140.0,18085.0,149.0,13508750.0,32154
2023-05-10 21:00:35,al2309,al2309,18140.0,0.0,0.0,0.0,1,18140.0,18145.0,2,18170.0,18100.0,18140.0,18085.0,149.0,13508750.0,32154
2023-05-10 21:00:35,al2309,al2309,18140.0,0.0,0.0,0.0,3,18135.0,18145.0,2,18170.0,18100.0,18140.0,18085.0,149.0,13508750.0,32154
2023-05-10 21:00:36,al2309,al2309,18140.0,0.0,0.0,0.0,7,18140.0,18150.0,13,18170.0,18100.0,18140.0,18085.0,149.0,13508750.0,32154
2023-05-10 21:00:36,al2309,al2309,18140.0,0.0,0.0,0.0,12,18140.0,18150.0,2,18170.0,18100.0,18140.0,18085.0,149.0,13508750.0,32154
2023-05-10 21:00:37,al2309,al2309,18140.0,0.0,0.0,0.0,6,18145.0,18150.0,5,18170.0,18100.0,18140.0,18085.0,149.0,13508750.0,32154
2023-05-10 21:00:37,al2309,al2309,18145.0,4.0,362900.0,0.0,9,18140.0,18150.0,16,18170.0,18100.0,18145.0,18085.0,153.0,13871650.0,32154
2023-05-10 21:00:38,al2309,al2309,18145.0,0.0,0.0,0.0,7,18140.0,18145.0,2,18170.0,18100.0,18145.0,18085.0,153.0,13871650.0,32154
2023-05-10 21:00:38,al2309,al2309,18145.0,0.0,0.0,0.0,7,18140.0,18145.0,2,18170.0,18100.0,18145.0,18085.0,153.0,13871650.0,32154
2023-05-10 21:00:39,al2309,al2309,18145.0,0.0,0.0,0.0,2,18140.0,18145.0,2,18170.0,18100.0,18145.0,18085.0,153.0,13871650.0,32154
2023-05-10 21:00:39,al2309,al2309,18145.0,1.0,90725.0,1.0,2,18140.0,18145.0,1,18170.0,18100.0,18145.0,18085.0,154.0,13962375.0,32155
2023-05-10 21:00:40,al2309,al2309,18140.0,2.0,181400.0,2.0,3,18135.0,18145.0,3,18170.0,18100.0,18145.0,18085.0,156.0,14143775.0,32157
2023-05-10 21:00:40,al2309,al2309,18140.0,0.0,0.0,0.0,6,18135.0,18145.0,7,18170.0,18100.0,18145.0,18085.0,156.0,14143775.0,32157
2023-05-10 21:00:41,al2309,al2309,18140.0,0.0,0.0,0.0,1,18135.0,18145.0,23,18170.0,18100.0,18145.0,18085.0,156.0,14143775.0,32157
2023-05-10 21:00:41,al2309,al2309,18140.0,0.0,0.0,0.0,1,18135.0,18145.0,11,18170.0,18100.0,18145.0,18085.0,156.0,14143775.0,32157
2023-05-10 21:00:42,al2309,al2309,18135.0,1.0,90675.0,-1.0,2,18130.0,18145.0,20,18170.0,18100.0,18145.0,18085.0,157.0,14234450.0,32156
2023-05-10 21:00:42,al2309,al2309,18135.0,0.0,0.0,0.0,2,18130.0,18140.0,8,18170.0,18100.0,18145.0,18085.0,157.0,14234450.0,32156
2023-05-10 21:00:43,al2309,al2309,18135.0,0.0,0.0,0.0,7,18130.0,18140.0,18,18170.0,18100.0,18145.0,18085.0,157.0,14234450.0,32156
2023-05-10 21:00:43,al2309,al2309,18135.0,0.0,0.0,0.0,2,18130.0,18140.0,19,18170.0,18100.0,18145.0,18085.0,157.0,14234450.0,32156
2023-05-10 21:00:44,al2309,al2309,18135.0,0.0,0.0,0.0,2,18130.0,18140.0,6,18170.0,18100.0,18145.0,18085.0,157.0,14234450.0,32156
2023-05-10 21:00:44,al2309,al2309,18135.0,0.0,0.0,0.0,9,18130.0,18140.0,15,18170.0,18100.0,18145.0,18085.0,157.0,14234450.0,32156
2023-05-10 21:00:45,al2309,al2309,18135.0,0.0,0.0,0.0,6,18135.0,18140.0,3,18170.0,18100.0,18145.0,18085.0,157.0,14234450.0,32156
2023-05-10 21:00:45,al2309,al2309,18135.0,6.0,544050.0,0.0,2,18130.0,18140.0,19,18170.0,18100.0,18145.0,18085.0,163.0,14778500.0,32156
2023-05-10 21:00:47,al2309,al2309,18135.0,0.0,0.0,0.0,2,18130.0,18140.0,7,18170.0,18100.0,18145.0,18085.0,163.0,14778500.0,32156
2023-05-10 21:00:47,al2309,al2309,18135.0,0.0,0.0,0.0,2,18130.0,18140.0,19,18170.0,18100.0,18145.0,18085.0,163.0,14778500.0,32156
2023-05-10 21:00:48,al2309,al2309,18135.0,0.0,0.0,0.0,2,18130.0,18140.0,20,18170.0,18100.0,18145.0,18085.0,163.0,14778500.0,32156
2023-05-10 21:00:48,al2309,al2309,18135.0,0.0,0.0,0.0,2,18125.0,18140.0,20,18170.0,18100.0,18145.0,18085.0,163.0,14778500.0,32156
2023-05-10 21:00:49,al2309,al2309,18135.0,0.0,0.0,0.0,8,18125.0,18140.0,20,18170.0,18100.0,18145.0,18085.0,163.0,14778500.0,32156
2023-05-10 21:00:50,al2309,al2309,18135.0,0.0,0.0,0.0,6,18130.0,18140.0,21,18170.0,18100.0,18145.0,18085.0,163.0,14778500.0,32156
2023-05-10 21:00:50,al2309,al2309,18135.0,0.0,0.0,0.0,8,18125.0,18135.0,3,18170.0,18100.0,18145.0,18085.0,163.0,14778500.0,32156
2023-05-10 21:00:51,al2309,al2309,18135.0,0.0,0.0,0.0,2,18125.0,18135.0,19,18170.0,18100.0,18145.0,18085.0,163.0,14778500.0,32156
2023-05-10 21:00:51,al2309,al2309,18135.0,0.0,0.0,0.0,2,18125.0,18135.0,23,18170.0,18100.0,18145.0,18085.0,163.0,14778500.0,32156
2023-05-10 21:00:52,al2309,al2309,18135.0,0.0,0.0,0.0,5,18120.0,18135.0,19,18170.0,18100.0,18145.0,18085.0,163.0,14778500.0,32156
2023-05-10 21:00:52,al2309,al2309,18135.0,0.0,0.0,0.0,4,18125.0,18135.0,6,18170.0,18100.0,18145.0,18085.0,163.0,14778500.0,32156
2023-05-10 21:00:53,al2309,al2309,18135.0,0.0,0.0,0.0,8,18125.0,18135.0,3,18170.0,18100.0,18145.0,18085.0,163.0,14778500.0,32156
2023-05-10 21:00:53,al2309,al2309,18135.0,0.0,0.0,0.0,10,18125.0,18135.0,3,18170.0,18100.0,18145.0,18085.0,163.0,14778500.0,32156
2023-05-10 21:00:54,al2309,al2309,18135.0,0.0,0.0,0.0,10,18125.0,18140.0,9,18170.0,18100.0,18145.0,18085.0,163.0,14778500.0,32156
2023-05-10 21:00:54,al2309,al2309,18135.0,0.0,0.0,0.0,10,18125.0,18140.0,26,18170.0,18100.0,18145.0,18085.0,163.0,14778500.0,32156
2023-05-10 21:00:55,al2309,al2309,18135.0,0.0,0.0,0.0,1,18130.0,18140.0,26,18170.0,18100.0,18145.0,18085.0,163.0,14778500.0,32156
2023-05-10 21:00:55,al2309,al2309,18135.0,0.0,0.0,0.0,4,18130.0,18140.0,6,18170.0,18100.0,18145.0,18085.0,163.0,14778500.0,32156
2023-05-10 21:00:56,al2309,al2309,18135.0,0.0,0.0,0.0,6,18130.0,18140.0,18,18170.0,18100.0,18145.0,18085.0,163.0,14778500.0,32156
2023-05-10 21:00:56,al2309,al2309,18135.0,0.0,0.0,0.0,7,18130.0,18140.0,6,18170.0,18100.0,18145.0,18085.0,163.0,14778500.0,32156
2023-05-10 21:00:57,al2309,al2309,18135.0,0.0,0.0,0.0,7,18130.0,18140.0,18,18170.0,18100.0,18145.0,18085.0,163.0,14778500.0,32156
2023-05-10 21:00:57,al2309,al2309,18135.0,0.0,0.0,0.0,7,18130.0,18140.0,6,18170.0,18100.0,18145.0,18085.0,163.0,14778500.0,32156
2023-05-10 21:00:58,al2309,al2309,18135.0,0.0,0.0,0.0,6,18130.0,18140.0,21,18170.0,18100.0,18145.0,18085.0,163.0,14778500.0,32156
2023-05-10 21:00:59,al2309,al2309,18135.0,0.0,0.0,0.0,1,18130.0,18140.0,25,18170.0,18100.0,18145.0,18085.0,163.0,14778500.0,32156
2023-05-10 21:00:59,al2309,al2309,18135.0,0.0,0.0,0.0,1,18130.0,18135.0,3,18170.0,18100.0,18145.0,18085.0,163.0,14778500.0,32156
2023-05-10 21:01:00,al2309,al2309,18135.0,0.0,0.0,0.0,1,18130.0,18135.0,3,18170.0,18100.0,18145.0,18085.0,163.0,14778500.0,32156
2023-05-10 21:01:00,al2309,al2309,18135.0,3.0,272025.0,0.0,1,18130.0,18140.0,8,18170.0,18100.0,18145.0,18085.0,166.0,15050525.0,32156
2023-05-10 21:01:01,al2309,al2309,18135.0,0.0,0.0,0.0,7,18130.0,18140.0,5,18170.0,18100.0,18145.0,18085.0,166.0,15050525.0,32156
2023-05-10 21:01:01,al2309,al2309,18135.0,0.0,0.0,0.0,7,18130.0,18140.0,19,18170.0,18100.0,18145.0,18085.0,166.0,15050525.0,32156
2023-05-10 21:01:02,al2309,al2309,18135.0,0.0,0.0,0.0,4,18125.0,18135.0,3,18170.0,18100.0,18145.0,18085.0,166.0,15050525.0,32156
2023-05-10 21:01:02,al2309,al2309,18135.0,0.0,0.0,0.0,10,18125.0,18135.0,3,18170.0,18100.0,18145.0,18085.0,166.0,15050525.0,32156
2023-05-10 21:01:03,al2309,al2309,18135.0,0.0,0.0,0.0,10,18125.0,18135.0,18,18170.0,18100.0,18145.0,18085.0,166.0,15050525.0,32156
2023-05-10 21:01:03,al2309,al2309,18135.0,0.0,0.0,0.0,4,18125.0,18135.0,22,18170.0,18100.0,18145.0,18085.0,166.0,15050525.0,32156
2023-05-10 21:01:04,al2309,al2309,18135.0,0.0,0.0,0.0,1,18125.0,18135.0,22,18170.0,18100.0,18145.0,18085.0,166.0,15050525.0,32156
2023-05-10 21:01:05,al2309,al2309,18135.0,0.0,0.0,0.0,4,18125.0,18135.0,23,18170.0,18100.0,18145.0,18085.0,166.0,15050525.0,32156
2023-05-10 21:01:05,al2309,al2309,18135.0,0.0,0.0,0.0,10,18125.0,18135.0,19,18170.0,18100.0,18145.0,18085.0,166.0,15050525.0,32156
2023-05-10 21:01:06,al2309,al2309,18135.0,0.0,0.0,0.0,13,18125.0,18135.0,9,18170.0,18100.0,18145.0,18085.0,166.0,15050525.0,32156
2023-05-10 21:01:06,al2309,al2309,18135.0,0.0,0.0,0.0,9,18125.0,18135.0,23,18170.0,18100.0,18145.0,18085.0,166.0,15050525.0,32156
2023-05-10 21:01:07,al2309,al2309,18135.0,0.0,0.0,0.0,4,18125.0,18135.0,23,18170.0,18100.0,18145.0,18085.0,166.0,15050525.0,32156
2023-05-10 21:01:07,al2309,al2309,18135.0,0.0,0.0,0.0,11,18125.0,18135.0,14,18170.0,18100.0,18145.0,18085.0,166.0,15050525.0,32156
2023-05-10 21:01:08,al2309,al2309,18135.0,0.0,0.0,0.0,1,18130.0,18135.0,1,18170.0,18100.0,18145.0,18085.0,166.0,15050525.0,32156
2023-05-10 21:01:08,al2309,al2309,18135.0,0.0,0.0,0.0,16,18125.0,18135.0,1,18170.0,18100.0,18145.0,18085.0,166.0,15050525.0,32156
2023-05-10 21:01:09,al2309,al2309,18135.0,0.0,0.0,0.0,1,18130.0,18135.0,1,18170.0,18100.0,18145.0,18085.0,166.0,15050525.0,32156
2023-05-10 21:01:09,al2309,al2309,18135.0,0.0,0.0,0.0,16,18125.0,18135.0,1,18170.0,18100.0,18145.0,18085.0,166.0,15050525.0,32156
2023-05-10 21:01:10,al2309,al2309,18135.0,0.0,0.0,0.0,4,18125.0,18130.0,5,18170.0,18100.0,18145.0,18085.0,166.0,15050525.0,32156
2023-05-10 21:01:11,al2309,al2309,18135.0,0.0,0.0,0.0,4,18125.0,18130.0,5,18170.0,18100.0,18145.0,18085.0,166.0,15050525.0,32156
2023-05-10 21:01:11,al2309,al2309,18135.0,0.0,0.0,0.0,5,18120.0,18130.0,9,18170.0,18100.0,18145.0,18085.0,166.0,15050525.0,32156
2023-05-10 21:01:12,al2309,al2309,18135.0,0.0,0.0,0.0,10,18120.0,18130.0,6,18170.0,18100.0,18145.0,18085.0,166.0,15050525.0,32156
2023-05-10 21:01:12,al2309,al2309,18135.0,0.0,0.0,0.0,5,18120.0,18130.0,5,18170.0,18100.0,18145.0,18085.0,166.0,15050525.0,32156
2023-05-10 21:01:13,al2309,al2309,18135.0,0.0,0.0,0.0,11,18120.0,18130.0,5,18170.0,18100.0,18145.0,18085.0,166.0,15050525.0,32156
2023-05-10 21:01:13,al2309,al2309,18135.0,0.0,0.0,0.0,11,18120.0,18130.0,9,18170.0,18100.0,18145.0,18085.0,166.0,15050525.0,32156
2023-05-10 21:01:14,al2309,al2309,18135.0,0.0,0.0,0.0,5,18120.0,18130.0,10,18170.0,18100.0,18145.0,18085.0,166.0,15050525.0,32156
2023-05-10 21:01:14,al2309,al2309,18135.0,0.0,0.0,0.0,5,18120.0,18130.0,9,18170.0,18100.0,18145.0,18085.0,166.0,15050525.0,32156
2023-05-10 21:01:15,al2309,al2309,18135.0,0.0,0.0,0.0,8,18120.0,18130.0,5,18170.0,18100.0,18145.0,18085.0,166.0,15050525.0,32156
2023-05-10 21:01:16,al2309,al2309,18135.0,0.0,0.0,0.0,5,18120.0,18130.0,25,18170.0,18100.0,18145.0,18085.0,166.0,15050525.0,32156
2023-05-10 21:01:16,al2309,al2309,18135.0,0.0,0.0,0.0,5,18120.0,18130.0,22,18170.0,18100.0,18145.0,18085.0,166.0,15050525.0,32156
2023-05-10 21:01:17,al2309,al2309,18135.0,0.0,0.0,0.0,10,18120.0,18130.0,19,18170.0,18100.0,18145.0,18085.0,166.0,15050525.0,32156
2023-05-10 21:01:17,al2309,al2309,18135.0,0.0,0.0,0.0,10,18120.0,18130.0,22,18170.0,18100.0,18145.0,18085.0,166.0,15050525.0,32156
2023-05-10 21:01:18,al2309,al2309,18135.0,0.0,0.0,0.0,5,18120.0,18130.0,27,18170.0,18100.0,18145.0,18085.0,166.0,15050525.0,32156
2023-05-10 21:01:18,al2309,al2309,18135.0,0.0,0.0,0.0,5,18120.0,18130.0,26,18170.0,18100.0,18145.0,18085.0,166.0,15050525.0,32156
2023-05-10 21:01:19,al2309,al2309,18135.0,0.0,0.0,0.0,5,18120.0,18130.0,23,18170.0,18100.0,18145.0,18085.0,166.0,15050525.0,32156
2023-05-10 21:01:19,al2309,al2309,18135.0,0.0,0.0,0.0,11,18120.0,18130.0,22,18170.0,18100.0,18145.0,18085.0,166.0,15050525.0,32156
2023-05-10 21:01:20,al2309,al2309,18135.0,0.0,0.0,0.0,5,18120.0,18130.0,22,18170.0,18100.0,18145.0,18085.0,166.0,15050525.0,32156
2023-05-10 21:01:20,al2309,al2309,18120.0,5.0,453000.0,0.0,7,18115.0,18130.0,24,18170.0,18100.0,18145.0,18085.0,171.0,15503525.0,32156
2023-05-10 21:01:21,al2309,al2309,18120.0,0.0,0.0,0.0,8,18115.0,18120.0,1,18170.0,18100.0,18145.0,18085.0,171.0,15503525.0,32156
2023-05-10 21:01:21,al2309,al2309,18120.0,0.0,0.0,0.0,5,18115.0,18120.0,1,18170.0,18100.0,18145.0,18085.0,171.0,15503525.0,32156
2023-05-10 21:01:22,al2309,al2309,18120.0,0.0,0.0,0.0,5,18115.0,18120.0,3,18170.0,18100.0,18145.0,18085.0,171.0,15503525.0,32156
2023-05-10 21:01:22,al2309,al2309,18115.0,2.0,181150.0,0.0,3,18115.0,18120.0,3,18170.0,18100.0,18145.0,18085.0,173.0,15684675.0,32156
2023-05-10 21:01:23,al2309,al2309,18115.0,3.0,271725.0,3.0,4,18105.0,18120.0,15,18170.0,18100.0,18145.0,18085.0,176.0,15956400.0,32159
2023-05-10 21:01:24,al2309,al2309,18120.0,1.0,90600.0,-1.0,6,18110.0,18115.0,5,18170.0,18100.0,18145.0,18085.0,177.0,16047000.0,32158
2023-05-10 21:01:24,al2309,al2309,18120.0,0.0,0.0,0.0,6,18110.0,18115.0,5,18170.0,18100.0,18145.0,18085.0,177.0,16047000.0,32158
2023-05-10 21:01:25,al2309,al2309,18120.0,0.0,0.0,0.0,6,18110.0,18115.0,5,18170.0,18100.0,18145.0,18085.0,177.0,16047000.0,32158
2023-05-10 21:01:26,al2309,al2309,18120.0,0.0,0.0,0.0,6,18110.0,18115.0,5,18170.0,18100.0,18145.0,18085.0,177.0,16047000.0,32158
2023-05-10 21:01:26,al2309,al2309,18120.0,0.0,0.0,0.0,6,18110.0,18115.0,5,18170.0,18100.0,18145.0,18085.0,177.0,16047000.0,32158
2023-05-10 21:01:27,al2309,al2309,18120.0,0.0,0.0,0.0,6,18110.0,18115.0,5,18170.0,18100.0,18145.0,18085.0,177.0,16047000.0,32158
2023-05-10 21:01:27,al2309,al2309,18115.0,5.0,452875.0,0.0,6,18110.0,18125.0,4,18170.0,18100.0,18145.0,18085.0,182.0,16499875.0,32158
2023-05-10 21:01:28,al2309,al2309,18115.0,0.0,0.0,0.0,6,18110.0,18120.0,3,18170.0,18100.0,18145.0,18085.0,182.0,16499875.0,32158
2023-05-10 21:01:28,al2309,al2309,18115.0,0.0,0.0,0.0,6,18110.0,18120.0,9,18170.0,18100.0,18145.0,18085.0,182.0,16499875.0,32158
2023-05-10 21:01:29,al2309,al2309,18115.0,0.0,0.0,0.0,9,18110.0,18120.0,5,18170.0,18100.0,18145.0,18085.0,182.0,16499875.0,32158
2023-05-10 21:01:29,al2309,al2309,18115.0,0.0,0.0,0.0,6,18110.0,18120.0,9,18170.0,18100.0,18145.0,18085.0,182.0,16499875.0,32158
2023-05-10 21:01:30,al2309,al2309,18115.0,0.0,0.0,0.0,6,18110.0,18120.0,5,18170.0,18100.0,18145.0,18085.0,182.0,16499875.0,32158
2023-05-10 21:01:30,al2309,al2309,18115.0,0.0,0.0,0.0,1,18115.0,18120.0,5,18170.0,18100.0,18145.0,18085.0,182.0,16499875.0,32158
2023-05-10 21:01:32,al2309,al2309,18115.0,0.0,0.0,0.0,1,18115.0,18120.0,6,18170.0,18100.0,18145.0,18085.0,182.0,16499875.0,32158
2023-05-10 21:01:34,al2309,al2309,18115.0,0.0,0.0,0.0,1,18115.0,18120.0,13,18170.0,18100.0,18145.0,18085.0,182.0,16499875.0,32158
2023-05-10 21:01:34,al2309,al2309,18115.0,0.0,0.0,0.0,1,18115.0,18120.0,1,18170.0,18100.0,18145.0,18085.0,182.0,16499875.0,32158
2023-05-10 21:01:35,al2309,al2309,18115.0,0.0,0.0,0.0,1,18115.0,18120.0,5,18170.0,18100.0,18145.0,18085.0,182.0,16499875.0,32158
2023-05-10 21:01:35,al2309,al2309,18115.0,1.0,90575.0,0.0,4,18110.0,18120.0,4,18170.0,18100.0,18145.0,18085.0,183.0,16590450.0,32158
2023-05-10 21:01:36,al2309,al2309,18115.0,0.0,0.0,0.0,1,18115.0,18120.0,32,18170.0,18100.0,18145.0,18085.0,183.0,16590450.0,32158
2023-05-10 21:01:36,al2309,al2309,18115.0,1.0,90575.0,0.0,4,18110.0,18115.0,4,18170.0,18100.0,18145.0,18085.0,184.0,16681025.0,32158
2023-05-10 21:01:37,al2309,al2309,18115.0,0.0,0.0,0.0,4,18110.0,18115.0,3,18170.0,18100.0,18145.0,18085.0,184.0,16681025.0,32158
2023-05-10 21:01:38,al2309,al2309,18115.0,3.0,271725.0,-3.0,6,18110.0,18120.0,6,18170.0,18100.0,18145.0,18085.0,187.0,16952750.0,32155
2023-05-10 21:01:38,al2309,al2309,18115.0,0.0,0.0,0.0,12,18110.0,18120.0,13,18170.0,18100.0,18145.0,18085.0,187.0,16952750.0,32155
2023-05-10 21:01:39,al2309,al2309,18115.0,0.0,0.0,0.0,12,18110.0,18120.0,2,18170.0,18100.0,18145.0,18085.0,187.0,16952750.0,32155
2023-05-10 21:01:39,al2309,al2309,18115.0,0.0,0.0,0.0,10,18110.0,18115.0,1,18170.0,18100.0,18145.0,18085.0,187.0,16952750.0,32155
2023-05-10 21:01:40,al2309,al2309,18115.0,0.0,0.0,0.0,4,18110.0,18115.0,1,18170.0,18100.0,18145.0,18085.0,187.0,16952750.0,32155
2023-05-10 21:01:42,al2309,al2309,18115.0,0.0,0.0,0.0,4,18110.0,18115.0,1,18170.0,18100.0,18145.0,18085.0,187.0,16952750.0,32155
2023-05-10 21:01:43,al2309,al2309,18115.0,1.0,90575.0,0.0,4,18110.0,18120.0,32,18170.0,18100.0,18145.0,18085.0,188.0,17043325.0,32155
2023-05-10 21:01:43,al2309,al2309,18115.0,0.0,0.0,0.0,18,18110.0,18120.0,9,18170.0,18100.0,18145.0,18085.0,188.0,17043325.0,32155
2023-05-10 21:01:44,al2309,al2309,18115.0,0.0,0.0,0.0,23,18110.0,18120.0,5,18170.0,18100.0,18145.0,18085.0,188.0,17043325.0,32155
2023-05-10 21:01:44,al2309,al2309,18115.0,0.0,0.0,0.0,18,18110.0,18120.0,10,18170.0,18100.0,18145.0,18085.0,188.0,17043325.0,32155
2023-05-10 21:01:45,al2309,al2309,18115.0,0.0,0.0,0.0,23,18110.0,18120.0,10,18170.0,18100.0,18145.0,18085.0,188.0,17043325.0,32155
2023-05-10 21:01:45,al2309,al2309,18115.0,0.0,0.0,0.0,11,18110.0,18115.0,2,18170.0,18100.0,18145.0,18085.0,188.0,17043325.0,32155
2023-05-10 21:01:46,al2309,al2309,18115.0,0.0,0.0,0.0,18,18110.0,18120.0,10,18170.0,18100.0,18145.0,18085.0,188.0,17043325.0,32155
2023-05-10 21:01:46,al2309,al2309,18115.0,0.0,0.0,0.0,18,18110.0,18120.0,9,18170.0,18100.0,18145.0,18085.0,188.0,17043325.0,32155
2023-05-10 21:01:47,al2309,al2309,18115.0,0.0,0.0,0.0,18,18110.0,18120.0,13,18170.0,18100.0,18145.0,18085.0,188.0,17043325.0,32155
2023-05-10 21:01:47,al2309,al2309,18115.0,0.0,0.0,0.0,23,18110.0,18120.0,9,18170.0,18100.0,18145.0,18085.0,188.0,17043325.0,32155
2023-05-10 21:01:48,al2309,al2309,18110.0,1.0,90550.0,0.0,22,18110.0,18120.0,9,18170.0,18100.0,18145.0,18085.0,189.0,17133875.0,32155
2023-05-10 21:01:49,al2309,al2309,18110.0,0.0,0.0,0.0,17,18110.0,18120.0,13,18170.0,18100.0,18145.0,18085.0,189.0,17133875.0,32155
2023-05-10 21:01:50,al2309,al2309,18110.0,0.0,0.0,0.0,5,18115.0,18120.0,9,18170.0,18100.0,18145.0,18085.0,189.0,17133875.0,32155
2023-05-10 21:01:50,al2309,al2309,18110.0,0.0,0.0,0.0,5,18115.0,18120.0,9,18170.0,18100.0,18145.0,18085.0,189.0,17133875.0,32155
2023-05-10 21:01:52,al2309,al2309,18110.0,0.0,0.0,0.0,5,18115.0,18120.0,7,18170.0,18100.0,18145.0,18085.0,189.0,17133875.0,32155
2023-05-10 21:01:53,al2309,al2309,18110.0,1.0,90550.0,0.0,4,18115.0,18120.0,7,18170.0,18100.0,18145.0,18085.0,190.0,17224425.0,32155
2023-05-10 21:01:54,al2309,al2309,18110.0,0.0,0.0,0.0,4,18115.0,18120.0,11,18170.0,18100.0,18145.0,18085.0,190.0,17224425.0,32155
2023-05-10 21:01:55,al2309,al2309,18110.0,0.0,0.0,0.0,4,18115.0,18120.0,7,18170.0,18100.0,18145.0,18085.0,190.0,17224425.0,32155
2023-05-10 21:01:56,al2309,al2309,18110.0,0.0,0.0,0.0,4,18115.0,18120.0,20,18170.0,18100.0,18145.0,18085.0,190.0,17224425.0,32155
2023-05-10 21:01:56,al2309,al2309,18115.0,4.0,362300.0,-1.0,8,18110.0,18115.0,1,18170.0,18100.0,18145.0,18085.0,194.0,17586725.0,32154
2023-05-10 21:01:57,al2309,al2309,18115.0,0.0,0.0,0.0,8,18110.0,18115.0,1,18170.0,18100.0,18145.0,18085.0,194.0,17586725.0,32154
2023-05-10 21:01:57,al2309,al2309,18115.0,0.0,0.0,0.0,8,18110.0,18115.0,3,18170.0,18100.0,18145.0,18085.0,194.0,17586725.0,32154
2023-05-10 21:01:58,al2309,al2309,18115.0,0.0,0.0,0.0,8,18110.0,18115.0,2,18170.0,18100.0,18145.0,18085.0,194.0,17586725.0,32154
2023-05-10 21:02:00,al2309,al2309,18115.0,0.0,0.0,0.0,8,18110.0,18120.0,37,18170.0,18100.0,18145.0,18085.0,194.0,17586725.0,32154
2023-05-10 21:02:01,al2309,al2309,18115.0,0.0,0.0,0.0,8,18110.0,18115.0,1,18170.0,18100.0,18145.0,18085.0,194.0,17586725.0,32154
2023-05-10 21:02:01,al2309,al2309,18115.0,0.0,0.0,0.0,8,18110.0,18115.0,2,18170.0,18100.0,18145.0,18085.0,194.0,17586725.0,32154
2023-05-10 21:02:02,al2309,al2309,18115.0,0.0,0.0,0.0,8,18110.0,18115.0,2,18170.0,18100.0,18145.0,18085.0,194.0,17586725.0,32154
2023-05-10 21:02:04,al2309,al2309,18110.0,5.0,452750.0,0.0,3,18110.0,18115.0,4,18170.0,18100.0,18145.0,18085.0,199.0,18039475.0,32154
2023-05-10 21:02:04,al2309,al2309,18110.0,2.0,181100.0,0.0,1,18110.0,18115.0,15,18170.0,18100.0,18145.0,18085.0,201.0,18220575.0,32154
2023-05-10 21:02:05,al2309,al2309,18115.0,2.0,181125.0,1.0,5,18105.0,18115.0,27,18170.0,18100.0,18145.0,18085.0,203.0,18401700.0,32155
2023-05-10 21:02:05,al2309,al2309,18115.0,0.0,0.0,0.0,5,18105.0,18110.0,3,18170.0,18100.0,18145.0,18085.0,203.0,18401700.0,32155
2023-05-10 21:02:06,al2309,al2309,18110.0,3.0,271650.0,0.0,7,18105.0,18115.0,11,18170.0,18100.0,18145.0,18085.0,206.0,18673350.0,32155
2023-05-10 21:02:06,al2309,al2309,18110.0,0.0,0.0,0.0,5,18105.0,18115.0,14,18170.0,18100.0,18145.0,18085.0,206.0,18673350.0,32155
2023-05-10 21:02:07,al2309,al2309,18110.0,0.0,0.0,0.0,5,18105.0,18115.0,23,18170.0,18100.0,18145.0,18085.0,206.0,18673350.0,32155
2023-05-10 21:02:07,al2309,al2309,18110.0,0.0,0.0,0.0,5,18105.0,18115.0,36,18170.0,18100.0,18145.0,18085.0,206.0,18673350.0,32155
2023-05-10 21:02:08,al2309,al2309,18110.0,0.0,0.0,0.0,5,18105.0,18115.0,35,18170.0,18100.0,18145.0,18085.0,206.0,18673350.0,32155
2023-05-10 21:02:08,al2309,al2309,18110.0,0.0,0.0,0.0,5,18105.0,18115.0,32,18170.0,18100.0,18145.0,18085.0,206.0,18673350.0,32155
2023-05-10 21:02:09,al2309,al2309,18110.0,0.0,0.0,0.0,5,18105.0,18115.0,36,18170.0,18100.0,18145.0,18085.0,206.0,18673350.0,32155
2023-05-10 21:02:09,al2309,al2309,18110.0,0.0,0.0,0.0,5,18105.0,18115.0,32,18170.0,18100.0,18145.0,18085.0,206.0,18673350.0,32155
2023-05-10 21:02:10,al2309,al2309,18110.0,0.0,0.0,0.0,5,18105.0,18115.0,19,18170.0,18100.0,18145.0,18085.0,206.0,18673350.0,32155
2023-05-10 21:02:11,al2309,al2309,18110.0,0.0,0.0,0.0,7,18105.0,18115.0,11,18170.0,18100.0,18145.0,18085.0,206.0,18673350.0,32155
2023-05-10 21:02:11,al2309,al2309,18110.0,0.0,0.0,0.0,5,18105.0,18110.0,1,18170.0,18100.0,18145.0,18085.0,206.0,18673350.0,32155
2023-05-10 21:02:12,al2309,al2309,18110.0,0.0,0.0,0.0,7,18105.0,18110.0,1,18170.0,18100.0,18145.0,18085.0,206.0,18673350.0,32155
2023-05-10 21:02:12,al2309,al2309,18110.0,1.0,90550.0,-1.0,7,18105.0,18115.0,28,18170.0,18100.0,18145.0,18085.0,207.0,18763900.0,32154
2023-05-10 21:02:13,al2309,al2309,18110.0,0.0,0.0,0.0,5,18105.0,18115.0,28,18170.0,18100.0,18145.0,18085.0,207.0,18763900.0,32154
2023-05-10 21:02:15,al2309,al2309,18110.0,0.0,0.0,0.0,5,18105.0,18115.0,31,18170.0,18100.0,18145.0,18085.0,207.0,18763900.0,32154
2023-05-10 21:02:17,al2309,al2309,18110.0,0.0,0.0,0.0,5,18105.0,18115.0,32,18170.0,18100.0,18145.0,18085.0,207.0,18763900.0,32154
2023-05-10 21:02:18,al2309,al2309,18110.0,0.0,0.0,0.0,5,18105.0,18115.0,32,18170.0,18100.0,18145.0,18085.0,207.0,18763900.0,32154
2023-05-10 21:02:20,al2309,al2309,18110.0,0.0,0.0,0.0,5,18105.0,18115.0,29,18170.0,18100.0,18145.0,18085.0,207.0,18763900.0,32154
2023-05-10 21:02:20,al2309,al2309,18110.0,0.0,0.0,0.0,7,18105.0,18115.0,28,18170.0,18100.0,18145.0,18085.0,207.0,18763900.0,32154
2023-05-10 21:02:21,al2309,al2309,18110.0,0.0,0.0,0.0,5,18105.0,18115.0,36,18170.0,18100.0,18145.0,18085.0,207.0,18763900.0,32154
2023-05-10 21:02:21,al2309,al2309,18110.0,0.0,0.0,0.0,1,18105.0,18110.0,10,18170.0,18100.0,18145.0,18085.0,207.0,18763900.0,32154
2023-05-10 21:02:22,al2309,al2309,18110.0,0.0,0.0,0.0,5,18105.0,18115.0,36,18170.0,18100.0,18145.0,18085.0,207.0,18763900.0,32154
2023-05-10 21:02:22,al2309,al2309,18110.0,0.0,0.0,0.0,5,18105.0,18115.0,29,18170.0,18100.0,18145.0,18085.0,207.0,18763900.0,32154
2023-05-10 21:02:23,al2309,al2309,18110.0,0.0,0.0,0.0,5,18105.0,18110.0,3,18170.0,18100.0,18145.0,18085.0,207.0,18763900.0,32154
2023-05-10 21:02:23,al2309,al2309,18110.0,0.0,0.0,0.0,1,18105.0,18110.0,14,18170.0,18100.0,18145.0,18085.0,207.0,18763900.0,32154
2023-05-10 21:02:24,al2309,al2309,18110.0,0.0,0.0,0.0,1,18105.0,18110.0,15,18170.0,18100.0,18145.0,18085.0,207.0,18763900.0,32154
2023-05-10 21:02:24,al2309,al2309,18110.0,0.0,0.0,0.0,1,18105.0,18110.0,17,18170.0,18100.0,18145.0,18085.0,207.0,18763900.0,32154
2023-05-10 21:02:25,al2309,al2309,18110.0,0.0,0.0,0.0,5,18105.0,18110.0,7,18170.0,18100.0,18145.0,18085.0,207.0,18763900.0,32154
2023-05-10 21:02:25,al2309,al2309,18110.0,1.0,90550.0,0.0,5,18105.0,18115.0,31,18170.0,18100.0,18145.0,18085.0,208.0,18854450.0,32154
2023-05-10 21:02:26,al2309,al2309,18110.0,0.0,0.0,0.0,5,18105.0,18115.0,36,18170.0,18100.0,18145.0,18085.0,208.0,18854450.0,32154
2023-05-10 21:02:26,al2309,al2309,18110.0,0.0,0.0,0.0,6,18110.0,18115.0,29,18170.0,18100.0,18145.0,18085.0,208.0,18854450.0,32154
2023-05-10 21:02:27,al2309,al2309,18110.0,0.0,0.0,0.0,7,18110.0,18115.0,29,18170.0,18100.0,18145.0,18085.0,208.0,18854450.0,32154
2023-05-10 21:02:28,al2309,al2309,18110.0,0.0,0.0,0.0,7,18110.0,18115.0,36,18170.0,18100.0,18145.0,18085.0,208.0,18854450.0,32154
2023-05-10 21:02:29,al2309,al2309,18115.0,7.0,633875.0,0.0,1,18110.0,18115.0,34,18170.0,18100.0,18145.0,18085.0,215.0,19488325.0,32154
2023-05-10 21:02:29,al2309,al2309,18110.0,1.0,90550.0,1.0,1,18105.0,18110.0,7,18170.0,18100.0,18145.0,18085.0,216.0,19578875.0,32155
2023-05-10 21:02:30,al2309,al2309,18110.0,0.0,0.0,0.0,1,18105.0,18110.0,10,18170.0,18100.0,18145.0,18085.0,216.0,19578875.0,32155
2023-05-10 21:02:30,al2309,al2309,18110.0,0.0,0.0,0.0,5,18105.0,18110.0,3,18170.0,18100.0,18145.0,18085.0,216.0,19578875.0,32155
2023-05-10 21:02:31,al2309,al2309,18110.0,1.0,90550.0,0.0,7,18105.0,18115.0,34,18170.0,18100.0,18145.0,18085.0,217.0,19669425.0,32155
2023-05-10 21:02:31,al2309,al2309,18110.0,0.0,0.0,0.0,7,18105.0,18115.0,30,18170.0,18100.0,18145.0,18085.0,217.0,19669425.0,32155
2023-05-10 21:02:32,al2309,al2309,18110.0,0.0,0.0,0.0,7,18105.0,18115.0,27,18170.0,18100.0,18145.0,18085.0,217.0,19669425.0,32155
2023-05-10 21:02:33,al2309,al2309,18110.0,0.0,0.0,0.0,7,18105.0,18115.0,28,18170.0,18100.0,18145.0,18085.0,217.0,19669425.0,32155
2023-05-10 21:02:34,al2309,al2309,18110.0,0.0,0.0,0.0,1,18110.0,18115.0,28,18170.0,18100.0,18145.0,18085.0,217.0,19669425.0,32155
2023-05-10 21:02:35,al2309,al2309,18110.0,0.0,0.0,0.0,1,18110.0,18115.0,35,18170.0,18100.0,18145.0,18085.0,217.0,19669425.0,32155
2023-05-10 21:02:36,al2309,al2309,18110.0,1.0,90550.0,1.0,5,18105.0,18115.0,35,18170.0,18100.0,18145.0,18085.0,218.0,19759975.0,32156
2023-05-10 21:02:36,al2309,al2309,18110.0,0.0,0.0,0.0,5,18105.0,18110.0,7,18170.0,18100.0,18145.0,18085.0,218.0,19759975.0,32156
2023-05-10 21:02:37,al2309,al2309,18110.0,0.0,0.0,0.0,1,18105.0,18110.0,35,18170.0,18100.0,18145.0,18085.0,218.0,19759975.0,32156
2023-05-10 21:02:37,al2309,al2309,18110.0,0.0,0.0,0.0,1,18105.0,18110.0,34,18170.0,18100.0,18145.0,18085.0,218.0,19759975.0,32156
2023-05-10 21:02:39,al2309,al2309,18110.0,4.0,362200.0,3.0,1,18105.0,18110.0,31,18170.0,18100.0,18145.0,18085.0,222.0,20122175.0,32159
2023-05-10 21:02:39,al2309,al2309,18110.0,0.0,0.0,0.0,1,18105.0,18110.0,32,18170.0,18100.0,18145.0,18085.0,222.0,20122175.0,32159
2023-05-10 21:02:40,al2309,al2309,18105.0,23.0,2082575.0,-13.0,4,18105.0,18110.0,5,18170.0,18100.0,18145.0,18085.0,245.0,22204750.0,32146
2023-05-10 21:02:40,al2309,al2309,18105.0,0.0,0.0,0.0,2,18105.0,18115.0,17,18170.0,18100.0,18145.0,18085.0,245.0,22204750.0,32146
2023-05-10 21:02:41,al2309,al2309,18105.0,0.0,0.0,0.0,4,18105.0,18115.0,19,18170.0,18100.0,18145.0,18085.0,245.0,22204750.0,32146
2023-05-10 21:02:41,al2309,al2309,18105.0,0.0,0.0,0.0,4,18105.0,18115.0,27,18170.0,18100.0,18145.0,18085.0,245.0,22204750.0,32146
2023-05-10 21:02:42,al2309,al2309,18105.0,0.0,0.0,0.0,2,18105.0,18115.0,29,18170.0,18100.0,18145.0,18085.0,245.0,22204750.0,32146
2023-05-10 21:02:42,al2309,al2309,18105.0,0.0,0.0,0.0,2,18105.0,18110.0,1,18170.0,18100.0,18145.0,18085.0,245.0,22204750.0,32146
2023-05-10 21:02:46,al2309,al2309,18105.0,0.0,0.0,0.0,2,18105.0,18110.0,5,18170.0,18100.0,18145.0,18085.0,245.0,22204750.0,32146
2023-05-10 21:02:48,al2309,al2309,18105.0,0.0,0.0,0.0,2,18105.0,18110.0,10,18170.0,18100.0,18145.0,18085.0,245.0,22204750.0,32146
2023-05-10 21:02:48,al2309,al2309,18105.0,0.0,0.0,0.0,2,18105.0,18110.0,12,18170.0,18100.0,18145.0,18085.0,245.0,22204750.0,32146
2023-05-10 21:02:49,al2309,al2309,18105.0,2.0,181050.0,2.0,5,18100.0,18110.0,22,18170.0,18100.0,18145.0,18085.0,247.0,22385800.0,32148
2023-05-10 21:02:49,al2309,al2309,18105.0,0.0,0.0,0.0,5,18100.0,18105.0,5,18170.0,18100.0,18145.0,18085.0,247.0,22385800.0,32148
2023-05-10 21:02:50,al2309,al2309,18105.0,0.0,0.0,0.0,5,18100.0,18105.0,14,18170.0,18100.0,18145.0,18085.0,247.0,22385800.0,32148
2023-05-10 21:02:51,al2309,al2309,18100.0,5.0,452500.0,1.0,6,18090.0,18105.0,14,18170.0,18100.0,18145.0,18085.0,252.0,22838300.0,32149
2023-05-10 21:02:51,al2309,al2309,18100.0,0.0,0.0,0.0,6,18095.0,18105.0,20,18170.0,18100.0,18145.0,18085.0,252.0,22838300.0,32149
2023-05-10 21:02:52,al2309,al2309,18100.0,0.0,0.0,0.0,6,18095.0,18105.0,33,18170.0,18100.0,18145.0,18085.0,252.0,22838300.0,32149
2023-05-10 21:02:52,al2309,al2309,18100.0,0.0,0.0,0.0,6,18095.0,18100.0,2,18170.0,18100.0,18145.0,18085.0,252.0,22838300.0,32149
2023-05-10 21:02:53,al2309,al2309,18100.0,0.0,0.0,0.0,6,18095.0,18100.0,6,18170.0,18100.0,18145.0,18085.0,252.0,22838300.0,32149
2023-05-10 21:02:54,al2309,al2309,18100.0,0.0,0.0,0.0,10,18090.0,18100.0,16,18170.0,18100.0,18145.0,18085.0,252.0,22838300.0,32149
2023-05-10 21:02:55,al2309,al2309,18100.0,0.0,0.0,0.0,5,18090.0,18095.0,5,18170.0,18100.0,18145.0,18085.0,252.0,22838300.0,32149
2023-05-10 21:02:55,al2309,al2309,18095.0,5.0,452375.0,2.0,5,18090.0,18100.0,16,18170.0,18100.0,18145.0,18085.0,257.0,23290675.0,32151
2023-05-10 21:02:56,al2309,al2309,18095.0,0.0,0.0,0.0,5,18090.0,18100.0,16,18170.0,18100.0,18145.0,18085.0,257.0,23290675.0,32151
2023-05-10 21:02:56,al2309,al2309,18095.0,0.0,0.0,0.0,5,18090.0,18100.0,16,18170.0,18100.0,18145.0,18085.0,257.0,23290675.0,32151
2023-05-10 21:02:57,al2309,al2309,18095.0,0.0,0.0,0.0,5,18090.0,18095.0,2,18170.0,18100.0,18145.0,18085.0,257.0,23290675.0,32151
2023-05-10 21:02:57,al2309,al2309,18095.0,2.0,180950.0,0.0,5,18090.0,18100.0,42,18170.0,18100.0,18145.0,18085.0,259.0,23471625.0,32151
2023-05-10 21:02:58,al2309,al2309,18095.0,0.0,0.0,0.0,5,18090.0,18100.0,40,18170.0,18100.0,18145.0,18085.0,259.0,23471625.0,32151
2023-05-10 21:02:58,al2309,al2309,18095.0,0.0,0.0,0.0,5,18090.0,18100.0,42,18170.0,18100.0,18145.0,18085.0,259.0,23471625.0,32151
2023-05-10 21:02:59,al2309,al2309,18095.0,0.0,0.0,0.0,7,18090.0,18100.0,24,18170.0,18100.0,18145.0,18085.0,259.0,23471625.0,32151
2023-05-10 21:02:59,al2309,al2309,18095.0,0.0,0.0,0.0,2,18095.0,18100.0,14,18170.0,18100.0,18145.0,18085.0,259.0,23471625.0,32151
2023-05-10 21:03:00,al2309,al2309,18095.0,0.0,0.0,0.0,6,18095.0,18100.0,14,18170.0,18100.0,18145.0,18085.0,259.0,23471625.0,32151
2023-05-10 21:03:00,al2309,al2309,18095.0,0.0,0.0,0.0,5,18090.0,18100.0,20,18170.0,18100.0,18145.0,18085.0,259.0,23471625.0,32151
2023-05-10 21:03:01,al2309,al2309,18095.0,0.0,0.0,0.0,5,18090.0,18100.0,42,18170.0,18100.0,18145.0,18085.0,259.0,23471625.0,32151
2023-05-10 21:03:01,al2309,al2309,18095.0,0.0,0.0,0.0,5,18090.0,18095.0,3,18170.0,18100.0,18145.0,18085.0,259.0,23471625.0,32151
2023-05-10 21:03:02,al2309,al2309,18095.0,0.0,0.0,0.0,5,18090.0,18095.0,4,18170.0,18100.0,18145.0,18085.0,259.0,23471625.0,32151
2023-05-10 21:03:03,al2309,al2309,18095.0,0.0,0.0,0.0,6,18090.0,18095.0,4,18170.0,18100.0,18145.0,18085.0,259.0,23471625.0,32151
2023-05-10 21:03:04,al2309,al2309,18095.0,0.0,0.0,0.0,6,18090.0,18095.0,4,18170.0,18100.0,18145.0,18085.0,259.0,23471625.0,32151
2023-05-10 21:03:04,al2309,al2309,18095.0,0.0,0.0,0.0,6,18090.0,18095.0,6,18170.0,18100.0,18145.0,18085.0,259.0,23471625.0,32151
2023-05-10 21:03:05,al2309,al2309,18095.0,0.0,0.0,0.0,6,18090.0,18095.0,14,18170.0,18100.0,18145.0,18085.0,259.0,23471625.0,32151
2023-05-10 21:03:06,al2309,al2309,18090.0,1.0,90450.0,0.0,5,18090.0,18095.0,14,18170.0,18100.0,18145.0,18085.0,260.0,23562075.0,32151
2023-05-10 21:03:06,al2309,al2309,18090.0,5.0,452250.0,5.0,3,18085.0,18090.0,1,18170.0,18100.0,18145.0,18085.0,265.0,24014325.0,32156
2023-05-10 21:03:07,al2309,al2309,18090.0,0.0,0.0,0.0,3,18085.0,18090.0,7,18170.0,18100.0,18145.0,18085.0,265.0,24014325.0,32156
2023-05-10 21:03:07,al2309,al2309,18090.0,0.0,0.0,0.0,3,18085.0,18090.0,16,18170.0,18100.0,18145.0,18085.0,265.0,24014325.0,32156
2023-05-10 21:03:08,al2309,al2309,18090.0,0.0,0.0,0.0,3,18085.0,18090.0,16,18170.0,18100.0,18145.0,18085.0,265.0,24014325.0,32156
2023-05-10 21:03:08,al2309,al2309,18090.0,3.0,271350.0,0.0,3,18085.0,18090.0,12,18170.0,18100.0,18145.0,18085.0,268.0,24285675.0,32156
2023-05-10 21:03:09,al2309,al2309,18090.0,0.0,0.0,0.0,5,18085.0,18095.0,21,18170.0,18100.0,18145.0,18085.0,268.0,24285675.0,32156
2023-05-10 21:03:09,al2309,al2309,18090.0,0.0,0.0,0.0,4,18090.0,18095.0,14,18170.0,18100.0,18145.0,18085.0,268.0,24285675.0,32156
2023-05-10 21:03:10,al2309,al2309,18090.0,1.0,90450.0,1.0,5,18090.0,18095.0,14,18170.0,18100.0,18145.0,18085.0,269.0,24376125.0,32157
2023-05-10 21:03:10,al2309,al2309,18090.0,0.0,0.0,0.0,5,18090.0,18095.0,10,18170.0,18100.0,18145.0,18085.0,269.0,24376125.0,32157
2023-05-10 21:03:11,al2309,al2309,18090.0,0.0,0.0,0.0,5,18090.0,18095.0,14,18170.0,18100.0,18145.0,18085.0,269.0,24376125.0,32157
2023-05-10 21:03:11,al2309,al2309,18090.0,0.0,0.0,0.0,5,18090.0,18100.0,19,18170.0,18100.0,18145.0,18085.0,269.0,24376125.0,32157
2023-05-10 21:03:12,al2309,al2309,18090.0,0.0,0.0,0.0,5,18090.0,18095.0,1,18170.0,18100.0,18145.0,18085.0,269.0,24376125.0,32157
2023-05-10 21:03:12,al2309,al2309,18090.0,0.0,0.0,0.0,5,18090.0,18095.0,1,18170.0,18100.0,18145.0,18085.0,269.0,24376125.0,32157
2023-05-10 21:03:13,al2309,al2309,18095.0,1.0,90475.0,-1.0,8,18090.0,18100.0,25,18170.0,18100.0,18145.0,18085.0,270.0,24466600.0,32156
2023-05-10 21:03:13,al2309,al2309,18095.0,0.0,0.0,0.0,10,18090.0,18100.0,27,18170.0,18100.0,18145.0,18085.0,270.0,24466600.0,32156
2023-05-10 21:03:14,al2309,al2309,18095.0,0.0,0.0,0.0,10,18090.0,18100.0,23,18170.0,18100.0,18145.0,18085.0,270.0,24466600.0,32156
2023-05-10 21:03:15,al2309,al2309,18095.0,1.0,90475.0,1.0,8,18090.0,18095.0,3,18170.0,18100.0,18145.0,18085.0,271.0,24557075.0,32157
2023-05-10 21:03:15,al2309,al2309,18095.0,0.0,0.0,0.0,8,18090.0,18095.0,17,18170.0,18100.0,18145.0,18085.0,271.0,24557075.0,32157
2023-05-10 21:03:16,al2309,al2309,18095.0,2.0,180950.0,2.0,9,18090.0,18100.0,12,18170.0,18100.0,18145.0,18085.0,273.0,24738025.0,32159
2023-05-10 21:03:16,al2309,al2309,18095.0,0.0,0.0,0.0,9,18090.0,18100.0,36,18170.0,18100.0,18145.0,18085.0,273.0,24738025.0,32159
2023-05-10 21:03:18,al2309,al2309,18095.0,0.0,0.0,0.0,8,18090.0,18095.0,1,18170.0,18100.0,18145.0,18085.0,273.0,24738025.0,32159
2023-05-10 21:03:19,al2309,al2309,18095.0,0.0,0.0,0.0,8,18090.0,18095.0,1,18170.0,18100.0,18145.0,18085.0,273.0,24738025.0,32159
2023-05-10 21:03:20,al2309,al2309,18095.0,0.0,0.0,0.0,11,18090.0,18095.0,10,18170.0,18100.0,18145.0,18085.0,273.0,24738025.0,32159
2023-05-10 21:03:20,al2309,al2309,18095.0,0.0,0.0,0.0,11,18090.0,18100.0,25,18170.0,18100.0,18145.0,18085.0,273.0,24738025.0,32159
2023-05-10 21:03:21,al2309,al2309,18095.0,0.0,0.0,0.0,1,18095.0,18100.0,35,18170.0,18100.0,18145.0,18085.0,273.0,24738025.0,32159
2023-05-10 21:03:22,al2309,al2309,18095.0,0.0,0.0,0.0,1,18095.0,18100.0,36,18170.0,18100.0,18145.0,18085.0,273.0,24738025.0,32159
2023-05-10 21:03:24,al2309,al2309,18095.0,0.0,0.0,0.0,1,18095.0,18100.0,35,18170.0,18100.0,18145.0,18085.0,273.0,24738025.0,32159
2023-05-10 21:03:25,al2309,al2309,18095.0,1.0,90475.0,-1.0,8,18090.0,18095.0,2,18170.0,18100.0,18145.0,18085.0,274.0,24828500.0,32158
2023-05-10 21:03:26,al2309,al2309,18095.0,0.0,0.0,0.0,8,18090.0,18100.0,38,18170.0,18100.0,18145.0,18085.0,274.0,24828500.0,32158
2023-05-10 21:03:26,al2309,al2309,18095.0,0.0,0.0,0.0,8,18090.0,18095.0,5,18170.0,18100.0,18145.0,18085.0,274.0,24828500.0,32158
2023-05-10 21:03:27,al2309,al2309,18095.0,0.0,0.0,0.0,12,18090.0,18095.0,5,18170.0,18100.0,18145.0,18085.0,274.0,24828500.0,32158
2023-05-10 21:03:28,al2309,al2309,18095.0,0.0,0.0,0.0,12,18090.0,18100.0,33,18170.0,18100.0,18145.0,18085.0,274.0,24828500.0,32158
2023-05-10 21:03:29,al2309,al2309,18095.0,0.0,0.0,0.0,12,18090.0,18100.0,33,18170.0,18100.0,18145.0,18085.0,274.0,24828500.0,32158
2023-05-10 21:03:29,al2309,al2309,18095.0,0.0,0.0,0.0,8,18090.0,18095.0,2,18170.0,18100.0,18145.0,18085.0,274.0,24828500.0,32158
2023-05-10 21:03:30,al2309,al2309,18095.0,0.0,0.0,0.0,8,18090.0,18100.0,36,18170.0,18100.0,18145.0,18085.0,274.0,24828500.0,32158
2023-05-10 21:03:31,al2309,al2309,18095.0,0.0,0.0,0.0,12,18090.0,18100.0,23,18170.0,18100.0,18145.0,18085.0,274.0,24828500.0,32158
2023-05-10 21:03:31,al2309,al2309,18095.0,0.0,0.0,0.0,12,18090.0,18100.0,32,18170.0,18100.0,18145.0,18085.0,274.0,24828500.0,32158
2023-05-10 21:03:32,al2309,al2309,18095.0,0.0,0.0,0.0,8,18090.0,18100.0,35,18170.0,18100.0,18145.0,18085.0,274.0,24828500.0,32158
2023-05-10 21:03:32,al2309,al2309,18095.0,0.0,0.0,0.0,8,18090.0,18100.0,36,18170.0,18100.0,18145.0,18085.0,274.0,24828500.0,32158
2023-05-10 21:03:33,al2309,al2309,18095.0,0.0,0.0,0.0,12,18090.0,18100.0,33,18170.0,18100.0,18145.0,18085.0,274.0,24828500.0,32158
2023-05-10 21:03:33,al2309,al2309,18095.0,0.0,0.0,0.0,8,18090.0,18100.0,35,18170.0,18100.0,18145.0,18085.0,274.0,24828500.0,32158
2023-05-10 21:03:34,al2309,al2309,18095.0,0.0,0.0,0.0,12,18090.0,18095.0,2,18170.0,18100.0,18145.0,18085.0,274.0,24828500.0,32158
2023-05-10 21:03:34,al2309,al2309,18095.0,0.0,0.0,0.0,12,18090.0,18100.0,21,18170.0,18100.0,18145.0,18085.0,274.0,24828500.0,32158
2023-05-10 21:03:35,al2309,al2309,18095.0,0.0,0.0,0.0,12,18090.0,18100.0,23,18170.0,18100.0,18145.0,18085.0,274.0,24828500.0,32158
2023-05-10 21:03:36,al2309,al2309,18095.0,0.0,0.0,0.0,12,18090.0,18100.0,33,18170.0,18100.0,18145.0,18085.0,274.0,24828500.0,32158
2023-05-10 21:03:41,al2309,al2309,18095.0,0.0,0.0,0.0,2,18090.0,18095.0,9,18170.0,18100.0,18145.0,18085.0,274.0,24828500.0,32158
2023-05-10 21:03:41,al2309,al2309,18095.0,0.0,0.0,0.0,2,18090.0,18095.0,21,18170.0,18100.0,18145.0,18085.0,274.0,24828500.0,32158
2023-05-10 21:03:42,al2309,al2309,18095.0,0.0,0.0,0.0,2,18090.0,18095.0,21,18170.0,18100.0,18145.0,18085.0,274.0,24828500.0,32158
2023-05-10 21:03:43,al2309,al2309,18095.0,0.0,0.0,0.0,2,18090.0,18095.0,11,18170.0,18100.0,18145.0,18085.0,274.0,24828500.0,32158
2023-05-10 21:03:44,al2309,al2309,18095.0,0.0,0.0,0.0,2,18090.0,18095.0,11,18170.0,18100.0,18145.0,18085.0,274.0,24828500.0,32158
2023-05-10 21:03:45,al2309,al2309,18090.0,2.0,180900.0,2.0,1,18085.0,18090.0,3,18170.0,18100.0,18145.0,18085.0,276.0,25009400.0,32160
2023-05-10 21:03:45,al2309,al2309,18090.0,0.0,0.0,0.0,1,18085.0,18090.0,13,18170.0,18100.0,18145.0,18085.0,276.0,25009400.0,32160
2023-05-10 21:03:46,al2309,al2309,18090.0,0.0,0.0,0.0,3,18085.0,18090.0,1,18170.0,18100.0,18145.0,18085.0,276.0,25009400.0,32160
2023-05-10 21:03:46,al2309,al2309,18090.0,0.0,0.0,0.0,7,18085.0,18095.0,15,18170.0,18100.0,18145.0,18085.0,276.0,25009400.0,32160
2023-05-10 21:03:47,al2309,al2309,18090.0,0.0,0.0,0.0,7,18085.0,18095.0,21,18170.0,18100.0,18145.0,18085.0,276.0,25009400.0,32160
2023-05-10 21:03:47,al2309,al2309,18090.0,0.0,0.0,0.0,1,18085.0,18095.0,33,18170.0,18100.0,18145.0,18085.0,276.0,25009400.0,32160
2023-05-10 21:03:48,al2309,al2309,18090.0,0.0,0.0,0.0,1,18085.0,18090.0,4,18170.0,18100.0,18145.0,18085.0,276.0,25009400.0,32160
2023-05-10 21:03:48,al2309,al2309,18090.0,0.0,0.0,0.0,1,18085.0,18090.0,1,18170.0,18100.0,18145.0,18085.0,276.0,25009400.0,32160
2023-05-10 21:03:49,al2309,al2309,18090.0,0.0,0.0,0.0,3,18085.0,18090.0,1,18170.0,18100.0,18145.0,18085.0,276.0,25009400.0,32160
2023-05-10 21:03:49,al2309,al2309,18090.0,0.0,0.0,0.0,1,18085.0,18090.0,1,18170.0,18100.0,18145.0,18085.0,276.0,25009400.0,32160
2023-05-10 21:03:50,al2309,al2309,18090.0,0.0,0.0,0.0,1,18085.0,18090.0,1,18170.0,18100.0,18145.0,18085.0,276.0,25009400.0,32160
2023-05-10 21:03:51,al2309,al2309,18090.0,0.0,0.0,0.0,3,18085.0,18090.0,1,18170.0,18100.0,18145.0,18085.0,276.0,25009400.0,32160
2023-05-10 21:03:52,al2309,al2309,18090.0,0.0,0.0,0.0,3,18085.0,18090.0,1,18170.0,18100.0,18145.0,18085.0,276.0,25009400.0,32160
2023-05-10 21:03:53,al2309,al2309,18090.0,0.0,0.0,0.0,1,18085.0,18090.0,7,18170.0,18100.0,18145.0,18085.0,276.0,25009400.0,32160
2023-05-10 21:03:55,al2309,al2309,18085.0,1.0,90425.0,1.0,17,18080.0,18085.0,1,18170.0,18100.0,18145.0,18085.0,277.0,25099825.0,32161
2023-05-10 21:03:56,al2309,al2309,18085.0,0.0,0.0,0.0,13,18080.0,18085.0,6,18170.0,18100.0,18145.0,18085.0,277.0,25099825.0,32161
2023-05-10 21:03:56,al2309,al2309,18080.0,17.0,1536800.0,17.0,1,18070.0,18085.0,15,18170.0,18100.0,18145.0,18080.0,294.0,26636625.0,32178
2023-05-10 21:03:57,al2309,al2309,18080.0,0.0,0.0,0.0,7,18075.0,18080.0,3,18170.0,18100.0,18145.0,18080.0,294.0,26636625.0,32178
2023-05-10 21:03:57,al2309,al2309,18080.0,3.0,271200.0,3.0,7,18070.0,18080.0,18,18170.0,18100.0,18145.0,18080.0,297.0,26907825.0,32181
2023-05-10 21:03:58,al2309,al2309,18080.0,0.0,0.0,0.0,4,18070.0,18080.0,21,18170.0,18100.0,18145.0,18080.0,297.0,26907825.0,32181
2023-05-10 21:03:58,al2309,al2309,18080.0,0.0,0.0,0.0,2,18070.0,18080.0,22,18170.0,18100.0,18145.0,18080.0,297.0,26907825.0,32181
2023-05-10 21:03:59,al2309,al2309,18080.0,0.0,0.0,0.0,2,18065.0,18075.0,6,18170.0,18100.0,18145.0,18080.0,297.0,26907825.0,32181
2023-05-10 21:03:59,al2309,al2309,18080.0,0.0,0.0,0.0,2,18065.0,18075.0,21,18170.0,18100.0,18145.0,18080.0,297.0,26907825.0,32181
2023-05-10 21:04:00,al2309,al2309,18075.0,1.0,90375.0,1.0,4,18070.0,18075.0,15,18170.0,18100.0,18145.0,18075.0,298.0,26998200.0,32182
2023-05-10 21:04:00,al2309,al2309,18075.0,16.0,1446000.0,-10.0,2,18075.0,18085.0,9,18170.0,18100.0,18145.0,18075.0,314.0,28444200.0,32172
2023-05-10 21:04:01,al2309,al2309,18075.0,0.0,0.0,0.0,7,18070.0,18080.0,14,18170.0,18100.0,18145.0,18075.0,314.0,28444200.0,32172
2023-05-10 21:04:01,al2309,al2309,18075.0,0.0,0.0,0.0,7,18070.0,18080.0,19,18170.0,18100.0,18145.0,18075.0,314.0,28444200.0,32172
2023-05-10 21:04:02,al2309,al2309,18075.0,0.0,0.0,0.0,7,18070.0,18080.0,28,18170.0,18100.0,18145.0,18075.0,314.0,28444200.0,32172
2023-05-10 21:04:02,al2309,al2309,18075.0,0.0,0.0,0.0,10,18070.0,18080.0,3,18170.0,18100.0,18145.0,18075.0,314.0,28444200.0,32172
2023-05-10 21:04:04,al2309,al2309,18075.0,0.0,0.0,0.0,9,18070.0,18080.0,3,18170.0,18100.0,18145.0,18075.0,314.0,28444200.0,32172
2023-05-10 21:04:04,al2309,al2309,18075.0,0.0,0.0,0.0,11,18070.0,18080.0,3,18170.0,18100.0,18145.0,18075.0,314.0,28444200.0,32172
2023-05-10 21:04:05,al2309,al2309,18075.0,0.0,0.0,0.0,9,18070.0,18080.0,18,18170.0,18100.0,18145.0,18075.0,314.0,28444200.0,32172
2023-05-10 21:04:06,al2309,al2309,18075.0,0.0,0.0,0.0,9,18070.0,18080.0,17,18170.0,18100.0,18145.0,18075.0,314.0,28444200.0,32172
2023-05-10 21:04:06,al2309,al2309,18075.0,0.0,0.0,0.0,9,18070.0,18080.0,13,18170.0,18100.0,18145.0,18075.0,314.0,28444200.0,32172
2023-05-10 21:04:07,al2309,al2309,18075.0,0.0,0.0,0.0,9,18070.0,18080.0,17,18170.0,18100.0,18145.0,18075.0,314.0,28444200.0,32172
2023-05-10 21:04:07,al2309,al2309,18075.0,0.0,0.0,0.0,3,18070.0,18075.0,2,18170.0,18100.0,18145.0,18075.0,314.0,28444200.0,32172
2023-05-10 21:04:08,al2309,al2309,18075.0,0.0,0.0,0.0,2,18070.0,18080.0,33,18170.0,18100.0,18145.0,18075.0,314.0,28444200.0,32172
2023-05-10 21:04:08,al2309,al2309,18075.0,0.0,0.0,0.0,2,18070.0,18080.0,35,18170.0,18100.0,18145.0,18075.0,314.0,28444200.0,32172
2023-05-10 21:04:09,al2309,al2309,18075.0,0.0,0.0,0.0,2,18070.0,18080.0,43,18170.0,18100.0,18145.0,18075.0,314.0,28444200.0,32172
2023-05-10 21:04:09,al2309,al2309,18075.0,0.0,0.0,0.0,3,18065.0,18080.0,44,18170.0,18100.0,18145.0,18075.0,314.0,28444200.0,32172
2023-05-10 21:04:10,al2309,al2309,18075.0,0.0,0.0,0.0,4,18065.0,18075.0,17,18170.0,18100.0,18145.0,18075.0,314.0,28444200.0,32172
2023-05-10 21:04:10,al2309,al2309,18075.0,0.0,0.0,0.0,2,18065.0,18075.0,32,18170.0,18100.0,18145.0,18075.0,314.0,28444200.0,32172
2023-05-10 21:04:11,al2309,al2309,18075.0,0.0,0.0,0.0,2,18065.0,18075.0,31,18170.0,18100.0,18145.0,18075.0,314.0,28444200.0,32172
2023-05-10 21:04:11,al2309,al2309,18075.0,0.0,0.0,0.0,2,18065.0,18075.0,31,18170.0,18100.0,18145.0,18075.0,314.0,28444200.0,32172
2023-05-10 21:04:12,al2309,al2309,18065.0,2.0,180650.0,0.0,1,18060.0,18070.0,20,18170.0,18100.0,18145.0,18065.0,316.0,28624850.0,32172
2023-05-10 21:04:12,al2309,al2309,18065.0,1.0,90325.0,0.0,1,18065.0,18070.0,31,18170.0,18100.0,18145.0,18065.0,317.0,28715175.0,32172
2023-05-10 21:04:13,al2309,al2309,18065.0,0.0,0.0,0.0,1,18065.0,18070.0,17,18170.0,18100.0,18145.0,18065.0,317.0,28715175.0,32172
2023-05-10 21:04:13,al2309,al2309,18065.0,0.0,0.0,0.0,3,18065.0,18075.0,18,18170.0,18100.0,18145.0,18065.0,317.0,28715175.0,32172
2023-05-10 21:04:14,al2309,al2309,18065.0,0.0,0.0,0.0,3,18065.0,18075.0,32,18170.0,18100.0,18145.0,18065.0,317.0,28715175.0,32172
2023-05-10 21:04:14,al2309,al2309,18065.0,0.0,0.0,0.0,3,18065.0,18075.0,27,18170.0,18100.0,18145.0,18065.0,317.0,28715175.0,32172
2023-05-10 21:04:15,al2309,al2309,18065.0,0.0,0.0,0.0,1,18065.0,18070.0,18,18170.0,18100.0,18145.0,18065.0,317.0,28715175.0,32172
2023-05-10 21:04:15,al2309,al2309,18065.0,0.0,0.0,0.0,1,18065.0,18070.0,27,18170.0,18100.0,18145.0,18065.0,317.0,28715175.0,32172
2023-05-10 21:04:16,al2309,al2309,18065.0,0.0,0.0,0.0,1,18065.0,18070.0,28,18170.0,18100.0,18145.0,18065.0,317.0,28715175.0,32172
2023-05-10 21:04:16,al2309,al2309,18065.0,1.0,90325.0,1.0,3,18060.0,18070.0,32,18170.0,18100.0,18145.0,18065.0,318.0,28805500.0,32173
2023-05-10 21:04:17,al2309,al2309,18065.0,0.0,0.0,0.0,3,18060.0,18070.0,28,18170.0,18100.0,18145.0,18065.0,318.0,28805500.0,32173
2023-05-10 21:04:17,al2309,al2309,18065.0,0.0,0.0,0.0,3,18060.0,18065.0,7,18170.0,18100.0,18145.0,18065.0,318.0,28805500.0,32173
2023-05-10 21:04:18,al2309,al2309,18065.0,2.0,180650.0,1.0,3,18060.0,18065.0,8,18170.0,18100.0,18145.0,18065.0,320.0,28986150.0,32174
2023-05-10 21:04:18,al2309,al2309,18065.0,8.0,722600.0,-4.0,2,18065.0,18070.0,4,18170.0,18100.0,18145.0,18065.0,328.0,29708750.0,32170
2023-05-10 21:04:19,al2309,al2309,18060.0,5.0,451500.0,3.0,1,18060.0,18070.0,2,18170.0,18100.0,18145.0,18060.0,333.0,30160250.0,32173
2023-05-10 21:04:19,al2309,al2309,18060.0,0.0,0.0,0.0,6,18060.0,18070.0,7,18170.0,18100.0,18145.0,18060.0,333.0,30160250.0,32173
2023-05-10 21:04:20,al2309,al2309,18060.0,0.0,0.0,0.0,4,18060.0,18070.0,23,18170.0,18100.0,18145.0,18060.0,333.0,30160250.0,32173
2023-05-10 21:04:20,al2309,al2309,18060.0,0.0,0.0,0.0,4,18060.0,18065.0,3,18170.0,18100.0,18145.0,18060.0,333.0,30160250.0,32173
2023-05-10 21:04:21,al2309,al2309,18060.0,0.0,0.0,0.0,3,18060.0,18065.0,6,18170.0,18100.0,18145.0,18060.0,333.0,30160250.0,32173
2023-05-10 21:04:21,al2309,al2309,18060.0,0.0,0.0,0.0,1,18060.0,18065.0,6,18170.0,18100.0,18145.0,18060.0,333.0,30160250.0,32173
2023-05-10 21:04:23,al2309,al2309,18060.0,0.0,0.0,0.0,3,18060.0,18065.0,6,18170.0,18100.0,18145.0,18060.0,333.0,30160250.0,32173
2023-05-10 21:04:24,al2309,al2309,18060.0,0.0,0.0,0.0,1,18060.0,18065.0,6,18170.0,18100.0,18145.0,18060.0,333.0,30160250.0,32173
2023-05-10 21:04:24,al2309,al2309,18060.0,1.0,90300.0,1.0,2,18055.0,18065.0,3,18170.0,18100.0,18145.0,18060.0,334.0,30250550.0,32174
2023-05-10 21:04:25,al2309,al2309,18060.0,0.0,0.0,0.0,6,18060.0,18065.0,3,18170.0,18100.0,18145.0,18060.0,334.0,30250550.0,32174
2023-05-10 21:04:26,al2309,al2309,18065.0,3.0,270975.0,0.0,8,18060.0,18070.0,7,18170.0,18100.0,18145.0,18060.0,337.0,30521525.0,32174
2023-05-10 21:04:27,al2309,al2309,18065.0,0.0,0.0,0.0,9,18060.0,18075.0,11,18170.0,18100.0,18145.0,18060.0,337.0,30521525.0,32174
2023-05-10 21:04:27,al2309,al2309,18065.0,0.0,0.0,0.0,11,18060.0,18075.0,25,18170.0,18100.0,18145.0,18060.0,337.0,30521525.0,32174
2023-05-10 21:04:28,al2309,al2309,18060.0,6.0,541800.0,6.0,8,18055.0,18060.0,14,18170.0,18100.0,18145.0,18060.0,343.0,31063325.0,32180
2023-05-10 21:04:28,al2309,al2309,18070.0,15.0,1354550.0,14.0,10,18055.0,18070.0,29,18170.0,18100.0,18145.0,18060.0,358.0,32417875.0,32194
2023-05-10 21:04:29,al2309,al2309,18070.0,1.0,90350.0,0.0,1,18060.0,18065.0,4,18170.0,18100.0,18145.0,18060.0,359.0,32508225.0,32194
2023-05-10 21:04:29,al2309,al2309,18070.0,0.0,0.0,0.0,3,18060.0,18065.0,4,18170.0,18100.0,18145.0,18060.0,359.0,32508225.0,32194
2023-05-10 21:04:30,al2309,al2309,18070.0,0.0,0.0,0.0,3,18060.0,18065.0,4,18170.0,18100.0,18145.0,18060.0,359.0,32508225.0,32194
2023-05-10 21:04:30,al2309,al2309,18070.0,0.0,0.0,0.0,3,18060.0,18070.0,31,18170.0,18100.0,18145.0,18060.0,359.0,32508225.0,32194
2023-05-10 21:04:31,al2309,al2309,18070.0,0.0,0.0,0.0,2,18065.0,18070.0,14,18170.0,18100.0,18145.0,18060.0,359.0,32508225.0,32194
2023-05-10 21:04:31,al2309,al2309,18065.0,1.0,90325.0,0.0,9,18065.0,18070.0,7,18170.0,18100.0,18145.0,18060.0,360.0,32598550.0,32194
2023-05-10 21:04:32,al2309,al2309,18065.0,0.0,0.0,0.0,14,18065.0,18070.0,3,18170.0,18100.0,18145.0,18060.0,360.0,32598550.0,32194
2023-05-10 21:04:32,al2309,al2309,18065.0,0.0,0.0,0.0,14,18065.0,18070.0,3,18170.0,18100.0,18145.0,18060.0,360.0,32598550.0,32194
2023-05-10 21:04:33,al2309,al2309,18065.0,0.0,0.0,0.0,11,18065.0,18075.0,4,18170.0,18100.0,18145.0,18060.0,360.0,32598550.0,32194
2023-05-10 21:04:33,al2309,al2309,18065.0,2.0,180650.0,0.0,5,18065.0,18070.0,4,18170.0,18100.0,18145.0,18060.0,362.0,32779200.0,32194
2023-05-10 21:04:34,al2309,al2309,18065.0,0.0,0.0,0.0,7,18065.0,18070.0,4,18170.0,18100.0,18145.0,18060.0,362.0,32779200.0,32194
2023-05-10 21:04:34,al2309,al2309,18065.0,0.0,0.0,0.0,7,18065.0,18070.0,4,18170.0,18100.0,18145.0,18060.0,362.0,32779200.0,32194
2023-05-10 21:04:36,al2309,al2309,18065.0,0.0,0.0,0.0,8,18065.0,18075.0,15,18170.0,18100.0,18145.0,18060.0,362.0,32779200.0,32194
2023-05-10 21:04:36,al2309,al2309,18065.0,3.0,270975.0,3.0,2,18065.0,18070.0,29,18170.0,18100.0,18145.0,18060.0,365.0,33050175.0,32197
2023-05-10 21:04:37,al2309,al2309,18065.0,0.0,0.0,0.0,2,18065.0,18070.0,19,18170.0,18100.0,18145.0,18060.0,365.0,33050175.0,32197
2023-05-10 21:04:37,al2309,al2309,18060.0,3.0,270950.0,0.0,6,18060.0,18070.0,19,18170.0,18100.0,18145.0,18060.0,368.0,33321125.0,32197
2023-05-10 21:04:38,al2309,al2309,18060.0,0.0,0.0,0.0,6,18055.0,18065.0,7,18170.0,18100.0,18145.0,18060.0,368.0,33321125.0,32197
2023-05-10 21:04:38,al2309,al2309,18065.0,7.0,632250.0,-5.0,2,18060.0,18065.0,11,18170.0,18100.0,18145.0,18060.0,375.0,33953375.0,32192
2023-05-10 21:04:39,al2309,al2309,18070.0,12.0,1083925.0,3.0,1,18065.0,18070.0,10,18170.0,18100.0,18145.0,18060.0,387.0,35037300.0,32195
2023-05-10 21:04:39,al2309,al2309,18070.0,0.0,0.0,0.0,3,18065.0,18070.0,24,18170.0,18100.0,18145.0,18060.0,387.0,35037300.0,32195
2023-05-10 21:04:40,al2309,al2309,18065.0,3.0,270975.0,-3.0,6,18060.0,18070.0,24,18170.0,18100.0,18145.0,18060.0,390.0,35308275.0,32192
2023-05-10 21:04:41,al2309,al2309,18065.0,0.0,0.0,0.0,8,18060.0,18070.0,24,18170.0,18100.0,18145.0,18060.0,390.0,35308275.0,32192
2023-05-10 21:04:42,al2309,al2309,18065.0,0.0,0.0,0.0,8,18060.0,18070.0,24,18170.0,18100.0,18145.0,18060.0,390.0,35308275.0,32192
2023-05-10 21:04:44,al2309,al2309,18065.0,0.0,0.0,0.0,8,18060.0,18070.0,25,18170.0,18100.0,18145.0,18060.0,390.0,35308275.0,32192
2023-05-10 21:04:44,al2309,al2309,18065.0,0.0,0.0,0.0,18,18060.0,18065.0,7,18170.0,18100.0,18145.0,18060.0,390.0,35308275.0,32192
2023-05-10 21:04:45,al2309,al2309,18065.0,0.0,0.0,0.0,2,18060.0,18065.0,8,18170.0,18100.0,18145.0,18060.0,390.0,35308275.0,32192
2023-05-10 21:04:46,al2309,al2309,18065.0,0.0,0.0,0.0,1,18060.0,18065.0,8,18170.0,18100.0,18145.0,18060.0,390.0,35308275.0,32192
2023-05-10 21:04:48,al2309,al2309,18060.0,1.0,90300.0,-1.0,7,18055.0,18065.0,8,18170.0,18100.0,18145.0,18060.0,391.0,35398575.0,32191
2023-05-10 21:04:48,al2309,al2309,18055.0,8.0,722200.0,-7.0,6,18050.0,18060.0,4,18170.0,18100.0,18145.0,18055.0,399.0,36120775.0,32184
2023-05-10 21:04:49,al2309,al2309,18055.0,0.0,0.0,0.0,10,18055.0,18060.0,5,18170.0,18100.0,18145.0,18055.0,399.0,36120775.0,32184
2023-05-10 21:04:49,al2309,al2309,18055.0,0.0,0.0,0.0,10,18055.0,18060.0,5,18170.0,18100.0,18145.0,18055.0,399.0,36120775.0,32184
2023-05-10 21:04:50,al2309,al2309,18055.0,0.0,0.0,0.0,10,18055.0,18060.0,5,18170.0,18100.0,18145.0,18055.0,399.0,36120775.0,32184
2023-05-10 21:04:51,al2309,al2309,18055.0,0.0,0.0,0.0,10,18055.0,18060.0,5,18170.0,18100.0,18145.0,18055.0,399.0,36120775.0,32184
2023-05-10 21:04:52,al2309,al2309,18055.0,0.0,0.0,0.0,10,18055.0,18060.0,5,18170.0,18100.0,18145.0,18055.0,399.0,36120775.0,32184
2023-05-10 21:04:53,al2309,al2309,18055.0,0.0,0.0,0.0,10,18055.0,18060.0,15,18170.0,18100.0,18145.0,18055.0,399.0,36120775.0,32184
2023-05-10 21:04:53,al2309,al2309,18055.0,0.0,0.0,0.0,10,18055.0,18060.0,5,18170.0,18100.0,18145.0,18055.0,399.0,36120775.0,32184
2023-05-10 21:04:54,al2309,al2309,18055.0,0.0,0.0,0.0,10,18055.0,18060.0,5,18170.0,18100.0,18145.0,18055.0,399.0,36120775.0,32184
2023-05-10 21:04:54,al2309,al2309,18055.0,0.0,0.0,0.0,11,18055.0,18060.0,5,18170.0,18100.0,18145.0,18055.0,399.0,36120775.0,32184
2023-05-10 21:04:55,al2309,al2309,18055.0,0.0,0.0,0.0,11,18055.0,18060.0,15,18170.0,18100.0,18145.0,18055.0,399.0,36120775.0,32184
2023-05-10 21:04:55,al2309,al2309,18055.0,2.0,180550.0,2.0,9,18055.0,18060.0,15,18170.0,18100.0,18145.0,18055.0,401.0,36301325.0,32186
2023-05-10 21:04:56,al2309,al2309,18055.0,8.0,722200.0,0.0,7,18050.0,18060.0,26,18170.0,18100.0,18145.0,18055.0,409.0,37023525.0,32186
2023-05-10 21:04:56,al2309,al2309,18055.0,0.0,0.0,0.0,10,18050.0,18060.0,19,18170.0,18100.0,18145.0,18055.0,409.0,37023525.0,32186
2023-05-10 21:04:57,al2309,al2309,18055.0,0.0,0.0,0.0,10,18050.0,18060.0,11,18170.0,18100.0,18145.0,18055.0,409.0,37023525.0,32186
2023-05-10 21:04:57,al2309,al2309,18055.0,0.0,0.0,0.0,3,18055.0,18060.0,15,18170.0,18100.0,18145.0,18055.0,409.0,37023525.0,32186
2023-05-10 21:04:58,al2309,al2309,18055.0,0.0,0.0,0.0,2,18055.0,18060.0,15,18170.0,18100.0,18145.0,18055.0,409.0,37023525.0,32186
2023-05-10 21:04:58,al2309,al2309,18055.0,0.0,0.0,0.0,27,18050.0,18060.0,25,18170.0,18100.0,18145.0,18055.0,409.0,37023525.0,32186
2023-05-10 21:04:59,al2309,al2309,18055.0,0.0,0.0,0.0,2,18055.0,18060.0,11,18170.0,18100.0,18145.0,18055.0,409.0,37023525.0,32186
2023-05-10 21:04:59,al2309,al2309,18055.0,0.0,0.0,0.0,2,18055.0,18060.0,11,18170.0,18100.0,18145.0,18055.0,409.0,37023525.0,32186
2023-05-10 21:05:00,al2309,al2309,18055.0,1.0,90275.0,0.0,1,18055.0,18060.0,11,18170.0,18100.0,18145.0,18055.0,410.0,37113800.0,32186
2023-05-10 21:05:00,al2309,al2309,18055.0,0.0,0.0,0.0,1,18055.0,18060.0,12,18170.0,18100.0,18145.0,18055.0,410.0,37113800.0,32186
2023-05-10 21:05:01,al2309,al2309,18055.0,1.0,90275.0,0.0,8,18050.0,18060.0,26,18170.0,18100.0,18145.0,18055.0,411.0,37204075.0,32186
2023-05-10 21:05:01,al2309,al2309,18055.0,0.0,0.0,0.0,28,18050.0,18060.0,26,18170.0,18100.0,18145.0,18055.0,411.0,37204075.0,32186
2023-05-10 21:05:02,al2309,al2309,18055.0,0.0,0.0,0.0,2,18055.0,18060.0,26,18170.0,18100.0,18145.0,18055.0,411.0,37204075.0,32186
2023-05-10 21:05:02,al2309,al2309,18055.0,0.0,0.0,0.0,2,18055.0,18060.0,26,18170.0,18100.0,18145.0,18055.0,411.0,37204075.0,32186
2023-05-10 21:05:03,al2309,al2309,18055.0,3.0,270825.0,3.0,18,18050.0,18055.0,3,18170.0,18100.0,18145.0,18055.0,414.0,37474900.0,32189
2023-05-10 21:05:04,al2309,al2309,18055.0,4.0,361100.0,4.0,2,18055.0,18060.0,11,18170.0,18100.0,18145.0,18055.0,418.0,37836000.0,32193
2023-05-10 21:05:05,al2309,al2309,18055.0,0.0,0.0,0.0,7,18055.0,18060.0,11,18170.0,18100.0,18145.0,18055.0,418.0,37836000.0,32193
2023-05-10 21:05:06,al2309,al2309,18055.0,0.0,0.0,0.0,7,18055.0,18060.0,11,18170.0,18100.0,18145.0,18055.0,418.0,37836000.0,32193
2023-05-10 21:05:07,al2309,al2309,18055.0,2.0,180550.0,1.0,5,18055.0,18060.0,11,18170.0,18100.0,18145.0,18055.0,420.0,38016550.0,32194
2023-05-10 21:05:07,al2309,al2309,18055.0,5.0,451375.0,-5.0,8,18050.0,18060.0,35,18170.0,18100.0,18145.0,18055.0,425.0,38467925.0,32189
2023-05-10 21:05:08,al2309,al2309,18055.0,0.0,0.0,0.0,8,18050.0,18060.0,35,18170.0,18100.0,18145.0,18055.0,425.0,38467925.0,32189
2023-05-10 21:05:08,al2309,al2309,18055.0,0.0,0.0,0.0,8,18050.0,18055.0,7,18170.0,18100.0,18145.0,18055.0,425.0,38467925.0,32189
2023-05-10 21:05:09,al2309,al2309,18055.0,0.0,0.0,0.0,7,18050.0,18055.0,17,18170.0,18100.0,18145.0,18055.0,425.0,38467925.0,32189
2023-05-10 21:05:09,al2309,al2309,18055.0,0.0,0.0,0.0,7,18050.0,18055.0,17,18170.0,18100.0,18145.0,18055.0,425.0,38467925.0,32189
2023-05-10 21:05:10,al2309,al2309,18055.0,0.0,0.0,0.0,7,18050.0,18055.0,18,18170.0,18100.0,18145.0,18055.0,425.0,38467925.0,32189
2023-05-10 21:05:10,al2309,al2309,18055.0,2.0,180550.0,0.0,7,18050.0,18055.0,15,18170.0,18100.0,18145.0,18055.0,427.0,38648475.0,32189
2023-05-10 21:05:11,al2309,al2309,18050.0,5.0,451250.0,5.0,2,18050.0,18055.0,15,18170.0,18100.0,18145.0,18050.0,432.0,39099725.0,32194
2023-05-10 21:05:11,al2309,al2309,18050.0,2.0,180500.0,2.0,2,18045.0,18050.0,3,18170.0,18100.0,18145.0,18050.0,434.0,39280225.0,32196
2023-05-10 21:05:12,al2309,al2309,18050.0,3.0,270750.0,1.0,6,18045.0,18055.0,15,18170.0,18100.0,18145.0,18050.0,437.0,39550975.0,32197
2023-05-10 21:05:12,al2309,al2309,18050.0,0.0,0.0,0.0,6,18045.0,18055.0,14,18170.0,18100.0,18145.0,18050.0,437.0,39550975.0,32197
2023-05-10 21:05:13,al2309,al2309,18050.0,0.0,0.0,0.0,2,18050.0,18055.0,8,18170.0,18100.0,18145.0,18050.0,437.0,39550975.0,32197
2023-05-10 21:05:13,al2309,al2309,18050.0,0.0,0.0,0.0,1,18050.0,18055.0,8,18170.0,18100.0,18145.0,18050.0,437.0,39550975.0,32197
2023-05-10 21:05:14,al2309,al2309,18050.0,0.0,0.0,0.0,8,18045.0,18055.0,8,18170.0,18100.0,18145.0,18050.0,437.0,39550975.0,32197
2023-05-10 21:05:14,al2309,al2309,18050.0,0.0,0.0,0.0,5,18045.0,18055.0,16,18170.0,18100.0,18145.0,18050.0,437.0,39550975.0,32197
2023-05-10 21:05:15,al2309,al2309,18050.0,0.0,0.0,0.0,6,18045.0,18055.0,16,18170.0,18100.0,18145.0,18050.0,437.0,39550975.0,32197
2023-05-10 21:05:15,al2309,al2309,18050.0,0.0,0.0,0.0,5,18045.0,18050.0,1,18170.0,18100.0,18145.0,18050.0,437.0,39550975.0,32197
2023-05-10 21:05:16,al2309,al2309,18050.0,1.0,90250.0,1.0,5,18045.0,18055.0,16,18170.0,18100.0,18145.0,18050.0,438.0,39641225.0,32198
2023-05-10 21:05:16,al2309,al2309,18050.0,0.0,0.0,0.0,3,18045.0,18050.0,18,18170.0,18100.0,18145.0,18050.0,438.0,39641225.0,32198
2023-05-10 21:05:17,al2309,al2309,18050.0,0.0,0.0,0.0,5,18045.0,18050.0,8,18170.0,18100.0,18145.0,18050.0,438.0,39641225.0,32198
2023-05-10 21:05:17,al2309,al2309,18050.0,0.0,0.0,0.0,5,18045.0,18050.0,5,18170.0,18100.0,18145.0,18050.0,438.0,39641225.0,32198
2023-05-10 21:05:18,al2309,al2309,18050.0,0.0,0.0,0.0,5,18045.0,18050.0,5,18170.0,18100.0,18145.0,18050.0,438.0,39641225.0,32198
2023-05-10 21:05:19,al2309,al2309,18050.0,6.0,541500.0,3.0,5,18045.0,18050.0,13,18170.0,18100.0,18145.0,18050.0,444.0,40182725.0,32201
2023-05-10 21:05:19,al2309,al2309,18050.0,2.0,180500.0,0.0,8,18045.0,18055.0,13,18170.0,18100.0,18145.0,18050.0,446.0,40363225.0,32201
2023-05-10 21:05:20,al2309,al2309,18055.0,2.0,180550.0,0.0,3,18050.0,18055.0,17,18170.0,18100.0,18145.0,18050.0,448.0,40543775.0,32201
2023-05-10 21:05:20,al2309,al2309,18055.0,0.0,0.0,0.0,11,18050.0,18055.0,2,18170.0,18100.0,18145.0,18050.0,448.0,40543775.0,32201
2023-05-10 21:05:22,al2309,al2309,18055.0,0.0,0.0,0.0,7,18050.0,18055.0,5,18170.0,18100.0,18145.0,18050.0,448.0,40543775.0,32201
2023-05-10 21:05:23,al2309,al2309,18055.0,0.0,0.0,0.0,11,18050.0,18055.0,2,18170.0,18100.0,18145.0,18050.0,448.0,40543775.0,32201
2023-05-10 21:05:23,al2309,al2309,18055.0,0.0,0.0,0.0,7,18050.0,18055.0,5,18170.0,18100.0,18145.0,18050.0,448.0,40543775.0,32201
2023-05-10 21:05:24,al2309,al2309,18055.0,0.0,0.0,0.0,7,18050.0,18055.0,5,18170.0,18100.0,18145.0,18050.0,448.0,40543775.0,32201
2023-05-10 21:05:24,al2309,al2309,18050.0,1.0,90250.0,0.0,6,18050.0,18055.0,5,18170.0,18100.0,18145.0,18050.0,449.0,40634025.0,32201
2023-05-10 21:05:25,al2309,al2309,18055.0,1.0,90275.0,1.0,6,18050.0,18055.0,4,18170.0,18100.0,18145.0,18050.0,450.0,40724300.0,32202
2023-05-10 21:05:25,al2309,al2309,18055.0,1.0,90275.0,1.0,10,18050.0,18055.0,3,18170.0,18100.0,18145.0,18050.0,451.0,40814575.0,32203
2023-05-10 21:05:26,al2309,al2309,18055.0,0.0,0.0,0.0,10,18050.0,18055.0,3,18170.0,18100.0,18145.0,18050.0,451.0,40814575.0,32203
2023-05-10 21:05:28,al2309,al2309,18055.0,0.0,0.0,0.0,10,18050.0,18055.0,11,18170.0,18100.0,18145.0,18050.0,451.0,40814575.0,32203
2023-05-10 21:05:28,al2309,al2309,18055.0,0.0,0.0,0.0,8,18050.0,18055.0,3,18170.0,18100.0,18145.0,18050.0,451.0,40814575.0,32203
2023-05-10 21:05:29,al2309,al2309,18050.0,8.0,722000.0,2.0,5,18050.0,18055.0,13,18170.0,18100.0,18145.0,18050.0,459.0,41536575.0,32205
2023-05-10 21:05:30,al2309,al2309,18050.0,5.0,451250.0,2.0,3,18045.0,18050.0,10,18170.0,18100.0,18145.0,18050.0,464.0,41987825.0,32207
2023-05-10 21:05:30,al2309,al2309,18050.0,0.0,0.0,0.0,5,18045.0,18050.0,10,18170.0,18100.0,18145.0,18050.0,464.0,41987825.0,32207
2023-05-10 21:05:31,al2309,al2309,18050.0,0.0,0.0,0.0,9,18045.0,18055.0,11,18170.0,18100.0,18145.0,18050.0,464.0,41987825.0,32207
2023-05-10 21:05:32,al2309,al2309,18050.0,0.0,0.0,0.0,5,18045.0,18050.0,10,18170.0,18100.0,18145.0,18050.0,464.0,41987825.0,32207
2023-05-10 21:05:32,al2309,al2309,18050.0,0.0,0.0,0.0,3,18045.0,18050.0,14,18170.0,18100.0,18145.0,18050.0,464.0,41987825.0,32207
2023-05-10 21:05:33,al2309,al2309,18045.0,1.0,90225.0,1.0,2,18045.0,18050.0,14,18170.0,18100.0,18145.0,18045.0,465.0,42078050.0,32208
2023-05-10 21:05:34,al2309,al2309,18045.0,2.0,180450.0,0.0,7,18040.0,18045.0,1,18170.0,18100.0,18145.0,18045.0,467.0,42258500.0,32208
2023-05-10 21:05:34,al2309,al2309,18040.0,1.0,90200.0,1.0,2,18040.0,18045.0,4,18170.0,18100.0,18145.0,18040.0,468.0,42348700.0,32209
2023-05-10 21:05:35,al2309,al2309,18040.0,0.0,0.0,0.0,4,18040.0,18045.0,4,18170.0,18100.0,18145.0,18040.0,468.0,42348700.0,32209
2023-05-10 21:05:35,al2309,al2309,18040.0,1.0,90200.0,1.0,3,18040.0,18045.0,4,18170.0,18100.0,18145.0,18040.0,469.0,42438900.0,32210
2023-05-10 21:05:36,al2309,al2309,18040.0,0.0,0.0,0.0,1,18040.0,18045.0,4,18170.0,18100.0,18145.0,18040.0,469.0,42438900.0,32210
2023-05-10 21:05:36,al2309,al2309,18040.0,0.0,0.0,0.0,1,18040.0,18045.0,4,18170.0,18100.0,18145.0,18040.0,469.0,42438900.0,32210
2023-05-10 21:05:37,al2309,al2309,18040.0,0.0,0.0,0.0,1,18040.0,18045.0,4,18170.0,18100.0,18145.0,18040.0,469.0,42438900.0,32210
2023-05-10 21:05:38,al2309,al2309,18040.0,0.0,0.0,0.0,6,18040.0,18045.0,1,18170.0,18100.0,18145.0,18040.0,469.0,42438900.0,32210
2023-05-10 21:05:38,al2309,al2309,18040.0,0.0,0.0,0.0,6,18040.0,18045.0,1,18170.0,18100.0,18145.0,18040.0,469.0,42438900.0,32210
2023-05-10 21:05:39,al2309,al2309,18040.0,0.0,0.0,0.0,5,18040.0,18045.0,1,18170.0,18100.0,18145.0,18040.0,469.0,42438900.0,32210
2023-05-10 21:05:39,al2309,al2309,18040.0,0.0,0.0,0.0,4,18040.0,18045.0,6,18170.0,18100.0,18145.0,18040.0,469.0,42438900.0,32210
2023-05-10 21:05:40,al2309,al2309,18040.0,0.0,0.0,0.0,4,18040.0,18045.0,18,18170.0,18100.0,18145.0,18040.0,469.0,42438900.0,32210
2023-05-10 21:05:40,al2309,al2309,18040.0,0.0,0.0,0.0,4,18040.0,18045.0,4,18170.0,18100.0,18145.0,18040.0,469.0,42438900.0,32210
2023-05-10 21:05:41,al2309,al2309,18040.0,0.0,0.0,0.0,11,18040.0,18045.0,1,18170.0,18100.0,18145.0,18040.0,469.0,42438900.0,32210
2023-05-10 21:05:41,al2309,al2309,18045.0,1.0,90225.0,0.0,16,18040.0,18050.0,14,18170.0,18100.0,18145.0,18040.0,470.0,42529125.0,32210
2023-05-10 21:05:42,al2309,al2309,18045.0,0.0,0.0,0.0,17,18040.0,18050.0,14,18170.0,18100.0,18145.0,18040.0,470.0,42529125.0,32210
2023-05-10 21:05:42,al2309,al2309,18040.0,1.0,90200.0,1.0,15,18040.0,18050.0,14,18170.0,18100.0,18145.0,18040.0,471.0,42619325.0,32211
2023-05-10 21:05:43,al2309,al2309,18040.0,1.0,90200.0,1.0,14,18040.0,18050.0,14,18170.0,18100.0,18145.0,18040.0,472.0,42709525.0,32212
2023-05-10 21:05:44,al2309,al2309,18040.0,0.0,0.0,0.0,15,18040.0,18050.0,14,18170.0,18100.0,18145.0,18040.0,472.0,42709525.0,32212
2023-05-10 21:05:44,al2309,al2309,18040.0,0.0,0.0,0.0,14,18040.0,18050.0,14,18170.0,18100.0,18145.0,18040.0,472.0,42709525.0,32212
2023-05-10 21:05:45,al2309,al2309,18040.0,0.0,0.0,0.0,14,18040.0,18050.0,26,18170.0,18100.0,18145.0,18040.0,472.0,42709525.0,32212
2023-05-10 21:05:46,al2309,al2309,18040.0,0.0,0.0,0.0,14,18040.0,18050.0,14,18170.0,18100.0,18145.0,18040.0,472.0,42709525.0,32212
2023-05-10 21:05:46,al2309,al2309,18040.0,1.0,90200.0,1.0,13,18040.0,18050.0,14,18170.0,18100.0,18145.0,18040.0,473.0,42799725.0,32213
2023-05-10 21:05:47,al2309,al2309,18040.0,0.0,0.0,0.0,18,18040.0,18050.0,14,18170.0,18100.0,18145.0,18040.0,473.0,42799725.0,32213
2023-05-10 21:05:48,al2309,al2309,18040.0,1.0,90200.0,1.0,18,18040.0,18050.0,26,18170.0,18100.0,18145.0,18040.0,474.0,42889925.0,32214
2023-05-10 21:05:48,al2309,al2309,18040.0,0.0,0.0,0.0,18,18040.0,18050.0,14,18170.0,18100.0,18145.0,18040.0,474.0,42889925.0,32214
2023-05-10 21:05:49,al2309,al2309,18040.0,0.0,0.0,0.0,5,18045.0,18055.0,3,18170.0,18100.0,18145.0,18040.0,474.0,42889925.0,32214
2023-05-10 21:05:49,al2309,al2309,18040.0,0.0,0.0,0.0,6,18045.0,18050.0,6,18170.0,18100.0,18145.0,18040.0,474.0,42889925.0,32214
2023-05-10 21:05:50,al2309,al2309,18050.0,1.0,90250.0,-1.0,2,18045.0,18050.0,5,18170.0,18100.0,18145.0,18040.0,475.0,42980175.0,32213
2023-05-10 21:05:50,al2309,al2309,18050.0,0.0,0.0,0.0,2,18045.0,18050.0,5,18170.0,18100.0,18145.0,18040.0,475.0,42980175.0,32213
2023-05-10 21:05:51,al2309,al2309,18050.0,0.0,0.0,0.0,6,18045.0,18050.0,2,18170.0,18100.0,18145.0,18040.0,475.0,42980175.0,32213
2023-05-10 21:05:53,al2309,al2309,18050.0,0.0,0.0,0.0,2,18045.0,18050.0,5,18170.0,18100.0,18145.0,18040.0,475.0,42980175.0,32213
2023-05-10 21:05:54,al2309,al2309,18050.0,0.0,0.0,0.0,6,18045.0,18050.0,2,18170.0,18100.0,18145.0,18040.0,475.0,42980175.0,32213
2023-05-10 21:05:54,al2309,al2309,18050.0,0.0,0.0,0.0,20,18040.0,18050.0,5,18170.0,18100.0,18145.0,18040.0,475.0,42980175.0,32213
2023-05-10 21:05:55,al2309,al2309,18050.0,0.0,0.0,0.0,4,18045.0,18050.0,2,18170.0,18100.0,18145.0,18040.0,475.0,42980175.0,32213
2023-05-10 21:05:55,al2309,al2309,18050.0,0.0,0.0,0.0,13,18045.0,18055.0,3,18170.0,18100.0,18145.0,18040.0,475.0,42980175.0,32213
2023-05-10 21:05:56,al2309,al2309,18050.0,0.0,0.0,0.0,4,18050.0,18060.0,13,18170.0,18100.0,18145.0,18040.0,475.0,42980175.0,32213
2023-05-10 21:05:56,al2309,al2309,18050.0,1.0,90250.0,0.0,4,18050.0,18055.0,5,18170.0,18100.0,18145.0,18040.0,476.0,43070425.0,32213
2023-05-10 21:05:57,al2309,al2309,18050.0,0.0,0.0,0.0,13,18045.0,18055.0,10,18170.0,18100.0,18145.0,18040.0,476.0,43070425.0,32213
2023-05-10 21:05:57,al2309,al2309,18050.0,0.0,0.0,0.0,14,18045.0,18055.0,13,18170.0,18100.0,18145.0,18040.0,476.0,43070425.0,32213
2023-05-10 21:05:58,al2309,al2309,18050.0,0.0,0.0,0.0,14,18045.0,18055.0,11,18170.0,18100.0,18145.0,18040.0,476.0,43070425.0,32213
2023-05-10 21:05:58,al2309,al2309,18050.0,0.0,0.0,0.0,3,18050.0,18055.0,8,18170.0,18100.0,18145.0,18040.0,476.0,43070425.0,32213
2023-05-10 21:05:59,al2309,al2309,18050.0,0.0,0.0,0.0,4,18050.0,18055.0,8,18170.0,18100.0,18145.0,18040.0,476.0,43070425.0,32213
2023-05-10 21:05:59,al2309,al2309,18050.0,0.0,0.0,0.0,4,18050.0,18055.0,8,18170.0,18100.0,18145.0,18040.0,476.0,43070425.0,32213
2023-05-10 21:06:00,al2309,al2309,18050.0,0.0,0.0,0.0,4,18050.0,18055.0,8,18170.0,18100.0,18145.0,18040.0,476.0,43070425.0,32213
2023-05-10 21:06:00,al2309,al2309,18050.0,0.0,0.0,0.0,4,18050.0,18055.0,5,18170.0,18100.0,18145.0,18040.0,476.0,43070425.0,32213
2023-05-10 21:06:02,al2309,al2309,18055.0,1.0,90275.0,1.0,18,18045.0,18050.0,1,18170.0,18100.0,18145.0,18040.0,477.0,43160700.0,32214
2023-05-10 21:06:02,al2309,al2309,18050.0,1.0,90250.0,0.0,18,18045.0,18055.0,7,18170.0,18100.0,18145.0,18040.0,478.0,43250950.0,32214
2023-05-10 21:06:03,al2309,al2309,18050.0,0.0,0.0,0.0,4,18050.0,18055.0,4,18170.0,18100.0,18145.0,18040.0,478.0,43250950.0,32214
2023-05-10 21:06:03,al2309,al2309,18050.0,0.0,0.0,0.0,5,18050.0,18055.0,4,18170.0,18100.0,18145.0,18040.0,478.0,43250950.0,32214
2023-05-10 21:06:04,al2309,al2309,18055.0,4.0,361100.0,-3.0,8,18050.0,18060.0,12,18170.0,18100.0,18145.0,18040.0,482.0,43612050.0,32211
2023-05-10 21:06:05,al2309,al2309,18055.0,0.0,0.0,0.0,3,18055.0,18060.0,2,18170.0,18100.0,18145.0,18040.0,482.0,43612050.0,32211
2023-05-10 21:06:05,al2309,al2309,18055.0,0.0,0.0,0.0,11,18050.0,18060.0,13,18170.0,18100.0,18145.0,18040.0,482.0,43612050.0,32211
2023-05-10 21:06:06,al2309,al2309,18055.0,0.0,0.0,0.0,3,18055.0,18060.0,2,18170.0,18100.0,18145.0,18040.0,482.0,43612050.0,32211
2023-05-10 21:06:06,al2309,al2309,18055.0,0.0,0.0,0.0,5,18055.0,18060.0,2,18170.0,18100.0,18145.0,18040.0,482.0,43612050.0,32211
2023-05-10 21:06:07,al2309,al2309,18055.0,0.0,0.0,0.0,5,18055.0,18060.0,3,18170.0,18100.0,18145.0,18040.0,482.0,43612050.0,32211
2023-05-10 21:06:07,al2309,al2309,18055.0,0.0,0.0,0.0,3,18055.0,18060.0,3,18170.0,18100.0,18145.0,18040.0,482.0,43612050.0,32211
2023-05-10 21:06:08,al2309,al2309,18060.0,2.0,180575.0,0.0,1,18055.0,18060.0,2,18170.0,18100.0,18145.0,18040.0,484.0,43792625.0,32211
2023-05-10 21:06:09,al2309,al2309,18060.0,0.0,0.0,0.0,11,18050.0,18060.0,14,18170.0,18100.0,18145.0,18040.0,484.0,43792625.0,32211
2023-05-10 21:06:09,al2309,al2309,18060.0,0.0,0.0,0.0,8,18050.0,18060.0,18,18170.0,18100.0,18145.0,18040.0,484.0,43792625.0,32211
2023-05-10 21:06:10,al2309,al2309,18060.0,0.0,0.0,0.0,2,18055.0,18060.0,2,18170.0,18100.0,18145.0,18040.0,484.0,43792625.0,32211
2023-05-10 21:06:10,al2309,al2309,18060.0,0.0,0.0,0.0,4,18055.0,18060.0,2,18170.0,18100.0,18145.0,18040.0,484.0,43792625.0,32211
2023-05-10 21:06:11,al2309,al2309,18060.0,2.0,180600.0,0.0,4,18055.0,18065.0,10,18170.0,18100.0,18145.0,18040.0,486.0,43973225.0,32211
2023-05-10 21:06:11,al2309,al2309,18060.0,0.0,0.0,0.0,4,18055.0,18065.0,14,18170.0,18100.0,18145.0,18040.0,486.0,43973225.0,32211
2023-05-10 21:06:12,al2309,al2309,18055.0,1.0,90275.0,1.0,5,18055.0,18060.0,1,18170.0,18100.0,18145.0,18040.0,487.0,44063500.0,32212
2023-05-10 21:06:12,al2309,al2309,18060.0,1.0,90300.0,0.0,5,18055.0,18065.0,14,18170.0,18100.0,18145.0,18040.0,488.0,44153800.0,32212
2023-05-10 21:06:13,al2309,al2309,18060.0,0.0,0.0,0.0,11,18055.0,18065.0,6,18170.0,18100.0,18145.0,18040.0,488.0,44153800.0,32212
2023-05-10 21:06:13,al2309,al2309,18060.0,0.0,0.0,0.0,10,18055.0,18065.0,10,18170.0,18100.0,18145.0,18040.0,488.0,44153800.0,32212
2023-05-10 21:06:14,al2309,al2309,18060.0,0.0,0.0,0.0,7,18055.0,18065.0,12,18170.0,18100.0,18145.0,18040.0,488.0,44153800.0,32212
2023-05-10 21:06:14,al2309,al2309,18060.0,0.0,0.0,0.0,4,18055.0,18065.0,24,18170.0,18100.0,18145.0,18040.0,488.0,44153800.0,32212
2023-05-10 21:06:15,al2309,al2309,18055.0,1.0,90275.0,1.0,3,18055.0,18065.0,24,18170.0,18100.0,18145.0,18040.0,489.0,44244075.0,32213
2023-05-10 21:06:15,al2309,al2309,18055.0,1.0,90275.0,1.0,4,18055.0,18065.0,23,18170.0,18100.0,18145.0,18040.0,490.0,44334350.0,32214
2023-05-10 21:06:16,al2309,al2309,18055.0,4.0,361250.0,2.0,3,18055.0,18065.0,21,18170.0,18100.0,18145.0,18040.0,494.0,44695600.0,32216
2023-05-10 21:06:16,al2309,al2309,18055.0,0.0,0.0,0.0,8,18055.0,18065.0,16,18170.0,18100.0,18145.0,18040.0,494.0,44695600.0,32216
2023-05-10 21:06:17,al2309,al2309,18055.0,0.0,0.0,0.0,12,18055.0,18065.0,2,18170.0,18100.0,18145.0,18040.0,494.0,44695600.0,32216
2023-05-10 21:06:17,al2309,al2309,18055.0,0.0,0.0,0.0,7,18055.0,18065.0,8,18170.0,18100.0,18145.0,18040.0,494.0,44695600.0,32216
2023-05-10 21:06:18,al2309,al2309,18055.0,0.0,0.0,0.0,12,18055.0,18065.0,6,18170.0,18100.0,18145.0,18040.0,494.0,44695600.0,32216
2023-05-10 21:06:18,al2309,al2309,18055.0,0.0,0.0,0.0,12,18055.0,18060.0,3,18170.0,18100.0,18145.0,18040.0,494.0,44695600.0,32216
2023-05-10 21:06:19,al2309,al2309,18060.0,3.0,270900.0,-3.0,19,18055.0,18065.0,6,18170.0,18100.0,18145.0,18040.0,497.0,44966500.0,32213
2023-05-10 21:06:19,al2309,al2309,18060.0,0.0,0.0,0.0,7,18055.0,18065.0,7,18170.0,18100.0,18145.0,18040.0,497.0,44966500.0,32213
2023-05-10 21:06:20,al2309,al2309,18060.0,0.0,0.0,0.0,7,18055.0,18065.0,9,18170.0,18100.0,18145.0,18040.0,497.0,44966500.0,32213
2023-05-10 21:06:20,al2309,al2309,18060.0,0.0,0.0,0.0,7,18055.0,18065.0,7,18170.0,18100.0,18145.0,18040.0,497.0,44966500.0,32213
2023-05-10 21:06:22,al2309,al2309,18060.0,0.0,0.0,0.0,9,18055.0,18065.0,6,18170.0,18100.0,18145.0,18040.0,497.0,44966500.0,32213
2023-05-10 21:06:23,al2309,al2309,18060.0,0.0,0.0,0.0,9,18055.0,18065.0,6,18170.0,18100.0,18145.0,18040.0,497.0,44966500.0,32213
2023-05-10 21:06:23,al2309,al2309,18060.0,0.0,0.0,0.0,1,18060.0,18065.0,2,18170.0,18100.0,18145.0,18040.0,497.0,44966500.0,32213
2023-05-10 21:06:24,al2309,al2309,18060.0,0.0,0.0,0.0,12,18055.0,18065.0,2,18170.0,18100.0,18145.0,18040.0,497.0,44966500.0,32213
2023-05-10 21:06:25,al2309,al2309,18060.0,0.0,0.0,0.0,12,18055.0,18065.0,8,18170.0,18100.0,18145.0,18040.0,497.0,44966500.0,32213
2023-05-10 21:06:25,al2309,al2309,18060.0,0.0,0.0,0.0,7,18055.0,18065.0,8,18170.0,18100.0,18145.0,18040.0,497.0,44966500.0,32213
2023-05-10 21:06:26,al2309,al2309,18060.0,0.0,0.0,0.0,37,18055.0,18065.0,8,18170.0,18100.0,18145.0,18040.0,497.0,44966500.0,32213
2023-05-10 21:06:27,al2309,al2309,18060.0,0.0,0.0,0.0,38,18055.0,18065.0,8,18170.0,18100.0,18145.0,18040.0,497.0,44966500.0,32213
2023-05-10 21:06:27,al2309,al2309,18060.0,0.0,0.0,0.0,1,18060.0,18065.0,2,18170.0,18100.0,18145.0,18040.0,497.0,44966500.0,32213
2023-05-10 21:06:28,al2309,al2309,18060.0,1.0,90300.0,0.0,43,18055.0,18060.0,1,18170.0,18100.0,18145.0,18040.0,498.0,45056800.0,32213
2023-05-10 21:06:28,al2309,al2309,18060.0,1.0,90300.0,0.0,43,18055.0,18065.0,6,18170.0,18100.0,18145.0,18040.0,499.0,45147100.0,32213
2023-05-10 21:06:29,al2309,al2309,18060.0,0.0,0.0,0.0,43,18055.0,18065.0,2,18170.0,18100.0,18145.0,18040.0,499.0,45147100.0,32213
2023-05-10 21:06:29,al2309,al2309,18060.0,0.0,0.0,0.0,43,18055.0,18065.0,6,18170.0,18100.0,18145.0,18040.0,499.0,45147100.0,32213
2023-05-10 21:06:30,al2309,al2309,18060.0,0.0,0.0,0.0,38,18055.0,18065.0,6,18170.0,18100.0,18145.0,18040.0,499.0,45147100.0,32213
2023-05-10 21:06:30,al2309,al2309,18060.0,0.0,0.0,0.0,38,18055.0,18065.0,8,18170.0,18100.0,18145.0,18040.0,499.0,45147100.0,32213
2023-05-10 21:06:31,al2309,al2309,18060.0,0.0,0.0,0.0,3,18060.0,18065.0,2,18170.0,18100.0,18145.0,18040.0,499.0,45147100.0,32213
2023-05-10 21:06:31,al2309,al2309,18060.0,0.0,0.0,0.0,3,18060.0,18065.0,8,18170.0,18100.0,18145.0,18040.0,499.0,45147100.0,32213
2023-05-10 21:06:32,al2309,al2309,18060.0,3.0,270900.0,0.0,38,18055.0,18065.0,8,18170.0,18100.0,18145.0,18040.0,502.0,45418000.0,32213
2023-05-10 21:06:33,al2309,al2309,18060.0,0.0,0.0,0.0,38,18055.0,18065.0,8,18170.0,18100.0,18145.0,18040.0,502.0,45418000.0,32213
2023-05-10 21:06:34,al2309,al2309,18060.0,0.0,0.0,0.0,40,18055.0,18065.0,6,18170.0,18100.0,18145.0,18040.0,502.0,45418000.0,32213
2023-05-10 21:06:35,al2309,al2309,18060.0,0.0,0.0,0.0,38,18055.0,18065.0,8,18170.0,18100.0,18145.0,18040.0,502.0,45418000.0,32213
2023-05-10 21:06:35,al2309,al2309,18060.0,0.0,0.0,0.0,37,18055.0,18060.0,4,18170.0,18100.0,18145.0,18040.0,502.0,45418000.0,32213
2023-05-10 21:06:36,al2309,al2309,18060.0,1.0,90300.0,0.0,33,18055.0,18060.0,3,18170.0,18100.0,18145.0,18040.0,503.0,45508300.0,32213
2023-05-10 21:06:36,al2309,al2309,18060.0,1.0,90300.0,1.0,33,18055.0,18060.0,2,18170.0,18100.0,18145.0,18040.0,504.0,45598600.0,32214
2023-05-10 21:06:37,al2309,al2309,18060.0,0.0,0.0,0.0,34,18055.0,18060.0,2,18170.0,18100.0,18145.0,18040.0,504.0,45598600.0,32214
2023-05-10 21:06:38,al2309,al2309,18060.0,0.0,0.0,0.0,33,18055.0,18060.0,2,18170.0,18100.0,18145.0,18040.0,504.0,45598600.0,32214
2023-05-10 21:06:39,al2309,al2309,18060.0,0.0,0.0,0.0,37,18055.0,18060.0,2,18170.0,18100.0,18145.0,18040.0,504.0,45598600.0,32214
2023-05-10 21:06:40,al2309,al2309,18060.0,0.0,0.0,0.0,38,18055.0,18060.0,2,18170.0,18100.0,18145.0,18040.0,504.0,45598600.0,32214
2023-05-10 21:06:40,al2309,al2309,18060.0,1.0,90300.0,1.0,38,18055.0,18060.0,1,18170.0,18100.0,18145.0,18040.0,505.0,45688900.0,32215
2023-05-10 21:06:41,al2309,al2309,18060.0,1.0,90300.0,0.0,38,18055.0,18065.0,8,18170.0,18100.0,18145.0,18040.0,506.0,45779200.0,32215
2023-05-10 21:06:43,al2309,al2309,18055.0,7.0,631925.0,7.0,31,18055.0,18065.0,8,18170.0,18100.0,18145.0,18040.0,513.0,46411125.0,32222
2023-05-10 21:06:43,al2309,al2309,18055.0,0.0,0.0,0.0,31,18055.0,18065.0,6,18170.0,18100.0,18145.0,18040.0,513.0,46411125.0,32222
2023-05-10 21:06:44,al2309,al2309,18055.0,0.0,0.0,0.0,1,18060.0,18065.0,6,18170.0,18100.0,18145.0,18040.0,513.0,46411125.0,32222
2023-05-10 21:06:44,al2309,al2309,18055.0,0.0,0.0,0.0,1,18060.0,18065.0,2,18170.0,18100.0,18145.0,18040.0,513.0,46411125.0,32222
2023-05-10 21:06:45,al2309,al2309,18055.0,0.0,0.0,0.0,1,18060.0,18065.0,8,18170.0,18100.0,18145.0,18040.0,513.0,46411125.0,32222
2023-05-10 21:06:45,al2309,al2309,18055.0,0.0,0.0,0.0,31,18055.0,18065.0,8,18170.0,18100.0,18145.0,18040.0,513.0,46411125.0,32222
2023-05-10 21:06:46,al2309,al2309,18055.0,0.0,0.0,0.0,34,18055.0,18065.0,6,18170.0,18100.0,18145.0,18040.0,513.0,46411125.0,32222
2023-05-10 21:06:46,al2309,al2309,18065.0,1.0,90325.0,0.0,3,18060.0,18065.0,1,18170.0,18100.0,18145.0,18040.0,514.0,46501450.0,32222
2023-05-10 21:06:47,al2309,al2309,18065.0,0.0,0.0,0.0,1,18060.0,18065.0,5,18170.0,18100.0,18145.0,18040.0,514.0,46501450.0,32222
2023-05-10 21:06:48,al2309,al2309,18065.0,0.0,0.0,0.0,5,18060.0,18065.0,1,18170.0,18100.0,18145.0,18040.0,514.0,46501450.0,32222
2023-05-10 21:06:49,al2309,al2309,18065.0,0.0,0.0,0.0,8,18060.0,18070.0,12,18170.0,18100.0,18145.0,18040.0,514.0,46501450.0,32222
2023-05-10 21:06:50,al2309,al2309,18065.0,0.0,0.0,0.0,5,18060.0,18065.0,4,18170.0,18100.0,18145.0,18040.0,514.0,46501450.0,32222
2023-05-10 21:06:50,al2309,al2309,18065.0,0.0,0.0,0.0,5,18060.0,18065.0,4,18170.0,18100.0,18145.0,18040.0,514.0,46501450.0,32222
2023-05-10 21:06:51,al2309,al2309,18065.0,0.0,0.0,0.0,5,18060.0,18065.0,4,18170.0,18100.0,18145.0,18040.0,514.0,46501450.0,32222
2023-05-10 21:06:52,al2309,al2309,18065.0,0.0,0.0,0.0,8,18060.0,18065.0,4,18170.0,18100.0,18145.0,18040.0,514.0,46501450.0,32222
2023-05-10 21:06:52,al2309,al2309,18060.0,1.0,90300.0,1.0,7,18060.0,18065.0,4,18170.0,18100.0,18145.0,18040.0,515.0,46591750.0,32223
2023-05-10 21:06:53,al2309,al2309,18060.0,0.0,0.0,0.0,7,18060.0,18065.0,5,18170.0,18100.0,18145.0,18040.0,515.0,46591750.0,32223
2023-05-10 21:06:53,al2309,al2309,18060.0,0.0,0.0,0.0,4,18060.0,18065.0,5,18170.0,18100.0,18145.0,18040.0,515.0,46591750.0,32223
2023-05-10 21:06:54,al2309,al2309,18060.0,0.0,0.0,0.0,4,18060.0,18065.0,5,18170.0,18100.0,18145.0,18040.0,515.0,46591750.0,32223
2023-05-10 21:06:55,al2309,al2309,18060.0,0.0,0.0,0.0,4,18060.0,18065.0,1,18170.0,18100.0,18145.0,18040.0,515.0,46591750.0,32223
2023-05-10 21:06:56,al2309,al2309,18060.0,0.0,0.0,0.0,4,18060.0,18065.0,1,18170.0,18100.0,18145.0,18040.0,515.0,46591750.0,32223
2023-05-10 21:06:57,al2309,al2309,18060.0,0.0,0.0,0.0,7,18060.0,18065.0,1,18170.0,18100.0,18145.0,18040.0,515.0,46591750.0,32223
2023-05-10 21:06:57,al2309,al2309,18060.0,0.0,0.0,0.0,7,18060.0,18070.0,20,18170.0,18100.0,18145.0,18040.0,515.0,46591750.0,32223
2023-05-10 21:06:59,al2309,al2309,18060.0,0.0,0.0,0.0,7,18060.0,18070.0,24,18170.0,18100.0,18145.0,18040.0,515.0,46591750.0,32223
2023-05-10 21:07:00,al2309,al2309,18060.0,0.0,0.0,0.0,8,18060.0,18070.0,24,18170.0,18100.0,18145.0,18040.0,515.0,46591750.0,32223
2023-05-10 21:07:00,al2309,al2309,18060.0,0.0,0.0,0.0,8,18060.0,18070.0,20,18170.0,18100.0,18145.0,18040.0,515.0,46591750.0,32223
2023-05-10 21:07:01,al2309,al2309,18060.0,0.0,0.0,0.0,2,18065.0,18070.0,8,18170.0,18100.0,18145.0,18040.0,515.0,46591750.0,32223
2023-05-10 21:07:01,al2309,al2309,18060.0,7.0,632100.0,3.0,1,18060.0,18070.0,20,18170.0,18100.0,18145.0,18040.0,522.0,47223850.0,32226
2023-05-10 21:07:02,al2309,al2309,18060.0,0.0,0.0,0.0,5,18060.0,18070.0,21,18170.0,18100.0,18145.0,18040.0,522.0,47223850.0,32226
2023-05-10 21:07:02,al2309,al2309,18060.0,0.0,0.0,0.0,5,18065.0,18070.0,21,18170.0,18100.0,18145.0,18040.0,522.0,47223850.0,32226
2023-05-10 21:07:04,al2309,al2309,18060.0,0.0,0.0,0.0,6,18065.0,18070.0,8,18170.0,18100.0,18145.0,18040.0,522.0,47223850.0,32226
2023-05-10 21:07:04,al2309,al2309,18060.0,0.0,0.0,0.0,6,18065.0,18070.0,8,18170.0,18100.0,18145.0,18040.0,522.0,47223850.0,32226
2023-05-10 21:07:06,al2309,al2309,18060.0,0.0,0.0,0.0,5,18065.0,18070.0,21,18170.0,18100.0,18145.0,18040.0,522.0,47223850.0,32226
2023-05-10 21:07:07,al2309,al2309,18060.0,0.0,0.0,0.0,5,18065.0,18070.0,21,18170.0,18100.0,18145.0,18040.0,522.0,47223850.0,32226
2023-05-10 21:07:07,al2309,al2309,18060.0,0.0,0.0,0.0,5,18065.0,18070.0,21,18170.0,18100.0,18145.0,18040.0,522.0,47223850.0,32226
2023-05-10 21:07:09,al2309,al2309,18065.0,1.0,90325.0,0.0,4,18065.0,18070.0,21,18170.0,18100.0,18145.0,18040.0,523.0,47314175.0,32226
2023-05-10 21:07:11,al2309,al2309,18065.0,0.0,0.0,0.0,4,18065.0,18070.0,21,18170.0,18100.0,18145.0,18040.0,523.0,47314175.0,32226
2023-05-10 21:07:17,al2309,al2309,18065.0,0.0,0.0,0.0,5,18065.0,18070.0,8,18170.0,18100.0,18145.0,18040.0,523.0,47314175.0,32226
2023-05-10 21:07:18,al2309,al2309,18065.0,0.0,0.0,0.0,4,18065.0,18070.0,21,18170.0,18100.0,18145.0,18040.0,523.0,47314175.0,32226
2023-05-10 21:07:19,al2309,al2309,18065.0,3.0,270975.0,0.0,1,18065.0,18070.0,21,18170.0,18100.0,18145.0,18040.0,526.0,47585150.0,32226
2023-05-10 21:07:19,al2309,al2309,18065.0,1.0,90325.0,0.0,3,18060.0,18070.0,21,18170.0,18100.0,18145.0,18040.0,527.0,47675475.0,32226
2023-05-10 21:07:20,al2309,al2309,18065.0,0.0,0.0,0.0,6,18060.0,18070.0,21,18170.0,18100.0,18145.0,18040.0,527.0,47675475.0,32226
2023-05-10 21:07:20,al2309,al2309,18065.0,0.0,0.0,0.0,1,18065.0,18070.0,21,18170.0,18100.0,18145.0,18040.0,527.0,47675475.0,32226
2023-05-10 21:07:21,al2309,al2309,18065.0,0.0,0.0,0.0,8,18060.0,18070.0,21,18170.0,18100.0,18145.0,18040.0,527.0,47675475.0,32226
2023-05-10 21:07:22,al2309,al2309,18070.0,1.0,90350.0,1.0,6,18060.0,18070.0,20,18170.0,18100.0,18145.0,18040.0,528.0,47765825.0,32227
2023-05-10 21:07:23,al2309,al2309,18070.0,0.0,0.0,0.0,8,18060.0,18070.0,20,18170.0,18100.0,18145.0,18040.0,528.0,47765825.0,32227
2023-05-10 21:07:24,al2309,al2309,18070.0,0.0,0.0,0.0,6,18060.0,18070.0,20,18170.0,18100.0,18145.0,18040.0,528.0,47765825.0,32227
2023-05-10 21:07:25,al2309,al2309,18070.0,0.0,0.0,0.0,8,18060.0,18070.0,20,18170.0,18100.0,18145.0,18040.0,528.0,47765825.0,32227
2023-05-10 21:07:35,al2309,al2309,18070.0,0.0,0.0,0.0,8,18060.0,18065.0,1,18170.0,18100.0,18145.0,18040.0,528.0,47765825.0,32227
2023-05-10 21:07:35,al2309,al2309,18065.0,1.0,90325.0,0.0,6,18065.0,18070.0,20,18170.0,18100.0,18145.0,18040.0,529.0,47856150.0,32227
2023-05-10 21:07:36,al2309,al2309,18065.0,0.0,0.0,0.0,6,18065.0,18070.0,20,18170.0,18100.0,18145.0,18040.0,529.0,47856150.0,32227
2023-05-10 21:07:37,al2309,al2309,18070.0,1.0,90350.0,1.0,6,18065.0,18070.0,19,18170.0,18100.0,18145.0,18040.0,530.0,47946500.0,32228
2023-05-10 21:07:38,al2309,al2309,18070.0,0.0,0.0,0.0,6,18065.0,18070.0,19,18170.0,18100.0,18145.0,18040.0,530.0,47946500.0,32228
2023-05-10 21:07:39,al2309,al2309,18070.0,0.0,0.0,0.0,6,18065.0,18070.0,19,18170.0,18100.0,18145.0,18040.0,530.0,47946500.0,32228
2023-05-10 21:07:40,al2309,al2309,18070.0,1.0,90350.0,1.0,6,18065.0,18070.0,26,18170.0,18100.0,18145.0,18040.0,531.0,48036850.0,32229
2023-05-10 21:07:40,al2309,al2309,18065.0,1.0,90325.0,0.0,5,18065.0,18070.0,26,18170.0,18100.0,18145.0,18040.0,532.0,48127175.0,32229
2023-05-10 21:07:41,al2309,al2309,18065.0,1.0,90325.0,1.0,4,18065.0,18070.0,30,18170.0,18100.0,18145.0,18040.0,533.0,48217500.0,32230
2023-05-10 21:07:41,al2309,al2309,18065.0,0.0,0.0,0.0,4,18065.0,18070.0,30,18170.0,18100.0,18145.0,18040.0,533.0,48217500.0,32230
2023-05-10 21:07:42,al2309,al2309,18065.0,3.0,270975.0,3.0,1,18065.0,18070.0,30,18170.0,18100.0,18145.0,18040.0,536.0,48488475.0,32233
2023-05-10 21:07:42,al2309,al2309,18065.0,1.0,90325.0,1.0,9,18060.0,18070.0,30,18170.0,18100.0,18145.0,18040.0,537.0,48578800.0,32234
2023-05-10 21:07:43,al2309,al2309,18065.0,0.0,0.0,0.0,9,18060.0,18070.0,26,18170.0,18100.0,18145.0,18040.0,537.0,48578800.0,32234
2023-05-10 21:07:43,al2309,al2309,18065.0,0.0,0.0,0.0,4,18060.0,18070.0,26,18170.0,18100.0,18145.0,18040.0,537.0,48578800.0,32234
2023-05-10 21:07:45,al2309,al2309,18065.0,0.0,0.0,0.0,4,18060.0,18070.0,30,18170.0,18100.0,18145.0,18040.0,537.0,48578800.0,32234
2023-05-10 21:07:45,al2309,al2309,18065.0,0.0,0.0,0.0,4,18060.0,18070.0,22,18170.0,18100.0,18145.0,18040.0,537.0,48578800.0,32234
2023-05-10 21:07:46,al2309,al2309,18065.0,0.0,0.0,0.0,4,18060.0,18070.0,26,18170.0,18100.0,18145.0,18040.0,537.0,48578800.0,32234
2023-05-10 21:07:47,al2309,al2309,18065.0,0.0,0.0,0.0,4,18060.0,18070.0,18,18170.0,18100.0,18145.0,18040.0,537.0,48578800.0,32234
2023-05-10 21:07:48,al2309,al2309,18065.0,0.0,0.0,0.0,4,18060.0,18070.0,26,18170.0,18100.0,18145.0,18040.0,537.0,48578800.0,32234
2023-05-10 21:07:49,al2309,al2309,18065.0,0.0,0.0,0.0,4,18060.0,18070.0,18,18170.0,18100.0,18145.0,18040.0,537.0,48578800.0,32234
2023-05-10 21:07:50,al2309,al2309,18065.0,0.0,0.0,0.0,4,18060.0,18070.0,18,18170.0,18100.0,18145.0,18040.0,537.0,48578800.0,32234
2023-05-10 21:07:52,al2309,al2309,18065.0,0.0,0.0,0.0,4,18060.0,18070.0,26,18170.0,18100.0,18145.0,18040.0,537.0,48578800.0,32234
2023-05-10 21:07:52,al2309,al2309,18065.0,0.0,0.0,0.0,4,18060.0,18070.0,18,18170.0,18100.0,18145.0,18040.0,537.0,48578800.0,32234
2023-05-10 21:07:54,al2309,al2309,18065.0,0.0,0.0,0.0,4,18060.0,18070.0,26,18170.0,18100.0,18145.0,18040.0,537.0,48578800.0,32234
2023-05-10 21:07:56,al2309,al2309,18065.0,0.0,0.0,0.0,4,18060.0,18070.0,31,18170.0,18100.0,18145.0,18040.0,537.0,48578800.0,32234
2023-05-10 21:07:56,al2309,al2309,18065.0,0.0,0.0,0.0,3,18060.0,18065.0,4,18170.0,18100.0,18145.0,18040.0,537.0,48578800.0,32234
2023-05-10 21:07:58,al2309,al2309,18065.0,0.0,0.0,0.0,3,18060.0,18065.0,6,18170.0,18100.0,18145.0,18040.0,537.0,48578800.0,32234
2023-05-10 21:07:59,al2309,al2309,18060.0,1.0,90300.0,1.0,26,18055.0,18065.0,11,18170.0,18100.0,18145.0,18040.0,538.0,48669100.0,32235
2023-05-10 21:08:00,al2309,al2309,18060.0,0.0,0.0,0.0,30,18055.0,18065.0,12,18170.0,18100.0,18145.0,18040.0,538.0,48669100.0,32235
2023-05-10 21:08:00,al2309,al2309,18060.0,0.0,0.0,0.0,30,18055.0,18065.0,20,18170.0,18100.0,18145.0,18040.0,538.0,48669100.0,32235
2023-05-10 21:08:01,al2309,al2309,18060.0,0.0,0.0,0.0,30,18055.0,18065.0,12,18170.0,18100.0,18145.0,18040.0,538.0,48669100.0,32235
2023-05-10 21:08:02,al2309,al2309,18060.0,0.0,0.0,0.0,2,18060.0,18065.0,12,18170.0,18100.0,18145.0,18040.0,538.0,48669100.0,32235
2023-05-10 21:08:04,al2309,al2309,18060.0,0.0,0.0,0.0,2,18060.0,18065.0,12,18170.0,18100.0,18145.0,18040.0,538.0,48669100.0,32235
2023-05-10 21:08:07,al2309,al2309,18060.0,0.0,0.0,0.0,3,18060.0,18065.0,4,18170.0,18100.0,18145.0,18040.0,538.0,48669100.0,32235
2023-05-10 21:08:08,al2309,al2309,18060.0,0.0,0.0,0.0,3,18060.0,18065.0,4,18170.0,18100.0,18145.0,18040.0,538.0,48669100.0,32235
2023-05-10 21:08:11,al2309,al2309,18060.0,0.0,0.0,0.0,3,18060.0,18065.0,6,18170.0,18100.0,18145.0,18040.0,538.0,48669100.0,32235
2023-05-10 21:08:13,al2309,al2309,18060.0,0.0,0.0,0.0,3,18060.0,18065.0,6,18170.0,18100.0,18145.0,18040.0,538.0,48669100.0,32235
2023-05-10 21:08:14,al2309,al2309,18060.0,0.0,0.0,0.0,1,18060.0,18065.0,6,18170.0,18100.0,18145.0,18040.0,538.0,48669100.0,32235
2023-05-10 21:08:15,al2309,al2309,18060.0,0.0,0.0,0.0,33,18055.0,18065.0,11,18170.0,18100.0,18145.0,18040.0,538.0,48669100.0,32235
2023-05-10 21:08:15,al2309,al2309,18060.0,0.0,0.0,0.0,34,18055.0,18065.0,12,18170.0,18100.0,18145.0,18040.0,538.0,48669100.0,32235
2023-05-10 21:08:16,al2309,al2309,18060.0,0.0,0.0,0.0,31,18055.0,18065.0,24,18170.0,18100.0,18145.0,18040.0,538.0,48669100.0,32235
2023-05-10 21:08:16,al2309,al2309,18060.0,0.0,0.0,0.0,30,18055.0,18065.0,12,18170.0,18100.0,18145.0,18040.0,538.0,48669100.0,32235
2023-05-10 21:08:17,al2309,al2309,18060.0,0.0,0.0,0.0,2,18060.0,18065.0,12,18170.0,18100.0,18145.0,18040.0,538.0,48669100.0,32235
2023-05-10 21:08:22,al2309,al2309,18060.0,0.0,0.0,0.0,5,18060.0,18065.0,4,18170.0,18100.0,18145.0,18040.0,538.0,48669100.0,32235
2023-05-10 21:08:23,al2309,al2309,18060.0,0.0,0.0,0.0,4,18060.0,18070.0,19,18170.0,18100.0,18145.0,18040.0,538.0,48669100.0,32235
2023-05-10 21:08:24,al2309,al2309,18060.0,0.0,0.0,0.0,4,18060.0,18070.0,19,18170.0,18100.0,18145.0,18040.0,538.0,48669100.0,32235
2023-05-10 21:08:25,al2309,al2309,18070.0,1.0,90350.0,1.0,4,18060.0,18070.0,18,18170.0,18100.0,18145.0,18040.0,539.0,48759450.0,32236
2023-05-10 21:08:25,al2309,al2309,18070.0,0.0,0.0,0.0,7,18060.0,18070.0,18,18170.0,18100.0,18145.0,18040.0,539.0,48759450.0,32236
2023-05-10 21:08:26,al2309,al2309,18070.0,0.0,0.0,0.0,4,18060.0,18070.0,18,18170.0,18100.0,18145.0,18040.0,539.0,48759450.0,32236
2023-05-10 21:08:27,al2309,al2309,18070.0,0.0,0.0,0.0,14,18060.0,18070.0,18,18170.0,18100.0,18145.0,18040.0,539.0,48759450.0,32236
2023-05-10 21:08:28,al2309,al2309,18070.0,0.0,0.0,0.0,14,18060.0,18070.0,19,18170.0,18100.0,18145.0,18040.0,539.0,48759450.0,32236
2023-05-10 21:08:29,al2309,al2309,18070.0,0.0,0.0,0.0,15,18060.0,18070.0,19,18170.0,18100.0,18145.0,18040.0,539.0,48759450.0,32236
2023-05-10 21:08:29,al2309,al2309,18070.0,0.0,0.0,0.0,18,18060.0,18070.0,19,18170.0,18100.0,18145.0,18040.0,539.0,48759450.0,32236
2023-05-10 21:08:30,al2309,al2309,18070.0,0.0,0.0,0.0,15,18060.0,18070.0,19,18170.0,18100.0,18145.0,18040.0,539.0,48759450.0,32236
2023-05-10 21:08:30,al2309,al2309,18070.0,0.0,0.0,0.0,14,18060.0,18065.0,4,18170.0,18100.0,18145.0,18040.0,539.0,48759450.0,32236
2023-05-10 21:08:31,al2309,al2309,18070.0,0.0,0.0,0.0,12,18060.0,18065.0,6,18170.0,18100.0,18145.0,18040.0,539.0,48759450.0,32236
2023-05-10 21:08:32,al2309,al2309,18070.0,0.0,0.0,0.0,14,18060.0,18065.0,6,18170.0,18100.0,18145.0,18040.0,539.0,48759450.0,32236
2023-05-10 21:08:32,al2309,al2309,18070.0,0.0,0.0,0.0,14,18060.0,18065.0,6,18170.0,18100.0,18145.0,18040.0,539.0,48759450.0,32236
2023-05-10 21:08:34,al2309,al2309,18070.0,0.0,0.0,0.0,14,18060.0,18065.0,4,18170.0,18100.0,18145.0,18040.0,539.0,48759450.0,32236
2023-05-10 21:08:34,al2309,al2309,18070.0,0.0,0.0,0.0,14,18060.0,18070.0,27,18170.0,18100.0,18145.0,18040.0,539.0,48759450.0,32236
2023-05-10 21:08:35,al2309,al2309,18070.0,0.0,0.0,0.0,12,18060.0,18065.0,11,18170.0,18100.0,18145.0,18040.0,539.0,48759450.0,32236
2023-05-10 21:08:35,al2309,al2309,18070.0,0.0,0.0,0.0,12,18060.0,18065.0,11,18170.0,18100.0,18145.0,18040.0,539.0,48759450.0,32236
2023-05-10 21:08:36,al2309,al2309,18070.0,0.0,0.0,0.0,12,18060.0,18065.0,12,18170.0,18100.0,18145.0,18040.0,539.0,48759450.0,32236
2023-05-10 21:08:37,al2309,al2309,18070.0,0.0,0.0,0.0,12,18060.0,18065.0,12,18170.0,18100.0,18145.0,18040.0,539.0,48759450.0,32236
2023-05-10 21:08:37,al2309,al2309,18070.0,0.0,0.0,0.0,12,18060.0,18065.0,12,18170.0,18100.0,18145.0,18040.0,539.0,48759450.0,32236
2023-05-10 21:08:40,al2309,al2309,18070.0,0.0,0.0,0.0,17,18060.0,18065.0,12,18170.0,18100.0,18145.0,18040.0,539.0,48759450.0,32236
2023-05-10 21:08:42,al2309,al2309,18070.0,0.0,0.0,0.0,7,18060.0,18065.0,8,18170.0,18100.0,18145.0,18040.0,539.0,48759450.0,32236
2023-05-10 21:08:42,al2309,al2309,18070.0,0.0,0.0,0.0,15,18060.0,18065.0,8,18170.0,18100.0,18145.0,18040.0,539.0,48759450.0,32236
2023-05-10 21:08:50,al2309,al2309,18070.0,0.0,0.0,0.0,15,18060.0,18065.0,6,18170.0,18100.0,18145.0,18040.0,539.0,48759450.0,32236
2023-05-10 21:08:50,al2309,al2309,18060.0,1.0,90300.0,1.0,14,18060.0,18065.0,5,18170.0,18100.0,18145.0,18040.0,540.0,48849750.0,32237
2023-05-10 21:08:52,al2309,al2309,18060.0,0.0,0.0,0.0,15,18060.0,18065.0,8,18170.0,18100.0,18145.0,18040.0,540.0,48849750.0,32237
2023-05-10 21:08:52,al2309,al2309,18060.0,0.0,0.0,0.0,16,18060.0,18070.0,39,18170.0,18100.0,18145.0,18040.0,540.0,48849750.0,32237
2023-05-10 21:08:53,al2309,al2309,18060.0,0.0,0.0,0.0,15,18060.0,18065.0,9,18170.0,18100.0,18145.0,18040.0,540.0,48849750.0,32237
2023-05-10 21:08:53,al2309,al2309,18060.0,0.0,0.0,0.0,20,18060.0,18065.0,9,18170.0,18100.0,18145.0,18040.0,540.0,48849750.0,32237
2023-05-10 21:08:56,al2309,al2309,18060.0,0.0,0.0,0.0,20,18060.0,18065.0,10,18170.0,18100.0,18145.0,18040.0,540.0,48849750.0,32237
2023-05-10 21:08:57,al2309,al2309,18060.0,0.0,0.0,0.0,20,18060.0,18065.0,9,18170.0,18100.0,18145.0,18040.0,540.0,48849750.0,32237
2023-05-10 21:08:58,al2309,al2309,18060.0,0.0,0.0,0.0,21,18060.0,18070.0,39,18170.0,18100.0,18145.0,18040.0,540.0,48849750.0,32237
