time,symbol_id,symbol_name,last,trade_volume,trade_amount,open_interest_change,bv1,bp1,ap1,av1,yesterday_close,today_open,today_high,today_low,volume,amount,open_interest
2023-05-10 20:59:00,au2307,au2307,454.0,0.0,0.0,0.0,1,455.62,457.28,1,454.0,455.46,0.0,0.0,0.0,0.0,118
2023-05-10 21:00:01,au2307,au2307,454.0,0.0,0.0,0.0,2,455.64,457.26,5,454.0,455.46,0.0,0.0,0.0,0.0,118
2023-05-10 21:00:01,au2307,au2307,454.0,0.0,0.0,0.0,1,455.9,456.62,1,454.0,455.46,0.0,0.0,0.0,0.0,118
2023-05-10 21:00:02,au2307,au2307,454.0,0.0,0.0,0.0,1,455.92,456.62,1,454.0,455.46,0.0,0.0,0.0,0.0,118
2023-05-10 21:00:02,au2307,au2307,454.0,0.0,0.0,0.0,2,455.94,456.6,1,454.0,455.46,0.0,0.0,0.0,0.0,118
2023-05-10 21:00:03,au2307,au2307,454.0,0.0,0.0,0.0,2,455.94,456.58,1,454.0,455.46,0.0,0.0,0.0,0.0,118
2023-05-10 21:00:03,au2307,au2307,454.0,0.0,0.0,0.0,3,455.96,456.58,1,454.0,455.46,0.0,0.0,0.0,0.0,118
2023-05-10 21:00:04,au2307,au2307,454.0,0.0,0.0,0.0,2,455.98,456.56,3,454.0,455.46,0.0,0.0,0.0,0.0,118
2023-05-10 21:00:04,au2307,au2307,454.0,0.0,0.0,0.0,2,455.98,456.54,1,454.0,455.46,0.0,0.0,0.0,0.0,118
2023-05-10 21:00:05,au2307,au2307,454.0,0.0,0.0,0.0,1,456.0,456.56,3,454.0,455.46,0.0,0.0,0.0,0.0,118
2023-05-10 21:00:05,au2307,au2307,454.0,0.0,0.0,0.0,3,456.02,456.54,1,454.0,455.46,0.0,0.0,0.0,0.0,118
2023-05-10 21:00:06,au2307,au2307,454.0,0.0,0.0,0.0,2,456.02,456.54,1,454.0,455.46,0.0,0.0,0.0,0.0,118
2023-05-10 21:00:06,au2307,au2307,454.0,0.0,0.0,0.0,1,456.04,456.54,1,454.0,455.46,0.0,0.0,0.0,0.0,118
2023-05-10 21:00:07,au2307,au2307,454.0,0.0,0.0,0.0,1,456.06,456.56,2,454.0,455.46,0.0,0.0,0.0,0.0,118
2023-05-10 21:00:07,au2307,au2307,454.0,0.0,0.0,0.0,1,456.06,456.54,2,454.0,455.46,0.0,0.0,0.0,0.0,118
2023-05-10 21:00:08,au2307,au2307,454.0,0.0,0.0,0.0,1,456.06,456.52,1,454.0,455.46,0.0,0.0,0.0,0.0,118
2023-05-10 21:00:08,au2307,au2307,454.0,0.0,0.0,0.0,1,456.08,456.52,1,454.0,455.46,0.0,0.0,0.0,0.0,118
2023-05-10 21:00:09,au2307,au2307,454.0,0.0,0.0,0.0,2,456.08,456.52,1,454.0,455.46,0.0,0.0,0.0,0.0,118
2023-05-10 21:00:09,au2307,au2307,454.0,0.0,0.0,0.0,1,456.08,456.5,1,454.0,455.46,0.0,0.0,0.0,0.0,118
2023-05-10 21:00:10,au2307,au2307,454.0,0.0,0.0,0.0,2,456.08,456.48,1,454.0,455.46,0.0,0.0,0.0,0.0,118
2023-05-10 21:00:10,au2307,au2307,454.0,0.0,0.0,0.0,1,455.62,456.46,2,454.0,455.46,0.0,0.0,0.0,0.0,118
2023-05-10 21:00:11,au2307,au2307,454.0,0.0,0.0,0.0,1,455.78,456.44,1,454.0,455.46,0.0,0.0,0.0,0.0,118
2023-05-10 21:00:11,au2307,au2307,454.0,0.0,0.0,0.0,3,455.8,456.42,1,454.0,455.46,0.0,0.0,0.0,0.0,118
2023-05-10 21:00:12,au2307,au2307,454.0,0.0,0.0,0.0,1,455.82,456.42,1,454.0,455.46,0.0,0.0,0.0,0.0,118
2023-05-10 21:00:12,au2307,au2307,454.0,0.0,0.0,0.0,1,455.84,456.4,1,454.0,455.46,0.0,0.0,0.0,0.0,118
2023-05-10 21:00:13,au2307,au2307,454.0,0.0,0.0,0.0,1,455.86,456.38,1,454.0,455.46,0.0,0.0,0.0,0.0,118
2023-05-10 21:00:13,au2307,au2307,454.0,0.0,0.0,0.0,1,455.88,456.38,2,454.0,455.46,0.0,0.0,0.0,0.0,118
2023-05-10 21:00:14,au2307,au2307,454.0,0.0,0.0,0.0,1,455.62,456.38,2,454.0,455.46,0.0,0.0,0.0,0.0,118
2023-05-10 21:00:14,au2307,au2307,454.0,0.0,0.0,0.0,1,455.66,456.36,1,454.0,455.46,0.0,0.0,0.0,0.0,118
2023-05-10 21:00:15,au2307,au2307,454.0,0.0,0.0,0.0,2,455.68,456.34,1,454.0,455.46,0.0,0.0,0.0,0.0,118
2023-05-10 21:00:15,au2307,au2307,454.0,0.0,0.0,0.0,1,455.7,456.34,1,454.0,455.46,0.0,0.0,0.0,0.0,118
2023-05-10 21:00:16,au2307,au2307,454.0,0.0,0.0,0.0,1,455.72,456.32,1,454.0,455.46,0.0,0.0,0.0,0.0,118
2023-05-10 21:00:16,au2307,au2307,454.0,0.0,0.0,0.0,1,455.74,456.3,1,454.0,455.46,0.0,0.0,0.0,0.0,118
2023-05-10 21:00:17,au2307,au2307,454.0,0.0,0.0,0.0,1,455.76,456.3,1,454.0,455.46,0.0,0.0,0.0,0.0,118
2023-05-10 21:00:17,au2307,au2307,454.0,0.0,0.0,0.0,1,455.76,456.3,1,454.0,455.46,0.0,0.0,0.0,0.0,118
2023-05-10 21:00:18,au2307,au2307,454.0,0.0,0.0,0.0,1,455.78,456.28,1,454.0,455.46,0.0,0.0,0.0,0.0,118
2023-05-10 21:00:18,au2307,au2307,454.0,0.0,0.0,0.0,2,455.78,456.26,1,454.0,455.46,0.0,0.0,0.0,0.0,118
2023-05-10 21:00:19,au2307,au2307,454.0,0.0,0.0,0.0,1,455.78,456.26,1,454.0,455.46,0.0,0.0,0.0,0.0,118
2023-05-10 21:00:19,au2307,au2307,454.0,0.0,0.0,0.0,2,455.78,456.26,1,454.0,455.46,0.0,0.0,0.0,0.0,118
2023-05-10 21:00:20,au2307,au2307,454.0,0.0,0.0,0.0,2,455.72,456.26,1,454.0,455.46,0.0,0.0,0.0,0.0,118
2023-05-10 21:00:20,au2307,au2307,454.0,0.0,0.0,0.0,2,455.74,456.24,1,454.0,455.46,0.0,0.0,0.0,0.0,118
2023-05-10 21:00:21,au2307,au2307,454.0,0.0,0.0,0.0,1,455.74,456.22,1,454.0,455.46,0.0,0.0,0.0,0.0,118
2023-05-10 21:00:21,au2307,au2307,454.0,0.0,0.0,0.0,2,455.74,456.2,1,454.0,455.46,0.0,0.0,0.0,0.0,118
2023-05-10 21:00:22,au2307,au2307,454.0,0.0,0.0,0.0,1,455.74,456.18,1,454.0,455.46,0.0,0.0,0.0,0.0,118
2023-05-10 21:00:22,au2307,au2307,454.0,0.0,0.0,0.0,2,455.74,456.18,1,454.0,455.46,0.0,0.0,0.0,0.0,118
2023-05-10 21:00:23,au2307,au2307,454.0,0.0,0.0,0.0,1,455.74,456.18,1,454.0,455.46,0.0,0.0,0.0,0.0,118
2023-05-10 21:00:23,au2307,au2307,454.0,0.0,0.0,0.0,1,455.04,456.16,2,454.0,455.46,0.0,0.0,0.0,0.0,118
2023-05-10 21:00:24,au2307,au2307,454.0,0.0,0.0,0.0,1,455.52,456.14,1,454.0,455.46,0.0,0.0,0.0,0.0,118
2023-05-10 21:00:24,au2307,au2307,454.0,0.0,0.0,0.0,2,455.54,456.16,1,454.0,455.46,0.0,0.0,0.0,0.0,118
2023-05-10 21:00:25,au2307,au2307,454.0,0.0,0.0,0.0,1,455.58,456.14,1,454.0,455.46,0.0,0.0,0.0,0.0,118
2023-05-10 21:00:25,au2307,au2307,454.0,0.0,0.0,0.0,3,455.6,456.14,1,454.0,455.46,0.0,0.0,0.0,0.0,118
2023-05-10 21:00:26,au2307,au2307,454.0,0.0,0.0,0.0,1,455.62,456.56,2,454.0,455.46,0.0,0.0,0.0,0.0,118
2023-05-10 21:00:26,au2307,au2307,454.0,0.0,0.0,0.0,2,455.64,456.3,1,454.0,455.46,0.0,0.0,0.0,0.0,118
2023-05-10 21:00:27,au2307,au2307,454.0,0.0,0.0,0.0,2,455.66,456.3,1,454.0,455.46,0.0,0.0,0.0,0.0,118
2023-05-10 21:00:27,au2307,au2307,454.0,0.0,0.0,0.0,2,455.68,456.3,1,454.0,455.46,0.0,0.0,0.0,0.0,118
2023-05-10 21:00:28,au2307,au2307,454.0,0.0,0.0,0.0,1,455.7,456.28,1,454.0,455.46,0.0,0.0,0.0,0.0,118
2023-05-10 21:00:28,au2307,au2307,454.0,0.0,0.0,0.0,1,455.72,456.26,1,454.0,455.46,0.0,0.0,0.0,0.0,118
2023-05-10 21:00:29,au2307,au2307,454.0,0.0,0.0,0.0,1,455.72,456.26,1,454.0,455.46,0.0,0.0,0.0,0.0,118
2023-05-10 21:00:29,au2307,au2307,454.0,0.0,0.0,0.0,1,455.74,456.24,1,454.0,455.46,0.0,0.0,0.0,0.0,118
2023-05-10 21:00:30,au2307,au2307,454.0,0.0,0.0,0.0,2,455.74,456.22,2,454.0,455.46,0.0,0.0,0.0,0.0,118
2023-05-10 21:00:31,au2307,au2307,454.0,0.0,0.0,0.0,2,455.56,456.22,2,454.0,455.46,0.0,0.0,0.0,0.0,118
2023-05-10 21:00:32,au2307,au2307,454.0,0.0,0.0,0.0,4,455.58,456.22,2,454.0,455.46,0.0,0.0,0.0,0.0,118
2023-05-10 21:00:32,au2307,au2307,454.0,0.0,0.0,0.0,3,455.58,456.22,2,454.0,455.46,0.0,0.0,0.0,0.0,118
2023-05-10 21:00:33,au2307,au2307,454.0,0.0,0.0,0.0,1,455.6,456.2,1,454.0,455.46,0.0,0.0,0.0,0.0,118
2023-05-10 21:00:33,au2307,au2307,454.0,0.0,0.0,0.0,3,455.62,456.18,1,454.0,455.46,0.0,0.0,0.0,0.0,118
2023-05-10 21:00:34,au2307,au2307,454.0,0.0,0.0,0.0,3,455.62,456.2,1,454.0,455.46,0.0,0.0,0.0,0.0,118
2023-05-10 21:00:34,au2307,au2307,454.0,0.0,0.0,0.0,1,455.64,456.18,1,454.0,455.46,0.0,0.0,0.0,0.0,118
2023-05-10 21:00:35,au2307,au2307,454.0,0.0,0.0,0.0,3,455.66,456.18,1,454.0,455.46,0.0,0.0,0.0,0.0,118
2023-05-10 21:00:35,au2307,au2307,454.0,0.0,0.0,0.0,3,455.66,456.18,1,454.0,455.46,0.0,0.0,0.0,0.0,118
2023-05-10 21:00:36,au2307,au2307,454.0,0.0,0.0,0.0,1,455.68,456.18,2,454.0,455.46,0.0,0.0,0.0,0.0,118
2023-05-10 21:00:36,au2307,au2307,454.0,0.0,0.0,0.0,2,455.7,456.18,2,454.0,455.46,0.0,0.0,0.0,0.0,118
2023-05-10 21:00:37,au2307,au2307,454.0,0.0,0.0,0.0,3,455.76,456.18,2,454.0,455.46,0.0,0.0,0.0,0.0,118
2023-05-10 21:00:37,au2307,au2307,454.0,0.0,0.0,0.0,1,455.66,456.18,1,454.0,455.46,0.0,0.0,0.0,0.0,118
2023-05-10 21:00:38,au2307,au2307,454.0,0.0,0.0,0.0,3,455.74,456.16,1,454.0,455.46,0.0,0.0,0.0,0.0,118
2023-05-10 21:00:38,au2307,au2307,454.0,0.0,0.0,0.0,1,455.04,456.16,1,454.0,455.46,0.0,0.0,0.0,0.0,118
2023-05-10 21:00:39,au2307,au2307,454.0,0.0,0.0,0.0,1,455.54,456.16,2,454.0,455.46,0.0,0.0,0.0,0.0,118
2023-05-10 21:00:39,au2307,au2307,454.0,0.0,0.0,0.0,3,455.62,456.14,1,454.0,455.46,0.0,0.0,0.0,0.0,118
2023-05-10 21:00:40,au2307,au2307,454.0,0.0,0.0,0.0,2,455.64,456.12,1,454.0,455.46,0.0,0.0,0.0,0.0,118
2023-05-10 21:00:40,au2307,au2307,454.0,0.0,0.0,0.0,3,455.66,456.12,1,454.0,455.46,0.0,0.0,0.0,0.0,118
2023-05-10 21:00:41,au2307,au2307,454.0,0.0,0.0,0.0,1,455.68,456.12,1,454.0,455.46,0.0,0.0,0.0,0.0,118
2023-05-10 21:00:41,au2307,au2307,454.0,0.0,0.0,0.0,4,455.7,456.12,1,454.0,455.46,0.0,0.0,0.0,0.0,118
2023-05-10 21:00:42,au2307,au2307,454.0,0.0,0.0,0.0,1,455.7,456.1,1,454.0,455.46,0.0,0.0,0.0,0.0,118
2023-05-10 21:00:43,au2307,au2307,454.0,0.0,0.0,0.0,5,455.7,456.1,1,454.0,455.46,0.0,0.0,0.0,0.0,118
2023-05-10 21:00:44,au2307,au2307,454.0,0.0,0.0,0.0,1,455.7,456.1,1,454.0,455.46,0.0,0.0,0.0,0.0,118
2023-05-10 21:00:44,au2307,au2307,454.0,0.0,0.0,0.0,5,455.7,456.12,1,454.0,455.46,0.0,0.0,0.0,0.0,118
2023-05-10 21:00:45,au2307,au2307,454.0,0.0,0.0,0.0,1,455.72,456.12,1,454.0,455.46,0.0,0.0,0.0,0.0,118
2023-05-10 21:00:45,au2307,au2307,454.0,0.0,0.0,0.0,1,455.7,456.12,1,454.0,455.46,0.0,0.0,0.0,0.0,118
2023-05-10 21:00:46,au2307,au2307,454.0,0.0,0.0,0.0,5,455.7,456.12,2,454.0,455.46,0.0,0.0,0.0,0.0,118
2023-05-10 21:00:46,au2307,au2307,454.0,0.0,0.0,0.0,1,455.7,456.12,2,454.0,455.46,0.0,0.0,0.0,0.0,118
2023-05-10 21:00:48,au2307,au2307,454.0,0.0,0.0,0.0,1,455.7,456.12,1,454.0,455.46,0.0,0.0,0.0,0.0,118
2023-05-10 21:00:49,au2307,au2307,454.0,0.0,0.0,0.0,1,455.54,456.1,2,454.0,455.46,0.0,0.0,0.0,0.0,118
2023-05-10 21:00:49,au2307,au2307,454.0,0.0,0.0,0.0,3,455.62,456.08,1,454.0,455.46,0.0,0.0,0.0,0.0,118
2023-05-10 21:00:50,au2307,au2307,454.0,0.0,0.0,0.0,1,455.64,456.08,1,454.0,455.46,0.0,0.0,0.0,0.0,118
2023-05-10 21:00:50,au2307,au2307,454.0,0.0,0.0,0.0,1,455.66,456.06,1,454.0,455.46,0.0,0.0,0.0,0.0,118
2023-05-10 21:00:51,au2307,au2307,454.0,0.0,0.0,0.0,1,455.04,456.06,1,454.0,455.46,0.0,0.0,0.0,0.0,118
2023-05-10 21:00:51,au2307,au2307,454.0,0.0,0.0,0.0,1,455.42,456.04,1,454.0,455.46,0.0,0.0,0.0,0.0,118
2023-05-10 21:00:52,au2307,au2307,454.0,0.0,0.0,0.0,3,455.5,456.02,1,454.0,455.46,0.0,0.0,0.0,0.0,118
2023-05-10 21:00:52,au2307,au2307,454.0,0.0,0.0,0.0,3,455.52,456.04,1,454.0,455.46,0.0,0.0,0.0,0.0,118
2023-05-10 21:00:53,au2307,au2307,454.0,0.0,0.0,0.0,3,455.58,456.02,2,454.0,455.46,0.0,0.0,0.0,0.0,118
2023-05-10 21:00:53,au2307,au2307,454.0,0.0,0.0,0.0,1,455.6,456.02,1,454.0,455.46,0.0,0.0,0.0,0.0,118
2023-05-10 21:00:54,au2307,au2307,454.0,0.0,0.0,0.0,1,455.62,456.02,1,454.0,455.46,0.0,0.0,0.0,0.0,118
2023-05-10 21:00:54,au2307,au2307,454.0,0.0,0.0,0.0,1,455.62,456.02,1,454.0,455.46,0.0,0.0,0.0,0.0,118
2023-05-10 21:00:55,au2307,au2307,454.0,0.0,0.0,0.0,1,455.04,456.0,2,454.0,455.46,0.0,0.0,0.0,0.0,118
2023-05-10 21:00:55,au2307,au2307,454.0,0.0,0.0,0.0,1,455.36,456.0,2,454.0,455.46,0.0,0.0,0.0,0.0,118
2023-05-10 21:00:56,au2307,au2307,454.0,0.0,0.0,0.0,3,455.44,455.98,1,454.0,455.46,0.0,0.0,0.0,0.0,118
2023-05-10 21:00:56,au2307,au2307,454.0,0.0,0.0,0.0,4,455.46,455.98,1,454.0,455.46,0.0,0.0,0.0,0.0,118
2023-05-10 21:00:57,au2307,au2307,454.0,0.0,0.0,0.0,3,455.54,455.98,1,454.0,455.46,0.0,0.0,0.0,0.0,118
2023-05-10 21:00:57,au2307,au2307,454.0,0.0,0.0,0.0,1,455.04,455.46,3,454.0,455.46,0.0,0.0,0.0,0.0,118
2023-05-10 21:00:58,au2307,au2307,455.46,3.0,1366380.0,3.0,5,455.46,455.96,1,454.0,455.46,455.46,455.46,3.0,1366380.0,121
2023-05-10 21:00:58,au2307,au2307,455.46,0.0,0.0,0.0,4,455.46,455.94,2,454.0,455.46,455.46,455.46,3.0,1366380.0,121
2023-05-10 21:00:59,au2307,au2307,455.46,0.0,0.0,0.0,1,455.48,455.94,1,454.0,455.46,455.46,455.46,3.0,1366380.0,121
2023-05-10 21:00:59,au2307,au2307,455.46,0.0,0.0,0.0,3,455.52,455.96,1,454.0,455.46,455.46,455.46,3.0,1366380.0,121
2023-05-10 21:01:00,au2307,au2307,455.46,0.0,0.0,0.0,1,455.04,455.94,1,454.0,455.46,455.46,455.46,3.0,1366380.0,121
2023-05-10 21:01:00,au2307,au2307,455.46,0.0,0.0,0.0,1,455.32,455.92,1,454.0,455.46,455.46,455.46,3.0,1366380.0,121
2023-05-10 21:01:01,au2307,au2307,455.46,0.0,0.0,0.0,3,455.4,455.94,1,454.0,455.46,455.46,455.46,3.0,1366380.0,121
2023-05-10 21:01:01,au2307,au2307,455.46,0.0,0.0,0.0,3,455.42,455.92,1,454.0,455.46,455.46,455.46,3.0,1366380.0,121
2023-05-10 21:01:02,au2307,au2307,455.46,0.0,0.0,0.0,3,455.5,455.94,1,454.0,455.46,455.46,455.46,3.0,1366380.0,121
2023-05-10 21:01:02,au2307,au2307,455.46,0.0,0.0,0.0,2,455.52,455.9,1,454.0,455.46,455.46,455.46,3.0,1366380.0,121
2023-05-10 21:01:03,au2307,au2307,455.46,0.0,0.0,0.0,3,455.58,455.94,1,454.0,455.46,455.46,455.46,3.0,1366380.0,121
2023-05-10 21:01:03,au2307,au2307,455.46,0.0,0.0,0.0,4,455.58,455.9,1,454.0,455.46,455.46,455.46,3.0,1366380.0,121
2023-05-10 21:01:04,au2307,au2307,455.46,0.0,0.0,0.0,2,455.6,456.32,1,454.0,455.46,455.46,455.46,3.0,1366380.0,121
2023-05-10 21:01:04,au2307,au2307,455.46,0.0,0.0,0.0,1,455.6,456.1,1,454.0,455.46,455.46,455.46,3.0,1366380.0,121
2023-05-10 21:01:05,au2307,au2307,455.46,0.0,0.0,0.0,2,455.6,456.0,1,454.0,455.46,455.46,455.46,3.0,1366380.0,121
2023-05-10 21:01:05,au2307,au2307,455.46,0.0,0.0,0.0,1,455.6,455.98,1,454.0,455.46,455.46,455.46,3.0,1366380.0,121
2023-05-10 21:01:06,au2307,au2307,455.46,0.0,0.0,0.0,1,455.6,455.9,1,454.0,455.46,455.46,455.46,3.0,1366380.0,121
2023-05-10 21:01:06,au2307,au2307,455.46,0.0,0.0,0.0,1,455.6,456.3,1,454.0,455.46,455.46,455.46,3.0,1366380.0,121
2023-05-10 21:01:07,au2307,au2307,455.46,0.0,0.0,0.0,1,455.6,456.1,1,454.0,455.46,455.46,455.46,3.0,1366380.0,121
2023-05-10 21:01:07,au2307,au2307,455.46,0.0,0.0,0.0,1,455.6,456.0,1,454.0,455.46,455.46,455.46,3.0,1366380.0,121
2023-05-10 21:01:08,au2307,au2307,455.46,0.0,0.0,0.0,1,455.6,455.98,3,454.0,455.46,455.46,455.46,3.0,1366380.0,121
2023-05-10 21:01:08,au2307,au2307,455.46,0.0,0.0,0.0,1,455.3,455.88,1,454.0,455.46,455.46,455.46,3.0,1366380.0,121
2023-05-10 21:01:09,au2307,au2307,455.46,0.0,0.0,0.0,3,455.38,455.88,1,454.0,455.46,455.46,455.46,3.0,1366380.0,121
2023-05-10 21:01:09,au2307,au2307,455.46,0.0,0.0,0.0,4,455.4,455.88,1,454.0,455.46,455.46,455.46,3.0,1366380.0,121
2023-05-10 21:01:10,au2307,au2307,455.46,0.0,0.0,0.0,3,455.48,455.88,1,454.0,455.46,455.46,455.46,3.0,1366380.0,121
2023-05-10 21:01:10,au2307,au2307,455.46,0.0,0.0,0.0,1,455.5,455.88,1,454.0,455.46,455.46,455.46,3.0,1366380.0,121
2023-05-10 21:01:11,au2307,au2307,455.46,0.0,0.0,0.0,4,455.52,455.88,1,454.0,455.46,455.46,455.46,3.0,1366380.0,121
2023-05-10 21:01:11,au2307,au2307,455.46,0.0,0.0,0.0,1,455.54,455.88,1,454.0,455.46,455.46,455.46,3.0,1366380.0,121
2023-05-10 21:01:12,au2307,au2307,455.46,0.0,0.0,0.0,3,455.58,456.32,1,454.0,455.46,455.46,455.46,3.0,1366380.0,121
2023-05-10 21:01:12,au2307,au2307,455.46,0.0,0.0,0.0,1,455.6,456.1,1,454.0,455.46,455.46,455.46,3.0,1366380.0,121
2023-05-10 21:01:13,au2307,au2307,455.46,0.0,0.0,0.0,1,455.4,456.0,1,454.0,455.46,455.46,455.46,3.0,1366380.0,121
2023-05-10 21:01:13,au2307,au2307,455.46,0.0,0.0,0.0,3,455.48,455.98,2,454.0,455.46,455.46,455.46,3.0,1366380.0,121
2023-05-10 21:01:14,au2307,au2307,455.46,0.0,0.0,0.0,1,455.5,455.88,1,454.0,455.46,455.46,455.46,3.0,1366380.0,121
2023-05-10 21:01:14,au2307,au2307,455.46,0.0,0.0,0.0,3,455.54,455.88,1,454.0,455.46,455.46,455.46,3.0,1366380.0,121
2023-05-10 21:01:15,au2307,au2307,455.46,0.0,0.0,0.0,1,455.56,455.88,1,454.0,455.46,455.46,455.46,3.0,1366380.0,121
2023-05-10 21:01:15,au2307,au2307,455.46,0.0,0.0,0.0,1,455.4,455.88,1,454.0,455.46,455.46,455.46,3.0,1366380.0,121
2023-05-10 21:01:16,au2307,au2307,455.46,0.0,0.0,0.0,3,455.48,455.88,1,454.0,455.46,455.46,455.46,3.0,1366380.0,121
2023-05-10 21:01:16,au2307,au2307,455.46,0.0,0.0,0.0,1,455.5,455.88,1,454.0,455.46,455.46,455.46,3.0,1366380.0,121
2023-05-10 21:01:17,au2307,au2307,455.46,0.0,0.0,0.0,4,455.52,455.88,1,454.0,455.46,455.46,455.46,3.0,1366380.0,121
2023-05-10 21:01:17,au2307,au2307,455.46,0.0,0.0,0.0,1,455.4,455.88,1,454.0,455.46,455.46,455.46,3.0,1366380.0,121
2023-05-10 21:01:18,au2307,au2307,455.46,0.0,0.0,0.0,3,455.48,455.88,1,454.0,455.46,455.46,455.46,3.0,1366380.0,121
2023-05-10 21:01:18,au2307,au2307,455.46,0.0,0.0,0.0,1,455.12,455.86,3,454.0,455.46,455.46,455.46,3.0,1366380.0,121
2023-05-10 21:01:19,au2307,au2307,455.46,0.0,0.0,0.0,1,455.24,455.76,1,454.0,455.46,455.46,455.46,3.0,1366380.0,121
2023-05-10 21:01:19,au2307,au2307,455.46,0.0,0.0,0.0,3,455.32,455.76,1,454.0,455.46,455.46,455.46,3.0,1366380.0,121
2023-05-10 21:01:20,au2307,au2307,455.46,0.0,0.0,0.0,3,455.34,455.76,1,454.0,455.46,455.46,455.46,3.0,1366380.0,121
2023-05-10 21:01:20,au2307,au2307,455.46,0.0,0.0,0.0,3,455.42,455.86,1,454.0,455.46,455.46,455.46,3.0,1366380.0,121
2023-05-10 21:01:21,au2307,au2307,455.46,0.0,0.0,0.0,4,455.42,455.78,1,454.0,455.46,455.46,455.46,3.0,1366380.0,121
2023-05-10 21:01:21,au2307,au2307,455.46,0.0,0.0,0.0,1,455.44,455.78,1,454.0,455.46,455.46,455.46,3.0,1366380.0,121
2023-05-10 21:01:22,au2307,au2307,455.46,0.0,0.0,0.0,1,455.24,455.78,1,454.0,455.46,455.46,455.46,3.0,1366380.0,121
2023-05-10 21:01:22,au2307,au2307,455.46,0.0,0.0,0.0,3,455.32,455.78,1,454.0,455.46,455.46,455.46,3.0,1366380.0,121
2023-05-10 21:01:23,au2307,au2307,455.46,0.0,0.0,0.0,2,455.34,455.78,1,454.0,455.46,455.46,455.46,3.0,1366380.0,121
2023-05-10 21:01:23,au2307,au2307,455.46,0.0,0.0,0.0,1,455.12,455.76,3,454.0,455.46,455.46,455.46,3.0,1366380.0,121
2023-05-10 21:01:24,au2307,au2307,455.46,0.0,0.0,0.0,3,455.2,455.66,1,454.0,455.46,455.46,455.46,3.0,1366380.0,121
2023-05-10 21:01:24,au2307,au2307,455.46,0.0,0.0,0.0,2,455.22,455.66,1,454.0,455.46,455.46,455.46,3.0,1366380.0,121
2023-05-10 21:01:25,au2307,au2307,455.46,0.0,0.0,0.0,3,455.3,455.66,1,454.0,455.46,455.46,455.46,3.0,1366380.0,121
2023-05-10 21:01:25,au2307,au2307,455.46,0.0,0.0,0.0,2,455.32,455.66,1,454.0,455.46,455.46,455.46,3.0,1366380.0,121
2023-05-10 21:01:26,au2307,au2307,455.46,0.0,0.0,0.0,3,455.34,456.04,1,454.0,455.46,455.46,455.46,3.0,1366380.0,121
2023-05-10 21:01:26,au2307,au2307,455.46,0.0,0.0,0.0,2,455.36,455.78,1,454.0,455.46,455.46,455.46,3.0,1366380.0,121
2023-05-10 21:01:27,au2307,au2307,455.46,0.0,0.0,0.0,1,455.04,455.68,1,454.0,455.46,455.46,455.46,3.0,1366380.0,121
2023-05-10 21:01:27,au2307,au2307,455.46,0.0,0.0,0.0,1,455.16,455.68,1,454.0,455.46,455.46,455.46,3.0,1366380.0,121
2023-05-10 21:01:28,au2307,au2307,455.46,0.0,0.0,0.0,3,455.24,455.68,1,454.0,455.46,455.46,455.46,3.0,1366380.0,121
2023-05-10 21:01:28,au2307,au2307,455.46,0.0,0.0,0.0,3,455.26,455.68,1,454.0,455.46,455.46,455.46,3.0,1366380.0,121
2023-05-10 21:01:29,au2307,au2307,455.46,0.0,0.0,0.0,3,455.32,455.68,1,454.0,455.46,455.46,455.46,3.0,1366380.0,121
2023-05-10 21:01:29,au2307,au2307,455.46,0.0,0.0,0.0,2,455.34,455.68,1,454.0,455.46,455.46,455.46,3.0,1366380.0,121
2023-05-10 21:01:30,au2307,au2307,455.46,0.0,0.0,0.0,1,455.34,455.68,1,454.0,455.46,455.46,455.46,3.0,1366380.0,121
2023-05-10 21:01:34,au2307,au2307,455.46,0.0,0.0,0.0,1,455.04,455.66,1,454.0,455.46,455.46,455.46,3.0,1366380.0,121
2023-05-10 21:01:34,au2307,au2307,455.46,0.0,0.0,0.0,3,455.12,455.64,1,454.0,455.46,455.46,455.46,3.0,1366380.0,121
2023-05-10 21:01:35,au2307,au2307,455.46,0.0,0.0,0.0,3,455.14,455.64,1,454.0,455.46,455.46,455.46,3.0,1366380.0,121
2023-05-10 21:01:35,au2307,au2307,455.46,0.0,0.0,0.0,3,455.22,455.64,1,454.0,455.46,455.46,455.46,3.0,1366380.0,121
2023-05-10 21:01:36,au2307,au2307,455.46,0.0,0.0,0.0,4,455.24,455.78,1,454.0,455.46,455.46,455.46,3.0,1366380.0,121
2023-05-10 21:01:36,au2307,au2307,455.46,0.0,0.0,0.0,3,455.32,455.68,1,454.0,455.46,455.46,455.46,3.0,1366380.0,121
2023-05-10 21:01:37,au2307,au2307,455.46,0.0,0.0,0.0,4,455.32,455.68,1,454.0,455.46,455.46,455.46,3.0,1366380.0,121
2023-05-10 21:01:37,au2307,au2307,455.46,0.0,0.0,0.0,1,455.34,455.68,1,454.0,455.46,455.46,455.46,3.0,1366380.0,121
2023-05-10 21:01:38,au2307,au2307,455.46,0.0,0.0,0.0,1,455.36,455.68,1,454.0,455.46,455.46,455.46,3.0,1366380.0,121
2023-05-10 21:01:38,au2307,au2307,455.46,0.0,0.0,0.0,1,455.36,455.68,1,454.0,455.46,455.46,455.46,3.0,1366380.0,121
2023-05-10 21:01:39,au2307,au2307,455.46,0.0,0.0,0.0,1,455.36,455.68,1,454.0,455.46,455.46,455.46,3.0,1366380.0,121
2023-05-10 21:01:40,au2307,au2307,455.46,0.0,0.0,0.0,2,455.36,455.68,1,454.0,455.46,455.46,455.46,3.0,1366380.0,121
2023-05-10 21:01:40,au2307,au2307,455.46,0.0,0.0,0.0,2,455.36,455.78,1,454.0,455.46,455.46,455.46,3.0,1366380.0,121
2023-05-10 21:01:41,au2307,au2307,455.46,0.0,0.0,0.0,2,455.36,455.64,1,454.0,455.46,455.46,455.46,3.0,1366380.0,121
2023-05-10 21:01:41,au2307,au2307,455.46,0.0,0.0,0.0,1,455.38,455.78,2,454.0,455.46,455.46,455.46,3.0,1366380.0,121
2023-05-10 21:01:42,au2307,au2307,455.46,0.0,0.0,0.0,1,455.38,455.7,1,454.0,455.46,455.46,455.46,3.0,1366380.0,121
2023-05-10 21:01:42,au2307,au2307,455.46,0.0,0.0,0.0,3,455.4,455.78,2,454.0,455.46,455.46,455.46,3.0,1366380.0,121
2023-05-10 21:01:43,au2307,au2307,455.46,0.0,0.0,0.0,2,455.42,455.74,1,454.0,455.46,455.46,455.46,3.0,1366380.0,121
2023-05-10 21:01:43,au2307,au2307,455.46,0.0,0.0,0.0,4,455.42,455.74,1,454.0,455.46,455.46,455.46,3.0,1366380.0,121
2023-05-10 21:01:44,au2307,au2307,455.46,0.0,0.0,0.0,1,455.44,455.78,1,454.0,455.46,455.46,455.46,3.0,1366380.0,121
2023-05-10 21:01:44,au2307,au2307,455.46,0.0,0.0,0.0,1,455.4,455.78,2,454.0,455.46,455.46,455.46,3.0,1366380.0,121
2023-05-10 21:01:45,au2307,au2307,455.46,0.0,0.0,0.0,1,455.42,455.78,2,454.0,455.46,455.46,455.46,3.0,1366380.0,121
2023-05-10 21:01:45,au2307,au2307,455.46,0.0,0.0,0.0,1,455.42,455.78,2,454.0,455.46,455.46,455.46,3.0,1366380.0,121
2023-05-10 21:01:46,au2307,au2307,455.46,0.0,0.0,0.0,1,455.42,455.76,1,454.0,455.46,455.46,455.46,3.0,1366380.0,121
2023-05-10 21:01:46,au2307,au2307,455.46,0.0,0.0,0.0,1,455.42,455.72,1,454.0,455.46,455.46,455.46,3.0,1366380.0,121
2023-05-10 21:01:47,au2307,au2307,455.46,0.0,0.0,0.0,1,455.42,455.72,1,454.0,455.46,455.46,455.46,3.0,1366380.0,121
2023-05-10 21:01:47,au2307,au2307,455.46,0.0,0.0,0.0,1,455.04,455.78,1,454.0,455.46,455.46,455.46,3.0,1366380.0,121
2023-05-10 21:01:48,au2307,au2307,455.46,0.0,0.0,0.0,1,455.34,455.72,1,454.0,455.46,455.46,455.46,3.0,1366380.0,121
2023-05-10 21:01:48,au2307,au2307,455.46,0.0,0.0,0.0,4,455.36,455.72,1,454.0,455.46,455.46,455.46,3.0,1366380.0,121
2023-05-10 21:01:49,au2307,au2307,455.46,0.0,0.0,0.0,1,455.38,455.72,1,454.0,455.46,455.46,455.46,3.0,1366380.0,121
2023-05-10 21:01:49,au2307,au2307,455.46,0.0,0.0,0.0,2,455.38,455.72,1,454.0,455.46,455.46,455.46,3.0,1366380.0,121
2023-05-10 21:01:50,au2307,au2307,455.46,0.0,0.0,0.0,4,455.4,455.72,1,454.0,455.46,455.46,455.46,3.0,1366380.0,121
2023-05-10 21:01:50,au2307,au2307,455.46,0.0,0.0,0.0,1,455.38,455.72,1,454.0,455.46,455.46,455.46,3.0,1366380.0,121
2023-05-10 21:01:51,au2307,au2307,455.46,0.0,0.0,0.0,4,455.4,455.72,1,454.0,455.46,455.46,455.46,3.0,1366380.0,121
2023-05-10 21:01:51,au2307,au2307,455.46,0.0,0.0,0.0,4,455.4,455.78,1,454.0,455.46,455.46,455.46,3.0,1366380.0,121
2023-05-10 21:01:52,au2307,au2307,455.46,0.0,0.0,0.0,2,455.42,455.78,2,454.0,455.46,455.46,455.46,3.0,1366380.0,121
2023-05-10 21:01:52,au2307,au2307,455.46,0.0,0.0,0.0,1,455.16,455.78,2,454.0,455.46,455.46,455.46,3.0,1366380.0,121
2023-05-10 21:01:53,au2307,au2307,455.46,0.0,0.0,0.0,1,455.38,455.78,2,454.0,455.46,455.46,455.46,3.0,1366380.0,121
2023-05-10 21:01:53,au2307,au2307,455.46,0.0,0.0,0.0,2,455.38,455.76,1,454.0,455.46,455.46,455.46,3.0,1366380.0,121
2023-05-10 21:01:54,au2307,au2307,455.46,0.0,0.0,0.0,4,455.4,455.72,1,454.0,455.46,455.46,455.46,3.0,1366380.0,121
2023-05-10 21:01:54,au2307,au2307,455.46,0.0,0.0,0.0,1,455.42,455.72,1,454.0,455.46,455.46,455.46,3.0,1366380.0,121
2023-05-10 21:01:55,au2307,au2307,455.46,0.0,0.0,0.0,1,455.42,455.78,1,454.0,455.46,455.46,455.46,3.0,1366380.0,121
2023-05-10 21:01:55,au2307,au2307,455.46,0.0,0.0,0.0,1,455.42,455.7,1,454.0,455.46,455.46,455.46,3.0,1366380.0,121
2023-05-10 21:01:56,au2307,au2307,455.46,0.0,0.0,0.0,2,455.42,455.78,1,454.0,455.46,455.46,455.46,3.0,1366380.0,121
2023-05-10 21:01:56,au2307,au2307,455.46,0.0,0.0,0.0,1,455.42,455.74,1,454.0,455.46,455.46,455.46,3.0,1366380.0,121
2023-05-10 21:02:00,au2307,au2307,455.46,0.0,0.0,0.0,1,455.16,455.74,1,454.0,455.46,455.46,455.46,3.0,1366380.0,121
2023-05-10 21:02:00,au2307,au2307,455.46,0.0,0.0,0.0,1,455.34,455.72,1,454.0,455.46,455.46,455.46,3.0,1366380.0,121
2023-05-10 21:02:01,au2307,au2307,455.46,0.0,0.0,0.0,3,455.42,455.78,1,454.0,455.46,455.46,455.46,3.0,1366380.0,121
2023-05-10 21:02:01,au2307,au2307,455.46,0.0,0.0,0.0,1,455.44,455.78,2,454.0,455.46,455.46,455.46,3.0,1366380.0,121
2023-05-10 21:02:02,au2307,au2307,455.46,0.0,0.0,0.0,2,455.44,455.78,2,454.0,455.46,455.46,455.46,3.0,1366380.0,121
2023-05-10 21:02:02,au2307,au2307,455.46,0.0,0.0,0.0,1,455.44,455.78,2,454.0,455.46,455.46,455.46,3.0,1366380.0,121
2023-05-10 21:02:03,au2307,au2307,455.46,0.0,0.0,0.0,4,455.46,455.78,1,454.0,455.46,455.46,455.46,3.0,1366380.0,121
2023-05-10 21:02:03,au2307,au2307,455.46,0.0,0.0,0.0,1,455.48,455.78,2,454.0,455.46,455.46,455.46,3.0,1366380.0,121
2023-05-10 21:02:04,au2307,au2307,455.46,0.0,0.0,0.0,1,455.48,455.78,1,454.0,455.46,455.46,455.46,3.0,1366380.0,121
2023-05-10 21:02:05,au2307,au2307,455.46,0.0,0.0,0.0,1,455.48,455.78,2,454.0,455.46,455.46,455.46,3.0,1366380.0,121
2023-05-10 21:02:05,au2307,au2307,455.46,0.0,0.0,0.0,1,455.48,455.78,1,454.0,455.46,455.46,455.46,3.0,1366380.0,121
2023-05-10 21:02:06,au2307,au2307,455.46,0.0,0.0,0.0,1,455.48,455.78,1,454.0,455.46,455.46,455.46,3.0,1366380.0,121
2023-05-10 21:02:06,au2307,au2307,455.46,0.0,0.0,0.0,1,455.48,455.78,2,454.0,455.46,455.46,455.46,3.0,1366380.0,121
2023-05-10 21:02:07,au2307,au2307,455.46,0.0,0.0,0.0,1,455.48,455.78,1,454.0,455.46,455.46,455.46,3.0,1366380.0,121
2023-05-10 21:02:08,au2307,au2307,455.46,0.0,0.0,0.0,1,455.48,455.78,2,454.0,455.46,455.46,455.46,3.0,1366380.0,121
2023-05-10 21:02:09,au2307,au2307,455.46,0.0,0.0,0.0,1,455.48,455.78,1,454.0,455.46,455.46,455.46,3.0,1366380.0,121
2023-05-10 21:02:10,au2307,au2307,455.46,0.0,0.0,0.0,1,455.16,455.78,2,454.0,455.46,455.46,455.46,3.0,1366380.0,121
2023-05-10 21:02:11,au2307,au2307,455.46,0.0,0.0,0.0,1,455.42,455.78,2,454.0,455.46,455.46,455.46,3.0,1366380.0,121
2023-05-10 21:02:11,au2307,au2307,455.46,0.0,0.0,0.0,1,455.42,455.78,2,454.0,455.46,455.46,455.46,3.0,1366380.0,121
2023-05-10 21:02:12,au2307,au2307,455.46,0.0,0.0,0.0,1,455.44,455.78,2,454.0,455.46,455.46,455.46,3.0,1366380.0,121
2023-05-10 21:02:13,au2307,au2307,455.46,0.0,0.0,0.0,1,455.44,455.76,1,454.0,455.46,455.46,455.46,3.0,1366380.0,121
2023-05-10 21:02:13,au2307,au2307,455.46,0.0,0.0,0.0,1,455.44,455.72,1,454.0,455.46,455.46,455.46,3.0,1366380.0,121
2023-05-10 21:02:14,au2307,au2307,455.46,0.0,0.0,0.0,2,455.18,455.78,1,454.0,455.46,455.46,455.46,3.0,1366380.0,121
2023-05-10 21:02:14,au2307,au2307,455.46,0.0,0.0,0.0,1,455.36,455.72,1,454.0,455.46,455.46,455.46,3.0,1366380.0,121
2023-05-10 21:02:15,au2307,au2307,455.46,0.0,0.0,0.0,1,455.38,455.72,1,454.0,455.46,455.46,455.46,3.0,1366380.0,121
2023-05-10 21:02:15,au2307,au2307,455.46,0.0,0.0,0.0,3,455.4,455.78,1,454.0,455.46,455.46,455.46,3.0,1366380.0,121
2023-05-10 21:02:16,au2307,au2307,455.46,0.0,0.0,0.0,1,455.42,455.78,2,454.0,455.46,455.46,455.46,3.0,1366380.0,121
2023-05-10 21:02:16,au2307,au2307,455.46,0.0,0.0,0.0,1,455.42,455.78,2,454.0,455.46,455.46,455.46,3.0,1366380.0,121
2023-05-10 21:02:17,au2307,au2307,455.46,0.0,0.0,0.0,1,455.42,455.76,1,454.0,455.46,455.46,455.46,3.0,1366380.0,121
2023-05-10 21:02:17,au2307,au2307,455.46,0.0,0.0,0.0,1,455.42,455.74,1,454.0,455.46,455.46,455.46,3.0,1366380.0,121
2023-05-10 21:02:18,au2307,au2307,455.46,0.0,0.0,0.0,2,455.42,455.74,1,454.0,455.46,455.46,455.46,3.0,1366380.0,121
2023-05-10 21:02:18,au2307,au2307,455.46,0.0,0.0,0.0,1,455.42,455.74,1,454.0,455.46,455.46,455.46,3.0,1366380.0,121
2023-05-10 21:02:19,au2307,au2307,455.46,0.0,0.0,0.0,1,455.42,455.78,1,454.0,455.46,455.46,455.46,3.0,1366380.0,121
2023-05-10 21:02:19,au2307,au2307,455.46,0.0,0.0,0.0,1,455.42,455.74,1,454.0,455.46,455.46,455.46,3.0,1366380.0,121
2023-05-10 21:02:20,au2307,au2307,455.46,0.0,0.0,0.0,1,455.42,455.74,1,454.0,455.46,455.46,455.46,3.0,1366380.0,121
2023-05-10 21:02:20,au2307,au2307,455.46,0.0,0.0,0.0,2,455.42,455.78,1,454.0,455.46,455.46,455.46,3.0,1366380.0,121
2023-05-10 21:02:21,au2307,au2307,455.46,0.0,0.0,0.0,3,455.46,455.78,1,454.0,455.46,455.46,455.46,3.0,1366380.0,121
2023-05-10 21:02:21,au2307,au2307,455.46,0.0,0.0,0.0,1,455.48,455.78,2,454.0,455.46,455.46,455.46,3.0,1366380.0,121
2023-05-10 21:02:22,au2307,au2307,455.46,0.0,0.0,0.0,1,455.48,455.78,1,454.0,455.46,455.46,455.46,3.0,1366380.0,121
2023-05-10 21:02:23,au2307,au2307,455.46,0.0,0.0,0.0,1,455.2,455.78,1,454.0,455.46,455.46,455.46,3.0,1366380.0,121
2023-05-10 21:02:23,au2307,au2307,455.46,0.0,0.0,0.0,1,455.42,455.78,1,454.0,455.46,455.46,455.46,3.0,1366380.0,121
2023-05-10 21:02:24,au2307,au2307,455.46,0.0,0.0,0.0,2,455.22,455.78,2,454.0,455.46,455.46,455.46,3.0,1366380.0,121
2023-05-10 21:02:24,au2307,au2307,455.46,0.0,0.0,0.0,1,455.42,455.76,1,454.0,455.46,455.46,455.46,3.0,1366380.0,121
2023-05-10 21:02:25,au2307,au2307,455.46,0.0,0.0,0.0,1,455.24,455.72,1,454.0,455.46,455.46,455.46,3.0,1366380.0,121
2023-05-10 21:02:25,au2307,au2307,455.46,0.0,0.0,0.0,3,455.28,455.72,1,454.0,455.46,455.46,455.46,3.0,1366380.0,121
2023-05-10 21:02:26,au2307,au2307,455.46,0.0,0.0,0.0,1,455.3,455.7,1,454.0,455.46,455.46,455.46,3.0,1366380.0,121
2023-05-10 21:02:26,au2307,au2307,455.46,0.0,0.0,0.0,1,455.36,455.7,2,454.0,455.46,455.46,455.46,3.0,1366380.0,121
2023-05-10 21:02:27,au2307,au2307,455.46,0.0,0.0,0.0,1,455.14,455.7,2,454.0,455.46,455.46,455.46,3.0,1366380.0,121
2023-05-10 21:02:27,au2307,au2307,455.46,0.0,0.0,0.0,1,455.32,455.7,2,454.0,455.46,455.46,455.46,3.0,1366380.0,121
2023-05-10 21:02:28,au2307,au2307,455.46,0.0,0.0,0.0,1,455.34,455.7,2,454.0,455.46,455.46,455.46,3.0,1366380.0,121
2023-05-10 21:02:28,au2307,au2307,455.46,0.0,0.0,0.0,5,455.34,455.7,2,454.0,455.46,455.46,455.46,3.0,1366380.0,121
2023-05-10 21:02:29,au2307,au2307,455.46,0.0,0.0,0.0,2,455.36,455.7,1,454.0,455.46,455.46,455.46,3.0,1366380.0,121
2023-05-10 21:02:29,au2307,au2307,455.46,0.0,0.0,0.0,1,455.38,455.7,1,454.0,455.46,455.46,455.46,3.0,1366380.0,121
2023-05-10 21:02:30,au2307,au2307,455.46,0.0,0.0,0.0,1,455.38,455.7,1,454.0,455.46,455.46,455.46,3.0,1366380.0,121
2023-05-10 21:02:30,au2307,au2307,455.46,0.0,0.0,0.0,5,455.16,455.7,1,454.0,455.46,455.46,455.46,3.0,1366380.0,121
2023-05-10 21:02:31,au2307,au2307,455.46,0.0,0.0,0.0,1,455.32,455.7,1,454.0,455.46,455.46,455.46,3.0,1366380.0,121
2023-05-10 21:02:31,au2307,au2307,455.46,0.0,0.0,0.0,1,455.34,455.68,1,454.0,455.46,455.46,455.46,3.0,1366380.0,121
2023-05-10 21:02:32,au2307,au2307,455.46,0.0,0.0,0.0,1,455.32,455.66,1,454.0,455.46,455.46,455.46,3.0,1366380.0,121
2023-05-10 21:02:32,au2307,au2307,455.46,0.0,0.0,0.0,3,455.16,455.66,1,454.0,455.46,455.46,455.46,3.0,1366380.0,121
2023-05-10 21:02:33,au2307,au2307,455.46,0.0,0.0,0.0,1,455.28,455.66,1,454.0,455.46,455.46,455.46,3.0,1366380.0,121
2023-05-10 21:02:33,au2307,au2307,455.46,0.0,0.0,0.0,1,455.04,455.64,7,454.0,455.46,455.46,455.46,3.0,1366380.0,121
2023-05-10 21:02:34,au2307,au2307,455.46,0.0,0.0,0.0,3,455.12,455.58,1,454.0,455.46,455.46,455.46,3.0,1366380.0,121
2023-05-10 21:02:34,au2307,au2307,455.46,0.0,0.0,0.0,2,455.14,455.58,1,454.0,455.46,455.46,455.46,3.0,1366380.0,121
2023-05-10 21:02:35,au2307,au2307,455.46,0.0,0.0,0.0,4,455.22,455.64,5,454.0,455.46,455.46,455.46,3.0,1366380.0,121
2023-05-10 21:02:35,au2307,au2307,455.46,0.0,0.0,0.0,1,455.24,455.58,1,454.0,455.46,455.46,455.46,3.0,1366380.0,121
2023-05-10 21:02:36,au2307,au2307,455.46,0.0,0.0,0.0,1,455.28,455.78,1,454.0,455.46,455.46,455.46,3.0,1366380.0,121
2023-05-10 21:02:36,au2307,au2307,455.46,0.0,0.0,0.0,1,455.28,455.68,1,454.0,455.46,455.46,455.46,3.0,1366380.0,121
2023-05-10 21:02:37,au2307,au2307,455.46,0.0,0.0,0.0,1,455.06,455.66,1,454.0,455.46,455.46,455.46,3.0,1366380.0,121
2023-05-10 21:02:37,au2307,au2307,455.46,0.0,0.0,0.0,3,455.14,455.56,1,454.0,455.46,455.46,455.46,3.0,1366380.0,121
2023-05-10 21:02:38,au2307,au2307,455.46,0.0,0.0,0.0,1,455.2,455.56,1,454.0,455.46,455.46,455.46,3.0,1366380.0,121
2023-05-10 21:02:38,au2307,au2307,455.46,0.0,0.0,0.0,1,455.22,455.56,1,454.0,455.46,455.46,455.46,3.0,1366380.0,121
2023-05-10 21:02:39,au2307,au2307,455.46,0.0,0.0,0.0,1,455.22,455.66,1,454.0,455.46,455.46,455.46,3.0,1366380.0,121
2023-05-10 21:02:39,au2307,au2307,455.46,0.0,0.0,0.0,1,455.24,455.56,1,454.0,455.46,455.46,455.46,3.0,1366380.0,121
2023-05-10 21:02:40,au2307,au2307,455.46,0.0,0.0,0.0,2,455.26,455.66,4,454.0,455.46,455.46,455.46,3.0,1366380.0,121
2023-05-10 21:02:40,au2307,au2307,455.46,0.0,0.0,0.0,6,455.26,455.6,1,454.0,455.46,455.46,455.46,3.0,1366380.0,121
2023-05-10 21:02:41,au2307,au2307,455.46,0.0,0.0,0.0,1,455.28,455.6,1,454.0,455.46,455.46,455.46,3.0,1366380.0,121
2023-05-10 21:02:41,au2307,au2307,455.46,0.0,0.0,0.0,2,455.3,455.66,3,454.0,455.46,455.46,455.46,3.0,1366380.0,121
2023-05-10 21:02:42,au2307,au2307,455.46,0.0,0.0,0.0,2,455.3,455.64,1,454.0,455.46,455.46,455.46,3.0,1366380.0,121
2023-05-10 21:02:43,au2307,au2307,455.46,0.0,0.0,0.0,3,455.3,455.64,1,454.0,455.46,455.46,455.46,3.0,1366380.0,121
2023-05-10 21:02:44,au2307,au2307,455.46,0.0,0.0,0.0,2,455.3,455.64,1,454.0,455.46,455.46,455.46,3.0,1366380.0,121
2023-05-10 21:02:48,au2307,au2307,455.46,0.0,0.0,0.0,1,455.06,455.62,2,454.0,455.46,455.46,455.46,3.0,1366380.0,121
2023-05-10 21:02:48,au2307,au2307,455.46,0.0,0.0,0.0,1,455.26,455.6,1,454.0,455.46,455.46,455.46,3.0,1366380.0,121
2023-05-10 21:02:49,au2307,au2307,455.46,0.0,0.0,0.0,1,455.26,455.6,1,454.0,455.46,455.46,455.46,3.0,1366380.0,121
2023-05-10 21:02:49,au2307,au2307,455.46,0.0,0.0,0.0,5,455.26,455.6,1,454.0,455.46,455.46,455.46,3.0,1366380.0,121
2023-05-10 21:02:50,au2307,au2307,455.46,0.0,0.0,0.0,2,455.28,455.78,1,454.0,455.46,455.46,455.46,3.0,1366380.0,121
2023-05-10 21:02:50,au2307,au2307,455.3,1.0,455300.0,1.0,2,455.28,455.4,1,454.0,455.46,455.46,455.3,4.0,1821680.0,122
2023-05-10 21:02:51,au2307,au2307,455.4,1.0,455400.0,0.0,2,455.28,455.58,1,454.0,455.46,455.46,455.3,5.0,2277080.0,122
2023-05-10 21:02:52,au2307,au2307,455.4,0.0,0.0,0.0,2,455.28,455.58,2,454.0,455.46,455.46,455.3,5.0,2277080.0,122
2023-05-10 21:02:53,au2307,au2307,455.4,0.0,0.0,0.0,3,455.28,455.58,1,454.0,455.46,455.46,455.3,5.0,2277080.0,122
2023-05-10 21:02:53,au2307,au2307,455.4,0.0,0.0,0.0,1,455.3,455.58,1,454.0,455.46,455.46,455.3,5.0,2277080.0,122
2023-05-10 21:02:54,au2307,au2307,455.32,1.0,455320.0,1.0,1,455.32,455.42,1,454.0,455.46,455.46,455.3,6.0,2732400.0,123
2023-05-10 21:02:54,au2307,au2307,455.42,1.0,455420.0,0.0,2,455.32,455.58,1,454.0,455.46,455.46,455.3,7.0,3187820.0,123
2023-05-10 21:02:55,au2307,au2307,455.42,0.0,0.0,0.0,6,455.32,455.58,1,454.0,455.46,455.46,455.3,7.0,3187820.0,123
2023-05-10 21:02:55,au2307,au2307,455.42,0.0,0.0,0.0,2,455.32,455.58,1,454.0,455.46,455.46,455.3,7.0,3187820.0,123
2023-05-10 21:02:58,au2307,au2307,455.42,0.0,0.0,0.0,6,455.32,455.58,1,454.0,455.46,455.46,455.3,7.0,3187820.0,123
2023-05-10 21:02:59,au2307,au2307,455.42,0.0,0.0,0.0,2,455.32,455.58,1,454.0,455.46,455.46,455.3,7.0,3187820.0,123
2023-05-10 21:03:00,au2307,au2307,455.42,0.0,0.0,0.0,6,455.32,455.58,1,454.0,455.46,455.46,455.3,7.0,3187820.0,123
2023-05-10 21:03:00,au2307,au2307,455.42,0.0,0.0,0.0,1,455.34,455.58,1,454.0,455.46,455.46,455.3,7.0,3187820.0,123
2023-05-10 21:03:01,au2307,au2307,455.42,0.0,0.0,0.0,2,455.36,455.58,1,454.0,455.46,455.46,455.3,7.0,3187820.0,123
2023-05-10 21:03:01,au2307,au2307,455.42,0.0,0.0,0.0,3,455.36,455.58,1,454.0,455.46,455.46,455.3,7.0,3187820.0,123
2023-05-10 21:03:03,au2307,au2307,455.42,0.0,0.0,0.0,1,455.38,455.58,1,454.0,455.46,455.46,455.3,7.0,3187820.0,123
2023-05-10 21:03:03,au2307,au2307,455.42,0.0,0.0,0.0,3,455.4,455.58,1,454.0,455.46,455.46,455.3,7.0,3187820.0,123
2023-05-10 21:03:04,au2307,au2307,455.42,0.0,0.0,0.0,1,455.44,455.58,1,454.0,455.46,455.46,455.3,7.0,3187820.0,123
2023-05-10 21:03:04,au2307,au2307,455.58,1.0,455580.0,0.0,1,455.44,455.78,1,454.0,455.46,455.58,455.3,8.0,3643400.0,123
2023-05-10 21:03:05,au2307,au2307,455.58,0.0,0.0,0.0,1,455.44,455.78,2,454.0,455.46,455.58,455.3,8.0,3643400.0,123
2023-05-10 21:03:05,au2307,au2307,455.58,0.0,0.0,0.0,1,455.44,455.78,2,454.0,455.46,455.58,455.3,8.0,3643400.0,123
2023-05-10 21:03:06,au2307,au2307,455.58,0.0,0.0,0.0,1,455.44,455.76,2,454.0,455.46,455.58,455.3,8.0,3643400.0,123
2023-05-10 21:03:06,au2307,au2307,455.58,0.0,0.0,0.0,1,455.44,455.76,2,454.0,455.46,455.58,455.3,8.0,3643400.0,123
2023-05-10 21:03:07,au2307,au2307,455.58,0.0,0.0,0.0,1,455.44,455.74,1,454.0,455.46,455.58,455.3,8.0,3643400.0,123
2023-05-10 21:03:08,au2307,au2307,455.58,0.0,0.0,0.0,1,455.1,455.74,1,454.0,455.46,455.58,455.3,8.0,3643400.0,123
2023-05-10 21:03:08,au2307,au2307,455.58,0.0,0.0,0.0,1,455.32,455.74,1,454.0,455.46,455.58,455.3,8.0,3643400.0,123
2023-05-10 21:03:09,au2307,au2307,455.58,0.0,0.0,0.0,1,455.44,455.76,2,454.0,455.46,455.58,455.3,8.0,3643400.0,123
2023-05-10 21:03:09,au2307,au2307,455.58,0.0,0.0,0.0,2,455.44,455.7,1,454.0,455.46,455.58,455.3,8.0,3643400.0,123
2023-05-10 21:03:10,au2307,au2307,455.58,0.0,0.0,0.0,1,455.46,455.76,2,454.0,455.46,455.58,455.3,8.0,3643400.0,123
2023-05-10 21:03:10,au2307,au2307,455.58,0.0,0.0,0.0,1,455.46,455.74,1,454.0,455.46,455.58,455.3,8.0,3643400.0,123
2023-05-10 21:03:11,au2307,au2307,455.58,0.0,0.0,0.0,1,455.46,455.78,1,454.0,455.46,455.58,455.3,8.0,3643400.0,123
2023-05-10 21:03:11,au2307,au2307,455.58,0.0,0.0,0.0,1,455.44,455.78,2,454.0,455.46,455.58,455.3,8.0,3643400.0,123
2023-05-10 21:03:12,au2307,au2307,455.58,0.0,0.0,0.0,1,455.46,455.78,2,454.0,455.46,455.58,455.3,8.0,3643400.0,123
2023-05-10 21:03:12,au2307,au2307,455.58,0.0,0.0,0.0,1,455.46,455.78,1,454.0,455.46,455.58,455.3,8.0,3643400.0,123
2023-05-10 21:03:13,au2307,au2307,455.58,0.0,0.0,0.0,1,455.46,455.78,2,454.0,455.46,455.58,455.3,8.0,3643400.0,123
2023-05-10 21:03:13,au2307,au2307,455.58,0.0,0.0,0.0,1,455.46,455.78,1,454.0,455.46,455.58,455.3,8.0,3643400.0,123
2023-05-10 21:03:14,au2307,au2307,455.58,0.0,0.0,0.0,1,455.48,455.78,1,454.0,455.46,455.58,455.3,8.0,3643400.0,123
2023-05-10 21:03:15,au2307,au2307,455.58,0.0,0.0,0.0,2,455.5,455.78,2,454.0,455.46,455.58,455.3,8.0,3643400.0,123
2023-05-10 21:03:16,au2307,au2307,455.58,0.0,0.0,0.0,1,455.22,455.78,2,454.0,455.46,455.58,455.3,8.0,3643400.0,123
2023-05-10 21:03:16,au2307,au2307,455.58,0.0,0.0,0.0,1,455.44,455.76,2,454.0,455.46,455.58,455.3,8.0,3643400.0,123
2023-05-10 21:03:17,au2307,au2307,455.58,0.0,0.0,0.0,1,455.44,455.76,2,454.0,455.46,455.58,455.3,8.0,3643400.0,123
2023-05-10 21:03:17,au2307,au2307,455.58,0.0,0.0,0.0,1,455.36,455.74,1,454.0,455.46,455.58,455.3,8.0,3643400.0,123
2023-05-10 21:03:18,au2307,au2307,455.58,0.0,0.0,0.0,1,455.4,455.74,1,454.0,455.46,455.58,455.3,8.0,3643400.0,123
2023-05-10 21:03:18,au2307,au2307,455.58,0.0,0.0,0.0,1,455.22,455.72,3,454.0,455.46,455.58,455.3,8.0,3643400.0,123
2023-05-10 21:03:19,au2307,au2307,455.58,0.0,0.0,0.0,1,455.34,455.68,3,454.0,455.46,455.58,455.3,8.0,3643400.0,123
2023-05-10 21:03:19,au2307,au2307,455.58,0.0,0.0,0.0,1,455.34,455.68,3,454.0,455.46,455.58,455.3,8.0,3643400.0,123
2023-05-10 21:03:20,au2307,au2307,455.58,0.0,0.0,0.0,1,455.36,455.68,3,454.0,455.46,455.58,455.3,8.0,3643400.0,123
2023-05-10 21:03:21,au2307,au2307,455.58,0.0,0.0,0.0,1,455.26,455.68,4,454.0,455.46,455.58,455.3,8.0,3643400.0,123
2023-05-10 21:03:21,au2307,au2307,455.58,0.0,0.0,0.0,1,455.3,455.66,3,454.0,455.46,455.58,455.3,8.0,3643400.0,123
2023-05-10 21:03:22,au2307,au2307,455.58,0.0,0.0,0.0,2,455.3,455.64,1,454.0,455.46,455.58,455.3,8.0,3643400.0,123
2023-05-10 21:03:22,au2307,au2307,455.58,0.0,0.0,0.0,4,455.32,455.64,1,454.0,455.46,455.58,455.3,8.0,3643400.0,123
2023-05-10 21:03:23,au2307,au2307,455.58,0.0,0.0,0.0,2,455.34,455.78,1,454.0,455.46,455.58,455.3,8.0,3643400.0,123
2023-05-10 21:03:23,au2307,au2307,455.58,0.0,0.0,0.0,3,455.42,455.78,2,454.0,455.46,455.58,455.3,8.0,3643400.0,123
2023-05-10 21:03:24,au2307,au2307,455.58,0.0,0.0,0.0,1,455.1,455.74,2,454.0,455.46,455.58,455.3,8.0,3643400.0,123
2023-05-10 21:03:24,au2307,au2307,455.58,0.0,0.0,0.0,1,455.4,455.74,3,454.0,455.46,455.58,455.3,8.0,3643400.0,123
2023-05-10 21:03:25,au2307,au2307,455.58,0.0,0.0,0.0,1,455.42,455.74,1,454.0,455.46,455.58,455.3,8.0,3643400.0,123
2023-05-10 21:03:26,au2307,au2307,455.58,0.0,0.0,0.0,1,455.42,455.72,2,454.0,455.46,455.58,455.3,8.0,3643400.0,123
2023-05-10 21:03:26,au2307,au2307,455.58,0.0,0.0,0.0,1,455.42,455.78,1,454.0,455.46,455.58,455.3,8.0,3643400.0,123
2023-05-10 21:03:27,au2307,au2307,455.58,0.0,0.0,0.0,1,455.42,455.74,1,454.0,455.46,455.58,455.3,8.0,3643400.0,123
2023-05-10 21:03:27,au2307,au2307,455.58,0.0,0.0,0.0,1,455.42,455.74,1,454.0,455.46,455.58,455.3,8.0,3643400.0,123
2023-05-10 21:03:28,au2307,au2307,455.58,0.0,0.0,0.0,1,455.42,455.72,2,454.0,455.46,455.58,455.3,8.0,3643400.0,123
2023-05-10 21:03:28,au2307,au2307,455.58,0.0,0.0,0.0,1,455.42,455.72,3,454.0,455.46,455.58,455.3,8.0,3643400.0,123
2023-05-10 21:03:29,au2307,au2307,455.58,0.0,0.0,0.0,1,455.42,455.78,1,454.0,455.46,455.58,455.3,8.0,3643400.0,123
2023-05-10 21:03:29,au2307,au2307,455.58,0.0,0.0,0.0,1,455.42,455.72,1,454.0,455.46,455.58,455.3,8.0,3643400.0,123
2023-05-10 21:03:30,au2307,au2307,455.58,0.0,0.0,0.0,1,455.42,455.72,1,454.0,455.46,455.58,455.3,8.0,3643400.0,123
2023-05-10 21:03:31,au2307,au2307,455.58,0.0,0.0,0.0,1,455.4,455.72,1,454.0,455.46,455.58,455.3,8.0,3643400.0,123
2023-05-10 21:03:31,au2307,au2307,455.58,0.0,0.0,0.0,1,455.4,455.72,1,454.0,455.46,455.58,455.3,8.0,3643400.0,123
2023-05-10 21:03:32,au2307,au2307,455.58,0.0,0.0,0.0,1,455.42,455.7,2,454.0,455.46,455.58,455.3,8.0,3643400.0,123
2023-05-10 21:03:32,au2307,au2307,455.58,0.0,0.0,0.0,1,455.42,455.78,1,454.0,455.46,455.58,455.3,8.0,3643400.0,123
2023-05-10 21:03:33,au2307,au2307,455.58,0.0,0.0,0.0,1,455.42,455.72,1,454.0,455.46,455.58,455.3,8.0,3643400.0,123
2023-05-10 21:03:33,au2307,au2307,455.58,0.0,0.0,0.0,1,455.42,455.78,1,454.0,455.46,455.58,455.3,8.0,3643400.0,123
2023-05-10 21:03:34,au2307,au2307,455.58,0.0,0.0,0.0,2,455.44,455.78,2,454.0,455.46,455.58,455.3,8.0,3643400.0,123
2023-05-10 21:03:34,au2307,au2307,455.58,0.0,0.0,0.0,3,455.44,455.76,2,454.0,455.46,455.58,455.3,8.0,3643400.0,123
2023-05-10 21:03:35,au2307,au2307,455.58,0.0,0.0,0.0,2,455.44,455.76,2,454.0,455.46,455.58,455.3,8.0,3643400.0,123
2023-05-10 21:03:36,au2307,au2307,455.58,0.0,0.0,0.0,3,455.44,455.76,2,454.0,455.46,455.58,455.3,8.0,3643400.0,123
2023-05-10 21:03:36,au2307,au2307,455.58,0.0,0.0,0.0,2,455.44,455.76,2,454.0,455.46,455.58,455.3,8.0,3643400.0,123
2023-05-10 21:03:37,au2307,au2307,455.58,0.0,0.0,0.0,2,455.44,455.74,1,454.0,455.46,455.58,455.3,8.0,3643400.0,123
2023-05-10 21:03:39,au2307,au2307,455.58,0.0,0.0,0.0,1,455.46,455.74,1,454.0,455.46,455.58,455.3,8.0,3643400.0,123
2023-05-10 21:03:39,au2307,au2307,455.58,0.0,0.0,0.0,1,455.2,455.74,1,454.0,455.46,455.58,455.3,8.0,3643400.0,123
2023-05-10 21:03:40,au2307,au2307,455.58,0.0,0.0,0.0,1,455.42,455.74,1,454.0,455.46,455.58,455.3,8.0,3643400.0,123
2023-05-10 21:03:40,au2307,au2307,455.58,0.0,0.0,0.0,1,455.42,455.7,2,454.0,455.46,455.58,455.3,8.0,3643400.0,123
2023-05-10 21:03:41,au2307,au2307,455.58,0.0,0.0,0.0,1,455.42,455.78,1,454.0,455.46,455.58,455.3,8.0,3643400.0,123
2023-05-10 21:03:41,au2307,au2307,455.58,0.0,0.0,0.0,1,455.42,455.7,1,454.0,455.46,455.58,455.3,8.0,3643400.0,123
2023-05-10 21:03:42,au2307,au2307,455.58,0.0,0.0,0.0,1,455.4,455.7,1,454.0,455.46,455.58,455.3,8.0,3643400.0,123
2023-05-10 21:03:42,au2307,au2307,455.58,0.0,0.0,0.0,1,455.42,455.7,1,454.0,455.46,455.58,455.3,8.0,3643400.0,123
2023-05-10 21:03:43,au2307,au2307,455.58,0.0,0.0,0.0,1,455.42,455.76,2,454.0,455.46,455.58,455.3,8.0,3643400.0,123
2023-05-10 21:03:44,au2307,au2307,455.58,0.0,0.0,0.0,1,455.42,455.74,1,454.0,455.46,455.58,455.3,8.0,3643400.0,123
2023-05-10 21:03:45,au2307,au2307,455.58,0.0,0.0,0.0,1,455.42,455.74,1,454.0,455.46,455.58,455.3,8.0,3643400.0,123
2023-05-10 21:03:46,au2307,au2307,455.58,0.0,0.0,0.0,1,455.42,455.72,2,454.0,455.46,455.58,455.3,8.0,3643400.0,123
2023-05-10 21:03:46,au2307,au2307,455.58,0.0,0.0,0.0,1,455.42,455.78,1,454.0,455.46,455.58,455.3,8.0,3643400.0,123
2023-05-10 21:03:47,au2307,au2307,455.58,0.0,0.0,0.0,1,455.42,455.72,1,454.0,455.46,455.58,455.3,8.0,3643400.0,123
2023-05-10 21:03:47,au2307,au2307,455.58,0.0,0.0,0.0,1,455.42,455.72,1,454.0,455.46,455.58,455.3,8.0,3643400.0,123
2023-05-10 21:03:48,au2307,au2307,455.58,0.0,0.0,0.0,1,455.42,455.7,2,454.0,455.46,455.58,455.3,8.0,3643400.0,123
2023-05-10 21:03:48,au2307,au2307,455.58,0.0,0.0,0.0,1,455.4,455.68,1,454.0,455.46,455.58,455.3,8.0,3643400.0,123
2023-05-10 21:03:49,au2307,au2307,455.58,0.0,0.0,0.0,1,455.4,455.68,1,454.0,455.46,455.58,455.3,8.0,3643400.0,123
2023-05-10 21:03:49,au2307,au2307,455.58,0.0,0.0,0.0,1,455.4,455.78,1,454.0,455.46,455.58,455.3,8.0,3643400.0,123
2023-05-10 21:03:50,au2307,au2307,455.58,0.0,0.0,0.0,1,455.2,455.68,1,454.0,455.46,455.58,455.3,8.0,3643400.0,123
2023-05-10 21:03:50,au2307,au2307,455.58,0.0,0.0,0.0,1,455.34,455.68,2,454.0,455.46,455.58,455.3,8.0,3643400.0,123
2023-05-10 21:03:51,au2307,au2307,455.58,0.0,0.0,0.0,1,455.34,455.66,2,454.0,455.46,455.58,455.3,8.0,3643400.0,123
2023-05-10 21:03:51,au2307,au2307,455.58,0.0,0.0,0.0,1,455.36,455.66,3,454.0,455.46,455.58,455.3,8.0,3643400.0,123
2023-05-10 21:03:52,au2307,au2307,455.58,0.0,0.0,0.0,1,455.36,455.66,3,454.0,455.46,455.58,455.3,8.0,3643400.0,123
2023-05-10 21:03:54,au2307,au2307,455.58,0.0,0.0,0.0,1,455.34,455.66,4,454.0,455.46,455.58,455.3,8.0,3643400.0,123
2023-05-10 21:03:54,au2307,au2307,455.58,0.0,0.0,0.0,1,455.34,455.64,3,454.0,455.46,455.58,455.3,8.0,3643400.0,123
2023-05-10 21:03:55,au2307,au2307,455.58,0.0,0.0,0.0,1,455.34,455.6,1,454.0,455.46,455.58,455.3,8.0,3643400.0,123
2023-05-10 21:03:55,au2307,au2307,455.58,0.0,0.0,0.0,1,455.34,455.6,3,454.0,455.46,455.58,455.3,8.0,3643400.0,123
2023-05-10 21:03:56,au2307,au2307,455.58,0.0,0.0,0.0,1,455.34,455.6,2,454.0,455.46,455.58,455.3,8.0,3643400.0,123
2023-05-10 21:03:56,au2307,au2307,455.58,0.0,0.0,0.0,1,454.98,455.76,1,454.0,455.46,455.58,455.3,8.0,3643400.0,123
2023-05-10 21:03:57,au2307,au2307,455.58,0.0,0.0,0.0,1,455.28,455.66,1,454.0,455.46,455.58,455.3,8.0,3643400.0,123
2023-05-10 21:03:57,au2307,au2307,455.58,0.0,0.0,0.0,1,455.3,455.66,1,454.0,455.46,455.58,455.3,8.0,3643400.0,123
2023-05-10 21:03:58,au2307,au2307,455.58,0.0,0.0,0.0,1,455.34,455.64,2,454.0,455.46,455.58,455.3,8.0,3643400.0,123
2023-05-10 21:03:58,au2307,au2307,455.58,0.0,0.0,0.0,1,455.34,455.6,1,454.0,455.46,455.58,455.3,8.0,3643400.0,123
2023-05-10 21:03:59,au2307,au2307,455.58,0.0,0.0,0.0,1,455.34,455.6,1,454.0,455.46,455.58,455.3,8.0,3643400.0,123
2023-05-10 21:04:00,au2307,au2307,455.58,0.0,0.0,0.0,1,455.06,455.58,2,454.0,455.46,455.58,455.3,8.0,3643400.0,123
2023-05-10 21:04:00,au2307,au2307,455.58,0.0,0.0,0.0,1,455.28,455.58,3,454.0,455.46,455.58,455.3,8.0,3643400.0,123
2023-05-10 21:04:01,au2307,au2307,455.58,0.0,0.0,0.0,1,455.3,455.58,3,454.0,455.46,455.58,455.3,8.0,3643400.0,123
2023-05-10 21:04:01,au2307,au2307,455.58,0.0,0.0,0.0,1,455.3,455.58,1,454.0,455.46,455.58,455.3,8.0,3643400.0,123
2023-05-10 21:04:02,au2307,au2307,455.58,0.0,0.0,0.0,1,455.3,455.76,1,454.0,455.46,455.58,455.3,8.0,3643400.0,123
2023-05-10 21:04:02,au2307,au2307,455.58,0.0,0.0,0.0,2,455.3,455.66,1,454.0,455.46,455.58,455.3,8.0,3643400.0,123
2023-05-10 21:04:03,au2307,au2307,455.58,0.0,0.0,0.0,2,455.3,455.66,2,454.0,455.46,455.58,455.3,8.0,3643400.0,123
2023-05-10 21:04:03,au2307,au2307,455.58,0.0,0.0,0.0,2,455.3,455.64,2,454.0,455.46,455.58,455.3,8.0,3643400.0,123
2023-05-10 21:04:04,au2307,au2307,455.58,0.0,0.0,0.0,2,455.3,455.6,1,454.0,455.46,455.58,455.3,8.0,3643400.0,123
2023-05-10 21:04:04,au2307,au2307,455.58,0.0,0.0,0.0,2,455.3,455.6,1,454.0,455.46,455.58,455.3,8.0,3643400.0,123
2023-05-10 21:04:05,au2307,au2307,455.58,0.0,0.0,0.0,1,455.34,455.6,1,454.0,455.46,455.58,455.3,8.0,3643400.0,123
2023-05-10 21:04:05,au2307,au2307,455.58,0.0,0.0,0.0,5,455.34,455.76,1,454.0,455.46,455.58,455.3,8.0,3643400.0,123
2023-05-10 21:04:06,au2307,au2307,455.58,0.0,0.0,0.0,2,455.36,455.66,1,454.0,455.46,455.58,455.3,8.0,3643400.0,123
2023-05-10 21:04:06,au2307,au2307,455.58,0.0,0.0,0.0,2,455.36,455.66,1,454.0,455.46,455.58,455.3,8.0,3643400.0,123
2023-05-10 21:04:07,au2307,au2307,455.58,0.0,0.0,0.0,1,455.34,455.66,1,454.0,455.46,455.58,455.3,8.0,3643400.0,123
2023-05-10 21:04:08,au2307,au2307,455.58,0.0,0.0,0.0,1,455.34,455.64,2,454.0,455.46,455.58,455.3,8.0,3643400.0,123
2023-05-10 21:04:08,au2307,au2307,455.58,0.0,0.0,0.0,1,455.34,455.6,1,454.0,455.46,455.58,455.3,8.0,3643400.0,123
2023-05-10 21:04:09,au2307,au2307,455.58,0.0,0.0,0.0,1,455.34,455.6,1,454.0,455.46,455.58,455.3,8.0,3643400.0,123
2023-05-10 21:04:10,au2307,au2307,455.58,0.0,0.0,0.0,1,455.06,455.6,1,454.0,455.46,455.58,455.3,8.0,3643400.0,123
2023-05-10 21:04:11,au2307,au2307,455.58,0.0,0.0,0.0,1,455.28,455.6,1,454.0,455.46,455.58,455.3,8.0,3643400.0,123
2023-05-10 21:04:11,au2307,au2307,455.58,0.0,0.0,0.0,1,455.3,455.58,2,454.0,455.46,455.58,455.3,8.0,3643400.0,123
2023-05-10 21:04:12,au2307,au2307,455.58,0.0,0.0,0.0,1,455.3,455.58,3,454.0,455.46,455.58,455.3,8.0,3643400.0,123
2023-05-10 21:04:13,au2307,au2307,455.58,0.0,0.0,0.0,1,455.28,455.58,3,454.0,455.46,455.58,455.3,8.0,3643400.0,123
2023-05-10 21:04:13,au2307,au2307,455.58,0.0,0.0,0.0,1,455.28,455.58,3,454.0,455.46,455.58,455.3,8.0,3643400.0,123
2023-05-10 21:04:14,au2307,au2307,455.58,0.0,0.0,0.0,1,455.28,455.58,1,454.0,455.46,455.58,455.3,8.0,3643400.0,123
2023-05-10 21:04:16,au2307,au2307,455.58,0.0,0.0,0.0,1,455.28,455.58,3,454.0,455.46,455.58,455.3,8.0,3643400.0,123
2023-05-10 21:04:18,au2307,au2307,455.58,0.0,0.0,0.0,1,455.28,455.58,2,454.0,455.46,455.58,455.3,8.0,3643400.0,123
2023-05-10 21:04:18,au2307,au2307,455.58,0.0,0.0,0.0,1,455.3,455.58,3,454.0,455.46,455.58,455.3,8.0,3643400.0,123
2023-05-10 21:04:20,au2307,au2307,455.58,0.0,0.0,0.0,1,455.28,455.58,3,454.0,455.46,455.58,455.3,8.0,3643400.0,123
2023-05-10 21:04:22,au2307,au2307,455.58,0.0,0.0,0.0,1,455.3,455.58,2,454.0,455.46,455.58,455.3,8.0,3643400.0,123
2023-05-10 21:04:23,au2307,au2307,455.58,0.0,0.0,0.0,2,455.3,455.58,3,454.0,455.46,455.58,455.3,8.0,3643400.0,123
2023-05-10 21:04:23,au2307,au2307,455.58,0.0,0.0,0.0,2,455.3,455.58,2,454.0,455.46,455.58,455.3,8.0,3643400.0,123
2023-05-10 21:04:24,au2307,au2307,455.58,0.0,0.0,0.0,2,455.3,455.58,3,454.0,455.46,455.58,455.3,8.0,3643400.0,123
2023-05-10 21:04:24,au2307,au2307,455.58,0.0,0.0,0.0,3,455.3,455.76,1,454.0,455.46,455.58,455.3,8.0,3643400.0,123
2023-05-10 21:04:25,au2307,au2307,455.58,0.0,0.0,0.0,1,455.34,455.66,1,454.0,455.46,455.58,455.3,8.0,3643400.0,123
2023-05-10 21:04:25,au2307,au2307,455.58,0.0,0.0,0.0,1,455.34,455.66,2,454.0,455.46,455.58,455.3,8.0,3643400.0,123
2023-05-10 21:04:26,au2307,au2307,455.58,0.0,0.0,0.0,1,455.34,455.64,2,454.0,455.46,455.58,455.3,8.0,3643400.0,123
2023-05-10 21:04:26,au2307,au2307,455.58,0.0,0.0,0.0,1,455.34,455.64,3,454.0,455.46,455.58,455.3,8.0,3643400.0,123
2023-05-10 21:04:27,au2307,au2307,455.58,0.0,0.0,0.0,1,455.34,455.64,4,454.0,455.46,455.58,455.3,8.0,3643400.0,123
2023-05-10 21:04:28,au2307,au2307,455.58,0.0,0.0,0.0,1,455.34,455.64,3,454.0,455.46,455.58,455.3,8.0,3643400.0,123
2023-05-10 21:04:31,au2307,au2307,455.58,0.0,0.0,0.0,1,455.36,455.76,1,454.0,455.46,455.58,455.3,8.0,3643400.0,123
2023-05-10 21:04:32,au2307,au2307,455.58,0.0,0.0,0.0,2,455.36,455.7,1,454.0,455.46,455.58,455.3,8.0,3643400.0,123
2023-05-10 21:04:32,au2307,au2307,455.58,0.0,0.0,0.0,3,455.36,455.7,1,454.0,455.46,455.58,455.3,8.0,3643400.0,123
2023-05-10 21:04:33,au2307,au2307,455.58,0.0,0.0,0.0,1,455.4,455.7,1,454.0,455.46,455.58,455.3,8.0,3643400.0,123
2023-05-10 21:04:33,au2307,au2307,455.58,0.0,0.0,0.0,1,455.4,455.7,1,454.0,455.46,455.58,455.3,8.0,3643400.0,123
2023-05-10 21:04:34,au2307,au2307,455.58,0.0,0.0,0.0,1,455.4,455.7,1,454.0,455.46,455.58,455.3,8.0,3643400.0,123
2023-05-10 21:04:34,au2307,au2307,455.58,0.0,0.0,0.0,1,455.4,455.68,2,454.0,455.46,455.58,455.3,8.0,3643400.0,123
2023-05-10 21:04:35,au2307,au2307,455.58,0.0,0.0,0.0,1,455.4,455.66,1,454.0,455.46,455.58,455.3,8.0,3643400.0,123
2023-05-10 21:04:38,au2307,au2307,455.58,0.0,0.0,0.0,1,455.4,455.66,1,454.0,455.46,455.58,455.3,8.0,3643400.0,123
2023-05-10 21:04:38,au2307,au2307,455.58,0.0,0.0,0.0,1,455.4,455.64,2,454.0,455.46,455.58,455.3,8.0,3643400.0,123
2023-05-10 21:04:39,au2307,au2307,455.58,0.0,0.0,0.0,1,455.4,455.78,1,454.0,455.46,455.58,455.3,8.0,3643400.0,123
2023-05-10 21:04:39,au2307,au2307,455.58,0.0,0.0,0.0,1,455.4,455.68,1,454.0,455.46,455.58,455.3,8.0,3643400.0,123
2023-05-10 21:04:40,au2307,au2307,455.58,0.0,0.0,0.0,1,455.06,455.68,2,454.0,455.46,455.58,455.3,8.0,3643400.0,123
2023-05-10 21:04:40,au2307,au2307,455.58,0.0,0.0,0.0,1,455.34,455.66,2,454.0,455.46,455.58,455.3,8.0,3643400.0,123
2023-05-10 21:04:41,au2307,au2307,455.58,0.0,0.0,0.0,1,455.36,455.66,3,454.0,455.46,455.58,455.3,8.0,3643400.0,123
2023-05-10 21:04:41,au2307,au2307,455.58,0.0,0.0,0.0,1,455.36,455.66,1,454.0,455.46,455.58,455.3,8.0,3643400.0,123
2023-05-10 21:04:42,au2307,au2307,455.58,0.0,0.0,0.0,2,455.36,455.94,1,454.0,455.46,455.58,455.3,8.0,3643400.0,123
2023-05-10 21:04:42,au2307,au2307,455.58,0.0,0.0,0.0,1,455.4,455.84,1,454.0,455.46,455.58,455.3,8.0,3643400.0,123
2023-05-10 21:04:43,au2307,au2307,455.58,0.0,0.0,0.0,1,455.4,455.82,2,454.0,455.46,455.58,455.3,8.0,3643400.0,123
2023-05-10 21:04:43,au2307,au2307,455.58,0.0,0.0,0.0,2,455.4,455.72,1,454.0,455.46,455.58,455.3,8.0,3643400.0,123
2023-05-10 21:04:44,au2307,au2307,455.58,0.0,0.0,0.0,2,455.4,455.72,1,454.0,455.46,455.58,455.3,8.0,3643400.0,123
2023-05-10 21:04:44,au2307,au2307,455.58,0.0,0.0,0.0,2,455.4,455.7,2,454.0,455.46,455.58,455.3,8.0,3643400.0,123
2023-05-10 21:04:45,au2307,au2307,455.58,0.0,0.0,0.0,1,455.4,455.68,1,454.0,455.46,455.58,455.3,8.0,3643400.0,123
2023-05-10 21:04:46,au2307,au2307,455.58,0.0,0.0,0.0,1,455.4,455.68,1,454.0,455.46,455.58,455.3,8.0,3643400.0,123
2023-05-10 21:04:46,au2307,au2307,455.58,0.0,0.0,0.0,1,455.4,455.66,2,454.0,455.46,455.58,455.3,8.0,3643400.0,123
2023-05-10 21:04:47,au2307,au2307,455.58,0.0,0.0,0.0,1,455.4,455.66,3,454.0,455.46,455.58,455.3,8.0,3643400.0,123
2023-05-10 21:04:50,au2307,au2307,455.58,0.0,0.0,0.0,1,455.4,455.66,1,454.0,455.46,455.58,455.3,8.0,3643400.0,123
2023-05-10 21:04:50,au2307,au2307,455.58,0.0,0.0,0.0,1,455.4,455.82,1,454.0,455.46,455.58,455.3,8.0,3643400.0,123
2023-05-10 21:04:51,au2307,au2307,455.58,0.0,0.0,0.0,1,455.4,455.72,1,454.0,455.46,455.58,455.3,8.0,3643400.0,123
2023-05-10 21:04:51,au2307,au2307,455.58,0.0,0.0,0.0,1,455.4,455.72,2,454.0,455.46,455.58,455.3,8.0,3643400.0,123
2023-05-10 21:04:52,au2307,au2307,455.58,0.0,0.0,0.0,1,455.4,455.7,2,454.0,455.46,455.58,455.3,8.0,3643400.0,123
2023-05-10 21:04:52,au2307,au2307,455.58,0.0,0.0,0.0,1,455.4,455.68,1,454.0,455.46,455.58,455.3,8.0,3643400.0,123
2023-05-10 21:04:53,au2307,au2307,455.58,0.0,0.0,0.0,1,455.4,455.68,1,454.0,455.46,455.58,455.3,8.0,3643400.0,123
2023-05-10 21:04:53,au2307,au2307,455.58,0.0,0.0,0.0,1,455.4,455.68,1,454.0,455.46,455.58,455.3,8.0,3643400.0,123
2023-05-10 21:04:54,au2307,au2307,455.58,0.0,0.0,0.0,1,455.4,455.68,1,454.0,455.46,455.58,455.3,8.0,3643400.0,123
2023-05-10 21:04:54,au2307,au2307,455.58,0.0,0.0,0.0,1,455.42,455.68,1,454.0,455.46,455.58,455.3,8.0,3643400.0,123
2023-05-10 21:04:56,au2307,au2307,455.58,0.0,0.0,0.0,1,455.42,455.82,1,454.0,455.46,455.58,455.3,8.0,3643400.0,123
2023-05-10 21:04:56,au2307,au2307,455.58,0.0,0.0,0.0,1,455.4,455.72,1,454.0,455.46,455.58,455.3,8.0,3643400.0,123
2023-05-10 21:04:57,au2307,au2307,455.58,0.0,0.0,0.0,1,455.4,455.7,1,454.0,455.46,455.58,455.3,8.0,3643400.0,123
2023-05-10 21:04:57,au2307,au2307,455.58,0.0,0.0,0.0,1,455.4,455.64,1,454.0,455.46,455.58,455.3,8.0,3643400.0,123
2023-05-10 21:04:58,au2307,au2307,455.58,0.0,0.0,0.0,1,455.06,455.64,1,454.0,455.46,455.58,455.3,8.0,3643400.0,123
2023-05-10 21:04:58,au2307,au2307,455.58,0.0,0.0,0.0,1,455.34,455.62,2,454.0,455.46,455.58,455.3,8.0,3643400.0,123
2023-05-10 21:04:59,au2307,au2307,455.58,0.0,0.0,0.0,1,455.16,455.58,1,454.0,455.46,455.58,455.3,8.0,3643400.0,123
2023-05-10 21:04:59,au2307,au2307,455.58,0.0,0.0,0.0,1,455.28,455.58,1,454.0,455.46,455.58,455.3,8.0,3643400.0,123
2023-05-10 21:05:00,au2307,au2307,455.58,0.0,0.0,0.0,1,455.28,455.58,1,454.0,455.46,455.58,455.3,8.0,3643400.0,123
2023-05-10 21:05:00,au2307,au2307,455.58,0.0,0.0,0.0,1,455.28,455.58,1,454.0,455.46,455.58,455.3,8.0,3643400.0,123
2023-05-10 21:05:01,au2307,au2307,455.58,0.0,0.0,0.0,1,455.28,455.58,3,454.0,455.46,455.58,455.3,8.0,3643400.0,123
2023-05-10 21:05:03,au2307,au2307,455.58,0.0,0.0,0.0,1,455.28,455.58,3,454.0,455.46,455.58,455.3,8.0,3643400.0,123
2023-05-10 21:05:03,au2307,au2307,455.58,0.0,0.0,0.0,1,455.28,455.58,4,454.0,455.46,455.58,455.3,8.0,3643400.0,123
2023-05-10 21:05:04,au2307,au2307,455.58,0.0,0.0,0.0,1,455.28,455.58,3,454.0,455.46,455.58,455.3,8.0,3643400.0,123
2023-05-10 21:05:04,au2307,au2307,455.58,0.0,0.0,0.0,2,455.08,455.56,3,454.0,455.46,455.58,455.3,8.0,3643400.0,123
2023-05-10 21:05:05,au2307,au2307,455.58,0.0,0.0,0.0,1,455.22,455.48,1,454.0,455.46,455.58,455.3,8.0,3643400.0,123
2023-05-10 21:05:05,au2307,au2307,455.58,0.0,0.0,0.0,1,455.22,455.52,2,454.0,455.46,455.58,455.3,8.0,3643400.0,123
2023-05-10 21:05:06,au2307,au2307,455.58,0.0,0.0,0.0,1,455.22,455.48,1,454.0,455.46,455.58,455.3,8.0,3643400.0,123
2023-05-10 21:05:06,au2307,au2307,455.58,0.0,0.0,0.0,1,455.22,455.52,2,454.0,455.46,455.58,455.3,8.0,3643400.0,123
2023-05-10 21:05:07,au2307,au2307,455.58,0.0,0.0,0.0,1,455.22,455.48,1,454.0,455.46,455.58,455.3,8.0,3643400.0,123
2023-05-10 21:05:07,au2307,au2307,455.58,0.0,0.0,0.0,1,455.22,455.48,1,454.0,455.46,455.58,455.3,8.0,3643400.0,123
2023-05-10 21:05:08,au2307,au2307,455.58,0.0,0.0,0.0,1,455.22,455.46,2,454.0,455.46,455.58,455.3,8.0,3643400.0,123
2023-05-10 21:05:08,au2307,au2307,455.58,0.0,0.0,0.0,1,455.22,455.82,1,454.0,455.46,455.58,455.3,8.0,3643400.0,123
2023-05-10 21:05:09,au2307,au2307,455.58,0.0,0.0,0.0,1,455.22,455.72,1,454.0,455.46,455.58,455.3,8.0,3643400.0,123
2023-05-10 21:05:09,au2307,au2307,455.58,0.0,0.0,0.0,1,455.22,455.68,1,454.0,455.46,455.58,455.3,8.0,3643400.0,123
2023-05-10 21:05:10,au2307,au2307,455.58,0.0,0.0,0.0,1,455.22,455.58,1,454.0,455.46,455.58,455.3,8.0,3643400.0,123
2023-05-10 21:05:10,au2307,au2307,455.58,0.0,0.0,0.0,1,455.24,455.58,2,454.0,455.46,455.58,455.3,8.0,3643400.0,123
2023-05-10 21:05:11,au2307,au2307,455.58,0.0,0.0,0.0,1,455.24,455.56,2,454.0,455.46,455.58,455.3,8.0,3643400.0,123
2023-05-10 21:05:11,au2307,au2307,455.58,0.0,0.0,0.0,1,455.24,455.68,1,454.0,455.46,455.58,455.3,8.0,3643400.0,123
2023-05-10 21:05:12,au2307,au2307,455.58,0.0,0.0,0.0,1,455.24,455.58,1,454.0,455.46,455.58,455.3,8.0,3643400.0,123
2023-05-10 21:05:12,au2307,au2307,455.58,0.0,0.0,0.0,3,455.28,455.66,4,454.0,455.46,455.58,455.3,8.0,3643400.0,123
2023-05-10 21:05:13,au2307,au2307,455.58,0.0,0.0,0.0,1,455.34,455.64,3,454.0,455.46,455.58,455.3,8.0,3643400.0,123
2023-05-10 21:05:13,au2307,au2307,455.58,0.0,0.0,0.0,1,454.94,455.64,4,454.0,455.46,455.58,455.3,8.0,3643400.0,123
2023-05-10 21:05:14,au2307,au2307,455.58,0.0,0.0,0.0,1,455.28,455.62,3,454.0,455.46,455.58,455.3,8.0,3643400.0,123
2023-05-10 21:05:14,au2307,au2307,455.58,0.0,0.0,0.0,2,455.28,455.94,1,454.0,455.46,455.58,455.3,8.0,3643400.0,123
2023-05-10 21:05:15,au2307,au2307,455.58,0.0,0.0,0.0,3,455.3,455.82,1,454.0,455.46,455.58,455.3,8.0,3643400.0,123
2023-05-10 21:05:15,au2307,au2307,455.58,0.0,0.0,0.0,1,455.34,455.72,1,454.0,455.46,455.58,455.3,8.0,3643400.0,123
2023-05-10 21:05:16,au2307,au2307,455.58,0.0,0.0,0.0,1,455.36,455.7,5,454.0,455.46,455.58,455.3,8.0,3643400.0,123
2023-05-10 21:05:16,au2307,au2307,455.58,0.0,0.0,0.0,1,455.34,455.64,1,454.0,455.46,455.58,455.3,8.0,3643400.0,123
2023-05-10 21:05:17,au2307,au2307,455.58,0.0,0.0,0.0,1,455.34,455.64,1,454.0,455.46,455.58,455.3,8.0,3643400.0,123
2023-05-10 21:05:17,au2307,au2307,455.58,0.0,0.0,0.0,1,455.36,455.62,2,454.0,455.46,455.58,455.3,8.0,3643400.0,123
2023-05-10 21:05:18,au2307,au2307,455.58,0.0,0.0,0.0,1,455.36,455.82,1,454.0,455.46,455.58,455.3,8.0,3643400.0,123
2023-05-10 21:05:18,au2307,au2307,455.58,0.0,0.0,0.0,1,455.34,455.72,1,454.0,455.46,455.58,455.3,8.0,3643400.0,123
2023-05-10 21:05:19,au2307,au2307,455.58,0.0,0.0,0.0,1,455.34,455.7,3,454.0,455.46,455.58,455.3,8.0,3643400.0,123
2023-05-10 21:05:19,au2307,au2307,455.58,0.0,0.0,0.0,1,455.34,455.6,1,454.0,455.46,455.58,455.3,8.0,3643400.0,123
2023-05-10 21:05:20,au2307,au2307,455.58,0.0,0.0,0.0,1,455.36,455.7,2,454.0,455.46,455.58,455.3,8.0,3643400.0,123
2023-05-10 21:05:20,au2307,au2307,455.58,0.0,0.0,0.0,1,455.36,455.66,1,454.0,455.46,455.58,455.3,8.0,3643400.0,123
2023-05-10 21:05:21,au2307,au2307,455.58,0.0,0.0,0.0,1,455.36,455.66,1,454.0,455.46,455.58,455.3,8.0,3643400.0,123
2023-05-10 21:05:21,au2307,au2307,455.58,0.0,0.0,0.0,1,455.36,455.7,2,454.0,455.46,455.58,455.3,8.0,3643400.0,123
2023-05-10 21:05:22,au2307,au2307,455.58,0.0,0.0,0.0,1,455.38,455.68,1,454.0,455.46,455.58,455.3,8.0,3643400.0,123
2023-05-10 21:05:22,au2307,au2307,455.58,0.0,0.0,0.0,1,455.42,455.7,2,454.0,455.46,455.58,455.3,8.0,3643400.0,123
2023-05-10 21:05:23,au2307,au2307,455.58,0.0,0.0,0.0,1,455.42,455.7,3,454.0,455.46,455.58,455.3,8.0,3643400.0,123
2023-05-10 21:05:23,au2307,au2307,455.58,0.0,0.0,0.0,1,455.42,455.7,3,454.0,455.46,455.58,455.3,8.0,3643400.0,123
2023-05-10 21:05:24,au2307,au2307,455.58,0.0,0.0,0.0,1,455.42,455.7,3,454.0,455.46,455.58,455.3,8.0,3643400.0,123
2023-05-10 21:05:29,au2307,au2307,455.58,0.0,0.0,0.0,1,455.42,455.7,2,454.0,455.46,455.58,455.3,8.0,3643400.0,123
2023-05-10 21:05:29,au2307,au2307,455.58,0.0,0.0,0.0,1,455.42,455.7,3,454.0,455.46,455.58,455.3,8.0,3643400.0,123
2023-05-10 21:05:30,au2307,au2307,455.58,0.0,0.0,0.0,1,455.44,455.7,3,454.0,455.46,455.58,455.3,8.0,3643400.0,123
2023-05-10 21:05:31,au2307,au2307,455.58,0.0,0.0,0.0,1,455.44,455.7,3,454.0,455.46,455.58,455.3,8.0,3643400.0,123
2023-05-10 21:05:31,au2307,au2307,455.58,0.0,0.0,0.0,1,455.42,455.82,1,454.0,455.46,455.58,455.3,8.0,3643400.0,123
2023-05-10 21:05:32,au2307,au2307,455.58,0.0,0.0,0.0,1,455.44,455.72,1,454.0,455.46,455.58,455.3,8.0,3643400.0,123
2023-05-10 21:05:32,au2307,au2307,455.58,0.0,0.0,0.0,1,455.44,455.8,2,454.0,455.46,455.58,455.3,8.0,3643400.0,123
2023-05-10 21:05:33,au2307,au2307,455.58,0.0,0.0,0.0,1,455.44,455.72,1,454.0,455.46,455.58,455.3,8.0,3643400.0,123
2023-05-10 21:05:33,au2307,au2307,455.58,0.0,0.0,0.0,1,455.44,455.72,1,454.0,455.46,455.58,455.3,8.0,3643400.0,123
2023-05-10 21:05:34,au2307,au2307,455.58,0.0,0.0,0.0,1,455.44,455.8,2,454.0,455.46,455.58,455.3,8.0,3643400.0,123
2023-05-10 21:05:34,au2307,au2307,455.58,0.0,0.0,0.0,1,455.42,455.72,1,454.0,455.46,455.58,455.3,8.0,3643400.0,123
2023-05-10 21:05:35,au2307,au2307,455.58,0.0,0.0,0.0,1,455.42,455.72,2,454.0,455.46,455.58,455.3,8.0,3643400.0,123
2023-05-10 21:05:35,au2307,au2307,455.58,0.0,0.0,0.0,1,455.1,455.7,5,454.0,455.46,455.58,455.3,8.0,3643400.0,123
2023-05-10 21:05:36,au2307,au2307,455.58,0.0,0.0,0.0,1,455.36,455.64,1,454.0,455.46,455.58,455.3,8.0,3643400.0,123
2023-05-10 21:05:36,au2307,au2307,455.58,0.0,0.0,0.0,1,455.36,455.64,1,454.0,455.46,455.58,455.3,8.0,3643400.0,123
2023-05-10 21:05:37,au2307,au2307,455.58,0.0,0.0,0.0,1,455.36,455.62,2,454.0,455.46,455.58,455.3,8.0,3643400.0,123
2023-05-10 21:05:37,au2307,au2307,455.58,0.0,0.0,0.0,1,455.36,456.02,1,454.0,455.46,455.58,455.3,8.0,3643400.0,123
2023-05-10 21:05:38,au2307,au2307,455.58,0.0,0.0,0.0,1,455.36,455.84,1,454.0,455.46,455.58,455.3,8.0,3643400.0,123
2023-05-10 21:05:38,au2307,au2307,455.58,0.0,0.0,0.0,1,455.36,455.74,1,454.0,455.46,455.58,455.3,8.0,3643400.0,123
2023-05-10 21:05:39,au2307,au2307,455.58,0.0,0.0,0.0,1,455.36,455.72,6,454.0,455.46,455.58,455.3,8.0,3643400.0,123
2023-05-10 21:05:39,au2307,au2307,455.58,0.0,0.0,0.0,1,455.36,455.64,1,454.0,455.46,455.58,455.3,8.0,3643400.0,123
2023-05-10 21:05:40,au2307,au2307,455.58,0.0,0.0,0.0,1,455.36,455.64,1,454.0,455.46,455.58,455.3,8.0,3643400.0,123
2023-05-10 21:05:40,au2307,au2307,455.58,0.0,0.0,0.0,1,455.36,455.64,1,454.0,455.46,455.58,455.3,8.0,3643400.0,123
2023-05-10 21:05:41,au2307,au2307,455.58,0.0,0.0,0.0,1,455.38,455.64,1,454.0,455.46,455.58,455.3,8.0,3643400.0,123
2023-05-10 21:05:44,au2307,au2307,455.58,0.0,0.0,0.0,1,455.38,455.92,1,454.0,455.46,455.58,455.3,8.0,3643400.0,123
2023-05-10 21:05:44,au2307,au2307,455.58,0.0,0.0,0.0,1,455.38,455.82,1,454.0,455.46,455.58,455.3,8.0,3643400.0,123
2023-05-10 21:05:45,au2307,au2307,455.58,0.0,0.0,0.0,1,455.38,455.8,2,454.0,455.46,455.58,455.3,8.0,3643400.0,123
2023-05-10 21:05:45,au2307,au2307,455.58,0.0,0.0,0.0,1,455.38,455.7,1,454.0,455.46,455.58,455.3,8.0,3643400.0,123
2023-05-10 21:05:46,au2307,au2307,455.58,0.0,0.0,0.0,1,455.38,455.68,2,454.0,455.46,455.58,455.3,8.0,3643400.0,123
2023-05-10 21:05:46,au2307,au2307,455.58,0.0,0.0,0.0,1,455.38,455.68,3,454.0,455.46,455.58,455.3,8.0,3643400.0,123
2023-05-10 21:05:47,au2307,au2307,455.58,0.0,0.0,0.0,1,455.38,455.68,3,454.0,455.46,455.58,455.3,8.0,3643400.0,123
2023-05-10 21:05:47,au2307,au2307,455.58,0.0,0.0,0.0,1,455.36,455.68,4,454.0,455.46,455.58,455.3,8.0,3643400.0,123
2023-05-10 21:05:49,au2307,au2307,455.58,0.0,0.0,0.0,1,455.36,455.68,3,454.0,455.46,455.58,455.3,8.0,3643400.0,123
2023-05-10 21:05:51,au2307,au2307,455.58,0.0,0.0,0.0,1,455.36,455.68,4,454.0,455.46,455.58,455.3,8.0,3643400.0,123
2023-05-10 21:05:52,au2307,au2307,455.58,0.0,0.0,0.0,1,455.36,455.66,3,454.0,455.46,455.58,455.3,8.0,3643400.0,123
2023-05-10 21:05:53,au2307,au2307,455.58,0.0,0.0,0.0,1,455.18,455.64,1,454.0,455.46,455.58,455.3,8.0,3643400.0,123
2023-05-10 21:05:53,au2307,au2307,455.58,0.0,0.0,0.0,1,455.3,455.6,2,454.0,455.46,455.58,455.3,8.0,3643400.0,123
2023-05-10 21:05:54,au2307,au2307,455.58,0.0,0.0,0.0,1,455.3,455.6,3,454.0,455.46,455.58,455.3,8.0,3643400.0,123
2023-05-10 21:05:54,au2307,au2307,455.58,0.0,0.0,0.0,1,455.32,455.8,1,454.0,455.46,455.58,455.3,8.0,3643400.0,123
2023-05-10 21:05:55,au2307,au2307,455.58,0.0,0.0,0.0,1,455.32,455.7,1,454.0,455.46,455.58,455.3,8.0,3643400.0,123
2023-05-10 21:05:55,au2307,au2307,455.58,0.0,0.0,0.0,1,455.32,455.68,1,454.0,455.46,455.58,455.3,8.0,3643400.0,123
2023-05-10 21:05:56,au2307,au2307,455.58,0.0,0.0,0.0,1,455.32,455.64,1,454.0,455.46,455.58,455.3,8.0,3643400.0,123
2023-05-10 21:05:56,au2307,au2307,455.58,0.0,0.0,0.0,1,455.32,455.64,1,454.0,455.46,455.58,455.3,8.0,3643400.0,123
2023-05-10 21:05:57,au2307,au2307,455.58,0.0,0.0,0.0,1,455.32,455.62,2,454.0,455.46,455.58,455.3,8.0,3643400.0,123
2023-05-10 21:05:57,au2307,au2307,455.58,0.0,0.0,0.0,1,454.96,455.52,1,454.0,455.46,455.58,455.3,8.0,3643400.0,123
2023-05-10 21:05:58,au2307,au2307,455.58,0.0,0.0,0.0,1,455.24,455.52,1,454.0,455.46,455.58,455.3,8.0,3643400.0,123
2023-05-10 21:05:58,au2307,au2307,455.58,0.0,0.0,0.0,1,455.24,455.5,2,454.0,455.46,455.58,455.3,8.0,3643400.0,123
2023-05-10 21:05:59,au2307,au2307,455.58,0.0,0.0,0.0,1,455.24,455.5,2,454.0,455.46,455.58,455.3,8.0,3643400.0,123
2023-05-10 21:05:59,au2307,au2307,455.58,0.0,0.0,0.0,1,455.24,455.62,4,454.0,455.46,455.58,455.3,8.0,3643400.0,123
2023-05-10 21:06:00,au2307,au2307,455.58,0.0,0.0,0.0,1,455.24,455.52,1,454.0,455.46,455.58,455.3,8.0,3643400.0,123
2023-05-10 21:06:00,au2307,au2307,455.58,0.0,0.0,0.0,1,455.24,455.52,1,454.0,455.46,455.58,455.3,8.0,3643400.0,123
2023-05-10 21:06:01,au2307,au2307,455.58,0.0,0.0,0.0,1,455.26,455.52,1,454.0,455.46,455.58,455.3,8.0,3643400.0,123
2023-05-10 21:06:02,au2307,au2307,455.58,0.0,0.0,0.0,1,455.26,455.6,2,454.0,455.46,455.58,455.3,8.0,3643400.0,123
2023-05-10 21:06:03,au2307,au2307,455.58,0.0,0.0,0.0,1,455.26,455.54,1,454.0,455.46,455.58,455.3,8.0,3643400.0,123
2023-05-10 21:06:03,au2307,au2307,455.58,0.0,0.0,0.0,1,455.24,455.54,1,454.0,455.46,455.58,455.3,8.0,3643400.0,123
2023-05-10 21:06:05,au2307,au2307,455.58,0.0,0.0,0.0,1,455.24,455.54,1,454.0,455.46,455.58,455.3,8.0,3643400.0,123
2023-05-10 21:06:06,au2307,au2307,455.58,0.0,0.0,0.0,1,455.24,455.52,2,454.0,455.46,455.58,455.3,8.0,3643400.0,123
2023-05-10 21:06:07,au2307,au2307,455.58,0.0,0.0,0.0,1,455.24,455.52,3,454.0,455.46,455.58,455.3,8.0,3643400.0,123
2023-05-10 21:06:08,au2307,au2307,455.58,0.0,0.0,0.0,1,455.06,455.52,4,454.0,455.46,455.58,455.3,8.0,3643400.0,123
2023-05-10 21:06:08,au2307,au2307,455.58,0.0,0.0,0.0,1,455.18,455.5,3,454.0,455.46,455.58,455.3,8.0,3643400.0,123
2023-05-10 21:06:09,au2307,au2307,455.58,0.0,0.0,0.0,1,455.18,455.46,1,454.0,455.46,455.58,455.3,8.0,3643400.0,123
2023-05-10 21:06:09,au2307,au2307,455.58,0.0,0.0,0.0,1,455.18,455.44,2,454.0,455.46,455.58,455.3,8.0,3643400.0,123
2023-05-10 21:06:10,au2307,au2307,455.58,0.0,0.0,0.0,1,455.18,455.42,1,454.0,455.46,455.58,455.3,8.0,3643400.0,123
2023-05-10 21:06:11,au2307,au2307,455.58,0.0,0.0,0.0,1,455.18,455.42,1,454.0,455.46,455.58,455.3,8.0,3643400.0,123
2023-05-10 21:06:11,au2307,au2307,455.58,0.0,0.0,0.0,1,454.88,455.38,2,454.0,455.46,455.58,455.3,8.0,3643400.0,123
2023-05-10 21:06:12,au2307,au2307,455.58,0.0,0.0,0.0,1,455.1,455.34,1,454.0,455.46,455.58,455.3,8.0,3643400.0,123
2023-05-10 21:06:12,au2307,au2307,455.58,0.0,0.0,0.0,1,455.12,455.86,1,454.0,455.46,455.58,455.3,8.0,3643400.0,123
2023-05-10 21:06:13,au2307,au2307,455.58,0.0,0.0,0.0,2,455.12,455.62,1,454.0,455.46,455.58,455.3,8.0,3643400.0,123
2023-05-10 21:06:13,au2307,au2307,455.58,0.0,0.0,0.0,2,455.12,455.52,1,454.0,455.46,455.58,455.3,8.0,3643400.0,123
2023-05-10 21:06:14,au2307,au2307,455.58,0.0,0.0,0.0,2,455.12,455.5,1,454.0,455.46,455.58,455.3,8.0,3643400.0,123
2023-05-10 21:06:14,au2307,au2307,455.58,0.0,0.0,0.0,2,455.12,455.42,1,454.0,455.46,455.58,455.3,8.0,3643400.0,123
2023-05-10 21:06:15,au2307,au2307,455.58,0.0,0.0,0.0,2,455.12,455.42,1,454.0,455.46,455.58,455.3,8.0,3643400.0,123
2023-05-10 21:06:15,au2307,au2307,455.58,0.0,0.0,0.0,2,455.12,455.42,1,454.0,455.46,455.58,455.3,8.0,3643400.0,123
2023-05-10 21:06:16,au2307,au2307,455.58,0.0,0.0,0.0,2,455.12,455.4,2,454.0,455.46,455.58,455.3,8.0,3643400.0,123
2023-05-10 21:06:16,au2307,au2307,455.58,0.0,0.0,0.0,2,455.12,455.4,3,454.0,455.46,455.58,455.3,8.0,3643400.0,123
2023-05-10 21:06:17,au2307,au2307,455.58,0.0,0.0,0.0,2,455.12,455.62,1,454.0,455.46,455.58,455.3,8.0,3643400.0,123
2023-05-10 21:06:17,au2307,au2307,455.58,0.0,0.0,0.0,2,455.12,455.52,1,454.0,455.46,455.58,455.3,8.0,3643400.0,123
2023-05-10 21:06:18,au2307,au2307,455.58,0.0,0.0,0.0,2,455.12,455.5,1,454.0,455.46,455.58,455.3,8.0,3643400.0,123
2023-05-10 21:06:18,au2307,au2307,455.58,0.0,0.0,0.0,2,455.12,455.42,1,454.0,455.46,455.58,455.3,8.0,3643400.0,123
2023-05-10 21:06:19,au2307,au2307,455.58,0.0,0.0,0.0,2,455.12,455.42,1,454.0,455.46,455.58,455.3,8.0,3643400.0,123
2023-05-10 21:06:19,au2307,au2307,455.58,0.0,0.0,0.0,1,455.12,455.42,1,454.0,455.46,455.58,455.3,8.0,3643400.0,123
2023-05-10 21:06:20,au2307,au2307,455.58,0.0,0.0,0.0,1,455.1,455.4,2,454.0,455.46,455.58,455.3,8.0,3643400.0,123
2023-05-10 21:06:20,au2307,au2307,455.58,0.0,0.0,0.0,1,455.1,455.4,3,454.0,455.46,455.58,455.3,8.0,3643400.0,123
2023-05-10 21:06:21,au2307,au2307,455.58,0.0,0.0,0.0,1,455.1,455.4,2,454.0,455.46,455.58,455.3,8.0,3643400.0,123
2023-05-10 21:06:22,au2307,au2307,455.58,0.0,0.0,0.0,1,455.1,455.4,3,454.0,455.46,455.58,455.3,8.0,3643400.0,123
2023-05-10 21:06:23,au2307,au2307,455.58,0.0,0.0,0.0,1,455.12,455.4,3,454.0,455.46,455.58,455.3,8.0,3643400.0,123
2023-05-10 21:06:24,au2307,au2307,455.58,0.0,0.0,0.0,1,455.12,455.62,1,454.0,455.46,455.58,455.3,8.0,3643400.0,123
2023-05-10 21:06:24,au2307,au2307,455.58,0.0,0.0,0.0,1,455.12,455.52,1,454.0,455.46,455.58,455.3,8.0,3643400.0,123
2023-05-10 21:06:25,au2307,au2307,455.58,0.0,0.0,0.0,1,455.16,455.5,3,454.0,455.46,455.58,455.3,8.0,3643400.0,123
2023-05-10 21:06:25,au2307,au2307,455.58,0.0,0.0,0.0,1,455.16,455.46,1,454.0,455.46,455.58,455.3,8.0,3643400.0,123
2023-05-10 21:06:26,au2307,au2307,455.58,0.0,0.0,0.0,1,455.16,455.6,6,454.0,455.46,455.58,455.3,8.0,3643400.0,123
2023-05-10 21:06:26,au2307,au2307,455.58,0.0,0.0,0.0,1,455.16,455.5,1,454.0,455.46,455.58,455.3,8.0,3643400.0,123
2023-05-10 21:06:27,au2307,au2307,455.58,0.0,0.0,0.0,1,455.16,455.5,1,454.0,455.46,455.58,455.3,8.0,3643400.0,123
2023-05-10 21:06:27,au2307,au2307,455.58,0.0,0.0,0.0,1,455.16,455.5,2,454.0,455.46,455.58,455.3,8.0,3643400.0,123
2023-05-10 21:06:28,au2307,au2307,455.58,0.0,0.0,0.0,1,455.16,455.48,2,454.0,455.46,455.58,455.3,8.0,3643400.0,123
2023-05-10 21:06:28,au2307,au2307,455.58,0.0,0.0,0.0,1,455.16,455.46,1,454.0,455.46,455.58,455.3,8.0,3643400.0,123
2023-05-10 21:06:29,au2307,au2307,455.58,0.0,0.0,0.0,1,455.16,455.46,1,454.0,455.46,455.58,455.3,8.0,3643400.0,123
2023-05-10 21:06:29,au2307,au2307,455.58,0.0,0.0,0.0,1,455.16,455.46,3,454.0,455.46,455.58,455.3,8.0,3643400.0,123
2023-05-10 21:06:32,au2307,au2307,455.58,0.0,0.0,0.0,1,455.18,455.46,3,454.0,455.46,455.58,455.3,8.0,3643400.0,123
2023-05-10 21:06:33,au2307,au2307,455.58,0.0,0.0,0.0,1,455.18,455.58,1,454.0,455.46,455.58,455.3,8.0,3643400.0,123
2023-05-10 21:06:34,au2307,au2307,455.58,0.0,0.0,0.0,1,455.18,455.52,1,454.0,455.46,455.58,455.3,8.0,3643400.0,123
2023-05-10 21:06:34,au2307,au2307,455.58,0.0,0.0,0.0,2,455.18,455.52,1,454.0,455.46,455.58,455.3,8.0,3643400.0,123
2023-05-10 21:06:35,au2307,au2307,455.58,0.0,0.0,0.0,2,455.18,455.52,1,454.0,455.46,455.58,455.3,8.0,3643400.0,123
2023-05-10 21:06:35,au2307,au2307,455.58,0.0,0.0,0.0,2,455.18,455.52,1,454.0,455.46,455.58,455.3,8.0,3643400.0,123
2023-05-10 21:06:36,au2307,au2307,455.58,0.0,0.0,0.0,2,455.18,455.52,1,454.0,455.46,455.58,455.3,8.0,3643400.0,123
2023-05-10 21:06:36,au2307,au2307,455.58,0.0,0.0,0.0,1,455.22,455.52,1,454.0,455.46,455.58,455.3,8.0,3643400.0,123
2023-05-10 21:06:37,au2307,au2307,455.58,0.0,0.0,0.0,1,455.22,455.52,1,454.0,455.46,455.58,455.3,8.0,3643400.0,123
2023-05-10 21:06:38,au2307,au2307,455.58,0.0,0.0,0.0,1,455.22,455.52,1,454.0,455.46,455.58,455.3,8.0,3643400.0,123
2023-05-10 21:06:38,au2307,au2307,455.58,0.0,0.0,0.0,1,455.24,455.52,1,454.0,455.46,455.58,455.3,8.0,3643400.0,123
2023-05-10 21:06:39,au2307,au2307,455.58,0.0,0.0,0.0,1,455.26,455.52,1,454.0,455.46,455.58,455.3,8.0,3643400.0,123
2023-05-10 21:06:40,au2307,au2307,455.58,0.0,0.0,0.0,1,455.26,455.52,1,454.0,455.46,455.58,455.3,8.0,3643400.0,123
2023-05-10 21:06:40,au2307,au2307,455.58,0.0,0.0,0.0,1,455.22,455.5,2,454.0,455.46,455.58,455.3,8.0,3643400.0,123
2023-05-10 21:06:41,au2307,au2307,455.58,0.0,0.0,0.0,1,455.24,455.5,2,454.0,455.46,455.58,455.3,8.0,3643400.0,123
2023-05-10 21:06:41,au2307,au2307,455.58,0.0,0.0,0.0,1,455.24,455.46,1,454.0,455.46,455.58,455.3,8.0,3643400.0,123
2023-05-10 21:06:42,au2307,au2307,455.58,0.0,0.0,0.0,1,455.24,455.5,2,454.0,455.46,455.58,455.3,8.0,3643400.0,123
2023-05-10 21:06:43,au2307,au2307,455.58,0.0,0.0,0.0,1,455.24,455.48,1,454.0,455.46,455.58,455.3,8.0,3643400.0,123
2023-05-10 21:06:45,au2307,au2307,455.58,0.0,0.0,0.0,1,455.24,455.48,1,454.0,455.46,455.58,455.3,8.0,3643400.0,123
2023-05-10 21:06:46,au2307,au2307,455.58,0.0,0.0,0.0,1,455.24,455.46,2,454.0,455.46,455.58,455.3,8.0,3643400.0,123
2023-05-10 21:06:46,au2307,au2307,455.58,0.0,0.0,0.0,1,455.24,455.46,3,454.0,455.46,455.58,455.3,8.0,3643400.0,123
2023-05-10 21:06:48,au2307,au2307,455.58,0.0,0.0,0.0,1,455.24,455.86,1,454.0,455.46,455.58,455.3,8.0,3643400.0,123
2023-05-10 21:06:49,au2307,au2307,455.58,0.0,0.0,0.0,1,455.24,455.66,1,454.0,455.46,455.58,455.3,8.0,3643400.0,123
2023-05-10 21:06:49,au2307,au2307,455.58,0.0,0.0,0.0,1,455.24,455.56,1,454.0,455.46,455.58,455.3,8.0,3643400.0,123
2023-05-10 21:06:50,au2307,au2307,455.58,0.0,0.0,0.0,1,455.24,455.54,5,454.0,455.46,455.58,455.3,8.0,3643400.0,123
2023-05-10 21:06:50,au2307,au2307,455.58,0.0,0.0,0.0,1,455.24,455.46,1,454.0,455.46,455.58,455.3,8.0,3643400.0,123
2023-05-10 21:06:51,au2307,au2307,455.58,0.0,0.0,0.0,1,455.24,455.46,1,454.0,455.46,455.58,455.3,8.0,3643400.0,123
2023-05-10 21:06:53,au2307,au2307,455.58,0.0,0.0,0.0,1,455.24,455.54,2,454.0,455.46,455.58,455.3,8.0,3643400.0,123
2023-05-10 21:06:53,au2307,au2307,455.58,0.0,0.0,0.0,1,455.24,455.48,1,454.0,455.46,455.58,455.3,8.0,3643400.0,123
2023-05-10 21:06:54,au2307,au2307,455.58,0.0,0.0,0.0,1,455.24,455.48,1,454.0,455.46,455.58,455.3,8.0,3643400.0,123
2023-05-10 21:06:54,au2307,au2307,455.58,0.0,0.0,0.0,1,455.24,455.46,2,454.0,455.46,455.58,455.3,8.0,3643400.0,123
2023-05-10 21:06:55,au2307,au2307,455.58,0.0,0.0,0.0,1,455.24,455.46,3,454.0,455.46,455.58,455.3,8.0,3643400.0,123
2023-05-10 21:06:58,au2307,au2307,455.58,0.0,0.0,0.0,1,454.9,455.44,3,454.0,455.46,455.58,455.3,8.0,3643400.0,123
2023-05-10 21:06:58,au2307,au2307,455.58,0.0,0.0,0.0,1,455.1,455.4,1,454.0,455.46,455.58,455.3,8.0,3643400.0,123
2023-05-10 21:06:59,au2307,au2307,455.58,0.0,0.0,0.0,1,455.1,455.38,2,454.0,455.46,455.58,455.3,8.0,3643400.0,123
2023-05-10 21:06:59,au2307,au2307,455.58,0.0,0.0,0.0,1,455.12,455.36,1,454.0,455.46,455.58,455.3,8.0,3643400.0,123
2023-05-10 21:07:02,au2307,au2307,455.58,0.0,0.0,0.0,1,455.12,455.38,2,454.0,455.46,455.58,455.3,8.0,3643400.0,123
2023-05-10 21:07:02,au2307,au2307,455.58,0.0,0.0,0.0,1,455.12,455.66,1,454.0,455.46,455.58,455.3,8.0,3643400.0,123
2023-05-10 21:07:03,au2307,au2307,455.58,0.0,0.0,0.0,1,455.12,455.56,1,454.0,455.46,455.58,455.3,8.0,3643400.0,123
2023-05-10 21:07:03,au2307,au2307,455.58,0.0,0.0,0.0,1,455.12,455.54,2,454.0,455.46,455.58,455.3,8.0,3643400.0,123
2023-05-10 21:07:04,au2307,au2307,455.58,0.0,0.0,0.0,1,455.12,455.44,1,454.0,455.46,455.58,455.3,8.0,3643400.0,123
2023-05-10 21:07:04,au2307,au2307,455.58,0.0,0.0,0.0,1,455.12,455.44,2,454.0,455.46,455.58,455.3,8.0,3643400.0,123
2023-05-10 21:07:05,au2307,au2307,455.58,0.0,0.0,0.0,1,455.12,455.42,2,454.0,455.46,455.58,455.3,8.0,3643400.0,123
2023-05-10 21:07:05,au2307,au2307,455.58,0.0,0.0,0.0,1,455.12,455.4,1,454.0,455.46,455.58,455.3,8.0,3643400.0,123
2023-05-10 21:07:06,au2307,au2307,455.58,0.0,0.0,0.0,2,455.12,455.4,1,454.0,455.46,455.58,455.3,8.0,3643400.0,123
2023-05-10 21:07:06,au2307,au2307,455.58,0.0,0.0,0.0,2,455.12,455.4,1,454.0,455.46,455.58,455.3,8.0,3643400.0,123
2023-05-10 21:07:07,au2307,au2307,455.58,0.0,0.0,0.0,2,455.12,455.38,2,454.0,455.46,455.58,455.3,8.0,3643400.0,123
2023-05-10 21:07:07,au2307,au2307,455.58,0.0,0.0,0.0,2,455.12,455.38,2,454.0,455.46,455.58,455.3,8.0,3643400.0,123
2023-05-10 21:07:08,au2307,au2307,455.58,0.0,0.0,0.0,2,455.12,455.54,1,454.0,455.46,455.58,455.3,8.0,3643400.0,123
2023-05-10 21:07:08,au2307,au2307,455.58,0.0,0.0,0.0,2,455.12,455.44,1,454.0,455.46,455.58,455.3,8.0,3643400.0,123
2023-05-10 21:07:09,au2307,au2307,455.58,0.0,0.0,0.0,1,455.14,455.44,1,454.0,455.46,455.58,455.3,8.0,3643400.0,123
2023-05-10 21:07:09,au2307,au2307,455.58,0.0,0.0,0.0,1,455.14,455.44,1,454.0,455.46,455.58,455.3,8.0,3643400.0,123
2023-05-10 21:07:10,au2307,au2307,455.58,0.0,0.0,0.0,1,455.14,455.42,2,454.0,455.46,455.58,455.3,8.0,3643400.0,123
2023-05-10 21:07:10,au2307,au2307,455.58,0.0,0.0,0.0,1,455.14,455.42,3,454.0,455.46,455.58,455.3,8.0,3643400.0,123
2023-05-10 21:07:11,au2307,au2307,455.58,0.0,0.0,0.0,1,455.14,455.42,3,454.0,455.46,455.58,455.3,8.0,3643400.0,123
2023-05-10 21:07:14,au2307,au2307,455.58,0.0,0.0,0.0,2,455.12,455.42,3,454.0,455.46,455.58,455.3,8.0,3643400.0,123
2023-05-10 21:07:21,au2307,au2307,455.58,0.0,0.0,0.0,1,455.12,455.4,3,454.0,455.46,455.58,455.3,8.0,3643400.0,123
2023-05-10 21:07:22,au2307,au2307,455.58,0.0,0.0,0.0,2,454.78,455.3,1,454.0,455.46,455.58,455.3,8.0,3643400.0,123
2023-05-10 21:07:22,au2307,au2307,455.58,0.0,0.0,0.0,1,455.02,455.3,1,454.0,455.46,455.58,455.3,8.0,3643400.0,123
2023-05-10 21:07:23,au2307,au2307,455.58,0.0,0.0,0.0,1,455.02,455.42,4,454.0,455.46,455.58,455.3,8.0,3643400.0,123
2023-05-10 21:07:23,au2307,au2307,455.58,0.0,0.0,0.0,1,455.04,455.34,1,454.0,455.46,455.58,455.3,8.0,3643400.0,123
2023-05-10 21:07:24,au2307,au2307,455.58,0.0,0.0,0.0,1,455.06,455.34,3,454.0,455.46,455.58,455.3,8.0,3643400.0,123
2023-05-10 21:07:24,au2307,au2307,455.58,0.0,0.0,0.0,1,455.08,455.34,3,454.0,455.46,455.58,455.3,8.0,3643400.0,123
2023-05-10 21:07:25,au2307,au2307,455.58,0.0,0.0,0.0,1,455.08,455.34,3,454.0,455.46,455.58,455.3,8.0,3643400.0,123
2023-05-10 21:07:26,au2307,au2307,455.58,0.0,0.0,0.0,1,455.08,455.34,1,454.0,455.46,455.58,455.3,8.0,3643400.0,123
2023-05-10 21:07:27,au2307,au2307,455.58,0.0,0.0,0.0,1,455.1,455.54,1,454.0,455.46,455.58,455.3,8.0,3643400.0,123
2023-05-10 21:07:27,au2307,au2307,455.58,0.0,0.0,0.0,2,455.1,455.44,1,454.0,455.46,455.58,455.3,8.0,3643400.0,123
2023-05-10 21:07:28,au2307,au2307,455.58,0.0,0.0,0.0,1,455.12,455.42,2,454.0,455.46,455.58,455.3,8.0,3643400.0,123
2023-05-10 21:07:28,au2307,au2307,455.58,0.0,0.0,0.0,1,455.12,455.4,1,454.0,455.46,455.58,455.3,8.0,3643400.0,123
2023-05-10 21:07:29,au2307,au2307,455.58,0.0,0.0,0.0,1,455.12,455.4,1,454.0,455.46,455.58,455.3,8.0,3643400.0,123
2023-05-10 21:07:29,au2307,au2307,455.58,0.0,0.0,0.0,1,455.12,455.4,1,454.0,455.46,455.58,455.3,8.0,3643400.0,123
2023-05-10 21:07:30,au2307,au2307,455.58,0.0,0.0,0.0,1,455.12,455.36,2,454.0,455.46,455.58,455.3,8.0,3643400.0,123
2023-05-10 21:07:30,au2307,au2307,455.58,0.0,0.0,0.0,1,455.12,455.36,1,454.0,455.46,455.58,455.3,8.0,3643400.0,123
2023-05-10 21:07:31,au2307,au2307,455.58,0.0,0.0,0.0,1,455.12,455.34,2,454.0,455.46,455.58,455.3,8.0,3643400.0,123
2023-05-10 21:07:32,au2307,au2307,455.58,0.0,0.0,0.0,1,455.08,455.34,3,454.0,455.46,455.58,455.3,8.0,3643400.0,123
2023-05-10 21:07:32,au2307,au2307,455.58,0.0,0.0,0.0,1,455.1,455.34,3,454.0,455.46,455.58,455.3,8.0,3643400.0,123
2023-05-10 21:07:33,au2307,au2307,455.58,0.0,0.0,0.0,1,455.1,455.34,3,454.0,455.46,455.58,455.3,8.0,3643400.0,123
2023-05-10 21:07:35,au2307,au2307,455.58,0.0,0.0,0.0,1,455.1,455.34,1,454.0,455.46,455.58,455.3,8.0,3643400.0,123
2023-05-10 21:07:36,au2307,au2307,455.58,0.0,0.0,0.0,1,455.1,455.34,3,454.0,455.46,455.58,455.3,8.0,3643400.0,123
2023-05-10 21:07:37,au2307,au2307,455.58,0.0,0.0,0.0,1,455.1,455.54,1,454.0,455.46,455.58,455.3,8.0,3643400.0,123
2023-05-10 21:07:38,au2307,au2307,455.58,0.0,0.0,0.0,1,455.1,455.34,1,454.0,455.46,455.58,455.3,8.0,3643400.0,123
2023-05-10 21:07:38,au2307,au2307,455.58,0.0,0.0,0.0,1,455.1,455.34,1,454.0,455.46,455.58,455.3,8.0,3643400.0,123
2023-05-10 21:07:40,au2307,au2307,455.58,0.0,0.0,0.0,1,455.1,455.34,1,454.0,455.46,455.58,455.3,8.0,3643400.0,123
2023-05-10 21:07:40,au2307,au2307,455.58,0.0,0.0,0.0,1,455.1,455.32,2,454.0,455.46,455.58,455.3,8.0,3643400.0,123
2023-05-10 21:07:41,au2307,au2307,455.58,0.0,0.0,0.0,1,455.1,455.3,1,454.0,455.46,455.58,455.3,8.0,3643400.0,123
2023-05-10 21:07:42,au2307,au2307,455.58,0.0,0.0,0.0,1,455.1,455.32,2,454.0,455.46,455.58,455.3,8.0,3643400.0,123
2023-05-10 21:07:43,au2307,au2307,455.58,0.0,0.0,0.0,1,455.1,455.54,1,454.0,455.46,455.58,455.3,8.0,3643400.0,123
2023-05-10 21:07:43,au2307,au2307,455.58,0.0,0.0,0.0,1,455.1,455.44,1,454.0,455.46,455.58,455.3,8.0,3643400.0,123
2023-05-10 21:07:44,au2307,au2307,455.58,0.0,0.0,0.0,1,455.1,455.42,1,454.0,455.46,455.58,455.3,8.0,3643400.0,123
2023-05-10 21:07:44,au2307,au2307,455.58,0.0,0.0,0.0,1,455.1,455.36,1,454.0,455.46,455.58,455.3,8.0,3643400.0,123
2023-05-10 21:07:45,au2307,au2307,455.58,0.0,0.0,0.0,1,455.1,455.36,1,454.0,455.46,455.58,455.3,8.0,3643400.0,123
2023-05-10 21:07:45,au2307,au2307,455.58,0.0,0.0,0.0,1,455.1,455.36,1,454.0,455.46,455.58,455.3,8.0,3643400.0,123
2023-05-10 21:07:46,au2307,au2307,455.58,0.0,0.0,0.0,1,455.1,455.34,2,454.0,455.46,455.58,455.3,8.0,3643400.0,123
2023-05-10 21:07:46,au2307,au2307,455.58,0.0,0.0,0.0,1,455.1,455.34,3,454.0,455.46,455.58,455.3,8.0,3643400.0,123
2023-05-10 21:07:53,au2307,au2307,455.58,0.0,0.0,0.0,1,455.1,455.34,4,454.0,455.46,455.58,455.3,8.0,3643400.0,123
2023-05-10 21:07:54,au2307,au2307,455.58,0.0,0.0,0.0,1,455.1,455.34,3,454.0,455.46,455.58,455.3,8.0,3643400.0,123
2023-05-10 21:07:55,au2307,au2307,455.58,0.0,0.0,0.0,1,455.1,455.34,4,454.0,455.46,455.58,455.3,8.0,3643400.0,123
2023-05-10 21:07:56,au2307,au2307,455.58,0.0,0.0,0.0,1,455.1,455.34,4,454.0,455.46,455.58,455.3,8.0,3643400.0,123
2023-05-10 21:07:57,au2307,au2307,455.58,0.0,0.0,0.0,1,455.1,455.34,4,454.0,455.46,455.58,455.3,8.0,3643400.0,123
2023-05-10 21:07:58,au2307,au2307,455.58,0.0,0.0,0.0,1,455.1,455.34,3,454.0,455.46,455.58,455.3,8.0,3643400.0,123
2023-05-10 21:07:58,au2307,au2307,455.58,0.0,0.0,0.0,1,455.1,455.54,1,454.0,455.46,455.58,455.3,8.0,3643400.0,123
2023-05-10 21:07:59,au2307,au2307,455.58,0.0,0.0,0.0,1,455.1,455.44,1,454.0,455.46,455.58,455.3,8.0,3643400.0,123
2023-05-10 21:07:59,au2307,au2307,455.58,0.0,0.0,0.0,1,455.1,455.42,2,454.0,455.46,455.58,455.3,8.0,3643400.0,123
2023-05-10 21:08:00,au2307,au2307,455.58,0.0,0.0,0.0,1,455.1,455.32,1,454.0,455.46,455.58,455.3,8.0,3643400.0,123
2023-05-10 21:08:00,au2307,au2307,455.58,0.0,0.0,0.0,1,455.1,455.32,1,454.0,455.46,455.58,455.3,8.0,3643400.0,123
2023-05-10 21:08:01,au2307,au2307,455.58,0.0,0.0,0.0,1,455.1,455.52,6,454.0,455.46,455.58,455.3,8.0,3643400.0,123
2023-05-10 21:08:01,au2307,au2307,455.58,0.0,0.0,0.0,1,455.1,455.42,1,454.0,455.46,455.58,455.3,8.0,3643400.0,123
2023-05-10 21:08:02,au2307,au2307,455.58,0.0,0.0,0.0,1,455.1,455.4,1,454.0,455.46,455.58,455.3,8.0,3643400.0,123
2023-05-10 21:08:02,au2307,au2307,455.58,0.0,0.0,0.0,1,455.1,455.34,1,454.0,455.46,455.58,455.3,8.0,3643400.0,123
2023-05-10 21:08:03,au2307,au2307,455.58,0.0,0.0,0.0,1,455.1,455.34,1,454.0,455.46,455.58,455.3,8.0,3643400.0,123
2023-05-10 21:08:03,au2307,au2307,455.58,0.0,0.0,0.0,1,455.1,455.32,2,454.0,455.46,455.58,455.3,8.0,3643400.0,123
2023-05-10 21:08:04,au2307,au2307,455.58,0.0,0.0,0.0,1,454.8,455.22,1,454.0,455.46,455.58,455.3,8.0,3643400.0,123
2023-05-10 21:08:04,au2307,au2307,455.58,0.0,0.0,0.0,1,454.94,455.22,1,454.0,455.46,455.58,455.3,8.0,3643400.0,123
2023-05-10 21:08:05,au2307,au2307,455.58,0.0,0.0,0.0,1,454.94,455.22,1,454.0,455.46,455.58,455.3,8.0,3643400.0,123
2023-05-10 21:08:05,au2307,au2307,455.58,0.0,0.0,0.0,2,454.96,455.32,6,454.0,455.46,455.58,455.3,8.0,3643400.0,123
2023-05-10 21:08:06,au2307,au2307,455.58,0.0,0.0,0.0,6,454.96,455.3,1,454.0,455.46,455.58,455.3,8.0,3643400.0,123
2023-05-10 21:08:06,au2307,au2307,455.58,0.0,0.0,0.0,1,455.0,455.5,1,454.0,455.46,455.58,455.3,8.0,3643400.0,123
2023-05-10 21:08:07,au2307,au2307,455.58,0.0,0.0,0.0,2,455.0,455.4,1,454.0,455.46,455.58,455.3,8.0,3643400.0,123
2023-05-10 21:08:07,au2307,au2307,455.58,0.0,0.0,0.0,4,455.02,455.4,2,454.0,455.46,455.58,455.3,8.0,3643400.0,123
2023-05-10 21:08:08,au2307,au2307,455.58,0.0,0.0,0.0,1,455.06,455.38,2,454.0,455.46,455.58,455.3,8.0,3643400.0,123
2023-05-10 21:08:08,au2307,au2307,455.58,0.0,0.0,0.0,1,455.06,455.34,1,454.0,455.46,455.58,455.3,8.0,3643400.0,123
2023-05-10 21:08:09,au2307,au2307,455.58,0.0,0.0,0.0,1,455.06,455.34,1,454.0,455.46,455.58,455.3,8.0,3643400.0,123
2023-05-10 21:08:09,au2307,au2307,455.58,0.0,0.0,0.0,1,455.06,455.34,1,454.0,455.46,455.58,455.3,8.0,3643400.0,123
2023-05-10 21:08:10,au2307,au2307,455.58,0.0,0.0,0.0,1,455.06,455.34,1,454.0,455.46,455.58,455.3,8.0,3643400.0,123
2023-05-10 21:08:10,au2307,au2307,455.58,0.0,0.0,0.0,1,455.06,455.34,1,454.0,455.46,455.58,455.3,8.0,3643400.0,123
2023-05-10 21:08:11,au2307,au2307,455.58,0.0,0.0,0.0,1,455.06,455.34,3,454.0,455.46,455.58,455.3,8.0,3643400.0,123
2023-05-10 21:08:11,au2307,au2307,455.58,0.0,0.0,0.0,1,455.04,455.34,4,454.0,455.46,455.58,455.3,8.0,3643400.0,123
2023-05-10 21:08:12,au2307,au2307,455.58,0.0,0.0,0.0,1,455.04,455.34,3,454.0,455.46,455.58,455.3,8.0,3643400.0,123
2023-05-10 21:08:12,au2307,au2307,455.58,0.0,0.0,0.0,1,455.04,455.34,4,454.0,455.46,455.58,455.3,8.0,3643400.0,123
2023-05-10 21:08:13,au2307,au2307,455.58,0.0,0.0,0.0,1,455.04,455.34,3,454.0,455.46,455.58,455.3,8.0,3643400.0,123
2023-05-10 21:08:13,au2307,au2307,455.58,0.0,0.0,0.0,1,455.04,455.34,4,454.0,455.46,455.58,455.3,8.0,3643400.0,123
2023-05-10 21:08:14,au2307,au2307,455.58,0.0,0.0,0.0,1,454.8,455.32,3,454.0,455.46,455.58,455.3,8.0,3643400.0,123
2023-05-10 21:08:15,au2307,au2307,455.58,0.0,0.0,0.0,1,454.98,455.22,1,454.0,455.46,455.58,455.3,8.0,3643400.0,123
2023-05-10 21:08:15,au2307,au2307,455.58,0.0,0.0,0.0,1,454.98,455.2,2,454.0,455.46,455.58,455.3,8.0,3643400.0,123
2023-05-10 21:08:16,au2307,au2307,455.58,0.0,0.0,0.0,1,455.0,455.32,4,454.0,455.46,455.58,455.3,8.0,3643400.0,123
2023-05-10 21:08:16,au2307,au2307,455.58,0.0,0.0,0.0,1,455.0,455.22,1,454.0,455.46,455.58,455.3,8.0,3643400.0,123
2023-05-10 21:08:17,au2307,au2307,455.58,0.0,0.0,0.0,1,455.0,455.3,2,454.0,455.46,455.58,455.3,8.0,3643400.0,123
2023-05-10 21:08:17,au2307,au2307,455.58,0.0,0.0,0.0,1,455.0,455.28,1,454.0,455.46,455.58,455.3,8.0,3643400.0,123
2023-05-10 21:08:18,au2307,au2307,455.58,0.0,0.0,0.0,1,455.02,455.28,1,454.0,455.46,455.58,455.3,8.0,3643400.0,123
2023-05-10 21:08:19,au2307,au2307,455.58,0.0,0.0,0.0,1,455.04,455.28,1,454.0,455.46,455.58,455.3,8.0,3643400.0,123
2023-05-10 21:08:19,au2307,au2307,455.58,0.0,0.0,0.0,1,455.04,455.5,1,454.0,455.46,455.58,455.3,8.0,3643400.0,123
2023-05-10 21:08:20,au2307,au2307,455.58,0.0,0.0,0.0,1,455.06,455.4,1,454.0,455.46,455.58,455.3,8.0,3643400.0,123
2023-05-10 21:08:20,au2307,au2307,455.58,0.0,0.0,0.0,2,455.06,455.4,1,454.0,455.46,455.58,455.3,8.0,3643400.0,123
2023-05-10 21:08:21,au2307,au2307,455.58,0.0,0.0,0.0,2,455.06,455.38,2,454.0,455.46,455.58,455.3,8.0,3643400.0,123
2023-05-10 21:08:21,au2307,au2307,455.58,0.0,0.0,0.0,2,455.06,455.36,1,454.0,455.46,455.58,455.3,8.0,3643400.0,123
2023-05-10 21:08:22,au2307,au2307,455.58,0.0,0.0,0.0,2,455.06,455.5,1,454.0,455.46,455.58,455.3,8.0,3643400.0,123
2023-05-10 21:08:23,au2307,au2307,455.58,0.0,0.0,0.0,1,455.1,455.4,1,454.0,455.46,455.58,455.3,8.0,3643400.0,123
2023-05-10 21:08:23,au2307,au2307,455.58,0.0,0.0,0.0,1,455.12,455.48,2,454.0,455.46,455.58,455.3,8.0,3643400.0,123
2023-05-10 21:08:24,au2307,au2307,455.58,0.0,0.0,0.0,1,455.12,455.4,1,454.0,455.46,455.58,455.3,8.0,3643400.0,123
2023-05-10 21:08:24,au2307,au2307,455.58,0.0,0.0,0.0,1,455.12,455.48,2,454.0,455.46,455.58,455.3,8.0,3643400.0,123
2023-05-10 21:08:25,au2307,au2307,455.58,0.0,0.0,0.0,1,455.12,455.46,1,454.0,455.46,455.58,455.3,8.0,3643400.0,123
2023-05-10 21:08:25,au2307,au2307,455.58,0.0,0.0,0.0,1,455.16,455.46,1,454.0,455.46,455.58,455.3,8.0,3643400.0,123
2023-05-10 21:08:26,au2307,au2307,455.58,0.0,0.0,0.0,1,455.16,455.46,1,454.0,455.46,455.58,455.3,8.0,3643400.0,123
2023-05-10 21:08:26,au2307,au2307,455.58,0.0,0.0,0.0,1,455.16,455.44,2,454.0,455.46,455.58,455.3,8.0,3643400.0,123
2023-05-10 21:08:27,au2307,au2307,455.58,0.0,0.0,0.0,2,454.8,455.4,1,454.0,455.46,455.58,455.3,8.0,3643400.0,123
2023-05-10 21:08:27,au2307,au2307,455.58,0.0,0.0,0.0,1,455.1,455.44,2,454.0,455.46,455.58,455.3,8.0,3643400.0,123
2023-05-10 21:08:28,au2307,au2307,455.58,0.0,0.0,0.0,1,455.12,455.42,1,454.0,455.46,455.58,455.3,8.0,3643400.0,123
2023-05-10 21:08:28,au2307,au2307,455.58,0.0,0.0,0.0,1,455.14,455.42,1,454.0,455.46,455.58,455.3,8.0,3643400.0,123
2023-05-10 21:08:29,au2307,au2307,455.58,0.0,0.0,0.0,1,455.14,455.78,1,454.0,455.46,455.58,455.3,8.0,3643400.0,123
2023-05-10 21:08:29,au2307,au2307,455.58,0.0,0.0,0.0,1,455.14,455.6,1,454.0,455.46,455.58,455.3,8.0,3643400.0,123
2023-05-10 21:08:30,au2307,au2307,455.58,0.0,0.0,0.0,1,455.14,455.5,1,454.0,455.46,455.58,455.3,8.0,3643400.0,123
2023-05-10 21:08:30,au2307,au2307,455.58,0.0,0.0,0.0,1,455.14,455.48,2,454.0,455.46,455.58,455.3,8.0,3643400.0,123
2023-05-10 21:08:31,au2307,au2307,455.58,0.0,0.0,0.0,1,455.14,455.38,1,454.0,455.46,455.58,455.3,8.0,3643400.0,123
2023-05-10 21:08:31,au2307,au2307,455.58,0.0,0.0,0.0,1,455.14,455.38,1,454.0,455.46,455.58,455.3,8.0,3643400.0,123
2023-05-10 21:08:32,au2307,au2307,455.58,0.0,0.0,0.0,1,455.14,455.38,1,454.0,455.46,455.58,455.3,8.0,3643400.0,123
2023-05-10 21:08:33,au2307,au2307,455.58,0.0,0.0,0.0,1,455.14,455.36,2,454.0,455.46,455.58,455.3,8.0,3643400.0,123
2023-05-10 21:08:33,au2307,au2307,455.58,0.0,0.0,0.0,1,455.14,455.36,1,454.0,455.46,455.58,455.3,8.0,3643400.0,123
2023-05-10 21:08:35,au2307,au2307,455.58,0.0,0.0,0.0,1,455.14,455.48,1,454.0,455.46,455.58,455.3,8.0,3643400.0,123
2023-05-10 21:08:36,au2307,au2307,455.58,0.0,0.0,0.0,1,455.14,455.4,1,454.0,455.46,455.58,455.3,8.0,3643400.0,123
2023-05-10 21:08:36,au2307,au2307,455.58,0.0,0.0,0.0,1,455.14,455.4,2,454.0,455.46,455.58,455.3,8.0,3643400.0,123
2023-05-10 21:08:37,au2307,au2307,455.58,0.0,0.0,0.0,2,454.8,455.38,4,454.0,455.46,455.58,455.3,8.0,3643400.0,123
2023-05-10 21:08:37,au2307,au2307,455.58,0.0,0.0,0.0,1,455.0,455.34,1,454.0,455.46,455.58,455.3,8.0,3643400.0,123
2023-05-10 21:08:38,au2307,au2307,455.58,0.0,0.0,0.0,1,455.0,455.32,1,454.0,455.46,455.58,455.3,8.0,3643400.0,123
2023-05-10 21:08:38,au2307,au2307,455.58,0.0,0.0,0.0,1,455.02,455.28,1,454.0,455.46,455.58,455.3,8.0,3643400.0,123
2023-05-10 21:08:39,au2307,au2307,455.58,0.0,0.0,0.0,1,455.02,455.28,1,454.0,455.46,455.58,455.3,8.0,3643400.0,123
2023-05-10 21:08:40,au2307,au2307,455.58,0.0,0.0,0.0,1,455.02,455.28,1,454.0,455.46,455.58,455.3,8.0,3643400.0,123
2023-05-10 21:08:40,au2307,au2307,455.58,0.0,0.0,0.0,1,455.02,455.28,2,454.0,455.46,455.58,455.3,8.0,3643400.0,123
2023-05-10 21:08:41,au2307,au2307,455.58,0.0,0.0,0.0,1,455.02,455.24,2,454.0,455.46,455.58,455.3,8.0,3643400.0,123
2023-05-10 21:08:41,au2307,au2307,455.58,0.0,0.0,0.0,1,455.02,455.24,3,454.0,455.46,455.58,455.3,8.0,3643400.0,123
2023-05-10 21:08:43,au2307,au2307,455.58,0.0,0.0,0.0,1,455.02,455.24,3,454.0,455.46,455.58,455.3,8.0,3643400.0,123
2023-05-10 21:08:43,au2307,au2307,455.58,0.0,0.0,0.0,1,454.66,455.24,4,454.0,455.46,455.58,455.3,8.0,3643400.0,123
2023-05-10 21:08:44,au2307,au2307,455.58,0.0,0.0,0.0,1,454.9,455.24,4,454.0,455.46,455.58,455.3,8.0,3643400.0,123
2023-05-10 21:08:44,au2307,au2307,455.58,0.0,0.0,0.0,1,454.9,455.24,4,454.0,455.46,455.58,455.3,8.0,3643400.0,123
2023-05-10 21:08:45,au2307,au2307,455.58,0.0,0.0,0.0,2,454.92,455.24,3,454.0,455.46,455.58,455.3,8.0,3643400.0,123
2023-05-10 21:08:45,au2307,au2307,455.58,0.0,0.0,0.0,2,454.92,455.24,4,454.0,455.46,455.58,455.3,8.0,3643400.0,123
2023-05-10 21:08:46,au2307,au2307,455.58,0.0,0.0,0.0,3,454.68,455.22,8,454.0,455.46,455.58,455.3,8.0,3643400.0,123
2023-05-10 21:08:46,au2307,au2307,455.58,0.0,0.0,0.0,1,454.82,455.14,1,454.0,455.46,455.58,455.3,8.0,3643400.0,123
2023-05-10 21:08:47,au2307,au2307,455.58,0.0,0.0,0.0,6,454.84,455.22,4,454.0,455.46,455.58,455.3,8.0,3643400.0,123
2023-05-10 21:08:47,au2307,au2307,455.58,0.0,0.0,0.0,1,454.88,455.16,3,454.0,455.46,455.58,455.3,8.0,3643400.0,123
2023-05-10 21:08:48,au2307,au2307,455.58,0.0,0.0,0.0,1,454.9,455.16,1,454.0,455.46,455.58,455.3,8.0,3643400.0,123
2023-05-10 21:08:48,au2307,au2307,455.58,0.0,0.0,0.0,1,454.9,455.6,1,454.0,455.46,455.58,455.3,8.0,3643400.0,123
2023-05-10 21:08:49,au2307,au2307,455.58,0.0,0.0,0.0,1,454.9,455.36,1,454.0,455.46,455.58,455.3,8.0,3643400.0,123
2023-05-10 21:08:49,au2307,au2307,455.58,0.0,0.0,0.0,1,454.88,455.26,1,454.0,455.46,455.58,455.3,8.0,3643400.0,123
2023-05-10 21:08:50,au2307,au2307,455.58,0.0,0.0,0.0,1,454.88,455.24,7,454.0,455.46,455.58,455.3,8.0,3643400.0,123
2023-05-10 21:08:50,au2307,au2307,455.58,0.0,0.0,0.0,1,454.88,455.16,1,454.0,455.46,455.58,455.3,8.0,3643400.0,123
2023-05-10 21:08:51,au2307,au2307,455.58,0.0,0.0,0.0,1,454.88,455.24,5,454.0,455.46,455.58,455.3,8.0,3643400.0,123
2023-05-10 21:08:51,au2307,au2307,455.58,0.0,0.0,0.0,1,454.88,455.16,1,454.0,455.46,455.58,455.3,8.0,3643400.0,123
2023-05-10 21:08:52,au2307,au2307,455.58,0.0,0.0,0.0,1,454.88,455.16,1,454.0,455.46,455.58,455.3,8.0,3643400.0,123
2023-05-10 21:08:52,au2307,au2307,455.58,0.0,0.0,0.0,1,454.86,455.14,2,454.0,455.46,455.58,455.3,8.0,3643400.0,123
2023-05-10 21:08:53,au2307,au2307,455.58,0.0,0.0,0.0,1,454.86,455.14,3,454.0,455.46,455.58,455.3,8.0,3643400.0,123
2023-05-10 21:08:53,au2307,au2307,455.58,0.0,0.0,0.0,1,454.68,455.14,4,454.0,455.46,455.58,455.3,8.0,3643400.0,123
2023-05-10 21:08:54,au2307,au2307,455.58,0.0,0.0,0.0,1,454.8,455.48,1,454.0,455.46,455.58,455.3,8.0,3643400.0,123
2023-05-10 21:08:54,au2307,au2307,455.58,0.0,0.0,0.0,2,454.8,455.32,1,454.0,455.46,455.58,455.3,8.0,3643400.0,123
2023-05-10 21:08:55,au2307,au2307,455.58,0.0,0.0,0.0,3,454.82,455.22,1,454.0,455.46,455.58,455.3,8.0,3643400.0,123
2023-05-10 21:08:55,au2307,au2307,455.58,0.0,0.0,0.0,3,454.82,455.2,5,454.0,455.46,455.58,455.3,8.0,3643400.0,123
2023-05-10 21:08:56,au2307,au2307,455.58,0.0,0.0,0.0,7,454.82,455.16,1,454.0,455.46,455.58,455.3,8.0,3643400.0,123
2023-05-10 21:08:56,au2307,au2307,455.58,0.0,0.0,0.0,1,454.86,455.16,1,454.0,455.46,455.58,455.3,8.0,3643400.0,123
2023-05-10 21:08:57,au2307,au2307,455.58,0.0,0.0,0.0,1,454.86,455.16,1,454.0,455.46,455.58,455.3,8.0,3643400.0,123
2023-05-10 21:08:57,au2307,au2307,455.58,0.0,0.0,0.0,1,454.86,455.16,1,454.0,455.46,455.58,455.3,8.0,3643400.0,123
2023-05-10 21:08:58,au2307,au2307,455.58,0.0,0.0,0.0,1,454.86,455.16,1,454.0,455.46,455.58,455.3,8.0,3643400.0,123
2023-05-10 21:08:59,au2307,au2307,455.58,0.0,0.0,0.0,1,454.88,455.16,1,454.0,455.46,455.58,455.3,8.0,3643400.0,123
2023-05-10 21:09:00,au2307,au2307,455.58,0.0,0.0,0.0,1,454.88,455.14,2,454.0,455.46,455.58,455.3,8.0,3643400.0,123
2023-05-10 21:09:01,au2307,au2307,455.58,0.0,0.0,0.0,1,454.86,455.14,3,454.0,455.46,455.58,455.3,8.0,3643400.0,123
2023-05-10 21:09:01,au2307,au2307,455.58,0.0,0.0,0.0,1,454.88,455.14,2,454.0,455.46,455.58,455.3,8.0,3643400.0,123
2023-05-10 21:09:02,au2307,au2307,455.58,0.0,0.0,0.0,1,454.88,455.32,1,454.0,455.46,455.58,455.3,8.0,3643400.0,123
2023-05-10 21:09:02,au2307,au2307,455.58,0.0,0.0,0.0,1,454.92,455.22,1,454.0,455.46,455.58,455.3,8.0,3643400.0,123
2023-05-10 21:09:03,au2307,au2307,455.58,0.0,0.0,0.0,1,454.92,455.22,1,454.0,455.46,455.58,455.3,8.0,3643400.0,123
2023-05-10 21:09:03,au2307,au2307,455.58,0.0,0.0,0.0,1,454.9,455.2,3,454.0,455.46,455.58,455.3,8.0,3643400.0,123
2023-05-10 21:09:04,au2307,au2307,455.58,0.0,0.0,0.0,1,454.9,455.16,1,454.0,455.46,455.58,455.3,8.0,3643400.0,123
2023-05-10 21:09:04,au2307,au2307,455.58,0.0,0.0,0.0,1,454.9,455.16,1,454.0,455.46,455.58,455.3,8.0,3643400.0,123
2023-05-10 21:09:05,au2307,au2307,455.58,0.0,0.0,0.0,1,454.9,455.18,2,454.0,455.46,455.58,455.3,8.0,3643400.0,123
2023-05-10 21:09:05,au2307,au2307,455.58,0.0,0.0,0.0,2,454.9,455.18,3,454.0,455.46,455.58,455.3,8.0,3643400.0,123
2023-05-10 21:09:08,au2307,au2307,455.58,0.0,0.0,0.0,1,454.68,455.18,3,454.0,455.46,455.58,455.3,8.0,3643400.0,123
2023-05-10 21:09:09,au2307,au2307,455.58,0.0,0.0,0.0,1,454.84,455.18,4,454.0,455.46,455.58,455.3,8.0,3643400.0,123
2023-05-10 21:09:09,au2307,au2307,455.58,0.0,0.0,0.0,1,454.84,455.16,3,454.0,455.46,455.58,455.3,8.0,3643400.0,123
2023-05-10 21:09:10,au2307,au2307,455.58,0.0,0.0,0.0,1,454.84,455.1,1,454.0,455.46,455.58,455.3,8.0,3643400.0,123
2023-05-10 21:09:10,au2307,au2307,455.58,0.0,0.0,0.0,1,454.86,455.32,1,454.0,455.46,455.58,455.3,8.0,3643400.0,123
2023-05-10 21:09:11,au2307,au2307,455.58,0.0,0.0,0.0,1,454.86,455.22,1,454.0,455.46,455.58,455.3,8.0,3643400.0,123
2023-05-10 21:09:11,au2307,au2307,455.58,0.0,0.0,0.0,1,454.86,455.2,2,454.0,455.46,455.58,455.3,8.0,3643400.0,123
2023-05-10 21:09:12,au2307,au2307,455.58,0.0,0.0,0.0,1,454.56,455.1,1,454.0,455.46,455.58,455.3,8.0,3643400.0,123
2023-05-10 21:09:12,au2307,au2307,455.58,0.0,0.0,0.0,1,454.76,455.08,3,454.0,455.46,455.58,455.3,8.0,3643400.0,123
2023-05-10 21:09:13,au2307,au2307,455.58,0.0,0.0,0.0,1,454.58,454.98,1,454.0,455.46,455.58,455.3,8.0,3643400.0,123
2023-05-10 21:09:13,au2307,au2307,455.58,0.0,0.0,0.0,1,454.7,454.98,1,454.0,455.46,455.58,455.3,8.0,3643400.0,123
2023-05-10 21:09:14,au2307,au2307,455.58,0.0,0.0,0.0,1,454.7,454.98,1,454.0,455.46,455.58,455.3,8.0,3643400.0,123
2023-05-10 21:09:14,au2307,au2307,455.58,0.0,0.0,0.0,2,454.72,454.98,1,454.0,455.46,455.58,455.3,8.0,3643400.0,123
2023-05-10 21:09:15,au2307,au2307,455.58,0.0,0.0,0.0,2,454.72,455.08,2,454.0,455.46,455.58,455.3,8.0,3643400.0,123
2023-05-10 21:09:15,au2307,au2307,455.58,0.0,0.0,0.0,3,454.72,455.08,3,454.0,455.46,455.58,455.3,8.0,3643400.0,123
