time,symbol_id,symbol_name,last,trade_volume,trade_amount,open_interest_change,bv1,bp1,ap1,av1,yesterday_close,today_open,today_high,today_low,volume,amount,open_interest
2023-05-10 09:29:00,HO2312-P-2700,HO2312-P-2700,121.0,0.0,0.0,0.0,1,107.2,163.6,1,121.0,138.8,0.0,0.0,0.0,0.0,95
2023-05-10 09:30:01,HO2312-P-2700,HO2312-P-2700,121.0,0.0,0.0,0.0,1,113.0,158.0,1,121.0,138.8,0.0,0.0,0.0,0.0,95
2023-05-10 09:30:24,HO2312-P-2700,HO2312-P-2700,121.0,0.0,0.0,0.0,6,125.4,140.4,6,121.0,138.8,0.0,0.0,0.0,0.0,95
2023-05-10 09:30:29,HO2312-P-2700,HO2312-P-2700,121.0,0.0,0.0,0.0,6,126.6,141.6,6,121.0,138.8,0.0,0.0,0.0,0.0,95
2023-05-10 09:30:32,HO2312-P-2700,HO2312-P-2700,121.0,0.0,0.0,0.0,6,126.8,141.4,6,121.0,138.8,0.0,0.0,0.0,0.0,95
2023-05-10 09:30:47,HO2312-P-2700,HO2312-P-2700,121.0,0.0,0.0,0.0,6,130.2,138.6,6,121.0,138.8,0.0,0.0,0.0,0.0,95
2023-05-10 09:30:47,HO2312-P-2700,HO2312-P-2700,121.0,0.0,0.0,0.0,6,130.4,138.4,6,121.0,138.8,0.0,0.0,0.0,0.0,95
2023-05-10 09:30:52,HO2312-P-2700,HO2312-P-2700,121.0,0.0,0.0,0.0,3,130.6,138.2,3,121.0,138.8,0.0,0.0,0.0,0.0,95
2023-05-10 09:30:53,HO2312-P-2700,HO2312-P-2700,121.0,0.0,0.0,0.0,6,130.8,138.0,6,121.0,138.8,0.0,0.0,0.0,0.0,95
2023-05-10 09:30:53,HO2312-P-2700,HO2312-P-2700,121.0,0.0,0.0,0.0,3,131.0,137.8,3,121.0,138.8,0.0,0.0,0.0,0.0,95
2023-05-10 09:30:54,HO2312-P-2700,HO2312-P-2700,121.0,0.0,0.0,0.0,6,131.2,137.8,9,121.0,138.8,0.0,0.0,0.0,0.0,95
2023-05-10 09:30:54,HO2312-P-2700,HO2312-P-2700,121.0,0.0,0.0,0.0,3,131.4,137.8,9,121.0,138.8,0.0,0.0,0.0,0.0,95
2023-05-10 09:30:55,HO2312-P-2700,HO2312-P-2700,121.0,0.0,0.0,0.0,6,131.6,137.8,6,121.0,138.8,0.0,0.0,0.0,0.0,95
2023-05-10 09:30:55,HO2312-P-2700,HO2312-P-2700,121.0,0.0,0.0,0.0,3,131.8,138.2,6,121.0,138.8,0.0,0.0,0.0,0.0,95
2023-05-10 09:30:56,HO2312-P-2700,HO2312-P-2700,121.0,0.0,0.0,0.0,6,132.0,138.0,3,121.0,138.8,0.0,0.0,0.0,0.0,95
2023-05-10 09:30:56,HO2312-P-2700,HO2312-P-2700,121.0,0.0,0.0,0.0,6,132.0,138.2,9,121.0,138.8,0.0,0.0,0.0,0.0,95
2023-05-10 09:30:57,HO2312-P-2700,HO2312-P-2700,121.0,0.0,0.0,0.0,9,132.0,138.2,9,121.0,138.8,0.0,0.0,0.0,0.0,95
2023-05-10 09:30:59,HO2312-P-2700,HO2312-P-2700,121.0,0.0,0.0,0.0,9,132.0,138.2,6,121.0,138.8,0.0,0.0,0.0,0.0,95
2023-05-10 09:31:04,HO2312-P-2700,HO2312-P-2700,121.0,0.0,0.0,0.0,6,132.2,138.6,18,121.0,138.8,0.0,0.0,0.0,0.0,95
2023-05-10 09:31:05,HO2312-P-2700,HO2312-P-2700,121.0,0.0,0.0,0.0,3,132.4,138.6,18,121.0,138.8,0.0,0.0,0.0,0.0,95
2023-05-10 09:31:05,HO2312-P-2700,HO2312-P-2700,121.0,0.0,0.0,0.0,6,132.6,138.6,18,121.0,138.8,0.0,0.0,0.0,0.0,95
2023-05-10 09:31:06,HO2312-P-2700,HO2312-P-2700,121.0,0.0,0.0,0.0,3,132.8,138.6,18,121.0,138.8,0.0,0.0,0.0,0.0,95
2023-05-10 09:31:06,HO2312-P-2700,HO2312-P-2700,121.0,0.0,0.0,0.0,6,133.0,138.6,18,121.0,138.8,0.0,0.0,0.0,0.0,95
2023-05-10 09:31:07,HO2312-P-2700,HO2312-P-2700,121.0,0.0,0.0,0.0,3,133.2,138.6,18,121.0,138.8,0.0,0.0,0.0,0.0,95
2023-05-10 09:31:07,HO2312-P-2700,HO2312-P-2700,121.0,0.0,0.0,0.0,6,133.4,138.6,18,121.0,138.8,0.0,0.0,0.0,0.0,95
2023-05-10 09:31:08,HO2312-P-2700,HO2312-P-2700,121.0,0.0,0.0,0.0,15,133.4,138.6,18,121.0,138.8,0.0,0.0,0.0,0.0,95
2023-05-10 09:31:08,HO2312-P-2700,HO2312-P-2700,121.0,0.0,0.0,0.0,27,133.4,138.6,12,121.0,138.8,0.0,0.0,0.0,0.0,95
2023-05-10 09:31:09,HO2312-P-2700,HO2312-P-2700,121.0,0.0,0.0,0.0,24,133.4,138.6,6,121.0,138.8,0.0,0.0,0.0,0.0,95
2023-05-10 09:31:10,HO2312-P-2700,HO2312-P-2700,121.0,0.0,0.0,0.0,18,133.4,138.6,6,121.0,138.8,0.0,0.0,0.0,0.0,95
2023-05-10 09:31:14,HO2312-P-2700,HO2312-P-2700,121.0,0.0,0.0,0.0,6,133.6,138.6,6,121.0,138.8,0.0,0.0,0.0,0.0,95
2023-05-10 09:31:23,HO2312-P-2700,HO2312-P-2700,121.0,0.0,0.0,0.0,6,133.6,138.8,6,121.0,138.8,0.0,0.0,0.0,0.0,95
2023-05-10 09:31:24,HO2312-P-2700,HO2312-P-2700,121.0,0.0,0.0,0.0,3,133.8,139.4,18,121.0,138.8,0.0,0.0,0.0,0.0,95
2023-05-10 09:31:24,HO2312-P-2700,HO2312-P-2700,121.0,0.0,0.0,0.0,6,134.0,139.4,12,121.0,138.8,0.0,0.0,0.0,0.0,95
2023-05-10 09:31:25,HO2312-P-2700,HO2312-P-2700,121.0,0.0,0.0,0.0,6,134.0,139.6,27,121.0,138.8,0.0,0.0,0.0,0.0,95
2023-05-10 09:31:25,HO2312-P-2700,HO2312-P-2700,121.0,0.0,0.0,0.0,6,133.6,139.6,24,121.0,138.8,0.0,0.0,0.0,0.0,95
2023-05-10 09:31:28,HO2312-P-2700,HO2312-P-2700,121.0,0.0,0.0,0.0,6,133.6,139.4,3,121.0,138.8,0.0,0.0,0.0,0.0,95
2023-05-10 09:31:28,HO2312-P-2700,HO2312-P-2700,121.0,0.0,0.0,0.0,6,133.6,139.6,27,121.0,138.8,0.0,0.0,0.0,0.0,95
2023-05-10 09:31:53,HO2312-P-2700,HO2312-P-2700,121.0,0.0,0.0,0.0,6,133.0,139.4,6,121.0,138.8,0.0,0.0,0.0,0.0,95
2023-05-10 09:31:54,HO2312-P-2700,HO2312-P-2700,121.0,0.0,0.0,0.0,6,133.0,139.2,3,121.0,138.8,0.0,0.0,0.0,0.0,95
2023-05-10 09:31:55,HO2312-P-2700,HO2312-P-2700,121.0,0.0,0.0,0.0,6,132.6,139.0,6,121.0,138.8,0.0,0.0,0.0,0.0,95
2023-05-10 09:31:55,HO2312-P-2700,HO2312-P-2700,121.0,0.0,0.0,0.0,6,132.6,138.8,3,121.0,138.8,0.0,0.0,0.0,0.0,95
2023-05-10 09:31:57,HO2312-P-2700,HO2312-P-2700,121.0,0.0,0.0,0.0,6,132.6,138.6,6,121.0,138.8,0.0,0.0,0.0,0.0,95
2023-05-10 09:31:58,HO2312-P-2700,HO2312-P-2700,121.0,0.0,0.0,0.0,6,132.6,138.4,3,121.0,138.8,0.0,0.0,0.0,0.0,95
2023-05-10 09:32:05,HO2312-P-2700,HO2312-P-2700,121.0,0.0,0.0,0.0,6,132.6,138.6,21,121.0,138.8,0.0,0.0,0.0,0.0,95
2023-05-10 09:32:07,HO2312-P-2700,HO2312-P-2700,121.0,0.0,0.0,0.0,6,132.6,138.6,18,121.0,138.8,0.0,0.0,0.0,0.0,95
2023-05-10 09:32:08,HO2312-P-2700,HO2312-P-2700,121.0,0.0,0.0,0.0,9,132.6,138.6,18,121.0,138.8,0.0,0.0,0.0,0.0,95
2023-05-10 09:32:09,HO2312-P-2700,HO2312-P-2700,121.0,0.0,0.0,0.0,6,132.6,138.6,18,121.0,138.8,0.0,0.0,0.0,0.0,95
2023-05-10 09:32:09,HO2312-P-2700,HO2312-P-2700,121.0,0.0,0.0,0.0,6,132.6,138.6,21,121.0,138.8,0.0,0.0,0.0,0.0,95
2023-05-10 09:32:17,HO2312-P-2700,HO2312-P-2700,121.0,0.0,0.0,0.0,6,132.6,138.6,22,121.0,138.8,0.0,0.0,0.0,0.0,95
2023-05-10 09:32:19,HO2312-P-2700,HO2312-P-2700,121.0,0.0,0.0,0.0,6,132.6,138.6,28,121.0,138.8,0.0,0.0,0.0,0.0,95
2023-05-10 09:32:27,HO2312-P-2700,HO2312-P-2700,121.0,0.0,0.0,0.0,6,132.6,138.6,19,121.0,138.8,0.0,0.0,0.0,0.0,95
2023-05-10 09:32:27,HO2312-P-2700,HO2312-P-2700,121.0,0.0,0.0,0.0,9,132.6,138.6,19,121.0,138.8,0.0,0.0,0.0,0.0,95
2023-05-10 09:32:28,HO2312-P-2700,HO2312-P-2700,121.0,0.0,0.0,0.0,6,132.6,138.4,1,121.0,138.8,0.0,0.0,0.0,0.0,95
2023-05-10 09:32:30,HO2312-P-2700,HO2312-P-2700,121.0,0.0,0.0,0.0,9,132.6,138.4,1,121.0,138.8,0.0,0.0,0.0,0.0,95
2023-05-10 09:32:30,HO2312-P-2700,HO2312-P-2700,121.0,0.0,0.0,0.0,6,132.6,138.2,6,121.0,138.8,0.0,0.0,0.0,0.0,95
2023-05-10 09:32:36,HO2312-P-2700,HO2312-P-2700,121.0,0.0,0.0,0.0,3,132.8,138.2,6,121.0,138.8,0.0,0.0,0.0,0.0,95
2023-05-10 09:32:37,HO2312-P-2700,HO2312-P-2700,121.0,0.0,0.0,0.0,9,132.6,138.2,6,121.0,138.8,0.0,0.0,0.0,0.0,95
2023-05-10 09:32:39,HO2312-P-2700,HO2312-P-2700,121.0,0.0,0.0,0.0,6,132.6,138.2,6,121.0,138.8,0.0,0.0,0.0,0.0,95
2023-05-10 09:32:51,HO2312-P-2700,HO2312-P-2700,121.0,0.0,0.0,0.0,6,132.6,138.0,3,121.0,138.8,0.0,0.0,0.0,0.0,95
2023-05-10 09:32:52,HO2312-P-2700,HO2312-P-2700,121.0,0.0,0.0,0.0,6,132.6,138.2,9,121.0,138.8,0.0,0.0,0.0,0.0,95
2023-05-10 09:32:56,HO2312-P-2700,HO2312-P-2700,121.0,0.0,0.0,0.0,6,132.6,138.2,6,121.0,138.8,0.0,0.0,0.0,0.0,95
2023-05-10 09:32:56,HO2312-P-2700,HO2312-P-2700,121.0,0.0,0.0,0.0,6,132.6,138.2,7,121.0,138.8,0.0,0.0,0.0,0.0,95
2023-05-10 09:32:58,HO2312-P-2700,HO2312-P-2700,121.0,0.0,0.0,0.0,6,132.6,135.0,1,121.0,138.8,0.0,0.0,0.0,0.0,95
2023-05-10 09:32:59,HO2312-P-2700,HO2312-P-2700,121.0,0.0,0.0,0.0,18,132.2,135.0,1,121.0,138.8,0.0,0.0,0.0,0.0,95
2023-05-10 09:33:03,HO2312-P-2700,HO2312-P-2700,121.0,0.0,0.0,0.0,12,132.2,135.0,1,121.0,138.8,0.0,0.0,0.0,0.0,95
2023-05-10 09:33:04,HO2312-P-2700,HO2312-P-2700,121.0,0.0,0.0,0.0,24,131.6,135.0,1,121.0,138.8,0.0,0.0,0.0,0.0,95
2023-05-10 09:33:04,HO2312-P-2700,HO2312-P-2700,121.0,0.0,0.0,0.0,18,131.6,135.0,1,121.0,138.8,0.0,0.0,0.0,0.0,95
2023-05-10 09:33:05,HO2312-P-2700,HO2312-P-2700,121.0,0.0,0.0,0.0,12,131.6,135.0,1,121.0,138.8,0.0,0.0,0.0,0.0,95
2023-05-10 09:33:05,HO2312-P-2700,HO2312-P-2700,121.0,0.0,0.0,0.0,24,131.4,135.0,1,121.0,138.8,0.0,0.0,0.0,0.0,95
2023-05-10 09:33:06,HO2312-P-2700,HO2312-P-2700,121.0,0.0,0.0,0.0,18,131.4,135.0,1,121.0,138.8,0.0,0.0,0.0,0.0,95
2023-05-10 09:33:08,HO2312-P-2700,HO2312-P-2700,121.0,0.0,0.0,0.0,21,131.4,135.0,1,121.0,138.8,0.0,0.0,0.0,0.0,95
2023-05-10 09:33:09,HO2312-P-2700,HO2312-P-2700,121.0,0.0,0.0,0.0,18,131.4,135.0,1,121.0,138.8,0.0,0.0,0.0,0.0,95
2023-05-10 09:33:14,HO2312-P-2700,HO2312-P-2700,121.0,0.0,0.0,0.0,12,131.4,135.0,1,121.0,138.8,0.0,0.0,0.0,0.0,95
2023-05-10 09:33:14,HO2312-P-2700,HO2312-P-2700,121.0,0.0,0.0,0.0,6,131.4,135.0,1,121.0,138.8,0.0,0.0,0.0,0.0,95
2023-05-10 09:33:15,HO2312-P-2700,HO2312-P-2700,121.0,0.0,0.0,0.0,6,131.0,135.0,1,121.0,138.8,0.0,0.0,0.0,0.0,95
2023-05-10 09:33:18,HO2312-P-2700,HO2312-P-2700,121.0,0.0,0.0,0.0,18,130.8,135.0,1,121.0,138.8,0.0,0.0,0.0,0.0,95
2023-05-10 09:33:19,HO2312-P-2700,HO2312-P-2700,121.0,0.0,0.0,0.0,12,130.8,135.0,1,121.0,138.8,0.0,0.0,0.0,0.0,95
2023-05-10 09:33:19,HO2312-P-2700,HO2312-P-2700,121.0,0.0,0.0,0.0,6,130.6,135.0,1,121.0,138.8,0.0,0.0,0.0,0.0,95
2023-05-10 09:33:20,HO2312-P-2700,HO2312-P-2700,121.0,0.0,0.0,0.0,24,130.2,135.0,1,121.0,138.8,0.0,0.0,0.0,0.0,95
2023-05-10 09:33:20,HO2312-P-2700,HO2312-P-2700,121.0,0.0,0.0,0.0,12,130.2,135.0,1,121.0,138.8,0.0,0.0,0.0,0.0,95
2023-05-10 09:33:21,HO2312-P-2700,HO2312-P-2700,121.0,0.0,0.0,0.0,6,130.2,135.0,1,121.0,138.8,0.0,0.0,0.0,0.0,95
2023-05-10 09:33:30,HO2312-P-2700,HO2312-P-2700,121.0,0.0,0.0,0.0,24,129.8,134.8,6,121.0,138.8,0.0,0.0,0.0,0.0,95
2023-05-10 09:33:31,HO2312-P-2700,HO2312-P-2700,121.0,0.0,0.0,0.0,12,129.8,132.6,1,121.0,138.8,0.0,0.0,0.0,0.0,95
2023-05-10 09:33:31,HO2312-P-2700,HO2312-P-2700,121.0,0.0,0.0,0.0,27,129.6,132.6,1,121.0,138.8,0.0,0.0,0.0,0.0,95
2023-05-10 09:33:32,HO2312-P-2700,HO2312-P-2700,121.0,0.0,0.0,0.0,21,129.6,132.6,1,121.0,138.8,0.0,0.0,0.0,0.0,95
2023-05-10 09:33:33,HO2312-P-2700,HO2312-P-2700,121.0,0.0,0.0,0.0,18,129.6,132.6,1,121.0,138.8,0.0,0.0,0.0,0.0,95
2023-05-10 09:33:34,HO2312-P-2700,HO2312-P-2700,121.0,0.0,0.0,0.0,21,129.6,132.6,1,121.0,138.8,0.0,0.0,0.0,0.0,95
2023-05-10 09:33:35,HO2312-P-2700,HO2312-P-2700,121.0,0.0,0.0,0.0,18,129.6,132.6,1,121.0,138.8,0.0,0.0,0.0,0.0,95
2023-05-10 09:33:41,HO2312-P-2700,HO2312-P-2700,121.0,0.0,0.0,0.0,18,129.6,134.0,18,121.0,138.8,0.0,0.0,0.0,0.0,95
2023-05-10 09:33:41,HO2312-P-2700,HO2312-P-2700,121.0,0.0,0.0,0.0,18,129.6,133.2,1,121.0,138.8,0.0,0.0,0.0,0.0,95
2023-05-10 09:33:46,HO2312-P-2700,HO2312-P-2700,121.0,0.0,0.0,0.0,3,129.8,133.2,1,121.0,138.8,0.0,0.0,0.0,0.0,95
2023-05-10 09:33:47,HO2312-P-2700,HO2312-P-2700,121.0,0.0,0.0,0.0,21,129.6,133.2,1,121.0,138.8,0.0,0.0,0.0,0.0,95
2023-05-10 09:33:47,HO2312-P-2700,HO2312-P-2700,121.0,0.0,0.0,0.0,22,129.6,133.2,1,121.0,138.8,0.0,0.0,0.0,0.0,95
2023-05-10 09:33:52,HO2312-P-2700,HO2312-P-2700,121.0,0.0,0.0,0.0,22,129.6,134.0,19,121.0,138.8,0.0,0.0,0.0,0.0,95
2023-05-10 09:33:53,HO2312-P-2700,HO2312-P-2700,121.0,0.0,0.0,0.0,22,129.6,134.0,13,121.0,138.8,0.0,0.0,0.0,0.0,95
2023-05-10 09:33:54,HO2312-P-2700,HO2312-P-2700,121.0,0.0,0.0,0.0,16,129.6,133.6,1,121.0,138.8,0.0,0.0,0.0,0.0,95
2023-05-10 09:33:56,HO2312-P-2700,HO2312-P-2700,121.0,0.0,0.0,0.0,16,129.6,134.0,18,121.0,138.8,0.0,0.0,0.0,0.0,95
2023-05-10 09:33:56,HO2312-P-2700,HO2312-P-2700,121.0,0.0,0.0,0.0,1,130.2,134.0,19,121.0,138.8,0.0,0.0,0.0,0.0,95
2023-05-10 09:33:59,HO2312-P-2700,HO2312-P-2700,121.0,0.0,0.0,0.0,1,130.2,134.0,13,121.0,138.8,0.0,0.0,0.0,0.0,95
2023-05-10 09:34:00,HO2312-P-2700,HO2312-P-2700,121.0,0.0,0.0,0.0,1,130.2,134.0,7,121.0,138.8,0.0,0.0,0.0,0.0,95
2023-05-10 09:34:00,HO2312-P-2700,HO2312-P-2700,121.0,0.0,0.0,0.0,1,130.2,134.6,12,121.0,138.8,0.0,0.0,0.0,0.0,95
2023-05-10 09:34:01,HO2312-P-2700,HO2312-P-2700,121.0,0.0,0.0,0.0,1,130.2,134.2,1,121.0,138.8,0.0,0.0,0.0,0.0,95
2023-05-10 09:34:02,HO2312-P-2700,HO2312-P-2700,121.0,0.0,0.0,0.0,1,130.2,134.8,33,121.0,138.8,0.0,0.0,0.0,0.0,95
2023-05-10 09:34:02,HO2312-P-2700,HO2312-P-2700,121.0,0.0,0.0,0.0,1,130.2,134.8,21,121.0,138.8,0.0,0.0,0.0,0.0,95
2023-05-10 09:34:04,HO2312-P-2700,HO2312-P-2700,121.0,0.0,0.0,0.0,1,130.2,134.8,18,121.0,138.8,0.0,0.0,0.0,0.0,95
2023-05-10 09:34:04,HO2312-P-2700,HO2312-P-2700,121.0,0.0,0.0,0.0,3,130.4,134.8,18,121.0,138.8,0.0,0.0,0.0,0.0,95
2023-05-10 09:34:05,HO2312-P-2700,HO2312-P-2700,121.0,0.0,0.0,0.0,1,131.6,134.8,18,121.0,138.8,0.0,0.0,0.0,0.0,95
2023-05-10 09:34:06,HO2312-P-2700,HO2312-P-2700,121.0,0.0,0.0,0.0,1,131.6,134.8,12,121.0,138.8,0.0,0.0,0.0,0.0,95
2023-05-10 09:34:07,HO2312-P-2700,HO2312-P-2700,121.0,0.0,0.0,0.0,6,130.8,134.8,6,121.0,138.8,0.0,0.0,0.0,0.0,95
2023-05-10 09:34:08,HO2312-P-2700,HO2312-P-2700,121.0,0.0,0.0,0.0,6,130.8,134.2,1,121.0,138.8,0.0,0.0,0.0,0.0,95
2023-05-10 09:34:11,HO2312-P-2700,HO2312-P-2700,121.0,0.0,0.0,0.0,7,130.8,134.2,1,121.0,138.8,0.0,0.0,0.0,0.0,95
2023-05-10 09:34:12,HO2312-P-2700,HO2312-P-2700,121.0,0.0,0.0,0.0,7,130.8,134.8,1,121.0,138.8,0.0,0.0,0.0,0.0,95
2023-05-10 09:34:19,HO2312-P-2700,HO2312-P-2700,121.0,0.0,0.0,0.0,1,131.4,134.8,1,121.0,138.8,0.0,0.0,0.0,0.0,95
2023-05-10 09:34:22,HO2312-P-2700,HO2312-P-2700,121.0,0.0,0.0,0.0,1,131.4,135.4,20,121.0,138.8,0.0,0.0,0.0,0.0,95
2023-05-10 09:34:22,HO2312-P-2700,HO2312-P-2700,121.0,0.0,0.0,0.0,15,130.8,135.4,20,121.0,138.8,0.0,0.0,0.0,0.0,95
2023-05-10 09:34:23,HO2312-P-2700,HO2312-P-2700,121.0,0.0,0.0,0.0,10,130.8,134.6,1,121.0,138.8,0.0,0.0,0.0,0.0,95
2023-05-10 09:34:27,HO2312-P-2700,HO2312-P-2700,121.0,0.0,0.0,0.0,1,131.6,135.4,24,121.0,138.8,0.0,0.0,0.0,0.0,95
2023-05-10 09:34:27,HO2312-P-2700,HO2312-P-2700,121.0,0.0,0.0,0.0,1,131.6,135.4,12,121.0,138.8,0.0,0.0,0.0,0.0,95
2023-05-10 09:34:28,HO2312-P-2700,HO2312-P-2700,121.0,0.0,0.0,0.0,1,131.6,135.4,6,121.0,138.8,0.0,0.0,0.0,0.0,95
2023-05-10 09:34:42,HO2312-P-2700,HO2312-P-2700,121.0,0.0,0.0,0.0,1,131.6,135.4,9,121.0,138.8,0.0,0.0,0.0,0.0,95
2023-05-10 09:34:43,HO2312-P-2700,HO2312-P-2700,121.0,0.0,0.0,0.0,1,131.6,135.4,6,121.0,138.8,0.0,0.0,0.0,0.0,95
2023-05-10 09:34:51,HO2312-P-2700,HO2312-P-2700,121.0,0.0,0.0,0.0,22,130.8,135.4,6,121.0,138.8,0.0,0.0,0.0,0.0,95
2023-05-10 09:34:51,HO2312-P-2700,HO2312-P-2700,121.0,0.0,0.0,0.0,16,130.8,135.4,6,121.0,138.8,0.0,0.0,0.0,0.0,95
2023-05-10 09:34:52,HO2312-P-2700,HO2312-P-2700,121.0,0.0,0.0,0.0,13,130.8,135.4,9,121.0,138.8,0.0,0.0,0.0,0.0,95
2023-05-10 09:34:53,HO2312-P-2700,HO2312-P-2700,121.0,0.0,0.0,0.0,7,130.8,135.4,9,121.0,138.8,0.0,0.0,0.0,0.0,95
2023-05-10 09:34:53,HO2312-P-2700,HO2312-P-2700,121.0,0.0,0.0,0.0,7,130.8,135.4,6,121.0,138.8,0.0,0.0,0.0,0.0,95
2023-05-10 09:34:54,HO2312-P-2700,HO2312-P-2700,121.0,0.0,0.0,0.0,3,131.0,135.4,6,121.0,138.8,0.0,0.0,0.0,0.0,95
2023-05-10 09:34:56,HO2312-P-2700,HO2312-P-2700,121.0,0.0,0.0,0.0,10,130.8,135.4,6,121.0,138.8,0.0,0.0,0.0,0.0,95
2023-05-10 09:35:01,HO2312-P-2700,HO2312-P-2700,121.0,0.0,0.0,0.0,1,131.4,135.4,6,121.0,138.8,0.0,0.0,0.0,0.0,95
2023-05-10 09:35:02,HO2312-P-2700,HO2312-P-2700,121.0,0.0,0.0,0.0,1,131.4,135.6,12,121.0,138.8,0.0,0.0,0.0,0.0,95
2023-05-10 09:35:02,HO2312-P-2700,HO2312-P-2700,121.0,0.0,0.0,0.0,3,131.6,135.8,6,121.0,138.8,0.0,0.0,0.0,0.0,95
2023-05-10 09:35:03,HO2312-P-2700,HO2312-P-2700,121.0,0.0,0.0,0.0,3,131.6,136.0,12,121.0,138.8,0.0,0.0,0.0,0.0,95
2023-05-10 09:35:03,HO2312-P-2700,HO2312-P-2700,121.0,0.0,0.0,0.0,1,132.0,136.2,18,121.0,138.8,0.0,0.0,0.0,0.0,95
2023-05-10 09:35:04,HO2312-P-2700,HO2312-P-2700,121.0,0.0,0.0,0.0,7,132.0,136.2,18,121.0,138.8,0.0,0.0,0.0,0.0,95
2023-05-10 09:35:04,HO2312-P-2700,HO2312-P-2700,121.0,0.0,0.0,0.0,7,132.0,136.2,12,121.0,138.8,0.0,0.0,0.0,0.0,95
2023-05-10 09:35:05,HO2312-P-2700,HO2312-P-2700,121.0,0.0,0.0,0.0,7,132.0,136.2,6,121.0,138.8,0.0,0.0,0.0,0.0,95
2023-05-10 09:35:06,HO2312-P-2700,HO2312-P-2700,121.0,0.0,0.0,0.0,3,132.2,136.2,6,121.0,138.8,0.0,0.0,0.0,0.0,95
2023-05-10 09:35:06,HO2312-P-2700,HO2312-P-2700,121.0,0.0,0.0,0.0,1,132.6,136.2,6,121.0,138.8,0.0,0.0,0.0,0.0,95
2023-05-10 09:35:11,HO2312-P-2700,HO2312-P-2700,121.0,0.0,0.0,0.0,18,132.0,136.2,6,121.0,138.8,0.0,0.0,0.0,0.0,95
2023-05-10 09:35:11,HO2312-P-2700,HO2312-P-2700,121.0,0.0,0.0,0.0,12,132.0,136.2,6,121.0,138.8,0.0,0.0,0.0,0.0,95
2023-05-10 09:35:12,HO2312-P-2700,HO2312-P-2700,121.0,0.0,0.0,0.0,6,132.0,136.2,6,121.0,138.8,0.0,0.0,0.0,0.0,95
2023-05-10 09:35:16,HO2312-P-2700,HO2312-P-2700,121.0,0.0,0.0,0.0,1,132.4,136.2,6,121.0,138.8,0.0,0.0,0.0,0.0,95
2023-05-10 09:35:17,HO2312-P-2700,HO2312-P-2700,121.0,0.0,0.0,0.0,1,132.4,136.6,1,121.0,138.8,0.0,0.0,0.0,0.0,95
2023-05-10 09:35:20,HO2312-P-2700,HO2312-P-2700,121.0,0.0,0.0,0.0,1,132.4,136.8,12,121.0,138.8,0.0,0.0,0.0,0.0,95
2023-05-10 09:35:20,HO2312-P-2700,HO2312-P-2700,121.0,0.0,0.0,0.0,4,132.4,137.0,30,121.0,138.8,0.0,0.0,0.0,0.0,95
2023-05-10 09:35:21,HO2312-P-2700,HO2312-P-2700,121.0,0.0,0.0,0.0,4,132.4,137.0,18,121.0,138.8,0.0,0.0,0.0,0.0,95
2023-05-10 09:35:25,HO2312-P-2700,HO2312-P-2700,121.0,0.0,0.0,0.0,4,132.4,137.0,12,121.0,138.8,0.0,0.0,0.0,0.0,95
2023-05-10 09:35:25,HO2312-P-2700,HO2312-P-2700,121.0,0.0,0.0,0.0,4,132.4,137.0,6,121.0,138.8,0.0,0.0,0.0,0.0,95
2023-05-10 09:35:27,HO2312-P-2700,HO2312-P-2700,121.0,0.0,0.0,0.0,1,132.4,137.0,6,121.0,138.8,0.0,0.0,0.0,0.0,95
2023-05-10 09:35:28,HO2312-P-2700,HO2312-P-2700,121.0,0.0,0.0,0.0,1,132.4,137.0,9,121.0,138.8,0.0,0.0,0.0,0.0,95
2023-05-10 09:35:28,HO2312-P-2700,HO2312-P-2700,121.0,0.0,0.0,0.0,1,132.4,137.0,6,121.0,138.8,0.0,0.0,0.0,0.0,95
2023-05-10 09:35:29,HO2312-P-2700,HO2312-P-2700,121.0,0.0,0.0,0.0,3,132.6,137.0,6,121.0,138.8,0.0,0.0,0.0,0.0,95
2023-05-10 09:35:29,HO2312-P-2700,HO2312-P-2700,121.0,0.0,0.0,0.0,1,133.0,137.0,6,121.0,138.8,0.0,0.0,0.0,0.0,95
2023-05-10 09:35:30,HO2312-P-2700,HO2312-P-2700,121.0,0.0,0.0,0.0,7,133.0,137.0,6,121.0,138.8,0.0,0.0,0.0,0.0,95
2023-05-10 09:35:47,HO2312-P-2700,HO2312-P-2700,121.0,0.0,0.0,0.0,7,133.0,136.8,1,121.0,138.8,0.0,0.0,0.0,0.0,95
2023-05-10 09:35:59,HO2312-P-2700,HO2312-P-2700,121.0,0.0,0.0,0.0,6,133.0,136.8,1,121.0,138.8,0.0,0.0,0.0,0.0,95
2023-05-10 09:36:00,HO2312-P-2700,HO2312-P-2700,121.0,0.0,0.0,0.0,3,132.2,136.8,1,121.0,138.8,0.0,0.0,0.0,0.0,95
2023-05-10 09:36:00,HO2312-P-2700,HO2312-P-2700,121.0,0.0,0.0,0.0,33,132.0,136.6,3,121.0,138.8,0.0,0.0,0.0,0.0,95
2023-05-10 09:36:01,HO2312-P-2700,HO2312-P-2700,121.0,0.0,0.0,0.0,21,132.0,136.8,4,121.0,138.8,0.0,0.0,0.0,0.0,95
2023-05-10 09:36:01,HO2312-P-2700,HO2312-P-2700,121.0,0.0,0.0,0.0,21,132.0,136.8,1,121.0,138.8,0.0,0.0,0.0,0.0,95
2023-05-10 09:36:07,HO2312-P-2700,HO2312-P-2700,121.0,0.0,0.0,0.0,15,132.0,136.6,6,121.0,138.8,0.0,0.0,0.0,0.0,95
2023-05-10 09:36:07,HO2312-P-2700,HO2312-P-2700,121.0,0.0,0.0,0.0,9,132.0,136.2,1,121.0,138.8,0.0,0.0,0.0,0.0,95
2023-05-10 09:36:09,HO2312-P-2700,HO2312-P-2700,121.0,0.0,0.0,0.0,6,132.0,136.2,1,121.0,138.8,0.0,0.0,0.0,0.0,95
2023-05-10 09:36:10,HO2312-P-2700,HO2312-P-2700,121.0,0.0,0.0,0.0,6,132.0,136.2,7,121.0,138.8,0.0,0.0,0.0,0.0,95
2023-05-10 09:36:10,HO2312-P-2700,HO2312-P-2700,121.0,0.0,0.0,0.0,6,132.0,136.2,10,121.0,138.8,0.0,0.0,0.0,0.0,95
2023-05-10 09:36:11,HO2312-P-2700,HO2312-P-2700,121.0,0.0,0.0,0.0,6,132.0,136.2,7,121.0,138.8,0.0,0.0,0.0,0.0,95
2023-05-10 09:36:12,HO2312-P-2700,HO2312-P-2700,121.0,0.0,0.0,0.0,6,132.0,136.2,1,121.0,138.8,0.0,0.0,0.0,0.0,95
2023-05-10 09:36:25,HO2312-P-2700,HO2312-P-2700,121.0,0.0,0.0,0.0,3,132.2,136.2,1,121.0,138.8,0.0,0.0,0.0,0.0,95
2023-05-10 09:36:27,HO2312-P-2700,HO2312-P-2700,121.0,0.0,0.0,0.0,21,132.0,136.2,1,121.0,138.8,0.0,0.0,0.0,0.0,95
2023-05-10 09:36:31,HO2312-P-2700,HO2312-P-2700,121.0,0.0,0.0,0.0,1,132.6,136.2,1,121.0,138.8,0.0,0.0,0.0,0.0,95
2023-05-10 09:36:32,HO2312-P-2700,HO2312-P-2700,121.0,0.0,0.0,0.0,3,132.8,136.8,24,121.0,138.8,0.0,0.0,0.0,0.0,95
2023-05-10 09:36:32,HO2312-P-2700,HO2312-P-2700,121.0,0.0,0.0,0.0,9,132.8,136.8,6,121.0,138.8,0.0,0.0,0.0,0.0,95
2023-05-10 09:36:33,HO2312-P-2700,HO2312-P-2700,121.0,0.0,0.0,0.0,9,132.8,137.2,25,121.0,138.8,0.0,0.0,0.0,0.0,95
2023-05-10 09:36:33,HO2312-P-2700,HO2312-P-2700,121.0,0.0,0.0,0.0,9,132.8,137.2,19,121.0,138.8,0.0,0.0,0.0,0.0,95
2023-05-10 09:36:34,HO2312-P-2700,HO2312-P-2700,121.0,0.0,0.0,0.0,6,132.8,137.2,19,121.0,138.8,0.0,0.0,0.0,0.0,95
2023-05-10 09:36:35,HO2312-P-2700,HO2312-P-2700,121.0,0.0,0.0,0.0,7,132.6,137.2,25,121.0,138.8,0.0,0.0,0.0,0.0,95
2023-05-10 09:36:35,HO2312-P-2700,HO2312-P-2700,121.0,0.0,0.0,0.0,1,132.6,137.0,3,121.0,138.8,0.0,0.0,0.0,0.0,95
2023-05-10 09:36:36,HO2312-P-2700,HO2312-P-2700,121.0,0.0,0.0,0.0,1,132.6,136.6,1,121.0,138.8,0.0,0.0,0.0,0.0,95
2023-05-10 09:36:37,HO2312-P-2700,HO2312-P-2700,121.0,0.0,0.0,0.0,18,132.4,136.6,1,121.0,138.8,0.0,0.0,0.0,0.0,95
2023-05-10 09:36:38,HO2312-P-2700,HO2312-P-2700,121.0,0.0,0.0,0.0,12,132.4,136.6,2,121.0,138.8,0.0,0.0,0.0,0.0,95
2023-05-10 09:36:38,HO2312-P-2700,HO2312-P-2700,121.0,0.0,0.0,0.0,34,132.0,136.6,5,121.0,138.8,0.0,0.0,0.0,0.0,95
2023-05-10 09:36:39,HO2312-P-2700,HO2312-P-2700,121.0,0.0,0.0,0.0,28,132.0,136.6,5,121.0,138.8,0.0,0.0,0.0,0.0,95
2023-05-10 09:36:39,HO2312-P-2700,HO2312-P-2700,121.0,0.0,0.0,0.0,28,132.0,135.8,1,121.0,138.8,0.0,0.0,0.0,0.0,95
2023-05-10 09:36:40,HO2312-P-2700,HO2312-P-2700,121.0,0.0,0.0,0.0,22,132.0,135.8,1,121.0,138.8,0.0,0.0,0.0,0.0,95
2023-05-10 09:36:45,HO2312-P-2700,HO2312-P-2700,121.0,0.0,0.0,0.0,28,132.0,135.8,1,121.0,138.8,0.0,0.0,0.0,0.0,95
2023-05-10 09:36:48,HO2312-P-2700,HO2312-P-2700,121.0,0.0,0.0,0.0,28,132.0,136.6,1,121.0,138.8,0.0,0.0,0.0,0.0,95
2023-05-10 09:36:49,HO2312-P-2700,HO2312-P-2700,121.0,0.0,0.0,0.0,1,132.6,136.6,1,121.0,138.8,0.0,0.0,0.0,0.0,95
2023-05-10 09:36:57,HO2312-P-2700,HO2312-P-2700,121.0,0.0,0.0,0.0,3,132.8,137.2,24,121.0,138.8,0.0,0.0,0.0,0.0,95
2023-05-10 09:36:57,HO2312-P-2700,HO2312-P-2700,121.0,0.0,0.0,0.0,3,132.8,137.2,18,121.0,138.8,0.0,0.0,0.0,0.0,95
2023-05-10 09:36:58,HO2312-P-2700,HO2312-P-2700,121.0,0.0,0.0,0.0,3,132.8,137.2,19,121.0,138.8,0.0,0.0,0.0,0.0,95
2023-05-10 09:36:59,HO2312-P-2700,HO2312-P-2700,121.0,0.0,0.0,0.0,1,133.4,137.2,13,121.0,138.8,0.0,0.0,0.0,0.0,95
2023-05-10 09:36:59,HO2312-P-2700,HO2312-P-2700,121.0,0.0,0.0,0.0,7,133.4,137.2,7,121.0,138.8,0.0,0.0,0.0,0.0,95
2023-05-10 09:37:01,HO2312-P-2700,HO2312-P-2700,121.0,0.0,0.0,0.0,7,133.4,137.2,1,121.0,138.8,0.0,0.0,0.0,0.0,95
2023-05-10 09:37:01,HO2312-P-2700,HO2312-P-2700,121.0,0.0,0.0,0.0,10,133.4,137.6,12,121.0,138.8,0.0,0.0,0.0,0.0,95
2023-05-10 09:37:02,HO2312-P-2700,HO2312-P-2700,121.0,0.0,0.0,0.0,16,133.4,137.8,18,121.0,138.8,0.0,0.0,0.0,0.0,95
2023-05-10 09:37:02,HO2312-P-2700,HO2312-P-2700,121.0,0.0,0.0,0.0,19,133.4,137.8,12,121.0,138.8,0.0,0.0,0.0,0.0,95
2023-05-10 09:37:03,HO2312-P-2700,HO2312-P-2700,121.0,0.0,0.0,0.0,19,133.4,138.0,41,121.0,138.8,0.0,0.0,0.0,0.0,95
2023-05-10 09:37:03,HO2312-P-2700,HO2312-P-2700,121.0,0.0,0.0,0.0,19,133.4,137.2,1,121.0,138.8,0.0,0.0,0.0,0.0,95
2023-05-10 09:37:11,HO2312-P-2700,HO2312-P-2700,121.0,0.0,0.0,0.0,13,133.4,137.2,1,121.0,138.8,0.0,0.0,0.0,0.0,95
2023-05-10 09:37:12,HO2312-P-2700,HO2312-P-2700,121.0,0.0,0.0,0.0,12,133.4,137.2,1,121.0,138.8,0.0,0.0,0.0,0.0,95
2023-05-10 09:37:12,HO2312-P-2700,HO2312-P-2700,121.0,0.0,0.0,0.0,6,133.4,137.2,1,121.0,138.8,0.0,0.0,0.0,0.0,95
2023-05-10 09:37:33,HO2312-P-2700,HO2312-P-2700,121.0,0.0,0.0,0.0,7,133.4,137.2,1,121.0,138.8,0.0,0.0,0.0,0.0,95
2023-05-10 09:37:33,HO2312-P-2700,HO2312-P-2700,121.0,0.0,0.0,0.0,10,133.4,137.2,1,121.0,138.8,0.0,0.0,0.0,0.0,95
2023-05-10 09:37:38,HO2312-P-2700,HO2312-P-2700,121.0,0.0,0.0,0.0,7,133.4,137.2,1,121.0,138.8,0.0,0.0,0.0,0.0,95
2023-05-10 09:38:04,HO2312-P-2700,HO2312-P-2700,121.0,0.0,0.0,0.0,6,133.4,137.2,1,121.0,138.8,0.0,0.0,0.0,0.0,95
2023-05-10 09:38:10,HO2312-P-2700,HO2312-P-2700,121.0,0.0,0.0,0.0,18,133.0,137.2,1,121.0,138.8,0.0,0.0,0.0,0.0,95
2023-05-10 09:38:10,HO2312-P-2700,HO2312-P-2700,121.0,0.0,0.0,0.0,12,133.0,137.0,3,121.0,138.8,0.0,0.0,0.0,0.0,95
2023-05-10 09:38:11,HO2312-P-2700,HO2312-P-2700,121.0,0.0,0.0,0.0,12,132.8,135.8,1,121.0,138.8,0.0,0.0,0.0,0.0,95
2023-05-10 09:38:11,HO2312-P-2700,HO2312-P-2700,121.0,0.0,0.0,0.0,27,132.6,135.8,1,121.0,138.8,0.0,0.0,0.0,0.0,95
2023-05-10 09:38:12,HO2312-P-2700,HO2312-P-2700,121.0,0.0,0.0,0.0,21,132.6,135.8,1,121.0,138.8,0.0,0.0,0.0,0.0,95
2023-05-10 09:38:13,HO2312-P-2700,HO2312-P-2700,121.0,0.0,0.0,0.0,12,132.6,135.8,1,121.0,138.8,0.0,0.0,0.0,0.0,95
2023-05-10 09:38:13,HO2312-P-2700,HO2312-P-2700,121.0,0.0,0.0,0.0,6,132.6,135.8,1,121.0,138.8,0.0,0.0,0.0,0.0,95
2023-05-10 09:38:15,HO2312-P-2700,HO2312-P-2700,121.0,0.0,0.0,0.0,3,132.8,135.8,1,121.0,138.8,0.0,0.0,0.0,0.0,95
2023-05-10 09:38:19,HO2312-P-2700,HO2312-P-2700,121.0,0.0,0.0,0.0,9,132.6,135.8,1,121.0,138.8,0.0,0.0,0.0,0.0,95
2023-05-10 09:38:20,HO2312-P-2700,HO2312-P-2700,121.0,0.0,0.0,0.0,10,132.6,135.8,1,121.0,138.8,0.0,0.0,0.0,0.0,95
2023-05-10 09:38:21,HO2312-P-2700,HO2312-P-2700,121.0,0.0,0.0,0.0,10,132.6,136.6,1,121.0,138.8,0.0,0.0,0.0,0.0,95
2023-05-10 09:38:23,HO2312-P-2700,HO2312-P-2700,121.0,0.0,0.0,0.0,1,133.4,136.6,1,121.0,138.8,0.0,0.0,0.0,0.0,95
2023-05-10 09:38:24,HO2312-P-2700,HO2312-P-2700,121.0,0.0,0.0,0.0,1,133.4,137.4,24,121.0,138.8,0.0,0.0,0.0,0.0,95
2023-05-10 09:38:24,HO2312-P-2700,HO2312-P-2700,121.0,0.0,0.0,0.0,1,133.4,137.2,1,121.0,138.8,0.0,0.0,0.0,0.0,95
2023-05-10 09:38:32,HO2312-P-2700,HO2312-P-2700,121.0,0.0,0.0,0.0,4,133.4,137.2,1,121.0,138.8,0.0,0.0,0.0,0.0,95
2023-05-10 09:38:34,HO2312-P-2700,HO2312-P-2700,121.0,0.0,0.0,0.0,1,133.4,137.2,1,121.0,138.8,0.0,0.0,0.0,0.0,95
2023-05-10 09:38:36,HO2312-P-2700,HO2312-P-2700,121.0,0.0,0.0,0.0,1,133.4,137.2,4,121.0,138.8,0.0,0.0,0.0,0.0,95
2023-05-10 09:38:36,HO2312-P-2700,HO2312-P-2700,121.0,0.0,0.0,0.0,1,133.4,137.2,1,121.0,138.8,0.0,0.0,0.0,0.0,95
2023-05-10 09:38:37,HO2312-P-2700,HO2312-P-2700,121.0,0.0,0.0,0.0,18,133.2,137.2,1,121.0,138.8,0.0,0.0,0.0,0.0,95
2023-05-10 09:38:43,HO2312-P-2700,HO2312-P-2700,121.0,0.0,0.0,0.0,3,133.4,137.2,1,121.0,138.8,0.0,0.0,0.0,0.0,95
2023-05-10 09:38:43,HO2312-P-2700,HO2312-P-2700,121.0,0.0,0.0,0.0,21,133.2,137.2,1,121.0,138.8,0.0,0.0,0.0,0.0,95
2023-05-10 09:38:44,HO2312-P-2700,HO2312-P-2700,121.0,0.0,0.0,0.0,18,133.2,137.2,1,121.0,138.8,0.0,0.0,0.0,0.0,95
2023-05-10 09:38:45,HO2312-P-2700,HO2312-P-2700,121.0,0.0,0.0,0.0,12,133.2,137.2,1,121.0,138.8,0.0,0.0,0.0,0.0,95
2023-05-10 09:38:45,HO2312-P-2700,HO2312-P-2700,121.0,0.0,0.0,0.0,6,133.2,137.2,1,121.0,138.8,0.0,0.0,0.0,0.0,95
2023-05-10 09:39:06,HO2312-P-2700,HO2312-P-2700,121.0,0.0,0.0,0.0,6,133.2,137.2,2,121.0,138.8,0.0,0.0,0.0,0.0,95
2023-05-10 09:39:07,HO2312-P-2700,HO2312-P-2700,121.0,0.0,0.0,0.0,6,133.2,135.8,1,121.0,138.8,0.0,0.0,0.0,0.0,95
2023-05-10 09:39:09,HO2312-P-2700,HO2312-P-2700,121.0,0.0,0.0,0.0,12,132.8,135.8,1,121.0,138.8,0.0,0.0,0.0,0.0,95
2023-05-10 09:39:09,HO2312-P-2700,HO2312-P-2700,121.0,0.0,0.0,0.0,12,132.4,135.8,1,121.0,138.8,0.0,0.0,0.0,0.0,95
2023-05-10 09:39:10,HO2312-P-2700,HO2312-P-2700,121.0,0.0,0.0,0.0,18,132.2,135.8,2,121.0,138.8,0.0,0.0,0.0,0.0,95
2023-05-10 09:39:11,HO2312-P-2700,HO2312-P-2700,121.0,0.0,0.0,0.0,18,132.2,135.0,1,121.0,138.8,0.0,0.0,0.0,0.0,95
2023-05-10 09:39:13,HO2312-P-2700,HO2312-P-2700,121.0,0.0,0.0,0.0,12,132.2,135.0,1,121.0,138.8,0.0,0.0,0.0,0.0,95
2023-05-10 09:39:14,HO2312-P-2700,HO2312-P-2700,121.0,0.0,0.0,0.0,6,132.2,135.0,1,121.0,138.8,0.0,0.0,0.0,0.0,95
2023-05-10 09:39:17,HO2312-P-2700,HO2312-P-2700,121.0,0.0,0.0,0.0,6,132.2,136.2,12,121.0,138.8,0.0,0.0,0.0,0.0,95
2023-05-10 09:39:17,HO2312-P-2700,HO2312-P-2700,121.0,0.0,0.0,0.0,6,132.2,136.4,25,121.0,138.8,0.0,0.0,0.0,0.0,95
2023-05-10 09:39:18,HO2312-P-2700,HO2312-P-2700,121.0,0.0,0.0,0.0,1,132.6,136.4,13,121.0,138.8,0.0,0.0,0.0,0.0,95
2023-05-10 09:39:18,HO2312-P-2700,HO2312-P-2700,121.0,0.0,0.0,0.0,1,132.6,136.4,6,121.0,138.8,0.0,0.0,0.0,0.0,95
2023-05-10 09:39:19,HO2312-P-2700,HO2312-P-2700,121.0,0.0,0.0,0.0,1,132.6,136.8,42,121.0,138.8,0.0,0.0,0.0,0.0,95
2023-05-10 09:39:19,HO2312-P-2700,HO2312-P-2700,121.0,0.0,0.0,0.0,1,132.6,136.8,25,121.0,138.8,0.0,0.0,0.0,0.0,95
2023-05-10 09:39:21,HO2312-P-2700,HO2312-P-2700,121.0,0.0,0.0,0.0,4,132.6,136.8,25,121.0,138.8,0.0,0.0,0.0,0.0,95
2023-05-10 09:39:22,HO2312-P-2700,HO2312-P-2700,121.0,0.0,0.0,0.0,1,132.6,136.8,25,121.0,138.8,0.0,0.0,0.0,0.0,95
2023-05-10 09:39:27,HO2312-P-2700,HO2312-P-2700,121.0,0.0,0.0,0.0,1,132.6,136.8,19,121.0,138.8,0.0,0.0,0.0,0.0,95
2023-05-10 09:39:27,HO2312-P-2700,HO2312-P-2700,121.0,0.0,0.0,0.0,1,132.6,136.8,13,121.0,138.8,0.0,0.0,0.0,0.0,95
2023-05-10 09:39:28,HO2312-P-2700,HO2312-P-2700,121.0,0.0,0.0,0.0,3,132.8,136.8,1,121.0,138.8,0.0,0.0,0.0,0.0,95
2023-05-10 09:39:28,HO2312-P-2700,HO2312-P-2700,121.0,0.0,0.0,0.0,1,133.6,136.8,1,121.0,138.8,0.0,0.0,0.0,0.0,95
2023-05-10 09:39:29,HO2312-P-2700,HO2312-P-2700,121.0,0.0,0.0,0.0,7,133.6,136.8,1,121.0,138.8,0.0,0.0,0.0,0.0,95
2023-05-10 09:39:31,HO2312-P-2700,HO2312-P-2700,121.0,0.0,0.0,0.0,7,133.6,137.4,30,121.0,138.8,0.0,0.0,0.0,0.0,95
2023-05-10 09:39:32,HO2312-P-2700,HO2312-P-2700,121.0,0.0,0.0,0.0,7,133.6,137.4,12,121.0,138.8,0.0,0.0,0.0,0.0,95
2023-05-10 09:39:32,HO2312-P-2700,HO2312-P-2700,121.0,0.0,0.0,0.0,7,133.6,137.6,28,121.0,138.8,0.0,0.0,0.0,0.0,95
2023-05-10 09:39:33,HO2312-P-2700,HO2312-P-2700,121.0,0.0,0.0,0.0,7,133.6,137.6,22,121.0,138.8,0.0,0.0,0.0,0.0,95
2023-05-10 09:39:34,HO2312-P-2700,HO2312-P-2700,121.0,0.0,0.0,0.0,7,133.6,137.6,19,121.0,138.8,0.0,0.0,0.0,0.0,95
2023-05-10 09:39:36,HO2312-P-2700,HO2312-P-2700,121.0,0.0,0.0,0.0,7,133.6,137.4,3,121.0,138.8,0.0,0.0,0.0,0.0,95
2023-05-10 09:39:36,HO2312-P-2700,HO2312-P-2700,121.0,0.0,0.0,0.0,7,133.6,137.6,22,121.0,138.8,0.0,0.0,0.0,0.0,95
2023-05-10 09:39:37,HO2312-P-2700,HO2312-P-2700,121.0,0.0,0.0,0.0,7,133.6,136.8,1,121.0,138.8,0.0,0.0,0.0,0.0,95
2023-05-10 09:39:38,HO2312-P-2700,HO2312-P-2700,121.0,0.0,0.0,0.0,1,133.6,136.8,1,121.0,138.8,0.0,0.0,0.0,0.0,95
2023-05-10 09:39:44,HO2312-P-2700,HO2312-P-2700,121.0,0.0,0.0,0.0,6,133.2,136.8,7,121.0,138.8,0.0,0.0,0.0,0.0,95
2023-05-10 09:39:45,HO2312-P-2700,HO2312-P-2700,121.0,0.0,0.0,0.0,3,132.8,136.8,7,121.0,138.8,0.0,0.0,0.0,0.0,95
2023-05-10 09:39:47,HO2312-P-2700,HO2312-P-2700,121.0,0.0,0.0,0.0,1,133.2,136.8,7,121.0,138.8,0.0,0.0,0.0,0.0,95
2023-05-10 09:39:47,HO2312-P-2700,HO2312-P-2700,121.0,0.0,0.0,0.0,7,133.2,136.8,7,121.0,138.8,0.0,0.0,0.0,0.0,95
2023-05-10 09:40:10,HO2312-P-2700,HO2312-P-2700,121.0,0.0,0.0,0.0,6,133.2,136.8,7,121.0,138.8,0.0,0.0,0.0,0.0,95
2023-05-10 09:40:10,HO2312-P-2700,HO2312-P-2700,121.0,0.0,0.0,0.0,15,132.6,136.8,7,121.0,138.8,0.0,0.0,0.0,0.0,95
2023-05-10 09:40:11,HO2312-P-2700,HO2312-P-2700,121.0,0.0,0.0,0.0,6,132.6,136.8,7,121.0,138.8,0.0,0.0,0.0,0.0,95
2023-05-10 09:40:11,HO2312-P-2700,HO2312-P-2700,121.0,0.0,0.0,0.0,22,132.4,136.2,1,121.0,138.8,0.0,0.0,0.0,0.0,95
2023-05-10 09:40:12,HO2312-P-2700,HO2312-P-2700,121.0,0.0,0.0,0.0,16,132.4,136.2,1,121.0,138.8,0.0,0.0,0.0,0.0,95
2023-05-10 09:40:12,HO2312-P-2700,HO2312-P-2700,121.0,0.0,0.0,0.0,13,132.4,136.2,1,121.0,138.8,0.0,0.0,0.0,0.0,95
2023-05-10 09:40:13,HO2312-P-2700,HO2312-P-2700,121.0,0.0,0.0,0.0,7,132.4,136.2,1,121.0,138.8,0.0,0.0,0.0,0.0,95
2023-05-10 09:40:13,HO2312-P-2700,HO2312-P-2700,121.0,0.0,0.0,0.0,1,132.4,136.2,1,121.0,138.8,0.0,0.0,0.0,0.0,95
2023-05-10 09:40:18,HO2312-P-2700,HO2312-P-2700,121.0,0.0,0.0,0.0,1,132.4,136.8,6,121.0,138.8,0.0,0.0,0.0,0.0,95
2023-05-10 09:40:19,HO2312-P-2700,HO2312-P-2700,121.0,0.0,0.0,0.0,4,132.4,136.8,6,121.0,138.8,0.0,0.0,0.0,0.0,95
2023-05-10 09:40:19,HO2312-P-2700,HO2312-P-2700,121.0,0.0,0.0,0.0,1,133.2,136.8,6,121.0,138.8,0.0,0.0,0.0,0.0,95
2023-05-10 09:40:20,HO2312-P-2700,HO2312-P-2700,121.0,0.0,0.0,0.0,7,133.2,136.8,6,121.0,138.8,0.0,0.0,0.0,0.0,95
2023-05-10 09:40:26,HO2312-P-2700,HO2312-P-2700,121.0,0.0,0.0,0.0,1,133.8,136.8,6,121.0,138.8,0.0,0.0,0.0,0.0,95
2023-05-10 09:40:26,HO2312-P-2700,HO2312-P-2700,121.0,0.0,0.0,0.0,1,133.8,137.2,6,121.0,138.8,0.0,0.0,0.0,0.0,95
2023-05-10 09:40:27,HO2312-P-2700,HO2312-P-2700,121.0,0.0,0.0,0.0,1,133.8,137.6,18,121.0,138.8,0.0,0.0,0.0,0.0,95
2023-05-10 09:40:27,HO2312-P-2700,HO2312-P-2700,121.0,0.0,0.0,0.0,1,133.8,137.6,6,121.0,138.8,0.0,0.0,0.0,0.0,95
2023-05-10 09:40:28,HO2312-P-2700,HO2312-P-2700,121.0,0.0,0.0,0.0,1,133.8,137.8,10,121.0,138.8,0.0,0.0,0.0,0.0,95
2023-05-10 09:40:29,HO2312-P-2700,HO2312-P-2700,121.0,0.0,0.0,0.0,1,133.8,137.0,1,121.0,138.8,0.0,0.0,0.0,0.0,95
2023-05-10 09:40:31,HO2312-P-2700,HO2312-P-2700,121.0,0.0,0.0,0.0,1,133.8,137.8,6,121.0,138.8,0.0,0.0,0.0,0.0,95
2023-05-10 09:40:32,HO2312-P-2700,HO2312-P-2700,121.0,0.0,0.0,0.0,1,133.8,137.8,7,121.0,138.8,0.0,0.0,0.0,0.0,95
2023-05-10 09:40:37,HO2312-P-2700,HO2312-P-2700,121.0,0.0,0.0,0.0,1,133.8,137.8,8,121.0,138.8,0.0,0.0,0.0,0.0,95
2023-05-10 09:40:39,HO2312-P-2700,HO2312-P-2700,121.0,0.0,0.0,0.0,1,133.8,137.2,1,121.0,138.8,0.0,0.0,0.0,0.0,95
2023-05-10 09:40:40,HO2312-P-2700,HO2312-P-2700,121.0,0.0,0.0,0.0,18,133.2,137.2,4,121.0,138.8,0.0,0.0,0.0,0.0,95
2023-05-10 09:40:41,HO2312-P-2700,HO2312-P-2700,121.0,0.0,0.0,0.0,12,133.2,137.0,6,121.0,138.8,0.0,0.0,0.0,0.0,95
2023-05-10 09:40:41,HO2312-P-2700,HO2312-P-2700,121.0,0.0,0.0,0.0,6,133.2,137.0,6,121.0,138.8,0.0,0.0,0.0,0.0,95
2023-05-10 09:40:45,HO2312-P-2700,HO2312-P-2700,121.0,0.0,0.0,0.0,6,133.2,136.6,1,121.0,138.8,0.0,0.0,0.0,0.0,95
2023-05-10 09:40:51,HO2312-P-2700,HO2312-P-2700,121.0,0.0,0.0,0.0,3,133.4,136.6,1,121.0,138.8,0.0,0.0,0.0,0.0,95
2023-05-10 09:40:52,HO2312-P-2700,HO2312-P-2700,121.0,0.0,0.0,0.0,1,133.8,137.4,6,121.0,138.8,0.0,0.0,0.0,0.0,95
2023-05-10 09:40:52,HO2312-P-2700,HO2312-P-2700,121.0,0.0,0.0,0.0,1,133.8,137.6,2,121.0,138.8,0.0,0.0,0.0,0.0,95
2023-05-10 09:41:00,HO2312-P-2700,HO2312-P-2700,121.0,0.0,0.0,0.0,1,133.8,137.6,1,121.0,138.8,0.0,0.0,0.0,0.0,95
2023-05-10 09:41:03,HO2312-P-2700,HO2312-P-2700,121.0,0.0,0.0,0.0,1,133.8,137.8,6,121.0,138.8,0.0,0.0,0.0,0.0,95
2023-05-10 09:41:05,HO2312-P-2700,HO2312-P-2700,121.0,0.0,0.0,0.0,3,134.0,137.8,6,121.0,138.8,0.0,0.0,0.0,0.0,95
2023-05-10 09:41:06,HO2312-P-2700,HO2312-P-2700,121.0,0.0,0.0,0.0,1,135.0,137.8,6,121.0,138.8,0.0,0.0,0.0,0.0,95
2023-05-10 09:41:07,HO2312-P-2700,HO2312-P-2700,121.0,0.0,0.0,0.0,7,135.0,137.8,6,121.0,138.8,0.0,0.0,0.0,0.0,95
2023-05-10 09:41:07,HO2312-P-2700,HO2312-P-2700,121.0,0.0,0.0,0.0,7,135.0,138.0,12,121.0,138.8,0.0,0.0,0.0,0.0,95
2023-05-10 09:41:08,HO2312-P-2700,HO2312-P-2700,121.0,0.0,0.0,0.0,7,135.0,138.4,13,121.0,138.8,0.0,0.0,0.0,0.0,95
2023-05-10 09:41:08,HO2312-P-2700,HO2312-P-2700,121.0,0.0,0.0,0.0,7,135.0,138.4,1,121.0,138.8,0.0,0.0,0.0,0.0,95
2023-05-10 09:41:30,HO2312-P-2700,HO2312-P-2700,121.0,0.0,0.0,0.0,6,135.0,138.4,1,121.0,138.8,0.0,0.0,0.0,0.0,95
2023-05-10 09:41:31,HO2312-P-2700,HO2312-P-2700,121.0,0.0,0.0,0.0,7,134.4,138.4,1,121.0,138.8,0.0,0.0,0.0,0.0,95
2023-05-10 09:41:34,HO2312-P-2700,HO2312-P-2700,121.0,0.0,0.0,0.0,7,134.4,138.4,4,121.0,138.8,0.0,0.0,0.0,0.0,95
2023-05-10 09:41:40,HO2312-P-2700,HO2312-P-2700,121.0,0.0,0.0,0.0,7,134.4,137.8,1,121.0,138.8,0.0,0.0,0.0,0.0,95
2023-05-10 09:41:41,HO2312-P-2700,HO2312-P-2700,121.0,0.0,0.0,0.0,6,134.4,137.8,1,121.0,138.8,0.0,0.0,0.0,0.0,95
2023-05-10 09:41:42,HO2312-P-2700,HO2312-P-2700,121.0,0.0,0.0,0.0,12,134.0,137.8,1,121.0,138.8,0.0,0.0,0.0,0.0,95
2023-05-10 09:41:42,HO2312-P-2700,HO2312-P-2700,121.0,0.0,0.0,0.0,33,133.6,137.8,1,121.0,138.8,0.0,0.0,0.0,0.0,95
2023-05-10 09:41:43,HO2312-P-2700,HO2312-P-2700,121.0,0.0,0.0,0.0,18,133.6,137.8,1,121.0,138.8,0.0,0.0,0.0,0.0,95
2023-05-10 09:41:47,HO2312-P-2700,HO2312-P-2700,121.0,0.0,0.0,0.0,1,134.0,137.8,1,121.0,138.8,0.0,0.0,0.0,0.0,95
2023-05-10 09:41:48,HO2312-P-2700,HO2312-P-2700,121.0,0.0,0.0,0.0,3,134.2,137.8,1,121.0,138.8,0.0,0.0,0.0,0.0,95
2023-05-10 09:41:49,HO2312-P-2700,HO2312-P-2700,121.0,0.0,0.0,0.0,15,134.2,137.8,1,121.0,138.8,0.0,0.0,0.0,0.0,95
2023-05-10 09:41:49,HO2312-P-2700,HO2312-P-2700,121.0,0.0,0.0,0.0,21,134.2,137.8,1,121.0,138.8,0.0,0.0,0.0,0.0,95
2023-05-10 09:41:52,HO2312-P-2700,HO2312-P-2700,121.0,0.0,0.0,0.0,1,134.6,138.6,24,121.0,138.8,0.0,0.0,0.0,0.0,95
2023-05-10 09:41:53,HO2312-P-2700,HO2312-P-2700,121.0,0.0,0.0,0.0,1,134.6,138.6,12,121.0,138.8,0.0,0.0,0.0,0.0,95
2023-05-10 09:41:53,HO2312-P-2700,HO2312-P-2700,121.0,0.0,0.0,0.0,1,134.6,138.8,20,121.0,138.8,0.0,0.0,0.0,0.0,95
2023-05-10 09:41:54,HO2312-P-2700,HO2312-P-2700,121.0,0.0,0.0,0.0,1,134.6,138.8,14,121.0,138.8,0.0,0.0,0.0,0.0,95
2023-05-10 09:41:54,HO2312-P-2700,HO2312-P-2700,121.0,0.0,0.0,0.0,1,134.6,138.8,8,121.0,138.8,0.0,0.0,0.0,0.0,95
2023-05-10 09:41:55,HO2312-P-2700,HO2312-P-2700,121.0,0.0,0.0,0.0,1,134.6,138.8,2,121.0,138.8,0.0,0.0,0.0,0.0,95
2023-05-10 09:42:03,HO2312-P-2700,HO2312-P-2700,121.0,0.0,0.0,0.0,4,134.6,138.8,2,121.0,138.8,0.0,0.0,0.0,0.0,95
2023-05-10 09:42:04,HO2312-P-2700,HO2312-P-2700,121.0,0.0,0.0,0.0,1,135.4,138.8,2,121.0,138.8,0.0,0.0,0.0,0.0,95
2023-05-10 09:42:04,HO2312-P-2700,HO2312-P-2700,121.0,0.0,0.0,0.0,7,135.4,138.8,2,121.0,138.8,0.0,0.0,0.0,0.0,95
2023-05-10 09:42:24,HO2312-P-2700,HO2312-P-2700,121.0,0.0,0.0,0.0,7,135.4,138.8,1,121.0,138.8,0.0,0.0,0.0,0.0,95
2023-05-10 09:43:12,HO2312-P-2700,HO2312-P-2700,121.0,0.0,0.0,0.0,6,135.4,138.8,2,121.0,138.8,0.0,0.0,0.0,0.0,95
2023-05-10 09:43:12,HO2312-P-2700,HO2312-P-2700,121.0,0.0,0.0,0.0,3,134.4,138.8,2,121.0,138.8,0.0,0.0,0.0,0.0,95
2023-05-10 09:43:13,HO2312-P-2700,HO2312-P-2700,121.0,0.0,0.0,0.0,4,134.4,138.8,2,121.0,138.8,0.0,0.0,0.0,0.0,95
2023-05-10 09:43:14,HO2312-P-2700,HO2312-P-2700,121.0,0.0,0.0,0.0,4,134.4,138.0,1,121.0,138.8,0.0,0.0,0.0,0.0,95
2023-05-10 09:43:15,HO2312-P-2700,HO2312-P-2700,121.0,0.0,0.0,0.0,1,134.4,138.0,1,121.0,138.8,0.0,0.0,0.0,0.0,95
2023-05-10 09:43:24,HO2312-P-2700,HO2312-P-2700,121.0,0.0,0.0,0.0,18,134.2,138.0,1,121.0,138.8,0.0,0.0,0.0,0.0,95
2023-05-10 09:43:30,HO2312-P-2700,HO2312-P-2700,121.0,0.0,0.0,0.0,21,134.2,138.0,1,121.0,138.8,0.0,0.0,0.0,0.0,95
2023-05-10 09:43:32,HO2312-P-2700,HO2312-P-2700,121.0,0.0,0.0,0.0,27,134.2,138.0,1,121.0,138.8,0.0,0.0,0.0,0.0,95
2023-05-10 09:43:41,HO2312-P-2700,HO2312-P-2700,121.0,0.0,0.0,0.0,1,134.6,138.0,1,121.0,138.8,0.0,0.0,0.0,0.0,95
2023-05-10 09:43:42,HO2312-P-2700,HO2312-P-2700,121.0,0.0,0.0,0.0,3,134.8,138.0,1,121.0,138.8,0.0,0.0,0.0,0.0,95
2023-05-10 09:43:48,HO2312-P-2700,HO2312-P-2700,121.0,0.0,0.0,0.0,3,134.8,138.8,2,121.0,138.8,0.0,0.0,0.0,0.0,95
2023-05-10 09:43:49,HO2312-P-2700,HO2312-P-2700,121.0,0.0,0.0,0.0,1,135.4,138.8,2,121.0,138.8,0.0,0.0,0.0,0.0,95
2023-05-10 09:43:50,HO2312-P-2700,HO2312-P-2700,121.0,0.0,0.0,0.0,7,135.4,138.8,2,121.0,138.8,0.0,0.0,0.0,0.0,95
2023-05-10 09:44:23,HO2312-P-2700,HO2312-P-2700,121.0,0.0,0.0,0.0,7,135.4,138.8,1,121.0,138.8,0.0,0.0,0.0,0.0,95
2023-05-10 09:44:28,HO2312-P-2700,HO2312-P-2700,121.0,0.0,0.0,0.0,7,135.4,138.6,1,121.0,138.8,0.0,0.0,0.0,0.0,95
2023-05-10 09:44:32,HO2312-P-2700,HO2312-P-2700,121.0,0.0,0.0,0.0,1,136.0,138.8,1,121.0,138.8,0.0,0.0,0.0,0.0,95
2023-05-10 09:44:42,HO2312-P-2700,HO2312-P-2700,121.0,0.0,0.0,0.0,6,135.4,138.8,1,121.0,138.8,0.0,0.0,0.0,0.0,95
2023-05-10 09:44:42,HO2312-P-2700,HO2312-P-2700,121.0,0.0,0.0,0.0,6,135.4,138.6,1,121.0,138.8,0.0,0.0,0.0,0.0,95
2023-05-10 09:45:08,HO2312-P-2700,HO2312-P-2700,121.0,0.0,0.0,0.0,1,135.6,138.8,1,121.0,138.8,0.0,0.0,0.0,0.0,95
2023-05-10 09:45:15,HO2312-P-2700,HO2312-P-2700,121.0,0.0,0.0,0.0,1,135.6,138.6,1,121.0,138.8,0.0,0.0,0.0,0.0,95
2023-05-10 09:45:16,HO2312-P-2700,HO2312-P-2700,121.0,0.0,0.0,0.0,6,135.4,138.6,1,121.0,138.8,0.0,0.0,0.0,0.0,95
2023-05-10 09:45:20,HO2312-P-2700,HO2312-P-2700,121.0,0.0,0.0,0.0,19,134.8,138.6,1,121.0,138.8,0.0,0.0,0.0,0.0,95
2023-05-10 09:45:20,HO2312-P-2700,HO2312-P-2700,121.0,0.0,0.0,0.0,13,134.8,138.6,1,121.0,138.8,0.0,0.0,0.0,0.0,95
2023-05-10 09:45:21,HO2312-P-2700,HO2312-P-2700,121.0,0.0,0.0,0.0,7,134.8,138.6,1,121.0,138.8,0.0,0.0,0.0,0.0,95
2023-05-10 09:45:21,HO2312-P-2700,HO2312-P-2700,121.0,0.0,0.0,0.0,1,134.8,138.6,1,121.0,138.8,0.0,0.0,0.0,0.0,95
2023-05-10 09:45:22,HO2312-P-2700,HO2312-P-2700,121.0,0.0,0.0,0.0,4,134.8,138.6,1,121.0,138.8,0.0,0.0,0.0,0.0,95
2023-05-10 09:45:29,HO2312-P-2700,HO2312-P-2700,121.0,0.0,0.0,0.0,1,134.8,138.6,1,121.0,138.8,0.0,0.0,0.0,0.0,95
2023-05-10 09:45:35,HO2312-P-2700,HO2312-P-2700,121.0,0.0,0.0,0.0,3,135.0,138.6,1,121.0,138.8,0.0,0.0,0.0,0.0,95
2023-05-10 09:45:38,HO2312-P-2700,HO2312-P-2700,121.0,0.0,0.0,0.0,1,135.4,138.6,1,121.0,138.8,0.0,0.0,0.0,0.0,95
2023-05-10 09:45:39,HO2312-P-2700,HO2312-P-2700,121.0,0.0,0.0,0.0,4,135.4,138.6,1,121.0,138.8,0.0,0.0,0.0,0.0,95
2023-05-10 09:45:41,HO2312-P-2700,HO2312-P-2700,121.0,0.0,0.0,0.0,1,135.4,138.6,1,121.0,138.8,0.0,0.0,0.0,0.0,95
2023-05-10 09:45:45,HO2312-P-2700,HO2312-P-2700,121.0,0.0,0.0,0.0,4,135.4,138.6,1,121.0,138.8,0.0,0.0,0.0,0.0,95
2023-05-10 09:45:46,HO2312-P-2700,HO2312-P-2700,121.0,0.0,0.0,0.0,1,135.4,138.6,1,121.0,138.8,0.0,0.0,0.0,0.0,95
2023-05-10 09:45:49,HO2312-P-2700,HO2312-P-2700,121.0,0.0,0.0,0.0,1,135.4,138.8,1,121.0,138.8,0.0,0.0,0.0,0.0,95
2023-05-10 09:45:50,HO2312-P-2700,HO2312-P-2700,121.0,0.0,0.0,0.0,3,135.6,138.8,1,121.0,138.8,0.0,0.0,0.0,0.0,95
2023-05-10 09:45:55,HO2312-P-2700,HO2312-P-2700,121.0,0.0,0.0,0.0,16,135.4,138.8,1,121.0,138.8,0.0,0.0,0.0,0.0,95
2023-05-10 09:46:08,HO2312-P-2700,HO2312-P-2700,121.0,0.0,0.0,0.0,1,136.0,138.8,1,121.0,138.8,0.0,0.0,0.0,0.0,95
2023-05-10 09:46:09,HO2312-P-2700,HO2312-P-2700,121.0,0.0,0.0,0.0,3,136.2,138.8,1,121.0,138.8,0.0,0.0,0.0,0.0,95
2023-05-10 09:46:09,HO2312-P-2700,HO2312-P-2700,121.0,0.0,0.0,0.0,6,136.2,138.8,1,121.0,138.8,0.0,0.0,0.0,0.0,95
2023-05-10 09:46:27,HO2312-P-2700,HO2312-P-2700,121.0,0.0,0.0,0.0,12,135.8,138.8,1,121.0,138.8,0.0,0.0,0.0,0.0,95
2023-05-10 09:46:27,HO2312-P-2700,HO2312-P-2700,121.0,0.0,0.0,0.0,1,135.6,138.8,1,121.0,138.8,0.0,0.0,0.0,0.0,95
2023-05-10 09:46:29,HO2312-P-2700,HO2312-P-2700,121.0,0.0,0.0,0.0,4,135.6,138.8,1,121.0,138.8,0.0,0.0,0.0,0.0,95
2023-05-10 09:46:37,HO2312-P-2700,HO2312-P-2700,121.0,0.0,0.0,0.0,1,136.4,138.8,1,121.0,138.8,0.0,0.0,0.0,0.0,95
2023-05-10 09:46:48,HO2312-P-2700,HO2312-P-2700,121.0,0.0,0.0,0.0,6,136.2,138.8,1,121.0,138.8,0.0,0.0,0.0,0.0,95
2023-05-10 09:46:49,HO2312-P-2700,HO2312-P-2700,121.0,0.0,0.0,0.0,10,135.6,138.8,1,121.0,138.8,0.0,0.0,0.0,0.0,95
2023-05-10 09:46:49,HO2312-P-2700,HO2312-P-2700,121.0,0.0,0.0,0.0,4,135.6,138.8,1,121.0,138.8,0.0,0.0,0.0,0.0,95
2023-05-10 09:46:54,HO2312-P-2700,HO2312-P-2700,121.0,0.0,0.0,0.0,1,136.4,138.8,1,121.0,138.8,0.0,0.0,0.0,0.0,95
2023-05-10 09:46:57,HO2312-P-2700,HO2312-P-2700,121.0,0.0,0.0,0.0,4,136.4,138.8,1,121.0,138.8,0.0,0.0,0.0,0.0,95
2023-05-10 09:47:05,HO2312-P-2700,HO2312-P-2700,121.0,0.0,0.0,0.0,1,136.4,138.8,1,121.0,138.8,0.0,0.0,0.0,0.0,95
2023-05-10 09:48:07,HO2312-P-2700,HO2312-P-2700,121.0,0.0,0.0,0.0,18,136.2,138.8,1,121.0,138.8,0.0,0.0,0.0,0.0,95
2023-05-10 09:48:07,HO2312-P-2700,HO2312-P-2700,121.0,0.0,0.0,0.0,6,136.2,138.8,1,121.0,138.8,0.0,0.0,0.0,0.0,95
2023-05-10 09:48:08,HO2312-P-2700,HO2312-P-2700,121.0,0.0,0.0,0.0,27,135.8,138.8,1,121.0,138.8,0.0,0.0,0.0,0.0,95
2023-05-10 09:48:08,HO2312-P-2700,HO2312-P-2700,121.0,0.0,0.0,0.0,21,135.8,138.8,1,121.0,138.8,0.0,0.0,0.0,0.0,95
2023-05-10 09:48:09,HO2312-P-2700,HO2312-P-2700,121.0,0.0,0.0,0.0,18,135.8,138.8,1,121.0,138.8,0.0,0.0,0.0,0.0,95
2023-05-10 09:48:10,HO2312-P-2700,HO2312-P-2700,121.0,0.0,0.0,0.0,18,135.8,138.8,2,121.0,138.8,0.0,0.0,0.0,0.0,95
2023-05-10 09:48:12,HO2312-P-2700,HO2312-P-2700,121.0,0.0,0.0,0.0,12,135.8,138.8,2,121.0,138.8,0.0,0.0,0.0,0.0,95
2023-05-10 09:48:12,HO2312-P-2700,HO2312-P-2700,121.0,0.0,0.0,0.0,1,135.6,138.8,2,121.0,138.8,0.0,0.0,0.0,0.0,95
2023-05-10 09:48:13,HO2312-P-2700,HO2312-P-2700,121.0,0.0,0.0,0.0,3,135.8,138.8,1,121.0,138.8,0.0,0.0,0.0,0.0,95
2023-05-10 09:48:18,HO2312-P-2700,HO2312-P-2700,121.0,0.0,0.0,0.0,9,135.8,138.8,1,121.0,138.8,0.0,0.0,0.0,0.0,95
2023-05-10 09:48:29,HO2312-P-2700,HO2312-P-2700,121.0,0.0,0.0,0.0,9,135.8,138.6,1,121.0,138.8,0.0,0.0,0.0,0.0,95
2023-05-10 09:48:37,HO2312-P-2700,HO2312-P-2700,121.0,0.0,0.0,0.0,3,135.8,138.6,1,121.0,138.8,0.0,0.0,0.0,0.0,95
2023-05-10 09:48:38,HO2312-P-2700,HO2312-P-2700,121.0,0.0,0.0,0.0,4,135.6,138.6,1,121.0,138.8,0.0,0.0,0.0,0.0,95
2023-05-10 09:48:46,HO2312-P-2700,HO2312-P-2700,121.0,0.0,0.0,0.0,4,135.6,138.8,1,121.0,138.8,0.0,0.0,0.0,0.0,95
2023-05-10 09:48:47,HO2312-P-2700,HO2312-P-2700,121.0,0.0,0.0,0.0,6,135.8,138.8,1,121.0,138.8,0.0,0.0,0.0,0.0,95
2023-05-10 09:48:47,HO2312-P-2700,HO2312-P-2700,121.0,0.0,0.0,0.0,3,136.0,138.8,1,121.0,138.8,0.0,0.0,0.0,0.0,95
2023-05-10 09:48:49,HO2312-P-2700,HO2312-P-2700,121.0,0.0,0.0,0.0,6,136.2,138.8,1,121.0,138.8,0.0,0.0,0.0,0.0,95
2023-05-10 09:48:49,HO2312-P-2700,HO2312-P-2700,121.0,0.0,0.0,0.0,4,136.4,138.8,1,121.0,138.8,0.0,0.0,0.0,0.0,95
2023-05-10 09:49:03,HO2312-P-2700,HO2312-P-2700,121.0,0.0,0.0,0.0,1,137.0,138.8,1,121.0,138.8,0.0,0.0,0.0,0.0,95
2023-05-10 09:49:04,HO2312-P-2700,HO2312-P-2700,121.0,0.0,0.0,0.0,3,137.2,138.8,1,121.0,138.8,0.0,0.0,0.0,0.0,95
2023-05-10 09:49:04,HO2312-P-2700,HO2312-P-2700,121.0,0.0,0.0,0.0,9,137.2,138.8,1,121.0,138.8,0.0,0.0,0.0,0.0,95
2023-05-10 09:49:05,HO2312-P-2700,HO2312-P-2700,121.0,0.0,0.0,0.0,6,137.2,138.8,1,121.0,138.8,0.0,0.0,0.0,0.0,95
2023-05-10 09:49:07,HO2312-P-2700,HO2312-P-2700,121.0,0.0,0.0,0.0,1,137.8,138.8,1,121.0,138.8,0.0,0.0,0.0,0.0,95
2023-05-10 09:49:15,HO2312-P-2700,HO2312-P-2700,121.0,0.0,0.0,0.0,6,137.2,138.8,1,121.0,138.8,0.0,0.0,0.0,0.0,95
2023-05-10 09:49:18,HO2312-P-2700,HO2312-P-2700,121.0,0.0,0.0,0.0,9,137.2,138.8,1,121.0,138.8,0.0,0.0,0.0,0.0,95
2023-05-10 09:49:20,HO2312-P-2700,HO2312-P-2700,121.0,0.0,0.0,0.0,1,137.6,138.8,1,121.0,138.8,0.0,0.0,0.0,0.0,95
2023-05-10 09:49:54,HO2312-P-2700,HO2312-P-2700,121.0,0.0,0.0,0.0,6,137.2,138.8,1,121.0,138.8,0.0,0.0,0.0,0.0,95
2023-05-10 09:50:00,HO2312-P-2700,HO2312-P-2700,121.0,0.0,0.0,0.0,9,137.2,138.8,1,121.0,138.8,0.0,0.0,0.0,0.0,95
2023-05-10 09:50:00,HO2312-P-2700,HO2312-P-2700,121.0,0.0,0.0,0.0,6,137.2,138.8,1,121.0,138.8,0.0,0.0,0.0,0.0,95
2023-05-10 09:50:02,HO2312-P-2700,HO2312-P-2700,121.0,0.0,0.0,0.0,1,137.8,138.8,1,121.0,138.8,0.0,0.0,0.0,0.0,95
2023-05-10 09:50:10,HO2312-P-2700,HO2312-P-2700,121.0,0.0,0.0,0.0,9,137.2,138.8,1,121.0,138.8,0.0,0.0,0.0,0.0,95
2023-05-10 09:50:13,HO2312-P-2700,HO2312-P-2700,121.0,0.0,0.0,0.0,6,137.2,138.8,1,121.0,138.8,0.0,0.0,0.0,0.0,95
2023-05-10 09:50:14,HO2312-P-2700,HO2312-P-2700,121.0,0.0,0.0,0.0,7,137.0,138.8,1,121.0,138.8,0.0,0.0,0.0,0.0,95
2023-05-10 09:50:14,HO2312-P-2700,HO2312-P-2700,121.0,0.0,0.0,0.0,15,136.8,138.8,1,121.0,138.8,0.0,0.0,0.0,0.0,95
2023-05-10 09:50:15,HO2312-P-2700,HO2312-P-2700,121.0,0.0,0.0,0.0,6,136.8,138.8,1,121.0,138.8,0.0,0.0,0.0,0.0,95
2023-05-10 09:50:15,HO2312-P-2700,HO2312-P-2700,121.0,0.0,0.0,0.0,18,136.6,138.8,1,121.0,138.8,0.0,0.0,0.0,0.0,95
2023-05-10 09:50:16,HO2312-P-2700,HO2312-P-2700,121.0,0.0,0.0,0.0,6,136.6,138.8,1,121.0,138.8,0.0,0.0,0.0,0.0,95
2023-05-10 09:50:16,HO2312-P-2700,HO2312-P-2700,121.0,0.0,0.0,0.0,15,136.4,138.8,1,121.0,138.8,0.0,0.0,0.0,0.0,95
2023-05-10 09:50:17,HO2312-P-2700,HO2312-P-2700,121.0,0.0,0.0,0.0,9,136.4,138.8,1,121.0,138.8,0.0,0.0,0.0,0.0,95
2023-05-10 09:50:17,HO2312-P-2700,HO2312-P-2700,121.0,0.0,0.0,0.0,3,136.4,138.8,1,121.0,138.8,0.0,0.0,0.0,0.0,95
2023-05-10 09:50:19,HO2312-P-2700,HO2312-P-2700,121.0,0.0,0.0,0.0,16,136.2,138.8,1,121.0,138.8,0.0,0.0,0.0,0.0,95
2023-05-10 09:50:19,HO2312-P-2700,HO2312-P-2700,121.0,0.0,0.0,0.0,13,136.2,138.8,1,121.0,138.8,0.0,0.0,0.0,0.0,95
2023-05-10 09:50:22,HO2312-P-2700,HO2312-P-2700,121.0,0.0,0.0,0.0,3,136.4,138.8,1,121.0,138.8,0.0,0.0,0.0,0.0,95
2023-05-10 09:50:22,HO2312-P-2700,HO2312-P-2700,121.0,0.0,0.0,0.0,15,136.2,138.8,1,121.0,138.8,0.0,0.0,0.0,0.0,95
2023-05-10 09:50:23,HO2312-P-2700,HO2312-P-2700,121.0,0.0,0.0,0.0,12,136.2,138.6,1,121.0,138.8,0.0,0.0,0.0,0.0,95
2023-05-10 09:50:23,HO2312-P-2700,HO2312-P-2700,121.0,0.0,0.0,0.0,6,136.2,138.6,1,121.0,138.8,0.0,0.0,0.0,0.0,95
2023-05-10 09:50:30,HO2312-P-2700,HO2312-P-2700,121.0,0.0,0.0,0.0,21,135.8,138.6,1,121.0,138.8,0.0,0.0,0.0,0.0,95
2023-05-10 09:50:31,HO2312-P-2700,HO2312-P-2700,121.0,0.0,0.0,0.0,15,135.8,138.6,1,121.0,138.8,0.0,0.0,0.0,0.0,95
2023-05-10 09:50:31,HO2312-P-2700,HO2312-P-2700,121.0,0.0,0.0,0.0,9,135.8,138.6,1,121.0,138.8,0.0,0.0,0.0,0.0,95
2023-05-10 09:50:32,HO2312-P-2700,HO2312-P-2700,121.0,0.0,0.0,0.0,3,135.8,138.6,1,121.0,138.8,0.0,0.0,0.0,0.0,95
2023-05-10 09:50:33,HO2312-P-2700,HO2312-P-2700,121.0,0.0,0.0,0.0,3,135.8,138.8,1,121.0,138.8,0.0,0.0,0.0,0.0,95
2023-05-10 09:50:45,HO2312-P-2700,HO2312-P-2700,121.0,0.0,0.0,0.0,1,136.4,138.8,1,121.0,138.8,0.0,0.0,0.0,0.0,95
2023-05-10 09:50:48,HO2312-P-2700,HO2312-P-2700,121.0,0.0,0.0,0.0,4,136.4,138.8,1,121.0,138.8,0.0,0.0,0.0,0.0,95
2023-05-10 09:50:49,HO2312-P-2700,HO2312-P-2700,121.0,0.0,0.0,0.0,1,136.4,138.8,1,121.0,138.8,0.0,0.0,0.0,0.0,95
2023-05-10 09:50:50,HO2312-P-2700,HO2312-P-2700,121.0,0.0,0.0,0.0,4,136.4,138.8,1,121.0,138.8,0.0,0.0,0.0,0.0,95
2023-05-10 09:50:53,HO2312-P-2700,HO2312-P-2700,121.0,0.0,0.0,0.0,1,136.4,138.8,1,121.0,138.8,0.0,0.0,0.0,0.0,95
2023-05-10 09:51:02,HO2312-P-2700,HO2312-P-2700,121.0,0.0,0.0,0.0,3,136.6,138.8,1,121.0,138.8,0.0,0.0,0.0,0.0,95
2023-05-10 09:51:06,HO2312-P-2700,HO2312-P-2700,121.0,0.0,0.0,0.0,1,137.0,138.8,1,121.0,138.8,0.0,0.0,0.0,0.0,95
2023-05-10 09:51:12,HO2312-P-2700,HO2312-P-2700,121.0,0.0,0.0,0.0,37,136.2,138.8,1,121.0,138.8,0.0,0.0,0.0,0.0,95
2023-05-10 09:51:12,HO2312-P-2700,HO2312-P-2700,121.0,0.0,0.0,0.0,28,136.2,138.8,1,121.0,138.8,0.0,0.0,0.0,0.0,95
2023-05-10 09:51:14,HO2312-P-2700,HO2312-P-2700,121.0,0.0,0.0,0.0,22,136.2,138.8,1,121.0,138.8,0.0,0.0,0.0,0.0,95
2023-05-10 09:51:15,HO2312-P-2700,HO2312-P-2700,121.0,0.0,0.0,0.0,19,136.2,138.8,1,121.0,138.8,0.0,0.0,0.0,0.0,95
2023-05-10 09:51:16,HO2312-P-2700,HO2312-P-2700,121.0,0.0,0.0,0.0,6,136.2,138.8,1,121.0,138.8,0.0,0.0,0.0,0.0,95
2023-05-10 09:51:17,HO2312-P-2700,HO2312-P-2700,121.0,0.0,0.0,0.0,3,136.0,138.8,1,121.0,138.8,0.0,0.0,0.0,0.0,95
2023-05-10 09:51:17,HO2312-P-2700,HO2312-P-2700,121.0,0.0,0.0,0.0,1,136.2,138.8,1,121.0,138.8,0.0,0.0,0.0,0.0,95
2023-05-10 09:51:21,HO2312-P-2700,HO2312-P-2700,121.0,0.0,0.0,0.0,4,136.2,138.8,1,121.0,138.8,0.0,0.0,0.0,0.0,95
2023-05-10 09:51:24,HO2312-P-2700,HO2312-P-2700,121.0,0.0,0.0,0.0,10,136.2,138.8,1,121.0,138.8,0.0,0.0,0.0,0.0,95
2023-05-10 09:51:25,HO2312-P-2700,HO2312-P-2700,121.0,0.0,0.0,0.0,1,137.0,138.8,1,121.0,138.8,0.0,0.0,0.0,0.0,95
2023-05-10 09:51:32,HO2312-P-2700,HO2312-P-2700,121.0,0.0,0.0,0.0,27,136.2,138.8,1,121.0,138.8,0.0,0.0,0.0,0.0,95
2023-05-10 09:51:32,HO2312-P-2700,HO2312-P-2700,121.0,0.0,0.0,0.0,21,136.2,138.8,1,121.0,138.8,0.0,0.0,0.0,0.0,95
2023-05-10 09:51:37,HO2312-P-2700,HO2312-P-2700,121.0,0.0,0.0,0.0,1,136.8,138.8,1,121.0,138.8,0.0,0.0,0.0,0.0,95
2023-05-10 09:51:37,HO2312-P-2700,HO2312-P-2700,121.0,0.0,0.0,0.0,4,136.8,138.8,1,121.0,138.8,0.0,0.0,0.0,0.0,95
2023-05-10 09:51:38,HO2312-P-2700,HO2312-P-2700,121.0,0.0,0.0,0.0,1,136.8,138.8,1,121.0,138.8,0.0,0.0,0.0,0.0,95
2023-05-10 09:51:59,HO2312-P-2700,HO2312-P-2700,121.0,0.0,0.0,0.0,4,136.8,138.8,1,121.0,138.8,0.0,0.0,0.0,0.0,95
2023-05-10 09:52:00,HO2312-P-2700,HO2312-P-2700,121.0,0.0,0.0,0.0,1,137.6,138.8,1,121.0,138.8,0.0,0.0,0.0,0.0,95
2023-05-10 09:52:16,HO2312-P-2700,HO2312-P-2700,138.8,1.0,13880.0,1.0,1,137.6,140.6,24,121.0,138.8,138.8,138.8,1.0,13880.0,96
2023-05-10 09:52:16,HO2312-P-2700,HO2312-P-2700,138.8,0.0,0.0,0.0,4,137.6,140.6,12,121.0,138.8,138.8,138.8,1.0,13880.0,96
2023-05-10 09:52:17,HO2312-P-2700,HO2312-P-2700,138.8,0.0,0.0,0.0,1,137.6,140.8,18,121.0,138.8,138.8,138.8,1.0,13880.0,96
2023-05-10 09:52:17,HO2312-P-2700,HO2312-P-2700,138.8,0.0,0.0,0.0,1,137.6,140.8,12,121.0,138.8,138.8,138.8,1.0,13880.0,96
2023-05-10 09:52:18,HO2312-P-2700,HO2312-P-2700,138.8,0.0,0.0,0.0,3,137.8,141.2,18,121.0,138.8,138.8,138.8,1.0,13880.0,96
2023-05-10 09:52:18,HO2312-P-2700,HO2312-P-2700,138.8,0.0,0.0,0.0,3,137.8,141.2,12,121.0,138.8,138.8,138.8,1.0,13880.0,96
2023-05-10 09:52:19,HO2312-P-2700,HO2312-P-2700,138.8,0.0,0.0,0.0,3,137.8,141.4,24,121.0,138.8,138.8,138.8,1.0,13880.0,96
2023-05-10 09:52:19,HO2312-P-2700,HO2312-P-2700,138.8,0.0,0.0,0.0,1,138.4,141.4,18,121.0,138.8,138.8,138.8,1.0,13880.0,96
2023-05-10 09:52:20,HO2312-P-2700,HO2312-P-2700,138.8,0.0,0.0,0.0,1,138.4,141.4,21,121.0,138.8,138.8,138.8,1.0,13880.0,96
2023-05-10 09:52:20,HO2312-P-2700,HO2312-P-2700,138.8,0.0,0.0,0.0,1,138.4,141.4,18,121.0,138.8,138.8,138.8,1.0,13880.0,96
2023-05-10 09:52:27,HO2312-P-2700,HO2312-P-2700,138.8,0.0,0.0,0.0,1,138.4,141.4,12,121.0,138.8,138.8,138.8,1.0,13880.0,96
2023-05-10 09:52:27,HO2312-P-2700,HO2312-P-2700,138.8,0.0,0.0,0.0,1,138.4,141.8,3,121.0,138.8,138.8,138.8,1.0,13880.0,96
2023-05-10 09:52:38,HO2312-P-2700,HO2312-P-2700,138.8,0.0,0.0,0.0,1,138.4,141.8,4,121.0,138.8,138.8,138.8,1.0,13880.0,96
2023-05-10 09:52:42,HO2312-P-2700,HO2312-P-2700,138.8,0.0,0.0,0.0,27,137.4,141.8,4,121.0,138.8,138.8,138.8,1.0,13880.0,96
2023-05-10 09:52:42,HO2312-P-2700,HO2312-P-2700,138.8,0.0,0.0,0.0,15,137.4,140.8,1,121.0,138.8,138.8,138.8,1.0,13880.0,96
2023-05-10 09:52:43,HO2312-P-2700,HO2312-P-2700,138.8,0.0,0.0,0.0,9,137.4,140.8,1,121.0,138.8,138.8,138.8,1.0,13880.0,96
2023-05-10 09:52:43,HO2312-P-2700,HO2312-P-2700,138.8,0.0,0.0,0.0,3,137.4,140.8,1,121.0,138.8,138.8,138.8,1.0,13880.0,96
2023-05-10 09:52:47,HO2312-P-2700,HO2312-P-2700,138.8,0.0,0.0,0.0,1,137.8,140.8,1,121.0,138.8,138.8,138.8,1.0,13880.0,96
2023-05-10 09:52:49,HO2312-P-2700,HO2312-P-2700,138.8,0.0,0.0,0.0,1,137.8,141.6,1,121.0,138.8,138.8,138.8,1.0,13880.0,96
2023-05-10 09:52:49,HO2312-P-2700,HO2312-P-2700,138.8,0.0,0.0,0.0,1,137.8,141.6,4,121.0,138.8,138.8,138.8,1.0,13880.0,96
2023-05-10 09:52:50,HO2312-P-2700,HO2312-P-2700,138.8,0.0,0.0,0.0,4,137.8,141.6,4,121.0,138.8,138.8,138.8,1.0,13880.0,96
2023-05-10 09:52:51,HO2312-P-2700,HO2312-P-2700,138.8,0.0,0.0,0.0,4,137.8,141.6,1,121.0,138.8,138.8,138.8,1.0,13880.0,96
2023-05-10 09:52:57,HO2312-P-2700,HO2312-P-2700,138.8,0.0,0.0,0.0,1,138.4,141.6,1,121.0,138.8,138.8,138.8,1.0,13880.0,96
2023-05-10 09:53:03,HO2312-P-2700,HO2312-P-2700,138.8,0.0,0.0,0.0,1,138.4,142.0,18,121.0,138.8,138.8,138.8,1.0,13880.0,96
2023-05-10 09:53:04,HO2312-P-2700,HO2312-P-2700,138.8,0.0,0.0,0.0,1,138.4,142.0,12,121.0,138.8,138.8,138.8,1.0,13880.0,96
2023-05-10 09:53:05,HO2312-P-2700,HO2312-P-2700,138.8,0.0,0.0,0.0,1,138.4,142.2,9,121.0,138.8,138.8,138.8,1.0,13880.0,96
2023-05-10 09:53:05,HO2312-P-2700,HO2312-P-2700,138.8,0.0,0.0,0.0,4,138.4,142.2,3,121.0,138.8,138.8,138.8,1.0,13880.0,96
2023-05-10 09:53:06,HO2312-P-2700,HO2312-P-2700,138.8,0.0,0.0,0.0,4,138.4,142.4,28,121.0,138.8,138.8,138.8,1.0,13880.0,96
2023-05-10 09:53:07,HO2312-P-2700,HO2312-P-2700,138.8,0.0,0.0,0.0,4,138.4,142.4,22,121.0,138.8,138.8,138.8,1.0,13880.0,96
2023-05-10 09:53:10,HO2312-P-2700,HO2312-P-2700,138.8,0.0,0.0,0.0,1,138.4,142.4,22,121.0,138.8,138.8,138.8,1.0,13880.0,96
2023-05-10 09:53:15,HO2312-P-2700,HO2312-P-2700,138.8,0.0,0.0,0.0,1,138.4,142.4,23,121.0,138.8,138.8,138.8,1.0,13880.0,96
2023-05-10 09:53:15,HO2312-P-2700,HO2312-P-2700,138.8,0.0,0.0,0.0,1,138.4,142.0,6,121.0,138.8,138.8,138.8,1.0,13880.0,96
2023-05-10 09:53:16,HO2312-P-2700,HO2312-P-2700,138.8,0.0,0.0,0.0,1,138.4,141.8,3,121.0,138.8,138.8,138.8,1.0,13880.0,96
2023-05-10 09:53:16,HO2312-P-2700,HO2312-P-2700,138.8,0.0,0.0,0.0,1,138.4,141.6,1,121.0,138.8,138.8,138.8,1.0,13880.0,96
2023-05-10 09:53:17,HO2312-P-2700,HO2312-P-2700,138.8,0.0,0.0,0.0,1,138.4,141.4,3,121.0,138.8,138.8,138.8,1.0,13880.0,96
2023-05-10 09:53:17,HO2312-P-2700,HO2312-P-2700,138.8,0.0,0.0,0.0,1,138.4,141.6,5,121.0,138.8,138.8,138.8,1.0,13880.0,96
2023-05-10 09:53:22,HO2312-P-2700,HO2312-P-2700,138.8,0.0,0.0,0.0,1,138.4,141.6,2,121.0,138.8,138.8,138.8,1.0,13880.0,96
2023-05-10 09:53:30,HO2312-P-2700,HO2312-P-2700,138.8,0.0,0.0,0.0,1,138.4,141.6,1,121.0,138.8,138.8,138.8,1.0,13880.0,96
2023-05-10 09:54:06,HO2312-P-2700,HO2312-P-2700,138.8,0.0,0.0,0.0,4,138.4,141.6,1,121.0,138.8,138.8,138.8,1.0,13880.0,96
2023-05-10 09:54:07,HO2312-P-2700,HO2312-P-2700,138.8,0.0,0.0,0.0,1,138.4,141.6,1,121.0,138.8,138.8,138.8,1.0,13880.0,96
2023-05-10 09:54:26,HO2312-P-2700,HO2312-P-2700,138.8,0.0,0.0,0.0,1,138.4,142.2,6,121.0,138.8,138.8,138.8,1.0,13880.0,96
2023-05-10 09:54:26,HO2312-P-2700,HO2312-P-2700,138.8,0.0,0.0,0.0,3,138.6,142.4,21,121.0,138.8,138.8,138.8,1.0,13880.0,96
2023-05-10 09:54:27,HO2312-P-2700,HO2312-P-2700,138.8,0.0,0.0,0.0,3,138.6,142.4,12,121.0,138.8,138.8,138.8,1.0,13880.0,96
2023-05-10 09:54:27,HO2312-P-2700,HO2312-P-2700,138.8,0.0,0.0,0.0,3,138.6,142.6,28,121.0,138.8,138.8,138.8,1.0,13880.0,96
2023-05-10 09:54:28,HO2312-P-2700,HO2312-P-2700,138.8,0.0,0.0,0.0,3,138.6,142.6,22,121.0,138.8,138.8,138.8,1.0,13880.0,96
2023-05-10 09:54:28,HO2312-P-2700,HO2312-P-2700,138.8,0.0,0.0,0.0,4,138.4,142.6,22,121.0,138.8,138.8,138.8,1.0,13880.0,96
2023-05-10 09:54:37,HO2312-P-2700,HO2312-P-2700,138.8,0.0,0.0,0.0,4,138.4,142.6,13,121.0,138.8,138.8,138.8,1.0,13880.0,96
2023-05-10 09:54:37,HO2312-P-2700,HO2312-P-2700,138.8,0.0,0.0,0.0,4,138.4,142.6,7,121.0,138.8,138.8,138.8,1.0,13880.0,96
2023-05-10 09:54:38,HO2312-P-2700,HO2312-P-2700,138.8,0.0,0.0,0.0,4,138.4,142.6,4,121.0,138.8,138.8,138.8,1.0,13880.0,96
2023-05-10 09:54:41,HO2312-P-2700,HO2312-P-2700,138.8,0.0,0.0,0.0,4,138.4,142.6,1,121.0,138.8,138.8,138.8,1.0,13880.0,96
2023-05-10 09:54:42,HO2312-P-2700,HO2312-P-2700,138.8,0.0,0.0,0.0,1,139.2,142.6,1,121.0,138.8,138.8,138.8,1.0,13880.0,96
2023-05-10 09:55:02,HO2312-P-2700,HO2312-P-2700,138.8,0.0,0.0,0.0,3,139.4,142.6,1,121.0,138.8,138.8,138.8,1.0,13880.0,96
2023-05-10 09:55:04,HO2312-P-2700,HO2312-P-2700,138.8,0.0,0.0,0.0,3,139.4,143.0,24,121.0,138.8,138.8,138.8,1.0,13880.0,96
2023-05-10 09:55:05,HO2312-P-2700,HO2312-P-2700,138.8,0.0,0.0,0.0,3,139.4,143.0,12,121.0,138.8,138.8,138.8,1.0,13880.0,96
2023-05-10 09:55:05,HO2312-P-2700,HO2312-P-2700,138.8,0.0,0.0,0.0,3,139.4,143.2,24,121.0,138.8,138.8,138.8,1.0,13880.0,96
2023-05-10 09:55:06,HO2312-P-2700,HO2312-P-2700,138.8,0.0,0.0,0.0,3,139.4,143.2,18,121.0,138.8,138.8,138.8,1.0,13880.0,96
2023-05-10 09:55:06,HO2312-P-2700,HO2312-P-2700,138.8,0.0,0.0,0.0,1,140.0,143.2,12,121.0,138.8,138.8,138.8,1.0,13880.0,96
2023-05-10 09:55:07,HO2312-P-2700,HO2312-P-2700,138.8,0.0,0.0,0.0,1,140.0,143.4,13,121.0,138.8,138.8,138.8,1.0,13880.0,96
2023-05-10 09:55:07,HO2312-P-2700,HO2312-P-2700,138.8,0.0,0.0,0.0,1,140.0,143.2,8,121.0,138.8,138.8,138.8,1.0,13880.0,96
2023-05-10 09:55:08,HO2312-P-2700,HO2312-P-2700,138.8,0.0,0.0,0.0,1,140.0,143.0,2,121.0,138.8,138.8,138.8,1.0,13880.0,96
2023-05-10 09:55:13,HO2312-P-2700,HO2312-P-2700,138.8,0.0,0.0,0.0,1,140.0,143.4,7,121.0,138.8,138.8,138.8,1.0,13880.0,96
2023-05-10 09:55:13,HO2312-P-2700,HO2312-P-2700,138.8,0.0,0.0,0.0,1,140.0,143.4,1,121.0,138.8,138.8,138.8,1.0,13880.0,96
2023-05-10 09:55:32,HO2312-P-2700,HO2312-P-2700,138.8,0.0,0.0,0.0,3,140.2,143.4,1,121.0,138.8,138.8,138.8,1.0,13880.0,96
2023-05-10 09:55:36,HO2312-P-2700,HO2312-P-2700,138.8,0.0,0.0,0.0,4,140.0,143.4,1,121.0,138.8,138.8,138.8,1.0,13880.0,96
2023-05-10 09:55:48,HO2312-P-2700,HO2312-P-2700,138.8,0.0,0.0,0.0,4,140.0,144.0,33,121.0,138.8,138.8,138.8,1.0,13880.0,96
2023-05-10 09:55:48,HO2312-P-2700,HO2312-P-2700,138.8,0.0,0.0,0.0,4,140.0,144.0,22,121.0,138.8,138.8,138.8,1.0,13880.0,96
2023-05-10 09:55:58,HO2312-P-2700,HO2312-P-2700,138.8,0.0,0.0,0.0,4,140.0,144.0,19,121.0,138.8,138.8,138.8,1.0,13880.0,96
2023-05-10 09:55:59,HO2312-P-2700,HO2312-P-2700,138.8,0.0,0.0,0.0,4,140.0,144.0,22,121.0,138.8,138.8,138.8,1.0,13880.0,96
2023-05-10 09:56:03,HO2312-P-2700,HO2312-P-2700,138.8,0.0,0.0,0.0,1,140.0,144.0,22,121.0,138.8,138.8,138.8,1.0,13880.0,96
2023-05-10 09:56:05,HO2312-P-2700,HO2312-P-2700,138.8,0.0,0.0,0.0,1,140.0,143.2,1,121.0,138.8,138.8,138.8,1.0,13880.0,96
2023-05-10 09:56:11,HO2312-P-2700,HO2312-P-2700,138.8,0.0,0.0,0.0,4,140.0,143.2,1,121.0,138.8,138.8,138.8,1.0,13880.0,96
2023-05-10 09:56:15,HO2312-P-2700,HO2312-P-2700,138.8,0.0,0.0,0.0,1,140.0,143.2,1,121.0,138.8,138.8,138.8,1.0,13880.0,96
2023-05-10 09:56:17,HO2312-P-2700,HO2312-P-2700,138.8,0.0,0.0,0.0,3,139.4,143.2,1,121.0,138.8,138.8,138.8,1.0,13880.0,96
2023-05-10 09:56:27,HO2312-P-2700,HO2312-P-2700,138.8,0.0,0.0,0.0,1,140.0,143.2,1,121.0,138.8,138.8,138.8,1.0,13880.0,96
2023-05-10 09:56:27,HO2312-P-2700,HO2312-P-2700,138.8,0.0,0.0,0.0,4,140.0,143.2,1,121.0,138.8,138.8,138.8,1.0,13880.0,96
2023-05-10 09:56:40,HO2312-P-2700,HO2312-P-2700,138.8,0.0,0.0,0.0,3,140.0,143.2,1,121.0,138.8,138.8,138.8,1.0,13880.0,96
2023-05-10 09:56:41,HO2312-P-2700,HO2312-P-2700,138.8,0.0,0.0,0.0,3,139.6,143.2,1,121.0,138.8,138.8,138.8,1.0,13880.0,96
2023-05-10 09:57:00,HO2312-P-2700,HO2312-P-2700,138.8,0.0,0.0,0.0,6,139.8,143.2,1,121.0,138.8,138.8,138.8,1.0,13880.0,96
2023-05-10 09:57:01,HO2312-P-2700,HO2312-P-2700,138.8,0.0,0.0,0.0,3,140.0,143.2,1,121.0,138.8,138.8,138.8,1.0,13880.0,96
2023-05-10 09:57:06,HO2312-P-2700,HO2312-P-2700,138.8,0.0,0.0,0.0,9,139.8,143.2,7,121.0,138.8,138.8,138.8,1.0,13880.0,96
2023-05-10 09:57:10,HO2312-P-2700,HO2312-P-2700,138.8,0.0,0.0,0.0,9,139.8,142.6,1,121.0,138.8,138.8,138.8,1.0,13880.0,96
2023-05-10 09:57:45,HO2312-P-2700,HO2312-P-2700,138.8,0.0,0.0,0.0,15,139.8,142.6,1,121.0,138.8,138.8,138.8,1.0,13880.0,96
2023-05-10 09:57:45,HO2312-P-2700,HO2312-P-2700,138.8,0.0,0.0,0.0,21,139.8,142.6,1,121.0,138.8,138.8,138.8,1.0,13880.0,96
2023-05-10 09:58:05,HO2312-P-2700,HO2312-P-2700,138.8,0.0,0.0,0.0,15,139.8,142.6,1,121.0,138.8,138.8,138.8,1.0,13880.0,96
2023-05-10 09:58:18,HO2312-P-2700,HO2312-P-2700,138.8,0.0,0.0,0.0,12,139.8,142.6,1,121.0,138.8,138.8,138.8,1.0,13880.0,96
2023-05-10 09:58:18,HO2312-P-2700,HO2312-P-2700,138.8,0.0,0.0,0.0,6,139.8,142.6,1,121.0,138.8,138.8,138.8,1.0,13880.0,96
2023-05-10 09:58:19,HO2312-P-2700,HO2312-P-2700,138.8,0.0,0.0,0.0,9,139.8,142.6,1,121.0,138.8,138.8,138.8,1.0,13880.0,96
2023-05-10 09:58:27,HO2312-P-2700,HO2312-P-2700,138.8,0.0,0.0,0.0,6,139.8,142.6,1,121.0,138.8,138.8,138.8,1.0,13880.0,96
2023-05-10 09:58:54,HO2312-P-2700,HO2312-P-2700,138.8,0.0,0.0,0.0,3,140.0,142.6,1,121.0,138.8,138.8,138.8,1.0,13880.0,96
2023-05-10 09:58:55,HO2312-P-2700,HO2312-P-2700,138.8,0.0,0.0,0.0,9,139.8,142.6,1,121.0,138.8,138.8,138.8,1.0,13880.0,96
2023-05-10 09:59:07,HO2312-P-2700,HO2312-P-2700,138.8,0.0,0.0,0.0,15,139.8,142.6,1,121.0,138.8,138.8,138.8,1.0,13880.0,96
2023-05-10 09:59:09,HO2312-P-2700,HO2312-P-2700,138.8,0.0,0.0,0.0,15,139.8,143.4,1,121.0,138.8,138.8,138.8,1.0,13880.0,96
2023-05-10 09:59:29,HO2312-P-2700,HO2312-P-2700,138.8,0.0,0.0,0.0,9,139.8,143.4,1,121.0,138.8,138.8,138.8,1.0,13880.0,96
2023-05-10 09:59:30,HO2312-P-2700,HO2312-P-2700,138.8,0.0,0.0,0.0,6,139.8,143.4,1,121.0,138.8,138.8,138.8,1.0,13880.0,96
2023-05-10 09:59:31,HO2312-P-2700,HO2312-P-2700,138.8,0.0,0.0,0.0,9,139.8,143.4,1,121.0,138.8,138.8,138.8,1.0,13880.0,96
2023-05-10 09:59:31,HO2312-P-2700,HO2312-P-2700,138.8,0.0,0.0,0.0,6,139.8,143.4,1,121.0,138.8,138.8,138.8,1.0,13880.0,96
2023-05-10 09:59:33,HO2312-P-2700,HO2312-P-2700,138.8,0.0,0.0,0.0,6,139.8,143.4,4,121.0,138.8,138.8,138.8,1.0,13880.0,96
2023-05-10 09:59:34,HO2312-P-2700,HO2312-P-2700,138.8,0.0,0.0,0.0,9,139.4,142.4,1,121.0,138.8,138.8,138.8,1.0,13880.0,96
2023-05-10 09:59:34,HO2312-P-2700,HO2312-P-2700,138.8,0.0,0.0,0.0,3,139.4,142.4,1,121.0,138.8,138.8,138.8,1.0,13880.0,96
2023-05-10 10:00:06,HO2312-P-2700,HO2312-P-2700,138.8,0.0,0.0,0.0,3,139.2,142.4,1,121.0,138.8,138.8,138.8,1.0,13880.0,96
2023-05-10 10:00:08,HO2312-P-2700,HO2312-P-2700,138.8,0.0,0.0,0.0,21,139.0,142.4,1,121.0,138.8,138.8,138.8,1.0,13880.0,96
2023-05-10 10:00:09,HO2312-P-2700,HO2312-P-2700,138.8,0.0,0.0,0.0,12,139.0,142.4,1,121.0,138.8,138.8,138.8,1.0,13880.0,96
2023-05-10 10:00:09,HO2312-P-2700,HO2312-P-2700,138.8,0.0,0.0,0.0,18,138.8,142.4,1,121.0,138.8,138.8,138.8,1.0,13880.0,96
2023-05-10 10:00:10,HO2312-P-2700,HO2312-P-2700,138.8,0.0,0.0,0.0,12,138.8,142.4,1,121.0,138.8,138.8,138.8,1.0,13880.0,96
2023-05-10 10:00:10,HO2312-P-2700,HO2312-P-2700,138.8,0.0,0.0,0.0,21,138.6,142.4,1,121.0,138.8,138.8,138.8,1.0,13880.0,96
2023-05-10 10:00:11,HO2312-P-2700,HO2312-P-2700,138.8,0.0,0.0,0.0,15,138.6,142.4,1,121.0,138.8,138.8,138.8,1.0,13880.0,96
2023-05-10 10:00:11,HO2312-P-2700,HO2312-P-2700,138.8,0.0,0.0,0.0,9,138.6,142.4,1,121.0,138.8,138.8,138.8,1.0,13880.0,96
2023-05-10 10:00:12,HO2312-P-2700,HO2312-P-2700,138.8,0.0,0.0,0.0,3,138.6,142.4,1,121.0,138.8,138.8,138.8,1.0,13880.0,96
2023-05-10 10:00:14,HO2312-P-2700,HO2312-P-2700,138.8,0.0,0.0,0.0,21,138.4,142.4,1,121.0,138.8,138.8,138.8,1.0,13880.0,96
2023-05-10 10:00:14,HO2312-P-2700,HO2312-P-2700,138.8,0.0,0.0,0.0,21,138.4,142.4,4,121.0,138.8,138.8,138.8,1.0,13880.0,96
2023-05-10 10:00:15,HO2312-P-2700,HO2312-P-2700,138.8,0.0,0.0,0.0,21,138.4,141.6,1,121.0,138.8,138.8,138.8,1.0,13880.0,96
2023-05-10 10:00:16,HO2312-P-2700,HO2312-P-2700,138.8,0.0,0.0,0.0,15,138.4,141.6,1,121.0,138.8,138.8,138.8,1.0,13880.0,96
2023-05-10 10:00:29,HO2312-P-2700,HO2312-P-2700,138.8,0.0,0.0,0.0,6,138.4,141.6,1,121.0,138.8,138.8,138.8,1.0,13880.0,96
2023-05-10 10:00:29,HO2312-P-2700,HO2312-P-2700,138.8,0.0,0.0,0.0,27,138.2,141.6,1,121.0,138.8,138.8,138.8,1.0,13880.0,96
2023-05-10 10:00:30,HO2312-P-2700,HO2312-P-2700,138.8,0.0,0.0,0.0,21,138.2,141.6,1,121.0,138.8,138.8,138.8,1.0,13880.0,96
2023-05-10 10:00:30,HO2312-P-2700,HO2312-P-2700,138.8,0.0,0.0,0.0,15,138.2,141.6,1,121.0,138.8,138.8,138.8,1.0,13880.0,96
2023-05-10 10:00:31,HO2312-P-2700,HO2312-P-2700,138.8,0.0,0.0,0.0,9,138.2,141.6,1,121.0,138.8,138.8,138.8,1.0,13880.0,96
2023-05-10 10:00:31,HO2312-P-2700,HO2312-P-2700,138.8,0.0,0.0,0.0,3,138.2,141.6,1,121.0,138.8,138.8,138.8,1.0,13880.0,96
2023-05-10 10:00:52,HO2312-P-2700,HO2312-P-2700,138.8,0.0,0.0,0.0,15,138.0,141.6,1,121.0,138.8,138.8,138.8,1.0,13880.0,96
2023-05-10 10:00:53,HO2312-P-2700,HO2312-P-2700,138.8,0.0,0.0,0.0,9,138.0,141.6,1,121.0,138.8,138.8,138.8,1.0,13880.0,96
2023-05-10 10:00:53,HO2312-P-2700,HO2312-P-2700,138.8,0.0,0.0,0.0,3,138.0,141.6,1,121.0,138.8,138.8,138.8,1.0,13880.0,96
2023-05-10 10:01:24,HO2312-P-2700,HO2312-P-2700,138.8,0.0,0.0,0.0,1,138.4,141.6,1,121.0,138.8,138.8,138.8,1.0,13880.0,96
2023-05-10 10:01:24,HO2312-P-2700,HO2312-P-2700,138.8,0.0,0.0,0.0,4,138.4,141.6,1,121.0,138.8,138.8,138.8,1.0,13880.0,96
2023-05-10 10:01:28,HO2312-P-2700,HO2312-P-2700,138.8,0.0,0.0,0.0,1,138.4,141.6,1,121.0,138.8,138.8,138.8,1.0,13880.0,96
2023-05-10 10:01:38,HO2312-P-2700,HO2312-P-2700,138.8,0.0,0.0,0.0,1,138.4,141.6,4,121.0,138.8,138.8,138.8,1.0,13880.0,96
2023-05-10 10:01:39,HO2312-P-2700,HO2312-P-2700,138.8,0.0,0.0,0.0,1,138.4,141.6,1,121.0,138.8,138.8,138.8,1.0,13880.0,96
2023-05-10 10:01:53,HO2312-P-2700,HO2312-P-2700,138.8,0.0,0.0,0.0,3,137.8,141.6,1,121.0,138.8,138.8,138.8,1.0,13880.0,96
2023-05-10 10:01:54,HO2312-P-2700,HO2312-P-2700,138.8,0.0,0.0,0.0,3,137.8,141.6,4,121.0,138.8,138.8,138.8,1.0,13880.0,96
2023-05-10 10:01:54,HO2312-P-2700,HO2312-P-2700,138.8,0.0,0.0,0.0,28,137.6,141.6,4,121.0,138.8,138.8,138.8,1.0,13880.0,96
2023-05-10 10:01:55,HO2312-P-2700,HO2312-P-2700,138.8,0.0,0.0,0.0,22,137.6,141.6,4,121.0,138.8,138.8,138.8,1.0,13880.0,96
2023-05-10 10:01:57,HO2312-P-2700,HO2312-P-2700,138.8,0.0,0.0,0.0,16,137.6,141.6,4,121.0,138.8,138.8,138.8,1.0,13880.0,96
2023-05-10 10:02:02,HO2312-P-2700,HO2312-P-2700,138.8,0.0,0.0,0.0,16,137.6,141.6,1,121.0,138.8,138.8,138.8,1.0,13880.0,96
2023-05-10 10:02:31,HO2312-P-2700,HO2312-P-2700,138.8,0.0,0.0,0.0,10,137.6,141.6,2,121.0,138.8,138.8,138.8,1.0,13880.0,96
2023-05-10 10:02:31,HO2312-P-2700,HO2312-P-2700,138.8,0.0,0.0,0.0,4,137.6,141.4,3,121.0,138.8,138.8,138.8,1.0,13880.0,96
2023-05-10 10:02:32,HO2312-P-2700,HO2312-P-2700,138.8,0.0,0.0,0.0,3,137.6,140.8,1,121.0,138.8,138.8,138.8,1.0,13880.0,96
2023-05-10 10:02:33,HO2312-P-2700,HO2312-P-2700,138.8,0.0,0.0,0.0,21,137.4,140.8,1,121.0,138.8,138.8,138.8,1.0,13880.0,96
2023-05-10 10:02:34,HO2312-P-2700,HO2312-P-2700,138.8,0.0,0.0,0.0,15,137.4,140.8,1,121.0,138.8,138.8,138.8,1.0,13880.0,96
2023-05-10 10:02:43,HO2312-P-2700,HO2312-P-2700,138.8,0.0,0.0,0.0,21,137.4,140.8,1,121.0,138.8,138.8,138.8,1.0,13880.0,96
2023-05-10 10:03:01,HO2312-P-2700,HO2312-P-2700,138.8,0.0,0.0,0.0,1,137.6,140.8,1,121.0,138.8,138.8,138.8,1.0,13880.0,96
2023-05-10 10:03:01,HO2312-P-2700,HO2312-P-2700,138.8,0.0,0.0,0.0,3,137.8,140.8,1,121.0,138.8,138.8,138.8,1.0,13880.0,96
2023-05-10 10:03:06,HO2312-P-2700,HO2312-P-2700,138.8,0.0,0.0,0.0,4,137.6,140.8,1,121.0,138.8,138.8,138.8,1.0,13880.0,96
2023-05-10 10:03:07,HO2312-P-2700,HO2312-P-2700,138.8,0.0,0.0,0.0,1,137.6,140.8,1,121.0,138.8,138.8,138.8,1.0,13880.0,96
2023-05-10 10:03:08,HO2312-P-2700,HO2312-P-2700,138.8,0.0,0.0,0.0,21,137.4,140.8,1,121.0,138.8,138.8,138.8,1.0,13880.0,96
2023-05-10 10:03:09,HO2312-P-2700,HO2312-P-2700,138.8,0.0,0.0,0.0,12,137.4,140.8,1,121.0,138.8,138.8,138.8,1.0,13880.0,96
2023-05-10 10:03:09,HO2312-P-2700,HO2312-P-2700,138.8,0.0,0.0,0.0,18,137.2,140.8,1,121.0,138.8,138.8,138.8,1.0,13880.0,96
2023-05-10 10:03:10,HO2312-P-2700,HO2312-P-2700,138.8,0.0,0.0,0.0,12,137.2,140.8,4,121.0,138.8,138.8,138.8,1.0,13880.0,96
2023-05-10 10:03:10,HO2312-P-2700,HO2312-P-2700,138.8,0.0,0.0,0.0,6,137.2,140.8,4,121.0,138.8,138.8,138.8,1.0,13880.0,96
2023-05-10 10:03:11,HO2312-P-2700,HO2312-P-2700,138.8,0.0,0.0,0.0,6,137.2,140.0,1,121.0,138.8,138.8,138.8,1.0,13880.0,96
2023-05-10 10:03:27,HO2312-P-2700,HO2312-P-2700,138.8,0.0,0.0,0.0,6,137.2,141.0,1,121.0,138.8,138.8,138.8,1.0,13880.0,96
2023-05-10 10:03:27,HO2312-P-2700,HO2312-P-2700,138.8,0.0,0.0,0.0,6,137.2,140.8,3,121.0,138.8,138.8,138.8,1.0,13880.0,96
2023-05-10 10:03:33,HO2312-P-2700,HO2312-P-2700,138.8,0.0,0.0,0.0,6,137.2,139.4,1,121.0,138.8,138.8,138.8,1.0,13880.0,96
2023-05-10 10:03:35,HO2312-P-2700,HO2312-P-2700,138.8,0.0,0.0,0.0,21,136.8,139.4,1,121.0,138.8,138.8,138.8,1.0,13880.0,96
2023-05-10 10:03:35,HO2312-P-2700,HO2312-P-2700,138.8,0.0,0.0,0.0,15,136.8,139.4,1,121.0,138.8,138.8,138.8,1.0,13880.0,96
2023-05-10 10:03:36,HO2312-P-2700,HO2312-P-2700,138.8,0.0,0.0,0.0,9,136.8,139.4,1,121.0,138.8,138.8,138.8,1.0,13880.0,96
2023-05-10 10:03:36,HO2312-P-2700,HO2312-P-2700,138.8,0.0,0.0,0.0,3,136.8,139.4,1,121.0,138.8,138.8,138.8,1.0,13880.0,96
2023-05-10 10:03:37,HO2312-P-2700,HO2312-P-2700,138.8,0.0,0.0,0.0,3,136.8,140.2,1,121.0,138.8,138.8,138.8,1.0,13880.0,96
2023-05-10 10:04:29,HO2312-P-2700,HO2312-P-2700,138.8,0.0,0.0,0.0,1,137.2,140.2,1,121.0,138.8,138.8,138.8,1.0,13880.0,96
2023-05-10 10:04:29,HO2312-P-2700,HO2312-P-2700,138.8,0.0,0.0,0.0,10,137.2,141.2,15,121.0,138.8,138.8,138.8,1.0,13880.0,96
2023-05-10 10:04:30,HO2312-P-2700,HO2312-P-2700,138.8,0.0,0.0,0.0,16,137.2,141.0,1,121.0,138.8,138.8,138.8,1.0,13880.0,96
2023-05-10 10:04:30,HO2312-P-2700,HO2312-P-2700,138.8,0.0,0.0,0.0,22,137.2,141.0,1,121.0,138.8,138.8,138.8,1.0,13880.0,96
2023-05-10 10:04:44,HO2312-P-2700,HO2312-P-2700,138.8,0.0,0.0,0.0,16,137.2,141.0,1,121.0,138.8,138.8,138.8,1.0,13880.0,96
2023-05-10 10:05:11,HO2312-P-2700,HO2312-P-2700,138.8,0.0,0.0,0.0,1,138.0,141.0,1,121.0,138.8,138.8,138.8,1.0,13880.0,96
2023-05-10 10:05:26,HO2312-P-2700,HO2312-P-2700,138.8,0.0,0.0,0.0,21,137.2,141.0,1,121.0,138.8,138.8,138.8,1.0,13880.0,96
2023-05-10 10:05:27,HO2312-P-2700,HO2312-P-2700,138.8,0.0,0.0,0.0,15,137.2,141.0,1,121.0,138.8,138.8,138.8,1.0,13880.0,96
2023-05-10 10:05:27,HO2312-P-2700,HO2312-P-2700,138.8,0.0,0.0,0.0,12,137.2,141.0,1,121.0,138.8,138.8,138.8,1.0,13880.0,96
2023-05-10 10:05:28,HO2312-P-2700,HO2312-P-2700,138.8,0.0,0.0,0.0,6,137.2,140.8,3,121.0,138.8,138.8,138.8,1.0,13880.0,96
2023-05-10 10:05:32,HO2312-P-2700,HO2312-P-2700,138.8,0.0,0.0,0.0,6,137.2,140.4,1,121.0,138.8,138.8,138.8,1.0,13880.0,96
2023-05-10 10:05:41,HO2312-P-2700,HO2312-P-2700,138.8,0.0,0.0,0.0,9,137.2,140.4,1,121.0,138.8,138.8,138.8,1.0,13880.0,96
2023-05-10 10:06:08,HO2312-P-2700,HO2312-P-2700,138.8,0.0,0.0,0.0,6,137.2,140.4,1,121.0,138.8,138.8,138.8,1.0,13880.0,96
2023-05-10 10:06:13,HO2312-P-2700,HO2312-P-2700,138.8,0.0,0.0,0.0,7,137.0,140.4,1,121.0,138.8,138.8,138.8,1.0,13880.0,96
2023-05-10 10:06:13,HO2312-P-2700,HO2312-P-2700,138.8,0.0,0.0,0.0,1,137.0,140.4,1,121.0,138.8,138.8,138.8,1.0,13880.0,96
2023-05-10 10:06:28,HO2312-P-2700,HO2312-P-2700,138.8,0.0,0.0,0.0,4,137.0,140.4,1,121.0,138.8,138.8,138.8,1.0,13880.0,96
2023-05-10 10:06:36,HO2312-P-2700,HO2312-P-2700,138.8,0.0,0.0,0.0,15,136.8,140.4,1,121.0,138.8,138.8,138.8,1.0,13880.0,96
2023-05-10 10:06:37,HO2312-P-2700,HO2312-P-2700,138.8,0.0,0.0,0.0,9,136.8,140.4,1,121.0,138.8,138.8,138.8,1.0,13880.0,96
2023-05-10 10:06:37,HO2312-P-2700,HO2312-P-2700,138.8,0.0,0.0,0.0,3,136.8,140.4,1,121.0,138.8,138.8,138.8,1.0,13880.0,96
2023-05-10 10:06:54,HO2312-P-2700,HO2312-P-2700,138.8,0.0,0.0,0.0,27,136.6,140.4,1,121.0,138.8,138.8,138.8,1.0,13880.0,96
2023-05-10 10:06:55,HO2312-P-2700,HO2312-P-2700,138.8,0.0,0.0,0.0,21,136.6,140.4,1,121.0,138.8,138.8,138.8,1.0,13880.0,96
2023-05-10 10:06:56,HO2312-P-2700,HO2312-P-2700,138.8,0.0,0.0,0.0,15,136.6,140.4,1,121.0,138.8,138.8,138.8,1.0,13880.0,96
2023-05-10 10:06:58,HO2312-P-2700,HO2312-P-2700,138.8,0.0,0.0,0.0,15,136.6,140.4,4,121.0,138.8,138.8,138.8,1.0,13880.0,96
2023-05-10 10:06:58,HO2312-P-2700,HO2312-P-2700,138.8,0.0,0.0,0.0,15,136.6,139.6,1,121.0,138.8,138.8,138.8,1.0,13880.0,96
2023-05-10 10:07:00,HO2312-P-2700,HO2312-P-2700,138.8,0.0,0.0,0.0,6,136.6,139.6,1,121.0,138.8,138.8,138.8,1.0,13880.0,96
2023-05-10 10:07:01,HO2312-P-2700,HO2312-P-2700,138.8,0.0,0.0,0.0,31,136.2,139.6,1,121.0,138.8,138.8,138.8,1.0,13880.0,96
2023-05-10 10:07:01,HO2312-P-2700,HO2312-P-2700,138.8,0.0,0.0,0.0,22,136.2,139.6,1,121.0,138.8,138.8,138.8,1.0,13880.0,96
2023-05-10 10:07:04,HO2312-P-2700,HO2312-P-2700,138.8,0.0,0.0,0.0,28,136.2,139.6,1,121.0,138.8,138.8,138.8,1.0,13880.0,96
2023-05-10 10:07:19,HO2312-P-2700,HO2312-P-2700,138.8,0.0,0.0,0.0,28,136.2,140.4,2,121.0,138.8,138.8,138.8,1.0,13880.0,96
2023-05-10 10:07:22,HO2312-P-2700,HO2312-P-2700,138.8,0.0,0.0,0.0,28,136.2,139.2,1,121.0,138.8,138.8,138.8,1.0,13880.0,96
2023-05-10 10:07:24,HO2312-P-2700,HO2312-P-2700,138.8,0.0,0.0,0.0,27,136.2,139.2,1,121.0,138.8,138.8,138.8,1.0,13880.0,96
2023-05-10 10:07:27,HO2312-P-2700,HO2312-P-2700,138.8,0.0,0.0,0.0,27,136.2,140.4,4,121.0,138.8,138.8,138.8,1.0,13880.0,96
2023-05-10 10:07:27,HO2312-P-2700,HO2312-P-2700,138.8,0.0,0.0,0.0,27,136.2,140.2,1,121.0,138.8,138.8,138.8,1.0,13880.0,96
2023-05-10 10:07:28,HO2312-P-2700,HO2312-P-2700,138.8,0.0,0.0,0.0,1,137.4,140.2,1,121.0,138.8,138.8,138.8,1.0,13880.0,96
2023-05-10 10:07:30,HO2312-P-2700,HO2312-P-2700,138.8,0.0,0.0,0.0,1,137.4,140.4,3,121.0,138.8,138.8,138.8,1.0,13880.0,96
2023-05-10 10:07:32,HO2312-P-2700,HO2312-P-2700,138.8,0.0,0.0,0.0,1,137.4,140.6,3,121.0,138.8,138.8,138.8,1.0,13880.0,96
2023-05-10 10:07:35,HO2312-P-2700,HO2312-P-2700,138.8,0.0,0.0,0.0,1,137.4,140.8,5,121.0,138.8,138.8,138.8,1.0,13880.0,96
2023-05-10 10:07:41,HO2312-P-2700,HO2312-P-2700,138.8,0.0,0.0,0.0,1,137.4,140.8,2,121.0,138.8,138.8,138.8,1.0,13880.0,96
2023-05-10 10:07:42,HO2312-P-2700,HO2312-P-2700,138.8,0.0,0.0,0.0,1,137.4,140.8,1,121.0,138.8,138.8,138.8,1.0,13880.0,96
2023-05-10 10:07:58,HO2312-P-2700,HO2312-P-2700,138.8,0.0,0.0,0.0,3,137.6,140.8,1,121.0,138.8,138.8,138.8,1.0,13880.0,96
2023-05-10 10:07:59,HO2312-P-2700,HO2312-P-2700,138.8,0.0,0.0,0.0,4,137.4,140.8,1,121.0,138.8,138.8,138.8,1.0,13880.0,96
2023-05-10 10:08:00,HO2312-P-2700,HO2312-P-2700,138.8,0.0,0.0,0.0,4,137.4,141.0,12,121.0,138.8,138.8,138.8,1.0,13880.0,96
2023-05-10 10:08:01,HO2312-P-2700,HO2312-P-2700,138.8,0.0,0.0,0.0,4,137.4,141.2,18,121.0,138.8,138.8,138.8,1.0,13880.0,96
2023-05-10 10:08:01,HO2312-P-2700,HO2312-P-2700,138.8,0.0,0.0,0.0,4,137.4,141.2,12,121.0,138.8,138.8,138.8,1.0,13880.0,96
2023-05-10 10:08:02,HO2312-P-2700,HO2312-P-2700,138.8,0.0,0.0,0.0,4,137.4,141.4,27,121.0,138.8,138.8,138.8,1.0,13880.0,96
2023-05-10 10:08:02,HO2312-P-2700,HO2312-P-2700,138.8,0.0,0.0,0.0,4,137.4,141.4,15,121.0,138.8,138.8,138.8,1.0,13880.0,96
2023-05-10 10:08:03,HO2312-P-2700,HO2312-P-2700,138.8,0.0,0.0,0.0,1,138.0,141.4,9,121.0,138.8,138.8,138.8,1.0,13880.0,96
2023-05-10 10:08:03,HO2312-P-2700,HO2312-P-2700,138.8,0.0,0.0,0.0,1,138.0,141.4,3,121.0,138.8,138.8,138.8,1.0,13880.0,96
2023-05-10 10:08:04,HO2312-P-2700,HO2312-P-2700,138.8,0.0,0.0,0.0,1,138.0,141.6,34,121.0,138.8,138.8,138.8,1.0,13880.0,96
2023-05-10 10:08:05,HO2312-P-2700,HO2312-P-2700,138.8,0.0,0.0,0.0,1,138.0,141.6,28,121.0,138.8,138.8,138.8,1.0,13880.0,96
2023-05-10 10:08:05,HO2312-P-2700,HO2312-P-2700,138.8,0.0,0.0,0.0,1,138.0,141.6,25,121.0,138.8,138.8,138.8,1.0,13880.0,96
2023-05-10 10:08:16,HO2312-P-2700,HO2312-P-2700,138.8,0.0,0.0,0.0,1,138.0,141.6,19,121.0,138.8,138.8,138.8,1.0,13880.0,96
2023-05-10 10:08:16,HO2312-P-2700,HO2312-P-2700,138.8,0.0,0.0,0.0,4,138.0,141.6,19,121.0,138.8,138.8,138.8,1.0,13880.0,96
2023-05-10 10:08:22,HO2312-P-2700,HO2312-P-2700,138.8,0.0,0.0,0.0,4,138.0,141.6,13,121.0,138.8,138.8,138.8,1.0,13880.0,96
2023-05-10 10:08:25,HO2312-P-2700,HO2312-P-2700,138.8,0.0,0.0,0.0,1,138.6,141.6,13,121.0,138.8,138.8,138.8,1.0,13880.0,96
2023-05-10 10:08:26,HO2312-P-2700,HO2312-P-2700,138.8,0.0,0.0,0.0,1,138.6,141.6,7,121.0,138.8,138.8,138.8,1.0,13880.0,96
2023-05-10 10:08:27,HO2312-P-2700,HO2312-P-2700,138.8,0.0,0.0,0.0,1,138.6,141.6,1,121.0,138.8,138.8,138.8,1.0,13880.0,96
2023-05-10 10:08:44,HO2312-P-2700,HO2312-P-2700,138.8,0.0,0.0,0.0,12,138.2,141.6,1,121.0,138.8,138.8,138.8,1.0,13880.0,96
2023-05-10 10:08:45,HO2312-P-2700,HO2312-P-2700,138.8,0.0,0.0,0.0,22,137.8,141.6,1,121.0,138.8,138.8,138.8,1.0,13880.0,96
2023-05-10 10:08:45,HO2312-P-2700,HO2312-P-2700,138.8,0.0,0.0,0.0,16,137.8,141.6,1,121.0,138.8,138.8,138.8,1.0,13880.0,96
2023-05-10 10:08:46,HO2312-P-2700,HO2312-P-2700,138.8,0.0,0.0,0.0,13,137.8,141.6,1,121.0,138.8,138.8,138.8,1.0,13880.0,96
2023-05-10 10:08:47,HO2312-P-2700,HO2312-P-2700,138.8,0.0,0.0,0.0,7,137.8,141.6,1,121.0,138.8,138.8,138.8,1.0,13880.0,96
2023-05-10 10:08:47,HO2312-P-2700,HO2312-P-2700,138.8,0.0,0.0,0.0,4,137.8,141.6,1,121.0,138.8,138.8,138.8,1.0,13880.0,96
2023-05-10 10:08:52,HO2312-P-2700,HO2312-P-2700,138.8,0.0,0.0,0.0,3,137.8,141.6,1,121.0,138.8,138.8,138.8,1.0,13880.0,96
2023-05-10 10:09:09,HO2312-P-2700,HO2312-P-2700,138.8,0.0,0.0,0.0,4,137.8,141.6,1,121.0,138.8,138.8,138.8,1.0,13880.0,96
2023-05-10 10:09:56,HO2312-P-2700,HO2312-P-2700,138.8,0.0,0.0,0.0,1,138.4,141.6,1,121.0,138.8,138.8,138.8,1.0,13880.0,96
2023-05-10 10:09:56,HO2312-P-2700,HO2312-P-2700,138.8,0.0,0.0,0.0,3,138.6,141.6,1,121.0,138.8,138.8,138.8,1.0,13880.0,96
2023-05-10 10:10:00,HO2312-P-2700,HO2312-P-2700,138.8,0.0,0.0,0.0,4,138.4,141.6,1,121.0,138.8,138.8,138.8,1.0,13880.0,96
2023-05-10 10:10:01,HO2312-P-2700,HO2312-P-2700,138.8,0.0,0.0,0.0,4,138.4,142.4,22,121.0,138.8,138.8,138.8,1.0,13880.0,96
2023-05-10 10:10:02,HO2312-P-2700,HO2312-P-2700,138.8,0.0,0.0,0.0,4,138.4,142.4,13,121.0,138.8,138.8,138.8,1.0,13880.0,96
2023-05-10 10:10:02,HO2312-P-2700,HO2312-P-2700,138.8,0.0,0.0,0.0,4,138.4,142.4,7,121.0,138.8,138.8,138.8,1.0,13880.0,96
2023-05-10 10:10:03,HO2312-P-2700,HO2312-P-2700,138.8,0.0,0.0,0.0,4,138.4,142.4,1,121.0,138.8,138.8,138.8,1.0,13880.0,96
2023-05-10 10:10:18,HO2312-P-2700,HO2312-P-2700,138.8,0.0,0.0,0.0,1,139.4,142.4,1,121.0,138.8,138.8,138.8,1.0,13880.0,96
2023-05-10 10:10:22,HO2312-P-2700,HO2312-P-2700,138.8,0.0,0.0,0.0,3,138.4,142.4,1,121.0,138.8,138.8,138.8,1.0,13880.0,96
2023-05-10 10:10:27,HO2312-P-2700,HO2312-P-2700,138.8,0.0,0.0,0.0,1,139.0,142.4,1,121.0,138.8,138.8,138.8,1.0,13880.0,96
2023-05-10 10:10:27,HO2312-P-2700,HO2312-P-2700,138.8,0.0,0.0,0.0,3,139.2,142.4,1,121.0,138.8,138.8,138.8,1.0,13880.0,96
2023-05-10 10:10:28,HO2312-P-2700,HO2312-P-2700,138.8,0.0,0.0,0.0,4,139.0,142.4,1,121.0,138.8,138.8,138.8,1.0,13880.0,96
2023-05-10 10:10:33,HO2312-P-2700,HO2312-P-2700,138.8,0.0,0.0,0.0,1,139.0,142.4,1,121.0,138.8,138.8,138.8,1.0,13880.0,96
2023-05-10 10:10:33,HO2312-P-2700,HO2312-P-2700,138.8,0.0,0.0,0.0,3,138.4,142.4,1,121.0,138.8,138.8,138.8,1.0,13880.0,96
2023-05-10 10:10:34,HO2312-P-2700,HO2312-P-2700,138.8,0.0,0.0,0.0,3,138.4,142.4,4,121.0,138.8,138.8,138.8,1.0,13880.0,96
2023-05-10 10:10:36,HO2312-P-2700,HO2312-P-2700,138.8,0.0,0.0,0.0,3,138.4,142.4,1,121.0,138.8,138.8,138.8,1.0,13880.0,96
2023-05-10 10:10:40,HO2312-P-2700,HO2312-P-2700,138.8,0.0,0.0,0.0,1,139.0,142.4,1,121.0,138.8,138.8,138.8,1.0,13880.0,96
2023-05-10 10:10:51,HO2312-P-2700,HO2312-P-2700,138.8,0.0,0.0,0.0,3,139.2,142.4,1,121.0,138.8,138.8,138.8,1.0,13880.0,96
2023-05-10 10:11:09,HO2312-P-2700,HO2312-P-2700,138.8,0.0,0.0,0.0,4,139.0,142.4,1,121.0,138.8,138.8,138.8,1.0,13880.0,96
2023-05-10 10:11:11,HO2312-P-2700,HO2312-P-2700,138.8,0.0,0.0,0.0,1,139.0,142.4,1,121.0,138.8,138.8,138.8,1.0,13880.0,96
2023-05-10 10:11:12,HO2312-P-2700,HO2312-P-2700,138.8,0.0,0.0,0.0,1,139.0,142.4,4,121.0,138.8,138.8,138.8,1.0,13880.0,96
2023-05-10 10:11:18,HO2312-P-2700,HO2312-P-2700,138.8,0.0,0.0,0.0,1,139.0,142.4,1,121.0,138.8,138.8,138.8,1.0,13880.0,96
2023-05-10 10:11:34,HO2312-P-2700,HO2312-P-2700,138.8,0.0,0.0,0.0,1,139.0,142.4,4,121.0,138.8,138.8,138.8,1.0,13880.0,96
2023-05-10 10:11:48,HO2312-P-2700,HO2312-P-2700,138.8,0.0,0.0,0.0,3,138.4,142.4,4,121.0,138.8,138.8,138.8,1.0,13880.0,96
2023-05-10 10:11:49,HO2312-P-2700,HO2312-P-2700,138.8,0.0,0.0,0.0,33,138.2,142.4,4,121.0,138.8,138.8,138.8,1.0,13880.0,96
2023-05-10 10:11:49,HO2312-P-2700,HO2312-P-2700,138.8,0.0,0.0,0.0,15,138.2,142.4,4,121.0,138.8,138.8,138.8,1.0,13880.0,96
2023-05-10 10:11:50,HO2312-P-2700,HO2312-P-2700,138.8,0.0,0.0,0.0,12,138.2,142.4,4,121.0,138.8,138.8,138.8,1.0,13880.0,96
2023-05-10 10:11:50,HO2312-P-2700,HO2312-P-2700,138.8,0.0,0.0,0.0,6,138.2,142.4,4,121.0,138.8,138.8,138.8,1.0,13880.0,96
2023-05-10 10:11:51,HO2312-P-2700,HO2312-P-2700,138.8,0.0,0.0,0.0,6,138.2,141.2,1,121.0,138.8,138.8,138.8,1.0,13880.0,96
2023-05-10 10:11:52,HO2312-P-2700,HO2312-P-2700,138.8,0.0,0.0,0.0,9,138.2,141.2,1,121.0,138.8,138.8,138.8,1.0,13880.0,96
2023-05-10 10:11:59,HO2312-P-2700,HO2312-P-2700,138.8,0.0,0.0,0.0,9,138.2,142.0,1,121.0,138.8,138.8,138.8,1.0,13880.0,96
2023-05-10 10:12:00,HO2312-P-2700,HO2312-P-2700,138.8,0.0,0.0,0.0,15,138.2,142.0,1,121.0,138.8,138.8,138.8,1.0,13880.0,96
2023-05-10 10:12:58,HO2312-P-2700,HO2312-P-2700,138.8,0.0,0.0,0.0,1,138.6,142.0,1,121.0,138.8,138.8,138.8,1.0,13880.0,96
2023-05-10 10:12:58,HO2312-P-2700,HO2312-P-2700,138.8,0.0,0.0,0.0,3,138.8,142.0,1,121.0,138.8,138.8,138.8,1.0,13880.0,96
2023-05-10 10:13:01,HO2312-P-2700,HO2312-P-2700,138.8,0.0,0.0,0.0,3,138.8,142.8,25,121.0,138.8,138.8,138.8,1.0,13880.0,96
2023-05-10 10:13:01,HO2312-P-2700,HO2312-P-2700,138.8,0.0,0.0,0.0,3,138.8,142.8,13,121.0,138.8,138.8,138.8,1.0,13880.0,96
2023-05-10 10:13:02,HO2312-P-2700,HO2312-P-2700,138.8,0.0,0.0,0.0,3,138.8,142.8,7,121.0,138.8,138.8,138.8,1.0,13880.0,96
2023-05-10 10:13:02,HO2312-P-2700,HO2312-P-2700,138.8,0.0,0.0,0.0,1,139.4,142.8,1,121.0,138.8,138.8,138.8,1.0,13880.0,96
2023-05-10 10:13:03,HO2312-P-2700,HO2312-P-2700,138.8,0.0,0.0,0.0,4,139.4,142.8,1,121.0,138.8,138.8,138.8,1.0,13880.0,96
2023-05-10 10:13:27,HO2312-P-2700,HO2312-P-2700,138.8,0.0,0.0,0.0,4,139.4,143.2,24,121.0,138.8,138.8,138.8,1.0,13880.0,96
2023-05-10 10:13:37,HO2312-P-2700,HO2312-P-2700,138.8,0.0,0.0,0.0,1,139.4,143.2,24,121.0,138.8,138.8,138.8,1.0,13880.0,96
2023-05-10 10:13:37,HO2312-P-2700,HO2312-P-2700,138.8,0.0,0.0,0.0,1,139.4,143.2,27,121.0,138.8,138.8,138.8,1.0,13880.0,96
2023-05-10 10:13:50,HO2312-P-2700,HO2312-P-2700,138.8,0.0,0.0,0.0,1,139.4,143.2,24,121.0,138.8,138.8,138.8,1.0,13880.0,96
2023-05-10 10:13:51,HO2312-P-2700,HO2312-P-2700,138.8,0.0,0.0,0.0,3,139.6,143.2,24,121.0,138.8,138.8,138.8,1.0,13880.0,96
2023-05-10 10:13:52,HO2312-P-2700,HO2312-P-2700,138.8,0.0,0.0,0.0,4,139.4,143.2,24,121.0,138.8,138.8,138.8,1.0,13880.0,96
2023-05-10 10:14:11,HO2312-P-2700,HO2312-P-2700,138.8,0.0,0.0,0.0,1,139.4,142.8,1,121.0,138.8,138.8,138.8,1.0,13880.0,96
2023-05-10 10:14:19,HO2312-P-2700,HO2312-P-2700,138.8,0.0,0.0,0.0,4,139.4,142.8,1,121.0,138.8,138.8,138.8,1.0,13880.0,96
2023-05-10 10:14:24,HO2312-P-2700,HO2312-P-2700,138.8,0.0,0.0,0.0,1,139.4,142.8,1,121.0,138.8,138.8,138.8,1.0,13880.0,96
2023-05-10 10:14:27,HO2312-P-2700,HO2312-P-2700,138.8,0.0,0.0,0.0,4,139.4,142.8,1,121.0,138.8,138.8,138.8,1.0,13880.0,96
2023-05-10 10:14:31,HO2312-P-2700,HO2312-P-2700,138.8,0.0,0.0,0.0,1,139.4,142.8,1,121.0,138.8,138.8,138.8,1.0,13880.0,96
2023-05-10 10:14:34,HO2312-P-2700,HO2312-P-2700,138.8,0.0,0.0,0.0,1,139.4,143.2,27,121.0,138.8,138.8,138.8,1.0,13880.0,96
2023-05-10 10:14:35,HO2312-P-2700,HO2312-P-2700,138.8,0.0,0.0,0.0,1,139.4,143.2,24,121.0,138.8,138.8,138.8,1.0,13880.0,96
2023-05-10 10:14:35,HO2312-P-2700,HO2312-P-2700,138.8,0.0,0.0,0.0,3,139.6,143.2,24,121.0,138.8,138.8,138.8,1.0,13880.0,96
2023-05-10 10:14:36,HO2312-P-2700,HO2312-P-2700,138.8,0.0,0.0,0.0,1,140.2,143.2,24,121.0,138.8,138.8,138.8,1.0,13880.0,96
2023-05-10 10:14:37,HO2312-P-2700,HO2312-P-2700,138.8,0.0,0.0,0.0,1,140.2,143.2,18,121.0,138.8,138.8,138.8,1.0,13880.0,96
2023-05-10 10:14:40,HO2312-P-2700,HO2312-P-2700,138.8,0.0,0.0,0.0,1,140.2,143.0,3,121.0,138.8,138.8,138.8,1.0,13880.0,96
2023-05-10 10:14:40,HO2312-P-2700,HO2312-P-2700,138.8,0.0,0.0,0.0,1,140.2,143.2,22,121.0,138.8,138.8,138.8,1.0,13880.0,96
2023-05-10 10:14:45,HO2312-P-2700,HO2312-P-2700,138.8,0.0,0.0,0.0,1,140.2,143.2,19,121.0,138.8,138.8,138.8,1.0,13880.0,96
2023-05-10 10:14:52,HO2312-P-2700,HO2312-P-2700,138.8,0.0,0.0,0.0,1,140.2,143.2,22,121.0,138.8,138.8,138.8,1.0,13880.0,96
2023-05-10 10:15:12,HO2312-P-2700,HO2312-P-2700,138.8,0.0,0.0,0.0,39,139.0,143.2,23,121.0,138.8,138.8,138.8,1.0,13880.0,96
2023-05-10 10:15:13,HO2312-P-2700,HO2312-P-2700,138.8,0.0,0.0,0.0,12,139.0,143.2,29,121.0,138.8,138.8,138.8,1.0,13880.0,96
2023-05-10 10:15:13,HO2312-P-2700,HO2312-P-2700,138.8,0.0,0.0,0.0,18,138.6,143.2,29,121.0,138.8,138.8,138.8,1.0,13880.0,96
2023-05-10 10:15:14,HO2312-P-2700,HO2312-P-2700,138.8,0.0,0.0,0.0,6,138.6,143.2,29,121.0,138.8,138.8,138.8,1.0,13880.0,96
2023-05-10 10:15:14,HO2312-P-2700,HO2312-P-2700,138.8,0.0,0.0,0.0,1,139.0,143.2,29,121.0,138.8,138.8,138.8,1.0,13880.0,96
2023-05-10 10:15:36,HO2312-P-2700,HO2312-P-2700,138.8,0.0,0.0,0.0,1,139.0,143.0,1,121.0,138.8,138.8,138.8,1.0,13880.0,96
2023-05-10 10:15:36,HO2312-P-2700,HO2312-P-2700,138.8,0.0,0.0,0.0,1,139.0,142.8,3,121.0,138.8,138.8,138.8,1.0,13880.0,96
2023-05-10 10:15:42,HO2312-P-2700,HO2312-P-2700,138.8,0.0,0.0,0.0,1,139.0,143.0,4,121.0,138.8,138.8,138.8,1.0,13880.0,96
2023-05-10 10:15:43,HO2312-P-2700,HO2312-P-2700,138.8,0.0,0.0,0.0,3,139.2,143.0,4,121.0,138.8,138.8,138.8,1.0,13880.0,96
2023-05-10 10:15:44,HO2312-P-2700,HO2312-P-2700,138.8,0.0,0.0,0.0,1,139.8,143.0,4,121.0,138.8,138.8,138.8,1.0,13880.0,96
2023-05-10 10:15:59,HO2312-P-2700,HO2312-P-2700,138.8,0.0,0.0,0.0,1,139.0,143.0,4,121.0,138.8,138.8,138.8,1.0,13880.0,96
2023-05-10 10:15:59,HO2312-P-2700,HO2312-P-2700,138.8,0.0,0.0,0.0,1,139.0,142.8,1,121.0,138.8,138.8,138.8,1.0,13880.0,96
2023-05-10 10:16:00,HO2312-P-2700,HO2312-P-2700,138.8,0.0,0.0,0.0,1,139.0,142.6,3,121.0,138.8,138.8,138.8,1.0,13880.0,96
2023-05-10 10:16:02,HO2312-P-2700,HO2312-P-2700,138.8,0.0,0.0,0.0,1,139.0,142.8,3,121.0,138.8,138.8,138.8,1.0,13880.0,96
2023-05-10 10:16:05,HO2312-P-2700,HO2312-P-2700,138.8,0.0,0.0,0.0,1,139.0,142.6,1,121.0,138.8,138.8,138.8,1.0,13880.0,96
2023-05-10 10:16:06,HO2312-P-2700,HO2312-P-2700,138.8,0.0,0.0,0.0,1,139.0,142.6,4,121.0,138.8,138.8,138.8,1.0,13880.0,96
2023-05-10 10:16:06,HO2312-P-2700,HO2312-P-2700,138.8,0.0,0.0,0.0,1,139.0,142.6,1,121.0,138.8,138.8,138.8,1.0,13880.0,96
2023-05-10 10:16:07,HO2312-P-2700,HO2312-P-2700,138.8,0.0,0.0,0.0,1,139.0,142.6,4,121.0,138.8,138.8,138.8,1.0,13880.0,96
2023-05-10 10:16:18,HO2312-P-2700,HO2312-P-2700,138.8,0.0,0.0,0.0,1,139.0,142.6,1,121.0,138.8,138.8,138.8,1.0,13880.0,96
2023-05-10 10:16:19,HO2312-P-2700,HO2312-P-2700,138.8,0.0,0.0,0.0,3,139.2,142.6,1,121.0,138.8,138.8,138.8,1.0,13880.0,96
2023-05-10 10:16:19,HO2312-P-2700,HO2312-P-2700,138.8,0.0,0.0,0.0,4,139.0,142.6,1,121.0,138.8,138.8,138.8,1.0,13880.0,96
2023-05-10 10:16:25,HO2312-P-2700,HO2312-P-2700,138.8,0.0,0.0,0.0,1,139.8,142.6,1,121.0,138.8,138.8,138.8,1.0,13880.0,96
2023-05-10 10:16:26,HO2312-P-2700,HO2312-P-2700,138.8,0.0,0.0,0.0,1,139.8,143.0,6,121.0,138.8,138.8,138.8,1.0,13880.0,96
2023-05-10 10:16:31,HO2312-P-2700,HO2312-P-2700,138.8,0.0,0.0,0.0,1,139.8,143.2,34,121.0,138.8,138.8,138.8,1.0,13880.0,96
2023-05-10 10:16:32,HO2312-P-2700,HO2312-P-2700,138.8,0.0,0.0,0.0,1,139.8,143.2,22,121.0,138.8,138.8,138.8,1.0,13880.0,96
2023-05-10 10:16:44,HO2312-P-2700,HO2312-P-2700,138.8,0.0,0.0,0.0,1,139.8,143.2,19,121.0,138.8,138.8,138.8,1.0,13880.0,96
2023-05-10 10:16:48,HO2312-P-2700,HO2312-P-2700,138.8,0.0,0.0,0.0,1,139.8,143.0,1,121.0,138.8,138.8,138.8,1.0,13880.0,96
2023-05-10 10:16:48,HO2312-P-2700,HO2312-P-2700,138.8,0.0,0.0,0.0,1,139.8,143.0,4,121.0,138.8,138.8,138.8,1.0,13880.0,96
2023-05-10 10:16:53,HO2312-P-2700,HO2312-P-2700,138.8,0.0,0.0,0.0,1,139.8,143.0,1,121.0,138.8,138.8,138.8,1.0,13880.0,96
2023-05-10 10:16:56,HO2312-P-2700,HO2312-P-2700,138.8,0.0,0.0,0.0,1,139.8,143.0,4,121.0,138.8,138.8,138.8,1.0,13880.0,96
2023-05-10 10:17:07,HO2312-P-2700,HO2312-P-2700,138.8,0.0,0.0,0.0,1,139.8,142.8,1,121.0,138.8,138.8,138.8,1.0,13880.0,96
2023-05-10 10:17:07,HO2312-P-2700,HO2312-P-2700,138.8,0.0,0.0,0.0,1,139.8,142.6,3,121.0,138.8,138.8,138.8,1.0,13880.0,96
2023-05-10 10:17:11,HO2312-P-2700,HO2312-P-2700,138.8,0.0,0.0,0.0,1,139.0,142.6,3,121.0,138.8,138.8,138.8,1.0,13880.0,96
2023-05-10 10:17:12,HO2312-P-2700,HO2312-P-2700,138.8,0.0,0.0,0.0,1,139.0,142.6,4,121.0,138.8,138.8,138.8,1.0,13880.0,96
2023-05-10 10:17:16,HO2312-P-2700,HO2312-P-2700,138.8,0.0,0.0,0.0,1,139.0,142.6,1,121.0,138.8,138.8,138.8,1.0,13880.0,96
2023-05-10 10:17:22,HO2312-P-2700,HO2312-P-2700,138.8,0.0,0.0,0.0,3,139.2,142.8,1,121.0,138.8,138.8,138.8,1.0,13880.0,96
2023-05-10 10:17:22,HO2312-P-2700,HO2312-P-2700,138.8,0.0,0.0,0.0,1,139.8,142.8,1,121.0,138.8,138.8,138.8,1.0,13880.0,96
2023-05-10 10:17:33,HO2312-P-2700,HO2312-P-2700,138.8,0.0,0.0,0.0,1,139.8,142.8,4,121.0,138.8,138.8,138.8,1.0,13880.0,96
2023-05-10 10:17:33,HO2312-P-2700,HO2312-P-2700,138.8,0.0,0.0,0.0,1,139.8,142.8,1,121.0,138.8,138.8,138.8,1.0,13880.0,96
2023-05-10 10:17:42,HO2312-P-2700,HO2312-P-2700,138.8,0.0,0.0,0.0,1,139.8,142.8,2,121.0,138.8,138.8,138.8,1.0,13880.0,96
2023-05-10 10:17:52,HO2312-P-2700,HO2312-P-2700,138.8,0.0,0.0,0.0,1,139.8,142.6,1,121.0,138.8,138.8,138.8,1.0,13880.0,96
2023-05-10 10:18:23,HO2312-P-2700,HO2312-P-2700,138.8,0.0,0.0,0.0,1,139.8,143.2,22,121.0,138.8,138.8,138.8,1.0,13880.0,96
2023-05-10 10:19:06,HO2312-P-2700,HO2312-P-2700,138.8,0.0,0.0,0.0,1,139.8,143.2,13,121.0,138.8,138.8,138.8,1.0,13880.0,96
2023-05-10 10:19:07,HO2312-P-2700,HO2312-P-2700,138.8,0.0,0.0,0.0,1,139.8,143.2,7,121.0,138.8,138.8,138.8,1.0,13880.0,96
2023-05-10 10:19:08,HO2312-P-2700,HO2312-P-2700,138.8,0.0,0.0,0.0,1,139.8,143.0,3,121.0,138.8,138.8,138.8,1.0,13880.0,96
2023-05-10 10:19:09,HO2312-P-2700,HO2312-P-2700,138.8,0.0,0.0,0.0,1,139.8,143.0,10,121.0,138.8,138.8,138.8,1.0,13880.0,96
2023-05-10 10:19:09,HO2312-P-2700,HO2312-P-2700,138.8,0.0,0.0,0.0,1,139.8,143.0,16,121.0,138.8,138.8,138.8,1.0,13880.0,96
2023-05-10 10:19:17,HO2312-P-2700,HO2312-P-2700,138.8,0.0,0.0,0.0,1,139.8,143.0,6,121.0,138.8,138.8,138.8,1.0,13880.0,96
2023-05-10 10:19:18,HO2312-P-2700,HO2312-P-2700,138.8,0.0,0.0,0.0,1,139.8,143.2,6,121.0,138.8,138.8,138.8,1.0,13880.0,96
2023-05-10 10:19:23,HO2312-P-2700,HO2312-P-2700,138.8,0.0,0.0,0.0,1,139.8,143.2,9,121.0,138.8,138.8,138.8,1.0,13880.0,96
2023-05-10 10:19:56,HO2312-P-2700,HO2312-P-2700,138.8,0.0,0.0,0.0,1,139.8,143.2,6,121.0,138.8,138.8,138.8,1.0,13880.0,96
2023-05-10 10:19:57,HO2312-P-2700,HO2312-P-2700,138.8,0.0,0.0,0.0,1,139.8,143.4,19,121.0,138.8,138.8,138.8,1.0,13880.0,96
2023-05-10 10:19:58,HO2312-P-2700,HO2312-P-2700,138.8,0.0,0.0,0.0,4,139.8,143.4,7,121.0,138.8,138.8,138.8,1.0,13880.0,96
2023-05-10 10:19:58,HO2312-P-2700,HO2312-P-2700,138.8,0.0,0.0,0.0,1,141.0,143.6,21,121.0,138.8,138.8,138.8,1.0,13880.0,96
2023-05-10 10:20:17,HO2312-P-2700,HO2312-P-2700,138.8,0.0,0.0,0.0,1,140.2,143.6,21,121.0,138.8,138.8,138.8,1.0,13880.0,96
2023-05-10 10:21:56,HO2312-P-2700,HO2312-P-2700,138.8,0.0,0.0,0.0,1,140.2,143.6,22,121.0,138.8,138.8,138.8,1.0,13880.0,96
2023-05-10 10:22:19,HO2312-P-2700,HO2312-P-2700,138.8,0.0,0.0,0.0,1,140.2,143.4,2,121.0,138.8,138.8,138.8,1.0,13880.0,96
2023-05-10 10:22:19,HO2312-P-2700,HO2312-P-2700,138.8,0.0,0.0,0.0,1,140.2,143.2,3,121.0,138.8,138.8,138.8,1.0,13880.0,96
2023-05-10 10:22:23,HO2312-P-2700,HO2312-P-2700,138.8,0.0,0.0,0.0,1,140.2,143.4,10,121.0,138.8,138.8,138.8,1.0,13880.0,96
2023-05-10 10:22:24,HO2312-P-2700,HO2312-P-2700,138.8,0.0,0.0,0.0,1,140.2,143.4,7,121.0,138.8,138.8,138.8,1.0,13880.0,96
2023-05-10 10:22:25,HO2312-P-2700,HO2312-P-2700,138.8,0.0,0.0,0.0,1,140.2,143.4,6,121.0,138.8,138.8,138.8,1.0,13880.0,96
2023-05-10 10:22:32,HO2312-P-2700,HO2312-P-2700,138.8,0.0,0.0,0.0,1,140.2,143.4,9,121.0,138.8,138.8,138.8,1.0,13880.0,96
2023-05-10 10:23:13,HO2312-P-2700,HO2312-P-2700,138.8,0.0,0.0,0.0,1,140.2,143.6,21,121.0,138.8,138.8,138.8,1.0,13880.0,96
2023-05-10 10:23:15,HO2312-P-2700,HO2312-P-2700,138.8,0.0,0.0,0.0,1,140.2,143.6,12,121.0,138.8,138.8,138.8,1.0,13880.0,96
2023-05-10 10:23:15,HO2312-P-2700,HO2312-P-2700,138.8,0.0,0.0,0.0,1,140.2,143.6,6,121.0,138.8,138.8,138.8,1.0,13880.0,96
2023-05-10 10:23:23,HO2312-P-2700,HO2312-P-2700,138.8,0.0,0.0,0.0,1,140.2,143.8,21,121.0,138.8,138.8,138.8,1.0,13880.0,96
2023-05-10 10:23:26,HO2312-P-2700,HO2312-P-2700,138.8,0.0,0.0,0.0,1,140.2,143.8,15,121.0,138.8,138.8,138.8,1.0,13880.0,96
2023-05-10 10:23:27,HO2312-P-2700,HO2312-P-2700,138.8,0.0,0.0,0.0,1,140.2,143.8,3,121.0,138.8,138.8,138.8,1.0,13880.0,96
2023-05-10 10:23:29,HO2312-P-2700,HO2312-P-2700,138.8,0.0,0.0,0.0,1,140.2,144.0,21,121.0,138.8,138.8,138.8,1.0,13880.0,96
2023-05-10 10:23:30,HO2312-P-2700,HO2312-P-2700,138.8,0.0,0.0,0.0,1,140.2,144.0,15,121.0,138.8,138.8,138.8,1.0,13880.0,96
2023-05-10 10:23:30,HO2312-P-2700,HO2312-P-2700,138.8,0.0,0.0,0.0,1,140.2,144.0,6,121.0,138.8,138.8,138.8,1.0,13880.0,96
2023-05-10 10:23:31,HO2312-P-2700,HO2312-P-2700,138.8,0.0,0.0,0.0,1,140.2,144.2,24,121.0,138.8,138.8,138.8,1.0,13880.0,96
2023-05-10 10:23:31,HO2312-P-2700,HO2312-P-2700,138.8,0.0,0.0,0.0,1,140.2,144.2,18,121.0,138.8,138.8,138.8,1.0,13880.0,96
2023-05-10 10:23:45,HO2312-P-2700,HO2312-P-2700,138.8,0.0,0.0,0.0,1,140.2,144.2,12,121.0,138.8,138.8,138.8,1.0,13880.0,96
2023-05-10 10:23:45,HO2312-P-2700,HO2312-P-2700,138.8,0.0,0.0,0.0,1,140.2,144.6,25,121.0,138.8,138.8,138.8,1.0,13880.0,96
2023-05-10 10:23:46,HO2312-P-2700,HO2312-P-2700,138.8,0.0,0.0,0.0,1,140.2,144.6,19,121.0,138.8,138.8,138.8,1.0,13880.0,96
2023-05-10 10:23:53,HO2312-P-2700,HO2312-P-2700,138.8,0.0,0.0,0.0,1,140.2,144.6,18,121.0,138.8,138.8,138.8,1.0,13880.0,96
2023-05-10 10:23:54,HO2312-P-2700,HO2312-P-2700,138.8,0.0,0.0,0.0,3,140.4,144.6,18,121.0,138.8,138.8,138.8,1.0,13880.0,96
2023-05-10 10:23:54,HO2312-P-2700,HO2312-P-2700,138.8,0.0,0.0,0.0,1,141.8,144.6,18,121.0,138.8,138.8,138.8,1.0,13880.0,96
2023-05-10 10:24:03,HO2312-P-2700,HO2312-P-2700,138.8,0.0,0.0,0.0,3,140.4,144.6,21,121.0,138.8,138.8,138.8,1.0,13880.0,96
2023-05-10 10:24:04,HO2312-P-2700,HO2312-P-2700,138.8,0.0,0.0,0.0,1,141.0,144.6,21,121.0,138.8,138.8,138.8,1.0,13880.0,96
2023-05-10 10:24:04,HO2312-P-2700,HO2312-P-2700,138.8,0.0,0.0,0.0,1,141.0,144.6,22,121.0,138.8,138.8,138.8,1.0,13880.0,96
2023-05-10 10:24:16,HO2312-P-2700,HO2312-P-2700,138.8,0.0,0.0,0.0,1,141.0,144.6,19,121.0,138.8,138.8,138.8,1.0,13880.0,96
2023-05-10 10:24:52,HO2312-P-2700,HO2312-P-2700,138.8,0.0,0.0,0.0,1,141.0,144.0,1,121.0,138.8,138.8,138.8,1.0,13880.0,96
2023-05-10 10:25:30,HO2312-P-2700,HO2312-P-2700,138.8,0.0,0.0,0.0,4,140.2,144.0,1,121.0,138.8,138.8,138.8,1.0,13880.0,96
2023-05-10 10:26:26,HO2312-P-2700,HO2312-P-2700,138.8,0.0,0.0,0.0,1,140.2,144.0,1,121.0,138.8,138.8,138.8,1.0,13880.0,96
2023-05-10 10:26:27,HO2312-P-2700,HO2312-P-2700,138.8,0.0,0.0,0.0,1,140.2,144.0,4,121.0,138.8,138.8,138.8,1.0,13880.0,96
2023-05-10 10:26:27,HO2312-P-2700,HO2312-P-2700,138.8,0.0,0.0,0.0,1,140.2,143.4,1,121.0,138.8,138.8,138.8,1.0,13880.0,96
2023-05-10 10:26:28,HO2312-P-2700,HO2312-P-2700,138.8,0.0,0.0,0.0,1,140.2,143.4,7,121.0,138.8,138.8,138.8,1.0,13880.0,96
2023-05-10 10:26:29,HO2312-P-2700,HO2312-P-2700,138.8,0.0,0.0,0.0,4,140.2,143.4,7,121.0,138.8,138.8,138.8,1.0,13880.0,96
2023-05-10 10:26:31,HO2312-P-2700,HO2312-P-2700,138.8,0.0,0.0,0.0,1,140.2,143.4,7,121.0,138.8,138.8,138.8,1.0,13880.0,96
2023-05-10 10:26:44,HO2312-P-2700,HO2312-P-2700,138.8,0.0,0.0,0.0,15,140.0,143.4,7,121.0,138.8,138.8,138.8,1.0,13880.0,96
2023-05-10 10:26:44,HO2312-P-2700,HO2312-P-2700,138.8,0.0,0.0,0.0,9,140.0,143.4,7,121.0,138.8,138.8,138.8,1.0,13880.0,96
2023-05-10 10:27:24,HO2312-P-2700,HO2312-P-2700,138.8,0.0,0.0,0.0,3,140.0,143.4,7,121.0,138.8,138.8,138.8,1.0,13880.0,96
2023-05-10 10:27:25,HO2312-P-2700,HO2312-P-2700,138.8,0.0,0.0,0.0,3,140.0,142.6,1,121.0,138.8,138.8,138.8,1.0,13880.0,96
2023-05-10 10:27:26,HO2312-P-2700,HO2312-P-2700,138.8,0.0,0.0,0.0,27,139.8,142.6,1,121.0,138.8,138.8,138.8,1.0,13880.0,96
2023-05-10 10:27:27,HO2312-P-2700,HO2312-P-2700,138.8,0.0,0.0,0.0,21,139.8,142.6,1,121.0,138.8,138.8,138.8,1.0,13880.0,96
2023-05-10 10:27:27,HO2312-P-2700,HO2312-P-2700,138.8,0.0,0.0,0.0,15,139.8,142.6,1,121.0,138.8,138.8,138.8,1.0,13880.0,96
2023-05-10 10:27:32,HO2312-P-2700,HO2312-P-2700,138.8,0.0,0.0,0.0,9,139.8,142.6,1,121.0,138.8,138.8,138.8,1.0,13880.0,96
2023-05-10 10:27:33,HO2312-P-2700,HO2312-P-2700,138.8,0.0,0.0,0.0,3,139.8,142.6,1,121.0,138.8,138.8,138.8,1.0,13880.0,96
2023-05-10 10:28:10,HO2312-P-2700,HO2312-P-2700,138.8,0.0,0.0,0.0,3,139.6,142.6,1,121.0,138.8,138.8,138.8,1.0,13880.0,96
2023-05-10 10:28:33,HO2312-P-2700,HO2312-P-2700,138.8,0.0,0.0,0.0,1,140.0,143.4,7,121.0,138.8,138.8,138.8,1.0,13880.0,96
2023-05-10 10:28:33,HO2312-P-2700,HO2312-P-2700,138.8,0.0,0.0,0.0,3,140.2,143.4,7,121.0,138.8,138.8,138.8,1.0,13880.0,96
2023-05-10 10:28:42,HO2312-P-2700,HO2312-P-2700,138.8,0.0,0.0,0.0,4,140.0,143.4,7,121.0,138.8,138.8,138.8,1.0,13880.0,96
2023-05-10 10:29:01,HO2312-P-2700,HO2312-P-2700,138.8,0.0,0.0,0.0,1,140.8,143.4,6,121.0,138.8,138.8,138.8,1.0,13880.0,96
2023-05-10 10:29:02,HO2312-P-2700,HO2312-P-2700,138.8,0.0,0.0,0.0,1,140.8,143.6,12,121.0,138.8,138.8,138.8,1.0,13880.0,96
2023-05-10 10:29:02,HO2312-P-2700,HO2312-P-2700,138.8,0.0,0.0,0.0,4,140.8,143.8,24,121.0,138.8,138.8,138.8,1.0,13880.0,96
2023-05-10 10:29:03,HO2312-P-2700,HO2312-P-2700,138.8,0.0,0.0,0.0,4,140.8,143.8,12,121.0,138.8,138.8,138.8,1.0,13880.0,96
2023-05-10 10:29:03,HO2312-P-2700,HO2312-P-2700,138.8,0.0,0.0,0.0,4,140.8,144.2,7,121.0,138.8,138.8,138.8,1.0,13880.0,96
2023-05-10 10:29:04,HO2312-P-2700,HO2312-P-2700,138.8,0.0,0.0,0.0,4,140.8,144.2,1,121.0,138.8,138.8,138.8,1.0,13880.0,96
2023-05-10 10:29:20,HO2312-P-2700,HO2312-P-2700,138.8,0.0,0.0,0.0,1,141.4,144.2,1,121.0,138.8,138.8,138.8,1.0,13880.0,96
2023-05-10 10:29:21,HO2312-P-2700,HO2312-P-2700,138.8,0.0,0.0,0.0,1,141.4,144.4,26,121.0,138.8,138.8,138.8,1.0,13880.0,96
2023-05-10 10:29:21,HO2312-P-2700,HO2312-P-2700,138.8,0.0,0.0,0.0,1,141.4,144.4,14,121.0,138.8,138.8,138.8,1.0,13880.0,96
2023-05-10 10:29:22,HO2312-P-2700,HO2312-P-2700,138.8,0.0,0.0,0.0,1,141.4,144.4,8,121.0,138.8,138.8,138.8,1.0,13880.0,96
2023-05-10 10:29:22,HO2312-P-2700,HO2312-P-2700,138.8,0.0,0.0,0.0,1,141.4,144.4,2,121.0,138.8,138.8,138.8,1.0,13880.0,96
2023-05-10 10:29:24,HO2312-P-2700,HO2312-P-2700,138.8,0.0,0.0,0.0,1,141.4,144.6,18,121.0,138.8,138.8,138.8,1.0,13880.0,96
2023-05-10 10:29:54,HO2312-P-2700,HO2312-P-2700,138.8,0.0,0.0,0.0,1,141.4,144.6,6,121.0,138.8,138.8,138.8,1.0,13880.0,96
2023-05-10 10:29:55,HO2312-P-2700,HO2312-P-2700,138.8,0.0,0.0,0.0,1,141.4,144.8,12,121.0,138.8,138.8,138.8,1.0,13880.0,96
2023-05-10 10:29:55,HO2312-P-2700,HO2312-P-2700,138.8,0.0,0.0,0.0,1,141.4,144.8,6,121.0,138.8,138.8,138.8,1.0,13880.0,96
2023-05-10 10:29:56,HO2312-P-2700,HO2312-P-2700,138.8,0.0,0.0,0.0,1,141.4,145.0,18,121.0,138.8,138.8,138.8,1.0,13880.0,96
2023-05-10 10:30:01,HO2312-P-2700,HO2312-P-2700,138.8,0.0,0.0,0.0,3,141.6,145.0,12,121.0,138.8,138.8,138.8,1.0,13880.0,96
2023-05-10 10:30:02,HO2312-P-2700,HO2312-P-2700,138.8,0.0,0.0,0.0,1,142.6,145.2,19,121.0,138.8,138.8,138.8,1.0,13880.0,96
2023-05-10 10:30:05,HO2312-P-2700,HO2312-P-2700,138.8,0.0,0.0,0.0,1,142.6,145.2,13,121.0,138.8,138.8,138.8,1.0,13880.0,96
2023-05-10 10:30:06,HO2312-P-2700,HO2312-P-2700,138.8,0.0,0.0,0.0,1,142.6,145.2,7,121.0,138.8,138.8,138.8,1.0,13880.0,96
2023-05-10 10:30:06,HO2312-P-2700,HO2312-P-2700,138.8,0.0,0.0,0.0,1,142.6,145.2,1,121.0,138.8,138.8,138.8,1.0,13880.0,96
