time,symbol_id,symbol_name,last,trade_volume,trade_amount,open_interest_change,bv1,bp1,ap1,av1,yesterday_close,today_open,today_high,today_low,volume,amount,open_interest
2023-05-10 09:29:00,HO2312-C-2300,HO2312-C-2300,394.6,0.0,0.0,0.0,1,346.6,441.0,1,394.6,383.4,0.0,0.0,0.0,0.0,161
2023-05-10 09:30:00,HO2312-C-2300,HO2312-C-2300,394.6,0.0,0.0,0.0,1,346.6,439.0,1,394.6,383.4,0.0,0.0,0.0,0.0,161
2023-05-10 09:30:01,HO2312-C-2300,HO2312-C-2300,394.6,0.0,0.0,0.0,1,354.0,429.0,1,394.6,383.4,0.0,0.0,0.0,0.0,161
2023-05-10 09:30:07,HO2312-C-2300,HO2312-C-2300,394.6,0.0,0.0,0.0,1,362.0,421.0,1,394.6,383.4,0.0,0.0,0.0,0.0,161
2023-05-10 09:30:08,HO2312-C-2300,HO2312-C-2300,394.6,0.0,0.0,0.0,1,354.0,429.0,1,394.6,383.4,0.0,0.0,0.0,0.0,161
2023-05-10 09:30:24,HO2312-C-2300,HO2312-C-2300,394.6,0.0,0.0,0.0,6,385.6,410.6,6,394.6,383.4,0.0,0.0,0.0,0.0,161
2023-05-10 09:30:32,HO2312-C-2300,HO2312-C-2300,394.6,0.0,0.0,0.0,6,385.8,410.4,6,394.6,383.4,0.0,0.0,0.0,0.0,161
2023-05-10 09:30:47,HO2312-C-2300,HO2312-C-2300,394.6,0.0,0.0,0.0,6,389.8,399.6,6,394.6,383.4,0.0,0.0,0.0,0.0,161
2023-05-10 09:30:47,HO2312-C-2300,HO2312-C-2300,394.6,0.0,0.0,0.0,6,390.0,399.4,6,394.6,383.4,0.0,0.0,0.0,0.0,161
2023-05-10 09:30:59,HO2312-C-2300,HO2312-C-2300,394.6,0.0,0.0,0.0,6,390.0,398.0,6,394.6,383.4,0.0,0.0,0.0,0.0,161
2023-05-10 09:31:00,HO2312-C-2300,HO2312-C-2300,394.6,0.0,0.0,0.0,6,390.0,397.8,6,394.6,383.4,0.0,0.0,0.0,0.0,161
2023-05-10 09:31:01,HO2312-C-2300,HO2312-C-2300,394.6,0.0,0.0,0.0,6,390.0,396.8,6,394.6,383.4,0.0,0.0,0.0,0.0,161
2023-05-10 09:31:01,HO2312-C-2300,HO2312-C-2300,394.6,0.0,0.0,0.0,6,389.8,396.6,6,394.6,383.4,0.0,0.0,0.0,0.0,161
2023-05-10 09:31:02,HO2312-C-2300,HO2312-C-2300,394.6,0.0,0.0,0.0,12,388.4,396.8,6,394.6,383.4,0.0,0.0,0.0,0.0,161
2023-05-10 09:31:02,HO2312-C-2300,HO2312-C-2300,394.6,0.0,0.0,0.0,6,388.6,396.6,6,394.6,383.4,0.0,0.0,0.0,0.0,161
2023-05-10 09:31:04,HO2312-C-2300,HO2312-C-2300,394.6,0.0,0.0,0.0,6,388.2,396.6,6,394.6,383.4,0.0,0.0,0.0,0.0,161
2023-05-10 09:31:05,HO2312-C-2300,HO2312-C-2300,394.6,0.0,0.0,0.0,6,387.8,396.6,6,394.6,383.4,0.0,0.0,0.0,0.0,161
2023-05-10 09:31:07,HO2312-C-2300,HO2312-C-2300,394.6,0.0,0.0,0.0,6,387.4,396.6,6,394.6,383.4,0.0,0.0,0.0,0.0,161
2023-05-10 09:31:23,HO2312-C-2300,HO2312-C-2300,394.6,0.0,0.0,0.0,6,387.4,395.6,6,394.6,383.4,0.0,0.0,0.0,0.0,161
2023-05-10 09:31:24,HO2312-C-2300,HO2312-C-2300,394.6,0.0,0.0,0.0,6,387.4,395.4,6,394.6,383.4,0.0,0.0,0.0,0.0,161
2023-05-10 09:31:24,HO2312-C-2300,HO2312-C-2300,394.6,0.0,0.0,0.0,6,386.8,395.4,6,394.6,383.4,0.0,0.0,0.0,0.0,161
2023-05-10 09:31:35,HO2312-C-2300,HO2312-C-2300,394.6,0.0,0.0,0.0,6,386.2,395.4,6,394.6,383.4,0.0,0.0,0.0,0.0,161
2023-05-10 09:31:43,HO2312-C-2300,HO2312-C-2300,394.6,0.0,0.0,0.0,6,387.2,395.4,6,394.6,383.4,0.0,0.0,0.0,0.0,161
2023-05-10 09:31:43,HO2312-C-2300,HO2312-C-2300,394.6,0.0,0.0,0.0,6,387.4,395.6,18,394.6,383.4,0.0,0.0,0.0,0.0,161
2023-05-10 09:31:52,HO2312-C-2300,HO2312-C-2300,394.6,0.0,0.0,0.0,6,387.4,395.6,6,394.6,383.4,0.0,0.0,0.0,0.0,161
2023-05-10 09:31:53,HO2312-C-2300,HO2312-C-2300,394.6,0.0,0.0,0.0,6,387.4,396.6,24,394.6,383.4,0.0,0.0,0.0,0.0,161
2023-05-10 09:31:53,HO2312-C-2300,HO2312-C-2300,394.6,0.0,0.0,0.0,6,387.4,396.6,18,394.6,383.4,0.0,0.0,0.0,0.0,161
2023-05-10 09:31:54,HO2312-C-2300,HO2312-C-2300,394.6,0.0,0.0,0.0,6,387.4,396.6,12,394.6,383.4,0.0,0.0,0.0,0.0,161
2023-05-10 09:31:55,HO2312-C-2300,HO2312-C-2300,394.6,0.0,0.0,0.0,6,387.4,396.6,6,394.6,383.4,0.0,0.0,0.0,0.0,161
2023-05-10 09:32:19,HO2312-C-2300,HO2312-C-2300,394.6,0.0,0.0,0.0,6,388.6,397.0,6,394.6,383.4,0.0,0.0,0.0,0.0,161
2023-05-10 09:32:20,HO2312-C-2300,HO2312-C-2300,394.6,0.0,0.0,0.0,6,388.8,397.6,12,394.6,383.4,0.0,0.0,0.0,0.0,161
2023-05-10 09:32:20,HO2312-C-2300,HO2312-C-2300,394.6,0.0,0.0,0.0,6,388.8,397.8,12,394.6,383.4,0.0,0.0,0.0,0.0,161
2023-05-10 09:32:21,HO2312-C-2300,HO2312-C-2300,394.6,0.0,0.0,0.0,6,388.8,397.8,6,394.6,383.4,0.0,0.0,0.0,0.0,161
2023-05-10 09:32:25,HO2312-C-2300,HO2312-C-2300,394.6,0.0,0.0,0.0,6,388.8,397.0,6,394.6,383.4,0.0,0.0,0.0,0.0,161
2023-05-10 09:32:26,HO2312-C-2300,HO2312-C-2300,394.6,0.0,0.0,0.0,6,388.8,396.8,6,394.6,383.4,0.0,0.0,0.0,0.0,161
2023-05-10 09:32:36,HO2312-C-2300,HO2312-C-2300,394.6,0.0,0.0,0.0,6,388.8,395.6,6,394.6,383.4,0.0,0.0,0.0,0.0,161
2023-05-10 09:32:38,HO2312-C-2300,HO2312-C-2300,394.6,0.0,0.0,0.0,6,388.2,395.6,6,394.6,383.4,0.0,0.0,0.0,0.0,161
2023-05-10 09:32:50,HO2312-C-2300,HO2312-C-2300,394.6,0.0,0.0,0.0,6,388.2,396.0,6,394.6,383.4,0.0,0.0,0.0,0.0,161
2023-05-10 09:32:51,HO2312-C-2300,HO2312-C-2300,394.6,0.0,0.0,0.0,6,388.2,396.8,18,394.6,383.4,0.0,0.0,0.0,0.0,161
2023-05-10 09:32:53,HO2312-C-2300,HO2312-C-2300,394.6,0.0,0.0,0.0,1,391.4,396.8,18,394.6,383.4,0.0,0.0,0.0,0.0,161
2023-05-10 09:32:57,HO2312-C-2300,HO2312-C-2300,394.6,0.0,0.0,0.0,1,391.4,396.8,12,394.6,383.4,0.0,0.0,0.0,0.0,161
2023-05-10 09:32:58,HO2312-C-2300,HO2312-C-2300,394.6,0.0,0.0,0.0,1,391.4,397.0,12,394.6,383.4,0.0,0.0,0.0,0.0,161
2023-05-10 09:32:59,HO2312-C-2300,HO2312-C-2300,394.6,0.0,0.0,0.0,1,391.4,397.0,6,394.6,383.4,0.0,0.0,0.0,0.0,161
2023-05-10 09:33:03,HO2312-C-2300,HO2312-C-2300,394.6,0.0,0.0,0.0,6,391.6,397.8,18,394.6,383.4,0.0,0.0,0.0,0.0,161
2023-05-10 09:33:04,HO2312-C-2300,HO2312-C-2300,394.6,0.0,0.0,0.0,6,391.6,397.8,12,394.6,383.4,0.0,0.0,0.0,0.0,161
2023-05-10 09:33:04,HO2312-C-2300,HO2312-C-2300,394.6,0.0,0.0,0.0,6,391.6,397.8,6,394.6,383.4,0.0,0.0,0.0,0.0,161
2023-05-10 09:33:05,HO2312-C-2300,HO2312-C-2300,394.6,0.0,0.0,0.0,6,391.6,398.0,12,394.6,383.4,0.0,0.0,0.0,0.0,161
2023-05-10 09:33:05,HO2312-C-2300,HO2312-C-2300,394.6,0.0,0.0,0.0,6,391.6,398.0,6,394.6,383.4,0.0,0.0,0.0,0.0,161
2023-05-10 09:33:11,HO2312-C-2300,HO2312-C-2300,394.6,0.0,0.0,0.0,6,391.6,398.2,12,394.6,383.4,0.0,0.0,0.0,0.0,161
2023-05-10 09:33:11,HO2312-C-2300,HO2312-C-2300,394.6,0.0,0.0,0.0,6,391.6,398.4,18,394.6,383.4,0.0,0.0,0.0,0.0,161
2023-05-10 09:33:13,HO2312-C-2300,HO2312-C-2300,394.6,0.0,0.0,0.0,1,393.6,398.4,12,394.6,383.4,0.0,0.0,0.0,0.0,161
2023-05-10 09:33:13,HO2312-C-2300,HO2312-C-2300,394.6,0.0,0.0,0.0,1,393.6,398.4,6,394.6,383.4,0.0,0.0,0.0,0.0,161
2023-05-10 09:33:14,HO2312-C-2300,HO2312-C-2300,394.6,0.0,0.0,0.0,1,393.6,398.8,6,394.6,383.4,0.0,0.0,0.0,0.0,161
2023-05-10 09:33:15,HO2312-C-2300,HO2312-C-2300,394.6,0.0,0.0,0.0,1,393.6,399.0,12,394.6,383.4,0.0,0.0,0.0,0.0,161
2023-05-10 09:33:15,HO2312-C-2300,HO2312-C-2300,394.6,0.0,0.0,0.0,1,393.6,399.2,12,394.6,383.4,0.0,0.0,0.0,0.0,161
2023-05-10 09:33:16,HO2312-C-2300,HO2312-C-2300,394.6,0.0,0.0,0.0,1,393.6,399.4,24,394.6,383.4,0.0,0.0,0.0,0.0,161
2023-05-10 09:33:16,HO2312-C-2300,HO2312-C-2300,394.6,0.0,0.0,0.0,1,393.6,399.4,12,394.6,383.4,0.0,0.0,0.0,0.0,161
2023-05-10 09:33:17,HO2312-C-2300,HO2312-C-2300,394.6,0.0,0.0,0.0,1,393.6,399.6,18,394.6,383.4,0.0,0.0,0.0,0.0,161
2023-05-10 09:33:18,HO2312-C-2300,HO2312-C-2300,394.6,0.0,0.0,0.0,1,393.6,399.6,12,394.6,383.4,0.0,0.0,0.0,0.0,161
2023-05-10 09:33:18,HO2312-C-2300,HO2312-C-2300,394.6,0.0,0.0,0.0,1,393.6,399.6,6,394.6,383.4,0.0,0.0,0.0,0.0,161
2023-05-10 09:33:19,HO2312-C-2300,HO2312-C-2300,394.6,0.0,0.0,0.0,7,393.6,400.2,12,394.6,383.4,0.0,0.0,0.0,0.0,161
2023-05-10 09:33:19,HO2312-C-2300,HO2312-C-2300,394.6,0.0,0.0,0.0,7,393.6,400.2,6,394.6,383.4,0.0,0.0,0.0,0.0,161
2023-05-10 09:33:20,HO2312-C-2300,HO2312-C-2300,394.6,0.0,0.0,0.0,7,393.6,400.4,24,394.6,383.4,0.0,0.0,0.0,0.0,161
2023-05-10 09:33:20,HO2312-C-2300,HO2312-C-2300,394.6,0.0,0.0,0.0,7,393.6,400.4,18,394.6,383.4,0.0,0.0,0.0,0.0,161
2023-05-10 09:33:21,HO2312-C-2300,HO2312-C-2300,394.6,0.0,0.0,0.0,7,393.6,400.4,12,394.6,383.4,0.0,0.0,0.0,0.0,161
2023-05-10 09:33:22,HO2312-C-2300,HO2312-C-2300,394.6,0.0,0.0,0.0,7,393.6,400.4,6,394.6,383.4,0.0,0.0,0.0,0.0,161
2023-05-10 09:33:24,HO2312-C-2300,HO2312-C-2300,394.6,0.0,0.0,0.0,6,393.8,400.6,6,394.6,383.4,0.0,0.0,0.0,0.0,161
2023-05-10 09:33:25,HO2312-C-2300,HO2312-C-2300,394.6,0.0,0.0,0.0,6,393.8,401.2,18,394.6,383.4,0.0,0.0,0.0,0.0,161
2023-05-10 09:33:25,HO2312-C-2300,HO2312-C-2300,394.6,0.0,0.0,0.0,6,393.8,401.2,6,394.6,383.4,0.0,0.0,0.0,0.0,161
2023-05-10 09:33:26,HO2312-C-2300,HO2312-C-2300,394.6,0.0,0.0,0.0,6,393.8,401.4,30,394.6,383.4,0.0,0.0,0.0,0.0,161
2023-05-10 09:33:26,HO2312-C-2300,HO2312-C-2300,394.6,0.0,0.0,0.0,6,393.8,401.4,24,394.6,383.4,0.0,0.0,0.0,0.0,161
2023-05-10 09:33:28,HO2312-C-2300,HO2312-C-2300,394.6,0.0,0.0,0.0,1,395.6,401.4,24,394.6,383.4,0.0,0.0,0.0,0.0,161
2023-05-10 09:33:29,HO2312-C-2300,HO2312-C-2300,394.6,0.0,0.0,0.0,1,395.6,401.4,12,394.6,383.4,0.0,0.0,0.0,0.0,161
2023-05-10 09:33:29,HO2312-C-2300,HO2312-C-2300,394.6,0.0,0.0,0.0,1,395.6,401.6,24,394.6,383.4,0.0,0.0,0.0,0.0,161
2023-05-10 09:33:30,HO2312-C-2300,HO2312-C-2300,394.6,0.0,0.0,0.0,1,395.6,401.6,18,394.6,383.4,0.0,0.0,0.0,0.0,161
2023-05-10 09:33:47,HO2312-C-2300,HO2312-C-2300,394.6,0.0,0.0,0.0,6,395.2,401.6,18,394.6,383.4,0.0,0.0,0.0,0.0,161
2023-05-10 09:33:48,HO2312-C-2300,HO2312-C-2300,394.6,0.0,0.0,0.0,6,394.8,401.6,18,394.6,383.4,0.0,0.0,0.0,0.0,161
2023-05-10 09:34:00,HO2312-C-2300,HO2312-C-2300,394.6,0.0,0.0,0.0,12,394.6,401.4,6,394.6,383.4,0.0,0.0,0.0,0.0,161
2023-05-10 09:34:01,HO2312-C-2300,HO2312-C-2300,394.6,0.0,0.0,0.0,6,394.2,401.4,6,394.6,383.4,0.0,0.0,0.0,0.0,161
2023-05-10 09:34:03,HO2312-C-2300,HO2312-C-2300,394.6,0.0,0.0,0.0,6,394.2,400.6,6,394.6,383.4,0.0,0.0,0.0,0.0,161
2023-05-10 09:34:05,HO2312-C-2300,HO2312-C-2300,394.6,0.0,0.0,0.0,12,393.8,400.4,6,394.6,383.4,0.0,0.0,0.0,0.0,161
2023-05-10 09:34:06,HO2312-C-2300,HO2312-C-2300,394.6,0.0,0.0,0.0,6,393.4,400.4,6,394.6,383.4,0.0,0.0,0.0,0.0,161
2023-05-10 09:34:17,HO2312-C-2300,HO2312-C-2300,394.6,0.0,0.0,0.0,6,393.4,399.6,6,394.6,383.4,0.0,0.0,0.0,0.0,161
2023-05-10 09:34:28,HO2312-C-2300,HO2312-C-2300,394.6,0.0,0.0,0.0,6,393.2,399.4,6,394.6,383.4,0.0,0.0,0.0,0.0,161
2023-05-10 09:34:29,HO2312-C-2300,HO2312-C-2300,394.6,0.0,0.0,0.0,6,392.8,399.4,6,394.6,383.4,0.0,0.0,0.0,0.0,161
2023-05-10 09:34:30,HO2312-C-2300,HO2312-C-2300,394.6,0.0,0.0,0.0,18,392.6,399.4,6,394.6,383.4,0.0,0.0,0.0,0.0,161
2023-05-10 09:34:30,HO2312-C-2300,HO2312-C-2300,394.6,0.0,0.0,0.0,12,392.6,399.4,6,394.6,383.4,0.0,0.0,0.0,0.0,161
2023-05-10 09:34:31,HO2312-C-2300,HO2312-C-2300,394.6,0.0,0.0,0.0,6,392.6,399.4,6,394.6,383.4,0.0,0.0,0.0,0.0,161
2023-05-10 09:34:32,HO2312-C-2300,HO2312-C-2300,394.6,0.0,0.0,0.0,6,391.8,399.4,6,394.6,383.4,0.0,0.0,0.0,0.0,161
2023-05-10 09:34:35,HO2312-C-2300,HO2312-C-2300,394.6,0.0,0.0,0.0,6,391.8,398.4,6,394.6,383.4,0.0,0.0,0.0,0.0,161
2023-05-10 09:34:42,HO2312-C-2300,HO2312-C-2300,394.6,0.0,0.0,0.0,6,391.8,399.4,6,394.6,383.4,0.0,0.0,0.0,0.0,161
2023-05-10 09:34:43,HO2312-C-2300,HO2312-C-2300,394.6,0.0,0.0,0.0,6,391.4,399.4,6,394.6,383.4,0.0,0.0,0.0,0.0,161
2023-05-10 09:34:45,HO2312-C-2300,HO2312-C-2300,394.6,0.0,0.0,0.0,6,391.4,398.4,6,394.6,383.4,0.0,0.0,0.0,0.0,161
2023-05-10 09:34:51,HO2312-C-2300,HO2312-C-2300,394.6,0.0,0.0,0.0,6,391.0,398.4,6,394.6,383.4,0.0,0.0,0.0,0.0,161
2023-05-10 09:35:02,HO2312-C-2300,HO2312-C-2300,394.6,0.0,0.0,0.0,6,391.0,398.2,6,394.6,383.4,0.0,0.0,0.0,0.0,161
2023-05-10 09:35:02,HO2312-C-2300,HO2312-C-2300,394.6,0.0,0.0,0.0,6,391.0,397.4,6,394.6,383.4,0.0,0.0,0.0,0.0,161
2023-05-10 09:35:04,HO2312-C-2300,HO2312-C-2300,394.6,0.0,0.0,0.0,12,390.8,397.2,6,394.6,383.4,0.0,0.0,0.0,0.0,161
2023-05-10 09:35:05,HO2312-C-2300,HO2312-C-2300,394.6,0.0,0.0,0.0,6,390.8,397.2,6,394.6,383.4,0.0,0.0,0.0,0.0,161
2023-05-10 09:35:12,HO2312-C-2300,HO2312-C-2300,394.6,0.0,0.0,0.0,6,391.0,397.4,18,394.6,383.4,0.0,0.0,0.0,0.0,161
2023-05-10 09:35:16,HO2312-C-2300,HO2312-C-2300,394.6,0.0,0.0,0.0,6,390.8,397.2,6,394.6,383.4,0.0,0.0,0.0,0.0,161
2023-05-10 09:35:20,HO2312-C-2300,HO2312-C-2300,394.6,0.0,0.0,0.0,6,390.6,397.2,6,394.6,383.4,0.0,0.0,0.0,0.0,161
2023-05-10 09:35:20,HO2312-C-2300,HO2312-C-2300,394.6,0.0,0.0,0.0,6,390.6,396.2,6,394.6,383.4,0.0,0.0,0.0,0.0,161
2023-05-10 09:35:43,HO2312-C-2300,HO2312-C-2300,394.6,0.0,0.0,0.0,6,390.4,396.2,12,394.6,383.4,0.0,0.0,0.0,0.0,161
2023-05-10 09:35:43,HO2312-C-2300,HO2312-C-2300,394.6,0.0,0.0,0.0,18,389.6,396.2,12,394.6,383.4,0.0,0.0,0.0,0.0,161
2023-05-10 09:35:44,HO2312-C-2300,HO2312-C-2300,394.6,0.0,0.0,0.0,6,389.6,396.2,12,394.6,383.4,0.0,0.0,0.0,0.0,161
2023-05-10 09:35:44,HO2312-C-2300,HO2312-C-2300,394.6,0.0,0.0,0.0,6,389.6,396.2,18,394.6,383.4,0.0,0.0,0.0,0.0,161
2023-05-10 09:35:45,HO2312-C-2300,HO2312-C-2300,394.6,0.0,0.0,0.0,6,388.8,396.2,18,394.6,383.4,0.0,0.0,0.0,0.0,161
2023-05-10 09:36:00,HO2312-C-2300,HO2312-C-2300,394.6,0.0,0.0,0.0,6,388.6,396.2,12,394.6,383.4,0.0,0.0,0.0,0.0,161
2023-05-10 09:36:01,HO2312-C-2300,HO2312-C-2300,394.6,0.0,0.0,0.0,6,388.6,397.2,6,394.6,383.4,0.0,0.0,0.0,0.0,161
2023-05-10 09:36:01,HO2312-C-2300,HO2312-C-2300,394.6,0.0,0.0,0.0,6,388.6,397.4,18,394.6,383.4,0.0,0.0,0.0,0.0,161
2023-05-10 09:36:02,HO2312-C-2300,HO2312-C-2300,394.6,0.0,0.0,0.0,7,388.6,397.4,18,394.6,383.4,0.0,0.0,0.0,0.0,161
2023-05-10 09:36:10,HO2312-C-2300,HO2312-C-2300,394.6,0.0,0.0,0.0,6,388.8,397.4,18,394.6,383.4,0.0,0.0,0.0,0.0,161
2023-05-10 09:36:25,HO2312-C-2300,HO2312-C-2300,394.6,0.0,0.0,0.0,6,388.8,397.2,6,394.6,383.4,0.0,0.0,0.0,0.0,161
2023-05-10 09:36:26,HO2312-C-2300,HO2312-C-2300,394.6,0.0,0.0,0.0,6,388.8,396.2,6,394.6,383.4,0.0,0.0,0.0,0.0,161
2023-05-10 09:36:31,HO2312-C-2300,HO2312-C-2300,394.6,0.0,0.0,0.0,1,388.6,396.2,6,394.6,383.4,0.0,0.0,0.0,0.0,161
2023-05-10 09:36:32,HO2312-C-2300,HO2312-C-2300,394.6,0.0,0.0,0.0,6,388.8,396.0,6,394.6,383.4,0.0,0.0,0.0,0.0,161
2023-05-10 09:36:33,HO2312-C-2300,HO2312-C-2300,394.6,0.0,0.0,0.0,6,388.8,395.2,6,394.6,383.4,0.0,0.0,0.0,0.0,161
2023-05-10 09:36:35,HO2312-C-2300,HO2312-C-2300,394.6,0.0,0.0,0.0,6,388.8,396.0,6,394.6,383.4,0.0,0.0,0.0,0.0,161
2023-05-10 09:36:37,HO2312-C-2300,HO2312-C-2300,394.6,0.0,0.0,0.0,6,388.8,396.2,18,394.6,383.4,0.0,0.0,0.0,0.0,161
2023-05-10 09:36:43,HO2312-C-2300,HO2312-C-2300,394.6,0.0,0.0,0.0,6,388.8,396.2,12,394.6,383.4,0.0,0.0,0.0,0.0,161
2023-05-10 09:36:44,HO2312-C-2300,HO2312-C-2300,394.6,0.0,0.0,0.0,6,388.8,396.2,6,394.6,383.4,0.0,0.0,0.0,0.0,161
2023-05-10 09:36:47,HO2312-C-2300,HO2312-C-2300,394.6,0.0,0.0,0.0,6,388.8,396.2,12,394.6,383.4,0.0,0.0,0.0,0.0,161
2023-05-10 09:36:57,HO2312-C-2300,HO2312-C-2300,394.6,0.0,0.0,0.0,6,388.8,395.0,6,394.6,383.4,0.0,0.0,0.0,0.0,161
2023-05-10 09:36:58,HO2312-C-2300,HO2312-C-2300,394.6,0.0,0.0,0.0,6,388.4,395.0,6,394.6,383.4,0.0,0.0,0.0,0.0,161
2023-05-10 09:37:03,HO2312-C-2300,HO2312-C-2300,394.6,0.0,0.0,0.0,6,387.8,395.0,6,394.6,383.4,0.0,0.0,0.0,0.0,161
2023-05-10 09:37:12,HO2312-C-2300,HO2312-C-2300,394.6,0.0,0.0,0.0,6,387.6,395.0,6,394.6,383.4,0.0,0.0,0.0,0.0,161
2023-05-10 09:37:21,HO2312-C-2300,HO2312-C-2300,394.6,0.0,0.0,0.0,6,387.6,395.4,12,394.6,383.4,0.0,0.0,0.0,0.0,161
2023-05-10 09:37:21,HO2312-C-2300,HO2312-C-2300,394.6,0.0,0.0,0.0,6,387.6,395.8,18,394.6,383.4,0.0,0.0,0.0,0.0,161
2023-05-10 09:37:22,HO2312-C-2300,HO2312-C-2300,394.6,0.0,0.0,0.0,6,387.6,395.8,12,394.6,383.4,0.0,0.0,0.0,0.0,161
2023-05-10 09:37:22,HO2312-C-2300,HO2312-C-2300,394.6,0.0,0.0,0.0,6,387.6,396.2,24,394.6,383.4,0.0,0.0,0.0,0.0,161
2023-05-10 09:37:32,HO2312-C-2300,HO2312-C-2300,394.6,0.0,0.0,0.0,6,387.6,395.0,6,394.6,383.4,0.0,0.0,0.0,0.0,161
2023-05-10 09:37:49,HO2312-C-2300,HO2312-C-2300,394.6,0.0,0.0,0.0,6,387.4,395.0,6,394.6,383.4,0.0,0.0,0.0,0.0,161
2023-05-10 09:38:05,HO2312-C-2300,HO2312-C-2300,394.6,0.0,0.0,0.0,6,387.4,395.2,12,394.6,383.4,0.0,0.0,0.0,0.0,161
2023-05-10 09:38:05,HO2312-C-2300,HO2312-C-2300,394.6,0.0,0.0,0.0,6,387.4,395.2,6,394.6,383.4,0.0,0.0,0.0,0.0,161
2023-05-10 09:38:06,HO2312-C-2300,HO2312-C-2300,394.6,0.0,0.0,0.0,6,387.4,395.4,18,394.6,383.4,0.0,0.0,0.0,0.0,161
2023-05-10 09:38:06,HO2312-C-2300,HO2312-C-2300,394.6,0.0,0.0,0.0,6,387.4,395.4,12,394.6,383.4,0.0,0.0,0.0,0.0,161
2023-05-10 09:38:07,HO2312-C-2300,HO2312-C-2300,394.6,0.0,0.0,0.0,6,387.4,396.0,30,394.6,383.4,0.0,0.0,0.0,0.0,161
2023-05-10 09:38:07,HO2312-C-2300,HO2312-C-2300,394.6,0.0,0.0,0.0,6,387.4,396.0,18,394.6,383.4,0.0,0.0,0.0,0.0,161
2023-05-10 09:38:10,HO2312-C-2300,HO2312-C-2300,394.6,0.0,0.0,0.0,6,388.4,396.0,12,394.6,383.4,0.0,0.0,0.0,0.0,161
2023-05-10 09:38:11,HO2312-C-2300,HO2312-C-2300,394.6,0.0,0.0,0.0,6,388.6,396.0,6,394.6,383.4,0.0,0.0,0.0,0.0,161
2023-05-10 09:38:11,HO2312-C-2300,HO2312-C-2300,394.6,0.0,0.0,0.0,6,388.6,396.4,24,394.6,383.4,0.0,0.0,0.0,0.0,161
2023-05-10 09:38:12,HO2312-C-2300,HO2312-C-2300,394.6,0.0,0.0,0.0,6,388.6,396.4,18,394.6,383.4,0.0,0.0,0.0,0.0,161
2023-05-10 09:38:15,HO2312-C-2300,HO2312-C-2300,394.6,0.0,0.0,0.0,6,388.6,396.2,6,394.6,383.4,0.0,0.0,0.0,0.0,161
2023-05-10 09:38:15,HO2312-C-2300,HO2312-C-2300,394.6,0.0,0.0,0.0,6,388.6,396.0,6,394.6,383.4,0.0,0.0,0.0,0.0,161
2023-05-10 09:38:30,HO2312-C-2300,HO2312-C-2300,394.6,0.0,0.0,0.0,6,388.2,395.8,6,394.6,383.4,0.0,0.0,0.0,0.0,161
2023-05-10 09:38:31,HO2312-C-2300,HO2312-C-2300,394.6,0.0,0.0,0.0,6,387.8,395.8,6,394.6,383.4,0.0,0.0,0.0,0.0,161
2023-05-10 09:38:36,HO2312-C-2300,HO2312-C-2300,394.6,0.0,0.0,0.0,6,387.8,396.0,12,394.6,383.4,0.0,0.0,0.0,0.0,161
2023-05-10 09:38:36,HO2312-C-2300,HO2312-C-2300,394.6,0.0,0.0,0.0,6,387.8,396.0,6,394.6,383.4,0.0,0.0,0.0,0.0,161
2023-05-10 09:38:42,HO2312-C-2300,HO2312-C-2300,394.6,0.0,0.0,0.0,6,387.8,395.8,6,394.6,383.4,0.0,0.0,0.0,0.0,161
2023-05-10 09:38:52,HO2312-C-2300,HO2312-C-2300,394.6,0.0,0.0,0.0,6,387.8,396.0,6,394.6,383.4,0.0,0.0,0.0,0.0,161
2023-05-10 09:39:06,HO2312-C-2300,HO2312-C-2300,394.6,0.0,0.0,0.0,6,388.2,396.4,30,394.6,383.4,0.0,0.0,0.0,0.0,161
2023-05-10 09:39:07,HO2312-C-2300,HO2312-C-2300,394.6,0.0,0.0,0.0,6,388.4,396.4,18,394.6,383.4,0.0,0.0,0.0,0.0,161
2023-05-10 09:39:08,HO2312-C-2300,HO2312-C-2300,394.6,0.0,0.0,0.0,1,390.2,396.4,18,394.6,383.4,0.0,0.0,0.0,0.0,161
2023-05-10 09:39:09,HO2312-C-2300,HO2312-C-2300,394.6,0.0,0.0,0.0,6,390.4,396.4,12,394.6,383.4,0.0,0.0,0.0,0.0,161
2023-05-10 09:39:09,HO2312-C-2300,HO2312-C-2300,394.6,0.0,0.0,0.0,6,390.4,396.4,6,394.6,383.4,0.0,0.0,0.0,0.0,161
2023-05-10 09:39:10,HO2312-C-2300,HO2312-C-2300,394.6,0.0,0.0,0.0,7,390.4,396.4,6,394.6,383.4,0.0,0.0,0.0,0.0,161
2023-05-10 09:39:11,HO2312-C-2300,HO2312-C-2300,394.6,0.0,0.0,0.0,7,390.4,397.0,12,394.6,383.4,0.0,0.0,0.0,0.0,161
2023-05-10 09:39:11,HO2312-C-2300,HO2312-C-2300,394.6,0.0,0.0,0.0,7,390.4,397.0,6,394.6,383.4,0.0,0.0,0.0,0.0,161
2023-05-10 09:39:12,HO2312-C-2300,HO2312-C-2300,394.6,0.0,0.0,0.0,7,390.4,397.4,30,394.6,383.4,0.0,0.0,0.0,0.0,161
2023-05-10 09:39:12,HO2312-C-2300,HO2312-C-2300,394.6,0.0,0.0,0.0,7,390.4,397.4,12,394.6,383.4,0.0,0.0,0.0,0.0,161
2023-05-10 09:39:13,HO2312-C-2300,HO2312-C-2300,394.6,0.0,0.0,0.0,7,390.4,397.4,6,394.6,383.4,0.0,0.0,0.0,0.0,161
2023-05-10 09:39:13,HO2312-C-2300,HO2312-C-2300,394.6,0.0,0.0,0.0,7,390.4,397.8,30,394.6,383.4,0.0,0.0,0.0,0.0,161
2023-05-10 09:39:14,HO2312-C-2300,HO2312-C-2300,394.6,0.0,0.0,0.0,6,390.4,397.8,12,394.6,383.4,0.0,0.0,0.0,0.0,161
2023-05-10 09:39:14,HO2312-C-2300,HO2312-C-2300,394.6,0.0,0.0,0.0,6,390.4,397.8,6,394.6,383.4,0.0,0.0,0.0,0.0,161
2023-05-10 09:39:15,HO2312-C-2300,HO2312-C-2300,394.6,0.0,0.0,0.0,6,390.4,398.0,18,394.6,383.4,0.0,0.0,0.0,0.0,161
2023-05-10 09:39:19,HO2312-C-2300,HO2312-C-2300,394.6,0.0,0.0,0.0,6,390.4,397.0,6,394.6,383.4,0.0,0.0,0.0,0.0,161
2023-05-10 09:39:20,HO2312-C-2300,HO2312-C-2300,394.6,0.0,0.0,0.0,6,390.2,396.8,6,394.6,383.4,0.0,0.0,0.0,0.0,161
2023-05-10 09:39:27,HO2312-C-2300,HO2312-C-2300,394.6,0.0,0.0,0.0,6,390.2,395.8,6,394.6,383.4,0.0,0.0,0.0,0.0,161
2023-05-10 09:39:38,HO2312-C-2300,HO2312-C-2300,394.6,0.0,0.0,0.0,6,390.2,396.8,6,394.6,383.4,0.0,0.0,0.0,0.0,161
2023-05-10 09:39:39,HO2312-C-2300,HO2312-C-2300,394.6,0.0,0.0,0.0,6,390.2,396.2,6,394.6,383.4,0.0,0.0,0.0,0.0,161
2023-05-10 09:39:40,HO2312-C-2300,HO2312-C-2300,394.6,0.0,0.0,0.0,6,389.8,396.2,6,394.6,383.4,0.0,0.0,0.0,0.0,161
2023-05-10 09:40:12,HO2312-C-2300,HO2312-C-2300,394.6,0.0,0.0,0.0,6,389.8,397.0,12,394.6,383.4,0.0,0.0,0.0,0.0,161
2023-05-10 09:40:13,HO2312-C-2300,HO2312-C-2300,394.6,0.0,0.0,0.0,6,389.8,397.0,6,394.6,383.4,0.0,0.0,0.0,0.0,161
2023-05-10 09:40:13,HO2312-C-2300,HO2312-C-2300,394.6,0.0,0.0,0.0,6,389.8,397.4,48,394.6,383.4,0.0,0.0,0.0,0.0,161
2023-05-10 09:40:14,HO2312-C-2300,HO2312-C-2300,394.6,0.0,0.0,0.0,6,389.4,397.4,18,394.6,383.4,0.0,0.0,0.0,0.0,161
2023-05-10 09:40:19,HO2312-C-2300,HO2312-C-2300,394.6,0.0,0.0,0.0,6,389.4,397.2,6,394.6,383.4,0.0,0.0,0.0,0.0,161
2023-05-10 09:40:21,HO2312-C-2300,HO2312-C-2300,394.6,0.0,0.0,0.0,6,389.4,396.4,6,394.6,383.4,0.0,0.0,0.0,0.0,161
2023-05-10 09:40:25,HO2312-C-2300,HO2312-C-2300,394.6,0.0,0.0,0.0,6,389.4,396.2,6,394.6,383.4,0.0,0.0,0.0,0.0,161
2023-05-10 09:40:27,HO2312-C-2300,HO2312-C-2300,394.6,0.0,0.0,0.0,6,389.4,395.2,6,394.6,383.4,0.0,0.0,0.0,0.0,161
2023-05-10 09:40:32,HO2312-C-2300,HO2312-C-2300,394.6,0.0,0.0,0.0,12,388.8,395.2,12,394.6,383.4,0.0,0.0,0.0,0.0,161
2023-05-10 09:40:32,HO2312-C-2300,HO2312-C-2300,394.6,0.0,0.0,0.0,12,388.6,395.2,18,394.6,383.4,0.0,0.0,0.0,0.0,161
2023-05-10 09:40:33,HO2312-C-2300,HO2312-C-2300,394.6,0.0,0.0,0.0,6,388.6,395.2,24,394.6,383.4,0.0,0.0,0.0,0.0,161
2023-05-10 09:40:39,HO2312-C-2300,HO2312-C-2300,394.6,0.0,0.0,0.0,6,388.6,395.2,18,394.6,383.4,0.0,0.0,0.0,0.0,161
2023-05-10 09:40:40,HO2312-C-2300,HO2312-C-2300,394.6,0.0,0.0,0.0,18,388.4,395.2,12,394.6,383.4,0.0,0.0,0.0,0.0,161
2023-05-10 09:40:41,HO2312-C-2300,HO2312-C-2300,394.6,0.0,0.0,0.0,6,388.6,396.2,6,394.6,383.4,0.0,0.0,0.0,0.0,161
2023-05-10 09:40:41,HO2312-C-2300,HO2312-C-2300,394.6,0.0,0.0,0.0,6,388.6,396.4,18,394.6,383.4,0.0,0.0,0.0,0.0,161
2023-05-10 09:40:42,HO2312-C-2300,HO2312-C-2300,394.6,0.0,0.0,0.0,6,388.6,396.4,12,394.6,383.4,0.0,0.0,0.0,0.0,161
2023-05-10 09:40:42,HO2312-C-2300,HO2312-C-2300,394.6,0.0,0.0,0.0,6,388.6,396.6,24,394.6,383.4,0.0,0.0,0.0,0.0,161
2023-05-10 09:40:44,HO2312-C-2300,HO2312-C-2300,394.6,0.0,0.0,0.0,6,388.6,396.6,18,394.6,383.4,0.0,0.0,0.0,0.0,161
2023-05-10 09:40:47,HO2312-C-2300,HO2312-C-2300,394.6,0.0,0.0,0.0,6,388.6,396.4,6,394.6,383.4,0.0,0.0,0.0,0.0,161
2023-05-10 09:40:51,HO2312-C-2300,HO2312-C-2300,394.6,0.0,0.0,0.0,6,388.6,395.6,6,394.6,383.4,0.0,0.0,0.0,0.0,161
2023-05-10 09:41:05,HO2312-C-2300,HO2312-C-2300,394.6,0.0,0.0,0.0,18,388.4,394.4,6,394.6,383.4,0.0,0.0,0.0,0.0,161
2023-05-10 09:41:06,HO2312-C-2300,HO2312-C-2300,394.6,0.0,0.0,0.0,12,388.4,394.4,6,394.6,383.4,0.0,0.0,0.0,0.0,161
2023-05-10 09:41:06,HO2312-C-2300,HO2312-C-2300,394.6,0.0,0.0,0.0,6,388.4,394.4,6,394.6,383.4,0.0,0.0,0.0,0.0,161
2023-05-10 09:41:17,HO2312-C-2300,HO2312-C-2300,394.6,0.0,0.0,0.0,12,388.0,394.4,12,394.6,383.4,0.0,0.0,0.0,0.0,161
2023-05-10 09:41:18,HO2312-C-2300,HO2312-C-2300,394.6,0.0,0.0,0.0,12,387.6,394.4,18,394.6,383.4,0.0,0.0,0.0,0.0,161
2023-05-10 09:41:18,HO2312-C-2300,HO2312-C-2300,394.6,0.0,0.0,0.0,6,387.6,394.4,24,394.6,383.4,0.0,0.0,0.0,0.0,161
2023-05-10 09:41:25,HO2312-C-2300,HO2312-C-2300,394.6,0.0,0.0,0.0,6,387.6,394.4,18,394.6,383.4,0.0,0.0,0.0,0.0,161
2023-05-10 09:41:26,HO2312-C-2300,HO2312-C-2300,394.6,0.0,0.0,0.0,6,387.0,394.4,18,394.6,383.4,0.0,0.0,0.0,0.0,161
2023-05-10 09:41:35,HO2312-C-2300,HO2312-C-2300,394.6,0.0,0.0,0.0,6,387.0,394.4,12,394.6,383.4,0.0,0.0,0.0,0.0,161
2023-05-10 09:41:36,HO2312-C-2300,HO2312-C-2300,394.6,0.0,0.0,0.0,6,387.0,394.6,18,394.6,383.4,0.0,0.0,0.0,0.0,161
2023-05-10 09:41:42,HO2312-C-2300,HO2312-C-2300,394.6,0.0,0.0,0.0,6,387.0,394.6,12,394.6,383.4,0.0,0.0,0.0,0.0,161
2023-05-10 09:41:42,HO2312-C-2300,HO2312-C-2300,394.6,0.0,0.0,0.0,6,387.0,395.4,18,394.6,383.4,0.0,0.0,0.0,0.0,161
2023-05-10 09:41:43,HO2312-C-2300,HO2312-C-2300,394.6,0.0,0.0,0.0,6,387.0,395.4,12,394.6,383.4,0.0,0.0,0.0,0.0,161
2023-05-10 09:41:43,HO2312-C-2300,HO2312-C-2300,394.6,0.0,0.0,0.0,6,387.0,395.6,36,394.6,383.4,0.0,0.0,0.0,0.0,161
2023-05-10 09:41:44,HO2312-C-2300,HO2312-C-2300,394.6,0.0,0.0,0.0,6,387.0,395.6,24,394.6,383.4,0.0,0.0,0.0,0.0,161
2023-05-10 09:41:48,HO2312-C-2300,HO2312-C-2300,394.6,0.0,0.0,0.0,6,387.0,394.4,6,394.6,383.4,0.0,0.0,0.0,0.0,161
2023-05-10 09:41:48,HO2312-C-2300,HO2312-C-2300,394.6,0.0,0.0,0.0,12,386.8,394.4,6,394.6,383.4,0.0,0.0,0.0,0.0,161
2023-05-10 09:41:49,HO2312-C-2300,HO2312-C-2300,394.6,0.0,0.0,0.0,6,387.0,394.2,6,394.6,383.4,0.0,0.0,0.0,0.0,161
2023-05-10 09:41:53,HO2312-C-2300,HO2312-C-2300,394.6,0.0,0.0,0.0,6,386.6,394.2,6,394.6,383.4,0.0,0.0,0.0,0.0,161
2023-05-10 09:42:03,HO2312-C-2300,HO2312-C-2300,394.6,0.0,0.0,0.0,6,386.6,393.2,6,394.6,383.4,0.0,0.0,0.0,0.0,161
2023-05-10 09:43:02,HO2312-C-2300,HO2312-C-2300,394.6,0.0,0.0,0.0,6,386.4,393.0,6,394.6,383.4,0.0,0.0,0.0,0.0,161
2023-05-10 09:43:09,HO2312-C-2300,HO2312-C-2300,394.6,0.0,0.0,0.0,6,386.4,393.2,18,394.6,383.4,0.0,0.0,0.0,0.0,161
2023-05-10 09:43:12,HO2312-C-2300,HO2312-C-2300,394.6,0.0,0.0,0.0,6,386.4,393.2,12,394.6,383.4,0.0,0.0,0.0,0.0,161
2023-05-10 09:43:13,HO2312-C-2300,HO2312-C-2300,394.6,0.0,0.0,0.0,6,386.4,394.2,24,394.6,383.4,0.0,0.0,0.0,0.0,161
2023-05-10 09:43:13,HO2312-C-2300,HO2312-C-2300,394.6,0.0,0.0,0.0,6,386.4,394.2,18,394.6,383.4,0.0,0.0,0.0,0.0,161
2023-05-10 09:43:21,HO2312-C-2300,HO2312-C-2300,394.6,0.0,0.0,0.0,6,386.4,394.2,12,394.6,383.4,0.0,0.0,0.0,0.0,161
2023-05-10 09:43:22,HO2312-C-2300,HO2312-C-2300,394.6,0.0,0.0,0.0,6,386.4,394.6,24,394.6,383.4,0.0,0.0,0.0,0.0,161
2023-05-10 09:43:22,HO2312-C-2300,HO2312-C-2300,394.6,0.0,0.0,0.0,6,386.4,394.6,18,394.6,383.4,0.0,0.0,0.0,0.0,161
2023-05-10 09:43:23,HO2312-C-2300,HO2312-C-2300,394.6,0.0,0.0,0.0,6,386.6,394.6,18,394.6,383.4,0.0,0.0,0.0,0.0,161
2023-05-10 09:43:23,HO2312-C-2300,HO2312-C-2300,394.6,0.0,0.0,0.0,6,386.8,394.6,18,394.6,383.4,0.0,0.0,0.0,0.0,161
2023-05-10 09:43:24,HO2312-C-2300,HO2312-C-2300,394.6,0.0,0.0,0.0,6,387.0,394.6,12,394.6,383.4,0.0,0.0,0.0,0.0,161
2023-05-10 09:43:24,HO2312-C-2300,HO2312-C-2300,394.6,0.0,0.0,0.0,6,387.2,394.6,6,394.6,383.4,0.0,0.0,0.0,0.0,161
2023-05-10 09:43:25,HO2312-C-2300,HO2312-C-2300,394.6,0.0,0.0,0.0,6,387.2,395.2,18,394.6,383.4,0.0,0.0,0.0,0.0,161
2023-05-10 09:43:32,HO2312-C-2300,HO2312-C-2300,394.6,0.0,0.0,0.0,6,387.2,394.8,6,394.6,383.4,0.0,0.0,0.0,0.0,161
2023-05-10 09:43:42,HO2312-C-2300,HO2312-C-2300,394.6,0.0,0.0,0.0,6,386.8,394.6,6,394.6,383.4,0.0,0.0,0.0,0.0,161
2023-05-10 09:43:49,HO2312-C-2300,HO2312-C-2300,394.6,0.0,0.0,0.0,6,386.8,393.6,6,394.6,383.4,0.0,0.0,0.0,0.0,161
2023-05-10 09:43:51,HO2312-C-2300,HO2312-C-2300,394.6,0.0,0.0,0.0,6,386.8,393.6,12,394.6,383.4,0.0,0.0,0.0,0.0,161
2023-05-10 09:43:52,HO2312-C-2300,HO2312-C-2300,394.6,0.0,0.0,0.0,6,386.8,393.6,18,394.6,383.4,0.0,0.0,0.0,0.0,161
2023-05-10 09:43:53,HO2312-C-2300,HO2312-C-2300,394.6,0.0,0.0,0.0,6,386.8,393.6,24,394.6,383.4,0.0,0.0,0.0,0.0,161
2023-05-10 09:43:58,HO2312-C-2300,HO2312-C-2300,394.6,0.0,0.0,0.0,6,386.4,393.6,18,394.6,383.4,0.0,0.0,0.0,0.0,161
2023-05-10 09:44:02,HO2312-C-2300,HO2312-C-2300,394.6,0.0,0.0,0.0,6,386.4,393.4,6,394.6,383.4,0.0,0.0,0.0,0.0,161
2023-05-10 09:44:13,HO2312-C-2300,HO2312-C-2300,394.6,0.0,0.0,0.0,6,386.4,393.6,18,394.6,383.4,0.0,0.0,0.0,0.0,161
2023-05-10 09:44:15,HO2312-C-2300,HO2312-C-2300,394.6,0.0,0.0,0.0,6,386.4,393.4,6,394.6,383.4,0.0,0.0,0.0,0.0,161
2023-05-10 09:44:28,HO2312-C-2300,HO2312-C-2300,394.6,0.0,0.0,0.0,6,386.4,393.6,18,394.6,383.4,0.0,0.0,0.0,0.0,161
2023-05-10 09:44:30,HO2312-C-2300,HO2312-C-2300,394.6,0.0,0.0,0.0,6,386.4,393.6,24,394.6,383.4,0.0,0.0,0.0,0.0,161
2023-05-10 09:45:17,HO2312-C-2300,HO2312-C-2300,394.6,0.0,0.0,0.0,6,386.4,393.6,18,394.6,383.4,0.0,0.0,0.0,0.0,161
2023-05-10 09:45:18,HO2312-C-2300,HO2312-C-2300,394.6,0.0,0.0,0.0,6,386.4,393.6,12,394.6,383.4,0.0,0.0,0.0,0.0,161
2023-05-10 09:45:18,HO2312-C-2300,HO2312-C-2300,394.6,0.0,0.0,0.0,6,386.4,394.8,24,394.6,383.4,0.0,0.0,0.0,0.0,161
2023-05-10 09:45:34,HO2312-C-2300,HO2312-C-2300,394.6,0.0,0.0,0.0,6,386.6,393.2,6,394.6,383.4,0.0,0.0,0.0,0.0,161
2023-05-10 09:45:35,HO2312-C-2300,HO2312-C-2300,394.6,0.0,0.0,0.0,6,386.8,393.2,6,394.6,383.4,0.0,0.0,0.0,0.0,161
2023-05-10 09:45:49,HO2312-C-2300,HO2312-C-2300,394.6,0.0,0.0,0.0,6,386.8,392.2,6,394.6,383.4,0.0,0.0,0.0,0.0,161
2023-05-10 09:45:50,HO2312-C-2300,HO2312-C-2300,394.6,0.0,0.0,0.0,6,386.4,392.2,6,394.6,383.4,0.0,0.0,0.0,0.0,161
2023-05-10 09:46:06,HO2312-C-2300,HO2312-C-2300,394.6,0.0,0.0,0.0,6,386.4,391.2,6,394.6,383.4,0.0,0.0,0.0,0.0,161
2023-05-10 09:46:19,HO2312-C-2300,HO2312-C-2300,394.6,0.0,0.0,0.0,12,386.2,391.2,6,394.6,383.4,0.0,0.0,0.0,0.0,161
2023-05-10 09:46:20,HO2312-C-2300,HO2312-C-2300,394.6,0.0,0.0,0.0,6,386.2,391.2,6,394.6,383.4,0.0,0.0,0.0,0.0,161
2023-05-10 09:46:26,HO2312-C-2300,HO2312-C-2300,394.6,0.0,0.0,0.0,6,386.4,392.2,12,394.6,383.4,0.0,0.0,0.0,0.0,161
2023-05-10 09:46:26,HO2312-C-2300,HO2312-C-2300,394.6,0.0,0.0,0.0,6,386.4,392.2,6,394.6,383.4,0.0,0.0,0.0,0.0,161
2023-05-10 09:46:27,HO2312-C-2300,HO2312-C-2300,394.6,0.0,0.0,0.0,6,386.4,392.4,18,394.6,383.4,0.0,0.0,0.0,0.0,161
2023-05-10 09:46:37,HO2312-C-2300,HO2312-C-2300,394.6,0.0,0.0,0.0,6,386.4,391.4,6,394.6,383.4,0.0,0.0,0.0,0.0,161
2023-05-10 09:46:54,HO2312-C-2300,HO2312-C-2300,394.6,0.0,0.0,0.0,12,386.2,391.4,6,394.6,383.4,0.0,0.0,0.0,0.0,161
2023-05-10 09:46:55,HO2312-C-2300,HO2312-C-2300,394.6,0.0,0.0,0.0,6,386.2,391.4,6,394.6,383.4,0.0,0.0,0.0,0.0,161
2023-05-10 09:47:02,HO2312-C-2300,HO2312-C-2300,394.6,0.0,0.0,0.0,6,386.2,390.4,6,394.6,383.4,0.0,0.0,0.0,0.0,161
2023-05-10 09:47:07,HO2312-C-2300,HO2312-C-2300,394.6,0.0,0.0,0.0,6,386.2,391.6,6,394.6,383.4,0.0,0.0,0.0,0.0,161
2023-05-10 09:47:47,HO2312-C-2300,HO2312-C-2300,394.6,0.0,0.0,0.0,6,386.2,390.6,6,394.6,383.4,0.0,0.0,0.0,0.0,161
2023-05-10 09:47:53,HO2312-C-2300,HO2312-C-2300,394.6,0.0,0.0,0.0,6,386.2,391.6,6,394.6,383.4,0.0,0.0,0.0,0.0,161
2023-05-10 09:48:12,HO2312-C-2300,HO2312-C-2300,394.6,0.0,0.0,0.0,6,386.4,392.4,12,394.6,383.4,0.0,0.0,0.0,0.0,161
2023-05-10 09:48:12,HO2312-C-2300,HO2312-C-2300,394.6,0.0,0.0,0.0,6,386.4,392.4,6,394.6,383.4,0.0,0.0,0.0,0.0,161
2023-05-10 09:48:13,HO2312-C-2300,HO2312-C-2300,394.6,0.0,0.0,0.0,6,386.4,392.6,18,394.6,383.4,0.0,0.0,0.0,0.0,161
2023-05-10 09:48:13,HO2312-C-2300,HO2312-C-2300,394.6,0.0,0.0,0.0,6,386.4,392.6,12,394.6,383.4,0.0,0.0,0.0,0.0,161
2023-05-10 09:48:14,HO2312-C-2300,HO2312-C-2300,394.6,0.0,0.0,0.0,6,386.4,392.6,6,394.6,383.4,0.0,0.0,0.0,0.0,161
2023-05-10 09:48:14,HO2312-C-2300,HO2312-C-2300,394.6,0.0,0.0,0.0,6,386.4,391.8,6,394.6,383.4,0.0,0.0,0.0,0.0,161
2023-05-10 09:48:17,HO2312-C-2300,HO2312-C-2300,394.6,0.0,0.0,0.0,12,386.2,391.8,6,394.6,383.4,0.0,0.0,0.0,0.0,161
2023-05-10 09:48:18,HO2312-C-2300,HO2312-C-2300,394.6,0.0,0.0,0.0,6,386.2,391.8,6,394.6,383.4,0.0,0.0,0.0,0.0,161
2023-05-10 09:48:28,HO2312-C-2300,HO2312-C-2300,394.6,0.0,0.0,0.0,6,386.4,391.8,6,394.6,383.4,0.0,0.0,0.0,0.0,161
2023-05-10 09:48:46,HO2312-C-2300,HO2312-C-2300,394.6,0.0,0.0,0.0,12,386.2,391.8,6,394.6,383.4,0.0,0.0,0.0,0.0,161
2023-05-10 09:48:46,HO2312-C-2300,HO2312-C-2300,394.6,0.0,0.0,0.0,6,386.2,391.8,6,394.6,383.4,0.0,0.0,0.0,0.0,161
2023-05-10 09:48:47,HO2312-C-2300,HO2312-C-2300,394.6,0.0,0.0,0.0,6,386.2,390.8,6,394.6,383.4,0.0,0.0,0.0,0.0,161
2023-05-10 09:48:52,HO2312-C-2300,HO2312-C-2300,394.6,0.0,0.0,0.0,6,386.2,390.0,6,394.6,383.4,0.0,0.0,0.0,0.0,161
2023-05-10 09:49:00,HO2312-C-2300,HO2312-C-2300,394.6,0.0,0.0,0.0,12,386.0,390.0,6,394.6,383.4,0.0,0.0,0.0,0.0,161
2023-05-10 09:49:01,HO2312-C-2300,HO2312-C-2300,394.6,0.0,0.0,0.0,6,385.6,390.0,6,394.6,383.4,0.0,0.0,0.0,0.0,161
2023-05-10 09:49:01,HO2312-C-2300,HO2312-C-2300,394.6,0.0,0.0,0.0,6,385.2,390.0,6,394.6,383.4,0.0,0.0,0.0,0.0,161
2023-05-10 09:49:15,HO2312-C-2300,HO2312-C-2300,394.6,0.0,0.0,0.0,6,385.2,390.8,6,394.6,383.4,0.0,0.0,0.0,0.0,161
2023-05-10 09:49:18,HO2312-C-2300,HO2312-C-2300,394.6,0.0,0.0,0.0,12,385.0,390.8,6,394.6,383.4,0.0,0.0,0.0,0.0,161
2023-05-10 09:49:18,HO2312-C-2300,HO2312-C-2300,394.6,0.0,0.0,0.0,6,385.0,389.6,6,394.6,383.4,0.0,0.0,0.0,0.0,161
2023-05-10 09:50:15,HO2312-C-2300,HO2312-C-2300,394.6,0.0,0.0,0.0,6,385.0,390.4,6,394.6,383.4,0.0,0.0,0.0,0.0,161
2023-05-10 09:50:15,HO2312-C-2300,HO2312-C-2300,394.6,0.0,0.0,0.0,6,384.6,390.4,6,394.6,383.4,0.0,0.0,0.0,0.0,161
2023-05-10 09:50:19,HO2312-C-2300,HO2312-C-2300,394.6,0.0,0.0,0.0,12,384.6,391.4,24,394.6,383.4,0.0,0.0,0.0,0.0,161
2023-05-10 09:50:19,HO2312-C-2300,HO2312-C-2300,394.6,0.0,0.0,0.0,18,384.6,391.4,12,394.6,383.4,0.0,0.0,0.0,0.0,161
2023-05-10 09:50:20,HO2312-C-2300,HO2312-C-2300,394.6,0.0,0.0,0.0,24,384.6,391.4,6,394.6,383.4,0.0,0.0,0.0,0.0,161
2023-05-10 09:50:24,HO2312-C-2300,HO2312-C-2300,394.6,0.0,0.0,0.0,6,384.8,391.4,6,394.6,383.4,0.0,0.0,0.0,0.0,161
2023-05-10 09:50:30,HO2312-C-2300,HO2312-C-2300,394.6,0.0,0.0,0.0,6,385.6,391.6,12,394.6,383.4,0.0,0.0,0.0,0.0,161
2023-05-10 09:50:31,HO2312-C-2300,HO2312-C-2300,394.6,0.0,0.0,0.0,6,385.8,391.6,6,394.6,383.4,0.0,0.0,0.0,0.0,161
2023-05-10 09:50:31,HO2312-C-2300,HO2312-C-2300,394.6,0.0,0.0,0.0,6,385.8,391.8,12,394.6,383.4,0.0,0.0,0.0,0.0,161
2023-05-10 09:50:32,HO2312-C-2300,HO2312-C-2300,394.6,0.0,0.0,0.0,6,385.8,391.8,6,394.6,383.4,0.0,0.0,0.0,0.0,161
2023-05-10 09:50:33,HO2312-C-2300,HO2312-C-2300,394.6,0.0,0.0,0.0,6,385.8,391.2,6,394.6,383.4,0.0,0.0,0.0,0.0,161
2023-05-10 09:50:34,HO2312-C-2300,HO2312-C-2300,394.6,0.0,0.0,0.0,6,384.8,391.2,6,394.6,383.4,0.0,0.0,0.0,0.0,161
2023-05-10 09:51:02,HO2312-C-2300,HO2312-C-2300,394.6,0.0,0.0,0.0,12,384.6,389.6,6,394.6,383.4,0.0,0.0,0.0,0.0,161
2023-05-10 09:51:02,HO2312-C-2300,HO2312-C-2300,394.6,0.0,0.0,0.0,6,384.6,389.6,6,394.6,383.4,0.0,0.0,0.0,0.0,161
2023-05-10 09:51:03,HO2312-C-2300,HO2312-C-2300,394.6,0.0,0.0,0.0,18,384.4,389.6,6,394.6,383.4,0.0,0.0,0.0,0.0,161
2023-05-10 09:51:03,HO2312-C-2300,HO2312-C-2300,394.6,0.0,0.0,0.0,12,384.4,389.6,6,394.6,383.4,0.0,0.0,0.0,0.0,161
2023-05-10 09:51:04,HO2312-C-2300,HO2312-C-2300,394.6,0.0,0.0,0.0,6,384.4,389.6,6,394.6,383.4,0.0,0.0,0.0,0.0,161
2023-05-10 09:51:04,HO2312-C-2300,HO2312-C-2300,394.6,0.0,0.0,0.0,25,384.0,389.6,6,394.6,383.4,0.0,0.0,0.0,0.0,161
2023-05-10 09:51:11,HO2312-C-2300,HO2312-C-2300,394.6,0.0,0.0,0.0,25,384.0,390.6,6,394.6,383.4,0.0,0.0,0.0,0.0,161
2023-05-10 09:51:12,HO2312-C-2300,HO2312-C-2300,394.6,0.0,0.0,0.0,6,384.2,390.6,6,394.6,383.4,0.0,0.0,0.0,0.0,161
2023-05-10 09:51:16,HO2312-C-2300,HO2312-C-2300,394.6,0.0,0.0,0.0,6,384.8,391.0,12,394.6,383.4,0.0,0.0,0.0,0.0,161
2023-05-10 09:51:16,HO2312-C-2300,HO2312-C-2300,394.6,0.0,0.0,0.0,6,385.0,391.0,6,394.6,383.4,0.0,0.0,0.0,0.0,161
2023-05-10 09:51:17,HO2312-C-2300,HO2312-C-2300,394.6,0.0,0.0,0.0,6,385.0,391.6,18,394.6,383.4,0.0,0.0,0.0,0.0,161
2023-05-10 09:51:24,HO2312-C-2300,HO2312-C-2300,394.6,0.0,0.0,0.0,6,385.0,390.6,6,394.6,383.4,0.0,0.0,0.0,0.0,161
2023-05-10 09:52:00,HO2312-C-2300,HO2312-C-2300,394.6,0.0,0.0,0.0,6,384.8,390.6,6,394.6,383.4,0.0,0.0,0.0,0.0,161
2023-05-10 09:52:01,HO2312-C-2300,HO2312-C-2300,394.6,0.0,0.0,0.0,6,384.6,390.6,6,394.6,383.4,0.0,0.0,0.0,0.0,161
2023-05-10 09:52:01,HO2312-C-2300,HO2312-C-2300,394.6,0.0,0.0,0.0,6,384.6,389.4,6,394.6,383.4,0.0,0.0,0.0,0.0,161
2023-05-10 09:52:16,HO2312-C-2300,HO2312-C-2300,394.6,0.0,0.0,0.0,12,384.2,389.4,6,394.6,383.4,0.0,0.0,0.0,0.0,161
2023-05-10 09:52:16,HO2312-C-2300,HO2312-C-2300,394.6,0.0,0.0,0.0,12,384.0,389.4,6,394.6,383.4,0.0,0.0,0.0,0.0,161
2023-05-10 09:52:17,HO2312-C-2300,HO2312-C-2300,394.6,0.0,0.0,0.0,6,384.0,388.4,6,394.6,383.4,0.0,0.0,0.0,0.0,161
2023-05-10 09:52:19,HO2312-C-2300,HO2312-C-2300,394.6,0.0,0.0,0.0,12,383.8,388.4,6,394.6,383.4,0.0,0.0,0.0,0.0,161
2023-05-10 09:52:19,HO2312-C-2300,HO2312-C-2300,394.6,0.0,0.0,0.0,6,383.6,388.4,6,394.6,383.4,0.0,0.0,0.0,0.0,161
2023-05-10 09:52:55,HO2312-C-2300,HO2312-C-2300,394.6,0.0,0.0,0.0,36,382.8,388.4,6,394.6,383.4,0.0,0.0,0.0,0.0,161
2023-05-10 09:52:55,HO2312-C-2300,HO2312-C-2300,394.6,0.0,0.0,0.0,18,382.8,388.4,6,394.6,383.4,0.0,0.0,0.0,0.0,161
2023-05-10 09:52:58,HO2312-C-2300,HO2312-C-2300,394.6,0.0,0.0,0.0,12,382.8,388.4,6,394.6,383.4,0.0,0.0,0.0,0.0,161
2023-05-10 09:52:58,HO2312-C-2300,HO2312-C-2300,394.6,0.0,0.0,0.0,6,382.8,388.4,6,394.6,383.4,0.0,0.0,0.0,0.0,161
2023-05-10 09:53:03,HO2312-C-2300,HO2312-C-2300,394.6,0.0,0.0,0.0,6,382.8,387.6,6,394.6,383.4,0.0,0.0,0.0,0.0,161
2023-05-10 09:53:04,HO2312-C-2300,HO2312-C-2300,394.6,0.0,0.0,0.0,6,382.2,387.6,6,394.6,383.4,0.0,0.0,0.0,0.0,161
2023-05-10 09:53:15,HO2312-C-2300,HO2312-C-2300,394.6,0.0,0.0,0.0,12,382.2,388.8,6,394.6,383.4,0.0,0.0,0.0,0.0,161
2023-05-10 09:53:30,HO2312-C-2300,HO2312-C-2300,394.6,0.0,0.0,0.0,6,382.2,387.8,6,394.6,383.4,0.0,0.0,0.0,0.0,161
2023-05-10 09:54:37,HO2312-C-2300,HO2312-C-2300,394.6,0.0,0.0,0.0,12,381.8,386.8,6,394.6,383.4,0.0,0.0,0.0,0.0,161
2023-05-10 09:54:37,HO2312-C-2300,HO2312-C-2300,394.6,0.0,0.0,0.0,6,381.8,386.8,6,394.6,383.4,0.0,0.0,0.0,0.0,161
2023-05-10 09:55:06,HO2312-C-2300,HO2312-C-2300,394.6,0.0,0.0,0.0,6,381.8,385.8,6,394.6,383.4,0.0,0.0,0.0,0.0,161
2023-05-10 09:55:06,HO2312-C-2300,HO2312-C-2300,394.6,0.0,0.0,0.0,12,381.4,385.8,6,394.6,383.4,0.0,0.0,0.0,0.0,161
2023-05-10 09:55:07,HO2312-C-2300,HO2312-C-2300,394.6,0.0,0.0,0.0,6,381.4,385.8,6,394.6,383.4,0.0,0.0,0.0,0.0,161
2023-05-10 09:55:33,HO2312-C-2300,HO2312-C-2300,394.6,0.0,0.0,0.0,6,381.4,385.0,6,394.6,383.4,0.0,0.0,0.0,0.0,161
2023-05-10 09:55:42,HO2312-C-2300,HO2312-C-2300,394.6,0.0,0.0,0.0,6,381.2,385.0,6,394.6,383.4,0.0,0.0,0.0,0.0,161
2023-05-10 09:55:43,HO2312-C-2300,HO2312-C-2300,394.6,0.0,0.0,0.0,12,380.4,385.0,6,394.6,383.4,0.0,0.0,0.0,0.0,161
2023-05-10 09:55:43,HO2312-C-2300,HO2312-C-2300,394.6,0.0,0.0,0.0,6,380.4,385.0,6,394.6,383.4,0.0,0.0,0.0,0.0,161
2023-05-10 09:56:07,HO2312-C-2300,HO2312-C-2300,394.6,0.0,0.0,0.0,6,380.0,386.0,6,394.6,383.4,0.0,0.0,0.0,0.0,161
2023-05-10 09:56:59,HO2312-C-2300,HO2312-C-2300,394.6,0.0,0.0,0.0,6,380.0,385.0,6,394.6,383.4,0.0,0.0,0.0,0.0,161
2023-05-10 09:57:11,HO2312-C-2300,HO2312-C-2300,394.6,0.0,0.0,0.0,6,380.0,386.0,6,394.6,383.4,0.0,0.0,0.0,0.0,161
2023-05-10 09:57:20,HO2312-C-2300,HO2312-C-2300,394.6,0.0,0.0,0.0,6,380.0,385.0,6,394.6,383.4,0.0,0.0,0.0,0.0,161
2023-05-10 09:57:28,HO2312-C-2300,HO2312-C-2300,394.6,0.0,0.0,0.0,6,380.0,386.0,6,394.6,383.4,0.0,0.0,0.0,0.0,161
2023-05-10 09:57:41,HO2312-C-2300,HO2312-C-2300,394.6,0.0,0.0,0.0,6,380.0,385.2,6,394.6,383.4,0.0,0.0,0.0,0.0,161
2023-05-10 09:58:01,HO2312-C-2300,HO2312-C-2300,394.6,0.0,0.0,0.0,6,380.0,386.0,6,394.6,383.4,0.0,0.0,0.0,0.0,161
2023-05-10 09:58:09,HO2312-C-2300,HO2312-C-2300,394.6,0.0,0.0,0.0,6,380.0,385.2,6,394.6,383.4,0.0,0.0,0.0,0.0,161
2023-05-10 09:58:10,HO2312-C-2300,HO2312-C-2300,394.6,0.0,0.0,0.0,12,379.8,385.2,6,394.6,383.4,0.0,0.0,0.0,0.0,161
2023-05-10 09:58:28,HO2312-C-2300,HO2312-C-2300,394.6,0.0,0.0,0.0,12,379.8,386.0,6,394.6,383.4,0.0,0.0,0.0,0.0,161
2023-05-10 09:58:30,HO2312-C-2300,HO2312-C-2300,394.6,0.0,0.0,0.0,6,380.0,386.0,6,394.6,383.4,0.0,0.0,0.0,0.0,161
2023-05-10 09:59:07,HO2312-C-2300,HO2312-C-2300,394.6,0.0,0.0,0.0,12,379.8,386.0,6,394.6,383.4,0.0,0.0,0.0,0.0,161
2023-05-10 09:59:07,HO2312-C-2300,HO2312-C-2300,394.6,0.0,0.0,0.0,12,379.8,384.8,6,394.6,383.4,0.0,0.0,0.0,0.0,161
2023-05-10 09:59:29,HO2312-C-2300,HO2312-C-2300,394.6,0.0,0.0,0.0,12,379.8,385.8,6,394.6,383.4,0.0,0.0,0.0,0.0,161
2023-05-10 09:59:32,HO2312-C-2300,HO2312-C-2300,394.6,0.0,0.0,0.0,6,380.0,385.8,6,394.6,383.4,0.0,0.0,0.0,0.0,161
2023-05-10 09:59:34,HO2312-C-2300,HO2312-C-2300,394.6,0.0,0.0,0.0,12,380.0,386.6,6,394.6,383.4,0.0,0.0,0.0,0.0,161
2023-05-10 10:00:05,HO2312-C-2300,HO2312-C-2300,394.6,0.0,0.0,0.0,6,380.2,386.6,6,394.6,383.4,0.0,0.0,0.0,0.0,161
2023-05-10 10:00:09,HO2312-C-2300,HO2312-C-2300,394.6,0.0,0.0,0.0,6,381.2,387.0,12,394.6,383.4,0.0,0.0,0.0,0.0,161
2023-05-10 10:00:10,HO2312-C-2300,HO2312-C-2300,394.6,0.0,0.0,0.0,6,381.4,387.4,12,394.6,383.4,0.0,0.0,0.0,0.0,161
2023-05-10 10:00:10,HO2312-C-2300,HO2312-C-2300,394.6,0.0,0.0,0.0,6,381.4,387.4,6,394.6,383.4,0.0,0.0,0.0,0.0,161
2023-05-10 10:00:11,HO2312-C-2300,HO2312-C-2300,394.6,0.0,0.0,0.0,6,381.4,387.6,18,394.6,383.4,0.0,0.0,0.0,0.0,161
2023-05-10 10:00:11,HO2312-C-2300,HO2312-C-2300,394.6,0.0,0.0,0.0,6,381.4,387.6,12,394.6,383.4,0.0,0.0,0.0,0.0,161
2023-05-10 10:00:12,HO2312-C-2300,HO2312-C-2300,394.6,0.0,0.0,0.0,6,381.4,387.8,30,394.6,383.4,0.0,0.0,0.0,0.0,161
2023-05-10 10:00:12,HO2312-C-2300,HO2312-C-2300,394.6,0.0,0.0,0.0,6,381.4,387.8,24,394.6,383.4,0.0,0.0,0.0,0.0,161
2023-05-10 10:00:13,HO2312-C-2300,HO2312-C-2300,394.6,0.0,0.0,0.0,6,381.4,387.8,18,394.6,383.4,0.0,0.0,0.0,0.0,161
2023-05-10 10:00:16,HO2312-C-2300,HO2312-C-2300,394.6,0.0,0.0,0.0,6,381.4,387.8,12,394.6,383.4,0.0,0.0,0.0,0.0,161
2023-05-10 10:00:16,HO2312-C-2300,HO2312-C-2300,394.6,0.0,0.0,0.0,6,381.4,387.8,6,394.6,383.4,0.0,0.0,0.0,0.0,161
2023-05-10 10:00:34,HO2312-C-2300,HO2312-C-2300,394.6,0.0,0.0,0.0,6,382.0,388.4,12,394.6,383.4,0.0,0.0,0.0,0.0,161
2023-05-10 10:00:35,HO2312-C-2300,HO2312-C-2300,394.6,0.0,0.0,0.0,6,382.2,388.6,18,394.6,383.4,0.0,0.0,0.0,0.0,161
2023-05-10 10:00:35,HO2312-C-2300,HO2312-C-2300,394.6,0.0,0.0,0.0,6,382.2,388.6,12,394.6,383.4,0.0,0.0,0.0,0.0,161
2023-05-10 10:00:36,HO2312-C-2300,HO2312-C-2300,394.6,0.0,0.0,0.0,6,382.2,388.6,6,394.6,383.4,0.0,0.0,0.0,0.0,161
2023-05-10 10:00:36,HO2312-C-2300,HO2312-C-2300,394.6,0.0,0.0,0.0,6,382.2,388.8,18,394.6,383.4,0.0,0.0,0.0,0.0,161
2023-05-10 10:00:47,HO2312-C-2300,HO2312-C-2300,394.6,0.0,0.0,0.0,7,382.2,388.8,18,394.6,383.4,0.0,0.0,0.0,0.0,161
2023-05-10 10:00:57,HO2312-C-2300,HO2312-C-2300,394.6,0.0,0.0,0.0,7,382.2,388.8,12,394.6,383.4,0.0,0.0,0.0,0.0,161
2023-05-10 10:00:58,HO2312-C-2300,HO2312-C-2300,394.6,0.0,0.0,0.0,7,382.2,388.8,6,394.6,383.4,0.0,0.0,0.0,0.0,161
2023-05-10 10:01:53,HO2312-C-2300,HO2312-C-2300,394.6,0.0,0.0,0.0,6,382.4,388.8,6,394.6,383.4,0.0,0.0,0.0,0.0,161
2023-05-10 10:01:54,HO2312-C-2300,HO2312-C-2300,394.6,0.0,0.0,0.0,6,383.0,389.2,18,394.6,383.4,0.0,0.0,0.0,0.0,161
2023-05-10 10:01:55,HO2312-C-2300,HO2312-C-2300,394.6,0.0,0.0,0.0,6,383.2,389.2,12,394.6,383.4,0.0,0.0,0.0,0.0,161
2023-05-10 10:01:55,HO2312-C-2300,HO2312-C-2300,394.6,0.0,0.0,0.0,6,383.2,389.2,6,394.6,383.4,0.0,0.0,0.0,0.0,161
2023-05-10 10:02:39,HO2312-C-2300,HO2312-C-2300,394.6,0.0,0.0,0.0,6,383.2,389.6,18,394.6,383.4,0.0,0.0,0.0,0.0,161
2023-05-10 10:02:40,HO2312-C-2300,HO2312-C-2300,394.6,0.0,0.0,0.0,6,383.2,389.6,12,394.6,383.4,0.0,0.0,0.0,0.0,161
2023-05-10 10:02:41,HO2312-C-2300,HO2312-C-2300,394.6,0.0,0.0,0.0,6,383.2,389.6,6,394.6,383.4,0.0,0.0,0.0,0.0,161
2023-05-10 10:03:09,HO2312-C-2300,HO2312-C-2300,394.6,0.0,0.0,0.0,6,384.0,389.8,12,394.6,383.4,0.0,0.0,0.0,0.0,161
2023-05-10 10:03:09,HO2312-C-2300,HO2312-C-2300,394.6,0.0,0.0,0.0,6,384.0,390.0,18,394.6,383.4,0.0,0.0,0.0,0.0,161
2023-05-10 10:03:10,HO2312-C-2300,HO2312-C-2300,394.6,0.0,0.0,0.0,6,384.2,390.0,6,394.6,383.4,0.0,0.0,0.0,0.0,161
2023-05-10 10:03:10,HO2312-C-2300,HO2312-C-2300,394.6,0.0,0.0,0.0,6,384.2,390.4,30,394.6,383.4,0.0,0.0,0.0,0.0,161
2023-05-10 10:03:11,HO2312-C-2300,HO2312-C-2300,394.6,0.0,0.0,0.0,6,384.2,390.4,12,394.6,383.4,0.0,0.0,0.0,0.0,161
2023-05-10 10:03:11,HO2312-C-2300,HO2312-C-2300,394.6,0.0,0.0,0.0,6,384.2,390.8,30,394.6,383.4,0.0,0.0,0.0,0.0,161
2023-05-10 10:03:12,HO2312-C-2300,HO2312-C-2300,394.6,0.0,0.0,0.0,6,384.2,390.8,18,394.6,383.4,0.0,0.0,0.0,0.0,161
2023-05-10 10:03:12,HO2312-C-2300,HO2312-C-2300,394.6,0.0,0.0,0.0,6,385.0,390.8,12,394.6,383.4,0.0,0.0,0.0,0.0,161
2023-05-10 10:03:13,HO2312-C-2300,HO2312-C-2300,394.6,0.0,0.0,0.0,6,385.2,390.8,6,394.6,383.4,0.0,0.0,0.0,0.0,161
2023-05-10 10:03:13,HO2312-C-2300,HO2312-C-2300,394.6,0.0,0.0,0.0,6,385.2,391.0,18,394.6,383.4,0.0,0.0,0.0,0.0,161
2023-05-10 10:03:15,HO2312-C-2300,HO2312-C-2300,394.6,0.0,0.0,0.0,6,385.2,391.0,12,394.6,383.4,0.0,0.0,0.0,0.0,161
2023-05-10 10:03:16,HO2312-C-2300,HO2312-C-2300,394.6,0.0,0.0,0.0,6,385.2,391.0,6,394.6,383.4,0.0,0.0,0.0,0.0,161
2023-05-10 10:04:00,HO2312-C-2300,HO2312-C-2300,394.6,0.0,0.0,0.0,6,385.2,390.6,6,394.6,383.4,0.0,0.0,0.0,0.0,161
2023-05-10 10:04:01,HO2312-C-2300,HO2312-C-2300,394.6,0.0,0.0,0.0,13,385.0,390.6,6,394.6,383.4,0.0,0.0,0.0,0.0,161
2023-05-10 10:04:01,HO2312-C-2300,HO2312-C-2300,394.6,0.0,0.0,0.0,7,385.0,390.6,6,394.6,383.4,0.0,0.0,0.0,0.0,161
2023-05-10 10:04:02,HO2312-C-2300,HO2312-C-2300,394.6,0.0,0.0,0.0,1,385.0,390.6,6,394.6,383.4,0.0,0.0,0.0,0.0,161
2023-05-10 10:04:09,HO2312-C-2300,HO2312-C-2300,394.6,0.0,0.0,0.0,6,385.2,390.6,6,394.6,383.4,0.0,0.0,0.0,0.0,161
2023-05-10 10:04:31,HO2312-C-2300,HO2312-C-2300,394.6,0.0,0.0,0.0,6,384.8,390.6,6,394.6,383.4,0.0,0.0,0.0,0.0,161
2023-05-10 10:04:33,HO2312-C-2300,HO2312-C-2300,394.6,0.0,0.0,0.0,6,384.4,390.6,6,394.6,383.4,0.0,0.0,0.0,0.0,161
2023-05-10 10:04:39,HO2312-C-2300,HO2312-C-2300,394.6,0.0,0.0,0.0,6,384.4,389.8,6,394.6,383.4,0.0,0.0,0.0,0.0,161
2023-05-10 10:04:42,HO2312-C-2300,HO2312-C-2300,394.6,0.0,0.0,0.0,6,384.4,390.6,6,394.6,383.4,0.0,0.0,0.0,0.0,161
2023-05-10 10:05:12,HO2312-C-2300,HO2312-C-2300,394.6,0.0,0.0,0.0,6,384.4,389.8,6,394.6,383.4,0.0,0.0,0.0,0.0,161
2023-05-10 10:05:27,HO2312-C-2300,HO2312-C-2300,394.6,0.0,0.0,0.0,6,384.4,390.8,6,394.6,383.4,0.0,0.0,0.0,0.0,161
2023-05-10 10:06:55,HO2312-C-2300,HO2312-C-2300,394.6,0.0,0.0,0.0,6,385.0,391.0,18,394.6,383.4,0.0,0.0,0.0,0.0,161
2023-05-10 10:06:55,HO2312-C-2300,HO2312-C-2300,394.6,0.0,0.0,0.0,6,385.2,391.0,12,394.6,383.4,0.0,0.0,0.0,0.0,161
2023-05-10 10:06:56,HO2312-C-2300,HO2312-C-2300,394.6,0.0,0.0,0.0,6,385.2,391.0,6,394.6,383.4,0.0,0.0,0.0,0.0,161
2023-05-10 10:06:58,HO2312-C-2300,HO2312-C-2300,394.6,0.0,0.0,0.0,6,385.2,391.8,18,394.6,383.4,0.0,0.0,0.0,0.0,161
2023-05-10 10:07:01,HO2312-C-2300,HO2312-C-2300,394.6,0.0,0.0,0.0,6,385.2,391.8,12,394.6,383.4,0.0,0.0,0.0,0.0,161
2023-05-10 10:07:02,HO2312-C-2300,HO2312-C-2300,394.6,0.0,0.0,0.0,6,385.2,391.8,6,394.6,383.4,0.0,0.0,0.0,0.0,161
2023-05-10 10:07:41,HO2312-C-2300,HO2312-C-2300,394.6,0.0,0.0,0.0,6,385.2,390.8,6,394.6,383.4,0.0,0.0,0.0,0.0,161
2023-05-10 10:07:43,HO2312-C-2300,HO2312-C-2300,394.6,0.0,0.0,0.0,6,384.8,390.8,6,394.6,383.4,0.0,0.0,0.0,0.0,161
2023-05-10 10:07:58,HO2312-C-2300,HO2312-C-2300,394.6,0.0,0.0,0.0,6,384.8,390.0,6,394.6,383.4,0.0,0.0,0.0,0.0,161
2023-05-10 10:08:04,HO2312-C-2300,HO2312-C-2300,394.6,0.0,0.0,0.0,6,384.6,390.0,6,394.6,383.4,0.0,0.0,0.0,0.0,161
2023-05-10 10:08:40,HO2312-C-2300,HO2312-C-2300,394.6,0.0,0.0,0.0,12,384.2,389.0,6,394.6,383.4,0.0,0.0,0.0,0.0,161
2023-05-10 10:08:40,HO2312-C-2300,HO2312-C-2300,394.6,0.0,0.0,0.0,6,384.0,389.0,6,394.6,383.4,0.0,0.0,0.0,0.0,161
2023-05-10 10:08:45,HO2312-C-2300,HO2312-C-2300,394.6,0.0,0.0,0.0,6,384.0,390.0,6,394.6,383.4,0.0,0.0,0.0,0.0,161
2023-05-10 10:08:46,HO2312-C-2300,HO2312-C-2300,394.6,0.0,0.0,0.0,6,384.2,390.0,6,394.6,383.4,0.0,0.0,0.0,0.0,161
2023-05-10 10:08:56,HO2312-C-2300,HO2312-C-2300,394.6,0.0,0.0,0.0,12,384.0,390.0,6,394.6,383.4,0.0,0.0,0.0,0.0,161
2023-05-10 10:09:11,HO2312-C-2300,HO2312-C-2300,394.6,0.0,0.0,0.0,12,384.0,389.0,6,394.6,383.4,0.0,0.0,0.0,0.0,161
2023-05-10 10:09:56,HO2312-C-2300,HO2312-C-2300,394.6,0.0,0.0,0.0,6,384.0,389.0,6,394.6,383.4,0.0,0.0,0.0,0.0,161
2023-05-10 10:10:02,HO2312-C-2300,HO2312-C-2300,394.6,0.0,0.0,0.0,6,383.6,389.0,6,394.6,383.4,0.0,0.0,0.0,0.0,161
2023-05-10 10:10:02,HO2312-C-2300,HO2312-C-2300,394.6,0.0,0.0,0.0,24,383.2,389.0,6,394.6,383.4,0.0,0.0,0.0,0.0,161
2023-05-10 10:10:03,HO2312-C-2300,HO2312-C-2300,394.6,0.0,0.0,0.0,6,383.0,388.0,6,394.6,383.4,0.0,0.0,0.0,0.0,161
2023-05-10 10:10:34,HO2312-C-2300,HO2312-C-2300,394.6,0.0,0.0,0.0,6,382.6,388.0,6,394.6,383.4,0.0,0.0,0.0,0.0,161
2023-05-10 10:10:41,HO2312-C-2300,HO2312-C-2300,394.6,0.0,0.0,0.0,6,382.2,388.0,6,394.6,383.4,0.0,0.0,0.0,0.0,161
2023-05-10 10:11:50,HO2312-C-2300,HO2312-C-2300,394.6,0.0,0.0,0.0,6,382.6,389.2,6,394.6,383.4,0.0,0.0,0.0,0.0,161
2023-05-10 10:11:50,HO2312-C-2300,HO2312-C-2300,394.6,0.0,0.0,0.0,6,382.8,389.2,6,394.6,383.4,0.0,0.0,0.0,0.0,161
2023-05-10 10:12:00,HO2312-C-2300,HO2312-C-2300,394.6,0.0,0.0,0.0,6,382.6,388.2,6,394.6,383.4,0.0,0.0,0.0,0.0,161
2023-05-10 10:12:00,HO2312-C-2300,HO2312-C-2300,394.6,0.0,0.0,0.0,6,382.0,388.2,6,394.6,383.4,0.0,0.0,0.0,0.0,161
2023-05-10 10:13:00,HO2312-C-2300,HO2312-C-2300,394.6,0.0,0.0,0.0,18,381.8,387.4,6,394.6,383.4,0.0,0.0,0.0,0.0,161
2023-05-10 10:13:00,HO2312-C-2300,HO2312-C-2300,394.6,0.0,0.0,0.0,12,381.8,387.4,6,394.6,383.4,0.0,0.0,0.0,0.0,161
2023-05-10 10:13:01,HO2312-C-2300,HO2312-C-2300,394.6,0.0,0.0,0.0,6,381.8,387.4,6,394.6,383.4,0.0,0.0,0.0,0.0,161
2023-05-10 10:13:29,HO2312-C-2300,HO2312-C-2300,394.6,0.0,0.0,0.0,6,381.8,386.4,6,394.6,383.4,0.0,0.0,0.0,0.0,161
2023-05-10 10:15:13,HO2312-C-2300,HO2312-C-2300,394.6,0.0,0.0,0.0,6,381.8,387.8,6,394.6,383.4,0.0,0.0,0.0,0.0,161
2023-05-10 10:15:13,HO2312-C-2300,HO2312-C-2300,394.6,0.0,0.0,0.0,6,382.0,387.8,6,394.6,383.4,0.0,0.0,0.0,0.0,161
2023-05-10 10:15:16,HO2312-C-2300,HO2312-C-2300,394.6,0.0,0.0,0.0,12,381.8,387.8,6,394.6,383.4,0.0,0.0,0.0,0.0,161
2023-05-10 10:16:26,HO2312-C-2300,HO2312-C-2300,394.6,0.0,0.0,0.0,12,381.8,386.8,6,394.6,383.4,0.0,0.0,0.0,0.0,161
2023-05-10 10:17:00,HO2312-C-2300,HO2312-C-2300,394.6,0.0,0.0,0.0,12,381.8,387.8,6,394.6,383.4,0.0,0.0,0.0,0.0,161
2023-05-10 10:17:12,HO2312-C-2300,HO2312-C-2300,394.6,0.0,0.0,0.0,6,382.0,387.8,6,394.6,383.4,0.0,0.0,0.0,0.0,161
2023-05-10 10:17:22,HO2312-C-2300,HO2312-C-2300,394.6,0.0,0.0,0.0,6,381.8,387.8,6,394.6,383.4,0.0,0.0,0.0,0.0,161
2023-05-10 10:17:23,HO2312-C-2300,HO2312-C-2300,394.6,0.0,0.0,0.0,6,381.8,386.8,6,394.6,383.4,0.0,0.0,0.0,0.0,161
2023-05-10 10:17:57,HO2312-C-2300,HO2312-C-2300,394.6,0.0,0.0,0.0,6,381.8,387.8,6,394.6,383.4,0.0,0.0,0.0,0.0,161
2023-05-10 10:18:29,HO2312-C-2300,HO2312-C-2300,394.6,0.0,0.0,0.0,6,381.8,386.8,6,394.6,383.4,0.0,0.0,0.0,0.0,161
2023-05-10 10:19:09,HO2312-C-2300,HO2312-C-2300,394.6,0.0,0.0,0.0,6,382.0,388.2,18,394.6,383.4,0.0,0.0,0.0,0.0,161
2023-05-10 10:19:09,HO2312-C-2300,HO2312-C-2300,394.6,0.0,0.0,0.0,6,382.0,388.2,12,394.6,383.4,0.0,0.0,0.0,0.0,161
2023-05-10 10:19:10,HO2312-C-2300,HO2312-C-2300,394.6,0.0,0.0,0.0,6,382.0,388.4,19,394.6,383.4,0.0,0.0,0.0,0.0,161
2023-05-10 10:19:17,HO2312-C-2300,HO2312-C-2300,394.6,0.0,0.0,0.0,12,381.8,387.2,6,394.6,383.4,0.0,0.0,0.0,0.0,161
2023-05-10 10:19:18,HO2312-C-2300,HO2312-C-2300,394.6,0.0,0.0,0.0,6,381.8,387.2,6,394.6,383.4,0.0,0.0,0.0,0.0,161
2023-05-10 10:19:57,HO2312-C-2300,HO2312-C-2300,394.6,0.0,0.0,0.0,6,381.4,386.2,6,394.6,383.4,0.0,0.0,0.0,0.0,161
2023-05-10 10:19:58,HO2312-C-2300,HO2312-C-2300,394.6,0.0,0.0,0.0,18,381.2,386.2,6,394.6,383.4,0.0,0.0,0.0,0.0,161
2023-05-10 10:19:58,HO2312-C-2300,HO2312-C-2300,394.6,0.0,0.0,0.0,6,381.2,386.2,6,394.6,383.4,0.0,0.0,0.0,0.0,161
2023-05-10 10:19:59,HO2312-C-2300,HO2312-C-2300,394.6,0.0,0.0,0.0,18,380.8,386.2,6,394.6,383.4,0.0,0.0,0.0,0.0,161
2023-05-10 10:19:59,HO2312-C-2300,HO2312-C-2300,394.6,0.0,0.0,0.0,12,380.8,386.2,6,394.6,383.4,0.0,0.0,0.0,0.0,161
2023-05-10 10:20:00,HO2312-C-2300,HO2312-C-2300,394.6,0.0,0.0,0.0,6,380.8,386.2,6,394.6,383.4,0.0,0.0,0.0,0.0,161
2023-05-10 10:20:15,HO2312-C-2300,HO2312-C-2300,394.6,0.0,0.0,0.0,6,380.8,387.0,6,394.6,383.4,0.0,0.0,0.0,0.0,161
2023-05-10 10:20:16,HO2312-C-2300,HO2312-C-2300,394.6,0.0,0.0,0.0,6,380.6,387.0,6,394.6,383.4,0.0,0.0,0.0,0.0,161
2023-05-10 10:23:13,HO2312-C-2300,HO2312-C-2300,394.6,0.0,0.0,0.0,12,380.4,386.2,6,394.6,383.4,0.0,0.0,0.0,0.0,161
2023-05-10 10:23:13,HO2312-C-2300,HO2312-C-2300,394.6,0.0,0.0,0.0,6,380.4,386.2,6,394.6,383.4,0.0,0.0,0.0,0.0,161
2023-05-10 10:23:14,HO2312-C-2300,HO2312-C-2300,394.6,0.0,0.0,0.0,6,379.8,386.2,6,394.6,383.4,0.0,0.0,0.0,0.0,161
2023-05-10 10:23:30,HO2312-C-2300,HO2312-C-2300,394.6,0.0,0.0,0.0,6,379.8,387.2,18,394.6,383.4,0.0,0.0,0.0,0.0,161
2023-05-10 10:23:31,HO2312-C-2300,HO2312-C-2300,394.6,0.0,0.0,0.0,6,379.8,387.2,12,394.6,383.4,0.0,0.0,0.0,0.0,161
2023-05-10 10:23:31,HO2312-C-2300,HO2312-C-2300,394.6,0.0,0.0,0.0,6,379.8,387.4,24,394.6,383.4,0.0,0.0,0.0,0.0,161
2023-05-10 10:23:32,HO2312-C-2300,HO2312-C-2300,394.6,0.0,0.0,0.0,6,379.8,387.4,18,394.6,383.4,0.0,0.0,0.0,0.0,161
2023-05-10 10:23:43,HO2312-C-2300,HO2312-C-2300,394.6,0.0,0.0,0.0,6,379.2,387.2,6,394.6,383.4,0.0,0.0,0.0,0.0,161
2023-05-10 10:26:07,HO2312-C-2300,HO2312-C-2300,394.6,0.0,0.0,0.0,6,379.2,385.6,6,394.6,383.4,0.0,0.0,0.0,0.0,161
2023-05-10 10:26:26,HO2312-C-2300,HO2312-C-2300,394.6,0.0,0.0,0.0,6,379.8,386.4,6,394.6,383.4,0.0,0.0,0.0,0.0,161
2023-05-10 10:26:27,HO2312-C-2300,HO2312-C-2300,394.6,0.0,0.0,0.0,6,380.0,386.4,6,394.6,383.4,0.0,0.0,0.0,0.0,161
2023-05-10 10:27:26,HO2312-C-2300,HO2312-C-2300,394.6,0.0,0.0,0.0,6,380.8,387.4,24,394.6,383.4,0.0,0.0,0.0,0.0,161
2023-05-10 10:27:27,HO2312-C-2300,HO2312-C-2300,394.6,0.0,0.0,0.0,6,381.0,387.4,12,394.6,383.4,0.0,0.0,0.0,0.0,161
2023-05-10 10:27:27,HO2312-C-2300,HO2312-C-2300,394.6,0.0,0.0,0.0,6,381.0,387.6,18,394.6,383.4,0.0,0.0,0.0,0.0,161
2023-05-10 10:28:00,HO2312-C-2300,HO2312-C-2300,394.6,0.0,0.0,0.0,6,381.0,386.6,6,394.6,383.4,0.0,0.0,0.0,0.0,161
2023-05-10 10:28:09,HO2312-C-2300,HO2312-C-2300,394.6,0.0,0.0,0.0,6,381.0,387.6,24,394.6,383.4,0.0,0.0,0.0,0.0,161
2023-05-10 10:28:10,HO2312-C-2300,HO2312-C-2300,394.6,0.0,0.0,0.0,6,381.0,387.6,18,394.6,383.4,0.0,0.0,0.0,0.0,161
2023-05-10 10:28:32,HO2312-C-2300,HO2312-C-2300,394.6,0.0,0.0,0.0,6,381.0,386.6,6,394.6,383.4,0.0,0.0,0.0,0.0,161
2023-05-10 10:28:34,HO2312-C-2300,HO2312-C-2300,394.6,0.0,0.0,0.0,6,380.6,386.6,6,394.6,383.4,0.0,0.0,0.0,0.0,161
2023-05-10 10:28:36,HO2312-C-2300,HO2312-C-2300,394.6,0.0,0.0,0.0,6,380.2,386.6,6,394.6,383.4,0.0,0.0,0.0,0.0,161
2023-05-10 10:29:01,HO2312-C-2300,HO2312-C-2300,394.6,0.0,0.0,0.0,6,380.2,385.8,6,394.6,383.4,0.0,0.0,0.0,0.0,161
2023-05-10 10:29:03,HO2312-C-2300,HO2312-C-2300,394.6,0.0,0.0,0.0,6,379.8,385.8,6,394.6,383.4,0.0,0.0,0.0,0.0,161
2023-05-10 10:29:21,HO2312-C-2300,HO2312-C-2300,394.6,0.0,0.0,0.0,6,379.8,384.8,6,394.6,383.4,0.0,0.0,0.0,0.0,161
2023-05-10 10:30:01,HO2312-C-2300,HO2312-C-2300,394.6,0.0,0.0,0.0,6,379.4,384.0,6,394.6,383.4,0.0,0.0,0.0,0.0,161
2023-05-10 10:30:02,HO2312-C-2300,HO2312-C-2300,394.6,0.0,0.0,0.0,6,379.2,384.0,6,394.6,383.4,0.0,0.0,0.0,0.0,161
2023-05-10 10:30:02,HO2312-C-2300,HO2312-C-2300,394.6,0.0,0.0,0.0,18,379.0,384.0,6,394.6,383.4,0.0,0.0,0.0,0.0,161
2023-05-10 10:30:03,HO2312-C-2300,HO2312-C-2300,394.6,0.0,0.0,0.0,12,379.0,384.0,6,394.6,383.4,0.0,0.0,0.0,0.0,161
2023-05-10 10:30:04,HO2312-C-2300,HO2312-C-2300,394.6,0.0,0.0,0.0,6,379.0,384.0,6,394.6,383.4,0.0,0.0,0.0,0.0,161
2023-05-10 10:30:04,HO2312-C-2300,HO2312-C-2300,394.6,0.0,0.0,0.0,12,378.4,384.0,6,394.6,383.4,0.0,0.0,0.0,0.0,161
2023-05-10 10:30:05,HO2312-C-2300,HO2312-C-2300,394.6,0.0,0.0,0.0,6,378.2,384.0,6,394.6,383.4,0.0,0.0,0.0,0.0,161
2023-05-10 10:30:06,HO2312-C-2300,HO2312-C-2300,394.6,0.0,0.0,0.0,6,377.6,384.0,6,394.6,383.4,0.0,0.0,0.0,0.0,161
2023-05-10 10:30:07,HO2312-C-2300,HO2312-C-2300,394.6,0.0,0.0,0.0,6,377.6,383.0,6,394.6,383.4,0.0,0.0,0.0,0.0,161
2023-05-10 10:30:11,HO2312-C-2300,HO2312-C-2300,394.6,0.0,0.0,0.0,6,377.6,383.8,6,394.6,383.4,0.0,0.0,0.0,0.0,161
2023-05-10 10:30:15,HO2312-C-2300,HO2312-C-2300,394.6,0.0,0.0,0.0,6,377.4,383.8,6,394.6,383.4,0.0,0.0,0.0,0.0,161
2023-05-10 10:30:16,HO2312-C-2300,HO2312-C-2300,394.6,0.0,0.0,0.0,6,378.2,384.8,30,394.6,383.4,0.0,0.0,0.0,0.0,161
2023-05-10 10:30:16,HO2312-C-2300,HO2312-C-2300,394.6,0.0,0.0,0.0,6,378.4,384.8,12,394.6,383.4,0.0,0.0,0.0,0.0,161
2023-05-10 10:30:17,HO2312-C-2300,HO2312-C-2300,394.6,0.0,0.0,0.0,6,378.4,384.8,6,394.6,383.4,0.0,0.0,0.0,0.0,161
2023-05-10 10:30:24,HO2312-C-2300,HO2312-C-2300,394.6,0.0,0.0,0.0,6,378.4,384.0,6,394.6,383.4,0.0,0.0,0.0,0.0,161
2023-05-10 10:30:27,HO2312-C-2300,HO2312-C-2300,394.6,0.0,0.0,0.0,6,377.6,384.0,6,394.6,383.4,0.0,0.0,0.0,0.0,161
2023-05-10 10:30:45,HO2312-C-2300,HO2312-C-2300,394.6,0.0,0.0,0.0,6,378.2,384.8,6,394.6,383.4,0.0,0.0,0.0,0.0,161
2023-05-10 10:30:46,HO2312-C-2300,HO2312-C-2300,394.6,0.0,0.0,0.0,6,378.4,384.8,6,394.6,383.4,0.0,0.0,0.0,0.0,161
2023-05-10 10:31:21,HO2312-C-2300,HO2312-C-2300,394.6,0.0,0.0,0.0,6,378.4,384.0,6,394.6,383.4,0.0,0.0,0.0,0.0,161
2023-05-10 10:31:22,HO2312-C-2300,HO2312-C-2300,394.6,0.0,0.0,0.0,6,377.6,384.0,6,394.6,383.4,0.0,0.0,0.0,0.0,161
2023-05-10 10:31:47,HO2312-C-2300,HO2312-C-2300,394.6,0.0,0.0,0.0,6,378.2,384.8,6,394.6,383.4,0.0,0.0,0.0,0.0,161
2023-05-10 10:31:48,HO2312-C-2300,HO2312-C-2300,394.6,0.0,0.0,0.0,6,378.4,384.8,6,394.6,383.4,0.0,0.0,0.0,0.0,161
2023-05-10 10:32:21,HO2312-C-2300,HO2312-C-2300,394.6,0.0,0.0,0.0,6,378.4,384.0,6,394.6,383.4,0.0,0.0,0.0,0.0,161
2023-05-10 10:32:22,HO2312-C-2300,HO2312-C-2300,394.6,0.0,0.0,0.0,6,377.6,384.0,6,394.6,383.4,0.0,0.0,0.0,0.0,161
2023-05-10 10:34:42,HO2312-C-2300,HO2312-C-2300,394.6,0.0,0.0,0.0,6,378.2,384.8,6,394.6,383.4,0.0,0.0,0.0,0.0,161
2023-05-10 10:34:42,HO2312-C-2300,HO2312-C-2300,394.6,0.0,0.0,0.0,6,378.4,384.8,6,394.6,383.4,0.0,0.0,0.0,0.0,161
2023-05-10 10:35:06,HO2312-C-2300,HO2312-C-2300,394.6,0.0,0.0,0.0,6,378.4,384.0,6,394.6,383.4,0.0,0.0,0.0,0.0,161
2023-05-10 10:35:06,HO2312-C-2300,HO2312-C-2300,394.6,0.0,0.0,0.0,6,377.6,384.0,6,394.6,383.4,0.0,0.0,0.0,0.0,161
2023-05-10 10:35:35,HO2312-C-2300,HO2312-C-2300,394.6,0.0,0.0,0.0,6,378.4,385.0,24,394.6,383.4,0.0,0.0,0.0,0.0,161
2023-05-10 10:35:36,HO2312-C-2300,HO2312-C-2300,394.6,0.0,0.0,0.0,6,378.6,385.0,18,394.6,383.4,0.0,0.0,0.0,0.0,161
2023-05-10 10:36:07,HO2312-C-2300,HO2312-C-2300,394.6,0.0,0.0,0.0,6,378.6,385.0,12,394.6,383.4,0.0,0.0,0.0,0.0,161
2023-05-10 10:36:08,HO2312-C-2300,HO2312-C-2300,394.6,0.0,0.0,0.0,6,378.6,385.0,6,394.6,383.4,0.0,0.0,0.0,0.0,161
2023-05-10 10:36:54,HO2312-C-2300,HO2312-C-2300,394.6,0.0,0.0,0.0,6,378.6,384.2,6,394.6,383.4,0.0,0.0,0.0,0.0,161
2023-05-10 10:37:46,HO2312-C-2300,HO2312-C-2300,394.6,0.0,0.0,0.0,6,378.6,385.0,6,394.6,383.4,0.0,0.0,0.0,0.0,161
2023-05-10 10:39:48,HO2312-C-2300,HO2312-C-2300,394.6,0.0,0.0,0.0,6,378.6,384.2,6,394.6,383.4,0.0,0.0,0.0,0.0,161
2023-05-10 10:41:02,HO2312-C-2300,HO2312-C-2300,394.6,0.0,0.0,0.0,18,378.4,384.2,6,394.6,383.4,0.0,0.0,0.0,0.0,161
2023-05-10 10:41:47,HO2312-C-2300,HO2312-C-2300,394.6,0.0,0.0,0.0,24,378.4,385.0,24,394.6,383.4,0.0,0.0,0.0,0.0,161
2023-05-10 10:41:58,HO2312-C-2300,HO2312-C-2300,394.6,0.0,0.0,0.0,6,378.6,385.0,18,394.6,383.4,0.0,0.0,0.0,0.0,161
2023-05-10 10:42:34,HO2312-C-2300,HO2312-C-2300,394.6,0.0,0.0,0.0,6,378.6,385.0,12,394.6,383.4,0.0,0.0,0.0,0.0,161
2023-05-10 10:42:34,HO2312-C-2300,HO2312-C-2300,394.6,0.0,0.0,0.0,6,378.6,385.0,6,394.6,383.4,0.0,0.0,0.0,0.0,161
2023-05-10 10:43:13,HO2312-C-2300,HO2312-C-2300,394.6,0.0,0.0,0.0,6,379.4,385.8,12,394.6,383.4,0.0,0.0,0.0,0.0,161
2023-05-10 10:43:14,HO2312-C-2300,HO2312-C-2300,394.6,0.0,0.0,0.0,6,379.6,386.0,24,394.6,383.4,0.0,0.0,0.0,0.0,161
2023-05-10 10:43:14,HO2312-C-2300,HO2312-C-2300,394.6,0.0,0.0,0.0,6,379.6,386.0,18,394.6,383.4,0.0,0.0,0.0,0.0,161
2023-05-10 10:43:15,HO2312-C-2300,HO2312-C-2300,394.6,0.0,0.0,0.0,7,379.6,386.0,18,394.6,383.4,0.0,0.0,0.0,0.0,161
2023-05-10 10:44:02,HO2312-C-2300,HO2312-C-2300,394.6,0.0,0.0,0.0,7,379.6,386.0,12,394.6,383.4,0.0,0.0,0.0,0.0,161
2023-05-10 10:44:02,HO2312-C-2300,HO2312-C-2300,394.6,0.0,0.0,0.0,6,380.2,386.0,6,394.6,383.4,0.0,0.0,0.0,0.0,161
2023-05-10 10:44:03,HO2312-C-2300,HO2312-C-2300,394.6,0.0,0.0,0.0,6,380.4,387.0,24,394.6,383.4,0.0,0.0,0.0,0.0,161
2023-05-10 10:44:03,HO2312-C-2300,HO2312-C-2300,394.6,0.0,0.0,0.0,6,380.4,387.0,18,394.6,383.4,0.0,0.0,0.0,0.0,161
2023-05-10 10:44:15,HO2312-C-2300,HO2312-C-2300,394.6,0.0,0.0,0.0,6,380.4,386.0,6,394.6,383.4,0.0,0.0,0.0,0.0,161
2023-05-10 10:44:33,HO2312-C-2300,HO2312-C-2300,394.6,0.0,0.0,0.0,6,380.4,386.8,6,394.6,383.4,0.0,0.0,0.0,0.0,161
2023-05-10 10:45:16,HO2312-C-2300,HO2312-C-2300,394.6,0.0,0.0,0.0,6,381.2,387.0,12,394.6,383.4,0.0,0.0,0.0,0.0,161
2023-05-10 10:45:16,HO2312-C-2300,HO2312-C-2300,394.6,0.0,0.0,0.0,6,381.4,387.4,6,394.6,383.4,0.0,0.0,0.0,0.0,161
2023-05-10 10:45:17,HO2312-C-2300,HO2312-C-2300,394.6,0.0,0.0,0.0,6,381.4,387.8,42,394.6,383.4,0.0,0.0,0.0,0.0,161
2023-05-10 10:45:17,HO2312-C-2300,HO2312-C-2300,394.6,0.0,0.0,0.0,6,381.4,387.8,24,394.6,383.4,0.0,0.0,0.0,0.0,161
2023-05-10 10:45:18,HO2312-C-2300,HO2312-C-2300,394.6,0.0,0.0,0.0,6,381.4,387.8,18,394.6,383.4,0.0,0.0,0.0,0.0,161
2023-05-10 10:45:34,HO2312-C-2300,HO2312-C-2300,394.6,0.0,0.0,0.0,6,381.4,387.0,6,394.6,383.4,0.0,0.0,0.0,0.0,161
2023-05-10 10:46:12,HO2312-C-2300,HO2312-C-2300,394.6,0.0,0.0,0.0,6,381.0,387.0,6,394.6,383.4,0.0,0.0,0.0,0.0,161
2023-05-10 10:47:55,HO2312-C-2300,HO2312-C-2300,394.6,0.0,0.0,0.0,6,380.6,387.0,6,394.6,383.4,0.0,0.0,0.0,0.0,161
2023-05-10 10:48:03,HO2312-C-2300,HO2312-C-2300,394.6,0.0,0.0,0.0,6,380.6,385.8,6,394.6,383.4,0.0,0.0,0.0,0.0,161
2023-05-10 10:48:09,HO2312-C-2300,HO2312-C-2300,394.6,0.0,0.0,0.0,18,380.4,385.8,6,394.6,383.4,0.0,0.0,0.0,0.0,161
2023-05-10 10:48:10,HO2312-C-2300,HO2312-C-2300,394.6,0.0,0.0,0.0,12,380.4,385.8,6,394.6,383.4,0.0,0.0,0.0,0.0,161
2023-05-10 10:48:10,HO2312-C-2300,HO2312-C-2300,394.6,0.0,0.0,0.0,6,380.4,385.8,6,394.6,383.4,0.0,0.0,0.0,0.0,161
2023-05-10 10:48:11,HO2312-C-2300,HO2312-C-2300,394.6,0.0,0.0,0.0,6,380.0,385.8,6,394.6,383.4,0.0,0.0,0.0,0.0,161
2023-05-10 10:48:35,HO2312-C-2300,HO2312-C-2300,394.6,0.0,0.0,0.0,6,380.0,384.8,6,394.6,383.4,0.0,0.0,0.0,0.0,161
2023-05-10 10:48:40,HO2312-C-2300,HO2312-C-2300,394.6,0.0,0.0,0.0,18,379.8,384.8,6,394.6,383.4,0.0,0.0,0.0,0.0,161
2023-05-10 10:48:40,HO2312-C-2300,HO2312-C-2300,394.6,0.0,0.0,0.0,6,379.8,384.8,6,394.6,383.4,0.0,0.0,0.0,0.0,161
2023-05-10 10:48:41,HO2312-C-2300,HO2312-C-2300,394.6,0.0,0.0,0.0,18,379.4,384.8,6,394.6,383.4,0.0,0.0,0.0,0.0,161
2023-05-10 10:48:41,HO2312-C-2300,HO2312-C-2300,394.6,0.0,0.0,0.0,12,379.4,384.8,6,394.6,383.4,0.0,0.0,0.0,0.0,161
2023-05-10 10:48:42,HO2312-C-2300,HO2312-C-2300,394.6,0.0,0.0,0.0,6,379.4,384.8,6,394.6,383.4,0.0,0.0,0.0,0.0,161
2023-05-10 10:48:42,HO2312-C-2300,HO2312-C-2300,394.6,0.0,0.0,0.0,6,379.0,384.8,6,394.6,383.4,0.0,0.0,0.0,0.0,161
2023-05-10 10:48:47,HO2312-C-2300,HO2312-C-2300,394.6,0.0,0.0,0.0,6,378.6,384.8,6,394.6,383.4,0.0,0.0,0.0,0.0,161
2023-05-10 10:48:58,HO2312-C-2300,HO2312-C-2300,394.6,0.0,0.0,0.0,6,378.6,383.8,6,394.6,383.4,0.0,0.0,0.0,0.0,161
2023-05-10 10:49:21,HO2312-C-2300,HO2312-C-2300,394.6,0.0,0.0,0.0,6,378.2,383.8,6,394.6,383.4,0.0,0.0,0.0,0.0,161
2023-05-10 10:49:21,HO2312-C-2300,HO2312-C-2300,394.6,0.0,0.0,0.0,6,378.0,383.8,6,394.6,383.4,0.0,0.0,0.0,0.0,161
2023-05-10 10:49:22,HO2312-C-2300,HO2312-C-2300,394.6,0.0,0.0,0.0,24,377.8,383.8,6,394.6,383.4,0.0,0.0,0.0,0.0,161
2023-05-10 10:49:22,HO2312-C-2300,HO2312-C-2300,394.6,0.0,0.0,0.0,18,377.8,383.8,6,394.6,383.4,0.0,0.0,0.0,0.0,161
2023-05-10 10:49:31,HO2312-C-2300,HO2312-C-2300,394.6,0.0,0.0,0.0,18,377.8,383.0,6,394.6,383.4,0.0,0.0,0.0,0.0,161
2023-05-10 10:49:59,HO2312-C-2300,HO2312-C-2300,394.6,0.0,0.0,0.0,12,377.8,383.0,6,394.6,383.4,0.0,0.0,0.0,0.0,161
2023-05-10 10:50:07,HO2312-C-2300,HO2312-C-2300,394.6,0.0,0.0,0.0,6,377.8,383.0,6,394.6,383.4,0.0,0.0,0.0,0.0,161
2023-05-10 10:50:07,HO2312-C-2300,HO2312-C-2300,394.6,0.0,0.0,0.0,6,377.8,381.8,6,394.6,383.4,0.0,0.0,0.0,0.0,161
2023-05-10 10:50:08,HO2312-C-2300,HO2312-C-2300,394.6,0.0,0.0,0.0,6,377.2,381.8,6,394.6,383.4,0.0,0.0,0.0,0.0,161
2023-05-10 10:50:08,HO2312-C-2300,HO2312-C-2300,394.6,0.0,0.0,0.0,6,377.0,381.8,6,394.6,383.4,0.0,0.0,0.0,0.0,161
2023-05-10 10:50:46,HO2312-C-2300,HO2312-C-2300,394.6,0.0,0.0,0.0,6,377.0,381.0,6,394.6,383.4,0.0,0.0,0.0,0.0,161
2023-05-10 10:50:47,HO2312-C-2300,HO2312-C-2300,394.6,0.0,0.0,0.0,6,376.8,381.0,6,394.6,383.4,0.0,0.0,0.0,0.0,161
2023-05-10 10:50:47,HO2312-C-2300,HO2312-C-2300,394.6,0.0,0.0,0.0,12,376.4,381.0,6,394.6,383.4,0.0,0.0,0.0,0.0,161
2023-05-10 10:50:48,HO2312-C-2300,HO2312-C-2300,394.6,0.0,0.0,0.0,12,376.2,381.0,6,394.6,383.4,0.0,0.0,0.0,0.0,161
2023-05-10 10:53:52,HO2312-C-2300,HO2312-C-2300,394.6,0.0,0.0,0.0,12,376.2,381.8,6,394.6,383.4,0.0,0.0,0.0,0.0,161
2023-05-10 10:53:54,HO2312-C-2300,HO2312-C-2300,394.6,0.0,0.0,0.0,6,376.4,381.8,6,394.6,383.4,0.0,0.0,0.0,0.0,161
2023-05-10 10:54:04,HO2312-C-2300,HO2312-C-2300,394.6,0.0,0.0,0.0,6,376.4,382.6,12,394.6,383.4,0.0,0.0,0.0,0.0,161
2023-05-10 10:54:04,HO2312-C-2300,HO2312-C-2300,394.6,0.0,0.0,0.0,6,376.4,382.8,18,394.6,383.4,0.0,0.0,0.0,0.0,161
2023-05-10 10:54:25,HO2312-C-2300,HO2312-C-2300,394.6,0.0,0.0,0.0,6,376.4,381.6,6,394.6,383.4,0.0,0.0,0.0,0.0,161
2023-05-10 10:54:29,HO2312-C-2300,HO2312-C-2300,394.6,0.0,0.0,0.0,6,376.4,382.6,6,394.6,383.4,0.0,0.0,0.0,0.0,161
2023-05-10 10:57:10,HO2312-C-2300,HO2312-C-2300,394.6,0.0,0.0,0.0,6,376.4,381.6,6,394.6,383.4,0.0,0.0,0.0,0.0,161
2023-05-10 10:58:00,HO2312-C-2300,HO2312-C-2300,394.6,0.0,0.0,0.0,12,376.2,381.6,6,394.6,383.4,0.0,0.0,0.0,0.0,161
2023-05-10 10:58:01,HO2312-C-2300,HO2312-C-2300,394.6,0.0,0.0,0.0,6,376.2,381.6,6,394.6,383.4,0.0,0.0,0.0,0.0,161
2023-05-10 10:58:31,HO2312-C-2300,HO2312-C-2300,394.6,0.0,0.0,0.0,6,376.2,380.8,6,394.6,383.4,0.0,0.0,0.0,0.0,161
2023-05-10 10:59:14,HO2312-C-2300,HO2312-C-2300,394.6,0.0,0.0,0.0,18,376.0,380.8,6,394.6,383.4,0.0,0.0,0.0,0.0,161
2023-05-10 10:59:15,HO2312-C-2300,HO2312-C-2300,394.6,0.0,0.0,0.0,6,376.0,380.8,6,394.6,383.4,0.0,0.0,0.0,0.0,161
2023-05-10 10:59:20,HO2312-C-2300,HO2312-C-2300,394.6,0.0,0.0,0.0,6,376.0,379.8,6,394.6,383.4,0.0,0.0,0.0,0.0,161
2023-05-10 10:59:33,HO2312-C-2300,HO2312-C-2300,394.6,0.0,0.0,0.0,12,375.6,379.8,6,394.6,383.4,0.0,0.0,0.0,0.0,161
2023-05-10 10:59:33,HO2312-C-2300,HO2312-C-2300,394.6,0.0,0.0,0.0,18,375.4,379.8,6,394.6,383.4,0.0,0.0,0.0,0.0,161
2023-05-10 10:59:34,HO2312-C-2300,HO2312-C-2300,394.6,0.0,0.0,0.0,12,375.4,379.8,6,394.6,383.4,0.0,0.0,0.0,0.0,161
2023-05-10 10:59:34,HO2312-C-2300,HO2312-C-2300,394.6,0.0,0.0,0.0,18,375.0,379.8,6,394.6,383.4,0.0,0.0,0.0,0.0,161
2023-05-10 10:59:41,HO2312-C-2300,HO2312-C-2300,394.6,0.0,0.0,0.0,12,375.0,379.8,6,394.6,383.4,0.0,0.0,0.0,0.0,161
2023-05-10 10:59:42,HO2312-C-2300,HO2312-C-2300,394.6,0.0,0.0,0.0,6,375.0,379.8,6,394.6,383.4,0.0,0.0,0.0,0.0,161
2023-05-10 11:02:32,HO2312-C-2300,HO2312-C-2300,394.6,0.0,0.0,0.0,6,375.0,380.8,6,394.6,383.4,0.0,0.0,0.0,0.0,161
2023-05-10 11:03:05,HO2312-C-2300,HO2312-C-2300,394.6,0.0,0.0,0.0,6,374.8,380.8,6,394.6,383.4,0.0,0.0,0.0,0.0,161
2023-05-10 11:03:05,HO2312-C-2300,HO2312-C-2300,394.6,0.0,0.0,0.0,6,375.0,381.6,18,394.6,383.4,0.0,0.0,0.0,0.0,161
2023-05-10 11:03:06,HO2312-C-2300,HO2312-C-2300,394.6,0.0,0.0,0.0,6,375.2,381.6,18,394.6,383.4,0.0,0.0,0.0,0.0,161
2023-05-10 11:03:06,HO2312-C-2300,HO2312-C-2300,394.6,0.0,0.0,0.0,6,375.2,381.6,12,394.6,383.4,0.0,0.0,0.0,0.0,161
2023-05-10 11:03:07,HO2312-C-2300,HO2312-C-2300,394.6,0.0,0.0,0.0,6,375.2,381.6,6,394.6,383.4,0.0,0.0,0.0,0.0,161
2023-05-10 11:03:28,HO2312-C-2300,HO2312-C-2300,394.6,0.0,0.0,0.0,6,376.0,382.0,12,394.6,383.4,0.0,0.0,0.0,0.0,161
2023-05-10 11:03:28,HO2312-C-2300,HO2312-C-2300,394.6,0.0,0.0,0.0,6,376.2,382.4,18,394.6,383.4,0.0,0.0,0.0,0.0,161
2023-05-10 11:03:29,HO2312-C-2300,HO2312-C-2300,394.6,0.0,0.0,0.0,6,376.2,382.4,12,394.6,383.4,0.0,0.0,0.0,0.0,161
2023-05-10 11:03:29,HO2312-C-2300,HO2312-C-2300,394.6,0.0,0.0,0.0,6,376.2,382.6,18,394.6,383.4,0.0,0.0,0.0,0.0,161
2023-05-10 11:03:37,HO2312-C-2300,HO2312-C-2300,394.6,0.0,0.0,0.0,1,377.4,382.6,18,394.6,383.4,0.0,0.0,0.0,0.0,161
2023-05-10 11:03:37,HO2312-C-2300,HO2312-C-2300,394.6,0.0,0.0,0.0,7,377.4,382.6,18,394.6,383.4,0.0,0.0,0.0,0.0,161
2023-05-10 11:03:40,HO2312-C-2300,HO2312-C-2300,394.6,0.0,0.0,0.0,7,377.4,382.6,12,394.6,383.4,0.0,0.0,0.0,0.0,161
2023-05-10 11:03:41,HO2312-C-2300,HO2312-C-2300,394.6,0.0,0.0,0.0,7,377.4,382.6,6,394.6,383.4,0.0,0.0,0.0,0.0,161
2023-05-10 11:04:02,HO2312-C-2300,HO2312-C-2300,394.6,0.0,0.0,0.0,1,377.4,382.6,6,394.6,383.4,0.0,0.0,0.0,0.0,161
2023-05-10 11:04:11,HO2312-C-2300,HO2312-C-2300,394.6,0.0,0.0,0.0,6,377.6,382.6,6,394.6,383.4,0.0,0.0,0.0,0.0,161
2023-05-10 11:07:42,HO2312-C-2300,HO2312-C-2300,394.6,0.0,0.0,0.0,6,377.4,382.6,6,394.6,383.4,0.0,0.0,0.0,0.0,161
2023-05-10 11:08:05,HO2312-C-2300,HO2312-C-2300,394.6,0.0,0.0,0.0,12,377.2,382.6,6,394.6,383.4,0.0,0.0,0.0,0.0,161
2023-05-10 11:08:06,HO2312-C-2300,HO2312-C-2300,394.6,0.0,0.0,0.0,18,377.0,382.6,6,394.6,383.4,0.0,0.0,0.0,0.0,161
2023-05-10 11:08:45,HO2312-C-2300,HO2312-C-2300,394.6,0.0,0.0,0.0,12,377.0,382.6,6,394.6,383.4,0.0,0.0,0.0,0.0,161
2023-05-10 11:08:45,HO2312-C-2300,HO2312-C-2300,394.6,0.0,0.0,0.0,6,377.0,382.6,6,394.6,383.4,0.0,0.0,0.0,0.0,161
2023-05-10 11:08:46,HO2312-C-2300,HO2312-C-2300,394.6,0.0,0.0,0.0,6,376.4,382.6,6,394.6,383.4,0.0,0.0,0.0,0.0,161
2023-05-10 11:09:11,HO2312-C-2300,HO2312-C-2300,394.6,0.0,0.0,0.0,6,377.0,383.0,12,394.6,383.4,0.0,0.0,0.0,0.0,161
2023-05-10 11:09:12,HO2312-C-2300,HO2312-C-2300,394.6,0.0,0.0,0.0,6,377.2,383.4,18,394.6,383.4,0.0,0.0,0.0,0.0,161
2023-05-10 11:09:12,HO2312-C-2300,HO2312-C-2300,394.6,0.0,0.0,0.0,6,377.2,383.4,12,394.6,383.4,0.0,0.0,0.0,0.0,161
2023-05-10 11:09:13,HO2312-C-2300,HO2312-C-2300,394.6,0.0,0.0,0.0,6,377.2,383.4,6,394.6,383.4,0.0,0.0,0.0,0.0,161
2023-05-10 11:09:13,HO2312-C-2300,HO2312-C-2300,394.6,0.0,0.0,0.0,6,377.2,383.6,30,394.6,383.4,0.0,0.0,0.0,0.0,161
2023-05-10 11:09:14,HO2312-C-2300,HO2312-C-2300,394.6,0.0,0.0,0.0,6,377.2,383.6,24,394.6,383.4,0.0,0.0,0.0,0.0,161
2023-05-10 11:09:16,HO2312-C-2300,HO2312-C-2300,394.6,0.0,0.0,0.0,6,377.2,382.6,6,394.6,383.4,0.0,0.0,0.0,0.0,161
2023-05-10 11:10:20,HO2312-C-2300,HO2312-C-2300,394.6,0.0,0.0,0.0,6,376.8,382.6,6,394.6,383.4,0.0,0.0,0.0,0.0,161
2023-05-10 11:11:57,HO2312-C-2300,HO2312-C-2300,394.6,0.0,0.0,0.0,6,376.8,381.6,6,394.6,383.4,0.0,0.0,0.0,0.0,161
2023-05-10 11:13:18,HO2312-C-2300,HO2312-C-2300,394.6,0.0,0.0,0.0,6,376.8,382.6,6,394.6,383.4,0.0,0.0,0.0,0.0,161
2023-05-10 11:13:34,HO2312-C-2300,HO2312-C-2300,394.6,0.0,0.0,0.0,12,376.8,383.4,6,394.6,383.4,0.0,0.0,0.0,0.0,161
2023-05-10 11:13:49,HO2312-C-2300,HO2312-C-2300,394.6,0.0,0.0,0.0,6,377.0,383.4,6,394.6,383.4,0.0,0.0,0.0,0.0,161
2023-05-10 11:14:38,HO2312-C-2300,HO2312-C-2300,394.6,0.0,0.0,0.0,6,377.6,383.6,12,394.6,383.4,0.0,0.0,0.0,0.0,161
2023-05-10 11:14:39,HO2312-C-2300,HO2312-C-2300,394.6,0.0,0.0,0.0,6,377.8,383.6,6,394.6,383.4,0.0,0.0,0.0,0.0,161
2023-05-10 11:14:39,HO2312-C-2300,HO2312-C-2300,394.6,0.0,0.0,0.0,6,377.8,384.0,18,394.6,383.4,0.0,0.0,0.0,0.0,161
2023-05-10 11:14:40,HO2312-C-2300,HO2312-C-2300,394.6,0.0,0.0,0.0,6,377.8,384.0,6,394.6,383.4,0.0,0.0,0.0,0.0,161
2023-05-10 11:14:40,HO2312-C-2300,HO2312-C-2300,394.6,0.0,0.0,0.0,6,377.8,384.2,18,394.6,383.4,0.0,0.0,0.0,0.0,161
2023-05-10 11:14:41,HO2312-C-2300,HO2312-C-2300,394.6,0.0,0.0,0.0,6,377.8,384.2,6,394.6,383.4,0.0,0.0,0.0,0.0,161
2023-05-10 11:14:41,HO2312-C-2300,HO2312-C-2300,394.6,0.0,0.0,0.0,6,377.8,384.4,30,394.6,383.4,0.0,0.0,0.0,0.0,161
2023-05-10 11:14:42,HO2312-C-2300,HO2312-C-2300,394.6,0.0,0.0,0.0,6,377.8,384.4,24,394.6,383.4,0.0,0.0,0.0,0.0,161
2023-05-10 11:14:53,HO2312-C-2300,HO2312-C-2300,394.6,0.0,0.0,0.0,6,377.8,383.4,6,394.6,383.4,0.0,0.0,0.0,0.0,161
2023-05-10 11:15:07,HO2312-C-2300,HO2312-C-2300,394.6,0.0,0.0,0.0,6,377.8,384.4,30,394.6,383.4,0.0,0.0,0.0,0.0,161
2023-05-10 11:15:08,HO2312-C-2300,HO2312-C-2300,394.6,0.0,0.0,0.0,6,377.8,384.4,24,394.6,383.4,0.0,0.0,0.0,0.0,161
2023-05-10 11:15:45,HO2312-C-2300,HO2312-C-2300,394.6,0.0,0.0,0.0,6,377.8,383.2,6,394.6,383.4,0.0,0.0,0.0,0.0,161
2023-05-10 11:16:22,HO2312-C-2300,HO2312-C-2300,394.6,0.0,0.0,0.0,18,377.6,383.2,6,394.6,383.4,0.0,0.0,0.0,0.0,161
2023-05-10 11:16:36,HO2312-C-2300,HO2312-C-2300,394.6,0.0,0.0,0.0,6,377.8,383.2,6,394.6,383.4,0.0,0.0,0.0,0.0,161
2023-05-10 11:16:37,HO2312-C-2300,HO2312-C-2300,394.6,0.0,0.0,0.0,6,377.8,384.2,6,394.6,383.4,0.0,0.0,0.0,0.0,161
2023-05-10 11:17:11,HO2312-C-2300,HO2312-C-2300,394.6,0.0,0.0,0.0,6,377.8,383.2,6,394.6,383.4,0.0,0.0,0.0,0.0,161
2023-05-10 11:17:16,HO2312-C-2300,HO2312-C-2300,394.6,0.0,0.0,0.0,6,377.8,384.2,6,394.6,383.4,0.0,0.0,0.0,0.0,161
2023-05-10 11:20:07,HO2312-C-2300,HO2312-C-2300,394.6,0.0,0.0,0.0,6,377.8,383.2,6,394.6,383.4,0.0,0.0,0.0,0.0,161
2023-05-10 11:20:11,HO2312-C-2300,HO2312-C-2300,394.6,0.0,0.0,0.0,18,377.6,383.2,6,394.6,383.4,0.0,0.0,0.0,0.0,161
2023-05-10 11:20:14,HO2312-C-2300,HO2312-C-2300,394.6,0.0,0.0,0.0,18,377.6,382.2,6,394.6,383.4,0.0,0.0,0.0,0.0,161
2023-05-10 11:20:16,HO2312-C-2300,HO2312-C-2300,394.6,0.0,0.0,0.0,12,377.6,382.2,6,394.6,383.4,0.0,0.0,0.0,0.0,161
2023-05-10 11:20:16,HO2312-C-2300,HO2312-C-2300,394.6,0.0,0.0,0.0,6,377.6,382.2,6,394.6,383.4,0.0,0.0,0.0,0.0,161
2023-05-10 11:20:17,HO2312-C-2300,HO2312-C-2300,394.6,0.0,0.0,0.0,6,377.6,383.0,6,394.6,383.4,0.0,0.0,0.0,0.0,161
2023-05-10 11:20:24,HO2312-C-2300,HO2312-C-2300,394.6,0.0,0.0,0.0,6,377.2,383.0,6,394.6,383.4,0.0,0.0,0.0,0.0,161
2023-05-10 11:21:08,HO2312-C-2300,HO2312-C-2300,394.6,0.0,0.0,0.0,12,377.0,382.0,6,394.6,383.4,0.0,0.0,0.0,0.0,161
2023-05-10 11:21:08,HO2312-C-2300,HO2312-C-2300,394.6,0.0,0.0,0.0,24,376.8,382.0,6,394.6,383.4,0.0,0.0,0.0,0.0,161
2023-05-10 11:21:09,HO2312-C-2300,HO2312-C-2300,394.6,0.0,0.0,0.0,18,376.8,382.0,6,394.6,383.4,0.0,0.0,0.0,0.0,161
2023-05-10 11:21:44,HO2312-C-2300,HO2312-C-2300,394.6,0.0,0.0,0.0,18,376.8,383.4,24,394.6,383.4,0.0,0.0,0.0,0.0,161
2023-05-10 11:21:44,HO2312-C-2300,HO2312-C-2300,394.6,0.0,0.0,0.0,18,376.8,383.4,18,394.6,383.4,0.0,0.0,0.0,0.0,161
2023-05-10 11:21:58,HO2312-C-2300,HO2312-C-2300,394.6,0.0,0.0,0.0,18,376.8,382.0,6,394.6,383.4,0.0,0.0,0.0,0.0,161
2023-05-10 11:22:03,HO2312-C-2300,HO2312-C-2300,394.6,0.0,0.0,0.0,12,376.8,382.0,6,394.6,383.4,0.0,0.0,0.0,0.0,161
2023-05-10 11:22:03,HO2312-C-2300,HO2312-C-2300,394.6,0.0,0.0,0.0,6,376.8,382.0,6,394.6,383.4,0.0,0.0,0.0,0.0,161
2023-05-10 11:22:30,HO2312-C-2300,HO2312-C-2300,394.6,0.0,0.0,0.0,6,376.4,382.0,6,394.6,383.4,0.0,0.0,0.0,0.0,161
2023-05-10 11:23:35,HO2312-C-2300,HO2312-C-2300,394.6,0.0,0.0,0.0,6,376.4,381.0,6,394.6,383.4,0.0,0.0,0.0,0.0,161
2023-05-10 11:23:45,HO2312-C-2300,HO2312-C-2300,394.6,0.0,0.0,0.0,18,376.2,381.0,6,394.6,383.4,0.0,0.0,0.0,0.0,161
2023-05-10 11:23:45,HO2312-C-2300,HO2312-C-2300,394.6,0.0,0.0,0.0,12,376.2,381.0,6,394.6,383.4,0.0,0.0,0.0,0.0,161
2023-05-10 11:23:46,HO2312-C-2300,HO2312-C-2300,394.6,0.0,0.0,0.0,18,376.0,381.0,6,394.6,383.4,0.0,0.0,0.0,0.0,161
2023-05-10 11:24:02,HO2312-C-2300,HO2312-C-2300,394.6,0.0,0.0,0.0,12,376.0,381.0,6,394.6,383.4,0.0,0.0,0.0,0.0,161
2023-05-10 11:24:03,HO2312-C-2300,HO2312-C-2300,394.6,0.0,0.0,0.0,6,376.0,381.0,6,394.6,383.4,0.0,0.0,0.0,0.0,161
2023-05-10 11:25:29,HO2312-C-2300,HO2312-C-2300,394.6,0.0,0.0,0.0,6,376.0,380.2,6,394.6,383.4,0.0,0.0,0.0,0.0,161
2023-05-10 11:25:30,HO2312-C-2300,HO2312-C-2300,394.6,0.0,0.0,0.0,6,375.8,380.2,6,394.6,383.4,0.0,0.0,0.0,0.0,161
2023-05-10 11:25:31,HO2312-C-2300,HO2312-C-2300,394.6,0.0,0.0,0.0,12,375.4,380.2,6,394.6,383.4,0.0,0.0,0.0,0.0,161
2023-05-10 11:25:31,HO2312-C-2300,HO2312-C-2300,394.6,0.0,0.0,0.0,6,375.2,380.2,6,394.6,383.4,0.0,0.0,0.0,0.0,161
2023-05-10 11:25:32,HO2312-C-2300,HO2312-C-2300,394.6,0.0,0.0,0.0,30,375.0,380.2,6,394.6,383.4,0.0,0.0,0.0,0.0,161
2023-05-10 11:25:32,HO2312-C-2300,HO2312-C-2300,394.6,0.0,0.0,0.0,24,375.0,380.2,6,394.6,383.4,0.0,0.0,0.0,0.0,161
2023-05-10 11:25:35,HO2312-C-2300,HO2312-C-2300,394.6,0.0,0.0,0.0,18,375.0,380.2,6,394.6,383.4,0.0,0.0,0.0,0.0,161
2023-05-10 11:26:58,HO2312-C-2300,HO2312-C-2300,394.6,0.0,0.0,0.0,12,375.0,380.2,6,394.6,383.4,0.0,0.0,0.0,0.0,161
2023-05-10 11:27:16,HO2312-C-2300,HO2312-C-2300,394.6,0.0,0.0,0.0,6,375.0,380.2,6,394.6,383.4,0.0,0.0,0.0,0.0,161
2023-05-10 11:27:17,HO2312-C-2300,HO2312-C-2300,394.6,0.0,0.0,0.0,6,374.2,380.2,6,394.6,383.4,0.0,0.0,0.0,0.0,161
2023-05-10 11:27:34,HO2312-C-2300,HO2312-C-2300,394.6,0.0,0.0,0.0,6,374.2,379.2,6,394.6,383.4,0.0,0.0,0.0,0.0,161
2023-05-10 11:27:50,HO2312-C-2300,HO2312-C-2300,394.6,0.0,0.0,0.0,12,374.0,379.2,6,394.6,383.4,0.0,0.0,0.0,0.0,161
2023-05-10 11:27:50,HO2312-C-2300,HO2312-C-2300,394.6,0.0,0.0,0.0,18,373.8,379.2,6,394.6,383.4,0.0,0.0,0.0,0.0,161
2023-05-10 11:27:52,HO2312-C-2300,HO2312-C-2300,394.6,0.0,0.0,0.0,12,373.8,379.2,6,394.6,383.4,0.0,0.0,0.0,0.0,161
2023-05-10 11:27:52,HO2312-C-2300,HO2312-C-2300,394.6,0.0,0.0,0.0,6,373.8,379.2,6,394.6,383.4,0.0,0.0,0.0,0.0,161
2023-05-10 11:27:58,HO2312-C-2300,HO2312-C-2300,394.6,0.0,0.0,0.0,6,373.8,378.4,6,394.6,383.4,0.0,0.0,0.0,0.0,161
2023-05-10 11:28:06,HO2312-C-2300,HO2312-C-2300,394.6,0.0,0.0,0.0,6,373.8,379.2,6,394.6,383.4,0.0,0.0,0.0,0.0,161
2023-05-10 11:28:20,HO2312-C-2300,HO2312-C-2300,394.6,0.0,0.0,0.0,6,373.8,378.2,6,394.6,383.4,0.0,0.0,0.0,0.0,161
2023-05-10 11:29:25,HO2312-C-2300,HO2312-C-2300,394.6,0.0,0.0,0.0,6,373.8,380.2,24,394.6,383.4,0.0,0.0,0.0,0.0,161
2023-05-10 11:29:25,HO2312-C-2300,HO2312-C-2300,394.6,0.0,0.0,0.0,6,373.8,380.2,18,394.6,383.4,0.0,0.0,0.0,0.0,161
2023-05-10 11:29:31,HO2312-C-2300,HO2312-C-2300,394.6,0.0,0.0,0.0,6,373.4,380.2,6,394.6,383.4,0.0,0.0,0.0,0.0,161
2023-05-10 11:29:32,HO2312-C-2300,HO2312-C-2300,394.6,0.0,0.0,0.0,6,373.4,381.0,12,394.6,383.4,0.0,0.0,0.0,0.0,161
2023-05-10 11:29:32,HO2312-C-2300,HO2312-C-2300,394.6,0.0,0.0,0.0,6,373.0,381.2,6,394.6,383.4,0.0,0.0,0.0,0.0,161
2023-05-10 11:29:33,HO2312-C-2300,HO2312-C-2300,394.6,0.0,0.0,0.0,12,372.6,381.6,12,394.6,383.4,0.0,0.0,0.0,0.0,161
2023-05-10 11:29:33,HO2312-C-2300,HO2312-C-2300,394.6,0.0,0.0,0.0,6,372.6,381.6,6,394.6,383.4,0.0,0.0,0.0,0.0,161
2023-05-10 11:29:36,HO2312-C-2300,HO2312-C-2300,394.6,0.0,0.0,0.0,6,371.8,381.8,6,394.6,383.4,0.0,0.0,0.0,0.0,161
2023-05-10 11:29:37,HO2312-C-2300,HO2312-C-2300,394.6,0.0,0.0,0.0,18,369.2,384.0,18,394.6,383.4,0.0,0.0,0.0,0.0,161
2023-05-10 11:29:39,HO2312-C-2300,HO2312-C-2300,394.6,0.0,0.0,0.0,6,369.2,384.0,6,394.6,383.4,0.0,0.0,0.0,0.0,161
2023-05-10 11:29:39,HO2312-C-2300,HO2312-C-2300,394.6,0.0,0.0,0.0,6,364.0,389.0,6,394.6,383.4,0.0,0.0,0.0,0.0,161
2023-05-10 11:29:46,HO2312-C-2300,HO2312-C-2300,394.6,0.0,0.0,0.0,1,219.2,450.0,1,394.6,383.4,0.0,0.0,0.0,0.0,161
2023-05-10 11:29:50,HO2312-C-2300,HO2312-C-2300,394.6,0.0,0.0,0.0,1,219.8,449.4,1,394.6,383.4,0.0,0.0,0.0,0.0,161
2023-05-10 11:29:51,HO2312-C-2300,HO2312-C-2300,394.6,0.0,0.0,0.0,1,298.2,449.4,1,394.6,383.4,0.0,0.0,0.0,0.0,161
2023-05-10 11:29:54,HO2312-C-2300,HO2312-C-2300,394.6,0.0,0.0,0.0,1,298.8,449.4,1,394.6,383.4,0.0,0.0,0.0,0.0,161
2023-05-10 11:29:59,HO2312-C-2300,HO2312-C-2300,394.6,0.0,0.0,0.0,1,298.8,429.4,1,394.6,383.4,0.0,0.0,0.0,0.0,161
2023-05-10 13:00:00,HO2312-C-2300,HO2312-C-2300,394.6,0.0,0.0,0.0,6,363.8,388.8,6,394.6,383.4,0.0,0.0,0.0,0.0,161
2023-05-10 13:00:03,HO2312-C-2300,HO2312-C-2300,394.6,0.0,0.0,0.0,6,371.8,378.6,6,394.6,383.4,0.0,0.0,0.0,0.0,161
2023-05-10 13:00:04,HO2312-C-2300,HO2312-C-2300,394.6,0.0,0.0,0.0,6,371.6,381.8,6,394.6,383.4,0.0,0.0,0.0,0.0,161
2023-05-10 13:00:05,HO2312-C-2300,HO2312-C-2300,394.6,0.0,0.0,0.0,12,363.8,388.8,12,394.6,383.4,0.0,0.0,0.0,0.0,161
2023-05-10 13:00:05,HO2312-C-2300,HO2312-C-2300,394.6,0.0,0.0,0.0,6,363.8,388.8,6,394.6,383.4,0.0,0.0,0.0,0.0,161
2023-05-10 13:00:06,HO2312-C-2300,HO2312-C-2300,394.6,0.0,0.0,0.0,6,371.8,378.4,6,394.6,383.4,0.0,0.0,0.0,0.0,161
2023-05-10 13:00:16,HO2312-C-2300,HO2312-C-2300,394.6,0.0,0.0,0.0,6,372.0,378.4,6,394.6,383.4,0.0,0.0,0.0,0.0,161
2023-05-10 13:00:19,HO2312-C-2300,HO2312-C-2300,394.6,0.0,0.0,0.0,6,372.8,379.4,6,394.6,383.4,0.0,0.0,0.0,0.0,161
2023-05-10 13:00:20,HO2312-C-2300,HO2312-C-2300,394.6,0.0,0.0,0.0,6,373.0,379.4,6,394.6,383.4,0.0,0.0,0.0,0.0,161
2023-05-10 13:00:33,HO2312-C-2300,HO2312-C-2300,394.6,0.0,0.0,0.0,6,373.0,378.6,6,394.6,383.4,0.0,0.0,0.0,0.0,161
2023-05-10 13:00:33,HO2312-C-2300,HO2312-C-2300,394.6,0.0,0.0,0.0,6,371.8,378.6,6,394.6,383.4,0.0,0.0,0.0,0.0,161
2023-05-10 13:00:34,HO2312-C-2300,HO2312-C-2300,394.6,0.0,0.0,0.0,6,372.0,378.6,6,394.6,383.4,0.0,0.0,0.0,0.0,161
2023-05-10 13:01:05,HO2312-C-2300,HO2312-C-2300,394.6,0.0,0.0,0.0,6,372.0,377.6,6,394.6,383.4,0.0,0.0,0.0,0.0,161
2023-05-10 13:01:06,HO2312-C-2300,HO2312-C-2300,394.6,0.0,0.0,0.0,6,371.6,377.6,6,394.6,383.4,0.0,0.0,0.0,0.0,161
2023-05-10 13:03:02,HO2312-C-2300,HO2312-C-2300,394.6,0.0,0.0,0.0,6,371.6,376.6,6,394.6,383.4,0.0,0.0,0.0,0.0,161
2023-05-10 13:03:12,HO2312-C-2300,HO2312-C-2300,394.6,0.0,0.0,0.0,6,371.6,377.6,6,394.6,383.4,0.0,0.0,0.0,0.0,161
2023-05-10 13:03:15,HO2312-C-2300,HO2312-C-2300,394.6,0.0,0.0,0.0,12,371.4,377.6,6,394.6,383.4,0.0,0.0,0.0,0.0,161
2023-05-10 13:03:16,HO2312-C-2300,HO2312-C-2300,394.6,0.0,0.0,0.0,6,371.6,377.6,6,394.6,383.4,0.0,0.0,0.0,0.0,161
2023-05-10 13:04:05,HO2312-C-2300,HO2312-C-2300,394.6,0.0,0.0,0.0,6,372.0,378.4,12,394.6,383.4,0.0,0.0,0.0,0.0,161
2023-05-10 13:04:05,HO2312-C-2300,HO2312-C-2300,394.6,0.0,0.0,0.0,6,372.0,378.6,24,394.6,383.4,0.0,0.0,0.0,0.0,161
2023-05-10 13:04:06,HO2312-C-2300,HO2312-C-2300,394.6,0.0,0.0,0.0,6,372.2,378.6,18,394.6,383.4,0.0,0.0,0.0,0.0,161
2023-05-10 13:04:07,HO2312-C-2300,HO2312-C-2300,394.6,0.0,0.0,0.0,6,372.2,378.6,12,394.6,383.4,0.0,0.0,0.0,0.0,161
2023-05-10 13:04:07,HO2312-C-2300,HO2312-C-2300,394.6,0.0,0.0,0.0,6,372.2,378.6,6,394.6,383.4,0.0,0.0,0.0,0.0,161
2023-05-10 13:05:23,HO2312-C-2300,HO2312-C-2300,394.6,0.0,0.0,0.0,6,373.0,379.4,12,394.6,383.4,0.0,0.0,0.0,0.0,161
2023-05-10 13:05:23,HO2312-C-2300,HO2312-C-2300,394.6,0.0,0.0,0.0,6,373.2,379.6,24,394.6,383.4,0.0,0.0,0.0,0.0,161
2023-05-10 13:05:24,HO2312-C-2300,HO2312-C-2300,394.6,0.0,0.0,0.0,6,373.2,379.6,18,394.6,383.4,0.0,0.0,0.0,0.0,161
2023-05-10 13:05:26,HO2312-C-2300,HO2312-C-2300,394.6,0.0,0.0,0.0,6,373.2,379.6,12,394.6,383.4,0.0,0.0,0.0,0.0,161
2023-05-10 13:05:27,HO2312-C-2300,HO2312-C-2300,394.6,0.0,0.0,0.0,6,373.2,379.6,6,394.6,383.4,0.0,0.0,0.0,0.0,161
2023-05-10 13:05:57,HO2312-C-2300,HO2312-C-2300,394.6,0.0,0.0,0.0,6,373.2,378.6,6,394.6,383.4,0.0,0.0,0.0,0.0,161
2023-05-10 13:06:07,HO2312-C-2300,HO2312-C-2300,394.6,0.0,0.0,0.0,18,373.0,378.6,6,394.6,383.4,0.0,0.0,0.0,0.0,161
2023-05-10 13:07:41,HO2312-C-2300,HO2312-C-2300,394.6,0.0,0.0,0.0,12,373.0,378.6,6,394.6,383.4,0.0,0.0,0.0,0.0,161
2023-05-10 13:07:41,HO2312-C-2300,HO2312-C-2300,394.6,0.0,0.0,0.0,6,373.0,378.6,6,394.6,383.4,0.0,0.0,0.0,0.0,161
2023-05-10 13:07:42,HO2312-C-2300,HO2312-C-2300,394.6,0.0,0.0,0.0,6,372.2,378.6,6,394.6,383.4,0.0,0.0,0.0,0.0,161
2023-05-10 13:09:11,HO2312-C-2300,HO2312-C-2300,394.6,0.0,0.0,0.0,6,372.2,377.8,6,394.6,383.4,0.0,0.0,0.0,0.0,161
2023-05-10 13:11:16,HO2312-C-2300,HO2312-C-2300,394.6,0.0,0.0,0.0,6,372.2,378.6,6,394.6,383.4,0.0,0.0,0.0,0.0,161
2023-05-10 13:12:07,HO2312-C-2300,HO2312-C-2300,394.6,0.0,0.0,0.0,6,372.8,379.6,6,394.6,383.4,0.0,0.0,0.0,0.0,161
2023-05-10 13:12:08,HO2312-C-2300,HO2312-C-2300,394.6,0.0,0.0,0.0,6,373.0,379.6,6,394.6,383.4,0.0,0.0,0.0,0.0,161
2023-05-10 13:13:10,HO2312-C-2300,HO2312-C-2300,394.6,0.0,0.0,0.0,6,373.8,379.8,12,394.6,383.4,0.0,0.0,0.0,0.0,161
2023-05-10 13:13:11,HO2312-C-2300,HO2312-C-2300,394.6,0.0,0.0,0.0,6,374.0,380.0,12,394.6,383.4,0.0,0.0,0.0,0.0,161
2023-05-10 13:13:11,HO2312-C-2300,HO2312-C-2300,394.6,0.0,0.0,0.0,6,374.0,380.0,6,394.6,383.4,0.0,0.0,0.0,0.0,161
2023-05-10 13:13:12,HO2312-C-2300,HO2312-C-2300,394.6,0.0,0.0,0.0,6,374.0,380.4,30,394.6,383.4,0.0,0.0,0.0,0.0,161
2023-05-10 13:13:12,HO2312-C-2300,HO2312-C-2300,394.6,0.0,0.0,0.0,6,374.0,380.4,18,394.6,383.4,0.0,0.0,0.0,0.0,161
2023-05-10 13:14:45,HO2312-C-2300,HO2312-C-2300,394.6,0.0,0.0,0.0,6,374.0,380.4,12,394.6,383.4,0.0,0.0,0.0,0.0,161
2023-05-10 13:14:45,HO2312-C-2300,HO2312-C-2300,394.6,0.0,0.0,0.0,6,374.0,380.4,6,394.6,383.4,0.0,0.0,0.0,0.0,161
2023-05-10 13:14:52,HO2312-C-2300,HO2312-C-2300,394.6,0.0,0.0,0.0,6,374.8,381.4,24,394.6,383.4,0.0,0.0,0.0,0.0,161
2023-05-10 13:14:53,HO2312-C-2300,HO2312-C-2300,394.6,0.0,0.0,0.0,6,375.0,381.4,18,394.6,383.4,0.0,0.0,0.0,0.0,161
2023-05-10 13:14:55,HO2312-C-2300,HO2312-C-2300,394.6,0.0,0.0,0.0,6,375.0,381.4,12,394.6,383.4,0.0,0.0,0.0,0.0,161
2023-05-10 13:14:55,HO2312-C-2300,HO2312-C-2300,394.6,0.0,0.0,0.0,6,375.0,381.4,6,394.6,383.4,0.0,0.0,0.0,0.0,161
2023-05-10 13:16:06,HO2312-C-2300,HO2312-C-2300,394.6,0.0,0.0,0.0,6,375.8,381.8,12,394.6,383.4,0.0,0.0,0.0,0.0,161
2023-05-10 13:16:07,HO2312-C-2300,HO2312-C-2300,394.6,0.0,0.0,0.0,6,376.0,382.0,12,394.6,383.4,0.0,0.0,0.0,0.0,161
2023-05-10 13:16:07,HO2312-C-2300,HO2312-C-2300,394.6,0.0,0.0,0.0,6,376.0,382.0,6,394.6,383.4,0.0,0.0,0.0,0.0,161
2023-05-10 13:16:10,HO2312-C-2300,HO2312-C-2300,394.6,0.0,0.0,0.0,6,376.0,382.2,12,394.6,383.4,0.0,0.0,0.0,0.0,161
2023-05-10 13:16:10,HO2312-C-2300,HO2312-C-2300,394.6,0.0,0.0,0.0,6,376.0,382.4,30,394.6,383.4,0.0,0.0,0.0,0.0,161
2023-05-10 13:16:11,HO2312-C-2300,HO2312-C-2300,394.6,0.0,0.0,0.0,6,377.0,382.4,6,394.6,383.4,0.0,0.0,0.0,0.0,161
2023-05-10 13:16:11,HO2312-C-2300,HO2312-C-2300,394.6,0.0,0.0,0.0,6,377.0,383.0,24,394.6,383.4,0.0,0.0,0.0,0.0,161
2023-05-10 13:16:12,HO2312-C-2300,HO2312-C-2300,394.6,0.0,0.0,0.0,6,377.2,383.0,12,394.6,383.4,0.0,0.0,0.0,0.0,161
2023-05-10 13:16:12,HO2312-C-2300,HO2312-C-2300,394.6,0.0,0.0,0.0,6,377.2,383.0,6,394.6,383.4,0.0,0.0,0.0,0.0,161
2023-05-10 13:16:13,HO2312-C-2300,HO2312-C-2300,394.6,0.0,0.0,0.0,6,377.2,383.4,18,394.6,383.4,0.0,0.0,0.0,0.0,161
2023-05-10 13:16:13,HO2312-C-2300,HO2312-C-2300,394.6,0.0,0.0,0.0,6,377.2,383.4,12,394.6,383.4,0.0,0.0,0.0,0.0,161
2023-05-10 13:16:14,HO2312-C-2300,HO2312-C-2300,394.6,0.0,0.0,0.0,6,377.2,383.6,18,394.6,383.4,0.0,0.0,0.0,0.0,161
2023-05-10 13:16:15,HO2312-C-2300,HO2312-C-2300,394.6,0.0,0.0,0.0,6,377.2,383.6,12,394.6,383.4,0.0,0.0,0.0,0.0,161
2023-05-10 13:16:15,HO2312-C-2300,HO2312-C-2300,394.6,0.0,0.0,0.0,6,377.2,383.8,30,394.6,383.4,0.0,0.0,0.0,0.0,161
2023-05-10 13:16:16,HO2312-C-2300,HO2312-C-2300,394.6,0.0,0.0,0.0,6,377.2,383.8,18,394.6,383.4,0.0,0.0,0.0,0.0,161
2023-05-10 13:16:24,HO2312-C-2300,HO2312-C-2300,394.6,0.0,0.0,0.0,6,377.2,382.8,6,394.6,383.4,0.0,0.0,0.0,0.0,161
2023-05-10 13:16:37,HO2312-C-2300,HO2312-C-2300,394.6,0.0,0.0,0.0,6,377.2,383.8,24,394.6,383.4,0.0,0.0,0.0,0.0,161
2023-05-10 13:16:37,HO2312-C-2300,HO2312-C-2300,394.6,0.0,0.0,0.0,6,377.2,383.8,18,394.6,383.4,0.0,0.0,0.0,0.0,161
2023-05-10 13:17:26,HO2312-C-2300,HO2312-C-2300,394.6,0.0,0.0,0.0,6,377.2,382.8,6,394.6,383.4,0.0,0.0,0.0,0.0,161
2023-05-10 13:17:31,HO2312-C-2300,HO2312-C-2300,394.6,0.0,0.0,0.0,12,377.0,381.6,6,394.6,383.4,0.0,0.0,0.0,0.0,161
2023-05-10 13:17:31,HO2312-C-2300,HO2312-C-2300,394.6,0.0,0.0,0.0,30,376.2,381.6,6,394.6,383.4,0.0,0.0,0.0,0.0,161
2023-05-10 13:17:32,HO2312-C-2300,HO2312-C-2300,394.6,0.0,0.0,0.0,18,376.2,381.6,6,394.6,383.4,0.0,0.0,0.0,0.0,161
2023-05-10 13:17:37,HO2312-C-2300,HO2312-C-2300,394.6,0.0,0.0,0.0,12,376.2,381.6,6,394.6,383.4,0.0,0.0,0.0,0.0,161
2023-05-10 13:17:38,HO2312-C-2300,HO2312-C-2300,394.6,0.0,0.0,0.0,6,376.2,381.6,6,394.6,383.4,0.0,0.0,0.0,0.0,161
2023-05-10 13:17:38,HO2312-C-2300,HO2312-C-2300,394.6,0.0,0.0,0.0,6,375.6,381.6,6,394.6,383.4,0.0,0.0,0.0,0.0,161
2023-05-10 13:19:59,HO2312-C-2300,HO2312-C-2300,394.6,0.0,0.0,0.0,6,375.8,382.6,30,394.6,383.4,0.0,0.0,0.0,0.0,161
2023-05-10 13:20:00,HO2312-C-2300,HO2312-C-2300,394.6,0.0,0.0,0.0,6,376.0,382.6,18,394.6,383.4,0.0,0.0,0.0,0.0,161
2023-05-10 13:20:01,HO2312-C-2300,HO2312-C-2300,394.6,0.0,0.0,0.0,6,376.0,382.6,12,394.6,383.4,0.0,0.0,0.0,0.0,161
2023-05-10 13:20:01,HO2312-C-2300,HO2312-C-2300,394.6,0.0,0.0,0.0,6,376.0,382.6,6,394.6,383.4,0.0,0.0,0.0,0.0,161
2023-05-10 13:20:05,HO2312-C-2300,HO2312-C-2300,394.6,0.0,0.0,0.0,6,376.8,383.4,6,394.6,383.4,0.0,0.0,0.0,0.0,161
2023-05-10 13:20:05,HO2312-C-2300,HO2312-C-2300,394.6,0.0,0.0,0.0,6,377.0,383.4,6,394.6,383.4,0.0,0.0,0.0,0.0,161
2023-05-10 13:20:45,HO2312-C-2300,HO2312-C-2300,394.6,0.0,0.0,0.0,6,377.6,383.6,12,394.6,383.4,0.0,0.0,0.0,0.0,161
2023-05-10 13:20:45,HO2312-C-2300,HO2312-C-2300,394.6,0.0,0.0,0.0,6,377.8,383.8,12,394.6,383.4,0.0,0.0,0.0,0.0,161
2023-05-10 13:20:46,HO2312-C-2300,HO2312-C-2300,394.6,0.0,0.0,0.0,6,377.8,384.0,12,394.6,383.4,0.0,0.0,0.0,0.0,161
2023-05-10 13:20:47,HO2312-C-2300,HO2312-C-2300,394.6,0.0,0.0,0.0,6,377.8,384.0,6,394.6,383.4,0.0,0.0,0.0,0.0,161
2023-05-10 13:21:14,HO2312-C-2300,HO2312-C-2300,394.6,0.0,0.0,0.0,6,377.8,383.4,6,394.6,383.4,0.0,0.0,0.0,0.0,161
2023-05-10 13:21:15,HO2312-C-2300,HO2312-C-2300,394.6,0.0,0.0,0.0,6,377.2,383.4,6,394.6,383.4,0.0,0.0,0.0,0.0,161
2023-05-10 13:21:19,HO2312-C-2300,HO2312-C-2300,394.6,0.0,0.0,0.0,6,377.6,384.0,6,394.6,383.4,0.0,0.0,0.0,0.0,161
2023-05-10 13:21:20,HO2312-C-2300,HO2312-C-2300,394.6,0.0,0.0,0.0,6,377.8,384.0,6,394.6,383.4,0.0,0.0,0.0,0.0,161
2023-05-10 13:21:40,HO2312-C-2300,HO2312-C-2300,394.6,0.0,0.0,0.0,6,377.8,383.4,6,394.6,383.4,0.0,0.0,0.0,0.0,161
2023-05-10 13:21:41,HO2312-C-2300,HO2312-C-2300,394.6,0.0,0.0,0.0,6,377.2,383.4,6,394.6,383.4,0.0,0.0,0.0,0.0,161
2023-05-10 13:21:42,HO2312-C-2300,HO2312-C-2300,394.6,0.0,0.0,0.0,4,378.8,383.4,6,394.6,383.4,0.0,0.0,0.0,0.0,161
2023-05-10 13:21:53,HO2312-C-2300,HO2312-C-2300,394.6,0.0,0.0,0.0,1,380.0,383.4,6,394.6,383.4,0.0,0.0,0.0,0.0,161
2023-05-10 13:21:58,HO2312-C-2300,HO2312-C-2300,383.4,1.0,38340.0,1.0,1,380.0,384.2,12,394.6,383.4,383.4,383.4,1.0,38340.0,162
2023-05-10 13:21:58,HO2312-C-2300,HO2312-C-2300,383.4,0.0,0.0,0.0,1,380.0,384.4,24,394.6,383.4,383.4,383.4,1.0,38340.0,162
2023-05-10 13:21:59,HO2312-C-2300,HO2312-C-2300,383.4,0.0,0.0,0.0,1,380.0,384.4,18,394.6,383.4,383.4,383.4,1.0,38340.0,162
2023-05-10 13:22:07,HO2312-C-2300,HO2312-C-2300,383.4,0.0,0.0,0.0,1,380.0,384.4,12,394.6,383.4,383.4,383.4,1.0,38340.0,162
2023-05-10 13:22:08,HO2312-C-2300,HO2312-C-2300,383.4,0.0,0.0,0.0,1,380.0,384.4,6,394.6,383.4,383.4,383.4,1.0,38340.0,162
2023-05-10 13:22:36,HO2312-C-2300,HO2312-C-2300,383.4,0.0,0.0,0.0,2,380.0,384.4,6,394.6,383.4,383.4,383.4,1.0,38340.0,162
2023-05-10 13:22:40,HO2312-C-2300,HO2312-C-2300,383.4,0.0,0.0,0.0,3,380.0,384.4,6,394.6,383.4,383.4,383.4,1.0,38340.0,162
2023-05-10 13:23:49,HO2312-C-2300,HO2312-C-2300,383.4,0.0,0.0,0.0,3,380.0,384.2,6,394.6,383.4,383.4,383.4,1.0,38340.0,162
2023-05-10 13:24:51,HO2312-C-2300,HO2312-C-2300,383.4,0.0,0.0,0.0,3,380.0,383.4,6,394.6,383.4,383.4,383.4,1.0,38340.0,162
2023-05-10 13:25:07,HO2312-C-2300,HO2312-C-2300,383.4,0.0,0.0,0.0,3,380.0,384.2,6,394.6,383.4,383.4,383.4,1.0,38340.0,162
2023-05-10 13:25:18,HO2312-C-2300,HO2312-C-2300,383.4,0.0,0.0,0.0,3,380.0,383.2,6,394.6,383.4,383.4,383.4,1.0,38340.0,162
2023-05-10 13:25:19,HO2312-C-2300,HO2312-C-2300,383.4,0.0,0.0,0.0,3,380.0,384.2,6,394.6,383.4,383.4,383.4,1.0,38340.0,162
2023-05-10 13:25:30,HO2312-C-2300,HO2312-C-2300,383.4,0.0,0.0,0.0,3,380.0,383.4,6,394.6,383.4,383.4,383.4,1.0,38340.0,162
2023-05-10 13:27:31,HO2312-C-2300,HO2312-C-2300,383.4,0.0,0.0,0.0,3,380.0,382.4,6,394.6,383.4,383.4,383.4,1.0,38340.0,162
2023-05-10 13:28:15,HO2312-C-2300,HO2312-C-2300,380.0,3.0,114000.0,3.0,8,378.8,382.4,6,394.6,383.4,383.4,380.0,4.0,152340.0,165
2023-05-10 13:28:16,HO2312-C-2300,HO2312-C-2300,380.0,0.0,0.0,0.0,2,378.8,382.4,6,394.6,383.4,383.4,380.0,4.0,152340.0,165
2023-05-10 13:28:17,HO2312-C-2300,HO2312-C-2300,380.0,0.0,0.0,0.0,2,378.8,381.6,6,394.6,383.4,383.4,380.0,4.0,152340.0,165
2023-05-10 13:28:47,HO2312-C-2300,HO2312-C-2300,380.0,0.0,0.0,0.0,2,378.8,380.6,6,394.6,383.4,383.4,380.0,4.0,152340.0,165
2023-05-10 13:29:02,HO2312-C-2300,HO2312-C-2300,380.0,0.0,0.0,0.0,2,378.8,381.6,6,394.6,383.4,383.4,380.0,4.0,152340.0,165
2023-05-10 13:30:07,HO2312-C-2300,HO2312-C-2300,380.0,0.0,0.0,0.0,2,378.8,380.6,6,394.6,383.4,383.4,380.0,4.0,152340.0,165
2023-05-10 13:30:21,HO2312-C-2300,HO2312-C-2300,380.0,0.0,0.0,0.0,2,378.8,381.6,6,394.6,383.4,383.4,380.0,4.0,152340.0,165
2023-05-10 13:30:29,HO2312-C-2300,HO2312-C-2300,380.0,0.0,0.0,0.0,2,378.8,380.6,6,394.6,383.4,383.4,380.0,4.0,152340.0,165
2023-05-10 13:31:26,HO2312-C-2300,HO2312-C-2300,378.8,2.0,75760.0,2.0,18,376.6,380.6,6,394.6,383.4,383.4,378.8,6.0,228100.0,167
2023-05-10 13:31:27,HO2312-C-2300,HO2312-C-2300,378.8,0.0,0.0,0.0,6,376.6,380.6,6,394.6,383.4,383.4,378.8,6.0,228100.0,167
2023-05-10 13:31:28,HO2312-C-2300,HO2312-C-2300,378.8,0.0,0.0,0.0,6,376.2,380.6,6,394.6,383.4,383.4,378.8,6.0,228100.0,167
2023-05-10 13:32:35,HO2312-C-2300,HO2312-C-2300,378.8,0.0,0.0,0.0,6,376.2,379.8,6,394.6,383.4,383.4,378.8,6.0,228100.0,167
2023-05-10 13:32:36,HO2312-C-2300,HO2312-C-2300,378.8,0.0,0.0,0.0,6,375.8,379.8,6,394.6,383.4,383.4,378.8,6.0,228100.0,167
2023-05-10 13:32:36,HO2312-C-2300,HO2312-C-2300,378.8,0.0,0.0,0.0,12,375.4,379.8,6,394.6,383.4,383.4,378.8,6.0,228100.0,167
2023-05-10 13:32:37,HO2312-C-2300,HO2312-C-2300,378.8,0.0,0.0,0.0,6,375.4,379.8,6,394.6,383.4,383.4,378.8,6.0,228100.0,167
2023-05-10 13:32:37,HO2312-C-2300,HO2312-C-2300,378.8,0.0,0.0,0.0,18,374.6,379.8,6,394.6,383.4,383.4,378.8,6.0,228100.0,167
2023-05-10 13:32:38,HO2312-C-2300,HO2312-C-2300,378.8,0.0,0.0,0.0,12,374.6,379.8,6,394.6,383.4,383.4,378.8,6.0,228100.0,167
2023-05-10 13:32:39,HO2312-C-2300,HO2312-C-2300,378.8,0.0,0.0,0.0,6,374.6,379.8,6,394.6,383.4,383.4,378.8,6.0,228100.0,167
2023-05-10 13:32:54,HO2312-C-2300,HO2312-C-2300,378.8,0.0,0.0,0.0,12,374.4,379.8,6,394.6,383.4,383.4,378.8,6.0,228100.0,167
2023-05-10 13:32:55,HO2312-C-2300,HO2312-C-2300,378.8,0.0,0.0,0.0,24,374.0,379.8,6,394.6,383.4,383.4,378.8,6.0,228100.0,167
2023-05-10 13:32:55,HO2312-C-2300,HO2312-C-2300,378.8,0.0,0.0,0.0,18,374.0,379.8,6,394.6,383.4,383.4,378.8,6.0,228100.0,167
2023-05-10 13:33:08,HO2312-C-2300,HO2312-C-2300,378.8,0.0,0.0,0.0,18,374.0,378.6,6,394.6,383.4,383.4,378.8,6.0,228100.0,167
2023-05-10 13:33:10,HO2312-C-2300,HO2312-C-2300,378.8,0.0,0.0,0.0,18,374.0,379.6,6,394.6,383.4,383.4,378.8,6.0,228100.0,167
2023-05-10 13:33:14,HO2312-C-2300,HO2312-C-2300,378.8,0.0,0.0,0.0,6,374.2,379.6,6,394.6,383.4,383.4,378.8,6.0,228100.0,167
2023-05-10 13:33:24,HO2312-C-2300,HO2312-C-2300,378.8,0.0,0.0,0.0,18,374.0,378.4,6,394.6,383.4,383.4,378.8,6.0,228100.0,167
2023-05-10 13:33:25,HO2312-C-2300,HO2312-C-2300,378.8,0.0,0.0,0.0,12,374.0,378.4,6,394.6,383.4,383.4,378.8,6.0,228100.0,167
2023-05-10 13:33:25,HO2312-C-2300,HO2312-C-2300,378.8,0.0,0.0,0.0,6,374.0,378.4,6,394.6,383.4,383.4,378.8,6.0,228100.0,167
2023-05-10 13:35:04,HO2312-C-2300,HO2312-C-2300,378.8,0.0,0.0,0.0,18,373.2,378.4,6,394.6,383.4,383.4,378.8,6.0,228100.0,167
2023-05-10 13:35:05,HO2312-C-2300,HO2312-C-2300,378.8,0.0,0.0,0.0,12,373.2,378.4,6,394.6,383.4,383.4,378.8,6.0,228100.0,167
2023-05-10 13:35:05,HO2312-C-2300,HO2312-C-2300,378.8,0.0,0.0,0.0,6,373.2,378.4,6,394.6,383.4,383.4,378.8,6.0,228100.0,167
2023-05-10 13:35:06,HO2312-C-2300,HO2312-C-2300,378.8,0.0,0.0,0.0,12,373.0,378.4,6,394.6,383.4,383.4,378.8,6.0,228100.0,167
2023-05-10 13:35:06,HO2312-C-2300,HO2312-C-2300,378.8,0.0,0.0,0.0,6,373.0,378.4,6,394.6,383.4,383.4,378.8,6.0,228100.0,167
2023-05-10 13:35:07,HO2312-C-2300,HO2312-C-2300,378.8,0.0,0.0,0.0,30,372.2,378.4,6,394.6,383.4,383.4,378.8,6.0,228100.0,167
2023-05-10 13:35:07,HO2312-C-2300,HO2312-C-2300,378.8,0.0,0.0,0.0,18,372.2,378.4,6,394.6,383.4,383.4,378.8,6.0,228100.0,167
2023-05-10 13:35:08,HO2312-C-2300,HO2312-C-2300,378.8,0.0,0.0,0.0,12,372.2,378.4,6,394.6,383.4,383.4,378.8,6.0,228100.0,167
2023-05-10 13:35:08,HO2312-C-2300,HO2312-C-2300,378.8,0.0,0.0,0.0,6,372.2,377.4,6,394.6,383.4,383.4,378.8,6.0,228100.0,167
2023-05-10 13:35:12,HO2312-C-2300,HO2312-C-2300,378.8,0.0,0.0,0.0,12,371.8,377.4,6,394.6,383.4,383.4,378.8,6.0,228100.0,167
2023-05-10 13:35:13,HO2312-C-2300,HO2312-C-2300,378.8,0.0,0.0,0.0,6,371.8,377.4,6,394.6,383.4,383.4,378.8,6.0,228100.0,167
2023-05-10 13:35:13,HO2312-C-2300,HO2312-C-2300,378.8,0.0,0.0,0.0,18,371.4,377.4,6,394.6,383.4,383.4,378.8,6.0,228100.0,167
2023-05-10 13:35:14,HO2312-C-2300,HO2312-C-2300,378.8,0.0,0.0,0.0,12,371.4,377.4,6,394.6,383.4,383.4,378.8,6.0,228100.0,167
2023-05-10 13:35:14,HO2312-C-2300,HO2312-C-2300,378.8,0.0,0.0,0.0,6,371.4,377.4,6,394.6,383.4,383.4,378.8,6.0,228100.0,167
2023-05-10 13:35:15,HO2312-C-2300,HO2312-C-2300,378.8,0.0,0.0,0.0,24,371.0,377.4,6,394.6,383.4,383.4,378.8,6.0,228100.0,167
2023-05-10 13:35:15,HO2312-C-2300,HO2312-C-2300,378.8,0.0,0.0,0.0,18,371.0,377.4,6,394.6,383.4,383.4,378.8,6.0,228100.0,167
2023-05-10 13:35:33,HO2312-C-2300,HO2312-C-2300,378.8,0.0,0.0,0.0,18,371.0,376.6,6,394.6,383.4,383.4,378.8,6.0,228100.0,167
2023-05-10 13:35:34,HO2312-C-2300,HO2312-C-2300,378.8,0.0,0.0,0.0,12,371.0,376.6,6,394.6,383.4,383.4,378.8,6.0,228100.0,167
2023-05-10 13:35:35,HO2312-C-2300,HO2312-C-2300,378.8,0.0,0.0,0.0,6,371.0,376.6,6,394.6,383.4,383.4,378.8,6.0,228100.0,167
2023-05-10 13:35:36,HO2312-C-2300,HO2312-C-2300,378.8,0.0,0.0,0.0,6,370.6,376.6,6,394.6,383.4,383.4,378.8,6.0,228100.0,167
2023-05-10 13:35:38,HO2312-C-2300,HO2312-C-2300,378.8,0.0,0.0,0.0,12,370.4,376.6,6,394.6,383.4,383.4,378.8,6.0,228100.0,167
2023-05-10 13:35:39,HO2312-C-2300,HO2312-C-2300,378.8,0.0,0.0,0.0,24,370.2,376.6,6,394.6,383.4,383.4,378.8,6.0,228100.0,167
2023-05-10 13:35:39,HO2312-C-2300,HO2312-C-2300,378.8,0.0,0.0,0.0,18,370.2,376.6,6,394.6,383.4,383.4,378.8,6.0,228100.0,167
2023-05-10 13:36:23,HO2312-C-2300,HO2312-C-2300,378.8,0.0,0.0,0.0,18,370.2,375.6,6,394.6,383.4,383.4,378.8,6.0,228100.0,167
2023-05-10 13:36:44,HO2312-C-2300,HO2312-C-2300,378.8,0.0,0.0,0.0,12,370.2,375.6,6,394.6,383.4,383.4,378.8,6.0,228100.0,167
2023-05-10 13:36:45,HO2312-C-2300,HO2312-C-2300,378.8,0.0,0.0,0.0,6,370.2,375.6,6,394.6,383.4,383.4,378.8,6.0,228100.0,167
2023-05-10 13:36:53,HO2312-C-2300,HO2312-C-2300,378.8,0.0,0.0,0.0,6,370.2,374.8,6,394.6,383.4,383.4,378.8,6.0,228100.0,167
2023-05-10 13:37:24,HO2312-C-2300,HO2312-C-2300,378.8,0.0,0.0,0.0,6,370.2,375.6,6,394.6,383.4,383.4,378.8,6.0,228100.0,167
2023-05-10 13:40:02,HO2312-C-2300,HO2312-C-2300,378.8,0.0,0.0,0.0,6,370.2,374.8,6,394.6,383.4,383.4,378.8,6.0,228100.0,167
2023-05-10 13:41:01,HO2312-C-2300,HO2312-C-2300,378.8,0.0,0.0,0.0,6,370.0,374.8,6,394.6,383.4,383.4,378.8,6.0,228100.0,167
2023-05-10 13:41:02,HO2312-C-2300,HO2312-C-2300,378.8,0.0,0.0,0.0,6,369.8,374.8,6,394.6,383.4,383.4,378.8,6.0,228100.0,167
2023-05-10 13:41:02,HO2312-C-2300,HO2312-C-2300,378.8,0.0,0.0,0.0,6,369.2,373.4,6,394.6,383.4,383.4,378.8,6.0,228100.0,167
2023-05-10 13:41:03,HO2312-C-2300,HO2312-C-2300,378.8,0.0,0.0,0.0,24,369.0,373.4,6,394.6,383.4,383.4,378.8,6.0,228100.0,167
2023-05-10 13:41:03,HO2312-C-2300,HO2312-C-2300,378.8,0.0,0.0,0.0,18,369.0,374.4,6,394.6,383.4,383.4,378.8,6.0,228100.0,167
2023-05-10 13:41:04,HO2312-C-2300,HO2312-C-2300,378.8,0.0,0.0,0.0,12,369.0,374.4,6,394.6,383.4,383.4,378.8,6.0,228100.0,167
2023-05-10 13:41:04,HO2312-C-2300,HO2312-C-2300,378.8,0.0,0.0,0.0,6,369.0,374.4,6,394.6,383.4,383.4,378.8,6.0,228100.0,167
2023-05-10 13:41:05,HO2312-C-2300,HO2312-C-2300,378.8,0.0,0.0,0.0,6,368.4,374.4,6,394.6,383.4,383.4,378.8,6.0,228100.0,167
2023-05-10 13:41:09,HO2312-C-2300,HO2312-C-2300,378.8,0.0,0.0,0.0,6,368.6,375.2,6,394.6,383.4,383.4,378.8,6.0,228100.0,167
2023-05-10 13:41:42,HO2312-C-2300,HO2312-C-2300,378.8,0.0,0.0,0.0,12,368.2,374.2,6,394.6,383.4,383.4,378.8,6.0,228100.0,167
2023-05-10 13:41:42,HO2312-C-2300,HO2312-C-2300,378.8,0.0,0.0,0.0,12,368.0,374.2,6,394.6,383.4,383.4,378.8,6.0,228100.0,167
2023-05-10 13:41:43,HO2312-C-2300,HO2312-C-2300,378.8,0.0,0.0,0.0,42,367.6,374.2,6,394.6,383.4,383.4,378.8,6.0,228100.0,167
2023-05-10 13:41:43,HO2312-C-2300,HO2312-C-2300,378.8,0.0,0.0,0.0,30,367.6,374.2,6,394.6,383.4,383.4,378.8,6.0,228100.0,167
2023-05-10 13:41:49,HO2312-C-2300,HO2312-C-2300,378.8,0.0,0.0,0.0,2,367.8,374.2,6,394.6,383.4,383.4,378.8,6.0,228100.0,167
2023-05-10 13:41:57,HO2312-C-2300,HO2312-C-2300,378.8,0.0,0.0,0.0,1,368.8,374.2,6,394.6,383.4,383.4,378.8,6.0,228100.0,167
2023-05-10 13:42:50,HO2312-C-2300,HO2312-C-2300,378.8,0.0,0.0,0.0,1,368.8,373.4,6,394.6,383.4,383.4,378.8,6.0,228100.0,167
2023-05-10 13:43:01,HO2312-C-2300,HO2312-C-2300,378.8,0.0,0.0,0.0,1,368.8,372.4,6,394.6,383.4,383.4,378.8,6.0,228100.0,167
2023-05-10 13:43:30,HO2312-C-2300,HO2312-C-2300,378.8,0.0,0.0,0.0,1,368.8,373.0,12,394.6,383.4,383.4,378.8,6.0,228100.0,167
2023-05-10 13:43:31,HO2312-C-2300,HO2312-C-2300,378.8,0.0,0.0,0.0,1,368.8,373.4,24,394.6,383.4,383.4,378.8,6.0,228100.0,167
2023-05-10 13:43:31,HO2312-C-2300,HO2312-C-2300,378.8,0.0,0.0,0.0,1,368.8,373.4,18,394.6,383.4,383.4,378.8,6.0,228100.0,167
2023-05-10 13:43:33,HO2312-C-2300,HO2312-C-2300,378.8,0.0,0.0,0.0,1,368.8,372.4,6,394.6,383.4,383.4,378.8,6.0,228100.0,167
2023-05-10 13:44:02,HO2312-C-2300,HO2312-C-2300,378.8,0.0,0.0,0.0,1,368.8,373.4,18,394.6,383.4,383.4,378.8,6.0,228100.0,167
2023-05-10 13:44:03,HO2312-C-2300,HO2312-C-2300,378.8,0.0,0.0,0.0,1,368.8,373.4,12,394.6,383.4,383.4,378.8,6.0,228100.0,167
2023-05-10 13:44:03,HO2312-C-2300,HO2312-C-2300,378.8,0.0,0.0,0.0,1,368.8,373.4,6,394.6,383.4,383.4,378.8,6.0,228100.0,167
2023-05-10 13:47:35,HO2312-C-2300,HO2312-C-2300,378.8,0.0,0.0,0.0,1,368.8,374.4,30,394.6,383.4,383.4,378.8,6.0,228100.0,167
2023-05-10 13:47:35,HO2312-C-2300,HO2312-C-2300,378.8,0.0,0.0,0.0,1,368.8,374.4,24,394.6,383.4,383.4,378.8,6.0,228100.0,167
