time,symbol_id,symbol_name,last,trade_volume,trade_amount,open_interest_change,bv1,bp1,ap1,av1,yesterday_close,today_open,today_high,today_low,volume,amount,open_interest
2023-05-10 09:29:00,HO2312-C-2400,HO2312-C-2400,340.0,0.0,0.0,0.0,1,261.6,356.0,1,340.0,0.0,0.0,0.0,0.0,0.0,49
2023-05-10 09:30:00,HO2312-C-2400,HO2312-C-2400,340.0,0.0,0.0,0.0,1,261.6,355.2,1,340.0,0.0,0.0,0.0,0.0,0.0,49
2023-05-10 09:30:01,HO2312-C-2400,HO2312-C-2400,340.0,0.0,0.0,0.0,1,269.4,344.4,1,340.0,0.0,0.0,0.0,0.0,0.0,49
2023-05-10 09:30:24,HO2312-C-2400,HO2312-C-2400,340.0,0.0,0.0,0.0,6,300.4,325.4,6,340.0,0.0,0.0,0.0,0.0,0.0,49
2023-05-10 09:30:32,HO2312-C-2400,HO2312-C-2400,340.0,0.0,0.0,0.0,6,300.6,325.2,6,340.0,0.0,0.0,0.0,0.0,0.0,49
2023-05-10 09:30:47,HO2312-C-2400,HO2312-C-2400,340.0,0.0,0.0,0.0,6,305.0,314.8,6,340.0,0.0,0.0,0.0,0.0,0.0,49
2023-05-10 09:30:47,HO2312-C-2400,HO2312-C-2400,340.0,0.0,0.0,0.0,6,305.2,314.6,6,340.0,0.0,0.0,0.0,0.0,0.0,49
2023-05-10 09:30:59,HO2312-C-2400,HO2312-C-2400,340.0,0.0,0.0,0.0,6,305.2,313.4,6,340.0,0.0,0.0,0.0,0.0,0.0,49
2023-05-10 09:31:00,HO2312-C-2400,HO2312-C-2400,340.0,0.0,0.0,0.0,6,305.0,313.2,6,340.0,0.0,0.0,0.0,0.0,0.0,49
2023-05-10 09:31:01,HO2312-C-2400,HO2312-C-2400,340.0,0.0,0.0,0.0,12,304.6,313.2,6,340.0,0.0,0.0,0.0,0.0,0.0,49
2023-05-10 09:31:01,HO2312-C-2400,HO2312-C-2400,340.0,0.0,0.0,0.0,6,304.6,313.2,6,340.0,0.0,0.0,0.0,0.0,0.0,49
2023-05-10 09:31:02,HO2312-C-2400,HO2312-C-2400,340.0,0.0,0.0,0.0,12,303.8,313.4,18,340.0,0.0,0.0,0.0,0.0,0.0,49
2023-05-10 09:31:02,HO2312-C-2400,HO2312-C-2400,340.0,0.0,0.0,0.0,6,304.0,313.2,6,340.0,0.0,0.0,0.0,0.0,0.0,49
2023-05-10 09:31:04,HO2312-C-2400,HO2312-C-2400,340.0,0.0,0.0,0.0,6,304.0,312.0,6,340.0,0.0,0.0,0.0,0.0,0.0,49
2023-05-10 09:31:05,HO2312-C-2400,HO2312-C-2400,340.0,0.0,0.0,0.0,6,303.8,311.8,6,340.0,0.0,0.0,0.0,0.0,0.0,49
2023-05-10 09:31:05,HO2312-C-2400,HO2312-C-2400,340.0,0.0,0.0,0.0,6,303.2,311.8,6,340.0,0.0,0.0,0.0,0.0,0.0,49
2023-05-10 09:31:21,HO2312-C-2400,HO2312-C-2400,340.0,0.0,0.0,0.0,6,302.6,311.8,6,340.0,0.0,0.0,0.0,0.0,0.0,49
2023-05-10 09:31:24,HO2312-C-2400,HO2312-C-2400,340.0,0.0,0.0,0.0,6,302.6,310.8,6,340.0,0.0,0.0,0.0,0.0,0.0,49
2023-05-10 09:31:24,HO2312-C-2400,HO2312-C-2400,340.0,0.0,0.0,0.0,6,302.6,310.6,6,340.0,0.0,0.0,0.0,0.0,0.0,49
2023-05-10 09:31:25,HO2312-C-2400,HO2312-C-2400,340.0,0.0,0.0,0.0,6,301.8,310.6,6,340.0,0.0,0.0,0.0,0.0,0.0,49
2023-05-10 09:31:43,HO2312-C-2400,HO2312-C-2400,340.0,0.0,0.0,0.0,6,302.4,310.6,6,340.0,0.0,0.0,0.0,0.0,0.0,49
2023-05-10 09:31:43,HO2312-C-2400,HO2312-C-2400,340.0,0.0,0.0,0.0,6,302.6,310.6,6,340.0,0.0,0.0,0.0,0.0,0.0,49
2023-05-10 09:31:53,HO2312-C-2400,HO2312-C-2400,340.0,0.0,0.0,0.0,6,302.6,311.4,6,340.0,0.0,0.0,0.0,0.0,0.0,49
2023-05-10 09:31:58,HO2312-C-2400,HO2312-C-2400,340.0,0.0,0.0,0.0,6,302.6,311.8,6,340.0,0.0,0.0,0.0,0.0,0.0,49
2023-05-10 09:32:17,HO2312-C-2400,HO2312-C-2400,340.0,0.0,0.0,0.0,6,302.6,311.8,7,340.0,0.0,0.0,0.0,0.0,0.0,49
2023-05-10 09:32:19,HO2312-C-2400,HO2312-C-2400,340.0,0.0,0.0,0.0,6,303.8,311.8,7,340.0,0.0,0.0,0.0,0.0,0.0,49
2023-05-10 09:32:20,HO2312-C-2400,HO2312-C-2400,340.0,0.0,0.0,0.0,6,304.0,311.8,1,340.0,0.0,0.0,0.0,0.0,0.0,49
2023-05-10 09:32:25,HO2312-C-2400,HO2312-C-2400,340.0,0.0,0.0,0.0,6,304.0,311.6,6,340.0,0.0,0.0,0.0,0.0,0.0,49
2023-05-10 09:32:27,HO2312-C-2400,HO2312-C-2400,340.0,0.0,0.0,0.0,6,304.0,311.6,7,340.0,0.0,0.0,0.0,0.0,0.0,49
2023-05-10 09:32:37,HO2312-C-2400,HO2312-C-2400,340.0,0.0,0.0,0.0,6,304.0,311.4,1,340.0,0.0,0.0,0.0,0.0,0.0,49
2023-05-10 09:32:38,HO2312-C-2400,HO2312-C-2400,340.0,0.0,0.0,0.0,12,303.8,311.2,6,340.0,0.0,0.0,0.0,0.0,0.0,49
2023-05-10 09:32:38,HO2312-C-2400,HO2312-C-2400,340.0,0.0,0.0,0.0,12,303.6,311.2,6,340.0,0.0,0.0,0.0,0.0,0.0,49
2023-05-10 09:32:39,HO2312-C-2400,HO2312-C-2400,340.0,0.0,0.0,0.0,6,303.6,311.2,6,340.0,0.0,0.0,0.0,0.0,0.0,49
2023-05-10 09:32:39,HO2312-C-2400,HO2312-C-2400,340.0,0.0,0.0,0.0,6,303.2,311.2,6,340.0,0.0,0.0,0.0,0.0,0.0,49
2023-05-10 09:32:41,HO2312-C-2400,HO2312-C-2400,340.0,0.0,0.0,0.0,6,302.8,311.2,6,340.0,0.0,0.0,0.0,0.0,0.0,49
2023-05-10 09:32:50,HO2312-C-2400,HO2312-C-2400,340.0,0.0,0.0,0.0,7,302.8,311.2,6,340.0,0.0,0.0,0.0,0.0,0.0,49
2023-05-10 09:32:52,HO2312-C-2400,HO2312-C-2400,340.0,0.0,0.0,0.0,7,302.8,311.2,7,340.0,0.0,0.0,0.0,0.0,0.0,49
2023-05-10 09:32:53,HO2312-C-2400,HO2312-C-2400,340.0,0.0,0.0,0.0,1,305.6,311.2,7,340.0,0.0,0.0,0.0,0.0,0.0,49
2023-05-10 09:32:53,HO2312-C-2400,HO2312-C-2400,340.0,0.0,0.0,0.0,7,305.6,311.2,7,340.0,0.0,0.0,0.0,0.0,0.0,49
2023-05-10 09:32:58,HO2312-C-2400,HO2312-C-2400,340.0,0.0,0.0,0.0,13,305.6,311.2,1,340.0,0.0,0.0,0.0,0.0,0.0,49
2023-05-10 09:32:59,HO2312-C-2400,HO2312-C-2400,340.0,0.0,0.0,0.0,19,305.6,311.2,1,340.0,0.0,0.0,0.0,0.0,0.0,49
2023-05-10 09:33:00,HO2312-C-2400,HO2312-C-2400,340.0,0.0,0.0,0.0,19,305.6,312.0,1,340.0,0.0,0.0,0.0,0.0,0.0,49
2023-05-10 09:33:03,HO2312-C-2400,HO2312-C-2400,340.0,0.0,0.0,0.0,19,305.6,312.2,24,340.0,0.0,0.0,0.0,0.0,0.0,49
2023-05-10 09:33:04,HO2312-C-2400,HO2312-C-2400,340.0,0.0,0.0,0.0,6,305.8,312.2,6,340.0,0.0,0.0,0.0,0.0,0.0,49
2023-05-10 09:33:04,HO2312-C-2400,HO2312-C-2400,340.0,0.0,0.0,0.0,6,305.8,312.6,24,340.0,0.0,0.0,0.0,0.0,0.0,49
2023-05-10 09:33:05,HO2312-C-2400,HO2312-C-2400,340.0,0.0,0.0,0.0,6,305.8,312.6,12,340.0,0.0,0.0,0.0,0.0,0.0,49
2023-05-10 09:33:05,HO2312-C-2400,HO2312-C-2400,340.0,0.0,0.0,0.0,6,305.8,312.6,6,340.0,0.0,0.0,0.0,0.0,0.0,49
2023-05-10 09:33:12,HO2312-C-2400,HO2312-C-2400,340.0,0.0,0.0,0.0,6,305.8,313.0,19,340.0,0.0,0.0,0.0,0.0,0.0,49
2023-05-10 09:33:12,HO2312-C-2400,HO2312-C-2400,340.0,0.0,0.0,0.0,6,305.8,313.0,13,340.0,0.0,0.0,0.0,0.0,0.0,49
2023-05-10 09:33:13,HO2312-C-2400,HO2312-C-2400,340.0,0.0,0.0,0.0,6,305.8,313.0,7,340.0,0.0,0.0,0.0,0.0,0.0,49
2023-05-10 09:33:13,HO2312-C-2400,HO2312-C-2400,340.0,0.0,0.0,0.0,6,305.8,313.0,1,340.0,0.0,0.0,0.0,0.0,0.0,49
2023-05-10 09:33:15,HO2312-C-2400,HO2312-C-2400,340.0,0.0,0.0,0.0,1,307.4,313.0,1,340.0,0.0,0.0,0.0,0.0,0.0,49
2023-05-10 09:33:17,HO2312-C-2400,HO2312-C-2400,340.0,0.0,0.0,0.0,1,307.4,313.6,18,340.0,0.0,0.0,0.0,0.0,0.0,49
2023-05-10 09:33:18,HO2312-C-2400,HO2312-C-2400,340.0,0.0,0.0,0.0,1,307.4,313.6,6,340.0,0.0,0.0,0.0,0.0,0.0,49
2023-05-10 09:33:18,HO2312-C-2400,HO2312-C-2400,340.0,0.0,0.0,0.0,1,307.4,313.8,18,340.0,0.0,0.0,0.0,0.0,0.0,49
2023-05-10 09:33:19,HO2312-C-2400,HO2312-C-2400,340.0,0.0,0.0,0.0,1,307.4,313.8,12,340.0,0.0,0.0,0.0,0.0,0.0,49
2023-05-10 09:33:19,HO2312-C-2400,HO2312-C-2400,340.0,0.0,0.0,0.0,6,307.6,314.0,13,340.0,0.0,0.0,0.0,0.0,0.0,49
2023-05-10 09:33:20,HO2312-C-2400,HO2312-C-2400,340.0,0.0,0.0,0.0,6,307.6,314.0,6,340.0,0.0,0.0,0.0,0.0,0.0,49
2023-05-10 09:33:20,HO2312-C-2400,HO2312-C-2400,340.0,0.0,0.0,0.0,6,307.6,314.8,31,340.0,0.0,0.0,0.0,0.0,0.0,49
2023-05-10 09:33:21,HO2312-C-2400,HO2312-C-2400,340.0,0.0,0.0,0.0,6,307.6,314.8,6,340.0,0.0,0.0,0.0,0.0,0.0,49
2023-05-10 09:33:21,HO2312-C-2400,HO2312-C-2400,340.0,0.0,0.0,0.0,6,307.6,315.0,24,340.0,0.0,0.0,0.0,0.0,0.0,49
2023-05-10 09:33:22,HO2312-C-2400,HO2312-C-2400,340.0,0.0,0.0,0.0,6,307.6,315.0,18,340.0,0.0,0.0,0.0,0.0,0.0,49
2023-05-10 09:33:23,HO2312-C-2400,HO2312-C-2400,340.0,0.0,0.0,0.0,6,307.6,315.0,12,340.0,0.0,0.0,0.0,0.0,0.0,49
2023-05-10 09:33:23,HO2312-C-2400,HO2312-C-2400,340.0,0.0,0.0,0.0,6,307.6,315.0,6,340.0,0.0,0.0,0.0,0.0,0.0,49
2023-05-10 09:33:24,HO2312-C-2400,HO2312-C-2400,340.0,0.0,0.0,0.0,1,309.2,315.0,6,340.0,0.0,0.0,0.0,0.0,0.0,49
2023-05-10 09:33:26,HO2312-C-2400,HO2312-C-2400,340.0,0.0,0.0,0.0,1,309.2,315.4,7,340.0,0.0,0.0,0.0,0.0,0.0,49
2023-05-10 09:33:26,HO2312-C-2400,HO2312-C-2400,340.0,0.0,0.0,0.0,1,309.2,315.4,1,340.0,0.0,0.0,0.0,0.0,0.0,49
2023-05-10 09:33:27,HO2312-C-2400,HO2312-C-2400,340.0,0.0,0.0,0.0,1,309.2,315.6,18,340.0,0.0,0.0,0.0,0.0,0.0,49
2023-05-10 09:33:30,HO2312-C-2400,HO2312-C-2400,340.0,0.0,0.0,0.0,1,309.2,315.6,12,340.0,0.0,0.0,0.0,0.0,0.0,49
2023-05-10 09:33:31,HO2312-C-2400,HO2312-C-2400,340.0,0.0,0.0,0.0,1,309.2,315.6,6,340.0,0.0,0.0,0.0,0.0,0.0,49
2023-05-10 09:33:47,HO2312-C-2400,HO2312-C-2400,340.0,0.0,0.0,0.0,6,308.8,315.6,6,340.0,0.0,0.0,0.0,0.0,0.0,49
2023-05-10 09:33:58,HO2312-C-2400,HO2312-C-2400,340.0,0.0,0.0,0.0,6,308.8,315.6,7,340.0,0.0,0.0,0.0,0.0,0.0,49
2023-05-10 09:34:04,HO2312-C-2400,HO2312-C-2400,340.0,0.0,0.0,0.0,6,308.8,315.2,6,340.0,0.0,0.0,0.0,0.0,0.0,49
2023-05-10 09:34:04,HO2312-C-2400,HO2312-C-2400,340.0,0.0,0.0,0.0,6,308.8,315.2,7,340.0,0.0,0.0,0.0,0.0,0.0,49
2023-05-10 09:34:05,HO2312-C-2400,HO2312-C-2400,340.0,0.0,0.0,0.0,6,308.8,314.2,1,340.0,0.0,0.0,0.0,0.0,0.0,49
2023-05-10 09:34:05,HO2312-C-2400,HO2312-C-2400,340.0,0.0,0.0,0.0,6,308.6,314.2,7,340.0,0.0,0.0,0.0,0.0,0.0,49
2023-05-10 09:34:06,HO2312-C-2400,HO2312-C-2400,340.0,0.0,0.0,0.0,6,308.4,314.2,7,340.0,0.0,0.0,0.0,0.0,0.0,49
2023-05-10 09:34:06,HO2312-C-2400,HO2312-C-2400,340.0,0.0,0.0,0.0,48,307.8,314.2,7,340.0,0.0,0.0,0.0,0.0,0.0,49
2023-05-10 09:34:07,HO2312-C-2400,HO2312-C-2400,340.0,0.0,0.0,0.0,18,307.8,314.2,6,340.0,0.0,0.0,0.0,0.0,0.0,49
2023-05-10 09:34:07,HO2312-C-2400,HO2312-C-2400,340.0,0.0,0.0,0.0,6,308.0,315.0,6,340.0,0.0,0.0,0.0,0.0,0.0,49
2023-05-10 09:34:14,HO2312-C-2400,HO2312-C-2400,340.0,0.0,0.0,0.0,6,308.0,315.0,7,340.0,0.0,0.0,0.0,0.0,0.0,49
2023-05-10 09:34:24,HO2312-C-2400,HO2312-C-2400,340.0,0.0,0.0,0.0,6,308.0,314.8,1,340.0,0.0,0.0,0.0,0.0,0.0,49
2023-05-10 09:34:25,HO2312-C-2400,HO2312-C-2400,340.0,0.0,0.0,0.0,6,307.8,314.6,6,340.0,0.0,0.0,0.0,0.0,0.0,49
2023-05-10 09:34:26,HO2312-C-2400,HO2312-C-2400,340.0,0.0,0.0,0.0,6,307.8,314.0,6,340.0,0.0,0.0,0.0,0.0,0.0,49
2023-05-10 09:34:28,HO2312-C-2400,HO2312-C-2400,340.0,0.0,0.0,0.0,6,307.8,313.8,1,340.0,0.0,0.0,0.0,0.0,0.0,49
2023-05-10 09:34:28,HO2312-C-2400,HO2312-C-2400,340.0,0.0,0.0,0.0,6,307.2,313.6,6,340.0,0.0,0.0,0.0,0.0,0.0,49
2023-05-10 09:34:29,HO2312-C-2400,HO2312-C-2400,340.0,0.0,0.0,0.0,6,307.0,313.6,6,340.0,0.0,0.0,0.0,0.0,0.0,49
2023-05-10 09:34:29,HO2312-C-2400,HO2312-C-2400,340.0,0.0,0.0,0.0,6,306.8,313.6,6,340.0,0.0,0.0,0.0,0.0,0.0,49
2023-05-10 09:34:39,HO2312-C-2400,HO2312-C-2400,340.0,0.0,0.0,0.0,6,306.8,313.6,7,340.0,0.0,0.0,0.0,0.0,0.0,49
2023-05-10 09:34:42,HO2312-C-2400,HO2312-C-2400,340.0,0.0,0.0,0.0,6,306.4,313.6,1,340.0,0.0,0.0,0.0,0.0,0.0,49
2023-05-10 09:34:45,HO2312-C-2400,HO2312-C-2400,340.0,0.0,0.0,0.0,18,306.0,313.4,6,340.0,0.0,0.0,0.0,0.0,0.0,49
2023-05-10 09:34:59,HO2312-C-2400,HO2312-C-2400,340.0,0.0,0.0,0.0,18,306.0,313.4,7,340.0,0.0,0.0,0.0,0.0,0.0,49
2023-05-10 09:35:02,HO2312-C-2400,HO2312-C-2400,340.0,0.0,0.0,0.0,18,306.0,312.8,6,340.0,0.0,0.0,0.0,0.0,0.0,49
2023-05-10 09:35:02,HO2312-C-2400,HO2312-C-2400,340.0,0.0,0.0,0.0,6,306.0,312.6,6,340.0,0.0,0.0,0.0,0.0,0.0,49
2023-05-10 09:35:03,HO2312-C-2400,HO2312-C-2400,340.0,0.0,0.0,0.0,18,305.4,312.6,6,340.0,0.0,0.0,0.0,0.0,0.0,49
2023-05-10 09:35:04,HO2312-C-2400,HO2312-C-2400,340.0,0.0,0.0,0.0,12,305.4,312.6,6,340.0,0.0,0.0,0.0,0.0,0.0,49
2023-05-10 09:35:04,HO2312-C-2400,HO2312-C-2400,340.0,0.0,0.0,0.0,6,305.4,312.6,7,340.0,0.0,0.0,0.0,0.0,0.0,49
2023-05-10 09:35:06,HO2312-C-2400,HO2312-C-2400,340.0,0.0,0.0,0.0,6,305.4,311.6,6,340.0,0.0,0.0,0.0,0.0,0.0,49
2023-05-10 09:35:07,HO2312-C-2400,HO2312-C-2400,340.0,0.0,0.0,0.0,6,305.4,311.4,6,340.0,0.0,0.0,0.0,0.0,0.0,49
2023-05-10 09:35:12,HO2312-C-2400,HO2312-C-2400,340.0,0.0,0.0,0.0,6,305.6,311.6,18,340.0,0.0,0.0,0.0,0.0,0.0,49
2023-05-10 09:35:14,HO2312-C-2400,HO2312-C-2400,340.0,0.0,0.0,0.0,6,305.6,311.6,19,340.0,0.0,0.0,0.0,0.0,0.0,49
2023-05-10 09:35:16,HO2312-C-2400,HO2312-C-2400,340.0,0.0,0.0,0.0,12,305.4,311.4,6,340.0,0.0,0.0,0.0,0.0,0.0,49
2023-05-10 09:35:17,HO2312-C-2400,HO2312-C-2400,340.0,0.0,0.0,0.0,6,305.4,311.4,6,340.0,0.0,0.0,0.0,0.0,0.0,49
2023-05-10 09:35:20,HO2312-C-2400,HO2312-C-2400,340.0,0.0,0.0,0.0,18,304.8,311.4,6,340.0,0.0,0.0,0.0,0.0,0.0,49
2023-05-10 09:35:21,HO2312-C-2400,HO2312-C-2400,340.0,0.0,0.0,0.0,12,304.8,311.4,6,340.0,0.0,0.0,0.0,0.0,0.0,49
2023-05-10 09:35:21,HO2312-C-2400,HO2312-C-2400,340.0,0.0,0.0,0.0,6,304.8,311.4,6,340.0,0.0,0.0,0.0,0.0,0.0,49
2023-05-10 09:35:29,HO2312-C-2400,HO2312-C-2400,340.0,0.0,0.0,0.0,6,304.8,311.4,7,340.0,0.0,0.0,0.0,0.0,0.0,49
2023-05-10 09:35:31,HO2312-C-2400,HO2312-C-2400,340.0,0.0,0.0,0.0,6,304.2,311.2,6,340.0,0.0,0.0,0.0,0.0,0.0,49
2023-05-10 09:35:49,HO2312-C-2400,HO2312-C-2400,340.0,0.0,0.0,0.0,6,303.8,311.2,6,340.0,0.0,0.0,0.0,0.0,0.0,49
2023-05-10 09:35:49,HO2312-C-2400,HO2312-C-2400,340.0,0.0,0.0,0.0,6,303.8,311.2,7,340.0,0.0,0.0,0.0,0.0,0.0,49
2023-05-10 09:35:59,HO2312-C-2400,HO2312-C-2400,340.0,0.0,0.0,0.0,6,303.8,311.0,1,340.0,0.0,0.0,0.0,0.0,0.0,49
2023-05-10 09:36:09,HO2312-C-2400,HO2312-C-2400,340.0,0.0,0.0,0.0,6,303.8,310.8,1,340.0,0.0,0.0,0.0,0.0,0.0,49
2023-05-10 09:36:10,HO2312-C-2400,HO2312-C-2400,340.0,0.0,0.0,0.0,6,304.4,310.8,1,340.0,0.0,0.0,0.0,0.0,0.0,49
2023-05-10 09:36:11,HO2312-C-2400,HO2312-C-2400,340.0,0.0,0.0,0.0,6,304.6,310.8,1,340.0,0.0,0.0,0.0,0.0,0.0,49
2023-05-10 09:36:12,HO2312-C-2400,HO2312-C-2400,340.0,0.0,0.0,0.0,12,304.4,310.8,1,340.0,0.0,0.0,0.0,0.0,0.0,49
2023-05-10 09:36:18,HO2312-C-2400,HO2312-C-2400,340.0,0.0,0.0,0.0,12,304.4,311.2,6,340.0,0.0,0.0,0.0,0.0,0.0,49
2023-05-10 09:36:23,HO2312-C-2400,HO2312-C-2400,340.0,0.0,0.0,0.0,12,304.4,311.2,7,340.0,0.0,0.0,0.0,0.0,0.0,49
2023-05-10 09:36:26,HO2312-C-2400,HO2312-C-2400,340.0,0.0,0.0,0.0,6,304.4,311.2,7,340.0,0.0,0.0,0.0,0.0,0.0,49
2023-05-10 09:36:26,HO2312-C-2400,HO2312-C-2400,340.0,0.0,0.0,0.0,12,303.6,311.2,1,340.0,0.0,0.0,0.0,0.0,0.0,49
2023-05-10 09:36:27,HO2312-C-2400,HO2312-C-2400,340.0,0.0,0.0,0.0,6,303.8,311.2,1,340.0,0.0,0.0,0.0,0.0,0.0,49
2023-05-10 09:36:31,HO2312-C-2400,HO2312-C-2400,340.0,0.0,0.0,0.0,6,303.6,311.0,6,340.0,0.0,0.0,0.0,0.0,0.0,49
2023-05-10 09:36:33,HO2312-C-2400,HO2312-C-2400,340.0,0.0,0.0,0.0,6,303.6,311.0,7,340.0,0.0,0.0,0.0,0.0,0.0,49
2023-05-10 09:36:43,HO2312-C-2400,HO2312-C-2400,340.0,0.0,0.0,0.0,6,303.6,310.8,1,340.0,0.0,0.0,0.0,0.0,0.0,49
2023-05-10 09:36:53,HO2312-C-2400,HO2312-C-2400,340.0,0.0,0.0,0.0,6,303.6,310.6,1,340.0,0.0,0.0,0.0,0.0,0.0,49
2023-05-10 09:36:56,HO2312-C-2400,HO2312-C-2400,340.0,0.0,0.0,0.0,12,303.4,310.6,1,340.0,0.0,0.0,0.0,0.0,0.0,49
2023-05-10 09:36:57,HO2312-C-2400,HO2312-C-2400,340.0,0.0,0.0,0.0,18,303.2,310.2,6,340.0,0.0,0.0,0.0,0.0,0.0,49
2023-05-10 09:36:57,HO2312-C-2400,HO2312-C-2400,340.0,0.0,0.0,0.0,12,303.2,310.2,6,340.0,0.0,0.0,0.0,0.0,0.0,49
2023-05-10 09:36:58,HO2312-C-2400,HO2312-C-2400,340.0,0.0,0.0,0.0,24,303.0,310.2,6,340.0,0.0,0.0,0.0,0.0,0.0,49
2023-05-10 09:37:02,HO2312-C-2400,HO2312-C-2400,340.0,0.0,0.0,0.0,18,303.0,310.0,6,340.0,0.0,0.0,0.0,0.0,0.0,49
2023-05-10 09:37:08,HO2312-C-2400,HO2312-C-2400,340.0,0.0,0.0,0.0,18,303.0,310.0,7,340.0,0.0,0.0,0.0,0.0,0.0,49
2023-05-10 09:37:11,HO2312-C-2400,HO2312-C-2400,340.0,0.0,0.0,0.0,6,303.2,310.0,1,340.0,0.0,0.0,0.0,0.0,0.0,49
2023-05-10 09:37:18,HO2312-C-2400,HO2312-C-2400,340.0,0.0,0.0,0.0,6,303.2,309.8,1,340.0,0.0,0.0,0.0,0.0,0.0,49
2023-05-10 09:37:28,HO2312-C-2400,HO2312-C-2400,340.0,0.0,0.0,0.0,6,303.2,309.6,1,340.0,0.0,0.0,0.0,0.0,0.0,49
2023-05-10 09:37:32,HO2312-C-2400,HO2312-C-2400,340.0,0.0,0.0,0.0,18,303.0,309.6,7,340.0,0.0,0.0,0.0,0.0,0.0,49
2023-05-10 09:37:38,HO2312-C-2400,HO2312-C-2400,340.0,0.0,0.0,0.0,18,303.0,309.4,1,340.0,0.0,0.0,0.0,0.0,0.0,49
2023-05-10 09:37:43,HO2312-C-2400,HO2312-C-2400,340.0,0.0,0.0,0.0,12,303.0,309.4,1,340.0,0.0,0.0,0.0,0.0,0.0,49
2023-05-10 09:37:43,HO2312-C-2400,HO2312-C-2400,340.0,0.0,0.0,0.0,6,303.0,309.4,1,340.0,0.0,0.0,0.0,0.0,0.0,49
2023-05-10 09:37:48,HO2312-C-2400,HO2312-C-2400,340.0,0.0,0.0,0.0,6,303.0,309.2,1,340.0,0.0,0.0,0.0,0.0,0.0,49
2023-05-10 09:37:49,HO2312-C-2400,HO2312-C-2400,340.0,0.0,0.0,0.0,6,303.2,309.2,1,340.0,0.0,0.0,0.0,0.0,0.0,49
2023-05-10 09:37:58,HO2312-C-2400,HO2312-C-2400,340.0,0.0,0.0,0.0,6,303.2,309.0,1,340.0,0.0,0.0,0.0,0.0,0.0,49
2023-05-10 09:38:01,HO2312-C-2400,HO2312-C-2400,340.0,0.0,0.0,0.0,6,303.2,309.6,1,340.0,0.0,0.0,0.0,0.0,0.0,49
2023-05-10 09:38:05,HO2312-C-2400,HO2312-C-2400,340.0,0.0,0.0,0.0,6,303.2,310.2,7,340.0,0.0,0.0,0.0,0.0,0.0,49
2023-05-10 09:38:06,HO2312-C-2400,HO2312-C-2400,340.0,0.0,0.0,0.0,6,303.2,310.2,1,340.0,0.0,0.0,0.0,0.0,0.0,49
2023-05-10 09:38:10,HO2312-C-2400,HO2312-C-2400,340.0,0.0,0.0,0.0,6,303.8,310.4,18,340.0,0.0,0.0,0.0,0.0,0.0,49
2023-05-10 09:38:11,HO2312-C-2400,HO2312-C-2400,340.0,0.0,0.0,0.0,6,304.0,310.4,12,340.0,0.0,0.0,0.0,0.0,0.0,49
2023-05-10 09:38:11,HO2312-C-2400,HO2312-C-2400,340.0,0.0,0.0,0.0,6,304.0,310.6,18,340.0,0.0,0.0,0.0,0.0,0.0,49
2023-05-10 09:38:12,HO2312-C-2400,HO2312-C-2400,340.0,0.0,0.0,0.0,6,304.0,310.6,12,340.0,0.0,0.0,0.0,0.0,0.0,49
2023-05-10 09:38:13,HO2312-C-2400,HO2312-C-2400,340.0,0.0,0.0,0.0,6,304.0,310.6,6,340.0,0.0,0.0,0.0,0.0,0.0,49
2023-05-10 09:38:15,HO2312-C-2400,HO2312-C-2400,340.0,0.0,0.0,0.0,12,303.8,310.4,6,340.0,0.0,0.0,0.0,0.0,0.0,49
2023-05-10 09:38:16,HO2312-C-2400,HO2312-C-2400,340.0,0.0,0.0,0.0,18,303.6,310.4,6,340.0,0.0,0.0,0.0,0.0,0.0,49
2023-05-10 09:38:19,HO2312-C-2400,HO2312-C-2400,340.0,0.0,0.0,0.0,6,303.8,310.6,13,340.0,0.0,0.0,0.0,0.0,0.0,49
2023-05-10 09:38:19,HO2312-C-2400,HO2312-C-2400,340.0,0.0,0.0,0.0,6,303.8,310.6,7,340.0,0.0,0.0,0.0,0.0,0.0,49
2023-05-10 09:38:25,HO2312-C-2400,HO2312-C-2400,340.0,0.0,0.0,0.0,6,303.8,310.4,1,340.0,0.0,0.0,0.0,0.0,0.0,49
2023-05-10 09:38:26,HO2312-C-2400,HO2312-C-2400,340.0,0.0,0.0,0.0,18,303.6,310.4,7,340.0,0.0,0.0,0.0,0.0,0.0,49
2023-05-10 09:38:30,HO2312-C-2400,HO2312-C-2400,340.0,0.0,0.0,0.0,12,303.6,310.4,7,340.0,0.0,0.0,0.0,0.0,0.0,49
2023-05-10 09:38:31,HO2312-C-2400,HO2312-C-2400,340.0,0.0,0.0,0.0,6,303.6,310.4,7,340.0,0.0,0.0,0.0,0.0,0.0,49
2023-05-10 09:38:35,HO2312-C-2400,HO2312-C-2400,340.0,0.0,0.0,0.0,6,303.6,310.2,1,340.0,0.0,0.0,0.0,0.0,0.0,49
2023-05-10 09:38:36,HO2312-C-2400,HO2312-C-2400,340.0,0.0,0.0,0.0,6,303.4,310.2,1,340.0,0.0,0.0,0.0,0.0,0.0,49
2023-05-10 09:38:42,HO2312-C-2400,HO2312-C-2400,340.0,0.0,0.0,0.0,6,303.4,310.2,7,340.0,0.0,0.0,0.0,0.0,0.0,49
2023-05-10 09:38:45,HO2312-C-2400,HO2312-C-2400,340.0,0.0,0.0,0.0,6,303.4,310.0,1,340.0,0.0,0.0,0.0,0.0,0.0,49
2023-05-10 09:38:52,HO2312-C-2400,HO2312-C-2400,340.0,0.0,0.0,0.0,6,303.4,310.6,6,340.0,0.0,0.0,0.0,0.0,0.0,49
2023-05-10 09:38:57,HO2312-C-2400,HO2312-C-2400,340.0,0.0,0.0,0.0,6,303.4,310.6,7,340.0,0.0,0.0,0.0,0.0,0.0,49
2023-05-10 09:39:07,HO2312-C-2400,HO2312-C-2400,340.0,0.0,0.0,0.0,6,303.8,310.6,7,340.0,0.0,0.0,0.0,0.0,0.0,49
2023-05-10 09:39:07,HO2312-C-2400,HO2312-C-2400,340.0,0.0,0.0,0.0,6,304.0,310.6,6,340.0,0.0,0.0,0.0,0.0,0.0,49
2023-05-10 09:39:09,HO2312-C-2400,HO2312-C-2400,340.0,0.0,0.0,0.0,6,304.0,310.8,12,340.0,0.0,0.0,0.0,0.0,0.0,49
2023-05-10 09:39:09,HO2312-C-2400,HO2312-C-2400,340.0,0.0,0.0,0.0,6,304.0,311.2,12,340.0,0.0,0.0,0.0,0.0,0.0,49
2023-05-10 09:39:10,HO2312-C-2400,HO2312-C-2400,340.0,0.0,0.0,0.0,6,304.0,311.2,6,340.0,0.0,0.0,0.0,0.0,0.0,49
2023-05-10 09:39:10,HO2312-C-2400,HO2312-C-2400,340.0,0.0,0.0,0.0,6,304.0,311.6,18,340.0,0.0,0.0,0.0,0.0,0.0,49
2023-05-10 09:39:11,HO2312-C-2400,HO2312-C-2400,340.0,0.0,0.0,0.0,6,305.4,311.6,12,340.0,0.0,0.0,0.0,0.0,0.0,49
2023-05-10 09:39:11,HO2312-C-2400,HO2312-C-2400,340.0,0.0,0.0,0.0,6,305.6,311.8,12,340.0,0.0,0.0,0.0,0.0,0.0,49
2023-05-10 09:39:12,HO2312-C-2400,HO2312-C-2400,340.0,0.0,0.0,0.0,6,305.6,312.0,12,340.0,0.0,0.0,0.0,0.0,0.0,49
2023-05-10 09:39:12,HO2312-C-2400,HO2312-C-2400,340.0,0.0,0.0,0.0,6,305.6,312.4,24,340.0,0.0,0.0,0.0,0.0,0.0,49
2023-05-10 09:39:13,HO2312-C-2400,HO2312-C-2400,340.0,0.0,0.0,0.0,6,305.6,312.4,18,340.0,0.0,0.0,0.0,0.0,0.0,49
2023-05-10 09:39:14,HO2312-C-2400,HO2312-C-2400,340.0,0.0,0.0,0.0,6,305.6,312.4,19,340.0,0.0,0.0,0.0,0.0,0.0,49
2023-05-10 09:39:21,HO2312-C-2400,HO2312-C-2400,340.0,0.0,0.0,0.0,6,305.2,311.6,6,340.0,0.0,0.0,0.0,0.0,0.0,49
2023-05-10 09:39:21,HO2312-C-2400,HO2312-C-2400,340.0,0.0,0.0,0.0,18,305.0,311.4,6,340.0,0.0,0.0,0.0,0.0,0.0,49
2023-05-10 09:39:22,HO2312-C-2400,HO2312-C-2400,340.0,0.0,0.0,0.0,12,305.0,311.4,6,340.0,0.0,0.0,0.0,0.0,0.0,49
2023-05-10 09:39:22,HO2312-C-2400,HO2312-C-2400,340.0,0.0,0.0,0.0,24,304.6,311.4,6,340.0,0.0,0.0,0.0,0.0,0.0,49
2023-05-10 09:39:27,HO2312-C-2400,HO2312-C-2400,340.0,0.0,0.0,0.0,18,304.6,311.4,6,340.0,0.0,0.0,0.0,0.0,0.0,49
2023-05-10 09:39:28,HO2312-C-2400,HO2312-C-2400,340.0,0.0,0.0,0.0,12,304.6,311.4,6,340.0,0.0,0.0,0.0,0.0,0.0,49
2023-05-10 09:39:29,HO2312-C-2400,HO2312-C-2400,340.0,0.0,0.0,0.0,12,304.6,311.4,7,340.0,0.0,0.0,0.0,0.0,0.0,49
2023-05-10 09:39:38,HO2312-C-2400,HO2312-C-2400,340.0,0.0,0.0,0.0,13,304.6,311.4,6,340.0,0.0,0.0,0.0,0.0,0.0,49
2023-05-10 09:39:38,HO2312-C-2400,HO2312-C-2400,340.0,0.0,0.0,0.0,19,304.6,311.4,6,340.0,0.0,0.0,0.0,0.0,0.0,49
2023-05-10 09:39:39,HO2312-C-2400,HO2312-C-2400,340.0,0.0,0.0,0.0,18,304.6,311.4,6,340.0,0.0,0.0,0.0,0.0,0.0,49
2023-05-10 09:39:41,HO2312-C-2400,HO2312-C-2400,340.0,0.0,0.0,0.0,12,304.6,311.4,6,340.0,0.0,0.0,0.0,0.0,0.0,49
2023-05-10 09:39:59,HO2312-C-2400,HO2312-C-2400,340.0,0.0,0.0,0.0,12,304.6,311.4,7,340.0,0.0,0.0,0.0,0.0,0.0,49
2023-05-10 09:40:09,HO2312-C-2400,HO2312-C-2400,340.0,0.0,0.0,0.0,12,304.6,311.2,1,340.0,0.0,0.0,0.0,0.0,0.0,49
2023-05-10 09:40:12,HO2312-C-2400,HO2312-C-2400,340.0,0.0,0.0,0.0,6,304.8,311.2,1,340.0,0.0,0.0,0.0,0.0,0.0,49
2023-05-10 09:40:18,HO2312-C-2400,HO2312-C-2400,340.0,0.0,0.0,0.0,12,304.6,311.2,7,340.0,0.0,0.0,0.0,0.0,0.0,49
2023-05-10 09:40:19,HO2312-C-2400,HO2312-C-2400,340.0,0.0,0.0,0.0,12,304.6,311.0,1,340.0,0.0,0.0,0.0,0.0,0.0,49
2023-05-10 09:40:27,HO2312-C-2400,HO2312-C-2400,340.0,0.0,0.0,0.0,6,304.6,310.6,6,340.0,0.0,0.0,0.0,0.0,0.0,49
2023-05-10 09:40:27,HO2312-C-2400,HO2312-C-2400,340.0,0.0,0.0,0.0,6,304.6,310.6,7,340.0,0.0,0.0,0.0,0.0,0.0,49
2023-05-10 09:40:31,HO2312-C-2400,HO2312-C-2400,340.0,0.0,0.0,0.0,12,304.0,310.6,7,340.0,0.0,0.0,0.0,0.0,0.0,49
2023-05-10 09:40:32,HO2312-C-2400,HO2312-C-2400,340.0,0.0,0.0,0.0,6,303.6,310.4,6,340.0,0.0,0.0,0.0,0.0,0.0,49
2023-05-10 09:40:32,HO2312-C-2400,HO2312-C-2400,340.0,0.0,0.0,0.0,18,303.4,310.4,6,340.0,0.0,0.0,0.0,0.0,0.0,49
2023-05-10 09:40:33,HO2312-C-2400,HO2312-C-2400,340.0,0.0,0.0,0.0,6,303.4,310.4,6,340.0,0.0,0.0,0.0,0.0,0.0,49
2023-05-10 09:40:33,HO2312-C-2400,HO2312-C-2400,340.0,0.0,0.0,0.0,18,303.0,310.4,6,340.0,0.0,0.0,0.0,0.0,0.0,49
2023-05-10 09:40:34,HO2312-C-2400,HO2312-C-2400,340.0,0.0,0.0,0.0,12,303.0,310.4,6,340.0,0.0,0.0,0.0,0.0,0.0,49
2023-05-10 09:40:34,HO2312-C-2400,HO2312-C-2400,340.0,0.0,0.0,0.0,6,303.0,310.4,6,340.0,0.0,0.0,0.0,0.0,0.0,49
2023-05-10 09:40:37,HO2312-C-2400,HO2312-C-2400,340.0,0.0,0.0,0.0,6,303.0,310.4,7,340.0,0.0,0.0,0.0,0.0,0.0,49
2023-05-10 09:40:40,HO2312-C-2400,HO2312-C-2400,340.0,0.0,0.0,0.0,6,303.2,310.4,1,340.0,0.0,0.0,0.0,0.0,0.0,49
2023-05-10 09:40:41,HO2312-C-2400,HO2312-C-2400,340.0,0.0,0.0,0.0,6,303.4,310.4,1,340.0,0.0,0.0,0.0,0.0,0.0,49
2023-05-10 09:40:47,HO2312-C-2400,HO2312-C-2400,340.0,0.0,0.0,0.0,6,303.4,310.2,1,340.0,0.0,0.0,0.0,0.0,0.0,49
2023-05-10 09:40:58,HO2312-C-2400,HO2312-C-2400,340.0,0.0,0.0,0.0,6,303.4,310.0,1,340.0,0.0,0.0,0.0,0.0,0.0,49
2023-05-10 09:41:01,HO2312-C-2400,HO2312-C-2400,340.0,0.0,0.0,0.0,6,303.0,310.0,1,340.0,0.0,0.0,0.0,0.0,0.0,49
2023-05-10 09:41:05,HO2312-C-2400,HO2312-C-2400,340.0,0.0,0.0,0.0,6,303.0,309.4,6,340.0,0.0,0.0,0.0,0.0,0.0,49
2023-05-10 09:41:08,HO2312-C-2400,HO2312-C-2400,340.0,0.0,0.0,0.0,12,302.8,309.2,6,340.0,0.0,0.0,0.0,0.0,0.0,49
2023-05-10 09:41:08,HO2312-C-2400,HO2312-C-2400,340.0,0.0,0.0,0.0,12,302.6,309.2,6,340.0,0.0,0.0,0.0,0.0,0.0,49
2023-05-10 09:41:09,HO2312-C-2400,HO2312-C-2400,340.0,0.0,0.0,0.0,6,302.6,309.2,6,340.0,0.0,0.0,0.0,0.0,0.0,49
2023-05-10 09:41:11,HO2312-C-2400,HO2312-C-2400,340.0,0.0,0.0,0.0,6,302.2,309.4,18,340.0,0.0,0.0,0.0,0.0,0.0,49
2023-05-10 09:41:13,HO2312-C-2400,HO2312-C-2400,340.0,0.0,0.0,0.0,6,302.2,309.4,19,340.0,0.0,0.0,0.0,0.0,0.0,49
2023-05-10 09:41:18,HO2312-C-2400,HO2312-C-2400,340.0,0.0,0.0,0.0,6,302.2,309.2,6,340.0,0.0,0.0,0.0,0.0,0.0,49
2023-05-10 09:41:33,HO2312-C-2400,HO2312-C-2400,340.0,0.0,0.0,0.0,6,302.2,309.2,7,340.0,0.0,0.0,0.0,0.0,0.0,49
2023-05-10 09:41:43,HO2312-C-2400,HO2312-C-2400,340.0,0.0,0.0,0.0,6,302.2,309.2,1,340.0,0.0,0.0,0.0,0.0,0.0,49
2023-05-10 09:41:43,HO2312-C-2400,HO2312-C-2400,340.0,0.0,0.0,0.0,6,302.2,309.0,1,340.0,0.0,0.0,0.0,0.0,0.0,49
2023-05-10 09:41:48,HO2312-C-2400,HO2312-C-2400,340.0,0.0,0.0,0.0,6,302.2,308.8,6,340.0,0.0,0.0,0.0,0.0,0.0,49
2023-05-10 09:41:48,HO2312-C-2400,HO2312-C-2400,340.0,0.0,0.0,0.0,6,302.2,308.8,7,340.0,0.0,0.0,0.0,0.0,0.0,49
2023-05-10 09:41:58,HO2312-C-2400,HO2312-C-2400,340.0,0.0,0.0,0.0,6,302.2,308.6,1,340.0,0.0,0.0,0.0,0.0,0.0,49
2023-05-10 09:42:08,HO2312-C-2400,HO2312-C-2400,340.0,0.0,0.0,0.0,6,302.2,308.4,1,340.0,0.0,0.0,0.0,0.0,0.0,49
2023-05-10 09:42:18,HO2312-C-2400,HO2312-C-2400,340.0,0.0,0.0,0.0,6,302.2,308.2,1,340.0,0.0,0.0,0.0,0.0,0.0,49
2023-05-10 09:42:28,HO2312-C-2400,HO2312-C-2400,340.0,0.0,0.0,0.0,6,302.2,308.0,1,340.0,0.0,0.0,0.0,0.0,0.0,49
2023-05-10 09:42:38,HO2312-C-2400,HO2312-C-2400,340.0,0.0,0.0,0.0,6,302.2,307.8,1,340.0,0.0,0.0,0.0,0.0,0.0,49
2023-05-10 09:42:48,HO2312-C-2400,HO2312-C-2400,340.0,0.0,0.0,0.0,6,302.2,307.6,1,340.0,0.0,0.0,0.0,0.0,0.0,49
2023-05-10 09:42:58,HO2312-C-2400,HO2312-C-2400,340.0,0.0,0.0,0.0,6,302.2,307.4,1,340.0,0.0,0.0,0.0,0.0,0.0,49
2023-05-10 09:43:02,HO2312-C-2400,HO2312-C-2400,340.0,0.0,0.0,0.0,12,302.0,307.4,1,340.0,0.0,0.0,0.0,0.0,0.0,49
2023-05-10 09:43:03,HO2312-C-2400,HO2312-C-2400,340.0,0.0,0.0,0.0,6,302.0,307.4,1,340.0,0.0,0.0,0.0,0.0,0.0,49
2023-05-10 09:43:08,HO2312-C-2400,HO2312-C-2400,340.0,0.0,0.0,0.0,6,302.0,307.2,1,340.0,0.0,0.0,0.0,0.0,0.0,49
2023-05-10 09:43:09,HO2312-C-2400,HO2312-C-2400,340.0,0.0,0.0,0.0,6,302.2,307.2,1,340.0,0.0,0.0,0.0,0.0,0.0,49
2023-05-10 09:43:12,HO2312-C-2400,HO2312-C-2400,340.0,0.0,0.0,0.0,6,302.2,308.0,18,340.0,0.0,0.0,0.0,0.0,0.0,49
2023-05-10 09:43:13,HO2312-C-2400,HO2312-C-2400,340.0,0.0,0.0,0.0,6,302.2,308.0,12,340.0,0.0,0.0,0.0,0.0,0.0,49
2023-05-10 09:43:13,HO2312-C-2400,HO2312-C-2400,340.0,0.0,0.0,0.0,6,302.2,308.2,7,340.0,0.0,0.0,0.0,0.0,0.0,49
2023-05-10 09:43:14,HO2312-C-2400,HO2312-C-2400,340.0,0.0,0.0,0.0,6,302.2,308.2,1,340.0,0.0,0.0,0.0,0.0,0.0,49
2023-05-10 09:43:21,HO2312-C-2400,HO2312-C-2400,340.0,0.0,0.0,0.0,6,302.2,308.6,18,340.0,0.0,0.0,0.0,0.0,0.0,49
2023-05-10 09:43:22,HO2312-C-2400,HO2312-C-2400,340.0,0.0,0.0,0.0,6,302.2,308.6,6,340.0,0.0,0.0,0.0,0.0,0.0,49
2023-05-10 09:43:22,HO2312-C-2400,HO2312-C-2400,340.0,0.0,0.0,0.0,7,302.4,308.8,13,340.0,0.0,0.0,0.0,0.0,0.0,49
2023-05-10 09:43:23,HO2312-C-2400,HO2312-C-2400,340.0,0.0,0.0,0.0,11,302.4,308.8,7,340.0,0.0,0.0,0.0,0.0,0.0,49
2023-05-10 09:43:23,HO2312-C-2400,HO2312-C-2400,340.0,0.0,0.0,0.0,11,302.4,308.8,1,340.0,0.0,0.0,0.0,0.0,0.0,49
2023-05-10 09:43:24,HO2312-C-2400,HO2312-C-2400,340.0,0.0,0.0,0.0,6,302.6,309.0,6,340.0,0.0,0.0,0.0,0.0,0.0,49
2023-05-10 09:43:24,HO2312-C-2400,HO2312-C-2400,340.0,0.0,0.0,0.0,6,302.6,309.2,18,340.0,0.0,0.0,0.0,0.0,0.0,49
2023-05-10 09:43:25,HO2312-C-2400,HO2312-C-2400,340.0,0.0,0.0,0.0,6,302.6,309.2,12,340.0,0.0,0.0,0.0,0.0,0.0,49
2023-05-10 09:43:25,HO2312-C-2400,HO2312-C-2400,340.0,0.0,0.0,0.0,6,302.6,309.4,24,340.0,0.0,0.0,0.0,0.0,0.0,49
2023-05-10 09:43:26,HO2312-C-2400,HO2312-C-2400,340.0,0.0,0.0,0.0,6,302.6,309.4,18,340.0,0.0,0.0,0.0,0.0,0.0,49
2023-05-10 09:43:31,HO2312-C-2400,HO2312-C-2400,340.0,0.0,0.0,0.0,6,302.6,309.4,24,340.0,0.0,0.0,0.0,0.0,0.0,49
2023-05-10 09:43:34,HO2312-C-2400,HO2312-C-2400,340.0,0.0,0.0,0.0,6,302.6,309.4,25,340.0,0.0,0.0,0.0,0.0,0.0,49
2023-05-10 09:43:42,HO2312-C-2400,HO2312-C-2400,340.0,0.0,0.0,0.0,6,302.6,309.4,31,340.0,0.0,0.0,0.0,0.0,0.0,49
2023-05-10 09:43:44,HO2312-C-2400,HO2312-C-2400,340.0,0.0,0.0,0.0,6,302.6,309.2,1,340.0,0.0,0.0,0.0,0.0,0.0,49
2023-05-10 09:43:51,HO2312-C-2400,HO2312-C-2400,340.0,0.0,0.0,0.0,13,302.4,309.0,6,340.0,0.0,0.0,0.0,0.0,0.0,49
2023-05-10 09:43:52,HO2312-C-2400,HO2312-C-2400,340.0,0.0,0.0,0.0,7,302.4,309.0,6,340.0,0.0,0.0,0.0,0.0,0.0,49
2023-05-10 09:43:53,HO2312-C-2400,HO2312-C-2400,340.0,0.0,0.0,0.0,21,302.0,309.0,6,340.0,0.0,0.0,0.0,0.0,0.0,49
2023-05-10 09:43:53,HO2312-C-2400,HO2312-C-2400,340.0,0.0,0.0,0.0,15,302.0,309.0,6,340.0,0.0,0.0,0.0,0.0,0.0,49
2023-05-10 09:43:54,HO2312-C-2400,HO2312-C-2400,340.0,0.0,0.0,0.0,9,302.0,309.0,6,340.0,0.0,0.0,0.0,0.0,0.0,49
2023-05-10 09:43:54,HO2312-C-2400,HO2312-C-2400,340.0,0.0,0.0,0.0,6,302.0,309.0,6,340.0,0.0,0.0,0.0,0.0,0.0,49
2023-05-10 09:43:58,HO2312-C-2400,HO2312-C-2400,340.0,0.0,0.0,0.0,9,302.0,309.0,6,340.0,0.0,0.0,0.0,0.0,0.0,49
2023-05-10 09:43:58,HO2312-C-2400,HO2312-C-2400,340.0,0.0,0.0,0.0,12,302.0,309.0,6,340.0,0.0,0.0,0.0,0.0,0.0,49
2023-05-10 09:43:59,HO2312-C-2400,HO2312-C-2400,340.0,0.0,0.0,0.0,12,302.0,309.0,7,340.0,0.0,0.0,0.0,0.0,0.0,49
2023-05-10 09:44:04,HO2312-C-2400,HO2312-C-2400,340.0,0.0,0.0,0.0,6,302.0,309.0,7,340.0,0.0,0.0,0.0,0.0,0.0,49
2023-05-10 09:44:09,HO2312-C-2400,HO2312-C-2400,340.0,0.0,0.0,0.0,6,302.0,308.8,1,340.0,0.0,0.0,0.0,0.0,0.0,49
2023-05-10 09:44:14,HO2312-C-2400,HO2312-C-2400,340.0,0.0,0.0,0.0,9,302.0,308.8,1,340.0,0.0,0.0,0.0,0.0,0.0,49
2023-05-10 09:44:15,HO2312-C-2400,HO2312-C-2400,340.0,0.0,0.0,0.0,9,302.0,308.6,6,340.0,0.0,0.0,0.0,0.0,0.0,49
2023-05-10 09:44:19,HO2312-C-2400,HO2312-C-2400,340.0,0.0,0.0,0.0,6,302.0,308.6,6,340.0,0.0,0.0,0.0,0.0,0.0,49
2023-05-10 09:44:29,HO2312-C-2400,HO2312-C-2400,340.0,0.0,0.0,0.0,6,302.0,308.6,7,340.0,0.0,0.0,0.0,0.0,0.0,49
2023-05-10 09:44:39,HO2312-C-2400,HO2312-C-2400,340.0,0.0,0.0,0.0,6,302.0,308.4,1,340.0,0.0,0.0,0.0,0.0,0.0,49
2023-05-10 09:44:45,HO2312-C-2400,HO2312-C-2400,340.0,0.0,0.0,0.0,7,302.0,308.4,1,340.0,0.0,0.0,0.0,0.0,0.0,49
2023-05-10 09:44:47,HO2312-C-2400,HO2312-C-2400,340.0,0.0,0.0,0.0,8,302.0,308.4,1,340.0,0.0,0.0,0.0,0.0,0.0,49
2023-05-10 09:44:47,HO2312-C-2400,HO2312-C-2400,340.0,0.0,0.0,0.0,10,302.0,308.4,1,340.0,0.0,0.0,0.0,0.0,0.0,49
2023-05-10 09:44:49,HO2312-C-2400,HO2312-C-2400,340.0,0.0,0.0,0.0,10,302.0,308.2,1,340.0,0.0,0.0,0.0,0.0,0.0,49
2023-05-10 09:44:59,HO2312-C-2400,HO2312-C-2400,340.0,0.0,0.0,0.0,10,302.0,308.0,1,340.0,0.0,0.0,0.0,0.0,0.0,49
2023-05-10 09:45:05,HO2312-C-2400,HO2312-C-2400,340.0,0.0,0.0,0.0,9,302.0,308.0,1,340.0,0.0,0.0,0.0,0.0,0.0,49
2023-05-10 09:45:07,HO2312-C-2400,HO2312-C-2400,340.0,0.0,0.0,0.0,7,302.0,308.0,1,340.0,0.0,0.0,0.0,0.0,0.0,49
2023-05-10 09:45:09,HO2312-C-2400,HO2312-C-2400,340.0,0.0,0.0,0.0,7,302.0,307.8,1,340.0,0.0,0.0,0.0,0.0,0.0,49
2023-05-10 09:45:09,HO2312-C-2400,HO2312-C-2400,340.0,0.0,0.0,0.0,7,302.0,307.6,6,340.0,0.0,0.0,0.0,0.0,0.0,49
2023-05-10 09:45:10,HO2312-C-2400,HO2312-C-2400,340.0,0.0,0.0,0.0,6,302.0,307.6,6,340.0,0.0,0.0,0.0,0.0,0.0,49
2023-05-10 09:45:13,HO2312-C-2400,HO2312-C-2400,340.0,0.0,0.0,0.0,12,302.0,307.8,1,340.0,0.0,0.0,0.0,0.0,0.0,49
2023-05-10 09:45:17,HO2312-C-2400,HO2312-C-2400,340.0,0.0,0.0,0.0,6,302.2,308.0,18,340.0,0.0,0.0,0.0,0.0,0.0,49
2023-05-10 09:45:18,HO2312-C-2400,HO2312-C-2400,340.0,0.0,0.0,0.0,6,302.2,308.0,6,340.0,0.0,0.0,0.0,0.0,0.0,49
2023-05-10 09:45:18,HO2312-C-2400,HO2312-C-2400,340.0,0.0,0.0,0.0,6,302.2,308.4,19,340.0,0.0,0.0,0.0,0.0,0.0,49
2023-05-10 09:45:19,HO2312-C-2400,HO2312-C-2400,340.0,0.0,0.0,0.0,13,302.2,308.4,13,340.0,0.0,0.0,0.0,0.0,0.0,49
2023-05-10 09:45:19,HO2312-C-2400,HO2312-C-2400,340.0,0.0,0.0,0.0,25,302.2,308.4,7,340.0,0.0,0.0,0.0,0.0,0.0,49
2023-05-10 09:45:20,HO2312-C-2400,HO2312-C-2400,340.0,0.0,0.0,0.0,25,302.2,308.4,1,340.0,0.0,0.0,0.0,0.0,0.0,49
2023-05-10 09:45:20,HO2312-C-2400,HO2312-C-2400,340.0,0.0,0.0,0.0,2,302.4,308.4,1,340.0,0.0,0.0,0.0,0.0,0.0,49
2023-05-10 09:45:32,HO2312-C-2400,HO2312-C-2400,340.0,0.0,0.0,0.0,6,302.6,308.6,12,340.0,0.0,0.0,0.0,0.0,0.0,49
2023-05-10 09:45:33,HO2312-C-2400,HO2312-C-2400,340.0,0.0,0.0,0.0,6,302.6,308.8,18,340.0,0.0,0.0,0.0,0.0,0.0,49
2023-05-10 09:45:34,HO2312-C-2400,HO2312-C-2400,340.0,0.0,0.0,0.0,6,302.6,308.8,24,340.0,0.0,0.0,0.0,0.0,0.0,49
2023-05-10 09:45:37,HO2312-C-2400,HO2312-C-2400,340.0,0.0,0.0,0.0,6,302.6,308.8,25,340.0,0.0,0.0,0.0,0.0,0.0,49
2023-05-10 09:45:47,HO2312-C-2400,HO2312-C-2400,340.0,0.0,0.0,0.0,6,302.6,308.6,1,340.0,0.0,0.0,0.0,0.0,0.0,49
2023-05-10 09:45:49,HO2312-C-2400,HO2312-C-2400,340.0,0.0,0.0,0.0,2,302.4,307.8,6,340.0,0.0,0.0,0.0,0.0,0.0,49
2023-05-10 09:45:51,HO2312-C-2400,HO2312-C-2400,340.0,0.0,0.0,0.0,19,302.2,307.8,6,340.0,0.0,0.0,0.0,0.0,0.0,49
2023-05-10 09:45:52,HO2312-C-2400,HO2312-C-2400,340.0,0.0,0.0,0.0,13,302.2,307.8,6,340.0,0.0,0.0,0.0,0.0,0.0,49
2023-05-10 09:45:52,HO2312-C-2400,HO2312-C-2400,340.0,0.0,0.0,0.0,7,302.2,307.8,6,340.0,0.0,0.0,0.0,0.0,0.0,49
2023-05-10 09:45:55,HO2312-C-2400,HO2312-C-2400,340.0,0.0,0.0,0.0,12,302.0,307.8,6,340.0,0.0,0.0,0.0,0.0,0.0,49
2023-05-10 09:45:55,HO2312-C-2400,HO2312-C-2400,340.0,0.0,0.0,0.0,6,302.0,307.8,6,340.0,0.0,0.0,0.0,0.0,0.0,49
2023-05-10 09:45:57,HO2312-C-2400,HO2312-C-2400,340.0,0.0,0.0,0.0,6,302.0,307.8,7,340.0,0.0,0.0,0.0,0.0,0.0,49
2023-05-10 09:46:06,HO2312-C-2400,HO2312-C-2400,340.0,0.0,0.0,0.0,6,302.0,307.0,6,340.0,0.0,0.0,0.0,0.0,0.0,49
2023-05-10 09:46:12,HO2312-C-2400,HO2312-C-2400,340.0,0.0,0.0,0.0,6,302.0,307.0,7,340.0,0.0,0.0,0.0,0.0,0.0,49
2023-05-10 09:46:19,HO2312-C-2400,HO2312-C-2400,340.0,0.0,0.0,0.0,12,301.4,307.0,7,340.0,0.0,0.0,0.0,0.0,0.0,49
2023-05-10 09:46:20,HO2312-C-2400,HO2312-C-2400,340.0,0.0,0.0,0.0,6,301.2,307.0,7,340.0,0.0,0.0,0.0,0.0,0.0,49
2023-05-10 09:46:22,HO2312-C-2400,HO2312-C-2400,340.0,0.0,0.0,0.0,6,301.2,306.8,1,340.0,0.0,0.0,0.0,0.0,0.0,49
2023-05-10 09:46:26,HO2312-C-2400,HO2312-C-2400,340.0,0.0,0.0,0.0,6,301.4,307.4,6,340.0,0.0,0.0,0.0,0.0,0.0,49
2023-05-10 09:46:26,HO2312-C-2400,HO2312-C-2400,340.0,0.0,0.0,0.0,6,301.4,307.6,1,340.0,0.0,0.0,0.0,0.0,0.0,49
2023-05-10 09:46:27,HO2312-C-2400,HO2312-C-2400,340.0,0.0,0.0,0.0,1,301.6,307.6,1,340.0,0.0,0.0,0.0,0.0,0.0,49
2023-05-10 09:46:36,HO2312-C-2400,HO2312-C-2400,340.0,0.0,0.0,0.0,1,301.6,307.4,1,340.0,0.0,0.0,0.0,0.0,0.0,49
2023-05-10 09:46:38,HO2312-C-2400,HO2312-C-2400,340.0,0.0,0.0,0.0,6,301.4,307.4,1,340.0,0.0,0.0,0.0,0.0,0.0,49
2023-05-10 09:46:46,HO2312-C-2400,HO2312-C-2400,340.0,0.0,0.0,0.0,6,301.4,307.2,1,340.0,0.0,0.0,0.0,0.0,0.0,49
2023-05-10 09:46:55,HO2312-C-2400,HO2312-C-2400,340.0,0.0,0.0,0.0,14,301.2,306.8,6,340.0,0.0,0.0,0.0,0.0,0.0,49
2023-05-10 09:46:55,HO2312-C-2400,HO2312-C-2400,340.0,0.0,0.0,0.0,8,301.2,306.8,6,340.0,0.0,0.0,0.0,0.0,0.0,49
2023-05-10 09:46:57,HO2312-C-2400,HO2312-C-2400,340.0,0.0,0.0,0.0,2,301.2,306.8,6,340.0,0.0,0.0,0.0,0.0,0.0,49
2023-05-10 09:47:00,HO2312-C-2400,HO2312-C-2400,340.0,0.0,0.0,0.0,9,301.0,306.8,6,340.0,0.0,0.0,0.0,0.0,0.0,49
2023-05-10 09:47:01,HO2312-C-2400,HO2312-C-2400,340.0,0.0,0.0,0.0,6,301.0,306.8,6,340.0,0.0,0.0,0.0,0.0,0.0,49
2023-05-10 09:47:01,HO2312-C-2400,HO2312-C-2400,340.0,0.0,0.0,0.0,2,301.0,306.8,6,340.0,0.0,0.0,0.0,0.0,0.0,49
2023-05-10 09:47:02,HO2312-C-2400,HO2312-C-2400,340.0,0.0,0.0,0.0,1,301.0,306.8,6,340.0,0.0,0.0,0.0,0.0,0.0,49
2023-05-10 09:47:03,HO2312-C-2400,HO2312-C-2400,340.0,0.0,0.0,0.0,6,300.8,306.8,6,340.0,0.0,0.0,0.0,0.0,0.0,49
2023-05-10 09:47:03,HO2312-C-2400,HO2312-C-2400,340.0,0.0,0.0,0.0,12,300.6,306.8,6,340.0,0.0,0.0,0.0,0.0,0.0,49
2023-05-10 09:47:04,HO2312-C-2400,HO2312-C-2400,340.0,0.0,0.0,0.0,6,300.6,306.8,6,340.0,0.0,0.0,0.0,0.0,0.0,49
2023-05-10 09:47:06,HO2312-C-2400,HO2312-C-2400,340.0,0.0,0.0,0.0,6,300.6,306.8,7,340.0,0.0,0.0,0.0,0.0,0.0,49
2023-05-10 09:47:08,HO2312-C-2400,HO2312-C-2400,340.0,0.0,0.0,0.0,7,300.6,306.8,7,340.0,0.0,0.0,0.0,0.0,0.0,49
2023-05-10 09:47:16,HO2312-C-2400,HO2312-C-2400,340.0,0.0,0.0,0.0,7,300.6,306.6,1,340.0,0.0,0.0,0.0,0.0,0.0,49
2023-05-10 09:47:26,HO2312-C-2400,HO2312-C-2400,340.0,0.0,0.0,0.0,7,300.6,306.4,1,340.0,0.0,0.0,0.0,0.0,0.0,49
2023-05-10 09:47:36,HO2312-C-2400,HO2312-C-2400,340.0,0.0,0.0,0.0,7,300.6,306.2,1,340.0,0.0,0.0,0.0,0.0,0.0,49
2023-05-10 09:47:46,HO2312-C-2400,HO2312-C-2400,340.0,0.0,0.0,0.0,7,300.6,306.0,1,340.0,0.0,0.0,0.0,0.0,0.0,49
2023-05-10 09:47:51,HO2312-C-2400,HO2312-C-2400,340.0,0.0,0.0,0.0,7,300.6,306.8,7,340.0,0.0,0.0,0.0,0.0,0.0,49
2023-05-10 09:48:01,HO2312-C-2400,HO2312-C-2400,340.0,0.0,0.0,0.0,7,300.6,306.6,1,340.0,0.0,0.0,0.0,0.0,0.0,49
2023-05-10 09:48:09,HO2312-C-2400,HO2312-C-2400,340.0,0.0,0.0,0.0,6,300.8,306.6,1,340.0,0.0,0.0,0.0,0.0,0.0,49
2023-05-10 09:48:09,HO2312-C-2400,HO2312-C-2400,340.0,0.0,0.0,0.0,6,301.2,306.6,1,340.0,0.0,0.0,0.0,0.0,0.0,49
2023-05-10 09:48:11,HO2312-C-2400,HO2312-C-2400,340.0,0.0,0.0,0.0,6,301.2,307.2,19,340.0,0.0,0.0,0.0,0.0,0.0,49
2023-05-10 09:48:12,HO2312-C-2400,HO2312-C-2400,340.0,0.0,0.0,0.0,6,301.4,307.2,13,340.0,0.0,0.0,0.0,0.0,0.0,49
2023-05-10 09:48:12,HO2312-C-2400,HO2312-C-2400,340.0,0.0,0.0,0.0,6,301.4,307.2,7,340.0,0.0,0.0,0.0,0.0,0.0,49
2023-05-10 09:48:13,HO2312-C-2400,HO2312-C-2400,340.0,0.0,0.0,0.0,6,301.4,307.2,1,340.0,0.0,0.0,0.0,0.0,0.0,49
2023-05-10 09:48:18,HO2312-C-2400,HO2312-C-2400,340.0,0.0,0.0,0.0,6,301.4,306.8,6,340.0,0.0,0.0,0.0,0.0,0.0,49
2023-05-10 09:48:18,HO2312-C-2400,HO2312-C-2400,340.0,0.0,0.0,0.0,6,301.4,306.8,7,340.0,0.0,0.0,0.0,0.0,0.0,49
2023-05-10 09:48:19,HO2312-C-2400,HO2312-C-2400,340.0,0.0,0.0,0.0,18,300.8,306.8,7,340.0,0.0,0.0,0.0,0.0,0.0,49
2023-05-10 09:48:31,HO2312-C-2400,HO2312-C-2400,340.0,0.0,0.0,0.0,6,301.2,306.8,1,340.0,0.0,0.0,0.0,0.0,0.0,49
2023-05-10 09:48:41,HO2312-C-2400,HO2312-C-2400,340.0,0.0,0.0,0.0,6,301.2,306.6,1,340.0,0.0,0.0,0.0,0.0,0.0,49
2023-05-10 09:48:47,HO2312-C-2400,HO2312-C-2400,340.0,0.0,0.0,0.0,18,300.8,306.6,7,340.0,0.0,0.0,0.0,0.0,0.0,49
2023-05-10 09:48:51,HO2312-C-2400,HO2312-C-2400,340.0,0.0,0.0,0.0,12,300.8,306.4,1,340.0,0.0,0.0,0.0,0.0,0.0,49
2023-05-10 09:48:51,HO2312-C-2400,HO2312-C-2400,340.0,0.0,0.0,0.0,6,300.8,306.4,1,340.0,0.0,0.0,0.0,0.0,0.0,49
2023-05-10 09:48:52,HO2312-C-2400,HO2312-C-2400,340.0,0.0,0.0,0.0,6,300.8,305.8,6,340.0,0.0,0.0,0.0,0.0,0.0,49
2023-05-10 09:48:53,HO2312-C-2400,HO2312-C-2400,340.0,0.0,0.0,0.0,13,300.6,305.8,6,340.0,0.0,0.0,0.0,0.0,0.0,49
2023-05-10 09:48:54,HO2312-C-2400,HO2312-C-2400,340.0,0.0,0.0,0.0,12,300.6,305.8,6,340.0,0.0,0.0,0.0,0.0,0.0,49
2023-05-10 09:48:54,HO2312-C-2400,HO2312-C-2400,340.0,0.0,0.0,0.0,6,300.6,305.8,6,340.0,0.0,0.0,0.0,0.0,0.0,49
2023-05-10 09:49:01,HO2312-C-2400,HO2312-C-2400,340.0,0.0,0.0,0.0,6,300.6,305.8,7,340.0,0.0,0.0,0.0,0.0,0.0,49
2023-05-10 09:49:11,HO2312-C-2400,HO2312-C-2400,340.0,0.0,0.0,0.0,6,300.6,305.6,1,340.0,0.0,0.0,0.0,0.0,0.0,49
2023-05-10 09:49:15,HO2312-C-2400,HO2312-C-2400,340.0,0.0,0.0,0.0,6,300.6,305.8,6,340.0,0.0,0.0,0.0,0.0,0.0,49
2023-05-10 09:49:16,HO2312-C-2400,HO2312-C-2400,340.0,0.0,0.0,0.0,12,300.6,305.8,6,340.0,0.0,0.0,0.0,0.0,0.0,49
2023-05-10 09:49:18,HO2312-C-2400,HO2312-C-2400,340.0,0.0,0.0,0.0,6,300.6,305.8,6,340.0,0.0,0.0,0.0,0.0,0.0,49
2023-05-10 09:49:23,HO2312-C-2400,HO2312-C-2400,340.0,0.0,0.0,0.0,6,300.6,304.8,6,340.0,0.0,0.0,0.0,0.0,0.0,49
2023-05-10 09:49:42,HO2312-C-2400,HO2312-C-2400,340.0,0.0,0.0,0.0,6,300.6,304.8,7,340.0,0.0,0.0,0.0,0.0,0.0,49
2023-05-10 09:49:51,HO2312-C-2400,HO2312-C-2400,340.0,0.0,0.0,0.0,6,300.6,304.8,6,340.0,0.0,0.0,0.0,0.0,0.0,49
2023-05-10 09:49:59,HO2312-C-2400,HO2312-C-2400,340.0,0.0,0.0,0.0,6,300.6,305.4,19,340.0,0.0,0.0,0.0,0.0,0.0,49
2023-05-10 09:49:59,HO2312-C-2400,HO2312-C-2400,340.0,0.0,0.0,0.0,6,300.6,305.4,13,340.0,0.0,0.0,0.0,0.0,0.0,49
2023-05-10 09:50:00,HO2312-C-2400,HO2312-C-2400,340.0,0.0,0.0,0.0,6,300.6,305.4,7,340.0,0.0,0.0,0.0,0.0,0.0,49
2023-05-10 09:50:00,HO2312-C-2400,HO2312-C-2400,340.0,0.0,0.0,0.0,6,300.6,305.4,1,340.0,0.0,0.0,0.0,0.0,0.0,49
2023-05-10 09:50:01,HO2312-C-2400,HO2312-C-2400,340.0,0.0,0.0,0.0,6,300.6,305.2,1,340.0,0.0,0.0,0.0,0.0,0.0,49
2023-05-10 09:50:07,HO2312-C-2400,HO2312-C-2400,340.0,0.0,0.0,0.0,6,300.6,304.8,6,340.0,0.0,0.0,0.0,0.0,0.0,49
2023-05-10 09:50:13,HO2312-C-2400,HO2312-C-2400,340.0,0.0,0.0,0.0,6,300.6,305.0,1,340.0,0.0,0.0,0.0,0.0,0.0,49
2023-05-10 09:50:14,HO2312-C-2400,HO2312-C-2400,340.0,0.0,0.0,0.0,6,300.6,305.6,1,340.0,0.0,0.0,0.0,0.0,0.0,49
2023-05-10 09:50:15,HO2312-C-2400,HO2312-C-2400,340.0,0.0,0.0,0.0,6,300.8,305.8,12,340.0,0.0,0.0,0.0,0.0,0.0,49
2023-05-10 09:50:16,HO2312-C-2400,HO2312-C-2400,340.0,0.0,0.0,0.0,7,300.8,306.0,18,340.0,0.0,0.0,0.0,0.0,0.0,49
2023-05-10 09:50:16,HO2312-C-2400,HO2312-C-2400,340.0,0.0,0.0,0.0,7,300.8,306.0,12,340.0,0.0,0.0,0.0,0.0,0.0,49
2023-05-10 09:50:17,HO2312-C-2400,HO2312-C-2400,340.0,0.0,0.0,0.0,7,300.8,306.0,6,340.0,0.0,0.0,0.0,0.0,0.0,49
2023-05-10 09:50:18,HO2312-C-2400,HO2312-C-2400,340.0,0.0,0.0,0.0,7,300.8,306.4,19,340.0,0.0,0.0,0.0,0.0,0.0,49
2023-05-10 09:50:18,HO2312-C-2400,HO2312-C-2400,340.0,0.0,0.0,0.0,7,300.8,306.4,13,340.0,0.0,0.0,0.0,0.0,0.0,49
2023-05-10 09:50:19,HO2312-C-2400,HO2312-C-2400,340.0,0.0,0.0,0.0,7,300.8,306.4,7,340.0,0.0,0.0,0.0,0.0,0.0,49
2023-05-10 09:50:19,HO2312-C-2400,HO2312-C-2400,340.0,0.0,0.0,0.0,7,300.8,306.4,1,340.0,0.0,0.0,0.0,0.0,0.0,49
2023-05-10 09:50:20,HO2312-C-2400,HO2312-C-2400,340.0,0.0,0.0,0.0,8,300.8,306.4,1,340.0,0.0,0.0,0.0,0.0,0.0,49
2023-05-10 09:50:21,HO2312-C-2400,HO2312-C-2400,340.0,0.0,0.0,0.0,9,300.8,306.4,1,340.0,0.0,0.0,0.0,0.0,0.0,49
2023-05-10 09:50:23,HO2312-C-2400,HO2312-C-2400,340.0,0.0,0.0,0.0,11,300.8,306.4,1,340.0,0.0,0.0,0.0,0.0,0.0,49
2023-05-10 09:50:24,HO2312-C-2400,HO2312-C-2400,340.0,0.0,0.0,0.0,12,300.8,306.4,1,340.0,0.0,0.0,0.0,0.0,0.0,49
2023-05-10 09:50:24,HO2312-C-2400,HO2312-C-2400,340.0,0.0,0.0,0.0,6,301.2,306.4,1,340.0,0.0,0.0,0.0,0.0,0.0,49
2023-05-10 09:50:29,HO2312-C-2400,HO2312-C-2400,340.0,0.0,0.0,0.0,6,301.2,306.6,12,340.0,0.0,0.0,0.0,0.0,0.0,49
2023-05-10 09:50:30,HO2312-C-2400,HO2312-C-2400,340.0,0.0,0.0,0.0,6,301.2,307.0,7,340.0,0.0,0.0,0.0,0.0,0.0,49
2023-05-10 09:50:30,HO2312-C-2400,HO2312-C-2400,340.0,0.0,0.0,0.0,6,301.2,307.0,1,340.0,0.0,0.0,0.0,0.0,0.0,49
2023-05-10 09:50:34,HO2312-C-2400,HO2312-C-2400,340.0,0.0,0.0,0.0,1,301.0,306.6,6,340.0,0.0,0.0,0.0,0.0,0.0,49
2023-05-10 09:50:37,HO2312-C-2400,HO2312-C-2400,340.0,0.0,0.0,0.0,30,300.8,306.6,6,340.0,0.0,0.0,0.0,0.0,0.0,49
2023-05-10 09:50:38,HO2312-C-2400,HO2312-C-2400,340.0,0.0,0.0,0.0,24,300.8,306.6,6,340.0,0.0,0.0,0.0,0.0,0.0,49
2023-05-10 09:50:38,HO2312-C-2400,HO2312-C-2400,340.0,0.0,0.0,0.0,22,300.8,306.6,6,340.0,0.0,0.0,0.0,0.0,0.0,49
2023-05-10 09:50:46,HO2312-C-2400,HO2312-C-2400,340.0,0.0,0.0,0.0,20,300.8,306.6,6,340.0,0.0,0.0,0.0,0.0,0.0,49
2023-05-10 09:50:49,HO2312-C-2400,HO2312-C-2400,340.0,0.0,0.0,0.0,19,300.8,306.6,7,340.0,0.0,0.0,0.0,0.0,0.0,49
2023-05-10 09:50:52,HO2312-C-2400,HO2312-C-2400,340.0,0.0,0.0,0.0,18,300.8,306.6,7,340.0,0.0,0.0,0.0,0.0,0.0,49
2023-05-10 09:50:59,HO2312-C-2400,HO2312-C-2400,340.0,0.0,0.0,0.0,18,300.8,306.4,1,340.0,0.0,0.0,0.0,0.0,0.0,49
2023-05-10 09:51:01,HO2312-C-2400,HO2312-C-2400,340.0,0.0,0.0,0.0,12,300.8,306.4,7,340.0,0.0,0.0,0.0,0.0,0.0,49
2023-05-10 09:51:02,HO2312-C-2400,HO2312-C-2400,340.0,0.0,0.0,0.0,18,300.6,305.4,6,340.0,0.0,0.0,0.0,0.0,0.0,49
2023-05-10 09:51:03,HO2312-C-2400,HO2312-C-2400,340.0,0.0,0.0,0.0,12,300.6,305.4,6,340.0,0.0,0.0,0.0,0.0,0.0,49
2023-05-10 09:51:03,HO2312-C-2400,HO2312-C-2400,340.0,0.0,0.0,0.0,6,300.6,305.4,6,340.0,0.0,0.0,0.0,0.0,0.0,49
2023-05-10 09:51:04,HO2312-C-2400,HO2312-C-2400,340.0,0.0,0.0,0.0,6,300.6,305.4,7,340.0,0.0,0.0,0.0,0.0,0.0,49
2023-05-10 09:51:12,HO2312-C-2400,HO2312-C-2400,340.0,0.0,0.0,0.0,6,300.6,305.4,1,340.0,0.0,0.0,0.0,0.0,0.0,49
2023-05-10 09:51:15,HO2312-C-2400,HO2312-C-2400,340.0,0.0,0.0,0.0,12,300.6,305.4,1,340.0,0.0,0.0,0.0,0.0,0.0,49
2023-05-10 09:51:16,HO2312-C-2400,HO2312-C-2400,340.0,0.0,0.0,0.0,6,300.8,306.2,1,340.0,0.0,0.0,0.0,0.0,0.0,49
2023-05-10 09:51:24,HO2312-C-2400,HO2312-C-2400,340.0,0.0,0.0,0.0,18,300.6,306.2,7,340.0,0.0,0.0,0.0,0.0,0.0,49
2023-05-10 09:51:26,HO2312-C-2400,HO2312-C-2400,340.0,0.0,0.0,0.0,18,300.6,306.0,1,340.0,0.0,0.0,0.0,0.0,0.0,49
2023-05-10 09:51:31,HO2312-C-2400,HO2312-C-2400,340.0,0.0,0.0,0.0,12,300.6,306.0,1,340.0,0.0,0.0,0.0,0.0,0.0,49
2023-05-10 09:51:32,HO2312-C-2400,HO2312-C-2400,340.0,0.0,0.0,0.0,6,300.6,306.0,1,340.0,0.0,0.0,0.0,0.0,0.0,49
2023-05-10 09:51:37,HO2312-C-2400,HO2312-C-2400,340.0,0.0,0.0,0.0,6,300.6,305.8,1,340.0,0.0,0.0,0.0,0.0,0.0,49
2023-05-10 09:51:50,HO2312-C-2400,HO2312-C-2400,340.0,0.0,0.0,0.0,6,300.6,305.6,1,340.0,0.0,0.0,0.0,0.0,0.0,49
2023-05-10 09:52:00,HO2312-C-2400,HO2312-C-2400,340.0,0.0,0.0,0.0,6,300.6,305.4,1,340.0,0.0,0.0,0.0,0.0,0.0,49
2023-05-10 09:52:01,HO2312-C-2400,HO2312-C-2400,340.0,0.0,0.0,0.0,6,300.6,305.2,6,340.0,0.0,0.0,0.0,0.0,0.0,49
2023-05-10 09:52:07,HO2312-C-2400,HO2312-C-2400,340.0,0.0,0.0,0.0,6,300.0,305.2,6,340.0,0.0,0.0,0.0,0.0,0.0,49
2023-05-10 09:52:07,HO2312-C-2400,HO2312-C-2400,340.0,0.0,0.0,0.0,6,299.8,305.2,6,340.0,0.0,0.0,0.0,0.0,0.0,49
2023-05-10 09:52:08,HO2312-C-2400,HO2312-C-2400,340.0,0.0,0.0,0.0,18,299.6,305.2,6,340.0,0.0,0.0,0.0,0.0,0.0,49
2023-05-10 09:52:08,HO2312-C-2400,HO2312-C-2400,340.0,0.0,0.0,0.0,12,299.6,305.2,6,340.0,0.0,0.0,0.0,0.0,0.0,49
2023-05-10 09:52:09,HO2312-C-2400,HO2312-C-2400,340.0,0.0,0.0,0.0,6,299.6,305.2,6,340.0,0.0,0.0,0.0,0.0,0.0,49
2023-05-10 09:52:09,HO2312-C-2400,HO2312-C-2400,340.0,0.0,0.0,0.0,6,299.0,305.2,6,340.0,0.0,0.0,0.0,0.0,0.0,49
2023-05-10 09:52:10,HO2312-C-2400,HO2312-C-2400,340.0,0.0,0.0,0.0,6,299.0,305.2,7,340.0,0.0,0.0,0.0,0.0,0.0,49
2023-05-10 09:52:17,HO2312-C-2400,HO2312-C-2400,340.0,0.0,0.0,0.0,6,299.0,304.2,6,340.0,0.0,0.0,0.0,0.0,0.0,49
2023-05-10 09:52:19,HO2312-C-2400,HO2312-C-2400,340.0,0.0,0.0,0.0,12,298.6,304.2,6,340.0,0.0,0.0,0.0,0.0,0.0,49
2023-05-10 09:52:19,HO2312-C-2400,HO2312-C-2400,340.0,0.0,0.0,0.0,24,298.0,304.2,6,340.0,0.0,0.0,0.0,0.0,0.0,49
2023-05-10 09:52:20,HO2312-C-2400,HO2312-C-2400,340.0,0.0,0.0,0.0,18,298.0,304.2,6,340.0,0.0,0.0,0.0,0.0,0.0,49
2023-05-10 09:52:25,HO2312-C-2400,HO2312-C-2400,340.0,0.0,0.0,0.0,18,298.0,304.2,7,340.0,0.0,0.0,0.0,0.0,0.0,49
2023-05-10 09:52:35,HO2312-C-2400,HO2312-C-2400,340.0,0.0,0.0,0.0,18,298.0,304.0,1,340.0,0.0,0.0,0.0,0.0,0.0,49
2023-05-10 09:52:39,HO2312-C-2400,HO2312-C-2400,340.0,0.0,0.0,0.0,6,298.2,304.0,1,340.0,0.0,0.0,0.0,0.0,0.0,49
2023-05-10 09:52:40,HO2312-C-2400,HO2312-C-2400,340.0,0.0,0.0,0.0,6,298.2,304.2,6,340.0,0.0,0.0,0.0,0.0,0.0,49
2023-05-10 09:52:50,HO2312-C-2400,HO2312-C-2400,340.0,0.0,0.0,0.0,12,298.0,304.2,6,340.0,0.0,0.0,0.0,0.0,0.0,49
2023-05-10 09:52:50,HO2312-C-2400,HO2312-C-2400,340.0,0.0,0.0,0.0,25,297.8,304.2,6,340.0,0.0,0.0,0.0,0.0,0.0,49
2023-05-10 09:52:51,HO2312-C-2400,HO2312-C-2400,340.0,0.0,0.0,0.0,19,297.8,304.2,6,340.0,0.0,0.0,0.0,0.0,0.0,49
2023-05-10 09:52:57,HO2312-C-2400,HO2312-C-2400,340.0,0.0,0.0,0.0,18,297.8,304.2,6,340.0,0.0,0.0,0.0,0.0,0.0,49
2023-05-10 09:53:00,HO2312-C-2400,HO2312-C-2400,340.0,0.0,0.0,0.0,18,297.8,304.2,7,340.0,0.0,0.0,0.0,0.0,0.0,49
2023-05-10 09:53:05,HO2312-C-2400,HO2312-C-2400,340.0,0.0,0.0,0.0,12,297.8,303.2,6,340.0,0.0,0.0,0.0,0.0,0.0,49
2023-05-10 09:53:05,HO2312-C-2400,HO2312-C-2400,340.0,0.0,0.0,0.0,18,297.6,303.2,7,340.0,0.0,0.0,0.0,0.0,0.0,49
2023-05-10 09:53:15,HO2312-C-2400,HO2312-C-2400,340.0,0.0,0.0,0.0,6,297.8,303.2,1,340.0,0.0,0.0,0.0,0.0,0.0,49
2023-05-10 09:53:15,HO2312-C-2400,HO2312-C-2400,340.0,0.0,0.0,0.0,6,297.8,304.2,6,340.0,0.0,0.0,0.0,0.0,0.0,49
2023-05-10 09:53:16,HO2312-C-2400,HO2312-C-2400,340.0,0.0,0.0,0.0,6,297.8,304.2,7,340.0,0.0,0.0,0.0,0.0,0.0,49
2023-05-10 09:53:16,HO2312-C-2400,HO2312-C-2400,340.0,0.0,0.0,0.0,6,297.8,304.2,6,340.0,0.0,0.0,0.0,0.0,0.0,49
2023-05-10 09:53:32,HO2312-C-2400,HO2312-C-2400,340.0,0.0,0.0,0.0,6,297.8,304.2,7,340.0,0.0,0.0,0.0,0.0,0.0,49
2023-05-10 09:53:42,HO2312-C-2400,HO2312-C-2400,340.0,0.0,0.0,0.0,6,297.8,304.0,1,340.0,0.0,0.0,0.0,0.0,0.0,49
2023-05-10 09:53:53,HO2312-C-2400,HO2312-C-2400,340.0,0.0,0.0,0.0,6,297.8,303.8,1,340.0,0.0,0.0,0.0,0.0,0.0,49
2023-05-10 09:54:05,HO2312-C-2400,HO2312-C-2400,340.0,0.0,0.0,0.0,6,297.8,303.6,1,340.0,0.0,0.0,0.0,0.0,0.0,49
2023-05-10 09:54:06,HO2312-C-2400,HO2312-C-2400,340.0,0.0,0.0,0.0,6,297.8,303.4,6,340.0,0.0,0.0,0.0,0.0,0.0,49
2023-05-10 09:54:25,HO2312-C-2400,HO2312-C-2400,340.0,0.0,0.0,0.0,6,297.8,303.4,7,340.0,0.0,0.0,0.0,0.0,0.0,49
2023-05-10 09:54:26,HO2312-C-2400,HO2312-C-2400,340.0,0.0,0.0,0.0,12,297.6,303.2,6,340.0,0.0,0.0,0.0,0.0,0.0,49
2023-05-10 09:54:26,HO2312-C-2400,HO2312-C-2400,340.0,0.0,0.0,0.0,18,297.4,303.2,6,340.0,0.0,0.0,0.0,0.0,0.0,49
2023-05-10 09:54:30,HO2312-C-2400,HO2312-C-2400,340.0,0.0,0.0,0.0,18,297.4,303.2,7,340.0,0.0,0.0,0.0,0.0,0.0,49
2023-05-10 09:54:40,HO2312-C-2400,HO2312-C-2400,340.0,0.0,0.0,0.0,18,297.4,303.0,1,340.0,0.0,0.0,0.0,0.0,0.0,49
2023-05-10 09:54:43,HO2312-C-2400,HO2312-C-2400,340.0,0.0,0.0,0.0,12,297.4,303.0,1,340.0,0.0,0.0,0.0,0.0,0.0,49
2023-05-10 09:54:43,HO2312-C-2400,HO2312-C-2400,340.0,0.0,0.0,0.0,6,297.4,303.0,1,340.0,0.0,0.0,0.0,0.0,0.0,49
2023-05-10 09:54:50,HO2312-C-2400,HO2312-C-2400,340.0,0.0,0.0,0.0,6,297.4,302.8,1,340.0,0.0,0.0,0.0,0.0,0.0,49
2023-05-10 09:55:00,HO2312-C-2400,HO2312-C-2400,340.0,0.0,0.0,0.0,6,297.4,302.6,1,340.0,0.0,0.0,0.0,0.0,0.0,49
2023-05-10 09:55:03,HO2312-C-2400,HO2312-C-2400,340.0,0.0,0.0,0.0,6,297.4,302.2,6,340.0,0.0,0.0,0.0,0.0,0.0,49
2023-05-10 09:55:07,HO2312-C-2400,HO2312-C-2400,340.0,0.0,0.0,0.0,6,297.0,302.2,6,340.0,0.0,0.0,0.0,0.0,0.0,49
2023-05-10 09:55:08,HO2312-C-2400,HO2312-C-2400,340.0,0.0,0.0,0.0,6,296.8,302.2,6,340.0,0.0,0.0,0.0,0.0,0.0,49
2023-05-10 09:55:08,HO2312-C-2400,HO2312-C-2400,340.0,0.0,0.0,0.0,12,296.4,302.2,6,340.0,0.0,0.0,0.0,0.0,0.0,49
2023-05-10 09:55:09,HO2312-C-2400,HO2312-C-2400,340.0,0.0,0.0,0.0,24,296.2,302.2,6,340.0,0.0,0.0,0.0,0.0,0.0,49
2023-05-10 09:55:09,HO2312-C-2400,HO2312-C-2400,340.0,0.0,0.0,0.0,18,296.2,302.2,6,340.0,0.0,0.0,0.0,0.0,0.0,49
2023-05-10 09:55:10,HO2312-C-2400,HO2312-C-2400,340.0,0.0,0.0,0.0,18,296.2,302.2,7,340.0,0.0,0.0,0.0,0.0,0.0,49
2023-05-10 09:55:20,HO2312-C-2400,HO2312-C-2400,340.0,0.0,0.0,0.0,18,296.2,302.0,1,340.0,0.0,0.0,0.0,0.0,0.0,49
2023-05-10 09:55:30,HO2312-C-2400,HO2312-C-2400,340.0,0.0,0.0,0.0,18,296.2,301.8,1,340.0,0.0,0.0,0.0,0.0,0.0,49
2023-05-10 09:55:32,HO2312-C-2400,HO2312-C-2400,340.0,0.0,0.0,0.0,6,296.2,301.8,1,340.0,0.0,0.0,0.0,0.0,0.0,49
2023-05-10 09:55:33,HO2312-C-2400,HO2312-C-2400,340.0,0.0,0.0,0.0,6,295.8,301.2,6,340.0,0.0,0.0,0.0,0.0,0.0,49
2023-05-10 09:55:45,HO2312-C-2400,HO2312-C-2400,340.0,0.0,0.0,0.0,6,295.8,301.2,7,340.0,0.0,0.0,0.0,0.0,0.0,49
2023-05-10 09:55:55,HO2312-C-2400,HO2312-C-2400,340.0,0.0,0.0,0.0,6,295.8,301.0,1,340.0,0.0,0.0,0.0,0.0,0.0,49
2023-05-10 09:56:07,HO2312-C-2400,HO2312-C-2400,340.0,0.0,0.0,0.0,12,295.8,301.0,1,340.0,0.0,0.0,0.0,0.0,0.0,49
2023-05-10 09:56:08,HO2312-C-2400,HO2312-C-2400,340.0,0.0,0.0,0.0,18,295.8,301.0,1,340.0,0.0,0.0,0.0,0.0,0.0,49
2023-05-10 09:56:10,HO2312-C-2400,HO2312-C-2400,340.0,0.0,0.0,0.0,18,295.8,300.8,1,340.0,0.0,0.0,0.0,0.0,0.0,49
2023-05-10 09:56:45,HO2312-C-2400,HO2312-C-2400,340.0,0.0,0.0,0.0,18,295.8,300.6,1,340.0,0.0,0.0,0.0,0.0,0.0,49
2023-05-10 09:56:58,HO2312-C-2400,HO2312-C-2400,340.0,0.0,0.0,0.0,18,295.8,301.2,1,340.0,0.0,0.0,0.0,0.0,0.0,49
2023-05-10 09:57:00,HO2312-C-2400,HO2312-C-2400,340.0,0.0,0.0,0.0,12,295.8,301.2,1,340.0,0.0,0.0,0.0,0.0,0.0,49
2023-05-10 09:57:01,HO2312-C-2400,HO2312-C-2400,340.0,0.0,0.0,0.0,6,295.8,301.2,1,340.0,0.0,0.0,0.0,0.0,0.0,49
2023-05-10 09:57:08,HO2312-C-2400,HO2312-C-2400,340.0,0.0,0.0,0.0,6,295.8,301.0,1,340.0,0.0,0.0,0.0,0.0,0.0,49
2023-05-10 09:57:11,HO2312-C-2400,HO2312-C-2400,340.0,0.0,0.0,0.0,12,295.8,301.0,1,340.0,0.0,0.0,0.0,0.0,0.0,49
2023-05-10 09:57:12,HO2312-C-2400,HO2312-C-2400,340.0,0.0,0.0,0.0,18,295.8,301.0,1,340.0,0.0,0.0,0.0,0.0,0.0,49
2023-05-10 09:57:19,HO2312-C-2400,HO2312-C-2400,340.0,0.0,0.0,0.0,18,295.8,300.8,1,340.0,0.0,0.0,0.0,0.0,0.0,49
2023-05-10 09:57:28,HO2312-C-2400,HO2312-C-2400,340.0,0.0,0.0,0.0,18,295.8,301.6,1,340.0,0.0,0.0,0.0,0.0,0.0,49
2023-05-10 09:57:38,HO2312-C-2400,HO2312-C-2400,340.0,0.0,0.0,0.0,18,295.8,301.4,1,340.0,0.0,0.0,0.0,0.0,0.0,49
2023-05-10 09:57:44,HO2312-C-2400,HO2312-C-2400,340.0,0.0,0.0,0.0,12,295.8,301.4,7,340.0,0.0,0.0,0.0,0.0,0.0,49
2023-05-10 09:57:45,HO2312-C-2400,HO2312-C-2400,340.0,0.0,0.0,0.0,6,295.8,301.4,7,340.0,0.0,0.0,0.0,0.0,0.0,49
2023-05-10 09:57:48,HO2312-C-2400,HO2312-C-2400,340.0,0.0,0.0,0.0,6,295.8,301.2,1,340.0,0.0,0.0,0.0,0.0,0.0,49
2023-05-10 09:58:00,HO2312-C-2400,HO2312-C-2400,340.0,0.0,0.0,0.0,12,295.8,301.2,1,340.0,0.0,0.0,0.0,0.0,0.0,49
2023-05-10 09:58:01,HO2312-C-2400,HO2312-C-2400,340.0,0.0,0.0,0.0,18,295.8,301.2,1,340.0,0.0,0.0,0.0,0.0,0.0,49
2023-05-10 09:58:03,HO2312-C-2400,HO2312-C-2400,340.0,0.0,0.0,0.0,18,295.8,301.0,1,340.0,0.0,0.0,0.0,0.0,0.0,49
2023-05-10 09:58:16,HO2312-C-2400,HO2312-C-2400,340.0,0.0,0.0,0.0,18,295.8,301.6,1,340.0,0.0,0.0,0.0,0.0,0.0,49
2023-05-10 09:58:48,HO2312-C-2400,HO2312-C-2400,340.0,0.0,0.0,0.0,18,295.8,301.4,1,340.0,0.0,0.0,0.0,0.0,0.0,49
2023-05-10 09:59:04,HO2312-C-2400,HO2312-C-2400,340.0,0.0,0.0,0.0,18,295.8,301.2,1,340.0,0.0,0.0,0.0,0.0,0.0,49
2023-05-10 09:59:07,HO2312-C-2400,HO2312-C-2400,340.0,0.0,0.0,0.0,6,295.8,301.0,6,340.0,0.0,0.0,0.0,0.0,0.0,49
2023-05-10 09:59:08,HO2312-C-2400,HO2312-C-2400,340.0,0.0,0.0,0.0,42,295.0,301.0,6,340.0,0.0,0.0,0.0,0.0,0.0,49
2023-05-10 09:59:08,HO2312-C-2400,HO2312-C-2400,340.0,0.0,0.0,0.0,30,295.0,301.0,6,340.0,0.0,0.0,0.0,0.0,0.0,49
2023-05-10 09:59:27,HO2312-C-2400,HO2312-C-2400,340.0,0.0,0.0,0.0,30,295.0,301.0,7,340.0,0.0,0.0,0.0,0.0,0.0,49
2023-05-10 09:59:28,HO2312-C-2400,HO2312-C-2400,340.0,0.0,0.0,0.0,24,295.0,301.0,7,340.0,0.0,0.0,0.0,0.0,0.0,49
2023-05-10 09:59:29,HO2312-C-2400,HO2312-C-2400,340.0,0.0,0.0,0.0,24,295.0,301.0,6,340.0,0.0,0.0,0.0,0.0,0.0,49
2023-05-10 09:59:29,HO2312-C-2400,HO2312-C-2400,340.0,0.0,0.0,0.0,6,295.2,301.0,6,340.0,0.0,0.0,0.0,0.0,0.0,49
2023-05-10 09:59:30,HO2312-C-2400,HO2312-C-2400,340.0,0.0,0.0,0.0,6,295.6,301.6,19,340.0,0.0,0.0,0.0,0.0,0.0,49
2023-05-10 09:59:30,HO2312-C-2400,HO2312-C-2400,340.0,0.0,0.0,0.0,6,295.6,301.6,13,340.0,0.0,0.0,0.0,0.0,0.0,49
2023-05-10 09:59:31,HO2312-C-2400,HO2312-C-2400,340.0,0.0,0.0,0.0,6,295.6,301.6,7,340.0,0.0,0.0,0.0,0.0,0.0,49
2023-05-10 09:59:31,HO2312-C-2400,HO2312-C-2400,340.0,0.0,0.0,0.0,6,295.6,301.6,1,340.0,0.0,0.0,0.0,0.0,0.0,49
2023-05-10 09:59:33,HO2312-C-2400,HO2312-C-2400,340.0,0.0,0.0,0.0,6,295.8,301.6,1,340.0,0.0,0.0,0.0,0.0,0.0,49
2023-05-10 09:59:34,HO2312-C-2400,HO2312-C-2400,340.0,0.0,0.0,0.0,6,295.8,302.0,18,340.0,0.0,0.0,0.0,0.0,0.0,49
2023-05-10 09:59:34,HO2312-C-2400,HO2312-C-2400,340.0,0.0,0.0,0.0,6,295.8,302.0,12,340.0,0.0,0.0,0.0,0.0,0.0,49
2023-05-10 09:59:35,HO2312-C-2400,HO2312-C-2400,340.0,0.0,0.0,0.0,6,295.8,302.0,6,340.0,0.0,0.0,0.0,0.0,0.0,49
2023-05-10 09:59:39,HO2312-C-2400,HO2312-C-2400,340.0,0.0,0.0,0.0,6,295.8,302.0,7,340.0,0.0,0.0,0.0,0.0,0.0,49
2023-05-10 09:59:45,HO2312-C-2400,HO2312-C-2400,340.0,0.0,0.0,0.0,6,296.4,302.0,1,340.0,0.0,0.0,0.0,0.0,0.0,49
2023-05-10 09:59:48,HO2312-C-2400,HO2312-C-2400,340.0,0.0,0.0,0.0,6,296.6,302.0,1,340.0,0.0,0.0,0.0,0.0,0.0,49
2023-05-10 10:00:02,HO2312-C-2400,HO2312-C-2400,340.0,0.0,0.0,0.0,6,296.6,302.4,18,340.0,0.0,0.0,0.0,0.0,0.0,49
2023-05-10 10:00:03,HO2312-C-2400,HO2312-C-2400,340.0,0.0,0.0,0.0,6,296.6,302.4,12,340.0,0.0,0.0,0.0,0.0,0.0,49
2023-05-10 10:00:03,HO2312-C-2400,HO2312-C-2400,340.0,0.0,0.0,0.0,6,296.6,302.6,19,340.0,0.0,0.0,0.0,0.0,0.0,49
2023-05-10 10:00:04,HO2312-C-2400,HO2312-C-2400,340.0,0.0,0.0,0.0,6,296.6,302.6,13,340.0,0.0,0.0,0.0,0.0,0.0,49
2023-05-10 10:00:05,HO2312-C-2400,HO2312-C-2400,340.0,0.0,0.0,0.0,6,296.6,302.6,7,340.0,0.0,0.0,0.0,0.0,0.0,49
2023-05-10 10:00:05,HO2312-C-2400,HO2312-C-2400,340.0,0.0,0.0,0.0,6,296.6,302.6,1,340.0,0.0,0.0,0.0,0.0,0.0,49
2023-05-10 10:00:08,HO2312-C-2400,HO2312-C-2400,340.0,0.0,0.0,0.0,6,296.6,302.8,6,340.0,0.0,0.0,0.0,0.0,0.0,49
2023-05-10 10:00:09,HO2312-C-2400,HO2312-C-2400,340.0,0.0,0.0,0.0,6,296.6,303.0,24,340.0,0.0,0.0,0.0,0.0,0.0,49
2023-05-10 10:00:09,HO2312-C-2400,HO2312-C-2400,340.0,0.0,0.0,0.0,6,297.4,303.0,6,340.0,0.0,0.0,0.0,0.0,0.0,49
2023-05-10 10:00:10,HO2312-C-2400,HO2312-C-2400,340.0,0.0,0.0,0.0,6,297.6,303.6,30,340.0,0.0,0.0,0.0,0.0,0.0,49
2023-05-10 10:00:10,HO2312-C-2400,HO2312-C-2400,340.0,0.0,0.0,0.0,6,297.6,303.6,12,340.0,0.0,0.0,0.0,0.0,0.0,49
2023-05-10 10:00:11,HO2312-C-2400,HO2312-C-2400,340.0,0.0,0.0,0.0,6,297.6,303.8,25,340.0,0.0,0.0,0.0,0.0,0.0,49
2023-05-10 10:00:11,HO2312-C-2400,HO2312-C-2400,340.0,0.0,0.0,0.0,6,297.6,303.8,19,340.0,0.0,0.0,0.0,0.0,0.0,49
2023-05-10 10:00:16,HO2312-C-2400,HO2312-C-2400,340.0,0.0,0.0,0.0,6,297.6,303.8,13,340.0,0.0,0.0,0.0,0.0,0.0,49
2023-05-10 10:00:26,HO2312-C-2400,HO2312-C-2400,340.0,0.0,0.0,0.0,6,297.6,303.8,12,340.0,0.0,0.0,0.0,0.0,0.0,49
2023-05-10 10:00:27,HO2312-C-2400,HO2312-C-2400,340.0,0.0,0.0,0.0,6,297.6,303.8,6,340.0,0.0,0.0,0.0,0.0,0.0,49
2023-05-10 10:00:42,HO2312-C-2400,HO2312-C-2400,340.0,0.0,0.0,0.0,6,298.2,304.2,12,340.0,0.0,0.0,0.0,0.0,0.0,49
2023-05-10 10:00:42,HO2312-C-2400,HO2312-C-2400,340.0,0.0,0.0,0.0,6,298.4,304.4,7,340.0,0.0,0.0,0.0,0.0,0.0,49
2023-05-10 10:00:43,HO2312-C-2400,HO2312-C-2400,340.0,0.0,0.0,0.0,6,298.4,304.4,1,340.0,0.0,0.0,0.0,0.0,0.0,49
2023-05-10 10:00:52,HO2312-C-2400,HO2312-C-2400,340.0,0.0,0.0,0.0,6,298.4,304.8,30,340.0,0.0,0.0,0.0,0.0,0.0,49
2023-05-10 10:00:52,HO2312-C-2400,HO2312-C-2400,340.0,0.0,0.0,0.0,6,298.4,304.8,24,340.0,0.0,0.0,0.0,0.0,0.0,49
2023-05-10 10:01:02,HO2312-C-2400,HO2312-C-2400,340.0,0.0,0.0,0.0,6,298.4,304.8,25,340.0,0.0,0.0,0.0,0.0,0.0,49
2023-05-10 10:01:12,HO2312-C-2400,HO2312-C-2400,340.0,0.0,0.0,0.0,6,298.4,304.8,24,340.0,0.0,0.0,0.0,0.0,0.0,49
2023-05-10 10:01:27,HO2312-C-2400,HO2312-C-2400,340.0,0.0,0.0,0.0,6,298.4,304.8,25,340.0,0.0,0.0,0.0,0.0,0.0,49
2023-05-10 10:01:42,HO2312-C-2400,HO2312-C-2400,340.0,0.0,0.0,0.0,6,298.4,304.6,1,340.0,0.0,0.0,0.0,0.0,0.0,49
2023-05-10 10:01:54,HO2312-C-2400,HO2312-C-2400,340.0,0.0,0.0,0.0,6,298.4,304.8,24,340.0,0.0,0.0,0.0,0.0,0.0,49
2023-05-10 10:02:32,HO2312-C-2400,HO2312-C-2400,340.0,0.0,0.0,0.0,1,299.2,304.8,18,340.0,0.0,0.0,0.0,0.0,0.0,49
2023-05-10 10:02:32,HO2312-C-2400,HO2312-C-2400,340.0,0.0,0.0,0.0,6,299.4,304.8,18,340.0,0.0,0.0,0.0,0.0,0.0,49
2023-05-10 10:02:35,HO2312-C-2400,HO2312-C-2400,340.0,0.0,0.0,0.0,6,299.4,304.8,12,340.0,0.0,0.0,0.0,0.0,0.0,49
2023-05-10 10:02:35,HO2312-C-2400,HO2312-C-2400,340.0,0.0,0.0,0.0,6,299.4,304.8,6,340.0,0.0,0.0,0.0,0.0,0.0,49
2023-05-10 10:02:37,HO2312-C-2400,HO2312-C-2400,340.0,0.0,0.0,0.0,6,299.4,305.0,7,340.0,0.0,0.0,0.0,0.0,0.0,49
2023-05-10 10:02:38,HO2312-C-2400,HO2312-C-2400,340.0,0.0,0.0,0.0,6,299.4,305.0,1,340.0,0.0,0.0,0.0,0.0,0.0,49
2023-05-10 10:02:38,HO2312-C-2400,HO2312-C-2400,340.0,0.0,0.0,0.0,6,299.4,305.2,6,340.0,0.0,0.0,0.0,0.0,0.0,49
2023-05-10 10:02:39,HO2312-C-2400,HO2312-C-2400,340.0,0.0,0.0,0.0,6,299.4,305.6,25,340.0,0.0,0.0,0.0,0.0,0.0,49
2023-05-10 10:02:39,HO2312-C-2400,HO2312-C-2400,340.0,0.0,0.0,0.0,6,299.4,305.6,19,340.0,0.0,0.0,0.0,0.0,0.0,49
2023-05-10 10:02:48,HO2312-C-2400,HO2312-C-2400,340.0,0.0,0.0,0.0,6,299.4,305.4,1,340.0,0.0,0.0,0.0,0.0,0.0,49
2023-05-10 10:02:58,HO2312-C-2400,HO2312-C-2400,340.0,0.0,0.0,0.0,6,299.4,305.2,1,340.0,0.0,0.0,0.0,0.0,0.0,49
2023-05-10 10:03:09,HO2312-C-2400,HO2312-C-2400,340.0,0.0,0.0,0.0,6,299.4,305.6,18,340.0,0.0,0.0,0.0,0.0,0.0,49
2023-05-10 10:03:09,HO2312-C-2400,HO2312-C-2400,340.0,0.0,0.0,0.0,6,300.0,305.6,12,340.0,0.0,0.0,0.0,0.0,0.0,49
2023-05-10 10:03:10,HO2312-C-2400,HO2312-C-2400,340.0,0.0,0.0,0.0,6,300.2,306.0,7,340.0,0.0,0.0,0.0,0.0,0.0,49
2023-05-10 10:03:10,HO2312-C-2400,HO2312-C-2400,340.0,0.0,0.0,0.0,6,300.2,306.0,1,340.0,0.0,0.0,0.0,0.0,0.0,49
2023-05-10 10:03:12,HO2312-C-2400,HO2312-C-2400,340.0,0.0,0.0,0.0,6,300.2,306.4,18,340.0,0.0,0.0,0.0,0.0,0.0,49
2023-05-10 10:03:13,HO2312-C-2400,HO2312-C-2400,340.0,0.0,0.0,0.0,6,300.2,306.4,12,340.0,0.0,0.0,0.0,0.0,0.0,49
2023-05-10 10:03:13,HO2312-C-2400,HO2312-C-2400,340.0,0.0,0.0,0.0,6,300.2,306.6,25,340.0,0.0,0.0,0.0,0.0,0.0,49
2023-05-10 10:03:14,HO2312-C-2400,HO2312-C-2400,340.0,0.0,0.0,0.0,6,300.2,306.6,19,340.0,0.0,0.0,0.0,0.0,0.0,49
2023-05-10 10:03:25,HO2312-C-2400,HO2312-C-2400,340.0,0.0,0.0,0.0,6,300.2,306.4,1,340.0,0.0,0.0,0.0,0.0,0.0,49
2023-05-10 10:03:36,HO2312-C-2400,HO2312-C-2400,340.0,0.0,0.0,0.0,6,300.2,306.2,1,340.0,0.0,0.0,0.0,0.0,0.0,49
2023-05-10 10:03:46,HO2312-C-2400,HO2312-C-2400,340.0,0.0,0.0,0.0,6,300.2,306.0,1,340.0,0.0,0.0,0.0,0.0,0.0,49
2023-05-10 10:04:00,HO2312-C-2400,HO2312-C-2400,340.0,0.0,0.0,0.0,6,300.2,305.8,1,340.0,0.0,0.0,0.0,0.0,0.0,49
2023-05-10 10:04:08,HO2312-C-2400,HO2312-C-2400,340.0,0.0,0.0,0.0,6,300.2,306.6,19,340.0,0.0,0.0,0.0,0.0,0.0,49
2023-05-10 10:04:18,HO2312-C-2400,HO2312-C-2400,340.0,0.0,0.0,0.0,6,300.2,306.4,1,340.0,0.0,0.0,0.0,0.0,0.0,49
2023-05-10 10:04:28,HO2312-C-2400,HO2312-C-2400,340.0,0.0,0.0,0.0,6,300.2,306.2,1,340.0,0.0,0.0,0.0,0.0,0.0,49
2023-05-10 10:04:32,HO2312-C-2400,HO2312-C-2400,340.0,0.0,0.0,0.0,18,300.0,305.6,6,340.0,0.0,0.0,0.0,0.0,0.0,49
2023-05-10 10:04:39,HO2312-C-2400,HO2312-C-2400,340.0,0.0,0.0,0.0,12,300.0,305.6,6,340.0,0.0,0.0,0.0,0.0,0.0,49
2023-05-10 10:04:39,HO2312-C-2400,HO2312-C-2400,340.0,0.0,0.0,0.0,6,300.0,305.6,6,340.0,0.0,0.0,0.0,0.0,0.0,49
2023-05-10 10:05:23,HO2312-C-2400,HO2312-C-2400,340.0,0.0,0.0,0.0,6,300.0,305.6,7,340.0,0.0,0.0,0.0,0.0,0.0,49
2023-05-10 10:05:27,HO2312-C-2400,HO2312-C-2400,340.0,0.0,0.0,0.0,6,300.0,305.6,6,340.0,0.0,0.0,0.0,0.0,0.0,49
2023-05-10 10:05:28,HO2312-C-2400,HO2312-C-2400,340.0,0.0,0.0,0.0,12,300.0,306.0,12,340.0,0.0,0.0,0.0,0.0,0.0,49
2023-05-10 10:05:28,HO2312-C-2400,HO2312-C-2400,340.0,0.0,0.0,0.0,18,300.0,306.2,7,340.0,0.0,0.0,0.0,0.0,0.0,49
2023-05-10 10:05:29,HO2312-C-2400,HO2312-C-2400,340.0,0.0,0.0,0.0,18,300.0,306.2,1,340.0,0.0,0.0,0.0,0.0,0.0,49
2023-05-10 10:05:37,HO2312-C-2400,HO2312-C-2400,340.0,0.0,0.0,0.0,18,300.0,306.0,1,340.0,0.0,0.0,0.0,0.0,0.0,49
2023-05-10 10:05:49,HO2312-C-2400,HO2312-C-2400,340.0,0.0,0.0,0.0,18,300.0,305.8,1,340.0,0.0,0.0,0.0,0.0,0.0,49
2023-05-10 10:05:59,HO2312-C-2400,HO2312-C-2400,340.0,0.0,0.0,0.0,18,300.0,305.6,1,340.0,0.0,0.0,0.0,0.0,0.0,49
2023-05-10 10:06:00,HO2312-C-2400,HO2312-C-2400,340.0,0.0,0.0,0.0,12,300.0,305.6,7,340.0,0.0,0.0,0.0,0.0,0.0,49
2023-05-10 10:06:00,HO2312-C-2400,HO2312-C-2400,340.0,0.0,0.0,0.0,6,300.0,305.6,7,340.0,0.0,0.0,0.0,0.0,0.0,49
2023-05-10 10:06:01,HO2312-C-2400,HO2312-C-2400,340.0,0.0,0.0,0.0,6,300.0,305.6,6,340.0,0.0,0.0,0.0,0.0,0.0,49
2023-05-10 10:06:08,HO2312-C-2400,HO2312-C-2400,340.0,0.0,0.0,0.0,6,300.2,306.4,12,340.0,0.0,0.0,0.0,0.0,0.0,49
2023-05-10 10:06:08,HO2312-C-2400,HO2312-C-2400,340.0,0.0,0.0,0.0,6,300.2,306.6,18,340.0,0.0,0.0,0.0,0.0,0.0,49
2023-05-10 10:06:13,HO2312-C-2400,HO2312-C-2400,340.0,0.0,0.0,0.0,6,300.2,306.6,13,340.0,0.0,0.0,0.0,0.0,0.0,49
2023-05-10 10:06:23,HO2312-C-2400,HO2312-C-2400,340.0,0.0,0.0,0.0,6,300.2,306.4,1,340.0,0.0,0.0,0.0,0.0,0.0,49
2023-05-10 10:06:33,HO2312-C-2400,HO2312-C-2400,340.0,0.0,0.0,0.0,6,300.2,306.2,1,340.0,0.0,0.0,0.0,0.0,0.0,49
2023-05-10 10:06:47,HO2312-C-2400,HO2312-C-2400,340.0,0.0,0.0,0.0,6,300.2,306.6,12,340.0,0.0,0.0,0.0,0.0,0.0,49
2023-05-10 10:06:48,HO2312-C-2400,HO2312-C-2400,340.0,0.0,0.0,0.0,6,300.2,306.6,6,340.0,0.0,0.0,0.0,0.0,0.0,49
2023-05-10 10:06:48,HO2312-C-2400,HO2312-C-2400,340.0,0.0,0.0,0.0,6,300.4,306.8,19,340.0,0.0,0.0,0.0,0.0,0.0,49
2023-05-10 10:07:00,HO2312-C-2400,HO2312-C-2400,340.0,0.0,0.0,0.0,6,301.2,306.8,6,340.0,0.0,0.0,0.0,0.0,0.0,49
2023-05-10 10:07:01,HO2312-C-2400,HO2312-C-2400,340.0,0.0,0.0,0.0,6,301.4,307.2,12,340.0,0.0,0.0,0.0,0.0,0.0,49
2023-05-10 10:07:01,HO2312-C-2400,HO2312-C-2400,340.0,0.0,0.0,0.0,6,301.4,307.4,18,340.0,0.0,0.0,0.0,0.0,0.0,49
2023-05-10 10:07:02,HO2312-C-2400,HO2312-C-2400,340.0,0.0,0.0,0.0,6,301.4,307.4,12,340.0,0.0,0.0,0.0,0.0,0.0,49
2023-05-10 10:07:02,HO2312-C-2400,HO2312-C-2400,340.0,0.0,0.0,0.0,6,301.4,307.6,25,340.0,0.0,0.0,0.0,0.0,0.0,49
2023-05-10 10:07:10,HO2312-C-2400,HO2312-C-2400,340.0,0.0,0.0,0.0,6,301.4,307.4,1,340.0,0.0,0.0,0.0,0.0,0.0,49
2023-05-10 10:07:18,HO2312-C-2400,HO2312-C-2400,340.0,0.0,0.0,0.0,6,301.4,306.8,6,340.0,0.0,0.0,0.0,0.0,0.0,49
2023-05-10 10:07:22,HO2312-C-2400,HO2312-C-2400,340.0,0.0,0.0,0.0,6,301.0,306.8,6,340.0,0.0,0.0,0.0,0.0,0.0,49
2023-05-10 10:07:40,HO2312-C-2400,HO2312-C-2400,340.0,0.0,0.0,0.0,6,301.0,306.8,7,340.0,0.0,0.0,0.0,0.0,0.0,49
2023-05-10 10:07:43,HO2312-C-2400,HO2312-C-2400,340.0,0.0,0.0,0.0,6,300.6,306.8,7,340.0,0.0,0.0,0.0,0.0,0.0,49
2023-05-10 10:07:51,HO2312-C-2400,HO2312-C-2400,340.0,0.0,0.0,0.0,6,300.6,306.6,1,340.0,0.0,0.0,0.0,0.0,0.0,49
2023-05-10 10:07:53,HO2312-C-2400,HO2312-C-2400,340.0,0.0,0.0,0.0,6,300.6,306.0,6,340.0,0.0,0.0,0.0,0.0,0.0,49
2023-05-10 10:08:06,HO2312-C-2400,HO2312-C-2400,340.0,0.0,0.0,0.0,18,300.0,306.0,6,340.0,0.0,0.0,0.0,0.0,0.0,49
2023-05-10 10:08:06,HO2312-C-2400,HO2312-C-2400,340.0,0.0,0.0,0.0,12,300.0,306.0,7,340.0,0.0,0.0,0.0,0.0,0.0,49
2023-05-10 10:08:07,HO2312-C-2400,HO2312-C-2400,340.0,0.0,0.0,0.0,6,300.0,306.0,7,340.0,0.0,0.0,0.0,0.0,0.0,49
2023-05-10 10:08:16,HO2312-C-2400,HO2312-C-2400,340.0,0.0,0.0,0.0,6,300.0,305.8,1,340.0,0.0,0.0,0.0,0.0,0.0,49
2023-05-10 10:08:25,HO2312-C-2400,HO2312-C-2400,340.0,0.0,0.0,0.0,6,300.0,305.2,6,340.0,0.0,0.0,0.0,0.0,0.0,49
2023-05-10 10:08:36,HO2312-C-2400,HO2312-C-2400,340.0,0.0,0.0,0.0,6,300.0,305.2,7,340.0,0.0,0.0,0.0,0.0,0.0,49
2023-05-10 10:08:40,HO2312-C-2400,HO2312-C-2400,340.0,0.0,0.0,0.0,12,299.8,305.2,7,340.0,0.0,0.0,0.0,0.0,0.0,49
2023-05-10 10:08:40,HO2312-C-2400,HO2312-C-2400,340.0,0.0,0.0,0.0,6,299.8,305.2,7,340.0,0.0,0.0,0.0,0.0,0.0,49
2023-05-10 10:08:46,HO2312-C-2400,HO2312-C-2400,340.0,0.0,0.0,0.0,6,300.0,305.6,12,340.0,0.0,0.0,0.0,0.0,0.0,49
2023-05-10 10:08:47,HO2312-C-2400,HO2312-C-2400,340.0,0.0,0.0,0.0,6,300.0,306.0,7,340.0,0.0,0.0,0.0,0.0,0.0,49
2023-05-10 10:08:47,HO2312-C-2400,HO2312-C-2400,340.0,0.0,0.0,0.0,6,300.0,306.0,1,340.0,0.0,0.0,0.0,0.0,0.0,49
2023-05-10 10:08:56,HO2312-C-2400,HO2312-C-2400,340.0,0.0,0.0,0.0,6,300.0,305.2,6,340.0,0.0,0.0,0.0,0.0,0.0,49
2023-05-10 10:08:56,HO2312-C-2400,HO2312-C-2400,340.0,0.0,0.0,0.0,12,299.8,305.2,7,340.0,0.0,0.0,0.0,0.0,0.0,49
2023-05-10 10:08:57,HO2312-C-2400,HO2312-C-2400,340.0,0.0,0.0,0.0,6,299.8,305.2,7,340.0,0.0,0.0,0.0,0.0,0.0,49
2023-05-10 10:09:10,HO2312-C-2400,HO2312-C-2400,340.0,0.0,0.0,0.0,6,299.8,305.0,1,340.0,0.0,0.0,0.0,0.0,0.0,49
2023-05-10 10:09:21,HO2312-C-2400,HO2312-C-2400,340.0,0.0,0.0,0.0,6,299.8,304.8,1,340.0,0.0,0.0,0.0,0.0,0.0,49
2023-05-10 10:09:49,HO2312-C-2400,HO2312-C-2400,340.0,0.0,0.0,0.0,6,299.8,304.6,1,340.0,0.0,0.0,0.0,0.0,0.0,49
2023-05-10 10:09:56,HO2312-C-2400,HO2312-C-2400,340.0,0.0,0.0,0.0,6,299.8,304.4,6,340.0,0.0,0.0,0.0,0.0,0.0,49
2023-05-10 10:09:59,HO2312-C-2400,HO2312-C-2400,340.0,0.0,0.0,0.0,6,299.8,304.4,7,340.0,0.0,0.0,0.0,0.0,0.0,49
2023-05-10 10:10:03,HO2312-C-2400,HO2312-C-2400,340.0,0.0,0.0,0.0,12,299.4,304.4,7,340.0,0.0,0.0,0.0,0.0,0.0,49
2023-05-10 10:10:03,HO2312-C-2400,HO2312-C-2400,340.0,0.0,0.0,0.0,6,299.4,304.4,7,340.0,0.0,0.0,0.0,0.0,0.0,49
2023-05-10 10:10:05,HO2312-C-2400,HO2312-C-2400,340.0,0.0,0.0,0.0,6,299.2,304.4,7,340.0,0.0,0.0,0.0,0.0,0.0,49
2023-05-10 10:10:06,HO2312-C-2400,HO2312-C-2400,340.0,0.0,0.0,0.0,6,298.8,304.4,7,340.0,0.0,0.0,0.0,0.0,0.0,49
2023-05-10 10:10:06,HO2312-C-2400,HO2312-C-2400,340.0,0.0,0.0,0.0,6,298.4,304.4,7,340.0,0.0,0.0,0.0,0.0,0.0,49
2023-05-10 10:10:07,HO2312-C-2400,HO2312-C-2400,340.0,0.0,0.0,0.0,18,298.2,304.4,7,340.0,0.0,0.0,0.0,0.0,0.0,49
2023-05-10 10:10:09,HO2312-C-2400,HO2312-C-2400,340.0,0.0,0.0,0.0,18,298.2,304.2,1,340.0,0.0,0.0,0.0,0.0,0.0,49
2023-05-10 10:10:19,HO2312-C-2400,HO2312-C-2400,340.0,0.0,0.0,0.0,18,298.2,304.0,1,340.0,0.0,0.0,0.0,0.0,0.0,49
2023-05-10 10:10:29,HO2312-C-2400,HO2312-C-2400,340.0,0.0,0.0,0.0,18,298.2,303.8,1,340.0,0.0,0.0,0.0,0.0,0.0,49
2023-05-10 10:10:31,HO2312-C-2400,HO2312-C-2400,340.0,0.0,0.0,0.0,18,298.2,303.4,6,340.0,0.0,0.0,0.0,0.0,0.0,49
2023-05-10 10:10:33,HO2312-C-2400,HO2312-C-2400,340.0,0.0,0.0,0.0,24,298.2,304.0,12,340.0,0.0,0.0,0.0,0.0,0.0,49
2023-05-10 10:10:34,HO2312-C-2400,HO2312-C-2400,340.0,0.0,0.0,0.0,24,298.2,304.4,25,340.0,0.0,0.0,0.0,0.0,0.0,49
2023-05-10 10:10:34,HO2312-C-2400,HO2312-C-2400,340.0,0.0,0.0,0.0,24,298.2,304.4,13,340.0,0.0,0.0,0.0,0.0,0.0,49
2023-05-10 10:10:35,HO2312-C-2400,HO2312-C-2400,340.0,0.0,0.0,0.0,24,298.2,304.4,7,340.0,0.0,0.0,0.0,0.0,0.0,49
2023-05-10 10:10:35,HO2312-C-2400,HO2312-C-2400,340.0,0.0,0.0,0.0,24,298.2,304.4,1,340.0,0.0,0.0,0.0,0.0,0.0,49
2023-05-10 10:10:44,HO2312-C-2400,HO2312-C-2400,340.0,0.0,0.0,0.0,24,298.2,304.2,1,340.0,0.0,0.0,0.0,0.0,0.0,49
2023-05-10 10:10:48,HO2312-C-2400,HO2312-C-2400,340.0,0.0,0.0,0.0,18,298.2,303.8,6,340.0,0.0,0.0,0.0,0.0,0.0,49
2023-05-10 10:10:59,HO2312-C-2400,HO2312-C-2400,340.0,0.0,0.0,0.0,18,298.2,303.8,7,340.0,0.0,0.0,0.0,0.0,0.0,49
2023-05-10 10:11:01,HO2312-C-2400,HO2312-C-2400,340.0,0.0,0.0,0.0,12,298.2,303.8,7,340.0,0.0,0.0,0.0,0.0,0.0,49
2023-05-10 10:11:09,HO2312-C-2400,HO2312-C-2400,340.0,0.0,0.0,0.0,12,298.2,303.6,1,340.0,0.0,0.0,0.0,0.0,0.0,49
2023-05-10 10:11:19,HO2312-C-2400,HO2312-C-2400,340.0,0.0,0.0,0.0,12,298.2,303.4,1,340.0,0.0,0.0,0.0,0.0,0.0,49
2023-05-10 10:11:29,HO2312-C-2400,HO2312-C-2400,340.0,0.0,0.0,0.0,12,298.2,303.2,1,340.0,0.0,0.0,0.0,0.0,0.0,49
2023-05-10 10:11:39,HO2312-C-2400,HO2312-C-2400,340.0,0.0,0.0,0.0,12,298.2,303.0,1,340.0,0.0,0.0,0.0,0.0,0.0,49
2023-05-10 10:11:49,HO2312-C-2400,HO2312-C-2400,340.0,0.0,0.0,0.0,12,298.2,303.6,1,340.0,0.0,0.0,0.0,0.0,0.0,49
2023-05-10 10:11:50,HO2312-C-2400,HO2312-C-2400,340.0,0.0,0.0,0.0,6,298.4,303.6,1,340.0,0.0,0.0,0.0,0.0,0.0,49
2023-05-10 10:11:59,HO2312-C-2400,HO2312-C-2400,340.0,0.0,0.0,0.0,6,298.4,303.4,1,340.0,0.0,0.0,0.0,0.0,0.0,49
2023-05-10 10:12:01,HO2312-C-2400,HO2312-C-2400,340.0,0.0,0.0,0.0,18,298.2,303.4,1,340.0,0.0,0.0,0.0,0.0,0.0,49
2023-05-10 10:12:09,HO2312-C-2400,HO2312-C-2400,340.0,0.0,0.0,0.0,18,298.2,303.2,1,340.0,0.0,0.0,0.0,0.0,0.0,49
2023-05-10 10:12:19,HO2312-C-2400,HO2312-C-2400,340.0,0.0,0.0,0.0,18,298.2,303.0,1,340.0,0.0,0.0,0.0,0.0,0.0,49
2023-05-10 10:12:32,HO2312-C-2400,HO2312-C-2400,340.0,0.0,0.0,0.0,18,298.2,302.8,1,340.0,0.0,0.0,0.0,0.0,0.0,49
2023-05-10 10:12:59,HO2312-C-2400,HO2312-C-2400,340.0,0.0,0.0,0.0,12,298.2,302.6,1,340.0,0.0,0.0,0.0,0.0,0.0,49
2023-05-10 10:13:00,HO2312-C-2400,HO2312-C-2400,340.0,0.0,0.0,0.0,6,298.2,302.6,1,340.0,0.0,0.0,0.0,0.0,0.0,49
2023-05-10 10:13:09,HO2312-C-2400,HO2312-C-2400,340.0,0.0,0.0,0.0,6,298.2,302.4,1,340.0,0.0,0.0,0.0,0.0,0.0,49
2023-05-10 10:13:19,HO2312-C-2400,HO2312-C-2400,340.0,0.0,0.0,0.0,6,298.2,302.2,1,340.0,0.0,0.0,0.0,0.0,0.0,49
2023-05-10 10:13:29,HO2312-C-2400,HO2312-C-2400,340.0,0.0,0.0,0.0,6,298.2,302.0,1,340.0,0.0,0.0,0.0,0.0,0.0,49
2023-05-10 10:13:39,HO2312-C-2400,HO2312-C-2400,340.0,0.0,0.0,0.0,6,298.2,301.8,1,340.0,0.0,0.0,0.0,0.0,0.0,49
2023-05-10 10:13:49,HO2312-C-2400,HO2312-C-2400,340.0,0.0,0.0,0.0,6,298.2,301.6,1,340.0,0.0,0.0,0.0,0.0,0.0,49
2023-05-10 10:13:59,HO2312-C-2400,HO2312-C-2400,340.0,0.0,0.0,0.0,6,298.2,301.4,1,340.0,0.0,0.0,0.0,0.0,0.0,49
2023-05-10 10:14:09,HO2312-C-2400,HO2312-C-2400,340.0,0.0,0.0,0.0,6,298.2,301.2,1,340.0,0.0,0.0,0.0,0.0,0.0,49
2023-05-10 10:14:12,HO2312-C-2400,HO2312-C-2400,340.0,0.0,0.0,0.0,6,298.2,303.0,6,340.0,0.0,0.0,0.0,0.0,0.0,49
2023-05-10 10:14:32,HO2312-C-2400,HO2312-C-2400,340.0,0.0,0.0,0.0,6,298.2,303.0,7,340.0,0.0,0.0,0.0,0.0,0.0,49
2023-05-10 10:14:35,HO2312-C-2400,HO2312-C-2400,340.0,0.0,0.0,0.0,6,298.2,302.0,6,340.0,0.0,0.0,0.0,0.0,0.0,49
2023-05-10 10:14:37,HO2312-C-2400,HO2312-C-2400,340.0,0.0,0.0,0.0,6,297.6,302.0,6,340.0,0.0,0.0,0.0,0.0,0.0,49
2023-05-10 10:14:37,HO2312-C-2400,HO2312-C-2400,340.0,0.0,0.0,0.0,36,297.2,302.0,6,340.0,0.0,0.0,0.0,0.0,0.0,49
2023-05-10 10:14:38,HO2312-C-2400,HO2312-C-2400,340.0,0.0,0.0,0.0,6,297.2,302.0,6,340.0,0.0,0.0,0.0,0.0,0.0,49
2023-05-10 10:14:39,HO2312-C-2400,HO2312-C-2400,340.0,0.0,0.0,0.0,6,296.6,302.0,6,340.0,0.0,0.0,0.0,0.0,0.0,49
2023-05-10 10:14:41,HO2312-C-2400,HO2312-C-2400,340.0,0.0,0.0,0.0,6,296.6,303.0,7,340.0,0.0,0.0,0.0,0.0,0.0,49
2023-05-10 10:14:42,HO2312-C-2400,HO2312-C-2400,340.0,0.0,0.0,0.0,6,296.6,302.8,1,340.0,0.0,0.0,0.0,0.0,0.0,49
2023-05-10 10:14:52,HO2312-C-2400,HO2312-C-2400,340.0,0.0,0.0,0.0,6,296.6,302.6,1,340.0,0.0,0.0,0.0,0.0,0.0,49
2023-05-10 10:15:02,HO2312-C-2400,HO2312-C-2400,340.0,0.0,0.0,0.0,6,296.6,302.4,1,340.0,0.0,0.0,0.0,0.0,0.0,49
2023-05-10 10:15:03,HO2312-C-2400,HO2312-C-2400,340.0,0.0,0.0,0.0,6,296.6,302.0,6,340.0,0.0,0.0,0.0,0.0,0.0,49
2023-05-10 10:15:12,HO2312-C-2400,HO2312-C-2400,340.0,0.0,0.0,0.0,6,296.6,303.0,6,340.0,0.0,0.0,0.0,0.0,0.0,49
2023-05-10 10:15:13,HO2312-C-2400,HO2312-C-2400,340.0,0.0,0.0,0.0,6,297.4,303.2,12,340.0,0.0,0.0,0.0,0.0,0.0,49
2023-05-10 10:15:14,HO2312-C-2400,HO2312-C-2400,340.0,0.0,0.0,0.0,6,297.6,303.4,18,340.0,0.0,0.0,0.0,0.0,0.0,49
2023-05-10 10:15:14,HO2312-C-2400,HO2312-C-2400,340.0,0.0,0.0,0.0,6,297.6,303.4,12,340.0,0.0,0.0,0.0,0.0,0.0,49
2023-05-10 10:15:15,HO2312-C-2400,HO2312-C-2400,340.0,0.0,0.0,0.0,6,297.6,303.6,7,340.0,0.0,0.0,0.0,0.0,0.0,49
2023-05-10 10:15:15,HO2312-C-2400,HO2312-C-2400,340.0,0.0,0.0,0.0,6,297.6,303.6,1,340.0,0.0,0.0,0.0,0.0,0.0,49
2023-05-10 10:15:17,HO2312-C-2400,HO2312-C-2400,340.0,0.0,0.0,0.0,6,297.6,303.0,6,340.0,0.0,0.0,0.0,0.0,0.0,49
2023-05-10 10:15:20,HO2312-C-2400,HO2312-C-2400,340.0,0.0,0.0,0.0,6,297.6,303.0,7,340.0,0.0,0.0,0.0,0.0,0.0,49
2023-05-10 10:15:28,HO2312-C-2400,HO2312-C-2400,340.0,0.0,0.0,0.0,12,297.4,303.0,7,340.0,0.0,0.0,0.0,0.0,0.0,49
2023-05-10 10:15:29,HO2312-C-2400,HO2312-C-2400,340.0,0.0,0.0,0.0,18,297.0,303.0,7,340.0,0.0,0.0,0.0,0.0,0.0,49
2023-05-10 10:15:30,HO2312-C-2400,HO2312-C-2400,340.0,0.0,0.0,0.0,18,297.0,302.8,1,340.0,0.0,0.0,0.0,0.0,0.0,49
2023-05-10 10:15:42,HO2312-C-2400,HO2312-C-2400,340.0,0.0,0.0,0.0,18,297.0,302.6,1,340.0,0.0,0.0,0.0,0.0,0.0,49
2023-05-10 10:15:59,HO2312-C-2400,HO2312-C-2400,340.0,0.0,0.0,0.0,18,297.0,303.0,6,340.0,0.0,0.0,0.0,0.0,0.0,49
2023-05-10 10:16:00,HO2312-C-2400,HO2312-C-2400,340.0,0.0,0.0,0.0,6,297.2,303.0,6,340.0,0.0,0.0,0.0,0.0,0.0,49
2023-05-10 10:16:00,HO2312-C-2400,HO2312-C-2400,340.0,0.0,0.0,0.0,6,297.4,303.4,12,340.0,0.0,0.0,0.0,0.0,0.0,49
2023-05-10 10:16:01,HO2312-C-2400,HO2312-C-2400,340.0,0.0,0.0,0.0,6,297.4,303.6,7,340.0,0.0,0.0,0.0,0.0,0.0,49
2023-05-10 10:16:01,HO2312-C-2400,HO2312-C-2400,340.0,0.0,0.0,0.0,6,297.4,303.6,1,340.0,0.0,0.0,0.0,0.0,0.0,49
2023-05-10 10:16:02,HO2312-C-2400,HO2312-C-2400,340.0,0.0,0.0,0.0,12,297.2,303.0,6,340.0,0.0,0.0,0.0,0.0,0.0,49
2023-05-10 10:16:03,HO2312-C-2400,HO2312-C-2400,340.0,0.0,0.0,0.0,6,297.2,303.0,6,340.0,0.0,0.0,0.0,0.0,0.0,49
2023-05-10 10:16:11,HO2312-C-2400,HO2312-C-2400,340.0,0.0,0.0,0.0,6,297.2,303.0,7,340.0,0.0,0.0,0.0,0.0,0.0,49
2023-05-10 10:16:22,HO2312-C-2400,HO2312-C-2400,340.0,0.0,0.0,0.0,6,297.2,302.8,1,340.0,0.0,0.0,0.0,0.0,0.0,49
2023-05-10 10:16:32,HO2312-C-2400,HO2312-C-2400,340.0,0.0,0.0,0.0,6,297.2,302.6,1,340.0,0.0,0.0,0.0,0.0,0.0,49
2023-05-10 10:16:56,HO2312-C-2400,HO2312-C-2400,340.0,0.0,0.0,0.0,6,297.2,303.0,6,340.0,0.0,0.0,0.0,0.0,0.0,49
2023-05-10 10:17:12,HO2312-C-2400,HO2312-C-2400,340.0,0.0,0.0,0.0,6,297.6,303.6,6,340.0,0.0,0.0,0.0,0.0,0.0,49
2023-05-10 10:17:12,HO2312-C-2400,HO2312-C-2400,340.0,0.0,0.0,0.0,6,297.6,303.8,18,340.0,0.0,0.0,0.0,0.0,0.0,49
2023-05-10 10:17:21,HO2312-C-2400,HO2312-C-2400,340.0,0.0,0.0,0.0,12,297.2,303.0,6,340.0,0.0,0.0,0.0,0.0,0.0,49
2023-05-10 10:17:22,HO2312-C-2400,HO2312-C-2400,340.0,0.0,0.0,0.0,6,297.2,303.0,6,340.0,0.0,0.0,0.0,0.0,0.0,49
2023-05-10 10:17:27,HO2312-C-2400,HO2312-C-2400,340.0,0.0,0.0,0.0,6,297.2,303.0,7,340.0,0.0,0.0,0.0,0.0,0.0,49
2023-05-10 10:17:52,HO2312-C-2400,HO2312-C-2400,340.0,0.0,0.0,0.0,6,297.2,303.0,6,340.0,0.0,0.0,0.0,0.0,0.0,49
2023-05-10 10:18:50,HO2312-C-2400,HO2312-C-2400,340.0,0.0,0.0,0.0,6,297.2,303.0,7,340.0,0.0,0.0,0.0,0.0,0.0,49
2023-05-10 10:19:05,HO2312-C-2400,HO2312-C-2400,340.0,0.0,0.0,0.0,6,297.2,302.8,1,340.0,0.0,0.0,0.0,0.0,0.0,49
2023-05-10 10:19:08,HO2312-C-2400,HO2312-C-2400,340.0,0.0,0.0,0.0,6,297.2,303.0,6,340.0,0.0,0.0,0.0,0.0,0.0,49
2023-05-10 10:19:09,HO2312-C-2400,HO2312-C-2400,340.0,0.0,0.0,0.0,6,297.4,303.6,7,340.0,0.0,0.0,0.0,0.0,0.0,49
2023-05-10 10:19:10,HO2312-C-2400,HO2312-C-2400,340.0,0.0,0.0,0.0,6,297.6,303.6,1,340.0,0.0,0.0,0.0,0.0,0.0,49
2023-05-10 10:19:17,HO2312-C-2400,HO2312-C-2400,340.0,0.0,0.0,0.0,30,297.0,302.8,6,340.0,0.0,0.0,0.0,0.0,0.0,49
2023-05-10 10:19:18,HO2312-C-2400,HO2312-C-2400,340.0,0.0,0.0,0.0,6,297.0,302.8,6,340.0,0.0,0.0,0.0,0.0,0.0,49
2023-05-10 10:19:18,HO2312-C-2400,HO2312-C-2400,340.0,0.0,0.0,0.0,6,296.8,302.8,6,340.0,0.0,0.0,0.0,0.0,0.0,49
2023-05-10 10:19:36,HO2312-C-2400,HO2312-C-2400,340.0,0.0,0.0,0.0,6,296.8,302.8,7,340.0,0.0,0.0,0.0,0.0,0.0,49
2023-05-10 10:19:55,HO2312-C-2400,HO2312-C-2400,340.0,0.0,0.0,0.0,6,296.8,302.6,1,340.0,0.0,0.0,0.0,0.0,0.0,49
2023-05-10 10:19:57,HO2312-C-2400,HO2312-C-2400,340.0,0.0,0.0,0.0,6,296.8,301.8,6,340.0,0.0,0.0,0.0,0.0,0.0,49
2023-05-10 10:20:05,HO2312-C-2400,HO2312-C-2400,340.0,0.0,0.0,0.0,6,296.8,301.8,7,340.0,0.0,0.0,0.0,0.0,0.0,49
2023-05-10 10:20:16,HO2312-C-2400,HO2312-C-2400,340.0,0.0,0.0,0.0,6,296.8,301.8,1,340.0,0.0,0.0,0.0,0.0,0.0,49
2023-05-10 10:20:17,HO2312-C-2400,HO2312-C-2400,340.0,0.0,0.0,0.0,6,296.8,302.4,1,340.0,0.0,0.0,0.0,0.0,0.0,49
2023-05-10 10:20:27,HO2312-C-2400,HO2312-C-2400,340.0,0.0,0.0,0.0,6,296.8,302.2,1,340.0,0.0,0.0,0.0,0.0,0.0,49
2023-05-10 10:20:37,HO2312-C-2400,HO2312-C-2400,340.0,0.0,0.0,0.0,6,296.8,302.0,1,340.0,0.0,0.0,0.0,0.0,0.0,49
2023-05-10 10:20:47,HO2312-C-2400,HO2312-C-2400,340.0,0.0,0.0,0.0,6,296.8,301.8,1,340.0,0.0,0.0,0.0,0.0,0.0,49
2023-05-10 10:20:59,HO2312-C-2400,HO2312-C-2400,340.0,0.0,0.0,0.0,6,296.8,301.6,1,340.0,0.0,0.0,0.0,0.0,0.0,49
2023-05-10 10:21:48,HO2312-C-2400,HO2312-C-2400,340.0,0.0,0.0,0.0,6,296.8,301.4,1,340.0,0.0,0.0,0.0,0.0,0.0,49
2023-05-10 10:21:50,HO2312-C-2400,HO2312-C-2400,340.0,0.0,0.0,0.0,6,296.8,302.0,1,340.0,0.0,0.0,0.0,0.0,0.0,49
2023-05-10 10:22:00,HO2312-C-2400,HO2312-C-2400,340.0,0.0,0.0,0.0,6,296.8,301.8,1,340.0,0.0,0.0,0.0,0.0,0.0,49
2023-05-10 10:22:19,HO2312-C-2400,HO2312-C-2400,340.0,0.0,0.0,0.0,6,296.8,302.4,1,340.0,0.0,0.0,0.0,0.0,0.0,49
2023-05-10 10:22:29,HO2312-C-2400,HO2312-C-2400,340.0,0.0,0.0,0.0,6,296.8,302.2,1,340.0,0.0,0.0,0.0,0.0,0.0,49
2023-05-10 10:22:39,HO2312-C-2400,HO2312-C-2400,340.0,0.0,0.0,0.0,6,296.8,302.0,1,340.0,0.0,0.0,0.0,0.0,0.0,49
2023-05-10 10:22:49,HO2312-C-2400,HO2312-C-2400,340.0,0.0,0.0,0.0,6,296.8,301.8,1,340.0,0.0,0.0,0.0,0.0,0.0,49
2023-05-10 10:23:02,HO2312-C-2400,HO2312-C-2400,340.0,0.0,0.0,0.0,6,296.8,301.6,1,340.0,0.0,0.0,0.0,0.0,0.0,49
2023-05-10 10:23:13,HO2312-C-2400,HO2312-C-2400,340.0,0.0,0.0,0.0,12,296.4,301.4,1,340.0,0.0,0.0,0.0,0.0,0.0,49
2023-05-10 10:23:13,HO2312-C-2400,HO2312-C-2400,340.0,0.0,0.0,0.0,6,296.4,301.4,1,340.0,0.0,0.0,0.0,0.0,0.0,49
2023-05-10 10:23:26,HO2312-C-2400,HO2312-C-2400,340.0,0.0,0.0,0.0,6,296.4,301.2,1,340.0,0.0,0.0,0.0,0.0,0.0,49
2023-05-10 10:23:36,HO2312-C-2400,HO2312-C-2400,340.0,0.0,0.0,0.0,6,296.4,301.0,1,340.0,0.0,0.0,0.0,0.0,0.0,49
2023-05-10 10:23:46,HO2312-C-2400,HO2312-C-2400,340.0,0.0,0.0,0.0,6,296.4,300.8,1,340.0,0.0,0.0,0.0,0.0,0.0,49
2023-05-10 10:23:53,HO2312-C-2400,HO2312-C-2400,340.0,0.0,0.0,0.0,12,295.8,300.8,1,340.0,0.0,0.0,0.0,0.0,0.0,49
2023-05-10 10:23:54,HO2312-C-2400,HO2312-C-2400,340.0,0.0,0.0,0.0,24,295.4,300.8,1,340.0,0.0,0.0,0.0,0.0,0.0,49
2023-05-10 10:23:54,HO2312-C-2400,HO2312-C-2400,340.0,0.0,0.0,0.0,6,295.4,300.8,1,340.0,0.0,0.0,0.0,0.0,0.0,49
2023-05-10 10:23:55,HO2312-C-2400,HO2312-C-2400,340.0,0.0,0.0,0.0,6,294.8,300.8,1,340.0,0.0,0.0,0.0,0.0,0.0,49
2023-05-10 10:23:56,HO2312-C-2400,HO2312-C-2400,340.0,0.0,0.0,0.0,6,294.6,300.6,1,340.0,0.0,0.0,0.0,0.0,0.0,49
2023-05-10 10:24:06,HO2312-C-2400,HO2312-C-2400,340.0,0.0,0.0,0.0,6,294.6,301.4,1,340.0,0.0,0.0,0.0,0.0,0.0,49
2023-05-10 10:24:06,HO2312-C-2400,HO2312-C-2400,340.0,0.0,0.0,0.0,6,294.6,301.4,2,340.0,0.0,0.0,0.0,0.0,0.0,49
2023-05-10 10:24:14,HO2312-C-2400,HO2312-C-2400,340.0,0.0,0.0,0.0,6,294.2,301.4,2,340.0,0.0,0.0,0.0,0.0,0.0,49
2023-05-10 10:24:16,HO2312-C-2400,HO2312-C-2400,340.0,0.0,0.0,0.0,6,294.2,301.2,1,340.0,0.0,0.0,0.0,0.0,0.0,49
2023-05-10 10:24:26,HO2312-C-2400,HO2312-C-2400,340.0,0.0,0.0,0.0,6,294.2,301.0,1,340.0,0.0,0.0,0.0,0.0,0.0,49
2023-05-10 10:24:36,HO2312-C-2400,HO2312-C-2400,340.0,0.0,0.0,0.0,6,294.2,300.8,1,340.0,0.0,0.0,0.0,0.0,0.0,49
2023-05-10 10:24:51,HO2312-C-2400,HO2312-C-2400,340.0,0.0,0.0,0.0,6,294.2,300.6,1,340.0,0.0,0.0,0.0,0.0,0.0,49
2023-05-10 10:25:06,HO2312-C-2400,HO2312-C-2400,340.0,0.0,0.0,0.0,6,294.2,300.4,1,340.0,0.0,0.0,0.0,0.0,0.0,49
2023-05-10 10:25:12,HO2312-C-2400,HO2312-C-2400,340.0,0.0,0.0,0.0,6,294.2,301.0,1,340.0,0.0,0.0,0.0,0.0,0.0,49
2023-05-10 10:25:22,HO2312-C-2400,HO2312-C-2400,340.0,0.0,0.0,0.0,6,294.2,300.8,1,340.0,0.0,0.0,0.0,0.0,0.0,49
2023-05-10 10:25:31,HO2312-C-2400,HO2312-C-2400,340.0,0.0,0.0,0.0,6,294.2,301.4,1,340.0,0.0,0.0,0.0,0.0,0.0,49
2023-05-10 10:25:40,HO2312-C-2400,HO2312-C-2400,340.0,0.0,0.0,0.0,6,294.2,301.6,18,340.0,0.0,0.0,0.0,0.0,0.0,49
2023-05-10 10:25:41,HO2312-C-2400,HO2312-C-2400,340.0,0.0,0.0,0.0,6,294.2,301.6,12,340.0,0.0,0.0,0.0,0.0,0.0,49
2023-05-10 10:25:41,HO2312-C-2400,HO2312-C-2400,340.0,0.0,0.0,0.0,6,294.2,301.8,24,340.0,0.0,0.0,0.0,0.0,0.0,49
2023-05-10 10:25:42,HO2312-C-2400,HO2312-C-2400,340.0,0.0,0.0,0.0,12,294.2,301.8,18,340.0,0.0,0.0,0.0,0.0,0.0,49
2023-05-10 10:26:00,HO2312-C-2400,HO2312-C-2400,340.0,0.0,0.0,0.0,12,294.2,301.8,19,340.0,0.0,0.0,0.0,0.0,0.0,49
2023-05-10 10:26:07,HO2312-C-2400,HO2312-C-2400,340.0,0.0,0.0,0.0,6,295.2,301.8,25,340.0,0.0,0.0,0.0,0.0,0.0,49
2023-05-10 10:26:08,HO2312-C-2400,HO2312-C-2400,340.0,0.0,0.0,0.0,6,295.4,301.8,19,340.0,0.0,0.0,0.0,0.0,0.0,49
2023-05-10 10:26:12,HO2312-C-2400,HO2312-C-2400,340.0,0.0,0.0,0.0,6,295.4,301.6,1,340.0,0.0,0.0,0.0,0.0,0.0,49
2023-05-10 10:26:14,HO2312-C-2400,HO2312-C-2400,340.0,0.0,0.0,0.0,9,295.4,301.6,1,340.0,0.0,0.0,0.0,0.0,0.0,49
2023-05-10 10:26:20,HO2312-C-2400,HO2312-C-2400,340.0,0.0,0.0,0.0,6,295.4,301.6,1,340.0,0.0,0.0,0.0,0.0,0.0,49
2023-05-10 10:26:26,HO2312-C-2400,HO2312-C-2400,340.0,0.0,0.0,0.0,6,295.4,301.8,18,340.0,0.0,0.0,0.0,0.0,0.0,49
2023-05-10 10:26:26,HO2312-C-2400,HO2312-C-2400,340.0,0.0,0.0,0.0,6,296.2,301.8,12,340.0,0.0,0.0,0.0,0.0,0.0,49
2023-05-10 10:26:27,HO2312-C-2400,HO2312-C-2400,340.0,0.0,0.0,0.0,6,296.2,302.2,25,340.0,0.0,0.0,0.0,0.0,0.0,49
2023-05-10 10:26:31,HO2312-C-2400,HO2312-C-2400,340.0,0.0,0.0,0.0,6,296.2,302.2,19,340.0,0.0,0.0,0.0,0.0,0.0,49
2023-05-10 10:26:32,HO2312-C-2400,HO2312-C-2400,340.0,0.0,0.0,0.0,6,296.4,302.2,13,340.0,0.0,0.0,0.0,0.0,0.0,49
2023-05-10 10:26:33,HO2312-C-2400,HO2312-C-2400,340.0,0.0,0.0,0.0,6,296.4,302.2,7,340.0,0.0,0.0,0.0,0.0,0.0,49
2023-05-10 10:26:33,HO2312-C-2400,HO2312-C-2400,340.0,0.0,0.0,0.0,6,296.4,302.2,1,340.0,0.0,0.0,0.0,0.0,0.0,49
2023-05-10 10:26:37,HO2312-C-2400,HO2312-C-2400,340.0,0.0,0.0,0.0,6,296.4,302.0,1,340.0,0.0,0.0,0.0,0.0,0.0,49
2023-05-10 10:26:48,HO2312-C-2400,HO2312-C-2400,340.0,0.0,0.0,0.0,6,296.4,302.6,19,340.0,0.0,0.0,0.0,0.0,0.0,49
2023-05-10 10:26:58,HO2312-C-2400,HO2312-C-2400,340.0,0.0,0.0,0.0,6,296.4,302.4,1,340.0,0.0,0.0,0.0,0.0,0.0,49
2023-05-10 10:27:00,HO2312-C-2400,HO2312-C-2400,340.0,0.0,0.0,0.0,7,296.4,302.4,1,340.0,0.0,0.0,0.0,0.0,0.0,49
2023-05-10 10:27:03,HO2312-C-2400,HO2312-C-2400,340.0,0.0,0.0,0.0,6,296.4,302.4,1,340.0,0.0,0.0,0.0,0.0,0.0,49
2023-05-10 10:27:08,HO2312-C-2400,HO2312-C-2400,340.0,0.0,0.0,0.0,6,296.4,302.2,1,340.0,0.0,0.0,0.0,0.0,0.0,49
2023-05-10 10:27:18,HO2312-C-2400,HO2312-C-2400,340.0,0.0,0.0,0.0,6,296.4,302.0,1,340.0,0.0,0.0,0.0,0.0,0.0,49
2023-05-10 10:27:26,HO2312-C-2400,HO2312-C-2400,340.0,0.0,0.0,0.0,6,297.2,302.0,1,340.0,0.0,0.0,0.0,0.0,0.0,49
2023-05-10 10:27:27,HO2312-C-2400,HO2312-C-2400,340.0,0.0,0.0,0.0,6,297.4,302.0,1,340.0,0.0,0.0,0.0,0.0,0.0,49
2023-05-10 10:27:31,HO2312-C-2400,HO2312-C-2400,340.0,0.0,0.0,0.0,6,297.4,302.6,1,340.0,0.0,0.0,0.0,0.0,0.0,49
2023-05-10 10:27:41,HO2312-C-2400,HO2312-C-2400,340.0,0.0,0.0,0.0,6,297.4,302.4,1,340.0,0.0,0.0,0.0,0.0,0.0,49
2023-05-10 10:27:59,HO2312-C-2400,HO2312-C-2400,340.0,0.0,0.0,0.0,6,297.4,302.2,1,340.0,0.0,0.0,0.0,0.0,0.0,49
2023-05-10 10:28:07,HO2312-C-2400,HO2312-C-2400,340.0,0.0,0.0,0.0,6,297.4,302.8,1,340.0,0.0,0.0,0.0,0.0,0.0,49
2023-05-10 10:28:19,HO2312-C-2400,HO2312-C-2400,340.0,0.0,0.0,0.0,6,297.4,302.6,1,340.0,0.0,0.0,0.0,0.0,0.0,49
2023-05-10 10:28:29,HO2312-C-2400,HO2312-C-2400,340.0,0.0,0.0,0.0,6,297.4,302.4,1,340.0,0.0,0.0,0.0,0.0,0.0,49
2023-05-10 10:28:35,HO2312-C-2400,HO2312-C-2400,340.0,0.0,0.0,0.0,6,296.6,302.4,1,340.0,0.0,0.0,0.0,0.0,0.0,49
2023-05-10 10:28:35,HO2312-C-2400,HO2312-C-2400,340.0,0.0,0.0,0.0,30,296.4,302.4,1,340.0,0.0,0.0,0.0,0.0,0.0,49
2023-05-10 10:28:36,HO2312-C-2400,HO2312-C-2400,340.0,0.0,0.0,0.0,12,296.4,302.4,1,340.0,0.0,0.0,0.0,0.0,0.0,49
2023-05-10 10:28:36,HO2312-C-2400,HO2312-C-2400,340.0,0.0,0.0,0.0,38,296.2,302.4,1,340.0,0.0,0.0,0.0,0.0,0.0,49
2023-05-10 10:28:39,HO2312-C-2400,HO2312-C-2400,340.0,0.0,0.0,0.0,38,296.2,302.2,1,340.0,0.0,0.0,0.0,0.0,0.0,49
2023-05-10 10:28:42,HO2312-C-2400,HO2312-C-2400,340.0,0.0,0.0,0.0,6,296.4,302.2,1,340.0,0.0,0.0,0.0,0.0,0.0,49
2023-05-10 10:28:54,HO2312-C-2400,HO2312-C-2400,340.0,0.0,0.0,0.0,6,296.4,302.0,1,340.0,0.0,0.0,0.0,0.0,0.0,49
2023-05-10 10:29:01,HO2312-C-2400,HO2312-C-2400,340.0,0.0,0.0,0.0,32,296.2,302.0,1,340.0,0.0,0.0,0.0,0.0,0.0,49
2023-05-10 10:29:02,HO2312-C-2400,HO2312-C-2400,340.0,0.0,0.0,0.0,16,296.2,301.8,6,340.0,0.0,0.0,0.0,0.0,0.0,49
2023-05-10 10:29:02,HO2312-C-2400,HO2312-C-2400,340.0,0.0,0.0,0.0,15,296.2,301.8,7,340.0,0.0,0.0,0.0,0.0,0.0,49
2023-05-10 10:29:03,HO2312-C-2400,HO2312-C-2400,340.0,0.0,0.0,0.0,9,296.2,301.8,7,340.0,0.0,0.0,0.0,0.0,0.0,49
2023-05-10 10:29:04,HO2312-C-2400,HO2312-C-2400,340.0,0.0,0.0,0.0,4,296.2,301.8,7,340.0,0.0,0.0,0.0,0.0,0.0,49
2023-05-10 10:29:05,HO2312-C-2400,HO2312-C-2400,340.0,0.0,0.0,0.0,1,296.2,301.8,7,340.0,0.0,0.0,0.0,0.0,0.0,49
2023-05-10 10:29:06,HO2312-C-2400,HO2312-C-2400,340.0,0.0,0.0,0.0,24,295.8,301.8,7,340.0,0.0,0.0,0.0,0.0,0.0,49
2023-05-10 10:29:07,HO2312-C-2400,HO2312-C-2400,340.0,0.0,0.0,0.0,18,295.8,301.8,7,340.0,0.0,0.0,0.0,0.0,0.0,49
2023-05-10 10:29:09,HO2312-C-2400,HO2312-C-2400,340.0,0.0,0.0,0.0,12,295.8,301.8,7,340.0,0.0,0.0,0.0,0.0,0.0,49
2023-05-10 10:29:12,HO2312-C-2400,HO2312-C-2400,340.0,0.0,0.0,0.0,12,295.8,301.6,1,340.0,0.0,0.0,0.0,0.0,0.0,49
2023-05-10 10:29:21,HO2312-C-2400,HO2312-C-2400,340.0,0.0,0.0,0.0,12,295.8,300.8,6,340.0,0.0,0.0,0.0,0.0,0.0,49
2023-05-10 10:29:22,HO2312-C-2400,HO2312-C-2400,340.0,0.0,0.0,0.0,12,295.8,300.8,7,340.0,0.0,0.0,0.0,0.0,0.0,49
2023-05-10 10:29:32,HO2312-C-2400,HO2312-C-2400,340.0,0.0,0.0,0.0,12,295.8,300.6,1,340.0,0.0,0.0,0.0,0.0,0.0,49
2023-05-10 10:29:42,HO2312-C-2400,HO2312-C-2400,340.0,0.0,0.0,0.0,12,295.8,300.4,1,340.0,0.0,0.0,0.0,0.0,0.0,49
2023-05-10 10:29:47,HO2312-C-2400,HO2312-C-2400,340.0,0.0,0.0,0.0,6,295.8,300.4,1,340.0,0.0,0.0,0.0,0.0,0.0,49
2023-05-10 10:29:52,HO2312-C-2400,HO2312-C-2400,340.0,0.0,0.0,0.0,6,295.8,300.2,1,340.0,0.0,0.0,0.0,0.0,0.0,49
2023-05-10 10:29:58,HO2312-C-2400,HO2312-C-2400,340.0,0.0,0.0,0.0,18,294.8,300.2,1,340.0,0.0,0.0,0.0,0.0,0.0,49
2023-05-10 10:29:58,HO2312-C-2400,HO2312-C-2400,340.0,0.0,0.0,0.0,12,294.8,300.2,1,340.0,0.0,0.0,0.0,0.0,0.0,49
2023-05-10 10:29:59,HO2312-C-2400,HO2312-C-2400,340.0,0.0,0.0,0.0,6,294.8,300.2,1,340.0,0.0,0.0,0.0,0.0,0.0,49
2023-05-10 10:30:02,HO2312-C-2400,HO2312-C-2400,340.0,0.0,0.0,0.0,6,294.8,300.0,8,340.0,0.0,0.0,0.0,0.0,0.0,49
2023-05-10 10:30:03,HO2312-C-2400,HO2312-C-2400,340.0,0.0,0.0,0.0,6,294.4,300.0,8,340.0,0.0,0.0,0.0,0.0,0.0,49
2023-05-10 10:30:07,HO2312-C-2400,HO2312-C-2400,340.0,0.0,0.0,0.0,12,294.2,300.0,14,340.0,0.0,0.0,0.0,0.0,0.0,49
2023-05-10 10:30:07,HO2312-C-2400,HO2312-C-2400,340.0,0.0,0.0,0.0,30,293.8,300.0,26,340.0,0.0,0.0,0.0,0.0,0.0,49
2023-05-10 10:30:08,HO2312-C-2400,HO2312-C-2400,340.0,0.0,0.0,0.0,6,293.8,300.0,26,340.0,0.0,0.0,0.0,0.0,0.0,49
2023-05-10 10:30:08,HO2312-C-2400,HO2312-C-2400,340.0,0.0,0.0,0.0,18,293.6,300.0,26,340.0,0.0,0.0,0.0,0.0,0.0,49
2023-05-10 10:30:11,HO2312-C-2400,HO2312-C-2400,340.0,0.0,0.0,0.0,24,293.6,300.0,26,340.0,0.0,0.0,0.0,0.0,0.0,49
2023-05-10 10:30:11,HO2312-C-2400,HO2312-C-2400,340.0,0.0,0.0,0.0,2,293.8,300.0,26,340.0,0.0,0.0,0.0,0.0,0.0,49
2023-05-10 10:30:12,HO2312-C-2400,HO2312-C-2400,340.0,0.0,0.0,0.0,4,293.8,300.0,26,340.0,0.0,0.0,0.0,0.0,0.0,49
2023-05-10 10:30:12,HO2312-C-2400,HO2312-C-2400,340.0,0.0,0.0,0.0,4,293.8,299.8,1,340.0,0.0,0.0,0.0,0.0,0.0,49
2023-05-10 10:30:13,HO2312-C-2400,HO2312-C-2400,340.0,0.0,0.0,0.0,1,294.0,299.8,1,340.0,0.0,0.0,0.0,0.0,0.0,49
2023-05-10 10:30:13,HO2312-C-2400,HO2312-C-2400,340.0,0.0,0.0,0.0,4,294.0,299.8,1,340.0,0.0,0.0,0.0,0.0,0.0,49
2023-05-10 10:30:15,HO2312-C-2400,HO2312-C-2400,340.0,0.0,0.0,0.0,1,294.2,299.8,1,340.0,0.0,0.0,0.0,0.0,0.0,49
2023-05-10 10:30:15,HO2312-C-2400,HO2312-C-2400,340.0,0.0,0.0,0.0,6,294.4,299.8,1,340.0,0.0,0.0,0.0,0.0,0.0,49
2023-05-10 10:30:16,HO2312-C-2400,HO2312-C-2400,340.0,0.0,0.0,0.0,6,294.6,299.8,1,340.0,0.0,0.0,0.0,0.0,0.0,49
2023-05-10 10:30:23,HO2312-C-2400,HO2312-C-2400,340.0,0.0,0.0,0.0,6,294.6,299.6,1,340.0,0.0,0.0,0.0,0.0,0.0,49
2023-05-10 10:30:28,HO2312-C-2400,HO2312-C-2400,340.0,0.0,0.0,0.0,6,294.6,300.2,1,340.0,0.0,0.0,0.0,0.0,0.0,49
2023-05-10 10:30:38,HO2312-C-2400,HO2312-C-2400,340.0,0.0,0.0,0.0,6,294.6,300.0,1,340.0,0.0,0.0,0.0,0.0,0.0,49
2023-05-10 10:30:50,HO2312-C-2400,HO2312-C-2400,340.0,0.0,0.0,0.0,6,294.6,300.6,1,340.0,0.0,0.0,0.0,0.0,0.0,49
2023-05-10 10:31:00,HO2312-C-2400,HO2312-C-2400,340.0,0.0,0.0,0.0,6,294.6,300.4,1,340.0,0.0,0.0,0.0,0.0,0.0,49
2023-05-10 10:31:10,HO2312-C-2400,HO2312-C-2400,340.0,0.0,0.0,0.0,6,294.6,300.2,1,340.0,0.0,0.0,0.0,0.0,0.0,49
2023-05-10 10:31:15,HO2312-C-2400,HO2312-C-2400,340.0,0.0,0.0,0.0,6,294.6,301.0,19,340.0,0.0,0.0,0.0,0.0,0.0,49
2023-05-10 10:31:25,HO2312-C-2400,HO2312-C-2400,340.0,0.0,0.0,0.0,6,294.6,300.8,1,340.0,0.0,0.0,0.0,0.0,0.0,49
2023-05-10 10:31:35,HO2312-C-2400,HO2312-C-2400,340.0,0.0,0.0,0.0,6,294.6,300.6,1,340.0,0.0,0.0,0.0,0.0,0.0,49
2023-05-10 10:31:47,HO2312-C-2400,HO2312-C-2400,340.0,0.0,0.0,0.0,6,294.6,301.0,18,340.0,0.0,0.0,0.0,0.0,0.0,49
2023-05-10 10:32:02,HO2312-C-2400,HO2312-C-2400,340.0,0.0,0.0,0.0,6,294.6,301.0,19,340.0,0.0,0.0,0.0,0.0,0.0,49
2023-05-10 10:32:12,HO2312-C-2400,HO2312-C-2400,340.0,0.0,0.0,0.0,6,294.6,300.8,1,340.0,0.0,0.0,0.0,0.0,0.0,49
2023-05-10 10:32:22,HO2312-C-2400,HO2312-C-2400,340.0,0.0,0.0,0.0,12,294.4,300.0,6,340.0,0.0,0.0,0.0,0.0,0.0,49
2023-05-10 10:32:22,HO2312-C-2400,HO2312-C-2400,340.0,0.0,0.0,0.0,6,294.4,300.0,6,340.0,0.0,0.0,0.0,0.0,0.0,49
2023-05-10 10:33:16,HO2312-C-2400,HO2312-C-2400,340.0,0.0,0.0,0.0,6,294.6,301.0,30,340.0,0.0,0.0,0.0,0.0,0.0,49
2023-05-10 10:33:16,HO2312-C-2400,HO2312-C-2400,340.0,0.0,0.0,0.0,6,294.6,301.0,19,340.0,0.0,0.0,0.0,0.0,0.0,49
2023-05-10 10:33:26,HO2312-C-2400,HO2312-C-2400,340.0,0.0,0.0,0.0,6,294.6,300.8,1,340.0,0.0,0.0,0.0,0.0,0.0,49
2023-05-10 10:33:36,HO2312-C-2400,HO2312-C-2400,340.0,0.0,0.0,0.0,6,294.6,300.6,1,340.0,0.0,0.0,0.0,0.0,0.0,49
2023-05-10 10:33:46,HO2312-C-2400,HO2312-C-2400,340.0,0.0,0.0,0.0,6,294.6,300.4,1,340.0,0.0,0.0,0.0,0.0,0.0,49
2023-05-10 10:33:55,HO2312-C-2400,HO2312-C-2400,340.0,0.0,0.0,0.0,12,294.4,300.2,6,340.0,0.0,0.0,0.0,0.0,0.0,49
2023-05-10 10:33:56,HO2312-C-2400,HO2312-C-2400,340.0,0.0,0.0,0.0,6,294.4,300.2,7,340.0,0.0,0.0,0.0,0.0,0.0,49
2023-05-10 10:34:06,HO2312-C-2400,HO2312-C-2400,340.0,0.0,0.0,0.0,6,294.4,300.0,1,340.0,0.0,0.0,0.0,0.0,0.0,49
2023-05-10 10:34:26,HO2312-C-2400,HO2312-C-2400,340.0,0.0,0.0,0.0,6,294.4,299.8,1,340.0,0.0,0.0,0.0,0.0,0.0,49
2023-05-10 10:34:36,HO2312-C-2400,HO2312-C-2400,340.0,0.0,0.0,0.0,6,294.4,299.6,1,340.0,0.0,0.0,0.0,0.0,0.0,49
2023-05-10 10:34:41,HO2312-C-2400,HO2312-C-2400,340.0,0.0,0.0,0.0,6,294.6,300.2,1,340.0,0.0,0.0,0.0,0.0,0.0,49
2023-05-10 10:34:43,HO2312-C-2400,HO2312-C-2400,340.0,0.0,0.0,0.0,6,294.6,300.8,1,340.0,0.0,0.0,0.0,0.0,0.0,49
2023-05-10 10:34:53,HO2312-C-2400,HO2312-C-2400,340.0,0.0,0.0,0.0,6,294.6,300.6,1,340.0,0.0,0.0,0.0,0.0,0.0,49
2023-05-10 10:35:03,HO2312-C-2400,HO2312-C-2400,340.0,0.0,0.0,0.0,6,294.6,300.4,1,340.0,0.0,0.0,0.0,0.0,0.0,49
2023-05-10 10:35:35,HO2312-C-2400,HO2312-C-2400,340.0,0.0,0.0,0.0,6,294.6,301.0,19,340.0,0.0,0.0,0.0,0.0,0.0,49
2023-05-10 10:35:45,HO2312-C-2400,HO2312-C-2400,340.0,0.0,0.0,0.0,6,294.6,300.8,1,340.0,0.0,0.0,0.0,0.0,0.0,49
2023-05-10 10:35:55,HO2312-C-2400,HO2312-C-2400,340.0,0.0,0.0,0.0,6,294.6,300.6,1,340.0,0.0,0.0,0.0,0.0,0.0,49
2023-05-10 10:36:08,HO2312-C-2400,HO2312-C-2400,340.0,0.0,0.0,0.0,6,294.6,301.0,18,340.0,0.0,0.0,0.0,0.0,0.0,49
2023-05-10 10:36:18,HO2312-C-2400,HO2312-C-2400,340.0,0.0,0.0,0.0,6,294.6,301.0,19,340.0,0.0,0.0,0.0,0.0,0.0,49
2023-05-10 10:36:28,HO2312-C-2400,HO2312-C-2400,340.0,0.0,0.0,0.0,6,294.6,300.8,1,340.0,0.0,0.0,0.0,0.0,0.0,49
2023-05-10 10:36:33,HO2312-C-2400,HO2312-C-2400,340.0,0.0,0.0,0.0,6,294.8,300.8,1,340.0,0.0,0.0,0.0,0.0,0.0,49
2023-05-10 10:36:35,HO2312-C-2400,HO2312-C-2400,340.0,0.0,0.0,0.0,6,294.8,301.0,18,340.0,0.0,0.0,0.0,0.0,0.0,49
2023-05-10 10:36:39,HO2312-C-2400,HO2312-C-2400,340.0,0.0,0.0,0.0,6,294.8,301.0,12,340.0,0.0,0.0,0.0,0.0,0.0,49
2023-05-10 10:36:39,HO2312-C-2400,HO2312-C-2400,340.0,0.0,0.0,0.0,6,294.8,301.0,6,340.0,0.0,0.0,0.0,0.0,0.0,49
2023-05-10 10:36:55,HO2312-C-2400,HO2312-C-2400,340.0,0.0,0.0,0.0,12,294.6,300.8,6,340.0,0.0,0.0,0.0,0.0,0.0,49
2023-05-10 10:36:55,HO2312-C-2400,HO2312-C-2400,340.0,0.0,0.0,0.0,6,294.6,300.8,6,340.0,0.0,0.0,0.0,0.0,0.0,49
2023-05-10 10:37:13,HO2312-C-2400,HO2312-C-2400,340.0,0.0,0.0,0.0,6,294.6,300.8,7,340.0,0.0,0.0,0.0,0.0,0.0,49
2023-05-10 10:37:24,HO2312-C-2400,HO2312-C-2400,340.0,0.0,0.0,0.0,6,294.6,300.6,1,340.0,0.0,0.0,0.0,0.0,0.0,49
2023-05-10 10:37:34,HO2312-C-2400,HO2312-C-2400,340.0,0.0,0.0,0.0,6,294.6,300.4,1,340.0,0.0,0.0,0.0,0.0,0.0,49
2023-05-10 10:37:44,HO2312-C-2400,HO2312-C-2400,340.0,0.0,0.0,0.0,6,294.6,300.2,1,340.0,0.0,0.0,0.0,0.0,0.0,49
2023-05-10 10:37:45,HO2312-C-2400,HO2312-C-2400,340.0,0.0,0.0,0.0,6,294.8,300.2,1,340.0,0.0,0.0,0.0,0.0,0.0,49
2023-05-10 10:37:48,HO2312-C-2400,HO2312-C-2400,340.0,0.0,0.0,0.0,6,294.8,300.8,1,340.0,0.0,0.0,0.0,0.0,0.0,49
2023-05-10 10:37:58,HO2312-C-2400,HO2312-C-2400,340.0,0.0,0.0,0.0,6,294.8,301.0,6,340.0,0.0,0.0,0.0,0.0,0.0,49
2023-05-10 10:38:08,HO2312-C-2400,HO2312-C-2400,340.0,0.0,0.0,0.0,6,295.6,301.4,13,340.0,0.0,0.0,0.0,0.0,0.0,49
2023-05-10 10:38:08,HO2312-C-2400,HO2312-C-2400,340.0,0.0,0.0,0.0,6,295.6,301.4,7,340.0,0.0,0.0,0.0,0.0,0.0,49
2023-05-10 10:38:09,HO2312-C-2400,HO2312-C-2400,340.0,0.0,0.0,0.0,6,295.6,301.4,1,340.0,0.0,0.0,0.0,0.0,0.0,49
2023-05-10 10:38:15,HO2312-C-2400,HO2312-C-2400,340.0,0.0,0.0,0.0,6,295.8,301.4,1,340.0,0.0,0.0,0.0,0.0,0.0,49
2023-05-10 10:38:22,HO2312-C-2400,HO2312-C-2400,340.0,0.0,0.0,0.0,6,295.8,301.2,1,340.0,0.0,0.0,0.0,0.0,0.0,49
2023-05-10 10:38:43,HO2312-C-2400,HO2312-C-2400,340.0,0.0,0.0,0.0,6,295.8,301.0,1,340.0,0.0,0.0,0.0,0.0,0.0,49
2023-05-10 10:38:51,HO2312-C-2400,HO2312-C-2400,340.0,0.0,0.0,0.0,6,295.0,301.0,1,340.0,0.0,0.0,0.0,0.0,0.0,49
2023-05-10 10:38:56,HO2312-C-2400,HO2312-C-2400,340.0,0.0,0.0,0.0,6,295.0,300.8,1,340.0,0.0,0.0,0.0,0.0,0.0,49
2023-05-10 10:39:13,HO2312-C-2400,HO2312-C-2400,340.0,0.0,0.0,0.0,6,295.0,301.2,6,340.0,0.0,0.0,0.0,0.0,0.0,49
2023-05-10 10:39:33,HO2312-C-2400,HO2312-C-2400,340.0,0.0,0.0,0.0,6,295.0,301.2,7,340.0,0.0,0.0,0.0,0.0,0.0,49
2023-05-10 10:39:43,HO2312-C-2400,HO2312-C-2400,340.0,0.0,0.0,0.0,6,295.0,301.0,1,340.0,0.0,0.0,0.0,0.0,0.0,49
2023-05-10 10:39:53,HO2312-C-2400,HO2312-C-2400,340.0,0.0,0.0,0.0,6,295.0,300.8,1,340.0,0.0,0.0,0.0,0.0,0.0,49
2023-05-10 10:40:03,HO2312-C-2400,HO2312-C-2400,340.0,0.0,0.0,0.0,6,295.0,300.6,1,340.0,0.0,0.0,0.0,0.0,0.0,49
2023-05-10 10:40:13,HO2312-C-2400,HO2312-C-2400,340.0,0.0,0.0,0.0,6,295.0,300.4,1,340.0,0.0,0.0,0.0,0.0,0.0,49
2023-05-10 10:40:23,HO2312-C-2400,HO2312-C-2400,340.0,0.0,0.0,0.0,6,295.0,300.2,1,340.0,0.0,0.0,0.0,0.0,0.0,49
2023-05-10 10:40:33,HO2312-C-2400,HO2312-C-2400,340.0,0.0,0.0,0.0,6,295.0,300.0,1,340.0,0.0,0.0,0.0,0.0,0.0,49
2023-05-10 10:41:02,HO2312-C-2400,HO2312-C-2400,340.0,0.0,0.0,0.0,6,295.0,299.8,1,340.0,0.0,0.0,0.0,0.0,0.0,49
2023-05-10 10:41:03,HO2312-C-2400,HO2312-C-2400,340.0,0.0,0.0,0.0,12,294.8,299.8,1,340.0,0.0,0.0,0.0,0.0,0.0,49
2023-05-10 10:41:03,HO2312-C-2400,HO2312-C-2400,340.0,0.0,0.0,0.0,24,294.6,299.8,1,340.0,0.0,0.0,0.0,0.0,0.0,49
2023-05-10 10:41:04,HO2312-C-2400,HO2312-C-2400,340.0,0.0,0.0,0.0,18,294.6,299.8,1,340.0,0.0,0.0,0.0,0.0,0.0,49
2023-05-10 10:41:38,HO2312-C-2400,HO2312-C-2400,340.0,0.0,0.0,0.0,18,294.6,299.6,1,340.0,0.0,0.0,0.0,0.0,0.0,49
2023-05-10 10:41:47,HO2312-C-2400,HO2312-C-2400,340.0,0.0,0.0,0.0,18,294.6,300.6,6,340.0,0.0,0.0,0.0,0.0,0.0,49
2023-05-10 10:41:53,HO2312-C-2400,HO2312-C-2400,340.0,0.0,0.0,0.0,18,294.6,300.6,7,340.0,0.0,0.0,0.0,0.0,0.0,49
2023-05-10 10:41:58,HO2312-C-2400,HO2312-C-2400,340.0,0.0,0.0,0.0,6,294.8,300.6,1,340.0,0.0,0.0,0.0,0.0,0.0,49
2023-05-10 10:42:03,HO2312-C-2400,HO2312-C-2400,340.0,0.0,0.0,0.0,6,294.8,300.4,1,340.0,0.0,0.0,0.0,0.0,0.0,49
2023-05-10 10:42:11,HO2312-C-2400,HO2312-C-2400,340.0,0.0,0.0,0.0,6,294.8,301.2,24,340.0,0.0,0.0,0.0,0.0,0.0,49
2023-05-10 10:42:13,HO2312-C-2400,HO2312-C-2400,340.0,0.0,0.0,0.0,6,294.8,301.2,18,340.0,0.0,0.0,0.0,0.0,0.0,49
2023-05-10 10:42:16,HO2312-C-2400,HO2312-C-2400,340.0,0.0,0.0,0.0,6,294.8,301.0,1,340.0,0.0,0.0,0.0,0.0,0.0,49
2023-05-10 10:42:37,HO2312-C-2400,HO2312-C-2400,340.0,0.0,0.0,0.0,6,294.8,301.2,12,340.0,0.0,0.0,0.0,0.0,0.0,49
2023-05-10 10:42:38,HO2312-C-2400,HO2312-C-2400,340.0,0.0,0.0,0.0,6,294.8,301.2,6,340.0,0.0,0.0,0.0,0.0,0.0,49
2023-05-10 10:42:44,HO2312-C-2400,HO2312-C-2400,340.0,0.0,0.0,0.0,6,295.6,301.6,24,340.0,0.0,0.0,0.0,0.0,0.0,49
2023-05-10 10:42:45,HO2312-C-2400,HO2312-C-2400,340.0,0.0,0.0,0.0,6,295.6,301.6,18,340.0,0.0,0.0,0.0,0.0,0.0,49
2023-05-10 10:42:48,HO2312-C-2400,HO2312-C-2400,340.0,0.0,0.0,0.0,6,295.6,301.6,12,340.0,0.0,0.0,0.0,0.0,0.0,49
2023-05-10 10:42:48,HO2312-C-2400,HO2312-C-2400,340.0,0.0,0.0,0.0,6,295.6,301.6,6,340.0,0.0,0.0,0.0,0.0,0.0,49
2023-05-10 10:43:04,HO2312-C-2400,HO2312-C-2400,340.0,0.0,0.0,0.0,6,295.6,301.6,7,340.0,0.0,0.0,0.0,0.0,0.0,49
2023-05-10 10:43:06,HO2312-C-2400,HO2312-C-2400,340.0,0.0,0.0,0.0,6,295.8,301.6,1,340.0,0.0,0.0,0.0,0.0,0.0,49
2023-05-10 10:43:13,HO2312-C-2400,HO2312-C-2400,340.0,0.0,0.0,0.0,6,295.8,302.0,18,340.0,0.0,0.0,0.0,0.0,0.0,49
2023-05-10 10:43:15,HO2312-C-2400,HO2312-C-2400,340.0,0.0,0.0,0.0,6,295.8,302.0,12,340.0,0.0,0.0,0.0,0.0,0.0,49
2023-05-10 10:43:15,HO2312-C-2400,HO2312-C-2400,340.0,0.0,0.0,0.0,6,295.8,302.0,6,340.0,0.0,0.0,0.0,0.0,0.0,49
2023-05-10 10:43:57,HO2312-C-2400,HO2312-C-2400,340.0,0.0,0.0,0.0,6,296.4,302.2,13,340.0,0.0,0.0,0.0,0.0,0.0,49
2023-05-10 10:43:57,HO2312-C-2400,HO2312-C-2400,340.0,0.0,0.0,0.0,6,296.4,302.2,7,340.0,0.0,0.0,0.0,0.0,0.0,49
2023-05-10 10:43:58,HO2312-C-2400,HO2312-C-2400,340.0,0.0,0.0,0.0,6,296.4,302.2,1,340.0,0.0,0.0,0.0,0.0,0.0,49
2023-05-10 10:44:00,HO2312-C-2400,HO2312-C-2400,340.0,0.0,0.0,0.0,6,296.6,302.2,1,340.0,0.0,0.0,0.0,0.0,0.0,49
2023-05-10 10:44:02,HO2312-C-2400,HO2312-C-2400,340.0,0.0,0.0,0.0,6,296.6,302.8,13,340.0,0.0,0.0,0.0,0.0,0.0,49
2023-05-10 10:44:02,HO2312-C-2400,HO2312-C-2400,340.0,0.0,0.0,0.0,6,296.6,302.8,7,340.0,0.0,0.0,0.0,0.0,0.0,49
2023-05-10 10:44:03,HO2312-C-2400,HO2312-C-2400,340.0,0.0,0.0,0.0,6,296.6,302.8,1,340.0,0.0,0.0,0.0,0.0,0.0,49
2023-05-10 10:44:14,HO2312-C-2400,HO2312-C-2400,340.0,0.0,0.0,0.0,6,296.6,303.0,24,340.0,0.0,0.0,0.0,0.0,0.0,49
2023-05-10 10:44:14,HO2312-C-2400,HO2312-C-2400,340.0,0.0,0.0,0.0,6,296.6,303.0,18,340.0,0.0,0.0,0.0,0.0,0.0,49
2023-05-10 10:45:14,HO2312-C-2400,HO2312-C-2400,340.0,0.0,0.0,0.0,6,296.6,303.0,12,340.0,0.0,0.0,0.0,0.0,0.0,49
2023-05-10 10:45:15,HO2312-C-2400,HO2312-C-2400,340.0,0.0,0.0,0.0,6,296.6,303.0,6,340.0,0.0,0.0,0.0,0.0,0.0,49
2023-05-10 10:45:15,HO2312-C-2400,HO2312-C-2400,340.0,0.0,0.0,0.0,6,297.4,303.4,18,340.0,0.0,0.0,0.0,0.0,0.0,49
2023-05-10 10:45:16,HO2312-C-2400,HO2312-C-2400,340.0,0.0,0.0,0.0,6,297.6,303.4,18,340.0,0.0,0.0,0.0,0.0,0.0,49
2023-05-10 10:45:16,HO2312-C-2400,HO2312-C-2400,340.0,0.0,0.0,0.0,6,297.6,303.4,12,340.0,0.0,0.0,0.0,0.0,0.0,49
2023-05-10 10:45:17,HO2312-C-2400,HO2312-C-2400,340.0,0.0,0.0,0.0,6,297.6,303.4,6,340.0,0.0,0.0,0.0,0.0,0.0,49
2023-05-10 10:45:38,HO2312-C-2400,HO2312-C-2400,340.0,0.0,0.0,0.0,6,297.6,303.4,7,340.0,0.0,0.0,0.0,0.0,0.0,49
