time,symbol_id,symbol_name,last,trade_volume,trade_amount,open_interest_change,bv1,bp1,ap1,av1,yesterday_close,today_open,today_high,today_low,volume,amount,open_interest
2023-05-10 09:29:00,HO2312-C-2800,HO2312-C-2800,86.2,0.0,0.0,0.0,1,66.8,96.6,1,86.2,76.6,0.0,0.0,0.0,0.0,144
2023-05-10 09:30:00,HO2312-C-2800,HO2312-C-2800,86.2,0.0,0.0,0.0,1,67.2,96.6,1,86.2,76.6,0.0,0.0,0.0,0.0,144
2023-05-10 09:30:01,HO2312-C-2800,HO2312-C-2800,86.2,0.0,0.0,0.0,1,69.0,93.0,1,86.2,76.6,0.0,0.0,0.0,0.0,144
2023-05-10 09:30:06,HO2312-C-2800,HO2312-C-2800,86.2,0.0,0.0,0.0,1,69.6,93.0,1,86.2,76.6,0.0,0.0,0.0,0.0,144
2023-05-10 09:30:18,HO2312-C-2800,HO2312-C-2800,86.2,0.0,0.0,0.0,2,69.8,92.8,2,86.2,76.6,0.0,0.0,0.0,0.0,144
2023-05-10 09:30:24,HO2312-C-2800,HO2312-C-2800,86.2,0.0,0.0,0.0,1,70.2,92.8,2,86.2,76.6,0.0,0.0,0.0,0.0,144
2023-05-10 09:30:24,HO2312-C-2800,HO2312-C-2800,86.2,0.0,0.0,0.0,6,79.6,87.6,6,86.2,76.6,0.0,0.0,0.0,0.0,144
2023-05-10 09:30:25,HO2312-C-2800,HO2312-C-2800,86.2,0.0,0.0,0.0,6,79.6,87.6,8,86.2,76.6,0.0,0.0,0.0,0.0,144
2023-05-10 09:30:29,HO2312-C-2800,HO2312-C-2800,86.2,0.0,0.0,0.0,6,78.6,86.6,6,86.2,76.6,0.0,0.0,0.0,0.0,144
2023-05-10 09:30:30,HO2312-C-2800,HO2312-C-2800,86.2,0.0,0.0,0.0,8,78.6,86.6,6,86.2,76.6,0.0,0.0,0.0,0.0,144
2023-05-10 09:30:31,HO2312-C-2800,HO2312-C-2800,86.2,0.0,0.0,0.0,6,78.6,86.6,6,86.2,76.6,0.0,0.0,0.0,0.0,144
2023-05-10 09:30:31,HO2312-C-2800,HO2312-C-2800,86.2,0.0,0.0,0.0,8,78.6,86.6,6,86.2,76.6,0.0,0.0,0.0,0.0,144
2023-05-10 09:30:32,HO2312-C-2800,HO2312-C-2800,86.2,0.0,0.0,0.0,6,78.8,86.4,6,86.2,76.6,0.0,0.0,0.0,0.0,144
2023-05-10 09:30:44,HO2312-C-2800,HO2312-C-2800,86.2,0.0,0.0,0.0,2,79.0,86.4,6,86.2,76.6,0.0,0.0,0.0,0.0,144
2023-05-10 09:30:45,HO2312-C-2800,HO2312-C-2800,86.2,0.0,0.0,0.0,6,79.2,86.4,6,86.2,76.6,0.0,0.0,0.0,0.0,144
2023-05-10 09:30:47,HO2312-C-2800,HO2312-C-2800,86.2,0.0,0.0,0.0,12,79.2,86.4,12,86.2,76.6,0.0,0.0,0.0,0.0,144
2023-05-10 09:30:48,HO2312-C-2800,HO2312-C-2800,86.2,0.0,0.0,0.0,18,79.2,86.4,18,86.2,76.6,0.0,0.0,0.0,0.0,144
2023-05-10 09:30:48,HO2312-C-2800,HO2312-C-2800,86.2,0.0,0.0,0.0,24,79.2,86.4,18,86.2,76.6,0.0,0.0,0.0,0.0,144
2023-05-10 09:30:52,HO2312-C-2800,HO2312-C-2800,86.2,0.0,0.0,0.0,3,79.4,86.4,18,86.2,76.6,0.0,0.0,0.0,0.0,144
2023-05-10 09:30:54,HO2312-C-2800,HO2312-C-2800,86.2,0.0,0.0,0.0,6,79.6,86.2,6,86.2,76.6,0.0,0.0,0.0,0.0,144
2023-05-10 09:30:54,HO2312-C-2800,HO2312-C-2800,86.2,0.0,0.0,0.0,3,79.8,86.2,6,86.2,76.6,0.0,0.0,0.0,0.0,144
2023-05-10 09:30:56,HO2312-C-2800,HO2312-C-2800,86.2,0.0,0.0,0.0,3,79.8,85.6,6,86.2,76.6,0.0,0.0,0.0,0.0,144
2023-05-10 09:30:57,HO2312-C-2800,HO2312-C-2800,86.2,0.0,0.0,0.0,9,79.8,85.4,6,86.2,76.6,0.0,0.0,0.0,0.0,144
2023-05-10 09:31:00,HO2312-C-2800,HO2312-C-2800,86.2,0.0,0.0,0.0,6,79.8,85.4,6,86.2,76.6,0.0,0.0,0.0,0.0,144
2023-05-10 09:31:04,HO2312-C-2800,HO2312-C-2800,86.2,0.0,0.0,0.0,6,79.8,84.6,6,86.2,76.6,0.0,0.0,0.0,0.0,144
2023-05-10 09:31:05,HO2312-C-2800,HO2312-C-2800,86.2,0.0,0.0,0.0,6,79.4,84.4,6,86.2,76.6,0.0,0.0,0.0,0.0,144
2023-05-10 09:31:24,HO2312-C-2800,HO2312-C-2800,86.2,0.0,0.0,0.0,15,78.8,84.4,6,86.2,76.6,0.0,0.0,0.0,0.0,144
2023-05-10 09:31:24,HO2312-C-2800,HO2312-C-2800,86.2,0.0,0.0,0.0,9,78.8,84.4,6,86.2,76.6,0.0,0.0,0.0,0.0,144
2023-05-10 09:31:26,HO2312-C-2800,HO2312-C-2800,86.2,0.0,0.0,0.0,6,78.8,83.6,6,86.2,76.6,0.0,0.0,0.0,0.0,144
2023-05-10 09:31:27,HO2312-C-2800,HO2312-C-2800,86.2,0.0,0.0,0.0,6,78.8,83.4,6,86.2,76.6,0.0,0.0,0.0,0.0,144
2023-05-10 09:31:27,HO2312-C-2800,HO2312-C-2800,86.2,0.0,0.0,0.0,3,79.0,83.4,6,86.2,76.6,0.0,0.0,0.0,0.0,144
2023-05-10 09:31:28,HO2312-C-2800,HO2312-C-2800,86.2,0.0,0.0,0.0,9,78.8,83.4,6,86.2,76.6,0.0,0.0,0.0,0.0,144
2023-05-10 09:31:35,HO2312-C-2800,HO2312-C-2800,86.2,0.0,0.0,0.0,6,78.8,83.4,6,86.2,76.6,0.0,0.0,0.0,0.0,144
2023-05-10 09:31:42,HO2312-C-2800,HO2312-C-2800,86.2,0.0,0.0,0.0,3,79.0,83.4,6,86.2,76.6,0.0,0.0,0.0,0.0,144
2023-05-10 09:31:43,HO2312-C-2800,HO2312-C-2800,86.2,0.0,0.0,0.0,6,79.2,83.6,12,86.2,76.6,0.0,0.0,0.0,0.0,144
2023-05-10 09:31:43,HO2312-C-2800,HO2312-C-2800,86.2,0.0,0.0,0.0,6,79.2,83.6,6,86.2,76.6,0.0,0.0,0.0,0.0,144
2023-05-10 09:31:44,HO2312-C-2800,HO2312-C-2800,86.2,0.0,0.0,0.0,9,79.2,83.6,6,86.2,76.6,0.0,0.0,0.0,0.0,144
2023-05-10 09:31:45,HO2312-C-2800,HO2312-C-2800,86.2,0.0,0.0,0.0,6,79.2,83.6,6,86.2,76.6,0.0,0.0,0.0,0.0,144
2023-05-10 09:31:50,HO2312-C-2800,HO2312-C-2800,86.2,0.0,0.0,0.0,9,79.2,83.6,6,86.2,76.6,0.0,0.0,0.0,0.0,144
2023-05-10 09:31:59,HO2312-C-2800,HO2312-C-2800,86.2,0.0,0.0,0.0,3,79.2,83.4,6,86.2,76.6,0.0,0.0,0.0,0.0,144
2023-05-10 09:32:03,HO2312-C-2800,HO2312-C-2800,86.2,0.0,0.0,0.0,9,79.0,83.4,6,86.2,76.6,0.0,0.0,0.0,0.0,144
2023-05-10 09:32:05,HO2312-C-2800,HO2312-C-2800,86.2,0.0,0.0,0.0,6,79.0,83.4,6,86.2,76.6,0.0,0.0,0.0,0.0,144
2023-05-10 09:32:13,HO2312-C-2800,HO2312-C-2800,86.2,0.0,0.0,0.0,9,79.0,83.4,6,86.2,76.6,0.0,0.0,0.0,0.0,144
2023-05-10 09:32:14,HO2312-C-2800,HO2312-C-2800,86.2,0.0,0.0,0.0,9,79.0,83.8,6,86.2,76.6,0.0,0.0,0.0,0.0,144
2023-05-10 09:32:17,HO2312-C-2800,HO2312-C-2800,86.2,0.0,0.0,0.0,9,79.0,83.8,7,86.2,76.6,0.0,0.0,0.0,0.0,144
2023-05-10 09:32:25,HO2312-C-2800,HO2312-C-2800,86.2,0.0,0.0,0.0,6,79.0,83.8,7,86.2,76.6,0.0,0.0,0.0,0.0,144
2023-05-10 09:32:27,HO2312-C-2800,HO2312-C-2800,86.2,0.0,0.0,0.0,6,79.0,83.6,1,86.2,76.6,0.0,0.0,0.0,0.0,144
2023-05-10 09:32:28,HO2312-C-2800,HO2312-C-2800,86.2,0.0,0.0,0.0,12,78.8,83.4,6,86.2,76.6,0.0,0.0,0.0,0.0,144
2023-05-10 09:32:28,HO2312-C-2800,HO2312-C-2800,86.2,0.0,0.0,0.0,21,78.6,83.4,6,86.2,76.6,0.0,0.0,0.0,0.0,144
2023-05-10 09:32:29,HO2312-C-2800,HO2312-C-2800,86.2,0.0,0.0,0.0,18,78.6,83.4,6,86.2,76.6,0.0,0.0,0.0,0.0,144
2023-05-10 09:32:30,HO2312-C-2800,HO2312-C-2800,86.2,0.0,0.0,0.0,3,78.8,83.4,6,86.2,76.6,0.0,0.0,0.0,0.0,144
2023-05-10 09:32:32,HO2312-C-2800,HO2312-C-2800,86.2,0.0,0.0,0.0,21,78.6,83.4,6,86.2,76.6,0.0,0.0,0.0,0.0,144
2023-05-10 09:32:32,HO2312-C-2800,HO2312-C-2800,86.2,0.0,0.0,0.0,18,78.6,83.4,6,86.2,76.6,0.0,0.0,0.0,0.0,144
2023-05-10 09:32:40,HO2312-C-2800,HO2312-C-2800,86.2,0.0,0.0,0.0,6,78.8,83.8,7,86.2,76.6,0.0,0.0,0.0,0.0,144
2023-05-10 09:32:48,HO2312-C-2800,HO2312-C-2800,86.2,0.0,0.0,0.0,8,78.8,83.8,7,86.2,76.6,0.0,0.0,0.0,0.0,144
2023-05-10 09:32:51,HO2312-C-2800,HO2312-C-2800,86.2,0.0,0.0,0.0,11,78.8,83.8,7,86.2,76.6,0.0,0.0,0.0,0.0,144
2023-05-10 09:32:51,HO2312-C-2800,HO2312-C-2800,86.2,0.0,0.0,0.0,17,78.8,83.8,7,86.2,76.6,0.0,0.0,0.0,0.0,144
2023-05-10 09:32:57,HO2312-C-2800,HO2312-C-2800,86.2,0.0,0.0,0.0,1,81.2,83.8,7,86.2,76.6,0.0,0.0,0.0,0.0,144
2023-05-10 09:32:58,HO2312-C-2800,HO2312-C-2800,86.2,0.0,0.0,0.0,1,81.2,83.8,6,86.2,76.6,0.0,0.0,0.0,0.0,144
2023-05-10 09:33:04,HO2312-C-2800,HO2312-C-2800,86.2,0.0,0.0,0.0,1,81.2,84.0,6,86.2,76.6,0.0,0.0,0.0,0.0,144
2023-05-10 09:33:26,HO2312-C-2800,HO2312-C-2800,86.2,0.0,0.0,0.0,1,81.2,84.4,12,86.2,76.6,0.0,0.0,0.0,0.0,144
2023-05-10 09:33:26,HO2312-C-2800,HO2312-C-2800,86.2,0.0,0.0,0.0,1,81.2,84.6,6,86.2,76.6,0.0,0.0,0.0,0.0,144
2023-05-10 09:33:27,HO2312-C-2800,HO2312-C-2800,86.2,0.0,0.0,0.0,1,81.2,84.8,24,86.2,76.6,0.0,0.0,0.0,0.0,144
2023-05-10 09:33:27,HO2312-C-2800,HO2312-C-2800,86.2,0.0,0.0,0.0,1,81.2,84.8,18,86.2,76.6,0.0,0.0,0.0,0.0,144
2023-05-10 09:33:29,HO2312-C-2800,HO2312-C-2800,86.2,0.0,0.0,0.0,1,81.2,84.8,12,86.2,76.6,0.0,0.0,0.0,0.0,144
2023-05-10 09:33:29,HO2312-C-2800,HO2312-C-2800,86.2,0.0,0.0,0.0,1,81.2,84.8,6,86.2,76.6,0.0,0.0,0.0,0.0,144
2023-05-10 09:33:30,HO2312-C-2800,HO2312-C-2800,86.2,0.0,0.0,0.0,1,81.2,85.2,6,86.2,76.6,0.0,0.0,0.0,0.0,144
2023-05-10 09:33:38,HO2312-C-2800,HO2312-C-2800,86.2,0.0,0.0,0.0,1,81.2,85.2,7,86.2,76.6,0.0,0.0,0.0,0.0,144
2023-05-10 09:33:41,HO2312-C-2800,HO2312-C-2800,86.2,0.0,0.0,0.0,1,81.2,85.2,8,86.2,76.6,0.0,0.0,0.0,0.0,144
2023-05-10 09:33:41,HO2312-C-2800,HO2312-C-2800,86.2,0.0,0.0,0.0,1,81.2,85.2,10,86.2,76.6,0.0,0.0,0.0,0.0,144
2023-05-10 09:33:43,HO2312-C-2800,HO2312-C-2800,86.2,0.0,0.0,0.0,1,81.2,85.2,8,86.2,76.6,0.0,0.0,0.0,0.0,144
2023-05-10 09:33:43,HO2312-C-2800,HO2312-C-2800,86.2,0.0,0.0,0.0,1,81.2,85.2,10,86.2,76.6,0.0,0.0,0.0,0.0,144
2023-05-10 09:33:44,HO2312-C-2800,HO2312-C-2800,86.2,0.0,0.0,0.0,1,81.2,85.2,8,86.2,76.6,0.0,0.0,0.0,0.0,144
2023-05-10 09:33:46,HO2312-C-2800,HO2312-C-2800,86.2,0.0,0.0,0.0,1,81.2,85.2,14,86.2,76.6,0.0,0.0,0.0,0.0,144
2023-05-10 09:33:47,HO2312-C-2800,HO2312-C-2800,86.2,0.0,0.0,0.0,1,81.2,84.8,1,86.2,76.6,0.0,0.0,0.0,0.0,144
2023-05-10 09:33:56,HO2312-C-2800,HO2312-C-2800,86.2,0.0,0.0,0.0,1,81.2,84.6,6,86.2,76.6,0.0,0.0,0.0,0.0,144
2023-05-10 09:33:56,HO2312-C-2800,HO2312-C-2800,86.2,0.0,0.0,0.0,1,81.2,84.2,1,86.2,76.6,0.0,0.0,0.0,0.0,144
2023-05-10 09:34:02,HO2312-C-2800,HO2312-C-2800,86.2,0.0,0.0,0.0,21,80.6,84.2,1,86.2,76.6,0.0,0.0,0.0,0.0,144
2023-05-10 09:34:02,HO2312-C-2800,HO2312-C-2800,86.2,0.0,0.0,0.0,15,80.6,84.2,1,86.2,76.6,0.0,0.0,0.0,0.0,144
2023-05-10 09:34:03,HO2312-C-2800,HO2312-C-2800,86.2,0.0,0.0,0.0,7,80.6,84.2,1,86.2,76.6,0.0,0.0,0.0,0.0,144
2023-05-10 09:34:03,HO2312-C-2800,HO2312-C-2800,86.2,0.0,0.0,0.0,1,80.6,84.2,1,86.2,76.6,0.0,0.0,0.0,0.0,144
2023-05-10 09:34:04,HO2312-C-2800,HO2312-C-2800,86.2,0.0,0.0,0.0,24,80.4,84.2,1,86.2,76.6,0.0,0.0,0.0,0.0,144
2023-05-10 09:34:05,HO2312-C-2800,HO2312-C-2800,86.2,0.0,0.0,0.0,12,80.4,84.2,1,86.2,76.6,0.0,0.0,0.0,0.0,144
2023-05-10 09:34:05,HO2312-C-2800,HO2312-C-2800,86.2,0.0,0.0,0.0,12,80.4,84.0,6,86.2,76.6,0.0,0.0,0.0,0.0,144
2023-05-10 09:34:06,HO2312-C-2800,HO2312-C-2800,86.2,0.0,0.0,0.0,6,80.4,83.2,1,86.2,76.6,0.0,0.0,0.0,0.0,144
2023-05-10 09:34:06,HO2312-C-2800,HO2312-C-2800,86.2,0.0,0.0,0.0,19,80.2,83.2,1,86.2,76.6,0.0,0.0,0.0,0.0,144
2023-05-10 09:34:07,HO2312-C-2800,HO2312-C-2800,86.2,0.0,0.0,0.0,13,80.2,84.0,6,86.2,76.6,0.0,0.0,0.0,0.0,144
2023-05-10 09:34:07,HO2312-C-2800,HO2312-C-2800,86.2,0.0,0.0,0.0,7,80.2,84.0,6,86.2,76.6,0.0,0.0,0.0,0.0,144
2023-05-10 09:34:08,HO2312-C-2800,HO2312-C-2800,86.2,0.0,0.0,0.0,4,80.2,84.0,6,86.2,76.6,0.0,0.0,0.0,0.0,144
2023-05-10 09:34:08,HO2312-C-2800,HO2312-C-2800,86.2,0.0,0.0,0.0,1,81.2,84.0,6,86.2,76.6,0.0,0.0,0.0,0.0,144
2023-05-10 09:34:11,HO2312-C-2800,HO2312-C-2800,86.2,0.0,0.0,0.0,1,80.8,84.0,6,86.2,76.6,0.0,0.0,0.0,0.0,144
2023-05-10 09:34:14,HO2312-C-2800,HO2312-C-2800,86.2,0.0,0.0,0.0,1,80.8,83.8,1,86.2,76.6,0.0,0.0,0.0,0.0,144
2023-05-10 09:34:19,HO2312-C-2800,HO2312-C-2800,86.2,0.0,0.0,0.0,1,80.4,83.8,1,86.2,76.6,0.0,0.0,0.0,0.0,144
2023-05-10 09:34:22,HO2312-C-2800,HO2312-C-2800,86.2,0.0,0.0,0.0,1,80.4,83.8,7,86.2,76.6,0.0,0.0,0.0,0.0,144
2023-05-10 09:34:27,HO2312-C-2800,HO2312-C-2800,86.2,0.0,0.0,0.0,1,80.4,83.2,1,86.2,76.6,0.0,0.0,0.0,0.0,144
2023-05-10 09:34:28,HO2312-C-2800,HO2312-C-2800,86.2,0.0,0.0,0.0,22,80.0,83.2,1,86.2,76.6,0.0,0.0,0.0,0.0,144
2023-05-10 09:34:28,HO2312-C-2800,HO2312-C-2800,86.2,0.0,0.0,0.0,13,80.0,83.2,1,86.2,76.6,0.0,0.0,0.0,0.0,144
2023-05-10 09:34:29,HO2312-C-2800,HO2312-C-2800,86.2,0.0,0.0,0.0,7,80.0,83.2,1,86.2,76.6,0.0,0.0,0.0,0.0,144
2023-05-10 09:34:29,HO2312-C-2800,HO2312-C-2800,86.2,0.0,0.0,0.0,1,80.0,83.2,1,86.2,76.6,0.0,0.0,0.0,0.0,144
2023-05-10 09:34:33,HO2312-C-2800,HO2312-C-2800,86.2,0.0,0.0,0.0,33,79.8,83.2,1,86.2,76.6,0.0,0.0,0.0,0.0,144
2023-05-10 09:34:33,HO2312-C-2800,HO2312-C-2800,86.2,0.0,0.0,0.0,28,79.8,83.2,1,86.2,76.6,0.0,0.0,0.0,0.0,144
2023-05-10 09:34:35,HO2312-C-2800,HO2312-C-2800,86.2,0.0,0.0,0.0,25,79.8,83.2,1,86.2,76.6,0.0,0.0,0.0,0.0,144
2023-05-10 09:34:36,HO2312-C-2800,HO2312-C-2800,86.2,0.0,0.0,0.0,1,80.0,83.2,1,86.2,76.6,0.0,0.0,0.0,0.0,144
2023-05-10 09:34:43,HO2312-C-2800,HO2312-C-2800,86.2,0.0,0.0,0.0,4,80.0,83.2,1,86.2,76.6,0.0,0.0,0.0,0.0,144
2023-05-10 09:34:43,HO2312-C-2800,HO2312-C-2800,86.2,0.0,0.0,0.0,1,80.2,83.2,1,86.2,76.6,0.0,0.0,0.0,0.0,144
2023-05-10 09:34:45,HO2312-C-2800,HO2312-C-2800,86.2,0.0,0.0,0.0,21,79.8,83.2,1,86.2,76.6,0.0,0.0,0.0,0.0,144
2023-05-10 09:34:46,HO2312-C-2800,HO2312-C-2800,86.2,0.0,0.0,0.0,1,80.2,83.2,1,86.2,76.6,0.0,0.0,0.0,0.0,144
2023-05-10 09:35:02,HO2312-C-2800,HO2312-C-2800,86.2,0.0,0.0,0.0,19,79.8,83.2,1,86.2,76.6,0.0,0.0,0.0,0.0,144
2023-05-10 09:35:03,HO2312-C-2800,HO2312-C-2800,86.2,0.0,0.0,0.0,6,79.8,83.2,1,86.2,76.6,0.0,0.0,0.0,0.0,144
2023-05-10 09:35:03,HO2312-C-2800,HO2312-C-2800,86.2,0.0,0.0,0.0,13,79.6,83.2,1,86.2,76.6,0.0,0.0,0.0,0.0,144
2023-05-10 09:35:04,HO2312-C-2800,HO2312-C-2800,86.2,0.0,0.0,0.0,1,79.6,83.2,1,86.2,76.6,0.0,0.0,0.0,0.0,144
2023-05-10 09:35:06,HO2312-C-2800,HO2312-C-2800,86.2,0.0,0.0,0.0,22,79.2,83.2,1,86.2,76.6,0.0,0.0,0.0,0.0,144
2023-05-10 09:35:07,HO2312-C-2800,HO2312-C-2800,86.2,0.0,0.0,0.0,22,79.2,83.2,2,86.2,76.6,0.0,0.0,0.0,0.0,144
2023-05-10 09:35:07,HO2312-C-2800,HO2312-C-2800,86.2,0.0,0.0,0.0,1,79.6,83.2,2,86.2,76.6,0.0,0.0,0.0,0.0,144
2023-05-10 09:35:16,HO2312-C-2800,HO2312-C-2800,86.2,0.0,0.0,0.0,1,79.6,82.6,1,86.2,76.6,0.0,0.0,0.0,0.0,144
2023-05-10 09:35:18,HO2312-C-2800,HO2312-C-2800,86.2,0.0,0.0,0.0,16,79.2,82.6,1,86.2,76.6,0.0,0.0,0.0,0.0,144
2023-05-10 09:35:20,HO2312-C-2800,HO2312-C-2800,86.2,0.0,0.0,0.0,13,79.2,82.6,1,86.2,76.6,0.0,0.0,0.0,0.0,144
2023-05-10 09:35:21,HO2312-C-2800,HO2312-C-2800,86.2,0.0,0.0,0.0,7,79.2,82.6,1,86.2,76.6,0.0,0.0,0.0,0.0,144
2023-05-10 09:35:21,HO2312-C-2800,HO2312-C-2800,86.2,0.0,0.0,0.0,1,79.2,82.6,1,86.2,76.6,0.0,0.0,0.0,0.0,144
2023-05-10 09:35:32,HO2312-C-2800,HO2312-C-2800,86.2,0.0,0.0,0.0,1,79.2,82.6,2,86.2,76.6,0.0,0.0,0.0,0.0,144
2023-05-10 09:35:43,HO2312-C-2800,HO2312-C-2800,86.2,0.0,0.0,0.0,1,79.2,82.4,1,86.2,76.6,0.0,0.0,0.0,0.0,144
2023-05-10 09:35:47,HO2312-C-2800,HO2312-C-2800,86.2,0.0,0.0,0.0,4,79.2,82.4,1,86.2,76.6,0.0,0.0,0.0,0.0,144
2023-05-10 09:35:48,HO2312-C-2800,HO2312-C-2800,86.2,0.0,0.0,0.0,1,79.4,82.4,1,86.2,76.6,0.0,0.0,0.0,0.0,144
2023-05-10 09:36:00,HO2312-C-2800,HO2312-C-2800,86.2,0.0,0.0,0.0,1,79.4,82.6,1,86.2,76.6,0.0,0.0,0.0,0.0,144
2023-05-10 09:36:00,HO2312-C-2800,HO2312-C-2800,86.2,0.0,0.0,0.0,3,79.6,82.6,1,86.2,76.6,0.0,0.0,0.0,0.0,144
2023-05-10 09:36:01,HO2312-C-2800,HO2312-C-2800,86.2,0.0,0.0,0.0,4,79.4,82.6,1,86.2,76.6,0.0,0.0,0.0,0.0,144
2023-05-10 09:36:01,HO2312-C-2800,HO2312-C-2800,86.2,0.0,0.0,0.0,1,79.8,82.6,1,86.2,76.6,0.0,0.0,0.0,0.0,144
2023-05-10 09:36:02,HO2312-C-2800,HO2312-C-2800,86.2,0.0,0.0,0.0,1,79.8,82.8,24,86.2,76.6,0.0,0.0,0.0,0.0,144
2023-05-10 09:36:03,HO2312-C-2800,HO2312-C-2800,86.2,0.0,0.0,0.0,1,79.8,82.8,18,86.2,76.6,0.0,0.0,0.0,0.0,144
2023-05-10 09:36:10,HO2312-C-2800,HO2312-C-2800,86.2,0.0,0.0,0.0,4,79.8,82.8,18,86.2,76.6,0.0,0.0,0.0,0.0,144
2023-05-10 09:36:11,HO2312-C-2800,HO2312-C-2800,86.2,0.0,0.0,0.0,1,80.2,82.8,18,86.2,76.6,0.0,0.0,0.0,0.0,144
2023-05-10 09:36:12,HO2312-C-2800,HO2312-C-2800,86.2,0.0,0.0,0.0,1,80.2,82.8,19,86.2,76.6,0.0,0.0,0.0,0.0,144
2023-05-10 09:36:17,HO2312-C-2800,HO2312-C-2800,86.2,0.0,0.0,0.0,1,80.2,82.8,12,86.2,76.6,0.0,0.0,0.0,0.0,144
2023-05-10 09:36:18,HO2312-C-2800,HO2312-C-2800,86.2,0.0,0.0,0.0,1,80.2,82.8,6,86.2,76.6,0.0,0.0,0.0,0.0,144
2023-05-10 09:36:19,HO2312-C-2800,HO2312-C-2800,86.2,0.0,0.0,0.0,1,80.2,83.2,6,86.2,76.6,0.0,0.0,0.0,0.0,144
2023-05-10 09:36:30,HO2312-C-2800,HO2312-C-2800,86.2,0.0,0.0,0.0,1,79.8,83.2,6,86.2,76.6,0.0,0.0,0.0,0.0,144
2023-05-10 09:36:31,HO2312-C-2800,HO2312-C-2800,86.2,0.0,0.0,0.0,12,79.2,83.2,6,86.2,76.6,0.0,0.0,0.0,0.0,144
2023-05-10 09:36:31,HO2312-C-2800,HO2312-C-2800,86.2,0.0,0.0,0.0,1,79.4,83.2,6,86.2,76.6,0.0,0.0,0.0,0.0,144
2023-05-10 09:36:32,HO2312-C-2800,HO2312-C-2800,86.2,0.0,0.0,0.0,1,79.4,83.2,9,86.2,76.6,0.0,0.0,0.0,0.0,144
2023-05-10 09:36:33,HO2312-C-2800,HO2312-C-2800,86.2,0.0,0.0,0.0,1,79.4,82.2,1,86.2,76.6,0.0,0.0,0.0,0.0,144
2023-05-10 09:36:37,HO2312-C-2800,HO2312-C-2800,86.2,0.0,0.0,0.0,1,79.4,82.4,6,86.2,76.6,0.0,0.0,0.0,0.0,144
2023-05-10 09:36:38,HO2312-C-2800,HO2312-C-2800,86.2,0.0,0.0,0.0,4,79.4,82.4,6,86.2,76.6,0.0,0.0,0.0,0.0,144
2023-05-10 09:36:40,HO2312-C-2800,HO2312-C-2800,86.2,0.0,0.0,0.0,1,80.0,82.4,6,86.2,76.6,0.0,0.0,0.0,0.0,144
2023-05-10 09:36:49,HO2312-C-2800,HO2312-C-2800,86.2,0.0,0.0,0.0,1,79.6,82.4,6,86.2,76.6,0.0,0.0,0.0,0.0,144
2023-05-10 09:36:56,HO2312-C-2800,HO2312-C-2800,86.2,0.0,0.0,0.0,21,79.0,82.4,7,86.2,76.6,0.0,0.0,0.0,0.0,144
2023-05-10 09:36:56,HO2312-C-2800,HO2312-C-2800,86.2,0.0,0.0,0.0,12,79.0,82.4,7,86.2,76.6,0.0,0.0,0.0,0.0,144
2023-05-10 09:36:57,HO2312-C-2800,HO2312-C-2800,86.2,0.0,0.0,0.0,24,78.8,82.4,7,86.2,76.6,0.0,0.0,0.0,0.0,144
2023-05-10 09:36:57,HO2312-C-2800,HO2312-C-2800,86.2,0.0,0.0,0.0,18,78.8,82.4,7,86.2,76.6,0.0,0.0,0.0,0.0,144
2023-05-10 09:36:58,HO2312-C-2800,HO2312-C-2800,86.2,0.0,0.0,0.0,1,79.2,82.4,7,86.2,76.6,0.0,0.0,0.0,0.0,144
2023-05-10 09:37:01,HO2312-C-2800,HO2312-C-2800,86.2,0.0,0.0,0.0,19,78.8,81.8,1,86.2,76.6,0.0,0.0,0.0,0.0,144
2023-05-10 09:37:01,HO2312-C-2800,HO2312-C-2800,86.2,0.0,0.0,0.0,13,78.8,81.8,1,86.2,76.6,0.0,0.0,0.0,0.0,144
2023-05-10 09:37:02,HO2312-C-2800,HO2312-C-2800,86.2,0.0,0.0,0.0,1,79.2,81.8,1,86.2,76.6,0.0,0.0,0.0,0.0,144
2023-05-10 09:37:10,HO2312-C-2800,HO2312-C-2800,86.2,0.0,0.0,0.0,1,79.2,82.4,6,86.2,76.6,0.0,0.0,0.0,0.0,144
2023-05-10 09:37:42,HO2312-C-2800,HO2312-C-2800,86.2,0.0,0.0,0.0,1,79.2,82.0,1,86.2,76.6,0.0,0.0,0.0,0.0,144
2023-05-10 09:38:04,HO2312-C-2800,HO2312-C-2800,86.2,0.0,0.0,0.0,1,79.2,82.4,6,86.2,76.6,0.0,0.0,0.0,0.0,144
2023-05-10 09:38:06,HO2312-C-2800,HO2312-C-2800,86.2,0.0,0.0,0.0,4,79.2,82.4,6,86.2,76.6,0.0,0.0,0.0,0.0,144
2023-05-10 09:38:06,HO2312-C-2800,HO2312-C-2800,86.2,0.0,0.0,0.0,1,80.0,82.4,6,86.2,76.6,0.0,0.0,0.0,0.0,144
2023-05-10 09:38:10,HO2312-C-2800,HO2312-C-2800,86.2,0.0,0.0,0.0,1,80.0,82.6,12,86.2,76.6,0.0,0.0,0.0,0.0,144
2023-05-10 09:38:11,HO2312-C-2800,HO2312-C-2800,86.2,0.0,0.0,0.0,1,80.0,82.8,7,86.2,76.6,0.0,0.0,0.0,0.0,144
2023-05-10 09:38:11,HO2312-C-2800,HO2312-C-2800,86.2,0.0,0.0,0.0,1,80.0,82.8,1,86.2,76.6,0.0,0.0,0.0,0.0,144
2023-05-10 09:38:15,HO2312-C-2800,HO2312-C-2800,86.2,0.0,0.0,0.0,1,80.0,82.6,6,86.2,76.6,0.0,0.0,0.0,0.0,144
2023-05-10 09:38:22,HO2312-C-2800,HO2312-C-2800,86.2,0.0,0.0,0.0,21,79.0,82.6,6,86.2,76.6,0.0,0.0,0.0,0.0,144
2023-05-10 09:38:22,HO2312-C-2800,HO2312-C-2800,86.2,0.0,0.0,0.0,9,79.0,82.6,6,86.2,76.6,0.0,0.0,0.0,0.0,144
2023-05-10 09:38:23,HO2312-C-2800,HO2312-C-2800,86.2,0.0,0.0,0.0,5,79.0,82.6,6,86.2,76.6,0.0,0.0,0.0,0.0,144
2023-05-10 09:38:23,HO2312-C-2800,HO2312-C-2800,86.2,0.0,0.0,0.0,1,79.4,82.6,6,86.2,76.6,0.0,0.0,0.0,0.0,144
2023-05-10 09:38:24,HO2312-C-2800,HO2312-C-2800,86.2,0.0,0.0,0.0,1,79.4,82.2,1,86.2,76.6,0.0,0.0,0.0,0.0,144
2023-05-10 09:38:37,HO2312-C-2800,HO2312-C-2800,86.2,0.0,0.0,0.0,1,79.4,82.6,6,86.2,76.6,0.0,0.0,0.0,0.0,144
2023-05-10 09:38:42,HO2312-C-2800,HO2312-C-2800,86.2,0.0,0.0,0.0,1,79.4,82.4,1,86.2,76.6,0.0,0.0,0.0,0.0,144
2023-05-10 09:38:52,HO2312-C-2800,HO2312-C-2800,86.2,0.0,0.0,0.0,3,79.4,82.4,1,86.2,76.6,0.0,0.0,0.0,0.0,144
2023-05-10 09:38:53,HO2312-C-2800,HO2312-C-2800,86.2,0.0,0.0,0.0,1,80.0,82.4,1,86.2,76.6,0.0,0.0,0.0,0.0,144
2023-05-10 09:38:55,HO2312-C-2800,HO2312-C-2800,86.2,0.0,0.0,0.0,1,80.0,82.6,6,86.2,76.6,0.0,0.0,0.0,0.0,144
2023-05-10 09:39:06,HO2312-C-2800,HO2312-C-2800,86.2,0.0,0.0,0.0,1,80.0,83.0,24,86.2,76.6,0.0,0.0,0.0,0.0,144
2023-05-10 09:39:07,HO2312-C-2800,HO2312-C-2800,86.2,0.0,0.0,0.0,1,80.0,83.0,18,86.2,76.6,0.0,0.0,0.0,0.0,144
2023-05-10 09:39:09,HO2312-C-2800,HO2312-C-2800,86.2,0.0,0.0,0.0,4,80.0,83.0,12,86.2,76.6,0.0,0.0,0.0,0.0,144
2023-05-10 09:39:10,HO2312-C-2800,HO2312-C-2800,86.2,0.0,0.0,0.0,1,81.0,83.2,18,86.2,76.6,0.0,0.0,0.0,0.0,144
2023-05-10 09:39:11,HO2312-C-2800,HO2312-C-2800,86.2,0.0,0.0,0.0,1,81.0,83.2,12,86.2,76.6,0.0,0.0,0.0,0.0,144
2023-05-10 09:39:11,HO2312-C-2800,HO2312-C-2800,86.2,0.0,0.0,0.0,1,81.0,83.4,24,86.2,76.6,0.0,0.0,0.0,0.0,144
2023-05-10 09:39:12,HO2312-C-2800,HO2312-C-2800,86.2,0.0,0.0,0.0,1,81.0,83.4,18,86.2,76.6,0.0,0.0,0.0,0.0,144
2023-05-10 09:39:17,HO2312-C-2800,HO2312-C-2800,86.2,0.0,0.0,0.0,27,79.8,83.4,18,86.2,76.6,0.0,0.0,0.0,0.0,144
2023-05-10 09:39:17,HO2312-C-2800,HO2312-C-2800,86.2,0.0,0.0,0.0,12,79.8,83.4,18,86.2,76.6,0.0,0.0,0.0,0.0,144
2023-05-10 09:39:18,HO2312-C-2800,HO2312-C-2800,86.2,0.0,0.0,0.0,1,80.4,83.0,1,86.2,76.6,0.0,0.0,0.0,0.0,144
2023-05-10 09:39:19,HO2312-C-2800,HO2312-C-2800,86.2,0.0,0.0,0.0,30,79.6,83.0,2,86.2,76.6,0.0,0.0,0.0,0.0,144
2023-05-10 09:39:19,HO2312-C-2800,HO2312-C-2800,86.2,0.0,0.0,0.0,24,79.6,83.0,2,86.2,76.6,0.0,0.0,0.0,0.0,144
2023-05-10 09:39:20,HO2312-C-2800,HO2312-C-2800,86.2,0.0,0.0,0.0,1,80.0,83.0,2,86.2,76.6,0.0,0.0,0.0,0.0,144
2023-05-10 09:39:26,HO2312-C-2800,HO2312-C-2800,86.2,0.0,0.0,0.0,19,79.6,83.0,2,86.2,76.6,0.0,0.0,0.0,0.0,144
2023-05-10 09:39:27,HO2312-C-2800,HO2312-C-2800,86.2,0.0,0.0,0.0,19,79.6,82.8,6,86.2,76.6,0.0,0.0,0.0,0.0,144
2023-05-10 09:39:28,HO2312-C-2800,HO2312-C-2800,86.2,0.0,0.0,0.0,13,79.6,82.4,1,86.2,76.6,0.0,0.0,0.0,0.0,144
2023-05-10 09:39:29,HO2312-C-2800,HO2312-C-2800,86.2,0.0,0.0,0.0,7,79.6,82.4,1,86.2,76.6,0.0,0.0,0.0,0.0,144
2023-05-10 09:39:29,HO2312-C-2800,HO2312-C-2800,86.2,0.0,0.0,0.0,1,79.6,82.4,1,86.2,76.6,0.0,0.0,0.0,0.0,144
2023-05-10 09:39:38,HO2312-C-2800,HO2312-C-2800,86.2,0.0,0.0,0.0,3,79.6,82.4,1,86.2,76.6,0.0,0.0,0.0,0.0,144
2023-05-10 09:39:39,HO2312-C-2800,HO2312-C-2800,86.2,0.0,0.0,0.0,1,79.6,82.4,1,86.2,76.6,0.0,0.0,0.0,0.0,144
2023-05-10 09:40:10,HO2312-C-2800,HO2312-C-2800,86.2,0.0,0.0,0.0,1,79.6,82.8,18,86.2,76.6,0.0,0.0,0.0,0.0,144
2023-05-10 09:40:20,HO2312-C-2800,HO2312-C-2800,86.2,0.0,0.0,0.0,1,79.6,82.6,1,86.2,76.6,0.0,0.0,0.0,0.0,144
2023-05-10 09:40:26,HO2312-C-2800,HO2312-C-2800,86.2,0.0,0.0,0.0,1,79.2,82.6,1,86.2,76.6,0.0,0.0,0.0,0.0,144
2023-05-10 09:40:32,HO2312-C-2800,HO2312-C-2800,86.2,0.0,0.0,0.0,1,79.2,82.4,6,86.2,76.6,0.0,0.0,0.0,0.0,144
2023-05-10 09:40:32,HO2312-C-2800,HO2312-C-2800,86.2,0.0,0.0,0.0,1,79.2,82.4,12,86.2,76.6,0.0,0.0,0.0,0.0,144
2023-05-10 09:40:33,HO2312-C-2800,HO2312-C-2800,86.2,0.0,0.0,0.0,1,79.2,82.4,18,86.2,76.6,0.0,0.0,0.0,0.0,144
2023-05-10 09:40:40,HO2312-C-2800,HO2312-C-2800,86.2,0.0,0.0,0.0,1,79.2,82.4,6,86.2,76.6,0.0,0.0,0.0,0.0,144
2023-05-10 09:40:41,HO2312-C-2800,HO2312-C-2800,86.2,0.0,0.0,0.0,4,79.2,82.6,1,86.2,76.6,0.0,0.0,0.0,0.0,144
2023-05-10 09:40:41,HO2312-C-2800,HO2312-C-2800,86.2,0.0,0.0,0.0,1,80.0,82.6,1,86.2,76.6,0.0,0.0,0.0,0.0,144
2023-05-10 09:40:52,HO2312-C-2800,HO2312-C-2800,86.2,0.0,0.0,0.0,1,79.4,82.6,1,86.2,76.6,0.0,0.0,0.0,0.0,144
2023-05-10 09:41:00,HO2312-C-2800,HO2312-C-2800,86.2,0.0,0.0,0.0,1,79.4,82.6,2,86.2,76.6,0.0,0.0,0.0,0.0,144
2023-05-10 09:41:01,HO2312-C-2800,HO2312-C-2800,86.2,0.0,0.0,0.0,1,79.4,82.0,1,86.2,76.6,0.0,0.0,0.0,0.0,144
2023-05-10 09:41:03,HO2312-C-2800,HO2312-C-2800,86.2,0.0,0.0,0.0,1,79.0,82.0,1,86.2,76.6,0.0,0.0,0.0,0.0,144
2023-05-10 09:41:20,HO2312-C-2800,HO2312-C-2800,86.2,0.0,0.0,0.0,22,78.6,82.0,1,86.2,76.6,0.0,0.0,0.0,0.0,144
2023-05-10 09:41:21,HO2312-C-2800,HO2312-C-2800,86.2,0.0,0.0,0.0,18,78.6,82.0,1,86.2,76.6,0.0,0.0,0.0,0.0,144
2023-05-10 09:41:22,HO2312-C-2800,HO2312-C-2800,86.2,0.0,0.0,0.0,1,78.8,82.0,1,86.2,76.6,0.0,0.0,0.0,0.0,144
2023-05-10 09:41:22,HO2312-C-2800,HO2312-C-2800,86.2,0.0,0.0,0.0,6,78.8,82.0,1,86.2,76.6,0.0,0.0,0.0,0.0,144
2023-05-10 09:41:23,HO2312-C-2800,HO2312-C-2800,86.2,0.0,0.0,0.0,1,79.0,82.0,1,86.2,76.6,0.0,0.0,0.0,0.0,144
2023-05-10 09:41:24,HO2312-C-2800,HO2312-C-2800,86.2,0.0,0.0,0.0,3,79.0,82.0,1,86.2,76.6,0.0,0.0,0.0,0.0,144
2023-05-10 09:41:24,HO2312-C-2800,HO2312-C-2800,86.2,0.0,0.0,0.0,1,79.2,82.0,1,86.2,76.6,0.0,0.0,0.0,0.0,144
2023-05-10 09:41:25,HO2312-C-2800,HO2312-C-2800,86.2,0.0,0.0,0.0,4,79.2,82.0,1,86.2,76.6,0.0,0.0,0.0,0.0,144
2023-05-10 09:41:25,HO2312-C-2800,HO2312-C-2800,86.2,0.0,0.0,0.0,1,79.2,82.0,1,86.2,76.6,0.0,0.0,0.0,0.0,144
2023-05-10 09:41:35,HO2312-C-2800,HO2312-C-2800,86.2,0.0,0.0,0.0,4,79.2,82.2,6,86.2,76.6,0.0,0.0,0.0,0.0,144
2023-05-10 09:41:35,HO2312-C-2800,HO2312-C-2800,86.2,0.0,0.0,0.0,4,79.2,82.4,19,86.2,76.6,0.0,0.0,0.0,0.0,144
2023-05-10 09:41:36,HO2312-C-2800,HO2312-C-2800,86.2,0.0,0.0,0.0,1,79.8,82.4,19,86.2,76.6,0.0,0.0,0.0,0.0,144
2023-05-10 09:41:48,HO2312-C-2800,HO2312-C-2800,86.2,0.0,0.0,0.0,1,79.8,82.2,1,86.2,76.6,0.0,0.0,0.0,0.0,144
2023-05-10 09:41:51,HO2312-C-2800,HO2312-C-2800,86.2,0.0,0.0,0.0,1,79.4,82.2,1,86.2,76.6,0.0,0.0,0.0,0.0,144
2023-05-10 09:41:51,HO2312-C-2800,HO2312-C-2800,86.2,0.0,0.0,0.0,1,79.4,82.2,3,86.2,76.6,0.0,0.0,0.0,0.0,144
2023-05-10 09:41:54,HO2312-C-2800,HO2312-C-2800,86.2,0.0,0.0,0.0,1,79.4,82.2,4,86.2,76.6,0.0,0.0,0.0,0.0,144
2023-05-10 09:41:56,HO2312-C-2800,HO2312-C-2800,86.2,0.0,0.0,0.0,1,79.4,82.2,2,86.2,76.6,0.0,0.0,0.0,0.0,144
2023-05-10 09:42:01,HO2312-C-2800,HO2312-C-2800,86.2,0.0,0.0,0.0,1,79.0,82.2,2,86.2,76.6,0.0,0.0,0.0,0.0,144
2023-05-10 09:42:02,HO2312-C-2800,HO2312-C-2800,86.2,0.0,0.0,0.0,1,79.0,82.0,1,86.2,76.6,0.0,0.0,0.0,0.0,144
2023-05-10 09:42:03,HO2312-C-2800,HO2312-C-2800,86.2,0.0,0.0,0.0,1,79.0,82.0,7,86.2,76.6,0.0,0.0,0.0,0.0,144
2023-05-10 09:42:12,HO2312-C-2800,HO2312-C-2800,86.2,0.0,0.0,0.0,1,79.0,81.8,1,86.2,76.6,0.0,0.0,0.0,0.0,144
2023-05-10 09:42:24,HO2312-C-2800,HO2312-C-2800,86.2,0.0,0.0,0.0,1,78.6,81.6,1,86.2,76.6,0.0,0.0,0.0,0.0,144
2023-05-10 09:42:25,HO2312-C-2800,HO2312-C-2800,86.2,0.0,0.0,0.0,3,78.6,81.6,1,86.2,76.6,0.0,0.0,0.0,0.0,144
2023-05-10 09:42:45,HO2312-C-2800,HO2312-C-2800,86.2,0.0,0.0,0.0,1,78.8,81.6,1,86.2,76.6,0.0,0.0,0.0,0.0,144
2023-05-10 09:42:46,HO2312-C-2800,HO2312-C-2800,86.2,0.0,0.0,0.0,3,78.8,81.6,1,86.2,76.6,0.0,0.0,0.0,0.0,144
2023-05-10 09:42:47,HO2312-C-2800,HO2312-C-2800,86.2,0.0,0.0,0.0,1,79.2,81.6,1,86.2,76.6,0.0,0.0,0.0,0.0,144
2023-05-10 09:42:50,HO2312-C-2800,HO2312-C-2800,86.2,0.0,0.0,0.0,1,78.8,81.6,1,86.2,76.6,0.0,0.0,0.0,0.0,144
2023-05-10 09:43:01,HO2312-C-2800,HO2312-C-2800,86.2,0.0,0.0,0.0,12,78.2,81.6,1,86.2,76.6,0.0,0.0,0.0,0.0,144
2023-05-10 09:43:02,HO2312-C-2800,HO2312-C-2800,86.2,0.0,0.0,0.0,1,78.4,81.6,1,86.2,76.6,0.0,0.0,0.0,0.0,144
2023-05-10 09:43:04,HO2312-C-2800,HO2312-C-2800,86.2,0.0,0.0,0.0,3,78.4,81.6,1,86.2,76.6,0.0,0.0,0.0,0.0,144
2023-05-10 09:43:04,HO2312-C-2800,HO2312-C-2800,86.2,0.0,0.0,0.0,1,78.6,81.6,1,86.2,76.6,0.0,0.0,0.0,0.0,144
2023-05-10 09:43:08,HO2312-C-2800,HO2312-C-2800,86.2,0.0,0.0,0.0,3,78.6,81.6,1,86.2,76.6,0.0,0.0,0.0,0.0,144
2023-05-10 09:43:09,HO2312-C-2800,HO2312-C-2800,86.2,0.0,0.0,0.0,1,79.0,81.6,1,86.2,76.6,0.0,0.0,0.0,0.0,144
2023-05-10 09:43:12,HO2312-C-2800,HO2312-C-2800,86.2,0.0,0.0,0.0,2,79.2,81.8,6,86.2,76.6,0.0,0.0,0.0,0.0,144
2023-05-10 09:43:13,HO2312-C-2800,HO2312-C-2800,86.2,0.0,0.0,0.0,1,79.6,81.8,6,86.2,76.6,0.0,0.0,0.0,0.0,144
2023-05-10 09:43:21,HO2312-C-2800,HO2312-C-2800,86.2,0.0,0.0,0.0,1,79.6,82.2,24,86.2,76.6,0.0,0.0,0.0,0.0,144
2023-05-10 09:43:22,HO2312-C-2800,HO2312-C-2800,86.2,0.0,0.0,0.0,1,79.6,82.2,12,86.2,76.6,0.0,0.0,0.0,0.0,144
2023-05-10 09:43:22,HO2312-C-2800,HO2312-C-2800,86.2,0.0,0.0,0.0,1,79.6,82.2,6,86.2,76.6,0.0,0.0,0.0,0.0,144
2023-05-10 09:43:23,HO2312-C-2800,HO2312-C-2800,86.2,0.0,0.0,0.0,3,79.6,82.2,6,86.2,76.6,0.0,0.0,0.0,0.0,144
2023-05-10 09:43:24,HO2312-C-2800,HO2312-C-2800,86.2,0.0,0.0,0.0,3,79.6,82.4,12,86.2,76.6,0.0,0.0,0.0,0.0,144
2023-05-10 09:43:25,HO2312-C-2800,HO2312-C-2800,86.2,0.0,0.0,0.0,1,79.6,82.6,18,86.2,76.6,0.0,0.0,0.0,0.0,144
2023-05-10 09:43:39,HO2312-C-2800,HO2312-C-2800,86.2,0.0,0.0,0.0,1,79.6,82.6,19,86.2,76.6,0.0,0.0,0.0,0.0,144
2023-05-10 09:43:42,HO2312-C-2800,HO2312-C-2800,86.2,0.0,0.0,0.0,1,79.6,82.0,1,86.2,76.6,0.0,0.0,0.0,0.0,144
2023-05-10 09:43:48,HO2312-C-2800,HO2312-C-2800,86.2,0.0,0.0,0.0,1,79.2,82.0,1,86.2,76.6,0.0,0.0,0.0,0.0,144
2023-05-10 09:43:51,HO2312-C-2800,HO2312-C-2800,86.2,0.0,0.0,0.0,19,78.8,82.0,1,86.2,76.6,0.0,0.0,0.0,0.0,144
2023-05-10 09:43:51,HO2312-C-2800,HO2312-C-2800,86.2,0.0,0.0,0.0,7,78.8,82.0,7,86.2,76.6,0.0,0.0,0.0,0.0,144
2023-05-10 09:43:52,HO2312-C-2800,HO2312-C-2800,86.2,0.0,0.0,0.0,1,78.8,82.0,7,86.2,76.6,0.0,0.0,0.0,0.0,144
2023-05-10 09:43:57,HO2312-C-2800,HO2312-C-2800,86.2,0.0,0.0,0.0,3,78.8,82.0,7,86.2,76.6,0.0,0.0,0.0,0.0,144
2023-05-10 09:43:58,HO2312-C-2800,HO2312-C-2800,86.2,0.0,0.0,0.0,1,79.2,82.0,1,86.2,76.6,0.0,0.0,0.0,0.0,144
2023-05-10 09:44:01,HO2312-C-2800,HO2312-C-2800,86.2,0.0,0.0,0.0,3,79.2,82.0,1,86.2,76.6,0.0,0.0,0.0,0.0,144
2023-05-10 09:44:01,HO2312-C-2800,HO2312-C-2800,86.2,0.0,0.0,0.0,1,79.2,82.0,1,86.2,76.6,0.0,0.0,0.0,0.0,144
2023-05-10 09:44:04,HO2312-C-2800,HO2312-C-2800,86.2,0.0,0.0,0.0,1,79.2,82.0,7,86.2,76.6,0.0,0.0,0.0,0.0,144
2023-05-10 09:44:13,HO2312-C-2800,HO2312-C-2800,86.2,0.0,0.0,0.0,1,79.2,82.0,1,86.2,76.6,0.0,0.0,0.0,0.0,144
2023-05-10 09:44:14,HO2312-C-2800,HO2312-C-2800,86.2,0.0,0.0,0.0,3,79.2,82.0,1,86.2,76.6,0.0,0.0,0.0,0.0,144
2023-05-10 09:44:14,HO2312-C-2800,HO2312-C-2800,86.2,0.0,0.0,0.0,1,79.2,82.0,1,86.2,76.6,0.0,0.0,0.0,0.0,144
2023-05-10 09:44:16,HO2312-C-2800,HO2312-C-2800,86.2,0.0,0.0,0.0,1,79.2,82.0,7,86.2,76.6,0.0,0.0,0.0,0.0,144
2023-05-10 09:44:20,HO2312-C-2800,HO2312-C-2800,86.2,0.0,0.0,0.0,1,78.8,82.0,7,86.2,76.6,0.0,0.0,0.0,0.0,144
2023-05-10 09:44:21,HO2312-C-2800,HO2312-C-2800,86.2,0.0,0.0,0.0,3,78.8,82.0,7,86.2,76.6,0.0,0.0,0.0,0.0,144
2023-05-10 09:44:25,HO2312-C-2800,HO2312-C-2800,86.2,0.0,0.0,0.0,1,78.8,82.0,7,86.2,76.6,0.0,0.0,0.0,0.0,144
2023-05-10 09:44:26,HO2312-C-2800,HO2312-C-2800,86.2,0.0,0.0,0.0,1,78.8,82.0,14,86.2,76.6,0.0,0.0,0.0,0.0,144
2023-05-10 09:44:27,HO2312-C-2800,HO2312-C-2800,86.2,0.0,0.0,0.0,1,78.8,82.0,26,86.2,76.6,0.0,0.0,0.0,0.0,144
2023-05-10 09:44:27,HO2312-C-2800,HO2312-C-2800,86.2,0.0,0.0,0.0,3,78.8,82.0,26,86.2,76.6,0.0,0.0,0.0,0.0,144
2023-05-10 09:44:28,HO2312-C-2800,HO2312-C-2800,86.2,0.0,0.0,0.0,1,79.6,82.0,26,86.2,76.6,0.0,0.0,0.0,0.0,144
2023-05-10 09:44:28,HO2312-C-2800,HO2312-C-2800,86.2,0.0,0.0,0.0,1,79.6,82.0,25,86.2,76.6,0.0,0.0,0.0,0.0,144
2023-05-10 09:44:31,HO2312-C-2800,HO2312-C-2800,86.2,0.0,0.0,0.0,1,79.2,82.0,25,86.2,76.6,0.0,0.0,0.0,0.0,144
2023-05-10 09:44:32,HO2312-C-2800,HO2312-C-2800,86.2,0.0,0.0,0.0,18,78.6,82.0,25,86.2,76.6,0.0,0.0,0.0,0.0,144
2023-05-10 09:44:32,HO2312-C-2800,HO2312-C-2800,86.2,0.0,0.0,0.0,14,78.6,82.0,25,86.2,76.6,0.0,0.0,0.0,0.0,144
2023-05-10 09:44:33,HO2312-C-2800,HO2312-C-2800,86.2,0.0,0.0,0.0,8,78.6,82.0,25,86.2,76.6,0.0,0.0,0.0,0.0,144
2023-05-10 09:44:34,HO2312-C-2800,HO2312-C-2800,86.2,0.0,0.0,0.0,9,78.6,82.0,25,86.2,76.6,0.0,0.0,0.0,0.0,144
2023-05-10 09:44:36,HO2312-C-2800,HO2312-C-2800,86.2,0.0,0.0,0.0,1,78.8,82.0,25,86.2,76.6,0.0,0.0,0.0,0.0,144
2023-05-10 09:44:36,HO2312-C-2800,HO2312-C-2800,86.2,0.0,0.0,0.0,3,78.8,82.0,25,86.2,76.6,0.0,0.0,0.0,0.0,144
2023-05-10 09:44:37,HO2312-C-2800,HO2312-C-2800,86.2,0.0,0.0,0.0,1,78.8,82.0,25,86.2,76.6,0.0,0.0,0.0,0.0,144
2023-05-10 09:44:38,HO2312-C-2800,HO2312-C-2800,86.2,0.0,0.0,0.0,3,78.8,82.0,25,86.2,76.6,0.0,0.0,0.0,0.0,144
2023-05-10 09:44:38,HO2312-C-2800,HO2312-C-2800,86.2,0.0,0.0,0.0,1,78.8,82.0,25,86.2,76.6,0.0,0.0,0.0,0.0,144
2023-05-10 09:44:42,HO2312-C-2800,HO2312-C-2800,86.2,0.0,0.0,0.0,1,78.8,82.0,19,86.2,76.6,0.0,0.0,0.0,0.0,144
2023-05-10 09:44:43,HO2312-C-2800,HO2312-C-2800,86.2,0.0,0.0,0.0,2,79.0,82.0,19,86.2,76.6,0.0,0.0,0.0,0.0,144
2023-05-10 09:44:43,HO2312-C-2800,HO2312-C-2800,86.2,0.0,0.0,0.0,1,79.6,82.0,19,86.2,76.6,0.0,0.0,0.0,0.0,144
2023-05-10 09:45:01,HO2312-C-2800,HO2312-C-2800,86.2,0.0,0.0,0.0,1,79.2,82.0,19,86.2,76.6,0.0,0.0,0.0,0.0,144
2023-05-10 09:45:01,HO2312-C-2800,HO2312-C-2800,86.2,0.0,0.0,0.0,1,79.2,82.0,20,86.2,76.6,0.0,0.0,0.0,0.0,144
2023-05-10 09:45:08,HO2312-C-2800,HO2312-C-2800,86.2,0.0,0.0,0.0,1,79.2,82.0,26,86.2,76.6,0.0,0.0,0.0,0.0,144
2023-05-10 09:45:16,HO2312-C-2800,HO2312-C-2800,86.2,0.0,0.0,0.0,1,79.2,82.0,20,86.2,76.6,0.0,0.0,0.0,0.0,144
2023-05-10 09:45:17,HO2312-C-2800,HO2312-C-2800,86.2,0.0,0.0,0.0,1,79.2,82.0,19,86.2,76.6,0.0,0.0,0.0,0.0,144
2023-05-10 09:45:17,HO2312-C-2800,HO2312-C-2800,86.2,0.0,0.0,0.0,1,79.2,82.0,13,86.2,76.6,0.0,0.0,0.0,0.0,144
2023-05-10 09:45:18,HO2312-C-2800,HO2312-C-2800,86.2,0.0,0.0,0.0,1,79.2,82.0,7,86.2,76.6,0.0,0.0,0.0,0.0,144
2023-05-10 09:45:18,HO2312-C-2800,HO2312-C-2800,86.2,0.0,0.0,0.0,1,79.2,82.0,1,86.2,76.6,0.0,0.0,0.0,0.0,144
2023-05-10 09:45:19,HO2312-C-2800,HO2312-C-2800,86.2,0.0,0.0,0.0,3,79.2,82.0,1,86.2,76.6,0.0,0.0,0.0,0.0,144
2023-05-10 09:45:19,HO2312-C-2800,HO2312-C-2800,86.2,0.0,0.0,0.0,1,79.8,82.0,1,86.2,76.6,0.0,0.0,0.0,0.0,144
2023-05-10 09:45:20,HO2312-C-2800,HO2312-C-2800,86.2,0.0,0.0,0.0,1,79.8,82.4,1,86.2,76.6,0.0,0.0,0.0,0.0,144
2023-05-10 09:45:27,HO2312-C-2800,HO2312-C-2800,86.2,0.0,0.0,0.0,1,79.8,82.8,43,86.2,76.6,0.0,0.0,0.0,0.0,144
2023-05-10 09:45:27,HO2312-C-2800,HO2312-C-2800,86.2,0.0,0.0,0.0,1,79.8,82.8,27,86.2,76.6,0.0,0.0,0.0,0.0,144
2023-05-10 09:45:28,HO2312-C-2800,HO2312-C-2800,86.2,0.0,0.0,0.0,1,79.8,82.8,25,86.2,76.6,0.0,0.0,0.0,0.0,144
2023-05-10 09:45:32,HO2312-C-2800,HO2312-C-2800,86.2,0.0,0.0,0.0,1,79.4,82.2,1,86.2,76.6,0.0,0.0,0.0,0.0,144
2023-05-10 09:45:32,HO2312-C-2800,HO2312-C-2800,86.2,0.0,0.0,0.0,3,79.4,82.2,1,86.2,76.6,0.0,0.0,0.0,0.0,144
2023-05-10 09:45:33,HO2312-C-2800,HO2312-C-2800,86.2,0.0,0.0,0.0,1,79.4,82.2,1,86.2,76.6,0.0,0.0,0.0,0.0,144
2023-05-10 09:45:35,HO2312-C-2800,HO2312-C-2800,86.2,0.0,0.0,0.0,4,79.4,82.2,1,86.2,76.6,0.0,0.0,0.0,0.0,144
2023-05-10 09:45:35,HO2312-C-2800,HO2312-C-2800,86.2,0.0,0.0,0.0,1,79.4,82.2,1,86.2,76.6,0.0,0.0,0.0,0.0,144
2023-05-10 09:45:38,HO2312-C-2800,HO2312-C-2800,86.2,0.0,0.0,0.0,4,79.0,82.2,1,86.2,76.6,0.0,0.0,0.0,0.0,144
2023-05-10 09:45:46,HO2312-C-2800,HO2312-C-2800,86.2,0.0,0.0,0.0,1,79.4,82.2,1,86.2,76.6,0.0,0.0,0.0,0.0,144
2023-05-10 09:45:49,HO2312-C-2800,HO2312-C-2800,86.2,0.0,0.0,0.0,3,79.0,82.2,1,86.2,76.6,0.0,0.0,0.0,0.0,144
2023-05-10 09:45:49,HO2312-C-2800,HO2312-C-2800,86.2,0.0,0.0,0.0,10,78.8,82.2,1,86.2,76.6,0.0,0.0,0.0,0.0,144
2023-05-10 09:45:50,HO2312-C-2800,HO2312-C-2800,86.2,0.0,0.0,0.0,1,78.8,82.2,7,86.2,76.6,0.0,0.0,0.0,0.0,144
2023-05-10 09:45:51,HO2312-C-2800,HO2312-C-2800,86.2,0.0,0.0,0.0,4,78.8,81.4,1,86.2,76.6,0.0,0.0,0.0,0.0,144
2023-05-10 09:45:52,HO2312-C-2800,HO2312-C-2800,86.2,0.0,0.0,0.0,1,78.8,81.4,1,86.2,76.6,0.0,0.0,0.0,0.0,144
2023-05-10 09:45:56,HO2312-C-2800,HO2312-C-2800,86.2,0.0,0.0,0.0,4,78.8,81.4,1,86.2,76.6,0.0,0.0,0.0,0.0,144
2023-05-10 09:45:57,HO2312-C-2800,HO2312-C-2800,86.2,0.0,0.0,0.0,1,79.2,81.4,1,86.2,76.6,0.0,0.0,0.0,0.0,144
2023-05-10 09:46:06,HO2312-C-2800,HO2312-C-2800,86.2,0.0,0.0,0.0,1,78.8,81.4,1,86.2,76.6,0.0,0.0,0.0,0.0,144
2023-05-10 09:46:26,HO2312-C-2800,HO2312-C-2800,86.2,0.0,0.0,0.0,2,79.0,81.4,1,86.2,76.6,0.0,0.0,0.0,0.0,144
2023-05-10 09:46:26,HO2312-C-2800,HO2312-C-2800,86.2,0.0,0.0,0.0,1,79.4,81.4,1,86.2,76.6,0.0,0.0,0.0,0.0,144
2023-05-10 09:46:27,HO2312-C-2800,HO2312-C-2800,86.2,0.0,0.0,0.0,1,79.4,82.2,30,86.2,76.6,0.0,0.0,0.0,0.0,144
2023-05-10 09:46:27,HO2312-C-2800,HO2312-C-2800,86.2,0.0,0.0,0.0,3,79.0,81.8,1,86.2,76.6,0.0,0.0,0.0,0.0,144
2023-05-10 09:46:29,HO2312-C-2800,HO2312-C-2800,86.2,0.0,0.0,0.0,10,78.8,81.8,1,86.2,76.6,0.0,0.0,0.0,0.0,144
2023-05-10 09:46:29,HO2312-C-2800,HO2312-C-2800,86.2,0.0,0.0,0.0,4,78.8,81.8,1,86.2,76.6,0.0,0.0,0.0,0.0,144
2023-05-10 09:46:36,HO2312-C-2800,HO2312-C-2800,86.2,0.0,0.0,0.0,1,78.8,81.8,1,86.2,76.6,0.0,0.0,0.0,0.0,144
2023-05-10 09:46:37,HO2312-C-2800,HO2312-C-2800,86.2,0.0,0.0,0.0,15,78.6,81.8,1,86.2,76.6,0.0,0.0,0.0,0.0,144
2023-05-10 09:46:38,HO2312-C-2800,HO2312-C-2800,86.2,0.0,0.0,0.0,9,78.6,81.8,1,86.2,76.6,0.0,0.0,0.0,0.0,144
2023-05-10 09:46:43,HO2312-C-2800,HO2312-C-2800,86.2,0.0,0.0,0.0,10,78.6,81.8,1,86.2,76.6,0.0,0.0,0.0,0.0,144
2023-05-10 09:46:43,HO2312-C-2800,HO2312-C-2800,86.2,0.0,0.0,0.0,12,78.6,81.8,1,86.2,76.6,0.0,0.0,0.0,0.0,144
2023-05-10 09:46:48,HO2312-C-2800,HO2312-C-2800,86.2,0.0,0.0,0.0,1,78.8,81.8,1,86.2,76.6,0.0,0.0,0.0,0.0,144
2023-05-10 09:46:48,HO2312-C-2800,HO2312-C-2800,86.2,0.0,0.0,0.0,6,78.8,81.8,1,86.2,76.6,0.0,0.0,0.0,0.0,144
2023-05-10 09:46:49,HO2312-C-2800,HO2312-C-2800,86.2,0.0,0.0,0.0,4,78.8,81.8,1,86.2,76.6,0.0,0.0,0.0,0.0,144
2023-05-10 09:46:54,HO2312-C-2800,HO2312-C-2800,86.2,0.0,0.0,0.0,1,78.8,81.8,1,86.2,76.6,0.0,0.0,0.0,0.0,144
2023-05-10 09:46:55,HO2312-C-2800,HO2312-C-2800,86.2,0.0,0.0,0.0,9,78.6,81.8,1,86.2,76.6,0.0,0.0,0.0,0.0,144
2023-05-10 09:46:57,HO2312-C-2800,HO2312-C-2800,86.2,0.0,0.0,0.0,6,78.6,81.8,1,86.2,76.6,0.0,0.0,0.0,0.0,144
2023-05-10 09:47:00,HO2312-C-2800,HO2312-C-2800,86.2,0.0,0.0,0.0,6,78.6,81.8,7,86.2,76.6,0.0,0.0,0.0,0.0,144
2023-05-10 09:47:01,HO2312-C-2800,HO2312-C-2800,86.2,0.0,0.0,0.0,6,78.6,81.0,1,86.2,76.6,0.0,0.0,0.0,0.0,144
2023-05-10 09:47:01,HO2312-C-2800,HO2312-C-2800,86.2,0.0,0.0,0.0,16,78.4,81.0,1,86.2,76.6,0.0,0.0,0.0,0.0,144
2023-05-10 09:47:02,HO2312-C-2800,HO2312-C-2800,86.2,0.0,0.0,0.0,10,78.4,81.0,1,86.2,76.6,0.0,0.0,0.0,0.0,144
2023-05-10 09:47:02,HO2312-C-2800,HO2312-C-2800,86.2,0.0,0.0,0.0,4,78.4,81.0,1,86.2,76.6,0.0,0.0,0.0,0.0,144
2023-05-10 09:47:08,HO2312-C-2800,HO2312-C-2800,86.2,0.0,0.0,0.0,6,78.4,81.0,1,86.2,76.6,0.0,0.0,0.0,0.0,144
2023-05-10 09:47:09,HO2312-C-2800,HO2312-C-2800,86.2,0.0,0.0,0.0,4,78.4,81.0,1,86.2,76.6,0.0,0.0,0.0,0.0,144
2023-05-10 09:47:09,HO2312-C-2800,HO2312-C-2800,86.2,0.0,0.0,0.0,6,78.4,81.0,1,86.2,76.6,0.0,0.0,0.0,0.0,144
2023-05-10 09:47:10,HO2312-C-2800,HO2312-C-2800,86.2,0.0,0.0,0.0,4,78.4,81.0,1,86.2,76.6,0.0,0.0,0.0,0.0,144
2023-05-10 09:47:50,HO2312-C-2800,HO2312-C-2800,86.2,0.0,0.0,0.0,1,78.6,81.0,1,86.2,76.6,0.0,0.0,0.0,0.0,144
2023-05-10 09:47:52,HO2312-C-2800,HO2312-C-2800,86.2,0.0,0.0,0.0,6,78.6,81.0,1,86.2,76.6,0.0,0.0,0.0,0.0,144
2023-05-10 09:47:52,HO2312-C-2800,HO2312-C-2800,86.2,0.0,0.0,0.0,1,78.8,81.0,1,86.2,76.6,0.0,0.0,0.0,0.0,144
2023-05-10 09:48:06,HO2312-C-2800,HO2312-C-2800,86.2,0.0,0.0,0.0,3,78.8,81.0,1,86.2,76.6,0.0,0.0,0.0,0.0,144
2023-05-10 09:48:07,HO2312-C-2800,HO2312-C-2800,86.2,0.0,0.0,0.0,1,79.0,81.0,1,86.2,76.6,0.0,0.0,0.0,0.0,144
2023-05-10 09:48:08,HO2312-C-2800,HO2312-C-2800,86.2,0.0,0.0,0.0,1,79.0,81.8,1,86.2,76.6,0.0,0.0,0.0,0.0,144
2023-05-10 09:48:09,HO2312-C-2800,HO2312-C-2800,86.2,0.0,0.0,0.0,3,79.0,81.8,1,86.2,76.6,0.0,0.0,0.0,0.0,144
2023-05-10 09:48:10,HO2312-C-2800,HO2312-C-2800,86.2,0.0,0.0,0.0,1,79.2,81.8,1,86.2,76.6,0.0,0.0,0.0,0.0,144
2023-05-10 09:48:12,HO2312-C-2800,HO2312-C-2800,86.2,0.0,0.0,0.0,4,79.2,81.8,1,86.2,76.6,0.0,0.0,0.0,0.0,144
2023-05-10 09:48:13,HO2312-C-2800,HO2312-C-2800,86.2,0.0,0.0,0.0,1,79.2,81.8,1,86.2,76.6,0.0,0.0,0.0,0.0,144
2023-05-10 09:48:13,HO2312-C-2800,HO2312-C-2800,86.2,0.0,0.0,0.0,3,79.0,81.8,1,86.2,76.6,0.0,0.0,0.0,0.0,144
2023-05-10 09:48:16,HO2312-C-2800,HO2312-C-2800,86.2,0.0,0.0,0.0,22,78.8,81.8,1,86.2,76.6,0.0,0.0,0.0,0.0,144
2023-05-10 09:48:17,HO2312-C-2800,HO2312-C-2800,86.2,0.0,0.0,0.0,15,78.8,81.8,1,86.2,76.6,0.0,0.0,0.0,0.0,144
2023-05-10 09:48:17,HO2312-C-2800,HO2312-C-2800,86.2,0.0,0.0,0.0,9,78.8,81.8,1,86.2,76.6,0.0,0.0,0.0,0.0,144
2023-05-10 09:48:18,HO2312-C-2800,HO2312-C-2800,86.2,0.0,0.0,0.0,1,79.0,81.8,1,86.2,76.6,0.0,0.0,0.0,0.0,144
2023-05-10 09:48:30,HO2312-C-2800,HO2312-C-2800,86.2,0.0,0.0,0.0,4,79.0,81.8,1,86.2,76.6,0.0,0.0,0.0,0.0,144
2023-05-10 09:48:31,HO2312-C-2800,HO2312-C-2800,86.2,0.0,0.0,0.0,1,79.2,81.8,1,86.2,76.6,0.0,0.0,0.0,0.0,144
2023-05-10 09:48:47,HO2312-C-2800,HO2312-C-2800,86.2,0.0,0.0,0.0,1,78.8,81.8,1,86.2,76.6,0.0,0.0,0.0,0.0,144
2023-05-10 09:48:49,HO2312-C-2800,HO2312-C-2800,86.2,0.0,0.0,0.0,1,78.8,81.8,3,86.2,76.6,0.0,0.0,0.0,0.0,144
2023-05-10 09:48:50,HO2312-C-2800,HO2312-C-2800,86.2,0.0,0.0,0.0,1,78.8,81.8,1,86.2,76.6,0.0,0.0,0.0,0.0,144
2023-05-10 09:48:51,HO2312-C-2800,HO2312-C-2800,86.2,0.0,0.0,0.0,4,78.4,81.8,3,86.2,76.6,0.0,0.0,0.0,0.0,144
2023-05-10 09:48:52,HO2312-C-2800,HO2312-C-2800,86.2,0.0,0.0,0.0,1,78.4,81.8,3,86.2,76.6,0.0,0.0,0.0,0.0,144
2023-05-10 09:48:52,HO2312-C-2800,HO2312-C-2800,86.2,0.0,0.0,0.0,1,78.4,81.0,1,86.2,76.6,0.0,0.0,0.0,0.0,144
2023-05-10 09:49:07,HO2312-C-2800,HO2312-C-2800,86.2,0.0,0.0,0.0,6,78.0,81.0,1,86.2,76.6,0.0,0.0,0.0,0.0,144
2023-05-10 09:49:07,HO2312-C-2800,HO2312-C-2800,86.2,0.0,0.0,0.0,15,77.8,81.0,1,86.2,76.6,0.0,0.0,0.0,0.0,144
2023-05-10 09:49:08,HO2312-C-2800,HO2312-C-2800,86.2,0.0,0.0,0.0,11,77.8,81.0,1,86.2,76.6,0.0,0.0,0.0,0.0,144
2023-05-10 09:49:08,HO2312-C-2800,HO2312-C-2800,86.2,0.0,0.0,0.0,5,77.8,81.0,1,86.2,76.6,0.0,0.0,0.0,0.0,144
2023-05-10 09:49:14,HO2312-C-2800,HO2312-C-2800,86.2,0.0,0.0,0.0,6,77.8,81.0,1,86.2,76.6,0.0,0.0,0.0,0.0,144
2023-05-10 09:49:15,HO2312-C-2800,HO2312-C-2800,86.2,0.0,0.0,0.0,1,78.0,81.0,1,86.2,76.6,0.0,0.0,0.0,0.0,144
2023-05-10 09:49:15,HO2312-C-2800,HO2312-C-2800,86.2,0.0,0.0,0.0,5,78.2,81.0,1,86.2,76.6,0.0,0.0,0.0,0.0,144
2023-05-10 09:49:18,HO2312-C-2800,HO2312-C-2800,86.2,0.0,0.0,0.0,3,78.2,81.0,1,86.2,76.6,0.0,0.0,0.0,0.0,144
2023-05-10 09:49:18,HO2312-C-2800,HO2312-C-2800,86.2,0.0,0.0,0.0,4,78.0,81.0,1,86.2,76.6,0.0,0.0,0.0,0.0,144
2023-05-10 09:49:19,HO2312-C-2800,HO2312-C-2800,86.2,0.0,0.0,0.0,3,78.0,81.0,1,86.2,76.6,0.0,0.0,0.0,0.0,144
2023-05-10 09:49:19,HO2312-C-2800,HO2312-C-2800,86.2,0.0,0.0,0.0,3,77.8,81.0,1,86.2,76.6,0.0,0.0,0.0,0.0,144
2023-05-10 09:49:20,HO2312-C-2800,HO2312-C-2800,86.2,0.0,0.0,0.0,5,77.8,81.0,1,86.2,76.6,0.0,0.0,0.0,0.0,144
2023-05-10 09:49:21,HO2312-C-2800,HO2312-C-2800,86.2,0.0,0.0,0.0,3,77.8,81.0,1,86.2,76.6,0.0,0.0,0.0,0.0,144
2023-05-10 09:49:21,HO2312-C-2800,HO2312-C-2800,86.2,0.0,0.0,0.0,5,77.8,81.0,1,86.2,76.6,0.0,0.0,0.0,0.0,144
2023-05-10 09:49:22,HO2312-C-2800,HO2312-C-2800,86.2,0.0,0.0,0.0,3,77.8,81.0,1,86.2,76.6,0.0,0.0,0.0,0.0,144
2023-05-10 09:49:29,HO2312-C-2800,HO2312-C-2800,86.2,0.0,0.0,0.0,5,77.8,81.0,1,86.2,76.6,0.0,0.0,0.0,0.0,144
2023-05-10 09:49:29,HO2312-C-2800,HO2312-C-2800,86.2,0.0,0.0,0.0,6,77.8,81.0,1,86.2,76.6,0.0,0.0,0.0,0.0,144
2023-05-10 09:49:35,HO2312-C-2800,HO2312-C-2800,86.2,0.0,0.0,0.0,1,78.0,81.0,1,86.2,76.6,0.0,0.0,0.0,0.0,144
2023-05-10 09:49:35,HO2312-C-2800,HO2312-C-2800,86.2,0.0,0.0,0.0,3,78.2,81.0,1,86.2,76.6,0.0,0.0,0.0,0.0,144
2023-05-10 09:49:37,HO2312-C-2800,HO2312-C-2800,86.2,0.0,0.0,0.0,4,78.0,81.0,1,86.2,76.6,0.0,0.0,0.0,0.0,144
2023-05-10 09:49:37,HO2312-C-2800,HO2312-C-2800,86.2,0.0,0.0,0.0,6,78.0,81.0,1,86.2,76.6,0.0,0.0,0.0,0.0,144
2023-05-10 09:49:38,HO2312-C-2800,HO2312-C-2800,86.2,0.0,0.0,0.0,4,78.0,81.0,1,86.2,76.6,0.0,0.0,0.0,0.0,144
2023-05-10 09:49:41,HO2312-C-2800,HO2312-C-2800,86.2,0.0,0.0,0.0,1,78.0,81.0,1,86.2,76.6,0.0,0.0,0.0,0.0,144
2023-05-10 09:49:42,HO2312-C-2800,HO2312-C-2800,86.2,0.0,0.0,0.0,3,77.8,81.0,1,86.2,76.6,0.0,0.0,0.0,0.0,144
2023-05-10 09:49:50,HO2312-C-2800,HO2312-C-2800,86.2,0.0,0.0,0.0,4,77.8,81.0,1,86.2,76.6,0.0,0.0,0.0,0.0,144
2023-05-10 09:49:51,HO2312-C-2800,HO2312-C-2800,86.2,0.0,0.0,0.0,6,77.8,81.0,1,86.2,76.6,0.0,0.0,0.0,0.0,144
2023-05-10 09:49:53,HO2312-C-2800,HO2312-C-2800,86.2,0.0,0.0,0.0,1,78.0,81.0,1,86.2,76.6,0.0,0.0,0.0,0.0,144
2023-05-10 09:49:54,HO2312-C-2800,HO2312-C-2800,86.2,0.0,0.0,0.0,3,78.2,81.0,1,86.2,76.6,0.0,0.0,0.0,0.0,144
2023-05-10 09:49:55,HO2312-C-2800,HO2312-C-2800,86.2,0.0,0.0,0.0,4,78.0,81.0,1,86.2,76.6,0.0,0.0,0.0,0.0,144
2023-05-10 09:49:55,HO2312-C-2800,HO2312-C-2800,86.2,0.0,0.0,0.0,6,78.0,81.0,1,86.2,76.6,0.0,0.0,0.0,0.0,144
2023-05-10 09:49:57,HO2312-C-2800,HO2312-C-2800,86.2,0.0,0.0,0.0,4,78.0,81.0,1,86.2,76.6,0.0,0.0,0.0,0.0,144
2023-05-10 09:49:58,HO2312-C-2800,HO2312-C-2800,86.2,0.0,0.0,0.0,6,78.0,81.0,1,86.2,76.6,0.0,0.0,0.0,0.0,144
2023-05-10 09:49:58,HO2312-C-2800,HO2312-C-2800,86.2,0.0,0.0,0.0,1,78.4,81.0,1,86.2,76.6,0.0,0.0,0.0,0.0,144
2023-05-10 09:50:02,HO2312-C-2800,HO2312-C-2800,86.2,0.0,0.0,0.0,3,78.0,81.0,1,86.2,76.6,0.0,0.0,0.0,0.0,144
2023-05-10 09:50:08,HO2312-C-2800,HO2312-C-2800,86.2,0.0,0.0,0.0,4,77.8,81.0,1,86.2,76.6,0.0,0.0,0.0,0.0,144
2023-05-10 09:50:10,HO2312-C-2800,HO2312-C-2800,86.2,0.0,0.0,0.0,1,78.0,81.0,1,86.2,76.6,0.0,0.0,0.0,0.0,144
2023-05-10 09:50:11,HO2312-C-2800,HO2312-C-2800,86.2,0.0,0.0,0.0,4,78.0,81.0,1,86.2,76.6,0.0,0.0,0.0,0.0,144
2023-05-10 09:50:13,HO2312-C-2800,HO2312-C-2800,86.2,0.0,0.0,0.0,1,78.2,81.0,1,86.2,76.6,0.0,0.0,0.0,0.0,144
2023-05-10 09:50:14,HO2312-C-2800,HO2312-C-2800,86.2,0.0,0.0,0.0,4,78.2,81.0,1,86.2,76.6,0.0,0.0,0.0,0.0,144
2023-05-10 09:50:15,HO2312-C-2800,HO2312-C-2800,86.2,0.0,0.0,0.0,1,78.8,81.0,1,86.2,76.6,0.0,0.0,0.0,0.0,144
2023-05-10 09:50:19,HO2312-C-2800,HO2312-C-2800,86.2,0.0,0.0,0.0,3,78.8,81.6,18,86.2,76.6,0.0,0.0,0.0,0.0,144
2023-05-10 09:50:20,HO2312-C-2800,HO2312-C-2800,86.2,0.0,0.0,0.0,4,78.8,81.6,18,86.2,76.6,0.0,0.0,0.0,0.0,144
2023-05-10 09:50:21,HO2312-C-2800,HO2312-C-2800,86.2,0.0,0.0,0.0,1,78.8,81.6,18,86.2,76.6,0.0,0.0,0.0,0.0,144
2023-05-10 09:50:24,HO2312-C-2800,HO2312-C-2800,86.2,0.0,0.0,0.0,6,78.8,81.6,18,86.2,76.6,0.0,0.0,0.0,0.0,144
2023-05-10 09:50:25,HO2312-C-2800,HO2312-C-2800,86.2,0.0,0.0,0.0,1,79.6,81.6,18,86.2,76.6,0.0,0.0,0.0,0.0,144
2023-05-10 09:50:27,HO2312-C-2800,HO2312-C-2800,86.2,0.0,0.0,0.0,1,79.2,81.6,18,86.2,76.6,0.0,0.0,0.0,0.0,144
2023-05-10 09:50:36,HO2312-C-2800,HO2312-C-2800,86.2,0.0,0.0,0.0,1,78.8,81.6,18,86.2,76.6,0.0,0.0,0.0,0.0,144
2023-05-10 09:50:47,HO2312-C-2800,HO2312-C-2800,86.2,0.0,0.0,0.0,6,78.6,81.6,18,86.2,76.6,0.0,0.0,0.0,0.0,144
2023-05-10 09:50:48,HO2312-C-2800,HO2312-C-2800,86.2,0.0,0.0,0.0,1,78.4,81.6,18,86.2,76.6,0.0,0.0,0.0,0.0,144
2023-05-10 09:50:49,HO2312-C-2800,HO2312-C-2800,86.2,0.0,0.0,0.0,1,78.4,81.2,1,86.2,76.6,0.0,0.0,0.0,0.0,144
2023-05-10 09:50:59,HO2312-C-2800,HO2312-C-2800,86.2,0.0,0.0,0.0,3,78.4,81.2,1,86.2,76.6,0.0,0.0,0.0,0.0,144
2023-05-10 09:51:00,HO2312-C-2800,HO2312-C-2800,86.2,0.0,0.0,0.0,1,78.4,81.2,1,86.2,76.6,0.0,0.0,0.0,0.0,144
2023-05-10 09:51:02,HO2312-C-2800,HO2312-C-2800,86.2,0.0,0.0,0.0,6,78.2,81.2,8,86.2,76.6,0.0,0.0,0.0,0.0,144
2023-05-10 09:51:02,HO2312-C-2800,HO2312-C-2800,86.2,0.0,0.0,0.0,19,78.0,81.2,8,86.2,76.6,0.0,0.0,0.0,0.0,144
2023-05-10 09:51:03,HO2312-C-2800,HO2312-C-2800,86.2,0.0,0.0,0.0,13,78.0,81.2,8,86.2,76.6,0.0,0.0,0.0,0.0,144
2023-05-10 09:51:03,HO2312-C-2800,HO2312-C-2800,86.2,0.0,0.0,0.0,1,78.2,81.2,8,86.2,76.6,0.0,0.0,0.0,0.0,144
2023-05-10 09:51:12,HO2312-C-2800,HO2312-C-2800,86.2,0.0,0.0,0.0,4,78.2,81.2,8,86.2,76.6,0.0,0.0,0.0,0.0,144
2023-05-10 09:51:13,HO2312-C-2800,HO2312-C-2800,86.2,0.0,0.0,0.0,1,78.6,81.2,8,86.2,76.6,0.0,0.0,0.0,0.0,144
2023-05-10 09:51:14,HO2312-C-2800,HO2312-C-2800,86.2,0.0,0.0,0.0,1,78.6,81.2,7,86.2,76.6,0.0,0.0,0.0,0.0,144
2023-05-10 09:51:16,HO2312-C-2800,HO2312-C-2800,86.2,0.0,0.0,0.0,1,78.6,81.2,6,86.2,76.6,0.0,0.0,0.0,0.0,144
2023-05-10 09:51:16,HO2312-C-2800,HO2312-C-2800,86.2,0.0,0.0,0.0,5,78.8,81.6,18,86.2,76.6,0.0,0.0,0.0,0.0,144
2023-05-10 09:51:17,HO2312-C-2800,HO2312-C-2800,86.2,0.0,0.0,0.0,3,78.8,81.6,12,86.2,76.6,0.0,0.0,0.0,0.0,144
2023-05-10 09:51:17,HO2312-C-2800,HO2312-C-2800,86.2,0.0,0.0,0.0,4,78.6,81.4,1,86.2,76.6,0.0,0.0,0.0,0.0,144
2023-05-10 09:51:18,HO2312-C-2800,HO2312-C-2800,86.2,0.0,0.0,0.0,6,78.6,81.4,1,86.2,76.6,0.0,0.0,0.0,0.0,144
2023-05-10 09:51:21,HO2312-C-2800,HO2312-C-2800,86.2,0.0,0.0,0.0,4,78.6,81.4,1,86.2,76.6,0.0,0.0,0.0,0.0,144
2023-05-10 09:51:21,HO2312-C-2800,HO2312-C-2800,86.2,0.0,0.0,0.0,1,78.6,81.4,1,86.2,76.6,0.0,0.0,0.0,0.0,144
2023-05-10 09:51:24,HO2312-C-2800,HO2312-C-2800,86.2,0.0,0.0,0.0,15,78.4,81.4,1,86.2,76.6,0.0,0.0,0.0,0.0,144
2023-05-10 09:51:24,HO2312-C-2800,HO2312-C-2800,86.2,0.0,0.0,0.0,6,78.4,81.4,1,86.2,76.6,0.0,0.0,0.0,0.0,144
2023-05-10 09:51:25,HO2312-C-2800,HO2312-C-2800,86.2,0.0,0.0,0.0,16,78.2,81.4,1,86.2,76.6,0.0,0.0,0.0,0.0,144
2023-05-10 09:51:25,HO2312-C-2800,HO2312-C-2800,86.2,0.0,0.0,0.0,18,78.2,81.4,1,86.2,76.6,0.0,0.0,0.0,0.0,144
2023-05-10 09:51:28,HO2312-C-2800,HO2312-C-2800,86.2,0.0,0.0,0.0,16,78.2,81.4,1,86.2,76.6,0.0,0.0,0.0,0.0,144
2023-05-10 09:51:29,HO2312-C-2800,HO2312-C-2800,86.2,0.0,0.0,0.0,18,78.2,81.4,1,86.2,76.6,0.0,0.0,0.0,0.0,144
2023-05-10 09:51:29,HO2312-C-2800,HO2312-C-2800,86.2,0.0,0.0,0.0,16,78.2,81.4,1,86.2,76.6,0.0,0.0,0.0,0.0,144
2023-05-10 09:51:32,HO2312-C-2800,HO2312-C-2800,86.2,0.0,0.0,0.0,1,78.8,81.4,1,86.2,76.6,0.0,0.0,0.0,0.0,144
2023-05-10 09:51:37,HO2312-C-2800,HO2312-C-2800,86.2,0.0,0.0,0.0,16,78.2,81.4,1,86.2,76.6,0.0,0.0,0.0,0.0,144
2023-05-10 09:51:43,HO2312-C-2800,HO2312-C-2800,86.2,0.0,0.0,0.0,1,78.4,81.4,1,86.2,76.6,0.0,0.0,0.0,0.0,144
2023-05-10 09:51:43,HO2312-C-2800,HO2312-C-2800,86.2,0.0,0.0,0.0,4,78.4,81.4,1,86.2,76.6,0.0,0.0,0.0,0.0,144
2023-05-10 09:51:50,HO2312-C-2800,HO2312-C-2800,86.2,0.0,0.0,0.0,1,78.4,81.4,1,86.2,76.6,0.0,0.0,0.0,0.0,144
2023-05-10 09:51:58,HO2312-C-2800,HO2312-C-2800,86.2,0.0,0.0,0.0,12,78.2,81.4,1,86.2,76.6,0.0,0.0,0.0,0.0,144
2023-05-10 09:51:58,HO2312-C-2800,HO2312-C-2800,86.2,0.0,0.0,0.0,10,78.0,81.4,1,86.2,76.6,0.0,0.0,0.0,0.0,144
2023-05-10 09:51:59,HO2312-C-2800,HO2312-C-2800,86.2,0.0,0.0,0.0,4,78.0,81.4,1,86.2,76.6,0.0,0.0,0.0,0.0,144
2023-05-10 09:52:01,HO2312-C-2800,HO2312-C-2800,86.2,0.0,0.0,0.0,3,78.0,81.4,1,86.2,76.6,0.0,0.0,0.0,0.0,144
2023-05-10 09:52:01,HO2312-C-2800,HO2312-C-2800,86.2,0.0,0.0,0.0,3,78.0,81.4,3,86.2,76.6,0.0,0.0,0.0,0.0,144
2023-05-10 09:52:02,HO2312-C-2800,HO2312-C-2800,86.2,0.0,0.0,0.0,33,77.8,80.4,1,86.2,76.6,0.0,0.0,0.0,0.0,144
2023-05-10 09:52:02,HO2312-C-2800,HO2312-C-2800,86.2,0.0,0.0,0.0,27,77.8,80.4,1,86.2,76.6,0.0,0.0,0.0,0.0,144
2023-05-10 09:52:11,HO2312-C-2800,HO2312-C-2800,86.2,0.0,0.0,0.0,21,77.8,80.4,1,86.2,76.6,0.0,0.0,0.0,0.0,144
2023-05-10 09:52:15,HO2312-C-2800,HO2312-C-2800,86.2,0.0,0.0,0.0,15,77.8,80.4,1,86.2,76.6,0.0,0.0,0.0,0.0,144
2023-05-10 09:52:15,HO2312-C-2800,HO2312-C-2800,86.2,0.0,0.0,0.0,9,77.8,80.4,1,86.2,76.6,0.0,0.0,0.0,0.0,144
2023-05-10 09:52:16,HO2312-C-2800,HO2312-C-2800,86.2,0.0,0.0,0.0,4,77.6,80.4,1,86.2,76.6,0.0,0.0,0.0,0.0,144
2023-05-10 09:52:18,HO2312-C-2800,HO2312-C-2800,86.2,0.0,0.0,0.0,1,77.6,80.4,1,86.2,76.6,0.0,0.0,0.0,0.0,144
2023-05-10 09:52:20,HO2312-C-2800,HO2312-C-2800,86.2,0.0,0.0,0.0,3,77.6,80.4,1,86.2,76.6,0.0,0.0,0.0,0.0,144
2023-05-10 09:52:20,HO2312-C-2800,HO2312-C-2800,86.2,0.0,0.0,0.0,9,77.4,80.4,1,86.2,76.6,0.0,0.0,0.0,0.0,144
2023-05-10 09:52:21,HO2312-C-2800,HO2312-C-2800,86.2,0.0,0.0,0.0,3,77.4,80.4,1,86.2,76.6,0.0,0.0,0.0,0.0,144
2023-05-10 09:52:23,HO2312-C-2800,HO2312-C-2800,86.2,0.0,0.0,0.0,4,77.4,80.4,1,86.2,76.6,0.0,0.0,0.0,0.0,144
2023-05-10 09:52:31,HO2312-C-2800,HO2312-C-2800,86.2,0.0,0.0,0.0,6,77.4,80.4,1,86.2,76.6,0.0,0.0,0.0,0.0,144
2023-05-10 09:52:31,HO2312-C-2800,HO2312-C-2800,86.2,0.0,0.0,0.0,1,77.6,80.4,1,86.2,76.6,0.0,0.0,0.0,0.0,144
2023-05-10 09:52:40,HO2312-C-2800,HO2312-C-2800,86.2,0.0,0.0,0.0,5,77.8,80.4,1,86.2,76.6,0.0,0.0,0.0,0.0,144
2023-05-10 09:52:40,HO2312-C-2800,HO2312-C-2800,86.2,0.0,0.0,0.0,1,78.2,80.4,1,86.2,76.6,0.0,0.0,0.0,0.0,144
2023-05-10 09:52:42,HO2312-C-2800,HO2312-C-2800,86.2,0.0,0.0,0.0,1,78.2,81.0,6,86.2,76.6,0.0,0.0,0.0,0.0,144
2023-05-10 09:52:47,HO2312-C-2800,HO2312-C-2800,86.2,0.0,0.0,0.0,1,78.2,81.0,7,86.2,76.6,0.0,0.0,0.0,0.0,144
2023-05-10 09:52:49,HO2312-C-2800,HO2312-C-2800,86.2,0.0,0.0,0.0,1,78.2,80.8,6,86.2,76.6,0.0,0.0,0.0,0.0,144
2023-05-10 09:52:54,HO2312-C-2800,HO2312-C-2800,86.2,0.0,0.0,0.0,1,77.8,80.8,6,86.2,76.6,0.0,0.0,0.0,0.0,144
2023-05-10 09:53:03,HO2312-C-2800,HO2312-C-2800,86.2,0.0,0.0,0.0,1,77.8,80.2,1,86.2,76.6,0.0,0.0,0.0,0.0,144
2023-05-10 09:53:04,HO2312-C-2800,HO2312-C-2800,86.2,0.0,0.0,0.0,6,77.6,80.2,1,86.2,76.6,0.0,0.0,0.0,0.0,144
2023-05-10 09:53:05,HO2312-C-2800,HO2312-C-2800,86.2,0.0,0.0,0.0,7,77.4,80.2,1,86.2,76.6,0.0,0.0,0.0,0.0,144
2023-05-10 09:53:05,HO2312-C-2800,HO2312-C-2800,86.2,0.0,0.0,0.0,1,77.4,80.2,1,86.2,76.6,0.0,0.0,0.0,0.0,144
2023-05-10 09:53:12,HO2312-C-2800,HO2312-C-2800,86.2,0.0,0.0,0.0,6,77.4,80.2,1,86.2,76.6,0.0,0.0,0.0,0.0,144
2023-05-10 09:53:12,HO2312-C-2800,HO2312-C-2800,86.2,0.0,0.0,0.0,1,77.8,80.2,1,86.2,76.6,0.0,0.0,0.0,0.0,144
2023-05-10 09:53:15,HO2312-C-2800,HO2312-C-2800,86.2,0.0,0.0,0.0,1,77.8,80.6,1,86.2,76.6,0.0,0.0,0.0,0.0,144
2023-05-10 09:53:15,HO2312-C-2800,HO2312-C-2800,86.2,0.0,0.0,0.0,5,78.0,80.8,18,86.2,76.6,0.0,0.0,0.0,0.0,144
2023-05-10 09:53:16,HO2312-C-2800,HO2312-C-2800,86.2,0.0,0.0,0.0,1,78.2,80.8,12,86.2,76.6,0.0,0.0,0.0,0.0,144
2023-05-10 09:53:16,HO2312-C-2800,HO2312-C-2800,86.2,0.0,0.0,0.0,1,78.2,80.8,6,86.2,76.6,0.0,0.0,0.0,0.0,144
2023-05-10 09:54:05,HO2312-C-2800,HO2312-C-2800,86.2,0.0,0.0,0.0,4,77.6,80.8,6,86.2,76.6,0.0,0.0,0.0,0.0,144
2023-05-10 09:54:05,HO2312-C-2800,HO2312-C-2800,86.2,0.0,0.0,0.0,4,77.6,80.8,7,86.2,76.6,0.0,0.0,0.0,0.0,144
2023-05-10 09:54:08,HO2312-C-2800,HO2312-C-2800,86.2,0.0,0.0,0.0,1,77.8,80.8,7,86.2,76.6,0.0,0.0,0.0,0.0,144
2023-05-10 09:54:25,HO2312-C-2800,HO2312-C-2800,86.2,0.0,0.0,0.0,1,77.8,80.4,1,86.2,76.6,0.0,0.0,0.0,0.0,144
2023-05-10 09:54:35,HO2312-C-2800,HO2312-C-2800,86.2,0.0,0.0,0.0,4,77.4,80.4,1,86.2,76.6,0.0,0.0,0.0,0.0,144
2023-05-10 09:54:37,HO2312-C-2800,HO2312-C-2800,86.2,0.0,0.0,0.0,1,77.4,80.4,1,86.2,76.6,0.0,0.0,0.0,0.0,144
2023-05-10 09:54:45,HO2312-C-2800,HO2312-C-2800,86.2,0.0,0.0,0.0,4,77.4,80.4,1,86.2,76.6,0.0,0.0,0.0,0.0,144
2023-05-10 09:54:55,HO2312-C-2800,HO2312-C-2800,86.2,0.0,0.0,0.0,6,77.4,80.4,1,86.2,76.6,0.0,0.0,0.0,0.0,144
2023-05-10 09:54:58,HO2312-C-2800,HO2312-C-2800,86.2,0.0,0.0,0.0,4,77.4,80.4,1,86.2,76.6,0.0,0.0,0.0,0.0,144
2023-05-10 09:55:01,HO2312-C-2800,HO2312-C-2800,86.2,0.0,0.0,0.0,3,77.4,80.4,1,86.2,76.6,0.0,0.0,0.0,0.0,144
2023-05-10 09:55:02,HO2312-C-2800,HO2312-C-2800,86.2,0.0,0.0,0.0,21,77.2,80.4,1,86.2,76.6,0.0,0.0,0.0,0.0,144
2023-05-10 09:55:03,HO2312-C-2800,HO2312-C-2800,86.2,0.0,0.0,0.0,15,77.2,80.4,1,86.2,76.6,0.0,0.0,0.0,0.0,144
2023-05-10 09:55:03,HO2312-C-2800,HO2312-C-2800,86.2,0.0,0.0,0.0,6,77.2,80.4,1,86.2,76.6,0.0,0.0,0.0,0.0,144
2023-05-10 09:55:04,HO2312-C-2800,HO2312-C-2800,86.2,0.0,0.0,0.0,9,77.2,80.4,1,86.2,76.6,0.0,0.0,0.0,0.0,144
2023-05-10 09:55:06,HO2312-C-2800,HO2312-C-2800,86.2,0.0,0.0,0.0,6,77.2,80.4,3,86.2,76.6,0.0,0.0,0.0,0.0,144
2023-05-10 09:55:06,HO2312-C-2800,HO2312-C-2800,86.2,0.0,0.0,0.0,6,77.2,79.4,1,86.2,76.6,0.0,0.0,0.0,0.0,144
2023-05-10 09:55:07,HO2312-C-2800,HO2312-C-2800,86.2,0.0,0.0,0.0,1,77.0,79.4,1,86.2,76.6,0.0,0.0,0.0,0.0,144
2023-05-10 09:55:08,HO2312-C-2800,HO2312-C-2800,86.2,0.0,0.0,0.0,3,77.2,79.4,1,86.2,76.6,0.0,0.0,0.0,0.0,144
2023-05-10 09:55:10,HO2312-C-2800,HO2312-C-2800,86.2,0.0,0.0,0.0,4,77.0,79.4,1,86.2,76.6,0.0,0.0,0.0,0.0,144
2023-05-10 09:55:28,HO2312-C-2800,HO2312-C-2800,86.2,0.0,0.0,0.0,1,77.0,79.4,1,86.2,76.6,0.0,0.0,0.0,0.0,144
2023-05-10 09:55:31,HO2312-C-2800,HO2312-C-2800,86.2,0.0,0.0,0.0,3,76.8,79.4,1,86.2,76.6,0.0,0.0,0.0,0.0,144
2023-05-10 09:55:31,HO2312-C-2800,HO2312-C-2800,86.2,0.0,0.0,0.0,4,76.6,79.4,1,86.2,76.6,0.0,0.0,0.0,0.0,144
2023-05-10 09:55:32,HO2312-C-2800,HO2312-C-2800,86.2,0.0,0.0,0.0,6,76.6,79.4,1,86.2,76.6,0.0,0.0,0.0,0.0,144
2023-05-10 09:55:33,HO2312-C-2800,HO2312-C-2800,86.2,0.0,0.0,0.0,4,76.6,79.4,1,86.2,76.6,0.0,0.0,0.0,0.0,144
2023-05-10 09:55:34,HO2312-C-2800,HO2312-C-2800,86.2,0.0,0.0,0.0,1,76.6,79.4,1,86.2,76.6,0.0,0.0,0.0,0.0,144
2023-05-10 09:56:03,HO2312-C-2800,HO2312-C-2800,86.2,0.0,0.0,0.0,4,76.6,79.4,1,86.2,76.6,0.0,0.0,0.0,0.0,144
2023-05-10 09:56:04,HO2312-C-2800,HO2312-C-2800,86.2,0.0,0.0,0.0,1,76.8,79.4,1,86.2,76.6,0.0,0.0,0.0,0.0,144
2023-05-10 09:56:08,HO2312-C-2800,HO2312-C-2800,86.2,0.0,0.0,0.0,4,76.8,79.4,1,86.2,76.6,0.0,0.0,0.0,0.0,144
2023-05-10 09:56:08,HO2312-C-2800,HO2312-C-2800,86.2,0.0,0.0,0.0,1,77.2,79.4,1,86.2,76.6,0.0,0.0,0.0,0.0,144
2023-05-10 09:56:10,HO2312-C-2800,HO2312-C-2800,86.2,0.0,0.0,0.0,4,76.8,79.4,1,86.2,76.6,0.0,0.0,0.0,0.0,144
2023-05-10 09:56:10,HO2312-C-2800,HO2312-C-2800,86.2,0.0,0.0,0.0,1,76.8,79.4,1,86.2,76.6,0.0,0.0,0.0,0.0,144
2023-05-10 09:56:12,HO2312-C-2800,HO2312-C-2800,86.2,0.0,0.0,0.0,4,76.8,79.4,1,86.2,76.6,0.0,0.0,0.0,0.0,144
2023-05-10 09:56:15,HO2312-C-2800,HO2312-C-2800,86.2,0.0,0.0,0.0,1,77.0,79.4,1,86.2,76.6,0.0,0.0,0.0,0.0,144
2023-05-10 09:56:27,HO2312-C-2800,HO2312-C-2800,86.2,0.0,0.0,0.0,3,76.8,79.4,1,86.2,76.6,0.0,0.0,0.0,0.0,144
2023-05-10 09:56:32,HO2312-C-2800,HO2312-C-2800,86.2,0.0,0.0,0.0,4,76.8,79.4,1,86.2,76.6,0.0,0.0,0.0,0.0,144
2023-05-10 09:56:35,HO2312-C-2800,HO2312-C-2800,86.2,0.0,0.0,0.0,1,77.0,79.4,1,86.2,76.6,0.0,0.0,0.0,0.0,144
2023-05-10 09:57:11,HO2312-C-2800,HO2312-C-2800,86.2,0.0,0.0,0.0,1,77.0,79.6,1,86.2,76.6,0.0,0.0,0.0,0.0,144
2023-05-10 09:57:12,HO2312-C-2800,HO2312-C-2800,86.2,0.0,0.0,0.0,4,77.0,79.6,1,86.2,76.6,0.0,0.0,0.0,0.0,144
2023-05-10 09:57:12,HO2312-C-2800,HO2312-C-2800,86.2,0.0,0.0,0.0,1,77.4,79.6,1,86.2,76.6,0.0,0.0,0.0,0.0,144
2023-05-10 09:57:19,HO2312-C-2800,HO2312-C-2800,86.2,0.0,0.0,0.0,1,77.0,79.6,1,86.2,76.6,0.0,0.0,0.0,0.0,144
2023-05-10 09:58:01,HO2312-C-2800,HO2312-C-2800,86.2,0.0,0.0,0.0,1,77.0,79.8,24,86.2,76.6,0.0,0.0,0.0,0.0,144
2023-05-10 09:58:01,HO2312-C-2800,HO2312-C-2800,86.2,0.0,0.0,0.0,4,77.0,79.8,6,86.2,76.6,0.0,0.0,0.0,0.0,144
2023-05-10 09:58:02,HO2312-C-2800,HO2312-C-2800,86.2,0.0,0.0,0.0,4,77.0,80.0,25,86.2,76.6,0.0,0.0,0.0,0.0,144
2023-05-10 09:58:02,HO2312-C-2800,HO2312-C-2800,86.2,0.0,0.0,0.0,1,77.0,80.0,19,86.2,76.6,0.0,0.0,0.0,0.0,144
2023-05-10 09:58:03,HO2312-C-2800,HO2312-C-2800,86.2,0.0,0.0,0.0,1,77.0,80.0,21,86.2,76.6,0.0,0.0,0.0,0.0,144
2023-05-10 09:58:04,HO2312-C-2800,HO2312-C-2800,86.2,0.0,0.0,0.0,1,77.0,80.0,19,86.2,76.6,0.0,0.0,0.0,0.0,144
2023-05-10 09:58:05,HO2312-C-2800,HO2312-C-2800,86.2,0.0,0.0,0.0,1,77.0,80.0,21,86.2,76.6,0.0,0.0,0.0,0.0,144
2023-05-10 09:58:25,HO2312-C-2800,HO2312-C-2800,86.2,0.0,0.0,0.0,1,77.0,80.0,19,86.2,76.6,0.0,0.0,0.0,0.0,144
2023-05-10 09:58:25,HO2312-C-2800,HO2312-C-2800,86.2,0.0,0.0,0.0,1,77.0,80.0,21,86.2,76.6,0.0,0.0,0.0,0.0,144
2023-05-10 09:58:28,HO2312-C-2800,HO2312-C-2800,86.2,0.0,0.0,0.0,1,77.0,80.0,19,86.2,76.6,0.0,0.0,0.0,0.0,144
2023-05-10 09:58:31,HO2312-C-2800,HO2312-C-2800,86.2,0.0,0.0,0.0,4,77.0,80.0,19,86.2,76.6,0.0,0.0,0.0,0.0,144
2023-05-10 09:58:31,HO2312-C-2800,HO2312-C-2800,86.2,0.0,0.0,0.0,1,77.4,80.0,19,86.2,76.6,0.0,0.0,0.0,0.0,144
2023-05-10 09:58:34,HO2312-C-2800,HO2312-C-2800,86.2,0.0,0.0,0.0,1,77.4,80.0,13,86.2,76.6,0.0,0.0,0.0,0.0,144
2023-05-10 09:58:35,HO2312-C-2800,HO2312-C-2800,86.2,0.0,0.0,0.0,1,77.4,80.0,7,86.2,76.6,0.0,0.0,0.0,0.0,144
2023-05-10 09:58:35,HO2312-C-2800,HO2312-C-2800,86.2,0.0,0.0,0.0,1,77.4,80.0,1,86.2,76.6,0.0,0.0,0.0,0.0,144
2023-05-10 09:58:50,HO2312-C-2800,HO2312-C-2800,86.2,0.0,0.0,0.0,1,77.0,80.0,1,86.2,76.6,0.0,0.0,0.0,0.0,144
2023-05-10 09:58:50,HO2312-C-2800,HO2312-C-2800,86.2,0.0,0.0,0.0,1,77.0,80.0,3,86.2,76.6,0.0,0.0,0.0,0.0,144
2023-05-10 09:59:07,HO2312-C-2800,HO2312-C-2800,86.2,0.0,0.0,0.0,1,77.0,80.0,4,86.2,76.6,0.0,0.0,0.0,0.0,144
2023-05-10 09:59:14,HO2312-C-2800,HO2312-C-2800,86.2,0.0,0.0,0.0,1,77.0,80.0,2,86.2,76.6,0.0,0.0,0.0,0.0,144
2023-05-10 09:59:21,HO2312-C-2800,HO2312-C-2800,86.2,0.0,0.0,0.0,1,76.6,79.4,1,86.2,76.6,0.0,0.0,0.0,0.0,144
2023-05-10 09:59:21,HO2312-C-2800,HO2312-C-2800,86.2,0.0,0.0,0.0,4,76.6,79.4,1,86.2,76.6,0.0,0.0,0.0,0.0,144
2023-05-10 09:59:22,HO2312-C-2800,HO2312-C-2800,86.2,0.0,0.0,0.0,1,76.6,79.4,1,86.2,76.6,0.0,0.0,0.0,0.0,144
2023-05-10 09:59:28,HO2312-C-2800,HO2312-C-2800,86.2,0.0,0.0,0.0,3,76.6,79.4,1,86.2,76.6,0.0,0.0,0.0,0.0,144
2023-05-10 09:59:29,HO2312-C-2800,HO2312-C-2800,86.2,0.0,0.0,0.0,1,77.0,79.4,1,86.2,76.6,0.0,0.0,0.0,0.0,144
2023-05-10 09:59:33,HO2312-C-2800,HO2312-C-2800,86.2,0.0,0.0,0.0,1,77.0,80.0,6,86.2,76.6,0.0,0.0,0.0,0.0,144
2023-05-10 09:59:33,HO2312-C-2800,HO2312-C-2800,86.2,0.0,0.0,0.0,3,77.0,80.2,32,86.2,76.6,0.0,0.0,0.0,0.0,144
2023-05-10 09:59:34,HO2312-C-2800,HO2312-C-2800,86.2,0.0,0.0,0.0,1,77.6,80.2,26,86.2,76.6,0.0,0.0,0.0,0.0,144
2023-05-10 09:59:34,HO2312-C-2800,HO2312-C-2800,86.2,0.0,0.0,0.0,1,77.6,80.2,20,86.2,76.6,0.0,0.0,0.0,0.0,144
2023-05-10 09:59:39,HO2312-C-2800,HO2312-C-2800,86.2,0.0,0.0,0.0,1,77.6,80.2,21,86.2,76.6,0.0,0.0,0.0,0.0,144
2023-05-10 09:59:40,HO2312-C-2800,HO2312-C-2800,86.2,0.0,0.0,0.0,1,77.6,80.2,23,86.2,76.6,0.0,0.0,0.0,0.0,144
2023-05-10 10:00:05,HO2312-C-2800,HO2312-C-2800,86.2,0.0,0.0,0.0,1,77.6,80.2,21,86.2,76.6,0.0,0.0,0.0,0.0,144
2023-05-10 10:00:06,HO2312-C-2800,HO2312-C-2800,86.2,0.0,0.0,0.0,1,77.6,80.2,23,86.2,76.6,0.0,0.0,0.0,0.0,144
2023-05-10 10:00:06,HO2312-C-2800,HO2312-C-2800,86.2,0.0,0.0,0.0,1,77.6,80.2,21,86.2,76.6,0.0,0.0,0.0,0.0,144
2023-05-10 10:00:07,HO2312-C-2800,HO2312-C-2800,86.2,0.0,0.0,0.0,1,77.6,80.2,23,86.2,76.6,0.0,0.0,0.0,0.0,144
2023-05-10 10:00:08,HO2312-C-2800,HO2312-C-2800,86.2,0.0,0.0,0.0,1,77.6,80.2,21,86.2,76.6,0.0,0.0,0.0,0.0,144
2023-05-10 10:00:08,HO2312-C-2800,HO2312-C-2800,86.2,0.0,0.0,0.0,1,77.6,80.2,15,86.2,76.6,0.0,0.0,0.0,0.0,144
2023-05-10 10:00:09,HO2312-C-2800,HO2312-C-2800,86.2,0.0,0.0,0.0,1,77.6,80.2,8,86.2,76.6,0.0,0.0,0.0,0.0,144
2023-05-10 10:00:09,HO2312-C-2800,HO2312-C-2800,86.2,0.0,0.0,0.0,1,77.6,80.2,2,86.2,76.6,0.0,0.0,0.0,0.0,144
2023-05-10 10:00:29,HO2312-C-2800,HO2312-C-2800,86.2,0.0,0.0,0.0,1,77.6,80.2,1,86.2,76.6,0.0,0.0,0.0,0.0,144
2023-05-10 10:00:30,HO2312-C-2800,HO2312-C-2800,86.2,0.0,0.0,0.0,3,77.6,80.2,1,86.2,76.6,0.0,0.0,0.0,0.0,144
2023-05-10 10:00:30,HO2312-C-2800,HO2312-C-2800,86.2,0.0,0.0,0.0,1,78.4,80.2,1,86.2,76.6,0.0,0.0,0.0,0.0,144
2023-05-10 10:01:00,HO2312-C-2800,HO2312-C-2800,86.2,0.0,0.0,0.0,1,78.0,80.2,1,86.2,76.6,0.0,0.0,0.0,0.0,144
2023-05-10 10:01:09,HO2312-C-2800,HO2312-C-2800,86.2,0.0,0.0,0.0,1,78.0,80.8,2,86.2,76.6,0.0,0.0,0.0,0.0,144
2023-05-10 10:01:25,HO2312-C-2800,HO2312-C-2800,86.2,0.0,0.0,0.0,1,78.0,80.6,2,86.2,76.6,0.0,0.0,0.0,0.0,144
2023-05-10 10:01:26,HO2312-C-2800,HO2312-C-2800,86.2,0.0,0.0,0.0,1,78.0,80.8,2,86.2,76.6,0.0,0.0,0.0,0.0,144
2023-05-10 10:01:26,HO2312-C-2800,HO2312-C-2800,86.2,0.0,0.0,0.0,1,78.0,80.8,4,86.2,76.6,0.0,0.0,0.0,0.0,144
2023-05-10 10:01:33,HO2312-C-2800,HO2312-C-2800,86.2,0.0,0.0,0.0,1,78.0,80.8,2,86.2,76.6,0.0,0.0,0.0,0.0,144
2023-05-10 10:02:32,HO2312-C-2800,HO2312-C-2800,86.2,0.0,0.0,0.0,1,78.0,80.8,1,86.2,76.6,0.0,0.0,0.0,0.0,144
2023-05-10 10:02:37,HO2312-C-2800,HO2312-C-2800,86.2,0.0,0.0,0.0,4,78.0,80.8,1,86.2,76.6,0.0,0.0,0.0,0.0,144
2023-05-10 10:02:38,HO2312-C-2800,HO2312-C-2800,86.2,0.0,0.0,0.0,1,78.6,80.8,1,86.2,76.6,0.0,0.0,0.0,0.0,144
2023-05-10 10:02:49,HO2312-C-2800,HO2312-C-2800,86.2,0.0,0.0,0.0,1,78.6,80.8,3,86.2,76.6,0.0,0.0,0.0,0.0,144
2023-05-10 10:02:49,HO2312-C-2800,HO2312-C-2800,86.2,0.0,0.0,0.0,1,78.6,80.8,1,86.2,76.6,0.0,0.0,0.0,0.0,144
2023-05-10 10:03:00,HO2312-C-2800,HO2312-C-2800,86.2,0.0,0.0,0.0,1,78.0,80.8,1,86.2,76.6,0.0,0.0,0.0,0.0,144
2023-05-10 10:03:08,HO2312-C-2800,HO2312-C-2800,86.2,0.0,0.0,0.0,1,78.0,81.0,19,86.2,76.6,0.0,0.0,0.0,0.0,144
2023-05-10 10:03:09,HO2312-C-2800,HO2312-C-2800,86.2,0.0,0.0,0.0,3,78.2,81.0,13,86.2,76.6,0.0,0.0,0.0,0.0,144
2023-05-10 10:03:09,HO2312-C-2800,HO2312-C-2800,86.2,0.0,0.0,0.0,5,78.2,81.0,6,86.2,76.6,0.0,0.0,0.0,0.0,144
2023-05-10 10:03:10,HO2312-C-2800,HO2312-C-2800,86.2,0.0,0.0,0.0,1,78.8,81.2,1,86.2,76.6,0.0,0.0,0.0,0.0,144
2023-05-10 10:03:12,HO2312-C-2800,HO2312-C-2800,86.2,0.0,0.0,0.0,1,78.8,81.4,19,86.2,76.6,0.0,0.0,0.0,0.0,144
2023-05-10 10:03:16,HO2312-C-2800,HO2312-C-2800,86.2,0.0,0.0,0.0,1,78.8,81.4,20,86.2,76.6,0.0,0.0,0.0,0.0,144
2023-05-10 10:03:27,HO2312-C-2800,HO2312-C-2800,86.2,0.0,0.0,0.0,1,78.4,81.4,20,86.2,76.6,0.0,0.0,0.0,0.0,144
2023-05-10 10:03:27,HO2312-C-2800,HO2312-C-2800,86.2,0.0,0.0,0.0,4,78.4,81.4,20,86.2,76.6,0.0,0.0,0.0,0.0,144
2023-05-10 10:03:30,HO2312-C-2800,HO2312-C-2800,86.2,0.0,0.0,0.0,1,78.6,81.4,20,86.2,76.6,0.0,0.0,0.0,0.0,144
2023-05-10 10:03:31,HO2312-C-2800,HO2312-C-2800,86.2,0.0,0.0,0.0,4,78.6,81.4,20,86.2,76.6,0.0,0.0,0.0,0.0,144
2023-05-10 10:03:32,HO2312-C-2800,HO2312-C-2800,86.2,0.0,0.0,0.0,1,79.6,81.4,19,86.2,76.6,0.0,0.0,0.0,0.0,144
2023-05-10 10:03:37,HO2312-C-2800,HO2312-C-2800,86.2,0.0,0.0,0.0,1,78.8,81.4,19,86.2,76.6,0.0,0.0,0.0,0.0,144
2023-05-10 10:04:00,HO2312-C-2800,HO2312-C-2800,86.2,0.0,0.0,0.0,1,78.8,81.2,1,86.2,76.6,0.0,0.0,0.0,0.0,144
2023-05-10 10:04:06,HO2312-C-2800,HO2312-C-2800,86.2,0.0,0.0,0.0,1,78.8,81.4,18,86.2,76.6,0.0,0.0,0.0,0.0,144
2023-05-10 10:04:22,HO2312-C-2800,HO2312-C-2800,86.2,0.0,0.0,0.0,1,78.8,81.4,19,86.2,76.6,0.0,0.0,0.0,0.0,144
2023-05-10 10:04:29,HO2312-C-2800,HO2312-C-2800,86.2,0.0,0.0,0.0,1,78.4,81.4,19,86.2,76.6,0.0,0.0,0.0,0.0,144
2023-05-10 10:04:32,HO2312-C-2800,HO2312-C-2800,86.2,0.0,0.0,0.0,1,78.4,81.4,21,86.2,76.6,0.0,0.0,0.0,0.0,144
2023-05-10 10:04:33,HO2312-C-2800,HO2312-C-2800,86.2,0.0,0.0,0.0,1,78.4,81.4,19,86.2,76.6,0.0,0.0,0.0,0.0,144
2023-05-10 10:04:34,HO2312-C-2800,HO2312-C-2800,86.2,0.0,0.0,0.0,1,78.4,81.4,21,86.2,76.6,0.0,0.0,0.0,0.0,144
2023-05-10 10:04:34,HO2312-C-2800,HO2312-C-2800,86.2,0.0,0.0,0.0,1,78.4,81.4,19,86.2,76.6,0.0,0.0,0.0,0.0,144
2023-05-10 10:04:39,HO2312-C-2800,HO2312-C-2800,86.2,0.0,0.0,0.0,1,78.4,81.4,21,86.2,76.6,0.0,0.0,0.0,0.0,144
2023-05-10 10:04:39,HO2312-C-2800,HO2312-C-2800,86.2,0.0,0.0,0.0,1,78.4,81.4,23,86.2,76.6,0.0,0.0,0.0,0.0,144
2023-05-10 10:04:41,HO2312-C-2800,HO2312-C-2800,86.2,0.0,0.0,0.0,1,78.4,81.4,21,86.2,76.6,0.0,0.0,0.0,0.0,144
2023-05-10 10:04:50,HO2312-C-2800,HO2312-C-2800,86.2,0.0,0.0,0.0,1,78.4,81.0,1,86.2,76.6,0.0,0.0,0.0,0.0,144
2023-05-10 10:05:09,HO2312-C-2800,HO2312-C-2800,86.2,0.0,0.0,0.0,10,78.0,81.0,1,86.2,76.6,0.0,0.0,0.0,0.0,144
2023-05-10 10:05:09,HO2312-C-2800,HO2312-C-2800,86.2,0.0,0.0,0.0,7,78.0,81.0,1,86.2,76.6,0.0,0.0,0.0,0.0,144
2023-05-10 10:05:10,HO2312-C-2800,HO2312-C-2800,86.2,0.0,0.0,0.0,1,78.0,81.0,1,86.2,76.6,0.0,0.0,0.0,0.0,144
2023-05-10 10:05:16,HO2312-C-2800,HO2312-C-2800,86.2,0.0,0.0,0.0,3,78.0,81.0,1,86.2,76.6,0.0,0.0,0.0,0.0,144
2023-05-10 10:05:19,HO2312-C-2800,HO2312-C-2800,86.2,0.0,0.0,0.0,1,78.2,81.0,1,86.2,76.6,0.0,0.0,0.0,0.0,144
2023-05-10 10:05:20,HO2312-C-2800,HO2312-C-2800,86.2,0.0,0.0,0.0,3,78.2,81.0,1,86.2,76.6,0.0,0.0,0.0,0.0,144
2023-05-10 10:05:26,HO2312-C-2800,HO2312-C-2800,86.2,0.0,0.0,0.0,1,78.4,81.0,1,86.2,76.6,0.0,0.0,0.0,0.0,144
2023-05-10 10:05:27,HO2312-C-2800,HO2312-C-2800,86.2,0.0,0.0,0.0,3,78.4,81.0,1,86.2,76.6,0.0,0.0,0.0,0.0,144
2023-05-10 10:05:27,HO2312-C-2800,HO2312-C-2800,86.2,0.0,0.0,0.0,1,78.6,81.0,1,86.2,76.6,0.0,0.0,0.0,0.0,144
2023-05-10 10:05:34,HO2312-C-2800,HO2312-C-2800,86.2,0.0,0.0,0.0,4,78.6,81.0,1,86.2,76.6,0.0,0.0,0.0,0.0,144
2023-05-10 10:05:34,HO2312-C-2800,HO2312-C-2800,86.2,0.0,0.0,0.0,1,79.0,81.0,1,86.2,76.6,0.0,0.0,0.0,0.0,144
2023-05-10 10:05:49,HO2312-C-2800,HO2312-C-2800,86.2,0.0,0.0,0.0,1,78.6,81.0,1,86.2,76.6,0.0,0.0,0.0,0.0,144
2023-05-10 10:06:13,HO2312-C-2800,HO2312-C-2800,86.2,0.0,0.0,0.0,1,78.6,81.4,20,86.2,76.6,0.0,0.0,0.0,0.0,144
2023-05-10 10:06:13,HO2312-C-2800,HO2312-C-2800,86.2,0.0,0.0,0.0,4,78.6,81.4,20,86.2,76.6,0.0,0.0,0.0,0.0,144
2023-05-10 10:06:14,HO2312-C-2800,HO2312-C-2800,86.2,0.0,0.0,0.0,1,79.0,81.4,20,86.2,76.6,0.0,0.0,0.0,0.0,144
2023-05-10 10:07:00,HO2312-C-2800,HO2312-C-2800,86.2,0.0,0.0,0.0,1,79.0,81.4,14,86.2,76.6,0.0,0.0,0.0,0.0,144
2023-05-10 10:07:01,HO2312-C-2800,HO2312-C-2800,86.2,0.0,0.0,0.0,1,79.0,81.4,6,86.2,76.6,0.0,0.0,0.0,0.0,144
2023-05-10 10:07:01,HO2312-C-2800,HO2312-C-2800,86.2,0.0,0.0,0.0,1,79.0,81.6,1,86.2,76.6,0.0,0.0,0.0,0.0,144
2023-05-10 10:07:03,HO2312-C-2800,HO2312-C-2800,86.2,0.0,0.0,0.0,1,79.0,81.4,1,86.2,76.6,0.0,0.0,0.0,0.0,144
2023-05-10 10:07:07,HO2312-C-2800,HO2312-C-2800,86.2,0.0,0.0,0.0,1,79.0,81.8,2,86.2,76.6,0.0,0.0,0.0,0.0,144
2023-05-10 10:07:09,HO2312-C-2800,HO2312-C-2800,86.2,0.0,0.0,0.0,1,79.0,81.8,4,86.2,76.6,0.0,0.0,0.0,0.0,144
2023-05-10 10:07:09,HO2312-C-2800,HO2312-C-2800,86.2,0.0,0.0,0.0,1,79.0,81.8,2,86.2,76.6,0.0,0.0,0.0,0.0,144
2023-05-10 10:07:10,HO2312-C-2800,HO2312-C-2800,86.2,0.0,0.0,0.0,1,79.0,81.8,4,86.2,76.6,0.0,0.0,0.0,0.0,144
2023-05-10 10:07:18,HO2312-C-2800,HO2312-C-2800,86.2,0.0,0.0,0.0,1,79.0,81.6,1,86.2,76.6,0.0,0.0,0.0,0.0,144
2023-05-10 10:07:27,HO2312-C-2800,HO2312-C-2800,86.2,0.0,0.0,0.0,28,78.2,81.6,1,86.2,76.6,0.0,0.0,0.0,0.0,144
2023-05-10 10:07:27,HO2312-C-2800,HO2312-C-2800,86.2,0.0,0.0,0.0,2,78.4,81.6,1,86.2,76.6,0.0,0.0,0.0,0.0,144
2023-05-10 10:07:28,HO2312-C-2800,HO2312-C-2800,86.2,0.0,0.0,0.0,3,78.6,81.0,1,86.2,76.6,0.0,0.0,0.0,0.0,144
2023-05-10 10:07:29,HO2312-C-2800,HO2312-C-2800,86.2,0.0,0.0,0.0,5,78.6,81.0,1,86.2,76.6,0.0,0.0,0.0,0.0,144
2023-05-10 10:07:31,HO2312-C-2800,HO2312-C-2800,86.2,0.0,0.0,0.0,3,78.6,81.0,1,86.2,76.6,0.0,0.0,0.0,0.0,144
2023-05-10 10:07:32,HO2312-C-2800,HO2312-C-2800,86.2,0.0,0.0,0.0,1,78.8,81.0,1,86.2,76.6,0.0,0.0,0.0,0.0,144
2023-05-10 10:07:43,HO2312-C-2800,HO2312-C-2800,86.2,0.0,0.0,0.0,1,78.4,81.0,1,86.2,76.6,0.0,0.0,0.0,0.0,144
2023-05-10 10:07:43,HO2312-C-2800,HO2312-C-2800,86.2,0.0,0.0,0.0,3,78.4,81.0,1,86.2,76.6,0.0,0.0,0.0,0.0,144
2023-05-10 10:07:44,HO2312-C-2800,HO2312-C-2800,86.2,0.0,0.0,0.0,1,78.4,81.0,1,86.2,76.6,0.0,0.0,0.0,0.0,144
2023-05-10 10:07:58,HO2312-C-2800,HO2312-C-2800,86.2,0.0,0.0,0.0,16,78.0,81.0,1,86.2,76.6,0.0,0.0,0.0,0.0,144
2023-05-10 10:07:59,HO2312-C-2800,HO2312-C-2800,86.2,0.0,0.0,0.0,12,78.0,81.0,1,86.2,76.6,0.0,0.0,0.0,0.0,144
2023-05-10 10:08:00,HO2312-C-2800,HO2312-C-2800,86.2,0.0,0.0,0.0,10,78.0,81.0,1,86.2,76.6,0.0,0.0,0.0,0.0,144
2023-05-10 10:08:01,HO2312-C-2800,HO2312-C-2800,86.2,0.0,0.0,0.0,12,78.0,81.0,1,86.2,76.6,0.0,0.0,0.0,0.0,144
2023-05-10 10:08:02,HO2312-C-2800,HO2312-C-2800,86.2,0.0,0.0,0.0,10,78.0,81.0,1,86.2,76.6,0.0,0.0,0.0,0.0,144
2023-05-10 10:08:17,HO2312-C-2800,HO2312-C-2800,86.2,0.0,0.0,0.0,9,78.0,81.0,1,86.2,76.6,0.0,0.0,0.0,0.0,144
2023-05-10 10:08:36,HO2312-C-2800,HO2312-C-2800,86.2,0.0,0.0,0.0,11,78.0,81.0,1,86.2,76.6,0.0,0.0,0.0,0.0,144
2023-05-10 10:08:40,HO2312-C-2800,HO2312-C-2800,86.2,0.0,0.0,0.0,9,78.0,81.0,1,86.2,76.6,0.0,0.0,0.0,0.0,144
2023-05-10 10:08:40,HO2312-C-2800,HO2312-C-2800,86.2,0.0,0.0,0.0,3,78.0,81.0,1,86.2,76.6,0.0,0.0,0.0,0.0,144
2023-05-10 10:08:44,HO2312-C-2800,HO2312-C-2800,86.2,0.0,0.0,0.0,5,78.0,81.0,1,86.2,76.6,0.0,0.0,0.0,0.0,144
2023-05-10 10:08:45,HO2312-C-2800,HO2312-C-2800,86.2,0.0,0.0,0.0,11,78.0,81.0,1,86.2,76.6,0.0,0.0,0.0,0.0,144
2023-05-10 10:08:46,HO2312-C-2800,HO2312-C-2800,86.2,0.0,0.0,0.0,1,78.2,81.0,1,86.2,76.6,0.0,0.0,0.0,0.0,144
2023-05-10 10:08:46,HO2312-C-2800,HO2312-C-2800,86.2,0.0,0.0,0.0,5,78.4,81.0,1,86.2,76.6,0.0,0.0,0.0,0.0,144
2023-05-10 10:08:48,HO2312-C-2800,HO2312-C-2800,86.2,0.0,0.0,0.0,3,78.4,81.0,1,86.2,76.6,0.0,0.0,0.0,0.0,144
2023-05-10 10:08:53,HO2312-C-2800,HO2312-C-2800,86.2,0.0,0.0,0.0,1,78.8,81.0,1,86.2,76.6,0.0,0.0,0.0,0.0,144
2023-05-10 10:09:02,HO2312-C-2800,HO2312-C-2800,86.2,0.0,0.0,0.0,3,78.4,81.0,1,86.2,76.6,0.0,0.0,0.0,0.0,144
2023-05-10 10:09:09,HO2312-C-2800,HO2312-C-2800,86.2,0.0,0.0,0.0,16,78.2,81.0,1,86.2,76.6,0.0,0.0,0.0,0.0,144
2023-05-10 10:09:09,HO2312-C-2800,HO2312-C-2800,86.2,0.0,0.0,0.0,10,78.2,81.0,1,86.2,76.6,0.0,0.0,0.0,0.0,144
2023-05-10 10:09:10,HO2312-C-2800,HO2312-C-2800,86.2,0.0,0.0,0.0,4,78.2,81.0,1,86.2,76.6,0.0,0.0,0.0,0.0,144
2023-05-10 10:09:11,HO2312-C-2800,HO2312-C-2800,86.2,0.0,0.0,0.0,1,78.2,81.0,1,86.2,76.6,0.0,0.0,0.0,0.0,144
2023-05-10 10:09:55,HO2312-C-2800,HO2312-C-2800,86.2,0.0,0.0,0.0,49,77.8,81.0,1,86.2,76.6,0.0,0.0,0.0,0.0,144
2023-05-10 10:09:55,HO2312-C-2800,HO2312-C-2800,86.2,0.0,0.0,0.0,28,77.8,81.0,1,86.2,76.6,0.0,0.0,0.0,0.0,144
2023-05-10 10:09:56,HO2312-C-2800,HO2312-C-2800,86.2,0.0,0.0,0.0,22,77.8,81.0,1,86.2,76.6,0.0,0.0,0.0,0.0,144
2023-05-10 10:09:58,HO2312-C-2800,HO2312-C-2800,86.2,0.0,0.0,0.0,16,77.8,81.0,3,86.2,76.6,0.0,0.0,0.0,0.0,144
2023-05-10 10:09:59,HO2312-C-2800,HO2312-C-2800,86.2,0.0,0.0,0.0,16,77.8,80.2,1,86.2,76.6,0.0,0.0,0.0,0.0,144
2023-05-10 10:09:59,HO2312-C-2800,HO2312-C-2800,86.2,0.0,0.0,0.0,22,77.8,80.2,1,86.2,76.6,0.0,0.0,0.0,0.0,144
2023-05-10 10:10:02,HO2312-C-2800,HO2312-C-2800,86.2,0.0,0.0,0.0,19,77.8,80.2,1,86.2,76.6,0.0,0.0,0.0,0.0,144
2023-05-10 10:10:02,HO2312-C-2800,HO2312-C-2800,86.2,0.0,0.0,0.0,18,77.8,80.2,1,86.2,76.6,0.0,0.0,0.0,0.0,144
2023-05-10 10:10:03,HO2312-C-2800,HO2312-C-2800,86.2,0.0,0.0,0.0,12,77.8,80.2,1,86.2,76.6,0.0,0.0,0.0,0.0,144
2023-05-10 10:10:04,HO2312-C-2800,HO2312-C-2800,86.2,0.0,0.0,0.0,6,77.8,80.2,1,86.2,76.6,0.0,0.0,0.0,0.0,144
2023-05-10 10:10:13,HO2312-C-2800,HO2312-C-2800,86.2,0.0,0.0,0.0,3,78.0,80.2,1,86.2,76.6,0.0,0.0,0.0,0.0,144
2023-05-10 10:10:17,HO2312-C-2800,HO2312-C-2800,86.2,0.0,0.0,0.0,9,77.8,80.2,1,86.2,76.6,0.0,0.0,0.0,0.0,144
2023-05-10 10:10:22,HO2312-C-2800,HO2312-C-2800,86.2,0.0,0.0,0.0,1,78.0,80.2,1,86.2,76.6,0.0,0.0,0.0,0.0,144
2023-05-10 10:10:27,HO2312-C-2800,HO2312-C-2800,86.2,0.0,0.0,0.0,6,77.8,80.2,1,86.2,76.6,0.0,0.0,0.0,0.0,144
2023-05-10 10:10:33,HO2312-C-2800,HO2312-C-2800,86.2,0.0,0.0,0.0,7,77.8,80.2,1,86.2,76.6,0.0,0.0,0.0,0.0,144
2023-05-10 10:10:34,HO2312-C-2800,HO2312-C-2800,86.2,0.0,0.0,0.0,3,78.0,80.2,1,86.2,76.6,0.0,0.0,0.0,0.0,144
2023-05-10 10:10:36,HO2312-C-2800,HO2312-C-2800,86.2,0.0,0.0,0.0,10,77.8,80.2,1,86.2,76.6,0.0,0.0,0.0,0.0,144
2023-05-10 10:10:49,HO2312-C-2800,HO2312-C-2800,86.2,0.0,0.0,0.0,9,77.8,80.2,1,86.2,76.6,0.0,0.0,0.0,0.0,144
2023-05-10 10:10:50,HO2312-C-2800,HO2312-C-2800,86.2,0.0,0.0,0.0,6,77.8,80.2,1,86.2,76.6,0.0,0.0,0.0,0.0,144
2023-05-10 10:11:06,HO2312-C-2800,HO2312-C-2800,86.2,0.0,0.0,0.0,9,77.6,80.2,1,86.2,76.6,0.0,0.0,0.0,0.0,144
2023-05-10 10:11:06,HO2312-C-2800,HO2312-C-2800,86.2,0.0,0.0,0.0,3,77.6,80.2,1,86.2,76.6,0.0,0.0,0.0,0.0,144
2023-05-10 10:11:11,HO2312-C-2800,HO2312-C-2800,86.2,0.0,0.0,0.0,1,77.8,80.2,1,86.2,76.6,0.0,0.0,0.0,0.0,144
2023-05-10 10:11:12,HO2312-C-2800,HO2312-C-2800,86.2,0.0,0.0,0.0,3,78.0,80.2,1,86.2,76.6,0.0,0.0,0.0,0.0,144
2023-05-10 10:11:14,HO2312-C-2800,HO2312-C-2800,86.2,0.0,0.0,0.0,4,77.8,80.2,1,86.2,76.6,0.0,0.0,0.0,0.0,144
2023-05-10 10:11:16,HO2312-C-2800,HO2312-C-2800,86.2,0.0,0.0,0.0,1,77.8,80.2,1,86.2,76.6,0.0,0.0,0.0,0.0,144
2023-05-10 10:11:19,HO2312-C-2800,HO2312-C-2800,86.2,0.0,0.0,0.0,3,77.6,80.2,1,86.2,76.6,0.0,0.0,0.0,0.0,144
2023-05-10 10:11:20,HO2312-C-2800,HO2312-C-2800,86.2,0.0,0.0,0.0,22,77.4,80.2,1,86.2,76.6,0.0,0.0,0.0,0.0,144
2023-05-10 10:11:24,HO2312-C-2800,HO2312-C-2800,86.2,0.0,0.0,0.0,16,77.4,80.2,1,86.2,76.6,0.0,0.0,0.0,0.0,144
2023-05-10 10:11:27,HO2312-C-2800,HO2312-C-2800,86.2,0.0,0.0,0.0,18,77.4,80.2,1,86.2,76.6,0.0,0.0,0.0,0.0,144
2023-05-10 10:11:40,HO2312-C-2800,HO2312-C-2800,86.2,0.0,0.0,0.0,16,77.4,80.2,1,86.2,76.6,0.0,0.0,0.0,0.0,144
2023-05-10 10:11:41,HO2312-C-2800,HO2312-C-2800,86.2,0.0,0.0,0.0,1,77.6,80.2,1,86.2,76.6,0.0,0.0,0.0,0.0,144
2023-05-10 10:11:49,HO2312-C-2800,HO2312-C-2800,86.2,0.0,0.0,0.0,3,77.8,81.2,24,86.2,76.6,0.0,0.0,0.0,0.0,144
2023-05-10 10:11:50,HO2312-C-2800,HO2312-C-2800,86.2,0.0,0.0,0.0,3,77.8,81.2,14,86.2,76.6,0.0,0.0,0.0,0.0,144
2023-05-10 10:11:50,HO2312-C-2800,HO2312-C-2800,86.2,0.0,0.0,0.0,5,77.8,81.2,6,86.2,76.6,0.0,0.0,0.0,0.0,144
2023-05-10 10:11:51,HO2312-C-2800,HO2312-C-2800,86.2,0.0,0.0,0.0,1,78.4,81.2,8,86.2,76.6,0.0,0.0,0.0,0.0,144
2023-05-10 10:11:52,HO2312-C-2800,HO2312-C-2800,86.2,0.0,0.0,0.0,1,78.4,80.8,1,86.2,76.6,0.0,0.0,0.0,0.0,144
2023-05-10 10:11:54,HO2312-C-2800,HO2312-C-2800,86.2,0.0,0.0,0.0,1,78.0,80.8,1,86.2,76.6,0.0,0.0,0.0,0.0,144
2023-05-10 10:12:00,HO2312-C-2800,HO2312-C-2800,86.2,0.0,0.0,0.0,1,78.0,80.8,3,86.2,76.6,0.0,0.0,0.0,0.0,144
2023-05-10 10:12:02,HO2312-C-2800,HO2312-C-2800,86.2,0.0,0.0,0.0,4,77.6,80.8,3,86.2,76.6,0.0,0.0,0.0,0.0,144
2023-05-10 10:12:03,HO2312-C-2800,HO2312-C-2800,86.2,0.0,0.0,0.0,1,77.8,80.8,3,86.2,76.6,0.0,0.0,0.0,0.0,144
2023-05-10 10:12:12,HO2312-C-2800,HO2312-C-2800,86.2,0.0,0.0,0.0,1,77.8,80.8,1,86.2,76.6,0.0,0.0,0.0,0.0,144
2023-05-10 10:12:20,HO2312-C-2800,HO2312-C-2800,86.2,0.0,0.0,0.0,1,77.8,80.8,2,86.2,76.6,0.0,0.0,0.0,0.0,144
2023-05-10 10:12:32,HO2312-C-2800,HO2312-C-2800,86.2,0.0,0.0,0.0,1,77.8,80.6,1,86.2,76.6,0.0,0.0,0.0,0.0,144
2023-05-10 10:12:59,HO2312-C-2800,HO2312-C-2800,86.2,0.0,0.0,0.0,1,77.8,80.2,1,86.2,76.6,0.0,0.0,0.0,0.0,144
2023-05-10 10:12:59,HO2312-C-2800,HO2312-C-2800,86.2,0.0,0.0,0.0,16,77.4,80.2,1,86.2,76.6,0.0,0.0,0.0,0.0,144
2023-05-10 10:13:00,HO2312-C-2800,HO2312-C-2800,86.2,0.0,0.0,0.0,13,77.4,80.2,1,86.2,76.6,0.0,0.0,0.0,0.0,144
2023-05-10 10:13:00,HO2312-C-2800,HO2312-C-2800,86.2,0.0,0.0,0.0,7,77.4,80.2,1,86.2,76.6,0.0,0.0,0.0,0.0,144
2023-05-10 10:13:01,HO2312-C-2800,HO2312-C-2800,86.2,0.0,0.0,0.0,1,77.4,80.2,1,86.2,76.6,0.0,0.0,0.0,0.0,144
2023-05-10 10:13:02,HO2312-C-2800,HO2312-C-2800,86.2,0.0,0.0,0.0,12,77.2,80.2,2,86.2,76.6,0.0,0.0,0.0,0.0,144
2023-05-10 10:13:03,HO2312-C-2800,HO2312-C-2800,86.2,0.0,0.0,0.0,45,77.0,80.2,2,86.2,76.6,0.0,0.0,0.0,0.0,144
2023-05-10 10:13:03,HO2312-C-2800,HO2312-C-2800,86.2,0.0,0.0,0.0,27,77.0,80.2,2,86.2,76.6,0.0,0.0,0.0,0.0,144
2023-05-10 10:13:04,HO2312-C-2800,HO2312-C-2800,86.2,0.0,0.0,0.0,29,77.0,80.2,2,86.2,76.6,0.0,0.0,0.0,0.0,144
2023-05-10 10:13:04,HO2312-C-2800,HO2312-C-2800,86.2,0.0,0.0,0.0,28,77.0,80.2,2,86.2,76.6,0.0,0.0,0.0,0.0,144
2023-05-10 10:13:07,HO2312-C-2800,HO2312-C-2800,86.2,0.0,0.0,0.0,22,77.0,80.2,7,86.2,76.6,0.0,0.0,0.0,0.0,144
2023-05-10 10:13:17,HO2312-C-2800,HO2312-C-2800,86.2,0.0,0.0,0.0,24,77.0,80.2,7,86.2,76.6,0.0,0.0,0.0,0.0,144
2023-05-10 10:13:17,HO2312-C-2800,HO2312-C-2800,86.2,0.0,0.0,0.0,18,77.0,80.2,7,86.2,76.6,0.0,0.0,0.0,0.0,144
2023-05-10 10:13:18,HO2312-C-2800,HO2312-C-2800,86.2,0.0,0.0,0.0,12,77.0,80.2,7,86.2,76.6,0.0,0.0,0.0,0.0,144
2023-05-10 10:13:19,HO2312-C-2800,HO2312-C-2800,86.2,0.0,0.0,0.0,6,77.0,80.2,7,86.2,76.6,0.0,0.0,0.0,0.0,144
2023-05-10 10:13:21,HO2312-C-2800,HO2312-C-2800,86.2,0.0,0.0,0.0,4,77.0,80.2,7,86.2,76.6,0.0,0.0,0.0,0.0,144
2023-05-10 10:13:22,HO2312-C-2800,HO2312-C-2800,86.2,0.0,0.0,0.0,4,77.0,79.6,1,86.2,76.6,0.0,0.0,0.0,0.0,144
2023-05-10 10:13:51,HO2312-C-2800,HO2312-C-2800,86.2,0.0,0.0,0.0,6,77.0,79.6,1,86.2,76.6,0.0,0.0,0.0,0.0,144
2023-05-10 10:13:56,HO2312-C-2800,HO2312-C-2800,86.2,0.0,0.0,0.0,4,77.0,79.6,1,86.2,76.6,0.0,0.0,0.0,0.0,144
2023-05-10 10:14:11,HO2312-C-2800,HO2312-C-2800,86.2,0.0,0.0,0.0,1,77.4,79.6,1,86.2,76.6,0.0,0.0,0.0,0.0,144
2023-05-10 10:14:21,HO2312-C-2800,HO2312-C-2800,86.2,0.0,0.0,0.0,4,77.0,79.6,1,86.2,76.6,0.0,0.0,0.0,0.0,144
2023-05-10 10:14:26,HO2312-C-2800,HO2312-C-2800,86.2,0.0,0.0,0.0,1,77.0,79.6,1,86.2,76.6,0.0,0.0,0.0,0.0,144
2023-05-10 10:14:52,HO2312-C-2800,HO2312-C-2800,86.2,0.0,0.0,0.0,6,77.0,79.6,1,86.2,76.6,0.0,0.0,0.0,0.0,144
2023-05-10 10:14:54,HO2312-C-2800,HO2312-C-2800,86.2,0.0,0.0,0.0,4,77.0,79.6,1,86.2,76.6,0.0,0.0,0.0,0.0,144
2023-05-10 10:14:59,HO2312-C-2800,HO2312-C-2800,86.2,0.0,0.0,0.0,1,77.0,79.6,1,86.2,76.6,0.0,0.0,0.0,0.0,144
2023-05-10 10:15:03,HO2312-C-2800,HO2312-C-2800,86.2,0.0,0.0,0.0,21,76.8,79.6,1,86.2,76.6,0.0,0.0,0.0,0.0,144
2023-05-10 10:15:03,HO2312-C-2800,HO2312-C-2800,86.2,0.0,0.0,0.0,17,76.8,79.6,1,86.2,76.6,0.0,0.0,0.0,0.0,144
2023-05-10 10:15:09,HO2312-C-2800,HO2312-C-2800,86.2,0.0,0.0,0.0,18,76.8,79.6,1,86.2,76.6,0.0,0.0,0.0,0.0,144
2023-05-10 10:15:11,HO2312-C-2800,HO2312-C-2800,86.2,0.0,0.0,0.0,1,77.0,79.6,1,86.2,76.6,0.0,0.0,0.0,0.0,144
2023-05-10 10:15:12,HO2312-C-2800,HO2312-C-2800,86.2,0.0,0.0,0.0,2,77.2,79.6,1,86.2,76.6,0.0,0.0,0.0,0.0,144
2023-05-10 10:15:13,HO2312-C-2800,HO2312-C-2800,86.2,0.0,0.0,0.0,1,77.6,79.6,1,86.2,76.6,0.0,0.0,0.0,0.0,144
2023-05-10 10:15:14,HO2312-C-2800,HO2312-C-2800,86.2,0.0,0.0,0.0,3,77.6,79.6,1,86.2,76.6,0.0,0.0,0.0,0.0,144
2023-05-10 10:15:15,HO2312-C-2800,HO2312-C-2800,86.2,0.0,0.0,0.0,1,77.6,79.6,1,86.2,76.6,0.0,0.0,0.0,0.0,144
2023-05-10 10:15:16,HO2312-C-2800,HO2312-C-2800,86.2,0.0,0.0,0.0,13,77.2,79.6,1,86.2,76.6,0.0,0.0,0.0,0.0,144
2023-05-10 10:15:16,HO2312-C-2800,HO2312-C-2800,86.2,0.0,0.0,0.0,4,77.2,79.6,1,86.2,76.6,0.0,0.0,0.0,0.0,144
2023-05-10 10:15:28,HO2312-C-2800,HO2312-C-2800,86.2,0.0,0.0,0.0,1,77.2,79.6,1,86.2,76.6,0.0,0.0,0.0,0.0,144
2023-05-10 10:15:59,HO2312-C-2800,HO2312-C-2800,86.2,0.0,0.0,0.0,1,77.2,80.6,36,86.2,76.6,0.0,0.0,0.0,0.0,144
2023-05-10 10:16:00,HO2312-C-2800,HO2312-C-2800,86.2,0.0,0.0,0.0,5,77.4,80.6,18,86.2,76.6,0.0,0.0,0.0,0.0,144
2023-05-10 10:16:01,HO2312-C-2800,HO2312-C-2800,86.2,0.0,0.0,0.0,3,77.4,80.0,1,86.2,76.6,0.0,0.0,0.0,0.0,144
2023-05-10 10:16:02,HO2312-C-2800,HO2312-C-2800,86.2,0.0,0.0,0.0,4,77.2,80.0,1,86.2,76.6,0.0,0.0,0.0,0.0,144
2023-05-10 10:16:02,HO2312-C-2800,HO2312-C-2800,86.2,0.0,0.0,0.0,1,77.6,80.0,1,86.2,76.6,0.0,0.0,0.0,0.0,144
2023-05-10 10:16:52,HO2312-C-2800,HO2312-C-2800,86.2,0.0,0.0,0.0,1,77.2,80.0,1,86.2,76.6,0.0,0.0,0.0,0.0,144
2023-05-10 10:16:53,HO2312-C-2800,HO2312-C-2800,86.2,0.0,0.0,0.0,4,77.2,80.0,1,86.2,76.6,0.0,0.0,0.0,0.0,144
2023-05-10 10:16:56,HO2312-C-2800,HO2312-C-2800,86.2,0.0,0.0,0.0,6,77.2,80.0,1,86.2,76.6,0.0,0.0,0.0,0.0,144
2023-05-10 10:16:58,HO2312-C-2800,HO2312-C-2800,86.2,0.0,0.0,0.0,4,77.2,80.0,1,86.2,76.6,0.0,0.0,0.0,0.0,144
2023-05-10 10:16:58,HO2312-C-2800,HO2312-C-2800,86.2,0.0,0.0,0.0,1,77.4,80.0,1,86.2,76.6,0.0,0.0,0.0,0.0,144
2023-05-10 10:17:00,HO2312-C-2800,HO2312-C-2800,86.2,0.0,0.0,0.0,4,77.4,80.0,1,86.2,76.6,0.0,0.0,0.0,0.0,144
2023-05-10 10:17:01,HO2312-C-2800,HO2312-C-2800,86.2,0.0,0.0,0.0,6,77.4,80.0,1,86.2,76.6,0.0,0.0,0.0,0.0,144
2023-05-10 10:17:03,HO2312-C-2800,HO2312-C-2800,86.2,0.0,0.0,0.0,4,77.4,80.0,1,86.2,76.6,0.0,0.0,0.0,0.0,144
2023-05-10 10:17:05,HO2312-C-2800,HO2312-C-2800,86.2,0.0,0.0,0.0,1,77.6,80.0,1,86.2,76.6,0.0,0.0,0.0,0.0,144
2023-05-10 10:17:12,HO2312-C-2800,HO2312-C-2800,86.2,0.0,0.0,0.0,3,77.8,80.0,1,86.2,76.6,0.0,0.0,0.0,0.0,144
2023-05-10 10:17:13,HO2312-C-2800,HO2312-C-2800,86.2,0.0,0.0,0.0,1,77.8,80.0,1,86.2,76.6,0.0,0.0,0.0,0.0,144
2023-05-10 10:17:21,HO2312-C-2800,HO2312-C-2800,86.2,0.0,0.0,0.0,3,77.4,80.0,1,86.2,76.6,0.0,0.0,0.0,0.0,144
2023-05-10 10:17:22,HO2312-C-2800,HO2312-C-2800,86.2,0.0,0.0,0.0,3,77.0,80.0,1,86.2,76.6,0.0,0.0,0.0,0.0,144
2023-05-10 10:17:22,HO2312-C-2800,HO2312-C-2800,86.2,0.0,0.0,0.0,1,77.4,80.0,1,86.2,76.6,0.0,0.0,0.0,0.0,144
2023-05-10 10:18:22,HO2312-C-2800,HO2312-C-2800,86.2,0.0,0.0,0.0,3,77.0,80.0,1,86.2,76.6,0.0,0.0,0.0,0.0,144
2023-05-10 10:18:22,HO2312-C-2800,HO2312-C-2800,86.2,0.0,0.0,0.0,5,77.0,80.0,1,86.2,76.6,0.0,0.0,0.0,0.0,144
2023-05-10 10:18:24,HO2312-C-2800,HO2312-C-2800,86.2,0.0,0.0,0.0,3,77.0,80.0,1,86.2,76.6,0.0,0.0,0.0,0.0,144
2023-05-10 10:18:27,HO2312-C-2800,HO2312-C-2800,86.2,0.0,0.0,0.0,4,77.0,80.0,1,86.2,76.6,0.0,0.0,0.0,0.0,144
2023-05-10 10:18:53,HO2312-C-2800,HO2312-C-2800,86.2,0.0,0.0,0.0,6,77.0,80.0,1,86.2,76.6,0.0,0.0,0.0,0.0,144
2023-05-10 10:18:57,HO2312-C-2800,HO2312-C-2800,86.2,0.0,0.0,0.0,1,77.4,80.0,1,86.2,76.6,0.0,0.0,0.0,0.0,144
2023-05-10 10:19:02,HO2312-C-2800,HO2312-C-2800,86.2,0.0,0.0,0.0,3,77.0,80.0,1,86.2,76.6,0.0,0.0,0.0,0.0,144
2023-05-10 10:19:02,HO2312-C-2800,HO2312-C-2800,86.2,0.0,0.0,0.0,5,77.0,80.0,1,86.2,76.6,0.0,0.0,0.0,0.0,144
2023-05-10 10:19:05,HO2312-C-2800,HO2312-C-2800,86.2,0.0,0.0,0.0,6,77.0,80.0,1,86.2,76.6,0.0,0.0,0.0,0.0,144
2023-05-10 10:19:09,HO2312-C-2800,HO2312-C-2800,86.2,0.0,0.0,0.0,1,77.4,80.0,1,86.2,76.6,0.0,0.0,0.0,0.0,144
2023-05-10 10:19:09,HO2312-C-2800,HO2312-C-2800,86.2,0.0,0.0,0.0,3,77.6,80.0,1,86.2,76.6,0.0,0.0,0.0,0.0,144
2023-05-10 10:19:12,HO2312-C-2800,HO2312-C-2800,86.2,0.0,0.0,0.0,4,77.4,80.0,1,86.2,76.6,0.0,0.0,0.0,0.0,144
2023-05-10 10:19:12,HO2312-C-2800,HO2312-C-2800,86.2,0.0,0.0,0.0,6,77.4,80.0,1,86.2,76.6,0.0,0.0,0.0,0.0,144
2023-05-10 10:19:16,HO2312-C-2800,HO2312-C-2800,86.2,0.0,0.0,0.0,4,77.4,80.0,1,86.2,76.6,0.0,0.0,0.0,0.0,144
2023-05-10 10:19:17,HO2312-C-2800,HO2312-C-2800,86.2,0.0,0.0,0.0,3,77.0,80.0,1,86.2,76.6,0.0,0.0,0.0,0.0,144
2023-05-10 10:19:18,HO2312-C-2800,HO2312-C-2800,86.2,0.0,0.0,0.0,4,77.0,80.0,1,86.2,76.6,0.0,0.0,0.0,0.0,144
2023-05-10 10:19:23,HO2312-C-2800,HO2312-C-2800,86.2,0.0,0.0,0.0,6,77.0,80.0,1,86.2,76.6,0.0,0.0,0.0,0.0,144
2023-05-10 10:19:36,HO2312-C-2800,HO2312-C-2800,86.2,0.0,0.0,0.0,4,77.0,80.0,1,86.2,76.6,0.0,0.0,0.0,0.0,144
2023-05-10 10:19:56,HO2312-C-2800,HO2312-C-2800,86.2,0.0,0.0,0.0,1,77.0,80.0,1,86.2,76.6,0.0,0.0,0.0,0.0,144
2023-05-10 10:19:57,HO2312-C-2800,HO2312-C-2800,86.2,0.0,0.0,0.0,1,77.0,80.0,3,86.2,76.6,0.0,0.0,0.0,0.0,144
2023-05-10 10:19:58,HO2312-C-2800,HO2312-C-2800,86.2,0.0,0.0,0.0,1,77.0,79.4,1,86.2,76.6,0.0,0.0,0.0,0.0,144
2023-05-10 10:20:00,HO2312-C-2800,HO2312-C-2800,86.2,0.0,0.0,0.0,3,76.8,79.4,1,86.2,76.6,0.0,0.0,0.0,0.0,144
2023-05-10 10:20:14,HO2312-C-2800,HO2312-C-2800,86.2,0.0,0.0,0.0,4,76.8,79.4,1,86.2,76.6,0.0,0.0,0.0,0.0,144
2023-05-10 10:20:14,HO2312-C-2800,HO2312-C-2800,86.2,0.0,0.0,0.0,6,76.8,79.4,1,86.2,76.6,0.0,0.0,0.0,0.0,144
2023-05-10 10:20:15,HO2312-C-2800,HO2312-C-2800,86.2,0.0,0.0,0.0,1,77.0,79.4,1,86.2,76.6,0.0,0.0,0.0,0.0,144
2023-05-10 10:20:16,HO2312-C-2800,HO2312-C-2800,86.2,0.0,0.0,0.0,5,77.2,79.4,1,86.2,76.6,0.0,0.0,0.0,0.0,144
2023-05-10 10:20:19,HO2312-C-2800,HO2312-C-2800,86.2,0.0,0.0,0.0,3,77.2,79.4,1,86.2,76.6,0.0,0.0,0.0,0.0,144
2023-05-10 10:20:39,HO2312-C-2800,HO2312-C-2800,86.2,0.0,0.0,0.0,4,77.0,79.4,1,86.2,76.6,0.0,0.0,0.0,0.0,144
2023-05-10 10:22:18,HO2312-C-2800,HO2312-C-2800,86.2,0.0,0.0,0.0,1,77.4,79.4,1,86.2,76.6,0.0,0.0,0.0,0.0,144
2023-05-10 10:22:20,HO2312-C-2800,HO2312-C-2800,86.2,0.0,0.0,0.0,4,77.4,79.4,1,86.2,76.6,0.0,0.0,0.0,0.0,144
2023-05-10 10:22:21,HO2312-C-2800,HO2312-C-2800,86.2,0.0,0.0,0.0,1,77.4,79.4,1,86.2,76.6,0.0,0.0,0.0,0.0,144
2023-05-10 10:22:23,HO2312-C-2800,HO2312-C-2800,86.2,0.0,0.0,0.0,4,77.0,79.4,1,86.2,76.6,0.0,0.0,0.0,0.0,144
2023-05-10 10:23:13,HO2312-C-2800,HO2312-C-2800,86.2,0.0,0.0,0.0,1,77.0,79.4,1,86.2,76.6,0.0,0.0,0.0,0.0,144
2023-05-10 10:23:16,HO2312-C-2800,HO2312-C-2800,86.2,0.0,0.0,0.0,15,76.8,79.4,1,86.2,76.6,0.0,0.0,0.0,0.0,144
2023-05-10 10:23:16,HO2312-C-2800,HO2312-C-2800,86.2,0.0,0.0,0.0,9,76.8,79.4,1,86.2,76.6,0.0,0.0,0.0,0.0,144
2023-05-10 10:23:30,HO2312-C-2800,HO2312-C-2800,86.2,0.0,0.0,0.0,6,76.8,79.4,1,86.2,76.6,0.0,0.0,0.0,0.0,144
2023-05-10 10:23:31,HO2312-C-2800,HO2312-C-2800,86.2,0.0,0.0,0.0,8,76.8,79.4,1,86.2,76.6,0.0,0.0,0.0,0.0,144
2023-05-10 10:23:34,HO2312-C-2800,HO2312-C-2800,86.2,0.0,0.0,0.0,2,76.8,79.4,1,86.2,76.6,0.0,0.0,0.0,0.0,144
2023-05-10 10:23:43,HO2312-C-2800,HO2312-C-2800,86.2,0.0,0.0,0.0,19,76.6,79.4,1,86.2,76.6,0.0,0.0,0.0,0.0,144
2023-05-10 10:23:44,HO2312-C-2800,HO2312-C-2800,86.2,0.0,0.0,0.0,15,76.6,79.4,1,86.2,76.6,0.0,0.0,0.0,0.0,144
2023-05-10 10:23:44,HO2312-C-2800,HO2312-C-2800,86.2,0.0,0.0,0.0,9,76.6,79.4,1,86.2,76.6,0.0,0.0,0.0,0.0,144
2023-05-10 10:23:45,HO2312-C-2800,HO2312-C-2800,86.2,0.0,0.0,0.0,7,76.6,79.4,1,86.2,76.6,0.0,0.0,0.0,0.0,144
2023-05-10 10:23:46,HO2312-C-2800,HO2312-C-2800,86.2,0.0,0.0,0.0,9,76.6,79.4,1,86.2,76.6,0.0,0.0,0.0,0.0,144
2023-05-10 10:23:46,HO2312-C-2800,HO2312-C-2800,86.2,0.0,0.0,0.0,7,76.6,79.4,1,86.2,76.6,0.0,0.0,0.0,0.0,144
2023-05-10 10:23:47,HO2312-C-2800,HO2312-C-2800,86.2,0.0,0.0,0.0,6,76.6,79.4,1,86.2,76.6,0.0,0.0,0.0,0.0,144
2023-05-10 10:24:02,HO2312-C-2800,HO2312-C-2800,86.2,0.0,0.0,0.0,3,76.8,79.4,1,86.2,76.6,0.0,0.0,0.0,0.0,144
2023-05-10 10:24:05,HO2312-C-2800,HO2312-C-2800,86.2,0.0,0.0,0.0,6,76.8,79.4,1,86.2,76.6,0.0,0.0,0.0,0.0,144
2023-05-10 10:24:08,HO2312-C-2800,HO2312-C-2800,86.2,0.0,0.0,0.0,4,76.8,79.4,1,86.2,76.6,0.0,0.0,0.0,0.0,144
2023-05-10 10:25:05,HO2312-C-2800,HO2312-C-2800,86.2,0.0,0.0,0.0,1,76.8,79.4,1,86.2,76.6,0.0,0.0,0.0,0.0,144
2023-05-10 10:25:30,HO2312-C-2800,HO2312-C-2800,86.2,0.0,0.0,0.0,6,76.8,79.4,1,86.2,76.6,0.0,0.0,0.0,0.0,144
2023-05-10 10:25:31,HO2312-C-2800,HO2312-C-2800,86.2,0.0,0.0,0.0,1,77.2,79.4,1,86.2,76.6,0.0,0.0,0.0,0.0,144
2023-05-10 10:26:31,HO2312-C-2800,HO2312-C-2800,86.2,0.0,0.0,0.0,4,77.2,79.4,1,86.2,76.6,0.0,0.0,0.0,0.0,144
2023-05-10 10:26:32,HO2312-C-2800,HO2312-C-2800,86.2,0.0,0.0,0.0,1,77.6,79.4,1,86.2,76.6,0.0,0.0,0.0,0.0,144
2023-05-10 10:26:32,HO2312-C-2800,HO2312-C-2800,86.2,0.0,0.0,0.0,1,77.6,80.2,19,86.2,76.6,0.0,0.0,0.0,0.0,144
2023-05-10 10:26:33,HO2312-C-2800,HO2312-C-2800,86.2,0.0,0.0,0.0,1,77.6,80.2,7,86.2,76.6,0.0,0.0,0.0,0.0,144
2023-05-10 10:26:33,HO2312-C-2800,HO2312-C-2800,86.2,0.0,0.0,0.0,1,77.6,80.2,1,86.2,76.6,0.0,0.0,0.0,0.0,144
2023-05-10 10:27:25,HO2312-C-2800,HO2312-C-2800,86.2,0.0,0.0,0.0,4,77.6,80.2,1,86.2,76.6,0.0,0.0,0.0,0.0,144
2023-05-10 10:27:25,HO2312-C-2800,HO2312-C-2800,86.2,0.0,0.0,0.0,1,77.8,80.2,1,86.2,76.6,0.0,0.0,0.0,0.0,144
2023-05-10 10:27:27,HO2312-C-2800,HO2312-C-2800,86.2,0.0,0.0,0.0,4,77.8,80.2,1,86.2,76.6,0.0,0.0,0.0,0.0,144
2023-05-10 10:27:30,HO2312-C-2800,HO2312-C-2800,86.2,0.0,0.0,0.0,1,78.0,80.2,1,86.2,76.6,0.0,0.0,0.0,0.0,144
2023-05-10 10:28:31,HO2312-C-2800,HO2312-C-2800,86.2,0.0,0.0,0.0,1,77.6,80.2,1,86.2,76.6,0.0,0.0,0.0,0.0,144
2023-05-10 10:29:00,HO2312-C-2800,HO2312-C-2800,86.2,0.0,0.0,0.0,16,77.2,80.2,1,86.2,76.6,0.0,0.0,0.0,0.0,144
2023-05-10 10:29:01,HO2312-C-2800,HO2312-C-2800,86.2,0.0,0.0,0.0,10,77.2,80.2,1,86.2,76.6,0.0,0.0,0.0,0.0,144
2023-05-10 10:29:01,HO2312-C-2800,HO2312-C-2800,86.2,0.0,0.0,0.0,4,77.2,80.2,1,86.2,76.6,0.0,0.0,0.0,0.0,144
2023-05-10 10:29:02,HO2312-C-2800,HO2312-C-2800,86.2,0.0,0.0,0.0,1,77.2,80.2,1,86.2,76.6,0.0,0.0,0.0,0.0,144
2023-05-10 10:29:04,HO2312-C-2800,HO2312-C-2800,86.2,0.0,0.0,0.0,1,77.2,80.2,2,86.2,76.6,0.0,0.0,0.0,0.0,144
2023-05-10 10:29:05,HO2312-C-2800,HO2312-C-2800,86.2,0.0,0.0,0.0,21,77.0,79.4,1,86.2,76.6,0.0,0.0,0.0,0.0,144
2023-05-10 10:29:05,HO2312-C-2800,HO2312-C-2800,86.2,0.0,0.0,0.0,9,77.0,79.4,1,86.2,76.6,0.0,0.0,0.0,0.0,144
2023-05-10 10:29:06,HO2312-C-2800,HO2312-C-2800,86.2,0.0,0.0,0.0,5,77.0,79.4,1,86.2,76.6,0.0,0.0,0.0,0.0,144
2023-05-10 10:29:07,HO2312-C-2800,HO2312-C-2800,86.2,0.0,0.0,0.0,3,77.0,79.4,1,86.2,76.6,0.0,0.0,0.0,0.0,144
2023-05-10 10:29:09,HO2312-C-2800,HO2312-C-2800,86.2,0.0,0.0,0.0,16,76.8,79.4,1,86.2,76.6,0.0,0.0,0.0,0.0,144
2023-05-10 10:29:09,HO2312-C-2800,HO2312-C-2800,86.2,0.0,0.0,0.0,18,76.8,79.4,1,86.2,76.6,0.0,0.0,0.0,0.0,144
2023-05-10 10:29:21,HO2312-C-2800,HO2312-C-2800,86.2,0.0,0.0,0.0,12,76.8,79.4,1,86.2,76.6,0.0,0.0,0.0,0.0,144
2023-05-10 10:29:21,HO2312-C-2800,HO2312-C-2800,86.2,0.0,0.0,0.0,3,76.8,79.4,1,86.2,76.6,0.0,0.0,0.0,0.0,144
2023-05-10 10:29:22,HO2312-C-2800,HO2312-C-2800,86.2,0.0,0.0,0.0,9,76.6,79.4,1,86.2,76.6,0.0,0.0,0.0,0.0,144
2023-05-10 10:29:23,HO2312-C-2800,HO2312-C-2800,86.2,0.0,0.0,0.0,11,76.6,79.4,1,86.2,76.6,0.0,0.0,0.0,0.0,144
2023-05-10 10:29:25,HO2312-C-2800,HO2312-C-2800,86.2,0.0,0.0,0.0,9,76.6,79.4,1,86.2,76.6,0.0,0.0,0.0,0.0,144
2023-05-10 10:29:33,HO2312-C-2800,HO2312-C-2800,86.2,0.0,0.0,0.0,3,76.6,79.4,1,86.2,76.6,0.0,0.0,0.0,0.0,144
2023-05-10 10:30:02,HO2312-C-2800,HO2312-C-2800,86.2,0.0,0.0,0.0,21,76.4,79.4,3,86.2,76.6,0.0,0.0,0.0,0.0,144
2023-05-10 10:30:02,HO2312-C-2800,HO2312-C-2800,86.2,0.0,0.0,0.0,15,76.4,78.4,1,86.2,76.6,0.0,0.0,0.0,0.0,144
2023-05-10 10:30:03,HO2312-C-2800,HO2312-C-2800,86.2,0.0,0.0,0.0,3,76.4,78.4,1,86.2,76.6,0.0,0.0,0.0,0.0,144
2023-05-10 10:30:04,HO2312-C-2800,HO2312-C-2800,86.2,0.0,0.0,0.0,3,76.2,78.4,1,86.2,76.6,0.0,0.0,0.0,0.0,144
2023-05-10 10:30:07,HO2312-C-2800,HO2312-C-2800,86.2,0.0,0.0,0.0,22,76.0,78.4,1,86.2,76.6,0.0,0.0,0.0,0.0,144
2023-05-10 10:30:07,HO2312-C-2800,HO2312-C-2800,86.2,0.0,0.0,0.0,16,76.0,78.4,1,86.2,76.6,0.0,0.0,0.0,0.0,144
2023-05-10 10:30:08,HO2312-C-2800,HO2312-C-2800,86.2,0.0,0.0,0.0,12,76.0,78.4,1,86.2,76.6,0.0,0.0,0.0,0.0,144
2023-05-10 10:30:09,HO2312-C-2800,HO2312-C-2800,86.2,0.0,0.0,0.0,1,76.2,78.4,1,86.2,76.6,0.0,0.0,0.0,0.0,144
2023-05-10 10:30:09,HO2312-C-2800,HO2312-C-2800,86.2,0.0,0.0,0.0,4,76.2,78.4,1,86.2,76.6,0.0,0.0,0.0,0.0,144
2023-05-10 10:30:12,HO2312-C-2800,HO2312-C-2800,86.2,0.0,0.0,0.0,1,76.4,78.4,1,86.2,76.6,0.0,0.0,0.0,0.0,144
2023-05-10 10:30:13,HO2312-C-2800,HO2312-C-2800,86.2,0.0,0.0,0.0,1,76.4,79.0,6,86.2,76.6,0.0,0.0,0.0,0.0,144
2023-05-10 10:30:13,HO2312-C-2800,HO2312-C-2800,86.2,0.0,0.0,0.0,4,76.4,79.0,6,86.2,76.6,0.0,0.0,0.0,0.0,144
2023-05-10 10:30:15,HO2312-C-2800,HO2312-C-2800,86.2,0.0,0.0,0.0,1,77.0,79.2,13,86.2,76.6,0.0,0.0,0.0,0.0,144
2023-05-10 10:30:15,HO2312-C-2800,HO2312-C-2800,86.2,0.0,0.0,0.0,1,77.0,79.2,1,86.2,76.6,0.0,0.0,0.0,0.0,144
2023-05-10 10:30:30,HO2312-C-2800,HO2312-C-2800,86.2,0.0,0.0,0.0,4,76.4,79.2,1,86.2,76.6,0.0,0.0,0.0,0.0,144
2023-05-10 10:30:32,HO2312-C-2800,HO2312-C-2800,86.2,0.0,0.0,0.0,1,76.6,79.2,1,86.2,76.6,0.0,0.0,0.0,0.0,144
2023-05-10 10:30:33,HO2312-C-2800,HO2312-C-2800,86.2,0.0,0.0,0.0,4,76.6,79.2,1,86.2,76.6,0.0,0.0,0.0,0.0,144
2023-05-10 10:30:37,HO2312-C-2800,HO2312-C-2800,86.2,0.0,0.0,0.0,1,76.8,79.2,1,86.2,76.6,0.0,0.0,0.0,0.0,144
2023-05-10 10:30:46,HO2312-C-2800,HO2312-C-2800,86.2,0.0,0.0,0.0,4,76.8,79.2,1,86.2,76.6,0.0,0.0,0.0,0.0,144
2023-05-10 10:30:46,HO2312-C-2800,HO2312-C-2800,86.2,0.0,0.0,0.0,1,77.0,79.2,1,86.2,76.6,0.0,0.0,0.0,0.0,144
2023-05-10 10:30:55,HO2312-C-2800,HO2312-C-2800,86.2,0.0,0.0,0.0,1,77.0,79.8,19,86.2,76.6,0.0,0.0,0.0,0.0,144
2023-05-10 10:30:56,HO2312-C-2800,HO2312-C-2800,86.2,0.0,0.0,0.0,4,77.0,79.8,19,86.2,76.6,0.0,0.0,0.0,0.0,144
2023-05-10 10:30:56,HO2312-C-2800,HO2312-C-2800,86.2,0.0,0.0,0.0,1,77.4,79.8,19,86.2,76.6,0.0,0.0,0.0,0.0,144
2023-05-10 10:31:06,HO2312-C-2800,HO2312-C-2800,86.2,0.0,0.0,0.0,4,77.0,79.8,19,86.2,76.6,0.0,0.0,0.0,0.0,144
2023-05-10 10:31:06,HO2312-C-2800,HO2312-C-2800,86.2,0.0,0.0,0.0,1,77.0,79.6,3,86.2,76.6,0.0,0.0,0.0,0.0,144
2023-05-10 10:31:10,HO2312-C-2800,HO2312-C-2800,86.2,0.0,0.0,0.0,1,77.0,79.6,1,86.2,76.6,0.0,0.0,0.0,0.0,144
2023-05-10 10:31:15,HO2312-C-2800,HO2312-C-2800,86.2,0.0,0.0,0.0,1,77.0,79.8,18,86.2,76.6,0.0,0.0,0.0,0.0,144
2023-05-10 10:31:15,HO2312-C-2800,HO2312-C-2800,86.2,0.0,0.0,0.0,1,77.0,79.8,20,86.2,76.6,0.0,0.0,0.0,0.0,144
2023-05-10 10:31:20,HO2312-C-2800,HO2312-C-2800,86.2,0.0,0.0,0.0,1,77.0,79.4,1,86.2,76.6,0.0,0.0,0.0,0.0,144
2023-05-10 10:31:21,HO2312-C-2800,HO2312-C-2800,86.2,0.0,0.0,0.0,1,77.0,79.4,3,86.2,76.6,0.0,0.0,0.0,0.0,144
2023-05-10 10:31:22,HO2312-C-2800,HO2312-C-2800,86.2,0.0,0.0,0.0,1,77.0,79.4,1,86.2,76.6,0.0,0.0,0.0,0.0,144
2023-05-10 10:32:21,HO2312-C-2800,HO2312-C-2800,86.2,0.0,0.0,0.0,6,76.8,79.4,1,86.2,76.6,0.0,0.0,0.0,0.0,144
2023-05-10 10:32:21,HO2312-C-2800,HO2312-C-2800,86.2,0.0,0.0,0.0,4,76.6,79.4,1,86.2,76.6,0.0,0.0,0.0,0.0,144
2023-05-10 10:32:22,HO2312-C-2800,HO2312-C-2800,86.2,0.0,0.0,0.0,1,76.6,79.4,1,86.2,76.6,0.0,0.0,0.0,0.0,144
2023-05-10 10:32:24,HO2312-C-2800,HO2312-C-2800,86.2,0.0,0.0,0.0,4,76.6,79.4,1,86.2,76.6,0.0,0.0,0.0,0.0,144
2023-05-10 10:32:29,HO2312-C-2800,HO2312-C-2800,86.2,0.0,0.0,0.0,1,76.8,79.4,1,86.2,76.6,0.0,0.0,0.0,0.0,144
2023-05-10 10:33:00,HO2312-C-2800,HO2312-C-2800,86.2,0.0,0.0,0.0,4,76.4,79.4,1,86.2,76.6,0.0,0.0,0.0,0.0,144
2023-05-10 10:33:15,HO2312-C-2800,HO2312-C-2800,86.2,0.0,0.0,0.0,1,76.6,79.4,1,86.2,76.6,0.0,0.0,0.0,0.0,144
2023-05-10 10:33:15,HO2312-C-2800,HO2312-C-2800,86.2,0.0,0.0,0.0,4,76.6,79.4,1,86.2,76.6,0.0,0.0,0.0,0.0,144
2023-05-10 10:33:16,HO2312-C-2800,HO2312-C-2800,86.2,0.0,0.0,0.0,1,76.8,79.4,1,86.2,76.6,0.0,0.0,0.0,0.0,144
2023-05-10 10:33:17,HO2312-C-2800,HO2312-C-2800,86.2,0.0,0.0,0.0,4,76.8,79.4,1,86.2,76.6,0.0,0.0,0.0,0.0,144
2023-05-10 10:33:18,HO2312-C-2800,HO2312-C-2800,86.2,0.0,0.0,0.0,1,76.8,79.4,1,86.2,76.6,0.0,0.0,0.0,0.0,144
2023-05-10 10:33:28,HO2312-C-2800,HO2312-C-2800,86.2,0.0,0.0,0.0,4,76.4,79.4,1,86.2,76.6,0.0,0.0,0.0,0.0,144
2023-05-10 10:34:29,HO2312-C-2800,HO2312-C-2800,86.2,0.0,0.0,0.0,4,76.4,79.4,3,86.2,76.6,0.0,0.0,0.0,0.0,144
2023-05-10 10:34:32,HO2312-C-2800,HO2312-C-2800,86.2,0.0,0.0,0.0,4,76.4,79.4,1,86.2,76.6,0.0,0.0,0.0,0.0,144
2023-05-10 10:34:32,HO2312-C-2800,HO2312-C-2800,86.2,0.0,0.0,0.0,1,76.6,79.4,1,86.2,76.6,0.0,0.0,0.0,0.0,144
2023-05-10 10:34:33,HO2312-C-2800,HO2312-C-2800,86.2,0.0,0.0,0.0,4,76.6,79.4,1,86.2,76.6,0.0,0.0,0.0,0.0,144
2023-05-10 10:34:40,HO2312-C-2800,HO2312-C-2800,86.2,0.0,0.0,0.0,1,76.8,79.4,1,86.2,76.6,0.0,0.0,0.0,0.0,144
2023-05-10 10:34:40,HO2312-C-2800,HO2312-C-2800,86.2,0.0,0.0,0.0,4,76.8,79.4,1,86.2,76.6,0.0,0.0,0.0,0.0,144
2023-05-10 10:34:42,HO2312-C-2800,HO2312-C-2800,86.2,0.0,0.0,0.0,1,77.2,79.4,1,86.2,76.6,0.0,0.0,0.0,0.0,144
2023-05-10 10:34:42,HO2312-C-2800,HO2312-C-2800,86.2,0.0,0.0,0.0,4,77.2,79.4,1,86.2,76.6,0.0,0.0,0.0,0.0,144
2023-05-10 10:34:45,HO2312-C-2800,HO2312-C-2800,86.2,0.0,0.0,0.0,1,77.2,79.4,1,86.2,76.6,0.0,0.0,0.0,0.0,144
2023-05-10 10:34:48,HO2312-C-2800,HO2312-C-2800,86.2,0.0,0.0,0.0,4,77.2,79.4,1,86.2,76.6,0.0,0.0,0.0,0.0,144
2023-05-10 10:34:49,HO2312-C-2800,HO2312-C-2800,86.2,0.0,0.0,0.0,1,77.2,79.4,1,86.2,76.6,0.0,0.0,0.0,0.0,144
2023-05-10 10:35:22,HO2312-C-2800,HO2312-C-2800,86.2,0.0,0.0,0.0,1,76.8,79.4,1,86.2,76.6,0.0,0.0,0.0,0.0,144
2023-05-10 10:35:22,HO2312-C-2800,HO2312-C-2800,86.2,0.0,0.0,0.0,4,76.8,79.4,1,86.2,76.6,0.0,0.0,0.0,0.0,144
2023-05-10 10:35:23,HO2312-C-2800,HO2312-C-2800,86.2,0.0,0.0,0.0,1,76.8,79.4,1,86.2,76.6,0.0,0.0,0.0,0.0,144
2023-05-10 10:35:24,HO2312-C-2800,HO2312-C-2800,86.2,0.0,0.0,0.0,4,76.8,79.4,1,86.2,76.6,0.0,0.0,0.0,0.0,144
2023-05-10 10:35:33,HO2312-C-2800,HO2312-C-2800,86.2,0.0,0.0,0.0,1,77.0,79.4,1,86.2,76.6,0.0,0.0,0.0,0.0,144
2023-05-10 10:35:36,HO2312-C-2800,HO2312-C-2800,86.2,0.0,0.0,0.0,4,77.0,79.4,1,86.2,76.6,0.0,0.0,0.0,0.0,144
2023-05-10 10:35:44,HO2312-C-2800,HO2312-C-2800,86.2,0.0,0.0,0.0,1,77.2,79.4,1,86.2,76.6,0.0,0.0,0.0,0.0,144
2023-05-10 10:36:01,HO2312-C-2800,HO2312-C-2800,86.2,0.0,0.0,0.0,1,77.2,80.0,18,86.2,76.6,0.0,0.0,0.0,0.0,144
2023-05-10 10:36:06,HO2312-C-2800,HO2312-C-2800,86.2,0.0,0.0,0.0,4,77.2,80.0,18,86.2,76.6,0.0,0.0,0.0,0.0,144
2023-05-10 10:36:07,HO2312-C-2800,HO2312-C-2800,86.2,0.0,0.0,0.0,1,77.8,80.0,18,86.2,76.6,0.0,0.0,0.0,0.0,144
2023-05-10 10:36:17,HO2312-C-2800,HO2312-C-2800,86.2,0.0,0.0,0.0,1,77.4,80.0,20,86.2,76.6,0.0,0.0,0.0,0.0,144
2023-05-10 10:36:28,HO2312-C-2800,HO2312-C-2800,86.2,0.0,0.0,0.0,1,77.4,80.0,14,86.2,76.6,0.0,0.0,0.0,0.0,144
2023-05-10 10:36:29,HO2312-C-2800,HO2312-C-2800,86.2,0.0,0.0,0.0,4,77.4,80.0,14,86.2,76.6,0.0,0.0,0.0,0.0,144
2023-05-10 10:36:30,HO2312-C-2800,HO2312-C-2800,86.2,0.0,0.0,0.0,4,77.4,80.0,12,86.2,76.6,0.0,0.0,0.0,0.0,144
2023-05-10 10:36:30,HO2312-C-2800,HO2312-C-2800,86.2,0.0,0.0,0.0,4,77.4,80.0,6,86.2,76.6,0.0,0.0,0.0,0.0,144
2023-05-10 10:36:34,HO2312-C-2800,HO2312-C-2800,86.2,0.0,0.0,0.0,1,77.6,80.0,6,86.2,76.6,0.0,0.0,0.0,0.0,144
2023-05-10 10:36:49,HO2312-C-2800,HO2312-C-2800,86.2,0.0,0.0,0.0,1,77.6,80.0,8,86.2,76.6,0.0,0.0,0.0,0.0,144
2023-05-10 10:36:52,HO2312-C-2800,HO2312-C-2800,86.2,0.0,0.0,0.0,7,77.2,80.0,8,86.2,76.6,0.0,0.0,0.0,0.0,144
2023-05-10 10:36:52,HO2312-C-2800,HO2312-C-2800,86.2,0.0,0.0,0.0,4,77.2,80.0,8,86.2,76.6,0.0,0.0,0.0,0.0,144
2023-05-10 10:36:53,HO2312-C-2800,HO2312-C-2800,86.2,0.0,0.0,0.0,1,77.2,80.0,8,86.2,76.6,0.0,0.0,0.0,0.0,144
2023-05-10 10:36:53,HO2312-C-2800,HO2312-C-2800,86.2,0.0,0.0,0.0,4,77.2,80.0,8,86.2,76.6,0.0,0.0,0.0,0.0,144
2023-05-10 10:36:54,HO2312-C-2800,HO2312-C-2800,86.2,0.0,0.0,0.0,1,77.2,80.0,8,86.2,76.6,0.0,0.0,0.0,0.0,144
2023-05-10 10:36:56,HO2312-C-2800,HO2312-C-2800,86.2,0.0,0.0,0.0,4,77.2,80.0,6,86.2,76.6,0.0,0.0,0.0,0.0,144
2023-05-10 10:37:03,HO2312-C-2800,HO2312-C-2800,86.2,0.0,0.0,0.0,1,77.2,80.0,6,86.2,76.6,0.0,0.0,0.0,0.0,144
2023-05-10 10:37:03,HO2312-C-2800,HO2312-C-2800,86.2,0.0,0.0,0.0,1,77.2,80.0,8,86.2,76.6,0.0,0.0,0.0,0.0,144
2023-05-10 10:37:05,HO2312-C-2800,HO2312-C-2800,86.2,0.0,0.0,0.0,1,77.2,79.6,1,86.2,76.6,0.0,0.0,0.0,0.0,144
2023-05-10 10:37:06,HO2312-C-2800,HO2312-C-2800,86.2,0.0,0.0,0.0,12,76.8,79.6,1,86.2,76.6,0.0,0.0,0.0,0.0,144
2023-05-10 10:37:06,HO2312-C-2800,HO2312-C-2800,86.2,0.0,0.0,0.0,3,76.8,79.6,1,86.2,76.6,0.0,0.0,0.0,0.0,144
2023-05-10 10:37:13,HO2312-C-2800,HO2312-C-2800,86.2,0.0,0.0,0.0,1,77.0,79.6,1,86.2,76.6,0.0,0.0,0.0,0.0,144
2023-05-10 10:37:16,HO2312-C-2800,HO2312-C-2800,86.2,0.0,0.0,0.0,4,77.0,79.6,1,86.2,76.6,0.0,0.0,0.0,0.0,144
2023-05-10 10:37:17,HO2312-C-2800,HO2312-C-2800,86.2,0.0,0.0,0.0,1,77.4,79.6,1,86.2,76.6,0.0,0.0,0.0,0.0,144
2023-05-10 10:37:22,HO2312-C-2800,HO2312-C-2800,86.2,0.0,0.0,0.0,3,77.0,79.6,1,86.2,76.6,0.0,0.0,0.0,0.0,144
2023-05-10 10:37:29,HO2312-C-2800,HO2312-C-2800,86.2,0.0,0.0,0.0,4,77.0,79.6,1,86.2,76.6,0.0,0.0,0.0,0.0,144
2023-05-10 10:37:44,HO2312-C-2800,HO2312-C-2800,86.2,0.0,0.0,0.0,1,77.2,79.6,1,86.2,76.6,0.0,0.0,0.0,0.0,144
2023-05-10 10:37:45,HO2312-C-2800,HO2312-C-2800,86.2,0.0,0.0,0.0,4,77.2,79.6,1,86.2,76.6,0.0,0.0,0.0,0.0,144
2023-05-10 10:37:46,HO2312-C-2800,HO2312-C-2800,86.2,0.0,0.0,0.0,1,77.4,79.6,1,86.2,76.6,0.0,0.0,0.0,0.0,144
2023-05-10 10:37:47,HO2312-C-2800,HO2312-C-2800,86.2,0.0,0.0,0.0,4,77.4,79.6,1,86.2,76.6,0.0,0.0,0.0,0.0,144
2023-05-10 10:37:57,HO2312-C-2800,HO2312-C-2800,86.2,0.0,0.0,0.0,1,77.6,79.6,1,86.2,76.6,0.0,0.0,0.0,0.0,144
2023-05-10 10:37:57,HO2312-C-2800,HO2312-C-2800,86.2,0.0,0.0,0.0,4,77.6,79.6,1,86.2,76.6,0.0,0.0,0.0,0.0,144
2023-05-10 10:37:58,HO2312-C-2800,HO2312-C-2800,86.2,0.0,0.0,0.0,4,77.6,80.0,6,86.2,76.6,0.0,0.0,0.0,0.0,144
2023-05-10 10:38:01,HO2312-C-2800,HO2312-C-2800,86.2,0.0,0.0,0.0,1,77.6,80.0,6,86.2,76.6,0.0,0.0,0.0,0.0,144
2023-05-10 10:38:06,HO2312-C-2800,HO2312-C-2800,86.2,0.0,0.0,0.0,4,77.6,80.0,6,86.2,76.6,0.0,0.0,0.0,0.0,144
