time,symbol_id,symbol_name,last,trade_volume,trade_amount,open_interest_change,bv1,bp1,ap1,av1,yesterday_close,today_open,today_high,today_low,volume,amount,open_interest
2023-05-10 09:29:00,HO2312-C-2900,HO2312-C-2900,57.0,0.0,0.0,0.0,1,47.2,63.2,1,57.0,54.4,0.0,0.0,0.0,0.0,79
2023-05-10 09:30:00,HO2312-C-2900,HO2312-C-2900,57.0,0.0,0.0,0.0,2,47.2,62.6,1,57.0,54.4,0.0,0.0,0.0,0.0,79
2023-05-10 09:30:00,HO2312-C-2900,HO2312-C-2900,57.0,0.0,0.0,0.0,2,47.8,62.6,1,57.0,54.4,0.0,0.0,0.0,0.0,79
2023-05-10 09:30:01,HO2312-C-2900,HO2312-C-2900,57.0,0.0,0.0,0.0,1,53.2,62.6,2,57.0,54.4,0.0,0.0,0.0,0.0,79
2023-05-10 09:30:04,HO2312-C-2900,HO2312-C-2900,57.0,0.0,0.0,0.0,1,53.2,56.8,1,57.0,54.4,0.0,0.0,0.0,0.0,79
2023-05-10 09:30:08,HO2312-C-2900,HO2312-C-2900,57.0,0.0,0.0,0.0,2,50.0,62.6,3,57.0,54.4,0.0,0.0,0.0,0.0,79
2023-05-10 09:30:08,HO2312-C-2900,HO2312-C-2900,57.0,0.0,0.0,0.0,2,50.0,62.6,2,57.0,54.4,0.0,0.0,0.0,0.0,79
2023-05-10 09:30:18,HO2312-C-2900,HO2312-C-2900,57.0,0.0,0.0,0.0,2,50.2,62.4,2,57.0,54.4,0.0,0.0,0.0,0.0,79
2023-05-10 09:30:24,HO2312-C-2900,HO2312-C-2900,57.0,0.0,0.0,0.0,6,52.6,60.6,6,57.0,54.4,0.0,0.0,0.0,0.0,79
2023-05-10 09:30:25,HO2312-C-2900,HO2312-C-2900,57.0,0.0,0.0,0.0,6,52.6,60.4,2,57.0,54.4,0.0,0.0,0.0,0.0,79
2023-05-10 09:30:32,HO2312-C-2900,HO2312-C-2900,57.0,0.0,0.0,0.0,6,52.8,60.2,6,57.0,54.4,0.0,0.0,0.0,0.0,79
2023-05-10 09:30:33,HO2312-C-2900,HO2312-C-2900,57.0,0.0,0.0,0.0,6,52.8,60.0,2,57.0,54.4,0.0,0.0,0.0,0.0,79
2023-05-10 09:30:33,HO2312-C-2900,HO2312-C-2900,57.0,0.0,0.0,0.0,6,52.8,59.8,6,57.0,54.4,0.0,0.0,0.0,0.0,79
2023-05-10 09:30:34,HO2312-C-2900,HO2312-C-2900,57.0,0.0,0.0,0.0,6,52.8,59.6,2,57.0,54.4,0.0,0.0,0.0,0.0,79
2023-05-10 09:30:34,HO2312-C-2900,HO2312-C-2900,57.0,0.0,0.0,0.0,6,52.8,59.4,6,57.0,54.4,0.0,0.0,0.0,0.0,79
2023-05-10 09:30:35,HO2312-C-2900,HO2312-C-2900,57.0,0.0,0.0,0.0,6,52.8,59.2,2,57.0,54.4,0.0,0.0,0.0,0.0,79
2023-05-10 09:30:35,HO2312-C-2900,HO2312-C-2900,57.0,0.0,0.0,0.0,6,52.8,59.0,6,57.0,54.4,0.0,0.0,0.0,0.0,79
2023-05-10 09:30:47,HO2312-C-2900,HO2312-C-2900,57.0,0.0,0.0,0.0,12,52.8,58.6,6,57.0,54.4,0.0,0.0,0.0,0.0,79
2023-05-10 09:30:47,HO2312-C-2900,HO2312-C-2900,57.0,0.0,0.0,0.0,6,53.0,58.4,6,57.0,54.4,0.0,0.0,0.0,0.0,79
2023-05-10 09:30:52,HO2312-C-2900,HO2312-C-2900,57.0,0.0,0.0,0.0,6,53.0,58.2,3,57.0,54.4,0.0,0.0,0.0,0.0,79
2023-05-10 09:30:53,HO2312-C-2900,HO2312-C-2900,57.0,0.0,0.0,0.0,6,53.0,58.0,6,57.0,54.4,0.0,0.0,0.0,0.0,79
2023-05-10 09:30:53,HO2312-C-2900,HO2312-C-2900,57.0,0.0,0.0,0.0,6,53.0,58.0,9,57.0,54.4,0.0,0.0,0.0,0.0,79
2023-05-10 09:31:05,HO2312-C-2900,HO2312-C-2900,57.0,0.0,0.0,0.0,6,53.0,58.0,15,57.0,54.4,0.0,0.0,0.0,0.0,79
2023-05-10 09:31:06,HO2312-C-2900,HO2312-C-2900,57.0,0.0,0.0,0.0,6,53.0,58.0,27,57.0,54.4,0.0,0.0,0.0,0.0,79
2023-05-10 09:31:06,HO2312-C-2900,HO2312-C-2900,57.0,0.0,0.0,0.0,18,52.6,57.8,6,57.0,54.4,0.0,0.0,0.0,0.0,79
2023-05-10 09:31:07,HO2312-C-2900,HO2312-C-2900,57.0,0.0,0.0,0.0,18,52.6,57.6,3,57.0,54.4,0.0,0.0,0.0,0.0,79
2023-05-10 09:31:07,HO2312-C-2900,HO2312-C-2900,57.0,0.0,0.0,0.0,18,52.6,57.4,6,57.0,54.4,0.0,0.0,0.0,0.0,79
2023-05-10 09:31:08,HO2312-C-2900,HO2312-C-2900,57.0,0.0,0.0,0.0,18,52.6,57.2,3,57.0,54.4,0.0,0.0,0.0,0.0,79
2023-05-10 09:31:08,HO2312-C-2900,HO2312-C-2900,57.0,0.0,0.0,0.0,18,52.6,57.0,6,57.0,54.4,0.0,0.0,0.0,0.0,79
2023-05-10 09:31:21,HO2312-C-2900,HO2312-C-2900,57.0,0.0,0.0,0.0,18,52.6,56.2,1,57.0,54.4,0.0,0.0,0.0,0.0,79
2023-05-10 09:31:22,HO2312-C-2900,HO2312-C-2900,57.0,0.0,0.0,0.0,18,52.6,56.0,6,57.0,54.4,0.0,0.0,0.0,0.0,79
2023-05-10 09:31:23,HO2312-C-2900,HO2312-C-2900,57.0,0.0,0.0,0.0,12,52.6,56.0,6,57.0,54.4,0.0,0.0,0.0,0.0,79
2023-05-10 09:31:24,HO2312-C-2900,HO2312-C-2900,57.0,0.0,0.0,0.0,6,52.6,56.0,6,57.0,54.4,0.0,0.0,0.0,0.0,79
2023-05-10 09:31:26,HO2312-C-2900,HO2312-C-2900,57.0,0.0,0.0,0.0,18,52.4,56.0,6,57.0,54.4,0.0,0.0,0.0,0.0,79
2023-05-10 09:31:37,HO2312-C-2900,HO2312-C-2900,57.0,0.0,0.0,0.0,12,52.4,56.0,6,57.0,54.4,0.0,0.0,0.0,0.0,79
2023-05-10 09:31:38,HO2312-C-2900,HO2312-C-2900,57.0,0.0,0.0,0.0,6,52.4,56.0,6,57.0,54.4,0.0,0.0,0.0,0.0,79
2023-05-10 09:32:27,HO2312-C-2900,HO2312-C-2900,57.0,0.0,0.0,0.0,18,52.0,56.0,6,57.0,54.4,0.0,0.0,0.0,0.0,79
2023-05-10 09:32:34,HO2312-C-2900,HO2312-C-2900,57.0,0.0,0.0,0.0,19,52.0,56.0,6,57.0,54.4,0.0,0.0,0.0,0.0,79
2023-05-10 09:32:35,HO2312-C-2900,HO2312-C-2900,57.0,0.0,0.0,0.0,13,52.0,56.0,6,57.0,54.4,0.0,0.0,0.0,0.0,79
2023-05-10 09:32:35,HO2312-C-2900,HO2312-C-2900,57.0,0.0,0.0,0.0,7,52.0,56.0,6,57.0,54.4,0.0,0.0,0.0,0.0,79
2023-05-10 09:32:36,HO2312-C-2900,HO2312-C-2900,57.0,0.0,0.0,0.0,1,52.0,56.0,6,57.0,54.4,0.0,0.0,0.0,0.0,79
2023-05-10 09:32:44,HO2312-C-2900,HO2312-C-2900,57.0,0.0,0.0,0.0,18,51.8,56.0,6,57.0,54.4,0.0,0.0,0.0,0.0,79
2023-05-10 09:32:45,HO2312-C-2900,HO2312-C-2900,57.0,0.0,0.0,0.0,12,52.0,55.8,12,57.0,54.4,0.0,0.0,0.0,0.0,79
2023-05-10 09:32:45,HO2312-C-2900,HO2312-C-2900,57.0,0.0,0.0,0.0,6,52.0,56.0,12,57.0,54.4,0.0,0.0,0.0,0.0,79
2023-05-10 09:32:46,HO2312-C-2900,HO2312-C-2900,57.0,0.0,0.0,0.0,18,51.8,56.0,6,57.0,54.4,0.0,0.0,0.0,0.0,79
2023-05-10 09:32:46,HO2312-C-2900,HO2312-C-2900,57.0,0.0,0.0,0.0,12,52.0,55.8,12,57.0,54.4,0.0,0.0,0.0,0.0,79
2023-05-10 09:32:47,HO2312-C-2900,HO2312-C-2900,57.0,0.0,0.0,0.0,18,51.8,56.0,6,57.0,54.4,0.0,0.0,0.0,0.0,79
2023-05-10 09:32:47,HO2312-C-2900,HO2312-C-2900,57.0,0.0,0.0,0.0,12,52.0,55.8,12,57.0,54.4,0.0,0.0,0.0,0.0,79
2023-05-10 09:32:48,HO2312-C-2900,HO2312-C-2900,57.0,0.0,0.0,0.0,2,52.2,56.0,12,57.0,54.4,0.0,0.0,0.0,0.0,79
2023-05-10 09:32:48,HO2312-C-2900,HO2312-C-2900,57.0,0.0,0.0,0.0,2,52.2,56.0,6,57.0,54.4,0.0,0.0,0.0,0.0,79
2023-05-10 09:32:57,HO2312-C-2900,HO2312-C-2900,57.0,0.0,0.0,0.0,1,53.8,56.0,6,57.0,54.4,0.0,0.0,0.0,0.0,79
2023-05-10 09:33:24,HO2312-C-2900,HO2312-C-2900,57.0,0.0,0.0,0.0,1,53.8,56.2,13,57.0,54.4,0.0,0.0,0.0,0.0,79
2023-05-10 09:33:25,HO2312-C-2900,HO2312-C-2900,57.0,0.0,0.0,0.0,1,53.8,56.2,7,57.0,54.4,0.0,0.0,0.0,0.0,79
2023-05-10 09:33:25,HO2312-C-2900,HO2312-C-2900,57.0,0.0,0.0,0.0,1,53.8,56.2,1,57.0,54.4,0.0,0.0,0.0,0.0,79
2023-05-10 09:34:03,HO2312-C-2900,HO2312-C-2900,57.0,0.0,0.0,0.0,7,53.4,56.2,2,57.0,54.4,0.0,0.0,0.0,0.0,79
2023-05-10 09:34:05,HO2312-C-2900,HO2312-C-2900,57.0,0.0,0.0,0.0,6,53.4,56.2,2,57.0,54.4,0.0,0.0,0.0,0.0,79
2023-05-10 09:34:08,HO2312-C-2900,HO2312-C-2900,57.0,0.0,0.0,0.0,1,53.8,56.2,2,57.0,54.4,0.0,0.0,0.0,0.0,79
2023-05-10 09:34:15,HO2312-C-2900,HO2312-C-2900,57.0,0.0,0.0,0.0,7,53.4,56.2,2,57.0,54.4,0.0,0.0,0.0,0.0,79
2023-05-10 09:34:23,HO2312-C-2900,HO2312-C-2900,57.0,0.0,0.0,0.0,7,53.4,56.0,6,57.0,54.4,0.0,0.0,0.0,0.0,79
2023-05-10 09:34:28,HO2312-C-2900,HO2312-C-2900,57.0,0.0,0.0,0.0,6,53.4,55.8,1,57.0,54.4,0.0,0.0,0.0,0.0,79
2023-05-10 09:35:02,HO2312-C-2900,HO2312-C-2900,57.0,0.0,0.0,0.0,6,53.4,55.8,2,57.0,54.4,0.0,0.0,0.0,0.0,79
2023-05-10 09:35:04,HO2312-C-2900,HO2312-C-2900,57.0,0.0,0.0,0.0,18,53.2,55.8,2,57.0,54.4,0.0,0.0,0.0,0.0,79
2023-05-10 09:35:05,HO2312-C-2900,HO2312-C-2900,57.0,0.0,0.0,0.0,12,53.2,55.8,2,57.0,54.4,0.0,0.0,0.0,0.0,79
2023-05-10 09:35:05,HO2312-C-2900,HO2312-C-2900,57.0,0.0,0.0,0.0,24,53.0,55.8,2,57.0,54.4,0.0,0.0,0.0,0.0,79
2023-05-10 09:35:06,HO2312-C-2900,HO2312-C-2900,57.0,0.0,0.0,0.0,18,53.0,55.8,2,57.0,54.4,0.0,0.0,0.0,0.0,79
2023-05-10 09:35:07,HO2312-C-2900,HO2312-C-2900,57.0,0.0,0.0,0.0,18,53.0,55.8,1,57.0,54.4,0.0,0.0,0.0,0.0,79
2023-05-10 09:35:14,HO2312-C-2900,HO2312-C-2900,57.0,0.0,0.0,0.0,12,53.0,55.8,1,57.0,54.4,0.0,0.0,0.0,0.0,79
2023-05-10 09:35:15,HO2312-C-2900,HO2312-C-2900,57.0,0.0,0.0,0.0,6,53.0,55.8,1,57.0,54.4,0.0,0.0,0.0,0.0,79
2023-05-10 09:35:16,HO2312-C-2900,HO2312-C-2900,57.0,0.0,0.0,0.0,6,53.0,55.6,6,57.0,54.4,0.0,0.0,0.0,0.0,79
2023-05-10 09:35:17,HO2312-C-2900,HO2312-C-2900,57.0,0.0,0.0,0.0,19,52.8,55.6,6,57.0,54.4,0.0,0.0,0.0,0.0,79
2023-05-10 09:35:17,HO2312-C-2900,HO2312-C-2900,57.0,0.0,0.0,0.0,7,52.8,55.6,6,57.0,54.4,0.0,0.0,0.0,0.0,79
2023-05-10 09:35:18,HO2312-C-2900,HO2312-C-2900,57.0,0.0,0.0,0.0,1,52.8,55.6,6,57.0,54.4,0.0,0.0,0.0,0.0,79
2023-05-10 09:35:18,HO2312-C-2900,HO2312-C-2900,57.0,0.0,0.0,0.0,21,52.6,55.6,6,57.0,54.4,0.0,0.0,0.0,0.0,79
2023-05-10 09:35:31,HO2312-C-2900,HO2312-C-2900,57.0,0.0,0.0,0.0,15,52.6,55.6,6,57.0,54.4,0.0,0.0,0.0,0.0,79
2023-05-10 09:35:31,HO2312-C-2900,HO2312-C-2900,57.0,0.0,0.0,0.0,9,52.6,55.6,6,57.0,54.4,0.0,0.0,0.0,0.0,79
2023-05-10 09:35:32,HO2312-C-2900,HO2312-C-2900,57.0,0.0,0.0,0.0,37,52.4,55.6,6,57.0,54.4,0.0,0.0,0.0,0.0,79
2023-05-10 09:35:32,HO2312-C-2900,HO2312-C-2900,57.0,0.0,0.0,0.0,25,52.4,55.2,1,57.0,54.4,0.0,0.0,0.0,0.0,79
2023-05-10 09:35:48,HO2312-C-2900,HO2312-C-2900,57.0,0.0,0.0,0.0,2,52.6,55.2,1,57.0,54.4,0.0,0.0,0.0,0.0,79
2023-05-10 09:35:48,HO2312-C-2900,HO2312-C-2900,57.0,0.0,0.0,0.0,25,52.4,55.2,1,57.0,54.4,0.0,0.0,0.0,0.0,79
2023-05-10 09:35:49,HO2312-C-2900,HO2312-C-2900,57.0,0.0,0.0,0.0,27,52.4,55.2,1,57.0,54.4,0.0,0.0,0.0,0.0,79
2023-05-10 09:35:50,HO2312-C-2900,HO2312-C-2900,57.0,0.0,0.0,0.0,25,52.4,55.2,1,57.0,54.4,0.0,0.0,0.0,0.0,79
2023-05-10 09:35:51,HO2312-C-2900,HO2312-C-2900,57.0,0.0,0.0,0.0,19,52.4,55.2,1,57.0,54.4,0.0,0.0,0.0,0.0,79
2023-05-10 09:35:52,HO2312-C-2900,HO2312-C-2900,57.0,0.0,0.0,0.0,21,52.4,55.2,1,57.0,54.4,0.0,0.0,0.0,0.0,79
2023-05-10 09:35:53,HO2312-C-2900,HO2312-C-2900,57.0,0.0,0.0,0.0,19,52.4,55.2,1,57.0,54.4,0.0,0.0,0.0,0.0,79
2023-05-10 09:35:59,HO2312-C-2900,HO2312-C-2900,57.0,0.0,0.0,0.0,1,52.6,55.2,1,57.0,54.4,0.0,0.0,0.0,0.0,79
2023-05-10 09:35:59,HO2312-C-2900,HO2312-C-2900,57.0,0.0,0.0,0.0,7,52.6,55.2,1,57.0,54.4,0.0,0.0,0.0,0.0,79
2023-05-10 09:36:00,HO2312-C-2900,HO2312-C-2900,57.0,0.0,0.0,0.0,1,53.0,55.2,1,57.0,54.4,0.0,0.0,0.0,0.0,79
2023-05-10 09:36:00,HO2312-C-2900,HO2312-C-2900,57.0,0.0,0.0,0.0,1,53.0,55.6,6,57.0,54.4,0.0,0.0,0.0,0.0,79
2023-05-10 09:36:25,HO2312-C-2900,HO2312-C-2900,57.0,0.0,0.0,0.0,1,53.0,55.6,7,57.0,54.4,0.0,0.0,0.0,0.0,79
2023-05-10 09:36:31,HO2312-C-2900,HO2312-C-2900,57.0,0.0,0.0,0.0,6,52.6,55.6,7,57.0,54.4,0.0,0.0,0.0,0.0,79
2023-05-10 09:36:31,HO2312-C-2900,HO2312-C-2900,57.0,0.0,0.0,0.0,7,52.6,55.6,7,57.0,54.4,0.0,0.0,0.0,0.0,79
2023-05-10 09:36:32,HO2312-C-2900,HO2312-C-2900,57.0,0.0,0.0,0.0,7,52.6,55.2,1,57.0,54.4,0.0,0.0,0.0,0.0,79
2023-05-10 09:36:37,HO2312-C-2900,HO2312-C-2900,57.0,0.0,0.0,0.0,1,52.8,55.2,1,57.0,54.4,0.0,0.0,0.0,0.0,79
2023-05-10 09:36:39,HO2312-C-2900,HO2312-C-2900,57.0,0.0,0.0,0.0,1,52.8,55.6,6,57.0,54.4,0.0,0.0,0.0,0.0,79
2023-05-10 09:36:56,HO2312-C-2900,HO2312-C-2900,57.0,0.0,0.0,0.0,6,52.6,55.6,6,57.0,54.4,0.0,0.0,0.0,0.0,79
2023-05-10 09:36:57,HO2312-C-2900,HO2312-C-2900,57.0,0.0,0.0,0.0,6,52.6,55.4,3,57.0,54.4,0.0,0.0,0.0,0.0,79
2023-05-10 09:36:58,HO2312-C-2900,HO2312-C-2900,57.0,0.0,0.0,0.0,6,52.6,55.6,9,57.0,54.4,0.0,0.0,0.0,0.0,79
2023-05-10 09:36:59,HO2312-C-2900,HO2312-C-2900,57.0,0.0,0.0,0.0,6,52.6,55.2,1,57.0,54.4,0.0,0.0,0.0,0.0,79
2023-05-10 09:37:01,HO2312-C-2900,HO2312-C-2900,57.0,0.0,0.0,0.0,19,52.4,55.2,1,57.0,54.4,0.0,0.0,0.0,0.0,79
2023-05-10 09:37:08,HO2312-C-2900,HO2312-C-2900,57.0,0.0,0.0,0.0,19,52.4,55.0,6,57.0,54.4,0.0,0.0,0.0,0.0,79
2023-05-10 09:37:09,HO2312-C-2900,HO2312-C-2900,57.0,0.0,0.0,0.0,13,52.4,55.0,6,57.0,54.4,0.0,0.0,0.0,0.0,79
2023-05-10 09:37:09,HO2312-C-2900,HO2312-C-2900,57.0,0.0,0.0,0.0,7,52.4,55.0,6,57.0,54.4,0.0,0.0,0.0,0.0,79
2023-05-10 09:37:10,HO2312-C-2900,HO2312-C-2900,57.0,0.0,0.0,0.0,2,53.0,55.0,6,57.0,54.4,0.0,0.0,0.0,0.0,79
2023-05-10 09:38:07,HO2312-C-2900,HO2312-C-2900,57.0,0.0,0.0,0.0,3,53.0,55.0,6,57.0,54.4,0.0,0.0,0.0,0.0,79
2023-05-10 09:38:10,HO2312-C-2900,HO2312-C-2900,57.0,0.0,0.0,0.0,1,53.2,55.0,6,57.0,54.4,0.0,0.0,0.0,0.0,79
2023-05-10 09:38:11,HO2312-C-2900,HO2312-C-2900,57.0,0.0,0.0,0.0,1,53.2,55.4,6,57.0,54.4,0.0,0.0,0.0,0.0,79
2023-05-10 09:38:21,HO2312-C-2900,HO2312-C-2900,57.0,0.0,0.0,0.0,8,53.0,55.4,6,57.0,54.4,0.0,0.0,0.0,0.0,79
2023-05-10 09:38:23,HO2312-C-2900,HO2312-C-2900,57.0,0.0,0.0,0.0,8,53.0,55.4,7,57.0,54.4,0.0,0.0,0.0,0.0,79
2023-05-10 09:38:24,HO2312-C-2900,HO2312-C-2900,57.0,0.0,0.0,0.0,2,53.0,55.4,7,57.0,54.4,0.0,0.0,0.0,0.0,79
2023-05-10 09:38:37,HO2312-C-2900,HO2312-C-2900,57.0,0.0,0.0,0.0,1,53.2,55.4,7,57.0,54.4,0.0,0.0,0.0,0.0,79
2023-05-10 09:38:42,HO2312-C-2900,HO2312-C-2900,57.0,0.0,0.0,0.0,2,53.0,55.4,7,57.0,54.4,0.0,0.0,0.0,0.0,79
2023-05-10 09:38:51,HO2312-C-2900,HO2312-C-2900,57.0,0.0,0.0,0.0,3,53.0,55.4,7,57.0,54.4,0.0,0.0,0.0,0.0,79
2023-05-10 09:38:56,HO2312-C-2900,HO2312-C-2900,57.0,0.0,0.0,0.0,1,53.2,55.4,7,57.0,54.4,0.0,0.0,0.0,0.0,79
2023-05-10 09:39:08,HO2312-C-2900,HO2312-C-2900,57.0,0.0,0.0,0.0,1,53.2,55.4,6,57.0,54.4,0.0,0.0,0.0,0.0,79
2023-05-10 09:39:26,HO2312-C-2900,HO2312-C-2900,57.0,0.0,0.0,0.0,2,53.0,55.4,6,57.0,54.4,0.0,0.0,0.0,0.0,79
2023-05-10 09:39:42,HO2312-C-2900,HO2312-C-2900,57.0,0.0,0.0,0.0,3,53.0,55.4,6,57.0,54.4,0.0,0.0,0.0,0.0,79
2023-05-10 09:40:10,HO2312-C-2900,HO2312-C-2900,57.0,0.0,0.0,0.0,1,53.2,55.4,6,57.0,54.4,0.0,0.0,0.0,0.0,79
2023-05-10 09:40:21,HO2312-C-2900,HO2312-C-2900,57.0,0.0,0.0,0.0,2,53.0,55.4,6,57.0,54.4,0.0,0.0,0.0,0.0,79
2023-05-10 09:40:32,HO2312-C-2900,HO2312-C-2900,57.0,0.0,0.0,0.0,2,53.0,55.4,9,57.0,54.4,0.0,0.0,0.0,0.0,79
2023-05-10 09:40:36,HO2312-C-2900,HO2312-C-2900,57.0,0.0,0.0,0.0,2,53.0,55.4,6,57.0,54.4,0.0,0.0,0.0,0.0,79
2023-05-10 09:40:42,HO2312-C-2900,HO2312-C-2900,57.0,0.0,0.0,0.0,3,53.0,55.4,6,57.0,54.4,0.0,0.0,0.0,0.0,79
2023-05-10 09:40:45,HO2312-C-2900,HO2312-C-2900,57.0,0.0,0.0,0.0,1,53.2,55.4,6,57.0,54.4,0.0,0.0,0.0,0.0,79
2023-05-10 09:40:52,HO2312-C-2900,HO2312-C-2900,57.0,0.0,0.0,0.0,2,53.0,55.4,6,57.0,54.4,0.0,0.0,0.0,0.0,79
2023-05-10 09:41:01,HO2312-C-2900,HO2312-C-2900,57.0,0.0,0.0,0.0,2,53.0,55.4,7,57.0,54.4,0.0,0.0,0.0,0.0,79
2023-05-10 09:41:02,HO2312-C-2900,HO2312-C-2900,57.0,0.0,0.0,0.0,2,53.0,55.4,9,57.0,54.4,0.0,0.0,0.0,0.0,79
2023-05-10 09:41:02,HO2312-C-2900,HO2312-C-2900,57.0,0.0,0.0,0.0,2,53.0,55.4,7,57.0,54.4,0.0,0.0,0.0,0.0,79
2023-05-10 09:41:06,HO2312-C-2900,HO2312-C-2900,57.0,0.0,0.0,0.0,2,53.0,55.4,12,57.0,54.4,0.0,0.0,0.0,0.0,79
2023-05-10 09:41:06,HO2312-C-2900,HO2312-C-2900,57.0,0.0,0.0,0.0,2,53.0,54.8,1,57.0,54.4,0.0,0.0,0.0,0.0,79
2023-05-10 09:41:29,HO2312-C-2900,HO2312-C-2900,57.0,0.0,0.0,0.0,2,53.0,55.0,6,57.0,54.4,0.0,0.0,0.0,0.0,79
2023-05-10 09:41:40,HO2312-C-2900,HO2312-C-2900,57.0,0.0,0.0,0.0,3,53.0,55.0,6,57.0,54.4,0.0,0.0,0.0,0.0,79
2023-05-10 09:41:43,HO2312-C-2900,HO2312-C-2900,57.0,0.0,0.0,0.0,1,53.2,55.0,6,57.0,54.4,0.0,0.0,0.0,0.0,79
2023-05-10 09:41:47,HO2312-C-2900,HO2312-C-2900,57.0,0.0,0.0,0.0,2,53.0,55.0,6,57.0,54.4,0.0,0.0,0.0,0.0,79
2023-05-10 09:41:53,HO2312-C-2900,HO2312-C-2900,57.0,0.0,0.0,0.0,2,53.0,55.0,8,57.0,54.4,0.0,0.0,0.0,0.0,79
2023-05-10 09:41:53,HO2312-C-2900,HO2312-C-2900,57.0,0.0,0.0,0.0,2,53.0,55.0,6,57.0,54.4,0.0,0.0,0.0,0.0,79
2023-05-10 09:42:11,HO2312-C-2900,HO2312-C-2900,57.0,0.0,0.0,0.0,2,53.0,55.0,7,57.0,54.4,0.0,0.0,0.0,0.0,79
2023-05-10 09:42:24,HO2312-C-2900,HO2312-C-2900,57.0,0.0,0.0,0.0,2,53.0,55.0,8,57.0,54.4,0.0,0.0,0.0,0.0,79
2023-05-10 09:42:43,HO2312-C-2900,HO2312-C-2900,57.0,0.0,0.0,0.0,2,53.0,55.0,7,57.0,54.4,0.0,0.0,0.0,0.0,79
2023-05-10 09:43:12,HO2312-C-2900,HO2312-C-2900,57.0,0.0,0.0,0.0,3,53.0,55.0,7,57.0,54.4,0.0,0.0,0.0,0.0,79
2023-05-10 09:43:14,HO2312-C-2900,HO2312-C-2900,57.0,0.0,0.0,0.0,3,53.0,55.0,6,57.0,54.4,0.0,0.0,0.0,0.0,79
2023-05-10 09:43:20,HO2312-C-2900,HO2312-C-2900,57.0,0.0,0.0,0.0,1,53.2,55.0,6,57.0,54.4,0.0,0.0,0.0,0.0,79
2023-05-10 09:43:41,HO2312-C-2900,HO2312-C-2900,57.0,0.0,0.0,0.0,2,53.0,55.0,6,57.0,54.4,0.0,0.0,0.0,0.0,79
2023-05-10 09:44:26,HO2312-C-2900,HO2312-C-2900,57.0,0.0,0.0,0.0,2,53.0,54.8,1,57.0,54.4,0.0,0.0,0.0,0.0,79
2023-05-10 09:44:27,HO2312-C-2900,HO2312-C-2900,57.0,0.0,0.0,0.0,2,53.0,55.0,6,57.0,54.4,0.0,0.0,0.0,0.0,79
2023-05-10 09:44:32,HO2312-C-2900,HO2312-C-2900,57.0,0.0,0.0,0.0,2,53.0,54.8,1,57.0,54.4,0.0,0.0,0.0,0.0,79
2023-05-10 09:44:47,HO2312-C-2900,HO2312-C-2900,57.0,0.0,0.0,0.0,2,53.0,55.0,6,57.0,54.4,0.0,0.0,0.0,0.0,79
2023-05-10 09:45:16,HO2312-C-2900,HO2312-C-2900,57.0,0.0,0.0,0.0,3,53.0,55.0,6,57.0,54.4,0.0,0.0,0.0,0.0,79
2023-05-10 09:45:35,HO2312-C-2900,HO2312-C-2900,57.0,0.0,0.0,0.0,2,53.0,55.0,6,57.0,54.4,0.0,0.0,0.0,0.0,79
2023-05-10 09:45:51,HO2312-C-2900,HO2312-C-2900,57.0,0.0,0.0,0.0,2,53.0,55.0,7,57.0,54.4,0.0,0.0,0.0,0.0,79
2023-05-10 09:45:53,HO2312-C-2900,HO2312-C-2900,57.0,0.0,0.0,0.0,2,53.0,55.0,10,57.0,54.4,0.0,0.0,0.0,0.0,79
2023-05-10 09:45:54,HO2312-C-2900,HO2312-C-2900,57.0,0.0,0.0,0.0,2,53.0,55.0,7,57.0,54.4,0.0,0.0,0.0,0.0,79
2023-05-10 09:46:07,HO2312-C-2900,HO2312-C-2900,57.0,0.0,0.0,0.0,2,53.0,55.0,10,57.0,54.4,0.0,0.0,0.0,0.0,79
2023-05-10 09:46:07,HO2312-C-2900,HO2312-C-2900,57.0,0.0,0.0,0.0,2,53.0,55.0,16,57.0,54.4,0.0,0.0,0.0,0.0,79
2023-05-10 09:46:25,HO2312-C-2900,HO2312-C-2900,57.0,0.0,0.0,0.0,2,53.0,55.0,13,57.0,54.4,0.0,0.0,0.0,0.0,79
2023-05-10 09:46:26,HO2312-C-2900,HO2312-C-2900,57.0,0.0,0.0,0.0,2,53.0,55.0,7,57.0,54.4,0.0,0.0,0.0,0.0,79
2023-05-10 09:46:58,HO2312-C-2900,HO2312-C-2900,57.0,0.0,0.0,0.0,2,53.0,55.0,10,57.0,54.4,0.0,0.0,0.0,0.0,79
2023-05-10 09:47:01,HO2312-C-2900,HO2312-C-2900,57.0,0.0,0.0,0.0,2,53.0,55.0,16,57.0,54.4,0.0,0.0,0.0,0.0,79
2023-05-10 09:47:02,HO2312-C-2900,HO2312-C-2900,57.0,0.0,0.0,0.0,2,53.0,55.0,18,57.0,54.4,0.0,0.0,0.0,0.0,79
2023-05-10 09:47:03,HO2312-C-2900,HO2312-C-2900,57.0,0.0,0.0,0.0,2,53.0,55.0,16,57.0,54.4,0.0,0.0,0.0,0.0,79
2023-05-10 09:47:06,HO2312-C-2900,HO2312-C-2900,57.0,0.0,0.0,0.0,2,53.0,55.0,13,57.0,54.4,0.0,0.0,0.0,0.0,79
2023-05-10 09:47:07,HO2312-C-2900,HO2312-C-2900,57.0,0.0,0.0,0.0,2,53.0,55.0,7,57.0,54.4,0.0,0.0,0.0,0.0,79
2023-05-10 09:47:17,HO2312-C-2900,HO2312-C-2900,57.0,0.0,0.0,0.0,2,53.0,55.0,10,57.0,54.4,0.0,0.0,0.0,0.0,79
2023-05-10 09:47:18,HO2312-C-2900,HO2312-C-2900,57.0,0.0,0.0,0.0,2,53.0,55.0,7,57.0,54.4,0.0,0.0,0.0,0.0,79
2023-05-10 09:47:24,HO2312-C-2900,HO2312-C-2900,57.0,0.0,0.0,0.0,2,53.0,55.0,10,57.0,54.4,0.0,0.0,0.0,0.0,79
2023-05-10 09:47:44,HO2312-C-2900,HO2312-C-2900,57.0,0.0,0.0,0.0,24,52.4,55.0,10,57.0,54.4,0.0,0.0,0.0,0.0,79
2023-05-10 09:47:44,HO2312-C-2900,HO2312-C-2900,57.0,0.0,0.0,0.0,12,52.4,55.0,10,57.0,54.4,0.0,0.0,0.0,0.0,79
2023-05-10 09:47:45,HO2312-C-2900,HO2312-C-2900,57.0,0.0,0.0,0.0,6,52.4,55.0,16,57.0,54.4,0.0,0.0,0.0,0.0,79
2023-05-10 09:47:51,HO2312-C-2900,HO2312-C-2900,57.0,0.0,0.0,0.0,6,52.4,55.0,13,57.0,54.4,0.0,0.0,0.0,0.0,79
2023-05-10 09:47:52,HO2312-C-2900,HO2312-C-2900,57.0,0.0,0.0,0.0,6,52.4,55.0,7,57.0,54.4,0.0,0.0,0.0,0.0,79
2023-05-10 09:47:53,HO2312-C-2900,HO2312-C-2900,57.0,0.0,0.0,0.0,8,52.4,55.0,7,57.0,54.4,0.0,0.0,0.0,0.0,79
2023-05-10 09:47:54,HO2312-C-2900,HO2312-C-2900,57.0,0.0,0.0,0.0,6,52.4,55.0,7,57.0,54.4,0.0,0.0,0.0,0.0,79
2023-05-10 09:48:06,HO2312-C-2900,HO2312-C-2900,57.0,0.0,0.0,0.0,8,52.4,55.0,7,57.0,54.4,0.0,0.0,0.0,0.0,79
2023-05-10 09:48:07,HO2312-C-2900,HO2312-C-2900,57.0,0.0,0.0,0.0,9,52.4,55.0,7,57.0,54.4,0.0,0.0,0.0,0.0,79
2023-05-10 09:48:09,HO2312-C-2900,HO2312-C-2900,57.0,0.0,0.0,0.0,15,52.4,55.0,7,57.0,54.4,0.0,0.0,0.0,0.0,79
2023-05-10 09:48:10,HO2312-C-2900,HO2312-C-2900,57.0,0.0,0.0,0.0,1,52.6,55.0,7,57.0,54.4,0.0,0.0,0.0,0.0,79
2023-05-10 09:48:11,HO2312-C-2900,HO2312-C-2900,57.0,0.0,0.0,0.0,3,52.6,55.0,7,57.0,54.4,0.0,0.0,0.0,0.0,79
2023-05-10 09:48:11,HO2312-C-2900,HO2312-C-2900,57.0,0.0,0.0,0.0,1,53.0,55.0,7,57.0,54.4,0.0,0.0,0.0,0.0,79
2023-05-10 09:48:12,HO2312-C-2900,HO2312-C-2900,57.0,0.0,0.0,0.0,24,52.4,55.0,7,57.0,54.4,0.0,0.0,0.0,0.0,79
2023-05-10 09:48:12,HO2312-C-2900,HO2312-C-2900,57.0,0.0,0.0,0.0,21,52.4,55.0,7,57.0,54.4,0.0,0.0,0.0,0.0,79
2023-05-10 09:48:13,HO2312-C-2900,HO2312-C-2900,57.0,0.0,0.0,0.0,19,52.4,55.0,7,57.0,54.4,0.0,0.0,0.0,0.0,79
2023-05-10 09:48:28,HO2312-C-2900,HO2312-C-2900,57.0,0.0,0.0,0.0,1,52.6,55.0,7,57.0,54.4,0.0,0.0,0.0,0.0,79
2023-05-10 09:48:48,HO2312-C-2900,HO2312-C-2900,57.0,0.0,0.0,0.0,18,52.4,55.0,7,57.0,54.4,0.0,0.0,0.0,0.0,79
2023-05-10 09:48:49,HO2312-C-2900,HO2312-C-2900,57.0,0.0,0.0,0.0,12,52.4,55.0,10,57.0,54.4,0.0,0.0,0.0,0.0,79
2023-05-10 09:48:49,HO2312-C-2900,HO2312-C-2900,57.0,0.0,0.0,0.0,6,52.4,55.0,10,57.0,54.4,0.0,0.0,0.0,0.0,79
2023-05-10 09:48:51,HO2312-C-2900,HO2312-C-2900,57.0,0.0,0.0,0.0,6,52.4,55.0,16,57.0,54.4,0.0,0.0,0.0,0.0,79
2023-05-10 09:48:53,HO2312-C-2900,HO2312-C-2900,57.0,0.0,0.0,0.0,6,52.4,55.0,18,57.0,54.4,0.0,0.0,0.0,0.0,79
2023-05-10 09:48:54,HO2312-C-2900,HO2312-C-2900,57.0,0.0,0.0,0.0,6,52.4,55.0,16,57.0,54.4,0.0,0.0,0.0,0.0,79
2023-05-10 09:48:54,HO2312-C-2900,HO2312-C-2900,57.0,0.0,0.0,0.0,6,52.4,55.0,18,57.0,54.4,0.0,0.0,0.0,0.0,79
2023-05-10 09:48:55,HO2312-C-2900,HO2312-C-2900,57.0,0.0,0.0,0.0,6,52.4,55.0,16,57.0,54.4,0.0,0.0,0.0,0.0,79
2023-05-10 09:49:01,HO2312-C-2900,HO2312-C-2900,57.0,0.0,0.0,0.0,6,52.4,55.0,19,57.0,54.4,0.0,0.0,0.0,0.0,79
2023-05-10 09:49:02,HO2312-C-2900,HO2312-C-2900,57.0,0.0,0.0,0.0,6,52.4,55.0,17,57.0,54.4,0.0,0.0,0.0,0.0,79
2023-05-10 09:49:03,HO2312-C-2900,HO2312-C-2900,57.0,0.0,0.0,0.0,6,52.4,55.0,19,57.0,54.4,0.0,0.0,0.0,0.0,79
2023-05-10 09:49:06,HO2312-C-2900,HO2312-C-2900,57.0,0.0,0.0,0.0,6,52.4,55.0,17,57.0,54.4,0.0,0.0,0.0,0.0,79
2023-05-10 09:49:07,HO2312-C-2900,HO2312-C-2900,57.0,0.0,0.0,0.0,6,52.4,54.0,1,57.0,54.4,0.0,0.0,0.0,0.0,79
2023-05-10 09:49:07,HO2312-C-2900,HO2312-C-2900,57.0,0.0,0.0,0.0,24,52.2,54.0,1,57.0,54.4,0.0,0.0,0.0,0.0,79
2023-05-10 09:49:08,HO2312-C-2900,HO2312-C-2900,57.0,0.0,0.0,0.0,18,52.2,54.0,1,57.0,54.4,0.0,0.0,0.0,0.0,79
2023-05-10 09:49:08,HO2312-C-2900,HO2312-C-2900,57.0,0.0,0.0,0.0,6,52.2,54.0,1,57.0,54.4,0.0,0.0,0.0,0.0,79
2023-05-10 09:49:15,HO2312-C-2900,HO2312-C-2900,57.0,0.0,0.0,0.0,8,52.2,54.0,1,57.0,54.4,0.0,0.0,0.0,0.0,79
2023-05-10 09:49:16,HO2312-C-2900,HO2312-C-2900,57.0,0.0,0.0,0.0,6,52.2,54.0,1,57.0,54.4,0.0,0.0,0.0,0.0,79
2023-05-10 09:50:14,HO2312-C-2900,HO2312-C-2900,57.0,0.0,0.0,0.0,6,52.2,55.0,21,57.0,54.4,0.0,0.0,0.0,0.0,79
2023-05-10 09:50:14,HO2312-C-2900,HO2312-C-2900,57.0,0.0,0.0,0.0,6,52.2,55.0,15,57.0,54.4,0.0,0.0,0.0,0.0,79
2023-05-10 09:50:15,HO2312-C-2900,HO2312-C-2900,57.0,0.0,0.0,0.0,6,52.2,55.0,9,57.0,54.4,0.0,0.0,0.0,0.0,79
2023-05-10 09:50:15,HO2312-C-2900,HO2312-C-2900,57.0,0.0,0.0,0.0,8,52.2,55.0,6,57.0,54.4,0.0,0.0,0.0,0.0,79
2023-05-10 09:50:16,HO2312-C-2900,HO2312-C-2900,57.0,0.0,0.0,0.0,6,52.2,55.0,6,57.0,54.4,0.0,0.0,0.0,0.0,79
2023-05-10 09:50:17,HO2312-C-2900,HO2312-C-2900,57.0,0.0,0.0,0.0,7,52.2,55.0,7,57.0,54.4,0.0,0.0,0.0,0.0,79
2023-05-10 09:50:18,HO2312-C-2900,HO2312-C-2900,57.0,0.0,0.0,0.0,9,52.2,55.0,7,57.0,54.4,0.0,0.0,0.0,0.0,79
2023-05-10 09:50:19,HO2312-C-2900,HO2312-C-2900,57.0,0.0,0.0,0.0,1,52.4,55.0,7,57.0,54.4,0.0,0.0,0.0,0.0,79
2023-05-10 09:50:20,HO2312-C-2900,HO2312-C-2900,57.0,0.0,0.0,0.0,3,52.4,55.0,7,57.0,54.4,0.0,0.0,0.0,0.0,79
2023-05-10 09:50:21,HO2312-C-2900,HO2312-C-2900,57.0,0.0,0.0,0.0,1,52.4,55.0,7,57.0,54.4,0.0,0.0,0.0,0.0,79
2023-05-10 09:50:23,HO2312-C-2900,HO2312-C-2900,57.0,0.0,0.0,0.0,3,52.4,55.0,7,57.0,54.4,0.0,0.0,0.0,0.0,79
2023-05-10 09:50:24,HO2312-C-2900,HO2312-C-2900,57.0,0.0,0.0,0.0,1,53.0,55.0,7,57.0,54.4,0.0,0.0,0.0,0.0,79
2023-05-10 09:50:27,HO2312-C-2900,HO2312-C-2900,57.0,0.0,0.0,0.0,1,52.6,55.0,7,57.0,54.4,0.0,0.0,0.0,0.0,79
2023-05-10 09:50:43,HO2312-C-2900,HO2312-C-2900,57.0,0.0,0.0,0.0,1,52.6,55.0,8,57.0,54.4,0.0,0.0,0.0,0.0,79
2023-05-10 09:50:44,HO2312-C-2900,HO2312-C-2900,57.0,0.0,0.0,0.0,1,52.6,55.0,11,57.0,54.4,0.0,0.0,0.0,0.0,79
2023-05-10 09:50:45,HO2312-C-2900,HO2312-C-2900,57.0,0.0,0.0,0.0,19,52.2,55.0,11,57.0,54.4,0.0,0.0,0.0,0.0,79
2023-05-10 09:50:45,HO2312-C-2900,HO2312-C-2900,57.0,0.0,0.0,0.0,13,52.2,55.0,11,57.0,54.4,0.0,0.0,0.0,0.0,79
2023-05-10 09:50:46,HO2312-C-2900,HO2312-C-2900,57.0,0.0,0.0,0.0,7,52.2,55.0,17,57.0,54.4,0.0,0.0,0.0,0.0,79
2023-05-10 09:51:02,HO2312-C-2900,HO2312-C-2900,57.0,0.0,0.0,0.0,7,52.2,54.8,1,57.0,54.4,0.0,0.0,0.0,0.0,79
2023-05-10 09:51:02,HO2312-C-2900,HO2312-C-2900,57.0,0.0,0.0,0.0,7,52.2,54.6,3,57.0,54.4,0.0,0.0,0.0,0.0,79
2023-05-10 09:51:03,HO2312-C-2900,HO2312-C-2900,57.0,0.0,0.0,0.0,7,52.2,54.8,4,57.0,54.4,0.0,0.0,0.0,0.0,79
2023-05-10 09:51:06,HO2312-C-2900,HO2312-C-2900,57.0,0.0,0.0,0.0,6,52.2,54.6,6,57.0,54.4,0.0,0.0,0.0,0.0,79
2023-05-10 09:51:07,HO2312-C-2900,HO2312-C-2900,57.0,0.0,0.0,0.0,6,52.2,54.6,9,57.0,54.4,0.0,0.0,0.0,0.0,79
2023-05-10 09:51:09,HO2312-C-2900,HO2312-C-2900,57.0,0.0,0.0,0.0,6,52.2,54.6,6,57.0,54.4,0.0,0.0,0.0,0.0,79
2023-05-10 09:51:13,HO2312-C-2900,HO2312-C-2900,57.0,0.0,0.0,0.0,7,52.2,54.6,6,57.0,54.4,0.0,0.0,0.0,0.0,79
2023-05-10 09:51:15,HO2312-C-2900,HO2312-C-2900,57.0,0.0,0.0,0.0,9,52.2,54.6,6,57.0,54.4,0.0,0.0,0.0,0.0,79
2023-05-10 09:51:16,HO2312-C-2900,HO2312-C-2900,57.0,0.0,0.0,0.0,1,52.6,54.6,6,57.0,54.4,0.0,0.0,0.0,0.0,79
2023-05-10 09:51:19,HO2312-C-2900,HO2312-C-2900,57.0,0.0,0.0,0.0,6,52.4,54.6,6,57.0,54.4,0.0,0.0,0.0,0.0,79
2023-05-10 09:51:24,HO2312-C-2900,HO2312-C-2900,57.0,0.0,0.0,0.0,13,52.2,54.6,6,57.0,54.4,0.0,0.0,0.0,0.0,79
2023-05-10 09:51:25,HO2312-C-2900,HO2312-C-2900,57.0,0.0,0.0,0.0,7,52.2,54.6,6,57.0,54.4,0.0,0.0,0.0,0.0,79
2023-05-10 09:51:31,HO2312-C-2900,HO2312-C-2900,57.0,0.0,0.0,0.0,6,52.2,54.6,6,57.0,54.4,0.0,0.0,0.0,0.0,79
2023-05-10 09:51:32,HO2312-C-2900,HO2312-C-2900,57.0,0.0,0.0,0.0,1,52.4,54.6,6,57.0,54.4,0.0,0.0,0.0,0.0,79
2023-05-10 09:51:37,HO2312-C-2900,HO2312-C-2900,57.0,0.0,0.0,0.0,6,52.2,54.6,6,57.0,54.4,0.0,0.0,0.0,0.0,79
2023-05-10 09:52:00,HO2312-C-2900,HO2312-C-2900,57.0,0.0,0.0,0.0,6,52.2,54.4,1,57.0,54.4,0.0,0.0,0.0,0.0,79
2023-05-10 09:52:07,HO2312-C-2900,HO2312-C-2900,57.0,0.0,0.0,0.0,30,51.8,54.4,1,57.0,54.4,0.0,0.0,0.0,0.0,79
2023-05-10 09:52:07,HO2312-C-2900,HO2312-C-2900,57.0,0.0,0.0,0.0,24,51.8,54.4,1,57.0,54.4,0.0,0.0,0.0,0.0,79
2023-05-10 09:52:08,HO2312-C-2900,HO2312-C-2900,57.0,0.0,0.0,0.0,26,51.8,54.4,1,57.0,54.4,0.0,0.0,0.0,0.0,79
2023-05-10 09:52:12,HO2312-C-2900,HO2312-C-2900,57.0,0.0,0.0,0.0,24,51.8,54.4,1,57.0,54.4,0.0,0.0,0.0,0.0,79
2023-05-10 09:52:13,HO2312-C-2900,HO2312-C-2900,57.0,0.0,0.0,0.0,26,51.8,54.4,1,57.0,54.4,0.0,0.0,0.0,0.0,79
2023-05-10 09:52:14,HO2312-C-2900,HO2312-C-2900,57.0,0.0,0.0,0.0,24,51.8,54.4,1,57.0,54.4,0.0,0.0,0.0,0.0,79
2023-05-10 09:52:16,HO2312-C-2900,HO2312-C-2900,57.0,0.0,0.0,0.0,12,51.8,54.4,1,57.0,54.4,0.0,0.0,0.0,0.0,79
2023-05-10 09:52:16,HO2312-C-2900,HO2312-C-2900,57.0,0.0,0.0,0.0,13,51.6,54.4,1,57.0,54.4,0.0,0.0,0.0,0.0,79
2023-05-10 09:52:17,HO2312-C-2900,HO2312-C-2900,57.0,0.0,0.0,0.0,9,51.6,54.4,1,57.0,54.4,0.0,0.0,0.0,0.0,79
2023-05-10 09:52:17,HO2312-C-2900,HO2312-C-2900,57.0,0.0,0.0,0.0,1,51.6,54.4,1,57.0,54.4,0.0,0.0,0.0,0.0,79
2023-05-10 09:52:18,HO2312-C-2900,HO2312-C-2900,57.0,0.0,0.0,0.0,1,51.6,54.4,4,57.0,54.4,0.0,0.0,0.0,0.0,79
2023-05-10 09:52:20,HO2312-C-2900,HO2312-C-2900,57.0,0.0,0.0,0.0,2,51.6,54.4,4,57.0,54.4,0.0,0.0,0.0,0.0,79
2023-05-10 09:52:20,HO2312-C-2900,HO2312-C-2900,57.0,0.0,0.0,0.0,18,51.4,54.4,4,57.0,54.4,0.0,0.0,0.0,0.0,79
2023-05-10 09:52:21,HO2312-C-2900,HO2312-C-2900,57.0,0.0,0.0,0.0,20,51.4,54.4,4,57.0,54.4,0.0,0.0,0.0,0.0,79
2023-05-10 09:52:23,HO2312-C-2900,HO2312-C-2900,57.0,0.0,0.0,0.0,21,51.4,54.4,4,57.0,54.4,0.0,0.0,0.0,0.0,79
2023-05-10 09:52:32,HO2312-C-2900,HO2312-C-2900,57.0,0.0,0.0,0.0,21,51.4,54.4,1,57.0,54.4,0.0,0.0,0.0,0.0,79
2023-05-10 09:52:34,HO2312-C-2900,HO2312-C-2900,57.0,0.0,0.0,0.0,1,51.6,54.4,1,57.0,54.4,0.0,0.0,0.0,0.0,79
2023-05-10 09:52:35,HO2312-C-2900,HO2312-C-2900,57.0,0.0,0.0,0.0,3,51.6,54.4,1,57.0,54.4,0.0,0.0,0.0,0.0,79
2023-05-10 09:52:38,HO2312-C-2900,HO2312-C-2900,57.0,0.0,0.0,0.0,1,51.8,54.4,1,57.0,54.4,0.0,0.0,0.0,0.0,79
2023-05-10 09:52:40,HO2312-C-2900,HO2312-C-2900,57.0,0.0,0.0,0.0,3,51.8,54.4,1,57.0,54.4,0.0,0.0,0.0,0.0,79
2023-05-10 09:52:42,HO2312-C-2900,HO2312-C-2900,57.0,0.0,0.0,0.0,1,52.4,54.4,1,57.0,54.4,0.0,0.0,0.0,0.0,79
2023-05-10 09:52:47,HO2312-C-2900,HO2312-C-2900,57.0,0.0,0.0,0.0,1,52.0,54.4,1,57.0,54.4,0.0,0.0,0.0,0.0,79
2023-05-10 09:53:03,HO2312-C-2900,HO2312-C-2900,57.0,0.0,0.0,0.0,1,51.6,54.4,1,57.0,54.4,0.0,0.0,0.0,0.0,79
2023-05-10 09:53:03,HO2312-C-2900,HO2312-C-2900,57.0,0.0,0.0,0.0,1,51.6,54.4,4,57.0,54.4,0.0,0.0,0.0,0.0,79
2023-05-10 09:53:11,HO2312-C-2900,HO2312-C-2900,57.0,0.0,0.0,0.0,3,51.6,54.4,4,57.0,54.4,0.0,0.0,0.0,0.0,79
2023-05-10 09:53:13,HO2312-C-2900,HO2312-C-2900,57.0,0.0,0.0,0.0,3,51.6,54.4,1,57.0,54.4,0.0,0.0,0.0,0.0,79
2023-05-10 09:53:14,HO2312-C-2900,HO2312-C-2900,57.0,0.0,0.0,0.0,1,51.8,54.4,1,57.0,54.4,0.0,0.0,0.0,0.0,79
2023-05-10 09:53:15,HO2312-C-2900,HO2312-C-2900,54.4,1.0,5440.0,0.0,2,52.0,54.6,22,57.0,54.4,54.4,54.4,1.0,5440.0,79
2023-05-10 09:53:15,HO2312-C-2900,HO2312-C-2900,54.4,0.0,0.0,0.0,2,52.0,54.6,18,57.0,54.4,54.4,54.4,1.0,5440.0,79
2023-05-10 09:53:16,HO2312-C-2900,HO2312-C-2900,54.4,0.0,0.0,0.0,1,52.2,54.6,18,57.0,54.4,54.4,54.4,1.0,5440.0,79
2023-05-10 09:53:31,HO2312-C-2900,HO2312-C-2900,54.4,0.0,0.0,0.0,1,52.2,54.6,21,57.0,54.4,54.4,54.4,1.0,5440.0,79
2023-05-10 09:53:34,HO2312-C-2900,HO2312-C-2900,54.4,0.0,0.0,0.0,1,52.2,54.6,18,57.0,54.4,54.4,54.4,1.0,5440.0,79
2023-05-10 09:54:06,HO2312-C-2900,HO2312-C-2900,54.4,0.0,0.0,0.0,1,52.2,54.6,19,57.0,54.4,54.4,54.4,1.0,5440.0,79
2023-05-10 09:54:06,HO2312-C-2900,HO2312-C-2900,54.4,0.0,0.0,0.0,1,52.2,54.6,22,57.0,54.4,54.4,54.4,1.0,5440.0,79
2023-05-10 09:54:13,HO2312-C-2900,HO2312-C-2900,54.4,0.0,0.0,0.0,1,52.2,54.6,19,57.0,54.4,54.4,54.4,1.0,5440.0,79
2023-05-10 09:54:20,HO2312-C-2900,HO2312-C-2900,54.6,5.0,27300.0,0.0,1,52.2,54.6,14,57.0,54.4,54.6,54.4,6.0,32740.0,79
2023-05-10 09:54:21,HO2312-C-2900,HO2312-C-2900,54.6,0.0,0.0,0.0,1,52.2,54.4,6,57.0,54.4,54.6,54.4,6.0,32740.0,79
2023-05-10 09:54:25,HO2312-C-2900,HO2312-C-2900,54.6,0.0,0.0,0.0,7,51.8,54.4,6,57.0,54.4,54.6,54.4,6.0,32740.0,79
2023-05-10 09:54:26,HO2312-C-2900,HO2312-C-2900,54.6,0.0,0.0,0.0,1,51.8,54.4,6,57.0,54.4,54.6,54.4,6.0,32740.0,79
2023-05-10 09:54:26,HO2312-C-2900,HO2312-C-2900,54.6,0.0,0.0,0.0,1,51.8,54.4,9,57.0,54.4,54.6,54.4,6.0,32740.0,79
2023-05-10 09:54:27,HO2312-C-2900,HO2312-C-2900,54.6,0.0,0.0,0.0,1,51.8,54.4,11,57.0,54.4,54.6,54.4,6.0,32740.0,79
2023-05-10 09:54:27,HO2312-C-2900,HO2312-C-2900,54.6,0.0,0.0,0.0,1,51.8,54.4,9,57.0,54.4,54.6,54.4,6.0,32740.0,79
2023-05-10 09:54:30,HO2312-C-2900,HO2312-C-2900,54.6,0.0,0.0,0.0,1,51.8,54.4,6,57.0,54.4,54.6,54.4,6.0,32740.0,79
2023-05-10 09:54:40,HO2312-C-2900,HO2312-C-2900,54.6,0.0,0.0,0.0,1,51.8,54.2,1,57.0,54.4,54.6,54.4,6.0,32740.0,79
2023-05-10 09:55:01,HO2312-C-2900,HO2312-C-2900,54.6,0.0,0.0,0.0,7,51.4,54.2,1,57.0,54.4,54.6,54.4,6.0,32740.0,79
2023-05-10 09:55:01,HO2312-C-2900,HO2312-C-2900,54.6,0.0,0.0,0.0,9,51.4,54.2,1,57.0,54.4,54.6,54.4,6.0,32740.0,79
2023-05-10 09:55:02,HO2312-C-2900,HO2312-C-2900,54.6,0.0,0.0,0.0,7,51.4,54.2,1,57.0,54.4,54.6,54.4,6.0,32740.0,79
2023-05-10 09:55:06,HO2312-C-2900,HO2312-C-2900,54.6,0.0,0.0,0.0,7,51.4,54.2,4,57.0,54.4,54.6,54.4,6.0,32740.0,79
2023-05-10 09:55:12,HO2312-C-2900,HO2312-C-2900,54.6,0.0,0.0,0.0,7,51.4,54.0,6,57.0,54.4,54.6,54.4,6.0,32740.0,79
2023-05-10 09:55:32,HO2312-C-2900,HO2312-C-2900,54.6,0.0,0.0,0.0,1,51.4,54.0,6,57.0,54.4,54.6,54.4,6.0,32740.0,79
2023-05-10 09:55:33,HO2312-C-2900,HO2312-C-2900,54.6,0.0,0.0,0.0,22,51.0,53.8,3,57.0,54.4,54.6,54.4,6.0,32740.0,79
2023-05-10 09:55:33,HO2312-C-2900,HO2312-C-2900,54.6,0.0,0.0,0.0,12,51.0,53.8,3,57.0,54.4,54.6,54.4,6.0,32740.0,79
2023-05-10 09:55:34,HO2312-C-2900,HO2312-C-2900,54.6,0.0,0.0,0.0,3,51.0,53.8,3,57.0,54.4,54.6,54.4,6.0,32740.0,79
2023-05-10 09:55:42,HO2312-C-2900,HO2312-C-2900,54.6,0.0,0.0,0.0,1,51.0,53.8,9,57.0,54.4,54.6,54.4,6.0,32740.0,79
2023-05-10 09:55:43,HO2312-C-2900,HO2312-C-2900,54.6,0.0,0.0,0.0,3,51.0,53.8,9,57.0,54.4,54.6,54.4,6.0,32740.0,79
2023-05-10 09:55:48,HO2312-C-2900,HO2312-C-2900,54.6,0.0,0.0,0.0,3,51.0,53.8,10,57.0,54.4,54.6,54.4,6.0,32740.0,79
2023-05-10 09:55:48,HO2312-C-2900,HO2312-C-2900,54.6,0.0,0.0,0.0,3,51.0,53.6,1,57.0,54.4,54.6,54.4,6.0,32740.0,79
2023-05-10 09:55:49,HO2312-C-2900,HO2312-C-2900,54.6,0.0,0.0,0.0,1,51.0,53.6,4,57.0,54.4,54.6,54.4,6.0,32740.0,79
2023-05-10 09:56:02,HO2312-C-2900,HO2312-C-2900,54.6,0.0,0.0,0.0,1,51.0,53.6,1,57.0,54.4,54.6,54.4,6.0,32740.0,79
2023-05-10 09:56:06,HO2312-C-2900,HO2312-C-2900,54.6,0.0,0.0,0.0,3,51.0,53.6,1,57.0,54.4,54.6,54.4,6.0,32740.0,79
2023-05-10 09:56:07,HO2312-C-2900,HO2312-C-2900,54.6,0.0,0.0,0.0,1,51.4,53.6,1,57.0,54.4,54.6,54.4,6.0,32740.0,79
2023-05-10 09:56:30,HO2312-C-2900,HO2312-C-2900,54.6,0.0,0.0,0.0,1,51.0,53.6,1,57.0,54.4,54.6,54.4,6.0,32740.0,79
2023-05-10 09:56:43,HO2312-C-2900,HO2312-C-2900,54.6,0.0,0.0,0.0,3,51.0,53.6,1,57.0,54.4,54.6,54.4,6.0,32740.0,79
2023-05-10 09:56:43,HO2312-C-2900,HO2312-C-2900,54.6,0.0,0.0,0.0,1,51.6,53.6,1,57.0,54.4,54.6,54.4,6.0,32740.0,79
2023-05-10 09:57:20,HO2312-C-2900,HO2312-C-2900,54.6,0.0,0.0,0.0,1,51.6,53.6,3,57.0,54.4,54.6,54.4,6.0,32740.0,79
2023-05-10 09:57:20,HO2312-C-2900,HO2312-C-2900,54.6,0.0,0.0,0.0,1,51.6,53.6,1,57.0,54.4,54.6,54.4,6.0,32740.0,79
2023-05-10 09:58:09,HO2312-C-2900,HO2312-C-2900,54.6,0.0,0.0,0.0,1,51.6,53.6,3,57.0,54.4,54.6,54.4,6.0,32740.0,79
2023-05-10 09:58:12,HO2312-C-2900,HO2312-C-2900,54.6,0.0,0.0,0.0,1,51.6,53.6,1,57.0,54.4,54.6,54.4,6.0,32740.0,79
2023-05-10 09:59:07,HO2312-C-2900,HO2312-C-2900,54.6,0.0,0.0,0.0,1,51.2,53.6,1,57.0,54.4,54.6,54.4,6.0,32740.0,79
2023-05-10 09:59:07,HO2312-C-2900,HO2312-C-2900,54.6,0.0,0.0,0.0,1,51.2,53.6,3,57.0,54.4,54.6,54.4,6.0,32740.0,79
2023-05-10 09:59:08,HO2312-C-2900,HO2312-C-2900,54.6,0.0,0.0,0.0,1,51.2,53.6,1,57.0,54.4,54.6,54.4,6.0,32740.0,79
2023-05-10 09:59:32,HO2312-C-2900,HO2312-C-2900,54.6,0.0,0.0,0.0,3,51.2,53.6,1,57.0,54.4,54.6,54.4,6.0,32740.0,79
2023-05-10 09:59:33,HO2312-C-2900,HO2312-C-2900,54.6,0.0,0.0,0.0,1,51.6,53.6,1,57.0,54.4,54.6,54.4,6.0,32740.0,79
2023-05-10 09:59:34,HO2312-C-2900,HO2312-C-2900,54.6,0.0,0.0,0.0,1,51.6,53.8,6,57.0,54.4,54.6,54.4,6.0,32740.0,79
2023-05-10 09:59:56,HO2312-C-2900,HO2312-C-2900,54.6,0.0,0.0,0.0,1,51.6,53.8,8,57.0,54.4,54.6,54.4,6.0,32740.0,79
2023-05-10 10:00:00,HO2312-C-2900,HO2312-C-2900,54.6,0.0,0.0,0.0,1,51.6,53.8,6,57.0,54.4,54.6,54.4,6.0,32740.0,79
2023-05-10 10:00:01,HO2312-C-2900,HO2312-C-2900,54.6,0.0,0.0,0.0,1,51.6,53.8,8,57.0,54.4,54.6,54.4,6.0,32740.0,79
2023-05-10 10:00:01,HO2312-C-2900,HO2312-C-2900,54.6,0.0,0.0,0.0,1,51.6,53.8,6,57.0,54.4,54.6,54.4,6.0,32740.0,79
2023-05-10 10:00:02,HO2312-C-2900,HO2312-C-2900,54.6,0.0,0.0,0.0,1,51.6,53.8,9,57.0,54.4,54.6,54.4,6.0,32740.0,79
2023-05-10 10:00:06,HO2312-C-2900,HO2312-C-2900,54.6,0.0,0.0,0.0,1,51.6,53.8,6,57.0,54.4,54.6,54.4,6.0,32740.0,79
2023-05-10 10:00:08,HO2312-C-2900,HO2312-C-2900,54.6,0.0,0.0,0.0,1,51.6,54.0,16,57.0,54.4,54.6,54.4,6.0,32740.0,79
2023-05-10 10:00:09,HO2312-C-2900,HO2312-C-2900,54.6,0.0,0.0,0.0,1,51.6,54.0,12,57.0,54.4,54.6,54.4,6.0,32740.0,79
2023-05-10 10:00:10,HO2312-C-2900,HO2312-C-2900,54.6,0.0,0.0,0.0,1,51.6,54.2,21,57.0,54.4,54.6,54.4,6.0,32740.0,79
2023-05-10 10:00:10,HO2312-C-2900,HO2312-C-2900,54.6,0.0,0.0,0.0,1,51.6,54.2,15,57.0,54.4,54.6,54.4,6.0,32740.0,79
2023-05-10 10:00:11,HO2312-C-2900,HO2312-C-2900,54.6,0.0,0.0,0.0,1,51.6,54.2,9,57.0,54.4,54.6,54.4,6.0,32740.0,79
2023-05-10 10:00:11,HO2312-C-2900,HO2312-C-2900,54.6,0.0,0.0,0.0,1,51.6,54.2,3,57.0,54.4,54.6,54.4,6.0,32740.0,79
2023-05-10 10:00:20,HO2312-C-2900,HO2312-C-2900,54.6,0.0,0.0,0.0,1,51.6,54.2,4,57.0,54.4,54.6,54.4,6.0,32740.0,79
2023-05-10 10:00:29,HO2312-C-2900,HO2312-C-2900,54.6,0.0,0.0,0.0,1,51.6,54.2,1,57.0,54.4,54.6,54.4,6.0,32740.0,79
2023-05-10 10:00:33,HO2312-C-2900,HO2312-C-2900,54.6,0.0,0.0,0.0,1,51.6,54.4,22,57.0,54.4,54.6,54.4,6.0,32740.0,79
2023-05-10 10:00:41,HO2312-C-2900,HO2312-C-2900,54.6,0.0,0.0,0.0,1,51.6,54.4,24,57.0,54.4,54.6,54.4,6.0,32740.0,79
2023-05-10 10:00:52,HO2312-C-2900,HO2312-C-2900,54.6,0.0,0.0,0.0,1,51.6,54.4,22,57.0,54.4,54.6,54.4,6.0,32740.0,79
2023-05-10 10:00:58,HO2312-C-2900,HO2312-C-2900,54.6,0.0,0.0,0.0,1,51.6,54.4,23,57.0,54.4,54.6,54.4,6.0,32740.0,79
2023-05-10 10:00:59,HO2312-C-2900,HO2312-C-2900,54.6,0.0,0.0,0.0,1,51.6,54.4,25,57.0,54.4,54.6,54.4,6.0,32740.0,79
2023-05-10 10:01:03,HO2312-C-2900,HO2312-C-2900,54.6,0.0,0.0,0.0,1,51.6,54.4,23,57.0,54.4,54.6,54.4,6.0,32740.0,79
2023-05-10 10:01:15,HO2312-C-2900,HO2312-C-2900,54.6,0.0,0.0,0.0,1,51.6,54.2,1,57.0,54.4,54.6,54.4,6.0,32740.0,79
2023-05-10 10:01:15,HO2312-C-2900,HO2312-C-2900,54.6,0.0,0.0,0.0,1,51.6,54.2,4,57.0,54.4,54.6,54.4,6.0,32740.0,79
2023-05-10 10:01:23,HO2312-C-2900,HO2312-C-2900,54.6,0.0,0.0,0.0,1,51.6,54.2,6,57.0,54.4,54.6,54.4,6.0,32740.0,79
2023-05-10 10:01:26,HO2312-C-2900,HO2312-C-2900,54.6,0.0,0.0,0.0,1,51.6,54.2,4,57.0,54.4,54.6,54.4,6.0,32740.0,79
2023-05-10 10:01:32,HO2312-C-2900,HO2312-C-2900,54.6,0.0,0.0,0.0,1,51.6,54.2,1,57.0,54.4,54.6,54.4,6.0,32740.0,79
2023-05-10 10:01:55,HO2312-C-2900,HO2312-C-2900,54.6,0.0,0.0,0.0,3,51.6,54.2,1,57.0,54.4,54.6,54.4,6.0,32740.0,79
2023-05-10 10:01:55,HO2312-C-2900,HO2312-C-2900,54.6,0.0,0.0,0.0,1,52.2,54.2,1,57.0,54.4,54.6,54.4,6.0,32740.0,79
2023-05-10 10:02:12,HO2312-C-2900,HO2312-C-2900,54.6,0.0,0.0,0.0,1,52.2,54.4,22,57.0,54.4,54.6,54.4,6.0,32740.0,79
2023-05-10 10:02:31,HO2312-C-2900,HO2312-C-2900,54.6,0.0,0.0,0.0,1,52.2,54.4,19,57.0,54.4,54.6,54.4,6.0,32740.0,79
2023-05-10 10:02:32,HO2312-C-2900,HO2312-C-2900,54.6,0.0,0.0,0.0,1,52.2,54.4,18,57.0,54.4,54.6,54.4,6.0,32740.0,79
2023-05-10 10:02:35,HO2312-C-2900,HO2312-C-2900,54.6,0.0,0.0,0.0,1,52.2,54.4,12,57.0,54.4,54.6,54.4,6.0,32740.0,79
2023-05-10 10:02:35,HO2312-C-2900,HO2312-C-2900,54.6,0.0,0.0,0.0,1,52.2,54.4,6,57.0,54.4,54.6,54.4,6.0,32740.0,79
2023-05-10 10:02:43,HO2312-C-2900,HO2312-C-2900,54.6,0.0,0.0,0.0,1,52.2,54.4,9,57.0,54.4,54.6,54.4,6.0,32740.0,79
2023-05-10 10:02:43,HO2312-C-2900,HO2312-C-2900,54.6,0.0,0.0,0.0,1,52.2,54.4,7,57.0,54.4,54.6,54.4,6.0,32740.0,79
2023-05-10 10:02:46,HO2312-C-2900,HO2312-C-2900,54.6,0.0,0.0,0.0,1,52.2,54.4,9,57.0,54.4,54.6,54.4,6.0,32740.0,79
2023-05-10 10:02:51,HO2312-C-2900,HO2312-C-2900,54.6,0.0,0.0,0.0,1,52.2,54.4,7,57.0,54.4,54.6,54.4,6.0,32740.0,79
2023-05-10 10:03:09,HO2312-C-2900,HO2312-C-2900,54.6,0.0,0.0,0.0,1,52.2,54.6,6,57.0,54.4,54.6,54.4,6.0,32740.0,79
2023-05-10 10:03:09,HO2312-C-2900,HO2312-C-2900,54.6,0.0,0.0,0.0,1,52.2,54.8,30,57.0,54.4,54.6,54.4,6.0,32740.0,79
2023-05-10 10:03:10,HO2312-C-2900,HO2312-C-2900,54.6,0.0,0.0,0.0,1,52.2,54.8,18,57.0,54.4,54.6,54.4,6.0,32740.0,79
2023-05-10 10:03:10,HO2312-C-2900,HO2312-C-2900,54.6,0.0,0.0,0.0,1,52.2,54.8,13,57.0,54.4,54.6,54.4,6.0,32740.0,79
2023-05-10 10:03:11,HO2312-C-2900,HO2312-C-2900,54.6,0.0,0.0,0.0,1,52.2,54.8,7,57.0,54.4,54.6,54.4,6.0,32740.0,79
2023-05-10 10:03:11,HO2312-C-2900,HO2312-C-2900,54.6,0.0,0.0,0.0,1,52.2,54.8,1,57.0,54.4,54.6,54.4,6.0,32740.0,79
2023-05-10 10:03:12,HO2312-C-2900,HO2312-C-2900,54.6,0.0,0.0,0.0,3,52.2,54.8,1,57.0,54.4,54.6,54.4,6.0,32740.0,79
2023-05-10 10:03:13,HO2312-C-2900,HO2312-C-2900,54.6,0.0,0.0,0.0,1,53.0,54.8,1,57.0,54.4,54.6,54.4,6.0,32740.0,79
2023-05-10 10:03:27,HO2312-C-2900,HO2312-C-2900,54.6,0.0,0.0,0.0,1,52.2,54.8,1,57.0,54.4,54.6,54.4,6.0,32740.0,79
2023-05-10 10:04:00,HO2312-C-2900,HO2312-C-2900,54.6,0.0,0.0,0.0,1,52.2,54.6,1,57.0,54.4,54.6,54.4,6.0,32740.0,79
2023-05-10 10:04:00,HO2312-C-2900,HO2312-C-2900,54.6,0.0,0.0,0.0,1,52.2,54.6,3,57.0,54.4,54.6,54.4,6.0,32740.0,79
2023-05-10 10:04:01,HO2312-C-2900,HO2312-C-2900,54.6,0.0,0.0,0.0,1,52.2,54.6,1,57.0,54.4,54.6,54.4,6.0,32740.0,79
2023-05-10 10:04:06,HO2312-C-2900,HO2312-C-2900,54.6,0.0,0.0,0.0,1,52.2,55.0,28,57.0,54.4,54.6,54.4,6.0,32740.0,79
2023-05-10 10:04:07,HO2312-C-2900,HO2312-C-2900,54.6,0.0,0.0,0.0,1,52.2,55.0,30,57.0,54.4,54.6,54.4,6.0,32740.0,79
2023-05-10 10:04:10,HO2312-C-2900,HO2312-C-2900,54.6,0.0,0.0,0.0,1,52.2,55.0,28,57.0,54.4,54.6,54.4,6.0,32740.0,79
2023-05-10 10:04:11,HO2312-C-2900,HO2312-C-2900,54.6,0.0,0.0,0.0,3,52.2,55.0,28,57.0,54.4,54.6,54.4,6.0,32740.0,79
2023-05-10 10:04:11,HO2312-C-2900,HO2312-C-2900,54.6,0.0,0.0,0.0,1,52.6,55.0,28,57.0,54.4,54.6,54.4,6.0,32740.0,79
2023-05-10 10:04:16,HO2312-C-2900,HO2312-C-2900,54.6,0.0,0.0,0.0,1,52.6,54.8,1,57.0,54.4,54.6,54.4,6.0,32740.0,79
2023-05-10 10:04:30,HO2312-C-2900,HO2312-C-2900,54.6,0.0,0.0,0.0,1,52.6,54.6,4,57.0,54.4,54.6,54.4,6.0,32740.0,79
2023-05-10 10:04:34,HO2312-C-2900,HO2312-C-2900,54.6,0.0,0.0,0.0,1,52.6,54.6,1,57.0,54.4,54.6,54.4,6.0,32740.0,79
2023-05-10 10:04:38,HO2312-C-2900,HO2312-C-2900,54.6,0.0,0.0,0.0,1,52.6,54.6,4,57.0,54.4,54.6,54.4,6.0,32740.0,79
2023-05-10 10:04:41,HO2312-C-2900,HO2312-C-2900,54.6,0.0,0.0,0.0,1,52.6,54.6,1,57.0,54.4,54.6,54.4,6.0,32740.0,79
2023-05-10 10:04:50,HO2312-C-2900,HO2312-C-2900,54.6,0.0,0.0,0.0,1,52.2,54.6,1,57.0,54.4,54.6,54.4,6.0,32740.0,79
2023-05-10 10:04:58,HO2312-C-2900,HO2312-C-2900,54.6,0.0,0.0,0.0,1,52.2,54.8,3,57.0,54.4,54.6,54.4,6.0,32740.0,79
2023-05-10 10:04:58,HO2312-C-2900,HO2312-C-2900,54.6,0.0,0.0,0.0,1,52.2,54.8,5,57.0,54.4,54.6,54.4,6.0,32740.0,79
2023-05-10 10:05:01,HO2312-C-2900,HO2312-C-2900,54.6,0.0,0.0,0.0,1,52.2,54.8,3,57.0,54.4,54.6,54.4,6.0,32740.0,79
2023-05-10 10:05:03,HO2312-C-2900,HO2312-C-2900,54.6,0.0,0.0,0.0,1,52.2,54.8,4,57.0,54.4,54.6,54.4,6.0,32740.0,79
2023-05-10 10:05:05,HO2312-C-2900,HO2312-C-2900,54.6,0.0,0.0,0.0,1,52.2,54.8,5,57.0,54.4,54.6,54.4,6.0,32740.0,79
2023-05-10 10:05:05,HO2312-C-2900,HO2312-C-2900,54.6,0.0,0.0,0.0,1,52.2,54.8,7,57.0,54.4,54.6,54.4,6.0,32740.0,79
2023-05-10 10:05:06,HO2312-C-2900,HO2312-C-2900,54.6,0.0,0.0,0.0,1,52.2,54.8,5,57.0,54.4,54.6,54.4,6.0,32740.0,79
2023-05-10 10:05:06,HO2312-C-2900,HO2312-C-2900,54.6,0.0,0.0,0.0,1,52.2,54.8,7,57.0,54.4,54.6,54.4,6.0,32740.0,79
2023-05-10 10:05:14,HO2312-C-2900,HO2312-C-2900,54.6,0.0,0.0,0.0,1,52.2,54.8,5,57.0,54.4,54.6,54.4,6.0,32740.0,79
2023-05-10 10:05:27,HO2312-C-2900,HO2312-C-2900,54.6,0.0,0.0,0.0,3,52.2,54.8,2,57.0,54.4,54.6,54.4,6.0,32740.0,79
2023-05-10 10:05:29,HO2312-C-2900,HO2312-C-2900,54.6,0.0,0.0,0.0,1,52.4,54.8,2,57.0,54.4,54.6,54.4,6.0,32740.0,79
2023-05-10 10:05:39,HO2312-C-2900,HO2312-C-2900,54.6,0.0,0.0,0.0,2,53.0,54.8,2,57.0,54.4,54.6,54.4,6.0,32740.0,79
2023-05-10 10:05:40,HO2312-C-2900,HO2312-C-2900,54.6,0.0,0.0,0.0,2,53.0,54.8,4,57.0,54.4,54.6,54.4,6.0,32740.0,79
2023-05-10 10:05:42,HO2312-C-2900,HO2312-C-2900,54.6,0.0,0.0,0.0,2,53.0,54.8,1,57.0,54.4,54.6,54.4,6.0,32740.0,79
2023-05-10 10:05:44,HO2312-C-2900,HO2312-C-2900,54.6,0.0,0.0,0.0,2,53.0,54.8,3,57.0,54.4,54.6,54.4,6.0,32740.0,79
2023-05-10 10:05:45,HO2312-C-2900,HO2312-C-2900,54.6,0.0,0.0,0.0,2,53.0,54.8,1,57.0,54.4,54.6,54.4,6.0,32740.0,79
2023-05-10 10:05:48,HO2312-C-2900,HO2312-C-2900,54.6,0.0,0.0,0.0,2,53.0,54.8,3,57.0,54.4,54.6,54.4,6.0,32740.0,79
2023-05-10 10:06:00,HO2312-C-2900,HO2312-C-2900,54.6,0.0,0.0,0.0,2,53.0,54.8,6,57.0,54.4,54.6,54.4,6.0,32740.0,79
2023-05-10 10:06:01,HO2312-C-2900,HO2312-C-2900,54.6,0.0,0.0,0.0,2,53.0,54.8,3,57.0,54.4,54.6,54.4,6.0,32740.0,79
2023-05-10 10:06:02,HO2312-C-2900,HO2312-C-2900,54.6,0.0,0.0,0.0,2,53.0,54.8,1,57.0,54.4,54.6,54.4,6.0,32740.0,79
2023-05-10 10:06:38,HO2312-C-2900,HO2312-C-2900,54.6,0.0,0.0,0.0,2,53.0,55.0,24,57.0,54.4,54.6,54.4,6.0,32740.0,79
2023-05-10 10:06:39,HO2312-C-2900,HO2312-C-2900,54.6,0.0,0.0,0.0,2,53.0,55.0,26,57.0,54.4,54.6,54.4,6.0,32740.0,79
2023-05-10 10:06:44,HO2312-C-2900,HO2312-C-2900,54.6,0.0,0.0,0.0,2,53.0,55.0,27,57.0,54.4,54.6,54.4,6.0,32740.0,79
2023-05-10 10:06:54,HO2312-C-2900,HO2312-C-2900,54.6,0.0,0.0,0.0,3,53.0,55.0,27,57.0,54.4,54.6,54.4,6.0,32740.0,79
2023-05-10 10:06:55,HO2312-C-2900,HO2312-C-2900,54.6,0.0,0.0,0.0,3,53.0,55.0,21,57.0,54.4,54.6,54.4,6.0,32740.0,79
2023-05-10 10:06:58,HO2312-C-2900,HO2312-C-2900,54.6,0.0,0.0,0.0,3,53.0,55.0,19,57.0,54.4,54.6,54.4,6.0,32740.0,79
2023-05-10 10:06:59,HO2312-C-2900,HO2312-C-2900,54.6,0.0,0.0,0.0,3,53.0,55.0,21,57.0,54.4,54.6,54.4,6.0,32740.0,79
2023-05-10 10:06:59,HO2312-C-2900,HO2312-C-2900,54.6,0.0,0.0,0.0,3,53.0,55.0,19,57.0,54.4,54.6,54.4,6.0,32740.0,79
2023-05-10 10:07:03,HO2312-C-2900,HO2312-C-2900,54.6,0.0,0.0,0.0,3,53.0,54.8,1,57.0,54.4,54.6,54.4,6.0,32740.0,79
2023-05-10 10:07:08,HO2312-C-2900,HO2312-C-2900,54.6,0.0,0.0,0.0,3,53.0,55.0,18,57.0,54.4,54.6,54.4,6.0,32740.0,79
2023-05-10 10:07:13,HO2312-C-2900,HO2312-C-2900,54.6,0.0,0.0,0.0,3,53.0,55.0,20,57.0,54.4,54.6,54.4,6.0,32740.0,79
2023-05-10 10:07:16,HO2312-C-2900,HO2312-C-2900,54.6,0.0,0.0,0.0,3,53.0,55.0,18,57.0,54.4,54.6,54.4,6.0,32740.0,79
2023-05-10 10:07:17,HO2312-C-2900,HO2312-C-2900,54.6,0.0,0.0,0.0,3,53.0,55.0,23,57.0,54.4,54.6,54.4,6.0,32740.0,79
2023-05-10 10:07:19,HO2312-C-2900,HO2312-C-2900,54.6,0.0,0.0,0.0,3,53.0,55.0,21,57.0,54.4,54.6,54.4,6.0,32740.0,79
2023-05-10 10:07:20,HO2312-C-2900,HO2312-C-2900,54.6,0.0,0.0,0.0,2,53.0,55.0,21,57.0,54.4,54.6,54.4,6.0,32740.0,79
2023-05-10 10:07:22,HO2312-C-2900,HO2312-C-2900,54.6,0.0,0.0,0.0,1,53.2,55.0,21,57.0,54.4,54.6,54.4,6.0,32740.0,79
2023-05-10 10:07:25,HO2312-C-2900,HO2312-C-2900,54.6,0.0,0.0,0.0,1,53.2,55.0,12,57.0,54.4,54.6,54.4,6.0,32740.0,79
2023-05-10 10:07:26,HO2312-C-2900,HO2312-C-2900,54.6,0.0,0.0,0.0,1,53.2,55.2,16,57.0,54.4,54.6,54.4,6.0,32740.0,79
2023-05-10 10:07:27,HO2312-C-2900,HO2312-C-2900,54.6,0.0,0.0,0.0,2,53.0,55.2,16,57.0,54.4,54.6,54.4,6.0,32740.0,79
2023-05-10 10:07:28,HO2312-C-2900,HO2312-C-2900,54.6,0.0,0.0,0.0,2,53.0,54.8,1,57.0,54.4,54.6,54.4,6.0,32740.0,79
2023-05-10 10:07:42,HO2312-C-2900,HO2312-C-2900,54.6,0.0,0.0,0.0,2,53.0,54.8,4,57.0,54.4,54.6,54.4,6.0,32740.0,79
2023-05-10 10:08:05,HO2312-C-2900,HO2312-C-2900,54.6,0.0,0.0,0.0,2,53.0,54.8,6,57.0,54.4,54.6,54.4,6.0,32740.0,79
2023-05-10 10:08:12,HO2312-C-2900,HO2312-C-2900,54.6,0.0,0.0,0.0,2,53.0,54.8,3,57.0,54.4,54.6,54.4,6.0,32740.0,79
2023-05-10 10:08:28,HO2312-C-2900,HO2312-C-2900,54.6,0.0,0.0,0.0,2,53.0,54.8,1,57.0,54.4,54.6,54.4,6.0,32740.0,79
2023-05-10 10:08:29,HO2312-C-2900,HO2312-C-2900,54.6,0.0,0.0,0.0,2,53.0,54.8,3,57.0,54.4,54.6,54.4,6.0,32740.0,79
2023-05-10 10:08:29,HO2312-C-2900,HO2312-C-2900,54.6,0.0,0.0,0.0,2,53.0,54.8,1,57.0,54.4,54.6,54.4,6.0,32740.0,79
2023-05-10 10:08:57,HO2312-C-2900,HO2312-C-2900,54.6,0.0,0.0,0.0,2,53.0,54.8,3,57.0,54.4,54.6,54.4,6.0,32740.0,79
2023-05-10 10:09:01,HO2312-C-2900,HO2312-C-2900,54.6,0.0,0.0,0.0,2,53.0,54.8,1,57.0,54.4,54.6,54.4,6.0,32740.0,79
2023-05-10 10:09:01,HO2312-C-2900,HO2312-C-2900,54.6,0.0,0.0,0.0,2,53.0,54.8,3,57.0,54.4,54.6,54.4,6.0,32740.0,79
2023-05-10 10:09:03,HO2312-C-2900,HO2312-C-2900,54.6,0.0,0.0,0.0,2,53.0,54.8,1,57.0,54.4,54.6,54.4,6.0,32740.0,79
2023-05-10 10:09:04,HO2312-C-2900,HO2312-C-2900,54.6,0.0,0.0,0.0,2,53.0,54.8,3,57.0,54.4,54.6,54.4,6.0,32740.0,79
2023-05-10 10:09:04,HO2312-C-2900,HO2312-C-2900,54.6,0.0,0.0,0.0,2,53.0,54.8,1,57.0,54.4,54.6,54.4,6.0,32740.0,79
2023-05-10 10:09:05,HO2312-C-2900,HO2312-C-2900,54.6,0.0,0.0,0.0,2,53.0,54.8,3,57.0,54.4,54.6,54.4,6.0,32740.0,79
2023-05-10 10:09:06,HO2312-C-2900,HO2312-C-2900,54.6,0.0,0.0,0.0,2,53.0,54.8,1,57.0,54.4,54.6,54.4,6.0,32740.0,79
2023-05-10 10:09:10,HO2312-C-2900,HO2312-C-2900,54.6,0.0,0.0,0.0,2,53.0,54.8,3,57.0,54.4,54.6,54.4,6.0,32740.0,79
2023-05-10 10:09:12,HO2312-C-2900,HO2312-C-2900,54.6,0.0,0.0,0.0,2,53.0,54.8,6,57.0,54.4,54.6,54.4,6.0,32740.0,79
2023-05-10 10:09:17,HO2312-C-2900,HO2312-C-2900,54.6,0.0,0.0,0.0,2,53.0,54.8,4,57.0,54.4,54.6,54.4,6.0,32740.0,79
2023-05-10 10:09:26,HO2312-C-2900,HO2312-C-2900,54.6,0.0,0.0,0.0,2,53.0,54.8,1,57.0,54.4,54.6,54.4,6.0,32740.0,79
2023-05-10 10:09:27,HO2312-C-2900,HO2312-C-2900,54.6,0.0,0.0,0.0,2,53.0,54.8,3,57.0,54.4,54.6,54.4,6.0,32740.0,79
2023-05-10 10:09:45,HO2312-C-2900,HO2312-C-2900,54.6,0.0,0.0,0.0,2,53.0,54.8,6,57.0,54.4,54.6,54.4,6.0,32740.0,79
2023-05-10 10:09:56,HO2312-C-2900,HO2312-C-2900,54.6,0.0,0.0,0.0,2,53.0,54.8,7,57.0,54.4,54.6,54.4,6.0,32740.0,79
2023-05-10 10:10:17,HO2312-C-2900,HO2312-C-2900,54.6,0.0,0.0,0.0,2,53.0,54.0,1,57.0,54.4,54.6,54.4,6.0,32740.0,79
2023-05-10 10:11:16,HO2312-C-2900,HO2312-C-2900,54.6,0.0,0.0,0.0,51,51.6,54.0,1,57.0,54.4,54.6,54.4,6.0,32740.0,79
2023-05-10 10:11:17,HO2312-C-2900,HO2312-C-2900,54.6,0.0,0.0,0.0,34,51.6,54.0,1,57.0,54.4,54.6,54.4,6.0,32740.0,79
2023-05-10 10:11:17,HO2312-C-2900,HO2312-C-2900,54.6,0.0,0.0,0.0,28,51.6,54.0,1,57.0,54.4,54.6,54.4,6.0,32740.0,79
2023-05-10 10:11:33,HO2312-C-2900,HO2312-C-2900,54.6,0.0,0.0,0.0,25,51.6,54.0,1,57.0,54.4,54.6,54.4,6.0,32740.0,79
2023-05-10 10:11:34,HO2312-C-2900,HO2312-C-2900,54.6,0.0,0.0,0.0,27,51.6,54.0,1,57.0,54.4,54.6,54.4,6.0,32740.0,79
2023-05-10 10:11:43,HO2312-C-2900,HO2312-C-2900,54.6,0.0,0.0,0.0,25,51.6,54.0,1,57.0,54.4,54.6,54.4,6.0,32740.0,79
2023-05-10 10:11:44,HO2312-C-2900,HO2312-C-2900,54.6,0.0,0.0,0.0,1,51.8,54.0,1,57.0,54.4,54.6,54.4,6.0,32740.0,79
2023-05-10 10:11:49,HO2312-C-2900,HO2312-C-2900,54.6,0.0,0.0,0.0,1,51.8,54.6,21,57.0,54.4,54.6,54.4,6.0,32740.0,79
2023-05-10 10:11:49,HO2312-C-2900,HO2312-C-2900,54.6,0.0,0.0,0.0,3,51.8,54.6,15,57.0,54.4,54.6,54.4,6.0,32740.0,79
2023-05-10 10:11:50,HO2312-C-2900,HO2312-C-2900,54.6,0.0,0.0,0.0,3,51.8,54.6,6,57.0,54.4,54.6,54.4,6.0,32740.0,79
2023-05-10 10:11:50,HO2312-C-2900,HO2312-C-2900,54.6,0.0,0.0,0.0,3,51.8,54.8,24,57.0,54.4,54.6,54.4,6.0,32740.0,79
2023-05-10 10:11:51,HO2312-C-2900,HO2312-C-2900,54.6,0.0,0.0,0.0,1,52.4,54.8,26,57.0,54.4,54.6,54.4,6.0,32740.0,79
2023-05-10 10:11:51,HO2312-C-2900,HO2312-C-2900,54.6,0.0,0.0,0.0,1,52.4,54.8,27,57.0,54.4,54.6,54.4,6.0,32740.0,79
2023-05-10 10:11:57,HO2312-C-2900,HO2312-C-2900,54.6,0.0,0.0,0.0,1,52.0,54.8,27,57.0,54.4,54.6,54.4,6.0,32740.0,79
2023-05-10 10:12:05,HO2312-C-2900,HO2312-C-2900,54.6,0.0,0.0,0.0,1,52.0,54.6,1,57.0,54.4,54.6,54.4,6.0,32740.0,79
2023-05-10 10:12:06,HO2312-C-2900,HO2312-C-2900,54.6,0.0,0.0,0.0,1,52.0,54.6,6,57.0,54.4,54.6,54.4,6.0,32740.0,79
2023-05-10 10:12:13,HO2312-C-2900,HO2312-C-2900,54.6,0.0,0.0,0.0,1,52.0,54.6,4,57.0,54.4,54.6,54.4,6.0,32740.0,79
2023-05-10 10:12:34,HO2312-C-2900,HO2312-C-2900,54.6,0.0,0.0,0.0,1,52.0,54.6,6,57.0,54.4,54.6,54.4,6.0,32740.0,79
2023-05-10 10:12:37,HO2312-C-2900,HO2312-C-2900,54.6,0.0,0.0,0.0,1,52.0,54.6,4,57.0,54.4,54.6,54.4,6.0,32740.0,79
2023-05-10 10:12:59,HO2312-C-2900,HO2312-C-2900,54.6,0.0,0.0,0.0,25,51.6,54.6,4,57.0,54.4,54.6,54.4,6.0,32740.0,79
2023-05-10 10:13:00,HO2312-C-2900,HO2312-C-2900,54.6,0.0,0.0,0.0,25,51.6,54.4,2,57.0,54.4,54.6,54.4,6.0,32740.0,79
2023-05-10 10:13:00,HO2312-C-2900,HO2312-C-2900,54.6,0.0,0.0,0.0,25,51.6,54.2,4,57.0,54.4,54.6,54.4,6.0,32740.0,79
2023-05-10 10:13:13,HO2312-C-2900,HO2312-C-2900,54.2,2.0,10840.0,0.0,25,51.6,54.2,2,57.0,54.4,54.6,54.2,8.0,43580.0,79
2023-05-10 10:13:13,HO2312-C-2900,HO2312-C-2900,54.2,0.0,0.0,0.0,19,51.6,54.2,2,57.0,54.4,54.6,54.2,8.0,43580.0,79
2023-05-10 10:13:15,HO2312-C-2900,HO2312-C-2900,54.2,0.0,0.0,0.0,19,51.6,54.2,1,57.0,54.4,54.6,54.2,8.0,43580.0,79
2023-05-10 10:13:23,HO2312-C-2900,HO2312-C-2900,54.2,0.0,0.0,0.0,13,51.6,54.2,7,57.0,54.4,54.6,54.2,8.0,43580.0,79
2023-05-10 10:13:24,HO2312-C-2900,HO2312-C-2900,54.2,0.0,0.0,0.0,7,51.6,54.2,7,57.0,54.4,54.6,54.2,8.0,43580.0,79
2023-05-10 10:13:25,HO2312-C-2900,HO2312-C-2900,54.2,0.0,0.0,0.0,7,51.6,54.2,9,57.0,54.4,54.6,54.2,8.0,43580.0,79
2023-05-10 10:13:27,HO2312-C-2900,HO2312-C-2900,54.2,0.0,0.0,0.0,7,51.6,54.2,12,57.0,54.4,54.6,54.2,8.0,43580.0,79
2023-05-10 10:13:28,HO2312-C-2900,HO2312-C-2900,54.2,0.0,0.0,0.0,7,51.6,54.2,10,57.0,54.4,54.6,54.2,8.0,43580.0,79
2023-05-10 10:13:32,HO2312-C-2900,HO2312-C-2900,54.2,0.0,0.0,0.0,7,51.6,54.2,12,57.0,54.4,54.6,54.2,8.0,43580.0,79
2023-05-10 10:13:35,HO2312-C-2900,HO2312-C-2900,54.2,0.0,0.0,0.0,7,51.6,54.2,10,57.0,54.4,54.6,54.2,8.0,43580.0,79
2023-05-10 10:14:11,HO2312-C-2900,HO2312-C-2900,54.2,0.0,0.0,0.0,7,51.6,54.2,7,57.0,54.4,54.6,54.2,8.0,43580.0,79
2023-05-10 10:14:12,HO2312-C-2900,HO2312-C-2900,54.2,0.0,0.0,0.0,9,51.6,54.2,7,57.0,54.4,54.6,54.2,8.0,43580.0,79
2023-05-10 10:14:13,HO2312-C-2900,HO2312-C-2900,54.2,0.0,0.0,0.0,7,51.6,54.2,7,57.0,54.4,54.6,54.2,8.0,43580.0,79
2023-05-10 10:14:27,HO2312-C-2900,HO2312-C-2900,54.2,0.0,0.0,0.0,7,51.6,54.2,12,57.0,54.4,54.6,54.2,8.0,43580.0,79
2023-05-10 10:14:28,HO2312-C-2900,HO2312-C-2900,54.2,0.0,0.0,0.0,7,51.6,54.2,10,57.0,54.4,54.6,54.2,8.0,43580.0,79
2023-05-10 10:14:35,HO2312-C-2900,HO2312-C-2900,54.2,0.0,0.0,0.0,6,51.6,54.2,10,57.0,54.4,54.6,54.2,8.0,43580.0,79
2023-05-10 10:14:35,HO2312-C-2900,HO2312-C-2900,54.2,0.0,0.0,0.0,6,51.6,54.2,12,57.0,54.4,54.6,54.2,8.0,43580.0,79
2023-05-10 10:14:38,HO2312-C-2900,HO2312-C-2900,54.2,0.0,0.0,0.0,6,51.6,54.2,10,57.0,54.4,54.6,54.2,8.0,43580.0,79
2023-05-10 10:14:41,HO2312-C-2900,HO2312-C-2900,54.2,0.0,0.0,0.0,6,51.6,54.2,7,57.0,54.4,54.6,54.2,8.0,43580.0,79
2023-05-10 10:15:00,HO2312-C-2900,HO2312-C-2900,54.2,0.0,0.0,0.0,6,51.6,54.2,10,57.0,54.4,54.6,54.2,8.0,43580.0,79
2023-05-10 10:15:01,HO2312-C-2900,HO2312-C-2900,54.2,0.0,0.0,0.0,6,51.6,54.2,12,57.0,54.4,54.6,54.2,8.0,43580.0,79
2023-05-10 10:15:02,HO2312-C-2900,HO2312-C-2900,54.2,0.0,0.0,0.0,6,51.6,54.2,10,57.0,54.4,54.6,54.2,8.0,43580.0,79
2023-05-10 10:15:03,HO2312-C-2900,HO2312-C-2900,54.2,0.0,0.0,0.0,6,51.6,54.2,12,57.0,54.4,54.6,54.2,8.0,43580.0,79
2023-05-10 10:15:04,HO2312-C-2900,HO2312-C-2900,54.2,0.0,0.0,0.0,6,51.6,54.2,10,57.0,54.4,54.6,54.2,8.0,43580.0,79
2023-05-10 10:15:05,HO2312-C-2900,HO2312-C-2900,54.2,0.0,0.0,0.0,6,51.6,54.2,12,57.0,54.4,54.6,54.2,8.0,43580.0,79
2023-05-10 10:15:05,HO2312-C-2900,HO2312-C-2900,54.2,0.0,0.0,0.0,6,51.6,54.2,10,57.0,54.4,54.6,54.2,8.0,43580.0,79
2023-05-10 10:15:12,HO2312-C-2900,HO2312-C-2900,54.2,0.0,0.0,0.0,6,51.6,54.2,7,57.0,54.4,54.6,54.2,8.0,43580.0,79
2023-05-10 10:15:12,HO2312-C-2900,HO2312-C-2900,54.2,0.0,0.0,0.0,8,51.6,54.2,7,57.0,54.4,54.6,54.2,8.0,43580.0,79
2023-05-10 10:15:13,HO2312-C-2900,HO2312-C-2900,54.2,0.0,0.0,0.0,1,51.8,54.2,1,57.0,54.4,54.6,54.2,8.0,43580.0,79
2023-05-10 10:15:14,HO2312-C-2900,HO2312-C-2900,54.2,0.0,0.0,0.0,3,51.8,54.2,1,57.0,54.4,54.6,54.2,8.0,43580.0,79
2023-05-10 10:15:15,HO2312-C-2900,HO2312-C-2900,54.2,0.0,0.0,0.0,1,51.8,54.2,1,57.0,54.4,54.6,54.2,8.0,43580.0,79
2023-05-10 10:15:42,HO2312-C-2900,HO2312-C-2900,54.2,0.0,0.0,0.0,1,51.8,54.2,3,57.0,54.4,54.6,54.2,8.0,43580.0,79
2023-05-10 10:15:44,HO2312-C-2900,HO2312-C-2900,54.2,0.0,0.0,0.0,18,51.6,54.2,3,57.0,54.4,54.6,54.2,8.0,43580.0,79
2023-05-10 10:15:44,HO2312-C-2900,HO2312-C-2900,54.2,0.0,0.0,0.0,18,51.6,54.2,6,57.0,54.4,54.6,54.2,8.0,43580.0,79
2023-05-10 10:15:47,HO2312-C-2900,HO2312-C-2900,54.2,0.0,0.0,0.0,18,51.6,54.2,3,57.0,54.4,54.6,54.2,8.0,43580.0,79
2023-05-10 10:15:49,HO2312-C-2900,HO2312-C-2900,54.2,0.0,0.0,0.0,18,51.6,54.2,1,57.0,54.4,54.6,54.2,8.0,43580.0,79
2023-05-10 10:15:59,HO2312-C-2900,HO2312-C-2900,54.2,0.0,0.0,0.0,19,51.6,54.2,1,57.0,54.4,54.6,54.2,8.0,43580.0,79
2023-05-10 10:16:00,HO2312-C-2900,HO2312-C-2900,54.2,0.0,0.0,0.0,21,51.6,54.2,1,57.0,54.4,54.6,54.2,8.0,43580.0,79
2023-05-10 10:16:01,HO2312-C-2900,HO2312-C-2900,54.2,0.0,0.0,0.0,19,51.6,54.2,1,57.0,54.4,54.6,54.2,8.0,43580.0,79
2023-05-10 10:16:02,HO2312-C-2900,HO2312-C-2900,54.2,0.0,0.0,0.0,19,51.6,54.2,3,57.0,54.4,54.6,54.2,8.0,43580.0,79
2023-05-10 10:16:02,HO2312-C-2900,HO2312-C-2900,54.2,0.0,0.0,0.0,19,51.6,54.2,1,57.0,54.4,54.6,54.2,8.0,43580.0,79
2023-05-10 10:16:08,HO2312-C-2900,HO2312-C-2900,54.2,0.0,0.0,0.0,1,51.8,54.2,1,57.0,54.4,54.6,54.2,8.0,43580.0,79
2023-05-10 10:16:18,HO2312-C-2900,HO2312-C-2900,54.2,0.0,0.0,0.0,1,51.8,54.2,3,57.0,54.4,54.6,54.2,8.0,43580.0,79
2023-05-10 10:16:20,HO2312-C-2900,HO2312-C-2900,54.2,0.0,0.0,0.0,1,51.8,54.2,1,57.0,54.4,54.6,54.2,8.0,43580.0,79
2023-05-10 10:17:22,HO2312-C-2900,HO2312-C-2900,54.2,0.0,0.0,0.0,1,51.8,54.0,2,57.0,54.4,54.6,54.2,8.0,43580.0,79
2023-05-10 10:17:23,HO2312-C-2900,HO2312-C-2900,54.2,0.0,0.0,0.0,1,51.8,54.2,1,57.0,54.4,54.6,54.2,8.0,43580.0,79
2023-05-10 10:17:24,HO2312-C-2900,HO2312-C-2900,54.2,0.0,0.0,0.0,1,51.8,54.2,3,57.0,54.4,54.6,54.2,8.0,43580.0,79
2023-05-10 10:17:41,HO2312-C-2900,HO2312-C-2900,54.2,0.0,0.0,0.0,1,51.8,54.2,1,57.0,54.4,54.6,54.2,8.0,43580.0,79
2023-05-10 10:17:42,HO2312-C-2900,HO2312-C-2900,54.2,0.0,0.0,0.0,1,51.8,54.2,3,57.0,54.4,54.6,54.2,8.0,43580.0,79
2023-05-10 10:17:42,HO2312-C-2900,HO2312-C-2900,54.2,0.0,0.0,0.0,1,51.8,54.2,1,57.0,54.4,54.6,54.2,8.0,43580.0,79
2023-05-10 10:18:02,HO2312-C-2900,HO2312-C-2900,54.2,0.0,0.0,0.0,1,51.8,54.2,3,57.0,54.4,54.6,54.2,8.0,43580.0,79
2023-05-10 10:18:03,HO2312-C-2900,HO2312-C-2900,54.2,0.0,0.0,0.0,1,51.8,54.2,6,57.0,54.4,54.6,54.2,8.0,43580.0,79
2023-05-10 10:18:05,HO2312-C-2900,HO2312-C-2900,54.2,0.0,0.0,0.0,1,51.8,54.2,4,57.0,54.4,54.6,54.2,8.0,43580.0,79
2023-05-10 10:18:05,HO2312-C-2900,HO2312-C-2900,54.2,0.0,0.0,0.0,1,51.8,54.2,1,57.0,54.4,54.6,54.2,8.0,43580.0,79
2023-05-10 10:18:22,HO2312-C-2900,HO2312-C-2900,54.2,0.0,0.0,0.0,18,51.6,54.2,1,57.0,54.4,54.6,54.2,8.0,43580.0,79
2023-05-10 10:18:27,HO2312-C-2900,HO2312-C-2900,54.2,0.0,0.0,0.0,19,51.6,54.2,1,57.0,54.4,54.6,54.2,8.0,43580.0,79
2023-05-10 10:18:27,HO2312-C-2900,HO2312-C-2900,54.2,0.0,0.0,0.0,19,51.6,54.2,3,57.0,54.4,54.6,54.2,8.0,43580.0,79
2023-05-10 10:18:28,HO2312-C-2900,HO2312-C-2900,54.2,0.0,0.0,0.0,19,51.6,54.2,1,57.0,54.4,54.6,54.2,8.0,43580.0,79
2023-05-10 10:18:31,HO2312-C-2900,HO2312-C-2900,54.2,0.0,0.0,0.0,19,51.6,54.2,3,57.0,54.4,54.6,54.2,8.0,43580.0,79
2023-05-10 10:18:32,HO2312-C-2900,HO2312-C-2900,54.2,0.0,0.0,0.0,19,51.6,54.2,1,57.0,54.4,54.6,54.2,8.0,43580.0,79
2023-05-10 10:18:53,HO2312-C-2900,HO2312-C-2900,54.2,0.0,0.0,0.0,13,51.6,54.2,1,57.0,54.4,54.6,54.2,8.0,43580.0,79
2023-05-10 10:19:00,HO2312-C-2900,HO2312-C-2900,54.2,0.0,0.0,0.0,19,51.6,54.2,1,57.0,54.4,54.6,54.2,8.0,43580.0,79
2023-05-10 10:19:03,HO2312-C-2900,HO2312-C-2900,54.2,0.0,0.0,0.0,13,51.6,54.2,1,57.0,54.4,54.6,54.2,8.0,43580.0,79
2023-05-10 10:19:09,HO2312-C-2900,HO2312-C-2900,54.2,0.0,0.0,0.0,2,51.8,54.2,1,57.0,54.4,54.6,54.2,8.0,43580.0,79
2023-05-10 10:19:09,HO2312-C-2900,HO2312-C-2900,54.2,0.0,0.0,0.0,19,51.6,54.2,1,57.0,54.4,54.6,54.2,8.0,43580.0,79
2023-05-10 10:19:10,HO2312-C-2900,HO2312-C-2900,54.2,0.0,0.0,0.0,15,51.6,54.2,1,57.0,54.4,54.6,54.2,8.0,43580.0,79
2023-05-10 10:19:17,HO2312-C-2900,HO2312-C-2900,54.2,0.0,0.0,0.0,13,51.6,54.2,1,57.0,54.4,54.6,54.2,8.0,43580.0,79
2023-05-10 10:19:18,HO2312-C-2900,HO2312-C-2900,54.2,0.0,0.0,0.0,13,51.6,54.2,3,57.0,54.4,54.6,54.2,8.0,43580.0,79
2023-05-10 10:19:19,HO2312-C-2900,HO2312-C-2900,54.2,0.0,0.0,0.0,13,51.6,54.2,1,57.0,54.4,54.6,54.2,8.0,43580.0,79
2023-05-10 10:19:57,HO2312-C-2900,HO2312-C-2900,54.2,0.0,0.0,0.0,19,51.6,54.2,4,57.0,54.4,54.6,54.2,8.0,43580.0,79
2023-05-10 10:19:57,HO2312-C-2900,HO2312-C-2900,54.2,0.0,0.0,0.0,13,51.6,54.0,2,57.0,54.4,54.6,54.2,8.0,43580.0,79
2023-05-10 10:19:58,HO2312-C-2900,HO2312-C-2900,54.2,0.0,0.0,0.0,7,51.6,54.0,2,57.0,54.4,54.6,54.2,8.0,43580.0,79
2023-05-10 10:19:58,HO2312-C-2900,HO2312-C-2900,54.2,0.0,0.0,0.0,6,51.6,54.0,2,57.0,54.4,54.6,54.2,8.0,43580.0,79
2023-05-10 10:20:06,HO2312-C-2900,HO2312-C-2900,54.2,0.0,0.0,0.0,6,51.6,54.2,4,57.0,54.4,54.6,54.2,8.0,43580.0,79
2023-05-10 10:20:07,HO2312-C-2900,HO2312-C-2900,54.2,0.0,0.0,0.0,6,51.6,54.2,3,57.0,54.4,54.6,54.2,8.0,43580.0,79
2023-05-10 10:20:13,HO2312-C-2900,HO2312-C-2900,54.2,0.0,0.0,0.0,6,51.6,54.2,1,57.0,54.4,54.6,54.2,8.0,43580.0,79
2023-05-10 10:20:16,HO2312-C-2900,HO2312-C-2900,54.2,0.0,0.0,0.0,8,51.6,54.2,1,57.0,54.4,54.6,54.2,8.0,43580.0,79
2023-05-10 10:20:16,HO2312-C-2900,HO2312-C-2900,54.2,0.0,0.0,0.0,14,51.6,54.2,1,57.0,54.4,54.6,54.2,8.0,43580.0,79
2023-05-10 10:20:17,HO2312-C-2900,HO2312-C-2900,54.2,0.0,0.0,0.0,20,51.6,54.2,1,57.0,54.4,54.6,54.2,8.0,43580.0,79
2023-05-10 10:20:18,HO2312-C-2900,HO2312-C-2900,54.2,0.0,0.0,0.0,14,51.6,54.2,1,57.0,54.4,54.6,54.2,8.0,43580.0,79
2023-05-10 10:20:19,HO2312-C-2900,HO2312-C-2900,54.2,0.0,0.0,0.0,12,51.6,54.2,1,57.0,54.4,54.6,54.2,8.0,43580.0,79
2023-05-10 10:20:23,HO2312-C-2900,HO2312-C-2900,54.2,0.0,0.0,0.0,12,51.6,54.2,3,57.0,54.4,54.6,54.2,8.0,43580.0,79
2023-05-10 10:20:31,HO2312-C-2900,HO2312-C-2900,54.2,0.0,0.0,0.0,12,51.6,54.2,1,57.0,54.4,54.6,54.2,8.0,43580.0,79
2023-05-10 10:20:32,HO2312-C-2900,HO2312-C-2900,54.2,0.0,0.0,0.0,12,51.6,54.2,3,57.0,54.4,54.6,54.2,8.0,43580.0,79
2023-05-10 10:20:34,HO2312-C-2900,HO2312-C-2900,54.2,0.0,0.0,0.0,12,51.6,54.2,1,57.0,54.4,54.6,54.2,8.0,43580.0,79
2023-05-10 10:20:34,HO2312-C-2900,HO2312-C-2900,54.2,0.0,0.0,0.0,12,51.6,54.2,3,57.0,54.4,54.6,54.2,8.0,43580.0,79
2023-05-10 10:20:51,HO2312-C-2900,HO2312-C-2900,54.2,0.0,0.0,0.0,12,51.6,54.2,1,57.0,54.4,54.6,54.2,8.0,43580.0,79
2023-05-10 10:20:51,HO2312-C-2900,HO2312-C-2900,54.2,0.0,0.0,0.0,12,51.6,54.2,3,57.0,54.4,54.6,54.2,8.0,43580.0,79
2023-05-10 10:20:52,HO2312-C-2900,HO2312-C-2900,54.2,0.0,0.0,0.0,12,51.6,54.2,1,57.0,54.4,54.6,54.2,8.0,43580.0,79
2023-05-10 10:20:52,HO2312-C-2900,HO2312-C-2900,54.2,0.0,0.0,0.0,12,51.6,54.2,3,57.0,54.4,54.6,54.2,8.0,43580.0,79
2023-05-10 10:20:54,HO2312-C-2900,HO2312-C-2900,54.2,0.0,0.0,0.0,12,51.6,54.2,1,57.0,54.4,54.6,54.2,8.0,43580.0,79
2023-05-10 10:20:58,HO2312-C-2900,HO2312-C-2900,54.2,0.0,0.0,0.0,12,51.6,54.2,3,57.0,54.4,54.6,54.2,8.0,43580.0,79
2023-05-10 10:21:08,HO2312-C-2900,HO2312-C-2900,54.2,0.0,0.0,0.0,12,51.6,54.2,1,57.0,54.4,54.6,54.2,8.0,43580.0,79
2023-05-10 10:21:09,HO2312-C-2900,HO2312-C-2900,54.2,0.0,0.0,0.0,12,51.6,54.2,3,57.0,54.4,54.6,54.2,8.0,43580.0,79
2023-05-10 10:21:09,HO2312-C-2900,HO2312-C-2900,54.2,0.0,0.0,0.0,12,51.6,54.2,1,57.0,54.4,54.6,54.2,8.0,43580.0,79
2023-05-10 10:21:48,HO2312-C-2900,HO2312-C-2900,54.2,0.0,0.0,0.0,12,51.6,54.2,3,57.0,54.4,54.6,54.2,8.0,43580.0,79
2023-05-10 10:21:50,HO2312-C-2900,HO2312-C-2900,54.2,0.0,0.0,0.0,12,51.6,54.2,1,57.0,54.4,54.6,54.2,8.0,43580.0,79
2023-05-10 10:22:18,HO2312-C-2900,HO2312-C-2900,54.2,0.0,0.0,0.0,13,51.6,54.2,1,57.0,54.4,54.6,54.2,8.0,43580.0,79
2023-05-10 10:22:20,HO2312-C-2900,HO2312-C-2900,54.2,0.0,0.0,0.0,15,51.6,54.2,1,57.0,54.4,54.6,54.2,8.0,43580.0,79
2023-05-10 10:22:20,HO2312-C-2900,HO2312-C-2900,54.2,0.0,0.0,0.0,13,51.6,54.2,1,57.0,54.4,54.6,54.2,8.0,43580.0,79
2023-05-10 10:22:23,HO2312-C-2900,HO2312-C-2900,54.2,0.0,0.0,0.0,13,51.6,54.2,3,57.0,54.4,54.6,54.2,8.0,43580.0,79
2023-05-10 10:22:33,HO2312-C-2900,HO2312-C-2900,54.2,0.0,0.0,0.0,13,51.6,54.2,1,57.0,54.4,54.6,54.2,8.0,43580.0,79
2023-05-10 10:22:33,HO2312-C-2900,HO2312-C-2900,54.2,0.0,0.0,0.0,13,51.6,54.2,3,57.0,54.4,54.6,54.2,8.0,43580.0,79
2023-05-10 10:22:35,HO2312-C-2900,HO2312-C-2900,54.2,0.0,0.0,0.0,13,51.6,54.2,1,57.0,54.4,54.6,54.2,8.0,43580.0,79
2023-05-10 10:23:13,HO2312-C-2900,HO2312-C-2900,54.2,0.0,0.0,0.0,12,51.6,54.2,1,57.0,54.4,54.6,54.2,8.0,43580.0,79
2023-05-10 10:23:13,HO2312-C-2900,HO2312-C-2900,54.2,0.0,0.0,0.0,12,51.6,54.2,6,57.0,54.4,54.6,54.2,8.0,43580.0,79
2023-05-10 10:23:18,HO2312-C-2900,HO2312-C-2900,54.2,0.0,0.0,0.0,12,51.6,54.2,3,57.0,54.4,54.6,54.2,8.0,43580.0,79
2023-05-10 10:23:23,HO2312-C-2900,HO2312-C-2900,54.2,0.0,0.0,0.0,12,51.6,53.6,1,57.0,54.4,54.6,54.2,8.0,43580.0,79
2023-05-10 10:23:30,HO2312-C-2900,HO2312-C-2900,54.2,0.0,0.0,0.0,6,51.6,53.6,1,57.0,54.4,54.6,54.2,8.0,43580.0,79
2023-05-10 10:23:55,HO2312-C-2900,HO2312-C-2900,54.2,0.0,0.0,0.0,12,51.0,53.6,1,57.0,54.4,54.6,54.2,8.0,43580.0,79
2023-05-10 10:23:55,HO2312-C-2900,HO2312-C-2900,54.2,0.0,0.0,0.0,8,51.0,53.6,1,57.0,54.4,54.6,54.2,8.0,43580.0,79
2023-05-10 10:24:02,HO2312-C-2900,HO2312-C-2900,54.2,0.0,0.0,0.0,9,51.0,53.6,1,57.0,54.4,54.6,54.2,8.0,43580.0,79
2023-05-10 10:24:05,HO2312-C-2900,HO2312-C-2900,54.2,0.0,0.0,0.0,1,51.2,53.6,1,57.0,54.4,54.6,54.2,8.0,43580.0,79
2023-05-10 10:24:05,HO2312-C-2900,HO2312-C-2900,54.2,0.0,0.0,0.0,2,51.4,53.6,1,57.0,54.4,54.6,54.2,8.0,43580.0,79
2023-05-10 10:24:06,HO2312-C-2900,HO2312-C-2900,54.2,0.0,0.0,0.0,1,51.6,53.6,1,57.0,54.4,54.6,54.2,8.0,43580.0,79
2023-05-10 10:24:16,HO2312-C-2900,HO2312-C-2900,54.2,0.0,0.0,0.0,1,51.2,53.6,1,57.0,54.4,54.6,54.2,8.0,43580.0,79
2023-05-10 10:25:32,HO2312-C-2900,HO2312-C-2900,54.2,0.0,0.0,0.0,2,51.4,53.6,1,57.0,54.4,54.6,54.2,8.0,43580.0,79
2023-05-10 10:25:33,HO2312-C-2900,HO2312-C-2900,54.2,0.0,0.0,0.0,1,51.6,53.6,1,57.0,54.4,54.6,54.2,8.0,43580.0,79
2023-05-10 10:26:31,HO2312-C-2900,HO2312-C-2900,54.2,0.0,0.0,0.0,1,51.6,54.2,24,57.0,54.4,54.6,54.2,8.0,43580.0,79
2023-05-10 10:26:32,HO2312-C-2900,HO2312-C-2900,54.2,0.0,0.0,0.0,1,51.6,54.2,12,57.0,54.4,54.6,54.2,8.0,43580.0,79
2023-05-10 10:26:32,HO2312-C-2900,HO2312-C-2900,54.2,0.0,0.0,0.0,1,51.6,54.4,40,57.0,54.4,54.6,54.2,8.0,43580.0,79
2023-05-10 10:26:33,HO2312-C-2900,HO2312-C-2900,54.2,0.0,0.0,0.0,1,51.6,54.4,36,57.0,54.4,54.6,54.2,8.0,43580.0,79
2023-05-10 10:26:40,HO2312-C-2900,HO2312-C-2900,54.2,0.0,0.0,0.0,7,51.6,54.4,30,57.0,54.4,54.6,54.2,8.0,43580.0,79
2023-05-10 10:26:41,HO2312-C-2900,HO2312-C-2900,54.2,0.0,0.0,0.0,1,52.0,54.4,27,57.0,54.4,54.6,54.2,8.0,43580.0,79
2023-05-10 10:26:42,HO2312-C-2900,HO2312-C-2900,54.2,0.0,0.0,0.0,1,52.0,54.4,21,57.0,54.4,54.6,54.2,8.0,43580.0,79
2023-05-10 10:26:43,HO2312-C-2900,HO2312-C-2900,54.2,0.0,0.0,0.0,1,52.0,54.4,19,57.0,54.4,54.6,54.2,8.0,43580.0,79
2023-05-10 10:26:44,HO2312-C-2900,HO2312-C-2900,54.2,0.0,0.0,0.0,1,52.0,54.4,21,57.0,54.4,54.6,54.2,8.0,43580.0,79
2023-05-10 10:26:57,HO2312-C-2900,HO2312-C-2900,54.2,0.0,0.0,0.0,1,52.0,54.4,22,57.0,54.4,54.6,54.2,8.0,43580.0,79
2023-05-10 10:27:24,HO2312-C-2900,HO2312-C-2900,54.2,0.0,0.0,0.0,1,52.0,54.4,20,57.0,54.4,54.6,54.2,8.0,43580.0,79
2023-05-10 10:27:26,HO2312-C-2900,HO2312-C-2900,54.2,0.0,0.0,0.0,1,52.0,54.4,19,57.0,54.4,54.6,54.2,8.0,43580.0,79
2023-05-10 10:27:43,HO2312-C-2900,HO2312-C-2900,54.2,0.0,0.0,0.0,1,52.0,54.4,21,57.0,54.4,54.6,54.2,8.0,43580.0,79
2023-05-10 10:27:44,HO2312-C-2900,HO2312-C-2900,54.2,0.0,0.0,0.0,1,52.0,54.4,19,57.0,54.4,54.6,54.2,8.0,43580.0,79
2023-05-10 10:27:59,HO2312-C-2900,HO2312-C-2900,54.2,0.0,0.0,0.0,1,52.0,54.4,20,57.0,54.4,54.6,54.2,8.0,43580.0,79
2023-05-10 10:28:32,HO2312-C-2900,HO2312-C-2900,54.2,0.0,0.0,0.0,1,52.0,54.4,25,57.0,54.4,54.6,54.2,8.0,43580.0,79
2023-05-10 10:28:36,HO2312-C-2900,HO2312-C-2900,54.2,0.0,0.0,0.0,1,52.0,54.4,23,57.0,54.4,54.6,54.2,8.0,43580.0,79
2023-05-10 10:28:42,HO2312-C-2900,HO2312-C-2900,54.2,0.0,0.0,0.0,1,52.0,54.4,20,57.0,54.4,54.6,54.2,8.0,43580.0,79
2023-05-10 10:29:01,HO2312-C-2900,HO2312-C-2900,54.2,0.0,0.0,0.0,7,51.6,54.4,20,57.0,54.4,54.6,54.2,8.0,43580.0,79
2023-05-10 10:29:01,HO2312-C-2900,HO2312-C-2900,54.2,0.0,0.0,0.0,7,51.6,54.2,1,57.0,54.4,54.6,54.2,8.0,43580.0,79
2023-05-10 10:29:05,HO2312-C-2900,HO2312-C-2900,54.2,0.0,0.0,0.0,7,51.6,54.2,4,57.0,54.4,54.6,54.2,8.0,43580.0,79
2023-05-10 10:29:08,HO2312-C-2900,HO2312-C-2900,54.2,0.0,0.0,0.0,7,51.6,53.8,1,57.0,54.4,54.6,54.2,8.0,43580.0,79
2023-05-10 10:29:21,HO2312-C-2900,HO2312-C-2900,54.2,0.0,0.0,0.0,6,51.6,53.8,1,57.0,54.4,54.6,54.2,8.0,43580.0,79
2023-05-10 10:29:21,HO2312-C-2900,HO2312-C-2900,54.2,0.0,0.0,0.0,10,51.2,53.8,1,57.0,54.4,54.6,54.2,8.0,43580.0,79
2023-05-10 10:29:22,HO2312-C-2900,HO2312-C-2900,54.2,0.0,0.0,0.0,2,51.4,53.8,1,57.0,54.4,54.6,54.2,8.0,43580.0,79
2023-05-10 10:29:22,HO2312-C-2900,HO2312-C-2900,54.2,0.0,0.0,0.0,1,51.2,53.8,1,57.0,54.4,54.6,54.2,8.0,43580.0,79
2023-05-10 10:29:23,HO2312-C-2900,HO2312-C-2900,54.2,0.0,0.0,0.0,3,51.2,53.8,1,57.0,54.4,54.6,54.2,8.0,43580.0,79
2023-05-10 10:29:27,HO2312-C-2900,HO2312-C-2900,54.2,0.0,0.0,0.0,1,51.2,53.8,1,57.0,54.4,54.6,54.2,8.0,43580.0,79
2023-05-10 10:29:53,HO2312-C-2900,HO2312-C-2900,54.2,0.0,0.0,0.0,1,51.2,53.8,7,57.0,54.4,54.6,54.2,8.0,43580.0,79
2023-05-10 10:29:58,HO2312-C-2900,HO2312-C-2900,54.2,0.0,0.0,0.0,1,51.2,53.8,9,57.0,54.4,54.6,54.2,8.0,43580.0,79
2023-05-10 10:29:59,HO2312-C-2900,HO2312-C-2900,54.2,0.0,0.0,0.0,1,51.2,53.8,7,57.0,54.4,54.6,54.2,8.0,43580.0,79
2023-05-10 10:30:01,HO2312-C-2900,HO2312-C-2900,54.2,0.0,0.0,0.0,18,51.0,53.8,7,57.0,54.4,54.6,54.2,8.0,43580.0,79
2023-05-10 10:30:01,HO2312-C-2900,HO2312-C-2900,54.2,0.0,0.0,0.0,18,51.0,53.8,9,57.0,54.4,54.6,54.2,8.0,43580.0,79
2023-05-10 10:30:02,HO2312-C-2900,HO2312-C-2900,54.2,0.0,0.0,0.0,18,51.0,53.2,1,57.0,54.4,54.6,54.2,8.0,43580.0,79
2023-05-10 10:30:05,HO2312-C-2900,HO2312-C-2900,54.2,0.0,0.0,0.0,12,51.0,53.2,1,57.0,54.4,54.6,54.2,8.0,43580.0,79
2023-05-10 10:30:06,HO2312-C-2900,HO2312-C-2900,54.2,0.0,0.0,0.0,6,51.0,53.2,1,57.0,54.4,54.6,54.2,8.0,43580.0,79
2023-05-10 10:30:10,HO2312-C-2900,HO2312-C-2900,54.2,0.0,0.0,0.0,7,51.0,53.2,1,57.0,54.4,54.6,54.2,8.0,43580.0,79
2023-05-10 10:30:11,HO2312-C-2900,HO2312-C-2900,54.2,0.0,0.0,0.0,9,51.0,53.2,1,57.0,54.4,54.6,54.2,8.0,43580.0,79
2023-05-10 10:30:12,HO2312-C-2900,HO2312-C-2900,54.2,0.0,0.0,0.0,7,51.0,53.2,1,57.0,54.4,54.6,54.2,8.0,43580.0,79
2023-05-10 10:30:14,HO2312-C-2900,HO2312-C-2900,54.2,0.0,0.0,0.0,1,51.4,53.2,1,57.0,54.4,54.6,54.2,8.0,43580.0,79
2023-05-10 10:30:15,HO2312-C-2900,HO2312-C-2900,54.2,0.0,0.0,0.0,1,51.4,53.8,30,57.0,54.4,54.6,54.2,8.0,43580.0,79
2023-05-10 10:30:15,HO2312-C-2900,HO2312-C-2900,54.2,0.0,0.0,0.0,1,51.4,53.8,24,57.0,54.4,54.6,54.2,8.0,43580.0,79
2023-05-10 10:30:17,HO2312-C-2900,HO2312-C-2900,54.2,0.0,0.0,0.0,1,51.4,53.8,18,57.0,54.4,54.6,54.2,8.0,43580.0,79
2023-05-10 10:30:32,HO2312-C-2900,HO2312-C-2900,54.2,0.0,0.0,0.0,1,51.4,53.8,20,57.0,54.4,54.6,54.2,8.0,43580.0,79
2023-05-10 10:30:37,HO2312-C-2900,HO2312-C-2900,54.2,0.0,0.0,0.0,1,51.4,53.8,18,57.0,54.4,54.6,54.2,8.0,43580.0,79
2023-05-10 10:30:49,HO2312-C-2900,HO2312-C-2900,54.2,0.0,0.0,0.0,1,51.4,53.8,20,57.0,54.4,54.6,54.2,8.0,43580.0,79
2023-05-10 10:30:49,HO2312-C-2900,HO2312-C-2900,54.2,0.0,0.0,0.0,1,51.4,53.8,18,57.0,54.4,54.6,54.2,8.0,43580.0,79
2023-05-10 10:31:06,HO2312-C-2900,HO2312-C-2900,54.2,0.0,0.0,0.0,1,51.4,53.8,19,57.0,54.4,54.6,54.2,8.0,43580.0,79
2023-05-10 10:31:07,HO2312-C-2900,HO2312-C-2900,54.2,0.0,0.0,0.0,1,51.4,53.8,21,57.0,54.4,54.6,54.2,8.0,43580.0,79
2023-05-10 10:31:09,HO2312-C-2900,HO2312-C-2900,54.2,0.0,0.0,0.0,1,51.4,53.8,19,57.0,54.4,54.6,54.2,8.0,43580.0,79
2023-05-10 10:31:15,HO2312-C-2900,HO2312-C-2900,54.2,0.0,0.0,0.0,1,51.4,53.8,18,57.0,54.4,54.6,54.2,8.0,43580.0,79
2023-05-10 10:31:22,HO2312-C-2900,HO2312-C-2900,54.2,0.0,0.0,0.0,1,51.4,53.8,23,57.0,54.4,54.6,54.2,8.0,43580.0,79
2023-05-10 10:31:23,HO2312-C-2900,HO2312-C-2900,54.2,0.0,0.0,0.0,1,51.4,53.8,21,57.0,54.4,54.6,54.2,8.0,43580.0,79
2023-05-10 10:31:26,HO2312-C-2900,HO2312-C-2900,54.2,0.0,0.0,0.0,1,51.4,53.8,18,57.0,54.4,54.6,54.2,8.0,43580.0,79
2023-05-10 10:32:22,HO2312-C-2900,HO2312-C-2900,54.2,0.0,0.0,0.0,1,51.4,53.8,23,57.0,54.4,54.6,54.2,8.0,43580.0,79
2023-05-10 10:32:23,HO2312-C-2900,HO2312-C-2900,54.2,0.0,0.0,0.0,1,51.4,53.8,21,57.0,54.4,54.6,54.2,8.0,43580.0,79
2023-05-10 10:32:23,HO2312-C-2900,HO2312-C-2900,54.2,0.0,0.0,0.0,1,51.4,53.8,18,57.0,54.4,54.6,54.2,8.0,43580.0,79
2023-05-10 10:32:59,HO2312-C-2900,HO2312-C-2900,54.2,0.0,0.0,0.0,1,51.4,53.8,23,57.0,54.4,54.6,54.2,8.0,43580.0,79
2023-05-10 10:33:00,HO2312-C-2900,HO2312-C-2900,54.2,0.0,0.0,0.0,1,51.4,53.8,21,57.0,54.4,54.6,54.2,8.0,43580.0,79
2023-05-10 10:33:02,HO2312-C-2900,HO2312-C-2900,54.2,0.0,0.0,0.0,1,51.4,53.8,18,57.0,54.4,54.6,54.2,8.0,43580.0,79
2023-05-10 10:33:03,HO2312-C-2900,HO2312-C-2900,54.2,0.0,0.0,0.0,1,51.4,53.8,20,57.0,54.4,54.6,54.2,8.0,43580.0,79
2023-05-10 10:33:03,HO2312-C-2900,HO2312-C-2900,54.2,0.0,0.0,0.0,1,51.4,53.8,23,57.0,54.4,54.6,54.2,8.0,43580.0,79
2023-05-10 10:33:04,HO2312-C-2900,HO2312-C-2900,54.2,0.0,0.0,0.0,1,51.4,53.8,21,57.0,54.4,54.6,54.2,8.0,43580.0,79
2023-05-10 10:33:10,HO2312-C-2900,HO2312-C-2900,54.2,0.0,0.0,0.0,1,51.4,53.8,18,57.0,54.4,54.6,54.2,8.0,43580.0,79
2023-05-10 10:33:22,HO2312-C-2900,HO2312-C-2900,54.2,0.0,0.0,0.0,1,51.4,53.8,20,57.0,54.4,54.6,54.2,8.0,43580.0,79
2023-05-10 10:33:23,HO2312-C-2900,HO2312-C-2900,54.2,0.0,0.0,0.0,1,51.4,53.8,18,57.0,54.4,54.6,54.2,8.0,43580.0,79
2023-05-10 10:33:23,HO2312-C-2900,HO2312-C-2900,54.2,0.0,0.0,0.0,1,51.4,53.8,20,57.0,54.4,54.6,54.2,8.0,43580.0,79
2023-05-10 10:33:24,HO2312-C-2900,HO2312-C-2900,54.2,0.0,0.0,0.0,1,51.4,53.8,18,57.0,54.4,54.6,54.2,8.0,43580.0,79
2023-05-10 10:33:28,HO2312-C-2900,HO2312-C-2900,54.2,0.0,0.0,0.0,1,51.4,53.8,20,57.0,54.4,54.6,54.2,8.0,43580.0,79
2023-05-10 10:33:29,HO2312-C-2900,HO2312-C-2900,54.2,0.0,0.0,0.0,1,51.4,53.8,23,57.0,54.4,54.6,54.2,8.0,43580.0,79
2023-05-10 10:33:29,HO2312-C-2900,HO2312-C-2900,54.2,0.0,0.0,0.0,1,51.4,53.8,18,57.0,54.4,54.6,54.2,8.0,43580.0,79
2023-05-10 10:33:30,HO2312-C-2900,HO2312-C-2900,54.2,0.0,0.0,0.0,1,51.4,53.8,20,57.0,54.4,54.6,54.2,8.0,43580.0,79
2023-05-10 10:33:30,HO2312-C-2900,HO2312-C-2900,54.2,0.0,0.0,0.0,1,51.4,53.8,23,57.0,54.4,54.6,54.2,8.0,43580.0,79
2023-05-10 10:33:31,HO2312-C-2900,HO2312-C-2900,54.2,0.0,0.0,0.0,1,51.4,53.8,21,57.0,54.4,54.6,54.2,8.0,43580.0,79
2023-05-10 10:33:36,HO2312-C-2900,HO2312-C-2900,54.2,0.0,0.0,0.0,1,51.4,53.8,18,57.0,54.4,54.6,54.2,8.0,43580.0,79
2023-05-10 10:34:02,HO2312-C-2900,HO2312-C-2900,54.2,0.0,0.0,0.0,1,51.4,53.8,23,57.0,54.4,54.6,54.2,8.0,43580.0,79
2023-05-10 10:34:13,HO2312-C-2900,HO2312-C-2900,54.2,0.0,0.0,0.0,1,51.4,53.8,20,57.0,54.4,54.6,54.2,8.0,43580.0,79
2023-05-10 10:34:13,HO2312-C-2900,HO2312-C-2900,54.2,0.0,0.0,0.0,1,51.4,53.8,18,57.0,54.4,54.6,54.2,8.0,43580.0,79
2023-05-10 10:34:14,HO2312-C-2900,HO2312-C-2900,54.2,0.0,0.0,0.0,1,51.4,53.8,20,57.0,54.4,54.6,54.2,8.0,43580.0,79
2023-05-10 10:34:27,HO2312-C-2900,HO2312-C-2900,54.2,0.0,0.0,0.0,7,51.0,53.8,20,57.0,54.4,54.6,54.2,8.0,43580.0,79
2023-05-10 10:34:27,HO2312-C-2900,HO2312-C-2900,54.2,0.0,0.0,0.0,7,51.0,53.8,23,57.0,54.4,54.6,54.2,8.0,43580.0,79
2023-05-10 10:34:32,HO2312-C-2900,HO2312-C-2900,54.2,0.0,0.0,0.0,1,51.2,53.8,23,57.0,54.4,54.6,54.2,8.0,43580.0,79
2023-05-10 10:34:32,HO2312-C-2900,HO2312-C-2900,54.2,0.0,0.0,0.0,1,51.2,53.8,18,57.0,54.4,54.6,54.2,8.0,43580.0,79
2023-05-10 10:34:33,HO2312-C-2900,HO2312-C-2900,54.2,0.0,0.0,0.0,1,51.2,53.8,20,57.0,54.4,54.6,54.2,8.0,43580.0,79
2023-05-10 10:34:40,HO2312-C-2900,HO2312-C-2900,54.2,0.0,0.0,0.0,1,51.2,53.8,18,57.0,54.4,54.6,54.2,8.0,43580.0,79
2023-05-10 10:34:53,HO2312-C-2900,HO2312-C-2900,54.2,0.0,0.0,0.0,1,51.2,53.8,20,57.0,54.4,54.6,54.2,8.0,43580.0,79
2023-05-10 10:34:57,HO2312-C-2900,HO2312-C-2900,54.2,0.0,0.0,0.0,1,51.2,53.8,18,57.0,54.4,54.6,54.2,8.0,43580.0,79
2023-05-10 10:35:02,HO2312-C-2900,HO2312-C-2900,54.2,0.0,0.0,0.0,1,51.2,53.8,20,57.0,54.4,54.6,54.2,8.0,43580.0,79
2023-05-10 10:35:07,HO2312-C-2900,HO2312-C-2900,54.2,0.0,0.0,0.0,1,51.2,53.8,18,57.0,54.4,54.6,54.2,8.0,43580.0,79
2023-05-10 10:35:22,HO2312-C-2900,HO2312-C-2900,54.2,0.0,0.0,0.0,1,51.2,53.8,20,57.0,54.4,54.6,54.2,8.0,43580.0,79
2023-05-10 10:35:24,HO2312-C-2900,HO2312-C-2900,54.2,0.0,0.0,0.0,1,51.2,53.8,18,57.0,54.4,54.6,54.2,8.0,43580.0,79
2023-05-10 10:35:32,HO2312-C-2900,HO2312-C-2900,54.2,0.0,0.0,0.0,1,51.2,53.8,20,57.0,54.4,54.6,54.2,8.0,43580.0,79
2023-05-10 10:35:33,HO2312-C-2900,HO2312-C-2900,54.2,0.0,0.0,0.0,1,51.2,53.8,18,57.0,54.4,54.6,54.2,8.0,43580.0,79
2023-05-10 10:36:02,HO2312-C-2900,HO2312-C-2900,54.2,0.0,0.0,0.0,3,51.2,53.8,18,57.0,54.4,54.6,54.2,8.0,43580.0,79
2023-05-10 10:36:03,HO2312-C-2900,HO2312-C-2900,54.2,0.0,0.0,0.0,1,52.0,53.8,18,57.0,54.4,54.6,54.2,8.0,43580.0,79
2023-05-10 10:36:07,HO2312-C-2900,HO2312-C-2900,54.2,0.0,0.0,0.0,1,52.0,53.8,12,57.0,54.4,54.6,54.2,8.0,43580.0,79
2023-05-10 10:36:08,HO2312-C-2900,HO2312-C-2900,54.2,0.0,0.0,0.0,1,52.0,54.0,7,57.0,54.4,54.6,54.2,8.0,43580.0,79
2023-05-10 10:36:08,HO2312-C-2900,HO2312-C-2900,54.2,0.0,0.0,0.0,1,52.0,54.0,1,57.0,54.4,54.6,54.2,8.0,43580.0,79
2023-05-10 10:36:17,HO2312-C-2900,HO2312-C-2900,54.2,0.0,0.0,0.0,1,52.0,54.0,3,57.0,54.4,54.6,54.2,8.0,43580.0,79
2023-05-10 10:36:22,HO2312-C-2900,HO2312-C-2900,54.2,0.0,0.0,0.0,1,52.0,54.0,1,57.0,54.4,54.6,54.2,8.0,43580.0,79
2023-05-10 10:36:23,HO2312-C-2900,HO2312-C-2900,54.2,0.0,0.0,0.0,1,52.0,54.0,3,57.0,54.4,54.6,54.2,8.0,43580.0,79
2023-05-10 10:36:25,HO2312-C-2900,HO2312-C-2900,54.2,0.0,0.0,0.0,1,52.0,54.0,1,57.0,54.4,54.6,54.2,8.0,43580.0,79
2023-05-10 10:36:55,HO2312-C-2900,HO2312-C-2900,54.2,0.0,0.0,0.0,7,51.6,54.0,1,57.0,54.4,54.6,54.2,8.0,43580.0,79
2023-05-10 10:37:06,HO2312-C-2900,HO2312-C-2900,54.2,0.0,0.0,0.0,1,51.6,54.0,4,57.0,54.4,54.6,54.2,8.0,43580.0,79
2023-05-10 10:37:07,HO2312-C-2900,HO2312-C-2900,54.2,0.0,0.0,0.0,1,51.6,54.0,1,57.0,54.4,54.6,54.2,8.0,43580.0,79
2023-05-10 10:37:08,HO2312-C-2900,HO2312-C-2900,54.2,0.0,0.0,0.0,1,51.6,54.0,4,57.0,54.4,54.6,54.2,8.0,43580.0,79
2023-05-10 10:37:10,HO2312-C-2900,HO2312-C-2900,54.2,0.0,0.0,0.0,1,51.6,54.0,1,57.0,54.4,54.6,54.2,8.0,43580.0,79
2023-05-10 10:37:46,HO2312-C-2900,HO2312-C-2900,54.2,0.0,0.0,0.0,7,51.6,54.0,1,57.0,54.4,54.6,54.2,8.0,43580.0,79
2023-05-10 10:37:46,HO2312-C-2900,HO2312-C-2900,54.2,0.0,0.0,0.0,1,52.0,54.0,1,57.0,54.4,54.6,54.2,8.0,43580.0,79
2023-05-10 10:39:03,HO2312-C-2900,HO2312-C-2900,54.2,0.0,0.0,0.0,7,51.6,54.0,1,57.0,54.4,54.6,54.2,8.0,43580.0,79
2023-05-10 10:39:17,HO2312-C-2900,HO2312-C-2900,54.2,0.0,0.0,0.0,9,51.6,54.0,1,57.0,54.4,54.6,54.2,8.0,43580.0,79
2023-05-10 10:39:18,HO2312-C-2900,HO2312-C-2900,54.2,0.0,0.0,0.0,7,51.6,54.0,1,57.0,54.4,54.6,54.2,8.0,43580.0,79
2023-05-10 10:41:11,HO2312-C-2900,HO2312-C-2900,54.2,0.0,0.0,0.0,9,51.6,54.0,1,57.0,54.4,54.6,54.2,8.0,43580.0,79
2023-05-10 10:41:11,HO2312-C-2900,HO2312-C-2900,54.2,0.0,0.0,0.0,7,51.6,54.0,1,57.0,54.4,54.6,54.2,8.0,43580.0,79
2023-05-10 10:41:27,HO2312-C-2900,HO2312-C-2900,54.2,0.0,0.0,0.0,1,51.8,54.0,1,57.0,54.4,54.6,54.2,8.0,43580.0,79
2023-05-10 10:42:31,HO2312-C-2900,HO2312-C-2900,54.2,0.0,0.0,0.0,3,51.8,54.0,1,57.0,54.4,54.6,54.2,8.0,43580.0,79
2023-05-10 10:42:32,HO2312-C-2900,HO2312-C-2900,54.2,0.0,0.0,0.0,1,52.2,54.0,1,57.0,54.4,54.6,54.2,8.0,43580.0,79
2023-05-10 10:42:33,HO2312-C-2900,HO2312-C-2900,54.2,0.0,0.0,0.0,1,52.2,54.4,18,57.0,54.4,54.6,54.2,8.0,43580.0,79
2023-05-10 10:42:52,HO2312-C-2900,HO2312-C-2900,54.2,0.0,0.0,0.0,1,52.2,54.4,12,57.0,54.4,54.6,54.2,8.0,43580.0,79
2023-05-10 10:42:53,HO2312-C-2900,HO2312-C-2900,54.2,0.0,0.0,0.0,1,52.2,54.4,6,57.0,54.4,54.6,54.2,8.0,43580.0,79
2023-05-10 10:44:00,HO2312-C-2900,HO2312-C-2900,54.2,0.0,0.0,0.0,1,52.2,54.8,31,57.0,54.4,54.6,54.2,8.0,43580.0,79
2023-05-10 10:44:01,HO2312-C-2900,HO2312-C-2900,54.2,0.0,0.0,0.0,1,52.2,54.6,2,57.0,54.4,54.6,54.2,8.0,43580.0,79
2023-05-10 10:44:02,HO2312-C-2900,HO2312-C-2900,54.2,0.0,0.0,0.0,1,52.2,54.8,28,57.0,54.4,54.6,54.2,8.0,43580.0,79
2023-05-10 10:44:02,HO2312-C-2900,HO2312-C-2900,54.2,0.0,0.0,0.0,1,52.2,54.8,27,57.0,54.4,54.6,54.2,8.0,43580.0,79
2023-05-10 10:44:03,HO2312-C-2900,HO2312-C-2900,54.2,0.0,0.0,0.0,1,52.2,54.8,30,57.0,54.4,54.6,54.2,8.0,43580.0,79
2023-05-10 10:44:03,HO2312-C-2900,HO2312-C-2900,54.2,0.0,0.0,0.0,1,52.2,54.8,27,57.0,54.4,54.6,54.2,8.0,43580.0,79
2023-05-10 10:44:04,HO2312-C-2900,HO2312-C-2900,54.2,0.0,0.0,0.0,1,52.2,54.8,30,57.0,54.4,54.6,54.2,8.0,43580.0,79
2023-05-10 10:44:04,HO2312-C-2900,HO2312-C-2900,54.2,0.0,0.0,0.0,1,52.2,54.8,27,57.0,54.4,54.6,54.2,8.0,43580.0,79
2023-05-10 10:44:05,HO2312-C-2900,HO2312-C-2900,54.2,0.0,0.0,0.0,1,52.2,54.8,30,57.0,54.4,54.6,54.2,8.0,43580.0,79
2023-05-10 10:45:11,HO2312-C-2900,HO2312-C-2900,54.2,0.0,0.0,0.0,1,52.2,54.8,25,57.0,54.4,54.6,54.2,8.0,43580.0,79
2023-05-10 10:45:13,HO2312-C-2900,HO2312-C-2900,54.2,0.0,0.0,0.0,1,52.2,54.8,28,57.0,54.4,54.6,54.2,8.0,43580.0,79
2023-05-10 10:45:14,HO2312-C-2900,HO2312-C-2900,54.2,0.0,0.0,0.0,1,52.2,54.8,30,57.0,54.4,54.6,54.2,8.0,43580.0,79
2023-05-10 10:45:14,HO2312-C-2900,HO2312-C-2900,54.2,0.0,0.0,0.0,1,52.2,54.8,27,57.0,54.4,54.6,54.2,8.0,43580.0,79
2023-05-10 10:45:15,HO2312-C-2900,HO2312-C-2900,54.2,0.0,0.0,0.0,1,52.2,54.8,25,57.0,54.4,54.6,54.2,8.0,43580.0,79
2023-05-10 10:45:16,HO2312-C-2900,HO2312-C-2900,54.2,0.0,0.0,0.0,7,52.2,54.8,25,57.0,54.4,54.6,54.2,8.0,43580.0,79
2023-05-10 10:45:18,HO2312-C-2900,HO2312-C-2900,54.2,0.0,0.0,0.0,1,52.4,54.8,25,57.0,54.4,54.6,54.2,8.0,43580.0,79
2023-05-10 10:45:21,HO2312-C-2900,HO2312-C-2900,54.2,0.0,0.0,0.0,1,52.4,54.8,24,57.0,54.4,54.6,54.2,8.0,43580.0,79
2023-05-10 10:45:23,HO2312-C-2900,HO2312-C-2900,54.2,0.0,0.0,0.0,1,52.4,54.8,21,57.0,54.4,54.6,54.2,8.0,43580.0,79
2023-05-10 10:45:24,HO2312-C-2900,HO2312-C-2900,54.2,0.0,0.0,0.0,1,52.4,54.8,24,57.0,54.4,54.6,54.2,8.0,43580.0,79
2023-05-10 10:45:25,HO2312-C-2900,HO2312-C-2900,54.2,0.0,0.0,0.0,1,52.4,54.8,21,57.0,54.4,54.6,54.2,8.0,43580.0,79
2023-05-10 10:45:25,HO2312-C-2900,HO2312-C-2900,54.2,0.0,0.0,0.0,1,52.4,54.8,24,57.0,54.4,54.6,54.2,8.0,43580.0,79
2023-05-10 10:45:26,HO2312-C-2900,HO2312-C-2900,54.2,0.0,0.0,0.0,1,52.4,54.8,19,57.0,54.4,54.6,54.2,8.0,43580.0,79
2023-05-10 10:45:26,HO2312-C-2900,HO2312-C-2900,54.2,0.0,0.0,0.0,1,52.4,54.8,21,57.0,54.4,54.6,54.2,8.0,43580.0,79
2023-05-10 10:45:28,HO2312-C-2900,HO2312-C-2900,54.2,0.0,0.0,0.0,1,52.4,54.8,24,57.0,54.4,54.6,54.2,8.0,43580.0,79
2023-05-10 10:45:43,HO2312-C-2900,HO2312-C-2900,54.2,0.0,0.0,0.0,1,52.4,54.8,22,57.0,54.4,54.6,54.2,8.0,43580.0,79
2023-05-10 10:45:44,HO2312-C-2900,HO2312-C-2900,54.2,0.0,0.0,0.0,1,52.4,54.8,24,57.0,54.4,54.6,54.2,8.0,43580.0,79
2023-05-10 10:45:46,HO2312-C-2900,HO2312-C-2900,54.2,0.0,0.0,0.0,1,52.4,54.8,22,57.0,54.4,54.6,54.2,8.0,43580.0,79
2023-05-10 10:45:48,HO2312-C-2900,HO2312-C-2900,54.2,0.0,0.0,0.0,1,52.0,54.8,22,57.0,54.4,54.6,54.2,8.0,43580.0,79
2023-05-10 10:45:48,HO2312-C-2900,HO2312-C-2900,54.2,0.0,0.0,0.0,1,52.0,54.8,24,57.0,54.4,54.6,54.2,8.0,43580.0,79
2023-05-10 10:45:52,HO2312-C-2900,HO2312-C-2900,54.2,0.0,0.0,0.0,1,52.0,54.8,22,57.0,54.4,54.6,54.2,8.0,43580.0,79
2023-05-10 10:46:04,HO2312-C-2900,HO2312-C-2900,54.2,0.0,0.0,0.0,1,52.0,54.8,24,57.0,54.4,54.6,54.2,8.0,43580.0,79
2023-05-10 10:46:16,HO2312-C-2900,HO2312-C-2900,54.2,0.0,0.0,0.0,1,52.0,54.8,22,57.0,54.4,54.6,54.2,8.0,43580.0,79
2023-05-10 10:46:38,HO2312-C-2900,HO2312-C-2900,54.2,0.0,0.0,0.0,1,52.0,54.8,24,57.0,54.4,54.6,54.2,8.0,43580.0,79
2023-05-10 10:46:44,HO2312-C-2900,HO2312-C-2900,54.2,0.0,0.0,0.0,1,52.0,54.8,22,57.0,54.4,54.6,54.2,8.0,43580.0,79
2023-05-10 10:46:49,HO2312-C-2900,HO2312-C-2900,54.2,0.0,0.0,0.0,1,52.0,54.8,24,57.0,54.4,54.6,54.2,8.0,43580.0,79
2023-05-10 10:47:11,HO2312-C-2900,HO2312-C-2900,54.2,0.0,0.0,0.0,1,52.0,54.8,22,57.0,54.4,54.6,54.2,8.0,43580.0,79
2023-05-10 10:47:19,HO2312-C-2900,HO2312-C-2900,54.2,0.0,0.0,0.0,1,52.0,54.8,24,57.0,54.4,54.6,54.2,8.0,43580.0,79
2023-05-10 10:47:20,HO2312-C-2900,HO2312-C-2900,54.2,0.0,0.0,0.0,1,52.0,54.8,22,57.0,54.4,54.6,54.2,8.0,43580.0,79
2023-05-10 10:47:49,HO2312-C-2900,HO2312-C-2900,54.2,0.0,0.0,0.0,1,52.0,54.8,24,57.0,54.4,54.6,54.2,8.0,43580.0,79
2023-05-10 10:47:58,HO2312-C-2900,HO2312-C-2900,54.2,0.0,0.0,0.0,1,52.0,54.2,1,57.0,54.4,54.6,54.2,8.0,43580.0,79
2023-05-10 10:47:59,HO2312-C-2900,HO2312-C-2900,54.2,0.0,0.0,0.0,37,51.6,54.2,1,57.0,54.4,54.6,54.2,8.0,43580.0,79
2023-05-10 10:47:59,HO2312-C-2900,HO2312-C-2900,54.2,0.0,0.0,0.0,2,51.8,54.2,1,57.0,54.4,54.6,54.2,8.0,43580.0,79
2023-05-10 10:48:00,HO2312-C-2900,HO2312-C-2900,54.2,0.0,0.0,0.0,31,51.6,54.2,1,57.0,54.4,54.6,54.2,8.0,43580.0,79
2023-05-10 10:48:00,HO2312-C-2900,HO2312-C-2900,54.2,0.0,0.0,0.0,33,51.6,54.2,1,57.0,54.4,54.6,54.2,8.0,43580.0,79
2023-05-10 10:48:10,HO2312-C-2900,HO2312-C-2900,54.2,0.0,0.0,0.0,31,51.6,53.8,6,57.0,54.4,54.6,54.2,8.0,43580.0,79
2023-05-10 10:48:11,HO2312-C-2900,HO2312-C-2900,54.2,0.0,0.0,0.0,27,51.6,53.8,6,57.0,54.4,54.6,54.2,8.0,43580.0,79
2023-05-10 10:48:23,HO2312-C-2900,HO2312-C-2900,54.2,0.0,0.0,0.0,25,51.6,53.8,6,57.0,54.4,54.6,54.2,8.0,43580.0,79
2023-05-10 10:48:23,HO2312-C-2900,HO2312-C-2900,54.2,0.0,0.0,0.0,27,51.6,53.8,6,57.0,54.4,54.6,54.2,8.0,43580.0,79
2023-05-10 10:48:25,HO2312-C-2900,HO2312-C-2900,54.2,0.0,0.0,0.0,25,51.6,53.8,6,57.0,54.4,54.6,54.2,8.0,43580.0,79
2023-05-10 10:48:25,HO2312-C-2900,HO2312-C-2900,54.2,0.0,0.0,0.0,27,51.6,53.8,6,57.0,54.4,54.6,54.2,8.0,43580.0,79
2023-05-10 10:48:30,HO2312-C-2900,HO2312-C-2900,54.2,0.0,0.0,0.0,25,51.6,53.8,6,57.0,54.4,54.6,54.2,8.0,43580.0,79
2023-05-10 10:48:31,HO2312-C-2900,HO2312-C-2900,54.2,0.0,0.0,0.0,27,51.6,53.8,6,57.0,54.4,54.6,54.2,8.0,43580.0,79
2023-05-10 10:48:32,HO2312-C-2900,HO2312-C-2900,54.2,0.0,0.0,0.0,25,51.6,53.8,6,57.0,54.4,54.6,54.2,8.0,43580.0,79
2023-05-10 10:48:36,HO2312-C-2900,HO2312-C-2900,54.2,0.0,0.0,0.0,19,51.6,53.8,6,57.0,54.4,54.6,54.2,8.0,43580.0,79
2023-05-10 10:48:37,HO2312-C-2900,HO2312-C-2900,54.2,0.0,0.0,0.0,13,51.6,53.8,6,57.0,54.4,54.6,54.2,8.0,43580.0,79
2023-05-10 10:48:37,HO2312-C-2900,HO2312-C-2900,54.2,0.0,0.0,0.0,7,51.6,53.8,6,57.0,54.4,54.6,54.2,8.0,43580.0,79
2023-05-10 10:48:48,HO2312-C-2900,HO2312-C-2900,54.2,0.0,0.0,0.0,1,51.6,53.8,6,57.0,54.4,54.6,54.2,8.0,43580.0,79
2023-05-10 10:48:56,HO2312-C-2900,HO2312-C-2900,54.2,0.0,0.0,0.0,25,51.2,53.8,6,57.0,54.4,54.6,54.2,8.0,43580.0,79
2023-05-10 10:48:57,HO2312-C-2900,HO2312-C-2900,54.2,0.0,0.0,0.0,13,51.2,53.8,6,57.0,54.4,54.6,54.2,8.0,43580.0,79
2023-05-10 10:48:57,HO2312-C-2900,HO2312-C-2900,54.2,0.0,0.0,0.0,7,51.2,53.8,6,57.0,54.4,54.6,54.2,8.0,43580.0,79
2023-05-10 10:48:58,HO2312-C-2900,HO2312-C-2900,54.2,0.0,0.0,0.0,1,51.2,53.8,8,57.0,54.4,54.6,54.2,8.0,43580.0,79
2023-05-10 10:48:58,HO2312-C-2900,HO2312-C-2900,54.2,0.0,0.0,0.0,1,51.2,53.8,11,57.0,54.4,54.6,54.2,8.0,43580.0,79
2023-05-10 10:48:59,HO2312-C-2900,HO2312-C-2900,54.2,0.0,0.0,0.0,1,51.2,53.8,8,57.0,54.4,54.6,54.2,8.0,43580.0,79
2023-05-10 10:48:59,HO2312-C-2900,HO2312-C-2900,54.2,0.0,0.0,0.0,1,51.2,53.8,11,57.0,54.4,54.6,54.2,8.0,43580.0,79
2023-05-10 10:49:00,HO2312-C-2900,HO2312-C-2900,54.2,0.0,0.0,0.0,1,51.2,53.6,1,57.0,54.4,54.6,54.2,8.0,43580.0,79
2023-05-10 10:49:15,HO2312-C-2900,HO2312-C-2900,54.2,0.0,0.0,0.0,3,51.2,53.6,1,57.0,54.4,54.6,54.2,8.0,43580.0,79
2023-05-10 10:49:16,HO2312-C-2900,HO2312-C-2900,54.2,0.0,0.0,0.0,1,51.2,53.6,1,57.0,54.4,54.6,54.2,8.0,43580.0,79
2023-05-10 10:50:03,HO2312-C-2900,HO2312-C-2900,54.2,0.0,0.0,0.0,1,51.2,53.6,4,57.0,54.4,54.6,54.2,8.0,43580.0,79
2023-05-10 10:50:15,HO2312-C-2900,HO2312-C-2900,54.2,0.0,0.0,0.0,6,51.0,53.6,4,57.0,54.4,54.6,54.2,8.0,43580.0,79
2023-05-10 10:50:20,HO2312-C-2900,HO2312-C-2900,54.2,0.0,0.0,0.0,6,51.0,53.6,6,57.0,54.4,54.6,54.2,8.0,43580.0,79
2023-05-10 10:50:20,HO2312-C-2900,HO2312-C-2900,54.2,0.0,0.0,0.0,13,50.8,53.6,6,57.0,54.4,54.6,54.2,8.0,43580.0,79
2023-05-10 10:50:21,HO2312-C-2900,HO2312-C-2900,54.2,0.0,0.0,0.0,7,50.8,53.6,6,57.0,54.4,54.6,54.2,8.0,43580.0,79
2023-05-10 10:50:21,HO2312-C-2900,HO2312-C-2900,54.2,0.0,0.0,0.0,1,50.8,53.6,6,57.0,54.4,54.6,54.2,8.0,43580.0,79
2023-05-10 10:50:28,HO2312-C-2900,HO2312-C-2900,54.2,0.0,0.0,0.0,1,50.8,53.6,4,57.0,54.4,54.6,54.2,8.0,43580.0,79
2023-05-10 10:50:28,HO2312-C-2900,HO2312-C-2900,54.2,0.0,0.0,0.0,3,50.8,53.6,4,57.0,54.4,54.6,54.2,8.0,43580.0,79
2023-05-10 10:50:31,HO2312-C-2900,HO2312-C-2900,54.2,0.0,0.0,0.0,1,50.8,53.6,4,57.0,54.4,54.6,54.2,8.0,43580.0,79
2023-05-10 10:50:31,HO2312-C-2900,HO2312-C-2900,54.2,0.0,0.0,0.0,1,50.8,53.6,6,57.0,54.4,54.6,54.2,8.0,43580.0,79
2023-05-10 10:50:38,HO2312-C-2900,HO2312-C-2900,54.2,0.0,0.0,0.0,30,50.6,53.6,6,57.0,54.4,54.6,54.2,8.0,43580.0,79
2023-05-10 10:50:38,HO2312-C-2900,HO2312-C-2900,54.2,0.0,0.0,0.0,24,50.6,53.6,6,57.0,54.4,54.6,54.2,8.0,43580.0,79
2023-05-10 10:50:39,HO2312-C-2900,HO2312-C-2900,54.2,0.0,0.0,0.0,26,50.6,53.6,6,57.0,54.4,54.6,54.2,8.0,43580.0,79
2023-05-10 10:50:41,HO2312-C-2900,HO2312-C-2900,54.2,0.0,0.0,0.0,27,50.6,53.6,6,57.0,54.4,54.6,54.2,8.0,43580.0,79
2023-05-10 10:50:45,HO2312-C-2900,HO2312-C-2900,54.2,0.0,0.0,0.0,25,50.6,53.6,6,57.0,54.4,54.6,54.2,8.0,43580.0,79
2023-05-10 10:51:01,HO2312-C-2900,HO2312-C-2900,54.2,0.0,0.0,0.0,27,50.6,53.6,6,57.0,54.4,54.6,54.2,8.0,43580.0,79
2023-05-10 10:51:02,HO2312-C-2900,HO2312-C-2900,54.2,0.0,0.0,0.0,25,50.6,53.6,6,57.0,54.4,54.6,54.2,8.0,43580.0,79
2023-05-10 10:51:03,HO2312-C-2900,HO2312-C-2900,54.2,0.0,0.0,0.0,25,50.6,53.6,3,57.0,54.4,54.6,54.2,8.0,43580.0,79
2023-05-10 10:51:03,HO2312-C-2900,HO2312-C-2900,54.2,0.0,0.0,0.0,27,50.6,53.6,3,57.0,54.4,54.6,54.2,8.0,43580.0,79
2023-05-10 10:51:04,HO2312-C-2900,HO2312-C-2900,54.2,0.0,0.0,0.0,27,50.6,53.6,6,57.0,54.4,54.6,54.2,8.0,43580.0,79
2023-05-10 10:51:08,HO2312-C-2900,HO2312-C-2900,54.2,0.0,0.0,0.0,25,50.6,53.6,6,57.0,54.4,54.6,54.2,8.0,43580.0,79
2023-05-10 10:51:09,HO2312-C-2900,HO2312-C-2900,54.2,0.0,0.0,0.0,19,50.6,53.6,6,57.0,54.4,54.6,54.2,8.0,43580.0,79
2023-05-10 10:51:47,HO2312-C-2900,HO2312-C-2900,54.2,0.0,0.0,0.0,21,50.6,53.6,6,57.0,54.4,54.6,54.2,8.0,43580.0,79
2023-05-10 10:51:59,HO2312-C-2900,HO2312-C-2900,54.2,0.0,0.0,0.0,21,50.6,53.6,4,57.0,54.4,54.6,54.2,8.0,43580.0,79
2023-05-10 10:52:04,HO2312-C-2900,HO2312-C-2900,54.2,0.0,0.0,0.0,21,50.6,53.6,1,57.0,54.4,54.6,54.2,8.0,43580.0,79
2023-05-10 10:52:05,HO2312-C-2900,HO2312-C-2900,54.2,0.0,0.0,0.0,21,50.6,53.6,4,57.0,54.4,54.6,54.2,8.0,43580.0,79
2023-05-10 10:52:05,HO2312-C-2900,HO2312-C-2900,54.2,0.0,0.0,0.0,21,50.6,53.6,1,57.0,54.4,54.6,54.2,8.0,43580.0,79
2023-05-10 10:52:06,HO2312-C-2900,HO2312-C-2900,54.2,0.0,0.0,0.0,1,51.0,53.6,1,57.0,54.4,54.6,54.2,8.0,43580.0,79
2023-05-10 10:52:09,HO2312-C-2900,HO2312-C-2900,54.2,0.0,0.0,0.0,1,51.0,53.6,3,57.0,54.4,54.6,54.2,8.0,43580.0,79
2023-05-10 10:52:09,HO2312-C-2900,HO2312-C-2900,54.2,0.0,0.0,0.0,1,51.0,53.6,1,57.0,54.4,54.6,54.2,8.0,43580.0,79
2023-05-10 10:52:10,HO2312-C-2900,HO2312-C-2900,54.2,0.0,0.0,0.0,1,51.0,53.6,3,57.0,54.4,54.6,54.2,8.0,43580.0,79
2023-05-10 10:52:10,HO2312-C-2900,HO2312-C-2900,54.2,0.0,0.0,0.0,1,51.0,53.6,6,57.0,54.4,54.6,54.2,8.0,43580.0,79
2023-05-10 10:53:05,HO2312-C-2900,HO2312-C-2900,54.2,0.0,0.0,0.0,1,51.0,53.6,4,57.0,54.4,54.6,54.2,8.0,43580.0,79
2023-05-10 10:53:05,HO2312-C-2900,HO2312-C-2900,54.2,0.0,0.0,0.0,1,51.0,53.6,6,57.0,54.4,54.6,54.2,8.0,43580.0,79
2023-05-10 10:53:07,HO2312-C-2900,HO2312-C-2900,54.2,0.0,0.0,0.0,1,51.0,53.6,4,57.0,54.4,54.6,54.2,8.0,43580.0,79
2023-05-10 10:53:31,HO2312-C-2900,HO2312-C-2900,54.2,0.0,0.0,0.0,1,51.0,53.4,2,57.0,54.4,54.6,54.2,8.0,43580.0,79
2023-05-10 10:53:31,HO2312-C-2900,HO2312-C-2900,54.2,0.0,0.0,0.0,1,51.0,53.4,5,57.0,54.4,54.6,54.2,8.0,43580.0,79
2023-05-10 10:53:34,HO2312-C-2900,HO2312-C-2900,54.2,0.0,0.0,0.0,1,51.0,53.4,3,57.0,54.4,54.6,54.2,8.0,43580.0,79
2023-05-10 10:53:51,HO2312-C-2900,HO2312-C-2900,54.2,0.0,0.0,0.0,1,51.0,53.6,1,57.0,54.4,54.6,54.2,8.0,43580.0,79
2023-05-10 10:53:52,HO2312-C-2900,HO2312-C-2900,54.2,0.0,0.0,0.0,1,51.0,53.6,4,57.0,54.4,54.6,54.2,8.0,43580.0,79
2023-05-10 10:53:54,HO2312-C-2900,HO2312-C-2900,54.2,0.0,0.0,0.0,1,51.0,53.6,1,57.0,54.4,54.6,54.2,8.0,43580.0,79
2023-05-10 10:53:55,HO2312-C-2900,HO2312-C-2900,54.2,0.0,0.0,0.0,1,51.0,53.6,4,57.0,54.4,54.6,54.2,8.0,43580.0,79
2023-05-10 10:53:55,HO2312-C-2900,HO2312-C-2900,54.2,0.0,0.0,0.0,1,51.0,53.6,1,57.0,54.4,54.6,54.2,8.0,43580.0,79
2023-05-10 10:53:56,HO2312-C-2900,HO2312-C-2900,54.2,0.0,0.0,0.0,1,51.0,53.6,4,57.0,54.4,54.6,54.2,8.0,43580.0,79
2023-05-10 10:54:01,HO2312-C-2900,HO2312-C-2900,54.2,0.0,0.0,0.0,1,51.0,53.6,1,57.0,54.4,54.6,54.2,8.0,43580.0,79
2023-05-10 10:54:15,HO2312-C-2900,HO2312-C-2900,54.2,0.0,0.0,0.0,1,51.0,53.6,4,57.0,54.4,54.6,54.2,8.0,43580.0,79
2023-05-10 10:54:16,HO2312-C-2900,HO2312-C-2900,54.2,0.0,0.0,0.0,1,51.0,53.6,3,57.0,54.4,54.6,54.2,8.0,43580.0,79
2023-05-10 10:54:16,HO2312-C-2900,HO2312-C-2900,54.2,0.0,0.0,0.0,1,51.0,53.6,6,57.0,54.4,54.6,54.2,8.0,43580.0,79
2023-05-10 10:54:29,HO2312-C-2900,HO2312-C-2900,54.2,0.0,0.0,0.0,1,51.0,53.6,4,57.0,54.4,54.6,54.2,8.0,43580.0,79
2023-05-10 10:54:40,HO2312-C-2900,HO2312-C-2900,54.2,0.0,0.0,0.0,1,51.0,53.6,1,57.0,54.4,54.6,54.2,8.0,43580.0,79
2023-05-10 10:54:42,HO2312-C-2900,HO2312-C-2900,54.2,0.0,0.0,0.0,1,51.0,53.6,4,57.0,54.4,54.6,54.2,8.0,43580.0,79
2023-05-10 10:54:43,HO2312-C-2900,HO2312-C-2900,54.2,0.0,0.0,0.0,1,51.0,53.6,1,57.0,54.4,54.6,54.2,8.0,43580.0,79
2023-05-10 10:54:54,HO2312-C-2900,HO2312-C-2900,54.2,0.0,0.0,0.0,1,51.0,53.6,3,57.0,54.4,54.6,54.2,8.0,43580.0,79
2023-05-10 10:54:55,HO2312-C-2900,HO2312-C-2900,54.2,0.0,0.0,0.0,1,51.0,53.6,6,57.0,54.4,54.6,54.2,8.0,43580.0,79
2023-05-10 10:54:58,HO2312-C-2900,HO2312-C-2900,54.2,0.0,0.0,0.0,1,51.0,53.6,1,57.0,54.4,54.6,54.2,8.0,43580.0,79
2023-05-10 10:55:03,HO2312-C-2900,HO2312-C-2900,54.2,0.0,0.0,0.0,1,51.0,53.6,4,57.0,54.4,54.6,54.2,8.0,43580.0,79
2023-05-10 10:55:04,HO2312-C-2900,HO2312-C-2900,54.2,0.0,0.0,0.0,1,51.0,53.6,1,57.0,54.4,54.6,54.2,8.0,43580.0,79
2023-05-10 10:55:04,HO2312-C-2900,HO2312-C-2900,54.2,0.0,0.0,0.0,1,51.0,53.6,3,57.0,54.4,54.6,54.2,8.0,43580.0,79
2023-05-10 10:55:05,HO2312-C-2900,HO2312-C-2900,54.2,0.0,0.0,0.0,1,51.0,53.6,4,57.0,54.4,54.6,54.2,8.0,43580.0,79
2023-05-10 10:55:05,HO2312-C-2900,HO2312-C-2900,54.2,0.0,0.0,0.0,1,51.0,53.6,6,57.0,54.4,54.6,54.2,8.0,43580.0,79
2023-05-10 10:55:19,HO2312-C-2900,HO2312-C-2900,54.2,0.0,0.0,0.0,1,51.0,53.6,4,57.0,54.4,54.6,54.2,8.0,43580.0,79
2023-05-10 10:55:25,HO2312-C-2900,HO2312-C-2900,54.2,0.0,0.0,0.0,1,51.0,53.6,1,57.0,54.4,54.6,54.2,8.0,43580.0,79
2023-05-10 10:55:26,HO2312-C-2900,HO2312-C-2900,54.2,0.0,0.0,0.0,1,51.0,53.6,4,57.0,54.4,54.6,54.2,8.0,43580.0,79
2023-05-10 10:55:26,HO2312-C-2900,HO2312-C-2900,54.2,0.0,0.0,0.0,1,51.0,53.6,1,57.0,54.4,54.6,54.2,8.0,43580.0,79
2023-05-10 10:55:31,HO2312-C-2900,HO2312-C-2900,54.2,0.0,0.0,0.0,1,51.0,53.6,4,57.0,54.4,54.6,54.2,8.0,43580.0,79
2023-05-10 10:55:36,HO2312-C-2900,HO2312-C-2900,54.2,0.0,0.0,0.0,1,51.0,53.6,1,57.0,54.4,54.6,54.2,8.0,43580.0,79
2023-05-10 10:55:39,HO2312-C-2900,HO2312-C-2900,54.2,0.0,0.0,0.0,1,51.0,53.6,4,57.0,54.4,54.6,54.2,8.0,43580.0,79
2023-05-10 10:55:53,HO2312-C-2900,HO2312-C-2900,54.2,0.0,0.0,0.0,1,51.0,53.6,6,57.0,54.4,54.6,54.2,8.0,43580.0,79
2023-05-10 10:55:54,HO2312-C-2900,HO2312-C-2900,54.2,0.0,0.0,0.0,1,51.0,53.6,4,57.0,54.4,54.6,54.2,8.0,43580.0,79
2023-05-10 10:55:54,HO2312-C-2900,HO2312-C-2900,54.2,0.0,0.0,0.0,1,51.0,53.6,6,57.0,54.4,54.6,54.2,8.0,43580.0,79
2023-05-10 10:55:55,HO2312-C-2900,HO2312-C-2900,54.2,0.0,0.0,0.0,1,51.0,53.6,4,57.0,54.4,54.6,54.2,8.0,43580.0,79
2023-05-10 10:55:56,HO2312-C-2900,HO2312-C-2900,54.2,0.0,0.0,0.0,1,51.0,53.6,1,57.0,54.4,54.6,54.2,8.0,43580.0,79
2023-05-10 10:55:57,HO2312-C-2900,HO2312-C-2900,54.2,0.0,0.0,0.0,1,51.0,53.6,4,57.0,54.4,54.6,54.2,8.0,43580.0,79
2023-05-10 10:56:04,HO2312-C-2900,HO2312-C-2900,54.2,0.0,0.0,0.0,1,51.0,53.6,1,57.0,54.4,54.6,54.2,8.0,43580.0,79
2023-05-10 10:56:07,HO2312-C-2900,HO2312-C-2900,54.2,0.0,0.0,0.0,1,51.0,53.6,4,57.0,54.4,54.6,54.2,8.0,43580.0,79
2023-05-10 10:56:08,HO2312-C-2900,HO2312-C-2900,54.2,0.0,0.0,0.0,1,51.0,53.6,1,57.0,54.4,54.6,54.2,8.0,43580.0,79
2023-05-10 10:56:10,HO2312-C-2900,HO2312-C-2900,54.2,0.0,0.0,0.0,1,51.0,53.6,4,57.0,54.4,54.6,54.2,8.0,43580.0,79
2023-05-10 10:56:11,HO2312-C-2900,HO2312-C-2900,54.2,0.0,0.0,0.0,1,51.0,53.6,1,57.0,54.4,54.6,54.2,8.0,43580.0,79
2023-05-10 10:56:14,HO2312-C-2900,HO2312-C-2900,54.2,0.0,0.0,0.0,1,51.0,53.6,4,57.0,54.4,54.6,54.2,8.0,43580.0,79
2023-05-10 10:56:17,HO2312-C-2900,HO2312-C-2900,54.2,0.0,0.0,0.0,1,51.0,53.6,1,57.0,54.4,54.6,54.2,8.0,43580.0,79
2023-05-10 10:56:18,HO2312-C-2900,HO2312-C-2900,54.2,0.0,0.0,0.0,1,51.0,53.6,4,57.0,54.4,54.6,54.2,8.0,43580.0,79
2023-05-10 10:56:19,HO2312-C-2900,HO2312-C-2900,54.2,0.0,0.0,0.0,1,51.0,53.6,1,57.0,54.4,54.6,54.2,8.0,43580.0,79
2023-05-10 10:56:21,HO2312-C-2900,HO2312-C-2900,54.2,0.0,0.0,0.0,1,51.0,53.6,4,57.0,54.4,54.6,54.2,8.0,43580.0,79
2023-05-10 10:56:21,HO2312-C-2900,HO2312-C-2900,54.2,0.0,0.0,0.0,1,51.0,53.6,1,57.0,54.4,54.6,54.2,8.0,43580.0,79
2023-05-10 10:56:22,HO2312-C-2900,HO2312-C-2900,54.2,0.0,0.0,0.0,1,51.0,53.6,4,57.0,54.4,54.6,54.2,8.0,43580.0,79
2023-05-10 10:56:30,HO2312-C-2900,HO2312-C-2900,54.2,0.0,0.0,0.0,1,51.0,53.6,1,57.0,54.4,54.6,54.2,8.0,43580.0,79
2023-05-10 10:56:31,HO2312-C-2900,HO2312-C-2900,54.2,0.0,0.0,0.0,1,51.0,53.6,4,57.0,54.4,54.6,54.2,8.0,43580.0,79
2023-05-10 10:56:31,HO2312-C-2900,HO2312-C-2900,54.2,0.0,0.0,0.0,1,51.0,53.6,1,57.0,54.4,54.6,54.2,8.0,43580.0,79
2023-05-10 10:56:34,HO2312-C-2900,HO2312-C-2900,54.2,0.0,0.0,0.0,3,51.0,53.6,1,57.0,54.4,54.6,54.2,8.0,43580.0,79
2023-05-10 10:56:34,HO2312-C-2900,HO2312-C-2900,54.2,0.0,0.0,0.0,1,51.4,53.6,1,57.0,54.4,54.6,54.2,8.0,43580.0,79
2023-05-10 10:56:46,HO2312-C-2900,HO2312-C-2900,54.2,0.0,0.0,0.0,1,51.4,53.6,4,57.0,54.4,54.6,54.2,8.0,43580.0,79
2023-05-10 10:56:47,HO2312-C-2900,HO2312-C-2900,54.2,0.0,0.0,0.0,1,51.4,53.6,1,57.0,54.4,54.6,54.2,8.0,43580.0,79
2023-05-10 10:56:48,HO2312-C-2900,HO2312-C-2900,54.2,0.0,0.0,0.0,1,51.4,53.6,4,57.0,54.4,54.6,54.2,8.0,43580.0,79
2023-05-10 10:56:49,HO2312-C-2900,HO2312-C-2900,54.2,0.0,0.0,0.0,1,51.4,53.6,1,57.0,54.4,54.6,54.2,8.0,43580.0,79
2023-05-10 10:56:50,HO2312-C-2900,HO2312-C-2900,54.2,0.0,0.0,0.0,1,51.4,53.6,4,57.0,54.4,54.6,54.2,8.0,43580.0,79
2023-05-10 10:57:02,HO2312-C-2900,HO2312-C-2900,54.2,0.0,0.0,0.0,1,51.4,53.6,1,57.0,54.4,54.6,54.2,8.0,43580.0,79
2023-05-10 10:57:02,HO2312-C-2900,HO2312-C-2900,54.2,0.0,0.0,0.0,1,51.4,53.6,4,57.0,54.4,54.6,54.2,8.0,43580.0,79
2023-05-10 10:57:08,HO2312-C-2900,HO2312-C-2900,54.2,0.0,0.0,0.0,1,50.8,53.6,4,57.0,54.4,54.6,54.2,8.0,43580.0,79
2023-05-10 10:57:09,HO2312-C-2900,HO2312-C-2900,54.2,0.0,0.0,0.0,1,50.8,53.6,6,57.0,54.4,54.6,54.2,8.0,43580.0,79
2023-05-10 10:57:10,HO2312-C-2900,HO2312-C-2900,54.2,0.0,0.0,0.0,1,50.8,53.6,4,57.0,54.4,54.6,54.2,8.0,43580.0,79
2023-05-10 10:57:10,HO2312-C-2900,HO2312-C-2900,54.2,0.0,0.0,0.0,1,50.8,53.6,6,57.0,54.4,54.6,54.2,8.0,43580.0,79
2023-05-10 10:57:11,HO2312-C-2900,HO2312-C-2900,54.2,0.0,0.0,0.0,1,50.8,53.6,4,57.0,54.4,54.6,54.2,8.0,43580.0,79
2023-05-10 10:57:11,HO2312-C-2900,HO2312-C-2900,54.2,0.0,0.0,0.0,1,50.8,53.6,6,57.0,54.4,54.6,54.2,8.0,43580.0,79
2023-05-10 10:57:12,HO2312-C-2900,HO2312-C-2900,54.2,0.0,0.0,0.0,1,50.8,53.6,4,57.0,54.4,54.6,54.2,8.0,43580.0,79
2023-05-10 10:57:12,HO2312-C-2900,HO2312-C-2900,54.2,0.0,0.0,0.0,3,50.8,53.6,4,57.0,54.4,54.6,54.2,8.0,43580.0,79
2023-05-10 10:58:00,HO2312-C-2900,HO2312-C-2900,54.2,0.0,0.0,0.0,3,50.8,53.4,6,57.0,54.4,54.6,54.2,8.0,43580.0,79
2023-05-10 10:58:02,HO2312-C-2900,HO2312-C-2900,54.2,0.0,0.0,0.0,3,50.8,53.4,9,57.0,54.4,54.6,54.2,8.0,43580.0,79
2023-05-10 10:58:03,HO2312-C-2900,HO2312-C-2900,54.2,0.0,0.0,0.0,1,50.8,53.4,9,57.0,54.4,54.6,54.2,8.0,43580.0,79
2023-05-10 10:58:05,HO2312-C-2900,HO2312-C-2900,54.2,0.0,0.0,0.0,1,50.8,53.4,15,57.0,54.4,54.6,54.2,8.0,43580.0,79
2023-05-10 10:59:02,HO2312-C-2900,HO2312-C-2900,54.2,0.0,0.0,0.0,3,50.8,53.4,15,57.0,54.4,54.6,54.2,8.0,43580.0,79
2023-05-10 10:59:02,HO2312-C-2900,HO2312-C-2900,54.2,0.0,0.0,0.0,3,50.8,53.4,12,57.0,54.4,54.6,54.2,8.0,43580.0,79
2023-05-10 10:59:04,HO2312-C-2900,HO2312-C-2900,54.2,0.0,0.0,0.0,3,50.8,53.4,15,57.0,54.4,54.6,54.2,8.0,43580.0,79
2023-05-10 10:59:07,HO2312-C-2900,HO2312-C-2900,54.2,0.0,0.0,0.0,1,50.8,53.4,15,57.0,54.4,54.6,54.2,8.0,43580.0,79
2023-05-10 10:59:09,HO2312-C-2900,HO2312-C-2900,54.2,0.0,0.0,0.0,3,50.8,53.4,15,57.0,54.4,54.6,54.2,8.0,43580.0,79
2023-05-10 10:59:10,HO2312-C-2900,HO2312-C-2900,54.2,0.0,0.0,0.0,3,50.8,53.4,12,57.0,54.4,54.6,54.2,8.0,43580.0,79
2023-05-10 10:59:11,HO2312-C-2900,HO2312-C-2900,54.2,0.0,0.0,0.0,1,50.8,53.4,15,57.0,54.4,54.6,54.2,8.0,43580.0,79
2023-05-10 10:59:33,HO2312-C-2900,HO2312-C-2900,54.2,0.0,0.0,0.0,18,50.6,53.4,15,57.0,54.4,54.6,54.2,8.0,43580.0,79
2023-05-10 10:59:33,HO2312-C-2900,HO2312-C-2900,54.2,0.0,0.0,0.0,20,50.6,53.4,21,57.0,54.4,54.6,54.2,8.0,43580.0,79
2023-05-10 10:59:58,HO2312-C-2900,HO2312-C-2900,54.2,0.0,0.0,0.0,18,50.6,53.4,21,57.0,54.4,54.6,54.2,8.0,43580.0,79
2023-05-10 10:59:59,HO2312-C-2900,HO2312-C-2900,54.2,0.0,0.0,0.0,18,50.6,53.4,23,57.0,54.4,54.6,54.2,8.0,43580.0,79
2023-05-10 10:59:59,HO2312-C-2900,HO2312-C-2900,54.2,0.0,0.0,0.0,18,50.6,53.4,21,57.0,54.4,54.6,54.2,8.0,43580.0,79
2023-05-10 11:00:01,HO2312-C-2900,HO2312-C-2900,54.2,0.0,0.0,0.0,12,50.6,53.4,21,57.0,54.4,54.6,54.2,8.0,43580.0,79
2023-05-10 11:00:01,HO2312-C-2900,HO2312-C-2900,54.2,0.0,0.0,0.0,8,50.6,53.4,21,57.0,54.4,54.6,54.2,8.0,43580.0,79
2023-05-10 11:00:04,HO2312-C-2900,HO2312-C-2900,54.2,0.0,0.0,0.0,6,50.6,53.4,21,57.0,54.4,54.6,54.2,8.0,43580.0,79
2023-05-10 11:00:04,HO2312-C-2900,HO2312-C-2900,54.2,0.0,0.0,0.0,8,50.6,53.4,21,57.0,54.4,54.6,54.2,8.0,43580.0,79
2023-05-10 11:00:05,HO2312-C-2900,HO2312-C-2900,54.2,0.0,0.0,0.0,6,50.6,53.4,21,57.0,54.4,54.6,54.2,8.0,43580.0,79
2023-05-10 11:00:30,HO2312-C-2900,HO2312-C-2900,54.2,0.0,0.0,0.0,6,50.6,53.4,22,57.0,54.4,54.6,54.2,8.0,43580.0,79
2023-05-10 11:00:31,HO2312-C-2900,HO2312-C-2900,54.2,0.0,0.0,0.0,8,50.6,53.4,22,57.0,54.4,54.6,54.2,8.0,43580.0,79
2023-05-10 11:00:33,HO2312-C-2900,HO2312-C-2900,54.2,0.0,0.0,0.0,6,50.6,53.4,22,57.0,54.4,54.6,54.2,8.0,43580.0,79
2023-05-10 11:00:33,HO2312-C-2900,HO2312-C-2900,54.2,0.0,0.0,0.0,8,50.6,53.4,22,57.0,54.4,54.6,54.2,8.0,43580.0,79
2023-05-10 11:00:34,HO2312-C-2900,HO2312-C-2900,54.2,0.0,0.0,0.0,6,50.6,53.4,22,57.0,54.4,54.6,54.2,8.0,43580.0,79
