time,symbol_id,symbol_name,last,trade_volume,trade_amount,open_interest_change,bv1,bp1,ap1,av1,yesterday_close,today_open,today_high,today_low,volume,amount,open_interest
2023-05-10 09:29:00,HO2403-C-2350,HO2403-C-2350,399.4,0.0,0.0,0.0,1,345.2,439.6,1,399.4,376.6,0.0,0.0,0.0,0.0,48
2023-05-10 09:30:00,HO2403-C-2350,HO2403-C-2350,399.4,0.0,0.0,0.0,1,345.2,438.8,1,399.4,376.6,0.0,0.0,0.0,0.0,48
2023-05-10 09:30:01,HO2403-C-2350,HO2403-C-2350,399.4,0.0,0.0,0.0,1,353.8,428.8,1,399.4,376.6,0.0,0.0,0.0,0.0,48
2023-05-10 09:30:24,HO2403-C-2350,HO2403-C-2350,399.4,0.0,0.0,0.0,6,384.2,409.2,6,399.4,376.6,0.0,0.0,0.0,0.0,48
2023-05-10 09:30:32,HO2403-C-2350,HO2403-C-2350,399.4,0.0,0.0,0.0,6,384.4,409.0,6,399.4,376.6,0.0,0.0,0.0,0.0,48
2023-05-10 09:30:47,HO2403-C-2350,HO2403-C-2350,399.4,0.0,0.0,0.0,6,389.2,399.6,6,399.4,376.6,0.0,0.0,0.0,0.0,48
2023-05-10 09:30:47,HO2403-C-2350,HO2403-C-2350,399.4,0.0,0.0,0.0,6,389.4,399.4,6,399.4,376.6,0.0,0.0,0.0,0.0,48
2023-05-10 09:30:52,HO2403-C-2350,HO2403-C-2350,399.4,0.0,0.0,0.0,3,389.6,399.4,6,399.4,376.6,0.0,0.0,0.0,0.0,48
2023-05-10 09:30:59,HO2403-C-2350,HO2403-C-2350,399.4,0.0,0.0,0.0,6,389.4,398.2,6,399.4,376.6,0.0,0.0,0.0,0.0,48
2023-05-10 09:31:00,HO2403-C-2350,HO2403-C-2350,399.4,0.0,0.0,0.0,6,389.2,398.0,6,399.4,376.6,0.0,0.0,0.0,0.0,48
2023-05-10 09:31:00,HO2403-C-2350,HO2403-C-2350,399.4,0.0,0.0,0.0,3,389.2,398.0,6,399.4,376.6,0.0,0.0,0.0,0.0,48
2023-05-10 09:31:01,HO2403-C-2350,HO2403-C-2350,399.4,0.0,0.0,0.0,21,388.2,398.0,6,399.4,376.6,0.0,0.0,0.0,0.0,48
2023-05-10 09:31:02,HO2403-C-2350,HO2403-C-2350,399.4,0.0,0.0,0.0,15,388.2,398.2,18,399.4,376.6,0.0,0.0,0.0,0.0,48
2023-05-10 09:31:02,HO2403-C-2350,HO2403-C-2350,399.4,0.0,0.0,0.0,9,388.2,398.0,6,399.4,376.6,0.0,0.0,0.0,0.0,48
2023-05-10 09:31:03,HO2403-C-2350,HO2403-C-2350,399.4,0.0,0.0,0.0,3,388.0,398.0,6,399.4,376.6,0.0,0.0,0.0,0.0,48
2023-05-10 09:31:05,HO2403-C-2350,HO2403-C-2350,399.4,0.0,0.0,0.0,3,387.8,396.8,6,399.4,376.6,0.0,0.0,0.0,0.0,48
2023-05-10 09:31:05,HO2403-C-2350,HO2403-C-2350,399.4,0.0,0.0,0.0,3,387.6,396.6,6,399.4,376.6,0.0,0.0,0.0,0.0,48
2023-05-10 09:31:06,HO2403-C-2350,HO2403-C-2350,399.4,0.0,0.0,0.0,3,387.2,396.6,6,399.4,376.6,0.0,0.0,0.0,0.0,48
2023-05-10 09:31:09,HO2403-C-2350,HO2403-C-2350,399.4,0.0,0.0,0.0,12,386.6,396.6,6,399.4,376.6,0.0,0.0,0.0,0.0,48
2023-05-10 09:31:09,HO2403-C-2350,HO2403-C-2350,399.4,0.0,0.0,0.0,18,385.6,396.6,6,399.4,376.6,0.0,0.0,0.0,0.0,48
2023-05-10 09:31:20,HO2403-C-2350,HO2403-C-2350,399.4,0.0,0.0,0.0,12,385.6,398.0,6,399.4,376.6,0.0,0.0,0.0,0.0,48
2023-05-10 09:31:21,HO2403-C-2350,HO2403-C-2350,399.4,0.0,0.0,0.0,24,384.2,398.0,6,399.4,376.6,0.0,0.0,0.0,0.0,48
2023-05-10 09:31:26,HO2403-C-2350,HO2403-C-2350,399.4,0.0,0.0,0.0,18,384.2,398.0,6,399.4,376.6,0.0,0.0,0.0,0.0,48
2023-05-10 09:31:30,HO2403-C-2350,HO2403-C-2350,399.4,0.0,0.0,0.0,6,385.0,395.2,6,399.4,376.6,0.0,0.0,0.0,0.0,48
2023-05-10 09:31:30,HO2403-C-2350,HO2403-C-2350,399.4,0.0,0.0,0.0,18,384.2,395.0,6,399.4,376.6,0.0,0.0,0.0,0.0,48
2023-05-10 09:31:31,HO2403-C-2350,HO2403-C-2350,399.4,0.0,0.0,0.0,6,385.4,395.0,6,399.4,376.6,0.0,0.0,0.0,0.0,48
2023-05-10 09:31:31,HO2403-C-2350,HO2403-C-2350,399.4,0.0,0.0,0.0,18,384.2,395.0,6,399.4,376.6,0.0,0.0,0.0,0.0,48
2023-05-10 09:31:38,HO2403-C-2350,HO2403-C-2350,399.4,0.0,0.0,0.0,3,384.4,395.0,6,399.4,376.6,0.0,0.0,0.0,0.0,48
2023-05-10 09:31:39,HO2403-C-2350,HO2403-C-2350,399.4,0.0,0.0,0.0,6,384.6,395.0,12,399.4,376.6,0.0,0.0,0.0,0.0,48
2023-05-10 09:31:39,HO2403-C-2350,HO2403-C-2350,399.4,0.0,0.0,0.0,3,384.8,395.0,12,399.4,376.6,0.0,0.0,0.0,0.0,48
2023-05-10 09:31:43,HO2403-C-2350,HO2403-C-2350,399.4,0.0,0.0,0.0,3,384.8,394.8,6,399.4,376.6,0.0,0.0,0.0,0.0,48
2023-05-10 09:31:52,HO2403-C-2350,HO2403-C-2350,399.4,0.0,0.0,0.0,6,385.0,394.8,6,399.4,376.6,0.0,0.0,0.0,0.0,48
2023-05-10 09:31:52,HO2403-C-2350,HO2403-C-2350,399.4,0.0,0.0,0.0,3,385.2,394.8,6,399.4,376.6,0.0,0.0,0.0,0.0,48
2023-05-10 09:31:57,HO2403-C-2350,HO2403-C-2350,399.4,0.0,0.0,0.0,6,385.4,394.8,6,399.4,376.6,0.0,0.0,0.0,0.0,48
2023-05-10 09:31:57,HO2403-C-2350,HO2403-C-2350,399.4,0.0,0.0,0.0,3,385.6,394.8,6,399.4,376.6,0.0,0.0,0.0,0.0,48
2023-05-10 09:31:58,HO2403-C-2350,HO2403-C-2350,399.4,0.0,0.0,0.0,6,385.8,394.8,6,399.4,376.6,0.0,0.0,0.0,0.0,48
2023-05-10 09:31:58,HO2403-C-2350,HO2403-C-2350,399.4,0.0,0.0,0.0,3,386.0,394.8,6,399.4,376.6,0.0,0.0,0.0,0.0,48
2023-05-10 09:32:02,HO2403-C-2350,HO2403-C-2350,399.4,0.0,0.0,0.0,6,386.2,394.8,6,399.4,376.6,0.0,0.0,0.0,0.0,48
2023-05-10 09:32:02,HO2403-C-2350,HO2403-C-2350,399.4,0.0,0.0,0.0,9,386.2,394.8,6,399.4,376.6,0.0,0.0,0.0,0.0,48
2023-05-10 09:32:03,HO2403-C-2350,HO2403-C-2350,399.4,0.0,0.0,0.0,6,386.2,394.8,6,399.4,376.6,0.0,0.0,0.0,0.0,48
2023-05-10 09:32:05,HO2403-C-2350,HO2403-C-2350,399.4,0.0,0.0,0.0,6,385.8,394.8,6,399.4,376.6,0.0,0.0,0.0,0.0,48
2023-05-10 09:32:06,HO2403-C-2350,HO2403-C-2350,399.4,0.0,0.0,0.0,3,386.0,394.8,6,399.4,376.6,0.0,0.0,0.0,0.0,48
2023-05-10 09:32:07,HO2403-C-2350,HO2403-C-2350,399.4,0.0,0.0,0.0,6,385.8,394.8,6,399.4,376.6,0.0,0.0,0.0,0.0,48
2023-05-10 09:32:09,HO2403-C-2350,HO2403-C-2350,399.4,0.0,0.0,0.0,9,385.8,394.8,6,399.4,376.6,0.0,0.0,0.0,0.0,48
2023-05-10 09:32:12,HO2403-C-2350,HO2403-C-2350,399.4,0.0,0.0,0.0,6,385.8,394.8,6,399.4,376.6,0.0,0.0,0.0,0.0,48
2023-05-10 09:32:14,HO2403-C-2350,HO2403-C-2350,399.4,0.0,0.0,0.0,3,386.0,394.8,6,399.4,376.6,0.0,0.0,0.0,0.0,48
2023-05-10 09:32:14,HO2403-C-2350,HO2403-C-2350,399.4,0.0,0.0,0.0,6,386.2,394.8,6,399.4,376.6,0.0,0.0,0.0,0.0,48
2023-05-10 09:32:15,HO2403-C-2350,HO2403-C-2350,399.4,0.0,0.0,0.0,3,386.4,394.8,6,399.4,376.6,0.0,0.0,0.0,0.0,48
2023-05-10 09:32:15,HO2403-C-2350,HO2403-C-2350,399.4,0.0,0.0,0.0,6,386.6,394.8,6,399.4,376.6,0.0,0.0,0.0,0.0,48
2023-05-10 09:32:17,HO2403-C-2350,HO2403-C-2350,399.4,0.0,0.0,0.0,6,386.6,394.8,7,399.4,376.6,0.0,0.0,0.0,0.0,48
2023-05-10 09:32:19,HO2403-C-2350,HO2403-C-2350,399.4,0.0,0.0,0.0,3,386.8,394.8,1,399.4,376.6,0.0,0.0,0.0,0.0,48
2023-05-10 09:32:20,HO2403-C-2350,HO2403-C-2350,399.4,0.0,0.0,0.0,6,387.0,394.8,1,399.4,376.6,0.0,0.0,0.0,0.0,48
2023-05-10 09:32:26,HO2403-C-2350,HO2403-C-2350,399.4,0.0,0.0,0.0,6,385.8,394.8,1,399.4,376.6,0.0,0.0,0.0,0.0,48
2023-05-10 09:32:27,HO2403-C-2350,HO2403-C-2350,399.4,0.0,0.0,0.0,6,385.8,394.6,1,399.4,376.6,0.0,0.0,0.0,0.0,48
2023-05-10 09:32:30,HO2403-C-2350,HO2403-C-2350,399.4,0.0,0.0,0.0,3,386.0,394.6,1,399.4,376.6,0.0,0.0,0.0,0.0,48
2023-05-10 09:32:31,HO2403-C-2350,HO2403-C-2350,399.4,0.0,0.0,0.0,6,386.2,394.6,1,399.4,376.6,0.0,0.0,0.0,0.0,48
2023-05-10 09:32:36,HO2403-C-2350,HO2403-C-2350,399.4,0.0,0.0,0.0,6,385.8,394.4,6,399.4,376.6,0.0,0.0,0.0,0.0,48
2023-05-10 09:32:37,HO2403-C-2350,HO2403-C-2350,399.4,0.0,0.0,0.0,6,385.8,394.4,7,399.4,376.6,0.0,0.0,0.0,0.0,48
2023-05-10 09:32:39,HO2403-C-2350,HO2403-C-2350,399.4,0.0,0.0,0.0,9,385.8,394.4,7,399.4,376.6,0.0,0.0,0.0,0.0,48
2023-05-10 09:32:40,HO2403-C-2350,HO2403-C-2350,399.4,0.0,0.0,0.0,6,385.8,394.4,7,399.4,376.6,0.0,0.0,0.0,0.0,48
2023-05-10 09:32:41,HO2403-C-2350,HO2403-C-2350,399.4,0.0,0.0,0.0,9,385.8,394.4,7,399.4,376.6,0.0,0.0,0.0,0.0,48
2023-05-10 09:32:44,HO2403-C-2350,HO2403-C-2350,399.4,0.0,0.0,0.0,6,385.8,394.4,7,399.4,376.6,0.0,0.0,0.0,0.0,48
2023-05-10 09:32:47,HO2403-C-2350,HO2403-C-2350,399.4,0.0,0.0,0.0,6,385.8,394.2,1,399.4,376.6,0.0,0.0,0.0,0.0,48
2023-05-10 09:32:48,HO2403-C-2350,HO2403-C-2350,399.4,0.0,0.0,0.0,9,385.8,394.2,1,399.4,376.6,0.0,0.0,0.0,0.0,48
2023-05-10 09:32:54,HO2403-C-2350,HO2403-C-2350,399.4,0.0,0.0,0.0,6,386.0,394.2,1,399.4,376.6,0.0,0.0,0.0,0.0,48
2023-05-10 09:32:54,HO2403-C-2350,HO2403-C-2350,399.4,0.0,0.0,0.0,7,386.0,394.2,1,399.4,376.6,0.0,0.0,0.0,0.0,48
2023-05-10 09:32:55,HO2403-C-2350,HO2403-C-2350,399.4,0.0,0.0,0.0,3,386.2,394.2,1,399.4,376.6,0.0,0.0,0.0,0.0,48
2023-05-10 09:32:56,HO2403-C-2350,HO2403-C-2350,399.4,0.0,0.0,0.0,1,388.8,394.2,1,399.4,376.6,0.0,0.0,0.0,0.0,48
2023-05-10 09:32:58,HO2403-C-2350,HO2403-C-2350,399.4,0.0,0.0,0.0,1,388.8,394.8,1,399.4,376.6,0.0,0.0,0.0,0.0,48
2023-05-10 09:32:58,HO2403-C-2350,HO2403-C-2350,399.4,0.0,0.0,0.0,6,389.0,394.8,1,399.4,376.6,0.0,0.0,0.0,0.0,48
2023-05-10 09:33:03,HO2403-C-2350,HO2403-C-2350,399.4,0.0,0.0,0.0,1,390.4,396.0,18,399.4,376.6,0.0,0.0,0.0,0.0,48
2023-05-10 09:33:04,HO2403-C-2350,HO2403-C-2350,399.4,0.0,0.0,0.0,1,390.4,396.0,7,399.4,376.6,0.0,0.0,0.0,0.0,48
2023-05-10 09:33:04,HO2403-C-2350,HO2403-C-2350,399.4,0.0,0.0,0.0,1,390.4,396.0,1,399.4,376.6,0.0,0.0,0.0,0.0,48
2023-05-10 09:33:07,HO2403-C-2350,HO2403-C-2350,399.4,0.0,0.0,0.0,6,390.2,396.0,1,399.4,376.6,0.0,0.0,0.0,0.0,48
2023-05-10 09:33:12,HO2403-C-2350,HO2403-C-2350,399.4,0.0,0.0,0.0,6,390.2,396.6,1,399.4,376.6,0.0,0.0,0.0,0.0,48
2023-05-10 09:33:14,HO2403-C-2350,HO2403-C-2350,399.4,0.0,0.0,0.0,1,391.2,396.6,1,399.4,376.6,0.0,0.0,0.0,0.0,48
2023-05-10 09:33:16,HO2403-C-2350,HO2403-C-2350,399.4,0.0,0.0,0.0,7,391.2,396.6,1,399.4,376.6,0.0,0.0,0.0,0.0,48
2023-05-10 09:33:17,HO2403-C-2350,HO2403-C-2350,399.4,0.0,0.0,0.0,7,391.2,397.4,1,399.4,376.6,0.0,0.0,0.0,0.0,48
2023-05-10 09:33:19,HO2403-C-2350,HO2403-C-2350,399.4,0.0,0.0,0.0,7,391.2,397.8,18,399.4,376.6,0.0,0.0,0.0,0.0,48
2023-05-10 09:33:20,HO2403-C-2350,HO2403-C-2350,399.4,0.0,0.0,0.0,6,391.4,397.8,6,399.4,376.6,0.0,0.0,0.0,0.0,48
2023-05-10 09:33:20,HO2403-C-2350,HO2403-C-2350,399.4,0.0,0.0,0.0,6,391.4,398.2,18,399.4,376.6,0.0,0.0,0.0,0.0,48
2023-05-10 09:33:21,HO2403-C-2350,HO2403-C-2350,399.4,0.0,0.0,0.0,6,391.4,398.2,6,399.4,376.6,0.0,0.0,0.0,0.0,48
2023-05-10 09:33:21,HO2403-C-2350,HO2403-C-2350,399.4,0.0,0.0,0.0,1,392.8,398.8,18,399.4,376.6,0.0,0.0,0.0,0.0,48
2023-05-10 09:33:22,HO2403-C-2350,HO2403-C-2350,399.4,0.0,0.0,0.0,1,392.8,398.8,6,399.4,376.6,0.0,0.0,0.0,0.0,48
2023-05-10 09:33:22,HO2403-C-2350,HO2403-C-2350,399.4,0.0,0.0,0.0,1,392.8,399.0,6,399.4,376.6,0.0,0.0,0.0,0.0,48
2023-05-10 09:33:23,HO2403-C-2350,HO2403-C-2350,399.4,0.0,0.0,0.0,1,392.8,399.2,6,399.4,376.6,0.0,0.0,0.0,0.0,48
2023-05-10 09:33:34,HO2403-C-2350,HO2403-C-2350,399.4,0.0,0.0,0.0,1,392.8,399.6,6,399.4,376.6,0.0,0.0,0.0,0.0,48
2023-05-10 09:33:38,HO2403-C-2350,HO2403-C-2350,399.4,0.0,0.0,0.0,6,393.0,399.8,13,399.4,376.6,0.0,0.0,0.0,0.0,48
2023-05-10 09:33:38,HO2403-C-2350,HO2403-C-2350,399.4,0.0,0.0,0.0,6,393.0,399.0,1,399.4,376.6,0.0,0.0,0.0,0.0,48
2023-05-10 09:33:42,HO2403-C-2350,HO2403-C-2350,399.4,0.0,0.0,0.0,18,392.6,399.0,7,399.4,376.6,0.0,0.0,0.0,0.0,48
2023-05-10 09:33:42,HO2403-C-2350,HO2403-C-2350,399.4,0.0,0.0,0.0,6,392.6,399.0,7,399.4,376.6,0.0,0.0,0.0,0.0,48
2023-05-10 09:33:43,HO2403-C-2350,HO2403-C-2350,399.4,0.0,0.0,0.0,6,392.2,399.0,7,399.4,376.6,0.0,0.0,0.0,0.0,48
2023-05-10 09:33:52,HO2403-C-2350,HO2403-C-2350,399.4,0.0,0.0,0.0,6,392.2,398.4,1,399.4,376.6,0.0,0.0,0.0,0.0,48
2023-05-10 09:33:53,HO2403-C-2350,HO2403-C-2350,399.4,0.0,0.0,0.0,6,392.2,398.4,2,399.4,376.6,0.0,0.0,0.0,0.0,48
2023-05-10 09:33:54,HO2403-C-2350,HO2403-C-2350,399.4,0.0,0.0,0.0,6,392.2,398.4,1,399.4,376.6,0.0,0.0,0.0,0.0,48
2023-05-10 09:33:55,HO2403-C-2350,HO2403-C-2350,399.4,0.0,0.0,0.0,6,392.2,398.2,1,399.4,376.6,0.0,0.0,0.0,0.0,48
2023-05-10 09:33:58,HO2403-C-2350,HO2403-C-2350,399.4,0.0,0.0,0.0,6,392.2,398.2,2,399.4,376.6,0.0,0.0,0.0,0.0,48
2023-05-10 09:34:01,HO2403-C-2350,HO2403-C-2350,399.4,0.0,0.0,0.0,6,392.2,397.6,1,399.4,376.6,0.0,0.0,0.0,0.0,48
2023-05-10 09:34:05,HO2403-C-2350,HO2403-C-2350,399.4,0.0,0.0,0.0,12,391.8,397.6,1,399.4,376.6,0.0,0.0,0.0,0.0,48
2023-05-10 09:34:06,HO2403-C-2350,HO2403-C-2350,399.4,0.0,0.0,0.0,18,391.6,397.6,1,399.4,376.6,0.0,0.0,0.0,0.0,48
2023-05-10 09:34:06,HO2403-C-2350,HO2403-C-2350,399.4,0.0,0.0,0.0,12,391.6,397.6,1,399.4,376.6,0.0,0.0,0.0,0.0,48
2023-05-10 09:34:07,HO2403-C-2350,HO2403-C-2350,399.4,0.0,0.0,0.0,18,391.4,397.6,1,399.4,376.6,0.0,0.0,0.0,0.0,48
2023-05-10 09:34:08,HO2403-C-2350,HO2403-C-2350,399.4,0.0,0.0,0.0,18,391.4,397.6,2,399.4,376.6,0.0,0.0,0.0,0.0,48
2023-05-10 09:34:09,HO2403-C-2350,HO2403-C-2350,399.4,0.0,0.0,0.0,18,391.4,396.4,1,399.4,376.6,0.0,0.0,0.0,0.0,48
2023-05-10 09:34:15,HO2403-C-2350,HO2403-C-2350,399.4,0.0,0.0,0.0,12,391.4,396.4,1,399.4,376.6,0.0,0.0,0.0,0.0,48
2023-05-10 09:34:15,HO2403-C-2350,HO2403-C-2350,399.4,0.0,0.0,0.0,6,391.4,396.4,1,399.4,376.6,0.0,0.0,0.0,0.0,48
2023-05-10 09:34:23,HO2403-C-2350,HO2403-C-2350,399.4,0.0,0.0,0.0,6,391.4,396.4,2,399.4,376.6,0.0,0.0,0.0,0.0,48
2023-05-10 09:34:24,HO2403-C-2350,HO2403-C-2350,399.4,0.0,0.0,0.0,6,391.4,395.6,1,399.4,376.6,0.0,0.0,0.0,0.0,48
2023-05-10 09:34:25,HO2403-C-2350,HO2403-C-2350,399.4,0.0,0.0,0.0,12,390.8,395.6,1,399.4,376.6,0.0,0.0,0.0,0.0,48
2023-05-10 09:34:25,HO2403-C-2350,HO2403-C-2350,399.4,0.0,0.0,0.0,12,390.6,395.6,1,399.4,376.6,0.0,0.0,0.0,0.0,48
2023-05-10 09:34:26,HO2403-C-2350,HO2403-C-2350,399.4,0.0,0.0,0.0,24,390.4,395.6,1,399.4,376.6,0.0,0.0,0.0,0.0,48
2023-05-10 09:34:26,HO2403-C-2350,HO2403-C-2350,399.4,0.0,0.0,0.0,12,390.4,395.6,1,399.4,376.6,0.0,0.0,0.0,0.0,48
2023-05-10 09:34:27,HO2403-C-2350,HO2403-C-2350,399.4,0.0,0.0,0.0,6,390.4,395.6,1,399.4,376.6,0.0,0.0,0.0,0.0,48
2023-05-10 09:34:35,HO2403-C-2350,HO2403-C-2350,399.4,0.0,0.0,0.0,12,390.0,395.6,1,399.4,376.6,0.0,0.0,0.0,0.0,48
2023-05-10 09:34:35,HO2403-C-2350,HO2403-C-2350,399.4,0.0,0.0,0.0,12,389.4,395.6,1,399.4,376.6,0.0,0.0,0.0,0.0,48
2023-05-10 09:34:36,HO2403-C-2350,HO2403-C-2350,399.4,0.0,0.0,0.0,6,389.4,395.6,1,399.4,376.6,0.0,0.0,0.0,0.0,48
2023-05-10 09:34:43,HO2403-C-2350,HO2403-C-2350,399.4,0.0,0.0,0.0,6,389.4,395.6,2,399.4,376.6,0.0,0.0,0.0,0.0,48
2023-05-10 09:34:45,HO2403-C-2350,HO2403-C-2350,399.4,0.0,0.0,0.0,6,389.4,395.0,1,399.4,376.6,0.0,0.0,0.0,0.0,48
2023-05-10 09:34:48,HO2403-C-2350,HO2403-C-2350,399.4,0.0,0.0,0.0,6,389.4,395.6,1,399.4,376.6,0.0,0.0,0.0,0.0,48
2023-05-10 09:34:53,HO2403-C-2350,HO2403-C-2350,399.4,0.0,0.0,0.0,6,389.4,395.4,1,399.4,376.6,0.0,0.0,0.0,0.0,48
2023-05-10 09:35:02,HO2403-C-2350,HO2403-C-2350,399.4,0.0,0.0,0.0,6,389.4,395.0,1,399.4,376.6,0.0,0.0,0.0,0.0,48
2023-05-10 09:35:02,HO2403-C-2350,HO2403-C-2350,399.4,0.0,0.0,0.0,12,389.0,394.8,6,399.4,376.6,0.0,0.0,0.0,0.0,48
2023-05-10 09:35:03,HO2403-C-2350,HO2403-C-2350,399.4,0.0,0.0,0.0,18,388.2,394.8,6,399.4,376.6,0.0,0.0,0.0,0.0,48
2023-05-10 09:35:03,HO2403-C-2350,HO2403-C-2350,399.4,0.0,0.0,0.0,12,388.2,394.8,6,399.4,376.6,0.0,0.0,0.0,0.0,48
2023-05-10 09:35:04,HO2403-C-2350,HO2403-C-2350,399.4,0.0,0.0,0.0,6,388.2,394.8,6,399.4,376.6,0.0,0.0,0.0,0.0,48
2023-05-10 09:35:04,HO2403-C-2350,HO2403-C-2350,399.4,0.0,0.0,0.0,6,388.2,394.2,1,399.4,376.6,0.0,0.0,0.0,0.0,48
2023-05-10 09:35:12,HO2403-C-2350,HO2403-C-2350,399.4,0.0,0.0,0.0,6,388.2,394.2,2,399.4,376.6,0.0,0.0,0.0,0.0,48
2023-05-10 09:35:17,HO2403-C-2350,HO2403-C-2350,399.4,0.0,0.0,0.0,12,388.0,393.4,1,399.4,376.6,0.0,0.0,0.0,0.0,48
2023-05-10 09:35:18,HO2403-C-2350,HO2403-C-2350,399.4,0.0,0.0,0.0,30,387.2,393.4,1,399.4,376.6,0.0,0.0,0.0,0.0,48
2023-05-10 09:35:18,HO2403-C-2350,HO2403-C-2350,399.4,0.0,0.0,0.0,24,387.2,393.4,1,399.4,376.6,0.0,0.0,0.0,0.0,48
2023-05-10 09:35:19,HO2403-C-2350,HO2403-C-2350,399.4,0.0,0.0,0.0,18,387.2,393.4,1,399.4,376.6,0.0,0.0,0.0,0.0,48
2023-05-10 09:35:27,HO2403-C-2350,HO2403-C-2350,399.4,0.0,0.0,0.0,24,387.2,393.4,1,399.4,376.6,0.0,0.0,0.0,0.0,48
2023-05-10 09:35:27,HO2403-C-2350,HO2403-C-2350,399.4,0.0,0.0,0.0,24,387.2,393.4,2,399.4,376.6,0.0,0.0,0.0,0.0,48
2023-05-10 09:35:29,HO2403-C-2350,HO2403-C-2350,399.4,0.0,0.0,0.0,18,387.2,393.4,2,399.4,376.6,0.0,0.0,0.0,0.0,48
2023-05-10 09:35:31,HO2403-C-2350,HO2403-C-2350,399.4,0.0,0.0,0.0,18,387.2,392.6,1,399.4,376.6,0.0,0.0,0.0,0.0,48
2023-05-10 09:35:35,HO2403-C-2350,HO2403-C-2350,399.4,0.0,0.0,0.0,24,387.2,392.6,1,399.4,376.6,0.0,0.0,0.0,0.0,48
2023-05-10 09:35:37,HO2403-C-2350,HO2403-C-2350,399.4,0.0,0.0,0.0,18,387.2,392.6,1,399.4,376.6,0.0,0.0,0.0,0.0,48
2023-05-10 09:35:46,HO2403-C-2350,HO2403-C-2350,399.4,0.0,0.0,0.0,24,387.2,392.6,1,399.4,376.6,0.0,0.0,0.0,0.0,48
2023-05-10 09:35:46,HO2403-C-2350,HO2403-C-2350,399.4,0.0,0.0,0.0,18,387.2,393.4,1,399.4,376.6,0.0,0.0,0.0,0.0,48
2023-05-10 09:35:47,HO2403-C-2350,HO2403-C-2350,399.4,0.0,0.0,0.0,18,387.2,393.2,1,399.4,376.6,0.0,0.0,0.0,0.0,48
2023-05-10 09:35:47,HO2403-C-2350,HO2403-C-2350,399.4,0.0,0.0,0.0,24,387.2,393.2,1,399.4,376.6,0.0,0.0,0.0,0.0,48
2023-05-10 09:35:52,HO2403-C-2350,HO2403-C-2350,399.4,0.0,0.0,0.0,18,387.2,393.2,1,399.4,376.6,0.0,0.0,0.0,0.0,48
2023-05-10 09:35:52,HO2403-C-2350,HO2403-C-2350,399.4,0.0,0.0,0.0,24,387.2,393.2,1,399.4,376.6,0.0,0.0,0.0,0.0,48
2023-05-10 09:35:56,HO2403-C-2350,HO2403-C-2350,399.4,0.0,0.0,0.0,18,387.2,393.2,1,399.4,376.6,0.0,0.0,0.0,0.0,48
2023-05-10 09:35:56,HO2403-C-2350,HO2403-C-2350,399.4,0.0,0.0,0.0,18,387.2,392.8,1,399.4,376.6,0.0,0.0,0.0,0.0,48
2023-05-10 09:35:58,HO2403-C-2350,HO2403-C-2350,399.4,0.0,0.0,0.0,24,387.2,392.8,1,399.4,376.6,0.0,0.0,0.0,0.0,48
2023-05-10 09:35:59,HO2403-C-2350,HO2403-C-2350,399.4,0.0,0.0,0.0,24,387.2,393.2,1,399.4,376.6,0.0,0.0,0.0,0.0,48
2023-05-10 09:35:59,HO2403-C-2350,HO2403-C-2350,399.4,0.0,0.0,0.0,24,387.2,393.0,1,399.4,376.6,0.0,0.0,0.0,0.0,48
2023-05-10 09:36:10,HO2403-C-2350,HO2403-C-2350,399.4,0.0,0.0,0.0,9,387.4,393.8,12,399.4,376.6,0.0,0.0,0.0,0.0,48
2023-05-10 09:36:10,HO2403-C-2350,HO2403-C-2350,399.4,0.0,0.0,0.0,9,387.4,394.0,13,399.4,376.6,0.0,0.0,0.0,0.0,48
2023-05-10 09:36:11,HO2403-C-2350,HO2403-C-2350,399.4,0.0,0.0,0.0,9,387.4,394.0,7,399.4,376.6,0.0,0.0,0.0,0.0,48
2023-05-10 09:36:11,HO2403-C-2350,HO2403-C-2350,399.4,0.0,0.0,0.0,9,387.4,394.0,1,399.4,376.6,0.0,0.0,0.0,0.0,48
2023-05-10 09:36:12,HO2403-C-2350,HO2403-C-2350,399.4,0.0,0.0,0.0,6,387.6,394.0,1,399.4,376.6,0.0,0.0,0.0,0.0,48
2023-05-10 09:36:21,HO2403-C-2350,HO2403-C-2350,399.4,0.0,0.0,0.0,6,387.6,393.8,1,399.4,376.6,0.0,0.0,0.0,0.0,48
2023-05-10 09:36:26,HO2403-C-2350,HO2403-C-2350,399.4,0.0,0.0,0.0,18,387.2,393.6,6,399.4,376.6,0.0,0.0,0.0,0.0,48
2023-05-10 09:36:27,HO2403-C-2350,HO2403-C-2350,399.4,0.0,0.0,0.0,6,387.4,393.8,1,399.4,376.6,0.0,0.0,0.0,0.0,48
2023-05-10 09:36:31,HO2403-C-2350,HO2403-C-2350,399.4,0.0,0.0,0.0,6,387.4,393.4,1,399.4,376.6,0.0,0.0,0.0,0.0,48
2023-05-10 09:36:31,HO2403-C-2350,HO2403-C-2350,399.4,0.0,0.0,0.0,18,387.2,393.2,6,399.4,376.6,0.0,0.0,0.0,0.0,48
2023-05-10 09:36:32,HO2403-C-2350,HO2403-C-2350,399.4,0.0,0.0,0.0,12,387.2,393.2,6,399.4,376.6,0.0,0.0,0.0,0.0,48
2023-05-10 09:36:32,HO2403-C-2350,HO2403-C-2350,399.4,0.0,0.0,0.0,6,387.2,393.2,12,399.4,376.6,0.0,0.0,0.0,0.0,48
2023-05-10 09:36:35,HO2403-C-2350,HO2403-C-2350,399.4,0.0,0.0,0.0,6,387.2,393.2,6,399.4,376.6,0.0,0.0,0.0,0.0,48
2023-05-10 09:36:37,HO2403-C-2350,HO2403-C-2350,399.4,0.0,0.0,0.0,6,387.4,393.6,13,399.4,376.6,0.0,0.0,0.0,0.0,48
2023-05-10 09:36:38,HO2403-C-2350,HO2403-C-2350,399.4,0.0,0.0,0.0,6,387.4,393.6,7,399.4,376.6,0.0,0.0,0.0,0.0,48
2023-05-10 09:36:38,HO2403-C-2350,HO2403-C-2350,399.4,0.0,0.0,0.0,6,387.4,393.6,1,399.4,376.6,0.0,0.0,0.0,0.0,48
2023-05-10 09:36:41,HO2403-C-2350,HO2403-C-2350,399.4,0.0,0.0,0.0,6,387.4,393.4,1,399.4,376.6,0.0,0.0,0.0,0.0,48
2023-05-10 09:36:47,HO2403-C-2350,HO2403-C-2350,399.4,0.0,0.0,0.0,18,387.2,393.2,6,399.4,376.6,0.0,0.0,0.0,0.0,48
2023-05-10 09:36:47,HO2403-C-2350,HO2403-C-2350,399.4,0.0,0.0,0.0,12,387.2,393.2,6,399.4,376.6,0.0,0.0,0.0,0.0,48
2023-05-10 09:36:48,HO2403-C-2350,HO2403-C-2350,399.4,0.0,0.0,0.0,6,387.2,393.2,6,399.4,376.6,0.0,0.0,0.0,0.0,48
2023-05-10 09:36:55,HO2403-C-2350,HO2403-C-2350,399.4,0.0,0.0,0.0,6,387.2,393.2,7,399.4,376.6,0.0,0.0,0.0,0.0,48
2023-05-10 09:36:57,HO2403-C-2350,HO2403-C-2350,399.4,0.0,0.0,0.0,6,387.2,392.0,1,399.4,376.6,0.0,0.0,0.0,0.0,48
2023-05-10 09:37:09,HO2403-C-2350,HO2403-C-2350,399.4,0.0,0.0,0.0,6,387.2,392.2,1,399.4,376.6,0.0,0.0,0.0,0.0,48
2023-05-10 09:37:09,HO2403-C-2350,HO2403-C-2350,399.4,0.0,0.0,0.0,6,387.2,392.0,1,399.4,376.6,0.0,0.0,0.0,0.0,48
2023-05-10 09:37:12,HO2403-C-2350,HO2403-C-2350,399.4,0.0,0.0,0.0,6,387.2,392.6,1,399.4,376.6,0.0,0.0,0.0,0.0,48
2023-05-10 09:37:21,HO2403-C-2350,HO2403-C-2350,399.4,0.0,0.0,0.0,6,387.2,393.2,13,399.4,376.6,0.0,0.0,0.0,0.0,48
2023-05-10 09:37:21,HO2403-C-2350,HO2403-C-2350,399.4,0.0,0.0,0.0,6,387.2,393.2,7,399.4,376.6,0.0,0.0,0.0,0.0,48
2023-05-10 09:37:32,HO2403-C-2350,HO2403-C-2350,399.4,0.0,0.0,0.0,6,387.2,392.4,1,399.4,376.6,0.0,0.0,0.0,0.0,48
2023-05-10 09:37:43,HO2403-C-2350,HO2403-C-2350,399.4,0.0,0.0,0.0,18,386.4,392.4,1,399.4,376.6,0.0,0.0,0.0,0.0,48
2023-05-10 09:37:44,HO2403-C-2350,HO2403-C-2350,399.4,0.0,0.0,0.0,12,386.4,392.4,1,399.4,376.6,0.0,0.0,0.0,0.0,48
2023-05-10 09:37:44,HO2403-C-2350,HO2403-C-2350,399.4,0.0,0.0,0.0,6,386.4,392.4,1,399.4,376.6,0.0,0.0,0.0,0.0,48
2023-05-10 09:37:45,HO2403-C-2350,HO2403-C-2350,399.4,0.0,0.0,0.0,6,385.8,392.4,1,399.4,376.6,0.0,0.0,0.0,0.0,48
2023-05-10 09:37:58,HO2403-C-2350,HO2403-C-2350,399.4,0.0,0.0,0.0,6,385.8,392.4,2,399.4,376.6,0.0,0.0,0.0,0.0,48
2023-05-10 09:38:01,HO2403-C-2350,HO2403-C-2350,399.4,0.0,0.0,0.0,3,386.0,392.4,1,399.4,376.6,0.0,0.0,0.0,0.0,48
2023-05-10 09:38:01,HO2403-C-2350,HO2403-C-2350,399.4,0.0,0.0,0.0,9,385.8,392.4,1,399.4,376.6,0.0,0.0,0.0,0.0,48
2023-05-10 09:38:02,HO2403-C-2350,HO2403-C-2350,399.4,0.0,0.0,0.0,9,385.8,392.8,6,399.4,376.6,0.0,0.0,0.0,0.0,48
2023-05-10 09:38:03,HO2403-C-2350,HO2403-C-2350,399.4,0.0,0.0,0.0,9,385.8,393.0,19,399.4,376.6,0.0,0.0,0.0,0.0,48
2023-05-10 09:38:04,HO2403-C-2350,HO2403-C-2350,399.4,0.0,0.0,0.0,9,385.8,393.0,13,399.4,376.6,0.0,0.0,0.0,0.0,48
2023-05-10 09:38:05,HO2403-C-2350,HO2403-C-2350,399.4,0.0,0.0,0.0,9,385.8,393.0,7,399.4,376.6,0.0,0.0,0.0,0.0,48
2023-05-10 09:38:06,HO2403-C-2350,HO2403-C-2350,399.4,0.0,0.0,0.0,9,385.8,393.0,1,399.4,376.6,0.0,0.0,0.0,0.0,48
2023-05-10 09:38:09,HO2403-C-2350,HO2403-C-2350,399.4,0.0,0.0,0.0,9,385.8,393.2,18,399.4,376.6,0.0,0.0,0.0,0.0,48
2023-05-10 09:38:10,HO2403-C-2350,HO2403-C-2350,399.4,0.0,0.0,0.0,9,385.8,393.2,12,399.4,376.6,0.0,0.0,0.0,0.0,48
2023-05-10 09:38:10,HO2403-C-2350,HO2403-C-2350,399.4,0.0,0.0,0.0,6,386.0,393.4,12,399.4,376.6,0.0,0.0,0.0,0.0,48
2023-05-10 09:38:11,HO2403-C-2350,HO2403-C-2350,399.4,0.0,0.0,0.0,3,386.2,393.6,18,399.4,376.6,0.0,0.0,0.0,0.0,48
2023-05-10 09:38:11,HO2403-C-2350,HO2403-C-2350,399.4,0.0,0.0,0.0,6,386.4,393.6,12,399.4,376.6,0.0,0.0,0.0,0.0,48
2023-05-10 09:38:12,HO2403-C-2350,HO2403-C-2350,399.4,0.0,0.0,0.0,3,386.6,393.6,6,399.4,376.6,0.0,0.0,0.0,0.0,48
2023-05-10 09:38:12,HO2403-C-2350,HO2403-C-2350,399.4,0.0,0.0,0.0,6,386.8,393.6,6,399.4,376.6,0.0,0.0,0.0,0.0,48
2023-05-10 09:38:14,HO2403-C-2350,HO2403-C-2350,399.4,0.0,0.0,0.0,6,386.8,393.8,12,399.4,376.6,0.0,0.0,0.0,0.0,48
2023-05-10 09:38:14,HO2403-C-2350,HO2403-C-2350,399.4,0.0,0.0,0.0,6,386.8,394.0,12,399.4,376.6,0.0,0.0,0.0,0.0,48
2023-05-10 09:38:15,HO2403-C-2350,HO2403-C-2350,399.4,0.0,0.0,0.0,9,385.8,393.8,6,399.4,376.6,0.0,0.0,0.0,0.0,48
2023-05-10 09:38:19,HO2403-C-2350,HO2403-C-2350,399.4,0.0,0.0,0.0,9,385.8,393.8,7,399.4,376.6,0.0,0.0,0.0,0.0,48
2023-05-10 09:38:21,HO2403-C-2350,HO2403-C-2350,399.4,0.0,0.0,0.0,9,385.8,393.2,1,399.4,376.6,0.0,0.0,0.0,0.0,48
2023-05-10 09:38:25,HO2403-C-2350,HO2403-C-2350,399.4,0.0,0.0,0.0,6,385.8,393.2,1,399.4,376.6,0.0,0.0,0.0,0.0,48
2023-05-10 09:38:29,HO2403-C-2350,HO2403-C-2350,399.4,0.0,0.0,0.0,6,385.8,393.2,2,399.4,376.6,0.0,0.0,0.0,0.0,48
2023-05-10 09:38:29,HO2403-C-2350,HO2403-C-2350,399.4,0.0,0.0,0.0,6,385.8,391.6,1,399.4,376.6,0.0,0.0,0.0,0.0,48
2023-05-10 09:38:36,HO2403-C-2350,HO2403-C-2350,399.4,0.0,0.0,0.0,3,386.0,392.4,1,399.4,376.6,0.0,0.0,0.0,0.0,48
2023-05-10 09:38:37,HO2403-C-2350,HO2403-C-2350,399.4,0.0,0.0,0.0,6,386.2,392.8,6,399.4,376.6,0.0,0.0,0.0,0.0,48
2023-05-10 09:38:37,HO2403-C-2350,HO2403-C-2350,399.4,0.0,0.0,0.0,6,386.2,393.2,7,399.4,376.6,0.0,0.0,0.0,0.0,48
2023-05-10 09:38:38,HO2403-C-2350,HO2403-C-2350,399.4,0.0,0.0,0.0,9,385.8,393.2,7,399.4,376.6,0.0,0.0,0.0,0.0,48
2023-05-10 09:38:42,HO2403-C-2350,HO2403-C-2350,399.4,0.0,0.0,0.0,6,385.8,393.2,7,399.4,376.6,0.0,0.0,0.0,0.0,48
2023-05-10 09:38:44,HO2403-C-2350,HO2403-C-2350,399.4,0.0,0.0,0.0,3,386.0,393.2,7,399.4,376.6,0.0,0.0,0.0,0.0,48
2023-05-10 09:38:44,HO2403-C-2350,HO2403-C-2350,399.4,0.0,0.0,0.0,6,386.2,393.2,1,399.4,376.6,0.0,0.0,0.0,0.0,48
2023-05-10 09:38:47,HO2403-C-2350,HO2403-C-2350,399.4,0.0,0.0,0.0,9,385.8,393.2,7,399.4,376.6,0.0,0.0,0.0,0.0,48
2023-05-10 09:38:52,HO2403-C-2350,HO2403-C-2350,399.4,0.0,0.0,0.0,9,385.8,393.2,6,399.4,376.6,0.0,0.0,0.0,0.0,48
2023-05-10 09:38:56,HO2403-C-2350,HO2403-C-2350,399.4,0.0,0.0,0.0,6,386.0,393.4,12,399.4,376.6,0.0,0.0,0.0,0.0,48
2023-05-10 09:38:56,HO2403-C-2350,HO2403-C-2350,399.4,0.0,0.0,0.0,3,386.2,394.0,19,399.4,376.6,0.0,0.0,0.0,0.0,48
2023-05-10 09:38:57,HO2403-C-2350,HO2403-C-2350,399.4,0.0,0.0,0.0,6,386.4,394.0,19,399.4,376.6,0.0,0.0,0.0,0.0,48
2023-05-10 09:38:57,HO2403-C-2350,HO2403-C-2350,399.4,0.0,0.0,0.0,9,386.4,394.0,19,399.4,376.6,0.0,0.0,0.0,0.0,48
2023-05-10 09:39:01,HO2403-C-2350,HO2403-C-2350,399.4,0.0,0.0,0.0,6,386.4,394.0,19,399.4,376.6,0.0,0.0,0.0,0.0,48
2023-05-10 09:39:01,HO2403-C-2350,HO2403-C-2350,399.4,0.0,0.0,0.0,6,386.0,393.6,1,399.4,376.6,0.0,0.0,0.0,0.0,48
2023-05-10 09:39:02,HO2403-C-2350,HO2403-C-2350,399.4,0.0,0.0,0.0,3,386.2,393.6,1,399.4,376.6,0.0,0.0,0.0,0.0,48
2023-05-10 09:39:02,HO2403-C-2350,HO2403-C-2350,399.4,0.0,0.0,0.0,9,386.0,393.6,1,399.4,376.6,0.0,0.0,0.0,0.0,48
2023-05-10 09:39:05,HO2403-C-2350,HO2403-C-2350,399.4,0.0,0.0,0.0,9,386.0,393.8,7,399.4,376.6,0.0,0.0,0.0,0.0,48
2023-05-10 09:39:08,HO2403-C-2350,HO2403-C-2350,399.4,0.0,0.0,0.0,1,388.0,393.8,7,399.4,376.6,0.0,0.0,0.0,0.0,48
2023-05-10 09:39:09,HO2403-C-2350,HO2403-C-2350,399.4,0.0,0.0,0.0,6,388.2,394.0,12,399.4,376.6,0.0,0.0,0.0,0.0,48
2023-05-10 09:39:09,HO2403-C-2350,HO2403-C-2350,399.4,0.0,0.0,0.0,7,388.2,394.2,12,399.4,376.6,0.0,0.0,0.0,0.0,48
2023-05-10 09:39:10,HO2403-C-2350,HO2403-C-2350,399.4,0.0,0.0,0.0,7,388.2,394.4,12,399.4,376.6,0.0,0.0,0.0,0.0,48
2023-05-10 09:39:10,HO2403-C-2350,HO2403-C-2350,399.4,0.0,0.0,0.0,7,388.2,394.6,12,399.4,376.6,0.0,0.0,0.0,0.0,48
2023-05-10 09:39:11,HO2403-C-2350,HO2403-C-2350,399.4,0.0,0.0,0.0,3,388.4,394.8,18,399.4,376.6,0.0,0.0,0.0,0.0,48
2023-05-10 09:39:11,HO2403-C-2350,HO2403-C-2350,399.4,0.0,0.0,0.0,13,388.2,394.8,6,399.4,376.6,0.0,0.0,0.0,0.0,48
2023-05-10 09:39:12,HO2403-C-2350,HO2403-C-2350,399.4,0.0,0.0,0.0,7,388.2,395.0,12,399.4,376.6,0.0,0.0,0.0,0.0,48
2023-05-10 09:39:12,HO2403-C-2350,HO2403-C-2350,399.4,0.0,0.0,0.0,7,388.2,395.2,30,399.4,376.6,0.0,0.0,0.0,0.0,48
2023-05-10 09:39:13,HO2403-C-2350,HO2403-C-2350,399.4,0.0,0.0,0.0,7,388.2,395.2,24,399.4,376.6,0.0,0.0,0.0,0.0,48
2023-05-10 09:39:14,HO2403-C-2350,HO2403-C-2350,399.4,0.0,0.0,0.0,6,388.2,395.2,25,399.4,376.6,0.0,0.0,0.0,0.0,48
2023-05-10 09:39:14,HO2403-C-2350,HO2403-C-2350,399.4,0.0,0.0,0.0,9,388.2,395.2,25,399.4,376.6,0.0,0.0,0.0,0.0,48
2023-05-10 09:39:15,HO2403-C-2350,HO2403-C-2350,399.4,0.0,0.0,0.0,6,388.2,395.2,25,399.4,376.6,0.0,0.0,0.0,0.0,48
2023-05-10 09:39:17,HO2403-C-2350,HO2403-C-2350,399.4,0.0,0.0,0.0,6,388.2,394.6,1,399.4,376.6,0.0,0.0,0.0,0.0,48
2023-05-10 09:39:19,HO2403-C-2350,HO2403-C-2350,399.4,0.0,0.0,0.0,24,387.8,394.4,6,399.4,376.6,0.0,0.0,0.0,0.0,48
2023-05-10 09:39:20,HO2403-C-2350,HO2403-C-2350,399.4,0.0,0.0,0.0,6,387.8,394.4,6,399.4,376.6,0.0,0.0,0.0,0.0,48
2023-05-10 09:39:20,HO2403-C-2350,HO2403-C-2350,399.4,0.0,0.0,0.0,30,387.4,393.6,1,399.4,376.6,0.0,0.0,0.0,0.0,48
2023-05-10 09:39:21,HO2403-C-2350,HO2403-C-2350,399.4,0.0,0.0,0.0,18,387.4,393.6,1,399.4,376.6,0.0,0.0,0.0,0.0,48
2023-05-10 09:39:22,HO2403-C-2350,HO2403-C-2350,399.4,0.0,0.0,0.0,12,387.4,393.6,1,399.4,376.6,0.0,0.0,0.0,0.0,48
2023-05-10 09:39:22,HO2403-C-2350,HO2403-C-2350,399.4,0.0,0.0,0.0,6,387.4,393.6,1,399.4,376.6,0.0,0.0,0.0,0.0,48
2023-05-10 09:39:23,HO2403-C-2350,HO2403-C-2350,399.4,0.0,0.0,0.0,6,386.8,393.6,1,399.4,376.6,0.0,0.0,0.0,0.0,48
2023-05-10 09:39:23,HO2403-C-2350,HO2403-C-2350,399.4,0.0,0.0,0.0,3,387.0,393.6,1,399.4,376.6,0.0,0.0,0.0,0.0,48
2023-05-10 09:39:24,HO2403-C-2350,HO2403-C-2350,399.4,0.0,0.0,0.0,6,387.2,393.6,1,399.4,376.6,0.0,0.0,0.0,0.0,48
2023-05-10 09:39:26,HO2403-C-2350,HO2403-C-2350,399.4,0.0,0.0,0.0,9,386.8,393.6,1,399.4,376.6,0.0,0.0,0.0,0.0,48
2023-05-10 09:39:27,HO2403-C-2350,HO2403-C-2350,399.4,0.0,0.0,0.0,6,386.8,393.6,1,399.4,376.6,0.0,0.0,0.0,0.0,48
2023-05-10 09:39:27,HO2403-C-2350,HO2403-C-2350,399.4,0.0,0.0,0.0,36,386.6,393.4,6,399.4,376.6,0.0,0.0,0.0,0.0,48
2023-05-10 09:39:28,HO2403-C-2350,HO2403-C-2350,399.4,0.0,0.0,0.0,18,386.6,393.4,6,399.4,376.6,0.0,0.0,0.0,0.0,48
2023-05-10 09:39:28,HO2403-C-2350,HO2403-C-2350,399.4,0.0,0.0,0.0,18,386.6,392.2,1,399.4,376.6,0.0,0.0,0.0,0.0,48
2023-05-10 09:39:32,HO2403-C-2350,HO2403-C-2350,399.4,0.0,0.0,0.0,18,386.6,392.2,2,399.4,376.6,0.0,0.0,0.0,0.0,48
2023-05-10 09:39:38,HO2403-C-2350,HO2403-C-2350,399.4,0.0,0.0,0.0,3,386.8,392.2,1,399.4,376.6,0.0,0.0,0.0,0.0,48
2023-05-10 09:39:38,HO2403-C-2350,HO2403-C-2350,399.4,0.0,0.0,0.0,22,386.6,393.4,7,399.4,376.6,0.0,0.0,0.0,0.0,48
2023-05-10 09:39:39,HO2403-C-2350,HO2403-C-2350,399.4,0.0,0.0,0.0,19,386.6,393.4,7,399.4,376.6,0.0,0.0,0.0,0.0,48
2023-05-10 09:39:40,HO2403-C-2350,HO2403-C-2350,399.4,0.0,0.0,0.0,18,386.6,393.4,7,399.4,376.6,0.0,0.0,0.0,0.0,48
2023-05-10 09:39:41,HO2403-C-2350,HO2403-C-2350,399.4,0.0,0.0,0.0,18,386.6,392.6,1,399.4,376.6,0.0,0.0,0.0,0.0,48
2023-05-10 09:39:44,HO2403-C-2350,HO2403-C-2350,399.4,0.0,0.0,0.0,9,386.8,392.6,1,399.4,376.6,0.0,0.0,0.0,0.0,48
2023-05-10 09:39:45,HO2403-C-2350,HO2403-C-2350,399.4,0.0,0.0,0.0,6,386.8,392.6,1,399.4,376.6,0.0,0.0,0.0,0.0,48
2023-05-10 09:39:48,HO2403-C-2350,HO2403-C-2350,399.4,0.0,0.0,0.0,18,386.6,392.6,1,399.4,376.6,0.0,0.0,0.0,0.0,48
2023-05-10 09:40:10,HO2403-C-2350,HO2403-C-2350,399.4,0.0,0.0,0.0,18,386.6,392.8,1,399.4,376.6,0.0,0.0,0.0,0.0,48
2023-05-10 09:40:12,HO2403-C-2350,HO2403-C-2350,399.4,0.0,0.0,0.0,6,386.8,393.2,6,399.4,376.6,0.0,0.0,0.0,0.0,48
2023-05-10 09:40:13,HO2403-C-2350,HO2403-C-2350,399.4,0.0,0.0,0.0,6,386.8,393.6,1,399.4,376.6,0.0,0.0,0.0,0.0,48
2023-05-10 09:40:19,HO2403-C-2350,HO2403-C-2350,399.4,0.0,0.0,0.0,12,386.6,393.4,6,399.4,376.6,0.0,0.0,0.0,0.0,48
2023-05-10 09:40:20,HO2403-C-2350,HO2403-C-2350,399.4,0.0,0.0,0.0,6,386.6,393.4,6,399.4,376.6,0.0,0.0,0.0,0.0,48
2023-05-10 09:40:21,HO2403-C-2350,HO2403-C-2350,399.4,0.0,0.0,0.0,6,386.6,393.0,1,399.4,376.6,0.0,0.0,0.0,0.0,48
2023-05-10 09:40:22,HO2403-C-2350,HO2403-C-2350,399.4,0.0,0.0,0.0,6,386.6,393.0,2,399.4,376.6,0.0,0.0,0.0,0.0,48
2023-05-10 09:40:26,HO2403-C-2350,HO2403-C-2350,399.4,0.0,0.0,0.0,6,386.6,392.2,1,399.4,376.6,0.0,0.0,0.0,0.0,48
2023-05-10 09:40:27,HO2403-C-2350,HO2403-C-2350,399.4,0.0,0.0,0.0,6,386.6,392.2,7,399.4,376.6,0.0,0.0,0.0,0.0,48
2023-05-10 09:40:31,HO2403-C-2350,HO2403-C-2350,399.4,0.0,0.0,0.0,6,386.6,391.2,1,399.4,376.6,0.0,0.0,0.0,0.0,48
2023-05-10 09:40:39,HO2403-C-2350,HO2403-C-2350,399.4,0.0,0.0,0.0,6,386.6,391.8,1,399.4,376.6,0.0,0.0,0.0,0.0,48
2023-05-10 09:40:40,HO2403-C-2350,HO2403-C-2350,399.4,0.0,0.0,0.0,6,386.6,392.2,18,399.4,376.6,0.0,0.0,0.0,0.0,48
2023-05-10 09:40:40,HO2403-C-2350,HO2403-C-2350,399.4,0.0,0.0,0.0,6,386.6,392.4,19,399.4,376.6,0.0,0.0,0.0,0.0,48
2023-05-10 09:40:41,HO2403-C-2350,HO2403-C-2350,399.4,0.0,0.0,0.0,6,386.8,392.4,7,399.4,376.6,0.0,0.0,0.0,0.0,48
2023-05-10 09:40:41,HO2403-C-2350,HO2403-C-2350,399.4,0.0,0.0,0.0,6,386.8,392.4,1,399.4,376.6,0.0,0.0,0.0,0.0,48
2023-05-10 09:40:45,HO2403-C-2350,HO2403-C-2350,399.4,0.0,0.0,0.0,6,386.8,392.6,12,399.4,376.6,0.0,0.0,0.0,0.0,48
2023-05-10 09:40:46,HO2403-C-2350,HO2403-C-2350,399.4,0.0,0.0,0.0,6,386.8,393.0,18,399.4,376.6,0.0,0.0,0.0,0.0,48
2023-05-10 09:40:46,HO2403-C-2350,HO2403-C-2350,399.4,0.0,0.0,0.0,6,386.8,393.0,12,399.4,376.6,0.0,0.0,0.0,0.0,48
2023-05-10 09:40:47,HO2403-C-2350,HO2403-C-2350,399.4,0.0,0.0,0.0,6,386.6,392.8,6,399.4,376.6,0.0,0.0,0.0,0.0,48
2023-05-10 09:40:49,HO2403-C-2350,HO2403-C-2350,399.4,0.0,0.0,0.0,6,386.6,392.6,1,399.4,376.6,0.0,0.0,0.0,0.0,48
2023-05-10 09:41:05,HO2403-C-2350,HO2403-C-2350,399.4,0.0,0.0,0.0,24,386.2,392.6,1,399.4,376.6,0.0,0.0,0.0,0.0,48
2023-05-10 09:41:05,HO2403-C-2350,HO2403-C-2350,399.4,0.0,0.0,0.0,6,385.8,392.4,6,399.4,376.6,0.0,0.0,0.0,0.0,48
2023-05-10 09:41:06,HO2403-C-2350,HO2403-C-2350,399.4,0.0,0.0,0.0,12,385.6,392.4,6,399.4,376.6,0.0,0.0,0.0,0.0,48
2023-05-10 09:41:06,HO2403-C-2350,HO2403-C-2350,399.4,0.0,0.0,0.0,12,385.4,392.4,6,399.4,376.6,0.0,0.0,0.0,0.0,48
2023-05-10 09:41:07,HO2403-C-2350,HO2403-C-2350,399.4,0.0,0.0,0.0,24,385.2,390.2,1,399.4,376.6,0.0,0.0,0.0,0.0,48
2023-05-10 09:41:07,HO2403-C-2350,HO2403-C-2350,399.4,0.0,0.0,0.0,18,385.2,390.2,1,399.4,376.6,0.0,0.0,0.0,0.0,48
2023-05-10 09:41:08,HO2403-C-2350,HO2403-C-2350,399.4,0.0,0.0,0.0,12,385.2,390.2,2,399.4,376.6,0.0,0.0,0.0,0.0,48
2023-05-10 09:41:09,HO2403-C-2350,HO2403-C-2350,399.4,0.0,0.0,0.0,6,385.2,390.2,2,399.4,376.6,0.0,0.0,0.0,0.0,48
2023-05-10 09:41:09,HO2403-C-2350,HO2403-C-2350,399.4,0.0,0.0,0.0,6,384.2,390.2,2,399.4,376.6,0.0,0.0,0.0,0.0,48
2023-05-10 09:41:11,HO2403-C-2350,HO2403-C-2350,399.4,0.0,0.0,0.0,3,384.4,390.2,2,399.4,376.6,0.0,0.0,0.0,0.0,48
2023-05-10 09:41:11,HO2403-C-2350,HO2403-C-2350,399.4,0.0,0.0,0.0,6,384.6,390.2,2,399.4,376.6,0.0,0.0,0.0,0.0,48
2023-05-10 09:41:12,HO2403-C-2350,HO2403-C-2350,399.4,0.0,0.0,0.0,6,384.2,390.2,2,399.4,376.6,0.0,0.0,0.0,0.0,48
2023-05-10 09:41:18,HO2403-C-2350,HO2403-C-2350,399.4,0.0,0.0,0.0,6,384.2,390.0,1,399.4,376.6,0.0,0.0,0.0,0.0,48
2023-05-10 09:41:24,HO2403-C-2350,HO2403-C-2350,399.4,0.0,0.0,0.0,9,384.2,390.0,1,399.4,376.6,0.0,0.0,0.0,0.0,48
2023-05-10 09:41:25,HO2403-C-2350,HO2403-C-2350,399.4,0.0,0.0,0.0,9,384.2,390.4,18,399.4,376.6,0.0,0.0,0.0,0.0,48
2023-05-10 09:41:25,HO2403-C-2350,HO2403-C-2350,399.4,0.0,0.0,0.0,6,384.2,390.4,6,399.4,376.6,0.0,0.0,0.0,0.0,48
2023-05-10 09:41:26,HO2403-C-2350,HO2403-C-2350,399.4,0.0,0.0,0.0,6,384.2,390.8,1,399.4,376.6,0.0,0.0,0.0,0.0,48
2023-05-10 09:41:27,HO2403-C-2350,HO2403-C-2350,399.4,0.0,0.0,0.0,9,384.2,390.8,1,399.4,376.6,0.0,0.0,0.0,0.0,48
2023-05-10 09:41:28,HO2403-C-2350,HO2403-C-2350,399.4,0.0,0.0,0.0,6,384.2,390.8,1,399.4,376.6,0.0,0.0,0.0,0.0,48
2023-05-10 09:41:35,HO2403-C-2350,HO2403-C-2350,399.4,0.0,0.0,0.0,9,384.2,390.6,1,399.4,376.6,0.0,0.0,0.0,0.0,48
2023-05-10 09:41:41,HO2403-C-2350,HO2403-C-2350,399.4,0.0,0.0,0.0,9,384.2,391.2,1,399.4,376.6,0.0,0.0,0.0,0.0,48
2023-05-10 09:41:48,HO2403-C-2350,HO2403-C-2350,399.4,0.0,0.0,0.0,6,384.2,391.2,1,399.4,376.6,0.0,0.0,0.0,0.0,48
2023-05-10 09:41:48,HO2403-C-2350,HO2403-C-2350,399.4,0.0,0.0,0.0,12,384.0,391.0,6,399.4,376.6,0.0,0.0,0.0,0.0,48
2023-05-10 09:41:49,HO2403-C-2350,HO2403-C-2350,399.4,0.0,0.0,0.0,33,383.8,391.0,6,399.4,376.6,0.0,0.0,0.0,0.0,48
2023-05-10 09:41:49,HO2403-C-2350,HO2403-C-2350,399.4,0.0,0.0,0.0,21,383.8,391.0,6,399.4,376.6,0.0,0.0,0.0,0.0,48
2023-05-10 09:41:53,HO2403-C-2350,HO2403-C-2350,399.4,0.0,0.0,0.0,18,383.8,391.0,6,399.4,376.6,0.0,0.0,0.0,0.0,48
2023-05-10 09:41:54,HO2403-C-2350,HO2403-C-2350,399.4,0.0,0.0,0.0,21,383.8,391.0,6,399.4,376.6,0.0,0.0,0.0,0.0,48
2023-05-10 09:41:54,HO2403-C-2350,HO2403-C-2350,399.4,0.0,0.0,0.0,18,383.8,391.0,6,399.4,376.6,0.0,0.0,0.0,0.0,48
2023-05-10 09:41:55,HO2403-C-2350,HO2403-C-2350,399.4,0.0,0.0,0.0,21,383.8,391.0,6,399.4,376.6,0.0,0.0,0.0,0.0,48
2023-05-10 09:42:01,HO2403-C-2350,HO2403-C-2350,399.4,0.0,0.0,0.0,21,383.8,391.0,7,399.4,376.6,0.0,0.0,0.0,0.0,48
2023-05-10 09:42:02,HO2403-C-2350,HO2403-C-2350,399.4,0.0,0.0,0.0,18,383.8,391.0,7,399.4,376.6,0.0,0.0,0.0,0.0,48
2023-05-10 09:42:03,HO2403-C-2350,HO2403-C-2350,399.4,0.0,0.0,0.0,18,383.8,390.6,1,399.4,376.6,0.0,0.0,0.0,0.0,48
2023-05-10 09:42:06,HO2403-C-2350,HO2403-C-2350,399.4,0.0,0.0,0.0,18,383.8,390.6,2,399.4,376.6,0.0,0.0,0.0,0.0,48
2023-05-10 09:42:15,HO2403-C-2350,HO2403-C-2350,399.4,0.0,0.0,0.0,21,383.8,390.6,2,399.4,376.6,0.0,0.0,0.0,0.0,48
2023-05-10 09:42:15,HO2403-C-2350,HO2403-C-2350,399.4,0.0,0.0,0.0,18,383.8,390.6,2,399.4,376.6,0.0,0.0,0.0,0.0,48
2023-05-10 09:42:16,HO2403-C-2350,HO2403-C-2350,399.4,0.0,0.0,0.0,21,383.8,390.6,2,399.4,376.6,0.0,0.0,0.0,0.0,48
2023-05-10 09:42:16,HO2403-C-2350,HO2403-C-2350,399.4,0.0,0.0,0.0,21,383.8,390.4,1,399.4,376.6,0.0,0.0,0.0,0.0,48
2023-05-10 09:42:18,HO2403-C-2350,HO2403-C-2350,399.4,0.0,0.0,0.0,18,383.8,390.4,1,399.4,376.6,0.0,0.0,0.0,0.0,48
2023-05-10 09:42:26,HO2403-C-2350,HO2403-C-2350,399.4,0.0,0.0,0.0,18,383.8,390.2,1,399.4,376.6,0.0,0.0,0.0,0.0,48
2023-05-10 09:42:36,HO2403-C-2350,HO2403-C-2350,399.4,0.0,0.0,0.0,18,383.8,390.0,1,399.4,376.6,0.0,0.0,0.0,0.0,48
2023-05-10 09:42:46,HO2403-C-2350,HO2403-C-2350,399.4,0.0,0.0,0.0,18,383.8,389.8,1,399.4,376.6,0.0,0.0,0.0,0.0,48
2023-05-10 09:42:53,HO2403-C-2350,HO2403-C-2350,399.4,0.0,0.0,0.0,18,383.8,389.8,2,399.4,376.6,0.0,0.0,0.0,0.0,48
2023-05-10 09:42:56,HO2403-C-2350,HO2403-C-2350,399.4,0.0,0.0,0.0,18,383.8,389.6,1,399.4,376.6,0.0,0.0,0.0,0.0,48
2023-05-10 09:43:01,HO2403-C-2350,HO2403-C-2350,399.4,0.0,0.0,0.0,12,383.8,389.6,1,399.4,376.6,0.0,0.0,0.0,0.0,48
2023-05-10 09:43:02,HO2403-C-2350,HO2403-C-2350,399.4,0.0,0.0,0.0,6,383.8,389.6,1,399.4,376.6,0.0,0.0,0.0,0.0,48
2023-05-10 09:43:06,HO2403-C-2350,HO2403-C-2350,399.4,0.0,0.0,0.0,6,383.8,389.4,1,399.4,376.6,0.0,0.0,0.0,0.0,48
2023-05-10 09:43:12,HO2403-C-2350,HO2403-C-2350,399.4,0.0,0.0,0.0,6,383.8,390.4,18,399.4,376.6,0.0,0.0,0.0,0.0,48
2023-05-10 09:43:13,HO2403-C-2350,HO2403-C-2350,399.4,0.0,0.0,0.0,6,383.8,390.4,7,399.4,376.6,0.0,0.0,0.0,0.0,48
2023-05-10 09:43:13,HO2403-C-2350,HO2403-C-2350,399.4,0.0,0.0,0.0,6,383.8,390.4,1,399.4,376.6,0.0,0.0,0.0,0.0,48
2023-05-10 09:43:22,HO2403-C-2350,HO2403-C-2350,399.4,0.0,0.0,0.0,3,384.0,390.4,1,399.4,376.6,0.0,0.0,0.0,0.0,48
2023-05-10 09:43:22,HO2403-C-2350,HO2403-C-2350,399.4,0.0,0.0,0.0,9,384.2,390.4,1,399.4,376.6,0.0,0.0,0.0,0.0,48
2023-05-10 09:43:23,HO2403-C-2350,HO2403-C-2350,399.4,0.0,0.0,0.0,10,384.2,390.4,1,399.4,376.6,0.0,0.0,0.0,0.0,48
2023-05-10 09:43:24,HO2403-C-2350,HO2403-C-2350,399.4,0.0,0.0,0.0,10,384.2,391.2,12,399.4,376.6,0.0,0.0,0.0,0.0,48
2023-05-10 09:43:24,HO2403-C-2350,HO2403-C-2350,399.4,0.0,0.0,0.0,3,384.4,391.2,1,399.4,376.6,0.0,0.0,0.0,0.0,48
2023-05-10 09:43:25,HO2403-C-2350,HO2403-C-2350,399.4,0.0,0.0,0.0,10,384.2,391.2,1,399.4,376.6,0.0,0.0,0.0,0.0,48
2023-05-10 09:43:26,HO2403-C-2350,HO2403-C-2350,399.4,0.0,0.0,0.0,16,384.2,391.2,1,399.4,376.6,0.0,0.0,0.0,0.0,48
2023-05-10 09:43:27,HO2403-C-2350,HO2403-C-2350,399.4,0.0,0.0,0.0,3,384.4,391.2,1,399.4,376.6,0.0,0.0,0.0,0.0,48
2023-05-10 09:43:28,HO2403-C-2350,HO2403-C-2350,399.4,0.0,0.0,0.0,6,384.6,391.2,1,399.4,376.6,0.0,0.0,0.0,0.0,48
2023-05-10 09:43:34,HO2403-C-2350,HO2403-C-2350,399.4,0.0,0.0,0.0,6,384.6,391.0,1,399.4,376.6,0.0,0.0,0.0,0.0,48
2023-05-10 09:43:44,HO2403-C-2350,HO2403-C-2350,399.4,0.0,0.0,0.0,6,384.6,390.8,1,399.4,376.6,0.0,0.0,0.0,0.0,48
2023-05-10 09:43:48,HO2403-C-2350,HO2403-C-2350,399.4,0.0,0.0,0.0,6,384.6,390.8,2,399.4,376.6,0.0,0.0,0.0,0.0,48
2023-05-10 09:43:51,HO2403-C-2350,HO2403-C-2350,399.4,0.0,0.0,0.0,10,384.2,390.6,6,399.4,376.6,0.0,0.0,0.0,0.0,48
2023-05-10 09:43:51,HO2403-C-2350,HO2403-C-2350,399.4,0.0,0.0,0.0,37,384.0,390.6,12,399.4,376.6,0.0,0.0,0.0,0.0,48
2023-05-10 09:43:52,HO2403-C-2350,HO2403-C-2350,399.4,0.0,0.0,0.0,19,384.0,390.6,18,399.4,376.6,0.0,0.0,0.0,0.0,48
2023-05-10 09:43:53,HO2403-C-2350,HO2403-C-2350,399.4,0.0,0.0,0.0,12,384.0,390.6,18,399.4,376.6,0.0,0.0,0.0,0.0,48
2023-05-10 09:43:53,HO2403-C-2350,HO2403-C-2350,399.4,0.0,0.0,0.0,6,384.0,390.6,18,399.4,376.6,0.0,0.0,0.0,0.0,48
2023-05-10 09:43:59,HO2403-C-2350,HO2403-C-2350,399.4,0.0,0.0,0.0,6,384.0,390.6,19,399.4,376.6,0.0,0.0,0.0,0.0,48
2023-05-10 09:44:04,HO2403-C-2350,HO2403-C-2350,399.4,0.0,0.0,0.0,6,384.0,390.0,1,399.4,376.6,0.0,0.0,0.0,0.0,48
2023-05-10 09:44:14,HO2403-C-2350,HO2403-C-2350,399.4,0.0,0.0,0.0,6,384.0,390.2,1,399.4,376.6,0.0,0.0,0.0,0.0,48
2023-05-10 09:44:15,HO2403-C-2350,HO2403-C-2350,399.4,0.0,0.0,0.0,18,383.4,390.0,6,399.4,376.6,0.0,0.0,0.0,0.0,48
2023-05-10 09:44:16,HO2403-C-2350,HO2403-C-2350,399.4,0.0,0.0,0.0,3,383.6,390.0,6,399.4,376.6,0.0,0.0,0.0,0.0,48
2023-05-10 09:44:19,HO2403-C-2350,HO2403-C-2350,399.4,0.0,0.0,0.0,24,383.4,390.0,7,399.4,376.6,0.0,0.0,0.0,0.0,48
2023-05-10 09:44:23,HO2403-C-2350,HO2403-C-2350,399.4,0.0,0.0,0.0,18,383.4,390.0,7,399.4,376.6,0.0,0.0,0.0,0.0,48
2023-05-10 09:44:28,HO2403-C-2350,HO2403-C-2350,399.4,0.0,0.0,0.0,6,383.6,390.0,1,399.4,376.6,0.0,0.0,0.0,0.0,48
2023-05-10 09:44:33,HO2403-C-2350,HO2403-C-2350,399.4,0.0,0.0,0.0,6,383.6,390.0,2,399.4,376.6,0.0,0.0,0.0,0.0,48
2023-05-10 09:44:33,HO2403-C-2350,HO2403-C-2350,399.4,0.0,0.0,0.0,6,383.6,388.4,1,399.4,376.6,0.0,0.0,0.0,0.0,48
2023-05-10 09:44:39,HO2403-C-2350,HO2403-C-2350,399.4,0.0,0.0,0.0,12,383.4,388.4,1,399.4,376.6,0.0,0.0,0.0,0.0,48
2023-05-10 09:44:40,HO2403-C-2350,HO2403-C-2350,399.4,0.0,0.0,0.0,6,383.4,388.4,1,399.4,376.6,0.0,0.0,0.0,0.0,48
2023-05-10 09:44:42,HO2403-C-2350,HO2403-C-2350,399.4,0.0,0.0,0.0,6,383.4,389.4,1,399.4,376.6,0.0,0.0,0.0,0.0,48
2023-05-10 09:44:43,HO2403-C-2350,HO2403-C-2350,399.4,0.0,0.0,0.0,6,383.4,389.4,2,399.4,376.6,0.0,0.0,0.0,0.0,48
2023-05-10 09:44:53,HO2403-C-2350,HO2403-C-2350,399.4,0.0,0.0,0.0,6,383.4,389.2,1,399.4,376.6,0.0,0.0,0.0,0.0,48
2023-05-10 09:45:03,HO2403-C-2350,HO2403-C-2350,399.4,0.0,0.0,0.0,6,383.4,389.0,1,399.4,376.6,0.0,0.0,0.0,0.0,48
2023-05-10 09:45:06,HO2403-C-2350,HO2403-C-2350,399.4,0.0,0.0,0.0,6,383.4,388.6,1,399.4,376.6,0.0,0.0,0.0,0.0,48
2023-05-10 09:45:13,HO2403-C-2350,HO2403-C-2350,399.4,0.0,0.0,0.0,6,383.4,388.6,2,399.4,376.6,0.0,0.0,0.0,0.0,48
2023-05-10 09:45:16,HO2403-C-2350,HO2403-C-2350,399.4,0.0,0.0,0.0,6,383.4,388.6,1,399.4,376.6,0.0,0.0,0.0,0.0,48
2023-05-10 09:45:17,HO2403-C-2350,HO2403-C-2350,399.4,0.0,0.0,0.0,6,383.4,390.0,30,399.4,376.6,0.0,0.0,0.0,0.0,48
2023-05-10 09:45:18,HO2403-C-2350,HO2403-C-2350,399.4,0.0,0.0,0.0,6,383.6,389.8,1,399.4,376.6,0.0,0.0,0.0,0.0,48
2023-05-10 09:45:20,HO2403-C-2350,HO2403-C-2350,399.4,0.0,0.0,0.0,3,383.8,389.8,1,399.4,376.6,0.0,0.0,0.0,0.0,48
2023-05-10 09:45:26,HO2403-C-2350,HO2403-C-2350,399.4,0.0,0.0,0.0,18,383.4,389.8,1,399.4,376.6,0.0,0.0,0.0,0.0,48
2023-05-10 09:45:28,HO2403-C-2350,HO2403-C-2350,399.4,0.0,0.0,0.0,18,383.4,389.6,1,399.4,376.6,0.0,0.0,0.0,0.0,48
2023-05-10 09:45:29,HO2403-C-2350,HO2403-C-2350,399.4,0.0,0.0,0.0,18,383.4,389.6,2,399.4,376.6,0.0,0.0,0.0,0.0,48
2023-05-10 09:45:35,HO2403-C-2350,HO2403-C-2350,399.4,0.0,0.0,0.0,18,383.4,389.4,6,399.4,376.6,0.0,0.0,0.0,0.0,48
2023-05-10 09:45:37,HO2403-C-2350,HO2403-C-2350,399.4,0.0,0.0,0.0,12,383.4,389.4,6,399.4,376.6,0.0,0.0,0.0,0.0,48
2023-05-10 09:45:43,HO2403-C-2350,HO2403-C-2350,399.4,0.0,0.0,0.0,12,383.4,389.4,7,399.4,376.6,0.0,0.0,0.0,0.0,48
2023-05-10 09:45:50,HO2403-C-2350,HO2403-C-2350,399.4,0.0,0.0,0.0,12,383.4,388.2,6,399.4,376.6,0.0,0.0,0.0,0.0,48
2023-05-10 09:45:55,HO2403-C-2350,HO2403-C-2350,399.4,0.0,0.0,0.0,12,383.4,388.8,13,399.4,376.6,0.0,0.0,0.0,0.0,48
2023-05-10 09:45:55,HO2403-C-2350,HO2403-C-2350,399.4,0.0,0.0,0.0,12,383.4,388.8,7,399.4,376.6,0.0,0.0,0.0,0.0,48
2023-05-10 09:45:56,HO2403-C-2350,HO2403-C-2350,399.4,0.0,0.0,0.0,12,383.4,388.8,1,399.4,376.6,0.0,0.0,0.0,0.0,48
2023-05-10 09:45:57,HO2403-C-2350,HO2403-C-2350,399.4,0.0,0.0,0.0,12,383.4,389.2,13,399.4,376.6,0.0,0.0,0.0,0.0,48
2023-05-10 09:46:05,HO2403-C-2350,HO2403-C-2350,399.4,0.0,0.0,0.0,12,383.4,389.0,1,399.4,376.6,0.0,0.0,0.0,0.0,48
2023-05-10 09:46:06,HO2403-C-2350,HO2403-C-2350,399.4,0.0,0.0,0.0,6,383.4,388.2,6,399.4,376.6,0.0,0.0,0.0,0.0,48
2023-05-10 09:46:26,HO2403-C-2350,HO2403-C-2350,399.4,0.0,0.0,0.0,6,383.6,388.6,12,399.4,376.6,0.0,0.0,0.0,0.0,48
2023-05-10 09:46:26,HO2403-C-2350,HO2403-C-2350,399.4,0.0,0.0,0.0,6,383.6,388.8,12,399.4,376.6,0.0,0.0,0.0,0.0,48
2023-05-10 09:46:27,HO2403-C-2350,HO2403-C-2350,399.4,0.0,0.0,0.0,3,383.8,389.0,6,399.4,376.6,0.0,0.0,0.0,0.0,48
2023-05-10 09:46:27,HO2403-C-2350,HO2403-C-2350,399.4,0.0,0.0,0.0,9,383.6,389.2,36,399.4,376.6,0.0,0.0,0.0,0.0,48
2023-05-10 09:46:28,HO2403-C-2350,HO2403-C-2350,399.4,0.0,0.0,0.0,6,383.6,389.2,24,399.4,376.6,0.0,0.0,0.0,0.0,48
2023-05-10 09:46:30,HO2403-C-2350,HO2403-C-2350,399.4,0.0,0.0,0.0,6,383.6,389.2,18,399.4,376.6,0.0,0.0,0.0,0.0,48
2023-05-10 09:46:33,HO2403-C-2350,HO2403-C-2350,399.4,0.0,0.0,0.0,6,383.6,389.0,1,399.4,376.6,0.0,0.0,0.0,0.0,48
2023-05-10 09:46:37,HO2403-C-2350,HO2403-C-2350,399.4,0.0,0.0,0.0,18,383.4,389.0,1,399.4,376.6,0.0,0.0,0.0,0.0,48
2023-05-10 09:46:39,HO2403-C-2350,HO2403-C-2350,399.4,0.0,0.0,0.0,12,383.4,389.0,1,399.4,376.6,0.0,0.0,0.0,0.0,48
2023-05-10 09:46:40,HO2403-C-2350,HO2403-C-2350,399.4,0.0,0.0,0.0,6,383.4,389.0,1,399.4,376.6,0.0,0.0,0.0,0.0,48
2023-05-10 09:46:48,HO2403-C-2350,HO2403-C-2350,399.4,0.0,0.0,0.0,6,383.4,389.2,25,399.4,376.6,0.0,0.0,0.0,0.0,48
2023-05-10 09:46:49,HO2403-C-2350,HO2403-C-2350,399.4,0.0,0.0,0.0,6,383.4,389.0,1,399.4,376.6,0.0,0.0,0.0,0.0,48
2023-05-10 09:46:54,HO2403-C-2350,HO2403-C-2350,399.4,0.0,0.0,0.0,6,383.4,388.8,1,399.4,376.6,0.0,0.0,0.0,0.0,48
2023-05-10 09:47:02,HO2403-C-2350,HO2403-C-2350,399.4,0.0,0.0,0.0,6,383.4,388.2,6,399.4,376.6,0.0,0.0,0.0,0.0,48
2023-05-10 09:47:03,HO2403-C-2350,HO2403-C-2350,399.4,0.0,0.0,0.0,6,383.4,388.0,1,399.4,376.6,0.0,0.0,0.0,0.0,48
2023-05-10 09:47:07,HO2403-C-2350,HO2403-C-2350,399.4,0.0,0.0,0.0,6,383.4,388.2,6,399.4,376.6,0.0,0.0,0.0,0.0,48
2023-05-10 09:47:07,HO2403-C-2350,HO2403-C-2350,399.4,0.0,0.0,0.0,6,383.4,388.8,1,399.4,376.6,0.0,0.0,0.0,0.0,48
2023-05-10 09:47:16,HO2403-C-2350,HO2403-C-2350,399.4,0.0,0.0,0.0,6,383.4,388.6,1,399.4,376.6,0.0,0.0,0.0,0.0,48
2023-05-10 09:47:30,HO2403-C-2350,HO2403-C-2350,399.4,0.0,0.0,0.0,6,383.4,388.4,1,399.4,376.6,0.0,0.0,0.0,0.0,48
2023-05-10 09:47:51,HO2403-C-2350,HO2403-C-2350,399.4,0.0,0.0,0.0,6,383.4,389.0,13,399.4,376.6,0.0,0.0,0.0,0.0,48
2023-05-10 09:47:52,HO2403-C-2350,HO2403-C-2350,399.4,0.0,0.0,0.0,6,383.4,389.0,7,399.4,376.6,0.0,0.0,0.0,0.0,48
2023-05-10 09:47:52,HO2403-C-2350,HO2403-C-2350,399.4,0.0,0.0,0.0,6,383.4,389.0,6,399.4,376.6,0.0,0.0,0.0,0.0,48
2023-05-10 09:48:09,HO2403-C-2350,HO2403-C-2350,399.4,0.0,0.0,0.0,6,383.6,389.0,6,399.4,376.6,0.0,0.0,0.0,0.0,48
2023-05-10 09:48:09,HO2403-C-2350,HO2403-C-2350,399.4,0.0,0.0,0.0,9,383.6,389.0,6,399.4,376.6,0.0,0.0,0.0,0.0,48
2023-05-10 09:48:12,HO2403-C-2350,HO2403-C-2350,399.4,0.0,0.0,0.0,9,383.6,389.2,12,399.4,376.6,0.0,0.0,0.0,0.0,48
2023-05-10 09:48:12,HO2403-C-2350,HO2403-C-2350,399.4,0.0,0.0,0.0,6,383.8,389.4,12,399.4,376.6,0.0,0.0,0.0,0.0,48
2023-05-10 09:48:13,HO2403-C-2350,HO2403-C-2350,399.4,0.0,0.0,0.0,6,383.8,389.6,6,399.4,376.6,0.0,0.0,0.0,0.0,48
2023-05-10 09:48:13,HO2403-C-2350,HO2403-C-2350,399.4,0.0,0.0,0.0,6,383.8,389.8,31,399.4,376.6,0.0,0.0,0.0,0.0,48
2023-05-10 09:48:14,HO2403-C-2350,HO2403-C-2350,399.4,0.0,0.0,0.0,6,383.8,389.8,25,399.4,376.6,0.0,0.0,0.0,0.0,48
2023-05-10 09:48:16,HO2403-C-2350,HO2403-C-2350,399.4,0.0,0.0,0.0,6,383.8,389.2,6,399.4,376.6,0.0,0.0,0.0,0.0,48
2023-05-10 09:48:17,HO2403-C-2350,HO2403-C-2350,399.4,0.0,0.0,0.0,6,383.8,388.8,1,399.4,376.6,0.0,0.0,0.0,0.0,48
2023-05-10 09:48:17,HO2403-C-2350,HO2403-C-2350,399.4,0.0,0.0,0.0,6,383.6,388.8,1,399.4,376.6,0.0,0.0,0.0,0.0,48
2023-05-10 09:48:18,HO2403-C-2350,HO2403-C-2350,399.4,0.0,0.0,0.0,32,383.4,388.8,1,399.4,376.6,0.0,0.0,0.0,0.0,48
2023-05-10 09:48:18,HO2403-C-2350,HO2403-C-2350,399.4,0.0,0.0,0.0,25,383.4,388.8,1,399.4,376.6,0.0,0.0,0.0,0.0,48
2023-05-10 09:48:19,HO2403-C-2350,HO2403-C-2350,399.4,0.0,0.0,0.0,19,383.4,388.8,1,399.4,376.6,0.0,0.0,0.0,0.0,48
2023-05-10 09:48:20,HO2403-C-2350,HO2403-C-2350,399.4,0.0,0.0,0.0,15,383.4,388.8,1,399.4,376.6,0.0,0.0,0.0,0.0,48
2023-05-10 09:48:27,HO2403-C-2350,HO2403-C-2350,399.4,0.0,0.0,0.0,12,383.4,388.8,1,399.4,376.6,0.0,0.0,0.0,0.0,48
2023-05-10 09:48:28,HO2403-C-2350,HO2403-C-2350,399.4,0.0,0.0,0.0,6,383.4,388.8,1,399.4,376.6,0.0,0.0,0.0,0.0,48
2023-05-10 09:48:29,HO2403-C-2350,HO2403-C-2350,399.4,0.0,0.0,0.0,6,383.4,389.0,1,399.4,376.6,0.0,0.0,0.0,0.0,48
2023-05-10 09:48:35,HO2403-C-2350,HO2403-C-2350,399.4,0.0,0.0,0.0,6,383.4,388.8,1,399.4,376.6,0.0,0.0,0.0,0.0,48
2023-05-10 09:48:38,HO2403-C-2350,HO2403-C-2350,399.4,0.0,0.0,0.0,6,383.6,388.8,1,399.4,376.6,0.0,0.0,0.0,0.0,48
2023-05-10 09:48:45,HO2403-C-2350,HO2403-C-2350,399.4,0.0,0.0,0.0,6,383.6,388.6,1,399.4,376.6,0.0,0.0,0.0,0.0,48
2023-05-10 09:48:46,HO2403-C-2350,HO2403-C-2350,399.4,0.0,0.0,0.0,6,383.4,388.6,1,399.4,376.6,0.0,0.0,0.0,0.0,48
2023-05-10 09:48:47,HO2403-C-2350,HO2403-C-2350,399.4,0.0,0.0,0.0,6,383.4,388.2,6,399.4,376.6,0.0,0.0,0.0,0.0,48
2023-05-10 09:48:48,HO2403-C-2350,HO2403-C-2350,399.4,0.0,0.0,0.0,6,383.4,387.8,1,399.4,376.6,0.0,0.0,0.0,0.0,48
2023-05-10 09:48:53,HO2403-C-2350,HO2403-C-2350,399.4,0.0,0.0,0.0,6,383.4,387.4,6,399.4,376.6,0.0,0.0,0.0,0.0,48
2023-05-10 09:48:54,HO2403-C-2350,HO2403-C-2350,399.4,0.0,0.0,0.0,6,383.4,386.8,1,399.4,376.6,0.0,0.0,0.0,0.0,48
2023-05-10 09:48:57,HO2403-C-2350,HO2403-C-2350,399.4,0.0,0.0,0.0,6,383.4,387.4,7,399.4,376.6,0.0,0.0,0.0,0.0,48
2023-05-10 09:49:00,HO2403-C-2350,HO2403-C-2350,399.4,0.0,0.0,0.0,6,383.4,387.2,1,399.4,376.6,0.0,0.0,0.0,0.0,48
2023-05-10 09:49:01,HO2403-C-2350,HO2403-C-2350,399.4,0.0,0.0,0.0,6,382.8,387.2,1,399.4,376.6,0.0,0.0,0.0,0.0,48
2023-05-10 09:49:01,HO2403-C-2350,HO2403-C-2350,399.4,0.0,0.0,0.0,6,382.6,387.2,1,399.4,376.6,0.0,0.0,0.0,0.0,48
2023-05-10 09:49:02,HO2403-C-2350,HO2403-C-2350,399.4,0.0,0.0,0.0,12,382.4,387.2,1,399.4,376.6,0.0,0.0,0.0,0.0,48
2023-05-10 09:49:02,HO2403-C-2350,HO2403-C-2350,399.4,0.0,0.0,0.0,24,381.8,387.2,1,399.4,376.6,0.0,0.0,0.0,0.0,48
2023-05-10 09:49:03,HO2403-C-2350,HO2403-C-2350,399.4,0.0,0.0,0.0,12,381.8,387.2,1,399.4,376.6,0.0,0.0,0.0,0.0,48
2023-05-10 09:49:03,HO2403-C-2350,HO2403-C-2350,399.4,0.0,0.0,0.0,6,381.8,387.2,1,399.4,376.6,0.0,0.0,0.0,0.0,48
2023-05-10 09:49:04,HO2403-C-2350,HO2403-C-2350,399.4,0.0,0.0,0.0,6,381.2,387.2,1,399.4,376.6,0.0,0.0,0.0,0.0,48
2023-05-10 09:49:12,HO2403-C-2350,HO2403-C-2350,399.4,0.0,0.0,0.0,6,381.2,386.4,6,399.4,376.6,0.0,0.0,0.0,0.0,48
2023-05-10 09:49:15,HO2403-C-2350,HO2403-C-2350,399.4,0.0,0.0,0.0,3,381.4,387.6,42,399.4,376.6,0.0,0.0,0.0,0.0,48
2023-05-10 09:49:15,HO2403-C-2350,HO2403-C-2350,399.4,0.0,0.0,0.0,3,381.4,387.6,6,399.4,376.6,0.0,0.0,0.0,0.0,48
2023-05-10 09:49:16,HO2403-C-2350,HO2403-C-2350,399.4,0.0,0.0,0.0,6,381.6,387.8,18,399.4,376.6,0.0,0.0,0.0,0.0,48
2023-05-10 09:49:17,HO2403-C-2350,HO2403-C-2350,399.4,0.0,0.0,0.0,9,381.2,387.8,18,399.4,376.6,0.0,0.0,0.0,0.0,48
2023-05-10 09:49:18,HO2403-C-2350,HO2403-C-2350,399.4,0.0,0.0,0.0,6,381.2,386.8,6,399.4,376.6,0.0,0.0,0.0,0.0,48
2023-05-10 09:49:19,HO2403-C-2350,HO2403-C-2350,399.4,0.0,0.0,0.0,27,381.0,386.8,6,399.4,376.6,0.0,0.0,0.0,0.0,48
2023-05-10 09:49:20,HO2403-C-2350,HO2403-C-2350,399.4,0.0,0.0,0.0,15,381.0,386.8,7,399.4,376.6,0.0,0.0,0.0,0.0,48
2023-05-10 09:49:21,HO2403-C-2350,HO2403-C-2350,399.4,0.0,0.0,0.0,12,381.0,386.8,7,399.4,376.6,0.0,0.0,0.0,0.0,48
2023-05-10 09:49:21,HO2403-C-2350,HO2403-C-2350,399.4,0.0,0.0,0.0,6,381.0,386.8,7,399.4,376.6,0.0,0.0,0.0,0.0,48
2023-05-10 09:49:23,HO2403-C-2350,HO2403-C-2350,399.4,0.0,0.0,0.0,6,381.0,386.4,1,399.4,376.6,0.0,0.0,0.0,0.0,48
2023-05-10 09:49:28,HO2403-C-2350,HO2403-C-2350,399.4,0.0,0.0,0.0,6,381.0,386.8,7,399.4,376.6,0.0,0.0,0.0,0.0,48
2023-05-10 09:49:40,HO2403-C-2350,HO2403-C-2350,399.4,0.0,0.0,0.0,6,381.0,386.6,1,399.4,376.6,0.0,0.0,0.0,0.0,48
2023-05-10 09:49:51,HO2403-C-2350,HO2403-C-2350,399.4,0.0,0.0,0.0,6,381.0,386.8,6,399.4,376.6,0.0,0.0,0.0,0.0,48
2023-05-10 09:49:51,HO2403-C-2350,HO2403-C-2350,399.4,0.0,0.0,0.0,3,381.2,386.8,6,399.4,376.6,0.0,0.0,0.0,0.0,48
2023-05-10 09:49:52,HO2403-C-2350,HO2403-C-2350,399.4,0.0,0.0,0.0,6,381.4,386.8,6,399.4,376.6,0.0,0.0,0.0,0.0,48
2023-05-10 09:49:53,HO2403-C-2350,HO2403-C-2350,399.4,0.0,0.0,0.0,9,380.8,386.8,6,399.4,376.6,0.0,0.0,0.0,0.0,48
2023-05-10 09:49:59,HO2403-C-2350,HO2403-C-2350,399.4,0.0,0.0,0.0,14,380.8,386.8,6,399.4,376.6,0.0,0.0,0.0,0.0,48
2023-05-10 09:50:02,HO2403-C-2350,HO2403-C-2350,399.4,0.0,0.0,0.0,1,381.0,386.8,7,399.4,376.6,0.0,0.0,0.0,0.0,48
2023-05-10 09:50:05,HO2403-C-2350,HO2403-C-2350,399.4,0.0,0.0,0.0,9,380.8,386.8,7,399.4,376.6,0.0,0.0,0.0,0.0,48
2023-05-10 09:50:06,HO2403-C-2350,HO2403-C-2350,399.4,0.0,0.0,0.0,9,380.8,386.8,8,399.4,376.6,0.0,0.0,0.0,0.0,48
2023-05-10 09:50:09,HO2403-C-2350,HO2403-C-2350,399.4,0.0,0.0,0.0,7,380.8,386.8,8,399.4,376.6,0.0,0.0,0.0,0.0,48
2023-05-10 09:50:13,HO2403-C-2350,HO2403-C-2350,399.4,0.0,0.0,0.0,7,380.8,386.8,7,399.4,376.6,0.0,0.0,0.0,0.0,48
2023-05-10 09:50:14,HO2403-C-2350,HO2403-C-2350,399.4,0.0,0.0,0.0,3,381.0,386.8,6,399.4,376.6,0.0,0.0,0.0,0.0,48
2023-05-10 09:50:14,HO2403-C-2350,HO2403-C-2350,399.4,0.0,0.0,0.0,6,381.2,386.8,6,399.4,376.6,0.0,0.0,0.0,0.0,48
2023-05-10 09:50:15,HO2403-C-2350,HO2403-C-2350,399.4,0.0,0.0,0.0,3,381.4,386.8,6,399.4,376.6,0.0,0.0,0.0,0.0,48
2023-05-10 09:50:15,HO2403-C-2350,HO2403-C-2350,399.4,0.0,0.0,0.0,6,381.6,387.8,18,399.4,376.6,0.0,0.0,0.0,0.0,48
2023-05-10 09:50:16,HO2403-C-2350,HO2403-C-2350,399.4,0.0,0.0,0.0,3,381.8,387.8,12,399.4,376.6,0.0,0.0,0.0,0.0,48
2023-05-10 09:50:16,HO2403-C-2350,HO2403-C-2350,399.4,0.0,0.0,0.0,6,381.6,388.0,12,399.4,376.6,0.0,0.0,0.0,0.0,48
2023-05-10 09:50:17,HO2403-C-2350,HO2403-C-2350,399.4,0.0,0.0,0.0,6,381.6,388.0,6,399.4,376.6,0.0,0.0,0.0,0.0,48
2023-05-10 09:50:19,HO2403-C-2350,HO2403-C-2350,399.4,0.0,0.0,0.0,3,381.8,388.0,6,399.4,376.6,0.0,0.0,0.0,0.0,48
2023-05-10 09:50:19,HO2403-C-2350,HO2403-C-2350,399.4,0.0,0.0,0.0,6,382.0,388.0,6,399.4,376.6,0.0,0.0,0.0,0.0,48
2023-05-10 09:50:20,HO2403-C-2350,HO2403-C-2350,399.4,0.0,0.0,0.0,3,382.2,388.0,6,399.4,376.6,0.0,0.0,0.0,0.0,48
2023-05-10 09:50:20,HO2403-C-2350,HO2403-C-2350,399.4,0.0,0.0,0.0,9,382.0,388.0,6,399.4,376.6,0.0,0.0,0.0,0.0,48
2023-05-10 09:50:21,HO2403-C-2350,HO2403-C-2350,399.4,0.0,0.0,0.0,6,382.0,388.0,6,399.4,376.6,0.0,0.0,0.0,0.0,48
2023-05-10 09:50:21,HO2403-C-2350,HO2403-C-2350,399.4,0.0,0.0,0.0,6,381.6,388.0,6,399.4,376.6,0.0,0.0,0.0,0.0,48
2023-05-10 09:50:22,HO2403-C-2350,HO2403-C-2350,399.4,0.0,0.0,0.0,7,381.6,388.0,6,399.4,376.6,0.0,0.0,0.0,0.0,48
2023-05-10 09:50:23,HO2403-C-2350,HO2403-C-2350,399.4,0.0,0.0,0.0,3,381.8,388.0,6,399.4,376.6,0.0,0.0,0.0,0.0,48
2023-05-10 09:50:23,HO2403-C-2350,HO2403-C-2350,399.4,0.0,0.0,0.0,6,382.0,388.0,6,399.4,376.6,0.0,0.0,0.0,0.0,48
2023-05-10 09:50:24,HO2403-C-2350,HO2403-C-2350,399.4,0.0,0.0,0.0,3,382.2,388.0,6,399.4,376.6,0.0,0.0,0.0,0.0,48
2023-05-10 09:50:24,HO2403-C-2350,HO2403-C-2350,399.4,0.0,0.0,0.0,6,382.4,388.0,6,399.4,376.6,0.0,0.0,0.0,0.0,48
2023-05-10 09:50:25,HO2403-C-2350,HO2403-C-2350,399.4,0.0,0.0,0.0,1,382.6,388.0,6,399.4,376.6,0.0,0.0,0.0,0.0,48
2023-05-10 09:50:25,HO2403-C-2350,HO2403-C-2350,399.4,0.0,0.0,0.0,2,382.6,388.0,6,399.4,376.6,0.0,0.0,0.0,0.0,48
2023-05-10 09:50:26,HO2403-C-2350,HO2403-C-2350,399.4,0.0,0.0,0.0,3,382.6,388.0,6,399.4,376.6,0.0,0.0,0.0,0.0,48
2023-05-10 09:50:30,HO2403-C-2350,HO2403-C-2350,399.4,0.0,0.0,0.0,3,382.8,388.0,6,399.4,376.6,0.0,0.0,0.0,0.0,48
2023-05-10 09:50:30,HO2403-C-2350,HO2403-C-2350,399.4,0.0,0.0,0.0,3,382.8,388.2,1,399.4,376.6,0.0,0.0,0.0,0.0,48
2023-05-10 09:50:32,HO2403-C-2350,HO2403-C-2350,399.4,0.0,0.0,0.0,6,382.6,388.2,1,399.4,376.6,0.0,0.0,0.0,0.0,48
2023-05-10 09:50:33,HO2403-C-2350,HO2403-C-2350,399.4,0.0,0.0,0.0,3,382.6,388.2,1,399.4,376.6,0.0,0.0,0.0,0.0,48
2023-05-10 09:50:34,HO2403-C-2350,HO2403-C-2350,399.4,0.0,0.0,0.0,3,382.6,387.8,6,399.4,376.6,0.0,0.0,0.0,0.0,48
2023-05-10 09:50:35,HO2403-C-2350,HO2403-C-2350,399.4,0.0,0.0,0.0,2,382.6,387.8,6,399.4,376.6,0.0,0.0,0.0,0.0,48
2023-05-10 09:50:36,HO2403-C-2350,HO2403-C-2350,399.4,0.0,0.0,0.0,1,382.6,387.8,7,399.4,376.6,0.0,0.0,0.0,0.0,48
2023-05-10 09:50:46,HO2403-C-2350,HO2403-C-2350,399.4,0.0,0.0,0.0,4,382.6,387.8,7,399.4,376.6,0.0,0.0,0.0,0.0,48
2023-05-10 09:50:46,HO2403-C-2350,HO2403-C-2350,399.4,0.0,0.0,0.0,1,382.6,387.8,7,399.4,376.6,0.0,0.0,0.0,0.0,48
2023-05-10 09:50:47,HO2403-C-2350,HO2403-C-2350,399.4,0.0,0.0,0.0,1,382.6,387.6,1,399.4,376.6,0.0,0.0,0.0,0.0,48
2023-05-10 09:50:54,HO2403-C-2350,HO2403-C-2350,399.4,0.0,0.0,0.0,1,382.6,387.8,6,399.4,376.6,0.0,0.0,0.0,0.0,48
2023-05-10 09:50:59,HO2403-C-2350,HO2403-C-2350,399.4,0.0,0.0,0.0,4,382.6,387.8,6,399.4,376.6,0.0,0.0,0.0,0.0,48
2023-05-10 09:51:00,HO2403-C-2350,HO2403-C-2350,399.4,0.0,0.0,0.0,1,382.6,387.8,6,399.4,376.6,0.0,0.0,0.0,0.0,48
2023-05-10 09:51:01,HO2403-C-2350,HO2403-C-2350,399.4,0.0,0.0,0.0,24,382.4,387.8,6,399.4,376.6,0.0,0.0,0.0,0.0,48
2023-05-10 09:51:02,HO2403-C-2350,HO2403-C-2350,399.4,0.0,0.0,0.0,6,382.4,387.8,6,399.4,376.6,0.0,0.0,0.0,0.0,48
2023-05-10 09:51:02,HO2403-C-2350,HO2403-C-2350,399.4,0.0,0.0,0.0,15,381.6,387.8,6,399.4,376.6,0.0,0.0,0.0,0.0,48
2023-05-10 09:51:03,HO2403-C-2350,HO2403-C-2350,399.4,0.0,0.0,0.0,9,381.6,387.8,6,399.4,376.6,0.0,0.0,0.0,0.0,48
2023-05-10 09:51:03,HO2403-C-2350,HO2403-C-2350,399.4,0.0,0.0,0.0,3,381.6,387.8,6,399.4,376.6,0.0,0.0,0.0,0.0,48
2023-05-10 09:51:06,HO2403-C-2350,HO2403-C-2350,399.4,0.0,0.0,0.0,3,381.6,387.6,1,399.4,376.6,0.0,0.0,0.0,0.0,48
2023-05-10 09:51:06,HO2403-C-2350,HO2403-C-2350,399.4,0.0,0.0,0.0,27,381.4,387.6,1,399.4,376.6,0.0,0.0,0.0,0.0,48
2023-05-10 09:51:07,HO2403-C-2350,HO2403-C-2350,399.4,0.0,0.0,0.0,21,381.4,387.6,1,399.4,376.6,0.0,0.0,0.0,0.0,48
2023-05-10 09:51:11,HO2403-C-2350,HO2403-C-2350,399.4,0.0,0.0,0.0,21,381.4,387.8,7,399.4,376.6,0.0,0.0,0.0,0.0,48
2023-05-10 09:51:12,HO2403-C-2350,HO2403-C-2350,399.4,0.0,0.0,0.0,6,381.6,387.8,7,399.4,376.6,0.0,0.0,0.0,0.0,48
2023-05-10 09:51:12,HO2403-C-2350,HO2403-C-2350,399.4,0.0,0.0,0.0,3,381.8,387.8,7,399.4,376.6,0.0,0.0,0.0,0.0,48
2023-05-10 09:51:14,HO2403-C-2350,HO2403-C-2350,399.4,0.0,0.0,0.0,6,382.0,387.8,6,399.4,376.6,0.0,0.0,0.0,0.0,48
2023-05-10 09:51:15,HO2403-C-2350,HO2403-C-2350,399.4,0.0,0.0,0.0,3,382.2,387.8,6,399.4,376.6,0.0,0.0,0.0,0.0,48
2023-05-10 09:51:16,HO2403-C-2350,HO2403-C-2350,399.4,0.0,0.0,0.0,6,382.4,388.0,12,399.4,376.6,0.0,0.0,0.0,0.0,48
2023-05-10 09:51:16,HO2403-C-2350,HO2403-C-2350,399.4,0.0,0.0,0.0,3,382.6,388.4,30,399.4,376.6,0.0,0.0,0.0,0.0,48
2023-05-10 09:51:17,HO2403-C-2350,HO2403-C-2350,399.4,0.0,0.0,0.0,3,382.6,388.4,6,399.4,376.6,0.0,0.0,0.0,0.0,48
2023-05-10 09:51:17,HO2403-C-2350,HO2403-C-2350,399.4,0.0,0.0,0.0,3,382.6,388.6,24,399.4,376.6,0.0,0.0,0.0,0.0,48
2023-05-10 09:51:18,HO2403-C-2350,HO2403-C-2350,399.4,0.0,0.0,0.0,3,382.6,388.6,12,399.4,376.6,0.0,0.0,0.0,0.0,48
2023-05-10 09:51:18,HO2403-C-2350,HO2403-C-2350,399.4,0.0,0.0,0.0,3,382.6,388.8,18,399.4,376.6,0.0,0.0,0.0,0.0,48
2023-05-10 09:51:19,HO2403-C-2350,HO2403-C-2350,399.4,0.0,0.0,0.0,3,382.6,388.8,12,399.4,376.6,0.0,0.0,0.0,0.0,48
2023-05-10 09:51:19,HO2403-C-2350,HO2403-C-2350,399.4,0.0,0.0,0.0,3,382.6,388.8,6,399.4,376.6,0.0,0.0,0.0,0.0,48
2023-05-10 09:51:20,HO2403-C-2350,HO2403-C-2350,399.4,0.0,0.0,0.0,9,382.4,388.8,6,399.4,376.6,0.0,0.0,0.0,0.0,48
2023-05-10 09:51:21,HO2403-C-2350,HO2403-C-2350,399.4,0.0,0.0,0.0,6,382.4,388.8,6,399.4,376.6,0.0,0.0,0.0,0.0,48
2023-05-10 09:51:24,HO2403-C-2350,HO2403-C-2350,399.4,0.0,0.0,0.0,6,382.4,388.0,1,399.4,376.6,0.0,0.0,0.0,0.0,48
2023-05-10 09:51:24,HO2403-C-2350,HO2403-C-2350,399.4,0.0,0.0,0.0,12,382.2,387.8,6,399.4,376.6,0.0,0.0,0.0,0.0,48
2023-05-10 09:51:25,HO2403-C-2350,HO2403-C-2350,399.4,0.0,0.0,0.0,12,382.0,387.8,6,399.4,376.6,0.0,0.0,0.0,0.0,48
2023-05-10 09:51:25,HO2403-C-2350,HO2403-C-2350,399.4,0.0,0.0,0.0,27,381.8,387.8,6,399.4,376.6,0.0,0.0,0.0,0.0,48
2023-05-10 09:51:26,HO2403-C-2350,HO2403-C-2350,399.4,0.0,0.0,0.0,18,381.8,387.8,7,399.4,376.6,0.0,0.0,0.0,0.0,48
2023-05-10 09:51:37,HO2403-C-2350,HO2403-C-2350,399.4,0.0,0.0,0.0,18,381.8,387.6,1,399.4,376.6,0.0,0.0,0.0,0.0,48
2023-05-10 09:51:38,HO2403-C-2350,HO2403-C-2350,399.4,0.0,0.0,0.0,21,381.8,387.8,6,399.4,376.6,0.0,0.0,0.0,0.0,48
2023-05-10 09:51:38,HO2403-C-2350,HO2403-C-2350,399.4,0.0,0.0,0.0,18,381.8,387.8,6,399.4,376.6,0.0,0.0,0.0,0.0,48
2023-05-10 09:51:41,HO2403-C-2350,HO2403-C-2350,399.4,0.0,0.0,0.0,21,381.8,387.8,6,399.4,376.6,0.0,0.0,0.0,0.0,48
2023-05-10 09:51:42,HO2403-C-2350,HO2403-C-2350,399.4,0.0,0.0,0.0,18,381.8,387.8,6,399.4,376.6,0.0,0.0,0.0,0.0,48
2023-05-10 09:51:58,HO2403-C-2350,HO2403-C-2350,399.4,0.0,0.0,0.0,12,381.8,387.8,6,399.4,376.6,0.0,0.0,0.0,0.0,48
2023-05-10 09:51:58,HO2403-C-2350,HO2403-C-2350,399.4,0.0,0.0,0.0,6,381.8,387.8,6,399.4,376.6,0.0,0.0,0.0,0.0,48
2023-05-10 09:52:00,HO2403-C-2350,HO2403-C-2350,399.4,0.0,0.0,0.0,6,381.8,387.2,1,399.4,376.6,0.0,0.0,0.0,0.0,48
2023-05-10 09:52:01,HO2403-C-2350,HO2403-C-2350,399.4,0.0,0.0,0.0,6,381.8,386.8,6,399.4,376.6,0.0,0.0,0.0,0.0,48
2023-05-10 09:52:02,HO2403-C-2350,HO2403-C-2350,399.4,0.0,0.0,0.0,12,381.6,386.8,6,399.4,376.6,0.0,0.0,0.0,0.0,48
2023-05-10 09:52:02,HO2403-C-2350,HO2403-C-2350,399.4,0.0,0.0,0.0,6,381.6,386.8,6,399.4,376.6,0.0,0.0,0.0,0.0,48
2023-05-10 09:52:05,HO2403-C-2350,HO2403-C-2350,399.4,0.0,0.0,0.0,6,381.6,386.4,1,399.4,376.6,0.0,0.0,0.0,0.0,48
2023-05-10 09:52:16,HO2403-C-2350,HO2403-C-2350,399.4,0.0,0.0,0.0,6,381.6,385.8,6,399.4,376.6,0.0,0.0,0.0,0.0,48
2023-05-10 09:52:18,HO2403-C-2350,HO2403-C-2350,399.4,0.0,0.0,0.0,18,381.2,385.8,6,399.4,376.6,0.0,0.0,0.0,0.0,48
2023-05-10 09:52:18,HO2403-C-2350,HO2403-C-2350,399.4,0.0,0.0,0.0,12,381.2,385.8,6,399.4,376.6,0.0,0.0,0.0,0.0,48
2023-05-10 09:52:19,HO2403-C-2350,HO2403-C-2350,399.4,0.0,0.0,0.0,12,381.0,385.8,6,399.4,376.6,0.0,0.0,0.0,0.0,48
2023-05-10 09:52:19,HO2403-C-2350,HO2403-C-2350,399.4,0.0,0.0,0.0,6,381.0,385.8,6,399.4,376.6,0.0,0.0,0.0,0.0,48
2023-05-10 09:52:20,HO2403-C-2350,HO2403-C-2350,399.4,0.0,0.0,0.0,6,381.0,385.4,1,399.4,376.6,0.0,0.0,0.0,0.0,48
2023-05-10 09:52:29,HO2403-C-2350,HO2403-C-2350,399.4,0.0,0.0,0.0,6,381.0,385.8,6,399.4,376.6,0.0,0.0,0.0,0.0,48
2023-05-10 09:52:40,HO2403-C-2350,HO2403-C-2350,399.4,0.0,0.0,0.0,6,381.0,386.6,24,399.4,376.6,0.0,0.0,0.0,0.0,48
2023-05-10 09:52:40,HO2403-C-2350,HO2403-C-2350,399.4,0.0,0.0,0.0,6,381.0,386.6,1,399.4,376.6,0.0,0.0,0.0,0.0,48
2023-05-10 09:52:49,HO2403-C-2350,HO2403-C-2350,399.4,0.0,0.0,0.0,6,381.0,386.4,1,399.4,376.6,0.0,0.0,0.0,0.0,48
2023-05-10 09:52:49,HO2403-C-2350,HO2403-C-2350,399.4,0.0,0.0,0.0,6,381.0,385.8,6,399.4,376.6,0.0,0.0,0.0,0.0,48
2023-05-10 09:52:50,HO2403-C-2350,HO2403-C-2350,399.4,0.0,0.0,0.0,12,380.8,385.8,6,399.4,376.6,0.0,0.0,0.0,0.0,48
2023-05-10 09:52:50,HO2403-C-2350,HO2403-C-2350,399.4,0.0,0.0,0.0,12,380.6,385.8,6,399.4,376.6,0.0,0.0,0.0,0.0,48
2023-05-10 09:52:51,HO2403-C-2350,HO2403-C-2350,399.4,0.0,0.0,0.0,18,380.0,385.8,6,399.4,376.6,0.0,0.0,0.0,0.0,48
2023-05-10 09:52:51,HO2403-C-2350,HO2403-C-2350,399.4,0.0,0.0,0.0,12,380.0,385.8,6,399.4,376.6,0.0,0.0,0.0,0.0,48
2023-05-10 09:52:52,HO2403-C-2350,HO2403-C-2350,399.4,0.0,0.0,0.0,6,380.0,385.8,6,399.4,376.6,0.0,0.0,0.0,0.0,48
2023-05-10 09:52:58,HO2403-C-2350,HO2403-C-2350,399.4,0.0,0.0,0.0,6,380.0,385.6,1,399.4,376.6,0.0,0.0,0.0,0.0,48
2023-05-10 09:52:59,HO2403-C-2350,HO2403-C-2350,399.4,0.0,0.0,0.0,6,380.0,385.6,2,399.4,376.6,0.0,0.0,0.0,0.0,48
2023-05-10 09:53:06,HO2403-C-2350,HO2403-C-2350,399.4,0.0,0.0,0.0,6,380.0,384.6,1,399.4,376.6,0.0,0.0,0.0,0.0,48
2023-05-10 09:53:11,HO2403-C-2350,HO2403-C-2350,399.4,0.0,0.0,0.0,6,380.0,385.0,6,399.4,376.6,0.0,0.0,0.0,0.0,48
2023-05-10 09:53:14,HO2403-C-2350,HO2403-C-2350,399.4,0.0,0.0,0.0,6,380.0,385.0,7,399.4,376.6,0.0,0.0,0.0,0.0,48
2023-05-10 09:53:15,HO2403-C-2350,HO2403-C-2350,399.4,0.0,0.0,0.0,6,380.0,385.0,1,399.4,376.6,0.0,0.0,0.0,0.0,48
2023-05-10 09:53:15,HO2403-C-2350,HO2403-C-2350,399.4,0.0,0.0,0.0,6,380.0,385.6,18,399.4,376.6,0.0,0.0,0.0,0.0,48
2023-05-10 09:53:16,HO2403-C-2350,HO2403-C-2350,399.4,0.0,0.0,0.0,6,380.0,385.6,6,399.4,376.6,0.0,0.0,0.0,0.0,48
2023-05-10 09:53:16,HO2403-C-2350,HO2403-C-2350,399.4,0.0,0.0,0.0,3,380.2,386.0,12,399.4,376.6,0.0,0.0,0.0,0.0,48
2023-05-10 09:53:17,HO2403-C-2350,HO2403-C-2350,399.4,0.0,0.0,0.0,3,380.2,386.0,6,399.4,376.6,0.0,0.0,0.0,0.0,48
2023-05-10 09:53:17,HO2403-C-2350,HO2403-C-2350,399.4,0.0,0.0,0.0,6,380.0,386.0,6,399.4,376.6,0.0,0.0,0.0,0.0,48
2023-05-10 09:53:54,HO2403-C-2350,HO2403-C-2350,399.4,0.0,0.0,0.0,6,380.0,386.0,7,399.4,376.6,0.0,0.0,0.0,0.0,48
2023-05-10 09:54:04,HO2403-C-2350,HO2403-C-2350,399.4,0.0,0.0,0.0,6,380.0,385.8,1,399.4,376.6,0.0,0.0,0.0,0.0,48
2023-05-10 09:54:05,HO2403-C-2350,HO2403-C-2350,399.4,0.0,0.0,0.0,6,380.0,385.6,1,399.4,376.6,0.0,0.0,0.0,0.0,48
2023-05-10 09:54:06,HO2403-C-2350,HO2403-C-2350,399.4,0.0,0.0,0.0,12,379.8,385.0,6,399.4,376.6,0.0,0.0,0.0,0.0,48
2023-05-10 09:54:06,HO2403-C-2350,HO2403-C-2350,399.4,0.0,0.0,0.0,12,379.6,385.0,6,399.4,376.6,0.0,0.0,0.0,0.0,48
2023-05-10 09:54:07,HO2403-C-2350,HO2403-C-2350,399.4,0.0,0.0,0.0,12,379.4,385.0,6,399.4,376.6,0.0,0.0,0.0,0.0,48
2023-05-10 09:54:07,HO2403-C-2350,HO2403-C-2350,399.4,0.0,0.0,0.0,6,379.4,385.0,6,399.4,376.6,0.0,0.0,0.0,0.0,48
2023-05-10 09:54:08,HO2403-C-2350,HO2403-C-2350,399.4,0.0,0.0,0.0,33,379.0,385.0,6,399.4,376.6,0.0,0.0,0.0,0.0,48
2023-05-10 09:54:08,HO2403-C-2350,HO2403-C-2350,399.4,0.0,0.0,0.0,21,379.0,385.0,6,399.4,376.6,0.0,0.0,0.0,0.0,48
2023-05-10 09:54:11,HO2403-C-2350,HO2403-C-2350,399.4,0.0,0.0,0.0,21,379.0,385.0,7,399.4,376.6,0.0,0.0,0.0,0.0,48
2023-05-10 09:54:21,HO2403-C-2350,HO2403-C-2350,399.4,0.0,0.0,0.0,21,379.0,384.8,1,399.4,376.6,0.0,0.0,0.0,0.0,48
2023-05-10 09:54:26,HO2403-C-2350,HO2403-C-2350,399.4,0.0,0.0,0.0,18,379.0,384.8,1,399.4,376.6,0.0,0.0,0.0,0.0,48
2023-05-10 09:54:27,HO2403-C-2350,HO2403-C-2350,399.4,0.0,0.0,0.0,12,379.0,384.8,1,399.4,376.6,0.0,0.0,0.0,0.0,48
2023-05-10 09:54:28,HO2403-C-2350,HO2403-C-2350,399.4,0.0,0.0,0.0,6,379.0,384.8,1,399.4,376.6,0.0,0.0,0.0,0.0,48
2023-05-10 09:54:34,HO2403-C-2350,HO2403-C-2350,399.4,0.0,0.0,0.0,6,379.0,384.6,1,399.4,376.6,0.0,0.0,0.0,0.0,48
2023-05-10 09:54:41,HO2403-C-2350,HO2403-C-2350,399.4,0.0,0.0,0.0,6,379.0,384.4,1,399.4,376.6,0.0,0.0,0.0,0.0,48
2023-05-10 09:54:44,HO2403-C-2350,HO2403-C-2350,399.4,0.0,0.0,0.0,6,379.0,384.4,2,399.4,376.6,0.0,0.0,0.0,0.0,48
2023-05-10 09:54:57,HO2403-C-2350,HO2403-C-2350,399.4,0.0,0.0,0.0,6,379.0,384.2,1,399.4,376.6,0.0,0.0,0.0,0.0,48
2023-05-10 09:55:03,HO2403-C-2350,HO2403-C-2350,399.4,0.0,0.0,0.0,6,379.0,383.8,6,399.4,376.6,0.0,0.0,0.0,0.0,48
2023-05-10 09:55:04,HO2403-C-2350,HO2403-C-2350,399.4,0.0,0.0,0.0,6,379.0,383.4,1,399.4,376.6,0.0,0.0,0.0,0.0,48
2023-05-10 09:55:06,HO2403-C-2350,HO2403-C-2350,399.4,0.0,0.0,0.0,12,378.6,383.4,1,399.4,376.6,0.0,0.0,0.0,0.0,48
2023-05-10 09:55:06,HO2403-C-2350,HO2403-C-2350,399.4,0.0,0.0,0.0,6,378.6,383.4,1,399.4,376.6,0.0,0.0,0.0,0.0,48
2023-05-10 09:55:23,HO2403-C-2350,HO2403-C-2350,399.4,0.0,0.0,0.0,6,378.6,383.4,2,399.4,376.6,0.0,0.0,0.0,0.0,48
2023-05-10 09:55:31,HO2403-C-2350,HO2403-C-2350,399.4,0.0,0.0,0.0,6,378.6,382.6,6,399.4,376.6,0.0,0.0,0.0,0.0,48
2023-05-10 09:55:42,HO2403-C-2350,HO2403-C-2350,399.4,0.0,0.0,0.0,6,378.4,382.6,6,399.4,376.6,0.0,0.0,0.0,0.0,48
2023-05-10 09:55:43,HO2403-C-2350,HO2403-C-2350,399.4,0.0,0.0,0.0,6,378.2,382.6,7,399.4,376.6,0.0,0.0,0.0,0.0,48
2023-05-10 09:55:43,HO2403-C-2350,HO2403-C-2350,399.4,0.0,0.0,0.0,12,378.0,382.6,7,399.4,376.6,0.0,0.0,0.0,0.0,48
2023-05-10 09:55:44,HO2403-C-2350,HO2403-C-2350,399.4,0.0,0.0,0.0,12,377.6,382.6,7,399.4,376.6,0.0,0.0,0.0,0.0,48
2023-05-10 09:55:44,HO2403-C-2350,HO2403-C-2350,399.4,0.0,0.0,0.0,6,377.6,382.6,7,399.4,376.6,0.0,0.0,0.0,0.0,48
2023-05-10 09:55:45,HO2403-C-2350,HO2403-C-2350,399.4,0.0,0.0,0.0,6,377.0,382.6,7,399.4,376.6,0.0,0.0,0.0,0.0,48
2023-05-10 09:55:47,HO2403-C-2350,HO2403-C-2350,399.4,0.0,0.0,0.0,6,377.0,382.6,8,399.4,376.6,0.0,0.0,0.0,0.0,48
2023-05-10 09:55:53,HO2403-C-2350,HO2403-C-2350,399.4,0.0,0.0,0.0,6,377.0,382.4,1,399.4,376.6,0.0,0.0,0.0,0.0,48
2023-05-10 09:56:02,HO2403-C-2350,HO2403-C-2350,399.4,0.0,0.0,0.0,9,377.0,382.4,1,399.4,376.6,0.0,0.0,0.0,0.0,48
2023-05-10 09:56:03,HO2403-C-2350,HO2403-C-2350,399.4,0.0,0.0,0.0,9,377.0,382.2,1,399.4,376.6,0.0,0.0,0.0,0.0,48
2023-05-10 09:56:04,HO2403-C-2350,HO2403-C-2350,399.4,0.0,0.0,0.0,6,377.0,382.2,1,399.4,376.6,0.0,0.0,0.0,0.0,48
2023-05-10 09:56:05,HO2403-C-2350,HO2403-C-2350,399.4,0.0,0.0,0.0,3,377.2,382.2,1,399.4,376.6,0.0,0.0,0.0,0.0,48
2023-05-10 09:56:06,HO2403-C-2350,HO2403-C-2350,399.4,0.0,0.0,0.0,9,377.0,382.2,1,399.4,376.6,0.0,0.0,0.0,0.0,48
2023-05-10 09:56:10,HO2403-C-2350,HO2403-C-2350,399.4,0.0,0.0,0.0,6,377.0,382.2,1,399.4,376.6,0.0,0.0,0.0,0.0,48
2023-05-10 09:56:17,HO2403-C-2350,HO2403-C-2350,399.4,0.0,0.0,0.0,3,377.2,382.2,1,399.4,376.6,0.0,0.0,0.0,0.0,48
2023-05-10 09:56:20,HO2403-C-2350,HO2403-C-2350,399.4,0.0,0.0,0.0,6,377.0,382.2,1,399.4,376.6,0.0,0.0,0.0,0.0,48
2023-05-10 09:56:27,HO2403-C-2350,HO2403-C-2350,399.4,0.0,0.0,0.0,6,377.0,382.6,6,399.4,376.6,0.0,0.0,0.0,0.0,48
2023-05-10 09:56:28,HO2403-C-2350,HO2403-C-2350,399.4,0.0,0.0,0.0,9,377.0,382.6,6,399.4,376.6,0.0,0.0,0.0,0.0,48
2023-05-10 09:56:42,HO2403-C-2350,HO2403-C-2350,399.4,0.0,0.0,0.0,9,377.0,382.8,1,399.4,376.6,0.0,0.0,0.0,0.0,48
2023-05-10 09:56:44,HO2403-C-2350,HO2403-C-2350,399.4,0.0,0.0,0.0,9,377.0,382.6,1,399.4,376.6,0.0,0.0,0.0,0.0,48
2023-05-10 09:57:00,HO2403-C-2350,HO2403-C-2350,399.4,0.0,0.0,0.0,9,377.0,382.4,1,399.4,376.6,0.0,0.0,0.0,0.0,48
2023-05-10 09:57:06,HO2403-C-2350,HO2403-C-2350,399.4,0.0,0.0,0.0,9,377.0,383.2,1,399.4,376.6,0.0,0.0,0.0,0.0,48
2023-05-10 09:57:16,HO2403-C-2350,HO2403-C-2350,399.4,0.0,0.0,0.0,9,377.0,383.0,1,399.4,376.6,0.0,0.0,0.0,0.0,48
2023-05-10 09:57:26,HO2403-C-2350,HO2403-C-2350,399.4,0.0,0.0,0.0,9,377.0,382.8,1,399.4,376.6,0.0,0.0,0.0,0.0,48
2023-05-10 09:57:28,HO2403-C-2350,HO2403-C-2350,399.4,0.0,0.0,0.0,9,377.0,383.4,1,399.4,376.6,0.0,0.0,0.0,0.0,48
2023-05-10 09:57:38,HO2403-C-2350,HO2403-C-2350,399.4,0.0,0.0,0.0,9,377.0,383.2,1,399.4,376.6,0.0,0.0,0.0,0.0,48
2023-05-10 09:57:48,HO2403-C-2350,HO2403-C-2350,399.4,0.0,0.0,0.0,9,377.0,383.0,1,399.4,376.6,0.0,0.0,0.0,0.0,48
2023-05-10 09:57:58,HO2403-C-2350,HO2403-C-2350,399.4,0.0,0.0,0.0,9,377.0,382.8,1,399.4,376.6,0.0,0.0,0.0,0.0,48
2023-05-10 09:58:09,HO2403-C-2350,HO2403-C-2350,399.4,0.0,0.0,0.0,9,377.0,382.6,1,399.4,376.6,0.0,0.0,0.0,0.0,48
2023-05-10 09:58:09,HO2403-C-2350,HO2403-C-2350,399.4,0.0,0.0,0.0,6,377.0,382.6,1,399.4,376.6,0.0,0.0,0.0,0.0,48
2023-05-10 09:58:12,HO2403-C-2350,HO2403-C-2350,399.4,0.0,0.0,0.0,9,377.0,382.6,1,399.4,376.6,0.0,0.0,0.0,0.0,48
2023-05-10 09:58:29,HO2403-C-2350,HO2403-C-2350,399.4,0.0,0.0,0.0,9,377.0,383.2,1,399.4,376.6,0.0,0.0,0.0,0.0,48
2023-05-10 09:58:39,HO2403-C-2350,HO2403-C-2350,399.4,0.0,0.0,0.0,9,377.0,383.0,1,399.4,376.6,0.0,0.0,0.0,0.0,48
2023-05-10 09:58:49,HO2403-C-2350,HO2403-C-2350,399.4,0.0,0.0,0.0,9,377.0,382.8,1,399.4,376.6,0.0,0.0,0.0,0.0,48
2023-05-10 09:58:59,HO2403-C-2350,HO2403-C-2350,399.4,0.0,0.0,0.0,9,377.0,382.6,1,399.4,376.6,0.0,0.0,0.0,0.0,48
2023-05-10 09:59:06,HO2403-C-2350,HO2403-C-2350,399.4,0.0,0.0,0.0,6,377.0,382.6,1,399.4,376.6,0.0,0.0,0.0,0.0,48
2023-05-10 09:59:07,HO2403-C-2350,HO2403-C-2350,399.4,0.0,0.0,0.0,6,377.0,382.6,7,399.4,376.6,0.0,0.0,0.0,0.0,48
2023-05-10 09:59:08,HO2403-C-2350,HO2403-C-2350,399.4,0.0,0.0,0.0,9,377.0,382.6,7,399.4,376.6,0.0,0.0,0.0,0.0,48
2023-05-10 09:59:09,HO2403-C-2350,HO2403-C-2350,399.4,0.0,0.0,0.0,6,377.0,382.6,7,399.4,376.6,0.0,0.0,0.0,0.0,48
2023-05-10 09:59:09,HO2403-C-2350,HO2403-C-2350,399.4,0.0,0.0,0.0,6,377.0,382.4,1,399.4,376.6,0.0,0.0,0.0,0.0,48
2023-05-10 09:59:10,HO2403-C-2350,HO2403-C-2350,399.4,0.0,0.0,0.0,9,377.0,382.4,1,399.4,376.6,0.0,0.0,0.0,0.0,48
2023-05-10 09:59:21,HO2403-C-2350,HO2403-C-2350,399.4,0.0,0.0,0.0,6,377.0,382.4,1,399.4,376.6,0.0,0.0,0.0,0.0,48
2023-05-10 09:59:29,HO2403-C-2350,HO2403-C-2350,399.4,0.0,0.0,0.0,6,377.0,382.6,6,399.4,376.6,0.0,0.0,0.0,0.0,48
2023-05-10 09:59:29,HO2403-C-2350,HO2403-C-2350,399.4,0.0,0.0,0.0,3,377.2,383.0,13,399.4,376.6,0.0,0.0,0.0,0.0,48
2023-05-10 09:59:30,HO2403-C-2350,HO2403-C-2350,399.4,0.0,0.0,0.0,3,377.2,383.0,7,399.4,376.6,0.0,0.0,0.0,0.0,48
2023-05-10 09:59:30,HO2403-C-2350,HO2403-C-2350,399.4,0.0,0.0,0.0,3,377.2,383.0,1,399.4,376.6,0.0,0.0,0.0,0.0,48
2023-05-10 09:59:33,HO2403-C-2350,HO2403-C-2350,399.4,0.0,0.0,0.0,6,377.4,383.0,1,399.4,376.6,0.0,0.0,0.0,0.0,48
2023-05-10 09:59:33,HO2403-C-2350,HO2403-C-2350,399.4,0.0,0.0,0.0,3,377.6,383.0,1,399.4,376.6,0.0,0.0,0.0,0.0,48
2023-05-10 09:59:34,HO2403-C-2350,HO2403-C-2350,399.4,0.0,0.0,0.0,6,377.8,383.6,18,399.4,376.6,0.0,0.0,0.0,0.0,48
2023-05-10 09:59:34,HO2403-C-2350,HO2403-C-2350,399.4,0.0,0.0,0.0,3,378.0,383.6,12,399.4,376.6,0.0,0.0,0.0,0.0,48
2023-05-10 09:59:35,HO2403-C-2350,HO2403-C-2350,399.4,0.0,0.0,0.0,3,378.0,383.6,6,399.4,376.6,0.0,0.0,0.0,0.0,48
2023-05-10 09:59:37,HO2403-C-2350,HO2403-C-2350,399.4,0.0,0.0,0.0,9,377.8,383.6,6,399.4,376.6,0.0,0.0,0.0,0.0,48
2023-05-10 09:59:39,HO2403-C-2350,HO2403-C-2350,399.4,0.0,0.0,0.0,9,377.8,383.6,7,399.4,376.6,0.0,0.0,0.0,0.0,48
2023-05-10 09:59:58,HO2403-C-2350,HO2403-C-2350,399.4,0.0,0.0,0.0,9,377.8,383.4,1,399.4,376.6,0.0,0.0,0.0,0.0,48
2023-05-10 10:00:01,HO2403-C-2350,HO2403-C-2350,399.4,0.0,0.0,0.0,6,377.8,383.4,1,399.4,376.6,0.0,0.0,0.0,0.0,48
2023-05-10 10:00:04,HO2403-C-2350,HO2403-C-2350,399.4,0.0,0.0,0.0,9,377.8,383.4,1,399.4,376.6,0.0,0.0,0.0,0.0,48
2023-05-10 10:00:08,HO2403-C-2350,HO2403-C-2350,399.4,0.0,0.0,0.0,9,377.8,383.8,18,399.4,376.6,0.0,0.0,0.0,0.0,48
2023-05-10 10:00:09,HO2403-C-2350,HO2403-C-2350,399.4,0.0,0.0,0.0,9,377.8,383.8,6,399.4,376.6,0.0,0.0,0.0,0.0,48
2023-05-10 10:00:09,HO2403-C-2350,HO2403-C-2350,399.4,0.0,0.0,0.0,9,377.8,384.2,12,399.4,376.6,0.0,0.0,0.0,0.0,48
2023-05-10 10:00:10,HO2403-C-2350,HO2403-C-2350,399.4,0.0,0.0,0.0,9,377.8,384.4,24,399.4,376.6,0.0,0.0,0.0,0.0,48
2023-05-10 10:00:10,HO2403-C-2350,HO2403-C-2350,399.4,0.0,0.0,0.0,9,377.8,384.4,18,399.4,376.6,0.0,0.0,0.0,0.0,48
2023-05-10 10:00:11,HO2403-C-2350,HO2403-C-2350,399.4,0.0,0.0,0.0,9,377.8,384.4,12,399.4,376.6,0.0,0.0,0.0,0.0,48
2023-05-10 10:00:12,HO2403-C-2350,HO2403-C-2350,399.4,0.0,0.0,0.0,9,377.8,384.4,6,399.4,376.6,0.0,0.0,0.0,0.0,48
2023-05-10 10:00:19,HO2403-C-2350,HO2403-C-2350,399.4,0.0,0.0,0.0,9,377.8,384.4,7,399.4,376.6,0.0,0.0,0.0,0.0,48
2023-05-10 10:00:29,HO2403-C-2350,HO2403-C-2350,399.4,0.0,0.0,0.0,9,377.8,384.2,1,399.4,376.6,0.0,0.0,0.0,0.0,48
2023-05-10 10:00:30,HO2403-C-2350,HO2403-C-2350,399.4,0.0,0.0,0.0,1,379.0,384.2,1,399.4,376.6,0.0,0.0,0.0,0.0,48
2023-05-10 10:00:43,HO2403-C-2350,HO2403-C-2350,399.4,0.0,0.0,0.0,1,379.0,384.0,1,399.4,376.6,0.0,0.0,0.0,0.0,48
2023-05-10 10:00:58,HO2403-C-2350,HO2403-C-2350,399.4,0.0,0.0,0.0,1,379.0,383.8,1,399.4,376.6,0.0,0.0,0.0,0.0,48
2023-05-10 10:01:23,HO2403-C-2350,HO2403-C-2350,399.4,0.0,0.0,0.0,1,379.0,383.6,1,399.4,376.6,0.0,0.0,0.0,0.0,48
2023-05-10 10:01:32,HO2403-C-2350,HO2403-C-2350,399.4,0.0,0.0,0.0,1,379.0,384.4,7,399.4,376.6,0.0,0.0,0.0,0.0,48
2023-05-10 10:01:35,HO2403-C-2350,HO2403-C-2350,399.4,0.0,0.0,0.0,4,379.0,384.4,7,399.4,376.6,0.0,0.0,0.0,0.0,48
2023-05-10 10:01:39,HO2403-C-2350,HO2403-C-2350,399.4,0.0,0.0,0.0,1,379.0,384.4,7,399.4,376.6,0.0,0.0,0.0,0.0,48
2023-05-10 10:01:42,HO2403-C-2350,HO2403-C-2350,399.4,0.0,0.0,0.0,1,379.0,384.2,1,399.4,376.6,0.0,0.0,0.0,0.0,48
2023-05-10 10:01:52,HO2403-C-2350,HO2403-C-2350,399.4,0.0,0.0,0.0,1,379.0,384.0,1,399.4,376.6,0.0,0.0,0.0,0.0,48
2023-05-10 10:01:54,HO2403-C-2350,HO2403-C-2350,399.4,0.0,0.0,0.0,4,379.0,384.0,1,399.4,376.6,0.0,0.0,0.0,0.0,48
2023-05-10 10:01:59,HO2403-C-2350,HO2403-C-2350,399.4,0.0,0.0,0.0,1,379.0,384.0,1,399.4,376.6,0.0,0.0,0.0,0.0,48
2023-05-10 10:02:02,HO2403-C-2350,HO2403-C-2350,399.4,0.0,0.0,0.0,1,379.0,384.4,6,399.4,376.6,0.0,0.0,0.0,0.0,48
2023-05-10 10:02:12,HO2403-C-2350,HO2403-C-2350,399.4,0.0,0.0,0.0,4,379.0,384.4,6,399.4,376.6,0.0,0.0,0.0,0.0,48
2023-05-10 10:02:21,HO2403-C-2350,HO2403-C-2350,399.4,0.0,0.0,0.0,1,379.0,384.4,6,399.4,376.6,0.0,0.0,0.0,0.0,48
2023-05-10 10:02:32,HO2403-C-2350,HO2403-C-2350,399.4,0.0,0.0,0.0,3,379.2,384.4,6,399.4,376.6,0.0,0.0,0.0,0.0,48
2023-05-10 10:02:33,HO2403-C-2350,HO2403-C-2350,399.4,0.0,0.0,0.0,3,379.2,384.6,12,399.4,376.6,0.0,0.0,0.0,0.0,48
2023-05-10 10:02:34,HO2403-C-2350,HO2403-C-2350,399.4,0.0,0.0,0.0,3,379.2,384.8,6,399.4,376.6,0.0,0.0,0.0,0.0,48
2023-05-10 10:02:34,HO2403-C-2350,HO2403-C-2350,399.4,0.0,0.0,0.0,3,379.2,385.0,18,399.4,376.6,0.0,0.0,0.0,0.0,48
2023-05-10 10:02:35,HO2403-C-2350,HO2403-C-2350,399.4,0.0,0.0,0.0,3,379.2,385.0,12,399.4,376.6,0.0,0.0,0.0,0.0,48
2023-05-10 10:02:35,HO2403-C-2350,HO2403-C-2350,399.4,0.0,0.0,0.0,3,379.2,385.0,6,399.4,376.6,0.0,0.0,0.0,0.0,48
2023-05-10 10:02:43,HO2403-C-2350,HO2403-C-2350,399.4,0.0,0.0,0.0,4,379.0,385.0,6,399.4,376.6,0.0,0.0,0.0,0.0,48
2023-05-10 10:02:48,HO2403-C-2350,HO2403-C-2350,399.4,0.0,0.0,0.0,1,379.0,385.0,6,399.4,376.6,0.0,0.0,0.0,0.0,48
2023-05-10 10:02:48,HO2403-C-2350,HO2403-C-2350,399.4,0.0,0.0,0.0,1,379.0,385.0,7,399.4,376.6,0.0,0.0,0.0,0.0,48
2023-05-10 10:03:00,HO2403-C-2350,HO2403-C-2350,399.4,0.0,0.0,0.0,1,379.0,384.8,1,399.4,376.6,0.0,0.0,0.0,0.0,48
2023-05-10 10:03:00,HO2403-C-2350,HO2403-C-2350,399.4,0.0,0.0,0.0,4,379.0,384.8,1,399.4,376.6,0.0,0.0,0.0,0.0,48
2023-05-10 10:03:01,HO2403-C-2350,HO2403-C-2350,399.4,0.0,0.0,0.0,1,379.0,384.8,1,399.4,376.6,0.0,0.0,0.0,0.0,48
2023-05-10 10:03:06,HO2403-C-2350,HO2403-C-2350,399.4,0.0,0.0,0.0,3,379.2,384.8,1,399.4,376.6,0.0,0.0,0.0,0.0,48
2023-05-10 10:03:07,HO2403-C-2350,HO2403-C-2350,399.4,0.0,0.0,0.0,6,379.4,385.2,12,399.4,376.6,0.0,0.0,0.0,0.0,48
2023-05-10 10:03:08,HO2403-C-2350,HO2403-C-2350,399.4,0.0,0.0,0.0,9,379.4,385.4,25,399.4,376.6,0.0,0.0,0.0,0.0,48
2023-05-10 10:03:08,HO2403-C-2350,HO2403-C-2350,399.4,0.0,0.0,0.0,9,379.4,385.4,19,399.4,376.6,0.0,0.0,0.0,0.0,48
2023-05-10 10:03:09,HO2403-C-2350,HO2403-C-2350,399.4,0.0,0.0,0.0,6,379.6,385.4,19,399.4,376.6,0.0,0.0,0.0,0.0,48
2023-05-10 10:03:09,HO2403-C-2350,HO2403-C-2350,399.4,0.0,0.0,0.0,3,379.8,385.4,6,399.4,376.6,0.0,0.0,0.0,0.0,48
2023-05-10 10:03:10,HO2403-C-2350,HO2403-C-2350,399.4,0.0,0.0,0.0,6,380.0,385.8,6,399.4,376.6,0.0,0.0,0.0,0.0,48
2023-05-10 10:03:10,HO2403-C-2350,HO2403-C-2350,399.4,0.0,0.0,0.0,3,380.2,386.2,19,399.4,376.6,0.0,0.0,0.0,0.0,48
2023-05-10 10:03:11,HO2403-C-2350,HO2403-C-2350,399.4,0.0,0.0,0.0,3,380.2,386.2,13,399.4,376.6,0.0,0.0,0.0,0.0,48
2023-05-10 10:03:11,HO2403-C-2350,HO2403-C-2350,399.4,0.0,0.0,0.0,3,380.2,386.2,7,399.4,376.6,0.0,0.0,0.0,0.0,48
2023-05-10 10:03:12,HO2403-C-2350,HO2403-C-2350,399.4,0.0,0.0,0.0,3,380.2,386.2,1,399.4,376.6,0.0,0.0,0.0,0.0,48
2023-05-10 10:03:12,HO2403-C-2350,HO2403-C-2350,399.4,0.0,0.0,0.0,6,380.4,386.2,1,399.4,376.6,0.0,0.0,0.0,0.0,48
2023-05-10 10:03:13,HO2403-C-2350,HO2403-C-2350,399.4,0.0,0.0,0.0,3,380.6,386.2,1,399.4,376.6,0.0,0.0,0.0,0.0,48
2023-05-10 10:03:14,HO2403-C-2350,HO2403-C-2350,399.4,0.0,0.0,0.0,9,380.4,386.2,1,399.4,376.6,0.0,0.0,0.0,0.0,48
2023-05-10 10:03:15,HO2403-C-2350,HO2403-C-2350,399.4,0.0,0.0,0.0,6,380.4,386.2,1,399.4,376.6,0.0,0.0,0.0,0.0,48
2023-05-10 10:03:16,HO2403-C-2350,HO2403-C-2350,399.4,0.0,0.0,0.0,6,379.8,386.2,1,399.4,376.6,0.0,0.0,0.0,0.0,48
2023-05-10 10:03:16,HO2403-C-2350,HO2403-C-2350,399.4,0.0,0.0,0.0,3,380.0,386.2,1,399.4,376.6,0.0,0.0,0.0,0.0,48
2023-05-10 10:03:21,HO2403-C-2350,HO2403-C-2350,399.4,0.0,0.0,0.0,3,380.0,386.0,1,399.4,376.6,0.0,0.0,0.0,0.0,48
2023-05-10 10:03:23,HO2403-C-2350,HO2403-C-2350,399.4,0.0,0.0,0.0,6,380.2,386.0,1,399.4,376.6,0.0,0.0,0.0,0.0,48
2023-05-10 10:03:23,HO2403-C-2350,HO2403-C-2350,399.4,0.0,0.0,0.0,3,380.4,386.0,1,399.4,376.6,0.0,0.0,0.0,0.0,48
2023-05-10 10:03:25,HO2403-C-2350,HO2403-C-2350,399.4,0.0,0.0,0.0,9,380.2,386.0,1,399.4,376.6,0.0,0.0,0.0,0.0,48
2023-05-10 10:03:32,HO2403-C-2350,HO2403-C-2350,399.4,0.0,0.0,0.0,1,381.6,386.0,1,399.4,376.6,0.0,0.0,0.0,0.0,48
2023-05-10 10:03:44,HO2403-C-2350,HO2403-C-2350,399.4,0.0,0.0,0.0,1,381.6,386.4,18,399.4,376.6,0.0,0.0,0.0,0.0,48
2023-05-10 10:03:46,HO2403-C-2350,HO2403-C-2350,399.4,0.0,0.0,0.0,1,381.6,386.4,12,399.4,376.6,0.0,0.0,0.0,0.0,48
2023-05-10 10:03:46,HO2403-C-2350,HO2403-C-2350,399.4,0.0,0.0,0.0,1,381.6,386.4,6,399.4,376.6,0.0,0.0,0.0,0.0,48
2023-05-10 10:04:09,HO2403-C-2350,HO2403-C-2350,399.4,0.0,0.0,0.0,1,381.6,386.8,12,399.4,376.6,0.0,0.0,0.0,0.0,48
2023-05-10 10:04:10,HO2403-C-2350,HO2403-C-2350,399.4,0.0,0.0,0.0,1,381.6,387.2,13,399.4,376.6,0.0,0.0,0.0,0.0,48
2023-05-10 10:04:10,HO2403-C-2350,HO2403-C-2350,399.4,0.0,0.0,0.0,1,381.6,387.2,7,399.4,376.6,0.0,0.0,0.0,0.0,48
2023-05-10 10:04:11,HO2403-C-2350,HO2403-C-2350,399.4,0.0,0.0,0.0,1,381.6,387.2,1,399.4,376.6,0.0,0.0,0.0,0.0,48
2023-05-10 10:04:18,HO2403-C-2350,HO2403-C-2350,399.4,0.0,0.0,0.0,1,381.6,387.0,1,399.4,376.6,0.0,0.0,0.0,0.0,48
2023-05-10 10:04:28,HO2403-C-2350,HO2403-C-2350,399.4,0.0,0.0,0.0,1,381.6,386.8,1,399.4,376.6,0.0,0.0,0.0,0.0,48
2023-05-10 10:04:30,HO2403-C-2350,HO2403-C-2350,399.4,0.0,0.0,0.0,1,381.6,386.4,6,399.4,376.6,0.0,0.0,0.0,0.0,48
2023-05-10 10:04:57,HO2403-C-2350,HO2403-C-2350,399.4,0.0,0.0,0.0,27,380.4,386.4,6,399.4,376.6,0.0,0.0,0.0,0.0,48
2023-05-10 10:04:57,HO2403-C-2350,HO2403-C-2350,399.4,0.0,0.0,0.0,15,380.4,386.4,6,399.4,376.6,0.0,0.0,0.0,0.0,48
2023-05-10 10:04:58,HO2403-C-2350,HO2403-C-2350,399.4,0.0,0.0,0.0,9,380.4,386.4,6,399.4,376.6,0.0,0.0,0.0,0.0,48
2023-05-10 10:04:58,HO2403-C-2350,HO2403-C-2350,399.4,0.0,0.0,0.0,3,380.4,386.4,6,399.4,376.6,0.0,0.0,0.0,0.0,48
2023-05-10 10:05:06,HO2403-C-2350,HO2403-C-2350,399.4,0.0,0.0,0.0,3,380.2,386.4,6,399.4,376.6,0.0,0.0,0.0,0.0,48
2023-05-10 10:05:13,HO2403-C-2350,HO2403-C-2350,399.4,0.0,0.0,0.0,33,380.0,386.4,6,399.4,376.6,0.0,0.0,0.0,0.0,48
2023-05-10 10:05:14,HO2403-C-2350,HO2403-C-2350,399.4,0.0,0.0,0.0,21,380.0,386.4,6,399.4,376.6,0.0,0.0,0.0,0.0,48
2023-05-10 10:05:27,HO2403-C-2350,HO2403-C-2350,399.4,0.0,0.0,0.0,6,380.2,386.4,6,399.4,376.6,0.0,0.0,0.0,0.0,48
2023-05-10 10:05:28,HO2403-C-2350,HO2403-C-2350,399.4,0.0,0.0,0.0,3,380.4,386.4,6,399.4,376.6,0.0,0.0,0.0,0.0,48
2023-05-10 10:05:28,HO2403-C-2350,HO2403-C-2350,399.4,0.0,0.0,0.0,6,380.6,386.4,6,399.4,376.6,0.0,0.0,0.0,0.0,48
2023-05-10 10:05:29,HO2403-C-2350,HO2403-C-2350,399.4,0.0,0.0,0.0,3,380.8,386.4,6,399.4,376.6,0.0,0.0,0.0,0.0,48
2023-05-10 10:05:33,HO2403-C-2350,HO2403-C-2350,399.4,0.0,0.0,0.0,3,380.8,386.8,12,399.4,376.6,0.0,0.0,0.0,0.0,48
2023-05-10 10:05:34,HO2403-C-2350,HO2403-C-2350,399.4,0.0,0.0,0.0,3,380.8,387.0,12,399.4,376.6,0.0,0.0,0.0,0.0,48
2023-05-10 10:05:34,HO2403-C-2350,HO2403-C-2350,399.4,0.0,0.0,0.0,3,380.8,387.2,19,399.4,376.6,0.0,0.0,0.0,0.0,48
2023-05-10 10:05:35,HO2403-C-2350,HO2403-C-2350,399.4,0.0,0.0,0.0,3,380.8,387.2,7,399.4,376.6,0.0,0.0,0.0,0.0,48
2023-05-10 10:05:35,HO2403-C-2350,HO2403-C-2350,399.4,0.0,0.0,0.0,3,380.8,387.2,1,399.4,376.6,0.0,0.0,0.0,0.0,48
2023-05-10 10:05:37,HO2403-C-2350,HO2403-C-2350,399.4,0.0,0.0,0.0,3,380.8,387.0,1,399.4,376.6,0.0,0.0,0.0,0.0,48
2023-05-10 10:05:47,HO2403-C-2350,HO2403-C-2350,399.4,0.0,0.0,0.0,3,380.8,386.8,1,399.4,376.6,0.0,0.0,0.0,0.0,48
2023-05-10 10:05:57,HO2403-C-2350,HO2403-C-2350,399.4,0.0,0.0,0.0,3,380.8,386.6,1,399.4,376.6,0.0,0.0,0.0,0.0,48
2023-05-10 10:05:59,HO2403-C-2350,HO2403-C-2350,399.4,0.0,0.0,0.0,9,380.6,386.6,1,399.4,376.6,0.0,0.0,0.0,0.0,48
2023-05-10 10:06:03,HO2403-C-2350,HO2403-C-2350,399.4,0.0,0.0,0.0,9,380.6,387.4,32,399.4,376.6,0.0,0.0,0.0,0.0,48
2023-05-10 10:06:03,HO2403-C-2350,HO2403-C-2350,399.4,0.0,0.0,0.0,9,380.6,387.4,26,399.4,376.6,0.0,0.0,0.0,0.0,48
2023-05-10 10:06:10,HO2403-C-2350,HO2403-C-2350,399.4,0.0,0.0,0.0,9,380.6,387.4,25,399.4,376.6,0.0,0.0,0.0,0.0,48
2023-05-10 10:06:13,HO2403-C-2350,HO2403-C-2350,399.4,0.0,0.0,0.0,9,380.6,387.2,1,399.4,376.6,0.0,0.0,0.0,0.0,48
2023-05-10 10:06:20,HO2403-C-2350,HO2403-C-2350,399.4,0.0,0.0,0.0,3,380.6,387.0,6,399.4,376.6,0.0,0.0,0.0,0.0,48
2023-05-10 10:06:34,HO2403-C-2350,HO2403-C-2350,399.4,0.0,0.0,0.0,9,380.6,387.2,7,399.4,376.6,0.0,0.0,0.0,0.0,48
2023-05-10 10:06:34,HO2403-C-2350,HO2403-C-2350,399.4,0.0,0.0,0.0,9,380.6,387.2,6,399.4,376.6,0.0,0.0,0.0,0.0,48
2023-05-10 10:06:59,HO2403-C-2350,HO2403-C-2350,399.4,0.0,0.0,0.0,1,382.2,387.2,6,399.4,376.6,0.0,0.0,0.0,0.0,48
2023-05-10 10:07:00,HO2403-C-2350,HO2403-C-2350,399.4,0.0,0.0,0.0,1,382.2,387.4,6,399.4,376.6,0.0,0.0,0.0,0.0,48
2023-05-10 10:07:01,HO2403-C-2350,HO2403-C-2350,399.4,0.0,0.0,0.0,3,382.4,388.0,12,399.4,376.6,0.0,0.0,0.0,0.0,48
2023-05-10 10:07:01,HO2403-C-2350,HO2403-C-2350,399.4,0.0,0.0,0.0,4,382.2,388.2,30,399.4,376.6,0.0,0.0,0.0,0.0,48
2023-05-10 10:07:02,HO2403-C-2350,HO2403-C-2350,399.4,0.0,0.0,0.0,4,382.2,388.2,24,399.4,376.6,0.0,0.0,0.0,0.0,48
2023-05-10 10:07:02,HO2403-C-2350,HO2403-C-2350,399.4,0.0,0.0,0.0,1,382.2,388.2,24,399.4,376.6,0.0,0.0,0.0,0.0,48
2023-05-10 10:07:17,HO2403-C-2350,HO2403-C-2350,399.4,0.0,0.0,0.0,1,382.2,387.4,6,399.4,376.6,0.0,0.0,0.0,0.0,48
2023-05-10 10:07:21,HO2403-C-2350,HO2403-C-2350,399.4,0.0,0.0,0.0,1,382.2,387.4,12,399.4,376.6,0.0,0.0,0.0,0.0,48
2023-05-10 10:07:21,HO2403-C-2350,HO2403-C-2350,399.4,0.0,0.0,0.0,1,382.2,387.4,18,399.4,376.6,0.0,0.0,0.0,0.0,48
2023-05-10 10:07:28,HO2403-C-2350,HO2403-C-2350,399.4,0.0,0.0,0.0,1,382.2,387.4,12,399.4,376.6,0.0,0.0,0.0,0.0,48
2023-05-10 10:07:35,HO2403-C-2350,HO2403-C-2350,399.4,0.0,0.0,0.0,24,381.4,387.4,12,399.4,376.6,0.0,0.0,0.0,0.0,48
2023-05-10 10:07:36,HO2403-C-2350,HO2403-C-2350,399.4,0.0,0.0,0.0,12,381.4,387.4,12,399.4,376.6,0.0,0.0,0.0,0.0,48
2023-05-10 10:07:36,HO2403-C-2350,HO2403-C-2350,399.4,0.0,0.0,0.0,21,381.2,387.4,12,399.4,376.6,0.0,0.0,0.0,0.0,48
2023-05-10 10:07:41,HO2403-C-2350,HO2403-C-2350,399.4,0.0,0.0,0.0,18,381.2,387.0,1,399.4,376.6,0.0,0.0,0.0,0.0,48
2023-05-10 10:07:41,HO2403-C-2350,HO2403-C-2350,399.4,0.0,0.0,0.0,12,381.2,387.0,1,399.4,376.6,0.0,0.0,0.0,0.0,48
2023-05-10 10:07:42,HO2403-C-2350,HO2403-C-2350,399.4,0.0,0.0,0.0,6,381.2,387.0,1,399.4,376.6,0.0,0.0,0.0,0.0,48
2023-05-10 10:07:42,HO2403-C-2350,HO2403-C-2350,399.4,0.0,0.0,0.0,15,380.6,387.0,7,399.4,376.6,0.0,0.0,0.0,0.0,48
2023-05-10 10:07:43,HO2403-C-2350,HO2403-C-2350,399.4,0.0,0.0,0.0,9,380.6,387.0,7,399.4,376.6,0.0,0.0,0.0,0.0,48
2023-05-10 10:07:43,HO2403-C-2350,HO2403-C-2350,399.4,0.0,0.0,0.0,3,380.6,387.0,7,399.4,376.6,0.0,0.0,0.0,0.0,48
2023-05-10 10:07:53,HO2403-C-2350,HO2403-C-2350,399.4,0.0,0.0,0.0,3,380.6,386.2,1,399.4,376.6,0.0,0.0,0.0,0.0,48
2023-05-10 10:07:57,HO2403-C-2350,HO2403-C-2350,399.4,0.0,0.0,0.0,33,380.4,386.2,1,399.4,376.6,0.0,0.0,0.0,0.0,48
2023-05-10 10:07:58,HO2403-C-2350,HO2403-C-2350,399.4,0.0,0.0,0.0,21,380.4,386.2,1,399.4,376.6,0.0,0.0,0.0,0.0,48
2023-05-10 10:07:58,HO2403-C-2350,HO2403-C-2350,399.4,0.0,0.0,0.0,12,380.4,386.2,1,399.4,376.6,0.0,0.0,0.0,0.0,48
2023-05-10 10:07:59,HO2403-C-2350,HO2403-C-2350,399.4,0.0,0.0,0.0,6,380.4,386.2,1,399.4,376.6,0.0,0.0,0.0,0.0,48
2023-05-10 10:08:04,HO2403-C-2350,HO2403-C-2350,399.4,0.0,0.0,0.0,18,380.2,386.0,6,399.4,376.6,0.0,0.0,0.0,0.0,48
2023-05-10 10:08:05,HO2403-C-2350,HO2403-C-2350,399.4,0.0,0.0,0.0,18,380.2,385.0,1,399.4,376.6,0.0,0.0,0.0,0.0,48
2023-05-10 10:08:05,HO2403-C-2350,HO2403-C-2350,399.4,0.0,0.0,0.0,12,380.2,385.0,1,399.4,376.6,0.0,0.0,0.0,0.0,48
2023-05-10 10:08:06,HO2403-C-2350,HO2403-C-2350,399.4,0.0,0.0,0.0,6,380.2,385.0,1,399.4,376.6,0.0,0.0,0.0,0.0,48
2023-05-10 10:08:33,HO2403-C-2350,HO2403-C-2350,399.4,0.0,0.0,0.0,6,380.2,384.8,6,399.4,376.6,0.0,0.0,0.0,0.0,48
2023-05-10 10:08:40,HO2403-C-2350,HO2403-C-2350,399.4,0.0,0.0,0.0,6,380.2,384.6,6,399.4,376.6,0.0,0.0,0.0,0.0,48
2023-05-10 10:08:40,HO2403-C-2350,HO2403-C-2350,399.4,0.0,0.0,0.0,6,380.2,384.6,7,399.4,376.6,0.0,0.0,0.0,0.0,48
2023-05-10 10:08:46,HO2403-C-2350,HO2403-C-2350,399.4,0.0,0.0,0.0,6,380.2,384.6,1,399.4,376.6,0.0,0.0,0.0,0.0,48
2023-05-10 10:08:47,HO2403-C-2350,HO2403-C-2350,399.4,0.0,0.0,0.0,6,380.2,384.6,7,399.4,376.6,0.0,0.0,0.0,0.0,48
2023-05-10 10:08:49,HO2403-C-2350,HO2403-C-2350,399.4,0.0,0.0,0.0,6,380.2,384.6,6,399.4,376.6,0.0,0.0,0.0,0.0,48
2023-05-10 10:09:11,HO2403-C-2350,HO2403-C-2350,399.4,0.0,0.0,0.0,12,379.0,384.6,6,399.4,376.6,0.0,0.0,0.0,0.0,48
2023-05-10 10:09:12,HO2403-C-2350,HO2403-C-2350,399.4,0.0,0.0,0.0,3,378.0,384.6,6,399.4,376.6,0.0,0.0,0.0,0.0,48
2023-05-10 10:09:12,HO2403-C-2350,HO2403-C-2350,399.4,0.0,0.0,0.0,4,378.0,384.6,6,399.4,376.6,0.0,0.0,0.0,0.0,48
2023-05-10 10:09:22,HO2403-C-2350,HO2403-C-2350,399.4,0.0,0.0,0.0,1,378.2,384.6,6,399.4,376.6,0.0,0.0,0.0,0.0,48
2023-05-10 10:09:23,HO2403-C-2350,HO2403-C-2350,399.4,0.0,0.0,0.0,3,378.4,384.6,6,399.4,376.6,0.0,0.0,0.0,0.0,48
2023-05-10 10:09:43,HO2403-C-2350,HO2403-C-2350,399.4,0.0,0.0,0.0,4,378.4,384.6,6,399.4,376.6,0.0,0.0,0.0,0.0,48
2023-05-10 10:09:56,HO2403-C-2350,HO2403-C-2350,399.4,0.0,0.0,0.0,3,378.0,384.6,6,399.4,376.6,0.0,0.0,0.0,0.0,48
2023-05-10 10:09:59,HO2403-C-2350,HO2403-C-2350,399.4,0.0,0.0,0.0,3,378.0,384.4,1,399.4,376.6,0.0,0.0,0.0,0.0,48
2023-05-10 10:10:01,HO2403-C-2350,HO2403-C-2350,399.4,0.0,0.0,0.0,4,378.0,384.4,1,399.4,376.6,0.0,0.0,0.0,0.0,48
2023-05-10 10:10:05,HO2403-C-2350,HO2403-C-2350,399.4,0.0,0.0,0.0,3,378.0,384.4,1,399.4,376.6,0.0,0.0,0.0,0.0,48
2023-05-10 10:10:11,HO2403-C-2350,HO2403-C-2350,399.4,0.0,0.0,0.0,3,378.0,384.4,2,399.4,376.6,0.0,0.0,0.0,0.0,48
2023-05-10 10:10:14,HO2403-C-2350,HO2403-C-2350,399.4,0.0,0.0,0.0,3,378.0,384.2,6,399.4,376.6,0.0,0.0,0.0,0.0,48
2023-05-10 10:10:15,HO2403-C-2350,HO2403-C-2350,399.4,0.0,0.0,0.0,16,377.8,383.8,6,399.4,376.6,0.0,0.0,0.0,0.0,48
2023-05-10 10:10:16,HO2403-C-2350,HO2403-C-2350,399.4,0.0,0.0,0.0,10,377.8,383.8,6,399.4,376.6,0.0,0.0,0.0,0.0,48
2023-05-10 10:10:17,HO2403-C-2350,HO2403-C-2350,399.4,0.0,0.0,0.0,4,377.8,383.0,1,399.4,376.6,0.0,0.0,0.0,0.0,48
2023-05-10 10:10:17,HO2403-C-2350,HO2403-C-2350,399.4,0.0,0.0,0.0,1,377.8,383.0,1,399.4,376.6,0.0,0.0,0.0,0.0,48
2023-05-10 10:10:22,HO2403-C-2350,HO2403-C-2350,399.4,0.0,0.0,0.0,1,377.8,383.2,7,399.4,376.6,0.0,0.0,0.0,0.0,48
2023-05-10 10:10:25,HO2403-C-2350,HO2403-C-2350,399.4,0.0,0.0,0.0,1,377.8,382.8,6,399.4,376.6,0.0,0.0,0.0,0.0,48
2023-05-10 10:10:30,HO2403-C-2350,HO2403-C-2350,399.4,0.0,0.0,0.0,1,377.8,382.6,6,399.4,376.6,0.0,0.0,0.0,0.0,48
2023-05-10 10:10:31,HO2403-C-2350,HO2403-C-2350,399.4,0.0,0.0,0.0,1,377.8,382.6,7,399.4,376.6,0.0,0.0,0.0,0.0,48
2023-05-10 10:10:33,HO2403-C-2350,HO2403-C-2350,399.4,0.0,0.0,0.0,1,377.8,382.6,6,399.4,376.6,0.0,0.0,0.0,0.0,48
2023-05-10 10:10:34,HO2403-C-2350,HO2403-C-2350,399.4,0.0,0.0,0.0,1,377.8,383.0,6,399.4,376.6,0.0,0.0,0.0,0.0,48
2023-05-10 10:10:40,HO2403-C-2350,HO2403-C-2350,399.4,0.0,0.0,0.0,1,377.8,382.8,6,399.4,376.6,0.0,0.0,0.0,0.0,48
2023-05-10 10:10:48,HO2403-C-2350,HO2403-C-2350,399.4,0.0,0.0,0.0,1,377.8,382.8,7,399.4,376.6,0.0,0.0,0.0,0.0,48
2023-05-10 10:10:50,HO2403-C-2350,HO2403-C-2350,399.4,0.0,0.0,0.0,1,377.8,382.6,6,399.4,376.6,0.0,0.0,0.0,0.0,48
2023-05-10 10:10:55,HO2403-C-2350,HO2403-C-2350,399.4,0.0,0.0,0.0,1,377.8,382.8,7,399.4,376.6,0.0,0.0,0.0,0.0,48
2023-05-10 10:10:58,HO2403-C-2350,HO2403-C-2350,399.4,0.0,0.0,0.0,1,377.8,382.8,6,399.4,376.6,0.0,0.0,0.0,0.0,48
2023-05-10 10:11:04,HO2403-C-2350,HO2403-C-2350,399.4,0.0,0.0,0.0,39,376.4,382.8,6,399.4,376.6,0.0,0.0,0.0,0.0,48
2023-05-10 10:11:05,HO2403-C-2350,HO2403-C-2350,399.4,0.0,0.0,0.0,27,376.4,382.8,6,399.4,376.6,0.0,0.0,0.0,0.0,48
2023-05-10 10:11:05,HO2403-C-2350,HO2403-C-2350,399.4,0.0,0.0,0.0,27,376.4,382.6,1,399.4,376.6,0.0,0.0,0.0,0.0,48
2023-05-10 10:11:06,HO2403-C-2350,HO2403-C-2350,399.4,0.0,0.0,0.0,24,376.4,382.6,1,399.4,376.6,0.0,0.0,0.0,0.0,48
2023-05-10 10:11:08,HO2403-C-2350,HO2403-C-2350,399.4,0.0,0.0,0.0,24,376.4,382.8,6,399.4,376.6,0.0,0.0,0.0,0.0,48
2023-05-10 10:11:09,HO2403-C-2350,HO2403-C-2350,399.4,0.0,0.0,0.0,9,376.6,382.8,6,399.4,376.6,0.0,0.0,0.0,0.0,48
2023-05-10 10:11:11,HO2403-C-2350,HO2403-C-2350,399.4,0.0,0.0,0.0,6,376.8,382.8,6,399.4,376.6,0.0,0.0,0.0,0.0,48
2023-05-10 10:11:12,HO2403-C-2350,HO2403-C-2350,399.4,0.0,0.0,0.0,3,377.0,382.8,6,399.4,376.6,0.0,0.0,0.0,0.0,48
2023-05-10 10:11:12,HO2403-C-2350,HO2403-C-2350,399.4,0.0,0.0,0.0,6,377.2,382.8,6,399.4,376.6,0.0,0.0,0.0,0.0,48
2023-05-10 10:11:13,HO2403-C-2350,HO2403-C-2350,399.4,0.0,0.0,0.0,3,377.4,382.8,6,399.4,376.6,0.0,0.0,0.0,0.0,48
2023-05-10 10:11:13,HO2403-C-2350,HO2403-C-2350,399.4,0.0,0.0,0.0,9,377.2,382.8,6,399.4,376.6,0.0,0.0,0.0,0.0,48
2023-05-10 10:11:15,HO2403-C-2350,HO2403-C-2350,399.4,0.0,0.0,0.0,6,377.2,382.8,6,399.4,376.6,0.0,0.0,0.0,0.0,48
2023-05-10 10:11:16,HO2403-C-2350,HO2403-C-2350,399.4,0.0,0.0,0.0,6,376.8,382.8,6,399.4,376.6,0.0,0.0,0.0,0.0,48
2023-05-10 10:11:16,HO2403-C-2350,HO2403-C-2350,399.4,0.0,0.0,0.0,3,377.0,382.8,6,399.4,376.6,0.0,0.0,0.0,0.0,48
2023-05-10 10:11:17,HO2403-C-2350,HO2403-C-2350,399.4,0.0,0.0,0.0,6,377.2,382.8,6,399.4,376.6,0.0,0.0,0.0,0.0,48
2023-05-10 10:11:18,HO2403-C-2350,HO2403-C-2350,399.4,0.0,0.0,0.0,9,376.6,382.8,6,399.4,376.6,0.0,0.0,0.0,0.0,48
2023-05-10 10:11:29,HO2403-C-2350,HO2403-C-2350,399.4,0.0,0.0,0.0,10,376.6,382.8,6,399.4,376.6,0.0,0.0,0.0,0.0,48
2023-05-10 10:11:36,HO2403-C-2350,HO2403-C-2350,399.4,0.0,0.0,0.0,6,376.8,382.8,6,399.4,376.6,0.0,0.0,0.0,0.0,48
2023-05-10 10:11:37,HO2403-C-2350,HO2403-C-2350,399.4,0.0,0.0,0.0,3,377.0,382.8,6,399.4,376.6,0.0,0.0,0.0,0.0,48
2023-05-10 10:11:37,HO2403-C-2350,HO2403-C-2350,399.4,0.0,0.0,0.0,6,377.2,382.8,6,399.4,376.6,0.0,0.0,0.0,0.0,48
2023-05-10 10:11:38,HO2403-C-2350,HO2403-C-2350,399.4,0.0,0.0,0.0,3,377.4,382.8,6,399.4,376.6,0.0,0.0,0.0,0.0,48
2023-05-10 10:11:38,HO2403-C-2350,HO2403-C-2350,399.4,0.0,0.0,0.0,6,377.6,382.8,6,399.4,376.6,0.0,0.0,0.0,0.0,48
2023-05-10 10:11:49,HO2403-C-2350,HO2403-C-2350,399.4,0.0,0.0,0.0,6,377.6,383.2,12,399.4,376.6,0.0,0.0,0.0,0.0,48
2023-05-10 10:11:49,HO2403-C-2350,HO2403-C-2350,399.4,0.0,0.0,0.0,1,378.6,383.4,12,399.4,376.6,0.0,0.0,0.0,0.0,48
2023-05-10 10:11:50,HO2403-C-2350,HO2403-C-2350,399.4,0.0,0.0,0.0,6,378.8,383.6,6,399.4,376.6,0.0,0.0,0.0,0.0,48
2023-05-10 10:11:50,HO2403-C-2350,HO2403-C-2350,399.4,0.0,0.0,0.0,6,378.8,383.8,18,399.4,376.6,0.0,0.0,0.0,0.0,48
2023-05-10 10:11:51,HO2403-C-2350,HO2403-C-2350,399.4,0.0,0.0,0.0,6,378.8,383.8,12,399.4,376.6,0.0,0.0,0.0,0.0,48
2023-05-10 10:11:51,HO2403-C-2350,HO2403-C-2350,399.4,0.0,0.0,0.0,6,378.8,384.0,12,399.4,376.6,0.0,0.0,0.0,0.0,48
2023-05-10 10:11:52,HO2403-C-2350,HO2403-C-2350,399.4,0.0,0.0,0.0,6,378.8,384.0,6,399.4,376.6,0.0,0.0,0.0,0.0,48
2023-05-10 10:12:59,HO2403-C-2350,HO2403-C-2350,399.4,0.0,0.0,0.0,6,378.8,383.8,1,399.4,376.6,0.0,0.0,0.0,0.0,48
2023-05-10 10:13:00,HO2403-C-2350,HO2403-C-2350,399.4,0.0,0.0,0.0,18,378.4,383.8,1,399.4,376.6,0.0,0.0,0.0,0.0,48
2023-05-10 10:13:01,HO2403-C-2350,HO2403-C-2350,399.4,0.0,0.0,0.0,6,378.4,383.8,1,399.4,376.6,0.0,0.0,0.0,0.0,48
2023-05-10 10:13:01,HO2403-C-2350,HO2403-C-2350,399.4,0.0,0.0,0.0,24,378.0,383.8,1,399.4,376.6,0.0,0.0,0.0,0.0,48
2023-05-10 10:13:02,HO2403-C-2350,HO2403-C-2350,399.4,0.0,0.0,0.0,12,378.0,383.8,1,399.4,376.6,0.0,0.0,0.0,0.0,48
2023-05-10 10:13:02,HO2403-C-2350,HO2403-C-2350,399.4,0.0,0.0,0.0,18,377.8,383.8,1,399.4,376.6,0.0,0.0,0.0,0.0,48
2023-05-10 10:13:05,HO2403-C-2350,HO2403-C-2350,399.4,0.0,0.0,0.0,18,377.8,383.0,6,399.4,376.6,0.0,0.0,0.0,0.0,48
2023-05-10 10:13:06,HO2403-C-2350,HO2403-C-2350,399.4,0.0,0.0,0.0,18,377.8,383.0,7,399.4,376.6,0.0,0.0,0.0,0.0,48
2023-05-10 10:13:24,HO2403-C-2350,HO2403-C-2350,399.4,0.0,0.0,0.0,12,377.8,383.0,7,399.4,376.6,0.0,0.0,0.0,0.0,48
2023-05-10 10:13:25,HO2403-C-2350,HO2403-C-2350,399.4,0.0,0.0,0.0,6,377.8,383.0,7,399.4,376.6,0.0,0.0,0.0,0.0,48
2023-05-10 10:13:32,HO2403-C-2350,HO2403-C-2350,399.4,0.0,0.0,0.0,12,377.6,383.0,7,399.4,376.6,0.0,0.0,0.0,0.0,48
2023-05-10 10:13:32,HO2403-C-2350,HO2403-C-2350,399.4,0.0,0.0,0.0,3,377.2,383.0,7,399.4,376.6,0.0,0.0,0.0,0.0,48
2023-05-10 10:13:33,HO2403-C-2350,HO2403-C-2350,399.4,0.0,0.0,0.0,21,377.0,383.0,7,399.4,376.6,0.0,0.0,0.0,0.0,48
2023-05-10 10:13:33,HO2403-C-2350,HO2403-C-2350,399.4,0.0,0.0,0.0,15,377.0,383.0,7,399.4,376.6,0.0,0.0,0.0,0.0,48
2023-05-10 10:13:34,HO2403-C-2350,HO2403-C-2350,399.4,0.0,0.0,0.0,9,377.0,383.0,7,399.4,376.6,0.0,0.0,0.0,0.0,48
2023-05-10 10:13:34,HO2403-C-2350,HO2403-C-2350,399.4,0.0,0.0,0.0,3,377.0,383.0,7,399.4,376.6,0.0,0.0,0.0,0.0,48
2023-05-10 10:13:43,HO2403-C-2350,HO2403-C-2350,399.4,0.0,0.0,0.0,3,377.0,383.0,8,399.4,376.6,0.0,0.0,0.0,0.0,48
2023-05-10 10:13:50,HO2403-C-2350,HO2403-C-2350,399.4,0.0,0.0,0.0,27,376.8,383.0,8,399.4,376.6,0.0,0.0,0.0,0.0,48
2023-05-10 10:13:50,HO2403-C-2350,HO2403-C-2350,399.4,0.0,0.0,0.0,21,376.8,383.0,8,399.4,376.6,0.0,0.0,0.0,0.0,48
2023-05-10 10:13:51,HO2403-C-2350,HO2403-C-2350,399.4,0.0,0.0,0.0,18,376.8,383.0,8,399.4,376.6,0.0,0.0,0.0,0.0,48
2023-05-10 10:13:53,HO2403-C-2350,HO2403-C-2350,399.4,0.0,0.0,0.0,18,376.8,382.8,1,399.4,376.6,0.0,0.0,0.0,0.0,48
2023-05-10 10:13:54,HO2403-C-2350,HO2403-C-2350,399.4,0.0,0.0,0.0,3,377.0,382.8,1,399.4,376.6,0.0,0.0,0.0,0.0,48
2023-05-10 10:13:57,HO2403-C-2350,HO2403-C-2350,399.4,0.0,0.0,0.0,21,376.8,382.8,1,399.4,376.6,0.0,0.0,0.0,0.0,48
2023-05-10 10:14:01,HO2403-C-2350,HO2403-C-2350,399.4,0.0,0.0,0.0,18,376.8,382.8,1,399.4,376.6,0.0,0.0,0.0,0.0,48
2023-05-10 10:14:03,HO2403-C-2350,HO2403-C-2350,399.4,0.0,0.0,0.0,18,376.8,382.6,1,399.4,376.6,0.0,0.0,0.0,0.0,48
2023-05-10 10:14:11,HO2403-C-2350,HO2403-C-2350,399.4,0.0,0.0,0.0,9,377.0,382.6,1,399.4,376.6,0.0,0.0,0.0,0.0,48
2023-05-10 10:14:12,HO2403-C-2350,HO2403-C-2350,399.4,0.0,0.0,0.0,9,377.0,383.0,6,399.4,376.6,0.0,0.0,0.0,0.0,48
2023-05-10 10:14:17,HO2403-C-2350,HO2403-C-2350,399.4,0.0,0.0,0.0,6,377.0,383.0,6,399.4,376.6,0.0,0.0,0.0,0.0,48
2023-05-10 10:14:23,HO2403-C-2350,HO2403-C-2350,399.4,0.0,0.0,0.0,6,377.0,382.8,1,399.4,376.6,0.0,0.0,0.0,0.0,48
2023-05-10 10:14:33,HO2403-C-2350,HO2403-C-2350,399.4,0.0,0.0,0.0,21,376.8,382.8,1,399.4,376.6,0.0,0.0,0.0,0.0,48
2023-05-10 10:14:35,HO2403-C-2350,HO2403-C-2350,399.4,0.0,0.0,0.0,18,376.8,382.8,1,399.4,376.6,0.0,0.0,0.0,0.0,48
2023-05-10 10:14:40,HO2403-C-2350,HO2403-C-2350,399.4,0.0,0.0,0.0,3,377.0,382.8,1,399.4,376.6,0.0,0.0,0.0,0.0,48
2023-05-10 10:14:44,HO2403-C-2350,HO2403-C-2350,399.4,0.0,0.0,0.0,21,376.8,382.8,1,399.4,376.6,0.0,0.0,0.0,0.0,48
2023-05-10 10:14:45,HO2403-C-2350,HO2403-C-2350,399.4,0.0,0.0,0.0,18,376.8,382.8,1,399.4,376.6,0.0,0.0,0.0,0.0,48
2023-05-10 10:15:12,HO2403-C-2350,HO2403-C-2350,399.4,0.0,0.0,0.0,18,376.8,383.0,6,399.4,376.6,0.0,0.0,0.0,0.0,48
2023-05-10 10:15:13,HO2403-C-2350,HO2403-C-2350,399.4,0.0,0.0,0.0,3,377.0,383.0,6,399.4,376.6,0.0,0.0,0.0,0.0,48
2023-05-10 10:15:13,HO2403-C-2350,HO2403-C-2350,399.4,0.0,0.0,0.0,6,377.2,383.0,6,399.4,376.6,0.0,0.0,0.0,0.0,48
2023-05-10 10:15:14,HO2403-C-2350,HO2403-C-2350,399.4,0.0,0.0,0.0,3,377.4,383.0,6,399.4,376.6,0.0,0.0,0.0,0.0,48
2023-05-10 10:15:14,HO2403-C-2350,HO2403-C-2350,399.4,0.0,0.0,0.0,6,377.6,383.0,6,399.4,376.6,0.0,0.0,0.0,0.0,48
2023-05-10 10:15:15,HO2403-C-2350,HO2403-C-2350,399.4,0.0,0.0,0.0,9,377.6,383.0,6,399.4,376.6,0.0,0.0,0.0,0.0,48
2023-05-10 10:15:15,HO2403-C-2350,HO2403-C-2350,399.4,0.0,0.0,0.0,6,377.6,383.0,6,399.4,376.6,0.0,0.0,0.0,0.0,48
2023-05-10 10:15:17,HO2403-C-2350,HO2403-C-2350,399.4,0.0,0.0,0.0,9,377.0,383.0,6,399.4,376.6,0.0,0.0,0.0,0.0,48
2023-05-10 10:16:00,HO2403-C-2350,HO2403-C-2350,399.4,0.0,0.0,0.0,6,377.2,383.0,6,399.4,376.6,0.0,0.0,0.0,0.0,48
2023-05-10 10:16:00,HO2403-C-2350,HO2403-C-2350,399.4,0.0,0.0,0.0,3,377.4,383.4,12,399.4,376.6,0.0,0.0,0.0,0.0,48
2023-05-10 10:16:01,HO2403-C-2350,HO2403-C-2350,399.4,0.0,0.0,0.0,3,377.4,383.6,12,399.4,376.6,0.0,0.0,0.0,0.0,48
2023-05-10 10:16:01,HO2403-C-2350,HO2403-C-2350,399.4,0.0,0.0,0.0,3,377.4,383.8,25,399.4,376.6,0.0,0.0,0.0,0.0,48
2023-05-10 10:16:02,HO2403-C-2350,HO2403-C-2350,399.4,0.0,0.0,0.0,15,377.2,383.0,6,399.4,376.6,0.0,0.0,0.0,0.0,48
2023-05-10 10:16:02,HO2403-C-2350,HO2403-C-2350,399.4,0.0,0.0,0.0,9,377.2,383.0,6,399.4,376.6,0.0,0.0,0.0,0.0,48
2023-05-10 10:16:26,HO2403-C-2350,HO2403-C-2350,399.4,0.0,0.0,0.0,6,377.2,383.0,6,399.4,376.6,0.0,0.0,0.0,0.0,48
2023-05-10 10:16:29,HO2403-C-2350,HO2403-C-2350,399.4,0.0,0.0,0.0,3,377.4,383.0,6,399.4,376.6,0.0,0.0,0.0,0.0,48
2023-05-10 10:16:30,HO2403-C-2350,HO2403-C-2350,399.4,0.0,0.0,0.0,9,377.2,383.0,6,399.4,376.6,0.0,0.0,0.0,0.0,48
2023-05-10 10:16:31,HO2403-C-2350,HO2403-C-2350,399.4,0.0,0.0,0.0,6,377.4,383.0,6,399.4,376.6,0.0,0.0,0.0,0.0,48
2023-05-10 10:16:53,HO2403-C-2350,HO2403-C-2350,399.4,0.0,0.0,0.0,6,377.4,382.8,1,399.4,376.6,0.0,0.0,0.0,0.0,48
2023-05-10 10:16:56,HO2403-C-2350,HO2403-C-2350,399.4,0.0,0.0,0.0,9,377.4,382.8,1,399.4,376.6,0.0,0.0,0.0,0.0,48
2023-05-10 10:16:57,HO2403-C-2350,HO2403-C-2350,399.4,0.0,0.0,0.0,6,377.4,382.8,1,399.4,376.6,0.0,0.0,0.0,0.0,48
2023-05-10 10:17:00,HO2403-C-2350,HO2403-C-2350,399.4,0.0,0.0,0.0,6,377.4,383.0,6,399.4,376.6,0.0,0.0,0.0,0.0,48
2023-05-10 10:17:00,HO2403-C-2350,HO2403-C-2350,399.4,0.0,0.0,0.0,9,377.4,383.0,6,399.4,376.6,0.0,0.0,0.0,0.0,48
