time,symbol_id,symbol_name,last,trade_volume,trade_amount,open_interest_change,bv1,bp1,ap1,av1,yesterday_close,today_open,today_high,today_low,volume,amount,open_interest
2023-05-10 09:29:00,HO2403-C-3000,HO2403-C-3000,65.0,0.0,0.0,0.0,1,50.0,75.4,1,65.0,59.2,0.0,0.0,0.0,0.0,116
2023-05-10 09:30:00,HO2403-C-3000,HO2403-C-3000,65.0,0.0,0.0,0.0,1,55.6,70.0,1,65.0,59.2,0.0,0.0,0.0,0.0,116
2023-05-10 09:30:00,HO2403-C-3000,HO2403-C-3000,65.0,0.0,0.0,0.0,1,56.6,70.0,1,65.0,59.2,0.0,0.0,0.0,0.0,116
2023-05-10 09:30:01,HO2403-C-3000,HO2403-C-3000,65.0,0.0,0.0,0.0,1,56.6,62.4,1,65.0,59.2,0.0,0.0,0.0,0.0,116
2023-05-10 09:30:02,HO2403-C-3000,HO2403-C-3000,65.0,0.0,0.0,0.0,1,60.4,62.4,1,65.0,59.2,0.0,0.0,0.0,0.0,116
2023-05-10 09:30:05,HO2403-C-3000,HO2403-C-3000,65.0,0.0,0.0,0.0,1,60.4,63.0,1,65.0,59.2,0.0,0.0,0.0,0.0,116
2023-05-10 09:30:08,HO2403-C-3000,HO2403-C-3000,65.0,0.0,0.0,0.0,1,56.6,69.6,1,65.0,59.2,0.0,0.0,0.0,0.0,116
2023-05-10 09:30:08,HO2403-C-3000,HO2403-C-3000,65.0,0.0,0.0,0.0,1,56.6,70.0,1,65.0,59.2,0.0,0.0,0.0,0.0,116
2023-05-10 09:30:18,HO2403-C-3000,HO2403-C-3000,65.0,0.0,0.0,0.0,1,56.8,69.8,1,65.0,59.2,0.0,0.0,0.0,0.0,116
2023-05-10 09:30:24,HO2403-C-3000,HO2403-C-3000,65.0,0.0,0.0,0.0,6,60.0,68.0,6,65.0,59.2,0.0,0.0,0.0,0.0,116
2023-05-10 09:30:25,HO2403-C-3000,HO2403-C-3000,65.0,0.0,0.0,0.0,1,60.2,68.0,6,65.0,59.2,0.0,0.0,0.0,0.0,116
2023-05-10 09:30:27,HO2403-C-3000,HO2403-C-3000,65.0,0.0,0.0,0.0,6,60.0,68.0,6,65.0,59.2,0.0,0.0,0.0,0.0,116
2023-05-10 09:30:27,HO2403-C-3000,HO2403-C-3000,65.0,0.0,0.0,0.0,7,60.0,68.0,6,65.0,59.2,0.0,0.0,0.0,0.0,116
2023-05-10 09:30:28,HO2403-C-3000,HO2403-C-3000,65.0,0.0,0.0,0.0,6,60.0,68.0,6,65.0,59.2,0.0,0.0,0.0,0.0,116
2023-05-10 09:30:29,HO2403-C-3000,HO2403-C-3000,65.0,0.0,0.0,0.0,6,60.0,68.0,7,65.0,59.2,0.0,0.0,0.0,0.0,116
2023-05-10 09:30:30,HO2403-C-3000,HO2403-C-3000,65.0,0.0,0.0,0.0,6,60.0,68.0,6,65.0,59.2,0.0,0.0,0.0,0.0,116
2023-05-10 09:30:31,HO2403-C-3000,HO2403-C-3000,65.0,0.0,0.0,0.0,6,60.0,68.0,7,65.0,59.2,0.0,0.0,0.0,0.0,116
2023-05-10 09:30:31,HO2403-C-3000,HO2403-C-3000,65.0,0.0,0.0,0.0,6,60.0,68.0,6,65.0,59.2,0.0,0.0,0.0,0.0,116
2023-05-10 09:30:32,HO2403-C-3000,HO2403-C-3000,65.0,0.0,0.0,0.0,6,60.2,67.8,6,65.0,59.2,0.0,0.0,0.0,0.0,116
2023-05-10 09:30:47,HO2403-C-3000,HO2403-C-3000,65.0,0.0,0.0,0.0,6,60.8,67.2,6,65.0,59.2,0.0,0.0,0.0,0.0,116
2023-05-10 09:30:47,HO2403-C-3000,HO2403-C-3000,65.0,0.0,0.0,0.0,6,61.0,67.0,6,65.0,59.2,0.0,0.0,0.0,0.0,116
2023-05-10 09:30:51,HO2403-C-3000,HO2403-C-3000,65.0,0.0,0.0,0.0,6,61.0,66.8,6,65.0,59.2,0.0,0.0,0.0,0.0,116
2023-05-10 09:30:51,HO2403-C-3000,HO2403-C-3000,65.0,0.0,0.0,0.0,6,61.0,66.6,6,65.0,59.2,0.0,0.0,0.0,0.0,116
2023-05-10 09:30:52,HO2403-C-3000,HO2403-C-3000,65.0,0.0,0.0,0.0,6,61.0,66.4,3,65.0,59.2,0.0,0.0,0.0,0.0,116
2023-05-10 09:30:53,HO2403-C-3000,HO2403-C-3000,65.0,0.0,0.0,0.0,6,61.0,66.2,6,65.0,59.2,0.0,0.0,0.0,0.0,116
2023-05-10 09:31:02,HO2403-C-3000,HO2403-C-3000,65.0,0.0,0.0,0.0,6,61.0,66.0,3,65.0,59.2,0.0,0.0,0.0,0.0,116
2023-05-10 09:31:02,HO2403-C-3000,HO2403-C-3000,65.0,0.0,0.0,0.0,6,61.0,65.8,6,65.0,59.2,0.0,0.0,0.0,0.0,116
2023-05-10 09:31:04,HO2403-C-3000,HO2403-C-3000,65.0,0.0,0.0,0.0,18,60.8,65.8,6,65.0,59.2,0.0,0.0,0.0,0.0,116
2023-05-10 09:31:06,HO2403-C-3000,HO2403-C-3000,65.0,0.0,0.0,0.0,18,60.8,65.6,6,65.0,59.2,0.0,0.0,0.0,0.0,116
2023-05-10 09:31:06,HO2403-C-3000,HO2403-C-3000,65.0,0.0,0.0,0.0,12,60.8,65.4,6,65.0,59.2,0.0,0.0,0.0,0.0,116
2023-05-10 09:31:07,HO2403-C-3000,HO2403-C-3000,65.0,0.0,0.0,0.0,6,60.8,65.4,6,65.0,59.2,0.0,0.0,0.0,0.0,116
2023-05-10 09:31:09,HO2403-C-3000,HO2403-C-3000,65.0,0.0,0.0,0.0,12,60.6,65.4,6,65.0,59.2,0.0,0.0,0.0,0.0,116
2023-05-10 09:31:09,HO2403-C-3000,HO2403-C-3000,65.0,0.0,0.0,0.0,24,60.0,65.4,6,65.0,59.2,0.0,0.0,0.0,0.0,116
2023-05-10 09:31:24,HO2403-C-3000,HO2403-C-3000,65.0,0.0,0.0,0.0,18,60.0,65.4,6,65.0,59.2,0.0,0.0,0.0,0.0,116
2023-05-10 09:31:27,HO2403-C-3000,HO2403-C-3000,65.0,0.0,0.0,0.0,18,60.0,65.4,9,65.0,59.2,0.0,0.0,0.0,0.0,116
2023-05-10 09:31:27,HO2403-C-3000,HO2403-C-3000,65.0,0.0,0.0,0.0,18,60.0,65.4,6,65.0,59.2,0.0,0.0,0.0,0.0,116
2023-05-10 09:31:38,HO2403-C-3000,HO2403-C-3000,65.0,0.0,0.0,0.0,18,60.0,65.4,9,65.0,59.2,0.0,0.0,0.0,0.0,116
2023-05-10 09:31:41,HO2403-C-3000,HO2403-C-3000,65.0,0.0,0.0,0.0,18,60.0,65.4,6,65.0,59.2,0.0,0.0,0.0,0.0,116
2023-05-10 09:31:53,HO2403-C-3000,HO2403-C-3000,65.0,0.0,0.0,0.0,24,60.0,65.4,6,65.0,59.2,0.0,0.0,0.0,0.0,116
2023-05-10 09:32:09,HO2403-C-3000,HO2403-C-3000,65.0,0.0,0.0,0.0,36,60.0,65.4,18,65.0,59.2,0.0,0.0,0.0,0.0,116
2023-05-10 09:32:09,HO2403-C-3000,HO2403-C-3000,65.0,0.0,0.0,0.0,36,60.0,65.4,21,65.0,59.2,0.0,0.0,0.0,0.0,116
2023-05-10 09:32:10,HO2403-C-3000,HO2403-C-3000,65.0,0.0,0.0,0.0,36,60.0,65.4,18,65.0,59.2,0.0,0.0,0.0,0.0,116
2023-05-10 09:32:17,HO2403-C-3000,HO2403-C-3000,65.0,0.0,0.0,0.0,36,60.0,65.4,19,65.0,59.2,0.0,0.0,0.0,0.0,116
2023-05-10 09:32:26,HO2403-C-3000,HO2403-C-3000,65.0,0.0,0.0,0.0,36,60.0,65.2,3,65.0,59.2,0.0,0.0,0.0,0.0,116
2023-05-10 09:32:27,HO2403-C-3000,HO2403-C-3000,65.0,0.0,0.0,0.0,6,60.2,65.0,6,65.0,59.2,0.0,0.0,0.0,0.0,116
2023-05-10 09:32:37,HO2403-C-3000,HO2403-C-3000,65.0,0.0,0.0,0.0,6,60.2,65.0,7,65.0,59.2,0.0,0.0,0.0,0.0,116
2023-05-10 09:32:47,HO2403-C-3000,HO2403-C-3000,65.0,0.0,0.0,0.0,6,60.2,64.8,1,65.0,59.2,0.0,0.0,0.0,0.0,116
2023-05-10 09:32:54,HO2403-C-3000,HO2403-C-3000,65.0,0.0,0.0,0.0,6,60.2,63.0,1,65.0,59.2,0.0,0.0,0.0,0.0,116
2023-05-10 09:32:58,HO2403-C-3000,HO2403-C-3000,65.0,0.0,0.0,0.0,1,61.0,63.0,1,65.0,59.2,0.0,0.0,0.0,0.0,116
2023-05-10 09:33:03,HO2403-C-3000,HO2403-C-3000,65.0,0.0,0.0,0.0,1,61.0,63.4,1,65.0,59.2,0.0,0.0,0.0,0.0,116
2023-05-10 09:33:17,HO2403-C-3000,HO2403-C-3000,65.0,0.0,0.0,0.0,1,61.0,64.6,24,65.0,59.2,0.0,0.0,0.0,0.0,116
2023-05-10 09:33:17,HO2403-C-3000,HO2403-C-3000,65.0,0.0,0.0,0.0,1,61.0,64.6,18,65.0,59.2,0.0,0.0,0.0,0.0,116
2023-05-10 09:33:18,HO2403-C-3000,HO2403-C-3000,65.0,0.0,0.0,0.0,1,61.0,63.6,1,65.0,59.2,0.0,0.0,0.0,0.0,116
2023-05-10 09:33:20,HO2403-C-3000,HO2403-C-3000,65.0,0.0,0.0,0.0,2,61.0,63.6,1,65.0,59.2,0.0,0.0,0.0,0.0,116
2023-05-10 09:33:20,HO2403-C-3000,HO2403-C-3000,65.0,0.0,0.0,0.0,1,61.0,64.6,18,65.0,59.2,0.0,0.0,0.0,0.0,116
2023-05-10 09:33:22,HO2403-C-3000,HO2403-C-3000,65.0,0.0,0.0,0.0,1,61.0,64.0,1,65.0,59.2,0.0,0.0,0.0,0.0,116
2023-05-10 09:33:29,HO2403-C-3000,HO2403-C-3000,65.0,0.0,0.0,0.0,6,61.2,64.0,1,65.0,59.2,0.0,0.0,0.0,0.0,116
2023-05-10 09:33:30,HO2403-C-3000,HO2403-C-3000,65.0,0.0,0.0,0.0,1,62.0,64.0,1,65.0,59.2,0.0,0.0,0.0,0.0,116
2023-05-10 09:33:33,HO2403-C-3000,HO2403-C-3000,65.0,0.0,0.0,0.0,7,61.6,64.0,1,65.0,59.2,0.0,0.0,0.0,0.0,116
2023-05-10 09:33:40,HO2403-C-3000,HO2403-C-3000,65.0,0.0,0.0,0.0,6,61.6,64.0,1,65.0,59.2,0.0,0.0,0.0,0.0,116
2023-05-10 09:33:56,HO2403-C-3000,HO2403-C-3000,65.0,0.0,0.0,0.0,31,61.2,64.0,1,65.0,59.2,0.0,0.0,0.0,0.0,116
2023-05-10 09:33:56,HO2403-C-3000,HO2403-C-3000,65.0,0.0,0.0,0.0,25,61.2,64.0,1,65.0,59.2,0.0,0.0,0.0,0.0,116
2023-05-10 09:34:00,HO2403-C-3000,HO2403-C-3000,65.0,0.0,0.0,0.0,24,61.2,64.0,1,65.0,59.2,0.0,0.0,0.0,0.0,116
2023-05-10 09:34:29,HO2403-C-3000,HO2403-C-3000,65.0,0.0,0.0,0.0,18,61.2,64.0,1,65.0,59.2,0.0,0.0,0.0,0.0,116
2023-05-10 09:34:31,HO2403-C-3000,HO2403-C-3000,65.0,0.0,0.0,0.0,24,61.2,64.0,1,65.0,59.2,0.0,0.0,0.0,0.0,116
2023-05-10 09:34:34,HO2403-C-3000,HO2403-C-3000,65.0,0.0,0.0,0.0,18,61.2,64.0,1,65.0,59.2,0.0,0.0,0.0,0.0,116
2023-05-10 09:34:36,HO2403-C-3000,HO2403-C-3000,65.0,0.0,0.0,0.0,12,61.2,64.0,1,65.0,59.2,0.0,0.0,0.0,0.0,116
2023-05-10 09:34:37,HO2403-C-3000,HO2403-C-3000,65.0,0.0,0.0,0.0,6,61.2,64.0,1,65.0,59.2,0.0,0.0,0.0,0.0,116
2023-05-10 09:34:38,HO2403-C-3000,HO2403-C-3000,65.0,0.0,0.0,0.0,6,60.8,64.0,1,65.0,59.2,0.0,0.0,0.0,0.0,116
2023-05-10 09:35:02,HO2403-C-3000,HO2403-C-3000,65.0,0.0,0.0,0.0,24,60.6,64.0,1,65.0,59.2,0.0,0.0,0.0,0.0,116
2023-05-10 09:35:03,HO2403-C-3000,HO2403-C-3000,65.0,0.0,0.0,0.0,18,60.6,64.0,1,65.0,59.2,0.0,0.0,0.0,0.0,116
2023-05-10 09:35:05,HO2403-C-3000,HO2403-C-3000,65.0,0.0,0.0,0.0,12,60.6,64.0,1,65.0,59.2,0.0,0.0,0.0,0.0,116
2023-05-10 09:35:06,HO2403-C-3000,HO2403-C-3000,65.0,0.0,0.0,0.0,18,60.4,64.0,1,65.0,59.2,0.0,0.0,0.0,0.0,116
2023-05-10 09:35:44,HO2403-C-3000,HO2403-C-3000,65.0,0.0,0.0,0.0,19,60.4,64.0,1,65.0,59.2,0.0,0.0,0.0,0.0,116
2023-05-10 09:35:45,HO2403-C-3000,HO2403-C-3000,65.0,0.0,0.0,0.0,19,60.4,64.0,4,65.0,59.2,0.0,0.0,0.0,0.0,116
2023-05-10 09:35:45,HO2403-C-3000,HO2403-C-3000,65.0,0.0,0.0,0.0,19,60.4,61.8,1,65.0,59.2,0.0,0.0,0.0,0.0,116
2023-05-10 09:35:50,HO2403-C-3000,HO2403-C-3000,65.0,0.0,0.0,0.0,18,60.4,61.8,1,65.0,59.2,0.0,0.0,0.0,0.0,116
2023-05-10 09:35:52,HO2403-C-3000,HO2403-C-3000,65.0,0.0,0.0,0.0,12,60.4,61.8,1,65.0,59.2,0.0,0.0,0.0,0.0,116
2023-05-10 09:35:53,HO2403-C-3000,HO2403-C-3000,65.0,0.0,0.0,0.0,6,60.4,61.8,1,65.0,59.2,0.0,0.0,0.0,0.0,116
2023-05-10 09:36:00,HO2403-C-3000,HO2403-C-3000,65.0,0.0,0.0,0.0,6,60.4,62.2,1,65.0,59.2,0.0,0.0,0.0,0.0,116
2023-05-10 09:36:19,HO2403-C-3000,HO2403-C-3000,65.0,0.0,0.0,0.0,6,60.4,62.6,1,65.0,59.2,0.0,0.0,0.0,0.0,116
2023-05-10 09:36:32,HO2403-C-3000,HO2403-C-3000,65.0,0.0,0.0,0.0,24,60.0,62.6,1,65.0,59.2,0.0,0.0,0.0,0.0,116
2023-05-10 09:36:33,HO2403-C-3000,HO2403-C-3000,65.0,0.0,0.0,0.0,18,60.0,62.6,1,65.0,59.2,0.0,0.0,0.0,0.0,116
2023-05-10 09:36:35,HO2403-C-3000,HO2403-C-3000,65.0,0.0,0.0,0.0,24,60.0,62.6,1,65.0,59.2,0.0,0.0,0.0,0.0,116
2023-05-10 09:36:38,HO2403-C-3000,HO2403-C-3000,65.0,0.0,0.0,0.0,25,60.0,62.6,1,65.0,59.2,0.0,0.0,0.0,0.0,116
2023-05-10 09:36:39,HO2403-C-3000,HO2403-C-3000,65.0,0.0,0.0,0.0,1,60.2,62.6,1,65.0,59.2,0.0,0.0,0.0,0.0,116
2023-05-10 09:36:48,HO2403-C-3000,HO2403-C-3000,65.0,0.0,0.0,0.0,24,60.0,62.6,1,65.0,59.2,0.0,0.0,0.0,0.0,116
2023-05-10 09:36:59,HO2403-C-3000,HO2403-C-3000,65.0,0.0,0.0,0.0,18,60.0,62.6,1,65.0,59.2,0.0,0.0,0.0,0.0,116
2023-05-10 09:38:05,HO2403-C-3000,HO2403-C-3000,65.0,0.0,0.0,0.0,25,60.0,62.6,1,65.0,59.2,0.0,0.0,0.0,0.0,116
2023-05-10 09:38:10,HO2403-C-3000,HO2403-C-3000,65.0,0.0,0.0,0.0,1,60.2,62.6,1,65.0,59.2,0.0,0.0,0.0,0.0,116
2023-05-10 09:38:10,HO2403-C-3000,HO2403-C-3000,65.0,0.0,0.0,0.0,2,60.2,62.6,1,65.0,59.2,0.0,0.0,0.0,0.0,116
2023-05-10 09:38:14,HO2403-C-3000,HO2403-C-3000,65.0,0.0,0.0,0.0,1,60.2,62.6,1,65.0,59.2,0.0,0.0,0.0,0.0,116
2023-05-10 09:38:22,HO2403-C-3000,HO2403-C-3000,65.0,0.0,0.0,0.0,24,60.0,62.6,1,65.0,59.2,0.0,0.0,0.0,0.0,116
2023-05-10 09:38:37,HO2403-C-3000,HO2403-C-3000,65.0,0.0,0.0,0.0,25,60.0,62.6,1,65.0,59.2,0.0,0.0,0.0,0.0,116
2023-05-10 09:38:55,HO2403-C-3000,HO2403-C-3000,65.0,0.0,0.0,0.0,1,60.2,62.6,1,65.0,59.2,0.0,0.0,0.0,0.0,116
2023-05-10 09:39:10,HO2403-C-3000,HO2403-C-3000,65.0,0.0,0.0,0.0,2,60.2,62.6,1,65.0,59.2,0.0,0.0,0.0,0.0,116
2023-05-10 09:39:10,HO2403-C-3000,HO2403-C-3000,65.0,0.0,0.0,0.0,1,60.2,62.6,1,65.0,59.2,0.0,0.0,0.0,0.0,116
2023-05-10 09:39:11,HO2403-C-3000,HO2403-C-3000,65.0,0.0,0.0,0.0,6,60.4,62.6,1,65.0,59.2,0.0,0.0,0.0,0.0,116
2023-05-10 09:39:12,HO2403-C-3000,HO2403-C-3000,65.0,0.0,0.0,0.0,1,61.0,62.6,1,65.0,59.2,0.0,0.0,0.0,0.0,116
2023-05-10 09:39:17,HO2403-C-3000,HO2403-C-3000,65.0,0.0,0.0,0.0,7,60.4,62.6,1,65.0,59.2,0.0,0.0,0.0,0.0,116
2023-05-10 09:39:26,HO2403-C-3000,HO2403-C-3000,65.0,0.0,0.0,0.0,6,60.4,62.6,1,65.0,59.2,0.0,0.0,0.0,0.0,116
2023-05-10 09:39:38,HO2403-C-3000,HO2403-C-3000,65.0,0.0,0.0,0.0,7,60.4,62.6,1,65.0,59.2,0.0,0.0,0.0,0.0,116
2023-05-10 09:39:41,HO2403-C-3000,HO2403-C-3000,65.0,0.0,0.0,0.0,6,60.4,62.6,1,65.0,59.2,0.0,0.0,0.0,0.0,116
2023-05-10 09:40:27,HO2403-C-3000,HO2403-C-3000,65.0,0.0,0.0,0.0,18,60.0,62.6,1,65.0,59.2,0.0,0.0,0.0,0.0,116
2023-05-10 09:40:40,HO2403-C-3000,HO2403-C-3000,65.0,0.0,0.0,0.0,19,60.0,62.6,1,65.0,59.2,0.0,0.0,0.0,0.0,116
2023-05-10 09:40:40,HO2403-C-3000,HO2403-C-3000,65.0,0.0,0.0,0.0,25,60.0,62.6,1,65.0,59.2,0.0,0.0,0.0,0.0,116
2023-05-10 09:40:45,HO2403-C-3000,HO2403-C-3000,65.0,0.0,0.0,0.0,26,60.0,62.6,1,65.0,59.2,0.0,0.0,0.0,0.0,116
2023-05-10 09:40:51,HO2403-C-3000,HO2403-C-3000,65.0,0.0,0.0,0.0,25,60.0,62.6,1,65.0,59.2,0.0,0.0,0.0,0.0,116
2023-05-10 09:41:01,HO2403-C-3000,HO2403-C-3000,65.0,0.0,0.0,0.0,24,60.0,62.6,1,65.0,59.2,0.0,0.0,0.0,0.0,116
2023-05-10 09:41:05,HO2403-C-3000,HO2403-C-3000,65.0,0.0,0.0,0.0,18,60.0,62.6,1,65.0,59.2,0.0,0.0,0.0,0.0,116
2023-05-10 09:41:19,HO2403-C-3000,HO2403-C-3000,65.0,0.0,0.0,0.0,12,60.0,62.6,1,65.0,59.2,0.0,0.0,0.0,0.0,116
2023-05-10 09:41:20,HO2403-C-3000,HO2403-C-3000,65.0,0.0,0.0,0.0,6,60.0,62.6,1,65.0,59.2,0.0,0.0,0.0,0.0,116
2023-05-10 09:41:24,HO2403-C-3000,HO2403-C-3000,65.0,0.0,0.0,0.0,7,60.0,62.6,1,65.0,59.2,0.0,0.0,0.0,0.0,116
2023-05-10 09:41:25,HO2403-C-3000,HO2403-C-3000,65.0,0.0,0.0,0.0,6,60.0,62.6,1,65.0,59.2,0.0,0.0,0.0,0.0,116
2023-05-10 09:41:29,HO2403-C-3000,HO2403-C-3000,65.0,0.0,0.0,0.0,7,60.0,62.6,1,65.0,59.2,0.0,0.0,0.0,0.0,116
2023-05-10 09:41:30,HO2403-C-3000,HO2403-C-3000,65.0,0.0,0.0,0.0,8,60.0,62.6,1,65.0,59.2,0.0,0.0,0.0,0.0,116
2023-05-10 09:41:31,HO2403-C-3000,HO2403-C-3000,65.0,0.0,0.0,0.0,7,60.0,62.6,1,65.0,59.2,0.0,0.0,0.0,0.0,116
2023-05-10 09:41:34,HO2403-C-3000,HO2403-C-3000,65.0,0.0,0.0,0.0,8,60.0,62.6,1,65.0,59.2,0.0,0.0,0.0,0.0,116
2023-05-10 09:41:35,HO2403-C-3000,HO2403-C-3000,65.0,0.0,0.0,0.0,7,60.0,62.6,1,65.0,59.2,0.0,0.0,0.0,0.0,116
2023-05-10 09:41:35,HO2403-C-3000,HO2403-C-3000,65.0,0.0,0.0,0.0,1,60.2,62.6,1,65.0,59.2,0.0,0.0,0.0,0.0,116
2023-05-10 09:41:55,HO2403-C-3000,HO2403-C-3000,65.0,0.0,0.0,0.0,6,60.0,62.6,1,65.0,59.2,0.0,0.0,0.0,0.0,116
2023-05-10 09:42:16,HO2403-C-3000,HO2403-C-3000,65.0,0.0,0.0,0.0,1,60.2,62.6,1,65.0,59.2,0.0,0.0,0.0,0.0,116
2023-05-10 09:42:50,HO2403-C-3000,HO2403-C-3000,65.0,0.0,0.0,0.0,6,60.0,62.6,1,65.0,59.2,0.0,0.0,0.0,0.0,116
2023-05-10 09:42:50,HO2403-C-3000,HO2403-C-3000,65.0,0.0,0.0,0.0,7,60.0,62.6,1,65.0,59.2,0.0,0.0,0.0,0.0,116
2023-05-10 09:43:02,HO2403-C-3000,HO2403-C-3000,65.0,0.0,0.0,0.0,6,60.0,62.6,1,65.0,59.2,0.0,0.0,0.0,0.0,116
2023-05-10 09:43:03,HO2403-C-3000,HO2403-C-3000,65.0,0.0,0.0,0.0,7,60.0,62.6,1,65.0,59.2,0.0,0.0,0.0,0.0,116
2023-05-10 09:43:03,HO2403-C-3000,HO2403-C-3000,65.0,0.0,0.0,0.0,6,60.0,62.6,1,65.0,59.2,0.0,0.0,0.0,0.0,116
2023-05-10 09:43:12,HO2403-C-3000,HO2403-C-3000,65.0,0.0,0.0,0.0,12,60.0,62.6,1,65.0,59.2,0.0,0.0,0.0,0.0,116
2023-05-10 09:43:13,HO2403-C-3000,HO2403-C-3000,65.0,0.0,0.0,0.0,18,60.0,62.6,1,65.0,59.2,0.0,0.0,0.0,0.0,116
2023-05-10 09:43:15,HO2403-C-3000,HO2403-C-3000,65.0,0.0,0.0,0.0,19,60.0,62.6,1,65.0,59.2,0.0,0.0,0.0,0.0,116
2023-05-10 09:43:15,HO2403-C-3000,HO2403-C-3000,65.0,0.0,0.0,0.0,18,60.0,62.6,1,65.0,59.2,0.0,0.0,0.0,0.0,116
2023-05-10 09:43:19,HO2403-C-3000,HO2403-C-3000,65.0,0.0,0.0,0.0,1,60.2,62.6,1,65.0,59.2,0.0,0.0,0.0,0.0,116
2023-05-10 09:43:24,HO2403-C-3000,HO2403-C-3000,65.0,0.0,0.0,0.0,2,60.2,62.6,1,65.0,59.2,0.0,0.0,0.0,0.0,116
2023-05-10 09:43:25,HO2403-C-3000,HO2403-C-3000,65.0,0.0,0.0,0.0,1,60.2,62.6,1,65.0,59.2,0.0,0.0,0.0,0.0,116
2023-05-10 09:43:48,HO2403-C-3000,HO2403-C-3000,65.0,0.0,0.0,0.0,6,60.0,62.6,1,65.0,59.2,0.0,0.0,0.0,0.0,116
2023-05-10 09:45:17,HO2403-C-3000,HO2403-C-3000,65.0,0.0,0.0,0.0,7,60.0,62.6,1,65.0,59.2,0.0,0.0,0.0,0.0,116
2023-05-10 09:45:18,HO2403-C-3000,HO2403-C-3000,65.0,0.0,0.0,0.0,13,60.0,62.6,1,65.0,59.2,0.0,0.0,0.0,0.0,116
2023-05-10 09:45:18,HO2403-C-3000,HO2403-C-3000,65.0,0.0,0.0,0.0,19,60.0,62.6,1,65.0,59.2,0.0,0.0,0.0,0.0,116
2023-05-10 09:45:23,HO2403-C-3000,HO2403-C-3000,65.0,0.0,0.0,0.0,12,60.0,62.6,1,65.0,59.2,0.0,0.0,0.0,0.0,116
2023-05-10 09:45:27,HO2403-C-3000,HO2403-C-3000,65.0,0.0,0.0,0.0,18,60.0,62.6,1,65.0,59.2,0.0,0.0,0.0,0.0,116
2023-05-10 09:45:58,HO2403-C-3000,HO2403-C-3000,65.0,0.0,0.0,0.0,12,60.0,62.6,1,65.0,59.2,0.0,0.0,0.0,0.0,116
2023-05-10 09:46:01,HO2403-C-3000,HO2403-C-3000,65.0,0.0,0.0,0.0,18,60.0,62.6,1,65.0,59.2,0.0,0.0,0.0,0.0,116
2023-05-10 09:46:26,HO2403-C-3000,HO2403-C-3000,65.0,0.0,0.0,0.0,19,60.0,62.6,1,65.0,59.2,0.0,0.0,0.0,0.0,116
2023-05-10 09:46:33,HO2403-C-3000,HO2403-C-3000,65.0,0.0,0.0,0.0,18,60.0,62.6,1,65.0,59.2,0.0,0.0,0.0,0.0,116
2023-05-10 09:46:48,HO2403-C-3000,HO2403-C-3000,65.0,0.0,0.0,0.0,19,60.0,62.6,1,65.0,59.2,0.0,0.0,0.0,0.0,116
2023-05-10 09:46:49,HO2403-C-3000,HO2403-C-3000,65.0,0.0,0.0,0.0,18,60.0,62.6,1,65.0,59.2,0.0,0.0,0.0,0.0,116
2023-05-10 09:46:55,HO2403-C-3000,HO2403-C-3000,65.0,0.0,0.0,0.0,12,60.0,62.6,1,65.0,59.2,0.0,0.0,0.0,0.0,116
2023-05-10 09:46:57,HO2403-C-3000,HO2403-C-3000,65.0,0.0,0.0,0.0,18,60.0,62.6,1,65.0,59.2,0.0,0.0,0.0,0.0,116
2023-05-10 09:48:02,HO2403-C-3000,HO2403-C-3000,65.0,0.0,0.0,0.0,12,60.0,62.6,1,65.0,59.2,0.0,0.0,0.0,0.0,116
2023-05-10 09:48:02,HO2403-C-3000,HO2403-C-3000,65.0,0.0,0.0,0.0,18,60.0,62.6,1,65.0,59.2,0.0,0.0,0.0,0.0,116
2023-05-10 09:48:03,HO2403-C-3000,HO2403-C-3000,65.0,0.0,0.0,0.0,19,60.0,62.6,1,65.0,59.2,0.0,0.0,0.0,0.0,116
2023-05-10 09:48:08,HO2403-C-3000,HO2403-C-3000,65.0,0.0,0.0,0.0,20,60.0,62.6,1,65.0,59.2,0.0,0.0,0.0,0.0,116
2023-05-10 09:48:11,HO2403-C-3000,HO2403-C-3000,65.0,0.0,0.0,0.0,14,60.0,62.6,1,65.0,59.2,0.0,0.0,0.0,0.0,116
2023-05-10 09:48:12,HO2403-C-3000,HO2403-C-3000,65.0,0.0,0.0,0.0,20,60.0,62.6,1,65.0,59.2,0.0,0.0,0.0,0.0,116
2023-05-10 09:48:13,HO2403-C-3000,HO2403-C-3000,65.0,0.0,0.0,0.0,14,60.0,62.6,1,65.0,59.2,0.0,0.0,0.0,0.0,116
2023-05-10 09:48:13,HO2403-C-3000,HO2403-C-3000,65.0,0.0,0.0,0.0,18,60.0,62.6,1,65.0,59.2,0.0,0.0,0.0,0.0,116
2023-05-10 09:48:14,HO2403-C-3000,HO2403-C-3000,65.0,0.0,0.0,0.0,12,60.0,62.6,1,65.0,59.2,0.0,0.0,0.0,0.0,116
2023-05-10 09:48:15,HO2403-C-3000,HO2403-C-3000,65.0,0.0,0.0,0.0,18,60.0,62.6,1,65.0,59.2,0.0,0.0,0.0,0.0,116
2023-05-10 09:48:17,HO2403-C-3000,HO2403-C-3000,65.0,0.0,0.0,0.0,12,60.0,62.6,1,65.0,59.2,0.0,0.0,0.0,0.0,116
2023-05-10 09:48:19,HO2403-C-3000,HO2403-C-3000,65.0,0.0,0.0,0.0,18,60.0,62.6,1,65.0,59.2,0.0,0.0,0.0,0.0,116
2023-05-10 09:48:34,HO2403-C-3000,HO2403-C-3000,65.0,0.0,0.0,0.0,12,60.0,62.6,1,65.0,59.2,0.0,0.0,0.0,0.0,116
2023-05-10 09:48:36,HO2403-C-3000,HO2403-C-3000,65.0,0.0,0.0,0.0,18,60.0,62.6,1,65.0,59.2,0.0,0.0,0.0,0.0,116
2023-05-10 09:48:41,HO2403-C-3000,HO2403-C-3000,65.0,0.0,0.0,0.0,12,60.0,62.6,1,65.0,59.2,0.0,0.0,0.0,0.0,116
2023-05-10 09:48:45,HO2403-C-3000,HO2403-C-3000,65.0,0.0,0.0,0.0,18,60.0,62.6,1,65.0,59.2,0.0,0.0,0.0,0.0,116
2023-05-10 09:48:49,HO2403-C-3000,HO2403-C-3000,65.0,0.0,0.0,0.0,12,60.0,62.6,1,65.0,59.2,0.0,0.0,0.0,0.0,116
2023-05-10 09:48:50,HO2403-C-3000,HO2403-C-3000,65.0,0.0,0.0,0.0,18,60.0,62.6,1,65.0,59.2,0.0,0.0,0.0,0.0,116
2023-05-10 09:48:53,HO2403-C-3000,HO2403-C-3000,65.0,0.0,0.0,0.0,6,60.0,62.6,1,65.0,59.2,0.0,0.0,0.0,0.0,116
2023-05-10 09:48:54,HO2403-C-3000,HO2403-C-3000,65.0,0.0,0.0,0.0,24,59.6,62.6,1,65.0,59.2,0.0,0.0,0.0,0.0,116
2023-05-10 09:48:54,HO2403-C-3000,HO2403-C-3000,65.0,0.0,0.0,0.0,12,59.6,62.6,1,65.0,59.2,0.0,0.0,0.0,0.0,116
2023-05-10 09:48:55,HO2403-C-3000,HO2403-C-3000,65.0,0.0,0.0,0.0,42,59.4,62.6,1,65.0,59.2,0.0,0.0,0.0,0.0,116
2023-05-10 09:48:55,HO2403-C-3000,HO2403-C-3000,65.0,0.0,0.0,0.0,30,59.4,62.6,1,65.0,59.2,0.0,0.0,0.0,0.0,116
2023-05-10 09:49:01,HO2403-C-3000,HO2403-C-3000,65.0,0.0,0.0,0.0,24,59.4,62.6,1,65.0,59.2,0.0,0.0,0.0,0.0,116
2023-05-10 09:49:02,HO2403-C-3000,HO2403-C-3000,65.0,0.0,0.0,0.0,24,59.4,62.6,4,65.0,59.2,0.0,0.0,0.0,0.0,116
2023-05-10 09:49:02,HO2403-C-3000,HO2403-C-3000,65.0,0.0,0.0,0.0,24,59.4,60.6,1,65.0,59.2,0.0,0.0,0.0,0.0,116
2023-05-10 09:49:15,HO2403-C-3000,HO2403-C-3000,65.0,0.0,0.0,0.0,24,59.4,61.0,1,65.0,59.2,0.0,0.0,0.0,0.0,116
2023-05-10 09:49:15,HO2403-C-3000,HO2403-C-3000,65.0,0.0,0.0,0.0,25,59.4,61.0,1,65.0,59.2,0.0,0.0,0.0,0.0,116
2023-05-10 09:49:18,HO2403-C-3000,HO2403-C-3000,65.0,0.0,0.0,0.0,24,59.4,61.0,1,65.0,59.2,0.0,0.0,0.0,0.0,116
2023-05-10 09:49:20,HO2403-C-3000,HO2403-C-3000,65.0,0.0,0.0,0.0,18,59.4,61.0,1,65.0,59.2,0.0,0.0,0.0,0.0,116
2023-05-10 09:49:21,HO2403-C-3000,HO2403-C-3000,65.0,0.0,0.0,0.0,24,59.4,61.0,1,65.0,59.2,0.0,0.0,0.0,0.0,116
2023-05-10 09:49:24,HO2403-C-3000,HO2403-C-3000,65.0,0.0,0.0,0.0,18,59.4,61.0,1,65.0,59.2,0.0,0.0,0.0,0.0,116
2023-05-10 09:49:34,HO2403-C-3000,HO2403-C-3000,65.0,0.0,0.0,0.0,12,59.4,61.0,1,65.0,59.2,0.0,0.0,0.0,0.0,116
2023-05-10 09:49:35,HO2403-C-3000,HO2403-C-3000,65.0,0.0,0.0,0.0,6,59.4,61.0,1,65.0,59.2,0.0,0.0,0.0,0.0,116
2023-05-10 09:50:14,HO2403-C-3000,HO2403-C-3000,65.0,0.0,0.0,0.0,7,59.4,61.0,1,65.0,59.2,0.0,0.0,0.0,0.0,116
2023-05-10 09:50:15,HO2403-C-3000,HO2403-C-3000,65.0,0.0,0.0,0.0,13,59.4,61.0,1,65.0,59.2,0.0,0.0,0.0,0.0,116
2023-05-10 09:50:16,HO2403-C-3000,HO2403-C-3000,65.0,0.0,0.0,0.0,19,59.4,61.0,1,65.0,59.2,0.0,0.0,0.0,0.0,116
2023-05-10 09:50:17,HO2403-C-3000,HO2403-C-3000,65.0,0.0,0.0,0.0,13,59.4,61.0,1,65.0,59.2,0.0,0.0,0.0,0.0,116
2023-05-10 09:50:18,HO2403-C-3000,HO2403-C-3000,65.0,0.0,0.0,0.0,14,59.4,61.0,1,65.0,59.2,0.0,0.0,0.0,0.0,116
2023-05-10 09:50:22,HO2403-C-3000,HO2403-C-3000,65.0,0.0,0.0,0.0,1,59.6,61.6,1,65.0,59.2,0.0,0.0,0.0,0.0,116
2023-05-10 09:50:22,HO2403-C-3000,HO2403-C-3000,65.0,0.0,0.0,0.0,2,59.6,61.6,1,65.0,59.2,0.0,0.0,0.0,0.0,116
2023-05-10 09:50:23,HO2403-C-3000,HO2403-C-3000,65.0,0.0,0.0,0.0,1,59.6,61.6,1,65.0,59.2,0.0,0.0,0.0,0.0,116
2023-05-10 09:50:23,HO2403-C-3000,HO2403-C-3000,65.0,0.0,0.0,0.0,2,59.6,61.6,1,65.0,59.2,0.0,0.0,0.0,0.0,116
2023-05-10 09:50:25,HO2403-C-3000,HO2403-C-3000,65.0,0.0,0.0,0.0,1,59.6,61.6,1,65.0,59.2,0.0,0.0,0.0,0.0,116
2023-05-10 09:50:48,HO2403-C-3000,HO2403-C-3000,65.0,0.0,0.0,0.0,18,59.4,61.6,1,65.0,59.2,0.0,0.0,0.0,0.0,116
2023-05-10 09:51:14,HO2403-C-3000,HO2403-C-3000,65.0,0.0,0.0,0.0,19,59.4,61.6,1,65.0,59.2,0.0,0.0,0.0,0.0,116
2023-05-10 09:51:15,HO2403-C-3000,HO2403-C-3000,65.0,0.0,0.0,0.0,20,59.4,61.6,1,65.0,59.2,0.0,0.0,0.0,0.0,116
2023-05-10 09:51:23,HO2403-C-3000,HO2403-C-3000,65.0,0.0,0.0,0.0,14,59.4,61.6,1,65.0,59.2,0.0,0.0,0.0,0.0,116
2023-05-10 09:51:25,HO2403-C-3000,HO2403-C-3000,65.0,0.0,0.0,0.0,19,59.4,61.6,1,65.0,59.2,0.0,0.0,0.0,0.0,116
2023-05-10 09:51:30,HO2403-C-3000,HO2403-C-3000,65.0,0.0,0.0,0.0,18,59.4,61.6,1,65.0,59.2,0.0,0.0,0.0,0.0,116
2023-05-10 09:51:50,HO2403-C-3000,HO2403-C-3000,65.0,0.0,0.0,0.0,19,59.4,61.6,1,65.0,59.2,0.0,0.0,0.0,0.0,116
2023-05-10 09:51:51,HO2403-C-3000,HO2403-C-3000,65.0,0.0,0.0,0.0,18,59.4,61.6,1,65.0,59.2,0.0,0.0,0.0,0.0,116
2023-05-10 09:52:06,HO2403-C-3000,HO2403-C-3000,65.0,0.0,0.0,0.0,12,59.4,61.6,1,65.0,59.2,0.0,0.0,0.0,0.0,116
2023-05-10 09:52:07,HO2403-C-3000,HO2403-C-3000,65.0,0.0,0.0,0.0,6,59.4,61.6,1,65.0,59.2,0.0,0.0,0.0,0.0,116
2023-05-10 09:53:15,HO2403-C-3000,HO2403-C-3000,65.0,0.0,0.0,0.0,12,59.4,61.6,1,65.0,59.2,0.0,0.0,0.0,0.0,116
2023-05-10 09:53:15,HO2403-C-3000,HO2403-C-3000,65.0,0.0,0.0,0.0,13,59.4,61.6,1,65.0,59.2,0.0,0.0,0.0,0.0,116
2023-05-10 09:53:16,HO2403-C-3000,HO2403-C-3000,65.0,0.0,0.0,0.0,19,59.4,61.6,1,65.0,59.2,0.0,0.0,0.0,0.0,116
2023-05-10 09:53:16,HO2403-C-3000,HO2403-C-3000,65.0,0.0,0.0,0.0,25,59.4,61.6,1,65.0,59.2,0.0,0.0,0.0,0.0,116
2023-05-10 09:53:17,HO2403-C-3000,HO2403-C-3000,65.0,0.0,0.0,0.0,19,59.4,61.6,1,65.0,59.2,0.0,0.0,0.0,0.0,116
2023-05-10 09:53:18,HO2403-C-3000,HO2403-C-3000,65.0,0.0,0.0,0.0,12,59.4,61.6,1,65.0,59.2,0.0,0.0,0.0,0.0,116
2023-05-10 09:54:06,HO2403-C-3000,HO2403-C-3000,65.0,0.0,0.0,0.0,6,59.4,61.6,1,65.0,59.2,0.0,0.0,0.0,0.0,116
2023-05-10 09:54:25,HO2403-C-3000,HO2403-C-3000,65.0,0.0,0.0,0.0,24,59.0,61.6,1,65.0,59.2,0.0,0.0,0.0,0.0,116
2023-05-10 09:54:37,HO2403-C-3000,HO2403-C-3000,65.0,0.0,0.0,0.0,18,59.0,61.6,1,65.0,59.2,0.0,0.0,0.0,0.0,116
2023-05-10 09:55:06,HO2403-C-3000,HO2403-C-3000,65.0,0.0,0.0,0.0,12,59.0,61.6,1,65.0,59.2,0.0,0.0,0.0,0.0,116
2023-05-10 09:55:06,HO2403-C-3000,HO2403-C-3000,65.0,0.0,0.0,0.0,6,59.0,61.6,4,65.0,59.2,0.0,0.0,0.0,0.0,116
2023-05-10 09:55:07,HO2403-C-3000,HO2403-C-3000,65.0,0.0,0.0,0.0,6,59.0,59.8,1,65.0,59.2,0.0,0.0,0.0,0.0,116
2023-05-10 09:56:07,HO2403-C-3000,HO2403-C-3000,65.0,0.0,0.0,0.0,6,59.0,60.2,1,65.0,59.2,0.0,0.0,0.0,0.0,116
2023-05-10 09:59:48,HO2403-C-3000,HO2403-C-3000,65.0,0.0,0.0,0.0,6,59.0,60.6,1,65.0,59.2,0.0,0.0,0.0,0.0,116
2023-05-10 10:00:35,HO2403-C-3000,HO2403-C-3000,65.0,0.0,0.0,0.0,1,58.8,60.6,1,65.0,59.2,0.0,0.0,0.0,0.0,116
2023-05-10 10:01:33,HO2403-C-3000,HO2403-C-3000,65.0,0.0,0.0,0.0,2,58.8,60.6,1,65.0,59.2,0.0,0.0,0.0,0.0,116
2023-05-10 10:01:34,HO2403-C-3000,HO2403-C-3000,65.0,0.0,0.0,0.0,1,58.8,60.6,1,65.0,59.2,0.0,0.0,0.0,0.0,116
2023-05-10 10:03:08,HO2403-C-3000,HO2403-C-3000,65.0,0.0,0.0,0.0,1,58.8,61.8,12,65.0,59.2,0.0,0.0,0.0,0.0,116
2023-05-10 10:03:09,HO2403-C-3000,HO2403-C-3000,65.0,0.0,0.0,0.0,1,58.8,61.8,6,65.0,59.2,0.0,0.0,0.0,0.0,116
2023-05-10 10:03:09,HO2403-C-3000,HO2403-C-3000,65.0,0.0,0.0,0.0,2,58.8,61.8,6,65.0,59.2,0.0,0.0,0.0,0.0,116
2023-05-10 10:03:10,HO2403-C-3000,HO2403-C-3000,65.0,0.0,0.0,0.0,1,59.2,61.2,1,65.0,59.2,0.0,0.0,0.0,0.0,116
2023-05-10 10:03:15,HO2403-C-3000,HO2403-C-3000,59.2,1.0,5920.0,0.0,6,59.0,61.2,1,65.0,59.2,59.2,59.2,1.0,5920.0,116
2023-05-10 10:03:19,HO2403-C-3000,HO2403-C-3000,59.2,0.0,0.0,0.0,12,59.0,61.2,1,65.0,59.2,59.2,59.2,1.0,5920.0,116
2023-05-10 10:03:20,HO2403-C-3000,HO2403-C-3000,59.2,0.0,0.0,0.0,18,59.0,61.2,1,65.0,59.2,59.2,59.2,1.0,5920.0,116
2023-05-10 10:03:20,HO2403-C-3000,HO2403-C-3000,59.2,0.0,0.0,0.0,24,59.0,61.2,1,65.0,59.2,59.2,59.2,1.0,5920.0,116
2023-05-10 10:03:28,HO2403-C-3000,HO2403-C-3000,59.0,1.0,5900.0,1.0,23,59.0,61.2,1,65.0,59.2,59.2,59.0,2.0,11820.0,117
2023-05-10 10:03:36,HO2403-C-3000,HO2403-C-3000,59.0,4.0,23600.0,4.0,19,59.0,61.2,1,65.0,59.2,59.2,59.0,6.0,35420.0,121
2023-05-10 10:03:36,HO2403-C-3000,HO2403-C-3000,59.0,0.0,0.0,0.0,18,59.0,61.2,1,65.0,59.2,59.2,59.0,6.0,35420.0,121
2023-05-10 10:07:21,HO2403-C-3000,HO2403-C-3000,59.0,0.0,0.0,0.0,12,59.0,61.2,1,65.0,59.2,59.2,59.0,6.0,35420.0,121
2023-05-10 10:07:21,HO2403-C-3000,HO2403-C-3000,59.0,0.0,0.0,0.0,18,58.6,61.2,1,65.0,59.2,59.2,59.0,6.0,35420.0,121
2023-05-10 10:08:17,HO2403-C-3000,HO2403-C-3000,59.0,0.0,0.0,0.0,18,58.6,61.0,6,65.0,59.2,59.2,59.0,6.0,35420.0,121
2023-05-10 10:08:17,HO2403-C-3000,HO2403-C-3000,59.0,0.0,0.0,0.0,18,58.6,60.0,1,65.0,59.2,59.2,59.0,6.0,35420.0,121
2023-05-10 10:08:24,HO2403-C-3000,HO2403-C-3000,59.0,0.0,0.0,0.0,12,58.6,60.0,1,65.0,59.2,59.2,59.0,6.0,35420.0,121
2023-05-10 10:08:25,HO2403-C-3000,HO2403-C-3000,59.0,0.0,0.0,0.0,6,58.6,60.0,1,65.0,59.2,59.2,59.0,6.0,35420.0,121
2023-05-10 10:08:27,HO2403-C-3000,HO2403-C-3000,59.0,0.0,0.0,0.0,19,58.2,60.0,1,65.0,59.2,59.2,59.0,6.0,35420.0,121
2023-05-10 10:08:27,HO2403-C-3000,HO2403-C-3000,59.0,0.0,0.0,0.0,13,58.2,60.0,1,65.0,59.2,59.2,59.0,6.0,35420.0,121
2023-05-10 10:08:28,HO2403-C-3000,HO2403-C-3000,59.0,0.0,0.0,0.0,7,58.2,60.0,1,65.0,59.2,59.2,59.0,6.0,35420.0,121
2023-05-10 10:08:28,HO2403-C-3000,HO2403-C-3000,59.0,0.0,0.0,0.0,1,58.2,60.0,1,65.0,59.2,59.2,59.0,6.0,35420.0,121
2023-05-10 10:08:45,HO2403-C-3000,HO2403-C-3000,59.0,0.0,0.0,0.0,2,58.2,60.0,1,65.0,59.2,59.2,59.0,6.0,35420.0,121
2023-05-10 10:08:47,HO2403-C-3000,HO2403-C-3000,59.0,0.0,0.0,0.0,1,58.2,60.0,1,65.0,59.2,59.2,59.0,6.0,35420.0,121
2023-05-10 10:08:52,HO2403-C-3000,HO2403-C-3000,59.0,0.0,0.0,0.0,1,58.2,60.6,1,65.0,59.2,59.2,59.0,6.0,35420.0,121
2023-05-10 10:10:17,HO2403-C-3000,HO2403-C-3000,59.0,0.0,0.0,0.0,18,58.0,60.6,1,65.0,59.2,59.2,59.0,6.0,35420.0,121
2023-05-10 10:10:22,HO2403-C-3000,HO2403-C-3000,59.0,0.0,0.0,0.0,19,58.0,60.6,1,65.0,59.2,59.2,59.0,6.0,35420.0,121
2023-05-10 10:10:25,HO2403-C-3000,HO2403-C-3000,59.0,0.0,0.0,0.0,19,58.0,60.4,6,65.0,59.2,59.2,59.0,6.0,35420.0,121
2023-05-10 10:10:25,HO2403-C-3000,HO2403-C-3000,59.0,0.0,0.0,0.0,13,58.0,59.8,1,65.0,59.2,59.2,59.0,6.0,35420.0,121
2023-05-10 10:10:26,HO2403-C-3000,HO2403-C-3000,59.0,0.0,0.0,0.0,7,58.0,59.8,1,65.0,59.2,59.2,59.0,6.0,35420.0,121
2023-05-10 10:10:26,HO2403-C-3000,HO2403-C-3000,59.0,0.0,0.0,0.0,1,58.0,59.8,1,65.0,59.2,59.2,59.0,6.0,35420.0,121
2023-05-10 10:11:48,HO2403-C-3000,HO2403-C-3000,59.0,0.0,0.0,0.0,1,58.0,60.4,6,65.0,59.2,59.2,59.0,6.0,35420.0,121
2023-05-10 10:11:51,HO2403-C-3000,HO2403-C-3000,59.0,0.0,0.0,0.0,1,58.0,60.4,7,65.0,59.2,59.2,59.0,6.0,35420.0,121
2023-05-10 10:11:58,HO2403-C-3000,HO2403-C-3000,59.0,0.0,0.0,0.0,1,58.0,60.2,1,65.0,59.2,59.2,59.0,6.0,35420.0,121
2023-05-10 10:13:53,HO2403-C-3000,HO2403-C-3000,59.0,0.0,0.0,0.0,7,58.0,60.2,1,65.0,59.2,59.2,59.0,6.0,35420.0,121
2023-05-10 10:14:35,HO2403-C-3000,HO2403-C-3000,59.0,0.0,0.0,0.0,6,58.0,60.2,1,65.0,59.2,59.2,59.0,6.0,35420.0,121
2023-05-10 10:14:46,HO2403-C-3000,HO2403-C-3000,59.0,0.0,0.0,0.0,19,57.6,60.2,1,65.0,59.2,59.2,59.0,6.0,35420.0,121
2023-05-10 10:15:12,HO2403-C-3000,HO2403-C-3000,59.0,0.0,0.0,0.0,6,58.0,60.2,1,65.0,59.2,59.2,59.0,6.0,35420.0,121
2023-05-10 10:15:13,HO2403-C-3000,HO2403-C-3000,59.0,0.0,0.0,0.0,1,58.2,60.2,1,65.0,59.2,59.2,59.0,6.0,35420.0,121
2023-05-10 10:15:43,HO2403-C-3000,HO2403-C-3000,59.0,0.0,0.0,0.0,6,58.0,60.2,1,65.0,59.2,59.2,59.0,6.0,35420.0,121
2023-05-10 10:16:01,HO2403-C-3000,HO2403-C-3000,59.0,0.0,0.0,0.0,7,58.0,60.2,1,65.0,59.2,59.2,59.0,6.0,35420.0,121
2023-05-10 10:16:15,HO2403-C-3000,HO2403-C-3000,59.0,0.0,0.0,0.0,1,58.4,60.2,1,65.0,59.2,59.2,59.0,6.0,35420.0,121
2023-05-10 10:16:53,HO2403-C-3000,HO2403-C-3000,59.0,0.0,0.0,0.0,7,58.0,60.2,1,65.0,59.2,59.2,59.0,6.0,35420.0,121
2023-05-10 10:17:04,HO2403-C-3000,HO2403-C-3000,59.0,0.0,0.0,0.0,1,58.4,60.2,1,65.0,59.2,59.2,59.0,6.0,35420.0,121
2023-05-10 10:18:02,HO2403-C-3000,HO2403-C-3000,59.0,0.0,0.0,0.0,7,58.0,60.2,1,65.0,59.2,59.2,59.0,6.0,35420.0,121
2023-05-10 10:18:34,HO2403-C-3000,HO2403-C-3000,59.0,0.0,0.0,0.0,6,58.0,60.2,1,65.0,59.2,59.2,59.0,6.0,35420.0,121
2023-05-10 10:19:08,HO2403-C-3000,HO2403-C-3000,59.0,0.0,0.0,0.0,7,58.0,60.2,1,65.0,59.2,59.2,59.0,6.0,35420.0,121
2023-05-10 10:19:09,HO2403-C-3000,HO2403-C-3000,59.0,0.0,0.0,0.0,6,58.2,60.2,1,65.0,59.2,59.2,59.0,6.0,35420.0,121
2023-05-10 10:19:16,HO2403-C-3000,HO2403-C-3000,59.0,0.0,0.0,0.0,7,58.0,60.2,1,65.0,59.2,59.2,59.0,6.0,35420.0,121
2023-05-10 10:19:57,HO2403-C-3000,HO2403-C-3000,59.0,0.0,0.0,0.0,6,58.0,60.2,1,65.0,59.2,59.2,59.0,6.0,35420.0,121
2023-05-10 10:19:57,HO2403-C-3000,HO2403-C-3000,59.0,0.0,0.0,0.0,18,57.6,60.2,1,65.0,59.2,59.2,59.0,6.0,35420.0,121
2023-05-10 10:20:07,HO2403-C-3000,HO2403-C-3000,59.0,0.0,0.0,0.0,6,58.0,60.2,1,65.0,59.2,59.2,59.0,6.0,35420.0,121
2023-05-10 10:20:40,HO2403-C-3000,HO2403-C-3000,59.0,0.0,0.0,0.0,1,57.8,60.2,1,65.0,59.2,59.2,59.0,6.0,35420.0,121
2023-05-10 10:21:00,HO2403-C-3000,HO2403-C-3000,59.0,0.0,0.0,0.0,1,57.8,60.0,6,65.0,59.2,59.2,59.0,6.0,35420.0,121
2023-05-10 10:21:00,HO2403-C-3000,HO2403-C-3000,59.0,0.0,0.0,0.0,1,57.8,59.6,1,65.0,59.2,59.2,59.0,6.0,35420.0,121
2023-05-10 10:21:02,HO2403-C-3000,HO2403-C-3000,59.0,0.0,0.0,0.0,1,57.8,59.6,3,65.0,59.2,59.2,59.0,6.0,35420.0,121
2023-05-10 10:21:12,HO2403-C-3000,HO2403-C-3000,59.0,0.0,0.0,0.0,1,57.8,59.6,1,65.0,59.2,59.2,59.0,6.0,35420.0,121
2023-05-10 10:21:43,HO2403-C-3000,HO2403-C-3000,59.0,0.0,0.0,0.0,1,57.8,59.6,3,65.0,59.2,59.2,59.0,6.0,35420.0,121
2023-05-10 10:21:50,HO2403-C-3000,HO2403-C-3000,59.0,0.0,0.0,0.0,1,57.8,59.6,1,65.0,59.2,59.2,59.0,6.0,35420.0,121
2023-05-10 10:23:28,HO2403-C-3000,HO2403-C-3000,59.0,0.0,0.0,0.0,18,57.6,59.6,1,65.0,59.2,59.2,59.0,6.0,35420.0,121
2023-05-10 10:23:28,HO2403-C-3000,HO2403-C-3000,59.0,0.0,0.0,0.0,19,57.6,59.6,1,65.0,59.2,59.2,59.0,6.0,35420.0,121
2023-05-10 10:23:29,HO2403-C-3000,HO2403-C-3000,59.0,0.0,0.0,0.0,18,57.6,59.6,1,65.0,59.2,59.2,59.0,6.0,35420.0,121
2023-05-10 10:23:52,HO2403-C-3000,HO2403-C-3000,59.0,0.0,0.0,0.0,12,57.6,59.6,1,65.0,59.2,59.2,59.0,6.0,35420.0,121
2023-05-10 10:23:53,HO2403-C-3000,HO2403-C-3000,59.0,0.0,0.0,0.0,6,57.6,59.6,1,65.0,59.2,59.2,59.0,6.0,35420.0,121
2023-05-10 10:24:06,HO2403-C-3000,HO2403-C-3000,59.0,0.0,0.0,0.0,6,57.8,59.6,1,65.0,59.2,59.2,59.0,6.0,35420.0,121
2023-05-10 10:24:07,HO2403-C-3000,HO2403-C-3000,59.0,0.0,0.0,0.0,7,57.8,59.6,1,65.0,59.2,59.2,59.0,6.0,35420.0,121
2023-05-10 10:24:16,HO2403-C-3000,HO2403-C-3000,59.0,0.0,0.0,0.0,1,57.8,59.6,1,65.0,59.2,59.2,59.0,6.0,35420.0,121
2023-05-10 10:26:33,HO2403-C-3000,HO2403-C-3000,59.0,0.0,0.0,0.0,1,57.8,60.0,1,65.0,59.2,59.2,59.0,6.0,35420.0,121
2023-05-10 10:27:26,HO2403-C-3000,HO2403-C-3000,59.0,0.0,0.0,0.0,7,57.8,60.0,1,65.0,59.2,59.2,59.0,6.0,35420.0,121
2023-05-10 10:27:27,HO2403-C-3000,HO2403-C-3000,59.0,0.0,0.0,0.0,1,58.6,60.0,1,65.0,59.2,59.2,59.0,6.0,35420.0,121
2023-05-10 10:28:14,HO2403-C-3000,HO2403-C-3000,59.0,0.0,0.0,0.0,1,58.6,60.0,3,65.0,59.2,59.2,59.0,6.0,35420.0,121
2023-05-10 10:28:17,HO2403-C-3000,HO2403-C-3000,59.0,0.0,0.0,0.0,1,58.6,60.0,1,65.0,59.2,59.2,59.0,6.0,35420.0,121
2023-05-10 10:28:33,HO2403-C-3000,HO2403-C-3000,59.0,0.0,0.0,0.0,1,58.2,60.0,1,65.0,59.2,59.2,59.0,6.0,35420.0,121
2023-05-10 10:28:33,HO2403-C-3000,HO2403-C-3000,59.0,0.0,0.0,0.0,1,58.2,59.8,2,65.0,59.2,59.2,59.0,6.0,35420.0,121
2023-05-10 10:28:41,HO2403-C-3000,HO2403-C-3000,59.0,0.0,0.0,0.0,1,58.2,60.0,1,65.0,59.2,59.2,59.0,6.0,35420.0,121
2023-05-10 10:28:42,HO2403-C-3000,HO2403-C-3000,59.0,0.0,0.0,0.0,1,58.2,60.0,3,65.0,59.2,59.2,59.0,6.0,35420.0,121
2023-05-10 10:29:01,HO2403-C-3000,HO2403-C-3000,59.0,0.0,0.0,0.0,1,58.2,59.8,1,65.0,59.2,59.2,59.0,6.0,35420.0,121
2023-05-10 10:29:02,HO2403-C-3000,HO2403-C-3000,59.0,0.0,0.0,0.0,18,57.8,59.8,3,65.0,59.2,59.2,59.0,6.0,35420.0,121
2023-05-10 10:29:02,HO2403-C-3000,HO2403-C-3000,59.0,0.0,0.0,0.0,13,57.8,59.8,3,65.0,59.2,59.2,59.0,6.0,35420.0,121
2023-05-10 10:29:03,HO2403-C-3000,HO2403-C-3000,59.0,0.0,0.0,0.0,7,57.8,59.8,3,65.0,59.2,59.2,59.0,6.0,35420.0,121
2023-05-10 10:29:04,HO2403-C-3000,HO2403-C-3000,59.0,0.0,0.0,0.0,7,57.8,59.6,1,65.0,59.2,59.2,59.0,6.0,35420.0,121
2023-05-10 10:29:21,HO2403-C-3000,HO2403-C-3000,59.0,0.0,0.0,0.0,1,57.8,59.6,1,65.0,59.2,59.2,59.0,6.0,35420.0,121
2023-05-10 10:29:22,HO2403-C-3000,HO2403-C-3000,59.0,0.0,0.0,0.0,1,57.8,59.4,2,65.0,59.2,59.2,59.0,6.0,35420.0,121
2023-05-10 10:29:22,HO2403-C-3000,HO2403-C-3000,59.0,0.0,0.0,0.0,1,57.8,59.2,1,65.0,59.2,59.2,59.0,6.0,35420.0,121
2023-05-10 10:29:30,HO2403-C-3000,HO2403-C-3000,59.0,0.0,0.0,0.0,19,57.4,59.2,1,65.0,59.2,59.2,59.0,6.0,35420.0,121
2023-05-10 10:29:58,HO2403-C-3000,HO2403-C-3000,59.0,0.0,0.0,0.0,13,57.4,59.2,1,65.0,59.2,59.2,59.0,6.0,35420.0,121
2023-05-10 10:29:58,HO2403-C-3000,HO2403-C-3000,59.0,0.0,0.0,0.0,7,57.4,59.2,1,65.0,59.2,59.2,59.0,6.0,35420.0,121
2023-05-10 10:30:02,HO2403-C-3000,HO2403-C-3000,59.0,0.0,0.0,0.0,1,57.4,59.2,1,65.0,59.2,59.2,59.0,6.0,35420.0,121
2023-05-10 10:30:05,HO2403-C-3000,HO2403-C-3000,59.0,0.0,0.0,0.0,24,57.2,59.2,1,65.0,59.2,59.2,59.0,6.0,35420.0,121
2023-05-10 10:30:05,HO2403-C-3000,HO2403-C-3000,59.0,0.0,0.0,0.0,12,57.2,59.2,1,65.0,59.2,59.2,59.0,6.0,35420.0,121
2023-05-10 10:30:06,HO2403-C-3000,HO2403-C-3000,59.0,0.0,0.0,0.0,6,57.2,59.2,1,65.0,59.2,59.2,59.0,6.0,35420.0,121
2023-05-10 10:30:11,HO2403-C-3000,HO2403-C-3000,59.0,0.0,0.0,0.0,6,57.4,59.2,1,65.0,59.2,59.2,59.0,6.0,35420.0,121
2023-05-10 10:30:13,HO2403-C-3000,HO2403-C-3000,59.0,0.0,0.0,0.0,7,57.4,59.2,1,65.0,59.2,59.2,59.0,6.0,35420.0,121
2023-05-10 10:30:24,HO2403-C-3000,HO2403-C-3000,59.0,0.0,0.0,0.0,1,57.4,59.2,1,65.0,59.2,59.2,59.0,6.0,35420.0,121
2023-05-10 10:30:50,HO2403-C-3000,HO2403-C-3000,59.0,0.0,0.0,0.0,1,57.4,60.2,51,65.0,59.2,59.2,59.0,6.0,35420.0,121
2023-05-10 10:30:50,HO2403-C-3000,HO2403-C-3000,59.0,0.0,0.0,0.0,1,57.4,59.6,1,65.0,59.2,59.2,59.0,6.0,35420.0,121
2023-05-10 10:30:51,HO2403-C-3000,HO2403-C-3000,59.0,0.0,0.0,0.0,7,57.4,59.6,3,65.0,59.2,59.2,59.0,6.0,35420.0,121
2023-05-10 10:30:51,HO2403-C-3000,HO2403-C-3000,59.0,0.0,0.0,0.0,1,57.8,59.6,3,65.0,59.2,59.2,59.0,6.0,35420.0,121
2023-05-10 10:31:06,HO2403-C-3000,HO2403-C-3000,59.0,0.0,0.0,0.0,1,57.8,59.2,1,65.0,59.2,59.2,59.0,6.0,35420.0,121
2023-05-10 10:31:21,HO2403-C-3000,HO2403-C-3000,59.0,0.0,0.0,0.0,1,57.4,59.2,1,65.0,59.2,59.2,59.0,6.0,35420.0,121
2023-05-10 10:31:21,HO2403-C-3000,HO2403-C-3000,59.0,0.0,0.0,0.0,1,57.4,59.0,2,65.0,59.2,59.2,59.0,6.0,35420.0,121
2023-05-10 10:31:36,HO2403-C-3000,HO2403-C-3000,59.0,0.0,0.0,0.0,1,57.4,59.2,1,65.0,59.2,59.2,59.0,6.0,35420.0,121
2023-05-10 10:31:37,HO2403-C-3000,HO2403-C-3000,59.0,0.0,0.0,0.0,1,57.4,59.2,3,65.0,59.2,59.2,59.0,6.0,35420.0,121
2023-05-10 10:31:47,HO2403-C-3000,HO2403-C-3000,59.0,0.0,0.0,0.0,1,57.4,59.2,1,65.0,59.2,59.2,59.0,6.0,35420.0,121
2023-05-10 10:31:48,HO2403-C-3000,HO2403-C-3000,59.0,0.0,0.0,0.0,1,57.4,59.2,3,65.0,59.2,59.2,59.0,6.0,35420.0,121
2023-05-10 10:31:48,HO2403-C-3000,HO2403-C-3000,59.0,0.0,0.0,0.0,1,57.4,59.2,1,65.0,59.2,59.2,59.0,6.0,35420.0,121
2023-05-10 10:31:49,HO2403-C-3000,HO2403-C-3000,59.0,0.0,0.0,0.0,1,57.4,59.2,3,65.0,59.2,59.2,59.0,6.0,35420.0,121
2023-05-10 10:31:58,HO2403-C-3000,HO2403-C-3000,59.0,0.0,0.0,0.0,1,57.4,59.2,1,65.0,59.2,59.2,59.0,6.0,35420.0,121
2023-05-10 10:31:58,HO2403-C-3000,HO2403-C-3000,59.0,0.0,0.0,0.0,1,57.4,59.2,3,65.0,59.2,59.2,59.0,6.0,35420.0,121
2023-05-10 10:32:03,HO2403-C-3000,HO2403-C-3000,59.0,0.0,0.0,0.0,1,57.4,59.2,1,65.0,59.2,59.2,59.0,6.0,35420.0,121
2023-05-10 10:32:22,HO2403-C-3000,HO2403-C-3000,59.0,0.0,0.0,0.0,1,57.4,58.8,2,65.0,59.2,59.2,59.0,6.0,35420.0,121
2023-05-10 10:32:22,HO2403-C-3000,HO2403-C-3000,59.0,0.0,0.0,0.0,1,57.4,59.2,1,65.0,59.2,59.2,59.0,6.0,35420.0,121
2023-05-10 10:32:23,HO2403-C-3000,HO2403-C-3000,59.0,0.0,0.0,0.0,1,57.4,59.0,2,65.0,59.2,59.2,59.0,6.0,35420.0,121
2023-05-10 10:32:23,HO2403-C-3000,HO2403-C-3000,59.0,0.0,0.0,0.0,1,57.4,59.2,1,65.0,59.2,59.2,59.0,6.0,35420.0,121
2023-05-10 10:32:24,HO2403-C-3000,HO2403-C-3000,59.0,0.0,0.0,0.0,1,57.4,59.2,3,65.0,59.2,59.2,59.0,6.0,35420.0,121
2023-05-10 10:33:00,HO2403-C-3000,HO2403-C-3000,59.0,0.0,0.0,0.0,1,57.4,59.0,1,65.0,59.2,59.2,59.0,6.0,35420.0,121
2023-05-10 10:33:15,HO2403-C-3000,HO2403-C-3000,59.0,0.0,0.0,0.0,1,57.4,59.6,18,65.0,59.2,59.2,59.0,6.0,35420.0,121
2023-05-10 10:33:16,HO2403-C-3000,HO2403-C-3000,59.0,0.0,0.0,0.0,1,57.4,59.4,1,65.0,59.2,59.2,59.0,6.0,35420.0,121
2023-05-10 10:33:21,HO2403-C-3000,HO2403-C-3000,59.0,0.0,0.0,0.0,1,57.4,59.4,3,65.0,59.2,59.2,59.0,6.0,35420.0,121
2023-05-10 10:33:21,HO2403-C-3000,HO2403-C-3000,59.0,0.0,0.0,0.0,1,57.4,59.2,1,65.0,59.2,59.2,59.0,6.0,35420.0,121
2023-05-10 10:34:42,HO2403-C-3000,HO2403-C-3000,59.0,0.0,0.0,0.0,7,57.4,59.2,1,65.0,59.2,59.2,59.0,6.0,35420.0,121
2023-05-10 10:34:42,HO2403-C-3000,HO2403-C-3000,59.0,0.0,0.0,0.0,7,57.4,59.8,18,65.0,59.2,59.2,59.0,6.0,35420.0,121
2023-05-10 10:34:43,HO2403-C-3000,HO2403-C-3000,59.0,0.0,0.0,0.0,7,57.4,59.6,1,65.0,59.2,59.2,59.0,6.0,35420.0,121
2023-05-10 10:34:45,HO2403-C-3000,HO2403-C-3000,59.0,0.0,0.0,0.0,1,57.8,59.6,1,65.0,59.2,59.2,59.0,6.0,35420.0,121
2023-05-10 10:35:13,HO2403-C-3000,HO2403-C-3000,59.0,0.0,0.0,0.0,1,57.8,59.6,3,65.0,59.2,59.2,59.0,6.0,35420.0,121
2023-05-10 10:35:17,HO2403-C-3000,HO2403-C-3000,59.0,0.0,0.0,0.0,1,57.8,59.6,1,65.0,59.2,59.2,59.0,6.0,35420.0,121
2023-05-10 10:36:07,HO2403-C-3000,HO2403-C-3000,59.0,0.0,0.0,0.0,1,57.8,60.0,13,65.0,59.2,59.2,59.0,6.0,35420.0,121
2023-05-10 10:36:08,HO2403-C-3000,HO2403-C-3000,59.0,0.0,0.0,0.0,7,57.8,60.0,7,65.0,59.2,59.2,59.0,6.0,35420.0,121
2023-05-10 10:36:08,HO2403-C-3000,HO2403-C-3000,59.0,0.0,0.0,0.0,1,58.2,59.8,2,65.0,59.2,59.2,59.0,6.0,35420.0,121
2023-05-10 10:36:12,HO2403-C-3000,HO2403-C-3000,59.0,0.0,0.0,0.0,1,58.2,60.0,1,65.0,59.2,59.2,59.0,6.0,35420.0,121
2023-05-10 10:36:15,HO2403-C-3000,HO2403-C-3000,59.0,0.0,0.0,0.0,1,58.2,59.8,2,65.0,59.2,59.2,59.0,6.0,35420.0,121
2023-05-10 10:36:17,HO2403-C-3000,HO2403-C-3000,59.0,0.0,0.0,0.0,1,58.2,59.8,3,65.0,59.2,59.2,59.0,6.0,35420.0,121
2023-05-10 10:36:36,HO2403-C-3000,HO2403-C-3000,59.0,0.0,0.0,0.0,1,58.2,59.8,1,65.0,59.2,59.2,59.0,6.0,35420.0,121
2023-05-10 10:36:37,HO2403-C-3000,HO2403-C-3000,59.0,0.0,0.0,0.0,1,58.2,59.8,3,65.0,59.2,59.2,59.0,6.0,35420.0,121
2023-05-10 10:36:49,HO2403-C-3000,HO2403-C-3000,59.0,0.0,0.0,0.0,1,57.8,59.8,3,65.0,59.2,59.2,59.0,6.0,35420.0,121
2023-05-10 10:36:52,HO2403-C-3000,HO2403-C-3000,59.0,0.0,0.0,0.0,1,57.8,59.6,1,65.0,59.2,59.2,59.0,6.0,35420.0,121
2023-05-10 10:36:53,HO2403-C-3000,HO2403-C-3000,59.0,0.0,0.0,0.0,1,57.8,59.6,3,65.0,59.2,59.2,59.0,6.0,35420.0,121
2023-05-10 10:36:59,HO2403-C-3000,HO2403-C-3000,59.0,0.0,0.0,0.0,1,57.8,59.6,1,65.0,59.2,59.2,59.0,6.0,35420.0,121
2023-05-10 10:37:07,HO2403-C-3000,HO2403-C-3000,59.0,0.0,0.0,0.0,1,57.8,59.6,3,65.0,59.2,59.2,59.0,6.0,35420.0,121
2023-05-10 10:37:07,HO2403-C-3000,HO2403-C-3000,59.0,0.0,0.0,0.0,1,57.8,59.2,1,65.0,59.2,59.2,59.0,6.0,35420.0,121
2023-05-10 10:37:30,HO2403-C-3000,HO2403-C-3000,59.0,0.0,0.0,0.0,1,57.8,59.6,1,65.0,59.2,59.2,59.0,6.0,35420.0,121
2023-05-10 10:37:45,HO2403-C-3000,HO2403-C-3000,59.0,0.0,0.0,0.0,7,57.8,59.6,1,65.0,59.2,59.2,59.0,6.0,35420.0,121
2023-05-10 10:37:57,HO2403-C-3000,HO2403-C-3000,59.0,0.0,0.0,0.0,1,58.2,59.6,1,65.0,59.2,59.2,59.0,6.0,35420.0,121
2023-05-10 10:37:58,HO2403-C-3000,HO2403-C-3000,59.0,0.0,0.0,0.0,1,58.2,60.0,1,65.0,59.2,59.2,59.0,6.0,35420.0,121
2023-05-10 10:38:16,HO2403-C-3000,HO2403-C-3000,59.0,0.0,0.0,0.0,1,58.2,60.0,3,65.0,59.2,59.2,59.0,6.0,35420.0,121
2023-05-10 10:38:23,HO2403-C-3000,HO2403-C-3000,59.0,0.0,0.0,0.0,1,58.2,59.8,1,65.0,59.2,59.2,59.0,6.0,35420.0,121
2023-05-10 10:38:24,HO2403-C-3000,HO2403-C-3000,59.0,0.0,0.0,0.0,1,58.2,59.8,3,65.0,59.2,59.2,59.0,6.0,35420.0,121
2023-05-10 10:38:49,HO2403-C-3000,HO2403-C-3000,59.0,0.0,0.0,0.0,7,57.8,59.8,3,65.0,59.2,59.2,59.0,6.0,35420.0,121
2023-05-10 10:38:49,HO2403-C-3000,HO2403-C-3000,59.0,0.0,0.0,0.0,7,57.8,59.6,1,65.0,59.2,59.2,59.0,6.0,35420.0,121
2023-05-10 10:38:50,HO2403-C-3000,HO2403-C-3000,59.0,0.0,0.0,0.0,7,57.8,59.6,3,65.0,59.2,59.2,59.0,6.0,35420.0,121
2023-05-10 10:38:56,HO2403-C-3000,HO2403-C-3000,59.0,0.0,0.0,0.0,1,57.8,59.6,3,65.0,59.2,59.2,59.0,6.0,35420.0,121
2023-05-10 10:38:57,HO2403-C-3000,HO2403-C-3000,59.0,0.0,0.0,0.0,1,57.8,59.6,1,65.0,59.2,59.2,59.0,6.0,35420.0,121
2023-05-10 10:38:58,HO2403-C-3000,HO2403-C-3000,59.0,0.0,0.0,0.0,1,57.8,59.6,3,65.0,59.2,59.2,59.0,6.0,35420.0,121
2023-05-10 10:39:12,HO2403-C-3000,HO2403-C-3000,59.0,0.0,0.0,0.0,1,57.8,59.6,1,65.0,59.2,59.2,59.0,6.0,35420.0,121
2023-05-10 10:39:13,HO2403-C-3000,HO2403-C-3000,59.0,0.0,0.0,0.0,7,57.8,59.6,1,65.0,59.2,59.2,59.0,6.0,35420.0,121
2023-05-10 10:39:19,HO2403-C-3000,HO2403-C-3000,59.0,0.0,0.0,0.0,1,57.8,59.6,1,65.0,59.2,59.2,59.0,6.0,35420.0,121
2023-05-10 10:39:20,HO2403-C-3000,HO2403-C-3000,59.0,0.0,0.0,0.0,1,57.8,59.6,3,65.0,59.2,59.2,59.0,6.0,35420.0,121
2023-05-10 10:39:42,HO2403-C-3000,HO2403-C-3000,59.0,0.0,0.0,0.0,1,57.8,59.6,1,65.0,59.2,59.2,59.0,6.0,35420.0,121
2023-05-10 10:40:32,HO2403-C-3000,HO2403-C-3000,59.0,0.0,0.0,0.0,1,57.8,59.6,3,65.0,59.2,59.2,59.0,6.0,35420.0,121
2023-05-10 10:40:35,HO2403-C-3000,HO2403-C-3000,59.0,0.0,0.0,0.0,1,57.8,59.6,1,65.0,59.2,59.2,59.0,6.0,35420.0,121
2023-05-10 10:41:16,HO2403-C-3000,HO2403-C-3000,59.0,0.0,0.0,0.0,1,57.8,59.6,3,65.0,59.2,59.2,59.0,6.0,35420.0,121
2023-05-10 10:41:27,HO2403-C-3000,HO2403-C-3000,59.0,0.0,0.0,0.0,1,57.8,59.6,1,65.0,59.2,59.2,59.0,6.0,35420.0,121
2023-05-10 10:41:48,HO2403-C-3000,HO2403-C-3000,59.0,0.0,0.0,0.0,1,57.8,59.6,3,65.0,59.2,59.2,59.0,6.0,35420.0,121
2023-05-10 10:42:02,HO2403-C-3000,HO2403-C-3000,59.0,0.0,0.0,0.0,1,57.8,59.6,1,65.0,59.2,59.2,59.0,6.0,35420.0,121
2023-05-10 10:42:06,HO2403-C-3000,HO2403-C-3000,59.0,0.0,0.0,0.0,1,57.8,60.0,1,65.0,59.2,59.2,59.0,6.0,35420.0,121
2023-05-10 10:42:07,HO2403-C-3000,HO2403-C-3000,59.0,0.0,0.0,0.0,1,57.8,59.8,2,65.0,59.2,59.2,59.0,6.0,35420.0,121
2023-05-10 10:42:08,HO2403-C-3000,HO2403-C-3000,59.0,0.0,0.0,0.0,1,57.8,60.0,1,65.0,59.2,59.2,59.0,6.0,35420.0,121
2023-05-10 10:42:08,HO2403-C-3000,HO2403-C-3000,59.0,0.0,0.0,0.0,1,57.8,59.8,2,65.0,59.2,59.2,59.0,6.0,35420.0,121
2023-05-10 10:42:12,HO2403-C-3000,HO2403-C-3000,59.0,0.0,0.0,0.0,1,57.8,60.0,1,65.0,59.2,59.2,59.0,6.0,35420.0,121
2023-05-10 10:42:12,HO2403-C-3000,HO2403-C-3000,59.0,0.0,0.0,0.0,1,57.8,60.0,3,65.0,59.2,59.2,59.0,6.0,35420.0,121
2023-05-10 10:42:45,HO2403-C-3000,HO2403-C-3000,59.0,0.0,0.0,0.0,7,57.8,60.0,3,65.0,59.2,59.2,59.0,6.0,35420.0,121
2023-05-10 10:42:45,HO2403-C-3000,HO2403-C-3000,59.0,0.0,0.0,0.0,1,58.4,60.0,3,65.0,59.2,59.2,59.0,6.0,35420.0,121
2023-05-10 10:44:01,HO2403-C-3000,HO2403-C-3000,59.0,0.0,0.0,0.0,1,58.4,60.0,2,65.0,59.2,59.2,59.0,6.0,35420.0,121
2023-05-10 10:44:18,HO2403-C-3000,HO2403-C-3000,59.0,0.0,0.0,0.0,1,58.4,60.0,3,65.0,59.2,59.2,59.0,6.0,35420.0,121
2023-05-10 10:44:59,HO2403-C-3000,HO2403-C-3000,59.0,0.0,0.0,0.0,1,58.0,60.0,3,65.0,59.2,59.2,59.0,6.0,35420.0,121
2023-05-10 10:45:02,HO2403-C-3000,HO2403-C-3000,59.0,0.0,0.0,0.0,1,58.0,59.8,1,65.0,59.2,59.2,59.0,6.0,35420.0,121
2023-05-10 10:45:03,HO2403-C-3000,HO2403-C-3000,59.0,0.0,0.0,0.0,1,58.0,59.4,2,65.0,59.2,59.2,59.0,6.0,35420.0,121
2023-05-10 10:45:10,HO2403-C-3000,HO2403-C-3000,59.0,0.0,0.0,0.0,1,58.0,59.8,1,65.0,59.2,59.2,59.0,6.0,35420.0,121
2023-05-10 10:45:10,HO2403-C-3000,HO2403-C-3000,59.0,0.0,0.0,0.0,1,58.0,59.6,2,65.0,59.2,59.2,59.0,6.0,35420.0,121
2023-05-10 10:45:14,HO2403-C-3000,HO2403-C-3000,59.0,0.0,0.0,0.0,1,58.0,59.8,1,65.0,59.2,59.2,59.0,6.0,35420.0,121
2023-05-10 10:45:14,HO2403-C-3000,HO2403-C-3000,59.0,0.0,0.0,0.0,1,58.0,59.8,3,65.0,59.2,59.2,59.0,6.0,35420.0,121
2023-05-10 10:45:15,HO2403-C-3000,HO2403-C-3000,59.0,0.0,0.0,0.0,1,58.0,59.8,2,65.0,59.2,59.2,59.0,6.0,35420.0,121
2023-05-10 10:45:15,HO2403-C-3000,HO2403-C-3000,59.0,0.0,0.0,0.0,7,58.0,60.2,19,65.0,59.2,59.2,59.0,6.0,35420.0,121
2023-05-10 10:45:16,HO2403-C-3000,HO2403-C-3000,59.0,0.0,0.0,0.0,7,58.0,60.0,2,65.0,59.2,59.2,59.0,6.0,35420.0,121
2023-05-10 10:45:16,HO2403-C-3000,HO2403-C-3000,59.0,0.0,0.0,0.0,1,58.4,60.0,2,65.0,59.2,59.2,59.0,6.0,35420.0,121
2023-05-10 10:45:45,HO2403-C-3000,HO2403-C-3000,59.0,0.0,0.0,0.0,1,58.4,60.0,3,65.0,59.2,59.2,59.0,6.0,35420.0,121
2023-05-10 10:46:14,HO2403-C-3000,HO2403-C-3000,59.0,0.0,0.0,0.0,1,58.0,60.0,3,65.0,59.2,59.2,59.0,6.0,35420.0,121
2023-05-10 10:46:59,HO2403-C-3000,HO2403-C-3000,59.0,0.0,0.0,0.0,1,58.0,59.8,1,65.0,59.2,59.2,59.0,6.0,35420.0,121
2023-05-10 10:47:02,HO2403-C-3000,HO2403-C-3000,59.0,0.0,0.0,0.0,1,58.0,59.4,2,65.0,59.2,59.2,59.0,6.0,35420.0,121
2023-05-10 10:47:11,HO2403-C-3000,HO2403-C-3000,59.0,0.0,0.0,0.0,1,58.0,59.8,1,65.0,59.2,59.2,59.0,6.0,35420.0,121
2023-05-10 10:47:12,HO2403-C-3000,HO2403-C-3000,59.0,0.0,0.0,0.0,1,58.0,59.6,2,65.0,59.2,59.2,59.0,6.0,35420.0,121
2023-05-10 10:47:58,HO2403-C-3000,HO2403-C-3000,59.0,0.0,0.0,0.0,1,58.0,59.6,3,65.0,59.2,59.2,59.0,6.0,35420.0,121
2023-05-10 10:48:06,HO2403-C-3000,HO2403-C-3000,59.0,0.0,0.0,0.0,18,57.6,59.6,3,65.0,59.2,59.2,59.0,6.0,35420.0,121
2023-05-10 10:48:06,HO2403-C-3000,HO2403-C-3000,59.0,0.0,0.0,0.0,6,57.6,59.4,1,65.0,59.2,59.2,59.0,6.0,35420.0,121
2023-05-10 10:48:07,HO2403-C-3000,HO2403-C-3000,59.0,0.0,0.0,0.0,7,57.4,59.4,1,65.0,59.2,59.2,59.0,6.0,35420.0,121
2023-05-10 10:48:08,HO2403-C-3000,HO2403-C-3000,59.0,0.0,0.0,0.0,7,57.4,59.2,2,65.0,59.2,59.2,59.0,6.0,35420.0,121
2023-05-10 10:48:13,HO2403-C-3000,HO2403-C-3000,59.0,0.0,0.0,0.0,7,57.4,59.4,1,65.0,59.2,59.2,59.0,6.0,35420.0,121
2023-05-10 10:48:40,HO2403-C-3000,HO2403-C-3000,59.0,0.0,0.0,0.0,7,57.4,59.4,3,65.0,59.2,59.2,59.0,6.0,35420.0,121
2023-05-10 10:48:41,HO2403-C-3000,HO2403-C-3000,59.0,0.0,0.0,0.0,7,57.4,59.2,1,65.0,59.2,59.2,59.0,6.0,35420.0,121
2023-05-10 10:49:00,HO2403-C-3000,HO2403-C-3000,59.0,0.0,0.0,0.0,1,57.4,59.2,1,65.0,59.2,59.2,59.0,6.0,35420.0,121
2023-05-10 10:50:07,HO2403-C-3000,HO2403-C-3000,59.0,0.0,0.0,0.0,6,57.2,59.2,1,65.0,59.2,59.2,59.0,6.0,35420.0,121
2023-05-10 10:50:08,HO2403-C-3000,HO2403-C-3000,59.0,0.0,0.0,0.0,6,57.2,59.2,3,65.0,59.2,59.2,59.0,6.0,35420.0,121
2023-05-10 10:50:09,HO2403-C-3000,HO2403-C-3000,59.0,0.0,0.0,0.0,6,57.2,58.8,1,65.0,59.2,59.2,59.0,6.0,35420.0,121
2023-05-10 10:51:41,HO2403-C-3000,HO2403-C-3000,59.0,0.0,0.0,0.0,6,57.2,58.8,3,65.0,59.2,59.2,59.0,6.0,35420.0,121
2023-05-10 10:51:49,HO2403-C-3000,HO2403-C-3000,59.0,0.0,0.0,0.0,6,57.2,58.8,1,65.0,59.2,59.2,59.0,6.0,35420.0,121
2023-05-10 10:52:02,HO2403-C-3000,HO2403-C-3000,59.0,0.0,0.0,0.0,6,57.2,59.4,1,65.0,59.2,59.2,59.0,6.0,35420.0,121
2023-05-10 10:52:03,HO2403-C-3000,HO2403-C-3000,59.0,0.0,0.0,0.0,6,57.2,59.0,2,65.0,59.2,59.2,59.0,6.0,35420.0,121
2023-05-10 10:52:03,HO2403-C-3000,HO2403-C-3000,59.0,0.0,0.0,0.0,1,57.4,59.4,1,65.0,59.2,59.2,59.0,6.0,35420.0,121
2023-05-10 10:52:04,HO2403-C-3000,HO2403-C-3000,59.0,0.0,0.0,0.0,1,57.4,59.2,2,65.0,59.2,59.2,59.0,6.0,35420.0,121
2023-05-10 10:52:21,HO2403-C-3000,HO2403-C-3000,59.0,0.0,0.0,0.0,1,57.4,59.0,1,65.0,59.2,59.2,59.0,6.0,35420.0,121
2023-05-10 10:52:22,HO2403-C-3000,HO2403-C-3000,59.0,0.0,0.0,0.0,1,57.4,59.0,3,65.0,59.2,59.2,59.0,6.0,35420.0,121
2023-05-10 10:52:34,HO2403-C-3000,HO2403-C-3000,59.0,0.0,0.0,0.0,1,57.4,59.0,1,65.0,59.2,59.2,59.0,6.0,35420.0,121
2023-05-10 10:52:40,HO2403-C-3000,HO2403-C-3000,59.0,0.0,0.0,0.0,1,57.4,59.0,3,65.0,59.2,59.2,59.0,6.0,35420.0,121
2023-05-10 10:52:42,HO2403-C-3000,HO2403-C-3000,59.0,0.0,0.0,0.0,1,57.4,59.0,1,65.0,59.2,59.2,59.0,6.0,35420.0,121
2023-05-10 10:52:50,HO2403-C-3000,HO2403-C-3000,59.0,0.0,0.0,0.0,1,57.4,59.0,3,65.0,59.2,59.2,59.0,6.0,35420.0,121
2023-05-10 10:52:53,HO2403-C-3000,HO2403-C-3000,59.0,0.0,0.0,0.0,1,57.4,59.0,1,65.0,59.2,59.2,59.0,6.0,35420.0,121
2023-05-10 10:53:06,HO2403-C-3000,HO2403-C-3000,59.0,0.0,0.0,0.0,1,57.4,59.0,3,65.0,59.2,59.2,59.0,6.0,35420.0,121
2023-05-10 10:53:07,HO2403-C-3000,HO2403-C-3000,59.0,0.0,0.0,0.0,1,57.4,59.0,1,65.0,59.2,59.2,59.0,6.0,35420.0,121
2023-05-10 10:53:30,HO2403-C-3000,HO2403-C-3000,59.0,0.0,0.0,0.0,1,57.4,58.8,2,65.0,59.2,59.2,59.0,6.0,35420.0,121
2023-05-10 10:53:31,HO2403-C-3000,HO2403-C-3000,59.0,0.0,0.0,0.0,1,57.4,59.0,1,65.0,59.2,59.2,59.0,6.0,35420.0,121
2023-05-10 10:53:31,HO2403-C-3000,HO2403-C-3000,59.0,0.0,0.0,0.0,1,57.4,59.0,3,65.0,59.2,59.2,59.0,6.0,35420.0,121
2023-05-10 10:53:52,HO2403-C-3000,HO2403-C-3000,59.0,0.0,0.0,0.0,1,57.4,59.6,6,65.0,59.2,59.2,59.0,6.0,35420.0,121
2023-05-10 10:53:52,HO2403-C-3000,HO2403-C-3000,59.0,0.0,0.0,0.0,1,57.4,59.2,2,65.0,59.2,59.2,59.0,6.0,35420.0,121
2023-05-10 10:54:02,HO2403-C-3000,HO2403-C-3000,59.0,0.0,0.0,0.0,1,57.4,59.6,7,65.0,59.2,59.2,59.0,6.0,35420.0,121
2023-05-10 10:54:02,HO2403-C-3000,HO2403-C-3000,59.0,0.0,0.0,0.0,1,57.4,59.2,2,65.0,59.2,59.2,59.0,6.0,35420.0,121
2023-05-10 10:54:03,HO2403-C-3000,HO2403-C-3000,59.0,0.0,0.0,0.0,1,57.4,59.6,7,65.0,59.2,59.2,59.0,6.0,35420.0,121
2023-05-10 10:54:03,HO2403-C-3000,HO2403-C-3000,59.0,0.0,0.0,0.0,1,57.4,59.4,2,65.0,59.2,59.2,59.0,6.0,35420.0,121
2023-05-10 10:57:09,HO2403-C-3000,HO2403-C-3000,59.0,0.0,0.0,0.0,1,57.4,59.2,1,65.0,59.2,59.2,59.0,6.0,35420.0,121
2023-05-10 10:57:10,HO2403-C-3000,HO2403-C-3000,59.0,0.0,0.0,0.0,1,57.4,59.0,2,65.0,59.2,59.2,59.0,6.0,35420.0,121
2023-05-10 10:57:13,HO2403-C-3000,HO2403-C-3000,59.0,0.0,0.0,0.0,1,57.4,59.2,1,65.0,59.2,59.2,59.0,6.0,35420.0,121
2023-05-10 10:57:13,HO2403-C-3000,HO2403-C-3000,59.0,0.0,0.0,0.0,1,57.4,59.0,2,65.0,59.2,59.2,59.0,6.0,35420.0,121
2023-05-10 10:57:14,HO2403-C-3000,HO2403-C-3000,59.0,0.0,0.0,0.0,1,57.4,59.2,1,65.0,59.2,59.2,59.0,6.0,35420.0,121
2023-05-10 10:57:24,HO2403-C-3000,HO2403-C-3000,59.0,0.0,0.0,0.0,1,57.4,59.0,2,65.0,59.2,59.2,59.0,6.0,35420.0,121
2023-05-10 10:57:31,HO2403-C-3000,HO2403-C-3000,59.0,0.0,0.0,0.0,1,57.4,59.2,1,65.0,59.2,59.2,59.0,6.0,35420.0,121
2023-05-10 10:57:33,HO2403-C-3000,HO2403-C-3000,59.0,0.0,0.0,0.0,1,57.4,59.2,3,65.0,59.2,59.2,59.0,6.0,35420.0,121
2023-05-10 10:58:31,HO2403-C-3000,HO2403-C-3000,59.0,0.0,0.0,0.0,6,57.0,58.8,1,65.0,59.2,59.2,59.0,6.0,35420.0,121
2023-05-10 10:58:32,HO2403-C-3000,HO2403-C-3000,59.0,0.0,0.0,0.0,37,56.8,58.8,1,65.0,59.2,59.2,59.0,6.0,35420.0,121
2023-05-10 10:58:32,HO2403-C-3000,HO2403-C-3000,59.0,0.0,0.0,0.0,19,56.8,58.8,3,65.0,59.2,59.2,59.0,6.0,35420.0,121
2023-05-10 10:58:37,HO2403-C-3000,HO2403-C-3000,59.0,0.0,0.0,0.0,19,56.8,58.8,1,65.0,59.2,59.2,59.0,6.0,35420.0,121
2023-05-10 10:58:59,HO2403-C-3000,HO2403-C-3000,59.0,0.0,0.0,0.0,13,56.8,58.8,1,65.0,59.2,59.2,59.0,6.0,35420.0,121
2023-05-10 10:59:00,HO2403-C-3000,HO2403-C-3000,59.0,0.0,0.0,0.0,7,56.8,58.8,1,65.0,59.2,59.2,59.0,6.0,35420.0,121
2023-05-10 10:59:02,HO2403-C-3000,HO2403-C-3000,59.0,0.0,0.0,0.0,7,57.2,58.8,1,65.0,59.2,59.2,59.0,6.0,35420.0,121
2023-05-10 10:59:33,HO2403-C-3000,HO2403-C-3000,59.0,0.0,0.0,0.0,6,57.2,58.8,1,65.0,59.2,59.2,59.0,6.0,35420.0,121
2023-05-10 10:59:59,HO2403-C-3000,HO2403-C-3000,59.0,0.0,0.0,0.0,6,56.8,58.8,1,65.0,59.2,59.2,59.0,6.0,35420.0,121
2023-05-10 11:00:59,HO2403-C-3000,HO2403-C-3000,59.0,0.0,0.0,0.0,1,57.0,58.8,1,65.0,59.2,59.2,59.0,6.0,35420.0,121
2023-05-10 11:02:24,HO2403-C-3000,HO2403-C-3000,59.0,0.0,0.0,0.0,6,57.2,59.4,1,65.0,59.2,59.2,59.0,6.0,35420.0,121
2023-05-10 11:02:24,HO2403-C-3000,HO2403-C-3000,59.0,0.0,0.0,0.0,6,57.2,59.4,3,65.0,59.2,59.2,59.0,6.0,35420.0,121
2023-05-10 11:02:25,HO2403-C-3000,HO2403-C-3000,59.0,0.0,0.0,0.0,1,57.4,59.4,3,65.0,59.2,59.2,59.0,6.0,35420.0,121
2023-05-10 11:03:07,HO2403-C-3000,HO2403-C-3000,59.0,0.0,0.0,0.0,1,57.4,59.4,1,65.0,59.2,59.2,59.0,6.0,35420.0,121
2023-05-10 11:03:10,HO2403-C-3000,HO2403-C-3000,59.0,0.0,0.0,0.0,7,57.4,59.4,1,65.0,59.2,59.2,59.0,6.0,35420.0,121
2023-05-10 11:03:10,HO2403-C-3000,HO2403-C-3000,59.0,0.0,0.0,0.0,1,57.8,59.4,1,65.0,59.2,59.2,59.0,6.0,35420.0,121
2023-05-10 11:03:13,HO2403-C-3000,HO2403-C-3000,59.0,0.0,0.0,0.0,1,57.8,59.6,6,65.0,59.2,59.2,59.0,6.0,35420.0,121
2023-05-10 11:03:14,HO2403-C-3000,HO2403-C-3000,59.0,0.0,0.0,0.0,1,57.8,59.6,8,65.0,59.2,59.2,59.0,6.0,35420.0,121
2023-05-10 11:03:15,HO2403-C-3000,HO2403-C-3000,59.0,0.0,0.0,0.0,1,57.8,59.6,9,65.0,59.2,59.2,59.0,6.0,35420.0,121
2023-05-10 11:03:38,HO2403-C-3000,HO2403-C-3000,59.0,0.0,0.0,0.0,1,57.8,59.6,3,65.0,59.2,59.2,59.0,6.0,35420.0,121
2023-05-10 11:04:32,HO2403-C-3000,HO2403-C-3000,59.0,0.0,0.0,0.0,7,57.8,59.6,3,65.0,59.2,59.2,59.0,6.0,35420.0,121
2023-05-10 11:05:55,HO2403-C-3000,HO2403-C-3000,59.0,0.0,0.0,0.0,1,57.8,59.6,3,65.0,59.2,59.2,59.0,6.0,35420.0,121
2023-05-10 11:06:26,HO2403-C-3000,HO2403-C-3000,59.0,0.0,0.0,0.0,6,57.4,59.2,1,65.0,59.2,59.2,59.0,6.0,35420.0,121
2023-05-10 11:06:28,HO2403-C-3000,HO2403-C-3000,59.0,0.0,0.0,0.0,6,57.4,59.0,2,65.0,59.2,59.2,59.0,6.0,35420.0,121
2023-05-10 11:06:29,HO2403-C-3000,HO2403-C-3000,59.0,0.0,0.0,0.0,25,57.2,59.0,2,65.0,59.2,59.2,59.0,6.0,35420.0,121
2023-05-10 11:06:29,HO2403-C-3000,HO2403-C-3000,59.0,0.0,0.0,0.0,19,57.2,59.0,2,65.0,59.2,59.2,59.0,6.0,35420.0,121
2023-05-10 11:06:36,HO2403-C-3000,HO2403-C-3000,59.0,0.0,0.0,0.0,19,57.2,59.2,1,65.0,59.2,59.2,59.0,6.0,35420.0,121
2023-05-10 11:06:37,HO2403-C-3000,HO2403-C-3000,59.0,0.0,0.0,0.0,19,57.2,59.2,3,65.0,59.2,59.2,59.0,6.0,35420.0,121
2023-05-10 11:06:41,HO2403-C-3000,HO2403-C-3000,59.0,0.0,0.0,0.0,1,57.6,59.2,3,65.0,59.2,59.2,59.0,6.0,35420.0,121
2023-05-10 11:06:46,HO2403-C-3000,HO2403-C-3000,59.0,0.0,0.0,0.0,1,57.6,59.2,1,65.0,59.2,59.2,59.0,6.0,35420.0,121
2023-05-10 11:06:46,HO2403-C-3000,HO2403-C-3000,59.0,0.0,0.0,0.0,1,57.6,59.2,3,65.0,59.2,59.2,59.0,6.0,35420.0,121
2023-05-10 11:06:48,HO2403-C-3000,HO2403-C-3000,59.0,0.0,0.0,0.0,1,57.6,59.2,1,65.0,59.2,59.2,59.0,6.0,35420.0,121
2023-05-10 11:07:07,HO2403-C-3000,HO2403-C-3000,59.0,0.0,0.0,0.0,1,57.6,59.2,3,65.0,59.2,59.2,59.0,6.0,35420.0,121
2023-05-10 11:07:44,HO2403-C-3000,HO2403-C-3000,59.0,0.0,0.0,0.0,1,57.6,59.2,1,65.0,59.2,59.2,59.0,6.0,35420.0,121
2023-05-10 11:08:06,HO2403-C-3000,HO2403-C-3000,59.0,0.0,0.0,0.0,1,57.6,59.2,3,65.0,59.2,59.2,59.0,6.0,35420.0,121
2023-05-10 11:08:18,HO2403-C-3000,HO2403-C-3000,59.0,0.0,0.0,0.0,1,57.6,59.2,1,65.0,59.2,59.2,59.0,6.0,35420.0,121
2023-05-10 11:08:36,HO2403-C-3000,HO2403-C-3000,59.0,0.0,0.0,0.0,18,57.2,59.2,1,65.0,59.2,59.2,59.0,6.0,35420.0,121
2023-05-10 11:08:37,HO2403-C-3000,HO2403-C-3000,59.0,0.0,0.0,0.0,12,57.2,59.2,3,65.0,59.2,59.2,59.0,6.0,35420.0,121
2023-05-10 11:08:37,HO2403-C-3000,HO2403-C-3000,59.0,0.0,0.0,0.0,6,57.2,59.2,3,65.0,59.2,59.2,59.0,6.0,35420.0,121
2023-05-10 11:08:50,HO2403-C-3000,HO2403-C-3000,59.0,0.0,0.0,0.0,6,57.2,59.2,1,65.0,59.2,59.2,59.0,6.0,35420.0,121
2023-05-10 11:09:07,HO2403-C-3000,HO2403-C-3000,59.0,0.0,0.0,0.0,1,57.4,59.2,1,65.0,59.2,59.2,59.0,6.0,35420.0,121
2023-05-10 11:09:08,HO2403-C-3000,HO2403-C-3000,59.0,0.0,0.0,0.0,7,57.4,59.2,1,65.0,59.2,59.2,59.0,6.0,35420.0,121
2023-05-10 11:09:26,HO2403-C-3000,HO2403-C-3000,59.0,0.0,0.0,0.0,7,57.4,59.2,3,65.0,59.2,59.2,59.0,6.0,35420.0,121
2023-05-10 11:09:27,HO2403-C-3000,HO2403-C-3000,59.0,0.0,0.0,0.0,7,57.4,59.2,1,65.0,59.2,59.2,59.0,6.0,35420.0,121
2023-05-10 11:09:27,HO2403-C-3000,HO2403-C-3000,59.0,0.0,0.0,0.0,7,57.4,59.2,3,65.0,59.2,59.2,59.0,6.0,35420.0,121
2023-05-10 11:10:04,HO2403-C-3000,HO2403-C-3000,59.0,0.0,0.0,0.0,1,57.4,59.2,3,65.0,59.2,59.2,59.0,6.0,35420.0,121
2023-05-10 11:10:24,HO2403-C-3000,HO2403-C-3000,59.0,0.0,0.0,0.0,1,57.4,59.2,1,65.0,59.2,59.2,59.0,6.0,35420.0,121
2023-05-10 11:10:24,HO2403-C-3000,HO2403-C-3000,59.0,0.0,0.0,0.0,1,57.4,59.2,3,65.0,59.2,59.2,59.0,6.0,35420.0,121
2023-05-10 11:10:25,HO2403-C-3000,HO2403-C-3000,59.0,0.0,0.0,0.0,1,57.4,59.2,1,65.0,59.2,59.2,59.0,6.0,35420.0,121
2023-05-10 11:10:52,HO2403-C-3000,HO2403-C-3000,59.0,0.0,0.0,0.0,6,57.6,59.2,1,65.0,59.2,59.2,59.0,6.0,35420.0,121
2023-05-10 11:11:01,HO2403-C-3000,HO2403-C-3000,59.0,0.0,0.0,0.0,1,57.4,59.2,1,65.0,59.2,59.2,59.0,6.0,35420.0,121
2023-05-10 11:11:02,HO2403-C-3000,HO2403-C-3000,59.0,0.0,0.0,0.0,1,57.4,59.2,3,65.0,59.2,59.2,59.0,6.0,35420.0,121
2023-05-10 11:11:08,HO2403-C-3000,HO2403-C-3000,59.0,0.0,0.0,0.0,1,57.4,59.2,1,65.0,59.2,59.2,59.0,6.0,35420.0,121
2023-05-10 11:11:12,HO2403-C-3000,HO2403-C-3000,59.0,0.0,0.0,0.0,1,57.4,59.2,3,65.0,59.2,59.2,59.0,6.0,35420.0,121
2023-05-10 11:11:20,HO2403-C-3000,HO2403-C-3000,59.0,0.0,0.0,0.0,1,57.4,59.2,1,65.0,59.2,59.2,59.0,6.0,35420.0,121
2023-05-10 11:11:33,HO2403-C-3000,HO2403-C-3000,59.0,0.0,0.0,0.0,6,57.2,59.2,1,65.0,59.2,59.2,59.0,6.0,35420.0,121
2023-05-10 11:11:33,HO2403-C-3000,HO2403-C-3000,59.0,0.0,0.0,0.0,6,57.2,59.2,3,65.0,59.2,59.2,59.0,6.0,35420.0,121
2023-05-10 11:11:39,HO2403-C-3000,HO2403-C-3000,59.0,0.0,0.0,0.0,6,57.2,59.2,1,65.0,59.2,59.2,59.0,6.0,35420.0,121
2023-05-10 11:13:13,HO2403-C-3000,HO2403-C-3000,59.0,0.0,0.0,0.0,7,57.2,59.2,1,65.0,59.2,59.2,59.0,6.0,35420.0,121
2023-05-10 11:13:33,HO2403-C-3000,HO2403-C-3000,59.0,0.0,0.0,0.0,1,57.6,59.2,1,65.0,59.2,59.2,59.0,6.0,35420.0,121
2023-05-10 11:13:34,HO2403-C-3000,HO2403-C-3000,59.0,0.0,0.0,0.0,1,57.6,59.8,1,65.0,59.2,59.2,59.0,6.0,35420.0,121
2023-05-10 11:13:34,HO2403-C-3000,HO2403-C-3000,59.0,0.0,0.0,0.0,1,57.6,59.8,3,65.0,59.2,59.2,59.0,6.0,35420.0,121
2023-05-10 11:13:49,HO2403-C-3000,HO2403-C-3000,59.0,0.0,0.0,0.0,7,57.6,59.8,3,65.0,59.2,59.2,59.0,6.0,35420.0,121
2023-05-10 11:14:33,HO2403-C-3000,HO2403-C-3000,59.0,0.0,0.0,0.0,1,58.0,59.8,3,65.0,59.2,59.2,59.0,6.0,35420.0,121
2023-05-10 11:14:42,HO2403-C-3000,HO2403-C-3000,59.0,0.0,0.0,0.0,1,58.0,59.8,2,65.0,59.2,59.2,59.0,6.0,35420.0,121
2023-05-10 11:16:00,HO2403-C-3000,HO2403-C-3000,59.0,0.0,0.0,0.0,1,58.0,59.6,1,65.0,59.2,59.2,59.0,6.0,35420.0,121
2023-05-10 11:16:01,HO2403-C-3000,HO2403-C-3000,59.0,0.0,0.0,0.0,1,58.0,59.2,2,65.0,59.2,59.2,59.0,6.0,35420.0,121
2023-05-10 11:16:04,HO2403-C-3000,HO2403-C-3000,59.0,0.0,0.0,0.0,1,58.0,59.6,1,65.0,59.2,59.2,59.0,6.0,35420.0,121
2023-05-10 11:16:05,HO2403-C-3000,HO2403-C-3000,59.0,0.0,0.0,0.0,1,58.0,59.4,2,65.0,59.2,59.2,59.0,6.0,35420.0,121
2023-05-10 11:16:24,HO2403-C-3000,HO2403-C-3000,59.0,0.0,0.0,0.0,6,57.6,59.4,2,65.0,59.2,59.2,59.0,6.0,35420.0,121
2023-05-10 11:16:35,HO2403-C-3000,HO2403-C-3000,59.0,0.0,0.0,0.0,1,57.8,59.4,2,65.0,59.2,59.2,59.0,6.0,35420.0,121
2023-05-10 11:16:37,HO2403-C-3000,HO2403-C-3000,59.0,0.0,0.0,0.0,1,57.8,59.6,1,65.0,59.2,59.2,59.0,6.0,35420.0,121
2023-05-10 11:16:37,HO2403-C-3000,HO2403-C-3000,59.0,0.0,0.0,0.0,1,57.8,59.6,3,65.0,59.2,59.2,59.0,6.0,35420.0,121
2023-05-10 11:16:38,HO2403-C-3000,HO2403-C-3000,59.0,0.0,0.0,0.0,1,57.8,59.6,2,65.0,59.2,59.2,59.0,6.0,35420.0,121
2023-05-10 11:16:38,HO2403-C-3000,HO2403-C-3000,59.0,0.0,0.0,0.0,7,57.8,60.0,25,65.0,59.2,59.2,59.0,6.0,35420.0,121
2023-05-10 11:16:39,HO2403-C-3000,HO2403-C-3000,59.0,0.0,0.0,0.0,7,57.8,60.0,13,65.0,59.2,59.2,59.0,6.0,35420.0,121
2023-05-10 11:16:39,HO2403-C-3000,HO2403-C-3000,59.0,0.0,0.0,0.0,7,57.8,59.8,2,65.0,59.2,59.2,59.0,6.0,35420.0,121
2023-05-10 11:17:03,HO2403-C-3000,HO2403-C-3000,59.0,0.0,0.0,0.0,1,57.8,59.8,2,65.0,59.2,59.2,59.0,6.0,35420.0,121
2023-05-10 11:17:09,HO2403-C-3000,HO2403-C-3000,59.0,0.0,0.0,0.0,1,57.8,59.6,1,65.0,59.2,59.2,59.0,6.0,35420.0,121
2023-05-10 11:17:10,HO2403-C-3000,HO2403-C-3000,59.0,0.0,0.0,0.0,1,57.8,59.4,2,65.0,59.2,59.2,59.0,6.0,35420.0,121
2023-05-10 11:17:12,HO2403-C-3000,HO2403-C-3000,59.0,0.0,0.0,0.0,1,57.8,59.6,1,65.0,59.2,59.2,59.0,6.0,35420.0,121
2023-05-10 11:17:13,HO2403-C-3000,HO2403-C-3000,59.0,0.0,0.0,0.0,1,57.8,59.4,2,65.0,59.2,59.2,59.0,6.0,35420.0,121
2023-05-10 11:17:14,HO2403-C-3000,HO2403-C-3000,59.0,0.0,0.0,0.0,1,57.8,59.6,1,65.0,59.2,59.2,59.0,6.0,35420.0,121
2023-05-10 11:17:14,HO2403-C-3000,HO2403-C-3000,59.0,0.0,0.0,0.0,1,57.8,59.6,3,65.0,59.2,59.2,59.0,6.0,35420.0,121
2023-05-10 11:18:36,HO2403-C-3000,HO2403-C-3000,59.0,0.0,0.0,0.0,1,57.8,59.6,1,65.0,59.2,59.2,59.0,6.0,35420.0,121
2023-05-10 11:18:39,HO2403-C-3000,HO2403-C-3000,59.0,0.0,0.0,0.0,1,57.8,59.6,3,65.0,59.2,59.2,59.0,6.0,35420.0,121
2023-05-10 11:18:41,HO2403-C-3000,HO2403-C-3000,59.0,0.0,0.0,0.0,1,57.8,59.6,1,65.0,59.2,59.2,59.0,6.0,35420.0,121
2023-05-10 11:18:42,HO2403-C-3000,HO2403-C-3000,59.0,0.0,0.0,0.0,6,57.6,59.6,1,65.0,59.2,59.2,59.0,6.0,35420.0,121
2023-05-10 11:18:43,HO2403-C-3000,HO2403-C-3000,59.0,0.0,0.0,0.0,6,57.6,59.6,3,65.0,59.2,59.2,59.0,6.0,35420.0,121
2023-05-10 11:18:45,HO2403-C-3000,HO2403-C-3000,59.0,0.0,0.0,0.0,6,57.6,59.2,1,65.0,59.2,59.2,59.0,6.0,35420.0,121
2023-05-10 11:18:50,HO2403-C-3000,HO2403-C-3000,59.0,0.0,0.0,0.0,12,57.4,59.2,1,65.0,59.2,59.2,59.0,6.0,35420.0,121
2023-05-10 11:18:50,HO2403-C-3000,HO2403-C-3000,59.0,0.0,0.0,0.0,13,57.2,59.2,1,65.0,59.2,59.2,59.0,6.0,35420.0,121
2023-05-10 11:18:51,HO2403-C-3000,HO2403-C-3000,59.0,0.0,0.0,0.0,7,57.2,59.2,1,65.0,59.2,59.2,59.0,6.0,35420.0,121
2023-05-10 11:19:13,HO2403-C-3000,HO2403-C-3000,59.0,0.0,0.0,0.0,7,57.2,59.2,3,65.0,59.2,59.2,59.0,6.0,35420.0,121
2023-05-10 11:19:19,HO2403-C-3000,HO2403-C-3000,59.0,0.0,0.0,0.0,7,57.2,59.2,1,65.0,59.2,59.2,59.0,6.0,35420.0,121
2023-05-10 11:19:21,HO2403-C-3000,HO2403-C-3000,59.0,0.0,0.0,0.0,7,57.2,59.2,3,65.0,59.2,59.2,59.0,6.0,35420.0,121
2023-05-10 11:19:40,HO2403-C-3000,HO2403-C-3000,59.0,0.0,0.0,0.0,7,57.2,59.2,1,65.0,59.2,59.2,59.0,6.0,35420.0,121
2023-05-10 11:19:41,HO2403-C-3000,HO2403-C-3000,59.0,0.0,0.0,0.0,7,57.2,59.2,3,65.0,59.2,59.2,59.0,6.0,35420.0,121
2023-05-10 11:19:42,HO2403-C-3000,HO2403-C-3000,59.0,0.0,0.0,0.0,7,57.2,59.2,1,65.0,59.2,59.2,59.0,6.0,35420.0,121
2023-05-10 11:19:51,HO2403-C-3000,HO2403-C-3000,59.0,0.0,0.0,0.0,7,57.2,59.2,3,65.0,59.2,59.2,59.0,6.0,35420.0,121
2023-05-10 11:19:55,HO2403-C-3000,HO2403-C-3000,59.0,0.0,0.0,0.0,7,57.2,58.8,1,65.0,59.2,59.2,59.0,6.0,35420.0,121
2023-05-10 11:19:57,HO2403-C-3000,HO2403-C-3000,59.0,0.0,0.0,0.0,1,57.2,58.8,1,65.0,59.2,59.2,59.0,6.0,35420.0,121
2023-05-10 11:20:06,HO2403-C-3000,HO2403-C-3000,59.0,0.0,0.0,0.0,1,57.2,58.8,3,65.0,59.2,59.2,59.0,6.0,35420.0,121
2023-05-10 11:20:07,HO2403-C-3000,HO2403-C-3000,59.0,0.0,0.0,0.0,18,57.0,58.8,3,65.0,59.2,59.2,59.0,6.0,35420.0,121
2023-05-10 11:20:14,HO2403-C-3000,HO2403-C-3000,59.0,0.0,0.0,0.0,18,57.0,58.4,1,65.0,59.2,59.2,59.0,6.0,35420.0,121
2023-05-10 11:20:24,HO2403-C-3000,HO2403-C-3000,59.0,0.0,0.0,0.0,12,57.0,58.4,1,65.0,59.2,59.2,59.0,6.0,35420.0,121
2023-05-10 11:20:24,HO2403-C-3000,HO2403-C-3000,59.0,0.0,0.0,0.0,6,57.0,58.4,1,65.0,59.2,59.2,59.0,6.0,35420.0,121
2023-05-10 11:20:27,HO2403-C-3000,HO2403-C-3000,59.0,0.0,0.0,0.0,7,57.0,59.0,1,65.0,59.2,59.2,59.0,6.0,35420.0,121
2023-05-10 11:20:27,HO2403-C-3000,HO2403-C-3000,59.0,0.0,0.0,0.0,7,57.0,59.0,3,65.0,59.2,59.2,59.0,6.0,35420.0,121
2023-05-10 11:20:35,HO2403-C-3000,HO2403-C-3000,59.0,0.0,0.0,0.0,7,57.0,59.0,1,65.0,59.2,59.2,59.0,6.0,35420.0,121
2023-05-10 11:21:07,HO2403-C-3000,HO2403-C-3000,59.0,0.0,0.0,0.0,6,57.0,58.8,2,65.0,59.2,59.2,59.0,6.0,35420.0,121
2023-05-10 11:21:07,HO2403-C-3000,HO2403-C-3000,59.0,0.0,0.0,0.0,6,57.0,58.4,1,65.0,59.2,59.2,59.0,6.0,35420.0,121
2023-05-10 11:21:14,HO2403-C-3000,HO2403-C-3000,59.0,0.0,0.0,0.0,30,56.6,58.4,1,65.0,59.2,59.2,59.0,6.0,35420.0,121
2023-05-10 11:21:14,HO2403-C-3000,HO2403-C-3000,59.0,0.0,0.0,0.0,24,56.6,58.4,1,65.0,59.2,59.2,59.0,6.0,35420.0,121
2023-05-10 11:21:44,HO2403-C-3000,HO2403-C-3000,59.0,0.0,0.0,0.0,18,56.6,58.4,1,65.0,59.2,59.2,59.0,6.0,35420.0,121
2023-05-10 11:21:58,HO2403-C-3000,HO2403-C-3000,59.0,0.0,0.0,0.0,24,56.6,58.4,1,65.0,59.2,59.2,59.0,6.0,35420.0,121
2023-05-10 11:22:02,HO2403-C-3000,HO2403-C-3000,59.0,0.0,0.0,0.0,18,56.6,58.4,1,65.0,59.2,59.2,59.0,6.0,35420.0,121
2023-05-10 11:22:04,HO2403-C-3000,HO2403-C-3000,59.0,0.0,0.0,0.0,12,56.6,58.4,1,65.0,59.2,59.2,59.0,6.0,35420.0,121
2023-05-10 11:22:04,HO2403-C-3000,HO2403-C-3000,59.0,0.0,0.0,0.0,6,56.6,58.4,1,65.0,59.2,59.2,59.0,6.0,35420.0,121
2023-05-10 11:23:21,HO2403-C-3000,HO2403-C-3000,59.0,0.0,0.0,0.0,25,56.4,58.4,1,65.0,59.2,59.2,59.0,6.0,35420.0,121
2023-05-10 11:23:21,HO2403-C-3000,HO2403-C-3000,59.0,0.0,0.0,0.0,19,56.4,58.4,1,65.0,59.2,59.2,59.0,6.0,35420.0,121
2023-05-10 11:23:25,HO2403-C-3000,HO2403-C-3000,59.0,0.0,0.0,0.0,25,56.4,58.4,1,65.0,59.2,59.2,59.0,6.0,35420.0,121
2023-05-10 11:24:02,HO2403-C-3000,HO2403-C-3000,59.0,0.0,0.0,0.0,19,56.4,58.4,1,65.0,59.2,59.2,59.0,6.0,35420.0,121
2023-05-10 11:24:02,HO2403-C-3000,HO2403-C-3000,59.0,0.0,0.0,0.0,18,56.4,58.4,1,65.0,59.2,59.2,59.0,6.0,35420.0,121
2023-05-10 11:24:03,HO2403-C-3000,HO2403-C-3000,59.0,0.0,0.0,0.0,24,56.4,58.4,1,65.0,59.2,59.2,59.0,6.0,35420.0,121
2023-05-10 11:24:37,HO2403-C-3000,HO2403-C-3000,59.0,0.0,0.0,0.0,18,56.4,58.4,1,65.0,59.2,59.2,59.0,6.0,35420.0,121
2023-05-10 11:25:04,HO2403-C-3000,HO2403-C-3000,59.0,0.0,0.0,0.0,24,56.4,58.4,1,65.0,59.2,59.2,59.0,6.0,35420.0,121
2023-05-10 11:25:31,HO2403-C-3000,HO2403-C-3000,59.0,0.0,0.0,0.0,24,56.4,58.2,2,65.0,59.2,59.2,59.0,6.0,35420.0,121
2023-05-10 11:25:31,HO2403-C-3000,HO2403-C-3000,59.0,0.0,0.0,0.0,24,56.4,57.8,1,65.0,59.2,59.2,59.0,6.0,35420.0,121
2023-05-10 11:25:50,HO2403-C-3000,HO2403-C-3000,59.0,0.0,0.0,0.0,18,56.4,57.8,1,65.0,59.2,59.2,59.0,6.0,35420.0,121
2023-05-10 11:25:59,HO2403-C-3000,HO2403-C-3000,59.0,0.0,0.0,0.0,24,56.4,57.8,1,65.0,59.2,59.2,59.0,6.0,35420.0,121
2023-05-10 11:26:12,HO2403-C-3000,HO2403-C-3000,59.0,0.0,0.0,0.0,18,56.4,57.8,1,65.0,59.2,59.2,59.0,6.0,35420.0,121
2023-05-10 11:26:34,HO2403-C-3000,HO2403-C-3000,59.0,0.0,0.0,0.0,24,56.4,57.8,1,65.0,59.2,59.2,59.0,6.0,35420.0,121
2023-05-10 11:26:47,HO2403-C-3000,HO2403-C-3000,59.0,0.0,0.0,0.0,18,56.4,57.8,1,65.0,59.2,59.2,59.0,6.0,35420.0,121
2023-05-10 11:26:51,HO2403-C-3000,HO2403-C-3000,59.0,0.0,0.0,0.0,24,56.4,57.8,1,65.0,59.2,59.2,59.0,6.0,35420.0,121
2023-05-10 11:27:09,HO2403-C-3000,HO2403-C-3000,59.0,0.0,0.0,0.0,18,56.4,57.8,1,65.0,59.2,59.2,59.0,6.0,35420.0,121
2023-05-10 11:27:18,HO2403-C-3000,HO2403-C-3000,59.0,0.0,0.0,0.0,12,56.4,57.8,1,65.0,59.2,59.2,59.0,6.0,35420.0,121
2023-05-10 11:27:18,HO2403-C-3000,HO2403-C-3000,59.0,0.0,0.0,0.0,6,56.4,57.8,1,65.0,59.2,59.2,59.0,6.0,35420.0,121
2023-05-10 11:27:58,HO2403-C-3000,HO2403-C-3000,59.0,0.0,0.0,0.0,24,56.0,57.8,1,65.0,59.2,59.2,59.0,6.0,35420.0,121
2023-05-10 11:28:01,HO2403-C-3000,HO2403-C-3000,59.0,0.0,0.0,0.0,6,56.4,57.8,1,65.0,59.2,59.2,59.0,6.0,35420.0,121
2023-05-10 11:28:07,HO2403-C-3000,HO2403-C-3000,59.0,0.0,0.0,0.0,7,56.4,57.8,1,65.0,59.2,59.2,59.0,6.0,35420.0,121
2023-05-10 11:28:07,HO2403-C-3000,HO2403-C-3000,59.0,0.0,0.0,0.0,6,56.4,57.8,1,65.0,59.2,59.2,59.0,6.0,35420.0,121
2023-05-10 11:29:07,HO2403-C-3000,HO2403-C-3000,59.0,0.0,0.0,0.0,6,56.4,59.6,42,65.0,59.2,59.2,59.0,6.0,35420.0,121
2023-05-10 11:29:07,HO2403-C-3000,HO2403-C-3000,59.0,0.0,0.0,0.0,6,56.4,59.2,2,65.0,59.2,59.2,59.0,6.0,35420.0,121
2023-05-10 11:29:08,HO2403-C-3000,HO2403-C-3000,59.0,0.0,0.0,0.0,6,56.4,59.0,3,65.0,59.2,59.2,59.0,6.0,35420.0,121
2023-05-10 11:29:09,HO2403-C-3000,HO2403-C-3000,59.0,0.0,0.0,0.0,6,56.4,58.6,2,65.0,59.2,59.2,59.0,6.0,35420.0,121
2023-05-10 11:29:25,HO2403-C-3000,HO2403-C-3000,59.0,0.0,0.0,0.0,12,56.0,58.6,2,65.0,59.2,59.2,59.0,6.0,35420.0,121
2023-05-10 11:29:25,HO2403-C-3000,HO2403-C-3000,59.0,0.0,0.0,0.0,30,55.8,58.6,2,65.0,59.2,59.2,59.0,6.0,35420.0,121
2023-05-10 11:29:26,HO2403-C-3000,HO2403-C-3000,59.0,0.0,0.0,0.0,12,55.8,58.6,2,65.0,59.2,59.2,59.0,6.0,35420.0,121
2023-05-10 11:29:26,HO2403-C-3000,HO2403-C-3000,59.0,0.0,0.0,0.0,18,55.6,58.6,2,65.0,59.2,59.2,59.0,6.0,35420.0,121
2023-05-10 11:29:27,HO2403-C-3000,HO2403-C-3000,59.0,0.0,0.0,0.0,12,55.6,58.6,2,65.0,59.2,59.2,59.0,6.0,35420.0,121
2023-05-10 11:29:27,HO2403-C-3000,HO2403-C-3000,59.0,0.0,0.0,0.0,36,55.2,58.6,2,65.0,59.2,59.2,59.0,6.0,35420.0,121
2023-05-10 11:29:28,HO2403-C-3000,HO2403-C-3000,59.0,0.0,0.0,0.0,1,55.4,58.6,2,65.0,59.2,59.2,59.0,6.0,35420.0,121
2023-05-10 11:29:31,HO2403-C-3000,HO2403-C-3000,59.0,0.0,0.0,0.0,1,55.4,59.6,18,65.0,59.2,59.2,59.0,6.0,35420.0,121
2023-05-10 11:29:32,HO2403-C-3000,HO2403-C-3000,59.0,0.0,0.0,0.0,18,55.2,59.6,6,65.0,59.2,59.2,59.0,6.0,35420.0,121
2023-05-10 11:29:32,HO2403-C-3000,HO2403-C-3000,59.0,0.0,0.0,0.0,18,55.2,59.8,18,65.0,59.2,59.2,59.0,6.0,35420.0,121
2023-05-10 11:29:33,HO2403-C-3000,HO2403-C-3000,59.0,0.0,0.0,0.0,12,55.2,59.8,12,65.0,59.2,59.2,59.0,6.0,35420.0,121
2023-05-10 11:29:33,HO2403-C-3000,HO2403-C-3000,59.0,0.0,0.0,0.0,6,55.2,59.8,6,65.0,59.2,59.2,59.0,6.0,35420.0,121
2023-05-10 11:29:37,HO2403-C-3000,HO2403-C-3000,59.0,0.0,0.0,0.0,18,54.8,60.0,6,65.0,59.2,59.2,59.0,6.0,35420.0,121
2023-05-10 11:29:38,HO2403-C-3000,HO2403-C-3000,59.0,0.0,0.0,0.0,18,54.8,60.2,18,65.0,59.2,59.2,59.0,6.0,35420.0,121
2023-05-10 11:29:39,HO2403-C-3000,HO2403-C-3000,59.0,0.0,0.0,0.0,6,54.8,60.2,6,65.0,59.2,59.2,59.0,6.0,35420.0,121
2023-05-10 11:29:39,HO2403-C-3000,HO2403-C-3000,59.0,0.0,0.0,0.0,1,53.6,61.4,6,65.0,59.2,59.2,59.0,6.0,35420.0,121
2023-05-10 11:29:46,HO2403-C-3000,HO2403-C-3000,59.0,0.0,0.0,0.0,1,53.6,129.8,1,65.0,59.2,59.2,59.0,6.0,35420.0,121
2023-05-10 13:00:03,HO2403-C-3000,HO2403-C-3000,59.0,0.0,0.0,0.0,6,56.2,59.6,6,65.0,59.2,59.2,59.0,6.0,35420.0,121
2023-05-10 13:00:05,HO2403-C-3000,HO2403-C-3000,59.0,0.0,0.0,0.0,6,56.2,59.4,3,65.0,59.2,59.2,59.0,6.0,35420.0,121
2023-05-10 13:00:14,HO2403-C-3000,HO2403-C-3000,59.0,0.0,0.0,0.0,6,56.2,57.8,1,65.0,59.2,59.2,59.0,6.0,35420.0,121
2023-05-10 13:00:24,HO2403-C-3000,HO2403-C-3000,59.0,0.0,0.0,0.0,7,56.2,57.8,1,65.0,59.2,59.2,59.0,6.0,35420.0,121
2023-05-10 13:00:31,HO2403-C-3000,HO2403-C-3000,59.0,0.0,0.0,0.0,1,56.2,57.8,1,65.0,59.2,59.2,59.0,6.0,35420.0,121
2023-05-10 13:00:35,HO2403-C-3000,HO2403-C-3000,59.0,0.0,0.0,0.0,6,56.0,57.8,1,65.0,59.2,59.2,59.0,6.0,35420.0,121
2023-05-10 13:01:02,HO2403-C-3000,HO2403-C-3000,59.0,0.0,0.0,0.0,6,56.0,57.8,3,65.0,59.2,59.2,59.0,6.0,35420.0,121
2023-05-10 13:01:03,HO2403-C-3000,HO2403-C-3000,59.0,0.0,0.0,0.0,6,56.0,57.8,2,65.0,59.2,59.2,59.0,6.0,35420.0,121
2023-05-10 13:01:04,HO2403-C-3000,HO2403-C-3000,59.0,0.0,0.0,0.0,6,56.0,57.4,1,65.0,59.2,59.2,59.0,6.0,35420.0,121
2023-05-10 13:01:05,HO2403-C-3000,HO2403-C-3000,59.0,0.0,0.0,0.0,7,55.6,57.4,1,65.0,59.2,59.2,59.0,6.0,35420.0,121
2023-05-10 13:01:42,HO2403-C-3000,HO2403-C-3000,59.0,0.0,0.0,0.0,6,55.6,57.4,1,65.0,59.2,59.2,59.0,6.0,35420.0,121
2023-05-10 13:01:43,HO2403-C-3000,HO2403-C-3000,59.0,0.0,0.0,0.0,36,55.4,57.4,1,65.0,59.2,59.2,59.0,6.0,35420.0,121
2023-05-10 13:01:43,HO2403-C-3000,HO2403-C-3000,59.0,0.0,0.0,0.0,30,55.4,57.4,1,65.0,59.2,59.2,59.0,6.0,35420.0,121
2023-05-10 13:01:46,HO2403-C-3000,HO2403-C-3000,59.0,0.0,0.0,0.0,24,55.4,57.4,1,65.0,59.2,59.2,59.0,6.0,35420.0,121
2023-05-10 13:02:04,HO2403-C-3000,HO2403-C-3000,59.0,0.0,0.0,0.0,25,55.4,57.4,1,65.0,59.2,59.2,59.0,6.0,35420.0,121
2023-05-10 13:03:12,HO2403-C-3000,HO2403-C-3000,59.0,0.0,0.0,0.0,6,55.6,57.4,1,65.0,59.2,59.2,59.0,6.0,35420.0,121
2023-05-10 13:03:16,HO2403-C-3000,HO2403-C-3000,59.0,0.0,0.0,0.0,1,55.8,57.8,1,65.0,59.2,59.2,59.0,6.0,35420.0,121
2023-05-10 13:04:08,HO2403-C-3000,HO2403-C-3000,59.0,0.0,0.0,0.0,1,55.8,59.0,36,65.0,59.2,59.2,59.0,6.0,35420.0,121
2023-05-10 13:04:08,HO2403-C-3000,HO2403-C-3000,59.0,0.0,0.0,0.0,1,55.8,58.2,1,65.0,59.2,59.2,59.0,6.0,35420.0,121
2023-05-10 13:04:09,HO2403-C-3000,HO2403-C-3000,59.0,0.0,0.0,0.0,1,55.8,57.8,2,65.0,59.2,59.2,59.0,6.0,35420.0,121
2023-05-10 13:04:12,HO2403-C-3000,HO2403-C-3000,59.0,0.0,0.0,0.0,1,55.8,58.2,1,65.0,59.2,59.2,59.0,6.0,35420.0,121
2023-05-10 13:04:13,HO2403-C-3000,HO2403-C-3000,59.0,0.0,0.0,0.0,1,55.8,58.0,2,65.0,59.2,59.2,59.0,6.0,35420.0,121
2023-05-10 13:05:15,HO2403-C-3000,HO2403-C-3000,59.0,0.0,0.0,0.0,6,56.0,58.0,2,65.0,59.2,59.2,59.0,6.0,35420.0,121
2023-05-10 13:05:20,HO2403-C-3000,HO2403-C-3000,59.0,0.0,0.0,0.0,1,56.2,58.0,2,65.0,59.2,59.2,59.0,6.0,35420.0,121
2023-05-10 13:06:02,HO2403-C-3000,HO2403-C-3000,59.0,0.0,0.0,0.0,1,56.2,58.0,3,65.0,59.2,59.2,59.0,6.0,35420.0,121
2023-05-10 13:06:09,HO2403-C-3000,HO2403-C-3000,59.0,0.0,0.0,0.0,6,56.0,58.0,2,65.0,59.2,59.2,59.0,6.0,35420.0,121
2023-05-10 13:06:09,HO2403-C-3000,HO2403-C-3000,59.0,0.0,0.0,0.0,6,56.0,57.8,1,65.0,59.2,59.2,59.0,6.0,35420.0,121
2023-05-10 13:06:11,HO2403-C-3000,HO2403-C-3000,59.0,0.0,0.0,0.0,6,56.0,57.4,2,65.0,59.2,59.2,59.0,6.0,35420.0,121
2023-05-10 13:06:19,HO2403-C-3000,HO2403-C-3000,59.0,0.0,0.0,0.0,13,55.8,57.4,2,65.0,59.2,59.2,59.0,6.0,35420.0,121
2023-05-10 13:06:19,HO2403-C-3000,HO2403-C-3000,59.0,0.0,0.0,0.0,1,55.8,57.4,2,65.0,59.2,59.2,59.0,6.0,35420.0,121
2023-05-10 13:06:38,HO2403-C-3000,HO2403-C-3000,59.0,0.0,0.0,0.0,1,55.8,57.8,1,65.0,59.2,59.2,59.0,6.0,35420.0,121
2023-05-10 13:06:39,HO2403-C-3000,HO2403-C-3000,59.0,0.0,0.0,0.0,1,55.8,57.6,2,65.0,59.2,59.2,59.0,6.0,35420.0,121
2023-05-10 13:06:44,HO2403-C-3000,HO2403-C-3000,59.0,0.0,0.0,0.0,1,55.8,57.8,1,65.0,59.2,59.2,59.0,6.0,35420.0,121
2023-05-10 13:06:44,HO2403-C-3000,HO2403-C-3000,59.0,0.0,0.0,0.0,1,55.8,57.8,3,65.0,59.2,59.2,59.0,6.0,35420.0,121
2023-05-10 13:07:58,HO2403-C-3000,HO2403-C-3000,59.0,0.0,0.0,0.0,1,55.8,57.8,2,65.0,59.2,59.2,59.0,6.0,35420.0,121
2023-05-10 13:07:58,HO2403-C-3000,HO2403-C-3000,59.0,0.0,0.0,0.0,1,55.8,57.6,1,65.0,59.2,59.2,59.0,6.0,35420.0,121
2023-05-10 13:08:09,HO2403-C-3000,HO2403-C-3000,59.0,0.0,0.0,0.0,1,55.8,57.6,3,65.0,59.2,59.2,59.0,6.0,35420.0,121
2023-05-10 13:08:10,HO2403-C-3000,HO2403-C-3000,59.0,0.0,0.0,0.0,1,55.8,57.6,1,65.0,59.2,59.2,59.0,6.0,35420.0,121
2023-05-10 13:08:45,HO2403-C-3000,HO2403-C-3000,59.0,0.0,0.0,0.0,1,55.8,57.4,2,65.0,59.2,59.2,59.0,6.0,35420.0,121
2023-05-10 13:08:52,HO2403-C-3000,HO2403-C-3000,59.0,0.0,0.0,0.0,1,55.8,57.6,1,65.0,59.2,59.2,59.0,6.0,35420.0,121
2023-05-10 13:08:53,HO2403-C-3000,HO2403-C-3000,59.0,0.0,0.0,0.0,1,55.8,57.6,3,65.0,59.2,59.2,59.0,6.0,35420.0,121
2023-05-10 13:08:56,HO2403-C-3000,HO2403-C-3000,59.0,0.0,0.0,0.0,6,55.6,57.6,2,65.0,59.2,59.2,59.0,6.0,35420.0,121
2023-05-10 13:08:58,HO2403-C-3000,HO2403-C-3000,59.0,0.0,0.0,0.0,6,55.6,57.6,3,65.0,59.2,59.2,59.0,6.0,35420.0,121
2023-05-10 13:09:00,HO2403-C-3000,HO2403-C-3000,59.0,0.0,0.0,0.0,7,55.6,57.6,3,65.0,59.2,59.2,59.0,6.0,35420.0,121
2023-05-10 13:09:20,HO2403-C-3000,HO2403-C-3000,59.0,0.0,0.0,0.0,7,55.6,57.6,1,65.0,59.2,59.2,59.0,6.0,35420.0,121
2023-05-10 13:09:20,HO2403-C-3000,HO2403-C-3000,59.0,0.0,0.0,0.0,7,55.6,57.6,3,65.0,59.2,59.2,59.0,6.0,35420.0,121
2023-05-10 13:09:22,HO2403-C-3000,HO2403-C-3000,59.0,0.0,0.0,0.0,7,55.6,57.6,1,65.0,59.2,59.2,59.0,6.0,35420.0,121
2023-05-10 13:10:54,HO2403-C-3000,HO2403-C-3000,59.0,0.0,0.0,0.0,1,56.0,57.6,1,65.0,59.2,59.2,59.0,6.0,35420.0,121
2023-05-10 13:11:11,HO2403-C-3000,HO2403-C-3000,59.0,0.0,0.0,0.0,7,56.0,57.6,1,65.0,59.2,59.2,59.0,6.0,35420.0,121
2023-05-10 13:11:15,HO2403-C-3000,HO2403-C-3000,59.0,0.0,0.0,0.0,7,56.0,58.2,1,65.0,59.2,59.2,59.0,6.0,35420.0,121
2023-05-10 13:11:16,HO2403-C-3000,HO2403-C-3000,59.0,0.0,0.0,0.0,7,56.0,58.0,2,65.0,59.2,59.2,59.0,6.0,35420.0,121
2023-05-10 13:11:17,HO2403-C-3000,HO2403-C-3000,59.0,0.0,0.0,0.0,7,56.0,58.2,1,65.0,59.2,59.2,59.0,6.0,35420.0,121
2023-05-10 13:11:17,HO2403-C-3000,HO2403-C-3000,59.0,0.0,0.0,0.0,7,56.0,58.0,2,65.0,59.2,59.2,59.0,6.0,35420.0,121
2023-05-10 13:11:18,HO2403-C-3000,HO2403-C-3000,59.0,0.0,0.0,0.0,7,56.0,58.2,1,65.0,59.2,59.2,59.0,6.0,35420.0,121
2023-05-10 13:11:19,HO2403-C-3000,HO2403-C-3000,59.0,0.0,0.0,0.0,7,56.0,58.0,2,65.0,59.2,59.2,59.0,6.0,35420.0,121
2023-05-10 13:11:21,HO2403-C-3000,HO2403-C-3000,59.0,0.0,0.0,0.0,7,56.0,58.2,1,65.0,59.2,59.2,59.0,6.0,35420.0,121
2023-05-10 13:11:21,HO2403-C-3000,HO2403-C-3000,59.0,0.0,0.0,0.0,1,56.4,58.2,3,65.0,59.2,59.2,59.0,6.0,35420.0,121
2023-05-10 13:12:36,HO2403-C-3000,HO2403-C-3000,59.0,0.0,0.0,0.0,1,56.4,58.2,1,65.0,59.2,59.2,59.0,6.0,35420.0,121
2023-05-10 13:12:37,HO2403-C-3000,HO2403-C-3000,59.0,0.0,0.0,0.0,1,56.4,58.2,3,65.0,59.2,59.2,59.0,6.0,35420.0,121
2023-05-10 13:12:37,HO2403-C-3000,HO2403-C-3000,59.0,0.0,0.0,0.0,1,56.4,58.2,1,65.0,59.2,59.2,59.0,6.0,35420.0,121
2023-05-10 13:12:38,HO2403-C-3000,HO2403-C-3000,59.0,0.0,0.0,0.0,1,56.4,58.2,3,65.0,59.2,59.2,59.0,6.0,35420.0,121
2023-05-10 13:13:17,HO2403-C-3000,HO2403-C-3000,59.0,0.0,0.0,0.0,1,56.4,58.2,2,65.0,59.2,59.2,59.0,6.0,35420.0,121
2023-05-10 13:13:18,HO2403-C-3000,HO2403-C-3000,59.0,0.0,0.0,0.0,1,56.4,58.4,18,65.0,59.2,59.2,59.0,6.0,35420.0,121
2023-05-10 13:13:19,HO2403-C-3000,HO2403-C-3000,59.0,0.0,0.0,0.0,1,56.4,58.2,2,65.0,59.2,59.2,59.0,6.0,35420.0,121
2023-05-10 13:13:21,HO2403-C-3000,HO2403-C-3000,59.0,0.0,0.0,0.0,1,56.4,58.6,18,65.0,59.2,59.2,59.0,6.0,35420.0,121
2023-05-10 13:13:21,HO2403-C-3000,HO2403-C-3000,59.0,0.0,0.0,0.0,1,56.4,58.6,12,65.0,59.2,59.2,59.0,6.0,35420.0,121
2023-05-10 13:13:22,HO2403-C-3000,HO2403-C-3000,59.0,0.0,0.0,0.0,1,56.4,58.4,2,65.0,59.2,59.2,59.0,6.0,35420.0,121
2023-05-10 13:13:55,HO2403-C-3000,HO2403-C-3000,59.0,0.0,0.0,0.0,1,56.4,58.4,3,65.0,59.2,59.2,59.0,6.0,35420.0,121
2023-05-10 13:14:49,HO2403-C-3000,HO2403-C-3000,59.0,0.0,0.0,0.0,7,56.4,58.4,3,65.0,59.2,59.2,59.0,6.0,35420.0,121
2023-05-10 13:14:51,HO2403-C-3000,HO2403-C-3000,59.0,0.0,0.0,0.0,1,56.8,58.4,3,65.0,59.2,59.2,59.0,6.0,35420.0,121
2023-05-10 13:14:51,HO2403-C-3000,HO2403-C-3000,59.0,0.0,0.0,0.0,1,56.8,58.4,1,65.0,59.2,59.2,59.0,6.0,35420.0,121
2023-05-10 13:14:52,HO2403-C-3000,HO2403-C-3000,59.0,0.0,0.0,0.0,1,56.8,58.4,3,65.0,59.2,59.2,59.0,6.0,35420.0,121
2023-05-10 13:14:52,HO2403-C-3000,HO2403-C-3000,59.0,0.0,0.0,0.0,1,56.8,58.8,18,65.0,59.2,59.2,59.0,6.0,35420.0,121
2023-05-10 13:14:53,HO2403-C-3000,HO2403-C-3000,59.0,0.0,0.0,0.0,1,56.8,58.6,2,65.0,59.2,59.2,59.0,6.0,35420.0,121
2023-05-10 13:15:01,HO2403-C-3000,HO2403-C-3000,59.0,0.0,0.0,0.0,7,56.8,58.6,2,65.0,59.2,59.2,59.0,6.0,35420.0,121
2023-05-10 13:15:10,HO2403-C-3000,HO2403-C-3000,59.0,0.0,0.0,0.0,1,56.8,58.6,2,65.0,59.2,59.2,59.0,6.0,35420.0,121
2023-05-10 13:15:12,HO2403-C-3000,HO2403-C-3000,59.0,0.0,0.0,0.0,1,56.8,58.6,3,65.0,59.2,59.2,59.0,6.0,35420.0,121
2023-05-10 13:16:06,HO2403-C-3000,HO2403-C-3000,59.0,0.0,0.0,0.0,7,56.8,58.6,3,65.0,59.2,59.2,59.0,6.0,35420.0,121
2023-05-10 13:16:07,HO2403-C-3000,HO2403-C-3000,59.0,0.0,0.0,0.0,7,56.8,58.6,1,65.0,59.2,59.2,59.0,6.0,35420.0,121
2023-05-10 13:16:15,HO2403-C-3000,HO2403-C-3000,59.0,0.0,0.0,0.0,7,56.8,59.2,25,65.0,59.2,59.2,59.0,6.0,35420.0,121
2023-05-10 13:16:15,HO2403-C-3000,HO2403-C-3000,59.0,0.0,0.0,0.0,13,56.8,59.2,13,65.0,59.2,59.2,59.0,6.0,35420.0,121
2023-05-10 13:16:16,HO2403-C-3000,HO2403-C-3000,59.0,0.0,0.0,0.0,19,56.8,59.0,2,65.0,59.2,59.2,59.0,6.0,35420.0,121
2023-05-10 13:16:17,HO2403-C-3000,HO2403-C-3000,59.0,0.0,0.0,0.0,19,56.8,58.8,1,65.0,59.2,59.2,59.0,6.0,35420.0,121
2023-05-10 13:16:18,HO2403-C-3000,HO2403-C-3000,59.0,0.0,0.0,0.0,19,56.8,58.8,3,65.0,59.2,59.2,59.0,6.0,35420.0,121
2023-05-10 13:16:19,HO2403-C-3000,HO2403-C-3000,59.0,0.0,0.0,0.0,25,56.8,58.8,3,65.0,59.2,59.2,59.0,6.0,35420.0,121
2023-05-10 13:17:17,HO2403-C-3000,HO2403-C-3000,59.0,0.0,0.0,0.0,19,56.8,58.8,3,65.0,59.2,59.2,59.0,6.0,35420.0,121
2023-05-10 13:17:20,HO2403-C-3000,HO2403-C-3000,59.0,0.0,0.0,0.0,25,56.8,58.8,3,65.0,59.2,59.2,59.0,6.0,35420.0,121
2023-05-10 13:17:24,HO2403-C-3000,HO2403-C-3000,59.0,0.0,0.0,0.0,19,56.8,58.8,3,65.0,59.2,59.2,59.0,6.0,35420.0,121
2023-05-10 13:17:25,HO2403-C-3000,HO2403-C-3000,59.0,0.0,0.0,0.0,13,56.8,58.8,3,65.0,59.2,59.2,59.0,6.0,35420.0,121
2023-05-10 13:17:26,HO2403-C-3000,HO2403-C-3000,59.0,0.0,0.0,0.0,13,56.8,58.4,1,65.0,59.2,59.2,59.0,6.0,35420.0,121
2023-05-10 13:17:27,HO2403-C-3000,HO2403-C-3000,59.0,0.0,0.0,0.0,7,56.8,58.4,3,65.0,59.2,59.2,59.0,6.0,35420.0,121
2023-05-10 13:17:28,HO2403-C-3000,HO2403-C-3000,59.0,0.0,0.0,0.0,1,56.8,58.4,3,65.0,59.2,59.2,59.0,6.0,35420.0,121
2023-05-10 13:17:30,HO2403-C-3000,HO2403-C-3000,59.0,0.0,0.0,0.0,12,56.4,58.4,3,65.0,59.2,59.2,59.0,6.0,35420.0,121
2023-05-10 13:17:30,HO2403-C-3000,HO2403-C-3000,59.0,0.0,0.0,0.0,6,56.4,58.4,3,65.0,59.2,59.2,59.0,6.0,35420.0,121
2023-05-10 13:17:32,HO2403-C-3000,HO2403-C-3000,59.0,0.0,0.0,0.0,6,56.4,58.0,1,65.0,59.2,59.2,59.0,6.0,35420.0,121
2023-05-10 13:17:33,HO2403-C-3000,HO2403-C-3000,59.0,0.0,0.0,0.0,6,56.4,58.0,3,65.0,59.2,59.2,59.0,6.0,35420.0,121
2023-05-10 13:17:33,HO2403-C-3000,HO2403-C-3000,59.0,0.0,0.0,0.0,13,56.2,58.0,3,65.0,59.2,59.2,59.0,6.0,35420.0,121
2023-05-10 13:17:34,HO2403-C-3000,HO2403-C-3000,59.0,0.0,0.0,0.0,7,56.2,58.0,1,65.0,59.2,59.2,59.0,6.0,35420.0,121
2023-05-10 13:17:34,HO2403-C-3000,HO2403-C-3000,59.0,0.0,0.0,0.0,1,56.2,58.0,1,65.0,59.2,59.2,59.0,6.0,35420.0,121
2023-05-10 13:17:51,HO2403-C-3000,HO2403-C-3000,59.0,0.0,0.0,0.0,6,56.4,58.0,1,65.0,59.2,59.2,59.0,6.0,35420.0,121
2023-05-10 13:19:04,HO2403-C-3000,HO2403-C-3000,59.0,0.0,0.0,0.0,6,56.4,58.6,1,65.0,59.2,59.2,59.0,6.0,35420.0,121
2023-05-10 13:19:05,HO2403-C-3000,HO2403-C-3000,59.0,0.0,0.0,0.0,1,56.6,58.6,3,65.0,59.2,59.2,59.0,6.0,35420.0,121
2023-05-10 13:19:05,HO2403-C-3000,HO2403-C-3000,59.0,0.0,0.0,0.0,1,56.6,58.6,1,65.0,59.2,59.2,59.0,6.0,35420.0,121
2023-05-10 13:19:35,HO2403-C-3000,HO2403-C-3000,59.0,0.0,0.0,0.0,1,56.6,58.2,2,65.0,59.2,59.2,59.0,6.0,35420.0,121
2023-05-10 13:19:37,HO2403-C-3000,HO2403-C-3000,59.0,0.0,0.0,0.0,1,56.6,58.6,1,65.0,59.2,59.2,59.0,6.0,35420.0,121
2023-05-10 13:19:37,HO2403-C-3000,HO2403-C-3000,59.0,0.0,0.0,0.0,1,56.6,58.4,2,65.0,59.2,59.2,59.0,6.0,35420.0,121
2023-05-10 13:19:50,HO2403-C-3000,HO2403-C-3000,59.0,0.0,0.0,0.0,6,56.4,58.4,2,65.0,59.2,59.2,59.0,6.0,35420.0,121
2023-05-10 13:19:52,HO2403-C-3000,HO2403-C-3000,59.0,0.0,0.0,0.0,6,56.4,58.8,18,65.0,59.2,59.2,59.0,6.0,35420.0,121
2023-05-10 13:19:52,HO2403-C-3000,HO2403-C-3000,59.0,0.0,0.0,0.0,6,56.4,58.6,2,65.0,59.2,59.2,59.0,6.0,35420.0,121
2023-05-10 13:19:54,HO2403-C-3000,HO2403-C-3000,59.0,0.0,0.0,0.0,1,56.6,58.6,3,65.0,59.2,59.2,59.0,6.0,35420.0,121
2023-05-10 13:19:57,HO2403-C-3000,HO2403-C-3000,59.0,0.0,0.0,0.0,7,56.6,58.6,3,65.0,59.2,59.2,59.0,6.0,35420.0,121
2023-05-10 13:20:01,HO2403-C-3000,HO2403-C-3000,59.0,0.0,0.0,0.0,1,57.0,58.6,3,65.0,59.2,59.2,59.0,6.0,35420.0,121
2023-05-10 13:20:01,HO2403-C-3000,HO2403-C-3000,59.0,0.0,0.0,0.0,1,57.0,58.6,1,65.0,59.2,59.2,59.0,6.0,35420.0,121
2023-05-10 13:20:04,HO2403-C-3000,HO2403-C-3000,59.0,0.0,0.0,0.0,1,57.0,59.2,1,65.0,59.2,59.2,59.0,6.0,35420.0,121
2023-05-10 13:20:04,HO2403-C-3000,HO2403-C-3000,59.0,0.0,0.0,0.0,1,57.0,58.8,2,65.0,59.2,59.2,59.0,6.0,35420.0,121
2023-05-10 13:20:05,HO2403-C-3000,HO2403-C-3000,59.0,0.0,0.0,0.0,7,57.0,58.8,2,65.0,59.2,59.2,59.0,6.0,35420.0,121
2023-05-10 13:20:13,HO2403-C-3000,HO2403-C-3000,59.0,0.0,0.0,0.0,7,57.0,59.2,1,65.0,59.2,59.2,59.0,6.0,35420.0,121
2023-05-10 13:20:13,HO2403-C-3000,HO2403-C-3000,59.0,0.0,0.0,0.0,7,57.0,59.0,2,65.0,59.2,59.2,59.0,6.0,35420.0,121
2023-05-10 13:20:37,HO2403-C-3000,HO2403-C-3000,59.0,0.0,0.0,0.0,1,57.4,59.0,2,65.0,59.2,59.2,59.0,6.0,35420.0,121
2023-05-10 13:21:14,HO2403-C-3000,HO2403-C-3000,59.0,0.0,0.0,0.0,6,57.0,59.0,2,65.0,59.2,59.2,59.0,6.0,35420.0,121
2023-05-10 13:21:19,HO2403-C-3000,HO2403-C-3000,59.0,0.0,0.0,0.0,1,57.2,59.0,2,65.0,59.2,59.2,59.0,6.0,35420.0,121
2023-05-10 13:21:27,HO2403-C-3000,HO2403-C-3000,59.0,0.0,0.0,0.0,1,57.2,58.8,1,65.0,59.2,59.2,59.0,6.0,35420.0,121
2023-05-10 13:21:28,HO2403-C-3000,HO2403-C-3000,59.0,0.0,0.0,0.0,1,57.2,58.8,3,65.0,59.2,59.2,59.0,6.0,35420.0,121
2023-05-10 13:21:29,HO2403-C-3000,HO2403-C-3000,59.0,0.0,0.0,0.0,1,57.2,58.8,1,65.0,59.2,59.2,59.0,6.0,35420.0,121
2023-05-10 13:21:29,HO2403-C-3000,HO2403-C-3000,59.0,0.0,0.0,0.0,1,57.2,58.8,3,65.0,59.2,59.2,59.0,6.0,35420.0,121
2023-05-10 13:21:45,HO2403-C-3000,HO2403-C-3000,59.0,0.0,0.0,0.0,6,57.0,58.8,3,65.0,59.2,59.2,59.0,6.0,35420.0,121
2023-05-10 13:22:02,HO2403-C-3000,HO2403-C-3000,59.0,0.0,0.0,0.0,7,57.0,58.8,3,65.0,59.2,59.2,59.0,6.0,35420.0,121
2023-05-10 13:22:03,HO2403-C-3000,HO2403-C-3000,59.0,0.0,0.0,0.0,7,57.0,58.8,1,65.0,59.2,59.2,59.0,6.0,35420.0,121
2023-05-10 13:22:08,HO2403-C-3000,HO2403-C-3000,59.0,0.0,0.0,0.0,6,57.2,58.8,1,65.0,59.2,59.2,59.0,6.0,35420.0,121
2023-05-10 13:22:22,HO2403-C-3000,HO2403-C-3000,59.0,0.0,0.0,0.0,7,57.0,58.8,1,65.0,59.2,59.2,59.0,6.0,35420.0,121
2023-05-10 13:22:27,HO2403-C-3000,HO2403-C-3000,59.0,0.0,0.0,0.0,7,57.0,58.6,2,65.0,59.2,59.2,59.0,6.0,35420.0,121
2023-05-10 13:22:28,HO2403-C-3000,HO2403-C-3000,59.0,0.0,0.0,0.0,7,57.0,58.8,1,65.0,59.2,59.2,59.0,6.0,35420.0,121
2023-05-10 13:22:28,HO2403-C-3000,HO2403-C-3000,59.0,0.0,0.0,0.0,7,57.0,58.8,3,65.0,59.2,59.2,59.0,6.0,35420.0,121
2023-05-10 13:22:36,HO2403-C-3000,HO2403-C-3000,59.0,0.0,0.0,0.0,7,57.0,58.8,1,65.0,59.2,59.2,59.0,6.0,35420.0,121
2023-05-10 13:22:43,HO2403-C-3000,HO2403-C-3000,59.0,0.0,0.0,0.0,7,57.0,58.8,3,65.0,59.2,59.2,59.0,6.0,35420.0,121
2023-05-10 13:22:50,HO2403-C-3000,HO2403-C-3000,59.0,0.0,0.0,0.0,6,57.0,58.4,1,65.0,59.2,59.2,59.0,6.0,35420.0,121
2023-05-10 13:23:28,HO2403-C-3000,HO2403-C-3000,59.0,0.0,0.0,0.0,13,56.8,58.4,1,65.0,59.2,59.2,59.0,6.0,35420.0,121
2023-05-10 13:23:28,HO2403-C-3000,HO2403-C-3000,59.0,0.0,0.0,0.0,7,56.8,58.4,1,65.0,59.2,59.2,59.0,6.0,35420.0,121
2023-05-10 13:23:29,HO2403-C-3000,HO2403-C-3000,59.0,0.0,0.0,0.0,1,56.8,58.4,1,65.0,59.2,59.2,59.0,6.0,35420.0,121
2023-05-10 13:23:43,HO2403-C-3000,HO2403-C-3000,59.0,0.0,0.0,0.0,1,56.8,58.4,3,65.0,59.2,59.2,59.0,6.0,35420.0,121
2023-05-10 13:23:44,HO2403-C-3000,HO2403-C-3000,59.0,0.0,0.0,0.0,1,56.8,58.4,1,65.0,59.2,59.2,59.0,6.0,35420.0,121
2023-05-10 13:23:44,HO2403-C-3000,HO2403-C-3000,59.0,0.0,0.0,0.0,1,56.8,58.4,3,65.0,59.2,59.2,59.0,6.0,35420.0,121
2023-05-10 13:23:46,HO2403-C-3000,HO2403-C-3000,59.0,0.0,0.0,0.0,1,56.8,58.4,1,65.0,59.2,59.2,59.0,6.0,35420.0,121
2023-05-10 13:23:46,HO2403-C-3000,HO2403-C-3000,59.0,0.0,0.0,0.0,1,56.8,58.4,3,65.0,59.2,59.2,59.0,6.0,35420.0,121
2023-05-10 13:23:50,HO2403-C-3000,HO2403-C-3000,59.0,0.0,0.0,0.0,1,56.8,58.4,1,65.0,59.2,59.2,59.0,6.0,35420.0,121
2023-05-10 13:23:53,HO2403-C-3000,HO2403-C-3000,59.0,0.0,0.0,0.0,6,57.0,58.4,1,65.0,59.2,59.2,59.0,6.0,35420.0,121
2023-05-10 13:23:53,HO2403-C-3000,HO2403-C-3000,59.0,0.0,0.0,0.0,6,57.0,58.4,3,65.0,59.2,59.2,59.0,6.0,35420.0,121
2023-05-10 13:23:54,HO2403-C-3000,HO2403-C-3000,59.0,0.0,0.0,0.0,6,57.0,58.4,1,65.0,59.2,59.2,59.0,6.0,35420.0,121
2023-05-10 13:24:05,HO2403-C-3000,HO2403-C-3000,59.0,0.0,0.0,0.0,1,56.8,58.4,1,65.0,59.2,59.2,59.0,6.0,35420.0,121
2023-05-10 13:24:07,HO2403-C-3000,HO2403-C-3000,59.0,0.0,0.0,0.0,18,56.6,58.4,1,65.0,59.2,59.2,59.0,6.0,35420.0,121
2023-05-10 13:24:22,HO2403-C-3000,HO2403-C-3000,59.0,0.0,0.0,0.0,18,56.6,58.4,3,65.0,59.2,59.2,59.0,6.0,35420.0,121
2023-05-10 13:24:36,HO2403-C-3000,HO2403-C-3000,59.0,0.0,0.0,0.0,18,56.6,58.0,1,65.0,59.2,59.2,59.0,6.0,35420.0,121
2023-05-10 13:24:38,HO2403-C-3000,HO2403-C-3000,59.0,0.0,0.0,0.0,12,56.6,58.0,1,65.0,59.2,59.2,59.0,6.0,35420.0,121
2023-05-10 13:24:38,HO2403-C-3000,HO2403-C-3000,59.0,0.0,0.0,0.0,18,56.4,58.0,1,65.0,59.2,59.2,59.0,6.0,35420.0,121
2023-05-10 13:25:05,HO2403-C-3000,HO2403-C-3000,59.0,0.0,0.0,0.0,12,56.4,58.0,1,65.0,59.2,59.2,59.0,6.0,35420.0,121
2023-05-10 13:25:06,HO2403-C-3000,HO2403-C-3000,59.0,0.0,0.0,0.0,6,56.4,58.0,1,65.0,59.2,59.2,59.0,6.0,35420.0,121
2023-05-10 13:25:18,HO2403-C-3000,HO2403-C-3000,59.0,0.0,0.0,0.0,7,56.2,58.0,1,65.0,59.2,59.2,59.0,6.0,35420.0,121
2023-05-10 13:25:18,HO2403-C-3000,HO2403-C-3000,59.0,0.0,0.0,0.0,1,56.2,58.0,1,65.0,59.2,59.2,59.0,6.0,35420.0,121
2023-05-10 13:25:19,HO2403-C-3000,HO2403-C-3000,59.0,0.0,0.0,0.0,1,56.2,58.6,1,65.0,59.2,59.2,59.0,6.0,35420.0,121
2023-05-10 13:25:19,HO2403-C-3000,HO2403-C-3000,59.0,0.0,0.0,0.0,6,56.4,58.6,3,65.0,59.2,59.2,59.0,6.0,35420.0,121
2023-05-10 13:25:20,HO2403-C-3000,HO2403-C-3000,59.0,0.0,0.0,0.0,1,56.6,58.6,3,65.0,59.2,59.2,59.0,6.0,35420.0,121
2023-05-10 13:25:29,HO2403-C-3000,HO2403-C-3000,59.0,0.0,0.0,0.0,1,56.6,58.2,1,65.0,59.2,59.2,59.0,6.0,35420.0,121
2023-05-10 13:25:30,HO2403-C-3000,HO2403-C-3000,59.0,0.0,0.0,0.0,1,56.6,58.2,3,65.0,59.2,59.2,59.0,6.0,35420.0,121
2023-05-10 13:26:08,HO2403-C-3000,HO2403-C-3000,59.0,0.0,0.0,0.0,6,56.2,58.2,3,65.0,59.2,59.2,59.0,6.0,35420.0,121
2023-05-10 13:26:08,HO2403-C-3000,HO2403-C-3000,59.0,0.0,0.0,0.0,43,56.0,58.2,3,65.0,59.2,59.2,59.0,6.0,35420.0,121
2023-05-10 13:26:09,HO2403-C-3000,HO2403-C-3000,59.0,0.0,0.0,0.0,25,56.0,58.2,3,65.0,59.2,59.2,59.0,6.0,35420.0,121
2023-05-10 13:26:26,HO2403-C-3000,HO2403-C-3000,59.0,0.0,0.0,0.0,25,56.0,57.8,1,65.0,59.2,59.2,59.0,6.0,35420.0,121
2023-05-10 13:26:27,HO2403-C-3000,HO2403-C-3000,59.0,0.0,0.0,0.0,19,56.0,57.8,1,65.0,59.2,59.2,59.0,6.0,35420.0,121
2023-05-10 13:27:05,HO2403-C-3000,HO2403-C-3000,59.0,0.0,0.0,0.0,20,56.0,57.8,1,65.0,59.2,59.2,59.0,6.0,35420.0,121
2023-05-10 13:27:06,HO2403-C-3000,HO2403-C-3000,59.0,0.0,0.0,0.0,19,56.0,57.8,1,65.0,59.2,59.2,59.0,6.0,35420.0,121
2023-05-10 13:28:17,HO2403-C-3000,HO2403-C-3000,59.0,0.0,0.0,0.0,18,56.0,57.8,1,65.0,59.2,59.2,59.0,6.0,35420.0,121
2023-05-10 13:28:18,HO2403-C-3000,HO2403-C-3000,59.0,0.0,0.0,0.0,12,56.0,57.8,3,65.0,59.2,59.2,59.0,6.0,35420.0,121
2023-05-10 13:28:18,HO2403-C-3000,HO2403-C-3000,59.0,0.0,0.0,0.0,24,55.8,57.4,1,65.0,59.2,59.2,59.0,6.0,35420.0,121
2023-05-10 13:29:01,HO2403-C-3000,HO2403-C-3000,59.0,0.0,0.0,0.0,6,56.0,57.4,1,65.0,59.2,59.2,59.0,6.0,35420.0,121
2023-05-10 13:29:09,HO2403-C-3000,HO2403-C-3000,59.0,0.0,0.0,0.0,25,55.8,57.4,1,65.0,59.2,59.2,59.0,6.0,35420.0,121
2023-05-10 13:30:29,HO2403-C-3000,HO2403-C-3000,59.0,0.0,0.0,0.0,19,55.8,57.4,1,65.0,59.2,59.2,59.0,6.0,35420.0,121
2023-05-10 13:31:24,HO2403-C-3000,HO2403-C-3000,59.0,0.0,0.0,0.0,18,55.8,57.4,1,65.0,59.2,59.2,59.0,6.0,35420.0,121
2023-05-10 13:31:24,HO2403-C-3000,HO2403-C-3000,59.0,0.0,0.0,0.0,12,55.8,57.4,1,65.0,59.2,59.2,59.0,6.0,35420.0,121
2023-05-10 13:31:25,HO2403-C-3000,HO2403-C-3000,59.0,0.0,0.0,0.0,6,55.8,57.4,1,65.0,59.2,59.2,59.0,6.0,35420.0,121
2023-05-10 13:32:36,HO2403-C-3000,HO2403-C-3000,59.0,0.0,0.0,0.0,18,55.6,57.4,1,65.0,59.2,59.2,59.0,6.0,35420.0,121
2023-05-10 13:32:36,HO2403-C-3000,HO2403-C-3000,59.0,0.0,0.0,0.0,6,55.6,57.4,1,65.0,59.2,59.2,59.0,6.0,35420.0,121
2023-05-10 13:32:37,HO2403-C-3000,HO2403-C-3000,59.0,0.0,0.0,0.0,30,55.4,57.4,1,65.0,59.2,59.2,59.0,6.0,35420.0,121
2023-05-10 13:32:38,HO2403-C-3000,HO2403-C-3000,59.0,0.0,0.0,0.0,24,55.4,57.4,1,65.0,59.2,59.2,59.0,6.0,35420.0,121
2023-05-10 13:33:04,HO2403-C-3000,HO2403-C-3000,59.0,0.0,0.0,0.0,18,55.4,57.4,1,65.0,59.2,59.2,59.0,6.0,35420.0,121
2023-05-10 13:33:21,HO2403-C-3000,HO2403-C-3000,59.0,0.0,0.0,0.0,12,55.4,57.4,1,65.0,59.2,59.2,59.0,6.0,35420.0,121
2023-05-10 13:33:21,HO2403-C-3000,HO2403-C-3000,59.0,0.0,0.0,0.0,6,55.4,57.4,1,65.0,59.2,59.2,59.0,6.0,35420.0,121
2023-05-10 13:33:28,HO2403-C-3000,HO2403-C-3000,59.0,0.0,0.0,0.0,6,55.4,57.4,3,65.0,59.2,59.2,59.0,6.0,35420.0,121
2023-05-10 13:33:28,HO2403-C-3000,HO2403-C-3000,59.0,0.0,0.0,0.0,6,55.4,57.0,1,65.0,59.2,59.2,59.0,6.0,35420.0,121
2023-05-10 13:35:06,HO2403-C-3000,HO2403-C-3000,59.0,0.0,0.0,0.0,18,55.2,57.0,1,65.0,59.2,59.2,59.0,6.0,35420.0,121
2023-05-10 13:35:06,HO2403-C-3000,HO2403-C-3000,59.0,0.0,0.0,0.0,12,55.2,57.0,1,65.0,59.2,59.2,59.0,6.0,35420.0,121
2023-05-10 13:35:07,HO2403-C-3000,HO2403-C-3000,59.0,0.0,0.0,0.0,18,55.0,57.0,1,65.0,59.2,59.2,59.0,6.0,35420.0,121
2023-05-10 13:35:38,HO2403-C-3000,HO2403-C-3000,59.0,0.0,0.0,0.0,18,55.0,57.0,3,65.0,59.2,59.2,59.0,6.0,35420.0,121
2023-05-10 13:35:38,HO2403-C-3000,HO2403-C-3000,59.0,0.0,0.0,0.0,18,55.0,56.2,1,65.0,59.2,59.2,59.0,6.0,35420.0,121
2023-05-10 13:35:42,HO2403-C-3000,HO2403-C-3000,59.0,0.0,0.0,0.0,12,55.0,56.2,1,65.0,59.2,59.2,59.0,6.0,35420.0,121
2023-05-10 13:35:43,HO2403-C-3000,HO2403-C-3000,59.0,0.0,0.0,0.0,6,55.0,56.2,1,65.0,59.2,59.2,59.0,6.0,35420.0,121
2023-05-10 13:35:56,HO2403-C-3000,HO2403-C-3000,59.0,0.0,0.0,0.0,6,55.0,57.6,27,65.0,59.2,59.2,59.0,6.0,35420.0,121
2023-05-10 13:35:57,HO2403-C-3000,HO2403-C-3000,59.0,0.0,0.0,0.0,6,55.0,57.2,2,65.0,59.2,59.2,59.0,6.0,35420.0,121
2023-05-10 13:36:00,HO2403-C-3000,HO2403-C-3000,59.0,0.0,0.0,0.0,6,55.0,56.6,1,65.0,59.2,59.2,59.0,6.0,35420.0,121
2023-05-10 13:36:07,HO2403-C-3000,HO2403-C-3000,59.0,0.0,0.0,0.0,19,54.6,56.6,1,65.0,59.2,59.2,59.0,6.0,35420.0,121
2023-05-10 13:36:43,HO2403-C-3000,HO2403-C-3000,59.0,0.0,0.0,0.0,18,54.6,56.6,1,65.0,59.2,59.2,59.0,6.0,35420.0,121
2023-05-10 13:36:43,HO2403-C-3000,HO2403-C-3000,59.0,0.0,0.0,0.0,18,54.6,56.6,3,65.0,59.2,59.2,59.0,6.0,35420.0,121
2023-05-10 13:36:44,HO2403-C-3000,HO2403-C-3000,59.0,0.0,0.0,0.0,18,54.6,56.2,1,65.0,59.2,59.2,59.0,6.0,35420.0,121
2023-05-10 13:37:40,HO2403-C-3000,HO2403-C-3000,59.0,0.0,0.0,0.0,12,54.6,56.2,1,65.0,59.2,59.2,59.0,6.0,35420.0,121
2023-05-10 13:37:40,HO2403-C-3000,HO2403-C-3000,59.0,0.0,0.0,0.0,6,54.6,56.2,1,65.0,59.2,59.2,59.0,6.0,35420.0,121
2023-05-10 13:41:02,HO2403-C-3000,HO2403-C-3000,59.0,0.0,0.0,0.0,19,54.4,56.2,1,65.0,59.2,59.2,59.0,6.0,35420.0,121
2023-05-10 13:41:03,HO2403-C-3000,HO2403-C-3000,59.0,0.0,0.0,0.0,13,54.4,56.2,1,65.0,59.2,59.2,59.0,6.0,35420.0,121
2023-05-10 13:41:03,HO2403-C-3000,HO2403-C-3000,59.0,0.0,0.0,0.0,7,54.4,56.2,1,65.0,59.2,59.2,59.0,6.0,35420.0,121
2023-05-10 13:41:04,HO2403-C-3000,HO2403-C-3000,59.0,0.0,0.0,0.0,1,54.4,56.2,1,65.0,59.2,59.2,59.0,6.0,35420.0,121
2023-05-10 13:41:04,HO2403-C-3000,HO2403-C-3000,59.0,0.0,0.0,0.0,6,54.6,56.2,1,65.0,59.2,59.2,59.0,6.0,35420.0,121
2023-05-10 13:41:32,HO2403-C-3000,HO2403-C-3000,59.0,0.0,0.0,0.0,6,54.6,56.8,1,65.0,59.2,59.2,59.0,6.0,35420.0,121
2023-05-10 13:41:55,HO2403-C-3000,HO2403-C-3000,59.0,0.0,0.0,0.0,1,54.4,56.8,1,65.0,59.2,59.2,59.0,6.0,35420.0,121
2023-05-10 13:41:55,HO2403-C-3000,HO2403-C-3000,59.0,0.0,0.0,0.0,1,54.4,56.8,3,65.0,59.2,59.2,59.0,6.0,35420.0,121
2023-05-10 13:41:56,HO2403-C-3000,HO2403-C-3000,59.0,0.0,0.0,0.0,1,54.4,56.8,2,65.0,59.2,59.2,59.0,6.0,35420.0,121
2023-05-10 13:41:56,HO2403-C-3000,HO2403-C-3000,59.0,0.0,0.0,0.0,1,54.4,56.4,1,65.0,59.2,59.2,59.0,6.0,35420.0,121
2023-05-10 13:42:03,HO2403-C-3000,HO2403-C-3000,59.0,0.0,0.0,0.0,1,54.4,56.4,3,65.0,59.2,59.2,59.0,6.0,35420.0,121
2023-05-10 13:42:04,HO2403-C-3000,HO2403-C-3000,59.0,0.0,0.0,0.0,1,54.4,56.4,1,65.0,59.2,59.2,59.0,6.0,35420.0,121
2023-05-10 13:42:10,HO2403-C-3000,HO2403-C-3000,59.0,0.0,0.0,0.0,6,54.6,56.4,1,65.0,59.2,59.2,59.0,6.0,35420.0,121
2023-05-10 13:42:20,HO2403-C-3000,HO2403-C-3000,59.0,0.0,0.0,0.0,1,54.4,56.4,1,65.0,59.2,59.2,59.0,6.0,35420.0,121
2023-05-10 13:43:01,HO2403-C-3000,HO2403-C-3000,59.0,0.0,0.0,0.0,1,54.4,56.0,2,65.0,59.2,59.2,59.0,6.0,35420.0,121
2023-05-10 13:43:02,HO2403-C-3000,HO2403-C-3000,59.0,0.0,0.0,0.0,1,54.4,57.2,1,65.0,59.2,59.2,59.0,6.0,35420.0,121
2023-05-10 13:43:02,HO2403-C-3000,HO2403-C-3000,59.0,0.0,0.0,0.0,1,54.4,56.0,1,65.0,59.2,59.2,59.0,6.0,35420.0,121
2023-05-10 13:43:14,HO2403-C-3000,HO2403-C-3000,59.0,0.0,0.0,0.0,24,54.2,56.0,1,65.0,59.2,59.2,59.0,6.0,35420.0,121
2023-05-10 13:43:14,HO2403-C-3000,HO2403-C-3000,59.0,0.0,0.0,0.0,18,54.2,56.0,1,65.0,59.2,59.2,59.0,6.0,35420.0,121
2023-05-10 13:43:27,HO2403-C-3000,HO2403-C-3000,59.0,0.0,0.0,0.0,12,54.2,56.0,1,65.0,59.2,59.2,59.0,6.0,35420.0,121
2023-05-10 13:43:28,HO2403-C-3000,HO2403-C-3000,59.0,0.0,0.0,0.0,6,54.2,56.0,1,65.0,59.2,59.2,59.0,6.0,35420.0,121
2023-05-10 13:43:30,HO2403-C-3000,HO2403-C-3000,59.0,0.0,0.0,0.0,1,54.4,56.0,1,65.0,59.2,59.2,59.0,6.0,35420.0,121
2023-05-10 13:43:57,HO2403-C-3000,HO2403-C-3000,59.0,0.0,0.0,0.0,1,54.4,56.6,1,65.0,59.2,59.2,59.0,6.0,35420.0,121
2023-05-10 13:43:57,HO2403-C-3000,HO2403-C-3000,59.0,0.0,0.0,0.0,1,54.4,56.4,2,65.0,59.2,59.2,59.0,6.0,35420.0,121
2023-05-10 13:44:02,HO2403-C-3000,HO2403-C-3000,59.0,0.0,0.0,0.0,6,54.6,56.6,1,65.0,59.2,59.2,59.0,6.0,35420.0,121
2023-05-10 13:44:03,HO2403-C-3000,HO2403-C-3000,59.0,0.0,0.0,0.0,6,54.6,56.6,3,65.0,59.2,59.2,59.0,6.0,35420.0,121
2023-05-10 13:44:08,HO2403-C-3000,HO2403-C-3000,59.0,0.0,0.0,0.0,1,54.8,56.6,3,65.0,59.2,59.2,59.0,6.0,35420.0,121
2023-05-10 13:48:15,HO2403-C-3000,HO2403-C-3000,59.0,0.0,0.0,0.0,1,54.8,56.4,1,65.0,59.2,59.2,59.0,6.0,35420.0,121
2023-05-10 13:48:16,HO2403-C-3000,HO2403-C-3000,59.0,0.0,0.0,0.0,1,54.8,56.0,2,65.0,59.2,59.2,59.0,6.0,35420.0,121
2023-05-10 13:48:30,HO2403-C-3000,HO2403-C-3000,59.0,0.0,0.0,0.0,1,54.8,56.4,1,65.0,59.2,59.2,59.0,6.0,35420.0,121
2023-05-10 13:48:31,HO2403-C-3000,HO2403-C-3000,59.0,0.0,0.0,0.0,1,54.8,56.2,2,65.0,59.2,59.2,59.0,6.0,35420.0,121
2023-05-10 13:49:04,HO2403-C-3000,HO2403-C-3000,59.0,0.0,0.0,0.0,1,54.8,56.4,1,65.0,59.2,59.2,59.0,6.0,35420.0,121
2023-05-10 13:49:05,HO2403-C-3000,HO2403-C-3000,59.0,0.0,0.0,0.0,1,54.8,56.4,3,65.0,59.2,59.2,59.0,6.0,35420.0,121
2023-05-10 13:49:59,HO2403-C-3000,HO2403-C-3000,59.0,0.0,0.0,0.0,1,54.8,56.4,1,65.0,59.2,59.2,59.0,6.0,35420.0,121
2023-05-10 13:50:15,HO2403-C-3000,HO2403-C-3000,59.0,0.0,0.0,0.0,1,54.8,56.2,2,65.0,59.2,59.2,59.0,6.0,35420.0,121
2023-05-10 13:50:20,HO2403-C-3000,HO2403-C-3000,59.0,0.0,0.0,0.0,1,54.8,56.4,1,65.0,59.2,59.2,59.0,6.0,35420.0,121
2023-05-10 13:50:21,HO2403-C-3000,HO2403-C-3000,59.0,0.0,0.0,0.0,1,54.8,56.4,3,65.0,59.2,59.2,59.0,6.0,35420.0,121
2023-05-10 13:50:28,HO2403-C-3000,HO2403-C-3000,59.0,0.0,0.0,0.0,1,54.8,56.4,1,65.0,59.2,59.2,59.0,6.0,35420.0,121
2023-05-10 13:50:39,HO2403-C-3000,HO2403-C-3000,59.0,0.0,0.0,0.0,1,54.8,56.4,3,65.0,59.2,59.2,59.0,6.0,35420.0,121
2023-05-10 13:50:41,HO2403-C-3000,HO2403-C-3000,59.0,0.0,0.0,0.0,1,54.8,56.4,1,65.0,59.2,59.2,59.0,6.0,35420.0,121
2023-05-10 13:50:43,HO2403-C-3000,HO2403-C-3000,59.0,0.0,0.0,0.0,1,54.8,56.4,3,65.0,59.2,59.2,59.0,6.0,35420.0,121
2023-05-10 13:50:43,HO2403-C-3000,HO2403-C-3000,59.0,0.0,0.0,0.0,1,54.8,56.4,1,65.0,59.2,59.2,59.0,6.0,35420.0,121
2023-05-10 13:52:36,HO2403-C-3000,HO2403-C-3000,59.0,0.0,0.0,0.0,1,54.8,56.2,2,65.0,59.2,59.2,59.0,6.0,35420.0,121
2023-05-10 13:52:43,HO2403-C-3000,HO2403-C-3000,59.0,0.0,0.0,0.0,1,54.8,56.0,1,65.0,59.2,59.2,59.0,6.0,35420.0,121
2023-05-10 13:53:09,HO2403-C-3000,HO2403-C-3000,59.0,0.0,0.0,0.0,1,54.8,57.4,39,65.0,59.2,59.2,59.0,6.0,35420.0,121
2023-05-10 13:53:10,HO2403-C-3000,HO2403-C-3000,59.0,0.0,0.0,0.0,1,54.8,56.4,1,65.0,59.2,59.2,59.0,6.0,35420.0,121
2023-05-10 13:54:27,HO2403-C-3000,HO2403-C-3000,59.0,0.0,0.0,0.0,1,54.8,57.4,30,65.0,59.2,59.2,59.0,6.0,35420.0,121
2023-05-10 13:54:27,HO2403-C-3000,HO2403-C-3000,59.0,0.0,0.0,0.0,1,54.8,57.4,21,65.0,59.2,59.2,59.0,6.0,35420.0,121
2023-05-10 13:54:28,HO2403-C-3000,HO2403-C-3000,59.0,0.0,0.0,0.0,1,54.8,56.8,1,65.0,59.2,59.2,59.0,6.0,35420.0,121
2023-05-10 13:54:29,HO2403-C-3000,HO2403-C-3000,59.0,0.0,0.0,0.0,1,54.8,56.8,3,65.0,59.2,59.2,59.0,6.0,35420.0,121
2023-05-10 13:54:30,HO2403-C-3000,HO2403-C-3000,59.0,0.0,0.0,0.0,1,54.8,56.8,1,65.0,59.2,59.2,59.0,6.0,35420.0,121
2023-05-10 13:54:31,HO2403-C-3000,HO2403-C-3000,59.0,0.0,0.0,0.0,1,54.8,56.8,3,65.0,59.2,59.2,59.0,6.0,35420.0,121
2023-05-10 13:54:53,HO2403-C-3000,HO2403-C-3000,59.0,0.0,0.0,0.0,1,54.8,56.8,2,65.0,59.2,59.2,59.0,6.0,35420.0,121
2023-05-10 13:54:56,HO2403-C-3000,HO2403-C-3000,59.0,0.0,0.0,0.0,1,54.8,57.2,1,65.0,59.2,59.2,59.0,6.0,35420.0,121
2023-05-10 13:54:57,HO2403-C-3000,HO2403-C-3000,59.0,0.0,0.0,0.0,1,54.8,57.0,2,65.0,59.2,59.2,59.0,6.0,35420.0,121
2023-05-10 13:55:04,HO2403-C-3000,HO2403-C-3000,59.0,0.0,0.0,0.0,7,54.8,57.0,2,65.0,59.2,59.2,59.0,6.0,35420.0,121
2023-05-10 13:55:05,HO2403-C-3000,HO2403-C-3000,59.0,0.0,0.0,0.0,1,56.0,57.0,2,65.0,59.2,59.2,59.0,6.0,35420.0,121
