time,symbol_id,symbol_name,last,trade_volume,trade_amount,open_interest_change,bv1,bp1,ap1,av1,yesterday_close,today_open,today_high,today_low,volume,amount,open_interest
2023-05-10 09:29:00,HO2403-P-2700,HO2403-P-2700,137.8,0.0,0.0,0.0,1,109.6,166.0,1,137.8,148.2,0.0,0.0,0.0,0.0,62
2023-05-10 09:30:01,HO2403-P-2700,HO2403-P-2700,137.8,0.0,0.0,0.0,1,115.4,160.4,1,137.8,148.2,0.0,0.0,0.0,0.0,62
2023-05-10 09:30:18,HO2403-P-2700,HO2403-P-2700,137.8,0.0,0.0,0.0,1,115.6,160.2,1,137.8,148.2,0.0,0.0,0.0,0.0,62
2023-05-10 09:30:24,HO2403-P-2700,HO2403-P-2700,137.8,0.0,0.0,0.0,6,128.0,143.0,6,137.8,148.2,0.0,0.0,0.0,0.0,62
2023-05-10 09:30:25,HO2403-P-2700,HO2403-P-2700,137.8,0.0,0.0,0.0,1,128.2,142.8,1,137.8,148.2,0.0,0.0,0.0,0.0,62
2023-05-10 09:30:29,HO2403-P-2700,HO2403-P-2700,137.8,0.0,0.0,0.0,6,129.2,142.8,1,137.8,148.2,0.0,0.0,0.0,0.0,62
2023-05-10 09:30:29,HO2403-P-2700,HO2403-P-2700,137.8,0.0,0.0,0.0,1,129.4,142.8,1,137.8,148.2,0.0,0.0,0.0,0.0,62
2023-05-10 09:30:32,HO2403-P-2700,HO2403-P-2700,137.8,0.0,0.0,0.0,6,129.6,142.6,6,137.8,148.2,0.0,0.0,0.0,0.0,62
2023-05-10 09:30:33,HO2403-P-2700,HO2403-P-2700,137.8,0.0,0.0,0.0,1,129.8,142.4,1,137.8,148.2,0.0,0.0,0.0,0.0,62
2023-05-10 09:30:33,HO2403-P-2700,HO2403-P-2700,137.8,0.0,0.0,0.0,6,130.0,142.2,6,137.8,148.2,0.0,0.0,0.0,0.0,62
2023-05-10 09:30:34,HO2403-P-2700,HO2403-P-2700,137.8,0.0,0.0,0.0,1,130.2,142.0,1,137.8,148.2,0.0,0.0,0.0,0.0,62
2023-05-10 09:30:34,HO2403-P-2700,HO2403-P-2700,137.8,0.0,0.0,0.0,6,130.4,141.8,6,137.8,148.2,0.0,0.0,0.0,0.0,62
2023-05-10 09:30:35,HO2403-P-2700,HO2403-P-2700,137.8,0.0,0.0,0.0,1,130.6,141.8,12,137.8,148.2,0.0,0.0,0.0,0.0,62
2023-05-10 09:30:35,HO2403-P-2700,HO2403-P-2700,137.8,0.0,0.0,0.0,6,130.8,141.6,6,137.8,148.2,0.0,0.0,0.0,0.0,62
2023-05-10 09:30:36,HO2403-P-2700,HO2403-P-2700,137.8,0.0,0.0,0.0,1,131.0,141.6,6,137.8,148.2,0.0,0.0,0.0,0.0,62
2023-05-10 09:30:36,HO2403-P-2700,HO2403-P-2700,137.8,0.0,0.0,0.0,6,131.2,141.6,6,137.8,148.2,0.0,0.0,0.0,0.0,62
2023-05-10 09:30:37,HO2403-P-2700,HO2403-P-2700,137.8,0.0,0.0,0.0,1,131.4,141.6,6,137.8,148.2,0.0,0.0,0.0,0.0,62
2023-05-10 09:30:37,HO2403-P-2700,HO2403-P-2700,137.8,0.0,0.0,0.0,6,131.6,141.6,6,137.8,148.2,0.0,0.0,0.0,0.0,62
2023-05-10 09:30:38,HO2403-P-2700,HO2403-P-2700,137.8,0.0,0.0,0.0,13,131.6,141.6,6,137.8,148.2,0.0,0.0,0.0,0.0,62
2023-05-10 09:30:38,HO2403-P-2700,HO2403-P-2700,137.8,0.0,0.0,0.0,19,131.6,141.6,6,137.8,148.2,0.0,0.0,0.0,0.0,62
2023-05-10 09:30:44,HO2403-P-2700,HO2403-P-2700,137.8,0.0,0.0,0.0,25,131.6,141.6,6,137.8,148.2,0.0,0.0,0.0,0.0,62
2023-05-10 09:30:47,HO2403-P-2700,HO2403-P-2700,137.8,0.0,0.0,0.0,6,132.8,141.4,6,137.8,148.2,0.0,0.0,0.0,0.0,62
2023-05-10 09:30:47,HO2403-P-2700,HO2403-P-2700,137.8,0.0,0.0,0.0,6,133.0,141.2,6,137.8,148.2,0.0,0.0,0.0,0.0,62
2023-05-10 09:30:52,HO2403-P-2700,HO2403-P-2700,137.8,0.0,0.0,0.0,3,133.2,141.2,6,137.8,148.2,0.0,0.0,0.0,0.0,62
2023-05-10 09:30:53,HO2403-P-2700,HO2403-P-2700,137.8,0.0,0.0,0.0,6,133.4,141.2,6,137.8,148.2,0.0,0.0,0.0,0.0,62
2023-05-10 09:30:53,HO2403-P-2700,HO2403-P-2700,137.8,0.0,0.0,0.0,3,133.6,141.2,6,137.8,148.2,0.0,0.0,0.0,0.0,62
2023-05-10 09:30:54,HO2403-P-2700,HO2403-P-2700,137.8,0.0,0.0,0.0,6,133.8,141.2,6,137.8,148.2,0.0,0.0,0.0,0.0,62
2023-05-10 09:30:54,HO2403-P-2700,HO2403-P-2700,137.8,0.0,0.0,0.0,9,133.8,141.2,6,137.8,148.2,0.0,0.0,0.0,0.0,62
2023-05-10 09:31:00,HO2403-P-2700,HO2403-P-2700,137.8,0.0,0.0,0.0,6,134.0,141.4,6,137.8,148.2,0.0,0.0,0.0,0.0,62
2023-05-10 09:31:00,HO2403-P-2700,HO2403-P-2700,137.8,0.0,0.0,0.0,3,134.2,141.4,6,137.8,148.2,0.0,0.0,0.0,0.0,62
2023-05-10 09:31:01,HO2403-P-2700,HO2403-P-2700,137.8,0.0,0.0,0.0,9,134.2,141.8,18,137.8,148.2,0.0,0.0,0.0,0.0,62
2023-05-10 09:31:01,HO2403-P-2700,HO2403-P-2700,137.8,0.0,0.0,0.0,6,134.4,141.8,18,137.8,148.2,0.0,0.0,0.0,0.0,62
2023-05-10 09:31:02,HO2403-P-2700,HO2403-P-2700,137.8,0.0,0.0,0.0,3,134.6,141.8,18,137.8,148.2,0.0,0.0,0.0,0.0,62
2023-05-10 09:31:02,HO2403-P-2700,HO2403-P-2700,137.8,0.0,0.0,0.0,6,134.8,141.8,18,137.8,148.2,0.0,0.0,0.0,0.0,62
2023-05-10 09:31:03,HO2403-P-2700,HO2403-P-2700,137.8,0.0,0.0,0.0,3,135.0,141.8,18,137.8,148.2,0.0,0.0,0.0,0.0,62
2023-05-10 09:31:03,HO2403-P-2700,HO2403-P-2700,137.8,0.0,0.0,0.0,6,135.2,141.8,18,137.8,148.2,0.0,0.0,0.0,0.0,62
2023-05-10 09:31:04,HO2403-P-2700,HO2403-P-2700,137.8,0.0,0.0,0.0,12,135.2,141.8,18,137.8,148.2,0.0,0.0,0.0,0.0,62
2023-05-10 09:31:04,HO2403-P-2700,HO2403-P-2700,137.8,0.0,0.0,0.0,18,135.2,141.8,18,137.8,148.2,0.0,0.0,0.0,0.0,62
2023-05-10 09:31:05,HO2403-P-2700,HO2403-P-2700,137.8,0.0,0.0,0.0,3,135.4,141.8,18,137.8,148.2,0.0,0.0,0.0,0.0,62
2023-05-10 09:31:05,HO2403-P-2700,HO2403-P-2700,137.8,0.0,0.0,0.0,6,135.6,141.8,18,137.8,148.2,0.0,0.0,0.0,0.0,62
2023-05-10 09:31:07,HO2403-P-2700,HO2403-P-2700,137.8,0.0,0.0,0.0,6,135.6,141.8,12,137.8,148.2,0.0,0.0,0.0,0.0,62
2023-05-10 09:31:08,HO2403-P-2700,HO2403-P-2700,137.8,0.0,0.0,0.0,9,135.6,141.8,6,137.8,148.2,0.0,0.0,0.0,0.0,62
2023-05-10 09:31:08,HO2403-P-2700,HO2403-P-2700,137.8,0.0,0.0,0.0,9,135.6,142.8,18,137.8,148.2,0.0,0.0,0.0,0.0,62
2023-05-10 09:31:09,HO2403-P-2700,HO2403-P-2700,137.8,0.0,0.0,0.0,6,135.6,142.8,12,137.8,148.2,0.0,0.0,0.0,0.0,62
2023-05-10 09:31:09,HO2403-P-2700,HO2403-P-2700,137.8,0.0,0.0,0.0,6,135.6,143.0,18,137.8,148.2,0.0,0.0,0.0,0.0,62
2023-05-10 09:31:19,HO2403-P-2700,HO2403-P-2700,137.8,0.0,0.0,0.0,6,135.4,143.0,18,137.8,148.2,0.0,0.0,0.0,0.0,62
2023-05-10 09:31:27,HO2403-P-2700,HO2403-P-2700,137.8,0.0,0.0,0.0,3,135.6,143.0,18,137.8,148.2,0.0,0.0,0.0,0.0,62
2023-05-10 09:31:27,HO2403-P-2700,HO2403-P-2700,137.8,0.0,0.0,0.0,6,135.8,143.0,18,137.8,148.2,0.0,0.0,0.0,0.0,62
2023-05-10 09:31:38,HO2403-P-2700,HO2403-P-2700,137.8,0.0,0.0,0.0,3,136.0,143.0,18,137.8,148.2,0.0,0.0,0.0,0.0,62
2023-05-10 09:31:39,HO2403-P-2700,HO2403-P-2700,137.8,0.0,0.0,0.0,6,136.2,143.0,18,137.8,148.2,0.0,0.0,0.0,0.0,62
2023-05-10 09:31:45,HO2403-P-2700,HO2403-P-2700,137.8,0.0,0.0,0.0,6,136.0,143.0,18,137.8,148.2,0.0,0.0,0.0,0.0,62
2023-05-10 09:31:45,HO2403-P-2700,HO2403-P-2700,137.8,0.0,0.0,0.0,9,136.0,143.0,18,137.8,148.2,0.0,0.0,0.0,0.0,62
2023-05-10 09:31:47,HO2403-P-2700,HO2403-P-2700,137.8,0.0,0.0,0.0,6,136.0,143.0,18,137.8,148.2,0.0,0.0,0.0,0.0,62
2023-05-10 09:32:09,HO2403-P-2700,HO2403-P-2700,137.8,0.0,0.0,0.0,9,136.0,143.0,18,137.8,148.2,0.0,0.0,0.0,0.0,62
2023-05-10 09:32:10,HO2403-P-2700,HO2403-P-2700,137.8,0.0,0.0,0.0,6,136.0,143.0,18,137.8,148.2,0.0,0.0,0.0,0.0,62
2023-05-10 09:32:13,HO2403-P-2700,HO2403-P-2700,137.8,0.0,0.0,0.0,6,136.0,142.8,6,137.8,148.2,0.0,0.0,0.0,0.0,62
2023-05-10 09:32:17,HO2403-P-2700,HO2403-P-2700,137.8,0.0,0.0,0.0,6,136.0,142.8,7,137.8,148.2,0.0,0.0,0.0,0.0,62
2023-05-10 09:32:23,HO2403-P-2700,HO2403-P-2700,137.8,0.0,0.0,0.0,9,135.4,142.6,6,137.8,148.2,0.0,0.0,0.0,0.0,62
2023-05-10 09:32:27,HO2403-P-2700,HO2403-P-2700,137.8,0.0,0.0,0.0,9,135.4,142.6,7,137.8,148.2,0.0,0.0,0.0,0.0,62
2023-05-10 09:32:37,HO2403-P-2700,HO2403-P-2700,137.8,0.0,0.0,0.0,9,135.4,142.4,1,137.8,148.2,0.0,0.0,0.0,0.0,62
2023-05-10 09:32:43,HO2403-P-2700,HO2403-P-2700,137.8,0.0,0.0,0.0,6,135.6,142.2,6,137.8,148.2,0.0,0.0,0.0,0.0,62
2023-05-10 09:32:43,HO2403-P-2700,HO2403-P-2700,137.8,0.0,0.0,0.0,3,135.8,142.2,6,137.8,148.2,0.0,0.0,0.0,0.0,62
2023-05-10 09:32:44,HO2403-P-2700,HO2403-P-2700,137.8,0.0,0.0,0.0,6,136.0,142.2,6,137.8,148.2,0.0,0.0,0.0,0.0,62
2023-05-10 09:32:46,HO2403-P-2700,HO2403-P-2700,137.8,0.0,0.0,0.0,9,136.0,142.2,6,137.8,148.2,0.0,0.0,0.0,0.0,62
2023-05-10 09:32:47,HO2403-P-2700,HO2403-P-2700,137.8,0.0,0.0,0.0,6,136.0,142.2,6,137.8,148.2,0.0,0.0,0.0,0.0,62
2023-05-10 09:32:48,HO2403-P-2700,HO2403-P-2700,137.8,0.0,0.0,0.0,6,135.6,142.2,6,137.8,148.2,0.0,0.0,0.0,0.0,62
2023-05-10 09:32:48,HO2403-P-2700,HO2403-P-2700,137.8,0.0,0.0,0.0,3,135.8,142.2,6,137.8,148.2,0.0,0.0,0.0,0.0,62
2023-05-10 09:32:49,HO2403-P-2700,HO2403-P-2700,137.8,0.0,0.0,0.0,6,136.0,142.2,6,137.8,148.2,0.0,0.0,0.0,0.0,62
2023-05-10 09:32:50,HO2403-P-2700,HO2403-P-2700,137.8,0.0,0.0,0.0,9,135.4,142.2,6,137.8,148.2,0.0,0.0,0.0,0.0,62
2023-05-10 09:32:51,HO2403-P-2700,HO2403-P-2700,137.8,0.0,0.0,0.0,9,135.4,142.2,7,137.8,148.2,0.0,0.0,0.0,0.0,62
2023-05-10 09:32:51,HO2403-P-2700,HO2403-P-2700,137.8,0.0,0.0,0.0,9,135.4,142.2,6,137.8,148.2,0.0,0.0,0.0,0.0,62
2023-05-10 09:32:52,HO2403-P-2700,HO2403-P-2700,137.8,0.0,0.0,0.0,9,135.4,142.2,7,137.8,148.2,0.0,0.0,0.0,0.0,62
2023-05-10 09:32:53,HO2403-P-2700,HO2403-P-2700,137.8,0.0,0.0,0.0,9,135.4,142.0,1,137.8,148.2,0.0,0.0,0.0,0.0,62
2023-05-10 09:32:54,HO2403-P-2700,HO2403-P-2700,137.8,0.0,0.0,0.0,1,135.8,142.0,1,137.8,148.2,0.0,0.0,0.0,0.0,62
2023-05-10 09:32:54,HO2403-P-2700,HO2403-P-2700,137.8,0.0,0.0,0.0,6,136.0,141.8,6,137.8,148.2,0.0,0.0,0.0,0.0,62
2023-05-10 09:32:55,HO2403-P-2700,HO2403-P-2700,137.8,0.0,0.0,0.0,6,136.0,141.8,12,137.8,148.2,0.0,0.0,0.0,0.0,62
2023-05-10 09:32:57,HO2403-P-2700,HO2403-P-2700,137.8,0.0,0.0,0.0,6,136.0,139.0,1,137.8,148.2,0.0,0.0,0.0,0.0,62
2023-05-10 09:32:57,HO2403-P-2700,HO2403-P-2700,137.8,0.0,0.0,0.0,6,136.0,139.0,7,137.8,148.2,0.0,0.0,0.0,0.0,62
2023-05-10 09:32:58,HO2403-P-2700,HO2403-P-2700,137.8,0.0,0.0,0.0,7,135.8,139.0,7,137.8,148.2,0.0,0.0,0.0,0.0,62
2023-05-10 09:32:58,HO2403-P-2700,HO2403-P-2700,137.8,0.0,0.0,0.0,7,135.8,138.8,1,137.8,148.2,0.0,0.0,0.0,0.0,62
2023-05-10 09:33:03,HO2403-P-2700,HO2403-P-2700,137.8,0.0,0.0,0.0,1,135.8,138.8,1,137.8,148.2,0.0,0.0,0.0,0.0,62
2023-05-10 09:33:07,HO2403-P-2700,HO2403-P-2700,137.8,0.0,0.0,0.0,1,135.8,139.0,6,137.8,148.2,0.0,0.0,0.0,0.0,62
2023-05-10 09:33:09,HO2403-P-2700,HO2403-P-2700,137.8,0.0,0.0,0.0,1,135.8,139.0,7,137.8,148.2,0.0,0.0,0.0,0.0,62
2023-05-10 09:33:10,HO2403-P-2700,HO2403-P-2700,137.8,0.0,0.0,0.0,1,135.8,138.8,1,137.8,148.2,0.0,0.0,0.0,0.0,62
2023-05-10 09:33:12,HO2403-P-2700,HO2403-P-2700,137.8,0.0,0.0,0.0,18,135.0,138.8,1,137.8,148.2,0.0,0.0,0.0,0.0,62
2023-05-10 09:33:12,HO2403-P-2700,HO2403-P-2700,137.8,0.0,0.0,0.0,1,135.2,138.8,1,137.8,148.2,0.0,0.0,0.0,0.0,62
2023-05-10 09:33:16,HO2403-P-2700,HO2403-P-2700,137.8,0.0,0.0,0.0,18,135.0,138.8,1,137.8,148.2,0.0,0.0,0.0,0.0,62
2023-05-10 09:33:18,HO2403-P-2700,HO2403-P-2700,137.8,0.0,0.0,0.0,12,135.0,138.8,1,137.8,148.2,0.0,0.0,0.0,0.0,62
2023-05-10 09:33:18,HO2403-P-2700,HO2403-P-2700,137.8,0.0,0.0,0.0,6,135.0,138.8,1,137.8,148.2,0.0,0.0,0.0,0.0,62
2023-05-10 09:33:21,HO2403-P-2700,HO2403-P-2700,137.8,0.0,0.0,0.0,6,134.0,138.8,1,137.8,148.2,0.0,0.0,0.0,0.0,62
2023-05-10 09:33:22,HO2403-P-2700,HO2403-P-2700,137.8,0.0,0.0,0.0,7,134.0,138.8,1,137.8,148.2,0.0,0.0,0.0,0.0,62
2023-05-10 09:33:29,HO2403-P-2700,HO2403-P-2700,137.8,0.0,0.0,0.0,6,134.0,138.8,1,137.8,148.2,0.0,0.0,0.0,0.0,62
2023-05-10 09:33:32,HO2403-P-2700,HO2403-P-2700,137.8,0.0,0.0,0.0,6,134.0,138.8,2,137.8,148.2,0.0,0.0,0.0,0.0,62
2023-05-10 09:33:33,HO2403-P-2700,HO2403-P-2700,137.8,0.0,0.0,0.0,6,134.0,136.8,1,137.8,148.2,0.0,0.0,0.0,0.0,62
2023-05-10 09:33:33,HO2403-P-2700,HO2403-P-2700,137.8,0.0,0.0,0.0,1,134.2,137.0,6,137.8,148.2,0.0,0.0,0.0,0.0,62
2023-05-10 09:33:34,HO2403-P-2700,HO2403-P-2700,137.8,0.0,0.0,0.0,1,134.2,137.0,7,137.8,148.2,0.0,0.0,0.0,0.0,62
2023-05-10 09:33:38,HO2403-P-2700,HO2403-P-2700,137.8,0.0,0.0,0.0,1,134.2,137.0,6,137.8,148.2,0.0,0.0,0.0,0.0,62
2023-05-10 09:33:41,HO2403-P-2700,HO2403-P-2700,137.8,0.0,0.0,0.0,1,134.2,137.6,1,137.8,148.2,0.0,0.0,0.0,0.0,62
2023-05-10 09:33:42,HO2403-P-2700,HO2403-P-2700,137.8,0.0,0.0,0.0,1,134.2,137.8,6,137.8,148.2,0.0,0.0,0.0,0.0,62
2023-05-10 09:33:42,HO2403-P-2700,HO2403-P-2700,137.8,0.0,0.0,0.0,1,134.2,137.8,7,137.8,148.2,0.0,0.0,0.0,0.0,62
2023-05-10 09:33:43,HO2403-P-2700,HO2403-P-2700,137.8,0.0,0.0,0.0,1,134.2,137.6,1,137.8,148.2,0.0,0.0,0.0,0.0,62
2023-05-10 09:33:55,HO2403-P-2700,HO2403-P-2700,137.8,0.0,0.0,0.0,1,134.2,137.8,6,137.8,148.2,0.0,0.0,0.0,0.0,62
2023-05-10 09:33:56,HO2403-P-2700,HO2403-P-2700,137.8,0.0,0.0,0.0,1,134.2,137.8,7,137.8,148.2,0.0,0.0,0.0,0.0,62
2023-05-10 09:33:58,HO2403-P-2700,HO2403-P-2700,137.8,0.0,0.0,0.0,1,134.2,137.6,1,137.8,148.2,0.0,0.0,0.0,0.0,62
2023-05-10 09:33:59,HO2403-P-2700,HO2403-P-2700,137.8,0.0,0.0,0.0,1,134.2,137.8,6,137.8,148.2,0.0,0.0,0.0,0.0,62
2023-05-10 09:34:05,HO2403-P-2700,HO2403-P-2700,137.8,0.0,0.0,0.0,6,134.4,137.8,6,137.8,148.2,0.0,0.0,0.0,0.0,62
2023-05-10 09:34:06,HO2403-P-2700,HO2403-P-2700,137.8,0.0,0.0,0.0,1,136.2,137.8,6,137.8,148.2,0.0,0.0,0.0,0.0,62
2023-05-10 09:34:07,HO2403-P-2700,HO2403-P-2700,137.8,0.0,0.0,0.0,6,134.4,137.8,6,137.8,148.2,0.0,0.0,0.0,0.0,62
2023-05-10 09:34:08,HO2403-P-2700,HO2403-P-2700,137.8,0.0,0.0,0.0,6,134.0,137.8,6,137.8,148.2,0.0,0.0,0.0,0.0,62
2023-05-10 09:34:10,HO2403-P-2700,HO2403-P-2700,137.8,0.0,0.0,0.0,1,135.6,137.8,6,137.8,148.2,0.0,0.0,0.0,0.0,62
2023-05-10 09:34:14,HO2403-P-2700,HO2403-P-2700,137.8,0.0,0.0,0.0,1,135.6,138.2,12,137.8,148.2,0.0,0.0,0.0,0.0,62
2023-05-10 09:34:15,HO2403-P-2700,HO2403-P-2700,137.8,0.0,0.0,0.0,1,135.6,138.6,6,137.8,148.2,0.0,0.0,0.0,0.0,62
2023-05-10 09:34:15,HO2403-P-2700,HO2403-P-2700,137.8,0.0,0.0,0.0,1,135.6,138.8,24,137.8,148.2,0.0,0.0,0.0,0.0,62
2023-05-10 09:34:16,HO2403-P-2700,HO2403-P-2700,137.8,0.0,0.0,0.0,1,135.6,138.8,6,137.8,148.2,0.0,0.0,0.0,0.0,62
2023-05-10 09:34:16,HO2403-P-2700,HO2403-P-2700,137.8,0.0,0.0,0.0,1,135.6,139.0,6,137.8,148.2,0.0,0.0,0.0,0.0,62
2023-05-10 09:34:23,HO2403-P-2700,HO2403-P-2700,137.8,0.0,0.0,0.0,1,135.6,139.0,7,137.8,148.2,0.0,0.0,0.0,0.0,62
2023-05-10 09:34:26,HO2403-P-2700,HO2403-P-2700,137.8,0.0,0.0,0.0,1,135.6,139.0,6,137.8,148.2,0.0,0.0,0.0,0.0,62
2023-05-10 09:34:28,HO2403-P-2700,HO2403-P-2700,137.8,0.0,0.0,0.0,7,135.6,139.0,6,137.8,148.2,0.0,0.0,0.0,0.0,62
2023-05-10 09:34:29,HO2403-P-2700,HO2403-P-2700,137.8,0.0,0.0,0.0,1,136.6,139.0,6,137.8,148.2,0.0,0.0,0.0,0.0,62
2023-05-10 09:34:41,HO2403-P-2700,HO2403-P-2700,137.8,0.0,0.0,0.0,1,136.0,139.0,7,137.8,148.2,0.0,0.0,0.0,0.0,62
2023-05-10 09:34:45,HO2403-P-2700,HO2403-P-2700,137.8,0.0,0.0,0.0,1,136.0,139.0,6,137.8,148.2,0.0,0.0,0.0,0.0,62
2023-05-10 09:34:51,HO2403-P-2700,HO2403-P-2700,137.8,0.0,0.0,0.0,1,136.0,139.0,7,137.8,148.2,0.0,0.0,0.0,0.0,62
2023-05-10 09:35:00,HO2403-P-2700,HO2403-P-2700,137.8,0.0,0.0,0.0,1,136.0,139.0,6,137.8,148.2,0.0,0.0,0.0,0.0,62
2023-05-10 09:35:04,HO2403-P-2700,HO2403-P-2700,137.8,0.0,0.0,0.0,1,136.0,139.4,12,137.8,148.2,0.0,0.0,0.0,0.0,62
2023-05-10 09:35:05,HO2403-P-2700,HO2403-P-2700,137.8,0.0,0.0,0.0,1,136.0,139.6,12,137.8,148.2,0.0,0.0,0.0,0.0,62
2023-05-10 09:35:05,HO2403-P-2700,HO2403-P-2700,137.8,0.0,0.0,0.0,1,136.0,139.8,12,137.8,148.2,0.0,0.0,0.0,0.0,62
2023-05-10 09:35:06,HO2403-P-2700,HO2403-P-2700,137.8,0.0,0.0,0.0,1,136.0,140.2,19,137.8,148.2,0.0,0.0,0.0,0.0,62
2023-05-10 09:35:06,HO2403-P-2700,HO2403-P-2700,137.8,0.0,0.0,0.0,1,136.0,140.2,13,137.8,148.2,0.0,0.0,0.0,0.0,62
2023-05-10 09:35:07,HO2403-P-2700,HO2403-P-2700,137.8,0.0,0.0,0.0,1,136.0,140.2,12,137.8,148.2,0.0,0.0,0.0,0.0,62
2023-05-10 09:35:07,HO2403-P-2700,HO2403-P-2700,137.8,0.0,0.0,0.0,1,136.0,140.2,6,137.8,148.2,0.0,0.0,0.0,0.0,62
2023-05-10 09:35:08,HO2403-P-2700,HO2403-P-2700,137.8,0.0,0.0,0.0,1,136.0,140.0,1,137.8,148.2,0.0,0.0,0.0,0.0,62
2023-05-10 09:35:16,HO2403-P-2700,HO2403-P-2700,137.8,0.0,0.0,0.0,1,136.0,140.2,6,137.8,148.2,0.0,0.0,0.0,0.0,62
2023-05-10 09:35:31,HO2403-P-2700,HO2403-P-2700,137.8,0.0,0.0,0.0,6,136.2,140.2,6,137.8,148.2,0.0,0.0,0.0,0.0,62
2023-05-10 09:35:31,HO2403-P-2700,HO2403-P-2700,137.8,0.0,0.0,0.0,1,137.4,140.2,6,137.8,148.2,0.0,0.0,0.0,0.0,62
2023-05-10 09:35:59,HO2403-P-2700,HO2403-P-2700,137.8,0.0,0.0,0.0,1,137.4,140.0,1,137.8,148.2,0.0,0.0,0.0,0.0,62
2023-05-10 09:35:59,HO2403-P-2700,HO2403-P-2700,137.8,0.0,0.0,0.0,6,136.2,140.0,1,137.8,148.2,0.0,0.0,0.0,0.0,62
2023-05-10 09:36:01,HO2403-P-2700,HO2403-P-2700,137.8,0.0,0.0,0.0,1,136.6,140.0,1,137.8,148.2,0.0,0.0,0.0,0.0,62
2023-05-10 09:36:10,HO2403-P-2700,HO2403-P-2700,137.8,0.0,0.0,0.0,6,136.2,140.0,1,137.8,148.2,0.0,0.0,0.0,0.0,62
2023-05-10 09:36:25,HO2403-P-2700,HO2403-P-2700,137.8,0.0,0.0,0.0,1,136.4,140.0,1,137.8,148.2,0.0,0.0,0.0,0.0,62
2023-05-10 09:36:26,HO2403-P-2700,HO2403-P-2700,137.8,0.0,0.0,0.0,6,136.6,140.0,1,137.8,148.2,0.0,0.0,0.0,0.0,62
2023-05-10 09:36:31,HO2403-P-2700,HO2403-P-2700,137.8,0.0,0.0,0.0,6,136.6,140.2,6,137.8,148.2,0.0,0.0,0.0,0.0,62
2023-05-10 09:36:32,HO2403-P-2700,HO2403-P-2700,137.8,0.0,0.0,0.0,1,137.6,140.2,6,137.8,148.2,0.0,0.0,0.0,0.0,62
2023-05-10 09:36:36,HO2403-P-2700,HO2403-P-2700,137.8,0.0,0.0,0.0,1,137.6,140.0,1,137.8,148.2,0.0,0.0,0.0,0.0,62
2023-05-10 09:36:36,HO2403-P-2700,HO2403-P-2700,137.8,0.0,0.0,0.0,1,136.8,140.0,1,137.8,148.2,0.0,0.0,0.0,0.0,62
2023-05-10 09:36:44,HO2403-P-2700,HO2403-P-2700,137.8,0.0,0.0,0.0,7,136.8,140.0,1,137.8,148.2,0.0,0.0,0.0,0.0,62
2023-05-10 09:36:56,HO2403-P-2700,HO2403-P-2700,137.8,0.0,0.0,0.0,7,136.8,140.2,6,137.8,148.2,0.0,0.0,0.0,0.0,62
2023-05-10 09:36:57,HO2403-P-2700,HO2403-P-2700,137.8,0.0,0.0,0.0,10,136.8,140.2,6,137.8,148.2,0.0,0.0,0.0,0.0,62
2023-05-10 09:36:58,HO2403-P-2700,HO2403-P-2700,137.8,0.0,0.0,0.0,7,136.8,140.2,6,137.8,148.2,0.0,0.0,0.0,0.0,62
2023-05-10 09:36:59,HO2403-P-2700,HO2403-P-2700,137.8,0.0,0.0,0.0,1,137.8,140.2,6,137.8,148.2,0.0,0.0,0.0,0.0,62
2023-05-10 09:37:01,HO2403-P-2700,HO2403-P-2700,137.8,0.0,0.0,0.0,1,137.8,140.6,6,137.8,148.2,0.0,0.0,0.0,0.0,62
2023-05-10 09:37:02,HO2403-P-2700,HO2403-P-2700,137.8,0.0,0.0,0.0,1,137.8,140.8,1,137.8,148.2,0.0,0.0,0.0,0.0,62
2023-05-10 09:37:11,HO2403-P-2700,HO2403-P-2700,137.8,0.0,0.0,0.0,1,137.0,140.8,1,137.8,148.2,0.0,0.0,0.0,0.0,62
2023-05-10 09:38:06,HO2403-P-2700,HO2403-P-2700,137.8,0.0,0.0,0.0,1,137.0,140.8,2,137.8,148.2,0.0,0.0,0.0,0.0,62
2023-05-10 09:38:07,HO2403-P-2700,HO2403-P-2700,137.8,0.0,0.0,0.0,1,137.0,139.8,1,137.8,148.2,0.0,0.0,0.0,0.0,62
2023-05-10 09:38:10,HO2403-P-2700,HO2403-P-2700,137.8,0.0,0.0,0.0,1,137.0,139.8,2,137.8,148.2,0.0,0.0,0.0,0.0,62
2023-05-10 09:38:11,HO2403-P-2700,HO2403-P-2700,137.8,0.0,0.0,0.0,1,137.0,139.4,1,137.8,148.2,0.0,0.0,0.0,0.0,62
2023-05-10 09:38:14,HO2403-P-2700,HO2403-P-2700,137.8,0.0,0.0,0.0,1,137.0,140.0,1,137.8,148.2,0.0,0.0,0.0,0.0,62
2023-05-10 09:38:22,HO2403-P-2700,HO2403-P-2700,137.8,0.0,0.0,0.0,1,137.0,140.4,13,137.8,148.2,0.0,0.0,0.0,0.0,62
2023-05-10 09:38:22,HO2403-P-2700,HO2403-P-2700,137.8,0.0,0.0,0.0,1,137.0,140.4,7,137.8,148.2,0.0,0.0,0.0,0.0,62
2023-05-10 09:38:23,HO2403-P-2700,HO2403-P-2700,137.8,0.0,0.0,0.0,1,137.0,140.4,1,137.8,148.2,0.0,0.0,0.0,0.0,62
2023-05-10 09:38:24,HO2403-P-2700,HO2403-P-2700,137.8,0.0,0.0,0.0,1,137.0,141.0,36,137.8,148.2,0.0,0.0,0.0,0.0,62
2023-05-10 09:38:24,HO2403-P-2700,HO2403-P-2700,137.8,0.0,0.0,0.0,1,137.0,140.8,1,137.8,148.2,0.0,0.0,0.0,0.0,62
2023-05-10 09:38:29,HO2403-P-2700,HO2403-P-2700,137.8,0.0,0.0,0.0,6,137.2,140.8,1,137.8,148.2,0.0,0.0,0.0,0.0,62
2023-05-10 09:38:29,HO2403-P-2700,HO2403-P-2700,137.8,0.0,0.0,0.0,1,138.0,140.8,1,137.8,148.2,0.0,0.0,0.0,0.0,62
2023-05-10 09:38:31,HO2403-P-2700,HO2403-P-2700,137.8,0.0,0.0,0.0,1,138.0,141.2,13,137.8,148.2,0.0,0.0,0.0,0.0,62
2023-05-10 09:38:31,HO2403-P-2700,HO2403-P-2700,137.8,0.0,0.0,0.0,1,138.0,141.2,7,137.8,148.2,0.0,0.0,0.0,0.0,62
2023-05-10 09:38:32,HO2403-P-2700,HO2403-P-2700,137.8,0.0,0.0,0.0,1,138.0,141.2,1,137.8,148.2,0.0,0.0,0.0,0.0,62
2023-05-10 09:38:36,HO2403-P-2700,HO2403-P-2700,137.8,0.0,0.0,0.0,1,138.0,141.2,2,137.8,148.2,0.0,0.0,0.0,0.0,62
2023-05-10 09:38:36,HO2403-P-2700,HO2403-P-2700,137.8,0.0,0.0,0.0,1,138.0,140.6,1,137.8,148.2,0.0,0.0,0.0,0.0,62
2023-05-10 09:38:37,HO2403-P-2700,HO2403-P-2700,137.8,0.0,0.0,0.0,6,137.2,140.6,1,137.8,148.2,0.0,0.0,0.0,0.0,62
2023-05-10 09:39:07,HO2403-P-2700,HO2403-P-2700,137.8,0.0,0.0,0.0,6,137.2,140.6,2,137.8,148.2,0.0,0.0,0.0,0.0,62
2023-05-10 09:39:07,HO2403-P-2700,HO2403-P-2700,137.8,0.0,0.0,0.0,1,137.0,139.4,1,137.8,148.2,0.0,0.0,0.0,0.0,62
2023-05-10 09:39:08,HO2403-P-2700,HO2403-P-2700,137.8,0.0,0.0,0.0,24,136.8,139.4,1,137.8,148.2,0.0,0.0,0.0,0.0,62
2023-05-10 09:39:08,HO2403-P-2700,HO2403-P-2700,137.8,0.0,0.0,0.0,12,136.8,139.4,1,137.8,148.2,0.0,0.0,0.0,0.0,62
2023-05-10 09:39:09,HO2403-P-2700,HO2403-P-2700,137.8,0.0,0.0,0.0,6,136.8,139.4,1,137.8,148.2,0.0,0.0,0.0,0.0,62
2023-05-10 09:39:10,HO2403-P-2700,HO2403-P-2700,137.8,0.0,0.0,0.0,19,136.2,139.4,1,137.8,148.2,0.0,0.0,0.0,0.0,62
2023-05-10 09:39:11,HO2403-P-2700,HO2403-P-2700,137.8,0.0,0.0,0.0,13,136.2,139.4,1,137.8,148.2,0.0,0.0,0.0,0.0,62
2023-05-10 09:39:16,HO2403-P-2700,HO2403-P-2700,137.8,0.0,0.0,0.0,19,136.2,139.4,1,137.8,148.2,0.0,0.0,0.0,0.0,62
2023-05-10 09:39:17,HO2403-P-2700,HO2403-P-2700,137.8,0.0,0.0,0.0,13,136.2,139.4,1,137.8,148.2,0.0,0.0,0.0,0.0,62
2023-05-10 09:39:18,HO2403-P-2700,HO2403-P-2700,137.8,0.0,0.0,0.0,13,136.2,140.2,6,137.8,148.2,0.0,0.0,0.0,0.0,62
2023-05-10 09:39:18,HO2403-P-2700,HO2403-P-2700,137.8,0.0,0.0,0.0,19,136.2,140.2,6,137.8,148.2,0.0,0.0,0.0,0.0,62
2023-05-10 09:39:19,HO2403-P-2700,HO2403-P-2700,137.8,0.0,0.0,0.0,1,137.2,140.2,6,137.8,148.2,0.0,0.0,0.0,0.0,62
2023-05-10 09:39:20,HO2403-P-2700,HO2403-P-2700,137.8,0.0,0.0,0.0,7,137.2,140.2,6,137.8,148.2,0.0,0.0,0.0,0.0,62
2023-05-10 09:39:22,HO2403-P-2700,HO2403-P-2700,137.8,0.0,0.0,0.0,7,137.2,140.0,1,137.8,148.2,0.0,0.0,0.0,0.0,62
2023-05-10 09:39:26,HO2403-P-2700,HO2403-P-2700,137.8,0.0,0.0,0.0,7,137.2,140.2,6,137.8,148.2,0.0,0.0,0.0,0.0,62
2023-05-10 09:39:27,HO2403-P-2700,HO2403-P-2700,137.8,0.0,0.0,0.0,7,137.2,140.4,12,137.8,148.2,0.0,0.0,0.0,0.0,62
2023-05-10 09:39:27,HO2403-P-2700,HO2403-P-2700,137.8,0.0,0.0,0.0,7,137.2,140.6,13,137.8,148.2,0.0,0.0,0.0,0.0,62
2023-05-10 09:39:28,HO2403-P-2700,HO2403-P-2700,137.8,0.0,0.0,0.0,7,137.2,140.6,7,137.8,148.2,0.0,0.0,0.0,0.0,62
2023-05-10 09:39:28,HO2403-P-2700,HO2403-P-2700,137.8,0.0,0.0,0.0,7,137.2,140.6,1,137.8,148.2,0.0,0.0,0.0,0.0,62
2023-05-10 09:39:30,HO2403-P-2700,HO2403-P-2700,137.8,0.0,0.0,0.0,1,138.0,140.6,1,137.8,148.2,0.0,0.0,0.0,0.0,62
2023-05-10 09:39:38,HO2403-P-2700,HO2403-P-2700,137.8,0.0,0.0,0.0,1,138.0,140.6,2,137.8,148.2,0.0,0.0,0.0,0.0,62
2023-05-10 09:39:38,HO2403-P-2700,HO2403-P-2700,137.8,0.0,0.0,0.0,6,137.2,140.2,1,137.8,148.2,0.0,0.0,0.0,0.0,62
2023-05-10 09:39:39,HO2403-P-2700,HO2403-P-2700,137.8,0.0,0.0,0.0,7,137.2,140.2,1,137.8,148.2,0.0,0.0,0.0,0.0,62
2023-05-10 09:39:42,HO2403-P-2700,HO2403-P-2700,137.8,0.0,0.0,0.0,7,137.2,140.6,1,137.8,148.2,0.0,0.0,0.0,0.0,62
2023-05-10 09:39:47,HO2403-P-2700,HO2403-P-2700,137.8,0.0,0.0,0.0,1,138.0,140.6,1,137.8,148.2,0.0,0.0,0.0,0.0,62
2023-05-10 09:39:47,HO2403-P-2700,HO2403-P-2700,137.8,0.0,0.0,0.0,1,138.0,140.8,18,137.8,148.2,0.0,0.0,0.0,0.0,62
2023-05-10 09:39:48,HO2403-P-2700,HO2403-P-2700,137.8,0.0,0.0,0.0,1,138.0,140.8,12,137.8,148.2,0.0,0.0,0.0,0.0,62
2023-05-10 09:39:48,HO2403-P-2700,HO2403-P-2700,137.8,0.0,0.0,0.0,1,138.0,141.0,7,137.8,148.2,0.0,0.0,0.0,0.0,62
2023-05-10 09:39:49,HO2403-P-2700,HO2403-P-2700,137.8,0.0,0.0,0.0,1,138.0,141.0,1,137.8,148.2,0.0,0.0,0.0,0.0,62
2023-05-10 09:39:55,HO2403-P-2700,HO2403-P-2700,137.8,0.0,0.0,0.0,1,138.0,141.0,2,137.8,148.2,0.0,0.0,0.0,0.0,62
2023-05-10 09:39:55,HO2403-P-2700,HO2403-P-2700,137.8,0.0,0.0,0.0,1,138.0,140.6,1,137.8,148.2,0.0,0.0,0.0,0.0,62
2023-05-10 09:39:56,HO2403-P-2700,HO2403-P-2700,137.8,0.0,0.0,0.0,1,138.0,141.2,25,137.8,148.2,0.0,0.0,0.0,0.0,62
2023-05-10 09:39:57,HO2403-P-2700,HO2403-P-2700,137.8,0.0,0.0,0.0,1,138.0,141.2,13,137.8,148.2,0.0,0.0,0.0,0.0,62
2023-05-10 09:39:57,HO2403-P-2700,HO2403-P-2700,137.8,0.0,0.0,0.0,1,138.0,141.2,7,137.8,148.2,0.0,0.0,0.0,0.0,62
2023-05-10 09:39:58,HO2403-P-2700,HO2403-P-2700,137.8,0.0,0.0,0.0,1,138.0,140.8,1,137.8,148.2,0.0,0.0,0.0,0.0,62
2023-05-10 09:40:04,HO2403-P-2700,HO2403-P-2700,137.8,0.0,0.0,0.0,1,138.0,141.2,1,137.8,148.2,0.0,0.0,0.0,0.0,62
2023-05-10 09:40:10,HO2403-P-2700,HO2403-P-2700,137.8,0.0,0.0,0.0,7,137.2,141.2,2,137.8,148.2,0.0,0.0,0.0,0.0,62
2023-05-10 09:40:11,HO2403-P-2700,HO2403-P-2700,137.8,0.0,0.0,0.0,7,137.2,140.4,1,137.8,148.2,0.0,0.0,0.0,0.0,62
2023-05-10 09:40:26,HO2403-P-2700,HO2403-P-2700,137.8,0.0,0.0,0.0,1,138.0,140.8,1,137.8,148.2,0.0,0.0,0.0,0.0,62
2023-05-10 09:40:26,HO2403-P-2700,HO2403-P-2700,137.8,0.0,0.0,0.0,1,138.0,141.4,18,137.8,148.2,0.0,0.0,0.0,0.0,62
2023-05-10 09:40:27,HO2403-P-2700,HO2403-P-2700,137.8,0.0,0.0,0.0,1,138.0,141.0,1,137.8,148.2,0.0,0.0,0.0,0.0,62
2023-05-10 09:40:31,HO2403-P-2700,HO2403-P-2700,137.8,0.0,0.0,0.0,1,138.0,141.4,18,137.8,148.2,0.0,0.0,0.0,0.0,62
2023-05-10 09:40:32,HO2403-P-2700,HO2403-P-2700,137.8,0.0,0.0,0.0,1,138.0,141.4,13,137.8,148.2,0.0,0.0,0.0,0.0,62
2023-05-10 09:40:39,HO2403-P-2700,HO2403-P-2700,137.8,0.0,0.0,0.0,1,138.0,141.0,1,137.8,148.2,0.0,0.0,0.0,0.0,62
2023-05-10 09:41:03,HO2403-P-2700,HO2403-P-2700,137.8,0.0,0.0,0.0,1,138.0,141.4,18,137.8,148.2,0.0,0.0,0.0,0.0,62
2023-05-10 09:41:04,HO2403-P-2700,HO2403-P-2700,137.8,0.0,0.0,0.0,1,138.0,141.4,19,137.8,148.2,0.0,0.0,0.0,0.0,62
2023-05-10 09:41:04,HO2403-P-2700,HO2403-P-2700,137.8,0.0,0.0,0.0,1,138.0,141.4,18,137.8,148.2,0.0,0.0,0.0,0.0,62
2023-05-10 09:41:05,HO2403-P-2700,HO2403-P-2700,137.8,0.0,0.0,0.0,1,138.0,141.4,6,137.8,148.2,0.0,0.0,0.0,0.0,62
2023-05-10 09:41:05,HO2403-P-2700,HO2403-P-2700,137.8,0.0,0.0,0.0,1,138.0,141.6,1,137.8,148.2,0.0,0.0,0.0,0.0,62
2023-05-10 09:41:13,HO2403-P-2700,HO2403-P-2700,137.8,0.0,0.0,0.0,6,138.2,141.6,1,137.8,148.2,0.0,0.0,0.0,0.0,62
2023-05-10 09:41:13,HO2403-P-2700,HO2403-P-2700,137.8,0.0,0.0,0.0,1,138.8,141.6,1,137.8,148.2,0.0,0.0,0.0,0.0,62
2023-05-10 09:41:20,HO2403-P-2700,HO2403-P-2700,137.8,0.0,0.0,0.0,1,138.8,141.8,18,137.8,148.2,0.0,0.0,0.0,0.0,62
2023-05-10 09:41:21,HO2403-P-2700,HO2403-P-2700,137.8,0.0,0.0,0.0,1,138.8,141.8,13,137.8,148.2,0.0,0.0,0.0,0.0,62
2023-05-10 09:41:21,HO2403-P-2700,HO2403-P-2700,137.8,0.0,0.0,0.0,1,138.8,141.8,7,137.8,148.2,0.0,0.0,0.0,0.0,62
2023-05-10 09:41:22,HO2403-P-2700,HO2403-P-2700,137.8,0.0,0.0,0.0,1,138.8,142.2,18,137.8,148.2,0.0,0.0,0.0,0.0,62
2023-05-10 09:41:22,HO2403-P-2700,HO2403-P-2700,137.8,0.0,0.0,0.0,1,138.8,142.2,12,137.8,148.2,0.0,0.0,0.0,0.0,62
2023-05-10 09:41:23,HO2403-P-2700,HO2403-P-2700,137.8,0.0,0.0,0.0,1,138.8,142.0,1,137.8,148.2,0.0,0.0,0.0,0.0,62
2023-05-10 09:41:24,HO2403-P-2700,HO2403-P-2700,137.8,0.0,0.0,0.0,1,138.8,142.0,2,137.8,148.2,0.0,0.0,0.0,0.0,62
2023-05-10 09:41:25,HO2403-P-2700,HO2403-P-2700,137.8,0.0,0.0,0.0,1,138.8,142.0,1,137.8,148.2,0.0,0.0,0.0,0.0,62
2023-05-10 09:41:27,HO2403-P-2700,HO2403-P-2700,137.8,0.0,0.0,0.0,1,138.8,142.0,2,137.8,148.2,0.0,0.0,0.0,0.0,62
2023-05-10 09:41:28,HO2403-P-2700,HO2403-P-2700,137.8,0.0,0.0,0.0,1,138.8,141.6,1,137.8,148.2,0.0,0.0,0.0,0.0,62
2023-05-10 09:41:40,HO2403-P-2700,HO2403-P-2700,137.8,0.0,0.0,0.0,6,138.2,141.6,1,137.8,148.2,0.0,0.0,0.0,0.0,62
2023-05-10 09:41:41,HO2403-P-2700,HO2403-P-2700,137.8,0.0,0.0,0.0,6,138.2,141.6,2,137.8,148.2,0.0,0.0,0.0,0.0,62
2023-05-10 09:41:41,HO2403-P-2700,HO2403-P-2700,137.8,0.0,0.0,0.0,6,138.2,141.0,1,137.8,148.2,0.0,0.0,0.0,0.0,62
2023-05-10 09:41:47,HO2403-P-2700,HO2403-P-2700,137.8,0.0,0.0,0.0,6,138.2,141.4,6,137.8,148.2,0.0,0.0,0.0,0.0,62
2023-05-10 09:41:48,HO2403-P-2700,HO2403-P-2700,137.8,0.0,0.0,0.0,6,138.2,141.6,25,137.8,148.2,0.0,0.0,0.0,0.0,62
2023-05-10 09:41:49,HO2403-P-2700,HO2403-P-2700,137.8,0.0,0.0,0.0,6,138.2,141.6,13,137.8,148.2,0.0,0.0,0.0,0.0,62
2023-05-10 09:41:49,HO2403-P-2700,HO2403-P-2700,137.8,0.0,0.0,0.0,6,138.2,141.6,7,137.8,148.2,0.0,0.0,0.0,0.0,62
2023-05-10 09:41:50,HO2403-P-2700,HO2403-P-2700,137.8,0.0,0.0,0.0,6,138.2,141.6,1,137.8,148.2,0.0,0.0,0.0,0.0,62
2023-05-10 09:41:51,HO2403-P-2700,HO2403-P-2700,137.8,0.0,0.0,0.0,1,138.8,141.6,1,137.8,148.2,0.0,0.0,0.0,0.0,62
2023-05-10 09:41:54,HO2403-P-2700,HO2403-P-2700,137.8,0.0,0.0,0.0,1,138.8,142.2,1,137.8,148.2,0.0,0.0,0.0,0.0,62
2023-05-10 09:42:03,HO2403-P-2700,HO2403-P-2700,137.8,0.0,0.0,0.0,1,138.8,142.6,36,137.8,148.2,0.0,0.0,0.0,0.0,62
2023-05-10 09:42:04,HO2403-P-2700,HO2403-P-2700,137.8,0.0,0.0,0.0,1,138.8,142.6,19,137.8,148.2,0.0,0.0,0.0,0.0,62
2023-05-10 09:42:08,HO2403-P-2700,HO2403-P-2700,137.8,0.0,0.0,0.0,1,138.8,142.2,1,137.8,148.2,0.0,0.0,0.0,0.0,62
2023-05-10 09:42:23,HO2403-P-2700,HO2403-P-2700,137.8,0.0,0.0,0.0,1,138.8,142.6,19,137.8,148.2,0.0,0.0,0.0,0.0,62
2023-05-10 09:42:24,HO2403-P-2700,HO2403-P-2700,137.8,0.0,0.0,0.0,1,138.8,142.6,13,137.8,148.2,0.0,0.0,0.0,0.0,62
2023-05-10 09:42:47,HO2403-P-2700,HO2403-P-2700,137.8,0.0,0.0,0.0,1,138.8,142.2,1,137.8,148.2,0.0,0.0,0.0,0.0,62
2023-05-10 09:42:50,HO2403-P-2700,HO2403-P-2700,137.8,0.0,0.0,0.0,1,138.8,142.6,19,137.8,148.2,0.0,0.0,0.0,0.0,62
2023-05-10 09:42:50,HO2403-P-2700,HO2403-P-2700,137.8,0.0,0.0,0.0,1,138.8,142.6,13,137.8,148.2,0.0,0.0,0.0,0.0,62
2023-05-10 09:43:01,HO2403-P-2700,HO2403-P-2700,137.8,0.0,0.0,0.0,1,138.8,142.6,12,137.8,148.2,0.0,0.0,0.0,0.0,62
2023-05-10 09:43:01,HO2403-P-2700,HO2403-P-2700,137.8,0.0,0.0,0.0,6,139.0,143.0,18,137.8,148.2,0.0,0.0,0.0,0.0,62
2023-05-10 09:43:02,HO2403-P-2700,HO2403-P-2700,137.8,0.0,0.0,0.0,1,140.0,143.0,12,137.8,148.2,0.0,0.0,0.0,0.0,62
2023-05-10 09:43:02,HO2403-P-2700,HO2403-P-2700,137.8,0.0,0.0,0.0,1,140.0,142.8,1,137.8,148.2,0.0,0.0,0.0,0.0,62
2023-05-10 09:43:09,HO2403-P-2700,HO2403-P-2700,137.8,0.0,0.0,0.0,1,140.0,142.8,2,137.8,148.2,0.0,0.0,0.0,0.0,62
2023-05-10 09:43:09,HO2403-P-2700,HO2403-P-2700,137.8,0.0,0.0,0.0,1,140.0,142.4,1,137.8,148.2,0.0,0.0,0.0,0.0,62
2023-05-10 09:43:11,HO2403-P-2700,HO2403-P-2700,137.8,0.0,0.0,0.0,1,139.2,142.4,2,137.8,148.2,0.0,0.0,0.0,0.0,62
2023-05-10 09:43:12,HO2403-P-2700,HO2403-P-2700,137.8,0.0,0.0,0.0,1,139.2,142.0,1,137.8,148.2,0.0,0.0,0.0,0.0,62
2023-05-10 09:43:23,HO2403-P-2700,HO2403-P-2700,137.8,0.0,0.0,0.0,6,139.0,142.0,1,137.8,148.2,0.0,0.0,0.0,0.0,62
2023-05-10 09:43:42,HO2403-P-2700,HO2403-P-2700,137.8,0.0,0.0,0.0,1,139.2,142.0,1,137.8,148.2,0.0,0.0,0.0,0.0,62
2023-05-10 09:43:49,HO2403-P-2700,HO2403-P-2700,137.8,0.0,0.0,0.0,1,139.2,142.4,1,137.8,148.2,0.0,0.0,0.0,0.0,62
2023-05-10 09:44:23,HO2403-P-2700,HO2403-P-2700,137.8,0.0,0.0,0.0,1,139.2,142.6,18,137.8,148.2,0.0,0.0,0.0,0.0,62
2023-05-10 09:44:24,HO2403-P-2700,HO2403-P-2700,137.8,0.0,0.0,0.0,1,139.2,142.6,12,137.8,148.2,0.0,0.0,0.0,0.0,62
2023-05-10 09:44:24,HO2403-P-2700,HO2403-P-2700,137.8,0.0,0.0,0.0,1,139.2,142.8,25,137.8,148.2,0.0,0.0,0.0,0.0,62
2023-05-10 09:44:25,HO2403-P-2700,HO2403-P-2700,137.8,0.0,0.0,0.0,1,139.2,142.8,13,137.8,148.2,0.0,0.0,0.0,0.0,62
2023-05-10 09:44:25,HO2403-P-2700,HO2403-P-2700,137.8,0.0,0.0,0.0,1,139.2,142.8,7,137.8,148.2,0.0,0.0,0.0,0.0,62
2023-05-10 09:44:26,HO2403-P-2700,HO2403-P-2700,137.8,0.0,0.0,0.0,1,139.2,142.8,1,137.8,148.2,0.0,0.0,0.0,0.0,62
2023-05-10 09:44:32,HO2403-P-2700,HO2403-P-2700,137.8,0.0,0.0,0.0,1,139.2,143.4,31,137.8,148.2,0.0,0.0,0.0,0.0,62
2023-05-10 09:44:32,HO2403-P-2700,HO2403-P-2700,137.8,0.0,0.0,0.0,1,139.2,143.4,13,137.8,148.2,0.0,0.0,0.0,0.0,62
2023-05-10 09:44:33,HO2403-P-2700,HO2403-P-2700,137.8,0.0,0.0,0.0,1,139.2,143.4,8,137.8,148.2,0.0,0.0,0.0,0.0,62
2023-05-10 09:44:33,HO2403-P-2700,HO2403-P-2700,137.8,0.0,0.0,0.0,1,139.2,143.4,2,137.8,148.2,0.0,0.0,0.0,0.0,62
2023-05-10 09:44:34,HO2403-P-2700,HO2403-P-2700,137.8,0.0,0.0,0.0,1,139.2,143.2,1,137.8,148.2,0.0,0.0,0.0,0.0,62
2023-05-10 09:44:35,HO2403-P-2700,HO2403-P-2700,137.8,0.0,0.0,0.0,1,139.2,143.2,2,137.8,148.2,0.0,0.0,0.0,0.0,62
2023-05-10 09:44:43,HO2403-P-2700,HO2403-P-2700,137.8,0.0,0.0,0.0,1,139.2,142.8,1,137.8,148.2,0.0,0.0,0.0,0.0,62
2023-05-10 09:45:01,HO2403-P-2700,HO2403-P-2700,137.8,0.0,0.0,0.0,1,139.2,143.2,1,137.8,148.2,0.0,0.0,0.0,0.0,62
2023-05-10 09:45:08,HO2403-P-2700,HO2403-P-2700,137.8,0.0,0.0,0.0,1,139.2,143.4,7,137.8,148.2,0.0,0.0,0.0,0.0,62
2023-05-10 09:45:08,HO2403-P-2700,HO2403-P-2700,137.8,0.0,0.0,0.0,1,139.2,143.4,1,137.8,148.2,0.0,0.0,0.0,0.0,62
2023-05-10 09:45:09,HO2403-P-2700,HO2403-P-2700,137.8,0.0,0.0,0.0,6,139.4,143.4,1,137.8,148.2,0.0,0.0,0.0,0.0,62
2023-05-10 09:45:10,HO2403-P-2700,HO2403-P-2700,137.8,0.0,0.0,0.0,1,140.8,143.4,1,137.8,148.2,0.0,0.0,0.0,0.0,62
2023-05-10 09:45:13,HO2403-P-2700,HO2403-P-2700,137.8,0.0,0.0,0.0,1,140.8,143.2,1,137.8,148.2,0.0,0.0,0.0,0.0,62
2023-05-10 09:45:16,HO2403-P-2700,HO2403-P-2700,137.8,0.0,0.0,0.0,1,140.0,143.2,1,137.8,148.2,0.0,0.0,0.0,0.0,62
2023-05-10 09:45:16,HO2403-P-2700,HO2403-P-2700,137.8,0.0,0.0,0.0,1,140.0,143.2,2,137.8,148.2,0.0,0.0,0.0,0.0,62
2023-05-10 09:45:17,HO2403-P-2700,HO2403-P-2700,137.8,0.0,0.0,0.0,1,140.0,143.2,3,137.8,148.2,0.0,0.0,0.0,0.0,62
2023-05-10 09:45:19,HO2403-P-2700,HO2403-P-2700,137.8,0.0,0.0,0.0,1,140.0,142.4,1,137.8,148.2,0.0,0.0,0.0,0.0,62
2023-05-10 09:45:20,HO2403-P-2700,HO2403-P-2700,137.8,0.0,0.0,0.0,1,140.0,142.4,7,137.8,148.2,0.0,0.0,0.0,0.0,62
2023-05-10 09:45:29,HO2403-P-2700,HO2403-P-2700,137.8,0.0,0.0,0.0,1,140.0,142.4,6,137.8,148.2,0.0,0.0,0.0,0.0,62
2023-05-10 09:45:32,HO2403-P-2700,HO2403-P-2700,137.8,0.0,0.0,0.0,1,140.0,142.4,7,137.8,148.2,0.0,0.0,0.0,0.0,62
2023-05-10 09:45:35,HO2403-P-2700,HO2403-P-2700,137.8,0.0,0.0,0.0,1,140.0,142.4,6,137.8,148.2,0.0,0.0,0.0,0.0,62
2023-05-10 09:45:46,HO2403-P-2700,HO2403-P-2700,137.8,0.0,0.0,0.0,1,140.0,142.4,7,137.8,148.2,0.0,0.0,0.0,0.0,62
2023-05-10 09:45:48,HO2403-P-2700,HO2403-P-2700,137.8,0.0,0.0,0.0,1,140.0,142.4,6,137.8,148.2,0.0,0.0,0.0,0.0,62
2023-05-10 09:45:49,HO2403-P-2700,HO2403-P-2700,137.8,0.0,0.0,0.0,1,140.0,143.0,12,137.8,148.2,0.0,0.0,0.0,0.0,62
2023-05-10 09:45:50,HO2403-P-2700,HO2403-P-2700,137.8,0.0,0.0,0.0,1,140.0,143.2,25,137.8,148.2,0.0,0.0,0.0,0.0,62
2023-05-10 09:45:50,HO2403-P-2700,HO2403-P-2700,137.8,0.0,0.0,0.0,1,140.0,143.2,13,137.8,148.2,0.0,0.0,0.0,0.0,62
2023-05-10 09:45:51,HO2403-P-2700,HO2403-P-2700,137.8,0.0,0.0,0.0,1,140.0,143.2,7,137.8,148.2,0.0,0.0,0.0,0.0,62
2023-05-10 09:45:51,HO2403-P-2700,HO2403-P-2700,137.8,0.0,0.0,0.0,1,140.0,143.2,1,137.8,148.2,0.0,0.0,0.0,0.0,62
2023-05-10 09:46:07,HO2403-P-2700,HO2403-P-2700,137.8,0.0,0.0,0.0,4,140.0,143.2,1,137.8,148.2,0.0,0.0,0.0,0.0,62
2023-05-10 09:46:09,HO2403-P-2700,HO2403-P-2700,137.8,0.0,0.0,0.0,1,140.8,143.2,1,137.8,148.2,0.0,0.0,0.0,0.0,62
2023-05-10 09:46:25,HO2403-P-2700,HO2403-P-2700,137.8,0.0,0.0,0.0,6,140.4,143.2,1,137.8,148.2,0.0,0.0,0.0,0.0,62
2023-05-10 09:46:26,HO2403-P-2700,HO2403-P-2700,137.8,0.0,0.0,0.0,13,140.0,143.2,1,137.8,148.2,0.0,0.0,0.0,0.0,62
2023-05-10 09:46:27,HO2403-P-2700,HO2403-P-2700,137.8,0.0,0.0,0.0,7,140.0,143.2,1,137.8,148.2,0.0,0.0,0.0,0.0,62
2023-05-10 09:46:27,HO2403-P-2700,HO2403-P-2700,137.8,0.0,0.0,0.0,1,140.0,143.2,1,137.8,148.2,0.0,0.0,0.0,0.0,62
2023-05-10 09:46:28,HO2403-P-2700,HO2403-P-2700,137.8,0.0,0.0,0.0,7,140.0,143.2,1,137.8,148.2,0.0,0.0,0.0,0.0,62
2023-05-10 09:47:01,HO2403-P-2700,HO2403-P-2700,137.8,0.0,0.0,0.0,1,140.8,143.2,1,137.8,148.2,0.0,0.0,0.0,0.0,62
2023-05-10 09:47:02,HO2403-P-2700,HO2403-P-2700,137.8,0.0,0.0,0.0,1,140.8,143.6,24,137.8,148.2,0.0,0.0,0.0,0.0,62
2023-05-10 09:47:02,HO2403-P-2700,HO2403-P-2700,137.8,0.0,0.0,0.0,1,140.8,143.6,12,137.8,148.2,0.0,0.0,0.0,0.0,62
2023-05-10 09:47:03,HO2403-P-2700,HO2403-P-2700,137.8,0.0,0.0,0.0,1,140.8,143.6,6,137.8,148.2,0.0,0.0,0.0,0.0,62
2023-05-10 09:47:04,HO2403-P-2700,HO2403-P-2700,137.8,0.0,0.0,0.0,1,140.8,143.4,1,137.8,148.2,0.0,0.0,0.0,0.0,62
2023-05-10 09:47:51,HO2403-P-2700,HO2403-P-2700,137.8,0.0,0.0,0.0,7,140.0,143.4,1,137.8,148.2,0.0,0.0,0.0,0.0,62
2023-05-10 09:48:11,HO2403-P-2700,HO2403-P-2700,137.8,0.0,0.0,0.0,6,140.0,143.4,1,137.8,148.2,0.0,0.0,0.0,0.0,62
2023-05-10 09:48:17,HO2403-P-2700,HO2403-P-2700,137.8,0.0,0.0,0.0,1,140.4,143.4,1,137.8,148.2,0.0,0.0,0.0,0.0,62
2023-05-10 09:48:49,HO2403-P-2700,HO2403-P-2700,137.8,0.0,0.0,0.0,1,140.4,143.6,7,137.8,148.2,0.0,0.0,0.0,0.0,62
2023-05-10 09:48:49,HO2403-P-2700,HO2403-P-2700,137.8,0.0,0.0,0.0,4,140.4,143.6,7,137.8,148.2,0.0,0.0,0.0,0.0,62
2023-05-10 09:48:50,HO2403-P-2700,HO2403-P-2700,137.8,0.0,0.0,0.0,1,140.4,143.6,7,137.8,148.2,0.0,0.0,0.0,0.0,62
2023-05-10 09:48:53,HO2403-P-2700,HO2403-P-2700,137.8,0.0,0.0,0.0,4,140.4,143.6,6,137.8,148.2,0.0,0.0,0.0,0.0,62
2023-05-10 09:48:53,HO2403-P-2700,HO2403-P-2700,137.8,0.0,0.0,0.0,1,141.4,143.6,6,137.8,148.2,0.0,0.0,0.0,0.0,62
2023-05-10 09:49:00,HO2403-P-2700,HO2403-P-2700,137.8,0.0,0.0,0.0,1,141.4,143.8,12,137.8,148.2,0.0,0.0,0.0,0.0,62
2023-05-10 09:49:01,HO2403-P-2700,HO2403-P-2700,137.8,0.0,0.0,0.0,1,141.4,144.0,18,137.8,148.2,0.0,0.0,0.0,0.0,62
2023-05-10 09:49:01,HO2403-P-2700,HO2403-P-2700,137.8,0.0,0.0,0.0,1,141.4,144.0,6,137.8,148.2,0.0,0.0,0.0,0.0,62
2023-05-10 09:49:02,HO2403-P-2700,HO2403-P-2700,137.8,0.0,0.0,0.0,1,141.4,144.4,13,137.8,148.2,0.0,0.0,0.0,0.0,62
2023-05-10 09:49:02,HO2403-P-2700,HO2403-P-2700,137.8,0.0,0.0,0.0,1,141.4,144.4,7,137.8,148.2,0.0,0.0,0.0,0.0,62
2023-05-10 09:49:03,HO2403-P-2700,HO2403-P-2700,137.8,0.0,0.0,0.0,1,141.4,144.4,1,137.8,148.2,0.0,0.0,0.0,0.0,62
2023-05-10 09:50:04,HO2403-P-2700,HO2403-P-2700,137.8,0.0,0.0,0.0,1,141.4,144.6,21,137.8,148.2,0.0,0.0,0.0,0.0,62
2023-05-10 09:50:05,HO2403-P-2700,HO2403-P-2700,137.8,0.0,0.0,0.0,1,141.4,144.6,15,137.8,148.2,0.0,0.0,0.0,0.0,62
2023-05-10 09:50:05,HO2403-P-2700,HO2403-P-2700,137.8,0.0,0.0,0.0,1,141.4,144.6,9,137.8,148.2,0.0,0.0,0.0,0.0,62
2023-05-10 09:50:06,HO2403-P-2700,HO2403-P-2700,137.8,0.0,0.0,0.0,1,141.4,144.6,3,137.8,148.2,0.0,0.0,0.0,0.0,62
2023-05-10 09:50:10,HO2403-P-2700,HO2403-P-2700,137.8,0.0,0.0,0.0,1,141.4,144.4,1,137.8,148.2,0.0,0.0,0.0,0.0,62
2023-05-10 09:50:15,HO2403-P-2700,HO2403-P-2700,137.8,0.0,0.0,0.0,1,141.4,144.2,1,137.8,148.2,0.0,0.0,0.0,0.0,62
2023-05-10 09:50:16,HO2403-P-2700,HO2403-P-2700,137.8,0.0,0.0,0.0,1,141.4,144.4,1,137.8,148.2,0.0,0.0,0.0,0.0,62
2023-05-10 09:50:18,HO2403-P-2700,HO2403-P-2700,137.8,0.0,0.0,0.0,18,140.8,144.4,1,137.8,148.2,0.0,0.0,0.0,0.0,62
2023-05-10 09:50:19,HO2403-P-2700,HO2403-P-2700,137.8,0.0,0.0,0.0,6,140.8,144.2,1,137.8,148.2,0.0,0.0,0.0,0.0,62
2023-05-10 09:50:20,HO2403-P-2700,HO2403-P-2700,137.8,0.0,0.0,0.0,6,140.8,143.2,1,137.8,148.2,0.0,0.0,0.0,0.0,62
2023-05-10 09:50:24,HO2403-P-2700,HO2403-P-2700,137.8,0.0,0.0,0.0,30,140.4,143.2,1,137.8,148.2,0.0,0.0,0.0,0.0,62
2023-05-10 09:50:24,HO2403-P-2700,HO2403-P-2700,137.8,0.0,0.0,0.0,6,140.4,143.2,1,137.8,148.2,0.0,0.0,0.0,0.0,62
2023-05-10 09:50:25,HO2403-P-2700,HO2403-P-2700,137.8,0.0,0.0,0.0,6,140.2,143.2,1,137.8,148.2,0.0,0.0,0.0,0.0,62
2023-05-10 09:50:33,HO2403-P-2700,HO2403-P-2700,137.8,0.0,0.0,0.0,6,140.0,143.2,1,137.8,148.2,0.0,0.0,0.0,0.0,62
2023-05-10 09:50:34,HO2403-P-2700,HO2403-P-2700,137.8,0.0,0.0,0.0,3,140.2,143.2,1,137.8,148.2,0.0,0.0,0.0,0.0,62
2023-05-10 09:50:34,HO2403-P-2700,HO2403-P-2700,137.8,0.0,0.0,0.0,6,140.4,143.2,1,137.8,148.2,0.0,0.0,0.0,0.0,62
2023-05-10 09:50:37,HO2403-P-2700,HO2403-P-2700,137.8,0.0,0.0,0.0,7,140.4,143.2,1,137.8,148.2,0.0,0.0,0.0,0.0,62
2023-05-10 09:50:48,HO2403-P-2700,HO2403-P-2700,137.8,0.0,0.0,0.0,7,140.4,143.6,1,137.8,148.2,0.0,0.0,0.0,0.0,62
2023-05-10 09:51:02,HO2403-P-2700,HO2403-P-2700,137.8,0.0,0.0,0.0,7,140.4,143.8,6,137.8,148.2,0.0,0.0,0.0,0.0,62
2023-05-10 09:51:02,HO2403-P-2700,HO2403-P-2700,137.8,0.0,0.0,0.0,3,140.6,144.0,1,137.8,148.2,0.0,0.0,0.0,0.0,62
2023-05-10 09:51:03,HO2403-P-2700,HO2403-P-2700,137.8,0.0,0.0,0.0,22,140.4,144.0,1,137.8,148.2,0.0,0.0,0.0,0.0,62
2023-05-10 09:51:06,HO2403-P-2700,HO2403-P-2700,137.8,0.0,0.0,0.0,1,141.2,144.0,1,137.8,148.2,0.0,0.0,0.0,0.0,62
2023-05-10 09:51:13,HO2403-P-2700,HO2403-P-2700,137.8,0.0,0.0,0.0,22,140.4,144.0,1,137.8,148.2,0.0,0.0,0.0,0.0,62
2023-05-10 09:51:14,HO2403-P-2700,HO2403-P-2700,137.8,0.0,0.0,0.0,16,140.4,144.0,1,137.8,148.2,0.0,0.0,0.0,0.0,62
2023-05-10 09:51:14,HO2403-P-2700,HO2403-P-2700,137.8,0.0,0.0,0.0,13,140.4,144.0,1,137.8,148.2,0.0,0.0,0.0,0.0,62
2023-05-10 09:51:16,HO2403-P-2700,HO2403-P-2700,137.8,0.0,0.0,0.0,13,140.4,144.0,2,137.8,148.2,0.0,0.0,0.0,0.0,62
2023-05-10 09:51:17,HO2403-P-2700,HO2403-P-2700,137.8,0.0,0.0,0.0,13,140.4,144.0,1,137.8,148.2,0.0,0.0,0.0,0.0,62
2023-05-10 09:51:25,HO2403-P-2700,HO2403-P-2700,137.8,0.0,0.0,0.0,3,140.6,144.0,1,137.8,148.2,0.0,0.0,0.0,0.0,62
2023-05-10 09:51:25,HO2403-P-2700,HO2403-P-2700,137.8,0.0,0.0,0.0,1,141.2,144.0,1,137.8,148.2,0.0,0.0,0.0,0.0,62
2023-05-10 09:51:32,HO2403-P-2700,HO2403-P-2700,137.8,0.0,0.0,0.0,6,141.4,144.0,1,137.8,148.2,0.0,0.0,0.0,0.0,62
2023-05-10 09:52:01,HO2403-P-2700,HO2403-P-2700,137.8,0.0,0.0,0.0,6,141.4,144.4,1,137.8,148.2,0.0,0.0,0.0,0.0,62
2023-05-10 09:52:02,HO2403-P-2700,HO2403-P-2700,137.8,0.0,0.0,0.0,9,141.4,144.4,1,137.8,148.2,0.0,0.0,0.0,0.0,62
2023-05-10 09:52:02,HO2403-P-2700,HO2403-P-2700,137.8,0.0,0.0,0.0,6,141.4,144.4,1,137.8,148.2,0.0,0.0,0.0,0.0,62
2023-05-10 09:52:06,HO2403-P-2700,HO2403-P-2700,137.8,0.0,0.0,0.0,6,141.4,144.8,18,137.8,148.2,0.0,0.0,0.0,0.0,62
2023-05-10 09:52:06,HO2403-P-2700,HO2403-P-2700,137.8,0.0,0.0,0.0,6,141.4,144.6,1,137.8,148.2,0.0,0.0,0.0,0.0,62
2023-05-10 09:52:07,HO2403-P-2700,HO2403-P-2700,137.8,0.0,0.0,0.0,1,142.0,144.6,1,137.8,148.2,0.0,0.0,0.0,0.0,62
2023-05-10 09:52:17,HO2403-P-2700,HO2403-P-2700,137.8,0.0,0.0,0.0,1,142.0,144.8,12,137.8,148.2,0.0,0.0,0.0,0.0,62
2023-05-10 09:52:18,HO2403-P-2700,HO2403-P-2700,137.8,0.0,0.0,0.0,1,142.0,144.8,6,137.8,148.2,0.0,0.0,0.0,0.0,62
2023-05-10 09:52:19,HO2403-P-2700,HO2403-P-2700,137.8,0.0,0.0,0.0,1,142.0,145.0,13,137.8,148.2,0.0,0.0,0.0,0.0,62
2023-05-10 09:52:19,HO2403-P-2700,HO2403-P-2700,137.8,0.0,0.0,0.0,1,142.0,145.0,7,137.8,148.2,0.0,0.0,0.0,0.0,62
2023-05-10 09:52:20,HO2403-P-2700,HO2403-P-2700,137.8,0.0,0.0,0.0,1,142.0,145.0,1,137.8,148.2,0.0,0.0,0.0,0.0,62
2023-05-10 09:52:24,HO2403-P-2700,HO2403-P-2700,137.8,0.0,0.0,0.0,1,142.0,145.4,19,137.8,148.2,0.0,0.0,0.0,0.0,62
2023-05-10 09:52:24,HO2403-P-2700,HO2403-P-2700,137.8,0.0,0.0,0.0,1,142.0,145.4,13,137.8,148.2,0.0,0.0,0.0,0.0,62
2023-05-10 09:52:25,HO2403-P-2700,HO2403-P-2700,137.8,0.0,0.0,0.0,1,142.0,145.4,7,137.8,148.2,0.0,0.0,0.0,0.0,62
2023-05-10 09:52:25,HO2403-P-2700,HO2403-P-2700,137.8,0.0,0.0,0.0,1,142.0,145.4,1,137.8,148.2,0.0,0.0,0.0,0.0,62
2023-05-10 09:52:36,HO2403-P-2700,HO2403-P-2700,137.8,0.0,0.0,0.0,1,142.0,145.4,2,137.8,148.2,0.0,0.0,0.0,0.0,62
2023-05-10 09:52:37,HO2403-P-2700,HO2403-P-2700,137.8,0.0,0.0,0.0,1,142.0,145.0,1,137.8,148.2,0.0,0.0,0.0,0.0,62
2023-05-10 09:52:40,HO2403-P-2700,HO2403-P-2700,137.8,0.0,0.0,0.0,1,142.0,145.0,2,137.8,148.2,0.0,0.0,0.0,0.0,62
2023-05-10 09:52:40,HO2403-P-2700,HO2403-P-2700,137.8,0.0,0.0,0.0,1,142.0,144.6,1,137.8,148.2,0.0,0.0,0.0,0.0,62
2023-05-10 09:52:47,HO2403-P-2700,HO2403-P-2700,137.8,0.0,0.0,0.0,1,142.0,145.0,1,137.8,148.2,0.0,0.0,0.0,0.0,62
2023-05-10 09:52:53,HO2403-P-2700,HO2403-P-2700,137.8,0.0,0.0,0.0,1,142.0,145.4,1,137.8,148.2,0.0,0.0,0.0,0.0,62
2023-05-10 09:53:03,HO2403-P-2700,HO2403-P-2700,137.8,0.0,0.0,0.0,1,142.0,145.6,18,137.8,148.2,0.0,0.0,0.0,0.0,62
2023-05-10 09:53:04,HO2403-P-2700,HO2403-P-2700,137.8,0.0,0.0,0.0,1,142.0,145.6,12,137.8,148.2,0.0,0.0,0.0,0.0,62
2023-05-10 09:53:04,HO2403-P-2700,HO2403-P-2700,137.8,0.0,0.0,0.0,1,142.0,145.8,20,137.8,148.2,0.0,0.0,0.0,0.0,62
2023-05-10 09:53:05,HO2403-P-2700,HO2403-P-2700,137.8,0.0,0.0,0.0,1,142.0,145.8,8,137.8,148.2,0.0,0.0,0.0,0.0,62
2023-05-10 09:53:05,HO2403-P-2700,HO2403-P-2700,137.8,0.0,0.0,0.0,1,142.0,145.8,2,137.8,148.2,0.0,0.0,0.0,0.0,62
2023-05-10 09:53:06,HO2403-P-2700,HO2403-P-2700,137.8,0.0,0.0,0.0,1,142.0,145.8,1,137.8,148.2,0.0,0.0,0.0,0.0,62
2023-05-10 09:53:07,HO2403-P-2700,HO2403-P-2700,137.8,0.0,0.0,0.0,4,142.0,145.8,1,137.8,148.2,0.0,0.0,0.0,0.0,62
2023-05-10 09:53:07,HO2403-P-2700,HO2403-P-2700,137.8,0.0,0.0,0.0,1,143.0,145.8,1,137.8,148.2,0.0,0.0,0.0,0.0,62
2023-05-10 09:53:14,HO2403-P-2700,HO2403-P-2700,137.8,0.0,0.0,0.0,3,142.0,145.8,1,137.8,148.2,0.0,0.0,0.0,0.0,62
2023-05-10 09:53:15,HO2403-P-2700,HO2403-P-2700,137.8,0.0,0.0,0.0,3,142.0,145.6,1,137.8,148.2,0.0,0.0,0.0,0.0,62
2023-05-10 09:53:15,HO2403-P-2700,HO2403-P-2700,137.8,0.0,0.0,0.0,27,141.8,145.0,1,137.8,148.2,0.0,0.0,0.0,0.0,62
2023-05-10 09:53:16,HO2403-P-2700,HO2403-P-2700,137.8,0.0,0.0,0.0,1,142.2,145.0,1,137.8,148.2,0.0,0.0,0.0,0.0,62
2023-05-10 09:53:30,HO2403-P-2700,HO2403-P-2700,137.8,0.0,0.0,0.0,1,142.2,145.4,1,137.8,148.2,0.0,0.0,0.0,0.0,62
2023-05-10 09:54:05,HO2403-P-2700,HO2403-P-2700,137.8,0.0,0.0,0.0,6,142.4,145.4,1,137.8,148.2,0.0,0.0,0.0,0.0,62
2023-05-10 09:54:25,HO2403-P-2700,HO2403-P-2700,137.8,0.0,0.0,0.0,1,143.0,145.4,1,137.8,148.2,0.0,0.0,0.0,0.0,62
2023-05-10 09:54:26,HO2403-P-2700,HO2403-P-2700,137.8,0.0,0.0,0.0,1,143.0,145.8,1,137.8,148.2,0.0,0.0,0.0,0.0,62
2023-05-10 09:55:02,HO2403-P-2700,HO2403-P-2700,137.8,0.0,0.0,0.0,1,143.0,146.0,12,137.8,148.2,0.0,0.0,0.0,0.0,62
2023-05-10 09:55:03,HO2403-P-2700,HO2403-P-2700,137.8,0.0,0.0,0.0,1,143.0,146.0,6,137.8,148.2,0.0,0.0,0.0,0.0,62
2023-05-10 09:55:06,HO2403-P-2700,HO2403-P-2700,137.8,0.0,0.0,0.0,1,143.0,146.2,12,137.8,148.2,0.0,0.0,0.0,0.0,62
2023-05-10 09:55:07,HO2403-P-2700,HO2403-P-2700,137.8,0.0,0.0,0.0,1,143.0,146.4,12,137.8,148.2,0.0,0.0,0.0,0.0,62
2023-05-10 09:55:07,HO2403-P-2700,HO2403-P-2700,137.8,0.0,0.0,0.0,6,143.2,146.6,25,137.8,148.2,0.0,0.0,0.0,0.0,62
2023-05-10 09:55:08,HO2403-P-2700,HO2403-P-2700,137.8,0.0,0.0,0.0,1,143.8,146.6,7,137.8,148.2,0.0,0.0,0.0,0.0,62
2023-05-10 09:55:08,HO2403-P-2700,HO2403-P-2700,137.8,0.0,0.0,0.0,1,143.8,146.6,1,137.8,148.2,0.0,0.0,0.0,0.0,62
2023-05-10 09:55:47,HO2403-P-2700,HO2403-P-2700,137.8,0.0,0.0,0.0,1,143.8,147.0,1,137.8,148.2,0.0,0.0,0.0,0.0,62
2023-05-10 09:56:06,HO2403-P-2700,HO2403-P-2700,137.8,0.0,0.0,0.0,1,143.8,147.0,2,137.8,148.2,0.0,0.0,0.0,0.0,62
2023-05-10 09:56:06,HO2403-P-2700,HO2403-P-2700,137.8,0.0,0.0,0.0,1,143.8,146.2,1,137.8,148.2,0.0,0.0,0.0,0.0,62
2023-05-10 09:56:41,HO2403-P-2700,HO2403-P-2700,137.8,0.0,0.0,0.0,6,143.2,146.2,1,137.8,148.2,0.0,0.0,0.0,0.0,62
2023-05-10 09:56:50,HO2403-P-2700,HO2403-P-2700,137.8,0.0,0.0,0.0,9,143.2,146.2,1,137.8,148.2,0.0,0.0,0.0,0.0,62
2023-05-10 09:56:51,HO2403-P-2700,HO2403-P-2700,137.8,0.0,0.0,0.0,6,143.2,146.2,1,137.8,148.2,0.0,0.0,0.0,0.0,62
2023-05-10 09:56:59,HO2403-P-2700,HO2403-P-2700,137.8,0.0,0.0,0.0,9,143.2,146.2,1,137.8,148.2,0.0,0.0,0.0,0.0,62
2023-05-10 09:57:02,HO2403-P-2700,HO2403-P-2700,137.8,0.0,0.0,0.0,6,143.2,146.2,1,137.8,148.2,0.0,0.0,0.0,0.0,62
2023-05-10 09:57:13,HO2403-P-2700,HO2403-P-2700,137.8,0.0,0.0,0.0,9,143.2,146.2,1,137.8,148.2,0.0,0.0,0.0,0.0,62
2023-05-10 09:57:15,HO2403-P-2700,HO2403-P-2700,137.8,0.0,0.0,0.0,6,143.2,146.2,1,137.8,148.2,0.0,0.0,0.0,0.0,62
2023-05-10 09:57:28,HO2403-P-2700,HO2403-P-2700,137.8,0.0,0.0,0.0,9,143.2,146.2,1,137.8,148.2,0.0,0.0,0.0,0.0,62
2023-05-10 09:57:31,HO2403-P-2700,HO2403-P-2700,137.8,0.0,0.0,0.0,6,143.2,146.2,1,137.8,148.2,0.0,0.0,0.0,0.0,62
2023-05-10 09:59:00,HO2403-P-2700,HO2403-P-2700,137.8,0.0,0.0,0.0,9,143.2,146.2,1,137.8,148.2,0.0,0.0,0.0,0.0,62
2023-05-10 09:59:21,HO2403-P-2700,HO2403-P-2700,137.8,0.0,0.0,0.0,1,143.8,146.2,1,137.8,148.2,0.0,0.0,0.0,0.0,62
2023-05-10 09:59:21,HO2403-P-2700,HO2403-P-2700,137.8,0.0,0.0,0.0,1,143.8,146.6,1,137.8,148.2,0.0,0.0,0.0,0.0,62
2023-05-10 09:59:22,HO2403-P-2700,HO2403-P-2700,137.8,0.0,0.0,0.0,6,144.0,146.6,1,137.8,148.2,0.0,0.0,0.0,0.0,62
2023-05-10 09:59:32,HO2403-P-2700,HO2403-P-2700,137.8,0.0,0.0,0.0,6,143.4,146.6,1,137.8,148.2,0.0,0.0,0.0,0.0,62
2023-05-10 09:59:34,HO2403-P-2700,HO2403-P-2700,137.8,0.0,0.0,0.0,6,143.4,146.6,2,137.8,148.2,0.0,0.0,0.0,0.0,62
2023-05-10 09:59:34,HO2403-P-2700,HO2403-P-2700,137.8,0.0,0.0,0.0,6,143.4,145.4,1,137.8,148.2,0.0,0.0,0.0,0.0,62
2023-05-10 10:00:07,HO2403-P-2700,HO2403-P-2700,137.8,0.0,0.0,0.0,6,143.4,146.0,7,137.8,148.2,0.0,0.0,0.0,0.0,62
2023-05-10 10:00:08,HO2403-P-2700,HO2403-P-2700,137.8,0.0,0.0,0.0,6,143.4,145.4,1,137.8,148.2,0.0,0.0,0.0,0.0,62
2023-05-10 10:00:12,HO2403-P-2700,HO2403-P-2700,137.8,0.0,0.0,0.0,6,143.0,145.4,1,137.8,148.2,0.0,0.0,0.0,0.0,62
2023-05-10 10:03:09,HO2403-P-2700,HO2403-P-2700,137.8,0.0,0.0,0.0,6,142.8,145.4,1,137.8,148.2,0.0,0.0,0.0,0.0,62
2023-05-10 10:03:10,HO2403-P-2700,HO2403-P-2700,137.8,0.0,0.0,0.0,12,142.4,145.4,1,137.8,148.2,0.0,0.0,0.0,0.0,62
2023-05-10 10:03:10,HO2403-P-2700,HO2403-P-2700,137.8,0.0,0.0,0.0,12,142.2,145.4,1,137.8,148.2,0.0,0.0,0.0,0.0,62
2023-05-10 10:03:11,HO2403-P-2700,HO2403-P-2700,137.8,0.0,0.0,0.0,12,142.0,145.4,1,137.8,148.2,0.0,0.0,0.0,0.0,62
2023-05-10 10:03:11,HO2403-P-2700,HO2403-P-2700,137.8,0.0,0.0,0.0,6,142.0,145.4,1,137.8,148.2,0.0,0.0,0.0,0.0,62
2023-05-10 10:03:36,HO2403-P-2700,HO2403-P-2700,137.8,0.0,0.0,0.0,21,141.8,145.4,1,137.8,148.2,0.0,0.0,0.0,0.0,62
2023-05-10 10:03:37,HO2403-P-2700,HO2403-P-2700,137.8,0.0,0.0,0.0,9,141.8,145.4,1,137.8,148.2,0.0,0.0,0.0,0.0,62
2023-05-10 10:03:37,HO2403-P-2700,HO2403-P-2700,137.8,0.0,0.0,0.0,3,141.8,145.4,1,137.8,148.2,0.0,0.0,0.0,0.0,62
2023-05-10 10:03:50,HO2403-P-2700,HO2403-P-2700,137.8,0.0,0.0,0.0,21,141.6,145.4,1,137.8,148.2,0.0,0.0,0.0,0.0,62
2023-05-10 10:03:50,HO2403-P-2700,HO2403-P-2700,137.8,0.0,0.0,0.0,9,141.6,145.4,1,137.8,148.2,0.0,0.0,0.0,0.0,62
2023-05-10 10:04:50,HO2403-P-2700,HO2403-P-2700,137.8,0.0,0.0,0.0,1,141.8,145.4,1,137.8,148.2,0.0,0.0,0.0,0.0,62
2023-05-10 10:05:09,HO2403-P-2700,HO2403-P-2700,137.8,0.0,0.0,0.0,4,141.8,145.4,1,137.8,148.2,0.0,0.0,0.0,0.0,62
2023-05-10 10:05:19,HO2403-P-2700,HO2403-P-2700,137.8,0.0,0.0,0.0,1,141.8,145.4,1,137.8,148.2,0.0,0.0,0.0,0.0,62
2023-05-10 10:05:28,HO2403-P-2700,HO2403-P-2700,137.8,0.0,0.0,0.0,1,141.8,145.4,2,137.8,148.2,0.0,0.0,0.0,0.0,62
2023-05-10 10:05:28,HO2403-P-2700,HO2403-P-2700,137.8,0.0,0.0,0.0,1,141.8,144.2,1,137.8,148.2,0.0,0.0,0.0,0.0,62
2023-05-10 10:05:32,HO2403-P-2700,HO2403-P-2700,137.8,0.0,0.0,0.0,6,141.6,144.2,1,137.8,148.2,0.0,0.0,0.0,0.0,62
2023-05-10 10:05:46,HO2403-P-2700,HO2403-P-2700,137.8,0.0,0.0,0.0,6,141.2,144.2,1,137.8,148.2,0.0,0.0,0.0,0.0,62
2023-05-10 10:06:39,HO2403-P-2700,HO2403-P-2700,137.8,0.0,0.0,0.0,19,141.0,144.2,1,137.8,148.2,0.0,0.0,0.0,0.0,62
2023-05-10 10:06:39,HO2403-P-2700,HO2403-P-2700,137.8,0.0,0.0,0.0,7,141.0,144.2,1,137.8,148.2,0.0,0.0,0.0,0.0,62
2023-05-10 10:06:40,HO2403-P-2700,HO2403-P-2700,137.8,0.0,0.0,0.0,1,141.0,144.2,1,137.8,148.2,0.0,0.0,0.0,0.0,62
2023-05-10 10:07:00,HO2403-P-2700,HO2403-P-2700,137.8,0.0,0.0,0.0,18,140.6,144.2,1,137.8,148.2,0.0,0.0,0.0,0.0,62
2023-05-10 10:07:00,HO2403-P-2700,HO2403-P-2700,137.8,0.0,0.0,0.0,6,140.6,144.2,1,137.8,148.2,0.0,0.0,0.0,0.0,62
2023-05-10 10:07:01,HO2403-P-2700,HO2403-P-2700,137.8,0.0,0.0,0.0,24,140.4,144.2,1,137.8,148.2,0.0,0.0,0.0,0.0,62
2023-05-10 10:07:01,HO2403-P-2700,HO2403-P-2700,137.8,0.0,0.0,0.0,12,140.4,144.2,1,137.8,148.2,0.0,0.0,0.0,0.0,62
2023-05-10 10:07:02,HO2403-P-2700,HO2403-P-2700,137.8,0.0,0.0,0.0,6,140.4,144.2,1,137.8,148.2,0.0,0.0,0.0,0.0,62
2023-05-10 10:07:07,HO2403-P-2700,HO2403-P-2700,137.8,0.0,0.0,0.0,9,140.4,144.2,1,137.8,148.2,0.0,0.0,0.0,0.0,62
2023-05-10 10:07:16,HO2403-P-2700,HO2403-P-2700,137.8,0.0,0.0,0.0,1,141.0,144.2,1,137.8,148.2,0.0,0.0,0.0,0.0,62
2023-05-10 10:07:41,HO2403-P-2700,HO2403-P-2700,137.8,0.0,0.0,0.0,1,141.0,144.6,1,137.8,148.2,0.0,0.0,0.0,0.0,62
2023-05-10 10:07:55,HO2403-P-2700,HO2403-P-2700,137.8,0.0,0.0,0.0,1,141.0,144.8,7,137.8,148.2,0.0,0.0,0.0,0.0,62
2023-05-10 10:07:57,HO2403-P-2700,HO2403-P-2700,137.8,0.0,0.0,0.0,4,141.0,144.8,7,137.8,148.2,0.0,0.0,0.0,0.0,62
2023-05-10 10:07:57,HO2403-P-2700,HO2403-P-2700,137.8,0.0,0.0,0.0,1,142.4,144.8,7,137.8,148.2,0.0,0.0,0.0,0.0,62
2023-05-10 10:07:58,HO2403-P-2700,HO2403-P-2700,137.8,0.0,0.0,0.0,1,142.4,144.8,1,137.8,148.2,0.0,0.0,0.0,0.0,62
2023-05-10 10:08:05,HO2403-P-2700,HO2403-P-2700,137.8,0.0,0.0,0.0,1,142.4,145.0,12,137.8,148.2,0.0,0.0,0.0,0.0,62
2023-05-10 10:08:05,HO2403-P-2700,HO2403-P-2700,137.8,0.0,0.0,0.0,1,142.4,145.2,12,137.8,148.2,0.0,0.0,0.0,0.0,62
2023-05-10 10:08:06,HO2403-P-2700,HO2403-P-2700,137.8,0.0,0.0,0.0,1,142.4,145.4,20,137.8,148.2,0.0,0.0,0.0,0.0,62
2023-05-10 10:08:06,HO2403-P-2700,HO2403-P-2700,137.8,0.0,0.0,0.0,1,142.4,145.4,9,137.8,148.2,0.0,0.0,0.0,0.0,62
2023-05-10 10:08:07,HO2403-P-2700,HO2403-P-2700,137.8,0.0,0.0,0.0,1,142.4,145.4,3,137.8,148.2,0.0,0.0,0.0,0.0,62
2023-05-10 10:08:15,HO2403-P-2700,HO2403-P-2700,137.8,0.0,0.0,0.0,1,142.4,145.2,1,137.8,148.2,0.0,0.0,0.0,0.0,62
2023-05-10 10:08:27,HO2403-P-2700,HO2403-P-2700,137.8,0.0,0.0,0.0,1,142.4,145.8,2,137.8,148.2,0.0,0.0,0.0,0.0,62
2023-05-10 10:08:27,HO2403-P-2700,HO2403-P-2700,137.8,0.0,0.0,0.0,1,142.4,145.6,1,137.8,148.2,0.0,0.0,0.0,0.0,62
2023-05-10 10:08:28,HO2403-P-2700,HO2403-P-2700,137.8,0.0,0.0,0.0,1,142.4,145.8,2,137.8,148.2,0.0,0.0,0.0,0.0,62
2023-05-10 10:08:28,HO2403-P-2700,HO2403-P-2700,137.8,0.0,0.0,0.0,1,142.4,145.8,3,137.8,148.2,0.0,0.0,0.0,0.0,62
2023-05-10 10:08:35,HO2403-P-2700,HO2403-P-2700,137.8,0.0,0.0,0.0,1,142.4,145.8,2,137.8,148.2,0.0,0.0,0.0,0.0,62
2023-05-10 10:08:42,HO2403-P-2700,HO2403-P-2700,137.8,0.0,0.0,0.0,1,142.4,145.8,1,137.8,148.2,0.0,0.0,0.0,0.0,62
2023-05-10 10:08:45,HO2403-P-2700,HO2403-P-2700,137.8,0.0,0.0,0.0,1,142.4,145.8,2,137.8,148.2,0.0,0.0,0.0,0.0,62
2023-05-10 10:08:45,HO2403-P-2700,HO2403-P-2700,137.8,0.0,0.0,0.0,1,142.4,145.2,1,137.8,148.2,0.0,0.0,0.0,0.0,62
2023-05-10 10:09:17,HO2403-P-2700,HO2403-P-2700,137.8,0.0,0.0,0.0,1,142.4,145.2,2,137.8,148.2,0.0,0.0,0.0,0.0,62
2023-05-10 10:09:32,HO2403-P-2700,HO2403-P-2700,137.8,0.0,0.0,0.0,1,142.4,145.2,1,137.8,148.2,0.0,0.0,0.0,0.0,62
2023-05-10 10:09:57,HO2403-P-2700,HO2403-P-2700,137.8,0.0,0.0,0.0,1,142.4,145.6,1,137.8,148.2,0.0,0.0,0.0,0.0,62
2023-05-10 10:10:05,HO2403-P-2700,HO2403-P-2700,137.8,0.0,0.0,0.0,1,142.4,145.8,1,137.8,148.2,0.0,0.0,0.0,0.0,62
2023-05-10 10:10:17,HO2403-P-2700,HO2403-P-2700,137.8,0.0,0.0,0.0,6,142.6,146.0,24,137.8,148.2,0.0,0.0,0.0,0.0,62
2023-05-10 10:10:17,HO2403-P-2700,HO2403-P-2700,137.8,0.0,0.0,0.0,6,142.6,146.0,18,137.8,148.2,0.0,0.0,0.0,0.0,62
2023-05-10 10:10:18,HO2403-P-2700,HO2403-P-2700,137.8,0.0,0.0,0.0,1,143.8,146.0,18,137.8,148.2,0.0,0.0,0.0,0.0,62
2023-05-10 10:10:20,HO2403-P-2700,HO2403-P-2700,137.8,0.0,0.0,0.0,1,143.8,146.0,12,137.8,148.2,0.0,0.0,0.0,0.0,62
2023-05-10 10:10:20,HO2403-P-2700,HO2403-P-2700,137.8,0.0,0.0,0.0,1,143.8,146.0,6,137.8,148.2,0.0,0.0,0.0,0.0,62
2023-05-10 10:10:22,HO2403-P-2700,HO2403-P-2700,137.8,0.0,0.0,0.0,1,143.8,145.8,1,137.8,148.2,0.0,0.0,0.0,0.0,62
2023-05-10 10:10:29,HO2403-P-2700,HO2403-P-2700,137.8,0.0,0.0,0.0,1,143.8,146.0,6,137.8,148.2,0.0,0.0,0.0,0.0,62
2023-05-10 10:10:32,HO2403-P-2700,HO2403-P-2700,137.8,0.0,0.0,0.0,1,143.0,145.8,1,137.8,148.2,0.0,0.0,0.0,0.0,62
2023-05-10 10:10:33,HO2403-P-2700,HO2403-P-2700,137.8,0.0,0.0,0.0,1,143.0,145.6,1,137.8,148.2,0.0,0.0,0.0,0.0,62
2023-05-10 10:10:34,HO2403-P-2700,HO2403-P-2700,137.8,0.0,0.0,0.0,1,143.0,145.8,1,137.8,148.2,0.0,0.0,0.0,0.0,62
2023-05-10 10:10:34,HO2403-P-2700,HO2403-P-2700,137.8,0.0,0.0,0.0,1,143.0,145.8,2,137.8,148.2,0.0,0.0,0.0,0.0,62
2023-05-10 10:10:36,HO2403-P-2700,HO2403-P-2700,137.8,0.0,0.0,0.0,1,143.0,145.8,1,137.8,148.2,0.0,0.0,0.0,0.0,62
2023-05-10 10:10:49,HO2403-P-2700,HO2403-P-2700,137.8,0.0,0.0,0.0,1,143.0,146.0,7,137.8,148.2,0.0,0.0,0.0,0.0,62
2023-05-10 10:10:50,HO2403-P-2700,HO2403-P-2700,137.8,0.0,0.0,0.0,6,143.2,146.0,7,137.8,148.2,0.0,0.0,0.0,0.0,62
2023-05-10 10:10:51,HO2403-P-2700,HO2403-P-2700,137.8,0.0,0.0,0.0,6,143.2,146.0,6,137.8,148.2,0.0,0.0,0.0,0.0,62
2023-05-10 10:10:55,HO2403-P-2700,HO2403-P-2700,137.8,0.0,0.0,0.0,1,143.8,146.0,6,137.8,148.2,0.0,0.0,0.0,0.0,62
2023-05-10 10:11:09,HO2403-P-2700,HO2403-P-2700,137.8,0.0,0.0,0.0,1,143.8,146.0,7,137.8,148.2,0.0,0.0,0.0,0.0,62
2023-05-10 10:11:11,HO2403-P-2700,HO2403-P-2700,137.8,0.0,0.0,0.0,15,142.6,146.0,7,137.8,148.2,0.0,0.0,0.0,0.0,62
2023-05-10 10:11:11,HO2403-P-2700,HO2403-P-2700,137.8,0.0,0.0,0.0,3,142.6,146.0,9,137.8,148.2,0.0,0.0,0.0,0.0,62
2023-05-10 10:11:12,HO2403-P-2700,HO2403-P-2700,137.8,0.0,0.0,0.0,3,142.4,146.0,9,137.8,148.2,0.0,0.0,0.0,0.0,62
2023-05-10 10:11:12,HO2403-P-2700,HO2403-P-2700,137.8,0.0,0.0,0.0,1,142.8,145.6,1,137.8,148.2,0.0,0.0,0.0,0.0,62
2023-05-10 10:11:19,HO2403-P-2700,HO2403-P-2700,137.8,0.0,0.0,0.0,1,142.8,146.0,8,137.8,148.2,0.0,0.0,0.0,0.0,62
2023-05-10 10:11:27,HO2403-P-2700,HO2403-P-2700,137.8,0.0,0.0,0.0,1,142.8,145.8,1,137.8,148.2,0.0,0.0,0.0,0.0,62
2023-05-10 10:11:47,HO2403-P-2700,HO2403-P-2700,137.8,0.0,0.0,0.0,1,142.8,145.6,1,137.8,148.2,0.0,0.0,0.0,0.0,62
2023-05-10 10:11:49,HO2403-P-2700,HO2403-P-2700,137.8,0.0,0.0,0.0,1,142.8,145.6,2,137.8,148.2,0.0,0.0,0.0,0.0,62
2023-05-10 10:11:51,HO2403-P-2700,HO2403-P-2700,137.8,0.0,0.0,0.0,1,142.8,145.0,1,137.8,148.2,0.0,0.0,0.0,0.0,62
2023-05-10 10:11:55,HO2403-P-2700,HO2403-P-2700,137.8,0.0,0.0,0.0,1,142.8,145.6,2,137.8,148.2,0.0,0.0,0.0,0.0,62
2023-05-10 10:12:23,HO2403-P-2700,HO2403-P-2700,137.8,0.0,0.0,0.0,1,142.8,145.2,1,137.8,148.2,0.0,0.0,0.0,0.0,62
2023-05-10 10:12:31,HO2403-P-2700,HO2403-P-2700,137.8,0.0,0.0,0.0,1,142.8,145.6,1,137.8,148.2,0.0,0.0,0.0,0.0,62
2023-05-10 10:12:59,HO2403-P-2700,HO2403-P-2700,137.8,0.0,0.0,0.0,1,142.8,146.0,19,137.8,148.2,0.0,0.0,0.0,0.0,62
2023-05-10 10:12:59,HO2403-P-2700,HO2403-P-2700,137.8,0.0,0.0,0.0,1,142.8,146.0,7,137.8,148.2,0.0,0.0,0.0,0.0,62
2023-05-10 10:13:01,HO2403-P-2700,HO2403-P-2700,137.8,0.0,0.0,0.0,1,142.8,146.0,6,137.8,148.2,0.0,0.0,0.0,0.0,62
2023-05-10 10:13:08,HO2403-P-2700,HO2403-P-2700,137.8,0.0,0.0,0.0,1,142.8,146.4,19,137.8,148.2,0.0,0.0,0.0,0.0,62
2023-05-10 10:13:09,HO2403-P-2700,HO2403-P-2700,137.8,0.0,0.0,0.0,1,142.8,146.4,7,137.8,148.2,0.0,0.0,0.0,0.0,62
2023-05-10 10:13:09,HO2403-P-2700,HO2403-P-2700,137.8,0.0,0.0,0.0,1,142.8,146.4,1,137.8,148.2,0.0,0.0,0.0,0.0,62
2023-05-10 10:13:22,HO2403-P-2700,HO2403-P-2700,137.8,0.0,0.0,0.0,1,142.8,146.6,25,137.8,148.2,0.0,0.0,0.0,0.0,62
2023-05-10 10:13:22,HO2403-P-2700,HO2403-P-2700,137.8,0.0,0.0,0.0,1,142.8,146.6,13,137.8,148.2,0.0,0.0,0.0,0.0,62
2023-05-10 10:13:23,HO2403-P-2700,HO2403-P-2700,137.8,0.0,0.0,0.0,1,142.8,146.6,7,137.8,148.2,0.0,0.0,0.0,0.0,62
2023-05-10 10:13:23,HO2403-P-2700,HO2403-P-2700,137.8,0.0,0.0,0.0,1,142.8,146.6,1,137.8,148.2,0.0,0.0,0.0,0.0,62
2023-05-10 10:13:33,HO2403-P-2700,HO2403-P-2700,137.8,0.0,0.0,0.0,4,142.8,146.6,1,137.8,148.2,0.0,0.0,0.0,0.0,62
2023-05-10 10:13:34,HO2403-P-2700,HO2403-P-2700,137.8,0.0,0.0,0.0,1,144.2,146.6,1,137.8,148.2,0.0,0.0,0.0,0.0,62
2023-05-10 10:13:50,HO2403-P-2700,HO2403-P-2700,137.8,0.0,0.0,0.0,1,144.2,146.8,1,137.8,148.2,0.0,0.0,0.0,0.0,62
2023-05-10 10:13:50,HO2403-P-2700,HO2403-P-2700,137.8,0.0,0.0,0.0,1,144.2,146.8,2,137.8,148.2,0.0,0.0,0.0,0.0,62
2023-05-10 10:13:58,HO2403-P-2700,HO2403-P-2700,137.8,0.0,0.0,0.0,1,144.2,146.8,1,137.8,148.2,0.0,0.0,0.0,0.0,62
2023-05-10 10:14:01,HO2403-P-2700,HO2403-P-2700,137.8,0.0,0.0,0.0,1,144.2,146.8,2,137.8,148.2,0.0,0.0,0.0,0.0,62
2023-05-10 10:14:02,HO2403-P-2700,HO2403-P-2700,137.8,0.0,0.0,0.0,1,144.2,146.8,1,137.8,148.2,0.0,0.0,0.0,0.0,62
2023-05-10 10:14:05,HO2403-P-2700,HO2403-P-2700,137.8,0.0,0.0,0.0,1,144.2,146.8,2,137.8,148.2,0.0,0.0,0.0,0.0,62
2023-05-10 10:14:07,HO2403-P-2700,HO2403-P-2700,137.8,0.0,0.0,0.0,1,144.2,146.8,1,137.8,148.2,0.0,0.0,0.0,0.0,62
2023-05-10 10:14:11,HO2403-P-2700,HO2403-P-2700,137.8,0.0,0.0,0.0,9,142.8,146.8,1,137.8,148.2,0.0,0.0,0.0,0.0,62
2023-05-10 10:14:11,HO2403-P-2700,HO2403-P-2700,137.8,0.0,0.0,0.0,1,143.6,146.6,1,137.8,148.2,0.0,0.0,0.0,0.0,62
2023-05-10 10:14:12,HO2403-P-2700,HO2403-P-2700,137.8,0.0,0.0,0.0,1,143.6,146.4,1,137.8,148.2,0.0,0.0,0.0,0.0,62
2023-05-10 10:14:12,HO2403-P-2700,HO2403-P-2700,137.8,0.0,0.0,0.0,1,143.6,146.4,2,137.8,148.2,0.0,0.0,0.0,0.0,62
2023-05-10 10:14:13,HO2403-P-2700,HO2403-P-2700,137.8,0.0,0.0,0.0,1,143.6,146.4,1,137.8,148.2,0.0,0.0,0.0,0.0,62
2023-05-10 10:14:16,HO2403-P-2700,HO2403-P-2700,137.8,0.0,0.0,0.0,1,143.6,146.4,2,137.8,148.2,0.0,0.0,0.0,0.0,62
2023-05-10 10:14:21,HO2403-P-2700,HO2403-P-2700,137.8,0.0,0.0,0.0,1,143.6,146.4,1,137.8,148.2,0.0,0.0,0.0,0.0,62
2023-05-10 10:14:27,HO2403-P-2700,HO2403-P-2700,137.8,0.0,0.0,0.0,1,143.6,146.2,1,137.8,148.2,0.0,0.0,0.0,0.0,62
2023-05-10 10:14:46,HO2403-P-2700,HO2403-P-2700,137.8,0.0,0.0,0.0,1,143.6,146.8,2,137.8,148.2,0.0,0.0,0.0,0.0,62
2023-05-10 10:14:46,HO2403-P-2700,HO2403-P-2700,137.8,0.0,0.0,0.0,1,143.6,146.8,3,137.8,148.2,0.0,0.0,0.0,0.0,62
2023-05-10 10:14:56,HO2403-P-2700,HO2403-P-2700,137.8,0.0,0.0,0.0,1,143.6,146.6,1,137.8,148.2,0.0,0.0,0.0,0.0,62
2023-05-10 10:14:56,HO2403-P-2700,HO2403-P-2700,137.8,0.0,0.0,0.0,1,143.6,146.6,2,137.8,148.2,0.0,0.0,0.0,0.0,62
2023-05-10 10:15:01,HO2403-P-2700,HO2403-P-2700,137.8,0.0,0.0,0.0,1,143.6,146.6,1,137.8,148.2,0.0,0.0,0.0,0.0,62
2023-05-10 10:15:06,HO2403-P-2700,HO2403-P-2700,137.8,0.0,0.0,0.0,1,143.6,146.4,1,137.8,148.2,0.0,0.0,0.0,0.0,62
2023-05-10 10:15:12,HO2403-P-2700,HO2403-P-2700,137.8,0.0,0.0,0.0,1,143.6,146.4,2,137.8,148.2,0.0,0.0,0.0,0.0,62
2023-05-10 10:15:13,HO2403-P-2700,HO2403-P-2700,137.8,0.0,0.0,0.0,1,143.6,146.2,1,137.8,148.2,0.0,0.0,0.0,0.0,62
2023-05-10 10:15:15,HO2403-P-2700,HO2403-P-2700,137.8,0.0,0.0,0.0,1,143.6,146.4,2,137.8,148.2,0.0,0.0,0.0,0.0,62
2023-05-10 10:15:16,HO2403-P-2700,HO2403-P-2700,137.8,0.0,0.0,0.0,1,143.6,146.2,1,137.8,148.2,0.0,0.0,0.0,0.0,62
2023-05-10 10:15:26,HO2403-P-2700,HO2403-P-2700,137.8,0.0,0.0,0.0,1,143.6,146.0,1,137.8,148.2,0.0,0.0,0.0,0.0,62
2023-05-10 10:15:36,HO2403-P-2700,HO2403-P-2700,137.8,0.0,0.0,0.0,1,143.6,145.8,1,137.8,148.2,0.0,0.0,0.0,0.0,62
2023-05-10 10:15:54,HO2403-P-2700,HO2403-P-2700,137.8,0.0,0.0,0.0,1,143.6,146.4,2,137.8,148.2,0.0,0.0,0.0,0.0,62
2023-05-10 10:16:00,HO2403-P-2700,HO2403-P-2700,137.8,0.0,0.0,0.0,1,143.6,146.0,1,137.8,148.2,0.0,0.0,0.0,0.0,62
2023-05-10 10:16:17,HO2403-P-2700,HO2403-P-2700,137.8,0.0,0.0,0.0,1,143.6,146.2,1,137.8,148.2,0.0,0.0,0.0,0.0,62
2023-05-10 10:16:26,HO2403-P-2700,HO2403-P-2700,137.8,0.0,0.0,0.0,1,143.6,146.8,8,137.8,148.2,0.0,0.0,0.0,0.0,62
2023-05-10 10:16:36,HO2403-P-2700,HO2403-P-2700,137.8,0.0,0.0,0.0,1,143.6,146.6,1,137.8,148.2,0.0,0.0,0.0,0.0,62
2023-05-10 10:17:06,HO2403-P-2700,HO2403-P-2700,137.8,0.0,0.0,0.0,1,143.6,146.4,1,137.8,148.2,0.0,0.0,0.0,0.0,62
2023-05-10 10:17:07,HO2403-P-2700,HO2403-P-2700,137.8,0.0,0.0,0.0,1,143.6,146.4,3,137.8,148.2,0.0,0.0,0.0,0.0,62
2023-05-10 10:17:07,HO2403-P-2700,HO2403-P-2700,137.8,0.0,0.0,0.0,1,143.6,146.4,2,137.8,148.2,0.0,0.0,0.0,0.0,62
2023-05-10 10:17:11,HO2403-P-2700,HO2403-P-2700,137.8,0.0,0.0,0.0,1,143.6,146.4,3,137.8,148.2,0.0,0.0,0.0,0.0,62
2023-05-10 10:17:12,HO2403-P-2700,HO2403-P-2700,137.8,0.0,0.0,0.0,1,143.6,146.4,2,137.8,148.2,0.0,0.0,0.0,0.0,62
2023-05-10 10:17:21,HO2403-P-2700,HO2403-P-2700,137.8,0.0,0.0,0.0,1,143.6,146.4,1,137.8,148.2,0.0,0.0,0.0,0.0,62
2023-05-10 10:17:22,HO2403-P-2700,HO2403-P-2700,137.8,0.0,0.0,0.0,1,143.6,146.8,6,137.8,148.2,0.0,0.0,0.0,0.0,62
2023-05-10 10:17:22,HO2403-P-2700,HO2403-P-2700,137.8,0.0,0.0,0.0,1,143.6,147.0,14,137.8,148.2,0.0,0.0,0.0,0.0,62
2023-05-10 10:17:23,HO2403-P-2700,HO2403-P-2700,137.8,0.0,0.0,0.0,4,143.6,147.0,8,137.8,148.2,0.0,0.0,0.0,0.0,62
2023-05-10 10:17:23,HO2403-P-2700,HO2403-P-2700,137.8,0.0,0.0,0.0,1,143.6,147.0,2,137.8,148.2,0.0,0.0,0.0,0.0,62
2023-05-10 10:17:32,HO2403-P-2700,HO2403-P-2700,137.8,0.0,0.0,0.0,1,143.6,146.8,1,137.8,148.2,0.0,0.0,0.0,0.0,62
2023-05-10 10:17:32,HO2403-P-2700,HO2403-P-2700,137.8,0.0,0.0,0.0,1,143.6,146.8,2,137.8,148.2,0.0,0.0,0.0,0.0,62
2023-05-10 10:17:33,HO2403-P-2700,HO2403-P-2700,137.8,0.0,0.0,0.0,1,143.6,146.6,1,137.8,148.2,0.0,0.0,0.0,0.0,62
2023-05-10 10:17:59,HO2403-P-2700,HO2403-P-2700,137.8,0.0,0.0,0.0,1,143.6,146.8,1,137.8,148.2,0.0,0.0,0.0,0.0,62
2023-05-10 10:18:29,HO2403-P-2700,HO2403-P-2700,137.8,0.0,0.0,0.0,1,143.6,147.2,30,137.8,148.2,0.0,0.0,0.0,0.0,62
2023-05-10 10:18:30,HO2403-P-2700,HO2403-P-2700,137.8,0.0,0.0,0.0,1,143.6,147.2,19,137.8,148.2,0.0,0.0,0.0,0.0,62
2023-05-10 10:18:34,HO2403-P-2700,HO2403-P-2700,137.8,0.0,0.0,0.0,1,143.6,147.2,20,137.8,148.2,0.0,0.0,0.0,0.0,62
2023-05-10 10:18:44,HO2403-P-2700,HO2403-P-2700,137.8,0.0,0.0,0.0,1,143.6,147.0,1,137.8,148.2,0.0,0.0,0.0,0.0,62
2023-05-10 10:18:54,HO2403-P-2700,HO2403-P-2700,137.8,0.0,0.0,0.0,4,143.6,147.0,1,137.8,148.2,0.0,0.0,0.0,0.0,62
2023-05-10 10:18:54,HO2403-P-2700,HO2403-P-2700,137.8,0.0,0.0,0.0,1,145.4,147.0,1,137.8,148.2,0.0,0.0,0.0,0.0,62
2023-05-10 10:19:05,HO2403-P-2700,HO2403-P-2700,137.8,0.0,0.0,0.0,1,145.4,147.2,18,137.8,148.2,0.0,0.0,0.0,0.0,62
2023-05-10 10:19:06,HO2403-P-2700,HO2403-P-2700,137.8,0.0,0.0,0.0,1,145.4,147.2,12,137.8,148.2,0.0,0.0,0.0,0.0,62
2023-05-10 10:19:06,HO2403-P-2700,HO2403-P-2700,137.8,0.0,0.0,0.0,1,145.4,147.2,6,137.8,148.2,0.0,0.0,0.0,0.0,62
2023-05-10 10:19:08,HO2403-P-2700,HO2403-P-2700,137.8,0.0,0.0,0.0,3,143.6,147.2,6,137.8,148.2,0.0,0.0,0.0,0.0,62
2023-05-10 10:19:08,HO2403-P-2700,HO2403-P-2700,137.8,0.0,0.0,0.0,3,143.6,147.0,1,137.8,148.2,0.0,0.0,0.0,0.0,62
2023-05-10 10:19:09,HO2403-P-2700,HO2403-P-2700,137.8,0.0,0.0,0.0,21,143.4,147.0,1,137.8,148.2,0.0,0.0,0.0,0.0,62
2023-05-10 10:19:09,HO2403-P-2700,HO2403-P-2700,137.8,0.0,0.0,0.0,15,143.4,147.0,1,137.8,148.2,0.0,0.0,0.0,0.0,62
2023-05-10 10:19:10,HO2403-P-2700,HO2403-P-2700,137.8,0.0,0.0,0.0,1,144.4,147.0,1,137.8,148.2,0.0,0.0,0.0,0.0,62
2023-05-10 10:19:11,HO2403-P-2700,HO2403-P-2700,137.8,0.0,0.0,0.0,1,144.4,147.0,2,137.8,148.2,0.0,0.0,0.0,0.0,62
2023-05-10 10:19:14,HO2403-P-2700,HO2403-P-2700,137.8,0.0,0.0,0.0,1,144.4,147.0,1,137.8,148.2,0.0,0.0,0.0,0.0,62
2023-05-10 10:19:15,HO2403-P-2700,HO2403-P-2700,137.8,0.0,0.0,0.0,1,144.4,147.0,3,137.8,148.2,0.0,0.0,0.0,0.0,62
2023-05-10 10:19:16,HO2403-P-2700,HO2403-P-2700,137.8,0.0,0.0,0.0,1,144.4,147.0,2,137.8,148.2,0.0,0.0,0.0,0.0,62
2023-05-10 10:19:16,HO2403-P-2700,HO2403-P-2700,137.8,0.0,0.0,0.0,1,144.4,147.0,1,137.8,148.2,0.0,0.0,0.0,0.0,62
2023-05-10 10:19:17,HO2403-P-2700,HO2403-P-2700,137.8,0.0,0.0,0.0,1,144.4,147.2,6,137.8,148.2,0.0,0.0,0.0,0.0,62
2023-05-10 10:19:32,HO2403-P-2700,HO2403-P-2700,137.8,0.0,0.0,0.0,1,144.4,147.2,7,137.8,148.2,0.0,0.0,0.0,0.0,62
2023-05-10 10:19:42,HO2403-P-2700,HO2403-P-2700,137.8,0.0,0.0,0.0,1,144.4,147.0,1,137.8,148.2,0.0,0.0,0.0,0.0,62
2023-05-10 10:19:55,HO2403-P-2700,HO2403-P-2700,137.8,0.0,0.0,0.0,1,144.4,147.2,6,137.8,148.2,0.0,0.0,0.0,0.0,62
2023-05-10 10:19:58,HO2403-P-2700,HO2403-P-2700,137.8,0.0,0.0,0.0,4,144.4,147.2,6,137.8,148.2,0.0,0.0,0.0,0.0,62
2023-05-10 10:19:58,HO2403-P-2700,HO2403-P-2700,137.8,0.0,0.0,0.0,1,145.4,147.2,6,137.8,148.2,0.0,0.0,0.0,0.0,62
2023-05-10 10:20:16,HO2403-P-2700,HO2403-P-2700,137.8,0.0,0.0,0.0,1,145.4,147.2,7,137.8,148.2,0.0,0.0,0.0,0.0,62
2023-05-10 10:20:17,HO2403-P-2700,HO2403-P-2700,137.8,0.0,0.0,0.0,1,145.4,147.2,6,137.8,148.2,0.0,0.0,0.0,0.0,62
2023-05-10 10:20:17,HO2403-P-2700,HO2403-P-2700,137.8,0.0,0.0,0.0,1,145.4,147.2,7,137.8,148.2,0.0,0.0,0.0,0.0,62
2023-05-10 10:20:18,HO2403-P-2700,HO2403-P-2700,137.8,0.0,0.0,0.0,1,145.4,147.2,6,137.8,148.2,0.0,0.0,0.0,0.0,62
2023-05-10 10:20:34,HO2403-P-2700,HO2403-P-2700,137.8,0.0,0.0,0.0,1,144.6,147.2,6,137.8,148.2,0.0,0.0,0.0,0.0,62
2023-05-10 10:22:17,HO2403-P-2700,HO2403-P-2700,137.8,0.0,0.0,0.0,1,144.6,147.2,7,137.8,148.2,0.0,0.0,0.0,0.0,62
2023-05-10 10:22:18,HO2403-P-2700,HO2403-P-2700,137.8,0.0,0.0,0.0,1,144.6,147.2,8,137.8,148.2,0.0,0.0,0.0,0.0,62
2023-05-10 10:22:20,HO2403-P-2700,HO2403-P-2700,137.8,0.0,0.0,0.0,1,144.6,147.2,7,137.8,148.2,0.0,0.0,0.0,0.0,62
2023-05-10 10:22:25,HO2403-P-2700,HO2403-P-2700,137.8,0.0,0.0,0.0,1,144.6,147.2,6,137.8,148.2,0.0,0.0,0.0,0.0,62
2023-05-10 10:22:33,HO2403-P-2700,HO2403-P-2700,137.8,0.0,0.0,0.0,1,144.6,147.2,7,137.8,148.2,0.0,0.0,0.0,0.0,62
2023-05-10 10:23:29,HO2403-P-2700,HO2403-P-2700,137.8,0.0,0.0,0.0,1,144.6,147.2,1,137.8,148.2,0.0,0.0,0.0,0.0,62
2023-05-10 10:23:36,HO2403-P-2700,HO2403-P-2700,137.8,0.0,0.0,0.0,1,144.6,147.6,18,137.8,148.2,0.0,0.0,0.0,0.0,62
2023-05-10 10:23:37,HO2403-P-2700,HO2403-P-2700,137.8,0.0,0.0,0.0,1,144.6,147.6,6,137.8,148.2,0.0,0.0,0.0,0.0,62
2023-05-10 10:23:37,HO2403-P-2700,HO2403-P-2700,137.8,0.0,0.0,0.0,1,144.6,147.8,13,137.8,148.2,0.0,0.0,0.0,0.0,62
2023-05-10 10:23:38,HO2403-P-2700,HO2403-P-2700,137.8,0.0,0.0,0.0,1,144.6,147.8,8,137.8,148.2,0.0,0.0,0.0,0.0,62
2023-05-10 10:23:38,HO2403-P-2700,HO2403-P-2700,137.8,0.0,0.0,0.0,1,144.6,147.8,2,137.8,148.2,0.0,0.0,0.0,0.0,62
2023-05-10 10:23:44,HO2403-P-2700,HO2403-P-2700,137.8,0.0,0.0,0.0,1,144.6,147.8,1,137.8,148.2,0.0,0.0,0.0,0.0,62
2023-05-10 10:23:48,HO2403-P-2700,HO2403-P-2700,137.8,0.0,0.0,0.0,4,144.6,147.8,1,137.8,148.2,0.0,0.0,0.0,0.0,62
2023-05-10 10:23:48,HO2403-P-2700,HO2403-P-2700,137.8,0.0,0.0,0.0,1,146.0,147.8,1,137.8,148.2,0.0,0.0,0.0,0.0,62
2023-05-10 10:23:52,HO2403-P-2700,HO2403-P-2700,137.8,0.0,0.0,0.0,1,146.0,148.0,18,137.8,148.2,0.0,0.0,0.0,0.0,62
2023-05-10 10:23:52,HO2403-P-2700,HO2403-P-2700,137.8,0.0,0.0,0.0,1,146.0,148.0,6,137.8,148.2,0.0,0.0,0.0,0.0,62
2023-05-10 10:23:53,HO2403-P-2700,HO2403-P-2700,137.8,0.0,0.0,0.0,1,146.0,148.0,1,137.8,148.2,0.0,0.0,0.0,0.0,62
2023-05-10 10:23:53,HO2403-P-2700,HO2403-P-2700,137.8,0.0,0.0,0.0,1,146.0,148.2,12,137.8,148.2,0.0,0.0,0.0,0.0,62
2023-05-10 10:23:54,HO2403-P-2700,HO2403-P-2700,137.8,0.0,0.0,0.0,1,146.0,148.0,1,137.8,148.2,0.0,0.0,0.0,0.0,62
2023-05-10 10:23:56,HO2403-P-2700,HO2403-P-2700,137.8,0.0,0.0,0.0,1,146.0,148.2,6,137.8,148.2,0.0,0.0,0.0,0.0,62
2023-05-10 10:23:56,HO2403-P-2700,HO2403-P-2700,137.8,0.0,0.0,0.0,1,146.0,148.2,7,137.8,148.2,0.0,0.0,0.0,0.0,62
2023-05-10 10:24:05,HO2403-P-2700,HO2403-P-2700,137.8,0.0,0.0,0.0,1,146.0,148.0,1,137.8,148.2,0.0,0.0,0.0,0.0,62
2023-05-10 10:24:05,HO2403-P-2700,HO2403-P-2700,137.8,0.0,0.0,0.0,6,144.6,147.8,1,137.8,148.2,0.0,0.0,0.0,0.0,62
2023-05-10 10:24:06,HO2403-P-2700,HO2403-P-2700,137.8,0.0,0.0,0.0,9,144.2,147.8,1,137.8,148.2,0.0,0.0,0.0,0.0,62
2023-05-10 10:24:07,HO2403-P-2700,HO2403-P-2700,137.8,0.0,0.0,0.0,1,145.2,147.8,1,137.8,148.2,0.0,0.0,0.0,0.0,62
2023-05-10 10:24:12,HO2403-P-2700,HO2403-P-2700,137.8,0.0,0.0,0.0,1,145.2,148.0,1,137.8,148.2,0.0,0.0,0.0,0.0,62
2023-05-10 10:24:13,HO2403-P-2700,HO2403-P-2700,137.8,0.0,0.0,0.0,1,145.2,148.0,2,137.8,148.2,0.0,0.0,0.0,0.0,62
2023-05-10 10:24:16,HO2403-P-2700,HO2403-P-2700,137.8,0.0,0.0,0.0,1,145.2,148.0,1,137.8,148.2,0.0,0.0,0.0,0.0,62
2023-05-10 10:24:27,HO2403-P-2700,HO2403-P-2700,137.8,0.0,0.0,0.0,1,145.2,148.0,2,137.8,148.2,0.0,0.0,0.0,0.0,62
2023-05-10 10:24:29,HO2403-P-2700,HO2403-P-2700,137.8,0.0,0.0,0.0,1,145.2,148.0,1,137.8,148.2,0.0,0.0,0.0,0.0,62
2023-05-10 10:24:47,HO2403-P-2700,HO2403-P-2700,137.8,0.0,0.0,0.0,1,145.2,147.8,1,137.8,148.2,0.0,0.0,0.0,0.0,62
2023-05-10 10:24:52,HO2403-P-2700,HO2403-P-2700,137.8,0.0,0.0,0.0,1,145.2,147.6,1,137.8,148.2,0.0,0.0,0.0,0.0,62
2023-05-10 10:25:06,HO2403-P-2700,HO2403-P-2700,137.8,0.0,0.0,0.0,1,145.2,148.0,1,137.8,148.2,0.0,0.0,0.0,0.0,62
2023-05-10 10:25:20,HO2403-P-2700,HO2403-P-2700,137.8,0.0,0.0,0.0,1,145.2,148.0,2,137.8,148.2,0.0,0.0,0.0,0.0,62
2023-05-10 10:25:25,HO2403-P-2700,HO2403-P-2700,137.8,0.0,0.0,0.0,1,145.2,148.0,1,137.8,148.2,0.0,0.0,0.0,0.0,62
2023-05-10 10:25:30,HO2403-P-2700,HO2403-P-2700,137.8,0.0,0.0,0.0,1,145.2,147.8,1,137.8,148.2,0.0,0.0,0.0,0.0,62
2023-05-10 10:25:31,HO2403-P-2700,HO2403-P-2700,137.8,0.0,0.0,0.0,1,145.2,147.4,1,137.8,148.2,0.0,0.0,0.0,0.0,62
2023-05-10 10:25:32,HO2403-P-2700,HO2403-P-2700,137.8,0.0,0.0,0.0,1,145.2,147.4,2,137.8,148.2,0.0,0.0,0.0,0.0,62
2023-05-10 10:25:32,HO2403-P-2700,HO2403-P-2700,137.8,0.0,0.0,0.0,1,145.2,147.4,1,137.8,148.2,0.0,0.0,0.0,0.0,62
2023-05-10 10:25:36,HO2403-P-2700,HO2403-P-2700,137.8,0.0,0.0,0.0,1,145.2,147.4,2,137.8,148.2,0.0,0.0,0.0,0.0,62
2023-05-10 10:25:37,HO2403-P-2700,HO2403-P-2700,137.8,0.0,0.0,0.0,1,145.2,147.4,1,137.8,148.2,0.0,0.0,0.0,0.0,62
2023-05-10 10:25:43,HO2403-P-2700,HO2403-P-2700,137.8,0.0,0.0,0.0,1,145.2,147.4,2,137.8,148.2,0.0,0.0,0.0,0.0,62
2023-05-10 10:25:43,HO2403-P-2700,HO2403-P-2700,137.8,0.0,0.0,0.0,1,145.2,147.4,1,137.8,148.2,0.0,0.0,0.0,0.0,62
2023-05-10 10:26:05,HO2403-P-2700,HO2403-P-2700,137.8,0.0,0.0,0.0,1,145.2,147.8,1,137.8,148.2,0.0,0.0,0.0,0.0,62
2023-05-10 10:26:25,HO2403-P-2700,HO2403-P-2700,137.8,0.0,0.0,0.0,1,145.2,147.6,1,137.8,148.2,0.0,0.0,0.0,0.0,62
2023-05-10 10:26:26,HO2403-P-2700,HO2403-P-2700,137.8,0.0,0.0,0.0,6,144.6,147.0,1,137.8,148.2,0.0,0.0,0.0,0.0,62
2023-05-10 10:26:26,HO2403-P-2700,HO2403-P-2700,137.8,0.0,0.0,0.0,1,144.4,147.0,1,137.8,148.2,0.0,0.0,0.0,0.0,62
2023-05-10 10:26:27,HO2403-P-2700,HO2403-P-2700,137.8,0.0,0.0,0.0,7,144.4,147.0,1,137.8,148.2,0.0,0.0,0.0,0.0,62
2023-05-10 10:26:32,HO2403-P-2700,HO2403-P-2700,137.8,0.0,0.0,0.0,7,144.4,147.0,7,137.8,148.2,0.0,0.0,0.0,0.0,62
2023-05-10 10:27:24,HO2403-P-2700,HO2403-P-2700,137.8,0.0,0.0,0.0,7,144.4,146.6,1,137.8,148.2,0.0,0.0,0.0,0.0,62
2023-05-10 10:27:26,HO2403-P-2700,HO2403-P-2700,137.8,0.0,0.0,0.0,1,144.4,146.6,1,137.8,148.2,0.0,0.0,0.0,0.0,62
2023-05-10 10:28:00,HO2403-P-2700,HO2403-P-2700,137.8,0.0,0.0,0.0,7,144.4,146.6,1,137.8,148.2,0.0,0.0,0.0,0.0,62
2023-05-10 10:28:31,HO2403-P-2700,HO2403-P-2700,137.8,0.0,0.0,0.0,7,144.4,147.0,6,137.8,148.2,0.0,0.0,0.0,0.0,62
2023-05-10 10:28:34,HO2403-P-2700,HO2403-P-2700,137.8,0.0,0.0,0.0,7,144.4,147.2,1,137.8,148.2,0.0,0.0,0.0,0.0,62
2023-05-10 10:28:35,HO2403-P-2700,HO2403-P-2700,137.8,0.0,0.0,0.0,10,144.4,147.2,1,137.8,148.2,0.0,0.0,0.0,0.0,62
2023-05-10 10:28:37,HO2403-P-2700,HO2403-P-2700,137.8,0.0,0.0,0.0,7,144.4,147.2,1,137.8,148.2,0.0,0.0,0.0,0.0,62
2023-05-10 10:29:00,HO2403-P-2700,HO2403-P-2700,137.8,0.0,0.0,0.0,1,145.0,147.6,19,137.8,148.2,0.0,0.0,0.0,0.0,62
2023-05-10 10:29:01,HO2403-P-2700,HO2403-P-2700,137.8,0.0,0.0,0.0,1,145.0,147.6,7,137.8,148.2,0.0,0.0,0.0,0.0,62
2023-05-10 10:29:01,HO2403-P-2700,HO2403-P-2700,137.8,0.0,0.0,0.0,1,145.0,147.6,1,137.8,148.2,0.0,0.0,0.0,0.0,62
2023-05-10 10:29:03,HO2403-P-2700,HO2403-P-2700,137.8,0.0,0.0,0.0,1,145.0,148.0,1,137.8,148.2,0.0,0.0,0.0,0.0,62
2023-05-10 10:29:17,HO2403-P-2700,HO2403-P-2700,137.8,0.0,0.0,0.0,1,145.0,148.2,24,137.8,148.2,0.0,0.0,0.0,0.0,62
2023-05-10 10:29:17,HO2403-P-2700,HO2403-P-2700,137.8,0.0,0.0,0.0,1,145.0,148.2,12,137.8,148.2,0.0,0.0,0.0,0.0,62
2023-05-10 10:29:18,HO2403-P-2700,HO2403-P-2700,137.8,0.0,0.0,0.0,1,145.0,148.2,6,137.8,148.2,0.0,0.0,0.0,0.0,62
2023-05-10 10:29:35,HO2403-P-2700,HO2403-P-2700,137.8,0.0,0.0,0.0,1,145.0,148.2,7,137.8,148.2,0.0,0.0,0.0,0.0,62
2023-05-10 10:29:45,HO2403-P-2700,HO2403-P-2700,137.8,0.0,0.0,0.0,1,145.0,148.0,1,137.8,148.2,0.0,0.0,0.0,0.0,62
2023-05-10 10:29:50,HO2403-P-2700,HO2403-P-2700,137.8,0.0,0.0,0.0,1,145.0,148.2,6,137.8,148.2,0.0,0.0,0.0,0.0,62
2023-05-10 10:30:01,HO2403-P-2700,HO2403-P-2700,137.8,0.0,0.0,0.0,1,145.0,148.4,18,137.8,148.2,0.0,0.0,0.0,0.0,62
2023-05-10 10:30:01,HO2403-P-2700,HO2403-P-2700,137.8,0.0,0.0,0.0,4,145.0,148.4,6,137.8,148.2,0.0,0.0,0.0,0.0,62
2023-05-10 10:30:02,HO2403-P-2700,HO2403-P-2700,137.8,0.0,0.0,0.0,1,147.0,148.6,13,137.8,148.2,0.0,0.0,0.0,0.0,62
2023-05-10 10:30:02,HO2403-P-2700,HO2403-P-2700,137.8,0.0,0.0,0.0,1,147.0,148.6,7,137.8,148.2,0.0,0.0,0.0,0.0,62
2023-05-10 10:30:03,HO2403-P-2700,HO2403-P-2700,137.8,0.0,0.0,0.0,1,147.0,149.0,25,137.8,148.2,0.0,0.0,0.0,0.0,62
2023-05-10 10:30:03,HO2403-P-2700,HO2403-P-2700,137.8,0.0,0.0,0.0,1,147.0,149.0,7,137.8,148.2,0.0,0.0,0.0,0.0,62
2023-05-10 10:30:04,HO2403-P-2700,HO2403-P-2700,137.8,0.0,0.0,0.0,1,147.0,148.8,1,137.8,148.2,0.0,0.0,0.0,0.0,62
2023-05-10 10:30:04,HO2403-P-2700,HO2403-P-2700,137.8,0.0,0.0,0.0,1,147.0,149.0,1,137.8,148.2,0.0,0.0,0.0,0.0,62
2023-05-10 10:30:05,HO2403-P-2700,HO2403-P-2700,137.8,0.0,0.0,0.0,1,147.0,149.0,2,137.8,148.2,0.0,0.0,0.0,0.0,62
2023-05-10 10:30:05,HO2403-P-2700,HO2403-P-2700,137.8,0.0,0.0,0.0,1,147.0,149.4,24,137.8,148.2,0.0,0.0,0.0,0.0,62
2023-05-10 10:30:06,HO2403-P-2700,HO2403-P-2700,137.8,0.0,0.0,0.0,1,147.0,149.4,18,137.8,148.2,0.0,0.0,0.0,0.0,62
2023-05-10 10:30:06,HO2403-P-2700,HO2403-P-2700,137.8,0.0,0.0,0.0,1,147.0,149.2,1,137.8,148.2,0.0,0.0,0.0,0.0,62
2023-05-10 10:30:07,HO2403-P-2700,HO2403-P-2700,137.8,0.0,0.0,0.0,1,147.0,149.4,18,137.8,148.2,0.0,0.0,0.0,0.0,62
2023-05-10 10:30:07,HO2403-P-2700,HO2403-P-2700,137.8,0.0,0.0,0.0,1,147.0,149.2,1,137.8,148.2,0.0,0.0,0.0,0.0,62
2023-05-10 10:30:12,HO2403-P-2700,HO2403-P-2700,137.8,0.0,0.0,0.0,1,147.0,149.2,2,137.8,148.2,0.0,0.0,0.0,0.0,62
2023-05-10 10:30:14,HO2403-P-2700,HO2403-P-2700,137.8,0.0,0.0,0.0,3,145.4,149.2,2,137.8,148.2,0.0,0.0,0.0,0.0,62
2023-05-10 10:30:15,HO2403-P-2700,HO2403-P-2700,137.8,0.0,0.0,0.0,3,145.4,148.4,1,137.8,148.2,0.0,0.0,0.0,0.0,62
2023-05-10 10:30:16,HO2403-P-2700,HO2403-P-2700,137.8,0.0,0.0,0.0,3,145.4,148.2,1,137.8,148.2,0.0,0.0,0.0,0.0,62
2023-05-10 10:30:16,HO2403-P-2700,HO2403-P-2700,137.8,0.0,0.0,0.0,3,145.4,148.4,1,137.8,148.2,0.0,0.0,0.0,0.0,62
2023-05-10 10:30:17,HO2403-P-2700,HO2403-P-2700,137.8,0.0,0.0,0.0,1,145.8,148.4,2,137.8,148.2,0.0,0.0,0.0,0.0,62
2023-05-10 10:30:19,HO2403-P-2700,HO2403-P-2700,137.8,0.0,0.0,0.0,1,145.8,148.4,1,137.8,148.2,0.0,0.0,0.0,0.0,62
2023-05-10 10:30:22,HO2403-P-2700,HO2403-P-2700,137.8,0.0,0.0,0.0,1,145.8,148.8,1,137.8,148.2,0.0,0.0,0.0,0.0,62
2023-05-10 10:30:46,HO2403-P-2700,HO2403-P-2700,137.8,0.0,0.0,0.0,1,145.8,148.8,2,137.8,148.2,0.0,0.0,0.0,0.0,62
2023-05-10 10:30:47,HO2403-P-2700,HO2403-P-2700,137.8,0.0,0.0,0.0,1,145.8,148.4,1,137.8,148.2,0.0,0.0,0.0,0.0,62
2023-05-10 10:31:07,HO2403-P-2700,HO2403-P-2700,137.8,0.0,0.0,0.0,4,145.8,148.4,1,137.8,148.2,0.0,0.0,0.0,0.0,62
2023-05-10 10:31:10,HO2403-P-2700,HO2403-P-2700,137.8,0.0,0.0,0.0,1,145.8,148.4,1,137.8,148.2,0.0,0.0,0.0,0.0,62
2023-05-10 10:31:20,HO2403-P-2700,HO2403-P-2700,137.8,0.0,0.0,0.0,1,145.8,148.8,1,137.8,148.2,0.0,0.0,0.0,0.0,62
2023-05-10 10:31:21,HO2403-P-2700,HO2403-P-2700,137.8,0.0,0.0,0.0,4,145.8,148.8,1,137.8,148.2,0.0,0.0,0.0,0.0,62
2023-05-10 10:31:27,HO2403-P-2700,HO2403-P-2700,137.8,0.0,0.0,0.0,1,146.4,148.8,1,137.8,148.2,0.0,0.0,0.0,0.0,62
2023-05-10 10:32:21,HO2403-P-2700,HO2403-P-2700,137.8,0.0,0.0,0.0,1,146.4,149.2,1,137.8,148.2,0.0,0.0,0.0,0.0,62
2023-05-10 10:32:23,HO2403-P-2700,HO2403-P-2700,137.8,0.0,0.0,0.0,1,146.4,149.2,2,137.8,148.2,0.0,0.0,0.0,0.0,62
2023-05-10 10:32:24,HO2403-P-2700,HO2403-P-2700,137.8,0.0,0.0,0.0,1,146.4,149.2,1,137.8,148.2,0.0,0.0,0.0,0.0,62
2023-05-10 10:32:46,HO2403-P-2700,HO2403-P-2700,137.8,0.0,0.0,0.0,1,146.4,149.2,2,137.8,148.2,0.0,0.0,0.0,0.0,62
2023-05-10 10:33:00,HO2403-P-2700,HO2403-P-2700,137.8,0.0,0.0,0.0,1,146.4,149.2,1,137.8,148.2,0.0,0.0,0.0,0.0,62
2023-05-10 10:33:00,HO2403-P-2700,HO2403-P-2700,137.8,0.0,0.0,0.0,1,146.4,149.2,2,137.8,148.2,0.0,0.0,0.0,0.0,62
2023-05-10 10:33:03,HO2403-P-2700,HO2403-P-2700,137.8,0.0,0.0,0.0,1,146.4,149.2,1,137.8,148.2,0.0,0.0,0.0,0.0,62
2023-05-10 10:33:04,HO2403-P-2700,HO2403-P-2700,137.8,0.0,0.0,0.0,1,146.4,149.2,2,137.8,148.2,0.0,0.0,0.0,0.0,62
2023-05-10 10:33:06,HO2403-P-2700,HO2403-P-2700,137.8,0.0,0.0,0.0,1,146.4,149.2,1,137.8,148.2,0.0,0.0,0.0,0.0,62
2023-05-10 10:33:07,HO2403-P-2700,HO2403-P-2700,137.8,0.0,0.0,0.0,1,146.4,149.2,2,137.8,148.2,0.0,0.0,0.0,0.0,62
2023-05-10 10:33:08,HO2403-P-2700,HO2403-P-2700,137.8,0.0,0.0,0.0,1,146.4,149.2,1,137.8,148.2,0.0,0.0,0.0,0.0,62
2023-05-10 10:33:14,HO2403-P-2700,HO2403-P-2700,137.8,0.0,0.0,0.0,1,146.4,149.2,2,137.8,148.2,0.0,0.0,0.0,0.0,62
2023-05-10 10:33:16,HO2403-P-2700,HO2403-P-2700,137.8,0.0,0.0,0.0,1,146.4,148.8,1,137.8,148.2,0.0,0.0,0.0,0.0,62
2023-05-10 10:33:17,HO2403-P-2700,HO2403-P-2700,137.8,0.0,0.0,0.0,1,146.4,148.8,2,137.8,148.2,0.0,0.0,0.0,0.0,62
2023-05-10 10:33:18,HO2403-P-2700,HO2403-P-2700,137.8,0.0,0.0,0.0,1,146.4,148.8,1,137.8,148.2,0.0,0.0,0.0,0.0,62
2023-05-10 10:33:19,HO2403-P-2700,HO2403-P-2700,137.8,0.0,0.0,0.0,1,146.4,149.2,1,137.8,148.2,0.0,0.0,0.0,0.0,62
2023-05-10 10:33:19,HO2403-P-2700,HO2403-P-2700,137.8,0.0,0.0,0.0,1,146.4,149.0,1,137.8,148.2,0.0,0.0,0.0,0.0,62
2023-05-10 10:33:20,HO2403-P-2700,HO2403-P-2700,137.8,0.0,0.0,0.0,1,146.4,149.2,1,137.8,148.2,0.0,0.0,0.0,0.0,62
2023-05-10 10:33:21,HO2403-P-2700,HO2403-P-2700,137.8,0.0,0.0,0.0,1,146.4,149.2,2,137.8,148.2,0.0,0.0,0.0,0.0,62
2023-05-10 10:33:27,HO2403-P-2700,HO2403-P-2700,137.8,0.0,0.0,0.0,1,146.4,149.2,1,137.8,148.2,0.0,0.0,0.0,0.0,62
2023-05-10 10:33:28,HO2403-P-2700,HO2403-P-2700,137.8,0.0,0.0,0.0,1,146.4,149.4,19,137.8,148.2,0.0,0.0,0.0,0.0,62
2023-05-10 10:33:29,HO2403-P-2700,HO2403-P-2700,137.8,0.0,0.0,0.0,1,146.4,149.4,14,137.8,148.2,0.0,0.0,0.0,0.0,62
2023-05-10 10:33:33,HO2403-P-2700,HO2403-P-2700,137.8,0.0,0.0,0.0,1,146.4,149.2,1,137.8,148.2,0.0,0.0,0.0,0.0,62
2023-05-10 10:33:46,HO2403-P-2700,HO2403-P-2700,137.8,0.0,0.0,0.0,1,146.4,149.0,1,137.8,148.2,0.0,0.0,0.0,0.0,62
2023-05-10 10:33:54,HO2403-P-2700,HO2403-P-2700,137.8,0.0,0.0,0.0,1,146.4,149.2,1,137.8,148.2,0.0,0.0,0.0,0.0,62
2023-05-10 10:33:54,HO2403-P-2700,HO2403-P-2700,137.8,0.0,0.0,0.0,1,146.4,149.2,2,137.8,148.2,0.0,0.0,0.0,0.0,62
2023-05-10 10:33:56,HO2403-P-2700,HO2403-P-2700,137.8,0.0,0.0,0.0,1,146.4,149.2,1,137.8,148.2,0.0,0.0,0.0,0.0,62
2023-05-10 10:33:57,HO2403-P-2700,HO2403-P-2700,137.8,0.0,0.0,0.0,1,146.4,149.2,2,137.8,148.2,0.0,0.0,0.0,0.0,62
2023-05-10 10:34:02,HO2403-P-2700,HO2403-P-2700,137.8,0.0,0.0,0.0,1,146.4,149.2,1,137.8,148.2,0.0,0.0,0.0,0.0,62
2023-05-10 10:34:02,HO2403-P-2700,HO2403-P-2700,137.8,0.0,0.0,0.0,1,146.4,149.2,2,137.8,148.2,0.0,0.0,0.0,0.0,62
2023-05-10 10:34:03,HO2403-P-2700,HO2403-P-2700,137.8,0.0,0.0,0.0,1,146.4,149.2,1,137.8,148.2,0.0,0.0,0.0,0.0,62
2023-05-10 10:34:03,HO2403-P-2700,HO2403-P-2700,137.8,0.0,0.0,0.0,1,146.4,149.2,2,137.8,148.2,0.0,0.0,0.0,0.0,62
2023-05-10 10:34:09,HO2403-P-2700,HO2403-P-2700,137.8,0.0,0.0,0.0,1,146.4,149.4,12,137.8,148.2,0.0,0.0,0.0,0.0,62
2023-05-10 10:34:10,HO2403-P-2700,HO2403-P-2700,137.8,0.0,0.0,0.0,1,146.4,149.4,7,137.8,148.2,0.0,0.0,0.0,0.0,62
2023-05-10 10:34:27,HO2403-P-2700,HO2403-P-2700,137.8,0.0,0.0,0.0,1,146.4,149.4,6,137.8,148.2,0.0,0.0,0.0,0.0,62
2023-05-10 10:34:33,HO2403-P-2700,HO2403-P-2700,137.8,0.0,0.0,0.0,1,146.4,149.2,1,137.8,148.2,0.0,0.0,0.0,0.0,62
2023-05-10 10:34:40,HO2403-P-2700,HO2403-P-2700,137.8,0.0,0.0,0.0,1,146.4,149.2,2,137.8,148.2,0.0,0.0,0.0,0.0,62
2023-05-10 10:34:42,HO2403-P-2700,HO2403-P-2700,137.8,0.0,0.0,0.0,1,146.4,148.8,1,137.8,148.2,0.0,0.0,0.0,0.0,62
2023-05-10 10:34:43,HO2403-P-2700,HO2403-P-2700,137.8,0.0,0.0,0.0,1,146.4,148.6,1,137.8,148.2,0.0,0.0,0.0,0.0,62
2023-05-10 10:34:44,HO2403-P-2700,HO2403-P-2700,137.8,0.0,0.0,0.0,1,146.4,148.8,1,137.8,148.2,0.0,0.0,0.0,0.0,62
2023-05-10 10:34:45,HO2403-P-2700,HO2403-P-2700,137.8,0.0,0.0,0.0,1,146.4,148.8,2,137.8,148.2,0.0,0.0,0.0,0.0,62
2023-05-10 10:34:52,HO2403-P-2700,HO2403-P-2700,137.8,0.0,0.0,0.0,1,146.4,148.8,1,137.8,148.2,0.0,0.0,0.0,0.0,62
2023-05-10 10:34:53,HO2403-P-2700,HO2403-P-2700,137.8,0.0,0.0,0.0,1,146.4,149.2,1,137.8,148.2,0.0,0.0,0.0,0.0,62
2023-05-10 10:34:53,HO2403-P-2700,HO2403-P-2700,137.8,0.0,0.0,0.0,1,146.4,149.0,1,137.8,148.2,0.0,0.0,0.0,0.0,62
2023-05-10 10:35:02,HO2403-P-2700,HO2403-P-2700,137.8,0.0,0.0,0.0,1,146.4,149.2,1,137.8,148.2,0.0,0.0,0.0,0.0,62
2023-05-10 10:35:03,HO2403-P-2700,HO2403-P-2700,137.8,0.0,0.0,0.0,1,146.4,149.2,2,137.8,148.2,0.0,0.0,0.0,0.0,62
2023-05-10 10:35:06,HO2403-P-2700,HO2403-P-2700,137.8,0.0,0.0,0.0,1,146.4,149.2,1,137.8,148.2,0.0,0.0,0.0,0.0,62
2023-05-10 10:35:06,HO2403-P-2700,HO2403-P-2700,137.8,0.0,0.0,0.0,1,146.4,149.2,2,137.8,148.2,0.0,0.0,0.0,0.0,62
2023-05-10 10:35:35,HO2403-P-2700,HO2403-P-2700,137.8,0.0,0.0,0.0,1,146.4,148.8,1,137.8,148.2,0.0,0.0,0.0,0.0,62
2023-05-10 10:36:06,HO2403-P-2700,HO2403-P-2700,137.8,0.0,0.0,0.0,1,145.6,148.8,1,137.8,148.2,0.0,0.0,0.0,0.0,62
2023-05-10 10:36:06,HO2403-P-2700,HO2403-P-2700,137.8,0.0,0.0,0.0,4,145.6,148.8,2,137.8,148.2,0.0,0.0,0.0,0.0,62
2023-05-10 10:36:07,HO2403-P-2700,HO2403-P-2700,137.8,0.0,0.0,0.0,4,145.6,148.2,1,137.8,148.2,0.0,0.0,0.0,0.0,62
2023-05-10 10:36:07,HO2403-P-2700,HO2403-P-2700,137.8,0.0,0.0,0.0,1,145.6,148.2,7,137.8,148.2,0.0,0.0,0.0,0.0,62
2023-05-10 10:36:17,HO2403-P-2700,HO2403-P-2700,137.8,0.0,0.0,0.0,4,145.6,148.2,6,137.8,148.2,0.0,0.0,0.0,0.0,62
2023-05-10 10:36:22,HO2403-P-2700,HO2403-P-2700,137.8,0.0,0.0,0.0,1,145.6,148.2,6,137.8,148.2,0.0,0.0,0.0,0.0,62
2023-05-10 10:36:24,HO2403-P-2700,HO2403-P-2700,137.8,0.0,0.0,0.0,4,145.6,148.2,6,137.8,148.2,0.0,0.0,0.0,0.0,62
2023-05-10 10:36:25,HO2403-P-2700,HO2403-P-2700,137.8,0.0,0.0,0.0,1,145.6,148.2,6,137.8,148.2,0.0,0.0,0.0,0.0,62
2023-05-10 10:36:25,HO2403-P-2700,HO2403-P-2700,137.8,0.0,0.0,0.0,4,145.6,148.2,6,137.8,148.2,0.0,0.0,0.0,0.0,62
2023-05-10 10:36:26,HO2403-P-2700,HO2403-P-2700,137.8,0.0,0.0,0.0,1,145.6,148.2,6,137.8,148.2,0.0,0.0,0.0,0.0,62
2023-05-10 10:36:27,HO2403-P-2700,HO2403-P-2700,137.8,0.0,0.0,0.0,4,145.6,148.2,6,137.8,148.2,0.0,0.0,0.0,0.0,62
2023-05-10 10:36:28,HO2403-P-2700,HO2403-P-2700,137.8,0.0,0.0,0.0,1,145.6,148.2,6,137.8,148.2,0.0,0.0,0.0,0.0,62
2023-05-10 10:36:34,HO2403-P-2700,HO2403-P-2700,137.8,0.0,0.0,0.0,1,145.6,148.2,7,137.8,148.2,0.0,0.0,0.0,0.0,62
2023-05-10 10:36:46,HO2403-P-2700,HO2403-P-2700,137.8,0.0,0.0,0.0,1,145.6,148.2,6,137.8,148.2,0.0,0.0,0.0,0.0,62
2023-05-10 10:36:48,HO2403-P-2700,HO2403-P-2700,137.8,0.0,0.0,0.0,4,145.6,148.2,6,137.8,148.2,0.0,0.0,0.0,0.0,62
2023-05-10 10:36:49,HO2403-P-2700,HO2403-P-2700,137.8,0.0,0.0,0.0,1,145.6,148.2,6,137.8,148.2,0.0,0.0,0.0,0.0,62
2023-05-10 10:36:49,HO2403-P-2700,HO2403-P-2700,137.8,0.0,0.0,0.0,4,145.6,148.2,6,137.8,148.2,0.0,0.0,0.0,0.0,62
2023-05-10 10:36:50,HO2403-P-2700,HO2403-P-2700,137.8,0.0,0.0,0.0,4,145.6,148.6,1,137.8,148.2,0.0,0.0,0.0,0.0,62
2023-05-10 10:36:52,HO2403-P-2700,HO2403-P-2700,137.8,0.0,0.0,0.0,1,146.4,149.2,1,137.8,148.2,0.0,0.0,0.0,0.0,62
2023-05-10 10:36:57,HO2403-P-2700,HO2403-P-2700,137.8,0.0,0.0,0.0,1,146.4,149.0,1,137.8,148.2,0.0,0.0,0.0,0.0,62
2023-05-10 10:37:00,HO2403-P-2700,HO2403-P-2700,137.8,0.0,0.0,0.0,1,146.4,148.8,1,137.8,148.2,0.0,0.0,0.0,0.0,62
2023-05-10 10:37:01,HO2403-P-2700,HO2403-P-2700,137.8,0.0,0.0,0.0,1,146.4,148.8,2,137.8,148.2,0.0,0.0,0.0,0.0,62
2023-05-10 10:37:02,HO2403-P-2700,HO2403-P-2700,137.8,0.0,0.0,0.0,1,146.4,148.8,1,137.8,148.2,0.0,0.0,0.0,0.0,62
2023-05-10 10:37:03,HO2403-P-2700,HO2403-P-2700,137.8,0.0,0.0,0.0,1,146.4,149.4,7,137.8,148.2,0.0,0.0,0.0,0.0,62
2023-05-10 10:37:03,HO2403-P-2700,HO2403-P-2700,137.8,0.0,0.0,0.0,1,146.4,149.2,1,137.8,148.2,0.0,0.0,0.0,0.0,62
2023-05-10 10:37:06,HO2403-P-2700,HO2403-P-2700,137.8,0.0,0.0,0.0,1,146.4,149.4,7,137.8,148.2,0.0,0.0,0.0,0.0,62
2023-05-10 10:37:07,HO2403-P-2700,HO2403-P-2700,137.8,0.0,0.0,0.0,1,146.4,149.2,1,137.8,148.2,0.0,0.0,0.0,0.0,62
2023-05-10 10:37:07,HO2403-P-2700,HO2403-P-2700,137.8,0.0,0.0,0.0,1,146.4,149.4,7,137.8,148.2,0.0,0.0,0.0,0.0,62
2023-05-10 10:37:16,HO2403-P-2700,HO2403-P-2700,137.8,0.0,0.0,0.0,1,146.4,149.2,1,137.8,148.2,0.0,0.0,0.0,0.0,62
2023-05-10 10:37:29,HO2403-P-2700,HO2403-P-2700,137.8,0.0,0.0,0.0,1,146.4,149.0,1,137.8,148.2,0.0,0.0,0.0,0.0,62
2023-05-10 10:37:30,HO2403-P-2700,HO2403-P-2700,137.8,0.0,0.0,0.0,1,146.4,149.0,2,137.8,148.2,0.0,0.0,0.0,0.0,62
2023-05-10 10:37:36,HO2403-P-2700,HO2403-P-2700,137.8,0.0,0.0,0.0,1,146.4,149.0,1,137.8,148.2,0.0,0.0,0.0,0.0,62
2023-05-10 10:37:46,HO2403-P-2700,HO2403-P-2700,137.8,0.0,0.0,0.0,1,146.4,148.8,1,137.8,148.2,0.0,0.0,0.0,0.0,62
2023-05-10 10:37:47,HO2403-P-2700,HO2403-P-2700,137.8,0.0,0.0,0.0,1,146.4,148.6,1,137.8,148.2,0.0,0.0,0.0,0.0,62
2023-05-10 10:37:48,HO2403-P-2700,HO2403-P-2700,137.8,0.0,0.0,0.0,1,146.4,148.6,2,137.8,148.2,0.0,0.0,0.0,0.0,62
2023-05-10 10:37:49,HO2403-P-2700,HO2403-P-2700,137.8,0.0,0.0,0.0,1,145.6,148.6,2,137.8,148.2,0.0,0.0,0.0,0.0,62
2023-05-10 10:37:50,HO2403-P-2700,HO2403-P-2700,137.8,0.0,0.0,0.0,1,145.6,148.6,1,137.8,148.2,0.0,0.0,0.0,0.0,62
2023-05-10 10:37:50,HO2403-P-2700,HO2403-P-2700,137.8,0.0,0.0,0.0,4,145.6,148.6,1,137.8,148.2,0.0,0.0,0.0,0.0,62
2023-05-10 10:37:51,HO2403-P-2700,HO2403-P-2700,137.8,0.0,0.0,0.0,1,145.6,148.6,1,137.8,148.2,0.0,0.0,0.0,0.0,62
2023-05-10 10:37:59,HO2403-P-2700,HO2403-P-2700,137.8,0.0,0.0,0.0,1,145.6,148.6,2,137.8,148.2,0.0,0.0,0.0,0.0,62
2023-05-10 10:37:59,HO2403-P-2700,HO2403-P-2700,137.8,0.0,0.0,0.0,1,145.6,148.6,1,137.8,148.2,0.0,0.0,0.0,0.0,62
2023-05-10 10:38:02,HO2403-P-2700,HO2403-P-2700,137.8,0.0,0.0,0.0,4,145.6,148.6,1,137.8,148.2,0.0,0.0,0.0,0.0,62
2023-05-10 10:38:05,HO2403-P-2700,HO2403-P-2700,137.8,0.0,0.0,0.0,1,145.6,148.6,1,137.8,148.2,0.0,0.0,0.0,0.0,62
2023-05-10 10:38:22,HO2403-P-2700,HO2403-P-2700,137.8,0.0,0.0,0.0,4,145.6,148.6,1,137.8,148.2,0.0,0.0,0.0,0.0,62
2023-05-10 10:38:24,HO2403-P-2700,HO2403-P-2700,137.8,0.0,0.0,0.0,1,145.6,148.6,1,137.8,148.2,0.0,0.0,0.0,0.0,62
2023-05-10 10:38:25,HO2403-P-2700,HO2403-P-2700,137.8,0.0,0.0,0.0,4,145.6,148.6,1,137.8,148.2,0.0,0.0,0.0,0.0,62
2023-05-10 10:38:31,HO2403-P-2700,HO2403-P-2700,137.8,0.0,0.0,0.0,1,145.6,148.6,1,137.8,148.2,0.0,0.0,0.0,0.0,62
2023-05-10 10:38:40,HO2403-P-2700,HO2403-P-2700,137.8,0.0,0.0,0.0,4,145.6,148.6,1,137.8,148.2,0.0,0.0,0.0,0.0,62
2023-05-10 10:38:40,HO2403-P-2700,HO2403-P-2700,137.8,0.0,0.0,0.0,1,145.6,148.6,1,137.8,148.2,0.0,0.0,0.0,0.0,62
2023-05-10 10:38:42,HO2403-P-2700,HO2403-P-2700,137.8,0.0,0.0,0.0,4,145.6,148.6,1,137.8,148.2,0.0,0.0,0.0,0.0,62
2023-05-10 10:38:43,HO2403-P-2700,HO2403-P-2700,137.8,0.0,0.0,0.0,1,145.6,148.6,1,137.8,148.2,0.0,0.0,0.0,0.0,62
2023-05-10 10:38:43,HO2403-P-2700,HO2403-P-2700,137.8,0.0,0.0,0.0,4,145.6,148.6,1,137.8,148.2,0.0,0.0,0.0,0.0,62
2023-05-10 10:38:45,HO2403-P-2700,HO2403-P-2700,137.8,0.0,0.0,0.0,1,145.6,148.6,1,137.8,148.2,0.0,0.0,0.0,0.0,62
2023-05-10 10:38:49,HO2403-P-2700,HO2403-P-2700,137.8,0.0,0.0,0.0,1,145.6,149.0,1,137.8,148.2,0.0,0.0,0.0,0.0,62
2023-05-10 10:38:49,HO2403-P-2700,HO2403-P-2700,137.8,0.0,0.0,0.0,1,145.6,148.8,1,137.8,148.2,0.0,0.0,0.0,0.0,62
2023-05-10 10:38:50,HO2403-P-2700,HO2403-P-2700,137.8,0.0,0.0,0.0,4,145.6,149.0,1,137.8,148.2,0.0,0.0,0.0,0.0,62
2023-05-10 10:38:50,HO2403-P-2700,HO2403-P-2700,137.8,0.0,0.0,0.0,1,146.4,149.0,2,137.8,148.2,0.0,0.0,0.0,0.0,62
2023-05-10 10:39:48,HO2403-P-2700,HO2403-P-2700,137.8,0.0,0.0,0.0,1,146.4,149.0,1,137.8,148.2,0.0,0.0,0.0,0.0,62
2023-05-10 10:39:55,HO2403-P-2700,HO2403-P-2700,137.8,0.0,0.0,0.0,1,146.4,149.0,2,137.8,148.2,0.0,0.0,0.0,0.0,62
2023-05-10 10:40:02,HO2403-P-2700,HO2403-P-2700,137.8,0.0,0.0,0.0,1,146.4,149.0,1,137.8,148.2,0.0,0.0,0.0,0.0,62
2023-05-10 10:40:25,HO2403-P-2700,HO2403-P-2700,137.8,0.0,0.0,0.0,1,146.4,149.0,2,137.8,148.2,0.0,0.0,0.0,0.0,62
2023-05-10 10:41:27,HO2403-P-2700,HO2403-P-2700,137.8,0.0,0.0,0.0,1,146.4,148.6,1,137.8,148.2,0.0,0.0,0.0,0.0,62
2023-05-10 10:41:27,HO2403-P-2700,HO2403-P-2700,137.8,0.0,0.0,0.0,1,146.4,148.6,2,137.8,148.2,0.0,0.0,0.0,0.0,62
2023-05-10 10:41:30,HO2403-P-2700,HO2403-P-2700,137.8,0.0,0.0,0.0,1,146.4,148.6,1,137.8,148.2,0.0,0.0,0.0,0.0,62
2023-05-10 10:41:30,HO2403-P-2700,HO2403-P-2700,137.8,0.0,0.0,0.0,1,146.4,148.6,2,137.8,148.2,0.0,0.0,0.0,0.0,62
2023-05-10 10:41:32,HO2403-P-2700,HO2403-P-2700,137.8,0.0,0.0,0.0,1,146.4,148.6,1,137.8,148.2,0.0,0.0,0.0,0.0,62
2023-05-10 10:41:47,HO2403-P-2700,HO2403-P-2700,137.8,0.0,0.0,0.0,1,145.6,148.6,1,137.8,148.2,0.0,0.0,0.0,0.0,62
2023-05-10 10:41:48,HO2403-P-2700,HO2403-P-2700,137.8,0.0,0.0,0.0,1,145.6,148.6,2,137.8,148.2,0.0,0.0,0.0,0.0,62
2023-05-10 10:41:48,HO2403-P-2700,HO2403-P-2700,137.8,0.0,0.0,0.0,4,145.6,148.6,2,137.8,148.2,0.0,0.0,0.0,0.0,62
2023-05-10 10:41:49,HO2403-P-2700,HO2403-P-2700,137.8,0.0,0.0,0.0,1,145.6,148.6,2,137.8,148.2,0.0,0.0,0.0,0.0,62
2023-05-10 10:41:49,HO2403-P-2700,HO2403-P-2700,137.8,0.0,0.0,0.0,4,145.6,148.6,1,137.8,148.2,0.0,0.0,0.0,0.0,62
2023-05-10 10:41:55,HO2403-P-2700,HO2403-P-2700,137.8,0.0,0.0,0.0,1,145.6,148.6,1,137.8,148.2,0.0,0.0,0.0,0.0,62
2023-05-10 10:41:56,HO2403-P-2700,HO2403-P-2700,137.8,0.0,0.0,0.0,4,145.6,148.6,2,137.8,148.2,0.0,0.0,0.0,0.0,62
2023-05-10 10:41:56,HO2403-P-2700,HO2403-P-2700,137.8,0.0,0.0,0.0,1,145.6,148.6,2,137.8,148.2,0.0,0.0,0.0,0.0,62
2023-05-10 10:42:02,HO2403-P-2700,HO2403-P-2700,137.8,0.0,0.0,0.0,1,145.6,148.6,1,137.8,148.2,0.0,0.0,0.0,0.0,62
2023-05-10 10:42:02,HO2403-P-2700,HO2403-P-2700,137.8,0.0,0.0,0.0,1,145.6,148.6,2,137.8,148.2,0.0,0.0,0.0,0.0,62
2023-05-10 10:42:03,HO2403-P-2700,HO2403-P-2700,137.8,0.0,0.0,0.0,1,145.6,148.6,1,137.8,148.2,0.0,0.0,0.0,0.0,62
2023-05-10 10:42:22,HO2403-P-2700,HO2403-P-2700,137.8,0.0,0.0,0.0,1,145.6,148.6,2,137.8,148.2,0.0,0.0,0.0,0.0,62
2023-05-10 10:42:23,HO2403-P-2700,HO2403-P-2700,137.8,0.0,0.0,0.0,1,145.6,148.2,1,137.8,148.2,0.0,0.0,0.0,0.0,62
2023-05-10 10:42:23,HO2403-P-2700,HO2403-P-2700,137.8,0.0,0.0,0.0,1,145.6,148.2,7,137.8,148.2,0.0,0.0,0.0,0.0,62
2023-05-10 10:42:33,HO2403-P-2700,HO2403-P-2700,137.8,0.0,0.0,0.0,1,145.6,147.8,1,137.8,148.2,0.0,0.0,0.0,0.0,62
2023-05-10 10:43:02,HO2403-P-2700,HO2403-P-2700,137.8,0.0,0.0,0.0,1,145.6,148.2,7,137.8,148.2,0.0,0.0,0.0,0.0,62
2023-05-10 10:43:07,HO2403-P-2700,HO2403-P-2700,137.8,0.0,0.0,0.0,1,145.6,147.8,1,137.8,148.2,0.0,0.0,0.0,0.0,62
2023-05-10 10:43:15,HO2403-P-2700,HO2403-P-2700,137.8,0.0,0.0,0.0,12,145.2,147.8,1,137.8,148.2,0.0,0.0,0.0,0.0,62
2023-05-10 10:43:15,HO2403-P-2700,HO2403-P-2700,137.8,0.0,0.0,0.0,6,145.2,147.8,1,137.8,148.2,0.0,0.0,0.0,0.0,62
2023-05-10 10:43:19,HO2403-P-2700,HO2403-P-2700,137.8,0.0,0.0,0.0,9,145.2,147.8,1,137.8,148.2,0.0,0.0,0.0,0.0,62
2023-05-10 10:43:20,HO2403-P-2700,HO2403-P-2700,137.8,0.0,0.0,0.0,6,145.2,147.8,1,137.8,148.2,0.0,0.0,0.0,0.0,62
2023-05-10 10:43:21,HO2403-P-2700,HO2403-P-2700,137.8,0.0,0.0,0.0,9,145.2,147.8,1,137.8,148.2,0.0,0.0,0.0,0.0,62
2023-05-10 10:43:21,HO2403-P-2700,HO2403-P-2700,137.8,0.0,0.0,0.0,6,145.2,147.8,1,137.8,148.2,0.0,0.0,0.0,0.0,62
2023-05-10 10:43:22,HO2403-P-2700,HO2403-P-2700,137.8,0.0,0.0,0.0,9,145.2,147.8,1,137.8,148.2,0.0,0.0,0.0,0.0,62
2023-05-10 10:43:23,HO2403-P-2700,HO2403-P-2700,137.8,0.0,0.0,0.0,6,145.2,147.8,1,137.8,148.2,0.0,0.0,0.0,0.0,62
2023-05-10 10:43:24,HO2403-P-2700,HO2403-P-2700,137.8,0.0,0.0,0.0,9,145.2,147.8,1,137.8,148.2,0.0,0.0,0.0,0.0,62
2023-05-10 10:43:25,HO2403-P-2700,HO2403-P-2700,137.8,0.0,0.0,0.0,6,145.2,147.8,1,137.8,148.2,0.0,0.0,0.0,0.0,62
2023-05-10 10:43:25,HO2403-P-2700,HO2403-P-2700,137.8,0.0,0.0,0.0,9,145.2,147.8,1,137.8,148.2,0.0,0.0,0.0,0.0,62
2023-05-10 10:43:27,HO2403-P-2700,HO2403-P-2700,137.8,0.0,0.0,0.0,6,145.2,147.8,1,137.8,148.2,0.0,0.0,0.0,0.0,62
2023-05-10 10:43:28,HO2403-P-2700,HO2403-P-2700,137.8,0.0,0.0,0.0,9,145.2,147.8,1,137.8,148.2,0.0,0.0,0.0,0.0,62
2023-05-10 10:43:32,HO2403-P-2700,HO2403-P-2700,137.8,0.0,0.0,0.0,6,145.2,147.8,1,137.8,148.2,0.0,0.0,0.0,0.0,62
2023-05-10 10:43:33,HO2403-P-2700,HO2403-P-2700,137.8,0.0,0.0,0.0,9,145.2,147.8,1,137.8,148.2,0.0,0.0,0.0,0.0,62
2023-05-10 10:43:35,HO2403-P-2700,HO2403-P-2700,137.8,0.0,0.0,0.0,6,145.2,147.8,1,137.8,148.2,0.0,0.0,0.0,0.0,62
2023-05-10 10:43:37,HO2403-P-2700,HO2403-P-2700,137.8,0.0,0.0,0.0,9,145.2,147.8,1,137.8,148.2,0.0,0.0,0.0,0.0,62
2023-05-10 10:43:38,HO2403-P-2700,HO2403-P-2700,137.8,0.0,0.0,0.0,6,145.2,147.8,1,137.8,148.2,0.0,0.0,0.0,0.0,62
2023-05-10 10:43:40,HO2403-P-2700,HO2403-P-2700,137.8,0.0,0.0,0.0,9,145.2,147.8,1,137.8,148.2,0.0,0.0,0.0,0.0,62
2023-05-10 10:43:42,HO2403-P-2700,HO2403-P-2700,137.8,0.0,0.0,0.0,6,145.2,147.8,1,137.8,148.2,0.0,0.0,0.0,0.0,62
2023-05-10 10:43:44,HO2403-P-2700,HO2403-P-2700,137.8,0.0,0.0,0.0,9,145.2,147.8,1,137.8,148.2,0.0,0.0,0.0,0.0,62
2023-05-10 10:43:49,HO2403-P-2700,HO2403-P-2700,137.8,0.0,0.0,0.0,6,145.2,147.8,1,137.8,148.2,0.0,0.0,0.0,0.0,62
2023-05-10 10:43:54,HO2403-P-2700,HO2403-P-2700,137.8,0.0,0.0,0.0,9,145.2,147.8,1,137.8,148.2,0.0,0.0,0.0,0.0,62
2023-05-10 10:43:57,HO2403-P-2700,HO2403-P-2700,137.8,0.0,0.0,0.0,6,145.2,147.8,1,137.8,148.2,0.0,0.0,0.0,0.0,62
2023-05-10 10:44:09,HO2403-P-2700,HO2403-P-2700,137.8,0.0,0.0,0.0,9,145.2,147.8,1,137.8,148.2,0.0,0.0,0.0,0.0,62
2023-05-10 10:44:19,HO2403-P-2700,HO2403-P-2700,137.8,0.0,0.0,0.0,1,145.6,148.2,7,137.8,148.2,0.0,0.0,0.0,0.0,62
2023-05-10 10:44:25,HO2403-P-2700,HO2403-P-2700,137.8,0.0,0.0,0.0,1,145.6,147.8,1,137.8,148.2,0.0,0.0,0.0,0.0,62
2023-05-10 10:44:29,HO2403-P-2700,HO2403-P-2700,137.8,0.0,0.0,0.0,1,145.6,148.2,7,137.8,148.2,0.0,0.0,0.0,0.0,62
2023-05-10 10:44:33,HO2403-P-2700,HO2403-P-2700,137.8,0.0,0.0,0.0,1,145.6,147.8,1,137.8,148.2,0.0,0.0,0.0,0.0,62
2023-05-10 10:44:44,HO2403-P-2700,HO2403-P-2700,137.8,0.0,0.0,0.0,1,145.6,148.2,7,137.8,148.2,0.0,0.0,0.0,0.0,62
2023-05-10 10:45:13,HO2403-P-2700,HO2403-P-2700,137.8,0.0,0.0,0.0,1,145.6,147.8,1,137.8,148.2,0.0,0.0,0.0,0.0,62
2023-05-10 10:45:16,HO2403-P-2700,HO2403-P-2700,137.8,0.0,0.0,0.0,12,145.0,147.8,1,137.8,148.2,0.0,0.0,0.0,0.0,62
2023-05-10 10:45:16,HO2403-P-2700,HO2403-P-2700,137.8,0.0,0.0,0.0,13,144.8,147.8,1,137.8,148.2,0.0,0.0,0.0,0.0,62
2023-05-10 10:45:17,HO2403-P-2700,HO2403-P-2700,137.8,0.0,0.0,0.0,10,144.8,147.8,1,137.8,148.2,0.0,0.0,0.0,0.0,62
2023-05-10 10:45:17,HO2403-P-2700,HO2403-P-2700,137.8,0.0,0.0,0.0,4,144.8,147.8,1,137.8,148.2,0.0,0.0,0.0,0.0,62
2023-05-10 10:45:41,HO2403-P-2700,HO2403-P-2700,137.8,0.0,0.0,0.0,6,145.0,147.8,1,137.8,148.2,0.0,0.0,0.0,0.0,62
2023-05-10 10:45:42,HO2403-P-2700,HO2403-P-2700,137.8,0.0,0.0,0.0,3,145.2,147.8,1,137.8,148.2,0.0,0.0,0.0,0.0,62
2023-05-10 10:45:45,HO2403-P-2700,HO2403-P-2700,137.8,0.0,0.0,0.0,1,145.6,148.2,6,137.8,148.2,0.0,0.0,0.0,0.0,62
2023-05-10 10:45:54,HO2403-P-2700,HO2403-P-2700,137.8,0.0,0.0,0.0,1,145.6,148.0,1,137.8,148.2,0.0,0.0,0.0,0.0,62
2023-05-10 10:46:14,HO2403-P-2700,HO2403-P-2700,137.8,0.0,0.0,0.0,1,145.6,148.2,6,137.8,148.2,0.0,0.0,0.0,0.0,62
2023-05-10 10:48:08,HO2403-P-2700,HO2403-P-2700,137.8,0.0,0.0,0.0,4,145.6,148.4,12,137.8,148.2,0.0,0.0,0.0,0.0,62
2023-05-10 10:48:08,HO2403-P-2700,HO2403-P-2700,137.8,0.0,0.0,0.0,1,146.8,148.6,18,137.8,148.2,0.0,0.0,0.0,0.0,62
2023-05-10 10:48:09,HO2403-P-2700,HO2403-P-2700,137.8,0.0,0.0,0.0,1,146.8,148.6,6,137.8,148.2,0.0,0.0,0.0,0.0,62
2023-05-10 10:48:09,HO2403-P-2700,HO2403-P-2700,137.8,0.0,0.0,0.0,1,146.8,148.8,18,137.8,148.2,0.0,0.0,0.0,0.0,62
2023-05-10 10:48:10,HO2403-P-2700,HO2403-P-2700,137.8,0.0,0.0,0.0,1,146.8,148.8,12,137.8,148.2,0.0,0.0,0.0,0.0,62
2023-05-10 10:48:10,HO2403-P-2700,HO2403-P-2700,137.8,0.0,0.0,0.0,1,146.8,149.4,24,137.8,148.2,0.0,0.0,0.0,0.0,62
2023-05-10 10:48:11,HO2403-P-2700,HO2403-P-2700,137.8,0.0,0.0,0.0,1,146.8,149.2,1,137.8,148.2,0.0,0.0,0.0,0.0,62
2023-05-10 10:48:15,HO2403-P-2700,HO2403-P-2700,137.8,0.0,0.0,0.0,1,146.8,149.2,2,137.8,148.2,0.0,0.0,0.0,0.0,62
2023-05-10 10:48:32,HO2403-P-2700,HO2403-P-2700,137.8,0.0,0.0,0.0,1,146.8,149.2,1,137.8,148.2,0.0,0.0,0.0,0.0,62
2023-05-10 10:48:37,HO2403-P-2700,HO2403-P-2700,137.8,0.0,0.0,0.0,1,146.8,149.4,18,137.8,148.2,0.0,0.0,0.0,0.0,62
2023-05-10 10:48:38,HO2403-P-2700,HO2403-P-2700,137.8,0.0,0.0,0.0,1,146.8,149.4,19,137.8,148.2,0.0,0.0,0.0,0.0,62
2023-05-10 10:48:39,HO2403-P-2700,HO2403-P-2700,137.8,0.0,0.0,0.0,1,146.8,149.4,13,137.8,148.2,0.0,0.0,0.0,0.0,62
2023-05-10 10:48:41,HO2403-P-2700,HO2403-P-2700,137.8,0.0,0.0,0.0,1,146.8,149.4,12,137.8,148.2,0.0,0.0,0.0,0.0,62
2023-05-10 10:48:41,HO2403-P-2700,HO2403-P-2700,137.8,0.0,0.0,0.0,1,146.8,149.4,7,137.8,148.2,0.0,0.0,0.0,0.0,62
2023-05-10 10:48:42,HO2403-P-2700,HO2403-P-2700,137.8,0.0,0.0,0.0,1,146.8,149.4,6,137.8,148.2,0.0,0.0,0.0,0.0,62
2023-05-10 10:48:57,HO2403-P-2700,HO2403-P-2700,137.8,0.0,0.0,0.0,1,146.8,149.4,7,137.8,148.2,0.0,0.0,0.0,0.0,62
2023-05-10 10:48:58,HO2403-P-2700,HO2403-P-2700,137.8,0.0,0.0,0.0,1,146.8,149.4,6,137.8,148.2,0.0,0.0,0.0,0.0,62
2023-05-10 10:50:07,HO2403-P-2700,HO2403-P-2700,137.8,0.0,0.0,0.0,4,146.8,149.4,6,137.8,148.2,0.0,0.0,0.0,0.0,62
2023-05-10 10:50:08,HO2403-P-2700,HO2403-P-2700,137.8,0.0,0.0,0.0,1,148.2,149.4,6,137.8,148.2,0.0,0.0,0.0,0.0,62
2023-05-10 10:50:20,HO2403-P-2700,HO2403-P-2700,137.8,0.0,0.0,0.0,1,148.2,150.0,12,137.8,148.2,0.0,0.0,0.0,0.0,62
2023-05-10 10:50:21,HO2403-P-2700,HO2403-P-2700,137.8,0.0,0.0,0.0,1,148.2,150.2,12,137.8,148.2,0.0,0.0,0.0,0.0,62
2023-05-10 10:50:21,HO2403-P-2700,HO2403-P-2700,137.8,0.0,0.0,0.0,1,148.2,150.4,12,137.8,148.2,0.0,0.0,0.0,0.0,62
2023-05-10 10:50:22,HO2403-P-2700,HO2403-P-2700,137.8,0.0,0.0,0.0,1,148.2,150.6,18,137.8,148.2,0.0,0.0,0.0,0.0,62
2023-05-10 10:50:22,HO2403-P-2700,HO2403-P-2700,137.8,0.0,0.0,0.0,1,148.2,150.4,1,137.8,148.2,0.0,0.0,0.0,0.0,62
2023-05-10 10:50:23,HO2403-P-2700,HO2403-P-2700,137.8,0.0,0.0,0.0,1,148.2,150.6,18,137.8,148.2,0.0,0.0,0.0,0.0,62
2023-05-10 10:50:23,HO2403-P-2700,HO2403-P-2700,137.8,0.0,0.0,0.0,1,148.2,150.6,19,137.8,148.2,0.0,0.0,0.0,0.0,62
2023-05-10 10:50:25,HO2403-P-2700,HO2403-P-2700,137.8,0.0,0.0,0.0,1,148.2,150.6,13,137.8,148.2,0.0,0.0,0.0,0.0,62
2023-05-10 10:50:38,HO2403-P-2700,HO2403-P-2700,137.8,0.0,0.0,0.0,1,148.2,150.6,12,137.8,148.2,0.0,0.0,0.0,0.0,62
2023-05-10 10:50:38,HO2403-P-2700,HO2403-P-2700,137.8,0.0,0.0,0.0,1,148.2,150.6,6,137.8,148.2,0.0,0.0,0.0,0.0,62
2023-05-10 10:50:39,HO2403-P-2700,HO2403-P-2700,137.8,0.0,0.0,0.0,1,148.2,150.6,7,137.8,148.2,0.0,0.0,0.0,0.0,62
2023-05-10 10:50:45,HO2403-P-2700,HO2403-P-2700,137.8,0.0,0.0,0.0,1,148.2,150.6,6,137.8,148.2,0.0,0.0,0.0,0.0,62
