time,symbol_id,symbol_name,last,trade_volume,trade_amount,open_interest_change,bv1,bp1,ap1,av1,yesterday_close,today_open,today_high,today_low,volume,amount,open_interest
2023-05-09 20:59:00,ni2310,ni2310,169350.0,0.0,0.0,0.0,1,161680.0,174990.0,1,169350.0,169050.0,0.0,0.0,0.0,0.0,370
2023-05-09 21:00:00,ni2310,ni2310,169350.0,0.0,0.0,0.0,2,161690.0,174980.0,1,169350.0,169050.0,0.0,0.0,0.0,0.0,370
2023-05-09 21:00:01,ni2310,ni2310,169350.0,0.0,0.0,0.0,2,161690.0,174000.0,2,169350.0,169050.0,0.0,0.0,0.0,0.0,370
2023-05-09 21:00:01,ni2310,ni2310,169350.0,0.0,0.0,0.0,1,168010.0,171340.0,1,169350.0,169050.0,0.0,0.0,0.0,0.0,370
2023-05-09 21:00:02,ni2310,ni2310,169350.0,0.0,0.0,0.0,1,168030.0,171310.0,1,169350.0,169050.0,0.0,0.0,0.0,0.0,370
2023-05-09 21:00:02,ni2310,ni2310,169350.0,0.0,0.0,0.0,2,168040.0,171300.0,1,169350.0,169050.0,0.0,0.0,0.0,0.0,370
2023-05-09 21:00:03,ni2310,ni2310,169350.0,0.0,0.0,0.0,1,168060.0,171000.0,1,169350.0,169050.0,0.0,0.0,0.0,0.0,370
2023-05-09 21:00:03,ni2310,ni2310,169350.0,0.0,0.0,0.0,1,168070.0,170940.0,1,169350.0,169050.0,0.0,0.0,0.0,0.0,370
2023-05-09 21:00:04,ni2310,ni2310,169350.0,0.0,0.0,0.0,1,168090.0,170930.0,2,169350.0,169050.0,0.0,0.0,0.0,0.0,370
2023-05-09 21:00:04,ni2310,ni2310,169350.0,0.0,0.0,0.0,1,168100.0,170930.0,2,169350.0,169050.0,0.0,0.0,0.0,0.0,370
2023-05-09 21:00:05,ni2310,ni2310,169350.0,0.0,0.0,0.0,1,168120.0,170920.0,5,169350.0,169050.0,0.0,0.0,0.0,0.0,370
2023-05-09 21:00:05,ni2310,ni2310,169350.0,0.0,0.0,0.0,6,168130.0,170920.0,5,169350.0,169050.0,0.0,0.0,0.0,0.0,370
2023-05-09 21:00:06,ni2310,ni2310,169350.0,0.0,0.0,0.0,1,168150.0,170910.0,14,169350.0,169050.0,0.0,0.0,0.0,0.0,370
2023-05-09 21:00:06,ni2310,ni2310,169350.0,0.0,0.0,0.0,1,168160.0,170910.0,40,169350.0,169050.0,0.0,0.0,0.0,0.0,370
2023-05-09 21:00:07,ni2310,ni2310,169350.0,0.0,0.0,0.0,1,168180.0,170900.0,5,169350.0,169050.0,0.0,0.0,0.0,0.0,370
2023-05-09 21:00:07,ni2310,ni2310,169350.0,0.0,0.0,0.0,6,168190.0,170870.0,1,169350.0,169050.0,0.0,0.0,0.0,0.0,370
2023-05-09 21:00:08,ni2310,ni2310,169350.0,0.0,0.0,0.0,1,168210.0,170860.0,4,169350.0,169050.0,0.0,0.0,0.0,0.0,370
2023-05-09 21:00:08,ni2310,ni2310,169350.0,0.0,0.0,0.0,11,168460.0,170300.0,12,169350.0,169050.0,0.0,0.0,0.0,0.0,370
2023-05-09 21:00:09,ni2310,ni2310,169350.0,0.0,0.0,0.0,1,168480.0,170290.0,12,169350.0,169050.0,0.0,0.0,0.0,0.0,370
2023-05-09 21:00:09,ni2310,ni2310,169350.0,0.0,0.0,0.0,1,168490.0,170280.0,12,169350.0,169050.0,0.0,0.0,0.0,0.0,370
2023-05-09 21:00:10,ni2310,ni2310,169350.0,0.0,0.0,0.0,9,168600.0,169990.0,9,169350.0,169050.0,0.0,0.0,0.0,0.0,370
2023-05-09 21:00:10,ni2310,ni2310,169350.0,0.0,0.0,0.0,4,168820.0,169910.0,4,169350.0,169050.0,0.0,0.0,0.0,0.0,370
2023-05-09 21:00:11,ni2310,ni2310,169350.0,0.0,0.0,0.0,1,168620.0,170930.0,1,169350.0,169050.0,0.0,0.0,0.0,0.0,370
2023-05-09 21:00:11,ni2310,ni2310,169350.0,0.0,0.0,0.0,1,168630.0,170800.0,1,169350.0,169050.0,0.0,0.0,0.0,0.0,370
2023-05-09 21:00:12,ni2310,ni2310,169350.0,0.0,0.0,0.0,11,168710.0,170270.0,14,169350.0,169050.0,0.0,0.0,0.0,0.0,370
2023-05-09 21:00:12,ni2310,ni2310,169350.0,0.0,0.0,0.0,1,168730.0,170030.0,2,169350.0,169050.0,0.0,0.0,0.0,0.0,370
2023-05-09 21:00:13,ni2310,ni2310,169350.0,0.0,0.0,0.0,16,168770.0,169910.0,14,169350.0,169050.0,0.0,0.0,0.0,0.0,370
2023-05-09 21:00:13,ni2310,ni2310,169350.0,0.0,0.0,0.0,1,168790.0,169870.0,2,169350.0,169050.0,0.0,0.0,0.0,0.0,370
2023-05-09 21:00:14,ni2310,ni2310,169350.0,0.0,0.0,0.0,16,168810.0,169850.0,14,169350.0,169050.0,0.0,0.0,0.0,0.0,370
2023-05-09 21:00:14,ni2310,ni2310,169350.0,0.0,0.0,0.0,1,168830.0,169840.0,2,169350.0,169050.0,0.0,0.0,0.0,0.0,370
2023-05-09 21:00:15,ni2310,ni2310,169350.0,0.0,0.0,0.0,16,168860.0,169840.0,2,169350.0,169050.0,0.0,0.0,0.0,0.0,370
2023-05-09 21:00:15,ni2310,ni2310,169350.0,0.0,0.0,0.0,1,168880.0,169840.0,2,169350.0,169050.0,0.0,0.0,0.0,0.0,370
2023-05-09 21:00:16,ni2310,ni2310,169350.0,0.0,0.0,0.0,17,168890.0,169840.0,2,169350.0,169050.0,0.0,0.0,0.0,0.0,370
2023-05-09 21:00:16,ni2310,ni2310,169350.0,0.0,0.0,0.0,1,168960.0,169840.0,2,169350.0,169050.0,0.0,0.0,0.0,0.0,370
2023-05-09 21:00:17,ni2310,ni2310,169350.0,0.0,0.0,0.0,1,169000.0,169840.0,2,169350.0,169050.0,0.0,0.0,0.0,0.0,370
2023-05-09 21:00:17,ni2310,ni2310,169350.0,0.0,0.0,0.0,1,169050.0,169840.0,2,169350.0,169050.0,0.0,0.0,0.0,0.0,370
2023-05-09 21:00:18,ni2310,ni2310,169350.0,0.0,0.0,0.0,1,169050.0,170930.0,1,169350.0,169050.0,0.0,0.0,0.0,0.0,370
2023-05-09 21:00:18,ni2310,ni2310,169350.0,0.0,0.0,0.0,1,169050.0,170410.0,6,169350.0,169050.0,0.0,0.0,0.0,0.0,370
2023-05-09 21:00:19,ni2310,ni2310,169350.0,0.0,0.0,0.0,1,168980.0,170400.0,7,169350.0,169050.0,0.0,0.0,0.0,0.0,370
2023-05-09 21:00:19,ni2310,ni2310,169350.0,0.0,0.0,0.0,1,168980.0,170390.0,8,169350.0,169050.0,0.0,0.0,0.0,0.0,370
2023-05-09 21:00:20,ni2310,ni2310,169350.0,0.0,0.0,0.0,1,168910.0,170120.0,6,169350.0,169050.0,0.0,0.0,0.0,0.0,370
2023-05-09 21:00:20,ni2310,ni2310,169350.0,0.0,0.0,0.0,1,168920.0,170110.0,2,169350.0,169050.0,0.0,0.0,0.0,0.0,370
2023-05-09 21:00:21,ni2310,ni2310,169350.0,0.0,0.0,0.0,1,168920.0,170110.0,1,169350.0,169050.0,0.0,0.0,0.0,0.0,370
2023-05-09 21:00:21,ni2310,ni2310,169350.0,0.0,0.0,0.0,1,168920.0,170100.0,1,169350.0,169050.0,0.0,0.0,0.0,0.0,370
2023-05-09 21:00:22,ni2310,ni2310,169350.0,0.0,0.0,0.0,1,168920.0,170100.0,1,169350.0,169050.0,0.0,0.0,0.0,0.0,370
2023-05-09 21:00:22,ni2310,ni2310,169350.0,0.0,0.0,0.0,1,168920.0,170020.0,6,169350.0,169050.0,0.0,0.0,0.0,0.0,370
2023-05-09 21:00:23,ni2310,ni2310,169350.0,0.0,0.0,0.0,1,168990.0,170020.0,6,169350.0,169050.0,0.0,0.0,0.0,0.0,370
2023-05-09 21:00:23,ni2310,ni2310,169350.0,0.0,0.0,0.0,1,168990.0,169940.0,1,169350.0,169050.0,0.0,0.0,0.0,0.0,370
2023-05-09 21:00:24,ni2310,ni2310,169350.0,0.0,0.0,0.0,2,169040.0,169930.0,6,169350.0,169050.0,0.0,0.0,0.0,0.0,370
2023-05-09 21:00:24,ni2310,ni2310,169350.0,0.0,0.0,0.0,1,168910.0,169900.0,2,169350.0,169050.0,0.0,0.0,0.0,0.0,370
2023-05-09 21:00:25,ni2310,ni2310,169350.0,0.0,0.0,0.0,2,168950.0,169890.0,6,169350.0,169050.0,0.0,0.0,0.0,0.0,370
2023-05-09 21:00:25,ni2310,ni2310,169350.0,0.0,0.0,0.0,2,168950.0,169900.0,2,169350.0,169050.0,0.0,0.0,0.0,0.0,370
2023-05-09 21:00:26,ni2310,ni2310,169350.0,0.0,0.0,0.0,1,169010.0,169880.0,6,169350.0,169050.0,0.0,0.0,0.0,0.0,370
2023-05-09 21:00:27,ni2310,ni2310,169350.0,0.0,0.0,0.0,1,169010.0,169850.0,2,169350.0,169050.0,0.0,0.0,0.0,0.0,370
2023-05-09 21:00:27,ni2310,ni2310,169350.0,0.0,0.0,0.0,2,169050.0,169840.0,6,169350.0,169050.0,0.0,0.0,0.0,0.0,370
2023-05-09 21:00:28,ni2310,ni2310,169050.0,2.0,338100.0,2.0,1,169040.0,169840.0,6,169350.0,169050.0,169050.0,169050.0,2.0,338100.0,372
2023-05-09 21:00:28,ni2310,ni2310,169050.0,0.0,0.0,0.0,1,168910.0,169840.0,6,169350.0,169050.0,169050.0,169050.0,2.0,338100.0,372
2023-05-09 21:00:29,ni2310,ni2310,169050.0,0.0,0.0,0.0,3,168920.0,169840.0,6,169350.0,169050.0,169050.0,169050.0,2.0,338100.0,372
2023-05-09 21:00:29,ni2310,ni2310,169050.0,0.0,0.0,0.0,2,169020.0,169740.0,1,169350.0,169050.0,169050.0,169050.0,2.0,338100.0,372
2023-05-09 21:00:30,ni2310,ni2310,169050.0,0.0,0.0,0.0,2,169020.0,169710.0,1,169350.0,169050.0,169050.0,169050.0,2.0,338100.0,372
2023-05-09 21:00:30,ni2310,ni2310,169050.0,0.0,0.0,0.0,1,168910.0,169710.0,1,169350.0,169050.0,169050.0,169050.0,2.0,338100.0,372
2023-05-09 21:00:31,ni2310,ni2310,169050.0,0.0,0.0,0.0,2,168910.0,169650.0,2,169350.0,169050.0,169050.0,169050.0,2.0,338100.0,372
2023-05-09 21:00:32,ni2310,ni2310,169050.0,0.0,0.0,0.0,2,168910.0,169620.0,1,169350.0,169050.0,169050.0,169050.0,2.0,338100.0,372
2023-05-09 21:00:32,ni2310,ni2310,169050.0,0.0,0.0,0.0,1,168910.0,169610.0,2,169350.0,169050.0,169050.0,169050.0,2.0,338100.0,372
2023-05-09 21:00:33,ni2310,ni2310,169050.0,0.0,0.0,0.0,1,168920.0,169580.0,1,169350.0,169050.0,169050.0,169050.0,2.0,338100.0,372
2023-05-09 21:00:33,ni2310,ni2310,169050.0,0.0,0.0,0.0,1,168920.0,169570.0,3,169350.0,169050.0,169050.0,169050.0,2.0,338100.0,372
2023-05-09 21:00:34,ni2310,ni2310,169050.0,0.0,0.0,0.0,1,168920.0,169510.0,2,169350.0,169050.0,169050.0,169050.0,2.0,338100.0,372
2023-05-09 21:00:34,ni2310,ni2310,169050.0,0.0,0.0,0.0,1,168910.0,169510.0,2,169350.0,169050.0,169050.0,169050.0,2.0,338100.0,372
2023-05-09 21:00:35,ni2310,ni2310,169050.0,0.0,0.0,0.0,1,168090.0,169480.0,2,169350.0,169050.0,169050.0,169050.0,2.0,338100.0,372
2023-05-09 21:00:35,ni2310,ni2310,169050.0,0.0,0.0,0.0,1,168910.0,169480.0,2,169350.0,169050.0,169050.0,169050.0,2.0,338100.0,372
2023-05-09 21:00:36,ni2310,ni2310,169050.0,0.0,0.0,0.0,1,168920.0,169430.0,1,169350.0,169050.0,169050.0,169050.0,2.0,338100.0,372
2023-05-09 21:00:36,ni2310,ni2310,169050.0,0.0,0.0,0.0,1,168920.0,169430.0,1,169350.0,169050.0,169050.0,169050.0,2.0,338100.0,372
2023-05-09 21:00:37,ni2310,ni2310,169050.0,0.0,0.0,0.0,1,168920.0,169410.0,1,169350.0,169050.0,169050.0,169050.0,2.0,338100.0,372
2023-05-09 21:00:37,ni2310,ni2310,169050.0,0.0,0.0,0.0,1,168920.0,169410.0,1,169350.0,169050.0,169050.0,169050.0,2.0,338100.0,372
2023-05-09 21:00:38,ni2310,ni2310,169050.0,0.0,0.0,0.0,1,168920.0,169360.0,2,169350.0,169050.0,169050.0,169050.0,2.0,338100.0,372
2023-05-09 21:00:38,ni2310,ni2310,169050.0,0.0,0.0,0.0,5,168410.0,169360.0,2,169350.0,169050.0,169050.0,169050.0,2.0,338100.0,372
2023-05-09 21:00:39,ni2310,ni2310,169050.0,0.0,0.0,0.0,3,168470.0,169360.0,2,169350.0,169050.0,169050.0,169050.0,2.0,338100.0,372
2023-05-09 21:00:39,ni2310,ni2310,169050.0,0.0,0.0,0.0,5,168600.0,169360.0,2,169350.0,169050.0,169050.0,169050.0,2.0,338100.0,372
2023-05-09 21:00:40,ni2310,ni2310,169050.0,0.0,0.0,0.0,1,168620.0,169360.0,2,169350.0,169050.0,169050.0,169050.0,2.0,338100.0,372
2023-05-09 21:00:40,ni2310,ni2310,169050.0,0.0,0.0,0.0,1,168620.0,169350.0,2,169350.0,169050.0,169050.0,169050.0,2.0,338100.0,372
2023-05-09 21:00:41,ni2310,ni2310,169050.0,0.0,0.0,0.0,5,168680.0,169330.0,2,169350.0,169050.0,169050.0,169050.0,2.0,338100.0,372
2023-05-09 21:00:41,ni2310,ni2310,169050.0,0.0,0.0,0.0,1,168690.0,169330.0,2,169350.0,169050.0,169050.0,169050.0,2.0,338100.0,372
2023-05-09 21:00:42,ni2310,ni2310,169050.0,0.0,0.0,0.0,2,168730.0,169330.0,2,169350.0,169050.0,169050.0,169050.0,2.0,338100.0,372
2023-05-09 21:00:42,ni2310,ni2310,169050.0,0.0,0.0,0.0,1,168740.0,169330.0,2,169350.0,169050.0,169050.0,169050.0,2.0,338100.0,372
2023-05-09 21:00:43,ni2310,ni2310,169050.0,0.0,0.0,0.0,1,168760.0,169330.0,2,169350.0,169050.0,169050.0,169050.0,2.0,338100.0,372
2023-05-09 21:00:43,ni2310,ni2310,169050.0,0.0,0.0,0.0,2,168760.0,169330.0,2,169350.0,169050.0,169050.0,169050.0,2.0,338100.0,372
2023-05-09 21:00:44,ni2310,ni2310,169050.0,0.0,0.0,0.0,1,168790.0,169330.0,2,169350.0,169050.0,169050.0,169050.0,2.0,338100.0,372
2023-05-09 21:00:44,ni2310,ni2310,169050.0,0.0,0.0,0.0,1,168800.0,169330.0,2,169350.0,169050.0,169050.0,169050.0,2.0,338100.0,372
2023-05-09 21:00:45,ni2310,ni2310,169050.0,0.0,0.0,0.0,1,168820.0,169480.0,2,169350.0,169050.0,169050.0,169050.0,2.0,338100.0,372
2023-05-09 21:00:45,ni2310,ni2310,169050.0,0.0,0.0,0.0,1,168820.0,169310.0,2,169350.0,169050.0,169050.0,169050.0,2.0,338100.0,372
2023-05-09 21:00:46,ni2310,ni2310,169050.0,0.0,0.0,0.0,1,168820.0,169480.0,2,169350.0,169050.0,169050.0,169050.0,2.0,338100.0,372
2023-05-09 21:00:46,ni2310,ni2310,169050.0,0.0,0.0,0.0,1,168790.0,169290.0,2,169350.0,169050.0,169050.0,169050.0,2.0,338100.0,372
2023-05-09 21:00:47,ni2310,ni2310,169050.0,0.0,0.0,0.0,3,168800.0,169290.0,2,169350.0,169050.0,169050.0,169050.0,2.0,338100.0,372
2023-05-09 21:00:47,ni2310,ni2310,169050.0,0.0,0.0,0.0,1,168820.0,169290.0,2,169350.0,169050.0,169050.0,169050.0,2.0,338100.0,372
2023-05-09 21:00:48,ni2310,ni2310,169050.0,0.0,0.0,0.0,1,168830.0,169290.0,2,169350.0,169050.0,169050.0,169050.0,2.0,338100.0,372
2023-05-09 21:00:48,ni2310,ni2310,169050.0,0.0,0.0,0.0,1,168830.0,169290.0,2,169350.0,169050.0,169050.0,169050.0,2.0,338100.0,372
2023-05-09 21:00:49,ni2310,ni2310,169050.0,0.0,0.0,0.0,1,168830.0,169290.0,2,169350.0,169050.0,169050.0,169050.0,2.0,338100.0,372
2023-05-09 21:00:50,ni2310,ni2310,169050.0,0.0,0.0,0.0,2,168860.0,169290.0,2,169350.0,169050.0,169050.0,169050.0,2.0,338100.0,372
2023-05-09 21:00:51,ni2310,ni2310,169050.0,0.0,0.0,0.0,1,168880.0,169290.0,2,169350.0,169050.0,169050.0,169050.0,2.0,338100.0,372
2023-05-09 21:00:51,ni2310,ni2310,169050.0,0.0,0.0,0.0,1,168620.0,169290.0,2,169350.0,169050.0,169050.0,169050.0,2.0,338100.0,372
2023-05-09 21:00:52,ni2310,ni2310,169050.0,0.0,0.0,0.0,3,168710.0,169290.0,2,169350.0,169050.0,169050.0,169050.0,2.0,338100.0,372
2023-05-09 21:00:52,ni2310,ni2310,169050.0,0.0,0.0,0.0,8,168720.0,169290.0,2,169350.0,169050.0,169050.0,169050.0,2.0,338100.0,372
2023-05-09 21:00:53,ni2310,ni2310,169050.0,0.0,0.0,0.0,1,168740.0,169270.0,1,169350.0,169050.0,169050.0,169050.0,2.0,338100.0,372
2023-05-09 21:00:53,ni2310,ni2310,169050.0,0.0,0.0,0.0,1,168740.0,169270.0,1,169350.0,169050.0,169050.0,169050.0,2.0,338100.0,372
2023-05-09 21:00:54,ni2310,ni2310,169050.0,0.0,0.0,0.0,1,168750.0,169270.0,1,169350.0,169050.0,169050.0,169050.0,2.0,338100.0,372
2023-05-09 21:00:54,ni2310,ni2310,169050.0,0.0,0.0,0.0,3,168780.0,169250.0,2,169350.0,169050.0,169050.0,169050.0,2.0,338100.0,372
2023-05-09 21:00:55,ni2310,ni2310,169050.0,0.0,0.0,0.0,1,168740.0,169250.0,2,169350.0,169050.0,169050.0,169050.0,2.0,338100.0,372
2023-05-09 21:00:55,ni2310,ni2310,169050.0,0.0,0.0,0.0,1,168750.0,169250.0,2,169350.0,169050.0,169050.0,169050.0,2.0,338100.0,372
2023-05-09 21:00:56,ni2310,ni2310,169050.0,0.0,0.0,0.0,1,168760.0,169570.0,1,169350.0,169050.0,169050.0,169050.0,2.0,338100.0,372
2023-05-09 21:00:56,ni2310,ni2310,169050.0,0.0,0.0,0.0,1,168760.0,169460.0,2,169350.0,169050.0,169050.0,169050.0,2.0,338100.0,372
2023-05-09 21:00:57,ni2310,ni2310,169050.0,0.0,0.0,0.0,1,168760.0,169450.0,1,169350.0,169050.0,169050.0,169050.0,2.0,338100.0,372
2023-05-09 21:00:57,ni2310,ni2310,169050.0,0.0,0.0,0.0,1,168770.0,169450.0,1,169350.0,169050.0,169050.0,169050.0,2.0,338100.0,372
2023-05-09 21:00:58,ni2310,ni2310,169050.0,0.0,0.0,0.0,2,168760.0,169410.0,2,169350.0,169050.0,169050.0,169050.0,2.0,338100.0,372
2023-05-09 21:00:58,ni2310,ni2310,169050.0,0.0,0.0,0.0,1,168760.0,169410.0,2,169350.0,169050.0,169050.0,169050.0,2.0,338100.0,372
2023-05-09 21:00:59,ni2310,ni2310,169050.0,0.0,0.0,0.0,1,168090.0,169410.0,2,169350.0,169050.0,169050.0,169050.0,2.0,338100.0,372
2023-05-09 21:00:59,ni2310,ni2310,169050.0,0.0,0.0,0.0,1,168760.0,169410.0,2,169350.0,169050.0,169050.0,169050.0,2.0,338100.0,372
2023-05-09 21:01:00,ni2310,ni2310,169050.0,0.0,0.0,0.0,3,168100.0,169410.0,2,169350.0,169050.0,169050.0,169050.0,2.0,338100.0,372
2023-05-09 21:01:00,ni2310,ni2310,169050.0,0.0,0.0,0.0,1,168960.0,169410.0,2,169350.0,169050.0,169050.0,169050.0,2.0,338100.0,372
2023-05-09 21:01:01,ni2310,ni2310,169050.0,0.0,0.0,0.0,6,168390.0,169410.0,2,169350.0,169050.0,169050.0,169050.0,2.0,338100.0,372
2023-05-09 21:01:01,ni2310,ni2310,169050.0,0.0,0.0,0.0,3,168550.0,169380.0,1,169350.0,169050.0,169050.0,169050.0,2.0,338100.0,372
2023-05-09 21:01:02,ni2310,ni2310,169050.0,0.0,0.0,0.0,1,168950.0,169380.0,1,169350.0,169050.0,169050.0,169050.0,2.0,338100.0,372
2023-05-09 21:01:02,ni2310,ni2310,169050.0,0.0,0.0,0.0,1,168950.0,169350.0,1,169350.0,169050.0,169050.0,169050.0,2.0,338100.0,372
2023-05-09 21:01:03,ni2310,ni2310,169050.0,0.0,0.0,0.0,1,168940.0,169350.0,1,169350.0,169050.0,169050.0,169050.0,2.0,338100.0,372
2023-05-09 21:01:03,ni2310,ni2310,169050.0,0.0,0.0,0.0,1,168930.0,169030.0,2,169350.0,169050.0,169050.0,169050.0,2.0,338100.0,372
2023-05-09 21:01:04,ni2310,ni2310,169050.0,0.0,0.0,0.0,1,168400.0,169030.0,2,169350.0,169050.0,169050.0,169050.0,2.0,338100.0,372
2023-05-09 21:01:04,ni2310,ni2310,169050.0,0.0,0.0,0.0,1,168830.0,169030.0,2,169350.0,169050.0,169050.0,169050.0,2.0,338100.0,372
2023-05-09 21:01:05,ni2310,ni2310,169050.0,0.0,0.0,0.0,1,168830.0,169030.0,2,169350.0,169050.0,169050.0,169050.0,2.0,338100.0,372
2023-05-09 21:01:05,ni2310,ni2310,169050.0,0.0,0.0,0.0,3,168510.0,169030.0,2,169350.0,169050.0,169050.0,169050.0,2.0,338100.0,372
2023-05-09 21:01:06,ni2310,ni2310,169050.0,0.0,0.0,0.0,3,168560.0,169270.0,2,169350.0,169050.0,169050.0,169050.0,2.0,338100.0,372
2023-05-09 21:01:06,ni2310,ni2310,169050.0,0.0,0.0,0.0,1,168800.0,169270.0,2,169350.0,169050.0,169050.0,169050.0,2.0,338100.0,372
2023-05-09 21:01:07,ni2310,ni2310,169050.0,0.0,0.0,0.0,1,168800.0,169170.0,1,169350.0,169050.0,169050.0,169050.0,2.0,338100.0,372
2023-05-09 21:01:07,ni2310,ni2310,169050.0,0.0,0.0,0.0,1,168800.0,169170.0,1,169350.0,169050.0,169050.0,169050.0,2.0,338100.0,372
2023-05-09 21:01:08,ni2310,ni2310,169050.0,0.0,0.0,0.0,1,168800.0,169170.0,1,169350.0,169050.0,169050.0,169050.0,2.0,338100.0,372
2023-05-09 21:01:08,ni2310,ni2310,169050.0,0.0,0.0,0.0,1,168800.0,169070.0,1,169350.0,169050.0,169050.0,169050.0,2.0,338100.0,372
2023-05-09 21:01:09,ni2310,ni2310,169050.0,0.0,0.0,0.0,4,168390.0,169070.0,1,169350.0,169050.0,169050.0,169050.0,2.0,338100.0,372
2023-05-09 21:01:09,ni2310,ni2310,169050.0,0.0,0.0,0.0,1,168750.0,169050.0,1,169350.0,169050.0,169050.0,169050.0,2.0,338100.0,372
2023-05-09 21:01:10,ni2310,ni2310,169050.0,0.0,0.0,0.0,1,168750.0,169050.0,1,169350.0,169050.0,169050.0,169050.0,2.0,338100.0,372
2023-05-09 21:01:10,ni2310,ni2310,169050.0,0.0,0.0,0.0,1,168410.0,169040.0,2,169350.0,169050.0,169050.0,169050.0,2.0,338100.0,372
2023-05-09 21:01:11,ni2310,ni2310,169050.0,0.0,0.0,0.0,1,168650.0,169040.0,2,169350.0,169050.0,169050.0,169050.0,2.0,338100.0,372
2023-05-09 21:01:11,ni2310,ni2310,169050.0,0.0,0.0,0.0,1,168650.0,169010.0,2,169350.0,169050.0,169050.0,169050.0,2.0,338100.0,372
2023-05-09 21:01:12,ni2310,ni2310,169050.0,0.0,0.0,0.0,1,168650.0,169010.0,2,169350.0,169050.0,169050.0,169050.0,2.0,338100.0,372
2023-05-09 21:01:12,ni2310,ni2310,169050.0,0.0,0.0,0.0,1,168650.0,169000.0,1,169350.0,169050.0,169050.0,169050.0,2.0,338100.0,372
2023-05-09 21:01:13,ni2310,ni2310,169050.0,0.0,0.0,0.0,1,168650.0,169000.0,1,169350.0,169050.0,169050.0,169050.0,2.0,338100.0,372
2023-05-09 21:01:13,ni2310,ni2310,169050.0,0.0,0.0,0.0,1,168650.0,169000.0,1,169350.0,169050.0,169050.0,169050.0,2.0,338100.0,372
2023-05-09 21:01:14,ni2310,ni2310,169050.0,0.0,0.0,0.0,1,168650.0,169000.0,1,169350.0,169050.0,169050.0,169050.0,2.0,338100.0,372
2023-05-09 21:01:14,ni2310,ni2310,169050.0,0.0,0.0,0.0,1,168650.0,169160.0,2,169350.0,169050.0,169050.0,169050.0,2.0,338100.0,372
2023-05-09 21:01:15,ni2310,ni2310,169050.0,0.0,0.0,0.0,1,168650.0,168980.0,2,169350.0,169050.0,169050.0,169050.0,2.0,338100.0,372
2023-05-09 21:01:15,ni2310,ni2310,169050.0,0.0,0.0,0.0,1,168650.0,168980.0,2,169350.0,169050.0,169050.0,169050.0,2.0,338100.0,372
2023-05-09 21:01:16,ni2310,ni2310,169050.0,0.0,0.0,0.0,1,168650.0,169100.0,2,169350.0,169050.0,169050.0,169050.0,2.0,338100.0,372
2023-05-09 21:01:16,ni2310,ni2310,169050.0,0.0,0.0,0.0,1,168670.0,169100.0,2,169350.0,169050.0,169050.0,169050.0,2.0,338100.0,372
2023-05-09 21:01:17,ni2310,ni2310,169050.0,0.0,0.0,0.0,1,168760.0,169060.0,1,169350.0,169050.0,169050.0,169050.0,2.0,338100.0,372
2023-05-09 21:01:18,ni2310,ni2310,169050.0,0.0,0.0,0.0,1,168760.0,169570.0,1,169350.0,169050.0,169050.0,169050.0,2.0,338100.0,372
2023-05-09 21:01:18,ni2310,ni2310,169050.0,0.0,0.0,0.0,1,168760.0,169050.0,2,169350.0,169050.0,169050.0,169050.0,2.0,338100.0,372
2023-05-09 21:01:19,ni2310,ni2310,169050.0,0.0,0.0,0.0,1,168760.0,169050.0,2,169350.0,169050.0,169050.0,169050.0,2.0,338100.0,372
2023-05-09 21:01:19,ni2310,ni2310,169050.0,0.0,0.0,0.0,1,168760.0,169050.0,2,169350.0,169050.0,169050.0,169050.0,2.0,338100.0,372
2023-05-09 21:01:20,ni2310,ni2310,169050.0,0.0,0.0,0.0,1,168760.0,169050.0,2,169350.0,169050.0,169050.0,169050.0,2.0,338100.0,372
2023-05-09 21:01:20,ni2310,ni2310,169050.0,0.0,0.0,0.0,1,168760.0,169050.0,2,169350.0,169050.0,169050.0,169050.0,2.0,338100.0,372
2023-05-09 21:01:21,ni2310,ni2310,169050.0,0.0,0.0,0.0,1,168760.0,169160.0,1,169350.0,169050.0,169050.0,169050.0,2.0,338100.0,372
2023-05-09 21:01:22,ni2310,ni2310,169050.0,0.0,0.0,0.0,1,168760.0,169170.0,1,169350.0,169050.0,169050.0,169050.0,2.0,338100.0,372
2023-05-09 21:01:23,ni2310,ni2310,169050.0,0.0,0.0,0.0,1,168760.0,169170.0,1,169350.0,169050.0,169050.0,169050.0,2.0,338100.0,372
2023-05-09 21:01:24,ni2310,ni2310,169050.0,0.0,0.0,0.0,1,168760.0,169230.0,1,169350.0,169050.0,169050.0,169050.0,2.0,338100.0,372
2023-05-09 21:01:24,ni2310,ni2310,169050.0,0.0,0.0,0.0,1,168760.0,169440.0,2,169350.0,169050.0,169050.0,169050.0,2.0,338100.0,372
2023-05-09 21:01:25,ni2310,ni2310,169050.0,0.0,0.0,0.0,1,168760.0,169290.0,1,169350.0,169050.0,169050.0,169050.0,2.0,338100.0,372
2023-05-09 21:01:25,ni2310,ni2310,169050.0,0.0,0.0,0.0,1,168760.0,169290.0,2,169350.0,169050.0,169050.0,169050.0,2.0,338100.0,372
2023-05-09 21:01:26,ni2310,ni2310,169050.0,0.0,0.0,0.0,1,168760.0,169280.0,1,169350.0,169050.0,169050.0,169050.0,2.0,338100.0,372
2023-05-09 21:01:26,ni2310,ni2310,169050.0,0.0,0.0,0.0,1,168760.0,169270.0,2,169350.0,169050.0,169050.0,169050.0,2.0,338100.0,372
2023-05-09 21:01:27,ni2310,ni2310,169050.0,0.0,0.0,0.0,1,168760.0,169260.0,1,169350.0,169050.0,169050.0,169050.0,2.0,338100.0,372
2023-05-09 21:01:28,ni2310,ni2310,169050.0,0.0,0.0,0.0,1,168760.0,169270.0,2,169350.0,169050.0,169050.0,169050.0,2.0,338100.0,372
2023-05-09 21:01:31,ni2310,ni2310,169050.0,0.0,0.0,0.0,1,168760.0,169270.0,2,169350.0,169050.0,169050.0,169050.0,2.0,338100.0,372
2023-05-09 21:01:31,ni2310,ni2310,169050.0,0.0,0.0,0.0,1,168760.0,169270.0,2,169350.0,169050.0,169050.0,169050.0,2.0,338100.0,372
2023-05-09 21:01:32,ni2310,ni2310,169050.0,0.0,0.0,0.0,1,168760.0,169240.0,1,169350.0,169050.0,169050.0,169050.0,2.0,338100.0,372
2023-05-09 21:01:32,ni2310,ni2310,169050.0,0.0,0.0,0.0,1,168760.0,169270.0,2,169350.0,169050.0,169050.0,169050.0,2.0,338100.0,372
2023-05-09 21:01:33,ni2310,ni2310,169050.0,0.0,0.0,0.0,1,168790.0,169270.0,2,169350.0,169050.0,169050.0,169050.0,2.0,338100.0,372
2023-05-09 21:01:33,ni2310,ni2310,169050.0,0.0,0.0,0.0,1,168950.0,169270.0,2,169350.0,169050.0,169050.0,169050.0,2.0,338100.0,372
2023-05-09 21:01:34,ni2310,ni2310,169050.0,0.0,0.0,0.0,1,168950.0,169270.0,2,169350.0,169050.0,169050.0,169050.0,2.0,338100.0,372
2023-05-09 21:01:34,ni2310,ni2310,169050.0,0.0,0.0,0.0,1,168950.0,169270.0,2,169350.0,169050.0,169050.0,169050.0,2.0,338100.0,372
2023-05-09 21:01:37,ni2310,ni2310,169050.0,0.0,0.0,0.0,1,168950.0,169270.0,2,169350.0,169050.0,169050.0,169050.0,2.0,338100.0,372
2023-05-09 21:01:37,ni2310,ni2310,169050.0,0.0,0.0,0.0,1,168950.0,169270.0,2,169350.0,169050.0,169050.0,169050.0,2.0,338100.0,372
2023-05-09 21:01:43,ni2310,ni2310,169050.0,0.0,0.0,0.0,1,168950.0,169270.0,2,169350.0,169050.0,169050.0,169050.0,2.0,338100.0,372
2023-05-09 21:01:43,ni2310,ni2310,169050.0,0.0,0.0,0.0,1,168950.0,169270.0,2,169350.0,169050.0,169050.0,169050.0,2.0,338100.0,372
2023-05-09 21:01:46,ni2310,ni2310,169050.0,0.0,0.0,0.0,1,168950.0,169270.0,2,169350.0,169050.0,169050.0,169050.0,2.0,338100.0,372
2023-05-09 21:01:47,ni2310,ni2310,169050.0,0.0,0.0,0.0,1,168950.0,169270.0,2,169350.0,169050.0,169050.0,169050.0,2.0,338100.0,372
2023-05-09 21:01:49,ni2310,ni2310,169050.0,0.0,0.0,0.0,1,168950.0,169570.0,1,169350.0,169050.0,169050.0,169050.0,2.0,338100.0,372
2023-05-09 21:01:50,ni2310,ni2310,169050.0,0.0,0.0,0.0,1,168950.0,169430.0,2,169350.0,169050.0,169050.0,169050.0,2.0,338100.0,372
2023-05-09 21:01:50,ni2310,ni2310,169050.0,0.0,0.0,0.0,1,168970.0,169430.0,2,169350.0,169050.0,169050.0,169050.0,2.0,338100.0,372
2023-05-09 21:01:51,ni2310,ni2310,169050.0,0.0,0.0,0.0,1,168970.0,169430.0,2,169350.0,169050.0,169050.0,169050.0,2.0,338100.0,372
2023-05-09 21:01:52,ni2310,ni2310,169050.0,0.0,0.0,0.0,1,168970.0,169430.0,2,169350.0,169050.0,169050.0,169050.0,2.0,338100.0,372
2023-05-09 21:01:52,ni2310,ni2310,169050.0,0.0,0.0,0.0,1,168670.0,169430.0,2,169350.0,169050.0,169050.0,169050.0,2.0,338100.0,372
2023-05-09 21:01:53,ni2310,ni2310,169050.0,0.0,0.0,0.0,1,168950.0,169420.0,1,169350.0,169050.0,169050.0,169050.0,2.0,338100.0,372
2023-05-09 21:01:53,ni2310,ni2310,169050.0,0.0,0.0,0.0,1,168950.0,169430.0,2,169350.0,169050.0,169050.0,169050.0,2.0,338100.0,372
2023-05-09 21:01:54,ni2310,ni2310,169050.0,0.0,0.0,0.0,1,168970.0,169430.0,2,169350.0,169050.0,169050.0,169050.0,2.0,338100.0,372
2023-05-09 21:01:54,ni2310,ni2310,169050.0,0.0,0.0,0.0,1,168980.0,169430.0,2,169350.0,169050.0,169050.0,169050.0,2.0,338100.0,372
2023-05-09 21:01:55,ni2310,ni2310,169050.0,0.0,0.0,0.0,1,168980.0,169430.0,2,169350.0,169050.0,169050.0,169050.0,2.0,338100.0,372
2023-05-09 21:01:55,ni2310,ni2310,169050.0,0.0,0.0,0.0,1,168980.0,169420.0,1,169350.0,169050.0,169050.0,169050.0,2.0,338100.0,372
2023-05-09 21:01:56,ni2310,ni2310,169050.0,0.0,0.0,0.0,1,168980.0,169410.0,1,169350.0,169050.0,169050.0,169050.0,2.0,338100.0,372
2023-05-09 21:01:56,ni2310,ni2310,169050.0,0.0,0.0,0.0,1,168980.0,169410.0,1,169350.0,169050.0,169050.0,169050.0,2.0,338100.0,372
2023-05-09 21:01:57,ni2310,ni2310,169050.0,0.0,0.0,0.0,1,168980.0,169410.0,1,169350.0,169050.0,169050.0,169050.0,2.0,338100.0,372
2023-05-09 21:01:58,ni2310,ni2310,169050.0,0.0,0.0,0.0,1,168980.0,169430.0,2,169350.0,169050.0,169050.0,169050.0,2.0,338100.0,372
2023-05-09 21:01:59,ni2310,ni2310,169050.0,0.0,0.0,0.0,1,169000.0,169430.0,2,169350.0,169050.0,169050.0,169050.0,2.0,338100.0,372
2023-05-09 21:02:00,ni2310,ni2310,169050.0,0.0,0.0,0.0,1,169000.0,169420.0,1,169350.0,169050.0,169050.0,169050.0,2.0,338100.0,372
2023-05-09 21:02:01,ni2310,ni2310,169050.0,0.0,0.0,0.0,1,169000.0,169420.0,1,169350.0,169050.0,169050.0,169050.0,2.0,338100.0,372
2023-05-09 21:02:01,ni2310,ni2310,169050.0,0.0,0.0,0.0,1,169010.0,169420.0,1,169350.0,169050.0,169050.0,169050.0,2.0,338100.0,372
2023-05-09 21:02:02,ni2310,ni2310,169050.0,0.0,0.0,0.0,1,169010.0,169420.0,1,169350.0,169050.0,169050.0,169050.0,2.0,338100.0,372
2023-05-09 21:02:02,ni2310,ni2310,169050.0,0.0,0.0,0.0,2,168710.0,169400.0,2,169350.0,169050.0,169050.0,169050.0,2.0,338100.0,372
2023-05-09 21:02:03,ni2310,ni2310,169050.0,0.0,0.0,0.0,1,168950.0,169400.0,3,169350.0,169050.0,169050.0,169050.0,2.0,338100.0,372
2023-05-09 21:02:03,ni2310,ni2310,169050.0,0.0,0.0,0.0,1,168950.0,169360.0,1,169350.0,169050.0,169050.0,169050.0,2.0,338100.0,372
2023-05-09 21:02:04,ni2310,ni2310,169050.0,0.0,0.0,0.0,1,168950.0,169360.0,1,169350.0,169050.0,169050.0,169050.0,2.0,338100.0,372
2023-05-09 21:02:04,ni2310,ni2310,169050.0,0.0,0.0,0.0,1,168950.0,169340.0,2,169350.0,169050.0,169050.0,169050.0,2.0,338100.0,372
2023-05-09 21:02:05,ni2310,ni2310,169050.0,0.0,0.0,0.0,1,168950.0,169340.0,2,169350.0,169050.0,169050.0,169050.0,2.0,338100.0,372
2023-05-09 21:02:05,ni2310,ni2310,169050.0,0.0,0.0,0.0,1,168950.0,169340.0,2,169350.0,169050.0,169050.0,169050.0,2.0,338100.0,372
2023-05-09 21:02:06,ni2310,ni2310,169050.0,0.0,0.0,0.0,1,168950.0,169340.0,2,169350.0,169050.0,169050.0,169050.0,2.0,338100.0,372
2023-05-09 21:02:07,ni2310,ni2310,169050.0,0.0,0.0,0.0,1,168960.0,169570.0,1,169350.0,169050.0,169050.0,169050.0,2.0,338100.0,372
2023-05-09 21:02:07,ni2310,ni2310,169050.0,0.0,0.0,0.0,1,168960.0,169520.0,1,169350.0,169050.0,169050.0,169050.0,2.0,338100.0,372
2023-05-09 21:02:08,ni2310,ni2310,169050.0,0.0,0.0,0.0,1,168960.0,169520.0,6,169350.0,169050.0,169050.0,169050.0,2.0,338100.0,372
2023-05-09 21:02:08,ni2310,ni2310,169050.0,0.0,0.0,0.0,1,168740.0,169520.0,6,169350.0,169050.0,169050.0,169050.0,2.0,338100.0,372
2023-05-09 21:02:09,ni2310,ni2310,169050.0,0.0,0.0,0.0,1,168940.0,169440.0,2,169350.0,169050.0,169050.0,169050.0,2.0,338100.0,372
2023-05-09 21:02:09,ni2310,ni2310,169050.0,0.0,0.0,0.0,1,168950.0,169430.0,1,169350.0,169050.0,169050.0,169050.0,2.0,338100.0,372
2023-05-09 21:02:10,ni2310,ni2310,169050.0,0.0,0.0,0.0,1,168730.0,169430.0,1,169350.0,169050.0,169050.0,169050.0,2.0,338100.0,372
2023-05-09 21:02:10,ni2310,ni2310,169050.0,0.0,0.0,0.0,1,168950.0,169430.0,1,169350.0,169050.0,169050.0,169050.0,2.0,338100.0,372
2023-05-09 21:02:11,ni2310,ni2310,169050.0,0.0,0.0,0.0,1,168960.0,169430.0,1,169350.0,169050.0,169050.0,169050.0,2.0,338100.0,372
2023-05-09 21:02:11,ni2310,ni2310,169050.0,0.0,0.0,0.0,1,168960.0,169410.0,2,169350.0,169050.0,169050.0,169050.0,2.0,338100.0,372
2023-05-09 21:02:12,ni2310,ni2310,169050.0,0.0,0.0,0.0,1,168960.0,169410.0,2,169350.0,169050.0,169050.0,169050.0,2.0,338100.0,372
2023-05-09 21:02:12,ni2310,ni2310,169050.0,0.0,0.0,0.0,1,168960.0,169360.0,1,169350.0,169050.0,169050.0,169050.0,2.0,338100.0,372
2023-05-09 21:02:13,ni2310,ni2310,169050.0,0.0,0.0,0.0,1,168960.0,169350.0,5,169350.0,169050.0,169050.0,169050.0,2.0,338100.0,372
2023-05-09 21:02:13,ni2310,ni2310,168960.0,1.0,168960.0,1.0,6,168420.0,168960.0,1,169350.0,169050.0,169050.0,168960.0,3.0,507060.0,373
2023-05-09 21:02:14,ni2310,ni2310,168960.0,0.0,0.0,0.0,1,168470.0,168960.0,1,169350.0,169050.0,169050.0,168960.0,3.0,507060.0,373
2023-05-09 21:02:15,ni2310,ni2310,168960.0,0.0,0.0,0.0,1,168470.0,168960.0,1,169350.0,169050.0,169050.0,168960.0,3.0,507060.0,373
2023-05-09 21:02:15,ni2310,ni2310,168960.0,0.0,0.0,0.0,1,168470.0,169350.0,5,169350.0,169050.0,169050.0,168960.0,3.0,507060.0,373
2023-05-09 21:02:16,ni2310,ni2310,168960.0,0.0,0.0,0.0,1,168470.0,169210.0,1,169350.0,169050.0,169050.0,168960.0,3.0,507060.0,373
2023-05-09 21:02:16,ni2310,ni2310,168960.0,0.0,0.0,0.0,1,168470.0,169210.0,1,169350.0,169050.0,169050.0,168960.0,3.0,507060.0,373
2023-05-09 21:02:17,ni2310,ni2310,168960.0,0.0,0.0,0.0,1,168500.0,169300.0,2,169350.0,169050.0,169050.0,168960.0,3.0,507060.0,373
2023-05-09 21:02:17,ni2310,ni2310,168960.0,0.0,0.0,0.0,2,168500.0,169240.0,1,169350.0,169050.0,169050.0,168960.0,3.0,507060.0,373
2023-05-09 21:02:18,ni2310,ni2310,168960.0,0.0,0.0,0.0,1,168510.0,169220.0,2,169350.0,169050.0,169050.0,168960.0,3.0,507060.0,373
2023-05-09 21:02:18,ni2310,ni2310,168960.0,0.0,0.0,0.0,1,168510.0,169190.0,2,169350.0,169050.0,169050.0,168960.0,3.0,507060.0,373
2023-05-09 21:02:19,ni2310,ni2310,168960.0,0.0,0.0,0.0,1,168510.0,169180.0,2,169350.0,169050.0,169050.0,168960.0,3.0,507060.0,373
2023-05-09 21:02:19,ni2310,ni2310,168960.0,0.0,0.0,0.0,1,168510.0,169170.0,1,169350.0,169050.0,169050.0,168960.0,3.0,507060.0,373
2023-05-09 21:02:20,ni2310,ni2310,168960.0,0.0,0.0,0.0,1,168550.0,169090.0,1,169350.0,169050.0,169050.0,168960.0,3.0,507060.0,373
2023-05-09 21:02:20,ni2310,ni2310,168960.0,0.0,0.0,0.0,1,168550.0,169090.0,1,169350.0,169050.0,169050.0,168960.0,3.0,507060.0,373
2023-05-09 21:02:21,ni2310,ni2310,168960.0,0.0,0.0,0.0,1,168590.0,169090.0,1,169350.0,169050.0,169050.0,168960.0,3.0,507060.0,373
2023-05-09 21:02:21,ni2310,ni2310,168960.0,0.0,0.0,0.0,1,168590.0,169030.0,1,169350.0,169050.0,169050.0,168960.0,3.0,507060.0,373
2023-05-09 21:02:22,ni2310,ni2310,168960.0,0.0,0.0,0.0,1,168590.0,169030.0,1,169350.0,169050.0,169050.0,168960.0,3.0,507060.0,373
2023-05-09 21:02:22,ni2310,ni2310,168960.0,0.0,0.0,0.0,1,168600.0,169000.0,1,169350.0,169050.0,169050.0,168960.0,3.0,507060.0,373
2023-05-09 21:02:23,ni2310,ni2310,168960.0,0.0,0.0,0.0,1,168600.0,169020.0,2,169350.0,169050.0,169050.0,168960.0,3.0,507060.0,373
2023-05-09 21:02:23,ni2310,ni2310,168960.0,0.0,0.0,0.0,2,168630.0,169020.0,2,169350.0,169050.0,169050.0,168960.0,3.0,507060.0,373
2023-05-09 21:02:24,ni2310,ni2310,168960.0,0.0,0.0,0.0,2,168630.0,169020.0,2,169350.0,169050.0,169050.0,168960.0,3.0,507060.0,373
2023-05-09 21:02:24,ni2310,ni2310,168960.0,0.0,0.0,0.0,1,168650.0,169020.0,2,169350.0,169050.0,169050.0,168960.0,3.0,507060.0,373
2023-05-09 21:02:25,ni2310,ni2310,168960.0,0.0,0.0,0.0,1,168650.0,169030.0,1,169350.0,169050.0,169050.0,168960.0,3.0,507060.0,373
2023-05-09 21:02:25,ni2310,ni2310,168960.0,0.0,0.0,0.0,1,168670.0,169270.0,2,169350.0,169050.0,169050.0,168960.0,3.0,507060.0,373
2023-05-09 21:02:26,ni2310,ni2310,168960.0,0.0,0.0,0.0,1,168680.0,169260.0,1,169350.0,169050.0,169050.0,168960.0,3.0,507060.0,373
2023-05-09 21:02:26,ni2310,ni2310,168960.0,0.0,0.0,0.0,1,168680.0,169260.0,1,169350.0,169050.0,169050.0,168960.0,3.0,507060.0,373
2023-05-09 21:02:27,ni2310,ni2310,168960.0,0.0,0.0,0.0,2,168700.0,169240.0,2,169350.0,169050.0,169050.0,168960.0,3.0,507060.0,373
2023-05-09 21:02:27,ni2310,ni2310,168960.0,0.0,0.0,0.0,2,168700.0,169230.0,1,169350.0,169050.0,169050.0,168960.0,3.0,507060.0,373
2023-05-09 21:02:28,ni2310,ni2310,168960.0,0.0,0.0,0.0,1,168730.0,169220.0,1,169350.0,169050.0,169050.0,168960.0,3.0,507060.0,373
2023-05-09 21:02:28,ni2310,ni2310,168960.0,0.0,0.0,0.0,1,168730.0,169190.0,1,169350.0,169050.0,169050.0,168960.0,3.0,507060.0,373
2023-05-09 21:02:29,ni2310,ni2310,168960.0,0.0,0.0,0.0,1,168730.0,169190.0,1,169350.0,169050.0,169050.0,168960.0,3.0,507060.0,373
2023-05-09 21:02:29,ni2310,ni2310,168960.0,0.0,0.0,0.0,1,168090.0,169160.0,2,169350.0,169050.0,169050.0,168960.0,3.0,507060.0,373
2023-05-09 21:02:30,ni2310,ni2310,168960.0,0.0,0.0,0.0,1,168680.0,169160.0,2,169350.0,169050.0,169050.0,168960.0,3.0,507060.0,373
2023-05-09 21:02:30,ni2310,ni2310,168960.0,0.0,0.0,0.0,1,168680.0,169160.0,2,169350.0,169050.0,169050.0,168960.0,3.0,507060.0,373
2023-05-09 21:02:31,ni2310,ni2310,168960.0,0.0,0.0,0.0,1,168680.0,169160.0,2,169350.0,169050.0,169050.0,168960.0,3.0,507060.0,373
2023-05-09 21:02:31,ni2310,ni2310,168960.0,0.0,0.0,0.0,1,168680.0,169150.0,1,169350.0,169050.0,169050.0,168960.0,3.0,507060.0,373
2023-05-09 21:02:32,ni2310,ni2310,168960.0,0.0,0.0,0.0,1,168680.0,169130.0,2,169350.0,169050.0,169050.0,168960.0,3.0,507060.0,373
2023-05-09 21:02:33,ni2310,ni2310,168960.0,0.0,0.0,0.0,1,168680.0,169130.0,2,169350.0,169050.0,169050.0,168960.0,3.0,507060.0,373
2023-05-09 21:02:33,ni2310,ni2310,168960.0,0.0,0.0,0.0,1,168380.0,169130.0,2,169350.0,169050.0,169050.0,168960.0,3.0,507060.0,373
2023-05-09 21:02:34,ni2310,ni2310,168960.0,0.0,0.0,0.0,1,168630.0,169080.0,1,169350.0,169050.0,169050.0,168960.0,3.0,507060.0,373
2023-05-09 21:02:34,ni2310,ni2310,168960.0,0.0,0.0,0.0,1,168630.0,169080.0,1,169350.0,169050.0,169050.0,168960.0,3.0,507060.0,373
2023-05-09 21:02:35,ni2310,ni2310,168960.0,0.0,0.0,0.0,1,168630.0,169070.0,1,169350.0,169050.0,169050.0,168960.0,3.0,507060.0,373
2023-05-09 21:02:36,ni2310,ni2310,168960.0,0.0,0.0,0.0,1,168630.0,169050.0,1,169350.0,169050.0,169050.0,168960.0,3.0,507060.0,373
2023-05-09 21:02:36,ni2310,ni2310,168960.0,0.0,0.0,0.0,1,168640.0,169050.0,2,169350.0,169050.0,169050.0,168960.0,3.0,507060.0,373
2023-05-09 21:02:37,ni2310,ni2310,168960.0,0.0,0.0,0.0,1,168740.0,169030.0,1,169350.0,169050.0,169050.0,168960.0,3.0,507060.0,373
2023-05-09 21:02:37,ni2310,ni2310,168960.0,0.0,0.0,0.0,1,168740.0,169050.0,1,169350.0,169050.0,169050.0,168960.0,3.0,507060.0,373
2023-05-09 21:02:38,ni2310,ni2310,168960.0,0.0,0.0,0.0,1,168740.0,169050.0,1,169350.0,169050.0,169050.0,168960.0,3.0,507060.0,373
2023-05-09 21:02:38,ni2310,ni2310,168960.0,0.0,0.0,0.0,1,168740.0,169040.0,2,169350.0,169050.0,169050.0,168960.0,3.0,507060.0,373
2023-05-09 21:02:41,ni2310,ni2310,168960.0,0.0,0.0,0.0,1,168740.0,169040.0,2,169350.0,169050.0,169050.0,168960.0,3.0,507060.0,373
2023-05-09 21:02:42,ni2310,ni2310,168960.0,0.0,0.0,0.0,1,168740.0,169040.0,2,169350.0,169050.0,169050.0,168960.0,3.0,507060.0,373
2023-05-09 21:02:44,ni2310,ni2310,168960.0,0.0,0.0,0.0,1,168740.0,169030.0,1,169350.0,169050.0,169050.0,168960.0,3.0,507060.0,373
2023-05-09 21:02:45,ni2310,ni2310,168960.0,0.0,0.0,0.0,1,168740.0,169020.0,1,169350.0,169050.0,169050.0,168960.0,3.0,507060.0,373
2023-05-09 21:02:45,ni2310,ni2310,168740.0,1.0,168740.0,-1.0,7,168400.0,169020.0,1,169350.0,169050.0,169050.0,168740.0,4.0,675800.0,372
2023-05-09 21:02:46,ni2310,ni2310,168740.0,0.0,0.0,0.0,1,168650.0,169020.0,1,169350.0,169050.0,169050.0,168740.0,4.0,675800.0,372
2023-05-09 21:02:47,ni2310,ni2310,168740.0,0.0,0.0,0.0,1,168650.0,169020.0,1,169350.0,169050.0,169050.0,168740.0,4.0,675800.0,372
2023-05-09 21:02:47,ni2310,ni2310,168740.0,0.0,0.0,0.0,2,168650.0,169020.0,1,169350.0,169050.0,169050.0,168740.0,4.0,675800.0,372
2023-05-09 21:02:48,ni2310,ni2310,168740.0,0.0,0.0,0.0,2,168650.0,169010.0,1,169350.0,169050.0,169050.0,168740.0,4.0,675800.0,372
2023-05-09 21:02:48,ni2310,ni2310,168740.0,0.0,0.0,0.0,1,168670.0,169000.0,1,169350.0,169050.0,169050.0,168740.0,4.0,675800.0,372
2023-05-09 21:02:49,ni2310,ni2310,168740.0,0.0,0.0,0.0,2,168670.0,169000.0,1,169350.0,169050.0,169050.0,168740.0,4.0,675800.0,372
2023-05-09 21:02:49,ni2310,ni2310,168740.0,0.0,0.0,0.0,1,168670.0,168990.0,2,169350.0,169050.0,169050.0,168740.0,4.0,675800.0,372
2023-05-09 21:02:50,ni2310,ni2310,168740.0,0.0,0.0,0.0,1,168670.0,168990.0,2,169350.0,169050.0,169050.0,168740.0,4.0,675800.0,372
2023-05-09 21:02:50,ni2310,ni2310,168740.0,0.0,0.0,0.0,1,168670.0,168970.0,1,169350.0,169050.0,169050.0,168740.0,4.0,675800.0,372
2023-05-09 21:02:51,ni2310,ni2310,168740.0,0.0,0.0,0.0,1,168670.0,168970.0,1,169350.0,169050.0,169050.0,168740.0,4.0,675800.0,372
2023-05-09 21:02:51,ni2310,ni2310,168740.0,0.0,0.0,0.0,1,168670.0,168950.0,1,169350.0,169050.0,169050.0,168740.0,4.0,675800.0,372
2023-05-09 21:02:52,ni2310,ni2310,168740.0,0.0,0.0,0.0,1,168670.0,168950.0,1,169350.0,169050.0,169050.0,168740.0,4.0,675800.0,372
2023-05-09 21:02:52,ni2310,ni2310,168740.0,0.0,0.0,0.0,1,168670.0,168950.0,1,169350.0,169050.0,169050.0,168740.0,4.0,675800.0,372
2023-05-09 21:02:53,ni2310,ni2310,168740.0,0.0,0.0,0.0,1,168670.0,168930.0,1,169350.0,169050.0,169050.0,168740.0,4.0,675800.0,372
2023-05-09 21:02:56,ni2310,ni2310,168670.0,1.0,168670.0,-1.0,6,168420.0,168930.0,1,169350.0,169050.0,169050.0,168670.0,5.0,844470.0,371
2023-05-09 21:02:56,ni2310,ni2310,168670.0,0.0,0.0,0.0,1,168600.0,168930.0,1,169350.0,169050.0,169050.0,168670.0,5.0,844470.0,371
2023-05-09 21:02:57,ni2310,ni2310,168670.0,0.0,0.0,0.0,1,168600.0,168920.0,1,169350.0,169050.0,169050.0,168670.0,5.0,844470.0,371
2023-05-09 21:02:57,ni2310,ni2310,168670.0,0.0,0.0,0.0,1,168600.0,168920.0,1,169350.0,169050.0,169050.0,168670.0,5.0,844470.0,371
2023-05-09 21:02:58,ni2310,ni2310,168670.0,0.0,0.0,0.0,1,168620.0,168920.0,1,169350.0,169050.0,169050.0,168670.0,5.0,844470.0,371
2023-05-09 21:02:59,ni2310,ni2310,168670.0,0.0,0.0,0.0,1,168630.0,168910.0,1,169350.0,169050.0,169050.0,168670.0,5.0,844470.0,371
2023-05-09 21:02:59,ni2310,ni2310,168670.0,0.0,0.0,0.0,1,168630.0,168910.0,1,169350.0,169050.0,169050.0,168670.0,5.0,844470.0,371
2023-05-09 21:03:00,ni2310,ni2310,168670.0,0.0,0.0,0.0,1,168630.0,168900.0,1,169350.0,169050.0,169050.0,168670.0,5.0,844470.0,371
2023-05-09 21:03:00,ni2310,ni2310,168670.0,0.0,0.0,0.0,2,168630.0,168900.0,1,169350.0,169050.0,169050.0,168670.0,5.0,844470.0,371
2023-05-09 21:03:01,ni2310,ni2310,168670.0,0.0,0.0,0.0,1,168400.0,168900.0,1,169350.0,169050.0,169050.0,168670.0,5.0,844470.0,371
2023-05-09 21:03:01,ni2310,ni2310,168670.0,0.0,0.0,0.0,1,168640.0,168900.0,1,169350.0,169050.0,169050.0,168670.0,5.0,844470.0,371
2023-05-09 21:03:02,ni2310,ni2310,168900.0,1.0,168900.0,0.0,1,168640.0,169380.0,2,169350.0,169050.0,169050.0,168670.0,6.0,1013370.0,371
2023-05-09 21:03:02,ni2310,ni2310,168900.0,0.0,0.0,0.0,1,168640.0,169370.0,5,169350.0,169050.0,169050.0,168670.0,6.0,1013370.0,371
2023-05-09 21:03:03,ni2310,ni2310,168900.0,0.0,0.0,0.0,1,168830.0,169370.0,5,169350.0,169050.0,169050.0,168670.0,6.0,1013370.0,371
2023-05-09 21:03:03,ni2310,ni2310,168900.0,0.0,0.0,0.0,1,168830.0,169360.0,1,169350.0,169050.0,169050.0,168670.0,6.0,1013370.0,371
2023-05-09 21:03:04,ni2310,ni2310,168900.0,0.0,0.0,0.0,1,168830.0,169280.0,1,169350.0,169050.0,169050.0,168670.0,6.0,1013370.0,371
2023-05-09 21:03:04,ni2310,ni2310,168900.0,0.0,0.0,0.0,1,168830.0,169220.0,2,169350.0,169050.0,169050.0,168670.0,6.0,1013370.0,371
2023-05-09 21:03:05,ni2310,ni2310,168900.0,0.0,0.0,0.0,5,168410.0,169210.0,1,169350.0,169050.0,169050.0,168670.0,6.0,1013370.0,371
2023-05-09 21:03:05,ni2310,ni2310,168900.0,0.0,0.0,0.0,1,168710.0,169190.0,1,169350.0,169050.0,169050.0,168670.0,6.0,1013370.0,371
2023-05-09 21:03:06,ni2310,ni2310,168900.0,0.0,0.0,0.0,1,168710.0,169150.0,1,169350.0,169050.0,169050.0,168670.0,6.0,1013370.0,371
2023-05-09 21:03:06,ni2310,ni2310,168900.0,0.0,0.0,0.0,1,168720.0,169130.0,1,169350.0,169050.0,169050.0,168670.0,6.0,1013370.0,371
2023-05-09 21:03:07,ni2310,ni2310,168900.0,0.0,0.0,0.0,2,168720.0,169100.0,1,169350.0,169050.0,169050.0,168670.0,6.0,1013370.0,371
2023-05-09 21:03:07,ni2310,ni2310,168900.0,0.0,0.0,0.0,1,168740.0,169100.0,2,169350.0,169050.0,169050.0,168670.0,6.0,1013370.0,371
2023-05-09 21:03:08,ni2310,ni2310,168900.0,0.0,0.0,0.0,1,168740.0,169080.0,1,169350.0,169050.0,169050.0,168670.0,6.0,1013370.0,371
2023-05-09 21:03:08,ni2310,ni2310,168900.0,0.0,0.0,0.0,1,168750.0,169080.0,1,169350.0,169050.0,169050.0,168670.0,6.0,1013370.0,371
2023-05-09 21:03:09,ni2310,ni2310,168900.0,0.0,0.0,0.0,1,168890.0,169080.0,1,169350.0,169050.0,169050.0,168670.0,6.0,1013370.0,371
2023-05-09 21:03:09,ni2310,ni2310,168900.0,0.0,0.0,0.0,1,168890.0,169080.0,1,169350.0,169050.0,169050.0,168670.0,6.0,1013370.0,371
2023-05-09 21:03:10,ni2310,ni2310,168900.0,0.0,0.0,0.0,1,168890.0,169360.0,3,169350.0,169050.0,169050.0,168670.0,6.0,1013370.0,371
2023-05-09 21:03:10,ni2310,ni2310,168900.0,0.0,0.0,0.0,1,168890.0,169060.0,1,169350.0,169050.0,169050.0,168670.0,6.0,1013370.0,371
2023-05-09 21:03:11,ni2310,ni2310,168900.0,0.0,0.0,0.0,1,168890.0,169360.0,6,169350.0,169050.0,169050.0,168670.0,6.0,1013370.0,371
2023-05-09 21:03:11,ni2310,ni2310,168900.0,0.0,0.0,0.0,1,168890.0,169350.0,1,169350.0,169050.0,169050.0,168670.0,6.0,1013370.0,371
2023-05-09 21:03:12,ni2310,ni2310,168900.0,0.0,0.0,0.0,1,168890.0,169340.0,4,169350.0,169050.0,169050.0,168670.0,6.0,1013370.0,371
2023-05-09 21:03:12,ni2310,ni2310,168900.0,0.0,0.0,0.0,1,168890.0,169070.0,1,169350.0,169050.0,169050.0,168670.0,6.0,1013370.0,371
2023-05-09 21:03:13,ni2310,ni2310,168900.0,0.0,0.0,0.0,1,168890.0,169160.0,1,169350.0,169050.0,169050.0,168670.0,6.0,1013370.0,371
2023-05-09 21:03:13,ni2310,ni2310,168900.0,0.0,0.0,0.0,1,168890.0,169160.0,1,169350.0,169050.0,169050.0,168670.0,6.0,1013370.0,371
2023-05-09 21:03:14,ni2310,ni2310,168900.0,0.0,0.0,0.0,1,168890.0,169160.0,1,169350.0,169050.0,169050.0,168670.0,6.0,1013370.0,371
2023-05-09 21:03:14,ni2310,ni2310,168900.0,0.0,0.0,0.0,1,168890.0,169140.0,1,169350.0,169050.0,169050.0,168670.0,6.0,1013370.0,371
2023-05-09 21:03:15,ni2310,ni2310,168900.0,0.0,0.0,0.0,1,168890.0,169160.0,1,169350.0,169050.0,169050.0,168670.0,6.0,1013370.0,371
2023-05-09 21:03:15,ni2310,ni2310,168900.0,0.0,0.0,0.0,1,168890.0,169130.0,1,169350.0,169050.0,169050.0,168670.0,6.0,1013370.0,371
2023-05-09 21:03:16,ni2310,ni2310,168900.0,0.0,0.0,0.0,1,168890.0,169130.0,1,169350.0,169050.0,169050.0,168670.0,6.0,1013370.0,371
2023-05-09 21:03:17,ni2310,ni2310,168900.0,0.0,0.0,0.0,1,168890.0,169130.0,1,169350.0,169050.0,169050.0,168670.0,6.0,1013370.0,371
2023-05-09 21:03:19,ni2310,ni2310,168900.0,0.0,0.0,0.0,1,168890.0,169110.0,1,169350.0,169050.0,169050.0,168670.0,6.0,1013370.0,371
2023-05-09 21:03:20,ni2310,ni2310,168900.0,0.0,0.0,0.0,1,168890.0,169110.0,1,169350.0,169050.0,169050.0,168670.0,6.0,1013370.0,371
2023-05-09 21:03:21,ni2310,ni2310,168900.0,0.0,0.0,0.0,1,168890.0,169110.0,1,169350.0,169050.0,169050.0,168670.0,6.0,1013370.0,371
2023-05-09 21:03:21,ni2310,ni2310,168900.0,0.0,0.0,0.0,1,168890.0,168960.0,1,169350.0,169050.0,169050.0,168670.0,6.0,1013370.0,371
2023-05-09 21:03:22,ni2310,ni2310,168900.0,0.0,0.0,0.0,1,168890.0,168960.0,1,169350.0,169050.0,169050.0,168670.0,6.0,1013370.0,371
2023-05-09 21:03:22,ni2310,ni2310,168900.0,0.0,0.0,0.0,1,168600.0,168960.0,1,169350.0,169050.0,169050.0,168670.0,6.0,1013370.0,371
2023-05-09 21:03:23,ni2310,ni2310,168900.0,0.0,0.0,0.0,1,168650.0,168960.0,1,169350.0,169050.0,169050.0,168670.0,6.0,1013370.0,371
2023-05-09 21:03:23,ni2310,ni2310,168900.0,0.0,0.0,0.0,1,168650.0,168960.0,1,169350.0,169050.0,169050.0,168670.0,6.0,1013370.0,371
2023-05-09 21:03:24,ni2310,ni2310,168900.0,0.0,0.0,0.0,1,168650.0,168880.0,1,169350.0,169050.0,169050.0,168670.0,6.0,1013370.0,371
2023-05-09 21:03:24,ni2310,ni2310,168900.0,0.0,0.0,0.0,1,168650.0,168880.0,1,169350.0,169050.0,169050.0,168670.0,6.0,1013370.0,371
2023-05-09 21:03:25,ni2310,ni2310,168900.0,0.0,0.0,0.0,1,168760.0,168880.0,1,169350.0,169050.0,169050.0,168670.0,6.0,1013370.0,371
2023-05-09 21:03:25,ni2310,ni2310,168900.0,0.0,0.0,0.0,1,168760.0,168880.0,1,169350.0,169050.0,169050.0,168670.0,6.0,1013370.0,371
2023-05-09 21:03:26,ni2310,ni2310,168900.0,0.0,0.0,0.0,1,168760.0,169190.0,1,169350.0,169050.0,169050.0,168670.0,6.0,1013370.0,371
2023-05-09 21:03:26,ni2310,ni2310,168900.0,0.0,0.0,0.0,1,168760.0,169190.0,2,169350.0,169050.0,169050.0,168670.0,6.0,1013370.0,371
2023-05-09 21:03:27,ni2310,ni2310,168900.0,0.0,0.0,0.0,2,168760.0,168950.0,1,169350.0,169050.0,169050.0,168670.0,6.0,1013370.0,371
2023-05-09 21:03:27,ni2310,ni2310,168900.0,0.0,0.0,0.0,1,168760.0,168950.0,1,169350.0,169050.0,169050.0,168670.0,6.0,1013370.0,371
2023-05-09 21:03:28,ni2310,ni2310,168900.0,0.0,0.0,0.0,1,168850.0,168950.0,1,169350.0,169050.0,169050.0,168670.0,6.0,1013370.0,371
2023-05-09 21:03:28,ni2310,ni2310,168900.0,0.0,0.0,0.0,1,168850.0,168940.0,1,169350.0,169050.0,169050.0,168670.0,6.0,1013370.0,371
2023-05-09 21:03:29,ni2310,ni2310,168900.0,0.0,0.0,0.0,1,168850.0,168940.0,1,169350.0,169050.0,169050.0,168670.0,6.0,1013370.0,371
2023-05-09 21:03:29,ni2310,ni2310,168900.0,0.0,0.0,0.0,1,168850.0,168860.0,1,169350.0,169050.0,169050.0,168670.0,6.0,1013370.0,371
2023-05-09 21:03:30,ni2310,ni2310,168850.0,1.0,168850.0,-1.0,2,168470.0,168860.0,1,169350.0,169050.0,169050.0,168670.0,7.0,1182220.0,370
2023-05-09 21:03:30,ni2310,ni2310,168850.0,0.0,0.0,0.0,1,168600.0,168830.0,1,169350.0,169050.0,169050.0,168670.0,7.0,1182220.0,370
2023-05-09 21:03:31,ni2310,ni2310,168850.0,0.0,0.0,0.0,2,168470.0,168830.0,1,169350.0,169050.0,169050.0,168670.0,7.0,1182220.0,370
2023-05-09 21:03:31,ni2310,ni2310,168850.0,0.0,0.0,0.0,1,168620.0,168830.0,1,169350.0,169050.0,169050.0,168670.0,7.0,1182220.0,370
2023-05-09 21:03:32,ni2310,ni2310,168850.0,0.0,0.0,0.0,1,168620.0,168830.0,1,169350.0,169050.0,169050.0,168670.0,7.0,1182220.0,370
2023-05-09 21:03:32,ni2310,ni2310,168850.0,0.0,0.0,0.0,1,168430.0,168830.0,1,169350.0,169050.0,169050.0,168670.0,7.0,1182220.0,370
2023-05-09 21:03:33,ni2310,ni2310,168850.0,0.0,0.0,0.0,1,168520.0,169220.0,1,169350.0,169050.0,169050.0,168670.0,7.0,1182220.0,370
2023-05-09 21:03:33,ni2310,ni2310,168850.0,0.0,0.0,0.0,2,168520.0,169190.0,6,169350.0,169050.0,169050.0,168670.0,7.0,1182220.0,370
2023-05-09 21:03:34,ni2310,ni2310,168850.0,0.0,0.0,0.0,2,168560.0,169190.0,6,169350.0,169050.0,169050.0,168670.0,7.0,1182220.0,370
2023-05-09 21:03:34,ni2310,ni2310,168850.0,0.0,0.0,0.0,2,168560.0,169070.0,1,169350.0,169050.0,169050.0,168670.0,7.0,1182220.0,370
2023-05-09 21:03:35,ni2310,ni2310,168850.0,0.0,0.0,0.0,1,168520.0,169070.0,2,169350.0,169050.0,169050.0,168670.0,7.0,1182220.0,370
2023-05-09 21:03:35,ni2310,ni2310,168850.0,0.0,0.0,0.0,1,168540.0,168830.0,1,169350.0,169050.0,169050.0,168670.0,7.0,1182220.0,370
2023-05-09 21:03:36,ni2310,ni2310,168850.0,0.0,0.0,0.0,1,168540.0,168830.0,1,169350.0,169050.0,169050.0,168670.0,7.0,1182220.0,370
2023-05-09 21:03:36,ni2310,ni2310,168850.0,0.0,0.0,0.0,1,168540.0,168830.0,1,169350.0,169050.0,169050.0,168670.0,7.0,1182220.0,370
2023-05-09 21:03:37,ni2310,ni2310,168850.0,0.0,0.0,0.0,1,168550.0,169030.0,2,169350.0,169050.0,169050.0,168670.0,7.0,1182220.0,370
2023-05-09 21:03:37,ni2310,ni2310,168850.0,0.0,0.0,0.0,1,168610.0,169020.0,1,169350.0,169050.0,169050.0,168670.0,7.0,1182220.0,370
2023-05-09 21:03:38,ni2310,ni2310,168850.0,0.0,0.0,0.0,2,168610.0,168960.0,1,169350.0,169050.0,169050.0,168670.0,7.0,1182220.0,370
2023-05-09 21:03:38,ni2310,ni2310,168850.0,0.0,0.0,0.0,2,168640.0,168960.0,1,169350.0,169050.0,169050.0,168670.0,7.0,1182220.0,370
2023-05-09 21:03:39,ni2310,ni2310,168850.0,0.0,0.0,0.0,2,168640.0,169030.0,1,169350.0,169050.0,169050.0,168670.0,7.0,1182220.0,370
2023-05-09 21:03:39,ni2310,ni2310,168850.0,0.0,0.0,0.0,2,168660.0,169030.0,1,169350.0,169050.0,169050.0,168670.0,7.0,1182220.0,370
2023-05-09 21:03:40,ni2310,ni2310,168850.0,0.0,0.0,0.0,1,168700.0,169030.0,1,169350.0,169050.0,169050.0,168670.0,7.0,1182220.0,370
2023-05-09 21:03:40,ni2310,ni2310,168850.0,0.0,0.0,0.0,1,168700.0,169030.0,1,169350.0,169050.0,169050.0,168670.0,7.0,1182220.0,370
2023-05-09 21:03:41,ni2310,ni2310,168850.0,0.0,0.0,0.0,1,168660.0,169030.0,1,169350.0,169050.0,169050.0,168670.0,7.0,1182220.0,370
2023-05-09 21:03:41,ni2310,ni2310,168850.0,0.0,0.0,0.0,1,168430.0,169030.0,1,169350.0,169050.0,169050.0,168670.0,7.0,1182220.0,370
2023-05-09 21:03:42,ni2310,ni2310,168850.0,0.0,0.0,0.0,1,168620.0,169030.0,1,169350.0,169050.0,169050.0,168670.0,7.0,1182220.0,370
2023-05-09 21:03:42,ni2310,ni2310,168850.0,0.0,0.0,0.0,1,168620.0,169010.0,1,169350.0,169050.0,169050.0,168670.0,7.0,1182220.0,370
2023-05-09 21:03:43,ni2310,ni2310,168850.0,0.0,0.0,0.0,1,168640.0,169010.0,1,169350.0,169050.0,169050.0,168670.0,7.0,1182220.0,370
2023-05-09 21:03:43,ni2310,ni2310,168850.0,0.0,0.0,0.0,1,168640.0,169010.0,1,169350.0,169050.0,169050.0,168670.0,7.0,1182220.0,370
2023-05-09 21:03:44,ni2310,ni2310,168850.0,0.0,0.0,0.0,2,168640.0,169010.0,1,169350.0,169050.0,169050.0,168670.0,7.0,1182220.0,370
2023-05-09 21:03:44,ni2310,ni2310,168850.0,0.0,0.0,0.0,1,168660.0,169000.0,1,169350.0,169050.0,169050.0,168670.0,7.0,1182220.0,370
2023-05-09 21:03:45,ni2310,ni2310,168850.0,0.0,0.0,0.0,1,168640.0,169000.0,1,169350.0,169050.0,169050.0,168670.0,7.0,1182220.0,370
2023-05-09 21:03:46,ni2310,ni2310,168850.0,0.0,0.0,0.0,1,168650.0,168980.0,1,169350.0,169050.0,169050.0,168670.0,7.0,1182220.0,370
2023-05-09 21:03:46,ni2310,ni2310,168850.0,0.0,0.0,0.0,1,168650.0,168980.0,1,169350.0,169050.0,169050.0,168670.0,7.0,1182220.0,370
2023-05-09 21:03:47,ni2310,ni2310,168850.0,0.0,0.0,0.0,1,168650.0,168980.0,1,169350.0,169050.0,169050.0,168670.0,7.0,1182220.0,370
2023-05-09 21:03:48,ni2310,ni2310,168850.0,0.0,0.0,0.0,1,168650.0,168980.0,1,169350.0,169050.0,169050.0,168670.0,7.0,1182220.0,370
2023-05-09 21:03:48,ni2310,ni2310,168850.0,0.0,0.0,0.0,1,168650.0,169030.0,1,169350.0,169050.0,169050.0,168670.0,7.0,1182220.0,370
2023-05-09 21:03:49,ni2310,ni2310,168850.0,0.0,0.0,0.0,1,168680.0,169340.0,4,169350.0,169050.0,169050.0,168670.0,7.0,1182220.0,370
2023-05-09 21:03:49,ni2310,ni2310,168850.0,0.0,0.0,0.0,1,168680.0,169030.0,1,169350.0,169050.0,169050.0,168670.0,7.0,1182220.0,370
2023-05-09 21:03:50,ni2310,ni2310,168850.0,0.0,0.0,0.0,1,168430.0,169030.0,1,169350.0,169050.0,169050.0,168670.0,7.0,1182220.0,370
2023-05-09 21:03:50,ni2310,ni2310,168850.0,0.0,0.0,0.0,6,168440.0,169030.0,1,169350.0,169050.0,169050.0,168670.0,7.0,1182220.0,370
2023-05-09 21:03:51,ni2310,ni2310,168850.0,0.0,0.0,0.0,1,168490.0,169030.0,1,169350.0,169050.0,169050.0,168670.0,7.0,1182220.0,370
2023-05-09 21:03:51,ni2310,ni2310,168850.0,0.0,0.0,0.0,3,168490.0,169010.0,1,169350.0,169050.0,169050.0,168670.0,7.0,1182220.0,370
2023-05-09 21:03:52,ni2310,ni2310,168850.0,0.0,0.0,0.0,1,168530.0,169010.0,1,169350.0,169050.0,169050.0,168670.0,7.0,1182220.0,370
2023-05-09 21:03:52,ni2310,ni2310,168850.0,0.0,0.0,0.0,1,168530.0,168970.0,1,169350.0,169050.0,169050.0,168670.0,7.0,1182220.0,370
2023-05-09 21:03:53,ni2310,ni2310,168850.0,0.0,0.0,0.0,1,168560.0,168970.0,1,169350.0,169050.0,169050.0,168670.0,7.0,1182220.0,370
2023-05-09 21:03:53,ni2310,ni2310,168850.0,0.0,0.0,0.0,2,168560.0,168970.0,1,169350.0,169050.0,169050.0,168670.0,7.0,1182220.0,370
2023-05-09 21:03:54,ni2310,ni2310,168850.0,0.0,0.0,0.0,1,168560.0,168970.0,1,169350.0,169050.0,169050.0,168670.0,7.0,1182220.0,370
2023-05-09 21:03:54,ni2310,ni2310,168850.0,0.0,0.0,0.0,1,168560.0,168950.0,1,169350.0,169050.0,169050.0,168670.0,7.0,1182220.0,370
2023-05-09 21:03:55,ni2310,ni2310,168850.0,0.0,0.0,0.0,1,168560.0,168950.0,2,169350.0,169050.0,169050.0,168670.0,7.0,1182220.0,370
2023-05-09 21:03:55,ni2310,ni2310,168850.0,0.0,0.0,0.0,1,168560.0,168910.0,1,169350.0,169050.0,169050.0,168670.0,7.0,1182220.0,370
2023-05-09 21:03:56,ni2310,ni2310,168850.0,0.0,0.0,0.0,1,168560.0,168890.0,1,169350.0,169050.0,169050.0,168670.0,7.0,1182220.0,370
2023-05-09 21:03:56,ni2310,ni2310,168850.0,0.0,0.0,0.0,1,168560.0,168890.0,1,169350.0,169050.0,169050.0,168670.0,7.0,1182220.0,370
2023-05-09 21:03:57,ni2310,ni2310,168850.0,0.0,0.0,0.0,1,168590.0,168890.0,1,169350.0,169050.0,169050.0,168670.0,7.0,1182220.0,370
2023-05-09 21:03:57,ni2310,ni2310,168850.0,0.0,0.0,0.0,1,168590.0,169300.0,2,169350.0,169050.0,169050.0,168670.0,7.0,1182220.0,370
2023-05-09 21:03:58,ni2310,ni2310,168850.0,0.0,0.0,0.0,1,168600.0,169250.0,1,169350.0,169050.0,169050.0,168670.0,7.0,1182220.0,370
2023-05-09 21:03:58,ni2310,ni2310,168850.0,0.0,0.0,0.0,1,168600.0,168950.0,1,169350.0,169050.0,169050.0,168670.0,7.0,1182220.0,370
2023-05-09 21:03:59,ni2310,ni2310,168850.0,0.0,0.0,0.0,1,168600.0,168940.0,1,169350.0,169050.0,169050.0,168670.0,7.0,1182220.0,370
2023-05-09 21:03:59,ni2310,ni2310,168850.0,0.0,0.0,0.0,1,168610.0,168940.0,1,169350.0,169050.0,169050.0,168670.0,7.0,1182220.0,370
2023-05-09 21:04:01,ni2310,ni2310,168850.0,0.0,0.0,0.0,1,168610.0,168940.0,1,169350.0,169050.0,169050.0,168670.0,7.0,1182220.0,370
2023-05-09 21:04:01,ni2310,ni2310,168850.0,0.0,0.0,0.0,1,168620.0,168930.0,1,169350.0,169050.0,169050.0,168670.0,7.0,1182220.0,370
2023-05-09 21:04:02,ni2310,ni2310,168850.0,0.0,0.0,0.0,1,168460.0,168930.0,1,169350.0,169050.0,169050.0,168670.0,7.0,1182220.0,370
2023-05-09 21:04:02,ni2310,ni2310,168850.0,0.0,0.0,0.0,1,168590.0,168930.0,1,169350.0,169050.0,169050.0,168670.0,7.0,1182220.0,370
2023-05-09 21:04:03,ni2310,ni2310,168850.0,0.0,0.0,0.0,1,168590.0,168930.0,1,169350.0,169050.0,169050.0,168670.0,7.0,1182220.0,370
2023-05-09 21:04:03,ni2310,ni2310,168850.0,0.0,0.0,0.0,1,168590.0,168930.0,1,169350.0,169050.0,169050.0,168670.0,7.0,1182220.0,370
2023-05-09 21:04:04,ni2310,ni2310,168850.0,0.0,0.0,0.0,1,168590.0,168870.0,1,169350.0,169050.0,169050.0,168670.0,7.0,1182220.0,370
2023-05-09 21:04:04,ni2310,ni2310,168850.0,0.0,0.0,0.0,1,168590.0,168870.0,1,169350.0,169050.0,169050.0,168670.0,7.0,1182220.0,370
2023-05-09 21:04:05,ni2310,ni2310,168850.0,0.0,0.0,0.0,1,168600.0,168870.0,1,169350.0,169050.0,169050.0,168670.0,7.0,1182220.0,370
2023-05-09 21:04:05,ni2310,ni2310,168850.0,0.0,0.0,0.0,1,168600.0,168870.0,1,169350.0,169050.0,169050.0,168670.0,7.0,1182220.0,370
2023-05-09 21:04:06,ni2310,ni2310,168850.0,0.0,0.0,0.0,2,168600.0,168870.0,1,169350.0,169050.0,169050.0,168670.0,7.0,1182220.0,370
2023-05-09 21:04:06,ni2310,ni2310,168850.0,0.0,0.0,0.0,1,168540.0,168870.0,1,169350.0,169050.0,169050.0,168670.0,7.0,1182220.0,370
2023-05-09 21:04:07,ni2310,ni2310,168850.0,0.0,0.0,0.0,1,168600.0,169300.0,2,169350.0,169050.0,169050.0,168670.0,7.0,1182220.0,370
2023-05-09 21:04:07,ni2310,ni2310,168850.0,0.0,0.0,0.0,1,168610.0,169290.0,1,169350.0,169050.0,169050.0,168670.0,7.0,1182220.0,370
2023-05-09 21:04:08,ni2310,ni2310,168850.0,0.0,0.0,0.0,1,168630.0,169150.0,1,169350.0,169050.0,169050.0,168670.0,7.0,1182220.0,370
2023-05-09 21:04:08,ni2310,ni2310,168850.0,0.0,0.0,0.0,1,168630.0,169150.0,1,169350.0,169050.0,169050.0,168670.0,7.0,1182220.0,370
2023-05-09 21:04:09,ni2310,ni2310,168850.0,0.0,0.0,0.0,1,168650.0,169150.0,1,169350.0,169050.0,169050.0,168670.0,7.0,1182220.0,370
2023-05-09 21:04:09,ni2310,ni2310,168850.0,0.0,0.0,0.0,1,168610.0,169120.0,1,169350.0,169050.0,169050.0,168670.0,7.0,1182220.0,370
2023-05-09 21:04:10,ni2310,ni2310,168850.0,0.0,0.0,0.0,1,168460.0,169120.0,1,169350.0,169050.0,169050.0,168670.0,7.0,1182220.0,370
2023-05-09 21:04:10,ni2310,ni2310,168850.0,0.0,0.0,0.0,1,168470.0,169080.0,1,169350.0,169050.0,169050.0,168670.0,7.0,1182220.0,370
2023-05-09 21:04:11,ni2310,ni2310,168850.0,0.0,0.0,0.0,2,168470.0,169050.0,1,169350.0,169050.0,169050.0,168670.0,7.0,1182220.0,370
2023-05-09 21:04:11,ni2310,ni2310,168850.0,0.0,0.0,0.0,2,168470.0,169050.0,1,169350.0,169050.0,169050.0,168670.0,7.0,1182220.0,370
2023-05-09 21:04:12,ni2310,ni2310,168850.0,0.0,0.0,0.0,2,168470.0,169030.0,1,169350.0,169050.0,169050.0,168670.0,7.0,1182220.0,370
2023-05-09 21:04:12,ni2310,ni2310,168850.0,0.0,0.0,0.0,1,168480.0,169030.0,1,169350.0,169050.0,169050.0,168670.0,7.0,1182220.0,370
2023-05-09 21:04:13,ni2310,ni2310,168850.0,0.0,0.0,0.0,1,168590.0,169000.0,1,169350.0,169050.0,169050.0,168670.0,7.0,1182220.0,370
2023-05-09 21:04:13,ni2310,ni2310,168850.0,0.0,0.0,0.0,1,168590.0,169000.0,1,169350.0,169050.0,169050.0,168670.0,7.0,1182220.0,370
2023-05-09 21:04:14,ni2310,ni2310,168850.0,0.0,0.0,0.0,1,168610.0,169000.0,1,169350.0,169050.0,169050.0,168670.0,7.0,1182220.0,370
2023-05-09 21:04:14,ni2310,ni2310,168850.0,0.0,0.0,0.0,1,168650.0,169000.0,1,169350.0,169050.0,169050.0,168670.0,7.0,1182220.0,370
2023-05-09 21:04:15,ni2310,ni2310,168850.0,0.0,0.0,0.0,1,168650.0,169000.0,1,169350.0,169050.0,169050.0,168670.0,7.0,1182220.0,370
2023-05-09 21:04:15,ni2310,ni2310,168850.0,0.0,0.0,0.0,1,168680.0,169000.0,1,169350.0,169050.0,169050.0,168670.0,7.0,1182220.0,370
2023-05-09 21:04:16,ni2310,ni2310,168850.0,0.0,0.0,0.0,1,168460.0,168990.0,1,169350.0,169050.0,169050.0,168670.0,7.0,1182220.0,370
2023-05-09 21:04:16,ni2310,ni2310,168850.0,0.0,0.0,0.0,1,168620.0,168990.0,1,169350.0,169050.0,169050.0,168670.0,7.0,1182220.0,370
2023-05-09 21:04:17,ni2310,ni2310,168850.0,0.0,0.0,0.0,1,168620.0,169000.0,1,169350.0,169050.0,169050.0,168670.0,7.0,1182220.0,370
2023-05-09 21:04:17,ni2310,ni2310,168850.0,0.0,0.0,0.0,2,168620.0,168980.0,1,169350.0,169050.0,169050.0,168670.0,7.0,1182220.0,370
2023-05-09 21:04:18,ni2310,ni2310,168850.0,0.0,0.0,0.0,1,168650.0,168980.0,1,169350.0,169050.0,169050.0,168670.0,7.0,1182220.0,370
2023-05-09 21:04:18,ni2310,ni2310,168850.0,0.0,0.0,0.0,1,168650.0,168950.0,1,169350.0,169050.0,169050.0,168670.0,7.0,1182220.0,370
2023-05-09 21:04:19,ni2310,ni2310,168850.0,0.0,0.0,0.0,1,168630.0,168950.0,1,169350.0,169050.0,169050.0,168670.0,7.0,1182220.0,370
2023-05-09 21:04:19,ni2310,ni2310,168850.0,0.0,0.0,0.0,2,168630.0,168950.0,1,169350.0,169050.0,169050.0,168670.0,7.0,1182220.0,370
2023-05-09 21:04:20,ni2310,ni2310,168850.0,0.0,0.0,0.0,1,168630.0,168950.0,1,169350.0,169050.0,169050.0,168670.0,7.0,1182220.0,370
2023-05-09 21:04:20,ni2310,ni2310,168850.0,0.0,0.0,0.0,1,168500.0,168930.0,1,169350.0,169050.0,169050.0,168670.0,7.0,1182220.0,370
2023-05-09 21:04:21,ni2310,ni2310,168850.0,0.0,0.0,0.0,1,168640.0,168930.0,1,169350.0,169050.0,169050.0,168670.0,7.0,1182220.0,370
2023-05-09 21:04:21,ni2310,ni2310,168850.0,0.0,0.0,0.0,1,168640.0,168930.0,1,169350.0,169050.0,169050.0,168670.0,7.0,1182220.0,370
2023-05-09 21:04:22,ni2310,ni2310,168850.0,0.0,0.0,0.0,1,168460.0,168930.0,1,169350.0,169050.0,169050.0,168670.0,7.0,1182220.0,370
2023-05-09 21:04:22,ni2310,ni2310,168850.0,0.0,0.0,0.0,1,168550.0,168930.0,1,169350.0,169050.0,169050.0,168670.0,7.0,1182220.0,370
2023-05-09 21:04:23,ni2310,ni2310,168850.0,0.0,0.0,0.0,3,168550.0,168930.0,1,169350.0,169050.0,169050.0,168670.0,7.0,1182220.0,370
2023-05-09 21:04:23,ni2310,ni2310,168850.0,0.0,0.0,0.0,1,168600.0,168930.0,1,169350.0,169050.0,169050.0,168670.0,7.0,1182220.0,370
2023-05-09 21:04:24,ni2310,ni2310,168850.0,0.0,0.0,0.0,1,168580.0,168930.0,1,169350.0,169050.0,169050.0,168670.0,7.0,1182220.0,370
2023-05-09 21:04:24,ni2310,ni2310,168850.0,0.0,0.0,0.0,1,168550.0,168930.0,1,169350.0,169050.0,169050.0,168670.0,7.0,1182220.0,370
2023-05-09 21:04:25,ni2310,ni2310,168850.0,0.0,0.0,0.0,1,168550.0,168930.0,1,169350.0,169050.0,169050.0,168670.0,7.0,1182220.0,370
2023-05-09 21:04:25,ni2310,ni2310,168850.0,0.0,0.0,0.0,1,168570.0,168930.0,1,169350.0,169050.0,169050.0,168670.0,7.0,1182220.0,370
2023-05-09 21:04:27,ni2310,ni2310,168850.0,0.0,0.0,0.0,1,168570.0,168930.0,1,169350.0,169050.0,169050.0,168670.0,7.0,1182220.0,370
2023-05-09 21:04:27,ni2310,ni2310,168850.0,0.0,0.0,0.0,1,168570.0,168930.0,1,169350.0,169050.0,169050.0,168670.0,7.0,1182220.0,370
2023-05-09 21:04:28,ni2310,ni2310,168850.0,0.0,0.0,0.0,1,168570.0,168920.0,1,169350.0,169050.0,169050.0,168670.0,7.0,1182220.0,370
2023-05-09 21:04:28,ni2310,ni2310,168850.0,0.0,0.0,0.0,1,168550.0,168920.0,1,169350.0,169050.0,169050.0,168670.0,7.0,1182220.0,370
2023-05-09 21:04:29,ni2310,ni2310,168850.0,0.0,0.0,0.0,1,168550.0,168890.0,1,169350.0,169050.0,169050.0,168670.0,7.0,1182220.0,370
2023-05-09 21:04:29,ni2310,ni2310,168850.0,0.0,0.0,0.0,1,168550.0,168890.0,1,169350.0,169050.0,169050.0,168670.0,7.0,1182220.0,370
2023-05-09 21:04:30,ni2310,ni2310,168850.0,0.0,0.0,0.0,1,168550.0,168870.0,1,169350.0,169050.0,169050.0,168670.0,7.0,1182220.0,370
2023-05-09 21:04:30,ni2310,ni2310,168850.0,0.0,0.0,0.0,1,168550.0,168870.0,1,169350.0,169050.0,169050.0,168670.0,7.0,1182220.0,370
2023-05-09 21:04:31,ni2310,ni2310,168850.0,0.0,0.0,0.0,1,168550.0,168870.0,2,169350.0,169050.0,169050.0,168670.0,7.0,1182220.0,370
2023-05-09 21:04:31,ni2310,ni2310,168850.0,0.0,0.0,0.0,1,168550.0,168860.0,1,169350.0,169050.0,169050.0,168670.0,7.0,1182220.0,370
2023-05-09 21:04:32,ni2310,ni2310,168850.0,0.0,0.0,0.0,1,168460.0,168860.0,1,169350.0,169050.0,169050.0,168670.0,7.0,1182220.0,370
2023-05-09 21:04:32,ni2310,ni2310,168850.0,0.0,0.0,0.0,1,168470.0,168850.0,1,169350.0,169050.0,169050.0,168670.0,7.0,1182220.0,370
2023-05-09 21:04:33,ni2310,ni2310,168850.0,0.0,0.0,0.0,1,168470.0,168850.0,1,169350.0,169050.0,169050.0,168670.0,7.0,1182220.0,370
2023-05-09 21:04:34,ni2310,ni2310,168850.0,0.0,0.0,0.0,1,168470.0,168850.0,1,169350.0,169050.0,169050.0,168670.0,7.0,1182220.0,370
2023-05-09 21:04:34,ni2310,ni2310,168850.0,0.0,0.0,0.0,1,168470.0,168850.0,1,169350.0,169050.0,169050.0,168670.0,7.0,1182220.0,370
2023-05-09 21:04:35,ni2310,ni2310,168850.0,0.0,0.0,0.0,1,168490.0,168850.0,1,169350.0,169050.0,169050.0,168670.0,7.0,1182220.0,370
2023-05-09 21:04:36,ni2310,ni2310,168850.0,0.0,0.0,0.0,1,168490.0,168850.0,1,169350.0,169050.0,169050.0,168670.0,7.0,1182220.0,370
2023-05-09 21:04:39,ni2310,ni2310,168850.0,0.0,0.0,0.0,1,168470.0,168810.0,1,169350.0,169050.0,169050.0,168670.0,7.0,1182220.0,370
2023-05-09 21:04:39,ni2310,ni2310,168850.0,0.0,0.0,0.0,2,168470.0,168810.0,1,169350.0,169050.0,169050.0,168670.0,7.0,1182220.0,370
2023-05-09 21:04:40,ni2310,ni2310,168850.0,0.0,0.0,0.0,1,168470.0,168800.0,1,169350.0,169050.0,169050.0,168670.0,7.0,1182220.0,370
2023-05-09 21:04:40,ni2310,ni2310,168850.0,0.0,0.0,0.0,1,168470.0,168800.0,1,169350.0,169050.0,169050.0,168670.0,7.0,1182220.0,370
2023-05-09 21:04:41,ni2310,ni2310,168850.0,0.0,0.0,0.0,1,168090.0,168800.0,1,169350.0,169050.0,169050.0,168670.0,7.0,1182220.0,370
2023-05-09 21:04:41,ni2310,ni2310,168850.0,0.0,0.0,0.0,1,168380.0,168780.0,1,169350.0,169050.0,169050.0,168670.0,7.0,1182220.0,370
2023-05-09 21:04:42,ni2310,ni2310,168850.0,0.0,0.0,0.0,2,168380.0,168770.0,2,169350.0,169050.0,169050.0,168670.0,7.0,1182220.0,370
2023-05-09 21:04:42,ni2310,ni2310,168850.0,0.0,0.0,0.0,2,168380.0,168770.0,2,169350.0,169050.0,169050.0,168670.0,7.0,1182220.0,370
2023-05-09 21:04:43,ni2310,ni2310,168850.0,0.0,0.0,0.0,1,168390.0,168720.0,1,169350.0,169050.0,169050.0,168670.0,7.0,1182220.0,370
2023-05-09 21:04:44,ni2310,ni2310,168850.0,0.0,0.0,0.0,1,168420.0,168720.0,1,169350.0,169050.0,169050.0,168670.0,7.0,1182220.0,370
2023-05-09 21:04:44,ni2310,ni2310,168850.0,0.0,0.0,0.0,1,168420.0,168720.0,1,169350.0,169050.0,169050.0,168670.0,7.0,1182220.0,370
2023-05-09 21:04:45,ni2310,ni2310,168850.0,0.0,0.0,0.0,1,168420.0,168770.0,2,169350.0,169050.0,169050.0,168670.0,7.0,1182220.0,370
2023-05-09 21:04:45,ni2310,ni2310,168850.0,0.0,0.0,0.0,2,168420.0,168770.0,2,169350.0,169050.0,169050.0,168670.0,7.0,1182220.0,370
2023-05-09 21:04:46,ni2310,ni2310,168850.0,0.0,0.0,0.0,2,168420.0,168750.0,1,169350.0,169050.0,169050.0,168670.0,7.0,1182220.0,370
2023-05-09 21:04:46,ni2310,ni2310,168850.0,0.0,0.0,0.0,2,168420.0,168750.0,1,169350.0,169050.0,169050.0,168670.0,7.0,1182220.0,370
2023-05-09 21:04:48,ni2310,ni2310,168850.0,0.0,0.0,0.0,2,168420.0,169260.0,5,169350.0,169050.0,169050.0,168670.0,7.0,1182220.0,370
2023-05-09 21:04:49,ni2310,ni2310,168850.0,0.0,0.0,0.0,2,168420.0,169130.0,1,169350.0,169050.0,169050.0,168670.0,7.0,1182220.0,370
2023-05-09 21:04:49,ni2310,ni2310,168850.0,0.0,0.0,0.0,2,168420.0,169130.0,7,169350.0,169050.0,169050.0,168670.0,7.0,1182220.0,370
2023-05-09 21:04:50,ni2310,ni2310,168850.0,0.0,0.0,0.0,2,168420.0,169120.0,4,169350.0,169050.0,169050.0,168670.0,7.0,1182220.0,370
2023-05-09 21:04:50,ni2310,ni2310,168850.0,0.0,0.0,0.0,1,168420.0,169070.0,1,169350.0,169050.0,169050.0,168670.0,7.0,1182220.0,370
2023-05-09 21:04:51,ni2310,ni2310,168850.0,0.0,0.0,0.0,1,168120.0,168930.0,1,169350.0,169050.0,169050.0,168670.0,7.0,1182220.0,370
2023-05-09 21:04:51,ni2310,ni2310,168850.0,0.0,0.0,0.0,1,168430.0,168920.0,5,169350.0,169050.0,169050.0,168670.0,7.0,1182220.0,370
2023-05-09 21:04:52,ni2310,ni2310,168850.0,0.0,0.0,0.0,1,168120.0,168830.0,1,169350.0,169050.0,169050.0,168670.0,7.0,1182220.0,370
2023-05-09 21:04:52,ni2310,ni2310,168850.0,0.0,0.0,0.0,1,168430.0,168850.0,1,169350.0,169050.0,169050.0,168670.0,7.0,1182220.0,370
2023-05-09 21:04:53,ni2310,ni2310,168850.0,0.0,0.0,0.0,1,168140.0,168850.0,1,169350.0,169050.0,169050.0,168670.0,7.0,1182220.0,370
2023-05-09 21:04:53,ni2310,ni2310,168850.0,0.0,0.0,0.0,1,168430.0,169050.0,1,169350.0,169050.0,169050.0,168670.0,7.0,1182220.0,370
2023-05-09 21:04:54,ni2310,ni2310,168850.0,0.0,0.0,0.0,1,168170.0,169010.0,1,169350.0,169050.0,169050.0,168670.0,7.0,1182220.0,370
2023-05-09 21:04:54,ni2310,ni2310,168850.0,0.0,0.0,0.0,4,168180.0,169010.0,7,169350.0,169050.0,169050.0,168670.0,7.0,1182220.0,370
2023-05-09 21:04:55,ni2310,ni2310,168850.0,0.0,0.0,0.0,5,168190.0,169010.0,7,169350.0,169050.0,169050.0,168670.0,7.0,1182220.0,370
2023-05-09 21:04:55,ni2310,ni2310,168850.0,0.0,0.0,0.0,1,168220.0,168920.0,1,169350.0,169050.0,169050.0,168670.0,7.0,1182220.0,370
2023-05-09 21:04:56,ni2310,ni2310,168850.0,0.0,0.0,0.0,1,168220.0,168920.0,2,169350.0,169050.0,169050.0,168670.0,7.0,1182220.0,370
2023-05-09 21:04:56,ni2310,ni2310,168850.0,0.0,0.0,0.0,1,168230.0,168920.0,1,169350.0,169050.0,169050.0,168670.0,7.0,1182220.0,370
2023-05-09 21:04:57,ni2310,ni2310,168850.0,0.0,0.0,0.0,1,168250.0,168920.0,2,169350.0,169050.0,169050.0,168670.0,7.0,1182220.0,370
2023-05-09 21:04:58,ni2310,ni2310,168850.0,0.0,0.0,0.0,2,168250.0,168920.0,2,169350.0,169050.0,169050.0,168670.0,7.0,1182220.0,370
2023-05-09 21:04:58,ni2310,ni2310,168850.0,0.0,0.0,0.0,2,168250.0,168920.0,2,169350.0,169050.0,169050.0,168670.0,7.0,1182220.0,370
2023-05-09 21:04:59,ni2310,ni2310,168850.0,0.0,0.0,0.0,1,168310.0,168900.0,1,169350.0,169050.0,169050.0,168670.0,7.0,1182220.0,370
2023-05-09 21:04:59,ni2310,ni2310,168850.0,0.0,0.0,0.0,1,168330.0,168900.0,1,169350.0,169050.0,169050.0,168670.0,7.0,1182220.0,370
2023-05-09 21:05:00,ni2310,ni2310,168850.0,0.0,0.0,0.0,1,168330.0,168860.0,1,169350.0,169050.0,169050.0,168670.0,7.0,1182220.0,370
2023-05-09 21:05:00,ni2310,ni2310,168850.0,0.0,0.0,0.0,1,168350.0,168860.0,1,169350.0,169050.0,169050.0,168670.0,7.0,1182220.0,370
2023-05-09 21:05:01,ni2310,ni2310,168850.0,0.0,0.0,0.0,2,168350.0,168860.0,1,169350.0,169050.0,169050.0,168670.0,7.0,1182220.0,370
2023-05-09 21:05:01,ni2310,ni2310,168850.0,0.0,0.0,0.0,1,168360.0,168860.0,1,169350.0,169050.0,169050.0,168670.0,7.0,1182220.0,370
2023-05-09 21:05:02,ni2310,ni2310,168850.0,0.0,0.0,0.0,1,168350.0,168860.0,1,169350.0,169050.0,169050.0,168670.0,7.0,1182220.0,370
2023-05-09 21:05:02,ni2310,ni2310,168850.0,0.0,0.0,0.0,1,168250.0,168840.0,1,169350.0,169050.0,169050.0,168670.0,7.0,1182220.0,370
2023-05-09 21:05:03,ni2310,ni2310,168850.0,0.0,0.0,0.0,1,168310.0,168840.0,1,169350.0,169050.0,169050.0,168670.0,7.0,1182220.0,370
2023-05-09 21:05:03,ni2310,ni2310,168850.0,0.0,0.0,0.0,1,168310.0,168840.0,1,169350.0,169050.0,169050.0,168670.0,7.0,1182220.0,370
2023-05-09 21:05:04,ni2310,ni2310,168850.0,0.0,0.0,0.0,1,168320.0,168800.0,1,169350.0,169050.0,169050.0,168670.0,7.0,1182220.0,370
2023-05-09 21:05:04,ni2310,ni2310,168850.0,0.0,0.0,0.0,1,168320.0,168800.0,1,169350.0,169050.0,169050.0,168670.0,7.0,1182220.0,370
2023-05-09 21:05:05,ni2310,ni2310,168850.0,0.0,0.0,0.0,1,168320.0,168770.0,1,169350.0,169050.0,169050.0,168670.0,7.0,1182220.0,370
2023-05-09 21:05:06,ni2310,ni2310,168850.0,0.0,0.0,0.0,1,168360.0,168770.0,1,169350.0,169050.0,169050.0,168670.0,7.0,1182220.0,370
2023-05-09 21:05:06,ni2310,ni2310,168850.0,0.0,0.0,0.0,1,168360.0,168800.0,1,169350.0,169050.0,169050.0,168670.0,7.0,1182220.0,370
2023-05-09 21:05:07,ni2310,ni2310,168850.0,0.0,0.0,0.0,1,168360.0,169000.0,3,169350.0,169050.0,169050.0,168670.0,7.0,1182220.0,370
2023-05-09 21:05:07,ni2310,ni2310,168850.0,0.0,0.0,0.0,1,168380.0,168990.0,3,169350.0,169050.0,169050.0,168670.0,7.0,1182220.0,370
2023-05-09 21:05:08,ni2310,ni2310,168850.0,0.0,0.0,0.0,1,168380.0,168830.0,1,169350.0,169050.0,169050.0,168670.0,7.0,1182220.0,370
2023-05-09 21:05:08,ni2310,ni2310,168850.0,0.0,0.0,0.0,1,168400.0,168830.0,1,169350.0,169050.0,169050.0,168670.0,7.0,1182220.0,370
2023-05-09 21:05:09,ni2310,ni2310,168850.0,0.0,0.0,0.0,1,168400.0,168810.0,1,169350.0,169050.0,169050.0,168670.0,7.0,1182220.0,370
2023-05-09 21:05:09,ni2310,ni2310,168850.0,0.0,0.0,0.0,1,168400.0,168770.0,1,169350.0,169050.0,169050.0,168670.0,7.0,1182220.0,370
2023-05-09 21:05:10,ni2310,ni2310,168850.0,0.0,0.0,0.0,2,168320.0,168770.0,1,169350.0,169050.0,169050.0,168670.0,7.0,1182220.0,370
2023-05-09 21:05:10,ni2310,ni2310,168850.0,0.0,0.0,0.0,2,168350.0,168750.0,1,169350.0,169050.0,169050.0,168670.0,7.0,1182220.0,370
2023-05-09 21:05:11,ni2310,ni2310,168850.0,0.0,0.0,0.0,2,168350.0,168750.0,1,169350.0,169050.0,169050.0,168670.0,7.0,1182220.0,370
2023-05-09 21:05:11,ni2310,ni2310,168850.0,0.0,0.0,0.0,1,168370.0,168750.0,1,169350.0,169050.0,169050.0,168670.0,7.0,1182220.0,370
2023-05-09 21:05:12,ni2310,ni2310,168850.0,0.0,0.0,0.0,1,168370.0,168770.0,1,169350.0,169050.0,169050.0,168670.0,7.0,1182220.0,370
2023-05-09 21:05:12,ni2310,ni2310,168850.0,0.0,0.0,0.0,1,168370.0,168730.0,1,169350.0,169050.0,169050.0,168670.0,7.0,1182220.0,370
2023-05-09 21:05:13,ni2310,ni2310,168850.0,0.0,0.0,0.0,1,168370.0,168730.0,1,169350.0,169050.0,169050.0,168670.0,7.0,1182220.0,370
2023-05-09 21:05:14,ni2310,ni2310,168850.0,0.0,0.0,0.0,1,168370.0,168720.0,1,169350.0,169050.0,169050.0,168670.0,7.0,1182220.0,370
2023-05-09 21:05:15,ni2310,ni2310,168850.0,0.0,0.0,0.0,1,168370.0,168690.0,1,169350.0,169050.0,169050.0,168670.0,7.0,1182220.0,370
2023-05-09 21:05:17,ni2310,ni2310,168850.0,0.0,0.0,0.0,1,168370.0,168680.0,1,169350.0,169050.0,169050.0,168670.0,7.0,1182220.0,370
2023-05-09 21:05:18,ni2310,ni2310,168850.0,0.0,0.0,0.0,1,168370.0,168680.0,1,169350.0,169050.0,169050.0,168670.0,7.0,1182220.0,370
2023-05-09 21:05:18,ni2310,ni2310,168850.0,0.0,0.0,0.0,1,168370.0,168680.0,1,169350.0,169050.0,169050.0,168670.0,7.0,1182220.0,370
2023-05-09 21:05:20,ni2310,ni2310,168850.0,0.0,0.0,0.0,1,168370.0,168680.0,1,169350.0,169050.0,169050.0,168670.0,7.0,1182220.0,370
2023-05-09 21:05:21,ni2310,ni2310,168850.0,0.0,0.0,0.0,1,168370.0,168690.0,1,169350.0,169050.0,169050.0,168670.0,7.0,1182220.0,370
2023-05-09 21:05:21,ni2310,ni2310,168850.0,0.0,0.0,0.0,1,168370.0,169010.0,4,169350.0,169050.0,169050.0,168670.0,7.0,1182220.0,370
2023-05-09 21:05:22,ni2310,ni2310,168850.0,0.0,0.0,0.0,1,168370.0,169000.0,1,169350.0,169050.0,169050.0,168670.0,7.0,1182220.0,370
2023-05-09 21:05:22,ni2310,ni2310,168850.0,0.0,0.0,0.0,1,168370.0,169000.0,5,169350.0,169050.0,169050.0,168670.0,7.0,1182220.0,370
2023-05-09 21:05:23,ni2310,ni2310,168850.0,0.0,0.0,0.0,1,168370.0,168850.0,1,169350.0,169050.0,169050.0,168670.0,7.0,1182220.0,370
2023-05-09 21:05:23,ni2310,ni2310,168850.0,0.0,0.0,0.0,1,168370.0,168850.0,2,169350.0,169050.0,169050.0,168670.0,7.0,1182220.0,370
2023-05-09 21:05:24,ni2310,ni2310,168850.0,0.0,0.0,0.0,2,168400.0,168840.0,1,169350.0,169050.0,169050.0,168670.0,7.0,1182220.0,370
2023-05-09 21:05:24,ni2310,ni2310,168850.0,0.0,0.0,0.0,2,168400.0,168790.0,1,169350.0,169050.0,169050.0,168670.0,7.0,1182220.0,370
2023-05-09 21:05:25,ni2310,ni2310,168850.0,0.0,0.0,0.0,1,168250.0,168780.0,1,169350.0,169050.0,169050.0,168670.0,7.0,1182220.0,370
2023-05-09 21:05:25,ni2310,ni2310,168850.0,0.0,0.0,0.0,1,168410.0,168780.0,1,169350.0,169050.0,169050.0,168670.0,7.0,1182220.0,370
2023-05-09 21:05:26,ni2310,ni2310,168850.0,0.0,0.0,0.0,1,168250.0,168780.0,1,169350.0,169050.0,169050.0,168670.0,7.0,1182220.0,370
2023-05-09 21:05:26,ni2310,ni2310,168850.0,0.0,0.0,0.0,2,168420.0,168780.0,1,169350.0,169050.0,169050.0,168670.0,7.0,1182220.0,370
2023-05-09 21:05:27,ni2310,ni2310,168850.0,0.0,0.0,0.0,1,168500.0,168770.0,1,169350.0,169050.0,169050.0,168670.0,7.0,1182220.0,370
2023-05-09 21:05:27,ni2310,ni2310,168850.0,0.0,0.0,0.0,2,168420.0,168770.0,1,169350.0,169050.0,169050.0,168670.0,7.0,1182220.0,370
2023-05-09 21:05:28,ni2310,ni2310,168850.0,0.0,0.0,0.0,1,168550.0,168770.0,1,169350.0,169050.0,169050.0,168670.0,7.0,1182220.0,370
2023-05-09 21:05:28,ni2310,ni2310,168850.0,0.0,0.0,0.0,2,168420.0,168770.0,1,169350.0,169050.0,169050.0,168670.0,7.0,1182220.0,370
2023-05-09 21:05:29,ni2310,ni2310,168850.0,0.0,0.0,0.0,1,168450.0,169570.0,1,169350.0,169050.0,169050.0,168670.0,7.0,1182220.0,370
2023-05-09 21:05:29,ni2310,ni2310,168850.0,0.0,0.0,0.0,1,168450.0,169090.0,1,169350.0,169050.0,169050.0,168670.0,7.0,1182220.0,370
2023-05-09 21:05:30,ni2310,ni2310,168850.0,0.0,0.0,0.0,1,168450.0,169080.0,5,169350.0,169050.0,169050.0,168670.0,7.0,1182220.0,370
2023-05-09 21:05:30,ni2310,ni2310,168850.0,0.0,0.0,0.0,2,168480.0,168880.0,1,169350.0,169050.0,169050.0,168670.0,7.0,1182220.0,370
2023-05-09 21:05:31,ni2310,ni2310,168850.0,0.0,0.0,0.0,2,168480.0,168880.0,2,169350.0,169050.0,169050.0,168670.0,7.0,1182220.0,370
2023-05-09 21:05:31,ni2310,ni2310,168850.0,0.0,0.0,0.0,2,168480.0,168880.0,2,169350.0,169050.0,169050.0,168670.0,7.0,1182220.0,370
2023-05-09 21:05:32,ni2310,ni2310,168850.0,0.0,0.0,0.0,1,168490.0,168880.0,2,169350.0,169050.0,169050.0,168670.0,7.0,1182220.0,370
2023-05-09 21:05:32,ni2310,ni2310,168850.0,0.0,0.0,0.0,1,168490.0,168860.0,1,169350.0,169050.0,169050.0,168670.0,7.0,1182220.0,370
2023-05-09 21:05:33,ni2310,ni2310,168850.0,0.0,0.0,0.0,2,168500.0,168860.0,1,169350.0,169050.0,169050.0,168670.0,7.0,1182220.0,370
2023-05-09 21:05:33,ni2310,ni2310,168850.0,0.0,0.0,0.0,2,168500.0,168860.0,1,169350.0,169050.0,169050.0,168670.0,7.0,1182220.0,370
2023-05-09 21:05:34,ni2310,ni2310,168850.0,0.0,0.0,0.0,2,168370.0,168860.0,1,169350.0,169050.0,169050.0,168670.0,7.0,1182220.0,370
2023-05-09 21:05:35,ni2310,ni2310,168850.0,0.0,0.0,0.0,1,168410.0,168860.0,1,169350.0,169050.0,169050.0,168670.0,7.0,1182220.0,370
2023-05-09 21:05:35,ni2310,ni2310,168850.0,0.0,0.0,0.0,1,168410.0,168850.0,1,169350.0,169050.0,169050.0,168670.0,7.0,1182220.0,370
2023-05-09 21:05:36,ni2310,ni2310,168850.0,0.0,0.0,0.0,1,168410.0,168840.0,1,169350.0,169050.0,169050.0,168670.0,7.0,1182220.0,370
2023-05-09 21:05:36,ni2310,ni2310,168850.0,0.0,0.0,0.0,2,168440.0,168830.0,1,169350.0,169050.0,169050.0,168670.0,7.0,1182220.0,370
2023-05-09 21:05:37,ni2310,ni2310,168850.0,0.0,0.0,0.0,2,168440.0,168830.0,1,169350.0,169050.0,169050.0,168670.0,7.0,1182220.0,370
2023-05-09 21:05:38,ni2310,ni2310,168850.0,0.0,0.0,0.0,2,168440.0,168810.0,1,169350.0,169050.0,169050.0,168670.0,7.0,1182220.0,370
2023-05-09 21:05:38,ni2310,ni2310,168850.0,0.0,0.0,0.0,2,168440.0,168810.0,1,169350.0,169050.0,169050.0,168670.0,7.0,1182220.0,370
2023-05-09 21:05:39,ni2310,ni2310,168850.0,0.0,0.0,0.0,1,168250.0,168800.0,1,169350.0,169050.0,169050.0,168670.0,7.0,1182220.0,370
2023-05-09 21:05:39,ni2310,ni2310,168850.0,0.0,0.0,0.0,1,168350.0,168800.0,1,169350.0,169050.0,169050.0,168670.0,7.0,1182220.0,370
2023-05-09 21:05:40,ni2310,ni2310,168850.0,0.0,0.0,0.0,2,168350.0,168750.0,1,169350.0,169050.0,169050.0,168670.0,7.0,1182220.0,370
2023-05-09 21:05:40,ni2310,ni2310,168850.0,0.0,0.0,0.0,2,168350.0,168750.0,1,169350.0,169050.0,169050.0,168670.0,7.0,1182220.0,370
2023-05-09 21:05:41,ni2310,ni2310,168850.0,0.0,0.0,0.0,2,168350.0,168750.0,1,169350.0,169050.0,169050.0,168670.0,7.0,1182220.0,370
2023-05-09 21:05:41,ni2310,ni2310,168850.0,0.0,0.0,0.0,2,168350.0,168740.0,1,169350.0,169050.0,169050.0,168670.0,7.0,1182220.0,370
2023-05-09 21:05:43,ni2310,ni2310,168850.0,0.0,0.0,0.0,2,168350.0,168720.0,1,169350.0,169050.0,169050.0,168670.0,7.0,1182220.0,370
2023-05-09 21:05:44,ni2310,ni2310,168850.0,0.0,0.0,0.0,2,168350.0,168720.0,1,169350.0,169050.0,169050.0,168670.0,7.0,1182220.0,370
2023-05-09 21:05:44,ni2310,ni2310,168850.0,0.0,0.0,0.0,2,168350.0,168710.0,1,169350.0,169050.0,169050.0,168670.0,7.0,1182220.0,370
2023-05-09 21:05:47,ni2310,ni2310,168850.0,0.0,0.0,0.0,2,168350.0,168700.0,1,169350.0,169050.0,169050.0,168670.0,7.0,1182220.0,370
2023-05-09 21:05:47,ni2310,ni2310,168850.0,0.0,0.0,0.0,2,168350.0,168670.0,1,169350.0,169050.0,169050.0,168670.0,7.0,1182220.0,370
2023-05-09 21:05:49,ni2310,ni2310,168850.0,0.0,0.0,0.0,2,168350.0,168670.0,1,169350.0,169050.0,169050.0,168670.0,7.0,1182220.0,370
2023-05-09 21:05:50,ni2310,ni2310,168850.0,0.0,0.0,0.0,2,168350.0,168670.0,1,169350.0,169050.0,169050.0,168670.0,7.0,1182220.0,370
2023-05-09 21:05:51,ni2310,ni2310,168850.0,0.0,0.0,0.0,2,168350.0,168670.0,1,169350.0,169050.0,169050.0,168670.0,7.0,1182220.0,370
2023-05-09 21:05:52,ni2310,ni2310,168850.0,0.0,0.0,0.0,2,168350.0,168660.0,1,169350.0,169050.0,169050.0,168670.0,7.0,1182220.0,370
2023-05-09 21:05:52,ni2310,ni2310,168850.0,0.0,0.0,0.0,1,168350.0,168660.0,1,169350.0,169050.0,169050.0,168670.0,7.0,1182220.0,370
2023-05-09 21:05:53,ni2310,ni2310,168850.0,0.0,0.0,0.0,1,168350.0,168660.0,1,169350.0,169050.0,169050.0,168670.0,7.0,1182220.0,370
2023-05-09 21:05:53,ni2310,ni2310,168850.0,0.0,0.0,0.0,1,168350.0,168660.0,1,169350.0,169050.0,169050.0,168670.0,7.0,1182220.0,370
2023-05-09 21:05:54,ni2310,ni2310,168850.0,0.0,0.0,0.0,1,168350.0,168660.0,1,169350.0,169050.0,169050.0,168670.0,7.0,1182220.0,370
2023-05-09 21:05:56,ni2310,ni2310,168850.0,0.0,0.0,0.0,1,168350.0,168660.0,1,169350.0,169050.0,169050.0,168670.0,7.0,1182220.0,370
2023-05-09 21:05:56,ni2310,ni2310,168850.0,0.0,0.0,0.0,1,168350.0,168660.0,1,169350.0,169050.0,169050.0,168670.0,7.0,1182220.0,370
2023-05-09 21:05:57,ni2310,ni2310,168850.0,0.0,0.0,0.0,1,168350.0,168660.0,1,169350.0,169050.0,169050.0,168670.0,7.0,1182220.0,370
2023-05-09 21:05:57,ni2310,ni2310,168850.0,0.0,0.0,0.0,1,168350.0,168660.0,1,169350.0,169050.0,169050.0,168670.0,7.0,1182220.0,370
2023-05-09 21:05:58,ni2310,ni2310,168850.0,0.0,0.0,0.0,1,168350.0,169080.0,5,169350.0,169050.0,169050.0,168670.0,7.0,1182220.0,370
2023-05-09 21:05:59,ni2310,ni2310,168850.0,0.0,0.0,0.0,1,168350.0,169060.0,1,169350.0,169050.0,169050.0,168670.0,7.0,1182220.0,370
2023-05-09 21:05:59,ni2310,ni2310,168850.0,0.0,0.0,0.0,1,168350.0,169060.0,1,169350.0,169050.0,169050.0,168670.0,7.0,1182220.0,370
2023-05-09 21:06:00,ni2310,ni2310,168850.0,0.0,0.0,0.0,2,168350.0,168940.0,1,169350.0,169050.0,169050.0,168670.0,7.0,1182220.0,370
2023-05-09 21:06:00,ni2310,ni2310,168850.0,0.0,0.0,0.0,2,168350.0,168940.0,2,169350.0,169050.0,169050.0,168670.0,7.0,1182220.0,370
2023-05-09 21:06:01,ni2310,ni2310,168850.0,0.0,0.0,0.0,1,168350.0,168940.0,2,169350.0,169050.0,169050.0,168670.0,7.0,1182220.0,370
2023-05-09 21:06:01,ni2310,ni2310,168850.0,0.0,0.0,0.0,1,168350.0,168940.0,1,169350.0,169050.0,169050.0,168670.0,7.0,1182220.0,370
2023-05-09 21:06:02,ni2310,ni2310,168850.0,0.0,0.0,0.0,2,168350.0,168910.0,1,169350.0,169050.0,169050.0,168670.0,7.0,1182220.0,370
2023-05-09 21:06:02,ni2310,ni2310,168850.0,0.0,0.0,0.0,2,168350.0,168910.0,1,169350.0,169050.0,169050.0,168670.0,7.0,1182220.0,370
2023-05-09 21:06:03,ni2310,ni2310,168850.0,0.0,0.0,0.0,2,168350.0,168880.0,1,169350.0,169050.0,169050.0,168670.0,7.0,1182220.0,370
2023-05-09 21:06:03,ni2310,ni2310,168850.0,0.0,0.0,0.0,1,168360.0,168880.0,2,169350.0,169050.0,169050.0,168670.0,7.0,1182220.0,370
2023-05-09 21:06:04,ni2310,ni2310,168850.0,0.0,0.0,0.0,1,168470.0,168860.0,1,169350.0,169050.0,169050.0,168670.0,7.0,1182220.0,370
2023-05-09 21:06:04,ni2310,ni2310,168850.0,0.0,0.0,0.0,1,168470.0,168860.0,1,169350.0,169050.0,169050.0,168670.0,7.0,1182220.0,370
2023-05-09 21:06:08,ni2310,ni2310,168850.0,0.0,0.0,0.0,1,168470.0,168860.0,1,169350.0,169050.0,169050.0,168670.0,7.0,1182220.0,370
2023-05-09 21:06:09,ni2310,ni2310,168850.0,0.0,0.0,0.0,1,168470.0,168860.0,1,169350.0,169050.0,169050.0,168670.0,7.0,1182220.0,370
2023-05-09 21:06:09,ni2310,ni2310,168850.0,0.0,0.0,0.0,2,168480.0,168860.0,1,169350.0,169050.0,169050.0,168670.0,7.0,1182220.0,370
2023-05-09 21:06:10,ni2310,ni2310,168850.0,0.0,0.0,0.0,1,168500.0,168860.0,1,169350.0,169050.0,169050.0,168670.0,7.0,1182220.0,370
2023-05-09 21:06:10,ni2310,ni2310,168850.0,0.0,0.0,0.0,1,168500.0,168860.0,1,169350.0,169050.0,169050.0,168670.0,7.0,1182220.0,370
2023-05-09 21:06:11,ni2310,ni2310,168850.0,0.0,0.0,0.0,2,168480.0,168850.0,1,169350.0,169050.0,169050.0,168670.0,7.0,1182220.0,370
2023-05-09 21:06:12,ni2310,ni2310,168850.0,0.0,0.0,0.0,1,168490.0,168850.0,1,169350.0,169050.0,169050.0,168670.0,7.0,1182220.0,370
2023-05-09 21:06:13,ni2310,ni2310,168850.0,0.0,0.0,0.0,1,168490.0,168850.0,1,169350.0,169050.0,169050.0,168670.0,7.0,1182220.0,370
2023-05-09 21:06:14,ni2310,ni2310,168850.0,0.0,0.0,0.0,1,168260.0,168850.0,1,169350.0,169050.0,169050.0,168670.0,7.0,1182220.0,370
2023-05-09 21:06:14,ni2310,ni2310,168850.0,0.0,0.0,0.0,1,168440.0,168850.0,1,169350.0,169050.0,169050.0,168670.0,7.0,1182220.0,370
2023-05-09 21:06:15,ni2310,ni2310,168850.0,0.0,0.0,0.0,1,168450.0,168850.0,1,169350.0,169050.0,169050.0,168670.0,7.0,1182220.0,370
2023-05-09 21:06:15,ni2310,ni2310,168850.0,0.0,0.0,0.0,1,168450.0,168850.0,1,169350.0,169050.0,169050.0,168670.0,7.0,1182220.0,370
2023-05-09 21:06:16,ni2310,ni2310,168850.0,0.0,0.0,0.0,2,168450.0,168880.0,1,169350.0,169050.0,169050.0,168670.0,7.0,1182220.0,370
2023-05-09 21:06:16,ni2310,ni2310,168850.0,0.0,0.0,0.0,2,168450.0,168830.0,1,169350.0,169050.0,169050.0,168670.0,7.0,1182220.0,370
2023-05-09 21:06:17,ni2310,ni2310,168850.0,0.0,0.0,0.0,1,168460.0,168830.0,1,169350.0,169050.0,169050.0,168670.0,7.0,1182220.0,370
2023-05-09 21:06:17,ni2310,ni2310,168850.0,0.0,0.0,0.0,1,168500.0,168830.0,1,169350.0,169050.0,169050.0,168670.0,7.0,1182220.0,370
2023-05-09 21:06:18,ni2310,ni2310,168850.0,0.0,0.0,0.0,1,168510.0,168830.0,1,169350.0,169050.0,169050.0,168670.0,7.0,1182220.0,370
2023-05-09 21:06:18,ni2310,ni2310,168850.0,0.0,0.0,0.0,1,168500.0,168830.0,1,169350.0,169050.0,169050.0,168670.0,7.0,1182220.0,370
2023-05-09 21:06:19,ni2310,ni2310,168850.0,0.0,0.0,0.0,1,168530.0,168850.0,1,169350.0,169050.0,169050.0,168670.0,7.0,1182220.0,370
2023-05-09 21:06:19,ni2310,ni2310,168850.0,0.0,0.0,0.0,1,168250.0,168850.0,1,169350.0,169050.0,169050.0,168670.0,7.0,1182220.0,370
2023-05-09 21:06:20,ni2310,ni2310,168850.0,0.0,0.0,0.0,1,168540.0,168850.0,1,169350.0,169050.0,169050.0,168670.0,7.0,1182220.0,370
2023-05-09 21:06:20,ni2310,ni2310,168850.0,0.0,0.0,0.0,1,168540.0,168850.0,1,169350.0,169050.0,169050.0,168670.0,7.0,1182220.0,370
2023-05-09 21:06:21,ni2310,ni2310,168850.0,0.0,0.0,0.0,1,168400.0,168850.0,1,169350.0,169050.0,169050.0,168670.0,7.0,1182220.0,370
2023-05-09 21:06:21,ni2310,ni2310,168850.0,0.0,0.0,0.0,1,168510.0,168850.0,1,169350.0,169050.0,169050.0,168670.0,7.0,1182220.0,370
2023-05-09 21:06:22,ni2310,ni2310,168850.0,0.0,0.0,0.0,1,168520.0,168850.0,1,169350.0,169050.0,169050.0,168670.0,7.0,1182220.0,370
2023-05-09 21:06:22,ni2310,ni2310,168850.0,0.0,0.0,0.0,1,168520.0,168850.0,2,169350.0,169050.0,169050.0,168670.0,7.0,1182220.0,370
2023-05-09 21:06:23,ni2310,ni2310,168850.0,0.0,0.0,0.0,1,168260.0,168830.0,1,169350.0,169050.0,169050.0,168670.0,7.0,1182220.0,370
2023-05-09 21:06:23,ni2310,ni2310,168850.0,0.0,0.0,0.0,1,168470.0,168830.0,1,169350.0,169050.0,169050.0,168670.0,7.0,1182220.0,370
2023-05-09 21:06:24,ni2310,ni2310,168850.0,0.0,0.0,0.0,1,168470.0,168800.0,1,169350.0,169050.0,169050.0,168670.0,7.0,1182220.0,370
2023-05-09 21:06:24,ni2310,ni2310,168850.0,0.0,0.0,0.0,1,168250.0,168780.0,1,169350.0,169050.0,169050.0,168670.0,7.0,1182220.0,370
2023-05-09 21:06:25,ni2310,ni2310,168850.0,0.0,0.0,0.0,1,168450.0,168770.0,1,169350.0,169050.0,169050.0,168670.0,7.0,1182220.0,370
2023-05-09 21:06:25,ni2310,ni2310,168850.0,0.0,0.0,0.0,1,168450.0,168730.0,1,169350.0,169050.0,169050.0,168670.0,7.0,1182220.0,370
2023-05-09 21:06:26,ni2310,ni2310,168850.0,0.0,0.0,0.0,1,168460.0,168730.0,1,169350.0,169050.0,169050.0,168670.0,7.0,1182220.0,370
2023-05-09 21:06:26,ni2310,ni2310,168850.0,0.0,0.0,0.0,1,168480.0,168670.0,1,169350.0,169050.0,169050.0,168670.0,7.0,1182220.0,370
2023-05-09 21:06:27,ni2310,ni2310,168850.0,0.0,0.0,0.0,1,168490.0,168670.0,1,169350.0,169050.0,169050.0,168670.0,7.0,1182220.0,370
2023-05-09 21:06:27,ni2310,ni2310,168850.0,0.0,0.0,0.0,1,168510.0,169570.0,1,169350.0,169050.0,169050.0,168670.0,7.0,1182220.0,370
2023-05-09 21:06:28,ni2310,ni2310,168850.0,0.0,0.0,0.0,1,168250.0,169180.0,1,169350.0,169050.0,169050.0,168670.0,7.0,1182220.0,370
2023-05-09 21:06:28,ni2310,ni2310,168850.0,0.0,0.0,0.0,1,168520.0,168770.0,1,169350.0,169050.0,169050.0,168670.0,7.0,1182220.0,370
2023-05-09 21:06:29,ni2310,ni2310,168850.0,0.0,0.0,0.0,1,168250.0,168770.0,1,169350.0,169050.0,169050.0,168670.0,7.0,1182220.0,370
2023-05-09 21:06:29,ni2310,ni2310,168850.0,0.0,0.0,0.0,1,168480.0,168770.0,1,169350.0,169050.0,169050.0,168670.0,7.0,1182220.0,370
2023-05-09 21:06:30,ni2310,ni2310,168850.0,0.0,0.0,0.0,1,168480.0,168770.0,1,169350.0,169050.0,169050.0,168670.0,7.0,1182220.0,370
2023-05-09 21:06:30,ni2310,ni2310,168850.0,0.0,0.0,0.0,1,168480.0,168770.0,1,169350.0,169050.0,169050.0,168670.0,7.0,1182220.0,370
2023-05-09 21:06:31,ni2310,ni2310,168850.0,0.0,0.0,0.0,1,168250.0,168770.0,1,169350.0,169050.0,169050.0,168670.0,7.0,1182220.0,370
2023-05-09 21:06:32,ni2310,ni2310,168850.0,0.0,0.0,0.0,1,168440.0,168770.0,1,169350.0,169050.0,169050.0,168670.0,7.0,1182220.0,370
2023-05-09 21:06:32,ni2310,ni2310,168850.0,0.0,0.0,0.0,1,168440.0,168770.0,1,169350.0,169050.0,169050.0,168670.0,7.0,1182220.0,370
2023-05-09 21:06:33,ni2310,ni2310,168850.0,0.0,0.0,0.0,1,168440.0,168740.0,1,169350.0,169050.0,169050.0,168670.0,7.0,1182220.0,370
2023-05-09 21:06:33,ni2310,ni2310,168850.0,0.0,0.0,0.0,1,168450.0,168740.0,1,169350.0,169050.0,169050.0,168670.0,7.0,1182220.0,370
2023-05-09 21:06:34,ni2310,ni2310,168850.0,0.0,0.0,0.0,1,168450.0,168740.0,1,169350.0,169050.0,169050.0,168670.0,7.0,1182220.0,370
2023-05-09 21:06:34,ni2310,ni2310,168850.0,0.0,0.0,0.0,1,168260.0,168740.0,1,169350.0,169050.0,169050.0,168670.0,7.0,1182220.0,370
2023-05-09 21:06:35,ni2310,ni2310,168850.0,0.0,0.0,0.0,1,168410.0,168710.0,1,169350.0,169050.0,169050.0,168670.0,7.0,1182220.0,370
2023-05-09 21:06:35,ni2310,ni2310,168850.0,0.0,0.0,0.0,1,168420.0,168710.0,1,169350.0,169050.0,169050.0,168670.0,7.0,1182220.0,370
2023-05-09 21:06:36,ni2310,ni2310,168850.0,0.0,0.0,0.0,1,168420.0,168680.0,1,169350.0,169050.0,169050.0,168670.0,7.0,1182220.0,370
2023-05-09 21:06:36,ni2310,ni2310,168850.0,0.0,0.0,0.0,1,168420.0,168680.0,1,169350.0,169050.0,169050.0,168670.0,7.0,1182220.0,370
2023-05-09 21:06:37,ni2310,ni2310,168850.0,0.0,0.0,0.0,1,168430.0,168680.0,1,169350.0,169050.0,169050.0,168670.0,7.0,1182220.0,370
2023-05-09 21:06:37,ni2310,ni2310,168850.0,0.0,0.0,0.0,1,168430.0,168670.0,1,169350.0,169050.0,169050.0,168670.0,7.0,1182220.0,370
2023-05-09 21:06:38,ni2310,ni2310,168850.0,0.0,0.0,0.0,1,168260.0,168670.0,1,169350.0,169050.0,169050.0,168670.0,7.0,1182220.0,370
2023-05-09 21:06:38,ni2310,ni2310,168850.0,0.0,0.0,0.0,1,168410.0,168640.0,1,169350.0,169050.0,169050.0,168670.0,7.0,1182220.0,370
2023-05-09 21:06:39,ni2310,ni2310,168850.0,0.0,0.0,0.0,1,168420.0,168640.0,1,169350.0,169050.0,169050.0,168670.0,7.0,1182220.0,370
2023-05-09 21:06:39,ni2310,ni2310,168850.0,0.0,0.0,0.0,2,168420.0,168640.0,1,169350.0,169050.0,169050.0,168670.0,7.0,1182220.0,370
2023-05-09 21:06:40,ni2310,ni2310,168850.0,0.0,0.0,0.0,2,168420.0,168640.0,1,169350.0,169050.0,169050.0,168670.0,7.0,1182220.0,370
2023-05-09 21:06:40,ni2310,ni2310,168850.0,0.0,0.0,0.0,2,168420.0,168640.0,1,169350.0,169050.0,169050.0,168670.0,7.0,1182220.0,370
2023-05-09 21:06:41,ni2310,ni2310,168850.0,0.0,0.0,0.0,1,168430.0,168640.0,1,169350.0,169050.0,169050.0,168670.0,7.0,1182220.0,370
2023-05-09 21:06:41,ni2310,ni2310,168850.0,0.0,0.0,0.0,1,168440.0,168640.0,1,169350.0,169050.0,169050.0,168670.0,7.0,1182220.0,370
2023-05-09 21:06:42,ni2310,ni2310,168850.0,0.0,0.0,0.0,2,168440.0,168890.0,1,169350.0,169050.0,169050.0,168670.0,7.0,1182220.0,370
2023-05-09 21:06:42,ni2310,ni2310,168850.0,0.0,0.0,0.0,2,168440.0,168710.0,1,169350.0,169050.0,169050.0,168670.0,7.0,1182220.0,370
2023-05-09 21:06:43,ni2310,ni2310,168850.0,0.0,0.0,0.0,2,168440.0,168710.0,1,169350.0,169050.0,169050.0,168670.0,7.0,1182220.0,370
2023-05-09 21:06:43,ni2310,ni2310,168850.0,0.0,0.0,0.0,2,168440.0,168710.0,1,169350.0,169050.0,169050.0,168670.0,7.0,1182220.0,370
2023-05-09 21:06:44,ni2310,ni2310,168850.0,0.0,0.0,0.0,2,168440.0,168700.0,1,169350.0,169050.0,169050.0,168670.0,7.0,1182220.0,370
2023-05-09 21:06:45,ni2310,ni2310,168850.0,0.0,0.0,0.0,2,168440.0,168890.0,1,169350.0,169050.0,169050.0,168670.0,7.0,1182220.0,370
2023-05-09 21:06:45,ni2310,ni2310,168850.0,0.0,0.0,0.0,1,168440.0,168680.0,1,169350.0,169050.0,169050.0,168670.0,7.0,1182220.0,370
2023-05-09 21:06:46,ni2310,ni2310,168850.0,0.0,0.0,0.0,1,168260.0,168680.0,1,169350.0,169050.0,169050.0,168670.0,7.0,1182220.0,370
2023-05-09 21:06:46,ni2310,ni2310,168850.0,0.0,0.0,0.0,1,168440.0,168680.0,1,169350.0,169050.0,169050.0,168670.0,7.0,1182220.0,370
2023-05-09 21:06:47,ni2310,ni2310,168850.0,0.0,0.0,0.0,1,168450.0,168680.0,1,169350.0,169050.0,169050.0,168670.0,7.0,1182220.0,370
2023-05-09 21:06:47,ni2310,ni2310,168850.0,0.0,0.0,0.0,1,168450.0,168680.0,1,169350.0,169050.0,169050.0,168670.0,7.0,1182220.0,370
2023-05-09 21:06:48,ni2310,ni2310,168850.0,0.0,0.0,0.0,1,168290.0,168670.0,1,169350.0,169050.0,169050.0,168670.0,7.0,1182220.0,370
2023-05-09 21:06:48,ni2310,ni2310,168850.0,0.0,0.0,0.0,1,168440.0,168670.0,1,169350.0,169050.0,169050.0,168670.0,7.0,1182220.0,370
2023-05-09 21:06:49,ni2310,ni2310,168850.0,0.0,0.0,0.0,1,168450.0,168670.0,1,169350.0,169050.0,169050.0,168670.0,7.0,1182220.0,370
2023-05-09 21:06:49,ni2310,ni2310,168850.0,0.0,0.0,0.0,1,168450.0,168670.0,1,169350.0,169050.0,169050.0,168670.0,7.0,1182220.0,370
2023-05-09 21:06:50,ni2310,ni2310,168850.0,0.0,0.0,0.0,1,168290.0,168670.0,1,169350.0,169050.0,169050.0,168670.0,7.0,1182220.0,370
2023-05-09 21:06:50,ni2310,ni2310,168850.0,0.0,0.0,0.0,1,168410.0,168670.0,1,169350.0,169050.0,169050.0,168670.0,7.0,1182220.0,370
2023-05-09 21:06:51,ni2310,ni2310,168850.0,0.0,0.0,0.0,1,168420.0,168670.0,1,169350.0,169050.0,169050.0,168670.0,7.0,1182220.0,370
2023-05-09 21:06:51,ni2310,ni2310,168850.0,0.0,0.0,0.0,1,168420.0,168670.0,1,169350.0,169050.0,169050.0,168670.0,7.0,1182220.0,370
2023-05-09 21:06:52,ni2310,ni2310,168850.0,0.0,0.0,0.0,1,168420.0,168670.0,1,169350.0,169050.0,169050.0,168670.0,7.0,1182220.0,370
2023-05-09 21:06:52,ni2310,ni2310,168850.0,0.0,0.0,0.0,1,168430.0,168670.0,1,169350.0,169050.0,169050.0,168670.0,7.0,1182220.0,370
2023-05-09 21:06:53,ni2310,ni2310,168850.0,0.0,0.0,0.0,2,168430.0,168670.0,1,169350.0,169050.0,169050.0,168670.0,7.0,1182220.0,370
2023-05-09 21:06:55,ni2310,ni2310,168850.0,0.0,0.0,0.0,1,168430.0,168670.0,1,169350.0,169050.0,169050.0,168670.0,7.0,1182220.0,370
2023-05-09 21:06:56,ni2310,ni2310,168850.0,0.0,0.0,0.0,1,168290.0,168670.0,1,169350.0,169050.0,169050.0,168670.0,7.0,1182220.0,370
2023-05-09 21:06:56,ni2310,ni2310,168850.0,0.0,0.0,0.0,1,168400.0,168670.0,1,169350.0,169050.0,169050.0,168670.0,7.0,1182220.0,370
2023-05-09 21:06:57,ni2310,ni2310,168850.0,0.0,0.0,0.0,1,168410.0,168670.0,1,169350.0,169050.0,169050.0,168670.0,7.0,1182220.0,370
2023-05-09 21:06:57,ni2310,ni2310,168850.0,0.0,0.0,0.0,1,168310.0,168670.0,1,169350.0,169050.0,169050.0,168670.0,7.0,1182220.0,370
2023-05-09 21:06:58,ni2310,ni2310,168850.0,0.0,0.0,0.0,1,168400.0,168670.0,1,169350.0,169050.0,169050.0,168670.0,7.0,1182220.0,370
2023-05-09 21:06:58,ni2310,ni2310,168850.0,0.0,0.0,0.0,1,168400.0,168670.0,1,169350.0,169050.0,169050.0,168670.0,7.0,1182220.0,370
2023-05-09 21:06:59,ni2310,ni2310,168850.0,0.0,0.0,0.0,1,168410.0,168670.0,1,169350.0,169050.0,169050.0,168670.0,7.0,1182220.0,370
2023-05-09 21:06:59,ni2310,ni2310,168850.0,0.0,0.0,0.0,1,168410.0,168670.0,1,169350.0,169050.0,169050.0,168670.0,7.0,1182220.0,370
2023-05-09 21:07:00,ni2310,ni2310,168850.0,0.0,0.0,0.0,1,168290.0,168670.0,1,169350.0,169050.0,169050.0,168670.0,7.0,1182220.0,370
2023-05-09 21:07:00,ni2310,ni2310,168850.0,0.0,0.0,0.0,1,168360.0,168670.0,1,169350.0,169050.0,169050.0,168670.0,7.0,1182220.0,370
2023-05-09 21:07:01,ni2310,ni2310,168850.0,0.0,0.0,0.0,1,168370.0,168670.0,1,169350.0,169050.0,169050.0,168670.0,7.0,1182220.0,370
2023-05-09 21:07:01,ni2310,ni2310,168850.0,0.0,0.0,0.0,1,168370.0,168670.0,1,169350.0,169050.0,169050.0,168670.0,7.0,1182220.0,370
2023-05-09 21:07:02,ni2310,ni2310,168850.0,0.0,0.0,0.0,1,168290.0,168670.0,1,169350.0,169050.0,169050.0,168670.0,7.0,1182220.0,370
2023-05-09 21:07:02,ni2310,ni2310,168850.0,0.0,0.0,0.0,1,168360.0,168670.0,2,169350.0,169050.0,169050.0,168670.0,7.0,1182220.0,370
2023-05-09 21:07:03,ni2310,ni2310,168850.0,0.0,0.0,0.0,1,168370.0,168670.0,1,169350.0,169050.0,169050.0,168670.0,7.0,1182220.0,370
2023-05-09 21:07:03,ni2310,ni2310,168850.0,0.0,0.0,0.0,1,168370.0,168670.0,1,169350.0,169050.0,169050.0,168670.0,7.0,1182220.0,370
2023-05-09 21:07:04,ni2310,ni2310,168850.0,0.0,0.0,0.0,1,168370.0,168670.0,1,169350.0,169050.0,169050.0,168670.0,7.0,1182220.0,370
2023-05-09 21:07:04,ni2310,ni2310,168850.0,0.0,0.0,0.0,1,168390.0,168670.0,1,169350.0,169050.0,169050.0,168670.0,7.0,1182220.0,370
2023-05-09 21:07:05,ni2310,ni2310,168850.0,0.0,0.0,0.0,1,168400.0,168670.0,1,169350.0,169050.0,169050.0,168670.0,7.0,1182220.0,370
2023-05-09 21:07:05,ni2310,ni2310,168850.0,0.0,0.0,0.0,1,168430.0,168670.0,1,169350.0,169050.0,169050.0,168670.0,7.0,1182220.0,370
2023-05-09 21:07:06,ni2310,ni2310,168850.0,0.0,0.0,0.0,1,168440.0,168670.0,1,169350.0,169050.0,169050.0,168670.0,7.0,1182220.0,370
2023-05-09 21:07:06,ni2310,ni2310,168850.0,0.0,0.0,0.0,1,168440.0,168670.0,1,169350.0,169050.0,169050.0,168670.0,7.0,1182220.0,370
2023-05-09 21:07:07,ni2310,ni2310,168850.0,0.0,0.0,0.0,1,168290.0,168670.0,1,169350.0,169050.0,169050.0,168670.0,7.0,1182220.0,370
2023-05-09 21:07:07,ni2310,ni2310,168850.0,0.0,0.0,0.0,1,168310.0,168670.0,2,169350.0,169050.0,169050.0,168670.0,7.0,1182220.0,370
2023-05-09 21:07:08,ni2310,ni2310,168850.0,0.0,0.0,0.0,1,168320.0,168890.0,1,169350.0,169050.0,169050.0,168670.0,7.0,1182220.0,370
2023-05-09 21:07:08,ni2310,ni2310,168850.0,0.0,0.0,0.0,2,168320.0,168890.0,2,169350.0,169050.0,169050.0,168670.0,7.0,1182220.0,370
2023-05-09 21:07:09,ni2310,ni2310,168850.0,0.0,0.0,0.0,2,168320.0,168880.0,1,169350.0,169050.0,169050.0,168670.0,7.0,1182220.0,370
2023-05-09 21:07:09,ni2310,ni2310,168850.0,0.0,0.0,0.0,2,168320.0,168650.0,1,169350.0,169050.0,169050.0,168670.0,7.0,1182220.0,370
2023-05-09 21:07:10,ni2310,ni2310,168850.0,0.0,0.0,0.0,2,168320.0,168650.0,1,169350.0,169050.0,169050.0,168670.0,7.0,1182220.0,370
2023-05-09 21:07:10,ni2310,ni2310,168850.0,0.0,0.0,0.0,2,168320.0,168660.0,1,169350.0,169050.0,169050.0,168670.0,7.0,1182220.0,370
2023-05-09 21:07:13,ni2310,ni2310,168850.0,0.0,0.0,0.0,2,168320.0,168640.0,1,169350.0,169050.0,169050.0,168670.0,7.0,1182220.0,370
2023-05-09 21:07:15,ni2310,ni2310,168850.0,0.0,0.0,0.0,2,168320.0,168610.0,1,169350.0,169050.0,169050.0,168670.0,7.0,1182220.0,370
2023-05-09 21:07:15,ni2310,ni2310,168850.0,0.0,0.0,0.0,2,168320.0,168610.0,1,169350.0,169050.0,169050.0,168670.0,7.0,1182220.0,370
2023-05-09 21:07:16,ni2310,ni2310,168850.0,0.0,0.0,0.0,2,168320.0,168610.0,1,169350.0,169050.0,169050.0,168670.0,7.0,1182220.0,370
2023-05-09 21:07:16,ni2310,ni2310,168850.0,0.0,0.0,0.0,2,168320.0,168600.0,1,169350.0,169050.0,169050.0,168670.0,7.0,1182220.0,370
2023-05-09 21:07:20,ni2310,ni2310,168850.0,0.0,0.0,0.0,2,168320.0,168590.0,1,169350.0,169050.0,169050.0,168670.0,7.0,1182220.0,370
2023-05-09 21:07:20,ni2310,ni2310,168850.0,0.0,0.0,0.0,2,168320.0,168590.0,1,169350.0,169050.0,169050.0,168670.0,7.0,1182220.0,370
2023-05-09 21:07:21,ni2310,ni2310,168850.0,0.0,0.0,0.0,2,168320.0,168580.0,1,169350.0,169050.0,169050.0,168670.0,7.0,1182220.0,370
2023-05-09 21:07:24,ni2310,ni2310,168850.0,0.0,0.0,0.0,2,168320.0,168590.0,1,169350.0,169050.0,169050.0,168670.0,7.0,1182220.0,370
2023-05-09 21:07:25,ni2310,ni2310,168850.0,0.0,0.0,0.0,2,168320.0,168590.0,1,169350.0,169050.0,169050.0,168670.0,7.0,1182220.0,370
2023-05-09 21:07:26,ni2310,ni2310,168850.0,0.0,0.0,0.0,2,168320.0,168590.0,1,169350.0,169050.0,169050.0,168670.0,7.0,1182220.0,370
2023-05-09 21:07:26,ni2310,ni2310,168850.0,0.0,0.0,0.0,2,168320.0,168590.0,1,169350.0,169050.0,169050.0,168670.0,7.0,1182220.0,370
2023-05-09 21:07:28,ni2310,ni2310,168850.0,0.0,0.0,0.0,1,168320.0,168580.0,1,169350.0,169050.0,169050.0,168670.0,7.0,1182220.0,370
2023-05-09 21:07:29,ni2310,ni2310,168850.0,0.0,0.0,0.0,1,168280.0,168580.0,1,169350.0,169050.0,169050.0,168670.0,7.0,1182220.0,370
2023-05-09 21:07:29,ni2310,ni2310,168850.0,0.0,0.0,0.0,1,168300.0,168550.0,1,169350.0,169050.0,169050.0,168670.0,7.0,1182220.0,370
2023-05-09 21:07:30,ni2310,ni2310,168850.0,0.0,0.0,0.0,1,168300.0,168550.0,1,169350.0,169050.0,169050.0,168670.0,7.0,1182220.0,370
2023-05-09 21:07:31,ni2310,ni2310,168850.0,0.0,0.0,0.0,1,168280.0,168550.0,1,169350.0,169050.0,169050.0,168670.0,7.0,1182220.0,370
2023-05-09 21:07:31,ni2310,ni2310,168850.0,0.0,0.0,0.0,1,168280.0,168550.0,1,169350.0,169050.0,169050.0,168670.0,7.0,1182220.0,370
2023-05-09 21:07:32,ni2310,ni2310,168850.0,0.0,0.0,0.0,1,168280.0,168510.0,1,169350.0,169050.0,169050.0,168670.0,7.0,1182220.0,370
2023-05-09 21:07:33,ni2310,ni2310,168850.0,0.0,0.0,0.0,1,168280.0,168830.0,1,169350.0,169050.0,169050.0,168670.0,7.0,1182220.0,370
2023-05-09 21:07:33,ni2310,ni2310,168850.0,0.0,0.0,0.0,2,168280.0,168830.0,2,169350.0,169050.0,169050.0,168670.0,7.0,1182220.0,370
2023-05-09 21:07:34,ni2310,ni2310,168850.0,0.0,0.0,0.0,2,168280.0,168700.0,1,169350.0,169050.0,169050.0,168670.0,7.0,1182220.0,370
2023-05-09 21:07:34,ni2310,ni2310,168850.0,0.0,0.0,0.0,2,168280.0,168700.0,2,169350.0,169050.0,169050.0,168670.0,7.0,1182220.0,370
2023-05-09 21:07:35,ni2310,ni2310,168850.0,0.0,0.0,0.0,2,168280.0,168700.0,2,169350.0,169050.0,169050.0,168670.0,7.0,1182220.0,370
2023-05-09 21:07:35,ni2310,ni2310,168850.0,0.0,0.0,0.0,2,168280.0,168700.0,2,169350.0,169050.0,169050.0,168670.0,7.0,1182220.0,370
2023-05-09 21:07:36,ni2310,ni2310,168850.0,0.0,0.0,0.0,2,168280.0,168700.0,2,169350.0,169050.0,169050.0,168670.0,7.0,1182220.0,370
2023-05-09 21:07:36,ni2310,ni2310,168850.0,0.0,0.0,0.0,2,168290.0,168700.0,2,169350.0,169050.0,169050.0,168670.0,7.0,1182220.0,370
2023-05-09 21:07:37,ni2310,ni2310,168850.0,0.0,0.0,0.0,2,168290.0,168670.0,1,169350.0,169050.0,169050.0,168670.0,7.0,1182220.0,370
2023-05-09 21:07:38,ni2310,ni2310,168850.0,0.0,0.0,0.0,3,168290.0,168670.0,1,169350.0,169050.0,169050.0,168670.0,7.0,1182220.0,370
2023-05-09 21:07:38,ni2310,ni2310,168850.0,0.0,0.0,0.0,1,168330.0,168670.0,1,169350.0,169050.0,169050.0,168670.0,7.0,1182220.0,370
2023-05-09 21:07:39,ni2310,ni2310,168850.0,0.0,0.0,0.0,2,168330.0,168700.0,1,169350.0,169050.0,169050.0,168670.0,7.0,1182220.0,370
2023-05-09 21:07:39,ni2310,ni2310,168850.0,0.0,0.0,0.0,1,168330.0,168700.0,1,169350.0,169050.0,169050.0,168670.0,7.0,1182220.0,370
2023-05-09 21:07:41,ni2310,ni2310,168850.0,0.0,0.0,0.0,1,168330.0,168680.0,1,169350.0,169050.0,169050.0,168670.0,7.0,1182220.0,370
2023-05-09 21:07:43,ni2310,ni2310,168850.0,0.0,0.0,0.0,1,168340.0,168680.0,1,169350.0,169050.0,169050.0,168670.0,7.0,1182220.0,370
2023-05-09 21:07:44,ni2310,ni2310,168850.0,0.0,0.0,0.0,1,168380.0,168680.0,1,169350.0,169050.0,169050.0,168670.0,7.0,1182220.0,370
2023-05-09 21:07:44,ni2310,ni2310,168850.0,0.0,0.0,0.0,1,168380.0,168680.0,1,169350.0,169050.0,169050.0,168670.0,7.0,1182220.0,370
2023-05-09 21:07:45,ni2310,ni2310,168850.0,0.0,0.0,0.0,1,168380.0,168680.0,1,169350.0,169050.0,169050.0,168670.0,7.0,1182220.0,370
2023-05-09 21:07:45,ni2310,ni2310,168850.0,0.0,0.0,0.0,1,168400.0,168890.0,1,169350.0,169050.0,169050.0,168670.0,7.0,1182220.0,370
