time,symbol_id,symbol_name,last,trade_volume,trade_amount,open_interest_change,bv1,bp1,ap1,av1,yesterday_close,today_open,today_high,today_low,volume,amount,open_interest
2023-05-09 20:59:00,ni2401,ni2401,165900.0,0.0,0.0,0.0,1,164400.0,167400.0,1,165900.0,166110.0,0.0,0.0,0.0,0.0,915
2023-05-09 21:00:00,ni2401,ni2401,165900.0,0.0,0.0,0.0,3,166070.0,167400.0,1,165900.0,166110.0,0.0,0.0,0.0,0.0,915
2023-05-09 21:00:01,ni2401,ni2401,165900.0,0.0,0.0,0.0,1,166070.0,167400.0,1,165900.0,166110.0,0.0,0.0,0.0,0.0,915
2023-05-09 21:00:01,ni2401,ni2401,165900.0,0.0,0.0,0.0,1,166070.0,167380.0,1,165900.0,166110.0,0.0,0.0,0.0,0.0,915
2023-05-09 21:00:02,ni2401,ni2401,165900.0,0.0,0.0,0.0,1,166110.0,167380.0,1,165900.0,166110.0,0.0,0.0,0.0,0.0,915
2023-05-09 21:00:03,ni2401,ni2401,165900.0,0.0,0.0,0.0,1,166110.0,167380.0,1,165900.0,166110.0,0.0,0.0,0.0,0.0,915
2023-05-09 21:00:03,ni2401,ni2401,165900.0,0.0,0.0,0.0,1,166110.0,167380.0,1,165900.0,166110.0,0.0,0.0,0.0,0.0,915
2023-05-09 21:00:04,ni2401,ni2401,165900.0,0.0,0.0,0.0,1,166110.0,166460.0,1,165900.0,166110.0,0.0,0.0,0.0,0.0,915
2023-05-09 21:00:05,ni2401,ni2401,165900.0,0.0,0.0,0.0,1,166110.0,166440.0,1,165900.0,166110.0,0.0,0.0,0.0,0.0,915
2023-05-09 21:00:05,ni2401,ni2401,165900.0,0.0,0.0,0.0,1,166110.0,166440.0,1,165900.0,166110.0,0.0,0.0,0.0,0.0,915
2023-05-09 21:00:06,ni2401,ni2401,165900.0,0.0,0.0,0.0,1,166110.0,166440.0,1,165900.0,166110.0,0.0,0.0,0.0,0.0,915
2023-05-09 21:00:07,ni2401,ni2401,165900.0,0.0,0.0,0.0,1,166110.0,167190.0,1,165900.0,166110.0,0.0,0.0,0.0,0.0,915
2023-05-09 21:00:07,ni2401,ni2401,165900.0,0.0,0.0,0.0,1,166110.0,166340.0,1,165900.0,166110.0,0.0,0.0,0.0,0.0,915
2023-05-09 21:00:08,ni2401,ni2401,165900.0,0.0,0.0,0.0,1,166110.0,166340.0,1,165900.0,166110.0,0.0,0.0,0.0,0.0,915
2023-05-09 21:00:09,ni2401,ni2401,165900.0,0.0,0.0,0.0,1,166110.0,167050.0,1,165900.0,166110.0,0.0,0.0,0.0,0.0,915
2023-05-09 21:00:09,ni2401,ni2401,166070.0,2.0,332180.0,1.0,1,165820.0,165910.0,1,165900.0,166110.0,166110.0,166070.0,2.0,332180.0,916
2023-05-09 21:00:10,ni2401,ni2401,165910.0,1.0,165910.0,-1.0,1,165820.0,167030.0,1,165900.0,166110.0,166110.0,165910.0,3.0,498090.0,915
2023-05-09 21:00:10,ni2401,ni2401,165910.0,0.0,0.0,0.0,1,165470.0,166930.0,1,165900.0,166110.0,166110.0,165910.0,3.0,498090.0,915
2023-05-09 21:00:11,ni2401,ni2401,165910.0,0.0,0.0,0.0,1,165770.0,166910.0,1,165900.0,166110.0,166110.0,165910.0,3.0,498090.0,915
2023-05-09 21:00:11,ni2401,ni2401,165910.0,0.0,0.0,0.0,1,165770.0,166910.0,1,165900.0,166110.0,166110.0,165910.0,3.0,498090.0,915
2023-05-09 21:00:12,ni2401,ni2401,165910.0,0.0,0.0,0.0,1,165770.0,166810.0,1,165900.0,166110.0,166110.0,165910.0,3.0,498090.0,915
2023-05-09 21:00:12,ni2401,ni2401,165910.0,0.0,0.0,0.0,1,165960.0,166790.0,1,165900.0,166110.0,166110.0,165910.0,3.0,498090.0,915
2023-05-09 21:00:13,ni2401,ni2401,165910.0,0.0,0.0,0.0,1,165960.0,166790.0,2,165900.0,166110.0,166110.0,165910.0,3.0,498090.0,915
2023-05-09 21:00:13,ni2401,ni2401,165910.0,0.0,0.0,0.0,1,165960.0,166690.0,1,165900.0,166110.0,166110.0,165910.0,3.0,498090.0,915
2023-05-09 21:00:14,ni2401,ni2401,165910.0,0.0,0.0,0.0,1,165970.0,166690.0,1,165900.0,166110.0,166110.0,165910.0,3.0,498090.0,915
2023-05-09 21:00:14,ni2401,ni2401,165910.0,0.0,0.0,0.0,1,165970.0,166670.0,1,165900.0,166110.0,166110.0,165910.0,3.0,498090.0,915
2023-05-09 21:00:15,ni2401,ni2401,165910.0,0.0,0.0,0.0,1,165970.0,166670.0,1,165900.0,166110.0,166110.0,165910.0,3.0,498090.0,915
2023-05-09 21:00:15,ni2401,ni2401,165910.0,0.0,0.0,0.0,1,166040.0,166570.0,1,165900.0,166110.0,166110.0,165910.0,3.0,498090.0,915
2023-05-09 21:00:16,ni2401,ni2401,165910.0,0.0,0.0,0.0,1,166040.0,166570.0,1,165900.0,166110.0,166110.0,165910.0,3.0,498090.0,915
2023-05-09 21:00:16,ni2401,ni2401,165910.0,0.0,0.0,0.0,1,166040.0,166570.0,1,165900.0,166110.0,166110.0,165910.0,3.0,498090.0,915
2023-05-09 21:00:17,ni2401,ni2401,165910.0,0.0,0.0,0.0,1,166040.0,166560.0,1,165900.0,166110.0,166110.0,165910.0,3.0,498090.0,915
2023-05-09 21:00:17,ni2401,ni2401,165910.0,0.0,0.0,0.0,1,166040.0,166470.0,1,165900.0,166110.0,166110.0,165910.0,3.0,498090.0,915
2023-05-09 21:00:18,ni2401,ni2401,165910.0,0.0,0.0,0.0,2,165980.0,166470.0,1,165900.0,166110.0,166110.0,165910.0,3.0,498090.0,915
2023-05-09 21:00:18,ni2401,ni2401,165910.0,0.0,0.0,0.0,2,165980.0,166450.0,1,165900.0,166110.0,166110.0,165910.0,3.0,498090.0,915
2023-05-09 21:00:19,ni2401,ni2401,165910.0,0.0,0.0,0.0,2,165980.0,166450.0,1,165900.0,166110.0,166110.0,165910.0,3.0,498090.0,915
2023-05-09 21:00:19,ni2401,ni2401,165910.0,0.0,0.0,0.0,2,165980.0,166350.0,1,165900.0,166110.0,166110.0,165910.0,3.0,498090.0,915
2023-05-09 21:00:20,ni2401,ni2401,165910.0,0.0,0.0,0.0,2,165980.0,166330.0,1,165900.0,166110.0,166110.0,165910.0,3.0,498090.0,915
2023-05-09 21:00:21,ni2401,ni2401,165910.0,0.0,0.0,0.0,2,165980.0,166330.0,1,165900.0,166110.0,166110.0,165910.0,3.0,498090.0,915
2023-05-09 21:00:21,ni2401,ni2401,165910.0,0.0,0.0,0.0,2,165980.0,166230.0,1,165900.0,166110.0,166110.0,165910.0,3.0,498090.0,915
2023-05-09 21:00:22,ni2401,ni2401,165910.0,0.0,0.0,0.0,2,165980.0,166230.0,1,165900.0,166110.0,166110.0,165910.0,3.0,498090.0,915
2023-05-09 21:00:22,ni2401,ni2401,165910.0,0.0,0.0,0.0,1,165820.0,166230.0,1,165900.0,166110.0,166110.0,165910.0,3.0,498090.0,915
2023-05-09 21:00:23,ni2401,ni2401,165910.0,0.0,0.0,0.0,1,165840.0,166790.0,1,165900.0,166110.0,166110.0,165910.0,3.0,498090.0,915
2023-05-09 21:00:23,ni2401,ni2401,165910.0,0.0,0.0,0.0,1,165840.0,166130.0,1,165900.0,166110.0,166110.0,165910.0,3.0,498090.0,915
2023-05-09 21:00:24,ni2401,ni2401,165910.0,0.0,0.0,0.0,1,165840.0,166130.0,1,165900.0,166110.0,166110.0,165910.0,3.0,498090.0,915
2023-05-09 21:00:24,ni2401,ni2401,165910.0,0.0,0.0,0.0,1,165720.0,166130.0,1,165900.0,166110.0,166110.0,165910.0,3.0,498090.0,915
2023-05-09 21:00:25,ni2401,ni2401,165910.0,0.0,0.0,0.0,1,165720.0,166790.0,1,165900.0,166110.0,166110.0,165910.0,3.0,498090.0,915
2023-05-09 21:00:25,ni2401,ni2401,165910.0,0.0,0.0,0.0,1,165720.0,166690.0,1,165900.0,166110.0,166110.0,165910.0,3.0,498090.0,915
2023-05-09 21:00:26,ni2401,ni2401,165910.0,0.0,0.0,0.0,1,165720.0,166690.0,2,165900.0,166110.0,166110.0,165910.0,3.0,498090.0,915
2023-05-09 21:00:27,ni2401,ni2401,165910.0,0.0,0.0,0.0,1,165720.0,166630.0,1,165900.0,166110.0,166110.0,165910.0,3.0,498090.0,915
2023-05-09 21:00:27,ni2401,ni2401,165910.0,0.0,0.0,0.0,1,165720.0,166630.0,2,165900.0,166110.0,166110.0,165910.0,3.0,498090.0,915
2023-05-09 21:00:28,ni2401,ni2401,165910.0,0.0,0.0,0.0,1,165720.0,166530.0,1,165900.0,166110.0,166110.0,165910.0,3.0,498090.0,915
2023-05-09 21:00:28,ni2401,ni2401,165910.0,0.0,0.0,0.0,1,165720.0,166530.0,2,165900.0,166110.0,166110.0,165910.0,3.0,498090.0,915
2023-05-09 21:00:29,ni2401,ni2401,165910.0,0.0,0.0,0.0,1,165720.0,166500.0,1,165900.0,166110.0,166110.0,165910.0,3.0,498090.0,915
2023-05-09 21:00:29,ni2401,ni2401,165910.0,0.0,0.0,0.0,1,165500.0,166500.0,1,165900.0,166110.0,166110.0,165910.0,3.0,498090.0,915
2023-05-09 21:00:30,ni2401,ni2401,165910.0,0.0,0.0,0.0,2,165500.0,166400.0,1,165900.0,166110.0,166110.0,165910.0,3.0,498090.0,915
2023-05-09 21:00:30,ni2401,ni2401,165910.0,0.0,0.0,0.0,3,165500.0,166400.0,1,165900.0,166110.0,166110.0,165910.0,3.0,498090.0,915
2023-05-09 21:00:31,ni2401,ni2401,165910.0,0.0,0.0,0.0,3,165500.0,166370.0,1,165900.0,166110.0,166110.0,165910.0,3.0,498090.0,915
2023-05-09 21:00:31,ni2401,ni2401,165910.0,0.0,0.0,0.0,3,165500.0,166370.0,1,165900.0,166110.0,166110.0,165910.0,3.0,498090.0,915
2023-05-09 21:00:32,ni2401,ni2401,165910.0,0.0,0.0,0.0,3,165500.0,166270.0,1,165900.0,166110.0,166110.0,165910.0,3.0,498090.0,915
2023-05-09 21:00:32,ni2401,ni2401,165910.0,0.0,0.0,0.0,4,165500.0,166270.0,1,165900.0,166110.0,166110.0,165910.0,3.0,498090.0,915
2023-05-09 21:00:33,ni2401,ni2401,165910.0,0.0,0.0,0.0,4,165500.0,166260.0,1,165900.0,166110.0,166110.0,165910.0,3.0,498090.0,915
2023-05-09 21:00:33,ni2401,ni2401,165910.0,0.0,0.0,0.0,4,165500.0,166260.0,1,165900.0,166110.0,166110.0,165910.0,3.0,498090.0,915
2023-05-09 21:00:34,ni2401,ni2401,165910.0,0.0,0.0,0.0,4,165500.0,166160.0,1,165900.0,166110.0,166110.0,165910.0,3.0,498090.0,915
2023-05-09 21:00:34,ni2401,ni2401,165910.0,0.0,0.0,0.0,3,165500.0,166160.0,1,165900.0,166110.0,166110.0,165910.0,3.0,498090.0,915
2023-05-09 21:00:35,ni2401,ni2401,165910.0,0.0,0.0,0.0,3,165500.0,166140.0,1,165900.0,166110.0,166110.0,165910.0,3.0,498090.0,915
2023-05-09 21:00:35,ni2401,ni2401,165910.0,0.0,0.0,0.0,3,165500.0,166140.0,1,165900.0,166110.0,166110.0,165910.0,3.0,498090.0,915
2023-05-09 21:00:36,ni2401,ni2401,165910.0,0.0,0.0,0.0,3,165500.0,166040.0,1,165900.0,166110.0,166110.0,165910.0,3.0,498090.0,915
2023-05-09 21:00:37,ni2401,ni2401,165910.0,0.0,0.0,0.0,3,165500.0,166040.0,1,165900.0,166110.0,166110.0,165910.0,3.0,498090.0,915
2023-05-09 21:00:37,ni2401,ni2401,165910.0,0.0,0.0,0.0,1,165500.0,167080.0,1,165900.0,166110.0,166110.0,165910.0,3.0,498090.0,915
2023-05-09 21:00:38,ni2401,ni2401,165910.0,0.0,0.0,0.0,1,165500.0,166910.0,1,165900.0,166110.0,166110.0,165910.0,3.0,498090.0,915
2023-05-09 21:00:38,ni2401,ni2401,165910.0,0.0,0.0,0.0,1,165500.0,166890.0,1,165900.0,166110.0,166110.0,165910.0,3.0,498090.0,915
2023-05-09 21:00:39,ni2401,ni2401,165910.0,0.0,0.0,0.0,2,165500.0,166790.0,1,165900.0,166110.0,166110.0,165910.0,3.0,498090.0,915
2023-05-09 21:00:39,ni2401,ni2401,165910.0,0.0,0.0,0.0,2,165500.0,166770.0,1,165900.0,166110.0,166110.0,165910.0,3.0,498090.0,915
2023-05-09 21:00:40,ni2401,ni2401,165910.0,0.0,0.0,0.0,2,165500.0,166760.0,22,165900.0,166110.0,166110.0,165910.0,3.0,498090.0,915
2023-05-09 21:00:40,ni2401,ni2401,165910.0,0.0,0.0,0.0,2,165500.0,166660.0,1,165900.0,166110.0,166110.0,165910.0,3.0,498090.0,915
2023-05-09 21:00:41,ni2401,ni2401,165910.0,0.0,0.0,0.0,2,165500.0,166640.0,1,165900.0,166110.0,166110.0,165910.0,3.0,498090.0,915
2023-05-09 21:00:41,ni2401,ni2401,165910.0,0.0,0.0,0.0,2,165500.0,166620.0,1,165900.0,166110.0,166110.0,165910.0,3.0,498090.0,915
2023-05-09 21:00:42,ni2401,ni2401,165910.0,0.0,0.0,0.0,2,165500.0,166520.0,1,165900.0,166110.0,166110.0,165910.0,3.0,498090.0,915
2023-05-09 21:00:42,ni2401,ni2401,165910.0,0.0,0.0,0.0,2,165500.0,166500.0,1,165900.0,166110.0,166110.0,165910.0,3.0,498090.0,915
2023-05-09 21:00:43,ni2401,ni2401,165910.0,0.0,0.0,0.0,2,165500.0,166480.0,1,165900.0,166110.0,166110.0,165910.0,3.0,498090.0,915
2023-05-09 21:00:43,ni2401,ni2401,165910.0,0.0,0.0,0.0,2,165500.0,166380.0,1,165900.0,166110.0,166110.0,165910.0,3.0,498090.0,915
2023-05-09 21:00:44,ni2401,ni2401,165910.0,0.0,0.0,0.0,2,165500.0,166380.0,1,165900.0,166110.0,166110.0,165910.0,3.0,498090.0,915
2023-05-09 21:00:44,ni2401,ni2401,165910.0,0.0,0.0,0.0,2,165500.0,166330.0,1,165900.0,166110.0,166110.0,165910.0,3.0,498090.0,915
2023-05-09 21:00:45,ni2401,ni2401,165910.0,0.0,0.0,0.0,2,165500.0,166330.0,1,165900.0,166110.0,166110.0,165910.0,3.0,498090.0,915
2023-05-09 21:00:45,ni2401,ni2401,165910.0,0.0,0.0,0.0,2,165500.0,166230.0,1,165900.0,166110.0,166110.0,165910.0,3.0,498090.0,915
2023-05-09 21:00:46,ni2401,ni2401,165910.0,0.0,0.0,0.0,2,165500.0,166220.0,1,165900.0,166110.0,166110.0,165910.0,3.0,498090.0,915
2023-05-09 21:00:47,ni2401,ni2401,165910.0,0.0,0.0,0.0,2,165500.0,166220.0,1,165900.0,166110.0,166110.0,165910.0,3.0,498090.0,915
2023-05-09 21:00:47,ni2401,ni2401,165910.0,0.0,0.0,0.0,2,165500.0,166120.0,1,165900.0,166110.0,166110.0,165910.0,3.0,498090.0,915
2023-05-09 21:00:48,ni2401,ni2401,165910.0,0.0,0.0,0.0,3,165500.0,166120.0,1,165900.0,166110.0,166110.0,165910.0,3.0,498090.0,915
2023-05-09 21:00:49,ni2401,ni2401,165910.0,0.0,0.0,0.0,3,165500.0,167180.0,1,165900.0,166110.0,166110.0,165910.0,3.0,498090.0,915
2023-05-09 21:00:49,ni2401,ni2401,165910.0,0.0,0.0,0.0,2,165500.0,166020.0,1,165900.0,166110.0,166110.0,165910.0,3.0,498090.0,915
2023-05-09 21:00:50,ni2401,ni2401,165910.0,0.0,0.0,0.0,2,165500.0,166020.0,1,165900.0,166110.0,166110.0,165910.0,3.0,498090.0,915
2023-05-09 21:00:50,ni2401,ni2401,165910.0,0.0,0.0,0.0,2,165520.0,166020.0,1,165900.0,166110.0,166110.0,165910.0,3.0,498090.0,915
2023-05-09 21:00:51,ni2401,ni2401,165910.0,0.0,0.0,0.0,2,165520.0,167160.0,1,165900.0,166110.0,166110.0,165910.0,3.0,498090.0,915
2023-05-09 21:00:51,ni2401,ni2401,165910.0,0.0,0.0,0.0,2,165520.0,167060.0,1,165900.0,166110.0,166110.0,165910.0,3.0,498090.0,915
2023-05-09 21:00:52,ni2401,ni2401,165910.0,0.0,0.0,0.0,3,165520.0,167040.0,1,165900.0,166110.0,166110.0,165910.0,3.0,498090.0,915
2023-05-09 21:00:52,ni2401,ni2401,165910.0,0.0,0.0,0.0,3,165520.0,166350.0,1,165900.0,166110.0,166110.0,165910.0,3.0,498090.0,915
2023-05-09 21:00:53,ni2401,ni2401,165910.0,0.0,0.0,0.0,3,165520.0,166250.0,1,165900.0,166110.0,166110.0,165910.0,3.0,498090.0,915
2023-05-09 21:00:54,ni2401,ni2401,165910.0,0.0,0.0,0.0,3,165520.0,166240.0,1,165900.0,166110.0,166110.0,165910.0,3.0,498090.0,915
2023-05-09 21:00:54,ni2401,ni2401,165910.0,0.0,0.0,0.0,3,165520.0,166240.0,1,165900.0,166110.0,166110.0,165910.0,3.0,498090.0,915
2023-05-09 21:00:55,ni2401,ni2401,165910.0,0.0,0.0,0.0,3,165520.0,166140.0,1,165900.0,166110.0,166110.0,165910.0,3.0,498090.0,915
2023-05-09 21:00:56,ni2401,ni2401,165910.0,0.0,0.0,0.0,3,165520.0,166130.0,1,165900.0,166110.0,166110.0,165910.0,3.0,498090.0,915
2023-05-09 21:00:56,ni2401,ni2401,165910.0,0.0,0.0,0.0,3,165520.0,166130.0,1,165900.0,166110.0,166110.0,165910.0,3.0,498090.0,915
2023-05-09 21:00:57,ni2401,ni2401,165910.0,0.0,0.0,0.0,3,165520.0,166030.0,1,165900.0,166110.0,166110.0,165910.0,3.0,498090.0,915
2023-05-09 21:00:58,ni2401,ni2401,165910.0,0.0,0.0,0.0,3,165520.0,166030.0,1,165900.0,166110.0,166110.0,165910.0,3.0,498090.0,915
2023-05-09 21:00:58,ni2401,ni2401,165910.0,0.0,0.0,0.0,3,165520.0,167040.0,1,165900.0,166110.0,166110.0,165910.0,3.0,498090.0,915
2023-05-09 21:00:59,ni2401,ni2401,165910.0,0.0,0.0,0.0,3,165520.0,166900.0,1,165900.0,166110.0,166110.0,165910.0,3.0,498090.0,915
2023-05-09 21:00:59,ni2401,ni2401,165910.0,0.0,0.0,0.0,3,165520.0,166880.0,1,165900.0,166110.0,166110.0,165910.0,3.0,498090.0,915
2023-05-09 21:01:00,ni2401,ni2401,165910.0,0.0,0.0,0.0,3,165520.0,166780.0,1,165900.0,166110.0,166110.0,165910.0,3.0,498090.0,915
2023-05-09 21:01:00,ni2401,ni2401,165910.0,0.0,0.0,0.0,3,165520.0,166760.0,1,165900.0,166110.0,166110.0,165910.0,3.0,498090.0,915
2023-05-09 21:01:01,ni2401,ni2401,165910.0,0.0,0.0,0.0,3,165520.0,166750.0,3,165900.0,166110.0,166110.0,165910.0,3.0,498090.0,915
2023-05-09 21:01:01,ni2401,ni2401,165910.0,0.0,0.0,0.0,2,165530.0,166660.0,1,165900.0,166110.0,166110.0,165910.0,3.0,498090.0,915
2023-05-09 21:01:02,ni2401,ni2401,165910.0,0.0,0.0,0.0,2,165550.0,166640.0,1,165900.0,166110.0,166110.0,165910.0,3.0,498090.0,915
2023-05-09 21:01:02,ni2401,ni2401,165910.0,0.0,0.0,0.0,2,165550.0,166630.0,1,165900.0,166110.0,166110.0,165910.0,3.0,498090.0,915
2023-05-09 21:01:03,ni2401,ni2401,165910.0,0.0,0.0,0.0,3,165550.0,166540.0,1,165900.0,166110.0,166110.0,165910.0,3.0,498090.0,915
2023-05-09 21:01:03,ni2401,ni2401,165910.0,0.0,0.0,0.0,2,165550.0,166520.0,1,165900.0,166110.0,166110.0,165910.0,3.0,498090.0,915
2023-05-09 21:01:04,ni2401,ni2401,165910.0,0.0,0.0,0.0,2,165550.0,166510.0,42,165900.0,166110.0,166110.0,165910.0,3.0,498090.0,915
2023-05-09 21:01:04,ni2401,ni2401,165910.0,0.0,0.0,0.0,2,165550.0,166410.0,1,165900.0,166110.0,166110.0,165910.0,3.0,498090.0,915
2023-05-09 21:01:05,ni2401,ni2401,165910.0,0.0,0.0,0.0,2,165550.0,166390.0,1,165900.0,166110.0,166110.0,165910.0,3.0,498090.0,915
2023-05-09 21:01:05,ni2401,ni2401,165910.0,0.0,0.0,0.0,2,165550.0,166380.0,1,165900.0,166110.0,166110.0,165910.0,3.0,498090.0,915
2023-05-09 21:01:06,ni2401,ni2401,165910.0,0.0,0.0,0.0,3,165550.0,166280.0,1,165900.0,166110.0,166110.0,165910.0,3.0,498090.0,915
2023-05-09 21:01:06,ni2401,ni2401,165910.0,0.0,0.0,0.0,2,165550.0,166280.0,1,165900.0,166110.0,166110.0,165910.0,3.0,498090.0,915
2023-05-09 21:01:07,ni2401,ni2401,165910.0,0.0,0.0,0.0,2,165550.0,166280.0,1,165900.0,166110.0,166110.0,165910.0,3.0,498090.0,915
2023-05-09 21:01:07,ni2401,ni2401,165910.0,0.0,0.0,0.0,2,165550.0,166330.0,1,165900.0,166110.0,166110.0,165910.0,3.0,498090.0,915
2023-05-09 21:01:08,ni2401,ni2401,165910.0,0.0,0.0,0.0,2,165550.0,166230.0,1,165900.0,166110.0,166110.0,165910.0,3.0,498090.0,915
2023-05-09 21:01:09,ni2401,ni2401,165910.0,0.0,0.0,0.0,2,165550.0,166390.0,1,165900.0,166110.0,166110.0,165910.0,3.0,498090.0,915
2023-05-09 21:01:10,ni2401,ni2401,165910.0,0.0,0.0,0.0,2,165550.0,166130.0,1,165900.0,166110.0,166110.0,165910.0,3.0,498090.0,915
2023-05-09 21:01:10,ni2401,ni2401,165910.0,0.0,0.0,0.0,2,165530.0,166130.0,1,165900.0,166110.0,166110.0,165910.0,3.0,498090.0,915
2023-05-09 21:01:11,ni2401,ni2401,165910.0,0.0,0.0,0.0,2,165530.0,166130.0,1,165900.0,166110.0,166110.0,165910.0,3.0,498090.0,915
2023-05-09 21:01:11,ni2401,ni2401,165910.0,0.0,0.0,0.0,2,165530.0,166390.0,1,165900.0,166110.0,166110.0,165910.0,3.0,498090.0,915
2023-05-09 21:01:12,ni2401,ni2401,165910.0,0.0,0.0,0.0,2,165530.0,166290.0,1,165900.0,166110.0,166110.0,165910.0,3.0,498090.0,915
2023-05-09 21:01:12,ni2401,ni2401,165910.0,0.0,0.0,0.0,2,165530.0,166290.0,1,165900.0,166110.0,166110.0,165910.0,3.0,498090.0,915
2023-05-09 21:01:14,ni2401,ni2401,165910.0,0.0,0.0,0.0,2,165530.0,166290.0,2,165900.0,166110.0,166110.0,165910.0,3.0,498090.0,915
2023-05-09 21:01:14,ni2401,ni2401,165910.0,0.0,0.0,0.0,2,165530.0,166270.0,1,165900.0,166110.0,166110.0,165910.0,3.0,498090.0,915
2023-05-09 21:01:15,ni2401,ni2401,165910.0,0.0,0.0,0.0,2,165530.0,166170.0,1,165900.0,166110.0,166110.0,165910.0,3.0,498090.0,915
2023-05-09 21:01:15,ni2401,ni2401,165910.0,0.0,0.0,0.0,2,165550.0,166170.0,1,165900.0,166110.0,166110.0,165910.0,3.0,498090.0,915
2023-05-09 21:01:22,ni2401,ni2401,165910.0,0.0,0.0,0.0,2,165550.0,166990.0,1,165900.0,166110.0,166110.0,165910.0,3.0,498090.0,915
2023-05-09 21:01:22,ni2401,ni2401,165910.0,0.0,0.0,0.0,2,165550.0,166800.0,1,165900.0,166110.0,166110.0,165910.0,3.0,498090.0,915
2023-05-09 21:01:23,ni2401,ni2401,165910.0,0.0,0.0,0.0,2,165550.0,166780.0,1,165900.0,166110.0,166110.0,165910.0,3.0,498090.0,915
2023-05-09 21:01:23,ni2401,ni2401,165910.0,0.0,0.0,0.0,2,165550.0,166680.0,1,165900.0,166110.0,166110.0,165910.0,3.0,498090.0,915
2023-05-09 21:01:24,ni2401,ni2401,165910.0,0.0,0.0,0.0,2,165550.0,166660.0,1,165900.0,166110.0,166110.0,165910.0,3.0,498090.0,915
2023-05-09 21:01:24,ni2401,ni2401,165910.0,0.0,0.0,0.0,2,165550.0,166650.0,7,165900.0,166110.0,166110.0,165910.0,3.0,498090.0,915
2023-05-09 21:01:25,ni2401,ni2401,165910.0,0.0,0.0,0.0,2,165550.0,166560.0,1,165900.0,166110.0,166110.0,165910.0,3.0,498090.0,915
2023-05-09 21:01:25,ni2401,ni2401,165910.0,0.0,0.0,0.0,2,165550.0,166540.0,1,165900.0,166110.0,166110.0,165910.0,3.0,498090.0,915
2023-05-09 21:01:26,ni2401,ni2401,165910.0,0.0,0.0,0.0,2,165550.0,166530.0,10,165900.0,166110.0,166110.0,165910.0,3.0,498090.0,915
2023-05-09 21:01:26,ni2401,ni2401,165910.0,0.0,0.0,0.0,3,165550.0,166430.0,1,165900.0,166110.0,166110.0,165910.0,3.0,498090.0,915
2023-05-09 21:01:27,ni2401,ni2401,165910.0,0.0,0.0,0.0,2,165550.0,166400.0,1,165900.0,166110.0,166110.0,165910.0,3.0,498090.0,915
2023-05-09 21:01:27,ni2401,ni2401,165910.0,0.0,0.0,0.0,2,165550.0,166400.0,1,165900.0,166110.0,166110.0,165910.0,3.0,498090.0,915
2023-05-09 21:01:28,ni2401,ni2401,165910.0,0.0,0.0,0.0,2,165550.0,166300.0,1,165900.0,166110.0,166110.0,165910.0,3.0,498090.0,915
2023-05-09 21:01:28,ni2401,ni2401,165910.0,0.0,0.0,0.0,2,165550.0,166300.0,1,165900.0,166110.0,166110.0,165910.0,3.0,498090.0,915
2023-05-09 21:01:29,ni2401,ni2401,165910.0,0.0,0.0,0.0,3,165550.0,166300.0,1,165900.0,166110.0,166110.0,165910.0,3.0,498090.0,915
2023-05-09 21:01:30,ni2401,ni2401,165910.0,0.0,0.0,0.0,2,165550.0,166510.0,1,165900.0,166110.0,166110.0,165910.0,3.0,498090.0,915
2023-05-09 21:01:30,ni2401,ni2401,165910.0,0.0,0.0,0.0,2,165550.0,166200.0,1,165900.0,166110.0,166110.0,165910.0,3.0,498090.0,915
2023-05-09 21:01:31,ni2401,ni2401,165910.0,0.0,0.0,0.0,2,165550.0,166200.0,1,165900.0,166110.0,166110.0,165910.0,3.0,498090.0,915
2023-05-09 21:01:32,ni2401,ni2401,165910.0,0.0,0.0,0.0,2,165550.0,166190.0,1,165900.0,166110.0,166110.0,165910.0,3.0,498090.0,915
2023-05-09 21:01:32,ni2401,ni2401,165910.0,0.0,0.0,0.0,3,165550.0,166510.0,1,165900.0,166110.0,166110.0,165910.0,3.0,498090.0,915
2023-05-09 21:01:33,ni2401,ni2401,165910.0,0.0,0.0,0.0,3,165550.0,166090.0,1,165900.0,166110.0,166110.0,165910.0,3.0,498090.0,915
2023-05-09 21:01:33,ni2401,ni2401,165910.0,0.0,0.0,0.0,3,165550.0,166090.0,1,165900.0,166110.0,166110.0,165910.0,3.0,498090.0,915
2023-05-09 21:01:34,ni2401,ni2401,165910.0,0.0,0.0,0.0,3,165550.0,166090.0,1,165900.0,166110.0,166110.0,165910.0,3.0,498090.0,915
2023-05-09 21:01:35,ni2401,ni2401,165910.0,0.0,0.0,0.0,3,165550.0,166370.0,1,165900.0,166110.0,166110.0,165910.0,3.0,498090.0,915
2023-05-09 21:01:35,ni2401,ni2401,165910.0,0.0,0.0,0.0,3,165550.0,165990.0,1,165900.0,166110.0,166110.0,165910.0,3.0,498090.0,915
2023-05-09 21:01:40,ni2401,ni2401,165910.0,0.0,0.0,0.0,3,165550.0,165990.0,1,165900.0,166110.0,166110.0,165910.0,3.0,498090.0,915
2023-05-09 21:01:40,ni2401,ni2401,165910.0,0.0,0.0,0.0,3,165550.0,166370.0,1,165900.0,166110.0,166110.0,165910.0,3.0,498090.0,915
2023-05-09 21:01:41,ni2401,ni2401,165910.0,0.0,0.0,0.0,3,165550.0,166270.0,1,165900.0,166110.0,166110.0,165910.0,3.0,498090.0,915
2023-05-09 21:01:43,ni2401,ni2401,165910.0,0.0,0.0,0.0,3,165550.0,166220.0,1,165900.0,166110.0,166110.0,165910.0,3.0,498090.0,915
2023-05-09 21:01:43,ni2401,ni2401,165910.0,0.0,0.0,0.0,3,165550.0,166220.0,1,165900.0,166110.0,166110.0,165910.0,3.0,498090.0,915
2023-05-09 21:01:44,ni2401,ni2401,165910.0,0.0,0.0,0.0,3,165550.0,166120.0,1,165900.0,166110.0,166110.0,165910.0,3.0,498090.0,915
2023-05-09 21:01:45,ni2401,ni2401,165910.0,0.0,0.0,0.0,3,165550.0,166120.0,1,165900.0,166110.0,166110.0,165910.0,3.0,498090.0,915
2023-05-09 21:01:45,ni2401,ni2401,165910.0,0.0,0.0,0.0,2,165560.0,166350.0,1,165900.0,166110.0,166110.0,165910.0,3.0,498090.0,915
2023-05-09 21:01:46,ni2401,ni2401,165910.0,0.0,0.0,0.0,2,165580.0,166250.0,1,165900.0,166110.0,166110.0,165910.0,3.0,498090.0,915
2023-05-09 21:01:46,ni2401,ni2401,165910.0,0.0,0.0,0.0,2,165580.0,166250.0,1,165900.0,166110.0,166110.0,165910.0,3.0,498090.0,915
2023-05-09 21:01:47,ni2401,ni2401,165910.0,0.0,0.0,0.0,3,165580.0,166250.0,1,165900.0,166110.0,166110.0,165910.0,3.0,498090.0,915
2023-05-09 21:01:47,ni2401,ni2401,165910.0,0.0,0.0,0.0,3,165580.0,166510.0,3,165900.0,166110.0,166110.0,165910.0,3.0,498090.0,915
2023-05-09 21:01:48,ni2401,ni2401,165910.0,0.0,0.0,0.0,3,165580.0,166150.0,1,165900.0,166110.0,166110.0,165910.0,3.0,498090.0,915
2023-05-09 21:01:48,ni2401,ni2401,165910.0,0.0,0.0,0.0,3,165580.0,166150.0,1,165900.0,166110.0,166110.0,165910.0,3.0,498090.0,915
2023-05-09 21:01:53,ni2401,ni2401,165910.0,0.0,0.0,0.0,1,165590.0,166150.0,1,165900.0,166110.0,166110.0,165910.0,3.0,498090.0,915
2023-05-09 21:01:54,ni2401,ni2401,165910.0,0.0,0.0,0.0,2,165610.0,166510.0,2,165900.0,166110.0,166110.0,165910.0,3.0,498090.0,915
2023-05-09 21:01:54,ni2401,ni2401,165910.0,0.0,0.0,0.0,2,165610.0,166410.0,1,165900.0,166110.0,166110.0,165910.0,3.0,498090.0,915
2023-05-09 21:01:55,ni2401,ni2401,165910.0,0.0,0.0,0.0,1,165620.0,166410.0,2,165900.0,166110.0,166110.0,165910.0,3.0,498090.0,915
2023-05-09 21:01:55,ni2401,ni2401,165910.0,0.0,0.0,0.0,2,165640.0,166410.0,2,165900.0,166110.0,166110.0,165910.0,3.0,498090.0,915
2023-05-09 21:01:56,ni2401,ni2401,165910.0,0.0,0.0,0.0,2,165640.0,166410.0,1,165900.0,166110.0,166110.0,165910.0,3.0,498090.0,915
2023-05-09 21:01:56,ni2401,ni2401,165910.0,0.0,0.0,0.0,2,165640.0,166310.0,1,165900.0,166110.0,166110.0,165910.0,3.0,498090.0,915
2023-05-09 21:01:57,ni2401,ni2401,165910.0,0.0,0.0,0.0,1,165650.0,166310.0,2,165900.0,166110.0,166110.0,165910.0,3.0,498090.0,915
2023-05-09 21:01:57,ni2401,ni2401,165910.0,0.0,0.0,0.0,2,165670.0,166310.0,2,165900.0,166110.0,166110.0,165910.0,3.0,498090.0,915
2023-05-09 21:01:58,ni2401,ni2401,165910.0,0.0,0.0,0.0,2,165670.0,166310.0,1,165900.0,166110.0,166110.0,165910.0,3.0,498090.0,915
2023-05-09 21:01:58,ni2401,ni2401,165910.0,0.0,0.0,0.0,1,165690.0,166210.0,1,165900.0,166110.0,166110.0,165910.0,3.0,498090.0,915
2023-05-09 21:01:59,ni2401,ni2401,165910.0,0.0,0.0,0.0,2,165710.0,166510.0,2,165900.0,166110.0,166110.0,165910.0,3.0,498090.0,915
2023-05-09 21:01:59,ni2401,ni2401,165910.0,0.0,0.0,0.0,3,165710.0,166500.0,1,165900.0,166110.0,166110.0,165910.0,3.0,498090.0,915
2023-05-09 21:02:01,ni2401,ni2401,165910.0,0.0,0.0,0.0,3,165710.0,166490.0,1,165900.0,166110.0,166110.0,165910.0,3.0,498090.0,915
2023-05-09 21:02:01,ni2401,ni2401,165910.0,0.0,0.0,0.0,1,165720.0,166490.0,1,165900.0,166110.0,166110.0,165910.0,3.0,498090.0,915
2023-05-09 21:02:03,ni2401,ni2401,165910.0,0.0,0.0,0.0,1,165720.0,166470.0,1,165900.0,166110.0,166110.0,165910.0,3.0,498090.0,915
2023-05-09 21:02:03,ni2401,ni2401,165910.0,0.0,0.0,0.0,1,165720.0,166460.0,1,165900.0,166110.0,166110.0,165910.0,3.0,498090.0,915
2023-05-09 21:02:04,ni2401,ni2401,165910.0,0.0,0.0,0.0,1,165720.0,166440.0,2,165900.0,166110.0,166110.0,165910.0,3.0,498090.0,915
2023-05-09 21:02:04,ni2401,ni2401,165910.0,0.0,0.0,0.0,1,165720.0,166430.0,2,165900.0,166110.0,166110.0,165910.0,3.0,498090.0,915
2023-05-09 21:02:05,ni2401,ni2401,165910.0,0.0,0.0,0.0,1,165720.0,166410.0,1,165900.0,166110.0,166110.0,165910.0,3.0,498090.0,915
2023-05-09 21:02:05,ni2401,ni2401,165910.0,0.0,0.0,0.0,2,165710.0,166400.0,1,165900.0,166110.0,166110.0,165910.0,3.0,498090.0,915
2023-05-09 21:02:06,ni2401,ni2401,165910.0,0.0,0.0,0.0,2,165710.0,166380.0,1,165900.0,166110.0,166110.0,165910.0,3.0,498090.0,915
2023-05-09 21:02:06,ni2401,ni2401,165910.0,0.0,0.0,0.0,2,165560.0,166370.0,1,165900.0,166110.0,166110.0,165910.0,3.0,498090.0,915
2023-05-09 21:02:07,ni2401,ni2401,165910.0,0.0,0.0,0.0,3,165570.0,166360.0,1,165900.0,166110.0,166110.0,165910.0,3.0,498090.0,915
2023-05-09 21:02:07,ni2401,ni2401,165910.0,0.0,0.0,0.0,3,165570.0,166360.0,2,165900.0,166110.0,166110.0,165910.0,3.0,498090.0,915
2023-05-09 21:02:08,ni2401,ni2401,165910.0,0.0,0.0,0.0,3,165570.0,166360.0,1,165900.0,166110.0,166110.0,165910.0,3.0,498090.0,915
2023-05-09 21:02:09,ni2401,ni2401,165910.0,0.0,0.0,0.0,3,165570.0,166360.0,2,165900.0,166110.0,166110.0,165910.0,3.0,498090.0,915
2023-05-09 21:02:09,ni2401,ni2401,165910.0,0.0,0.0,0.0,3,165570.0,166350.0,1,165900.0,166110.0,166110.0,165910.0,3.0,498090.0,915
2023-05-09 21:02:10,ni2401,ni2401,165910.0,0.0,0.0,0.0,3,165570.0,166330.0,1,165900.0,166110.0,166110.0,165910.0,3.0,498090.0,915
2023-05-09 21:02:10,ni2401,ni2401,165910.0,0.0,0.0,0.0,2,165570.0,166320.0,1,165900.0,166110.0,166110.0,165910.0,3.0,498090.0,915
2023-05-09 21:02:11,ni2401,ni2401,165910.0,0.0,0.0,0.0,2,165570.0,166290.0,1,165900.0,166110.0,166110.0,165910.0,3.0,498090.0,915
2023-05-09 21:02:11,ni2401,ni2401,165910.0,0.0,0.0,0.0,2,165570.0,166260.0,1,165900.0,166110.0,166110.0,165910.0,3.0,498090.0,915
2023-05-09 21:02:12,ni2401,ni2401,165910.0,0.0,0.0,0.0,1,165400.0,166230.0,1,165900.0,166110.0,166110.0,165910.0,3.0,498090.0,915
2023-05-09 21:02:12,ni2401,ni2401,165910.0,0.0,0.0,0.0,1,165400.0,166210.0,1,165900.0,166110.0,166110.0,165910.0,3.0,498090.0,915
2023-05-09 21:02:13,ni2401,ni2401,165910.0,0.0,0.0,0.0,1,164920.0,166180.0,1,165900.0,166110.0,166110.0,165910.0,3.0,498090.0,915
2023-05-09 21:02:13,ni2401,ni2401,165910.0,0.0,0.0,0.0,2,164940.0,166130.0,1,165900.0,166110.0,166110.0,165910.0,3.0,498090.0,915
2023-05-09 21:02:14,ni2401,ni2401,165910.0,0.0,0.0,0.0,3,164940.0,166110.0,1,165900.0,166110.0,166110.0,165910.0,3.0,498090.0,915
2023-05-09 21:02:14,ni2401,ni2401,165910.0,0.0,0.0,0.0,3,164940.0,166100.0,1,165900.0,166110.0,166110.0,165910.0,3.0,498090.0,915
2023-05-09 21:02:15,ni2401,ni2401,165910.0,0.0,0.0,0.0,5,164940.0,166080.0,1,165900.0,166110.0,166110.0,165910.0,3.0,498090.0,915
2023-05-09 21:02:15,ni2401,ni2401,165910.0,0.0,0.0,0.0,5,164940.0,166070.0,1,165900.0,166110.0,166110.0,165910.0,3.0,498090.0,915
2023-05-09 21:02:16,ni2401,ni2401,165910.0,0.0,0.0,0.0,5,164940.0,166080.0,1,165900.0,166110.0,166110.0,165910.0,3.0,498090.0,915
2023-05-09 21:02:16,ni2401,ni2401,165910.0,0.0,0.0,0.0,1,164950.0,166080.0,1,165900.0,166110.0,166110.0,165910.0,3.0,498090.0,915
2023-05-09 21:02:17,ni2401,ni2401,165910.0,0.0,0.0,0.0,2,164970.0,166080.0,1,165900.0,166110.0,166110.0,165910.0,3.0,498090.0,915
2023-05-09 21:02:17,ni2401,ni2401,165910.0,0.0,0.0,0.0,1,164990.0,166050.0,1,165900.0,166110.0,166110.0,165910.0,3.0,498090.0,915
2023-05-09 21:02:18,ni2401,ni2401,165910.0,0.0,0.0,0.0,2,165010.0,166050.0,1,165900.0,166110.0,166110.0,165910.0,3.0,498090.0,915
2023-05-09 21:02:18,ni2401,ni2401,165910.0,0.0,0.0,0.0,2,165010.0,166050.0,1,165900.0,166110.0,166110.0,165910.0,3.0,498090.0,915
2023-05-09 21:02:19,ni2401,ni2401,165910.0,0.0,0.0,0.0,2,165010.0,166080.0,1,165900.0,166110.0,166110.0,165910.0,3.0,498090.0,915
2023-05-09 21:02:19,ni2401,ni2401,165910.0,0.0,0.0,0.0,4,165010.0,166080.0,1,165900.0,166110.0,166110.0,165910.0,3.0,498090.0,915
2023-05-09 21:02:21,ni2401,ni2401,165910.0,0.0,0.0,0.0,4,165010.0,166080.0,2,165900.0,166110.0,166110.0,165910.0,3.0,498090.0,915
2023-05-09 21:02:22,ni2401,ni2401,165910.0,0.0,0.0,0.0,4,165010.0,166070.0,1,165900.0,166110.0,166110.0,165910.0,3.0,498090.0,915
2023-05-09 21:02:22,ni2401,ni2401,165910.0,0.0,0.0,0.0,4,165010.0,166080.0,1,165900.0,166110.0,166110.0,165910.0,3.0,498090.0,915
2023-05-09 21:02:24,ni2401,ni2401,165910.0,0.0,0.0,0.0,4,165010.0,166510.0,2,165900.0,166110.0,166110.0,165910.0,3.0,498090.0,915
2023-05-09 21:02:24,ni2401,ni2401,165910.0,0.0,0.0,0.0,1,165020.0,166490.0,1,165900.0,166110.0,166110.0,165910.0,3.0,498090.0,915
2023-05-09 21:02:25,ni2401,ni2401,165910.0,0.0,0.0,0.0,2,165040.0,166480.0,24,165900.0,166110.0,166110.0,165910.0,3.0,498090.0,915
2023-05-09 21:02:25,ni2401,ni2401,165910.0,0.0,0.0,0.0,2,165040.0,166460.0,1,165900.0,166110.0,166110.0,165910.0,3.0,498090.0,915
2023-05-09 21:02:26,ni2401,ni2401,165910.0,0.0,0.0,0.0,4,165040.0,166450.0,40,165900.0,166110.0,166110.0,165910.0,3.0,498090.0,915
2023-05-09 21:02:26,ni2401,ni2401,165910.0,0.0,0.0,0.0,1,165050.0,166430.0,1,165900.0,166110.0,166110.0,165910.0,3.0,498090.0,915
2023-05-09 21:02:27,ni2401,ni2401,165910.0,0.0,0.0,0.0,2,165070.0,166420.0,20,165900.0,166110.0,166110.0,165910.0,3.0,498090.0,915
2023-05-09 21:02:27,ni2401,ni2401,165910.0,0.0,0.0,0.0,1,165090.0,166400.0,1,165900.0,166110.0,166110.0,165910.0,3.0,498090.0,915
2023-05-09 21:02:28,ni2401,ni2401,165910.0,0.0,0.0,0.0,2,165110.0,166390.0,1,165900.0,166110.0,166110.0,165910.0,3.0,498090.0,915
2023-05-09 21:02:28,ni2401,ni2401,165910.0,0.0,0.0,0.0,1,165130.0,166370.0,1,165900.0,166110.0,166110.0,165910.0,3.0,498090.0,915
2023-05-09 21:02:29,ni2401,ni2401,165910.0,0.0,0.0,0.0,2,165150.0,166290.0,1,165900.0,166110.0,166110.0,165910.0,3.0,498090.0,915
2023-05-09 21:02:29,ni2401,ni2401,165910.0,0.0,0.0,0.0,4,165150.0,166200.0,1,165900.0,166110.0,166110.0,165910.0,3.0,498090.0,915
2023-05-09 21:02:30,ni2401,ni2401,165910.0,0.0,0.0,0.0,1,165160.0,166200.0,1,165900.0,166110.0,166110.0,165910.0,3.0,498090.0,915
2023-05-09 21:02:30,ni2401,ni2401,165910.0,0.0,0.0,0.0,2,165180.0,166200.0,1,165900.0,166110.0,166110.0,165910.0,3.0,498090.0,915
2023-05-09 21:02:31,ni2401,ni2401,165910.0,0.0,0.0,0.0,1,165200.0,166200.0,1,165900.0,166110.0,166110.0,165910.0,3.0,498090.0,915
2023-05-09 21:02:31,ni2401,ni2401,165910.0,0.0,0.0,0.0,2,165220.0,166200.0,1,165900.0,166110.0,166110.0,165910.0,3.0,498090.0,915
2023-05-09 21:02:32,ni2401,ni2401,165910.0,0.0,0.0,0.0,2,165220.0,166200.0,1,165900.0,166110.0,166110.0,165910.0,3.0,498090.0,915
2023-05-09 21:02:32,ni2401,ni2401,165910.0,0.0,0.0,0.0,2,165220.0,166340.0,1,165900.0,166110.0,166110.0,165910.0,3.0,498090.0,915
2023-05-09 21:02:33,ni2401,ni2401,165910.0,0.0,0.0,0.0,4,165220.0,166200.0,1,165900.0,166110.0,166110.0,165910.0,3.0,498090.0,915
2023-05-09 21:02:33,ni2401,ni2401,165910.0,0.0,0.0,0.0,4,165220.0,166320.0,1,165900.0,166110.0,166110.0,165910.0,3.0,498090.0,915
2023-05-09 21:02:34,ni2401,ni2401,165910.0,0.0,0.0,0.0,4,165220.0,166310.0,1,165900.0,166110.0,166110.0,165910.0,3.0,498090.0,915
2023-05-09 21:02:34,ni2401,ni2401,165910.0,0.0,0.0,0.0,4,165220.0,166290.0,1,165900.0,166110.0,166110.0,165910.0,3.0,498090.0,915
2023-05-09 21:02:35,ni2401,ni2401,165910.0,0.0,0.0,0.0,4,165220.0,166250.0,1,165900.0,166110.0,166110.0,165910.0,3.0,498090.0,915
2023-05-09 21:02:35,ni2401,ni2401,165910.0,0.0,0.0,0.0,4,165220.0,166230.0,1,165900.0,166110.0,166110.0,165910.0,3.0,498090.0,915
2023-05-09 21:02:36,ni2401,ni2401,165910.0,0.0,0.0,0.0,4,165220.0,166230.0,1,165900.0,166110.0,166110.0,165910.0,3.0,498090.0,915
2023-05-09 21:02:36,ni2401,ni2401,165910.0,0.0,0.0,0.0,4,165220.0,166170.0,1,165900.0,166110.0,166110.0,165910.0,3.0,498090.0,915
2023-05-09 21:02:37,ni2401,ni2401,165910.0,0.0,0.0,0.0,4,165220.0,166170.0,1,165900.0,166110.0,166110.0,165910.0,3.0,498090.0,915
2023-05-09 21:02:40,ni2401,ni2401,165910.0,0.0,0.0,0.0,1,165230.0,166170.0,1,165900.0,166110.0,166110.0,165910.0,3.0,498090.0,915
2023-05-09 21:02:41,ni2401,ni2401,165910.0,0.0,0.0,0.0,2,165250.0,166170.0,2,165900.0,166110.0,166110.0,165910.0,3.0,498090.0,915
2023-05-09 21:02:41,ni2401,ni2401,165910.0,0.0,0.0,0.0,2,165250.0,166160.0,2,165900.0,166110.0,166110.0,165910.0,3.0,498090.0,915
2023-05-09 21:02:42,ni2401,ni2401,165910.0,0.0,0.0,0.0,2,165250.0,166160.0,2,165900.0,166110.0,166110.0,165910.0,3.0,498090.0,915
2023-05-09 21:02:42,ni2401,ni2401,165910.0,0.0,0.0,0.0,2,165250.0,166120.0,1,165900.0,166110.0,166110.0,165910.0,3.0,498090.0,915
2023-05-09 21:02:43,ni2401,ni2401,165910.0,0.0,0.0,0.0,2,165250.0,166090.0,1,165900.0,166110.0,166110.0,165910.0,3.0,498090.0,915
2023-05-09 21:02:43,ni2401,ni2401,165910.0,0.0,0.0,0.0,2,165250.0,166090.0,1,165900.0,166110.0,166110.0,165910.0,3.0,498090.0,915
2023-05-09 21:02:44,ni2401,ni2401,165910.0,0.0,0.0,0.0,2,165250.0,166000.0,1,165900.0,166110.0,166110.0,165910.0,3.0,498090.0,915
2023-05-09 21:02:44,ni2401,ni2401,165910.0,0.0,0.0,0.0,2,165250.0,165970.0,1,165900.0,166110.0,166110.0,165910.0,3.0,498090.0,915
2023-05-09 21:02:45,ni2401,ni2401,165910.0,0.0,0.0,0.0,4,165250.0,165970.0,1,165900.0,166110.0,166110.0,165910.0,3.0,498090.0,915
2023-05-09 21:02:46,ni2401,ni2401,165910.0,0.0,0.0,0.0,2,165250.0,165970.0,1,165900.0,166110.0,166110.0,165910.0,3.0,498090.0,915
2023-05-09 21:02:47,ni2401,ni2401,165910.0,0.0,0.0,0.0,4,165250.0,166040.0,1,165900.0,166110.0,166110.0,165910.0,3.0,498090.0,915
2023-05-09 21:02:49,ni2401,ni2401,165910.0,0.0,0.0,0.0,2,165250.0,166040.0,1,165900.0,166110.0,166110.0,165910.0,3.0,498090.0,915
2023-05-09 21:02:51,ni2401,ni2401,165910.0,0.0,0.0,0.0,4,165250.0,166040.0,1,165900.0,166110.0,166110.0,165910.0,3.0,498090.0,915
2023-05-09 21:02:52,ni2401,ni2401,165910.0,0.0,0.0,0.0,4,165250.0,166030.0,1,165900.0,166110.0,166110.0,165910.0,3.0,498090.0,915
2023-05-09 21:02:52,ni2401,ni2401,165910.0,0.0,0.0,0.0,1,165280.0,166030.0,1,165900.0,166110.0,166110.0,165910.0,3.0,498090.0,915
2023-05-09 21:02:53,ni2401,ni2401,165910.0,0.0,0.0,0.0,2,165300.0,166010.0,1,165900.0,166110.0,166110.0,165910.0,3.0,498090.0,915
2023-05-09 21:02:55,ni2401,ni2401,165910.0,0.0,0.0,0.0,2,165300.0,165980.0,1,165900.0,166110.0,166110.0,165910.0,3.0,498090.0,915
2023-05-09 21:02:57,ni2401,ni2401,165910.0,0.0,0.0,0.0,2,165300.0,165950.0,1,165900.0,166110.0,166110.0,165910.0,3.0,498090.0,915
2023-05-09 21:02:59,ni2401,ni2401,165910.0,0.0,0.0,0.0,1,165310.0,165950.0,1,165900.0,166110.0,166110.0,165910.0,3.0,498090.0,915
2023-05-09 21:02:59,ni2401,ni2401,165910.0,0.0,0.0,0.0,2,165320.0,165980.0,1,165900.0,166110.0,166110.0,165910.0,3.0,498090.0,915
2023-05-09 21:03:00,ni2401,ni2401,165910.0,0.0,0.0,0.0,2,165320.0,165980.0,1,165900.0,166110.0,166110.0,165910.0,3.0,498090.0,915
2023-05-09 21:03:01,ni2401,ni2401,165910.0,0.0,0.0,0.0,1,165330.0,165970.0,3,165900.0,166110.0,166110.0,165910.0,3.0,498090.0,915
2023-05-09 21:03:01,ni2401,ni2401,165910.0,0.0,0.0,0.0,2,165350.0,165970.0,3,165900.0,166110.0,166110.0,165910.0,3.0,498090.0,915
2023-05-09 21:03:02,ni2401,ni2401,165910.0,0.0,0.0,0.0,2,165350.0,165970.0,3,165900.0,166110.0,166110.0,165910.0,3.0,498090.0,915
2023-05-09 21:03:03,ni2401,ni2401,165910.0,0.0,0.0,0.0,2,165350.0,165970.0,3,165900.0,166110.0,166110.0,165910.0,3.0,498090.0,915
2023-05-09 21:03:03,ni2401,ni2401,165910.0,0.0,0.0,0.0,2,165350.0,166120.0,1,165900.0,166110.0,166110.0,165910.0,3.0,498090.0,915
2023-05-09 21:03:04,ni2401,ni2401,165910.0,0.0,0.0,0.0,2,165350.0,166120.0,2,165900.0,166110.0,166110.0,165910.0,3.0,498090.0,915
2023-05-09 21:03:04,ni2401,ni2401,165910.0,0.0,0.0,0.0,2,165350.0,166110.0,4,165900.0,166110.0,166110.0,165910.0,3.0,498090.0,915
2023-05-09 21:03:09,ni2401,ni2401,165910.0,0.0,0.0,0.0,2,165350.0,166110.0,4,165900.0,166110.0,166110.0,165910.0,3.0,498090.0,915
2023-05-09 21:03:09,ni2401,ni2401,165910.0,0.0,0.0,0.0,4,165350.0,166110.0,4,165900.0,166110.0,166110.0,165910.0,3.0,498090.0,915
2023-05-09 21:03:10,ni2401,ni2401,165910.0,0.0,0.0,0.0,2,165350.0,166110.0,4,165900.0,166110.0,166110.0,165910.0,3.0,498090.0,915
2023-05-09 21:03:13,ni2401,ni2401,165910.0,0.0,0.0,0.0,2,165350.0,165910.0,1,165900.0,166110.0,166110.0,165910.0,3.0,498090.0,915
2023-05-09 21:03:14,ni2401,ni2401,165910.0,0.0,0.0,0.0,2,165360.0,165910.0,1,165900.0,166110.0,166110.0,165910.0,3.0,498090.0,915
2023-05-09 21:03:14,ni2401,ni2401,165910.0,0.0,0.0,0.0,2,165380.0,165910.0,1,165900.0,166110.0,166110.0,165910.0,3.0,498090.0,915
2023-05-09 21:03:15,ni2401,ni2401,165910.0,0.0,0.0,0.0,2,165380.0,165900.0,3,165900.0,166110.0,166110.0,165910.0,3.0,498090.0,915
2023-05-09 21:03:16,ni2401,ni2401,165910.0,0.0,0.0,0.0,2,165380.0,165890.0,1,165900.0,166110.0,166110.0,165910.0,3.0,498090.0,915
2023-05-09 21:03:17,ni2401,ni2401,165910.0,0.0,0.0,0.0,2,165380.0,165890.0,1,165900.0,166110.0,166110.0,165910.0,3.0,498090.0,915
2023-05-09 21:03:17,ni2401,ni2401,165910.0,0.0,0.0,0.0,2,165380.0,165870.0,3,165900.0,166110.0,166110.0,165910.0,3.0,498090.0,915
2023-05-09 21:03:18,ni2401,ni2401,165910.0,0.0,0.0,0.0,2,165380.0,165870.0,3,165900.0,166110.0,166110.0,165910.0,3.0,498090.0,915
2023-05-09 21:03:19,ni2401,ni2401,165910.0,0.0,0.0,0.0,2,165380.0,165860.0,1,165900.0,166110.0,166110.0,165910.0,3.0,498090.0,915
2023-05-09 21:03:20,ni2401,ni2401,165910.0,0.0,0.0,0.0,2,165380.0,165860.0,1,165900.0,166110.0,166110.0,165910.0,3.0,498090.0,915
2023-05-09 21:03:20,ni2401,ni2401,165910.0,0.0,0.0,0.0,2,165380.0,165820.0,3,165900.0,166110.0,166110.0,165910.0,3.0,498090.0,915
2023-05-09 21:03:22,ni2401,ni2401,165910.0,0.0,0.0,0.0,2,165380.0,165800.0,1,165900.0,166110.0,166110.0,165910.0,3.0,498090.0,915
2023-05-09 21:03:23,ni2401,ni2401,165910.0,0.0,0.0,0.0,2,165380.0,165800.0,1,165900.0,166110.0,166110.0,165910.0,3.0,498090.0,915
2023-05-09 21:03:23,ni2401,ni2401,165910.0,0.0,0.0,0.0,2,165380.0,165790.0,3,165900.0,166110.0,166110.0,165910.0,3.0,498090.0,915
2023-05-09 21:03:25,ni2401,ni2401,165910.0,0.0,0.0,0.0,2,165380.0,165770.0,1,165900.0,166110.0,166110.0,165910.0,3.0,498090.0,915
2023-05-09 21:03:26,ni2401,ni2401,165910.0,0.0,0.0,0.0,2,165380.0,165770.0,1,165900.0,166110.0,166110.0,165910.0,3.0,498090.0,915
2023-05-09 21:03:26,ni2401,ni2401,165910.0,0.0,0.0,0.0,2,165380.0,165760.0,3,165900.0,166110.0,166110.0,165910.0,3.0,498090.0,915
2023-05-09 21:03:28,ni2401,ni2401,165910.0,0.0,0.0,0.0,2,165380.0,165760.0,3,165900.0,166110.0,166110.0,165910.0,3.0,498090.0,915
2023-05-09 21:03:29,ni2401,ni2401,165910.0,0.0,0.0,0.0,2,165380.0,165750.0,1,165900.0,166110.0,166110.0,165910.0,3.0,498090.0,915
2023-05-09 21:03:30,ni2401,ni2401,165910.0,0.0,0.0,0.0,2,165360.0,165750.0,1,165900.0,166110.0,166110.0,165910.0,3.0,498090.0,915
2023-05-09 21:03:30,ni2401,ni2401,165910.0,0.0,0.0,0.0,2,165360.0,165730.0,3,165900.0,166110.0,166110.0,165910.0,3.0,498090.0,915
2023-05-09 21:03:31,ni2401,ni2401,165910.0,0.0,0.0,0.0,2,165360.0,165690.0,1,165900.0,166110.0,166110.0,165910.0,3.0,498090.0,915
2023-05-09 21:03:32,ni2401,ni2401,165910.0,0.0,0.0,0.0,1,165280.0,165910.0,2,165900.0,166110.0,166110.0,165910.0,3.0,498090.0,915
2023-05-09 21:03:32,ni2401,ni2401,165910.0,0.0,0.0,0.0,1,165280.0,165680.0,3,165900.0,166110.0,166110.0,165910.0,3.0,498090.0,915
2023-05-09 21:03:33,ni2401,ni2401,165910.0,0.0,0.0,0.0,1,165280.0,165680.0,3,165900.0,166110.0,166110.0,165910.0,3.0,498090.0,915
2023-05-09 21:03:33,ni2401,ni2401,165910.0,0.0,0.0,0.0,1,165280.0,165670.0,1,165900.0,166110.0,166110.0,165910.0,3.0,498090.0,915
2023-05-09 21:03:36,ni2401,ni2401,165910.0,0.0,0.0,0.0,1,165280.0,165680.0,3,165900.0,166110.0,166110.0,165910.0,3.0,498090.0,915
2023-05-09 21:03:37,ni2401,ni2401,165910.0,0.0,0.0,0.0,1,165280.0,165900.0,1,165900.0,166110.0,166110.0,165910.0,3.0,498090.0,915
2023-05-09 21:03:37,ni2401,ni2401,165910.0,0.0,0.0,0.0,2,165290.0,165670.0,3,165900.0,166110.0,166110.0,165910.0,3.0,498090.0,915
2023-05-09 21:03:38,ni2401,ni2401,165910.0,0.0,0.0,0.0,2,165290.0,165670.0,3,165900.0,166110.0,166110.0,165910.0,3.0,498090.0,915
2023-05-09 21:03:39,ni2401,ni2401,165670.0,1.0,165670.0,0.0,2,165290.0,165670.0,2,165900.0,166110.0,166110.0,165670.0,4.0,663760.0,915
2023-05-09 21:03:39,ni2401,ni2401,165670.0,0.0,0.0,0.0,2,165290.0,165670.0,2,165900.0,166110.0,166110.0,165670.0,4.0,663760.0,915
2023-05-09 21:03:48,ni2401,ni2401,165670.0,0.0,0.0,0.0,4,165290.0,165670.0,2,165900.0,166110.0,166110.0,165670.0,4.0,663760.0,915
2023-05-09 21:03:50,ni2401,ni2401,165670.0,0.0,0.0,0.0,2,165290.0,165670.0,2,165900.0,166110.0,166110.0,165670.0,4.0,663760.0,915
2023-05-09 21:03:50,ni2401,ni2401,165670.0,0.0,0.0,0.0,2,165290.0,165910.0,2,165900.0,166110.0,166110.0,165670.0,4.0,663760.0,915
2023-05-09 21:03:51,ni2401,ni2401,165670.0,0.0,0.0,0.0,2,165290.0,165900.0,1,165900.0,166110.0,166110.0,165670.0,4.0,663760.0,915
2023-05-09 21:03:53,ni2401,ni2401,165670.0,0.0,0.0,0.0,2,165290.0,165900.0,1,165900.0,166110.0,166110.0,165670.0,4.0,663760.0,915
2023-05-09 21:03:54,ni2401,ni2401,165670.0,0.0,0.0,0.0,2,165290.0,165880.0,1,165900.0,166110.0,166110.0,165670.0,4.0,663760.0,915
2023-05-09 21:03:54,ni2401,ni2401,165670.0,0.0,0.0,0.0,2,165290.0,165860.0,1,165900.0,166110.0,166110.0,165670.0,4.0,663760.0,915
2023-05-09 21:03:56,ni2401,ni2401,165670.0,0.0,0.0,0.0,2,165290.0,165880.0,1,165900.0,166110.0,166110.0,165670.0,4.0,663760.0,915
2023-05-09 21:03:56,ni2401,ni2401,165670.0,0.0,0.0,0.0,2,165290.0,165830.0,1,165900.0,166110.0,166110.0,165670.0,4.0,663760.0,915
2023-05-09 21:03:57,ni2401,ni2401,165670.0,0.0,0.0,0.0,2,165290.0,165830.0,2,165900.0,166110.0,166110.0,165670.0,4.0,663760.0,915
2023-05-09 21:03:58,ni2401,ni2401,165670.0,0.0,0.0,0.0,2,165300.0,165830.0,2,165900.0,166110.0,166110.0,165670.0,4.0,663760.0,915
2023-05-09 21:03:59,ni2401,ni2401,165670.0,0.0,0.0,0.0,1,165310.0,165820.0,2,165900.0,166110.0,166110.0,165670.0,4.0,663760.0,915
2023-05-09 21:04:00,ni2401,ni2401,165670.0,0.0,0.0,0.0,1,165310.0,165820.0,2,165900.0,166110.0,166110.0,165670.0,4.0,663760.0,915
2023-05-09 21:04:00,ni2401,ni2401,165670.0,0.0,0.0,0.0,1,165310.0,165820.0,2,165900.0,166110.0,166110.0,165670.0,4.0,663760.0,915
2023-05-09 21:04:12,ni2401,ni2401,165670.0,0.0,0.0,0.0,2,165330.0,165820.0,2,165900.0,166110.0,166110.0,165670.0,4.0,663760.0,915
2023-05-09 21:04:13,ni2401,ni2401,165670.0,0.0,0.0,0.0,2,165330.0,165820.0,2,165900.0,166110.0,166110.0,165670.0,4.0,663760.0,915
2023-05-09 21:04:14,ni2401,ni2401,165670.0,0.0,0.0,0.0,1,165340.0,165830.0,1,165900.0,166110.0,166110.0,165670.0,4.0,663760.0,915
2023-05-09 21:04:16,ni2401,ni2401,165670.0,0.0,0.0,0.0,2,165350.0,165830.0,1,165900.0,166110.0,166110.0,165670.0,4.0,663760.0,915
2023-05-09 21:04:16,ni2401,ni2401,165670.0,0.0,0.0,0.0,2,165350.0,165830.0,1,165900.0,166110.0,166110.0,165670.0,4.0,663760.0,915
2023-05-09 21:04:17,ni2401,ni2401,165670.0,0.0,0.0,0.0,1,165390.0,165830.0,1,165900.0,166110.0,166110.0,165670.0,4.0,663760.0,915
2023-05-09 21:04:21,ni2401,ni2401,165670.0,0.0,0.0,0.0,2,165350.0,165830.0,1,165900.0,166110.0,166110.0,165670.0,4.0,663760.0,915
2023-05-09 21:04:21,ni2401,ni2401,165670.0,0.0,0.0,0.0,3,165350.0,165810.0,1,165900.0,166110.0,166110.0,165670.0,4.0,663760.0,915
2023-05-09 21:04:27,ni2401,ni2401,165670.0,0.0,0.0,0.0,3,165350.0,165810.0,1,165900.0,166110.0,166110.0,165670.0,4.0,663760.0,915
2023-05-09 21:04:28,ni2401,ni2401,165670.0,0.0,0.0,0.0,1,165350.0,165810.0,1,165900.0,166110.0,166110.0,165670.0,4.0,663760.0,915
2023-05-09 21:04:30,ni2401,ni2401,165670.0,0.0,0.0,0.0,1,165350.0,165830.0,1,165900.0,166110.0,166110.0,165670.0,4.0,663760.0,915
2023-05-09 21:04:31,ni2401,ni2401,165670.0,0.0,0.0,0.0,1,165350.0,165820.0,2,165900.0,166110.0,166110.0,165670.0,4.0,663760.0,915
2023-05-09 21:04:32,ni2401,ni2401,165670.0,0.0,0.0,0.0,1,165350.0,165820.0,2,165900.0,166110.0,166110.0,165670.0,4.0,663760.0,915
2023-05-09 21:04:35,ni2401,ni2401,165670.0,0.0,0.0,0.0,1,165350.0,165820.0,2,165900.0,166110.0,166110.0,165670.0,4.0,663760.0,915
2023-05-09 21:04:37,ni2401,ni2401,165670.0,0.0,0.0,0.0,1,165350.0,165790.0,1,165900.0,166110.0,166110.0,165670.0,4.0,663760.0,915
2023-05-09 21:04:38,ni2401,ni2401,165670.0,0.0,0.0,0.0,1,165350.0,165760.0,1,165900.0,166110.0,166110.0,165670.0,4.0,663760.0,915
2023-05-09 21:04:38,ni2401,ni2401,165670.0,0.0,0.0,0.0,1,165350.0,165760.0,1,165900.0,166110.0,166110.0,165670.0,4.0,663760.0,915
2023-05-09 21:04:39,ni2401,ni2401,165670.0,0.0,0.0,0.0,1,165350.0,165760.0,1,165900.0,166110.0,166110.0,165670.0,4.0,663760.0,915
2023-05-09 21:04:39,ni2401,ni2401,165670.0,0.0,0.0,0.0,1,165350.0,165750.0,2,165900.0,166110.0,166110.0,165670.0,4.0,663760.0,915
2023-05-09 21:04:40,ni2401,ni2401,165670.0,0.0,0.0,0.0,1,165350.0,165720.0,1,165900.0,166110.0,166110.0,165670.0,4.0,663760.0,915
2023-05-09 21:04:41,ni2401,ni2401,165670.0,0.0,0.0,0.0,1,165350.0,165720.0,1,165900.0,166110.0,166110.0,165670.0,4.0,663760.0,915
2023-05-09 21:04:41,ni2401,ni2401,165670.0,0.0,0.0,0.0,1,165350.0,165720.0,1,165900.0,166110.0,166110.0,165670.0,4.0,663760.0,915
2023-05-09 21:04:42,ni2401,ni2401,165670.0,0.0,0.0,0.0,1,165350.0,165710.0,2,165900.0,166110.0,166110.0,165670.0,4.0,663760.0,915
2023-05-09 21:04:42,ni2401,ni2401,165670.0,0.0,0.0,0.0,1,165350.0,165710.0,2,165900.0,166110.0,166110.0,165670.0,4.0,663760.0,915
2023-05-09 21:04:43,ni2401,ni2401,165670.0,0.0,0.0,0.0,1,165350.0,165710.0,4,165900.0,166110.0,166110.0,165670.0,4.0,663760.0,915
2023-05-09 21:04:43,ni2401,ni2401,165670.0,0.0,0.0,0.0,1,165350.0,165680.0,1,165900.0,166110.0,166110.0,165670.0,4.0,663760.0,915
2023-05-09 21:04:46,ni2401,ni2401,165670.0,0.0,0.0,0.0,1,165350.0,165680.0,1,165900.0,166110.0,166110.0,165670.0,4.0,663760.0,915
2023-05-09 21:04:48,ni2401,ni2401,165670.0,0.0,0.0,0.0,1,165350.0,165680.0,1,165900.0,166110.0,166110.0,165670.0,4.0,663760.0,915
2023-05-09 21:04:48,ni2401,ni2401,165670.0,0.0,0.0,0.0,1,165350.0,165670.0,2,165900.0,166110.0,166110.0,165670.0,4.0,663760.0,915
2023-05-09 21:04:49,ni2401,ni2401,165670.0,0.0,0.0,0.0,1,165350.0,165670.0,2,165900.0,166110.0,166110.0,165670.0,4.0,663760.0,915
2023-05-09 21:04:52,ni2401,ni2401,165670.0,0.0,0.0,0.0,1,165350.0,165670.0,2,165900.0,166110.0,166110.0,165670.0,4.0,663760.0,915
2023-05-09 21:04:53,ni2401,ni2401,165670.0,0.0,0.0,0.0,1,165350.0,165670.0,2,165900.0,166110.0,166110.0,165670.0,4.0,663760.0,915
2023-05-09 21:04:53,ni2401,ni2401,165670.0,0.0,0.0,0.0,1,165350.0,165660.0,1,165900.0,166110.0,166110.0,165670.0,4.0,663760.0,915
2023-05-09 21:04:54,ni2401,ni2401,165670.0,0.0,0.0,0.0,1,165350.0,165660.0,1,165900.0,166110.0,166110.0,165670.0,4.0,663760.0,915
2023-05-09 21:04:55,ni2401,ni2401,165670.0,0.0,0.0,0.0,1,165350.0,165640.0,2,165900.0,166110.0,166110.0,165670.0,4.0,663760.0,915
2023-05-09 21:04:56,ni2401,ni2401,165670.0,0.0,0.0,0.0,1,165350.0,165660.0,1,165900.0,166110.0,166110.0,165670.0,4.0,663760.0,915
2023-05-09 21:04:57,ni2401,ni2401,165670.0,0.0,0.0,0.0,1,165350.0,165660.0,2,165900.0,166110.0,166110.0,165670.0,4.0,663760.0,915
2023-05-09 21:05:02,ni2401,ni2401,165670.0,0.0,0.0,0.0,1,165350.0,165650.0,2,165900.0,166110.0,166110.0,165670.0,4.0,663760.0,915
2023-05-09 21:05:08,ni2401,ni2401,165670.0,0.0,0.0,0.0,1,165350.0,165650.0,3,165900.0,166110.0,166110.0,165670.0,4.0,663760.0,915
2023-05-09 21:05:09,ni2401,ni2401,165670.0,0.0,0.0,0.0,1,165350.0,165650.0,2,165900.0,166110.0,166110.0,165670.0,4.0,663760.0,915
2023-05-09 21:05:10,ni2401,ni2401,165670.0,0.0,0.0,0.0,1,165350.0,165630.0,1,165900.0,166110.0,166110.0,165670.0,4.0,663760.0,915
2023-05-09 21:05:11,ni2401,ni2401,165670.0,0.0,0.0,0.0,1,165350.0,165630.0,1,165900.0,166110.0,166110.0,165670.0,4.0,663760.0,915
2023-05-09 21:05:11,ni2401,ni2401,165670.0,0.0,0.0,0.0,1,165350.0,165620.0,2,165900.0,166110.0,166110.0,165670.0,4.0,663760.0,915
2023-05-09 21:05:13,ni2401,ni2401,165670.0,0.0,0.0,0.0,1,165350.0,165620.0,2,165900.0,166110.0,166110.0,165670.0,4.0,663760.0,915
2023-05-09 21:05:23,ni2401,ni2401,165670.0,0.0,0.0,0.0,1,165350.0,165630.0,2,165900.0,166110.0,166110.0,165670.0,4.0,663760.0,915
2023-05-09 21:05:31,ni2401,ni2401,165670.0,0.0,0.0,0.0,1,165350.0,165630.0,2,165900.0,166110.0,166110.0,165670.0,4.0,663760.0,915
2023-05-09 21:05:33,ni2401,ni2401,165670.0,0.0,0.0,0.0,1,165350.0,165630.0,2,165900.0,166110.0,166110.0,165670.0,4.0,663760.0,915
2023-05-09 21:05:37,ni2401,ni2401,165670.0,0.0,0.0,0.0,1,165350.0,165630.0,2,165900.0,166110.0,166110.0,165670.0,4.0,663760.0,915
2023-05-09 21:05:38,ni2401,ni2401,165670.0,0.0,0.0,0.0,1,165350.0,165630.0,2,165900.0,166110.0,166110.0,165670.0,4.0,663760.0,915
2023-05-09 21:05:40,ni2401,ni2401,165670.0,0.0,0.0,0.0,1,165350.0,165620.0,1,165900.0,166110.0,166110.0,165670.0,4.0,663760.0,915
2023-05-09 21:05:41,ni2401,ni2401,165670.0,0.0,0.0,0.0,1,165350.0,165620.0,2,165900.0,166110.0,166110.0,165670.0,4.0,663760.0,915
2023-05-09 21:05:41,ni2401,ni2401,165670.0,0.0,0.0,0.0,1,165350.0,165630.0,2,165900.0,166110.0,166110.0,165670.0,4.0,663760.0,915
2023-05-09 21:05:42,ni2401,ni2401,165670.0,0.0,0.0,0.0,1,165350.0,165620.0,2,165900.0,166110.0,166110.0,165670.0,4.0,663760.0,915
2023-05-09 21:05:43,ni2401,ni2401,165670.0,0.0,0.0,0.0,1,165350.0,165630.0,2,165900.0,166110.0,166110.0,165670.0,4.0,663760.0,915
2023-05-09 21:05:43,ni2401,ni2401,165670.0,0.0,0.0,0.0,1,165350.0,165630.0,3,165900.0,166110.0,166110.0,165670.0,4.0,663760.0,915
2023-05-09 21:05:44,ni2401,ni2401,165670.0,0.0,0.0,0.0,1,165350.0,165620.0,2,165900.0,166110.0,166110.0,165670.0,4.0,663760.0,915
2023-05-09 21:05:45,ni2401,ni2401,165670.0,0.0,0.0,0.0,1,165350.0,165610.0,1,165900.0,166110.0,166110.0,165670.0,4.0,663760.0,915
2023-05-09 21:05:46,ni2401,ni2401,165670.0,0.0,0.0,0.0,1,165350.0,165630.0,2,165900.0,166110.0,166110.0,165670.0,4.0,663760.0,915
2023-05-09 21:05:46,ni2401,ni2401,165670.0,0.0,0.0,0.0,1,165350.0,165590.0,2,165900.0,166110.0,166110.0,165670.0,4.0,663760.0,915
2023-05-09 21:05:47,ni2401,ni2401,165670.0,0.0,0.0,0.0,1,165350.0,165590.0,2,165900.0,166110.0,166110.0,165670.0,4.0,663760.0,915
2023-05-09 21:05:49,ni2401,ni2401,165670.0,0.0,0.0,0.0,1,165350.0,165550.0,1,165900.0,166110.0,166110.0,165670.0,4.0,663760.0,915
2023-05-09 21:05:51,ni2401,ni2401,165670.0,0.0,0.0,0.0,1,165350.0,165590.0,2,165900.0,166110.0,166110.0,165670.0,4.0,663760.0,915
2023-05-09 21:05:52,ni2401,ni2401,165670.0,0.0,0.0,0.0,1,165350.0,165560.0,1,165900.0,166110.0,166110.0,165670.0,4.0,663760.0,915
2023-05-09 21:05:53,ni2401,ni2401,165670.0,0.0,0.0,0.0,1,165350.0,165560.0,1,165900.0,166110.0,166110.0,165670.0,4.0,663760.0,915
2023-05-09 21:05:53,ni2401,ni2401,165670.0,0.0,0.0,0.0,1,165350.0,165550.0,2,165900.0,166110.0,166110.0,165670.0,4.0,663760.0,915
2023-05-09 21:05:54,ni2401,ni2401,165670.0,0.0,0.0,0.0,1,165350.0,165550.0,2,165900.0,166110.0,166110.0,165670.0,4.0,663760.0,915
2023-05-09 21:06:00,ni2401,ni2401,165670.0,0.0,0.0,0.0,1,165350.0,165630.0,2,165900.0,166110.0,166110.0,165670.0,4.0,663760.0,915
2023-05-09 21:06:00,ni2401,ni2401,165670.0,0.0,0.0,0.0,1,165350.0,165620.0,1,165900.0,166110.0,166110.0,165670.0,4.0,663760.0,915
2023-05-09 21:06:02,ni2401,ni2401,165670.0,0.0,0.0,0.0,1,165350.0,165630.0,2,165900.0,166110.0,166110.0,165670.0,4.0,663760.0,915
2023-05-09 21:06:03,ni2401,ni2401,165670.0,0.0,0.0,0.0,1,165350.0,165630.0,2,165900.0,166110.0,166110.0,165670.0,4.0,663760.0,915
2023-05-09 21:06:04,ni2401,ni2401,165670.0,0.0,0.0,0.0,1,165350.0,165620.0,1,165900.0,166110.0,166110.0,165670.0,4.0,663760.0,915
2023-05-09 21:06:05,ni2401,ni2401,165670.0,0.0,0.0,0.0,1,165350.0,165630.0,2,165900.0,166110.0,166110.0,165670.0,4.0,663760.0,915
2023-05-09 21:06:06,ni2401,ni2401,165670.0,0.0,0.0,0.0,1,165350.0,165620.0,1,165900.0,166110.0,166110.0,165670.0,4.0,663760.0,915
2023-05-09 21:06:14,ni2401,ni2401,165670.0,0.0,0.0,0.0,1,165350.0,165620.0,1,165900.0,166110.0,166110.0,165670.0,4.0,663760.0,915
2023-05-09 21:06:14,ni2401,ni2401,165670.0,0.0,0.0,0.0,1,165350.0,165610.0,2,165900.0,166110.0,166110.0,165670.0,4.0,663760.0,915
2023-05-09 21:06:16,ni2401,ni2401,165670.0,0.0,0.0,0.0,1,165350.0,165610.0,2,165900.0,166110.0,166110.0,165670.0,4.0,663760.0,915
2023-05-09 21:06:20,ni2401,ni2401,165670.0,0.0,0.0,0.0,1,165350.0,165600.0,1,165900.0,166110.0,166110.0,165670.0,4.0,663760.0,915
2023-05-09 21:06:21,ni2401,ni2401,165670.0,0.0,0.0,0.0,1,165350.0,165600.0,1,165900.0,166110.0,166110.0,165670.0,4.0,663760.0,915
2023-05-09 21:06:22,ni2401,ni2401,165670.0,0.0,0.0,0.0,1,165350.0,165590.0,2,165900.0,166110.0,166110.0,165670.0,4.0,663760.0,915
2023-05-09 21:06:24,ni2401,ni2401,165670.0,0.0,0.0,0.0,1,165350.0,165590.0,2,165900.0,166110.0,166110.0,165670.0,4.0,663760.0,915
2023-05-09 21:06:24,ni2401,ni2401,165670.0,0.0,0.0,0.0,1,165350.0,165590.0,2,165900.0,166110.0,166110.0,165670.0,4.0,663760.0,915
2023-05-09 21:06:25,ni2401,ni2401,165670.0,0.0,0.0,0.0,1,165350.0,165590.0,2,165900.0,166110.0,166110.0,165670.0,4.0,663760.0,915
2023-05-09 21:06:29,ni2401,ni2401,165670.0,0.0,0.0,0.0,1,165350.0,165630.0,2,165900.0,166110.0,166110.0,165670.0,4.0,663760.0,915
2023-05-09 21:06:29,ni2401,ni2401,165670.0,0.0,0.0,0.0,1,165350.0,165620.0,1,165900.0,166110.0,166110.0,165670.0,4.0,663760.0,915
2023-05-09 21:06:32,ni2401,ni2401,165670.0,0.0,0.0,0.0,1,165350.0,165620.0,1,165900.0,166110.0,166110.0,165670.0,4.0,663760.0,915
2023-05-09 21:06:35,ni2401,ni2401,165670.0,0.0,0.0,0.0,1,165350.0,165620.0,2,165900.0,166110.0,166110.0,165670.0,4.0,663760.0,915
2023-05-09 21:06:36,ni2401,ni2401,165670.0,0.0,0.0,0.0,1,165350.0,165630.0,2,165900.0,166110.0,166110.0,165670.0,4.0,663760.0,915
2023-05-09 21:06:36,ni2401,ni2401,165670.0,0.0,0.0,0.0,1,165350.0,165620.0,1,165900.0,166110.0,166110.0,165670.0,4.0,663760.0,915
2023-05-09 21:06:37,ni2401,ni2401,165670.0,0.0,0.0,0.0,1,165350.0,165620.0,2,165900.0,166110.0,166110.0,165670.0,4.0,663760.0,915
2023-05-09 21:06:37,ni2401,ni2401,165670.0,0.0,0.0,0.0,1,165350.0,165620.0,1,165900.0,166110.0,166110.0,165670.0,4.0,663760.0,915
2023-05-09 21:06:43,ni2401,ni2401,165670.0,0.0,0.0,0.0,1,165350.0,165630.0,2,165900.0,166110.0,166110.0,165670.0,4.0,663760.0,915
2023-05-09 21:06:44,ni2401,ni2401,165670.0,0.0,0.0,0.0,1,165350.0,165620.0,3,165900.0,166110.0,166110.0,165670.0,4.0,663760.0,915
2023-05-09 21:07:00,ni2401,ni2401,165670.0,0.0,0.0,0.0,1,165350.0,165620.0,4,165900.0,166110.0,166110.0,165670.0,4.0,663760.0,915
2023-05-09 21:07:00,ni2401,ni2401,165670.0,0.0,0.0,0.0,1,165350.0,165620.0,3,165900.0,166110.0,166110.0,165670.0,4.0,663760.0,915
2023-05-09 21:07:01,ni2401,ni2401,165670.0,0.0,0.0,0.0,1,165350.0,165620.0,4,165900.0,166110.0,166110.0,165670.0,4.0,663760.0,915
2023-05-09 21:07:01,ni2401,ni2401,165670.0,0.0,0.0,0.0,1,165350.0,165610.0,1,165900.0,166110.0,166110.0,165670.0,4.0,663760.0,915
2023-05-09 21:07:02,ni2401,ni2401,165670.0,0.0,0.0,0.0,1,165350.0,165610.0,1,165900.0,166110.0,166110.0,165670.0,4.0,663760.0,915
2023-05-09 21:07:03,ni2401,ni2401,165670.0,0.0,0.0,0.0,1,165350.0,165600.0,2,165900.0,166110.0,166110.0,165670.0,4.0,663760.0,915
2023-05-09 21:07:03,ni2401,ni2401,165670.0,0.0,0.0,0.0,1,165350.0,165600.0,3,165900.0,166110.0,166110.0,165670.0,4.0,663760.0,915
2023-05-09 21:07:04,ni2401,ni2401,165670.0,0.0,0.0,0.0,1,165350.0,165600.0,2,165900.0,166110.0,166110.0,165670.0,4.0,663760.0,915
2023-05-09 21:07:08,ni2401,ni2401,165610.0,1.0,165610.0,-1.0,1,165350.0,165600.0,1,165900.0,166110.0,166110.0,165610.0,5.0,829370.0,914
2023-05-09 21:07:09,ni2401,ni2401,165610.0,0.0,0.0,0.0,1,165350.0,165630.0,2,165900.0,166110.0,166110.0,165610.0,5.0,829370.0,914
2023-05-09 21:07:10,ni2401,ni2401,165610.0,0.0,0.0,0.0,1,165350.0,165620.0,2,165900.0,166110.0,166110.0,165610.0,5.0,829370.0,914
2023-05-09 21:07:13,ni2401,ni2401,165610.0,0.0,0.0,0.0,1,165350.0,165610.0,1,165900.0,166110.0,166110.0,165610.0,5.0,829370.0,914
2023-05-09 21:07:13,ni2401,ni2401,165610.0,0.0,0.0,0.0,1,165350.0,165600.0,1,165900.0,166110.0,166110.0,165610.0,5.0,829370.0,914
2023-05-09 21:07:14,ni2401,ni2401,165610.0,0.0,0.0,0.0,1,165350.0,165600.0,1,165900.0,166110.0,166110.0,165610.0,5.0,829370.0,914
2023-05-09 21:07:15,ni2401,ni2401,165610.0,0.0,0.0,0.0,1,165350.0,165610.0,1,165900.0,166110.0,166110.0,165610.0,5.0,829370.0,914
2023-05-09 21:07:15,ni2401,ni2401,165610.0,0.0,0.0,0.0,1,165350.0,165610.0,2,165900.0,166110.0,166110.0,165610.0,5.0,829370.0,914
2023-05-09 21:07:16,ni2401,ni2401,165610.0,0.0,0.0,0.0,1,165350.0,165600.0,1,165900.0,166110.0,166110.0,165610.0,5.0,829370.0,914
2023-05-09 21:07:16,ni2401,ni2401,165610.0,0.0,0.0,0.0,1,165350.0,165600.0,2,165900.0,166110.0,166110.0,165610.0,5.0,829370.0,914
2023-05-09 21:07:17,ni2401,ni2401,165610.0,0.0,0.0,0.0,1,165350.0,165600.0,2,165900.0,166110.0,166110.0,165610.0,5.0,829370.0,914
2023-05-09 21:07:17,ni2401,ni2401,165610.0,0.0,0.0,0.0,1,165350.0,165580.0,1,165900.0,166110.0,166110.0,165610.0,5.0,829370.0,914
2023-05-09 21:07:18,ni2401,ni2401,165610.0,0.0,0.0,0.0,1,165350.0,165570.0,1,165900.0,166110.0,166110.0,165610.0,5.0,829370.0,914
2023-05-09 21:07:18,ni2401,ni2401,165610.0,0.0,0.0,0.0,1,165350.0,165580.0,1,165900.0,166110.0,166110.0,165610.0,5.0,829370.0,914
2023-05-09 21:07:19,ni2401,ni2401,165610.0,0.0,0.0,0.0,1,165350.0,165630.0,2,165900.0,166110.0,166110.0,165610.0,5.0,829370.0,914
2023-05-09 21:07:19,ni2401,ni2401,165610.0,0.0,0.0,0.0,1,165350.0,165570.0,1,165900.0,166110.0,166110.0,165610.0,5.0,829370.0,914
2023-05-09 21:07:20,ni2401,ni2401,165610.0,0.0,0.0,0.0,1,165350.0,165570.0,1,165900.0,166110.0,166110.0,165610.0,5.0,829370.0,914
2023-05-09 21:07:20,ni2401,ni2401,165610.0,0.0,0.0,0.0,1,165350.0,165570.0,2,165900.0,166110.0,166110.0,165610.0,5.0,829370.0,914
2023-05-09 21:07:21,ni2401,ni2401,165610.0,0.0,0.0,0.0,1,165350.0,165570.0,1,165900.0,166110.0,166110.0,165610.0,5.0,829370.0,914
2023-05-09 21:07:21,ni2401,ni2401,165610.0,0.0,0.0,0.0,1,165350.0,165580.0,1,165900.0,166110.0,166110.0,165610.0,5.0,829370.0,914
2023-05-09 21:07:22,ni2401,ni2401,165610.0,0.0,0.0,0.0,1,165350.0,165580.0,2,165900.0,166110.0,166110.0,165610.0,5.0,829370.0,914
2023-05-09 21:07:22,ni2401,ni2401,165610.0,0.0,0.0,0.0,1,165350.0,165580.0,1,165900.0,166110.0,166110.0,165610.0,5.0,829370.0,914
2023-05-09 21:07:24,ni2401,ni2401,165610.0,0.0,0.0,0.0,1,165350.0,165570.0,1,165900.0,166110.0,166110.0,165610.0,5.0,829370.0,914
2023-05-09 21:07:24,ni2401,ni2401,165610.0,0.0,0.0,0.0,1,165350.0,165570.0,1,165900.0,166110.0,166110.0,165610.0,5.0,829370.0,914
2023-05-09 21:07:30,ni2401,ni2401,165610.0,0.0,0.0,0.0,1,165350.0,165560.0,1,165900.0,166110.0,166110.0,165610.0,5.0,829370.0,914
2023-05-09 21:07:31,ni2401,ni2401,165610.0,0.0,0.0,0.0,1,165350.0,165560.0,1,165900.0,166110.0,166110.0,165610.0,5.0,829370.0,914
2023-05-09 21:07:32,ni2401,ni2401,165610.0,0.0,0.0,0.0,1,165350.0,165540.0,1,165900.0,166110.0,166110.0,165610.0,5.0,829370.0,914
2023-05-09 21:07:35,ni2401,ni2401,165610.0,0.0,0.0,0.0,1,165350.0,165580.0,2,165900.0,166110.0,166110.0,165610.0,5.0,829370.0,914
2023-05-09 21:07:36,ni2401,ni2401,165610.0,0.0,0.0,0.0,1,165350.0,165580.0,2,165900.0,166110.0,166110.0,165610.0,5.0,829370.0,914
2023-05-09 21:07:49,ni2401,ni2401,165610.0,0.0,0.0,0.0,1,165350.0,165570.0,1,165900.0,166110.0,166110.0,165610.0,5.0,829370.0,914
2023-05-09 21:07:51,ni2401,ni2401,165610.0,0.0,0.0,0.0,1,165350.0,165570.0,1,165900.0,166110.0,166110.0,165610.0,5.0,829370.0,914
2023-05-09 21:07:52,ni2401,ni2401,165610.0,0.0,0.0,0.0,1,165350.0,165490.0,1,165900.0,166110.0,166110.0,165610.0,5.0,829370.0,914
2023-05-09 21:07:53,ni2401,ni2401,165610.0,0.0,0.0,0.0,1,165350.0,165490.0,1,165900.0,166110.0,166110.0,165610.0,5.0,829370.0,914
2023-05-09 21:07:57,ni2401,ni2401,165610.0,0.0,0.0,0.0,1,165350.0,165490.0,2,165900.0,166110.0,166110.0,165610.0,5.0,829370.0,914
2023-05-09 21:07:58,ni2401,ni2401,165610.0,0.0,0.0,0.0,1,165350.0,165480.0,1,165900.0,166110.0,166110.0,165610.0,5.0,829370.0,914
2023-05-09 21:07:59,ni2401,ni2401,165610.0,0.0,0.0,0.0,1,165350.0,165490.0,2,165900.0,166110.0,166110.0,165610.0,5.0,829370.0,914
2023-05-09 21:08:17,ni2401,ni2401,165490.0,1.0,165490.0,1.0,1,165350.0,165490.0,1,165900.0,166110.0,166110.0,165490.0,6.0,994860.0,915
2023-05-09 21:08:21,ni2401,ni2401,165490.0,1.0,165490.0,0.0,1,165350.0,166000.0,1,165900.0,166110.0,166110.0,165490.0,7.0,1160350.0,915
2023-05-09 21:08:22,ni2401,ni2401,165490.0,0.0,0.0,0.0,1,165350.0,165980.0,2,165900.0,166110.0,166110.0,165490.0,7.0,1160350.0,915
2023-05-09 21:08:22,ni2401,ni2401,165490.0,0.0,0.0,0.0,1,165350.0,165970.0,4,165900.0,166110.0,166110.0,165490.0,7.0,1160350.0,915
2023-05-09 21:08:23,ni2401,ni2401,165490.0,0.0,0.0,0.0,1,165350.0,165950.0,1,165900.0,166110.0,166110.0,165490.0,7.0,1160350.0,915
2023-05-09 21:08:23,ni2401,ni2401,165490.0,0.0,0.0,0.0,1,165350.0,165940.0,1,165900.0,166110.0,166110.0,165490.0,7.0,1160350.0,915
2023-05-09 21:08:24,ni2401,ni2401,165490.0,0.0,0.0,0.0,1,165350.0,165940.0,2,165900.0,166110.0,166110.0,165490.0,7.0,1160350.0,915
2023-05-09 21:08:24,ni2401,ni2401,165490.0,0.0,0.0,0.0,1,165350.0,165930.0,1,165900.0,166110.0,166110.0,165490.0,7.0,1160350.0,915
2023-05-09 21:08:25,ni2401,ni2401,165490.0,0.0,0.0,0.0,1,165350.0,165920.0,1,165900.0,166110.0,166110.0,165490.0,7.0,1160350.0,915
2023-05-09 21:08:25,ni2401,ni2401,165490.0,0.0,0.0,0.0,1,165350.0,165920.0,2,165900.0,166110.0,166110.0,165490.0,7.0,1160350.0,915
2023-05-09 21:08:26,ni2401,ni2401,165490.0,0.0,0.0,0.0,1,165350.0,165920.0,2,165900.0,166110.0,166110.0,165490.0,7.0,1160350.0,915
2023-05-09 21:08:26,ni2401,ni2401,165490.0,0.0,0.0,0.0,1,165350.0,165900.0,1,165900.0,166110.0,166110.0,165490.0,7.0,1160350.0,915
2023-05-09 21:08:27,ni2401,ni2401,165490.0,0.0,0.0,0.0,1,165350.0,165890.0,1,165900.0,166110.0,166110.0,165490.0,7.0,1160350.0,915
2023-05-09 21:08:28,ni2401,ni2401,165490.0,0.0,0.0,0.0,1,165350.0,165890.0,1,165900.0,166110.0,166110.0,165490.0,7.0,1160350.0,915
2023-05-09 21:08:28,ni2401,ni2401,165490.0,0.0,0.0,0.0,1,165350.0,165850.0,1,165900.0,166110.0,166110.0,165490.0,7.0,1160350.0,915
2023-05-09 21:08:29,ni2401,ni2401,165490.0,0.0,0.0,0.0,1,165350.0,165840.0,1,165900.0,166110.0,166110.0,165490.0,7.0,1160350.0,915
2023-05-09 21:08:30,ni2401,ni2401,165490.0,0.0,0.0,0.0,1,165350.0,165840.0,1,165900.0,166110.0,166110.0,165490.0,7.0,1160350.0,915
2023-05-09 21:08:30,ni2401,ni2401,165490.0,0.0,0.0,0.0,1,165350.0,165760.0,1,165900.0,166110.0,166110.0,165490.0,7.0,1160350.0,915
2023-05-09 21:08:31,ni2401,ni2401,165490.0,0.0,0.0,0.0,1,165350.0,165750.0,1,165900.0,166110.0,166110.0,165490.0,7.0,1160350.0,915
2023-05-09 21:08:32,ni2401,ni2401,165490.0,0.0,0.0,0.0,1,165350.0,165750.0,1,165900.0,166110.0,166110.0,165490.0,7.0,1160350.0,915
2023-05-09 21:08:32,ni2401,ni2401,165490.0,0.0,0.0,0.0,1,165350.0,165590.0,1,165900.0,166110.0,166110.0,165490.0,7.0,1160350.0,915
2023-05-09 21:08:33,ni2401,ni2401,165490.0,0.0,0.0,0.0,1,165350.0,165590.0,1,165900.0,166110.0,166110.0,165490.0,7.0,1160350.0,915
2023-05-09 21:08:43,ni2401,ni2401,165490.0,0.0,0.0,0.0,1,165350.0,165590.0,1,165900.0,166110.0,166110.0,165490.0,7.0,1160350.0,915
2023-05-09 21:08:50,ni2401,ni2401,165490.0,0.0,0.0,0.0,1,165350.0,165590.0,1,165900.0,166110.0,166110.0,165490.0,7.0,1160350.0,915
2023-05-09 21:08:53,ni2401,ni2401,165490.0,0.0,0.0,0.0,1,165350.0,165590.0,2,165900.0,166110.0,166110.0,165490.0,7.0,1160350.0,915
2023-05-09 21:08:53,ni2401,ni2401,165490.0,0.0,0.0,0.0,1,165350.0,165590.0,1,165900.0,166110.0,166110.0,165490.0,7.0,1160350.0,915
2023-05-09 21:09:05,ni2401,ni2401,165490.0,0.0,0.0,0.0,1,165350.0,165590.0,2,165900.0,166110.0,166110.0,165490.0,7.0,1160350.0,915
2023-05-09 21:09:05,ni2401,ni2401,165490.0,0.0,0.0,0.0,1,165350.0,165580.0,1,165900.0,166110.0,166110.0,165490.0,7.0,1160350.0,915
2023-05-09 21:09:06,ni2401,ni2401,165490.0,0.0,0.0,0.0,1,165350.0,165580.0,1,165900.0,166110.0,166110.0,165490.0,7.0,1160350.0,915
2023-05-09 21:09:07,ni2401,ni2401,165490.0,0.0,0.0,0.0,1,165350.0,165570.0,1,165900.0,166110.0,166110.0,165490.0,7.0,1160350.0,915
2023-05-09 21:09:07,ni2401,ni2401,165490.0,0.0,0.0,0.0,1,165350.0,165570.0,1,165900.0,166110.0,166110.0,165490.0,7.0,1160350.0,915
2023-05-09 21:09:08,ni2401,ni2401,165490.0,0.0,0.0,0.0,1,165350.0,165950.0,1,165900.0,166110.0,166110.0,165490.0,7.0,1160350.0,915
2023-05-09 21:09:09,ni2401,ni2401,165490.0,0.0,0.0,0.0,1,165350.0,165560.0,1,165900.0,166110.0,166110.0,165490.0,7.0,1160350.0,915
2023-05-09 21:09:09,ni2401,ni2401,165490.0,0.0,0.0,0.0,1,165350.0,165560.0,1,165900.0,166110.0,166110.0,165490.0,7.0,1160350.0,915
2023-05-09 21:09:13,ni2401,ni2401,165490.0,0.0,0.0,0.0,1,165350.0,165560.0,1,165900.0,166110.0,166110.0,165490.0,7.0,1160350.0,915
2023-05-09 21:09:13,ni2401,ni2401,165490.0,0.0,0.0,0.0,1,165350.0,165950.0,1,165900.0,166110.0,166110.0,165490.0,7.0,1160350.0,915
2023-05-09 21:09:14,ni2401,ni2401,165490.0,0.0,0.0,0.0,1,165350.0,165920.0,1,165900.0,166110.0,166110.0,165490.0,7.0,1160350.0,915
2023-05-09 21:09:14,ni2401,ni2401,165490.0,0.0,0.0,0.0,1,165350.0,165910.0,21,165900.0,166110.0,166110.0,165490.0,7.0,1160350.0,915
2023-05-09 21:09:15,ni2401,ni2401,165490.0,0.0,0.0,0.0,1,165350.0,165910.0,24,165900.0,166110.0,166110.0,165490.0,7.0,1160350.0,915
2023-05-09 21:09:15,ni2401,ni2401,165490.0,0.0,0.0,0.0,1,165350.0,165900.0,1,165900.0,166110.0,166110.0,165490.0,7.0,1160350.0,915
2023-05-09 21:09:16,ni2401,ni2401,165490.0,0.0,0.0,0.0,1,165350.0,165890.0,1,165900.0,166110.0,166110.0,165490.0,7.0,1160350.0,915
2023-05-09 21:09:16,ni2401,ni2401,165490.0,0.0,0.0,0.0,1,165350.0,165890.0,2,165900.0,166110.0,166110.0,165490.0,7.0,1160350.0,915
2023-05-09 21:09:17,ni2401,ni2401,165490.0,0.0,0.0,0.0,1,165350.0,165890.0,2,165900.0,166110.0,166110.0,165490.0,7.0,1160350.0,915
2023-05-09 21:09:17,ni2401,ni2401,165490.0,0.0,0.0,0.0,1,165350.0,165870.0,1,165900.0,166110.0,166110.0,165490.0,7.0,1160350.0,915
2023-05-09 21:09:18,ni2401,ni2401,165490.0,0.0,0.0,0.0,1,165350.0,165860.0,2,165900.0,166110.0,166110.0,165490.0,7.0,1160350.0,915
2023-05-09 21:09:18,ni2401,ni2401,165490.0,0.0,0.0,0.0,1,165350.0,165850.0,15,165900.0,166110.0,166110.0,165490.0,7.0,1160350.0,915
2023-05-09 21:09:19,ni2401,ni2401,165490.0,0.0,0.0,0.0,1,165350.0,165840.0,1,165900.0,166110.0,166110.0,165490.0,7.0,1160350.0,915
2023-05-09 21:09:19,ni2401,ni2401,165490.0,0.0,0.0,0.0,1,165350.0,165840.0,2,165900.0,166110.0,166110.0,165490.0,7.0,1160350.0,915
2023-05-09 21:09:22,ni2401,ni2401,165490.0,0.0,0.0,0.0,1,165350.0,165830.0,16,165900.0,166110.0,166110.0,165490.0,7.0,1160350.0,915
2023-05-09 21:09:22,ni2401,ni2401,165490.0,0.0,0.0,0.0,1,165350.0,165820.0,2,165900.0,166110.0,166110.0,165490.0,7.0,1160350.0,915
2023-05-09 21:09:23,ni2401,ni2401,165490.0,0.0,0.0,0.0,1,165350.0,165820.0,2,165900.0,166110.0,166110.0,165490.0,7.0,1160350.0,915
2023-05-09 21:09:23,ni2401,ni2401,165490.0,0.0,0.0,0.0,1,165350.0,165810.0,1,165900.0,166110.0,166110.0,165490.0,7.0,1160350.0,915
2023-05-09 21:09:24,ni2401,ni2401,165490.0,0.0,0.0,0.0,1,165360.0,165800.0,1,165900.0,166110.0,166110.0,165490.0,7.0,1160350.0,915
2023-05-09 21:09:25,ni2401,ni2401,165490.0,0.0,0.0,0.0,1,165360.0,165800.0,1,165900.0,166110.0,166110.0,165490.0,7.0,1160350.0,915
2023-05-09 21:09:25,ni2401,ni2401,165490.0,0.0,0.0,0.0,1,165360.0,165780.0,1,165900.0,166110.0,166110.0,165490.0,7.0,1160350.0,915
2023-05-09 21:09:26,ni2401,ni2401,165490.0,0.0,0.0,0.0,1,165360.0,165770.0,1,165900.0,166110.0,166110.0,165490.0,7.0,1160350.0,915
2023-05-09 21:09:27,ni2401,ni2401,165490.0,0.0,0.0,0.0,1,165360.0,165770.0,1,165900.0,166110.0,166110.0,165490.0,7.0,1160350.0,915
2023-05-09 21:09:27,ni2401,ni2401,165490.0,0.0,0.0,0.0,1,165360.0,165730.0,1,165900.0,166110.0,166110.0,165490.0,7.0,1160350.0,915
2023-05-09 21:09:28,ni2401,ni2401,165490.0,0.0,0.0,0.0,1,165360.0,165720.0,1,165900.0,166110.0,166110.0,165490.0,7.0,1160350.0,915
2023-05-09 21:09:29,ni2401,ni2401,165490.0,0.0,0.0,0.0,1,165360.0,165720.0,1,165900.0,166110.0,166110.0,165490.0,7.0,1160350.0,915
2023-05-09 21:09:29,ni2401,ni2401,165490.0,0.0,0.0,0.0,1,165360.0,165640.0,1,165900.0,166110.0,166110.0,165490.0,7.0,1160350.0,915
2023-05-09 21:09:30,ni2401,ni2401,165490.0,0.0,0.0,0.0,1,165360.0,165640.0,1,165900.0,166110.0,166110.0,165490.0,7.0,1160350.0,915
2023-05-09 21:09:32,ni2401,ni2401,165490.0,0.0,0.0,0.0,1,165350.0,165640.0,1,165900.0,166110.0,166110.0,165490.0,7.0,1160350.0,915
2023-05-09 21:09:39,ni2401,ni2401,165490.0,0.0,0.0,0.0,1,165350.0,165640.0,1,165900.0,166110.0,166110.0,165490.0,7.0,1160350.0,915
2023-05-09 21:09:53,ni2401,ni2401,165490.0,0.0,0.0,0.0,1,165350.0,165640.0,2,165900.0,166110.0,166110.0,165490.0,7.0,1160350.0,915
2023-05-09 21:09:55,ni2401,ni2401,165490.0,0.0,0.0,0.0,1,165350.0,165640.0,1,165900.0,166110.0,166110.0,165490.0,7.0,1160350.0,915
2023-05-09 21:09:56,ni2401,ni2401,165490.0,0.0,0.0,0.0,1,165350.0,165640.0,2,165900.0,166110.0,166110.0,165490.0,7.0,1160350.0,915
2023-05-09 21:09:56,ni2401,ni2401,165490.0,0.0,0.0,0.0,1,165350.0,165630.0,1,165900.0,166110.0,166110.0,165490.0,7.0,1160350.0,915
2023-05-09 21:09:57,ni2401,ni2401,165490.0,0.0,0.0,0.0,1,165350.0,165640.0,1,165900.0,166110.0,166110.0,165490.0,7.0,1160350.0,915
2023-05-09 21:09:57,ni2401,ni2401,165490.0,0.0,0.0,0.0,1,165350.0,165910.0,1,165900.0,166110.0,166110.0,165490.0,7.0,1160350.0,915
2023-05-09 21:09:58,ni2401,ni2401,165490.0,0.0,0.0,0.0,1,165350.0,165630.0,1,165900.0,166110.0,166110.0,165490.0,7.0,1160350.0,915
2023-05-09 21:09:58,ni2401,ni2401,165490.0,0.0,0.0,0.0,1,165350.0,165630.0,1,165900.0,166110.0,166110.0,165490.0,7.0,1160350.0,915
2023-05-09 21:09:59,ni2401,ni2401,165490.0,0.0,0.0,0.0,1,165350.0,165630.0,2,165900.0,166110.0,166110.0,165490.0,7.0,1160350.0,915
2023-05-09 21:09:59,ni2401,ni2401,165490.0,0.0,0.0,0.0,1,165350.0,165620.0,1,165900.0,166110.0,166110.0,165490.0,7.0,1160350.0,915
2023-05-09 21:10:00,ni2401,ni2401,165490.0,0.0,0.0,0.0,1,165350.0,165620.0,1,165900.0,166110.0,166110.0,165490.0,7.0,1160350.0,915
2023-05-09 21:10:00,ni2401,ni2401,165490.0,0.0,0.0,0.0,1,165350.0,165600.0,1,165900.0,166110.0,166110.0,165490.0,7.0,1160350.0,915
2023-05-09 21:10:02,ni2401,ni2401,165490.0,0.0,0.0,0.0,1,165350.0,165600.0,2,165900.0,166110.0,166110.0,165490.0,7.0,1160350.0,915
2023-05-09 21:10:02,ni2401,ni2401,165490.0,0.0,0.0,0.0,1,165350.0,165590.0,2,165900.0,166110.0,166110.0,165490.0,7.0,1160350.0,915
2023-05-09 21:10:03,ni2401,ni2401,165490.0,0.0,0.0,0.0,1,165350.0,165590.0,1,165900.0,166110.0,166110.0,165490.0,7.0,1160350.0,915
2023-05-09 21:10:04,ni2401,ni2401,165490.0,0.0,0.0,0.0,1,165350.0,165550.0,1,165900.0,166110.0,166110.0,165490.0,7.0,1160350.0,915
2023-05-09 21:10:04,ni2401,ni2401,165490.0,0.0,0.0,0.0,1,165350.0,165550.0,1,165900.0,166110.0,166110.0,165490.0,7.0,1160350.0,915
2023-05-09 21:10:05,ni2401,ni2401,165490.0,0.0,0.0,0.0,1,165350.0,165550.0,1,165900.0,166110.0,166110.0,165490.0,7.0,1160350.0,915
2023-05-09 21:10:07,ni2401,ni2401,165490.0,0.0,0.0,0.0,1,165350.0,165550.0,1,165900.0,166110.0,166110.0,165490.0,7.0,1160350.0,915
2023-05-09 21:10:09,ni2401,ni2401,165490.0,0.0,0.0,0.0,1,165350.0,165550.0,1,165900.0,166110.0,166110.0,165490.0,7.0,1160350.0,915
2023-05-09 21:10:27,ni2401,ni2401,165490.0,0.0,0.0,0.0,1,165350.0,165550.0,1,165900.0,166110.0,166110.0,165490.0,7.0,1160350.0,915
2023-05-09 21:10:40,ni2401,ni2401,165490.0,0.0,0.0,0.0,1,165350.0,166000.0,1,165900.0,166110.0,166110.0,165490.0,7.0,1160350.0,915
2023-05-09 21:10:41,ni2401,ni2401,165490.0,0.0,0.0,0.0,1,165350.0,165970.0,1,165900.0,166110.0,166110.0,165490.0,7.0,1160350.0,915
2023-05-09 21:10:41,ni2401,ni2401,165490.0,0.0,0.0,0.0,1,165350.0,165950.0,1,165900.0,166110.0,166110.0,165490.0,7.0,1160350.0,915
2023-05-09 21:10:42,ni2401,ni2401,165490.0,0.0,0.0,0.0,1,165350.0,165940.0,24,165900.0,166110.0,166110.0,165490.0,7.0,1160350.0,915
2023-05-09 21:10:42,ni2401,ni2401,165490.0,0.0,0.0,0.0,1,165350.0,165930.0,2,165900.0,166110.0,166110.0,165490.0,7.0,1160350.0,915
2023-05-09 21:10:43,ni2401,ni2401,165490.0,0.0,0.0,0.0,1,165350.0,165920.0,1,165900.0,166110.0,166110.0,165490.0,7.0,1160350.0,915
2023-05-09 21:10:43,ni2401,ni2401,165490.0,0.0,0.0,0.0,1,165350.0,165920.0,1,165900.0,166110.0,166110.0,165490.0,7.0,1160350.0,915
2023-05-09 21:10:44,ni2401,ni2401,165490.0,0.0,0.0,0.0,1,165350.0,165900.0,1,165900.0,166110.0,166110.0,165490.0,7.0,1160350.0,915
2023-05-09 21:10:44,ni2401,ni2401,165490.0,0.0,0.0,0.0,1,165350.0,165890.0,35,165900.0,166110.0,166110.0,165490.0,7.0,1160350.0,915
2023-05-09 21:10:45,ni2401,ni2401,165490.0,0.0,0.0,0.0,1,165350.0,165890.0,63,165900.0,166110.0,166110.0,165490.0,7.0,1160350.0,915
2023-05-09 21:10:45,ni2401,ni2401,165490.0,0.0,0.0,0.0,1,165350.0,165880.0,1,165900.0,166110.0,166110.0,165490.0,7.0,1160350.0,915
2023-05-09 21:10:46,ni2401,ni2401,165490.0,0.0,0.0,0.0,1,165350.0,165870.0,1,165900.0,166110.0,166110.0,165490.0,7.0,1160350.0,915
2023-05-09 21:10:46,ni2401,ni2401,165490.0,0.0,0.0,0.0,1,165350.0,165870.0,2,165900.0,166110.0,166110.0,165490.0,7.0,1160350.0,915
2023-05-09 21:10:47,ni2401,ni2401,165490.0,0.0,0.0,0.0,1,165350.0,165870.0,2,165900.0,166110.0,166110.0,165490.0,7.0,1160350.0,915
2023-05-09 21:10:47,ni2401,ni2401,165490.0,0.0,0.0,0.0,1,165350.0,165850.0,1,165900.0,166110.0,166110.0,165490.0,7.0,1160350.0,915
2023-05-09 21:10:48,ni2401,ni2401,165490.0,0.0,0.0,0.0,1,165350.0,165840.0,1,165900.0,166110.0,166110.0,165490.0,7.0,1160350.0,915
2023-05-09 21:10:49,ni2401,ni2401,165490.0,0.0,0.0,0.0,1,165350.0,165840.0,1,165900.0,166110.0,166110.0,165490.0,7.0,1160350.0,915
2023-05-09 21:10:49,ni2401,ni2401,165490.0,0.0,0.0,0.0,1,165350.0,165830.0,1,165900.0,166110.0,166110.0,165490.0,7.0,1160350.0,915
2023-05-09 21:10:50,ni2401,ni2401,165490.0,0.0,0.0,0.0,1,165350.0,165820.0,1,165900.0,166110.0,166110.0,165490.0,7.0,1160350.0,915
2023-05-09 21:10:52,ni2401,ni2401,165490.0,0.0,0.0,0.0,1,165350.0,165820.0,1,165900.0,166110.0,166110.0,165490.0,7.0,1160350.0,915
2023-05-09 21:10:52,ni2401,ni2401,165490.0,0.0,0.0,0.0,1,165350.0,165800.0,1,165900.0,166110.0,166110.0,165490.0,7.0,1160350.0,915
2023-05-09 21:10:53,ni2401,ni2401,165490.0,0.0,0.0,0.0,1,165350.0,165790.0,1,165900.0,166110.0,166110.0,165490.0,7.0,1160350.0,915
2023-05-09 21:10:53,ni2401,ni2401,165490.0,0.0,0.0,0.0,1,165350.0,165790.0,1,165900.0,166110.0,166110.0,165490.0,7.0,1160350.0,915
2023-05-09 21:10:54,ni2401,ni2401,165490.0,0.0,0.0,0.0,1,165350.0,165790.0,1,165900.0,166110.0,166110.0,165490.0,7.0,1160350.0,915
2023-05-09 21:10:54,ni2401,ni2401,165490.0,0.0,0.0,0.0,1,165350.0,165750.0,1,165900.0,166110.0,166110.0,165490.0,7.0,1160350.0,915
2023-05-09 21:10:55,ni2401,ni2401,165490.0,0.0,0.0,0.0,1,165350.0,165750.0,1,165900.0,166110.0,166110.0,165490.0,7.0,1160350.0,915
2023-05-09 21:10:56,ni2401,ni2401,165490.0,0.0,0.0,0.0,1,165350.0,165740.0,1,165900.0,166110.0,166110.0,165490.0,7.0,1160350.0,915
2023-05-09 21:10:57,ni2401,ni2401,165490.0,0.0,0.0,0.0,1,165350.0,165930.0,1,165900.0,166110.0,166110.0,165490.0,7.0,1160350.0,915
2023-05-09 21:10:57,ni2401,ni2401,165490.0,0.0,0.0,0.0,1,165350.0,165660.0,1,165900.0,166110.0,166110.0,165490.0,7.0,1160350.0,915
2023-05-09 21:10:58,ni2401,ni2401,165490.0,0.0,0.0,0.0,1,165350.0,165660.0,1,165900.0,166110.0,166110.0,165490.0,7.0,1160350.0,915
2023-05-09 21:10:58,ni2401,ni2401,165490.0,0.0,0.0,0.0,1,165350.0,165660.0,1,165900.0,166110.0,166110.0,165490.0,7.0,1160350.0,915
2023-05-09 21:11:00,ni2401,ni2401,165490.0,0.0,0.0,0.0,1,165350.0,166000.0,1,165900.0,166110.0,166110.0,165490.0,7.0,1160350.0,915
2023-05-09 21:11:00,ni2401,ni2401,165490.0,0.0,0.0,0.0,1,165350.0,165970.0,1,165900.0,166110.0,166110.0,165490.0,7.0,1160350.0,915
2023-05-09 21:11:01,ni2401,ni2401,165490.0,0.0,0.0,0.0,1,165350.0,165950.0,2,165900.0,166110.0,166110.0,165490.0,7.0,1160350.0,915
2023-05-09 21:11:01,ni2401,ni2401,165490.0,0.0,0.0,0.0,1,165350.0,165940.0,6,165900.0,166110.0,166110.0,165490.0,7.0,1160350.0,915
2023-05-09 21:11:02,ni2401,ni2401,165490.0,0.0,0.0,0.0,1,165350.0,165930.0,11,165900.0,166110.0,166110.0,165490.0,7.0,1160350.0,915
2023-05-09 21:11:02,ni2401,ni2401,165490.0,0.0,0.0,0.0,1,165350.0,165920.0,2,165900.0,166110.0,166110.0,165490.0,7.0,1160350.0,915
2023-05-09 21:11:03,ni2401,ni2401,165490.0,0.0,0.0,0.0,1,165350.0,165910.0,5,165900.0,166110.0,166110.0,165490.0,7.0,1160350.0,915
2023-05-09 21:11:03,ni2401,ni2401,165490.0,0.0,0.0,0.0,1,165350.0,165900.0,1,165900.0,166110.0,166110.0,165490.0,7.0,1160350.0,915
2023-05-09 21:11:04,ni2401,ni2401,165490.0,0.0,0.0,0.0,1,165350.0,165900.0,1,165900.0,166110.0,166110.0,165490.0,7.0,1160350.0,915
2023-05-09 21:11:05,ni2401,ni2401,165490.0,0.0,0.0,0.0,1,165350.0,165880.0,1,165900.0,166110.0,166110.0,165490.0,7.0,1160350.0,915
2023-05-09 21:11:05,ni2401,ni2401,165490.0,0.0,0.0,0.0,1,165350.0,165870.0,1,165900.0,166110.0,166110.0,165490.0,7.0,1160350.0,915
2023-05-09 21:11:06,ni2401,ni2401,165490.0,0.0,0.0,0.0,1,165350.0,165870.0,2,165900.0,166110.0,166110.0,165490.0,7.0,1160350.0,915
2023-05-09 21:11:06,ni2401,ni2401,165490.0,0.0,0.0,0.0,1,165350.0,165870.0,2,165900.0,166110.0,166110.0,165490.0,7.0,1160350.0,915
2023-05-09 21:11:07,ni2401,ni2401,165490.0,0.0,0.0,0.0,1,165350.0,165830.0,1,165900.0,166110.0,166110.0,165490.0,7.0,1160350.0,915
2023-05-09 21:11:07,ni2401,ni2401,165490.0,0.0,0.0,0.0,1,165350.0,165820.0,1,165900.0,166110.0,166110.0,165490.0,7.0,1160350.0,915
2023-05-09 21:11:08,ni2401,ni2401,165490.0,0.0,0.0,0.0,1,165350.0,165820.0,1,165900.0,166110.0,166110.0,165490.0,7.0,1160350.0,915
2023-05-09 21:11:09,ni2401,ni2401,165490.0,0.0,0.0,0.0,1,165350.0,165740.0,1,165900.0,166110.0,166110.0,165490.0,7.0,1160350.0,915
2023-05-09 21:11:09,ni2401,ni2401,165490.0,0.0,0.0,0.0,1,165350.0,165740.0,1,165900.0,166110.0,166110.0,165490.0,7.0,1160350.0,915
2023-05-09 21:11:11,ni2401,ni2401,165490.0,0.0,0.0,0.0,2,165360.0,165740.0,1,165900.0,166110.0,166110.0,165490.0,7.0,1160350.0,915
2023-05-09 21:11:14,ni2401,ni2401,165490.0,0.0,0.0,0.0,2,165360.0,166000.0,1,165900.0,166110.0,166110.0,165490.0,7.0,1160350.0,915
2023-05-09 21:11:14,ni2401,ni2401,165490.0,0.0,0.0,0.0,2,165360.0,165970.0,1,165900.0,166110.0,166110.0,165490.0,7.0,1160350.0,915
2023-05-09 21:11:15,ni2401,ni2401,165490.0,0.0,0.0,0.0,2,165360.0,165950.0,1,165900.0,166110.0,166110.0,165490.0,7.0,1160350.0,915
2023-05-09 21:11:15,ni2401,ni2401,165490.0,0.0,0.0,0.0,2,165360.0,165940.0,1,165900.0,166110.0,166110.0,165490.0,7.0,1160350.0,915
2023-05-09 21:11:16,ni2401,ni2401,165490.0,0.0,0.0,0.0,2,165360.0,165930.0,1,165900.0,166110.0,166110.0,165490.0,7.0,1160350.0,915
2023-05-09 21:11:16,ni2401,ni2401,165490.0,0.0,0.0,0.0,2,165360.0,165920.0,1,165900.0,166110.0,166110.0,165490.0,7.0,1160350.0,915
2023-05-09 21:11:17,ni2401,ni2401,165490.0,0.0,0.0,0.0,2,165360.0,165920.0,1,165900.0,166110.0,166110.0,165490.0,7.0,1160350.0,915
2023-05-09 21:11:17,ni2401,ni2401,165490.0,0.0,0.0,0.0,2,165360.0,165910.0,1,165900.0,166110.0,166110.0,165490.0,7.0,1160350.0,915
2023-05-09 21:11:18,ni2401,ni2401,165490.0,0.0,0.0,0.0,2,165360.0,165890.0,1,165900.0,166110.0,166110.0,165490.0,7.0,1160350.0,915
2023-05-09 21:11:18,ni2401,ni2401,165490.0,0.0,0.0,0.0,2,165360.0,165880.0,1,165900.0,166110.0,166110.0,165490.0,7.0,1160350.0,915
2023-05-09 21:11:19,ni2401,ni2401,165490.0,0.0,0.0,0.0,2,165360.0,165880.0,1,165900.0,166110.0,166110.0,165490.0,7.0,1160350.0,915
2023-05-09 21:11:19,ni2401,ni2401,165490.0,0.0,0.0,0.0,2,165360.0,165870.0,1,165900.0,166110.0,166110.0,165490.0,7.0,1160350.0,915
2023-05-09 21:11:20,ni2401,ni2401,165490.0,0.0,0.0,0.0,2,165360.0,165860.0,1,165900.0,166110.0,166110.0,165490.0,7.0,1160350.0,915
2023-05-09 21:11:21,ni2401,ni2401,165490.0,0.0,0.0,0.0,2,165360.0,165860.0,1,165900.0,166110.0,166110.0,165490.0,7.0,1160350.0,915
2023-05-09 21:11:21,ni2401,ni2401,165490.0,0.0,0.0,0.0,2,165360.0,165840.0,1,165900.0,166110.0,166110.0,165490.0,7.0,1160350.0,915
2023-05-09 21:11:22,ni2401,ni2401,165490.0,0.0,0.0,0.0,2,165360.0,165830.0,1,165900.0,166110.0,166110.0,165490.0,7.0,1160350.0,915
2023-05-09 21:11:23,ni2401,ni2401,165490.0,0.0,0.0,0.0,2,165360.0,165830.0,1,165900.0,166110.0,166110.0,165490.0,7.0,1160350.0,915
2023-05-09 21:11:23,ni2401,ni2401,165490.0,0.0,0.0,0.0,2,165360.0,165790.0,1,165900.0,166110.0,166110.0,165490.0,7.0,1160350.0,915
2023-05-09 21:11:24,ni2401,ni2401,165490.0,0.0,0.0,0.0,2,165360.0,165790.0,2,165900.0,166110.0,166110.0,165490.0,7.0,1160350.0,915
2023-05-09 21:11:24,ni2401,ni2401,165490.0,0.0,0.0,0.0,2,165360.0,165780.0,1,165900.0,166110.0,166110.0,165490.0,7.0,1160350.0,915
2023-05-09 21:11:25,ni2401,ni2401,165490.0,0.0,0.0,0.0,2,165360.0,165780.0,1,165900.0,166110.0,166110.0,165490.0,7.0,1160350.0,915
2023-05-09 21:11:26,ni2401,ni2401,165490.0,0.0,0.0,0.0,2,165360.0,165700.0,1,165900.0,166110.0,166110.0,165490.0,7.0,1160350.0,915
2023-05-09 21:11:26,ni2401,ni2401,165490.0,0.0,0.0,0.0,2,165360.0,165700.0,1,165900.0,166110.0,166110.0,165490.0,7.0,1160350.0,915
2023-05-09 21:11:32,ni2401,ni2401,165490.0,0.0,0.0,0.0,2,165360.0,165690.0,1,165900.0,166110.0,166110.0,165490.0,7.0,1160350.0,915
2023-05-09 21:11:33,ni2401,ni2401,165490.0,0.0,0.0,0.0,1,165350.0,165690.0,1,165900.0,166110.0,166110.0,165490.0,7.0,1160350.0,915
2023-05-09 21:11:33,ni2401,ni2401,165490.0,0.0,0.0,0.0,1,165350.0,165530.0,1,165900.0,166110.0,166110.0,165490.0,7.0,1160350.0,915
2023-05-09 21:11:34,ni2401,ni2401,165490.0,0.0,0.0,0.0,1,165350.0,165530.0,1,165900.0,166110.0,166110.0,165490.0,7.0,1160350.0,915
2023-05-09 21:11:36,ni2401,ni2401,165490.0,0.0,0.0,0.0,1,165360.0,165530.0,1,165900.0,166110.0,166110.0,165490.0,7.0,1160350.0,915
2023-05-09 21:11:37,ni2401,ni2401,165490.0,0.0,0.0,0.0,1,165360.0,165960.0,1,165900.0,166110.0,166110.0,165490.0,7.0,1160350.0,915
2023-05-09 21:11:38,ni2401,ni2401,165490.0,0.0,0.0,0.0,1,165360.0,165940.0,1,165900.0,166110.0,166110.0,165490.0,7.0,1160350.0,915
2023-05-09 21:11:38,ni2401,ni2401,165490.0,0.0,0.0,0.0,1,165360.0,165930.0,1,165900.0,166110.0,166110.0,165490.0,7.0,1160350.0,915
2023-05-09 21:11:39,ni2401,ni2401,165490.0,0.0,0.0,0.0,1,165360.0,165930.0,1,165900.0,166110.0,166110.0,165490.0,7.0,1160350.0,915
2023-05-09 21:11:39,ni2401,ni2401,165490.0,0.0,0.0,0.0,1,165380.0,165920.0,1,165900.0,166110.0,166110.0,165490.0,7.0,1160350.0,915
2023-05-09 21:11:40,ni2401,ni2401,165490.0,0.0,0.0,0.0,1,165370.0,165910.0,1,165900.0,166110.0,166110.0,165490.0,7.0,1160350.0,915
2023-05-09 21:11:40,ni2401,ni2401,165490.0,0.0,0.0,0.0,1,165390.0,165910.0,1,165900.0,166110.0,166110.0,165490.0,7.0,1160350.0,915
2023-05-09 21:11:41,ni2401,ni2401,165490.0,0.0,0.0,0.0,1,165390.0,165860.0,1,165900.0,166110.0,166110.0,165490.0,7.0,1160350.0,915
2023-05-09 21:11:41,ni2401,ni2401,165490.0,0.0,0.0,0.0,1,165350.0,165850.0,1,165900.0,166110.0,166110.0,165490.0,7.0,1160350.0,915
2023-05-09 21:11:42,ni2401,ni2401,165490.0,0.0,0.0,0.0,1,165350.0,165820.0,1,165900.0,166110.0,166110.0,165490.0,7.0,1160350.0,915
2023-05-09 21:11:43,ni2401,ni2401,165490.0,0.0,0.0,0.0,1,165350.0,165790.0,1,165900.0,166110.0,166110.0,165490.0,7.0,1160350.0,915
2023-05-09 21:11:43,ni2401,ni2401,165490.0,0.0,0.0,0.0,1,165350.0,165780.0,1,165900.0,166110.0,166110.0,165490.0,7.0,1160350.0,915
2023-05-09 21:11:44,ni2401,ni2401,165490.0,0.0,0.0,0.0,1,165350.0,165740.0,1,165900.0,166110.0,166110.0,165490.0,7.0,1160350.0,915
2023-05-09 21:11:44,ni2401,ni2401,165490.0,0.0,0.0,0.0,1,165350.0,165730.0,1,165900.0,166110.0,166110.0,165490.0,7.0,1160350.0,915
2023-05-09 21:11:45,ni2401,ni2401,165490.0,0.0,0.0,0.0,1,165350.0,165730.0,1,165900.0,166110.0,166110.0,165490.0,7.0,1160350.0,915
2023-05-09 21:11:45,ni2401,ni2401,165490.0,0.0,0.0,0.0,1,165350.0,165720.0,1,165900.0,166110.0,166110.0,165490.0,7.0,1160350.0,915
2023-05-09 21:11:46,ni2401,ni2401,165490.0,0.0,0.0,0.0,1,165350.0,165710.0,2,165900.0,166110.0,166110.0,165490.0,7.0,1160350.0,915
2023-05-09 21:11:47,ni2401,ni2401,165490.0,0.0,0.0,0.0,1,165350.0,165710.0,2,165900.0,166110.0,166110.0,165490.0,7.0,1160350.0,915
2023-05-09 21:11:47,ni2401,ni2401,165490.0,0.0,0.0,0.0,1,165350.0,165690.0,1,165900.0,166110.0,166110.0,165490.0,7.0,1160350.0,915
2023-05-09 21:11:48,ni2401,ni2401,165490.0,0.0,0.0,0.0,1,165350.0,165680.0,1,165900.0,166110.0,166110.0,165490.0,7.0,1160350.0,915
2023-05-09 21:11:49,ni2401,ni2401,165490.0,0.0,0.0,0.0,1,165350.0,165680.0,1,165900.0,166110.0,166110.0,165490.0,7.0,1160350.0,915
2023-05-09 21:11:49,ni2401,ni2401,165490.0,0.0,0.0,0.0,1,165350.0,166000.0,1,165900.0,166110.0,166110.0,165490.0,7.0,1160350.0,915
2023-05-09 21:11:50,ni2401,ni2401,165490.0,0.0,0.0,0.0,1,165350.0,165980.0,1,165900.0,166110.0,166110.0,165490.0,7.0,1160350.0,915
2023-05-09 21:11:50,ni2401,ni2401,165490.0,0.0,0.0,0.0,1,165350.0,165940.0,1,165900.0,166110.0,166110.0,165490.0,7.0,1160350.0,915
2023-05-09 21:11:51,ni2401,ni2401,165490.0,0.0,0.0,0.0,1,165350.0,165870.0,1,165900.0,166110.0,166110.0,165490.0,7.0,1160350.0,915
2023-05-09 21:11:51,ni2401,ni2401,165490.0,0.0,0.0,0.0,1,165370.0,165860.0,1,165900.0,166110.0,166110.0,165490.0,7.0,1160350.0,915
2023-05-09 21:11:52,ni2401,ni2401,165490.0,0.0,0.0,0.0,1,165370.0,165860.0,1,165900.0,166110.0,166110.0,165490.0,7.0,1160350.0,915
2023-05-09 21:11:52,ni2401,ni2401,165490.0,0.0,0.0,0.0,1,165370.0,165830.0,1,165900.0,166110.0,166110.0,165490.0,7.0,1160350.0,915
2023-05-09 21:11:53,ni2401,ni2401,165490.0,0.0,0.0,0.0,1,165370.0,165820.0,1,165900.0,166110.0,166110.0,165490.0,7.0,1160350.0,915
2023-05-09 21:11:54,ni2401,ni2401,165490.0,0.0,0.0,0.0,1,165370.0,165800.0,1,165900.0,166110.0,166110.0,165490.0,7.0,1160350.0,915
2023-05-09 21:11:54,ni2401,ni2401,165490.0,0.0,0.0,0.0,1,165370.0,165790.0,1,165900.0,166110.0,166110.0,165490.0,7.0,1160350.0,915
2023-05-09 21:11:55,ni2401,ni2401,165490.0,0.0,0.0,0.0,1,165360.0,165790.0,2,165900.0,166110.0,166110.0,165490.0,7.0,1160350.0,915
2023-05-09 21:11:55,ni2401,ni2401,165490.0,0.0,0.0,0.0,1,165360.0,165790.0,2,165900.0,166110.0,166110.0,165490.0,7.0,1160350.0,915
2023-05-09 21:11:56,ni2401,ni2401,165490.0,0.0,0.0,0.0,2,165370.0,165790.0,2,165900.0,166110.0,166110.0,165490.0,7.0,1160350.0,915
2023-05-09 21:11:57,ni2401,ni2401,165490.0,0.0,0.0,0.0,2,165370.0,165790.0,2,165900.0,166110.0,166110.0,165490.0,7.0,1160350.0,915
2023-05-09 21:11:57,ni2401,ni2401,165490.0,0.0,0.0,0.0,2,165370.0,165790.0,2,165900.0,166110.0,166110.0,165490.0,7.0,1160350.0,915
2023-05-09 21:11:58,ni2401,ni2401,165490.0,0.0,0.0,0.0,1,165380.0,165790.0,2,165900.0,166110.0,166110.0,165490.0,7.0,1160350.0,915
2023-05-09 21:12:03,ni2401,ni2401,165490.0,0.0,0.0,0.0,1,165380.0,165790.0,1,165900.0,166110.0,166110.0,165490.0,7.0,1160350.0,915
2023-05-09 21:12:04,ni2401,ni2401,165490.0,0.0,0.0,0.0,1,165380.0,165780.0,1,165900.0,166110.0,166110.0,165490.0,7.0,1160350.0,915
2023-05-09 21:12:04,ni2401,ni2401,165490.0,0.0,0.0,0.0,1,165380.0,165780.0,1,165900.0,166110.0,166110.0,165490.0,7.0,1160350.0,915
2023-05-09 21:12:05,ni2401,ni2401,165490.0,0.0,0.0,0.0,1,165410.0,165780.0,1,165900.0,166110.0,166110.0,165490.0,7.0,1160350.0,915
2023-05-09 21:12:05,ni2401,ni2401,165490.0,0.0,0.0,0.0,1,165410.0,165770.0,1,165900.0,166110.0,166110.0,165490.0,7.0,1160350.0,915
2023-05-09 21:12:06,ni2401,ni2401,165490.0,0.0,0.0,0.0,1,165380.0,165770.0,1,165900.0,166110.0,166110.0,165490.0,7.0,1160350.0,915
2023-05-09 21:12:07,ni2401,ni2401,165490.0,0.0,0.0,0.0,1,165380.0,165770.0,1,165900.0,166110.0,166110.0,165490.0,7.0,1160350.0,915
2023-05-09 21:12:08,ni2401,ni2401,165490.0,0.0,0.0,0.0,1,165380.0,165770.0,1,165900.0,166110.0,166110.0,165490.0,7.0,1160350.0,915
2023-05-09 21:12:10,ni2401,ni2401,165490.0,0.0,0.0,0.0,2,165400.0,165770.0,1,165900.0,166110.0,166110.0,165490.0,7.0,1160350.0,915
2023-05-09 21:12:13,ni2401,ni2401,165490.0,0.0,0.0,0.0,2,165400.0,165770.0,1,165900.0,166110.0,166110.0,165490.0,7.0,1160350.0,915
2023-05-09 21:12:14,ni2401,ni2401,165490.0,0.0,0.0,0.0,1,165420.0,165770.0,1,165900.0,166110.0,166110.0,165490.0,7.0,1160350.0,915
2023-05-09 21:12:15,ni2401,ni2401,165490.0,0.0,0.0,0.0,2,165430.0,165770.0,1,165900.0,166110.0,166110.0,165490.0,7.0,1160350.0,915
2023-05-09 21:12:16,ni2401,ni2401,165490.0,0.0,0.0,0.0,2,165430.0,165770.0,1,165900.0,166110.0,166110.0,165490.0,7.0,1160350.0,915
2023-05-09 21:12:17,ni2401,ni2401,165490.0,0.0,0.0,0.0,3,165430.0,165770.0,1,165900.0,166110.0,166110.0,165490.0,7.0,1160350.0,915
2023-05-09 21:12:19,ni2401,ni2401,165490.0,0.0,0.0,0.0,1,165450.0,165770.0,1,165900.0,166110.0,166110.0,165490.0,7.0,1160350.0,915
2023-05-09 21:12:19,ni2401,ni2401,165490.0,0.0,0.0,0.0,2,165470.0,165770.0,1,165900.0,166110.0,166110.0,165490.0,7.0,1160350.0,915
2023-05-09 21:12:20,ni2401,ni2401,165490.0,0.0,0.0,0.0,1,165500.0,165770.0,1,165900.0,166110.0,166110.0,165490.0,7.0,1160350.0,915
2023-05-09 21:12:22,ni2401,ni2401,165490.0,0.0,0.0,0.0,2,165470.0,165770.0,1,165900.0,166110.0,166110.0,165490.0,7.0,1160350.0,915
2023-05-09 21:12:23,ni2401,ni2401,165490.0,0.0,0.0,0.0,1,165480.0,165770.0,1,165900.0,166110.0,166110.0,165490.0,7.0,1160350.0,915
2023-05-09 21:12:24,ni2401,ni2401,165490.0,0.0,0.0,0.0,1,165480.0,165770.0,1,165900.0,166110.0,166110.0,165490.0,7.0,1160350.0,915
2023-05-09 21:12:24,ni2401,ni2401,165490.0,0.0,0.0,0.0,2,165500.0,165770.0,1,165900.0,166110.0,166110.0,165490.0,7.0,1160350.0,915
2023-05-09 21:12:25,ni2401,ni2401,165490.0,0.0,0.0,0.0,2,165500.0,165770.0,1,165900.0,166110.0,166110.0,165490.0,7.0,1160350.0,915
2023-05-09 21:12:27,ni2401,ni2401,165490.0,0.0,0.0,0.0,2,165500.0,165770.0,1,165900.0,166110.0,166110.0,165490.0,7.0,1160350.0,915
2023-05-09 21:12:27,ni2401,ni2401,165490.0,0.0,0.0,0.0,1,165520.0,166000.0,1,165900.0,166110.0,166110.0,165490.0,7.0,1160350.0,915
2023-05-09 21:12:28,ni2401,ni2401,165490.0,0.0,0.0,0.0,2,165540.0,166000.0,2,165900.0,166110.0,166110.0,165490.0,7.0,1160350.0,915
2023-05-09 21:12:28,ni2401,ni2401,165490.0,0.0,0.0,0.0,3,165540.0,165990.0,2,165900.0,166110.0,166110.0,165490.0,7.0,1160350.0,915
2023-05-09 21:12:29,ni2401,ni2401,165490.0,0.0,0.0,0.0,1,165560.0,165990.0,2,165900.0,166110.0,166110.0,165490.0,7.0,1160350.0,915
2023-05-09 21:12:29,ni2401,ni2401,165490.0,0.0,0.0,0.0,2,165580.0,165990.0,2,165900.0,166110.0,166110.0,165490.0,7.0,1160350.0,915
2023-05-09 21:12:30,ni2401,ni2401,165490.0,0.0,0.0,0.0,2,165580.0,165990.0,2,165900.0,166110.0,166110.0,165490.0,7.0,1160350.0,915
2023-05-09 21:12:30,ni2401,ni2401,165490.0,0.0,0.0,0.0,1,165590.0,165990.0,2,165900.0,166110.0,166110.0,165490.0,7.0,1160350.0,915
2023-05-09 21:12:31,ni2401,ni2401,165490.0,0.0,0.0,0.0,2,165610.0,165990.0,2,165900.0,166110.0,166110.0,165490.0,7.0,1160350.0,915
2023-05-09 21:12:32,ni2401,ni2401,165490.0,0.0,0.0,0.0,1,165630.0,165990.0,2,165900.0,166110.0,166110.0,165490.0,7.0,1160350.0,915
2023-05-09 21:12:32,ni2401,ni2401,165490.0,0.0,0.0,0.0,2,165650.0,165990.0,2,165900.0,166110.0,166110.0,165490.0,7.0,1160350.0,915
2023-05-09 21:12:33,ni2401,ni2401,165990.0,1.0,165990.0,-1.0,2,165650.0,165990.0,1,165900.0,166110.0,166110.0,165490.0,8.0,1326340.0,914
2023-05-09 21:12:33,ni2401,ni2401,165990.0,0.0,0.0,0.0,2,165650.0,165990.0,1,165900.0,166110.0,166110.0,165490.0,8.0,1326340.0,914
2023-05-09 21:12:34,ni2401,ni2401,165990.0,0.0,0.0,0.0,2,165650.0,165990.0,1,165900.0,166110.0,166110.0,165490.0,8.0,1326340.0,914
2023-05-09 21:12:34,ni2401,ni2401,165990.0,0.0,0.0,0.0,1,165670.0,165990.0,1,165900.0,166110.0,166110.0,165490.0,8.0,1326340.0,914
2023-05-09 21:12:35,ni2401,ni2401,165990.0,0.0,0.0,0.0,3,165680.0,165990.0,1,165900.0,166110.0,166110.0,165490.0,8.0,1326340.0,914
2023-05-09 21:12:36,ni2401,ni2401,165990.0,0.0,0.0,0.0,3,165680.0,165990.0,1,165900.0,166110.0,166110.0,165490.0,8.0,1326340.0,914
2023-05-09 21:12:41,ni2401,ni2401,165990.0,0.0,0.0,0.0,3,165680.0,165990.0,1,165900.0,166110.0,166110.0,165490.0,8.0,1326340.0,914
2023-05-09 21:12:43,ni2401,ni2401,165990.0,0.0,0.0,0.0,3,165680.0,165990.0,1,165900.0,166110.0,166110.0,165490.0,8.0,1326340.0,914
2023-05-09 21:12:46,ni2401,ni2401,165990.0,0.0,0.0,0.0,2,165680.0,165990.0,1,165900.0,166110.0,166110.0,165490.0,8.0,1326340.0,914
2023-05-09 21:12:49,ni2401,ni2401,165990.0,0.0,0.0,0.0,2,165680.0,165980.0,1,165900.0,166110.0,166110.0,165490.0,8.0,1326340.0,914
2023-05-09 21:12:50,ni2401,ni2401,165990.0,0.0,0.0,0.0,2,165680.0,165980.0,1,165900.0,166110.0,166110.0,165490.0,8.0,1326340.0,914
2023-05-09 21:12:50,ni2401,ni2401,165990.0,0.0,0.0,0.0,2,165680.0,165970.0,1,165900.0,166110.0,166110.0,165490.0,8.0,1326340.0,914
2023-05-09 21:12:51,ni2401,ni2401,165990.0,0.0,0.0,0.0,1,165690.0,165970.0,1,165900.0,166110.0,166110.0,165490.0,8.0,1326340.0,914
2023-05-09 21:12:55,ni2401,ni2401,165990.0,0.0,0.0,0.0,1,165690.0,166000.0,1,165900.0,166110.0,166110.0,165490.0,8.0,1326340.0,914
2023-05-09 21:12:55,ni2401,ni2401,165990.0,0.0,0.0,0.0,2,165680.0,166000.0,1,165900.0,166110.0,166110.0,165490.0,8.0,1326340.0,914
2023-05-09 21:12:56,ni2401,ni2401,165990.0,0.0,0.0,0.0,2,165680.0,165990.0,1,165900.0,166110.0,166110.0,165490.0,8.0,1326340.0,914
2023-05-09 21:13:00,ni2401,ni2401,165990.0,0.0,0.0,0.0,2,165680.0,165990.0,1,165900.0,166110.0,166110.0,165490.0,8.0,1326340.0,914
2023-05-09 21:13:02,ni2401,ni2401,165990.0,0.0,0.0,0.0,2,165680.0,165990.0,1,165900.0,166110.0,166110.0,165490.0,8.0,1326340.0,914
2023-05-09 21:13:02,ni2401,ni2401,165990.0,0.0,0.0,0.0,2,165680.0,165990.0,2,165900.0,166110.0,166110.0,165490.0,8.0,1326340.0,914
2023-05-09 21:13:03,ni2401,ni2401,165990.0,0.0,0.0,0.0,2,165680.0,165980.0,1,165900.0,166110.0,166110.0,165490.0,8.0,1326340.0,914
2023-05-09 21:13:04,ni2401,ni2401,165990.0,0.0,0.0,0.0,1,165350.0,165980.0,1,165900.0,166110.0,166110.0,165490.0,8.0,1326340.0,914
2023-05-09 21:13:04,ni2401,ni2401,165990.0,0.0,0.0,0.0,2,165370.0,165960.0,1,165900.0,166110.0,166110.0,165490.0,8.0,1326340.0,914
2023-05-09 21:13:05,ni2401,ni2401,165990.0,0.0,0.0,0.0,2,165370.0,165960.0,1,165900.0,166110.0,166110.0,165490.0,8.0,1326340.0,914
2023-05-09 21:13:05,ni2401,ni2401,165990.0,0.0,0.0,0.0,2,165370.0,165940.0,1,165900.0,166110.0,166110.0,165490.0,8.0,1326340.0,914
2023-05-09 21:13:06,ni2401,ni2401,165990.0,0.0,0.0,0.0,2,165370.0,165930.0,1,165900.0,166110.0,166110.0,165490.0,8.0,1326340.0,914
2023-05-09 21:13:07,ni2401,ni2401,165990.0,0.0,0.0,0.0,2,165370.0,165930.0,2,165900.0,166110.0,166110.0,165490.0,8.0,1326340.0,914
2023-05-09 21:13:07,ni2401,ni2401,165990.0,0.0,0.0,0.0,2,165370.0,165930.0,1,165900.0,166110.0,166110.0,165490.0,8.0,1326340.0,914
2023-05-09 21:13:08,ni2401,ni2401,165990.0,0.0,0.0,0.0,1,165380.0,165930.0,1,165900.0,166110.0,166110.0,165490.0,8.0,1326340.0,914
2023-05-09 21:13:08,ni2401,ni2401,165990.0,0.0,0.0,0.0,2,165400.0,165930.0,1,165900.0,166110.0,166110.0,165490.0,8.0,1326340.0,914
2023-05-09 21:13:10,ni2401,ni2401,165990.0,0.0,0.0,0.0,2,165400.0,165930.0,1,165900.0,166110.0,166110.0,165490.0,8.0,1326340.0,914
2023-05-09 21:13:11,ni2401,ni2401,165990.0,0.0,0.0,0.0,2,165400.0,166000.0,1,165900.0,166110.0,166110.0,165490.0,8.0,1326340.0,914
2023-05-09 21:13:11,ni2401,ni2401,165990.0,0.0,0.0,0.0,2,165400.0,165910.0,1,165900.0,166110.0,166110.0,165490.0,8.0,1326340.0,914
2023-05-09 21:13:12,ni2401,ni2401,165990.0,0.0,0.0,0.0,2,165400.0,165900.0,1,165900.0,166110.0,166110.0,165490.0,8.0,1326340.0,914
2023-05-09 21:13:12,ni2401,ni2401,165990.0,0.0,0.0,0.0,2,165400.0,165900.0,2,165900.0,166110.0,166110.0,165490.0,8.0,1326340.0,914
2023-05-09 21:13:13,ni2401,ni2401,165990.0,0.0,0.0,0.0,2,165400.0,165900.0,1,165900.0,166110.0,166110.0,165490.0,8.0,1326340.0,914
2023-05-09 21:13:14,ni2401,ni2401,165990.0,0.0,0.0,0.0,3,165400.0,165900.0,1,165900.0,166110.0,166110.0,165490.0,8.0,1326340.0,914
2023-05-09 21:13:14,ni2401,ni2401,165990.0,0.0,0.0,0.0,2,165400.0,165880.0,1,165900.0,166110.0,166110.0,165490.0,8.0,1326340.0,914
2023-05-09 21:13:15,ni2401,ni2401,165990.0,0.0,0.0,0.0,1,165420.0,165880.0,1,165900.0,166110.0,166110.0,165490.0,8.0,1326340.0,914
2023-05-09 21:13:15,ni2401,ni2401,165990.0,0.0,0.0,0.0,2,165440.0,166000.0,1,165900.0,166110.0,166110.0,165490.0,8.0,1326340.0,914
2023-05-09 21:13:16,ni2401,ni2401,165990.0,0.0,0.0,0.0,2,165440.0,165870.0,1,165900.0,166110.0,166110.0,165490.0,8.0,1326340.0,914
2023-05-09 21:13:16,ni2401,ni2401,165990.0,0.0,0.0,0.0,2,165440.0,165870.0,1,165900.0,166110.0,166110.0,165490.0,8.0,1326340.0,914
2023-05-09 21:13:17,ni2401,ni2401,165990.0,0.0,0.0,0.0,1,165450.0,165870.0,1,165900.0,166110.0,166110.0,165490.0,8.0,1326340.0,914
2023-05-09 21:13:17,ni2401,ni2401,165990.0,0.0,0.0,0.0,2,165490.0,165870.0,1,165900.0,166110.0,166110.0,165490.0,8.0,1326340.0,914
2023-05-09 21:13:18,ni2401,ni2401,165990.0,0.0,0.0,0.0,2,165510.0,165870.0,1,165900.0,166110.0,166110.0,165490.0,8.0,1326340.0,914
2023-05-09 21:13:19,ni2401,ni2401,165990.0,0.0,0.0,0.0,2,165510.0,165870.0,1,165900.0,166110.0,166110.0,165490.0,8.0,1326340.0,914
2023-05-09 21:13:20,ni2401,ni2401,165990.0,0.0,0.0,0.0,1,165520.0,165860.0,1,165900.0,166110.0,166110.0,165490.0,8.0,1326340.0,914
2023-05-09 21:13:20,ni2401,ni2401,165990.0,0.0,0.0,0.0,2,165510.0,165860.0,1,165900.0,166110.0,166110.0,165490.0,8.0,1326340.0,914
2023-05-09 21:13:21,ni2401,ni2401,165990.0,0.0,0.0,0.0,2,165510.0,165860.0,1,165900.0,166110.0,166110.0,165490.0,8.0,1326340.0,914
2023-05-09 21:13:21,ni2401,ni2401,165990.0,0.0,0.0,0.0,2,165510.0,165840.0,3,165900.0,166110.0,166110.0,165490.0,8.0,1326340.0,914
2023-05-09 21:13:22,ni2401,ni2401,165990.0,0.0,0.0,0.0,2,165510.0,165840.0,2,165900.0,166110.0,166110.0,165490.0,8.0,1326340.0,914
2023-05-09 21:13:26,ni2401,ni2401,165990.0,0.0,0.0,0.0,1,165530.0,165840.0,2,165900.0,166110.0,166110.0,165490.0,8.0,1326340.0,914
2023-05-09 21:13:27,ni2401,ni2401,165990.0,0.0,0.0,0.0,2,165540.0,165840.0,2,165900.0,166110.0,166110.0,165490.0,8.0,1326340.0,914
2023-05-09 21:13:28,ni2401,ni2401,165990.0,0.0,0.0,0.0,2,165540.0,165840.0,1,165900.0,166110.0,166110.0,165490.0,8.0,1326340.0,914
2023-05-09 21:13:33,ni2401,ni2401,165990.0,0.0,0.0,0.0,2,165540.0,166000.0,1,165900.0,166110.0,166110.0,165490.0,8.0,1326340.0,914
2023-05-09 21:13:34,ni2401,ni2401,165990.0,0.0,0.0,0.0,2,165540.0,165990.0,1,165900.0,166110.0,166110.0,165490.0,8.0,1326340.0,914
2023-05-09 21:13:34,ni2401,ni2401,165990.0,0.0,0.0,0.0,2,165540.0,165990.0,2,165900.0,166110.0,166110.0,165490.0,8.0,1326340.0,914
2023-05-09 21:13:39,ni2401,ni2401,165990.0,0.0,0.0,0.0,2,165540.0,165990.0,1,165900.0,166110.0,166110.0,165490.0,8.0,1326340.0,914
2023-05-09 21:13:41,ni2401,ni2401,165990.0,0.0,0.0,0.0,2,165540.0,166000.0,2,165900.0,166110.0,166110.0,165490.0,8.0,1326340.0,914
2023-05-09 21:13:42,ni2401,ni2401,165990.0,0.0,0.0,0.0,2,165540.0,166000.0,2,165900.0,166110.0,166110.0,165490.0,8.0,1326340.0,914
2023-05-09 21:13:42,ni2401,ni2401,165990.0,0.0,0.0,0.0,2,165540.0,166000.0,2,165900.0,166110.0,166110.0,165490.0,8.0,1326340.0,914
2023-05-09 21:13:44,ni2401,ni2401,165990.0,0.0,0.0,0.0,2,165540.0,165990.0,1,165900.0,166110.0,166110.0,165490.0,8.0,1326340.0,914
2023-05-09 21:13:45,ni2401,ni2401,165990.0,0.0,0.0,0.0,1,165550.0,166000.0,2,165900.0,166110.0,166110.0,165490.0,8.0,1326340.0,914
2023-05-09 21:13:45,ni2401,ni2401,165990.0,0.0,0.0,0.0,3,165570.0,166000.0,2,165900.0,166110.0,166110.0,165490.0,8.0,1326340.0,914
2023-05-09 21:13:46,ni2401,ni2401,165990.0,0.0,0.0,0.0,1,165600.0,166000.0,2,165900.0,166110.0,166110.0,165490.0,8.0,1326340.0,914
2023-05-09 21:13:46,ni2401,ni2401,165990.0,0.0,0.0,0.0,2,165620.0,166000.0,2,165900.0,166110.0,166110.0,165490.0,8.0,1326340.0,914
2023-05-09 21:13:47,ni2401,ni2401,165990.0,0.0,0.0,0.0,2,165620.0,166000.0,2,165900.0,166110.0,166110.0,165490.0,8.0,1326340.0,914
