time,symbol_id,symbol_name,last,trade_volume,trade_amount,open_interest_change,bv1,bp1,ap1,av1,yesterday_close,today_open,today_high,today_low,volume,amount,open_interest
2023-05-09 20:59:00,ni2404,ni2404,166200.0,0.0,0.0,0.0,1,152500.0,180000.0,1,166200.0,163620.0,0.0,0.0,0.0,0.0,40
2023-05-09 21:00:01,ni2404,ni2404,166200.0,0.0,0.0,0.0,1,157990.0,174510.0,1,166200.0,163620.0,0.0,0.0,0.0,0.0,40
2023-05-09 21:00:01,ni2404,ni2404,166200.0,0.0,0.0,0.0,1,162130.0,165940.0,1,166200.0,163620.0,0.0,0.0,0.0,0.0,40
2023-05-09 21:00:02,ni2404,ni2404,166200.0,0.0,0.0,0.0,1,162130.0,165940.0,1,166200.0,163620.0,0.0,0.0,0.0,0.0,40
2023-05-09 21:00:02,ni2404,ni2404,166200.0,0.0,0.0,0.0,1,162140.0,165940.0,1,166200.0,163620.0,0.0,0.0,0.0,0.0,40
2023-05-09 21:00:03,ni2404,ni2404,166200.0,0.0,0.0,0.0,1,162140.0,165940.0,1,166200.0,163620.0,0.0,0.0,0.0,0.0,40
2023-05-09 21:00:03,ni2404,ni2404,166200.0,0.0,0.0,0.0,1,162140.0,165930.0,2,166200.0,163620.0,0.0,0.0,0.0,0.0,40
2023-05-09 21:00:04,ni2404,ni2404,166200.0,0.0,0.0,0.0,1,162140.0,165650.0,1,166200.0,163620.0,0.0,0.0,0.0,0.0,40
2023-05-09 21:00:04,ni2404,ni2404,166200.0,0.0,0.0,0.0,1,162140.0,165650.0,1,166200.0,163620.0,0.0,0.0,0.0,0.0,40
2023-05-09 21:00:05,ni2404,ni2404,166200.0,0.0,0.0,0.0,1,162140.0,164950.0,1,166200.0,163620.0,0.0,0.0,0.0,0.0,40
2023-05-09 21:00:06,ni2404,ni2404,166200.0,0.0,0.0,0.0,1,162700.0,164950.0,1,166200.0,163620.0,0.0,0.0,0.0,0.0,40
2023-05-09 21:00:06,ni2404,ni2404,166200.0,0.0,0.0,0.0,1,162700.0,164950.0,1,166200.0,163620.0,0.0,0.0,0.0,0.0,40
2023-05-09 21:00:07,ni2404,ni2404,166200.0,0.0,0.0,0.0,1,162700.0,164940.0,2,166200.0,163620.0,0.0,0.0,0.0,0.0,40
2023-05-09 21:00:07,ni2404,ni2404,166200.0,0.0,0.0,0.0,1,162700.0,164940.0,2,166200.0,163620.0,0.0,0.0,0.0,0.0,40
2023-05-09 21:00:08,ni2404,ni2404,166200.0,0.0,0.0,0.0,1,162700.0,164940.0,2,166200.0,163620.0,0.0,0.0,0.0,0.0,40
2023-05-09 21:00:08,ni2404,ni2404,166200.0,0.0,0.0,0.0,1,162700.0,164940.0,2,166200.0,163620.0,0.0,0.0,0.0,0.0,40
2023-05-09 21:00:09,ni2404,ni2404,166200.0,0.0,0.0,0.0,1,162700.0,164940.0,2,166200.0,163620.0,0.0,0.0,0.0,0.0,40
2023-05-09 21:00:09,ni2404,ni2404,166200.0,0.0,0.0,0.0,1,162700.0,164940.0,1,166200.0,163620.0,0.0,0.0,0.0,0.0,40
2023-05-09 21:00:10,ni2404,ni2404,166200.0,0.0,0.0,0.0,1,162700.0,164500.0,1,166200.0,163620.0,0.0,0.0,0.0,0.0,40
2023-05-09 21:00:10,ni2404,ni2404,166200.0,0.0,0.0,0.0,1,162700.0,164700.0,1,166200.0,163620.0,0.0,0.0,0.0,0.0,40
2023-05-09 21:00:11,ni2404,ni2404,166200.0,0.0,0.0,0.0,1,162710.0,164700.0,1,166200.0,163620.0,0.0,0.0,0.0,0.0,40
2023-05-09 21:00:11,ni2404,ni2404,166200.0,0.0,0.0,0.0,2,162710.0,164930.0,1,166200.0,163620.0,0.0,0.0,0.0,0.0,40
2023-05-09 21:00:12,ni2404,ni2404,166200.0,0.0,0.0,0.0,1,162710.0,164930.0,1,166200.0,163620.0,0.0,0.0,0.0,0.0,40
2023-05-09 21:00:13,ni2404,ni2404,166200.0,0.0,0.0,0.0,1,162710.0,164930.0,1,166200.0,163620.0,0.0,0.0,0.0,0.0,40
2023-05-09 21:00:13,ni2404,ni2404,166200.0,0.0,0.0,0.0,1,162710.0,164930.0,1,166200.0,163620.0,0.0,0.0,0.0,0.0,40
2023-05-09 21:00:15,ni2404,ni2404,166200.0,0.0,0.0,0.0,1,162710.0,164930.0,1,166200.0,163620.0,0.0,0.0,0.0,0.0,40
2023-05-09 21:00:15,ni2404,ni2404,166200.0,0.0,0.0,0.0,1,162710.0,165650.0,1,166200.0,163620.0,0.0,0.0,0.0,0.0,40
2023-05-09 21:00:16,ni2404,ni2404,166200.0,0.0,0.0,0.0,1,162710.0,165070.0,1,166200.0,163620.0,0.0,0.0,0.0,0.0,40
2023-05-09 21:00:16,ni2404,ni2404,166200.0,0.0,0.0,0.0,1,162710.0,165070.0,2,166200.0,163620.0,0.0,0.0,0.0,0.0,40
2023-05-09 21:00:17,ni2404,ni2404,166200.0,0.0,0.0,0.0,1,162720.0,165070.0,2,166200.0,163620.0,0.0,0.0,0.0,0.0,40
2023-05-09 21:00:17,ni2404,ni2404,166200.0,0.0,0.0,0.0,3,162720.0,165050.0,1,166200.0,163620.0,0.0,0.0,0.0,0.0,40
2023-05-09 21:00:18,ni2404,ni2404,166200.0,0.0,0.0,0.0,2,162720.0,165050.0,1,166200.0,163620.0,0.0,0.0,0.0,0.0,40
2023-05-09 21:00:18,ni2404,ni2404,166200.0,0.0,0.0,0.0,2,162730.0,165050.0,1,166200.0,163620.0,0.0,0.0,0.0,0.0,40
2023-05-09 21:00:19,ni2404,ni2404,166200.0,0.0,0.0,0.0,2,162730.0,165040.0,1,166200.0,163620.0,0.0,0.0,0.0,0.0,40
2023-05-09 21:00:19,ni2404,ni2404,166200.0,0.0,0.0,0.0,2,162730.0,165040.0,3,166200.0,163620.0,0.0,0.0,0.0,0.0,40
2023-05-09 21:00:20,ni2404,ni2404,166200.0,0.0,0.0,0.0,1,162730.0,165040.0,3,166200.0,163620.0,0.0,0.0,0.0,0.0,40
2023-05-09 21:00:20,ni2404,ni2404,166200.0,0.0,0.0,0.0,1,162730.0,165030.0,2,166200.0,163620.0,0.0,0.0,0.0,0.0,40
2023-05-09 21:00:21,ni2404,ni2404,166200.0,0.0,0.0,0.0,1,162730.0,165030.0,2,166200.0,163620.0,0.0,0.0,0.0,0.0,40
2023-05-09 21:00:21,ni2404,ni2404,166200.0,0.0,0.0,0.0,1,162740.0,164580.0,1,166200.0,163620.0,0.0,0.0,0.0,0.0,40
2023-05-09 21:00:22,ni2404,ni2404,166200.0,0.0,0.0,0.0,1,162750.0,164580.0,1,166200.0,163620.0,0.0,0.0,0.0,0.0,40
2023-05-09 21:00:22,ni2404,ni2404,166200.0,0.0,0.0,0.0,1,162750.0,164580.0,1,166200.0,163620.0,0.0,0.0,0.0,0.0,40
2023-05-09 21:00:23,ni2404,ni2404,166200.0,0.0,0.0,0.0,1,162760.0,164580.0,1,166200.0,163620.0,0.0,0.0,0.0,0.0,40
2023-05-09 21:00:23,ni2404,ni2404,166200.0,0.0,0.0,0.0,1,162770.0,164580.0,1,166200.0,163620.0,0.0,0.0,0.0,0.0,40
2023-05-09 21:00:24,ni2404,ni2404,166200.0,0.0,0.0,0.0,1,162770.0,165650.0,1,166200.0,163620.0,0.0,0.0,0.0,0.0,40
2023-05-09 21:00:24,ni2404,ni2404,166200.0,0.0,0.0,0.0,1,162770.0,165010.0,1,166200.0,163620.0,0.0,0.0,0.0,0.0,40
2023-05-09 21:00:25,ni2404,ni2404,166200.0,0.0,0.0,0.0,1,162770.0,164570.0,1,166200.0,163620.0,0.0,0.0,0.0,0.0,40
2023-05-09 21:00:25,ni2404,ni2404,166200.0,0.0,0.0,0.0,1,162770.0,164710.0,1,166200.0,163620.0,0.0,0.0,0.0,0.0,40
2023-05-09 21:00:26,ni2404,ni2404,166200.0,0.0,0.0,0.0,1,162770.0,165640.0,3,166200.0,163620.0,0.0,0.0,0.0,0.0,40
2023-05-09 21:00:26,ni2404,ni2404,166200.0,0.0,0.0,0.0,1,162770.0,165000.0,1,166200.0,163620.0,0.0,0.0,0.0,0.0,40
2023-05-09 21:00:27,ni2404,ni2404,166200.0,0.0,0.0,0.0,1,162770.0,165000.0,1,166200.0,163620.0,0.0,0.0,0.0,0.0,40
2023-05-09 21:00:29,ni2404,ni2404,166200.0,0.0,0.0,0.0,1,162770.0,165000.0,3,166200.0,163620.0,0.0,0.0,0.0,0.0,40
2023-05-09 21:00:30,ni2404,ni2404,166200.0,0.0,0.0,0.0,1,162770.0,165000.0,4,166200.0,163620.0,0.0,0.0,0.0,0.0,40
2023-05-09 21:00:31,ni2404,ni2404,166200.0,0.0,0.0,0.0,1,162770.0,164990.0,1,166200.0,163620.0,0.0,0.0,0.0,0.0,40
2023-05-09 21:00:31,ni2404,ni2404,166200.0,0.0,0.0,0.0,1,162770.0,164910.0,1,166200.0,163620.0,0.0,0.0,0.0,0.0,40
2023-05-09 21:00:32,ni2404,ni2404,166200.0,0.0,0.0,0.0,1,162770.0,164550.0,1,166200.0,163620.0,0.0,0.0,0.0,0.0,40
2023-05-09 21:00:32,ni2404,ni2404,166200.0,0.0,0.0,0.0,1,162770.0,164550.0,1,166200.0,163620.0,0.0,0.0,0.0,0.0,40
2023-05-09 21:00:33,ni2404,ni2404,166200.0,0.0,0.0,0.0,1,162770.0,164550.0,1,166200.0,163620.0,0.0,0.0,0.0,0.0,40
2023-05-09 21:00:34,ni2404,ni2404,166200.0,0.0,0.0,0.0,1,162770.0,164550.0,1,166200.0,163620.0,0.0,0.0,0.0,0.0,40
2023-05-09 21:00:35,ni2404,ni2404,166200.0,0.0,0.0,0.0,1,162770.0,164550.0,1,166200.0,163620.0,0.0,0.0,0.0,0.0,40
2023-05-09 21:00:36,ni2404,ni2404,166200.0,0.0,0.0,0.0,1,162770.0,164540.0,1,166200.0,163620.0,0.0,0.0,0.0,0.0,40
2023-05-09 21:00:36,ni2404,ni2404,166200.0,0.0,0.0,0.0,1,162770.0,164190.0,1,166200.0,163620.0,0.0,0.0,0.0,0.0,40
2023-05-09 21:00:38,ni2404,ni2404,166200.0,0.0,0.0,0.0,1,162770.0,164540.0,3,166200.0,163620.0,0.0,0.0,0.0,0.0,40
2023-05-09 21:00:38,ni2404,ni2404,166200.0,0.0,0.0,0.0,1,162770.0,164540.0,2,166200.0,163620.0,0.0,0.0,0.0,0.0,40
2023-05-09 21:00:39,ni2404,ni2404,166200.0,0.0,0.0,0.0,1,162770.0,165650.0,1,166200.0,163620.0,0.0,0.0,0.0,0.0,40
2023-05-09 21:00:39,ni2404,ni2404,166200.0,0.0,0.0,0.0,2,162770.0,164610.0,1,166200.0,163620.0,0.0,0.0,0.0,0.0,40
2023-05-09 21:00:40,ni2404,ni2404,166200.0,0.0,0.0,0.0,1,162770.0,164610.0,1,166200.0,163620.0,0.0,0.0,0.0,0.0,40
2023-05-09 21:00:40,ni2404,ni2404,166200.0,0.0,0.0,0.0,1,162780.0,164610.0,1,166200.0,163620.0,0.0,0.0,0.0,0.0,40
2023-05-09 21:00:41,ni2404,ni2404,166200.0,0.0,0.0,0.0,1,162790.0,164610.0,1,166200.0,163620.0,0.0,0.0,0.0,0.0,40
2023-05-09 21:00:42,ni2404,ni2404,166200.0,0.0,0.0,0.0,1,162790.0,164610.0,1,166200.0,163620.0,0.0,0.0,0.0,0.0,40
2023-05-09 21:00:42,ni2404,ni2404,166200.0,0.0,0.0,0.0,1,162790.0,164600.0,1,166200.0,163620.0,0.0,0.0,0.0,0.0,40
2023-05-09 21:00:43,ni2404,ni2404,166200.0,0.0,0.0,0.0,1,162790.0,164600.0,1,166200.0,163620.0,0.0,0.0,0.0,0.0,40
2023-05-09 21:00:43,ni2404,ni2404,166200.0,0.0,0.0,0.0,1,162790.0,164600.0,1,166200.0,163620.0,0.0,0.0,0.0,0.0,40
2023-05-09 21:00:44,ni2404,ni2404,166200.0,0.0,0.0,0.0,1,162790.0,164600.0,1,166200.0,163620.0,0.0,0.0,0.0,0.0,40
2023-05-09 21:00:46,ni2404,ni2404,166200.0,0.0,0.0,0.0,2,162790.0,164600.0,1,166200.0,163620.0,0.0,0.0,0.0,0.0,40
2023-05-09 21:00:46,ni2404,ni2404,166200.0,0.0,0.0,0.0,2,162790.0,164600.0,2,166200.0,163620.0,0.0,0.0,0.0,0.0,40
2023-05-09 21:00:47,ni2404,ni2404,166200.0,0.0,0.0,0.0,2,162790.0,164600.0,2,166200.0,163620.0,0.0,0.0,0.0,0.0,40
2023-05-09 21:00:48,ni2404,ni2404,166200.0,0.0,0.0,0.0,1,162790.0,164600.0,2,166200.0,163620.0,0.0,0.0,0.0,0.0,40
2023-05-09 21:00:49,ni2404,ni2404,166200.0,0.0,0.0,0.0,1,162790.0,164600.0,1,166200.0,163620.0,0.0,0.0,0.0,0.0,40
2023-05-09 21:00:50,ni2404,ni2404,166200.0,0.0,0.0,0.0,1,162790.0,164240.0,1,166200.0,163620.0,0.0,0.0,0.0,0.0,40
2023-05-09 21:00:50,ni2404,ni2404,166200.0,0.0,0.0,0.0,2,162790.0,164240.0,1,166200.0,163620.0,0.0,0.0,0.0,0.0,40
2023-05-09 21:00:51,ni2404,ni2404,166200.0,0.0,0.0,0.0,2,162790.0,164240.0,1,166200.0,163620.0,0.0,0.0,0.0,0.0,40
2023-05-09 21:00:51,ni2404,ni2404,166200.0,0.0,0.0,0.0,1,162790.0,164380.0,1,166200.0,163620.0,0.0,0.0,0.0,0.0,40
2023-05-09 21:00:52,ni2404,ni2404,166200.0,0.0,0.0,0.0,1,162790.0,164590.0,3,166200.0,163620.0,0.0,0.0,0.0,0.0,40
2023-05-09 21:00:52,ni2404,ni2404,166200.0,0.0,0.0,0.0,1,162790.0,165650.0,1,166200.0,163620.0,0.0,0.0,0.0,0.0,40
2023-05-09 21:00:53,ni2404,ni2404,166200.0,0.0,0.0,0.0,1,162790.0,164620.0,1,166200.0,163620.0,0.0,0.0,0.0,0.0,40
2023-05-09 21:00:53,ni2404,ni2404,166200.0,0.0,0.0,0.0,1,162790.0,164610.0,1,166200.0,163620.0,0.0,0.0,0.0,0.0,40
2023-05-09 21:00:55,ni2404,ni2404,166200.0,0.0,0.0,0.0,2,162790.0,164250.0,1,166200.0,163620.0,0.0,0.0,0.0,0.0,40
2023-05-09 21:00:56,ni2404,ni2404,166200.0,0.0,0.0,0.0,1,162790.0,164240.0,1,166200.0,163620.0,0.0,0.0,0.0,0.0,40
2023-05-09 21:00:57,ni2404,ni2404,166200.0,0.0,0.0,0.0,1,162790.0,164240.0,1,166200.0,163620.0,0.0,0.0,0.0,0.0,40
2023-05-09 21:00:57,ni2404,ni2404,166200.0,0.0,0.0,0.0,1,162790.0,164240.0,1,166200.0,163620.0,0.0,0.0,0.0,0.0,40
2023-05-09 21:00:58,ni2404,ni2404,166200.0,0.0,0.0,0.0,1,162790.0,164240.0,1,166200.0,163620.0,0.0,0.0,0.0,0.0,40
2023-05-09 21:00:58,ni2404,ni2404,166200.0,0.0,0.0,0.0,1,162790.0,164240.0,1,166200.0,163620.0,0.0,0.0,0.0,0.0,40
2023-05-09 21:00:59,ni2404,ni2404,166200.0,0.0,0.0,0.0,1,162790.0,165650.0,1,166200.0,163620.0,0.0,0.0,0.0,0.0,40
2023-05-09 21:00:59,ni2404,ni2404,166200.0,0.0,0.0,0.0,2,162790.0,164620.0,1,166200.0,163620.0,0.0,0.0,0.0,0.0,40
2023-05-09 21:01:00,ni2404,ni2404,166200.0,0.0,0.0,0.0,1,162790.0,164620.0,1,166200.0,163620.0,0.0,0.0,0.0,0.0,40
2023-05-09 21:01:01,ni2404,ni2404,166200.0,0.0,0.0,0.0,1,162790.0,164610.0,1,166200.0,163620.0,0.0,0.0,0.0,0.0,40
2023-05-09 21:01:02,ni2404,ni2404,166200.0,0.0,0.0,0.0,1,162790.0,164610.0,1,166200.0,163620.0,0.0,0.0,0.0,0.0,40
2023-05-09 21:01:02,ni2404,ni2404,166200.0,0.0,0.0,0.0,2,162800.0,164610.0,1,166200.0,163620.0,0.0,0.0,0.0,0.0,40
2023-05-09 21:01:03,ni2404,ni2404,166200.0,0.0,0.0,0.0,1,162810.0,164610.0,1,166200.0,163620.0,0.0,0.0,0.0,0.0,40
2023-05-09 21:01:03,ni2404,ni2404,166200.0,0.0,0.0,0.0,1,162810.0,164600.0,1,166200.0,163620.0,0.0,0.0,0.0,0.0,40
2023-05-09 21:01:06,ni2404,ni2404,166200.0,0.0,0.0,0.0,1,162810.0,164590.0,1,166200.0,163620.0,0.0,0.0,0.0,0.0,40
2023-05-09 21:01:06,ni2404,ni2404,166200.0,0.0,0.0,0.0,1,162810.0,164590.0,1,166200.0,163620.0,0.0,0.0,0.0,0.0,40
2023-05-09 21:01:07,ni2404,ni2404,166200.0,0.0,0.0,0.0,1,162810.0,164580.0,1,166200.0,163620.0,0.0,0.0,0.0,0.0,40
2023-05-09 21:01:09,ni2404,ni2404,166200.0,0.0,0.0,0.0,1,162810.0,164580.0,2,166200.0,163620.0,0.0,0.0,0.0,0.0,40
2023-05-09 21:01:09,ni2404,ni2404,166200.0,0.0,0.0,0.0,1,162810.0,164560.0,1,166200.0,163620.0,0.0,0.0,0.0,0.0,40
2023-05-09 21:01:10,ni2404,ni2404,166200.0,0.0,0.0,0.0,1,162810.0,164560.0,1,166200.0,163620.0,0.0,0.0,0.0,0.0,40
2023-05-09 21:01:10,ni2404,ni2404,166200.0,0.0,0.0,0.0,1,162810.0,164550.0,1,166200.0,163620.0,0.0,0.0,0.0,0.0,40
2023-05-09 21:01:11,ni2404,ni2404,166200.0,0.0,0.0,0.0,1,162810.0,164220.0,1,166200.0,163620.0,0.0,0.0,0.0,0.0,40
2023-05-09 21:01:12,ni2404,ni2404,166200.0,0.0,0.0,0.0,2,162810.0,164550.0,1,166200.0,163620.0,0.0,0.0,0.0,0.0,40
2023-05-09 21:01:12,ni2404,ni2404,166200.0,0.0,0.0,0.0,2,162810.0,164530.0,1,166200.0,163620.0,0.0,0.0,0.0,0.0,40
2023-05-09 21:01:13,ni2404,ni2404,166200.0,0.0,0.0,0.0,2,162810.0,164530.0,1,166200.0,163620.0,0.0,0.0,0.0,0.0,40
2023-05-09 21:01:13,ni2404,ni2404,166200.0,0.0,0.0,0.0,1,162810.0,164520.0,1,166200.0,163620.0,0.0,0.0,0.0,0.0,40
2023-05-09 21:01:14,ni2404,ni2404,166200.0,0.0,0.0,0.0,1,162810.0,164520.0,1,166200.0,163620.0,0.0,0.0,0.0,0.0,40
2023-05-09 21:01:15,ni2404,ni2404,166200.0,0.0,0.0,0.0,1,162810.0,164520.0,1,166200.0,163620.0,0.0,0.0,0.0,0.0,40
2023-05-09 21:01:15,ni2404,ni2404,166200.0,0.0,0.0,0.0,2,162810.0,164520.0,1,166200.0,163620.0,0.0,0.0,0.0,0.0,40
2023-05-09 21:01:16,ni2404,ni2404,166200.0,0.0,0.0,0.0,2,162810.0,164520.0,2,166200.0,163620.0,0.0,0.0,0.0,0.0,40
2023-05-09 21:01:16,ni2404,ni2404,166200.0,0.0,0.0,0.0,2,162810.0,164520.0,2,166200.0,163620.0,0.0,0.0,0.0,0.0,40
2023-05-09 21:01:17,ni2404,ni2404,166200.0,0.0,0.0,0.0,1,162810.0,164520.0,2,166200.0,163620.0,0.0,0.0,0.0,0.0,40
2023-05-09 21:01:22,ni2404,ni2404,166200.0,0.0,0.0,0.0,1,162810.0,164510.0,1,166200.0,163620.0,0.0,0.0,0.0,0.0,40
2023-05-09 21:01:22,ni2404,ni2404,166200.0,0.0,0.0,0.0,1,162810.0,164510.0,1,166200.0,163620.0,0.0,0.0,0.0,0.0,40
2023-05-09 21:01:23,ni2404,ni2404,166200.0,0.0,0.0,0.0,1,162810.0,164510.0,1,166200.0,163620.0,0.0,0.0,0.0,0.0,40
2023-05-09 21:01:24,ni2404,ni2404,166200.0,0.0,0.0,0.0,2,162810.0,164510.0,1,166200.0,163620.0,0.0,0.0,0.0,0.0,40
2023-05-09 21:01:24,ni2404,ni2404,166200.0,0.0,0.0,0.0,2,162810.0,165650.0,1,166200.0,163620.0,0.0,0.0,0.0,0.0,40
2023-05-09 21:01:25,ni2404,ni2404,166200.0,0.0,0.0,0.0,1,162810.0,164530.0,1,166200.0,163620.0,0.0,0.0,0.0,0.0,40
2023-05-09 21:01:25,ni2404,ni2404,166200.0,0.0,0.0,0.0,1,162810.0,164530.0,1,166200.0,163620.0,0.0,0.0,0.0,0.0,40
2023-05-09 21:01:26,ni2404,ni2404,166200.0,0.0,0.0,0.0,2,162810.0,164530.0,1,166200.0,163620.0,0.0,0.0,0.0,0.0,40
2023-05-09 21:01:27,ni2404,ni2404,166200.0,0.0,0.0,0.0,1,162810.0,164520.0,1,166200.0,163620.0,0.0,0.0,0.0,0.0,40
2023-05-09 21:01:28,ni2404,ni2404,166200.0,0.0,0.0,0.0,1,162810.0,164510.0,1,166200.0,163620.0,0.0,0.0,0.0,0.0,40
2023-05-09 21:01:28,ni2404,ni2404,166200.0,0.0,0.0,0.0,1,162810.0,164510.0,1,166200.0,163620.0,0.0,0.0,0.0,0.0,40
2023-05-09 21:01:29,ni2404,ni2404,166200.0,0.0,0.0,0.0,1,162810.0,164510.0,1,166200.0,163620.0,0.0,0.0,0.0,0.0,40
2023-05-09 21:01:30,ni2404,ni2404,166200.0,0.0,0.0,0.0,1,162810.0,164510.0,1,166200.0,163620.0,0.0,0.0,0.0,0.0,40
2023-05-09 21:01:31,ni2404,ni2404,166200.0,0.0,0.0,0.0,1,162810.0,164500.0,1,166200.0,163620.0,0.0,0.0,0.0,0.0,40
2023-05-09 21:01:31,ni2404,ni2404,166200.0,0.0,0.0,0.0,1,162810.0,164500.0,1,166200.0,163620.0,0.0,0.0,0.0,0.0,40
2023-05-09 21:01:32,ni2404,ni2404,166200.0,0.0,0.0,0.0,2,162810.0,164490.0,1,166200.0,163620.0,0.0,0.0,0.0,0.0,40
2023-05-09 21:01:33,ni2404,ni2404,166200.0,0.0,0.0,0.0,2,162810.0,164160.0,1,166200.0,163620.0,0.0,0.0,0.0,0.0,40
2023-05-09 21:01:34,ni2404,ni2404,166200.0,0.0,0.0,0.0,2,162810.0,164160.0,1,166200.0,163620.0,0.0,0.0,0.0,0.0,40
2023-05-09 21:01:34,ni2404,ni2404,166200.0,0.0,0.0,0.0,1,162810.0,164160.0,1,166200.0,163620.0,0.0,0.0,0.0,0.0,40
2023-05-09 21:01:35,ni2404,ni2404,166200.0,0.0,0.0,0.0,1,162810.0,164160.0,1,166200.0,163620.0,0.0,0.0,0.0,0.0,40
2023-05-09 21:01:35,ni2404,ni2404,166200.0,0.0,0.0,0.0,1,162810.0,164480.0,1,166200.0,163620.0,0.0,0.0,0.0,0.0,40
2023-05-09 21:01:36,ni2404,ni2404,166200.0,0.0,0.0,0.0,1,162810.0,164150.0,1,166200.0,163620.0,0.0,0.0,0.0,0.0,40
2023-05-09 21:01:36,ni2404,ni2404,166200.0,0.0,0.0,0.0,1,162810.0,164150.0,1,166200.0,163620.0,0.0,0.0,0.0,0.0,40
2023-05-09 21:01:40,ni2404,ni2404,166200.0,0.0,0.0,0.0,2,162810.0,164150.0,1,166200.0,163620.0,0.0,0.0,0.0,0.0,40
2023-05-09 21:01:41,ni2404,ni2404,166200.0,0.0,0.0,0.0,2,162810.0,164320.0,1,166200.0,163620.0,0.0,0.0,0.0,0.0,40
2023-05-09 21:01:41,ni2404,ni2404,166200.0,0.0,0.0,0.0,2,162810.0,164310.0,2,166200.0,163620.0,0.0,0.0,0.0,0.0,40
2023-05-09 21:01:44,ni2404,ni2404,166200.0,0.0,0.0,0.0,1,162810.0,164310.0,2,166200.0,163620.0,0.0,0.0,0.0,0.0,40
2023-05-09 21:01:46,ni2404,ni2404,166200.0,0.0,0.0,0.0,1,162810.0,165650.0,1,166200.0,163620.0,0.0,0.0,0.0,0.0,40
2023-05-09 21:01:46,ni2404,ni2404,166200.0,0.0,0.0,0.0,2,162820.0,164520.0,1,166200.0,163620.0,0.0,0.0,0.0,0.0,40
2023-05-09 21:01:47,ni2404,ni2404,166200.0,0.0,0.0,0.0,1,162830.0,164520.0,1,166200.0,163620.0,0.0,0.0,0.0,0.0,40
2023-05-09 21:01:48,ni2404,ni2404,166200.0,0.0,0.0,0.0,1,162830.0,164520.0,1,166200.0,163620.0,0.0,0.0,0.0,0.0,40
2023-05-09 21:01:48,ni2404,ni2404,166200.0,0.0,0.0,0.0,1,162830.0,164520.0,1,166200.0,163620.0,0.0,0.0,0.0,0.0,40
2023-05-09 21:01:49,ni2404,ni2404,166200.0,0.0,0.0,0.0,1,162830.0,164510.0,1,166200.0,163620.0,0.0,0.0,0.0,0.0,40
2023-05-09 21:01:49,ni2404,ni2404,166200.0,0.0,0.0,0.0,1,162830.0,164500.0,2,166200.0,163620.0,0.0,0.0,0.0,0.0,40
2023-05-09 21:01:54,ni2404,ni2404,166200.0,0.0,0.0,0.0,1,162830.0,164510.0,1,166200.0,163620.0,0.0,0.0,0.0,0.0,40
2023-05-09 21:01:55,ni2404,ni2404,166200.0,0.0,0.0,0.0,1,162830.0,164500.0,2,166200.0,163620.0,0.0,0.0,0.0,0.0,40
2023-05-09 21:01:57,ni2404,ni2404,166200.0,0.0,0.0,0.0,2,162830.0,164500.0,2,166200.0,163620.0,0.0,0.0,0.0,0.0,40
2023-05-09 21:01:58,ni2404,ni2404,166200.0,0.0,0.0,0.0,1,162830.0,164500.0,2,166200.0,163620.0,0.0,0.0,0.0,0.0,40
2023-05-09 21:01:59,ni2404,ni2404,166200.0,0.0,0.0,0.0,1,162830.0,165650.0,1,166200.0,163620.0,0.0,0.0,0.0,0.0,40
2023-05-09 21:02:00,ni2404,ni2404,166200.0,0.0,0.0,0.0,1,162830.0,164600.0,1,166200.0,163620.0,0.0,0.0,0.0,0.0,40
2023-05-09 21:02:00,ni2404,ni2404,166200.0,0.0,0.0,0.0,1,162830.0,164600.0,1,166200.0,163620.0,0.0,0.0,0.0,0.0,40
2023-05-09 21:02:01,ni2404,ni2404,166200.0,0.0,0.0,0.0,1,162830.0,164600.0,1,166200.0,163620.0,0.0,0.0,0.0,0.0,40
2023-05-09 21:02:02,ni2404,ni2404,166200.0,0.0,0.0,0.0,1,162830.0,165090.0,1,166200.0,163620.0,0.0,0.0,0.0,0.0,40
2023-05-09 21:02:02,ni2404,ni2404,166200.0,0.0,0.0,0.0,1,162830.0,164590.0,1,166200.0,163620.0,0.0,0.0,0.0,0.0,40
2023-05-09 21:02:03,ni2404,ni2404,166200.0,0.0,0.0,0.0,1,162830.0,164590.0,1,166200.0,163620.0,0.0,0.0,0.0,0.0,40
2023-05-09 21:02:04,ni2404,ni2404,166200.0,0.0,0.0,0.0,1,162830.0,164580.0,2,166200.0,163620.0,0.0,0.0,0.0,0.0,40
2023-05-09 21:02:08,ni2404,ni2404,166200.0,0.0,0.0,0.0,1,162830.0,164580.0,2,166200.0,163620.0,0.0,0.0,0.0,0.0,40
2023-05-09 21:02:10,ni2404,ni2404,166200.0,0.0,0.0,0.0,1,162830.0,164570.0,1,166200.0,163620.0,0.0,0.0,0.0,0.0,40
2023-05-09 21:02:10,ni2404,ni2404,166200.0,0.0,0.0,0.0,1,162830.0,164570.0,1,166200.0,163620.0,0.0,0.0,0.0,0.0,40
2023-05-09 21:02:11,ni2404,ni2404,166200.0,0.0,0.0,0.0,1,162830.0,164560.0,2,166200.0,163620.0,0.0,0.0,0.0,0.0,40
2023-05-09 21:02:12,ni2404,ni2404,166200.0,0.0,0.0,0.0,1,161400.0,164560.0,2,166200.0,163620.0,0.0,0.0,0.0,0.0,40
2023-05-09 21:02:13,ni2404,ni2404,166200.0,0.0,0.0,0.0,1,162030.0,164550.0,1,166200.0,163620.0,0.0,0.0,0.0,0.0,40
2023-05-09 21:02:13,ni2404,ni2404,166200.0,0.0,0.0,0.0,1,162040.0,164480.0,1,166200.0,163620.0,0.0,0.0,0.0,0.0,40
2023-05-09 21:02:14,ni2404,ni2404,166200.0,0.0,0.0,0.0,1,162040.0,164460.0,1,166200.0,163620.0,0.0,0.0,0.0,0.0,40
2023-05-09 21:02:14,ni2404,ni2404,166200.0,0.0,0.0,0.0,1,162040.0,164460.0,1,166200.0,163620.0,0.0,0.0,0.0,0.0,40
2023-05-09 21:02:16,ni2404,ni2404,166200.0,0.0,0.0,0.0,1,162040.0,164450.0,1,166200.0,163620.0,0.0,0.0,0.0,0.0,40
2023-05-09 21:02:17,ni2404,ni2404,166200.0,0.0,0.0,0.0,1,162040.0,164430.0,1,166200.0,163620.0,0.0,0.0,0.0,0.0,40
2023-05-09 21:02:19,ni2404,ni2404,166200.0,0.0,0.0,0.0,1,162040.0,164430.0,1,166200.0,163620.0,0.0,0.0,0.0,0.0,40
2023-05-09 21:02:19,ni2404,ni2404,166200.0,0.0,0.0,0.0,1,162040.0,164420.0,2,166200.0,163620.0,0.0,0.0,0.0,0.0,40
2023-05-09 21:02:20,ni2404,ni2404,166200.0,0.0,0.0,0.0,1,162040.0,164400.0,1,166200.0,163620.0,0.0,0.0,0.0,0.0,40
2023-05-09 21:02:20,ni2404,ni2404,166200.0,0.0,0.0,0.0,1,162040.0,164400.0,1,166200.0,163620.0,0.0,0.0,0.0,0.0,40
2023-05-09 21:02:21,ni2404,ni2404,166200.0,0.0,0.0,0.0,1,162040.0,164400.0,1,166200.0,163620.0,0.0,0.0,0.0,0.0,40
2023-05-09 21:02:22,ni2404,ni2404,166200.0,0.0,0.0,0.0,1,162040.0,164400.0,1,166200.0,163620.0,0.0,0.0,0.0,0.0,40
2023-05-09 21:02:22,ni2404,ni2404,166200.0,0.0,0.0,0.0,1,162040.0,164390.0,1,166200.0,163620.0,0.0,0.0,0.0,0.0,40
2023-05-09 21:02:23,ni2404,ni2404,166200.0,0.0,0.0,0.0,1,162040.0,164390.0,1,166200.0,163620.0,0.0,0.0,0.0,0.0,40
2023-05-09 21:02:23,ni2404,ni2404,166200.0,0.0,0.0,0.0,1,162040.0,164380.0,1,166200.0,163620.0,0.0,0.0,0.0,0.0,40
2023-05-09 21:02:25,ni2404,ni2404,166200.0,0.0,0.0,0.0,1,162040.0,164380.0,1,166200.0,163620.0,0.0,0.0,0.0,0.0,40
2023-05-09 21:02:25,ni2404,ni2404,166200.0,0.0,0.0,0.0,2,162040.0,164400.0,1,166200.0,163620.0,0.0,0.0,0.0,0.0,40
2023-05-09 21:02:26,ni2404,ni2404,166200.0,0.0,0.0,0.0,2,162040.0,164400.0,1,166200.0,163620.0,0.0,0.0,0.0,0.0,40
2023-05-09 21:02:26,ni2404,ni2404,166200.0,0.0,0.0,0.0,2,162040.0,164400.0,1,166200.0,163620.0,0.0,0.0,0.0,0.0,40
2023-05-09 21:02:27,ni2404,ni2404,166200.0,0.0,0.0,0.0,2,162040.0,164400.0,1,166200.0,163620.0,0.0,0.0,0.0,0.0,40
2023-05-09 21:02:27,ni2404,ni2404,166200.0,0.0,0.0,0.0,2,162040.0,164400.0,1,166200.0,163620.0,0.0,0.0,0.0,0.0,40
2023-05-09 21:02:28,ni2404,ni2404,166200.0,0.0,0.0,0.0,1,162040.0,164400.0,3,166200.0,163620.0,0.0,0.0,0.0,0.0,40
2023-05-09 21:02:28,ni2404,ni2404,166200.0,0.0,0.0,0.0,1,162050.0,164400.0,3,166200.0,163620.0,0.0,0.0,0.0,0.0,40
2023-05-09 21:02:29,ni2404,ni2404,166200.0,0.0,0.0,0.0,1,162060.0,164400.0,3,166200.0,163620.0,0.0,0.0,0.0,0.0,40
2023-05-09 21:02:29,ni2404,ni2404,166200.0,0.0,0.0,0.0,1,162060.0,164400.0,3,166200.0,163620.0,0.0,0.0,0.0,0.0,40
2023-05-09 21:02:30,ni2404,ni2404,166200.0,0.0,0.0,0.0,1,162070.0,164400.0,1,166200.0,163620.0,0.0,0.0,0.0,0.0,40
2023-05-09 21:02:31,ni2404,ni2404,166200.0,0.0,0.0,0.0,1,162080.0,164390.0,2,166200.0,163620.0,0.0,0.0,0.0,0.0,40
2023-05-09 21:02:33,ni2404,ni2404,166200.0,0.0,0.0,0.0,1,162080.0,164390.0,2,166200.0,163620.0,0.0,0.0,0.0,0.0,40
2023-05-09 21:02:33,ni2404,ni2404,166200.0,0.0,0.0,0.0,1,162080.0,164390.0,2,166200.0,163620.0,0.0,0.0,0.0,0.0,40
2023-05-09 21:02:34,ni2404,ni2404,166200.0,0.0,0.0,0.0,1,162090.0,164390.0,2,166200.0,163620.0,0.0,0.0,0.0,0.0,40
2023-05-09 21:02:34,ni2404,ni2404,166200.0,0.0,0.0,0.0,1,162100.0,164390.0,2,166200.0,163620.0,0.0,0.0,0.0,0.0,40
2023-05-09 21:02:35,ni2404,ni2404,166200.0,0.0,0.0,0.0,1,162100.0,164390.0,2,166200.0,163620.0,0.0,0.0,0.0,0.0,40
2023-05-09 21:02:35,ni2404,ni2404,166200.0,0.0,0.0,0.0,1,162100.0,164390.0,2,166200.0,163620.0,0.0,0.0,0.0,0.0,40
2023-05-09 21:02:36,ni2404,ni2404,166200.0,0.0,0.0,0.0,1,162110.0,164390.0,2,166200.0,163620.0,0.0,0.0,0.0,0.0,40
2023-05-09 21:02:36,ni2404,ni2404,166200.0,0.0,0.0,0.0,1,162120.0,164390.0,2,166200.0,163620.0,0.0,0.0,0.0,0.0,40
2023-05-09 21:02:37,ni2404,ni2404,166200.0,0.0,0.0,0.0,1,162120.0,164390.0,2,166200.0,163620.0,0.0,0.0,0.0,0.0,40
2023-05-09 21:02:37,ni2404,ni2404,166200.0,0.0,0.0,0.0,1,162130.0,164390.0,2,166200.0,163620.0,0.0,0.0,0.0,0.0,40
2023-05-09 21:02:38,ni2404,ni2404,166200.0,0.0,0.0,0.0,1,162140.0,164390.0,2,166200.0,163620.0,0.0,0.0,0.0,0.0,40
2023-05-09 21:02:41,ni2404,ni2404,166200.0,0.0,0.0,0.0,1,162140.0,164390.0,2,166200.0,163620.0,0.0,0.0,0.0,0.0,40
2023-05-09 21:02:41,ni2404,ni2404,166200.0,0.0,0.0,0.0,1,162150.0,164390.0,2,166200.0,163620.0,0.0,0.0,0.0,0.0,40
2023-05-09 21:02:42,ni2404,ni2404,166200.0,0.0,0.0,0.0,1,162160.0,164390.0,2,166200.0,163620.0,0.0,0.0,0.0,0.0,40
2023-05-09 21:02:42,ni2404,ni2404,166200.0,0.0,0.0,0.0,1,162160.0,164390.0,2,166200.0,163620.0,0.0,0.0,0.0,0.0,40
2023-05-09 21:02:43,ni2404,ni2404,166200.0,0.0,0.0,0.0,1,162160.0,164390.0,2,166200.0,163620.0,0.0,0.0,0.0,0.0,40
2023-05-09 21:02:44,ni2404,ni2404,166200.0,0.0,0.0,0.0,1,162170.0,164390.0,2,166200.0,163620.0,0.0,0.0,0.0,0.0,40
2023-05-09 21:02:44,ni2404,ni2404,166200.0,0.0,0.0,0.0,1,162180.0,164390.0,2,166200.0,163620.0,0.0,0.0,0.0,0.0,40
2023-05-09 21:02:45,ni2404,ni2404,166200.0,0.0,0.0,0.0,1,162180.0,164390.0,3,166200.0,163620.0,0.0,0.0,0.0,0.0,40
2023-05-09 21:02:45,ni2404,ni2404,166200.0,0.0,0.0,0.0,1,162190.0,164370.0,1,166200.0,163620.0,0.0,0.0,0.0,0.0,40
2023-05-09 21:02:46,ni2404,ni2404,166200.0,0.0,0.0,0.0,1,162200.0,164370.0,1,166200.0,163620.0,0.0,0.0,0.0,0.0,40
2023-05-09 21:02:46,ni2404,ni2404,166200.0,0.0,0.0,0.0,1,162200.0,164370.0,1,166200.0,163620.0,0.0,0.0,0.0,0.0,40
2023-05-09 21:02:47,ni2404,ni2404,166200.0,0.0,0.0,0.0,1,162200.0,164360.0,2,166200.0,163620.0,0.0,0.0,0.0,0.0,40
2023-05-09 21:02:48,ni2404,ni2404,166200.0,0.0,0.0,0.0,1,162200.0,164360.0,2,166200.0,163620.0,0.0,0.0,0.0,0.0,40
2023-05-09 21:02:48,ni2404,ni2404,166200.0,0.0,0.0,0.0,1,162210.0,164360.0,2,166200.0,163620.0,0.0,0.0,0.0,0.0,40
2023-05-09 21:02:49,ni2404,ni2404,166200.0,0.0,0.0,0.0,1,162220.0,164360.0,2,166200.0,163620.0,0.0,0.0,0.0,0.0,40
2023-05-09 21:02:52,ni2404,ni2404,166200.0,0.0,0.0,0.0,1,162220.0,164360.0,2,166200.0,163620.0,0.0,0.0,0.0,0.0,40
2023-05-09 21:02:52,ni2404,ni2404,166200.0,0.0,0.0,0.0,1,162230.0,164360.0,2,166200.0,163620.0,0.0,0.0,0.0,0.0,40
2023-05-09 21:02:53,ni2404,ni2404,166200.0,0.0,0.0,0.0,1,162240.0,164360.0,2,166200.0,163620.0,0.0,0.0,0.0,0.0,40
2023-05-09 21:02:54,ni2404,ni2404,166200.0,0.0,0.0,0.0,1,162240.0,164360.0,3,166200.0,163620.0,0.0,0.0,0.0,0.0,40
2023-05-09 21:02:55,ni2404,ni2404,166200.0,0.0,0.0,0.0,1,162240.0,164340.0,1,166200.0,163620.0,0.0,0.0,0.0,0.0,40
2023-05-09 21:02:56,ni2404,ni2404,166200.0,0.0,0.0,0.0,1,162240.0,164340.0,1,166200.0,163620.0,0.0,0.0,0.0,0.0,40
2023-05-09 21:02:56,ni2404,ni2404,166200.0,0.0,0.0,0.0,1,162250.0,164330.0,2,166200.0,163620.0,0.0,0.0,0.0,0.0,40
2023-05-09 21:02:57,ni2404,ni2404,166200.0,0.0,0.0,0.0,1,162260.0,164330.0,3,166200.0,163620.0,0.0,0.0,0.0,0.0,40
2023-05-09 21:02:57,ni2404,ni2404,166200.0,0.0,0.0,0.0,1,162260.0,164320.0,1,166200.0,163620.0,0.0,0.0,0.0,0.0,40
2023-05-09 21:02:59,ni2404,ni2404,166200.0,0.0,0.0,0.0,1,162260.0,164320.0,1,166200.0,163620.0,0.0,0.0,0.0,0.0,40
2023-05-09 21:03:00,ni2404,ni2404,166200.0,0.0,0.0,0.0,1,162270.0,164310.0,2,166200.0,163620.0,0.0,0.0,0.0,0.0,40
2023-05-09 21:03:00,ni2404,ni2404,166200.0,0.0,0.0,0.0,1,162280.0,164310.0,2,166200.0,163620.0,0.0,0.0,0.0,0.0,40
2023-05-09 21:03:01,ni2404,ni2404,166200.0,0.0,0.0,0.0,1,162280.0,164310.0,2,166200.0,163620.0,0.0,0.0,0.0,0.0,40
2023-05-09 21:03:02,ni2404,ni2404,166200.0,0.0,0.0,0.0,1,162280.0,164310.0,2,166200.0,163620.0,0.0,0.0,0.0,0.0,40
2023-05-09 21:03:02,ni2404,ni2404,166200.0,0.0,0.0,0.0,1,162280.0,164310.0,2,166200.0,163620.0,0.0,0.0,0.0,0.0,40
2023-05-09 21:03:03,ni2404,ni2404,166200.0,0.0,0.0,0.0,1,162290.0,164310.0,2,166200.0,163620.0,0.0,0.0,0.0,0.0,40
2023-05-09 21:03:03,ni2404,ni2404,166200.0,0.0,0.0,0.0,1,162300.0,164310.0,2,166200.0,163620.0,0.0,0.0,0.0,0.0,40
2023-05-09 21:03:04,ni2404,ni2404,166200.0,0.0,0.0,0.0,1,162300.0,164310.0,2,166200.0,163620.0,0.0,0.0,0.0,0.0,40
2023-05-09 21:03:04,ni2404,ni2404,166200.0,0.0,0.0,0.0,1,162300.0,164310.0,2,166200.0,163620.0,0.0,0.0,0.0,0.0,40
2023-05-09 21:03:06,ni2404,ni2404,166200.0,0.0,0.0,0.0,1,162300.0,164310.0,2,166200.0,163620.0,0.0,0.0,0.0,0.0,40
2023-05-09 21:03:06,ni2404,ni2404,166200.0,0.0,0.0,0.0,1,162300.0,164310.0,2,166200.0,163620.0,0.0,0.0,0.0,0.0,40
2023-05-09 21:03:09,ni2404,ni2404,166200.0,0.0,0.0,0.0,1,162300.0,164310.0,2,166200.0,163620.0,0.0,0.0,0.0,0.0,40
2023-05-09 21:03:10,ni2404,ni2404,166200.0,0.0,0.0,0.0,1,162310.0,164310.0,2,166200.0,163620.0,0.0,0.0,0.0,0.0,40
2023-05-09 21:03:10,ni2404,ni2404,166200.0,0.0,0.0,0.0,1,162320.0,164310.0,2,166200.0,163620.0,0.0,0.0,0.0,0.0,40
2023-05-09 21:03:11,ni2404,ni2404,166200.0,0.0,0.0,0.0,1,162320.0,164310.0,2,166200.0,163620.0,0.0,0.0,0.0,0.0,40
2023-05-09 21:03:12,ni2404,ni2404,166200.0,0.0,0.0,0.0,1,162320.0,164310.0,2,166200.0,163620.0,0.0,0.0,0.0,0.0,40
2023-05-09 21:03:14,ni2404,ni2404,166200.0,0.0,0.0,0.0,1,162320.0,164310.0,2,166200.0,163620.0,0.0,0.0,0.0,0.0,40
2023-05-09 21:03:14,ni2404,ni2404,166200.0,0.0,0.0,0.0,2,162330.0,164200.0,1,166200.0,163620.0,0.0,0.0,0.0,0.0,40
2023-05-09 21:03:15,ni2404,ni2404,166200.0,0.0,0.0,0.0,2,162340.0,164200.0,1,166200.0,163620.0,0.0,0.0,0.0,0.0,40
2023-05-09 21:03:15,ni2404,ni2404,166200.0,0.0,0.0,0.0,2,162340.0,164190.0,2,166200.0,163620.0,0.0,0.0,0.0,0.0,40
2023-05-09 21:03:16,ni2404,ni2404,166200.0,0.0,0.0,0.0,2,162340.0,164190.0,2,166200.0,163620.0,0.0,0.0,0.0,0.0,40
2023-05-09 21:03:17,ni2404,ni2404,166200.0,0.0,0.0,0.0,2,162340.0,164190.0,2,166200.0,163620.0,0.0,0.0,0.0,0.0,40
2023-05-09 21:03:18,ni2404,ni2404,166200.0,0.0,0.0,0.0,2,162340.0,164190.0,2,166200.0,163620.0,0.0,0.0,0.0,0.0,40
2023-05-09 21:03:18,ni2404,ni2404,166200.0,0.0,0.0,0.0,2,162340.0,164190.0,2,166200.0,163620.0,0.0,0.0,0.0,0.0,40
2023-05-09 21:03:21,ni2404,ni2404,166200.0,0.0,0.0,0.0,2,162340.0,164190.0,3,166200.0,163620.0,0.0,0.0,0.0,0.0,40
2023-05-09 21:03:22,ni2404,ni2404,166200.0,0.0,0.0,0.0,2,162340.0,164190.0,3,166200.0,163620.0,0.0,0.0,0.0,0.0,40
2023-05-09 21:03:26,ni2404,ni2404,166200.0,0.0,0.0,0.0,2,162340.0,164190.0,3,166200.0,163620.0,0.0,0.0,0.0,0.0,40
2023-05-09 21:03:27,ni2404,ni2404,166200.0,0.0,0.0,0.0,2,162340.0,164190.0,3,166200.0,163620.0,0.0,0.0,0.0,0.0,40
2023-05-09 21:03:28,ni2404,ni2404,166200.0,0.0,0.0,0.0,2,162340.0,163830.0,1,166200.0,163620.0,0.0,0.0,0.0,0.0,40
2023-05-09 21:03:28,ni2404,ni2404,166200.0,0.0,0.0,0.0,2,162340.0,163830.0,1,166200.0,163620.0,0.0,0.0,0.0,0.0,40
2023-05-09 21:03:29,ni2404,ni2404,166200.0,0.0,0.0,0.0,2,162340.0,163820.0,2,166200.0,163620.0,0.0,0.0,0.0,0.0,40
2023-05-09 21:03:31,ni2404,ni2404,166200.0,0.0,0.0,0.0,1,162340.0,163820.0,2,166200.0,163620.0,0.0,0.0,0.0,0.0,40
2023-05-09 21:03:32,ni2404,ni2404,166200.0,0.0,0.0,0.0,1,162340.0,163830.0,1,166200.0,163620.0,0.0,0.0,0.0,0.0,40
2023-05-09 21:03:33,ni2404,ni2404,166200.0,0.0,0.0,0.0,1,162340.0,163820.0,2,166200.0,163620.0,0.0,0.0,0.0,0.0,40
2023-05-09 21:03:37,ni2404,ni2404,166200.0,0.0,0.0,0.0,2,162340.0,163820.0,2,166200.0,163620.0,0.0,0.0,0.0,0.0,40
2023-05-09 21:03:37,ni2404,ni2404,166200.0,0.0,0.0,0.0,2,162340.0,163830.0,1,166200.0,163620.0,0.0,0.0,0.0,0.0,40
2023-05-09 21:03:38,ni2404,ni2404,166200.0,0.0,0.0,0.0,2,162340.0,163810.0,1,166200.0,163620.0,0.0,0.0,0.0,0.0,40
2023-05-09 21:03:39,ni2404,ni2404,166200.0,0.0,0.0,0.0,2,162340.0,163810.0,1,166200.0,163620.0,0.0,0.0,0.0,0.0,40
2023-05-09 21:03:40,ni2404,ni2404,166200.0,0.0,0.0,0.0,1,162340.0,163810.0,1,166200.0,163620.0,0.0,0.0,0.0,0.0,40
2023-05-09 21:03:43,ni2404,ni2404,166200.0,0.0,0.0,0.0,2,162340.0,163810.0,1,166200.0,163620.0,0.0,0.0,0.0,0.0,40
2023-05-09 21:03:44,ni2404,ni2404,166200.0,0.0,0.0,0.0,1,162340.0,163810.0,1,166200.0,163620.0,0.0,0.0,0.0,0.0,40
2023-05-09 21:03:45,ni2404,ni2404,166200.0,0.0,0.0,0.0,2,162340.0,163810.0,1,166200.0,163620.0,0.0,0.0,0.0,0.0,40
2023-05-09 21:03:46,ni2404,ni2404,166200.0,0.0,0.0,0.0,2,162340.0,163810.0,1,166200.0,163620.0,0.0,0.0,0.0,0.0,40
2023-05-09 21:03:46,ni2404,ni2404,166200.0,0.0,0.0,0.0,1,162340.0,163800.0,1,166200.0,163620.0,0.0,0.0,0.0,0.0,40
2023-05-09 21:03:47,ni2404,ni2404,166200.0,0.0,0.0,0.0,2,162340.0,163800.0,1,166200.0,163620.0,0.0,0.0,0.0,0.0,40
2023-05-09 21:03:49,ni2404,ni2404,166200.0,0.0,0.0,0.0,2,162340.0,163800.0,1,166200.0,163620.0,0.0,0.0,0.0,0.0,40
2023-05-09 21:03:49,ni2404,ni2404,166200.0,0.0,0.0,0.0,2,162340.0,163790.0,1,166200.0,163620.0,0.0,0.0,0.0,0.0,40
2023-05-09 21:03:50,ni2404,ni2404,166200.0,0.0,0.0,0.0,1,162340.0,163790.0,1,166200.0,163620.0,0.0,0.0,0.0,0.0,40
2023-05-09 21:03:50,ni2404,ni2404,166200.0,0.0,0.0,0.0,1,162340.0,163790.0,1,166200.0,163620.0,0.0,0.0,0.0,0.0,40
2023-05-09 21:03:52,ni2404,ni2404,166200.0,0.0,0.0,0.0,1,162340.0,163790.0,1,166200.0,163620.0,0.0,0.0,0.0,0.0,40
2023-05-09 21:03:53,ni2404,ni2404,166200.0,0.0,0.0,0.0,1,162340.0,163790.0,1,166200.0,163620.0,0.0,0.0,0.0,0.0,40
2023-05-09 21:03:54,ni2404,ni2404,166200.0,0.0,0.0,0.0,1,162340.0,165650.0,1,166200.0,163620.0,0.0,0.0,0.0,0.0,40
2023-05-09 21:03:54,ni2404,ni2404,166200.0,0.0,0.0,0.0,1,162340.0,164300.0,1,166200.0,163620.0,0.0,0.0,0.0,0.0,40
2023-05-09 21:03:55,ni2404,ni2404,166200.0,0.0,0.0,0.0,1,162340.0,164290.0,1,166200.0,163620.0,0.0,0.0,0.0,0.0,40
2023-05-09 21:03:55,ni2404,ni2404,166200.0,0.0,0.0,0.0,1,162340.0,164270.0,1,166200.0,163620.0,0.0,0.0,0.0,0.0,40
2023-05-09 21:03:56,ni2404,ni2404,166200.0,0.0,0.0,0.0,2,162340.0,164270.0,1,166200.0,163620.0,0.0,0.0,0.0,0.0,40
2023-05-09 21:03:56,ni2404,ni2404,166200.0,0.0,0.0,0.0,2,162340.0,164270.0,1,166200.0,163620.0,0.0,0.0,0.0,0.0,40
2023-05-09 21:03:57,ni2404,ni2404,166200.0,0.0,0.0,0.0,2,162340.0,164270.0,1,166200.0,163620.0,0.0,0.0,0.0,0.0,40
2023-05-09 21:03:57,ni2404,ni2404,166200.0,0.0,0.0,0.0,2,162340.0,164260.0,2,166200.0,163620.0,0.0,0.0,0.0,0.0,40
2023-05-09 21:03:58,ni2404,ni2404,166200.0,0.0,0.0,0.0,2,162340.0,164260.0,3,166200.0,163620.0,0.0,0.0,0.0,0.0,40
2023-05-09 21:03:59,ni2404,ni2404,166200.0,0.0,0.0,0.0,2,162350.0,164260.0,3,166200.0,163620.0,0.0,0.0,0.0,0.0,40
2023-05-09 21:04:00,ni2404,ni2404,166200.0,0.0,0.0,0.0,1,162360.0,164260.0,3,166200.0,163620.0,0.0,0.0,0.0,0.0,40
2023-05-09 21:04:01,ni2404,ni2404,166200.0,0.0,0.0,0.0,1,162360.0,164260.0,3,166200.0,163620.0,0.0,0.0,0.0,0.0,40
2023-05-09 21:04:02,ni2404,ni2404,166200.0,0.0,0.0,0.0,1,162360.0,164260.0,3,166200.0,163620.0,0.0,0.0,0.0,0.0,40
2023-05-09 21:04:03,ni2404,ni2404,166200.0,0.0,0.0,0.0,1,162360.0,164260.0,3,166200.0,163620.0,0.0,0.0,0.0,0.0,40
2023-05-09 21:04:03,ni2404,ni2404,166200.0,0.0,0.0,0.0,1,162360.0,164090.0,1,166200.0,163620.0,0.0,0.0,0.0,0.0,40
2023-05-09 21:04:04,ni2404,ni2404,166200.0,0.0,0.0,0.0,1,162360.0,164090.0,1,166200.0,163620.0,0.0,0.0,0.0,0.0,40
2023-05-09 21:04:07,ni2404,ni2404,166200.0,0.0,0.0,0.0,1,162360.0,164090.0,1,166200.0,163620.0,0.0,0.0,0.0,0.0,40
2023-05-09 21:04:07,ni2404,ni2404,166200.0,0.0,0.0,0.0,1,162360.0,164080.0,2,166200.0,163620.0,0.0,0.0,0.0,0.0,40
2023-05-09 21:04:11,ni2404,ni2404,166200.0,0.0,0.0,0.0,2,162360.0,164080.0,2,166200.0,163620.0,0.0,0.0,0.0,0.0,40
2023-05-09 21:04:12,ni2404,ni2404,166200.0,0.0,0.0,0.0,1,162360.0,164080.0,2,166200.0,163620.0,0.0,0.0,0.0,0.0,40
2023-05-09 21:04:12,ni2404,ni2404,166200.0,0.0,0.0,0.0,1,162360.0,164080.0,2,166200.0,163620.0,0.0,0.0,0.0,0.0,40
2023-05-09 21:04:13,ni2404,ni2404,166200.0,0.0,0.0,0.0,1,162360.0,164080.0,2,166200.0,163620.0,0.0,0.0,0.0,0.0,40
2023-05-09 21:04:13,ni2404,ni2404,166200.0,0.0,0.0,0.0,1,162360.0,164080.0,2,166200.0,163620.0,0.0,0.0,0.0,0.0,40
2023-05-09 21:04:14,ni2404,ni2404,166200.0,0.0,0.0,0.0,1,162360.0,164080.0,2,166200.0,163620.0,0.0,0.0,0.0,0.0,40
2023-05-09 21:04:15,ni2404,ni2404,166200.0,0.0,0.0,0.0,1,162360.0,164080.0,2,166200.0,163620.0,0.0,0.0,0.0,0.0,40
2023-05-09 21:04:15,ni2404,ni2404,166200.0,0.0,0.0,0.0,1,162360.0,164080.0,2,166200.0,163620.0,0.0,0.0,0.0,0.0,40
2023-05-09 21:04:16,ni2404,ni2404,166200.0,0.0,0.0,0.0,2,162360.0,164080.0,2,166200.0,163620.0,0.0,0.0,0.0,0.0,40
2023-05-09 21:04:16,ni2404,ni2404,166200.0,0.0,0.0,0.0,1,162360.0,164080.0,2,166200.0,163620.0,0.0,0.0,0.0,0.0,40
2023-05-09 21:04:17,ni2404,ni2404,166200.0,0.0,0.0,0.0,1,162360.0,164080.0,2,166200.0,163620.0,0.0,0.0,0.0,0.0,40
2023-05-09 21:04:17,ni2404,ni2404,166200.0,0.0,0.0,0.0,1,162360.0,164080.0,2,166200.0,163620.0,0.0,0.0,0.0,0.0,40
2023-05-09 21:04:18,ni2404,ni2404,166200.0,0.0,0.0,0.0,1,162370.0,164080.0,2,166200.0,163620.0,0.0,0.0,0.0,0.0,40
2023-05-09 21:04:18,ni2404,ni2404,166200.0,0.0,0.0,0.0,1,162380.0,164080.0,2,166200.0,163620.0,0.0,0.0,0.0,0.0,40
2023-05-09 21:04:20,ni2404,ni2404,166200.0,0.0,0.0,0.0,1,162380.0,164080.0,2,166200.0,163620.0,0.0,0.0,0.0,0.0,40
2023-05-09 21:04:20,ni2404,ni2404,166200.0,0.0,0.0,0.0,1,162380.0,164080.0,2,166200.0,163620.0,0.0,0.0,0.0,0.0,40
2023-05-09 21:04:21,ni2404,ni2404,166200.0,0.0,0.0,0.0,1,162380.0,164080.0,2,166200.0,163620.0,0.0,0.0,0.0,0.0,40
2023-05-09 21:04:25,ni2404,ni2404,166200.0,0.0,0.0,0.0,1,162380.0,164080.0,2,166200.0,163620.0,0.0,0.0,0.0,0.0,40
2023-05-09 21:04:26,ni2404,ni2404,166200.0,0.0,0.0,0.0,1,162380.0,164080.0,2,166200.0,163620.0,0.0,0.0,0.0,0.0,40
2023-05-09 21:04:36,ni2404,ni2404,166200.0,0.0,0.0,0.0,1,162380.0,164080.0,2,166200.0,163620.0,0.0,0.0,0.0,0.0,40
2023-05-09 21:04:36,ni2404,ni2404,166200.0,0.0,0.0,0.0,1,162380.0,164080.0,2,166200.0,163620.0,0.0,0.0,0.0,0.0,40
2023-05-09 21:04:39,ni2404,ni2404,166200.0,0.0,0.0,0.0,1,162380.0,164080.0,2,166200.0,163620.0,0.0,0.0,0.0,0.0,40
2023-05-09 21:04:41,ni2404,ni2404,166200.0,0.0,0.0,0.0,1,162380.0,164080.0,2,166200.0,163620.0,0.0,0.0,0.0,0.0,40
2023-05-09 21:04:41,ni2404,ni2404,166200.0,0.0,0.0,0.0,1,162380.0,164080.0,2,166200.0,163620.0,0.0,0.0,0.0,0.0,40
2023-05-09 21:04:42,ni2404,ni2404,166200.0,0.0,0.0,0.0,2,162380.0,164080.0,2,166200.0,163620.0,0.0,0.0,0.0,0.0,40
2023-05-09 21:04:42,ni2404,ni2404,166200.0,0.0,0.0,0.0,2,162380.0,164070.0,1,166200.0,163620.0,0.0,0.0,0.0,0.0,40
2023-05-09 21:04:43,ni2404,ni2404,166200.0,0.0,0.0,0.0,2,162380.0,164070.0,1,166200.0,163620.0,0.0,0.0,0.0,0.0,40
2023-05-09 21:04:43,ni2404,ni2404,166200.0,0.0,0.0,0.0,2,162380.0,164060.0,2,166200.0,163620.0,0.0,0.0,0.0,0.0,40
2023-05-09 21:04:44,ni2404,ni2404,166200.0,0.0,0.0,0.0,2,162380.0,164060.0,2,166200.0,163620.0,0.0,0.0,0.0,0.0,40
2023-05-09 21:04:44,ni2404,ni2404,166200.0,0.0,0.0,0.0,2,162380.0,164060.0,3,166200.0,163620.0,0.0,0.0,0.0,0.0,40
2023-05-09 21:04:45,ni2404,ni2404,166200.0,0.0,0.0,0.0,1,162380.0,164060.0,3,166200.0,163620.0,0.0,0.0,0.0,0.0,40
2023-05-09 21:04:45,ni2404,ni2404,166200.0,0.0,0.0,0.0,1,162380.0,164060.0,3,166200.0,163620.0,0.0,0.0,0.0,0.0,40
2023-05-09 21:04:46,ni2404,ni2404,166200.0,0.0,0.0,0.0,1,162380.0,164060.0,3,166200.0,163620.0,0.0,0.0,0.0,0.0,40
2023-05-09 21:04:50,ni2404,ni2404,166200.0,0.0,0.0,0.0,1,162380.0,164060.0,3,166200.0,163620.0,0.0,0.0,0.0,0.0,40
2023-05-09 21:04:50,ni2404,ni2404,166200.0,0.0,0.0,0.0,1,162380.0,164060.0,3,166200.0,163620.0,0.0,0.0,0.0,0.0,40
2023-05-09 21:04:51,ni2404,ni2404,166200.0,0.0,0.0,0.0,1,162380.0,164060.0,3,166200.0,163620.0,0.0,0.0,0.0,0.0,40
2023-05-09 21:04:51,ni2404,ni2404,166200.0,0.0,0.0,0.0,1,162380.0,164040.0,1,166200.0,163620.0,0.0,0.0,0.0,0.0,40
2023-05-09 21:04:52,ni2404,ni2404,166200.0,0.0,0.0,0.0,2,162380.0,164040.0,1,166200.0,163620.0,0.0,0.0,0.0,0.0,40
2023-05-09 21:04:53,ni2404,ni2404,166200.0,0.0,0.0,0.0,2,162380.0,164030.0,2,166200.0,163620.0,0.0,0.0,0.0,0.0,40
2023-05-09 21:04:53,ni2404,ni2404,166200.0,0.0,0.0,0.0,2,162380.0,164030.0,3,166200.0,163620.0,0.0,0.0,0.0,0.0,40
2023-05-09 21:04:55,ni2404,ni2404,166200.0,0.0,0.0,0.0,1,162380.0,164030.0,3,166200.0,163620.0,0.0,0.0,0.0,0.0,40
2023-05-09 21:04:56,ni2404,ni2404,166200.0,0.0,0.0,0.0,1,162380.0,163900.0,1,166200.0,163620.0,0.0,0.0,0.0,0.0,40
2023-05-09 21:04:56,ni2404,ni2404,166200.0,0.0,0.0,0.0,2,162380.0,163900.0,1,166200.0,163620.0,0.0,0.0,0.0,0.0,40
2023-05-09 21:04:57,ni2404,ni2404,166200.0,0.0,0.0,0.0,2,162380.0,163890.0,2,166200.0,163620.0,0.0,0.0,0.0,0.0,40
2023-05-09 21:04:58,ni2404,ni2404,166200.0,0.0,0.0,0.0,1,162380.0,163890.0,2,166200.0,163620.0,0.0,0.0,0.0,0.0,40
2023-05-09 21:04:59,ni2404,ni2404,166200.0,0.0,0.0,0.0,1,162380.0,163890.0,2,166200.0,163620.0,0.0,0.0,0.0,0.0,40
2023-05-09 21:04:59,ni2404,ni2404,166200.0,0.0,0.0,0.0,2,162380.0,163890.0,2,166200.0,163620.0,0.0,0.0,0.0,0.0,40
2023-05-09 21:05:00,ni2404,ni2404,166200.0,0.0,0.0,0.0,1,162380.0,163890.0,2,166200.0,163620.0,0.0,0.0,0.0,0.0,40
2023-05-09 21:05:00,ni2404,ni2404,166200.0,0.0,0.0,0.0,1,162390.0,163890.0,2,166200.0,163620.0,0.0,0.0,0.0,0.0,40
2023-05-09 21:05:01,ni2404,ni2404,166200.0,0.0,0.0,0.0,1,162400.0,163890.0,2,166200.0,163620.0,0.0,0.0,0.0,0.0,40
2023-05-09 21:05:03,ni2404,ni2404,166200.0,0.0,0.0,0.0,1,161020.0,163890.0,2,166200.0,163620.0,0.0,0.0,0.0,0.0,40
2023-05-09 21:05:03,ni2404,ni2404,166200.0,0.0,0.0,0.0,1,161810.0,163890.0,2,166200.0,163620.0,0.0,0.0,0.0,0.0,40
2023-05-09 21:05:04,ni2404,ni2404,166200.0,0.0,0.0,0.0,1,161820.0,163890.0,2,166200.0,163620.0,0.0,0.0,0.0,0.0,40
2023-05-09 21:05:04,ni2404,ni2404,166200.0,0.0,0.0,0.0,1,161820.0,163890.0,2,166200.0,163620.0,0.0,0.0,0.0,0.0,40
2023-05-09 21:05:05,ni2404,ni2404,166200.0,0.0,0.0,0.0,1,161820.0,163890.0,2,166200.0,163620.0,0.0,0.0,0.0,0.0,40
2023-05-09 21:05:05,ni2404,ni2404,166200.0,0.0,0.0,0.0,1,161820.0,163890.0,2,166200.0,163620.0,0.0,0.0,0.0,0.0,40
2023-05-09 21:05:08,ni2404,ni2404,166200.0,0.0,0.0,0.0,1,161830.0,163890.0,2,166200.0,163620.0,0.0,0.0,0.0,0.0,40
2023-05-09 21:05:09,ni2404,ni2404,166200.0,0.0,0.0,0.0,1,161840.0,163890.0,2,166200.0,163620.0,0.0,0.0,0.0,0.0,40
2023-05-09 21:05:10,ni2404,ni2404,166200.0,0.0,0.0,0.0,1,161840.0,163890.0,2,166200.0,163620.0,0.0,0.0,0.0,0.0,40
2023-05-09 21:05:10,ni2404,ni2404,166200.0,0.0,0.0,0.0,1,161840.0,163890.0,2,166200.0,163620.0,0.0,0.0,0.0,0.0,40
2023-05-09 21:05:11,ni2404,ni2404,166200.0,0.0,0.0,0.0,1,161840.0,163890.0,2,166200.0,163620.0,0.0,0.0,0.0,0.0,40
2023-05-09 21:05:12,ni2404,ni2404,166200.0,0.0,0.0,0.0,1,161850.0,163890.0,2,166200.0,163620.0,0.0,0.0,0.0,0.0,40
2023-05-09 21:05:12,ni2404,ni2404,166200.0,0.0,0.0,0.0,1,161860.0,163890.0,2,166200.0,163620.0,0.0,0.0,0.0,0.0,40
2023-05-09 21:05:13,ni2404,ni2404,166200.0,0.0,0.0,0.0,2,161860.0,163890.0,2,166200.0,163620.0,0.0,0.0,0.0,0.0,40
2023-05-09 21:05:14,ni2404,ni2404,166200.0,0.0,0.0,0.0,1,161870.0,163890.0,2,166200.0,163620.0,0.0,0.0,0.0,0.0,40
2023-05-09 21:05:14,ni2404,ni2404,166200.0,0.0,0.0,0.0,1,161880.0,163890.0,2,166200.0,163620.0,0.0,0.0,0.0,0.0,40
2023-05-09 21:05:15,ni2404,ni2404,166200.0,0.0,0.0,0.0,2,161880.0,163890.0,2,166200.0,163620.0,0.0,0.0,0.0,0.0,40
2023-05-09 21:05:15,ni2404,ni2404,166200.0,0.0,0.0,0.0,1,161890.0,163890.0,2,166200.0,163620.0,0.0,0.0,0.0,0.0,40
2023-05-09 21:05:16,ni2404,ni2404,166200.0,0.0,0.0,0.0,2,161900.0,163890.0,2,166200.0,163620.0,0.0,0.0,0.0,0.0,40
2023-05-09 21:05:18,ni2404,ni2404,166200.0,0.0,0.0,0.0,2,161900.0,163890.0,2,166200.0,163620.0,0.0,0.0,0.0,0.0,40
2023-05-09 21:05:18,ni2404,ni2404,166200.0,0.0,0.0,0.0,2,161900.0,163890.0,2,166200.0,163620.0,0.0,0.0,0.0,0.0,40
2023-05-09 21:05:20,ni2404,ni2404,166200.0,0.0,0.0,0.0,2,161900.0,163890.0,2,166200.0,163620.0,0.0,0.0,0.0,0.0,40
2023-05-09 21:05:20,ni2404,ni2404,166200.0,0.0,0.0,0.0,1,161910.0,163890.0,2,166200.0,163620.0,0.0,0.0,0.0,0.0,40
2023-05-09 21:05:21,ni2404,ni2404,166200.0,0.0,0.0,0.0,1,161920.0,163890.0,2,166200.0,163620.0,0.0,0.0,0.0,0.0,40
2023-05-09 21:05:23,ni2404,ni2404,166200.0,0.0,0.0,0.0,1,161920.0,163890.0,2,166200.0,163620.0,0.0,0.0,0.0,0.0,40
2023-05-09 21:05:23,ni2404,ni2404,166200.0,0.0,0.0,0.0,1,161920.0,163890.0,2,166200.0,163620.0,0.0,0.0,0.0,0.0,40
2023-05-09 21:05:24,ni2404,ni2404,166200.0,0.0,0.0,0.0,1,161930.0,163890.0,2,166200.0,163620.0,0.0,0.0,0.0,0.0,40
2023-05-09 21:05:24,ni2404,ni2404,166200.0,0.0,0.0,0.0,1,161940.0,163890.0,2,166200.0,163620.0,0.0,0.0,0.0,0.0,40
2023-05-09 21:05:25,ni2404,ni2404,166200.0,0.0,0.0,0.0,1,162200.0,163890.0,2,166200.0,163620.0,0.0,0.0,0.0,0.0,40
2023-05-09 21:05:25,ni2404,ni2404,166200.0,0.0,0.0,0.0,1,162210.0,163890.0,2,166200.0,163620.0,0.0,0.0,0.0,0.0,40
2023-05-09 21:05:27,ni2404,ni2404,166200.0,0.0,0.0,0.0,2,162220.0,163890.0,2,166200.0,163620.0,0.0,0.0,0.0,0.0,40
2023-05-09 21:05:28,ni2404,ni2404,166200.0,0.0,0.0,0.0,1,162230.0,163890.0,2,166200.0,163620.0,0.0,0.0,0.0,0.0,40
2023-05-09 21:05:30,ni2404,ni2404,166200.0,0.0,0.0,0.0,1,162230.0,163890.0,2,166200.0,163620.0,0.0,0.0,0.0,0.0,40
2023-05-09 21:05:30,ni2404,ni2404,166200.0,0.0,0.0,0.0,1,162240.0,163890.0,2,166200.0,163620.0,0.0,0.0,0.0,0.0,40
2023-05-09 21:05:31,ni2404,ni2404,166200.0,0.0,0.0,0.0,1,162250.0,163890.0,2,166200.0,163620.0,0.0,0.0,0.0,0.0,40
2023-05-09 21:05:31,ni2404,ni2404,166200.0,0.0,0.0,0.0,1,162250.0,163890.0,2,166200.0,163620.0,0.0,0.0,0.0,0.0,40
2023-05-09 21:05:32,ni2404,ni2404,166200.0,0.0,0.0,0.0,1,162250.0,163890.0,2,166200.0,163620.0,0.0,0.0,0.0,0.0,40
2023-05-09 21:05:32,ni2404,ni2404,166200.0,0.0,0.0,0.0,1,162250.0,163890.0,2,166200.0,163620.0,0.0,0.0,0.0,0.0,40
2023-05-09 21:05:33,ni2404,ni2404,166200.0,0.0,0.0,0.0,1,162250.0,163890.0,2,166200.0,163620.0,0.0,0.0,0.0,0.0,40
2023-05-09 21:05:33,ni2404,ni2404,166200.0,0.0,0.0,0.0,1,162250.0,163890.0,2,166200.0,163620.0,0.0,0.0,0.0,0.0,40
2023-05-09 21:05:34,ni2404,ni2404,166200.0,0.0,0.0,0.0,1,162260.0,163890.0,2,166200.0,163620.0,0.0,0.0,0.0,0.0,40
2023-05-09 21:05:34,ni2404,ni2404,166200.0,0.0,0.0,0.0,1,162270.0,163890.0,2,166200.0,163620.0,0.0,0.0,0.0,0.0,40
2023-05-09 21:05:35,ni2404,ni2404,166200.0,0.0,0.0,0.0,1,162270.0,163890.0,2,166200.0,163620.0,0.0,0.0,0.0,0.0,40
2023-05-09 21:05:35,ni2404,ni2404,166200.0,0.0,0.0,0.0,1,162270.0,163890.0,2,166200.0,163620.0,0.0,0.0,0.0,0.0,40
2023-05-09 21:05:37,ni2404,ni2404,166200.0,0.0,0.0,0.0,1,162270.0,163890.0,2,166200.0,163620.0,0.0,0.0,0.0,0.0,40
2023-05-09 21:05:38,ni2404,ni2404,166200.0,0.0,0.0,0.0,1,162280.0,163890.0,2,166200.0,163620.0,0.0,0.0,0.0,0.0,40
2023-05-09 21:05:38,ni2404,ni2404,166200.0,0.0,0.0,0.0,1,162290.0,163880.0,1,166200.0,163620.0,0.0,0.0,0.0,0.0,40
2023-05-09 21:05:39,ni2404,ni2404,166200.0,0.0,0.0,0.0,1,162290.0,163880.0,1,166200.0,163620.0,0.0,0.0,0.0,0.0,40
2023-05-09 21:05:39,ni2404,ni2404,166200.0,0.0,0.0,0.0,1,162290.0,163870.0,2,166200.0,163620.0,0.0,0.0,0.0,0.0,40
2023-05-09 21:05:40,ni2404,ni2404,166200.0,0.0,0.0,0.0,1,162290.0,163870.0,2,166200.0,163620.0,0.0,0.0,0.0,0.0,40
2023-05-09 21:05:41,ni2404,ni2404,166200.0,0.0,0.0,0.0,1,162290.0,163870.0,2,166200.0,163620.0,0.0,0.0,0.0,0.0,40
2023-05-09 21:05:41,ni2404,ni2404,166200.0,0.0,0.0,0.0,1,162300.0,163870.0,2,166200.0,163620.0,0.0,0.0,0.0,0.0,40
2023-05-09 21:05:42,ni2404,ni2404,166200.0,0.0,0.0,0.0,1,162310.0,163870.0,2,166200.0,163620.0,0.0,0.0,0.0,0.0,40
2023-05-09 21:05:43,ni2404,ni2404,166200.0,0.0,0.0,0.0,1,162310.0,163860.0,1,166200.0,163620.0,0.0,0.0,0.0,0.0,40
2023-05-09 21:05:43,ni2404,ni2404,166200.0,0.0,0.0,0.0,1,162310.0,163860.0,1,166200.0,163620.0,0.0,0.0,0.0,0.0,40
2023-05-09 21:05:44,ni2404,ni2404,166200.0,0.0,0.0,0.0,1,162310.0,163850.0,2,166200.0,163620.0,0.0,0.0,0.0,0.0,40
2023-05-09 21:05:44,ni2404,ni2404,166200.0,0.0,0.0,0.0,1,162320.0,163850.0,2,166200.0,163620.0,0.0,0.0,0.0,0.0,40
2023-05-09 21:05:45,ni2404,ni2404,166200.0,0.0,0.0,0.0,1,162330.0,163850.0,2,166200.0,163620.0,0.0,0.0,0.0,0.0,40
2023-05-09 21:05:45,ni2404,ni2404,166200.0,0.0,0.0,0.0,1,162330.0,163850.0,2,166200.0,163620.0,0.0,0.0,0.0,0.0,40
2023-05-09 21:05:46,ni2404,ni2404,166200.0,0.0,0.0,0.0,1,162330.0,163850.0,2,166200.0,163620.0,0.0,0.0,0.0,0.0,40
2023-05-09 21:05:47,ni2404,ni2404,166200.0,0.0,0.0,0.0,1,162330.0,163840.0,1,166200.0,163620.0,0.0,0.0,0.0,0.0,40
2023-05-09 21:05:47,ni2404,ni2404,166200.0,0.0,0.0,0.0,1,162340.0,163840.0,1,166200.0,163620.0,0.0,0.0,0.0,0.0,40
2023-05-09 21:05:48,ni2404,ni2404,166200.0,0.0,0.0,0.0,1,162350.0,163830.0,2,166200.0,163620.0,0.0,0.0,0.0,0.0,40
2023-05-09 21:05:48,ni2404,ni2404,166200.0,0.0,0.0,0.0,1,162350.0,163830.0,2,166200.0,163620.0,0.0,0.0,0.0,0.0,40
2023-05-09 21:05:49,ni2404,ni2404,166200.0,0.0,0.0,0.0,1,162350.0,163830.0,2,166200.0,163620.0,0.0,0.0,0.0,0.0,40
2023-05-09 21:05:49,ni2404,ni2404,166200.0,0.0,0.0,0.0,1,162350.0,163830.0,2,166200.0,163620.0,0.0,0.0,0.0,0.0,40
2023-05-09 21:05:50,ni2404,ni2404,166200.0,0.0,0.0,0.0,1,162350.0,163830.0,2,166200.0,163620.0,0.0,0.0,0.0,0.0,40
2023-05-09 21:05:50,ni2404,ni2404,166200.0,0.0,0.0,0.0,2,162350.0,163830.0,2,166200.0,163620.0,0.0,0.0,0.0,0.0,40
2023-05-09 21:05:51,ni2404,ni2404,166200.0,0.0,0.0,0.0,2,162350.0,163820.0,1,166200.0,163620.0,0.0,0.0,0.0,0.0,40
2023-05-09 21:05:51,ni2404,ni2404,166200.0,0.0,0.0,0.0,2,162350.0,163820.0,1,166200.0,163620.0,0.0,0.0,0.0,0.0,40
2023-05-09 21:05:52,ni2404,ni2404,166200.0,0.0,0.0,0.0,2,162350.0,163810.0,2,166200.0,163620.0,0.0,0.0,0.0,0.0,40
2023-05-09 21:05:52,ni2404,ni2404,166200.0,0.0,0.0,0.0,2,162350.0,163810.0,2,166200.0,163620.0,0.0,0.0,0.0,0.0,40
2023-05-09 21:05:55,ni2404,ni2404,166200.0,0.0,0.0,0.0,2,162350.0,163800.0,1,166200.0,163620.0,0.0,0.0,0.0,0.0,40
2023-05-09 21:05:57,ni2404,ni2404,166200.0,0.0,0.0,0.0,1,162360.0,163800.0,1,166200.0,163620.0,0.0,0.0,0.0,0.0,40
2023-05-09 21:05:58,ni2404,ni2404,166200.0,0.0,0.0,0.0,1,162370.0,163800.0,1,166200.0,163620.0,0.0,0.0,0.0,0.0,40
2023-05-09 21:05:58,ni2404,ni2404,166200.0,0.0,0.0,0.0,1,162370.0,163800.0,1,166200.0,163620.0,0.0,0.0,0.0,0.0,40
2023-05-09 21:05:59,ni2404,ni2404,166200.0,0.0,0.0,0.0,1,162370.0,163800.0,1,166200.0,163620.0,0.0,0.0,0.0,0.0,40
2023-05-09 21:06:00,ni2404,ni2404,166200.0,0.0,0.0,0.0,1,162370.0,163800.0,1,166200.0,163620.0,0.0,0.0,0.0,0.0,40
2023-05-09 21:06:01,ni2404,ni2404,166200.0,0.0,0.0,0.0,1,162380.0,163790.0,2,166200.0,163620.0,0.0,0.0,0.0,0.0,40
2023-05-09 21:06:01,ni2404,ni2404,166200.0,0.0,0.0,0.0,1,162390.0,163790.0,2,166200.0,163620.0,0.0,0.0,0.0,0.0,40
2023-05-09 21:06:02,ni2404,ni2404,166200.0,0.0,0.0,0.0,1,162390.0,163790.0,2,166200.0,163620.0,0.0,0.0,0.0,0.0,40
2023-05-09 21:06:03,ni2404,ni2404,166200.0,0.0,0.0,0.0,1,162390.0,163790.0,2,166200.0,163620.0,0.0,0.0,0.0,0.0,40
2023-05-09 21:06:03,ni2404,ni2404,166200.0,0.0,0.0,0.0,1,162390.0,163790.0,2,166200.0,163620.0,0.0,0.0,0.0,0.0,40
2023-05-09 21:06:05,ni2404,ni2404,166200.0,0.0,0.0,0.0,1,162400.0,163790.0,2,166200.0,163620.0,0.0,0.0,0.0,0.0,40
2023-05-09 21:06:05,ni2404,ni2404,166200.0,0.0,0.0,0.0,1,162410.0,163790.0,2,166200.0,163620.0,0.0,0.0,0.0,0.0,40
2023-05-09 21:06:06,ni2404,ni2404,166200.0,0.0,0.0,0.0,1,162410.0,163790.0,2,166200.0,163620.0,0.0,0.0,0.0,0.0,40
2023-05-09 21:06:08,ni2404,ni2404,166200.0,0.0,0.0,0.0,1,162410.0,163790.0,2,166200.0,163620.0,0.0,0.0,0.0,0.0,40
2023-05-09 21:06:09,ni2404,ni2404,166200.0,0.0,0.0,0.0,1,162410.0,163790.0,2,166200.0,163620.0,0.0,0.0,0.0,0.0,40
2023-05-09 21:06:11,ni2404,ni2404,166200.0,0.0,0.0,0.0,2,162420.0,163790.0,2,166200.0,163620.0,0.0,0.0,0.0,0.0,40
2023-05-09 21:06:11,ni2404,ni2404,166200.0,0.0,0.0,0.0,1,162430.0,163790.0,2,166200.0,163620.0,0.0,0.0,0.0,0.0,40
2023-05-09 21:06:12,ni2404,ni2404,166200.0,0.0,0.0,0.0,1,162430.0,163790.0,2,166200.0,163620.0,0.0,0.0,0.0,0.0,40
2023-05-09 21:06:13,ni2404,ni2404,166200.0,0.0,0.0,0.0,1,162430.0,163790.0,2,166200.0,163620.0,0.0,0.0,0.0,0.0,40
2023-05-09 21:06:15,ni2404,ni2404,166200.0,0.0,0.0,0.0,1,162430.0,163790.0,2,166200.0,163620.0,0.0,0.0,0.0,0.0,40
2023-05-09 21:06:15,ni2404,ni2404,166200.0,0.0,0.0,0.0,1,162430.0,163790.0,2,166200.0,163620.0,0.0,0.0,0.0,0.0,40
2023-05-09 21:06:18,ni2404,ni2404,166200.0,0.0,0.0,0.0,1,162430.0,163790.0,2,166200.0,163620.0,0.0,0.0,0.0,0.0,40
2023-05-09 21:06:19,ni2404,ni2404,166200.0,0.0,0.0,0.0,1,162430.0,163790.0,2,166200.0,163620.0,0.0,0.0,0.0,0.0,40
2023-05-09 21:06:21,ni2404,ni2404,166200.0,0.0,0.0,0.0,1,162430.0,163790.0,2,166200.0,163620.0,0.0,0.0,0.0,0.0,40
2023-05-09 21:06:22,ni2404,ni2404,166200.0,0.0,0.0,0.0,1,162430.0,163790.0,2,166200.0,163620.0,0.0,0.0,0.0,0.0,40
2023-05-09 21:06:22,ni2404,ni2404,166200.0,0.0,0.0,0.0,1,162430.0,163790.0,2,166200.0,163620.0,0.0,0.0,0.0,0.0,40
2023-05-09 21:06:23,ni2404,ni2404,166200.0,0.0,0.0,0.0,1,162430.0,163790.0,2,166200.0,163620.0,0.0,0.0,0.0,0.0,40
2023-05-09 21:06:25,ni2404,ni2404,166200.0,0.0,0.0,0.0,1,162430.0,163790.0,2,166200.0,163620.0,0.0,0.0,0.0,0.0,40
2023-05-09 21:06:26,ni2404,ni2404,166200.0,0.0,0.0,0.0,1,162430.0,163790.0,2,166200.0,163620.0,0.0,0.0,0.0,0.0,40
2023-05-09 21:06:26,ni2404,ni2404,166200.0,0.0,0.0,0.0,1,162430.0,163790.0,2,166200.0,163620.0,0.0,0.0,0.0,0.0,40
2023-05-09 21:06:27,ni2404,ni2404,166200.0,0.0,0.0,0.0,1,162430.0,163790.0,2,166200.0,163620.0,0.0,0.0,0.0,0.0,40
2023-05-09 21:06:29,ni2404,ni2404,166200.0,0.0,0.0,0.0,1,162430.0,163790.0,2,166200.0,163620.0,0.0,0.0,0.0,0.0,40
2023-05-09 21:06:29,ni2404,ni2404,166200.0,0.0,0.0,0.0,1,162430.0,163790.0,2,166200.0,163620.0,0.0,0.0,0.0,0.0,40
2023-05-09 21:06:30,ni2404,ni2404,166200.0,0.0,0.0,0.0,1,162430.0,163780.0,1,166200.0,163620.0,0.0,0.0,0.0,0.0,40
2023-05-09 21:06:30,ni2404,ni2404,166200.0,0.0,0.0,0.0,1,162430.0,163780.0,1,166200.0,163620.0,0.0,0.0,0.0,0.0,40
2023-05-09 21:06:32,ni2404,ni2404,166200.0,0.0,0.0,0.0,1,162430.0,163780.0,1,166200.0,163620.0,0.0,0.0,0.0,0.0,40
2023-05-09 21:06:33,ni2404,ni2404,166200.0,0.0,0.0,0.0,1,162430.0,163770.0,2,166200.0,163620.0,0.0,0.0,0.0,0.0,40
2023-05-09 21:06:33,ni2404,ni2404,166200.0,0.0,0.0,0.0,1,162430.0,163770.0,2,166200.0,163620.0,0.0,0.0,0.0,0.0,40
2023-05-09 21:06:34,ni2404,ni2404,166200.0,0.0,0.0,0.0,1,162430.0,163770.0,2,166200.0,163620.0,0.0,0.0,0.0,0.0,40
2023-05-09 21:06:36,ni2404,ni2404,166200.0,0.0,0.0,0.0,1,162430.0,163770.0,2,166200.0,163620.0,0.0,0.0,0.0,0.0,40
2023-05-09 21:06:37,ni2404,ni2404,166200.0,0.0,0.0,0.0,1,162430.0,163770.0,2,166200.0,163620.0,0.0,0.0,0.0,0.0,40
2023-05-09 21:06:37,ni2404,ni2404,166200.0,0.0,0.0,0.0,1,162430.0,163770.0,2,166200.0,163620.0,0.0,0.0,0.0,0.0,40
2023-05-09 21:06:38,ni2404,ni2404,166200.0,0.0,0.0,0.0,1,162430.0,163770.0,2,166200.0,163620.0,0.0,0.0,0.0,0.0,40
2023-05-09 21:06:38,ni2404,ni2404,166200.0,0.0,0.0,0.0,2,162430.0,163770.0,2,166200.0,163620.0,0.0,0.0,0.0,0.0,40
2023-05-09 21:06:43,ni2404,ni2404,166200.0,0.0,0.0,0.0,2,162430.0,163770.0,2,166200.0,163620.0,0.0,0.0,0.0,0.0,40
2023-05-09 21:06:43,ni2404,ni2404,166200.0,0.0,0.0,0.0,2,162430.0,163770.0,2,166200.0,163620.0,0.0,0.0,0.0,0.0,40
2023-05-09 21:06:45,ni2404,ni2404,166200.0,0.0,0.0,0.0,2,162430.0,163770.0,2,166200.0,163620.0,0.0,0.0,0.0,0.0,40
2023-05-09 21:06:46,ni2404,ni2404,166200.0,0.0,0.0,0.0,2,162430.0,163770.0,2,166200.0,163620.0,0.0,0.0,0.0,0.0,40
2023-05-09 21:06:49,ni2404,ni2404,166200.0,0.0,0.0,0.0,2,162430.0,163770.0,2,166200.0,163620.0,0.0,0.0,0.0,0.0,40
2023-05-09 21:06:53,ni2404,ni2404,166200.0,0.0,0.0,0.0,1,162430.0,163770.0,2,166200.0,163620.0,0.0,0.0,0.0,0.0,40
2023-05-09 21:06:54,ni2404,ni2404,166200.0,0.0,0.0,0.0,2,162440.0,163770.0,2,166200.0,163620.0,0.0,0.0,0.0,0.0,40
2023-05-09 21:06:55,ni2404,ni2404,166200.0,0.0,0.0,0.0,1,162450.0,163770.0,2,166200.0,163620.0,0.0,0.0,0.0,0.0,40
2023-05-09 21:06:57,ni2404,ni2404,166200.0,0.0,0.0,0.0,1,162450.0,163760.0,3,166200.0,163620.0,0.0,0.0,0.0,0.0,40
2023-05-09 21:07:00,ni2404,ni2404,166200.0,0.0,0.0,0.0,1,162450.0,163760.0,3,166200.0,163620.0,0.0,0.0,0.0,0.0,40
2023-05-09 21:07:01,ni2404,ni2404,166200.0,0.0,0.0,0.0,1,162450.0,163750.0,2,166200.0,163620.0,0.0,0.0,0.0,0.0,40
2023-05-09 21:07:02,ni2404,ni2404,166200.0,0.0,0.0,0.0,1,162450.0,163750.0,2,166200.0,163620.0,0.0,0.0,0.0,0.0,40
2023-05-09 21:07:02,ni2404,ni2404,166200.0,0.0,0.0,0.0,1,162450.0,163750.0,2,166200.0,163620.0,0.0,0.0,0.0,0.0,40
2023-05-09 21:07:03,ni2404,ni2404,166200.0,0.0,0.0,0.0,1,162450.0,163740.0,1,166200.0,163620.0,0.0,0.0,0.0,0.0,40
2023-05-09 21:07:04,ni2404,ni2404,166200.0,0.0,0.0,0.0,2,162450.0,163740.0,1,166200.0,163620.0,0.0,0.0,0.0,0.0,40
2023-05-09 21:07:04,ni2404,ni2404,166200.0,0.0,0.0,0.0,2,162450.0,163730.0,5,166200.0,163620.0,0.0,0.0,0.0,0.0,40
2023-05-09 21:07:05,ni2404,ni2404,166200.0,0.0,0.0,0.0,2,162450.0,163730.0,5,166200.0,163620.0,0.0,0.0,0.0,0.0,40
2023-05-09 21:07:05,ni2404,ni2404,166200.0,0.0,0.0,0.0,2,162450.0,163730.0,5,166200.0,163620.0,0.0,0.0,0.0,0.0,40
2023-05-09 21:07:06,ni2404,ni2404,166200.0,0.0,0.0,0.0,1,162450.0,163730.0,5,166200.0,163620.0,0.0,0.0,0.0,0.0,40
2023-05-09 21:07:09,ni2404,ni2404,166200.0,0.0,0.0,0.0,1,162450.0,163730.0,5,166200.0,163620.0,0.0,0.0,0.0,0.0,40
2023-05-09 21:07:09,ni2404,ni2404,166200.0,0.0,0.0,0.0,1,162450.0,163730.0,2,166200.0,163620.0,0.0,0.0,0.0,0.0,40
2023-05-09 21:07:12,ni2404,ni2404,166200.0,0.0,0.0,0.0,2,162440.0,163720.0,1,166200.0,163620.0,0.0,0.0,0.0,0.0,40
2023-05-09 21:07:12,ni2404,ni2404,166200.0,0.0,0.0,0.0,2,162440.0,163720.0,1,166200.0,163620.0,0.0,0.0,0.0,0.0,40
2023-05-09 21:07:13,ni2404,ni2404,166200.0,0.0,0.0,0.0,3,162440.0,163720.0,1,166200.0,163620.0,0.0,0.0,0.0,0.0,40
2023-05-09 21:07:13,ni2404,ni2404,166200.0,0.0,0.0,0.0,2,162440.0,163720.0,1,166200.0,163620.0,0.0,0.0,0.0,0.0,40
2023-05-09 21:07:14,ni2404,ni2404,166200.0,0.0,0.0,0.0,2,162440.0,163710.0,2,166200.0,163620.0,0.0,0.0,0.0,0.0,40
2023-05-09 21:07:14,ni2404,ni2404,166200.0,0.0,0.0,0.0,2,162450.0,163710.0,2,166200.0,163620.0,0.0,0.0,0.0,0.0,40
2023-05-09 21:07:15,ni2404,ni2404,166200.0,0.0,0.0,0.0,1,162450.0,163710.0,2,166200.0,163620.0,0.0,0.0,0.0,0.0,40
2023-05-09 21:07:17,ni2404,ni2404,166200.0,0.0,0.0,0.0,1,162450.0,163710.0,2,166200.0,163620.0,0.0,0.0,0.0,0.0,40
2023-05-09 21:07:17,ni2404,ni2404,166200.0,0.0,0.0,0.0,1,162450.0,163710.0,2,166200.0,163620.0,0.0,0.0,0.0,0.0,40
2023-05-09 21:07:18,ni2404,ni2404,166200.0,0.0,0.0,0.0,1,162450.0,163700.0,1,166200.0,163620.0,0.0,0.0,0.0,0.0,40
2023-05-09 21:07:19,ni2404,ni2404,166200.0,0.0,0.0,0.0,1,162450.0,163700.0,1,166200.0,163620.0,0.0,0.0,0.0,0.0,40
2023-05-09 21:07:19,ni2404,ni2404,166200.0,0.0,0.0,0.0,1,162450.0,163690.0,2,166200.0,163620.0,0.0,0.0,0.0,0.0,40
2023-05-09 21:07:20,ni2404,ni2404,166200.0,0.0,0.0,0.0,1,162450.0,163690.0,2,166200.0,163620.0,0.0,0.0,0.0,0.0,40
2023-05-09 21:07:21,ni2404,ni2404,166200.0,0.0,0.0,0.0,1,162450.0,163690.0,2,166200.0,163620.0,0.0,0.0,0.0,0.0,40
2023-05-09 21:07:25,ni2404,ni2404,166200.0,0.0,0.0,0.0,1,162450.0,163690.0,2,166200.0,163620.0,0.0,0.0,0.0,0.0,40
2023-05-09 21:07:26,ni2404,ni2404,166200.0,0.0,0.0,0.0,1,162450.0,163690.0,2,166200.0,163620.0,0.0,0.0,0.0,0.0,40
2023-05-09 21:07:28,ni2404,ni2404,166200.0,0.0,0.0,0.0,2,162440.0,163690.0,2,166200.0,163620.0,0.0,0.0,0.0,0.0,40
2023-05-09 21:07:29,ni2404,ni2404,166200.0,0.0,0.0,0.0,2,162450.0,163690.0,2,166200.0,163620.0,0.0,0.0,0.0,0.0,40
2023-05-09 21:07:30,ni2404,ni2404,166200.0,0.0,0.0,0.0,2,162440.0,163690.0,2,166200.0,163620.0,0.0,0.0,0.0,0.0,40
2023-05-09 21:07:31,ni2404,ni2404,166200.0,0.0,0.0,0.0,2,162440.0,163690.0,2,166200.0,163620.0,0.0,0.0,0.0,0.0,40
2023-05-09 21:07:31,ni2404,ni2404,166200.0,0.0,0.0,0.0,2,162440.0,163680.0,1,166200.0,163620.0,0.0,0.0,0.0,0.0,40
2023-05-09 21:07:32,ni2404,ni2404,166200.0,0.0,0.0,0.0,2,162440.0,163680.0,1,166200.0,163620.0,0.0,0.0,0.0,0.0,40
2023-05-09 21:07:32,ni2404,ni2404,166200.0,0.0,0.0,0.0,2,162450.0,163670.0,2,166200.0,163620.0,0.0,0.0,0.0,0.0,40
2023-05-09 21:07:33,ni2404,ni2404,166200.0,0.0,0.0,0.0,2,162450.0,163670.0,2,166200.0,163620.0,0.0,0.0,0.0,0.0,40
2023-05-09 21:07:33,ni2404,ni2404,166200.0,0.0,0.0,0.0,2,162450.0,163670.0,2,166200.0,163620.0,0.0,0.0,0.0,0.0,40
2023-05-09 21:07:34,ni2404,ni2404,166200.0,0.0,0.0,0.0,2,162450.0,163670.0,2,166200.0,163620.0,0.0,0.0,0.0,0.0,40
2023-05-09 21:07:35,ni2404,ni2404,166200.0,0.0,0.0,0.0,1,162450.0,163670.0,2,166200.0,163620.0,0.0,0.0,0.0,0.0,40
2023-05-09 21:07:37,ni2404,ni2404,166200.0,0.0,0.0,0.0,1,162450.0,163670.0,2,166200.0,163620.0,0.0,0.0,0.0,0.0,40
2023-05-09 21:07:38,ni2404,ni2404,166200.0,0.0,0.0,0.0,1,162450.0,163670.0,2,166200.0,163620.0,0.0,0.0,0.0,0.0,40
2023-05-09 21:07:38,ni2404,ni2404,166200.0,0.0,0.0,0.0,2,162450.0,163670.0,2,166200.0,163620.0,0.0,0.0,0.0,0.0,40
2023-05-09 21:07:39,ni2404,ni2404,166200.0,0.0,0.0,0.0,1,162450.0,163670.0,2,166200.0,163620.0,0.0,0.0,0.0,0.0,40
2023-05-09 21:07:42,ni2404,ni2404,166200.0,0.0,0.0,0.0,2,162450.0,163670.0,2,166200.0,163620.0,0.0,0.0,0.0,0.0,40
2023-05-09 21:07:44,ni2404,ni2404,166200.0,0.0,0.0,0.0,2,162450.0,163670.0,2,166200.0,163620.0,0.0,0.0,0.0,0.0,40
2023-05-09 21:07:45,ni2404,ni2404,166200.0,0.0,0.0,0.0,1,162450.0,163670.0,2,166200.0,163620.0,0.0,0.0,0.0,0.0,40
2023-05-09 21:07:47,ni2404,ni2404,166200.0,0.0,0.0,0.0,1,162450.0,163670.0,2,166200.0,163620.0,0.0,0.0,0.0,0.0,40
2023-05-09 21:07:47,ni2404,ni2404,166200.0,0.0,0.0,0.0,1,162450.0,163670.0,2,166200.0,163620.0,0.0,0.0,0.0,0.0,40
2023-05-09 21:07:48,ni2404,ni2404,166200.0,0.0,0.0,0.0,1,162450.0,163670.0,2,166200.0,163620.0,0.0,0.0,0.0,0.0,40
2023-05-09 21:07:48,ni2404,ni2404,166200.0,0.0,0.0,0.0,2,162450.0,163670.0,2,166200.0,163620.0,0.0,0.0,0.0,0.0,40
2023-05-09 21:07:49,ni2404,ni2404,166200.0,0.0,0.0,0.0,1,162450.0,163670.0,2,166200.0,163620.0,0.0,0.0,0.0,0.0,40
2023-05-09 21:07:50,ni2404,ni2404,166200.0,0.0,0.0,0.0,2,162450.0,163670.0,2,166200.0,163620.0,0.0,0.0,0.0,0.0,40
2023-05-09 21:07:51,ni2404,ni2404,166200.0,0.0,0.0,0.0,1,162450.0,163670.0,2,166200.0,163620.0,0.0,0.0,0.0,0.0,40
2023-05-09 21:07:52,ni2404,ni2404,166200.0,0.0,0.0,0.0,1,162450.0,163670.0,2,166200.0,163620.0,0.0,0.0,0.0,0.0,40
2023-05-09 21:07:53,ni2404,ni2404,166200.0,0.0,0.0,0.0,1,162450.0,163670.0,2,166200.0,163620.0,0.0,0.0,0.0,0.0,40
2023-05-09 21:07:53,ni2404,ni2404,166200.0,0.0,0.0,0.0,1,162450.0,163670.0,2,166200.0,163620.0,0.0,0.0,0.0,0.0,40
2023-05-09 21:07:56,ni2404,ni2404,166200.0,0.0,0.0,0.0,1,162450.0,163670.0,2,166200.0,163620.0,0.0,0.0,0.0,0.0,40
2023-05-09 21:07:56,ni2404,ni2404,166200.0,0.0,0.0,0.0,1,162450.0,163670.0,2,166200.0,163620.0,0.0,0.0,0.0,0.0,40
2023-05-09 21:08:01,ni2404,ni2404,166200.0,0.0,0.0,0.0,2,162450.0,163670.0,2,166200.0,163620.0,0.0,0.0,0.0,0.0,40
2023-05-09 21:08:02,ni2404,ni2404,166200.0,0.0,0.0,0.0,1,162450.0,163670.0,2,166200.0,163620.0,0.0,0.0,0.0,0.0,40
2023-05-09 21:08:03,ni2404,ni2404,166200.0,0.0,0.0,0.0,2,162450.0,163670.0,2,166200.0,163620.0,0.0,0.0,0.0,0.0,40
2023-05-09 21:08:04,ni2404,ni2404,166200.0,0.0,0.0,0.0,2,162450.0,163670.0,2,166200.0,163620.0,0.0,0.0,0.0,0.0,40
2023-05-09 21:08:05,ni2404,ni2404,166200.0,0.0,0.0,0.0,2,162450.0,163670.0,2,166200.0,163620.0,0.0,0.0,0.0,0.0,40
2023-05-09 21:08:07,ni2404,ni2404,166200.0,0.0,0.0,0.0,2,162450.0,163670.0,2,166200.0,163620.0,0.0,0.0,0.0,0.0,40
2023-05-09 21:08:08,ni2404,ni2404,166200.0,0.0,0.0,0.0,2,162450.0,163670.0,2,166200.0,163620.0,0.0,0.0,0.0,0.0,40
2023-05-09 21:08:09,ni2404,ni2404,166200.0,0.0,0.0,0.0,2,162450.0,163670.0,2,166200.0,163620.0,0.0,0.0,0.0,0.0,40
2023-05-09 21:08:09,ni2404,ni2404,166200.0,0.0,0.0,0.0,2,162450.0,163670.0,2,166200.0,163620.0,0.0,0.0,0.0,0.0,40
2023-05-09 21:08:10,ni2404,ni2404,166200.0,0.0,0.0,0.0,1,162450.0,163670.0,2,166200.0,163620.0,0.0,0.0,0.0,0.0,40
2023-05-09 21:08:10,ni2404,ni2404,166200.0,0.0,0.0,0.0,1,162450.0,163670.0,2,166200.0,163620.0,0.0,0.0,0.0,0.0,40
2023-05-09 21:08:11,ni2404,ni2404,166200.0,0.0,0.0,0.0,2,162450.0,163670.0,2,166200.0,163620.0,0.0,0.0,0.0,0.0,40
2023-05-09 21:08:12,ni2404,ni2404,166200.0,0.0,0.0,0.0,2,162450.0,163670.0,2,166200.0,163620.0,0.0,0.0,0.0,0.0,40
2023-05-09 21:08:12,ni2404,ni2404,166200.0,0.0,0.0,0.0,2,162450.0,163670.0,2,166200.0,163620.0,0.0,0.0,0.0,0.0,40
2023-05-09 21:08:13,ni2404,ni2404,166200.0,0.0,0.0,0.0,1,162450.0,163670.0,2,166200.0,163620.0,0.0,0.0,0.0,0.0,40
2023-05-09 21:08:14,ni2404,ni2404,166200.0,0.0,0.0,0.0,2,162450.0,163670.0,2,166200.0,163620.0,0.0,0.0,0.0,0.0,40
2023-05-09 21:08:15,ni2404,ni2404,166200.0,0.0,0.0,0.0,2,162450.0,163670.0,2,166200.0,163620.0,0.0,0.0,0.0,0.0,40
2023-05-09 21:08:17,ni2404,ni2404,166200.0,0.0,0.0,0.0,2,162450.0,163670.0,2,166200.0,163620.0,0.0,0.0,0.0,0.0,40
2023-05-09 21:08:17,ni2404,ni2404,166200.0,0.0,0.0,0.0,2,162450.0,163660.0,1,166200.0,163620.0,0.0,0.0,0.0,0.0,40
2023-05-09 21:08:18,ni2404,ni2404,166200.0,0.0,0.0,0.0,2,162450.0,163660.0,1,166200.0,163620.0,0.0,0.0,0.0,0.0,40
2023-05-09 21:08:19,ni2404,ni2404,166200.0,0.0,0.0,0.0,2,162450.0,163660.0,1,166200.0,163620.0,0.0,0.0,0.0,0.0,40
2023-05-09 21:08:21,ni2404,ni2404,166200.0,0.0,0.0,0.0,2,162460.0,163660.0,1,166200.0,163620.0,0.0,0.0,0.0,0.0,40
2023-05-09 21:08:21,ni2404,ni2404,166200.0,0.0,0.0,0.0,1,162470.0,163660.0,1,166200.0,163620.0,0.0,0.0,0.0,0.0,40
2023-05-09 21:08:22,ni2404,ni2404,166200.0,0.0,0.0,0.0,1,162470.0,165650.0,1,166200.0,163620.0,0.0,0.0,0.0,0.0,40
2023-05-09 21:08:22,ni2404,ni2404,166200.0,0.0,0.0,0.0,1,162470.0,164040.0,1,166200.0,163620.0,0.0,0.0,0.0,0.0,40
2023-05-09 21:08:23,ni2404,ni2404,166200.0,0.0,0.0,0.0,1,162470.0,164040.0,1,166200.0,163620.0,0.0,0.0,0.0,0.0,40
2023-05-09 21:08:23,ni2404,ni2404,166200.0,0.0,0.0,0.0,1,162470.0,164040.0,1,166200.0,163620.0,0.0,0.0,0.0,0.0,40
2023-05-09 21:08:24,ni2404,ni2404,166200.0,0.0,0.0,0.0,1,162470.0,164040.0,1,166200.0,163620.0,0.0,0.0,0.0,0.0,40
2023-05-09 21:08:25,ni2404,ni2404,166200.0,0.0,0.0,0.0,1,162470.0,164040.0,1,166200.0,163620.0,0.0,0.0,0.0,0.0,40
2023-05-09 21:08:25,ni2404,ni2404,166200.0,0.0,0.0,0.0,1,162470.0,164030.0,3,166200.0,163620.0,0.0,0.0,0.0,0.0,40
2023-05-09 21:08:26,ni2404,ni2404,166200.0,0.0,0.0,0.0,1,162470.0,164030.0,4,166200.0,163620.0,0.0,0.0,0.0,0.0,40
2023-05-09 21:08:27,ni2404,ni2404,166200.0,0.0,0.0,0.0,1,162470.0,164030.0,4,166200.0,163620.0,0.0,0.0,0.0,0.0,40
2023-05-09 21:08:28,ni2404,ni2404,166200.0,0.0,0.0,0.0,1,162470.0,164030.0,4,166200.0,163620.0,0.0,0.0,0.0,0.0,40
2023-05-09 21:08:30,ni2404,ni2404,166200.0,0.0,0.0,0.0,1,162470.0,164030.0,4,166200.0,163620.0,0.0,0.0,0.0,0.0,40
2023-05-09 21:08:30,ni2404,ni2404,166200.0,0.0,0.0,0.0,1,162470.0,164030.0,4,166200.0,163620.0,0.0,0.0,0.0,0.0,40
2023-05-09 21:08:32,ni2404,ni2404,166200.0,0.0,0.0,0.0,1,162470.0,164030.0,4,166200.0,163620.0,0.0,0.0,0.0,0.0,40
2023-05-09 21:08:33,ni2404,ni2404,166200.0,0.0,0.0,0.0,1,162470.0,164030.0,4,166200.0,163620.0,0.0,0.0,0.0,0.0,40
2023-05-09 21:08:33,ni2404,ni2404,166200.0,0.0,0.0,0.0,1,162470.0,163950.0,1,166200.0,163620.0,0.0,0.0,0.0,0.0,40
2023-05-09 21:08:34,ni2404,ni2404,166200.0,0.0,0.0,0.0,1,162470.0,163950.0,1,166200.0,163620.0,0.0,0.0,0.0,0.0,40
2023-05-09 21:08:34,ni2404,ni2404,166200.0,0.0,0.0,0.0,2,162470.0,163950.0,1,166200.0,163620.0,0.0,0.0,0.0,0.0,40
2023-05-09 21:08:35,ni2404,ni2404,166200.0,0.0,0.0,0.0,2,162470.0,163950.0,1,166200.0,163620.0,0.0,0.0,0.0,0.0,40
2023-05-09 21:08:35,ni2404,ni2404,166200.0,0.0,0.0,0.0,2,162470.0,163950.0,1,166200.0,163620.0,0.0,0.0,0.0,0.0,40
2023-05-09 21:08:36,ni2404,ni2404,166200.0,0.0,0.0,0.0,2,162470.0,163950.0,1,166200.0,163620.0,0.0,0.0,0.0,0.0,40
2023-05-09 21:08:36,ni2404,ni2404,166200.0,0.0,0.0,0.0,1,162470.0,163950.0,1,166200.0,163620.0,0.0,0.0,0.0,0.0,40
2023-05-09 21:08:37,ni2404,ni2404,166200.0,0.0,0.0,0.0,1,162470.0,163940.0,1,166200.0,163620.0,0.0,0.0,0.0,0.0,40
2023-05-09 21:08:39,ni2404,ni2404,166200.0,0.0,0.0,0.0,1,162470.0,163930.0,3,166200.0,163620.0,0.0,0.0,0.0,0.0,40
2023-05-09 21:08:39,ni2404,ni2404,166200.0,0.0,0.0,0.0,1,162470.0,163930.0,3,166200.0,163620.0,0.0,0.0,0.0,0.0,40
2023-05-09 21:08:40,ni2404,ni2404,166200.0,0.0,0.0,0.0,1,162470.0,163920.0,3,166200.0,163620.0,0.0,0.0,0.0,0.0,40
2023-05-09 21:08:40,ni2404,ni2404,166200.0,0.0,0.0,0.0,1,162470.0,163920.0,3,166200.0,163620.0,0.0,0.0,0.0,0.0,40
2023-05-09 21:08:41,ni2404,ni2404,166200.0,0.0,0.0,0.0,1,162470.0,163860.0,1,166200.0,163620.0,0.0,0.0,0.0,0.0,40
2023-05-09 21:08:42,ni2404,ni2404,166200.0,0.0,0.0,0.0,1,162470.0,163850.0,1,166200.0,163620.0,0.0,0.0,0.0,0.0,40
2023-05-09 21:08:44,ni2404,ni2404,166200.0,0.0,0.0,0.0,1,162470.0,163850.0,1,166200.0,163620.0,0.0,0.0,0.0,0.0,40
2023-05-09 21:08:44,ni2404,ni2404,166200.0,0.0,0.0,0.0,1,162470.0,163840.0,3,166200.0,163620.0,0.0,0.0,0.0,0.0,40
2023-05-09 21:08:45,ni2404,ni2404,166200.0,0.0,0.0,0.0,1,162470.0,163840.0,3,166200.0,163620.0,0.0,0.0,0.0,0.0,40
2023-05-09 21:08:47,ni2404,ni2404,166200.0,0.0,0.0,0.0,1,162470.0,163840.0,3,166200.0,163620.0,0.0,0.0,0.0,0.0,40
2023-05-09 21:08:47,ni2404,ni2404,166200.0,0.0,0.0,0.0,1,162470.0,163840.0,3,166200.0,163620.0,0.0,0.0,0.0,0.0,40
2023-05-09 21:08:48,ni2404,ni2404,166200.0,0.0,0.0,0.0,1,162470.0,163830.0,1,166200.0,163620.0,0.0,0.0,0.0,0.0,40
2023-05-09 21:08:50,ni2404,ni2404,166200.0,0.0,0.0,0.0,1,162470.0,163830.0,1,166200.0,163620.0,0.0,0.0,0.0,0.0,40
2023-05-09 21:08:51,ni2404,ni2404,166200.0,0.0,0.0,0.0,1,162470.0,163820.0,3,166200.0,163620.0,0.0,0.0,0.0,0.0,40
2023-05-09 21:08:51,ni2404,ni2404,166200.0,0.0,0.0,0.0,1,162470.0,163820.0,3,166200.0,163620.0,0.0,0.0,0.0,0.0,40
2023-05-09 21:08:53,ni2404,ni2404,166200.0,0.0,0.0,0.0,1,162470.0,163820.0,3,166200.0,163620.0,0.0,0.0,0.0,0.0,40
2023-05-09 21:08:53,ni2404,ni2404,166200.0,0.0,0.0,0.0,2,162470.0,163820.0,3,166200.0,163620.0,0.0,0.0,0.0,0.0,40
2023-05-09 21:08:54,ni2404,ni2404,166200.0,0.0,0.0,0.0,2,162470.0,163820.0,3,166200.0,163620.0,0.0,0.0,0.0,0.0,40
2023-05-09 21:08:55,ni2404,ni2404,166200.0,0.0,0.0,0.0,2,162470.0,163810.0,3,166200.0,163620.0,0.0,0.0,0.0,0.0,40
2023-05-09 21:08:56,ni2404,ni2404,166200.0,0.0,0.0,0.0,2,162470.0,163810.0,3,166200.0,163620.0,0.0,0.0,0.0,0.0,40
2023-05-09 21:08:57,ni2404,ni2404,166200.0,0.0,0.0,0.0,2,162470.0,163810.0,3,166200.0,163620.0,0.0,0.0,0.0,0.0,40
2023-05-09 21:08:57,ni2404,ni2404,166200.0,0.0,0.0,0.0,2,162470.0,163810.0,3,166200.0,163620.0,0.0,0.0,0.0,0.0,40
2023-05-09 21:08:58,ni2404,ni2404,166200.0,0.0,0.0,0.0,2,162470.0,163810.0,3,166200.0,163620.0,0.0,0.0,0.0,0.0,40
2023-05-09 21:08:59,ni2404,ni2404,166200.0,0.0,0.0,0.0,2,162470.0,163810.0,3,166200.0,163620.0,0.0,0.0,0.0,0.0,40
2023-05-09 21:09:00,ni2404,ni2404,166200.0,0.0,0.0,0.0,2,162470.0,163810.0,3,166200.0,163620.0,0.0,0.0,0.0,0.0,40
2023-05-09 21:09:00,ni2404,ni2404,166200.0,0.0,0.0,0.0,2,162470.0,163800.0,3,166200.0,163620.0,0.0,0.0,0.0,0.0,40
2023-05-09 21:09:01,ni2404,ni2404,166200.0,0.0,0.0,0.0,2,162470.0,163800.0,3,166200.0,163620.0,0.0,0.0,0.0,0.0,40
2023-05-09 21:09:03,ni2404,ni2404,166200.0,0.0,0.0,0.0,2,162480.0,163790.0,3,166200.0,163620.0,0.0,0.0,0.0,0.0,40
2023-05-09 21:09:04,ni2404,ni2404,166200.0,0.0,0.0,0.0,1,162490.0,163790.0,3,166200.0,163620.0,0.0,0.0,0.0,0.0,40
2023-05-09 21:09:04,ni2404,ni2404,166200.0,0.0,0.0,0.0,1,162490.0,163790.0,3,166200.0,163620.0,0.0,0.0,0.0,0.0,40
2023-05-09 21:09:05,ni2404,ni2404,166200.0,0.0,0.0,0.0,1,162490.0,163790.0,3,166200.0,163620.0,0.0,0.0,0.0,0.0,40
2023-05-09 21:09:05,ni2404,ni2404,166200.0,0.0,0.0,0.0,1,162490.0,163790.0,3,166200.0,163620.0,0.0,0.0,0.0,0.0,40
2023-05-09 21:09:06,ni2404,ni2404,166200.0,0.0,0.0,0.0,1,162490.0,163780.0,3,166200.0,163620.0,0.0,0.0,0.0,0.0,40
2023-05-09 21:09:06,ni2404,ni2404,166200.0,0.0,0.0,0.0,2,162480.0,163780.0,3,166200.0,163620.0,0.0,0.0,0.0,0.0,40
2023-05-09 21:09:07,ni2404,ni2404,166200.0,0.0,0.0,0.0,1,162490.0,163780.0,3,166200.0,163620.0,0.0,0.0,0.0,0.0,40
2023-05-09 21:09:08,ni2404,ni2404,166200.0,0.0,0.0,0.0,1,162490.0,163780.0,3,166200.0,163620.0,0.0,0.0,0.0,0.0,40
2023-05-09 21:09:08,ni2404,ni2404,166200.0,0.0,0.0,0.0,1,162490.0,163780.0,3,166200.0,163620.0,0.0,0.0,0.0,0.0,40
2023-05-09 21:09:09,ni2404,ni2404,166200.0,0.0,0.0,0.0,1,162490.0,163860.0,1,166200.0,163620.0,0.0,0.0,0.0,0.0,40
2023-05-09 21:09:09,ni2404,ni2404,166200.0,0.0,0.0,0.0,1,162490.0,163850.0,3,166200.0,163620.0,0.0,0.0,0.0,0.0,40
2023-05-09 21:09:10,ni2404,ni2404,166200.0,0.0,0.0,0.0,1,162490.0,163800.0,1,166200.0,163620.0,0.0,0.0,0.0,0.0,40
2023-05-09 21:09:13,ni2404,ni2404,166200.0,0.0,0.0,0.0,1,162490.0,163800.0,1,166200.0,163620.0,0.0,0.0,0.0,0.0,40
2023-05-09 21:09:14,ni2404,ni2404,166200.0,0.0,0.0,0.0,1,162490.0,163790.0,1,166200.0,163620.0,0.0,0.0,0.0,0.0,40
2023-05-09 21:09:14,ni2404,ni2404,166200.0,0.0,0.0,0.0,1,162490.0,163790.0,1,166200.0,163620.0,0.0,0.0,0.0,0.0,40
2023-05-09 21:09:15,ni2404,ni2404,166200.0,0.0,0.0,0.0,1,162490.0,163790.0,1,166200.0,163620.0,0.0,0.0,0.0,0.0,40
2023-05-09 21:09:16,ni2404,ni2404,166200.0,0.0,0.0,0.0,1,162490.0,163790.0,1,166200.0,163620.0,0.0,0.0,0.0,0.0,40
2023-05-09 21:09:16,ni2404,ni2404,166200.0,0.0,0.0,0.0,1,162490.0,163790.0,1,166200.0,163620.0,0.0,0.0,0.0,0.0,40
2023-05-09 21:09:17,ni2404,ni2404,166200.0,0.0,0.0,0.0,2,162490.0,163790.0,1,166200.0,163620.0,0.0,0.0,0.0,0.0,40
2023-05-09 21:09:18,ni2404,ni2404,166200.0,0.0,0.0,0.0,1,162490.0,163790.0,1,166200.0,163620.0,0.0,0.0,0.0,0.0,40
2023-05-09 21:09:18,ni2404,ni2404,166200.0,0.0,0.0,0.0,1,162490.0,163790.0,1,166200.0,163620.0,0.0,0.0,0.0,0.0,40
2023-05-09 21:09:19,ni2404,ni2404,166200.0,0.0,0.0,0.0,1,162490.0,165640.0,1,166200.0,163620.0,0.0,0.0,0.0,0.0,40
2023-05-09 21:09:19,ni2404,ni2404,166200.0,0.0,0.0,0.0,1,162490.0,164040.0,1,166200.0,163620.0,0.0,0.0,0.0,0.0,40
2023-05-09 21:09:20,ni2404,ni2404,166200.0,0.0,0.0,0.0,1,162490.0,164040.0,1,166200.0,163620.0,0.0,0.0,0.0,0.0,40
2023-05-09 21:09:22,ni2404,ni2404,166200.0,0.0,0.0,0.0,1,162490.0,164040.0,1,166200.0,163620.0,0.0,0.0,0.0,0.0,40
2023-05-09 21:09:23,ni2404,ni2404,166200.0,0.0,0.0,0.0,1,162490.0,164030.0,3,166200.0,163620.0,0.0,0.0,0.0,0.0,40
2023-05-09 21:09:28,ni2404,ni2404,166200.0,0.0,0.0,0.0,2,162490.0,164030.0,3,166200.0,163620.0,0.0,0.0,0.0,0.0,40
2023-05-09 21:09:28,ni2404,ni2404,166200.0,0.0,0.0,0.0,2,162490.0,164030.0,3,166200.0,163620.0,0.0,0.0,0.0,0.0,40
2023-05-09 21:09:29,ni2404,ni2404,166200.0,0.0,0.0,0.0,2,162490.0,164030.0,3,166200.0,163620.0,0.0,0.0,0.0,0.0,40
2023-05-09 21:09:30,ni2404,ni2404,166200.0,0.0,0.0,0.0,2,162490.0,163950.0,1,166200.0,163620.0,0.0,0.0,0.0,0.0,40
2023-05-09 21:09:31,ni2404,ni2404,166200.0,0.0,0.0,0.0,2,162490.0,163950.0,1,166200.0,163620.0,0.0,0.0,0.0,0.0,40
2023-05-09 21:09:32,ni2404,ni2404,166200.0,0.0,0.0,0.0,1,162490.0,163950.0,1,166200.0,163620.0,0.0,0.0,0.0,0.0,40
2023-05-09 21:09:32,ni2404,ni2404,166200.0,0.0,0.0,0.0,1,162490.0,163950.0,1,166200.0,163620.0,0.0,0.0,0.0,0.0,40
2023-05-09 21:09:33,ni2404,ni2404,166200.0,0.0,0.0,0.0,1,162490.0,163940.0,3,166200.0,163620.0,0.0,0.0,0.0,0.0,40
2023-05-09 21:09:34,ni2404,ni2404,166200.0,0.0,0.0,0.0,1,162490.0,163940.0,3,166200.0,163620.0,0.0,0.0,0.0,0.0,40
2023-05-09 21:09:35,ni2404,ni2404,166200.0,0.0,0.0,0.0,1,162490.0,163940.0,3,166200.0,163620.0,0.0,0.0,0.0,0.0,40
2023-05-09 21:09:36,ni2404,ni2404,166200.0,0.0,0.0,0.0,2,162490.0,163930.0,3,166200.0,163620.0,0.0,0.0,0.0,0.0,40
2023-05-09 21:09:36,ni2404,ni2404,166200.0,0.0,0.0,0.0,1,162490.0,163930.0,3,166200.0,163620.0,0.0,0.0,0.0,0.0,40
2023-05-09 21:09:37,ni2404,ni2404,166200.0,0.0,0.0,0.0,1,162490.0,163930.0,3,166200.0,163620.0,0.0,0.0,0.0,0.0,40
2023-05-09 21:09:39,ni2404,ni2404,166200.0,0.0,0.0,0.0,1,162490.0,163930.0,3,166200.0,163620.0,0.0,0.0,0.0,0.0,40
2023-05-09 21:09:39,ni2404,ni2404,166200.0,0.0,0.0,0.0,1,162490.0,163920.0,3,166200.0,163620.0,0.0,0.0,0.0,0.0,40
2023-05-09 21:09:45,ni2404,ni2404,166200.0,0.0,0.0,0.0,1,162490.0,163920.0,3,166200.0,163620.0,0.0,0.0,0.0,0.0,40
2023-05-09 21:09:46,ni2404,ni2404,166200.0,0.0,0.0,0.0,2,162500.0,163920.0,3,166200.0,163620.0,0.0,0.0,0.0,0.0,40
2023-05-09 21:09:47,ni2404,ni2404,166200.0,0.0,0.0,0.0,1,162510.0,163920.0,3,166200.0,163620.0,0.0,0.0,0.0,0.0,40
2023-05-09 21:09:47,ni2404,ni2404,166200.0,0.0,0.0,0.0,1,162510.0,163920.0,3,166200.0,163620.0,0.0,0.0,0.0,0.0,40
2023-05-09 21:09:48,ni2404,ni2404,166200.0,0.0,0.0,0.0,1,162510.0,163920.0,3,166200.0,163620.0,0.0,0.0,0.0,0.0,40
2023-05-09 21:09:48,ni2404,ni2404,166200.0,0.0,0.0,0.0,1,162510.0,163920.0,3,166200.0,163620.0,0.0,0.0,0.0,0.0,40
2023-05-09 21:09:49,ni2404,ni2404,166200.0,0.0,0.0,0.0,1,162510.0,163920.0,3,166200.0,163620.0,0.0,0.0,0.0,0.0,40
2023-05-09 21:09:50,ni2404,ni2404,166200.0,0.0,0.0,0.0,1,162510.0,163920.0,3,166200.0,163620.0,0.0,0.0,0.0,0.0,40
2023-05-09 21:09:52,ni2404,ni2404,166200.0,0.0,0.0,0.0,1,162510.0,163910.0,3,166200.0,163620.0,0.0,0.0,0.0,0.0,40
2023-05-09 21:09:53,ni2404,ni2404,166200.0,0.0,0.0,0.0,1,162510.0,163910.0,3,166200.0,163620.0,0.0,0.0,0.0,0.0,40
2023-05-09 21:09:54,ni2404,ni2404,166200.0,0.0,0.0,0.0,1,162510.0,163900.0,1,166200.0,163620.0,0.0,0.0,0.0,0.0,40
2023-05-09 21:09:54,ni2404,ni2404,166200.0,0.0,0.0,0.0,1,162510.0,163890.0,3,166200.0,163620.0,0.0,0.0,0.0,0.0,40
2023-05-09 21:09:55,ni2404,ni2404,166200.0,0.0,0.0,0.0,1,162510.0,163890.0,3,166200.0,163620.0,0.0,0.0,0.0,0.0,40
2023-05-09 21:09:58,ni2404,ni2404,166200.0,0.0,0.0,0.0,1,162510.0,163880.0,1,166200.0,163620.0,0.0,0.0,0.0,0.0,40
2023-05-09 21:09:58,ni2404,ni2404,166200.0,0.0,0.0,0.0,1,162510.0,163870.0,1,166200.0,163620.0,0.0,0.0,0.0,0.0,40
2023-05-09 21:09:59,ni2404,ni2404,166200.0,0.0,0.0,0.0,1,162510.0,163860.0,1,166200.0,163620.0,0.0,0.0,0.0,0.0,40
2023-05-09 21:10:00,ni2404,ni2404,166200.0,0.0,0.0,0.0,1,162510.0,163860.0,1,166200.0,163620.0,0.0,0.0,0.0,0.0,40
2023-05-09 21:10:01,ni2404,ni2404,166200.0,0.0,0.0,0.0,1,162510.0,163860.0,1,166200.0,163620.0,0.0,0.0,0.0,0.0,40
2023-05-09 21:10:01,ni2404,ni2404,166200.0,0.0,0.0,0.0,1,162510.0,163850.0,2,166200.0,163620.0,0.0,0.0,0.0,0.0,40
2023-05-09 21:10:02,ni2404,ni2404,166200.0,0.0,0.0,0.0,1,162510.0,163840.0,1,166200.0,163620.0,0.0,0.0,0.0,0.0,40
2023-05-09 21:10:02,ni2404,ni2404,166200.0,0.0,0.0,0.0,1,162510.0,163840.0,1,166200.0,163620.0,0.0,0.0,0.0,0.0,40
2023-05-09 21:10:03,ni2404,ni2404,166200.0,0.0,0.0,0.0,1,162510.0,163830.0,1,166200.0,163620.0,0.0,0.0,0.0,0.0,40
2023-05-09 21:10:03,ni2404,ni2404,166200.0,0.0,0.0,0.0,1,162510.0,163830.0,1,166200.0,163620.0,0.0,0.0,0.0,0.0,40
2023-05-09 21:10:04,ni2404,ni2404,166200.0,0.0,0.0,0.0,1,162510.0,163830.0,1,166200.0,163620.0,0.0,0.0,0.0,0.0,40
2023-05-09 21:10:04,ni2404,ni2404,166200.0,0.0,0.0,0.0,1,162510.0,163820.0,2,166200.0,163620.0,0.0,0.0,0.0,0.0,40
2023-05-09 21:10:05,ni2404,ni2404,166200.0,0.0,0.0,0.0,1,162510.0,163820.0,2,166200.0,163620.0,0.0,0.0,0.0,0.0,40
2023-05-09 21:10:05,ni2404,ni2404,166200.0,0.0,0.0,0.0,2,162510.0,163820.0,2,166200.0,163620.0,0.0,0.0,0.0,0.0,40
2023-05-09 21:10:06,ni2404,ni2404,166200.0,0.0,0.0,0.0,1,162510.0,163820.0,2,166200.0,163620.0,0.0,0.0,0.0,0.0,40
2023-05-09 21:10:06,ni2404,ni2404,166200.0,0.0,0.0,0.0,1,162510.0,163810.0,1,166200.0,163620.0,0.0,0.0,0.0,0.0,40
2023-05-09 21:10:07,ni2404,ni2404,166200.0,0.0,0.0,0.0,2,162510.0,163810.0,1,166200.0,163620.0,0.0,0.0,0.0,0.0,40
2023-05-09 21:10:07,ni2404,ni2404,166200.0,0.0,0.0,0.0,2,162510.0,163810.0,1,166200.0,163620.0,0.0,0.0,0.0,0.0,40
2023-05-09 21:10:08,ni2404,ni2404,166200.0,0.0,0.0,0.0,2,162510.0,163810.0,1,166200.0,163620.0,0.0,0.0,0.0,0.0,40
2023-05-09 21:10:08,ni2404,ni2404,166200.0,0.0,0.0,0.0,1,162510.0,163800.0,2,166200.0,163620.0,0.0,0.0,0.0,0.0,40
2023-05-09 21:10:09,ni2404,ni2404,166200.0,0.0,0.0,0.0,2,162510.0,163800.0,2,166200.0,163620.0,0.0,0.0,0.0,0.0,40
2023-05-09 21:10:10,ni2404,ni2404,166200.0,0.0,0.0,0.0,1,162510.0,163800.0,2,166200.0,163620.0,0.0,0.0,0.0,0.0,40
2023-05-09 21:10:10,ni2404,ni2404,166200.0,0.0,0.0,0.0,1,162510.0,163790.0,1,166200.0,163620.0,0.0,0.0,0.0,0.0,40
2023-05-09 21:10:11,ni2404,ni2404,166200.0,0.0,0.0,0.0,2,162510.0,163790.0,1,166200.0,163620.0,0.0,0.0,0.0,0.0,40
2023-05-09 21:10:11,ni2404,ni2404,166200.0,0.0,0.0,0.0,2,162510.0,163790.0,1,166200.0,163620.0,0.0,0.0,0.0,0.0,40
2023-05-09 21:10:12,ni2404,ni2404,166200.0,0.0,0.0,0.0,1,162510.0,163790.0,1,166200.0,163620.0,0.0,0.0,0.0,0.0,40
2023-05-09 21:10:13,ni2404,ni2404,166200.0,0.0,0.0,0.0,1,162510.0,163790.0,1,166200.0,163620.0,0.0,0.0,0.0,0.0,40
2023-05-09 21:10:13,ni2404,ni2404,166200.0,0.0,0.0,0.0,2,162510.0,163790.0,1,166200.0,163620.0,0.0,0.0,0.0,0.0,40
2023-05-09 21:10:14,ni2404,ni2404,166200.0,0.0,0.0,0.0,2,162510.0,163790.0,1,166200.0,163620.0,0.0,0.0,0.0,0.0,40
2023-05-09 21:10:15,ni2404,ni2404,166200.0,0.0,0.0,0.0,1,162510.0,163790.0,1,166200.0,163620.0,0.0,0.0,0.0,0.0,40
2023-05-09 21:10:16,ni2404,ni2404,166200.0,0.0,0.0,0.0,1,162510.0,163790.0,1,166200.0,163620.0,0.0,0.0,0.0,0.0,40
2023-05-09 21:10:16,ni2404,ni2404,166200.0,0.0,0.0,0.0,1,162510.0,163780.0,2,166200.0,163620.0,0.0,0.0,0.0,0.0,40
2023-05-09 21:10:17,ni2404,ni2404,166200.0,0.0,0.0,0.0,2,162510.0,163780.0,2,166200.0,163620.0,0.0,0.0,0.0,0.0,40
2023-05-09 21:10:18,ni2404,ni2404,166200.0,0.0,0.0,0.0,2,162510.0,163770.0,3,166200.0,163620.0,0.0,0.0,0.0,0.0,40
2023-05-09 21:10:19,ni2404,ni2404,166200.0,0.0,0.0,0.0,1,162510.0,163770.0,3,166200.0,163620.0,0.0,0.0,0.0,0.0,40
2023-05-09 21:10:22,ni2404,ni2404,166200.0,0.0,0.0,0.0,1,162510.0,163770.0,3,166200.0,163620.0,0.0,0.0,0.0,0.0,40
2023-05-09 21:10:23,ni2404,ni2404,166200.0,0.0,0.0,0.0,2,162510.0,163760.0,3,166200.0,163620.0,0.0,0.0,0.0,0.0,40
2023-05-09 21:10:23,ni2404,ni2404,166200.0,0.0,0.0,0.0,2,162510.0,163760.0,3,166200.0,163620.0,0.0,0.0,0.0,0.0,40
2023-05-09 21:10:24,ni2404,ni2404,166200.0,0.0,0.0,0.0,2,162510.0,163760.0,3,166200.0,163620.0,0.0,0.0,0.0,0.0,40
2023-05-09 21:10:24,ni2404,ni2404,166200.0,0.0,0.0,0.0,2,162510.0,163760.0,3,166200.0,163620.0,0.0,0.0,0.0,0.0,40
2023-05-09 21:10:25,ni2404,ni2404,166200.0,0.0,0.0,0.0,2,162510.0,163760.0,3,166200.0,163620.0,0.0,0.0,0.0,0.0,40
2023-05-09 21:10:26,ni2404,ni2404,166200.0,0.0,0.0,0.0,1,162510.0,163760.0,3,166200.0,163620.0,0.0,0.0,0.0,0.0,40
2023-05-09 21:10:28,ni2404,ni2404,166200.0,0.0,0.0,0.0,1,162510.0,163760.0,3,166200.0,163620.0,0.0,0.0,0.0,0.0,40
2023-05-09 21:10:29,ni2404,ni2404,166200.0,0.0,0.0,0.0,1,162510.0,163760.0,3,166200.0,163620.0,0.0,0.0,0.0,0.0,40
2023-05-09 21:10:29,ni2404,ni2404,166200.0,0.0,0.0,0.0,2,162520.0,163760.0,3,166200.0,163620.0,0.0,0.0,0.0,0.0,40
2023-05-09 21:10:30,ni2404,ni2404,166200.0,0.0,0.0,0.0,1,162530.0,163760.0,3,166200.0,163620.0,0.0,0.0,0.0,0.0,40
2023-05-09 21:10:31,ni2404,ni2404,166200.0,0.0,0.0,0.0,1,162530.0,163760.0,3,166200.0,163620.0,0.0,0.0,0.0,0.0,40
2023-05-09 21:10:31,ni2404,ni2404,166200.0,0.0,0.0,0.0,1,162530.0,163760.0,3,166200.0,163620.0,0.0,0.0,0.0,0.0,40
2023-05-09 21:10:32,ni2404,ni2404,166200.0,0.0,0.0,0.0,1,162530.0,163760.0,3,166200.0,163620.0,0.0,0.0,0.0,0.0,40
2023-05-09 21:10:33,ni2404,ni2404,166200.0,0.0,0.0,0.0,1,162530.0,163760.0,3,166200.0,163620.0,0.0,0.0,0.0,0.0,40
2023-05-09 21:10:34,ni2404,ni2404,166200.0,0.0,0.0,0.0,1,162530.0,163750.0,3,166200.0,163620.0,0.0,0.0,0.0,0.0,40
2023-05-09 21:10:34,ni2404,ni2404,166200.0,0.0,0.0,0.0,1,162530.0,163750.0,3,166200.0,163620.0,0.0,0.0,0.0,0.0,40
2023-05-09 21:10:35,ni2404,ni2404,166200.0,0.0,0.0,0.0,1,162530.0,163750.0,3,166200.0,163620.0,0.0,0.0,0.0,0.0,40
2023-05-09 21:10:39,ni2404,ni2404,166200.0,0.0,0.0,0.0,1,162530.0,163750.0,3,166200.0,163620.0,0.0,0.0,0.0,0.0,40
2023-05-09 21:10:39,ni2404,ni2404,166200.0,0.0,0.0,0.0,1,162530.0,163750.0,3,166200.0,163620.0,0.0,0.0,0.0,0.0,40
2023-05-09 21:10:40,ni2404,ni2404,166200.0,0.0,0.0,0.0,1,162530.0,163740.0,1,166200.0,163620.0,0.0,0.0,0.0,0.0,40
2023-05-09 21:10:40,ni2404,ni2404,166200.0,0.0,0.0,0.0,1,162530.0,163740.0,1,166200.0,163620.0,0.0,0.0,0.0,0.0,40
2023-05-09 21:10:41,ni2404,ni2404,166200.0,0.0,0.0,0.0,1,162530.0,163740.0,1,166200.0,163620.0,0.0,0.0,0.0,0.0,40
2023-05-09 21:10:41,ni2404,ni2404,166200.0,0.0,0.0,0.0,1,162530.0,163740.0,1,166200.0,163620.0,0.0,0.0,0.0,0.0,40
2023-05-09 21:10:42,ni2404,ni2404,166200.0,0.0,0.0,0.0,1,162530.0,163740.0,1,166200.0,163620.0,0.0,0.0,0.0,0.0,40
2023-05-09 21:10:42,ni2404,ni2404,166200.0,0.0,0.0,0.0,1,162530.0,164900.0,1,166200.0,163620.0,0.0,0.0,0.0,0.0,40
2023-05-09 21:10:43,ni2404,ni2404,166200.0,0.0,0.0,0.0,1,162530.0,163740.0,3,166200.0,163620.0,0.0,0.0,0.0,0.0,40
2023-05-09 21:10:43,ni2404,ni2404,166200.0,0.0,0.0,0.0,1,162530.0,163740.0,3,166200.0,163620.0,0.0,0.0,0.0,0.0,40
2023-05-09 21:10:45,ni2404,ni2404,166200.0,0.0,0.0,0.0,1,162530.0,163740.0,3,166200.0,163620.0,0.0,0.0,0.0,0.0,40
2023-05-09 21:10:45,ni2404,ni2404,166200.0,0.0,0.0,0.0,2,162530.0,163740.0,3,166200.0,163620.0,0.0,0.0,0.0,0.0,40
2023-05-09 21:10:46,ni2404,ni2404,166200.0,0.0,0.0,0.0,2,162530.0,163740.0,3,166200.0,163620.0,0.0,0.0,0.0,0.0,40
2023-05-09 21:10:47,ni2404,ni2404,166200.0,0.0,0.0,0.0,1,162530.0,163740.0,3,166200.0,163620.0,0.0,0.0,0.0,0.0,40
2023-05-09 21:10:48,ni2404,ni2404,166200.0,0.0,0.0,0.0,1,162530.0,163740.0,4,166200.0,163620.0,0.0,0.0,0.0,0.0,40
2023-05-09 21:10:49,ni2404,ni2404,166200.0,0.0,0.0,0.0,1,162530.0,163740.0,1,166200.0,163620.0,0.0,0.0,0.0,0.0,40
2023-05-09 21:10:51,ni2404,ni2404,166200.0,0.0,0.0,0.0,2,162530.0,163740.0,1,166200.0,163620.0,0.0,0.0,0.0,0.0,40
2023-05-09 21:10:52,ni2404,ni2404,166200.0,0.0,0.0,0.0,1,162530.0,163730.0,3,166200.0,163620.0,0.0,0.0,0.0,0.0,40
2023-05-09 21:10:52,ni2404,ni2404,166200.0,0.0,0.0,0.0,1,162530.0,163730.0,3,166200.0,163620.0,0.0,0.0,0.0,0.0,40
2023-05-09 21:10:53,ni2404,ni2404,166200.0,0.0,0.0,0.0,1,162530.0,163720.0,1,166200.0,163620.0,0.0,0.0,0.0,0.0,40
2023-05-09 21:10:53,ni2404,ni2404,166200.0,0.0,0.0,0.0,1,162530.0,163720.0,1,166200.0,163620.0,0.0,0.0,0.0,0.0,40
2023-05-09 21:10:54,ni2404,ni2404,166200.0,0.0,0.0,0.0,2,162530.0,163720.0,1,166200.0,163620.0,0.0,0.0,0.0,0.0,40
2023-05-09 21:10:56,ni2404,ni2404,166200.0,0.0,0.0,0.0,1,162530.0,163720.0,1,166200.0,163620.0,0.0,0.0,0.0,0.0,40
2023-05-09 21:10:57,ni2404,ni2404,166200.0,0.0,0.0,0.0,1,162530.0,163730.0,3,166200.0,163620.0,0.0,0.0,0.0,0.0,40
2023-05-09 21:10:58,ni2404,ni2404,166200.0,0.0,0.0,0.0,2,162530.0,163710.0,1,166200.0,163620.0,0.0,0.0,0.0,0.0,40
2023-05-09 21:10:58,ni2404,ni2404,166200.0,0.0,0.0,0.0,2,162530.0,163710.0,1,166200.0,163620.0,0.0,0.0,0.0,0.0,40
2023-05-09 21:10:59,ni2404,ni2404,166200.0,0.0,0.0,0.0,2,162530.0,163710.0,1,166200.0,163620.0,0.0,0.0,0.0,0.0,40
2023-05-09 21:11:00,ni2404,ni2404,166200.0,0.0,0.0,0.0,2,162530.0,163710.0,1,166200.0,163620.0,0.0,0.0,0.0,0.0,40
2023-05-09 21:11:00,ni2404,ni2404,166200.0,0.0,0.0,0.0,1,162530.0,164900.0,1,166200.0,163620.0,0.0,0.0,0.0,0.0,40
2023-05-09 21:11:01,ni2404,ni2404,166200.0,0.0,0.0,0.0,1,162530.0,164040.0,1,166200.0,163620.0,0.0,0.0,0.0,0.0,40
2023-05-09 21:11:01,ni2404,ni2404,166200.0,0.0,0.0,0.0,1,162530.0,164040.0,1,166200.0,163620.0,0.0,0.0,0.0,0.0,40
2023-05-09 21:11:02,ni2404,ni2404,166200.0,0.0,0.0,0.0,2,162530.0,164030.0,4,166200.0,163620.0,0.0,0.0,0.0,0.0,40
2023-05-09 21:11:03,ni2404,ni2404,166200.0,0.0,0.0,0.0,2,162530.0,164030.0,4,166200.0,163620.0,0.0,0.0,0.0,0.0,40
2023-05-09 21:11:03,ni2404,ni2404,166200.0,0.0,0.0,0.0,2,162530.0,164030.0,4,166200.0,163620.0,0.0,0.0,0.0,0.0,40
2023-05-09 21:11:04,ni2404,ni2404,166200.0,0.0,0.0,0.0,2,162530.0,164020.0,3,166200.0,163620.0,0.0,0.0,0.0,0.0,40
2023-05-09 21:11:05,ni2404,ni2404,166200.0,0.0,0.0,0.0,2,162530.0,164020.0,3,166200.0,163620.0,0.0,0.0,0.0,0.0,40
2023-05-09 21:11:11,ni2404,ni2404,166200.0,0.0,0.0,0.0,2,162530.0,164020.0,3,166200.0,163620.0,0.0,0.0,0.0,0.0,40
2023-05-09 21:11:12,ni2404,ni2404,166200.0,0.0,0.0,0.0,2,162530.0,164020.0,3,166200.0,163620.0,0.0,0.0,0.0,0.0,40
2023-05-09 21:11:12,ni2404,ni2404,166200.0,0.0,0.0,0.0,2,162540.0,164020.0,3,166200.0,163620.0,0.0,0.0,0.0,0.0,40
2023-05-09 21:11:13,ni2404,ni2404,166200.0,0.0,0.0,0.0,1,162550.0,164020.0,3,166200.0,163620.0,0.0,0.0,0.0,0.0,40
2023-05-09 21:11:14,ni2404,ni2404,166200.0,0.0,0.0,0.0,1,162550.0,164020.0,3,166200.0,163620.0,0.0,0.0,0.0,0.0,40
2023-05-09 21:11:14,ni2404,ni2404,166200.0,0.0,0.0,0.0,1,162550.0,164020.0,3,166200.0,163620.0,0.0,0.0,0.0,0.0,40
2023-05-09 21:11:15,ni2404,ni2404,166200.0,0.0,0.0,0.0,1,162550.0,164010.0,1,166200.0,163620.0,0.0,0.0,0.0,0.0,40
2023-05-09 21:11:15,ni2404,ni2404,166200.0,0.0,0.0,0.0,1,162550.0,164010.0,1,166200.0,163620.0,0.0,0.0,0.0,0.0,40
2023-05-09 21:11:16,ni2404,ni2404,166200.0,0.0,0.0,0.0,1,162550.0,164000.0,2,166200.0,163620.0,0.0,0.0,0.0,0.0,40
2023-05-09 21:11:16,ni2404,ni2404,166200.0,0.0,0.0,0.0,1,162550.0,164000.0,3,166200.0,163620.0,0.0,0.0,0.0,0.0,40
2023-05-09 21:11:17,ni2404,ni2404,166200.0,0.0,0.0,0.0,1,162550.0,164000.0,3,166200.0,163620.0,0.0,0.0,0.0,0.0,40
2023-05-09 21:11:17,ni2404,ni2404,166200.0,0.0,0.0,0.0,1,162550.0,163990.0,3,166200.0,163620.0,0.0,0.0,0.0,0.0,40
2023-05-09 21:11:18,ni2404,ni2404,166200.0,0.0,0.0,0.0,1,162550.0,163990.0,3,166200.0,163620.0,0.0,0.0,0.0,0.0,40
2023-05-09 21:11:18,ni2404,ni2404,166200.0,0.0,0.0,0.0,1,162550.0,163990.0,3,166200.0,163620.0,0.0,0.0,0.0,0.0,40
2023-05-09 21:11:19,ni2404,ni2404,166200.0,0.0,0.0,0.0,1,162550.0,163980.0,2,166200.0,163620.0,0.0,0.0,0.0,0.0,40
2023-05-09 21:11:19,ni2404,ni2404,166200.0,0.0,0.0,0.0,1,162550.0,163970.0,1,166200.0,163620.0,0.0,0.0,0.0,0.0,40
2023-05-09 21:11:20,ni2404,ni2404,166200.0,0.0,0.0,0.0,1,162550.0,163970.0,1,166200.0,163620.0,0.0,0.0,0.0,0.0,40
2023-05-09 21:11:20,ni2404,ni2404,166200.0,0.0,0.0,0.0,1,162550.0,163970.0,1,166200.0,163620.0,0.0,0.0,0.0,0.0,40
2023-05-09 21:11:21,ni2404,ni2404,166200.0,0.0,0.0,0.0,1,162550.0,163970.0,1,166200.0,163620.0,0.0,0.0,0.0,0.0,40
2023-05-09 21:11:22,ni2404,ni2404,166200.0,0.0,0.0,0.0,1,162550.0,163960.0,2,166200.0,163620.0,0.0,0.0,0.0,0.0,40
2023-05-09 21:11:22,ni2404,ni2404,166200.0,0.0,0.0,0.0,1,162550.0,163960.0,2,166200.0,163620.0,0.0,0.0,0.0,0.0,40
2023-05-09 21:11:23,ni2404,ni2404,166200.0,0.0,0.0,0.0,1,162550.0,163950.0,1,166200.0,163620.0,0.0,0.0,0.0,0.0,40
2023-05-09 21:11:23,ni2404,ni2404,166200.0,0.0,0.0,0.0,1,162550.0,163950.0,1,166200.0,163620.0,0.0,0.0,0.0,0.0,40
2023-05-09 21:11:24,ni2404,ni2404,166200.0,0.0,0.0,0.0,1,162550.0,163950.0,1,166200.0,163620.0,0.0,0.0,0.0,0.0,40
2023-05-09 21:11:25,ni2404,ni2404,166200.0,0.0,0.0,0.0,1,162550.0,163940.0,2,166200.0,163620.0,0.0,0.0,0.0,0.0,40
2023-05-09 21:11:26,ni2404,ni2404,166200.0,0.0,0.0,0.0,1,162550.0,163940.0,2,166200.0,163620.0,0.0,0.0,0.0,0.0,40
2023-05-09 21:11:26,ni2404,ni2404,166200.0,0.0,0.0,0.0,2,162550.0,163930.0,1,166200.0,163620.0,0.0,0.0,0.0,0.0,40
2023-05-09 21:11:27,ni2404,ni2404,166200.0,0.0,0.0,0.0,2,162550.0,163930.0,1,166200.0,163620.0,0.0,0.0,0.0,0.0,40
2023-05-09 21:11:28,ni2404,ni2404,166200.0,0.0,0.0,0.0,1,162550.0,163930.0,1,166200.0,163620.0,0.0,0.0,0.0,0.0,40
2023-05-09 21:11:30,ni2404,ni2404,166200.0,0.0,0.0,0.0,2,162550.0,163930.0,1,166200.0,163620.0,0.0,0.0,0.0,0.0,40
2023-05-09 21:11:31,ni2404,ni2404,166200.0,0.0,0.0,0.0,2,162550.0,163930.0,1,166200.0,163620.0,0.0,0.0,0.0,0.0,40
2023-05-09 21:11:31,ni2404,ni2404,166200.0,0.0,0.0,0.0,2,162550.0,163930.0,1,166200.0,163620.0,0.0,0.0,0.0,0.0,40
2023-05-09 21:11:32,ni2404,ni2404,166200.0,0.0,0.0,0.0,2,162550.0,163930.0,1,166200.0,163620.0,0.0,0.0,0.0,0.0,40
2023-05-09 21:11:32,ni2404,ni2404,166200.0,0.0,0.0,0.0,1,162550.0,163930.0,1,166200.0,163620.0,0.0,0.0,0.0,0.0,40
2023-05-09 21:11:33,ni2404,ni2404,166200.0,0.0,0.0,0.0,1,162550.0,163920.0,2,166200.0,163620.0,0.0,0.0,0.0,0.0,40
2023-05-09 21:11:33,ni2404,ni2404,166200.0,0.0,0.0,0.0,1,162550.0,163920.0,2,166200.0,163620.0,0.0,0.0,0.0,0.0,40
2023-05-09 21:11:34,ni2404,ni2404,166200.0,0.0,0.0,0.0,2,162550.0,163910.0,4,166200.0,163620.0,0.0,0.0,0.0,0.0,40
2023-05-09 21:11:34,ni2404,ni2404,166200.0,0.0,0.0,0.0,2,162550.0,163870.0,1,166200.0,163620.0,0.0,0.0,0.0,0.0,40
2023-05-09 21:11:35,ni2404,ni2404,166200.0,0.0,0.0,0.0,2,162550.0,163870.0,1,166200.0,163620.0,0.0,0.0,0.0,0.0,40
2023-05-09 21:11:35,ni2404,ni2404,166200.0,0.0,0.0,0.0,2,162550.0,163870.0,1,166200.0,163620.0,0.0,0.0,0.0,0.0,40
2023-05-09 21:11:36,ni2404,ni2404,166200.0,0.0,0.0,0.0,2,162550.0,163870.0,1,166200.0,163620.0,0.0,0.0,0.0,0.0,40
2023-05-09 21:11:36,ni2404,ni2404,166200.0,0.0,0.0,0.0,2,162550.0,163870.0,1,166200.0,163620.0,0.0,0.0,0.0,0.0,40
2023-05-09 21:11:37,ni2404,ni2404,166200.0,0.0,0.0,0.0,2,162550.0,163860.0,3,166200.0,163620.0,0.0,0.0,0.0,0.0,40
2023-05-09 21:11:37,ni2404,ni2404,166200.0,0.0,0.0,0.0,2,162550.0,163860.0,3,166200.0,163620.0,0.0,0.0,0.0,0.0,40
2023-05-09 21:11:38,ni2404,ni2404,166200.0,0.0,0.0,0.0,2,162550.0,163860.0,3,166200.0,163620.0,0.0,0.0,0.0,0.0,40
2023-05-09 21:11:38,ni2404,ni2404,166200.0,0.0,0.0,0.0,2,162550.0,163860.0,3,166200.0,163620.0,0.0,0.0,0.0,0.0,40
2023-05-09 21:11:39,ni2404,ni2404,166200.0,0.0,0.0,0.0,2,162550.0,163860.0,3,166200.0,163620.0,0.0,0.0,0.0,0.0,40
2023-05-09 21:11:39,ni2404,ni2404,166200.0,0.0,0.0,0.0,2,162550.0,163860.0,1,166200.0,163620.0,0.0,0.0,0.0,0.0,40
2023-05-09 21:11:40,ni2404,ni2404,166200.0,0.0,0.0,0.0,2,162550.0,163850.0,3,166200.0,163620.0,0.0,0.0,0.0,0.0,40
2023-05-09 21:11:41,ni2404,ni2404,166200.0,0.0,0.0,0.0,2,162550.0,163850.0,3,166200.0,163620.0,0.0,0.0,0.0,0.0,40
2023-05-09 21:11:41,ni2404,ni2404,166200.0,0.0,0.0,0.0,2,162550.0,163840.0,1,166200.0,163620.0,0.0,0.0,0.0,0.0,40
2023-05-09 21:11:42,ni2404,ni2404,166200.0,0.0,0.0,0.0,1,162550.0,163840.0,1,166200.0,163620.0,0.0,0.0,0.0,0.0,40
2023-05-09 21:11:42,ni2404,ni2404,166200.0,0.0,0.0,0.0,1,162550.0,163840.0,1,166200.0,163620.0,0.0,0.0,0.0,0.0,40
2023-05-09 21:11:43,ni2404,ni2404,166200.0,0.0,0.0,0.0,1,162550.0,163830.0,2,166200.0,163620.0,0.0,0.0,0.0,0.0,40
2023-05-09 21:11:44,ni2404,ni2404,166200.0,0.0,0.0,0.0,1,162550.0,163830.0,2,166200.0,163620.0,0.0,0.0,0.0,0.0,40
2023-05-09 21:11:44,ni2404,ni2404,166200.0,0.0,0.0,0.0,1,162550.0,163820.0,1,166200.0,163620.0,0.0,0.0,0.0,0.0,40
2023-05-09 21:11:45,ni2404,ni2404,166200.0,0.0,0.0,0.0,2,162550.0,163820.0,1,166200.0,163620.0,0.0,0.0,0.0,0.0,40
2023-05-09 21:11:46,ni2404,ni2404,166200.0,0.0,0.0,0.0,1,162550.0,163810.0,2,166200.0,163620.0,0.0,0.0,0.0,0.0,40
2023-05-09 21:11:47,ni2404,ni2404,166200.0,0.0,0.0,0.0,2,162550.0,163810.0,2,166200.0,163620.0,0.0,0.0,0.0,0.0,40
2023-05-09 21:11:47,ni2404,ni2404,166200.0,0.0,0.0,0.0,2,162550.0,163810.0,2,166200.0,163620.0,0.0,0.0,0.0,0.0,40
2023-05-09 21:11:48,ni2404,ni2404,166200.0,0.0,0.0,0.0,2,162550.0,163800.0,1,166200.0,163620.0,0.0,0.0,0.0,0.0,40
2023-05-09 21:11:48,ni2404,ni2404,166200.0,0.0,0.0,0.0,2,162550.0,163800.0,1,166200.0,163620.0,0.0,0.0,0.0,0.0,40
2023-05-09 21:11:49,ni2404,ni2404,166200.0,0.0,0.0,0.0,2,162550.0,163790.0,2,166200.0,163620.0,0.0,0.0,0.0,0.0,40
2023-05-09 21:11:49,ni2404,ni2404,166200.0,0.0,0.0,0.0,2,162550.0,163790.0,2,166200.0,163620.0,0.0,0.0,0.0,0.0,40
2023-05-09 21:11:50,ni2404,ni2404,166200.0,0.0,0.0,0.0,2,162550.0,163790.0,2,166200.0,163620.0,0.0,0.0,0.0,0.0,40
2023-05-09 21:11:51,ni2404,ni2404,166200.0,0.0,0.0,0.0,2,162550.0,163780.0,1,166200.0,163620.0,0.0,0.0,0.0,0.0,40
2023-05-09 21:11:52,ni2404,ni2404,166200.0,0.0,0.0,0.0,2,162550.0,163780.0,1,166200.0,163620.0,0.0,0.0,0.0,0.0,40
2023-05-09 21:11:52,ni2404,ni2404,166200.0,0.0,0.0,0.0,2,162550.0,163780.0,1,166200.0,163620.0,0.0,0.0,0.0,0.0,40
2023-05-09 21:11:53,ni2404,ni2404,166200.0,0.0,0.0,0.0,2,162550.0,163780.0,1,166200.0,163620.0,0.0,0.0,0.0,0.0,40
2023-05-09 21:11:53,ni2404,ni2404,166200.0,0.0,0.0,0.0,2,162550.0,163780.0,1,166200.0,163620.0,0.0,0.0,0.0,0.0,40
2023-05-09 21:11:54,ni2404,ni2404,166200.0,0.0,0.0,0.0,2,162550.0,163780.0,1,166200.0,163620.0,0.0,0.0,0.0,0.0,40
2023-05-09 21:11:55,ni2404,ni2404,166200.0,0.0,0.0,0.0,1,162550.0,163780.0,1,166200.0,163620.0,0.0,0.0,0.0,0.0,40
2023-05-09 21:11:57,ni2404,ni2404,166200.0,0.0,0.0,0.0,2,162560.0,163780.0,4,166200.0,163620.0,0.0,0.0,0.0,0.0,40
2023-05-09 21:11:57,ni2404,ni2404,166200.0,0.0,0.0,0.0,1,162570.0,163780.0,4,166200.0,163620.0,0.0,0.0,0.0,0.0,40
2023-05-09 21:12:02,ni2404,ni2404,166200.0,0.0,0.0,0.0,1,162570.0,163780.0,4,166200.0,163620.0,0.0,0.0,0.0,0.0,40
2023-05-09 21:12:03,ni2404,ni2404,166200.0,0.0,0.0,0.0,1,162580.0,163780.0,4,166200.0,163620.0,0.0,0.0,0.0,0.0,40
2023-05-09 21:12:03,ni2404,ni2404,166200.0,0.0,0.0,0.0,1,162590.0,163780.0,4,166200.0,163620.0,0.0,0.0,0.0,0.0,40
2023-05-09 21:12:04,ni2404,ni2404,166200.0,0.0,0.0,0.0,1,162590.0,163780.0,4,166200.0,163620.0,0.0,0.0,0.0,0.0,40
2023-05-09 21:12:04,ni2404,ni2404,166200.0,0.0,0.0,0.0,1,162590.0,163780.0,6,166200.0,163620.0,0.0,0.0,0.0,0.0,40
2023-05-09 21:12:05,ni2404,ni2404,166200.0,0.0,0.0,0.0,1,162590.0,163780.0,6,166200.0,163620.0,0.0,0.0,0.0,0.0,40
2023-05-09 21:12:05,ni2404,ni2404,166200.0,0.0,0.0,0.0,1,162590.0,163780.0,6,166200.0,163620.0,0.0,0.0,0.0,0.0,40
2023-05-09 21:12:06,ni2404,ni2404,166200.0,0.0,0.0,0.0,1,162590.0,163780.0,6,166200.0,163620.0,0.0,0.0,0.0,0.0,40
2023-05-09 21:12:08,ni2404,ni2404,166200.0,0.0,0.0,0.0,1,162590.0,163780.0,4,166200.0,163620.0,0.0,0.0,0.0,0.0,40
2023-05-09 21:12:08,ni2404,ni2404,166200.0,0.0,0.0,0.0,1,162590.0,163770.0,2,166200.0,163620.0,0.0,0.0,0.0,0.0,40
2023-05-09 21:12:09,ni2404,ni2404,166200.0,0.0,0.0,0.0,1,162590.0,163770.0,2,166200.0,163620.0,0.0,0.0,0.0,0.0,40
2023-05-09 21:12:09,ni2404,ni2404,166200.0,0.0,0.0,0.0,1,162600.0,163770.0,2,166200.0,163620.0,0.0,0.0,0.0,0.0,40
2023-05-09 21:12:10,ni2404,ni2404,166200.0,0.0,0.0,0.0,1,162610.0,163770.0,2,166200.0,163620.0,0.0,0.0,0.0,0.0,40
2023-05-09 21:12:10,ni2404,ni2404,166200.0,0.0,0.0,0.0,1,162610.0,163770.0,2,166200.0,163620.0,0.0,0.0,0.0,0.0,40
2023-05-09 21:12:11,ni2404,ni2404,166200.0,0.0,0.0,0.0,1,162610.0,163760.0,1,166200.0,163620.0,0.0,0.0,0.0,0.0,40
2023-05-09 21:12:12,ni2404,ni2404,166200.0,0.0,0.0,0.0,1,162610.0,163750.0,3,166200.0,163620.0,0.0,0.0,0.0,0.0,40
2023-05-09 21:12:13,ni2404,ni2404,166200.0,0.0,0.0,0.0,1,162620.0,163750.0,3,166200.0,163620.0,0.0,0.0,0.0,0.0,40
2023-05-09 21:12:13,ni2404,ni2404,166200.0,0.0,0.0,0.0,1,162630.0,163750.0,3,166200.0,163620.0,0.0,0.0,0.0,0.0,40
2023-05-09 21:12:14,ni2404,ni2404,166200.0,0.0,0.0,0.0,1,162630.0,163750.0,3,166200.0,163620.0,0.0,0.0,0.0,0.0,40
2023-05-09 21:12:14,ni2404,ni2404,166200.0,0.0,0.0,0.0,1,162630.0,163740.0,1,166200.0,163620.0,0.0,0.0,0.0,0.0,40
2023-05-09 21:12:17,ni2404,ni2404,166200.0,0.0,0.0,0.0,1,162640.0,163740.0,1,166200.0,163620.0,0.0,0.0,0.0,0.0,40
2023-05-09 21:12:17,ni2404,ni2404,166200.0,0.0,0.0,0.0,1,162650.0,163740.0,1,166200.0,163620.0,0.0,0.0,0.0,0.0,40
2023-05-09 21:12:18,ni2404,ni2404,166200.0,0.0,0.0,0.0,1,162650.0,163740.0,1,166200.0,163620.0,0.0,0.0,0.0,0.0,40
2023-05-09 21:12:19,ni2404,ni2404,166200.0,0.0,0.0,0.0,1,162650.0,163740.0,1,166200.0,163620.0,0.0,0.0,0.0,0.0,40
2023-05-09 21:12:21,ni2404,ni2404,166200.0,0.0,0.0,0.0,1,162660.0,163740.0,1,166200.0,163620.0,0.0,0.0,0.0,0.0,40
2023-05-09 21:12:21,ni2404,ni2404,166200.0,0.0,0.0,0.0,1,162670.0,163740.0,1,166200.0,163620.0,0.0,0.0,0.0,0.0,40
2023-05-09 21:12:22,ni2404,ni2404,166200.0,0.0,0.0,0.0,1,162670.0,163740.0,1,166200.0,163620.0,0.0,0.0,0.0,0.0,40
2023-05-09 21:12:23,ni2404,ni2404,166200.0,0.0,0.0,0.0,1,162670.0,163740.0,1,166200.0,163620.0,0.0,0.0,0.0,0.0,40
2023-05-09 21:12:24,ni2404,ni2404,166200.0,0.0,0.0,0.0,1,162670.0,163740.0,1,166200.0,163620.0,0.0,0.0,0.0,0.0,40
2023-05-09 21:12:26,ni2404,ni2404,166200.0,0.0,0.0,0.0,1,162670.0,163740.0,1,166200.0,163620.0,0.0,0.0,0.0,0.0,40
2023-05-09 21:12:27,ni2404,ni2404,166200.0,0.0,0.0,0.0,1,162670.0,163740.0,1,166200.0,163620.0,0.0,0.0,0.0,0.0,40
2023-05-09 21:12:28,ni2404,ni2404,166200.0,0.0,0.0,0.0,1,162670.0,164890.0,1,166200.0,163620.0,0.0,0.0,0.0,0.0,40
2023-05-09 21:12:28,ni2404,ni2404,166200.0,0.0,0.0,0.0,1,162670.0,164410.0,1,166200.0,163620.0,0.0,0.0,0.0,0.0,40
2023-05-09 21:12:29,ni2404,ni2404,166200.0,0.0,0.0,0.0,1,162670.0,164310.0,1,166200.0,163620.0,0.0,0.0,0.0,0.0,40
2023-05-09 21:12:30,ni2404,ni2404,166200.0,0.0,0.0,0.0,1,162670.0,164310.0,1,166200.0,163620.0,0.0,0.0,0.0,0.0,40
2023-05-09 21:12:31,ni2404,ni2404,166200.0,0.0,0.0,0.0,1,162670.0,164310.0,1,166200.0,163620.0,0.0,0.0,0.0,0.0,40
2023-05-09 21:12:31,ni2404,ni2404,166200.0,0.0,0.0,0.0,1,162670.0,164300.0,3,166200.0,163620.0,0.0,0.0,0.0,0.0,40
2023-05-09 21:12:33,ni2404,ni2404,166200.0,0.0,0.0,0.0,1,162670.0,164300.0,3,166200.0,163620.0,0.0,0.0,0.0,0.0,40
2023-05-09 21:12:34,ni2404,ni2404,166200.0,0.0,0.0,0.0,1,162670.0,164300.0,3,166200.0,163620.0,0.0,0.0,0.0,0.0,40
2023-05-09 21:12:35,ni2404,ni2404,166200.0,0.0,0.0,0.0,2,162670.0,164300.0,3,166200.0,163620.0,0.0,0.0,0.0,0.0,40
2023-05-09 21:12:36,ni2404,ni2404,166200.0,0.0,0.0,0.0,2,162670.0,164300.0,3,166200.0,163620.0,0.0,0.0,0.0,0.0,40
2023-05-09 21:12:39,ni2404,ni2404,166200.0,0.0,0.0,0.0,2,162670.0,164300.0,3,166200.0,163620.0,0.0,0.0,0.0,0.0,40
2023-05-09 21:12:39,ni2404,ni2404,166200.0,0.0,0.0,0.0,2,162670.0,164300.0,3,166200.0,163620.0,0.0,0.0,0.0,0.0,40
2023-05-09 21:12:40,ni2404,ni2404,166200.0,0.0,0.0,0.0,2,162680.0,164300.0,3,166200.0,163620.0,0.0,0.0,0.0,0.0,40
2023-05-09 21:12:41,ni2404,ni2404,166200.0,0.0,0.0,0.0,1,162690.0,164300.0,3,166200.0,163620.0,0.0,0.0,0.0,0.0,40
2023-05-09 21:12:41,ni2404,ni2404,166200.0,0.0,0.0,0.0,1,162690.0,164300.0,3,166200.0,163620.0,0.0,0.0,0.0,0.0,40
2023-05-09 21:12:42,ni2404,ni2404,166200.0,0.0,0.0,0.0,1,162690.0,164300.0,3,166200.0,163620.0,0.0,0.0,0.0,0.0,40
2023-05-09 21:12:42,ni2404,ni2404,166200.0,0.0,0.0,0.0,1,162690.0,164300.0,3,166200.0,163620.0,0.0,0.0,0.0,0.0,40
2023-05-09 21:12:44,ni2404,ni2404,166200.0,0.0,0.0,0.0,1,162690.0,164300.0,3,166200.0,163620.0,0.0,0.0,0.0,0.0,40
2023-05-09 21:12:45,ni2404,ni2404,166200.0,0.0,0.0,0.0,1,162690.0,164300.0,3,166200.0,163620.0,0.0,0.0,0.0,0.0,40
