time,symbol_id,symbol_name,last,trade_volume,trade_amount,open_interest_change,bv1,bp1,ap1,av1,yesterday_close,today_open,today_high,today_low,volume,amount,open_interest
2023-05-09 20:58:56,l2308,l2308,7885.0,0.0,0.0,0.0,4,7864.0,7905.0,1,7885.0,7885.0,0.0,0.0,0.0,0.0,58384
2023-05-09 21:00:00,l2308,l2308,7885.0,0.0,0.0,0.0,1,7861.0,7905.0,1,7885.0,7885.0,0.0,0.0,0.0,0.0,58384
2023-05-09 21:00:00,l2308,l2308,7885.0,0.0,0.0,0.0,2,7862.0,7889.0,3,7885.0,7885.0,0.0,0.0,0.0,0.0,58384
2023-05-09 21:00:01,l2308,l2308,7885.0,0.0,0.0,0.0,2,7866.0,7889.0,2,7885.0,7885.0,0.0,0.0,0.0,0.0,58384
2023-05-09 21:00:01,l2308,l2308,7885.0,3.0,118275.0,0.0,3,7867.0,7887.0,2,7885.0,7885.0,7885.0,7885.0,3.0,118275.0,58384
2023-05-09 21:00:02,l2308,l2308,7888.0,17.0,670395.0,12.0,2,7869.0,7886.0,5,7885.0,7885.0,7888.0,7885.0,20.0,788670.0,58396
2023-05-09 21:00:02,l2308,l2308,7880.0,1.0,39400.0,0.0,2,7871.0,7885.0,3,7885.0,7885.0,7888.0,7880.0,21.0,828070.0,58396
2023-05-09 21:00:03,l2308,l2308,7879.0,7.0,275805.0,1.0,2,7873.0,7884.0,8,7885.0,7885.0,7888.0,7879.0,28.0,1103875.0,58397
2023-05-09 21:00:03,l2308,l2308,7879.0,1.0,39395.0,1.0,2,7873.0,7883.0,3,7885.0,7885.0,7888.0,7879.0,29.0,1143270.0,58398
2023-05-09 21:00:04,l2308,l2308,7879.0,0.0,0.0,0.0,2,7873.0,7881.0,3,7885.0,7885.0,7888.0,7879.0,29.0,1143270.0,58398
2023-05-09 21:00:04,l2308,l2308,7879.0,0.0,0.0,0.0,2,7873.0,7880.0,7,7885.0,7885.0,7888.0,7879.0,29.0,1143270.0,58398
2023-05-09 21:00:05,l2308,l2308,7879.0,0.0,0.0,0.0,2,7873.0,7879.0,3,7885.0,7885.0,7888.0,7879.0,29.0,1143270.0,58398
2023-05-09 21:00:05,l2308,l2308,7879.0,4.0,157580.0,2.0,2,7875.0,7879.0,4,7885.0,7885.0,7888.0,7879.0,33.0,1300850.0,58400
2023-05-09 21:00:06,l2308,l2308,7879.0,2.0,78790.0,1.0,2,7875.0,7880.0,2,7885.0,7885.0,7888.0,7879.0,35.0,1379640.0,58401
2023-05-09 21:00:07,l2308,l2308,7879.0,0.0,0.0,0.0,3,7871.0,7880.0,7,7885.0,7885.0,7888.0,7879.0,35.0,1379640.0,58401
2023-05-09 21:00:07,l2308,l2308,7879.0,0.0,0.0,0.0,2,7872.0,7880.0,5,7885.0,7885.0,7888.0,7879.0,35.0,1379640.0,58401
2023-05-09 21:00:08,l2308,l2308,7879.0,0.0,0.0,0.0,7,7872.0,7880.0,5,7885.0,7885.0,7888.0,7879.0,35.0,1379640.0,58401
2023-05-09 21:00:08,l2308,l2308,7879.0,0.0,0.0,0.0,5,7872.0,7880.0,5,7885.0,7885.0,7888.0,7879.0,35.0,1379640.0,58401
2023-05-09 21:00:09,l2308,l2308,7879.0,0.0,0.0,0.0,2,7872.0,7880.0,5,7885.0,7885.0,7888.0,7879.0,35.0,1379640.0,58401
2023-05-09 21:00:10,l2308,l2308,7879.0,0.0,0.0,0.0,5,7869.0,7880.0,5,7885.0,7885.0,7888.0,7879.0,35.0,1379640.0,58401
2023-05-09 21:00:10,l2308,l2308,7879.0,0.0,0.0,0.0,3,7867.0,7879.0,10,7885.0,7885.0,7888.0,7879.0,35.0,1379640.0,58401
2023-05-09 21:00:11,l2308,l2308,7867.0,3.0,118005.0,-1.0,2,7865.0,7878.0,9,7885.0,7885.0,7888.0,7867.0,38.0,1497645.0,58400
2023-05-09 21:00:11,l2308,l2308,7867.0,2.0,78670.0,0.0,5,7857.0,7877.0,1,7885.0,7885.0,7888.0,7867.0,40.0,1576315.0,58400
2023-05-09 21:00:12,l2308,l2308,7867.0,0.0,0.0,0.0,8,7859.0,7876.0,10,7885.0,7885.0,7888.0,7867.0,40.0,1576315.0,58400
2023-05-09 21:00:12,l2308,l2308,7867.0,1.0,39335.0,0.0,8,7859.0,7876.0,10,7885.0,7885.0,7888.0,7867.0,41.0,1615650.0,58400
2023-05-09 21:00:13,l2308,l2308,7867.0,0.0,0.0,0.0,8,7861.0,7875.0,10,7885.0,7885.0,7888.0,7867.0,41.0,1615650.0,58400
2023-05-09 21:00:13,l2308,l2308,7867.0,0.0,0.0,0.0,2,7864.0,7874.0,5,7885.0,7885.0,7888.0,7867.0,41.0,1615650.0,58400
2023-05-09 21:00:14,l2308,l2308,7867.0,0.0,0.0,0.0,2,7865.0,7874.0,8,7885.0,7885.0,7888.0,7867.0,41.0,1615650.0,58400
2023-05-09 21:00:14,l2308,l2308,7867.0,0.0,0.0,0.0,8,7865.0,7873.0,1,7885.0,7885.0,7888.0,7867.0,41.0,1615650.0,58400
2023-05-09 21:00:15,l2308,l2308,7867.0,0.0,0.0,0.0,8,7865.0,7871.0,3,7885.0,7885.0,7888.0,7867.0,41.0,1615650.0,58400
2023-05-09 21:00:15,l2308,l2308,7867.0,0.0,0.0,0.0,5,7865.0,7870.0,1,7885.0,7885.0,7888.0,7867.0,41.0,1615650.0,58400
2023-05-09 21:00:16,l2308,l2308,7870.0,1.0,39350.0,-1.0,3,7866.0,7871.0,5,7885.0,7885.0,7888.0,7867.0,42.0,1655000.0,58399
2023-05-09 21:00:16,l2308,l2308,7870.0,0.0,0.0,0.0,4,7867.0,7871.0,5,7885.0,7885.0,7888.0,7867.0,42.0,1655000.0,58399
2023-05-09 21:00:17,l2308,l2308,7870.0,0.0,0.0,0.0,2,7867.0,7871.0,5,7885.0,7885.0,7888.0,7867.0,42.0,1655000.0,58399
2023-05-09 21:00:17,l2308,l2308,7871.0,2.0,78710.0,0.0,6,7869.0,7871.0,6,7885.0,7885.0,7888.0,7867.0,44.0,1733710.0,58399
2023-05-09 21:00:18,l2308,l2308,7871.0,0.0,0.0,0.0,4,7869.0,7871.0,9,7885.0,7885.0,7888.0,7867.0,44.0,1733710.0,58399
2023-05-09 21:00:19,l2308,l2308,7871.0,0.0,0.0,0.0,10,7869.0,7871.0,9,7885.0,7885.0,7888.0,7867.0,44.0,1733710.0,58399
2023-05-09 21:00:19,l2308,l2308,7871.0,0.0,0.0,0.0,8,7869.0,7871.0,6,7885.0,7885.0,7888.0,7867.0,44.0,1733710.0,58399
2023-05-09 21:00:21,l2308,l2308,7871.0,0.0,0.0,0.0,8,7869.0,7871.0,5,7885.0,7885.0,7888.0,7867.0,44.0,1733710.0,58399
2023-05-09 21:00:21,l2308,l2308,7871.0,4.0,157420.0,2.0,3,7870.0,7872.0,3,7885.0,7885.0,7888.0,7867.0,48.0,1891130.0,58401
2023-05-09 21:00:22,l2308,l2308,7871.0,0.0,0.0,0.0,2,7871.0,7872.0,3,7885.0,7885.0,7888.0,7867.0,48.0,1891130.0,58401
2023-05-09 21:00:22,l2308,l2308,7871.0,0.0,0.0,0.0,6,7870.0,7873.0,7,7885.0,7885.0,7888.0,7867.0,48.0,1891130.0,58401
2023-05-09 21:00:23,l2308,l2308,7871.0,0.0,0.0,0.0,3,7871.0,7872.0,1,7885.0,7885.0,7888.0,7867.0,48.0,1891130.0,58401
2023-05-09 21:00:23,l2308,l2308,7871.0,0.0,0.0,0.0,6,7870.0,7872.0,1,7885.0,7885.0,7888.0,7867.0,48.0,1891130.0,58401
2023-05-09 21:00:24,l2308,l2308,7871.0,0.0,0.0,0.0,5,7871.0,7872.0,1,7885.0,7885.0,7888.0,7867.0,48.0,1891130.0,58401
2023-05-09 21:00:24,l2308,l2308,7872.0,1.0,39360.0,-1.0,1,7872.0,7874.0,6,7885.0,7885.0,7888.0,7867.0,49.0,1930490.0,58400
2023-05-09 21:00:25,l2308,l2308,7872.0,0.0,0.0,0.0,4,7872.0,7874.0,6,7885.0,7885.0,7888.0,7867.0,49.0,1930490.0,58400
2023-05-09 21:00:26,l2308,l2308,7872.0,0.0,0.0,0.0,7,7872.0,7874.0,6,7885.0,7885.0,7888.0,7867.0,49.0,1930490.0,58400
2023-05-09 21:00:27,l2308,l2308,7872.0,0.0,0.0,0.0,7,7872.0,7875.0,3,7885.0,7885.0,7888.0,7867.0,49.0,1930490.0,58400
2023-05-09 21:00:27,l2308,l2308,7872.0,0.0,0.0,0.0,15,7872.0,7875.0,7,7885.0,7885.0,7888.0,7867.0,49.0,1930490.0,58400
2023-05-09 21:00:28,l2308,l2308,7872.0,0.0,0.0,0.0,7,7872.0,7874.0,3,7885.0,7885.0,7888.0,7867.0,49.0,1930490.0,58400
2023-05-09 21:00:29,l2308,l2308,7872.0,0.0,0.0,0.0,7,7872.0,7875.0,7,7885.0,7885.0,7888.0,7867.0,49.0,1930490.0,58400
2023-05-09 21:00:30,l2308,l2308,7872.0,1.0,39360.0,-1.0,6,7872.0,7875.0,7,7885.0,7885.0,7888.0,7867.0,50.0,1969850.0,58399
2023-05-09 21:00:30,l2308,l2308,7872.0,0.0,0.0,0.0,3,7873.0,7876.0,7,7885.0,7885.0,7888.0,7867.0,50.0,1969850.0,58399
2023-05-09 21:00:31,l2308,l2308,7872.0,0.0,0.0,0.0,6,7872.0,7875.0,4,7885.0,7885.0,7888.0,7867.0,50.0,1969850.0,58399
2023-05-09 21:00:32,l2308,l2308,7872.0,0.0,0.0,0.0,6,7871.0,7874.0,7,7885.0,7885.0,7888.0,7867.0,50.0,1969850.0,58399
2023-05-09 21:00:32,l2308,l2308,7870.0,1.0,39350.0,-1.0,3,7870.0,7871.0,1,7885.0,7885.0,7888.0,7867.0,51.0,2009200.0,58398
2023-05-09 21:00:33,l2308,l2308,7870.0,0.0,0.0,0.0,6,7869.0,7871.0,4,7885.0,7885.0,7888.0,7867.0,51.0,2009200.0,58398
2023-05-09 21:00:33,l2308,l2308,7868.0,12.0,472095.0,6.0,18,7866.0,7869.0,4,7885.0,7885.0,7888.0,7867.0,63.0,2481295.0,58404
2023-05-09 21:00:34,l2308,l2308,7868.0,0.0,0.0,0.0,3,7866.0,7868.0,7,7885.0,7885.0,7888.0,7867.0,63.0,2481295.0,58404
2023-05-09 21:00:34,l2308,l2308,7866.0,3.0,118000.0,1.0,4,7865.0,7868.0,3,7885.0,7885.0,7888.0,7866.0,66.0,2599295.0,58405
2023-05-09 21:00:35,l2308,l2308,7866.0,0.0,0.0,0.0,11,7864.0,7867.0,6,7885.0,7885.0,7888.0,7866.0,66.0,2599295.0,58405
2023-05-09 21:00:35,l2308,l2308,7866.0,0.0,0.0,0.0,8,7863.0,7866.0,3,7885.0,7885.0,7888.0,7866.0,66.0,2599295.0,58405
2023-05-09 21:00:36,l2308,l2308,7866.0,0.0,0.0,0.0,6,7863.0,7866.0,3,7885.0,7885.0,7888.0,7866.0,66.0,2599295.0,58405
2023-05-09 21:00:36,l2308,l2308,7866.0,0.0,0.0,0.0,8,7863.0,7866.0,3,7885.0,7885.0,7888.0,7866.0,66.0,2599295.0,58405
2023-05-09 21:00:37,l2308,l2308,7866.0,0.0,0.0,0.0,6,7862.0,7865.0,3,7885.0,7885.0,7888.0,7866.0,66.0,2599295.0,58405
2023-05-09 21:00:38,l2308,l2308,7866.0,0.0,0.0,0.0,6,7862.0,7864.0,3,7885.0,7885.0,7888.0,7866.0,66.0,2599295.0,58405
2023-05-09 21:00:38,l2308,l2308,7864.0,3.0,117960.0,0.0,3,7863.0,7866.0,9,7885.0,7885.0,7888.0,7864.0,69.0,2717255.0,58405
2023-05-09 21:00:39,l2308,l2308,7863.0,1.0,39315.0,-1.0,3,7864.0,7865.0,1,7885.0,7885.0,7888.0,7863.0,70.0,2756570.0,58404
2023-05-09 21:00:39,l2308,l2308,7865.0,1.0,39325.0,0.0,3,7864.0,7867.0,6,7885.0,7885.0,7888.0,7863.0,71.0,2795895.0,58404
2023-05-09 21:00:40,l2308,l2308,7865.0,0.0,0.0,0.0,3,7866.0,7868.0,6,7885.0,7885.0,7888.0,7863.0,71.0,2795895.0,58404
2023-05-09 21:00:41,l2308,l2308,7865.0,0.0,0.0,0.0,8,7865.0,7868.0,6,7885.0,7885.0,7888.0,7863.0,71.0,2795895.0,58404
2023-05-09 21:00:41,l2308,l2308,7865.0,0.0,0.0,0.0,8,7864.0,7867.0,3,7885.0,7885.0,7888.0,7863.0,71.0,2795895.0,58404
2023-05-09 21:00:42,l2308,l2308,7865.0,0.0,0.0,0.0,11,7864.0,7866.0,4,7885.0,7885.0,7888.0,7863.0,71.0,2795895.0,58404
2023-05-09 21:00:43,l2308,l2308,7865.0,0.0,0.0,0.0,3,7864.0,7866.0,7,7885.0,7885.0,7888.0,7863.0,71.0,2795895.0,58404
2023-05-09 21:00:43,l2308,l2308,7865.0,0.0,0.0,0.0,3,7864.0,7866.0,10,7885.0,7885.0,7888.0,7863.0,71.0,2795895.0,58404
2023-05-09 21:00:44,l2308,l2308,7865.0,0.0,0.0,0.0,10,7863.0,7866.0,10,7885.0,7885.0,7888.0,7863.0,71.0,2795895.0,58404
2023-05-09 21:00:44,l2308,l2308,7865.0,0.0,0.0,0.0,16,7863.0,7866.0,10,7885.0,7885.0,7888.0,7863.0,71.0,2795895.0,58404
2023-05-09 21:00:45,l2308,l2308,7865.0,0.0,0.0,0.0,9,7863.0,7866.0,10,7885.0,7885.0,7888.0,7863.0,71.0,2795895.0,58404
2023-05-09 21:00:46,l2308,l2308,7865.0,0.0,0.0,0.0,11,7863.0,7866.0,10,7885.0,7885.0,7888.0,7863.0,71.0,2795895.0,58404
2023-05-09 21:00:46,l2308,l2308,7865.0,0.0,0.0,0.0,14,7863.0,7864.0,1,7885.0,7885.0,7888.0,7863.0,71.0,2795895.0,58404
2023-05-09 21:00:47,l2308,l2308,7866.0,5.0,196630.0,0.0,3,7865.0,7866.0,3,7885.0,7885.0,7888.0,7863.0,76.0,2992525.0,58404
2023-05-09 21:00:48,l2308,l2308,7866.0,0.0,0.0,0.0,3,7865.0,7867.0,9,7885.0,7885.0,7888.0,7863.0,76.0,2992525.0,58404
2023-05-09 21:00:48,l2308,l2308,7865.0,1.0,39325.0,0.0,2,7865.0,7866.0,3,7885.0,7885.0,7888.0,7863.0,77.0,3031850.0,58404
2023-05-09 21:00:49,l2308,l2308,7864.0,5.0,196610.0,2.0,19,7863.0,7864.0,3,7885.0,7885.0,7888.0,7863.0,82.0,3228460.0,58406
2023-05-09 21:00:49,l2308,l2308,7864.0,3.0,117960.0,0.0,8,7863.0,7865.0,6,7885.0,7885.0,7888.0,7863.0,85.0,3346420.0,58406
2023-05-09 21:00:50,l2308,l2308,7864.0,0.0,0.0,0.0,17,7863.0,7866.0,9,7885.0,7885.0,7888.0,7863.0,85.0,3346420.0,58406
2023-05-09 21:00:50,l2308,l2308,7864.0,0.0,0.0,0.0,3,7863.0,7865.0,3,7885.0,7885.0,7888.0,7863.0,85.0,3346420.0,58406
2023-05-09 21:00:51,l2308,l2308,7863.0,3.0,117945.0,3.0,6,7862.0,7863.0,9,7885.0,7885.0,7888.0,7863.0,88.0,3464365.0,58409
2023-05-09 21:00:52,l2308,l2308,7864.0,5.0,196585.0,-3.0,12,7861.0,7864.0,9,7885.0,7885.0,7888.0,7863.0,93.0,3660950.0,58406
2023-05-09 21:00:53,l2308,l2308,7864.0,2.0,78640.0,0.0,3,7862.0,7864.0,9,7885.0,7885.0,7888.0,7863.0,95.0,3739590.0,58406
2023-05-09 21:00:53,l2308,l2308,7864.0,0.0,0.0,0.0,9,7861.0,7864.0,9,7885.0,7885.0,7888.0,7863.0,95.0,3739590.0,58406
2023-05-09 21:00:54,l2308,l2308,7864.0,0.0,0.0,0.0,3,7862.0,7864.0,6,7885.0,7885.0,7888.0,7863.0,95.0,3739590.0,58406
2023-05-09 21:00:54,l2308,l2308,7864.0,0.0,0.0,0.0,3,7862.0,7864.0,3,7885.0,7885.0,7888.0,7863.0,95.0,3739590.0,58406
2023-05-09 21:00:55,l2308,l2308,7864.0,0.0,0.0,0.0,5,7863.0,7865.0,12,7885.0,7885.0,7888.0,7863.0,95.0,3739590.0,58406
2023-05-09 21:00:55,l2308,l2308,7864.0,0.0,0.0,0.0,10,7863.0,7865.0,3,7885.0,7885.0,7888.0,7863.0,95.0,3739590.0,58406
2023-05-09 21:00:56,l2308,l2308,7864.0,0.0,0.0,0.0,19,7863.0,7865.0,3,7885.0,7885.0,7888.0,7863.0,95.0,3739590.0,58406
2023-05-09 21:00:56,l2308,l2308,7864.0,0.0,0.0,0.0,3,7864.0,7866.0,12,7885.0,7885.0,7888.0,7863.0,95.0,3739590.0,58406
2023-05-09 21:00:57,l2308,l2308,7864.0,0.0,0.0,0.0,6,7864.0,7866.0,3,7885.0,7885.0,7888.0,7863.0,95.0,3739590.0,58406
2023-05-09 21:00:57,l2308,l2308,7867.0,15.0,590025.0,12.0,12,7867.0,7868.0,12,7885.0,7885.0,7888.0,7863.0,110.0,4329615.0,58418
2023-05-09 21:00:58,l2308,l2308,7867.0,12.0,472020.0,-3.0,3,7866.0,7868.0,6,7885.0,7885.0,7888.0,7863.0,122.0,4801635.0,58415
2023-05-09 21:00:58,l2308,l2308,7867.0,0.0,0.0,0.0,13,7865.0,7868.0,8,7885.0,7885.0,7888.0,7863.0,122.0,4801635.0,58415
2023-05-09 21:00:59,l2308,l2308,7867.0,0.0,0.0,0.0,12,7865.0,7867.0,3,7885.0,7885.0,7888.0,7863.0,122.0,4801635.0,58415
2023-05-09 21:00:59,l2308,l2308,7864.0,34.0,1336940.0,25.0,7,7863.0,7865.0,16,7885.0,7885.0,7888.0,7863.0,156.0,6138575.0,58440
2023-05-09 21:01:00,l2308,l2308,7866.0,31.0,1219135.0,2.0,13,7866.0,7868.0,9,7885.0,7885.0,7888.0,7863.0,187.0,7357710.0,58442
2023-05-09 21:01:00,l2308,l2308,7866.0,0.0,0.0,0.0,15,7866.0,7868.0,9,7885.0,7885.0,7888.0,7863.0,187.0,7357710.0,58442
2023-05-09 21:01:01,l2308,l2308,7866.0,0.0,0.0,0.0,3,7867.0,7869.0,12,7885.0,7885.0,7888.0,7863.0,187.0,7357710.0,58442
2023-05-09 21:01:01,l2308,l2308,7866.0,0.0,0.0,0.0,3,7867.0,7869.0,3,7885.0,7885.0,7888.0,7863.0,187.0,7357710.0,58442
2023-05-09 21:01:02,l2308,l2308,7866.0,0.0,0.0,0.0,6,7867.0,7870.0,15,7885.0,7885.0,7888.0,7863.0,187.0,7357710.0,58442
2023-05-09 21:01:02,l2308,l2308,7868.0,3.0,118020.0,3.0,3,7868.0,7870.0,12,7885.0,7885.0,7888.0,7863.0,190.0,7475730.0,58445
2023-05-09 21:01:03,l2308,l2308,7868.0,0.0,0.0,0.0,6,7868.0,7870.0,21,7885.0,7885.0,7888.0,7863.0,190.0,7475730.0,58445
2023-05-09 21:01:03,l2308,l2308,7868.0,0.0,0.0,0.0,6,7868.0,7870.0,18,7885.0,7885.0,7888.0,7863.0,190.0,7475730.0,58445
2023-05-09 21:01:04,l2308,l2308,7868.0,2.0,78680.0,1.0,5,7868.0,7870.0,21,7885.0,7885.0,7888.0,7863.0,192.0,7554410.0,58446
2023-05-09 21:01:04,l2308,l2308,7868.0,5.0,196700.0,0.0,14,7867.0,7870.0,18,7885.0,7885.0,7888.0,7863.0,197.0,7751110.0,58446
2023-05-09 21:01:05,l2308,l2308,7868.0,0.0,0.0,0.0,20,7867.0,7870.0,18,7885.0,7885.0,7888.0,7863.0,197.0,7751110.0,58446
2023-05-09 21:01:05,l2308,l2308,7868.0,0.0,0.0,0.0,8,7868.0,7870.0,18,7885.0,7885.0,7888.0,7863.0,197.0,7751110.0,58446
2023-05-09 21:01:05,l2308,l2308,7868.0,0.0,0.0,0.0,11,7868.0,7870.0,18,7885.0,7885.0,7888.0,7863.0,197.0,7751110.0,58446
2023-05-09 21:01:06,l2308,l2308,7868.0,0.0,0.0,0.0,15,7867.0,7870.0,21,7885.0,7885.0,7888.0,7863.0,197.0,7751110.0,58446
2023-05-09 21:01:07,l2308,l2308,7869.0,1.0,39345.0,1.0,22,7867.0,7870.0,18,7885.0,7885.0,7888.0,7863.0,198.0,7790455.0,58447
2023-05-09 21:01:07,l2308,l2308,7869.0,0.0,0.0,0.0,22,7867.0,7870.0,20,7885.0,7885.0,7888.0,7863.0,198.0,7790455.0,58447
2023-05-09 21:01:08,l2308,l2308,7869.0,1.0,39345.0,1.0,21,7867.0,7870.0,18,7885.0,7885.0,7888.0,7863.0,199.0,7829800.0,58448
2023-05-09 21:01:08,l2308,l2308,7869.0,0.0,0.0,0.0,10,7868.0,7870.0,18,7885.0,7885.0,7888.0,7863.0,199.0,7829800.0,58448
2023-05-09 21:01:09,l2308,l2308,7868.0,3.0,118020.0,0.0,9,7868.0,7870.0,18,7885.0,7885.0,7888.0,7863.0,202.0,7947820.0,58448
2023-05-09 21:01:09,l2308,l2308,7868.0,0.0,0.0,0.0,11,7868.0,7870.0,13,7885.0,7885.0,7888.0,7863.0,202.0,7947820.0,58448
2023-05-09 21:01:10,l2308,l2308,7870.0,7.0,275445.0,6.0,6,7870.0,7871.0,22,7885.0,7885.0,7888.0,7863.0,209.0,8223265.0,58454
2023-05-09 21:01:10,l2308,l2308,7870.0,6.0,236100.0,-3.0,6,7869.0,7870.0,1,7885.0,7885.0,7888.0,7863.0,215.0,8459365.0,58451
2023-05-09 21:01:11,l2308,l2308,7870.0,0.0,0.0,0.0,22,7868.0,7870.0,4,7885.0,7885.0,7888.0,7863.0,215.0,8459365.0,58451
2023-05-09 21:01:12,l2308,l2308,7870.0,0.0,0.0,0.0,26,7868.0,7870.0,7,7885.0,7885.0,7888.0,7863.0,215.0,8459365.0,58451
2023-05-09 21:01:12,l2308,l2308,7870.0,0.0,0.0,0.0,29,7868.0,7870.0,7,7885.0,7885.0,7888.0,7863.0,215.0,8459365.0,58451
2023-05-09 21:01:13,l2308,l2308,7870.0,0.0,0.0,0.0,28,7868.0,7870.0,7,7885.0,7885.0,7888.0,7863.0,215.0,8459365.0,58451
2023-05-09 21:01:13,l2308,l2308,7868.0,3.0,118020.0,0.0,3,7867.0,7868.0,2,7885.0,7885.0,7888.0,7863.0,218.0,8577385.0,58451
2023-05-09 21:01:14,l2308,l2308,7868.0,3.0,118020.0,0.0,19,7866.0,7868.0,12,7885.0,7885.0,7888.0,7863.0,221.0,8695405.0,58451
2023-05-09 21:01:14,l2308,l2308,7868.0,0.0,0.0,0.0,25,7866.0,7868.0,12,7885.0,7885.0,7888.0,7863.0,221.0,8695405.0,58451
2023-05-09 21:01:15,l2308,l2308,7868.0,0.0,0.0,0.0,31,7866.0,7868.0,12,7885.0,7885.0,7888.0,7863.0,221.0,8695405.0,58451
2023-05-09 21:01:15,l2308,l2308,7868.0,0.0,0.0,0.0,18,7866.0,7868.0,21,7885.0,7885.0,7888.0,7863.0,221.0,8695405.0,58451
2023-05-09 21:01:16,l2308,l2308,7866.0,2.0,78660.0,0.0,4,7866.0,7868.0,30,7885.0,7885.0,7888.0,7863.0,223.0,8774065.0,58451
2023-05-09 21:01:16,l2308,l2308,7866.0,0.0,0.0,0.0,4,7866.0,7868.0,33,7885.0,7885.0,7888.0,7863.0,223.0,8774065.0,58451
2023-05-09 21:01:17,l2308,l2308,7866.0,0.0,0.0,0.0,4,7866.0,7867.0,3,7885.0,7885.0,7888.0,7863.0,223.0,8774065.0,58451
2023-05-09 21:01:17,l2308,l2308,7866.0,0.0,0.0,0.0,4,7866.0,7867.0,9,7885.0,7885.0,7888.0,7863.0,223.0,8774065.0,58451
2023-05-09 21:01:18,l2308,l2308,7866.0,2.0,78660.0,1.0,2,7866.0,7867.0,12,7885.0,7885.0,7888.0,7863.0,225.0,8852725.0,58452
2023-05-09 21:01:18,l2308,l2308,7866.0,0.0,0.0,0.0,2,7866.0,7867.0,19,7885.0,7885.0,7888.0,7863.0,225.0,8852725.0,58452
2023-05-09 21:01:19,l2308,l2308,7866.0,2.0,78660.0,2.0,6,7865.0,7866.0,3,7885.0,7885.0,7888.0,7863.0,227.0,8931385.0,58454
2023-05-09 21:01:19,l2308,l2308,7866.0,0.0,0.0,0.0,3,7865.0,7866.0,9,7885.0,7885.0,7888.0,7863.0,227.0,8931385.0,58454
2023-05-09 21:01:20,l2308,l2308,7865.0,3.0,117975.0,-1.0,6,7864.0,7866.0,15,7885.0,7885.0,7888.0,7863.0,230.0,9049360.0,58453
2023-05-09 21:01:20,l2308,l2308,7865.0,0.0,0.0,0.0,27,7863.0,7865.0,3,7885.0,7885.0,7888.0,7863.0,230.0,9049360.0,58453
2023-05-09 21:01:21,l2308,l2308,7865.0,0.0,0.0,0.0,30,7863.0,7865.0,3,7885.0,7885.0,7888.0,7863.0,230.0,9049360.0,58453
2023-05-09 21:01:21,l2308,l2308,7865.0,0.0,0.0,0.0,19,7863.0,7865.0,9,7885.0,7885.0,7888.0,7863.0,230.0,9049360.0,58453
2023-05-09 21:01:22,l2308,l2308,7865.0,0.0,0.0,0.0,2,7865.0,7866.0,21,7885.0,7885.0,7888.0,7863.0,230.0,9049360.0,58453
2023-05-09 21:01:22,l2308,l2308,7865.0,2.0,78650.0,-2.0,3,7864.0,7865.0,3,7885.0,7885.0,7888.0,7863.0,232.0,9128010.0,58451
2023-05-09 21:01:23,l2308,l2308,7865.0,0.0,0.0,0.0,24,7863.0,7865.0,3,7885.0,7885.0,7888.0,7863.0,232.0,9128010.0,58451
2023-05-09 21:01:23,l2308,l2308,7865.0,0.0,0.0,0.0,24,7863.0,7865.0,6,7885.0,7885.0,7888.0,7863.0,232.0,9128010.0,58451
2023-05-09 21:01:24,l2308,l2308,7865.0,0.0,0.0,0.0,6,7863.0,7864.0,3,7885.0,7885.0,7888.0,7863.0,232.0,9128010.0,58451
2023-05-09 21:01:24,l2308,l2308,7862.0,30.0,1179300.0,12.0,9,7861.0,7863.0,2,7885.0,7885.0,7888.0,7861.0,262.0,10307310.0,58463
2023-05-09 21:01:25,l2308,l2308,7861.0,2.0,78610.0,1.0,8,7861.0,7863.0,3,7885.0,7885.0,7888.0,7861.0,264.0,10385920.0,58464
2023-05-09 21:01:25,l2308,l2308,7861.0,1.0,39305.0,1.0,16,7861.0,7863.0,6,7885.0,7885.0,7888.0,7861.0,265.0,10425225.0,58465
2023-05-09 21:01:26,l2308,l2308,7861.0,0.0,0.0,0.0,19,7861.0,7863.0,6,7885.0,7885.0,7888.0,7861.0,265.0,10425225.0,58465
2023-05-09 21:01:27,l2308,l2308,7861.0,0.0,0.0,0.0,19,7861.0,7863.0,9,7885.0,7885.0,7888.0,7861.0,265.0,10425225.0,58465
2023-05-09 21:01:27,l2308,l2308,7861.0,0.0,0.0,0.0,16,7861.0,7863.0,9,7885.0,7885.0,7888.0,7861.0,265.0,10425225.0,58465
2023-05-09 21:01:29,l2308,l2308,7863.0,9.0,353835.0,-1.0,16,7861.0,7864.0,18,7885.0,7885.0,7888.0,7861.0,274.0,10779060.0,58464
2023-05-09 21:01:29,l2308,l2308,7862.0,1.0,39310.0,1.0,6,7862.0,7864.0,12,7885.0,7885.0,7888.0,7861.0,275.0,10818370.0,58465
2023-05-09 21:01:30,l2308,l2308,7862.0,0.0,0.0,0.0,9,7862.0,7864.0,15,7885.0,7885.0,7888.0,7861.0,275.0,10818370.0,58465
2023-05-09 21:01:30,l2308,l2308,7862.0,0.0,0.0,0.0,15,7861.0,7863.0,3,7885.0,7885.0,7888.0,7861.0,275.0,10818370.0,58465
2023-05-09 21:01:31,l2308,l2308,7862.0,0.0,0.0,0.0,9,7861.0,7863.0,3,7885.0,7885.0,7888.0,7861.0,275.0,10818370.0,58465
2023-05-09 21:01:31,l2308,l2308,7863.0,3.0,117945.0,0.0,3,7861.0,7864.0,21,7885.0,7885.0,7888.0,7861.0,278.0,10936315.0,58465
2023-05-09 21:01:32,l2308,l2308,7864.0,3.0,117930.0,1.0,3,7862.0,7864.0,8,7885.0,7885.0,7888.0,7861.0,281.0,11054245.0,58466
2023-05-09 21:01:34,l2308,l2308,7864.0,0.0,0.0,0.0,6,7862.0,7864.0,8,7885.0,7885.0,7888.0,7861.0,281.0,11054245.0,58466
2023-05-09 21:01:34,l2308,l2308,7864.0,10.0,393200.0,10.0,3,7864.0,7865.0,21,7885.0,7885.0,7888.0,7861.0,291.0,11447445.0,58476
2023-05-09 21:01:35,l2308,l2308,7864.0,0.0,0.0,0.0,3,7864.0,7865.0,12,7885.0,7885.0,7888.0,7861.0,291.0,11447445.0,58476
2023-05-09 21:01:35,l2308,l2308,7864.0,1.0,39320.0,1.0,2,7864.0,7865.0,9,7885.0,7885.0,7888.0,7861.0,292.0,11486765.0,58477
2023-05-09 21:01:36,l2308,l2308,7864.0,0.0,0.0,0.0,5,7864.0,7866.0,24,7885.0,7885.0,7888.0,7861.0,292.0,11486765.0,58477
2023-05-09 21:01:37,l2308,l2308,7864.0,0.0,0.0,0.0,8,7864.0,7866.0,18,7885.0,7885.0,7888.0,7861.0,292.0,11486765.0,58477
2023-05-09 21:01:37,l2308,l2308,7864.0,0.0,0.0,0.0,2,7864.0,7865.0,3,7885.0,7885.0,7888.0,7861.0,292.0,11486765.0,58477
2023-05-09 21:01:38,l2308,l2308,7864.0,2.0,78640.0,0.0,3,7864.0,7866.0,15,7885.0,7885.0,7888.0,7861.0,294.0,11565405.0,58477
2023-05-09 21:01:38,l2308,l2308,7864.0,0.0,0.0,0.0,9,7864.0,7866.0,15,7885.0,7885.0,7888.0,7861.0,294.0,11565405.0,58477
2023-05-09 21:01:39,l2308,l2308,7864.0,0.0,0.0,0.0,12,7864.0,7866.0,12,7885.0,7885.0,7888.0,7861.0,294.0,11565405.0,58477
2023-05-09 21:01:39,l2308,l2308,7864.0,0.0,0.0,0.0,15,7864.0,7866.0,6,7885.0,7885.0,7888.0,7861.0,294.0,11565405.0,58477
2023-05-09 21:01:40,l2308,l2308,7864.0,0.0,0.0,0.0,6,7864.0,7866.0,6,7885.0,7885.0,7888.0,7861.0,294.0,11565405.0,58477
2023-05-09 21:01:41,l2308,l2308,7864.0,0.0,0.0,0.0,12,7864.0,7866.0,6,7885.0,7885.0,7888.0,7861.0,294.0,11565405.0,58477
2023-05-09 21:01:41,l2308,l2308,7866.0,2.0,78660.0,2.0,15,7864.0,7866.0,4,7885.0,7885.0,7888.0,7861.0,296.0,11644065.0,58479
2023-05-09 21:01:42,l2308,l2308,7866.0,0.0,0.0,0.0,15,7864.0,7865.0,1,7885.0,7885.0,7888.0,7861.0,296.0,11644065.0,58479
2023-05-09 21:01:42,l2308,l2308,7866.0,5.0,196650.0,5.0,15,7864.0,7866.0,6,7885.0,7885.0,7888.0,7861.0,301.0,11840715.0,58484
2023-05-09 21:01:43,l2308,l2308,7866.0,0.0,0.0,0.0,20,7864.0,7866.0,3,7885.0,7885.0,7888.0,7861.0,301.0,11840715.0,58484
2023-05-09 21:01:43,l2308,l2308,7866.0,0.0,0.0,0.0,23,7864.0,7866.0,6,7885.0,7885.0,7888.0,7861.0,301.0,11840715.0,58484
2023-05-09 21:01:44,l2308,l2308,7866.0,0.0,0.0,0.0,21,7864.0,7866.0,6,7885.0,7885.0,7888.0,7861.0,301.0,11840715.0,58484
2023-05-09 21:01:44,l2308,l2308,7866.0,0.0,0.0,0.0,18,7864.0,7866.0,6,7885.0,7885.0,7888.0,7861.0,301.0,11840715.0,58484
2023-05-09 21:01:45,l2308,l2308,7866.0,0.0,0.0,0.0,9,7864.0,7866.0,5,7885.0,7885.0,7888.0,7861.0,301.0,11840715.0,58484
2023-05-09 21:01:45,l2308,l2308,7864.0,2.0,78640.0,1.0,2,7864.0,7866.0,6,7885.0,7885.0,7888.0,7861.0,303.0,11919355.0,58485
2023-05-09 21:01:46,l2308,l2308,7864.0,0.0,0.0,0.0,21,7863.0,7866.0,10,7885.0,7885.0,7888.0,7861.0,303.0,11919355.0,58485
2023-05-09 21:01:46,l2308,l2308,7864.0,0.0,0.0,0.0,24,7863.0,7866.0,13,7885.0,7885.0,7888.0,7861.0,303.0,11919355.0,58485
2023-05-09 21:01:47,l2308,l2308,7863.0,1.0,39315.0,1.0,30,7863.0,7866.0,19,7885.0,7885.0,7888.0,7861.0,304.0,11958670.0,58486
2023-05-09 21:01:47,l2308,l2308,7863.0,3.0,117945.0,2.0,28,7863.0,7866.0,22,7885.0,7885.0,7888.0,7861.0,307.0,12076615.0,58488
2023-05-09 21:01:48,l2308,l2308,7863.0,0.0,0.0,0.0,24,7863.0,7866.0,34,7885.0,7885.0,7888.0,7861.0,307.0,12076615.0,58488
2023-05-09 21:01:48,l2308,l2308,7863.0,1.0,39315.0,0.0,27,7863.0,7866.0,31,7885.0,7885.0,7888.0,7861.0,308.0,12115930.0,58488
2023-05-09 21:01:49,l2308,l2308,7863.0,0.0,0.0,0.0,23,7863.0,7866.0,35,7885.0,7885.0,7888.0,7861.0,308.0,12115930.0,58488
2023-05-09 21:01:49,l2308,l2308,7863.0,0.0,0.0,0.0,27,7863.0,7866.0,29,7885.0,7885.0,7888.0,7861.0,308.0,12115930.0,58488
2023-05-09 21:01:50,l2308,l2308,7865.0,1.0,39325.0,1.0,8,7864.0,7866.0,25,7885.0,7885.0,7888.0,7861.0,309.0,12155255.0,58489
2023-05-09 21:01:50,l2308,l2308,7864.0,1.0,39320.0,1.0,8,7864.0,7866.0,16,7885.0,7885.0,7888.0,7861.0,310.0,12194575.0,58490
2023-05-09 21:01:51,l2308,l2308,7864.0,0.0,0.0,0.0,21,7863.0,7865.0,3,7885.0,7885.0,7888.0,7861.0,310.0,12194575.0,58490
2023-05-09 21:01:51,l2308,l2308,7864.0,0.0,0.0,0.0,11,7863.0,7865.0,6,7885.0,7885.0,7888.0,7861.0,310.0,12194575.0,58490
2023-05-09 21:01:52,l2308,l2308,7864.0,0.0,0.0,0.0,5,7863.0,7865.0,15,7885.0,7885.0,7888.0,7861.0,310.0,12194575.0,58490
2023-05-09 21:01:52,l2308,l2308,7864.0,0.0,0.0,0.0,17,7862.0,7865.0,18,7885.0,7885.0,7888.0,7861.0,310.0,12194575.0,58490
2023-05-09 21:01:53,l2308,l2308,7864.0,0.0,0.0,0.0,28,7862.0,7865.0,18,7885.0,7885.0,7888.0,7861.0,310.0,12194575.0,58490
2023-05-09 21:01:53,l2308,l2308,7862.0,2.0,78620.0,2.0,23,7862.0,7863.0,2,7885.0,7885.0,7888.0,7861.0,312.0,12273195.0,58492
2023-05-09 21:01:54,l2308,l2308,7862.0,0.0,0.0,0.0,28,7862.0,7863.0,3,7885.0,7885.0,7888.0,7861.0,312.0,12273195.0,58492
2023-05-09 21:01:54,l2308,l2308,7862.0,0.0,0.0,0.0,34,7862.0,7863.0,3,7885.0,7885.0,7888.0,7861.0,312.0,12273195.0,58492
2023-05-09 21:01:55,l2308,l2308,7862.0,0.0,0.0,0.0,6,7863.0,7864.0,5,7885.0,7885.0,7888.0,7861.0,312.0,12273195.0,58492
2023-05-09 21:01:55,l2308,l2308,7862.0,0.0,0.0,0.0,12,7863.0,7864.0,2,7885.0,7885.0,7888.0,7861.0,312.0,12273195.0,58492
2023-05-09 21:01:56,l2308,l2308,7862.0,0.0,0.0,0.0,17,7863.0,7864.0,2,7885.0,7885.0,7888.0,7861.0,312.0,12273195.0,58492
2023-05-09 21:01:56,l2308,l2308,7863.0,1.0,39315.0,1.0,17,7863.0,7864.0,2,7885.0,7885.0,7888.0,7861.0,313.0,12312510.0,58493
2023-05-09 21:01:57,l2308,l2308,7863.0,2.0,78630.0,2.0,16,7862.0,7863.0,1,7885.0,7885.0,7888.0,7861.0,315.0,12391140.0,58495
2023-05-09 21:01:57,l2308,l2308,7863.0,1.0,39315.0,0.0,5,7862.0,7864.0,15,7885.0,7885.0,7888.0,7861.0,316.0,12430455.0,58495
2023-05-09 21:01:58,l2308,l2308,7862.0,3.0,117935.0,3.0,8,7862.0,7864.0,27,7885.0,7885.0,7888.0,7861.0,319.0,12548390.0,58498
2023-05-09 21:01:58,l2308,l2308,7862.0,0.0,0.0,0.0,8,7862.0,7864.0,33,7885.0,7885.0,7888.0,7861.0,319.0,12548390.0,58498
2023-05-09 21:01:59,l2308,l2308,7862.0,0.0,0.0,0.0,36,7861.0,7864.0,30,7885.0,7885.0,7888.0,7861.0,319.0,12548390.0,58498
2023-05-09 21:01:59,l2308,l2308,7862.0,0.0,0.0,0.0,31,7861.0,7864.0,34,7885.0,7885.0,7888.0,7861.0,319.0,12548390.0,58498
2023-05-09 21:02:00,l2308,l2308,7862.0,0.0,0.0,0.0,34,7861.0,7864.0,31,7885.0,7885.0,7888.0,7861.0,319.0,12548390.0,58498
2023-05-09 21:02:00,l2308,l2308,7862.0,0.0,0.0,0.0,36,7861.0,7864.0,31,7885.0,7885.0,7888.0,7861.0,319.0,12548390.0,58498
2023-05-09 21:02:01,l2308,l2308,7862.0,0.0,0.0,0.0,31,7861.0,7864.0,34,7885.0,7885.0,7888.0,7861.0,319.0,12548390.0,58498
2023-05-09 21:02:02,l2308,l2308,7862.0,0.0,0.0,0.0,34,7861.0,7864.0,31,7885.0,7885.0,7888.0,7861.0,319.0,12548390.0,58498
2023-05-09 21:02:03,l2308,l2308,7862.0,0.0,0.0,0.0,37,7861.0,7864.0,34,7885.0,7885.0,7888.0,7861.0,319.0,12548390.0,58498
2023-05-09 21:02:04,l2308,l2308,7862.0,0.0,0.0,0.0,27,7861.0,7863.0,6,7885.0,7885.0,7888.0,7861.0,319.0,12548390.0,58498
2023-05-09 21:02:05,l2308,l2308,7862.0,0.0,0.0,0.0,6,7861.0,7863.0,9,7885.0,7885.0,7888.0,7861.0,319.0,12548390.0,58498
2023-05-09 21:02:05,l2308,l2308,7862.0,0.0,0.0,0.0,36,7860.0,7863.0,12,7885.0,7885.0,7888.0,7861.0,319.0,12548390.0,58498
2023-05-09 21:02:06,l2308,l2308,7862.0,0.0,0.0,0.0,21,7860.0,7862.0,4,7885.0,7885.0,7888.0,7861.0,319.0,12548390.0,58498
2023-05-09 21:02:06,l2308,l2308,7862.0,0.0,0.0,0.0,6,7861.0,7863.0,10,7885.0,7885.0,7888.0,7861.0,319.0,12548390.0,58498
2023-05-09 21:02:07,l2308,l2308,7862.0,0.0,0.0,0.0,22,7861.0,7863.0,4,7885.0,7885.0,7888.0,7861.0,319.0,12548390.0,58498
2023-05-09 21:02:07,l2308,l2308,7862.0,0.0,0.0,0.0,36,7861.0,7863.0,1,7885.0,7885.0,7888.0,7861.0,319.0,12548390.0,58498
2023-05-09 21:02:08,l2308,l2308,7862.0,0.0,0.0,0.0,42,7861.0,7863.0,1,7885.0,7885.0,7888.0,7861.0,319.0,12548390.0,58498
2023-05-09 21:02:08,l2308,l2308,7862.0,0.0,0.0,0.0,44,7861.0,7863.0,1,7885.0,7885.0,7888.0,7861.0,319.0,12548390.0,58498
2023-05-09 21:02:10,l2308,l2308,7862.0,0.0,0.0,0.0,47,7861.0,7863.0,1,7885.0,7885.0,7888.0,7861.0,319.0,12548390.0,58498
2023-05-09 21:02:12,l2308,l2308,7862.0,0.0,0.0,0.0,44,7861.0,7863.0,1,7885.0,7885.0,7888.0,7861.0,319.0,12548390.0,58498
2023-05-09 21:02:12,l2308,l2308,7862.0,0.0,0.0,0.0,20,7861.0,7863.0,16,7885.0,7885.0,7888.0,7861.0,319.0,12548390.0,58498
2023-05-09 21:02:13,l2308,l2308,7862.0,0.0,0.0,0.0,23,7861.0,7863.0,13,7885.0,7885.0,7888.0,7861.0,319.0,12548390.0,58498
2023-05-09 21:02:13,l2308,l2308,7862.0,0.0,0.0,0.0,18,7861.0,7863.0,13,7885.0,7885.0,7888.0,7861.0,319.0,12548390.0,58498
2023-05-09 21:02:14,l2308,l2308,7862.0,0.0,0.0,0.0,12,7861.0,7863.0,16,7885.0,7885.0,7888.0,7861.0,319.0,12548390.0,58498
2023-05-09 21:02:14,l2308,l2308,7862.0,0.0,0.0,0.0,37,7860.0,7862.0,3,7885.0,7885.0,7888.0,7861.0,319.0,12548390.0,58498
2023-05-09 21:02:15,l2308,l2308,7862.0,0.0,0.0,0.0,40,7860.0,7862.0,3,7885.0,7885.0,7888.0,7861.0,319.0,12548390.0,58498
2023-05-09 21:02:15,l2308,l2308,7862.0,0.0,0.0,0.0,28,7860.0,7862.0,6,7885.0,7885.0,7888.0,7861.0,319.0,12548390.0,58498
2023-05-09 21:02:16,l2308,l2308,7862.0,0.0,0.0,0.0,31,7860.0,7862.0,9,7885.0,7885.0,7888.0,7861.0,319.0,12548390.0,58498
2023-05-09 21:02:16,l2308,l2308,7862.0,0.0,0.0,0.0,34,7860.0,7862.0,9,7885.0,7885.0,7888.0,7861.0,319.0,12548390.0,58498
2023-05-09 21:02:17,l2308,l2308,7862.0,0.0,0.0,0.0,27,7860.0,7862.0,9,7885.0,7885.0,7888.0,7861.0,319.0,12548390.0,58498
2023-05-09 21:02:17,l2308,l2308,7862.0,0.0,0.0,0.0,30,7860.0,7862.0,9,7885.0,7885.0,7888.0,7861.0,319.0,12548390.0,58498
2023-05-09 21:02:18,l2308,l2308,7862.0,0.0,0.0,0.0,39,7860.0,7862.0,6,7885.0,7885.0,7888.0,7861.0,319.0,12548390.0,58498
2023-05-09 21:02:18,l2308,l2308,7862.0,0.0,0.0,0.0,36,7860.0,7862.0,3,7885.0,7885.0,7888.0,7861.0,319.0,12548390.0,58498
2023-05-09 21:02:19,l2308,l2308,7863.0,26.0,1022175.0,10.0,10,7863.0,7864.0,3,7885.0,7885.0,7888.0,7861.0,345.0,13570565.0,58508
2023-05-09 21:02:19,l2308,l2308,7865.0,1.0,39325.0,1.0,13,7863.0,7865.0,13,7885.0,7885.0,7888.0,7861.0,346.0,13609890.0,58509
2023-05-09 21:02:20,l2308,l2308,7865.0,0.0,0.0,0.0,22,7863.0,7865.0,10,7885.0,7885.0,7888.0,7861.0,346.0,13609890.0,58509
2023-05-09 21:02:20,l2308,l2308,7865.0,0.0,0.0,0.0,21,7863.0,7865.0,10,7885.0,7885.0,7888.0,7861.0,346.0,13609890.0,58509
2023-05-09 21:02:21,l2308,l2308,7865.0,0.0,0.0,0.0,30,7863.0,7865.0,10,7885.0,7885.0,7888.0,7861.0,346.0,13609890.0,58509
2023-05-09 21:02:21,l2308,l2308,7865.0,0.0,0.0,0.0,33,7863.0,7865.0,4,7885.0,7885.0,7888.0,7861.0,346.0,13609890.0,58509
2023-05-09 21:02:22,l2308,l2308,7865.0,0.0,0.0,0.0,30,7863.0,7865.0,4,7885.0,7885.0,7888.0,7861.0,346.0,13609890.0,58509
2023-05-09 21:02:23,l2308,l2308,7865.0,0.0,0.0,0.0,33,7863.0,7865.0,7,7885.0,7885.0,7888.0,7861.0,346.0,13609890.0,58509
2023-05-09 21:02:23,l2308,l2308,7865.0,0.0,0.0,0.0,27,7863.0,7865.0,10,7885.0,7885.0,7888.0,7861.0,346.0,13609890.0,58509
2023-05-09 21:02:24,l2308,l2308,7865.0,0.0,0.0,0.0,24,7863.0,7865.0,13,7885.0,7885.0,7888.0,7861.0,346.0,13609890.0,58509
2023-05-09 21:02:24,l2308,l2308,7865.0,0.0,0.0,0.0,24,7863.0,7865.0,10,7885.0,7885.0,7888.0,7861.0,346.0,13609890.0,58509
2023-05-09 21:02:25,l2308,l2308,7865.0,0.0,0.0,0.0,3,7864.0,7866.0,27,7885.0,7885.0,7888.0,7861.0,346.0,13609890.0,58509
2023-05-09 21:02:25,l2308,l2308,7865.0,0.0,0.0,0.0,6,7864.0,7866.0,24,7885.0,7885.0,7888.0,7861.0,346.0,13609890.0,58509
2023-05-09 21:02:26,l2308,l2308,7865.0,0.0,0.0,0.0,9,7864.0,7866.0,20,7885.0,7885.0,7888.0,7861.0,346.0,13609890.0,58509
2023-05-09 21:02:26,l2308,l2308,7865.0,0.0,0.0,0.0,16,7864.0,7866.0,13,7885.0,7885.0,7888.0,7861.0,346.0,13609890.0,58509
2023-05-09 21:02:27,l2308,l2308,7865.0,0.0,0.0,0.0,34,7864.0,7866.0,7,7885.0,7885.0,7888.0,7861.0,346.0,13609890.0,58509
2023-05-09 21:02:27,l2308,l2308,7865.0,0.0,0.0,0.0,37,7864.0,7867.0,24,7885.0,7885.0,7888.0,7861.0,346.0,13609890.0,58509
2023-05-09 21:02:28,l2308,l2308,7865.0,0.0,0.0,0.0,37,7864.0,7867.0,35,7885.0,7885.0,7888.0,7861.0,346.0,13609890.0,58509
2023-05-09 21:02:28,l2308,l2308,7865.0,0.0,0.0,0.0,5,7865.0,7867.0,35,7885.0,7885.0,7888.0,7861.0,346.0,13609890.0,58509
2023-05-09 21:02:29,l2308,l2308,7867.0,17.0,668695.0,9.0,14,7867.0,7868.0,3,7885.0,7885.0,7888.0,7861.0,363.0,14278585.0,58518
2023-05-09 21:02:29,l2308,l2308,7867.0,6.0,236025.0,-2.0,3,7869.0,7870.0,10,7885.0,7885.0,7888.0,7861.0,369.0,14514610.0,58516
2023-05-09 21:02:30,l2308,l2308,7869.0,3.0,118035.0,0.0,15,7868.0,7870.0,7,7885.0,7885.0,7888.0,7861.0,372.0,14632645.0,58516
2023-05-09 21:02:30,l2308,l2308,7869.0,0.0,0.0,0.0,15,7868.0,7870.0,10,7885.0,7885.0,7888.0,7861.0,372.0,14632645.0,58516
2023-05-09 21:02:31,l2308,l2308,7868.0,18.0,708120.0,-2.0,21,7867.0,7868.0,20,7885.0,7885.0,7888.0,7861.0,390.0,15340765.0,58514
2023-05-09 21:02:31,l2308,l2308,7867.0,2.0,78670.0,0.0,1,7867.0,7868.0,32,7885.0,7885.0,7888.0,7861.0,392.0,15419435.0,58514
2023-05-09 21:02:32,l2308,l2308,7866.0,19.0,747275.0,1.0,32,7865.0,7868.0,40,7885.0,7885.0,7888.0,7861.0,411.0,16166710.0,58515
2023-05-09 21:02:32,l2308,l2308,7866.0,0.0,0.0,0.0,35,7865.0,7868.0,50,7885.0,7885.0,7888.0,7861.0,411.0,16166710.0,58515
2023-05-09 21:02:33,l2308,l2308,7866.0,0.0,0.0,0.0,21,7865.0,7867.0,7,7885.0,7885.0,7888.0,7861.0,411.0,16166710.0,58515
2023-05-09 21:02:34,l2308,l2308,7866.0,0.0,0.0,0.0,9,7865.0,7866.0,6,7885.0,7885.0,7888.0,7861.0,411.0,16166710.0,58515
2023-05-09 21:02:34,l2308,l2308,7866.0,0.0,0.0,0.0,15,7864.0,7866.0,12,7885.0,7885.0,7888.0,7861.0,411.0,16166710.0,58515
2023-05-09 21:02:35,l2308,l2308,7866.0,0.0,0.0,0.0,3,7864.0,7866.0,12,7885.0,7885.0,7888.0,7861.0,411.0,16166710.0,58515
2023-05-09 21:02:35,l2308,l2308,7866.0,3.0,117990.0,0.0,6,7864.0,7866.0,9,7885.0,7885.0,7888.0,7861.0,414.0,16284700.0,58515
2023-05-09 21:02:36,l2308,l2308,7867.0,29.0,1140685.0,14.0,3,7867.0,7868.0,26,7885.0,7885.0,7888.0,7861.0,443.0,17425385.0,58529
2023-05-09 21:02:36,l2308,l2308,7867.0,3.0,118005.0,0.0,3,7867.0,7868.0,29,7885.0,7885.0,7888.0,7861.0,446.0,17543390.0,58529
2023-05-09 21:02:37,l2308,l2308,7868.0,3.0,118020.0,3.0,27,7866.0,7868.0,15,7885.0,7885.0,7888.0,7861.0,449.0,17661410.0,58532
2023-05-09 21:02:37,l2308,l2308,7868.0,1.0,39340.0,0.0,39,7866.0,7868.0,3,7885.0,7885.0,7888.0,7861.0,450.0,17700750.0,58532
2023-05-09 21:02:39,l2308,l2308,7868.0,0.0,0.0,0.0,24,7866.0,7867.0,9,7885.0,7885.0,7888.0,7861.0,450.0,17700750.0,58532
2023-05-09 21:02:39,l2308,l2308,7868.0,0.0,0.0,0.0,9,7866.0,7867.0,9,7885.0,7885.0,7888.0,7861.0,450.0,17700750.0,58532
2023-05-09 21:02:40,l2308,l2308,7868.0,0.0,0.0,0.0,9,7866.0,7867.0,3,7885.0,7885.0,7888.0,7861.0,450.0,17700750.0,58532
2023-05-09 21:02:40,l2308,l2308,7866.0,9.0,353970.0,0.0,27,7865.0,7867.0,3,7885.0,7885.0,7888.0,7861.0,459.0,18054720.0,58532
2023-05-09 21:02:41,l2308,l2308,7866.0,0.0,0.0,0.0,27,7865.0,7867.0,9,7885.0,7885.0,7888.0,7861.0,459.0,18054720.0,58532
2023-05-09 21:02:42,l2308,l2308,7866.0,0.0,0.0,0.0,27,7865.0,7867.0,6,7885.0,7885.0,7888.0,7861.0,459.0,18054720.0,58532
2023-05-09 21:02:42,l2308,l2308,7866.0,0.0,0.0,0.0,33,7865.0,7868.0,33,7885.0,7885.0,7888.0,7861.0,459.0,18054720.0,58532
2023-05-09 21:02:43,l2308,l2308,7866.0,0.0,0.0,0.0,39,7865.0,7867.0,9,7885.0,7885.0,7888.0,7861.0,459.0,18054720.0,58532
2023-05-09 21:02:43,l2308,l2308,7866.0,0.0,0.0,0.0,36,7865.0,7867.0,18,7885.0,7885.0,7888.0,7861.0,459.0,18054720.0,58532
2023-05-09 21:02:44,l2308,l2308,7866.0,0.0,0.0,0.0,39,7865.0,7867.0,12,7885.0,7885.0,7888.0,7861.0,459.0,18054720.0,58532
2023-05-09 21:02:44,l2308,l2308,7866.0,0.0,0.0,0.0,36,7865.0,7867.0,12,7885.0,7885.0,7888.0,7861.0,459.0,18054720.0,58532
2023-05-09 21:02:45,l2308,l2308,7866.0,0.0,0.0,0.0,42,7865.0,7867.0,9,7885.0,7885.0,7888.0,7861.0,459.0,18054720.0,58532
2023-05-09 21:02:45,l2308,l2308,7866.0,0.0,0.0,0.0,36,7865.0,7867.0,12,7885.0,7885.0,7888.0,7861.0,459.0,18054720.0,58532
2023-05-09 21:02:46,l2308,l2308,7866.0,0.0,0.0,0.0,39,7865.0,7867.0,9,7885.0,7885.0,7888.0,7861.0,459.0,18054720.0,58532
2023-05-09 21:02:46,l2308,l2308,7866.0,0.0,0.0,0.0,18,7866.0,7868.0,32,7885.0,7885.0,7888.0,7861.0,459.0,18054720.0,58532
2023-05-09 21:02:47,l2308,l2308,7866.0,0.0,0.0,0.0,21,7866.0,7868.0,30,7885.0,7885.0,7888.0,7861.0,459.0,18054720.0,58532
2023-05-09 21:02:47,l2308,l2308,7866.0,0.0,0.0,0.0,27,7866.0,7868.0,30,7885.0,7885.0,7888.0,7861.0,459.0,18054720.0,58532
2023-05-09 21:02:48,l2308,l2308,7866.0,0.0,0.0,0.0,36,7866.0,7868.0,24,7885.0,7885.0,7888.0,7861.0,459.0,18054720.0,58532
2023-05-09 21:02:48,l2308,l2308,7866.0,0.0,0.0,0.0,39,7866.0,7868.0,12,7885.0,7885.0,7888.0,7861.0,459.0,18054720.0,58532
2023-05-09 21:02:49,l2308,l2308,7868.0,3.0,118020.0,0.0,42,7866.0,7868.0,7,7885.0,7885.0,7888.0,7861.0,462.0,18172740.0,58532
2023-05-09 21:02:50,l2308,l2308,7868.0,0.0,0.0,0.0,42,7866.0,7868.0,9,7885.0,7885.0,7888.0,7861.0,462.0,18172740.0,58532
2023-05-09 21:02:51,l2308,l2308,7868.0,0.0,0.0,0.0,39,7866.0,7868.0,18,7885.0,7885.0,7888.0,7861.0,462.0,18172740.0,58532
2023-05-09 21:02:52,l2308,l2308,7868.0,0.0,0.0,0.0,42,7866.0,7868.0,12,7885.0,7885.0,7888.0,7861.0,462.0,18172740.0,58532
2023-05-09 21:02:52,l2308,l2308,7868.0,0.0,0.0,0.0,36,7866.0,7868.0,15,7885.0,7885.0,7888.0,7861.0,462.0,18172740.0,58532
2023-05-09 21:02:53,l2308,l2308,7868.0,0.0,0.0,0.0,33,7866.0,7868.0,26,7885.0,7885.0,7888.0,7861.0,462.0,18172740.0,58532
2023-05-09 21:02:53,l2308,l2308,7868.0,0.0,0.0,0.0,36,7866.0,7868.0,29,7885.0,7885.0,7888.0,7861.0,462.0,18172740.0,58532
2023-05-09 21:02:54,l2308,l2308,7868.0,0.0,0.0,0.0,33,7866.0,7868.0,30,7885.0,7885.0,7888.0,7861.0,462.0,18172740.0,58532
2023-05-09 21:02:54,l2308,l2308,7868.0,0.0,0.0,0.0,42,7866.0,7868.0,18,7885.0,7885.0,7888.0,7861.0,462.0,18172740.0,58532
2023-05-09 21:02:55,l2308,l2308,7868.0,0.0,0.0,0.0,9,7867.0,7869.0,46,7885.0,7885.0,7888.0,7861.0,462.0,18172740.0,58532
2023-05-09 21:02:55,l2308,l2308,7868.0,0.0,0.0,0.0,3,7867.0,7868.0,9,7885.0,7885.0,7888.0,7861.0,462.0,18172740.0,58532
2023-05-09 21:02:56,l2308,l2308,7868.0,0.0,0.0,0.0,39,7866.0,7868.0,9,7885.0,7885.0,7888.0,7861.0,462.0,18172740.0,58532
2023-05-09 21:02:56,l2308,l2308,7868.0,0.0,0.0,0.0,42,7866.0,7868.0,9,7885.0,7885.0,7888.0,7861.0,462.0,18172740.0,58532
2023-05-09 21:02:57,l2308,l2308,7868.0,0.0,0.0,0.0,9,7867.0,7869.0,46,7885.0,7885.0,7888.0,7861.0,462.0,18172740.0,58532
2023-05-09 21:02:57,l2308,l2308,7868.0,0.0,0.0,0.0,12,7867.0,7869.0,50,7885.0,7885.0,7888.0,7861.0,462.0,18172740.0,58532
2023-05-09 21:02:58,l2308,l2308,7868.0,0.0,0.0,0.0,36,7866.0,7868.0,9,7885.0,7885.0,7888.0,7861.0,462.0,18172740.0,58532
2023-05-09 21:02:59,l2308,l2308,7868.0,0.0,0.0,0.0,42,7866.0,7868.0,9,7885.0,7885.0,7888.0,7861.0,462.0,18172740.0,58532
2023-05-09 21:02:59,l2308,l2308,7868.0,0.0,0.0,0.0,9,7867.0,7869.0,47,7885.0,7885.0,7888.0,7861.0,462.0,18172740.0,58532
2023-05-09 21:03:00,l2308,l2308,7868.0,0.0,0.0,0.0,36,7866.0,7868.0,9,7885.0,7885.0,7888.0,7861.0,462.0,18172740.0,58532
2023-05-09 21:03:00,l2308,l2308,7868.0,0.0,0.0,0.0,42,7866.0,7868.0,9,7885.0,7885.0,7888.0,7861.0,462.0,18172740.0,58532
2023-05-09 21:03:02,l2308,l2308,7866.0,16.0,629280.0,0.0,21,7865.0,7866.0,7,7885.0,7885.0,7888.0,7861.0,478.0,18802020.0,58532
2023-05-09 21:03:02,l2308,l2308,7867.0,20.0,786665.0,19.0,18,7865.0,7867.0,21,7885.0,7885.0,7888.0,7861.0,498.0,19588685.0,58551
2023-05-09 21:03:03,l2308,l2308,7867.0,0.0,0.0,0.0,3,7866.0,7867.0,20,7885.0,7885.0,7888.0,7861.0,498.0,19588685.0,58551
2023-05-09 21:03:03,l2308,l2308,7867.0,0.0,0.0,0.0,36,7865.0,7867.0,24,7885.0,7885.0,7888.0,7861.0,498.0,19588685.0,58551
2023-05-09 21:03:04,l2308,l2308,7867.0,0.0,0.0,0.0,3,7866.0,7867.0,21,7885.0,7885.0,7888.0,7861.0,498.0,19588685.0,58551
2023-05-09 21:03:04,l2308,l2308,7867.0,3.0,118005.0,3.0,42,7865.0,7867.0,3,7885.0,7885.0,7888.0,7861.0,501.0,19706690.0,58554
2023-05-09 21:03:05,l2308,l2308,7867.0,0.0,0.0,0.0,24,7867.0,7868.0,12,7885.0,7885.0,7888.0,7861.0,501.0,19706690.0,58554
2023-05-09 21:03:05,l2308,l2308,7868.0,11.0,432740.0,2.0,25,7868.0,7870.0,27,7885.0,7885.0,7888.0,7861.0,512.0,20139430.0,58556
2023-05-09 21:03:06,l2308,l2308,7868.0,0.0,0.0,0.0,40,7868.0,7870.0,33,7885.0,7885.0,7888.0,7861.0,512.0,20139430.0,58556
2023-05-09 21:03:06,l2308,l2308,7868.0,0.0,0.0,0.0,49,7868.0,7870.0,27,7885.0,7885.0,7888.0,7861.0,512.0,20139430.0,58556
2023-05-09 21:03:07,l2308,l2308,7868.0,23.0,904820.0,-5.0,24,7867.0,7868.0,12,7885.0,7885.0,7888.0,7861.0,535.0,21044250.0,58551
2023-05-09 21:03:08,l2308,l2308,7869.0,22.0,865530.0,14.0,15,7868.0,7869.0,3,7885.0,7885.0,7888.0,7861.0,557.0,21909780.0,58565
2023-05-09 21:03:08,l2308,l2308,7869.0,0.0,0.0,0.0,48,7868.0,7870.0,3,7885.0,7885.0,7888.0,7861.0,557.0,21909780.0,58565
2023-05-09 21:03:09,l2308,l2308,7869.0,0.0,0.0,0.0,12,7869.0,7871.0,38,7885.0,7885.0,7888.0,7861.0,557.0,21909780.0,58565
2023-05-09 21:03:09,l2308,l2308,7869.0,0.0,0.0,0.0,9,7869.0,7871.0,39,7885.0,7885.0,7888.0,7861.0,557.0,21909780.0,58565
2023-05-09 21:03:10,l2308,l2308,7869.0,0.0,0.0,0.0,12,7869.0,7871.0,36,7885.0,7885.0,7888.0,7861.0,557.0,21909780.0,58565
2023-05-09 21:03:11,l2308,l2308,7869.0,0.0,0.0,0.0,15,7869.0,7871.0,36,7885.0,7885.0,7888.0,7861.0,557.0,21909780.0,58565
2023-05-09 21:03:11,l2308,l2308,7869.0,0.0,0.0,0.0,18,7869.0,7871.0,31,7885.0,7885.0,7888.0,7861.0,557.0,21909780.0,58565
2023-05-09 21:03:12,l2308,l2308,7869.0,0.0,0.0,0.0,12,7869.0,7870.0,3,7885.0,7885.0,7888.0,7861.0,557.0,21909780.0,58565
2023-05-09 21:03:12,l2308,l2308,7869.0,0.0,0.0,0.0,12,7869.0,7871.0,40,7885.0,7885.0,7888.0,7861.0,557.0,21909780.0,58565
2023-05-09 21:03:13,l2308,l2308,7869.0,0.0,0.0,0.0,12,7869.0,7871.0,37,7885.0,7885.0,7888.0,7861.0,557.0,21909780.0,58565
2023-05-09 21:03:13,l2308,l2308,7869.0,9.0,354105.0,0.0,36,7868.0,7871.0,43,7885.0,7885.0,7888.0,7861.0,566.0,22263885.0,58565
2023-05-09 21:03:14,l2308,l2308,7869.0,0.0,0.0,0.0,30,7868.0,7870.0,12,7885.0,7885.0,7888.0,7861.0,566.0,22263885.0,58565
2023-05-09 21:03:14,l2308,l2308,7869.0,0.0,0.0,0.0,36,7868.0,7870.0,12,7885.0,7885.0,7888.0,7861.0,566.0,22263885.0,58565
2023-05-09 21:03:15,l2308,l2308,7869.0,0.0,0.0,0.0,27,7868.0,7870.0,15,7885.0,7885.0,7888.0,7861.0,566.0,22263885.0,58565
2023-05-09 21:03:15,l2308,l2308,7869.0,0.0,0.0,0.0,39,7868.0,7870.0,12,7885.0,7885.0,7888.0,7861.0,566.0,22263885.0,58565
2023-05-09 21:03:16,l2308,l2308,7869.0,0.0,0.0,0.0,6,7869.0,7871.0,39,7885.0,7885.0,7888.0,7861.0,566.0,22263885.0,58565
2023-05-09 21:03:16,l2308,l2308,7869.0,0.0,0.0,0.0,6,7869.0,7871.0,43,7885.0,7885.0,7888.0,7861.0,566.0,22263885.0,58565
2023-05-09 21:03:20,l2308,l2308,7869.0,0.0,0.0,0.0,6,7869.0,7871.0,42,7885.0,7885.0,7888.0,7861.0,566.0,22263885.0,58565
2023-05-09 21:03:21,l2308,l2308,7869.0,0.0,0.0,0.0,3,7869.0,7871.0,42,7885.0,7885.0,7888.0,7861.0,566.0,22263885.0,58565
2023-05-09 21:03:22,l2308,l2308,7869.0,0.0,0.0,0.0,24,7869.0,7871.0,18,7885.0,7885.0,7888.0,7861.0,566.0,22263885.0,58565
2023-05-09 21:03:22,l2308,l2308,7869.0,0.0,0.0,0.0,37,7869.0,7872.0,41,7885.0,7885.0,7888.0,7861.0,566.0,22263885.0,58565
2023-05-09 21:03:23,l2308,l2308,7869.0,0.0,0.0,0.0,36,7869.0,7871.0,15,7885.0,7885.0,7888.0,7861.0,566.0,22263885.0,58565
2023-05-09 21:03:23,l2308,l2308,7869.0,0.0,0.0,0.0,36,7869.0,7871.0,23,7885.0,7885.0,7888.0,7861.0,566.0,22263885.0,58565
2023-05-09 21:03:24,l2308,l2308,7869.0,0.0,0.0,0.0,18,7869.0,7870.0,9,7885.0,7885.0,7888.0,7861.0,566.0,22263885.0,58565
2023-05-09 21:03:25,l2308,l2308,7869.0,0.0,0.0,0.0,45,7868.0,7870.0,12,7885.0,7885.0,7888.0,7861.0,566.0,22263885.0,58565
2023-05-09 21:03:26,l2308,l2308,7869.0,0.0,0.0,0.0,51,7868.0,7871.0,38,7885.0,7885.0,7888.0,7861.0,566.0,22263885.0,58565
2023-05-09 21:03:26,l2308,l2308,7869.0,0.0,0.0,0.0,12,7869.0,7871.0,39,7885.0,7885.0,7888.0,7861.0,566.0,22263885.0,58565
2023-05-09 21:03:27,l2308,l2308,7869.0,0.0,0.0,0.0,15,7869.0,7871.0,42,7885.0,7885.0,7888.0,7861.0,566.0,22263885.0,58565
2023-05-09 21:03:27,l2308,l2308,7869.0,0.0,0.0,0.0,6,7869.0,7871.0,39,7885.0,7885.0,7888.0,7861.0,566.0,22263885.0,58565
2023-05-09 21:03:28,l2308,l2308,7869.0,0.0,0.0,0.0,6,7869.0,7870.0,9,7885.0,7885.0,7888.0,7861.0,566.0,22263885.0,58565
2023-05-09 21:03:29,l2308,l2308,7869.0,0.0,0.0,0.0,15,7869.0,7871.0,39,7885.0,7885.0,7888.0,7861.0,566.0,22263885.0,58565
2023-05-09 21:03:30,l2308,l2308,7869.0,0.0,0.0,0.0,18,7869.0,7871.0,36,7885.0,7885.0,7888.0,7861.0,566.0,22263885.0,58565
2023-05-09 21:03:30,l2308,l2308,7869.0,0.0,0.0,0.0,21,7869.0,7871.0,33,7885.0,7885.0,7888.0,7861.0,566.0,22263885.0,58565
2023-05-09 21:03:31,l2308,l2308,7869.0,0.0,0.0,0.0,21,7869.0,7871.0,30,7885.0,7885.0,7888.0,7861.0,566.0,22263885.0,58565
2023-05-09 21:03:31,l2308,l2308,7869.0,0.0,0.0,0.0,36,7869.0,7871.0,24,7885.0,7885.0,7888.0,7861.0,566.0,22263885.0,58565
2023-05-09 21:03:32,l2308,l2308,7869.0,0.0,0.0,0.0,9,7870.0,7872.0,41,7885.0,7885.0,7888.0,7861.0,566.0,22263885.0,58565
2023-05-09 21:03:32,l2308,l2308,7869.0,0.0,0.0,0.0,12,7870.0,7872.0,44,7885.0,7885.0,7888.0,7861.0,566.0,22263885.0,58565
2023-05-09 21:03:33,l2308,l2308,7869.0,0.0,0.0,0.0,33,7869.0,7871.0,18,7885.0,7885.0,7888.0,7861.0,566.0,22263885.0,58565
2023-05-09 21:03:33,l2308,l2308,7869.0,0.0,0.0,0.0,33,7869.0,7871.0,27,7885.0,7885.0,7888.0,7861.0,566.0,22263885.0,58565
2023-05-09 21:03:34,l2308,l2308,7869.0,0.0,0.0,0.0,36,7869.0,7871.0,27,7885.0,7885.0,7888.0,7861.0,566.0,22263885.0,58565
2023-05-09 21:03:35,l2308,l2308,7869.0,0.0,0.0,0.0,33,7869.0,7871.0,30,7885.0,7885.0,7888.0,7861.0,566.0,22263885.0,58565
2023-05-09 21:03:36,l2308,l2308,7869.0,0.0,0.0,0.0,36,7869.0,7871.0,21,7885.0,7885.0,7888.0,7861.0,566.0,22263885.0,58565
2023-05-09 21:03:36,l2308,l2308,7869.0,0.0,0.0,0.0,42,7869.0,7871.0,9,7885.0,7885.0,7888.0,7861.0,566.0,22263885.0,58565
2023-05-09 21:03:37,l2308,l2308,7869.0,0.0,0.0,0.0,44,7869.0,7871.0,9,7885.0,7885.0,7888.0,7861.0,566.0,22263885.0,58565
2023-05-09 21:03:37,l2308,l2308,7869.0,0.0,0.0,0.0,9,7870.0,7872.0,42,7885.0,7885.0,7888.0,7861.0,566.0,22263885.0,58565
2023-05-09 21:03:38,l2308,l2308,7869.0,0.0,0.0,0.0,12,7870.0,7872.0,39,7885.0,7885.0,7888.0,7861.0,566.0,22263885.0,58565
2023-05-09 21:03:38,l2308,l2308,7869.0,0.0,0.0,0.0,24,7870.0,7872.0,27,7885.0,7885.0,7888.0,7861.0,566.0,22263885.0,58565
2023-05-09 21:03:39,l2308,l2308,7869.0,0.0,0.0,0.0,30,7870.0,7872.0,30,7885.0,7885.0,7888.0,7861.0,566.0,22263885.0,58565
2023-05-09 21:03:39,l2308,l2308,7869.0,0.0,0.0,0.0,39,7870.0,7872.0,15,7885.0,7885.0,7888.0,7861.0,566.0,22263885.0,58565
2023-05-09 21:03:40,l2308,l2308,7869.0,0.0,0.0,0.0,42,7870.0,7872.0,9,7885.0,7885.0,7888.0,7861.0,566.0,22263885.0,58565
2023-05-09 21:03:41,l2308,l2308,7869.0,0.0,0.0,0.0,39,7870.0,7872.0,15,7885.0,7885.0,7888.0,7861.0,566.0,22263885.0,58565
2023-05-09 21:03:41,l2308,l2308,7869.0,0.0,0.0,0.0,36,7870.0,7872.0,15,7885.0,7885.0,7888.0,7861.0,566.0,22263885.0,58565
2023-05-09 21:03:42,l2308,l2308,7869.0,0.0,0.0,0.0,42,7870.0,7872.0,9,7885.0,7885.0,7888.0,7861.0,566.0,22263885.0,58565
2023-05-09 21:03:43,l2308,l2308,7869.0,0.0,0.0,0.0,9,7871.0,7873.0,44,7885.0,7885.0,7888.0,7861.0,566.0,22263885.0,58565
2023-05-09 21:03:44,l2308,l2308,7869.0,0.0,0.0,0.0,15,7871.0,7873.0,39,7885.0,7885.0,7888.0,7861.0,566.0,22263885.0,58565
2023-05-09 21:03:44,l2308,l2308,7869.0,0.0,0.0,0.0,37,7870.0,7872.0,9,7885.0,7885.0,7888.0,7861.0,566.0,22263885.0,58565
2023-05-09 21:03:45,l2308,l2308,7869.0,0.0,0.0,0.0,36,7870.0,7872.0,15,7885.0,7885.0,7888.0,7861.0,566.0,22263885.0,58565
2023-05-09 21:03:46,l2308,l2308,7869.0,0.0,0.0,0.0,36,7870.0,7872.0,12,7885.0,7885.0,7888.0,7861.0,566.0,22263885.0,58565
2023-05-09 21:03:47,l2308,l2308,7869.0,0.0,0.0,0.0,42,7870.0,7872.0,9,7885.0,7885.0,7888.0,7861.0,566.0,22263885.0,58565
2023-05-09 21:03:47,l2308,l2308,7869.0,0.0,0.0,0.0,37,7870.0,7872.0,12,7885.0,7885.0,7888.0,7861.0,566.0,22263885.0,58565
2023-05-09 21:03:47,l2308,l2308,7869.0,0.0,0.0,0.0,36,7870.0,7872.0,12,7885.0,7885.0,7888.0,7861.0,566.0,22263885.0,58565
2023-05-09 21:03:48,l2308,l2308,7869.0,0.0,0.0,0.0,39,7870.0,7872.0,12,7885.0,7885.0,7888.0,7861.0,566.0,22263885.0,58565
2023-05-09 21:03:49,l2308,l2308,7869.0,0.0,0.0,0.0,39,7870.0,7872.0,9,7885.0,7885.0,7888.0,7861.0,566.0,22263885.0,58565
2023-05-09 21:03:49,l2308,l2308,7869.0,0.0,0.0,0.0,39,7870.0,7872.0,12,7885.0,7885.0,7888.0,7861.0,566.0,22263885.0,58565
2023-05-09 21:03:50,l2308,l2308,7869.0,0.0,0.0,0.0,36,7870.0,7872.0,12,7885.0,7885.0,7888.0,7861.0,566.0,22263885.0,58565
2023-05-09 21:03:50,l2308,l2308,7869.0,0.0,0.0,0.0,36,7870.0,7872.0,15,7885.0,7885.0,7888.0,7861.0,566.0,22263885.0,58565
2023-05-09 21:03:51,l2308,l2308,7869.0,0.0,0.0,0.0,36,7870.0,7872.0,12,7885.0,7885.0,7888.0,7861.0,566.0,22263885.0,58565
2023-05-09 21:03:53,l2308,l2308,7870.0,19.0,747650.0,-3.0,17,7870.0,7872.0,12,7885.0,7885.0,7888.0,7861.0,585.0,23011535.0,58562
2023-05-09 21:03:53,l2308,l2308,7870.0,0.0,0.0,0.0,3,7870.0,7871.0,18,7885.0,7885.0,7888.0,7861.0,585.0,23011535.0,58562
2023-05-09 21:03:54,l2308,l2308,7870.0,2.0,78700.0,0.0,9,7869.0,7870.0,2,7885.0,7885.0,7888.0,7861.0,587.0,23090235.0,58562
2023-05-09 21:03:54,l2308,l2308,7870.0,0.0,0.0,0.0,3,7869.0,7870.0,2,7885.0,7885.0,7888.0,7861.0,587.0,23090235.0,58562
2023-05-09 21:03:55,l2308,l2308,7870.0,0.0,0.0,0.0,18,7869.0,7870.0,2,7885.0,7885.0,7888.0,7861.0,587.0,23090235.0,58562
2023-05-09 21:03:55,l2308,l2308,7870.0,0.0,0.0,0.0,21,7869.0,7870.0,2,7885.0,7885.0,7888.0,7861.0,587.0,23090235.0,58562
2023-05-09 21:03:56,l2308,l2308,7870.0,0.0,0.0,0.0,33,7869.0,7870.0,2,7885.0,7885.0,7888.0,7861.0,587.0,23090235.0,58562
2023-05-09 21:03:56,l2308,l2308,7870.0,0.0,0.0,0.0,40,7869.0,7870.0,2,7885.0,7885.0,7888.0,7861.0,587.0,23090235.0,58562
2023-05-09 21:03:58,l2308,l2308,7870.0,0.0,0.0,0.0,36,7869.0,7870.0,2,7885.0,7885.0,7888.0,7861.0,587.0,23090235.0,58562
2023-05-09 21:03:59,l2308,l2308,7870.0,0.0,0.0,0.0,33,7869.0,7870.0,2,7885.0,7885.0,7888.0,7861.0,587.0,23090235.0,58562
2023-05-09 21:03:59,l2308,l2308,7870.0,0.0,0.0,0.0,12,7869.0,7870.0,5,7885.0,7885.0,7888.0,7861.0,587.0,23090235.0,58562
2023-05-09 21:04:00,l2308,l2308,7870.0,0.0,0.0,0.0,9,7869.0,7870.0,2,7885.0,7885.0,7888.0,7861.0,587.0,23090235.0,58562
2023-05-09 21:04:00,l2308,l2308,7871.0,47.0,1849675.0,24.0,22,7869.0,7872.0,22,7885.0,7885.0,7888.0,7861.0,634.0,24939910.0,58586
2023-05-09 21:04:01,l2308,l2308,7871.0,0.0,0.0,0.0,9,7869.0,7871.0,21,7885.0,7885.0,7888.0,7861.0,634.0,24939910.0,58586
2023-05-09 21:04:01,l2308,l2308,7869.0,9.0,354105.0,-3.0,37,7868.0,7869.0,9,7885.0,7885.0,7888.0,7861.0,643.0,25294015.0,58583
2023-05-09 21:04:02,l2308,l2308,7869.0,0.0,0.0,0.0,28,7868.0,7869.0,9,7885.0,7885.0,7888.0,7861.0,643.0,25294015.0,58583
2023-05-09 21:04:03,l2308,l2308,7870.0,12.0,472155.0,6.0,3,7870.0,7871.0,24,7885.0,7885.0,7888.0,7861.0,655.0,25766170.0,58589
2023-05-09 21:04:03,l2308,l2308,7870.0,3.0,118050.0,-3.0,15,7869.0,7870.0,3,7885.0,7885.0,7888.0,7861.0,658.0,25884220.0,58586
2023-05-09 21:04:04,l2308,l2308,7870.0,0.0,0.0,0.0,9,7869.0,7870.0,3,7885.0,7885.0,7888.0,7861.0,658.0,25884220.0,58586
2023-05-09 21:04:05,l2308,l2308,7870.0,0.0,0.0,0.0,12,7870.0,7871.0,18,7885.0,7885.0,7888.0,7861.0,658.0,25884220.0,58586
2023-05-09 21:04:06,l2308,l2308,7870.0,0.0,0.0,0.0,15,7870.0,7872.0,30,7885.0,7885.0,7888.0,7861.0,658.0,25884220.0,58586
2023-05-09 21:04:06,l2308,l2308,7870.0,0.0,0.0,0.0,9,7870.0,7871.0,6,7885.0,7885.0,7888.0,7861.0,658.0,25884220.0,58586
2023-05-09 21:04:07,l2308,l2308,7870.0,0.0,0.0,0.0,9,7870.0,7872.0,42,7885.0,7885.0,7888.0,7861.0,658.0,25884220.0,58586
2023-05-09 21:04:08,l2308,l2308,7870.0,0.0,0.0,0.0,15,7870.0,7872.0,33,7885.0,7885.0,7888.0,7861.0,658.0,25884220.0,58586
2023-05-09 21:04:08,l2308,l2308,7870.0,0.0,0.0,0.0,15,7871.0,7872.0,9,7885.0,7885.0,7888.0,7861.0,658.0,25884220.0,58586
2023-05-09 21:04:09,l2308,l2308,7870.0,0.0,0.0,0.0,25,7871.0,7873.0,34,7885.0,7885.0,7888.0,7861.0,658.0,25884220.0,58586
2023-05-09 21:04:09,l2308,l2308,7870.0,0.0,0.0,0.0,25,7871.0,7873.0,37,7885.0,7885.0,7888.0,7861.0,658.0,25884220.0,58586
2023-05-09 21:04:10,l2308,l2308,7870.0,0.0,0.0,0.0,22,7871.0,7873.0,33,7885.0,7885.0,7888.0,7861.0,658.0,25884220.0,58586
2023-05-09 21:04:10,l2308,l2308,7870.0,0.0,0.0,0.0,29,7872.0,7873.0,6,7885.0,7885.0,7888.0,7861.0,658.0,25884220.0,58586
2023-05-09 21:04:11,l2308,l2308,7870.0,0.0,0.0,0.0,12,7873.0,7874.0,3,7885.0,7885.0,7888.0,7861.0,658.0,25884220.0,58586
2023-05-09 21:04:11,l2308,l2308,7873.0,6.0,236190.0,0.0,7,7873.0,7874.0,6,7885.0,7885.0,7888.0,7861.0,664.0,26120410.0,58586
2023-05-09 21:04:12,l2308,l2308,7873.0,0.0,0.0,0.0,45,7872.0,7874.0,15,7885.0,7885.0,7888.0,7861.0,664.0,26120410.0,58586
2023-05-09 21:04:12,l2308,l2308,7873.0,0.0,0.0,0.0,45,7872.0,7875.0,37,7885.0,7885.0,7888.0,7861.0,664.0,26120410.0,58586
2023-05-09 21:04:13,l2308,l2308,7873.0,0.0,0.0,0.0,12,7873.0,7875.0,40,7885.0,7885.0,7888.0,7861.0,664.0,26120410.0,58586
2023-05-09 21:04:13,l2308,l2308,7873.0,0.0,0.0,0.0,16,7873.0,7875.0,37,7885.0,7885.0,7888.0,7861.0,664.0,26120410.0,58586
2023-05-09 21:04:16,l2308,l2308,7873.0,0.0,0.0,0.0,39,7872.0,7874.0,12,7885.0,7885.0,7888.0,7861.0,664.0,26120410.0,58586
2023-05-09 21:04:16,l2308,l2308,7873.0,0.0,0.0,0.0,39,7872.0,7874.0,15,7885.0,7885.0,7888.0,7861.0,664.0,26120410.0,58586
2023-05-09 21:04:17,l2308,l2308,7873.0,0.0,0.0,0.0,9,7873.0,7874.0,6,7885.0,7885.0,7888.0,7861.0,664.0,26120410.0,58586
2023-05-09 21:04:17,l2308,l2308,7873.0,0.0,0.0,0.0,12,7873.0,7875.0,37,7885.0,7885.0,7888.0,7861.0,664.0,26120410.0,58586
2023-05-09 21:04:17,l2308,l2308,7873.0,0.0,0.0,0.0,12,7873.0,7875.0,40,7885.0,7885.0,7888.0,7861.0,664.0,26120410.0,58586
2023-05-09 21:04:18,l2308,l2308,7873.0,0.0,0.0,0.0,12,7873.0,7875.0,37,7885.0,7885.0,7888.0,7861.0,664.0,26120410.0,58586
2023-05-09 21:04:19,l2308,l2308,7873.0,0.0,0.0,0.0,38,7872.0,7874.0,12,7885.0,7885.0,7888.0,7861.0,664.0,26120410.0,58586
2023-05-09 21:04:19,l2308,l2308,7873.0,0.0,0.0,0.0,6,7872.0,7873.0,12,7885.0,7885.0,7888.0,7861.0,664.0,26120410.0,58586
2023-05-09 21:04:20,l2308,l2308,7873.0,0.0,0.0,0.0,18,7871.0,7872.0,9,7885.0,7885.0,7888.0,7861.0,664.0,26120410.0,58586
2023-05-09 21:04:20,l2308,l2308,7873.0,0.0,0.0,0.0,36,7870.0,7872.0,15,7885.0,7885.0,7888.0,7861.0,664.0,26120410.0,58586
2023-05-09 21:04:21,l2308,l2308,7873.0,0.0,0.0,0.0,6,7870.0,7871.0,9,7885.0,7885.0,7888.0,7861.0,664.0,26120410.0,58586
2023-05-09 21:04:22,l2308,l2308,7873.0,0.0,0.0,0.0,40,7869.0,7871.0,12,7885.0,7885.0,7888.0,7861.0,664.0,26120410.0,58586
2023-05-09 21:04:22,l2308,l2308,7873.0,0.0,0.0,0.0,37,7869.0,7871.0,12,7885.0,7885.0,7888.0,7861.0,664.0,26120410.0,58586
2023-05-09 21:04:24,l2308,l2308,7873.0,0.0,0.0,0.0,37,7869.0,7871.0,15,7885.0,7885.0,7888.0,7861.0,664.0,26120410.0,58586
2023-05-09 21:04:26,l2308,l2308,7873.0,0.0,0.0,0.0,40,7869.0,7871.0,12,7885.0,7885.0,7888.0,7861.0,664.0,26120410.0,58586
2023-05-09 21:04:26,l2308,l2308,7873.0,0.0,0.0,0.0,40,7869.0,7871.0,9,7885.0,7885.0,7888.0,7861.0,664.0,26120410.0,58586
2023-05-09 21:04:26,l2308,l2308,7873.0,0.0,0.0,0.0,43,7869.0,7871.0,9,7885.0,7885.0,7888.0,7861.0,664.0,26120410.0,58586
2023-05-09 21:04:27,l2308,l2308,7873.0,0.0,0.0,0.0,27,7869.0,7871.0,24,7885.0,7885.0,7888.0,7861.0,664.0,26120410.0,58586
2023-05-09 21:04:28,l2308,l2308,7873.0,0.0,0.0,0.0,24,7869.0,7871.0,33,7885.0,7885.0,7888.0,7861.0,664.0,26120410.0,58586
2023-05-09 21:04:28,l2308,l2308,7873.0,0.0,0.0,0.0,47,7868.0,7870.0,9,7885.0,7885.0,7888.0,7861.0,664.0,26120410.0,58586
2023-05-09 21:04:29,l2308,l2308,7873.0,0.0,0.0,0.0,9,7869.0,7871.0,42,7885.0,7885.0,7888.0,7861.0,664.0,26120410.0,58586
2023-05-09 21:04:29,l2308,l2308,7873.0,0.0,0.0,0.0,4,7869.0,7870.0,9,7885.0,7885.0,7888.0,7861.0,664.0,26120410.0,58586
2023-05-09 21:04:30,l2308,l2308,7873.0,0.0,0.0,0.0,50,7868.0,7870.0,9,7885.0,7885.0,7888.0,7861.0,664.0,26120410.0,58586
2023-05-09 21:04:33,l2308,l2308,7873.0,0.0,0.0,0.0,47,7868.0,7870.0,15,7885.0,7885.0,7888.0,7861.0,664.0,26120410.0,58586
2023-05-09 21:04:34,l2308,l2308,7873.0,0.0,0.0,0.0,36,7868.0,7870.0,21,7885.0,7885.0,7888.0,7861.0,664.0,26120410.0,58586
2023-05-09 21:04:34,l2308,l2308,7873.0,0.0,0.0,0.0,41,7868.0,7870.0,21,7885.0,7885.0,7888.0,7861.0,664.0,26120410.0,58586
2023-05-09 21:04:35,l2308,l2308,7873.0,0.0,0.0,0.0,38,7868.0,7870.0,24,7885.0,7885.0,7888.0,7861.0,664.0,26120410.0,58586
2023-05-09 21:04:35,l2308,l2308,7873.0,0.0,0.0,0.0,30,7868.0,7870.0,21,7885.0,7885.0,7888.0,7861.0,664.0,26120410.0,58586
2023-05-09 21:04:36,l2308,l2308,7873.0,0.0,0.0,0.0,15,7868.0,7869.0,15,7885.0,7885.0,7888.0,7861.0,664.0,26120410.0,58586
2023-05-09 21:04:36,l2308,l2308,7868.0,13.0,511420.0,3.0,33,7866.0,7868.0,14,7885.0,7885.0,7888.0,7861.0,677.0,26631830.0,58589
2023-05-09 21:04:37,l2308,l2308,7868.0,0.0,0.0,0.0,12,7867.0,7868.0,5,7885.0,7885.0,7888.0,7861.0,677.0,26631830.0,58589
2023-05-09 21:04:37,l2308,l2308,7868.0,0.0,0.0,0.0,43,7866.0,7868.0,17,7885.0,7885.0,7888.0,7861.0,677.0,26631830.0,58589
2023-05-09 21:04:38,l2308,l2308,7868.0,0.0,0.0,0.0,40,7866.0,7868.0,20,7885.0,7885.0,7888.0,7861.0,677.0,26631830.0,58589
2023-05-09 21:04:39,l2308,l2308,7868.0,0.0,0.0,0.0,40,7866.0,7868.0,32,7885.0,7885.0,7888.0,7861.0,677.0,26631830.0,58589
2023-05-09 21:04:39,l2308,l2308,7868.0,0.0,0.0,0.0,33,7866.0,7868.0,32,7885.0,7885.0,7888.0,7861.0,677.0,26631830.0,58589
2023-05-09 21:04:40,l2308,l2308,7868.0,0.0,0.0,0.0,9,7866.0,7867.0,9,7885.0,7885.0,7888.0,7861.0,677.0,26631830.0,58589
2023-05-09 21:04:40,l2308,l2308,7868.0,0.0,0.0,0.0,42,7865.0,7867.0,9,7885.0,7885.0,7888.0,7861.0,677.0,26631830.0,58589
2023-05-09 21:04:42,l2308,l2308,7868.0,0.0,0.0,0.0,39,7865.0,7867.0,12,7885.0,7885.0,7888.0,7861.0,677.0,26631830.0,58589
2023-05-09 21:04:44,l2308,l2308,7868.0,0.0,0.0,0.0,42,7865.0,7867.0,9,7885.0,7885.0,7888.0,7861.0,677.0,26631830.0,58589
2023-05-09 21:04:44,l2308,l2308,7868.0,0.0,0.0,0.0,39,7865.0,7867.0,12,7885.0,7885.0,7888.0,7861.0,677.0,26631830.0,58589
2023-05-09 21:04:45,l2308,l2308,7868.0,0.0,0.0,0.0,36,7865.0,7867.0,21,7885.0,7885.0,7888.0,7861.0,677.0,26631830.0,58589
2023-05-09 21:04:46,l2308,l2308,7868.0,0.0,0.0,0.0,39,7865.0,7867.0,18,7885.0,7885.0,7888.0,7861.0,677.0,26631830.0,58589
2023-05-09 21:04:47,l2308,l2308,7868.0,0.0,0.0,0.0,42,7865.0,7867.0,21,7885.0,7885.0,7888.0,7861.0,677.0,26631830.0,58589
2023-05-09 21:04:47,l2308,l2308,7868.0,0.0,0.0,0.0,39,7865.0,7867.0,18,7885.0,7885.0,7888.0,7861.0,677.0,26631830.0,58589
2023-05-09 21:04:48,l2308,l2308,7868.0,0.0,0.0,0.0,42,7865.0,7867.0,15,7885.0,7885.0,7888.0,7861.0,677.0,26631830.0,58589
2023-05-09 21:04:48,l2308,l2308,7867.0,2.0,78670.0,0.0,6,7866.0,7868.0,26,7885.0,7885.0,7888.0,7861.0,679.0,26710500.0,58589
2023-05-09 21:04:49,l2308,l2308,7867.0,0.0,0.0,0.0,12,7866.0,7868.0,44,7885.0,7885.0,7888.0,7861.0,679.0,26710500.0,58589
2023-05-09 21:04:49,l2308,l2308,7867.0,0.0,0.0,0.0,39,7865.0,7867.0,9,7885.0,7885.0,7888.0,7861.0,679.0,26710500.0,58589
2023-05-09 21:04:50,l2308,l2308,7867.0,0.0,0.0,0.0,46,7865.0,7867.0,12,7885.0,7885.0,7888.0,7861.0,679.0,26710500.0,58589
2023-05-09 21:04:50,l2308,l2308,7867.0,0.0,0.0,0.0,43,7865.0,7867.0,9,7885.0,7885.0,7888.0,7861.0,679.0,26710500.0,58589
2023-05-09 21:04:51,l2308,l2308,7867.0,0.0,0.0,0.0,46,7865.0,7867.0,12,7885.0,7885.0,7888.0,7861.0,679.0,26710500.0,58589
2023-05-09 21:04:51,l2308,l2308,7867.0,0.0,0.0,0.0,16,7866.0,7868.0,38,7885.0,7885.0,7888.0,7861.0,679.0,26710500.0,58589
2023-05-09 21:04:52,l2308,l2308,7867.0,0.0,0.0,0.0,23,7866.0,7868.0,41,7885.0,7885.0,7888.0,7861.0,679.0,26710500.0,58589
2023-05-09 21:04:52,l2308,l2308,7867.0,0.0,0.0,0.0,49,7866.0,7868.0,29,7885.0,7885.0,7888.0,7861.0,679.0,26710500.0,58589
2023-05-09 21:04:53,l2308,l2308,7867.0,0.0,0.0,0.0,52,7866.0,7868.0,23,7885.0,7885.0,7888.0,7861.0,679.0,26710500.0,58589
2023-05-09 21:04:53,l2308,l2308,7867.0,0.0,0.0,0.0,43,7866.0,7868.0,20,7885.0,7885.0,7888.0,7861.0,679.0,26710500.0,58589
2023-05-09 21:04:54,l2308,l2308,7867.0,0.0,0.0,0.0,52,7866.0,7868.0,20,7885.0,7885.0,7888.0,7861.0,679.0,26710500.0,58589
2023-05-09 21:04:58,l2308,l2308,7867.0,0.0,0.0,0.0,38,7866.0,7868.0,29,7885.0,7885.0,7888.0,7861.0,679.0,26710500.0,58589
2023-05-09 21:04:58,l2308,l2308,7867.0,0.0,0.0,0.0,26,7866.0,7867.0,9,7885.0,7885.0,7888.0,7861.0,679.0,26710500.0,58589
2023-05-09 21:04:59,l2308,l2308,7867.0,0.0,0.0,0.0,8,7866.0,7867.0,12,7885.0,7885.0,7888.0,7861.0,679.0,26710500.0,58589
2023-05-09 21:04:59,l2308,l2308,7867.0,0.0,0.0,0.0,8,7866.0,7867.0,24,7885.0,7885.0,7888.0,7861.0,679.0,26710500.0,58589
2023-05-09 21:05:00,l2308,l2308,7867.0,0.0,0.0,0.0,7,7866.0,7867.0,30,7885.0,7885.0,7888.0,7861.0,679.0,26710500.0,58589
2023-05-09 21:05:00,l2308,l2308,7867.0,0.0,0.0,0.0,39,7865.0,7867.0,18,7885.0,7885.0,7888.0,7861.0,679.0,26710500.0,58589
2023-05-09 21:05:00,l2308,l2308,7867.0,0.0,0.0,0.0,43,7865.0,7867.0,18,7885.0,7885.0,7888.0,7861.0,679.0,26710500.0,58589
2023-05-09 21:05:01,l2308,l2308,7867.0,0.0,0.0,0.0,43,7865.0,7867.0,9,7885.0,7885.0,7888.0,7861.0,679.0,26710500.0,58589
2023-05-09 21:05:02,l2308,l2308,7867.0,0.0,0.0,0.0,46,7865.0,7867.0,12,7885.0,7885.0,7888.0,7861.0,679.0,26710500.0,58589
2023-05-09 21:05:02,l2308,l2308,7867.0,0.0,0.0,0.0,52,7865.0,7867.0,12,7885.0,7885.0,7888.0,7861.0,679.0,26710500.0,58589
2023-05-09 21:05:03,l2308,l2308,7867.0,0.0,0.0,0.0,49,7865.0,7867.0,21,7885.0,7885.0,7888.0,7861.0,679.0,26710500.0,58589
2023-05-09 21:05:03,l2308,l2308,7867.0,0.0,0.0,0.0,25,7865.0,7866.0,12,7885.0,7885.0,7888.0,7861.0,679.0,26710500.0,58589
2023-05-09 21:05:04,l2308,l2308,7867.0,0.0,0.0,0.0,16,7865.0,7866.0,9,7885.0,7885.0,7888.0,7861.0,679.0,26710500.0,58589
2023-05-09 21:05:04,l2308,l2308,7866.0,1.0,39330.0,0.0,37,7865.0,7867.0,30,7885.0,7885.0,7888.0,7861.0,680.0,26749830.0,58589
2023-05-09 21:05:05,l2308,l2308,7866.0,0.0,0.0,0.0,54,7865.0,7867.0,18,7885.0,7885.0,7888.0,7861.0,680.0,26749830.0,58589
2023-05-09 21:05:05,l2308,l2308,7867.0,3.0,118005.0,1.0,3,7867.0,7868.0,26,7885.0,7885.0,7888.0,7861.0,683.0,26867835.0,58590
2023-05-09 21:05:06,l2308,l2308,7867.0,0.0,0.0,0.0,3,7867.0,7868.0,11,7885.0,7885.0,7888.0,7861.0,683.0,26867835.0,58590
2023-05-09 21:05:06,l2308,l2308,7867.0,0.0,0.0,0.0,3,7867.0,7868.0,14,7885.0,7885.0,7888.0,7861.0,683.0,26867835.0,58590
2023-05-09 21:05:07,l2308,l2308,7867.0,0.0,0.0,0.0,3,7867.0,7868.0,17,7885.0,7885.0,7888.0,7861.0,683.0,26867835.0,58590
2023-05-09 21:05:07,l2308,l2308,7867.0,0.0,0.0,0.0,3,7867.0,7868.0,26,7885.0,7885.0,7888.0,7861.0,683.0,26867835.0,58590
2023-05-09 21:05:08,l2308,l2308,7866.0,9.0,353985.0,-1.0,39,7865.0,7866.0,5,7885.0,7885.0,7888.0,7861.0,692.0,27221820.0,58589
2023-05-09 21:05:08,l2308,l2308,7866.0,0.0,0.0,0.0,18,7865.0,7866.0,17,7885.0,7885.0,7888.0,7861.0,692.0,27221820.0,58589
2023-05-09 21:05:09,l2308,l2308,7866.0,0.0,0.0,0.0,35,7864.0,7866.0,26,7885.0,7885.0,7888.0,7861.0,692.0,27221820.0,58589
2023-05-09 21:05:09,l2308,l2308,7866.0,0.0,0.0,0.0,41,7864.0,7866.0,29,7885.0,7885.0,7888.0,7861.0,692.0,27221820.0,58589
2023-05-09 21:05:10,l2308,l2308,7866.0,0.0,0.0,0.0,38,7864.0,7866.0,32,7885.0,7885.0,7888.0,7861.0,692.0,27221820.0,58589
2023-05-09 21:05:10,l2308,l2308,7866.0,0.0,0.0,0.0,33,7864.0,7866.0,35,7885.0,7885.0,7888.0,7861.0,692.0,27221820.0,58589
2023-05-09 21:05:11,l2308,l2308,7866.0,0.0,0.0,0.0,27,7864.0,7866.0,44,7885.0,7885.0,7888.0,7861.0,692.0,27221820.0,58589
2023-05-09 21:05:11,l2308,l2308,7866.0,0.0,0.0,0.0,24,7864.0,7866.0,41,7885.0,7885.0,7888.0,7861.0,692.0,27221820.0,58589
2023-05-09 21:05:12,l2308,l2308,7866.0,0.0,0.0,0.0,18,7864.0,7866.0,47,7885.0,7885.0,7888.0,7861.0,692.0,27221820.0,58589
2023-05-09 21:05:12,l2308,l2308,7866.0,0.0,0.0,0.0,30,7864.0,7866.0,38,7885.0,7885.0,7888.0,7861.0,692.0,27221820.0,58589
2023-05-09 21:05:13,l2308,l2308,7866.0,2.0,78660.0,0.0,30,7864.0,7866.0,39,7885.0,7885.0,7888.0,7861.0,694.0,27300480.0,58589
2023-05-09 21:05:16,l2308,l2308,7866.0,0.0,0.0,0.0,15,7865.0,7866.0,30,7885.0,7885.0,7888.0,7861.0,694.0,27300480.0,58589
2023-05-09 21:05:17,l2308,l2308,7866.0,0.0,0.0,0.0,42,7864.0,7866.0,27,7885.0,7885.0,7888.0,7861.0,694.0,27300480.0,58589
2023-05-09 21:05:17,l2308,l2308,7866.0,3.0,117990.0,0.0,15,7865.0,7866.0,6,7885.0,7885.0,7888.0,7861.0,697.0,27418470.0,58589
2023-05-09 21:05:18,l2308,l2308,7867.0,36.0,1416030.0,21.0,26,7865.0,7867.0,15,7885.0,7885.0,7888.0,7861.0,733.0,28834500.0,58610
2023-05-09 21:05:18,l2308,l2308,7867.0,0.0,0.0,0.0,17,7866.0,7868.0,36,7885.0,7885.0,7888.0,7861.0,733.0,28834500.0,58610
2023-05-09 21:05:19,l2308,l2308,7868.0,4.0,157360.0,0.0,17,7867.0,7868.0,3,7885.0,7885.0,7888.0,7861.0,737.0,28991860.0,58610
2023-05-09 21:05:19,l2308,l2308,7868.0,3.0,118020.0,0.0,6,7868.0,7869.0,6,7885.0,7885.0,7888.0,7861.0,740.0,29109880.0,58610
2023-05-09 21:05:20,l2308,l2308,7868.0,0.0,0.0,0.0,6,7868.0,7870.0,48,7885.0,7885.0,7888.0,7861.0,740.0,29109880.0,58610
2023-05-09 21:05:20,l2308,l2308,7868.0,0.0,0.0,0.0,6,7868.0,7870.0,45,7885.0,7885.0,7888.0,7861.0,740.0,29109880.0,58610
2023-05-09 21:05:20,l2308,l2308,7868.0,0.0,0.0,0.0,6,7868.0,7870.0,48,7885.0,7885.0,7888.0,7861.0,740.0,29109880.0,58610
2023-05-09 21:05:23,l2308,l2308,7868.0,0.0,0.0,0.0,9,7868.0,7870.0,39,7885.0,7885.0,7888.0,7861.0,740.0,29109880.0,58610
2023-05-09 21:05:23,l2308,l2308,7868.0,0.0,0.0,0.0,41,7868.0,7870.0,18,7885.0,7885.0,7888.0,7861.0,740.0,29109880.0,58610
2023-05-09 21:05:24,l2308,l2308,7870.0,8.0,314800.0,0.0,3,7870.0,7871.0,36,7885.0,7885.0,7888.0,7861.0,748.0,29424680.0,58610
2023-05-09 21:05:24,l2308,l2308,7870.0,0.0,0.0,0.0,3,7870.0,7871.0,30,7885.0,7885.0,7888.0,7861.0,748.0,29424680.0,58610
2023-05-09 21:05:25,l2308,l2308,7870.0,3.0,118050.0,-3.0,33,7869.0,7871.0,19,7885.0,7885.0,7888.0,7861.0,751.0,29542730.0,58607
2023-05-09 21:05:25,l2308,l2308,7870.0,0.0,0.0,0.0,24,7869.0,7871.0,22,7885.0,7885.0,7888.0,7861.0,751.0,29542730.0,58607
2023-05-09 21:05:26,l2308,l2308,7869.0,6.0,236070.0,0.0,46,7868.0,7869.0,2,7885.0,7885.0,7888.0,7861.0,757.0,29778800.0,58607
2023-05-09 21:05:26,l2308,l2308,7869.0,2.0,78690.0,0.0,47,7868.0,7870.0,21,7885.0,7885.0,7888.0,7861.0,759.0,29857490.0,58607
2023-05-09 21:05:27,l2308,l2308,7869.0,0.0,0.0,0.0,36,7868.0,7870.0,30,7885.0,7885.0,7888.0,7861.0,759.0,29857490.0,58607
2023-05-09 21:05:27,l2308,l2308,7869.0,0.0,0.0,0.0,39,7868.0,7870.0,30,7885.0,7885.0,7888.0,7861.0,759.0,29857490.0,58607
2023-05-09 21:05:28,l2308,l2308,7869.0,0.0,0.0,0.0,27,7868.0,7870.0,33,7885.0,7885.0,7888.0,7861.0,759.0,29857490.0,58607
2023-05-09 21:05:28,l2308,l2308,7869.0,0.0,0.0,0.0,6,7868.0,7869.0,9,7885.0,7885.0,7888.0,7861.0,759.0,29857490.0,58607
2023-05-09 21:05:29,l2308,l2308,7868.0,4.0,157365.0,1.0,31,7867.0,7869.0,27,7885.0,7885.0,7888.0,7861.0,763.0,30014855.0,58608
2023-05-09 21:05:29,l2308,l2308,7868.0,0.0,0.0,0.0,16,7867.0,7869.0,39,7885.0,7885.0,7888.0,7861.0,763.0,30014855.0,58608
2023-05-09 21:05:30,l2308,l2308,7868.0,0.0,0.0,0.0,6,7867.0,7868.0,9,7885.0,7885.0,7888.0,7861.0,763.0,30014855.0,58608
2023-05-09 21:05:30,l2308,l2308,7868.0,0.0,0.0,0.0,49,7866.0,7868.0,12,7885.0,7885.0,7888.0,7861.0,763.0,30014855.0,58608
2023-05-09 21:05:31,l2308,l2308,7868.0,0.0,0.0,0.0,59,7866.0,7868.0,9,7885.0,7885.0,7888.0,7861.0,763.0,30014855.0,58608
2023-05-09 21:05:32,l2308,l2308,7868.0,0.0,0.0,0.0,3,7867.0,7869.0,42,7885.0,7885.0,7888.0,7861.0,763.0,30014855.0,58608
2023-05-09 21:05:32,l2308,l2308,7868.0,0.0,0.0,0.0,22,7867.0,7869.0,42,7885.0,7885.0,7888.0,7861.0,763.0,30014855.0,58608
2023-05-09 21:05:34,l2308,l2308,7867.0,12.0,472020.0,0.0,3,7867.0,7868.0,9,7885.0,7885.0,7888.0,7861.0,775.0,30486875.0,58608
2023-05-09 21:05:35,l2308,l2308,7867.0,0.0,0.0,0.0,29,7866.0,7868.0,15,7885.0,7885.0,7888.0,7861.0,775.0,30486875.0,58608
2023-05-09 21:05:35,l2308,l2308,7867.0,0.0,0.0,0.0,39,7866.0,7868.0,15,7885.0,7885.0,7888.0,7861.0,775.0,30486875.0,58608
2023-05-09 21:05:36,l2308,l2308,7867.0,0.0,0.0,0.0,42,7866.0,7868.0,9,7885.0,7885.0,7888.0,7861.0,775.0,30486875.0,58608
2023-05-09 21:05:37,l2308,l2308,7869.0,38.0,1495065.0,23.0,13,7868.0,7870.0,20,7885.0,7885.0,7888.0,7861.0,813.0,31981940.0,58631
2023-05-09 21:05:37,l2308,l2308,7869.0,0.0,0.0,0.0,12,7868.0,7870.0,15,7885.0,7885.0,7888.0,7861.0,813.0,31981940.0,58631
2023-05-09 21:05:38,l2308,l2308,7868.0,12.0,472080.0,0.0,3,7868.0,7869.0,12,7885.0,7885.0,7888.0,7861.0,825.0,32454020.0,58631
2023-05-09 21:05:38,l2308,l2308,7868.0,3.0,118020.0,-3.0,18,7867.0,7868.0,9,7885.0,7885.0,7888.0,7861.0,828.0,32572040.0,58628
2023-05-09 21:05:39,l2308,l2308,7868.0,0.0,0.0,0.0,3,7867.0,7868.0,9,7885.0,7885.0,7888.0,7861.0,828.0,32572040.0,58628
2023-05-09 21:05:40,l2308,l2308,7867.0,3.0,118005.0,-3.0,33,7866.0,7868.0,15,7885.0,7885.0,7888.0,7861.0,831.0,32690045.0,58625
2023-05-09 21:05:41,l2308,l2308,7867.0,0.0,0.0,0.0,26,7866.0,7868.0,18,7885.0,7885.0,7888.0,7861.0,831.0,32690045.0,58625
2023-05-09 21:05:41,l2308,l2308,7867.0,0.0,0.0,0.0,20,7866.0,7868.0,36,7885.0,7885.0,7888.0,7861.0,831.0,32690045.0,58625
2023-05-09 21:05:42,l2308,l2308,7867.0,0.0,0.0,0.0,11,7866.0,7868.0,39,7885.0,7885.0,7888.0,7861.0,831.0,32690045.0,58625
2023-05-09 21:05:42,l2308,l2308,7867.0,0.0,0.0,0.0,11,7866.0,7868.0,42,7885.0,7885.0,7888.0,7861.0,831.0,32690045.0,58625
2023-05-09 21:05:43,l2308,l2308,7867.0,0.0,0.0,0.0,14,7866.0,7868.0,42,7885.0,7885.0,7888.0,7861.0,831.0,32690045.0,58625
2023-05-09 21:05:44,l2308,l2308,7867.0,0.0,0.0,0.0,22,7866.0,7868.0,42,7885.0,7885.0,7888.0,7861.0,831.0,32690045.0,58625
2023-05-09 21:05:44,l2308,l2308,7867.0,0.0,0.0,0.0,8,7866.0,7868.0,42,7885.0,7885.0,7888.0,7861.0,831.0,32690045.0,58625
2023-05-09 21:05:47,l2308,l2308,7867.0,0.0,0.0,0.0,5,7866.0,7868.0,42,7885.0,7885.0,7888.0,7861.0,831.0,32690045.0,58625
2023-05-09 21:05:49,l2308,l2308,7867.0,2.0,78680.0,1.0,9,7866.0,7868.0,42,7885.0,7885.0,7888.0,7861.0,833.0,32768725.0,58626
2023-05-09 21:05:51,l2308,l2308,7866.0,2.0,78660.0,0.0,39,7865.0,7867.0,12,7885.0,7885.0,7888.0,7861.0,835.0,32847385.0,58626
2023-05-09 21:05:51,l2308,l2308,7866.0,0.0,0.0,0.0,39,7865.0,7867.0,18,7885.0,7885.0,7888.0,7861.0,835.0,32847385.0,58626
2023-05-09 21:05:52,l2308,l2308,7866.0,0.0,0.0,0.0,42,7865.0,7867.0,12,7885.0,7885.0,7888.0,7861.0,835.0,32847385.0,58626
2023-05-09 21:05:52,l2308,l2308,7866.0,0.0,0.0,0.0,42,7865.0,7867.0,9,7885.0,7885.0,7888.0,7861.0,835.0,32847385.0,58626
2023-05-09 21:05:54,l2308,l2308,7866.0,0.0,0.0,0.0,33,7865.0,7867.0,21,7885.0,7885.0,7888.0,7861.0,835.0,32847385.0,58626
2023-05-09 21:05:54,l2308,l2308,7866.0,0.0,0.0,0.0,36,7865.0,7867.0,27,7885.0,7885.0,7888.0,7861.0,835.0,32847385.0,58626
2023-05-09 21:05:55,l2308,l2308,7866.0,0.0,0.0,0.0,33,7865.0,7867.0,33,7885.0,7885.0,7888.0,7861.0,835.0,32847385.0,58626
2023-05-09 21:05:55,l2308,l2308,7866.0,0.0,0.0,0.0,36,7865.0,7867.0,30,7885.0,7885.0,7888.0,7861.0,835.0,32847385.0,58626
2023-05-09 21:05:56,l2308,l2308,7866.0,0.0,0.0,0.0,33,7865.0,7867.0,33,7885.0,7885.0,7888.0,7861.0,835.0,32847385.0,58626
2023-05-09 21:05:56,l2308,l2308,7866.0,0.0,0.0,0.0,36,7865.0,7867.0,30,7885.0,7885.0,7888.0,7861.0,835.0,32847385.0,58626
2023-05-09 21:05:57,l2308,l2308,7866.0,0.0,0.0,0.0,39,7865.0,7867.0,24,7885.0,7885.0,7888.0,7861.0,835.0,32847385.0,58626
2023-05-09 21:05:57,l2308,l2308,7867.0,1.0,39335.0,1.0,39,7865.0,7867.0,9,7885.0,7885.0,7888.0,7861.0,836.0,32886720.0,58627
2023-05-09 21:05:58,l2308,l2308,7867.0,0.0,0.0,0.0,36,7865.0,7867.0,15,7885.0,7885.0,7888.0,7861.0,836.0,32886720.0,58627
2023-05-09 21:05:59,l2308,l2308,7867.0,0.0,0.0,0.0,39,7865.0,7867.0,15,7885.0,7885.0,7888.0,7861.0,836.0,32886720.0,58627
2023-05-09 21:06:00,l2308,l2308,7867.0,0.0,0.0,0.0,36,7865.0,7867.0,21,7885.0,7885.0,7888.0,7861.0,836.0,32886720.0,58627
2023-05-09 21:06:00,l2308,l2308,7867.0,0.0,0.0,0.0,42,7865.0,7867.0,21,7885.0,7885.0,7888.0,7861.0,836.0,32886720.0,58627
2023-05-09 21:06:01,l2308,l2308,7867.0,0.0,0.0,0.0,39,7865.0,7867.0,21,7885.0,7885.0,7888.0,7861.0,836.0,32886720.0,58627
2023-05-09 21:06:01,l2308,l2308,7867.0,0.0,0.0,0.0,42,7865.0,7867.0,21,7885.0,7885.0,7888.0,7861.0,836.0,32886720.0,58627
2023-05-09 21:06:02,l2308,l2308,7867.0,0.0,0.0,0.0,18,7866.0,7867.0,3,7885.0,7885.0,7888.0,7861.0,836.0,32886720.0,58627
2023-05-09 21:06:03,l2308,l2308,7867.0,3.0,118005.0,0.0,6,7867.0,7868.0,33,7885.0,7885.0,7888.0,7861.0,839.0,33004725.0,58627
2023-05-09 21:06:03,l2308,l2308,7867.0,0.0,0.0,0.0,27,7867.0,7869.0,35,7885.0,7885.0,7888.0,7861.0,839.0,33004725.0,58627
2023-05-09 21:06:04,l2308,l2308,7867.0,0.0,0.0,0.0,9,7868.0,7869.0,18,7885.0,7885.0,7888.0,7861.0,839.0,33004725.0,58627
2023-05-09 21:06:04,l2308,l2308,7867.0,0.0,0.0,0.0,15,7868.0,7870.0,36,7885.0,7885.0,7888.0,7861.0,839.0,33004725.0,58627
2023-05-09 21:06:05,l2308,l2308,7867.0,0.0,0.0,0.0,15,7869.0,7870.0,10,7885.0,7885.0,7888.0,7861.0,839.0,33004725.0,58627
2023-05-09 21:06:05,l2308,l2308,7867.0,0.0,0.0,0.0,21,7869.0,7870.0,4,7885.0,7885.0,7888.0,7861.0,839.0,33004725.0,58627
2023-05-09 21:06:06,l2308,l2308,7867.0,0.0,0.0,0.0,24,7869.0,7870.0,4,7885.0,7885.0,7888.0,7861.0,839.0,33004725.0,58627
2023-05-09 21:06:07,l2308,l2308,7867.0,0.0,0.0,0.0,21,7869.0,7870.0,4,7885.0,7885.0,7888.0,7861.0,839.0,33004725.0,58627
2023-05-09 21:06:07,l2308,l2308,7867.0,0.0,0.0,0.0,24,7869.0,7870.0,4,7885.0,7885.0,7888.0,7861.0,839.0,33004725.0,58627
2023-05-09 21:06:08,l2308,l2308,7867.0,0.0,0.0,0.0,21,7869.0,7870.0,4,7885.0,7885.0,7888.0,7861.0,839.0,33004725.0,58627
2023-05-09 21:06:09,l2308,l2308,7870.0,2.0,78700.0,0.0,34,7869.0,7870.0,2,7885.0,7885.0,7888.0,7861.0,841.0,33083425.0,58627
2023-05-09 21:06:09,l2308,l2308,7870.0,0.0,0.0,0.0,9,7870.0,7871.0,3,7885.0,7885.0,7888.0,7861.0,841.0,33083425.0,58627
2023-05-09 21:06:10,l2308,l2308,7870.0,0.0,0.0,0.0,14,7870.0,7872.0,53,7885.0,7885.0,7888.0,7861.0,841.0,33083425.0,58627
2023-05-09 21:06:10,l2308,l2308,7870.0,0.0,0.0,0.0,12,7870.0,7872.0,55,7885.0,7885.0,7888.0,7861.0,841.0,33083425.0,58627
2023-05-09 21:06:11,l2308,l2308,7869.0,29.0,1141065.0,25.0,7,7869.0,7870.0,5,7885.0,7885.0,7888.0,7861.0,870.0,34224490.0,58652
2023-05-09 21:06:11,l2308,l2308,7869.0,3.0,118035.0,1.0,6,7868.0,7869.0,2,7885.0,7885.0,7888.0,7861.0,873.0,34342525.0,58653
2023-05-09 21:06:12,l2308,l2308,7869.0,2.0,78690.0,0.0,43,7867.0,7870.0,39,7885.0,7885.0,7888.0,7861.0,875.0,34421215.0,58653
2023-05-09 21:06:12,l2308,l2308,7870.0,42.0,1652700.0,42.0,18,7870.0,7871.0,17,7885.0,7885.0,7888.0,7861.0,917.0,36073915.0,58695
2023-05-09 21:06:13,l2308,l2308,7870.0,13.0,511550.0,2.0,3,7870.0,7871.0,32,7885.0,7885.0,7888.0,7861.0,930.0,36585465.0,58697
2023-05-09 21:06:13,l2308,l2308,7870.0,0.0,0.0,0.0,3,7870.0,7871.0,44,7885.0,7885.0,7888.0,7861.0,930.0,36585465.0,58697
2023-05-09 21:06:14,l2308,l2308,7870.0,0.0,0.0,0.0,3,7870.0,7871.0,47,7885.0,7885.0,7888.0,7861.0,930.0,36585465.0,58697
2023-05-09 21:06:16,l2308,l2308,7870.0,0.0,0.0,0.0,9,7869.0,7870.0,9,7885.0,7885.0,7888.0,7861.0,930.0,36585465.0,58697
2023-05-09 21:06:16,l2308,l2308,7870.0,0.0,0.0,0.0,6,7869.0,7870.0,11,7885.0,7885.0,7888.0,7861.0,930.0,36585465.0,58697
2023-05-09 21:06:18,l2308,l2308,7870.0,0.0,0.0,0.0,21,7868.0,7869.0,9,7885.0,7885.0,7888.0,7861.0,930.0,36585465.0,58697
2023-05-09 21:06:18,l2308,l2308,7870.0,0.0,0.0,0.0,9,7868.0,7869.0,11,7885.0,7885.0,7888.0,7861.0,930.0,36585465.0,58697
2023-05-09 21:06:19,l2308,l2308,7870.0,0.0,0.0,0.0,6,7868.0,7869.0,11,7885.0,7885.0,7888.0,7861.0,930.0,36585465.0,58697
2023-05-09 21:06:21,l2308,l2308,7870.0,0.0,0.0,0.0,6,7868.0,7869.0,2,7885.0,7885.0,7888.0,7861.0,930.0,36585465.0,58697
2023-05-09 21:06:22,l2308,l2308,7868.0,1.0,39340.0,1.0,5,7868.0,7869.0,2,7885.0,7885.0,7888.0,7861.0,931.0,36624805.0,58698
2023-05-09 21:06:22,l2308,l2308,7868.0,0.0,0.0,0.0,5,7868.0,7869.0,11,7885.0,7885.0,7888.0,7861.0,931.0,36624805.0,58698
2023-05-09 21:06:23,l2308,l2308,7868.0,0.0,0.0,0.0,5,7868.0,7869.0,2,7885.0,7885.0,7888.0,7861.0,931.0,36624805.0,58698
2023-05-09 21:06:24,l2308,l2308,7869.0,2.0,78690.0,-2.0,2,7869.0,7870.0,26,7885.0,7885.0,7888.0,7861.0,933.0,36703495.0,58696
2023-05-09 21:06:24,l2308,l2308,7869.0,0.0,0.0,0.0,5,7869.0,7870.0,38,7885.0,7885.0,7888.0,7861.0,933.0,36703495.0,58696
2023-05-09 21:06:24,l2308,l2308,7869.0,0.0,0.0,0.0,5,7869.0,7870.0,35,7885.0,7885.0,7888.0,7861.0,933.0,36703495.0,58696
2023-05-09 21:06:25,l2308,l2308,7869.0,0.0,0.0,0.0,2,7869.0,7870.0,35,7885.0,7885.0,7888.0,7861.0,933.0,36703495.0,58696
2023-05-09 21:06:26,l2308,l2308,7869.0,0.0,0.0,0.0,2,7869.0,7870.0,32,7885.0,7885.0,7888.0,7861.0,933.0,36703495.0,58696
2023-05-09 21:06:26,l2308,l2308,7869.0,0.0,0.0,0.0,2,7869.0,7870.0,40,7885.0,7885.0,7888.0,7861.0,933.0,36703495.0,58696
2023-05-09 21:06:27,l2308,l2308,7868.0,7.0,275380.0,0.0,2,7868.0,7870.0,46,7885.0,7885.0,7888.0,7861.0,940.0,36978875.0,58696
2023-05-09 21:06:28,l2308,l2308,7868.0,0.0,0.0,0.0,20,7867.0,7869.0,18,7885.0,7885.0,7888.0,7861.0,940.0,36978875.0,58696
2023-05-09 21:06:28,l2308,l2308,7868.0,0.0,0.0,0.0,38,7867.0,7869.0,21,7885.0,7885.0,7888.0,7861.0,940.0,36978875.0,58696
2023-05-09 21:06:29,l2308,l2308,7868.0,0.0,0.0,0.0,2,7868.0,7869.0,15,7885.0,7885.0,7888.0,7861.0,940.0,36978875.0,58696
2023-05-09 21:06:29,l2308,l2308,7868.0,0.0,0.0,0.0,2,7868.0,7869.0,12,7885.0,7885.0,7888.0,7861.0,940.0,36978875.0,58696
2023-05-09 21:06:30,l2308,l2308,7869.0,2.0,78690.0,2.0,42,7867.0,7869.0,9,7885.0,7885.0,7888.0,7861.0,942.0,37057565.0,58698
2023-05-09 21:06:31,l2308,l2308,7869.0,0.0,0.0,0.0,39,7867.0,7869.0,17,7885.0,7885.0,7888.0,7861.0,942.0,37057565.0,58698
2023-05-09 21:06:31,l2308,l2308,7869.0,0.0,0.0,0.0,42,7867.0,7869.0,14,7885.0,7885.0,7888.0,7861.0,942.0,37057565.0,58698
2023-05-09 21:06:32,l2308,l2308,7869.0,0.0,0.0,0.0,15,7868.0,7869.0,5,7885.0,7885.0,7888.0,7861.0,942.0,37057565.0,58698
2023-05-09 21:06:33,l2308,l2308,7869.0,0.0,0.0,0.0,21,7868.0,7869.0,5,7885.0,7885.0,7888.0,7861.0,942.0,37057565.0,58698
2023-05-09 21:06:33,l2308,l2308,7869.0,0.0,0.0,0.0,18,7868.0,7869.0,5,7885.0,7885.0,7888.0,7861.0,942.0,37057565.0,58698
2023-05-09 21:06:33,l2308,l2308,7869.0,0.0,0.0,0.0,21,7868.0,7869.0,5,7885.0,7885.0,7888.0,7861.0,942.0,37057565.0,58698
2023-05-09 21:06:34,l2308,l2308,7869.0,5.0,196725.0,-5.0,27,7868.0,7870.0,39,7885.0,7885.0,7888.0,7861.0,947.0,37254290.0,58693
2023-05-09 21:06:35,l2308,l2308,7869.0,0.0,0.0,0.0,24,7868.0,7870.0,48,7885.0,7885.0,7888.0,7861.0,947.0,37254290.0,58693
2023-05-09 21:06:35,l2308,l2308,7869.0,0.0,0.0,0.0,18,7868.0,7870.0,47,7885.0,7885.0,7888.0,7861.0,947.0,37254290.0,58693
2023-05-09 21:06:36,l2308,l2308,7869.0,0.0,0.0,0.0,18,7868.0,7870.0,50,7885.0,7885.0,7888.0,7861.0,947.0,37254290.0,58693
2023-05-09 21:06:36,l2308,l2308,7869.0,0.0,0.0,0.0,24,7868.0,7870.0,41,7885.0,7885.0,7888.0,7861.0,947.0,37254290.0,58693
2023-05-09 21:06:37,l2308,l2308,7869.0,0.0,0.0,0.0,21,7868.0,7870.0,44,7885.0,7885.0,7888.0,7861.0,947.0,37254290.0,58693
2023-05-09 21:06:38,l2308,l2308,7869.0,0.0,0.0,0.0,27,7868.0,7870.0,41,7885.0,7885.0,7888.0,7861.0,947.0,37254290.0,58693
2023-05-09 21:06:38,l2308,l2308,7869.0,0.0,0.0,0.0,30,7868.0,7870.0,41,7885.0,7885.0,7888.0,7861.0,947.0,37254290.0,58693
2023-05-09 21:06:40,l2308,l2308,7869.0,0.0,0.0,0.0,30,7868.0,7870.0,42,7885.0,7885.0,7888.0,7861.0,947.0,37254290.0,58693
2023-05-09 21:06:41,l2308,l2308,7869.0,0.0,0.0,0.0,33,7868.0,7870.0,39,7885.0,7885.0,7888.0,7861.0,947.0,37254290.0,58693
2023-05-09 21:06:42,l2308,l2308,7869.0,0.0,0.0,0.0,30,7868.0,7870.0,42,7885.0,7885.0,7888.0,7861.0,947.0,37254290.0,58693
2023-05-09 21:06:44,l2308,l2308,7869.0,0.0,0.0,0.0,33,7868.0,7870.0,39,7885.0,7885.0,7888.0,7861.0,947.0,37254290.0,58693
2023-05-09 21:06:44,l2308,l2308,7869.0,0.0,0.0,0.0,9,7869.0,7870.0,30,7885.0,7885.0,7888.0,7861.0,947.0,37254290.0,58693
2023-05-09 21:06:45,l2308,l2308,7869.0,0.0,0.0,0.0,9,7869.0,7870.0,18,7885.0,7885.0,7888.0,7861.0,947.0,37254290.0,58693
2023-05-09 21:06:45,l2308,l2308,7869.0,0.0,0.0,0.0,36,7868.0,7870.0,27,7885.0,7885.0,7888.0,7861.0,947.0,37254290.0,58693
2023-05-09 21:06:46,l2308,l2308,7869.0,0.0,0.0,0.0,39,7868.0,7870.0,33,7885.0,7885.0,7888.0,7861.0,947.0,37254290.0,58693
2023-05-09 21:06:46,l2308,l2308,7869.0,0.0,0.0,0.0,42,7868.0,7870.0,30,7885.0,7885.0,7888.0,7861.0,947.0,37254290.0,58693
2023-05-09 21:06:49,l2308,l2308,7869.0,0.0,0.0,0.0,12,7869.0,7870.0,9,7885.0,7885.0,7888.0,7861.0,947.0,37254290.0,58693
2023-05-09 21:06:49,l2308,l2308,7869.0,0.0,0.0,0.0,18,7869.0,7871.0,47,7885.0,7885.0,7888.0,7861.0,947.0,37254290.0,58693
2023-05-09 21:06:50,l2308,l2308,7869.0,0.0,0.0,0.0,18,7869.0,7871.0,53,7885.0,7885.0,7888.0,7861.0,947.0,37254290.0,58693
2023-05-09 21:06:50,l2308,l2308,7869.0,0.0,0.0,0.0,24,7869.0,7871.0,47,7885.0,7885.0,7888.0,7861.0,947.0,37254290.0,58693
2023-05-09 21:06:51,l2308,l2308,7869.0,0.0,0.0,0.0,21,7869.0,7871.0,47,7885.0,7885.0,7888.0,7861.0,947.0,37254290.0,58693
2023-05-09 21:06:51,l2308,l2308,7869.0,0.0,0.0,0.0,18,7869.0,7871.0,53,7885.0,7885.0,7888.0,7861.0,947.0,37254290.0,58693
2023-05-09 21:06:52,l2308,l2308,7869.0,0.0,0.0,0.0,15,7869.0,7871.0,47,7885.0,7885.0,7888.0,7861.0,947.0,37254290.0,58693
2023-05-09 21:06:53,l2308,l2308,7869.0,2.0,78690.0,2.0,12,7869.0,7871.0,50,7885.0,7885.0,7888.0,7861.0,949.0,37332980.0,58695
2023-05-09 21:06:53,l2308,l2308,7869.0,0.0,0.0,0.0,3,7869.0,7871.0,51,7885.0,7885.0,7888.0,7861.0,949.0,37332980.0,58695
2023-05-09 21:06:54,l2308,l2308,7869.0,0.0,0.0,0.0,12,7869.0,7871.0,51,7885.0,7885.0,7888.0,7861.0,949.0,37332980.0,58695
2023-05-09 21:06:55,l2308,l2308,7869.0,0.0,0.0,0.0,15,7869.0,7871.0,48,7885.0,7885.0,7888.0,7861.0,949.0,37332980.0,58695
2023-05-09 21:06:55,l2308,l2308,7869.0,0.0,0.0,0.0,12,7869.0,7871.0,50,7885.0,7885.0,7888.0,7861.0,949.0,37332980.0,58695
2023-05-09 21:06:56,l2308,l2308,7869.0,0.0,0.0,0.0,42,7868.0,7870.0,9,7885.0,7885.0,7888.0,7861.0,949.0,37332980.0,58695
2023-05-09 21:06:57,l2308,l2308,7869.0,0.0,0.0,0.0,42,7868.0,7870.0,12,7885.0,7885.0,7888.0,7861.0,949.0,37332980.0,58695
2023-05-09 21:06:58,l2308,l2308,7869.0,0.0,0.0,0.0,42,7868.0,7870.0,9,7885.0,7885.0,7888.0,7861.0,949.0,37332980.0,58695
2023-05-09 21:07:01,l2308,l2308,7869.0,0.0,0.0,0.0,21,7868.0,7869.0,9,7885.0,7885.0,7888.0,7861.0,949.0,37332980.0,58695
2023-05-09 21:07:01,l2308,l2308,7868.0,6.0,236040.0,3.0,33,7867.0,7868.0,11,7885.0,7885.0,7888.0,7861.0,955.0,37569020.0,58698
2023-05-09 21:07:02,l2308,l2308,7869.0,15.0,590120.0,0.0,30,7867.0,7869.0,37,7885.0,7885.0,7888.0,7861.0,970.0,38159140.0,58698
2023-05-09 21:07:02,l2308,l2308,7869.0,0.0,0.0,0.0,13,7868.0,7869.0,3,7885.0,7885.0,7888.0,7861.0,970.0,38159140.0,58698
2023-05-09 21:07:03,l2308,l2308,7869.0,2.0,78690.0,2.0,2,7869.0,7870.0,12,7885.0,7885.0,7888.0,7861.0,972.0,38237830.0,58700
2023-05-09 21:07:03,l2308,l2308,7869.0,0.0,0.0,0.0,2,7869.0,7871.0,40,7885.0,7885.0,7888.0,7861.0,972.0,38237830.0,58700
2023-05-09 21:07:04,l2308,l2308,7869.0,2.0,78690.0,-2.0,18,7868.0,7870.0,18,7885.0,7885.0,7888.0,7861.0,974.0,38316520.0,58698
2023-05-09 21:07:04,l2308,l2308,7869.0,0.0,0.0,0.0,6,7868.0,7869.0,9,7885.0,7885.0,7888.0,7861.0,974.0,38316520.0,58698
2023-05-09 21:07:05,l2308,l2308,7869.0,0.0,0.0,0.0,43,7867.0,7869.0,9,7885.0,7885.0,7888.0,7861.0,974.0,38316520.0,58698
2023-05-09 21:07:06,l2308,l2308,7869.0,0.0,0.0,0.0,37,7867.0,7869.0,12,7885.0,7885.0,7888.0,7861.0,974.0,38316520.0,58698
2023-05-09 21:07:06,l2308,l2308,7869.0,0.0,0.0,0.0,43,7867.0,7869.0,9,7885.0,7885.0,7888.0,7861.0,974.0,38316520.0,58698
2023-05-09 21:07:07,l2308,l2308,7869.0,0.0,0.0,0.0,46,7867.0,7869.0,9,7885.0,7885.0,7888.0,7861.0,974.0,38316520.0,58698
2023-05-09 21:07:07,l2308,l2308,7869.0,0.0,0.0,0.0,3,7868.0,7869.0,9,7885.0,7885.0,7888.0,7861.0,974.0,38316520.0,58698
2023-05-09 21:07:08,l2308,l2308,7869.0,0.0,0.0,0.0,25,7868.0,7870.0,27,7885.0,7885.0,7888.0,7861.0,974.0,38316520.0,58698
2023-05-09 21:07:08,l2308,l2308,7869.0,0.0,0.0,0.0,3,7869.0,7870.0,24,7885.0,7885.0,7888.0,7861.0,974.0,38316520.0,58698
2023-05-09 21:07:09,l2308,l2308,7869.0,0.0,0.0,0.0,3,7869.0,7870.0,15,7885.0,7885.0,7888.0,7861.0,974.0,38316520.0,58698
2023-05-09 21:07:09,l2308,l2308,7869.0,0.0,0.0,0.0,43,7868.0,7870.0,9,7885.0,7885.0,7888.0,7861.0,974.0,38316520.0,58698
2023-05-09 21:07:10,l2308,l2308,7869.0,0.0,0.0,0.0,42,7868.0,7870.0,9,7885.0,7885.0,7888.0,7861.0,974.0,38316520.0,58698
2023-05-09 21:07:10,l2308,l2308,7869.0,0.0,0.0,0.0,18,7868.0,7869.0,9,7885.0,7885.0,7888.0,7861.0,974.0,38316520.0,58698
2023-05-09 21:07:11,l2308,l2308,7869.0,0.0,0.0,0.0,39,7867.0,7869.0,23,7885.0,7885.0,7888.0,7861.0,974.0,38316520.0,58698
2023-05-09 21:07:11,l2308,l2308,7869.0,0.0,0.0,0.0,36,7867.0,7869.0,32,7885.0,7885.0,7888.0,7861.0,974.0,38316520.0,58698
2023-05-09 21:07:12,l2308,l2308,7869.0,0.0,0.0,0.0,42,7867.0,7869.0,30,7885.0,7885.0,7888.0,7861.0,974.0,38316520.0,58698
2023-05-09 21:07:12,l2308,l2308,7869.0,0.0,0.0,0.0,39,7867.0,7869.0,33,7885.0,7885.0,7888.0,7861.0,974.0,38316520.0,58698
2023-05-09 21:07:13,l2308,l2308,7869.0,0.0,0.0,0.0,27,7867.0,7869.0,45,7885.0,7885.0,7888.0,7861.0,974.0,38316520.0,58698
2023-05-09 21:07:14,l2308,l2308,7869.0,0.0,0.0,0.0,22,7867.0,7869.0,51,7885.0,7885.0,7888.0,7861.0,974.0,38316520.0,58698
2023-05-09 21:07:14,l2308,l2308,7869.0,0.0,0.0,0.0,19,7867.0,7869.0,51,7885.0,7885.0,7888.0,7861.0,974.0,38316520.0,58698
2023-05-09 21:07:15,l2308,l2308,7869.0,0.0,0.0,0.0,7,7867.0,7868.0,9,7885.0,7885.0,7888.0,7861.0,974.0,38316520.0,58698
2023-05-09 21:07:16,l2308,l2308,7869.0,0.0,0.0,0.0,6,7867.0,7868.0,10,7885.0,7885.0,7888.0,7861.0,974.0,38316520.0,58698
2023-05-09 21:07:16,l2308,l2308,7867.0,6.0,236010.0,2.0,18,7866.0,7868.0,42,7885.0,7885.0,7888.0,7861.0,980.0,38552530.0,58700
2023-05-09 21:07:17,l2308,l2308,7867.0,0.0,0.0,0.0,22,7866.0,7867.0,1,7885.0,7885.0,7888.0,7861.0,980.0,38552530.0,58700
2023-05-09 21:07:17,l2308,l2308,7867.0,0.0,0.0,0.0,19,7866.0,7867.0,1,7885.0,7885.0,7888.0,7861.0,980.0,38552530.0,58700
2023-05-09 21:07:18,l2308,l2308,7867.0,0.0,0.0,0.0,22,7866.0,7867.0,6,7885.0,7885.0,7888.0,7861.0,980.0,38552530.0,58700
2023-05-09 21:07:19,l2308,l2308,7867.0,0.0,0.0,0.0,19,7866.0,7868.0,39,7885.0,7885.0,7888.0,7861.0,980.0,38552530.0,58700
2023-05-09 21:07:19,l2308,l2308,7867.0,0.0,0.0,0.0,19,7866.0,7868.0,43,7885.0,7885.0,7888.0,7861.0,980.0,38552530.0,58700
2023-05-09 21:07:20,l2308,l2308,7867.0,0.0,0.0,0.0,31,7866.0,7868.0,36,7885.0,7885.0,7888.0,7861.0,980.0,38552530.0,58700
2023-05-09 21:07:20,l2308,l2308,7867.0,0.0,0.0,0.0,34,7866.0,7868.0,33,7885.0,7885.0,7888.0,7861.0,980.0,38552530.0,58700
2023-05-09 21:07:21,l2308,l2308,7867.0,0.0,0.0,0.0,40,7866.0,7868.0,25,7885.0,7885.0,7888.0,7861.0,980.0,38552530.0,58700
2023-05-09 21:07:21,l2308,l2308,7867.0,0.0,0.0,0.0,43,7866.0,7868.0,19,7885.0,7885.0,7888.0,7861.0,980.0,38552530.0,58700
2023-05-09 21:07:22,l2308,l2308,7867.0,0.0,0.0,0.0,42,7866.0,7868.0,19,7885.0,7885.0,7888.0,7861.0,980.0,38552530.0,58700
2023-05-09 21:07:23,l2308,l2308,7867.0,0.0,0.0,0.0,36,7866.0,7868.0,25,7885.0,7885.0,7888.0,7861.0,980.0,38552530.0,58700
2023-05-09 21:07:24,l2308,l2308,7867.0,0.0,0.0,0.0,27,7866.0,7868.0,40,7885.0,7885.0,7888.0,7861.0,980.0,38552530.0,58700
2023-05-09 21:07:24,l2308,l2308,7867.0,0.0,0.0,0.0,25,7866.0,7868.0,42,7885.0,7885.0,7888.0,7861.0,980.0,38552530.0,58700
2023-05-09 21:07:25,l2308,l2308,7867.0,0.0,0.0,0.0,28,7866.0,7868.0,39,7885.0,7885.0,7888.0,7861.0,980.0,38552530.0,58700
2023-05-09 21:07:27,l2308,l2308,7867.0,0.0,0.0,0.0,16,7866.0,7868.0,45,7885.0,7885.0,7888.0,7861.0,980.0,38552530.0,58700
2023-05-09 21:07:27,l2308,l2308,7867.0,0.0,0.0,0.0,10,7866.0,7868.0,40,7885.0,7885.0,7888.0,7861.0,980.0,38552530.0,58700
2023-05-09 21:07:29,l2308,l2308,7867.0,0.0,0.0,0.0,1,7866.0,7867.0,17,7885.0,7885.0,7888.0,7861.0,980.0,38552530.0,58700
2023-05-09 21:07:30,l2308,l2308,7867.0,0.0,0.0,0.0,36,7865.0,7867.0,27,7885.0,7885.0,7888.0,7861.0,980.0,38552530.0,58700
2023-05-09 21:07:30,l2308,l2308,7867.0,0.0,0.0,0.0,21,7865.0,7867.0,37,7885.0,7885.0,7888.0,7861.0,980.0,38552530.0,58700
2023-05-09 21:07:31,l2308,l2308,7867.0,0.0,0.0,0.0,10,7865.0,7867.0,39,7885.0,7885.0,7888.0,7861.0,980.0,38552530.0,58700
2023-05-09 21:07:31,l2308,l2308,7867.0,0.0,0.0,0.0,19,7865.0,7867.0,38,7885.0,7885.0,7888.0,7861.0,980.0,38552530.0,58700
2023-05-09 21:07:32,l2308,l2308,7867.0,0.0,0.0,0.0,9,7866.0,7867.0,30,7885.0,7885.0,7888.0,7861.0,980.0,38552530.0,58700
2023-05-09 21:07:32,l2308,l2308,7867.0,0.0,0.0,0.0,30,7865.0,7867.0,37,7885.0,7885.0,7888.0,7861.0,980.0,38552530.0,58700
2023-05-09 21:07:33,l2308,l2308,7867.0,0.0,0.0,0.0,9,7866.0,7867.0,24,7885.0,7885.0,7888.0,7861.0,980.0,38552530.0,58700
2023-05-09 21:07:33,l2308,l2308,7867.0,0.0,0.0,0.0,24,7866.0,7867.0,2,7885.0,7885.0,7888.0,7861.0,980.0,38552530.0,58700
2023-05-09 21:07:34,l2308,l2308,7867.0,2.0,78670.0,1.0,1,7867.0,7868.0,35,7885.0,7885.0,7888.0,7861.0,982.0,38631200.0,58701
2023-05-09 21:07:34,l2308,l2308,7867.0,0.0,0.0,0.0,1,7867.0,7868.0,33,7885.0,7885.0,7888.0,7861.0,982.0,38631200.0,58701
2023-05-09 21:07:35,l2308,l2308,7867.0,0.0,0.0,0.0,1,7867.0,7868.0,27,7885.0,7885.0,7888.0,7861.0,982.0,38631200.0,58701
2023-05-09 21:07:35,l2308,l2308,7867.0,0.0,0.0,0.0,1,7867.0,7868.0,30,7885.0,7885.0,7888.0,7861.0,982.0,38631200.0,58701
2023-05-09 21:07:36,l2308,l2308,7867.0,0.0,0.0,0.0,1,7867.0,7868.0,27,7885.0,7885.0,7888.0,7861.0,982.0,38631200.0,58701
2023-05-09 21:07:37,l2308,l2308,7867.0,0.0,0.0,0.0,10,7867.0,7868.0,13,7885.0,7885.0,7888.0,7861.0,982.0,38631200.0,58701
2023-05-09 21:07:37,l2308,l2308,7869.0,27.0,1062310.0,19.0,3,7869.0,7870.0,17,7885.0,7885.0,7888.0,7861.0,1009.0,39693510.0,58720
2023-05-09 21:07:38,l2308,l2308,7869.0,3.0,118035.0,0.0,9,7869.0,7870.0,5,7885.0,7885.0,7888.0,7861.0,1012.0,39811545.0,58720
2023-05-09 21:07:38,l2308,l2308,7869.0,0.0,0.0,0.0,10,7869.0,7870.0,3,7885.0,7885.0,7888.0,7861.0,1012.0,39811545.0,58720
2023-05-09 21:07:39,l2308,l2308,7869.0,10.0,393450.0,0.0,38,7868.0,7869.0,1,7885.0,7885.0,7888.0,7861.0,1022.0,40204995.0,58720
2023-05-09 21:07:39,l2308,l2308,7869.0,0.0,0.0,0.0,33,7868.0,7869.0,1,7885.0,7885.0,7888.0,7861.0,1022.0,40204995.0,58720
2023-05-09 21:07:40,l2308,l2308,7868.0,20.0,786800.0,5.0,41,7867.0,7869.0,11,7885.0,7885.0,7888.0,7861.0,1042.0,40991795.0,58725
2023-05-09 21:07:40,l2308,l2308,7868.0,0.0,0.0,0.0,44,7867.0,7869.0,14,7885.0,7885.0,7888.0,7861.0,1042.0,40991795.0,58725
2023-05-09 21:07:40,l2308,l2308,7868.0,0.0,0.0,0.0,44,7867.0,7869.0,17,7885.0,7885.0,7888.0,7861.0,1042.0,40991795.0,58725
2023-05-09 21:07:41,l2308,l2308,7868.0,0.0,0.0,0.0,44,7867.0,7869.0,11,7885.0,7885.0,7888.0,7861.0,1042.0,40991795.0,58725
2023-05-09 21:07:42,l2308,l2308,7868.0,0.0,0.0,0.0,15,7868.0,7869.0,2,7885.0,7885.0,7888.0,7861.0,1042.0,40991795.0,58725
2023-05-09 21:07:42,l2308,l2308,7868.0,0.0,0.0,0.0,31,7868.0,7869.0,1,7885.0,7885.0,7888.0,7861.0,1042.0,40991795.0,58725
2023-05-09 21:07:43,l2308,l2308,7869.0,1.0,39345.0,0.0,40,7868.0,7870.0,25,7885.0,7885.0,7888.0,7861.0,1043.0,41031140.0,58725
2023-05-09 21:07:43,l2308,l2308,7869.0,0.0,0.0,0.0,42,7868.0,7870.0,11,7885.0,7885.0,7888.0,7861.0,1043.0,41031140.0,58725
2023-05-09 21:07:44,l2308,l2308,7869.0,0.0,0.0,0.0,42,7868.0,7870.0,12,7885.0,7885.0,7888.0,7861.0,1043.0,41031140.0,58725
2023-05-09 21:07:45,l2308,l2308,7869.0,0.0,0.0,0.0,24,7868.0,7870.0,26,7885.0,7885.0,7888.0,7861.0,1043.0,41031140.0,58725
2023-05-09 21:07:45,l2308,l2308,7869.0,0.0,0.0,0.0,1,7868.0,7869.0,9,7885.0,7885.0,7888.0,7861.0,1043.0,41031140.0,58725
2023-05-09 21:07:46,l2308,l2308,7869.0,0.0,0.0,0.0,44,7867.0,7869.0,10,7885.0,7885.0,7888.0,7861.0,1043.0,41031140.0,58725
2023-05-09 21:07:50,l2308,l2308,7869.0,0.0,0.0,0.0,47,7867.0,7869.0,10,7885.0,7885.0,7888.0,7861.0,1043.0,41031140.0,58725
2023-05-09 21:07:51,l2308,l2308,7869.0,0.0,0.0,0.0,3,7868.0,7869.0,1,7885.0,7885.0,7888.0,7861.0,1043.0,41031140.0,58725
2023-05-09 21:07:52,l2308,l2308,7869.0,0.0,0.0,0.0,4,7868.0,7870.0,43,7885.0,7885.0,7888.0,7861.0,1043.0,41031140.0,58725
2023-05-09 21:07:52,l2308,l2308,7869.0,0.0,0.0,0.0,7,7868.0,7869.0,9,7885.0,7885.0,7888.0,7861.0,1043.0,41031140.0,58725
2023-05-09 21:07:53,l2308,l2308,7869.0,0.0,0.0,0.0,33,7868.0,7869.0,1,7885.0,7885.0,7888.0,7861.0,1043.0,41031140.0,58725
2023-05-09 21:07:53,l2308,l2308,7869.0,0.0,0.0,0.0,37,7868.0,7870.0,20,7885.0,7885.0,7888.0,7861.0,1043.0,41031140.0,58725
2023-05-09 21:07:54,l2308,l2308,7869.0,0.0,0.0,0.0,42,7868.0,7870.0,12,7885.0,7885.0,7888.0,7861.0,1043.0,41031140.0,58725
2023-05-09 21:07:55,l2308,l2308,7869.0,0.0,0.0,0.0,39,7868.0,7870.0,15,7885.0,7885.0,7888.0,7861.0,1043.0,41031140.0,58725
2023-05-09 21:07:55,l2308,l2308,7869.0,0.0,0.0,0.0,39,7868.0,7870.0,17,7885.0,7885.0,7888.0,7861.0,1043.0,41031140.0,58725
2023-05-09 21:07:57,l2308,l2308,7869.0,0.0,0.0,0.0,42,7868.0,7870.0,14,7885.0,7885.0,7888.0,7861.0,1043.0,41031140.0,58725
2023-05-09 21:08:00,l2308,l2308,7869.0,0.0,0.0,0.0,39,7868.0,7870.0,17,7885.0,7885.0,7888.0,7861.0,1043.0,41031140.0,58725
2023-05-09 21:08:01,l2308,l2308,7869.0,0.0,0.0,0.0,42,7868.0,7870.0,14,7885.0,7885.0,7888.0,7861.0,1043.0,41031140.0,58725
2023-05-09 21:08:02,l2308,l2308,7869.0,0.0,0.0,0.0,39,7868.0,7870.0,16,7885.0,7885.0,7888.0,7861.0,1043.0,41031140.0,58725
2023-05-09 21:08:02,l2308,l2308,7869.0,0.0,0.0,0.0,12,7869.0,7870.0,2,7885.0,7885.0,7888.0,7861.0,1043.0,41031140.0,58725
2023-05-09 21:08:03,l2308,l2308,7869.0,0.0,0.0,0.0,25,7869.0,7871.0,34,7885.0,7885.0,7888.0,7861.0,1043.0,41031140.0,58725
2023-05-09 21:08:03,l2308,l2308,7869.0,0.0,0.0,0.0,40,7869.0,7871.0,25,7885.0,7885.0,7888.0,7861.0,1043.0,41031140.0,58725
2023-05-09 21:08:04,l2308,l2308,7869.0,0.0,0.0,0.0,9,7870.0,7871.0,2,7885.0,7885.0,7888.0,7861.0,1043.0,41031140.0,58725
2023-05-09 21:08:04,l2308,l2308,7869.0,0.0,0.0,0.0,22,7870.0,7872.0,34,7885.0,7885.0,7888.0,7861.0,1043.0,41031140.0,58725
2023-05-09 21:08:05,l2308,l2308,7869.0,0.0,0.0,0.0,18,7871.0,7872.0,25,7885.0,7885.0,7888.0,7861.0,1043.0,41031140.0,58725
2023-05-09 21:08:05,l2308,l2308,7869.0,0.0,0.0,0.0,42,7871.0,7872.0,1,7885.0,7885.0,7888.0,7861.0,1043.0,41031140.0,58725
2023-05-09 21:08:06,l2308,l2308,7869.0,0.0,0.0,0.0,43,7871.0,7873.0,27,7885.0,7885.0,7888.0,7861.0,1043.0,41031140.0,58725
2023-05-09 21:08:06,l2308,l2308,7869.0,0.0,0.0,0.0,48,7871.0,7873.0,24,7885.0,7885.0,7888.0,7861.0,1043.0,41031140.0,58725
2023-05-09 21:08:06,l2308,l2308,7869.0,0.0,0.0,0.0,48,7871.0,7873.0,18,7885.0,7885.0,7888.0,7861.0,1043.0,41031140.0,58725
2023-05-09 21:08:08,l2308,l2308,7869.0,0.0,0.0,0.0,39,7871.0,7873.0,18,7885.0,7885.0,7888.0,7861.0,1043.0,41031140.0,58725
2023-05-09 21:08:10,l2308,l2308,7869.0,0.0,0.0,0.0,45,7871.0,7873.0,21,7885.0,7885.0,7888.0,7861.0,1043.0,41031140.0,58725
2023-05-09 21:08:11,l2308,l2308,7869.0,0.0,0.0,0.0,18,7871.0,7872.0,9,7885.0,7885.0,7888.0,7861.0,1043.0,41031140.0,58725
2023-05-09 21:08:11,l2308,l2308,7869.0,0.0,0.0,0.0,1,7871.0,7872.0,12,7885.0,7885.0,7888.0,7861.0,1043.0,41031140.0,58725
2023-05-09 21:08:12,l2308,l2308,7869.0,0.0,0.0,0.0,40,7870.0,7872.0,13,7885.0,7885.0,7888.0,7861.0,1043.0,41031140.0,58725
2023-05-09 21:08:13,l2308,l2308,7869.0,0.0,0.0,0.0,43,7870.0,7872.0,13,7885.0,7885.0,7888.0,7861.0,1043.0,41031140.0,58725
2023-05-09 21:08:14,l2308,l2308,7869.0,0.0,0.0,0.0,40,7870.0,7872.0,16,7885.0,7885.0,7888.0,7861.0,1043.0,41031140.0,58725
2023-05-09 21:08:15,l2308,l2308,7869.0,0.0,0.0,0.0,43,7870.0,7872.0,13,7885.0,7885.0,7888.0,7861.0,1043.0,41031140.0,58725
2023-05-09 21:08:16,l2308,l2308,7869.0,0.0,0.0,0.0,40,7870.0,7872.0,16,7885.0,7885.0,7888.0,7861.0,1043.0,41031140.0,58725
2023-05-09 21:08:16,l2308,l2308,7869.0,0.0,0.0,0.0,43,7870.0,7872.0,13,7885.0,7885.0,7888.0,7861.0,1043.0,41031140.0,58725
2023-05-09 21:08:19,l2308,l2308,7869.0,0.0,0.0,0.0,43,7870.0,7872.0,14,7885.0,7885.0,7888.0,7861.0,1043.0,41031140.0,58725
2023-05-09 21:08:21,l2308,l2308,7869.0,0.0,0.0,0.0,40,7870.0,7872.0,17,7885.0,7885.0,7888.0,7861.0,1043.0,41031140.0,58725
2023-05-09 21:08:21,l2308,l2308,7869.0,0.0,0.0,0.0,43,7870.0,7872.0,14,7885.0,7885.0,7888.0,7861.0,1043.0,41031140.0,58725
2023-05-09 21:08:25,l2308,l2308,7869.0,0.0,0.0,0.0,40,7870.0,7872.0,17,7885.0,7885.0,7888.0,7861.0,1043.0,41031140.0,58725
2023-05-09 21:08:25,l2308,l2308,7869.0,0.0,0.0,0.0,43,7870.0,7872.0,14,7885.0,7885.0,7888.0,7861.0,1043.0,41031140.0,58725
2023-05-09 21:08:26,l2308,l2308,7869.0,0.0,0.0,0.0,46,7870.0,7872.0,11,7885.0,7885.0,7888.0,7861.0,1043.0,41031140.0,58725
2023-05-09 21:08:27,l2308,l2308,7869.0,0.0,0.0,0.0,4,7871.0,7872.0,11,7885.0,7885.0,7888.0,7861.0,1043.0,41031140.0,58725
2023-05-09 21:08:28,l2308,l2308,7869.0,0.0,0.0,0.0,22,7871.0,7872.0,1,7885.0,7885.0,7888.0,7861.0,1043.0,41031140.0,58725
2023-05-09 21:08:28,l2308,l2308,7869.0,0.0,0.0,0.0,32,7871.0,7873.0,37,7885.0,7885.0,7888.0,7861.0,1043.0,41031140.0,58725
2023-05-09 21:08:29,l2308,l2308,7869.0,0.0,0.0,0.0,46,7871.0,7873.0,25,7885.0,7885.0,7888.0,7861.0,1043.0,41031140.0,58725
2023-05-09 21:08:29,l2308,l2308,7869.0,0.0,0.0,0.0,43,7871.0,7873.0,16,7885.0,7885.0,7888.0,7861.0,1043.0,41031140.0,58725
2023-05-09 21:08:30,l2308,l2308,7869.0,0.0,0.0,0.0,40,7871.0,7873.0,17,7885.0,7885.0,7888.0,7861.0,1043.0,41031140.0,58725
2023-05-09 21:08:30,l2308,l2308,7869.0,0.0,0.0,0.0,39,7871.0,7873.0,14,7885.0,7885.0,7888.0,7861.0,1043.0,41031140.0,58725
2023-05-09 21:08:31,l2308,l2308,7869.0,0.0,0.0,0.0,33,7871.0,7873.0,23,7885.0,7885.0,7888.0,7861.0,1043.0,41031140.0,58725
2023-05-09 21:08:31,l2308,l2308,7869.0,0.0,0.0,0.0,9,7871.0,7872.0,9,7885.0,7885.0,7888.0,7861.0,1043.0,41031140.0,58725
2023-05-09 21:08:32,l2308,l2308,7869.0,0.0,0.0,0.0,14,7871.0,7873.0,43,7885.0,7885.0,7888.0,7861.0,1043.0,41031140.0,58725
2023-05-09 21:08:32,l2308,l2308,7869.0,0.0,0.0,0.0,17,7871.0,7873.0,39,7885.0,7885.0,7888.0,7861.0,1043.0,41031140.0,58725
2023-05-09 21:08:33,l2308,l2308,7869.0,0.0,0.0,0.0,32,7871.0,7873.0,40,7885.0,7885.0,7888.0,7861.0,1043.0,41031140.0,58725
2023-05-09 21:08:33,l2308,l2308,7869.0,0.0,0.0,0.0,25,7871.0,7873.0,39,7885.0,7885.0,7888.0,7861.0,1043.0,41031140.0,58725
2023-05-09 21:08:34,l2308,l2308,7869.0,0.0,0.0,0.0,29,7871.0,7873.0,36,7885.0,7885.0,7888.0,7861.0,1043.0,41031140.0,58725
2023-05-09 21:08:34,l2308,l2308,7869.0,0.0,0.0,0.0,14,7871.0,7872.0,10,7885.0,7885.0,7888.0,7861.0,1043.0,41031140.0,58725
2023-05-09 21:08:35,l2308,l2308,7869.0,0.0,0.0,0.0,34,7871.0,7873.0,30,7885.0,7885.0,7888.0,7861.0,1043.0,41031140.0,58725
2023-05-09 21:08:35,l2308,l2308,7869.0,0.0,0.0,0.0,51,7871.0,7873.0,14,7885.0,7885.0,7888.0,7861.0,1043.0,41031140.0,58725
2023-05-09 21:08:36,l2308,l2308,7869.0,0.0,0.0,0.0,51,7871.0,7873.0,11,7885.0,7885.0,7888.0,7861.0,1043.0,41031140.0,58725
2023-05-09 21:08:40,l2308,l2308,7869.0,0.0,0.0,0.0,30,7871.0,7872.0,9,7885.0,7885.0,7888.0,7861.0,1043.0,41031140.0,58725
2023-05-09 21:08:41,l2308,l2308,7869.0,0.0,0.0,0.0,5,7871.0,7872.0,9,7885.0,7885.0,7888.0,7861.0,1043.0,41031140.0,58725
2023-05-09 21:08:41,l2308,l2308,7869.0,0.0,0.0,0.0,42,7870.0,7872.0,10,7885.0,7885.0,7888.0,7861.0,1043.0,41031140.0,58725
2023-05-09 21:08:42,l2308,l2308,7869.0,0.0,0.0,0.0,10,7871.0,7872.0,1,7885.0,7885.0,7888.0,7861.0,1043.0,41031140.0,58725
2023-05-09 21:08:42,l2308,l2308,7869.0,0.0,0.0,0.0,26,7871.0,7873.0,31,7885.0,7885.0,7888.0,7861.0,1043.0,41031140.0,58725
2023-05-09 21:08:43,l2308,l2308,7869.0,0.0,0.0,0.0,35,7871.0,7873.0,28,7885.0,7885.0,7888.0,7861.0,1043.0,41031140.0,58725
2023-05-09 21:08:43,l2308,l2308,7869.0,0.0,0.0,0.0,40,7871.0,7873.0,17,7885.0,7885.0,7888.0,7861.0,1043.0,41031140.0,58725
2023-05-09 21:08:43,l2308,l2308,7869.0,0.0,0.0,0.0,43,7871.0,7873.0,11,7885.0,7885.0,7888.0,7861.0,1043.0,41031140.0,58725
2023-05-09 21:08:45,l2308,l2308,7869.0,0.0,0.0,0.0,28,7871.0,7872.0,9,7885.0,7885.0,7888.0,7861.0,1043.0,41031140.0,58725
2023-05-09 21:08:46,l2308,l2308,7869.0,0.0,0.0,0.0,17,7871.0,7872.0,10,7885.0,7885.0,7888.0,7861.0,1043.0,41031140.0,58725
2023-05-09 21:08:46,l2308,l2308,7869.0,0.0,0.0,0.0,8,7871.0,7872.0,10,7885.0,7885.0,7888.0,7861.0,1043.0,41031140.0,58725
2023-05-09 21:08:46,l2308,l2308,7869.0,0.0,0.0,0.0,7,7871.0,7872.0,11,7885.0,7885.0,7888.0,7861.0,1043.0,41031140.0,58725
2023-05-09 21:08:47,l2308,l2308,7869.0,0.0,0.0,0.0,10,7871.0,7872.0,11,7885.0,7885.0,7888.0,7861.0,1043.0,41031140.0,58725
2023-05-09 21:08:48,l2308,l2308,7869.0,0.0,0.0,0.0,7,7871.0,7872.0,11,7885.0,7885.0,7888.0,7861.0,1043.0,41031140.0,58725
2023-05-09 21:08:50,l2308,l2308,7869.0,0.0,0.0,0.0,16,7871.0,7872.0,2,7885.0,7885.0,7888.0,7861.0,1043.0,41031140.0,58725
2023-05-09 21:08:50,l2308,l2308,7869.0,0.0,0.0,0.0,20,7871.0,7873.0,39,7885.0,7885.0,7888.0,7861.0,1043.0,41031140.0,58725
2023-05-09 21:08:51,l2308,l2308,7869.0,0.0,0.0,0.0,11,7871.0,7872.0,9,7885.0,7885.0,7888.0,7861.0,1043.0,41031140.0,58725
