time,symbol_id,symbol_name,last,trade_volume,trade_amount,open_interest_change,bv1,bp1,ap1,av1,yesterday_close,today_open,today_high,today_low,volume,amount,open_interest
2023-05-09 20:58:56,l2312,l2312,7780.0,0.0,0.0,0.0,4,7751.0,7810.0,4,7780.0,7756.0,0.0,0.0,0.0,0.0,8606
2023-05-09 21:00:00,l2312,l2312,7780.0,0.0,0.0,0.0,4,7751.0,7808.0,1,7780.0,7756.0,0.0,0.0,0.0,0.0,8606
2023-05-09 21:00:01,l2312,l2312,7780.0,0.0,0.0,0.0,2,7756.0,7804.0,2,7780.0,7756.0,0.0,0.0,0.0,0.0,8606
2023-05-09 21:00:02,l2312,l2312,7780.0,0.0,0.0,0.0,4,7756.0,7803.0,3,7780.0,7756.0,0.0,0.0,0.0,0.0,8606
2023-05-09 21:00:02,l2312,l2312,7780.0,0.0,0.0,0.0,4,7756.0,7802.0,2,7780.0,7756.0,0.0,0.0,0.0,0.0,8606
2023-05-09 21:00:03,l2312,l2312,7780.0,0.0,0.0,0.0,4,7757.0,7802.0,2,7780.0,7756.0,0.0,0.0,0.0,0.0,8606
2023-05-09 21:00:04,l2312,l2312,7780.0,0.0,0.0,0.0,2,7758.0,7801.0,3,7780.0,7756.0,0.0,0.0,0.0,0.0,8606
2023-05-09 21:00:04,l2312,l2312,7780.0,0.0,0.0,0.0,2,7759.0,7800.0,2,7780.0,7756.0,0.0,0.0,0.0,0.0,8606
2023-05-09 21:00:05,l2312,l2312,7780.0,0.0,0.0,0.0,2,7759.0,7799.0,3,7780.0,7756.0,0.0,0.0,0.0,0.0,8606
2023-05-09 21:00:05,l2312,l2312,7780.0,0.0,0.0,0.0,2,7759.0,7798.0,3,7780.0,7756.0,0.0,0.0,0.0,0.0,8606
2023-05-09 21:00:06,l2312,l2312,7780.0,0.0,0.0,0.0,2,7759.0,7796.0,2,7780.0,7756.0,0.0,0.0,0.0,0.0,8606
2023-05-09 21:00:06,l2312,l2312,7780.0,0.0,0.0,0.0,2,7760.0,7794.0,2,7780.0,7756.0,0.0,0.0,0.0,0.0,8606
2023-05-09 21:00:07,l2312,l2312,7780.0,0.0,0.0,0.0,2,7758.0,7793.0,3,7780.0,7756.0,0.0,0.0,0.0,0.0,8606
2023-05-09 21:00:07,l2312,l2312,7780.0,0.0,0.0,0.0,2,7758.0,7792.0,2,7780.0,7756.0,0.0,0.0,0.0,0.0,8606
2023-05-09 21:00:09,l2312,l2312,7780.0,0.0,0.0,0.0,2,7758.0,7791.0,1,7780.0,7756.0,0.0,0.0,0.0,0.0,8606
2023-05-09 21:00:09,l2312,l2312,7780.0,0.0,0.0,0.0,2,7758.0,7790.0,2,7780.0,7756.0,0.0,0.0,0.0,0.0,8606
2023-05-09 21:00:10,l2312,l2312,7780.0,0.0,0.0,0.0,2,7758.0,7790.0,5,7780.0,7756.0,0.0,0.0,0.0,0.0,8606
2023-05-09 21:00:11,l2312,l2312,7780.0,0.0,0.0,0.0,4,7757.0,7790.0,6,7780.0,7756.0,0.0,0.0,0.0,0.0,8606
2023-05-09 21:00:11,l2312,l2312,7780.0,0.0,0.0,0.0,4,7757.0,7778.0,2,7780.0,7756.0,0.0,0.0,0.0,0.0,8606
2023-05-09 21:00:12,l2312,l2312,7780.0,0.0,0.0,0.0,4,7751.0,7774.0,5,7780.0,7756.0,0.0,0.0,0.0,0.0,8606
2023-05-09 21:00:13,l2312,l2312,7780.0,0.0,0.0,0.0,2,7753.0,7772.0,5,7780.0,7756.0,0.0,0.0,0.0,0.0,8606
2023-05-09 21:00:16,l2312,l2312,7780.0,0.0,0.0,0.0,2,7753.0,7772.0,3,7780.0,7756.0,0.0,0.0,0.0,0.0,8606
2023-05-09 21:00:24,l2312,l2312,7780.0,0.0,0.0,0.0,2,7755.0,7772.0,3,7780.0,7756.0,0.0,0.0,0.0,0.0,8606
2023-05-09 21:00:34,l2312,l2312,7780.0,0.0,0.0,0.0,4,7751.0,7770.0,1,7780.0,7756.0,0.0,0.0,0.0,0.0,8606
2023-05-09 21:00:34,l2312,l2312,7780.0,0.0,0.0,0.0,2,7752.0,7765.0,1,7780.0,7756.0,0.0,0.0,0.0,0.0,8606
2023-05-09 21:00:35,l2312,l2312,7780.0,0.0,0.0,0.0,2,7752.0,7765.0,3,7780.0,7756.0,0.0,0.0,0.0,0.0,8606
2023-05-09 21:00:35,l2312,l2312,7780.0,0.0,0.0,0.0,4,7752.0,7765.0,3,7780.0,7756.0,0.0,0.0,0.0,0.0,8606
2023-05-09 21:00:36,l2312,l2312,7780.0,0.0,0.0,0.0,3,7752.0,7761.0,2,7780.0,7756.0,0.0,0.0,0.0,0.0,8606
2023-05-09 21:00:36,l2312,l2312,7780.0,0.0,0.0,0.0,1,7752.0,7764.0,3,7780.0,7756.0,0.0,0.0,0.0,0.0,8606
2023-05-09 21:00:37,l2312,l2312,7780.0,0.0,0.0,0.0,1,7752.0,7766.0,1,7780.0,7756.0,0.0,0.0,0.0,0.0,8606
2023-05-09 21:00:37,l2312,l2312,7780.0,0.0,0.0,0.0,1,7752.0,7765.0,3,7780.0,7756.0,0.0,0.0,0.0,0.0,8606
2023-05-09 21:00:38,l2312,l2312,7780.0,0.0,0.0,0.0,4,7751.0,7765.0,3,7780.0,7756.0,0.0,0.0,0.0,0.0,8606
2023-05-09 21:01:10,l2312,l2312,7780.0,0.0,0.0,0.0,4,7751.0,7765.0,6,7780.0,7756.0,0.0,0.0,0.0,0.0,8606
2023-05-09 21:01:10,l2312,l2312,7780.0,0.0,0.0,0.0,4,7751.0,7765.0,7,7780.0,7756.0,0.0,0.0,0.0,0.0,8606
2023-05-09 21:01:13,l2312,l2312,7780.0,0.0,0.0,0.0,4,7757.0,7763.0,4,7780.0,7756.0,0.0,0.0,0.0,0.0,8606
2023-05-09 21:01:14,l2312,l2312,7780.0,0.0,0.0,0.0,7,7757.0,7762.0,5,7780.0,7756.0,0.0,0.0,0.0,0.0,8606
2023-05-09 21:01:14,l2312,l2312,7780.0,0.0,0.0,0.0,7,7757.0,7762.0,9,7780.0,7756.0,0.0,0.0,0.0,0.0,8606
2023-05-09 21:01:15,l2312,l2312,7780.0,0.0,0.0,0.0,8,7757.0,7762.0,10,7780.0,7756.0,0.0,0.0,0.0,0.0,8606
2023-05-09 21:01:15,l2312,l2312,7780.0,0.0,0.0,0.0,7,7757.0,7762.0,12,7780.0,7756.0,0.0,0.0,0.0,0.0,8606
2023-05-09 21:01:18,l2312,l2312,7780.0,0.0,0.0,0.0,7,7757.0,7758.0,3,7780.0,7756.0,0.0,0.0,0.0,0.0,8606
2023-05-09 21:01:18,l2312,l2312,7780.0,0.0,0.0,0.0,5,7757.0,7758.0,4,7780.0,7756.0,0.0,0.0,0.0,0.0,8606
2023-05-09 21:01:19,l2312,l2312,7780.0,0.0,0.0,0.0,7,7756.0,7758.0,5,7780.0,7756.0,0.0,0.0,0.0,0.0,8606
2023-05-09 21:01:19,l2312,l2312,7780.0,0.0,0.0,0.0,7,7756.0,7758.0,8,7780.0,7756.0,0.0,0.0,0.0,0.0,8606
2023-05-09 21:01:20,l2312,l2312,7780.0,0.0,0.0,0.0,4,7756.0,7758.0,12,7780.0,7756.0,0.0,0.0,0.0,0.0,8606
2023-05-09 21:01:20,l2312,l2312,7780.0,0.0,0.0,0.0,1,7756.0,7758.0,11,7780.0,7756.0,0.0,0.0,0.0,0.0,8606
2023-05-09 21:01:21,l2312,l2312,7780.0,0.0,0.0,0.0,9,7755.0,7757.0,1,7780.0,7756.0,0.0,0.0,0.0,0.0,8606
2023-05-09 21:01:21,l2312,l2312,7780.0,0.0,0.0,0.0,6,7755.0,7756.0,4,7780.0,7756.0,0.0,0.0,0.0,0.0,8606
2023-05-09 21:01:22,l2312,l2312,7758.0,13.0,504200.0,1.0,2,7757.0,7758.0,3,7780.0,7756.0,7758.0,7756.0,13.0,504200.0,8607
2023-05-09 21:01:22,l2312,l2312,7757.0,4.0,155140.0,3.0,1,7756.0,7757.0,1,7780.0,7756.0,7758.0,7756.0,17.0,659340.0,8610
2023-05-09 21:01:23,l2312,l2312,7757.0,0.0,0.0,0.0,5,7755.0,7757.0,2,7780.0,7756.0,7758.0,7756.0,17.0,659340.0,8610
2023-05-09 21:01:23,l2312,l2312,7757.0,0.0,0.0,0.0,3,7755.0,7757.0,2,7780.0,7756.0,7758.0,7756.0,17.0,659340.0,8610
2023-05-09 21:01:24,l2312,l2312,7757.0,0.0,0.0,0.0,3,7755.0,7756.0,1,7780.0,7756.0,7758.0,7756.0,17.0,659340.0,8610
2023-05-09 21:01:24,l2312,l2312,7757.0,0.0,0.0,0.0,1,7755.0,7756.0,3,7780.0,7756.0,7758.0,7756.0,17.0,659340.0,8610
2023-05-09 21:01:25,l2312,l2312,7757.0,0.0,0.0,0.0,1,7755.0,7756.0,4,7780.0,7756.0,7758.0,7756.0,17.0,659340.0,8610
2023-05-09 21:01:25,l2312,l2312,7757.0,0.0,0.0,0.0,7,7754.0,7756.0,4,7780.0,7756.0,7758.0,7756.0,17.0,659340.0,8610
2023-05-09 21:01:26,l2312,l2312,7757.0,0.0,0.0,0.0,8,7754.0,7756.0,4,7780.0,7756.0,7758.0,7756.0,17.0,659340.0,8610
2023-05-09 21:01:28,l2312,l2312,7757.0,0.0,0.0,0.0,9,7754.0,7756.0,4,7780.0,7756.0,7758.0,7756.0,17.0,659340.0,8610
2023-05-09 21:01:29,l2312,l2312,7757.0,0.0,0.0,0.0,1,7755.0,7756.0,2,7780.0,7756.0,7758.0,7756.0,17.0,659340.0,8610
2023-05-09 21:01:29,l2312,l2312,7757.0,0.0,0.0,0.0,2,7755.0,7757.0,10,7780.0,7756.0,7758.0,7756.0,17.0,659340.0,8610
2023-05-09 21:01:30,l2312,l2312,7757.0,0.0,0.0,0.0,1,7755.0,7757.0,10,7780.0,7756.0,7758.0,7756.0,17.0,659340.0,8610
2023-05-09 21:01:30,l2312,l2312,7757.0,0.0,0.0,0.0,9,7754.0,7756.0,1,7780.0,7756.0,7758.0,7756.0,17.0,659340.0,8610
2023-05-09 21:01:31,l2312,l2312,7757.0,0.0,0.0,0.0,8,7754.0,7756.0,3,7780.0,7756.0,7758.0,7756.0,17.0,659340.0,8610
2023-05-09 21:01:31,l2312,l2312,7757.0,0.0,0.0,0.0,8,7754.0,7756.0,4,7780.0,7756.0,7758.0,7756.0,17.0,659340.0,8610
2023-05-09 21:01:32,l2312,l2312,7757.0,0.0,0.0,0.0,1,7755.0,7756.0,2,7780.0,7756.0,7758.0,7756.0,17.0,659340.0,8610
2023-05-09 21:01:32,l2312,l2312,7756.0,1.0,38780.0,0.0,3,7755.0,7757.0,10,7780.0,7756.0,7758.0,7756.0,18.0,698120.0,8610
2023-05-09 21:01:33,l2312,l2312,7756.0,0.0,0.0,0.0,11,7754.0,7757.0,11,7780.0,7756.0,7758.0,7756.0,18.0,698120.0,8610
2023-05-09 21:01:33,l2312,l2312,7756.0,0.0,0.0,0.0,10,7754.0,7757.0,11,7780.0,7756.0,7758.0,7756.0,18.0,698120.0,8610
2023-05-09 21:01:34,l2312,l2312,7756.0,0.0,0.0,0.0,10,7754.0,7757.0,9,7780.0,7756.0,7758.0,7756.0,18.0,698120.0,8610
2023-05-09 21:01:35,l2312,l2312,7756.0,0.0,0.0,0.0,2,7755.0,7757.0,8,7780.0,7756.0,7758.0,7756.0,18.0,698120.0,8610
2023-05-09 21:01:35,l2312,l2312,7756.0,0.0,0.0,0.0,4,7755.0,7757.0,8,7780.0,7756.0,7758.0,7756.0,18.0,698120.0,8610
2023-05-09 21:01:36,l2312,l2312,7756.0,0.0,0.0,0.0,3,7755.0,7757.0,8,7780.0,7756.0,7758.0,7756.0,18.0,698120.0,8610
2023-05-09 21:01:36,l2312,l2312,7756.0,0.0,0.0,0.0,5,7755.0,7757.0,7,7780.0,7756.0,7758.0,7756.0,18.0,698120.0,8610
2023-05-09 21:01:37,l2312,l2312,7756.0,0.0,0.0,0.0,8,7755.0,7757.0,7,7780.0,7756.0,7758.0,7756.0,18.0,698120.0,8610
2023-05-09 21:01:37,l2312,l2312,7756.0,0.0,0.0,0.0,7,7755.0,7757.0,2,7780.0,7756.0,7758.0,7756.0,18.0,698120.0,8610
2023-05-09 21:01:38,l2312,l2312,7758.0,4.0,155155.0,4.0,7,7755.0,7758.0,6,7780.0,7756.0,7758.0,7756.0,22.0,853275.0,8614
2023-05-09 21:01:38,l2312,l2312,7758.0,0.0,0.0,0.0,8,7755.0,7758.0,8,7780.0,7756.0,7758.0,7756.0,22.0,853275.0,8614
2023-05-09 21:01:39,l2312,l2312,7758.0,0.0,0.0,0.0,10,7755.0,7758.0,7,7780.0,7756.0,7758.0,7756.0,22.0,853275.0,8614
2023-05-09 21:01:39,l2312,l2312,7758.0,0.0,0.0,0.0,11,7755.0,7758.0,8,7780.0,7756.0,7758.0,7756.0,22.0,853275.0,8614
2023-05-09 21:01:40,l2312,l2312,7758.0,0.0,0.0,0.0,11,7755.0,7757.0,4,7780.0,7756.0,7758.0,7756.0,22.0,853275.0,8614
2023-05-09 21:01:41,l2312,l2312,7757.0,3.0,116355.0,0.0,1,7757.0,7758.0,10,7780.0,7756.0,7758.0,7756.0,25.0,969630.0,8614
2023-05-09 21:01:41,l2312,l2312,7757.0,1.0,38785.0,1.0,3,7756.0,7757.0,1,7780.0,7756.0,7758.0,7756.0,26.0,1008415.0,8615
2023-05-09 21:01:42,l2312,l2312,7757.0,0.0,0.0,0.0,2,7756.0,7758.0,7,7780.0,7756.0,7758.0,7756.0,26.0,1008415.0,8615
2023-05-09 21:01:42,l2312,l2312,7757.0,0.0,0.0,0.0,2,7756.0,7758.0,8,7780.0,7756.0,7758.0,7756.0,26.0,1008415.0,8615
2023-05-09 21:01:43,l2312,l2312,7758.0,7.0,271530.0,4.0,4,7756.0,7758.0,4,7780.0,7756.0,7758.0,7756.0,33.0,1279945.0,8619
2023-05-09 21:01:43,l2312,l2312,7758.0,0.0,0.0,0.0,3,7756.0,7758.0,2,7780.0,7756.0,7758.0,7756.0,33.0,1279945.0,8619
2023-05-09 21:01:44,l2312,l2312,7757.0,1.0,38785.0,0.0,3,7756.0,7758.0,1,7780.0,7756.0,7758.0,7756.0,34.0,1318730.0,8619
2023-05-09 21:01:44,l2312,l2312,7757.0,0.0,0.0,0.0,1,7756.0,7758.0,1,7780.0,7756.0,7758.0,7756.0,34.0,1318730.0,8619
2023-05-09 21:01:45,l2312,l2312,7757.0,0.0,0.0,0.0,1,7756.0,7758.0,2,7780.0,7756.0,7758.0,7756.0,34.0,1318730.0,8619
2023-05-09 21:01:46,l2312,l2312,7757.0,0.0,0.0,0.0,7,7755.0,7758.0,4,7780.0,7756.0,7758.0,7756.0,34.0,1318730.0,8619
2023-05-09 21:01:46,l2312,l2312,7757.0,0.0,0.0,0.0,8,7755.0,7758.0,7,7780.0,7756.0,7758.0,7756.0,34.0,1318730.0,8619
2023-05-09 21:01:47,l2312,l2312,7757.0,0.0,0.0,0.0,9,7755.0,7758.0,8,7780.0,7756.0,7758.0,7756.0,34.0,1318730.0,8619
2023-05-09 21:01:47,l2312,l2312,7757.0,0.0,0.0,0.0,9,7755.0,7758.0,9,7780.0,7756.0,7758.0,7756.0,34.0,1318730.0,8619
2023-05-09 21:01:48,l2312,l2312,7757.0,0.0,0.0,0.0,9,7755.0,7758.0,11,7780.0,7756.0,7758.0,7756.0,34.0,1318730.0,8619
2023-05-09 21:01:48,l2312,l2312,7757.0,0.0,0.0,0.0,10,7755.0,7758.0,10,7780.0,7756.0,7758.0,7756.0,34.0,1318730.0,8619
2023-05-09 21:01:49,l2312,l2312,7757.0,0.0,0.0,0.0,8,7755.0,7758.0,10,7780.0,7756.0,7758.0,7756.0,34.0,1318730.0,8619
2023-05-09 21:01:49,l2312,l2312,7757.0,0.0,0.0,0.0,9,7755.0,7758.0,9,7780.0,7756.0,7758.0,7756.0,34.0,1318730.0,8619
2023-05-09 21:01:50,l2312,l2312,7757.0,0.0,0.0,0.0,1,7756.0,7758.0,9,7780.0,7756.0,7758.0,7756.0,34.0,1318730.0,8619
2023-05-09 21:01:50,l2312,l2312,7757.0,0.0,0.0,0.0,2,7756.0,7758.0,8,7780.0,7756.0,7758.0,7756.0,34.0,1318730.0,8619
2023-05-09 21:01:51,l2312,l2312,7757.0,0.0,0.0,0.0,7,7755.0,7757.0,1,7780.0,7756.0,7758.0,7756.0,34.0,1318730.0,8619
2023-05-09 21:01:51,l2312,l2312,7757.0,0.0,0.0,0.0,5,7755.0,7757.0,2,7780.0,7756.0,7758.0,7756.0,34.0,1318730.0,8619
2023-05-09 21:01:52,l2312,l2312,7757.0,0.0,0.0,0.0,2,7755.0,7757.0,4,7780.0,7756.0,7758.0,7756.0,34.0,1318730.0,8619
2023-05-09 21:01:52,l2312,l2312,7757.0,0.0,0.0,0.0,8,7754.0,7757.0,8,7780.0,7756.0,7758.0,7756.0,34.0,1318730.0,8619
2023-05-09 21:01:53,l2312,l2312,7757.0,0.0,0.0,0.0,9,7754.0,7757.0,9,7780.0,7756.0,7758.0,7756.0,34.0,1318730.0,8619
2023-05-09 21:01:53,l2312,l2312,7757.0,0.0,0.0,0.0,8,7754.0,7757.0,9,7780.0,7756.0,7758.0,7756.0,34.0,1318730.0,8619
2023-05-09 21:01:54,l2312,l2312,7757.0,0.0,0.0,0.0,9,7754.0,7757.0,10,7780.0,7756.0,7758.0,7756.0,34.0,1318730.0,8619
2023-05-09 21:01:54,l2312,l2312,7757.0,0.0,0.0,0.0,10,7754.0,7757.0,11,7780.0,7756.0,7758.0,7756.0,34.0,1318730.0,8619
2023-05-09 21:01:55,l2312,l2312,7757.0,0.0,0.0,0.0,11,7754.0,7757.0,9,7780.0,7756.0,7758.0,7756.0,34.0,1318730.0,8619
2023-05-09 21:01:55,l2312,l2312,7757.0,0.0,0.0,0.0,12,7754.0,7757.0,9,7780.0,7756.0,7758.0,7756.0,34.0,1318730.0,8619
2023-05-09 21:01:57,l2312,l2312,7757.0,0.0,0.0,0.0,9,7754.0,7756.0,1,7780.0,7756.0,7758.0,7756.0,34.0,1318730.0,8619
2023-05-09 21:01:57,l2312,l2312,7757.0,0.0,0.0,0.0,10,7754.0,7756.0,1,7780.0,7756.0,7758.0,7756.0,34.0,1318730.0,8619
2023-05-09 21:01:58,l2312,l2312,7757.0,0.0,0.0,0.0,12,7754.0,7756.0,1,7780.0,7756.0,7758.0,7756.0,34.0,1318730.0,8619
2023-05-09 21:01:59,l2312,l2312,7757.0,0.0,0.0,0.0,11,7754.0,7756.0,2,7780.0,7756.0,7758.0,7756.0,34.0,1318730.0,8619
2023-05-09 21:02:00,l2312,l2312,7757.0,0.0,0.0,0.0,8,7754.0,7756.0,3,7780.0,7756.0,7758.0,7756.0,34.0,1318730.0,8619
2023-05-09 21:02:00,l2312,l2312,7757.0,0.0,0.0,0.0,10,7754.0,7756.0,1,7780.0,7756.0,7758.0,7756.0,34.0,1318730.0,8619
2023-05-09 21:02:01,l2312,l2312,7757.0,0.0,0.0,0.0,11,7754.0,7756.0,1,7780.0,7756.0,7758.0,7756.0,34.0,1318730.0,8619
2023-05-09 21:02:02,l2312,l2312,7757.0,0.0,0.0,0.0,8,7754.0,7756.0,2,7780.0,7756.0,7758.0,7756.0,34.0,1318730.0,8619
2023-05-09 21:02:03,l2312,l2312,7757.0,0.0,0.0,0.0,9,7754.0,7756.0,2,7780.0,7756.0,7758.0,7756.0,34.0,1318730.0,8619
2023-05-09 21:02:04,l2312,l2312,7757.0,0.0,0.0,0.0,8,7754.0,7756.0,2,7780.0,7756.0,7758.0,7756.0,34.0,1318730.0,8619
2023-05-09 21:02:05,l2312,l2312,7757.0,0.0,0.0,0.0,3,7754.0,7756.0,6,7780.0,7756.0,7758.0,7756.0,34.0,1318730.0,8619
2023-05-09 21:02:05,l2312,l2312,7757.0,0.0,0.0,0.0,11,7753.0,7756.0,15,7780.0,7756.0,7758.0,7756.0,34.0,1318730.0,8619
2023-05-09 21:02:06,l2312,l2312,7757.0,0.0,0.0,0.0,9,7753.0,7755.0,1,7780.0,7756.0,7758.0,7756.0,34.0,1318730.0,8619
2023-05-09 21:02:06,l2312,l2312,7757.0,0.0,0.0,0.0,3,7754.0,7756.0,7,7780.0,7756.0,7758.0,7756.0,34.0,1318730.0,8619
2023-05-09 21:02:07,l2312,l2312,7756.0,6.0,232680.0,0.0,2,7756.0,7757.0,5,7780.0,7756.0,7758.0,7756.0,40.0,1551410.0,8619
2023-05-09 21:02:07,l2312,l2312,7756.0,2.0,77560.0,1.0,7,7754.0,7757.0,4,7780.0,7756.0,7758.0,7756.0,42.0,1628970.0,8620
2023-05-09 21:02:08,l2312,l2312,7756.0,0.0,0.0,0.0,14,7754.0,7757.0,5,7780.0,7756.0,7758.0,7756.0,42.0,1628970.0,8620
2023-05-09 21:02:08,l2312,l2312,7756.0,0.0,0.0,0.0,16,7754.0,7757.0,8,7780.0,7756.0,7758.0,7756.0,42.0,1628970.0,8620
2023-05-09 21:02:09,l2312,l2312,7756.0,0.0,0.0,0.0,16,7754.0,7757.0,10,7780.0,7756.0,7758.0,7756.0,42.0,1628970.0,8620
2023-05-09 21:02:09,l2312,l2312,7756.0,0.0,0.0,0.0,16,7754.0,7757.0,11,7780.0,7756.0,7758.0,7756.0,42.0,1628970.0,8620
2023-05-09 21:02:12,l2312,l2312,7756.0,0.0,0.0,0.0,8,7754.0,7756.0,2,7780.0,7756.0,7758.0,7756.0,42.0,1628970.0,8620
2023-05-09 21:02:13,l2312,l2312,7756.0,0.0,0.0,0.0,7,7754.0,7756.0,2,7780.0,7756.0,7758.0,7756.0,42.0,1628970.0,8620
2023-05-09 21:02:14,l2312,l2312,7756.0,0.0,0.0,0.0,7,7754.0,7756.0,6,7780.0,7756.0,7758.0,7756.0,42.0,1628970.0,8620
2023-05-09 21:02:14,l2312,l2312,7756.0,0.0,0.0,0.0,5,7754.0,7756.0,11,7780.0,7756.0,7758.0,7756.0,42.0,1628970.0,8620
2023-05-09 21:02:15,l2312,l2312,7756.0,0.0,0.0,0.0,12,7753.0,7756.0,17,7780.0,7756.0,7758.0,7756.0,42.0,1628970.0,8620
2023-05-09 21:02:15,l2312,l2312,7756.0,0.0,0.0,0.0,11,7753.0,7756.0,19,7780.0,7756.0,7758.0,7756.0,42.0,1628970.0,8620
2023-05-09 21:02:16,l2312,l2312,7756.0,0.0,0.0,0.0,11,7753.0,7755.0,1,7780.0,7756.0,7758.0,7756.0,42.0,1628970.0,8620
2023-05-09 21:02:16,l2312,l2312,7756.0,0.0,0.0,0.0,10,7753.0,7755.0,2,7780.0,7756.0,7758.0,7756.0,42.0,1628970.0,8620
2023-05-09 21:02:18,l2312,l2312,7756.0,0.0,0.0,0.0,11,7753.0,7755.0,1,7780.0,7756.0,7758.0,7756.0,42.0,1628970.0,8620
2023-05-09 21:02:18,l2312,l2312,7756.0,0.0,0.0,0.0,11,7753.0,7756.0,19,7780.0,7756.0,7758.0,7756.0,42.0,1628970.0,8620
2023-05-09 21:02:19,l2312,l2312,7756.0,7.0,271460.0,1.0,1,7756.0,7757.0,1,7780.0,7756.0,7758.0,7756.0,49.0,1900430.0,8621
2023-05-09 21:02:19,l2312,l2312,7756.0,0.0,0.0,0.0,1,7756.0,7758.0,1,7780.0,7756.0,7758.0,7756.0,49.0,1900430.0,8621
2023-05-09 21:02:20,l2312,l2312,7756.0,0.0,0.0,0.0,2,7756.0,7758.0,2,7780.0,7756.0,7758.0,7756.0,49.0,1900430.0,8621
2023-05-09 21:02:20,l2312,l2312,7756.0,0.0,0.0,0.0,2,7756.0,7758.0,1,7780.0,7756.0,7758.0,7756.0,49.0,1900430.0,8621
2023-05-09 21:02:21,l2312,l2312,7756.0,0.0,0.0,0.0,4,7756.0,7759.0,13,7780.0,7756.0,7758.0,7756.0,49.0,1900430.0,8621
2023-05-09 21:02:22,l2312,l2312,7756.0,0.0,0.0,0.0,11,7756.0,7759.0,12,7780.0,7756.0,7758.0,7756.0,49.0,1900430.0,8621
2023-05-09 21:02:22,l2312,l2312,7756.0,0.0,0.0,0.0,11,7756.0,7758.0,1,7780.0,7756.0,7758.0,7756.0,49.0,1900430.0,8621
2023-05-09 21:02:23,l2312,l2312,7756.0,0.0,0.0,0.0,11,7756.0,7758.0,2,7780.0,7756.0,7758.0,7756.0,49.0,1900430.0,8621
2023-05-09 21:02:23,l2312,l2312,7756.0,0.0,0.0,0.0,10,7756.0,7758.0,2,7780.0,7756.0,7758.0,7756.0,49.0,1900430.0,8621
2023-05-09 21:02:24,l2312,l2312,7756.0,0.0,0.0,0.0,10,7756.0,7758.0,3,7780.0,7756.0,7758.0,7756.0,49.0,1900430.0,8621
2023-05-09 21:02:24,l2312,l2312,7756.0,0.0,0.0,0.0,11,7756.0,7758.0,3,7780.0,7756.0,7758.0,7756.0,49.0,1900430.0,8621
2023-05-09 21:02:25,l2312,l2312,7756.0,0.0,0.0,0.0,12,7756.0,7759.0,12,7780.0,7756.0,7758.0,7756.0,49.0,1900430.0,8621
2023-05-09 21:02:25,l2312,l2312,7756.0,0.0,0.0,0.0,1,7757.0,7759.0,17,7780.0,7756.0,7758.0,7756.0,49.0,1900430.0,8621
2023-05-09 21:02:26,l2312,l2312,7756.0,0.0,0.0,0.0,3,7757.0,7759.0,16,7780.0,7756.0,7758.0,7756.0,49.0,1900430.0,8621
2023-05-09 21:02:26,l2312,l2312,7756.0,0.0,0.0,0.0,6,7757.0,7759.0,8,7780.0,7756.0,7758.0,7756.0,49.0,1900430.0,8621
2023-05-09 21:02:27,l2312,l2312,7756.0,0.0,0.0,0.0,9,7757.0,7759.0,6,7780.0,7756.0,7758.0,7756.0,49.0,1900430.0,8621
2023-05-09 21:02:27,l2312,l2312,7756.0,0.0,0.0,0.0,12,7757.0,7759.0,2,7780.0,7756.0,7758.0,7756.0,49.0,1900430.0,8621
2023-05-09 21:02:28,l2312,l2312,7756.0,0.0,0.0,0.0,12,7757.0,7760.0,12,7780.0,7756.0,7758.0,7756.0,49.0,1900430.0,8621
2023-05-09 21:02:28,l2312,l2312,7756.0,0.0,0.0,0.0,13,7757.0,7760.0,11,7780.0,7756.0,7758.0,7756.0,49.0,1900430.0,8621
2023-05-09 21:02:29,l2312,l2312,7760.0,12.0,465620.0,2.0,2,7761.0,7762.0,1,7780.0,7756.0,7761.0,7756.0,61.0,2366050.0,8623
2023-05-09 21:02:29,l2312,l2312,7760.0,0.0,0.0,0.0,4,7761.0,7764.0,8,7780.0,7756.0,7761.0,7756.0,61.0,2366050.0,8623
2023-05-09 21:02:30,l2312,l2312,7760.0,0.0,0.0,0.0,8,7761.0,7763.0,2,7780.0,7756.0,7761.0,7756.0,61.0,2366050.0,8623
2023-05-09 21:02:30,l2312,l2312,7760.0,0.0,0.0,0.0,9,7761.0,7763.0,2,7780.0,7756.0,7761.0,7756.0,61.0,2366050.0,8623
2023-05-09 21:02:31,l2312,l2312,7760.0,0.0,0.0,0.0,12,7761.0,7763.0,1,7780.0,7756.0,7761.0,7756.0,61.0,2366050.0,8623
2023-05-09 21:02:31,l2312,l2312,7760.0,15.0,582045.0,6.0,3,7759.0,7760.0,2,7780.0,7756.0,7761.0,7756.0,76.0,2948095.0,8629
2023-05-09 21:02:32,l2312,l2312,7760.0,0.0,0.0,0.0,1,7759.0,7760.0,2,7780.0,7756.0,7761.0,7756.0,76.0,2948095.0,8629
2023-05-09 21:02:32,l2312,l2312,7760.0,0.0,0.0,0.0,2,7759.0,7760.0,2,7780.0,7756.0,7761.0,7756.0,76.0,2948095.0,8629
2023-05-09 21:02:33,l2312,l2312,7760.0,0.0,0.0,0.0,13,7758.0,7760.0,2,7780.0,7756.0,7761.0,7756.0,76.0,2948095.0,8629
2023-05-09 21:02:33,l2312,l2312,7760.0,0.0,0.0,0.0,8,7758.0,7760.0,4,7780.0,7756.0,7761.0,7756.0,76.0,2948095.0,8629
2023-05-09 21:02:34,l2312,l2312,7760.0,0.0,0.0,0.0,6,7758.0,7759.0,1,7780.0,7756.0,7761.0,7756.0,76.0,2948095.0,8629
2023-05-09 21:02:34,l2312,l2312,7760.0,0.0,0.0,0.0,1,7758.0,7759.0,2,7780.0,7756.0,7761.0,7756.0,76.0,2948095.0,8629
2023-05-09 21:02:35,l2312,l2312,7760.0,0.0,0.0,0.0,8,7757.0,7759.0,2,7780.0,7756.0,7761.0,7756.0,76.0,2948095.0,8629
2023-05-09 21:02:35,l2312,l2312,7760.0,0.0,0.0,0.0,11,7757.0,7760.0,13,7780.0,7756.0,7761.0,7756.0,76.0,2948095.0,8629
2023-05-09 21:02:36,l2312,l2312,7760.0,0.0,0.0,0.0,2,7758.0,7760.0,12,7780.0,7756.0,7761.0,7756.0,76.0,2948095.0,8629
2023-05-09 21:02:36,l2312,l2312,7760.0,0.0,0.0,0.0,5,7758.0,7760.0,9,7780.0,7756.0,7761.0,7756.0,76.0,2948095.0,8629
2023-05-09 21:02:37,l2312,l2312,7760.0,0.0,0.0,0.0,1,7759.0,7760.0,9,7780.0,7756.0,7761.0,7756.0,76.0,2948095.0,8629
2023-05-09 21:02:37,l2312,l2312,7761.0,8.0,310405.0,4.0,2,7760.0,7761.0,9,7780.0,7756.0,7761.0,7756.0,84.0,3258500.0,8633
2023-05-09 21:02:38,l2312,l2312,7761.0,0.0,0.0,0.0,2,7760.0,7761.0,3,7780.0,7756.0,7761.0,7756.0,84.0,3258500.0,8633
2023-05-09 21:02:38,l2312,l2312,7761.0,0.0,0.0,0.0,3,7760.0,7761.0,4,7780.0,7756.0,7761.0,7756.0,84.0,3258500.0,8633
2023-05-09 21:02:39,l2312,l2312,7760.0,3.0,116400.0,1.0,5,7759.0,7760.0,2,7780.0,7756.0,7761.0,7756.0,87.0,3374900.0,8634
2023-05-09 21:02:39,l2312,l2312,7759.0,12.0,465500.0,-1.0,4,7757.0,7759.0,1,7780.0,7756.0,7761.0,7756.0,99.0,3840400.0,8633
2023-05-09 21:02:40,l2312,l2312,7759.0,0.0,0.0,0.0,7,7757.0,7759.0,1,7780.0,7756.0,7761.0,7756.0,99.0,3840400.0,8633
2023-05-09 21:02:40,l2312,l2312,7759.0,0.0,0.0,0.0,11,7757.0,7759.0,1,7780.0,7756.0,7761.0,7756.0,99.0,3840400.0,8633
2023-05-09 21:02:41,l2312,l2312,7759.0,0.0,0.0,0.0,12,7757.0,7759.0,1,7780.0,7756.0,7761.0,7756.0,99.0,3840400.0,8633
2023-05-09 21:02:43,l2312,l2312,7759.0,0.0,0.0,0.0,3,7758.0,7760.0,15,7780.0,7756.0,7761.0,7756.0,99.0,3840400.0,8633
2023-05-09 21:02:43,l2312,l2312,7759.0,0.0,0.0,0.0,15,7757.0,7759.0,5,7780.0,7756.0,7761.0,7756.0,99.0,3840400.0,8633
2023-05-09 21:02:44,l2312,l2312,7759.0,0.0,0.0,0.0,3,7758.0,7759.0,1,7780.0,7756.0,7761.0,7756.0,99.0,3840400.0,8633
2023-05-09 21:02:44,l2312,l2312,7759.0,0.0,0.0,0.0,7,7758.0,7760.0,14,7780.0,7756.0,7761.0,7756.0,99.0,3840400.0,8633
2023-05-09 21:02:45,l2312,l2312,7759.0,0.0,0.0,0.0,8,7758.0,7760.0,12,7780.0,7756.0,7761.0,7756.0,99.0,3840400.0,8633
2023-05-09 21:02:45,l2312,l2312,7759.0,0.0,0.0,0.0,7,7758.0,7760.0,14,7780.0,7756.0,7761.0,7756.0,99.0,3840400.0,8633
2023-05-09 21:02:46,l2312,l2312,7759.0,0.0,0.0,0.0,8,7758.0,7760.0,12,7780.0,7756.0,7761.0,7756.0,99.0,3840400.0,8633
2023-05-09 21:02:46,l2312,l2312,7761.0,16.0,620825.0,1.0,4,7761.0,7762.0,5,7780.0,7756.0,7761.0,7756.0,115.0,4461225.0,8634
2023-05-09 21:02:47,l2312,l2312,7761.0,5.0,194025.0,3.0,10,7760.0,7761.0,1,7780.0,7756.0,7761.0,7756.0,120.0,4655250.0,8637
2023-05-09 21:02:47,l2312,l2312,7761.0,0.0,0.0,0.0,12,7760.0,7761.0,2,7780.0,7756.0,7761.0,7756.0,120.0,4655250.0,8637
2023-05-09 21:02:48,l2312,l2312,7761.0,0.0,0.0,0.0,13,7760.0,7762.0,17,7780.0,7756.0,7761.0,7756.0,120.0,4655250.0,8637
2023-05-09 21:02:48,l2312,l2312,7761.0,0.0,0.0,0.0,13,7760.0,7762.0,15,7780.0,7756.0,7761.0,7756.0,120.0,4655250.0,8637
2023-05-09 21:02:49,l2312,l2312,7761.0,0.0,0.0,0.0,12,7760.0,7762.0,15,7780.0,7756.0,7761.0,7756.0,120.0,4655250.0,8637
2023-05-09 21:02:51,l2312,l2312,7761.0,0.0,0.0,0.0,11,7760.0,7761.0,1,7780.0,7756.0,7761.0,7756.0,120.0,4655250.0,8637
2023-05-09 21:02:52,l2312,l2312,7761.0,0.0,0.0,0.0,13,7760.0,7762.0,17,7780.0,7756.0,7761.0,7756.0,120.0,4655250.0,8637
2023-05-09 21:02:52,l2312,l2312,7761.0,0.0,0.0,0.0,13,7760.0,7762.0,15,7780.0,7756.0,7761.0,7756.0,120.0,4655250.0,8637
2023-05-09 21:02:53,l2312,l2312,7761.0,0.0,0.0,0.0,11,7760.0,7761.0,1,7780.0,7756.0,7761.0,7756.0,120.0,4655250.0,8637
2023-05-09 21:02:53,l2312,l2312,7761.0,0.0,0.0,0.0,12,7760.0,7762.0,18,7780.0,7756.0,7761.0,7756.0,120.0,4655250.0,8637
2023-05-09 21:02:53,l2312,l2312,7761.0,0.0,0.0,0.0,12,7760.0,7762.0,15,7780.0,7756.0,7761.0,7756.0,120.0,4655250.0,8637
2023-05-09 21:02:54,l2312,l2312,7761.0,0.0,0.0,0.0,13,7760.0,7762.0,14,7780.0,7756.0,7761.0,7756.0,120.0,4655250.0,8637
2023-05-09 21:02:58,l2312,l2312,7761.0,0.0,0.0,0.0,14,7760.0,7762.0,12,7780.0,7756.0,7761.0,7756.0,120.0,4655250.0,8637
2023-05-09 21:02:58,l2312,l2312,7761.0,0.0,0.0,0.0,16,7760.0,7762.0,11,7780.0,7756.0,7761.0,7756.0,120.0,4655250.0,8637
2023-05-09 21:02:59,l2312,l2312,7761.0,0.0,0.0,0.0,16,7760.0,7762.0,12,7780.0,7756.0,7761.0,7756.0,120.0,4655250.0,8637
2023-05-09 21:02:59,l2312,l2312,7761.0,0.0,0.0,0.0,16,7760.0,7762.0,11,7780.0,7756.0,7761.0,7756.0,120.0,4655250.0,8637
2023-05-09 21:02:59,l2312,l2312,7761.0,0.0,0.0,0.0,16,7760.0,7762.0,12,7780.0,7756.0,7761.0,7756.0,120.0,4655250.0,8637
2023-05-09 21:03:02,l2312,l2312,7761.0,0.0,0.0,0.0,11,7760.0,7761.0,2,7780.0,7756.0,7761.0,7756.0,120.0,4655250.0,8637
2023-05-09 21:03:02,l2312,l2312,7759.0,17.0,659570.0,-1.0,5,7758.0,7759.0,1,7780.0,7756.0,7761.0,7756.0,137.0,5314820.0,8636
2023-05-09 21:03:03,l2312,l2312,7760.0,7.0,271595.0,0.0,5,7759.0,7761.0,12,7780.0,7756.0,7761.0,7756.0,144.0,5586415.0,8636
2023-05-09 21:03:03,l2312,l2312,7760.0,0.0,0.0,0.0,4,7759.0,7761.0,15,7780.0,7756.0,7761.0,7756.0,144.0,5586415.0,8636
2023-05-09 21:03:04,l2312,l2312,7760.0,0.0,0.0,0.0,6,7759.0,7761.0,14,7780.0,7756.0,7761.0,7756.0,144.0,5586415.0,8636
2023-05-09 21:03:05,l2312,l2312,7761.0,5.0,194025.0,-1.0,1,7761.0,7762.0,8,7780.0,7756.0,7761.0,7756.0,149.0,5780440.0,8635
2023-05-09 21:03:05,l2312,l2312,7762.0,6.0,232855.0,3.0,1,7762.0,7763.0,3,7780.0,7756.0,7762.0,7756.0,155.0,6013295.0,8638
2023-05-09 21:03:06,l2312,l2312,7762.0,0.0,0.0,0.0,4,7762.0,7764.0,14,7780.0,7756.0,7762.0,7756.0,155.0,6013295.0,8638
2023-05-09 21:03:06,l2312,l2312,7762.0,0.0,0.0,0.0,6,7762.0,7764.0,12,7780.0,7756.0,7762.0,7756.0,155.0,6013295.0,8638
2023-05-09 21:03:07,l2312,l2312,7762.0,0.0,0.0,0.0,8,7762.0,7764.0,15,7780.0,7756.0,7762.0,7756.0,155.0,6013295.0,8638
2023-05-09 21:03:07,l2312,l2312,7761.0,13.0,504485.0,4.0,6,7760.0,7761.0,1,7780.0,7756.0,7762.0,7756.0,168.0,6517780.0,8642
2023-05-09 21:03:08,l2312,l2312,7762.0,3.0,116425.0,0.0,1,7762.0,7763.0,4,7780.0,7756.0,7762.0,7756.0,171.0,6634205.0,8642
2023-05-09 21:03:08,l2312,l2312,7762.0,0.0,0.0,0.0,13,7762.0,7764.0,14,7780.0,7756.0,7762.0,7756.0,171.0,6634205.0,8642
2023-05-09 21:03:09,l2312,l2312,7762.0,0.0,0.0,0.0,15,7762.0,7764.0,11,7780.0,7756.0,7762.0,7756.0,171.0,6634205.0,8642
2023-05-09 21:03:09,l2312,l2312,7762.0,0.0,0.0,0.0,15,7762.0,7764.0,7,7780.0,7756.0,7762.0,7756.0,171.0,6634205.0,8642
2023-05-09 21:03:10,l2312,l2312,7762.0,0.0,0.0,0.0,15,7762.0,7764.0,6,7780.0,7756.0,7762.0,7756.0,171.0,6634205.0,8642
2023-05-09 21:03:10,l2312,l2312,7762.0,0.0,0.0,0.0,16,7762.0,7764.0,4,7780.0,7756.0,7762.0,7756.0,171.0,6634205.0,8642
2023-05-09 21:03:11,l2312,l2312,7762.0,0.0,0.0,0.0,16,7762.0,7765.0,16,7780.0,7756.0,7762.0,7756.0,171.0,6634205.0,8642
2023-05-09 21:03:11,l2312,l2312,7762.0,0.0,0.0,0.0,1,7763.0,7765.0,11,7780.0,7756.0,7762.0,7756.0,171.0,6634205.0,8642
2023-05-09 21:03:12,l2312,l2312,7762.0,0.0,0.0,0.0,3,7763.0,7764.0,4,7780.0,7756.0,7762.0,7756.0,171.0,6634205.0,8642
2023-05-09 21:03:12,l2312,l2312,7762.0,0.0,0.0,0.0,3,7763.0,7764.0,3,7780.0,7756.0,7762.0,7756.0,171.0,6634205.0,8642
2023-05-09 21:03:13,l2312,l2312,7762.0,0.0,0.0,0.0,3,7763.0,7764.0,2,7780.0,7756.0,7762.0,7756.0,171.0,6634205.0,8642
2023-05-09 21:03:13,l2312,l2312,7762.0,4.0,155245.0,1.0,9,7762.0,7763.0,1,7780.0,7756.0,7763.0,7756.0,175.0,6789450.0,8643
2023-05-09 21:03:14,l2312,l2312,7762.0,0.0,0.0,0.0,10,7762.0,7763.0,1,7780.0,7756.0,7763.0,7756.0,175.0,6789450.0,8643
2023-05-09 21:03:15,l2312,l2312,7762.0,0.0,0.0,0.0,9,7762.0,7763.0,1,7780.0,7756.0,7763.0,7756.0,175.0,6789450.0,8643
2023-05-09 21:03:15,l2312,l2312,7762.0,0.0,0.0,0.0,10,7762.0,7763.0,1,7780.0,7756.0,7763.0,7756.0,175.0,6789450.0,8643
2023-05-09 21:03:16,l2312,l2312,7763.0,1.0,38815.0,1.0,11,7762.0,7764.0,8,7780.0,7756.0,7763.0,7756.0,176.0,6828265.0,8644
2023-05-09 21:03:16,l2312,l2312,7763.0,0.0,0.0,0.0,14,7762.0,7764.0,1,7780.0,7756.0,7763.0,7756.0,176.0,6828265.0,8644
2023-05-09 21:03:17,l2312,l2312,7763.0,0.0,0.0,0.0,14,7762.0,7765.0,15,7780.0,7756.0,7763.0,7756.0,176.0,6828265.0,8644
2023-05-09 21:03:17,l2312,l2312,7763.0,0.0,0.0,0.0,15,7762.0,7765.0,11,7780.0,7756.0,7763.0,7756.0,176.0,6828265.0,8644
2023-05-09 21:03:22,l2312,l2312,7763.0,0.0,0.0,0.0,5,7763.0,7765.0,8,7780.0,7756.0,7763.0,7756.0,176.0,6828265.0,8644
2023-05-09 21:03:22,l2312,l2312,7763.0,0.0,0.0,0.0,11,7763.0,7765.0,11,7780.0,7756.0,7763.0,7756.0,176.0,6828265.0,8644
2023-05-09 21:03:23,l2312,l2312,7763.0,0.0,0.0,0.0,12,7763.0,7765.0,12,7780.0,7756.0,7763.0,7756.0,176.0,6828265.0,8644
2023-05-09 21:03:23,l2312,l2312,7763.0,0.0,0.0,0.0,13,7763.0,7765.0,12,7780.0,7756.0,7763.0,7756.0,176.0,6828265.0,8644
2023-05-09 21:03:24,l2312,l2312,7763.0,0.0,0.0,0.0,9,7763.0,7764.0,1,7780.0,7756.0,7763.0,7756.0,176.0,6828265.0,8644
2023-05-09 21:03:25,l2312,l2312,7763.0,0.0,0.0,0.0,7,7763.0,7765.0,18,7780.0,7756.0,7763.0,7756.0,176.0,6828265.0,8644
2023-05-09 21:03:25,l2312,l2312,7763.0,0.0,0.0,0.0,7,7763.0,7765.0,15,7780.0,7756.0,7763.0,7756.0,176.0,6828265.0,8644
2023-05-09 21:03:26,l2312,l2312,7763.0,0.0,0.0,0.0,8,7763.0,7765.0,15,7780.0,7756.0,7763.0,7756.0,176.0,6828265.0,8644
2023-05-09 21:03:26,l2312,l2312,7763.0,0.0,0.0,0.0,9,7763.0,7765.0,15,7780.0,7756.0,7763.0,7756.0,176.0,6828265.0,8644
2023-05-09 21:03:30,l2312,l2312,7763.0,0.0,0.0,0.0,10,7763.0,7765.0,13,7780.0,7756.0,7763.0,7756.0,176.0,6828265.0,8644
2023-05-09 21:03:30,l2312,l2312,7763.0,0.0,0.0,0.0,10,7763.0,7765.0,14,7780.0,7756.0,7763.0,7756.0,176.0,6828265.0,8644
2023-05-09 21:03:31,l2312,l2312,7763.0,0.0,0.0,0.0,1,7764.0,7765.0,12,7780.0,7756.0,7763.0,7756.0,176.0,6828265.0,8644
2023-05-09 21:03:32,l2312,l2312,7763.0,0.0,0.0,0.0,3,7764.0,7765.0,9,7780.0,7756.0,7763.0,7756.0,176.0,6828265.0,8644
2023-05-09 21:03:33,l2312,l2312,7763.0,0.0,0.0,0.0,3,7764.0,7765.0,6,7780.0,7756.0,7763.0,7756.0,176.0,6828265.0,8644
2023-05-09 21:03:33,l2312,l2312,7763.0,0.0,0.0,0.0,3,7764.0,7765.0,8,7780.0,7756.0,7763.0,7756.0,176.0,6828265.0,8644
2023-05-09 21:03:33,l2312,l2312,7763.0,0.0,0.0,0.0,3,7764.0,7765.0,9,7780.0,7756.0,7763.0,7756.0,176.0,6828265.0,8644
2023-05-09 21:03:36,l2312,l2312,7763.0,0.0,0.0,0.0,3,7764.0,7765.0,7,7780.0,7756.0,7763.0,7756.0,176.0,6828265.0,8644
2023-05-09 21:03:36,l2312,l2312,7763.0,0.0,0.0,0.0,3,7764.0,7765.0,4,7780.0,7756.0,7763.0,7756.0,176.0,6828265.0,8644
2023-05-09 21:03:37,l2312,l2312,7763.0,0.0,0.0,0.0,4,7764.0,7765.0,1,7780.0,7756.0,7763.0,7756.0,176.0,6828265.0,8644
2023-05-09 21:03:37,l2312,l2312,7763.0,0.0,0.0,0.0,4,7764.0,7766.0,14,7780.0,7756.0,7763.0,7756.0,176.0,6828265.0,8644
2023-05-09 21:03:37,l2312,l2312,7763.0,0.0,0.0,0.0,4,7764.0,7766.0,11,7780.0,7756.0,7763.0,7756.0,176.0,6828265.0,8644
2023-05-09 21:03:38,l2312,l2312,7763.0,0.0,0.0,0.0,8,7764.0,7766.0,7,7780.0,7756.0,7763.0,7756.0,176.0,6828265.0,8644
2023-05-09 21:03:39,l2312,l2312,7763.0,0.0,0.0,0.0,12,7764.0,7766.0,2,7780.0,7756.0,7763.0,7756.0,176.0,6828265.0,8644
2023-05-09 21:03:39,l2312,l2312,7763.0,0.0,0.0,0.0,13,7764.0,7767.0,15,7780.0,7756.0,7763.0,7756.0,176.0,6828265.0,8644
2023-05-09 21:03:40,l2312,l2312,7763.0,0.0,0.0,0.0,15,7764.0,7767.0,10,7780.0,7756.0,7763.0,7756.0,176.0,6828265.0,8644
2023-05-09 21:03:40,l2312,l2312,7763.0,0.0,0.0,0.0,15,7764.0,7767.0,11,7780.0,7756.0,7763.0,7756.0,176.0,6828265.0,8644
2023-05-09 21:03:41,l2312,l2312,7763.0,0.0,0.0,0.0,15,7764.0,7767.0,12,7780.0,7756.0,7763.0,7756.0,176.0,6828265.0,8644
2023-05-09 21:03:42,l2312,l2312,7763.0,0.0,0.0,0.0,15,7764.0,7767.0,11,7780.0,7756.0,7763.0,7756.0,176.0,6828265.0,8644
2023-05-09 21:03:43,l2312,l2312,7763.0,0.0,0.0,0.0,1,7765.0,7767.0,11,7780.0,7756.0,7763.0,7756.0,176.0,6828265.0,8644
2023-05-09 21:03:43,l2312,l2312,7763.0,0.0,0.0,0.0,4,7765.0,7767.0,11,7780.0,7756.0,7763.0,7756.0,176.0,6828265.0,8644
2023-05-09 21:03:44,l2312,l2312,7763.0,0.0,0.0,0.0,6,7765.0,7767.0,11,7780.0,7756.0,7763.0,7756.0,176.0,6828265.0,8644
2023-05-09 21:03:45,l2312,l2312,7763.0,0.0,0.0,0.0,7,7765.0,7767.0,11,7780.0,7756.0,7763.0,7756.0,176.0,6828265.0,8644
2023-05-09 21:03:45,l2312,l2312,7763.0,0.0,0.0,0.0,7,7765.0,7767.0,12,7780.0,7756.0,7763.0,7756.0,176.0,6828265.0,8644
2023-05-09 21:03:47,l2312,l2312,7763.0,0.0,0.0,0.0,9,7765.0,7767.0,10,7780.0,7756.0,7763.0,7756.0,176.0,6828265.0,8644
2023-05-09 21:03:47,l2312,l2312,7763.0,0.0,0.0,0.0,8,7765.0,7767.0,11,7780.0,7756.0,7763.0,7756.0,176.0,6828265.0,8644
2023-05-09 21:03:48,l2312,l2312,7763.0,0.0,0.0,0.0,8,7765.0,7767.0,12,7780.0,7756.0,7763.0,7756.0,176.0,6828265.0,8644
2023-05-09 21:03:48,l2312,l2312,7763.0,0.0,0.0,0.0,8,7765.0,7767.0,11,7780.0,7756.0,7763.0,7756.0,176.0,6828265.0,8644
2023-05-09 21:03:49,l2312,l2312,7763.0,0.0,0.0,0.0,9,7765.0,7767.0,9,7780.0,7756.0,7763.0,7756.0,176.0,6828265.0,8644
2023-05-09 21:03:49,l2312,l2312,7763.0,0.0,0.0,0.0,12,7765.0,7767.0,8,7780.0,7756.0,7763.0,7756.0,176.0,6828265.0,8644
2023-05-09 21:03:50,l2312,l2312,7763.0,0.0,0.0,0.0,12,7765.0,7767.0,9,7780.0,7756.0,7763.0,7756.0,176.0,6828265.0,8644
2023-05-09 21:03:51,l2312,l2312,7763.0,0.0,0.0,0.0,12,7765.0,7767.0,8,7780.0,7756.0,7763.0,7756.0,176.0,6828265.0,8644
2023-05-09 21:03:51,l2312,l2312,7763.0,0.0,0.0,0.0,12,7765.0,7767.0,9,7780.0,7756.0,7763.0,7756.0,176.0,6828265.0,8644
2023-05-09 21:03:53,l2312,l2312,7764.0,5.0,194100.0,-2.0,6,7765.0,7767.0,9,7780.0,7756.0,7764.0,7756.0,181.0,7022365.0,8642
2023-05-09 21:03:53,l2312,l2312,7764.0,13.0,504690.0,-2.0,5,7763.0,7764.0,3,7780.0,7756.0,7765.0,7756.0,194.0,7527055.0,8640
2023-05-09 21:03:54,l2312,l2312,7764.0,0.0,0.0,0.0,6,7763.0,7764.0,4,7780.0,7756.0,7765.0,7756.0,194.0,7527055.0,8640
2023-05-09 21:03:54,l2312,l2312,7764.0,0.0,0.0,0.0,8,7763.0,7764.0,4,7780.0,7756.0,7765.0,7756.0,194.0,7527055.0,8640
2023-05-09 21:03:55,l2312,l2312,7764.0,0.0,0.0,0.0,9,7763.0,7764.0,4,7780.0,7756.0,7765.0,7756.0,194.0,7527055.0,8640
2023-05-09 21:03:56,l2312,l2312,7764.0,4.0,155280.0,-2.0,3,7764.0,7765.0,12,7780.0,7756.0,7765.0,7756.0,198.0,7682335.0,8638
2023-05-09 21:03:56,l2312,l2312,7764.0,0.0,0.0,0.0,4,7764.0,7765.0,8,7780.0,7756.0,7765.0,7756.0,198.0,7682335.0,8638
2023-05-09 21:03:57,l2312,l2312,7764.0,0.0,0.0,0.0,4,7764.0,7765.0,7,7780.0,7756.0,7765.0,7756.0,198.0,7682335.0,8638
2023-05-09 21:03:58,l2312,l2312,7764.0,0.0,0.0,0.0,13,7763.0,7765.0,12,7780.0,7756.0,7765.0,7756.0,198.0,7682335.0,8638
2023-05-09 21:03:58,l2312,l2312,7764.0,0.0,0.0,0.0,13,7763.0,7765.0,13,7780.0,7756.0,7765.0,7756.0,198.0,7682335.0,8638
2023-05-09 21:03:59,l2312,l2312,7764.0,0.0,0.0,0.0,12,7763.0,7765.0,13,7780.0,7756.0,7765.0,7756.0,198.0,7682335.0,8638
2023-05-09 21:04:00,l2312,l2312,7764.0,0.0,0.0,0.0,10,7763.0,7765.0,16,7780.0,7756.0,7765.0,7756.0,198.0,7682335.0,8638
2023-05-09 21:04:00,l2312,l2312,7764.0,0.0,0.0,0.0,4,7764.0,7765.0,10,7780.0,7756.0,7765.0,7756.0,198.0,7682335.0,8638
2023-05-09 21:04:01,l2312,l2312,7764.0,0.0,0.0,0.0,10,7763.0,7764.0,1,7780.0,7756.0,7765.0,7756.0,198.0,7682335.0,8638
2023-05-09 21:04:01,l2312,l2312,7764.0,0.0,0.0,0.0,5,7763.0,7764.0,1,7780.0,7756.0,7765.0,7756.0,198.0,7682335.0,8638
2023-05-09 21:04:02,l2312,l2312,7764.0,0.0,0.0,0.0,1,7763.0,7764.0,3,7780.0,7756.0,7765.0,7756.0,198.0,7682335.0,8638
2023-05-09 21:04:02,l2312,l2312,7764.0,0.0,0.0,0.0,13,7762.0,7764.0,5,7780.0,7756.0,7765.0,7756.0,198.0,7682335.0,8638
2023-05-09 21:04:03,l2312,l2312,7764.0,1.0,38820.0,0.0,3,7764.0,7765.0,11,7780.0,7756.0,7765.0,7756.0,199.0,7721155.0,8638
2023-05-09 21:04:03,l2312,l2312,7764.0,0.0,0.0,0.0,1,7764.0,7765.0,12,7780.0,7756.0,7765.0,7756.0,199.0,7721155.0,8638
2023-05-09 21:04:03,l2312,l2312,7764.0,0.0,0.0,0.0,1,7764.0,7765.0,13,7780.0,7756.0,7765.0,7756.0,199.0,7721155.0,8638
2023-05-09 21:04:05,l2312,l2312,7764.0,0.0,0.0,0.0,6,7764.0,7765.0,8,7780.0,7756.0,7765.0,7756.0,199.0,7721155.0,8638
2023-05-09 21:04:06,l2312,l2312,7764.0,0.0,0.0,0.0,10,7764.0,7765.0,4,7780.0,7756.0,7765.0,7756.0,199.0,7721155.0,8638
2023-05-09 21:04:07,l2312,l2312,7764.0,0.0,0.0,0.0,11,7764.0,7765.0,4,7780.0,7756.0,7765.0,7756.0,199.0,7721155.0,8638
2023-05-09 21:04:07,l2312,l2312,7764.0,0.0,0.0,0.0,9,7764.0,7765.0,4,7780.0,7756.0,7765.0,7756.0,199.0,7721155.0,8638
2023-05-09 21:04:08,l2312,l2312,7764.0,0.0,0.0,0.0,11,7764.0,7765.0,4,7780.0,7756.0,7765.0,7756.0,199.0,7721155.0,8638
2023-05-09 21:04:08,l2312,l2312,7765.0,4.0,155300.0,0.0,5,7765.0,7766.0,6,7780.0,7756.0,7765.0,7756.0,203.0,7876455.0,8638
2023-05-09 21:04:09,l2312,l2312,7766.0,6.0,232980.0,1.0,2,7766.0,7767.0,6,7780.0,7756.0,7766.0,7756.0,209.0,8109435.0,8639
2023-05-09 21:04:09,l2312,l2312,7766.0,0.0,0.0,0.0,2,7766.0,7767.0,10,7780.0,7756.0,7766.0,7756.0,209.0,8109435.0,8639
2023-05-09 21:04:10,l2312,l2312,7766.0,0.0,0.0,0.0,2,7766.0,7767.0,11,7780.0,7756.0,7766.0,7756.0,209.0,8109435.0,8639
2023-05-09 21:04:10,l2312,l2312,7768.0,12.0,466040.0,5.0,2,7768.0,7769.0,7,7780.0,7756.0,7768.0,7756.0,221.0,8575475.0,8644
2023-05-09 21:04:11,l2312,l2312,7768.0,0.0,0.0,0.0,2,7768.0,7769.0,5,7780.0,7756.0,7768.0,7756.0,221.0,8575475.0,8644
2023-05-09 21:04:11,l2312,l2312,7768.0,0.0,0.0,0.0,2,7768.0,7769.0,10,7780.0,7756.0,7768.0,7756.0,221.0,8575475.0,8644
2023-05-09 21:04:12,l2312,l2312,7768.0,0.0,0.0,0.0,2,7768.0,7769.0,12,7780.0,7756.0,7768.0,7756.0,221.0,8575475.0,8644
2023-05-09 21:04:13,l2312,l2312,7768.0,0.0,0.0,0.0,2,7768.0,7769.0,11,7780.0,7756.0,7768.0,7756.0,221.0,8575475.0,8644
2023-05-09 21:04:16,l2312,l2312,7768.0,2.0,77680.0,0.0,13,7767.0,7769.0,12,7780.0,7756.0,7768.0,7756.0,223.0,8653155.0,8644
2023-05-09 21:04:17,l2312,l2312,7768.0,0.0,0.0,0.0,15,7767.0,7769.0,10,7780.0,7756.0,7768.0,7756.0,223.0,8653155.0,8644
2023-05-09 21:04:18,l2312,l2312,7768.0,0.0,0.0,0.0,15,7767.0,7769.0,11,7780.0,7756.0,7768.0,7756.0,223.0,8653155.0,8644
2023-05-09 21:04:19,l2312,l2312,7768.0,0.0,0.0,0.0,14,7767.0,7769.0,12,7780.0,7756.0,7768.0,7756.0,223.0,8653155.0,8644
2023-05-09 21:04:19,l2312,l2312,7767.0,16.0,621360.0,-4.0,5,7766.0,7767.0,1,7780.0,7756.0,7768.0,7756.0,239.0,9274515.0,8640
2023-05-09 21:04:20,l2312,l2312,7767.0,0.0,0.0,0.0,1,7766.0,7767.0,8,7780.0,7756.0,7768.0,7756.0,239.0,9274515.0,8640
2023-05-09 21:04:20,l2312,l2312,7767.0,0.0,0.0,0.0,1,7766.0,7767.0,12,7780.0,7756.0,7768.0,7756.0,239.0,9274515.0,8640
2023-05-09 21:04:21,l2312,l2312,7766.0,1.0,38830.0,-1.0,9,7765.0,7766.0,2,7780.0,7756.0,7768.0,7756.0,240.0,9313345.0,8639
2023-05-09 21:04:21,l2312,l2312,7766.0,0.0,0.0,0.0,4,7765.0,7766.0,6,7780.0,7756.0,7768.0,7756.0,240.0,9313345.0,8639
2023-05-09 21:04:22,l2312,l2312,7766.0,0.0,0.0,0.0,13,7764.0,7766.0,11,7780.0,7756.0,7768.0,7756.0,240.0,9313345.0,8639
2023-05-09 21:04:22,l2312,l2312,7766.0,0.0,0.0,0.0,13,7764.0,7766.0,12,7780.0,7756.0,7768.0,7756.0,240.0,9313345.0,8639
2023-05-09 21:04:24,l2312,l2312,7766.0,0.0,0.0,0.0,9,7764.0,7765.0,3,7780.0,7756.0,7768.0,7756.0,240.0,9313345.0,8639
2023-05-09 21:04:24,l2312,l2312,7766.0,0.0,0.0,0.0,6,7764.0,7765.0,3,7780.0,7756.0,7768.0,7756.0,240.0,9313345.0,8639
2023-05-09 21:04:25,l2312,l2312,7766.0,0.0,0.0,0.0,2,7764.0,7765.0,3,7780.0,7756.0,7768.0,7756.0,240.0,9313345.0,8639
2023-05-09 21:04:25,l2312,l2312,7766.0,0.0,0.0,0.0,14,7763.0,7765.0,4,7780.0,7756.0,7768.0,7756.0,240.0,9313345.0,8639
2023-05-09 21:04:26,l2312,l2312,7766.0,0.0,0.0,0.0,3,7764.0,7765.0,1,7780.0,7756.0,7768.0,7756.0,240.0,9313345.0,8639
2023-05-09 21:04:26,l2312,l2312,7766.0,0.0,0.0,0.0,4,7764.0,7766.0,14,7780.0,7756.0,7768.0,7756.0,240.0,9313345.0,8639
2023-05-09 21:04:27,l2312,l2312,7766.0,0.0,0.0,0.0,12,7763.0,7765.0,6,7780.0,7756.0,7768.0,7756.0,240.0,9313345.0,8639
2023-05-09 21:04:28,l2312,l2312,7766.0,0.0,0.0,0.0,13,7763.0,7765.0,11,7780.0,7756.0,7768.0,7756.0,240.0,9313345.0,8639
2023-05-09 21:04:28,l2312,l2312,7766.0,0.0,0.0,0.0,13,7763.0,7765.0,12,7780.0,7756.0,7768.0,7756.0,240.0,9313345.0,8639
2023-05-09 21:04:29,l2312,l2312,7766.0,0.0,0.0,0.0,12,7763.0,7765.0,12,7780.0,7756.0,7768.0,7756.0,240.0,9313345.0,8639
2023-05-09 21:04:34,l2312,l2312,7766.0,0.0,0.0,0.0,6,7763.0,7764.0,4,7780.0,7756.0,7768.0,7756.0,240.0,9313345.0,8639
2023-05-09 21:04:34,l2312,l2312,7766.0,0.0,0.0,0.0,2,7763.0,7764.0,4,7780.0,7756.0,7768.0,7756.0,240.0,9313345.0,8639
2023-05-09 21:04:35,l2312,l2312,7766.0,0.0,0.0,0.0,12,7762.0,7764.0,5,7780.0,7756.0,7768.0,7756.0,240.0,9313345.0,8639
2023-05-09 21:04:35,l2312,l2312,7766.0,0.0,0.0,0.0,13,7762.0,7764.0,10,7780.0,7756.0,7768.0,7756.0,240.0,9313345.0,8639
2023-05-09 21:04:36,l2312,l2312,7766.0,0.0,0.0,0.0,6,7762.0,7763.0,4,7780.0,7756.0,7768.0,7756.0,240.0,9313345.0,8639
2023-05-09 21:04:36,l2312,l2312,7762.0,9.0,349290.0,3.0,3,7761.0,7762.0,1,7780.0,7756.0,7768.0,7756.0,249.0,9662635.0,8642
2023-05-09 21:04:37,l2312,l2312,7762.0,0.0,0.0,0.0,6,7761.0,7762.0,1,7780.0,7756.0,7768.0,7756.0,249.0,9662635.0,8642
2023-05-09 21:04:37,l2312,l2312,7762.0,0.0,0.0,0.0,4,7761.0,7762.0,1,7780.0,7756.0,7768.0,7756.0,249.0,9662635.0,8642
2023-05-09 21:04:38,l2312,l2312,7762.0,0.0,0.0,0.0,1,7761.0,7762.0,4,7780.0,7756.0,7768.0,7756.0,249.0,9662635.0,8642
2023-05-09 21:04:38,l2312,l2312,7762.0,0.0,0.0,0.0,12,7760.0,7762.0,8,7780.0,7756.0,7768.0,7756.0,249.0,9662635.0,8642
2023-05-09 21:04:39,l2312,l2312,7762.0,0.0,0.0,0.0,13,7760.0,7762.0,13,7780.0,7756.0,7768.0,7756.0,249.0,9662635.0,8642
2023-05-09 21:04:39,l2312,l2312,7762.0,0.0,0.0,0.0,13,7760.0,7762.0,12,7780.0,7756.0,7768.0,7756.0,249.0,9662635.0,8642
2023-05-09 21:04:39,l2312,l2312,7762.0,0.0,0.0,0.0,12,7760.0,7762.0,12,7780.0,7756.0,7768.0,7756.0,249.0,9662635.0,8642
2023-05-09 21:04:45,l2312,l2312,7762.0,0.0,0.0,0.0,7,7760.0,7761.0,3,7780.0,7756.0,7768.0,7756.0,249.0,9662635.0,8642
2023-05-09 21:04:46,l2312,l2312,7762.0,0.0,0.0,0.0,2,7760.0,7761.0,3,7780.0,7756.0,7768.0,7756.0,249.0,9662635.0,8642
2023-05-09 21:04:46,l2312,l2312,7762.0,0.0,0.0,0.0,4,7760.0,7762.0,14,7780.0,7756.0,7768.0,7756.0,249.0,9662635.0,8642
2023-05-09 21:04:47,l2312,l2312,7762.0,0.0,0.0,0.0,3,7760.0,7761.0,1,7780.0,7756.0,7768.0,7756.0,249.0,9662635.0,8642
2023-05-09 21:04:47,l2312,l2312,7762.0,0.0,0.0,0.0,4,7760.0,7762.0,14,7780.0,7756.0,7768.0,7756.0,249.0,9662635.0,8642
2023-05-09 21:04:48,l2312,l2312,7762.0,0.0,0.0,0.0,3,7760.0,7761.0,1,7780.0,7756.0,7768.0,7756.0,249.0,9662635.0,8642
2023-05-09 21:04:48,l2312,l2312,7762.0,0.0,0.0,0.0,3,7761.0,7762.0,7,7780.0,7756.0,7768.0,7756.0,249.0,9662635.0,8642
2023-05-09 21:04:49,l2312,l2312,7762.0,0.0,0.0,0.0,11,7760.0,7762.0,11,7780.0,7756.0,7768.0,7756.0,249.0,9662635.0,8642
2023-05-09 21:04:49,l2312,l2312,7762.0,0.0,0.0,0.0,10,7760.0,7762.0,13,7780.0,7756.0,7768.0,7756.0,249.0,9662635.0,8642
2023-05-09 21:04:50,l2312,l2312,7762.0,0.0,0.0,0.0,9,7760.0,7762.0,14,7780.0,7756.0,7768.0,7756.0,249.0,9662635.0,8642
2023-05-09 21:04:52,l2312,l2312,7762.0,0.0,0.0,0.0,10,7760.0,7762.0,14,7780.0,7756.0,7768.0,7756.0,249.0,9662635.0,8642
2023-05-09 21:04:52,l2312,l2312,7762.0,0.0,0.0,0.0,3,7761.0,7762.0,8,7780.0,7756.0,7768.0,7756.0,249.0,9662635.0,8642
2023-05-09 21:04:53,l2312,l2312,7762.0,0.0,0.0,0.0,3,7761.0,7762.0,5,7780.0,7756.0,7768.0,7756.0,249.0,9662635.0,8642
2023-05-09 21:04:53,l2312,l2312,7762.0,0.0,0.0,0.0,4,7761.0,7763.0,14,7780.0,7756.0,7768.0,7756.0,249.0,9662635.0,8642
2023-05-09 21:04:55,l2312,l2312,7762.0,0.0,0.0,0.0,14,7760.0,7762.0,4,7780.0,7756.0,7768.0,7756.0,249.0,9662635.0,8642
2023-05-09 21:04:57,l2312,l2312,7762.0,0.0,0.0,0.0,4,7761.0,7763.0,14,7780.0,7756.0,7768.0,7756.0,249.0,9662635.0,8642
2023-05-09 21:04:57,l2312,l2312,7762.0,0.0,0.0,0.0,3,7761.0,7762.0,1,7780.0,7756.0,7768.0,7756.0,249.0,9662635.0,8642
2023-05-09 21:04:58,l2312,l2312,7762.0,0.0,0.0,0.0,1,7761.0,7762.0,4,7780.0,7756.0,7768.0,7756.0,249.0,9662635.0,8642
2023-05-09 21:04:58,l2312,l2312,7762.0,0.0,0.0,0.0,11,7760.0,7762.0,11,7780.0,7756.0,7768.0,7756.0,249.0,9662635.0,8642
2023-05-09 21:04:59,l2312,l2312,7762.0,0.0,0.0,0.0,12,7760.0,7762.0,12,7780.0,7756.0,7768.0,7756.0,249.0,9662635.0,8642
2023-05-09 21:04:59,l2312,l2312,7762.0,0.0,0.0,0.0,6,7760.0,7761.0,4,7780.0,7756.0,7768.0,7756.0,249.0,9662635.0,8642
2023-05-09 21:05:00,l2312,l2312,7762.0,0.0,0.0,0.0,2,7760.0,7761.0,4,7780.0,7756.0,7768.0,7756.0,249.0,9662635.0,8642
2023-05-09 21:05:00,l2312,l2312,7762.0,0.0,0.0,0.0,4,7760.0,7762.0,14,7780.0,7756.0,7768.0,7756.0,249.0,9662635.0,8642
2023-05-09 21:05:03,l2312,l2312,7762.0,0.0,0.0,0.0,12,7759.0,7761.0,5,7780.0,7756.0,7768.0,7756.0,249.0,9662635.0,8642
2023-05-09 21:05:03,l2312,l2312,7762.0,0.0,0.0,0.0,7,7759.0,7760.0,3,7780.0,7756.0,7768.0,7756.0,249.0,9662635.0,8642
2023-05-09 21:05:04,l2312,l2312,7762.0,0.0,0.0,0.0,4,7759.0,7761.0,13,7780.0,7756.0,7768.0,7756.0,249.0,9662635.0,8642
2023-05-09 21:05:04,l2312,l2312,7762.0,0.0,0.0,0.0,3,7760.0,7761.0,7,7780.0,7756.0,7768.0,7756.0,249.0,9662635.0,8642
2023-05-09 21:05:05,l2312,l2312,7762.0,0.0,0.0,0.0,4,7760.0,7761.0,5,7780.0,7756.0,7768.0,7756.0,249.0,9662635.0,8642
2023-05-09 21:05:05,l2312,l2312,7761.0,3.0,116415.0,3.0,1,7761.0,7762.0,8,7780.0,7756.0,7768.0,7756.0,252.0,9779050.0,8645
2023-05-09 21:05:06,l2312,l2312,7761.0,0.0,0.0,0.0,4,7761.0,7762.0,1,7780.0,7756.0,7768.0,7756.0,252.0,9779050.0,8645
2023-05-09 21:05:06,l2312,l2312,7761.0,0.0,0.0,0.0,7,7761.0,7762.0,1,7780.0,7756.0,7768.0,7756.0,252.0,9779050.0,8645
2023-05-09 21:05:06,l2312,l2312,7761.0,0.0,0.0,0.0,9,7761.0,7762.0,1,7780.0,7756.0,7768.0,7756.0,252.0,9779050.0,8645
2023-05-09 21:05:07,l2312,l2312,7761.0,0.0,0.0,0.0,6,7761.0,7762.0,4,7780.0,7756.0,7768.0,7756.0,252.0,9779050.0,8645
2023-05-09 21:05:08,l2312,l2312,7761.0,0.0,0.0,0.0,5,7761.0,7762.0,7,7780.0,7756.0,7768.0,7756.0,252.0,9779050.0,8645
2023-05-09 21:05:08,l2312,l2312,7760.0,11.0,426825.0,4.0,5,7759.0,7760.0,1,7780.0,7756.0,7768.0,7756.0,263.0,10205875.0,8649
2023-05-09 21:05:09,l2312,l2312,7760.0,0.0,0.0,0.0,3,7759.0,7760.0,2,7780.0,7756.0,7768.0,7756.0,263.0,10205875.0,8649
2023-05-09 21:05:09,l2312,l2312,7760.0,0.0,0.0,0.0,4,7759.0,7760.0,1,7780.0,7756.0,7768.0,7756.0,263.0,10205875.0,8649
2023-05-09 21:05:10,l2312,l2312,7760.0,0.0,0.0,0.0,1,7759.0,7760.0,5,7780.0,7756.0,7768.0,7756.0,263.0,10205875.0,8649
2023-05-09 21:05:11,l2312,l2312,7760.0,0.0,0.0,0.0,13,7758.0,7760.0,9,7780.0,7756.0,7768.0,7756.0,263.0,10205875.0,8649
2023-05-09 21:05:11,l2312,l2312,7760.0,0.0,0.0,0.0,13,7758.0,7760.0,10,7780.0,7756.0,7768.0,7756.0,263.0,10205875.0,8649
2023-05-09 21:05:11,l2312,l2312,7760.0,0.0,0.0,0.0,13,7758.0,7760.0,11,7780.0,7756.0,7768.0,7756.0,263.0,10205875.0,8649
2023-05-09 21:05:12,l2312,l2312,7760.0,0.0,0.0,0.0,3,7759.0,7760.0,7,7780.0,7756.0,7768.0,7756.0,263.0,10205875.0,8649
2023-05-09 21:05:13,l2312,l2312,7760.0,11.0,426810.0,7.0,2,7760.0,7761.0,7,7780.0,7756.0,7768.0,7756.0,274.0,10632685.0,8656
2023-05-09 21:05:13,l2312,l2312,7760.0,0.0,0.0,0.0,2,7760.0,7761.0,10,7780.0,7756.0,7768.0,7756.0,274.0,10632685.0,8656
2023-05-09 21:05:13,l2312,l2312,7760.0,0.0,0.0,0.0,2,7760.0,7761.0,12,7780.0,7756.0,7768.0,7756.0,274.0,10632685.0,8656
2023-05-09 21:05:16,l2312,l2312,7760.0,0.0,0.0,0.0,2,7760.0,7761.0,11,7780.0,7756.0,7768.0,7756.0,274.0,10632685.0,8656
2023-05-09 21:05:17,l2312,l2312,7760.0,0.0,0.0,0.0,2,7760.0,7761.0,10,7780.0,7756.0,7768.0,7756.0,274.0,10632685.0,8656
2023-05-09 21:05:18,l2312,l2312,7760.0,0.0,0.0,0.0,13,7760.0,7762.0,12,7780.0,7756.0,7768.0,7756.0,274.0,10632685.0,8656
2023-05-09 21:05:19,l2312,l2312,7763.0,8.0,310490.0,4.0,3,7762.0,7763.0,7,7780.0,7756.0,7768.0,7756.0,282.0,10943175.0,8660
2023-05-09 21:05:19,l2312,l2312,7763.0,8.0,310520.0,3.0,4,7763.0,7764.0,7,7780.0,7756.0,7768.0,7756.0,290.0,11253695.0,8663
2023-05-09 21:05:20,l2312,l2312,7763.0,0.0,0.0,0.0,4,7763.0,7764.0,9,7780.0,7756.0,7768.0,7756.0,290.0,11253695.0,8663
2023-05-09 21:05:20,l2312,l2312,7763.0,0.0,0.0,0.0,4,7763.0,7764.0,10,7780.0,7756.0,7768.0,7756.0,290.0,11253695.0,8663
2023-05-09 21:05:21,l2312,l2312,7763.0,0.0,0.0,0.0,4,7763.0,7764.0,8,7780.0,7756.0,7768.0,7756.0,290.0,11253695.0,8663
2023-05-09 21:05:22,l2312,l2312,7763.0,0.0,0.0,0.0,4,7763.0,7764.0,7,7780.0,7756.0,7768.0,7756.0,290.0,11253695.0,8663
2023-05-09 21:05:23,l2312,l2312,7765.0,9.0,349390.0,6.0,2,7764.0,7765.0,9,7780.0,7756.0,7768.0,7756.0,299.0,11603085.0,8669
2023-05-09 21:05:24,l2312,l2312,7765.0,4.0,155300.0,-1.0,2,7764.0,7765.0,7,7780.0,7756.0,7768.0,7756.0,303.0,11758385.0,8668
2023-05-09 21:05:24,l2312,l2312,7766.0,8.0,310615.0,4.0,1,7765.0,7766.0,7,7780.0,7756.0,7768.0,7756.0,311.0,12069000.0,8672
2023-05-09 21:05:25,l2312,l2312,7766.0,3.0,116490.0,1.0,1,7765.0,7766.0,4,7780.0,7756.0,7768.0,7756.0,314.0,12185490.0,8673
2023-05-09 21:05:25,l2312,l2312,7765.0,1.0,38825.0,1.0,9,7764.0,7765.0,3,7780.0,7756.0,7768.0,7756.0,315.0,12224315.0,8674
2023-05-09 21:05:26,l2312,l2312,7765.0,0.0,0.0,0.0,8,7764.0,7765.0,3,7780.0,7756.0,7768.0,7756.0,315.0,12224315.0,8674
2023-05-09 21:05:26,l2312,l2312,7764.0,8.0,310560.0,3.0,1,7764.0,7765.0,7,7780.0,7756.0,7768.0,7756.0,323.0,12534875.0,8677
2023-05-09 21:05:27,l2312,l2312,7764.0,0.0,0.0,0.0,9,7763.0,7765.0,8,7780.0,7756.0,7768.0,7756.0,323.0,12534875.0,8677
2023-05-09 21:05:27,l2312,l2312,7764.0,0.0,0.0,0.0,10,7763.0,7765.0,11,7780.0,7756.0,7768.0,7756.0,323.0,12534875.0,8677
2023-05-09 21:05:28,l2312,l2312,7764.0,0.0,0.0,0.0,8,7763.0,7764.0,3,7780.0,7756.0,7768.0,7756.0,323.0,12534875.0,8677
2023-05-09 21:05:28,l2312,l2312,7764.0,0.0,0.0,0.0,6,7763.0,7764.0,3,7780.0,7756.0,7768.0,7756.0,323.0,12534875.0,8677
2023-05-09 21:05:29,l2312,l2312,7763.0,5.0,194075.0,2.0,6,7762.0,7763.0,2,7780.0,7756.0,7768.0,7756.0,328.0,12728950.0,8679
2023-05-09 21:05:29,l2312,l2312,7763.0,0.0,0.0,0.0,8,7762.0,7763.0,2,7780.0,7756.0,7768.0,7756.0,328.0,12728950.0,8679
2023-05-09 21:05:30,l2312,l2312,7763.0,0.0,0.0,0.0,7,7762.0,7763.0,5,7780.0,7756.0,7768.0,7756.0,328.0,12728950.0,8679
2023-05-09 21:05:30,l2312,l2312,7763.0,0.0,0.0,0.0,6,7762.0,7763.0,6,7780.0,7756.0,7768.0,7756.0,328.0,12728950.0,8679
2023-05-09 21:05:31,l2312,l2312,7762.0,9.0,349285.0,0.0,9,7761.0,7763.0,7,7780.0,7756.0,7768.0,7756.0,337.0,13078235.0,8679
2023-05-09 21:05:31,l2312,l2312,7762.0,0.0,0.0,0.0,12,7761.0,7763.0,9,7780.0,7756.0,7768.0,7756.0,337.0,13078235.0,8679
2023-05-09 21:05:32,l2312,l2312,7762.0,0.0,0.0,0.0,14,7761.0,7763.0,7,7780.0,7756.0,7768.0,7756.0,337.0,13078235.0,8679
2023-05-09 21:05:32,l2312,l2312,7762.0,0.0,0.0,0.0,14,7761.0,7763.0,6,7780.0,7756.0,7768.0,7756.0,337.0,13078235.0,8679
2023-05-09 21:05:34,l2312,l2312,7762.0,0.0,0.0,0.0,11,7761.0,7763.0,12,7780.0,7756.0,7768.0,7756.0,337.0,13078235.0,8679
2023-05-09 21:05:35,l2312,l2312,7762.0,0.0,0.0,0.0,7,7761.0,7763.0,15,7780.0,7756.0,7768.0,7756.0,337.0,13078235.0,8679
2023-05-09 21:05:35,l2312,l2312,7762.0,0.0,0.0,0.0,11,7761.0,7763.0,14,7780.0,7756.0,7768.0,7756.0,337.0,13078235.0,8679
2023-05-09 21:05:36,l2312,l2312,7762.0,0.0,0.0,0.0,12,7761.0,7763.0,13,7780.0,7756.0,7768.0,7756.0,337.0,13078235.0,8679
2023-05-09 21:05:37,l2312,l2312,7762.0,0.0,0.0,0.0,5,7762.0,7763.0,7,7780.0,7756.0,7768.0,7756.0,337.0,13078235.0,8679
2023-05-09 21:05:37,l2312,l2312,7762.0,0.0,0.0,0.0,9,7762.0,7763.0,4,7780.0,7756.0,7768.0,7756.0,337.0,13078235.0,8679
2023-05-09 21:05:38,l2312,l2312,7762.0,0.0,0.0,0.0,9,7762.0,7763.0,1,7780.0,7756.0,7768.0,7756.0,337.0,13078235.0,8679
2023-05-09 21:05:38,l2312,l2312,7762.0,0.0,0.0,0.0,6,7762.0,7763.0,4,7780.0,7756.0,7768.0,7756.0,337.0,13078235.0,8679
2023-05-09 21:05:39,l2312,l2312,7762.0,0.0,0.0,0.0,6,7762.0,7763.0,5,7780.0,7756.0,7768.0,7756.0,337.0,13078235.0,8679
2023-05-09 21:05:39,l2312,l2312,7762.0,0.0,0.0,0.0,2,7762.0,7763.0,9,7780.0,7756.0,7768.0,7756.0,337.0,13078235.0,8679
2023-05-09 21:05:40,l2312,l2312,7762.0,0.0,0.0,0.0,1,7762.0,7763.0,13,7780.0,7756.0,7768.0,7756.0,337.0,13078235.0,8679
2023-05-09 21:05:41,l2312,l2312,7762.0,0.0,0.0,0.0,1,7762.0,7763.0,14,7780.0,7756.0,7768.0,7756.0,337.0,13078235.0,8679
2023-05-09 21:05:41,l2312,l2312,7762.0,0.0,0.0,0.0,7,7761.0,7763.0,14,7780.0,7756.0,7768.0,7756.0,337.0,13078235.0,8679
2023-05-09 21:05:41,l2312,l2312,7762.0,0.0,0.0,0.0,6,7761.0,7763.0,15,7780.0,7756.0,7768.0,7756.0,337.0,13078235.0,8679
2023-05-09 21:05:46,l2312,l2312,7762.0,0.0,0.0,0.0,6,7761.0,7762.0,3,7780.0,7756.0,7768.0,7756.0,337.0,13078235.0,8679
2023-05-09 21:05:51,l2312,l2312,7762.0,0.0,0.0,0.0,5,7761.0,7762.0,4,7780.0,7756.0,7768.0,7756.0,337.0,13078235.0,8679
2023-05-09 21:05:51,l2312,l2312,7762.0,0.0,0.0,0.0,2,7761.0,7762.0,4,7780.0,7756.0,7768.0,7756.0,337.0,13078235.0,8679
2023-05-09 21:05:52,l2312,l2312,7762.0,0.0,0.0,0.0,1,7761.0,7762.0,4,7780.0,7756.0,7768.0,7756.0,337.0,13078235.0,8679
2023-05-09 21:05:54,l2312,l2312,7762.0,0.0,0.0,0.0,12,7760.0,7762.0,7,7780.0,7756.0,7768.0,7756.0,337.0,13078235.0,8679
2023-05-09 21:05:54,l2312,l2312,7762.0,0.0,0.0,0.0,11,7760.0,7761.0,3,7780.0,7756.0,7768.0,7756.0,337.0,13078235.0,8679
2023-05-09 21:05:55,l2312,l2312,7762.0,0.0,0.0,0.0,8,7760.0,7761.0,3,7780.0,7756.0,7768.0,7756.0,337.0,13078235.0,8679
2023-05-09 21:05:57,l2312,l2312,7762.0,0.0,0.0,0.0,12,7760.0,7762.0,13,7780.0,7756.0,7768.0,7756.0,337.0,13078235.0,8679
2023-05-09 21:05:57,l2312,l2312,7762.0,0.0,0.0,0.0,13,7760.0,7762.0,11,7780.0,7756.0,7768.0,7756.0,337.0,13078235.0,8679
2023-05-09 21:05:58,l2312,l2312,7762.0,0.0,0.0,0.0,13,7760.0,7762.0,12,7780.0,7756.0,7768.0,7756.0,337.0,13078235.0,8679
2023-05-09 21:05:58,l2312,l2312,7762.0,0.0,0.0,0.0,14,7760.0,7762.0,12,7780.0,7756.0,7768.0,7756.0,337.0,13078235.0,8679
2023-05-09 21:06:01,l2312,l2312,7762.0,0.0,0.0,0.0,13,7760.0,7762.0,12,7780.0,7756.0,7768.0,7756.0,337.0,13078235.0,8679
2023-05-09 21:06:02,l2312,l2312,7762.0,0.0,0.0,0.0,4,7761.0,7762.0,5,7780.0,7756.0,7768.0,7756.0,337.0,13078235.0,8679
2023-05-09 21:06:03,l2312,l2312,7762.0,0.0,0.0,0.0,6,7761.0,7762.0,1,7780.0,7756.0,7768.0,7756.0,337.0,13078235.0,8679
2023-05-09 21:06:03,l2312,l2312,7762.0,1.0,38810.0,1.0,4,7762.0,7763.0,7,7780.0,7756.0,7768.0,7756.0,338.0,13117045.0,8680
2023-05-09 21:06:04,l2312,l2312,7762.0,0.0,0.0,0.0,10,7762.0,7763.0,2,7780.0,7756.0,7768.0,7756.0,338.0,13117045.0,8680
2023-05-09 21:06:04,l2312,l2312,7763.0,2.0,77630.0,-1.0,5,7763.0,7764.0,6,7780.0,7756.0,7768.0,7756.0,340.0,13194675.0,8679
2023-05-09 21:06:05,l2312,l2312,7764.0,7.0,271750.0,4.0,4,7764.0,7765.0,3,7780.0,7756.0,7768.0,7756.0,347.0,13466425.0,8683
2023-05-09 21:06:05,l2312,l2312,7764.0,0.0,0.0,0.0,5,7764.0,7766.0,11,7780.0,7756.0,7768.0,7756.0,347.0,13466425.0,8683
2023-05-09 21:06:06,l2312,l2312,7764.0,0.0,0.0,0.0,10,7764.0,7766.0,14,7780.0,7756.0,7768.0,7756.0,347.0,13466425.0,8683
2023-05-09 21:06:06,l2312,l2312,7764.0,0.0,0.0,0.0,11,7764.0,7766.0,14,7780.0,7756.0,7768.0,7756.0,347.0,13466425.0,8683
2023-05-09 21:06:08,l2312,l2312,7764.0,0.0,0.0,0.0,10,7764.0,7766.0,14,7780.0,7756.0,7768.0,7756.0,347.0,13466425.0,8683
2023-05-09 21:06:09,l2312,l2312,7764.0,0.0,0.0,0.0,3,7765.0,7766.0,7,7780.0,7756.0,7768.0,7756.0,347.0,13466425.0,8683
2023-05-09 21:06:09,l2312,l2312,7764.0,0.0,0.0,0.0,4,7765.0,7766.0,5,7780.0,7756.0,7768.0,7756.0,347.0,13466425.0,8683
2023-05-09 21:06:10,l2312,l2312,7764.0,0.0,0.0,0.0,5,7765.0,7767.0,14,7780.0,7756.0,7768.0,7756.0,347.0,13466425.0,8683
2023-05-09 21:06:10,l2312,l2312,7764.0,0.0,0.0,0.0,9,7765.0,7767.0,14,7780.0,7756.0,7768.0,7756.0,347.0,13466425.0,8683
2023-05-09 21:06:11,l2312,l2312,7764.0,6.0,232945.0,3.0,4,7764.0,7765.0,2,7780.0,7756.0,7768.0,7756.0,353.0,13699370.0,8686
2023-05-09 21:06:11,l2312,l2312,7764.0,3.0,116460.0,-1.0,8,7763.0,7764.0,1,7780.0,7756.0,7768.0,7756.0,356.0,13815830.0,8685
2023-05-09 21:06:12,l2312,l2312,7764.0,3.0,116460.0,-2.0,7,7763.0,7765.0,8,7780.0,7756.0,7768.0,7756.0,359.0,13932290.0,8683
2023-05-09 21:06:12,l2312,l2312,7764.0,0.0,0.0,0.0,6,7763.0,7765.0,14,7780.0,7756.0,7768.0,7756.0,359.0,13932290.0,8683
2023-05-09 21:06:13,l2312,l2312,7764.0,0.0,0.0,0.0,6,7763.0,7764.0,3,7780.0,7756.0,7768.0,7756.0,359.0,13932290.0,8683
2023-05-09 21:06:14,l2312,l2312,7764.0,0.0,0.0,0.0,7,7763.0,7765.0,15,7780.0,7756.0,7768.0,7756.0,359.0,13932290.0,8683
2023-05-09 21:06:14,l2312,l2312,7764.0,0.0,0.0,0.0,11,7763.0,7765.0,14,7780.0,7756.0,7768.0,7756.0,359.0,13932290.0,8683
2023-05-09 21:06:15,l2312,l2312,7764.0,0.0,0.0,0.0,7,7763.0,7765.0,14,7780.0,7756.0,7768.0,7756.0,359.0,13932290.0,8683
2023-05-09 21:06:15,l2312,l2312,7764.0,0.0,0.0,0.0,10,7763.0,7765.0,14,7780.0,7756.0,7768.0,7756.0,359.0,13932290.0,8683
2023-05-09 21:06:16,l2312,l2312,7764.0,0.0,0.0,0.0,8,7763.0,7764.0,3,7780.0,7756.0,7768.0,7756.0,359.0,13932290.0,8683
2023-05-09 21:06:16,l2312,l2312,7764.0,0.0,0.0,0.0,7,7763.0,7764.0,3,7780.0,7756.0,7768.0,7756.0,359.0,13932290.0,8683
2023-05-09 21:06:18,l2312,l2312,7764.0,0.0,0.0,0.0,3,7763.0,7764.0,5,7780.0,7756.0,7768.0,7756.0,359.0,13932290.0,8683
2023-05-09 21:06:18,l2312,l2312,7764.0,0.0,0.0,0.0,12,7762.0,7764.0,10,7780.0,7756.0,7768.0,7756.0,359.0,13932290.0,8683
2023-05-09 21:06:18,l2312,l2312,7764.0,0.0,0.0,0.0,13,7762.0,7764.0,11,7780.0,7756.0,7768.0,7756.0,359.0,13932290.0,8683
2023-05-09 21:06:24,l2312,l2312,7764.0,0.0,0.0,0.0,1,7763.0,7764.0,8,7780.0,7756.0,7768.0,7756.0,359.0,13932290.0,8683
2023-05-09 21:06:24,l2312,l2312,7764.0,0.0,0.0,0.0,5,7763.0,7764.0,5,7780.0,7756.0,7768.0,7756.0,359.0,13932290.0,8683
2023-05-09 21:06:25,l2312,l2312,7764.0,0.0,0.0,0.0,9,7763.0,7765.0,14,7780.0,7756.0,7768.0,7756.0,359.0,13932290.0,8683
2023-05-09 21:06:25,l2312,l2312,7764.0,0.0,0.0,0.0,11,7763.0,7765.0,14,7780.0,7756.0,7768.0,7756.0,359.0,13932290.0,8683
2023-05-09 21:06:27,l2312,l2312,7764.0,0.0,0.0,0.0,5,7763.0,7764.0,4,7780.0,7756.0,7768.0,7756.0,359.0,13932290.0,8683
2023-05-09 21:06:28,l2312,l2312,7763.0,5.0,194075.0,2.0,6,7762.0,7763.0,4,7780.0,7756.0,7768.0,7756.0,364.0,14126365.0,8685
2023-05-09 21:06:28,l2312,l2312,7763.0,0.0,0.0,0.0,8,7762.0,7763.0,4,7780.0,7756.0,7768.0,7756.0,364.0,14126365.0,8685
2023-05-09 21:06:29,l2312,l2312,7763.0,0.0,0.0,0.0,10,7762.0,7763.0,3,7780.0,7756.0,7768.0,7756.0,364.0,14126365.0,8685
2023-05-09 21:06:30,l2312,l2312,7763.0,0.0,0.0,0.0,10,7762.0,7763.0,4,7780.0,7756.0,7768.0,7756.0,364.0,14126365.0,8685
2023-05-09 21:06:30,l2312,l2312,7763.0,0.0,0.0,0.0,11,7762.0,7763.0,3,7780.0,7756.0,7768.0,7756.0,364.0,14126365.0,8685
2023-05-09 21:06:31,l2312,l2312,7763.0,0.0,0.0,0.0,10,7762.0,7763.0,2,7780.0,7756.0,7768.0,7756.0,364.0,14126365.0,8685
2023-05-09 21:06:31,l2312,l2312,7763.0,0.0,0.0,0.0,11,7762.0,7763.0,2,7780.0,7756.0,7768.0,7756.0,364.0,14126365.0,8685
2023-05-09 21:06:34,l2312,l2312,7763.0,1.0,38815.0,-1.0,11,7762.0,7763.0,1,7780.0,7756.0,7768.0,7756.0,365.0,14165180.0,8684
2023-05-09 21:06:35,l2312,l2312,7763.0,0.0,0.0,0.0,9,7762.0,7763.0,1,7780.0,7756.0,7768.0,7756.0,365.0,14165180.0,8684
2023-05-09 21:06:35,l2312,l2312,7763.0,0.0,0.0,0.0,11,7762.0,7763.0,1,7780.0,7756.0,7768.0,7756.0,365.0,14165180.0,8684
2023-05-09 21:06:36,l2312,l2312,7763.0,0.0,0.0,0.0,12,7762.0,7763.0,1,7780.0,7756.0,7768.0,7756.0,365.0,14165180.0,8684
2023-05-09 21:06:38,l2312,l2312,7763.0,1.0,38815.0,0.0,2,7763.0,7764.0,9,7780.0,7756.0,7768.0,7756.0,366.0,14203995.0,8684
2023-05-09 21:06:38,l2312,l2312,7763.0,0.0,0.0,0.0,3,7763.0,7764.0,6,7780.0,7756.0,7768.0,7756.0,366.0,14203995.0,8684
2023-05-09 21:06:39,l2312,l2312,7763.0,0.0,0.0,0.0,3,7763.0,7764.0,2,7780.0,7756.0,7768.0,7756.0,366.0,14203995.0,8684
2023-05-09 21:06:39,l2312,l2312,7763.0,0.0,0.0,0.0,4,7763.0,7765.0,14,7780.0,7756.0,7768.0,7756.0,366.0,14203995.0,8684
2023-05-09 21:06:41,l2312,l2312,7763.0,0.0,0.0,0.0,7,7763.0,7765.0,14,7780.0,7756.0,7768.0,7756.0,366.0,14203995.0,8684
2023-05-09 21:06:42,l2312,l2312,7763.0,0.0,0.0,0.0,11,7763.0,7765.0,14,7780.0,7756.0,7768.0,7756.0,366.0,14203995.0,8684
2023-05-09 21:06:44,l2312,l2312,7763.0,0.0,0.0,0.0,11,7763.0,7765.0,13,7780.0,7756.0,7768.0,7756.0,366.0,14203995.0,8684
2023-05-09 21:06:49,l2312,l2312,7763.0,0.0,0.0,0.0,12,7763.0,7765.0,11,7780.0,7756.0,7768.0,7756.0,366.0,14203995.0,8684
2023-05-09 21:06:49,l2312,l2312,7763.0,0.0,0.0,0.0,14,7763.0,7765.0,10,7780.0,7756.0,7768.0,7756.0,366.0,14203995.0,8684
2023-05-09 21:06:50,l2312,l2312,7763.0,0.0,0.0,0.0,12,7763.0,7765.0,11,7780.0,7756.0,7768.0,7756.0,366.0,14203995.0,8684
2023-05-09 21:06:50,l2312,l2312,7763.0,0.0,0.0,0.0,14,7763.0,7765.0,9,7780.0,7756.0,7768.0,7756.0,366.0,14203995.0,8684
2023-05-09 21:06:51,l2312,l2312,7763.0,0.0,0.0,0.0,13,7763.0,7765.0,9,7780.0,7756.0,7768.0,7756.0,366.0,14203995.0,8684
2023-05-09 21:06:51,l2312,l2312,7763.0,0.0,0.0,0.0,13,7763.0,7765.0,11,7780.0,7756.0,7768.0,7756.0,366.0,14203995.0,8684
2023-05-09 21:06:52,l2312,l2312,7763.0,0.0,0.0,0.0,14,7763.0,7765.0,9,7780.0,7756.0,7768.0,7756.0,366.0,14203995.0,8684
2023-05-09 21:06:53,l2312,l2312,7763.0,0.0,0.0,0.0,13,7763.0,7765.0,11,7780.0,7756.0,7768.0,7756.0,366.0,14203995.0,8684
2023-05-09 21:06:56,l2312,l2312,7763.0,0.0,0.0,0.0,12,7763.0,7764.0,1,7780.0,7756.0,7768.0,7756.0,366.0,14203995.0,8684
2023-05-09 21:06:57,l2312,l2312,7763.0,0.0,0.0,0.0,7,7763.0,7764.0,3,7780.0,7756.0,7768.0,7756.0,366.0,14203995.0,8684
2023-05-09 21:06:57,l2312,l2312,7763.0,0.0,0.0,0.0,9,7763.0,7765.0,14,7780.0,7756.0,7768.0,7756.0,366.0,14203995.0,8684
2023-05-09 21:06:58,l2312,l2312,7763.0,0.0,0.0,0.0,7,7763.0,7764.0,3,7780.0,7756.0,7768.0,7756.0,366.0,14203995.0,8684
2023-05-09 21:06:58,l2312,l2312,7763.0,0.0,0.0,0.0,9,7763.0,7765.0,14,7780.0,7756.0,7768.0,7756.0,366.0,14203995.0,8684
2023-05-09 21:06:59,l2312,l2312,7763.0,0.0,0.0,0.0,11,7763.0,7765.0,14,7780.0,7756.0,7768.0,7756.0,366.0,14203995.0,8684
2023-05-09 21:06:59,l2312,l2312,7763.0,0.0,0.0,0.0,11,7763.0,7765.0,13,7780.0,7756.0,7768.0,7756.0,366.0,14203995.0,8684
2023-05-09 21:07:01,l2312,l2312,7763.0,0.0,0.0,0.0,4,7763.0,7764.0,5,7780.0,7756.0,7768.0,7756.0,366.0,14203995.0,8684
2023-05-09 21:07:01,l2312,l2312,7763.0,4.0,155260.0,3.0,1,7762.0,7763.0,10,7780.0,7756.0,7768.0,7756.0,370.0,14359255.0,8687
2023-05-09 21:07:02,l2312,l2312,7763.0,0.0,0.0,0.0,13,7761.0,7763.0,12,7780.0,7756.0,7768.0,7756.0,370.0,14359255.0,8687
2023-05-09 21:07:02,l2312,l2312,7763.0,0.0,0.0,0.0,4,7762.0,7763.0,7,7780.0,7756.0,7768.0,7756.0,370.0,14359255.0,8687
2023-05-09 21:07:03,l2312,l2312,7763.0,6.0,232890.0,0.0,9,7763.0,7764.0,3,7780.0,7756.0,7768.0,7756.0,376.0,14592145.0,8687
2023-05-09 21:07:03,l2312,l2312,7763.0,0.0,0.0,0.0,16,7763.0,7765.0,13,7780.0,7756.0,7768.0,7756.0,376.0,14592145.0,8687
2023-05-09 21:07:04,l2312,l2312,7763.0,0.0,0.0,0.0,12,7763.0,7764.0,5,7780.0,7756.0,7768.0,7756.0,376.0,14592145.0,8687
2023-05-09 21:07:04,l2312,l2312,7763.0,1.0,38815.0,0.0,8,7763.0,7764.0,9,7780.0,7756.0,7768.0,7756.0,377.0,14630960.0,8687
2023-05-09 21:07:05,l2312,l2312,7763.0,3.0,116445.0,3.0,2,7763.0,7764.0,9,7780.0,7756.0,7768.0,7756.0,380.0,14747405.0,8690
2023-05-09 21:07:06,l2312,l2312,7763.0,2.0,77630.0,2.0,10,7762.0,7764.0,8,7780.0,7756.0,7768.0,7756.0,382.0,14825035.0,8692
2023-05-09 21:07:06,l2312,l2312,7763.0,0.0,0.0,0.0,12,7762.0,7764.0,6,7780.0,7756.0,7768.0,7756.0,382.0,14825035.0,8692
2023-05-09 21:07:07,l2312,l2312,7763.0,0.0,0.0,0.0,13,7762.0,7764.0,6,7780.0,7756.0,7768.0,7756.0,382.0,14825035.0,8692
2023-05-09 21:07:08,l2312,l2312,7763.0,0.0,0.0,0.0,6,7763.0,7765.0,13,7780.0,7756.0,7768.0,7756.0,382.0,14825035.0,8692
2023-05-09 21:07:08,l2312,l2312,7763.0,0.0,0.0,0.0,10,7763.0,7765.0,11,7780.0,7756.0,7768.0,7756.0,382.0,14825035.0,8692
2023-05-09 21:07:09,l2312,l2312,7763.0,0.0,0.0,0.0,11,7763.0,7765.0,11,7780.0,7756.0,7768.0,7756.0,382.0,14825035.0,8692
2023-05-09 21:07:09,l2312,l2312,7763.0,0.0,0.0,0.0,12,7763.0,7765.0,9,7780.0,7756.0,7768.0,7756.0,382.0,14825035.0,8692
2023-05-09 21:07:10,l2312,l2312,7763.0,0.0,0.0,0.0,11,7763.0,7764.0,1,7780.0,7756.0,7768.0,7756.0,382.0,14825035.0,8692
2023-05-09 21:07:11,l2312,l2312,7763.0,0.0,0.0,0.0,9,7763.0,7765.0,15,7780.0,7756.0,7768.0,7756.0,382.0,14825035.0,8692
2023-05-09 21:07:11,l2312,l2312,7763.0,0.0,0.0,0.0,9,7763.0,7765.0,11,7780.0,7756.0,7768.0,7756.0,382.0,14825035.0,8692
2023-05-09 21:07:12,l2312,l2312,7763.0,0.0,0.0,0.0,9,7763.0,7765.0,12,7780.0,7756.0,7768.0,7756.0,382.0,14825035.0,8692
2023-05-09 21:07:13,l2312,l2312,7763.0,8.0,310520.0,-1.0,10,7762.0,7764.0,3,7780.0,7756.0,7768.0,7756.0,390.0,15135555.0,8691
2023-05-09 21:07:14,l2312,l2312,7763.0,0.0,0.0,0.0,9,7762.0,7763.0,3,7780.0,7756.0,7768.0,7756.0,390.0,15135555.0,8691
2023-05-09 21:07:14,l2312,l2312,7763.0,0.0,0.0,0.0,7,7762.0,7763.0,3,7780.0,7756.0,7768.0,7756.0,390.0,15135555.0,8691
2023-05-09 21:07:15,l2312,l2312,7763.0,0.0,0.0,0.0,6,7762.0,7763.0,3,7780.0,7756.0,7768.0,7756.0,390.0,15135555.0,8691
2023-05-09 21:07:15,l2312,l2312,7763.0,0.0,0.0,0.0,2,7762.0,7763.0,3,7780.0,7756.0,7768.0,7756.0,390.0,15135555.0,8691
2023-05-09 21:07:16,l2312,l2312,7763.0,0.0,0.0,0.0,14,7761.0,7763.0,4,7780.0,7756.0,7768.0,7756.0,390.0,15135555.0,8691
2023-05-09 21:07:16,l2312,l2312,7763.0,0.0,0.0,0.0,12,7761.0,7763.0,11,7780.0,7756.0,7768.0,7756.0,390.0,15135555.0,8691
2023-05-09 21:07:17,l2312,l2312,7763.0,0.0,0.0,0.0,13,7761.0,7763.0,13,7780.0,7756.0,7768.0,7756.0,390.0,15135555.0,8691
2023-05-09 21:07:17,l2312,l2312,7763.0,0.0,0.0,0.0,10,7761.0,7762.0,3,7780.0,7756.0,7768.0,7756.0,390.0,15135555.0,8691
2023-05-09 21:07:18,l2312,l2312,7763.0,0.0,0.0,0.0,10,7761.0,7763.0,15,7780.0,7756.0,7768.0,7756.0,390.0,15135555.0,8691
2023-05-09 21:07:18,l2312,l2312,7763.0,0.0,0.0,0.0,11,7761.0,7763.0,15,7780.0,7756.0,7768.0,7756.0,390.0,15135555.0,8691
2023-05-09 21:07:18,l2312,l2312,7763.0,0.0,0.0,0.0,11,7761.0,7763.0,14,7780.0,7756.0,7768.0,7756.0,390.0,15135555.0,8691
2023-05-09 21:07:20,l2312,l2312,7763.0,0.0,0.0,0.0,12,7761.0,7763.0,12,7780.0,7756.0,7768.0,7756.0,390.0,15135555.0,8691
2023-05-09 21:07:21,l2312,l2312,7763.0,0.0,0.0,0.0,13,7761.0,7763.0,11,7780.0,7756.0,7768.0,7756.0,390.0,15135555.0,8691
2023-05-09 21:07:21,l2312,l2312,7763.0,0.0,0.0,0.0,14,7761.0,7763.0,11,7780.0,7756.0,7768.0,7756.0,390.0,15135555.0,8691
2023-05-09 21:07:23,l2312,l2312,7763.0,0.0,0.0,0.0,13,7761.0,7763.0,11,7780.0,7756.0,7768.0,7756.0,390.0,15135555.0,8691
2023-05-09 21:07:24,l2312,l2312,7763.0,0.0,0.0,0.0,14,7761.0,7763.0,11,7780.0,7756.0,7768.0,7756.0,390.0,15135555.0,8691
2023-05-09 21:07:27,l2312,l2312,7763.0,0.0,0.0,0.0,11,7761.0,7763.0,12,7780.0,7756.0,7768.0,7756.0,390.0,15135555.0,8691
2023-05-09 21:07:27,l2312,l2312,7763.0,0.0,0.0,0.0,10,7761.0,7763.0,15,7780.0,7756.0,7768.0,7756.0,390.0,15135555.0,8691
2023-05-09 21:07:28,l2312,l2312,7763.0,0.0,0.0,0.0,9,7761.0,7763.0,15,7780.0,7756.0,7768.0,7756.0,390.0,15135555.0,8691
2023-05-09 21:07:28,l2312,l2312,7763.0,0.0,0.0,0.0,9,7761.0,7763.0,20,7780.0,7756.0,7768.0,7756.0,390.0,15135555.0,8691
2023-05-09 21:07:29,l2312,l2312,7763.0,0.0,0.0,0.0,6,7761.0,7762.0,3,7780.0,7756.0,7768.0,7756.0,390.0,15135555.0,8691
2023-05-09 21:07:29,l2312,l2312,7763.0,0.0,0.0,0.0,5,7761.0,7762.0,3,7780.0,7756.0,7768.0,7756.0,390.0,15135555.0,8691
2023-05-09 21:07:30,l2312,l2312,7763.0,0.0,0.0,0.0,13,7760.0,7762.0,6,7780.0,7756.0,7768.0,7756.0,390.0,15135555.0,8691
2023-05-09 21:07:30,l2312,l2312,7763.0,0.0,0.0,0.0,12,7760.0,7761.0,2,7780.0,7756.0,7768.0,7756.0,390.0,15135555.0,8691
2023-05-09 21:07:30,l2312,l2312,7763.0,0.0,0.0,0.0,11,7760.0,7761.0,2,7780.0,7756.0,7768.0,7756.0,390.0,15135555.0,8691
2023-05-09 21:07:31,l2312,l2312,7761.0,2.0,77610.0,-2.0,12,7760.0,7762.0,12,7780.0,7756.0,7768.0,7756.0,392.0,15213165.0,8689
2023-05-09 21:07:32,l2312,l2312,7761.0,0.0,0.0,0.0,15,7760.0,7762.0,10,7780.0,7756.0,7768.0,7756.0,392.0,15213165.0,8689
2023-05-09 21:07:32,l2312,l2312,7761.0,0.0,0.0,0.0,12,7760.0,7762.0,12,7780.0,7756.0,7768.0,7756.0,392.0,15213165.0,8689
2023-05-09 21:07:33,l2312,l2312,7761.0,0.0,0.0,0.0,4,7761.0,7762.0,6,7780.0,7756.0,7768.0,7756.0,392.0,15213165.0,8689
2023-05-09 21:07:33,l2312,l2312,7761.0,0.0,0.0,0.0,11,7761.0,7763.0,13,7780.0,7756.0,7768.0,7756.0,392.0,15213165.0,8689
2023-05-09 21:07:34,l2312,l2312,7761.0,0.0,0.0,0.0,12,7761.0,7763.0,14,7780.0,7756.0,7768.0,7756.0,392.0,15213165.0,8689
2023-05-09 21:07:37,l2312,l2312,7761.0,0.0,0.0,0.0,4,7762.0,7763.0,9,7780.0,7756.0,7768.0,7756.0,392.0,15213165.0,8689
2023-05-09 21:07:37,l2312,l2312,7761.0,0.0,0.0,0.0,4,7762.0,7763.0,3,7780.0,7756.0,7768.0,7756.0,392.0,15213165.0,8689
2023-05-09 21:07:38,l2312,l2312,7763.0,3.0,116445.0,3.0,10,7763.0,7764.0,2,7780.0,7756.0,7768.0,7756.0,395.0,15329610.0,8692
2023-05-09 21:07:38,l2312,l2312,7763.0,0.0,0.0,0.0,15,7763.0,7765.0,11,7780.0,7756.0,7768.0,7756.0,395.0,15329610.0,8692
2023-05-09 21:07:39,l2312,l2312,7763.0,0.0,0.0,0.0,16,7763.0,7765.0,11,7780.0,7756.0,7768.0,7756.0,395.0,15329610.0,8692
2023-05-09 21:07:39,l2312,l2312,7763.0,0.0,0.0,0.0,15,7763.0,7764.0,1,7780.0,7756.0,7768.0,7756.0,395.0,15329610.0,8692
2023-05-09 21:07:40,l2312,l2312,7763.0,0.0,0.0,0.0,8,7763.0,7764.0,3,7780.0,7756.0,7768.0,7756.0,395.0,15329610.0,8692
2023-05-09 21:07:40,l2312,l2312,7763.0,0.0,0.0,0.0,8,7763.0,7764.0,4,7780.0,7756.0,7768.0,7756.0,395.0,15329610.0,8692
2023-05-09 21:07:41,l2312,l2312,7763.0,0.0,0.0,0.0,7,7763.0,7764.0,4,7780.0,7756.0,7768.0,7756.0,395.0,15329610.0,8692
2023-05-09 21:07:41,l2312,l2312,7763.0,0.0,0.0,0.0,6,7763.0,7764.0,3,7780.0,7756.0,7768.0,7756.0,395.0,15329610.0,8692
2023-05-09 21:07:42,l2312,l2312,7763.0,0.0,0.0,0.0,12,7763.0,7765.0,11,7780.0,7756.0,7768.0,7756.0,395.0,15329610.0,8692
2023-05-09 21:07:42,l2312,l2312,7763.0,0.0,0.0,0.0,15,7763.0,7765.0,11,7780.0,7756.0,7768.0,7756.0,395.0,15329610.0,8692
2023-05-09 21:07:45,l2312,l2312,7763.0,0.0,0.0,0.0,13,7763.0,7765.0,13,7780.0,7756.0,7768.0,7756.0,395.0,15329610.0,8692
2023-05-09 21:07:45,l2312,l2312,7763.0,0.0,0.0,0.0,8,7763.0,7764.0,3,7780.0,7756.0,7768.0,7756.0,395.0,15329610.0,8692
2023-05-09 21:07:46,l2312,l2312,7763.0,0.0,0.0,0.0,6,7763.0,7764.0,3,7780.0,7756.0,7768.0,7756.0,395.0,15329610.0,8692
2023-05-09 21:07:51,l2312,l2312,7763.0,0.0,0.0,0.0,9,7763.0,7765.0,15,7780.0,7756.0,7768.0,7756.0,395.0,15329610.0,8692
2023-05-09 21:07:52,l2312,l2312,7763.0,0.0,0.0,0.0,10,7763.0,7765.0,15,7780.0,7756.0,7768.0,7756.0,395.0,15329610.0,8692
2023-05-09 21:07:52,l2312,l2312,7763.0,0.0,0.0,0.0,11,7763.0,7765.0,15,7780.0,7756.0,7768.0,7756.0,395.0,15329610.0,8692
2023-05-09 21:07:53,l2312,l2312,7763.0,0.0,0.0,0.0,14,7763.0,7765.0,12,7780.0,7756.0,7768.0,7756.0,395.0,15329610.0,8692
2023-05-09 21:07:53,l2312,l2312,7763.0,0.0,0.0,0.0,15,7763.0,7765.0,11,7780.0,7756.0,7768.0,7756.0,395.0,15329610.0,8692
2023-05-09 21:08:00,l2312,l2312,7763.0,0.0,0.0,0.0,15,7763.0,7765.0,12,7780.0,7756.0,7768.0,7756.0,395.0,15329610.0,8692
2023-05-09 21:08:00,l2312,l2312,7763.0,0.0,0.0,0.0,15,7763.0,7765.0,11,7780.0,7756.0,7768.0,7756.0,395.0,15329610.0,8692
2023-05-09 21:08:02,l2312,l2312,7763.0,0.0,0.0,0.0,15,7763.0,7765.0,10,7780.0,7756.0,7768.0,7756.0,395.0,15329610.0,8692
2023-05-09 21:08:02,l2312,l2312,7763.0,0.0,0.0,0.0,4,7764.0,7765.0,6,7780.0,7756.0,7768.0,7756.0,395.0,15329610.0,8692
2023-05-09 21:08:03,l2312,l2312,7763.0,0.0,0.0,0.0,11,7764.0,7766.0,12,7780.0,7756.0,7768.0,7756.0,395.0,15329610.0,8692
2023-05-09 21:08:03,l2312,l2312,7763.0,0.0,0.0,0.0,3,7765.0,7766.0,9,7780.0,7756.0,7768.0,7756.0,395.0,15329610.0,8692
2023-05-09 21:08:04,l2312,l2312,7763.0,0.0,0.0,0.0,3,7765.0,7766.0,5,7780.0,7756.0,7768.0,7756.0,395.0,15329610.0,8692
2023-05-09 21:08:04,l2312,l2312,7763.0,0.0,0.0,0.0,7,7765.0,7767.0,13,7780.0,7756.0,7768.0,7756.0,395.0,15329610.0,8692
2023-05-09 21:08:05,l2312,l2312,7763.0,0.0,0.0,0.0,3,7766.0,7767.0,15,7780.0,7756.0,7768.0,7756.0,395.0,15329610.0,8692
2023-05-09 21:08:05,l2312,l2312,7763.0,0.0,0.0,0.0,5,7766.0,7767.0,5,7780.0,7756.0,7768.0,7756.0,395.0,15329610.0,8692
2023-05-09 21:08:06,l2312,l2312,7763.0,0.0,0.0,0.0,9,7766.0,7768.0,12,7780.0,7756.0,7768.0,7756.0,395.0,15329610.0,8692
2023-05-09 21:08:06,l2312,l2312,7763.0,0.0,0.0,0.0,12,7766.0,7768.0,13,7780.0,7756.0,7768.0,7756.0,395.0,15329610.0,8692
2023-05-09 21:08:11,l2312,l2312,7763.0,0.0,0.0,0.0,5,7766.0,7767.0,5,7780.0,7756.0,7768.0,7756.0,395.0,15329610.0,8692
2023-05-09 21:08:11,l2312,l2312,7763.0,0.0,0.0,0.0,1,7766.0,7767.0,9,7780.0,7756.0,7768.0,7756.0,395.0,15329610.0,8692
2023-05-09 21:08:12,l2312,l2312,7763.0,0.0,0.0,0.0,14,7765.0,7767.0,11,7780.0,7756.0,7768.0,7756.0,395.0,15329610.0,8692
2023-05-09 21:08:15,l2312,l2312,7763.0,0.0,0.0,0.0,14,7765.0,7767.0,10,7780.0,7756.0,7768.0,7756.0,395.0,15329610.0,8692
2023-05-09 21:08:22,l2312,l2312,7763.0,0.0,0.0,0.0,14,7765.0,7767.0,11,7780.0,7756.0,7768.0,7756.0,395.0,15329610.0,8692
2023-05-09 21:08:27,l2312,l2312,7763.0,0.0,0.0,0.0,14,7765.0,7767.0,10,7780.0,7756.0,7768.0,7756.0,395.0,15329610.0,8692
2023-05-09 21:08:28,l2312,l2312,7763.0,0.0,0.0,0.0,4,7766.0,7767.0,4,7780.0,7756.0,7768.0,7756.0,395.0,15329610.0,8692
2023-05-09 21:08:28,l2312,l2312,7763.0,0.0,0.0,0.0,7,7766.0,7768.0,15,7780.0,7756.0,7768.0,7756.0,395.0,15329610.0,8692
2023-05-09 21:08:29,l2312,l2312,7763.0,0.0,0.0,0.0,9,7766.0,7768.0,14,7780.0,7756.0,7768.0,7756.0,395.0,15329610.0,8692
2023-05-09 21:08:29,l2312,l2312,7763.0,0.0,0.0,0.0,11,7766.0,7768.0,13,7780.0,7756.0,7768.0,7756.0,395.0,15329610.0,8692
2023-05-09 21:08:30,l2312,l2312,7763.0,0.0,0.0,0.0,10,7766.0,7768.0,14,7780.0,7756.0,7768.0,7756.0,395.0,15329610.0,8692
2023-05-09 21:08:31,l2312,l2312,7766.0,7.0,271790.0,1.0,4,7766.0,7768.0,12,7780.0,7756.0,7768.0,7756.0,402.0,15601400.0,8693
2023-05-09 21:08:31,l2312,l2312,7766.0,0.0,0.0,0.0,11,7765.0,7767.0,5,7780.0,7756.0,7768.0,7756.0,402.0,15601400.0,8693
2023-05-09 21:08:32,l2312,l2312,7766.0,0.0,0.0,0.0,3,7766.0,7767.0,5,7780.0,7756.0,7768.0,7756.0,402.0,15601400.0,8693
2023-05-09 21:08:32,l2312,l2312,7766.0,0.0,0.0,0.0,4,7766.0,7768.0,14,7780.0,7756.0,7768.0,7756.0,402.0,15601400.0,8693
2023-05-09 21:08:33,l2312,l2312,7766.0,0.0,0.0,0.0,5,7766.0,7768.0,14,7780.0,7756.0,7768.0,7756.0,402.0,15601400.0,8693
2023-05-09 21:08:34,l2312,l2312,7766.0,0.0,0.0,0.0,8,7766.0,7768.0,13,7780.0,7756.0,7768.0,7756.0,402.0,15601400.0,8693
2023-05-09 21:08:34,l2312,l2312,7766.0,0.0,0.0,0.0,3,7766.0,7767.0,3,7780.0,7756.0,7768.0,7756.0,402.0,15601400.0,8693
2023-05-09 21:08:35,l2312,l2312,7766.0,0.0,0.0,0.0,6,7766.0,7768.0,12,7780.0,7756.0,7768.0,7756.0,402.0,15601400.0,8693
2023-05-09 21:08:35,l2312,l2312,7766.0,0.0,0.0,0.0,11,7766.0,7768.0,11,7780.0,7756.0,7768.0,7756.0,402.0,15601400.0,8693
2023-05-09 21:08:35,l2312,l2312,7766.0,0.0,0.0,0.0,14,7766.0,7768.0,10,7780.0,7756.0,7768.0,7756.0,402.0,15601400.0,8693
2023-05-09 21:08:40,l2312,l2312,7765.0,15.0,582435.0,3.0,6,7765.0,7766.0,5,7780.0,7756.0,7768.0,7756.0,417.0,16183835.0,8696
2023-05-09 21:08:41,l2312,l2312,7766.0,1.0,38830.0,1.0,4,7765.0,7766.0,7,7780.0,7756.0,7768.0,7756.0,418.0,16222665.0,8697
2023-05-09 21:08:41,l2312,l2312,7766.0,0.0,0.0,0.0,5,7765.0,7766.0,10,7780.0,7756.0,7768.0,7756.0,418.0,16222665.0,8697
2023-05-09 21:08:42,l2312,l2312,7766.0,3.0,116490.0,1.0,5,7765.0,7766.0,3,7780.0,7756.0,7768.0,7756.0,421.0,16339155.0,8698
2023-05-09 21:08:42,l2312,l2312,7766.0,3.0,116490.0,-2.0,4,7766.0,7767.0,6,7780.0,7756.0,7768.0,7756.0,424.0,16455645.0,8696
2023-05-09 21:08:45,l2312,l2312,7766.0,0.0,0.0,0.0,1,7766.0,7767.0,9,7780.0,7756.0,7768.0,7756.0,424.0,16455645.0,8696
2023-05-09 21:08:45,l2312,l2312,7766.0,1.0,38830.0,0.0,12,7765.0,7766.0,1,7780.0,7756.0,7768.0,7756.0,425.0,16494475.0,8696
2023-05-09 21:08:45,l2312,l2312,7766.0,0.0,0.0,0.0,11,7765.0,7766.0,1,7780.0,7756.0,7768.0,7756.0,425.0,16494475.0,8696
2023-05-09 21:08:51,l2312,l2312,7766.0,0.0,0.0,0.0,10,7765.0,7766.0,1,7780.0,7756.0,7768.0,7756.0,425.0,16494475.0,8696
2023-05-09 21:08:55,l2312,l2312,7766.0,0.0,0.0,0.0,11,7765.0,7766.0,1,7780.0,7756.0,7768.0,7756.0,425.0,16494475.0,8696
2023-05-09 21:08:55,l2312,l2312,7766.0,0.0,0.0,0.0,12,7765.0,7767.0,13,7780.0,7756.0,7768.0,7756.0,425.0,16494475.0,8696
2023-05-09 21:08:56,l2312,l2312,7766.0,0.0,0.0,0.0,3,7766.0,7767.0,10,7780.0,7756.0,7768.0,7756.0,425.0,16494475.0,8696
2023-05-09 21:08:56,l2312,l2312,7766.0,0.0,0.0,0.0,3,7766.0,7767.0,9,7780.0,7756.0,7768.0,7756.0,425.0,16494475.0,8696
2023-05-09 21:08:56,l2312,l2312,7766.0,0.0,0.0,0.0,3,7766.0,7767.0,8,7780.0,7756.0,7768.0,7756.0,425.0,16494475.0,8696
2023-05-09 21:08:57,l2312,l2312,7766.0,0.0,0.0,0.0,3,7766.0,7767.0,7,7780.0,7756.0,7768.0,7756.0,425.0,16494475.0,8696
2023-05-09 21:08:59,l2312,l2312,7766.0,1.0,38830.0,1.0,4,7766.0,7767.0,4,7780.0,7756.0,7768.0,7756.0,426.0,16533305.0,8697
2023-05-09 21:08:59,l2312,l2312,7766.0,0.0,0.0,0.0,4,7766.0,7768.0,14,7780.0,7756.0,7768.0,7756.0,426.0,16533305.0,8697
2023-05-09 21:09:00,l2312,l2312,7766.0,0.0,0.0,0.0,5,7766.0,7768.0,12,7780.0,7756.0,7768.0,7756.0,426.0,16533305.0,8697
2023-05-09 21:09:01,l2312,l2312,7766.0,0.0,0.0,0.0,6,7766.0,7768.0,14,7780.0,7756.0,7768.0,7756.0,426.0,16533305.0,8697
2023-05-09 21:09:01,l2312,l2312,7766.0,0.0,0.0,0.0,8,7766.0,7768.0,14,7780.0,7756.0,7768.0,7756.0,426.0,16533305.0,8697
2023-05-09 21:09:02,l2312,l2312,7766.0,0.0,0.0,0.0,4,7766.0,7767.0,6,7780.0,7756.0,7768.0,7756.0,426.0,16533305.0,8697
2023-05-09 21:09:02,l2312,l2312,7766.0,0.0,0.0,0.0,11,7765.0,7767.0,11,7780.0,7756.0,7768.0,7756.0,426.0,16533305.0,8697
2023-05-09 21:09:03,l2312,l2312,7766.0,0.0,0.0,0.0,14,7765.0,7767.0,9,7780.0,7756.0,7768.0,7756.0,426.0,16533305.0,8697
2023-05-09 21:09:03,l2312,l2312,7766.0,0.0,0.0,0.0,11,7765.0,7767.0,12,7780.0,7756.0,7768.0,7756.0,426.0,16533305.0,8697
2023-05-09 21:09:04,l2312,l2312,7766.0,0.0,0.0,0.0,11,7765.0,7767.0,14,7780.0,7756.0,7768.0,7756.0,426.0,16533305.0,8697
2023-05-09 21:09:06,l2312,l2312,7766.0,0.0,0.0,0.0,9,7765.0,7767.0,14,7780.0,7756.0,7768.0,7756.0,426.0,16533305.0,8697
2023-05-09 21:09:09,l2312,l2312,7766.0,0.0,0.0,0.0,11,7765.0,7767.0,14,7780.0,7756.0,7768.0,7756.0,426.0,16533305.0,8697
2023-05-09 21:09:10,l2312,l2312,7765.0,10.0,388250.0,7.0,5,7765.0,7767.0,9,7780.0,7756.0,7768.0,7756.0,436.0,16921555.0,8704
2023-05-09 21:09:11,l2312,l2312,7765.0,0.0,0.0,0.0,11,7764.0,7766.0,6,7780.0,7756.0,7768.0,7756.0,436.0,16921555.0,8704
2023-05-09 21:09:11,l2312,l2312,7765.0,0.0,0.0,0.0,12,7764.0,7766.0,11,7780.0,7756.0,7768.0,7756.0,436.0,16921555.0,8704
2023-05-09 21:09:11,l2312,l2312,7765.0,0.0,0.0,0.0,12,7764.0,7766.0,12,7780.0,7756.0,7768.0,7756.0,436.0,16921555.0,8704
2023-05-09 21:09:15,l2312,l2312,7765.0,0.0,0.0,0.0,3,7765.0,7766.0,6,7780.0,7756.0,7768.0,7756.0,436.0,16921555.0,8704
2023-05-09 21:09:20,l2312,l2312,7765.0,0.0,0.0,0.0,11,7764.0,7766.0,11,7780.0,7756.0,7768.0,7756.0,436.0,16921555.0,8704
2023-05-09 21:09:20,l2312,l2312,7765.0,0.0,0.0,0.0,12,7764.0,7766.0,12,7780.0,7756.0,7768.0,7756.0,436.0,16921555.0,8704
2023-05-09 21:09:21,l2312,l2312,7765.0,0.0,0.0,0.0,13,7764.0,7766.0,10,7780.0,7756.0,7768.0,7756.0,436.0,16921555.0,8704
2023-05-09 21:09:22,l2312,l2312,7765.0,0.0,0.0,0.0,3,7765.0,7766.0,7,7780.0,7756.0,7768.0,7756.0,436.0,16921555.0,8704
2023-05-09 21:09:22,l2312,l2312,7765.0,0.0,0.0,0.0,3,7765.0,7766.0,6,7780.0,7756.0,7768.0,7756.0,436.0,16921555.0,8704
2023-05-09 21:09:23,l2312,l2312,7765.0,0.0,0.0,0.0,13,7764.0,7766.0,9,7780.0,7756.0,7768.0,7756.0,436.0,16921555.0,8704
2023-05-09 21:09:24,l2312,l2312,7765.0,0.0,0.0,0.0,3,7765.0,7766.0,7,7780.0,7756.0,7768.0,7756.0,436.0,16921555.0,8704
2023-05-09 21:09:24,l2312,l2312,7765.0,0.0,0.0,0.0,3,7765.0,7766.0,6,7780.0,7756.0,7768.0,7756.0,436.0,16921555.0,8704
2023-05-09 21:09:25,l2312,l2312,7765.0,0.0,0.0,0.0,13,7764.0,7766.0,10,7780.0,7756.0,7768.0,7756.0,436.0,16921555.0,8704
2023-05-09 21:09:26,l2312,l2312,7765.0,0.0,0.0,0.0,13,7764.0,7766.0,12,7780.0,7756.0,7768.0,7756.0,436.0,16921555.0,8704
2023-05-09 21:09:27,l2312,l2312,7765.0,0.0,0.0,0.0,9,7764.0,7765.0,3,7780.0,7756.0,7768.0,7756.0,436.0,16921555.0,8704
2023-05-09 21:09:27,l2312,l2312,7765.0,0.0,0.0,0.0,4,7764.0,7765.0,5,7780.0,7756.0,7768.0,7756.0,436.0,16921555.0,8704
2023-05-09 21:09:28,l2312,l2312,7765.0,0.0,0.0,0.0,14,7763.0,7765.0,8,7780.0,7756.0,7768.0,7756.0,436.0,16921555.0,8704
2023-05-09 21:09:28,l2312,l2312,7765.0,0.0,0.0,0.0,15,7763.0,7765.0,9,7780.0,7756.0,7768.0,7756.0,436.0,16921555.0,8704
2023-05-09 21:09:29,l2312,l2312,7765.0,0.0,0.0,0.0,15,7763.0,7765.0,10,7780.0,7756.0,7768.0,7756.0,436.0,16921555.0,8704
2023-05-09 21:09:31,l2312,l2312,7765.0,0.0,0.0,0.0,3,7764.0,7765.0,7,7780.0,7756.0,7768.0,7756.0,436.0,16921555.0,8704
2023-05-09 21:09:31,l2312,l2312,7765.0,0.0,0.0,0.0,3,7764.0,7765.0,6,7780.0,7756.0,7768.0,7756.0,436.0,16921555.0,8704
2023-05-09 21:09:35,l2312,l2312,7765.0,0.0,0.0,0.0,8,7764.0,7765.0,1,7780.0,7756.0,7768.0,7756.0,436.0,16921555.0,8704
2023-05-09 21:09:35,l2312,l2312,7765.0,0.0,0.0,0.0,11,7764.0,7765.0,1,7780.0,7756.0,7768.0,7756.0,436.0,16921555.0,8704
2023-05-09 21:09:36,l2312,l2312,7765.0,0.0,0.0,0.0,12,7764.0,7765.0,1,7780.0,7756.0,7768.0,7756.0,436.0,16921555.0,8704
2023-05-09 21:09:38,l2312,l2312,7765.0,1.0,38825.0,0.0,2,7765.0,7766.0,9,7780.0,7756.0,7768.0,7756.0,437.0,16960380.0,8704
2023-05-09 21:09:38,l2312,l2312,7765.0,0.0,0.0,0.0,3,7765.0,7766.0,8,7780.0,7756.0,7768.0,7756.0,437.0,16960380.0,8704
2023-05-09 21:09:38,l2312,l2312,7765.0,0.0,0.0,0.0,3,7765.0,7766.0,7,7780.0,7756.0,7768.0,7756.0,437.0,16960380.0,8704
2023-05-09 21:09:39,l2312,l2312,7765.0,0.0,0.0,0.0,6,7765.0,7766.0,4,7780.0,7756.0,7768.0,7756.0,437.0,16960380.0,8704
2023-05-09 21:09:40,l2312,l2312,7766.0,4.0,155320.0,3.0,3,7766.0,7767.0,7,7780.0,7756.0,7768.0,7756.0,441.0,17115700.0,8707
2023-05-09 21:09:40,l2312,l2312,7766.0,0.0,0.0,0.0,3,7766.0,7767.0,9,7780.0,7756.0,7768.0,7756.0,441.0,17115700.0,8707
2023-05-09 21:09:41,l2312,l2312,7766.0,0.0,0.0,0.0,3,7766.0,7767.0,12,7780.0,7756.0,7768.0,7756.0,441.0,17115700.0,8707
2023-05-09 21:09:42,l2312,l2312,7766.0,0.0,0.0,0.0,3,7766.0,7767.0,13,7780.0,7756.0,7768.0,7756.0,441.0,17115700.0,8707
2023-05-09 21:09:43,l2312,l2312,7766.0,0.0,0.0,0.0,2,7766.0,7767.0,12,7780.0,7756.0,7768.0,7756.0,441.0,17115700.0,8707
2023-05-09 21:09:44,l2312,l2312,7764.0,18.0,698840.0,10.0,2,7763.0,7765.0,4,7780.0,7756.0,7768.0,7756.0,459.0,17814540.0,8717
2023-05-09 21:09:45,l2312,l2312,7765.0,1.0,38825.0,1.0,6,7763.0,7765.0,7,7780.0,7756.0,7768.0,7756.0,460.0,17853365.0,8718
2023-05-09 21:09:45,l2312,l2312,7765.0,0.0,0.0,0.0,9,7763.0,7764.0,1,7780.0,7756.0,7768.0,7756.0,460.0,17853365.0,8718
2023-05-09 21:09:46,l2312,l2312,7765.0,0.0,0.0,0.0,10,7763.0,7764.0,1,7780.0,7756.0,7768.0,7756.0,460.0,17853365.0,8718
2023-05-09 21:09:46,l2312,l2312,7765.0,0.0,0.0,0.0,11,7763.0,7764.0,1,7780.0,7756.0,7768.0,7756.0,460.0,17853365.0,8718
2023-05-09 21:09:48,l2312,l2312,7765.0,0.0,0.0,0.0,10,7763.0,7764.0,5,7780.0,7756.0,7768.0,7756.0,460.0,17853365.0,8718
2023-05-09 21:09:48,l2312,l2312,7765.0,0.0,0.0,0.0,9,7763.0,7764.0,5,7780.0,7756.0,7768.0,7756.0,460.0,17853365.0,8718
2023-05-09 21:09:49,l2312,l2312,7765.0,0.0,0.0,0.0,8,7763.0,7764.0,5,7780.0,7756.0,7768.0,7756.0,460.0,17853365.0,8718
2023-05-09 21:09:50,l2312,l2312,7765.0,0.0,0.0,0.0,7,7763.0,7764.0,5,7780.0,7756.0,7768.0,7756.0,460.0,17853365.0,8718
2023-05-09 21:09:51,l2312,l2312,7765.0,0.0,0.0,0.0,8,7763.0,7764.0,4,7780.0,7756.0,7768.0,7756.0,460.0,17853365.0,8718
2023-05-09 21:09:51,l2312,l2312,7765.0,0.0,0.0,0.0,7,7763.0,7764.0,5,7780.0,7756.0,7768.0,7756.0,460.0,17853365.0,8718
2023-05-09 21:09:52,l2312,l2312,7765.0,0.0,0.0,0.0,5,7763.0,7764.0,7,7780.0,7756.0,7768.0,7756.0,460.0,17853365.0,8718
2023-05-09 21:09:52,l2312,l2312,7764.0,13.0,504670.0,1.0,2,7764.0,7765.0,8,7780.0,7756.0,7768.0,7756.0,473.0,18358035.0,8719
2023-05-09 21:09:53,l2312,l2312,7764.0,0.0,0.0,0.0,2,7764.0,7765.0,10,7780.0,7756.0,7768.0,7756.0,473.0,18358035.0,8719
2023-05-09 21:09:53,l2312,l2312,7764.0,0.0,0.0,0.0,2,7764.0,7765.0,12,7780.0,7756.0,7768.0,7756.0,473.0,18358035.0,8719
2023-05-09 21:09:54,l2312,l2312,7764.0,0.0,0.0,0.0,3,7764.0,7765.0,11,7780.0,7756.0,7768.0,7756.0,473.0,18358035.0,8719
2023-05-09 21:09:55,l2312,l2312,7764.0,0.0,0.0,0.0,2,7764.0,7765.0,12,7780.0,7756.0,7768.0,7756.0,473.0,18358035.0,8719
2023-05-09 21:09:55,l2312,l2312,7764.0,0.0,0.0,0.0,1,7764.0,7765.0,12,7780.0,7756.0,7768.0,7756.0,473.0,18358035.0,8719
2023-05-09 21:09:57,l2312,l2312,7764.0,0.0,0.0,0.0,1,7764.0,7765.0,11,7780.0,7756.0,7768.0,7756.0,473.0,18358035.0,8719
2023-05-09 21:09:57,l2312,l2312,7764.0,0.0,0.0,0.0,1,7764.0,7765.0,12,7780.0,7756.0,7768.0,7756.0,473.0,18358035.0,8719
2023-05-09 21:09:58,l2312,l2312,7764.0,0.0,0.0,0.0,1,7764.0,7765.0,11,7780.0,7756.0,7768.0,7756.0,473.0,18358035.0,8719
2023-05-09 21:10:00,l2312,l2312,7764.0,0.0,0.0,0.0,1,7764.0,7765.0,12,7780.0,7756.0,7768.0,7756.0,473.0,18358035.0,8719
2023-05-09 21:10:03,l2312,l2312,7765.0,14.0,543555.0,-7.0,2,7765.0,7766.0,2,7780.0,7756.0,7768.0,7756.0,487.0,18901590.0,8712
2023-05-09 21:10:03,l2312,l2312,7766.0,3.0,116485.0,1.0,2,7765.0,7766.0,2,7780.0,7756.0,7768.0,7756.0,490.0,19018075.0,8713
2023-05-09 21:10:04,l2312,l2312,7765.0,3.0,116475.0,-1.0,5,7765.0,7767.0,9,7780.0,7756.0,7768.0,7756.0,493.0,19134550.0,8712
2023-05-09 21:10:04,l2312,l2312,7765.0,0.0,0.0,0.0,3,7766.0,7767.0,8,7780.0,7756.0,7768.0,7756.0,493.0,19134550.0,8712
2023-05-09 21:10:05,l2312,l2312,7765.0,0.0,0.0,0.0,3,7766.0,7767.0,7,7780.0,7756.0,7768.0,7756.0,493.0,19134550.0,8712
2023-05-09 21:10:05,l2312,l2312,7765.0,0.0,0.0,0.0,14,7765.0,7767.0,9,7780.0,7756.0,7768.0,7756.0,493.0,19134550.0,8712
2023-05-09 21:10:06,l2312,l2312,7765.0,0.0,0.0,0.0,5,7766.0,7767.0,6,7780.0,7756.0,7768.0,7756.0,493.0,19134550.0,8712
2023-05-09 21:10:06,l2312,l2312,7765.0,0.0,0.0,0.0,5,7766.0,7767.0,5,7780.0,7756.0,7768.0,7756.0,493.0,19134550.0,8712
2023-05-09 21:10:07,l2312,l2312,7765.0,0.0,0.0,0.0,11,7766.0,7768.0,13,7780.0,7756.0,7768.0,7756.0,493.0,19134550.0,8712
2023-05-09 21:10:07,l2312,l2312,7765.0,0.0,0.0,0.0,13,7766.0,7768.0,11,7780.0,7756.0,7768.0,7756.0,493.0,19134550.0,8712
2023-05-09 21:10:08,l2312,l2312,7765.0,0.0,0.0,0.0,13,7766.0,7768.0,13,7780.0,7756.0,7768.0,7756.0,493.0,19134550.0,8712
2023-05-09 21:10:10,l2312,l2312,7765.0,0.0,0.0,0.0,8,7766.0,7767.0,4,7780.0,7756.0,7768.0,7756.0,493.0,19134550.0,8712
2023-05-09 21:10:10,l2312,l2312,7765.0,0.0,0.0,0.0,9,7766.0,7768.0,14,7780.0,7756.0,7768.0,7756.0,493.0,19134550.0,8712
2023-05-09 21:10:11,l2312,l2312,7765.0,0.0,0.0,0.0,12,7766.0,7768.0,14,7780.0,7756.0,7768.0,7756.0,493.0,19134550.0,8712
2023-05-09 21:10:12,l2312,l2312,7765.0,0.0,0.0,0.0,7,7766.0,7767.0,4,7780.0,7756.0,7768.0,7756.0,493.0,19134550.0,8712
2023-05-09 21:10:13,l2312,l2312,7765.0,0.0,0.0,0.0,7,7766.0,7767.0,3,7780.0,7756.0,7768.0,7756.0,493.0,19134550.0,8712
2023-05-09 21:10:14,l2312,l2312,7765.0,0.0,0.0,0.0,6,7766.0,7767.0,4,7780.0,7756.0,7768.0,7756.0,493.0,19134550.0,8712
2023-05-09 21:10:14,l2312,l2312,7765.0,0.0,0.0,0.0,7,7766.0,7767.0,4,7780.0,7756.0,7768.0,7756.0,493.0,19134550.0,8712
2023-05-09 21:10:16,l2312,l2312,7765.0,0.0,0.0,0.0,12,7766.0,7768.0,12,7780.0,7756.0,7768.0,7756.0,493.0,19134550.0,8712
2023-05-09 21:10:16,l2312,l2312,7765.0,0.0,0.0,0.0,13,7766.0,7768.0,12,7780.0,7756.0,7768.0,7756.0,493.0,19134550.0,8712
2023-05-09 21:10:18,l2312,l2312,7765.0,0.0,0.0,0.0,4,7767.0,7768.0,7,7780.0,7756.0,7768.0,7756.0,493.0,19134550.0,8712
2023-05-09 21:10:18,l2312,l2312,7765.0,0.0,0.0,0.0,4,7767.0,7768.0,6,7780.0,7756.0,7768.0,7756.0,493.0,19134550.0,8712
2023-05-09 21:10:19,l2312,l2312,7768.0,7.0,271885.0,3.0,2,7768.0,7769.0,4,7780.0,7756.0,7769.0,7756.0,500.0,19406435.0,8715
2023-05-09 21:10:20,l2312,l2312,7769.0,1.0,38845.0,-1.0,2,7768.0,7769.0,3,7780.0,7756.0,7769.0,7756.0,501.0,19445280.0,8714
2023-05-09 21:10:20,l2312,l2312,7769.0,0.0,0.0,0.0,2,7768.0,7769.0,6,7780.0,7756.0,7769.0,7756.0,501.0,19445280.0,8714
2023-05-09 21:10:20,l2312,l2312,7769.0,0.0,0.0,0.0,2,7768.0,7769.0,8,7780.0,7756.0,7769.0,7756.0,501.0,19445280.0,8714
2023-05-09 21:10:21,l2312,l2312,7769.0,0.0,0.0,0.0,2,7768.0,7769.0,9,7780.0,7756.0,7769.0,7756.0,501.0,19445280.0,8714
2023-05-09 21:10:22,l2312,l2312,7769.0,0.0,0.0,0.0,2,7768.0,7769.0,10,7780.0,7756.0,7769.0,7756.0,501.0,19445280.0,8714
2023-05-09 21:10:22,l2312,l2312,7769.0,0.0,0.0,0.0,3,7768.0,7769.0,10,7780.0,7756.0,7769.0,7756.0,501.0,19445280.0,8714
2023-05-09 21:10:22,l2312,l2312,7769.0,0.0,0.0,0.0,4,7768.0,7769.0,10,7780.0,7756.0,7769.0,7756.0,501.0,19445280.0,8714
2023-05-09 21:10:24,l2312,l2312,7770.0,15.0,582700.0,6.0,8,7769.0,7770.0,1,7780.0,7756.0,7770.0,7756.0,516.0,20027980.0,8720
2023-05-09 21:10:24,l2312,l2312,7769.0,2.0,77690.0,-2.0,10,7769.0,7771.0,10,7780.0,7756.0,7770.0,7756.0,518.0,20105670.0,8718
2023-05-09 21:10:25,l2312,l2312,7769.0,2.0,77690.0,0.0,10,7769.0,7771.0,13,7780.0,7756.0,7770.0,7756.0,520.0,20183360.0,8718
2023-05-09 21:10:25,l2312,l2312,7769.0,0.0,0.0,0.0,3,7770.0,7771.0,7,7780.0,7756.0,7770.0,7756.0,520.0,20183360.0,8718
2023-05-09 21:10:26,l2312,l2312,7770.0,5.0,194250.0,-1.0,7,7769.0,7770.0,1,7780.0,7756.0,7770.0,7756.0,525.0,20377610.0,8717
2023-05-09 21:10:26,l2312,l2312,7770.0,1.0,38850.0,0.0,2,7770.0,7771.0,9,7780.0,7756.0,7770.0,7756.0,526.0,20416460.0,8717
2023-05-09 21:10:27,l2312,l2312,7771.0,7.0,271985.0,1.0,6,7770.0,7771.0,1,7780.0,7756.0,7771.0,7756.0,533.0,20688445.0,8718
2023-05-09 21:10:27,l2312,l2312,7771.0,0.0,0.0,0.0,10,7770.0,7771.0,1,7780.0,7756.0,7771.0,7756.0,533.0,20688445.0,8718
2023-05-09 21:10:27,l2312,l2312,7771.0,0.0,0.0,0.0,13,7770.0,7771.0,1,7780.0,7756.0,7771.0,7756.0,533.0,20688445.0,8718
2023-05-09 21:10:28,l2312,l2312,7770.0,3.0,116550.0,1.0,8,7770.0,7772.0,14,7780.0,7756.0,7771.0,7756.0,536.0,20804995.0,8719
2023-05-09 21:10:29,l2312,l2312,7770.0,0.0,0.0,0.0,10,7770.0,7772.0,14,7780.0,7756.0,7771.0,7756.0,536.0,20804995.0,8719
2023-05-09 21:10:30,l2312,l2312,7770.0,0.0,0.0,0.0,7,7770.0,7771.0,1,7780.0,7756.0,7771.0,7756.0,536.0,20804995.0,8719
2023-05-09 21:10:30,l2312,l2312,7769.0,16.0,621555.0,5.0,3,7768.0,7769.0,8,7780.0,7756.0,7771.0,7756.0,552.0,21426550.0,8724
2023-05-09 21:10:31,l2312,l2312,7769.0,0.0,0.0,0.0,11,7767.0,7768.0,1,7780.0,7756.0,7771.0,7756.0,552.0,21426550.0,8724
2023-05-09 21:10:31,l2312,l2312,7769.0,0.0,0.0,0.0,9,7767.0,7768.0,2,7780.0,7756.0,7771.0,7756.0,552.0,21426550.0,8724
2023-05-09 21:10:32,l2312,l2312,7769.0,0.0,0.0,0.0,7,7767.0,7768.0,5,7780.0,7756.0,7771.0,7756.0,552.0,21426550.0,8724
2023-05-09 21:10:32,l2312,l2312,7768.0,2.0,77680.0,1.0,12,7767.0,7768.0,1,7780.0,7756.0,7771.0,7756.0,554.0,21504230.0,8725
2023-05-09 21:10:33,l2312,l2312,7768.0,0.0,0.0,0.0,9,7767.0,7768.0,1,7780.0,7756.0,7771.0,7756.0,554.0,21504230.0,8725
2023-05-09 21:10:34,l2312,l2312,7768.0,0.0,0.0,0.0,9,7767.0,7768.0,4,7780.0,7756.0,7771.0,7756.0,554.0,21504230.0,8725
2023-05-09 21:10:34,l2312,l2312,7768.0,0.0,0.0,0.0,6,7767.0,7768.0,6,7780.0,7756.0,7771.0,7756.0,554.0,21504230.0,8725
2023-05-09 21:10:35,l2312,l2312,7768.0,0.0,0.0,0.0,2,7767.0,7768.0,9,7780.0,7756.0,7771.0,7756.0,554.0,21504230.0,8725
2023-05-09 21:10:35,l2312,l2312,7768.0,0.0,0.0,0.0,14,7766.0,7768.0,13,7780.0,7756.0,7771.0,7756.0,554.0,21504230.0,8725
2023-05-09 21:10:36,l2312,l2312,7768.0,0.0,0.0,0.0,1,7767.0,7768.0,12,7780.0,7756.0,7771.0,7756.0,554.0,21504230.0,8725
2023-05-09 21:10:37,l2312,l2312,7768.0,0.0,0.0,0.0,14,7766.0,7768.0,13,7780.0,7756.0,7771.0,7756.0,554.0,21504230.0,8725
2023-05-09 21:10:38,l2312,l2312,7768.0,0.0,0.0,0.0,1,7767.0,7768.0,12,7780.0,7756.0,7771.0,7756.0,554.0,21504230.0,8725
2023-05-09 21:10:38,l2312,l2312,7768.0,0.0,0.0,0.0,17,7766.0,7768.0,13,7780.0,7756.0,7771.0,7756.0,554.0,21504230.0,8725
2023-05-09 21:10:39,l2312,l2312,7768.0,0.0,0.0,0.0,14,7766.0,7768.0,13,7780.0,7756.0,7771.0,7756.0,554.0,21504230.0,8725
2023-05-09 21:10:40,l2312,l2312,7768.0,11.0,427240.0,-2.0,2,7768.0,7769.0,10,7780.0,7756.0,7771.0,7756.0,565.0,21931470.0,8723
2023-05-09 21:10:41,l2312,l2312,7768.0,0.0,0.0,0.0,5,7768.0,7769.0,8,7780.0,7756.0,7771.0,7756.0,565.0,21931470.0,8723
2023-05-09 21:10:41,l2312,l2312,7768.0,0.0,0.0,0.0,5,7768.0,7769.0,10,7780.0,7756.0,7771.0,7756.0,565.0,21931470.0,8723
2023-05-09 21:10:42,l2312,l2312,7768.0,0.0,0.0,0.0,5,7768.0,7769.0,11,7780.0,7756.0,7771.0,7756.0,565.0,21931470.0,8723
2023-05-09 21:10:42,l2312,l2312,7768.0,0.0,0.0,0.0,7,7768.0,7769.0,11,7780.0,7756.0,7771.0,7756.0,565.0,21931470.0,8723
2023-05-09 21:10:43,l2312,l2312,7768.0,0.0,0.0,0.0,8,7768.0,7769.0,9,7780.0,7756.0,7771.0,7756.0,565.0,21931470.0,8723
2023-05-09 21:10:43,l2312,l2312,7769.0,8.0,310760.0,1.0,9,7768.0,7770.0,8,7780.0,7756.0,7771.0,7756.0,573.0,22242230.0,8724
2023-05-09 21:10:44,l2312,l2312,7769.0,0.0,0.0,0.0,13,7768.0,7770.0,12,7780.0,7756.0,7771.0,7756.0,573.0,22242230.0,8724
2023-05-09 21:10:44,l2312,l2312,7769.0,0.0,0.0,0.0,15,7768.0,7770.0,14,7780.0,7756.0,7771.0,7756.0,573.0,22242230.0,8724
2023-05-09 21:10:45,l2312,l2312,7770.0,1.0,38850.0,-1.0,15,7768.0,7770.0,11,7780.0,7756.0,7771.0,7756.0,574.0,22281080.0,8723
2023-05-09 21:10:46,l2312,l2312,7770.0,0.0,0.0,0.0,14,7768.0,7770.0,12,7780.0,7756.0,7771.0,7756.0,574.0,22281080.0,8723
2023-05-09 21:10:46,l2312,l2312,7770.0,0.0,0.0,0.0,13,7768.0,7770.0,13,7780.0,7756.0,7771.0,7756.0,574.0,22281080.0,8723
2023-05-09 21:10:47,l2312,l2312,7770.0,0.0,0.0,0.0,14,7768.0,7770.0,13,7780.0,7756.0,7771.0,7756.0,574.0,22281080.0,8723
2023-05-09 21:10:48,l2312,l2312,7770.0,0.0,0.0,0.0,10,7768.0,7770.0,12,7780.0,7756.0,7771.0,7756.0,574.0,22281080.0,8723
2023-05-09 21:10:48,l2312,l2312,7770.0,0.0,0.0,0.0,13,7768.0,7770.0,14,7780.0,7756.0,7771.0,7756.0,574.0,22281080.0,8723
2023-05-09 21:10:49,l2312,l2312,7770.0,0.0,0.0,0.0,15,7768.0,7770.0,13,7780.0,7756.0,7771.0,7756.0,574.0,22281080.0,8723
2023-05-09 21:10:55,l2312,l2312,7770.0,0.0,0.0,0.0,2,7769.0,7770.0,7,7780.0,7756.0,7771.0,7756.0,574.0,22281080.0,8723
2023-05-09 21:10:55,l2312,l2312,7770.0,0.0,0.0,0.0,4,7769.0,7770.0,7,7780.0,7756.0,7771.0,7756.0,574.0,22281080.0,8723
2023-05-09 21:10:56,l2312,l2312,7770.0,0.0,0.0,0.0,18,7768.0,7770.0,11,7780.0,7756.0,7771.0,7756.0,574.0,22281080.0,8723
2023-05-09 21:10:56,l2312,l2312,7770.0,0.0,0.0,0.0,3,7769.0,7770.0,8,7780.0,7756.0,7771.0,7756.0,574.0,22281080.0,8723
2023-05-09 21:10:57,l2312,l2312,7771.0,10.0,388510.0,4.0,7,7770.0,7771.0,3,7780.0,7756.0,7771.0,7756.0,584.0,22669590.0,8727
2023-05-09 21:10:57,l2312,l2312,7770.0,3.0,116550.0,-1.0,9,7770.0,7771.0,3,7780.0,7756.0,7771.0,7756.0,587.0,22786140.0,8726
2023-05-09 21:10:58,l2312,l2312,7770.0,0.0,0.0,0.0,11,7770.0,7771.0,4,7780.0,7756.0,7771.0,7756.0,587.0,22786140.0,8726
2023-05-09 21:10:58,l2312,l2312,7770.0,0.0,0.0,0.0,7,7770.0,7771.0,7,7780.0,7756.0,7771.0,7756.0,587.0,22786140.0,8726
2023-05-09 21:10:58,l2312,l2312,7770.0,0.0,0.0,0.0,8,7770.0,7771.0,4,7780.0,7756.0,7771.0,7756.0,587.0,22786140.0,8726
2023-05-09 21:10:59,l2312,l2312,7770.0,0.0,0.0,0.0,9,7770.0,7771.0,4,7780.0,7756.0,7771.0,7756.0,587.0,22786140.0,8726
2023-05-09 21:11:00,l2312,l2312,7770.0,0.0,0.0,0.0,8,7770.0,7771.0,3,7780.0,7756.0,7771.0,7756.0,587.0,22786140.0,8726
2023-05-09 21:11:00,l2312,l2312,7770.0,2.0,77700.0,-1.0,4,7770.0,7771.0,5,7780.0,7756.0,7771.0,7756.0,589.0,22863840.0,8725
2023-05-09 21:11:01,l2312,l2312,7770.0,0.0,0.0,0.0,10,7769.0,7771.0,12,7780.0,7756.0,7771.0,7756.0,589.0,22863840.0,8725
2023-05-09 21:11:01,l2312,l2312,7770.0,0.0,0.0,0.0,8,7769.0,7771.0,14,7780.0,7756.0,7771.0,7756.0,589.0,22863840.0,8725
2023-05-09 21:11:02,l2312,l2312,7770.0,0.0,0.0,0.0,7,7769.0,7771.0,12,7780.0,7756.0,7771.0,7756.0,589.0,22863840.0,8725
2023-05-09 21:11:02,l2312,l2312,7770.0,0.0,0.0,0.0,9,7769.0,7771.0,11,7780.0,7756.0,7771.0,7756.0,589.0,22863840.0,8725
2023-05-09 21:11:03,l2312,l2312,7770.0,0.0,0.0,0.0,2,7770.0,7771.0,10,7780.0,7756.0,7771.0,7756.0,589.0,22863840.0,8725
2023-05-09 21:11:03,l2312,l2312,7770.0,0.0,0.0,0.0,13,7769.0,7771.0,10,7780.0,7756.0,7771.0,7756.0,589.0,22863840.0,8725
2023-05-09 21:11:04,l2312,l2312,7770.0,0.0,0.0,0.0,11,7769.0,7771.0,10,7780.0,7756.0,7771.0,7756.0,589.0,22863840.0,8725
2023-05-09 21:11:04,l2312,l2312,7770.0,0.0,0.0,0.0,11,7769.0,7771.0,11,7780.0,7756.0,7771.0,7756.0,589.0,22863840.0,8725
2023-05-09 21:11:05,l2312,l2312,7770.0,0.0,0.0,0.0,8,7769.0,7771.0,13,7780.0,7756.0,7771.0,7756.0,589.0,22863840.0,8725
2023-05-09 21:11:05,l2312,l2312,7770.0,0.0,0.0,0.0,6,7769.0,7771.0,14,7780.0,7756.0,7771.0,7756.0,589.0,22863840.0,8725
2023-05-09 21:11:06,l2312,l2312,7770.0,0.0,0.0,0.0,13,7769.0,7771.0,9,7780.0,7756.0,7771.0,7756.0,589.0,22863840.0,8725
2023-05-09 21:11:06,l2312,l2312,7770.0,0.0,0.0,0.0,11,7769.0,7771.0,11,7780.0,7756.0,7771.0,7756.0,589.0,22863840.0,8725
2023-05-09 21:11:07,l2312,l2312,7770.0,0.0,0.0,0.0,10,7769.0,7771.0,10,7780.0,7756.0,7771.0,7756.0,589.0,22863840.0,8725
2023-05-09 21:11:08,l2312,l2312,7770.0,0.0,0.0,0.0,13,7769.0,7771.0,10,7780.0,7756.0,7771.0,7756.0,589.0,22863840.0,8725
2023-05-09 21:11:10,l2312,l2312,7771.0,7.0,271985.0,2.0,3,7771.0,7772.0,5,7780.0,7756.0,7771.0,7756.0,596.0,23135825.0,8727
2023-05-09 21:11:10,l2312,l2312,7771.0,0.0,0.0,0.0,2,7771.0,7772.0,6,7780.0,7756.0,7771.0,7756.0,596.0,23135825.0,8727
2023-05-09 21:11:11,l2312,l2312,7771.0,0.0,0.0,0.0,2,7771.0,7772.0,10,7780.0,7756.0,7771.0,7756.0,596.0,23135825.0,8727
2023-05-09 21:11:11,l2312,l2312,7771.0,0.0,0.0,0.0,2,7771.0,7772.0,11,7780.0,7756.0,7771.0,7756.0,596.0,23135825.0,8727
2023-05-09 21:11:13,l2312,l2312,7772.0,7.0,272020.0,3.0,1,7772.0,7773.0,6,7780.0,7756.0,7772.0,7756.0,603.0,23407845.0,8730
2023-05-09 21:11:14,l2312,l2312,7772.0,1.0,38860.0,1.0,5,7772.0,7773.0,3,7780.0,7756.0,7772.0,7756.0,604.0,23446705.0,8731
2023-05-09 21:11:14,l2312,l2312,7773.0,2.0,77730.0,0.0,10,7772.0,7773.0,3,7780.0,7756.0,7773.0,7756.0,606.0,23524435.0,8731
2023-05-09 21:11:15,l2312,l2312,7773.0,0.0,0.0,0.0,8,7772.0,7773.0,3,7780.0,7756.0,7773.0,7756.0,606.0,23524435.0,8731
2023-05-09 21:11:16,l2312,l2312,7775.0,16.0,621915.0,2.0,2,7775.0,7776.0,4,7780.0,7756.0,7775.0,7756.0,622.0,24146350.0,8733
2023-05-09 21:11:17,l2312,l2312,7775.0,3.0,116625.0,0.0,2,7775.0,7776.0,5,7780.0,7756.0,7775.0,7756.0,625.0,24262975.0,8733
2023-05-09 21:11:17,l2312,l2312,7775.0,0.0,0.0,0.0,3,7775.0,7776.0,12,7780.0,7756.0,7775.0,7756.0,625.0,24262975.0,8733
2023-05-09 21:11:18,l2312,l2312,7773.0,16.0,621925.0,-5.0,5,7773.0,7774.0,3,7780.0,7756.0,7775.0,7756.0,641.0,24884900.0,8728
2023-05-09 21:11:18,l2312,l2312,7774.0,2.0,77740.0,0.0,1,7773.0,7774.0,4,7780.0,7756.0,7775.0,7756.0,643.0,24962640.0,8728
2023-05-09 21:11:19,l2312,l2312,7773.0,1.0,38865.0,1.0,1,7773.0,7774.0,8,7780.0,7756.0,7775.0,7756.0,644.0,25001505.0,8729
2023-05-09 21:11:19,l2312,l2312,7773.0,0.0,0.0,0.0,16,7772.0,7774.0,10,7780.0,7756.0,7775.0,7756.0,644.0,25001505.0,8729
2023-05-09 21:11:20,l2312,l2312,7773.0,0.0,0.0,0.0,3,7773.0,7774.0,11,7780.0,7756.0,7775.0,7756.0,644.0,25001505.0,8729
2023-05-09 21:11:20,l2312,l2312,7773.0,0.0,0.0,0.0,3,7773.0,7774.0,10,7780.0,7756.0,7775.0,7756.0,644.0,25001505.0,8729
2023-05-09 21:11:21,l2312,l2312,7773.0,0.0,0.0,0.0,1,7773.0,7774.0,13,7780.0,7756.0,7775.0,7756.0,644.0,25001505.0,8729
2023-05-09 21:11:21,l2312,l2312,7773.0,0.0,0.0,0.0,17,7772.0,7774.0,13,7780.0,7756.0,7775.0,7756.0,644.0,25001505.0,8729
2023-05-09 21:11:22,l2312,l2312,7773.0,0.0,0.0,0.0,13,7772.0,7774.0,13,7780.0,7756.0,7775.0,7756.0,644.0,25001505.0,8729
2023-05-09 21:11:23,l2312,l2312,7773.0,1.0,38865.0,-1.0,9,7772.0,7774.0,13,7780.0,7756.0,7775.0,7756.0,645.0,25040370.0,8728
2023-05-09 21:11:24,l2312,l2312,7773.0,0.0,0.0,0.0,7,7772.0,7774.0,14,7780.0,7756.0,7775.0,7756.0,645.0,25040370.0,8728
2023-05-09 21:11:24,l2312,l2312,7773.0,0.0,0.0,0.0,12,7772.0,7774.0,14,7780.0,7756.0,7775.0,7756.0,645.0,25040370.0,8728
2023-05-09 21:11:25,l2312,l2312,7773.0,1.0,38865.0,-1.0,9,7772.0,7773.0,1,7780.0,7756.0,7775.0,7756.0,646.0,25079235.0,8727
2023-05-09 21:11:25,l2312,l2312,7772.0,5.0,194300.0,-3.0,7,7771.0,7773.0,8,7780.0,7756.0,7775.0,7756.0,651.0,25273535.0,8724
2023-05-09 21:11:26,l2312,l2312,7772.0,0.0,0.0,0.0,5,7771.0,7773.0,13,7780.0,7756.0,7775.0,7756.0,651.0,25273535.0,8724
2023-05-09 21:11:26,l2312,l2312,7772.0,0.0,0.0,0.0,11,7771.0,7773.0,11,7780.0,7756.0,7775.0,7756.0,651.0,25273535.0,8724
2023-05-09 21:11:27,l2312,l2312,7772.0,0.0,0.0,0.0,2,7772.0,7773.0,9,7780.0,7756.0,7775.0,7756.0,651.0,25273535.0,8724
2023-05-09 21:11:27,l2312,l2312,7772.0,0.0,0.0,0.0,1,7772.0,7773.0,10,7780.0,7756.0,7775.0,7756.0,651.0,25273535.0,8724
2023-05-09 21:11:28,l2312,l2312,7772.0,0.0,0.0,0.0,4,7772.0,7773.0,10,7780.0,7756.0,7775.0,7756.0,651.0,25273535.0,8724
2023-05-09 21:11:28,l2312,l2312,7772.0,0.0,0.0,0.0,16,7771.0,7773.0,12,7780.0,7756.0,7775.0,7756.0,651.0,25273535.0,8724
2023-05-09 21:11:29,l2312,l2312,7772.0,0.0,0.0,0.0,9,7771.0,7772.0,2,7780.0,7756.0,7775.0,7756.0,651.0,25273535.0,8724
2023-05-09 21:11:29,l2312,l2312,7772.0,0.0,0.0,0.0,7,7771.0,7772.0,4,7780.0,7756.0,7775.0,7756.0,651.0,25273535.0,8724
2023-05-09 21:11:30,l2312,l2312,7772.0,0.0,0.0,0.0,3,7771.0,7772.0,6,7780.0,7756.0,7775.0,7756.0,651.0,25273535.0,8724
2023-05-09 21:11:30,l2312,l2312,7772.0,0.0,0.0,0.0,11,7770.0,7772.0,13,7780.0,7756.0,7775.0,7756.0,651.0,25273535.0,8724
2023-05-09 21:11:31,l2312,l2312,7772.0,0.0,0.0,0.0,7,7770.0,7772.0,14,7780.0,7756.0,7775.0,7756.0,651.0,25273535.0,8724
2023-05-09 21:11:31,l2312,l2312,7772.0,0.0,0.0,0.0,6,7770.0,7772.0,14,7780.0,7756.0,7775.0,7756.0,651.0,25273535.0,8724
2023-05-09 21:11:33,l2312,l2312,7772.0,0.0,0.0,0.0,6,7770.0,7771.0,3,7780.0,7756.0,7775.0,7756.0,651.0,25273535.0,8724
2023-05-09 21:11:34,l2312,l2312,7769.0,9.0,349635.0,1.0,6,7769.0,7770.0,4,7780.0,7756.0,7775.0,7756.0,660.0,25623170.0,8725
