time,symbol_id,symbol_name,last,trade_volume,trade_amount,open_interest_change,bv1,bp1,ap1,av1,yesterday_close,today_open,today_high,today_low,volume,amount,open_interest
2023-05-10 08:58:59,lh2311,lh2311,17875.0,0.0,0.0,0.0,3,17830.0,17900.0,2,17875.0,17830.0,0.0,0.0,0.0,0.0,18889
2023-05-10 09:00:00,lh2311,lh2311,17875.0,0.0,0.0,0.0,3,17830.0,17895.0,1,17875.0,17830.0,0.0,0.0,0.0,0.0,18889
2023-05-10 09:00:01,lh2311,lh2311,17875.0,0.0,0.0,0.0,3,17830.0,17875.0,1,17875.0,17830.0,0.0,0.0,0.0,0.0,18889
2023-05-10 09:00:01,lh2311,lh2311,17875.0,0.0,0.0,0.0,3,17830.0,17860.0,1,17875.0,17830.0,0.0,0.0,0.0,0.0,18889
2023-05-10 09:00:02,lh2311,lh2311,17830.0,2.0,570560.0,0.0,1,17830.0,17850.0,1,17875.0,17830.0,17830.0,17830.0,2.0,570560.0,18889
2023-05-10 09:00:04,lh2311,lh2311,17830.0,0.0,0.0,0.0,1,17830.0,17860.0,1,17875.0,17830.0,17830.0,17830.0,2.0,570560.0,18889
2023-05-10 09:00:04,lh2311,lh2311,17830.0,0.0,0.0,0.0,1,17835.0,17865.0,1,17875.0,17830.0,17830.0,17830.0,2.0,570560.0,18889
2023-05-10 09:00:08,lh2311,lh2311,17830.0,0.0,0.0,0.0,2,17830.0,17850.0,3,17875.0,17830.0,17830.0,17830.0,2.0,570560.0,18889
2023-05-10 09:00:08,lh2311,lh2311,17830.0,0.0,0.0,0.0,1,17830.0,17850.0,3,17875.0,17830.0,17830.0,17830.0,2.0,570560.0,18889
2023-05-10 09:00:11,lh2311,lh2311,17830.0,2.0,570880.0,0.0,1,17825.0,17850.0,2,17875.0,17830.0,17850.0,17830.0,4.0,1141440.0,18889
2023-05-10 09:00:13,lh2311,lh2311,17830.0,0.0,0.0,0.0,2,17825.0,17850.0,2,17875.0,17830.0,17850.0,17830.0,4.0,1141440.0,18889
2023-05-10 09:00:15,lh2311,lh2311,17830.0,0.0,0.0,0.0,1,17825.0,17850.0,2,17875.0,17830.0,17850.0,17830.0,4.0,1141440.0,18889
2023-05-10 09:00:19,lh2311,lh2311,17830.0,0.0,0.0,0.0,3,17820.0,17850.0,2,17875.0,17830.0,17850.0,17830.0,4.0,1141440.0,18889
2023-05-10 09:00:19,lh2311,lh2311,17830.0,0.0,0.0,0.0,1,17820.0,17845.0,1,17875.0,17830.0,17850.0,17830.0,4.0,1141440.0,18889
2023-05-10 09:00:20,lh2311,lh2311,17830.0,0.0,0.0,0.0,1,17820.0,17840.0,1,17875.0,17830.0,17850.0,17830.0,4.0,1141440.0,18889
2023-05-10 09:00:21,lh2311,lh2311,17830.0,0.0,0.0,0.0,1,17820.0,17825.0,1,17875.0,17830.0,17850.0,17830.0,4.0,1141440.0,18889
2023-05-10 09:00:23,lh2311,lh2311,17825.0,1.0,285200.0,0.0,1,17820.0,17835.0,1,17875.0,17830.0,17850.0,17825.0,5.0,1426640.0,18889
2023-05-10 09:00:23,lh2311,lh2311,17825.0,0.0,0.0,0.0,1,17820.0,17840.0,1,17875.0,17830.0,17850.0,17825.0,5.0,1426640.0,18889
2023-05-10 09:00:24,lh2311,lh2311,17825.0,0.0,0.0,0.0,1,17830.0,17845.0,2,17875.0,17830.0,17850.0,17825.0,5.0,1426640.0,18889
2023-05-10 09:00:24,lh2311,lh2311,17830.0,1.0,285280.0,1.0,2,17825.0,17850.0,3,17875.0,17830.0,17850.0,17825.0,6.0,1711920.0,18890
2023-05-10 09:00:25,lh2311,lh2311,17830.0,0.0,0.0,0.0,1,17825.0,17845.0,1,17875.0,17830.0,17850.0,17825.0,6.0,1711920.0,18890
2023-05-10 09:00:26,lh2311,lh2311,17845.0,1.0,285520.0,1.0,2,17825.0,17850.0,3,17875.0,17830.0,17850.0,17825.0,7.0,1997440.0,18891
2023-05-10 09:00:27,lh2311,lh2311,17845.0,0.0,0.0,0.0,2,17830.0,17850.0,2,17875.0,17830.0,17850.0,17825.0,7.0,1997440.0,18891
2023-05-10 09:00:30,lh2311,lh2311,17850.0,1.0,285600.0,0.0,1,17835.0,17850.0,1,17875.0,17830.0,17850.0,17825.0,8.0,2283040.0,18891
2023-05-10 09:00:31,lh2311,lh2311,17850.0,1.0,285600.0,0.0,1,17835.0,17855.0,1,17875.0,17830.0,17850.0,17825.0,9.0,2568640.0,18891
2023-05-10 09:00:32,lh2311,lh2311,17850.0,0.0,0.0,0.0,1,17830.0,17850.0,1,17875.0,17830.0,17850.0,17825.0,9.0,2568640.0,18891
2023-05-10 09:00:33,lh2311,lh2311,17850.0,0.0,0.0,0.0,1,17830.0,17850.0,2,17875.0,17830.0,17850.0,17825.0,9.0,2568640.0,18891
2023-05-10 09:00:33,lh2311,lh2311,17850.0,1.0,285600.0,0.0,3,17825.0,17850.0,1,17875.0,17830.0,17850.0,17825.0,10.0,2854240.0,18891
2023-05-10 09:00:34,lh2311,lh2311,17850.0,0.0,0.0,0.0,2,17825.0,17855.0,4,17875.0,17830.0,17850.0,17825.0,10.0,2854240.0,18891
2023-05-10 09:00:34,lh2311,lh2311,17850.0,0.0,0.0,0.0,1,17830.0,17850.0,1,17875.0,17830.0,17850.0,17825.0,10.0,2854240.0,18891
2023-05-10 09:00:35,lh2311,lh2311,17850.0,0.0,0.0,0.0,1,17835.0,17850.0,1,17875.0,17830.0,17850.0,17825.0,10.0,2854240.0,18891
2023-05-10 09:00:35,lh2311,lh2311,17850.0,0.0,0.0,0.0,2,17835.0,17855.0,2,17875.0,17830.0,17850.0,17825.0,10.0,2854240.0,18891
2023-05-10 09:00:36,lh2311,lh2311,17835.0,1.0,285360.0,1.0,1,17840.0,17855.0,1,17875.0,17830.0,17850.0,17825.0,11.0,3139600.0,18892
2023-05-10 09:00:36,lh2311,lh2311,17840.0,1.0,285440.0,1.0,1,17835.0,17855.0,1,17875.0,17830.0,17850.0,17825.0,12.0,3425040.0,18893
2023-05-10 09:00:37,lh2311,lh2311,17835.0,1.0,285360.0,1.0,1,17835.0,17850.0,1,17875.0,17830.0,17850.0,17825.0,13.0,3710400.0,18894
2023-05-10 09:00:38,lh2311,lh2311,17850.0,1.0,285600.0,1.0,1,17840.0,17850.0,1,17875.0,17830.0,17850.0,17825.0,14.0,3996000.0,18895
2023-05-10 09:00:38,lh2311,lh2311,17850.0,0.0,0.0,0.0,1,17840.0,17855.0,2,17875.0,17830.0,17850.0,17825.0,14.0,3996000.0,18895
2023-05-10 09:00:39,lh2311,lh2311,17840.0,1.0,285440.0,0.0,1,17840.0,17855.0,1,17875.0,17830.0,17850.0,17825.0,15.0,4281440.0,18895
2023-05-10 09:00:39,lh2311,lh2311,17840.0,0.0,0.0,0.0,2,17835.0,17840.0,2,17875.0,17830.0,17850.0,17825.0,15.0,4281440.0,18895
2023-05-10 09:00:40,lh2311,lh2311,17840.0,0.0,0.0,0.0,1,17830.0,17840.0,3,17875.0,17830.0,17850.0,17825.0,15.0,4281440.0,18895
2023-05-10 09:00:40,lh2311,lh2311,17840.0,0.0,0.0,0.0,3,17825.0,17840.0,3,17875.0,17830.0,17850.0,17825.0,15.0,4281440.0,18895
2023-05-10 09:00:41,lh2311,lh2311,17840.0,0.0,0.0,0.0,1,17825.0,17840.0,3,17875.0,17830.0,17850.0,17825.0,15.0,4281440.0,18895
2023-05-10 09:00:41,lh2311,lh2311,17840.0,0.0,0.0,0.0,1,17830.0,17840.0,3,17875.0,17830.0,17850.0,17825.0,15.0,4281440.0,18895
2023-05-10 09:00:42,lh2311,lh2311,17840.0,1.0,285440.0,0.0,1,17830.0,17840.0,2,17875.0,17830.0,17850.0,17825.0,16.0,4566880.0,18895
2023-05-10 09:00:43,lh2311,lh2311,17840.0,0.0,0.0,0.0,1,17830.0,17840.0,1,17875.0,17830.0,17850.0,17825.0,16.0,4566880.0,18895
2023-05-10 09:00:45,lh2311,lh2311,17840.0,0.0,0.0,0.0,1,17830.0,17840.0,4,17875.0,17830.0,17850.0,17825.0,16.0,4566880.0,18895
2023-05-10 09:00:46,lh2311,lh2311,17840.0,0.0,0.0,0.0,1,17830.0,17840.0,5,17875.0,17830.0,17850.0,17825.0,16.0,4566880.0,18895
2023-05-10 09:00:46,lh2311,lh2311,17840.0,0.0,0.0,0.0,1,17830.0,17840.0,6,17875.0,17830.0,17850.0,17825.0,16.0,4566880.0,18895
2023-05-10 09:00:46,lh2311,lh2311,17840.0,0.0,0.0,0.0,1,17830.0,17840.0,5,17875.0,17830.0,17850.0,17825.0,16.0,4566880.0,18895
2023-05-10 09:00:47,lh2311,lh2311,17830.0,1.0,285280.0,1.0,3,17825.0,17830.0,4,17875.0,17830.0,17850.0,17825.0,17.0,4852160.0,18896
2023-05-10 09:00:48,lh2311,lh2311,17830.0,0.0,0.0,0.0,1,17825.0,17830.0,4,17875.0,17830.0,17850.0,17825.0,17.0,4852160.0,18896
2023-05-10 09:00:48,lh2311,lh2311,17830.0,0.0,0.0,0.0,1,17825.0,17830.0,5,17875.0,17830.0,17850.0,17825.0,17.0,4852160.0,18896
2023-05-10 09:00:49,lh2311,lh2311,17825.0,1.0,285200.0,0.0,1,17820.0,17830.0,6,17875.0,17830.0,17850.0,17825.0,18.0,5137360.0,18896
2023-05-10 09:00:50,lh2311,lh2311,17825.0,0.0,0.0,0.0,1,17820.0,17830.0,7,17875.0,17830.0,17850.0,17825.0,18.0,5137360.0,18896
2023-05-10 09:00:51,lh2311,lh2311,17825.0,0.0,0.0,0.0,1,17820.0,17830.0,6,17875.0,17830.0,17850.0,17825.0,18.0,5137360.0,18896
2023-05-10 09:00:52,lh2311,lh2311,17825.0,0.0,0.0,0.0,1,17820.0,17830.0,5,17875.0,17830.0,17850.0,17825.0,18.0,5137360.0,18896
2023-05-10 09:00:53,lh2311,lh2311,17825.0,0.0,0.0,0.0,1,17825.0,17830.0,4,17875.0,17830.0,17850.0,17825.0,18.0,5137360.0,18896
2023-05-10 09:00:54,lh2311,lh2311,17830.0,4.0,1141120.0,4.0,2,17825.0,17835.0,2,17875.0,17830.0,17850.0,17825.0,22.0,6278480.0,18900
2023-05-10 09:00:54,lh2311,lh2311,17830.0,0.0,0.0,0.0,2,17825.0,17840.0,7,17875.0,17830.0,17850.0,17825.0,22.0,6278480.0,18900
2023-05-10 09:00:55,lh2311,lh2311,17830.0,0.0,0.0,0.0,3,17825.0,17840.0,4,17875.0,17830.0,17850.0,17825.0,22.0,6278480.0,18900
2023-05-10 09:00:55,lh2311,lh2311,17830.0,0.0,0.0,0.0,3,17825.0,17840.0,5,17875.0,17830.0,17850.0,17825.0,22.0,6278480.0,18900
2023-05-10 09:00:56,lh2311,lh2311,17830.0,0.0,0.0,0.0,2,17825.0,17840.0,4,17875.0,17830.0,17850.0,17825.0,22.0,6278480.0,18900
2023-05-10 09:00:56,lh2311,lh2311,17830.0,0.0,0.0,0.0,2,17825.0,17835.0,1,17875.0,17830.0,17850.0,17825.0,22.0,6278480.0,18900
2023-05-10 09:00:57,lh2311,lh2311,17830.0,0.0,0.0,0.0,1,17825.0,17835.0,1,17875.0,17830.0,17850.0,17825.0,22.0,6278480.0,18900
2023-05-10 09:00:58,lh2311,lh2311,17830.0,0.0,0.0,0.0,1,17825.0,17835.0,2,17875.0,17830.0,17850.0,17825.0,22.0,6278480.0,18900
2023-05-10 09:00:59,lh2311,lh2311,17830.0,0.0,0.0,0.0,1,17825.0,17835.0,1,17875.0,17830.0,17850.0,17825.0,22.0,6278480.0,18900
2023-05-10 09:01:00,lh2311,lh2311,17825.0,1.0,285200.0,0.0,4,17820.0,17835.0,1,17875.0,17830.0,17850.0,17825.0,23.0,6563680.0,18900
2023-05-10 09:01:00,lh2311,lh2311,17825.0,0.0,0.0,0.0,2,17820.0,17835.0,1,17875.0,17830.0,17850.0,17825.0,23.0,6563680.0,18900
2023-05-10 09:01:01,lh2311,lh2311,17825.0,0.0,0.0,0.0,1,17820.0,17835.0,1,17875.0,17830.0,17850.0,17825.0,23.0,6563680.0,18900
2023-05-10 09:01:02,lh2311,lh2311,17820.0,1.0,285120.0,1.0,2,17815.0,17835.0,1,17875.0,17830.0,17850.0,17820.0,24.0,6848800.0,18901
2023-05-10 09:01:02,lh2311,lh2311,17820.0,0.0,0.0,0.0,1,17815.0,17835.0,1,17875.0,17830.0,17850.0,17820.0,24.0,6848800.0,18901
2023-05-10 09:01:04,lh2311,lh2311,17820.0,0.0,0.0,0.0,10,17810.0,17820.0,1,17875.0,17830.0,17850.0,17820.0,24.0,6848800.0,18901
2023-05-10 09:01:04,lh2311,lh2311,17820.0,0.0,0.0,0.0,7,17810.0,17820.0,1,17875.0,17830.0,17850.0,17820.0,24.0,6848800.0,18901
2023-05-10 09:01:05,lh2311,lh2311,17820.0,1.0,285120.0,1.0,8,17810.0,17825.0,3,17875.0,17830.0,17850.0,17820.0,25.0,7133920.0,18902
2023-05-10 09:01:05,lh2311,lh2311,17820.0,0.0,0.0,0.0,8,17810.0,17830.0,3,17875.0,17830.0,17850.0,17820.0,25.0,7133920.0,18902
2023-05-10 09:01:06,lh2311,lh2311,17820.0,0.0,0.0,0.0,1,17815.0,17830.0,1,17875.0,17830.0,17850.0,17820.0,25.0,7133920.0,18902
2023-05-10 09:01:06,lh2311,lh2311,17810.0,11.0,3134640.0,-2.0,4,17805.0,17810.0,3,17875.0,17830.0,17850.0,17810.0,36.0,10268560.0,18900
2023-05-10 09:01:07,lh2311,lh2311,17810.0,1.0,284960.0,1.0,6,17800.0,17810.0,3,17875.0,17830.0,17850.0,17810.0,37.0,10553520.0,18901
2023-05-10 09:01:07,lh2311,lh2311,17810.0,0.0,0.0,0.0,5,17800.0,17810.0,3,17875.0,17830.0,17850.0,17810.0,37.0,10553520.0,18901
2023-05-10 09:01:09,lh2311,lh2311,17810.0,1.0,284960.0,0.0,5,17800.0,17810.0,2,17875.0,17830.0,17850.0,17810.0,38.0,10838480.0,18901
2023-05-10 09:01:11,lh2311,lh2311,17800.0,1.0,284800.0,0.0,4,17800.0,17810.0,2,17875.0,17830.0,17850.0,17800.0,39.0,11123280.0,18901
2023-05-10 09:01:11,lh2311,lh2311,17795.0,9.0,2563120.0,-1.0,2,17790.0,17795.0,3,17875.0,17830.0,17850.0,17795.0,48.0,13686400.0,18900
2023-05-10 09:01:12,lh2311,lh2311,17780.0,5.0,1422800.0,-1.0,6,17775.0,17790.0,2,17875.0,17830.0,17850.0,17780.0,53.0,15109200.0,18899
2023-05-10 09:01:12,lh2311,lh2311,17770.0,8.0,2274800.0,1.0,5,17760.0,17770.0,2,17875.0,17830.0,17850.0,17770.0,61.0,17384000.0,18900
2023-05-10 09:01:13,lh2311,lh2311,17760.0,1.0,284160.0,1.0,4,17755.0,17760.0,1,17875.0,17830.0,17850.0,17760.0,62.0,17668160.0,18901
2023-05-10 09:01:13,lh2311,lh2311,17740.0,13.0,3690960.0,0.0,2,17735.0,17740.0,5,17875.0,17830.0,17850.0,17740.0,75.0,21359120.0,18901
2023-05-10 09:01:14,lh2311,lh2311,17720.0,17.0,4823280.0,-3.0,3,17720.0,17725.0,1,17875.0,17830.0,17850.0,17720.0,92.0,26182400.0,18898
2023-05-10 09:01:14,lh2311,lh2311,17755.0,13.0,3689200.0,-4.0,1,17755.0,17760.0,1,17875.0,17830.0,17850.0,17720.0,105.0,29871600.0,18894
2023-05-10 09:01:15,lh2311,lh2311,17760.0,5.0,1420320.0,1.0,1,17750.0,17770.0,2,17875.0,17830.0,17850.0,17720.0,110.0,31291920.0,18895
2023-05-10 09:01:15,lh2311,lh2311,17725.0,12.0,3405280.0,-3.0,1,17720.0,17730.0,1,17875.0,17830.0,17850.0,17720.0,122.0,34697200.0,18892
2023-05-10 09:01:16,lh2311,lh2311,17735.0,9.0,2553440.0,5.0,8,17700.0,17740.0,1,17875.0,17830.0,17850.0,17720.0,131.0,37250640.0,18897
2023-05-10 09:01:16,lh2311,lh2311,17735.0,0.0,0.0,0.0,2,17720.0,17750.0,1,17875.0,17830.0,17850.0,17720.0,131.0,37250640.0,18897
2023-05-10 09:01:17,lh2311,lh2311,17760.0,3.0,852240.0,1.0,1,17760.0,17770.0,1,17875.0,17830.0,17850.0,17720.0,134.0,38102880.0,18898
2023-05-10 09:01:17,lh2311,lh2311,17715.0,5.0,1418960.0,1.0,1,17735.0,17750.0,2,17875.0,17830.0,17850.0,17715.0,139.0,39521840.0,18899
2023-05-10 09:01:18,lh2311,lh2311,17715.0,0.0,0.0,0.0,1,17745.0,17760.0,2,17875.0,17830.0,17850.0,17715.0,139.0,39521840.0,18899
2023-05-10 09:01:18,lh2311,lh2311,17715.0,0.0,0.0,0.0,2,17745.0,17770.0,2,17875.0,17830.0,17850.0,17715.0,139.0,39521840.0,18899
2023-05-10 09:01:19,lh2311,lh2311,17715.0,0.0,0.0,0.0,1,17750.0,17770.0,1,17875.0,17830.0,17850.0,17715.0,139.0,39521840.0,18899
2023-05-10 09:01:19,lh2311,lh2311,17715.0,0.0,0.0,0.0,1,17750.0,17770.0,2,17875.0,17830.0,17850.0,17715.0,139.0,39521840.0,18899
2023-05-10 09:01:20,lh2311,lh2311,17770.0,1.0,284320.0,0.0,2,17755.0,17770.0,1,17875.0,17830.0,17850.0,17715.0,140.0,39806160.0,18899
2023-05-10 09:01:20,lh2311,lh2311,17770.0,0.0,0.0,0.0,2,17760.0,17775.0,2,17875.0,17830.0,17850.0,17715.0,140.0,39806160.0,18899
2023-05-10 09:01:21,lh2311,lh2311,17770.0,1.0,284320.0,1.0,2,17760.0,17780.0,2,17875.0,17830.0,17850.0,17715.0,141.0,40090480.0,18900
2023-05-10 09:01:21,lh2311,lh2311,17775.0,1.0,284400.0,1.0,1,17760.0,17785.0,3,17875.0,17830.0,17850.0,17715.0,142.0,40374880.0,18901
2023-05-10 09:01:22,lh2311,lh2311,17775.0,0.0,0.0,0.0,1,17775.0,17785.0,2,17875.0,17830.0,17850.0,17715.0,142.0,40374880.0,18901
2023-05-10 09:01:22,lh2311,lh2311,17775.0,4.0,1137440.0,1.0,1,17770.0,17785.0,2,17875.0,17830.0,17850.0,17715.0,146.0,41512320.0,18902
2023-05-10 09:01:23,lh2311,lh2311,17770.0,2.0,568640.0,-1.0,3,17765.0,17775.0,1,17875.0,17830.0,17850.0,17715.0,148.0,42080960.0,18901
2023-05-10 09:01:23,lh2311,lh2311,17770.0,0.0,0.0,0.0,3,17765.0,17785.0,2,17875.0,17830.0,17850.0,17715.0,148.0,42080960.0,18901
2023-05-10 09:01:24,lh2311,lh2311,17770.0,0.0,0.0,0.0,2,17765.0,17790.0,2,17875.0,17830.0,17850.0,17715.0,148.0,42080960.0,18901
2023-05-10 09:01:24,lh2311,lh2311,17770.0,2.0,568640.0,0.0,3,17765.0,17775.0,1,17875.0,17830.0,17850.0,17715.0,150.0,42649600.0,18901
2023-05-10 09:01:25,lh2311,lh2311,17770.0,0.0,0.0,0.0,1,17775.0,17785.0,2,17875.0,17830.0,17850.0,17715.0,150.0,42649600.0,18901
2023-05-10 09:01:25,lh2311,lh2311,17770.0,0.0,0.0,0.0,1,17775.0,17790.0,1,17875.0,17830.0,17850.0,17715.0,150.0,42649600.0,18901
2023-05-10 09:01:26,lh2311,lh2311,17770.0,0.0,0.0,0.0,1,17785.0,17790.0,1,17875.0,17830.0,17850.0,17715.0,150.0,42649600.0,18901
2023-05-10 09:01:26,lh2311,lh2311,17775.0,5.0,1422000.0,-2.0,4,17775.0,17790.0,1,17875.0,17830.0,17850.0,17715.0,155.0,44071600.0,18899
2023-05-10 09:01:27,lh2311,lh2311,17775.0,0.0,0.0,0.0,1,17775.0,17790.0,1,17875.0,17830.0,17850.0,17715.0,155.0,44071600.0,18899
2023-05-10 09:01:27,lh2311,lh2311,17775.0,0.0,0.0,0.0,1,17775.0,17785.0,2,17875.0,17830.0,17850.0,17715.0,155.0,44071600.0,18899
2023-05-10 09:01:30,lh2311,lh2311,17775.0,1.0,284400.0,0.0,2,17770.0,17775.0,1,17875.0,17830.0,17850.0,17715.0,156.0,44356000.0,18899
2023-05-10 09:01:30,lh2311,lh2311,17780.0,2.0,568880.0,0.0,1,17780.0,17785.0,3,17875.0,17830.0,17850.0,17715.0,158.0,44924880.0,18899
2023-05-10 09:01:31,lh2311,lh2311,17785.0,1.0,284560.0,1.0,2,17775.0,17780.0,1,17875.0,17830.0,17850.0,17715.0,159.0,45209440.0,18900
2023-05-10 09:01:31,lh2311,lh2311,17785.0,1.0,284560.0,1.0,2,17775.0,17785.0,1,17875.0,17830.0,17850.0,17715.0,160.0,45494000.0,18901
2023-05-10 09:01:34,lh2311,lh2311,17785.0,1.0,284560.0,1.0,2,17775.0,17790.0,1,17875.0,17830.0,17850.0,17715.0,161.0,45778560.0,18902
2023-05-10 09:01:35,lh2311,lh2311,17775.0,1.0,284400.0,0.0,1,17780.0,17790.0,1,17875.0,17830.0,17850.0,17715.0,162.0,46062960.0,18902
2023-05-10 09:01:37,lh2311,lh2311,17775.0,0.0,0.0,0.0,1,17780.0,17790.0,2,17875.0,17830.0,17850.0,17715.0,162.0,46062960.0,18902
2023-05-10 09:01:39,lh2311,lh2311,17775.0,0.0,0.0,0.0,1,17780.0,17785.0,1,17875.0,17830.0,17850.0,17715.0,162.0,46062960.0,18902
2023-05-10 09:01:41,lh2311,lh2311,17775.0,0.0,0.0,0.0,1,17785.0,17790.0,3,17875.0,17830.0,17850.0,17715.0,162.0,46062960.0,18902
2023-05-10 09:01:41,lh2311,lh2311,17780.0,2.0,568960.0,0.0,1,17780.0,17790.0,2,17875.0,17830.0,17850.0,17715.0,164.0,46631920.0,18902
2023-05-10 09:01:42,lh2311,lh2311,17780.0,0.0,0.0,0.0,1,17775.0,17790.0,2,17875.0,17830.0,17850.0,17715.0,164.0,46631920.0,18902
2023-05-10 09:01:42,lh2311,lh2311,17780.0,0.0,0.0,0.0,1,17780.0,17785.0,1,17875.0,17830.0,17850.0,17715.0,164.0,46631920.0,18902
2023-05-10 09:01:43,lh2311,lh2311,17780.0,1.0,284480.0,1.0,2,17775.0,17790.0,3,17875.0,17830.0,17850.0,17715.0,165.0,46916400.0,18903
2023-05-10 09:01:44,lh2311,lh2311,17780.0,0.0,0.0,0.0,1,17775.0,17790.0,2,17875.0,17830.0,17850.0,17715.0,165.0,46916400.0,18903
2023-05-10 09:01:44,lh2311,lh2311,17780.0,0.0,0.0,0.0,1,17775.0,17785.0,1,17875.0,17830.0,17850.0,17715.0,165.0,46916400.0,18903
2023-05-10 09:01:45,lh2311,lh2311,17780.0,0.0,0.0,0.0,1,17780.0,17785.0,1,17875.0,17830.0,17850.0,17715.0,165.0,46916400.0,18903
2023-05-10 09:01:45,lh2311,lh2311,17785.0,1.0,284560.0,1.0,1,17780.0,17790.0,2,17875.0,17830.0,17850.0,17715.0,166.0,47200960.0,18904
2023-05-10 09:01:48,lh2311,lh2311,17790.0,1.0,284640.0,1.0,1,17780.0,17790.0,1,17875.0,17830.0,17850.0,17715.0,167.0,47485600.0,18905
2023-05-10 09:01:48,lh2311,lh2311,17790.0,0.0,0.0,0.0,1,17780.0,17795.0,3,17875.0,17830.0,17850.0,17715.0,167.0,47485600.0,18905
2023-05-10 09:01:49,lh2311,lh2311,17790.0,0.0,0.0,0.0,1,17780.0,17795.0,1,17875.0,17830.0,17850.0,17715.0,167.0,47485600.0,18905
2023-05-10 09:01:49,lh2311,lh2311,17790.0,0.0,0.0,0.0,2,17780.0,17795.0,1,17875.0,17830.0,17850.0,17715.0,167.0,47485600.0,18905
2023-05-10 09:01:50,lh2311,lh2311,17790.0,0.0,0.0,0.0,1,17785.0,17795.0,1,17875.0,17830.0,17850.0,17715.0,167.0,47485600.0,18905
2023-05-10 09:01:52,lh2311,lh2311,17795.0,1.0,284720.0,1.0,4,17795.0,17800.0,27,17875.0,17830.0,17850.0,17715.0,168.0,47770320.0,18906
2023-05-10 09:01:52,lh2311,lh2311,17795.0,0.0,0.0,0.0,4,17795.0,17800.0,25,17875.0,17830.0,17850.0,17715.0,168.0,47770320.0,18906
2023-05-10 09:01:54,lh2311,lh2311,17800.0,1.0,284800.0,0.0,4,17795.0,17800.0,24,17875.0,17830.0,17850.0,17715.0,169.0,48055120.0,18906
2023-05-10 09:01:54,lh2311,lh2311,17800.0,0.0,0.0,0.0,4,17795.0,17800.0,23,17875.0,17830.0,17850.0,17715.0,169.0,48055120.0,18906
2023-05-10 09:01:55,lh2311,lh2311,17795.0,4.0,1138880.0,4.0,2,17790.0,17800.0,25,17875.0,17830.0,17850.0,17715.0,173.0,49194000.0,18910
2023-05-10 09:01:55,lh2311,lh2311,17795.0,0.0,0.0,0.0,1,17790.0,17800.0,26,17875.0,17830.0,17850.0,17715.0,173.0,49194000.0,18910
2023-05-10 09:01:56,lh2311,lh2311,17795.0,0.0,0.0,0.0,3,17785.0,17800.0,27,17875.0,17830.0,17850.0,17715.0,173.0,49194000.0,18910
2023-05-10 09:01:56,lh2311,lh2311,17795.0,0.0,0.0,0.0,4,17785.0,17800.0,26,17875.0,17830.0,17850.0,17715.0,173.0,49194000.0,18910
2023-05-10 09:01:57,lh2311,lh2311,17795.0,0.0,0.0,0.0,4,17785.0,17795.0,1,17875.0,17830.0,17850.0,17715.0,173.0,49194000.0,18910
2023-05-10 09:01:57,lh2311,lh2311,17795.0,0.0,0.0,0.0,4,17785.0,17795.0,2,17875.0,17830.0,17850.0,17715.0,173.0,49194000.0,18910
2023-05-10 09:01:58,lh2311,lh2311,17795.0,0.0,0.0,0.0,4,17785.0,17795.0,1,17875.0,17830.0,17850.0,17715.0,173.0,49194000.0,18910
2023-05-10 09:01:58,lh2311,lh2311,17795.0,0.0,0.0,0.0,1,17790.0,17795.0,1,17875.0,17830.0,17850.0,17715.0,173.0,49194000.0,18910
2023-05-10 09:02:02,lh2311,lh2311,17795.0,0.0,0.0,0.0,1,17790.0,17795.0,2,17875.0,17830.0,17850.0,17715.0,173.0,49194000.0,18910
2023-05-10 09:02:03,lh2311,lh2311,17790.0,1.0,284640.0,0.0,2,17785.0,17795.0,1,17875.0,17830.0,17850.0,17715.0,174.0,49478640.0,18910
2023-05-10 09:02:03,lh2311,lh2311,17790.0,0.0,0.0,0.0,1,17785.0,17795.0,2,17875.0,17830.0,17850.0,17715.0,174.0,49478640.0,18910
2023-05-10 09:02:08,lh2311,lh2311,17790.0,0.0,0.0,0.0,2,17785.0,17795.0,2,17875.0,17830.0,17850.0,17715.0,174.0,49478640.0,18910
2023-05-10 09:02:09,lh2311,lh2311,17790.0,0.0,0.0,0.0,1,17785.0,17795.0,2,17875.0,17830.0,17850.0,17715.0,174.0,49478640.0,18910
2023-05-10 09:02:10,lh2311,lh2311,17785.0,1.0,284560.0,1.0,1,17780.0,17795.0,2,17875.0,17830.0,17850.0,17715.0,175.0,49763200.0,18911
2023-05-10 09:02:10,lh2311,lh2311,17785.0,0.0,0.0,0.0,2,17780.0,17795.0,2,17875.0,17830.0,17850.0,17715.0,175.0,49763200.0,18911
2023-05-10 09:02:11,lh2311,lh2311,17785.0,0.0,0.0,0.0,5,17775.0,17795.0,2,17875.0,17830.0,17850.0,17715.0,175.0,49763200.0,18911
2023-05-10 09:02:11,lh2311,lh2311,17785.0,0.0,0.0,0.0,1,17775.0,17795.0,2,17875.0,17830.0,17850.0,17715.0,175.0,49763200.0,18911
2023-05-10 09:02:12,lh2311,lh2311,17785.0,0.0,0.0,0.0,1,17775.0,17790.0,1,17875.0,17830.0,17850.0,17715.0,175.0,49763200.0,18911
2023-05-10 09:02:12,lh2311,lh2311,17785.0,0.0,0.0,0.0,4,17770.0,17790.0,1,17875.0,17830.0,17850.0,17715.0,175.0,49763200.0,18911
2023-05-10 09:02:13,lh2311,lh2311,17785.0,0.0,0.0,0.0,2,17770.0,17790.0,1,17875.0,17830.0,17850.0,17715.0,175.0,49763200.0,18911
2023-05-10 09:02:13,lh2311,lh2311,17780.0,1.0,284480.0,0.0,2,17775.0,17780.0,1,17875.0,17830.0,17850.0,17715.0,176.0,50047680.0,18911
2023-05-10 09:02:14,lh2311,lh2311,17780.0,0.0,0.0,0.0,1,17770.0,17785.0,2,17875.0,17830.0,17850.0,17715.0,176.0,50047680.0,18911
2023-05-10 09:02:15,lh2311,lh2311,17780.0,0.0,0.0,0.0,10,17765.0,17785.0,3,17875.0,17830.0,17850.0,17715.0,176.0,50047680.0,18911
2023-05-10 09:02:15,lh2311,lh2311,17780.0,0.0,0.0,0.0,6,17765.0,17785.0,2,17875.0,17830.0,17850.0,17715.0,176.0,50047680.0,18911
2023-05-10 09:02:16,lh2311,lh2311,17780.0,0.0,0.0,0.0,3,17765.0,17780.0,2,17875.0,17830.0,17850.0,17715.0,176.0,50047680.0,18911
2023-05-10 09:02:16,lh2311,lh2311,17760.0,8.0,2273680.0,4.0,3,17755.0,17760.0,2,17875.0,17830.0,17850.0,17715.0,184.0,52321360.0,18915
2023-05-10 09:02:17,lh2311,lh2311,17760.0,1.0,284160.0,0.0,2,17755.0,17760.0,1,17875.0,17830.0,17850.0,17715.0,185.0,52605520.0,18915
2023-05-10 09:02:17,lh2311,lh2311,17760.0,0.0,0.0,0.0,1,17755.0,17760.0,2,17875.0,17830.0,17850.0,17715.0,185.0,52605520.0,18915
2023-05-10 09:02:19,lh2311,lh2311,17760.0,0.0,0.0,0.0,2,17755.0,17760.0,1,17875.0,17830.0,17850.0,17715.0,185.0,52605520.0,18915
2023-05-10 09:02:20,lh2311,lh2311,17760.0,0.0,0.0,0.0,1,17755.0,17760.0,1,17875.0,17830.0,17850.0,17715.0,185.0,52605520.0,18915
2023-05-10 09:02:20,lh2311,lh2311,17760.0,1.0,284160.0,0.0,1,17760.0,17765.0,3,17875.0,17830.0,17850.0,17715.0,186.0,52889680.0,18915
2023-05-10 09:02:21,lh2311,lh2311,17760.0,0.0,0.0,0.0,1,17760.0,17770.0,1,17875.0,17830.0,17850.0,17715.0,186.0,52889680.0,18915
2023-05-10 09:02:21,lh2311,lh2311,17760.0,0.0,0.0,0.0,1,17760.0,17775.0,2,17875.0,17830.0,17850.0,17715.0,186.0,52889680.0,18915
2023-05-10 09:02:22,lh2311,lh2311,17760.0,0.0,0.0,0.0,2,17760.0,17775.0,1,17875.0,17830.0,17850.0,17715.0,186.0,52889680.0,18915
2023-05-10 09:02:22,lh2311,lh2311,17760.0,0.0,0.0,0.0,3,17760.0,17775.0,1,17875.0,17830.0,17850.0,17715.0,186.0,52889680.0,18915
2023-05-10 09:02:23,lh2311,lh2311,17775.0,1.0,284400.0,1.0,4,17775.0,17780.0,2,17875.0,17830.0,17850.0,17715.0,187.0,53174080.0,18916
2023-05-10 09:02:24,lh2311,lh2311,17775.0,0.0,0.0,0.0,6,17775.0,17790.0,6,17875.0,17830.0,17850.0,17715.0,187.0,53174080.0,18916
2023-05-10 09:02:24,lh2311,lh2311,17775.0,0.0,0.0,0.0,8,17775.0,17790.0,1,17875.0,17830.0,17850.0,17715.0,187.0,53174080.0,18916
2023-05-10 09:02:25,lh2311,lh2311,17775.0,0.0,0.0,0.0,1,17780.0,17795.0,2,17875.0,17830.0,17850.0,17715.0,187.0,53174080.0,18916
2023-05-10 09:02:25,lh2311,lh2311,17775.0,0.0,0.0,0.0,8,17775.0,17790.0,1,17875.0,17830.0,17850.0,17715.0,187.0,53174080.0,18916
2023-05-10 09:02:26,lh2311,lh2311,17775.0,0.0,0.0,0.0,8,17775.0,17795.0,5,17875.0,17830.0,17850.0,17715.0,187.0,53174080.0,18916
2023-05-10 09:02:26,lh2311,lh2311,17775.0,0.0,0.0,0.0,10,17775.0,17795.0,2,17875.0,17830.0,17850.0,17715.0,187.0,53174080.0,18916
2023-05-10 09:02:27,lh2311,lh2311,17775.0,0.0,0.0,0.0,11,17775.0,17795.0,2,17875.0,17830.0,17850.0,17715.0,187.0,53174080.0,18916
2023-05-10 09:02:27,lh2311,lh2311,17775.0,0.0,0.0,0.0,2,17780.0,17795.0,2,17875.0,17830.0,17850.0,17715.0,187.0,53174080.0,18916
2023-05-10 09:02:28,lh2311,lh2311,17775.0,0.0,0.0,0.0,1,17780.0,17795.0,2,17875.0,17830.0,17850.0,17715.0,187.0,53174080.0,18916
2023-05-10 09:02:28,lh2311,lh2311,17775.0,0.0,0.0,0.0,1,17780.0,17795.0,3,17875.0,17830.0,17850.0,17715.0,187.0,53174080.0,18916
2023-05-10 09:02:29,lh2311,lh2311,17715.0,56.0,15894000.0,48.0,1,17715.0,17720.0,1,17875.0,17830.0,17850.0,17715.0,243.0,69068080.0,18964
2023-05-10 09:02:29,lh2311,lh2311,17725.0,9.0,2551840.0,1.0,1,17725.0,17730.0,1,17875.0,17830.0,17850.0,17710.0,252.0,71619920.0,18965
2023-05-10 09:02:30,lh2311,lh2311,17725.0,3.0,850960.0,1.0,1,17725.0,17735.0,1,17875.0,17830.0,17850.0,17710.0,255.0,72470880.0,18966
2023-05-10 09:02:30,lh2311,lh2311,17735.0,1.0,283760.0,-1.0,1,17725.0,17740.0,1,17875.0,17830.0,17850.0,17710.0,256.0,72754640.0,18965
2023-05-10 09:02:31,lh2311,lh2311,17725.0,1.0,283600.0,1.0,3,17730.0,17745.0,3,17875.0,17830.0,17850.0,17710.0,257.0,73038240.0,18966
2023-05-10 09:02:31,lh2311,lh2311,17725.0,0.0,0.0,0.0,7,17730.0,17745.0,1,17875.0,17830.0,17850.0,17710.0,257.0,73038240.0,18966
2023-05-10 09:02:32,lh2311,lh2311,17725.0,0.0,0.0,0.0,9,17730.0,17745.0,1,17875.0,17830.0,17850.0,17710.0,257.0,73038240.0,18966
2023-05-10 09:02:32,lh2311,lh2311,17725.0,0.0,0.0,0.0,1,17745.0,17750.0,5,17875.0,17830.0,17850.0,17710.0,257.0,73038240.0,18966
2023-05-10 09:02:33,lh2311,lh2311,17725.0,0.0,0.0,0.0,1,17745.0,17750.0,1,17875.0,17830.0,17850.0,17710.0,257.0,73038240.0,18966
2023-05-10 09:02:34,lh2311,lh2311,17750.0,1.0,284000.0,0.0,1,17745.0,17755.0,1,17875.0,17830.0,17850.0,17710.0,258.0,73322240.0,18966
2023-05-10 09:02:35,lh2311,lh2311,17750.0,0.0,0.0,0.0,1,17750.0,17760.0,2,17875.0,17830.0,17850.0,17710.0,258.0,73322240.0,18966
2023-05-10 09:02:35,lh2311,lh2311,17750.0,0.0,0.0,0.0,1,17750.0,17760.0,1,17875.0,17830.0,17850.0,17710.0,258.0,73322240.0,18966
2023-05-10 09:02:36,lh2311,lh2311,17750.0,0.0,0.0,0.0,1,17750.0,17765.0,1,17875.0,17830.0,17850.0,17710.0,258.0,73322240.0,18966
2023-05-10 09:02:37,lh2311,lh2311,17750.0,0.0,0.0,0.0,2,17750.0,17765.0,1,17875.0,17830.0,17850.0,17710.0,258.0,73322240.0,18966
2023-05-10 09:02:39,lh2311,lh2311,17750.0,2.0,568000.0,2.0,9,17745.0,17750.0,2,17875.0,17830.0,17850.0,17710.0,260.0,73890240.0,18968
2023-05-10 09:02:40,lh2311,lh2311,17750.0,0.0,0.0,0.0,1,17745.0,17750.0,2,17875.0,17830.0,17850.0,17710.0,260.0,73890240.0,18968
2023-05-10 09:02:40,lh2311,lh2311,17750.0,0.0,0.0,0.0,1,17745.0,17750.0,3,17875.0,17830.0,17850.0,17710.0,260.0,73890240.0,18968
2023-05-10 09:02:41,lh2311,lh2311,17750.0,0.0,0.0,0.0,1,17745.0,17750.0,7,17875.0,17830.0,17850.0,17710.0,260.0,73890240.0,18968
2023-05-10 09:02:42,lh2311,lh2311,17750.0,0.0,0.0,0.0,1,17745.0,17750.0,9,17875.0,17830.0,17850.0,17710.0,260.0,73890240.0,18968
2023-05-10 09:02:43,lh2311,lh2311,17745.0,1.0,283920.0,1.0,3,17740.0,17745.0,1,17875.0,17830.0,17850.0,17710.0,261.0,74174160.0,18969
2023-05-10 09:02:44,lh2311,lh2311,17745.0,1.0,283920.0,1.0,3,17740.0,17750.0,11,17875.0,17830.0,17850.0,17710.0,262.0,74458080.0,18970
2023-05-10 09:02:45,lh2311,lh2311,17745.0,0.0,0.0,0.0,3,17740.0,17750.0,10,17875.0,17830.0,17850.0,17710.0,262.0,74458080.0,18970
2023-05-10 09:02:45,lh2311,lh2311,17745.0,0.0,0.0,0.0,3,17740.0,17750.0,11,17875.0,17830.0,17850.0,17710.0,262.0,74458080.0,18970
2023-05-10 09:02:46,lh2311,lh2311,17750.0,2.0,568000.0,1.0,3,17740.0,17750.0,8,17875.0,17830.0,17850.0,17710.0,264.0,75026080.0,18971
2023-05-10 09:02:47,lh2311,lh2311,17750.0,0.0,0.0,0.0,3,17740.0,17750.0,7,17875.0,17830.0,17850.0,17710.0,264.0,75026080.0,18971
2023-05-10 09:02:48,lh2311,lh2311,17750.0,1.0,284000.0,1.0,3,17740.0,17750.0,3,17875.0,17830.0,17850.0,17710.0,265.0,75310080.0,18972
2023-05-10 09:02:48,lh2311,lh2311,17730.0,33.0,9359520.0,20.0,1,17715.0,17730.0,2,17875.0,17830.0,17850.0,17700.0,298.0,84669600.0,18992
2023-05-10 09:02:49,lh2311,lh2311,17730.0,4.0,1134720.0,0.0,1,17710.0,17725.0,1,17875.0,17830.0,17850.0,17700.0,302.0,85804320.0,18992
2023-05-10 09:02:49,lh2311,lh2311,17730.0,1.0,283680.0,0.0,1,17715.0,17725.0,2,17875.0,17830.0,17850.0,17700.0,303.0,86088000.0,18992
2023-05-10 09:02:50,lh2311,lh2311,17730.0,0.0,0.0,0.0,1,17715.0,17725.0,3,17875.0,17830.0,17850.0,17700.0,303.0,86088000.0,18992
2023-05-10 09:02:50,lh2311,lh2311,17730.0,0.0,0.0,0.0,1,17710.0,17725.0,3,17875.0,17830.0,17850.0,17700.0,303.0,86088000.0,18992
2023-05-10 09:02:51,lh2311,lh2311,17730.0,0.0,0.0,0.0,1,17710.0,17725.0,5,17875.0,17830.0,17850.0,17700.0,303.0,86088000.0,18992
2023-05-10 09:02:51,lh2311,lh2311,17730.0,0.0,0.0,0.0,2,17715.0,17725.0,3,17875.0,17830.0,17850.0,17700.0,303.0,86088000.0,18992
2023-05-10 09:02:52,lh2311,lh2311,17730.0,0.0,0.0,0.0,3,17715.0,17725.0,2,17875.0,17830.0,17850.0,17700.0,303.0,86088000.0,18992
2023-05-10 09:02:53,lh2311,lh2311,17725.0,1.0,283600.0,1.0,2,17715.0,17730.0,4,17875.0,17830.0,17850.0,17700.0,304.0,86371600.0,18993
2023-05-10 09:02:53,lh2311,lh2311,17735.0,3.0,851120.0,-1.0,1,17720.0,17735.0,10,17875.0,17830.0,17850.0,17700.0,307.0,87222720.0,18992
2023-05-10 09:02:54,lh2311,lh2311,17735.0,0.0,0.0,0.0,3,17720.0,17735.0,6,17875.0,17830.0,17850.0,17700.0,307.0,87222720.0,18992
2023-05-10 09:02:54,lh2311,lh2311,17735.0,0.0,0.0,0.0,1,17730.0,17735.0,3,17875.0,17830.0,17850.0,17700.0,307.0,87222720.0,18992
2023-05-10 09:02:55,lh2311,lh2311,17750.0,13.0,3690320.0,2.0,1,17745.0,17755.0,2,17875.0,17830.0,17850.0,17700.0,320.0,90913040.0,18994
2023-05-10 09:02:56,lh2311,lh2311,17750.0,0.0,0.0,0.0,1,17750.0,17765.0,2,17875.0,17830.0,17850.0,17700.0,320.0,90913040.0,18994
2023-05-10 09:02:56,lh2311,lh2311,17750.0,1.0,284000.0,1.0,1,17750.0,17765.0,1,17875.0,17830.0,17850.0,17700.0,321.0,91197040.0,18995
2023-05-10 09:02:57,lh2311,lh2311,17750.0,1.0,284000.0,1.0,4,17745.0,17770.0,1,17875.0,17830.0,17850.0,17700.0,322.0,91481040.0,18996
2023-05-10 09:02:57,lh2311,lh2311,17750.0,0.0,0.0,0.0,2,17750.0,17770.0,2,17875.0,17830.0,17850.0,17700.0,322.0,91481040.0,18996
2023-05-10 09:02:58,lh2311,lh2311,17750.0,0.0,0.0,0.0,2,17750.0,17765.0,2,17875.0,17830.0,17850.0,17700.0,322.0,91481040.0,18996
2023-05-10 09:02:58,lh2311,lh2311,17765.0,3.0,852720.0,3.0,2,17765.0,17770.0,1,17875.0,17830.0,17850.0,17700.0,325.0,92333760.0,18999
2023-05-10 09:02:59,lh2311,lh2311,17765.0,0.0,0.0,0.0,1,17770.0,17780.0,3,17875.0,17830.0,17850.0,17700.0,325.0,92333760.0,18999
2023-05-10 09:02:59,lh2311,lh2311,17790.0,3.0,853520.0,2.0,2,17770.0,17790.0,6,17875.0,17830.0,17850.0,17700.0,328.0,93187280.0,19001
2023-05-10 09:03:00,lh2311,lh2311,17790.0,0.0,0.0,0.0,1,17780.0,17790.0,1,17875.0,17830.0,17850.0,17700.0,328.0,93187280.0,19001
2023-05-10 09:03:00,lh2311,lh2311,17780.0,1.0,284480.0,0.0,1,17780.0,17785.0,1,17875.0,17830.0,17850.0,17700.0,329.0,93471760.0,19001
2023-05-10 09:03:01,lh2311,lh2311,17775.0,3.0,853200.0,1.0,1,17775.0,17780.0,1,17875.0,17830.0,17850.0,17700.0,332.0,94324960.0,19002
2023-05-10 09:03:01,lh2311,lh2311,17775.0,1.0,284400.0,0.0,2,17770.0,17790.0,4,17875.0,17830.0,17850.0,17700.0,333.0,94609360.0,19002
2023-05-10 09:03:02,lh2311,lh2311,17775.0,0.0,0.0,0.0,3,17770.0,17785.0,4,17875.0,17830.0,17850.0,17700.0,333.0,94609360.0,19002
2023-05-10 09:03:02,lh2311,lh2311,17775.0,0.0,0.0,0.0,4,17770.0,17785.0,5,17875.0,17830.0,17850.0,17700.0,333.0,94609360.0,19002
2023-05-10 09:03:03,lh2311,lh2311,17775.0,0.0,0.0,0.0,3,17770.0,17785.0,6,17875.0,17830.0,17850.0,17700.0,333.0,94609360.0,19002
2023-05-10 09:03:03,lh2311,lh2311,17775.0,0.0,0.0,0.0,3,17770.0,17785.0,5,17875.0,17830.0,17850.0,17700.0,333.0,94609360.0,19002
2023-05-10 09:03:04,lh2311,lh2311,17775.0,0.0,0.0,0.0,2,17770.0,17780.0,1,17875.0,17830.0,17850.0,17700.0,333.0,94609360.0,19002
2023-05-10 09:03:05,lh2311,lh2311,17775.0,0.0,0.0,0.0,3,17770.0,17780.0,2,17875.0,17830.0,17850.0,17700.0,333.0,94609360.0,19002
2023-05-10 09:03:05,lh2311,lh2311,17775.0,0.0,0.0,0.0,1,17770.0,17780.0,1,17875.0,17830.0,17850.0,17700.0,333.0,94609360.0,19002
2023-05-10 09:03:06,lh2311,lh2311,17770.0,1.0,284320.0,0.0,9,17765.0,17780.0,2,17875.0,17830.0,17850.0,17700.0,334.0,94893680.0,19002
2023-05-10 09:03:07,lh2311,lh2311,17770.0,0.0,0.0,0.0,6,17765.0,17780.0,1,17875.0,17830.0,17850.0,17700.0,334.0,94893680.0,19002
2023-05-10 09:03:07,lh2311,lh2311,17770.0,0.0,0.0,0.0,4,17765.0,17780.0,1,17875.0,17830.0,17850.0,17700.0,334.0,94893680.0,19002
2023-05-10 09:03:08,lh2311,lh2311,17770.0,0.0,0.0,0.0,5,17765.0,17780.0,1,17875.0,17830.0,17850.0,17700.0,334.0,94893680.0,19002
2023-05-10 09:03:08,lh2311,lh2311,17770.0,0.0,0.0,0.0,4,17765.0,17780.0,2,17875.0,17830.0,17850.0,17700.0,334.0,94893680.0,19002
2023-05-10 09:03:10,lh2311,lh2311,17770.0,0.0,0.0,0.0,2,17765.0,17775.0,1,17875.0,17830.0,17850.0,17700.0,334.0,94893680.0,19002
2023-05-10 09:03:11,lh2311,lh2311,17770.0,0.0,0.0,0.0,3,17760.0,17775.0,2,17875.0,17830.0,17850.0,17700.0,334.0,94893680.0,19002
2023-05-10 09:03:11,lh2311,lh2311,17770.0,0.0,0.0,0.0,1,17760.0,17775.0,2,17875.0,17830.0,17850.0,17700.0,334.0,94893680.0,19002
2023-05-10 09:03:12,lh2311,lh2311,17770.0,0.0,0.0,0.0,4,17755.0,17775.0,2,17875.0,17830.0,17850.0,17700.0,334.0,94893680.0,19002
2023-05-10 09:03:12,lh2311,lh2311,17770.0,0.0,0.0,0.0,1,17755.0,17770.0,1,17875.0,17830.0,17850.0,17700.0,334.0,94893680.0,19002
2023-05-10 09:03:13,lh2311,lh2311,17770.0,1.0,284320.0,1.0,1,17755.0,17770.0,2,17875.0,17830.0,17850.0,17700.0,335.0,95178000.0,19003
2023-05-10 09:03:14,lh2311,lh2311,17770.0,0.0,0.0,0.0,1,17755.0,17765.0,1,17875.0,17830.0,17850.0,17700.0,335.0,95178000.0,19003
2023-05-10 09:03:14,lh2311,lh2311,17770.0,0.0,0.0,0.0,2,17755.0,17765.0,1,17875.0,17830.0,17850.0,17700.0,335.0,95178000.0,19003
2023-05-10 09:03:15,lh2311,lh2311,17770.0,4.0,1137280.0,2.0,3,17755.0,17775.0,2,17875.0,17830.0,17850.0,17700.0,339.0,96315280.0,19005
2023-05-10 09:03:15,lh2311,lh2311,17770.0,0.0,0.0,0.0,2,17760.0,17780.0,6,17875.0,17830.0,17850.0,17700.0,339.0,96315280.0,19005
2023-05-10 09:03:16,lh2311,lh2311,17770.0,0.0,0.0,0.0,2,17765.0,17780.0,2,17875.0,17830.0,17850.0,17700.0,339.0,96315280.0,19005
2023-05-10 09:03:16,lh2311,lh2311,17770.0,0.0,0.0,0.0,1,17775.0,17780.0,1,17875.0,17830.0,17850.0,17700.0,339.0,96315280.0,19005
2023-05-10 09:03:17,lh2311,lh2311,17770.0,0.0,0.0,0.0,2,17775.0,17780.0,1,17875.0,17830.0,17850.0,17700.0,339.0,96315280.0,19005
2023-05-10 09:03:17,lh2311,lh2311,17770.0,0.0,0.0,0.0,3,17775.0,17780.0,1,17875.0,17830.0,17850.0,17700.0,339.0,96315280.0,19005
2023-05-10 09:03:18,lh2311,lh2311,17770.0,0.0,0.0,0.0,3,17775.0,17785.0,1,17875.0,17830.0,17850.0,17700.0,339.0,96315280.0,19005
2023-05-10 09:03:19,lh2311,lh2311,17770.0,0.0,0.0,0.0,4,17775.0,17790.0,2,17875.0,17830.0,17850.0,17700.0,339.0,96315280.0,19005
2023-05-10 09:03:19,lh2311,lh2311,17770.0,0.0,0.0,0.0,1,17780.0,17790.0,1,17875.0,17830.0,17850.0,17700.0,339.0,96315280.0,19005
2023-05-10 09:03:20,lh2311,lh2311,17770.0,0.0,0.0,0.0,1,17780.0,17785.0,1,17875.0,17830.0,17850.0,17700.0,339.0,96315280.0,19005
2023-05-10 09:03:22,lh2311,lh2311,17770.0,0.0,0.0,0.0,1,17780.0,17790.0,2,17875.0,17830.0,17850.0,17700.0,339.0,96315280.0,19005
2023-05-10 09:03:23,lh2311,lh2311,17780.0,1.0,284480.0,1.0,5,17775.0,17790.0,2,17875.0,17830.0,17850.0,17700.0,340.0,96599760.0,19006
2023-05-10 09:03:23,lh2311,lh2311,17780.0,0.0,0.0,0.0,4,17775.0,17790.0,2,17875.0,17830.0,17850.0,17700.0,340.0,96599760.0,19006
2023-05-10 09:03:24,lh2311,lh2311,17780.0,0.0,0.0,0.0,5,17775.0,17790.0,2,17875.0,17830.0,17850.0,17700.0,340.0,96599760.0,19006
2023-05-10 09:03:29,lh2311,lh2311,17790.0,2.0,569280.0,2.0,3,17790.0,17795.0,1,17875.0,17830.0,17850.0,17700.0,342.0,97169040.0,19008
2023-05-10 09:03:30,lh2311,lh2311,17790.0,0.0,0.0,0.0,4,17790.0,17800.0,2,17875.0,17830.0,17850.0,17700.0,342.0,97169040.0,19008
2023-05-10 09:03:30,lh2311,lh2311,17790.0,0.0,0.0,0.0,5,17790.0,17800.0,3,17875.0,17830.0,17850.0,17700.0,342.0,97169040.0,19008
2023-05-10 09:03:31,lh2311,lh2311,17790.0,0.0,0.0,0.0,5,17790.0,17800.0,2,17875.0,17830.0,17850.0,17700.0,342.0,97169040.0,19008
2023-05-10 09:03:33,lh2311,lh2311,17790.0,0.0,0.0,0.0,2,17790.0,17800.0,2,17875.0,17830.0,17850.0,17700.0,342.0,97169040.0,19008
2023-05-10 09:03:33,lh2311,lh2311,17790.0,0.0,0.0,0.0,3,17785.0,17795.0,1,17875.0,17830.0,17850.0,17700.0,342.0,97169040.0,19008
2023-05-10 09:03:34,lh2311,lh2311,17790.0,0.0,0.0,0.0,1,17785.0,17795.0,1,17875.0,17830.0,17850.0,17700.0,342.0,97169040.0,19008
2023-05-10 09:03:35,lh2311,lh2311,17790.0,0.0,0.0,0.0,1,17780.0,17795.0,2,17875.0,17830.0,17850.0,17700.0,342.0,97169040.0,19008
2023-05-10 09:03:35,lh2311,lh2311,17790.0,0.0,0.0,0.0,1,17780.0,17795.0,3,17875.0,17830.0,17850.0,17700.0,342.0,97169040.0,19008
2023-05-10 09:03:36,lh2311,lh2311,17790.0,0.0,0.0,0.0,2,17780.0,17795.0,2,17875.0,17830.0,17850.0,17700.0,342.0,97169040.0,19008
2023-05-10 09:03:37,lh2311,lh2311,17790.0,0.0,0.0,0.0,4,17780.0,17795.0,2,17875.0,17830.0,17850.0,17700.0,342.0,97169040.0,19008
2023-05-10 09:03:37,lh2311,lh2311,17795.0,1.0,284720.0,0.0,3,17780.0,17795.0,5,17875.0,17830.0,17850.0,17700.0,343.0,97453760.0,19008
2023-05-10 09:03:38,lh2311,lh2311,17795.0,0.0,0.0,0.0,3,17780.0,17795.0,7,17875.0,17830.0,17850.0,17700.0,343.0,97453760.0,19008
2023-05-10 09:03:38,lh2311,lh2311,17795.0,0.0,0.0,0.0,3,17780.0,17795.0,9,17875.0,17830.0,17850.0,17700.0,343.0,97453760.0,19008
2023-05-10 09:03:39,lh2311,lh2311,17795.0,0.0,0.0,0.0,3,17780.0,17795.0,10,17875.0,17830.0,17850.0,17700.0,343.0,97453760.0,19008
2023-05-10 09:03:39,lh2311,lh2311,17795.0,3.0,854160.0,3.0,3,17780.0,17795.0,6,17875.0,17830.0,17850.0,17700.0,346.0,98307920.0,19011
2023-05-10 09:03:40,lh2311,lh2311,17795.0,0.0,0.0,0.0,3,17780.0,17795.0,3,17875.0,17830.0,17850.0,17700.0,346.0,98307920.0,19011
2023-05-10 09:03:41,lh2311,lh2311,17795.0,1.0,284720.0,1.0,2,17780.0,17795.0,1,17875.0,17830.0,17850.0,17700.0,347.0,98592640.0,19012
2023-05-10 09:03:41,lh2311,lh2311,17795.0,1.0,284720.0,0.0,2,17780.0,17795.0,1,17875.0,17830.0,17850.0,17700.0,348.0,98877360.0,19012
2023-05-10 09:03:43,lh2311,lh2311,17795.0,0.0,0.0,0.0,2,17780.0,17795.0,2,17875.0,17830.0,17850.0,17700.0,348.0,98877360.0,19012
2023-05-10 09:03:43,lh2311,lh2311,17795.0,0.0,0.0,0.0,3,17780.0,17795.0,1,17875.0,17830.0,17850.0,17700.0,348.0,98877360.0,19012
2023-05-10 09:03:43,lh2311,lh2311,17795.0,0.0,0.0,0.0,2,17780.0,17795.0,1,17875.0,17830.0,17850.0,17700.0,348.0,98877360.0,19012
2023-05-10 09:03:45,lh2311,lh2311,17795.0,1.0,284720.0,1.0,1,17785.0,17800.0,7,17875.0,17830.0,17850.0,17700.0,349.0,99162080.0,19013
2023-05-10 09:03:45,lh2311,lh2311,17795.0,0.0,0.0,0.0,2,17785.0,17800.0,4,17875.0,17830.0,17850.0,17700.0,349.0,99162080.0,19013
2023-05-10 09:03:46,lh2311,lh2311,17795.0,0.0,0.0,0.0,1,17785.0,17795.0,1,17875.0,17830.0,17850.0,17700.0,349.0,99162080.0,19013
2023-05-10 09:03:48,lh2311,lh2311,17795.0,0.0,0.0,0.0,2,17785.0,17795.0,1,17875.0,17830.0,17850.0,17700.0,349.0,99162080.0,19013
2023-05-10 09:03:49,lh2311,lh2311,17795.0,0.0,0.0,0.0,1,17785.0,17795.0,1,17875.0,17830.0,17850.0,17700.0,349.0,99162080.0,19013
2023-05-10 09:03:51,lh2311,lh2311,17795.0,0.0,0.0,0.0,1,17785.0,17800.0,4,17875.0,17830.0,17850.0,17700.0,349.0,99162080.0,19013
2023-05-10 09:03:51,lh2311,lh2311,17795.0,0.0,0.0,0.0,1,17785.0,17800.0,2,17875.0,17830.0,17850.0,17700.0,349.0,99162080.0,19013
2023-05-10 09:03:52,lh2311,lh2311,17795.0,0.0,0.0,0.0,1,17790.0,17800.0,2,17875.0,17830.0,17850.0,17700.0,349.0,99162080.0,19013
2023-05-10 09:03:55,lh2311,lh2311,17795.0,0.0,0.0,0.0,2,17790.0,17800.0,2,17875.0,17830.0,17850.0,17700.0,349.0,99162080.0,19013
2023-05-10 09:03:55,lh2311,lh2311,17800.0,1.0,284800.0,-1.0,1,17790.0,17800.0,1,17875.0,17830.0,17850.0,17700.0,350.0,99446880.0,19012
2023-05-10 09:03:58,lh2311,lh2311,17800.0,1.0,284800.0,0.0,1,17790.0,17810.0,5,17875.0,17830.0,17850.0,17700.0,351.0,99731680.0,19012
2023-05-10 09:03:59,lh2311,lh2311,17800.0,0.0,0.0,0.0,1,17795.0,17810.0,1,17875.0,17830.0,17850.0,17700.0,351.0,99731680.0,19012
2023-05-10 09:03:59,lh2311,lh2311,17800.0,0.0,0.0,0.0,1,17800.0,17815.0,4,17875.0,17830.0,17850.0,17700.0,351.0,99731680.0,19012
2023-05-10 09:04:00,lh2311,lh2311,17800.0,0.0,0.0,0.0,2,17805.0,17820.0,7,17875.0,17830.0,17850.0,17700.0,351.0,99731680.0,19012
2023-05-10 09:04:00,lh2311,lh2311,17800.0,0.0,0.0,0.0,1,17810.0,17825.0,8,17875.0,17830.0,17850.0,17700.0,351.0,99731680.0,19012
2023-05-10 09:04:01,lh2311,lh2311,17800.0,0.0,0.0,0.0,2,17810.0,17830.0,7,17875.0,17830.0,17850.0,17700.0,351.0,99731680.0,19012
2023-05-10 09:04:01,lh2311,lh2311,17800.0,0.0,0.0,0.0,2,17815.0,17825.0,1,17875.0,17830.0,17850.0,17700.0,351.0,99731680.0,19012
2023-05-10 09:04:02,lh2311,lh2311,17800.0,0.0,0.0,0.0,1,17815.0,17825.0,1,17875.0,17830.0,17850.0,17700.0,351.0,99731680.0,19012
2023-05-10 09:04:03,lh2311,lh2311,17825.0,1.0,285200.0,1.0,2,17825.0,17830.0,2,17875.0,17830.0,17850.0,17700.0,352.0,100016880.0,19013
2023-05-10 09:04:04,lh2311,lh2311,17825.0,1.0,285200.0,0.0,2,17825.0,17830.0,1,17875.0,17830.0,17850.0,17700.0,353.0,100302080.0,19013
2023-05-10 09:04:10,lh2311,lh2311,17825.0,0.0,0.0,0.0,1,17825.0,17830.0,1,17875.0,17830.0,17850.0,17700.0,353.0,100302080.0,19013
2023-05-10 09:04:11,lh2311,lh2311,17825.0,0.0,0.0,0.0,2,17825.0,17830.0,1,17875.0,17830.0,17850.0,17700.0,353.0,100302080.0,19013
2023-05-10 09:04:17,lh2311,lh2311,17830.0,1.0,285280.0,0.0,2,17825.0,17835.0,2,17875.0,17830.0,17850.0,17700.0,354.0,100587360.0,19013
2023-05-10 09:04:18,lh2311,lh2311,17830.0,0.0,0.0,0.0,2,17825.0,17830.0,2,17875.0,17830.0,17850.0,17700.0,354.0,100587360.0,19013
2023-05-10 09:04:19,lh2311,lh2311,17830.0,0.0,0.0,0.0,1,17825.0,17830.0,2,17875.0,17830.0,17850.0,17700.0,354.0,100587360.0,19013
2023-05-10 09:04:19,lh2311,lh2311,17825.0,1.0,285200.0,1.0,2,17820.0,17830.0,2,17875.0,17830.0,17850.0,17700.0,355.0,100872560.0,19014
2023-05-10 09:04:20,lh2311,lh2311,17825.0,0.0,0.0,0.0,1,17820.0,17830.0,2,17875.0,17830.0,17850.0,17700.0,355.0,100872560.0,19014
2023-05-10 09:04:22,lh2311,lh2311,17820.0,1.0,285120.0,0.0,1,17820.0,17830.0,2,17875.0,17830.0,17850.0,17700.0,356.0,101157680.0,19014
2023-05-10 09:04:23,lh2311,lh2311,17820.0,0.0,0.0,0.0,2,17815.0,17830.0,2,17875.0,17830.0,17850.0,17700.0,356.0,101157680.0,19014
2023-05-10 09:04:23,lh2311,lh2311,17820.0,0.0,0.0,0.0,2,17815.0,17830.0,4,17875.0,17830.0,17850.0,17700.0,356.0,101157680.0,19014
2023-05-10 09:04:24,lh2311,lh2311,17820.0,0.0,0.0,0.0,2,17815.0,17830.0,3,17875.0,17830.0,17850.0,17700.0,356.0,101157680.0,19014
2023-05-10 09:04:26,lh2311,lh2311,17820.0,0.0,0.0,0.0,3,17815.0,17830.0,3,17875.0,17830.0,17850.0,17700.0,356.0,101157680.0,19014
2023-05-10 09:04:26,lh2311,lh2311,17820.0,0.0,0.0,0.0,2,17815.0,17830.0,4,17875.0,17830.0,17850.0,17700.0,356.0,101157680.0,19014
2023-05-10 09:04:27,lh2311,lh2311,17830.0,1.0,285280.0,0.0,2,17815.0,17830.0,2,17875.0,17830.0,17850.0,17700.0,357.0,101442960.0,19014
2023-05-10 09:04:27,lh2311,lh2311,17830.0,0.0,0.0,0.0,1,17815.0,17830.0,1,17875.0,17830.0,17850.0,17700.0,357.0,101442960.0,19014
2023-05-10 09:04:29,lh2311,lh2311,17830.0,0.0,0.0,0.0,1,17815.0,17830.0,3,17875.0,17830.0,17850.0,17700.0,357.0,101442960.0,19014
2023-05-10 09:04:30,lh2311,lh2311,17830.0,0.0,0.0,0.0,2,17815.0,17830.0,3,17875.0,17830.0,17850.0,17700.0,357.0,101442960.0,19014
2023-05-10 09:04:30,lh2311,lh2311,17830.0,0.0,0.0,0.0,3,17815.0,17830.0,3,17875.0,17830.0,17850.0,17700.0,357.0,101442960.0,19014
2023-05-10 09:04:31,lh2311,lh2311,17830.0,2.0,570560.0,2.0,1,17815.0,17830.0,2,17875.0,17830.0,17850.0,17700.0,359.0,102013520.0,19016
2023-05-10 09:04:31,lh2311,lh2311,17830.0,0.0,0.0,0.0,1,17815.0,17830.0,1,17875.0,17830.0,17850.0,17700.0,359.0,102013520.0,19016
2023-05-10 09:04:33,lh2311,lh2311,17830.0,0.0,0.0,0.0,1,17815.0,17830.0,2,17875.0,17830.0,17850.0,17700.0,359.0,102013520.0,19016
2023-05-10 09:04:34,lh2311,lh2311,17830.0,1.0,285280.0,1.0,1,17820.0,17830.0,1,17875.0,17830.0,17850.0,17700.0,360.0,102298800.0,19017
2023-05-10 09:04:36,lh2311,lh2311,17830.0,0.0,0.0,0.0,1,17820.0,17830.0,2,17875.0,17830.0,17850.0,17700.0,360.0,102298800.0,19017
2023-05-10 09:04:36,lh2311,lh2311,17830.0,0.0,0.0,0.0,1,17820.0,17830.0,1,17875.0,17830.0,17850.0,17700.0,360.0,102298800.0,19017
2023-05-10 09:04:38,lh2311,lh2311,17830.0,1.0,285280.0,0.0,2,17820.0,17835.0,7,17875.0,17830.0,17850.0,17700.0,361.0,102584080.0,19017
2023-05-10 09:04:39,lh2311,lh2311,17830.0,0.0,0.0,0.0,2,17820.0,17835.0,2,17875.0,17830.0,17850.0,17700.0,361.0,102584080.0,19017
2023-05-10 09:04:39,lh2311,lh2311,17830.0,0.0,0.0,0.0,1,17825.0,17835.0,1,17875.0,17830.0,17850.0,17700.0,361.0,102584080.0,19017
2023-05-10 09:04:41,lh2311,lh2311,17835.0,1.0,285360.0,-1.0,2,17835.0,17840.0,11,17875.0,17830.0,17850.0,17700.0,362.0,102869440.0,19016
2023-05-10 09:04:41,lh2311,lh2311,17835.0,0.0,0.0,0.0,2,17835.0,17840.0,6,17875.0,17830.0,17850.0,17700.0,362.0,102869440.0,19016
2023-05-10 09:04:42,lh2311,lh2311,17835.0,0.0,0.0,0.0,2,17835.0,17840.0,5,17875.0,17830.0,17850.0,17700.0,362.0,102869440.0,19016
2023-05-10 09:04:42,lh2311,lh2311,17835.0,0.0,0.0,0.0,3,17835.0,17840.0,5,17875.0,17830.0,17850.0,17700.0,362.0,102869440.0,19016
2023-05-10 09:04:43,lh2311,lh2311,17835.0,0.0,0.0,0.0,2,17835.0,17840.0,6,17875.0,17830.0,17850.0,17700.0,362.0,102869440.0,19016
2023-05-10 09:04:43,lh2311,lh2311,17835.0,0.0,0.0,0.0,3,17835.0,17840.0,5,17875.0,17830.0,17850.0,17700.0,362.0,102869440.0,19016
2023-05-10 09:04:44,lh2311,lh2311,17835.0,0.0,0.0,0.0,3,17835.0,17840.0,6,17875.0,17830.0,17850.0,17700.0,362.0,102869440.0,19016
2023-05-10 09:04:44,lh2311,lh2311,17835.0,0.0,0.0,0.0,2,17835.0,17840.0,5,17875.0,17830.0,17850.0,17700.0,362.0,102869440.0,19016
2023-05-10 09:04:45,lh2311,lh2311,17840.0,2.0,570880.0,-2.0,2,17830.0,17840.0,3,17875.0,17830.0,17850.0,17700.0,364.0,103440320.0,19014
2023-05-10 09:04:46,lh2311,lh2311,17840.0,0.0,0.0,0.0,2,17830.0,17840.0,4,17875.0,17830.0,17850.0,17700.0,364.0,103440320.0,19014
2023-05-10 09:04:47,lh2311,lh2311,17840.0,0.0,0.0,0.0,2,17830.0,17840.0,3,17875.0,17830.0,17850.0,17700.0,364.0,103440320.0,19014
2023-05-10 09:04:47,lh2311,lh2311,17840.0,0.0,0.0,0.0,1,17830.0,17840.0,3,17875.0,17830.0,17850.0,17700.0,364.0,103440320.0,19014
2023-05-10 09:04:48,lh2311,lh2311,17840.0,0.0,0.0,0.0,3,17825.0,17840.0,3,17875.0,17830.0,17850.0,17700.0,364.0,103440320.0,19014
2023-05-10 09:04:48,lh2311,lh2311,17840.0,0.0,0.0,0.0,2,17825.0,17840.0,5,17875.0,17830.0,17850.0,17700.0,364.0,103440320.0,19014
2023-05-10 09:04:49,lh2311,lh2311,17840.0,6.0,1712640.0,3.0,3,17840.0,17845.0,1,17875.0,17830.0,17850.0,17700.0,370.0,105152960.0,19017
2023-05-10 09:04:49,lh2311,lh2311,17840.0,0.0,0.0,0.0,1,17845.0,17855.0,5,17875.0,17830.0,17850.0,17700.0,370.0,105152960.0,19017
2023-05-10 09:04:50,lh2311,lh2311,17840.0,0.0,0.0,0.0,2,17845.0,17860.0,1,17875.0,17830.0,17850.0,17700.0,370.0,105152960.0,19017
2023-05-10 09:04:50,lh2311,lh2311,17840.0,0.0,0.0,0.0,2,17850.0,17865.0,4,17875.0,17830.0,17850.0,17700.0,370.0,105152960.0,19017
2023-05-10 09:04:51,lh2311,lh2311,17840.0,0.0,0.0,0.0,1,17855.0,17870.0,7,17875.0,17830.0,17850.0,17700.0,370.0,105152960.0,19017
2023-05-10 09:04:51,lh2311,lh2311,17840.0,0.0,0.0,0.0,1,17860.0,17870.0,1,17875.0,17830.0,17850.0,17700.0,370.0,105152960.0,19017
2023-05-10 09:04:52,lh2311,lh2311,17860.0,2.0,571520.0,1.0,1,17865.0,17875.0,7,17875.0,17830.0,17860.0,17700.0,372.0,105724480.0,19018
2023-05-10 09:04:52,lh2311,lh2311,17865.0,1.0,285840.0,1.0,3,17860.0,17865.0,1,17875.0,17830.0,17865.0,17700.0,373.0,106010320.0,19019
2023-05-10 09:04:53,lh2311,lh2311,17865.0,0.0,0.0,0.0,3,17855.0,17865.0,1,17875.0,17830.0,17865.0,17700.0,373.0,106010320.0,19019
2023-05-10 09:04:53,lh2311,lh2311,17865.0,0.0,0.0,0.0,1,17855.0,17865.0,1,17875.0,17830.0,17865.0,17700.0,373.0,106010320.0,19019
2023-05-10 09:04:54,lh2311,lh2311,17865.0,0.0,0.0,0.0,7,17850.0,17860.0,1,17875.0,17830.0,17865.0,17700.0,373.0,106010320.0,19019
2023-05-10 09:04:55,lh2311,lh2311,17865.0,0.0,0.0,0.0,2,17850.0,17860.0,1,17875.0,17830.0,17865.0,17700.0,373.0,106010320.0,19019
2023-05-10 09:04:55,lh2311,lh2311,17865.0,0.0,0.0,0.0,1,17850.0,17860.0,1,17875.0,17830.0,17865.0,17700.0,373.0,106010320.0,19019
2023-05-10 09:04:57,lh2311,lh2311,17865.0,0.0,0.0,0.0,1,17850.0,17860.0,2,17875.0,17830.0,17865.0,17700.0,373.0,106010320.0,19019
2023-05-10 09:04:58,lh2311,lh2311,17865.0,0.0,0.0,0.0,2,17845.0,17860.0,2,17875.0,17830.0,17865.0,17700.0,373.0,106010320.0,19019
2023-05-10 09:04:59,lh2311,lh2311,17865.0,0.0,0.0,0.0,2,17845.0,17860.0,3,17875.0,17830.0,17865.0,17700.0,373.0,106010320.0,19019
2023-05-10 09:04:59,lh2311,lh2311,17865.0,0.0,0.0,0.0,1,17845.0,17860.0,3,17875.0,17830.0,17865.0,17700.0,373.0,106010320.0,19019
2023-05-10 09:05:00,lh2311,lh2311,17865.0,0.0,0.0,0.0,3,17845.0,17860.0,3,17875.0,17830.0,17865.0,17700.0,373.0,106010320.0,19019
2023-05-10 09:05:00,lh2311,lh2311,17865.0,0.0,0.0,0.0,2,17845.0,17860.0,3,17875.0,17830.0,17865.0,17700.0,373.0,106010320.0,19019
2023-05-10 09:05:01,lh2311,lh2311,17865.0,0.0,0.0,0.0,1,17845.0,17855.0,1,17875.0,17830.0,17865.0,17700.0,373.0,106010320.0,19019
2023-05-10 09:05:02,lh2311,lh2311,17865.0,0.0,0.0,0.0,1,17845.0,17855.0,2,17875.0,17830.0,17865.0,17700.0,373.0,106010320.0,19019
2023-05-10 09:05:02,lh2311,lh2311,17860.0,5.0,1428800.0,3.0,1,17855.0,17860.0,8,17875.0,17830.0,17865.0,17700.0,378.0,107439120.0,19022
2023-05-10 09:05:03,lh2311,lh2311,17860.0,0.0,0.0,0.0,1,17855.0,17860.0,1,17875.0,17830.0,17865.0,17700.0,378.0,107439120.0,19022
2023-05-10 09:05:05,lh2311,lh2311,17860.0,1.0,285760.0,1.0,1,17855.0,17865.0,1,17875.0,17830.0,17865.0,17700.0,379.0,107724880.0,19023
2023-05-10 09:05:05,lh2311,lh2311,17860.0,0.0,0.0,0.0,2,17855.0,17865.0,1,17875.0,17830.0,17865.0,17700.0,379.0,107724880.0,19023
2023-05-10 09:05:08,lh2311,lh2311,17855.0,1.0,285680.0,-1.0,1,17855.0,17865.0,1,17875.0,17830.0,17865.0,17700.0,380.0,108010560.0,19022
2023-05-10 09:05:11,lh2311,lh2311,17855.0,1.0,285680.0,0.0,5,17850.0,17865.0,1,17875.0,17830.0,17865.0,17700.0,381.0,108296240.0,19022
2023-05-10 09:05:11,lh2311,lh2311,17850.0,1.0,285600.0,0.0,5,17845.0,17865.0,2,17875.0,17830.0,17865.0,17700.0,382.0,108581840.0,19022
2023-05-10 09:05:12,lh2311,lh2311,17850.0,0.0,0.0,0.0,4,17845.0,17860.0,1,17875.0,17830.0,17865.0,17700.0,382.0,108581840.0,19022
2023-05-10 09:05:12,lh2311,lh2311,17850.0,0.0,0.0,0.0,1,17845.0,17860.0,1,17875.0,17830.0,17865.0,17700.0,382.0,108581840.0,19022
2023-05-10 09:05:13,lh2311,lh2311,17850.0,0.0,0.0,0.0,8,17840.0,17855.0,1,17875.0,17830.0,17865.0,17700.0,382.0,108581840.0,19022
2023-05-10 09:05:13,lh2311,lh2311,17850.0,0.0,0.0,0.0,1,17845.0,17855.0,1,17875.0,17830.0,17865.0,17700.0,382.0,108581840.0,19022
2023-05-10 09:05:14,lh2311,lh2311,17850.0,0.0,0.0,0.0,6,17840.0,17855.0,1,17875.0,17830.0,17865.0,17700.0,382.0,108581840.0,19022
2023-05-10 09:05:14,lh2311,lh2311,17850.0,0.0,0.0,0.0,4,17840.0,17855.0,1,17875.0,17830.0,17865.0,17700.0,382.0,108581840.0,19022
2023-05-10 09:05:15,lh2311,lh2311,17840.0,2.0,570880.0,0.0,1,17840.0,17850.0,1,17875.0,17830.0,17865.0,17700.0,384.0,109152720.0,19022
2023-05-10 09:05:16,lh2311,lh2311,17840.0,0.0,0.0,0.0,8,17835.0,17850.0,1,17875.0,17830.0,17865.0,17700.0,384.0,109152720.0,19022
2023-05-10 09:05:16,lh2311,lh2311,17840.0,0.0,0.0,0.0,3,17835.0,17850.0,2,17875.0,17830.0,17865.0,17700.0,384.0,109152720.0,19022
2023-05-10 09:05:17,lh2311,lh2311,17840.0,0.0,0.0,0.0,2,17835.0,17850.0,2,17875.0,17830.0,17865.0,17700.0,384.0,109152720.0,19022
2023-05-10 09:05:17,lh2311,lh2311,17840.0,0.0,0.0,0.0,2,17835.0,17845.0,1,17875.0,17830.0,17865.0,17700.0,384.0,109152720.0,19022
2023-05-10 09:05:18,lh2311,lh2311,17845.0,2.0,571040.0,2.0,2,17835.0,17850.0,2,17875.0,17830.0,17865.0,17700.0,386.0,109723760.0,19024
2023-05-10 09:05:18,lh2311,lh2311,17845.0,0.0,0.0,0.0,4,17835.0,17850.0,2,17875.0,17830.0,17865.0,17700.0,386.0,109723760.0,19024
2023-05-10 09:05:19,lh2311,lh2311,17845.0,0.0,0.0,0.0,4,17835.0,17850.0,3,17875.0,17830.0,17865.0,17700.0,386.0,109723760.0,19024
2023-05-10 09:05:19,lh2311,lh2311,17845.0,0.0,0.0,0.0,5,17835.0,17850.0,2,17875.0,17830.0,17865.0,17700.0,386.0,109723760.0,19024
2023-05-10 09:05:20,lh2311,lh2311,17845.0,1.0,285520.0,0.0,2,17835.0,17850.0,2,17875.0,17830.0,17865.0,17700.0,387.0,110009280.0,19024
2023-05-10 09:05:20,lh2311,lh2311,17850.0,1.0,285600.0,1.0,3,17835.0,17850.0,2,17875.0,17830.0,17865.0,17700.0,388.0,110294880.0,19025
2023-05-10 09:05:21,lh2311,lh2311,17850.0,0.0,0.0,0.0,2,17835.0,17850.0,2,17875.0,17830.0,17865.0,17700.0,388.0,110294880.0,19025
2023-05-10 09:05:21,lh2311,lh2311,17850.0,0.0,0.0,0.0,1,17840.0,17855.0,7,17875.0,17830.0,17865.0,17700.0,388.0,110294880.0,19025
2023-05-10 09:05:22,lh2311,lh2311,17840.0,1.0,285440.0,0.0,2,17840.0,17855.0,13,17875.0,17830.0,17865.0,17700.0,389.0,110580320.0,19025
2023-05-10 09:05:23,lh2311,lh2311,17840.0,0.0,0.0,0.0,2,17840.0,17855.0,5,17875.0,17830.0,17865.0,17700.0,389.0,110580320.0,19025
2023-05-10 09:05:23,lh2311,lh2311,17840.0,0.0,0.0,0.0,2,17840.0,17860.0,10,17875.0,17830.0,17865.0,17700.0,389.0,110580320.0,19025
2023-05-10 09:05:24,lh2311,lh2311,17840.0,0.0,0.0,0.0,2,17840.0,17860.0,7,17875.0,17830.0,17865.0,17700.0,389.0,110580320.0,19025
2023-05-10 09:05:24,lh2311,lh2311,17840.0,0.0,0.0,0.0,2,17840.0,17860.0,4,17875.0,17830.0,17865.0,17700.0,389.0,110580320.0,19025
2023-05-10 09:05:25,lh2311,lh2311,17840.0,0.0,0.0,0.0,1,17845.0,17860.0,2,17875.0,17830.0,17865.0,17700.0,389.0,110580320.0,19025
2023-05-10 09:05:25,lh2311,lh2311,17845.0,1.0,285520.0,1.0,3,17840.0,17860.0,1,17875.0,17830.0,17865.0,17700.0,390.0,110865840.0,19026
2023-05-10 09:05:26,lh2311,lh2311,17845.0,0.0,0.0,0.0,2,17840.0,17860.0,1,17875.0,17830.0,17865.0,17700.0,390.0,110865840.0,19026
2023-05-10 09:05:29,lh2311,lh2311,17845.0,0.0,0.0,0.0,1,17845.0,17860.0,1,17875.0,17830.0,17865.0,17700.0,390.0,110865840.0,19026
2023-05-10 09:05:30,lh2311,lh2311,17845.0,0.0,0.0,0.0,1,17845.0,17860.0,2,17875.0,17830.0,17865.0,17700.0,390.0,110865840.0,19026
2023-05-10 09:05:31,lh2311,lh2311,17845.0,0.0,0.0,0.0,1,17845.0,17860.0,1,17875.0,17830.0,17865.0,17700.0,390.0,110865840.0,19026
2023-05-10 09:05:33,lh2311,lh2311,17845.0,0.0,0.0,0.0,2,17845.0,17860.0,1,17875.0,17830.0,17865.0,17700.0,390.0,110865840.0,19026
2023-05-10 09:05:34,lh2311,lh2311,17845.0,0.0,0.0,0.0,2,17850.0,17865.0,7,17875.0,17830.0,17865.0,17700.0,390.0,110865840.0,19026
2023-05-10 09:05:35,lh2311,lh2311,17845.0,0.0,0.0,0.0,3,17850.0,17865.0,2,17875.0,17830.0,17865.0,17700.0,390.0,110865840.0,19026
2023-05-10 09:05:35,lh2311,lh2311,17845.0,0.0,0.0,0.0,2,17850.0,17865.0,2,17875.0,17830.0,17865.0,17700.0,390.0,110865840.0,19026
2023-05-10 09:05:36,lh2311,lh2311,17845.0,0.0,0.0,0.0,3,17850.0,17865.0,2,17875.0,17830.0,17865.0,17700.0,390.0,110865840.0,19026
2023-05-10 09:05:36,lh2311,lh2311,17845.0,0.0,0.0,0.0,2,17850.0,17865.0,2,17875.0,17830.0,17865.0,17700.0,390.0,110865840.0,19026
2023-05-10 09:05:37,lh2311,lh2311,17845.0,0.0,0.0,0.0,1,17850.0,17860.0,1,17875.0,17830.0,17865.0,17700.0,390.0,110865840.0,19026
2023-05-10 09:05:38,lh2311,lh2311,17845.0,0.0,0.0,0.0,2,17845.0,17850.0,13,17875.0,17830.0,17865.0,17700.0,390.0,110865840.0,19026
2023-05-10 09:05:39,lh2311,lh2311,17840.0,5.0,1427440.0,3.0,4,17835.0,17840.0,1,17875.0,17830.0,17865.0,17700.0,395.0,112293280.0,19029
2023-05-10 09:05:39,lh2311,lh2311,17845.0,4.0,1142000.0,2.0,1,17835.0,17850.0,17,17875.0,17830.0,17865.0,17700.0,399.0,113435280.0,19031
2023-05-10 09:05:40,lh2311,lh2311,17850.0,4.0,1142400.0,0.0,4,17835.0,17850.0,15,17875.0,17830.0,17865.0,17700.0,403.0,114577680.0,19031
2023-05-10 09:05:40,lh2311,lh2311,17850.0,0.0,0.0,0.0,4,17835.0,17850.0,16,17875.0,17830.0,17865.0,17700.0,403.0,114577680.0,19031
2023-05-10 09:05:42,lh2311,lh2311,17850.0,0.0,0.0,0.0,3,17835.0,17850.0,15,17875.0,17830.0,17865.0,17700.0,403.0,114577680.0,19031
2023-05-10 09:05:43,lh2311,lh2311,17850.0,0.0,0.0,0.0,4,17835.0,17850.0,14,17875.0,17830.0,17865.0,17700.0,403.0,114577680.0,19031
2023-05-10 09:05:43,lh2311,lh2311,17850.0,0.0,0.0,0.0,3,17835.0,17850.0,15,17875.0,17830.0,17865.0,17700.0,403.0,114577680.0,19031
2023-05-10 09:05:43,lh2311,lh2311,17850.0,0.0,0.0,0.0,3,17835.0,17850.0,14,17875.0,17830.0,17865.0,17700.0,403.0,114577680.0,19031
2023-05-10 09:05:44,lh2311,lh2311,17850.0,0.0,0.0,0.0,5,17835.0,17850.0,14,17875.0,17830.0,17865.0,17700.0,403.0,114577680.0,19031
2023-05-10 09:05:45,lh2311,lh2311,17850.0,0.0,0.0,0.0,3,17835.0,17850.0,15,17875.0,17830.0,17865.0,17700.0,403.0,114577680.0,19031
2023-05-10 09:05:46,lh2311,lh2311,17850.0,0.0,0.0,0.0,4,17835.0,17850.0,15,17875.0,17830.0,17865.0,17700.0,403.0,114577680.0,19031
2023-05-10 09:05:46,lh2311,lh2311,17850.0,1.0,285600.0,0.0,4,17835.0,17850.0,14,17875.0,17830.0,17865.0,17700.0,404.0,114863280.0,19031
2023-05-10 09:05:48,lh2311,lh2311,17850.0,0.0,0.0,0.0,4,17835.0,17850.0,15,17875.0,17830.0,17865.0,17700.0,404.0,114863280.0,19031
2023-05-10 09:05:50,lh2311,lh2311,17850.0,1.0,285600.0,-1.0,4,17835.0,17850.0,14,17875.0,17830.0,17865.0,17700.0,405.0,115148880.0,19030
2023-05-10 09:05:54,lh2311,lh2311,17850.0,0.0,0.0,0.0,5,17835.0,17850.0,15,17875.0,17830.0,17865.0,17700.0,405.0,115148880.0,19030
2023-05-10 09:05:56,lh2311,lh2311,17850.0,0.0,0.0,0.0,6,17835.0,17850.0,14,17875.0,17830.0,17865.0,17700.0,405.0,115148880.0,19030
2023-05-10 09:05:57,lh2311,lh2311,17850.0,0.0,0.0,0.0,5,17835.0,17850.0,15,17875.0,17830.0,17865.0,17700.0,405.0,115148880.0,19030
2023-05-10 09:05:58,lh2311,lh2311,17850.0,2.0,571200.0,-2.0,5,17835.0,17850.0,13,17875.0,17830.0,17865.0,17700.0,407.0,115720080.0,19028
2023-05-10 09:05:59,lh2311,lh2311,17850.0,0.0,0.0,0.0,6,17835.0,17850.0,12,17875.0,17830.0,17865.0,17700.0,407.0,115720080.0,19028
2023-05-10 09:05:59,lh2311,lh2311,17850.0,0.0,0.0,0.0,4,17835.0,17845.0,1,17875.0,17830.0,17865.0,17700.0,407.0,115720080.0,19028
2023-05-10 09:06:00,lh2311,lh2311,17850.0,0.0,0.0,0.0,5,17835.0,17845.0,1,17875.0,17830.0,17865.0,17700.0,407.0,115720080.0,19028
2023-05-10 09:06:01,lh2311,lh2311,17850.0,0.0,0.0,0.0,4,17835.0,17845.0,1,17875.0,17830.0,17865.0,17700.0,407.0,115720080.0,19028
2023-05-10 09:06:02,lh2311,lh2311,17850.0,0.0,0.0,0.0,5,17835.0,17845.0,1,17875.0,17830.0,17865.0,17700.0,407.0,115720080.0,19028
2023-05-10 09:06:03,lh2311,lh2311,17850.0,0.0,0.0,0.0,4,17835.0,17845.0,1,17875.0,17830.0,17865.0,17700.0,407.0,115720080.0,19028
2023-05-10 09:06:04,lh2311,lh2311,17850.0,0.0,0.0,0.0,5,17835.0,17850.0,13,17875.0,17830.0,17865.0,17700.0,407.0,115720080.0,19028
2023-05-10 09:06:04,lh2311,lh2311,17835.0,1.0,285360.0,1.0,4,17835.0,17850.0,13,17875.0,17830.0,17865.0,17700.0,408.0,116005440.0,19029
2023-05-10 09:06:09,lh2311,lh2311,17835.0,0.0,0.0,0.0,5,17835.0,17850.0,12,17875.0,17830.0,17865.0,17700.0,408.0,116005440.0,19029
2023-05-10 09:06:09,lh2311,lh2311,17835.0,0.0,0.0,0.0,4,17835.0,17850.0,12,17875.0,17830.0,17865.0,17700.0,408.0,116005440.0,19029
2023-05-10 09:06:11,lh2311,lh2311,17835.0,0.0,0.0,0.0,4,17835.0,17850.0,13,17875.0,17830.0,17865.0,17700.0,408.0,116005440.0,19029
2023-05-10 09:06:12,lh2311,lh2311,17835.0,0.0,0.0,0.0,4,17835.0,17845.0,1,17875.0,17830.0,17865.0,17700.0,408.0,116005440.0,19029
2023-05-10 09:06:16,lh2311,lh2311,17835.0,2.0,570720.0,0.0,2,17835.0,17845.0,1,17875.0,17830.0,17865.0,17700.0,410.0,116576160.0,19029
2023-05-10 09:06:17,lh2311,lh2311,17835.0,0.0,0.0,0.0,3,17835.0,17845.0,2,17875.0,17830.0,17865.0,17700.0,410.0,116576160.0,19029
2023-05-10 09:06:17,lh2311,lh2311,17835.0,0.0,0.0,0.0,1,17835.0,17845.0,1,17875.0,17830.0,17865.0,17700.0,410.0,116576160.0,19029
2023-05-10 09:06:18,lh2311,lh2311,17835.0,0.0,0.0,0.0,2,17835.0,17845.0,1,17875.0,17830.0,17865.0,17700.0,410.0,116576160.0,19029
2023-05-10 09:06:18,lh2311,lh2311,17835.0,0.0,0.0,0.0,2,17835.0,17845.0,2,17875.0,17830.0,17865.0,17700.0,410.0,116576160.0,19029
2023-05-10 09:06:19,lh2311,lh2311,17835.0,0.0,0.0,0.0,1,17835.0,17845.0,1,17875.0,17830.0,17865.0,17700.0,410.0,116576160.0,19029
2023-05-10 09:06:19,lh2311,lh2311,17835.0,0.0,0.0,0.0,1,17835.0,17845.0,2,17875.0,17830.0,17865.0,17700.0,410.0,116576160.0,19029
2023-05-10 09:06:20,lh2311,lh2311,17835.0,0.0,0.0,0.0,1,17835.0,17845.0,1,17875.0,17830.0,17865.0,17700.0,410.0,116576160.0,19029
2023-05-10 09:06:20,lh2311,lh2311,17835.0,0.0,0.0,0.0,7,17830.0,17845.0,2,17875.0,17830.0,17865.0,17700.0,410.0,116576160.0,19029
2023-05-10 09:06:21,lh2311,lh2311,17835.0,0.0,0.0,0.0,3,17830.0,17845.0,1,17875.0,17830.0,17865.0,17700.0,410.0,116576160.0,19029
2023-05-10 09:06:21,lh2311,lh2311,17835.0,0.0,0.0,0.0,1,17830.0,17845.0,1,17875.0,17830.0,17865.0,17700.0,410.0,116576160.0,19029
2023-05-10 09:06:29,lh2311,lh2311,17835.0,0.0,0.0,0.0,1,17830.0,17845.0,2,17875.0,17830.0,17865.0,17700.0,410.0,116576160.0,19029
2023-05-10 09:06:29,lh2311,lh2311,17835.0,0.0,0.0,0.0,2,17835.0,17845.0,2,17875.0,17830.0,17865.0,17700.0,410.0,116576160.0,19029
2023-05-10 09:06:30,lh2311,lh2311,17835.0,0.0,0.0,0.0,2,17835.0,17845.0,1,17875.0,17830.0,17865.0,17700.0,410.0,116576160.0,19029
2023-05-10 09:06:31,lh2311,lh2311,17835.0,0.0,0.0,0.0,3,17835.0,17845.0,1,17875.0,17830.0,17865.0,17700.0,410.0,116576160.0,19029
2023-05-10 09:06:31,lh2311,lh2311,17835.0,0.0,0.0,0.0,2,17835.0,17845.0,1,17875.0,17830.0,17865.0,17700.0,410.0,116576160.0,19029
2023-05-10 09:06:32,lh2311,lh2311,17835.0,0.0,0.0,0.0,2,17835.0,17845.0,2,17875.0,17830.0,17865.0,17700.0,410.0,116576160.0,19029
2023-05-10 09:06:33,lh2311,lh2311,17835.0,0.0,0.0,0.0,2,17835.0,17845.0,1,17875.0,17830.0,17865.0,17700.0,410.0,116576160.0,19029
2023-05-10 09:07:00,lh2311,lh2311,17845.0,1.0,285520.0,1.0,3,17835.0,17850.0,12,17875.0,17830.0,17865.0,17700.0,411.0,116861680.0,19030
2023-05-10 09:07:00,lh2311,lh2311,17845.0,0.0,0.0,0.0,2,17835.0,17850.0,12,17875.0,17830.0,17865.0,17700.0,411.0,116861680.0,19030
2023-05-10 09:07:03,lh2311,lh2311,17845.0,0.0,0.0,0.0,2,17835.0,17850.0,16,17875.0,17830.0,17865.0,17700.0,411.0,116861680.0,19030
2023-05-10 09:07:03,lh2311,lh2311,17845.0,0.0,0.0,0.0,1,17835.0,17850.0,16,17875.0,17830.0,17865.0,17700.0,411.0,116861680.0,19030
2023-05-10 09:07:04,lh2311,lh2311,17845.0,0.0,0.0,0.0,10,17830.0,17850.0,18,17875.0,17830.0,17865.0,17700.0,411.0,116861680.0,19030
2023-05-10 09:07:04,lh2311,lh2311,17845.0,0.0,0.0,0.0,8,17830.0,17850.0,20,17875.0,17830.0,17865.0,17700.0,411.0,116861680.0,19030
2023-05-10 09:07:05,lh2311,lh2311,17845.0,0.0,0.0,0.0,1,17835.0,17850.0,20,17875.0,17830.0,17865.0,17700.0,411.0,116861680.0,19030
2023-05-10 09:07:05,lh2311,lh2311,17845.0,0.0,0.0,0.0,2,17835.0,17850.0,16,17875.0,17830.0,17865.0,17700.0,411.0,116861680.0,19030
2023-05-10 09:07:08,lh2311,lh2311,17845.0,0.0,0.0,0.0,3,17835.0,17850.0,16,17875.0,17830.0,17865.0,17700.0,411.0,116861680.0,19030
2023-05-10 09:07:09,lh2311,lh2311,17845.0,0.0,0.0,0.0,4,17835.0,17850.0,15,17875.0,17830.0,17865.0,17700.0,411.0,116861680.0,19030
2023-05-10 09:07:10,lh2311,lh2311,17845.0,0.0,0.0,0.0,3,17835.0,17850.0,17,17875.0,17830.0,17865.0,17700.0,411.0,116861680.0,19030
2023-05-10 09:07:10,lh2311,lh2311,17845.0,0.0,0.0,0.0,4,17835.0,17850.0,16,17875.0,17830.0,17865.0,17700.0,411.0,116861680.0,19030
2023-05-10 09:07:11,lh2311,lh2311,17845.0,0.0,0.0,0.0,3,17835.0,17850.0,17,17875.0,17830.0,17865.0,17700.0,411.0,116861680.0,19030
2023-05-10 09:07:12,lh2311,lh2311,17845.0,0.0,0.0,0.0,4,17835.0,17850.0,17,17875.0,17830.0,17865.0,17700.0,411.0,116861680.0,19030
2023-05-10 09:07:12,lh2311,lh2311,17845.0,0.0,0.0,0.0,3,17835.0,17850.0,17,17875.0,17830.0,17865.0,17700.0,411.0,116861680.0,19030
2023-05-10 09:07:14,lh2311,lh2311,17845.0,0.0,0.0,0.0,2,17835.0,17850.0,16,17875.0,17830.0,17865.0,17700.0,411.0,116861680.0,19030
2023-05-10 09:07:16,lh2311,lh2311,17845.0,0.0,0.0,0.0,2,17835.0,17850.0,12,17875.0,17830.0,17865.0,17700.0,411.0,116861680.0,19030
2023-05-10 09:07:16,lh2311,lh2311,17845.0,0.0,0.0,0.0,2,17835.0,17845.0,4,17875.0,17830.0,17865.0,17700.0,411.0,116861680.0,19030
2023-05-10 09:07:19,lh2311,lh2311,17845.0,0.0,0.0,0.0,2,17835.0,17845.0,5,17875.0,17830.0,17865.0,17700.0,411.0,116861680.0,19030
2023-05-10 09:07:20,lh2311,lh2311,17845.0,0.0,0.0,0.0,8,17830.0,17845.0,7,17875.0,17830.0,17865.0,17700.0,411.0,116861680.0,19030
2023-05-10 09:07:20,lh2311,lh2311,17845.0,0.0,0.0,0.0,6,17830.0,17845.0,11,17875.0,17830.0,17865.0,17700.0,411.0,116861680.0,19030
2023-05-10 09:07:21,lh2311,lh2311,17845.0,0.0,0.0,0.0,4,17830.0,17845.0,12,17875.0,17830.0,17865.0,17700.0,411.0,116861680.0,19030
2023-05-10 09:07:21,lh2311,lh2311,17830.0,1.0,285280.0,1.0,4,17830.0,17845.0,11,17875.0,17830.0,17865.0,17700.0,412.0,117146960.0,19031
2023-05-10 09:07:22,lh2311,lh2311,17830.0,0.0,0.0,0.0,3,17830.0,17845.0,11,17875.0,17830.0,17865.0,17700.0,412.0,117146960.0,19031
2023-05-10 09:07:22,lh2311,lh2311,17845.0,2.0,571040.0,2.0,2,17830.0,17845.0,9,17875.0,17830.0,17865.0,17700.0,414.0,117718000.0,19033
2023-05-10 09:07:24,lh2311,lh2311,17845.0,0.0,0.0,0.0,4,17830.0,17845.0,8,17875.0,17830.0,17865.0,17700.0,414.0,117718000.0,19033
2023-05-10 09:07:24,lh2311,lh2311,17845.0,0.0,0.0,0.0,4,17830.0,17845.0,5,17875.0,17830.0,17865.0,17700.0,414.0,117718000.0,19033
2023-05-10 09:07:25,lh2311,lh2311,17845.0,0.0,0.0,0.0,2,17830.0,17840.0,1,17875.0,17830.0,17865.0,17700.0,414.0,117718000.0,19033
2023-05-10 09:07:26,lh2311,lh2311,17845.0,0.0,0.0,0.0,1,17830.0,17840.0,1,17875.0,17830.0,17865.0,17700.0,414.0,117718000.0,19033
2023-05-10 09:07:27,lh2311,lh2311,17845.0,0.0,0.0,0.0,3,17830.0,17840.0,1,17875.0,17830.0,17865.0,17700.0,414.0,117718000.0,19033
2023-05-10 09:07:28,lh2311,lh2311,17845.0,0.0,0.0,0.0,2,17830.0,17840.0,1,17875.0,17830.0,17865.0,17700.0,414.0,117718000.0,19033
2023-05-10 09:07:28,lh2311,lh2311,17845.0,0.0,0.0,0.0,3,17830.0,17840.0,2,17875.0,17830.0,17865.0,17700.0,414.0,117718000.0,19033
2023-05-10 09:07:29,lh2311,lh2311,17845.0,0.0,0.0,0.0,1,17830.0,17840.0,2,17875.0,17830.0,17865.0,17700.0,414.0,117718000.0,19033
2023-05-10 09:07:29,lh2311,lh2311,17845.0,0.0,0.0,0.0,3,17830.0,17840.0,1,17875.0,17830.0,17865.0,17700.0,414.0,117718000.0,19033
2023-05-10 09:07:30,lh2311,lh2311,17845.0,0.0,0.0,0.0,2,17830.0,17840.0,1,17875.0,17830.0,17865.0,17700.0,414.0,117718000.0,19033
2023-05-10 09:07:30,lh2311,lh2311,17845.0,0.0,0.0,0.0,3,17830.0,17840.0,2,17875.0,17830.0,17865.0,17700.0,414.0,117718000.0,19033
2023-05-10 09:07:31,lh2311,lh2311,17845.0,0.0,0.0,0.0,1,17830.0,17840.0,1,17875.0,17830.0,17865.0,17700.0,414.0,117718000.0,19033
2023-05-10 09:07:32,lh2311,lh2311,17845.0,0.0,0.0,0.0,3,17830.0,17840.0,1,17875.0,17830.0,17865.0,17700.0,414.0,117718000.0,19033
2023-05-10 09:07:33,lh2311,lh2311,17845.0,0.0,0.0,0.0,1,17835.0,17840.0,2,17875.0,17830.0,17865.0,17700.0,414.0,117718000.0,19033
2023-05-10 09:07:33,lh2311,lh2311,17845.0,0.0,0.0,0.0,1,17835.0,17840.0,1,17875.0,17830.0,17865.0,17700.0,414.0,117718000.0,19033
2023-05-10 09:07:38,lh2311,lh2311,17845.0,0.0,0.0,0.0,1,17835.0,17840.0,7,17875.0,17830.0,17865.0,17700.0,414.0,117718000.0,19033
2023-05-10 09:07:38,lh2311,lh2311,17835.0,1.0,285360.0,1.0,2,17830.0,17840.0,9,17875.0,17830.0,17865.0,17700.0,415.0,118003360.0,19034
2023-05-10 09:07:38,lh2311,lh2311,17835.0,0.0,0.0,0.0,2,17830.0,17840.0,10,17875.0,17830.0,17865.0,17700.0,415.0,118003360.0,19034
2023-05-10 09:07:40,lh2311,lh2311,17835.0,0.0,0.0,0.0,9,17825.0,17840.0,11,17875.0,17830.0,17865.0,17700.0,415.0,118003360.0,19034
2023-05-10 09:07:40,lh2311,lh2311,17835.0,0.0,0.0,0.0,3,17825.0,17840.0,14,17875.0,17830.0,17865.0,17700.0,415.0,118003360.0,19034
2023-05-10 09:07:41,lh2311,lh2311,17835.0,0.0,0.0,0.0,3,17825.0,17840.0,13,17875.0,17830.0,17865.0,17700.0,415.0,118003360.0,19034
2023-05-10 09:07:41,lh2311,lh2311,17835.0,0.0,0.0,0.0,2,17825.0,17840.0,13,17875.0,17830.0,17865.0,17700.0,415.0,118003360.0,19034
2023-05-10 09:07:44,lh2311,lh2311,17835.0,0.0,0.0,0.0,3,17825.0,17840.0,13,17875.0,17830.0,17865.0,17700.0,415.0,118003360.0,19034
2023-05-10 09:07:46,lh2311,lh2311,17840.0,1.0,285440.0,0.0,3,17825.0,17840.0,12,17875.0,17830.0,17865.0,17700.0,416.0,118288800.0,19034
2023-05-10 09:07:51,lh2311,lh2311,17840.0,0.0,0.0,0.0,1,17835.0,17840.0,9,17875.0,17830.0,17865.0,17700.0,416.0,118288800.0,19034
2023-05-10 09:07:51,lh2311,lh2311,17840.0,0.0,0.0,0.0,1,17835.0,17840.0,8,17875.0,17830.0,17865.0,17700.0,416.0,118288800.0,19034
2023-05-10 09:07:54,lh2311,lh2311,17840.0,0.0,0.0,0.0,4,17830.0,17840.0,9,17875.0,17830.0,17865.0,17700.0,416.0,118288800.0,19034
2023-05-10 09:07:54,lh2311,lh2311,17840.0,0.0,0.0,0.0,3,17830.0,17840.0,9,17875.0,17830.0,17865.0,17700.0,416.0,118288800.0,19034
2023-05-10 09:07:57,lh2311,lh2311,17840.0,0.0,0.0,0.0,4,17830.0,17840.0,7,17875.0,17830.0,17865.0,17700.0,416.0,118288800.0,19034
2023-05-10 09:07:57,lh2311,lh2311,17840.0,0.0,0.0,0.0,3,17830.0,17840.0,9,17875.0,17830.0,17865.0,17700.0,416.0,118288800.0,19034
2023-05-10 09:07:58,lh2311,lh2311,17840.0,0.0,0.0,0.0,4,17830.0,17840.0,8,17875.0,17830.0,17865.0,17700.0,416.0,118288800.0,19034
2023-05-10 09:07:58,lh2311,lh2311,17840.0,0.0,0.0,0.0,3,17830.0,17840.0,9,17875.0,17830.0,17865.0,17700.0,416.0,118288800.0,19034
2023-05-10 09:08:03,lh2311,lh2311,17840.0,0.0,0.0,0.0,3,17830.0,17840.0,8,17875.0,17830.0,17865.0,17700.0,416.0,118288800.0,19034
2023-05-10 09:08:03,lh2311,lh2311,17840.0,0.0,0.0,0.0,3,17830.0,17840.0,9,17875.0,17830.0,17865.0,17700.0,416.0,118288800.0,19034
2023-05-10 09:08:04,lh2311,lh2311,17840.0,0.0,0.0,0.0,4,17830.0,17840.0,8,17875.0,17830.0,17865.0,17700.0,416.0,118288800.0,19034
2023-05-10 09:08:05,lh2311,lh2311,17840.0,0.0,0.0,0.0,3,17830.0,17840.0,8,17875.0,17830.0,17865.0,17700.0,416.0,118288800.0,19034
2023-05-10 09:08:05,lh2311,lh2311,17840.0,0.0,0.0,0.0,3,17830.0,17840.0,9,17875.0,17830.0,17865.0,17700.0,416.0,118288800.0,19034
2023-05-10 09:08:10,lh2311,lh2311,17840.0,0.0,0.0,0.0,1,17835.0,17840.0,8,17875.0,17830.0,17865.0,17700.0,416.0,118288800.0,19034
2023-05-10 09:08:10,lh2311,lh2311,17840.0,1.0,285440.0,-1.0,1,17835.0,17840.0,7,17875.0,17830.0,17865.0,17700.0,417.0,118574240.0,19033
2023-05-10 09:08:11,lh2311,lh2311,17840.0,0.0,0.0,0.0,1,17835.0,17840.0,6,17875.0,17830.0,17865.0,17700.0,417.0,118574240.0,19033
2023-05-10 09:08:11,lh2311,lh2311,17840.0,0.0,0.0,0.0,1,17835.0,17840.0,5,17875.0,17830.0,17865.0,17700.0,417.0,118574240.0,19033
2023-05-10 09:08:20,lh2311,lh2311,17840.0,0.0,0.0,0.0,1,17835.0,17840.0,8,17875.0,17830.0,17865.0,17700.0,417.0,118574240.0,19033
2023-05-10 09:08:21,lh2311,lh2311,17840.0,0.0,0.0,0.0,1,17835.0,17840.0,10,17875.0,17830.0,17865.0,17700.0,417.0,118574240.0,19033
2023-05-10 09:08:22,lh2311,lh2311,17840.0,0.0,0.0,0.0,1,17835.0,17840.0,9,17875.0,17830.0,17865.0,17700.0,417.0,118574240.0,19033
2023-05-10 09:08:22,lh2311,lh2311,17840.0,0.0,0.0,0.0,1,17835.0,17840.0,10,17875.0,17830.0,17865.0,17700.0,417.0,118574240.0,19033
2023-05-10 09:08:34,lh2311,lh2311,17840.0,0.0,0.0,0.0,1,17835.0,17840.0,9,17875.0,17830.0,17865.0,17700.0,417.0,118574240.0,19033
2023-05-10 09:08:35,lh2311,lh2311,17840.0,0.0,0.0,0.0,1,17835.0,17840.0,10,17875.0,17830.0,17865.0,17700.0,417.0,118574240.0,19033
2023-05-10 09:08:35,lh2311,lh2311,17840.0,2.0,570880.0,0.0,1,17835.0,17840.0,8,17875.0,17830.0,17865.0,17700.0,419.0,119145120.0,19033
2023-05-10 09:08:36,lh2311,lh2311,17840.0,2.0,570880.0,0.0,2,17835.0,17840.0,6,17875.0,17830.0,17865.0,17700.0,421.0,119716000.0,19033
2023-05-10 09:08:36,lh2311,lh2311,17840.0,2.0,570880.0,-2.0,2,17835.0,17840.0,2,17875.0,17830.0,17865.0,17700.0,423.0,120286880.0,19031
2023-05-10 09:08:38,lh2311,lh2311,17840.0,1.0,285440.0,0.0,4,17835.0,17840.0,1,17875.0,17830.0,17865.0,17700.0,424.0,120572320.0,19031
2023-05-10 09:08:38,lh2311,lh2311,17840.0,0.0,0.0,0.0,3,17835.0,17840.0,2,17875.0,17830.0,17865.0,17700.0,424.0,120572320.0,19031
2023-05-10 09:08:39,lh2311,lh2311,17840.0,0.0,0.0,0.0,3,17835.0,17840.0,1,17875.0,17830.0,17865.0,17700.0,424.0,120572320.0,19031
2023-05-10 09:08:40,lh2311,lh2311,17840.0,1.0,285440.0,0.0,1,17840.0,17845.0,2,17875.0,17830.0,17865.0,17700.0,425.0,120857760.0,19031
2023-05-10 09:08:41,lh2311,lh2311,17840.0,0.0,0.0,0.0,2,17840.0,17845.0,2,17875.0,17830.0,17865.0,17700.0,425.0,120857760.0,19031
2023-05-10 09:08:42,lh2311,lh2311,17845.0,1.0,285520.0,1.0,2,17840.0,17845.0,1,17875.0,17830.0,17865.0,17700.0,426.0,121143280.0,19032
2023-05-10 09:08:43,lh2311,lh2311,17845.0,0.0,0.0,0.0,1,17840.0,17845.0,1,17875.0,17830.0,17865.0,17700.0,426.0,121143280.0,19032
2023-05-10 09:08:45,lh2311,lh2311,17845.0,0.0,0.0,0.0,1,17840.0,17845.0,2,17875.0,17830.0,17865.0,17700.0,426.0,121143280.0,19032
2023-05-10 09:08:46,lh2311,lh2311,17845.0,0.0,0.0,0.0,1,17840.0,17845.0,1,17875.0,17830.0,17865.0,17700.0,426.0,121143280.0,19032
2023-05-10 09:08:46,lh2311,lh2311,17845.0,1.0,285520.0,1.0,1,17840.0,17850.0,19,17875.0,17830.0,17865.0,17700.0,427.0,121428800.0,19033
2023-05-10 09:08:47,lh2311,lh2311,17845.0,0.0,0.0,0.0,2,17840.0,17850.0,20,17875.0,17830.0,17865.0,17700.0,427.0,121428800.0,19033
2023-05-10 09:08:48,lh2311,lh2311,17845.0,0.0,0.0,0.0,3,17840.0,17850.0,19,17875.0,17830.0,17865.0,17700.0,427.0,121428800.0,19033
2023-05-10 09:08:48,lh2311,lh2311,17845.0,0.0,0.0,0.0,2,17840.0,17850.0,20,17875.0,17830.0,17865.0,17700.0,427.0,121428800.0,19033
2023-05-10 09:08:52,lh2311,lh2311,17845.0,0.0,0.0,0.0,2,17840.0,17850.0,19,17875.0,17830.0,17865.0,17700.0,427.0,121428800.0,19033
2023-05-10 09:08:54,lh2311,lh2311,17845.0,0.0,0.0,0.0,2,17840.0,17850.0,18,17875.0,17830.0,17865.0,17700.0,427.0,121428800.0,19033
2023-05-10 09:08:54,lh2311,lh2311,17845.0,0.0,0.0,0.0,2,17840.0,17850.0,19,17875.0,17830.0,17865.0,17700.0,427.0,121428800.0,19033
2023-05-10 09:08:55,lh2311,lh2311,17845.0,0.0,0.0,0.0,3,17840.0,17850.0,17,17875.0,17830.0,17865.0,17700.0,427.0,121428800.0,19033
2023-05-10 09:08:56,lh2311,lh2311,17845.0,0.0,0.0,0.0,2,17840.0,17850.0,19,17875.0,17830.0,17865.0,17700.0,427.0,121428800.0,19033
2023-05-10 09:08:57,lh2311,lh2311,17845.0,0.0,0.0,0.0,3,17840.0,17850.0,18,17875.0,17830.0,17865.0,17700.0,427.0,121428800.0,19033
2023-05-10 09:08:57,lh2311,lh2311,17845.0,0.0,0.0,0.0,2,17840.0,17850.0,19,17875.0,17830.0,17865.0,17700.0,427.0,121428800.0,19033
2023-05-10 09:09:00,lh2311,lh2311,17845.0,0.0,0.0,0.0,3,17840.0,17850.0,17,17875.0,17830.0,17865.0,17700.0,427.0,121428800.0,19033
2023-05-10 09:09:00,lh2311,lh2311,17845.0,0.0,0.0,0.0,2,17840.0,17850.0,18,17875.0,17830.0,17865.0,17700.0,427.0,121428800.0,19033
2023-05-10 09:09:01,lh2311,lh2311,17845.0,0.0,0.0,0.0,2,17840.0,17850.0,19,17875.0,17830.0,17865.0,17700.0,427.0,121428800.0,19033
2023-05-10 09:09:02,lh2311,lh2311,17845.0,0.0,0.0,0.0,2,17840.0,17850.0,13,17875.0,17830.0,17865.0,17700.0,427.0,121428800.0,19033
2023-05-10 09:09:08,lh2311,lh2311,17840.0,1.0,285440.0,1.0,2,17840.0,17850.0,12,17875.0,17830.0,17865.0,17700.0,428.0,121714240.0,19034
2023-05-10 09:09:08,lh2311,lh2311,17840.0,0.0,0.0,0.0,10,17835.0,17850.0,14,17875.0,17830.0,17865.0,17700.0,428.0,121714240.0,19034
2023-05-10 09:09:09,lh2311,lh2311,17840.0,0.0,0.0,0.0,7,17835.0,17850.0,16,17875.0,17830.0,17865.0,17700.0,428.0,121714240.0,19034
2023-05-10 09:09:09,lh2311,lh2311,17840.0,0.0,0.0,0.0,7,17835.0,17850.0,17,17875.0,17830.0,17865.0,17700.0,428.0,121714240.0,19034
2023-05-10 09:09:19,lh2311,lh2311,17840.0,0.0,0.0,0.0,6,17835.0,17850.0,17,17875.0,17830.0,17865.0,17700.0,428.0,121714240.0,19034
2023-05-10 09:09:19,lh2311,lh2311,17840.0,0.0,0.0,0.0,4,17835.0,17850.0,17,17875.0,17830.0,17865.0,17700.0,428.0,121714240.0,19034
2023-05-10 09:09:20,lh2311,lh2311,17840.0,0.0,0.0,0.0,4,17835.0,17850.0,14,17875.0,17830.0,17865.0,17700.0,428.0,121714240.0,19034
2023-05-10 09:09:25,lh2311,lh2311,17840.0,0.0,0.0,0.0,5,17835.0,17850.0,13,17875.0,17830.0,17865.0,17700.0,428.0,121714240.0,19034
2023-05-10 09:09:26,lh2311,lh2311,17840.0,0.0,0.0,0.0,4,17835.0,17850.0,14,17875.0,17830.0,17865.0,17700.0,428.0,121714240.0,19034
2023-05-10 09:09:29,lh2311,lh2311,17840.0,0.0,0.0,0.0,3,17835.0,17850.0,13,17875.0,17830.0,17865.0,17700.0,428.0,121714240.0,19034
2023-05-10 09:09:31,lh2311,lh2311,17840.0,0.0,0.0,0.0,6,17835.0,17850.0,14,17875.0,17830.0,17865.0,17700.0,428.0,121714240.0,19034
2023-05-10 09:09:32,lh2311,lh2311,17840.0,0.0,0.0,0.0,1,17840.0,17850.0,11,17875.0,17830.0,17865.0,17700.0,428.0,121714240.0,19034
2023-05-10 09:09:32,lh2311,lh2311,17840.0,0.0,0.0,0.0,12,17835.0,17850.0,10,17875.0,17830.0,17865.0,17700.0,428.0,121714240.0,19034
2023-05-10 09:09:39,lh2311,lh2311,17840.0,0.0,0.0,0.0,11,17835.0,17850.0,9,17875.0,17830.0,17865.0,17700.0,428.0,121714240.0,19034
2023-05-10 09:09:40,lh2311,lh2311,17840.0,0.0,0.0,0.0,3,17840.0,17850.0,8,17875.0,17830.0,17865.0,17700.0,428.0,121714240.0,19034
2023-05-10 09:09:40,lh2311,lh2311,17840.0,0.0,0.0,0.0,2,17840.0,17850.0,9,17875.0,17830.0,17865.0,17700.0,428.0,121714240.0,19034
2023-05-10 09:09:41,lh2311,lh2311,17840.0,0.0,0.0,0.0,10,17835.0,17850.0,10,17875.0,17830.0,17865.0,17700.0,428.0,121714240.0,19034
2023-05-10 09:09:41,lh2311,lh2311,17840.0,0.0,0.0,0.0,10,17835.0,17850.0,11,17875.0,17830.0,17865.0,17700.0,428.0,121714240.0,19034
2023-05-10 09:09:42,lh2311,lh2311,17840.0,0.0,0.0,0.0,9,17835.0,17850.0,13,17875.0,17830.0,17865.0,17700.0,428.0,121714240.0,19034
2023-05-10 09:09:43,lh2311,lh2311,17840.0,0.0,0.0,0.0,9,17835.0,17850.0,12,17875.0,17830.0,17865.0,17700.0,428.0,121714240.0,19034
2023-05-10 09:09:43,lh2311,lh2311,17840.0,0.0,0.0,0.0,9,17835.0,17850.0,13,17875.0,17830.0,17865.0,17700.0,428.0,121714240.0,19034
2023-05-10 09:09:44,lh2311,lh2311,17840.0,0.0,0.0,0.0,8,17835.0,17850.0,14,17875.0,17830.0,17865.0,17700.0,428.0,121714240.0,19034
2023-05-10 09:09:45,lh2311,lh2311,17840.0,0.0,0.0,0.0,8,17835.0,17850.0,13,17875.0,17830.0,17865.0,17700.0,428.0,121714240.0,19034
2023-05-10 09:09:46,lh2311,lh2311,17840.0,0.0,0.0,0.0,7,17835.0,17850.0,13,17875.0,17830.0,17865.0,17700.0,428.0,121714240.0,19034
2023-05-10 09:09:46,lh2311,lh2311,17840.0,0.0,0.0,0.0,8,17835.0,17850.0,13,17875.0,17830.0,17865.0,17700.0,428.0,121714240.0,19034
2023-05-10 09:09:47,lh2311,lh2311,17840.0,0.0,0.0,0.0,7,17835.0,17850.0,13,17875.0,17830.0,17865.0,17700.0,428.0,121714240.0,19034
2023-05-10 09:09:47,lh2311,lh2311,17840.0,0.0,0.0,0.0,8,17835.0,17850.0,12,17875.0,17830.0,17865.0,17700.0,428.0,121714240.0,19034
2023-05-10 09:09:48,lh2311,lh2311,17840.0,0.0,0.0,0.0,8,17835.0,17850.0,11,17875.0,17830.0,17865.0,17700.0,428.0,121714240.0,19034
2023-05-10 09:09:48,lh2311,lh2311,17840.0,0.0,0.0,0.0,7,17835.0,17850.0,12,17875.0,17830.0,17865.0,17700.0,428.0,121714240.0,19034
2023-05-10 09:09:49,lh2311,lh2311,17840.0,0.0,0.0,0.0,8,17835.0,17850.0,12,17875.0,17830.0,17865.0,17700.0,428.0,121714240.0,19034
2023-05-10 09:09:50,lh2311,lh2311,17840.0,0.0,0.0,0.0,8,17835.0,17845.0,1,17875.0,17830.0,17865.0,17700.0,428.0,121714240.0,19034
2023-05-10 09:09:52,lh2311,lh2311,17840.0,0.0,0.0,0.0,1,17840.0,17845.0,1,17875.0,17830.0,17865.0,17700.0,428.0,121714240.0,19034
2023-05-10 09:09:54,lh2311,lh2311,17840.0,1.0,285440.0,0.0,9,17835.0,17845.0,1,17875.0,17830.0,17865.0,17700.0,429.0,121999680.0,19034
2023-05-10 09:09:54,lh2311,lh2311,17840.0,0.0,0.0,0.0,7,17835.0,17845.0,2,17875.0,17830.0,17865.0,17700.0,429.0,121999680.0,19034
2023-05-10 09:09:56,lh2311,lh2311,17840.0,0.0,0.0,0.0,8,17835.0,17845.0,1,17875.0,17830.0,17865.0,17700.0,429.0,121999680.0,19034
2023-05-10 09:09:59,lh2311,lh2311,17840.0,0.0,0.0,0.0,7,17835.0,17845.0,2,17875.0,17830.0,17865.0,17700.0,429.0,121999680.0,19034
2023-05-10 09:10:00,lh2311,lh2311,17840.0,0.0,0.0,0.0,8,17835.0,17845.0,1,17875.0,17830.0,17865.0,17700.0,429.0,121999680.0,19034
2023-05-10 09:10:00,lh2311,lh2311,17845.0,1.0,285520.0,1.0,7,17835.0,17845.0,1,17875.0,17830.0,17865.0,17700.0,430.0,122285200.0,19035
2023-05-10 09:10:01,lh2311,lh2311,17845.0,0.0,0.0,0.0,8,17835.0,17850.0,13,17875.0,17830.0,17865.0,17700.0,430.0,122285200.0,19035
2023-05-10 09:10:09,lh2311,lh2311,17845.0,0.0,0.0,0.0,8,17835.0,17850.0,12,17875.0,17830.0,17865.0,17700.0,430.0,122285200.0,19035
2023-05-10 09:10:09,lh2311,lh2311,17845.0,0.0,0.0,0.0,7,17835.0,17850.0,13,17875.0,17830.0,17865.0,17700.0,430.0,122285200.0,19035
2023-05-10 09:10:10,lh2311,lh2311,17845.0,0.0,0.0,0.0,8,17835.0,17850.0,13,17875.0,17830.0,17865.0,17700.0,430.0,122285200.0,19035
2023-05-10 09:10:12,lh2311,lh2311,17845.0,0.0,0.0,0.0,8,17835.0,17850.0,12,17875.0,17830.0,17865.0,17700.0,430.0,122285200.0,19035
2023-05-10 09:10:13,lh2311,lh2311,17845.0,0.0,0.0,0.0,7,17835.0,17850.0,11,17875.0,17830.0,17865.0,17700.0,430.0,122285200.0,19035
2023-05-10 09:10:13,lh2311,lh2311,17845.0,0.0,0.0,0.0,1,17840.0,17850.0,11,17875.0,17830.0,17865.0,17700.0,430.0,122285200.0,19035
2023-05-10 09:10:14,lh2311,lh2311,17845.0,0.0,0.0,0.0,3,17840.0,17850.0,8,17875.0,17830.0,17865.0,17700.0,430.0,122285200.0,19035
2023-05-10 09:10:14,lh2311,lh2311,17845.0,0.0,0.0,0.0,2,17840.0,17850.0,9,17875.0,17830.0,17865.0,17700.0,430.0,122285200.0,19035
2023-05-10 09:10:15,lh2311,lh2311,17845.0,0.0,0.0,0.0,3,17840.0,17850.0,8,17875.0,17830.0,17865.0,17700.0,430.0,122285200.0,19035
2023-05-10 09:10:16,lh2311,lh2311,17845.0,0.0,0.0,0.0,2,17840.0,17850.0,9,17875.0,17830.0,17865.0,17700.0,430.0,122285200.0,19035
2023-05-10 09:10:16,lh2311,lh2311,17845.0,0.0,0.0,0.0,1,17840.0,17850.0,9,17875.0,17830.0,17865.0,17700.0,430.0,122285200.0,19035
2023-05-10 09:10:17,lh2311,lh2311,17845.0,0.0,0.0,0.0,11,17835.0,17850.0,10,17875.0,17830.0,17865.0,17700.0,430.0,122285200.0,19035
2023-05-10 09:10:18,lh2311,lh2311,17845.0,0.0,0.0,0.0,10,17835.0,17850.0,17,17875.0,17830.0,17865.0,17700.0,430.0,122285200.0,19035
2023-05-10 09:10:18,lh2311,lh2311,17845.0,0.0,0.0,0.0,9,17835.0,17850.0,18,17875.0,17830.0,17865.0,17700.0,430.0,122285200.0,19035
2023-05-10 09:10:19,lh2311,lh2311,17845.0,0.0,0.0,0.0,8,17835.0,17850.0,18,17875.0,17830.0,17865.0,17700.0,430.0,122285200.0,19035
2023-05-10 09:10:21,lh2311,lh2311,17845.0,0.0,0.0,0.0,9,17835.0,17850.0,18,17875.0,17830.0,17865.0,17700.0,430.0,122285200.0,19035
2023-05-10 09:10:22,lh2311,lh2311,17845.0,0.0,0.0,0.0,8,17835.0,17850.0,17,17875.0,17830.0,17865.0,17700.0,430.0,122285200.0,19035
2023-05-10 09:10:22,lh2311,lh2311,17845.0,0.0,0.0,0.0,8,17835.0,17850.0,18,17875.0,17830.0,17865.0,17700.0,430.0,122285200.0,19035
2023-05-10 09:10:25,lh2311,lh2311,17845.0,0.0,0.0,0.0,2,17840.0,17850.0,18,17875.0,17830.0,17865.0,17700.0,430.0,122285200.0,19035
2023-05-10 09:10:26,lh2311,lh2311,17845.0,0.0,0.0,0.0,1,17840.0,17850.0,18,17875.0,17830.0,17865.0,17700.0,430.0,122285200.0,19035
2023-05-10 09:10:27,lh2311,lh2311,17845.0,0.0,0.0,0.0,11,17835.0,17850.0,21,17875.0,17830.0,17865.0,17700.0,430.0,122285200.0,19035
2023-05-10 09:10:27,lh2311,lh2311,17845.0,0.0,0.0,0.0,10,17835.0,17850.0,22,17875.0,17830.0,17865.0,17700.0,430.0,122285200.0,19035
2023-05-10 09:10:28,lh2311,lh2311,17845.0,0.0,0.0,0.0,8,17835.0,17850.0,22,17875.0,17830.0,17865.0,17700.0,430.0,122285200.0,19035
2023-05-10 09:10:29,lh2311,lh2311,17845.0,0.0,0.0,0.0,9,17835.0,17850.0,21,17875.0,17830.0,17865.0,17700.0,430.0,122285200.0,19035
2023-05-10 09:10:29,lh2311,lh2311,17850.0,1.0,285600.0,0.0,9,17835.0,17850.0,20,17875.0,17830.0,17865.0,17700.0,431.0,122570800.0,19035
2023-05-10 09:10:30,lh2311,lh2311,17850.0,0.0,0.0,0.0,10,17835.0,17850.0,19,17875.0,17830.0,17865.0,17700.0,431.0,122570800.0,19035
2023-05-10 09:10:30,lh2311,lh2311,17850.0,0.0,0.0,0.0,1,17840.0,17850.0,20,17875.0,17830.0,17865.0,17700.0,431.0,122570800.0,19035
2023-05-10 09:10:31,lh2311,lh2311,17850.0,0.0,0.0,0.0,2,17840.0,17850.0,17,17875.0,17830.0,17865.0,17700.0,431.0,122570800.0,19035
2023-05-10 09:10:35,lh2311,lh2311,17850.0,1.0,285600.0,-1.0,2,17840.0,17850.0,16,17875.0,17830.0,17865.0,17700.0,432.0,122856400.0,19034
2023-05-10 09:10:39,lh2311,lh2311,17850.0,0.0,0.0,0.0,2,17840.0,17850.0,17,17875.0,17830.0,17865.0,17700.0,432.0,122856400.0,19034
2023-05-10 09:10:40,lh2311,lh2311,17850.0,0.0,0.0,0.0,2,17840.0,17845.0,1,17875.0,17830.0,17865.0,17700.0,432.0,122856400.0,19034
2023-05-10 09:10:41,lh2311,lh2311,17850.0,0.0,0.0,0.0,1,17840.0,17845.0,2,17875.0,17830.0,17865.0,17700.0,432.0,122856400.0,19034
2023-05-10 09:10:41,lh2311,lh2311,17850.0,0.0,0.0,0.0,1,17840.0,17845.0,1,17875.0,17830.0,17865.0,17700.0,432.0,122856400.0,19034
2023-05-10 09:10:42,lh2311,lh2311,17850.0,0.0,0.0,0.0,13,17835.0,17845.0,1,17875.0,17830.0,17865.0,17700.0,432.0,122856400.0,19034
2023-05-10 09:10:42,lh2311,lh2311,17850.0,1.0,285600.0,1.0,2,17840.0,17850.0,19,17875.0,17830.0,17865.0,17700.0,433.0,123142000.0,19035
2023-05-10 09:10:43,lh2311,lh2311,17850.0,0.0,0.0,0.0,3,17840.0,17850.0,18,17875.0,17830.0,17865.0,17700.0,433.0,123142000.0,19035
2023-05-10 09:10:43,lh2311,lh2311,17850.0,1.0,285600.0,0.0,2,17840.0,17850.0,18,17875.0,17830.0,17865.0,17700.0,434.0,123427600.0,19035
2023-05-10 09:10:44,lh2311,lh2311,17850.0,0.0,0.0,0.0,3,17840.0,17850.0,17,17875.0,17830.0,17865.0,17700.0,434.0,123427600.0,19035
2023-05-10 09:10:44,lh2311,lh2311,17850.0,0.0,0.0,0.0,2,17840.0,17850.0,18,17875.0,17830.0,17865.0,17700.0,434.0,123427600.0,19035
2023-05-10 09:10:52,lh2311,lh2311,17850.0,0.0,0.0,0.0,3,17840.0,17850.0,17,17875.0,17830.0,17865.0,17700.0,434.0,123427600.0,19035
2023-05-10 09:10:52,lh2311,lh2311,17850.0,0.0,0.0,0.0,2,17840.0,17850.0,18,17875.0,17830.0,17865.0,17700.0,434.0,123427600.0,19035
2023-05-10 09:11:00,lh2311,lh2311,17850.0,0.0,0.0,0.0,3,17840.0,17850.0,17,17875.0,17830.0,17865.0,17700.0,434.0,123427600.0,19035
2023-05-10 09:11:01,lh2311,lh2311,17850.0,2.0,571200.0,0.0,2,17840.0,17850.0,35,17875.0,17830.0,17865.0,17700.0,436.0,123998800.0,19035
2023-05-10 09:11:04,lh2311,lh2311,17850.0,0.0,0.0,0.0,2,17840.0,17845.0,1,17875.0,17830.0,17865.0,17700.0,436.0,123998800.0,19035
2023-05-10 09:11:05,lh2311,lh2311,17850.0,0.0,0.0,0.0,1,17840.0,17845.0,1,17875.0,17830.0,17865.0,17700.0,436.0,123998800.0,19035
2023-05-10 09:11:07,lh2311,lh2311,17850.0,0.0,0.0,0.0,1,17840.0,17845.0,2,17875.0,17830.0,17865.0,17700.0,436.0,123998800.0,19035
2023-05-10 09:11:08,lh2311,lh2311,17850.0,0.0,0.0,0.0,1,17840.0,17845.0,1,17875.0,17830.0,17865.0,17700.0,436.0,123998800.0,19035
2023-05-10 09:11:14,lh2311,lh2311,17850.0,0.0,0.0,0.0,1,17840.0,17845.0,2,17875.0,17830.0,17865.0,17700.0,436.0,123998800.0,19035
2023-05-10 09:11:14,lh2311,lh2311,17850.0,0.0,0.0,0.0,1,17840.0,17845.0,1,17875.0,17830.0,17865.0,17700.0,436.0,123998800.0,19035
2023-05-10 09:11:16,lh2311,lh2311,17850.0,0.0,0.0,0.0,1,17840.0,17845.0,2,17875.0,17830.0,17865.0,17700.0,436.0,123998800.0,19035
2023-05-10 09:11:16,lh2311,lh2311,17850.0,0.0,0.0,0.0,1,17840.0,17845.0,1,17875.0,17830.0,17865.0,17700.0,436.0,123998800.0,19035
2023-05-10 09:11:19,lh2311,lh2311,17850.0,0.0,0.0,0.0,2,17840.0,17845.0,1,17875.0,17830.0,17865.0,17700.0,436.0,123998800.0,19035
2023-05-10 09:11:20,lh2311,lh2311,17850.0,0.0,0.0,0.0,1,17840.0,17845.0,1,17875.0,17830.0,17865.0,17700.0,436.0,123998800.0,19035
2023-05-10 09:11:24,lh2311,lh2311,17850.0,0.0,0.0,0.0,2,17840.0,17845.0,1,17875.0,17830.0,17865.0,17700.0,436.0,123998800.0,19035
2023-05-10 09:11:24,lh2311,lh2311,17850.0,0.0,0.0,0.0,1,17840.0,17845.0,2,17875.0,17830.0,17865.0,17700.0,436.0,123998800.0,19035
2023-05-10 09:11:25,lh2311,lh2311,17850.0,0.0,0.0,0.0,1,17840.0,17845.0,1,17875.0,17830.0,17865.0,17700.0,436.0,123998800.0,19035
2023-05-10 09:11:26,lh2311,lh2311,17850.0,0.0,0.0,0.0,2,17840.0,17845.0,1,17875.0,17830.0,17865.0,17700.0,436.0,123998800.0,19035
2023-05-10 09:11:27,lh2311,lh2311,17850.0,0.0,0.0,0.0,3,17840.0,17845.0,1,17875.0,17830.0,17865.0,17700.0,436.0,123998800.0,19035
2023-05-10 09:11:27,lh2311,lh2311,17850.0,0.0,0.0,0.0,3,17840.0,17850.0,38,17875.0,17830.0,17865.0,17700.0,436.0,123998800.0,19035
2023-05-10 09:11:31,lh2311,lh2311,17850.0,0.0,0.0,0.0,2,17840.0,17850.0,38,17875.0,17830.0,17865.0,17700.0,436.0,123998800.0,19035
2023-05-10 09:11:40,lh2311,lh2311,17850.0,0.0,0.0,0.0,4,17840.0,17850.0,36,17875.0,17830.0,17865.0,17700.0,436.0,123998800.0,19035
2023-05-10 09:11:40,lh2311,lh2311,17850.0,1.0,285600.0,0.0,1,17845.0,17850.0,34,17875.0,17830.0,17865.0,17700.0,437.0,124284400.0,19035
2023-05-10 09:11:41,lh2311,lh2311,17850.0,2.0,571200.0,-2.0,1,17840.0,17850.0,32,17875.0,17830.0,17865.0,17700.0,439.0,124855600.0,19033
2023-05-10 09:11:41,lh2311,lh2311,17850.0,0.0,0.0,0.0,9,17835.0,17850.0,35,17875.0,17830.0,17865.0,17700.0,439.0,124855600.0,19033
2023-05-10 09:11:42,lh2311,lh2311,17850.0,2.0,571200.0,-2.0,7,17835.0,17850.0,35,17875.0,17830.0,17865.0,17700.0,441.0,125426800.0,19031
2023-05-10 09:11:42,lh2311,lh2311,17850.0,0.0,0.0,0.0,1,17845.0,17850.0,31,17875.0,17830.0,17865.0,17700.0,441.0,125426800.0,19031
2023-05-10 09:11:43,lh2311,lh2311,17850.0,0.0,0.0,0.0,2,17845.0,17850.0,30,17875.0,17830.0,17865.0,17700.0,441.0,125426800.0,19031
2023-05-10 09:11:44,lh2311,lh2311,17845.0,2.0,571040.0,0.0,2,17840.0,17845.0,8,17875.0,17830.0,17865.0,17700.0,443.0,125997840.0,19031
2023-05-10 09:11:45,lh2311,lh2311,17845.0,0.0,0.0,0.0,1,17840.0,17845.0,8,17875.0,17830.0,17865.0,17700.0,443.0,125997840.0,19031
2023-05-10 09:11:45,lh2311,lh2311,17845.0,0.0,0.0,0.0,1,17840.0,17845.0,9,17875.0,17830.0,17865.0,17700.0,443.0,125997840.0,19031
2023-05-10 09:11:46,lh2311,lh2311,17845.0,0.0,0.0,0.0,8,17835.0,17845.0,9,17875.0,17830.0,17865.0,17700.0,443.0,125997840.0,19031
2023-05-10 09:11:46,lh2311,lh2311,17845.0,0.0,0.0,0.0,1,17840.0,17845.0,10,17875.0,17830.0,17865.0,17700.0,443.0,125997840.0,19031
2023-05-10 09:11:47,lh2311,lh2311,17845.0,0.0,0.0,0.0,1,17840.0,17845.0,9,17875.0,17830.0,17865.0,17700.0,443.0,125997840.0,19031
2023-05-10 09:11:47,lh2311,lh2311,17845.0,0.0,0.0,0.0,2,17840.0,17845.0,9,17875.0,17830.0,17865.0,17700.0,443.0,125997840.0,19031
2023-05-10 09:11:55,lh2311,lh2311,17845.0,0.0,0.0,0.0,2,17840.0,17845.0,8,17875.0,17830.0,17865.0,17700.0,443.0,125997840.0,19031
2023-05-10 09:11:55,lh2311,lh2311,17845.0,0.0,0.0,0.0,2,17840.0,17845.0,9,17875.0,17830.0,17865.0,17700.0,443.0,125997840.0,19031
2023-05-10 09:11:58,lh2311,lh2311,17845.0,1.0,285520.0,0.0,2,17840.0,17845.0,8,17875.0,17830.0,17865.0,17700.0,444.0,126283360.0,19031
2023-05-10 09:11:59,lh2311,lh2311,17845.0,0.0,0.0,0.0,2,17840.0,17845.0,7,17875.0,17830.0,17865.0,17700.0,444.0,126283360.0,19031
2023-05-10 09:12:01,lh2311,lh2311,17845.0,0.0,0.0,0.0,2,17840.0,17845.0,8,17875.0,17830.0,17865.0,17700.0,444.0,126283360.0,19031
2023-05-10 09:12:01,lh2311,lh2311,17845.0,0.0,0.0,0.0,1,17840.0,17845.0,8,17875.0,17830.0,17865.0,17700.0,444.0,126283360.0,19031
2023-05-10 09:12:03,lh2311,lh2311,17845.0,0.0,0.0,0.0,2,17840.0,17845.0,7,17875.0,17830.0,17865.0,17700.0,444.0,126283360.0,19031
2023-05-10 09:12:04,lh2311,lh2311,17845.0,0.0,0.0,0.0,2,17840.0,17845.0,8,17875.0,17830.0,17865.0,17700.0,444.0,126283360.0,19031
2023-05-10 09:12:05,lh2311,lh2311,17845.0,0.0,0.0,0.0,3,17840.0,17845.0,7,17875.0,17830.0,17865.0,17700.0,444.0,126283360.0,19031
2023-05-10 09:12:06,lh2311,lh2311,17845.0,0.0,0.0,0.0,2,17840.0,17845.0,8,17875.0,17830.0,17865.0,17700.0,444.0,126283360.0,19031
2023-05-10 09:12:10,lh2311,lh2311,17845.0,0.0,0.0,0.0,3,17840.0,17845.0,8,17875.0,17830.0,17865.0,17700.0,444.0,126283360.0,19031
2023-05-10 09:12:11,lh2311,lh2311,17845.0,0.0,0.0,0.0,3,17840.0,17845.0,7,17875.0,17830.0,17865.0,17700.0,444.0,126283360.0,19031
2023-05-10 09:12:12,lh2311,lh2311,17845.0,0.0,0.0,0.0,4,17840.0,17845.0,7,17875.0,17830.0,17865.0,17700.0,444.0,126283360.0,19031
2023-05-10 09:12:12,lh2311,lh2311,17845.0,0.0,0.0,0.0,3,17840.0,17845.0,8,17875.0,17830.0,17865.0,17700.0,444.0,126283360.0,19031
2023-05-10 09:12:15,lh2311,lh2311,17845.0,1.0,285520.0,0.0,3,17840.0,17845.0,7,17875.0,17830.0,17865.0,17700.0,445.0,126568880.0,19031
2023-05-10 09:12:16,lh2311,lh2311,17845.0,0.0,0.0,0.0,3,17840.0,17845.0,6,17875.0,17830.0,17865.0,17700.0,445.0,126568880.0,19031
2023-05-10 09:12:16,lh2311,lh2311,17845.0,0.0,0.0,0.0,3,17840.0,17845.0,7,17875.0,17830.0,17865.0,17700.0,445.0,126568880.0,19031
2023-05-10 09:12:18,lh2311,lh2311,17845.0,0.0,0.0,0.0,3,17840.0,17845.0,6,17875.0,17830.0,17865.0,17700.0,445.0,126568880.0,19031
2023-05-10 09:12:19,lh2311,lh2311,17845.0,0.0,0.0,0.0,2,17840.0,17845.0,7,17875.0,17830.0,17865.0,17700.0,445.0,126568880.0,19031
2023-05-10 09:12:20,lh2311,lh2311,17845.0,0.0,0.0,0.0,3,17840.0,17845.0,6,17875.0,17830.0,17865.0,17700.0,445.0,126568880.0,19031
2023-05-10 09:12:21,lh2311,lh2311,17845.0,0.0,0.0,0.0,2,17840.0,17845.0,8,17875.0,17830.0,17865.0,17700.0,445.0,126568880.0,19031
2023-05-10 09:12:24,lh2311,lh2311,17845.0,0.0,0.0,0.0,2,17840.0,17845.0,7,17875.0,17830.0,17865.0,17700.0,445.0,126568880.0,19031
2023-05-10 09:12:24,lh2311,lh2311,17845.0,0.0,0.0,0.0,2,17840.0,17845.0,8,17875.0,17830.0,17865.0,17700.0,445.0,126568880.0,19031
2023-05-10 09:12:26,lh2311,lh2311,17845.0,0.0,0.0,0.0,2,17840.0,17845.0,7,17875.0,17830.0,17865.0,17700.0,445.0,126568880.0,19031
2023-05-10 09:12:27,lh2311,lh2311,17845.0,0.0,0.0,0.0,2,17840.0,17845.0,8,17875.0,17830.0,17865.0,17700.0,445.0,126568880.0,19031
2023-05-10 09:12:31,lh2311,lh2311,17845.0,0.0,0.0,0.0,2,17840.0,17845.0,7,17875.0,17830.0,17865.0,17700.0,445.0,126568880.0,19031
2023-05-10 09:12:31,lh2311,lh2311,17845.0,0.0,0.0,0.0,2,17840.0,17845.0,8,17875.0,17830.0,17865.0,17700.0,445.0,126568880.0,19031
2023-05-10 09:12:35,lh2311,lh2311,17840.0,1.0,285440.0,0.0,1,17840.0,17845.0,8,17875.0,17830.0,17865.0,17700.0,446.0,126854320.0,19031
2023-05-10 09:12:35,lh2311,lh2311,17840.0,0.0,0.0,0.0,2,17840.0,17845.0,7,17875.0,17830.0,17865.0,17700.0,446.0,126854320.0,19031
2023-05-10 09:12:36,lh2311,lh2311,17840.0,0.0,0.0,0.0,2,17840.0,17845.0,8,17875.0,17830.0,17865.0,17700.0,446.0,126854320.0,19031
2023-05-10 09:12:38,lh2311,lh2311,17840.0,0.0,0.0,0.0,2,17840.0,17845.0,7,17875.0,17830.0,17865.0,17700.0,446.0,126854320.0,19031
2023-05-10 09:12:38,lh2311,lh2311,17840.0,0.0,0.0,0.0,2,17840.0,17845.0,8,17875.0,17830.0,17865.0,17700.0,446.0,126854320.0,19031
2023-05-10 09:12:41,lh2311,lh2311,17840.0,0.0,0.0,0.0,2,17840.0,17845.0,7,17875.0,17830.0,17865.0,17700.0,446.0,126854320.0,19031
2023-05-10 09:12:42,lh2311,lh2311,17845.0,1.0,285520.0,0.0,2,17840.0,17845.0,7,17875.0,17830.0,17865.0,17700.0,447.0,127139840.0,19031
2023-05-10 09:12:42,lh2311,lh2311,17845.0,1.0,285520.0,-1.0,2,17840.0,17845.0,6,17875.0,17830.0,17865.0,17700.0,448.0,127425360.0,19030
2023-05-10 09:12:43,lh2311,lh2311,17840.0,1.0,285440.0,0.0,9,17835.0,17845.0,5,17875.0,17830.0,17865.0,17700.0,449.0,127710800.0,19030
2023-05-10 09:12:48,lh2311,lh2311,17840.0,0.0,0.0,0.0,10,17835.0,17845.0,5,17875.0,17830.0,17865.0,17700.0,449.0,127710800.0,19030
2023-05-10 09:12:49,lh2311,lh2311,17840.0,0.0,0.0,0.0,9,17835.0,17845.0,6,17875.0,17830.0,17865.0,17700.0,449.0,127710800.0,19030
2023-05-10 09:12:50,lh2311,lh2311,17845.0,1.0,285520.0,0.0,1,17840.0,17845.0,4,17875.0,17830.0,17865.0,17700.0,450.0,127996320.0,19030
2023-05-10 09:12:54,lh2311,lh2311,17845.0,1.0,285520.0,0.0,1,17840.0,17845.0,3,17875.0,17830.0,17865.0,17700.0,451.0,128281840.0,19030
2023-05-10 09:12:54,lh2311,lh2311,17845.0,0.0,0.0,0.0,2,17840.0,17845.0,3,17875.0,17830.0,17865.0,17700.0,451.0,128281840.0,19030
2023-05-10 09:12:56,lh2311,lh2311,17845.0,0.0,0.0,0.0,1,17840.0,17845.0,4,17875.0,17830.0,17865.0,17700.0,451.0,128281840.0,19030
2023-05-10 09:12:56,lh2311,lh2311,17845.0,0.0,0.0,0.0,1,17840.0,17845.0,3,17875.0,17830.0,17865.0,17700.0,451.0,128281840.0,19030
2023-05-10 09:13:00,lh2311,lh2311,17845.0,0.0,0.0,0.0,2,17840.0,17845.0,3,17875.0,17830.0,17865.0,17700.0,451.0,128281840.0,19030
2023-05-10 09:13:00,lh2311,lh2311,17845.0,0.0,0.0,0.0,1,17840.0,17845.0,3,17875.0,17830.0,17865.0,17700.0,451.0,128281840.0,19030
2023-05-10 09:13:01,lh2311,lh2311,17845.0,2.0,571040.0,0.0,1,17840.0,17845.0,1,17875.0,17830.0,17865.0,17700.0,453.0,128852880.0,19030
2023-05-10 09:13:04,lh2311,lh2311,17845.0,0.0,0.0,0.0,1,17840.0,17845.0,2,17875.0,17830.0,17865.0,17700.0,453.0,128852880.0,19030
2023-05-10 09:13:04,lh2311,lh2311,17845.0,0.0,0.0,0.0,2,17840.0,17845.0,1,17875.0,17830.0,17865.0,17700.0,453.0,128852880.0,19030
2023-05-10 09:13:05,lh2311,lh2311,17845.0,0.0,0.0,0.0,1,17840.0,17845.0,2,17875.0,17830.0,17865.0,17700.0,453.0,128852880.0,19030
2023-05-10 09:13:05,lh2311,lh2311,17845.0,0.0,0.0,0.0,1,17840.0,17845.0,1,17875.0,17830.0,17865.0,17700.0,453.0,128852880.0,19030
2023-05-10 09:13:06,lh2311,lh2311,17845.0,0.0,0.0,0.0,2,17840.0,17845.0,1,17875.0,17830.0,17865.0,17700.0,453.0,128852880.0,19030
2023-05-10 09:13:06,lh2311,lh2311,17845.0,0.0,0.0,0.0,1,17840.0,17845.0,1,17875.0,17830.0,17865.0,17700.0,453.0,128852880.0,19030
2023-05-10 09:13:07,lh2311,lh2311,17845.0,0.0,0.0,0.0,1,17840.0,17845.0,2,17875.0,17830.0,17865.0,17700.0,453.0,128852880.0,19030
2023-05-10 09:13:07,lh2311,lh2311,17845.0,0.0,0.0,0.0,1,17840.0,17845.0,1,17875.0,17830.0,17865.0,17700.0,453.0,128852880.0,19030
2023-05-10 09:13:12,lh2311,lh2311,17845.0,0.0,0.0,0.0,2,17840.0,17845.0,1,17875.0,17830.0,17865.0,17700.0,453.0,128852880.0,19030
2023-05-10 09:13:13,lh2311,lh2311,17845.0,1.0,285520.0,0.0,3,17840.0,17850.0,31,17875.0,17830.0,17865.0,17700.0,454.0,129138400.0,19030
2023-05-10 09:13:13,lh2311,lh2311,17845.0,0.0,0.0,0.0,2,17840.0,17850.0,32,17875.0,17830.0,17865.0,17700.0,454.0,129138400.0,19030
2023-05-10 09:13:21,lh2311,lh2311,17845.0,0.0,0.0,0.0,2,17840.0,17845.0,1,17875.0,17830.0,17865.0,17700.0,454.0,129138400.0,19030
2023-05-10 09:13:21,lh2311,lh2311,17845.0,0.0,0.0,0.0,1,17840.0,17845.0,2,17875.0,17830.0,17865.0,17700.0,454.0,129138400.0,19030
2023-05-10 09:13:22,lh2311,lh2311,17845.0,0.0,0.0,0.0,1,17840.0,17845.0,1,17875.0,17830.0,17865.0,17700.0,454.0,129138400.0,19030
2023-05-10 09:13:26,lh2311,lh2311,17845.0,0.0,0.0,0.0,2,17840.0,17845.0,1,17875.0,17830.0,17865.0,17700.0,454.0,129138400.0,19030
2023-05-10 09:13:26,lh2311,lh2311,17845.0,0.0,0.0,0.0,1,17840.0,17845.0,1,17875.0,17830.0,17865.0,17700.0,454.0,129138400.0,19030
2023-05-10 09:13:37,lh2311,lh2311,17840.0,1.0,285440.0,1.0,14,17835.0,17845.0,1,17875.0,17830.0,17865.0,17700.0,455.0,129423840.0,19031
2023-05-10 09:13:38,lh2311,lh2311,17840.0,0.0,0.0,0.0,11,17835.0,17845.0,1,17875.0,17830.0,17865.0,17700.0,455.0,129423840.0,19031
2023-05-10 09:13:41,lh2311,lh2311,17840.0,0.0,0.0,0.0,8,17835.0,17845.0,3,17875.0,17830.0,17865.0,17700.0,455.0,129423840.0,19031
2023-05-10 09:13:41,lh2311,lh2311,17840.0,0.0,0.0,0.0,8,17835.0,17845.0,2,17875.0,17830.0,17865.0,17700.0,455.0,129423840.0,19031
2023-05-10 09:13:42,lh2311,lh2311,17840.0,0.0,0.0,0.0,6,17835.0,17840.0,1,17875.0,17830.0,17865.0,17700.0,455.0,129423840.0,19031
2023-05-10 09:13:42,lh2311,lh2311,17840.0,0.0,0.0,0.0,5,17835.0,17840.0,1,17875.0,17830.0,17865.0,17700.0,455.0,129423840.0,19031
2023-05-10 09:13:47,lh2311,lh2311,17840.0,0.0,0.0,0.0,6,17835.0,17840.0,1,17875.0,17830.0,17865.0,17700.0,455.0,129423840.0,19031
2023-05-10 09:13:47,lh2311,lh2311,17840.0,0.0,0.0,0.0,5,17835.0,17840.0,1,17875.0,17830.0,17865.0,17700.0,455.0,129423840.0,19031
2023-05-10 09:13:51,lh2311,lh2311,17840.0,0.0,0.0,0.0,5,17835.0,17840.0,2,17875.0,17830.0,17865.0,17700.0,455.0,129423840.0,19031
2023-05-10 09:13:53,lh2311,lh2311,17840.0,0.0,0.0,0.0,6,17835.0,17840.0,2,17875.0,17830.0,17865.0,17700.0,455.0,129423840.0,19031
2023-05-10 09:13:53,lh2311,lh2311,17840.0,0.0,0.0,0.0,5,17835.0,17840.0,2,17875.0,17830.0,17865.0,17700.0,455.0,129423840.0,19031
2023-05-10 09:13:55,lh2311,lh2311,17840.0,0.0,0.0,0.0,5,17835.0,17840.0,1,17875.0,17830.0,17865.0,17700.0,455.0,129423840.0,19031
2023-05-10 09:13:57,lh2311,lh2311,17840.0,0.0,0.0,0.0,6,17835.0,17840.0,1,17875.0,17830.0,17865.0,17700.0,455.0,129423840.0,19031
2023-05-10 09:13:58,lh2311,lh2311,17835.0,1.0,285360.0,1.0,4,17835.0,17840.0,1,17875.0,17830.0,17865.0,17700.0,456.0,129709200.0,19032
2023-05-10 09:14:02,lh2311,lh2311,17835.0,4.0,1141440.0,1.0,8,17830.0,17840.0,1,17875.0,17830.0,17865.0,17700.0,460.0,130850640.0,19033
2023-05-10 09:14:03,lh2311,lh2311,17835.0,0.0,0.0,0.0,3,17830.0,17840.0,1,17875.0,17830.0,17865.0,17700.0,460.0,130850640.0,19033
2023-05-10 09:14:03,lh2311,lh2311,17835.0,0.0,0.0,0.0,11,17825.0,17840.0,1,17875.0,17830.0,17865.0,17700.0,460.0,130850640.0,19033
2023-05-10 09:14:04,lh2311,lh2311,17835.0,0.0,0.0,0.0,9,17825.0,17840.0,1,17875.0,17830.0,17865.0,17700.0,460.0,130850640.0,19033
2023-05-10 09:14:05,lh2311,lh2311,17835.0,0.0,0.0,0.0,6,17825.0,17840.0,2,17875.0,17830.0,17865.0,17700.0,460.0,130850640.0,19033
2023-05-10 09:14:06,lh2311,lh2311,17835.0,0.0,0.0,0.0,5,17825.0,17840.0,1,17875.0,17830.0,17865.0,17700.0,460.0,130850640.0,19033
2023-05-10 09:14:06,lh2311,lh2311,17835.0,0.0,0.0,0.0,3,17825.0,17840.0,1,17875.0,17830.0,17865.0,17700.0,460.0,130850640.0,19033
