time,symbol_id,symbol_name,last,trade_volume,trade_amount,open_interest_change,bv1,bp1,ap1,av1,yesterday_close,today_open,today_high,today_low,volume,amount,open_interest
2023-05-10 20:59:00,au2312P396,au2312P396,2.04,0.0,0.0,0.0,51,0.02,0.0,0,2.04,0.0,0.0,0.0,0.0,0.0,46
2023-05-10 21:00:00,au2312P396,au2312P396,2.04,0.0,0.0,0.0,2,1.52,0.0,0,2.04,0.0,0.0,0.0,0.0,0.0,46
2023-05-10 21:00:02,au2312P396,au2312P396,2.04,0.0,0.0,0.0,2,1.52,11.1,2,2.04,0.0,0.0,0.0,0.0,0.0,46
2023-05-10 21:00:50,au2312P396,au2312P396,2.04,0.0,0.0,0.0,51,0.02,0.0,0,2.04,0.0,0.0,0.0,0.0,0.0,46
2023-05-10 21:00:51,au2312P396,au2312P396,2.04,0.0,0.0,0.0,1,1.52,11.08,1,2.04,0.0,0.0,0.0,0.0,0.0,46
2023-05-10 21:01:08,au2312P396,au2312P396,2.04,0.0,0.0,0.0,1,1.86,11.08,1,2.04,0.0,0.0,0.0,0.0,0.0,46
2023-05-10 21:01:09,au2312P396,au2312P396,2.04,0.0,0.0,0.0,1,1.86,2.0,1,2.04,0.0,0.0,0.0,0.0,0.0,46
2023-05-10 21:01:11,au2312P396,au2312P396,2.04,0.0,0.0,0.0,1,1.86,2.0,1,2.04,0.0,0.0,0.0,0.0,0.0,46
2023-05-10 21:01:12,au2312P396,au2312P396,2.04,0.0,0.0,0.0,1,1.86,2.0,1,2.04,0.0,0.0,0.0,0.0,0.0,46
2023-05-10 21:01:13,au2312P396,au2312P396,2.04,0.0,0.0,0.0,1,1.86,2.0,1,2.04,0.0,0.0,0.0,0.0,0.0,46
2023-05-10 21:01:17,au2312P396,au2312P396,2.04,0.0,0.0,0.0,1,1.88,2.0,1,2.04,0.0,0.0,0.0,0.0,0.0,46
2023-05-10 21:01:24,au2312P396,au2312P396,2.04,0.0,0.0,0.0,1,1.9,2.0,1,2.04,0.0,0.0,0.0,0.0,0.0,46
2023-05-10 21:01:33,au2312P396,au2312P396,2.04,0.0,0.0,0.0,1,1.9,2.04,1,2.04,0.0,0.0,0.0,0.0,0.0,46
2023-05-10 21:01:35,au2312P396,au2312P396,2.04,0.0,0.0,0.0,1,1.9,2.02,1,2.04,0.0,0.0,0.0,0.0,0.0,46
2023-05-10 21:02:16,au2312P396,au2312P396,2.04,0.0,0.0,0.0,1,1.92,2.02,1,2.04,0.0,0.0,0.0,0.0,0.0,46
2023-05-10 21:02:34,au2312P396,au2312P396,2.04,0.0,0.0,0.0,1,1.94,2.02,1,2.04,0.0,0.0,0.0,0.0,0.0,46
2023-05-10 21:02:37,au2312P396,au2312P396,2.04,0.0,0.0,0.0,1,1.94,2.04,1,2.04,0.0,0.0,0.0,0.0,0.0,46
2023-05-10 21:04:11,au2312P396,au2312P396,2.04,0.0,0.0,0.0,1,1.94,2.02,1,2.04,0.0,0.0,0.0,0.0,0.0,46
2023-05-10 21:04:17,au2312P396,au2312P396,2.04,0.0,0.0,0.0,1,1.94,2.02,1,2.04,0.0,0.0,0.0,0.0,0.0,46
2023-05-10 21:05:52,au2312P396,au2312P396,2.04,0.0,0.0,0.0,1,1.94,2.04,1,2.04,0.0,0.0,0.0,0.0,0.0,46
2023-05-10 21:06:40,au2312P396,au2312P396,2.04,0.0,0.0,0.0,1,1.96,7.26,1,2.04,0.0,0.0,0.0,0.0,0.0,46
2023-05-10 21:06:41,au2312P396,au2312P396,2.04,0.0,0.0,0.0,1,1.96,2.06,1,2.04,0.0,0.0,0.0,0.0,0.0,46
2023-05-10 21:06:41,au2312P396,au2312P396,2.04,0.0,0.0,0.0,1,1.96,2.06,1,2.04,0.0,0.0,0.0,0.0,0.0,46
2023-05-10 21:06:42,au2312P396,au2312P396,2.04,0.0,0.0,0.0,1,1.96,2.06,1,2.04,0.0,0.0,0.0,0.0,0.0,46
2023-05-10 21:07:39,au2312P396,au2312P396,2.04,0.0,0.0,0.0,1,1.96,2.1,1,2.04,0.0,0.0,0.0,0.0,0.0,46
2023-05-10 21:07:40,au2312P396,au2312P396,2.04,0.0,0.0,0.0,1,1.98,2.1,1,2.04,0.0,0.0,0.0,0.0,0.0,46
2023-05-10 21:07:41,au2312P396,au2312P396,2.04,0.0,0.0,0.0,1,1.98,2.08,1,2.04,0.0,0.0,0.0,0.0,0.0,46
2023-05-10 21:09:08,au2312P396,au2312P396,2.04,0.0,0.0,0.0,1,2.0,2.08,1,2.04,0.0,0.0,0.0,0.0,0.0,46
2023-05-10 21:09:10,au2312P396,au2312P396,2.04,0.0,0.0,0.0,1,2.0,2.1,1,2.04,0.0,0.0,0.0,0.0,0.0,46
2023-05-10 21:09:12,au2312P396,au2312P396,2.04,0.0,0.0,0.0,1,2.02,2.1,1,2.04,0.0,0.0,0.0,0.0,0.0,46
2023-05-10 21:09:26,au2312P396,au2312P396,2.04,0.0,0.0,0.0,1,2.0,2.1,1,2.04,0.0,0.0,0.0,0.0,0.0,46
2023-05-10 21:10:02,au2312P396,au2312P396,2.04,0.0,0.0,0.0,1,2.02,2.1,1,2.04,0.0,0.0,0.0,0.0,0.0,46
2023-05-10 21:10:46,au2312P396,au2312P396,2.04,0.0,0.0,0.0,1,2.0,2.1,1,2.04,0.0,0.0,0.0,0.0,0.0,46
2023-05-10 21:11:47,au2312P396,au2312P396,2.04,0.0,0.0,0.0,1,2.02,2.1,1,2.04,0.0,0.0,0.0,0.0,0.0,46
2023-05-10 21:11:48,au2312P396,au2312P396,2.04,0.0,0.0,0.0,1,2.02,2.12,1,2.04,0.0,0.0,0.0,0.0,0.0,46
2023-05-10 21:13:50,au2312P396,au2312P396,2.04,0.0,0.0,0.0,1,2.04,2.12,1,2.04,0.0,0.0,0.0,0.0,0.0,46
2023-05-10 21:14:29,au2312P396,au2312P396,2.04,0.0,0.0,0.0,1,2.04,2.14,1,2.04,0.0,0.0,0.0,0.0,0.0,46
2023-05-10 21:15:40,au2312P396,au2312P396,2.04,0.0,0.0,0.0,1,2.06,2.14,1,2.04,0.0,0.0,0.0,0.0,0.0,46
2023-05-10 21:16:15,au2312P396,au2312P396,2.04,0.0,0.0,0.0,1,2.04,2.14,1,2.04,0.0,0.0,0.0,0.0,0.0,46
2023-05-10 21:16:41,au2312P396,au2312P396,2.04,0.0,0.0,0.0,1,2.06,2.14,1,2.04,0.0,0.0,0.0,0.0,0.0,46
2023-05-10 21:18:32,au2312P396,au2312P396,2.04,0.0,0.0,0.0,1,2.04,2.14,1,2.04,0.0,0.0,0.0,0.0,0.0,46
2023-05-10 21:18:37,au2312P396,au2312P396,2.04,0.0,0.0,0.0,1,2.04,2.12,1,2.04,0.0,0.0,0.0,0.0,0.0,46
2023-05-10 21:23:05,au2312P396,au2312P396,2.04,0.0,0.0,0.0,1,2.04,2.14,1,2.04,0.0,0.0,0.0,0.0,0.0,46
2023-05-10 21:26:56,au2312P396,au2312P396,2.04,0.0,0.0,0.0,1,2.06,2.14,1,2.04,0.0,0.0,0.0,0.0,0.0,46
2023-05-10 21:28:14,au2312P396,au2312P396,2.04,0.0,0.0,0.0,1,2.04,2.14,1,2.04,0.0,0.0,0.0,0.0,0.0,46
2023-05-10 21:30:55,au2312P396,au2312P396,2.04,0.0,0.0,0.0,1,2.04,2.12,1,2.04,0.0,0.0,0.0,0.0,0.0,46
2023-05-10 21:30:56,au2312P396,au2312P396,2.04,0.0,0.0,0.0,1,2.02,2.12,1,2.04,0.0,0.0,0.0,0.0,0.0,46
2023-05-10 21:32:14,au2312P396,au2312P396,2.04,0.0,0.0,0.0,1,2.04,2.12,1,2.04,0.0,0.0,0.0,0.0,0.0,46
2023-05-10 21:32:43,au2312P396,au2312P396,2.04,0.0,0.0,0.0,1,2.04,2.14,1,2.04,0.0,0.0,0.0,0.0,0.0,46
2023-05-10 21:32:51,au2312P396,au2312P396,2.04,0.0,0.0,0.0,1,2.04,2.12,1,2.04,0.0,0.0,0.0,0.0,0.0,46
2023-05-10 21:34:38,au2312P396,au2312P396,2.04,0.0,0.0,0.0,1,2.02,2.12,1,2.04,0.0,0.0,0.0,0.0,0.0,46
2023-05-10 21:35:02,au2312P396,au2312P396,2.04,0.0,0.0,0.0,1,2.04,2.12,1,2.04,0.0,0.0,0.0,0.0,0.0,46
2023-05-10 21:35:48,au2312P396,au2312P396,2.04,0.0,0.0,0.0,1,2.02,2.12,1,2.04,0.0,0.0,0.0,0.0,0.0,46
2023-05-10 21:35:55,au2312P396,au2312P396,2.04,0.0,0.0,0.0,1,2.02,2.1,1,2.04,0.0,0.0,0.0,0.0,0.0,46
2023-05-10 21:36:29,au2312P396,au2312P396,2.04,0.0,0.0,0.0,1,2.0,2.1,1,2.04,0.0,0.0,0.0,0.0,0.0,46
2023-05-10 21:36:38,au2312P396,au2312P396,2.04,0.0,0.0,0.0,1,2.0,2.08,1,2.04,0.0,0.0,0.0,0.0,0.0,46
2023-05-10 21:38:58,au2312P396,au2312P396,2.04,0.0,0.0,0.0,1,2.0,2.1,1,2.04,0.0,0.0,0.0,0.0,0.0,46
2023-05-10 21:40:03,au2312P396,au2312P396,2.04,0.0,0.0,0.0,1,2.02,2.1,1,2.04,0.0,0.0,0.0,0.0,0.0,46
2023-05-10 21:41:23,au2312P396,au2312P396,2.04,0.0,0.0,0.0,1,2.0,2.1,1,2.04,0.0,0.0,0.0,0.0,0.0,46
2023-05-10 21:42:08,au2312P396,au2312P396,2.04,0.0,0.0,0.0,1,2.02,2.1,1,2.04,0.0,0.0,0.0,0.0,0.0,46
2023-05-10 21:42:14,au2312P396,au2312P396,2.04,0.0,0.0,0.0,1,2.02,2.12,1,2.04,0.0,0.0,0.0,0.0,0.0,46
2023-05-10 21:42:55,au2312P396,au2312P396,2.04,0.0,0.0,0.0,1,2.02,2.1,1,2.04,0.0,0.0,0.0,0.0,0.0,46
2023-05-10 21:43:34,au2312P396,au2312P396,2.04,0.0,0.0,0.0,1,2.0,2.1,1,2.04,0.0,0.0,0.0,0.0,0.0,46
2023-05-10 21:44:01,au2312P396,au2312P396,2.04,0.0,0.0,0.0,1,2.0,2.08,1,2.04,0.0,0.0,0.0,0.0,0.0,46
2023-05-10 21:46:32,au2312P396,au2312P396,2.04,0.0,0.0,0.0,1,1.88,2.08,1,2.04,0.0,0.0,0.0,0.0,0.0,46
2023-05-10 21:46:32,au2312P396,au2312P396,2.04,0.0,0.0,0.0,1,1.98,2.08,1,2.04,0.0,0.0,0.0,0.0,0.0,46
2023-05-10 21:46:39,au2312P396,au2312P396,2.04,0.0,0.0,0.0,1,1.98,2.08,1,2.04,0.0,0.0,0.0,0.0,0.0,46
2023-05-10 21:46:43,au2312P396,au2312P396,2.04,0.0,0.0,0.0,1,1.98,2.06,1,2.04,0.0,0.0,0.0,0.0,0.0,46
2023-05-10 21:47:07,au2312P396,au2312P396,2.04,0.0,0.0,0.0,1,1.88,2.06,1,2.04,0.0,0.0,0.0,0.0,0.0,46
2023-05-10 21:47:07,au2312P396,au2312P396,2.04,0.0,0.0,0.0,1,1.96,2.06,1,2.04,0.0,0.0,0.0,0.0,0.0,46
2023-05-10 21:47:29,au2312P396,au2312P396,2.04,0.0,0.0,0.0,1,1.96,2.04,1,2.04,0.0,0.0,0.0,0.0,0.0,46
2023-05-10 21:48:52,au2312P396,au2312P396,2.04,0.0,0.0,0.0,1,1.96,2.06,1,2.04,0.0,0.0,0.0,0.0,0.0,46
2023-05-10 21:49:57,au2312P396,au2312P396,2.04,0.0,0.0,0.0,1,1.98,2.06,1,2.04,0.0,0.0,0.0,0.0,0.0,46
2023-05-10 21:50:41,au2312P396,au2312P396,2.04,0.0,0.0,0.0,1,1.96,2.06,1,2.04,0.0,0.0,0.0,0.0,0.0,46
2023-05-10 21:50:49,au2312P396,au2312P396,2.04,0.0,0.0,0.0,1,1.96,2.04,1,2.04,0.0,0.0,0.0,0.0,0.0,46
2023-05-10 21:51:51,au2312P396,au2312P396,2.04,0.0,0.0,0.0,1,1.96,2.06,1,2.04,0.0,0.0,0.0,0.0,0.0,46
2023-05-10 21:52:11,au2312P396,au2312P396,2.04,0.0,0.0,0.0,1,1.98,2.06,1,2.04,0.0,0.0,0.0,0.0,0.0,46
2023-05-10 22:00:50,au2312P396,au2312P396,2.04,0.0,0.0,0.0,1,1.98,2.08,1,2.04,0.0,0.0,0.0,0.0,0.0,46
2023-05-10 22:02:22,au2312P396,au2312P396,2.04,0.0,0.0,0.0,1,1.98,2.06,1,2.04,0.0,0.0,0.0,0.0,0.0,46
2023-05-10 22:04:16,au2312P396,au2312P396,2.04,0.0,0.0,0.0,1,1.98,2.08,1,2.04,0.0,0.0,0.0,0.0,0.0,46
2023-05-10 22:05:47,au2312P396,au2312P396,2.04,0.0,0.0,0.0,1,1.98,2.06,1,2.04,0.0,0.0,0.0,0.0,0.0,46
2023-05-10 22:09:11,au2312P396,au2312P396,2.04,0.0,0.0,0.0,1,1.98,2.08,1,2.04,0.0,0.0,0.0,0.0,0.0,46
2023-05-10 22:11:01,au2312P396,au2312P396,2.04,0.0,0.0,0.0,1,2.0,2.08,1,2.04,0.0,0.0,0.0,0.0,0.0,46
2023-05-10 22:16:00,au2312P396,au2312P396,2.04,0.0,0.0,0.0,1,2.0,2.1,1,2.04,0.0,0.0,0.0,0.0,0.0,46
2023-05-10 22:16:02,au2312P396,au2312P396,2.04,0.0,0.0,0.0,1,2.02,2.1,1,2.04,0.0,0.0,0.0,0.0,0.0,46
2023-05-10 22:18:23,au2312P396,au2312P396,2.04,0.0,0.0,0.0,1,2.0,2.1,1,2.04,0.0,0.0,0.0,0.0,0.0,46
2023-05-10 22:20:51,au2312P396,au2312P396,2.04,0.0,0.0,0.0,1,2.02,2.1,1,2.04,0.0,0.0,0.0,0.0,0.0,46
2023-05-10 22:23:14,au2312P396,au2312P396,2.04,0.0,0.0,0.0,1,2.02,2.12,1,2.04,0.0,0.0,0.0,0.0,0.0,46
2023-05-10 22:33:17,au2312P396,au2312P396,2.04,0.0,0.0,0.0,1,2.04,2.12,1,2.04,0.0,0.0,0.0,0.0,0.0,46
2023-05-10 22:33:25,au2312P396,au2312P396,2.04,0.0,0.0,0.0,1,2.02,2.12,1,2.04,0.0,0.0,0.0,0.0,0.0,46
2023-05-10 22:34:20,au2312P396,au2312P396,2.04,0.0,0.0,0.0,1,2.02,2.1,1,2.04,0.0,0.0,0.0,0.0,0.0,46
2023-05-10 22:38:36,au2312P396,au2312P396,2.04,0.0,0.0,0.0,1,2.02,2.12,1,2.04,0.0,0.0,0.0,0.0,0.0,46
2023-05-10 22:38:37,au2312P396,au2312P396,2.04,0.0,0.0,0.0,1,2.04,2.12,1,2.04,0.0,0.0,0.0,0.0,0.0,46
2023-05-10 22:38:54,au2312P396,au2312P396,2.04,0.0,0.0,0.0,1,2.04,2.14,1,2.04,0.0,0.0,0.0,0.0,0.0,46
2023-05-10 22:39:21,au2312P396,au2312P396,2.04,0.0,0.0,0.0,1,2.04,2.12,1,2.04,0.0,0.0,0.0,0.0,0.0,46
2023-05-10 22:41:15,au2312P396,au2312P396,2.04,0.0,0.0,0.0,1,2.04,2.14,1,2.04,0.0,0.0,0.0,0.0,0.0,46
2023-05-10 22:41:22,au2312P396,au2312P396,2.04,0.0,0.0,0.0,1,2.06,2.14,1,2.04,0.0,0.0,0.0,0.0,0.0,46
2023-05-10 22:44:00,au2312P396,au2312P396,2.04,0.0,0.0,0.0,1,2.06,3.44,1,2.04,0.0,0.0,0.0,0.0,0.0,46
2023-05-10 22:44:01,au2312P396,au2312P396,2.04,0.0,0.0,0.0,1,2.06,2.16,1,2.04,0.0,0.0,0.0,0.0,0.0,46
2023-05-10 22:44:14,au2312P396,au2312P396,2.04,0.0,0.0,0.0,1,2.06,2.14,1,2.04,0.0,0.0,0.0,0.0,0.0,46
2023-05-10 22:46:09,au2312P396,au2312P396,2.04,0.0,0.0,0.0,1,2.04,2.14,1,2.04,0.0,0.0,0.0,0.0,0.0,46
2023-05-10 22:50:42,au2312P396,au2312P396,2.04,0.0,0.0,0.0,1,2.04,2.12,1,2.04,0.0,0.0,0.0,0.0,0.0,46
2023-05-10 22:52:51,au2312P396,au2312P396,2.04,0.0,0.0,0.0,1,2.04,2.14,1,2.04,0.0,0.0,0.0,0.0,0.0,46
2023-05-10 22:52:53,au2312P396,au2312P396,2.04,0.0,0.0,0.0,1,2.06,2.14,1,2.04,0.0,0.0,0.0,0.0,0.0,46
2023-05-10 22:55:24,au2312P396,au2312P396,2.04,0.0,0.0,0.0,1,2.06,2.16,1,2.04,0.0,0.0,0.0,0.0,0.0,46
2023-05-10 22:56:01,au2312P396,au2312P396,2.04,0.0,0.0,0.0,1,2.06,2.16,1,2.04,0.0,0.0,0.0,0.0,0.0,46
2023-05-10 22:56:02,au2312P396,au2312P396,2.04,0.0,0.0,0.0,1,2.08,2.16,1,2.04,0.0,0.0,0.0,0.0,0.0,46
2023-05-10 23:01:32,au2312P396,au2312P396,2.04,0.0,0.0,0.0,1,2.06,2.16,1,2.04,0.0,0.0,0.0,0.0,0.0,46
2023-05-10 23:03:06,au2312P396,au2312P396,2.04,0.0,0.0,0.0,1,2.06,2.14,1,2.04,0.0,0.0,0.0,0.0,0.0,46
2023-05-10 23:05:03,au2312P396,au2312P396,2.04,0.0,0.0,0.0,1,2.06,2.16,1,2.04,0.0,0.0,0.0,0.0,0.0,46
2023-05-10 23:05:08,au2312P396,au2312P396,2.04,0.0,0.0,0.0,1,2.08,2.16,1,2.04,0.0,0.0,0.0,0.0,0.0,46
2023-05-10 23:09:14,au2312P396,au2312P396,2.04,0.0,0.0,0.0,1,2.08,2.18,1,2.04,0.0,0.0,0.0,0.0,0.0,46
2023-05-10 23:09:25,au2312P396,au2312P396,2.04,0.0,0.0,0.0,1,2.1,2.18,1,2.04,0.0,0.0,0.0,0.0,0.0,46
2023-05-10 23:10:10,au2312P396,au2312P396,2.04,0.0,0.0,0.0,1,2.1,2.2,1,2.04,0.0,0.0,0.0,0.0,0.0,46
2023-05-10 23:10:17,au2312P396,au2312P396,2.04,0.0,0.0,0.0,1,2.12,2.2,1,2.04,0.0,0.0,0.0,0.0,0.0,46
2023-05-10 23:10:18,au2312P396,au2312P396,2.04,0.0,0.0,0.0,1,2.12,2.22,1,2.04,0.0,0.0,0.0,0.0,0.0,46
2023-05-10 23:10:22,au2312P396,au2312P396,2.04,0.0,0.0,0.0,1,2.12,2.2,1,2.04,0.0,0.0,0.0,0.0,0.0,46
2023-05-10 23:12:09,au2312P396,au2312P396,2.04,0.0,0.0,0.0,1,2.12,2.22,1,2.04,0.0,0.0,0.0,0.0,0.0,46
2023-05-10 23:12:10,au2312P396,au2312P396,2.04,0.0,0.0,0.0,1,2.14,2.22,1,2.04,0.0,0.0,0.0,0.0,0.0,46
2023-05-10 23:12:51,au2312P396,au2312P396,2.04,0.0,0.0,0.0,1,2.14,2.24,1,2.04,0.0,0.0,0.0,0.0,0.0,46
2023-05-10 23:12:54,au2312P396,au2312P396,2.04,0.0,0.0,0.0,1,2.16,2.24,1,2.04,0.0,0.0,0.0,0.0,0.0,46
2023-05-10 23:13:06,au2312P396,au2312P396,2.04,0.0,0.0,0.0,1,2.14,2.24,1,2.04,0.0,0.0,0.0,0.0,0.0,46
2023-05-10 23:14:09,au2312P396,au2312P396,2.04,0.0,0.0,0.0,1,2.14,2.22,1,2.04,0.0,0.0,0.0,0.0,0.0,46
2023-05-10 23:14:28,au2312P396,au2312P396,2.04,0.0,0.0,0.0,1,2.12,2.22,1,2.04,0.0,0.0,0.0,0.0,0.0,46
2023-05-10 23:14:42,au2312P396,au2312P396,2.04,0.0,0.0,0.0,1,2.14,2.22,1,2.04,0.0,0.0,0.0,0.0,0.0,46
2023-05-10 23:17:49,au2312P396,au2312P396,2.04,0.0,0.0,0.0,1,2.12,2.22,1,2.04,0.0,0.0,0.0,0.0,0.0,46
2023-05-10 23:17:50,au2312P396,au2312P396,2.04,0.0,0.0,0.0,1,2.12,2.2,1,2.04,0.0,0.0,0.0,0.0,0.0,46
2023-05-10 23:18:09,au2312P396,au2312P396,2.04,0.0,0.0,0.0,1,1.88,0.0,0,2.04,0.0,0.0,0.0,0.0,0.0,46
2023-05-10 23:18:09,au2312P396,au2312P396,2.04,0.0,0.0,0.0,1,1.88,34.32,1,2.04,0.0,0.0,0.0,0.0,0.0,46
2023-05-10 23:18:27,au2312P396,au2312P396,2.04,0.0,0.0,0.0,1,1.88,2.2,1,2.04,0.0,0.0,0.0,0.0,0.0,46
2023-05-10 23:18:27,au2312P396,au2312P396,2.04,0.0,0.0,0.0,1,1.88,2.2,1,2.04,0.0,0.0,0.0,0.0,0.0,46
2023-05-10 23:18:28,au2312P396,au2312P396,2.04,0.0,0.0,0.0,1,2.08,2.2,1,2.04,0.0,0.0,0.0,0.0,0.0,46
2023-05-10 23:18:33,au2312P396,au2312P396,2.04,0.0,0.0,0.0,1,2.1,2.2,1,2.04,0.0,0.0,0.0,0.0,0.0,46
2023-05-10 23:18:49,au2312P396,au2312P396,2.04,0.0,0.0,0.0,1,2.1,2.2,1,2.04,0.0,0.0,0.0,0.0,0.0,46
2023-05-10 23:19:20,au2312P396,au2312P396,2.04,0.0,0.0,0.0,1,2.08,2.18,1,2.04,0.0,0.0,0.0,0.0,0.0,46
2023-05-10 23:21:22,au2312P396,au2312P396,2.04,0.0,0.0,0.0,1,2.08,2.16,1,2.04,0.0,0.0,0.0,0.0,0.0,46
2023-05-10 23:21:27,au2312P396,au2312P396,2.04,0.0,0.0,0.0,1,2.06,2.16,1,2.04,0.0,0.0,0.0,0.0,0.0,46
2023-05-10 23:25:54,au2312P396,au2312P396,2.04,0.0,0.0,0.0,1,1.88,11.26,1,2.04,0.0,0.0,0.0,0.0,0.0,46
2023-05-10 23:25:55,au2312P396,au2312P396,2.04,0.0,0.0,0.0,1,1.88,11.2,1,2.04,0.0,0.0,0.0,0.0,0.0,46
2023-05-10 23:25:57,au2312P396,au2312P396,2.04,0.0,0.0,0.0,1,1.88,7.44,1,2.04,0.0,0.0,0.0,0.0,0.0,46
2023-05-10 23:25:57,au2312P396,au2312P396,2.04,0.0,0.0,0.0,1,1.88,7.38,1,2.04,0.0,0.0,0.0,0.0,0.0,46
2023-05-10 23:25:58,au2312P396,au2312P396,2.04,0.0,0.0,0.0,1,1.88,3.62,1,2.04,0.0,0.0,0.0,0.0,0.0,46
2023-05-10 23:25:59,au2312P396,au2312P396,2.04,0.0,0.0,0.0,1,1.88,3.62,1,2.04,0.0,0.0,0.0,0.0,0.0,46
2023-05-10 23:26:28,au2312P396,au2312P396,2.04,0.0,0.0,0.0,1,1.88,0.0,0,2.04,0.0,0.0,0.0,0.0,0.0,46
2023-05-10 23:26:29,au2312P396,au2312P396,2.04,0.0,0.0,0.0,1,1.88,34.32,1,2.04,0.0,0.0,0.0,0.0,0.0,46
2023-05-10 23:27:07,au2312P396,au2312P396,2.04,0.0,0.0,0.0,1,2.06,2.18,1,2.04,0.0,0.0,0.0,0.0,0.0,46
2023-05-10 23:27:08,au2312P396,au2312P396,2.04,0.0,0.0,0.0,1,2.06,2.18,1,2.04,0.0,0.0,0.0,0.0,0.0,46
2023-05-10 23:27:08,au2312P396,au2312P396,2.04,0.0,0.0,0.0,1,2.06,2.16,1,2.04,0.0,0.0,0.0,0.0,0.0,46
2023-05-10 23:27:14,au2312P396,au2312P396,2.04,0.0,0.0,0.0,1,2.06,2.16,1,2.04,0.0,0.0,0.0,0.0,0.0,46
2023-05-10 23:31:36,au2312P396,au2312P396,2.04,0.0,0.0,0.0,1,1.88,0.0,0,2.04,0.0,0.0,0.0,0.0,0.0,46
2023-05-10 23:31:37,au2312P396,au2312P396,2.04,0.0,0.0,0.0,1,1.88,34.32,1,2.04,0.0,0.0,0.0,0.0,0.0,46
2023-05-11 01:07:34,au2312P396,au2312P396,2.04,0.0,0.0,0.0,1,1.98,2.02,1,2.04,0.0,0.0,0.0,0.0,0.0,46
2023-05-11 01:07:35,au2312P396,au2312P396,2.04,0.0,0.0,0.0,1,1.98,2.02,1,2.04,0.0,0.0,0.0,0.0,0.0,46
2023-05-11 01:07:37,au2312P396,au2312P396,2.04,0.0,0.0,0.0,1,1.98,2.02,3,2.04,0.0,0.0,0.0,0.0,0.0,46
2023-05-11 01:07:39,au2312P396,au2312P396,2.04,0.0,0.0,0.0,2,1.98,2.02,4,2.04,0.0,0.0,0.0,0.0,0.0,46
2023-05-11 01:07:42,au2312P396,au2312P396,2.04,0.0,0.0,0.0,2,1.98,2.0,1,2.04,0.0,0.0,0.0,0.0,0.0,46
2023-05-11 01:07:44,au2312P396,au2312P396,2.04,0.0,0.0,0.0,2,1.98,2.0,2,2.04,0.0,0.0,0.0,0.0,0.0,46
2023-05-11 01:07:45,au2312P396,au2312P396,2.04,0.0,0.0,0.0,3,1.98,2.0,3,2.04,0.0,0.0,0.0,0.0,0.0,46
2023-05-11 01:07:46,au2312P396,au2312P396,2.04,0.0,0.0,0.0,2,1.98,2.0,3,2.04,0.0,0.0,0.0,0.0,0.0,46
2023-05-11 01:07:46,au2312P396,au2312P396,2.04,0.0,0.0,0.0,2,1.98,2.0,3,2.04,0.0,0.0,0.0,0.0,0.0,46
2023-05-11 01:07:47,au2312P396,au2312P396,2.04,0.0,0.0,0.0,2,1.98,2.0,3,2.04,0.0,0.0,0.0,0.0,0.0,46
2023-05-11 01:07:49,au2312P396,au2312P396,2.04,0.0,0.0,0.0,2,1.98,2.0,3,2.04,0.0,0.0,0.0,0.0,0.0,46
2023-05-11 01:07:50,au2312P396,au2312P396,2.04,0.0,0.0,0.0,2,1.98,2.0,3,2.04,0.0,0.0,0.0,0.0,0.0,46
2023-05-11 01:07:52,au2312P396,au2312P396,2.04,0.0,0.0,0.0,1,1.98,2.0,3,2.04,0.0,0.0,0.0,0.0,0.0,46
2023-05-11 01:07:53,au2312P396,au2312P396,2.04,0.0,0.0,0.0,1,1.98,2.0,2,2.04,0.0,0.0,0.0,0.0,0.0,46
2023-05-11 01:07:55,au2312P396,au2312P396,2.04,0.0,0.0,0.0,1,1.98,2.0,1,2.04,0.0,0.0,0.0,0.0,0.0,46
2023-05-11 01:07:55,au2312P396,au2312P396,2.04,0.0,0.0,0.0,1,1.88,0.0,0,2.04,0.0,0.0,0.0,0.0,0.0,46
2023-05-11 01:07:56,au2312P396,au2312P396,2.04,0.0,0.0,0.0,1,1.88,34.32,1,2.04,0.0,0.0,0.0,0.0,0.0,46
2023-05-11 02:29:44,au2312P396,au2312P396,2.04,0.0,0.0,0.0,1,1.88,34.32,1,2.04,0.0,0.0,0.0,0.0,0.0,46
2023-05-11 02:29:53,au2312P396,au2312P396,2.04,0.0,0.0,0.0,1,1.88,0.0,0,2.04,0.0,0.0,0.0,0.0,0.0,46
2023-05-11 09:00:00,au2312P396,au2312P396,2.04,0.0,0.0,0.0,1,1.88,0.0,0,2.04,0.0,0.0,0.0,0.0,0.0,46
2023-05-11 09:00:01,au2312P396,au2312P396,2.04,0.0,0.0,0.0,1,1.88,0.0,0,2.04,0.0,0.0,0.0,0.0,0.0,46
2023-05-11 09:00:04,au2312P396,au2312P396,2.04,0.0,0.0,0.0,1,1.88,11.18,1,2.04,0.0,0.0,0.0,0.0,0.0,46
2023-05-11 09:01:22,au2312P396,au2312P396,2.04,0.0,0.0,0.0,1,1.94,11.18,1,2.04,0.0,0.0,0.0,0.0,0.0,46
2023-05-11 09:01:22,au2312P396,au2312P396,2.04,0.0,0.0,0.0,1,1.94,11.12,1,2.04,0.0,0.0,0.0,0.0,0.0,46
2023-05-11 09:01:23,au2312P396,au2312P396,2.04,0.0,0.0,0.0,1,1.94,7.34,2,2.04,0.0,0.0,0.0,0.0,0.0,46
2023-05-11 09:01:23,au2312P396,au2312P396,2.04,0.0,0.0,0.0,1,1.94,2.08,1,2.04,0.0,0.0,0.0,0.0,0.0,46
2023-05-11 09:01:24,au2312P396,au2312P396,2.04,0.0,0.0,0.0,1,1.94,2.08,1,2.04,0.0,0.0,0.0,0.0,0.0,46
2023-05-11 09:01:34,au2312P396,au2312P396,2.04,0.0,0.0,0.0,1,1.94,2.08,1,2.04,0.0,0.0,0.0,0.0,0.0,46
2023-05-11 09:01:37,au2312P396,au2312P396,2.04,0.0,0.0,0.0,1,1.94,2.08,1,2.04,0.0,0.0,0.0,0.0,0.0,46
2023-05-11 09:02:01,au2312P396,au2312P396,2.04,0.0,0.0,0.0,1,1.94,2.08,1,2.04,0.0,0.0,0.0,0.0,0.0,46
2023-05-11 09:02:24,au2312P396,au2312P396,2.04,0.0,0.0,0.0,1,1.96,2.08,1,2.04,0.0,0.0,0.0,0.0,0.0,46
2023-05-11 09:02:49,au2312P396,au2312P396,2.04,0.0,0.0,0.0,1,1.96,2.06,1,2.04,0.0,0.0,0.0,0.0,0.0,46
2023-05-11 09:03:40,au2312P396,au2312P396,2.04,0.0,0.0,0.0,1,1.94,2.06,1,2.04,0.0,0.0,0.0,0.0,0.0,46
2023-05-11 09:05:43,au2312P396,au2312P396,2.04,0.0,0.0,0.0,1,1.94,2.04,1,2.04,0.0,0.0,0.0,0.0,0.0,46
2023-05-11 09:10:13,au2312P396,au2312P396,2.04,0.0,0.0,0.0,1,1.88,0.0,0,2.04,0.0,0.0,0.0,0.0,0.0,46
2023-05-11 09:10:14,au2312P396,au2312P396,2.04,0.0,0.0,0.0,1,1.88,34.32,1,2.04,0.0,0.0,0.0,0.0,0.0,46
2023-05-11 09:10:17,au2312P396,au2312P396,2.04,0.0,0.0,0.0,1,1.94,34.32,1,2.04,0.0,0.0,0.0,0.0,0.0,46
2023-05-11 09:10:18,au2312P396,au2312P396,2.04,0.0,0.0,0.0,1,1.94,2.06,1,2.04,0.0,0.0,0.0,0.0,0.0,46
2023-05-11 09:10:19,au2312P396,au2312P396,2.04,0.0,0.0,0.0,1,1.94,2.06,1,2.04,0.0,0.0,0.0,0.0,0.0,46
2023-05-11 09:10:19,au2312P396,au2312P396,2.04,0.0,0.0,0.0,1,1.94,2.06,1,2.04,0.0,0.0,0.0,0.0,0.0,46
2023-05-11 09:10:21,au2312P396,au2312P396,2.04,0.0,0.0,0.0,1,1.94,2.06,1,2.04,0.0,0.0,0.0,0.0,0.0,46
2023-05-11 09:10:24,au2312P396,au2312P396,2.04,0.0,0.0,0.0,1,1.94,2.06,1,2.04,0.0,0.0,0.0,0.0,0.0,46
2023-05-11 09:10:28,au2312P396,au2312P396,2.04,0.0,0.0,0.0,1,1.94,2.06,1,2.04,0.0,0.0,0.0,0.0,0.0,46
2023-05-11 09:10:57,au2312P396,au2312P396,2.04,0.0,0.0,0.0,1,1.94,2.06,1,2.04,0.0,0.0,0.0,0.0,0.0,46
2023-05-11 09:11:03,au2312P396,au2312P396,2.04,0.0,0.0,0.0,1,1.94,2.06,1,2.04,0.0,0.0,0.0,0.0,0.0,46
2023-05-11 09:17:02,au2312P396,au2312P396,2.04,0.0,0.0,0.0,1,1.94,2.04,1,2.04,0.0,0.0,0.0,0.0,0.0,46
2023-05-11 09:21:35,au2312P396,au2312P396,2.04,0.0,0.0,0.0,1,1.94,2.04,1,2.04,0.0,0.0,0.0,0.0,0.0,46
2023-05-11 09:25:24,au2312P396,au2312P396,2.04,0.0,0.0,0.0,1,1.94,2.04,1,2.04,0.0,0.0,0.0,0.0,0.0,46
2023-05-11 09:25:30,au2312P396,au2312P396,2.04,0.0,0.0,0.0,1,1.94,2.04,1,2.04,0.0,0.0,0.0,0.0,0.0,46
2023-05-11 09:28:18,au2312P396,au2312P396,2.04,0.0,0.0,0.0,1,1.96,2.04,1,2.04,0.0,0.0,0.0,0.0,0.0,46
2023-05-11 09:28:27,au2312P396,au2312P396,2.04,0.0,0.0,0.0,1,1.96,2.06,1,2.04,0.0,0.0,0.0,0.0,0.0,46
2023-05-11 09:32:41,au2312P396,au2312P396,2.04,0.0,0.0,0.0,1,1.96,2.06,1,2.04,0.0,0.0,0.0,0.0,0.0,46
2023-05-11 09:32:55,au2312P396,au2312P396,2.04,0.0,0.0,0.0,1,1.96,2.04,1,2.04,0.0,0.0,0.0,0.0,0.0,46
2023-05-11 09:34:09,au2312P396,au2312P396,2.04,0.0,0.0,0.0,1,1.96,2.04,1,2.04,0.0,0.0,0.0,0.0,0.0,46
2023-05-11 09:38:10,au2312P396,au2312P396,2.04,0.0,0.0,0.0,1,1.96,2.04,1,2.04,0.0,0.0,0.0,0.0,0.0,46
2023-05-11 09:39:29,au2312P396,au2312P396,2.04,0.0,0.0,0.0,1,1.96,2.04,1,2.04,0.0,0.0,0.0,0.0,0.0,46
2023-05-11 10:05:13,au2312P396,au2312P396,2.04,0.0,0.0,0.0,1,1.96,2.06,1,2.04,0.0,0.0,0.0,0.0,0.0,46
2023-05-11 10:06:21,au2312P396,au2312P396,2.04,0.0,0.0,0.0,1,1.96,2.04,1,2.04,0.0,0.0,0.0,0.0,0.0,46
2023-05-11 10:06:38,au2312P396,au2312P396,2.04,0.0,0.0,0.0,1,1.94,2.04,1,2.04,0.0,0.0,0.0,0.0,0.0,46
2023-05-11 10:07:12,au2312P396,au2312P396,2.04,0.0,0.0,0.0,1,1.94,2.02,1,2.04,0.0,0.0,0.0,0.0,0.0,46
2023-05-11 10:13:36,au2312P396,au2312P396,2.04,0.0,0.0,0.0,1,1.92,2.02,1,2.04,0.0,0.0,0.0,0.0,0.0,46
2023-05-11 10:14:29,au2312P396,au2312P396,2.04,0.0,0.0,0.0,1,1.88,2.14,1,2.04,0.0,0.0,0.0,0.0,0.0,46
2023-05-11 10:30:00,au2312P396,au2312P396,2.04,0.0,0.0,0.0,1,1.92,2.04,1,2.04,0.0,0.0,0.0,0.0,0.0,46
2023-05-11 10:30:48,au2312P396,au2312P396,2.04,0.0,0.0,0.0,1,1.94,2.04,1,2.04,0.0,0.0,0.0,0.0,0.0,46
2023-05-11 10:56:40,au2312P396,au2312P396,2.04,0.0,0.0,0.0,1,1.96,2.04,1,2.04,0.0,0.0,0.0,0.0,0.0,46
2023-05-11 10:56:48,au2312P396,au2312P396,2.04,0.0,0.0,0.0,1,1.96,2.06,1,2.04,0.0,0.0,0.0,0.0,0.0,46
2023-05-11 11:19:02,au2312P396,au2312P396,2.04,0.0,0.0,0.0,1,1.96,2.04,1,2.04,0.0,0.0,0.0,0.0,0.0,46
2023-05-11 11:25:40,au2312P396,au2312P396,2.04,0.0,0.0,0.0,1,1.96,2.04,1,2.04,0.0,0.0,0.0,0.0,0.0,46
2023-05-11 11:29:25,au2312P396,au2312P396,2.04,0.0,0.0,0.0,1,1.66,11.14,1,2.04,0.0,0.0,0.0,0.0,0.0,46
2023-05-11 13:32:01,au2312P396,au2312P396,2.04,0.0,0.0,0.0,1,1.66,11.08,1,2.04,0.0,0.0,0.0,0.0,0.0,46
2023-05-11 13:32:01,au2312P396,au2312P396,2.04,0.0,0.0,0.0,1,1.66,7.3,1,2.04,0.0,0.0,0.0,0.0,0.0,46
2023-05-11 13:32:02,au2312P396,au2312P396,2.04,0.0,0.0,0.0,1,1.66,7.24,1,2.04,0.0,0.0,0.0,0.0,0.0,46
2023-05-11 13:32:02,au2312P396,au2312P396,2.04,0.0,0.0,0.0,1,1.66,3.46,1,2.04,0.0,0.0,0.0,0.0,0.0,46
2023-05-11 13:32:03,au2312P396,au2312P396,2.04,0.0,0.0,0.0,1,1.66,3.46,1,2.04,0.0,0.0,0.0,0.0,0.0,46
2023-05-11 13:44:10,au2312P396,au2312P396,2.04,0.0,0.0,0.0,1,1.66,2.0,1,2.04,0.0,0.0,0.0,0.0,0.0,46
2023-05-11 13:44:12,au2312P396,au2312P396,2.04,0.0,0.0,0.0,1,1.9,2.0,1,2.04,0.0,0.0,0.0,0.0,0.0,46
2023-05-11 13:44:40,au2312P396,au2312P396,2.04,0.0,0.0,0.0,1,1.92,2.0,1,2.04,0.0,0.0,0.0,0.0,0.0,46
2023-05-11 14:02:07,au2312P396,au2312P396,2.04,0.0,0.0,0.0,1,1.92,2.02,1,2.04,0.0,0.0,0.0,0.0,0.0,46
2023-05-11 14:02:15,au2312P396,au2312P396,2.04,0.0,0.0,0.0,1,1.94,2.02,1,2.04,0.0,0.0,0.0,0.0,0.0,46
2023-05-11 14:15:36,au2312P396,au2312P396,2.04,0.0,0.0,0.0,1,1.92,2.02,1,2.04,0.0,0.0,0.0,0.0,0.0,46
2023-05-11 14:16:04,au2312P396,au2312P396,2.04,0.0,0.0,0.0,1,1.92,2.0,1,2.04,0.0,0.0,0.0,0.0,0.0,46
2023-05-11 14:23:24,au2312P396,au2312P396,2.04,0.0,0.0,0.0,1,1.92,2.02,1,2.04,0.0,0.0,0.0,0.0,0.0,46
2023-05-11 14:27:10,au2312P396,au2312P396,2.04,0.0,0.0,0.0,1,1.94,2.02,1,2.04,0.0,0.0,0.0,0.0,0.0,46
2023-05-11 14:33:58,au2312P396,au2312P396,2.04,0.0,0.0,0.0,1,1.94,2.04,1,2.04,0.0,0.0,0.0,0.0,0.0,46
2023-05-11 14:34:01,au2312P396,au2312P396,2.04,0.0,0.0,0.0,1,1.96,2.04,1,2.04,0.0,0.0,0.0,0.0,0.0,46
2023-05-11 14:37:23,au2312P396,au2312P396,2.04,0.0,0.0,0.0,1,1.96,2.06,1,2.04,0.0,0.0,0.0,0.0,0.0,46
2023-05-11 14:37:24,au2312P396,au2312P396,2.04,0.0,0.0,0.0,1,1.98,2.06,1,2.04,0.0,0.0,0.0,0.0,0.0,46
2023-05-11 14:39:17,au2312P396,au2312P396,2.04,0.0,0.0,0.0,1,1.98,2.08,1,2.04,0.0,0.0,0.0,0.0,0.0,46
2023-05-11 14:39:46,au2312P396,au2312P396,2.04,0.0,0.0,0.0,1,2.0,2.08,1,2.04,0.0,0.0,0.0,0.0,0.0,46
2023-05-11 14:47:45,au2312P396,au2312P396,2.04,0.0,0.0,0.0,1,1.98,2.08,1,2.04,0.0,0.0,0.0,0.0,0.0,46
2023-05-11 14:47:51,au2312P396,au2312P396,2.04,0.0,0.0,0.0,1,1.98,2.06,1,2.04,0.0,0.0,0.0,0.0,0.0,46
2023-05-11 14:52:15,au2312P396,au2312P396,2.04,0.0,0.0,0.0,1,1.98,2.08,1,2.04,0.0,0.0,0.0,0.0,0.0,46
2023-05-11 14:58:54,au2312P396,au2312P396,2.04,0.0,0.0,0.0,1,1.66,3.46,1,2.04,0.0,0.0,0.0,0.0,0.0,46
2023-05-11 15:18:18,au2312P396,au2312P396,2.04,0.0,0.0,0.0,1,1.66,3.46,1,2.04,0.0,0.0,0.0,0.0,0.0,46
