time,symbol_id,symbol_name,last,trade_volume,trade_amount,open_interest_change,bv1,bp1,ap1,av1,yesterday_close,today_open,today_high,today_low,volume,amount,open_interest
2023-05-10 20:59:00,au2312P416,au2312P416,5.48,0.0,0.0,0.0,1,1.02,30.0,2,5.48,4.64,0.0,0.0,0.0,0.0,47
2023-05-10 21:00:02,au2312P416,au2312P416,5.48,0.0,0.0,0.0,2,3.28,13.38,2,5.48,4.64,0.0,0.0,0.0,0.0,47
2023-05-10 21:00:03,au2312P416,au2312P416,5.48,0.0,0.0,0.0,1,3.3,13.38,2,5.48,4.64,0.0,0.0,0.0,0.0,47
2023-05-10 21:00:03,au2312P416,au2312P416,5.48,0.0,0.0,0.0,2,3.78,13.38,2,5.48,4.64,0.0,0.0,0.0,0.0,47
2023-05-10 21:00:04,au2312P416,au2312P416,5.48,0.0,0.0,0.0,2,3.78,13.38,2,5.48,4.64,0.0,0.0,0.0,0.0,47
2023-05-10 21:00:09,au2312P416,au2312P416,5.48,0.0,0.0,0.0,2,3.28,13.38,2,5.48,4.64,0.0,0.0,0.0,0.0,47
2023-05-10 21:00:10,au2312P416,au2312P416,5.48,0.0,0.0,0.0,1,3.3,13.38,2,5.48,4.64,0.0,0.0,0.0,0.0,47
2023-05-10 21:00:10,au2312P416,au2312P416,5.48,0.0,0.0,0.0,2,3.8,13.38,2,5.48,4.64,0.0,0.0,0.0,0.0,47
2023-05-10 21:00:11,au2312P416,au2312P416,5.48,0.0,0.0,0.0,2,3.8,13.38,2,5.48,4.64,0.0,0.0,0.0,0.0,47
2023-05-10 21:00:16,au2312P416,au2312P416,5.48,0.0,0.0,0.0,2,3.28,13.38,2,5.48,4.64,0.0,0.0,0.0,0.0,47
2023-05-10 21:00:17,au2312P416,au2312P416,5.48,0.0,0.0,0.0,1,3.3,13.38,2,5.48,4.64,0.0,0.0,0.0,0.0,47
2023-05-10 21:00:17,au2312P416,au2312P416,5.48,0.0,0.0,0.0,2,3.78,13.38,2,5.48,4.64,0.0,0.0,0.0,0.0,47
2023-05-10 21:00:18,au2312P416,au2312P416,5.48,0.0,0.0,0.0,2,3.78,13.38,2,5.48,4.64,0.0,0.0,0.0,0.0,47
2023-05-10 21:00:24,au2312P416,au2312P416,5.48,0.0,0.0,0.0,2,3.28,13.38,2,5.48,4.64,0.0,0.0,0.0,0.0,47
2023-05-10 21:00:24,au2312P416,au2312P416,5.48,0.0,0.0,0.0,1,3.3,13.38,2,5.48,4.64,0.0,0.0,0.0,0.0,47
2023-05-10 21:00:50,au2312P416,au2312P416,5.48,0.0,0.0,0.0,1,3.62,30.0,2,5.48,4.64,0.0,0.0,0.0,0.0,47
2023-05-10 21:00:51,au2312P416,au2312P416,5.48,0.0,0.0,0.0,1,3.62,30.0,2,5.48,4.64,0.0,0.0,0.0,0.0,47
2023-05-10 21:00:51,au2312P416,au2312P416,5.48,0.0,0.0,0.0,1,3.64,30.0,2,5.48,4.64,0.0,0.0,0.0,0.0,47
2023-05-10 21:00:52,au2312P416,au2312P416,5.48,0.0,0.0,0.0,1,3.64,13.38,1,5.48,4.64,0.0,0.0,0.0,0.0,47
2023-05-10 21:01:10,au2312P416,au2312P416,5.48,0.0,0.0,0.0,1,4.14,4.34,1,5.48,4.64,0.0,0.0,0.0,0.0,47
2023-05-10 21:01:10,au2312P416,au2312P416,5.48,0.0,0.0,0.0,1,4.14,4.34,1,5.48,4.64,0.0,0.0,0.0,0.0,47
2023-05-10 21:01:19,au2312P416,au2312P416,5.48,0.0,0.0,0.0,1,4.16,4.34,1,5.48,4.64,0.0,0.0,0.0,0.0,47
2023-05-10 21:01:23,au2312P416,au2312P416,5.48,0.0,0.0,0.0,1,4.16,13.38,1,5.48,4.64,0.0,0.0,0.0,0.0,47
2023-05-10 21:01:25,au2312P416,au2312P416,5.48,0.0,0.0,0.0,1,4.16,4.38,1,5.48,4.64,0.0,0.0,0.0,0.0,47
2023-05-10 21:01:26,au2312P416,au2312P416,5.48,0.0,0.0,0.0,1,4.2,4.38,1,5.48,4.64,0.0,0.0,0.0,0.0,47
2023-05-10 21:01:27,au2312P416,au2312P416,5.48,0.0,0.0,0.0,1,4.2,4.38,1,5.48,4.64,0.0,0.0,0.0,0.0,47
2023-05-10 21:02:24,au2312P416,au2312P416,5.48,0.0,0.0,0.0,1,4.22,4.38,1,5.48,4.64,0.0,0.0,0.0,0.0,47
2023-05-10 21:02:31,au2312P416,au2312P416,5.48,0.0,0.0,0.0,1,4.24,4.38,1,5.48,4.64,0.0,0.0,0.0,0.0,47
2023-05-10 21:02:33,au2312P416,au2312P416,5.48,0.0,0.0,0.0,1,4.24,4.42,1,5.48,4.64,0.0,0.0,0.0,0.0,47
2023-05-10 21:03:00,au2312P416,au2312P416,5.48,0.0,0.0,0.0,1,4.24,4.4,1,5.48,4.64,0.0,0.0,0.0,0.0,47
2023-05-10 21:04:45,au2312P416,au2312P416,5.48,0.0,0.0,0.0,1,4.24,4.4,1,5.48,4.64,0.0,0.0,0.0,0.0,47
2023-05-10 21:05:05,au2312P416,au2312P416,5.48,0.0,0.0,0.0,1,4.26,4.4,1,5.48,4.64,0.0,0.0,0.0,0.0,47
2023-05-10 21:05:29,au2312P416,au2312P416,5.48,0.0,0.0,0.0,1,4.24,4.4,1,5.48,4.64,0.0,0.0,0.0,0.0,47
2023-05-10 21:05:52,au2312P416,au2312P416,5.48,0.0,0.0,0.0,1,4.26,4.4,1,5.48,4.64,0.0,0.0,0.0,0.0,47
2023-05-10 21:05:57,au2312P416,au2312P416,5.48,0.0,0.0,0.0,1,4.26,4.42,1,5.48,4.64,0.0,0.0,0.0,0.0,47
2023-05-10 21:06:18,au2312P416,au2312P416,5.48,0.0,0.0,0.0,1,4.28,4.42,1,5.48,4.64,0.0,0.0,0.0,0.0,47
2023-05-10 21:06:40,au2312P416,au2312P416,5.48,0.0,0.0,0.0,1,4.28,4.46,1,5.48,4.64,0.0,0.0,0.0,0.0,47
2023-05-10 21:06:54,au2312P416,au2312P416,5.48,0.0,0.0,0.0,1,4.3,4.46,1,5.48,4.64,0.0,0.0,0.0,0.0,47
2023-05-10 21:07:32,au2312P416,au2312P416,5.48,0.0,0.0,0.0,1,4.32,4.46,1,5.48,4.64,0.0,0.0,0.0,0.0,47
2023-05-10 21:07:39,au2312P416,au2312P416,5.48,0.0,0.0,0.0,1,4.32,9.56,1,5.48,4.64,0.0,0.0,0.0,0.0,47
2023-05-10 21:07:40,au2312P416,au2312P416,5.48,0.0,0.0,0.0,1,4.34,4.52,1,5.48,4.64,0.0,0.0,0.0,0.0,47
2023-05-10 21:07:41,au2312P416,au2312P416,5.48,0.0,0.0,0.0,1,4.34,4.52,1,5.48,4.64,0.0,0.0,0.0,0.0,47
2023-05-10 21:07:41,au2312P416,au2312P416,5.48,0.0,0.0,0.0,1,4.34,4.52,1,5.48,4.64,0.0,0.0,0.0,0.0,47
2023-05-10 21:07:45,au2312P416,au2312P416,5.48,0.0,0.0,0.0,1,4.34,4.5,1,5.48,4.64,0.0,0.0,0.0,0.0,47
2023-05-10 21:08:04,au2312P416,au2312P416,5.48,0.0,0.0,0.0,1,4.36,4.5,1,5.48,4.64,0.0,0.0,0.0,0.0,47
2023-05-10 21:08:45,au2312P416,au2312P416,5.48,0.0,0.0,0.0,1,4.36,4.52,1,5.48,4.64,0.0,0.0,0.0,0.0,47
2023-05-10 21:08:53,au2312P416,au2312P416,5.48,0.0,0.0,0.0,1,4.38,4.52,1,5.48,4.64,0.0,0.0,0.0,0.0,47
2023-05-10 21:09:10,au2312P416,au2312P416,5.48,0.0,0.0,0.0,1,4.38,4.56,1,5.48,4.64,0.0,0.0,0.0,0.0,47
2023-05-10 21:09:14,au2312P416,au2312P416,5.48,0.0,0.0,0.0,1,4.42,4.56,1,5.48,4.64,0.0,0.0,0.0,0.0,47
2023-05-10 21:09:26,au2312P416,au2312P416,5.48,0.0,0.0,0.0,1,4.38,4.56,1,5.48,4.64,0.0,0.0,0.0,0.0,47
2023-05-10 21:09:44,au2312P416,au2312P416,5.48,0.0,0.0,0.0,1,4.38,4.54,1,5.48,4.64,0.0,0.0,0.0,0.0,47
2023-05-10 21:09:56,au2312P416,au2312P416,5.48,0.0,0.0,0.0,1,4.4,4.54,1,5.48,4.64,0.0,0.0,0.0,0.0,47
2023-05-10 21:09:56,au2312P416,au2312P416,5.48,0.0,0.0,0.0,1,4.4,4.56,1,5.48,4.64,0.0,0.0,0.0,0.0,47
2023-05-10 21:10:03,au2312P416,au2312P416,5.48,0.0,0.0,0.0,1,4.42,4.56,1,5.48,4.64,0.0,0.0,0.0,0.0,47
2023-05-10 21:10:44,au2312P416,au2312P416,5.48,0.0,0.0,0.0,1,4.42,4.54,1,5.48,4.64,0.0,0.0,0.0,0.0,47
2023-05-10 21:10:45,au2312P416,au2312P416,5.48,0.0,0.0,0.0,1,4.4,4.54,1,5.48,4.64,0.0,0.0,0.0,0.0,47
2023-05-10 21:10:56,au2312P416,au2312P416,5.48,0.0,0.0,0.0,1,4.4,4.52,1,5.48,4.64,0.0,0.0,0.0,0.0,47
2023-05-10 21:11:45,au2312P416,au2312P416,5.48,0.0,0.0,0.0,1,4.4,4.54,1,5.48,4.64,0.0,0.0,0.0,0.0,47
2023-05-10 21:11:47,au2312P416,au2312P416,5.48,0.0,0.0,0.0,1,4.4,4.98,1,5.48,4.64,0.0,0.0,0.0,0.0,47
2023-05-10 21:11:50,au2312P416,au2312P416,5.48,0.0,0.0,0.0,1,4.42,4.58,1,5.48,4.64,0.0,0.0,0.0,0.0,47
2023-05-10 21:11:59,au2312P416,au2312P416,5.48,0.0,0.0,0.0,1,4.42,4.56,1,5.48,4.64,0.0,0.0,0.0,0.0,47
2023-05-10 21:12:42,au2312P416,au2312P416,5.48,0.0,0.0,0.0,1,4.44,4.56,1,5.48,4.64,0.0,0.0,0.0,0.0,47
2023-05-10 21:12:46,au2312P416,au2312P416,5.48,0.0,0.0,0.0,1,4.44,4.58,1,5.48,4.64,0.0,0.0,0.0,0.0,47
2023-05-10 21:13:50,au2312P416,au2312P416,5.48,0.0,0.0,0.0,1,4.44,4.98,1,5.48,4.64,0.0,0.0,0.0,0.0,47
2023-05-10 21:13:51,au2312P416,au2312P416,5.48,0.0,0.0,0.0,1,4.44,4.6,1,5.48,4.64,0.0,0.0,0.0,0.0,47
2023-05-10 21:13:54,au2312P416,au2312P416,5.48,0.0,0.0,0.0,1,4.46,4.6,1,5.48,4.64,0.0,0.0,0.0,0.0,47
2023-05-10 21:14:48,au2312P416,au2312P416,5.48,0.0,0.0,0.0,1,4.48,4.6,1,5.48,4.64,0.0,0.0,0.0,0.0,47
2023-05-10 21:14:50,au2312P416,au2312P416,5.48,0.0,0.0,0.0,1,4.48,4.64,1,5.48,4.64,0.0,0.0,0.0,0.0,47
2023-05-10 21:14:58,au2312P416,au2312P416,5.48,0.0,0.0,0.0,1,4.48,4.62,1,5.48,4.64,0.0,0.0,0.0,0.0,47
2023-05-10 21:15:24,au2312P416,au2312P416,5.48,0.0,0.0,0.0,1,4.48,4.62,1,5.48,4.64,0.0,0.0,0.0,0.0,47
2023-05-10 21:15:25,au2312P416,au2312P416,5.48,0.0,0.0,0.0,1,4.48,4.6,1,5.48,4.64,0.0,0.0,0.0,0.0,47
2023-05-10 21:15:39,au2312P416,au2312P416,5.48,0.0,0.0,0.0,1,4.48,4.62,1,5.48,4.64,0.0,0.0,0.0,0.0,47
2023-05-10 21:16:08,au2312P416,au2312P416,5.48,0.0,0.0,0.0,1,4.48,4.6,1,5.48,4.64,0.0,0.0,0.0,0.0,47
2023-05-10 21:16:41,au2312P416,au2312P416,5.48,0.0,0.0,0.0,1,4.48,4.62,1,5.48,4.64,0.0,0.0,0.0,0.0,47
2023-05-10 21:17:17,au2312P416,au2312P416,5.48,0.0,0.0,0.0,1,4.5,4.62,1,5.48,4.64,0.0,0.0,0.0,0.0,47
2023-05-10 21:17:23,au2312P416,au2312P416,5.48,0.0,0.0,0.0,1,4.5,4.64,1,5.48,4.64,0.0,0.0,0.0,0.0,47
2023-05-10 21:18:03,au2312P416,au2312P416,5.48,0.0,0.0,0.0,1,4.5,4.62,1,5.48,4.64,0.0,0.0,0.0,0.0,47
2023-05-10 21:18:03,au2312P416,au2312P416,5.48,0.0,0.0,0.0,1,4.48,4.62,1,5.48,4.64,0.0,0.0,0.0,0.0,47
2023-05-10 21:18:30,au2312P416,au2312P416,5.48,0.0,0.0,0.0,1,4.48,4.6,1,5.48,4.64,0.0,0.0,0.0,0.0,47
2023-05-10 21:18:42,au2312P416,au2312P416,5.48,0.0,0.0,0.0,1,4.44,4.6,1,5.48,4.64,0.0,0.0,0.0,0.0,47
2023-05-10 21:18:50,au2312P416,au2312P416,5.48,0.0,0.0,0.0,1,4.44,4.58,1,5.48,4.64,0.0,0.0,0.0,0.0,47
2023-05-10 21:19:35,au2312P416,au2312P416,5.48,0.0,0.0,0.0,1,4.46,4.58,1,5.48,4.64,0.0,0.0,0.0,0.0,47
2023-05-10 21:19:37,au2312P416,au2312P416,5.48,0.0,0.0,0.0,1,4.46,4.6,1,5.48,4.64,0.0,0.0,0.0,0.0,47
2023-05-10 21:21:27,au2312P416,au2312P416,5.48,0.0,0.0,0.0,1,4.46,4.58,1,5.48,4.64,0.0,0.0,0.0,0.0,47
2023-05-10 21:22:18,au2312P416,au2312P416,5.48,0.0,0.0,0.0,1,4.46,4.6,1,5.48,4.64,0.0,0.0,0.0,0.0,47
2023-05-10 21:22:26,au2312P416,au2312P416,5.48,0.0,0.0,0.0,1,4.48,4.6,1,5.48,4.64,0.0,0.0,0.0,0.0,47
2023-05-10 21:23:00,au2312P416,au2312P416,5.48,0.0,0.0,0.0,1,4.48,4.98,1,5.48,4.64,0.0,0.0,0.0,0.0,47
2023-05-10 21:23:01,au2312P416,au2312P416,5.48,0.0,0.0,0.0,1,4.48,4.64,1,5.48,4.64,0.0,0.0,0.0,0.0,47
2023-05-10 21:23:01,au2312P416,au2312P416,5.48,0.0,0.0,0.0,1,4.48,4.62,1,5.48,4.64,0.0,0.0,0.0,0.0,47
2023-05-10 21:23:06,au2312P416,au2312P416,5.48,0.0,0.0,0.0,1,4.5,4.62,1,5.48,4.64,0.0,0.0,0.0,0.0,47
2023-05-10 21:24:07,au2312P416,au2312P416,5.48,0.0,0.0,0.0,1,4.48,4.62,1,5.48,4.64,0.0,0.0,0.0,0.0,47
2023-05-10 21:26:51,au2312P416,au2312P416,5.48,0.0,0.0,0.0,1,4.5,4.62,1,5.48,4.64,0.0,0.0,0.0,0.0,47
2023-05-10 21:26:56,au2312P416,au2312P416,5.48,0.0,0.0,0.0,1,4.5,4.64,1,5.48,4.64,0.0,0.0,0.0,0.0,47
2023-05-10 21:27:12,au2312P416,au2312P416,5.48,0.0,0.0,0.0,1,4.5,4.62,1,5.48,4.64,0.0,0.0,0.0,0.0,47
2023-05-10 21:28:47,au2312P416,au2312P416,5.48,0.0,0.0,0.0,1,4.5,4.64,1,5.48,4.64,0.0,0.0,0.0,0.0,47
2023-05-10 21:29:59,au2312P416,au2312P416,5.48,0.0,0.0,0.0,1,4.52,4.64,1,5.48,4.64,0.0,0.0,0.0,0.0,47
2023-05-10 21:30:37,au2312P416,au2312P416,5.48,0.0,0.0,0.0,1,4.5,4.64,1,5.48,4.64,0.0,0.0,0.0,0.0,47
2023-05-10 21:30:54,au2312P416,au2312P416,5.48,0.0,0.0,0.0,1,4.5,4.62,1,5.48,4.64,0.0,0.0,0.0,0.0,47
2023-05-10 21:30:56,au2312P416,au2312P416,5.48,0.0,0.0,0.0,1,3.96,4.62,1,5.48,4.64,0.0,0.0,0.0,0.0,47
2023-05-10 21:30:57,au2312P416,au2312P416,5.48,0.0,0.0,0.0,1,4.46,4.6,1,5.48,4.64,0.0,0.0,0.0,0.0,47
2023-05-10 21:31:20,au2312P416,au2312P416,5.48,0.0,0.0,0.0,1,4.46,4.58,1,5.48,4.64,0.0,0.0,0.0,0.0,47
2023-05-10 21:31:33,au2312P416,au2312P416,5.48,0.0,0.0,0.0,1,4.46,4.6,1,5.48,4.64,0.0,0.0,0.0,0.0,47
2023-05-10 21:32:02,au2312P416,au2312P416,5.48,0.0,0.0,0.0,1,4.48,4.6,1,5.48,4.64,0.0,0.0,0.0,0.0,47
2023-05-10 21:32:14,au2312P416,au2312P416,5.48,0.0,0.0,0.0,1,4.48,4.64,1,5.48,4.64,0.0,0.0,0.0,0.0,47
2023-05-10 21:32:16,au2312P416,au2312P416,5.48,0.0,0.0,0.0,1,4.48,4.62,1,5.48,4.64,0.0,0.0,0.0,0.0,47
2023-05-10 21:32:41,au2312P416,au2312P416,5.48,0.0,0.0,0.0,1,4.5,4.62,1,5.48,4.64,0.0,0.0,0.0,0.0,47
2023-05-10 21:32:43,au2312P416,au2312P416,5.48,0.0,0.0,0.0,1,4.5,4.64,1,5.48,4.64,0.0,0.0,0.0,0.0,47
2023-05-10 21:33:21,au2312P416,au2312P416,5.48,0.0,0.0,0.0,1,4.5,4.62,1,5.48,4.64,0.0,0.0,0.0,0.0,47
2023-05-10 21:33:32,au2312P416,au2312P416,5.48,0.0,0.0,0.0,1,4.48,4.62,1,5.48,4.64,0.0,0.0,0.0,0.0,47
2023-05-10 21:34:27,au2312P416,au2312P416,5.48,0.0,0.0,0.0,1,4.48,4.6,1,5.48,4.64,0.0,0.0,0.0,0.0,47
2023-05-10 21:34:53,au2312P416,au2312P416,5.48,0.0,0.0,0.0,1,4.48,4.62,1,5.48,4.64,0.0,0.0,0.0,0.0,47
2023-05-10 21:35:02,au2312P416,au2312P416,5.48,0.0,0.0,0.0,1,4.5,4.62,1,5.48,4.64,0.0,0.0,0.0,0.0,47
2023-05-10 21:35:26,au2312P416,au2312P416,5.48,0.0,0.0,0.0,1,4.48,4.62,1,5.48,4.64,0.0,0.0,0.0,0.0,47
2023-05-10 21:35:45,au2312P416,au2312P416,5.48,0.0,0.0,0.0,1,4.48,4.6,1,5.48,4.64,0.0,0.0,0.0,0.0,47
2023-05-10 21:35:55,au2312P416,au2312P416,5.48,0.0,0.0,0.0,1,4.44,4.6,1,5.48,4.64,0.0,0.0,0.0,0.0,47
2023-05-10 21:35:58,au2312P416,au2312P416,5.48,0.0,0.0,0.0,1,4.44,4.58,1,5.48,4.64,0.0,0.0,0.0,0.0,47
2023-05-10 21:35:59,au2312P416,au2312P416,5.48,0.0,0.0,0.0,1,4.46,4.58,1,5.48,4.64,0.0,0.0,0.0,0.0,47
2023-05-10 21:36:08,au2312P416,au2312P416,5.48,0.0,0.0,0.0,1,4.44,4.58,1,5.48,4.64,0.0,0.0,0.0,0.0,47
2023-05-10 21:36:10,au2312P416,au2312P416,5.48,0.0,0.0,0.0,1,4.44,4.56,1,5.48,4.64,0.0,0.0,0.0,0.0,47
2023-05-10 21:36:35,au2312P416,au2312P416,5.48,0.0,0.0,0.0,1,3.96,4.56,1,5.48,4.64,0.0,0.0,0.0,0.0,47
2023-05-10 21:36:36,au2312P416,au2312P416,5.48,0.0,0.0,0.0,1,4.4,4.56,1,5.48,4.64,0.0,0.0,0.0,0.0,47
2023-05-10 21:36:38,au2312P416,au2312P416,5.48,0.0,0.0,0.0,1,4.4,4.54,1,5.48,4.64,0.0,0.0,0.0,0.0,47
2023-05-10 21:37:06,au2312P416,au2312P416,5.48,0.0,0.0,0.0,1,4.4,4.52,1,5.48,4.64,0.0,0.0,0.0,0.0,47
2023-05-10 21:37:29,au2312P416,au2312P416,5.48,0.0,0.0,0.0,1,3.96,4.52,1,5.48,4.64,0.0,0.0,0.0,0.0,47
2023-05-10 21:37:29,au2312P416,au2312P416,5.48,0.0,0.0,0.0,1,4.36,4.52,1,5.48,4.64,0.0,0.0,0.0,0.0,47
2023-05-10 21:37:31,au2312P416,au2312P416,5.48,0.0,0.0,0.0,1,4.38,4.52,1,5.48,4.64,0.0,0.0,0.0,0.0,47
2023-05-10 21:38:07,au2312P416,au2312P416,5.48,0.0,0.0,0.0,1,4.4,4.52,1,5.48,4.64,0.0,0.0,0.0,0.0,47
2023-05-10 21:38:15,au2312P416,au2312P416,5.48,0.0,0.0,0.0,1,4.4,4.54,1,5.48,4.64,0.0,0.0,0.0,0.0,47
2023-05-10 21:38:42,au2312P416,au2312P416,5.48,0.0,0.0,0.0,1,4.42,4.54,1,5.48,4.64,0.0,0.0,0.0,0.0,47
2023-05-10 21:38:51,au2312P416,au2312P416,5.48,0.0,0.0,0.0,1,4.42,4.58,1,5.48,4.64,0.0,0.0,0.0,0.0,47
2023-05-10 21:39:00,au2312P416,au2312P416,5.48,0.0,0.0,0.0,1,4.44,4.58,1,5.48,4.64,0.0,0.0,0.0,0.0,47
2023-05-10 21:39:09,au2312P416,au2312P416,5.48,0.0,0.0,0.0,1,4.44,4.56,1,5.48,4.64,0.0,0.0,0.0,0.0,47
2023-05-10 21:39:15,au2312P416,au2312P416,5.48,0.0,0.0,0.0,1,4.42,4.56,1,5.48,4.64,0.0,0.0,0.0,0.0,47
2023-05-10 21:39:53,au2312P416,au2312P416,5.48,0.0,0.0,0.0,1,4.44,4.56,1,5.48,4.64,0.0,0.0,0.0,0.0,47
2023-05-10 21:40:01,au2312P416,au2312P416,5.48,0.0,0.0,0.0,1,4.44,4.58,1,5.48,4.64,0.0,0.0,0.0,0.0,47
2023-05-10 21:40:25,au2312P416,au2312P416,5.48,0.0,0.0,0.0,1,4.46,4.58,1,5.48,4.64,0.0,0.0,0.0,0.0,47
2023-05-10 21:40:43,au2312P416,au2312P416,5.48,0.0,0.0,0.0,1,4.44,4.58,1,5.48,4.64,0.0,0.0,0.0,0.0,47
2023-05-10 21:40:46,au2312P416,au2312P416,5.48,0.0,0.0,0.0,1,4.44,4.56,1,5.48,4.64,0.0,0.0,0.0,0.0,47
2023-05-10 21:40:58,au2312P416,au2312P416,5.48,0.0,0.0,0.0,1,4.4,4.56,1,5.48,4.64,0.0,0.0,0.0,0.0,47
2023-05-10 21:41:00,au2312P416,au2312P416,5.48,0.0,0.0,0.0,1,4.42,4.56,1,5.48,4.64,0.0,0.0,0.0,0.0,47
2023-05-10 21:42:03,au2312P416,au2312P416,5.48,0.0,0.0,0.0,1,4.44,4.56,1,5.48,4.64,0.0,0.0,0.0,0.0,47
2023-05-10 21:42:08,au2312P416,au2312P416,5.48,0.0,0.0,0.0,1,4.44,4.58,1,5.48,4.64,0.0,0.0,0.0,0.0,47
2023-05-10 21:42:14,au2312P416,au2312P416,5.48,0.0,0.0,0.0,1,4.44,4.98,1,5.48,4.64,0.0,0.0,0.0,0.0,47
2023-05-10 21:42:17,au2312P416,au2312P416,5.48,0.0,0.0,0.0,1,4.46,4.62,1,5.48,4.64,0.0,0.0,0.0,0.0,47
2023-05-10 21:42:19,au2312P416,au2312P416,5.48,0.0,0.0,0.0,1,4.48,4.62,1,5.48,4.64,0.0,0.0,0.0,0.0,47
2023-05-10 21:42:22,au2312P416,au2312P416,5.48,0.0,0.0,0.0,1,4.48,4.6,1,5.48,4.64,0.0,0.0,0.0,0.0,47
2023-05-10 21:42:54,au2312P416,au2312P416,5.48,0.0,0.0,0.0,1,4.46,4.6,1,5.48,4.64,0.0,0.0,0.0,0.0,47
2023-05-10 21:42:55,au2312P416,au2312P416,5.48,0.0,0.0,0.0,1,4.46,4.58,1,5.48,4.64,0.0,0.0,0.0,0.0,47
2023-05-10 21:43:20,au2312P416,au2312P416,5.48,0.0,0.0,0.0,1,4.42,4.58,1,5.48,4.64,0.0,0.0,0.0,0.0,47
2023-05-10 21:43:22,au2312P416,au2312P416,5.48,0.0,0.0,0.0,1,4.42,4.56,1,5.48,4.64,0.0,0.0,0.0,0.0,47
2023-05-10 21:43:55,au2312P416,au2312P416,5.48,0.0,0.0,0.0,1,4.42,4.54,1,5.48,4.64,0.0,0.0,0.0,0.0,47
2023-05-10 21:44:05,au2312P416,au2312P416,5.48,0.0,0.0,0.0,1,4.38,4.54,1,5.48,4.64,0.0,0.0,0.0,0.0,47
2023-05-10 21:44:08,au2312P416,au2312P416,5.48,0.0,0.0,0.0,1,4.38,4.52,1,5.48,4.64,0.0,0.0,0.0,0.0,47
2023-05-10 21:44:17,au2312P416,au2312P416,5.48,0.0,0.0,0.0,1,4.4,4.52,1,5.48,4.64,0.0,0.0,0.0,0.0,47
2023-05-10 21:44:31,au2312P416,au2312P416,5.48,0.0,0.0,0.0,1,4.4,4.54,1,5.48,4.64,0.0,0.0,0.0,0.0,47
2023-05-10 21:44:37,au2312P416,au2312P416,5.48,0.0,0.0,0.0,1,4.42,4.54,1,5.48,4.64,0.0,0.0,0.0,0.0,47
2023-05-10 21:45:15,au2312P416,au2312P416,5.48,0.0,0.0,0.0,1,4.4,4.54,1,5.48,4.64,0.0,0.0,0.0,0.0,47
2023-05-10 21:45:17,au2312P416,au2312P416,5.48,0.0,0.0,0.0,1,4.4,4.52,1,5.48,4.64,0.0,0.0,0.0,0.0,47
2023-05-10 21:46:27,au2312P416,au2312P416,5.48,0.0,0.0,0.0,1,4.36,4.52,1,5.48,4.64,0.0,0.0,0.0,0.0,47
2023-05-10 21:46:31,au2312P416,au2312P416,5.48,0.0,0.0,0.0,1,4.36,4.5,1,5.48,4.64,0.0,0.0,0.0,0.0,47
2023-05-10 21:46:44,au2312P416,au2312P416,5.48,0.0,0.0,0.0,1,4.36,4.48,1,5.48,4.64,0.0,0.0,0.0,0.0,47
2023-05-10 21:46:47,au2312P416,au2312P416,5.48,0.0,0.0,0.0,1,4.32,4.48,1,5.48,4.64,0.0,0.0,0.0,0.0,47
2023-05-10 21:46:49,au2312P416,au2312P416,5.48,0.0,0.0,0.0,1,4.34,4.48,1,5.48,4.64,0.0,0.0,0.0,0.0,47
2023-05-10 21:47:06,au2312P416,au2312P416,5.48,0.0,0.0,0.0,1,4.32,4.48,1,5.48,4.64,0.0,0.0,0.0,0.0,47
2023-05-10 21:47:11,au2312P416,au2312P416,5.48,0.0,0.0,0.0,1,4.32,4.46,1,5.48,4.64,0.0,0.0,0.0,0.0,47
2023-05-10 21:47:20,au2312P416,au2312P416,5.48,0.0,0.0,0.0,1,4.32,4.44,1,5.48,4.64,0.0,0.0,0.0,0.0,47
2023-05-10 21:48:03,au2312P416,au2312P416,5.48,0.0,0.0,0.0,1,4.28,4.44,1,5.48,4.64,0.0,0.0,0.0,0.0,47
2023-05-10 21:48:05,au2312P416,au2312P416,5.48,0.0,0.0,0.0,1,4.3,4.44,1,5.48,4.64,0.0,0.0,0.0,0.0,47
2023-05-10 21:48:17,au2312P416,au2312P416,5.48,0.0,0.0,0.0,1,4.3,4.42,1,5.48,4.64,0.0,0.0,0.0,0.0,47
2023-05-10 21:48:50,au2312P416,au2312P416,5.48,0.0,0.0,0.0,1,4.3,4.44,1,5.48,4.64,0.0,0.0,0.0,0.0,47
2023-05-10 21:48:55,au2312P416,au2312P416,5.48,0.0,0.0,0.0,1,4.32,4.44,1,5.48,4.64,0.0,0.0,0.0,0.0,47
2023-05-10 21:49:48,au2312P416,au2312P416,5.48,0.0,0.0,0.0,1,4.32,4.48,1,5.48,4.64,0.0,0.0,0.0,0.0,47
2023-05-10 21:49:50,au2312P416,au2312P416,5.48,0.0,0.0,0.0,1,4.32,4.46,1,5.48,4.64,0.0,0.0,0.0,0.0,47
2023-05-10 21:50:08,au2312P416,au2312P416,5.48,0.0,0.0,0.0,1,4.34,4.46,1,5.48,4.64,0.0,0.0,0.0,0.0,47
2023-05-10 21:50:41,au2312P416,au2312P416,5.48,0.0,0.0,0.0,1,4.32,4.46,1,5.48,4.64,0.0,0.0,0.0,0.0,47
2023-05-10 21:50:46,au2312P416,au2312P416,5.48,0.0,0.0,0.0,1,4.32,4.44,1,5.48,4.64,0.0,0.0,0.0,0.0,47
2023-05-10 21:51:51,au2312P416,au2312P416,5.48,0.0,0.0,0.0,1,4.32,4.46,1,5.48,4.64,0.0,0.0,0.0,0.0,47
2023-05-10 21:52:49,au2312P416,au2312P416,5.48,0.0,0.0,0.0,1,4.34,4.46,1,5.48,4.64,0.0,0.0,0.0,0.0,47
2023-05-10 21:52:53,au2312P416,au2312P416,5.48,0.0,0.0,0.0,1,4.34,4.5,1,5.48,4.64,0.0,0.0,0.0,0.0,47
2023-05-10 21:52:55,au2312P416,au2312P416,5.48,0.0,0.0,0.0,1,4.34,4.48,1,5.48,4.64,0.0,0.0,0.0,0.0,47
2023-05-10 21:53:17,au2312P416,au2312P416,5.48,0.0,0.0,0.0,1,4.34,4.46,1,5.48,4.64,0.0,0.0,0.0,0.0,47
2023-05-10 21:53:24,au2312P416,au2312P416,5.48,0.0,0.0,0.0,1,4.32,4.46,1,5.48,4.64,0.0,0.0,0.0,0.0,47
2023-05-10 21:54:04,au2312P416,au2312P416,5.48,0.0,0.0,0.0,1,4.32,4.44,1,5.48,4.64,0.0,0.0,0.0,0.0,47
2023-05-10 21:55:11,au2312P416,au2312P416,5.48,0.0,0.0,0.0,1,4.32,4.46,1,5.48,4.64,0.0,0.0,0.0,0.0,47
2023-05-10 21:58:47,au2312P416,au2312P416,5.48,0.0,0.0,0.0,1,4.34,4.46,1,5.48,4.64,0.0,0.0,0.0,0.0,47
2023-05-10 22:00:03,au2312P416,au2312P416,5.48,0.0,0.0,0.0,1,4.34,4.98,1,5.48,4.64,0.0,0.0,0.0,0.0,47
2023-05-10 22:00:03,au2312P416,au2312P416,5.48,0.0,0.0,0.0,1,4.34,4.48,1,5.48,4.64,0.0,0.0,0.0,0.0,47
2023-05-10 22:00:06,au2312P416,au2312P416,5.48,0.0,0.0,0.0,1,4.36,4.48,1,5.48,4.64,0.0,0.0,0.0,0.0,47
2023-05-10 22:00:24,au2312P416,au2312P416,5.48,0.0,0.0,0.0,1,4.36,4.52,1,5.48,4.64,0.0,0.0,0.0,0.0,47
2023-05-10 22:00:31,au2312P416,au2312P416,5.48,0.0,0.0,0.0,1,4.36,4.5,1,5.48,4.64,0.0,0.0,0.0,0.0,47
2023-05-10 22:00:50,au2312P416,au2312P416,5.48,0.0,0.0,0.0,1,4.38,4.5,1,5.48,4.64,0.0,0.0,0.0,0.0,47
2023-05-10 22:02:21,au2312P416,au2312P416,5.48,0.0,0.0,0.0,1,4.36,4.5,1,5.48,4.64,0.0,0.0,0.0,0.0,47
2023-05-10 22:02:24,au2312P416,au2312P416,5.48,0.0,0.0,0.0,1,4.36,4.48,1,5.48,4.64,0.0,0.0,0.0,0.0,47
2023-05-10 22:02:58,au2312P416,au2312P416,5.48,0.0,0.0,0.0,1,4.32,4.48,1,5.48,4.64,0.0,0.0,0.0,0.0,47
2023-05-10 22:03:08,au2312P416,au2312P416,5.48,0.0,0.0,0.0,1,4.34,4.48,1,5.48,4.64,0.0,0.0,0.0,0.0,47
2023-05-10 22:04:07,au2312P416,au2312P416,5.48,0.0,0.0,0.0,1,4.36,4.48,1,5.48,4.64,0.0,0.0,0.0,0.0,47
2023-05-10 22:04:16,au2312P416,au2312P416,5.48,0.0,0.0,0.0,1,4.36,4.5,1,5.48,4.64,0.0,0.0,0.0,0.0,47
2023-05-10 22:05:19,au2312P416,au2312P416,5.48,0.0,0.0,0.0,1,4.36,4.48,1,5.48,4.64,0.0,0.0,0.0,0.0,47
2023-05-10 22:06:05,au2312P416,au2312P416,5.48,0.0,0.0,0.0,1,4.34,4.48,1,5.48,4.64,0.0,0.0,0.0,0.0,47
2023-05-10 22:07:07,au2312P416,au2312P416,5.48,0.0,0.0,0.0,1,4.36,4.48,1,5.48,4.64,0.0,0.0,0.0,0.0,47
2023-05-10 22:09:02,au2312P416,au2312P416,5.48,0.0,0.0,0.0,1,4.36,4.5,1,5.48,4.64,0.0,0.0,0.0,0.0,47
2023-05-10 22:09:12,au2312P416,au2312P416,5.48,0.0,0.0,0.0,1,4.38,4.5,1,5.48,4.64,0.0,0.0,0.0,0.0,47
2023-05-10 22:09:59,au2312P416,au2312P416,5.48,0.0,0.0,0.0,1,4.38,4.5,1,5.48,4.64,0.0,0.0,0.0,0.0,47
2023-05-10 22:10:00,au2312P416,au2312P416,5.48,0.0,0.0,0.0,1,4.38,4.5,1,5.48,4.64,0.0,0.0,0.0,0.0,47
2023-05-10 22:11:02,au2312P416,au2312P416,5.48,0.0,0.0,0.0,1,4.38,13.58,1,5.48,4.64,0.0,0.0,0.0,0.0,47
2023-05-10 22:11:03,au2312P416,au2312P416,5.48,0.0,0.0,0.0,1,4.38,13.36,1,5.48,4.64,0.0,0.0,0.0,0.0,47
2023-05-10 22:11:03,au2312P416,au2312P416,5.48,0.0,0.0,0.0,1,4.38,4.52,1,5.48,4.64,0.0,0.0,0.0,0.0,47
2023-05-10 22:11:04,au2312P416,au2312P416,5.48,0.0,0.0,0.0,1,4.38,4.52,1,5.48,4.64,0.0,0.0,0.0,0.0,47
2023-05-10 22:11:30,au2312P416,au2312P416,5.48,0.0,0.0,0.0,1,4.38,4.5,1,5.48,4.64,0.0,0.0,0.0,0.0,47
2023-05-10 22:12:06,au2312P416,au2312P416,5.48,0.0,0.0,0.0,1,4.38,4.52,1,5.48,4.64,0.0,0.0,0.0,0.0,47
2023-05-10 22:12:20,au2312P416,au2312P416,5.48,0.0,0.0,0.0,1,4.4,4.52,1,5.48,4.64,0.0,0.0,0.0,0.0,47
2023-05-10 22:13:04,au2312P416,au2312P416,5.48,0.0,0.0,0.0,1,4.4,9.6,1,5.48,4.64,0.0,0.0,0.0,0.0,47
2023-05-10 22:13:05,au2312P416,au2312P416,5.48,0.0,0.0,0.0,1,4.4,9.38,1,5.48,4.64,0.0,0.0,0.0,0.0,47
2023-05-10 22:13:05,au2312P416,au2312P416,5.48,0.0,0.0,0.0,1,4.4,4.56,1,5.48,4.64,0.0,0.0,0.0,0.0,47
2023-05-10 22:13:06,au2312P416,au2312P416,5.48,0.0,0.0,0.0,1,4.4,4.56,1,5.48,4.64,0.0,0.0,0.0,0.0,47
2023-05-10 22:13:09,au2312P416,au2312P416,5.48,0.0,0.0,0.0,1,4.4,4.54,1,5.48,4.64,0.0,0.0,0.0,0.0,47
2023-05-10 22:13:29,au2312P416,au2312P416,5.48,0.0,0.0,0.0,1,4.4,4.52,1,5.48,4.64,0.0,0.0,0.0,0.0,47
2023-05-10 22:14:09,au2312P416,au2312P416,5.48,0.0,0.0,0.0,1,4.38,4.52,1,5.48,4.64,0.0,0.0,0.0,0.0,47
2023-05-10 22:14:54,au2312P416,au2312P416,5.48,0.0,0.0,0.0,1,4.4,4.52,1,5.48,4.64,0.0,0.0,0.0,0.0,47
2023-05-10 22:16:00,au2312P416,au2312P416,5.48,0.0,0.0,0.0,1,4.4,4.54,1,5.48,4.64,0.0,0.0,0.0,0.0,47
2023-05-10 22:16:03,au2312P416,au2312P416,5.48,0.0,0.0,0.0,1,4.42,5.62,1,5.48,4.64,0.0,0.0,0.0,0.0,47
2023-05-10 22:16:05,au2312P416,au2312P416,5.48,0.0,0.0,0.0,1,4.42,4.56,1,5.48,4.64,0.0,0.0,0.0,0.0,47
2023-05-10 22:16:26,au2312P416,au2312P416,5.48,0.0,0.0,0.0,1,4.42,4.54,1,5.48,4.64,0.0,0.0,0.0,0.0,47
2023-05-10 22:18:06,au2312P416,au2312P416,5.48,0.0,0.0,0.0,1,4.4,4.54,1,5.48,4.64,0.0,0.0,0.0,0.0,47
2023-05-10 22:18:12,au2312P416,au2312P416,5.48,0.0,0.0,0.0,1,4.4,4.52,1,5.48,4.64,0.0,0.0,0.0,0.0,47
2023-05-10 22:20:50,au2312P416,au2312P416,5.48,0.0,0.0,0.0,1,4.4,4.54,1,5.48,4.64,0.0,0.0,0.0,0.0,47
2023-05-10 22:21:03,au2312P416,au2312P416,5.48,0.0,0.0,0.0,1,4.42,4.54,1,5.48,4.64,0.0,0.0,0.0,0.0,47
2023-05-10 22:21:11,au2312P416,au2312P416,5.48,0.0,0.0,0.0,1,4.42,4.56,1,5.48,4.64,0.0,0.0,0.0,0.0,47
2023-05-10 22:21:19,au2312P416,au2312P416,5.48,0.0,0.0,0.0,1,4.44,4.56,1,5.48,4.64,0.0,0.0,0.0,0.0,47
2023-05-10 22:23:13,au2312P416,au2312P416,5.48,0.0,0.0,0.0,1,4.44,4.6,1,5.48,4.64,0.0,0.0,0.0,0.0,47
2023-05-10 22:23:14,au2312P416,au2312P416,5.48,0.0,0.0,0.0,1,4.44,4.58,1,5.48,4.64,0.0,0.0,0.0,0.0,47
2023-05-10 22:24:55,au2312P416,au2312P416,5.48,0.0,0.0,0.0,1,4.44,4.56,1,5.48,4.64,0.0,0.0,0.0,0.0,47
2023-05-10 22:26:44,au2312P416,au2312P416,5.48,0.0,0.0,0.0,1,4.44,4.58,1,5.48,4.64,0.0,0.0,0.0,0.0,47
2023-05-10 22:30:27,au2312P416,au2312P416,5.48,0.0,0.0,0.0,1,4.46,4.58,1,5.48,4.64,0.0,0.0,0.0,0.0,47
2023-05-10 22:31:01,au2312P416,au2312P416,5.48,0.0,0.0,0.0,1,4.44,4.58,1,5.48,4.64,0.0,0.0,0.0,0.0,47
2023-05-10 22:31:03,au2312P416,au2312P416,5.48,0.0,0.0,0.0,1,4.44,4.56,1,5.48,4.64,0.0,0.0,0.0,0.0,47
2023-05-10 22:32:52,au2312P416,au2312P416,5.48,0.0,0.0,0.0,1,4.44,4.58,1,5.48,4.64,0.0,0.0,0.0,0.0,47
2023-05-10 22:33:06,au2312P416,au2312P416,5.48,0.0,0.0,0.0,1,4.46,4.58,1,5.48,4.64,0.0,0.0,0.0,0.0,47
2023-05-10 22:33:20,au2312P416,au2312P416,5.48,0.0,0.0,0.0,1,4.46,5.62,1,5.48,4.64,0.0,0.0,0.0,0.0,47
2023-05-10 22:33:23,au2312P416,au2312P416,5.48,0.0,0.0,0.0,1,4.46,4.58,1,5.48,4.64,0.0,0.0,0.0,0.0,47
2023-05-10 22:33:25,au2312P416,au2312P416,5.48,0.0,0.0,0.0,1,4.44,4.58,1,5.48,4.64,0.0,0.0,0.0,0.0,47
2023-05-10 22:34:15,au2312P416,au2312P416,5.48,0.0,0.0,0.0,1,4.44,5.62,1,5.48,4.64,0.0,0.0,0.0,0.0,47
2023-05-10 22:34:16,au2312P416,au2312P416,5.48,0.0,0.0,0.0,1,4.46,4.62,1,5.48,4.64,0.0,0.0,0.0,0.0,47
2023-05-10 22:34:18,au2312P416,au2312P416,5.48,0.0,0.0,0.0,1,4.46,4.6,1,5.48,4.64,0.0,0.0,0.0,0.0,47
2023-05-10 22:34:19,au2312P416,au2312P416,5.48,0.0,0.0,0.0,1,4.44,4.6,1,5.48,4.64,0.0,0.0,0.0,0.0,47
2023-05-10 22:34:20,au2312P416,au2312P416,5.48,0.0,0.0,0.0,1,4.44,4.58,1,5.48,4.64,0.0,0.0,0.0,0.0,47
2023-05-10 22:34:44,au2312P416,au2312P416,5.48,0.0,0.0,0.0,1,4.44,4.56,1,5.48,4.64,0.0,0.0,0.0,0.0,47
2023-05-10 22:35:31,au2312P416,au2312P416,5.48,0.0,0.0,0.0,1,4.4,4.56,1,5.48,4.64,0.0,0.0,0.0,0.0,47
2023-05-10 22:35:44,au2312P416,au2312P416,5.48,0.0,0.0,0.0,1,4.42,4.56,1,5.48,4.64,0.0,0.0,0.0,0.0,47
2023-05-10 22:35:58,au2312P416,au2312P416,5.48,0.0,0.0,0.0,1,4.44,4.56,1,5.48,4.64,0.0,0.0,0.0,0.0,47
2023-05-10 22:36:59,au2312P416,au2312P416,5.48,0.0,0.0,0.0,1,4.42,4.56,1,5.48,4.64,0.0,0.0,0.0,0.0,47
2023-05-10 22:37:18,au2312P416,au2312P416,5.48,0.0,0.0,0.0,1,4.42,4.54,1,5.48,4.64,0.0,0.0,0.0,0.0,47
2023-05-10 22:37:57,au2312P416,au2312P416,5.48,0.0,0.0,0.0,1,4.42,4.56,1,5.48,4.64,0.0,0.0,0.0,0.0,47
2023-05-10 22:38:36,au2312P416,au2312P416,5.48,0.0,0.0,0.0,1,4.42,5.62,1,5.48,4.64,0.0,0.0,0.0,0.0,47
2023-05-10 22:38:40,au2312P416,au2312P416,5.48,0.0,0.0,0.0,1,4.48,4.62,1,5.48,4.64,0.0,0.0,0.0,0.0,47
2023-05-10 22:39:20,au2312P416,au2312P416,5.48,0.0,0.0,0.0,1,4.48,4.6,1,5.48,4.64,0.0,0.0,0.0,0.0,47
2023-05-10 22:41:03,au2312P416,au2312P416,5.48,0.0,0.0,0.0,1,4.48,4.62,1,5.48,4.64,0.0,0.0,0.0,0.0,47
2023-05-10 22:41:19,au2312P416,au2312P416,5.48,0.0,0.0,0.0,1,4.5,4.62,1,5.48,4.64,0.0,0.0,0.0,0.0,47
2023-05-10 22:41:22,au2312P416,au2312P416,5.48,0.0,0.0,0.0,1,4.5,5.62,1,5.48,4.64,0.0,0.0,0.0,0.0,47
2023-05-10 22:41:23,au2312P416,au2312P416,5.48,0.0,0.0,0.0,1,4.5,4.66,1,5.48,4.64,0.0,0.0,0.0,0.0,47
2023-05-10 22:41:26,au2312P416,au2312P416,5.48,0.0,0.0,0.0,1,4.5,4.64,1,5.48,4.64,0.0,0.0,0.0,0.0,47
2023-05-10 22:41:46,au2312P416,au2312P416,5.48,0.0,0.0,0.0,1,4.52,4.64,1,5.48,4.64,0.0,0.0,0.0,0.0,47
2023-05-10 22:43:22,au2312P416,au2312P416,5.48,0.0,0.0,0.0,1,4.5,4.64,1,5.48,4.64,0.0,0.0,0.0,0.0,47
2023-05-10 22:43:25,au2312P416,au2312P416,5.48,0.0,0.0,0.0,1,4.5,4.62,1,5.48,4.64,0.0,0.0,0.0,0.0,47
2023-05-10 22:43:41,au2312P416,au2312P416,5.48,0.0,0.0,0.0,1,4.5,4.64,1,5.48,4.64,0.0,0.0,0.0,0.0,47
2023-05-10 22:43:51,au2312P416,au2312P416,5.48,0.0,0.0,0.0,1,4.52,4.64,1,5.48,4.64,0.0,0.0,0.0,0.0,47
2023-05-10 22:44:00,au2312P416,au2312P416,5.48,0.0,0.0,0.0,1,4.52,5.62,1,5.48,4.64,0.0,0.0,0.0,0.0,47
2023-05-10 22:44:01,au2312P416,au2312P416,5.48,0.0,0.0,0.0,1,4.52,4.66,1,5.48,4.64,0.0,0.0,0.0,0.0,47
2023-05-10 22:45:56,au2312P416,au2312P416,5.48,0.0,0.0,0.0,1,4.52,4.64,1,5.48,4.64,0.0,0.0,0.0,0.0,47
2023-05-10 22:46:07,au2312P416,au2312P416,5.48,0.0,0.0,0.0,1,4.5,4.64,1,5.48,4.64,0.0,0.0,0.0,0.0,47
2023-05-10 22:46:08,au2312P416,au2312P416,5.48,0.0,0.0,0.0,1,3.96,4.64,1,5.48,4.64,0.0,0.0,0.0,0.0,47
2023-05-10 22:46:10,au2312P416,au2312P416,5.48,0.0,0.0,0.0,1,4.46,4.62,1,5.48,4.64,0.0,0.0,0.0,0.0,47
2023-05-10 22:46:11,au2312P416,au2312P416,5.48,0.0,0.0,0.0,1,4.48,4.62,1,5.48,4.64,0.0,0.0,0.0,0.0,47
2023-05-10 22:46:37,au2312P416,au2312P416,5.48,0.0,0.0,0.0,1,4.48,4.6,1,5.48,4.64,0.0,0.0,0.0,0.0,47
2023-05-10 22:48:08,au2312P416,au2312P416,5.48,0.0,0.0,0.0,1,4.48,4.62,1,5.48,4.64,0.0,0.0,0.0,0.0,47
2023-05-10 22:50:01,au2312P416,au2312P416,5.48,0.0,0.0,0.0,1,4.48,4.6,1,5.48,4.64,0.0,0.0,0.0,0.0,47
2023-05-10 22:51:19,au2312P416,au2312P416,5.48,0.0,0.0,0.0,1,4.46,4.6,1,5.48,4.64,0.0,0.0,0.0,0.0,47
2023-05-10 22:52:20,au2312P416,au2312P416,5.48,0.0,0.0,0.0,1,4.48,4.6,1,5.48,4.64,0.0,0.0,0.0,0.0,47
2023-05-10 22:52:51,au2312P416,au2312P416,5.48,0.0,0.0,0.0,1,4.48,4.62,1,5.48,4.64,0.0,0.0,0.0,0.0,47
2023-05-10 22:52:54,au2312P416,au2312P416,5.48,0.0,0.0,0.0,1,4.5,4.62,1,5.48,4.64,0.0,0.0,0.0,0.0,47
2023-05-10 22:53:46,au2312P416,au2312P416,5.48,0.0,0.0,0.0,1,4.5,4.66,1,5.48,4.64,0.0,0.0,0.0,0.0,47
2023-05-10 22:54:02,au2312P416,au2312P416,5.48,0.0,0.0,0.0,1,4.52,4.66,1,5.48,4.64,0.0,0.0,0.0,0.0,47
2023-05-10 22:55:20,au2312P416,au2312P416,5.48,0.0,0.0,0.0,1,4.54,4.66,1,5.48,4.64,0.0,0.0,0.0,0.0,47
2023-05-10 22:55:28,au2312P416,au2312P416,5.48,0.0,0.0,0.0,1,4.54,4.7,1,5.48,4.64,0.0,0.0,0.0,0.0,47
2023-05-10 22:55:30,au2312P416,au2312P416,5.48,0.0,0.0,0.0,1,4.54,4.68,1,5.48,4.64,0.0,0.0,0.0,0.0,47
2023-05-10 22:57:33,au2312P416,au2312P416,5.48,0.0,0.0,0.0,1,4.54,4.68,1,5.48,4.64,0.0,0.0,0.0,0.0,47
2023-05-10 22:57:36,au2312P416,au2312P416,5.48,0.0,0.0,0.0,1,4.54,4.66,1,5.48,4.64,0.0,0.0,0.0,0.0,47
2023-05-10 22:59:16,au2312P416,au2312P416,5.48,0.0,0.0,0.0,1,4.54,4.68,1,5.48,4.64,0.0,0.0,0.0,0.0,47
2023-05-10 22:59:27,au2312P416,au2312P416,5.48,0.0,0.0,0.0,1,4.56,4.68,1,5.48,4.64,0.0,0.0,0.0,0.0,47
2023-05-10 22:59:49,au2312P416,au2312P416,5.48,0.0,0.0,0.0,1,4.54,4.68,1,5.48,4.64,0.0,0.0,0.0,0.0,47
2023-05-10 23:01:35,au2312P416,au2312P416,5.48,0.0,0.0,0.0,1,4.54,4.66,1,5.48,4.64,0.0,0.0,0.0,0.0,47
2023-05-10 23:03:11,au2312P416,au2312P416,5.48,0.0,0.0,0.0,1,3.96,4.66,1,5.48,4.64,0.0,0.0,0.0,0.0,47
2023-05-10 23:03:11,au2312P416,au2312P416,5.48,0.0,0.0,0.0,1,3.98,4.66,1,5.48,4.64,0.0,0.0,0.0,0.0,47
2023-05-10 23:03:12,au2312P416,au2312P416,5.48,0.0,0.0,0.0,1,4.5,4.66,1,5.48,4.64,0.0,0.0,0.0,0.0,47
2023-05-10 23:03:13,au2312P416,au2312P416,5.48,0.0,0.0,0.0,1,4.5,4.66,1,5.48,4.64,0.0,0.0,0.0,0.0,47
2023-05-10 23:03:19,au2312P416,au2312P416,5.48,0.0,0.0,0.0,1,4.52,4.66,1,5.48,4.64,0.0,0.0,0.0,0.0,47
2023-05-10 23:03:31,au2312P416,au2312P416,5.48,0.0,0.0,0.0,1,4.52,4.64,1,5.48,4.64,0.0,0.0,0.0,0.0,47
2023-05-10 23:04:19,au2312P416,au2312P416,5.48,0.0,0.0,0.0,1,4.52,4.66,1,5.48,4.64,0.0,0.0,0.0,0.0,47
2023-05-10 23:04:46,au2312P416,au2312P416,5.48,0.0,0.0,0.0,1,4.54,4.66,1,5.48,4.64,0.0,0.0,0.0,0.0,47
2023-05-10 23:05:00,au2312P416,au2312P416,5.48,0.0,0.0,0.0,1,4.54,5.62,1,5.48,4.64,0.0,0.0,0.0,0.0,47
2023-05-10 23:05:01,au2312P416,au2312P416,5.48,0.0,0.0,0.0,1,4.54,4.68,1,5.48,4.64,0.0,0.0,0.0,0.0,47
2023-05-10 23:05:07,au2312P416,au2312P416,5.48,0.0,0.0,0.0,1,4.54,5.62,1,5.48,4.64,0.0,0.0,0.0,0.0,47
2023-05-10 23:05:08,au2312P416,au2312P416,5.48,0.0,0.0,0.0,1,4.54,4.72,1,5.48,4.64,0.0,0.0,0.0,0.0,47
2023-05-10 23:05:09,au2312P416,au2312P416,5.48,0.0,0.0,0.0,1,4.56,4.72,1,5.48,4.64,0.0,0.0,0.0,0.0,47
2023-05-10 23:05:12,au2312P416,au2312P416,5.48,0.0,0.0,0.0,1,4.56,4.7,1,5.48,4.64,0.0,0.0,0.0,0.0,47
2023-05-10 23:07:54,au2312P416,au2312P416,5.48,0.0,0.0,0.0,1,4.58,4.7,1,5.48,4.64,0.0,0.0,0.0,0.0,47
2023-05-10 23:09:14,au2312P416,au2312P416,5.48,0.0,0.0,0.0,1,4.58,4.72,1,5.48,4.64,0.0,0.0,0.0,0.0,47
2023-05-10 23:09:16,au2312P416,au2312P416,5.48,0.0,0.0,0.0,1,4.6,4.72,1,5.48,4.64,0.0,0.0,0.0,0.0,47
2023-05-10 23:09:27,au2312P416,au2312P416,5.48,0.0,0.0,0.0,1,4.6,5.62,1,5.48,4.64,0.0,0.0,0.0,0.0,47
2023-05-10 23:09:30,au2312P416,au2312P416,5.48,0.0,0.0,0.0,1,4.6,4.76,1,5.48,4.64,0.0,0.0,0.0,0.0,47
2023-05-10 23:09:31,au2312P416,au2312P416,5.48,0.0,0.0,0.0,1,4.62,4.76,1,5.48,4.64,0.0,0.0,0.0,0.0,47
2023-05-10 23:09:41,au2312P416,au2312P416,5.48,0.0,0.0,0.0,1,4.64,4.78,1,5.48,4.64,0.0,0.0,0.0,0.0,47
2023-05-10 23:09:50,au2312P416,au2312P416,5.48,0.0,0.0,0.0,1,4.64,4.76,1,5.48,4.64,0.0,0.0,0.0,0.0,47
2023-05-10 23:10:01,au2312P416,au2312P416,5.48,0.0,0.0,0.0,1,4.64,4.78,1,5.48,4.64,0.0,0.0,0.0,0.0,47
2023-05-10 23:10:09,au2312P416,au2312P416,5.48,0.0,0.0,0.0,1,4.66,4.78,1,5.48,4.64,0.0,0.0,0.0,0.0,47
2023-05-10 23:10:12,au2312P416,au2312P416,5.48,0.0,0.0,0.0,1,4.66,4.82,1,5.48,4.64,0.0,0.0,0.0,0.0,47
2023-05-10 23:10:13,au2312P416,au2312P416,5.48,0.0,0.0,0.0,1,4.66,4.8,1,5.48,4.64,0.0,0.0,0.0,0.0,47
2023-05-10 23:10:18,au2312P416,au2312P416,5.48,0.0,0.0,0.0,1,4.66,4.82,1,5.48,4.64,0.0,0.0,0.0,0.0,47
2023-05-10 23:10:20,au2312P416,au2312P416,5.48,0.0,0.0,0.0,1,4.66,5.62,1,5.48,4.64,0.0,0.0,0.0,0.0,47
2023-05-10 23:10:21,au2312P416,au2312P416,5.48,0.0,0.0,0.0,1,4.7,4.84,1,5.48,4.64,0.0,0.0,0.0,0.0,47
2023-05-10 23:10:22,au2312P416,au2312P416,5.48,0.0,0.0,0.0,1,4.66,4.84,1,5.48,4.64,0.0,0.0,0.0,0.0,47
2023-05-10 23:10:23,au2312P416,au2312P416,5.48,0.0,0.0,0.0,1,4.68,4.82,1,5.48,4.64,0.0,0.0,0.0,0.0,47
2023-05-10 23:11:00,au2312P416,au2312P416,5.48,0.0,0.0,0.0,1,4.7,4.82,1,5.48,4.64,0.0,0.0,0.0,0.0,47
2023-05-10 23:11:09,au2312P416,au2312P416,5.48,0.0,0.0,0.0,1,4.68,4.82,1,5.48,4.64,0.0,0.0,0.0,0.0,47
2023-05-10 23:11:19,au2312P416,au2312P416,5.48,0.0,0.0,0.0,1,4.68,4.8,1,5.48,4.64,0.0,0.0,0.0,0.0,47
2023-05-10 23:11:44,au2312P416,au2312P416,5.48,0.0,0.0,0.0,1,4.68,4.82,1,5.48,4.64,0.0,0.0,0.0,0.0,47
2023-05-10 23:12:09,au2312P416,au2312P416,5.48,0.0,0.0,0.0,1,4.7,4.82,1,5.48,4.64,0.0,0.0,0.0,0.0,47
2023-05-10 23:12:10,au2312P416,au2312P416,5.48,0.0,0.0,0.0,1,4.7,5.62,1,5.48,4.64,0.0,0.0,0.0,0.0,47
2023-05-10 23:12:13,au2312P416,au2312P416,5.48,0.0,0.0,0.0,1,4.72,4.88,1,5.48,4.64,0.0,0.0,0.0,0.0,47
2023-05-10 23:12:14,au2312P416,au2312P416,5.48,0.0,0.0,0.0,1,4.72,4.86,1,5.48,4.64,0.0,0.0,0.0,0.0,47
2023-05-10 23:12:18,au2312P416,au2312P416,5.48,0.0,0.0,0.0,1,4.72,4.84,1,5.48,4.64,0.0,0.0,0.0,0.0,47
2023-05-10 23:12:47,au2312P416,au2312P416,5.48,0.0,0.0,0.0,1,4.72,4.86,1,5.48,4.64,0.0,0.0,0.0,0.0,47
2023-05-10 23:12:48,au2312P416,au2312P416,5.48,0.0,0.0,0.0,1,4.74,4.86,1,5.48,4.64,0.0,0.0,0.0,0.0,47
2023-05-10 23:12:51,au2312P416,au2312P416,5.48,0.0,0.0,0.0,1,4.74,4.9,1,5.48,4.64,0.0,0.0,0.0,0.0,47
2023-05-10 23:12:55,au2312P416,au2312P416,5.48,0.0,0.0,0.0,1,4.76,4.9,1,5.48,4.64,0.0,0.0,0.0,0.0,47
2023-05-10 23:13:04,au2312P416,au2312P416,5.48,0.0,0.0,0.0,1,4.76,4.88,1,5.48,4.64,0.0,0.0,0.0,0.0,47
2023-05-10 23:13:06,au2312P416,au2312P416,5.48,0.0,0.0,0.0,1,4.74,4.88,1,5.48,4.64,0.0,0.0,0.0,0.0,47
2023-05-10 23:13:08,au2312P416,au2312P416,5.48,0.0,0.0,0.0,1,4.74,4.88,1,5.48,4.64,0.0,0.0,0.0,0.0,47
2023-05-10 23:13:10,au2312P416,au2312P416,5.48,0.0,0.0,0.0,1,4.74,4.86,1,5.48,4.64,0.0,0.0,0.0,0.0,47
2023-05-10 23:14:09,au2312P416,au2312P416,5.48,0.0,0.0,0.0,1,3.96,4.86,1,5.48,4.64,0.0,0.0,0.0,0.0,47
2023-05-10 23:14:10,au2312P416,au2312P416,5.48,0.0,0.0,0.0,1,3.98,4.86,1,5.48,4.64,0.0,0.0,0.0,0.0,47
2023-05-10 23:14:10,au2312P416,au2312P416,5.48,0.0,0.0,0.0,1,4.72,4.86,1,5.48,4.64,0.0,0.0,0.0,0.0,47
2023-05-10 23:14:11,au2312P416,au2312P416,5.48,0.0,0.0,0.0,1,4.72,4.86,1,5.48,4.64,0.0,0.0,0.0,0.0,47
2023-05-10 23:14:27,au2312P416,au2312P416,5.48,0.0,0.0,0.0,1,4.72,4.84,1,5.48,4.64,0.0,0.0,0.0,0.0,47
2023-05-10 23:14:28,au2312P416,au2312P416,5.48,0.0,0.0,0.0,1,4.36,4.84,1,5.48,4.64,0.0,0.0,0.0,0.0,47
2023-05-10 23:14:29,au2312P416,au2312P416,5.48,0.0,0.0,0.0,1,4.7,4.84,1,5.48,4.64,0.0,0.0,0.0,0.0,47
2023-05-10 23:14:42,au2312P416,au2312P416,5.48,0.0,0.0,0.0,1,4.72,4.84,1,5.48,4.64,0.0,0.0,0.0,0.0,47
2023-05-10 23:14:48,au2312P416,au2312P416,5.48,0.0,0.0,0.0,1,4.7,4.84,1,5.48,4.64,0.0,0.0,0.0,0.0,47
2023-05-10 23:16:22,au2312P416,au2312P416,5.48,0.0,0.0,0.0,1,4.72,4.84,1,5.48,4.64,0.0,0.0,0.0,0.0,47
2023-05-10 23:17:07,au2312P416,au2312P416,5.48,0.0,0.0,0.0,1,4.7,4.84,1,5.48,4.64,0.0,0.0,0.0,0.0,47
2023-05-10 23:17:50,au2312P416,au2312P416,5.48,0.0,0.0,0.0,1,4.36,4.84,1,5.48,4.64,0.0,0.0,0.0,0.0,47
2023-05-10 23:17:51,au2312P416,au2312P416,5.48,0.0,0.0,0.0,1,4.7,4.84,1,5.48,4.64,0.0,0.0,0.0,0.0,47
2023-05-10 23:17:53,au2312P416,au2312P416,5.48,0.0,0.0,0.0,1,4.7,4.82,1,5.48,4.64,0.0,0.0,0.0,0.0,47
2023-05-10 23:18:09,au2312P416,au2312P416,5.48,0.0,0.0,0.0,1,3.66,30.0,2,5.48,4.64,0.0,0.0,0.0,0.0,47
2023-05-10 23:18:09,au2312P416,au2312P416,5.48,0.0,0.0,0.0,1,3.68,29.94,1,5.48,4.64,0.0,0.0,0.0,0.0,47
2023-05-10 23:18:29,au2312P416,au2312P416,5.48,0.0,0.0,0.0,1,4.62,4.8,1,5.48,4.64,0.0,0.0,0.0,0.0,47
2023-05-10 23:18:30,au2312P416,au2312P416,5.48,0.0,0.0,0.0,1,4.62,4.8,1,5.48,4.64,0.0,0.0,0.0,0.0,47
2023-05-10 23:18:31,au2312P416,au2312P416,5.48,0.0,0.0,0.0,1,4.62,4.8,1,5.48,4.64,0.0,0.0,0.0,0.0,47
2023-05-10 23:18:34,au2312P416,au2312P416,5.48,0.0,0.0,0.0,1,4.64,4.8,1,5.48,4.64,0.0,0.0,0.0,0.0,47
2023-05-10 23:18:34,au2312P416,au2312P416,5.48,0.0,0.0,0.0,1,4.64,4.8,1,5.48,4.64,0.0,0.0,0.0,0.0,47
2023-05-10 23:18:53,au2312P416,au2312P416,5.48,0.0,0.0,0.0,1,4.64,4.78,1,5.48,4.64,0.0,0.0,0.0,0.0,47
2023-05-10 23:19:20,au2312P416,au2312P416,5.48,0.0,0.0,0.0,1,4.62,4.78,1,5.48,4.64,0.0,0.0,0.0,0.0,47
2023-05-10 23:20:29,au2312P416,au2312P416,5.48,0.0,0.0,0.0,1,4.62,4.76,1,5.48,4.64,0.0,0.0,0.0,0.0,47
2023-05-10 23:21:22,au2312P416,au2312P416,5.48,0.0,0.0,0.0,1,4.14,4.76,1,5.48,4.64,0.0,0.0,0.0,0.0,47
2023-05-10 23:21:23,au2312P416,au2312P416,5.48,0.0,0.0,0.0,1,4.16,4.76,1,5.48,4.64,0.0,0.0,0.0,0.0,47
2023-05-10 23:21:23,au2312P416,au2312P416,5.48,0.0,0.0,0.0,1,4.58,4.76,1,5.48,4.64,0.0,0.0,0.0,0.0,47
2023-05-10 23:21:24,au2312P416,au2312P416,5.48,0.0,0.0,0.0,1,4.58,4.76,1,5.48,4.64,0.0,0.0,0.0,0.0,47
2023-05-10 23:21:27,au2312P416,au2312P416,5.48,0.0,0.0,0.0,1,4.58,4.74,1,5.48,4.64,0.0,0.0,0.0,0.0,47
2023-05-10 23:25:54,au2312P416,au2312P416,5.48,0.0,0.0,0.0,1,4.14,13.84,1,5.48,4.64,0.0,0.0,0.0,0.0,47
2023-05-10 23:25:55,au2312P416,au2312P416,5.48,0.0,0.0,0.0,1,4.14,13.78,1,5.48,4.64,0.0,0.0,0.0,0.0,47
2023-05-10 23:25:57,au2312P416,au2312P416,5.48,0.0,0.0,0.0,1,4.14,10.02,1,5.48,4.64,0.0,0.0,0.0,0.0,47
2023-05-10 23:25:57,au2312P416,au2312P416,5.48,0.0,0.0,0.0,1,4.14,9.96,1,5.48,4.64,0.0,0.0,0.0,0.0,47
2023-05-10 23:25:58,au2312P416,au2312P416,5.48,0.0,0.0,0.0,1,4.14,6.2,1,5.48,4.64,0.0,0.0,0.0,0.0,47
2023-05-10 23:25:59,au2312P416,au2312P416,5.48,0.0,0.0,0.0,1,4.14,6.2,1,5.48,4.64,0.0,0.0,0.0,0.0,47
2023-05-10 23:26:28,au2312P416,au2312P416,5.48,0.0,0.0,0.0,1,3.66,30.0,2,5.48,4.64,0.0,0.0,0.0,0.0,47
2023-05-10 23:26:29,au2312P416,au2312P416,5.48,0.0,0.0,0.0,1,3.68,29.94,1,5.48,4.64,0.0,0.0,0.0,0.0,47
2023-05-10 23:27:10,au2312P416,au2312P416,5.48,0.0,0.0,0.0,1,4.56,4.72,1,5.48,4.64,0.0,0.0,0.0,0.0,47
2023-05-10 23:27:10,au2312P416,au2312P416,5.48,0.0,0.0,0.0,1,4.56,4.72,1,5.48,4.64,0.0,0.0,0.0,0.0,47
2023-05-10 23:27:14,au2312P416,au2312P416,5.48,0.0,0.0,0.0,1,4.56,4.72,1,5.48,4.64,0.0,0.0,0.0,0.0,47
2023-05-10 23:29:07,au2312P416,au2312P416,5.48,0.0,0.0,0.0,1,4.58,4.72,1,5.48,4.64,0.0,0.0,0.0,0.0,47
2023-05-10 23:29:10,au2312P416,au2312P416,5.48,0.0,0.0,0.0,1,4.58,4.76,1,5.48,4.64,0.0,0.0,0.0,0.0,47
2023-05-10 23:31:36,au2312P416,au2312P416,5.48,0.0,0.0,0.0,1,3.66,30.0,2,5.48,4.64,0.0,0.0,0.0,0.0,47
2023-05-10 23:31:37,au2312P416,au2312P416,5.48,0.0,0.0,0.0,1,3.68,29.94,1,5.48,4.64,0.0,0.0,0.0,0.0,47
2023-05-11 00:09:06,au2312P416,au2312P416,5.48,0.0,0.0,0.0,1,4.48,4.54,1,5.48,4.64,0.0,0.0,0.0,0.0,47
2023-05-11 00:09:07,au2312P416,au2312P416,5.48,0.0,0.0,0.0,1,4.48,4.54,1,5.48,4.64,0.0,0.0,0.0,0.0,47
2023-05-11 00:09:07,au2312P416,au2312P416,5.48,0.0,0.0,0.0,2,4.48,4.54,1,5.48,4.64,0.0,0.0,0.0,0.0,47
2023-05-11 00:09:09,au2312P416,au2312P416,5.48,0.0,0.0,0.0,3,4.48,4.54,1,5.48,4.64,0.0,0.0,0.0,0.0,47
2023-05-11 00:09:09,au2312P416,au2312P416,5.48,0.0,0.0,0.0,3,4.48,4.54,2,5.48,4.64,0.0,0.0,0.0,0.0,47
2023-05-11 00:09:11,au2312P416,au2312P416,4.64,1.0,4640.0,0.0,3,4.48,4.54,1,5.48,4.64,4.64,4.64,1.0,4640.0,47
2023-05-11 00:09:12,au2312P416,au2312P416,4.64,0.0,0.0,0.0,4,4.48,4.54,2,5.48,4.64,4.64,4.64,1.0,4640.0,47
2023-05-11 00:09:12,au2312P416,au2312P416,4.64,0.0,0.0,0.0,4,4.48,4.54,2,5.48,4.64,4.64,4.64,1.0,4640.0,47
2023-05-11 00:09:13,au2312P416,au2312P416,4.64,0.0,0.0,0.0,5,4.48,4.54,3,5.48,4.64,4.64,4.64,1.0,4640.0,47
2023-05-11 00:09:14,au2312P416,au2312P416,4.64,0.0,0.0,0.0,6,4.48,4.54,4,5.48,4.64,4.64,4.64,1.0,4640.0,47
2023-05-11 00:09:16,au2312P416,au2312P416,4.64,0.0,0.0,0.0,7,4.48,4.54,4,5.48,4.64,4.64,4.64,1.0,4640.0,47
2023-05-11 00:09:17,au2312P416,au2312P416,4.64,0.0,0.0,0.0,6,4.48,4.54,4,5.48,4.64,4.64,4.64,1.0,4640.0,47
2023-05-11 00:09:18,au2312P416,au2312P416,4.64,0.0,0.0,0.0,5,4.48,4.54,4,5.48,4.64,4.64,4.64,1.0,4640.0,47
2023-05-11 00:09:21,au2312P416,au2312P416,4.64,0.0,0.0,0.0,4,4.48,4.54,4,5.48,4.64,4.64,4.64,1.0,4640.0,47
2023-05-11 00:09:21,au2312P416,au2312P416,4.64,0.0,0.0,0.0,4,4.48,4.54,3,5.48,4.64,4.64,4.64,1.0,4640.0,47
2023-05-11 00:09:22,au2312P416,au2312P416,4.64,0.0,0.0,0.0,4,4.48,4.54,3,5.48,4.64,4.64,4.64,1.0,4640.0,47
2023-05-11 00:09:23,au2312P416,au2312P416,4.64,0.0,0.0,0.0,3,4.48,4.54,2,5.48,4.64,4.64,4.64,1.0,4640.0,47
2023-05-11 00:09:24,au2312P416,au2312P416,4.64,0.0,0.0,0.0,2,4.48,4.54,1,5.48,4.64,4.64,4.64,1.0,4640.0,47
2023-05-11 00:09:25,au2312P416,au2312P416,4.64,0.0,0.0,0.0,1,4.48,4.6,1,5.48,4.64,4.64,4.64,1.0,4640.0,47
2023-05-11 00:09:27,au2312P416,au2312P416,4.64,0.0,0.0,0.0,1,4.4,4.62,1,5.48,4.64,4.64,4.64,1.0,4640.0,47
2023-05-11 00:09:29,au2312P416,au2312P416,4.64,0.0,0.0,0.0,1,3.66,30.0,2,5.48,4.64,4.64,4.64,1.0,4640.0,47
2023-05-11 00:09:30,au2312P416,au2312P416,4.64,0.0,0.0,0.0,1,3.68,29.94,1,5.48,4.64,4.64,4.64,1.0,4640.0,47
2023-05-11 00:09:30,au2312P416,au2312P416,4.64,0.0,0.0,0.0,1,3.68,29.92,1,5.48,4.64,4.64,4.64,1.0,4640.0,47
2023-05-11 00:09:31,au2312P416,au2312P416,4.64,0.0,0.0,0.0,1,3.68,29.86,1,5.48,4.64,4.64,4.64,1.0,4640.0,47
2023-05-11 00:09:31,au2312P416,au2312P416,4.64,0.0,0.0,0.0,1,3.68,29.84,1,5.48,4.64,4.64,4.64,1.0,4640.0,47
2023-05-11 00:09:32,au2312P416,au2312P416,4.64,0.0,0.0,0.0,1,3.68,29.78,1,5.48,4.64,4.64,4.64,1.0,4640.0,47
2023-05-11 00:09:32,au2312P416,au2312P416,4.64,0.0,0.0,0.0,1,3.68,29.76,1,5.48,4.64,4.64,4.64,1.0,4640.0,47
2023-05-11 00:09:33,au2312P416,au2312P416,4.64,0.0,0.0,0.0,1,3.68,29.7,1,5.48,4.64,4.64,4.64,1.0,4640.0,47
2023-05-11 00:09:33,au2312P416,au2312P416,4.64,0.0,0.0,0.0,1,3.68,29.68,1,5.48,4.64,4.64,4.64,1.0,4640.0,47
2023-05-11 00:09:34,au2312P416,au2312P416,4.64,0.0,0.0,0.0,1,3.68,29.62,1,5.48,4.64,4.64,4.64,1.0,4640.0,47
2023-05-11 00:09:34,au2312P416,au2312P416,4.64,0.0,0.0,0.0,1,3.68,29.6,1,5.48,4.64,4.64,4.64,1.0,4640.0,47
2023-05-11 00:09:35,au2312P416,au2312P416,4.64,0.0,0.0,0.0,1,3.68,29.54,1,5.48,4.64,4.64,4.64,1.0,4640.0,47
2023-05-11 00:09:35,au2312P416,au2312P416,4.64,0.0,0.0,0.0,1,3.68,29.52,1,5.48,4.64,4.64,4.64,1.0,4640.0,47
2023-05-11 00:09:36,au2312P416,au2312P416,4.64,0.0,0.0,0.0,1,3.68,29.46,1,5.48,4.64,4.64,4.64,1.0,4640.0,47
2023-05-11 00:09:36,au2312P416,au2312P416,4.64,0.0,0.0,0.0,1,3.68,29.44,1,5.48,4.64,4.64,4.64,1.0,4640.0,47
2023-05-11 00:09:37,au2312P416,au2312P416,4.64,0.0,0.0,0.0,1,3.68,29.38,1,5.48,4.64,4.64,4.64,1.0,4640.0,47
2023-05-11 00:09:37,au2312P416,au2312P416,4.64,0.0,0.0,0.0,1,3.68,29.36,1,5.48,4.64,4.64,4.64,1.0,4640.0,47
2023-05-11 00:09:38,au2312P416,au2312P416,4.64,0.0,0.0,0.0,1,3.68,29.3,1,5.48,4.64,4.64,4.64,1.0,4640.0,47
2023-05-11 00:09:38,au2312P416,au2312P416,4.64,0.0,0.0,0.0,1,3.68,29.28,1,5.48,4.64,4.64,4.64,1.0,4640.0,47
2023-05-11 00:09:39,au2312P416,au2312P416,4.64,0.0,0.0,0.0,1,3.68,29.22,1,5.48,4.64,4.64,4.64,1.0,4640.0,47
2023-05-11 00:09:39,au2312P416,au2312P416,4.64,0.0,0.0,0.0,1,3.68,29.2,1,5.48,4.64,4.64,4.64,1.0,4640.0,47
2023-05-11 00:09:40,au2312P416,au2312P416,4.64,0.0,0.0,0.0,1,3.68,29.14,1,5.48,4.64,4.64,4.64,1.0,4640.0,47
2023-05-11 00:09:40,au2312P416,au2312P416,4.64,0.0,0.0,0.0,1,3.68,29.12,1,5.48,4.64,4.64,4.64,1.0,4640.0,47
2023-05-11 00:09:41,au2312P416,au2312P416,4.64,0.0,0.0,0.0,1,3.68,29.06,1,5.48,4.64,4.64,4.64,1.0,4640.0,47
2023-05-11 00:09:41,au2312P416,au2312P416,4.64,0.0,0.0,0.0,1,3.68,29.04,1,5.48,4.64,4.64,4.64,1.0,4640.0,47
2023-05-11 00:09:42,au2312P416,au2312P416,4.64,0.0,0.0,0.0,1,3.68,28.98,1,5.48,4.64,4.64,4.64,1.0,4640.0,47
2023-05-11 00:09:42,au2312P416,au2312P416,4.64,0.0,0.0,0.0,1,3.68,28.96,1,5.48,4.64,4.64,4.64,1.0,4640.0,47
2023-05-11 00:09:43,au2312P416,au2312P416,4.64,0.0,0.0,0.0,1,3.68,28.9,1,5.48,4.64,4.64,4.64,1.0,4640.0,47
2023-05-11 00:09:49,au2312P416,au2312P416,4.64,0.0,0.0,0.0,1,3.68,28.9,1,5.48,4.64,4.64,4.64,1.0,4640.0,47
2023-05-11 00:09:50,au2312P416,au2312P416,4.64,0.0,0.0,0.0,1,3.68,28.9,1,5.48,4.64,4.64,4.64,1.0,4640.0,47
2023-05-11 00:10:01,au2312P416,au2312P416,4.64,0.0,0.0,0.0,1,3.68,28.88,1,5.48,4.64,4.64,4.64,1.0,4640.0,47
2023-05-11 00:10:01,au2312P416,au2312P416,4.64,0.0,0.0,0.0,1,3.68,28.82,1,5.48,4.64,4.64,4.64,1.0,4640.0,47
2023-05-11 00:10:05,au2312P416,au2312P416,4.64,0.0,0.0,0.0,1,3.68,28.82,1,5.48,4.64,4.64,4.64,1.0,4640.0,47
2023-05-11 00:10:16,au2312P416,au2312P416,4.64,0.0,0.0,0.0,1,3.68,28.8,1,5.48,4.64,4.64,4.64,1.0,4640.0,47
2023-05-11 00:10:16,au2312P416,au2312P416,4.64,0.0,0.0,0.0,1,3.68,28.74,1,5.48,4.64,4.64,4.64,1.0,4640.0,47
2023-05-11 00:11:08,au2312P416,au2312P416,4.64,0.0,0.0,0.0,1,3.68,28.74,1,5.48,4.64,4.64,4.64,1.0,4640.0,47
2023-05-11 00:11:19,au2312P416,au2312P416,4.64,0.0,0.0,0.0,1,3.68,28.72,1,5.48,4.64,4.64,4.64,1.0,4640.0,47
2023-05-11 00:11:19,au2312P416,au2312P416,4.64,0.0,0.0,0.0,1,3.68,28.66,1,5.48,4.64,4.64,4.64,1.0,4640.0,47
2023-05-11 00:11:22,au2312P416,au2312P416,4.64,0.0,0.0,0.0,1,3.68,28.64,1,5.48,4.64,4.64,4.64,1.0,4640.0,47
2023-05-11 00:11:22,au2312P416,au2312P416,4.64,0.0,0.0,0.0,1,3.68,28.58,1,5.48,4.64,4.64,4.64,1.0,4640.0,47
2023-05-11 00:11:32,au2312P416,au2312P416,4.64,0.0,0.0,0.0,1,3.68,28.56,1,5.48,4.64,4.64,4.64,1.0,4640.0,47
2023-05-11 00:11:32,au2312P416,au2312P416,4.64,0.0,0.0,0.0,1,3.68,28.5,1,5.48,4.64,4.64,4.64,1.0,4640.0,47
2023-05-11 00:11:42,au2312P416,au2312P416,4.64,0.0,0.0,0.0,1,3.68,28.48,1,5.48,4.64,4.64,4.64,1.0,4640.0,47
2023-05-11 00:11:42,au2312P416,au2312P416,4.64,0.0,0.0,0.0,1,3.68,28.42,1,5.48,4.64,4.64,4.64,1.0,4640.0,47
2023-05-11 00:11:52,au2312P416,au2312P416,4.64,0.0,0.0,0.0,1,3.68,28.4,1,5.48,4.64,4.64,4.64,1.0,4640.0,47
2023-05-11 00:11:52,au2312P416,au2312P416,4.64,0.0,0.0,0.0,1,3.68,28.34,1,5.48,4.64,4.64,4.64,1.0,4640.0,47
2023-05-11 00:12:02,au2312P416,au2312P416,4.64,0.0,0.0,0.0,1,3.68,28.32,1,5.48,4.64,4.64,4.64,1.0,4640.0,47
2023-05-11 00:12:02,au2312P416,au2312P416,4.64,0.0,0.0,0.0,1,3.68,28.26,1,5.48,4.64,4.64,4.64,1.0,4640.0,47
2023-05-11 00:12:13,au2312P416,au2312P416,4.64,0.0,0.0,0.0,1,3.68,28.24,1,5.48,4.64,4.64,4.64,1.0,4640.0,47
2023-05-11 00:12:13,au2312P416,au2312P416,4.64,0.0,0.0,0.0,1,3.68,28.18,1,5.48,4.64,4.64,4.64,1.0,4640.0,47
2023-05-11 00:12:23,au2312P416,au2312P416,4.64,0.0,0.0,0.0,1,3.68,28.16,1,5.48,4.64,4.64,4.64,1.0,4640.0,47
2023-05-11 00:12:23,au2312P416,au2312P416,4.64,0.0,0.0,0.0,1,3.68,28.1,1,5.48,4.64,4.64,4.64,1.0,4640.0,47
2023-05-11 00:12:34,au2312P416,au2312P416,4.64,0.0,0.0,0.0,1,3.68,28.08,1,5.48,4.64,4.64,4.64,1.0,4640.0,47
2023-05-11 00:12:34,au2312P416,au2312P416,4.64,0.0,0.0,0.0,1,3.68,28.02,1,5.48,4.64,4.64,4.64,1.0,4640.0,47
2023-05-11 00:12:51,au2312P416,au2312P416,4.64,0.0,0.0,0.0,1,3.68,28.0,1,5.48,4.64,4.64,4.64,1.0,4640.0,47
2023-05-11 00:12:51,au2312P416,au2312P416,4.64,0.0,0.0,0.0,1,3.68,27.94,1,5.48,4.64,4.64,4.64,1.0,4640.0,47
2023-05-11 00:13:06,au2312P416,au2312P416,4.64,0.0,0.0,0.0,1,3.68,27.92,1,5.48,4.64,4.64,4.64,1.0,4640.0,47
2023-05-11 00:13:06,au2312P416,au2312P416,4.64,0.0,0.0,0.0,1,3.68,27.86,1,5.48,4.64,4.64,4.64,1.0,4640.0,47
2023-05-11 00:13:16,au2312P416,au2312P416,4.64,0.0,0.0,0.0,1,3.68,27.84,1,5.48,4.64,4.64,4.64,1.0,4640.0,47
2023-05-11 00:13:16,au2312P416,au2312P416,4.64,0.0,0.0,0.0,1,3.68,27.78,1,5.48,4.64,4.64,4.64,1.0,4640.0,47
2023-05-11 00:14:56,au2312P416,au2312P416,4.64,0.0,0.0,0.0,1,3.68,27.76,1,5.48,4.64,4.64,4.64,1.0,4640.0,47
2023-05-11 00:14:56,au2312P416,au2312P416,4.64,0.0,0.0,0.0,1,3.68,27.7,1,5.48,4.64,4.64,4.64,1.0,4640.0,47
2023-05-11 00:15:09,au2312P416,au2312P416,4.64,0.0,0.0,0.0,1,3.68,27.68,1,5.48,4.64,4.64,4.64,1.0,4640.0,47
2023-05-11 00:15:09,au2312P416,au2312P416,4.64,0.0,0.0,0.0,1,3.68,27.62,1,5.48,4.64,4.64,4.64,1.0,4640.0,47
2023-05-11 00:15:19,au2312P416,au2312P416,4.64,0.0,0.0,0.0,1,3.68,27.6,1,5.48,4.64,4.64,4.64,1.0,4640.0,47
2023-05-11 00:15:19,au2312P416,au2312P416,4.64,0.0,0.0,0.0,1,3.68,27.54,1,5.48,4.64,4.64,4.64,1.0,4640.0,47
2023-05-11 00:15:30,au2312P416,au2312P416,4.64,0.0,0.0,0.0,1,3.68,27.52,1,5.48,4.64,4.64,4.64,1.0,4640.0,47
2023-05-11 00:15:30,au2312P416,au2312P416,4.64,0.0,0.0,0.0,1,3.68,27.46,1,5.48,4.64,4.64,4.64,1.0,4640.0,47
2023-05-11 00:15:40,au2312P416,au2312P416,4.64,0.0,0.0,0.0,1,3.68,27.44,1,5.48,4.64,4.64,4.64,1.0,4640.0,47
2023-05-11 00:15:40,au2312P416,au2312P416,4.64,0.0,0.0,0.0,1,3.68,27.38,1,5.48,4.64,4.64,4.64,1.0,4640.0,47
2023-05-11 00:15:50,au2312P416,au2312P416,4.64,0.0,0.0,0.0,1,3.68,27.36,1,5.48,4.64,4.64,4.64,1.0,4640.0,47
2023-05-11 00:15:50,au2312P416,au2312P416,4.64,0.0,0.0,0.0,1,3.68,27.3,1,5.48,4.64,4.64,4.64,1.0,4640.0,47
2023-05-11 00:16:00,au2312P416,au2312P416,4.64,0.0,0.0,0.0,1,3.68,27.28,1,5.48,4.64,4.64,4.64,1.0,4640.0,47
2023-05-11 00:16:00,au2312P416,au2312P416,4.64,0.0,0.0,0.0,1,3.68,27.22,1,5.48,4.64,4.64,4.64,1.0,4640.0,47
2023-05-11 00:16:11,au2312P416,au2312P416,4.64,0.0,0.0,0.0,1,3.68,27.2,1,5.48,4.64,4.64,4.64,1.0,4640.0,47
2023-05-11 00:16:11,au2312P416,au2312P416,4.64,0.0,0.0,0.0,1,3.68,27.14,1,5.48,4.64,4.64,4.64,1.0,4640.0,47
2023-05-11 00:16:21,au2312P416,au2312P416,4.64,0.0,0.0,0.0,1,3.68,27.12,1,5.48,4.64,4.64,4.64,1.0,4640.0,47
2023-05-11 00:16:21,au2312P416,au2312P416,4.64,0.0,0.0,0.0,1,3.68,27.06,1,5.48,4.64,4.64,4.64,1.0,4640.0,47
2023-05-11 00:16:34,au2312P416,au2312P416,4.64,0.0,0.0,0.0,1,3.68,27.04,1,5.48,4.64,4.64,4.64,1.0,4640.0,47
2023-05-11 00:16:34,au2312P416,au2312P416,4.64,0.0,0.0,0.0,1,3.68,26.98,1,5.48,4.64,4.64,4.64,1.0,4640.0,47
2023-05-11 00:16:44,au2312P416,au2312P416,4.64,0.0,0.0,0.0,1,3.68,26.96,1,5.48,4.64,4.64,4.64,1.0,4640.0,47
2023-05-11 00:16:44,au2312P416,au2312P416,4.64,0.0,0.0,0.0,1,3.68,26.9,1,5.48,4.64,4.64,4.64,1.0,4640.0,47
2023-05-11 00:16:55,au2312P416,au2312P416,4.64,0.0,0.0,0.0,1,3.68,26.88,1,5.48,4.64,4.64,4.64,1.0,4640.0,47
2023-05-11 00:16:55,au2312P416,au2312P416,4.64,0.0,0.0,0.0,1,3.68,26.82,1,5.48,4.64,4.64,4.64,1.0,4640.0,47
2023-05-11 00:17:05,au2312P416,au2312P416,4.64,0.0,0.0,0.0,1,3.68,26.8,1,5.48,4.64,4.64,4.64,1.0,4640.0,47
2023-05-11 00:17:05,au2312P416,au2312P416,4.64,0.0,0.0,0.0,1,3.68,26.74,1,5.48,4.64,4.64,4.64,1.0,4640.0,47
2023-05-11 00:17:15,au2312P416,au2312P416,4.64,0.0,0.0,0.0,1,3.68,26.72,1,5.48,4.64,4.64,4.64,1.0,4640.0,47
2023-05-11 00:17:15,au2312P416,au2312P416,4.64,0.0,0.0,0.0,1,3.68,26.66,1,5.48,4.64,4.64,4.64,1.0,4640.0,47
2023-05-11 00:17:31,au2312P416,au2312P416,4.64,0.0,0.0,0.0,1,3.68,26.64,1,5.48,4.64,4.64,4.64,1.0,4640.0,47
2023-05-11 00:17:31,au2312P416,au2312P416,4.64,0.0,0.0,0.0,1,3.68,26.58,1,5.48,4.64,4.64,4.64,1.0,4640.0,47
2023-05-11 00:17:41,au2312P416,au2312P416,4.64,0.0,0.0,0.0,1,3.68,26.56,1,5.48,4.64,4.64,4.64,1.0,4640.0,47
2023-05-11 00:17:41,au2312P416,au2312P416,4.64,0.0,0.0,0.0,1,3.68,26.5,1,5.48,4.64,4.64,4.64,1.0,4640.0,47
2023-05-11 00:17:57,au2312P416,au2312P416,4.64,0.0,0.0,0.0,1,3.68,26.48,1,5.48,4.64,4.64,4.64,1.0,4640.0,47
2023-05-11 00:17:57,au2312P416,au2312P416,4.64,0.0,0.0,0.0,1,3.68,26.42,1,5.48,4.64,4.64,4.64,1.0,4640.0,47
2023-05-11 00:18:07,au2312P416,au2312P416,4.64,0.0,0.0,0.0,1,3.68,26.4,1,5.48,4.64,4.64,4.64,1.0,4640.0,47
2023-05-11 00:18:07,au2312P416,au2312P416,4.64,0.0,0.0,0.0,1,3.68,26.34,1,5.48,4.64,4.64,4.64,1.0,4640.0,47
2023-05-11 00:18:25,au2312P416,au2312P416,4.64,0.0,0.0,0.0,1,3.68,26.32,1,5.48,4.64,4.64,4.64,1.0,4640.0,47
2023-05-11 00:18:25,au2312P416,au2312P416,4.64,0.0,0.0,0.0,1,3.68,26.26,1,5.48,4.64,4.64,4.64,1.0,4640.0,47
2023-05-11 00:18:35,au2312P416,au2312P416,4.64,0.0,0.0,0.0,1,3.68,26.24,1,5.48,4.64,4.64,4.64,1.0,4640.0,47
2023-05-11 00:18:35,au2312P416,au2312P416,4.64,0.0,0.0,0.0,1,3.68,26.18,1,5.48,4.64,4.64,4.64,1.0,4640.0,47
2023-05-11 00:18:50,au2312P416,au2312P416,4.64,0.0,0.0,0.0,1,3.68,26.16,1,5.48,4.64,4.64,4.64,1.0,4640.0,47
2023-05-11 00:18:50,au2312P416,au2312P416,4.64,0.0,0.0,0.0,1,3.68,26.1,1,5.48,4.64,4.64,4.64,1.0,4640.0,47
2023-05-11 00:19:00,au2312P416,au2312P416,4.64,0.0,0.0,0.0,1,4.46,4.66,1,5.48,4.64,4.64,4.64,1.0,4640.0,47
2023-05-11 00:19:01,au2312P416,au2312P416,4.64,0.0,0.0,0.0,1,4.46,4.66,1,5.48,4.64,4.64,4.64,1.0,4640.0,47
2023-05-11 00:19:02,au2312P416,au2312P416,4.64,0.0,0.0,0.0,1,4.46,4.66,2,5.48,4.64,4.64,4.64,1.0,4640.0,47
2023-05-11 00:19:03,au2312P416,au2312P416,4.64,0.0,0.0,0.0,2,4.46,4.66,2,5.48,4.64,4.64,4.64,1.0,4640.0,47
2023-05-11 00:19:03,au2312P416,au2312P416,4.64,0.0,0.0,0.0,1,4.62,4.66,2,5.48,4.64,4.64,4.64,1.0,4640.0,47
2023-05-11 00:19:04,au2312P416,au2312P416,4.64,0.0,0.0,0.0,1,4.62,4.66,2,5.48,4.64,4.64,4.64,1.0,4640.0,47
2023-05-11 00:19:06,au2312P416,au2312P416,4.64,0.0,0.0,0.0,1,4.62,4.66,2,5.48,4.64,4.64,4.64,1.0,4640.0,47
2023-05-11 00:19:07,au2312P416,au2312P416,4.66,1.0,4660.0,0.0,1,4.62,4.66,1,5.48,4.64,4.66,4.64,2.0,9300.0,47
2023-05-11 00:19:08,au2312P416,au2312P416,4.66,0.0,0.0,0.0,2,4.62,4.66,2,5.48,4.64,4.66,4.64,2.0,9300.0,47
2023-05-11 00:19:09,au2312P416,au2312P416,4.66,0.0,0.0,0.0,2,4.62,4.66,3,5.48,4.64,4.66,4.64,2.0,9300.0,47
2023-05-11 00:19:09,au2312P416,au2312P416,4.66,0.0,0.0,0.0,2,4.62,4.66,3,5.48,4.64,4.66,4.64,2.0,9300.0,47
2023-05-11 00:19:10,au2312P416,au2312P416,4.62,1.0,4620.0,0.0,1,4.62,4.66,3,5.48,4.64,4.66,4.62,3.0,13920.0,47
2023-05-11 00:19:11,au2312P416,au2312P416,4.62,0.0,0.0,0.0,1,4.62,4.66,3,5.48,4.64,4.66,4.62,3.0,13920.0,47
2023-05-11 00:19:13,au2312P416,au2312P416,4.62,0.0,0.0,0.0,1,4.62,4.66,3,5.48,4.64,4.66,4.62,3.0,13920.0,47
2023-05-11 00:19:14,au2312P416,au2312P416,4.62,0.0,0.0,0.0,1,4.62,4.66,2,5.48,4.64,4.66,4.62,3.0,13920.0,47
2023-05-11 00:19:15,au2312P416,au2312P416,4.62,0.0,0.0,0.0,1,4.62,4.66,2,5.48,4.64,4.66,4.62,3.0,13920.0,47
2023-05-11 00:19:15,au2312P416,au2312P416,4.62,0.0,0.0,0.0,1,4.62,4.66,2,5.48,4.64,4.66,4.62,3.0,13920.0,47
2023-05-11 00:19:17,au2312P416,au2312P416,4.62,0.0,0.0,0.0,1,4.62,4.66,2,5.48,4.64,4.66,4.62,3.0,13920.0,47
2023-05-11 00:19:19,au2312P416,au2312P416,4.62,0.0,0.0,0.0,1,4.52,4.74,1,5.48,4.64,4.66,4.62,3.0,13920.0,47
2023-05-11 00:19:21,au2312P416,au2312P416,4.62,0.0,0.0,0.0,1,3.66,26.16,1,5.48,4.64,4.66,4.62,3.0,13920.0,47
2023-05-11 00:19:22,au2312P416,au2312P416,4.62,0.0,0.0,0.0,1,3.68,26.1,1,5.48,4.64,4.66,4.62,3.0,13920.0,47
2023-05-11 00:19:22,au2312P416,au2312P416,4.62,0.0,0.0,0.0,1,3.68,26.08,1,5.48,4.64,4.66,4.62,3.0,13920.0,47
2023-05-11 00:19:23,au2312P416,au2312P416,4.62,0.0,0.0,0.0,1,3.68,26.02,1,5.48,4.64,4.66,4.62,3.0,13920.0,47
2023-05-11 00:19:23,au2312P416,au2312P416,4.62,0.0,0.0,0.0,1,3.68,26.0,1,5.48,4.64,4.66,4.62,3.0,13920.0,47
2023-05-11 00:19:24,au2312P416,au2312P416,4.62,0.0,0.0,0.0,1,3.68,25.94,1,5.48,4.64,4.66,4.62,3.0,13920.0,47
2023-05-11 00:19:24,au2312P416,au2312P416,4.62,0.0,0.0,0.0,1,3.68,25.92,1,5.48,4.64,4.66,4.62,3.0,13920.0,47
2023-05-11 00:19:25,au2312P416,au2312P416,4.62,0.0,0.0,0.0,1,3.68,25.86,1,5.48,4.64,4.66,4.62,3.0,13920.0,47
2023-05-11 00:19:25,au2312P416,au2312P416,4.62,0.0,0.0,0.0,1,3.68,25.84,1,5.48,4.64,4.66,4.62,3.0,13920.0,47
2023-05-11 00:19:26,au2312P416,au2312P416,4.62,0.0,0.0,0.0,1,3.68,25.78,1,5.48,4.64,4.66,4.62,3.0,13920.0,47
2023-05-11 00:19:26,au2312P416,au2312P416,4.62,0.0,0.0,0.0,1,3.68,25.76,1,5.48,4.64,4.66,4.62,3.0,13920.0,47
2023-05-11 00:19:27,au2312P416,au2312P416,4.62,0.0,0.0,0.0,1,3.68,25.7,1,5.48,4.64,4.66,4.62,3.0,13920.0,47
2023-05-11 00:19:27,au2312P416,au2312P416,4.62,0.0,0.0,0.0,1,3.68,25.68,1,5.48,4.64,4.66,4.62,3.0,13920.0,47
2023-05-11 00:19:28,au2312P416,au2312P416,4.62,0.0,0.0,0.0,1,3.68,25.62,1,5.48,4.64,4.66,4.62,3.0,13920.0,47
2023-05-11 00:19:28,au2312P416,au2312P416,4.62,0.0,0.0,0.0,1,3.68,25.6,1,5.48,4.64,4.66,4.62,3.0,13920.0,47
2023-05-11 00:19:29,au2312P416,au2312P416,4.62,0.0,0.0,0.0,1,3.68,25.54,1,5.48,4.64,4.66,4.62,3.0,13920.0,47
2023-05-11 00:19:29,au2312P416,au2312P416,4.62,0.0,0.0,0.0,1,3.68,25.52,1,5.48,4.64,4.66,4.62,3.0,13920.0,47
2023-05-11 00:19:30,au2312P416,au2312P416,4.62,0.0,0.0,0.0,1,3.68,25.46,1,5.48,4.64,4.66,4.62,3.0,13920.0,47
2023-05-11 00:19:30,au2312P416,au2312P416,4.62,0.0,0.0,0.0,1,3.68,25.44,1,5.48,4.64,4.66,4.62,3.0,13920.0,47
2023-05-11 00:19:31,au2312P416,au2312P416,4.62,0.0,0.0,0.0,1,3.68,25.38,1,5.48,4.64,4.66,4.62,3.0,13920.0,47
2023-05-11 00:19:31,au2312P416,au2312P416,4.62,0.0,0.0,0.0,1,3.68,25.36,1,5.48,4.64,4.66,4.62,3.0,13920.0,47
2023-05-11 00:19:32,au2312P416,au2312P416,4.62,0.0,0.0,0.0,1,3.68,25.3,1,5.48,4.64,4.66,4.62,3.0,13920.0,47
2023-05-11 00:19:32,au2312P416,au2312P416,4.62,0.0,0.0,0.0,1,3.68,25.28,1,5.48,4.64,4.66,4.62,3.0,13920.0,47
2023-05-11 00:19:33,au2312P416,au2312P416,4.62,0.0,0.0,0.0,1,3.68,25.22,1,5.48,4.64,4.66,4.62,3.0,13920.0,47
2023-05-11 00:19:33,au2312P416,au2312P416,4.62,0.0,0.0,0.0,1,3.68,25.2,1,5.48,4.64,4.66,4.62,3.0,13920.0,47
2023-05-11 00:19:34,au2312P416,au2312P416,4.62,0.0,0.0,0.0,1,3.68,25.14,1,5.48,4.64,4.66,4.62,3.0,13920.0,47
2023-05-11 00:19:34,au2312P416,au2312P416,4.62,0.0,0.0,0.0,1,3.68,25.12,1,5.48,4.64,4.66,4.62,3.0,13920.0,47
2023-05-11 00:19:35,au2312P416,au2312P416,4.62,0.0,0.0,0.0,1,3.68,25.06,1,5.48,4.64,4.66,4.62,3.0,13920.0,47
2023-05-11 00:19:35,au2312P416,au2312P416,4.62,0.0,0.0,0.0,1,3.68,25.04,1,5.48,4.64,4.66,4.62,3.0,13920.0,47
2023-05-11 00:19:36,au2312P416,au2312P416,4.62,0.0,0.0,0.0,1,3.68,24.98,1,5.48,4.64,4.66,4.62,3.0,13920.0,47
2023-05-11 00:19:36,au2312P416,au2312P416,4.62,0.0,0.0,0.0,1,3.68,24.96,1,5.48,4.64,4.66,4.62,3.0,13920.0,47
2023-05-11 00:19:37,au2312P416,au2312P416,4.62,0.0,0.0,0.0,1,3.68,24.9,1,5.48,4.64,4.66,4.62,3.0,13920.0,47
2023-05-11 00:19:37,au2312P416,au2312P416,4.62,0.0,0.0,0.0,1,3.68,24.88,1,5.48,4.64,4.66,4.62,3.0,13920.0,47
2023-05-11 00:19:38,au2312P416,au2312P416,4.62,0.0,0.0,0.0,1,3.68,24.82,1,5.48,4.64,4.66,4.62,3.0,13920.0,47
2023-05-11 00:19:38,au2312P416,au2312P416,4.62,0.0,0.0,0.0,1,3.68,24.8,1,5.48,4.64,4.66,4.62,3.0,13920.0,47
2023-05-11 00:19:39,au2312P416,au2312P416,4.62,0.0,0.0,0.0,1,3.68,24.74,1,5.48,4.64,4.66,4.62,3.0,13920.0,47
2023-05-11 00:19:39,au2312P416,au2312P416,4.62,0.0,0.0,0.0,1,3.68,24.72,1,5.48,4.64,4.66,4.62,3.0,13920.0,47
2023-05-11 00:19:40,au2312P416,au2312P416,4.62,0.0,0.0,0.0,1,3.68,24.66,1,5.48,4.64,4.66,4.62,3.0,13920.0,47
2023-05-11 00:19:40,au2312P416,au2312P416,4.62,0.0,0.0,0.0,1,3.68,24.64,1,5.48,4.64,4.66,4.62,3.0,13920.0,47
2023-05-11 00:19:41,au2312P416,au2312P416,4.62,0.0,0.0,0.0,1,3.68,24.58,1,5.48,4.64,4.66,4.62,3.0,13920.0,47
2023-05-11 00:19:41,au2312P416,au2312P416,4.62,0.0,0.0,0.0,1,3.68,24.56,1,5.48,4.64,4.66,4.62,3.0,13920.0,47
2023-05-11 00:19:42,au2312P416,au2312P416,4.62,0.0,0.0,0.0,1,3.68,24.5,1,5.48,4.64,4.66,4.62,3.0,13920.0,47
2023-05-11 00:19:51,au2312P416,au2312P416,4.62,0.0,0.0,0.0,1,3.68,24.48,1,5.48,4.64,4.66,4.62,3.0,13920.0,47
2023-05-11 00:19:52,au2312P416,au2312P416,4.62,0.0,0.0,0.0,1,3.68,24.42,1,5.48,4.64,4.66,4.62,3.0,13920.0,47
2023-05-11 00:20:01,au2312P416,au2312P416,4.62,0.0,0.0,0.0,1,3.68,24.4,1,5.48,4.64,4.66,4.62,3.0,13920.0,47
2023-05-11 00:20:01,au2312P416,au2312P416,4.62,0.0,0.0,0.0,1,3.68,24.34,1,5.48,4.64,4.66,4.62,3.0,13920.0,47
2023-05-11 00:20:11,au2312P416,au2312P416,4.62,0.0,0.0,0.0,1,3.68,24.32,1,5.48,4.64,4.66,4.62,3.0,13920.0,47
2023-05-11 00:20:11,au2312P416,au2312P416,4.62,0.0,0.0,0.0,1,3.68,24.26,1,5.48,4.64,4.66,4.62,3.0,13920.0,47
2023-05-11 00:20:33,au2312P416,au2312P416,4.62,0.0,0.0,0.0,1,3.68,24.24,1,5.48,4.64,4.66,4.62,3.0,13920.0,47
2023-05-11 00:20:33,au2312P416,au2312P416,4.62,0.0,0.0,0.0,1,3.68,24.18,1,5.48,4.64,4.66,4.62,3.0,13920.0,47
2023-05-11 00:20:43,au2312P416,au2312P416,4.62,0.0,0.0,0.0,1,3.68,24.16,1,5.48,4.64,4.66,4.62,3.0,13920.0,47
2023-05-11 00:20:43,au2312P416,au2312P416,4.62,0.0,0.0,0.0,1,3.68,24.1,1,5.48,4.64,4.66,4.62,3.0,13920.0,47
2023-05-11 00:20:55,au2312P416,au2312P416,4.62,0.0,0.0,0.0,1,3.68,24.08,1,5.48,4.64,4.66,4.62,3.0,13920.0,47
2023-05-11 00:20:55,au2312P416,au2312P416,4.62,0.0,0.0,0.0,1,3.68,24.02,1,5.48,4.64,4.66,4.62,3.0,13920.0,47
2023-05-11 00:21:06,au2312P416,au2312P416,4.62,0.0,0.0,0.0,1,3.68,24.0,1,5.48,4.64,4.66,4.62,3.0,13920.0,47
2023-05-11 00:21:06,au2312P416,au2312P416,4.62,0.0,0.0,0.0,1,3.68,23.94,1,5.48,4.64,4.66,4.62,3.0,13920.0,47
2023-05-11 00:21:20,au2312P416,au2312P416,4.62,0.0,0.0,0.0,1,3.68,23.92,1,5.48,4.64,4.66,4.62,3.0,13920.0,47
2023-05-11 00:21:20,au2312P416,au2312P416,4.62,0.0,0.0,0.0,1,3.68,23.86,1,5.48,4.64,4.66,4.62,3.0,13920.0,47
2023-05-11 00:21:30,au2312P416,au2312P416,4.62,0.0,0.0,0.0,1,3.68,23.84,1,5.48,4.64,4.66,4.62,3.0,13920.0,47
2023-05-11 00:21:30,au2312P416,au2312P416,4.62,0.0,0.0,0.0,1,3.68,23.78,1,5.48,4.64,4.66,4.62,3.0,13920.0,47
2023-05-11 00:21:40,au2312P416,au2312P416,4.62,0.0,0.0,0.0,1,3.68,23.76,1,5.48,4.64,4.66,4.62,3.0,13920.0,47
2023-05-11 00:21:40,au2312P416,au2312P416,4.62,0.0,0.0,0.0,1,3.68,23.7,1,5.48,4.64,4.66,4.62,3.0,13920.0,47
2023-05-11 00:22:21,au2312P416,au2312P416,4.62,0.0,0.0,0.0,1,3.68,23.68,1,5.48,4.64,4.66,4.62,3.0,13920.0,47
2023-05-11 00:22:21,au2312P416,au2312P416,4.62,0.0,0.0,0.0,1,3.68,23.62,1,5.48,4.64,4.66,4.62,3.0,13920.0,47
2023-05-11 00:22:36,au2312P416,au2312P416,4.62,0.0,0.0,0.0,1,3.68,23.6,1,5.48,4.64,4.66,4.62,3.0,13920.0,47
2023-05-11 00:22:36,au2312P416,au2312P416,4.62,0.0,0.0,0.0,1,3.68,23.54,1,5.48,4.64,4.66,4.62,3.0,13920.0,47
2023-05-11 00:22:46,au2312P416,au2312P416,4.62,0.0,0.0,0.0,1,3.68,23.52,1,5.48,4.64,4.66,4.62,3.0,13920.0,47
2023-05-11 00:22:46,au2312P416,au2312P416,4.62,0.0,0.0,0.0,1,3.68,23.46,1,5.48,4.64,4.66,4.62,3.0,13920.0,47
2023-05-11 00:22:57,au2312P416,au2312P416,4.62,0.0,0.0,0.0,1,3.68,23.44,1,5.48,4.64,4.66,4.62,3.0,13920.0,47
2023-05-11 00:22:57,au2312P416,au2312P416,4.62,0.0,0.0,0.0,1,3.68,23.38,1,5.48,4.64,4.66,4.62,3.0,13920.0,47
2023-05-11 00:23:07,au2312P416,au2312P416,4.62,0.0,0.0,0.0,1,3.68,23.36,1,5.48,4.64,4.66,4.62,3.0,13920.0,47
2023-05-11 00:23:07,au2312P416,au2312P416,4.62,0.0,0.0,0.0,1,3.68,23.3,1,5.48,4.64,4.66,4.62,3.0,13920.0,47
2023-05-11 00:23:24,au2312P416,au2312P416,4.62,0.0,0.0,0.0,1,3.68,23.28,1,5.48,4.64,4.66,4.62,3.0,13920.0,47
2023-05-11 00:23:24,au2312P416,au2312P416,4.62,0.0,0.0,0.0,1,3.68,23.22,1,5.48,4.64,4.66,4.62,3.0,13920.0,47
2023-05-11 00:23:38,au2312P416,au2312P416,4.62,0.0,0.0,0.0,1,3.68,23.2,1,5.48,4.64,4.66,4.62,3.0,13920.0,47
2023-05-11 00:23:38,au2312P416,au2312P416,4.62,0.0,0.0,0.0,1,3.68,23.14,1,5.48,4.64,4.66,4.62,3.0,13920.0,47
2023-05-11 00:23:52,au2312P416,au2312P416,4.62,0.0,0.0,0.0,1,3.68,23.12,1,5.48,4.64,4.66,4.62,3.0,13920.0,47
2023-05-11 00:23:52,au2312P416,au2312P416,4.62,0.0,0.0,0.0,1,3.68,23.06,1,5.48,4.64,4.66,4.62,3.0,13920.0,47
2023-05-11 00:24:02,au2312P416,au2312P416,4.62,0.0,0.0,0.0,1,3.68,23.04,1,5.48,4.64,4.66,4.62,3.0,13920.0,47
2023-05-11 00:24:02,au2312P416,au2312P416,4.62,0.0,0.0,0.0,1,3.68,22.98,1,5.48,4.64,4.66,4.62,3.0,13920.0,47
2023-05-11 00:24:19,au2312P416,au2312P416,4.62,0.0,0.0,0.0,1,3.68,22.96,1,5.48,4.64,4.66,4.62,3.0,13920.0,47
2023-05-11 00:24:19,au2312P416,au2312P416,4.62,0.0,0.0,0.0,1,3.68,22.9,1,5.48,4.64,4.66,4.62,3.0,13920.0,47
2023-05-11 00:24:30,au2312P416,au2312P416,4.62,0.0,0.0,0.0,1,3.68,22.88,1,5.48,4.64,4.66,4.62,3.0,13920.0,47
2023-05-11 00:24:30,au2312P416,au2312P416,4.62,0.0,0.0,0.0,1,3.68,22.82,1,5.48,4.64,4.66,4.62,3.0,13920.0,47
2023-05-11 00:24:44,au2312P416,au2312P416,4.62,0.0,0.0,0.0,1,3.68,22.8,1,5.48,4.64,4.66,4.62,3.0,13920.0,47
2023-05-11 00:24:44,au2312P416,au2312P416,4.62,0.0,0.0,0.0,1,3.68,22.74,1,5.48,4.64,4.66,4.62,3.0,13920.0,47
2023-05-11 00:24:54,au2312P416,au2312P416,4.62,0.0,0.0,0.0,1,3.68,22.72,1,5.48,4.64,4.66,4.62,3.0,13920.0,47
2023-05-11 00:24:54,au2312P416,au2312P416,4.62,0.0,0.0,0.0,1,3.68,22.66,1,5.48,4.64,4.66,4.62,3.0,13920.0,47
2023-05-11 00:25:04,au2312P416,au2312P416,4.62,0.0,0.0,0.0,1,3.68,22.64,1,5.48,4.64,4.66,4.62,3.0,13920.0,47
2023-05-11 00:25:04,au2312P416,au2312P416,4.62,0.0,0.0,0.0,1,3.68,22.58,1,5.48,4.64,4.66,4.62,3.0,13920.0,47
2023-05-11 00:25:14,au2312P416,au2312P416,4.62,0.0,0.0,0.0,1,3.68,22.56,1,5.48,4.64,4.66,4.62,3.0,13920.0,47
2023-05-11 00:25:14,au2312P416,au2312P416,4.62,0.0,0.0,0.0,1,3.68,22.5,1,5.48,4.64,4.66,4.62,3.0,13920.0,47
2023-05-11 00:25:24,au2312P416,au2312P416,4.62,0.0,0.0,0.0,1,3.68,22.48,1,5.48,4.64,4.66,4.62,3.0,13920.0,47
2023-05-11 00:25:24,au2312P416,au2312P416,4.62,0.0,0.0,0.0,1,3.68,22.42,1,5.48,4.64,4.66,4.62,3.0,13920.0,47
2023-05-11 00:25:34,au2312P416,au2312P416,4.62,0.0,0.0,0.0,1,3.68,22.4,1,5.48,4.64,4.66,4.62,3.0,13920.0,47
2023-05-11 00:25:34,au2312P416,au2312P416,4.62,0.0,0.0,0.0,1,3.68,22.34,1,5.48,4.64,4.66,4.62,3.0,13920.0,47
2023-05-11 00:25:44,au2312P416,au2312P416,4.62,0.0,0.0,0.0,1,3.68,22.32,1,5.48,4.64,4.66,4.62,3.0,13920.0,47
2023-05-11 00:25:44,au2312P416,au2312P416,4.62,0.0,0.0,0.0,1,3.68,22.26,1,5.48,4.64,4.66,4.62,3.0,13920.0,47
2023-05-11 00:25:54,au2312P416,au2312P416,4.62,0.0,0.0,0.0,1,3.68,22.24,1,5.48,4.64,4.66,4.62,3.0,13920.0,47
2023-05-11 00:25:54,au2312P416,au2312P416,4.62,0.0,0.0,0.0,1,3.68,22.18,1,5.48,4.64,4.66,4.62,3.0,13920.0,47
2023-05-11 00:26:23,au2312P416,au2312P416,4.62,0.0,0.0,0.0,1,3.68,22.16,1,5.48,4.64,4.66,4.62,3.0,13920.0,47
2023-05-11 00:26:23,au2312P416,au2312P416,4.62,0.0,0.0,0.0,1,3.68,22.1,1,5.48,4.64,4.66,4.62,3.0,13920.0,47
2023-05-11 00:26:41,au2312P416,au2312P416,4.62,0.0,0.0,0.0,1,3.68,22.08,1,5.48,4.64,4.66,4.62,3.0,13920.0,47
2023-05-11 00:26:41,au2312P416,au2312P416,4.62,0.0,0.0,0.0,1,3.68,22.02,1,5.48,4.64,4.66,4.62,3.0,13920.0,47
2023-05-11 00:27:04,au2312P416,au2312P416,4.62,0.0,0.0,0.0,1,3.68,22.0,1,5.48,4.64,4.66,4.62,3.0,13920.0,47
2023-05-11 00:27:04,au2312P416,au2312P416,4.62,0.0,0.0,0.0,1,3.68,21.94,1,5.48,4.64,4.66,4.62,3.0,13920.0,47
2023-05-11 00:27:16,au2312P416,au2312P416,4.62,0.0,0.0,0.0,1,3.68,21.92,1,5.48,4.64,4.66,4.62,3.0,13920.0,47
2023-05-11 00:27:16,au2312P416,au2312P416,4.62,0.0,0.0,0.0,1,3.68,21.86,1,5.48,4.64,4.66,4.62,3.0,13920.0,47
2023-05-11 00:27:29,au2312P416,au2312P416,4.62,0.0,0.0,0.0,1,3.68,21.84,1,5.48,4.64,4.66,4.62,3.0,13920.0,47
2023-05-11 00:27:29,au2312P416,au2312P416,4.62,0.0,0.0,0.0,1,3.68,21.78,1,5.48,4.64,4.66,4.62,3.0,13920.0,47
2023-05-11 00:27:39,au2312P416,au2312P416,4.62,0.0,0.0,0.0,1,3.68,21.76,1,5.48,4.64,4.66,4.62,3.0,13920.0,47
2023-05-11 00:27:39,au2312P416,au2312P416,4.62,0.0,0.0,0.0,1,3.68,21.7,1,5.48,4.64,4.66,4.62,3.0,13920.0,47
2023-05-11 00:29:17,au2312P416,au2312P416,4.62,0.0,0.0,0.0,1,3.68,21.68,1,5.48,4.64,4.66,4.62,3.0,13920.0,47
2023-05-11 00:29:17,au2312P416,au2312P416,4.62,0.0,0.0,0.0,1,3.68,21.62,1,5.48,4.64,4.66,4.62,3.0,13920.0,47
2023-05-11 00:29:31,au2312P416,au2312P416,4.62,0.0,0.0,0.0,1,3.68,21.6,1,5.48,4.64,4.66,4.62,3.0,13920.0,47
2023-05-11 00:29:31,au2312P416,au2312P416,4.62,0.0,0.0,0.0,1,3.68,21.54,1,5.48,4.64,4.66,4.62,3.0,13920.0,47
2023-05-11 00:29:41,au2312P416,au2312P416,4.62,0.0,0.0,0.0,1,3.68,21.52,1,5.48,4.64,4.66,4.62,3.0,13920.0,47
2023-05-11 00:29:41,au2312P416,au2312P416,4.62,0.0,0.0,0.0,1,3.68,21.46,1,5.48,4.64,4.66,4.62,3.0,13920.0,47
2023-05-11 00:29:51,au2312P416,au2312P416,4.62,0.0,0.0,0.0,1,3.68,21.44,1,5.48,4.64,4.66,4.62,3.0,13920.0,47
2023-05-11 00:29:51,au2312P416,au2312P416,4.62,0.0,0.0,0.0,1,3.68,21.38,1,5.48,4.64,4.66,4.62,3.0,13920.0,47
2023-05-11 00:30:02,au2312P416,au2312P416,4.62,0.0,0.0,0.0,1,3.68,21.36,1,5.48,4.64,4.66,4.62,3.0,13920.0,47
2023-05-11 00:30:02,au2312P416,au2312P416,4.62,0.0,0.0,0.0,1,3.68,21.3,1,5.48,4.64,4.66,4.62,3.0,13920.0,47
2023-05-11 00:30:21,au2312P416,au2312P416,4.62,0.0,0.0,0.0,1,3.68,21.28,1,5.48,4.64,4.66,4.62,3.0,13920.0,47
2023-05-11 00:30:21,au2312P416,au2312P416,4.62,0.0,0.0,0.0,1,3.68,21.22,1,5.48,4.64,4.66,4.62,3.0,13920.0,47
2023-05-11 00:30:31,au2312P416,au2312P416,4.62,0.0,0.0,0.0,1,3.68,21.2,1,5.48,4.64,4.66,4.62,3.0,13920.0,47
2023-05-11 00:30:31,au2312P416,au2312P416,4.62,0.0,0.0,0.0,1,3.68,21.14,1,5.48,4.64,4.66,4.62,3.0,13920.0,47
2023-05-11 00:30:41,au2312P416,au2312P416,4.62,0.0,0.0,0.0,1,3.68,21.12,1,5.48,4.64,4.66,4.62,3.0,13920.0,47
2023-05-11 00:30:41,au2312P416,au2312P416,4.62,0.0,0.0,0.0,1,3.68,21.06,1,5.48,4.64,4.66,4.62,3.0,13920.0,47
2023-05-11 00:30:52,au2312P416,au2312P416,4.62,0.0,0.0,0.0,1,3.68,21.04,1,5.48,4.64,4.66,4.62,3.0,13920.0,47
2023-05-11 00:30:52,au2312P416,au2312P416,4.62,0.0,0.0,0.0,1,3.68,20.98,1,5.48,4.64,4.66,4.62,3.0,13920.0,47
2023-05-11 00:31:02,au2312P416,au2312P416,4.62,0.0,0.0,0.0,1,3.68,20.96,1,5.48,4.64,4.66,4.62,3.0,13920.0,47
2023-05-11 00:31:02,au2312P416,au2312P416,4.62,0.0,0.0,0.0,1,3.68,20.9,1,5.48,4.64,4.66,4.62,3.0,13920.0,47
2023-05-11 00:31:12,au2312P416,au2312P416,4.62,0.0,0.0,0.0,1,3.68,20.88,1,5.48,4.64,4.66,4.62,3.0,13920.0,47
2023-05-11 00:31:12,au2312P416,au2312P416,4.62,0.0,0.0,0.0,1,3.68,20.82,1,5.48,4.64,4.66,4.62,3.0,13920.0,47
2023-05-11 00:31:22,au2312P416,au2312P416,4.62,0.0,0.0,0.0,1,3.68,20.8,1,5.48,4.64,4.66,4.62,3.0,13920.0,47
2023-05-11 00:31:22,au2312P416,au2312P416,4.62,0.0,0.0,0.0,1,3.68,20.74,1,5.48,4.64,4.66,4.62,3.0,13920.0,47
2023-05-11 00:31:32,au2312P416,au2312P416,4.62,0.0,0.0,0.0,1,3.68,20.72,1,5.48,4.64,4.66,4.62,3.0,13920.0,47
2023-05-11 00:31:32,au2312P416,au2312P416,4.62,0.0,0.0,0.0,1,3.68,20.66,1,5.48,4.64,4.66,4.62,3.0,13920.0,47
2023-05-11 00:31:50,au2312P416,au2312P416,4.62,0.0,0.0,0.0,1,3.68,20.64,1,5.48,4.64,4.66,4.62,3.0,13920.0,47
2023-05-11 00:31:50,au2312P416,au2312P416,4.62,0.0,0.0,0.0,1,3.68,20.58,1,5.48,4.64,4.66,4.62,3.0,13920.0,47
2023-05-11 00:32:00,au2312P416,au2312P416,4.62,0.0,0.0,0.0,1,3.68,20.56,1,5.48,4.64,4.66,4.62,3.0,13920.0,47
2023-05-11 00:32:00,au2312P416,au2312P416,4.62,0.0,0.0,0.0,1,3.68,20.5,1,5.48,4.64,4.66,4.62,3.0,13920.0,47
2023-05-11 00:32:10,au2312P416,au2312P416,4.62,0.0,0.0,0.0,1,3.68,20.48,1,5.48,4.64,4.66,4.62,3.0,13920.0,47
2023-05-11 00:32:10,au2312P416,au2312P416,4.62,0.0,0.0,0.0,1,3.68,20.42,1,5.48,4.64,4.66,4.62,3.0,13920.0,47
2023-05-11 00:32:34,au2312P416,au2312P416,4.62,0.0,0.0,0.0,1,3.68,20.4,1,5.48,4.64,4.66,4.62,3.0,13920.0,47
2023-05-11 00:32:34,au2312P416,au2312P416,4.62,0.0,0.0,0.0,1,3.68,20.34,1,5.48,4.64,4.66,4.62,3.0,13920.0,47
2023-05-11 00:32:44,au2312P416,au2312P416,4.62,0.0,0.0,0.0,1,3.68,20.32,1,5.48,4.64,4.66,4.62,3.0,13920.0,47
2023-05-11 00:32:44,au2312P416,au2312P416,4.62,0.0,0.0,0.0,1,3.68,20.26,1,5.48,4.64,4.66,4.62,3.0,13920.0,47
2023-05-11 00:32:59,au2312P416,au2312P416,4.62,0.0,0.0,0.0,1,3.68,20.24,1,5.48,4.64,4.66,4.62,3.0,13920.0,47
2023-05-11 00:32:59,au2312P416,au2312P416,4.62,0.0,0.0,0.0,1,3.68,20.18,1,5.48,4.64,4.66,4.62,3.0,13920.0,47
2023-05-11 00:33:10,au2312P416,au2312P416,4.62,0.0,0.0,0.0,1,3.68,20.16,1,5.48,4.64,4.66,4.62,3.0,13920.0,47
2023-05-11 00:33:10,au2312P416,au2312P416,4.62,0.0,0.0,0.0,1,3.68,20.1,1,5.48,4.64,4.66,4.62,3.0,13920.0,47
2023-05-11 00:33:20,au2312P416,au2312P416,4.62,0.0,0.0,0.0,1,3.68,20.08,1,5.48,4.64,4.66,4.62,3.0,13920.0,47
2023-05-11 00:33:20,au2312P416,au2312P416,4.62,0.0,0.0,0.0,1,3.68,20.02,1,5.48,4.64,4.66,4.62,3.0,13920.0,47
2023-05-11 00:35:21,au2312P416,au2312P416,4.62,0.0,0.0,0.0,1,3.68,20.0,1,5.48,4.64,4.66,4.62,3.0,13920.0,47
2023-05-11 00:35:21,au2312P416,au2312P416,4.62,0.0,0.0,0.0,1,3.68,19.94,1,5.48,4.64,4.66,4.62,3.0,13920.0,47
2023-05-11 00:35:34,au2312P416,au2312P416,4.62,0.0,0.0,0.0,1,3.68,19.92,1,5.48,4.64,4.66,4.62,3.0,13920.0,47
2023-05-11 00:35:34,au2312P416,au2312P416,4.62,0.0,0.0,0.0,1,3.68,19.86,1,5.48,4.64,4.66,4.62,3.0,13920.0,47
2023-05-11 00:35:44,au2312P416,au2312P416,4.62,0.0,0.0,0.0,1,3.68,19.84,1,5.48,4.64,4.66,4.62,3.0,13920.0,47
2023-05-11 00:35:44,au2312P416,au2312P416,4.62,0.0,0.0,0.0,1,3.68,19.78,1,5.48,4.64,4.66,4.62,3.0,13920.0,47
2023-05-11 00:35:55,au2312P416,au2312P416,4.62,0.0,0.0,0.0,1,3.68,19.76,1,5.48,4.64,4.66,4.62,3.0,13920.0,47
2023-05-11 00:35:55,au2312P416,au2312P416,4.62,0.0,0.0,0.0,1,3.68,19.7,1,5.48,4.64,4.66,4.62,3.0,13920.0,47
2023-05-11 00:36:05,au2312P416,au2312P416,4.62,0.0,0.0,0.0,1,3.68,19.68,1,5.48,4.64,4.66,4.62,3.0,13920.0,47
2023-05-11 00:36:05,au2312P416,au2312P416,4.62,0.0,0.0,0.0,1,3.68,19.62,1,5.48,4.64,4.66,4.62,3.0,13920.0,47
2023-05-11 00:36:17,au2312P416,au2312P416,4.62,0.0,0.0,0.0,1,3.68,19.6,1,5.48,4.64,4.66,4.62,3.0,13920.0,47
2023-05-11 00:36:17,au2312P416,au2312P416,4.62,0.0,0.0,0.0,1,3.68,19.54,1,5.48,4.64,4.66,4.62,3.0,13920.0,47
2023-05-11 00:36:27,au2312P416,au2312P416,4.62,0.0,0.0,0.0,1,3.68,19.52,1,5.48,4.64,4.66,4.62,3.0,13920.0,47
2023-05-11 00:36:27,au2312P416,au2312P416,4.62,0.0,0.0,0.0,1,3.68,19.46,1,5.48,4.64,4.66,4.62,3.0,13920.0,47
2023-05-11 00:36:40,au2312P416,au2312P416,4.62,0.0,0.0,0.0,1,3.68,19.44,1,5.48,4.64,4.66,4.62,3.0,13920.0,47
2023-05-11 00:36:40,au2312P416,au2312P416,4.62,0.0,0.0,0.0,1,3.68,19.38,1,5.48,4.64,4.66,4.62,3.0,13920.0,47
2023-05-11 00:36:50,au2312P416,au2312P416,4.62,0.0,0.0,0.0,1,3.68,19.36,1,5.48,4.64,4.66,4.62,3.0,13920.0,47
2023-05-11 00:36:50,au2312P416,au2312P416,4.62,0.0,0.0,0.0,1,3.68,19.3,1,5.48,4.64,4.66,4.62,3.0,13920.0,47
2023-05-11 00:37:00,au2312P416,au2312P416,4.62,0.0,0.0,0.0,1,3.68,19.28,1,5.48,4.64,4.66,4.62,3.0,13920.0,47
2023-05-11 00:37:00,au2312P416,au2312P416,4.62,0.0,0.0,0.0,1,3.68,19.22,1,5.48,4.64,4.66,4.62,3.0,13920.0,47
2023-05-11 00:37:11,au2312P416,au2312P416,4.62,0.0,0.0,0.0,1,3.68,19.2,1,5.48,4.64,4.66,4.62,3.0,13920.0,47
2023-05-11 00:37:11,au2312P416,au2312P416,4.62,0.0,0.0,0.0,1,3.68,19.14,1,5.48,4.64,4.66,4.62,3.0,13920.0,47
2023-05-11 00:37:32,au2312P416,au2312P416,4.62,0.0,0.0,0.0,1,3.68,19.12,1,5.48,4.64,4.66,4.62,3.0,13920.0,47
2023-05-11 00:37:32,au2312P416,au2312P416,4.62,0.0,0.0,0.0,1,3.68,19.06,1,5.48,4.64,4.66,4.62,3.0,13920.0,47
2023-05-11 00:38:04,au2312P416,au2312P416,4.62,0.0,0.0,0.0,1,3.68,19.04,1,5.48,4.64,4.66,4.62,3.0,13920.0,47
2023-05-11 00:38:04,au2312P416,au2312P416,4.62,0.0,0.0,0.0,1,3.68,18.98,1,5.48,4.64,4.66,4.62,3.0,13920.0,47
2023-05-11 00:38:17,au2312P416,au2312P416,4.62,0.0,0.0,0.0,1,3.68,18.96,1,5.48,4.64,4.66,4.62,3.0,13920.0,47
2023-05-11 00:38:17,au2312P416,au2312P416,4.62,0.0,0.0,0.0,1,3.68,18.9,1,5.48,4.64,4.66,4.62,3.0,13920.0,47
2023-05-11 00:38:31,au2312P416,au2312P416,4.62,0.0,0.0,0.0,1,3.68,18.88,1,5.48,4.64,4.66,4.62,3.0,13920.0,47
2023-05-11 00:38:31,au2312P416,au2312P416,4.62,0.0,0.0,0.0,1,3.68,18.82,1,5.48,4.64,4.66,4.62,3.0,13920.0,47
2023-05-11 00:38:55,au2312P416,au2312P416,4.62,0.0,0.0,0.0,1,3.68,18.8,1,5.48,4.64,4.66,4.62,3.0,13920.0,47
2023-05-11 00:38:55,au2312P416,au2312P416,4.62,0.0,0.0,0.0,1,3.68,18.74,1,5.48,4.64,4.66,4.62,3.0,13920.0,47
2023-05-11 00:39:44,au2312P416,au2312P416,4.62,0.0,0.0,0.0,1,3.68,18.72,1,5.48,4.64,4.66,4.62,3.0,13920.0,47
2023-05-11 00:39:44,au2312P416,au2312P416,4.62,0.0,0.0,0.0,1,3.68,18.66,1,5.48,4.64,4.66,4.62,3.0,13920.0,47
2023-05-11 00:40:03,au2312P416,au2312P416,4.62,0.0,0.0,0.0,1,3.68,18.64,1,5.48,4.64,4.66,4.62,3.0,13920.0,47
2023-05-11 00:40:03,au2312P416,au2312P416,4.62,0.0,0.0,0.0,1,3.68,18.58,1,5.48,4.64,4.66,4.62,3.0,13920.0,47
2023-05-11 00:40:13,au2312P416,au2312P416,4.62,0.0,0.0,0.0,1,3.68,18.56,1,5.48,4.64,4.66,4.62,3.0,13920.0,47
2023-05-11 00:40:13,au2312P416,au2312P416,4.62,0.0,0.0,0.0,1,3.68,18.5,1,5.48,4.64,4.66,4.62,3.0,13920.0,47
2023-05-11 00:41:11,au2312P416,au2312P416,4.62,0.0,0.0,0.0,1,3.68,18.48,1,5.48,4.64,4.66,4.62,3.0,13920.0,47
2023-05-11 00:41:11,au2312P416,au2312P416,4.62,0.0,0.0,0.0,1,3.68,18.42,1,5.48,4.64,4.66,4.62,3.0,13920.0,47
2023-05-11 00:41:21,au2312P416,au2312P416,4.62,0.0,0.0,0.0,1,3.68,18.4,1,5.48,4.64,4.66,4.62,3.0,13920.0,47
2023-05-11 00:41:21,au2312P416,au2312P416,4.62,0.0,0.0,0.0,1,3.68,18.34,1,5.48,4.64,4.66,4.62,3.0,13920.0,47
2023-05-11 00:41:36,au2312P416,au2312P416,4.62,0.0,0.0,0.0,1,3.68,18.32,1,5.48,4.64,4.66,4.62,3.0,13920.0,47
2023-05-11 00:41:36,au2312P416,au2312P416,4.62,0.0,0.0,0.0,1,3.68,18.26,1,5.48,4.64,4.66,4.62,3.0,13920.0,47
2023-05-11 00:41:49,au2312P416,au2312P416,4.62,0.0,0.0,0.0,1,3.68,18.24,1,5.48,4.64,4.66,4.62,3.0,13920.0,47
2023-05-11 00:41:49,au2312P416,au2312P416,4.62,0.0,0.0,0.0,1,3.68,18.18,1,5.48,4.64,4.66,4.62,3.0,13920.0,47
2023-05-11 00:42:27,au2312P416,au2312P416,4.62,0.0,0.0,0.0,1,3.68,18.16,1,5.48,4.64,4.66,4.62,3.0,13920.0,47
2023-05-11 00:42:27,au2312P416,au2312P416,4.62,0.0,0.0,0.0,1,3.68,18.1,1,5.48,4.64,4.66,4.62,3.0,13920.0,47
2023-05-11 00:42:38,au2312P416,au2312P416,4.62,0.0,0.0,0.0,1,3.68,18.08,1,5.48,4.64,4.66,4.62,3.0,13920.0,47
2023-05-11 00:42:38,au2312P416,au2312P416,4.62,0.0,0.0,0.0,1,3.68,18.02,1,5.48,4.64,4.66,4.62,3.0,13920.0,47
2023-05-11 00:42:48,au2312P416,au2312P416,4.62,0.0,0.0,0.0,1,3.68,18.0,1,5.48,4.64,4.66,4.62,3.0,13920.0,47
2023-05-11 00:42:48,au2312P416,au2312P416,4.62,0.0,0.0,0.0,1,3.68,17.94,1,5.48,4.64,4.66,4.62,3.0,13920.0,47
2023-05-11 00:42:59,au2312P416,au2312P416,4.62,0.0,0.0,0.0,1,3.68,17.92,1,5.48,4.64,4.66,4.62,3.0,13920.0,47
2023-05-11 00:42:59,au2312P416,au2312P416,4.62,0.0,0.0,0.0,1,3.68,17.86,1,5.48,4.64,4.66,4.62,3.0,13920.0,47
2023-05-11 00:43:12,au2312P416,au2312P416,4.62,0.0,0.0,0.0,1,3.68,17.84,1,5.48,4.64,4.66,4.62,3.0,13920.0,47
2023-05-11 00:43:12,au2312P416,au2312P416,4.62,0.0,0.0,0.0,1,3.68,17.78,1,5.48,4.64,4.66,4.62,3.0,13920.0,47
2023-05-11 00:43:23,au2312P416,au2312P416,4.62,0.0,0.0,0.0,1,3.68,17.76,1,5.48,4.64,4.66,4.62,3.0,13920.0,47
2023-05-11 00:43:23,au2312P416,au2312P416,4.62,0.0,0.0,0.0,1,3.68,17.7,1,5.48,4.64,4.66,4.62,3.0,13920.0,47
2023-05-11 00:43:33,au2312P416,au2312P416,4.62,0.0,0.0,0.0,1,3.68,17.68,1,5.48,4.64,4.66,4.62,3.0,13920.0,47
2023-05-11 00:43:33,au2312P416,au2312P416,4.62,0.0,0.0,0.0,1,3.68,17.62,1,5.48,4.64,4.66,4.62,3.0,13920.0,47
2023-05-11 00:43:59,au2312P416,au2312P416,4.62,0.0,0.0,0.0,1,3.68,17.6,1,5.48,4.64,4.66,4.62,3.0,13920.0,47
2023-05-11 00:43:59,au2312P416,au2312P416,4.62,0.0,0.0,0.0,1,3.68,17.54,1,5.48,4.64,4.66,4.62,3.0,13920.0,47
2023-05-11 00:44:12,au2312P416,au2312P416,4.62,0.0,0.0,0.0,1,3.68,17.52,1,5.48,4.64,4.66,4.62,3.0,13920.0,47
2023-05-11 00:44:12,au2312P416,au2312P416,4.62,0.0,0.0,0.0,1,3.68,17.46,1,5.48,4.64,4.66,4.62,3.0,13920.0,47
2023-05-11 00:44:22,au2312P416,au2312P416,4.62,0.0,0.0,0.0,1,3.68,17.44,1,5.48,4.64,4.66,4.62,3.0,13920.0,47
2023-05-11 00:44:22,au2312P416,au2312P416,4.62,0.0,0.0,0.0,1,3.68,17.38,1,5.48,4.64,4.66,4.62,3.0,13920.0,47
2023-05-11 00:44:32,au2312P416,au2312P416,4.62,0.0,0.0,0.0,1,3.68,17.36,1,5.48,4.64,4.66,4.62,3.0,13920.0,47
2023-05-11 00:44:32,au2312P416,au2312P416,4.62,0.0,0.0,0.0,1,3.68,17.3,1,5.48,4.64,4.66,4.62,3.0,13920.0,47
2023-05-11 00:44:43,au2312P416,au2312P416,4.62,0.0,0.0,0.0,1,3.68,17.28,1,5.48,4.64,4.66,4.62,3.0,13920.0,47
2023-05-11 00:44:43,au2312P416,au2312P416,4.62,0.0,0.0,0.0,1,3.68,17.22,1,5.48,4.64,4.66,4.62,3.0,13920.0,47
2023-05-11 00:44:53,au2312P416,au2312P416,4.62,0.0,0.0,0.0,1,3.68,17.2,1,5.48,4.64,4.66,4.62,3.0,13920.0,47
2023-05-11 00:44:53,au2312P416,au2312P416,4.62,0.0,0.0,0.0,1,3.68,17.14,1,5.48,4.64,4.66,4.62,3.0,13920.0,47
2023-05-11 00:45:05,au2312P416,au2312P416,4.62,0.0,0.0,0.0,1,3.68,17.12,1,5.48,4.64,4.66,4.62,3.0,13920.0,47
2023-05-11 00:45:05,au2312P416,au2312P416,4.62,0.0,0.0,0.0,1,3.68,17.06,1,5.48,4.64,4.66,4.62,3.0,13920.0,47
2023-05-11 00:45:18,au2312P416,au2312P416,4.62,0.0,0.0,0.0,1,3.68,17.04,1,5.48,4.64,4.66,4.62,3.0,13920.0,47
2023-05-11 00:45:18,au2312P416,au2312P416,4.62,0.0,0.0,0.0,1,3.68,16.98,1,5.48,4.64,4.66,4.62,3.0,13920.0,47
2023-05-11 00:45:28,au2312P416,au2312P416,4.62,0.0,0.0,0.0,1,3.68,16.96,1,5.48,4.64,4.66,4.62,3.0,13920.0,47
2023-05-11 00:45:28,au2312P416,au2312P416,4.62,0.0,0.0,0.0,1,3.68,16.9,1,5.48,4.64,4.66,4.62,3.0,13920.0,47
2023-05-11 00:45:40,au2312P416,au2312P416,4.62,0.0,0.0,0.0,1,3.68,16.88,1,5.48,4.64,4.66,4.62,3.0,13920.0,47
2023-05-11 00:45:40,au2312P416,au2312P416,4.62,0.0,0.0,0.0,1,3.68,16.82,1,5.48,4.64,4.66,4.62,3.0,13920.0,47
2023-05-11 00:45:53,au2312P416,au2312P416,4.62,0.0,0.0,0.0,1,3.68,16.8,1,5.48,4.64,4.66,4.62,3.0,13920.0,47
2023-05-11 00:45:53,au2312P416,au2312P416,4.62,0.0,0.0,0.0,1,3.68,16.74,1,5.48,4.64,4.66,4.62,3.0,13920.0,47
2023-05-11 00:46:05,au2312P416,au2312P416,4.62,0.0,0.0,0.0,1,3.68,16.72,1,5.48,4.64,4.66,4.62,3.0,13920.0,47
2023-05-11 00:46:05,au2312P416,au2312P416,4.62,0.0,0.0,0.0,1,3.68,16.66,1,5.48,4.64,4.66,4.62,3.0,13920.0,47
2023-05-11 00:46:15,au2312P416,au2312P416,4.62,0.0,0.0,0.0,1,3.68,16.64,1,5.48,4.64,4.66,4.62,3.0,13920.0,47
2023-05-11 00:46:15,au2312P416,au2312P416,4.62,0.0,0.0,0.0,1,3.68,16.58,1,5.48,4.64,4.66,4.62,3.0,13920.0,47
2023-05-11 00:46:25,au2312P416,au2312P416,4.62,0.0,0.0,0.0,1,3.68,16.56,1,5.48,4.64,4.66,4.62,3.0,13920.0,47
2023-05-11 00:46:25,au2312P416,au2312P416,4.62,0.0,0.0,0.0,1,3.68,16.5,1,5.48,4.64,4.66,4.62,3.0,13920.0,47
2023-05-11 00:46:35,au2312P416,au2312P416,4.62,0.0,0.0,0.0,1,3.68,16.48,1,5.48,4.64,4.66,4.62,3.0,13920.0,47
2023-05-11 00:46:35,au2312P416,au2312P416,4.62,0.0,0.0,0.0,1,3.68,16.42,1,5.48,4.64,4.66,4.62,3.0,13920.0,47
2023-05-11 00:46:46,au2312P416,au2312P416,4.62,0.0,0.0,0.0,1,3.68,16.4,1,5.48,4.64,4.66,4.62,3.0,13920.0,47
2023-05-11 00:46:46,au2312P416,au2312P416,4.62,0.0,0.0,0.0,1,3.68,16.34,1,5.48,4.64,4.66,4.62,3.0,13920.0,47
2023-05-11 00:46:56,au2312P416,au2312P416,4.62,0.0,0.0,0.0,1,3.68,16.32,1,5.48,4.64,4.66,4.62,3.0,13920.0,47
2023-05-11 00:46:56,au2312P416,au2312P416,4.62,0.0,0.0,0.0,1,3.68,16.26,1,5.48,4.64,4.66,4.62,3.0,13920.0,47
2023-05-11 00:47:07,au2312P416,au2312P416,4.62,0.0,0.0,0.0,1,3.68,16.24,1,5.48,4.64,4.66,4.62,3.0,13920.0,47
2023-05-11 00:47:07,au2312P416,au2312P416,4.62,0.0,0.0,0.0,1,3.68,16.18,1,5.48,4.64,4.66,4.62,3.0,13920.0,47
2023-05-11 00:47:17,au2312P416,au2312P416,4.62,0.0,0.0,0.0,1,3.68,16.16,1,5.48,4.64,4.66,4.62,3.0,13920.0,47
2023-05-11 00:47:17,au2312P416,au2312P416,4.62,0.0,0.0,0.0,1,3.68,16.1,1,5.48,4.64,4.66,4.62,3.0,13920.0,47
2023-05-11 00:47:27,au2312P416,au2312P416,4.62,0.0,0.0,0.0,1,3.68,16.08,1,5.48,4.64,4.66,4.62,3.0,13920.0,47
2023-05-11 00:47:27,au2312P416,au2312P416,4.62,0.0,0.0,0.0,1,3.68,16.02,1,5.48,4.64,4.66,4.62,3.0,13920.0,47
2023-05-11 00:47:38,au2312P416,au2312P416,4.62,0.0,0.0,0.0,1,3.68,16.0,1,5.48,4.64,4.66,4.62,3.0,13920.0,47
2023-05-11 00:47:38,au2312P416,au2312P416,4.62,0.0,0.0,0.0,1,3.68,15.94,1,5.48,4.64,4.66,4.62,3.0,13920.0,47
2023-05-11 00:47:49,au2312P416,au2312P416,4.62,0.0,0.0,0.0,1,3.68,15.92,1,5.48,4.64,4.66,4.62,3.0,13920.0,47
2023-05-11 00:47:49,au2312P416,au2312P416,4.62,0.0,0.0,0.0,1,3.68,15.86,1,5.48,4.64,4.66,4.62,3.0,13920.0,47
2023-05-11 00:47:59,au2312P416,au2312P416,4.62,0.0,0.0,0.0,1,3.68,15.84,1,5.48,4.64,4.66,4.62,3.0,13920.0,47
2023-05-11 00:47:59,au2312P416,au2312P416,4.62,0.0,0.0,0.0,1,3.68,15.78,1,5.48,4.64,4.66,4.62,3.0,13920.0,47
2023-05-11 00:48:10,au2312P416,au2312P416,4.62,0.0,0.0,0.0,1,3.68,15.76,1,5.48,4.64,4.66,4.62,3.0,13920.0,47
2023-05-11 00:48:10,au2312P416,au2312P416,4.62,0.0,0.0,0.0,1,3.68,15.7,1,5.48,4.64,4.66,4.62,3.0,13920.0,47
2023-05-11 00:48:23,au2312P416,au2312P416,4.62,0.0,0.0,0.0,1,3.68,15.68,1,5.48,4.64,4.66,4.62,3.0,13920.0,47
2023-05-11 00:48:23,au2312P416,au2312P416,4.62,0.0,0.0,0.0,1,3.68,15.62,1,5.48,4.64,4.66,4.62,3.0,13920.0,47
2023-05-11 00:48:33,au2312P416,au2312P416,4.62,0.0,0.0,0.0,1,3.68,15.6,1,5.48,4.64,4.66,4.62,3.0,13920.0,47
2023-05-11 00:48:33,au2312P416,au2312P416,4.62,0.0,0.0,0.0,1,3.68,15.54,1,5.48,4.64,4.66,4.62,3.0,13920.0,47
2023-05-11 00:48:43,au2312P416,au2312P416,4.62,0.0,0.0,0.0,1,3.68,15.52,1,5.48,4.64,4.66,4.62,3.0,13920.0,47
2023-05-11 00:48:43,au2312P416,au2312P416,4.62,0.0,0.0,0.0,1,3.68,15.46,1,5.48,4.64,4.66,4.62,3.0,13920.0,47
2023-05-11 00:48:56,au2312P416,au2312P416,4.62,0.0,0.0,0.0,1,3.68,15.44,1,5.48,4.64,4.66,4.62,3.0,13920.0,47
2023-05-11 00:48:56,au2312P416,au2312P416,4.62,0.0,0.0,0.0,1,3.68,15.38,1,5.48,4.64,4.66,4.62,3.0,13920.0,47
2023-05-11 00:49:06,au2312P416,au2312P416,4.62,0.0,0.0,0.0,1,3.68,15.36,1,5.48,4.64,4.66,4.62,3.0,13920.0,47
2023-05-11 00:49:06,au2312P416,au2312P416,4.62,0.0,0.0,0.0,1,3.68,15.3,1,5.48,4.64,4.66,4.62,3.0,13920.0,47
2023-05-11 00:49:16,au2312P416,au2312P416,4.62,0.0,0.0,0.0,1,3.68,15.28,1,5.48,4.64,4.66,4.62,3.0,13920.0,47
2023-05-11 00:49:16,au2312P416,au2312P416,4.62,0.0,0.0,0.0,1,3.68,15.22,1,5.48,4.64,4.66,4.62,3.0,13920.0,47
2023-05-11 00:49:26,au2312P416,au2312P416,4.62,0.0,0.0,0.0,1,3.68,15.2,1,5.48,4.64,4.66,4.62,3.0,13920.0,47
2023-05-11 00:49:26,au2312P416,au2312P416,4.62,0.0,0.0,0.0,1,3.68,15.14,1,5.48,4.64,4.66,4.62,3.0,13920.0,47
2023-05-11 00:49:36,au2312P416,au2312P416,4.62,0.0,0.0,0.0,1,3.68,15.12,1,5.48,4.64,4.66,4.62,3.0,13920.0,47
2023-05-11 00:49:36,au2312P416,au2312P416,4.62,0.0,0.0,0.0,1,3.68,15.06,1,5.48,4.64,4.66,4.62,3.0,13920.0,47
2023-05-11 00:49:53,au2312P416,au2312P416,4.62,0.0,0.0,0.0,1,3.68,15.04,1,5.48,4.64,4.66,4.62,3.0,13920.0,47
2023-05-11 00:49:53,au2312P416,au2312P416,4.62,0.0,0.0,0.0,1,3.68,14.98,1,5.48,4.64,4.66,4.62,3.0,13920.0,47
2023-05-11 00:50:03,au2312P416,au2312P416,4.62,0.0,0.0,0.0,1,3.68,14.96,1,5.48,4.64,4.66,4.62,3.0,13920.0,47
2023-05-11 00:50:03,au2312P416,au2312P416,4.62,0.0,0.0,0.0,1,3.68,14.9,1,5.48,4.64,4.66,4.62,3.0,13920.0,47
2023-05-11 00:50:13,au2312P416,au2312P416,4.62,0.0,0.0,0.0,1,3.68,14.88,1,5.48,4.64,4.66,4.62,3.0,13920.0,47
2023-05-11 00:50:13,au2312P416,au2312P416,4.62,0.0,0.0,0.0,1,3.68,14.82,1,5.48,4.64,4.66,4.62,3.0,13920.0,47
2023-05-11 00:50:24,au2312P416,au2312P416,4.62,0.0,0.0,0.0,1,3.68,14.8,1,5.48,4.64,4.66,4.62,3.0,13920.0,47
2023-05-11 00:50:24,au2312P416,au2312P416,4.62,0.0,0.0,0.0,1,3.68,14.74,1,5.48,4.64,4.66,4.62,3.0,13920.0,47
2023-05-11 00:50:36,au2312P416,au2312P416,4.62,0.0,0.0,0.0,1,3.68,14.72,1,5.48,4.64,4.66,4.62,3.0,13920.0,47
2023-05-11 00:50:36,au2312P416,au2312P416,4.62,0.0,0.0,0.0,1,3.68,14.66,1,5.48,4.64,4.66,4.62,3.0,13920.0,47
2023-05-11 00:50:46,au2312P416,au2312P416,4.62,0.0,0.0,0.0,1,3.68,14.64,1,5.48,4.64,4.66,4.62,3.0,13920.0,47
2023-05-11 00:50:46,au2312P416,au2312P416,4.62,0.0,0.0,0.0,1,3.68,14.58,1,5.48,4.64,4.66,4.62,3.0,13920.0,47
2023-05-11 00:51:05,au2312P416,au2312P416,4.62,0.0,0.0,0.0,1,3.68,14.56,1,5.48,4.64,4.66,4.62,3.0,13920.0,47
2023-05-11 00:51:05,au2312P416,au2312P416,4.62,0.0,0.0,0.0,1,3.68,14.5,1,5.48,4.64,4.66,4.62,3.0,13920.0,47
2023-05-11 00:51:18,au2312P416,au2312P416,4.62,0.0,0.0,0.0,1,3.68,14.48,1,5.48,4.64,4.66,4.62,3.0,13920.0,47
2023-05-11 00:51:18,au2312P416,au2312P416,4.62,0.0,0.0,0.0,1,3.68,14.42,1,5.48,4.64,4.66,4.62,3.0,13920.0,47
2023-05-11 00:51:30,au2312P416,au2312P416,4.62,0.0,0.0,0.0,1,3.68,14.4,1,5.48,4.64,4.66,4.62,3.0,13920.0,47
2023-05-11 00:51:30,au2312P416,au2312P416,4.62,0.0,0.0,0.0,1,3.68,14.34,1,5.48,4.64,4.66,4.62,3.0,13920.0,47
2023-05-11 00:51:42,au2312P416,au2312P416,4.62,0.0,0.0,0.0,1,3.68,14.32,1,5.48,4.64,4.66,4.62,3.0,13920.0,47
2023-05-11 00:51:42,au2312P416,au2312P416,4.62,0.0,0.0,0.0,1,3.68,14.26,1,5.48,4.64,4.66,4.62,3.0,13920.0,47
2023-05-11 00:51:54,au2312P416,au2312P416,4.62,0.0,0.0,0.0,1,3.68,14.24,1,5.48,4.64,4.66,4.62,3.0,13920.0,47
2023-05-11 00:51:54,au2312P416,au2312P416,4.62,0.0,0.0,0.0,1,3.68,14.18,1,5.48,4.64,4.66,4.62,3.0,13920.0,47
2023-05-11 00:52:12,au2312P416,au2312P416,4.62,0.0,0.0,0.0,1,3.68,14.16,1,5.48,4.64,4.66,4.62,3.0,13920.0,47
2023-05-11 00:52:12,au2312P416,au2312P416,4.62,0.0,0.0,0.0,1,3.68,14.1,1,5.48,4.64,4.66,4.62,3.0,13920.0,47
2023-05-11 00:52:22,au2312P416,au2312P416,4.62,0.0,0.0,0.0,1,3.68,14.08,1,5.48,4.64,4.66,4.62,3.0,13920.0,47
2023-05-11 00:52:22,au2312P416,au2312P416,4.62,0.0,0.0,0.0,1,3.68,14.02,1,5.48,4.64,4.66,4.62,3.0,13920.0,47
2023-05-11 00:52:32,au2312P416,au2312P416,4.62,0.0,0.0,0.0,1,3.68,14.0,1,5.48,4.64,4.66,4.62,3.0,13920.0,47
2023-05-11 00:52:32,au2312P416,au2312P416,4.62,0.0,0.0,0.0,1,3.68,13.94,1,5.48,4.64,4.66,4.62,3.0,13920.0,47
2023-05-11 00:53:02,au2312P416,au2312P416,4.62,0.0,0.0,0.0,1,3.68,13.92,1,5.48,4.64,4.66,4.62,3.0,13920.0,47
2023-05-11 00:53:02,au2312P416,au2312P416,4.62,0.0,0.0,0.0,1,3.68,13.86,1,5.48,4.64,4.66,4.62,3.0,13920.0,47
2023-05-11 00:53:16,au2312P416,au2312P416,4.62,0.0,0.0,0.0,1,3.68,13.84,1,5.48,4.64,4.66,4.62,3.0,13920.0,47
2023-05-11 00:53:16,au2312P416,au2312P416,4.62,0.0,0.0,0.0,1,3.68,13.78,1,5.48,4.64,4.66,4.62,3.0,13920.0,47
2023-05-11 00:53:31,au2312P416,au2312P416,4.62,0.0,0.0,0.0,1,3.68,13.76,1,5.48,4.64,4.66,4.62,3.0,13920.0,47
2023-05-11 00:53:31,au2312P416,au2312P416,4.62,0.0,0.0,0.0,1,3.68,13.7,1,5.48,4.64,4.66,4.62,3.0,13920.0,47
2023-05-11 00:53:43,au2312P416,au2312P416,4.62,0.0,0.0,0.0,1,3.68,13.68,1,5.48,4.64,4.66,4.62,3.0,13920.0,47
2023-05-11 00:53:43,au2312P416,au2312P416,4.62,0.0,0.0,0.0,1,3.68,13.62,1,5.48,4.64,4.66,4.62,3.0,13920.0,47
2023-05-11 00:53:56,au2312P416,au2312P416,4.62,0.0,0.0,0.0,1,3.68,13.6,1,5.48,4.64,4.66,4.62,3.0,13920.0,47
2023-05-11 00:53:56,au2312P416,au2312P416,4.62,0.0,0.0,0.0,1,3.68,13.54,1,5.48,4.64,4.66,4.62,3.0,13920.0,47
2023-05-11 00:54:12,au2312P416,au2312P416,4.62,0.0,0.0,0.0,1,3.68,13.52,1,5.48,4.64,4.66,4.62,3.0,13920.0,47
2023-05-11 00:54:12,au2312P416,au2312P416,4.62,0.0,0.0,0.0,1,3.68,13.46,1,5.48,4.64,4.66,4.62,3.0,13920.0,47
2023-05-11 00:54:22,au2312P416,au2312P416,4.62,0.0,0.0,0.0,1,3.68,13.44,1,5.48,4.64,4.66,4.62,3.0,13920.0,47
2023-05-11 00:54:22,au2312P416,au2312P416,4.62,0.0,0.0,0.0,1,3.68,13.38,1,5.48,4.64,4.66,4.62,3.0,13920.0,47
2023-05-11 00:54:32,au2312P416,au2312P416,4.62,0.0,0.0,0.0,1,3.68,13.36,1,5.48,4.64,4.66,4.62,3.0,13920.0,47
2023-05-11 00:54:32,au2312P416,au2312P416,4.62,0.0,0.0,0.0,1,3.68,13.3,1,5.48,4.64,4.66,4.62,3.0,13920.0,47
2023-05-11 00:54:47,au2312P416,au2312P416,4.62,0.0,0.0,0.0,1,3.68,13.28,1,5.48,4.64,4.66,4.62,3.0,13920.0,47
2023-05-11 00:54:47,au2312P416,au2312P416,4.62,0.0,0.0,0.0,1,3.68,13.22,1,5.48,4.64,4.66,4.62,3.0,13920.0,47
2023-05-11 00:54:57,au2312P416,au2312P416,4.62,0.0,0.0,0.0,1,3.68,13.2,1,5.48,4.64,4.66,4.62,3.0,13920.0,47
2023-05-11 00:54:57,au2312P416,au2312P416,4.62,0.0,0.0,0.0,1,3.68,13.14,1,5.48,4.64,4.66,4.62,3.0,13920.0,47
2023-05-11 00:55:03,au2312P416,au2312P416,4.62,0.0,0.0,0.0,1,3.66,13.14,1,5.48,4.64,4.66,4.62,3.0,13920.0,47
2023-05-11 00:57:48,au2312P416,au2312P416,4.62,0.0,0.0,0.0,1,3.66,13.12,1,5.48,4.64,4.66,4.62,3.0,13920.0,47
2023-05-11 00:57:48,au2312P416,au2312P416,4.62,0.0,0.0,0.0,1,3.66,13.06,1,5.48,4.64,4.66,4.62,3.0,13920.0,47
2023-05-11 00:58:07,au2312P416,au2312P416,4.62,0.0,0.0,0.0,1,3.66,13.04,1,5.48,4.64,4.66,4.62,3.0,13920.0,47
2023-05-11 00:58:07,au2312P416,au2312P416,4.62,0.0,0.0,0.0,1,3.66,12.98,1,5.48,4.64,4.66,4.62,3.0,13920.0,47
2023-05-11 00:58:30,au2312P416,au2312P416,4.62,0.0,0.0,0.0,1,3.66,12.96,1,5.48,4.64,4.66,4.62,3.0,13920.0,47
2023-05-11 00:58:30,au2312P416,au2312P416,4.62,0.0,0.0,0.0,1,3.68,12.9,1,5.48,4.64,4.66,4.62,3.0,13920.0,47
2023-05-11 00:58:41,au2312P416,au2312P416,4.62,0.0,0.0,0.0,1,3.68,12.88,1,5.48,4.64,4.66,4.62,3.0,13920.0,47
2023-05-11 00:58:41,au2312P416,au2312P416,4.62,0.0,0.0,0.0,1,3.68,12.82,1,5.48,4.64,4.66,4.62,3.0,13920.0,47
2023-05-11 00:58:56,au2312P416,au2312P416,4.62,0.0,0.0,0.0,1,3.68,12.8,1,5.48,4.64,4.66,4.62,3.0,13920.0,47
2023-05-11 00:58:56,au2312P416,au2312P416,4.62,0.0,0.0,0.0,1,3.68,12.74,1,5.48,4.64,4.66,4.62,3.0,13920.0,47
2023-05-11 00:59:16,au2312P416,au2312P416,4.62,0.0,0.0,0.0,1,3.68,12.72,1,5.48,4.64,4.66,4.62,3.0,13920.0,47
2023-05-11 00:59:16,au2312P416,au2312P416,4.62,0.0,0.0,0.0,1,3.68,12.66,1,5.48,4.64,4.66,4.62,3.0,13920.0,47
2023-05-11 00:59:26,au2312P416,au2312P416,4.62,0.0,0.0,0.0,1,3.68,12.64,1,5.48,4.64,4.66,4.62,3.0,13920.0,47
2023-05-11 00:59:26,au2312P416,au2312P416,4.62,0.0,0.0,0.0,1,3.68,12.58,1,5.48,4.64,4.66,4.62,3.0,13920.0,47
2023-05-11 00:59:36,au2312P416,au2312P416,4.62,0.0,0.0,0.0,1,3.68,12.56,1,5.48,4.64,4.66,4.62,3.0,13920.0,47
2023-05-11 00:59:36,au2312P416,au2312P416,4.62,0.0,0.0,0.0,1,3.68,12.5,1,5.48,4.64,4.66,4.62,3.0,13920.0,47
2023-05-11 00:59:46,au2312P416,au2312P416,4.62,0.0,0.0,0.0,1,3.68,12.48,1,5.48,4.64,4.66,4.62,3.0,13920.0,47
2023-05-11 00:59:46,au2312P416,au2312P416,4.62,0.0,0.0,0.0,1,3.68,12.42,1,5.48,4.64,4.66,4.62,3.0,13920.0,47
2023-05-11 00:59:56,au2312P416,au2312P416,4.62,0.0,0.0,0.0,1,3.68,12.4,1,5.48,4.64,4.66,4.62,3.0,13920.0,47
2023-05-11 01:00:04,au2312P416,au2312P416,4.62,0.0,0.0,0.0,1,3.68,12.34,1,5.48,4.64,4.66,4.62,3.0,13920.0,47
2023-05-11 01:00:06,au2312P416,au2312P416,4.62,0.0,0.0,0.0,1,3.68,12.32,1,5.48,4.64,4.66,4.62,3.0,13920.0,47
2023-05-11 01:00:06,au2312P416,au2312P416,4.62,0.0,0.0,0.0,1,3.68,12.26,1,5.48,4.64,4.66,4.62,3.0,13920.0,47
2023-05-11 01:00:16,au2312P416,au2312P416,4.62,0.0,0.0,0.0,1,3.68,12.24,1,5.48,4.64,4.66,4.62,3.0,13920.0,47
2023-05-11 01:00:16,au2312P416,au2312P416,4.62,0.0,0.0,0.0,1,3.68,12.18,1,5.48,4.64,4.66,4.62,3.0,13920.0,47
2023-05-11 01:00:27,au2312P416,au2312P416,4.62,0.0,0.0,0.0,1,3.68,12.16,1,5.48,4.64,4.66,4.62,3.0,13920.0,47
2023-05-11 01:00:27,au2312P416,au2312P416,4.62,0.0,0.0,0.0,1,3.68,12.1,1,5.48,4.64,4.66,4.62,3.0,13920.0,47
2023-05-11 01:00:37,au2312P416,au2312P416,4.62,0.0,0.0,0.0,1,3.68,12.08,1,5.48,4.64,4.66,4.62,3.0,13920.0,47
2023-05-11 01:00:37,au2312P416,au2312P416,4.62,0.0,0.0,0.0,1,3.68,12.02,1,5.48,4.64,4.66,4.62,3.0,13920.0,47
2023-05-11 01:00:47,au2312P416,au2312P416,4.62,0.0,0.0,0.0,1,3.68,12.0,1,5.48,4.64,4.66,4.62,3.0,13920.0,47
2023-05-11 01:00:47,au2312P416,au2312P416,4.62,0.0,0.0,0.0,1,3.68,11.94,1,5.48,4.64,4.66,4.62,3.0,13920.0,47
2023-05-11 01:00:57,au2312P416,au2312P416,4.62,0.0,0.0,0.0,1,3.68,11.92,1,5.48,4.64,4.66,4.62,3.0,13920.0,47
2023-05-11 01:00:57,au2312P416,au2312P416,4.62,0.0,0.0,0.0,1,3.68,11.86,1,5.48,4.64,4.66,4.62,3.0,13920.0,47
2023-05-11 01:01:08,au2312P416,au2312P416,4.62,0.0,0.0,0.0,1,3.68,11.84,1,5.48,4.64,4.66,4.62,3.0,13920.0,47
2023-05-11 01:01:08,au2312P416,au2312P416,4.62,0.0,0.0,0.0,1,3.68,11.78,1,5.48,4.64,4.66,4.62,3.0,13920.0,47
2023-05-11 01:01:19,au2312P416,au2312P416,4.62,0.0,0.0,0.0,1,3.68,11.76,1,5.48,4.64,4.66,4.62,3.0,13920.0,47
2023-05-11 01:01:19,au2312P416,au2312P416,4.62,0.0,0.0,0.0,1,3.68,11.7,1,5.48,4.64,4.66,4.62,3.0,13920.0,47
2023-05-11 01:01:29,au2312P416,au2312P416,4.62,0.0,0.0,0.0,1,3.68,11.68,1,5.48,4.64,4.66,4.62,3.0,13920.0,47
2023-05-11 01:01:29,au2312P416,au2312P416,4.62,0.0,0.0,0.0,1,3.68,11.62,1,5.48,4.64,4.66,4.62,3.0,13920.0,47
2023-05-11 01:01:44,au2312P416,au2312P416,4.62,0.0,0.0,0.0,1,3.68,11.6,1,5.48,4.64,4.66,4.62,3.0,13920.0,47
2023-05-11 01:01:44,au2312P416,au2312P416,4.62,0.0,0.0,0.0,1,3.68,11.54,1,5.48,4.64,4.66,4.62,3.0,13920.0,47
2023-05-11 01:01:55,au2312P416,au2312P416,4.62,0.0,0.0,0.0,1,3.68,11.52,1,5.48,4.64,4.66,4.62,3.0,13920.0,47
2023-05-11 01:01:55,au2312P416,au2312P416,4.62,0.0,0.0,0.0,1,3.68,11.46,1,5.48,4.64,4.66,4.62,3.0,13920.0,47
2023-05-11 01:02:07,au2312P416,au2312P416,4.62,0.0,0.0,0.0,1,3.68,11.44,1,5.48,4.64,4.66,4.62,3.0,13920.0,47
2023-05-11 01:02:07,au2312P416,au2312P416,4.62,0.0,0.0,0.0,1,3.68,11.38,1,5.48,4.64,4.66,4.62,3.0,13920.0,47
2023-05-11 01:02:17,au2312P416,au2312P416,4.62,0.0,0.0,0.0,1,3.68,11.36,1,5.48,4.64,4.66,4.62,3.0,13920.0,47
2023-05-11 01:02:17,au2312P416,au2312P416,4.62,0.0,0.0,0.0,1,3.68,11.3,1,5.48,4.64,4.66,4.62,3.0,13920.0,47
2023-05-11 01:02:28,au2312P416,au2312P416,4.62,0.0,0.0,0.0,1,3.68,11.28,1,5.48,4.64,4.66,4.62,3.0,13920.0,47
2023-05-11 01:02:28,au2312P416,au2312P416,4.62,0.0,0.0,0.0,1,3.68,11.22,1,5.48,4.64,4.66,4.62,3.0,13920.0,47
2023-05-11 01:02:38,au2312P416,au2312P416,4.62,0.0,0.0,0.0,1,3.68,11.2,1,5.48,4.64,4.66,4.62,3.0,13920.0,47
2023-05-11 01:02:38,au2312P416,au2312P416,4.62,0.0,0.0,0.0,1,3.68,11.14,1,5.48,4.64,4.66,4.62,3.0,13920.0,47
2023-05-11 01:02:48,au2312P416,au2312P416,4.62,0.0,0.0,0.0,1,3.68,11.12,1,5.48,4.64,4.66,4.62,3.0,13920.0,47
2023-05-11 01:02:48,au2312P416,au2312P416,4.62,0.0,0.0,0.0,1,3.68,11.06,1,5.48,4.64,4.66,4.62,3.0,13920.0,47
2023-05-11 01:02:58,au2312P416,au2312P416,4.62,0.0,0.0,0.0,1,4.5,4.58,1,5.48,4.64,4.66,4.62,3.0,13920.0,47
2023-05-11 01:02:58,au2312P416,au2312P416,4.62,0.0,0.0,0.0,1,4.5,4.58,1,5.48,4.64,4.66,4.62,3.0,13920.0,47
2023-05-11 01:03:00,au2312P416,au2312P416,4.62,0.0,0.0,0.0,1,4.5,4.58,2,5.48,4.64,4.66,4.62,3.0,13920.0,47
2023-05-11 01:03:05,au2312P416,au2312P416,4.62,0.0,0.0,0.0,1,4.5,4.58,3,5.48,4.64,4.66,4.62,3.0,13920.0,47
2023-05-11 01:03:07,au2312P416,au2312P416,4.62,0.0,0.0,0.0,2,4.5,4.58,4,5.48,4.64,4.66,4.62,3.0,13920.0,47
2023-05-11 01:03:08,au2312P416,au2312P416,4.62,0.0,0.0,0.0,2,4.5,4.58,4,5.48,4.64,4.66,4.62,3.0,13920.0,47
2023-05-11 01:03:08,au2312P416,au2312P416,4.62,0.0,0.0,0.0,3,4.5,4.58,5,5.48,4.64,4.66,4.62,3.0,13920.0,47
2023-05-11 01:03:09,au2312P416,au2312P416,4.62,0.0,0.0,0.0,2,4.5,4.58,4,5.48,4.64,4.66,4.62,3.0,13920.0,47
2023-05-11 01:03:09,au2312P416,au2312P416,4.62,0.0,0.0,0.0,2,4.5,4.58,4,5.48,4.64,4.66,4.62,3.0,13920.0,47
2023-05-11 01:03:10,au2312P416,au2312P416,4.62,0.0,0.0,0.0,2,4.5,4.58,4,5.48,4.64,4.66,4.62,3.0,13920.0,47
2023-05-11 01:03:12,au2312P416,au2312P416,4.62,0.0,0.0,0.0,2,4.5,4.58,3,5.48,4.64,4.66,4.62,3.0,13920.0,47
2023-05-11 01:03:16,au2312P416,au2312P416,4.62,0.0,0.0,0.0,2,4.5,4.58,2,5.48,4.64,4.66,4.62,3.0,13920.0,47
2023-05-11 01:03:17,au2312P416,au2312P416,4.62,0.0,0.0,0.0,1,4.5,4.58,1,5.48,4.64,4.66,4.62,3.0,13920.0,47
2023-05-11 01:03:18,au2312P416,au2312P416,4.62,0.0,0.0,0.0,1,4.42,4.66,1,5.48,4.64,4.66,4.62,3.0,13920.0,47
2023-05-11 01:03:20,au2312P416,au2312P416,4.62,0.0,0.0,0.0,1,3.66,11.04,1,5.48,4.64,4.66,4.62,3.0,13920.0,47
2023-05-11 01:03:20,au2312P416,au2312P416,4.62,0.0,0.0,0.0,1,3.68,10.98,1,5.48,4.64,4.66,4.62,3.0,13920.0,47
2023-05-11 01:05:38,au2312P416,au2312P416,4.62,0.0,0.0,0.0,1,4.4,4.6,1,5.48,4.64,4.66,4.62,3.0,13920.0,47
2023-05-11 01:05:39,au2312P416,au2312P416,4.62,0.0,0.0,0.0,1,4.4,4.6,1,5.48,4.64,4.66,4.62,3.0,13920.0,47
2023-05-11 01:05:40,au2312P416,au2312P416,4.62,0.0,0.0,0.0,1,4.4,4.6,2,5.48,4.64,4.66,4.62,3.0,13920.0,47
2023-05-11 01:05:41,au2312P416,au2312P416,4.62,0.0,0.0,0.0,2,4.4,4.6,3,5.48,4.64,4.66,4.62,3.0,13920.0,47
2023-05-11 01:05:45,au2312P416,au2312P416,4.62,0.0,0.0,0.0,2,4.4,4.58,1,5.48,4.64,4.66,4.62,3.0,13920.0,47
2023-05-11 01:05:47,au2312P416,au2312P416,4.62,0.0,0.0,0.0,3,4.4,4.58,2,5.48,4.64,4.66,4.62,3.0,13920.0,47
2023-05-11 01:05:48,au2312P416,au2312P416,4.62,0.0,0.0,0.0,3,4.4,4.58,2,5.48,4.64,4.66,4.62,3.0,13920.0,47
2023-05-11 01:05:49,au2312P416,au2312P416,4.62,0.0,0.0,0.0,1,4.46,4.54,1,5.48,4.64,4.66,4.62,3.0,13920.0,47
2023-05-11 01:05:49,au2312P416,au2312P416,4.62,0.0,0.0,0.0,1,4.46,4.54,1,5.48,4.64,4.66,4.62,3.0,13920.0,47
2023-05-11 01:05:50,au2312P416,au2312P416,4.62,0.0,0.0,0.0,1,4.46,4.54,1,5.48,4.64,4.66,4.62,3.0,13920.0,47
2023-05-11 01:05:52,au2312P416,au2312P416,4.62,0.0,0.0,0.0,1,4.46,4.54,1,5.48,4.64,4.66,4.62,3.0,13920.0,47
2023-05-11 01:05:53,au2312P416,au2312P416,4.62,0.0,0.0,0.0,1,4.46,4.54,1,5.48,4.64,4.66,4.62,3.0,13920.0,47
2023-05-11 01:05:56,au2312P416,au2312P416,4.62,0.0,0.0,0.0,1,4.46,4.54,1,5.48,4.64,4.66,4.62,3.0,13920.0,47
2023-05-11 01:05:58,au2312P416,au2312P416,4.62,0.0,0.0,0.0,1,4.46,4.54,1,5.48,4.64,4.66,4.62,3.0,13920.0,47
2023-05-11 01:05:59,au2312P416,au2312P416,4.62,0.0,0.0,0.0,1,4.46,4.54,1,5.48,4.64,4.66,4.62,3.0,13920.0,47
2023-05-11 01:06:00,au2312P416,au2312P416,4.62,0.0,0.0,0.0,1,4.42,4.58,1,5.48,4.64,4.66,4.62,3.0,13920.0,47
2023-05-11 01:06:00,au2312P416,au2312P416,4.62,0.0,0.0,0.0,1,4.42,4.58,1,5.48,4.64,4.66,4.62,3.0,13920.0,47
2023-05-11 01:06:01,au2312P416,au2312P416,4.62,0.0,0.0,0.0,1,3.66,11.04,1,5.48,4.64,4.66,4.62,3.0,13920.0,47
2023-05-11 01:06:01,au2312P416,au2312P416,4.62,0.0,0.0,0.0,1,3.68,10.98,1,5.48,4.64,4.66,4.62,3.0,13920.0,47
2023-05-11 01:07:02,au2312P416,au2312P416,4.62,0.0,0.0,0.0,1,4.5,4.58,1,5.48,4.64,4.66,4.62,3.0,13920.0,47
2023-05-11 01:07:03,au2312P416,au2312P416,4.62,0.0,0.0,0.0,1,4.5,4.58,1,5.48,4.64,4.66,4.62,3.0,13920.0,47
2023-05-11 01:07:04,au2312P416,au2312P416,4.62,0.0,0.0,0.0,1,4.5,4.58,1,5.48,4.64,4.66,4.62,3.0,13920.0,47
2023-05-11 01:07:05,au2312P416,au2312P416,4.62,0.0,0.0,0.0,1,4.5,4.58,2,5.48,4.64,4.66,4.62,3.0,13920.0,47
2023-05-11 01:07:07,au2312P416,au2312P416,4.62,0.0,0.0,0.0,1,4.5,4.58,3,5.48,4.64,4.66,4.62,3.0,13920.0,47
2023-05-11 01:07:11,au2312P416,au2312P416,4.62,0.0,0.0,0.0,1,4.5,4.56,1,5.48,4.64,4.66,4.62,3.0,13920.0,47
