time,symbol_id,symbol_name,last,trade_volume,trade_amount,open_interest_change,bv1,bp1,ap1,av1,yesterday_close,today_open,today_high,today_low,volume,amount,open_interest
2023-05-10 20:59:00,au2312C480,au2312C480,10.82,0.0,0.0,0.0,4,2.0,0.0,0,10.82,10.98,0.0,0.0,0.0,0.0,56
2023-05-10 21:00:00,au2312C480,au2312C480,10.82,0.0,0.0,0.0,2,2.12,0.0,0,10.82,10.98,0.0,0.0,0.0,0.0,56
2023-05-10 21:00:01,au2312C480,au2312C480,10.82,0.0,0.0,0.0,2,2.24,0.0,0,10.82,10.98,0.0,0.0,0.0,0.0,56
2023-05-10 21:00:01,au2312C480,au2312C480,10.82,0.0,0.0,0.0,2,4.5,20.6,2,10.82,10.98,0.0,0.0,0.0,0.0,56
2023-05-10 21:00:02,au2312C480,au2312C480,10.82,0.0,0.0,0.0,2,4.62,20.48,2,10.82,10.98,0.0,0.0,0.0,0.0,56
2023-05-10 21:00:02,au2312C480,au2312C480,10.82,0.0,0.0,0.0,2,6.88,18.22,2,10.82,10.98,0.0,0.0,0.0,0.0,56
2023-05-10 21:00:03,au2312C480,au2312C480,10.82,0.0,0.0,0.0,2,7.0,18.1,2,10.82,10.98,0.0,0.0,0.0,0.0,56
2023-05-10 21:00:03,au2312C480,au2312C480,10.82,0.0,0.0,0.0,2,9.26,15.84,2,10.82,10.98,0.0,0.0,0.0,0.0,56
2023-05-10 21:00:04,au2312C480,au2312C480,10.82,0.0,0.0,0.0,1,9.28,15.72,2,10.82,10.98,0.0,0.0,0.0,0.0,56
2023-05-10 21:00:04,au2312C480,au2312C480,10.82,0.0,0.0,0.0,2,11.18,13.46,2,10.82,10.98,0.0,0.0,0.0,0.0,56
2023-05-10 21:00:05,au2312C480,au2312C480,10.82,0.0,0.0,0.0,2,11.18,13.34,2,10.82,10.98,0.0,0.0,0.0,0.0,56
2023-05-10 21:00:05,au2312C480,au2312C480,10.82,0.0,0.0,0.0,2,11.18,11.78,2,10.82,10.98,0.0,0.0,0.0,0.0,56
2023-05-10 21:00:06,au2312C480,au2312C480,10.82,0.0,0.0,0.0,2,11.18,11.78,2,10.82,10.98,0.0,0.0,0.0,0.0,56
2023-05-10 21:00:11,au2312C480,au2312C480,10.82,0.0,0.0,0.0,2,4.38,11.78,2,10.82,10.98,0.0,0.0,0.0,0.0,56
2023-05-10 21:00:11,au2312C480,au2312C480,10.82,0.0,0.0,0.0,2,4.5,11.78,2,10.82,10.98,0.0,0.0,0.0,0.0,56
2023-05-10 21:00:12,au2312C480,au2312C480,10.82,0.0,0.0,0.0,2,6.76,11.78,2,10.82,10.98,0.0,0.0,0.0,0.0,56
2023-05-10 21:00:12,au2312C480,au2312C480,10.82,0.0,0.0,0.0,2,6.88,11.78,2,10.82,10.98,0.0,0.0,0.0,0.0,56
2023-05-10 21:00:13,au2312C480,au2312C480,10.82,0.0,0.0,0.0,2,9.14,11.78,2,10.82,10.98,0.0,0.0,0.0,0.0,56
2023-05-10 21:00:13,au2312C480,au2312C480,10.82,0.0,0.0,0.0,2,9.26,11.78,2,10.82,10.98,0.0,0.0,0.0,0.0,56
2023-05-10 21:00:14,au2312C480,au2312C480,10.82,0.0,0.0,0.0,2,11.08,11.78,2,10.82,10.98,0.0,0.0,0.0,0.0,56
2023-05-10 21:00:24,au2312C480,au2312C480,10.82,0.0,0.0,0.0,2,11.08,11.78,2,10.82,10.98,0.0,0.0,0.0,0.0,56
2023-05-10 21:00:28,au2312C480,au2312C480,10.82,0.0,0.0,0.0,2,11.08,11.78,2,10.82,10.98,0.0,0.0,0.0,0.0,56
2023-05-10 21:00:39,au2312C480,au2312C480,10.82,0.0,0.0,0.0,2,10.74,11.78,2,10.82,10.98,0.0,0.0,0.0,0.0,56
2023-05-10 21:00:50,au2312C480,au2312C480,10.82,0.0,0.0,0.0,1,10.68,13.34,2,10.82,10.98,0.0,0.0,0.0,0.0,56
2023-05-10 21:00:51,au2312C480,au2312C480,10.82,0.0,0.0,0.0,1,10.68,11.64,1,10.82,10.98,0.0,0.0,0.0,0.0,56
2023-05-10 21:01:10,au2312C480,au2312C480,10.82,0.0,0.0,0.0,1,11.1,11.26,1,10.82,10.98,0.0,0.0,0.0,0.0,56
2023-05-10 21:01:15,au2312C480,au2312C480,10.82,0.0,0.0,0.0,1,11.12,11.26,1,10.82,10.98,0.0,0.0,0.0,0.0,56
2023-05-10 21:01:15,au2312C480,au2312C480,10.82,0.0,0.0,0.0,1,11.12,11.26,1,10.82,10.98,0.0,0.0,0.0,0.0,56
2023-05-10 21:01:17,au2312C480,au2312C480,10.82,0.0,0.0,0.0,1,11.1,11.26,1,10.82,10.98,0.0,0.0,0.0,0.0,56
2023-05-10 21:01:18,au2312C480,au2312C480,10.82,0.0,0.0,0.0,1,11.06,11.24,1,10.82,10.98,0.0,0.0,0.0,0.0,56
2023-05-10 21:01:18,au2312C480,au2312C480,10.82,0.0,0.0,0.0,1,11.06,11.24,1,10.82,10.98,0.0,0.0,0.0,0.0,56
2023-05-10 21:01:19,au2312C480,au2312C480,10.82,0.0,0.0,0.0,1,11.06,11.22,1,10.82,10.98,0.0,0.0,0.0,0.0,56
2023-05-10 21:01:23,au2312C480,au2312C480,10.82,0.0,0.0,0.0,1,11.08,11.22,1,10.82,10.98,0.0,0.0,0.0,0.0,56
2023-05-10 21:01:23,au2312C480,au2312C480,10.82,0.0,0.0,0.0,1,10.68,11.22,1,10.82,10.98,0.0,0.0,0.0,0.0,56
2023-05-10 21:01:24,au2312C480,au2312C480,10.82,0.0,0.0,0.0,1,11.04,11.22,1,10.82,10.98,0.0,0.0,0.0,0.0,56
2023-05-10 21:01:25,au2312C480,au2312C480,10.82,0.0,0.0,0.0,1,11.06,11.22,1,10.82,10.98,0.0,0.0,0.0,0.0,56
2023-05-10 21:01:26,au2312C480,au2312C480,10.82,0.0,0.0,0.0,1,11.08,11.22,1,10.82,10.98,0.0,0.0,0.0,0.0,56
2023-05-10 21:01:27,au2312C480,au2312C480,10.82,0.0,0.0,0.0,1,11.06,11.22,1,10.82,10.98,0.0,0.0,0.0,0.0,56
2023-05-10 21:01:28,au2312C480,au2312C480,10.82,0.0,0.0,0.0,1,11.06,11.2,1,10.82,10.98,0.0,0.0,0.0,0.0,56
2023-05-10 21:01:36,au2312C480,au2312C480,10.82,0.0,0.0,0.0,1,11.06,11.22,1,10.82,10.98,0.0,0.0,0.0,0.0,56
2023-05-10 21:01:37,au2312C480,au2312C480,10.82,0.0,0.0,0.0,1,11.08,11.22,1,10.82,10.98,0.0,0.0,0.0,0.0,56
2023-05-10 21:01:38,au2312C480,au2312C480,10.82,0.0,0.0,0.0,1,11.08,11.24,1,10.82,10.98,0.0,0.0,0.0,0.0,56
2023-05-10 21:01:40,au2312C480,au2312C480,10.82,0.0,0.0,0.0,1,11.1,11.24,1,10.82,10.98,0.0,0.0,0.0,0.0,56
2023-05-10 21:01:42,au2312C480,au2312C480,10.82,0.0,0.0,0.0,1,11.1,11.26,1,10.82,10.98,0.0,0.0,0.0,0.0,56
2023-05-10 21:01:43,au2312C480,au2312C480,10.82,0.0,0.0,0.0,1,11.12,11.26,1,10.82,10.98,0.0,0.0,0.0,0.0,56
2023-05-10 21:01:48,au2312C480,au2312C480,10.82,0.0,0.0,0.0,1,11.1,11.26,1,10.82,10.98,0.0,0.0,0.0,0.0,56
2023-05-10 21:01:51,au2312C480,au2312C480,10.82,0.0,0.0,0.0,1,11.12,11.26,1,10.82,10.98,0.0,0.0,0.0,0.0,56
2023-05-10 21:01:51,au2312C480,au2312C480,10.82,0.0,0.0,0.0,1,11.12,11.64,1,10.82,10.98,0.0,0.0,0.0,0.0,56
2023-05-10 21:01:52,au2312C480,au2312C480,10.82,0.0,0.0,0.0,1,11.12,11.28,1,10.82,10.98,0.0,0.0,0.0,0.0,56
2023-05-10 21:01:53,au2312C480,au2312C480,10.82,0.0,0.0,0.0,1,11.12,11.26,1,10.82,10.98,0.0,0.0,0.0,0.0,56
2023-05-10 21:01:55,au2312C480,au2312C480,10.82,0.0,0.0,0.0,1,11.1,11.26,1,10.82,10.98,0.0,0.0,0.0,0.0,56
2023-05-10 21:01:57,au2312C480,au2312C480,10.82,0.0,0.0,0.0,1,11.1,11.24,1,10.82,10.98,0.0,0.0,0.0,0.0,56
2023-05-10 21:02:00,au2312C480,au2312C480,10.82,0.0,0.0,0.0,1,11.1,11.26,1,10.82,10.98,0.0,0.0,0.0,0.0,56
2023-05-10 21:02:01,au2312C480,au2312C480,10.82,0.0,0.0,0.0,1,11.1,11.28,1,10.82,10.98,0.0,0.0,0.0,0.0,56
2023-05-10 21:02:01,au2312C480,au2312C480,10.82,0.0,0.0,0.0,1,11.12,11.28,1,10.82,10.98,0.0,0.0,0.0,0.0,56
2023-05-10 21:02:07,au2312C480,au2312C480,10.82,0.0,0.0,0.0,1,11.12,11.26,1,10.82,10.98,0.0,0.0,0.0,0.0,56
2023-05-10 21:02:11,au2312C480,au2312C480,10.82,0.0,0.0,0.0,1,11.1,11.24,1,10.82,10.98,0.0,0.0,0.0,0.0,56
2023-05-10 21:02:15,au2312C480,au2312C480,10.82,0.0,0.0,0.0,1,11.12,11.24,1,10.82,10.98,0.0,0.0,0.0,0.0,56
2023-05-10 21:02:18,au2312C480,au2312C480,10.82,0.0,0.0,0.0,1,11.1,11.24,1,10.82,10.98,0.0,0.0,0.0,0.0,56
2023-05-10 21:02:21,au2312C480,au2312C480,10.82,0.0,0.0,0.0,1,11.12,11.24,1,10.82,10.98,0.0,0.0,0.0,0.0,56
2023-05-10 21:02:24,au2312C480,au2312C480,10.82,0.0,0.0,0.0,1,11.1,11.24,1,10.82,10.98,0.0,0.0,0.0,0.0,56
2023-05-10 21:02:24,au2312C480,au2312C480,10.82,0.0,0.0,0.0,1,11.08,11.22,1,10.82,10.98,0.0,0.0,0.0,0.0,56
2023-05-10 21:02:25,au2312C480,au2312C480,10.82,0.0,0.0,0.0,1,11.08,11.2,1,10.82,10.98,0.0,0.0,0.0,0.0,56
2023-05-10 21:02:29,au2312C480,au2312C480,10.82,0.0,0.0,0.0,1,11.1,11.22,1,10.82,10.98,0.0,0.0,0.0,0.0,56
2023-05-10 21:02:31,au2312C480,au2312C480,10.82,0.0,0.0,0.0,1,11.08,11.2,1,10.82,10.98,0.0,0.0,0.0,0.0,56
2023-05-10 21:02:33,au2312C480,au2312C480,10.82,0.0,0.0,0.0,1,10.68,11.18,1,10.82,10.98,0.0,0.0,0.0,0.0,56
2023-05-10 21:02:33,au2312C480,au2312C480,10.82,0.0,0.0,0.0,1,10.68,11.18,1,10.82,10.98,0.0,0.0,0.0,0.0,56
2023-05-10 21:02:34,au2312C480,au2312C480,10.82,0.0,0.0,0.0,1,11.04,11.18,1,10.82,10.98,0.0,0.0,0.0,0.0,56
2023-05-10 21:02:35,au2312C480,au2312C480,10.82,0.0,0.0,0.0,1,11.06,11.18,1,10.82,10.98,0.0,0.0,0.0,0.0,56
2023-05-10 21:02:35,au2312C480,au2312C480,10.82,0.0,0.0,0.0,1,11.06,11.18,1,10.82,10.98,0.0,0.0,0.0,0.0,56
2023-05-10 21:02:37,au2312C480,au2312C480,10.82,0.0,0.0,0.0,1,11.04,11.16,1,10.82,10.98,0.0,0.0,0.0,0.0,56
2023-05-10 21:02:39,au2312C480,au2312C480,10.82,0.0,0.0,0.0,1,11.04,11.18,1,10.82,10.98,0.0,0.0,0.0,0.0,56
2023-05-10 21:02:39,au2312C480,au2312C480,10.82,0.0,0.0,0.0,1,11.06,11.18,1,10.82,10.98,0.0,0.0,0.0,0.0,56
2023-05-10 21:02:54,au2312C480,au2312C480,10.82,0.0,0.0,0.0,1,11.06,11.2,1,10.82,10.98,0.0,0.0,0.0,0.0,56
2023-05-10 21:02:58,au2312C480,au2312C480,10.82,0.0,0.0,0.0,1,11.06,11.18,1,10.82,10.98,0.0,0.0,0.0,0.0,56
2023-05-10 21:02:58,au2312C480,au2312C480,10.82,0.0,0.0,0.0,1,11.04,11.18,1,10.82,10.98,0.0,0.0,0.0,0.0,56
2023-05-10 21:03:00,au2312C480,au2312C480,10.82,0.0,0.0,0.0,1,11.06,11.18,1,10.82,10.98,0.0,0.0,0.0,0.0,56
2023-05-10 21:03:01,au2312C480,au2312C480,10.82,0.0,0.0,0.0,1,11.06,11.2,1,10.82,10.98,0.0,0.0,0.0,0.0,56
2023-05-10 21:03:03,au2312C480,au2312C480,10.82,0.0,0.0,0.0,1,11.08,11.2,1,10.82,10.98,0.0,0.0,0.0,0.0,56
2023-05-10 21:03:09,au2312C480,au2312C480,10.82,0.0,0.0,0.0,1,11.1,11.22,1,10.82,10.98,0.0,0.0,0.0,0.0,56
2023-05-10 21:03:12,au2312C480,au2312C480,10.82,0.0,0.0,0.0,1,11.1,11.24,1,10.82,10.98,0.0,0.0,0.0,0.0,56
2023-05-10 21:03:14,au2312C480,au2312C480,10.82,0.0,0.0,0.0,1,11.12,11.24,1,10.82,10.98,0.0,0.0,0.0,0.0,56
2023-05-10 21:03:16,au2312C480,au2312C480,10.82,0.0,0.0,0.0,1,11.1,11.22,1,10.82,10.98,0.0,0.0,0.0,0.0,56
2023-05-10 21:03:17,au2312C480,au2312C480,10.82,0.0,0.0,0.0,1,11.08,11.22,1,10.82,10.98,0.0,0.0,0.0,0.0,56
2023-05-10 21:03:18,au2312C480,au2312C480,10.82,0.0,0.0,0.0,1,11.06,11.2,1,10.82,10.98,0.0,0.0,0.0,0.0,56
2023-05-10 21:03:20,au2312C480,au2312C480,10.82,0.0,0.0,0.0,1,11.06,11.18,1,10.82,10.98,0.0,0.0,0.0,0.0,56
2023-05-10 21:03:22,au2312C480,au2312C480,10.82,0.0,0.0,0.0,1,11.08,11.22,1,10.82,10.98,0.0,0.0,0.0,0.0,56
2023-05-10 21:03:25,au2312C480,au2312C480,10.82,0.0,0.0,0.0,1,11.08,11.2,1,10.82,10.98,0.0,0.0,0.0,0.0,56
2023-05-10 21:03:33,au2312C480,au2312C480,10.82,0.0,0.0,0.0,1,11.08,11.22,1,10.82,10.98,0.0,0.0,0.0,0.0,56
2023-05-10 21:03:34,au2312C480,au2312C480,10.82,0.0,0.0,0.0,1,11.1,11.22,1,10.82,10.98,0.0,0.0,0.0,0.0,56
2023-05-10 21:03:34,au2312C480,au2312C480,10.82,0.0,0.0,0.0,1,11.1,11.24,1,10.82,10.98,0.0,0.0,0.0,0.0,56
2023-05-10 21:03:39,au2312C480,au2312C480,10.82,0.0,0.0,0.0,1,11.1,11.22,1,10.82,10.98,0.0,0.0,0.0,0.0,56
2023-05-10 21:03:40,au2312C480,au2312C480,10.82,0.0,0.0,0.0,1,11.08,11.22,1,10.82,10.98,0.0,0.0,0.0,0.0,56
2023-05-10 21:03:44,au2312C480,au2312C480,10.82,0.0,0.0,0.0,1,11.1,11.22,1,10.82,10.98,0.0,0.0,0.0,0.0,56
2023-05-10 21:03:47,au2312C480,au2312C480,10.82,0.0,0.0,0.0,1,11.08,11.2,1,10.82,10.98,0.0,0.0,0.0,0.0,56
2023-05-10 21:03:49,au2312C480,au2312C480,10.82,0.0,0.0,0.0,1,11.06,11.18,1,10.82,10.98,0.0,0.0,0.0,0.0,56
2023-05-10 21:03:55,au2312C480,au2312C480,10.82,0.0,0.0,0.0,1,11.02,11.18,1,10.82,10.98,0.0,0.0,0.0,0.0,56
2023-05-10 21:03:55,au2312C480,au2312C480,10.82,0.0,0.0,0.0,1,11.04,11.18,1,10.82,10.98,0.0,0.0,0.0,0.0,56
2023-05-10 21:03:56,au2312C480,au2312C480,10.82,0.0,0.0,0.0,1,11.06,11.18,1,10.82,10.98,0.0,0.0,0.0,0.0,56
2023-05-10 21:03:59,au2312C480,au2312C480,10.82,0.0,0.0,0.0,1,11.04,11.16,1,10.82,10.98,0.0,0.0,0.0,0.0,56
2023-05-10 21:04:00,au2312C480,au2312C480,10.82,0.0,0.0,0.0,1,11.04,11.18,1,10.82,10.98,0.0,0.0,0.0,0.0,56
2023-05-10 21:04:03,au2312C480,au2312C480,10.82,0.0,0.0,0.0,1,11.06,11.18,1,10.82,10.98,0.0,0.0,0.0,0.0,56
2023-05-10 21:04:05,au2312C480,au2312C480,10.82,0.0,0.0,0.0,1,11.08,11.2,1,10.82,10.98,0.0,0.0,0.0,0.0,56
2023-05-10 21:04:05,au2312C480,au2312C480,10.82,0.0,0.0,0.0,1,11.06,11.2,1,10.82,10.98,0.0,0.0,0.0,0.0,56
2023-05-10 21:04:06,au2312C480,au2312C480,10.82,0.0,0.0,0.0,1,11.06,11.18,1,10.82,10.98,0.0,0.0,0.0,0.0,56
2023-05-10 21:04:07,au2312C480,au2312C480,10.82,0.0,0.0,0.0,1,11.04,11.18,1,10.82,10.98,0.0,0.0,0.0,0.0,56
2023-05-10 21:04:07,au2312C480,au2312C480,10.82,0.0,0.0,0.0,1,11.04,11.16,1,10.82,10.98,0.0,0.0,0.0,0.0,56
2023-05-10 21:04:10,au2312C480,au2312C480,10.82,0.0,0.0,0.0,1,11.02,11.14,1,10.82,10.98,0.0,0.0,0.0,0.0,56
2023-05-10 21:04:14,au2312C480,au2312C480,10.82,0.0,0.0,0.0,1,11.02,11.16,1,10.82,10.98,0.0,0.0,0.0,0.0,56
2023-05-10 21:04:15,au2312C480,au2312C480,10.82,0.0,0.0,0.0,1,11.02,11.14,1,10.82,10.98,0.0,0.0,0.0,0.0,56
2023-05-10 21:04:22,au2312C480,au2312C480,10.82,0.0,0.0,0.0,1,11.04,11.16,1,10.82,10.98,0.0,0.0,0.0,0.0,56
2023-05-10 21:04:29,au2312C480,au2312C480,10.82,0.0,0.0,0.0,1,11.06,11.18,1,10.82,10.98,0.0,0.0,0.0,0.0,56
2023-05-10 21:04:31,au2312C480,au2312C480,10.82,0.0,0.0,0.0,1,11.06,11.2,1,10.82,10.98,0.0,0.0,0.0,0.0,56
2023-05-10 21:04:32,au2312C480,au2312C480,10.82,0.0,0.0,0.0,1,11.08,11.2,1,10.82,10.98,0.0,0.0,0.0,0.0,56
2023-05-10 21:04:39,au2312C480,au2312C480,10.82,0.0,0.0,0.0,1,11.06,11.18,1,10.82,10.98,0.0,0.0,0.0,0.0,56
2023-05-10 21:04:41,au2312C480,au2312C480,10.82,0.0,0.0,0.0,1,11.08,11.2,1,10.82,10.98,0.0,0.0,0.0,0.0,56
2023-05-10 21:04:43,au2312C480,au2312C480,10.82,0.0,0.0,0.0,1,11.1,11.24,1,10.82,10.98,0.0,0.0,0.0,0.0,56
2023-05-10 21:04:44,au2312C480,au2312C480,10.82,0.0,0.0,0.0,1,11.08,11.24,1,10.82,10.98,0.0,0.0,0.0,0.0,56
2023-05-10 21:04:44,au2312C480,au2312C480,10.82,0.0,0.0,0.0,1,11.08,11.2,1,10.82,10.98,0.0,0.0,0.0,0.0,56
2023-05-10 21:04:52,au2312C480,au2312C480,10.82,0.0,0.0,0.0,1,11.08,11.22,1,10.82,10.98,0.0,0.0,0.0,0.0,56
2023-05-10 21:04:54,au2312C480,au2312C480,10.82,0.0,0.0,0.0,1,11.08,11.2,1,10.82,10.98,0.0,0.0,0.0,0.0,56
2023-05-10 21:04:56,au2312C480,au2312C480,10.82,0.0,0.0,0.0,1,11.06,11.18,1,10.82,10.98,0.0,0.0,0.0,0.0,56
2023-05-10 21:04:58,au2312C480,au2312C480,10.82,0.0,0.0,0.0,1,11.04,11.18,1,10.82,10.98,0.0,0.0,0.0,0.0,56
2023-05-10 21:04:59,au2312C480,au2312C480,10.82,0.0,0.0,0.0,1,11.04,11.16,1,10.82,10.98,0.0,0.0,0.0,0.0,56
2023-05-10 21:05:04,au2312C480,au2312C480,10.82,0.0,0.0,0.0,1,11.02,11.16,1,10.82,10.98,0.0,0.0,0.0,0.0,56
2023-05-10 21:05:04,au2312C480,au2312C480,10.82,0.0,0.0,0.0,1,11.02,11.14,1,10.82,10.98,0.0,0.0,0.0,0.0,56
2023-05-10 21:05:10,au2312C480,au2312C480,10.82,0.0,0.0,0.0,1,11.04,11.16,1,10.82,10.98,0.0,0.0,0.0,0.0,56
2023-05-10 21:05:12,au2312C480,au2312C480,10.82,0.0,0.0,0.0,1,11.06,11.18,1,10.82,10.98,0.0,0.0,0.0,0.0,56
2023-05-10 21:05:13,au2312C480,au2312C480,10.82,0.0,0.0,0.0,1,11.04,11.18,1,10.82,10.98,0.0,0.0,0.0,0.0,56
2023-05-10 21:05:13,au2312C480,au2312C480,10.82,0.0,0.0,0.0,1,11.04,11.16,1,10.82,10.98,0.0,0.0,0.0,0.0,56
2023-05-10 21:05:14,au2312C480,au2312C480,10.82,0.0,0.0,0.0,1,11.06,11.16,1,10.82,10.98,0.0,0.0,0.0,0.0,56
2023-05-10 21:05:14,au2312C480,au2312C480,10.82,0.0,0.0,0.0,1,11.06,11.18,1,10.82,10.98,0.0,0.0,0.0,0.0,56
2023-05-10 21:05:15,au2312C480,au2312C480,10.82,0.0,0.0,0.0,1,11.08,11.18,1,10.82,10.98,0.0,0.0,0.0,0.0,56
2023-05-10 21:05:19,au2312C480,au2312C480,10.82,0.0,0.0,0.0,1,11.08,11.2,1,10.82,10.98,0.0,0.0,0.0,0.0,56
2023-05-10 21:05:22,au2312C480,au2312C480,10.82,0.0,0.0,0.0,1,11.1,11.2,1,10.82,10.98,0.0,0.0,0.0,0.0,56
2023-05-10 21:05:28,au2312C480,au2312C480,10.82,0.0,0.0,0.0,1,11.1,11.22,1,10.82,10.98,0.0,0.0,0.0,0.0,56
2023-05-10 21:05:30,au2312C480,au2312C480,10.82,0.0,0.0,0.0,1,11.1,11.2,1,10.82,10.98,0.0,0.0,0.0,0.0,56
2023-05-10 21:05:32,au2312C480,au2312C480,10.82,0.0,0.0,0.0,1,11.1,11.22,1,10.82,10.98,0.0,0.0,0.0,0.0,56
2023-05-10 21:05:33,au2312C480,au2312C480,10.82,0.0,0.0,0.0,1,11.1,11.2,1,10.82,10.98,0.0,0.0,0.0,0.0,56
2023-05-10 21:05:33,au2312C480,au2312C480,10.82,0.0,0.0,0.0,1,11.1,11.22,1,10.82,10.98,0.0,0.0,0.0,0.0,56
2023-05-10 21:05:34,au2312C480,au2312C480,10.82,0.0,0.0,0.0,1,11.08,11.2,1,10.82,10.98,0.0,0.0,0.0,0.0,56
2023-05-10 21:05:35,au2312C480,au2312C480,10.82,0.0,0.0,0.0,1,11.08,11.18,1,10.82,10.98,0.0,0.0,0.0,0.0,56
2023-05-10 21:05:46,au2312C480,au2312C480,10.82,0.0,0.0,0.0,1,11.06,11.18,1,10.82,10.98,0.0,0.0,0.0,0.0,56
2023-05-10 21:05:49,au2312C480,au2312C480,10.82,0.0,0.0,0.0,1,11.08,11.18,1,10.82,10.98,0.0,0.0,0.0,0.0,56
2023-05-10 21:05:49,au2312C480,au2312C480,10.82,0.0,0.0,0.0,1,11.08,11.2,1,10.82,10.98,0.0,0.0,0.0,0.0,56
2023-05-10 21:05:57,au2312C480,au2312C480,10.82,0.0,0.0,0.0,1,11.06,11.18,1,10.82,10.98,0.0,0.0,0.0,0.0,56
2023-05-10 21:05:57,au2312C480,au2312C480,10.82,0.0,0.0,0.0,1,10.68,11.18,1,10.82,10.98,0.0,0.0,0.0,0.0,56
2023-05-10 21:05:58,au2312C480,au2312C480,10.82,0.0,0.0,0.0,1,11.02,11.14,1,10.82,10.98,0.0,0.0,0.0,0.0,56
2023-05-10 21:05:59,au2312C480,au2312C480,10.82,0.0,0.0,0.0,1,11.04,11.18,1,10.82,10.98,0.0,0.0,0.0,0.0,56
2023-05-10 21:05:59,au2312C480,au2312C480,10.82,0.0,0.0,0.0,1,11.04,11.16,1,10.82,10.98,0.0,0.0,0.0,0.0,56
2023-05-10 21:06:02,au2312C480,au2312C480,10.82,0.0,0.0,0.0,1,11.06,11.16,1,10.82,10.98,0.0,0.0,0.0,0.0,56
2023-05-10 21:06:04,au2312C480,au2312C480,10.82,0.0,0.0,0.0,1,11.04,11.16,1,10.82,10.98,0.0,0.0,0.0,0.0,56
2023-05-10 21:06:06,au2312C480,au2312C480,10.82,0.0,0.0,0.0,1,11.04,11.14,1,10.82,10.98,0.0,0.0,0.0,0.0,56
2023-05-10 21:06:07,au2312C480,au2312C480,10.82,0.0,0.0,0.0,1,11.02,11.14,1,10.82,10.98,0.0,0.0,0.0,0.0,56
2023-05-10 21:06:08,au2312C480,au2312C480,10.82,0.0,0.0,0.0,1,11.02,11.12,1,10.82,10.98,0.0,0.0,0.0,0.0,56
2023-05-10 21:06:09,au2312C480,au2312C480,10.82,0.0,0.0,0.0,1,11.0,11.12,1,10.82,10.98,0.0,0.0,0.0,0.0,56
2023-05-10 21:06:11,au2312C480,au2312C480,10.82,0.0,0.0,0.0,1,10.96,11.1,1,10.82,10.98,0.0,0.0,0.0,0.0,56
2023-05-10 21:06:12,au2312C480,au2312C480,10.82,0.0,0.0,0.0,1,10.98,11.12,1,10.82,10.98,0.0,0.0,0.0,0.0,56
2023-05-10 21:06:13,au2312C480,au2312C480,10.82,0.0,0.0,0.0,1,11.0,11.12,1,10.82,10.98,0.0,0.0,0.0,0.0,56
2023-05-10 21:06:15,au2312C480,au2312C480,10.82,0.0,0.0,0.0,1,11.0,11.1,1,10.82,10.98,0.0,0.0,0.0,0.0,56
2023-05-10 21:06:16,au2312C480,au2312C480,10.82,0.0,0.0,0.0,1,11.0,11.12,1,10.82,10.98,0.0,0.0,0.0,0.0,56
2023-05-10 21:06:18,au2312C480,au2312C480,10.82,0.0,0.0,0.0,1,11.02,11.12,1,10.82,10.98,0.0,0.0,0.0,0.0,56
2023-05-10 21:06:19,au2312C480,au2312C480,10.82,0.0,0.0,0.0,1,11.0,11.12,1,10.82,10.98,0.0,0.0,0.0,0.0,56
2023-05-10 21:06:24,au2312C480,au2312C480,10.82,0.0,0.0,0.0,1,11.02,11.14,1,10.82,10.98,0.0,0.0,0.0,0.0,56
2023-05-10 21:06:26,au2312C480,au2312C480,10.82,0.0,0.0,0.0,1,11.04,11.14,1,10.82,10.98,0.0,0.0,0.0,0.0,56
2023-05-10 21:06:27,au2312C480,au2312C480,10.82,0.0,0.0,0.0,1,11.02,11.14,1,10.82,10.98,0.0,0.0,0.0,0.0,56
2023-05-10 21:06:33,au2312C480,au2312C480,10.82,0.0,0.0,0.0,1,11.04,11.14,1,10.82,10.98,0.0,0.0,0.0,0.0,56
2023-05-10 21:06:34,au2312C480,au2312C480,10.82,0.0,0.0,0.0,1,11.04,11.16,1,10.82,10.98,0.0,0.0,0.0,0.0,56
2023-05-10 21:06:37,au2312C480,au2312C480,10.82,0.0,0.0,0.0,1,11.06,11.16,1,10.82,10.98,0.0,0.0,0.0,0.0,56
2023-05-10 21:06:39,au2312C480,au2312C480,10.82,0.0,0.0,0.0,1,11.06,11.18,1,10.82,10.98,0.0,0.0,0.0,0.0,56
2023-05-10 21:06:40,au2312C480,au2312C480,10.82,0.0,0.0,0.0,1,11.06,11.16,1,10.82,10.98,0.0,0.0,0.0,0.0,56
2023-05-10 21:06:40,au2312C480,au2312C480,10.82,0.0,0.0,0.0,1,11.04,11.16,1,10.82,10.98,0.0,0.0,0.0,0.0,56
2023-05-10 21:06:42,au2312C480,au2312C480,10.82,0.0,0.0,0.0,1,11.06,11.16,1,10.82,10.98,0.0,0.0,0.0,0.0,56
2023-05-10 21:06:44,au2312C480,au2312C480,10.82,0.0,0.0,0.0,1,11.04,11.16,1,10.82,10.98,0.0,0.0,0.0,0.0,56
2023-05-10 21:06:52,au2312C480,au2312C480,10.82,0.0,0.0,0.0,1,11.06,11.16,1,10.82,10.98,0.0,0.0,0.0,0.0,56
2023-05-10 21:06:54,au2312C480,au2312C480,10.82,0.0,0.0,0.0,1,11.04,11.16,1,10.82,10.98,0.0,0.0,0.0,0.0,56
2023-05-10 21:06:57,au2312C480,au2312C480,10.82,0.0,0.0,0.0,1,11.04,11.14,1,10.82,10.98,0.0,0.0,0.0,0.0,56
2023-05-10 21:06:58,au2312C480,au2312C480,10.82,0.0,0.0,0.0,1,11.02,11.14,1,10.82,10.98,0.0,0.0,0.0,0.0,56
2023-05-10 21:06:59,au2312C480,au2312C480,10.82,0.0,0.0,0.0,1,11.02,11.12,1,10.82,10.98,0.0,0.0,0.0,0.0,56
2023-05-10 21:07:03,au2312C480,au2312C480,10.82,0.0,0.0,0.0,1,11.0,11.12,1,10.82,10.98,0.0,0.0,0.0,0.0,56
2023-05-10 21:07:04,au2312C480,au2312C480,10.82,0.0,0.0,0.0,1,11.02,11.14,1,10.82,10.98,0.0,0.0,0.0,0.0,56
2023-05-10 21:07:08,au2312C480,au2312C480,10.82,0.0,0.0,0.0,1,11.04,11.14,1,10.82,10.98,0.0,0.0,0.0,0.0,56
2023-05-10 21:07:13,au2312C480,au2312C480,10.82,0.0,0.0,0.0,1,11.02,11.14,1,10.82,10.98,0.0,0.0,0.0,0.0,56
2023-05-10 21:07:21,au2312C480,au2312C480,10.82,0.0,0.0,0.0,1,10.68,11.1,1,10.82,10.98,0.0,0.0,0.0,0.0,56
2023-05-10 21:07:21,au2312C480,au2312C480,10.82,0.0,0.0,0.0,1,10.68,11.1,1,10.82,10.98,0.0,0.0,0.0,0.0,56
2023-05-10 21:07:22,au2312C480,au2312C480,10.82,0.0,0.0,0.0,1,10.96,11.1,1,10.82,10.98,0.0,0.0,0.0,0.0,56
2023-05-10 21:07:23,au2312C480,au2312C480,10.82,0.0,0.0,0.0,1,11.0,11.1,1,10.82,10.98,0.0,0.0,0.0,0.0,56
2023-05-10 21:07:23,au2312C480,au2312C480,10.82,0.0,0.0,0.0,1,11.0,11.12,1,10.82,10.98,0.0,0.0,0.0,0.0,56
2023-05-10 21:07:27,au2312C480,au2312C480,10.82,0.0,0.0,0.0,1,11.02,11.12,1,10.82,10.98,0.0,0.0,0.0,0.0,56
2023-05-10 21:07:29,au2312C480,au2312C480,10.82,0.0,0.0,0.0,1,11.0,11.12,1,10.82,10.98,0.0,0.0,0.0,0.0,56
2023-05-10 21:07:30,au2312C480,au2312C480,10.82,0.0,0.0,0.0,1,11.02,11.12,1,10.82,10.98,0.0,0.0,0.0,0.0,56
2023-05-10 21:07:32,au2312C480,au2312C480,10.82,0.0,0.0,0.0,1,11.0,11.12,1,10.82,10.98,0.0,0.0,0.0,0.0,56
2023-05-10 21:07:34,au2312C480,au2312C480,10.82,0.0,0.0,0.0,1,11.02,11.12,1,10.82,10.98,0.0,0.0,0.0,0.0,56
2023-05-10 21:07:36,au2312C480,au2312C480,10.82,0.0,0.0,0.0,1,11.02,11.14,1,10.82,10.98,0.0,0.0,0.0,0.0,56
2023-05-10 21:07:36,au2312C480,au2312C480,10.82,0.0,0.0,0.0,1,11.02,11.12,1,10.82,10.98,0.0,0.0,0.0,0.0,56
2023-05-10 21:07:39,au2312C480,au2312C480,10.82,0.0,0.0,0.0,1,11.0,11.1,1,10.82,10.98,0.0,0.0,0.0,0.0,56
2023-05-10 21:07:40,au2312C480,au2312C480,10.82,0.0,0.0,0.0,1,11.0,11.12,1,10.82,10.98,0.0,0.0,0.0,0.0,56
2023-05-10 21:07:42,au2312C480,au2312C480,10.82,0.0,0.0,0.0,1,11.02,11.12,1,10.82,10.98,0.0,0.0,0.0,0.0,56
2023-05-10 21:07:45,au2312C480,au2312C480,10.82,0.0,0.0,0.0,1,11.0,11.12,1,10.82,10.98,0.0,0.0,0.0,0.0,56
2023-05-10 21:07:46,au2312C480,au2312C480,10.82,0.0,0.0,0.0,1,11.02,11.14,1,10.82,10.98,0.0,0.0,0.0,0.0,56
2023-05-10 21:07:47,au2312C480,au2312C480,10.82,0.0,0.0,0.0,1,11.02,11.12,1,10.82,10.98,0.0,0.0,0.0,0.0,56
2023-05-10 21:07:50,au2312C480,au2312C480,10.82,0.0,0.0,0.0,1,11.0,11.12,1,10.82,10.98,0.0,0.0,0.0,0.0,56
2023-05-10 21:07:52,au2312C480,au2312C480,10.82,0.0,0.0,0.0,1,11.02,11.12,1,10.82,10.98,0.0,0.0,0.0,0.0,56
2023-05-10 21:07:52,au2312C480,au2312C480,10.82,0.0,0.0,0.0,1,11.0,11.12,1,10.82,10.98,0.0,0.0,0.0,0.0,56
2023-05-10 21:07:57,au2312C480,au2312C480,10.82,0.0,0.0,0.0,1,11.02,11.12,1,10.82,10.98,0.0,0.0,0.0,0.0,56
2023-05-10 21:07:58,au2312C480,au2312C480,10.82,0.0,0.0,0.0,1,11.02,11.14,1,10.82,10.98,0.0,0.0,0.0,0.0,56
2023-05-10 21:08:02,au2312C480,au2312C480,10.82,0.0,0.0,0.0,1,11.02,11.12,1,10.82,10.98,0.0,0.0,0.0,0.0,56
2023-05-10 21:08:03,au2312C480,au2312C480,10.82,0.0,0.0,0.0,1,10.98,11.12,1,10.82,10.98,0.0,0.0,0.0,0.0,56
2023-05-10 21:08:05,au2312C480,au2312C480,10.82,0.0,0.0,0.0,1,11.0,11.12,1,10.82,10.98,0.0,0.0,0.0,0.0,56
2023-05-10 21:08:05,au2312C480,au2312C480,10.82,0.0,0.0,0.0,1,11.02,11.14,1,10.82,10.98,0.0,0.0,0.0,0.0,56
2023-05-10 21:08:07,au2312C480,au2312C480,10.82,0.0,0.0,0.0,1,11.04,11.14,1,10.82,10.98,0.0,0.0,0.0,0.0,56
2023-05-10 21:08:10,au2312C480,au2312C480,10.82,0.0,0.0,0.0,1,11.02,11.14,1,10.82,10.98,0.0,0.0,0.0,0.0,56
2023-05-10 21:08:14,au2312C480,au2312C480,10.82,0.0,0.0,0.0,1,11.0,11.12,1,10.82,10.98,0.0,0.0,0.0,0.0,56
2023-05-10 21:08:16,au2312C480,au2312C480,10.82,0.0,0.0,0.0,1,11.02,11.12,1,10.82,10.98,0.0,0.0,0.0,0.0,56
2023-05-10 21:08:17,au2312C480,au2312C480,10.82,0.0,0.0,0.0,1,11.02,11.14,1,10.82,10.98,0.0,0.0,0.0,0.0,56
2023-05-10 21:08:19,au2312C480,au2312C480,10.82,0.0,0.0,0.0,1,11.04,11.14,1,10.82,10.98,0.0,0.0,0.0,0.0,56
2023-05-10 21:08:19,au2312C480,au2312C480,10.82,0.0,0.0,0.0,1,11.04,11.16,1,10.82,10.98,0.0,0.0,0.0,0.0,56
2023-05-10 21:08:22,au2312C480,au2312C480,10.82,0.0,0.0,0.0,1,11.06,11.16,1,10.82,10.98,0.0,0.0,0.0,0.0,56
2023-05-10 21:08:24,au2312C480,au2312C480,10.82,0.0,0.0,0.0,1,11.06,11.18,1,10.82,10.98,0.0,0.0,0.0,0.0,56
2023-05-10 21:08:26,au2312C480,au2312C480,10.82,0.0,0.0,0.0,1,11.06,11.16,1,10.82,10.98,0.0,0.0,0.0,0.0,56
2023-05-10 21:08:26,au2312C480,au2312C480,10.82,0.0,0.0,0.0,1,11.04,11.16,1,10.82,10.98,0.0,0.0,0.0,0.0,56
2023-05-10 21:08:36,au2312C480,au2312C480,10.82,0.0,0.0,0.0,1,11.02,11.14,1,10.82,10.98,0.0,0.0,0.0,0.0,56
2023-05-10 21:08:37,au2312C480,au2312C480,10.82,0.0,0.0,0.0,1,11.0,11.14,1,10.82,10.98,0.0,0.0,0.0,0.0,56
2023-05-10 21:08:37,au2312C480,au2312C480,10.82,0.0,0.0,0.0,1,11.0,11.12,1,10.82,10.98,0.0,0.0,0.0,0.0,56
2023-05-10 21:08:43,au2312C480,au2312C480,10.82,0.0,0.0,0.0,1,11.0,11.1,1,10.82,10.98,0.0,0.0,0.0,0.0,56
2023-05-10 21:08:43,au2312C480,au2312C480,10.82,0.0,0.0,0.0,1,10.98,11.1,1,10.82,10.98,0.0,0.0,0.0,0.0,56
2023-05-10 21:08:45,au2312C480,au2312C480,10.82,0.0,0.0,0.0,1,10.68,11.08,1,10.82,10.98,0.0,0.0,0.0,0.0,56
2023-05-10 21:08:46,au2312C480,au2312C480,10.82,0.0,0.0,0.0,1,10.68,11.08,1,10.82,10.98,0.0,0.0,0.0,0.0,56
2023-05-10 21:08:46,au2312C480,au2312C480,10.82,0.0,0.0,0.0,1,10.98,11.08,1,10.82,10.98,0.0,0.0,0.0,0.0,56
2023-05-10 21:08:47,au2312C480,au2312C480,10.82,0.0,0.0,0.0,1,11.0,11.1,1,10.82,10.98,0.0,0.0,0.0,0.0,56
2023-05-10 21:08:47,au2312C480,au2312C480,10.82,0.0,0.0,0.0,1,11.0,11.1,1,10.82,10.98,0.0,0.0,0.0,0.0,56
2023-05-10 21:08:49,au2312C480,au2312C480,10.82,0.0,0.0,0.0,1,10.98,11.1,1,10.82,10.98,0.0,0.0,0.0,0.0,56
2023-05-10 21:08:52,au2312C480,au2312C480,10.82,0.0,0.0,0.0,1,10.98,11.08,1,10.82,10.98,0.0,0.0,0.0,0.0,56
2023-05-10 21:08:53,au2312C480,au2312C480,10.82,0.0,0.0,0.0,1,10.96,11.08,1,10.82,10.98,0.0,0.0,0.0,0.0,56
2023-05-10 21:08:54,au2312C480,au2312C480,10.82,0.0,0.0,0.0,1,10.98,11.08,1,10.82,10.98,0.0,0.0,0.0,0.0,56
2023-05-10 21:08:55,au2312C480,au2312C480,10.82,0.0,0.0,0.0,1,10.98,11.1,1,10.82,10.98,0.0,0.0,0.0,0.0,56
2023-05-10 21:08:58,au2312C480,au2312C480,10.82,0.0,0.0,0.0,1,10.98,11.08,1,10.82,10.98,0.0,0.0,0.0,0.0,56
2023-05-10 21:09:00,au2312C480,au2312C480,10.82,0.0,0.0,0.0,1,10.96,11.08,1,10.82,10.98,0.0,0.0,0.0,0.0,56
2023-05-10 21:09:01,au2312C480,au2312C480,10.82,0.0,0.0,0.0,1,10.98,11.08,1,10.82,10.98,0.0,0.0,0.0,0.0,56
2023-05-10 21:09:01,au2312C480,au2312C480,10.82,0.0,0.0,0.0,1,11.0,11.1,1,10.82,10.98,0.0,0.0,0.0,0.0,56
2023-05-10 21:09:03,au2312C480,au2312C480,10.82,0.0,0.0,0.0,1,10.98,11.1,1,10.82,10.98,0.0,0.0,0.0,0.0,56
2023-05-10 21:09:08,au2312C480,au2312C480,10.82,0.0,0.0,0.0,1,10.98,11.08,1,10.82,10.98,0.0,0.0,0.0,0.0,56
2023-05-10 21:09:08,au2312C480,au2312C480,10.82,0.0,0.0,0.0,1,10.96,11.08,1,10.82,10.98,0.0,0.0,0.0,0.0,56
2023-05-10 21:09:10,au2312C480,au2312C480,10.82,0.0,0.0,0.0,1,10.98,11.08,1,10.82,10.98,0.0,0.0,0.0,0.0,56
2023-05-10 21:09:11,au2312C480,au2312C480,10.82,0.0,0.0,0.0,1,10.68,11.06,1,10.82,10.98,0.0,0.0,0.0,0.0,56
2023-05-10 21:09:12,au2312C480,au2312C480,10.82,0.0,0.0,0.0,1,10.68,11.06,1,10.82,10.98,0.0,0.0,0.0,0.0,56
2023-05-10 21:09:13,au2312C480,au2312C480,10.82,0.0,0.0,0.0,1,10.94,11.06,1,10.82,10.98,0.0,0.0,0.0,0.0,56
2023-05-10 21:09:14,au2312C480,au2312C480,10.82,0.0,0.0,0.0,1,10.96,11.06,1,10.82,10.98,0.0,0.0,0.0,0.0,56
2023-05-10 21:09:15,au2312C480,au2312C480,10.82,0.0,0.0,0.0,1,10.96,11.08,1,10.82,10.98,0.0,0.0,0.0,0.0,56
2023-05-10 21:09:16,au2312C480,au2312C480,10.82,0.0,0.0,0.0,1,10.98,11.08,1,10.82,10.98,0.0,0.0,0.0,0.0,56
2023-05-10 21:09:17,au2312C480,au2312C480,10.82,0.0,0.0,0.0,1,10.96,11.08,1,10.82,10.98,0.0,0.0,0.0,0.0,56
2023-05-10 21:09:19,au2312C480,au2312C480,10.82,0.0,0.0,0.0,1,10.98,11.08,1,10.82,10.98,0.0,0.0,0.0,0.0,56
2023-05-10 21:09:23,au2312C480,au2312C480,10.82,0.0,0.0,0.0,1,10.98,11.1,1,10.82,10.98,0.0,0.0,0.0,0.0,56
2023-05-10 21:09:25,au2312C480,au2312C480,10.82,0.0,0.0,0.0,1,10.98,11.08,1,10.82,10.98,0.0,0.0,0.0,0.0,56
2023-05-10 21:09:25,au2312C480,au2312C480,10.82,0.0,0.0,0.0,1,10.96,11.08,1,10.82,10.98,0.0,0.0,0.0,0.0,56
2023-05-10 21:09:26,au2312C480,au2312C480,10.82,0.0,0.0,0.0,1,11.0,11.12,1,10.82,10.98,0.0,0.0,0.0,0.0,56
2023-05-10 21:09:27,au2312C480,au2312C480,10.82,0.0,0.0,0.0,1,10.98,11.1,1,10.82,10.98,0.0,0.0,0.0,0.0,56
2023-05-10 21:09:28,au2312C480,au2312C480,10.82,0.0,0.0,0.0,1,10.98,11.08,1,10.82,10.98,0.0,0.0,0.0,0.0,56
2023-05-10 21:09:29,au2312C480,au2312C480,10.82,0.0,0.0,0.0,1,10.98,11.1,1,10.82,10.98,0.0,0.0,0.0,0.0,56
2023-05-10 21:09:30,au2312C480,au2312C480,10.82,0.0,0.0,0.0,1,10.98,11.08,1,10.82,10.98,0.0,0.0,0.0,0.0,56
2023-05-10 21:09:31,au2312C480,au2312C480,10.82,0.0,0.0,0.0,1,11.0,11.1,1,10.82,10.98,0.0,0.0,0.0,0.0,56
2023-05-10 21:09:31,au2312C480,au2312C480,10.82,0.0,0.0,0.0,1,11.0,11.12,1,10.82,10.98,0.0,0.0,0.0,0.0,56
2023-05-10 21:09:34,au2312C480,au2312C480,10.82,0.0,0.0,0.0,1,11.0,11.1,1,10.82,10.98,0.0,0.0,0.0,0.0,56
2023-05-10 21:09:39,au2312C480,au2312C480,10.82,0.0,0.0,0.0,1,10.98,11.1,1,10.82,10.98,0.0,0.0,0.0,0.0,56
2023-05-10 21:09:41,au2312C480,au2312C480,10.82,0.0,0.0,0.0,1,11.0,11.1,1,10.82,10.98,0.0,0.0,0.0,0.0,56
2023-05-10 21:09:44,au2312C480,au2312C480,10.82,0.0,0.0,0.0,1,11.0,11.12,1,10.82,10.98,0.0,0.0,0.0,0.0,56
2023-05-10 21:09:46,au2312C480,au2312C480,10.82,0.0,0.0,0.0,1,10.98,11.08,1,10.82,10.98,0.0,0.0,0.0,0.0,56
2023-05-10 21:09:55,au2312C480,au2312C480,10.82,0.0,0.0,0.0,1,10.96,11.08,1,10.82,10.98,0.0,0.0,0.0,0.0,56
2023-05-10 21:09:56,au2312C480,au2312C480,10.82,0.0,0.0,0.0,1,10.94,11.06,1,10.82,10.98,0.0,0.0,0.0,0.0,56
2023-05-10 21:09:56,au2312C480,au2312C480,10.82,0.0,0.0,0.0,1,10.68,11.06,1,10.82,10.98,0.0,0.0,0.0,0.0,56
2023-05-10 21:09:57,au2312C480,au2312C480,10.82,0.0,0.0,0.0,1,10.94,11.06,1,10.82,10.98,0.0,0.0,0.0,0.0,56
2023-05-10 21:09:59,au2312C480,au2312C480,10.82,0.0,0.0,0.0,1,10.96,11.06,1,10.82,10.98,0.0,0.0,0.0,0.0,56
2023-05-10 21:10:00,au2312C480,au2312C480,10.82,0.0,0.0,0.0,1,10.94,11.06,1,10.82,10.98,0.0,0.0,0.0,0.0,56
2023-05-10 21:10:01,au2312C480,au2312C480,10.82,0.0,0.0,0.0,1,10.94,11.04,1,10.82,10.98,0.0,0.0,0.0,0.0,56
2023-05-10 21:10:02,au2312C480,au2312C480,10.82,0.0,0.0,0.0,1,10.68,11.02,1,10.82,10.98,0.0,0.0,0.0,0.0,56
2023-05-10 21:10:02,au2312C480,au2312C480,10.82,0.0,0.0,0.0,1,10.68,11.02,1,10.82,10.98,0.0,0.0,0.0,0.0,56
2023-05-10 21:10:03,au2312C480,au2312C480,10.82,0.0,0.0,0.0,1,10.9,11.04,1,10.82,10.98,0.0,0.0,0.0,0.0,56
2023-05-10 21:10:04,au2312C480,au2312C480,10.82,0.0,0.0,0.0,1,10.92,11.04,1,10.82,10.98,0.0,0.0,0.0,0.0,56
2023-05-10 21:10:04,au2312C480,au2312C480,10.82,0.0,0.0,0.0,1,10.92,11.04,1,10.82,10.98,0.0,0.0,0.0,0.0,56
2023-05-10 21:10:06,au2312C480,au2312C480,10.82,0.0,0.0,0.0,1,10.92,11.02,1,10.82,10.98,0.0,0.0,0.0,0.0,56
2023-05-10 21:10:11,au2312C480,au2312C480,10.82,0.0,0.0,0.0,1,10.92,11.04,1,10.82,10.98,0.0,0.0,0.0,0.0,56
2023-05-10 21:10:11,au2312C480,au2312C480,10.82,0.0,0.0,0.0,1,10.92,11.02,1,10.82,10.98,0.0,0.0,0.0,0.0,56
2023-05-10 21:10:19,au2312C480,au2312C480,10.82,0.0,0.0,0.0,1,10.94,11.06,1,10.82,10.98,0.0,0.0,0.0,0.0,56
2023-05-10 21:10:21,au2312C480,au2312C480,10.82,0.0,0.0,0.0,1,10.96,11.06,1,10.82,10.98,0.0,0.0,0.0,0.0,56
2023-05-10 21:10:26,au2312C480,au2312C480,10.82,0.0,0.0,0.0,1,10.98,11.08,1,10.82,10.98,0.0,0.0,0.0,0.0,56
2023-05-10 21:10:28,au2312C480,au2312C480,10.82,0.0,0.0,0.0,1,10.96,11.06,1,10.82,10.98,0.0,0.0,0.0,0.0,56
2023-05-10 21:10:30,au2312C480,au2312C480,10.82,0.0,0.0,0.0,1,10.96,11.08,1,10.82,10.98,0.0,0.0,0.0,0.0,56
2023-05-10 21:10:32,au2312C480,au2312C480,10.82,0.0,0.0,0.0,1,10.96,11.06,1,10.82,10.98,0.0,0.0,0.0,0.0,56
2023-05-10 21:10:34,au2312C480,au2312C480,10.82,0.0,0.0,0.0,1,10.98,11.08,1,10.82,10.98,0.0,0.0,0.0,0.0,56
2023-05-10 21:10:38,au2312C480,au2312C480,10.82,0.0,0.0,0.0,1,10.96,11.06,1,10.82,10.98,0.0,0.0,0.0,0.0,56
2023-05-10 21:10:39,au2312C480,au2312C480,10.82,0.0,0.0,0.0,1,10.98,11.08,1,10.82,10.98,0.0,0.0,0.0,0.0,56
2023-05-10 21:10:46,au2312C480,au2312C480,10.82,0.0,0.0,0.0,1,11.0,11.1,1,10.82,10.98,0.0,0.0,0.0,0.0,56
2023-05-10 21:10:51,au2312C480,au2312C480,10.82,0.0,0.0,0.0,1,10.98,11.08,1,10.82,10.98,0.0,0.0,0.0,0.0,56
2023-05-10 21:10:52,au2312C480,au2312C480,10.82,0.0,0.0,0.0,1,11.0,11.1,1,10.82,10.98,0.0,0.0,0.0,0.0,56
2023-05-10 21:11:00,au2312C480,au2312C480,10.82,0.0,0.0,0.0,1,10.98,11.08,1,10.82,10.98,0.0,0.0,0.0,0.0,56
2023-05-10 21:11:02,au2312C480,au2312C480,10.82,0.0,0.0,0.0,1,11.0,11.1,1,10.82,10.98,0.0,0.0,0.0,0.0,56
2023-05-10 21:11:03,au2312C480,au2312C480,10.82,0.0,0.0,0.0,1,11.02,11.12,1,10.82,10.98,0.0,0.0,0.0,0.0,56
2023-05-10 21:11:08,au2312C480,au2312C480,10.82,0.0,0.0,0.0,1,11.0,11.12,1,10.82,10.98,0.0,0.0,0.0,0.0,56
2023-05-10 21:11:09,au2312C480,au2312C480,10.82,0.0,0.0,0.0,1,11.0,11.1,1,10.82,10.98,0.0,0.0,0.0,0.0,56
2023-05-10 21:11:14,au2312C480,au2312C480,10.82,0.0,0.0,0.0,1,11.02,11.12,1,10.82,10.98,0.0,0.0,0.0,0.0,56
2023-05-10 21:11:20,au2312C480,au2312C480,10.82,0.0,0.0,0.0,1,11.0,11.1,1,10.82,10.98,0.0,0.0,0.0,0.0,56
2023-05-10 21:11:23,au2312C480,au2312C480,10.82,0.0,0.0,0.0,1,10.98,11.08,1,10.82,10.98,0.0,0.0,0.0,0.0,56
2023-05-10 21:11:30,au2312C480,au2312C480,10.82,0.0,0.0,0.0,1,10.96,11.08,1,10.82,10.98,0.0,0.0,0.0,0.0,56
2023-05-10 21:11:30,au2312C480,au2312C480,10.82,0.0,0.0,0.0,1,10.96,11.06,1,10.82,10.98,0.0,0.0,0.0,0.0,56
2023-05-10 21:11:31,au2312C480,au2312C480,10.82,0.0,0.0,0.0,1,10.96,11.08,1,10.82,10.98,0.0,0.0,0.0,0.0,56
2023-05-10 21:11:31,au2312C480,au2312C480,10.82,0.0,0.0,0.0,1,10.98,11.08,1,10.82,10.98,0.0,0.0,0.0,0.0,56
2023-05-10 21:11:37,au2312C480,au2312C480,10.82,0.0,0.0,0.0,1,11.0,11.1,1,10.82,10.98,0.0,0.0,0.0,0.0,56
2023-05-10 21:11:38,au2312C480,au2312C480,10.82,0.0,0.0,0.0,1,10.98,11.08,1,10.82,10.98,0.0,0.0,0.0,0.0,56
2023-05-10 21:11:43,au2312C480,au2312C480,10.82,0.0,0.0,0.0,1,10.96,11.06,1,10.82,10.98,0.0,0.0,0.0,0.0,56
2023-05-10 21:11:46,au2312C480,au2312C480,10.82,0.0,0.0,0.0,1,10.68,11.06,1,10.82,10.98,0.0,0.0,0.0,0.0,56
2023-05-10 21:11:46,au2312C480,au2312C480,10.82,0.0,0.0,0.0,1,10.68,11.04,1,10.82,10.98,0.0,0.0,0.0,0.0,56
2023-05-10 21:11:47,au2312C480,au2312C480,10.82,0.0,0.0,0.0,1,10.94,11.04,1,10.82,10.98,0.0,0.0,0.0,0.0,56
2023-05-10 21:11:47,au2312C480,au2312C480,10.82,0.0,0.0,0.0,1,10.68,11.04,1,10.82,10.98,0.0,0.0,0.0,0.0,56
2023-05-10 21:11:48,au2312C480,au2312C480,10.82,0.0,0.0,0.0,1,10.68,11.0,1,10.82,10.98,0.0,0.0,0.0,0.0,56
2023-05-10 21:11:49,au2312C480,au2312C480,10.82,0.0,0.0,0.0,1,10.68,11.04,1,10.82,10.98,0.0,0.0,0.0,0.0,56
2023-05-10 21:11:49,au2312C480,au2312C480,10.82,0.0,0.0,0.0,1,10.9,11.02,1,10.82,10.98,0.0,0.0,0.0,0.0,56
2023-05-10 21:11:50,au2312C480,au2312C480,10.82,0.0,0.0,0.0,1,10.92,11.02,1,10.82,10.98,0.0,0.0,0.0,0.0,56
2023-05-10 21:11:51,au2312C480,au2312C480,10.82,0.0,0.0,0.0,1,10.92,11.02,1,10.82,10.98,0.0,0.0,0.0,0.0,56
2023-05-10 21:11:57,au2312C480,au2312C480,10.82,0.0,0.0,0.0,1,10.94,11.04,1,10.82,10.98,0.0,0.0,0.0,0.0,56
2023-05-10 21:12:00,au2312C480,au2312C480,10.82,0.0,0.0,0.0,1,10.96,11.06,1,10.82,10.98,0.0,0.0,0.0,0.0,56
2023-05-10 21:12:02,au2312C480,au2312C480,10.82,0.0,0.0,0.0,1,10.94,11.06,1,10.82,10.98,0.0,0.0,0.0,0.0,56
2023-05-10 21:12:04,au2312C480,au2312C480,10.82,0.0,0.0,0.0,1,10.96,11.06,1,10.82,10.98,0.0,0.0,0.0,0.0,56
2023-05-10 21:12:07,au2312C480,au2312C480,10.82,0.0,0.0,0.0,1,10.98,11.08,1,10.82,10.98,0.0,0.0,0.0,0.0,56
2023-05-10 21:12:11,au2312C480,au2312C480,10.82,0.0,0.0,0.0,1,10.98,11.1,1,10.82,10.98,0.0,0.0,0.0,0.0,56
2023-05-10 21:12:13,au2312C480,au2312C480,10.82,0.0,0.0,0.0,1,11.0,11.1,1,10.82,10.98,0.0,0.0,0.0,0.0,56
2023-05-10 21:12:13,au2312C480,au2312C480,10.98,1.0,10980.0,1.0,1,10.98,11.1,1,10.82,10.98,10.98,10.98,1.0,10980.0,57
2023-05-10 21:12:15,au2312C480,au2312C480,10.98,0.0,0.0,0.0,1,10.98,11.08,1,10.82,10.98,10.98,10.98,1.0,10980.0,57
2023-05-10 21:12:21,au2312C480,au2312C480,10.98,0.0,0.0,0.0,1,10.96,11.06,1,10.82,10.98,10.98,10.98,1.0,10980.0,57
2023-05-10 21:12:25,au2312C480,au2312C480,10.98,0.0,0.0,0.0,1,10.96,11.08,1,10.82,10.98,10.98,10.98,1.0,10980.0,57
2023-05-10 21:12:25,au2312C480,au2312C480,10.98,0.0,0.0,0.0,1,10.98,11.08,1,10.82,10.98,10.98,10.98,1.0,10980.0,57
2023-05-10 21:12:33,au2312C480,au2312C480,10.98,0.0,0.0,0.0,1,10.96,11.06,1,10.82,10.98,10.98,10.98,1.0,10980.0,57
2023-05-10 21:12:37,au2312C480,au2312C480,10.98,0.0,0.0,0.0,1,10.94,11.06,1,10.82,10.98,10.98,10.98,1.0,10980.0,57
2023-05-10 21:12:39,au2312C480,au2312C480,10.98,0.0,0.0,0.0,1,10.94,11.04,1,10.82,10.98,10.98,10.98,1.0,10980.0,57
2023-05-10 21:12:46,au2312C480,au2312C480,10.98,0.0,0.0,0.0,1,10.68,11.02,1,10.82,10.98,10.98,10.98,1.0,10980.0,57
2023-05-10 21:12:47,au2312C480,au2312C480,10.98,0.0,0.0,0.0,1,10.68,11.02,1,10.82,10.98,10.98,10.98,1.0,10980.0,57
2023-05-10 21:12:47,au2312C480,au2312C480,10.98,0.0,0.0,0.0,1,10.9,11.02,1,10.82,10.98,10.98,10.98,1.0,10980.0,57
2023-05-10 21:12:48,au2312C480,au2312C480,10.98,0.0,0.0,0.0,1,10.92,11.02,1,10.82,10.98,10.98,10.98,1.0,10980.0,57
2023-05-10 21:12:49,au2312C480,au2312C480,10.98,0.0,0.0,0.0,1,10.92,11.02,1,10.82,10.98,10.98,10.98,1.0,10980.0,57
2023-05-10 21:12:50,au2312C480,au2312C480,10.98,0.0,0.0,0.0,1,10.94,11.04,1,10.82,10.98,10.98,10.98,1.0,10980.0,57
2023-05-10 21:12:53,au2312C480,au2312C480,10.98,0.0,0.0,0.0,1,10.92,11.02,1,10.82,10.98,10.98,10.98,1.0,10980.0,57
2023-05-10 21:12:55,au2312C480,au2312C480,10.98,0.0,0.0,0.0,1,10.94,11.04,1,10.82,10.98,10.98,10.98,1.0,10980.0,57
2023-05-10 21:13:00,au2312C480,au2312C480,10.98,0.0,0.0,0.0,1,10.96,11.06,1,10.82,10.98,10.98,10.98,1.0,10980.0,57
2023-05-10 21:13:01,au2312C480,au2312C480,10.98,0.0,0.0,0.0,1,10.98,11.08,1,10.82,10.98,10.98,10.98,1.0,10980.0,57
2023-05-10 21:13:05,au2312C480,au2312C480,10.98,0.0,0.0,0.0,1,11.0,11.64,1,10.82,10.98,10.98,10.98,1.0,10980.0,57
2023-05-10 21:13:06,au2312C480,au2312C480,10.98,0.0,0.0,0.0,1,11.0,11.1,1,10.82,10.98,10.98,10.98,1.0,10980.0,57
2023-05-10 21:13:14,au2312C480,au2312C480,10.98,0.0,0.0,0.0,1,11.02,11.12,1,10.82,10.98,10.98,10.98,1.0,10980.0,57
2023-05-10 21:13:26,au2312C480,au2312C480,10.98,0.0,0.0,0.0,1,11.0,11.1,1,10.82,10.98,10.98,10.98,1.0,10980.0,57
2023-05-10 21:13:30,au2312C480,au2312C480,10.98,0.0,0.0,0.0,1,10.98,11.08,1,10.82,10.98,10.98,10.98,1.0,10980.0,57
2023-05-10 21:13:31,au2312C480,au2312C480,10.98,0.0,0.0,0.0,1,10.96,11.06,1,10.82,10.98,10.98,10.98,1.0,10980.0,57
2023-05-10 21:13:32,au2312C480,au2312C480,10.98,0.0,0.0,0.0,1,10.98,11.08,1,10.82,10.98,10.98,10.98,1.0,10980.0,57
2023-05-10 21:13:34,au2312C480,au2312C480,10.98,0.0,0.0,0.0,1,10.96,11.06,1,10.82,10.98,10.98,10.98,1.0,10980.0,57
2023-05-10 21:13:50,au2312C480,au2312C480,10.98,0.0,0.0,0.0,1,10.68,11.04,1,10.82,10.98,10.98,10.98,1.0,10980.0,57
2023-05-10 21:13:50,au2312C480,au2312C480,10.98,0.0,0.0,0.0,1,10.68,11.04,1,10.82,10.98,10.98,10.98,1.0,10980.0,57
2023-05-10 21:13:51,au2312C480,au2312C480,10.98,0.0,0.0,0.0,1,10.94,11.04,1,10.82,10.98,10.98,10.98,1.0,10980.0,57
2023-05-10 21:14:02,au2312C480,au2312C480,10.98,0.0,0.0,0.0,1,10.68,11.02,1,10.82,10.98,10.98,10.98,1.0,10980.0,57
2023-05-10 21:14:03,au2312C480,au2312C480,10.98,0.0,0.0,0.0,1,10.92,11.02,1,10.82,10.98,10.98,10.98,1.0,10980.0,57
2023-05-10 21:14:03,au2312C480,au2312C480,10.98,0.0,0.0,0.0,1,10.92,11.04,1,10.82,10.98,10.98,10.98,1.0,10980.0,57
2023-05-10 21:14:04,au2312C480,au2312C480,10.98,0.0,0.0,0.0,1,10.94,11.04,1,10.82,10.98,10.98,10.98,1.0,10980.0,57
2023-05-10 21:14:04,au2312C480,au2312C480,10.98,0.0,0.0,0.0,1,10.94,11.04,1,10.82,10.98,10.98,10.98,1.0,10980.0,57
2023-05-10 21:14:05,au2312C480,au2312C480,10.98,0.0,0.0,0.0,1,10.92,11.02,1,10.82,10.98,10.98,10.98,1.0,10980.0,57
2023-05-10 21:14:06,au2312C480,au2312C480,10.98,0.0,0.0,0.0,1,10.68,11.02,1,10.82,10.98,10.98,10.98,1.0,10980.0,57
2023-05-10 21:14:07,au2312C480,au2312C480,10.98,0.0,0.0,0.0,1,10.9,11.02,1,10.82,10.98,10.98,10.98,1.0,10980.0,57
2023-05-10 21:14:12,au2312C480,au2312C480,10.98,0.0,0.0,0.0,1,10.9,11.0,1,10.82,10.98,10.98,10.98,1.0,10980.0,57
2023-05-10 21:14:14,au2312C480,au2312C480,10.98,0.0,0.0,0.0,1,10.9,11.02,1,10.82,10.98,10.98,10.98,1.0,10980.0,57
2023-05-10 21:14:15,au2312C480,au2312C480,10.98,0.0,0.0,0.0,1,10.9,11.02,1,10.82,10.98,10.98,10.98,1.0,10980.0,57
2023-05-10 21:14:16,au2312C480,au2312C480,10.98,0.0,0.0,0.0,1,10.9,11.0,1,10.82,10.98,10.98,10.98,1.0,10980.0,57
2023-05-10 21:14:20,au2312C480,au2312C480,10.98,0.0,0.0,0.0,1,10.92,11.02,1,10.82,10.98,10.98,10.98,1.0,10980.0,57
2023-05-10 21:14:28,au2312C480,au2312C480,10.98,0.0,0.0,0.0,1,10.9,11.02,1,10.82,10.98,10.98,10.98,1.0,10980.0,57
2023-05-10 21:14:29,au2312C480,au2312C480,10.98,0.0,0.0,0.0,1,10.9,11.0,1,10.82,10.98,10.98,10.98,1.0,10980.0,57
2023-05-10 21:14:38,au2312C480,au2312C480,10.98,0.0,0.0,0.0,1,10.92,11.02,1,10.82,10.98,10.98,10.98,1.0,10980.0,57
2023-05-10 21:14:48,au2312C480,au2312C480,10.98,0.0,0.0,0.0,1,10.9,11.0,1,10.82,10.98,10.98,10.98,1.0,10980.0,57
2023-05-10 21:14:55,au2312C480,au2312C480,10.98,0.0,0.0,0.0,1,10.68,11.0,1,10.82,10.98,10.98,10.98,1.0,10980.0,57
2023-05-10 21:14:55,au2312C480,au2312C480,10.98,0.0,0.0,0.0,1,10.68,11.0,1,10.82,10.98,10.98,10.98,1.0,10980.0,57
2023-05-10 21:14:56,au2312C480,au2312C480,10.98,0.0,0.0,0.0,1,10.86,10.98,1,10.82,10.98,10.98,10.98,1.0,10980.0,57
2023-05-10 21:14:56,au2312C480,au2312C480,10.98,0.0,0.0,0.0,1,10.86,11.0,1,10.82,10.98,10.98,10.98,1.0,10980.0,57
2023-05-10 21:14:57,au2312C480,au2312C480,10.98,0.0,0.0,0.0,1,10.88,11.0,1,10.82,10.98,10.98,10.98,1.0,10980.0,57
2023-05-10 21:14:57,au2312C480,au2312C480,10.98,0.0,0.0,0.0,1,10.88,11.0,1,10.82,10.98,10.98,10.98,1.0,10980.0,57
2023-05-10 21:14:58,au2312C480,au2312C480,10.98,0.0,0.0,0.0,1,10.9,11.0,1,10.82,10.98,10.98,10.98,1.0,10980.0,57
2023-05-10 21:14:59,au2312C480,au2312C480,10.98,0.0,0.0,0.0,1,10.9,11.02,1,10.82,10.98,10.98,10.98,1.0,10980.0,57
2023-05-10 21:14:59,au2312C480,au2312C480,10.98,0.0,0.0,0.0,1,10.92,11.02,1,10.82,10.98,10.98,10.98,1.0,10980.0,57
2023-05-10 21:15:00,au2312C480,au2312C480,10.98,0.0,0.0,0.0,1,10.9,11.0,1,10.82,10.98,10.98,10.98,1.0,10980.0,57
2023-05-10 21:15:01,au2312C480,au2312C480,10.98,0.0,0.0,0.0,1,10.9,11.02,1,10.82,10.98,10.98,10.98,1.0,10980.0,57
2023-05-10 21:15:03,au2312C480,au2312C480,10.98,0.0,0.0,0.0,1,10.92,11.02,1,10.82,10.98,10.98,10.98,1.0,10980.0,57
2023-05-10 21:15:14,au2312C480,au2312C480,10.98,0.0,0.0,0.0,1,10.94,11.04,1,10.82,10.98,10.98,10.98,1.0,10980.0,57
2023-05-10 21:15:16,au2312C480,au2312C480,10.98,0.0,0.0,0.0,1,10.94,11.02,1,10.82,10.98,10.98,10.98,1.0,10980.0,57
2023-05-10 21:15:17,au2312C480,au2312C480,10.98,0.0,0.0,0.0,1,10.92,11.02,1,10.82,10.98,10.98,10.98,1.0,10980.0,57
2023-05-10 21:15:19,au2312C480,au2312C480,10.98,0.0,0.0,0.0,1,10.94,11.04,1,10.82,10.98,10.98,10.98,1.0,10980.0,57
2023-05-10 21:15:21,au2312C480,au2312C480,10.98,0.0,0.0,0.0,1,10.96,11.04,1,10.82,10.98,10.98,10.98,1.0,10980.0,57
2023-05-10 21:15:21,au2312C480,au2312C480,10.98,0.0,0.0,0.0,1,10.96,11.06,1,10.82,10.98,10.98,10.98,1.0,10980.0,57
2023-05-10 21:15:22,au2312C480,au2312C480,10.98,0.0,0.0,0.0,1,10.94,11.04,1,10.82,10.98,10.98,10.98,1.0,10980.0,57
2023-05-10 21:15:23,au2312C480,au2312C480,10.98,0.0,0.0,0.0,1,10.96,11.04,1,10.82,10.98,10.98,10.98,1.0,10980.0,57
2023-05-10 21:15:24,au2312C480,au2312C480,10.98,0.0,0.0,0.0,1,10.96,11.08,1,10.82,10.98,10.98,10.98,1.0,10980.0,57
2023-05-10 21:15:25,au2312C480,au2312C480,10.98,0.0,0.0,0.0,1,10.98,11.08,1,10.82,10.98,10.98,10.98,1.0,10980.0,57
2023-05-10 21:15:28,au2312C480,au2312C480,10.98,0.0,0.0,0.0,1,10.96,11.06,1,10.82,10.98,10.98,10.98,1.0,10980.0,57
2023-05-10 21:15:31,au2312C480,au2312C480,10.98,0.0,0.0,0.0,1,10.96,11.08,1,10.82,10.98,10.98,10.98,1.0,10980.0,57
2023-05-10 21:15:33,au2312C480,au2312C480,10.98,0.0,0.0,0.0,1,10.98,11.08,1,10.82,10.98,10.98,10.98,1.0,10980.0,57
2023-05-10 21:15:34,au2312C480,au2312C480,10.98,0.0,0.0,0.0,1,10.96,11.06,1,10.82,10.98,10.98,10.98,1.0,10980.0,57
2023-05-10 21:15:35,au2312C480,au2312C480,10.98,0.0,0.0,0.0,1,10.96,11.04,1,10.82,10.98,10.98,10.98,1.0,10980.0,57
2023-05-10 21:15:37,au2312C480,au2312C480,10.98,0.0,0.0,0.0,1,10.94,11.04,1,10.82,10.98,10.98,10.98,1.0,10980.0,57
2023-05-10 21:15:40,au2312C480,au2312C480,10.98,0.0,0.0,0.0,1,10.92,11.02,1,10.82,10.98,10.98,10.98,1.0,10980.0,57
2023-05-10 21:15:41,au2312C480,au2312C480,10.98,0.0,0.0,0.0,1,10.94,11.04,1,10.82,10.98,10.98,10.98,1.0,10980.0,57
2023-05-10 21:15:42,au2312C480,au2312C480,10.98,0.0,0.0,0.0,1,10.94,11.06,1,10.82,10.98,10.98,10.98,1.0,10980.0,57
2023-05-10 21:15:43,au2312C480,au2312C480,10.98,0.0,0.0,0.0,1,10.96,11.06,1,10.82,10.98,10.98,10.98,1.0,10980.0,57
2023-05-10 21:15:44,au2312C480,au2312C480,10.98,0.0,0.0,0.0,1,10.94,11.04,1,10.82,10.98,10.98,10.98,1.0,10980.0,57
2023-05-10 21:15:45,au2312C480,au2312C480,10.98,0.0,0.0,0.0,1,10.94,11.06,1,10.82,10.98,10.98,10.98,1.0,10980.0,57
2023-05-10 21:15:48,au2312C480,au2312C480,10.98,0.0,0.0,0.0,1,10.96,11.06,1,10.82,10.98,10.98,10.98,1.0,10980.0,57
2023-05-10 21:15:50,au2312C480,au2312C480,10.98,0.0,0.0,0.0,1,10.94,11.04,1,10.82,10.98,10.98,10.98,1.0,10980.0,57
2023-05-10 21:15:50,au2312C480,au2312C480,10.98,0.0,0.0,0.0,1,10.92,11.04,1,10.82,10.98,10.98,10.98,1.0,10980.0,57
2023-05-10 21:15:51,au2312C480,au2312C480,10.98,0.0,0.0,0.0,1,10.68,11.04,1,10.82,10.98,10.98,10.98,1.0,10980.0,57
2023-05-10 21:15:51,au2312C480,au2312C480,10.98,0.0,0.0,0.0,1,10.9,11.02,1,10.82,10.98,10.98,10.98,1.0,10980.0,57
2023-05-10 21:15:53,au2312C480,au2312C480,10.98,0.0,0.0,0.0,1,10.9,11.0,1,10.82,10.98,10.98,10.98,1.0,10980.0,57
2023-05-10 21:15:56,au2312C480,au2312C480,10.98,0.0,0.0,0.0,1,10.92,11.02,1,10.82,10.98,10.98,10.98,1.0,10980.0,57
2023-05-10 21:15:56,au2312C480,au2312C480,10.98,0.0,0.0,0.0,1,10.92,11.02,1,10.82,10.98,10.98,10.98,1.0,10980.0,57
2023-05-10 21:15:57,au2312C480,au2312C480,10.98,0.0,0.0,0.0,1,10.92,11.04,1,10.82,10.98,10.98,10.98,1.0,10980.0,57
2023-05-10 21:16:00,au2312C480,au2312C480,10.98,0.0,0.0,0.0,1,10.92,11.02,1,10.82,10.98,10.98,10.98,1.0,10980.0,57
2023-05-10 21:16:03,au2312C480,au2312C480,10.98,0.0,0.0,0.0,1,10.94,11.04,1,10.82,10.98,10.98,10.98,1.0,10980.0,57
2023-05-10 21:16:03,au2312C480,au2312C480,10.98,0.0,0.0,0.0,1,10.96,11.64,1,10.82,10.98,10.98,10.98,1.0,10980.0,57
2023-05-10 21:16:04,au2312C480,au2312C480,10.98,0.0,0.0,0.0,1,10.98,11.64,1,10.82,10.98,10.98,10.98,1.0,10980.0,57
2023-05-10 21:16:05,au2312C480,au2312C480,10.98,0.0,0.0,0.0,1,10.98,11.08,1,10.82,10.98,10.98,10.98,1.0,10980.0,57
2023-05-10 21:16:09,au2312C480,au2312C480,10.98,0.0,0.0,0.0,1,11.0,11.1,1,10.82,10.98,10.98,10.98,1.0,10980.0,57
2023-05-10 21:16:11,au2312C480,au2312C480,10.98,0.0,0.0,0.0,1,11.0,11.08,1,10.82,10.98,10.98,10.98,1.0,10980.0,57
2023-05-10 21:16:12,au2312C480,au2312C480,10.98,0.0,0.0,0.0,1,10.98,11.08,1,10.82,10.98,10.98,10.98,1.0,10980.0,57
2023-05-10 21:16:15,au2312C480,au2312C480,10.98,0.0,0.0,0.0,1,11.0,11.1,1,10.82,10.98,10.98,10.98,1.0,10980.0,57
2023-05-10 21:16:16,au2312C480,au2312C480,10.98,0.0,0.0,0.0,1,10.98,11.08,1,10.82,10.98,10.98,10.98,1.0,10980.0,57
2023-05-10 21:16:18,au2312C480,au2312C480,10.98,0.0,0.0,0.0,1,10.98,11.06,1,10.82,10.98,10.98,10.98,1.0,10980.0,57
2023-05-10 21:16:18,au2312C480,au2312C480,10.98,0.0,0.0,0.0,1,10.96,11.06,1,10.82,10.98,10.98,10.98,1.0,10980.0,57
2023-05-10 21:16:22,au2312C480,au2312C480,10.98,0.0,0.0,0.0,1,10.98,11.06,1,10.82,10.98,10.98,10.98,1.0,10980.0,57
2023-05-10 21:16:23,au2312C480,au2312C480,10.98,0.0,0.0,0.0,1,10.96,11.06,1,10.82,10.98,10.98,10.98,1.0,10980.0,57
2023-05-10 21:16:26,au2312C480,au2312C480,10.98,0.0,0.0,0.0,1,10.94,11.04,1,10.82,10.98,10.98,10.98,1.0,10980.0,57
2023-05-10 21:16:29,au2312C480,au2312C480,10.98,0.0,0.0,0.0,1,10.96,11.04,1,10.82,10.98,10.98,10.98,1.0,10980.0,57
2023-05-10 21:16:30,au2312C480,au2312C480,10.98,0.0,0.0,0.0,1,10.98,11.06,1,10.82,10.98,10.98,10.98,1.0,10980.0,57
2023-05-10 21:16:30,au2312C480,au2312C480,10.98,0.0,0.0,0.0,1,10.96,11.06,1,10.82,10.98,10.98,10.98,1.0,10980.0,57
2023-05-10 21:16:32,au2312C480,au2312C480,10.98,0.0,0.0,0.0,1,10.96,11.04,1,10.82,10.98,10.98,10.98,1.0,10980.0,57
2023-05-10 21:16:35,au2312C480,au2312C480,10.98,0.0,0.0,0.0,1,10.94,11.04,1,10.82,10.98,10.98,10.98,1.0,10980.0,57
2023-05-10 21:16:35,au2312C480,au2312C480,10.98,0.0,0.0,0.0,1,10.96,11.06,1,10.82,10.98,10.98,10.98,1.0,10980.0,57
2023-05-10 21:16:36,au2312C480,au2312C480,10.98,0.0,0.0,0.0,1,10.94,11.04,1,10.82,10.98,10.98,10.98,1.0,10980.0,57
2023-05-10 21:16:42,au2312C480,au2312C480,10.98,0.0,0.0,0.0,1,10.94,11.02,1,10.82,10.98,10.98,10.98,1.0,10980.0,57
2023-05-10 21:16:44,au2312C480,au2312C480,10.98,0.0,0.0,0.0,1,10.92,11.02,1,10.82,10.98,10.98,10.98,1.0,10980.0,57
2023-05-10 21:16:45,au2312C480,au2312C480,10.98,0.0,0.0,0.0,1,10.94,11.02,1,10.82,10.98,10.98,10.98,1.0,10980.0,57
2023-05-10 21:16:46,au2312C480,au2312C480,10.98,0.0,0.0,0.0,1,10.92,11.02,1,10.82,10.98,10.98,10.98,1.0,10980.0,57
2023-05-10 21:16:50,au2312C480,au2312C480,10.98,0.0,0.0,0.0,1,10.92,11.0,1,10.82,10.98,10.98,10.98,1.0,10980.0,57
2023-05-10 21:16:54,au2312C480,au2312C480,10.98,0.0,0.0,0.0,1,10.92,11.02,1,10.82,10.98,10.98,10.98,1.0,10980.0,57
2023-05-10 21:16:59,au2312C480,au2312C480,10.98,0.0,0.0,0.0,1,10.94,11.02,1,10.82,10.98,10.98,10.98,1.0,10980.0,57
2023-05-10 21:17:02,au2312C480,au2312C480,10.98,0.0,0.0,0.0,1,10.92,11.02,1,10.82,10.98,10.98,10.98,1.0,10980.0,57
2023-05-10 21:17:05,au2312C480,au2312C480,10.98,0.0,0.0,0.0,1,10.94,11.02,1,10.82,10.98,10.98,10.98,1.0,10980.0,57
2023-05-10 21:17:09,au2312C480,au2312C480,10.98,0.0,0.0,0.0,1,10.94,11.04,1,10.82,10.98,10.98,10.98,1.0,10980.0,57
2023-05-10 21:17:11,au2312C480,au2312C480,10.98,0.0,0.0,0.0,1,10.94,11.02,1,10.82,10.98,10.98,10.98,1.0,10980.0,57
2023-05-10 21:17:14,au2312C480,au2312C480,10.98,0.0,0.0,0.0,1,10.92,11.02,1,10.82,10.98,10.98,10.98,1.0,10980.0,57
2023-05-10 21:17:15,au2312C480,au2312C480,10.98,0.0,0.0,0.0,1,10.9,11.0,1,10.82,10.98,10.98,10.98,1.0,10980.0,57
2023-05-10 21:17:16,au2312C480,au2312C480,10.98,0.0,0.0,0.0,1,10.9,10.98,1,10.82,10.98,10.98,10.98,1.0,10980.0,57
2023-05-10 21:17:17,au2312C480,au2312C480,10.98,0.0,0.0,0.0,1,10.68,10.98,1,10.82,10.98,10.98,10.98,1.0,10980.0,57
2023-05-10 21:17:17,au2312C480,au2312C480,10.98,0.0,0.0,0.0,1,10.88,10.98,1,10.82,10.98,10.98,10.98,1.0,10980.0,57
2023-05-10 21:17:23,au2312C480,au2312C480,10.98,0.0,0.0,0.0,1,10.68,10.96,1,10.82,10.98,10.98,10.98,1.0,10980.0,57
2023-05-10 21:17:24,au2312C480,au2312C480,10.98,0.0,0.0,0.0,1,10.86,10.96,1,10.82,10.98,10.98,10.98,1.0,10980.0,57
2023-05-10 21:17:25,au2312C480,au2312C480,10.98,0.0,0.0,0.0,1,10.88,10.98,1,10.82,10.98,10.98,10.98,1.0,10980.0,57
2023-05-10 21:17:25,au2312C480,au2312C480,10.98,0.0,0.0,0.0,1,10.86,10.96,1,10.82,10.98,10.98,10.98,1.0,10980.0,57
2023-05-10 21:17:27,au2312C480,au2312C480,10.98,0.0,0.0,0.0,1,10.88,10.98,1,10.82,10.98,10.98,10.98,1.0,10980.0,57
2023-05-10 21:17:31,au2312C480,au2312C480,10.98,0.0,0.0,0.0,1,10.9,11.0,1,10.82,10.98,10.98,10.98,1.0,10980.0,57
2023-05-10 21:17:36,au2312C480,au2312C480,10.98,0.0,0.0,0.0,1,10.92,11.02,1,10.82,10.98,10.98,10.98,1.0,10980.0,57
2023-05-10 21:17:38,au2312C480,au2312C480,10.98,0.0,0.0,0.0,1,10.9,11.0,1,10.82,10.98,10.98,10.98,1.0,10980.0,57
2023-05-10 21:17:40,au2312C480,au2312C480,10.98,0.0,0.0,0.0,1,10.92,11.0,1,10.82,10.98,10.98,10.98,1.0,10980.0,57
2023-05-10 21:17:42,au2312C480,au2312C480,10.98,0.0,0.0,0.0,1,10.92,11.02,1,10.82,10.98,10.98,10.98,1.0,10980.0,57
2023-05-10 21:17:54,au2312C480,au2312C480,10.98,0.0,0.0,0.0,1,10.9,11.0,1,10.82,10.98,10.98,10.98,1.0,10980.0,57
2023-05-10 21:18:00,au2312C480,au2312C480,10.98,0.0,0.0,0.0,1,10.9,10.98,1,10.82,10.98,10.98,10.98,1.0,10980.0,57
2023-05-10 21:18:01,au2312C480,au2312C480,10.98,0.0,0.0,0.0,1,10.9,11.0,1,10.82,10.98,10.98,10.98,1.0,10980.0,57
2023-05-10 21:18:02,au2312C480,au2312C480,10.98,0.0,0.0,0.0,1,10.92,11.02,1,10.82,10.98,10.98,10.98,1.0,10980.0,57
2023-05-10 21:18:03,au2312C480,au2312C480,10.98,0.0,0.0,0.0,1,10.94,11.02,1,10.82,10.98,10.98,10.98,1.0,10980.0,57
2023-05-10 21:18:03,au2312C480,au2312C480,10.98,0.0,0.0,0.0,1,10.94,11.64,1,10.82,10.98,10.98,10.98,1.0,10980.0,57
2023-05-10 21:18:04,au2312C480,au2312C480,10.98,0.0,0.0,0.0,1,10.94,11.04,1,10.82,10.98,10.98,10.98,1.0,10980.0,57
2023-05-10 21:18:20,au2312C480,au2312C480,10.98,0.0,0.0,0.0,1,10.96,11.06,1,10.82,10.98,10.98,10.98,1.0,10980.0,57
2023-05-10 21:18:23,au2312C480,au2312C480,10.98,0.0,0.0,0.0,1,10.94,11.04,1,10.82,10.98,10.98,10.98,1.0,10980.0,57
2023-05-10 21:18:37,au2312C480,au2312C480,10.98,0.0,0.0,0.0,1,10.96,11.04,1,10.82,10.98,10.98,10.98,1.0,10980.0,57
2023-05-10 21:18:37,au2312C480,au2312C480,10.98,0.0,0.0,0.0,1,10.96,11.06,1,10.82,10.98,10.98,10.98,1.0,10980.0,57
2023-05-10 21:18:50,au2312C480,au2312C480,10.98,0.0,0.0,0.0,1,10.98,11.08,1,10.82,10.98,10.98,10.98,1.0,10980.0,57
2023-05-10 21:18:53,au2312C480,au2312C480,10.98,0.0,0.0,0.0,1,10.98,11.06,1,10.82,10.98,10.98,10.98,1.0,10980.0,57
2023-05-10 21:18:54,au2312C480,au2312C480,10.98,0.0,0.0,0.0,1,10.96,11.06,1,10.82,10.98,10.98,10.98,1.0,10980.0,57
2023-05-10 21:18:56,au2312C480,au2312C480,10.98,0.0,0.0,0.0,1,10.94,11.04,1,10.82,10.98,10.98,10.98,1.0,10980.0,57
2023-05-10 21:18:58,au2312C480,au2312C480,10.98,0.0,0.0,0.0,1,10.96,11.04,1,10.82,10.98,10.98,10.98,1.0,10980.0,57
2023-05-10 21:18:59,au2312C480,au2312C480,10.98,0.0,0.0,0.0,1,10.96,11.06,1,10.82,10.98,10.98,10.98,1.0,10980.0,57
2023-05-10 21:19:16,au2312C480,au2312C480,10.98,0.0,0.0,0.0,1,10.94,11.04,1,10.82,10.98,10.98,10.98,1.0,10980.0,57
2023-05-10 21:19:32,au2312C480,au2312C480,10.98,0.0,0.0,0.0,1,10.96,11.04,1,10.82,10.98,10.98,10.98,1.0,10980.0,57
2023-05-10 21:19:32,au2312C480,au2312C480,10.98,0.0,0.0,0.0,1,10.94,11.04,1,10.82,10.98,10.98,10.98,1.0,10980.0,57
2023-05-10 21:19:35,au2312C480,au2312C480,10.98,0.0,0.0,0.0,1,10.94,11.02,1,10.82,10.98,10.98,10.98,1.0,10980.0,57
2023-05-10 21:19:36,au2312C480,au2312C480,10.98,0.0,0.0,0.0,1,10.92,11.04,1,10.82,10.98,10.98,10.98,1.0,10980.0,57
2023-05-10 21:19:37,au2312C480,au2312C480,10.98,0.0,0.0,0.0,1,10.92,11.02,1,10.82,10.98,10.98,10.98,1.0,10980.0,57
2023-05-10 21:19:41,au2312C480,au2312C480,10.98,0.0,0.0,0.0,1,10.92,11.0,1,10.82,10.98,10.98,10.98,1.0,10980.0,57
2023-05-10 21:19:41,au2312C480,au2312C480,10.98,0.0,0.0,0.0,1,10.92,11.02,1,10.82,10.98,10.98,10.98,1.0,10980.0,57
2023-05-10 21:19:44,au2312C480,au2312C480,10.98,0.0,0.0,0.0,1,10.94,11.04,1,10.82,10.98,10.98,10.98,1.0,10980.0,57
2023-05-10 21:19:44,au2312C480,au2312C480,10.98,0.0,0.0,0.0,1,10.94,11.06,1,10.82,10.98,10.98,10.98,1.0,10980.0,57
2023-05-10 21:19:45,au2312C480,au2312C480,10.98,0.0,0.0,0.0,1,10.94,11.04,1,10.82,10.98,10.98,10.98,1.0,10980.0,57
2023-05-10 21:19:48,au2312C480,au2312C480,10.98,0.0,0.0,0.0,1,10.94,11.02,1,10.82,10.98,10.98,10.98,1.0,10980.0,57
2023-05-10 21:19:49,au2312C480,au2312C480,10.98,0.0,0.0,0.0,1,10.92,11.02,1,10.82,10.98,10.98,10.98,1.0,10980.0,57
2023-05-10 21:19:52,au2312C480,au2312C480,10.98,0.0,0.0,0.0,1,10.94,11.04,1,10.82,10.98,10.98,10.98,1.0,10980.0,57
2023-05-10 21:19:54,au2312C480,au2312C480,10.98,0.0,0.0,0.0,1,10.94,11.02,1,10.82,10.98,10.98,10.98,1.0,10980.0,57
2023-05-10 21:19:55,au2312C480,au2312C480,10.98,0.0,0.0,0.0,1,10.92,11.02,1,10.82,10.98,10.98,10.98,1.0,10980.0,57
2023-05-10 21:19:57,au2312C480,au2312C480,10.98,0.0,0.0,0.0,1,10.94,11.04,1,10.82,10.98,10.98,10.98,1.0,10980.0,57
2023-05-10 21:19:59,au2312C480,au2312C480,10.98,0.0,0.0,0.0,1,10.96,11.04,1,10.82,10.98,10.98,10.98,1.0,10980.0,57
2023-05-10 21:20:01,au2312C480,au2312C480,10.98,0.0,0.0,0.0,1,10.96,11.06,1,10.82,10.98,10.98,10.98,1.0,10980.0,57
2023-05-10 21:20:07,au2312C480,au2312C480,10.98,0.0,0.0,0.0,1,10.94,11.04,1,10.82,10.98,10.98,10.98,1.0,10980.0,57
2023-05-10 21:20:11,au2312C480,au2312C480,10.98,0.0,0.0,0.0,1,10.96,11.06,1,10.82,10.98,10.98,10.98,1.0,10980.0,57
2023-05-10 21:20:13,au2312C480,au2312C480,10.98,0.0,0.0,0.0,1,10.94,11.04,1,10.82,10.98,10.98,10.98,1.0,10980.0,57
2023-05-10 21:20:16,au2312C480,au2312C480,10.98,0.0,0.0,0.0,1,10.94,11.02,1,10.82,10.98,10.98,10.98,1.0,10980.0,57
2023-05-10 21:20:17,au2312C480,au2312C480,10.98,0.0,0.0,0.0,1,10.92,11.02,1,10.82,10.98,10.98,10.98,1.0,10980.0,57
2023-05-10 21:20:19,au2312C480,au2312C480,10.98,0.0,0.0,0.0,1,10.94,11.02,1,10.82,10.98,10.98,10.98,1.0,10980.0,57
2023-05-10 21:20:21,au2312C480,au2312C480,10.98,0.0,0.0,0.0,1,10.92,11.02,1,10.82,10.98,10.98,10.98,1.0,10980.0,57
2023-05-10 21:20:25,au2312C480,au2312C480,10.98,0.0,0.0,0.0,1,10.94,11.02,1,10.82,10.98,10.98,10.98,1.0,10980.0,57
2023-05-10 21:20:26,au2312C480,au2312C480,10.98,0.0,0.0,0.0,1,10.94,11.04,1,10.82,10.98,10.98,10.98,1.0,10980.0,57
2023-05-10 21:20:27,au2312C480,au2312C480,10.98,0.0,0.0,0.0,1,10.94,11.02,1,10.82,10.98,10.98,10.98,1.0,10980.0,57
2023-05-10 21:20:28,au2312C480,au2312C480,10.98,0.0,0.0,0.0,1,10.94,11.04,1,10.82,10.98,10.98,10.98,1.0,10980.0,57
2023-05-10 21:20:30,au2312C480,au2312C480,10.98,0.0,0.0,0.0,1,10.92,11.02,1,10.82,10.98,10.98,10.98,1.0,10980.0,57
2023-05-10 21:20:41,au2312C480,au2312C480,10.98,0.0,0.0,0.0,1,10.94,11.02,1,10.82,10.98,10.98,10.98,1.0,10980.0,57
2023-05-10 21:20:41,au2312C480,au2312C480,10.98,0.0,0.0,0.0,1,10.94,11.04,1,10.82,10.98,10.98,10.98,1.0,10980.0,57
2023-05-10 21:20:44,au2312C480,au2312C480,10.98,0.0,0.0,0.0,1,10.92,11.02,1,10.82,10.98,10.98,10.98,1.0,10980.0,57
2023-05-10 21:20:48,au2312C480,au2312C480,10.98,0.0,0.0,0.0,1,10.94,11.02,1,10.82,10.98,10.98,10.98,1.0,10980.0,57
2023-05-10 21:20:49,au2312C480,au2312C480,10.98,0.0,0.0,0.0,1,10.94,11.04,1,10.82,10.98,10.98,10.98,1.0,10980.0,57
2023-05-10 21:20:54,au2312C480,au2312C480,10.98,0.0,0.0,0.0,1,10.96,11.06,1,10.82,10.98,10.98,10.98,1.0,10980.0,57
2023-05-10 21:20:56,au2312C480,au2312C480,10.98,0.0,0.0,0.0,1,10.96,11.04,1,10.82,10.98,10.98,10.98,1.0,10980.0,57
2023-05-10 21:20:58,au2312C480,au2312C480,10.98,0.0,0.0,0.0,1,10.94,11.04,1,10.82,10.98,10.98,10.98,1.0,10980.0,57
2023-05-10 21:20:59,au2312C480,au2312C480,10.98,0.0,0.0,0.0,1,10.94,11.02,1,10.82,10.98,10.98,10.98,1.0,10980.0,57
2023-05-10 21:21:03,au2312C480,au2312C480,10.98,0.0,0.0,0.0,1,10.92,11.02,1,10.82,10.98,10.98,10.98,1.0,10980.0,57
2023-05-10 21:21:05,au2312C480,au2312C480,10.98,0.0,0.0,0.0,1,10.94,11.02,1,10.82,10.98,10.98,10.98,1.0,10980.0,57
2023-05-10 21:21:07,au2312C480,au2312C480,10.98,0.0,0.0,0.0,1,10.92,11.02,1,10.82,10.98,10.98,10.98,1.0,10980.0,57
2023-05-10 21:21:12,au2312C480,au2312C480,10.98,0.0,0.0,0.0,1,10.94,11.04,1,10.82,10.98,10.98,10.98,1.0,10980.0,57
2023-05-10 21:21:13,au2312C480,au2312C480,10.98,0.0,0.0,0.0,1,10.96,11.06,1,10.82,10.98,10.98,10.98,1.0,10980.0,57
2023-05-10 21:21:15,au2312C480,au2312C480,10.98,0.0,0.0,0.0,1,10.94,11.04,1,10.82,10.98,10.98,10.98,1.0,10980.0,57
2023-05-10 21:21:18,au2312C480,au2312C480,10.98,0.0,0.0,0.0,1,10.96,11.06,1,10.82,10.98,10.98,10.98,1.0,10980.0,57
2023-05-10 21:21:36,au2312C480,au2312C480,10.98,0.0,0.0,0.0,1,10.98,11.08,1,10.82,10.98,10.98,10.98,1.0,10980.0,57
2023-05-10 21:21:51,au2312C480,au2312C480,10.98,0.0,0.0,0.0,1,11.0,11.08,1,10.82,10.98,10.98,10.98,1.0,10980.0,57
2023-05-10 21:21:52,au2312C480,au2312C480,10.98,0.0,0.0,0.0,1,11.0,11.1,1,10.82,10.98,10.98,10.98,1.0,10980.0,57
2023-05-10 21:21:55,au2312C480,au2312C480,10.98,0.0,0.0,0.0,1,10.98,11.08,1,10.82,10.98,10.98,10.98,1.0,10980.0,57
2023-05-10 21:22:03,au2312C480,au2312C480,10.98,0.0,0.0,0.0,1,10.98,11.06,1,10.82,10.98,10.98,10.98,1.0,10980.0,57
2023-05-10 21:22:04,au2312C480,au2312C480,10.98,0.0,0.0,0.0,1,10.96,11.06,1,10.82,10.98,10.98,10.98,1.0,10980.0,57
2023-05-10 21:22:08,au2312C480,au2312C480,10.98,0.0,0.0,0.0,1,10.98,11.06,1,10.82,10.98,10.98,10.98,1.0,10980.0,57
2023-05-10 21:22:10,au2312C480,au2312C480,10.98,0.0,0.0,0.0,1,10.98,11.08,1,10.82,10.98,10.98,10.98,1.0,10980.0,57
2023-05-10 21:22:13,au2312C480,au2312C480,10.98,0.0,0.0,0.0,1,10.94,11.04,1,10.82,10.98,10.98,10.98,1.0,10980.0,57
2023-05-10 21:22:18,au2312C480,au2312C480,10.98,0.0,0.0,0.0,1,10.92,11.02,1,10.82,10.98,10.98,10.98,1.0,10980.0,57
2023-05-10 21:22:20,au2312C480,au2312C480,10.98,0.0,0.0,0.0,1,10.92,11.0,1,10.82,10.98,10.98,10.98,1.0,10980.0,57
2023-05-10 21:22:21,au2312C480,au2312C480,10.98,0.0,0.0,0.0,1,10.9,11.0,1,10.82,10.98,10.98,10.98,1.0,10980.0,57
2023-05-10 21:22:22,au2312C480,au2312C480,10.98,0.0,0.0,0.0,1,10.92,11.02,1,10.82,10.98,10.98,10.98,1.0,10980.0,57
2023-05-10 21:22:26,au2312C480,au2312C480,10.98,0.0,0.0,0.0,1,10.9,11.0,1,10.82,10.98,10.98,10.98,1.0,10980.0,57
2023-05-10 21:22:28,au2312C480,au2312C480,10.98,0.0,0.0,0.0,1,10.92,11.0,1,10.82,10.98,10.98,10.98,1.0,10980.0,57
2023-05-10 21:22:30,au2312C480,au2312C480,10.98,0.0,0.0,0.0,1,10.92,11.02,1,10.82,10.98,10.98,10.98,1.0,10980.0,57
2023-05-10 21:22:31,au2312C480,au2312C480,10.98,0.0,0.0,0.0,1,10.94,11.02,1,10.82,10.98,10.98,10.98,1.0,10980.0,57
2023-05-10 21:22:31,au2312C480,au2312C480,10.98,0.0,0.0,0.0,1,10.94,11.04,1,10.82,10.98,10.98,10.98,1.0,10980.0,57
2023-05-10 21:22:43,au2312C480,au2312C480,10.98,0.0,0.0,0.0,1,10.92,11.02,1,10.82,10.98,10.98,10.98,1.0,10980.0,57
2023-05-10 21:22:44,au2312C480,au2312C480,10.98,0.0,0.0,0.0,1,10.92,11.0,1,10.82,10.98,10.98,10.98,1.0,10980.0,57
2023-05-10 21:22:53,au2312C480,au2312C480,10.98,0.0,0.0,0.0,1,10.9,11.0,1,10.82,10.98,10.98,10.98,1.0,10980.0,57
2023-05-10 21:22:54,au2312C480,au2312C480,10.98,0.0,0.0,0.0,1,10.68,11.0,1,10.82,10.98,10.98,10.98,1.0,10980.0,57
2023-05-10 21:22:55,au2312C480,au2312C480,10.98,0.0,0.0,0.0,1,10.68,11.0,1,10.82,10.98,10.98,10.98,1.0,10980.0,57
2023-05-10 21:22:55,au2312C480,au2312C480,10.98,0.0,0.0,0.0,1,10.86,10.98,1,10.82,10.98,10.98,10.98,1.0,10980.0,57
2023-05-10 21:22:57,au2312C480,au2312C480,10.98,0.0,0.0,0.0,1,10.88,10.98,1,10.82,10.98,10.98,10.98,1.0,10980.0,57
2023-05-10 21:22:57,au2312C480,au2312C480,10.98,0.0,0.0,0.0,1,10.88,10.98,1,10.82,10.98,10.98,10.98,1.0,10980.0,57
2023-05-10 21:23:00,au2312C480,au2312C480,10.98,0.0,0.0,0.0,1,10.86,10.96,1,10.82,10.98,10.98,10.98,1.0,10980.0,57
2023-05-10 21:23:01,au2312C480,au2312C480,10.98,0.0,0.0,0.0,1,10.88,10.98,1,10.82,10.98,10.98,10.98,1.0,10980.0,57
2023-05-10 21:23:03,au2312C480,au2312C480,10.98,0.0,0.0,0.0,1,10.86,10.96,1,10.82,10.98,10.98,10.98,1.0,10980.0,57
2023-05-10 21:23:05,au2312C480,au2312C480,10.98,0.0,0.0,0.0,1,10.86,10.94,1,10.82,10.98,10.98,10.98,1.0,10980.0,57
2023-05-10 21:23:06,au2312C480,au2312C480,10.98,0.0,0.0,0.0,1,10.68,10.94,1,10.82,10.98,10.98,10.98,1.0,10980.0,57
2023-05-10 21:23:06,au2312C480,au2312C480,10.98,0.0,0.0,0.0,1,10.84,10.94,1,10.82,10.98,10.98,10.98,1.0,10980.0,57
2023-05-10 21:23:07,au2312C480,au2312C480,10.98,0.0,0.0,0.0,1,10.84,10.96,1,10.82,10.98,10.98,10.98,1.0,10980.0,57
2023-05-10 21:23:07,au2312C480,au2312C480,10.98,0.0,0.0,0.0,1,10.86,10.96,1,10.82,10.98,10.98,10.98,1.0,10980.0,57
2023-05-10 21:23:08,au2312C480,au2312C480,10.98,0.0,0.0,0.0,1,10.86,10.96,1,10.82,10.98,10.98,10.98,1.0,10980.0,57
2023-05-10 21:23:11,au2312C480,au2312C480,10.98,0.0,0.0,0.0,1,10.84,10.94,1,10.82,10.98,10.98,10.98,1.0,10980.0,57
2023-05-10 21:23:13,au2312C480,au2312C480,10.98,0.0,0.0,0.0,1,10.88,10.96,1,10.82,10.98,10.98,10.98,1.0,10980.0,57
2023-05-10 21:23:14,au2312C480,au2312C480,10.98,0.0,0.0,0.0,1,10.86,10.98,1,10.82,10.98,10.98,10.98,1.0,10980.0,57
2023-05-10 21:23:15,au2312C480,au2312C480,10.98,0.0,0.0,0.0,1,10.86,10.96,1,10.82,10.98,10.98,10.98,1.0,10980.0,57
2023-05-10 21:23:15,au2312C480,au2312C480,10.98,0.0,0.0,0.0,1,10.84,10.94,1,10.82,10.98,10.98,10.98,1.0,10980.0,57
2023-05-10 21:23:24,au2312C480,au2312C480,10.98,0.0,0.0,0.0,1,10.86,10.96,1,10.82,10.98,10.98,10.98,1.0,10980.0,57
2023-05-10 21:23:24,au2312C480,au2312C480,10.98,0.0,0.0,0.0,1,10.86,10.98,1,10.82,10.98,10.98,10.98,1.0,10980.0,57
2023-05-10 21:23:25,au2312C480,au2312C480,10.98,0.0,0.0,0.0,1,10.86,10.96,1,10.82,10.98,10.98,10.98,1.0,10980.0,57
2023-05-10 21:23:26,au2312C480,au2312C480,10.98,0.0,0.0,0.0,1,10.84,10.94,1,10.82,10.98,10.98,10.98,1.0,10980.0,57
2023-05-10 21:23:27,au2312C480,au2312C480,10.98,0.0,0.0,0.0,1,10.86,10.94,1,10.82,10.98,10.98,10.98,1.0,10980.0,57
2023-05-10 21:23:30,au2312C480,au2312C480,10.98,0.0,0.0,0.0,1,10.84,10.94,1,10.82,10.98,10.98,10.98,1.0,10980.0,57
2023-05-10 21:23:30,au2312C480,au2312C480,10.98,0.0,0.0,0.0,1,10.86,10.96,1,10.82,10.98,10.98,10.98,1.0,10980.0,57
2023-05-10 21:23:32,au2312C480,au2312C480,10.98,0.0,0.0,0.0,1,10.86,10.94,1,10.82,10.98,10.98,10.98,1.0,10980.0,57
2023-05-10 21:23:33,au2312C480,au2312C480,10.98,0.0,0.0,0.0,1,10.84,10.94,1,10.82,10.98,10.98,10.98,1.0,10980.0,57
2023-05-10 21:23:34,au2312C480,au2312C480,10.98,0.0,0.0,0.0,1,10.82,10.92,1,10.82,10.98,10.98,10.98,1.0,10980.0,57
2023-05-10 21:23:35,au2312C480,au2312C480,10.98,0.0,0.0,0.0,1,10.84,10.94,1,10.82,10.98,10.98,10.98,1.0,10980.0,57
2023-05-10 21:23:41,au2312C480,au2312C480,10.98,0.0,0.0,0.0,1,10.86,10.94,1,10.82,10.98,10.98,10.98,1.0,10980.0,57
2023-05-10 21:23:41,au2312C480,au2312C480,10.98,0.0,0.0,0.0,1,10.84,10.94,1,10.82,10.98,10.98,10.98,1.0,10980.0,57
2023-05-10 21:23:43,au2312C480,au2312C480,10.98,0.0,0.0,0.0,1,10.84,10.92,1,10.82,10.98,10.98,10.98,1.0,10980.0,57
2023-05-10 21:23:43,au2312C480,au2312C480,10.98,0.0,0.0,0.0,1,10.82,10.92,1,10.82,10.98,10.98,10.98,1.0,10980.0,57
2023-05-10 21:23:44,au2312C480,au2312C480,10.98,0.0,0.0,0.0,1,10.84,10.92,1,10.82,10.98,10.98,10.98,1.0,10980.0,57
2023-05-10 21:23:44,au2312C480,au2312C480,10.98,0.0,0.0,0.0,1,10.84,10.94,1,10.82,10.98,10.98,10.98,1.0,10980.0,57
2023-05-10 21:23:45,au2312C480,au2312C480,10.98,0.0,0.0,0.0,1,10.86,10.96,1,10.82,10.98,10.98,10.98,1.0,10980.0,57
2023-05-10 21:23:49,au2312C480,au2312C480,10.98,0.0,0.0,0.0,1,10.86,10.94,1,10.82,10.98,10.98,10.98,1.0,10980.0,57
2023-05-10 21:23:49,au2312C480,au2312C480,10.98,0.0,0.0,0.0,1,10.84,10.96,1,10.82,10.98,10.98,10.98,1.0,10980.0,57
2023-05-10 21:23:50,au2312C480,au2312C480,10.98,0.0,0.0,0.0,1,10.86,10.96,1,10.82,10.98,10.98,10.98,1.0,10980.0,57
2023-05-10 21:23:53,au2312C480,au2312C480,10.98,0.0,0.0,0.0,1,10.88,10.96,1,10.82,10.98,10.98,10.98,1.0,10980.0,57
2023-05-10 21:23:54,au2312C480,au2312C480,10.98,0.0,0.0,0.0,1,10.86,10.96,1,10.82,10.98,10.98,10.98,1.0,10980.0,57
2023-05-10 21:23:57,au2312C480,au2312C480,10.98,0.0,0.0,0.0,1,10.88,10.98,1,10.82,10.98,10.98,10.98,1.0,10980.0,57
2023-05-10 21:23:59,au2312C480,au2312C480,10.98,0.0,0.0,0.0,1,10.9,11.0,1,10.82,10.98,10.98,10.98,1.0,10980.0,57
2023-05-10 21:24:01,au2312C480,au2312C480,10.98,0.0,0.0,0.0,1,10.9,10.98,1,10.82,10.98,10.98,10.98,1.0,10980.0,57
2023-05-10 21:24:02,au2312C480,au2312C480,10.98,0.0,0.0,0.0,1,10.88,10.98,1,10.82,10.98,10.98,10.98,1.0,10980.0,57
2023-05-10 21:24:05,au2312C480,au2312C480,10.98,0.0,0.0,0.0,1,10.9,10.98,1,10.82,10.98,10.98,10.98,1.0,10980.0,57
2023-05-10 21:24:06,au2312C480,au2312C480,10.98,0.0,0.0,0.0,1,10.9,11.0,1,10.82,10.98,10.98,10.98,1.0,10980.0,57
2023-05-10 21:24:08,au2312C480,au2312C480,10.98,0.0,0.0,0.0,1,10.9,10.98,1,10.82,10.98,10.98,10.98,1.0,10980.0,57
2023-05-10 21:24:13,au2312C480,au2312C480,10.98,0.0,0.0,0.0,1,10.88,10.98,1,10.82,10.98,10.98,10.98,1.0,10980.0,57
2023-05-10 21:24:19,au2312C480,au2312C480,10.98,0.0,0.0,0.0,1,10.9,11.0,1,10.82,10.98,10.98,10.98,1.0,10980.0,57
2023-05-10 21:24:20,au2312C480,au2312C480,10.98,0.0,0.0,0.0,1,10.88,10.98,1,10.82,10.98,10.98,10.98,1.0,10980.0,57
2023-05-10 21:24:39,au2312C480,au2312C480,10.98,0.0,0.0,0.0,1,10.9,10.98,1,10.82,10.98,10.98,10.98,1.0,10980.0,57
2023-05-10 21:24:40,au2312C480,au2312C480,10.98,0.0,0.0,0.0,1,10.9,11.0,1,10.82,10.98,10.98,10.98,1.0,10980.0,57
2023-05-10 21:24:41,au2312C480,au2312C480,10.98,0.0,0.0,0.0,1,10.9,10.98,1,10.82,10.98,10.98,10.98,1.0,10980.0,57
2023-05-10 21:24:42,au2312C480,au2312C480,10.98,0.0,0.0,0.0,1,10.88,10.98,1,10.82,10.98,10.98,10.98,1.0,10980.0,57
2023-05-10 21:24:44,au2312C480,au2312C480,10.98,0.0,0.0,0.0,1,10.86,10.96,1,10.82,10.98,10.98,10.98,1.0,10980.0,57
2023-05-10 21:24:45,au2312C480,au2312C480,10.98,0.0,0.0,0.0,1,10.88,10.96,1,10.82,10.98,10.98,10.98,1.0,10980.0,57
2023-05-10 21:24:50,au2312C480,au2312C480,10.98,0.0,0.0,0.0,1,10.88,10.98,1,10.82,10.98,10.98,10.98,1.0,10980.0,57
2023-05-10 21:24:51,au2312C480,au2312C480,10.98,0.0,0.0,0.0,1,10.86,10.96,1,10.82,10.98,10.98,10.98,1.0,10980.0,57
2023-05-10 21:24:55,au2312C480,au2312C480,10.98,0.0,0.0,0.0,1,10.88,10.96,1,10.82,10.98,10.98,10.98,1.0,10980.0,57
2023-05-10 21:24:57,au2312C480,au2312C480,10.98,0.0,0.0,0.0,1,10.88,10.98,1,10.82,10.98,10.98,10.98,1.0,10980.0,57
2023-05-10 21:24:58,au2312C480,au2312C480,10.98,0.0,0.0,0.0,1,10.9,10.98,1,10.82,10.98,10.98,10.98,1.0,10980.0,57
2023-05-10 21:24:59,au2312C480,au2312C480,10.98,0.0,0.0,0.0,1,10.88,10.98,1,10.82,10.98,10.98,10.98,1.0,10980.0,57
2023-05-10 21:25:02,au2312C480,au2312C480,10.98,0.0,0.0,0.0,1,10.9,10.98,1,10.82,10.98,10.98,10.98,1.0,10980.0,57
2023-05-10 21:25:02,au2312C480,au2312C480,10.98,0.0,0.0,0.0,1,10.88,10.98,1,10.82,10.98,10.98,10.98,1.0,10980.0,57
2023-05-10 21:25:09,au2312C480,au2312C480,10.98,0.0,0.0,0.0,1,10.86,10.96,1,10.82,10.98,10.98,10.98,1.0,10980.0,57
2023-05-10 21:25:30,au2312C480,au2312C480,10.98,0.0,0.0,0.0,1,10.88,10.96,1,10.82,10.98,10.98,10.98,1.0,10980.0,57
2023-05-10 21:25:34,au2312C480,au2312C480,10.98,0.0,0.0,0.0,1,10.86,10.96,1,10.82,10.98,10.98,10.98,1.0,10980.0,57
2023-05-10 21:25:37,au2312C480,au2312C480,10.98,0.0,0.0,0.0,1,10.88,10.96,1,10.82,10.98,10.98,10.98,1.0,10980.0,57
2023-05-10 21:25:41,au2312C480,au2312C480,10.98,0.0,0.0,0.0,1,10.86,10.96,1,10.82,10.98,10.98,10.98,1.0,10980.0,57
2023-05-10 21:25:43,au2312C480,au2312C480,10.98,0.0,0.0,0.0,1,10.68,10.94,1,10.82,10.98,10.98,10.98,1.0,10980.0,57
2023-05-10 21:25:43,au2312C480,au2312C480,10.98,0.0,0.0,0.0,1,10.68,10.94,1,10.82,10.98,10.98,10.98,1.0,10980.0,57
2023-05-10 21:25:44,au2312C480,au2312C480,10.98,0.0,0.0,0.0,1,10.82,10.94,1,10.82,10.98,10.98,10.98,1.0,10980.0,57
2023-05-10 21:25:45,au2312C480,au2312C480,10.98,0.0,0.0,0.0,1,10.82,10.92,1,10.82,10.98,10.98,10.98,1.0,10980.0,57
2023-05-10 21:25:47,au2312C480,au2312C480,10.98,0.0,0.0,0.0,1,10.84,10.94,1,10.82,10.98,10.98,10.98,1.0,10980.0,57
2023-05-10 21:25:47,au2312C480,au2312C480,10.98,0.0,0.0,0.0,1,10.82,10.92,1,10.82,10.98,10.98,10.98,1.0,10980.0,57
2023-05-10 21:25:48,au2312C480,au2312C480,10.98,0.0,0.0,0.0,1,10.84,10.92,1,10.82,10.98,10.98,10.98,1.0,10980.0,57
2023-05-10 21:25:48,au2312C480,au2312C480,10.98,0.0,0.0,0.0,1,10.82,10.92,1,10.82,10.98,10.98,10.98,1.0,10980.0,57
2023-05-10 21:25:50,au2312C480,au2312C480,10.98,0.0,0.0,0.0,1,10.84,10.92,1,10.82,10.98,10.98,10.98,1.0,10980.0,57
2023-05-10 21:25:51,au2312C480,au2312C480,10.98,0.0,0.0,0.0,1,10.84,10.94,1,10.82,10.98,10.98,10.98,1.0,10980.0,57
2023-05-10 21:25:58,au2312C480,au2312C480,10.98,0.0,0.0,0.0,1,10.86,10.96,1,10.82,10.98,10.98,10.98,1.0,10980.0,57
2023-05-10 21:25:58,au2312C480,au2312C480,10.98,0.0,0.0,0.0,1,10.86,10.98,1,10.82,10.98,10.98,10.98,1.0,10980.0,57
2023-05-10 21:26:00,au2312C480,au2312C480,10.98,0.0,0.0,0.0,1,10.88,10.98,1,10.82,10.98,10.98,10.98,1.0,10980.0,57
2023-05-10 21:26:08,au2312C480,au2312C480,10.98,0.0,0.0,0.0,1,10.88,10.96,1,10.82,10.98,10.98,10.98,1.0,10980.0,57
2023-05-10 21:26:13,au2312C480,au2312C480,10.98,0.0,0.0,0.0,1,10.86,10.96,1,10.82,10.98,10.98,10.98,1.0,10980.0,57
2023-05-10 21:26:14,au2312C480,au2312C480,10.98,0.0,0.0,0.0,1,10.86,10.94,1,10.82,10.98,10.98,10.98,1.0,10980.0,57
2023-05-10 21:26:16,au2312C480,au2312C480,10.98,0.0,0.0,0.0,1,10.86,10.96,1,10.82,10.98,10.98,10.98,1.0,10980.0,57
2023-05-10 21:26:17,au2312C480,au2312C480,10.98,0.0,0.0,0.0,1,10.88,10.96,1,10.82,10.98,10.98,10.98,1.0,10980.0,57
2023-05-10 21:26:20,au2312C480,au2312C480,10.98,0.0,0.0,0.0,1,10.86,10.96,1,10.82,10.98,10.98,10.98,1.0,10980.0,57
2023-05-10 21:26:22,au2312C480,au2312C480,10.98,0.0,0.0,0.0,1,10.88,10.96,1,10.82,10.98,10.98,10.98,1.0,10980.0,57
2023-05-10 21:26:22,au2312C480,au2312C480,10.98,0.0,0.0,0.0,1,10.88,10.98,1,10.82,10.98,10.98,10.98,1.0,10980.0,57
2023-05-10 21:26:23,au2312C480,au2312C480,10.98,0.0,0.0,0.0,1,10.9,11.0,1,10.82,10.98,10.98,10.98,1.0,10980.0,57
2023-05-10 21:26:24,au2312C480,au2312C480,10.98,0.0,0.0,0.0,1,10.88,10.98,1,10.82,10.98,10.98,10.98,1.0,10980.0,57
2023-05-10 21:26:31,au2312C480,au2312C480,10.98,0.0,0.0,0.0,1,10.88,10.96,1,10.82,10.98,10.98,10.98,1.0,10980.0,57
2023-05-10 21:26:35,au2312C480,au2312C480,10.98,0.0,0.0,0.0,1,10.86,10.96,1,10.82,10.98,10.98,10.98,1.0,10980.0,57
2023-05-10 21:26:39,au2312C480,au2312C480,10.98,0.0,0.0,0.0,1,10.88,10.98,1,10.82,10.98,10.98,10.98,1.0,10980.0,57
2023-05-10 21:26:45,au2312C480,au2312C480,10.98,0.0,0.0,0.0,1,10.86,10.96,1,10.82,10.98,10.98,10.98,1.0,10980.0,57
2023-05-10 21:26:54,au2312C480,au2312C480,10.98,0.0,0.0,0.0,1,10.84,10.94,1,10.82,10.98,10.98,10.98,1.0,10980.0,57
2023-05-10 21:26:55,au2312C480,au2312C480,10.98,0.0,0.0,0.0,1,10.68,10.92,1,10.82,10.98,10.98,10.98,1.0,10980.0,57
2023-05-10 21:26:56,au2312C480,au2312C480,10.98,0.0,0.0,0.0,1,10.68,10.92,1,10.82,10.98,10.98,10.98,1.0,10980.0,57
2023-05-10 21:26:57,au2312C480,au2312C480,10.98,0.0,0.0,0.0,1,10.82,10.92,1,10.82,10.98,10.98,10.98,1.0,10980.0,57
2023-05-10 21:26:57,au2312C480,au2312C480,10.98,0.0,0.0,0.0,1,10.82,10.94,1,10.82,10.98,10.98,10.98,1.0,10980.0,57
2023-05-10 21:26:58,au2312C480,au2312C480,10.98,0.0,0.0,0.0,1,10.82,10.92,1,10.82,10.98,10.98,10.98,1.0,10980.0,57
2023-05-10 21:26:59,au2312C480,au2312C480,10.98,0.0,0.0,0.0,1,10.82,10.9,1,10.82,10.98,10.98,10.98,1.0,10980.0,57
2023-05-10 21:27:00,au2312C480,au2312C480,10.98,0.0,0.0,0.0,1,10.8,10.9,1,10.82,10.98,10.98,10.98,1.0,10980.0,57
2023-05-10 21:27:01,au2312C480,au2312C480,10.98,0.0,0.0,0.0,1,10.8,10.88,1,10.82,10.98,10.98,10.98,1.0,10980.0,57
2023-05-10 21:27:02,au2312C480,au2312C480,10.98,0.0,0.0,0.0,1,10.78,10.9,1,10.82,10.98,10.98,10.98,1.0,10980.0,57
2023-05-10 21:27:03,au2312C480,au2312C480,10.98,0.0,0.0,0.0,1,10.8,10.9,1,10.82,10.98,10.98,10.98,1.0,10980.0,57
2023-05-10 21:27:09,au2312C480,au2312C480,10.98,0.0,0.0,0.0,1,10.82,10.92,1,10.82,10.98,10.98,10.98,1.0,10980.0,57
2023-05-10 21:27:12,au2312C480,au2312C480,10.98,0.0,0.0,0.0,1,10.84,10.92,1,10.82,10.98,10.98,10.98,1.0,10980.0,57
2023-05-10 21:27:17,au2312C480,au2312C480,10.98,0.0,0.0,0.0,1,10.82,10.92,1,10.82,10.98,10.98,10.98,1.0,10980.0,57
2023-05-10 21:27:36,au2312C480,au2312C480,10.98,0.0,0.0,0.0,1,10.8,10.9,1,10.82,10.98,10.98,10.98,1.0,10980.0,57
2023-05-10 21:27:39,au2312C480,au2312C480,10.98,0.0,0.0,0.0,1,10.82,10.9,1,10.82,10.98,10.98,10.98,1.0,10980.0,57
2023-05-10 21:27:42,au2312C480,au2312C480,10.98,0.0,0.0,0.0,1,10.8,10.9,1,10.82,10.98,10.98,10.98,1.0,10980.0,57
2023-05-10 21:27:44,au2312C480,au2312C480,10.98,0.0,0.0,0.0,1,10.8,10.88,1,10.82,10.98,10.98,10.98,1.0,10980.0,57
2023-05-10 21:27:51,au2312C480,au2312C480,10.98,0.0,0.0,0.0,1,10.8,10.9,1,10.82,10.98,10.98,10.98,1.0,10980.0,57
2023-05-10 21:27:51,au2312C480,au2312C480,10.98,0.0,0.0,0.0,1,10.8,10.92,1,10.82,10.98,10.98,10.98,1.0,10980.0,57
2023-05-10 21:27:52,au2312C480,au2312C480,10.98,0.0,0.0,0.0,1,10.82,10.92,1,10.82,10.98,10.98,10.98,1.0,10980.0,57
2023-05-10 21:28:01,au2312C480,au2312C480,10.98,0.0,0.0,0.0,1,10.8,10.9,1,10.82,10.98,10.98,10.98,1.0,10980.0,57
2023-05-10 21:28:09,au2312C480,au2312C480,10.98,0.0,0.0,0.0,1,10.82,10.92,1,10.82,10.98,10.98,10.98,1.0,10980.0,57
2023-05-10 21:28:18,au2312C480,au2312C480,10.98,0.0,0.0,0.0,1,10.82,10.9,1,10.82,10.98,10.98,10.98,1.0,10980.0,57
2023-05-10 21:28:20,au2312C480,au2312C480,10.98,0.0,0.0,0.0,1,10.8,10.9,1,10.82,10.98,10.98,10.98,1.0,10980.0,57
2023-05-10 21:28:22,au2312C480,au2312C480,10.98,0.0,0.0,0.0,1,10.8,10.88,1,10.82,10.98,10.98,10.98,1.0,10980.0,57
2023-05-10 21:28:23,au2312C480,au2312C480,10.98,0.0,0.0,0.0,1,10.78,10.88,1,10.82,10.98,10.98,10.98,1.0,10980.0,57
2023-05-10 21:28:26,au2312C480,au2312C480,10.98,0.0,0.0,0.0,1,10.8,10.88,1,10.82,10.98,10.98,10.98,1.0,10980.0,57
2023-05-10 21:28:27,au2312C480,au2312C480,10.98,0.0,0.0,0.0,1,10.78,10.88,1,10.82,10.98,10.98,10.98,1.0,10980.0,57
2023-05-10 21:28:32,au2312C480,au2312C480,10.98,0.0,0.0,0.0,1,10.8,10.9,1,10.82,10.98,10.98,10.98,1.0,10980.0,57
2023-05-10 21:28:34,au2312C480,au2312C480,10.98,0.0,0.0,0.0,1,10.8,10.88,1,10.82,10.98,10.98,10.98,1.0,10980.0,57
2023-05-10 21:28:36,au2312C480,au2312C480,10.98,0.0,0.0,0.0,1,10.8,10.9,1,10.82,10.98,10.98,10.98,1.0,10980.0,57
2023-05-10 21:28:38,au2312C480,au2312C480,10.98,0.0,0.0,0.0,1,10.8,10.88,1,10.82,10.98,10.98,10.98,1.0,10980.0,57
2023-05-10 21:28:39,au2312C480,au2312C480,10.98,0.0,0.0,0.0,1,10.78,10.88,1,10.82,10.98,10.98,10.98,1.0,10980.0,57
2023-05-10 21:28:47,au2312C480,au2312C480,10.98,0.0,0.0,0.0,1,10.76,10.86,1,10.82,10.98,10.98,10.98,1.0,10980.0,57
2023-05-10 21:28:47,au2312C480,au2312C480,10.98,0.0,0.0,0.0,1,10.76,10.88,1,10.82,10.98,10.98,10.98,1.0,10980.0,57
2023-05-10 21:28:48,au2312C480,au2312C480,10.98,0.0,0.0,0.0,1,10.76,10.86,1,10.82,10.98,10.98,10.98,1.0,10980.0,57
2023-05-10 21:28:50,au2312C480,au2312C480,10.98,0.0,0.0,0.0,1,10.78,10.86,1,10.82,10.98,10.98,10.98,1.0,10980.0,57
2023-05-10 21:28:54,au2312C480,au2312C480,10.98,0.0,0.0,0.0,1,10.78,10.88,1,10.82,10.98,10.98,10.98,1.0,10980.0,57
2023-05-10 21:29:01,au2312C480,au2312C480,10.98,0.0,0.0,0.0,1,10.78,10.86,1,10.82,10.98,10.98,10.98,1.0,10980.0,57
2023-05-10 21:29:02,au2312C480,au2312C480,10.98,0.0,0.0,0.0,1,10.76,10.86,1,10.82,10.98,10.98,10.98,1.0,10980.0,57
2023-05-10 21:29:03,au2312C480,au2312C480,10.98,0.0,0.0,0.0,1,10.78,10.86,1,10.82,10.98,10.98,10.98,1.0,10980.0,57
2023-05-10 21:29:04,au2312C480,au2312C480,10.98,0.0,0.0,0.0,1,10.78,10.88,1,10.82,10.98,10.98,10.98,1.0,10980.0,57
2023-05-10 21:29:13,au2312C480,au2312C480,10.98,0.0,0.0,0.0,1,10.8,10.88,1,10.82,10.98,10.98,10.98,1.0,10980.0,57
2023-05-10 21:29:15,au2312C480,au2312C480,10.98,0.0,0.0,0.0,1,10.8,10.9,1,10.82,10.98,10.98,10.98,1.0,10980.0,57
2023-05-10 21:29:16,au2312C480,au2312C480,10.98,0.0,0.0,0.0,1,10.78,10.88,1,10.82,10.98,10.98,10.98,1.0,10980.0,57
2023-05-10 21:29:18,au2312C480,au2312C480,10.98,0.0,0.0,0.0,1,10.8,10.88,1,10.82,10.98,10.98,10.98,1.0,10980.0,57
2023-05-10 21:29:21,au2312C480,au2312C480,10.98,0.0,0.0,0.0,1,10.78,10.88,1,10.82,10.98,10.98,10.98,1.0,10980.0,57
2023-05-10 21:29:35,au2312C480,au2312C480,10.98,0.0,0.0,0.0,1,10.76,10.86,1,10.82,10.98,10.98,10.98,1.0,10980.0,57
2023-05-10 21:29:53,au2312C480,au2312C480,10.98,0.0,0.0,0.0,1,10.74,10.84,1,10.82,10.98,10.98,10.98,1.0,10980.0,57
2023-05-10 21:29:58,au2312C480,au2312C480,10.98,0.0,0.0,0.0,1,10.74,10.82,1,10.82,10.98,10.98,10.98,1.0,10980.0,57
2023-05-10 21:29:58,au2312C480,au2312C480,10.98,0.0,0.0,0.0,1,10.72,10.82,1,10.82,10.98,10.98,10.98,1.0,10980.0,57
2023-05-10 21:29:59,au2312C480,au2312C480,10.98,0.0,0.0,0.0,1,10.72,10.8,1,10.82,10.98,10.98,10.98,1.0,10980.0,57
2023-05-10 21:30:00,au2312C480,au2312C480,10.98,0.0,0.0,0.0,1,5.76,10.8,1,10.82,10.98,10.98,10.98,1.0,10980.0,57
2023-05-10 21:30:00,au2312C480,au2312C480,10.98,0.0,0.0,0.0,1,6.02,10.8,1,10.82,10.98,10.98,10.98,1.0,10980.0,57
2023-05-10 21:30:01,au2312C480,au2312C480,10.98,0.0,0.0,0.0,1,10.72,10.82,1,10.82,10.98,10.98,10.98,1.0,10980.0,57
2023-05-10 21:30:01,au2312C480,au2312C480,10.98,0.0,0.0,0.0,1,10.72,10.82,1,10.82,10.98,10.98,10.98,1.0,10980.0,57
2023-05-10 21:30:02,au2312C480,au2312C480,10.98,0.0,0.0,0.0,1,10.7,10.8,1,10.82,10.98,10.98,10.98,1.0,10980.0,57
2023-05-10 21:30:03,au2312C480,au2312C480,10.98,0.0,0.0,0.0,1,10.72,10.82,1,10.82,10.98,10.98,10.98,1.0,10980.0,57
2023-05-10 21:30:04,au2312C480,au2312C480,10.98,0.0,0.0,0.0,1,10.72,10.82,1,10.82,10.98,10.98,10.98,1.0,10980.0,57
2023-05-10 21:30:05,au2312C480,au2312C480,10.98,0.0,0.0,0.0,1,10.7,10.8,1,10.82,10.98,10.98,10.98,1.0,10980.0,57
2023-05-10 21:30:06,au2312C480,au2312C480,10.98,0.0,0.0,0.0,1,10.7,10.78,1,10.82,10.98,10.98,10.98,1.0,10980.0,57
2023-05-10 21:30:07,au2312C480,au2312C480,10.98,0.0,0.0,0.0,1,10.7,10.8,1,10.82,10.98,10.98,10.98,1.0,10980.0,57
2023-05-10 21:30:08,au2312C480,au2312C480,10.98,0.0,0.0,0.0,1,10.72,10.8,1,10.82,10.98,10.98,10.98,1.0,10980.0,57
2023-05-10 21:30:08,au2312C480,au2312C480,10.98,0.0,0.0,0.0,1,10.72,10.82,1,10.82,10.98,10.98,10.98,1.0,10980.0,57
2023-05-10 21:30:09,au2312C480,au2312C480,10.98,0.0,0.0,0.0,1,10.72,10.8,1,10.82,10.98,10.98,10.98,1.0,10980.0,57
2023-05-10 21:30:10,au2312C480,au2312C480,10.98,0.0,0.0,0.0,1,10.72,10.82,1,10.82,10.98,10.98,10.98,1.0,10980.0,57
2023-05-10 21:30:19,au2312C480,au2312C480,10.98,0.0,0.0,0.0,1,10.74,10.84,1,10.82,10.98,10.98,10.98,1.0,10980.0,57
2023-05-10 21:30:20,au2312C480,au2312C480,10.98,0.0,0.0,0.0,1,10.74,11.64,1,10.82,10.98,10.98,10.98,1.0,10980.0,57
2023-05-10 21:30:20,au2312C480,au2312C480,10.98,0.0,0.0,0.0,1,10.74,10.84,1,10.82,10.98,10.98,10.98,1.0,10980.0,57
2023-05-10 21:30:25,au2312C480,au2312C480,10.98,0.0,0.0,0.0,1,10.72,10.82,1,10.82,10.98,10.98,10.98,1.0,10980.0,57
2023-05-10 21:30:27,au2312C480,au2312C480,10.98,0.0,0.0,0.0,1,10.76,10.84,1,10.82,10.98,10.98,10.98,1.0,10980.0,57
2023-05-10 21:30:27,au2312C480,au2312C480,10.98,0.0,0.0,0.0,1,10.72,10.84,1,10.82,10.98,10.98,10.98,1.0,10980.0,57
2023-05-10 21:30:28,au2312C480,au2312C480,10.98,0.0,0.0,0.0,1,10.74,10.84,1,10.82,10.98,10.98,10.98,1.0,10980.0,57
2023-05-10 21:30:34,au2312C480,au2312C480,10.98,0.0,0.0,0.0,1,10.76,10.84,1,10.82,10.98,10.98,10.98,1.0,10980.0,57
2023-05-10 21:30:36,au2312C480,au2312C480,10.98,0.0,0.0,0.0,1,10.76,10.86,1,10.82,10.98,10.98,10.98,1.0,10980.0,57
2023-05-10 21:30:37,au2312C480,au2312C480,10.98,0.0,0.0,0.0,1,10.78,10.86,1,10.82,10.98,10.98,10.98,1.0,10980.0,57
2023-05-10 21:30:37,au2312C480,au2312C480,10.98,0.0,0.0,0.0,1,10.78,11.64,1,10.82,10.98,10.98,10.98,1.0,10980.0,57
2023-05-10 21:30:38,au2312C480,au2312C480,10.98,0.0,0.0,0.0,1,10.78,10.88,1,10.82,10.98,10.98,10.98,1.0,10980.0,57
2023-05-10 21:30:50,au2312C480,au2312C480,10.98,0.0,0.0,0.0,1,10.78,10.86,1,10.82,10.98,10.98,10.98,1.0,10980.0,57
2023-05-10 21:30:51,au2312C480,au2312C480,10.98,0.0,0.0,0.0,1,10.78,10.88,1,10.82,10.98,10.98,10.98,1.0,10980.0,57
2023-05-10 21:30:55,au2312C480,au2312C480,10.98,0.0,0.0,0.0,1,10.8,10.88,1,10.82,10.98,10.98,10.98,1.0,10980.0,57
2023-05-10 21:30:55,au2312C480,au2312C480,10.98,0.0,0.0,0.0,1,10.8,10.9,1,10.82,10.98,10.98,10.98,1.0,10980.0,57
2023-05-10 21:30:56,au2312C480,au2312C480,10.98,0.0,0.0,0.0,1,10.76,10.9,1,10.82,10.98,10.98,10.98,1.0,10980.0,57
2023-05-10 21:30:57,au2312C480,au2312C480,10.98,0.0,0.0,0.0,1,10.76,10.86,1,10.82,10.98,10.98,10.98,1.0,10980.0,57
2023-05-10 21:30:58,au2312C480,au2312C480,10.98,0.0,0.0,0.0,1,10.78,10.86,1,10.82,10.98,10.98,10.98,1.0,10980.0,57
2023-05-10 21:31:01,au2312C480,au2312C480,10.98,0.0,0.0,0.0,1,10.78,10.88,1,10.82,10.98,10.98,10.98,1.0,10980.0,57
2023-05-10 21:31:03,au2312C480,au2312C480,10.98,0.0,0.0,0.0,1,10.78,10.86,1,10.82,10.98,10.98,10.98,1.0,10980.0,57
2023-05-10 21:31:05,au2312C480,au2312C480,10.98,0.0,0.0,0.0,1,10.78,10.88,1,10.82,10.98,10.98,10.98,1.0,10980.0,57
2023-05-10 21:31:13,au2312C480,au2312C480,10.98,0.0,0.0,0.0,1,10.8,10.88,1,10.82,10.98,10.98,10.98,1.0,10980.0,57
2023-05-10 21:31:14,au2312C480,au2312C480,10.98,0.0,0.0,0.0,1,10.8,10.9,1,10.82,10.98,10.98,10.98,1.0,10980.0,57
2023-05-10 21:31:16,au2312C480,au2312C480,10.98,0.0,0.0,0.0,1,10.8,10.88,1,10.82,10.98,10.98,10.98,1.0,10980.0,57
2023-05-10 21:31:18,au2312C480,au2312C480,10.98,0.0,0.0,0.0,1,10.78,10.88,1,10.82,10.98,10.98,10.98,1.0,10980.0,57
2023-05-10 21:31:18,au2312C480,au2312C480,10.98,0.0,0.0,0.0,1,10.78,10.86,1,10.82,10.98,10.98,10.98,1.0,10980.0,57
2023-05-10 21:31:19,au2312C480,au2312C480,10.98,0.0,0.0,0.0,1,10.76,10.86,1,10.82,10.98,10.98,10.98,1.0,10980.0,57
2023-05-10 21:31:19,au2312C480,au2312C480,10.98,0.0,0.0,0.0,1,10.78,10.88,1,10.82,10.98,10.98,10.98,1.0,10980.0,57
2023-05-10 21:31:20,au2312C480,au2312C480,10.98,0.0,0.0,0.0,1,10.8,10.88,1,10.82,10.98,10.98,10.98,1.0,10980.0,57
2023-05-10 21:31:20,au2312C480,au2312C480,10.98,0.0,0.0,0.0,1,10.78,10.88,1,10.82,10.98,10.98,10.98,1.0,10980.0,57
2023-05-10 21:31:21,au2312C480,au2312C480,10.98,0.0,0.0,0.0,1,10.76,10.86,1,10.82,10.98,10.98,10.98,1.0,10980.0,57
2023-05-10 21:31:22,au2312C480,au2312C480,10.98,0.0,0.0,0.0,1,10.74,10.84,1,10.82,10.98,10.98,10.98,1.0,10980.0,57
2023-05-10 21:31:23,au2312C480,au2312C480,10.98,0.0,0.0,0.0,1,10.76,10.84,1,10.82,10.98,10.98,10.98,1.0,10980.0,57
2023-05-10 21:31:23,au2312C480,au2312C480,10.98,0.0,0.0,0.0,1,10.76,10.86,1,10.82,10.98,10.98,10.98,1.0,10980.0,57
2023-05-10 21:31:26,au2312C480,au2312C480,10.98,0.0,0.0,0.0,1,10.76,10.84,1,10.82,10.98,10.98,10.98,1.0,10980.0,57
2023-05-10 21:31:27,au2312C480,au2312C480,10.98,0.0,0.0,0.0,1,10.74,10.84,1,10.82,10.98,10.98,10.98,1.0,10980.0,57
2023-05-10 21:31:35,au2312C480,au2312C480,10.98,0.0,0.0,0.0,1,10.74,10.82,1,10.82,10.98,10.98,10.98,1.0,10980.0,57
2023-05-10 21:31:38,au2312C480,au2312C480,10.98,0.0,0.0,0.0,1,10.74,10.84,1,10.82,10.98,10.98,10.98,1.0,10980.0,57
2023-05-10 21:31:39,au2312C480,au2312C480,10.98,0.0,0.0,0.0,1,10.74,10.82,1,10.82,10.98,10.98,10.98,1.0,10980.0,57
2023-05-10 21:31:41,au2312C480,au2312C480,10.98,0.0,0.0,0.0,1,10.74,10.84,1,10.82,10.98,10.98,10.98,1.0,10980.0,57
2023-05-10 21:31:44,au2312C480,au2312C480,10.98,0.0,0.0,0.0,1,10.74,10.82,1,10.82,10.98,10.98,10.98,1.0,10980.0,57
2023-05-10 21:31:46,au2312C480,au2312C480,10.98,0.0,0.0,0.0,1,10.72,10.82,1,10.82,10.98,10.98,10.98,1.0,10980.0,57
2023-05-10 21:31:49,au2312C480,au2312C480,10.98,0.0,0.0,0.0,1,10.7,10.8,1,10.82,10.98,10.98,10.98,1.0,10980.0,57
2023-05-10 21:31:50,au2312C480,au2312C480,10.98,0.0,0.0,0.0,1,9.78,10.78,1,10.82,10.98,10.98,10.98,1.0,10980.0,57
2023-05-10 21:31:51,au2312C480,au2312C480,10.98,0.0,0.0,0.0,1,9.8,10.78,1,10.82,10.98,10.98,10.98,1.0,10980.0,57
2023-05-10 21:31:51,au2312C480,au2312C480,10.98,0.0,0.0,0.0,1,10.68,10.78,1,10.82,10.98,10.98,10.98,1.0,10980.0,57
2023-05-10 21:31:52,au2312C480,au2312C480,10.98,0.0,0.0,0.0,1,10.68,10.78,1,10.82,10.98,10.98,10.98,1.0,10980.0,57
2023-05-10 21:31:53,au2312C480,au2312C480,10.98,0.0,0.0,0.0,1,10.7,10.78,1,10.82,10.98,10.98,10.98,1.0,10980.0,57
2023-05-10 21:31:54,au2312C480,au2312C480,10.98,0.0,0.0,0.0,1,10.7,10.8,1,10.82,10.98,10.98,10.98,1.0,10980.0,57
2023-05-10 21:31:54,au2312C480,au2312C480,10.98,0.0,0.0,0.0,1,10.7,10.78,1,10.82,10.98,10.98,10.98,1.0,10980.0,57
2023-05-10 21:31:55,au2312C480,au2312C480,10.98,0.0,0.0,0.0,1,10.68,10.78,1,10.82,10.98,10.98,10.98,1.0,10980.0,57
2023-05-10 21:31:57,au2312C480,au2312C480,10.98,0.0,0.0,0.0,1,10.7,10.78,1,10.82,10.98,10.98,10.98,1.0,10980.0,57
2023-05-10 21:31:58,au2312C480,au2312C480,10.98,0.0,0.0,0.0,1,10.7,10.8,1,10.82,10.98,10.98,10.98,1.0,10980.0,57
2023-05-10 21:32:00,au2312C480,au2312C480,10.98,0.0,0.0,0.0,1,10.7,10.78,1,10.82,10.98,10.98,10.98,1.0,10980.0,57
2023-05-10 21:32:00,au2312C480,au2312C480,10.98,0.0,0.0,0.0,1,10.68,10.78,1,10.82,10.98,10.98,10.98,1.0,10980.0,57
2023-05-10 21:32:02,au2312C480,au2312C480,10.98,0.0,0.0,0.0,1,10.68,10.78,1,10.82,10.98,10.98,10.98,1.0,10980.0,57
2023-05-10 21:32:03,au2312C480,au2312C480,10.98,0.0,0.0,0.0,1,10.66,10.76,1,10.82,10.98,10.98,10.98,1.0,10980.0,57
2023-05-10 21:32:07,au2312C480,au2312C480,10.98,0.0,0.0,0.0,1,10.68,10.76,1,10.82,10.98,10.98,10.98,1.0,10980.0,57
2023-05-10 21:32:10,au2312C480,au2312C480,10.98,0.0,0.0,0.0,1,10.66,10.76,1,10.82,10.98,10.98,10.98,1.0,10980.0,57
2023-05-10 21:32:11,au2312C480,au2312C480,10.98,0.0,0.0,0.0,1,10.68,10.78,1,10.82,10.98,10.98,10.98,1.0,10980.0,57
2023-05-10 21:32:12,au2312C480,au2312C480,10.98,0.0,0.0,0.0,1,10.66,10.76,1,10.82,10.98,10.98,10.98,1.0,10980.0,57
2023-05-10 21:32:14,au2312C480,au2312C480,10.98,0.0,0.0,0.0,1,10.66,10.74,1,10.82,10.98,10.98,10.98,1.0,10980.0,57
2023-05-10 21:32:15,au2312C480,au2312C480,10.98,0.0,0.0,0.0,1,10.66,10.76,1,10.82,10.98,10.98,10.98,1.0,10980.0,57
2023-05-10 21:32:17,au2312C480,au2312C480,10.98,0.0,0.0,0.0,1,10.68,10.78,1,10.82,10.98,10.98,10.98,1.0,10980.0,57
2023-05-10 21:32:22,au2312C480,au2312C480,10.98,0.0,0.0,0.0,1,10.7,10.78,1,10.82,10.98,10.98,10.98,1.0,10980.0,57
2023-05-10 21:32:24,au2312C480,au2312C480,10.98,0.0,0.0,0.0,1,10.68,10.78,1,10.82,10.98,10.98,10.98,1.0,10980.0,57
2023-05-10 21:32:27,au2312C480,au2312C480,10.98,0.0,0.0,0.0,1,10.66,10.76,1,10.82,10.98,10.98,10.98,1.0,10980.0,57
2023-05-10 21:32:28,au2312C480,au2312C480,10.98,0.0,0.0,0.0,1,10.68,10.76,1,10.82,10.98,10.98,10.98,1.0,10980.0,57
2023-05-10 21:32:30,au2312C480,au2312C480,10.98,0.0,0.0,0.0,1,10.66,10.76,1,10.82,10.98,10.98,10.98,1.0,10980.0,57
2023-05-10 21:32:35,au2312C480,au2312C480,10.98,0.0,0.0,0.0,1,10.64,10.74,1,10.82,10.98,10.98,10.98,1.0,10980.0,57
2023-05-10 21:32:37,au2312C480,au2312C480,10.98,0.0,0.0,0.0,1,10.66,10.74,1,10.82,10.98,10.98,10.98,1.0,10980.0,57
2023-05-10 21:32:38,au2312C480,au2312C480,10.98,0.0,0.0,0.0,1,10.66,10.76,1,10.82,10.98,10.98,10.98,1.0,10980.0,57
2023-05-10 21:32:40,au2312C480,au2312C480,10.98,0.0,0.0,0.0,1,10.64,10.74,1,10.82,10.98,10.98,10.98,1.0,10980.0,57
2023-05-10 21:32:41,au2312C480,au2312C480,10.98,0.0,0.0,0.0,1,10.66,10.74,1,10.82,10.98,10.98,10.98,1.0,10980.0,57
2023-05-10 21:32:41,au2312C480,au2312C480,10.98,0.0,0.0,0.0,1,10.64,10.74,1,10.82,10.98,10.98,10.98,1.0,10980.0,57
2023-05-10 21:32:43,au2312C480,au2312C480,10.98,0.0,0.0,0.0,1,10.46,10.72,1,10.82,10.98,10.98,10.98,1.0,10980.0,57
2023-05-10 21:32:43,au2312C480,au2312C480,10.98,0.0,0.0,0.0,1,10.46,10.72,1,10.82,10.98,10.98,10.98,1.0,10980.0,57
2023-05-10 21:32:44,au2312C480,au2312C480,10.98,0.0,0.0,0.0,1,10.6,10.72,1,10.82,10.98,10.98,10.98,1.0,10980.0,57
2023-05-10 21:32:45,au2312C480,au2312C480,10.98,0.0,0.0,0.0,1,10.6,10.7,1,10.82,10.98,10.98,10.98,1.0,10980.0,57
2023-05-10 21:32:45,au2312C480,au2312C480,10.98,0.0,0.0,0.0,1,10.62,10.7,1,10.82,10.98,10.98,10.98,1.0,10980.0,57
2023-05-10 21:32:46,au2312C480,au2312C480,10.98,0.0,0.0,0.0,1,10.62,10.7,1,10.82,10.98,10.98,10.98,1.0,10980.0,57
2023-05-10 21:32:48,au2312C480,au2312C480,10.98,0.0,0.0,0.0,1,10.6,10.7,1,10.82,10.98,10.98,10.98,1.0,10980.0,57
2023-05-10 21:32:50,au2312C480,au2312C480,10.98,0.0,0.0,0.0,1,10.62,10.74,1,10.82,10.98,10.98,10.98,1.0,10980.0,57
2023-05-10 21:32:51,au2312C480,au2312C480,10.98,0.0,0.0,0.0,1,10.62,10.72,1,10.82,10.98,10.98,10.98,1.0,10980.0,57
2023-05-10 21:32:56,au2312C480,au2312C480,10.98,0.0,0.0,0.0,1,10.62,10.7,1,10.82,10.98,10.98,10.98,1.0,10980.0,57
2023-05-10 21:32:58,au2312C480,au2312C480,10.98,0.0,0.0,0.0,1,10.62,10.72,1,10.82,10.98,10.98,10.98,1.0,10980.0,57
2023-05-10 21:32:59,au2312C480,au2312C480,10.98,0.0,0.0,0.0,1,10.62,10.7,1,10.82,10.98,10.98,10.98,1.0,10980.0,57
2023-05-10 21:33:00,au2312C480,au2312C480,10.98,0.0,0.0,0.0,1,10.6,10.7,1,10.82,10.98,10.98,10.98,1.0,10980.0,57
2023-05-10 21:33:00,au2312C480,au2312C480,10.98,0.0,0.0,0.0,1,10.58,10.68,1,10.82,10.98,10.98,10.98,1.0,10980.0,57
2023-05-10 21:33:01,au2312C480,au2312C480,10.98,0.0,0.0,0.0,1,10.6,10.68,1,10.82,10.98,10.98,10.98,1.0,10980.0,57
2023-05-10 21:33:03,au2312C480,au2312C480,10.98,0.0,0.0,0.0,1,10.6,10.7,1,10.82,10.98,10.98,10.98,1.0,10980.0,57
2023-05-10 21:33:03,au2312C480,au2312C480,10.98,0.0,0.0,0.0,1,10.62,10.72,1,10.82,10.98,10.98,10.98,1.0,10980.0,57
2023-05-10 21:33:06,au2312C480,au2312C480,10.98,0.0,0.0,0.0,1,10.64,10.72,1,10.82,10.98,10.98,10.98,1.0,10980.0,57
2023-05-10 21:33:07,au2312C480,au2312C480,10.98,0.0,0.0,0.0,1,10.64,10.74,1,10.82,10.98,10.98,10.98,1.0,10980.0,57
2023-05-10 21:33:09,au2312C480,au2312C480,10.98,0.0,0.0,0.0,1,10.62,10.72,1,10.82,10.98,10.98,10.98,1.0,10980.0,57
2023-05-10 21:33:16,au2312C480,au2312C480,10.98,0.0,0.0,0.0,1,10.64,10.72,1,10.82,10.98,10.98,10.98,1.0,10980.0,57
2023-05-10 21:33:21,au2312C480,au2312C480,10.98,0.0,0.0,0.0,1,10.64,10.74,1,10.82,10.98,10.98,10.98,1.0,10980.0,57
2023-05-10 21:33:26,au2312C480,au2312C480,10.98,0.0,0.0,0.0,1,10.64,10.72,1,10.82,10.98,10.98,10.98,1.0,10980.0,57
2023-05-10 21:33:29,au2312C480,au2312C480,10.98,0.0,0.0,0.0,1,10.64,10.74,1,10.82,10.98,10.98,10.98,1.0,10980.0,57
2023-05-10 21:33:32,au2312C480,au2312C480,10.98,0.0,0.0,0.0,1,10.66,10.76,1,10.82,10.98,10.98,10.98,1.0,10980.0,57
2023-05-10 21:33:39,au2312C480,au2312C480,10.98,0.0,0.0,0.0,1,10.68,10.76,1,10.82,10.98,10.98,10.98,1.0,10980.0,57
2023-05-10 21:33:40,au2312C480,au2312C480,10.98,0.0,0.0,0.0,1,10.66,10.76,1,10.82,10.98,10.98,10.98,1.0,10980.0,57
2023-05-10 21:33:50,au2312C480,au2312C480,10.98,0.0,0.0,0.0,1,10.64,10.74,1,10.82,10.98,10.98,10.98,1.0,10980.0,57
2023-05-10 21:33:57,au2312C480,au2312C480,10.98,0.0,0.0,0.0,1,10.62,10.72,1,10.82,10.98,10.98,10.98,1.0,10980.0,57
2023-05-10 21:34:06,au2312C480,au2312C480,10.98,0.0,0.0,0.0,1,10.64,10.74,1,10.82,10.98,10.98,10.98,1.0,10980.0,57
2023-05-10 21:34:07,au2312C480,au2312C480,10.98,0.0,0.0,0.0,1,10.64,10.72,1,10.82,10.98,10.98,10.98,1.0,10980.0,57
2023-05-10 21:34:08,au2312C480,au2312C480,10.98,0.0,0.0,0.0,1,10.62,10.72,1,10.82,10.98,10.98,10.98,1.0,10980.0,57
2023-05-10 21:34:15,au2312C480,au2312C480,10.98,0.0,0.0,0.0,1,10.64,10.72,1,10.82,10.98,10.98,10.98,1.0,10980.0,57
2023-05-10 21:34:16,au2312C480,au2312C480,10.98,0.0,0.0,0.0,1,10.62,10.72,1,10.82,10.98,10.98,10.98,1.0,10980.0,57
2023-05-10 21:34:20,au2312C480,au2312C480,10.98,0.0,0.0,0.0,1,10.64,10.72,1,10.82,10.98,10.98,10.98,1.0,10980.0,57
2023-05-10 21:34:26,au2312C480,au2312C480,10.98,0.0,0.0,0.0,1,10.66,10.76,1,10.82,10.98,10.98,10.98,1.0,10980.0,57
2023-05-10 21:34:26,au2312C480,au2312C480,10.98,0.0,0.0,0.0,1,10.66,11.64,1,10.82,10.98,10.98,10.98,1.0,10980.0,57
2023-05-10 21:34:27,au2312C480,au2312C480,10.98,0.0,0.0,0.0,1,10.66,10.78,1,10.82,10.98,10.98,10.98,1.0,10980.0,57
2023-05-10 21:34:28,au2312C480,au2312C480,10.98,0.0,0.0,0.0,1,10.66,10.76,1,10.82,10.98,10.98,10.98,1.0,10980.0,57
2023-05-10 21:34:30,au2312C480,au2312C480,10.98,0.0,0.0,0.0,1,10.66,10.74,1,10.82,10.98,10.98,10.98,1.0,10980.0,57
2023-05-10 21:34:31,au2312C480,au2312C480,10.98,0.0,0.0,0.0,1,10.64,10.74,1,10.82,10.98,10.98,10.98,1.0,10980.0,57
2023-05-10 21:34:40,au2312C480,au2312C480,10.98,0.0,0.0,0.0,1,10.62,10.72,1,10.82,10.98,10.98,10.98,1.0,10980.0,57
2023-05-10 21:34:46,au2312C480,au2312C480,10.98,0.0,0.0,0.0,1,10.6,10.7,1,10.82,10.98,10.98,10.98,1.0,10980.0,57
2023-05-10 21:34:53,au2312C480,au2312C480,10.98,0.0,0.0,0.0,1,10.58,10.68,1,10.82,10.98,10.98,10.98,1.0,10980.0,57
2023-05-10 21:34:54,au2312C480,au2312C480,10.98,0.0,0.0,0.0,1,10.46,10.68,1,10.82,10.98,10.98,10.98,1.0,10980.0,57
2023-05-10 21:34:54,au2312C480,au2312C480,10.98,0.0,0.0,0.0,1,10.54,10.66,1,10.82,10.98,10.98,10.98,1.0,10980.0,57
2023-05-10 21:34:55,au2312C480,au2312C480,10.98,0.0,0.0,0.0,1,10.58,10.68,1,10.82,10.98,10.98,10.98,1.0,10980.0,57
2023-05-10 21:34:56,au2312C480,au2312C480,10.98,0.0,0.0,0.0,1,10.58,10.68,1,10.82,10.98,10.98,10.98,1.0,10980.0,57
2023-05-10 21:35:00,au2312C480,au2312C480,10.98,0.0,0.0,0.0,1,10.58,10.66,1,10.82,10.98,10.98,10.98,1.0,10980.0,57
2023-05-10 21:35:02,au2312C480,au2312C480,10.98,0.0,0.0,0.0,1,10.56,10.66,1,10.82,10.98,10.98,10.98,1.0,10980.0,57
2023-05-10 21:35:02,au2312C480,au2312C480,10.98,0.0,0.0,0.0,1,10.56,10.64,1,10.82,10.98,10.98,10.98,1.0,10980.0,57
2023-05-10 21:35:03,au2312C480,au2312C480,10.98,0.0,0.0,0.0,1,10.56,10.66,1,10.82,10.98,10.98,10.98,1.0,10980.0,57
2023-05-10 21:35:05,au2312C480,au2312C480,10.98,0.0,0.0,0.0,1,10.58,10.66,1,10.82,10.98,10.98,10.98,1.0,10980.0,57
2023-05-10 21:35:06,au2312C480,au2312C480,10.98,0.0,0.0,0.0,1,10.58,10.68,1,10.82,10.98,10.98,10.98,1.0,10980.0,57
2023-05-10 21:35:10,au2312C480,au2312C480,10.98,0.0,0.0,0.0,1,10.6,10.68,1,10.82,10.98,10.98,10.98,1.0,10980.0,57
2023-05-10 21:35:12,au2312C480,au2312C480,10.98,0.0,0.0,0.0,1,10.58,10.68,1,10.82,10.98,10.98,10.98,1.0,10980.0,57
2023-05-10 21:35:13,au2312C480,au2312C480,10.98,0.0,0.0,0.0,1,10.6,10.68,1,10.82,10.98,10.98,10.98,1.0,10980.0,57
2023-05-10 21:35:13,au2312C480,au2312C480,10.98,0.0,0.0,0.0,1,10.6,10.7,1,10.82,10.98,10.98,10.98,1.0,10980.0,57
2023-05-10 21:35:15,au2312C480,au2312C480,10.98,0.0,0.0,0.0,1,10.62,10.7,1,10.82,10.98,10.98,10.98,1.0,10980.0,57
2023-05-10 21:35:16,au2312C480,au2312C480,10.98,0.0,0.0,0.0,1,10.62,10.72,1,10.82,10.98,10.98,10.98,1.0,10980.0,57
2023-05-10 21:35:18,au2312C480,au2312C480,10.98,0.0,0.0,0.0,1,10.62,10.7,1,10.82,10.98,10.98,10.98,1.0,10980.0,57
2023-05-10 21:35:18,au2312C480,au2312C480,10.98,0.0,0.0,0.0,1,10.62,10.72,1,10.82,10.98,10.98,10.98,1.0,10980.0,57
2023-05-10 21:35:22,au2312C480,au2312C480,10.98,0.0,0.0,0.0,1,10.58,10.68,1,10.82,10.98,10.98,10.98,1.0,10980.0,57
2023-05-10 21:35:23,au2312C480,au2312C480,10.98,0.0,0.0,0.0,1,10.58,10.7,1,10.82,10.98,10.98,10.98,1.0,10980.0,57
2023-05-10 21:35:23,au2312C480,au2312C480,10.98,0.0,0.0,0.0,1,10.6,10.7,1,10.82,10.98,10.98,10.98,1.0,10980.0,57
2023-05-10 21:35:25,au2312C480,au2312C480,10.98,0.0,0.0,0.0,1,10.62,10.72,1,10.82,10.98,10.98,10.98,1.0,10980.0,57
2023-05-10 21:35:26,au2312C480,au2312C480,10.98,0.0,0.0,0.0,1,10.64,10.72,1,10.82,10.98,10.98,10.98,1.0,10980.0,57
2023-05-10 21:35:27,au2312C480,au2312C480,10.98,0.0,0.0,0.0,1,10.64,10.74,1,10.82,10.98,10.98,10.98,1.0,10980.0,57
2023-05-10 21:35:29,au2312C480,au2312C480,10.98,0.0,0.0,0.0,1,10.64,10.72,1,10.82,10.98,10.98,10.98,1.0,10980.0,57
2023-05-10 21:35:29,au2312C480,au2312C480,10.98,0.0,0.0,0.0,1,10.62,10.74,1,10.82,10.98,10.98,10.98,1.0,10980.0,57
2023-05-10 21:35:30,au2312C480,au2312C480,10.98,0.0,0.0,0.0,1,10.62,10.72,1,10.82,10.98,10.98,10.98,1.0,10980.0,57
2023-05-10 21:35:31,au2312C480,au2312C480,10.98,0.0,0.0,0.0,1,10.6,10.7,1,10.82,10.98,10.98,10.98,1.0,10980.0,57
2023-05-10 21:35:32,au2312C480,au2312C480,10.98,0.0,0.0,0.0,1,10.62,10.72,1,10.82,10.98,10.98,10.98,1.0,10980.0,57
2023-05-10 21:35:32,au2312C480,au2312C480,10.98,0.0,0.0,0.0,1,10.62,10.7,1,10.82,10.98,10.98,10.98,1.0,10980.0,57
2023-05-10 21:35:33,au2312C480,au2312C480,10.98,0.0,0.0,0.0,1,10.62,10.72,1,10.82,10.98,10.98,10.98,1.0,10980.0,57
2023-05-10 21:35:35,au2312C480,au2312C480,10.98,0.0,0.0,0.0,1,10.64,10.72,1,10.82,10.98,10.98,10.98,1.0,10980.0,57
2023-05-10 21:35:36,au2312C480,au2312C480,10.98,0.0,0.0,0.0,1,10.64,10.74,1,10.82,10.98,10.98,10.98,1.0,10980.0,57
2023-05-10 21:35:45,au2312C480,au2312C480,10.98,0.0,0.0,0.0,1,10.66,10.76,1,10.82,10.98,10.98,10.98,1.0,10980.0,57
2023-05-10 21:35:51,au2312C480,au2312C480,10.98,0.0,0.0,0.0,1,10.66,10.74,1,10.82,10.98,10.98,10.98,1.0,10980.0,57
2023-05-10 21:35:54,au2312C480,au2312C480,10.98,0.0,0.0,0.0,1,10.64,10.74,1,10.82,10.98,10.98,10.98,1.0,10980.0,57
2023-05-10 21:35:55,au2312C480,au2312C480,10.98,0.0,0.0,0.0,1,10.66,10.74,1,10.82,10.98,10.98,10.98,1.0,10980.0,57
2023-05-10 21:35:55,au2312C480,au2312C480,10.98,0.0,0.0,0.0,1,10.66,10.76,1,10.82,10.98,10.98,10.98,1.0,10980.0,57
2023-05-10 21:35:56,au2312C480,au2312C480,10.98,0.0,0.0,0.0,1,10.68,10.78,1,10.82,10.98,10.98,10.98,1.0,10980.0,57
2023-05-10 21:35:57,au2312C480,au2312C480,10.98,0.0,0.0,0.0,1,10.7,10.78,1,10.82,10.98,10.98,10.98,1.0,10980.0,57
2023-05-10 21:35:58,au2312C480,au2312C480,10.98,0.0,0.0,0.0,1,10.68,10.78,1,10.82,10.98,10.98,10.98,1.0,10980.0,57
2023-05-10 21:35:58,au2312C480,au2312C480,10.98,0.0,0.0,0.0,1,10.66,10.78,1,10.82,10.98,10.98,10.98,1.0,10980.0,57
2023-05-10 21:36:00,au2312C480,au2312C480,10.98,0.0,0.0,0.0,1,10.68,10.78,1,10.82,10.98,10.98,10.98,1.0,10980.0,57
2023-05-10 21:36:02,au2312C480,au2312C480,10.98,0.0,0.0,0.0,1,10.66,10.76,1,10.82,10.98,10.98,10.98,1.0,10980.0,57
2023-05-10 21:36:03,au2312C480,au2312C480,10.98,0.0,0.0,0.0,1,10.68,10.78,1,10.82,10.98,10.98,10.98,1.0,10980.0,57
2023-05-10 21:36:06,au2312C480,au2312C480,10.98,0.0,0.0,0.0,1,10.68,10.76,1,10.82,10.98,10.98,10.98,1.0,10980.0,57
2023-05-10 21:36:06,au2312C480,au2312C480,10.98,0.0,0.0,0.0,1,10.66,10.76,1,10.82,10.98,10.98,10.98,1.0,10980.0,57
2023-05-10 21:36:07,au2312C480,au2312C480,10.98,0.0,0.0,0.0,1,10.68,10.76,1,10.82,10.98,10.98,10.98,1.0,10980.0,57
2023-05-10 21:36:07,au2312C480,au2312C480,10.98,0.0,0.0,0.0,1,10.68,10.78,1,10.82,10.98,10.98,10.98,1.0,10980.0,57
2023-05-10 21:36:08,au2312C480,au2312C480,10.98,0.0,0.0,0.0,1,10.68,11.64,1,10.82,10.98,10.98,10.98,1.0,10980.0,57
2023-05-10 21:36:10,au2312C480,au2312C480,10.98,0.0,0.0,0.0,1,10.7,10.8,1,10.82,10.98,10.98,10.98,1.0,10980.0,57
2023-05-10 21:36:12,au2312C480,au2312C480,10.98,0.0,0.0,0.0,1,10.72,10.8,1,10.82,10.98,10.98,10.98,1.0,10980.0,57
2023-05-10 21:36:13,au2312C480,au2312C480,10.98,0.0,0.0,0.0,1,10.72,10.82,1,10.82,10.98,10.98,10.98,1.0,10980.0,57
2023-05-10 21:36:15,au2312C480,au2312C480,10.98,0.0,0.0,0.0,1,10.72,10.8,1,10.82,10.98,10.98,10.98,1.0,10980.0,57
2023-05-10 21:36:17,au2312C480,au2312C480,10.98,0.0,0.0,0.0,1,10.7,10.8,1,10.82,10.98,10.98,10.98,1.0,10980.0,57
2023-05-10 21:36:18,au2312C480,au2312C480,10.98,0.0,0.0,0.0,1,10.7,10.78,1,10.82,10.98,10.98,10.98,1.0,10980.0,57
2023-05-10 21:36:20,au2312C480,au2312C480,10.98,0.0,0.0,0.0,1,10.7,10.8,1,10.82,10.98,10.98,10.98,1.0,10980.0,57
2023-05-10 21:36:29,au2312C480,au2312C480,10.98,0.0,0.0,0.0,1,10.72,10.82,1,10.82,10.98,10.98,10.98,1.0,10980.0,57
2023-05-10 21:36:29,au2312C480,au2312C480,10.98,0.0,0.0,0.0,1,10.7,10.8,1,10.82,10.98,10.98,10.98,1.0,10980.0,57
2023-05-10 21:36:31,au2312C480,au2312C480,10.98,0.0,0.0,0.0,1,10.72,10.8,1,10.82,10.98,10.98,10.98,1.0,10980.0,57
2023-05-10 21:36:34,au2312C480,au2312C480,10.98,0.0,0.0,0.0,1,10.72,10.82,1,10.82,10.98,10.98,10.98,1.0,10980.0,57
