time,symbol_id,symbol_name,last,trade_volume,trade_amount,open_interest_change,bv1,bp1,ap1,av1,yesterday_close,today_open,today_high,today_low,volume,amount,open_interest
2023-05-10 21:02:04,au2312C408,au2312C408,52.22,0.0,0.0,0.0,1,20.32,84.1,1,52.22,0.0,0.0,0.0,0.0,0.0,13
2023-05-10 21:02:05,au2312C408,au2312C408,52.22,0.0,0.0,0.0,1,20.34,84.08,1,52.22,0.0,0.0,0.0,0.0,0.0,13
2023-05-10 21:02:06,au2312C408,au2312C408,52.22,0.0,0.0,0.0,1,20.4,84.02,1,52.22,0.0,0.0,0.0,0.0,0.0,13
2023-05-10 21:02:07,au2312C408,au2312C408,52.22,0.0,0.0,0.0,1,20.4,84.02,1,52.22,0.0,0.0,0.0,0.0,0.0,13
2023-05-10 21:02:07,au2312C408,au2312C408,52.22,0.0,0.0,0.0,1,20.42,84.0,1,52.22,0.0,0.0,0.0,0.0,0.0,13
2023-05-10 21:02:10,au2312C408,au2312C408,52.22,0.0,0.0,0.0,1,20.48,83.94,1,52.22,0.0,0.0,0.0,0.0,0.0,13
2023-05-10 21:02:11,au2312C408,au2312C408,52.22,0.0,0.0,0.0,1,20.48,83.94,1,52.22,0.0,0.0,0.0,0.0,0.0,13
2023-05-10 21:02:11,au2312C408,au2312C408,52.22,0.0,0.0,0.0,1,20.5,83.92,1,52.22,0.0,0.0,0.0,0.0,0.0,13
2023-05-10 21:02:12,au2312C408,au2312C408,52.22,0.0,0.0,0.0,1,20.5,83.92,1,52.22,0.0,0.0,0.0,0.0,0.0,13
2023-05-10 21:02:14,au2312C408,au2312C408,52.22,0.0,0.0,0.0,1,20.56,83.86,1,52.22,0.0,0.0,0.0,0.0,0.0,13
2023-05-10 21:02:15,au2312C408,au2312C408,52.22,0.0,0.0,0.0,1,20.56,83.86,1,52.22,0.0,0.0,0.0,0.0,0.0,13
2023-05-10 21:02:15,au2312C408,au2312C408,52.22,0.0,0.0,0.0,1,20.58,83.84,1,52.22,0.0,0.0,0.0,0.0,0.0,13
2023-05-10 21:02:16,au2312C408,au2312C408,52.22,0.0,0.0,0.0,1,20.58,83.84,1,52.22,0.0,0.0,0.0,0.0,0.0,13
2023-05-10 21:02:18,au2312C408,au2312C408,52.22,0.0,0.0,0.0,1,20.64,83.78,1,52.22,0.0,0.0,0.0,0.0,0.0,13
2023-05-10 21:02:19,au2312C408,au2312C408,52.22,0.0,0.0,0.0,1,20.64,83.78,1,52.22,0.0,0.0,0.0,0.0,0.0,13
2023-05-10 21:02:19,au2312C408,au2312C408,52.22,0.0,0.0,0.0,1,20.66,83.76,1,52.22,0.0,0.0,0.0,0.0,0.0,13
2023-05-10 21:02:20,au2312C408,au2312C408,52.22,0.0,0.0,0.0,1,20.72,83.7,1,52.22,0.0,0.0,0.0,0.0,0.0,13
2023-05-10 21:02:21,au2312C408,au2312C408,52.22,0.0,0.0,0.0,1,20.72,83.7,1,52.22,0.0,0.0,0.0,0.0,0.0,13
2023-05-10 21:02:21,au2312C408,au2312C408,52.22,0.0,0.0,0.0,1,20.74,83.68,1,52.22,0.0,0.0,0.0,0.0,0.0,13
2023-05-10 21:02:22,au2312C408,au2312C408,52.22,0.0,0.0,0.0,1,20.8,83.62,1,52.22,0.0,0.0,0.0,0.0,0.0,13
2023-05-10 21:02:23,au2312C408,au2312C408,52.22,0.0,0.0,0.0,1,20.8,83.62,1,52.22,0.0,0.0,0.0,0.0,0.0,13
2023-05-10 21:02:23,au2312C408,au2312C408,52.22,0.0,0.0,0.0,1,20.82,83.6,1,52.22,0.0,0.0,0.0,0.0,0.0,13
2023-05-10 21:02:24,au2312C408,au2312C408,52.22,0.0,0.0,0.0,1,20.88,83.54,1,52.22,0.0,0.0,0.0,0.0,0.0,13
2023-05-10 21:02:25,au2312C408,au2312C408,52.22,0.0,0.0,0.0,1,20.88,83.54,1,52.22,0.0,0.0,0.0,0.0,0.0,13
2023-05-10 21:02:25,au2312C408,au2312C408,52.22,0.0,0.0,0.0,1,20.9,83.52,1,52.22,0.0,0.0,0.0,0.0,0.0,13
2023-05-10 21:02:26,au2312C408,au2312C408,52.22,0.0,0.0,0.0,1,20.96,83.46,1,52.22,0.0,0.0,0.0,0.0,0.0,13
2023-05-10 21:02:27,au2312C408,au2312C408,52.22,0.0,0.0,0.0,1,20.96,83.46,1,52.22,0.0,0.0,0.0,0.0,0.0,13
2023-05-10 21:02:27,au2312C408,au2312C408,52.22,0.0,0.0,0.0,1,20.98,83.44,1,52.22,0.0,0.0,0.0,0.0,0.0,13
2023-05-10 21:02:28,au2312C408,au2312C408,52.22,0.0,0.0,0.0,1,21.04,83.38,1,52.22,0.0,0.0,0.0,0.0,0.0,13
2023-05-10 21:02:29,au2312C408,au2312C408,52.22,0.0,0.0,0.0,1,21.04,83.38,1,52.22,0.0,0.0,0.0,0.0,0.0,13
2023-05-10 21:02:29,au2312C408,au2312C408,52.22,0.0,0.0,0.0,1,21.06,83.36,1,52.22,0.0,0.0,0.0,0.0,0.0,13
2023-05-10 21:02:30,au2312C408,au2312C408,52.22,0.0,0.0,0.0,1,21.12,83.3,1,52.22,0.0,0.0,0.0,0.0,0.0,13
2023-05-10 21:02:31,au2312C408,au2312C408,52.22,0.0,0.0,0.0,1,21.12,83.3,1,52.22,0.0,0.0,0.0,0.0,0.0,13
2023-05-10 21:02:31,au2312C408,au2312C408,52.22,0.0,0.0,0.0,1,21.14,83.28,1,52.22,0.0,0.0,0.0,0.0,0.0,13
2023-05-10 21:02:32,au2312C408,au2312C408,52.22,0.0,0.0,0.0,1,21.2,83.22,1,52.22,0.0,0.0,0.0,0.0,0.0,13
2023-05-10 21:02:33,au2312C408,au2312C408,52.22,0.0,0.0,0.0,1,21.2,83.22,1,52.22,0.0,0.0,0.0,0.0,0.0,13
2023-05-10 21:02:33,au2312C408,au2312C408,52.22,0.0,0.0,0.0,1,21.22,83.2,1,52.22,0.0,0.0,0.0,0.0,0.0,13
2023-05-10 21:02:34,au2312C408,au2312C408,52.22,0.0,0.0,0.0,1,21.28,83.14,1,52.22,0.0,0.0,0.0,0.0,0.0,13
2023-05-10 21:02:35,au2312C408,au2312C408,52.22,0.0,0.0,0.0,1,21.28,83.14,1,52.22,0.0,0.0,0.0,0.0,0.0,13
2023-05-10 21:02:35,au2312C408,au2312C408,52.22,0.0,0.0,0.0,1,21.3,83.12,1,52.22,0.0,0.0,0.0,0.0,0.0,13
2023-05-10 21:02:36,au2312C408,au2312C408,52.22,0.0,0.0,0.0,1,21.36,83.06,1,52.22,0.0,0.0,0.0,0.0,0.0,13
2023-05-10 21:02:37,au2312C408,au2312C408,52.22,0.0,0.0,0.0,1,21.36,83.06,1,52.22,0.0,0.0,0.0,0.0,0.0,13
2023-05-10 21:02:37,au2312C408,au2312C408,52.22,0.0,0.0,0.0,1,21.38,83.04,1,52.22,0.0,0.0,0.0,0.0,0.0,13
2023-05-10 21:02:38,au2312C408,au2312C408,52.22,0.0,0.0,0.0,1,21.44,82.98,1,52.22,0.0,0.0,0.0,0.0,0.0,13
2023-05-10 21:02:39,au2312C408,au2312C408,52.22,0.0,0.0,0.0,1,21.44,82.98,1,52.22,0.0,0.0,0.0,0.0,0.0,13
2023-05-10 21:02:39,au2312C408,au2312C408,52.22,0.0,0.0,0.0,1,21.46,82.96,1,52.22,0.0,0.0,0.0,0.0,0.0,13
2023-05-10 21:02:40,au2312C408,au2312C408,52.22,0.0,0.0,0.0,1,21.52,82.9,1,52.22,0.0,0.0,0.0,0.0,0.0,13
2023-05-10 21:02:41,au2312C408,au2312C408,52.22,0.0,0.0,0.0,1,21.52,82.9,1,52.22,0.0,0.0,0.0,0.0,0.0,13
2023-05-10 21:02:41,au2312C408,au2312C408,52.22,0.0,0.0,0.0,1,21.54,82.88,1,52.22,0.0,0.0,0.0,0.0,0.0,13
2023-05-10 21:02:42,au2312C408,au2312C408,52.22,0.0,0.0,0.0,1,21.6,82.82,1,52.22,0.0,0.0,0.0,0.0,0.0,13
2023-05-10 21:02:43,au2312C408,au2312C408,52.22,0.0,0.0,0.0,1,21.6,82.82,1,52.22,0.0,0.0,0.0,0.0,0.0,13
2023-05-10 21:02:43,au2312C408,au2312C408,52.22,0.0,0.0,0.0,1,21.62,82.8,1,52.22,0.0,0.0,0.0,0.0,0.0,13
2023-05-10 21:02:44,au2312C408,au2312C408,52.22,0.0,0.0,0.0,1,21.68,82.74,1,52.22,0.0,0.0,0.0,0.0,0.0,13
2023-05-10 21:02:45,au2312C408,au2312C408,52.22,0.0,0.0,0.0,1,21.68,82.74,1,52.22,0.0,0.0,0.0,0.0,0.0,13
2023-05-10 21:02:45,au2312C408,au2312C408,52.22,0.0,0.0,0.0,1,21.7,82.72,1,52.22,0.0,0.0,0.0,0.0,0.0,13
2023-05-10 21:02:46,au2312C408,au2312C408,52.22,0.0,0.0,0.0,1,21.76,82.66,1,52.22,0.0,0.0,0.0,0.0,0.0,13
2023-05-10 21:02:47,au2312C408,au2312C408,52.22,0.0,0.0,0.0,1,21.76,82.66,1,52.22,0.0,0.0,0.0,0.0,0.0,13
2023-05-10 21:02:47,au2312C408,au2312C408,52.22,0.0,0.0,0.0,1,21.78,82.64,1,52.22,0.0,0.0,0.0,0.0,0.0,13
2023-05-10 21:02:48,au2312C408,au2312C408,52.22,0.0,0.0,0.0,1,21.84,82.58,1,52.22,0.0,0.0,0.0,0.0,0.0,13
2023-05-10 21:02:49,au2312C408,au2312C408,52.22,0.0,0.0,0.0,1,21.84,82.58,1,52.22,0.0,0.0,0.0,0.0,0.0,13
2023-05-10 21:02:49,au2312C408,au2312C408,52.22,0.0,0.0,0.0,1,21.86,82.56,1,52.22,0.0,0.0,0.0,0.0,0.0,13
2023-05-10 21:02:50,au2312C408,au2312C408,52.22,0.0,0.0,0.0,1,21.92,82.5,1,52.22,0.0,0.0,0.0,0.0,0.0,13
2023-05-10 21:02:51,au2312C408,au2312C408,52.22,0.0,0.0,0.0,1,21.92,82.5,1,52.22,0.0,0.0,0.0,0.0,0.0,13
2023-05-10 21:02:51,au2312C408,au2312C408,52.22,0.0,0.0,0.0,1,21.94,82.48,1,52.22,0.0,0.0,0.0,0.0,0.0,13
2023-05-10 21:02:52,au2312C408,au2312C408,52.22,0.0,0.0,0.0,1,22.0,82.42,1,52.22,0.0,0.0,0.0,0.0,0.0,13
2023-05-10 21:02:53,au2312C408,au2312C408,52.22,0.0,0.0,0.0,1,22.0,82.42,1,52.22,0.0,0.0,0.0,0.0,0.0,13
2023-05-10 21:02:53,au2312C408,au2312C408,52.22,0.0,0.0,0.0,1,22.02,82.4,1,52.22,0.0,0.0,0.0,0.0,0.0,13
2023-05-10 21:02:54,au2312C408,au2312C408,52.22,0.0,0.0,0.0,1,22.02,82.4,1,52.22,0.0,0.0,0.0,0.0,0.0,13
2023-05-10 21:02:56,au2312C408,au2312C408,52.22,0.0,0.0,0.0,1,22.08,82.34,1,52.22,0.0,0.0,0.0,0.0,0.0,13
2023-05-10 21:02:57,au2312C408,au2312C408,52.22,0.0,0.0,0.0,1,22.08,82.34,1,52.22,0.0,0.0,0.0,0.0,0.0,13
2023-05-10 21:02:57,au2312C408,au2312C408,52.22,0.0,0.0,0.0,2,22.1,82.32,1,52.22,0.0,0.0,0.0,0.0,0.0,13
2023-05-10 21:02:58,au2312C408,au2312C408,52.22,0.0,0.0,0.0,2,22.1,82.32,1,52.22,0.0,0.0,0.0,0.0,0.0,13
2023-05-10 21:03:00,au2312C408,au2312C408,52.22,0.0,0.0,0.0,1,22.16,82.26,1,52.22,0.0,0.0,0.0,0.0,0.0,13
2023-05-10 21:03:01,au2312C408,au2312C408,52.22,0.0,0.0,0.0,1,22.16,82.26,1,52.22,0.0,0.0,0.0,0.0,0.0,13
2023-05-10 21:03:01,au2312C408,au2312C408,52.22,0.0,0.0,0.0,1,22.18,82.24,1,52.22,0.0,0.0,0.0,0.0,0.0,13
2023-05-10 21:03:02,au2312C408,au2312C408,52.22,0.0,0.0,0.0,1,22.18,82.24,1,52.22,0.0,0.0,0.0,0.0,0.0,13
2023-05-10 21:03:03,au2312C408,au2312C408,52.22,0.0,0.0,0.0,1,22.24,82.18,1,52.22,0.0,0.0,0.0,0.0,0.0,13
2023-05-10 21:03:04,au2312C408,au2312C408,52.22,0.0,0.0,0.0,1,22.24,82.18,1,52.22,0.0,0.0,0.0,0.0,0.0,13
2023-05-10 21:03:04,au2312C408,au2312C408,52.22,0.0,0.0,0.0,1,22.26,82.16,1,52.22,0.0,0.0,0.0,0.0,0.0,13
2023-05-10 21:03:05,au2312C408,au2312C408,52.22,0.0,0.0,0.0,1,22.32,82.1,1,52.22,0.0,0.0,0.0,0.0,0.0,13
2023-05-10 21:03:06,au2312C408,au2312C408,52.22,0.0,0.0,0.0,1,22.32,82.1,1,52.22,0.0,0.0,0.0,0.0,0.0,13
2023-05-10 21:03:06,au2312C408,au2312C408,52.22,0.0,0.0,0.0,1,22.34,82.08,1,52.22,0.0,0.0,0.0,0.0,0.0,13
2023-05-10 21:03:08,au2312C408,au2312C408,52.22,0.0,0.0,0.0,1,22.4,82.02,1,52.22,0.0,0.0,0.0,0.0,0.0,13
2023-05-10 21:03:09,au2312C408,au2312C408,52.22,0.0,0.0,0.0,1,22.4,82.02,1,52.22,0.0,0.0,0.0,0.0,0.0,13
2023-05-10 21:03:09,au2312C408,au2312C408,52.22,0.0,0.0,0.0,1,22.42,82.0,1,52.22,0.0,0.0,0.0,0.0,0.0,13
2023-05-10 21:03:10,au2312C408,au2312C408,52.22,0.0,0.0,0.0,1,22.48,81.94,1,52.22,0.0,0.0,0.0,0.0,0.0,13
2023-05-10 21:03:11,au2312C408,au2312C408,52.22,0.0,0.0,0.0,1,22.48,81.94,1,52.22,0.0,0.0,0.0,0.0,0.0,13
2023-05-10 21:03:11,au2312C408,au2312C408,52.22,0.0,0.0,0.0,1,22.5,81.92,1,52.22,0.0,0.0,0.0,0.0,0.0,13
2023-05-10 21:03:12,au2312C408,au2312C408,52.22,0.0,0.0,0.0,1,22.5,81.92,1,52.22,0.0,0.0,0.0,0.0,0.0,13
2023-05-10 21:03:14,au2312C408,au2312C408,52.22,0.0,0.0,0.0,1,22.56,81.86,1,52.22,0.0,0.0,0.0,0.0,0.0,13
2023-05-10 21:03:15,au2312C408,au2312C408,52.22,0.0,0.0,0.0,1,22.56,81.86,1,52.22,0.0,0.0,0.0,0.0,0.0,13
2023-05-10 21:03:15,au2312C408,au2312C408,52.22,0.0,0.0,0.0,1,22.58,81.84,1,52.22,0.0,0.0,0.0,0.0,0.0,13
2023-05-10 21:03:16,au2312C408,au2312C408,52.22,0.0,0.0,0.0,1,22.64,81.78,1,52.22,0.0,0.0,0.0,0.0,0.0,13
2023-05-10 21:03:17,au2312C408,au2312C408,52.22,0.0,0.0,0.0,1,22.64,81.78,1,52.22,0.0,0.0,0.0,0.0,0.0,13
2023-05-10 21:03:17,au2312C408,au2312C408,52.22,0.0,0.0,0.0,1,22.66,81.76,1,52.22,0.0,0.0,0.0,0.0,0.0,13
2023-05-10 21:03:19,au2312C408,au2312C408,52.22,0.0,0.0,0.0,1,22.72,81.7,1,52.22,0.0,0.0,0.0,0.0,0.0,13
2023-05-10 21:03:20,au2312C408,au2312C408,52.22,0.0,0.0,0.0,1,22.72,81.7,1,52.22,0.0,0.0,0.0,0.0,0.0,13
2023-05-10 21:03:20,au2312C408,au2312C408,52.22,0.0,0.0,0.0,1,22.74,81.68,1,52.22,0.0,0.0,0.0,0.0,0.0,13
2023-05-10 21:03:21,au2312C408,au2312C408,52.22,0.0,0.0,0.0,1,22.74,81.68,1,52.22,0.0,0.0,0.0,0.0,0.0,13
2023-05-10 21:03:22,au2312C408,au2312C408,52.22,0.0,0.0,0.0,1,22.8,81.62,1,52.22,0.0,0.0,0.0,0.0,0.0,13
2023-05-10 21:03:23,au2312C408,au2312C408,52.22,0.0,0.0,0.0,1,22.8,81.62,1,52.22,0.0,0.0,0.0,0.0,0.0,13
2023-05-10 21:03:23,au2312C408,au2312C408,52.22,0.0,0.0,0.0,1,22.82,81.6,1,52.22,0.0,0.0,0.0,0.0,0.0,13
2023-05-10 21:03:24,au2312C408,au2312C408,52.22,0.0,0.0,0.0,1,22.82,81.6,1,52.22,0.0,0.0,0.0,0.0,0.0,13
2023-05-10 21:03:26,au2312C408,au2312C408,52.22,0.0,0.0,0.0,1,22.88,81.54,1,52.22,0.0,0.0,0.0,0.0,0.0,13
2023-05-10 21:03:27,au2312C408,au2312C408,52.22,0.0,0.0,0.0,1,22.88,81.54,1,52.22,0.0,0.0,0.0,0.0,0.0,13
2023-05-10 21:03:27,au2312C408,au2312C408,52.22,0.0,0.0,0.0,1,22.9,81.52,1,52.22,0.0,0.0,0.0,0.0,0.0,13
2023-05-10 21:03:28,au2312C408,au2312C408,52.22,0.0,0.0,0.0,1,22.96,81.46,1,52.22,0.0,0.0,0.0,0.0,0.0,13
2023-05-10 21:03:29,au2312C408,au2312C408,52.22,0.0,0.0,0.0,1,22.96,81.46,1,52.22,0.0,0.0,0.0,0.0,0.0,13
2023-05-10 21:03:29,au2312C408,au2312C408,52.22,0.0,0.0,0.0,1,22.98,81.44,1,52.22,0.0,0.0,0.0,0.0,0.0,13
2023-05-10 21:03:30,au2312C408,au2312C408,52.22,0.0,0.0,0.0,1,23.04,81.38,1,52.22,0.0,0.0,0.0,0.0,0.0,13
2023-05-10 21:03:31,au2312C408,au2312C408,52.22,0.0,0.0,0.0,1,23.04,81.38,1,52.22,0.0,0.0,0.0,0.0,0.0,13
2023-05-10 21:03:31,au2312C408,au2312C408,52.22,0.0,0.0,0.0,1,23.06,81.36,1,52.22,0.0,0.0,0.0,0.0,0.0,13
2023-05-10 21:03:32,au2312C408,au2312C408,52.22,0.0,0.0,0.0,1,23.12,81.3,1,52.22,0.0,0.0,0.0,0.0,0.0,13
2023-05-10 21:03:33,au2312C408,au2312C408,52.22,0.0,0.0,0.0,1,23.12,81.3,1,52.22,0.0,0.0,0.0,0.0,0.0,13
2023-05-10 21:03:33,au2312C408,au2312C408,52.22,0.0,0.0,0.0,1,23.14,81.28,1,52.22,0.0,0.0,0.0,0.0,0.0,13
2023-05-10 21:03:34,au2312C408,au2312C408,52.22,0.0,0.0,0.0,1,23.2,81.22,1,52.22,0.0,0.0,0.0,0.0,0.0,13
2023-05-10 21:03:35,au2312C408,au2312C408,52.22,0.0,0.0,0.0,1,23.2,81.22,1,52.22,0.0,0.0,0.0,0.0,0.0,13
2023-05-10 21:03:35,au2312C408,au2312C408,52.22,0.0,0.0,0.0,1,23.22,81.2,1,52.22,0.0,0.0,0.0,0.0,0.0,13
2023-05-10 21:03:38,au2312C408,au2312C408,52.22,0.0,0.0,0.0,1,23.28,81.2,1,52.22,0.0,0.0,0.0,0.0,0.0,13
2023-05-10 21:03:39,au2312C408,au2312C408,52.22,0.0,0.0,0.0,1,23.28,81.2,1,52.22,0.0,0.0,0.0,0.0,0.0,13
2023-05-10 21:03:39,au2312C408,au2312C408,52.22,0.0,0.0,0.0,1,23.3,81.2,1,52.22,0.0,0.0,0.0,0.0,0.0,13
2023-05-10 21:03:40,au2312C408,au2312C408,52.22,0.0,0.0,0.0,1,23.36,81.14,1,52.22,0.0,0.0,0.0,0.0,0.0,13
2023-05-10 21:03:41,au2312C408,au2312C408,52.22,0.0,0.0,0.0,1,23.36,81.14,1,52.22,0.0,0.0,0.0,0.0,0.0,13
2023-05-10 21:03:41,au2312C408,au2312C408,52.22,0.0,0.0,0.0,1,23.38,81.12,1,52.22,0.0,0.0,0.0,0.0,0.0,13
2023-05-10 21:03:42,au2312C408,au2312C408,52.22,0.0,0.0,0.0,1,23.44,81.06,1,52.22,0.0,0.0,0.0,0.0,0.0,13
2023-05-10 21:03:43,au2312C408,au2312C408,52.22,0.0,0.0,0.0,1,23.44,81.06,1,52.22,0.0,0.0,0.0,0.0,0.0,13
2023-05-10 21:03:43,au2312C408,au2312C408,52.22,0.0,0.0,0.0,1,23.46,81.04,1,52.22,0.0,0.0,0.0,0.0,0.0,13
2023-05-10 21:03:44,au2312C408,au2312C408,52.22,0.0,0.0,0.0,1,23.52,80.98,1,52.22,0.0,0.0,0.0,0.0,0.0,13
2023-05-10 21:03:45,au2312C408,au2312C408,52.22,0.0,0.0,0.0,1,23.52,80.98,1,52.22,0.0,0.0,0.0,0.0,0.0,13
2023-05-10 21:03:45,au2312C408,au2312C408,52.22,0.0,0.0,0.0,1,23.54,80.96,1,52.22,0.0,0.0,0.0,0.0,0.0,13
2023-05-10 21:03:46,au2312C408,au2312C408,52.22,0.0,0.0,0.0,1,23.6,80.9,1,52.22,0.0,0.0,0.0,0.0,0.0,13
2023-05-10 21:03:47,au2312C408,au2312C408,52.22,0.0,0.0,0.0,1,23.6,80.9,1,52.22,0.0,0.0,0.0,0.0,0.0,13
2023-05-10 21:03:47,au2312C408,au2312C408,52.22,0.0,0.0,0.0,1,23.62,80.88,1,52.22,0.0,0.0,0.0,0.0,0.0,13
2023-05-10 21:03:48,au2312C408,au2312C408,52.22,0.0,0.0,0.0,1,23.68,80.82,1,52.22,0.0,0.0,0.0,0.0,0.0,13
2023-05-10 21:03:49,au2312C408,au2312C408,52.22,0.0,0.0,0.0,1,23.68,80.82,1,52.22,0.0,0.0,0.0,0.0,0.0,13
2023-05-10 21:03:49,au2312C408,au2312C408,52.22,0.0,0.0,0.0,1,23.7,80.8,1,52.22,0.0,0.0,0.0,0.0,0.0,13
2023-05-10 21:03:50,au2312C408,au2312C408,52.22,0.0,0.0,0.0,1,23.76,80.74,1,52.22,0.0,0.0,0.0,0.0,0.0,13
2023-05-10 21:03:51,au2312C408,au2312C408,52.22,0.0,0.0,0.0,1,23.76,80.74,1,52.22,0.0,0.0,0.0,0.0,0.0,13
2023-05-10 21:03:51,au2312C408,au2312C408,52.22,0.0,0.0,0.0,1,23.78,80.72,1,52.22,0.0,0.0,0.0,0.0,0.0,13
2023-05-10 21:03:52,au2312C408,au2312C408,52.22,0.0,0.0,0.0,1,23.84,80.66,1,52.22,0.0,0.0,0.0,0.0,0.0,13
2023-05-10 21:03:53,au2312C408,au2312C408,52.22,0.0,0.0,0.0,1,23.84,80.66,1,52.22,0.0,0.0,0.0,0.0,0.0,13
2023-05-10 21:03:53,au2312C408,au2312C408,52.22,0.0,0.0,0.0,1,23.86,80.64,1,52.22,0.0,0.0,0.0,0.0,0.0,13
2023-05-10 21:03:54,au2312C408,au2312C408,52.22,0.0,0.0,0.0,1,23.92,80.58,1,52.22,0.0,0.0,0.0,0.0,0.0,13
2023-05-10 21:03:55,au2312C408,au2312C408,52.22,0.0,0.0,0.0,1,23.92,80.58,1,52.22,0.0,0.0,0.0,0.0,0.0,13
2023-05-10 21:03:55,au2312C408,au2312C408,52.22,0.0,0.0,0.0,1,23.94,80.56,1,52.22,0.0,0.0,0.0,0.0,0.0,13
2023-05-10 21:03:58,au2312C408,au2312C408,52.22,0.0,0.0,0.0,1,23.94,80.56,1,52.22,0.0,0.0,0.0,0.0,0.0,13
2023-05-10 21:03:59,au2312C408,au2312C408,52.22,0.0,0.0,0.0,1,24.0,80.5,1,52.22,0.0,0.0,0.0,0.0,0.0,13
2023-05-10 21:04:00,au2312C408,au2312C408,52.22,0.0,0.0,0.0,1,24.0,80.5,1,52.22,0.0,0.0,0.0,0.0,0.0,13
2023-05-10 21:04:00,au2312C408,au2312C408,52.22,0.0,0.0,0.0,1,24.02,80.48,1,52.22,0.0,0.0,0.0,0.0,0.0,13
2023-05-10 21:04:01,au2312C408,au2312C408,52.22,0.0,0.0,0.0,1,24.02,80.48,1,52.22,0.0,0.0,0.0,0.0,0.0,13
2023-05-10 21:04:02,au2312C408,au2312C408,52.22,0.0,0.0,0.0,1,24.08,80.42,1,52.22,0.0,0.0,0.0,0.0,0.0,13
2023-05-10 21:04:03,au2312C408,au2312C408,52.22,0.0,0.0,0.0,1,24.08,80.42,1,52.22,0.0,0.0,0.0,0.0,0.0,13
2023-05-10 21:04:03,au2312C408,au2312C408,52.22,0.0,0.0,0.0,1,24.1,80.4,1,52.22,0.0,0.0,0.0,0.0,0.0,13
2023-05-10 21:04:04,au2312C408,au2312C408,52.22,0.0,0.0,0.0,1,24.16,80.34,1,52.22,0.0,0.0,0.0,0.0,0.0,13
2023-05-10 21:04:05,au2312C408,au2312C408,52.22,0.0,0.0,0.0,1,24.16,80.34,1,52.22,0.0,0.0,0.0,0.0,0.0,13
2023-05-10 21:04:05,au2312C408,au2312C408,52.22,0.0,0.0,0.0,1,24.18,80.32,1,52.22,0.0,0.0,0.0,0.0,0.0,13
2023-05-10 21:04:06,au2312C408,au2312C408,52.22,0.0,0.0,0.0,1,24.18,80.32,1,52.22,0.0,0.0,0.0,0.0,0.0,13
2023-05-10 21:04:07,au2312C408,au2312C408,52.22,0.0,0.0,0.0,1,24.24,80.26,1,52.22,0.0,0.0,0.0,0.0,0.0,13
2023-05-10 21:04:08,au2312C408,au2312C408,52.22,0.0,0.0,0.0,1,24.24,80.26,1,52.22,0.0,0.0,0.0,0.0,0.0,13
2023-05-10 21:04:08,au2312C408,au2312C408,52.22,0.0,0.0,0.0,1,24.26,80.24,1,52.22,0.0,0.0,0.0,0.0,0.0,13
2023-05-10 21:04:09,au2312C408,au2312C408,52.22,0.0,0.0,0.0,1,24.32,80.18,1,52.22,0.0,0.0,0.0,0.0,0.0,13
2023-05-10 21:04:10,au2312C408,au2312C408,52.22,0.0,0.0,0.0,1,24.32,80.18,1,52.22,0.0,0.0,0.0,0.0,0.0,13
2023-05-10 21:04:10,au2312C408,au2312C408,52.22,0.0,0.0,0.0,1,24.34,80.16,1,52.22,0.0,0.0,0.0,0.0,0.0,13
2023-05-10 21:04:11,au2312C408,au2312C408,52.22,0.0,0.0,0.0,1,24.34,80.16,1,52.22,0.0,0.0,0.0,0.0,0.0,13
2023-05-10 21:04:12,au2312C408,au2312C408,52.22,0.0,0.0,0.0,1,24.4,80.1,1,52.22,0.0,0.0,0.0,0.0,0.0,13
2023-05-10 21:04:13,au2312C408,au2312C408,52.22,0.0,0.0,0.0,1,24.4,80.1,1,52.22,0.0,0.0,0.0,0.0,0.0,13
2023-05-10 21:04:13,au2312C408,au2312C408,52.22,0.0,0.0,0.0,1,24.42,80.08,1,52.22,0.0,0.0,0.0,0.0,0.0,13
2023-05-10 21:04:14,au2312C408,au2312C408,52.22,0.0,0.0,0.0,1,24.48,80.02,1,52.22,0.0,0.0,0.0,0.0,0.0,13
2023-05-10 21:04:15,au2312C408,au2312C408,52.22,0.0,0.0,0.0,1,24.48,80.02,1,52.22,0.0,0.0,0.0,0.0,0.0,13
2023-05-10 21:04:15,au2312C408,au2312C408,52.22,0.0,0.0,0.0,1,24.5,80.0,1,52.22,0.0,0.0,0.0,0.0,0.0,13
2023-05-10 21:04:16,au2312C408,au2312C408,52.22,0.0,0.0,0.0,1,24.56,79.94,1,52.22,0.0,0.0,0.0,0.0,0.0,13
2023-05-10 21:04:17,au2312C408,au2312C408,52.22,0.0,0.0,0.0,1,24.56,79.94,1,52.22,0.0,0.0,0.0,0.0,0.0,13
2023-05-10 21:04:17,au2312C408,au2312C408,52.22,0.0,0.0,0.0,1,24.58,79.92,1,52.22,0.0,0.0,0.0,0.0,0.0,13
2023-05-10 21:04:18,au2312C408,au2312C408,52.22,0.0,0.0,0.0,1,24.64,79.86,1,52.22,0.0,0.0,0.0,0.0,0.0,13
2023-05-10 21:04:19,au2312C408,au2312C408,52.22,0.0,0.0,0.0,1,24.64,79.86,1,52.22,0.0,0.0,0.0,0.0,0.0,13
2023-05-10 21:04:19,au2312C408,au2312C408,52.22,0.0,0.0,0.0,1,24.66,79.84,1,52.22,0.0,0.0,0.0,0.0,0.0,13
2023-05-10 21:04:20,au2312C408,au2312C408,52.22,0.0,0.0,0.0,1,24.72,79.78,1,52.22,0.0,0.0,0.0,0.0,0.0,13
2023-05-10 21:04:21,au2312C408,au2312C408,52.22,0.0,0.0,0.0,1,24.72,79.78,1,52.22,0.0,0.0,0.0,0.0,0.0,13
2023-05-10 21:04:21,au2312C408,au2312C408,52.22,0.0,0.0,0.0,1,24.74,79.76,1,52.22,0.0,0.0,0.0,0.0,0.0,13
2023-05-10 21:04:22,au2312C408,au2312C408,52.22,0.0,0.0,0.0,1,24.8,79.7,1,52.22,0.0,0.0,0.0,0.0,0.0,13
2023-05-10 21:04:23,au2312C408,au2312C408,52.22,0.0,0.0,0.0,1,24.8,79.7,1,52.22,0.0,0.0,0.0,0.0,0.0,13
2023-05-10 21:04:23,au2312C408,au2312C408,52.22,0.0,0.0,0.0,1,24.82,79.68,1,52.22,0.0,0.0,0.0,0.0,0.0,13
2023-05-10 21:04:24,au2312C408,au2312C408,52.22,0.0,0.0,0.0,1,24.88,79.62,1,52.22,0.0,0.0,0.0,0.0,0.0,13
2023-05-10 21:04:25,au2312C408,au2312C408,52.22,0.0,0.0,0.0,1,24.88,79.62,1,52.22,0.0,0.0,0.0,0.0,0.0,13
2023-05-10 21:04:25,au2312C408,au2312C408,52.22,0.0,0.0,0.0,1,24.9,79.6,1,52.22,0.0,0.0,0.0,0.0,0.0,13
2023-05-10 21:04:26,au2312C408,au2312C408,52.22,0.0,0.0,0.0,1,24.9,79.6,1,52.22,0.0,0.0,0.0,0.0,0.0,13
2023-05-10 21:04:28,au2312C408,au2312C408,52.22,0.0,0.0,0.0,1,24.96,79.54,1,52.22,0.0,0.0,0.0,0.0,0.0,13
2023-05-10 21:04:29,au2312C408,au2312C408,52.22,0.0,0.0,0.0,1,24.96,79.54,1,52.22,0.0,0.0,0.0,0.0,0.0,13
2023-05-10 21:04:29,au2312C408,au2312C408,52.22,0.0,0.0,0.0,1,24.98,79.52,1,52.22,0.0,0.0,0.0,0.0,0.0,13
2023-05-10 21:04:30,au2312C408,au2312C408,52.22,0.0,0.0,0.0,1,25.04,79.46,1,52.22,0.0,0.0,0.0,0.0,0.0,13
2023-05-10 21:04:31,au2312C408,au2312C408,52.22,0.0,0.0,0.0,1,25.04,79.46,1,52.22,0.0,0.0,0.0,0.0,0.0,13
2023-05-10 21:04:31,au2312C408,au2312C408,52.22,0.0,0.0,0.0,1,25.06,79.44,1,52.22,0.0,0.0,0.0,0.0,0.0,13
2023-05-10 21:04:32,au2312C408,au2312C408,52.22,0.0,0.0,0.0,1,25.12,79.38,1,52.22,0.0,0.0,0.0,0.0,0.0,13
2023-05-10 21:04:33,au2312C408,au2312C408,52.22,0.0,0.0,0.0,1,25.12,79.38,1,52.22,0.0,0.0,0.0,0.0,0.0,13
2023-05-10 21:04:33,au2312C408,au2312C408,52.22,0.0,0.0,0.0,1,25.14,79.36,1,52.22,0.0,0.0,0.0,0.0,0.0,13
2023-05-10 21:04:34,au2312C408,au2312C408,52.22,0.0,0.0,0.0,1,25.2,79.3,1,52.22,0.0,0.0,0.0,0.0,0.0,13
2023-05-10 21:04:35,au2312C408,au2312C408,52.22,0.0,0.0,0.0,1,25.2,79.3,1,52.22,0.0,0.0,0.0,0.0,0.0,13
2023-05-10 21:04:35,au2312C408,au2312C408,52.22,0.0,0.0,0.0,1,25.22,79.28,1,52.22,0.0,0.0,0.0,0.0,0.0,13
2023-05-10 21:04:36,au2312C408,au2312C408,52.22,0.0,0.0,0.0,1,25.28,79.22,1,52.22,0.0,0.0,0.0,0.0,0.0,13
2023-05-10 21:04:37,au2312C408,au2312C408,52.22,0.0,0.0,0.0,1,25.28,79.22,1,52.22,0.0,0.0,0.0,0.0,0.0,13
2023-05-10 21:04:37,au2312C408,au2312C408,52.22,0.0,0.0,0.0,1,25.3,79.2,1,52.22,0.0,0.0,0.0,0.0,0.0,13
2023-05-10 21:04:38,au2312C408,au2312C408,52.22,0.0,0.0,0.0,1,25.3,79.2,1,52.22,0.0,0.0,0.0,0.0,0.0,13
2023-05-10 21:04:39,au2312C408,au2312C408,52.22,0.0,0.0,0.0,1,25.36,79.14,1,52.22,0.0,0.0,0.0,0.0,0.0,13
2023-05-10 21:04:40,au2312C408,au2312C408,52.22,0.0,0.0,0.0,1,25.36,79.14,1,52.22,0.0,0.0,0.0,0.0,0.0,13
2023-05-10 21:04:40,au2312C408,au2312C408,52.22,0.0,0.0,0.0,1,25.38,79.12,1,52.22,0.0,0.0,0.0,0.0,0.0,13
2023-05-10 21:04:41,au2312C408,au2312C408,52.22,0.0,0.0,0.0,1,25.44,79.06,1,52.22,0.0,0.0,0.0,0.0,0.0,13
2023-05-10 21:04:42,au2312C408,au2312C408,52.22,0.0,0.0,0.0,1,25.44,79.06,1,52.22,0.0,0.0,0.0,0.0,0.0,13
2023-05-10 21:04:42,au2312C408,au2312C408,52.22,0.0,0.0,0.0,1,25.46,79.04,1,52.22,0.0,0.0,0.0,0.0,0.0,13
2023-05-10 21:04:43,au2312C408,au2312C408,52.22,0.0,0.0,0.0,1,25.46,79.04,1,52.22,0.0,0.0,0.0,0.0,0.0,13
2023-05-10 21:04:44,au2312C408,au2312C408,52.22,0.0,0.0,0.0,1,25.52,78.98,1,52.22,0.0,0.0,0.0,0.0,0.0,13
2023-05-10 21:04:45,au2312C408,au2312C408,52.22,0.0,0.0,0.0,1,25.52,78.98,1,52.22,0.0,0.0,0.0,0.0,0.0,13
2023-05-10 21:04:45,au2312C408,au2312C408,52.22,0.0,0.0,0.0,1,25.54,78.96,1,52.22,0.0,0.0,0.0,0.0,0.0,13
2023-05-10 21:04:46,au2312C408,au2312C408,52.22,0.0,0.0,0.0,1,25.6,78.9,1,52.22,0.0,0.0,0.0,0.0,0.0,13
2023-05-10 21:04:47,au2312C408,au2312C408,52.22,0.0,0.0,0.0,1,25.6,78.9,1,52.22,0.0,0.0,0.0,0.0,0.0,13
2023-05-10 21:04:47,au2312C408,au2312C408,52.22,0.0,0.0,0.0,1,25.62,78.88,1,52.22,0.0,0.0,0.0,0.0,0.0,13
2023-05-10 21:04:48,au2312C408,au2312C408,52.22,0.0,0.0,0.0,1,25.68,78.82,1,52.22,0.0,0.0,0.0,0.0,0.0,13
2023-05-10 21:04:49,au2312C408,au2312C408,52.22,0.0,0.0,0.0,1,25.68,78.82,1,52.22,0.0,0.0,0.0,0.0,0.0,13
2023-05-10 21:04:49,au2312C408,au2312C408,52.22,0.0,0.0,0.0,1,25.7,78.8,1,52.22,0.0,0.0,0.0,0.0,0.0,13
2023-05-10 21:04:50,au2312C408,au2312C408,52.22,0.0,0.0,0.0,1,25.76,78.74,1,52.22,0.0,0.0,0.0,0.0,0.0,13
2023-05-10 21:04:51,au2312C408,au2312C408,52.22,0.0,0.0,0.0,1,25.76,78.74,1,52.22,0.0,0.0,0.0,0.0,0.0,13
2023-05-10 21:04:51,au2312C408,au2312C408,52.22,0.0,0.0,0.0,1,25.78,78.72,1,52.22,0.0,0.0,0.0,0.0,0.0,13
2023-05-10 21:04:52,au2312C408,au2312C408,52.22,0.0,0.0,0.0,1,25.78,78.72,1,52.22,0.0,0.0,0.0,0.0,0.0,13
2023-05-10 21:04:54,au2312C408,au2312C408,52.22,0.0,0.0,0.0,1,25.84,78.66,1,52.22,0.0,0.0,0.0,0.0,0.0,13
2023-05-10 21:04:55,au2312C408,au2312C408,52.22,0.0,0.0,0.0,1,25.84,78.66,1,52.22,0.0,0.0,0.0,0.0,0.0,13
2023-05-10 21:04:55,au2312C408,au2312C408,52.22,0.0,0.0,0.0,1,25.86,78.64,1,52.22,0.0,0.0,0.0,0.0,0.0,13
2023-05-10 21:04:56,au2312C408,au2312C408,52.22,0.0,0.0,0.0,1,25.92,78.58,1,52.22,0.0,0.0,0.0,0.0,0.0,13
2023-05-10 21:04:57,au2312C408,au2312C408,52.22,0.0,0.0,0.0,1,25.92,78.58,1,52.22,0.0,0.0,0.0,0.0,0.0,13
2023-05-10 21:04:57,au2312C408,au2312C408,52.22,0.0,0.0,0.0,1,25.94,78.56,1,52.22,0.0,0.0,0.0,0.0,0.0,13
2023-05-10 21:04:58,au2312C408,au2312C408,52.22,0.0,0.0,0.0,1,26.0,78.5,1,52.22,0.0,0.0,0.0,0.0,0.0,13
2023-05-10 21:04:59,au2312C408,au2312C408,52.22,0.0,0.0,0.0,1,26.0,78.5,1,52.22,0.0,0.0,0.0,0.0,0.0,13
2023-05-10 21:04:59,au2312C408,au2312C408,52.22,0.0,0.0,0.0,1,26.02,78.48,1,52.22,0.0,0.0,0.0,0.0,0.0,13
2023-05-10 21:05:00,au2312C408,au2312C408,52.22,0.0,0.0,0.0,1,26.08,78.42,1,52.22,0.0,0.0,0.0,0.0,0.0,13
2023-05-10 21:05:01,au2312C408,au2312C408,52.22,0.0,0.0,0.0,1,26.08,78.42,1,52.22,0.0,0.0,0.0,0.0,0.0,13
2023-05-10 21:05:01,au2312C408,au2312C408,52.22,0.0,0.0,0.0,1,26.1,78.4,1,52.22,0.0,0.0,0.0,0.0,0.0,13
2023-05-10 21:05:02,au2312C408,au2312C408,52.22,0.0,0.0,0.0,1,26.16,78.34,1,52.22,0.0,0.0,0.0,0.0,0.0,13
2023-05-10 21:05:03,au2312C408,au2312C408,52.22,0.0,0.0,0.0,1,26.16,78.34,1,52.22,0.0,0.0,0.0,0.0,0.0,13
2023-05-10 21:05:03,au2312C408,au2312C408,52.22,0.0,0.0,0.0,1,26.18,78.32,1,52.22,0.0,0.0,0.0,0.0,0.0,13
2023-05-10 21:05:04,au2312C408,au2312C408,52.22,0.0,0.0,0.0,1,26.24,78.26,1,52.22,0.0,0.0,0.0,0.0,0.0,13
2023-05-10 21:05:05,au2312C408,au2312C408,52.22,0.0,0.0,0.0,1,26.24,78.26,1,52.22,0.0,0.0,0.0,0.0,0.0,13
2023-05-10 21:05:05,au2312C408,au2312C408,52.22,0.0,0.0,0.0,1,26.26,78.24,1,52.22,0.0,0.0,0.0,0.0,0.0,13
2023-05-10 21:05:06,au2312C408,au2312C408,52.22,0.0,0.0,0.0,1,26.32,78.18,1,52.22,0.0,0.0,0.0,0.0,0.0,13
2023-05-10 21:05:07,au2312C408,au2312C408,52.22,0.0,0.0,0.0,1,26.32,78.18,1,52.22,0.0,0.0,0.0,0.0,0.0,13
2023-05-10 21:05:07,au2312C408,au2312C408,52.22,0.0,0.0,0.0,1,26.34,78.16,1,52.22,0.0,0.0,0.0,0.0,0.0,13
2023-05-10 21:05:08,au2312C408,au2312C408,52.22,0.0,0.0,0.0,1,26.4,78.1,1,52.22,0.0,0.0,0.0,0.0,0.0,13
2023-05-10 21:05:09,au2312C408,au2312C408,52.22,0.0,0.0,0.0,1,26.4,78.1,1,52.22,0.0,0.0,0.0,0.0,0.0,13
2023-05-10 21:05:09,au2312C408,au2312C408,52.22,0.0,0.0,0.0,1,26.42,78.08,1,52.22,0.0,0.0,0.0,0.0,0.0,13
2023-05-10 21:05:10,au2312C408,au2312C408,52.22,0.0,0.0,0.0,1,26.48,78.02,1,52.22,0.0,0.0,0.0,0.0,0.0,13
2023-05-10 21:05:11,au2312C408,au2312C408,52.22,0.0,0.0,0.0,1,26.48,78.02,1,52.22,0.0,0.0,0.0,0.0,0.0,13
2023-05-10 21:05:11,au2312C408,au2312C408,52.22,0.0,0.0,0.0,1,26.5,78.0,1,52.22,0.0,0.0,0.0,0.0,0.0,13
2023-05-10 21:05:12,au2312C408,au2312C408,52.22,0.0,0.0,0.0,1,26.56,77.94,1,52.22,0.0,0.0,0.0,0.0,0.0,13
2023-05-10 21:05:13,au2312C408,au2312C408,52.22,0.0,0.0,0.0,1,26.56,77.94,1,52.22,0.0,0.0,0.0,0.0,0.0,13
2023-05-10 21:05:13,au2312C408,au2312C408,52.22,0.0,0.0,0.0,1,26.58,77.92,1,52.22,0.0,0.0,0.0,0.0,0.0,13
2023-05-10 21:05:14,au2312C408,au2312C408,52.22,0.0,0.0,0.0,1,26.64,77.86,1,52.22,0.0,0.0,0.0,0.0,0.0,13
2023-05-10 21:05:15,au2312C408,au2312C408,52.22,0.0,0.0,0.0,1,26.64,77.86,1,52.22,0.0,0.0,0.0,0.0,0.0,13
2023-05-10 21:05:15,au2312C408,au2312C408,52.22,0.0,0.0,0.0,1,26.66,77.84,1,52.22,0.0,0.0,0.0,0.0,0.0,13
2023-05-10 21:05:16,au2312C408,au2312C408,52.22,0.0,0.0,0.0,1,26.72,77.78,1,52.22,0.0,0.0,0.0,0.0,0.0,13
2023-05-10 21:05:17,au2312C408,au2312C408,52.22,0.0,0.0,0.0,1,26.72,77.78,1,52.22,0.0,0.0,0.0,0.0,0.0,13
2023-05-10 21:05:17,au2312C408,au2312C408,52.22,0.0,0.0,0.0,1,26.74,77.76,1,52.22,0.0,0.0,0.0,0.0,0.0,13
2023-05-10 21:05:18,au2312C408,au2312C408,52.22,0.0,0.0,0.0,1,26.8,77.7,1,52.22,0.0,0.0,0.0,0.0,0.0,13
2023-05-10 21:05:19,au2312C408,au2312C408,52.22,0.0,0.0,0.0,1,26.8,77.7,1,52.22,0.0,0.0,0.0,0.0,0.0,13
2023-05-10 21:05:19,au2312C408,au2312C408,52.22,0.0,0.0,0.0,1,26.82,77.68,1,52.22,0.0,0.0,0.0,0.0,0.0,13
2023-05-10 21:05:20,au2312C408,au2312C408,52.22,0.0,0.0,0.0,1,26.88,77.62,1,52.22,0.0,0.0,0.0,0.0,0.0,13
2023-05-10 21:05:21,au2312C408,au2312C408,52.22,0.0,0.0,0.0,1,26.88,77.62,1,52.22,0.0,0.0,0.0,0.0,0.0,13
2023-05-10 21:05:21,au2312C408,au2312C408,52.22,0.0,0.0,0.0,1,26.9,77.6,1,52.22,0.0,0.0,0.0,0.0,0.0,13
2023-05-10 21:05:22,au2312C408,au2312C408,52.22,0.0,0.0,0.0,1,26.96,77.54,1,52.22,0.0,0.0,0.0,0.0,0.0,13
2023-05-10 21:05:23,au2312C408,au2312C408,52.22,0.0,0.0,0.0,1,26.96,77.54,1,52.22,0.0,0.0,0.0,0.0,0.0,13
2023-05-10 21:05:23,au2312C408,au2312C408,52.22,0.0,0.0,0.0,1,26.98,77.52,1,52.22,0.0,0.0,0.0,0.0,0.0,13
2023-05-10 21:05:24,au2312C408,au2312C408,52.22,0.0,0.0,0.0,1,27.04,77.46,1,52.22,0.0,0.0,0.0,0.0,0.0,13
2023-05-10 21:05:25,au2312C408,au2312C408,52.22,0.0,0.0,0.0,1,27.04,77.46,1,52.22,0.0,0.0,0.0,0.0,0.0,13
2023-05-10 21:05:25,au2312C408,au2312C408,52.22,0.0,0.0,0.0,1,27.06,77.44,1,52.22,0.0,0.0,0.0,0.0,0.0,13
2023-05-10 21:05:26,au2312C408,au2312C408,52.22,0.0,0.0,0.0,1,27.12,77.38,1,52.22,0.0,0.0,0.0,0.0,0.0,13
2023-05-10 21:05:27,au2312C408,au2312C408,52.22,0.0,0.0,0.0,1,27.12,77.38,1,52.22,0.0,0.0,0.0,0.0,0.0,13
2023-05-10 21:05:27,au2312C408,au2312C408,52.22,0.0,0.0,0.0,1,27.14,77.36,1,52.22,0.0,0.0,0.0,0.0,0.0,13
2023-05-10 21:05:28,au2312C408,au2312C408,52.22,0.0,0.0,0.0,1,27.2,77.3,1,52.22,0.0,0.0,0.0,0.0,0.0,13
2023-05-10 21:05:29,au2312C408,au2312C408,52.22,0.0,0.0,0.0,1,27.2,77.3,1,52.22,0.0,0.0,0.0,0.0,0.0,13
2023-05-10 21:05:29,au2312C408,au2312C408,52.22,0.0,0.0,0.0,1,27.22,77.28,1,52.22,0.0,0.0,0.0,0.0,0.0,13
2023-05-10 21:05:30,au2312C408,au2312C408,52.22,0.0,0.0,0.0,1,27.28,77.22,1,52.22,0.0,0.0,0.0,0.0,0.0,13
2023-05-10 21:05:31,au2312C408,au2312C408,52.22,0.0,0.0,0.0,1,27.28,77.22,1,52.22,0.0,0.0,0.0,0.0,0.0,13
2023-05-10 21:05:31,au2312C408,au2312C408,52.22,0.0,0.0,0.0,1,27.3,77.2,1,52.22,0.0,0.0,0.0,0.0,0.0,13
2023-05-10 21:05:32,au2312C408,au2312C408,52.22,0.0,0.0,0.0,1,27.36,77.14,1,52.22,0.0,0.0,0.0,0.0,0.0,13
2023-05-10 21:05:33,au2312C408,au2312C408,52.22,0.0,0.0,0.0,1,27.36,77.14,1,52.22,0.0,0.0,0.0,0.0,0.0,13
2023-05-10 21:05:33,au2312C408,au2312C408,52.22,0.0,0.0,0.0,1,27.38,77.12,1,52.22,0.0,0.0,0.0,0.0,0.0,13
2023-05-10 21:05:34,au2312C408,au2312C408,52.22,0.0,0.0,0.0,1,27.44,77.06,1,52.22,0.0,0.0,0.0,0.0,0.0,13
2023-05-10 21:05:35,au2312C408,au2312C408,52.22,0.0,0.0,0.0,1,27.44,77.06,1,52.22,0.0,0.0,0.0,0.0,0.0,13
2023-05-10 21:05:35,au2312C408,au2312C408,52.22,0.0,0.0,0.0,1,27.46,77.04,1,52.22,0.0,0.0,0.0,0.0,0.0,13
2023-05-10 21:05:36,au2312C408,au2312C408,52.22,0.0,0.0,0.0,1,27.52,76.98,1,52.22,0.0,0.0,0.0,0.0,0.0,13
2023-05-10 21:05:37,au2312C408,au2312C408,52.22,0.0,0.0,0.0,1,27.52,76.98,1,52.22,0.0,0.0,0.0,0.0,0.0,13
2023-05-10 21:05:37,au2312C408,au2312C408,52.22,0.0,0.0,0.0,1,27.54,76.96,1,52.22,0.0,0.0,0.0,0.0,0.0,13
2023-05-10 21:05:38,au2312C408,au2312C408,52.22,0.0,0.0,0.0,1,27.6,76.9,1,52.22,0.0,0.0,0.0,0.0,0.0,13
2023-05-10 21:05:39,au2312C408,au2312C408,52.22,0.0,0.0,0.0,1,27.6,76.9,1,52.22,0.0,0.0,0.0,0.0,0.0,13
2023-05-10 21:05:39,au2312C408,au2312C408,52.22,0.0,0.0,0.0,1,27.62,76.88,1,52.22,0.0,0.0,0.0,0.0,0.0,13
2023-05-10 21:05:40,au2312C408,au2312C408,52.22,0.0,0.0,0.0,1,27.68,76.82,1,52.22,0.0,0.0,0.0,0.0,0.0,13
2023-05-10 21:05:41,au2312C408,au2312C408,52.22,0.0,0.0,0.0,1,27.68,76.82,1,52.22,0.0,0.0,0.0,0.0,0.0,13
2023-05-10 21:05:41,au2312C408,au2312C408,52.22,0.0,0.0,0.0,1,27.7,76.8,1,52.22,0.0,0.0,0.0,0.0,0.0,13
2023-05-10 21:05:42,au2312C408,au2312C408,52.22,0.0,0.0,0.0,1,27.76,76.74,1,52.22,0.0,0.0,0.0,0.0,0.0,13
2023-05-10 21:05:43,au2312C408,au2312C408,52.22,0.0,0.0,0.0,1,27.76,76.74,1,52.22,0.0,0.0,0.0,0.0,0.0,13
2023-05-10 21:05:43,au2312C408,au2312C408,52.22,0.0,0.0,0.0,1,27.78,76.72,1,52.22,0.0,0.0,0.0,0.0,0.0,13
2023-05-10 21:05:44,au2312C408,au2312C408,52.22,0.0,0.0,0.0,1,27.84,76.66,1,52.22,0.0,0.0,0.0,0.0,0.0,13
2023-05-10 21:05:45,au2312C408,au2312C408,52.22,0.0,0.0,0.0,1,27.84,76.66,1,52.22,0.0,0.0,0.0,0.0,0.0,13
2023-05-10 21:05:45,au2312C408,au2312C408,52.22,0.0,0.0,0.0,1,27.86,76.64,1,52.22,0.0,0.0,0.0,0.0,0.0,13
2023-05-10 21:05:46,au2312C408,au2312C408,52.22,0.0,0.0,0.0,1,27.92,76.58,1,52.22,0.0,0.0,0.0,0.0,0.0,13
2023-05-10 21:05:47,au2312C408,au2312C408,52.22,0.0,0.0,0.0,1,27.92,76.58,1,52.22,0.0,0.0,0.0,0.0,0.0,13
2023-05-10 21:05:47,au2312C408,au2312C408,52.22,0.0,0.0,0.0,1,27.94,76.56,1,52.22,0.0,0.0,0.0,0.0,0.0,13
2023-05-10 21:05:48,au2312C408,au2312C408,52.22,0.0,0.0,0.0,1,28.0,76.5,1,52.22,0.0,0.0,0.0,0.0,0.0,13
2023-05-10 21:05:49,au2312C408,au2312C408,52.22,0.0,0.0,0.0,1,28.0,76.5,1,52.22,0.0,0.0,0.0,0.0,0.0,13
2023-05-10 21:05:49,au2312C408,au2312C408,52.22,0.0,0.0,0.0,1,28.02,76.48,1,52.22,0.0,0.0,0.0,0.0,0.0,13
2023-05-10 21:05:50,au2312C408,au2312C408,52.22,0.0,0.0,0.0,1,28.08,76.42,1,52.22,0.0,0.0,0.0,0.0,0.0,13
2023-05-10 21:05:51,au2312C408,au2312C408,52.22,0.0,0.0,0.0,1,28.08,76.42,1,52.22,0.0,0.0,0.0,0.0,0.0,13
2023-05-10 21:05:51,au2312C408,au2312C408,52.22,0.0,0.0,0.0,1,28.1,76.4,1,52.22,0.0,0.0,0.0,0.0,0.0,13
2023-05-10 21:05:52,au2312C408,au2312C408,52.22,0.0,0.0,0.0,1,28.16,76.34,1,52.22,0.0,0.0,0.0,0.0,0.0,13
2023-05-10 21:05:53,au2312C408,au2312C408,52.22,0.0,0.0,0.0,1,28.16,76.34,1,52.22,0.0,0.0,0.0,0.0,0.0,13
2023-05-10 21:05:53,au2312C408,au2312C408,52.22,0.0,0.0,0.0,1,28.18,76.32,1,52.22,0.0,0.0,0.0,0.0,0.0,13
2023-05-10 21:05:54,au2312C408,au2312C408,52.22,0.0,0.0,0.0,1,28.24,76.26,1,52.22,0.0,0.0,0.0,0.0,0.0,13
2023-05-10 21:05:55,au2312C408,au2312C408,52.22,0.0,0.0,0.0,1,28.24,76.26,1,52.22,0.0,0.0,0.0,0.0,0.0,13
2023-05-10 21:05:55,au2312C408,au2312C408,52.22,0.0,0.0,0.0,1,28.26,76.24,1,52.22,0.0,0.0,0.0,0.0,0.0,13
2023-05-10 21:05:56,au2312C408,au2312C408,52.22,0.0,0.0,0.0,1,28.32,76.18,1,52.22,0.0,0.0,0.0,0.0,0.0,13
2023-05-10 21:05:57,au2312C408,au2312C408,52.22,0.0,0.0,0.0,1,28.32,76.18,1,52.22,0.0,0.0,0.0,0.0,0.0,13
2023-05-10 21:05:57,au2312C408,au2312C408,52.22,0.0,0.0,0.0,1,28.34,76.16,1,52.22,0.0,0.0,0.0,0.0,0.0,13
2023-05-10 21:05:58,au2312C408,au2312C408,52.22,0.0,0.0,0.0,1,28.4,76.1,1,52.22,0.0,0.0,0.0,0.0,0.0,13
2023-05-10 21:05:59,au2312C408,au2312C408,52.22,0.0,0.0,0.0,1,28.4,76.1,1,52.22,0.0,0.0,0.0,0.0,0.0,13
2023-05-10 21:05:59,au2312C408,au2312C408,52.22,0.0,0.0,0.0,1,28.42,76.08,1,52.22,0.0,0.0,0.0,0.0,0.0,13
2023-05-10 21:06:00,au2312C408,au2312C408,52.22,0.0,0.0,0.0,1,28.48,76.02,1,52.22,0.0,0.0,0.0,0.0,0.0,13
2023-05-10 21:06:01,au2312C408,au2312C408,52.22,0.0,0.0,0.0,1,28.48,76.02,1,52.22,0.0,0.0,0.0,0.0,0.0,13
2023-05-10 21:06:01,au2312C408,au2312C408,52.22,0.0,0.0,0.0,1,28.5,76.0,1,52.22,0.0,0.0,0.0,0.0,0.0,13
2023-05-10 21:06:02,au2312C408,au2312C408,52.22,0.0,0.0,0.0,1,28.56,75.94,1,52.22,0.0,0.0,0.0,0.0,0.0,13
2023-05-10 21:06:03,au2312C408,au2312C408,52.22,0.0,0.0,0.0,1,28.56,75.94,1,52.22,0.0,0.0,0.0,0.0,0.0,13
2023-05-10 21:06:03,au2312C408,au2312C408,52.22,0.0,0.0,0.0,1,28.58,75.92,1,52.22,0.0,0.0,0.0,0.0,0.0,13
2023-05-10 21:06:04,au2312C408,au2312C408,52.22,0.0,0.0,0.0,1,28.64,75.86,1,52.22,0.0,0.0,0.0,0.0,0.0,13
2023-05-10 21:06:05,au2312C408,au2312C408,52.22,0.0,0.0,0.0,1,28.64,75.86,1,52.22,0.0,0.0,0.0,0.0,0.0,13
2023-05-10 21:06:05,au2312C408,au2312C408,52.22,0.0,0.0,0.0,1,28.66,75.84,1,52.22,0.0,0.0,0.0,0.0,0.0,13
2023-05-10 21:06:06,au2312C408,au2312C408,52.22,0.0,0.0,0.0,1,28.72,75.78,1,52.22,0.0,0.0,0.0,0.0,0.0,13
2023-05-10 21:06:07,au2312C408,au2312C408,52.22,0.0,0.0,0.0,1,28.72,75.78,1,52.22,0.0,0.0,0.0,0.0,0.0,13
2023-05-10 21:06:07,au2312C408,au2312C408,52.22,0.0,0.0,0.0,1,28.74,75.76,1,52.22,0.0,0.0,0.0,0.0,0.0,13
2023-05-10 21:06:08,au2312C408,au2312C408,52.22,0.0,0.0,0.0,1,28.8,75.7,1,52.22,0.0,0.0,0.0,0.0,0.0,13
2023-05-10 21:06:09,au2312C408,au2312C408,52.22,0.0,0.0,0.0,1,28.8,75.7,1,52.22,0.0,0.0,0.0,0.0,0.0,13
2023-05-10 21:06:09,au2312C408,au2312C408,52.22,0.0,0.0,0.0,1,28.82,75.68,1,52.22,0.0,0.0,0.0,0.0,0.0,13
2023-05-10 21:06:10,au2312C408,au2312C408,52.22,0.0,0.0,0.0,1,28.88,75.62,1,52.22,0.0,0.0,0.0,0.0,0.0,13
2023-05-10 21:06:11,au2312C408,au2312C408,52.22,0.0,0.0,0.0,1,28.88,75.62,1,52.22,0.0,0.0,0.0,0.0,0.0,13
2023-05-10 21:06:11,au2312C408,au2312C408,52.22,0.0,0.0,0.0,1,28.9,75.6,1,52.22,0.0,0.0,0.0,0.0,0.0,13
2023-05-10 21:06:12,au2312C408,au2312C408,52.22,0.0,0.0,0.0,1,28.96,75.54,1,52.22,0.0,0.0,0.0,0.0,0.0,13
2023-05-10 21:06:13,au2312C408,au2312C408,52.22,0.0,0.0,0.0,1,28.96,75.54,1,52.22,0.0,0.0,0.0,0.0,0.0,13
2023-05-10 21:06:13,au2312C408,au2312C408,52.22,0.0,0.0,0.0,1,28.98,75.52,1,52.22,0.0,0.0,0.0,0.0,0.0,13
2023-05-10 21:06:14,au2312C408,au2312C408,52.22,0.0,0.0,0.0,1,29.04,75.46,1,52.22,0.0,0.0,0.0,0.0,0.0,13
2023-05-10 21:06:15,au2312C408,au2312C408,52.22,0.0,0.0,0.0,1,29.04,75.46,1,52.22,0.0,0.0,0.0,0.0,0.0,13
2023-05-10 21:06:15,au2312C408,au2312C408,52.22,0.0,0.0,0.0,1,29.06,75.44,1,52.22,0.0,0.0,0.0,0.0,0.0,13
2023-05-10 21:06:16,au2312C408,au2312C408,52.22,0.0,0.0,0.0,1,29.12,75.38,1,52.22,0.0,0.0,0.0,0.0,0.0,13
2023-05-10 21:06:17,au2312C408,au2312C408,52.22,0.0,0.0,0.0,1,29.12,75.38,1,52.22,0.0,0.0,0.0,0.0,0.0,13
2023-05-10 21:06:17,au2312C408,au2312C408,52.22,0.0,0.0,0.0,1,29.14,75.36,1,52.22,0.0,0.0,0.0,0.0,0.0,13
2023-05-10 21:06:18,au2312C408,au2312C408,52.22,0.0,0.0,0.0,1,29.2,75.3,1,52.22,0.0,0.0,0.0,0.0,0.0,13
2023-05-10 21:06:19,au2312C408,au2312C408,52.22,0.0,0.0,0.0,1,29.2,75.3,1,52.22,0.0,0.0,0.0,0.0,0.0,13
2023-05-10 21:06:19,au2312C408,au2312C408,52.22,0.0,0.0,0.0,1,29.22,75.28,1,52.22,0.0,0.0,0.0,0.0,0.0,13
2023-05-10 21:06:20,au2312C408,au2312C408,52.22,0.0,0.0,0.0,1,29.28,75.22,1,52.22,0.0,0.0,0.0,0.0,0.0,13
2023-05-10 21:06:21,au2312C408,au2312C408,52.22,0.0,0.0,0.0,1,29.28,75.22,1,52.22,0.0,0.0,0.0,0.0,0.0,13
2023-05-10 21:06:21,au2312C408,au2312C408,52.22,0.0,0.0,0.0,1,29.3,75.2,1,52.22,0.0,0.0,0.0,0.0,0.0,13
2023-05-10 21:06:22,au2312C408,au2312C408,52.22,0.0,0.0,0.0,1,29.36,75.14,1,52.22,0.0,0.0,0.0,0.0,0.0,13
2023-05-10 21:06:23,au2312C408,au2312C408,52.22,0.0,0.0,0.0,1,29.36,75.14,1,52.22,0.0,0.0,0.0,0.0,0.0,13
2023-05-10 21:06:23,au2312C408,au2312C408,52.22,0.0,0.0,0.0,1,29.38,75.12,1,52.22,0.0,0.0,0.0,0.0,0.0,13
2023-05-10 21:06:24,au2312C408,au2312C408,52.22,0.0,0.0,0.0,1,29.44,75.12,1,52.22,0.0,0.0,0.0,0.0,0.0,13
2023-05-10 21:06:24,au2312C408,au2312C408,52.22,0.0,0.0,0.0,1,29.44,75.06,1,52.22,0.0,0.0,0.0,0.0,0.0,13
2023-05-10 21:06:25,au2312C408,au2312C408,52.22,0.0,0.0,0.0,1,29.46,75.06,1,52.22,0.0,0.0,0.0,0.0,0.0,13
2023-05-10 21:06:25,au2312C408,au2312C408,52.22,0.0,0.0,0.0,1,29.52,75.04,1,52.22,0.0,0.0,0.0,0.0,0.0,13
2023-05-10 21:06:26,au2312C408,au2312C408,52.22,0.0,0.0,0.0,1,29.52,74.98,1,52.22,0.0,0.0,0.0,0.0,0.0,13
2023-05-10 21:06:26,au2312C408,au2312C408,52.22,0.0,0.0,0.0,1,29.54,74.98,1,52.22,0.0,0.0,0.0,0.0,0.0,13
2023-05-10 21:06:27,au2312C408,au2312C408,52.22,0.0,0.0,0.0,1,29.54,74.96,1,52.22,0.0,0.0,0.0,0.0,0.0,13
2023-05-10 21:06:27,au2312C408,au2312C408,52.22,0.0,0.0,0.0,1,29.6,74.9,1,52.22,0.0,0.0,0.0,0.0,0.0,13
2023-05-10 21:06:28,au2312C408,au2312C408,52.22,0.0,0.0,0.0,1,29.6,74.9,1,52.22,0.0,0.0,0.0,0.0,0.0,13
2023-05-10 21:06:28,au2312C408,au2312C408,52.22,0.0,0.0,0.0,1,29.62,74.88,1,52.22,0.0,0.0,0.0,0.0,0.0,13
2023-05-10 21:06:29,au2312C408,au2312C408,52.22,0.0,0.0,0.0,1,29.68,74.82,1,52.22,0.0,0.0,0.0,0.0,0.0,13
2023-05-10 21:06:30,au2312C408,au2312C408,52.22,0.0,0.0,0.0,1,29.68,74.82,1,52.22,0.0,0.0,0.0,0.0,0.0,13
2023-05-10 21:06:30,au2312C408,au2312C408,52.22,0.0,0.0,0.0,1,29.7,74.8,1,52.22,0.0,0.0,0.0,0.0,0.0,13
2023-05-10 21:06:31,au2312C408,au2312C408,52.22,0.0,0.0,0.0,1,29.76,74.74,1,52.22,0.0,0.0,0.0,0.0,0.0,13
2023-05-10 21:06:32,au2312C408,au2312C408,52.22,0.0,0.0,0.0,1,29.76,74.74,1,52.22,0.0,0.0,0.0,0.0,0.0,13
2023-05-10 21:06:32,au2312C408,au2312C408,52.22,0.0,0.0,0.0,1,29.78,74.72,1,52.22,0.0,0.0,0.0,0.0,0.0,13
2023-05-10 21:06:33,au2312C408,au2312C408,52.22,0.0,0.0,0.0,1,29.84,74.66,1,52.22,0.0,0.0,0.0,0.0,0.0,13
2023-05-10 21:06:34,au2312C408,au2312C408,52.22,0.0,0.0,0.0,1,29.84,74.66,1,52.22,0.0,0.0,0.0,0.0,0.0,13
2023-05-10 21:06:34,au2312C408,au2312C408,52.22,0.0,0.0,0.0,1,29.86,74.64,1,52.22,0.0,0.0,0.0,0.0,0.0,13
2023-05-10 21:06:35,au2312C408,au2312C408,52.22,0.0,0.0,0.0,1,29.92,74.64,1,52.22,0.0,0.0,0.0,0.0,0.0,13
2023-05-10 21:06:35,au2312C408,au2312C408,52.22,0.0,0.0,0.0,1,29.92,74.58,1,52.22,0.0,0.0,0.0,0.0,0.0,13
2023-05-10 21:06:36,au2312C408,au2312C408,52.22,0.0,0.0,0.0,1,29.94,74.58,1,52.22,0.0,0.0,0.0,0.0,0.0,13
2023-05-10 21:06:36,au2312C408,au2312C408,52.22,0.0,0.0,0.0,1,30.0,74.56,1,52.22,0.0,0.0,0.0,0.0,0.0,13
2023-05-10 21:06:37,au2312C408,au2312C408,52.22,0.0,0.0,0.0,1,30.0,74.56,1,52.22,0.0,0.0,0.0,0.0,0.0,13
2023-05-10 21:06:37,au2312C408,au2312C408,52.22,0.0,0.0,0.0,1,30.02,74.5,1,52.22,0.0,0.0,0.0,0.0,0.0,13
2023-05-10 21:06:38,au2312C408,au2312C408,52.22,0.0,0.0,0.0,1,30.08,74.48,1,52.22,0.0,0.0,0.0,0.0,0.0,13
2023-05-10 21:06:38,au2312C408,au2312C408,52.22,0.0,0.0,0.0,1,30.1,74.48,1,52.22,0.0,0.0,0.0,0.0,0.0,13
2023-05-10 21:06:39,au2312C408,au2312C408,52.22,0.0,0.0,0.0,1,30.1,74.42,1,52.22,0.0,0.0,0.0,0.0,0.0,13
2023-05-10 21:06:40,au2312C408,au2312C408,52.22,0.0,0.0,0.0,1,30.1,74.42,1,52.22,0.0,0.0,0.0,0.0,0.0,13
2023-05-10 21:06:40,au2312C408,au2312C408,52.22,0.0,0.0,0.0,1,30.1,74.4,1,52.22,0.0,0.0,0.0,0.0,0.0,13
2023-05-10 21:06:41,au2312C408,au2312C408,52.22,0.0,0.0,0.0,1,30.16,74.34,1,52.22,0.0,0.0,0.0,0.0,0.0,13
2023-05-10 21:06:42,au2312C408,au2312C408,52.22,0.0,0.0,0.0,1,30.16,74.34,1,52.22,0.0,0.0,0.0,0.0,0.0,13
2023-05-10 21:06:42,au2312C408,au2312C408,52.22,0.0,0.0,0.0,1,30.18,74.32,1,52.22,0.0,0.0,0.0,0.0,0.0,13
2023-05-10 21:06:43,au2312C408,au2312C408,52.22,0.0,0.0,0.0,1,30.18,74.32,1,52.22,0.0,0.0,0.0,0.0,0.0,13
2023-05-10 21:06:44,au2312C408,au2312C408,52.22,0.0,0.0,0.0,1,30.24,74.26,1,52.22,0.0,0.0,0.0,0.0,0.0,13
2023-05-10 21:06:45,au2312C408,au2312C408,52.22,0.0,0.0,0.0,1,30.24,74.26,1,52.22,0.0,0.0,0.0,0.0,0.0,13
2023-05-10 21:06:45,au2312C408,au2312C408,52.22,0.0,0.0,0.0,1,30.26,74.24,1,52.22,0.0,0.0,0.0,0.0,0.0,13
2023-05-10 21:06:46,au2312C408,au2312C408,52.22,0.0,0.0,0.0,1,30.32,74.18,1,52.22,0.0,0.0,0.0,0.0,0.0,13
2023-05-10 21:06:46,au2312C408,au2312C408,52.22,0.0,0.0,0.0,1,30.32,74.18,1,52.22,0.0,0.0,0.0,0.0,0.0,13
2023-05-10 21:06:47,au2312C408,au2312C408,52.22,0.0,0.0,0.0,1,30.34,74.16,1,52.22,0.0,0.0,0.0,0.0,0.0,13
2023-05-10 21:06:47,au2312C408,au2312C408,52.22,0.0,0.0,0.0,1,30.4,74.1,1,52.22,0.0,0.0,0.0,0.0,0.0,13
2023-05-10 21:06:48,au2312C408,au2312C408,52.22,0.0,0.0,0.0,1,30.4,74.1,1,52.22,0.0,0.0,0.0,0.0,0.0,13
2023-05-10 21:06:48,au2312C408,au2312C408,52.22,0.0,0.0,0.0,1,30.42,74.08,1,52.22,0.0,0.0,0.0,0.0,0.0,13
2023-05-10 21:06:49,au2312C408,au2312C408,52.22,0.0,0.0,0.0,1,30.48,74.08,1,52.22,0.0,0.0,0.0,0.0,0.0,13
2023-05-10 21:06:49,au2312C408,au2312C408,52.22,0.0,0.0,0.0,1,30.48,74.02,1,52.22,0.0,0.0,0.0,0.0,0.0,13
2023-05-10 21:06:50,au2312C408,au2312C408,52.22,0.0,0.0,0.0,1,30.5,74.02,1,52.22,0.0,0.0,0.0,0.0,0.0,13
2023-05-10 21:06:50,au2312C408,au2312C408,52.22,0.0,0.0,0.0,1,30.56,74.0,1,52.22,0.0,0.0,0.0,0.0,0.0,13
2023-05-10 21:06:51,au2312C408,au2312C408,52.22,0.0,0.0,0.0,1,30.56,74.0,1,52.22,0.0,0.0,0.0,0.0,0.0,13
2023-05-10 21:06:51,au2312C408,au2312C408,52.22,0.0,0.0,0.0,1,30.58,73.94,1,52.22,0.0,0.0,0.0,0.0,0.0,13
2023-05-10 21:06:52,au2312C408,au2312C408,52.22,0.0,0.0,0.0,1,30.58,73.94,1,52.22,0.0,0.0,0.0,0.0,0.0,13
2023-05-10 21:06:52,au2312C408,au2312C408,52.22,0.0,0.0,0.0,1,30.58,73.92,1,52.22,0.0,0.0,0.0,0.0,0.0,13
2023-05-10 21:06:53,au2312C408,au2312C408,52.22,0.0,0.0,0.0,1,30.64,73.92,1,52.22,0.0,0.0,0.0,0.0,0.0,13
2023-05-10 21:06:53,au2312C408,au2312C408,52.22,0.0,0.0,0.0,1,30.64,73.86,1,52.22,0.0,0.0,0.0,0.0,0.0,13
2023-05-10 21:06:54,au2312C408,au2312C408,52.22,0.0,0.0,0.0,1,30.66,73.86,1,52.22,0.0,0.0,0.0,0.0,0.0,13
2023-05-10 21:06:54,au2312C408,au2312C408,52.22,0.0,0.0,0.0,1,30.72,73.84,1,52.22,0.0,0.0,0.0,0.0,0.0,13
2023-05-10 21:06:55,au2312C408,au2312C408,52.22,0.0,0.0,0.0,1,30.72,73.84,1,52.22,0.0,0.0,0.0,0.0,0.0,13
2023-05-10 21:06:55,au2312C408,au2312C408,52.22,0.0,0.0,0.0,1,30.74,73.84,1,52.22,0.0,0.0,0.0,0.0,0.0,13
2023-05-10 21:06:56,au2312C408,au2312C408,52.22,0.0,0.0,0.0,1,30.8,73.78,1,52.22,0.0,0.0,0.0,0.0,0.0,13
2023-05-10 21:06:57,au2312C408,au2312C408,52.22,0.0,0.0,0.0,1,30.8,73.78,1,52.22,0.0,0.0,0.0,0.0,0.0,13
2023-05-10 21:06:57,au2312C408,au2312C408,52.22,0.0,0.0,0.0,1,30.82,73.76,1,52.22,0.0,0.0,0.0,0.0,0.0,13
2023-05-10 21:06:58,au2312C408,au2312C408,52.22,0.0,0.0,0.0,1,30.88,73.76,1,52.22,0.0,0.0,0.0,0.0,0.0,13
2023-05-10 21:06:58,au2312C408,au2312C408,52.22,0.0,0.0,0.0,1,30.88,73.7,1,52.22,0.0,0.0,0.0,0.0,0.0,13
2023-05-10 21:06:59,au2312C408,au2312C408,52.22,0.0,0.0,0.0,1,30.9,73.7,1,52.22,0.0,0.0,0.0,0.0,0.0,13
2023-05-10 21:06:59,au2312C408,au2312C408,52.22,0.0,0.0,0.0,1,30.96,73.68,1,52.22,0.0,0.0,0.0,0.0,0.0,13
2023-05-10 21:07:00,au2312C408,au2312C408,52.22,0.0,0.0,0.0,1,30.96,73.62,1,52.22,0.0,0.0,0.0,0.0,0.0,13
2023-05-10 21:07:00,au2312C408,au2312C408,52.22,0.0,0.0,0.0,1,30.98,73.62,1,52.22,0.0,0.0,0.0,0.0,0.0,13
2023-05-10 21:07:01,au2312C408,au2312C408,52.22,0.0,0.0,0.0,1,30.98,73.6,1,52.22,0.0,0.0,0.0,0.0,0.0,13
2023-05-10 21:07:01,au2312C408,au2312C408,52.22,0.0,0.0,0.0,1,31.04,73.54,1,52.22,0.0,0.0,0.0,0.0,0.0,13
2023-05-10 21:07:02,au2312C408,au2312C408,52.22,0.0,0.0,0.0,1,31.04,73.54,1,52.22,0.0,0.0,0.0,0.0,0.0,13
2023-05-10 21:07:02,au2312C408,au2312C408,52.22,0.0,0.0,0.0,1,31.06,73.52,1,52.22,0.0,0.0,0.0,0.0,0.0,13
2023-05-10 21:07:03,au2312C408,au2312C408,52.22,0.0,0.0,0.0,1,31.12,73.46,1,52.22,0.0,0.0,0.0,0.0,0.0,13
2023-05-10 21:07:04,au2312C408,au2312C408,52.22,0.0,0.0,0.0,1,31.12,73.46,1,52.22,0.0,0.0,0.0,0.0,0.0,13
2023-05-10 21:07:04,au2312C408,au2312C408,52.22,0.0,0.0,0.0,1,31.14,73.44,1,52.22,0.0,0.0,0.0,0.0,0.0,13
2023-05-10 21:07:05,au2312C408,au2312C408,52.22,0.0,0.0,0.0,1,31.2,73.38,1,52.22,0.0,0.0,0.0,0.0,0.0,13
2023-05-10 21:07:06,au2312C408,au2312C408,52.22,0.0,0.0,0.0,1,31.2,73.38,1,52.22,0.0,0.0,0.0,0.0,0.0,13
2023-05-10 21:07:06,au2312C408,au2312C408,52.22,0.0,0.0,0.0,1,31.22,73.36,1,52.22,0.0,0.0,0.0,0.0,0.0,13
2023-05-10 21:07:07,au2312C408,au2312C408,52.22,0.0,0.0,0.0,1,31.28,73.3,1,52.22,0.0,0.0,0.0,0.0,0.0,13
2023-05-10 21:07:08,au2312C408,au2312C408,52.22,0.0,0.0,0.0,1,31.28,73.3,1,52.22,0.0,0.0,0.0,0.0,0.0,13
2023-05-10 21:07:08,au2312C408,au2312C408,52.22,0.0,0.0,0.0,1,31.3,73.28,1,52.22,0.0,0.0,0.0,0.0,0.0,13
2023-05-10 21:07:09,au2312C408,au2312C408,52.22,0.0,0.0,0.0,1,31.36,73.22,1,52.22,0.0,0.0,0.0,0.0,0.0,13
2023-05-10 21:07:10,au2312C408,au2312C408,52.22,0.0,0.0,0.0,1,31.36,73.22,1,52.22,0.0,0.0,0.0,0.0,0.0,13
2023-05-10 21:07:10,au2312C408,au2312C408,52.22,0.0,0.0,0.0,1,31.38,73.2,1,52.22,0.0,0.0,0.0,0.0,0.0,13
2023-05-10 21:07:11,au2312C408,au2312C408,52.22,0.0,0.0,0.0,1,31.44,73.14,1,52.22,0.0,0.0,0.0,0.0,0.0,13
2023-05-10 21:07:12,au2312C408,au2312C408,52.22,0.0,0.0,0.0,1,31.44,73.14,1,52.22,0.0,0.0,0.0,0.0,0.0,13
2023-05-10 21:07:12,au2312C408,au2312C408,52.22,0.0,0.0,0.0,1,31.46,73.12,1,52.22,0.0,0.0,0.0,0.0,0.0,13
2023-05-10 21:07:13,au2312C408,au2312C408,52.22,0.0,0.0,0.0,1,31.52,73.06,1,52.22,0.0,0.0,0.0,0.0,0.0,13
2023-05-10 21:07:14,au2312C408,au2312C408,52.22,0.0,0.0,0.0,1,31.52,73.06,1,52.22,0.0,0.0,0.0,0.0,0.0,13
2023-05-10 21:07:14,au2312C408,au2312C408,52.22,0.0,0.0,0.0,1,31.54,73.04,1,52.22,0.0,0.0,0.0,0.0,0.0,13
2023-05-10 21:07:15,au2312C408,au2312C408,52.22,0.0,0.0,0.0,1,31.6,72.98,1,52.22,0.0,0.0,0.0,0.0,0.0,13
2023-05-10 21:07:16,au2312C408,au2312C408,52.22,0.0,0.0,0.0,1,31.6,72.98,1,52.22,0.0,0.0,0.0,0.0,0.0,13
2023-05-10 21:07:16,au2312C408,au2312C408,52.22,0.0,0.0,0.0,1,31.62,72.96,1,52.22,0.0,0.0,0.0,0.0,0.0,13
2023-05-10 21:07:17,au2312C408,au2312C408,52.22,0.0,0.0,0.0,1,31.68,72.9,1,52.22,0.0,0.0,0.0,0.0,0.0,13
2023-05-10 21:07:18,au2312C408,au2312C408,52.22,0.0,0.0,0.0,1,31.68,72.9,1,52.22,0.0,0.0,0.0,0.0,0.0,13
2023-05-10 21:07:18,au2312C408,au2312C408,52.22,0.0,0.0,0.0,1,31.7,72.88,1,52.22,0.0,0.0,0.0,0.0,0.0,13
2023-05-10 21:07:19,au2312C408,au2312C408,52.22,0.0,0.0,0.0,1,31.76,72.82,1,52.22,0.0,0.0,0.0,0.0,0.0,13
2023-05-10 21:07:20,au2312C408,au2312C408,52.22,0.0,0.0,0.0,1,31.76,72.82,1,52.22,0.0,0.0,0.0,0.0,0.0,13
2023-05-10 21:07:20,au2312C408,au2312C408,52.22,0.0,0.0,0.0,1,31.78,72.8,1,52.22,0.0,0.0,0.0,0.0,0.0,13
2023-05-10 21:07:21,au2312C408,au2312C408,52.22,0.0,0.0,0.0,1,31.84,72.74,1,52.22,0.0,0.0,0.0,0.0,0.0,13
2023-05-10 21:07:22,au2312C408,au2312C408,52.22,0.0,0.0,0.0,1,31.84,72.74,1,52.22,0.0,0.0,0.0,0.0,0.0,13
2023-05-10 21:07:22,au2312C408,au2312C408,52.22,0.0,0.0,0.0,1,31.86,72.72,1,52.22,0.0,0.0,0.0,0.0,0.0,13
2023-05-10 21:07:23,au2312C408,au2312C408,52.22,0.0,0.0,0.0,1,31.92,72.66,1,52.22,0.0,0.0,0.0,0.0,0.0,13
2023-05-10 21:07:24,au2312C408,au2312C408,52.22,0.0,0.0,0.0,1,31.92,72.66,1,52.22,0.0,0.0,0.0,0.0,0.0,13
2023-05-10 21:07:24,au2312C408,au2312C408,52.22,0.0,0.0,0.0,1,31.94,72.64,1,52.22,0.0,0.0,0.0,0.0,0.0,13
2023-05-10 21:07:25,au2312C408,au2312C408,52.22,0.0,0.0,0.0,1,32.0,72.58,1,52.22,0.0,0.0,0.0,0.0,0.0,13
2023-05-10 21:07:26,au2312C408,au2312C408,52.22,0.0,0.0,0.0,1,32.0,72.58,1,52.22,0.0,0.0,0.0,0.0,0.0,13
2023-05-10 21:07:26,au2312C408,au2312C408,52.22,0.0,0.0,0.0,1,32.02,72.56,1,52.22,0.0,0.0,0.0,0.0,0.0,13
2023-05-10 21:07:27,au2312C408,au2312C408,52.22,0.0,0.0,0.0,1,32.08,72.5,1,52.22,0.0,0.0,0.0,0.0,0.0,13
2023-05-10 21:07:28,au2312C408,au2312C408,52.22,0.0,0.0,0.0,1,32.08,72.5,1,52.22,0.0,0.0,0.0,0.0,0.0,13
2023-05-10 21:07:28,au2312C408,au2312C408,52.22,0.0,0.0,0.0,1,32.1,72.48,1,52.22,0.0,0.0,0.0,0.0,0.0,13
2023-05-10 21:07:29,au2312C408,au2312C408,52.22,0.0,0.0,0.0,1,32.16,72.42,1,52.22,0.0,0.0,0.0,0.0,0.0,13
2023-05-10 21:07:30,au2312C408,au2312C408,52.22,0.0,0.0,0.0,1,32.16,72.42,1,52.22,0.0,0.0,0.0,0.0,0.0,13
2023-05-10 21:07:30,au2312C408,au2312C408,52.22,0.0,0.0,0.0,1,32.18,72.4,1,52.22,0.0,0.0,0.0,0.0,0.0,13
2023-05-10 21:07:31,au2312C408,au2312C408,52.22,0.0,0.0,0.0,1,32.24,72.34,1,52.22,0.0,0.0,0.0,0.0,0.0,13
2023-05-10 21:07:32,au2312C408,au2312C408,52.22,0.0,0.0,0.0,1,32.24,72.34,1,52.22,0.0,0.0,0.0,0.0,0.0,13
2023-05-10 21:07:32,au2312C408,au2312C408,52.22,0.0,0.0,0.0,1,32.26,72.32,1,52.22,0.0,0.0,0.0,0.0,0.0,13
2023-05-10 21:07:33,au2312C408,au2312C408,52.22,0.0,0.0,0.0,1,32.32,72.26,1,52.22,0.0,0.0,0.0,0.0,0.0,13
2023-05-10 21:07:34,au2312C408,au2312C408,52.22,0.0,0.0,0.0,1,32.32,72.26,1,52.22,0.0,0.0,0.0,0.0,0.0,13
2023-05-10 21:07:34,au2312C408,au2312C408,52.22,0.0,0.0,0.0,1,32.34,72.24,1,52.22,0.0,0.0,0.0,0.0,0.0,13
2023-05-10 21:07:35,au2312C408,au2312C408,52.22,0.0,0.0,0.0,1,32.4,72.18,1,52.22,0.0,0.0,0.0,0.0,0.0,13
2023-05-10 21:07:36,au2312C408,au2312C408,52.22,0.0,0.0,0.0,1,32.4,72.18,1,52.22,0.0,0.0,0.0,0.0,0.0,13
2023-05-10 21:07:36,au2312C408,au2312C408,52.22,0.0,0.0,0.0,1,32.42,72.16,1,52.22,0.0,0.0,0.0,0.0,0.0,13
2023-05-10 21:07:37,au2312C408,au2312C408,52.22,0.0,0.0,0.0,1,32.48,72.1,1,52.22,0.0,0.0,0.0,0.0,0.0,13
2023-05-10 21:07:38,au2312C408,au2312C408,52.22,0.0,0.0,0.0,1,32.48,72.1,1,52.22,0.0,0.0,0.0,0.0,0.0,13
2023-05-10 21:07:38,au2312C408,au2312C408,52.22,0.0,0.0,0.0,1,32.5,72.08,1,52.22,0.0,0.0,0.0,0.0,0.0,13
2023-05-10 21:07:39,au2312C408,au2312C408,52.22,0.0,0.0,0.0,1,32.56,72.02,1,52.22,0.0,0.0,0.0,0.0,0.0,13
2023-05-10 21:07:40,au2312C408,au2312C408,52.22,0.0,0.0,0.0,1,32.56,72.02,1,52.22,0.0,0.0,0.0,0.0,0.0,13
2023-05-10 21:07:40,au2312C408,au2312C408,52.22,0.0,0.0,0.0,1,32.58,72.0,1,52.22,0.0,0.0,0.0,0.0,0.0,13
2023-05-10 21:07:41,au2312C408,au2312C408,52.22,0.0,0.0,0.0,1,32.64,71.94,1,52.22,0.0,0.0,0.0,0.0,0.0,13
2023-05-10 21:07:42,au2312C408,au2312C408,52.22,0.0,0.0,0.0,1,32.64,71.94,1,52.22,0.0,0.0,0.0,0.0,0.0,13
2023-05-10 21:07:42,au2312C408,au2312C408,52.22,0.0,0.0,0.0,1,32.66,71.92,1,52.22,0.0,0.0,0.0,0.0,0.0,13
2023-05-10 21:07:43,au2312C408,au2312C408,52.22,0.0,0.0,0.0,1,32.72,71.86,1,52.22,0.0,0.0,0.0,0.0,0.0,13
2023-05-10 21:07:44,au2312C408,au2312C408,52.22,0.0,0.0,0.0,1,32.72,71.86,1,52.22,0.0,0.0,0.0,0.0,0.0,13
2023-05-10 21:07:44,au2312C408,au2312C408,52.22,0.0,0.0,0.0,1,32.74,71.84,1,52.22,0.0,0.0,0.0,0.0,0.0,13
2023-05-10 21:07:45,au2312C408,au2312C408,52.22,0.0,0.0,0.0,1,32.8,71.78,1,52.22,0.0,0.0,0.0,0.0,0.0,13
2023-05-10 21:07:46,au2312C408,au2312C408,52.22,0.0,0.0,0.0,1,32.8,71.78,1,52.22,0.0,0.0,0.0,0.0,0.0,13
2023-05-10 21:07:46,au2312C408,au2312C408,52.22,0.0,0.0,0.0,1,32.82,71.76,1,52.22,0.0,0.0,0.0,0.0,0.0,13
2023-05-10 21:07:47,au2312C408,au2312C408,52.22,0.0,0.0,0.0,1,32.88,71.7,1,52.22,0.0,0.0,0.0,0.0,0.0,13
2023-05-10 21:07:48,au2312C408,au2312C408,52.22,0.0,0.0,0.0,1,32.88,71.7,1,52.22,0.0,0.0,0.0,0.0,0.0,13
2023-05-10 21:07:48,au2312C408,au2312C408,52.22,0.0,0.0,0.0,1,32.9,71.68,1,52.22,0.0,0.0,0.0,0.0,0.0,13
2023-05-10 21:07:49,au2312C408,au2312C408,52.22,0.0,0.0,0.0,1,32.9,71.68,1,52.22,0.0,0.0,0.0,0.0,0.0,13
2023-05-10 21:07:50,au2312C408,au2312C408,52.22,0.0,0.0,0.0,1,32.96,71.62,1,52.22,0.0,0.0,0.0,0.0,0.0,13
2023-05-10 21:07:51,au2312C408,au2312C408,52.22,0.0,0.0,0.0,1,32.96,71.62,1,52.22,0.0,0.0,0.0,0.0,0.0,13
2023-05-10 21:07:51,au2312C408,au2312C408,52.22,0.0,0.0,0.0,1,32.98,71.6,1,52.22,0.0,0.0,0.0,0.0,0.0,13
2023-05-10 21:07:52,au2312C408,au2312C408,52.22,0.0,0.0,0.0,1,33.04,71.54,1,52.22,0.0,0.0,0.0,0.0,0.0,13
2023-05-10 21:07:53,au2312C408,au2312C408,52.22,0.0,0.0,0.0,1,33.04,71.54,1,52.22,0.0,0.0,0.0,0.0,0.0,13
2023-05-10 21:07:53,au2312C408,au2312C408,52.22,0.0,0.0,0.0,1,33.06,71.52,1,52.22,0.0,0.0,0.0,0.0,0.0,13
2023-05-10 21:07:54,au2312C408,au2312C408,52.22,0.0,0.0,0.0,1,33.12,71.46,1,52.22,0.0,0.0,0.0,0.0,0.0,13
2023-05-10 21:07:55,au2312C408,au2312C408,52.22,0.0,0.0,0.0,1,33.12,71.46,1,52.22,0.0,0.0,0.0,0.0,0.0,13
2023-05-10 21:07:55,au2312C408,au2312C408,52.22,0.0,0.0,0.0,1,33.14,71.44,1,52.22,0.0,0.0,0.0,0.0,0.0,13
2023-05-10 21:07:56,au2312C408,au2312C408,52.22,0.0,0.0,0.0,1,33.2,71.38,1,52.22,0.0,0.0,0.0,0.0,0.0,13
2023-05-10 21:07:57,au2312C408,au2312C408,52.22,0.0,0.0,0.0,1,33.2,71.38,1,52.22,0.0,0.0,0.0,0.0,0.0,13
2023-05-10 21:07:57,au2312C408,au2312C408,52.22,0.0,0.0,0.0,1,33.22,71.36,1,52.22,0.0,0.0,0.0,0.0,0.0,13
2023-05-10 21:07:58,au2312C408,au2312C408,52.22,0.0,0.0,0.0,1,33.28,71.3,1,52.22,0.0,0.0,0.0,0.0,0.0,13
2023-05-10 21:07:59,au2312C408,au2312C408,52.22,0.0,0.0,0.0,1,33.28,71.3,1,52.22,0.0,0.0,0.0,0.0,0.0,13
2023-05-10 21:07:59,au2312C408,au2312C408,52.22,0.0,0.0,0.0,1,33.3,71.28,1,52.22,0.0,0.0,0.0,0.0,0.0,13
2023-05-10 21:08:00,au2312C408,au2312C408,52.22,0.0,0.0,0.0,1,33.36,71.28,1,52.22,0.0,0.0,0.0,0.0,0.0,13
2023-05-10 21:08:00,au2312C408,au2312C408,52.22,0.0,0.0,0.0,1,33.36,71.22,1,52.22,0.0,0.0,0.0,0.0,0.0,13
2023-05-10 21:08:01,au2312C408,au2312C408,52.22,0.0,0.0,0.0,1,33.38,71.22,1,52.22,0.0,0.0,0.0,0.0,0.0,13
2023-05-10 21:08:01,au2312C408,au2312C408,52.22,0.0,0.0,0.0,1,33.44,71.2,1,52.22,0.0,0.0,0.0,0.0,0.0,13
2023-05-10 21:08:02,au2312C408,au2312C408,52.22,0.0,0.0,0.0,1,33.44,71.14,1,52.22,0.0,0.0,0.0,0.0,0.0,13
2023-05-10 21:08:02,au2312C408,au2312C408,52.22,0.0,0.0,0.0,1,33.46,71.14,1,52.22,0.0,0.0,0.0,0.0,0.0,13
2023-05-10 21:08:03,au2312C408,au2312C408,52.22,0.0,0.0,0.0,1,33.46,71.12,1,52.22,0.0,0.0,0.0,0.0,0.0,13
2023-05-10 21:08:03,au2312C408,au2312C408,52.22,0.0,0.0,0.0,1,33.52,71.06,1,52.22,0.0,0.0,0.0,0.0,0.0,13
2023-05-10 21:08:04,au2312C408,au2312C408,52.22,0.0,0.0,0.0,1,33.52,71.06,1,52.22,0.0,0.0,0.0,0.0,0.0,13
2023-05-10 21:08:04,au2312C408,au2312C408,52.22,0.0,0.0,0.0,1,33.54,71.04,1,52.22,0.0,0.0,0.0,0.0,0.0,13
2023-05-10 21:08:05,au2312C408,au2312C408,52.22,0.0,0.0,0.0,1,33.6,70.98,1,52.22,0.0,0.0,0.0,0.0,0.0,13
2023-05-10 21:08:06,au2312C408,au2312C408,52.22,0.0,0.0,0.0,1,33.6,70.98,1,52.22,0.0,0.0,0.0,0.0,0.0,13
2023-05-10 21:08:06,au2312C408,au2312C408,52.22,0.0,0.0,0.0,1,33.62,70.96,1,52.22,0.0,0.0,0.0,0.0,0.0,13
2023-05-10 21:08:07,au2312C408,au2312C408,52.22,0.0,0.0,0.0,1,33.68,70.9,1,52.22,0.0,0.0,0.0,0.0,0.0,13
2023-05-10 21:08:08,au2312C408,au2312C408,52.22,0.0,0.0,0.0,1,33.68,70.9,1,52.22,0.0,0.0,0.0,0.0,0.0,13
2023-05-10 21:08:08,au2312C408,au2312C408,52.22,0.0,0.0,0.0,1,33.7,70.88,1,52.22,0.0,0.0,0.0,0.0,0.0,13
2023-05-10 21:08:09,au2312C408,au2312C408,52.22,0.0,0.0,0.0,1,33.76,70.82,1,52.22,0.0,0.0,0.0,0.0,0.0,13
2023-05-10 21:08:10,au2312C408,au2312C408,52.22,0.0,0.0,0.0,1,33.76,70.82,1,52.22,0.0,0.0,0.0,0.0,0.0,13
2023-05-10 21:08:10,au2312C408,au2312C408,52.22,0.0,0.0,0.0,1,33.78,70.8,1,52.22,0.0,0.0,0.0,0.0,0.0,13
2023-05-10 21:08:11,au2312C408,au2312C408,52.22,0.0,0.0,0.0,1,33.84,70.74,1,52.22,0.0,0.0,0.0,0.0,0.0,13
2023-05-10 21:08:12,au2312C408,au2312C408,52.22,0.0,0.0,0.0,1,33.84,70.74,1,52.22,0.0,0.0,0.0,0.0,0.0,13
2023-05-10 21:08:12,au2312C408,au2312C408,52.22,0.0,0.0,0.0,1,33.86,70.72,1,52.22,0.0,0.0,0.0,0.0,0.0,13
2023-05-10 21:08:13,au2312C408,au2312C408,52.22,0.0,0.0,0.0,1,33.92,70.66,1,52.22,0.0,0.0,0.0,0.0,0.0,13
2023-05-10 21:08:14,au2312C408,au2312C408,52.22,0.0,0.0,0.0,1,33.92,70.66,1,52.22,0.0,0.0,0.0,0.0,0.0,13
2023-05-10 21:08:14,au2312C408,au2312C408,52.22,0.0,0.0,0.0,1,33.94,70.64,1,52.22,0.0,0.0,0.0,0.0,0.0,13
2023-05-10 21:08:15,au2312C408,au2312C408,52.22,0.0,0.0,0.0,1,34.0,70.58,1,52.22,0.0,0.0,0.0,0.0,0.0,13
2023-05-10 21:08:16,au2312C408,au2312C408,52.22,0.0,0.0,0.0,1,34.0,70.58,1,52.22,0.0,0.0,0.0,0.0,0.0,13
2023-05-10 21:08:16,au2312C408,au2312C408,52.22,0.0,0.0,0.0,1,34.02,70.56,1,52.22,0.0,0.0,0.0,0.0,0.0,13
2023-05-10 21:08:17,au2312C408,au2312C408,52.22,0.0,0.0,0.0,1,34.08,70.5,1,52.22,0.0,0.0,0.0,0.0,0.0,13
2023-05-10 21:08:18,au2312C408,au2312C408,52.22,0.0,0.0,0.0,1,34.08,70.5,1,52.22,0.0,0.0,0.0,0.0,0.0,13
2023-05-10 21:08:18,au2312C408,au2312C408,52.22,0.0,0.0,0.0,1,34.1,70.48,1,52.22,0.0,0.0,0.0,0.0,0.0,13
2023-05-10 21:08:19,au2312C408,au2312C408,52.22,0.0,0.0,0.0,1,34.16,70.42,1,52.22,0.0,0.0,0.0,0.0,0.0,13
2023-05-10 21:08:20,au2312C408,au2312C408,52.22,0.0,0.0,0.0,1,34.16,70.42,1,52.22,0.0,0.0,0.0,0.0,0.0,13
2023-05-10 21:08:20,au2312C408,au2312C408,52.22,0.0,0.0,0.0,1,34.18,70.4,1,52.22,0.0,0.0,0.0,0.0,0.0,13
2023-05-10 21:08:21,au2312C408,au2312C408,52.22,0.0,0.0,0.0,1,34.24,70.34,1,52.22,0.0,0.0,0.0,0.0,0.0,13
2023-05-10 21:08:22,au2312C408,au2312C408,52.22,0.0,0.0,0.0,1,34.24,70.34,1,52.22,0.0,0.0,0.0,0.0,0.0,13
2023-05-10 21:08:22,au2312C408,au2312C408,52.22,0.0,0.0,0.0,1,34.26,70.32,1,52.22,0.0,0.0,0.0,0.0,0.0,13
2023-05-10 21:08:23,au2312C408,au2312C408,52.22,0.0,0.0,0.0,1,34.32,70.26,1,52.22,0.0,0.0,0.0,0.0,0.0,13
2023-05-10 21:08:24,au2312C408,au2312C408,52.22,0.0,0.0,0.0,1,34.32,70.26,1,52.22,0.0,0.0,0.0,0.0,0.0,13
2023-05-10 21:08:24,au2312C408,au2312C408,52.22,0.0,0.0,0.0,1,34.34,70.24,1,52.22,0.0,0.0,0.0,0.0,0.0,13
2023-05-10 21:08:25,au2312C408,au2312C408,52.22,0.0,0.0,0.0,1,34.4,70.18,1,52.22,0.0,0.0,0.0,0.0,0.0,13
2023-05-10 21:08:26,au2312C408,au2312C408,52.22,0.0,0.0,0.0,1,34.4,70.18,1,52.22,0.0,0.0,0.0,0.0,0.0,13
2023-05-10 21:08:26,au2312C408,au2312C408,52.22,0.0,0.0,0.0,1,34.42,70.16,1,52.22,0.0,0.0,0.0,0.0,0.0,13
2023-05-10 21:08:27,au2312C408,au2312C408,52.22,0.0,0.0,0.0,1,34.48,70.1,1,52.22,0.0,0.0,0.0,0.0,0.0,13
2023-05-10 21:08:28,au2312C408,au2312C408,52.22,0.0,0.0,0.0,1,34.48,70.1,1,52.22,0.0,0.0,0.0,0.0,0.0,13
2023-05-10 21:08:28,au2312C408,au2312C408,52.22,0.0,0.0,0.0,1,34.5,70.08,1,52.22,0.0,0.0,0.0,0.0,0.0,13
2023-05-10 21:08:29,au2312C408,au2312C408,52.22,0.0,0.0,0.0,1,34.56,70.02,1,52.22,0.0,0.0,0.0,0.0,0.0,13
2023-05-10 21:08:30,au2312C408,au2312C408,52.22,0.0,0.0,0.0,1,34.56,70.02,1,52.22,0.0,0.0,0.0,0.0,0.0,13
2023-05-10 21:08:30,au2312C408,au2312C408,52.22,0.0,0.0,0.0,1,34.58,70.0,1,52.22,0.0,0.0,0.0,0.0,0.0,13
2023-05-10 21:08:31,au2312C408,au2312C408,52.22,0.0,0.0,0.0,1,34.64,69.94,1,52.22,0.0,0.0,0.0,0.0,0.0,13
2023-05-10 21:08:31,au2312C408,au2312C408,52.22,0.0,0.0,0.0,1,34.64,69.94,1,52.22,0.0,0.0,0.0,0.0,0.0,13
2023-05-10 21:08:32,au2312C408,au2312C408,52.22,0.0,0.0,0.0,1,34.66,69.92,1,52.22,0.0,0.0,0.0,0.0,0.0,13
2023-05-10 21:08:32,au2312C408,au2312C408,52.22,0.0,0.0,0.0,1,34.72,69.86,1,52.22,0.0,0.0,0.0,0.0,0.0,13
2023-05-10 21:08:33,au2312C408,au2312C408,52.22,0.0,0.0,0.0,1,34.72,69.86,1,52.22,0.0,0.0,0.0,0.0,0.0,13
2023-05-10 21:08:33,au2312C408,au2312C408,52.22,0.0,0.0,0.0,1,34.74,69.84,1,52.22,0.0,0.0,0.0,0.0,0.0,13
2023-05-10 21:08:34,au2312C408,au2312C408,52.22,0.0,0.0,0.0,1,34.8,69.78,1,52.22,0.0,0.0,0.0,0.0,0.0,13
2023-05-10 21:08:35,au2312C408,au2312C408,52.22,0.0,0.0,0.0,1,34.8,69.78,1,52.22,0.0,0.0,0.0,0.0,0.0,13
2023-05-10 21:08:35,au2312C408,au2312C408,52.22,0.0,0.0,0.0,1,34.82,69.76,1,52.22,0.0,0.0,0.0,0.0,0.0,13
2023-05-10 21:08:36,au2312C408,au2312C408,52.22,0.0,0.0,0.0,1,34.88,69.7,1,52.22,0.0,0.0,0.0,0.0,0.0,13
2023-05-10 21:08:36,au2312C408,au2312C408,52.22,0.0,0.0,0.0,1,34.88,69.7,1,52.22,0.0,0.0,0.0,0.0,0.0,13
2023-05-10 21:08:37,au2312C408,au2312C408,52.22,0.0,0.0,0.0,1,34.9,69.68,1,52.22,0.0,0.0,0.0,0.0,0.0,13
2023-05-10 21:08:37,au2312C408,au2312C408,52.22,0.0,0.0,0.0,1,34.96,69.62,1,52.22,0.0,0.0,0.0,0.0,0.0,13
2023-05-10 21:08:38,au2312C408,au2312C408,52.22,0.0,0.0,0.0,1,34.98,69.6,1,52.22,0.0,0.0,0.0,0.0,0.0,13
2023-05-10 21:08:38,au2312C408,au2312C408,52.22,0.0,0.0,0.0,1,34.98,69.6,1,52.22,0.0,0.0,0.0,0.0,0.0,13
2023-05-10 21:08:39,au2312C408,au2312C408,52.22,0.0,0.0,0.0,1,35.04,69.54,1,52.22,0.0,0.0,0.0,0.0,0.0,13
2023-05-10 21:08:40,au2312C408,au2312C408,52.22,0.0,0.0,0.0,1,35.04,69.54,1,52.22,0.0,0.0,0.0,0.0,0.0,13
2023-05-10 21:08:40,au2312C408,au2312C408,52.22,0.0,0.0,0.0,1,35.06,69.52,1,52.22,0.0,0.0,0.0,0.0,0.0,13
2023-05-10 21:08:41,au2312C408,au2312C408,52.22,0.0,0.0,0.0,1,35.12,69.46,1,52.22,0.0,0.0,0.0,0.0,0.0,13
2023-05-10 21:08:41,au2312C408,au2312C408,52.22,0.0,0.0,0.0,1,35.12,69.46,1,52.22,0.0,0.0,0.0,0.0,0.0,13
2023-05-10 21:08:42,au2312C408,au2312C408,52.22,0.0,0.0,0.0,1,35.14,69.44,1,52.22,0.0,0.0,0.0,0.0,0.0,13
2023-05-10 21:08:42,au2312C408,au2312C408,52.22,0.0,0.0,0.0,1,35.2,69.38,1,52.22,0.0,0.0,0.0,0.0,0.0,13
2023-05-10 21:08:43,au2312C408,au2312C408,52.22,0.0,0.0,0.0,1,35.2,69.38,1,52.22,0.0,0.0,0.0,0.0,0.0,13
2023-05-10 21:08:43,au2312C408,au2312C408,52.22,0.0,0.0,0.0,1,35.22,69.36,1,52.22,0.0,0.0,0.0,0.0,0.0,13
2023-05-10 21:08:44,au2312C408,au2312C408,52.22,0.0,0.0,0.0,1,35.28,69.3,1,52.22,0.0,0.0,0.0,0.0,0.0,13
2023-05-10 21:08:44,au2312C408,au2312C408,52.22,0.0,0.0,0.0,1,35.28,69.3,1,52.22,0.0,0.0,0.0,0.0,0.0,13
2023-05-10 21:08:45,au2312C408,au2312C408,52.22,0.0,0.0,0.0,1,35.3,69.28,1,52.22,0.0,0.0,0.0,0.0,0.0,13
2023-05-10 21:08:45,au2312C408,au2312C408,52.22,0.0,0.0,0.0,1,35.36,69.22,1,52.22,0.0,0.0,0.0,0.0,0.0,13
2023-05-10 21:08:46,au2312C408,au2312C408,52.22,0.0,0.0,0.0,1,35.36,69.22,1,52.22,0.0,0.0,0.0,0.0,0.0,13
2023-05-10 21:08:46,au2312C408,au2312C408,52.22,0.0,0.0,0.0,1,35.38,69.2,1,52.22,0.0,0.0,0.0,0.0,0.0,13
2023-05-10 21:08:47,au2312C408,au2312C408,52.22,0.0,0.0,0.0,1,35.44,69.14,1,52.22,0.0,0.0,0.0,0.0,0.0,13
2023-05-10 21:08:47,au2312C408,au2312C408,52.22,0.0,0.0,0.0,1,35.44,69.14,1,52.22,0.0,0.0,0.0,0.0,0.0,13
2023-05-10 21:08:48,au2312C408,au2312C408,52.22,0.0,0.0,0.0,1,35.46,69.12,1,52.22,0.0,0.0,0.0,0.0,0.0,13
2023-05-10 21:08:48,au2312C408,au2312C408,52.22,0.0,0.0,0.0,1,35.52,69.06,1,52.22,0.0,0.0,0.0,0.0,0.0,13
2023-05-10 21:08:49,au2312C408,au2312C408,52.22,0.0,0.0,0.0,1,35.52,69.06,1,52.22,0.0,0.0,0.0,0.0,0.0,13
2023-05-10 21:08:49,au2312C408,au2312C408,52.22,0.0,0.0,0.0,1,35.54,69.04,1,52.22,0.0,0.0,0.0,0.0,0.0,13
2023-05-10 21:08:50,au2312C408,au2312C408,52.22,0.0,0.0,0.0,1,35.6,68.98,1,52.22,0.0,0.0,0.0,0.0,0.0,13
2023-05-10 21:08:50,au2312C408,au2312C408,52.22,0.0,0.0,0.0,1,35.6,68.98,1,52.22,0.0,0.0,0.0,0.0,0.0,13
2023-05-10 21:08:51,au2312C408,au2312C408,52.22,0.0,0.0,0.0,1,35.62,68.96,1,52.22,0.0,0.0,0.0,0.0,0.0,13
2023-05-10 21:08:51,au2312C408,au2312C408,52.22,0.0,0.0,0.0,1,35.68,68.9,1,52.22,0.0,0.0,0.0,0.0,0.0,13
2023-05-10 21:08:52,au2312C408,au2312C408,52.22,0.0,0.0,0.0,1,35.68,68.9,1,52.22,0.0,0.0,0.0,0.0,0.0,13
2023-05-10 21:08:52,au2312C408,au2312C408,52.22,0.0,0.0,0.0,1,35.7,68.88,1,52.22,0.0,0.0,0.0,0.0,0.0,13
2023-05-10 21:08:53,au2312C408,au2312C408,52.22,0.0,0.0,0.0,1,35.76,68.82,1,52.22,0.0,0.0,0.0,0.0,0.0,13
2023-05-10 21:08:53,au2312C408,au2312C408,52.22,0.0,0.0,0.0,1,35.76,68.82,1,52.22,0.0,0.0,0.0,0.0,0.0,13
2023-05-10 21:08:54,au2312C408,au2312C408,52.22,0.0,0.0,0.0,1,35.78,68.8,1,52.22,0.0,0.0,0.0,0.0,0.0,13
2023-05-10 21:08:54,au2312C408,au2312C408,52.22,0.0,0.0,0.0,1,35.84,68.74,1,52.22,0.0,0.0,0.0,0.0,0.0,13
2023-05-10 21:08:55,au2312C408,au2312C408,52.22,0.0,0.0,0.0,1,35.84,68.74,1,52.22,0.0,0.0,0.0,0.0,0.0,13
2023-05-10 21:08:55,au2312C408,au2312C408,52.22,0.0,0.0,0.0,1,35.86,68.72,1,52.22,0.0,0.0,0.0,0.0,0.0,13
2023-05-10 21:08:56,au2312C408,au2312C408,52.22,0.0,0.0,0.0,1,35.92,68.66,1,52.22,0.0,0.0,0.0,0.0,0.0,13
2023-05-10 21:08:56,au2312C408,au2312C408,52.22,0.0,0.0,0.0,1,35.92,68.66,1,52.22,0.0,0.0,0.0,0.0,0.0,13
2023-05-10 21:08:57,au2312C408,au2312C408,52.22,0.0,0.0,0.0,1,35.94,68.64,1,52.22,0.0,0.0,0.0,0.0,0.0,13
2023-05-10 21:08:57,au2312C408,au2312C408,52.22,0.0,0.0,0.0,1,36.0,68.58,1,52.22,0.0,0.0,0.0,0.0,0.0,13
2023-05-10 21:08:58,au2312C408,au2312C408,52.22,0.0,0.0,0.0,1,36.0,68.58,1,52.22,0.0,0.0,0.0,0.0,0.0,13
2023-05-10 21:08:58,au2312C408,au2312C408,52.22,0.0,0.0,0.0,1,36.02,68.56,1,52.22,0.0,0.0,0.0,0.0,0.0,13
2023-05-10 21:08:59,au2312C408,au2312C408,52.22,0.0,0.0,0.0,1,36.08,68.5,1,52.22,0.0,0.0,0.0,0.0,0.0,13
2023-05-10 21:08:59,au2312C408,au2312C408,52.22,0.0,0.0,0.0,1,36.08,68.5,1,52.22,0.0,0.0,0.0,0.0,0.0,13
2023-05-10 21:09:00,au2312C408,au2312C408,52.22,0.0,0.0,0.0,1,36.1,68.48,1,52.22,0.0,0.0,0.0,0.0,0.0,13
2023-05-10 21:09:00,au2312C408,au2312C408,52.22,0.0,0.0,0.0,1,36.16,68.42,1,52.22,0.0,0.0,0.0,0.0,0.0,13
2023-05-10 21:09:01,au2312C408,au2312C408,52.22,0.0,0.0,0.0,1,36.16,68.42,1,52.22,0.0,0.0,0.0,0.0,0.0,13
2023-05-10 21:09:01,au2312C408,au2312C408,52.22,0.0,0.0,0.0,1,36.18,68.4,1,52.22,0.0,0.0,0.0,0.0,0.0,13
2023-05-10 21:09:02,au2312C408,au2312C408,52.22,0.0,0.0,0.0,1,36.18,68.4,1,52.22,0.0,0.0,0.0,0.0,0.0,13
2023-05-10 21:09:03,au2312C408,au2312C408,52.22,0.0,0.0,0.0,1,36.24,68.34,1,52.22,0.0,0.0,0.0,0.0,0.0,13
2023-05-10 21:09:03,au2312C408,au2312C408,52.22,0.0,0.0,0.0,1,36.24,68.34,1,52.22,0.0,0.0,0.0,0.0,0.0,13
2023-05-10 21:09:04,au2312C408,au2312C408,52.22,0.0,0.0,0.0,1,36.26,68.32,1,52.22,0.0,0.0,0.0,0.0,0.0,13
2023-05-10 21:09:04,au2312C408,au2312C408,52.22,0.0,0.0,0.0,1,36.32,68.26,1,52.22,0.0,0.0,0.0,0.0,0.0,13
2023-05-10 21:09:05,au2312C408,au2312C408,52.22,0.0,0.0,0.0,1,36.32,68.26,1,52.22,0.0,0.0,0.0,0.0,0.0,13
2023-05-10 21:09:05,au2312C408,au2312C408,52.22,0.0,0.0,0.0,1,36.34,68.24,1,52.22,0.0,0.0,0.0,0.0,0.0,13
2023-05-10 21:09:06,au2312C408,au2312C408,52.22,0.0,0.0,0.0,1,36.4,68.18,1,52.22,0.0,0.0,0.0,0.0,0.0,13
2023-05-10 21:09:06,au2312C408,au2312C408,52.22,0.0,0.0,0.0,1,36.4,68.18,1,52.22,0.0,0.0,0.0,0.0,0.0,13
2023-05-10 21:09:07,au2312C408,au2312C408,52.22,0.0,0.0,0.0,1,36.42,68.16,1,52.22,0.0,0.0,0.0,0.0,0.0,13
2023-05-10 21:09:07,au2312C408,au2312C408,52.22,0.0,0.0,0.0,1,36.48,68.1,1,52.22,0.0,0.0,0.0,0.0,0.0,13
2023-05-10 21:09:08,au2312C408,au2312C408,52.22,0.0,0.0,0.0,1,36.48,68.1,1,52.22,0.0,0.0,0.0,0.0,0.0,13
2023-05-10 21:09:08,au2312C408,au2312C408,52.22,0.0,0.0,0.0,1,36.5,68.08,1,52.22,0.0,0.0,0.0,0.0,0.0,13
2023-05-10 21:09:09,au2312C408,au2312C408,52.22,0.0,0.0,0.0,1,36.56,68.02,1,52.22,0.0,0.0,0.0,0.0,0.0,13
2023-05-10 21:09:09,au2312C408,au2312C408,52.22,0.0,0.0,0.0,1,36.56,68.02,1,52.22,0.0,0.0,0.0,0.0,0.0,13
2023-05-10 21:09:10,au2312C408,au2312C408,52.22,0.0,0.0,0.0,1,36.58,68.0,1,52.22,0.0,0.0,0.0,0.0,0.0,13
2023-05-10 21:09:10,au2312C408,au2312C408,52.22,0.0,0.0,0.0,1,36.64,67.94,1,52.22,0.0,0.0,0.0,0.0,0.0,13
2023-05-10 21:09:11,au2312C408,au2312C408,52.22,0.0,0.0,0.0,1,36.64,67.94,1,52.22,0.0,0.0,0.0,0.0,0.0,13
2023-05-10 21:09:11,au2312C408,au2312C408,52.22,0.0,0.0,0.0,1,36.66,67.92,1,52.22,0.0,0.0,0.0,0.0,0.0,13
2023-05-10 21:09:12,au2312C408,au2312C408,52.22,0.0,0.0,0.0,1,36.72,67.86,1,52.22,0.0,0.0,0.0,0.0,0.0,13
2023-05-10 21:09:12,au2312C408,au2312C408,52.22,0.0,0.0,0.0,1,36.72,67.86,1,52.22,0.0,0.0,0.0,0.0,0.0,13
2023-05-10 21:09:13,au2312C408,au2312C408,52.22,0.0,0.0,0.0,1,36.74,67.84,1,52.22,0.0,0.0,0.0,0.0,0.0,13
2023-05-10 21:09:13,au2312C408,au2312C408,52.22,0.0,0.0,0.0,1,36.8,67.78,1,52.22,0.0,0.0,0.0,0.0,0.0,13
2023-05-10 21:09:14,au2312C408,au2312C408,52.22,0.0,0.0,0.0,1,36.8,67.78,1,52.22,0.0,0.0,0.0,0.0,0.0,13
2023-05-10 21:09:14,au2312C408,au2312C408,52.22,0.0,0.0,0.0,1,36.82,67.76,1,52.22,0.0,0.0,0.0,0.0,0.0,13
2023-05-10 21:09:15,au2312C408,au2312C408,52.22,0.0,0.0,0.0,1,36.88,67.7,1,52.22,0.0,0.0,0.0,0.0,0.0,13
2023-05-10 21:09:15,au2312C408,au2312C408,52.22,0.0,0.0,0.0,1,36.88,67.7,1,52.22,0.0,0.0,0.0,0.0,0.0,13
2023-05-10 21:09:16,au2312C408,au2312C408,52.22,0.0,0.0,0.0,1,36.9,67.68,1,52.22,0.0,0.0,0.0,0.0,0.0,13
2023-05-10 21:09:16,au2312C408,au2312C408,52.22,0.0,0.0,0.0,1,36.96,67.62,1,52.22,0.0,0.0,0.0,0.0,0.0,13
2023-05-10 21:09:17,au2312C408,au2312C408,52.22,0.0,0.0,0.0,1,36.96,67.62,1,52.22,0.0,0.0,0.0,0.0,0.0,13
2023-05-10 21:09:17,au2312C408,au2312C408,52.22,0.0,0.0,0.0,1,36.98,67.6,1,52.22,0.0,0.0,0.0,0.0,0.0,13
2023-05-10 21:09:18,au2312C408,au2312C408,52.22,0.0,0.0,0.0,1,37.04,67.54,1,52.22,0.0,0.0,0.0,0.0,0.0,13
2023-05-10 21:09:18,au2312C408,au2312C408,52.22,0.0,0.0,0.0,1,37.04,67.54,1,52.22,0.0,0.0,0.0,0.0,0.0,13
2023-05-10 21:09:19,au2312C408,au2312C408,52.22,0.0,0.0,0.0,1,37.06,67.52,1,52.22,0.0,0.0,0.0,0.0,0.0,13
2023-05-10 21:09:19,au2312C408,au2312C408,52.22,0.0,0.0,0.0,1,37.12,67.46,1,52.22,0.0,0.0,0.0,0.0,0.0,13
2023-05-10 21:09:20,au2312C408,au2312C408,52.22,0.0,0.0,0.0,1,37.12,67.46,1,52.22,0.0,0.0,0.0,0.0,0.0,13
2023-05-10 21:09:20,au2312C408,au2312C408,52.22,0.0,0.0,0.0,1,37.14,67.44,1,52.22,0.0,0.0,0.0,0.0,0.0,13
2023-05-10 21:09:21,au2312C408,au2312C408,52.22,0.0,0.0,0.0,1,37.2,67.38,1,52.22,0.0,0.0,0.0,0.0,0.0,13
2023-05-10 21:09:21,au2312C408,au2312C408,52.22,0.0,0.0,0.0,1,37.2,67.38,1,52.22,0.0,0.0,0.0,0.0,0.0,13
2023-05-10 21:09:22,au2312C408,au2312C408,52.22,0.0,0.0,0.0,1,37.22,67.36,1,52.22,0.0,0.0,0.0,0.0,0.0,13
2023-05-10 21:09:22,au2312C408,au2312C408,52.22,0.0,0.0,0.0,1,37.28,67.3,1,52.22,0.0,0.0,0.0,0.0,0.0,13
2023-05-10 21:09:23,au2312C408,au2312C408,52.22,0.0,0.0,0.0,1,37.28,67.3,1,52.22,0.0,0.0,0.0,0.0,0.0,13
2023-05-10 21:09:23,au2312C408,au2312C408,52.22,0.0,0.0,0.0,1,37.3,67.28,1,52.22,0.0,0.0,0.0,0.0,0.0,13
2023-05-10 21:09:24,au2312C408,au2312C408,52.22,0.0,0.0,0.0,1,37.36,67.22,1,52.22,0.0,0.0,0.0,0.0,0.0,13
2023-05-10 21:09:24,au2312C408,au2312C408,52.22,0.0,0.0,0.0,1,37.36,67.22,1,52.22,0.0,0.0,0.0,0.0,0.0,13
2023-05-10 21:09:25,au2312C408,au2312C408,52.22,0.0,0.0,0.0,1,37.38,67.2,1,52.22,0.0,0.0,0.0,0.0,0.0,13
2023-05-10 21:09:25,au2312C408,au2312C408,52.22,0.0,0.0,0.0,1,37.44,67.14,1,52.22,0.0,0.0,0.0,0.0,0.0,13
2023-05-10 21:09:26,au2312C408,au2312C408,52.22,0.0,0.0,0.0,1,37.44,67.14,1,52.22,0.0,0.0,0.0,0.0,0.0,13
2023-05-10 21:09:26,au2312C408,au2312C408,52.22,0.0,0.0,0.0,1,37.46,67.12,1,52.22,0.0,0.0,0.0,0.0,0.0,13
2023-05-10 21:09:27,au2312C408,au2312C408,52.22,0.0,0.0,0.0,1,37.52,67.06,1,52.22,0.0,0.0,0.0,0.0,0.0,13
2023-05-10 21:09:27,au2312C408,au2312C408,52.22,0.0,0.0,0.0,1,37.52,67.06,1,52.22,0.0,0.0,0.0,0.0,0.0,13
2023-05-10 21:09:28,au2312C408,au2312C408,52.22,0.0,0.0,0.0,1,37.54,67.04,1,52.22,0.0,0.0,0.0,0.0,0.0,13
2023-05-10 21:09:28,au2312C408,au2312C408,52.22,0.0,0.0,0.0,1,37.6,66.98,1,52.22,0.0,0.0,0.0,0.0,0.0,13
2023-05-10 21:09:29,au2312C408,au2312C408,52.22,0.0,0.0,0.0,1,37.6,66.98,1,52.22,0.0,0.0,0.0,0.0,0.0,13
2023-05-10 21:09:29,au2312C408,au2312C408,52.22,0.0,0.0,0.0,1,37.62,66.96,1,52.22,0.0,0.0,0.0,0.0,0.0,13
2023-05-10 21:09:30,au2312C408,au2312C408,52.22,0.0,0.0,0.0,1,37.68,66.9,1,52.22,0.0,0.0,0.0,0.0,0.0,13
2023-05-10 21:09:30,au2312C408,au2312C408,52.22,0.0,0.0,0.0,1,37.68,66.9,1,52.22,0.0,0.0,0.0,0.0,0.0,13
2023-05-10 21:09:31,au2312C408,au2312C408,52.22,0.0,0.0,0.0,1,37.7,66.88,1,52.22,0.0,0.0,0.0,0.0,0.0,13
2023-05-10 21:09:31,au2312C408,au2312C408,52.22,0.0,0.0,0.0,1,37.76,66.82,1,52.22,0.0,0.0,0.0,0.0,0.0,13
2023-05-10 21:09:32,au2312C408,au2312C408,52.22,0.0,0.0,0.0,1,37.76,66.82,1,52.22,0.0,0.0,0.0,0.0,0.0,13
2023-05-10 21:09:32,au2312C408,au2312C408,52.22,0.0,0.0,0.0,1,37.78,66.8,1,52.22,0.0,0.0,0.0,0.0,0.0,13
2023-05-10 21:09:33,au2312C408,au2312C408,52.22,0.0,0.0,0.0,1,37.84,66.74,1,52.22,0.0,0.0,0.0,0.0,0.0,13
2023-05-10 21:09:33,au2312C408,au2312C408,52.22,0.0,0.0,0.0,1,37.84,66.74,1,52.22,0.0,0.0,0.0,0.0,0.0,13
2023-05-10 21:09:34,au2312C408,au2312C408,52.22,0.0,0.0,0.0,1,37.86,66.72,1,52.22,0.0,0.0,0.0,0.0,0.0,13
2023-05-10 21:09:34,au2312C408,au2312C408,52.22,0.0,0.0,0.0,1,37.92,66.66,1,52.22,0.0,0.0,0.0,0.0,0.0,13
2023-05-10 21:09:35,au2312C408,au2312C408,52.22,0.0,0.0,0.0,1,37.92,66.66,1,52.22,0.0,0.0,0.0,0.0,0.0,13
2023-05-10 21:09:35,au2312C408,au2312C408,52.22,0.0,0.0,0.0,1,37.94,66.64,1,52.22,0.0,0.0,0.0,0.0,0.0,13
2023-05-10 21:09:36,au2312C408,au2312C408,52.22,0.0,0.0,0.0,1,38.0,66.58,1,52.22,0.0,0.0,0.0,0.0,0.0,13
2023-05-10 21:09:36,au2312C408,au2312C408,52.22,0.0,0.0,0.0,1,38.0,66.58,1,52.22,0.0,0.0,0.0,0.0,0.0,13
2023-05-10 21:09:37,au2312C408,au2312C408,52.22,0.0,0.0,0.0,1,38.02,66.56,1,52.22,0.0,0.0,0.0,0.0,0.0,13
2023-05-10 21:09:37,au2312C408,au2312C408,52.22,0.0,0.0,0.0,1,38.08,66.5,1,52.22,0.0,0.0,0.0,0.0,0.0,13
2023-05-10 21:09:38,au2312C408,au2312C408,52.22,0.0,0.0,0.0,1,38.08,66.5,1,52.22,0.0,0.0,0.0,0.0,0.0,13
2023-05-10 21:09:38,au2312C408,au2312C408,52.22,0.0,0.0,0.0,1,38.1,66.48,1,52.22,0.0,0.0,0.0,0.0,0.0,13
2023-05-10 21:09:39,au2312C408,au2312C408,52.22,0.0,0.0,0.0,1,38.16,66.42,1,52.22,0.0,0.0,0.0,0.0,0.0,13
2023-05-10 21:09:39,au2312C408,au2312C408,52.22,0.0,0.0,0.0,1,38.16,66.42,1,52.22,0.0,0.0,0.0,0.0,0.0,13
2023-05-10 21:09:40,au2312C408,au2312C408,52.22,0.0,0.0,0.0,1,38.18,66.4,1,52.22,0.0,0.0,0.0,0.0,0.0,13
2023-05-10 21:09:40,au2312C408,au2312C408,52.22,0.0,0.0,0.0,1,38.24,66.34,1,52.22,0.0,0.0,0.0,0.0,0.0,13
2023-05-10 21:09:41,au2312C408,au2312C408,52.22,0.0,0.0,0.0,1,38.24,66.34,1,52.22,0.0,0.0,0.0,0.0,0.0,13
2023-05-10 21:09:41,au2312C408,au2312C408,52.22,0.0,0.0,0.0,1,38.26,66.32,1,52.22,0.0,0.0,0.0,0.0,0.0,13
2023-05-10 21:09:42,au2312C408,au2312C408,52.22,0.0,0.0,0.0,1,38.32,66.26,1,52.22,0.0,0.0,0.0,0.0,0.0,13
2023-05-10 21:09:42,au2312C408,au2312C408,52.22,0.0,0.0,0.0,1,38.32,66.26,1,52.22,0.0,0.0,0.0,0.0,0.0,13
2023-05-10 21:09:43,au2312C408,au2312C408,52.22,0.0,0.0,0.0,1,38.34,66.24,1,52.22,0.0,0.0,0.0,0.0,0.0,13
2023-05-10 21:09:43,au2312C408,au2312C408,52.22,0.0,0.0,0.0,1,38.4,66.18,1,52.22,0.0,0.0,0.0,0.0,0.0,13
2023-05-10 21:09:44,au2312C408,au2312C408,52.22,0.0,0.0,0.0,1,38.4,66.18,1,52.22,0.0,0.0,0.0,0.0,0.0,13
2023-05-10 21:09:44,au2312C408,au2312C408,52.22,0.0,0.0,0.0,1,38.42,66.16,1,52.22,0.0,0.0,0.0,0.0,0.0,13
2023-05-10 21:09:45,au2312C408,au2312C408,52.22,0.0,0.0,0.0,1,38.48,66.1,1,52.22,0.0,0.0,0.0,0.0,0.0,13
2023-05-10 21:09:45,au2312C408,au2312C408,52.22,0.0,0.0,0.0,1,38.48,66.1,1,52.22,0.0,0.0,0.0,0.0,0.0,13
2023-05-10 21:09:46,au2312C408,au2312C408,52.22,0.0,0.0,0.0,1,38.5,66.08,1,52.22,0.0,0.0,0.0,0.0,0.0,13
2023-05-10 21:09:46,au2312C408,au2312C408,52.22,0.0,0.0,0.0,1,38.56,66.02,1,52.22,0.0,0.0,0.0,0.0,0.0,13
2023-05-10 21:09:47,au2312C408,au2312C408,52.22,0.0,0.0,0.0,1,38.56,66.02,1,52.22,0.0,0.0,0.0,0.0,0.0,13
2023-05-10 21:09:47,au2312C408,au2312C408,52.22,0.0,0.0,0.0,1,38.58,66.0,1,52.22,0.0,0.0,0.0,0.0,0.0,13
2023-05-10 21:09:48,au2312C408,au2312C408,52.22,0.0,0.0,0.0,1,38.64,65.94,1,52.22,0.0,0.0,0.0,0.0,0.0,13
2023-05-10 21:09:48,au2312C408,au2312C408,52.22,0.0,0.0,0.0,1,38.64,65.94,1,52.22,0.0,0.0,0.0,0.0,0.0,13
2023-05-10 21:09:49,au2312C408,au2312C408,52.22,0.0,0.0,0.0,1,38.66,65.92,1,52.22,0.0,0.0,0.0,0.0,0.0,13
2023-05-10 21:09:49,au2312C408,au2312C408,52.22,0.0,0.0,0.0,1,38.72,65.86,1,52.22,0.0,0.0,0.0,0.0,0.0,13
2023-05-10 21:09:50,au2312C408,au2312C408,52.22,0.0,0.0,0.0,1,38.72,65.86,1,52.22,0.0,0.0,0.0,0.0,0.0,13
2023-05-10 21:09:50,au2312C408,au2312C408,52.22,0.0,0.0,0.0,1,38.74,65.84,1,52.22,0.0,0.0,0.0,0.0,0.0,13
2023-05-10 21:09:51,au2312C408,au2312C408,52.22,0.0,0.0,0.0,1,38.8,65.78,1,52.22,0.0,0.0,0.0,0.0,0.0,13
2023-05-10 21:09:51,au2312C408,au2312C408,52.22,0.0,0.0,0.0,1,38.8,65.78,1,52.22,0.0,0.0,0.0,0.0,0.0,13
2023-05-10 21:09:52,au2312C408,au2312C408,52.22,0.0,0.0,0.0,1,38.82,65.76,1,52.22,0.0,0.0,0.0,0.0,0.0,13
2023-05-10 21:09:52,au2312C408,au2312C408,52.22,0.0,0.0,0.0,1,38.88,65.7,1,52.22,0.0,0.0,0.0,0.0,0.0,13
2023-05-10 21:09:53,au2312C408,au2312C408,52.22,0.0,0.0,0.0,1,38.88,65.7,1,52.22,0.0,0.0,0.0,0.0,0.0,13
2023-05-10 21:09:53,au2312C408,au2312C408,52.22,0.0,0.0,0.0,1,38.9,65.68,1,52.22,0.0,0.0,0.0,0.0,0.0,13
2023-05-10 21:09:54,au2312C408,au2312C408,52.22,0.0,0.0,0.0,1,38.96,65.62,1,52.22,0.0,0.0,0.0,0.0,0.0,13
2023-05-10 21:09:54,au2312C408,au2312C408,52.22,0.0,0.0,0.0,1,38.96,65.62,1,52.22,0.0,0.0,0.0,0.0,0.0,13
2023-05-10 21:09:55,au2312C408,au2312C408,52.22,0.0,0.0,0.0,1,38.98,65.6,1,52.22,0.0,0.0,0.0,0.0,0.0,13
2023-05-10 21:09:55,au2312C408,au2312C408,52.22,0.0,0.0,0.0,1,39.04,65.54,1,52.22,0.0,0.0,0.0,0.0,0.0,13
2023-05-10 21:09:56,au2312C408,au2312C408,52.22,0.0,0.0,0.0,1,39.04,65.54,1,52.22,0.0,0.0,0.0,0.0,0.0,13
2023-05-10 21:09:56,au2312C408,au2312C408,52.22,0.0,0.0,0.0,1,39.06,65.52,1,52.22,0.0,0.0,0.0,0.0,0.0,13
2023-05-10 21:09:57,au2312C408,au2312C408,52.22,0.0,0.0,0.0,1,39.12,65.46,1,52.22,0.0,0.0,0.0,0.0,0.0,13
2023-05-10 21:09:57,au2312C408,au2312C408,52.22,0.0,0.0,0.0,1,39.12,65.46,1,52.22,0.0,0.0,0.0,0.0,0.0,13
2023-05-10 21:09:58,au2312C408,au2312C408,52.22,0.0,0.0,0.0,1,39.14,65.44,1,52.22,0.0,0.0,0.0,0.0,0.0,13
2023-05-10 21:09:58,au2312C408,au2312C408,52.22,0.0,0.0,0.0,1,39.2,65.38,1,52.22,0.0,0.0,0.0,0.0,0.0,13
2023-05-10 21:09:59,au2312C408,au2312C408,52.22,0.0,0.0,0.0,1,39.2,65.38,1,52.22,0.0,0.0,0.0,0.0,0.0,13
2023-05-10 21:09:59,au2312C408,au2312C408,52.22,0.0,0.0,0.0,1,39.22,65.36,1,52.22,0.0,0.0,0.0,0.0,0.0,13
2023-05-10 21:10:00,au2312C408,au2312C408,52.22,0.0,0.0,0.0,1,39.28,65.3,1,52.22,0.0,0.0,0.0,0.0,0.0,13
2023-05-10 21:10:00,au2312C408,au2312C408,52.22,0.0,0.0,0.0,1,39.28,65.3,1,52.22,0.0,0.0,0.0,0.0,0.0,13
2023-05-10 21:10:01,au2312C408,au2312C408,52.22,0.0,0.0,0.0,1,39.3,65.28,1,52.22,0.0,0.0,0.0,0.0,0.0,13
2023-05-10 21:10:01,au2312C408,au2312C408,52.22,0.0,0.0,0.0,1,39.36,65.22,1,52.22,0.0,0.0,0.0,0.0,0.0,13
2023-05-10 21:10:02,au2312C408,au2312C408,52.22,0.0,0.0,0.0,1,39.36,65.22,1,52.22,0.0,0.0,0.0,0.0,0.0,13
2023-05-10 21:10:02,au2312C408,au2312C408,52.22,0.0,0.0,0.0,1,39.38,65.2,1,52.22,0.0,0.0,0.0,0.0,0.0,13
2023-05-10 21:10:03,au2312C408,au2312C408,52.22,0.0,0.0,0.0,1,39.44,65.14,1,52.22,0.0,0.0,0.0,0.0,0.0,13
2023-05-10 21:10:03,au2312C408,au2312C408,52.22,0.0,0.0,0.0,1,39.44,65.14,1,52.22,0.0,0.0,0.0,0.0,0.0,13
2023-05-10 21:10:04,au2312C408,au2312C408,52.22,0.0,0.0,0.0,1,39.46,65.12,1,52.22,0.0,0.0,0.0,0.0,0.0,13
2023-05-10 21:10:04,au2312C408,au2312C408,52.22,0.0,0.0,0.0,1,39.52,65.06,1,52.22,0.0,0.0,0.0,0.0,0.0,13
2023-05-10 21:10:05,au2312C408,au2312C408,52.22,0.0,0.0,0.0,1,39.52,65.06,1,52.22,0.0,0.0,0.0,0.0,0.0,13
2023-05-10 21:10:05,au2312C408,au2312C408,52.22,0.0,0.0,0.0,1,39.54,65.04,1,52.22,0.0,0.0,0.0,0.0,0.0,13
2023-05-10 21:10:06,au2312C408,au2312C408,52.22,0.0,0.0,0.0,1,39.6,64.98,1,52.22,0.0,0.0,0.0,0.0,0.0,13
2023-05-10 21:10:06,au2312C408,au2312C408,52.22,0.0,0.0,0.0,1,39.6,64.98,1,52.22,0.0,0.0,0.0,0.0,0.0,13
2023-05-10 21:10:07,au2312C408,au2312C408,52.22,0.0,0.0,0.0,1,39.62,64.96,1,52.22,0.0,0.0,0.0,0.0,0.0,13
2023-05-10 21:10:07,au2312C408,au2312C408,52.22,0.0,0.0,0.0,1,39.68,64.9,1,52.22,0.0,0.0,0.0,0.0,0.0,13
2023-05-10 21:10:08,au2312C408,au2312C408,52.22,0.0,0.0,0.0,1,39.68,64.9,1,52.22,0.0,0.0,0.0,0.0,0.0,13
2023-05-10 21:10:08,au2312C408,au2312C408,52.22,0.0,0.0,0.0,1,39.7,64.88,1,52.22,0.0,0.0,0.0,0.0,0.0,13
2023-05-10 21:10:09,au2312C408,au2312C408,52.22,0.0,0.0,0.0,1,39.76,64.82,1,52.22,0.0,0.0,0.0,0.0,0.0,13
2023-05-10 21:10:09,au2312C408,au2312C408,52.22,0.0,0.0,0.0,1,39.76,64.82,1,52.22,0.0,0.0,0.0,0.0,0.0,13
2023-05-10 21:10:10,au2312C408,au2312C408,52.22,0.0,0.0,0.0,1,39.78,64.8,1,52.22,0.0,0.0,0.0,0.0,0.0,13
2023-05-10 21:10:10,au2312C408,au2312C408,52.22,0.0,0.0,0.0,1,39.84,64.74,1,52.22,0.0,0.0,0.0,0.0,0.0,13
2023-05-10 21:10:11,au2312C408,au2312C408,52.22,0.0,0.0,0.0,1,39.84,64.74,1,52.22,0.0,0.0,0.0,0.0,0.0,13
2023-05-10 21:10:11,au2312C408,au2312C408,52.22,0.0,0.0,0.0,1,39.86,64.72,1,52.22,0.0,0.0,0.0,0.0,0.0,13
2023-05-10 21:10:12,au2312C408,au2312C408,52.22,0.0,0.0,0.0,1,39.92,64.66,1,52.22,0.0,0.0,0.0,0.0,0.0,13
2023-05-10 21:10:12,au2312C408,au2312C408,52.22,0.0,0.0,0.0,1,39.92,64.66,1,52.22,0.0,0.0,0.0,0.0,0.0,13
2023-05-10 21:10:13,au2312C408,au2312C408,52.22,0.0,0.0,0.0,1,39.94,64.64,1,52.22,0.0,0.0,0.0,0.0,0.0,13
2023-05-10 21:10:13,au2312C408,au2312C408,52.22,0.0,0.0,0.0,1,40.0,64.58,1,52.22,0.0,0.0,0.0,0.0,0.0,13
2023-05-10 21:10:14,au2312C408,au2312C408,52.22,0.0,0.0,0.0,1,40.0,64.58,1,52.22,0.0,0.0,0.0,0.0,0.0,13
2023-05-10 21:10:14,au2312C408,au2312C408,52.22,0.0,0.0,0.0,1,40.02,64.56,1,52.22,0.0,0.0,0.0,0.0,0.0,13
2023-05-10 21:10:15,au2312C408,au2312C408,52.22,0.0,0.0,0.0,1,40.08,64.5,1,52.22,0.0,0.0,0.0,0.0,0.0,13
2023-05-10 21:10:15,au2312C408,au2312C408,52.22,0.0,0.0,0.0,1,40.08,64.5,1,52.22,0.0,0.0,0.0,0.0,0.0,13
2023-05-10 21:10:16,au2312C408,au2312C408,52.22,0.0,0.0,0.0,1,40.1,64.48,1,52.22,0.0,0.0,0.0,0.0,0.0,13
2023-05-10 21:10:16,au2312C408,au2312C408,52.22,0.0,0.0,0.0,1,40.16,64.42,1,52.22,0.0,0.0,0.0,0.0,0.0,13
2023-05-10 21:10:17,au2312C408,au2312C408,52.22,0.0,0.0,0.0,1,40.16,64.42,1,52.22,0.0,0.0,0.0,0.0,0.0,13
2023-05-10 21:10:17,au2312C408,au2312C408,52.22,0.0,0.0,0.0,1,40.18,64.4,1,52.22,0.0,0.0,0.0,0.0,0.0,13
2023-05-10 21:10:18,au2312C408,au2312C408,52.22,0.0,0.0,0.0,1,40.24,64.34,1,52.22,0.0,0.0,0.0,0.0,0.0,13
2023-05-10 21:10:18,au2312C408,au2312C408,52.22,0.0,0.0,0.0,1,40.24,64.34,1,52.22,0.0,0.0,0.0,0.0,0.0,13
2023-05-10 21:10:19,au2312C408,au2312C408,52.22,0.0,0.0,0.0,1,40.26,64.32,1,52.22,0.0,0.0,0.0,0.0,0.0,13
2023-05-10 21:10:19,au2312C408,au2312C408,52.22,0.0,0.0,0.0,1,40.32,64.26,1,52.22,0.0,0.0,0.0,0.0,0.0,13
2023-05-10 21:10:20,au2312C408,au2312C408,52.22,0.0,0.0,0.0,1,40.32,64.26,1,52.22,0.0,0.0,0.0,0.0,0.0,13
2023-05-10 21:10:20,au2312C408,au2312C408,52.22,0.0,0.0,0.0,1,40.34,64.24,1,52.22,0.0,0.0,0.0,0.0,0.0,13
2023-05-10 21:10:21,au2312C408,au2312C408,52.22,0.0,0.0,0.0,1,40.4,64.18,1,52.22,0.0,0.0,0.0,0.0,0.0,13
2023-05-10 21:10:21,au2312C408,au2312C408,52.22,0.0,0.0,0.0,1,40.4,64.18,1,52.22,0.0,0.0,0.0,0.0,0.0,13
2023-05-10 21:10:22,au2312C408,au2312C408,52.22,0.0,0.0,0.0,1,40.42,64.16,1,52.22,0.0,0.0,0.0,0.0,0.0,13
2023-05-10 21:10:22,au2312C408,au2312C408,52.22,0.0,0.0,0.0,1,40.48,64.1,1,52.22,0.0,0.0,0.0,0.0,0.0,13
2023-05-10 21:10:23,au2312C408,au2312C408,52.22,0.0,0.0,0.0,1,40.48,64.1,1,52.22,0.0,0.0,0.0,0.0,0.0,13
2023-05-10 21:10:23,au2312C408,au2312C408,52.22,0.0,0.0,0.0,1,40.5,64.08,1,52.22,0.0,0.0,0.0,0.0,0.0,13
2023-05-10 21:10:24,au2312C408,au2312C408,52.22,0.0,0.0,0.0,1,40.56,64.02,1,52.22,0.0,0.0,0.0,0.0,0.0,13
2023-05-10 21:10:24,au2312C408,au2312C408,52.22,0.0,0.0,0.0,1,40.56,64.02,1,52.22,0.0,0.0,0.0,0.0,0.0,13
2023-05-10 21:10:25,au2312C408,au2312C408,52.22,0.0,0.0,0.0,1,40.58,64.0,1,52.22,0.0,0.0,0.0,0.0,0.0,13
2023-05-10 21:10:25,au2312C408,au2312C408,52.22,0.0,0.0,0.0,1,40.64,63.94,1,52.22,0.0,0.0,0.0,0.0,0.0,13
2023-05-10 21:10:26,au2312C408,au2312C408,52.22,0.0,0.0,0.0,1,40.64,63.94,1,52.22,0.0,0.0,0.0,0.0,0.0,13
2023-05-10 21:10:26,au2312C408,au2312C408,52.22,0.0,0.0,0.0,1,40.66,63.92,1,52.22,0.0,0.0,0.0,0.0,0.0,13
2023-05-10 21:10:27,au2312C408,au2312C408,52.22,0.0,0.0,0.0,1,40.72,63.86,1,52.22,0.0,0.0,0.0,0.0,0.0,13
2023-05-10 21:10:27,au2312C408,au2312C408,52.22,0.0,0.0,0.0,1,40.72,63.86,1,52.22,0.0,0.0,0.0,0.0,0.0,13
2023-05-10 21:10:28,au2312C408,au2312C408,52.22,0.0,0.0,0.0,1,40.74,63.84,1,52.22,0.0,0.0,0.0,0.0,0.0,13
2023-05-10 21:10:28,au2312C408,au2312C408,52.22,0.0,0.0,0.0,1,40.8,63.78,1,52.22,0.0,0.0,0.0,0.0,0.0,13
2023-05-10 21:10:29,au2312C408,au2312C408,52.22,0.0,0.0,0.0,1,40.8,63.78,1,52.22,0.0,0.0,0.0,0.0,0.0,13
2023-05-10 21:10:29,au2312C408,au2312C408,52.22,0.0,0.0,0.0,1,40.82,63.76,1,52.22,0.0,0.0,0.0,0.0,0.0,13
2023-05-10 21:10:30,au2312C408,au2312C408,52.22,0.0,0.0,0.0,1,40.88,63.7,1,52.22,0.0,0.0,0.0,0.0,0.0,13
2023-05-10 21:10:30,au2312C408,au2312C408,52.22,0.0,0.0,0.0,1,40.88,63.7,1,52.22,0.0,0.0,0.0,0.0,0.0,13
2023-05-10 21:10:31,au2312C408,au2312C408,52.22,0.0,0.0,0.0,1,40.9,63.68,1,52.22,0.0,0.0,0.0,0.0,0.0,13
2023-05-10 21:10:31,au2312C408,au2312C408,52.22,0.0,0.0,0.0,1,40.96,63.62,1,52.22,0.0,0.0,0.0,0.0,0.0,13
2023-05-10 21:10:32,au2312C408,au2312C408,52.22,0.0,0.0,0.0,1,40.96,63.62,1,52.22,0.0,0.0,0.0,0.0,0.0,13
2023-05-10 21:10:32,au2312C408,au2312C408,52.22,0.0,0.0,0.0,1,40.98,63.6,1,52.22,0.0,0.0,0.0,0.0,0.0,13
2023-05-10 21:10:33,au2312C408,au2312C408,52.22,0.0,0.0,0.0,1,41.04,63.54,1,52.22,0.0,0.0,0.0,0.0,0.0,13
2023-05-10 21:10:33,au2312C408,au2312C408,52.22,0.0,0.0,0.0,1,41.04,63.54,1,52.22,0.0,0.0,0.0,0.0,0.0,13
2023-05-10 21:10:34,au2312C408,au2312C408,52.22,0.0,0.0,0.0,1,41.06,63.52,1,52.22,0.0,0.0,0.0,0.0,0.0,13
2023-05-10 21:10:34,au2312C408,au2312C408,52.22,0.0,0.0,0.0,1,41.12,63.46,1,52.22,0.0,0.0,0.0,0.0,0.0,13
2023-05-10 21:10:35,au2312C408,au2312C408,52.22,0.0,0.0,0.0,1,41.12,63.46,1,52.22,0.0,0.0,0.0,0.0,0.0,13
2023-05-10 21:10:35,au2312C408,au2312C408,52.22,0.0,0.0,0.0,1,41.14,63.44,1,52.22,0.0,0.0,0.0,0.0,0.0,13
2023-05-10 21:10:36,au2312C408,au2312C408,52.22,0.0,0.0,0.0,1,41.2,63.38,1,52.22,0.0,0.0,0.0,0.0,0.0,13
2023-05-10 21:10:36,au2312C408,au2312C408,52.22,0.0,0.0,0.0,1,41.2,63.38,1,52.22,0.0,0.0,0.0,0.0,0.0,13
2023-05-10 21:10:37,au2312C408,au2312C408,52.22,0.0,0.0,0.0,1,41.22,63.36,1,52.22,0.0,0.0,0.0,0.0,0.0,13
2023-05-10 21:10:37,au2312C408,au2312C408,52.22,0.0,0.0,0.0,1,41.28,63.3,1,52.22,0.0,0.0,0.0,0.0,0.0,13
2023-05-10 21:10:38,au2312C408,au2312C408,52.22,0.0,0.0,0.0,1,41.28,63.3,1,52.22,0.0,0.0,0.0,0.0,0.0,13
2023-05-10 21:10:38,au2312C408,au2312C408,52.22,0.0,0.0,0.0,1,41.3,63.28,1,52.22,0.0,0.0,0.0,0.0,0.0,13
2023-05-10 21:10:39,au2312C408,au2312C408,52.22,0.0,0.0,0.0,1,41.36,63.22,1,52.22,0.0,0.0,0.0,0.0,0.0,13
2023-05-10 21:10:39,au2312C408,au2312C408,52.22,0.0,0.0,0.0,1,41.36,63.22,1,52.22,0.0,0.0,0.0,0.0,0.0,13
2023-05-10 21:10:40,au2312C408,au2312C408,52.22,0.0,0.0,0.0,1,41.38,63.2,1,52.22,0.0,0.0,0.0,0.0,0.0,13
2023-05-10 21:10:40,au2312C408,au2312C408,52.22,0.0,0.0,0.0,1,41.44,63.14,1,52.22,0.0,0.0,0.0,0.0,0.0,13
2023-05-10 21:10:41,au2312C408,au2312C408,52.22,0.0,0.0,0.0,1,41.44,63.14,1,52.22,0.0,0.0,0.0,0.0,0.0,13
2023-05-10 21:10:41,au2312C408,au2312C408,52.22,0.0,0.0,0.0,1,41.46,63.12,1,52.22,0.0,0.0,0.0,0.0,0.0,13
2023-05-10 21:10:42,au2312C408,au2312C408,52.22,0.0,0.0,0.0,1,41.52,63.06,1,52.22,0.0,0.0,0.0,0.0,0.0,13
2023-05-10 21:10:42,au2312C408,au2312C408,52.22,0.0,0.0,0.0,1,41.52,63.06,1,52.22,0.0,0.0,0.0,0.0,0.0,13
2023-05-10 21:10:43,au2312C408,au2312C408,52.22,0.0,0.0,0.0,1,41.54,63.04,1,52.22,0.0,0.0,0.0,0.0,0.0,13
2023-05-10 21:10:43,au2312C408,au2312C408,52.22,0.0,0.0,0.0,1,41.6,62.98,1,52.22,0.0,0.0,0.0,0.0,0.0,13
2023-05-10 21:10:44,au2312C408,au2312C408,52.22,0.0,0.0,0.0,1,41.6,62.98,1,52.22,0.0,0.0,0.0,0.0,0.0,13
2023-05-10 21:10:44,au2312C408,au2312C408,52.22,0.0,0.0,0.0,1,41.62,62.96,1,52.22,0.0,0.0,0.0,0.0,0.0,13
2023-05-10 21:10:45,au2312C408,au2312C408,52.22,0.0,0.0,0.0,1,41.68,62.9,1,52.22,0.0,0.0,0.0,0.0,0.0,13
2023-05-10 21:10:45,au2312C408,au2312C408,52.22,0.0,0.0,0.0,1,41.68,62.9,1,52.22,0.0,0.0,0.0,0.0,0.0,13
2023-05-10 21:10:46,au2312C408,au2312C408,52.22,0.0,0.0,0.0,1,41.7,62.88,1,52.22,0.0,0.0,0.0,0.0,0.0,13
2023-05-10 21:10:46,au2312C408,au2312C408,52.22,0.0,0.0,0.0,1,41.76,62.82,1,52.22,0.0,0.0,0.0,0.0,0.0,13
2023-05-10 21:10:47,au2312C408,au2312C408,52.22,0.0,0.0,0.0,1,41.76,62.82,1,52.22,0.0,0.0,0.0,0.0,0.0,13
2023-05-10 21:10:47,au2312C408,au2312C408,52.22,0.0,0.0,0.0,1,41.78,62.8,1,52.22,0.0,0.0,0.0,0.0,0.0,13
2023-05-10 21:10:48,au2312C408,au2312C408,52.22,0.0,0.0,0.0,1,41.84,62.74,1,52.22,0.0,0.0,0.0,0.0,0.0,13
2023-05-10 21:10:48,au2312C408,au2312C408,52.22,0.0,0.0,0.0,1,41.84,62.74,1,52.22,0.0,0.0,0.0,0.0,0.0,13
2023-05-10 21:10:49,au2312C408,au2312C408,52.22,0.0,0.0,0.0,1,41.86,62.72,1,52.22,0.0,0.0,0.0,0.0,0.0,13
2023-05-10 21:10:49,au2312C408,au2312C408,52.22,0.0,0.0,0.0,1,41.92,62.66,1,52.22,0.0,0.0,0.0,0.0,0.0,13
2023-05-10 21:10:50,au2312C408,au2312C408,52.22,0.0,0.0,0.0,1,41.92,62.66,1,52.22,0.0,0.0,0.0,0.0,0.0,13
2023-05-10 21:10:50,au2312C408,au2312C408,52.22,0.0,0.0,0.0,1,41.94,62.64,1,52.22,0.0,0.0,0.0,0.0,0.0,13
2023-05-10 21:10:51,au2312C408,au2312C408,52.22,0.0,0.0,0.0,1,42.0,62.58,1,52.22,0.0,0.0,0.0,0.0,0.0,13
2023-05-10 21:10:51,au2312C408,au2312C408,52.22,0.0,0.0,0.0,1,42.0,62.58,1,52.22,0.0,0.0,0.0,0.0,0.0,13
2023-05-10 21:10:52,au2312C408,au2312C408,52.22,0.0,0.0,0.0,1,42.02,62.56,1,52.22,0.0,0.0,0.0,0.0,0.0,13
2023-05-10 21:10:52,au2312C408,au2312C408,52.22,0.0,0.0,0.0,1,42.08,62.5,1,52.22,0.0,0.0,0.0,0.0,0.0,13
2023-05-10 21:10:53,au2312C408,au2312C408,52.22,0.0,0.0,0.0,1,42.08,62.5,1,52.22,0.0,0.0,0.0,0.0,0.0,13
2023-05-10 21:10:53,au2312C408,au2312C408,52.22,0.0,0.0,0.0,1,42.1,62.48,1,52.22,0.0,0.0,0.0,0.0,0.0,13
2023-05-10 21:10:54,au2312C408,au2312C408,52.22,0.0,0.0,0.0,1,42.16,62.42,1,52.22,0.0,0.0,0.0,0.0,0.0,13
2023-05-10 21:10:54,au2312C408,au2312C408,52.22,0.0,0.0,0.0,1,42.16,62.42,1,52.22,0.0,0.0,0.0,0.0,0.0,13
2023-05-10 21:10:55,au2312C408,au2312C408,52.22,0.0,0.0,0.0,1,42.18,62.4,1,52.22,0.0,0.0,0.0,0.0,0.0,13
2023-05-10 21:10:55,au2312C408,au2312C408,52.22,0.0,0.0,0.0,1,42.24,62.34,1,52.22,0.0,0.0,0.0,0.0,0.0,13
2023-05-10 21:10:56,au2312C408,au2312C408,52.22,0.0,0.0,0.0,1,42.24,62.34,1,52.22,0.0,0.0,0.0,0.0,0.0,13
2023-05-10 21:10:56,au2312C408,au2312C408,52.22,0.0,0.0,0.0,1,42.26,62.32,1,52.22,0.0,0.0,0.0,0.0,0.0,13
2023-05-10 21:10:57,au2312C408,au2312C408,52.22,0.0,0.0,0.0,1,42.32,62.26,1,52.22,0.0,0.0,0.0,0.0,0.0,13
2023-05-10 21:10:57,au2312C408,au2312C408,52.22,0.0,0.0,0.0,1,42.32,62.26,1,52.22,0.0,0.0,0.0,0.0,0.0,13
2023-05-10 21:10:58,au2312C408,au2312C408,52.22,0.0,0.0,0.0,1,42.34,62.24,1,52.22,0.0,0.0,0.0,0.0,0.0,13
2023-05-10 21:10:58,au2312C408,au2312C408,52.22,0.0,0.0,0.0,1,42.4,62.18,1,52.22,0.0,0.0,0.0,0.0,0.0,13
2023-05-10 21:10:59,au2312C408,au2312C408,52.22,0.0,0.0,0.0,1,42.4,62.18,1,52.22,0.0,0.0,0.0,0.0,0.0,13
2023-05-10 21:10:59,au2312C408,au2312C408,52.22,0.0,0.0,0.0,1,42.42,62.16,1,52.22,0.0,0.0,0.0,0.0,0.0,13
2023-05-10 21:11:00,au2312C408,au2312C408,52.22,0.0,0.0,0.0,1,42.48,62.1,1,52.22,0.0,0.0,0.0,0.0,0.0,13
2023-05-10 21:11:00,au2312C408,au2312C408,52.22,0.0,0.0,0.0,1,42.48,62.1,1,52.22,0.0,0.0,0.0,0.0,0.0,13
2023-05-10 21:11:01,au2312C408,au2312C408,52.22,0.0,0.0,0.0,1,42.5,62.08,1,52.22,0.0,0.0,0.0,0.0,0.0,13
2023-05-10 21:11:01,au2312C408,au2312C408,52.22,0.0,0.0,0.0,1,42.56,62.08,1,52.22,0.0,0.0,0.0,0.0,0.0,13
2023-05-10 21:11:02,au2312C408,au2312C408,52.22,0.0,0.0,0.0,1,42.56,62.08,1,52.22,0.0,0.0,0.0,0.0,0.0,13
2023-05-10 21:11:02,au2312C408,au2312C408,52.22,0.0,0.0,0.0,1,42.58,62.08,1,52.22,0.0,0.0,0.0,0.0,0.0,13
2023-05-10 21:11:03,au2312C408,au2312C408,52.22,0.0,0.0,0.0,1,42.64,62.08,1,52.22,0.0,0.0,0.0,0.0,0.0,13
2023-05-10 21:11:03,au2312C408,au2312C408,52.22,0.0,0.0,0.0,1,42.64,62.08,1,52.22,0.0,0.0,0.0,0.0,0.0,13
2023-05-10 21:11:04,au2312C408,au2312C408,52.22,0.0,0.0,0.0,1,42.66,62.08,1,52.22,0.0,0.0,0.0,0.0,0.0,13
2023-05-10 21:11:04,au2312C408,au2312C408,52.22,0.0,0.0,0.0,1,42.72,62.08,1,52.22,0.0,0.0,0.0,0.0,0.0,13
2023-05-10 21:11:05,au2312C408,au2312C408,52.22,0.0,0.0,0.0,1,42.72,62.08,1,52.22,0.0,0.0,0.0,0.0,0.0,13
2023-05-10 21:11:05,au2312C408,au2312C408,52.22,0.0,0.0,0.0,1,42.74,62.08,1,52.22,0.0,0.0,0.0,0.0,0.0,13
2023-05-10 21:11:06,au2312C408,au2312C408,52.22,0.0,0.0,0.0,1,42.8,62.08,1,52.22,0.0,0.0,0.0,0.0,0.0,13
2023-05-10 21:11:06,au2312C408,au2312C408,52.22,0.0,0.0,0.0,1,42.8,62.08,1,52.22,0.0,0.0,0.0,0.0,0.0,13
2023-05-10 21:11:07,au2312C408,au2312C408,52.22,0.0,0.0,0.0,1,42.82,62.08,1,52.22,0.0,0.0,0.0,0.0,0.0,13
2023-05-10 21:11:07,au2312C408,au2312C408,52.22,0.0,0.0,0.0,1,42.88,62.08,1,52.22,0.0,0.0,0.0,0.0,0.0,13
2023-05-10 21:11:08,au2312C408,au2312C408,52.22,0.0,0.0,0.0,1,42.88,62.08,1,52.22,0.0,0.0,0.0,0.0,0.0,13
2023-05-10 21:11:08,au2312C408,au2312C408,52.22,0.0,0.0,0.0,1,42.9,62.08,1,52.22,0.0,0.0,0.0,0.0,0.0,13
2023-05-10 21:11:09,au2312C408,au2312C408,52.22,0.0,0.0,0.0,1,42.96,62.08,1,52.22,0.0,0.0,0.0,0.0,0.0,13
2023-05-10 21:11:09,au2312C408,au2312C408,52.22,0.0,0.0,0.0,1,42.96,62.08,1,52.22,0.0,0.0,0.0,0.0,0.0,13
2023-05-10 21:11:10,au2312C408,au2312C408,52.22,0.0,0.0,0.0,1,42.98,62.08,1,52.22,0.0,0.0,0.0,0.0,0.0,13
2023-05-10 21:11:10,au2312C408,au2312C408,52.22,0.0,0.0,0.0,1,43.04,62.08,1,52.22,0.0,0.0,0.0,0.0,0.0,13
2023-05-10 21:11:11,au2312C408,au2312C408,52.22,0.0,0.0,0.0,1,43.06,62.08,1,52.22,0.0,0.0,0.0,0.0,0.0,13
2023-05-10 21:11:11,au2312C408,au2312C408,52.22,0.0,0.0,0.0,1,43.12,62.08,1,52.22,0.0,0.0,0.0,0.0,0.0,13
2023-05-10 21:11:12,au2312C408,au2312C408,52.22,0.0,0.0,0.0,1,43.14,62.08,1,52.22,0.0,0.0,0.0,0.0,0.0,13
2023-05-10 21:11:12,au2312C408,au2312C408,52.22,0.0,0.0,0.0,1,43.2,62.08,1,52.22,0.0,0.0,0.0,0.0,0.0,13
2023-05-10 21:11:13,au2312C408,au2312C408,52.22,0.0,0.0,0.0,1,43.2,62.08,1,52.22,0.0,0.0,0.0,0.0,0.0,13
2023-05-10 21:11:13,au2312C408,au2312C408,52.22,0.0,0.0,0.0,1,43.22,62.08,1,52.22,0.0,0.0,0.0,0.0,0.0,13
2023-05-10 21:11:14,au2312C408,au2312C408,52.22,0.0,0.0,0.0,1,43.28,62.08,1,52.22,0.0,0.0,0.0,0.0,0.0,13
2023-05-10 21:11:14,au2312C408,au2312C408,52.22,0.0,0.0,0.0,1,43.28,62.08,1,52.22,0.0,0.0,0.0,0.0,0.0,13
2023-05-10 21:11:15,au2312C408,au2312C408,52.22,0.0,0.0,0.0,1,43.3,62.08,1,52.22,0.0,0.0,0.0,0.0,0.0,13
2023-05-10 21:11:15,au2312C408,au2312C408,52.22,0.0,0.0,0.0,1,43.36,62.08,1,52.22,0.0,0.0,0.0,0.0,0.0,13
2023-05-10 21:11:16,au2312C408,au2312C408,52.22,0.0,0.0,0.0,1,43.36,62.08,1,52.22,0.0,0.0,0.0,0.0,0.0,13
2023-05-10 21:11:16,au2312C408,au2312C408,52.22,0.0,0.0,0.0,1,43.38,62.08,1,52.22,0.0,0.0,0.0,0.0,0.0,13
2023-05-10 21:11:17,au2312C408,au2312C408,52.22,0.0,0.0,0.0,1,43.44,62.08,1,52.22,0.0,0.0,0.0,0.0,0.0,13
2023-05-10 21:11:17,au2312C408,au2312C408,52.22,0.0,0.0,0.0,1,43.44,62.08,1,52.22,0.0,0.0,0.0,0.0,0.0,13
2023-05-10 21:11:18,au2312C408,au2312C408,52.22,0.0,0.0,0.0,1,43.46,62.08,1,52.22,0.0,0.0,0.0,0.0,0.0,13
2023-05-10 21:11:18,au2312C408,au2312C408,52.22,0.0,0.0,0.0,1,43.52,62.08,1,52.22,0.0,0.0,0.0,0.0,0.0,13
2023-05-10 21:11:19,au2312C408,au2312C408,52.22,0.0,0.0,0.0,1,43.52,62.08,1,52.22,0.0,0.0,0.0,0.0,0.0,13
2023-05-10 21:11:19,au2312C408,au2312C408,52.22,0.0,0.0,0.0,1,43.54,62.08,1,52.22,0.0,0.0,0.0,0.0,0.0,13
2023-05-10 21:11:20,au2312C408,au2312C408,52.22,0.0,0.0,0.0,1,43.6,62.08,1,52.22,0.0,0.0,0.0,0.0,0.0,13
2023-05-10 21:11:21,au2312C408,au2312C408,52.22,0.0,0.0,0.0,1,43.6,62.08,1,52.22,0.0,0.0,0.0,0.0,0.0,13
2023-05-10 21:11:21,au2312C408,au2312C408,52.22,0.0,0.0,0.0,1,43.62,62.08,1,52.22,0.0,0.0,0.0,0.0,0.0,13
2023-05-10 21:11:22,au2312C408,au2312C408,52.22,0.0,0.0,0.0,1,43.68,62.08,1,52.22,0.0,0.0,0.0,0.0,0.0,13
2023-05-10 21:11:23,au2312C408,au2312C408,52.22,0.0,0.0,0.0,1,43.68,62.08,1,52.22,0.0,0.0,0.0,0.0,0.0,13
2023-05-10 21:11:23,au2312C408,au2312C408,52.22,0.0,0.0,0.0,1,43.7,62.08,1,52.22,0.0,0.0,0.0,0.0,0.0,13
2023-05-10 21:11:24,au2312C408,au2312C408,52.22,0.0,0.0,0.0,1,43.76,62.08,1,52.22,0.0,0.0,0.0,0.0,0.0,13
2023-05-10 21:11:25,au2312C408,au2312C408,52.22,0.0,0.0,0.0,1,43.76,62.08,1,52.22,0.0,0.0,0.0,0.0,0.0,13
2023-05-10 21:11:25,au2312C408,au2312C408,52.22,0.0,0.0,0.0,1,43.78,62.08,1,52.22,0.0,0.0,0.0,0.0,0.0,13
2023-05-10 21:11:26,au2312C408,au2312C408,52.22,0.0,0.0,0.0,1,43.84,62.08,1,52.22,0.0,0.0,0.0,0.0,0.0,13
2023-05-10 21:11:27,au2312C408,au2312C408,52.22,0.0,0.0,0.0,1,43.84,62.08,1,52.22,0.0,0.0,0.0,0.0,0.0,13
2023-05-10 21:11:27,au2312C408,au2312C408,52.22,0.0,0.0,0.0,1,43.86,62.08,1,52.22,0.0,0.0,0.0,0.0,0.0,13
2023-05-10 21:11:28,au2312C408,au2312C408,52.22,0.0,0.0,0.0,1,43.86,62.08,1,52.22,0.0,0.0,0.0,0.0,0.0,13
2023-05-10 21:11:28,au2312C408,au2312C408,52.22,0.0,0.0,0.0,1,43.92,62.08,1,52.22,0.0,0.0,0.0,0.0,0.0,13
2023-05-10 21:11:29,au2312C408,au2312C408,52.22,0.0,0.0,0.0,1,43.92,62.08,1,52.22,0.0,0.0,0.0,0.0,0.0,13
2023-05-10 21:11:29,au2312C408,au2312C408,52.22,0.0,0.0,0.0,1,43.94,62.08,1,52.22,0.0,0.0,0.0,0.0,0.0,13
2023-05-10 21:11:30,au2312C408,au2312C408,52.22,0.0,0.0,0.0,1,44.0,62.08,1,52.22,0.0,0.0,0.0,0.0,0.0,13
2023-05-10 21:11:31,au2312C408,au2312C408,52.22,0.0,0.0,0.0,1,44.0,62.08,1,52.22,0.0,0.0,0.0,0.0,0.0,13
2023-05-10 21:11:31,au2312C408,au2312C408,52.22,0.0,0.0,0.0,1,44.02,62.08,1,52.22,0.0,0.0,0.0,0.0,0.0,13
2023-05-10 21:11:32,au2312C408,au2312C408,52.22,0.0,0.0,0.0,1,44.08,62.08,1,52.22,0.0,0.0,0.0,0.0,0.0,13
2023-05-10 21:11:32,au2312C408,au2312C408,52.22,0.0,0.0,0.0,1,44.08,62.08,1,52.22,0.0,0.0,0.0,0.0,0.0,13
2023-05-10 21:11:33,au2312C408,au2312C408,52.22,0.0,0.0,0.0,1,44.1,62.08,1,52.22,0.0,0.0,0.0,0.0,0.0,13
2023-05-10 21:11:33,au2312C408,au2312C408,52.22,0.0,0.0,0.0,1,44.16,62.08,1,52.22,0.0,0.0,0.0,0.0,0.0,13
2023-05-10 21:11:34,au2312C408,au2312C408,52.22,0.0,0.0,0.0,1,44.16,62.08,1,52.22,0.0,0.0,0.0,0.0,0.0,13
2023-05-10 21:11:34,au2312C408,au2312C408,52.22,0.0,0.0,0.0,1,44.18,62.08,1,52.22,0.0,0.0,0.0,0.0,0.0,13
2023-05-10 21:11:35,au2312C408,au2312C408,52.22,0.0,0.0,0.0,1,44.24,62.08,1,52.22,0.0,0.0,0.0,0.0,0.0,13
2023-05-10 21:11:35,au2312C408,au2312C408,52.22,0.0,0.0,0.0,1,44.24,62.08,1,52.22,0.0,0.0,0.0,0.0,0.0,13
2023-05-10 21:11:36,au2312C408,au2312C408,52.22,0.0,0.0,0.0,1,44.26,62.08,1,52.22,0.0,0.0,0.0,0.0,0.0,13
2023-05-10 21:11:36,au2312C408,au2312C408,52.22,0.0,0.0,0.0,1,44.32,62.08,1,52.22,0.0,0.0,0.0,0.0,0.0,13
2023-05-10 21:11:37,au2312C408,au2312C408,52.22,0.0,0.0,0.0,1,44.32,62.08,1,52.22,0.0,0.0,0.0,0.0,0.0,13
2023-05-10 21:11:37,au2312C408,au2312C408,52.22,0.0,0.0,0.0,1,44.34,62.08,1,52.22,0.0,0.0,0.0,0.0,0.0,13
2023-05-10 21:11:38,au2312C408,au2312C408,52.22,0.0,0.0,0.0,1,44.4,62.08,1,52.22,0.0,0.0,0.0,0.0,0.0,13
2023-05-10 21:11:38,au2312C408,au2312C408,52.22,0.0,0.0,0.0,1,44.4,62.08,1,52.22,0.0,0.0,0.0,0.0,0.0,13
2023-05-10 21:11:39,au2312C408,au2312C408,52.22,0.0,0.0,0.0,1,44.42,62.08,1,52.22,0.0,0.0,0.0,0.0,0.0,13
2023-05-10 21:11:39,au2312C408,au2312C408,52.22,0.0,0.0,0.0,1,44.48,62.08,1,52.22,0.0,0.0,0.0,0.0,0.0,13
2023-05-10 21:11:40,au2312C408,au2312C408,52.22,0.0,0.0,0.0,1,44.48,62.08,1,52.22,0.0,0.0,0.0,0.0,0.0,13
2023-05-10 21:11:40,au2312C408,au2312C408,52.22,0.0,0.0,0.0,1,44.5,62.08,1,52.22,0.0,0.0,0.0,0.0,0.0,13
2023-05-10 21:11:41,au2312C408,au2312C408,52.22,0.0,0.0,0.0,1,44.56,62.08,1,52.22,0.0,0.0,0.0,0.0,0.0,13
2023-05-10 21:11:41,au2312C408,au2312C408,52.22,0.0,0.0,0.0,1,44.56,62.08,1,52.22,0.0,0.0,0.0,0.0,0.0,13
2023-05-10 21:11:42,au2312C408,au2312C408,52.22,0.0,0.0,0.0,1,44.58,62.08,1,52.22,0.0,0.0,0.0,0.0,0.0,13
2023-05-10 21:11:42,au2312C408,au2312C408,52.22,0.0,0.0,0.0,1,44.64,62.08,1,52.22,0.0,0.0,0.0,0.0,0.0,13
2023-05-10 21:11:43,au2312C408,au2312C408,52.22,0.0,0.0,0.0,1,44.64,62.08,1,52.22,0.0,0.0,0.0,0.0,0.0,13
2023-05-10 21:11:43,au2312C408,au2312C408,52.22,0.0,0.0,0.0,1,44.66,62.08,1,52.22,0.0,0.0,0.0,0.0,0.0,13
2023-05-10 21:11:44,au2312C408,au2312C408,52.22,0.0,0.0,0.0,1,44.72,62.08,1,52.22,0.0,0.0,0.0,0.0,0.0,13
2023-05-10 21:11:44,au2312C408,au2312C408,52.22,0.0,0.0,0.0,1,44.72,62.08,1,52.22,0.0,0.0,0.0,0.0,0.0,13
2023-05-10 21:11:45,au2312C408,au2312C408,52.22,0.0,0.0,0.0,1,44.74,62.08,1,52.22,0.0,0.0,0.0,0.0,0.0,13
2023-05-10 21:11:45,au2312C408,au2312C408,52.22,0.0,0.0,0.0,1,44.8,62.08,1,52.22,0.0,0.0,0.0,0.0,0.0,13
2023-05-10 21:11:46,au2312C408,au2312C408,52.22,0.0,0.0,0.0,1,44.8,62.08,1,52.22,0.0,0.0,0.0,0.0,0.0,13
2023-05-10 21:11:46,au2312C408,au2312C408,52.22,0.0,0.0,0.0,1,44.82,62.08,1,52.22,0.0,0.0,0.0,0.0,0.0,13
2023-05-10 21:11:47,au2312C408,au2312C408,52.22,0.0,0.0,0.0,1,44.88,62.08,1,52.22,0.0,0.0,0.0,0.0,0.0,13
2023-05-10 21:11:47,au2312C408,au2312C408,52.22,0.0,0.0,0.0,1,44.88,62.08,1,52.22,0.0,0.0,0.0,0.0,0.0,13
2023-05-10 21:11:48,au2312C408,au2312C408,52.22,0.0,0.0,0.0,1,44.9,62.08,1,52.22,0.0,0.0,0.0,0.0,0.0,13
2023-05-10 21:11:48,au2312C408,au2312C408,52.22,0.0,0.0,0.0,1,44.96,62.08,1,52.22,0.0,0.0,0.0,0.0,0.0,13
2023-05-10 21:11:49,au2312C408,au2312C408,52.22,0.0,0.0,0.0,1,44.96,62.08,1,52.22,0.0,0.0,0.0,0.0,0.0,13
2023-05-10 21:11:49,au2312C408,au2312C408,52.22,0.0,0.0,0.0,1,44.98,62.08,1,52.22,0.0,0.0,0.0,0.0,0.0,13
2023-05-10 21:11:50,au2312C408,au2312C408,52.22,0.0,0.0,0.0,1,45.04,62.08,1,52.22,0.0,0.0,0.0,0.0,0.0,13
2023-05-10 21:11:50,au2312C408,au2312C408,52.22,0.0,0.0,0.0,1,45.04,62.08,1,52.22,0.0,0.0,0.0,0.0,0.0,13
2023-05-10 21:11:51,au2312C408,au2312C408,52.22,0.0,0.0,0.0,1,45.06,62.08,1,52.22,0.0,0.0,0.0,0.0,0.0,13
