time,symbol_id,symbol_name,last,trade_volume,trade_amount,open_interest_change,bv1,bp1,ap1,av1,yesterday_close,today_open,today_high,today_low,volume,amount,open_interest
2023-05-10 20:59:00,au2312P380,au2312P380,1.14,0.0,0.0,0.0,51,0.02,0.0,0,1.14,1.04,0.0,0.0,0.0,0.0,82
2023-05-10 21:00:00,au2312P380,au2312P380,1.14,0.0,0.0,0.0,2,0.86,10.2,2,1.14,1.04,0.0,0.0,0.0,0.0,82
2023-05-10 21:00:34,au2312P380,au2312P380,1.14,0.0,0.0,0.0,5,1.0,10.2,2,1.14,1.04,0.0,0.0,0.0,0.0,82
2023-05-10 21:00:50,au2312P380,au2312P380,1.14,0.0,0.0,0.0,5,1.0,10.22,1,1.14,1.04,0.0,0.0,0.0,0.0,82
2023-05-10 21:01:08,au2312P380,au2312P380,1.14,0.0,0.0,0.0,6,1.0,1.1,1,1.14,1.04,0.0,0.0,0.0,0.0,82
2023-05-10 21:01:11,au2312P380,au2312P380,1.14,0.0,0.0,0.0,1,1.02,1.1,1,1.14,1.04,0.0,0.0,0.0,0.0,82
2023-05-10 21:01:33,au2312P380,au2312P380,1.14,0.0,0.0,0.0,1,1.04,1.1,1,1.14,1.04,0.0,0.0,0.0,0.0,82
2023-05-10 21:02:09,au2312P380,au2312P380,1.14,0.0,0.0,0.0,1,1.04,1.1,1,1.14,1.04,0.0,0.0,0.0,0.0,82
2023-05-10 21:02:16,au2312P380,au2312P380,1.14,0.0,0.0,0.0,1,1.04,1.14,1,1.14,1.04,0.0,0.0,0.0,0.0,82
2023-05-10 21:02:38,au2312P380,au2312P380,1.14,0.0,0.0,0.0,1,1.06,1.14,1,1.14,1.04,0.0,0.0,0.0,0.0,82
2023-05-10 21:04:05,au2312P380,au2312P380,1.14,0.0,0.0,0.0,1,1.04,1.14,1,1.14,1.04,0.0,0.0,0.0,0.0,82
2023-05-10 21:05:04,au2312P380,au2312P380,1.14,0.0,0.0,0.0,1,1.06,1.14,1,1.14,1.04,0.0,0.0,0.0,0.0,82
2023-05-10 21:05:14,au2312P380,au2312P380,1.14,0.0,0.0,0.0,1,1.06,1.12,1,1.14,1.04,0.0,0.0,0.0,0.0,82
2023-05-10 21:05:28,au2312P380,au2312P380,1.14,0.0,0.0,0.0,1,1.04,1.12,1,1.14,1.04,0.0,0.0,0.0,0.0,82
2023-05-10 21:05:52,au2312P380,au2312P380,1.14,0.0,0.0,0.0,1,1.06,1.12,1,1.14,1.04,0.0,0.0,0.0,0.0,82
2023-05-10 21:06:40,au2312P380,au2312P380,1.14,0.0,0.0,0.0,1,1.06,1.14,1,1.14,1.04,0.0,0.0,0.0,0.0,82
2023-05-10 21:07:39,au2312P380,au2312P380,1.14,0.0,0.0,0.0,1,1.08,1.14,1,1.14,1.04,0.0,0.0,0.0,0.0,82
2023-05-10 21:08:25,au2312P380,au2312P380,1.14,0.0,0.0,0.0,1,1.06,1.14,1,1.14,1.04,0.0,0.0,0.0,0.0,82
2023-05-10 21:08:40,au2312P380,au2312P380,1.14,0.0,0.0,0.0,1,1.08,1.14,1,1.14,1.04,0.0,0.0,0.0,0.0,82
2023-05-10 21:09:10,au2312P380,au2312P380,1.14,0.0,0.0,0.0,1,1.08,1.16,1,1.14,1.04,0.0,0.0,0.0,0.0,82
2023-05-10 21:10:02,au2312P380,au2312P380,1.14,0.0,0.0,0.0,1,1.1,1.16,1,1.14,1.04,0.0,0.0,0.0,0.0,82
2023-05-10 21:11:48,au2312P380,au2312P380,1.14,0.0,0.0,0.0,1,1.1,1.16,1,1.14,1.04,0.0,0.0,0.0,0.0,82
2023-05-10 21:13:35,au2312P380,au2312P380,1.14,0.0,0.0,0.0,1,1.1,1.18,1,1.14,1.04,0.0,0.0,0.0,0.0,82
2023-05-10 21:14:07,au2312P380,au2312P380,1.14,0.0,0.0,0.0,1,1.12,1.18,1,1.14,1.04,0.0,0.0,0.0,0.0,82
2023-05-10 21:18:42,au2312P380,au2312P380,1.14,0.0,0.0,0.0,1,1.1,1.18,1,1.14,1.04,0.0,0.0,0.0,0.0,82
2023-05-10 21:23:00,au2312P380,au2312P380,1.14,0.0,0.0,0.0,1,1.12,1.18,1,1.14,1.04,0.0,0.0,0.0,0.0,82
2023-05-10 21:26:17,au2312P380,au2312P380,1.14,0.0,0.0,0.0,1,1.1,1.18,1,1.14,1.04,0.0,0.0,0.0,0.0,82
2023-05-10 21:26:51,au2312P380,au2312P380,1.14,0.0,0.0,0.0,1,1.12,1.18,1,1.14,1.04,0.0,0.0,0.0,0.0,82
2023-05-10 21:28:09,au2312P380,au2312P380,1.14,0.0,0.0,0.0,1,1.1,1.18,1,1.14,1.04,0.0,0.0,0.0,0.0,82
2023-05-10 21:28:48,au2312P380,au2312P380,1.14,0.0,0.0,0.0,1,1.12,1.18,1,1.14,1.04,0.0,0.0,0.0,0.0,82
2023-05-10 21:30:01,au2312P380,au2312P380,1.14,0.0,0.0,0.0,1,1.1,1.18,1,1.14,1.04,0.0,0.0,0.0,0.0,82
2023-05-10 21:33:31,au2312P380,au2312P380,1.14,0.0,0.0,0.0,1,1.1,1.16,1,1.14,1.04,0.0,0.0,0.0,0.0,82
2023-05-10 21:36:08,au2312P380,au2312P380,1.14,0.0,0.0,0.0,1,1.08,1.16,1,1.14,1.04,0.0,0.0,0.0,0.0,82
2023-05-10 21:40:03,au2312P380,au2312P380,1.14,0.0,0.0,0.0,1,1.1,1.16,1,1.14,1.04,0.0,0.0,0.0,0.0,82
2023-05-10 21:40:43,au2312P380,au2312P380,1.14,0.0,0.0,0.0,1,1.08,1.16,1,1.14,1.04,0.0,0.0,0.0,0.0,82
2023-05-10 21:42:14,au2312P380,au2312P380,1.14,0.0,0.0,0.0,1,1.1,1.16,1,1.14,1.04,0.0,0.0,0.0,0.0,82
2023-05-10 21:43:24,au2312P380,au2312P380,1.14,0.0,0.0,0.0,1,1.08,1.16,1,1.14,1.04,0.0,0.0,0.0,0.0,82
2023-05-10 21:46:32,au2312P380,au2312P380,1.14,0.0,0.0,0.0,1,1.08,1.14,1,1.14,1.04,0.0,0.0,0.0,0.0,82
2023-05-10 21:47:07,au2312P380,au2312P380,1.14,0.0,0.0,0.0,1,1.06,1.14,1,1.14,1.04,0.0,0.0,0.0,0.0,82
2023-05-10 21:48:52,au2312P380,au2312P380,1.14,0.0,0.0,0.0,1,1.08,1.14,1,1.14,1.04,0.0,0.0,0.0,0.0,82
2023-05-10 21:50:41,au2312P380,au2312P380,1.14,0.0,0.0,0.0,1,1.06,1.14,1,1.14,1.04,0.0,0.0,0.0,0.0,82
2023-05-10 21:51:51,au2312P380,au2312P380,1.14,0.0,0.0,0.0,1,1.08,1.14,1,1.14,1.04,0.0,0.0,0.0,0.0,82
2023-05-10 22:12:20,au2312P380,au2312P380,1.14,0.0,0.0,0.0,1,1.08,1.16,1,1.14,1.04,0.0,0.0,0.0,0.0,82
2023-05-10 22:13:04,au2312P380,au2312P380,1.14,0.0,0.0,0.0,1,1.1,1.16,1,1.14,1.04,0.0,0.0,0.0,0.0,82
2023-05-10 22:13:32,au2312P380,au2312P380,1.14,0.0,0.0,0.0,1,1.08,1.16,1,1.14,1.04,0.0,0.0,0.0,0.0,82
2023-05-10 22:14:51,au2312P380,au2312P380,1.14,0.0,0.0,0.0,1,1.1,1.16,1,1.14,1.04,0.0,0.0,0.0,0.0,82
2023-05-10 22:38:36,au2312P380,au2312P380,1.14,0.0,0.0,0.0,1,1.1,1.18,1,1.14,1.04,0.0,0.0,0.0,0.0,82
2023-05-10 22:38:37,au2312P380,au2312P380,1.14,0.0,0.0,0.0,1,1.12,1.18,1,1.14,1.04,0.0,0.0,0.0,0.0,82
2023-05-10 22:56:01,au2312P380,au2312P380,1.14,0.0,0.0,0.0,1,1.12,10.22,1,1.14,1.04,0.0,0.0,0.0,0.0,82
2023-05-10 22:56:02,au2312P380,au2312P380,1.14,0.0,0.0,0.0,1,1.12,1.2,1,1.14,1.04,0.0,0.0,0.0,0.0,82
2023-05-10 22:56:02,au2312P380,au2312P380,1.14,0.0,0.0,0.0,1,1.12,1.2,1,1.14,1.04,0.0,0.0,0.0,0.0,82
2023-05-10 22:56:03,au2312P380,au2312P380,1.14,0.0,0.0,0.0,1,1.12,1.2,1,1.14,1.04,0.0,0.0,0.0,0.0,82
2023-05-10 23:07:36,au2312P380,au2312P380,1.14,0.0,0.0,0.0,1,1.14,1.2,1,1.14,1.04,0.0,0.0,0.0,0.0,82
2023-05-10 23:10:17,au2312P380,au2312P380,1.14,0.0,0.0,0.0,1,1.14,1.2,1,1.14,1.04,0.0,0.0,0.0,0.0,82
2023-05-10 23:10:18,au2312P380,au2312P380,1.14,0.0,0.0,0.0,1,1.14,6.24,1,1.14,1.04,0.0,0.0,0.0,0.0,82
2023-05-10 23:10:18,au2312P380,au2312P380,1.14,0.0,0.0,0.0,1,1.14,1.22,1,1.14,1.04,0.0,0.0,0.0,0.0,82
2023-05-10 23:10:19,au2312P380,au2312P380,1.14,0.0,0.0,0.0,1,1.14,1.22,1,1.14,1.04,0.0,0.0,0.0,0.0,82
2023-05-10 23:10:35,au2312P380,au2312P380,1.14,0.0,0.0,0.0,1,1.16,1.22,1,1.14,1.04,0.0,0.0,0.0,0.0,82
2023-05-10 23:11:09,au2312P380,au2312P380,1.14,0.0,0.0,0.0,1,1.14,1.22,1,1.14,1.04,0.0,0.0,0.0,0.0,82
2023-05-10 23:12:10,au2312P380,au2312P380,1.14,0.0,0.0,0.0,1,1.16,1.22,1,1.14,1.04,0.0,0.0,0.0,0.0,82
2023-05-10 23:14:28,au2312P380,au2312P380,1.14,0.0,0.0,0.0,1,1.14,1.22,1,1.14,1.04,0.0,0.0,0.0,0.0,82
2023-05-10 23:14:32,au2312P380,au2312P380,1.14,0.0,0.0,0.0,1,1.16,1.22,1,1.14,1.04,0.0,0.0,0.0,0.0,82
2023-05-10 23:17:49,au2312P380,au2312P380,1.14,0.0,0.0,0.0,1,1.14,1.22,1,1.14,1.04,0.0,0.0,0.0,0.0,82
2023-05-10 23:18:09,au2312P380,au2312P380,1.14,0.0,0.0,0.0,5,1.0,0.0,0,1.14,1.04,0.0,0.0,0.0,0.0,82
2023-05-10 23:18:09,au2312P380,au2312P380,1.14,0.0,0.0,0.0,5,1.0,32.94,1,1.14,1.04,0.0,0.0,0.0,0.0,82
2023-05-10 23:18:27,au2312P380,au2312P380,1.14,0.0,0.0,0.0,1,1.12,1.22,1,1.14,1.04,0.0,0.0,0.0,0.0,82
2023-05-10 23:18:27,au2312P380,au2312P380,1.14,0.0,0.0,0.0,1,1.12,1.22,1,1.14,1.04,0.0,0.0,0.0,0.0,82
2023-05-10 23:18:31,au2312P380,au2312P380,1.14,0.0,0.0,0.0,1,1.12,1.22,1,1.14,1.04,0.0,0.0,0.0,0.0,82
2023-05-10 23:18:45,au2312P380,au2312P380,1.14,0.0,0.0,0.0,1,1.12,1.2,1,1.14,1.04,0.0,0.0,0.0,0.0,82
2023-05-10 23:25:54,au2312P380,au2312P380,1.14,0.0,0.0,0.0,6,1.0,10.26,1,1.14,1.04,0.0,0.0,0.0,0.0,82
2023-05-10 23:25:55,au2312P380,au2312P380,1.14,0.0,0.0,0.0,6,1.0,10.2,1,1.14,1.04,0.0,0.0,0.0,0.0,82
2023-05-10 23:25:55,au2312P380,au2312P380,1.14,0.0,0.0,0.0,6,1.0,6.44,1,1.14,1.04,0.0,0.0,0.0,0.0,82
2023-05-10 23:25:56,au2312P380,au2312P380,1.14,0.0,0.0,0.0,6,1.0,6.38,1,1.14,1.04,0.0,0.0,0.0,0.0,82
2023-05-10 23:25:57,au2312P380,au2312P380,1.14,0.0,0.0,0.0,6,1.0,2.62,1,1.14,1.04,0.0,0.0,0.0,0.0,82
2023-05-10 23:25:57,au2312P380,au2312P380,1.14,0.0,0.0,0.0,6,1.0,2.62,1,1.14,1.04,0.0,0.0,0.0,0.0,82
2023-05-10 23:26:28,au2312P380,au2312P380,1.14,0.0,0.0,0.0,5,1.0,0.0,0,1.14,1.04,0.0,0.0,0.0,0.0,82
2023-05-10 23:26:29,au2312P380,au2312P380,1.14,0.0,0.0,0.0,5,1.0,32.94,1,1.14,1.04,0.0,0.0,0.0,0.0,82
2023-05-10 23:27:07,au2312P380,au2312P380,1.14,0.0,0.0,0.0,1,1.12,1.2,1,1.14,1.04,0.0,0.0,0.0,0.0,82
2023-05-10 23:27:08,au2312P380,au2312P380,1.14,0.0,0.0,0.0,1,1.12,1.2,1,1.14,1.04,0.0,0.0,0.0,0.0,82
2023-05-10 23:27:12,au2312P380,au2312P380,1.14,0.0,0.0,0.0,1,1.12,1.2,1,1.14,1.04,0.0,0.0,0.0,0.0,82
2023-05-10 23:31:36,au2312P380,au2312P380,1.14,0.0,0.0,0.0,5,1.0,10.26,1,1.14,1.04,0.0,0.0,0.0,0.0,82
2023-05-10 23:31:37,au2312P380,au2312P380,1.14,0.0,0.0,0.0,5,1.0,10.2,1,1.14,1.04,0.0,0.0,0.0,0.0,82
2023-05-10 23:31:41,au2312P380,au2312P380,1.14,0.0,0.0,0.0,5,1.0,10.2,1,1.14,1.04,0.0,0.0,0.0,0.0,82
2023-05-11 01:07:27,au2312P380,au2312P380,1.14,0.0,0.0,0.0,5,1.0,9.98,1,1.14,1.04,0.0,0.0,0.0,0.0,82
2023-05-11 01:07:27,au2312P380,au2312P380,1.14,0.0,0.0,0.0,5,1.0,9.92,1,1.14,1.04,0.0,0.0,0.0,0.0,82
2023-05-11 01:07:28,au2312P380,au2312P380,1.14,0.0,0.0,0.0,5,1.0,9.92,1,1.14,1.04,0.0,0.0,0.0,0.0,82
2023-05-11 01:07:28,au2312P380,au2312P380,1.14,0.0,0.0,0.0,1,1.04,1.08,2,1.14,1.04,0.0,0.0,0.0,0.0,82
2023-05-11 01:07:29,au2312P380,au2312P380,1.14,0.0,0.0,0.0,1,1.04,1.08,2,1.14,1.04,0.0,0.0,0.0,0.0,82
2023-05-11 01:07:31,au2312P380,au2312P380,1.04,1.0,1040.0,0.0,7,1.0,1.08,3,1.14,1.04,1.04,1.04,1.0,1040.0,82
2023-05-11 01:07:31,au2312P380,au2312P380,1.04,0.0,0.0,0.0,6,1.0,1.08,2,1.14,1.04,1.04,1.04,1.0,1040.0,82
2023-05-11 01:07:33,au2312P380,au2312P380,1.04,0.0,0.0,0.0,7,1.0,1.08,3,1.14,1.04,1.04,1.04,1.0,1040.0,82
2023-05-11 01:07:35,au2312P380,au2312P380,1.04,0.0,0.0,0.0,8,1.0,1.06,1,1.14,1.04,1.04,1.04,1.0,1040.0,82
2023-05-11 01:07:37,au2312P380,au2312P380,1.04,0.0,0.0,0.0,9,1.0,1.06,2,1.14,1.04,1.04,1.04,1.0,1040.0,82
2023-05-11 01:07:39,au2312P380,au2312P380,1.04,0.0,0.0,0.0,9,1.0,1.06,2,1.14,1.04,1.04,1.04,1.0,1040.0,82
2023-05-11 01:07:40,au2312P380,au2312P380,1.04,0.0,0.0,0.0,9,1.0,1.06,2,1.14,1.04,1.04,1.04,1.0,1040.0,82
2023-05-11 01:07:41,au2312P380,au2312P380,1.04,0.0,0.0,0.0,8,1.0,1.06,2,1.14,1.04,1.04,1.04,1.0,1040.0,82
2023-05-11 01:07:44,au2312P380,au2312P380,1.04,0.0,0.0,0.0,7,1.0,1.06,2,1.14,1.04,1.04,1.04,1.0,1040.0,82
2023-05-11 01:07:46,au2312P380,au2312P380,1.04,0.0,0.0,0.0,6,1.0,1.06,1,1.14,1.04,1.04,1.04,1.0,1040.0,82
2023-05-11 01:07:48,au2312P380,au2312P380,1.04,0.0,0.0,0.0,5,1.0,0.0,0,1.14,1.04,1.04,1.04,1.0,1040.0,82
2023-05-11 01:07:48,au2312P380,au2312P380,1.04,0.0,0.0,0.0,5,1.0,32.94,1,1.14,1.04,1.04,1.04,1.0,1040.0,82
2023-05-11 01:07:49,au2312P380,au2312P380,1.04,0.0,0.0,0.0,5,1.0,32.92,1,1.14,1.04,1.04,1.04,1.0,1040.0,82
2023-05-11 01:07:49,au2312P380,au2312P380,1.04,0.0,0.0,0.0,5,1.0,32.86,1,1.14,1.04,1.04,1.04,1.0,1040.0,82
2023-05-11 01:07:50,au2312P380,au2312P380,1.04,0.0,0.0,0.0,5,1.0,32.84,1,1.14,1.04,1.04,1.04,1.0,1040.0,82
2023-05-11 01:07:50,au2312P380,au2312P380,1.04,0.0,0.0,0.0,5,1.0,32.78,1,1.14,1.04,1.04,1.04,1.0,1040.0,82
2023-05-11 01:07:51,au2312P380,au2312P380,1.04,0.0,0.0,0.0,5,1.0,32.76,1,1.14,1.04,1.04,1.04,1.0,1040.0,82
2023-05-11 01:07:51,au2312P380,au2312P380,1.04,0.0,0.0,0.0,5,1.0,32.7,1,1.14,1.04,1.04,1.04,1.0,1040.0,82
2023-05-11 01:07:52,au2312P380,au2312P380,1.04,0.0,0.0,0.0,5,1.0,32.68,1,1.14,1.04,1.04,1.04,1.0,1040.0,82
2023-05-11 01:07:52,au2312P380,au2312P380,1.04,0.0,0.0,0.0,5,1.0,32.62,1,1.14,1.04,1.04,1.04,1.0,1040.0,82
2023-05-11 01:07:53,au2312P380,au2312P380,1.04,0.0,0.0,0.0,5,1.0,32.6,1,1.14,1.04,1.04,1.04,1.0,1040.0,82
2023-05-11 01:07:53,au2312P380,au2312P380,1.04,0.0,0.0,0.0,5,1.0,32.54,1,1.14,1.04,1.04,1.04,1.0,1040.0,82
2023-05-11 01:07:54,au2312P380,au2312P380,1.04,0.0,0.0,0.0,5,1.0,32.52,1,1.14,1.04,1.04,1.04,1.0,1040.0,82
2023-05-11 01:07:54,au2312P380,au2312P380,1.04,0.0,0.0,0.0,5,1.0,32.46,1,1.14,1.04,1.04,1.04,1.0,1040.0,82
2023-05-11 01:07:55,au2312P380,au2312P380,1.04,0.0,0.0,0.0,5,1.0,32.44,1,1.14,1.04,1.04,1.04,1.0,1040.0,82
2023-05-11 01:07:55,au2312P380,au2312P380,1.04,0.0,0.0,0.0,5,1.0,32.38,1,1.14,1.04,1.04,1.04,1.0,1040.0,82
2023-05-11 01:07:56,au2312P380,au2312P380,1.04,0.0,0.0,0.0,5,1.0,32.36,1,1.14,1.04,1.04,1.04,1.0,1040.0,82
2023-05-11 01:07:56,au2312P380,au2312P380,1.04,0.0,0.0,0.0,5,1.0,32.3,1,1.14,1.04,1.04,1.04,1.0,1040.0,82
2023-05-11 01:07:57,au2312P380,au2312P380,1.04,0.0,0.0,0.0,5,1.0,32.28,1,1.14,1.04,1.04,1.04,1.0,1040.0,82
2023-05-11 01:07:57,au2312P380,au2312P380,1.04,0.0,0.0,0.0,5,1.0,32.22,1,1.14,1.04,1.04,1.04,1.0,1040.0,82
2023-05-11 01:07:58,au2312P380,au2312P380,1.04,0.0,0.0,0.0,5,1.0,32.2,1,1.14,1.04,1.04,1.04,1.0,1040.0,82
2023-05-11 01:07:58,au2312P380,au2312P380,1.04,0.0,0.0,0.0,5,1.0,32.14,1,1.14,1.04,1.04,1.04,1.0,1040.0,82
2023-05-11 01:07:59,au2312P380,au2312P380,1.04,0.0,0.0,0.0,5,1.0,32.12,1,1.14,1.04,1.04,1.04,1.0,1040.0,82
2023-05-11 01:07:59,au2312P380,au2312P380,1.04,0.0,0.0,0.0,5,1.0,32.06,1,1.14,1.04,1.04,1.04,1.0,1040.0,82
2023-05-11 01:08:00,au2312P380,au2312P380,1.04,0.0,0.0,0.0,5,1.0,32.04,1,1.14,1.04,1.04,1.04,1.0,1040.0,82
2023-05-11 01:08:00,au2312P380,au2312P380,1.04,0.0,0.0,0.0,5,1.0,31.98,1,1.14,1.04,1.04,1.04,1.0,1040.0,82
2023-05-11 01:08:01,au2312P380,au2312P380,1.04,0.0,0.0,0.0,5,1.0,31.96,1,1.14,1.04,1.04,1.04,1.0,1040.0,82
2023-05-11 01:08:01,au2312P380,au2312P380,1.04,0.0,0.0,0.0,5,1.0,31.9,1,1.14,1.04,1.04,1.04,1.0,1040.0,82
2023-05-11 01:08:11,au2312P380,au2312P380,1.04,0.0,0.0,0.0,5,1.0,31.88,1,1.14,1.04,1.04,1.04,1.0,1040.0,82
2023-05-11 01:08:11,au2312P380,au2312P380,1.04,0.0,0.0,0.0,5,1.0,31.82,1,1.14,1.04,1.04,1.04,1.0,1040.0,82
2023-05-11 01:08:21,au2312P380,au2312P380,1.04,0.0,0.0,0.0,5,1.0,31.8,1,1.14,1.04,1.04,1.04,1.0,1040.0,82
2023-05-11 01:08:21,au2312P380,au2312P380,1.04,0.0,0.0,0.0,5,1.0,31.74,1,1.14,1.04,1.04,1.04,1.0,1040.0,82
2023-05-11 01:08:31,au2312P380,au2312P380,1.04,0.0,0.0,0.0,5,1.0,31.72,1,1.14,1.04,1.04,1.04,1.0,1040.0,82
2023-05-11 01:08:31,au2312P380,au2312P380,1.04,0.0,0.0,0.0,5,1.0,31.66,1,1.14,1.04,1.04,1.04,1.0,1040.0,82
2023-05-11 01:08:44,au2312P380,au2312P380,1.04,0.0,0.0,0.0,5,1.0,31.64,1,1.14,1.04,1.04,1.04,1.0,1040.0,82
2023-05-11 01:08:44,au2312P380,au2312P380,1.04,0.0,0.0,0.0,5,1.0,31.58,1,1.14,1.04,1.04,1.04,1.0,1040.0,82
2023-05-11 01:08:54,au2312P380,au2312P380,1.04,0.0,0.0,0.0,5,1.0,31.56,1,1.14,1.04,1.04,1.04,1.0,1040.0,82
2023-05-11 01:08:54,au2312P380,au2312P380,1.04,0.0,0.0,0.0,5,1.0,31.5,1,1.14,1.04,1.04,1.04,1.0,1040.0,82
2023-05-11 01:09:03,au2312P380,au2312P380,1.04,0.0,0.0,0.0,5,1.0,1.08,1,1.14,1.04,1.04,1.04,1.0,1040.0,82
2023-05-11 01:09:04,au2312P380,au2312P380,1.04,0.0,0.0,0.0,5,1.0,1.08,1,1.14,1.04,1.04,1.04,1.0,1040.0,82
2023-05-11 01:09:04,au2312P380,au2312P380,1.04,0.0,0.0,0.0,5,1.0,1.06,1,1.14,1.04,1.04,1.04,1.0,1040.0,82
2023-05-11 01:09:08,au2312P380,au2312P380,1.04,0.0,0.0,0.0,6,1.0,1.06,2,1.14,1.04,1.04,1.04,1.0,1040.0,82
2023-05-11 01:09:09,au2312P380,au2312P380,1.04,0.0,0.0,0.0,7,1.0,1.06,3,1.14,1.04,1.04,1.04,1.0,1040.0,82
2023-05-11 01:09:12,au2312P380,au2312P380,1.04,0.0,0.0,0.0,8,1.0,1.06,3,1.14,1.04,1.04,1.04,1.0,1040.0,82
2023-05-11 01:09:13,au2312P380,au2312P380,1.04,0.0,0.0,0.0,1,1.04,1.06,3,1.14,1.04,1.04,1.04,1.0,1040.0,82
2023-05-11 01:09:14,au2312P380,au2312P380,1.04,0.0,0.0,0.0,2,1.04,1.06,4,1.14,1.04,1.04,1.04,1.0,1040.0,82
2023-05-11 01:09:14,au2312P380,au2312P380,1.04,0.0,0.0,0.0,2,1.04,1.06,4,1.14,1.04,1.04,1.04,1.0,1040.0,82
2023-05-11 01:09:15,au2312P380,au2312P380,1.04,0.0,0.0,0.0,2,1.04,1.06,4,1.14,1.04,1.04,1.04,1.0,1040.0,82
2023-05-11 01:09:16,au2312P380,au2312P380,1.04,0.0,0.0,0.0,2,1.04,1.06,4,1.14,1.04,1.04,1.04,1.0,1040.0,82
2023-05-11 01:09:19,au2312P380,au2312P380,1.04,0.0,0.0,0.0,2,1.04,1.06,3,1.14,1.04,1.04,1.04,1.0,1040.0,82
2023-05-11 01:09:20,au2312P380,au2312P380,1.04,0.0,0.0,0.0,2,1.04,1.06,2,1.14,1.04,1.04,1.04,1.0,1040.0,82
2023-05-11 01:09:21,au2312P380,au2312P380,1.04,0.0,0.0,0.0,2,1.04,1.06,1,1.14,1.04,1.04,1.04,1.0,1040.0,82
2023-05-11 01:09:22,au2312P380,au2312P380,1.04,0.0,0.0,0.0,2,1.04,1.06,1,1.14,1.04,1.04,1.04,1.0,1040.0,82
2023-05-11 01:09:24,au2312P380,au2312P380,1.04,0.0,0.0,0.0,1,1.04,1.08,1,1.14,1.04,1.04,1.04,1.0,1040.0,82
2023-05-11 01:09:25,au2312P380,au2312P380,1.04,0.0,0.0,0.0,5,1.0,31.56,1,1.14,1.04,1.04,1.04,1.0,1040.0,82
2023-05-11 01:09:25,au2312P380,au2312P380,1.04,0.0,0.0,0.0,5,1.0,31.5,1,1.14,1.04,1.04,1.04,1.0,1040.0,82
2023-05-11 01:09:28,au2312P380,au2312P380,1.04,0.0,0.0,0.0,5,1.0,31.48,1,1.14,1.04,1.04,1.04,1.0,1040.0,82
2023-05-11 01:09:28,au2312P380,au2312P380,1.04,0.0,0.0,0.0,5,1.0,31.42,1,1.14,1.04,1.04,1.04,1.0,1040.0,82
2023-05-11 01:09:38,au2312P380,au2312P380,1.04,0.0,0.0,0.0,5,1.0,31.4,1,1.14,1.04,1.04,1.04,1.0,1040.0,82
2023-05-11 01:09:38,au2312P380,au2312P380,1.04,0.0,0.0,0.0,5,1.0,31.34,1,1.14,1.04,1.04,1.04,1.0,1040.0,82
2023-05-11 01:10:04,au2312P380,au2312P380,1.04,0.0,0.0,0.0,5,1.0,31.32,1,1.14,1.04,1.04,1.04,1.0,1040.0,82
2023-05-11 01:10:04,au2312P380,au2312P380,1.04,0.0,0.0,0.0,5,1.0,31.26,1,1.14,1.04,1.04,1.04,1.0,1040.0,82
2023-05-11 01:10:14,au2312P380,au2312P380,1.04,0.0,0.0,0.0,5,1.0,31.24,1,1.14,1.04,1.04,1.04,1.0,1040.0,82
2023-05-11 01:10:14,au2312P380,au2312P380,1.04,0.0,0.0,0.0,5,1.0,31.18,1,1.14,1.04,1.04,1.04,1.0,1040.0,82
2023-05-11 01:10:24,au2312P380,au2312P380,1.04,0.0,0.0,0.0,5,1.0,31.16,1,1.14,1.04,1.04,1.04,1.0,1040.0,82
2023-05-11 01:10:24,au2312P380,au2312P380,1.04,0.0,0.0,0.0,5,1.0,31.1,1,1.14,1.04,1.04,1.04,1.0,1040.0,82
2023-05-11 01:10:25,au2312P380,au2312P380,1.04,0.0,0.0,0.0,5,1.0,1.08,1,1.14,1.04,1.04,1.04,1.0,1040.0,82
2023-05-11 01:10:26,au2312P380,au2312P380,1.04,0.0,0.0,0.0,5,1.0,1.08,1,1.14,1.04,1.04,1.04,1.0,1040.0,82
2023-05-11 01:10:28,au2312P380,au2312P380,1.04,0.0,0.0,0.0,5,1.0,1.08,2,1.14,1.04,1.04,1.04,1.0,1040.0,82
2023-05-11 01:10:28,au2312P380,au2312P380,1.04,0.0,0.0,0.0,5,1.0,1.06,1,1.14,1.04,1.04,1.04,1.0,1040.0,82
2023-05-11 01:10:29,au2312P380,au2312P380,1.04,0.0,0.0,0.0,1,1.02,1.06,1,1.14,1.04,1.04,1.04,1.0,1040.0,82
2023-05-11 01:10:30,au2312P380,au2312P380,1.04,0.0,0.0,0.0,2,1.02,1.06,2,1.14,1.04,1.04,1.04,1.0,1040.0,82
2023-05-11 01:10:32,au2312P380,au2312P380,1.04,0.0,0.0,0.0,1,1.04,1.06,3,1.14,1.04,1.04,1.04,1.0,1040.0,82
2023-05-11 01:10:32,au2312P380,au2312P380,1.04,0.0,0.0,0.0,2,1.04,1.06,4,1.14,1.04,1.04,1.04,1.0,1040.0,82
2023-05-11 01:10:34,au2312P380,au2312P380,1.04,0.0,0.0,0.0,3,1.04,1.06,4,1.14,1.04,1.04,1.04,1.0,1040.0,82
2023-05-11 01:10:36,au2312P380,au2312P380,1.04,0.0,0.0,0.0,3,1.04,1.06,4,1.14,1.04,1.04,1.04,1.0,1040.0,82
2023-05-11 01:10:37,au2312P380,au2312P380,1.04,0.0,0.0,0.0,3,1.04,1.06,4,1.14,1.04,1.04,1.04,1.0,1040.0,82
2023-05-11 01:10:38,au2312P380,au2312P380,1.04,0.0,0.0,0.0,3,1.04,1.06,4,1.14,1.04,1.04,1.04,1.0,1040.0,82
2023-05-11 01:10:40,au2312P380,au2312P380,1.04,0.0,0.0,0.0,3,1.04,1.06,4,1.14,1.04,1.04,1.04,1.0,1040.0,82
2023-05-11 01:10:42,au2312P380,au2312P380,1.04,0.0,0.0,0.0,3,1.04,1.06,3,1.14,1.04,1.04,1.04,1.0,1040.0,82
2023-05-11 01:10:43,au2312P380,au2312P380,1.04,0.0,0.0,0.0,3,1.04,1.06,2,1.14,1.04,1.04,1.04,1.0,1040.0,82
2023-05-11 01:10:43,au2312P380,au2312P380,1.04,0.0,0.0,0.0,1,1.04,1.06,1,1.14,1.04,1.04,1.04,1.0,1040.0,82
2023-05-11 01:10:44,au2312P380,au2312P380,1.04,0.0,0.0,0.0,1,1.04,1.1,1,1.14,1.04,1.04,1.04,1.0,1040.0,82
2023-05-11 01:10:44,au2312P380,au2312P380,1.04,0.0,0.0,0.0,1,1.02,31.16,1,1.14,1.04,1.04,1.04,1.0,1040.0,82
2023-05-11 01:10:45,au2312P380,au2312P380,1.04,0.0,0.0,0.0,1,1.02,31.1,1,1.14,1.04,1.04,1.04,1.0,1040.0,82
2023-05-11 01:10:46,au2312P380,au2312P380,1.04,0.0,0.0,0.0,1,1.02,31.08,1,1.14,1.04,1.04,1.04,1.0,1040.0,82
2023-05-11 01:10:46,au2312P380,au2312P380,1.04,0.0,0.0,0.0,1,1.02,31.02,1,1.14,1.04,1.04,1.04,1.0,1040.0,82
2023-05-11 01:10:49,au2312P380,au2312P380,1.04,0.0,0.0,0.0,5,1.0,31.02,1,1.14,1.04,1.04,1.04,1.0,1040.0,82
2023-05-11 01:10:56,au2312P380,au2312P380,1.04,0.0,0.0,0.0,5,1.0,31.0,1,1.14,1.04,1.04,1.04,1.0,1040.0,82
2023-05-11 01:10:56,au2312P380,au2312P380,1.04,0.0,0.0,0.0,5,1.0,30.94,1,1.14,1.04,1.04,1.04,1.0,1040.0,82
2023-05-11 01:11:06,au2312P380,au2312P380,1.04,0.0,0.0,0.0,5,1.0,30.92,1,1.14,1.04,1.04,1.04,1.0,1040.0,82
2023-05-11 01:11:06,au2312P380,au2312P380,1.04,0.0,0.0,0.0,5,1.0,30.86,1,1.14,1.04,1.04,1.04,1.0,1040.0,82
2023-05-11 01:11:21,au2312P380,au2312P380,1.04,0.0,0.0,0.0,5,1.0,30.84,1,1.14,1.04,1.04,1.04,1.0,1040.0,82
2023-05-11 01:11:21,au2312P380,au2312P380,1.04,0.0,0.0,0.0,5,1.0,30.78,1,1.14,1.04,1.04,1.04,1.0,1040.0,82
2023-05-11 01:11:34,au2312P380,au2312P380,1.04,0.0,0.0,0.0,5,1.0,30.76,1,1.14,1.04,1.04,1.04,1.0,1040.0,82
2023-05-11 01:11:34,au2312P380,au2312P380,1.04,0.0,0.0,0.0,5,1.0,30.7,1,1.14,1.04,1.04,1.04,1.0,1040.0,82
2023-05-11 01:11:44,au2312P380,au2312P380,1.04,0.0,0.0,0.0,5,1.0,30.68,1,1.14,1.04,1.04,1.04,1.0,1040.0,82
2023-05-11 01:11:44,au2312P380,au2312P380,1.04,0.0,0.0,0.0,5,1.0,30.62,1,1.14,1.04,1.04,1.04,1.0,1040.0,82
2023-05-11 01:11:45,au2312P380,au2312P380,1.04,0.0,0.0,0.0,1,1.04,30.62,1,1.14,1.04,1.04,1.04,1.0,1040.0,82
2023-05-11 01:11:50,au2312P380,au2312P380,1.04,0.0,0.0,0.0,1,1.04,1.08,1,1.14,1.04,1.04,1.04,1.0,1040.0,82
2023-05-11 01:11:51,au2312P380,au2312P380,1.04,0.0,0.0,0.0,1,1.04,1.08,1,1.14,1.04,1.04,1.04,1.0,1040.0,82
2023-05-11 01:11:53,au2312P380,au2312P380,1.04,0.0,0.0,0.0,1,1.04,1.06,1,1.14,1.04,1.04,1.04,1.0,1040.0,82
2023-05-11 01:11:55,au2312P380,au2312P380,1.04,0.0,0.0,0.0,3,1.04,1.06,2,1.14,1.04,1.04,1.04,1.0,1040.0,82
2023-05-11 01:11:57,au2312P380,au2312P380,1.04,0.0,0.0,0.0,4,1.04,1.06,3,1.14,1.04,1.04,1.04,1.0,1040.0,82
2023-05-11 01:11:58,au2312P380,au2312P380,1.04,0.0,0.0,0.0,5,1.04,1.06,4,1.14,1.04,1.04,1.04,1.0,1040.0,82
2023-05-11 01:11:59,au2312P380,au2312P380,1.04,0.0,0.0,0.0,6,1.04,1.06,4,1.14,1.04,1.04,1.04,1.0,1040.0,82
2023-05-11 01:12:01,au2312P380,au2312P380,1.04,0.0,0.0,0.0,6,1.04,1.06,4,1.14,1.04,1.04,1.04,1.0,1040.0,82
2023-05-11 01:12:02,au2312P380,au2312P380,1.04,0.0,0.0,0.0,6,1.04,1.06,4,1.14,1.04,1.04,1.04,1.0,1040.0,82
2023-05-11 01:12:03,au2312P380,au2312P380,1.04,0.0,0.0,0.0,6,1.04,1.06,4,1.14,1.04,1.04,1.04,1.0,1040.0,82
2023-05-11 01:12:05,au2312P380,au2312P380,1.04,0.0,0.0,0.0,6,1.04,1.06,4,1.14,1.04,1.04,1.04,1.0,1040.0,82
2023-05-11 01:12:06,au2312P380,au2312P380,1.04,0.0,0.0,0.0,6,1.04,1.06,3,1.14,1.04,1.04,1.04,1.0,1040.0,82
2023-05-11 01:12:06,au2312P380,au2312P380,1.04,0.0,0.0,0.0,4,1.04,1.06,2,1.14,1.04,1.04,1.04,1.0,1040.0,82
2023-05-11 01:12:08,au2312P380,au2312P380,1.04,0.0,0.0,0.0,2,1.04,1.06,1,1.14,1.04,1.04,1.04,1.0,1040.0,82
2023-05-11 01:12:08,au2312P380,au2312P380,1.04,0.0,0.0,0.0,1,1.04,1.1,1,1.14,1.04,1.04,1.04,1.0,1040.0,82
2023-05-11 01:12:10,au2312P380,au2312P380,1.04,0.0,0.0,0.0,5,1.0,30.68,1,1.14,1.04,1.04,1.04,1.0,1040.0,82
2023-05-11 01:12:10,au2312P380,au2312P380,1.04,0.0,0.0,0.0,5,1.0,30.62,1,1.14,1.04,1.04,1.04,1.0,1040.0,82
2023-05-11 01:12:12,au2312P380,au2312P380,1.04,0.0,0.0,0.0,5,1.0,30.6,1,1.14,1.04,1.04,1.04,1.0,1040.0,82
2023-05-11 01:12:12,au2312P380,au2312P380,1.04,0.0,0.0,0.0,5,1.0,30.54,1,1.14,1.04,1.04,1.04,1.0,1040.0,82
2023-05-11 01:12:24,au2312P380,au2312P380,1.04,0.0,0.0,0.0,5,1.0,30.52,1,1.14,1.04,1.04,1.04,1.0,1040.0,82
2023-05-11 01:12:24,au2312P380,au2312P380,1.04,0.0,0.0,0.0,5,1.0,30.46,1,1.14,1.04,1.04,1.04,1.0,1040.0,82
2023-05-11 01:12:36,au2312P380,au2312P380,1.04,0.0,0.0,0.0,5,1.0,30.44,1,1.14,1.04,1.04,1.04,1.0,1040.0,82
2023-05-11 01:12:36,au2312P380,au2312P380,1.04,0.0,0.0,0.0,5,1.0,30.38,1,1.14,1.04,1.04,1.04,1.0,1040.0,82
2023-05-11 01:12:45,au2312P380,au2312P380,1.04,0.0,0.0,0.0,5,1.0,30.36,1,1.14,1.04,1.04,1.04,1.0,1040.0,82
2023-05-11 01:12:46,au2312P380,au2312P380,1.04,0.0,0.0,0.0,5,1.0,30.3,1,1.14,1.04,1.04,1.04,1.0,1040.0,82
2023-05-11 01:12:47,au2312P380,au2312P380,1.04,0.0,0.0,0.0,1,1.04,30.3,1,1.14,1.04,1.04,1.04,1.0,1040.0,82
2023-05-11 01:12:51,au2312P380,au2312P380,1.04,0.0,0.0,0.0,2,1.04,1.08,1,1.14,1.04,1.04,1.04,1.0,1040.0,82
2023-05-11 01:12:51,au2312P380,au2312P380,1.04,0.0,0.0,0.0,2,1.04,1.08,1,1.14,1.04,1.04,1.04,1.0,1040.0,82
2023-05-11 01:12:53,au2312P380,au2312P380,1.04,0.0,0.0,0.0,2,1.04,1.08,3,1.14,1.04,1.04,1.04,1.0,1040.0,82
2023-05-11 01:12:54,au2312P380,au2312P380,1.04,0.0,0.0,0.0,2,1.04,1.06,1,1.14,1.04,1.04,1.04,1.0,1040.0,82
2023-05-11 01:12:58,au2312P380,au2312P380,1.04,0.0,0.0,0.0,2,1.04,1.06,2,1.14,1.04,1.04,1.04,1.0,1040.0,82
2023-05-11 01:12:59,au2312P380,au2312P380,1.04,0.0,0.0,0.0,2,1.04,1.06,3,1.14,1.04,1.04,1.04,1.0,1040.0,82
2023-05-11 01:13:00,au2312P380,au2312P380,1.04,0.0,0.0,0.0,3,1.04,1.06,4,1.14,1.04,1.04,1.04,1.0,1040.0,82
2023-05-11 01:13:02,au2312P380,au2312P380,1.04,0.0,0.0,0.0,3,1.04,1.06,4,1.14,1.04,1.04,1.04,1.0,1040.0,82
2023-05-11 01:13:03,au2312P380,au2312P380,1.04,0.0,0.0,0.0,3,1.04,1.06,4,1.14,1.04,1.04,1.04,1.0,1040.0,82
2023-05-11 01:13:04,au2312P380,au2312P380,1.04,0.0,0.0,0.0,3,1.04,1.06,4,1.14,1.04,1.04,1.04,1.0,1040.0,82
2023-05-11 01:13:05,au2312P380,au2312P380,1.04,0.0,0.0,0.0,3,1.04,1.06,4,1.14,1.04,1.04,1.04,1.0,1040.0,82
2023-05-11 01:13:09,au2312P380,au2312P380,1.04,0.0,0.0,0.0,2,1.04,1.06,3,1.14,1.04,1.04,1.04,1.0,1040.0,82
2023-05-11 01:13:10,au2312P380,au2312P380,1.04,0.0,0.0,0.0,2,1.04,1.06,2,1.14,1.04,1.04,1.04,1.0,1040.0,82
2023-05-11 01:13:10,au2312P380,au2312P380,1.04,0.0,0.0,0.0,1,1.04,1.1,1,1.14,1.04,1.04,1.04,1.0,1040.0,82
2023-05-11 01:13:12,au2312P380,au2312P380,1.04,0.0,0.0,0.0,5,1.0,30.36,1,1.14,1.04,1.04,1.04,1.0,1040.0,82
2023-05-11 01:13:13,au2312P380,au2312P380,1.04,0.0,0.0,0.0,5,1.0,30.3,1,1.14,1.04,1.04,1.04,1.0,1040.0,82
2023-05-11 01:13:14,au2312P380,au2312P380,1.04,0.0,0.0,0.0,5,1.0,30.28,1,1.14,1.04,1.04,1.04,1.0,1040.0,82
2023-05-11 01:13:14,au2312P380,au2312P380,1.04,0.0,0.0,0.0,5,1.0,30.22,1,1.14,1.04,1.04,1.04,1.0,1040.0,82
2023-05-11 01:13:24,au2312P380,au2312P380,1.04,0.0,0.0,0.0,5,1.0,30.2,1,1.14,1.04,1.04,1.04,1.0,1040.0,82
2023-05-11 01:13:24,au2312P380,au2312P380,1.04,0.0,0.0,0.0,5,1.0,30.14,1,1.14,1.04,1.04,1.04,1.0,1040.0,82
2023-05-11 01:13:34,au2312P380,au2312P380,1.04,0.0,0.0,0.0,5,1.0,30.12,1,1.14,1.04,1.04,1.04,1.0,1040.0,82
2023-05-11 01:13:34,au2312P380,au2312P380,1.04,0.0,0.0,0.0,5,1.0,30.06,1,1.14,1.04,1.04,1.04,1.0,1040.0,82
2023-05-11 01:13:44,au2312P380,au2312P380,1.04,0.0,0.0,0.0,5,1.0,30.04,1,1.14,1.04,1.04,1.04,1.0,1040.0,82
2023-05-11 01:13:44,au2312P380,au2312P380,1.04,0.0,0.0,0.0,5,1.0,29.98,1,1.14,1.04,1.04,1.04,1.0,1040.0,82
2023-05-11 01:13:55,au2312P380,au2312P380,1.04,0.0,0.0,0.0,5,1.0,29.96,1,1.14,1.04,1.04,1.04,1.0,1040.0,82
2023-05-11 01:13:55,au2312P380,au2312P380,1.04,0.0,0.0,0.0,5,1.0,29.9,1,1.14,1.04,1.04,1.04,1.0,1040.0,82
2023-05-11 01:14:05,au2312P380,au2312P380,1.04,0.0,0.0,0.0,5,1.0,29.88,1,1.14,1.04,1.04,1.04,1.0,1040.0,82
2023-05-11 01:14:05,au2312P380,au2312P380,1.04,0.0,0.0,0.0,5,1.0,29.82,1,1.14,1.04,1.04,1.04,1.0,1040.0,82
2023-05-11 01:14:15,au2312P380,au2312P380,1.04,0.0,0.0,0.0,5,1.0,29.8,1,1.14,1.04,1.04,1.04,1.0,1040.0,82
2023-05-11 01:14:16,au2312P380,au2312P380,1.04,0.0,0.0,0.0,5,1.0,29.74,1,1.14,1.04,1.04,1.04,1.0,1040.0,82
2023-05-11 01:14:26,au2312P380,au2312P380,1.04,0.0,0.0,0.0,5,1.0,29.72,1,1.14,1.04,1.04,1.04,1.0,1040.0,82
2023-05-11 01:14:26,au2312P380,au2312P380,1.04,0.0,0.0,0.0,5,1.0,29.66,1,1.14,1.04,1.04,1.04,1.0,1040.0,82
2023-05-11 01:14:38,au2312P380,au2312P380,1.04,0.0,0.0,0.0,5,1.0,29.64,1,1.14,1.04,1.04,1.04,1.0,1040.0,82
2023-05-11 01:14:38,au2312P380,au2312P380,1.04,0.0,0.0,0.0,5,1.0,29.58,1,1.14,1.04,1.04,1.04,1.0,1040.0,82
2023-05-11 01:14:48,au2312P380,au2312P380,1.04,0.0,0.0,0.0,5,1.0,29.56,1,1.14,1.04,1.04,1.04,1.0,1040.0,82
2023-05-11 01:14:48,au2312P380,au2312P380,1.04,0.0,0.0,0.0,5,1.0,29.5,1,1.14,1.04,1.04,1.04,1.0,1040.0,82
2023-05-11 01:14:58,au2312P380,au2312P380,1.04,0.0,0.0,0.0,5,1.0,29.48,1,1.14,1.04,1.04,1.04,1.0,1040.0,82
2023-05-11 01:14:58,au2312P380,au2312P380,1.04,0.0,0.0,0.0,5,1.0,29.42,1,1.14,1.04,1.04,1.04,1.0,1040.0,82
2023-05-11 01:15:08,au2312P380,au2312P380,1.04,0.0,0.0,0.0,5,1.0,29.4,1,1.14,1.04,1.04,1.04,1.0,1040.0,82
2023-05-11 01:15:08,au2312P380,au2312P380,1.04,0.0,0.0,0.0,5,1.0,29.34,1,1.14,1.04,1.04,1.04,1.0,1040.0,82
2023-05-11 01:15:18,au2312P380,au2312P380,1.04,0.0,0.0,0.0,5,1.0,29.32,1,1.14,1.04,1.04,1.04,1.0,1040.0,82
2023-05-11 01:15:18,au2312P380,au2312P380,1.04,0.0,0.0,0.0,5,1.0,29.26,1,1.14,1.04,1.04,1.04,1.0,1040.0,82
2023-05-11 01:15:28,au2312P380,au2312P380,1.04,0.0,0.0,0.0,5,1.0,29.24,1,1.14,1.04,1.04,1.04,1.0,1040.0,82
2023-05-11 01:15:28,au2312P380,au2312P380,1.04,0.0,0.0,0.0,5,1.0,29.18,1,1.14,1.04,1.04,1.04,1.0,1040.0,82
2023-05-11 01:15:37,au2312P380,au2312P380,1.04,0.0,0.0,0.0,5,1.0,29.16,1,1.14,1.04,1.04,1.04,1.0,1040.0,82
2023-05-11 01:15:38,au2312P380,au2312P380,1.04,0.0,0.0,0.0,5,1.0,29.1,1,1.14,1.04,1.04,1.04,1.0,1040.0,82
2023-05-11 01:15:48,au2312P380,au2312P380,1.04,0.0,0.0,0.0,5,1.0,29.08,1,1.14,1.04,1.04,1.04,1.0,1040.0,82
2023-05-11 01:15:48,au2312P380,au2312P380,1.04,0.0,0.0,0.0,5,1.0,29.02,1,1.14,1.04,1.04,1.04,1.0,1040.0,82
2023-05-11 01:15:58,au2312P380,au2312P380,1.04,0.0,0.0,0.0,5,1.0,29.0,1,1.14,1.04,1.04,1.04,1.0,1040.0,82
2023-05-11 01:15:58,au2312P380,au2312P380,1.04,0.0,0.0,0.0,5,1.0,28.94,1,1.14,1.04,1.04,1.04,1.0,1040.0,82
2023-05-11 01:16:08,au2312P380,au2312P380,1.04,0.0,0.0,0.0,5,1.0,28.92,1,1.14,1.04,1.04,1.04,1.0,1040.0,82
2023-05-11 01:16:08,au2312P380,au2312P380,1.04,0.0,0.0,0.0,5,1.0,28.86,1,1.14,1.04,1.04,1.04,1.0,1040.0,82
2023-05-11 01:16:19,au2312P380,au2312P380,1.04,0.0,0.0,0.0,5,1.0,28.84,1,1.14,1.04,1.04,1.04,1.0,1040.0,82
2023-05-11 01:16:19,au2312P380,au2312P380,1.04,0.0,0.0,0.0,5,1.0,28.78,1,1.14,1.04,1.04,1.04,1.0,1040.0,82
2023-05-11 01:16:29,au2312P380,au2312P380,1.04,0.0,0.0,0.0,5,1.0,28.76,1,1.14,1.04,1.04,1.04,1.0,1040.0,82
2023-05-11 01:16:29,au2312P380,au2312P380,1.04,0.0,0.0,0.0,5,1.0,28.7,1,1.14,1.04,1.04,1.04,1.0,1040.0,82
2023-05-11 01:16:39,au2312P380,au2312P380,1.04,0.0,0.0,0.0,5,1.0,28.68,1,1.14,1.04,1.04,1.04,1.0,1040.0,82
2023-05-11 01:16:39,au2312P380,au2312P380,1.04,0.0,0.0,0.0,5,1.0,28.62,1,1.14,1.04,1.04,1.04,1.0,1040.0,82
2023-05-11 01:16:49,au2312P380,au2312P380,1.04,0.0,0.0,0.0,5,1.0,28.6,1,1.14,1.04,1.04,1.04,1.0,1040.0,82
2023-05-11 01:16:49,au2312P380,au2312P380,1.04,0.0,0.0,0.0,5,1.0,28.54,1,1.14,1.04,1.04,1.04,1.0,1040.0,82
2023-05-11 01:16:59,au2312P380,au2312P380,1.04,0.0,0.0,0.0,5,1.0,28.52,1,1.14,1.04,1.04,1.04,1.0,1040.0,82
2023-05-11 01:17:00,au2312P380,au2312P380,1.04,0.0,0.0,0.0,5,1.0,28.46,1,1.14,1.04,1.04,1.04,1.0,1040.0,82
2023-05-11 01:17:10,au2312P380,au2312P380,1.04,0.0,0.0,0.0,5,1.0,28.44,1,1.14,1.04,1.04,1.04,1.0,1040.0,82
2023-05-11 01:17:10,au2312P380,au2312P380,1.04,0.0,0.0,0.0,5,1.0,28.38,1,1.14,1.04,1.04,1.04,1.0,1040.0,82
2023-05-11 01:17:20,au2312P380,au2312P380,1.04,0.0,0.0,0.0,1,1.02,28.38,1,1.14,1.04,1.04,1.04,1.0,1040.0,82
2023-05-11 01:17:21,au2312P380,au2312P380,1.04,0.0,0.0,0.0,1,1.02,28.36,1,1.14,1.04,1.04,1.04,1.0,1040.0,82
2023-05-11 01:17:21,au2312P380,au2312P380,1.04,0.0,0.0,0.0,1,1.02,28.3,1,1.14,1.04,1.04,1.04,1.0,1040.0,82
2023-05-11 01:17:24,au2312P380,au2312P380,1.04,0.0,0.0,0.0,1,1.02,1.08,1,1.14,1.04,1.04,1.04,1.0,1040.0,82
2023-05-11 01:17:25,au2312P380,au2312P380,1.04,0.0,0.0,0.0,1,1.02,1.08,1,1.14,1.04,1.04,1.04,1.0,1040.0,82
2023-05-11 01:17:25,au2312P380,au2312P380,1.04,0.0,0.0,0.0,1,1.02,1.08,2,1.14,1.04,1.04,1.04,1.0,1040.0,82
2023-05-11 01:17:27,au2312P380,au2312P380,1.04,0.0,0.0,0.0,1,1.02,1.08,3,1.14,1.04,1.04,1.04,1.0,1040.0,82
2023-05-11 01:17:29,au2312P380,au2312P380,1.04,0.0,0.0,0.0,1,1.04,1.08,5,1.14,1.04,1.04,1.04,1.0,1040.0,82
2023-05-11 01:17:31,au2312P380,au2312P380,1.04,0.0,0.0,0.0,1,1.04,1.06,1,1.14,1.04,1.04,1.04,1.0,1040.0,82
2023-05-11 01:17:31,au2312P380,au2312P380,1.04,0.0,0.0,0.0,2,1.04,1.06,2,1.14,1.04,1.04,1.04,1.0,1040.0,82
2023-05-11 01:17:33,au2312P380,au2312P380,1.04,0.0,0.0,0.0,3,1.04,1.06,2,1.14,1.04,1.04,1.04,1.0,1040.0,82
2023-05-11 01:17:35,au2312P380,au2312P380,1.04,0.0,0.0,0.0,3,1.04,1.06,2,1.14,1.04,1.04,1.04,1.0,1040.0,82
2023-05-11 01:17:36,au2312P380,au2312P380,1.04,0.0,0.0,0.0,3,1.04,1.06,2,1.14,1.04,1.04,1.04,1.0,1040.0,82
2023-05-11 01:17:37,au2312P380,au2312P380,1.04,0.0,0.0,0.0,3,1.04,1.06,2,1.14,1.04,1.04,1.04,1.0,1040.0,82
2023-05-11 01:17:39,au2312P380,au2312P380,1.04,0.0,0.0,0.0,3,1.04,1.06,2,1.14,1.04,1.04,1.04,1.0,1040.0,82
2023-05-11 01:17:40,au2312P380,au2312P380,1.04,0.0,0.0,0.0,2,1.04,1.06,2,1.14,1.04,1.04,1.04,1.0,1040.0,82
2023-05-11 01:17:40,au2312P380,au2312P380,1.04,0.0,0.0,0.0,2,1.04,1.06,2,1.14,1.04,1.04,1.04,1.0,1040.0,82
2023-05-11 01:17:41,au2312P380,au2312P380,1.04,0.0,0.0,0.0,1,1.04,1.06,1,1.14,1.04,1.04,1.04,1.0,1040.0,82
2023-05-11 01:17:42,au2312P380,au2312P380,1.04,0.0,0.0,0.0,1,1.04,1.1,1,1.14,1.04,1.04,1.04,1.0,1040.0,82
2023-05-11 01:17:43,au2312P380,au2312P380,1.04,0.0,0.0,0.0,5,1.0,28.36,1,1.14,1.04,1.04,1.04,1.0,1040.0,82
2023-05-11 01:17:44,au2312P380,au2312P380,1.04,0.0,0.0,0.0,5,1.0,28.3,1,1.14,1.04,1.04,1.04,1.0,1040.0,82
2023-05-11 01:17:45,au2312P380,au2312P380,1.04,0.0,0.0,0.0,5,1.0,28.28,1,1.14,1.04,1.04,1.04,1.0,1040.0,82
2023-05-11 01:17:46,au2312P380,au2312P380,1.04,0.0,0.0,0.0,5,1.0,28.22,1,1.14,1.04,1.04,1.04,1.0,1040.0,82
2023-05-11 01:18:04,au2312P380,au2312P380,1.04,0.0,0.0,0.0,5,1.0,28.22,1,1.14,1.04,1.04,1.04,1.0,1040.0,82
2023-05-11 01:18:15,au2312P380,au2312P380,1.04,0.0,0.0,0.0,5,1.0,28.2,1,1.14,1.04,1.04,1.04,1.0,1040.0,82
2023-05-11 01:18:15,au2312P380,au2312P380,1.04,0.0,0.0,0.0,5,1.0,28.14,1,1.14,1.04,1.04,1.04,1.0,1040.0,82
2023-05-11 01:18:26,au2312P380,au2312P380,1.04,0.0,0.0,0.0,5,1.0,28.12,1,1.14,1.04,1.04,1.04,1.0,1040.0,82
2023-05-11 01:18:27,au2312P380,au2312P380,1.04,0.0,0.0,0.0,5,1.0,28.06,1,1.14,1.04,1.04,1.04,1.0,1040.0,82
2023-05-11 01:18:40,au2312P380,au2312P380,1.04,0.0,0.0,0.0,5,1.0,28.04,1,1.14,1.04,1.04,1.04,1.0,1040.0,82
2023-05-11 01:18:41,au2312P380,au2312P380,1.04,0.0,0.0,0.0,5,1.0,27.98,1,1.14,1.04,1.04,1.04,1.0,1040.0,82
2023-05-11 01:18:51,au2312P380,au2312P380,1.04,0.0,0.0,0.0,5,1.0,27.96,1,1.14,1.04,1.04,1.04,1.0,1040.0,82
2023-05-11 01:18:51,au2312P380,au2312P380,1.04,0.0,0.0,0.0,5,1.0,27.9,1,1.14,1.04,1.04,1.04,1.0,1040.0,82
2023-05-11 01:19:04,au2312P380,au2312P380,1.04,0.0,0.0,0.0,5,1.0,27.88,1,1.14,1.04,1.04,1.04,1.0,1040.0,82
2023-05-11 01:19:04,au2312P380,au2312P380,1.04,0.0,0.0,0.0,5,1.0,27.82,1,1.14,1.04,1.04,1.04,1.0,1040.0,82
2023-05-11 01:19:14,au2312P380,au2312P380,1.04,0.0,0.0,0.0,5,1.0,27.8,1,1.14,1.04,1.04,1.04,1.0,1040.0,82
2023-05-11 01:19:14,au2312P380,au2312P380,1.04,0.0,0.0,0.0,5,1.0,27.74,1,1.14,1.04,1.04,1.04,1.0,1040.0,82
2023-05-11 01:19:24,au2312P380,au2312P380,1.04,0.0,0.0,0.0,5,1.0,27.72,1,1.14,1.04,1.04,1.04,1.0,1040.0,82
2023-05-11 01:19:24,au2312P380,au2312P380,1.04,0.0,0.0,0.0,5,1.0,27.66,1,1.14,1.04,1.04,1.04,1.0,1040.0,82
2023-05-11 01:19:37,au2312P380,au2312P380,1.04,0.0,0.0,0.0,5,1.0,27.64,1,1.14,1.04,1.04,1.04,1.0,1040.0,82
2023-05-11 01:19:38,au2312P380,au2312P380,1.04,0.0,0.0,0.0,5,1.0,27.58,1,1.14,1.04,1.04,1.04,1.0,1040.0,82
2023-05-11 01:19:48,au2312P380,au2312P380,1.04,0.0,0.0,0.0,5,1.0,27.56,1,1.14,1.04,1.04,1.04,1.0,1040.0,82
2023-05-11 01:19:49,au2312P380,au2312P380,1.04,0.0,0.0,0.0,5,1.0,27.5,1,1.14,1.04,1.04,1.04,1.0,1040.0,82
2023-05-11 01:20:01,au2312P380,au2312P380,1.04,0.0,0.0,0.0,5,1.0,27.48,1,1.14,1.04,1.04,1.04,1.0,1040.0,82
2023-05-11 01:20:01,au2312P380,au2312P380,1.04,0.0,0.0,0.0,5,1.0,27.42,1,1.14,1.04,1.04,1.04,1.0,1040.0,82
2023-05-11 01:20:11,au2312P380,au2312P380,1.04,0.0,0.0,0.0,5,1.0,27.4,1,1.14,1.04,1.04,1.04,1.0,1040.0,82
2023-05-11 01:20:11,au2312P380,au2312P380,1.04,0.0,0.0,0.0,5,1.0,27.34,1,1.14,1.04,1.04,1.04,1.0,1040.0,82
2023-05-11 01:20:20,au2312P380,au2312P380,1.04,0.0,0.0,0.0,5,1.0,27.32,1,1.14,1.04,1.04,1.04,1.0,1040.0,82
2023-05-11 01:20:21,au2312P380,au2312P380,1.04,0.0,0.0,0.0,5,1.0,27.26,1,1.14,1.04,1.04,1.04,1.0,1040.0,82
2023-05-11 01:20:30,au2312P380,au2312P380,1.04,0.0,0.0,0.0,5,1.0,27.24,1,1.14,1.04,1.04,1.04,1.0,1040.0,82
2023-05-11 01:20:31,au2312P380,au2312P380,1.04,0.0,0.0,0.0,5,1.0,27.18,1,1.14,1.04,1.04,1.04,1.0,1040.0,82
2023-05-11 01:20:41,au2312P380,au2312P380,1.04,0.0,0.0,0.0,5,1.0,27.16,1,1.14,1.04,1.04,1.04,1.0,1040.0,82
2023-05-11 01:20:41,au2312P380,au2312P380,1.04,0.0,0.0,0.0,5,1.0,27.1,1,1.14,1.04,1.04,1.04,1.0,1040.0,82
2023-05-11 01:20:51,au2312P380,au2312P380,1.04,0.0,0.0,0.0,5,1.0,27.08,1,1.14,1.04,1.04,1.04,1.0,1040.0,82
2023-05-11 01:20:51,au2312P380,au2312P380,1.04,0.0,0.0,0.0,5,1.0,27.02,1,1.14,1.04,1.04,1.04,1.0,1040.0,82
2023-05-11 01:21:02,au2312P380,au2312P380,1.04,0.0,0.0,0.0,5,1.0,27.0,1,1.14,1.04,1.04,1.04,1.0,1040.0,82
2023-05-11 01:21:03,au2312P380,au2312P380,1.04,0.0,0.0,0.0,5,1.0,26.94,1,1.14,1.04,1.04,1.04,1.0,1040.0,82
2023-05-11 01:21:13,au2312P380,au2312P380,1.04,0.0,0.0,0.0,5,1.0,26.92,1,1.14,1.04,1.04,1.04,1.0,1040.0,82
2023-05-11 01:21:13,au2312P380,au2312P380,1.04,0.0,0.0,0.0,5,1.0,26.86,1,1.14,1.04,1.04,1.04,1.0,1040.0,82
2023-05-11 01:21:23,au2312P380,au2312P380,1.04,0.0,0.0,0.0,5,1.0,26.84,1,1.14,1.04,1.04,1.04,1.0,1040.0,82
2023-05-11 01:21:24,au2312P380,au2312P380,1.04,0.0,0.0,0.0,5,1.0,26.78,1,1.14,1.04,1.04,1.04,1.0,1040.0,82
2023-05-11 01:21:34,au2312P380,au2312P380,1.04,0.0,0.0,0.0,5,1.0,26.76,1,1.14,1.04,1.04,1.04,1.0,1040.0,82
2023-05-11 01:21:34,au2312P380,au2312P380,1.04,0.0,0.0,0.0,5,1.0,26.7,1,1.14,1.04,1.04,1.04,1.0,1040.0,82
2023-05-11 01:21:44,au2312P380,au2312P380,1.04,0.0,0.0,0.0,5,1.0,26.68,1,1.14,1.04,1.04,1.04,1.0,1040.0,82
2023-05-11 01:21:44,au2312P380,au2312P380,1.04,0.0,0.0,0.0,5,1.0,26.62,1,1.14,1.04,1.04,1.04,1.0,1040.0,82
2023-05-11 01:21:54,au2312P380,au2312P380,1.04,0.0,0.0,0.0,5,1.0,26.6,1,1.14,1.04,1.04,1.04,1.0,1040.0,82
2023-05-11 01:21:54,au2312P380,au2312P380,1.04,0.0,0.0,0.0,5,1.0,26.54,1,1.14,1.04,1.04,1.04,1.0,1040.0,82
2023-05-11 01:22:03,au2312P380,au2312P380,1.04,0.0,0.0,0.0,5,1.0,26.52,1,1.14,1.04,1.04,1.04,1.0,1040.0,82
2023-05-11 01:22:04,au2312P380,au2312P380,1.04,0.0,0.0,0.0,5,1.0,26.46,1,1.14,1.04,1.04,1.04,1.0,1040.0,82
2023-05-11 01:22:14,au2312P380,au2312P380,1.04,0.0,0.0,0.0,5,1.0,26.44,1,1.14,1.04,1.04,1.04,1.0,1040.0,82
2023-05-11 01:22:14,au2312P380,au2312P380,1.04,0.0,0.0,0.0,5,1.0,26.38,1,1.14,1.04,1.04,1.04,1.0,1040.0,82
2023-05-11 01:22:23,au2312P380,au2312P380,1.04,0.0,0.0,0.0,5,1.0,26.36,1,1.14,1.04,1.04,1.04,1.0,1040.0,82
2023-05-11 01:22:24,au2312P380,au2312P380,1.04,0.0,0.0,0.0,5,1.0,26.3,1,1.14,1.04,1.04,1.04,1.0,1040.0,82
2023-05-11 01:22:47,au2312P380,au2312P380,1.04,0.0,0.0,0.0,5,1.0,26.28,1,1.14,1.04,1.04,1.04,1.0,1040.0,82
2023-05-11 01:22:48,au2312P380,au2312P380,1.04,0.0,0.0,0.0,5,1.0,26.22,1,1.14,1.04,1.04,1.04,1.0,1040.0,82
2023-05-11 01:22:58,au2312P380,au2312P380,1.04,0.0,0.0,0.0,5,1.0,26.2,1,1.14,1.04,1.04,1.04,1.0,1040.0,82
2023-05-11 01:22:58,au2312P380,au2312P380,1.04,0.0,0.0,0.0,5,1.0,26.14,1,1.14,1.04,1.04,1.04,1.0,1040.0,82
2023-05-11 01:23:08,au2312P380,au2312P380,1.04,0.0,0.0,0.0,5,1.0,26.12,1,1.14,1.04,1.04,1.04,1.0,1040.0,82
2023-05-11 01:23:08,au2312P380,au2312P380,1.04,0.0,0.0,0.0,5,1.0,26.06,1,1.14,1.04,1.04,1.04,1.0,1040.0,82
2023-05-11 01:23:18,au2312P380,au2312P380,1.04,0.0,0.0,0.0,5,1.0,26.04,1,1.14,1.04,1.04,1.04,1.0,1040.0,82
2023-05-11 01:23:18,au2312P380,au2312P380,1.04,0.0,0.0,0.0,5,1.0,25.98,1,1.14,1.04,1.04,1.04,1.0,1040.0,82
2023-05-11 01:23:37,au2312P380,au2312P380,1.04,0.0,0.0,0.0,5,1.0,25.96,1,1.14,1.04,1.04,1.04,1.0,1040.0,82
2023-05-11 01:23:38,au2312P380,au2312P380,1.04,0.0,0.0,0.0,5,1.0,25.9,1,1.14,1.04,1.04,1.04,1.0,1040.0,82
2023-05-11 01:23:47,au2312P380,au2312P380,1.04,0.0,0.0,0.0,5,1.0,25.88,1,1.14,1.04,1.04,1.04,1.0,1040.0,82
2023-05-11 01:23:48,au2312P380,au2312P380,1.04,0.0,0.0,0.0,5,1.0,25.82,1,1.14,1.04,1.04,1.04,1.0,1040.0,82
2023-05-11 01:23:57,au2312P380,au2312P380,1.04,0.0,0.0,0.0,5,1.0,25.8,1,1.14,1.04,1.04,1.04,1.0,1040.0,82
2023-05-11 01:23:58,au2312P380,au2312P380,1.04,0.0,0.0,0.0,5,1.0,25.74,1,1.14,1.04,1.04,1.04,1.0,1040.0,82
2023-05-11 01:24:52,au2312P380,au2312P380,1.04,0.0,0.0,0.0,5,1.0,1.06,1,1.14,1.04,1.04,1.04,1.0,1040.0,82
2023-05-11 01:24:53,au2312P380,au2312P380,1.04,0.0,0.0,0.0,5,1.0,1.06,1,1.14,1.04,1.04,1.04,1.0,1040.0,82
2023-05-11 01:24:53,au2312P380,au2312P380,1.06,1.0,1060.0,-1.0,5,1.0,1.08,1,1.14,1.04,1.06,1.04,2.0,2100.0,81
2023-05-11 01:24:55,au2312P380,au2312P380,1.06,0.0,0.0,0.0,5,1.0,1.08,2,1.14,1.04,1.06,1.04,2.0,2100.0,81
2023-05-11 01:24:57,au2312P380,au2312P380,1.06,0.0,0.0,0.0,6,1.0,1.08,3,1.14,1.04,1.06,1.04,2.0,2100.0,81
2023-05-11 01:25:01,au2312P380,au2312P380,1.06,0.0,0.0,0.0,7,1.0,1.08,4,1.14,1.04,1.06,1.04,2.0,2100.0,81
2023-05-11 01:25:03,au2312P380,au2312P380,1.06,0.0,0.0,0.0,7,1.0,1.08,4,1.14,1.04,1.06,1.04,2.0,2100.0,81
2023-05-11 01:25:04,au2312P380,au2312P380,1.06,0.0,0.0,0.0,7,1.0,1.08,4,1.14,1.04,1.06,1.04,2.0,2100.0,81
2023-05-11 01:25:04,au2312P380,au2312P380,1.06,0.0,0.0,0.0,7,1.0,1.08,3,1.14,1.04,1.06,1.04,2.0,2100.0,81
2023-05-11 01:25:05,au2312P380,au2312P380,1.06,0.0,0.0,0.0,7,1.0,1.08,3,1.14,1.04,1.06,1.04,2.0,2100.0,81
2023-05-11 01:25:07,au2312P380,au2312P380,1.06,0.0,0.0,0.0,7,1.0,1.08,2,1.14,1.04,1.06,1.04,2.0,2100.0,81
2023-05-11 01:25:09,au2312P380,au2312P380,1.06,0.0,0.0,0.0,6,1.0,1.08,1,1.14,1.04,1.06,1.04,2.0,2100.0,81
2023-05-11 01:25:11,au2312P380,au2312P380,1.06,0.0,0.0,0.0,5,1.0,25.8,1,1.14,1.04,1.06,1.04,2.0,2100.0,81
2023-05-11 01:25:12,au2312P380,au2312P380,1.06,0.0,0.0,0.0,5,1.0,25.74,1,1.14,1.04,1.06,1.04,2.0,2100.0,81
2023-05-11 01:25:12,au2312P380,au2312P380,1.06,0.0,0.0,0.0,5,1.0,25.72,1,1.14,1.04,1.06,1.04,2.0,2100.0,81
2023-05-11 01:25:13,au2312P380,au2312P380,1.06,0.0,0.0,0.0,5,1.0,25.66,1,1.14,1.04,1.06,1.04,2.0,2100.0,81
2023-05-11 01:25:13,au2312P380,au2312P380,1.06,0.0,0.0,0.0,5,1.0,25.64,1,1.14,1.04,1.06,1.04,2.0,2100.0,81
2023-05-11 01:25:14,au2312P380,au2312P380,1.06,0.0,0.0,0.0,5,1.0,25.58,1,1.14,1.04,1.06,1.04,2.0,2100.0,81
2023-05-11 01:25:14,au2312P380,au2312P380,1.06,0.0,0.0,0.0,5,1.0,25.56,1,1.14,1.04,1.06,1.04,2.0,2100.0,81
2023-05-11 01:25:15,au2312P380,au2312P380,1.06,0.0,0.0,0.0,5,1.0,25.5,1,1.14,1.04,1.06,1.04,2.0,2100.0,81
2023-05-11 01:25:15,au2312P380,au2312P380,1.06,0.0,0.0,0.0,5,1.0,25.48,1,1.14,1.04,1.06,1.04,2.0,2100.0,81
2023-05-11 01:25:16,au2312P380,au2312P380,1.06,0.0,0.0,0.0,5,1.0,25.42,1,1.14,1.04,1.06,1.04,2.0,2100.0,81
2023-05-11 01:25:16,au2312P380,au2312P380,1.06,0.0,0.0,0.0,5,1.0,25.4,1,1.14,1.04,1.06,1.04,2.0,2100.0,81
2023-05-11 01:25:17,au2312P380,au2312P380,1.06,0.0,0.0,0.0,5,1.0,25.34,1,1.14,1.04,1.06,1.04,2.0,2100.0,81
2023-05-11 01:25:17,au2312P380,au2312P380,1.06,0.0,0.0,0.0,5,1.0,25.32,1,1.14,1.04,1.06,1.04,2.0,2100.0,81
2023-05-11 01:25:18,au2312P380,au2312P380,1.06,0.0,0.0,0.0,5,1.0,25.26,1,1.14,1.04,1.06,1.04,2.0,2100.0,81
2023-05-11 01:25:18,au2312P380,au2312P380,1.06,0.0,0.0,0.0,5,1.0,25.24,1,1.14,1.04,1.06,1.04,2.0,2100.0,81
2023-05-11 01:25:19,au2312P380,au2312P380,1.06,0.0,0.0,0.0,5,1.0,25.18,1,1.14,1.04,1.06,1.04,2.0,2100.0,81
2023-05-11 01:25:19,au2312P380,au2312P380,1.06,0.0,0.0,0.0,5,1.0,25.16,1,1.14,1.04,1.06,1.04,2.0,2100.0,81
2023-05-11 01:25:20,au2312P380,au2312P380,1.06,0.0,0.0,0.0,5,1.0,25.1,1,1.14,1.04,1.06,1.04,2.0,2100.0,81
2023-05-11 01:25:20,au2312P380,au2312P380,1.06,0.0,0.0,0.0,5,1.0,25.08,1,1.14,1.04,1.06,1.04,2.0,2100.0,81
2023-05-11 01:25:21,au2312P380,au2312P380,1.06,0.0,0.0,0.0,5,1.0,25.02,1,1.14,1.04,1.06,1.04,2.0,2100.0,81
2023-05-11 01:25:21,au2312P380,au2312P380,1.06,0.0,0.0,0.0,5,1.0,25.0,1,1.14,1.04,1.06,1.04,2.0,2100.0,81
2023-05-11 01:25:22,au2312P380,au2312P380,1.06,0.0,0.0,0.0,5,1.0,24.94,1,1.14,1.04,1.06,1.04,2.0,2100.0,81
2023-05-11 01:25:22,au2312P380,au2312P380,1.06,0.0,0.0,0.0,5,1.0,24.92,1,1.14,1.04,1.06,1.04,2.0,2100.0,81
2023-05-11 01:25:23,au2312P380,au2312P380,1.06,0.0,0.0,0.0,5,1.0,24.86,1,1.14,1.04,1.06,1.04,2.0,2100.0,81
2023-05-11 01:25:23,au2312P380,au2312P380,1.06,0.0,0.0,0.0,5,1.0,24.84,1,1.14,1.04,1.06,1.04,2.0,2100.0,81
2023-05-11 01:25:24,au2312P380,au2312P380,1.06,0.0,0.0,0.0,5,1.0,24.78,1,1.14,1.04,1.06,1.04,2.0,2100.0,81
2023-05-11 01:25:34,au2312P380,au2312P380,1.06,0.0,0.0,0.0,5,1.0,24.76,1,1.14,1.04,1.06,1.04,2.0,2100.0,81
2023-05-11 01:25:34,au2312P380,au2312P380,1.06,0.0,0.0,0.0,5,1.0,24.7,1,1.14,1.04,1.06,1.04,2.0,2100.0,81
2023-05-11 01:25:36,au2312P380,au2312P380,1.06,0.0,0.0,0.0,1,1.04,24.7,1,1.14,1.04,1.06,1.04,2.0,2100.0,81
2023-05-11 01:25:44,au2312P380,au2312P380,1.06,0.0,0.0,0.0,1,1.04,24.68,1,1.14,1.04,1.06,1.04,2.0,2100.0,81
2023-05-11 01:25:44,au2312P380,au2312P380,1.06,0.0,0.0,0.0,1,1.04,24.62,1,1.14,1.04,1.06,1.04,2.0,2100.0,81
2023-05-11 01:25:51,au2312P380,au2312P380,1.06,0.0,0.0,0.0,1,1.04,1.06,1,1.14,1.04,1.06,1.04,2.0,2100.0,81
2023-05-11 01:25:52,au2312P380,au2312P380,1.06,1.0,1060.0,-1.0,1,1.04,1.08,1,1.14,1.04,1.06,1.04,3.0,3160.0,80
2023-05-11 01:25:54,au2312P380,au2312P380,1.06,0.0,0.0,0.0,1,1.04,1.08,2,1.14,1.04,1.06,1.04,3.0,3160.0,80
2023-05-11 01:25:56,au2312P380,au2312P380,1.06,0.0,0.0,0.0,2,1.04,1.08,3,1.14,1.04,1.06,1.04,3.0,3160.0,80
2023-05-11 01:26:00,au2312P380,au2312P380,1.06,0.0,0.0,0.0,3,1.04,1.08,3,1.14,1.04,1.06,1.04,3.0,3160.0,80
2023-05-11 01:26:02,au2312P380,au2312P380,1.06,0.0,0.0,0.0,3,1.04,1.08,3,1.14,1.04,1.06,1.04,3.0,3160.0,80
2023-05-11 01:26:03,au2312P380,au2312P380,1.06,0.0,0.0,0.0,3,1.04,1.08,2,1.14,1.04,1.06,1.04,3.0,3160.0,80
2023-05-11 01:26:04,au2312P380,au2312P380,1.06,0.0,0.0,0.0,3,1.04,1.08,2,1.14,1.04,1.06,1.04,3.0,3160.0,80
2023-05-11 01:26:06,au2312P380,au2312P380,1.06,0.0,0.0,0.0,3,1.04,1.08,1,1.14,1.04,1.06,1.04,3.0,3160.0,80
2023-05-11 01:26:08,au2312P380,au2312P380,1.06,0.0,0.0,0.0,2,1.04,1.1,1,1.14,1.04,1.06,1.04,3.0,3160.0,80
2023-05-11 01:26:11,au2312P380,au2312P380,1.06,0.0,0.0,0.0,1,1.04,24.68,1,1.14,1.04,1.06,1.04,3.0,3160.0,80
2023-05-11 01:26:11,au2312P380,au2312P380,1.06,0.0,0.0,0.0,1,1.04,24.62,1,1.14,1.04,1.06,1.04,3.0,3160.0,80
2023-05-11 01:26:12,au2312P380,au2312P380,1.06,0.0,0.0,0.0,1,1.04,24.6,1,1.14,1.04,1.06,1.04,3.0,3160.0,80
2023-05-11 01:26:12,au2312P380,au2312P380,1.06,0.0,0.0,0.0,1,1.04,24.54,1,1.14,1.04,1.06,1.04,3.0,3160.0,80
2023-05-11 01:26:13,au2312P380,au2312P380,1.06,0.0,0.0,0.0,1,1.04,24.52,1,1.14,1.04,1.06,1.04,3.0,3160.0,80
2023-05-11 01:26:13,au2312P380,au2312P380,1.06,0.0,0.0,0.0,5,1.0,24.46,1,1.14,1.04,1.06,1.04,3.0,3160.0,80
2023-05-11 01:26:14,au2312P380,au2312P380,1.06,0.0,0.0,0.0,5,1.0,24.44,1,1.14,1.04,1.06,1.04,3.0,3160.0,80
2023-05-11 01:26:14,au2312P380,au2312P380,1.06,0.0,0.0,0.0,5,1.0,24.38,1,1.14,1.04,1.06,1.04,3.0,3160.0,80
2023-05-11 01:26:15,au2312P380,au2312P380,1.06,0.0,0.0,0.0,5,1.0,24.36,1,1.14,1.04,1.06,1.04,3.0,3160.0,80
2023-05-11 01:26:15,au2312P380,au2312P380,1.06,0.0,0.0,0.0,5,1.0,24.3,1,1.14,1.04,1.06,1.04,3.0,3160.0,80
2023-05-11 01:26:16,au2312P380,au2312P380,1.06,0.0,0.0,0.0,5,1.0,24.28,1,1.14,1.04,1.06,1.04,3.0,3160.0,80
2023-05-11 01:26:16,au2312P380,au2312P380,1.06,0.0,0.0,0.0,5,1.0,24.22,1,1.14,1.04,1.06,1.04,3.0,3160.0,80
2023-05-11 01:26:17,au2312P380,au2312P380,1.06,0.0,0.0,0.0,5,1.0,24.2,1,1.14,1.04,1.06,1.04,3.0,3160.0,80
2023-05-11 01:26:17,au2312P380,au2312P380,1.06,0.0,0.0,0.0,5,1.0,24.14,1,1.14,1.04,1.06,1.04,3.0,3160.0,80
2023-05-11 01:26:18,au2312P380,au2312P380,1.06,0.0,0.0,0.0,5,1.0,24.12,1,1.14,1.04,1.06,1.04,3.0,3160.0,80
2023-05-11 01:26:18,au2312P380,au2312P380,1.06,0.0,0.0,0.0,5,1.0,24.06,1,1.14,1.04,1.06,1.04,3.0,3160.0,80
2023-05-11 01:26:19,au2312P380,au2312P380,1.06,0.0,0.0,0.0,5,1.0,24.04,1,1.14,1.04,1.06,1.04,3.0,3160.0,80
2023-05-11 01:26:19,au2312P380,au2312P380,1.06,0.0,0.0,0.0,5,1.0,23.98,1,1.14,1.04,1.06,1.04,3.0,3160.0,80
2023-05-11 01:26:20,au2312P380,au2312P380,1.06,0.0,0.0,0.0,5,1.0,23.96,1,1.14,1.04,1.06,1.04,3.0,3160.0,80
2023-05-11 01:26:20,au2312P380,au2312P380,1.06,0.0,0.0,0.0,5,1.0,23.9,1,1.14,1.04,1.06,1.04,3.0,3160.0,80
2023-05-11 01:26:21,au2312P380,au2312P380,1.06,0.0,0.0,0.0,5,1.0,23.88,1,1.14,1.04,1.06,1.04,3.0,3160.0,80
2023-05-11 01:26:21,au2312P380,au2312P380,1.06,0.0,0.0,0.0,5,1.0,23.82,1,1.14,1.04,1.06,1.04,3.0,3160.0,80
2023-05-11 01:26:22,au2312P380,au2312P380,1.06,0.0,0.0,0.0,5,1.0,23.8,1,1.14,1.04,1.06,1.04,3.0,3160.0,80
2023-05-11 01:26:22,au2312P380,au2312P380,1.06,0.0,0.0,0.0,5,1.0,23.74,1,1.14,1.04,1.06,1.04,3.0,3160.0,80
2023-05-11 01:26:23,au2312P380,au2312P380,1.06,0.0,0.0,0.0,5,1.0,23.72,1,1.14,1.04,1.06,1.04,3.0,3160.0,80
2023-05-11 01:26:23,au2312P380,au2312P380,1.06,0.0,0.0,0.0,5,1.0,23.66,1,1.14,1.04,1.06,1.04,3.0,3160.0,80
2023-05-11 01:26:32,au2312P380,au2312P380,1.06,0.0,0.0,0.0,5,1.0,23.64,1,1.14,1.04,1.06,1.04,3.0,3160.0,80
2023-05-11 01:26:33,au2312P380,au2312P380,1.06,0.0,0.0,0.0,5,1.0,23.58,1,1.14,1.04,1.06,1.04,3.0,3160.0,80
2023-05-11 01:26:42,au2312P380,au2312P380,1.06,0.0,0.0,0.0,5,1.0,23.56,1,1.14,1.04,1.06,1.04,3.0,3160.0,80
2023-05-11 01:26:43,au2312P380,au2312P380,1.06,0.0,0.0,0.0,5,1.0,23.5,1,1.14,1.04,1.06,1.04,3.0,3160.0,80
2023-05-11 01:26:52,au2312P380,au2312P380,1.06,0.0,0.0,0.0,5,1.0,23.48,1,1.14,1.04,1.06,1.04,3.0,3160.0,80
2023-05-11 01:26:53,au2312P380,au2312P380,1.06,0.0,0.0,0.0,5,1.0,23.42,1,1.14,1.04,1.06,1.04,3.0,3160.0,80
2023-05-11 01:35:12,au2312P380,au2312P380,1.06,0.0,0.0,0.0,5,1.0,23.4,1,1.14,1.04,1.06,1.04,3.0,3160.0,80
2023-05-11 01:35:13,au2312P380,au2312P380,1.06,0.0,0.0,0.0,5,1.0,23.34,1,1.14,1.04,1.06,1.04,3.0,3160.0,80
2023-05-11 01:38:03,au2312P380,au2312P380,1.06,0.0,0.0,0.0,5,1.0,23.32,1,1.14,1.04,1.06,1.04,3.0,3160.0,80
2023-05-11 01:38:04,au2312P380,au2312P380,1.06,0.0,0.0,0.0,5,1.0,23.26,1,1.14,1.04,1.06,1.04,3.0,3160.0,80
2023-05-11 01:38:19,au2312P380,au2312P380,1.06,0.0,0.0,0.0,5,1.0,23.24,1,1.14,1.04,1.06,1.04,3.0,3160.0,80
2023-05-11 01:38:20,au2312P380,au2312P380,1.06,0.0,0.0,0.0,5,1.0,23.18,1,1.14,1.04,1.06,1.04,3.0,3160.0,80
2023-05-11 01:38:41,au2312P380,au2312P380,1.06,0.0,0.0,0.0,5,1.0,23.16,1,1.14,1.04,1.06,1.04,3.0,3160.0,80
2023-05-11 01:38:42,au2312P380,au2312P380,1.06,0.0,0.0,0.0,5,1.0,23.1,1,1.14,1.04,1.06,1.04,3.0,3160.0,80
2023-05-11 01:38:57,au2312P380,au2312P380,1.06,0.0,0.0,0.0,5,1.0,23.08,1,1.14,1.04,1.06,1.04,3.0,3160.0,80
2023-05-11 01:38:58,au2312P380,au2312P380,1.06,0.0,0.0,0.0,5,1.0,23.02,1,1.14,1.04,1.06,1.04,3.0,3160.0,80
2023-05-11 01:39:11,au2312P380,au2312P380,1.06,0.0,0.0,0.0,5,1.0,23.0,1,1.14,1.04,1.06,1.04,3.0,3160.0,80
2023-05-11 01:39:12,au2312P380,au2312P380,1.06,0.0,0.0,0.0,5,1.0,22.94,1,1.14,1.04,1.06,1.04,3.0,3160.0,80
2023-05-11 01:39:27,au2312P380,au2312P380,1.06,0.0,0.0,0.0,5,1.0,22.92,1,1.14,1.04,1.06,1.04,3.0,3160.0,80
2023-05-11 01:39:28,au2312P380,au2312P380,1.06,0.0,0.0,0.0,5,1.0,22.86,1,1.14,1.04,1.06,1.04,3.0,3160.0,80
2023-05-11 01:42:52,au2312P380,au2312P380,1.06,0.0,0.0,0.0,5,1.0,22.84,1,1.14,1.04,1.06,1.04,3.0,3160.0,80
2023-05-11 01:42:53,au2312P380,au2312P380,1.06,0.0,0.0,0.0,5,1.0,22.78,1,1.14,1.04,1.06,1.04,3.0,3160.0,80
2023-05-11 01:43:13,au2312P380,au2312P380,1.06,0.0,0.0,0.0,5,1.0,22.76,1,1.14,1.04,1.06,1.04,3.0,3160.0,80
2023-05-11 01:43:14,au2312P380,au2312P380,1.06,0.0,0.0,0.0,5,1.0,22.7,1,1.14,1.04,1.06,1.04,3.0,3160.0,80
2023-05-11 01:43:26,au2312P380,au2312P380,1.06,0.0,0.0,0.0,5,1.0,22.68,1,1.14,1.04,1.06,1.04,3.0,3160.0,80
2023-05-11 01:43:27,au2312P380,au2312P380,1.06,0.0,0.0,0.0,5,1.0,22.62,1,1.14,1.04,1.06,1.04,3.0,3160.0,80
2023-05-11 01:43:38,au2312P380,au2312P380,1.06,0.0,0.0,0.0,5,1.0,22.6,1,1.14,1.04,1.06,1.04,3.0,3160.0,80
2023-05-11 01:43:39,au2312P380,au2312P380,1.06,0.0,0.0,0.0,5,1.0,22.54,1,1.14,1.04,1.06,1.04,3.0,3160.0,80
2023-05-11 01:44:01,au2312P380,au2312P380,1.06,0.0,0.0,0.0,5,1.0,22.52,1,1.14,1.04,1.06,1.04,3.0,3160.0,80
2023-05-11 01:44:02,au2312P380,au2312P380,1.06,0.0,0.0,0.0,5,1.0,22.46,1,1.14,1.04,1.06,1.04,3.0,3160.0,80
2023-05-11 02:00:59,au2312P380,au2312P380,1.06,0.0,0.0,0.0,5,1.0,22.44,1,1.14,1.04,1.06,1.04,3.0,3160.0,80
2023-05-11 02:01:00,au2312P380,au2312P380,1.06,0.0,0.0,0.0,5,1.0,22.38,1,1.14,1.04,1.06,1.04,3.0,3160.0,80
2023-05-11 02:04:56,au2312P380,au2312P380,1.06,0.0,0.0,0.0,5,1.0,22.36,1,1.14,1.04,1.06,1.04,3.0,3160.0,80
2023-05-11 02:04:56,au2312P380,au2312P380,1.06,0.0,0.0,0.0,5,1.0,22.3,1,1.14,1.04,1.06,1.04,3.0,3160.0,80
2023-05-11 02:05:23,au2312P380,au2312P380,1.06,0.0,0.0,0.0,5,1.0,22.28,1,1.14,1.04,1.06,1.04,3.0,3160.0,80
2023-05-11 02:05:24,au2312P380,au2312P380,1.06,0.0,0.0,0.0,5,1.0,22.22,1,1.14,1.04,1.06,1.04,3.0,3160.0,80
2023-05-11 02:05:46,au2312P380,au2312P380,1.06,0.0,0.0,0.0,5,1.0,22.2,1,1.14,1.04,1.06,1.04,3.0,3160.0,80
2023-05-11 02:05:47,au2312P380,au2312P380,1.06,0.0,0.0,0.0,5,1.0,22.14,1,1.14,1.04,1.06,1.04,3.0,3160.0,80
2023-05-11 02:07:52,au2312P380,au2312P380,1.06,0.0,0.0,0.0,5,1.0,22.12,1,1.14,1.04,1.06,1.04,3.0,3160.0,80
2023-05-11 02:07:52,au2312P380,au2312P380,1.06,0.0,0.0,0.0,5,1.0,22.06,1,1.14,1.04,1.06,1.04,3.0,3160.0,80
2023-05-11 02:08:10,au2312P380,au2312P380,1.06,0.0,0.0,0.0,5,1.0,22.04,1,1.14,1.04,1.06,1.04,3.0,3160.0,80
2023-05-11 02:08:11,au2312P380,au2312P380,1.06,0.0,0.0,0.0,5,1.0,21.98,1,1.14,1.04,1.06,1.04,3.0,3160.0,80
2023-05-11 02:08:28,au2312P380,au2312P380,1.06,0.0,0.0,0.0,5,1.0,21.96,1,1.14,1.04,1.06,1.04,3.0,3160.0,80
2023-05-11 02:08:29,au2312P380,au2312P380,1.06,0.0,0.0,0.0,5,1.0,21.9,1,1.14,1.04,1.06,1.04,3.0,3160.0,80
2023-05-11 02:08:38,au2312P380,au2312P380,1.06,0.0,0.0,0.0,5,1.0,21.88,1,1.14,1.04,1.06,1.04,3.0,3160.0,80
2023-05-11 02:08:39,au2312P380,au2312P380,1.06,0.0,0.0,0.0,5,1.0,21.82,1,1.14,1.04,1.06,1.04,3.0,3160.0,80
2023-05-11 02:08:49,au2312P380,au2312P380,1.06,0.0,0.0,0.0,5,1.0,21.8,1,1.14,1.04,1.06,1.04,3.0,3160.0,80
2023-05-11 02:08:50,au2312P380,au2312P380,1.06,0.0,0.0,0.0,5,1.0,21.74,1,1.14,1.04,1.06,1.04,3.0,3160.0,80
2023-05-11 02:08:59,au2312P380,au2312P380,1.06,0.0,0.0,0.0,5,1.0,21.72,1,1.14,1.04,1.06,1.04,3.0,3160.0,80
2023-05-11 02:09:00,au2312P380,au2312P380,1.06,0.0,0.0,0.0,5,1.0,21.66,1,1.14,1.04,1.06,1.04,3.0,3160.0,80
2023-05-11 02:09:16,au2312P380,au2312P380,1.06,0.0,0.0,0.0,5,1.0,21.64,1,1.14,1.04,1.06,1.04,3.0,3160.0,80
2023-05-11 02:09:17,au2312P380,au2312P380,1.06,0.0,0.0,0.0,5,1.0,21.58,1,1.14,1.04,1.06,1.04,3.0,3160.0,80
2023-05-11 02:10:17,au2312P380,au2312P380,1.06,0.0,0.0,0.0,5,1.0,21.56,1,1.14,1.04,1.06,1.04,3.0,3160.0,80
2023-05-11 02:10:17,au2312P380,au2312P380,1.06,0.0,0.0,0.0,5,1.0,21.5,1,1.14,1.04,1.06,1.04,3.0,3160.0,80
2023-05-11 02:10:37,au2312P380,au2312P380,1.06,0.0,0.0,0.0,5,1.0,21.48,1,1.14,1.04,1.06,1.04,3.0,3160.0,80
2023-05-11 02:10:38,au2312P380,au2312P380,1.06,0.0,0.0,0.0,5,1.0,21.42,1,1.14,1.04,1.06,1.04,3.0,3160.0,80
2023-05-11 02:10:59,au2312P380,au2312P380,1.06,0.0,0.0,0.0,5,1.0,21.4,1,1.14,1.04,1.06,1.04,3.0,3160.0,80
2023-05-11 02:11:00,au2312P380,au2312P380,1.06,0.0,0.0,0.0,5,1.0,21.34,1,1.14,1.04,1.06,1.04,3.0,3160.0,80
2023-05-11 02:11:11,au2312P380,au2312P380,1.06,0.0,0.0,0.0,5,1.0,21.32,1,1.14,1.04,1.06,1.04,3.0,3160.0,80
2023-05-11 02:11:12,au2312P380,au2312P380,1.06,0.0,0.0,0.0,5,1.0,21.26,1,1.14,1.04,1.06,1.04,3.0,3160.0,80
2023-05-11 02:11:21,au2312P380,au2312P380,1.06,0.0,0.0,0.0,5,1.0,21.24,1,1.14,1.04,1.06,1.04,3.0,3160.0,80
2023-05-11 02:11:22,au2312P380,au2312P380,1.06,0.0,0.0,0.0,5,1.0,21.18,1,1.14,1.04,1.06,1.04,3.0,3160.0,80
2023-05-11 02:11:32,au2312P380,au2312P380,1.06,0.0,0.0,0.0,5,1.0,21.16,1,1.14,1.04,1.06,1.04,3.0,3160.0,80
2023-05-11 02:11:33,au2312P380,au2312P380,1.06,0.0,0.0,0.0,5,1.0,21.1,1,1.14,1.04,1.06,1.04,3.0,3160.0,80
2023-05-11 02:29:53,au2312P380,au2312P380,1.06,0.0,0.0,0.0,5,1.0,21.16,1,1.14,1.04,1.06,1.04,3.0,3160.0,80
2023-05-11 09:00:00,au2312P380,au2312P380,1.06,0.0,0.0,0.0,5,1.0,21.16,1,1.14,1.04,1.06,1.04,3.0,3160.0,80
2023-05-11 09:00:01,au2312P380,au2312P380,1.06,0.0,0.0,0.0,5,1.0,10.26,1,1.14,1.04,1.06,1.04,3.0,3160.0,80
2023-05-11 09:00:49,au2312P380,au2312P380,1.06,0.0,0.0,0.0,5,1.0,10.26,1,1.14,1.04,1.06,1.04,3.0,3160.0,80
2023-05-11 09:01:22,au2312P380,au2312P380,1.06,0.0,0.0,0.0,1,1.04,1.16,1,1.14,1.04,1.06,1.04,3.0,3160.0,80
2023-05-11 09:01:43,au2312P380,au2312P380,1.06,0.0,0.0,0.0,1,1.06,1.16,1,1.14,1.04,1.06,1.04,3.0,3160.0,80
2023-05-11 09:02:01,au2312P380,au2312P380,1.06,0.0,0.0,0.0,1,1.06,1.16,1,1.14,1.04,1.06,1.04,3.0,3160.0,80
2023-05-11 09:02:50,au2312P380,au2312P380,1.06,0.0,0.0,0.0,1,1.06,1.14,1,1.14,1.04,1.06,1.04,3.0,3160.0,80
2023-05-11 09:07:34,au2312P380,au2312P380,1.06,0.0,0.0,0.0,1,1.06,1.12,1,1.14,1.04,1.06,1.04,3.0,3160.0,80
2023-05-11 09:07:52,au2312P380,au2312P380,1.06,0.0,0.0,0.0,1,1.04,1.12,1,1.14,1.04,1.06,1.04,3.0,3160.0,80
2023-05-11 09:10:13,au2312P380,au2312P380,1.06,0.0,0.0,0.0,5,1.0,21.16,1,1.14,1.04,1.06,1.04,3.0,3160.0,80
2023-05-11 09:10:14,au2312P380,au2312P380,1.06,0.0,0.0,0.0,5,1.0,21.1,1,1.14,1.04,1.06,1.04,3.0,3160.0,80
2023-05-11 09:10:17,au2312P380,au2312P380,1.06,0.0,0.0,0.0,1,1.04,1.14,1,1.14,1.04,1.06,1.04,3.0,3160.0,80
2023-05-11 09:10:18,au2312P380,au2312P380,1.06,0.0,0.0,0.0,1,1.04,1.14,1,1.14,1.04,1.06,1.04,3.0,3160.0,80
2023-05-11 09:10:21,au2312P380,au2312P380,1.06,0.0,0.0,0.0,1,1.04,1.14,1,1.14,1.04,1.06,1.04,3.0,3160.0,80
2023-05-11 09:10:28,au2312P380,au2312P380,1.06,0.0,0.0,0.0,1,1.04,1.14,1,1.14,1.04,1.06,1.04,3.0,3160.0,80
2023-05-11 09:10:36,au2312P380,au2312P380,1.06,0.0,0.0,0.0,1,1.06,1.14,1,1.14,1.04,1.06,1.04,3.0,3160.0,80
2023-05-11 09:10:56,au2312P380,au2312P380,1.06,0.0,0.0,0.0,1,1.06,1.14,1,1.14,1.04,1.06,1.04,3.0,3160.0,80
2023-05-11 09:11:00,au2312P380,au2312P380,1.06,0.0,0.0,0.0,1,1.06,1.14,1,1.14,1.04,1.06,1.04,3.0,3160.0,80
2023-05-11 09:17:31,au2312P380,au2312P380,1.06,0.0,0.0,0.0,1,1.06,1.12,1,1.14,1.04,1.06,1.04,3.0,3160.0,80
2023-05-11 09:20:18,au2312P380,au2312P380,1.06,0.0,0.0,0.0,5,1.08,1.12,1,1.14,1.04,1.06,1.04,3.0,3160.0,80
2023-05-11 09:20:28,au2312P380,au2312P380,1.06,0.0,0.0,0.0,5,1.08,1.12,1,1.14,1.04,1.06,1.04,3.0,3160.0,80
2023-05-11 09:21:35,au2312P380,au2312P380,1.06,0.0,0.0,0.0,5,1.08,1.12,1,1.14,1.04,1.06,1.04,3.0,3160.0,80
2023-05-11 09:25:22,au2312P380,au2312P380,1.06,0.0,0.0,0.0,5,1.08,1.12,1,1.14,1.04,1.06,1.04,3.0,3160.0,80
2023-05-11 09:25:26,au2312P380,au2312P380,1.06,0.0,0.0,0.0,5,1.08,1.12,1,1.14,1.04,1.06,1.04,3.0,3160.0,80
2023-05-11 09:27:49,au2312P380,au2312P380,1.06,0.0,0.0,0.0,5,1.08,1.12,1,1.14,1.04,1.06,1.04,3.0,3160.0,80
2023-05-11 10:06:03,au2312P380,au2312P380,1.08,5.0,5400.0,0.0,1,1.06,1.12,1,1.14,1.04,1.08,1.04,8.0,8560.0,80
2023-05-11 10:06:15,au2312P380,au2312P380,1.06,1.0,1060.0,-1.0,1,1.04,1.12,1,1.14,1.04,1.08,1.04,9.0,9620.0,79
2023-05-11 10:06:35,au2312P380,au2312P380,1.06,0.0,0.0,0.0,1,1.04,1.1,1,1.14,1.04,1.08,1.04,9.0,9620.0,79
2023-05-11 10:14:29,au2312P380,au2312P380,1.06,0.0,0.0,0.0,5,1.0,1.12,1,1.14,1.04,1.08,1.04,9.0,9620.0,79
2023-05-11 10:30:00,au2312P380,au2312P380,1.06,0.0,0.0,0.0,1,1.02,1.1,1,1.14,1.04,1.08,1.04,9.0,9620.0,79
2023-05-11 10:30:01,au2312P380,au2312P380,1.06,0.0,0.0,0.0,1,1.04,1.1,1,1.14,1.04,1.08,1.04,9.0,9620.0,79
2023-05-11 10:47:59,au2312P380,au2312P380,1.06,0.0,0.0,0.0,1,1.06,1.1,1,1.14,1.04,1.08,1.04,9.0,9620.0,79
2023-05-11 10:56:40,au2312P380,au2312P380,1.06,0.0,0.0,0.0,1,1.06,1.12,1,1.14,1.04,1.08,1.04,9.0,9620.0,79
2023-05-11 11:18:57,au2312P380,au2312P380,1.06,0.0,0.0,0.0,1,1.04,1.12,1,1.14,1.04,1.08,1.04,9.0,9620.0,79
2023-05-11 11:29:02,au2312P380,au2312P380,1.06,0.0,0.0,0.0,1,1.06,1.12,1,1.14,1.04,1.08,1.04,9.0,9620.0,79
2023-05-11 11:29:25,au2312P380,au2312P380,1.06,0.0,0.0,0.0,5,1.0,10.22,1,1.14,1.04,1.08,1.04,9.0,9620.0,79
2023-05-11 11:29:25,au2312P380,au2312P380,1.06,0.0,0.0,0.0,5,1.0,10.2,1,1.14,1.04,1.08,1.04,9.0,9620.0,79
2023-05-11 11:29:26,au2312P380,au2312P380,1.06,0.0,0.0,0.0,5,1.0,6.42,2,1.14,1.04,1.08,1.04,9.0,9620.0,79
2023-05-11 11:29:34,au2312P380,au2312P380,1.06,0.0,0.0,0.0,5,1.0,7.94,2,1.14,1.04,1.08,1.04,9.0,9620.0,79
2023-05-11 13:30:51,au2312P380,au2312P380,1.06,0.0,0.0,0.0,5,1.0,7.96,1,1.14,1.04,1.08,1.04,9.0,9620.0,79
2023-05-11 13:30:52,au2312P380,au2312P380,1.06,0.0,0.0,0.0,5,1.0,7.9,1,1.14,1.04,1.08,1.04,9.0,9620.0,79
2023-05-11 13:30:53,au2312P380,au2312P380,1.06,0.0,0.0,0.0,5,1.0,4.12,1,1.14,1.04,1.08,1.04,9.0,9620.0,79
2023-05-11 13:30:53,au2312P380,au2312P380,1.06,0.0,0.0,0.0,5,1.0,4.06,1,1.14,1.04,1.08,1.04,9.0,9620.0,79
2023-05-11 13:30:54,au2312P380,au2312P380,1.06,0.0,0.0,0.0,5,1.0,1.28,1,1.14,1.04,1.08,1.04,9.0,9620.0,79
2023-05-11 13:30:55,au2312P380,au2312P380,1.06,0.0,0.0,0.0,5,1.0,1.28,1,1.14,1.04,1.08,1.04,9.0,9620.0,79
2023-05-11 13:44:10,au2312P380,au2312P380,1.06,0.0,0.0,0.0,1,1.02,1.08,1,1.14,1.04,1.08,1.04,9.0,9620.0,79
2023-05-11 13:56:03,au2312P380,au2312P380,1.06,0.0,0.0,0.0,1,1.04,1.08,1,1.14,1.04,1.08,1.04,9.0,9620.0,79
2023-05-11 14:02:16,au2312P380,au2312P380,1.06,0.0,0.0,0.0,1,1.04,1.1,1,1.14,1.04,1.08,1.04,9.0,9620.0,79
2023-05-11 14:30:59,au2312P380,au2312P380,1.06,0.0,0.0,0.0,1,1.04,1.1,1,1.14,1.04,1.08,1.04,9.0,9620.0,79
2023-05-11 14:33:40,au2312P380,au2312P380,1.06,0.0,0.0,0.0,1,1.06,1.1,1,1.14,1.04,1.08,1.04,9.0,9620.0,79
2023-05-11 14:36:00,au2312P380,au2312P380,1.06,0.0,0.0,0.0,1,1.06,6.42,1,1.14,1.04,1.08,1.04,9.0,9620.0,79
2023-05-11 14:36:01,au2312P380,au2312P380,1.06,0.0,0.0,0.0,1,1.06,1.12,1,1.14,1.04,1.08,1.04,9.0,9620.0,79
2023-05-11 14:36:01,au2312P380,au2312P380,1.06,0.0,0.0,0.0,1,1.06,1.12,1,1.14,1.04,1.08,1.04,9.0,9620.0,79
2023-05-11 14:39:45,au2312P380,au2312P380,1.06,0.0,0.0,0.0,1,1.08,1.12,1,1.14,1.04,1.08,1.04,9.0,9620.0,79
2023-05-11 14:48:26,au2312P380,au2312P380,1.06,0.0,0.0,0.0,1,1.06,1.12,1,1.14,1.04,1.08,1.04,9.0,9620.0,79
2023-05-11 14:49:45,au2312P380,au2312P380,1.06,0.0,0.0,0.0,1,1.08,1.12,1,1.14,1.04,1.08,1.04,9.0,9620.0,79
2023-05-11 14:58:54,au2312P380,au2312P380,1.06,0.0,0.0,0.0,5,1.0,2.58,1,1.14,1.04,1.08,1.04,9.0,9620.0,79
2023-05-11 14:58:55,au2312P380,au2312P380,1.06,0.0,0.0,0.0,5,1.0,2.46,1,1.14,1.04,1.08,1.04,9.0,9620.0,79
2023-05-11 14:58:55,au2312P380,au2312P380,1.06,0.0,0.0,0.0,5,1.0,1.3,2,1.14,1.04,1.08,1.04,9.0,9620.0,79
2023-05-11 14:58:56,au2312P380,au2312P380,1.06,0.0,0.0,0.0,5,1.0,1.3,2,1.14,1.04,1.08,1.04,9.0,9620.0,79
2023-05-11 14:59:15,au2312P380,au2312P380,1.06,0.0,0.0,0.0,5,1.0,7.94,2,1.14,1.04,1.08,1.04,9.0,9620.0,79
2023-05-11 14:59:45,au2312P380,au2312P380,1.06,0.0,0.0,0.0,5,1.0,7.92,1,1.14,1.04,1.08,1.04,9.0,9620.0,79
2023-05-11 14:59:46,au2312P380,au2312P380,1.06,0.0,0.0,0.0,5,1.0,5.66,2,1.14,1.04,1.08,1.04,9.0,9620.0,79
2023-05-11 15:18:18,au2312P380,au2312P380,1.06,0.0,0.0,0.0,5,1.0,5.66,2,1.14,1.04,1.08,1.04,9.0,9620.0,79
