time,symbol_id,symbol_name,last,trade_volume,trade_amount,open_interest_change,bv1,bp1,ap1,av1,yesterday_close,today_open,today_high,today_low,volume,amount,open_interest
2023-05-10 20:59:00,au2312C496,au2312C496,7.24,0.0,0.0,0.0,1,6.4,0.0,0,7.24,7.36,0.0,0.0,0.0,0.0,101
2023-05-10 21:00:00,au2312C496,au2312C496,7.24,0.0,0.0,0.0,2,7.36,0.0,0,7.24,7.36,0.0,0.0,0.0,0.0,101
2023-05-10 21:00:01,au2312C496,au2312C496,7.24,0.0,0.0,0.0,2,7.36,0.0,0,7.24,7.36,0.0,0.0,0.0,0.0,101
2023-05-10 21:00:01,au2312C496,au2312C496,7.24,0.0,0.0,0.0,2,7.36,16.88,2,7.24,7.36,0.0,0.0,0.0,0.0,101
2023-05-10 21:00:02,au2312C496,au2312C496,7.24,0.0,0.0,0.0,2,7.36,16.76,2,7.24,7.36,0.0,0.0,0.0,0.0,101
2023-05-10 21:00:02,au2312C496,au2312C496,7.24,0.0,0.0,0.0,2,7.36,14.5,2,7.24,7.36,0.0,0.0,0.0,0.0,101
2023-05-10 21:00:03,au2312C496,au2312C496,7.24,0.0,0.0,0.0,2,7.36,14.38,2,7.24,7.36,0.0,0.0,0.0,0.0,101
2023-05-10 21:00:03,au2312C496,au2312C496,7.24,0.0,0.0,0.0,2,7.36,12.12,2,7.24,7.36,0.0,0.0,0.0,0.0,101
2023-05-10 21:00:04,au2312C496,au2312C496,7.24,0.0,0.0,0.0,2,7.36,12.0,2,7.24,7.36,0.0,0.0,0.0,0.0,101
2023-05-10 21:00:04,au2312C496,au2312C496,7.24,0.0,0.0,0.0,2,7.36,9.74,2,7.24,7.36,0.0,0.0,0.0,0.0,101
2023-05-10 21:00:05,au2312C496,au2312C496,7.24,0.0,0.0,0.0,2,7.36,9.62,2,7.24,7.36,0.0,0.0,0.0,0.0,101
2023-05-10 21:00:05,au2312C496,au2312C496,7.24,0.0,0.0,0.0,2,7.36,8.14,2,7.24,7.36,0.0,0.0,0.0,0.0,101
2023-05-10 21:00:50,au2312C496,au2312C496,7.24,0.0,0.0,0.0,1,7.04,9.62,2,7.24,7.36,0.0,0.0,0.0,0.0,101
2023-05-10 21:00:51,au2312C496,au2312C496,7.24,0.0,0.0,0.0,1,7.04,8.06,1,7.24,7.36,0.0,0.0,0.0,0.0,101
2023-05-10 21:01:08,au2312C496,au2312C496,7.24,0.0,0.0,0.0,1,7.04,7.6,1,7.24,7.36,0.0,0.0,0.0,0.0,101
2023-05-10 21:01:10,au2312C496,au2312C496,7.24,0.0,0.0,0.0,1,7.44,7.6,1,7.24,7.36,0.0,0.0,0.0,0.0,101
2023-05-10 21:01:15,au2312C496,au2312C496,7.24,0.0,0.0,0.0,1,7.46,7.6,1,7.24,7.36,0.0,0.0,0.0,0.0,101
2023-05-10 21:01:15,au2312C496,au2312C496,7.24,0.0,0.0,0.0,1,7.46,7.6,1,7.24,7.36,0.0,0.0,0.0,0.0,101
2023-05-10 21:01:18,au2312C496,au2312C496,7.24,0.0,0.0,0.0,1,7.44,7.6,1,7.24,7.36,0.0,0.0,0.0,0.0,101
2023-05-10 21:01:18,au2312C496,au2312C496,7.24,0.0,0.0,0.0,1,7.04,7.6,1,7.24,7.36,0.0,0.0,0.0,0.0,101
2023-05-10 21:01:19,au2312C496,au2312C496,7.24,0.0,0.0,0.0,1,7.4,7.6,1,7.24,7.36,0.0,0.0,0.0,0.0,101
2023-05-10 21:01:20,au2312C496,au2312C496,7.24,0.0,0.0,0.0,1,7.42,7.6,1,7.24,7.36,0.0,0.0,0.0,0.0,101
2023-05-10 21:01:21,au2312C496,au2312C496,7.24,0.0,0.0,0.0,1,7.42,7.6,1,7.24,7.36,0.0,0.0,0.0,0.0,101
2023-05-10 21:01:30,au2312C496,au2312C496,7.24,0.0,0.0,0.0,1,7.42,7.58,1,7.24,7.36,0.0,0.0,0.0,0.0,101
2023-05-10 21:01:30,au2312C496,au2312C496,7.24,0.0,0.0,0.0,1,7.42,7.58,1,7.24,7.36,0.0,0.0,0.0,0.0,101
2023-05-10 21:01:37,au2312C496,au2312C496,7.24,0.0,0.0,0.0,1,7.44,7.58,1,7.24,7.36,0.0,0.0,0.0,0.0,101
2023-05-10 21:01:38,au2312C496,au2312C496,7.24,0.0,0.0,0.0,1,7.44,7.6,1,7.24,7.36,0.0,0.0,0.0,0.0,101
2023-05-10 21:01:42,au2312C496,au2312C496,7.24,0.0,0.0,0.0,1,7.46,7.6,1,7.24,7.36,0.0,0.0,0.0,0.0,101
2023-05-10 21:01:51,au2312C496,au2312C496,7.24,0.0,0.0,0.0,1,7.46,7.64,1,7.24,7.36,0.0,0.0,0.0,0.0,101
2023-05-10 21:01:53,au2312C496,au2312C496,7.24,0.0,0.0,0.0,1,7.46,7.62,1,7.24,7.36,0.0,0.0,0.0,0.0,101
2023-05-10 21:02:16,au2312C496,au2312C496,7.24,0.0,0.0,0.0,1,7.46,7.6,1,7.24,7.36,0.0,0.0,0.0,0.0,101
2023-05-10 21:02:18,au2312C496,au2312C496,7.24,0.0,0.0,0.0,1,7.46,7.58,1,7.24,7.36,0.0,0.0,0.0,0.0,101
2023-05-10 21:02:24,au2312C496,au2312C496,7.24,0.0,0.0,0.0,1,7.44,7.58,1,7.24,7.36,0.0,0.0,0.0,0.0,101
2023-05-10 21:02:25,au2312C496,au2312C496,7.24,0.0,0.0,0.0,1,7.42,7.58,1,7.24,7.36,0.0,0.0,0.0,0.0,101
2023-05-10 21:02:27,au2312C496,au2312C496,7.24,0.0,0.0,0.0,1,7.44,7.58,1,7.24,7.36,0.0,0.0,0.0,0.0,101
2023-05-10 21:02:33,au2312C496,au2312C496,7.24,0.0,0.0,0.0,1,7.42,7.56,1,7.24,7.36,0.0,0.0,0.0,0.0,101
2023-05-10 21:02:33,au2312C496,au2312C496,7.24,0.0,0.0,0.0,1,7.4,7.56,1,7.24,7.36,0.0,0.0,0.0,0.0,101
2023-05-10 21:02:34,au2312C496,au2312C496,7.24,0.0,0.0,0.0,1,7.4,7.54,1,7.24,7.36,0.0,0.0,0.0,0.0,101
2023-05-10 21:02:35,au2312C496,au2312C496,7.24,0.0,0.0,0.0,1,7.42,7.54,1,7.24,7.36,0.0,0.0,0.0,0.0,101
2023-05-10 21:02:37,au2312C496,au2312C496,7.24,0.0,0.0,0.0,1,7.4,7.54,1,7.24,7.36,0.0,0.0,0.0,0.0,101
2023-05-10 21:02:39,au2312C496,au2312C496,7.24,0.0,0.0,0.0,1,7.42,7.54,1,7.24,7.36,0.0,0.0,0.0,0.0,101
2023-05-10 21:02:58,au2312C496,au2312C496,7.24,0.0,0.0,0.0,1,7.4,7.54,1,7.24,7.36,0.0,0.0,0.0,0.0,101
2023-05-10 21:03:01,au2312C496,au2312C496,7.24,0.0,0.0,0.0,1,7.42,7.54,1,7.24,7.36,0.0,0.0,0.0,0.0,101
2023-05-10 21:03:05,au2312C496,au2312C496,7.24,0.0,0.0,0.0,1,7.42,7.56,1,7.24,7.36,0.0,0.0,0.0,0.0,101
2023-05-10 21:03:09,au2312C496,au2312C496,7.24,0.0,0.0,0.0,1,7.44,7.56,1,7.24,7.36,0.0,0.0,0.0,0.0,101
2023-05-10 21:03:14,au2312C496,au2312C496,7.24,0.0,0.0,0.0,1,7.44,7.58,1,7.24,7.36,0.0,0.0,0.0,0.0,101
2023-05-10 21:03:18,au2312C496,au2312C496,7.24,0.0,0.0,0.0,1,7.42,7.58,1,7.24,7.36,0.0,0.0,0.0,0.0,101
2023-05-10 21:03:18,au2312C496,au2312C496,7.24,0.0,0.0,0.0,1,7.42,7.56,1,7.24,7.36,0.0,0.0,0.0,0.0,101
2023-05-10 21:03:32,au2312C496,au2312C496,7.24,0.0,0.0,0.0,1,7.44,7.56,1,7.24,7.36,0.0,0.0,0.0,0.0,101
2023-05-10 21:03:34,au2312C496,au2312C496,7.24,0.0,0.0,0.0,1,7.44,7.58,1,7.24,7.36,0.0,0.0,0.0,0.0,101
2023-05-10 21:03:47,au2312C496,au2312C496,7.24,0.0,0.0,0.0,1,7.44,7.56,1,7.24,7.36,0.0,0.0,0.0,0.0,101
2023-05-10 21:03:48,au2312C496,au2312C496,7.24,0.0,0.0,0.0,1,7.42,7.56,1,7.24,7.36,0.0,0.0,0.0,0.0,101
2023-05-10 21:03:55,au2312C496,au2312C496,7.24,0.0,0.0,0.0,1,7.42,7.54,1,7.24,7.36,0.0,0.0,0.0,0.0,101
2023-05-10 21:03:59,au2312C496,au2312C496,7.24,0.0,0.0,0.0,1,7.4,7.54,1,7.24,7.36,0.0,0.0,0.0,0.0,101
2023-05-10 21:04:03,au2312C496,au2312C496,7.24,0.0,0.0,0.0,1,7.42,7.54,1,7.24,7.36,0.0,0.0,0.0,0.0,101
2023-05-10 21:04:05,au2312C496,au2312C496,7.24,0.0,0.0,0.0,1,7.44,7.56,1,7.24,7.36,0.0,0.0,0.0,0.0,101
2023-05-10 21:04:05,au2312C496,au2312C496,7.24,0.0,0.0,0.0,1,7.42,7.56,1,7.24,7.36,0.0,0.0,0.0,0.0,101
2023-05-10 21:04:06,au2312C496,au2312C496,7.24,0.0,0.0,0.0,1,7.42,7.54,1,7.24,7.36,0.0,0.0,0.0,0.0,101
2023-05-10 21:04:07,au2312C496,au2312C496,7.24,0.0,0.0,0.0,1,7.4,7.54,1,7.24,7.36,0.0,0.0,0.0,0.0,101
2023-05-10 21:04:10,au2312C496,au2312C496,7.24,0.0,0.0,0.0,1,7.36,7.52,1,7.24,7.36,0.0,0.0,0.0,0.0,101
2023-05-10 21:04:11,au2312C496,au2312C496,7.24,0.0,0.0,0.0,1,7.38,7.52,1,7.24,7.36,0.0,0.0,0.0,0.0,101
2023-05-10 21:04:14,au2312C496,au2312C496,7.24,0.0,0.0,0.0,1,7.4,7.52,1,7.24,7.36,0.0,0.0,0.0,0.0,101
2023-05-10 21:04:19,au2312C496,au2312C496,7.24,0.0,0.0,0.0,1,7.38,7.52,1,7.24,7.36,0.0,0.0,0.0,0.0,101
2023-05-10 21:04:22,au2312C496,au2312C496,7.24,0.0,0.0,0.0,1,7.4,7.52,1,7.24,7.36,0.0,0.0,0.0,0.0,101
2023-05-10 21:04:29,au2312C496,au2312C496,7.24,0.0,0.0,0.0,1,7.42,7.54,1,7.24,7.36,0.0,0.0,0.0,0.0,101
2023-05-10 21:04:32,au2312C496,au2312C496,7.24,0.0,0.0,0.0,1,7.42,7.56,1,7.24,7.36,0.0,0.0,0.0,0.0,101
2023-05-10 21:04:43,au2312C496,au2312C496,7.24,0.0,0.0,0.0,1,7.44,7.56,1,7.24,7.36,0.0,0.0,0.0,0.0,101
2023-05-10 21:04:54,au2312C496,au2312C496,7.24,0.0,0.0,0.0,1,7.42,7.56,1,7.24,7.36,0.0,0.0,0.0,0.0,101
2023-05-10 21:04:58,au2312C496,au2312C496,7.24,0.0,0.0,0.0,1,7.4,7.56,1,7.24,7.36,0.0,0.0,0.0,0.0,101
2023-05-10 21:04:59,au2312C496,au2312C496,7.24,0.0,0.0,0.0,1,7.4,7.54,1,7.24,7.36,0.0,0.0,0.0,0.0,101
2023-05-10 21:05:05,au2312C496,au2312C496,7.24,0.0,0.0,0.0,1,7.38,7.52,1,7.24,7.36,0.0,0.0,0.0,0.0,101
2023-05-10 21:05:10,au2312C496,au2312C496,7.24,0.0,0.0,0.0,1,7.4,7.52,1,7.24,7.36,0.0,0.0,0.0,0.0,101
2023-05-10 21:05:12,au2312C496,au2312C496,7.24,0.0,0.0,0.0,1,7.42,7.54,1,7.24,7.36,0.0,0.0,0.0,0.0,101
2023-05-10 21:05:19,au2312C496,au2312C496,7.24,0.0,0.0,0.0,1,7.44,7.54,1,7.24,7.36,0.0,0.0,0.0,0.0,101
2023-05-10 21:05:21,au2312C496,au2312C496,7.24,0.0,0.0,0.0,1,7.44,7.56,1,7.24,7.36,0.0,0.0,0.0,0.0,101
2023-05-10 21:05:38,au2312C496,au2312C496,7.24,0.0,0.0,0.0,1,7.42,7.56,1,7.24,7.36,0.0,0.0,0.0,0.0,101
2023-05-10 21:05:39,au2312C496,au2312C496,7.24,0.0,0.0,0.0,1,7.42,7.54,1,7.24,7.36,0.0,0.0,0.0,0.0,101
2023-05-10 21:05:49,au2312C496,au2312C496,7.24,0.0,0.0,0.0,1,7.44,7.54,1,7.24,7.36,0.0,0.0,0.0,0.0,101
2023-05-10 21:05:57,au2312C496,au2312C496,7.24,0.0,0.0,0.0,1,7.42,7.54,1,7.24,7.36,0.0,0.0,0.0,0.0,101
2023-05-10 21:05:57,au2312C496,au2312C496,7.24,0.0,0.0,0.0,1,7.4,7.54,1,7.24,7.36,0.0,0.0,0.0,0.0,101
2023-05-10 21:05:58,au2312C496,au2312C496,7.24,0.0,0.0,0.0,1,7.4,7.52,1,7.24,7.36,0.0,0.0,0.0,0.0,101
2023-05-10 21:06:02,au2312C496,au2312C496,7.24,0.0,0.0,0.0,1,7.42,7.52,1,7.24,7.36,0.0,0.0,0.0,0.0,101
2023-05-10 21:06:04,au2312C496,au2312C496,7.24,0.0,0.0,0.0,1,7.4,7.52,1,7.24,7.36,0.0,0.0,0.0,0.0,101
2023-05-10 21:06:08,au2312C496,au2312C496,7.24,0.0,0.0,0.0,1,7.38,7.5,1,7.24,7.36,0.0,0.0,0.0,0.0,101
2023-05-10 21:06:11,au2312C496,au2312C496,7.24,0.0,0.0,0.0,1,7.34,7.48,1,7.24,7.36,0.0,0.0,0.0,0.0,101
2023-05-10 21:06:12,au2312C496,au2312C496,7.24,0.0,0.0,0.0,1,7.36,7.48,1,7.24,7.36,0.0,0.0,0.0,0.0,101
2023-05-10 21:06:16,au2312C496,au2312C496,7.24,0.0,0.0,0.0,1,7.38,7.48,1,7.24,7.36,0.0,0.0,0.0,0.0,101
2023-05-10 21:06:18,au2312C496,au2312C496,7.24,0.0,0.0,0.0,1,7.38,7.5,1,7.24,7.36,0.0,0.0,0.0,0.0,101
2023-05-10 21:06:24,au2312C496,au2312C496,7.24,0.0,0.0,0.0,1,7.4,7.5,1,7.24,7.36,0.0,0.0,0.0,0.0,101
2023-05-10 21:06:33,au2312C496,au2312C496,7.24,0.0,0.0,0.0,1,7.4,7.52,1,7.24,7.36,0.0,0.0,0.0,0.0,101
2023-05-10 21:06:39,au2312C496,au2312C496,7.24,0.0,0.0,0.0,1,7.42,7.52,1,7.24,7.36,0.0,0.0,0.0,0.0,101
2023-05-10 21:06:40,au2312C496,au2312C496,7.24,0.0,0.0,0.0,1,7.4,7.52,1,7.24,7.36,0.0,0.0,0.0,0.0,101
2023-05-10 21:06:52,au2312C496,au2312C496,7.24,0.0,0.0,0.0,1,7.42,7.52,1,7.24,7.36,0.0,0.0,0.0,0.0,101
2023-05-10 21:06:55,au2312C496,au2312C496,7.24,0.0,0.0,0.0,1,7.4,7.52,1,7.24,7.36,0.0,0.0,0.0,0.0,101
2023-05-10 21:07:03,au2312C496,au2312C496,7.24,0.0,0.0,0.0,1,7.38,7.5,1,7.24,7.36,0.0,0.0,0.0,0.0,101
2023-05-10 21:07:07,au2312C496,au2312C496,7.24,0.0,0.0,0.0,1,7.4,7.5,1,7.24,7.36,0.0,0.0,0.0,0.0,101
2023-05-10 21:07:09,au2312C496,au2312C496,7.24,0.0,0.0,0.0,1,7.4,7.52,1,7.24,7.36,0.0,0.0,0.0,0.0,101
2023-05-10 21:07:21,au2312C496,au2312C496,7.24,0.0,0.0,0.0,1,7.36,7.5,1,7.24,7.36,0.0,0.0,0.0,0.0,101
2023-05-10 21:07:22,au2312C496,au2312C496,7.24,0.0,0.0,0.0,1,7.36,7.48,1,7.24,7.36,0.0,0.0,0.0,0.0,101
2023-05-10 21:07:23,au2312C496,au2312C496,7.24,0.0,0.0,0.0,1,7.38,7.48,1,7.24,7.36,0.0,0.0,0.0,0.0,101
2023-05-10 21:07:27,au2312C496,au2312C496,7.24,0.0,0.0,0.0,1,7.38,7.5,1,7.24,7.36,0.0,0.0,0.0,0.0,101
2023-05-10 21:07:58,au2312C496,au2312C496,7.24,0.0,0.0,0.0,1,7.4,7.5,1,7.24,7.36,0.0,0.0,0.0,0.0,101
2023-05-10 21:08:02,au2312C496,au2312C496,7.24,0.0,0.0,0.0,1,7.38,7.5,1,7.24,7.36,0.0,0.0,0.0,0.0,101
2023-05-10 21:08:03,au2312C496,au2312C496,7.24,0.0,0.0,0.0,1,7.36,7.5,1,7.24,7.36,0.0,0.0,0.0,0.0,101
2023-05-10 21:08:05,au2312C496,au2312C496,7.24,0.0,0.0,0.0,1,7.38,7.5,1,7.24,7.36,0.0,0.0,0.0,0.0,101
2023-05-10 21:08:06,au2312C496,au2312C496,7.24,0.0,0.0,0.0,1,7.4,7.5,1,7.24,7.36,0.0,0.0,0.0,0.0,101
2023-05-10 21:08:06,au2312C496,au2312C496,7.24,0.0,0.0,0.0,1,7.4,7.52,1,7.24,7.36,0.0,0.0,0.0,0.0,101
2023-05-10 21:08:14,au2312C496,au2312C496,7.24,0.0,0.0,0.0,1,7.38,7.5,1,7.24,7.36,0.0,0.0,0.0,0.0,101
2023-05-10 21:08:17,au2312C496,au2312C496,7.24,0.0,0.0,0.0,1,7.4,7.5,1,7.24,7.36,0.0,0.0,0.0,0.0,101
2023-05-10 21:08:19,au2312C496,au2312C496,7.24,0.0,0.0,0.0,1,7.4,7.52,1,7.24,7.36,0.0,0.0,0.0,0.0,101
2023-05-10 21:08:22,au2312C496,au2312C496,7.24,0.0,0.0,0.0,1,7.42,7.52,1,7.24,7.36,0.0,0.0,0.0,0.0,101
2023-05-10 21:08:24,au2312C496,au2312C496,7.24,0.0,0.0,0.0,1,7.42,7.54,1,7.24,7.36,0.0,0.0,0.0,0.0,101
2023-05-10 21:08:26,au2312C496,au2312C496,7.24,0.0,0.0,0.0,1,7.4,7.54,1,7.24,7.36,0.0,0.0,0.0,0.0,101
2023-05-10 21:08:27,au2312C496,au2312C496,7.24,0.0,0.0,0.0,1,7.4,7.52,1,7.24,7.36,0.0,0.0,0.0,0.0,101
2023-05-10 21:08:36,au2312C496,au2312C496,7.24,0.0,0.0,0.0,1,7.38,7.52,1,7.24,7.36,0.0,0.0,0.0,0.0,101
2023-05-10 21:08:37,au2312C496,au2312C496,7.24,0.0,0.0,0.0,1,7.38,7.5,1,7.24,7.36,0.0,0.0,0.0,0.0,101
2023-05-10 21:08:43,au2312C496,au2312C496,7.24,0.0,0.0,0.0,1,7.36,7.5,1,7.24,7.36,0.0,0.0,0.0,0.0,101
2023-05-10 21:08:44,au2312C496,au2312C496,7.24,0.0,0.0,0.0,1,7.36,7.48,1,7.24,7.36,0.0,0.0,0.0,0.0,101
2023-05-10 21:08:45,au2312C496,au2312C496,7.24,0.0,0.0,0.0,1,7.04,7.48,1,7.24,7.36,0.0,0.0,0.0,0.0,101
2023-05-10 21:08:46,au2312C496,au2312C496,7.24,0.0,0.0,0.0,1,7.04,7.48,1,7.24,7.36,0.0,0.0,0.0,0.0,101
2023-05-10 21:08:46,au2312C496,au2312C496,7.24,0.0,0.0,0.0,1,7.36,7.48,1,7.24,7.36,0.0,0.0,0.0,0.0,101
2023-05-10 21:08:48,au2312C496,au2312C496,7.24,0.0,0.0,0.0,1,7.38,7.48,1,7.24,7.36,0.0,0.0,0.0,0.0,101
2023-05-10 21:08:48,au2312C496,au2312C496,7.24,0.0,0.0,0.0,1,7.38,7.48,1,7.24,7.36,0.0,0.0,0.0,0.0,101
2023-05-10 21:08:49,au2312C496,au2312C496,7.24,0.0,0.0,0.0,1,7.36,7.48,1,7.24,7.36,0.0,0.0,0.0,0.0,101
2023-05-10 21:08:58,au2312C496,au2312C496,7.36,1.0,7360.0,0.0,1,7.34,7.36,1,7.24,7.36,7.36,7.36,1.0,7360.0,101
2023-05-10 21:08:58,au2312C496,au2312C496,7.36,1.0,7360.0,0.0,1,7.34,7.48,1,7.24,7.36,7.36,7.36,2.0,14720.0,101
2023-05-10 21:09:00,au2312C496,au2312C496,7.36,0.0,0.0,0.0,1,7.34,7.46,1,7.24,7.36,7.36,7.36,2.0,14720.0,101
2023-05-10 21:09:01,au2312C496,au2312C496,7.36,0.0,0.0,0.0,1,7.36,7.48,1,7.24,7.36,7.36,7.36,2.0,14720.0,101
2023-05-10 21:09:03,au2312C496,au2312C496,7.36,0.0,0.0,0.0,1,7.36,7.46,1,7.24,7.36,7.36,7.36,2.0,14720.0,101
2023-05-10 21:09:08,au2312C496,au2312C496,7.36,0.0,0.0,0.0,1,7.34,7.46,1,7.24,7.36,7.36,7.36,2.0,14720.0,101
2023-05-10 21:09:11,au2312C496,au2312C496,7.36,0.0,0.0,0.0,1,7.04,7.44,1,7.24,7.36,7.36,7.36,2.0,14720.0,101
2023-05-10 21:09:12,au2312C496,au2312C496,7.36,0.0,0.0,0.0,1,7.04,7.44,1,7.24,7.36,7.36,7.36,2.0,14720.0,101
2023-05-10 21:09:12,au2312C496,au2312C496,7.36,0.0,0.0,0.0,1,7.32,7.44,1,7.24,7.36,7.36,7.36,2.0,14720.0,101
2023-05-10 21:09:13,au2312C496,au2312C496,7.36,0.0,0.0,0.0,1,7.34,7.44,1,7.24,7.36,7.36,7.36,2.0,14720.0,101
2023-05-10 21:09:14,au2312C496,au2312C496,7.36,0.0,0.0,0.0,1,7.34,7.44,1,7.24,7.36,7.36,7.36,2.0,14720.0,101
2023-05-10 21:09:15,au2312C496,au2312C496,7.36,0.0,0.0,0.0,1,7.34,7.46,1,7.24,7.36,7.36,7.36,2.0,14720.0,101
2023-05-10 21:09:16,au2312C496,au2312C496,7.36,0.0,0.0,0.0,1,7.36,7.46,1,7.24,7.36,7.36,7.36,2.0,14720.0,101
2023-05-10 21:09:18,au2312C496,au2312C496,7.36,0.0,0.0,0.0,1,7.34,7.46,1,7.24,7.36,7.36,7.36,2.0,14720.0,101
2023-05-10 21:09:19,au2312C496,au2312C496,7.36,0.0,0.0,0.0,1,7.36,7.46,1,7.24,7.36,7.36,7.36,2.0,14720.0,101
2023-05-10 21:09:26,au2312C496,au2312C496,7.36,0.0,0.0,0.0,1,7.36,7.48,1,7.24,7.36,7.36,7.36,2.0,14720.0,101
2023-05-10 21:09:28,au2312C496,au2312C496,7.36,0.0,0.0,0.0,1,7.34,7.46,1,7.24,7.36,7.36,7.36,2.0,14720.0,101
2023-05-10 21:09:29,au2312C496,au2312C496,7.36,0.0,0.0,0.0,1,7.36,7.46,1,7.24,7.36,7.36,7.36,2.0,14720.0,101
2023-05-10 21:09:31,au2312C496,au2312C496,7.36,0.0,0.0,0.0,1,7.36,7.48,1,7.24,7.36,7.36,7.36,2.0,14720.0,101
2023-05-10 21:09:44,au2312C496,au2312C496,7.36,0.0,0.0,0.0,1,7.38,7.48,1,7.24,7.36,7.36,7.36,2.0,14720.0,101
2023-05-10 21:09:46,au2312C496,au2312C496,7.36,0.0,0.0,0.0,1,7.36,7.46,1,7.24,7.36,7.36,7.36,2.0,14720.0,101
2023-05-10 21:09:54,au2312C496,au2312C496,7.36,0.0,0.0,0.0,1,7.34,7.46,1,7.24,7.36,7.36,7.36,2.0,14720.0,101
2023-05-10 21:09:56,au2312C496,au2312C496,7.36,0.0,0.0,0.0,1,7.32,7.46,1,7.24,7.36,7.36,7.36,2.0,14720.0,101
2023-05-10 21:09:57,au2312C496,au2312C496,7.36,0.0,0.0,0.0,1,7.32,7.44,1,7.24,7.36,7.36,7.36,2.0,14720.0,101
2023-05-10 21:09:59,au2312C496,au2312C496,7.36,0.0,0.0,0.0,1,7.34,7.44,1,7.24,7.36,7.36,7.36,2.0,14720.0,101
2023-05-10 21:10:01,au2312C496,au2312C496,7.36,0.0,0.0,0.0,1,7.32,7.44,1,7.24,7.36,7.36,7.36,2.0,14720.0,101
2023-05-10 21:10:02,au2312C496,au2312C496,7.36,0.0,0.0,0.0,1,7.04,7.44,1,7.24,7.36,7.36,7.36,2.0,14720.0,101
2023-05-10 21:10:02,au2312C496,au2312C496,7.36,0.0,0.0,0.0,1,7.04,7.44,1,7.24,7.36,7.36,7.36,2.0,14720.0,101
2023-05-10 21:10:03,au2312C496,au2312C496,7.36,0.0,0.0,0.0,1,7.3,7.42,1,7.24,7.36,7.36,7.36,2.0,14720.0,101
2023-05-10 21:10:04,au2312C496,au2312C496,7.36,0.0,0.0,0.0,1,7.32,7.42,1,7.24,7.36,7.36,7.36,2.0,14720.0,101
2023-05-10 21:10:04,au2312C496,au2312C496,7.36,0.0,0.0,0.0,1,7.32,7.42,1,7.24,7.36,7.36,7.36,2.0,14720.0,101
2023-05-10 21:10:08,au2312C496,au2312C496,7.36,0.0,0.0,0.0,1,7.3,7.42,1,7.24,7.36,7.36,7.36,2.0,14720.0,101
2023-05-10 21:10:10,au2312C496,au2312C496,7.36,0.0,0.0,0.0,1,7.32,7.42,1,7.24,7.36,7.36,7.36,2.0,14720.0,101
2023-05-10 21:10:19,au2312C496,au2312C496,7.36,0.0,0.0,0.0,1,7.32,7.44,1,7.24,7.36,7.36,7.36,2.0,14720.0,101
2023-05-10 21:10:20,au2312C496,au2312C496,7.36,0.0,0.0,0.0,1,7.34,7.44,1,7.24,7.36,7.36,7.36,2.0,14720.0,101
2023-05-10 21:10:37,au2312C496,au2312C496,7.36,0.0,0.0,0.0,1,7.36,7.46,1,7.24,7.36,7.36,7.36,2.0,14720.0,101
2023-05-10 21:10:38,au2312C496,au2312C496,7.36,0.0,0.0,0.0,1,7.34,7.44,1,7.24,7.36,7.36,7.36,2.0,14720.0,101
2023-05-10 21:10:43,au2312C496,au2312C496,7.36,0.0,0.0,0.0,1,7.36,7.44,1,7.24,7.36,7.36,7.36,2.0,14720.0,101
2023-05-10 21:10:44,au2312C496,au2312C496,7.36,0.0,0.0,0.0,1,7.36,7.46,1,7.24,7.36,7.36,7.36,2.0,14720.0,101
2023-05-10 21:11:03,au2312C496,au2312C496,7.36,0.0,0.0,0.0,1,7.38,7.46,1,7.24,7.36,7.36,7.36,2.0,14720.0,101
2023-05-10 21:11:04,au2312C496,au2312C496,7.36,0.0,0.0,0.0,1,7.38,7.48,1,7.24,7.36,7.36,7.36,2.0,14720.0,101
2023-05-10 21:11:10,au2312C496,au2312C496,7.36,0.0,0.0,0.0,1,7.36,7.46,1,7.24,7.36,7.36,7.36,2.0,14720.0,101
2023-05-10 21:11:14,au2312C496,au2312C496,7.36,0.0,0.0,0.0,1,7.38,7.46,1,7.24,7.36,7.36,7.36,2.0,14720.0,101
2023-05-10 21:11:16,au2312C496,au2312C496,7.36,0.0,0.0,0.0,1,7.38,7.48,1,7.24,7.36,7.36,7.36,2.0,14720.0,101
2023-05-10 21:11:22,au2312C496,au2312C496,7.36,0.0,0.0,0.0,1,7.36,7.46,1,7.24,7.36,7.36,7.36,2.0,14720.0,101
2023-05-10 21:11:30,au2312C496,au2312C496,7.36,0.0,0.0,0.0,1,7.34,7.44,1,7.24,7.36,7.36,7.36,2.0,14720.0,101
2023-05-10 21:11:36,au2312C496,au2312C496,7.36,0.0,0.0,0.0,1,7.36,7.46,1,7.24,7.36,7.36,7.36,2.0,14720.0,101
2023-05-10 21:11:40,au2312C496,au2312C496,7.36,0.0,0.0,0.0,1,7.34,7.44,1,7.24,7.36,7.36,7.36,2.0,14720.0,101
2023-05-10 21:11:46,au2312C496,au2312C496,7.36,0.0,0.0,0.0,1,7.32,7.44,1,7.24,7.36,7.36,7.36,2.0,14720.0,101
2023-05-10 21:11:47,au2312C496,au2312C496,7.36,0.0,0.0,0.0,1,7.04,7.44,1,7.24,7.36,7.36,7.36,2.0,14720.0,101
2023-05-10 21:11:48,au2312C496,au2312C496,7.36,0.0,0.0,0.0,1,7.04,7.4,1,7.24,7.36,7.36,7.36,2.0,14720.0,101
2023-05-10 21:11:49,au2312C496,au2312C496,7.36,0.0,0.0,0.0,1,7.3,7.4,1,7.24,7.36,7.36,7.36,2.0,14720.0,101
2023-05-10 21:11:53,au2312C496,au2312C496,7.36,0.0,0.0,0.0,1,7.32,7.4,1,7.24,7.36,7.36,7.36,2.0,14720.0,101
2023-05-10 21:11:53,au2312C496,au2312C496,7.36,0.0,0.0,0.0,1,7.32,7.42,1,7.24,7.36,7.36,7.36,2.0,14720.0,101
2023-05-10 21:12:00,au2312C496,au2312C496,7.36,0.0,0.0,0.0,1,7.34,7.42,1,7.24,7.36,7.36,7.36,2.0,14720.0,101
2023-05-10 21:12:00,au2312C496,au2312C496,7.36,0.0,0.0,0.0,1,7.34,7.44,1,7.24,7.36,7.36,7.36,2.0,14720.0,101
2023-05-10 21:12:08,au2312C496,au2312C496,7.36,0.0,0.0,0.0,1,7.36,7.44,1,7.24,7.36,7.36,7.36,2.0,14720.0,101
2023-05-10 21:12:10,au2312C496,au2312C496,7.36,0.0,0.0,0.0,1,7.36,7.46,1,7.24,7.36,7.36,7.36,2.0,14720.0,101
2023-05-10 21:12:22,au2312C496,au2312C496,7.36,0.0,0.0,0.0,1,7.34,7.44,1,7.24,7.36,7.36,7.36,2.0,14720.0,101
2023-05-10 21:12:42,au2312C496,au2312C496,7.36,0.0,0.0,0.0,1,7.32,7.42,1,7.24,7.36,7.36,7.36,2.0,14720.0,101
2023-05-10 21:12:51,au2312C496,au2312C496,7.36,0.0,0.0,0.0,1,7.34,7.42,1,7.24,7.36,7.36,7.36,2.0,14720.0,101
2023-05-10 21:12:52,au2312C496,au2312C496,7.36,0.0,0.0,0.0,1,7.32,7.42,1,7.24,7.36,7.36,7.36,2.0,14720.0,101
2023-05-10 21:12:55,au2312C496,au2312C496,7.36,0.0,0.0,0.0,1,7.34,7.42,1,7.24,7.36,7.36,7.36,2.0,14720.0,101
2023-05-10 21:12:57,au2312C496,au2312C496,7.36,0.0,0.0,0.0,1,7.32,7.42,1,7.24,7.36,7.36,7.36,2.0,14720.0,101
2023-05-10 21:12:59,au2312C496,au2312C496,7.36,0.0,0.0,0.0,1,7.34,7.44,1,7.24,7.36,7.36,7.36,2.0,14720.0,101
2023-05-10 21:13:01,au2312C496,au2312C496,7.36,0.0,0.0,0.0,1,7.36,7.46,1,7.24,7.36,7.36,7.36,2.0,14720.0,101
2023-05-10 21:13:06,au2312C496,au2312C496,7.36,0.0,0.0,0.0,1,7.38,7.48,1,7.24,7.36,7.36,7.36,2.0,14720.0,101
2023-05-10 21:13:30,au2312C496,au2312C496,7.36,0.0,0.0,0.0,1,7.36,7.46,1,7.24,7.36,7.36,7.36,2.0,14720.0,101
2023-05-10 21:13:31,au2312C496,au2312C496,7.36,0.0,0.0,0.0,1,7.34,7.46,1,7.24,7.36,7.36,7.36,2.0,14720.0,101
2023-05-10 21:13:32,au2312C496,au2312C496,7.36,0.0,0.0,0.0,1,7.36,7.46,1,7.24,7.36,7.36,7.36,2.0,14720.0,101
2023-05-10 21:13:35,au2312C496,au2312C496,7.36,0.0,0.0,0.0,1,7.34,7.44,1,7.24,7.36,7.36,7.36,2.0,14720.0,101
2023-05-10 21:13:50,au2312C496,au2312C496,7.36,0.0,0.0,0.0,1,7.32,7.42,1,7.24,7.36,7.36,7.36,2.0,14720.0,101
2023-05-10 21:14:06,au2312C496,au2312C496,7.36,0.0,0.0,0.0,1,7.3,7.42,1,7.24,7.36,7.36,7.36,2.0,14720.0,101
2023-05-10 21:14:12,au2312C496,au2312C496,7.36,0.0,0.0,0.0,1,7.3,7.4,1,7.24,7.36,7.36,7.36,2.0,14720.0,101
2023-05-10 21:14:38,au2312C496,au2312C496,7.36,0.0,0.0,0.0,1,7.32,7.4,1,7.24,7.36,7.36,7.36,2.0,14720.0,101
2023-05-10 21:14:45,au2312C496,au2312C496,7.36,0.0,0.0,0.0,1,7.32,7.42,1,7.24,7.36,7.36,7.36,2.0,14720.0,101
2023-05-10 21:14:48,au2312C496,au2312C496,7.36,0.0,0.0,0.0,1,7.3,7.4,1,7.24,7.36,7.36,7.36,2.0,14720.0,101
2023-05-10 21:14:55,au2312C496,au2312C496,7.36,0.0,0.0,0.0,1,7.04,7.38,1,7.24,7.36,7.36,7.36,2.0,14720.0,101
2023-05-10 21:14:55,au2312C496,au2312C496,7.36,0.0,0.0,0.0,1,7.04,7.38,1,7.24,7.36,7.36,7.36,2.0,14720.0,101
2023-05-10 21:14:56,au2312C496,au2312C496,7.36,0.0,0.0,0.0,1,7.28,7.38,1,7.24,7.36,7.36,7.36,2.0,14720.0,101
2023-05-10 21:14:56,au2312C496,au2312C496,7.36,0.0,0.0,0.0,1,7.28,7.4,1,7.24,7.36,7.36,7.36,2.0,14720.0,101
2023-05-10 21:14:58,au2312C496,au2312C496,7.36,0.0,0.0,0.0,1,7.3,7.4,1,7.24,7.36,7.36,7.36,2.0,14720.0,101
2023-05-10 21:14:58,au2312C496,au2312C496,7.36,0.0,0.0,0.0,1,7.3,7.4,1,7.24,7.36,7.36,7.36,2.0,14720.0,101
2023-05-10 21:14:59,au2312C496,au2312C496,7.36,0.0,0.0,0.0,1,7.32,7.42,1,7.24,7.36,7.36,7.36,2.0,14720.0,101
2023-05-10 21:15:00,au2312C496,au2312C496,7.36,0.0,0.0,0.0,1,7.3,7.42,1,7.24,7.36,7.36,7.36,2.0,14720.0,101
2023-05-10 21:15:04,au2312C496,au2312C496,7.36,0.0,0.0,0.0,1,7.32,7.42,1,7.24,7.36,7.36,7.36,2.0,14720.0,101
2023-05-10 21:15:19,au2312C496,au2312C496,7.36,0.0,0.0,0.0,1,7.34,7.42,1,7.24,7.36,7.36,7.36,2.0,14720.0,101
2023-05-10 21:15:20,au2312C496,au2312C496,7.36,0.0,0.0,0.0,1,7.34,7.44,1,7.24,7.36,7.36,7.36,2.0,14720.0,101
2023-05-10 21:15:24,au2312C496,au2312C496,7.36,0.0,0.0,0.0,1,7.34,7.44,1,7.24,7.36,7.36,7.36,2.0,14720.0,101
2023-05-10 21:15:24,au2312C496,au2312C496,7.36,0.0,0.0,0.0,1,7.34,8.06,1,7.24,7.36,7.36,7.36,2.0,14720.0,101
2023-05-10 21:15:25,au2312C496,au2312C496,7.36,0.0,0.0,0.0,1,7.36,7.46,1,7.24,7.36,7.36,7.36,2.0,14720.0,101
2023-05-10 21:15:28,au2312C496,au2312C496,7.36,0.0,0.0,0.0,1,7.36,7.44,1,7.24,7.36,7.36,7.36,2.0,14720.0,101
2023-05-10 21:15:28,au2312C496,au2312C496,7.36,0.0,0.0,0.0,1,7.34,7.44,1,7.24,7.36,7.36,7.36,2.0,14720.0,101
2023-05-10 21:15:31,au2312C496,au2312C496,7.36,0.0,0.0,0.0,1,7.36,7.44,1,7.24,7.36,7.36,7.36,2.0,14720.0,101
2023-05-10 21:15:31,au2312C496,au2312C496,7.36,0.0,0.0,0.0,1,7.36,7.46,1,7.24,7.36,7.36,7.36,2.0,14720.0,101
2023-05-10 21:15:35,au2312C496,au2312C496,7.36,0.0,0.0,0.0,1,7.34,7.44,1,7.24,7.36,7.36,7.36,2.0,14720.0,101
2023-05-10 21:15:39,au2312C496,au2312C496,7.36,0.0,0.0,0.0,1,7.34,7.42,1,7.24,7.36,7.36,7.36,2.0,14720.0,101
2023-05-10 21:15:40,au2312C496,au2312C496,7.36,0.0,0.0,0.0,1,7.32,7.42,1,7.24,7.36,7.36,7.36,2.0,14720.0,101
2023-05-10 21:15:41,au2312C496,au2312C496,7.36,0.0,0.0,0.0,1,7.34,7.42,1,7.24,7.36,7.36,7.36,2.0,14720.0,101
2023-05-10 21:15:42,au2312C496,au2312C496,7.36,0.0,0.0,0.0,1,7.34,7.44,1,7.24,7.36,7.36,7.36,2.0,14720.0,101
2023-05-10 21:15:50,au2312C496,au2312C496,7.36,0.0,0.0,0.0,1,7.32,7.42,1,7.24,7.36,7.36,7.36,2.0,14720.0,101
2023-05-10 21:15:51,au2312C496,au2312C496,7.36,0.0,0.0,0.0,1,7.3,7.42,1,7.24,7.36,7.36,7.36,2.0,14720.0,101
2023-05-10 21:15:52,au2312C496,au2312C496,7.36,0.0,0.0,0.0,1,7.32,7.42,1,7.24,7.36,7.36,7.36,2.0,14720.0,101
2023-05-10 21:16:03,au2312C496,au2312C496,7.36,0.0,0.0,0.0,1,7.34,7.42,1,7.24,7.36,7.36,7.36,2.0,14720.0,101
2023-05-10 21:16:03,au2312C496,au2312C496,7.36,0.0,0.0,0.0,1,7.34,7.46,1,7.24,7.36,7.36,7.36,2.0,14720.0,101
2023-05-10 21:16:04,au2312C496,au2312C496,7.36,0.0,0.0,0.0,1,7.36,7.46,1,7.24,7.36,7.36,7.36,2.0,14720.0,101
2023-05-10 21:16:18,au2312C496,au2312C496,7.36,0.0,0.0,0.0,1,7.36,7.44,1,7.24,7.36,7.36,7.36,2.0,14720.0,101
2023-05-10 21:16:20,au2312C496,au2312C496,7.36,0.0,0.0,0.0,1,7.34,7.44,1,7.24,7.36,7.36,7.36,2.0,14720.0,101
2023-05-10 21:16:22,au2312C496,au2312C496,7.36,0.0,0.0,0.0,1,7.36,7.44,1,7.24,7.36,7.36,7.36,2.0,14720.0,101
2023-05-10 21:16:23,au2312C496,au2312C496,7.36,0.0,0.0,0.0,1,7.34,7.44,1,7.24,7.36,7.36,7.36,2.0,14720.0,101
2023-05-10 21:16:30,au2312C496,au2312C496,7.36,0.0,0.0,0.0,1,7.36,7.44,1,7.24,7.36,7.36,7.36,2.0,14720.0,101
2023-05-10 21:16:30,au2312C496,au2312C496,7.36,0.0,0.0,0.0,1,7.34,7.44,1,7.24,7.36,7.36,7.36,2.0,14720.0,101
2023-05-10 21:16:36,au2312C496,au2312C496,7.36,0.0,0.0,0.0,1,7.32,7.42,1,7.24,7.36,7.36,7.36,2.0,14720.0,101
2023-05-10 21:16:46,au2312C496,au2312C496,7.36,0.0,0.0,0.0,1,7.32,7.4,1,7.24,7.36,7.36,7.36,2.0,14720.0,101
2023-05-10 21:16:50,au2312C496,au2312C496,7.36,0.0,0.0,0.0,1,7.3,7.4,1,7.24,7.36,7.36,7.36,2.0,14720.0,101
2023-05-10 21:16:54,au2312C496,au2312C496,7.36,0.0,0.0,0.0,1,7.32,7.4,1,7.24,7.36,7.36,7.36,2.0,14720.0,101
2023-05-10 21:16:59,au2312C496,au2312C496,7.36,0.0,0.0,0.0,1,7.32,7.42,1,7.24,7.36,7.36,7.36,2.0,14720.0,101
2023-05-10 21:17:15,au2312C496,au2312C496,7.36,0.0,0.0,0.0,1,7.32,7.4,1,7.24,7.36,7.36,7.36,2.0,14720.0,101
2023-05-10 21:17:15,au2312C496,au2312C496,7.36,0.0,0.0,0.0,1,7.3,7.4,1,7.24,7.36,7.36,7.36,2.0,14720.0,101
2023-05-10 21:17:17,au2312C496,au2312C496,7.36,0.0,0.0,0.0,1,7.3,7.38,1,7.24,7.36,7.36,7.36,2.0,14720.0,101
2023-05-10 21:17:23,au2312C496,au2312C496,7.36,0.0,0.0,0.0,1,7.28,7.38,1,7.24,7.36,7.36,7.36,2.0,14720.0,101
2023-05-10 21:17:31,au2312C496,au2312C496,7.36,0.0,0.0,0.0,1,7.3,7.38,1,7.24,7.36,7.36,7.36,2.0,14720.0,101
2023-05-10 21:17:32,au2312C496,au2312C496,7.36,0.0,0.0,0.0,1,7.3,7.4,1,7.24,7.36,7.36,7.36,2.0,14720.0,101
2023-05-10 21:17:36,au2312C496,au2312C496,7.36,0.0,0.0,0.0,1,7.32,7.4,1,7.24,7.36,7.36,7.36,2.0,14720.0,101
2023-05-10 21:17:38,au2312C496,au2312C496,7.36,0.0,0.0,0.0,1,7.3,7.4,1,7.24,7.36,7.36,7.36,2.0,14720.0,101
2023-05-10 21:17:42,au2312C496,au2312C496,7.36,0.0,0.0,0.0,1,7.32,7.4,1,7.24,7.36,7.36,7.36,2.0,14720.0,101
2023-05-10 21:17:54,au2312C496,au2312C496,7.36,0.0,0.0,0.0,1,7.3,7.4,1,7.24,7.36,7.36,7.36,2.0,14720.0,101
2023-05-10 21:18:00,au2312C496,au2312C496,7.36,0.0,0.0,0.0,1,7.3,7.38,1,7.24,7.36,7.36,7.36,2.0,14720.0,101
2023-05-10 21:18:02,au2312C496,au2312C496,7.36,0.0,0.0,0.0,1,7.3,7.4,1,7.24,7.36,7.36,7.36,2.0,14720.0,101
2023-05-10 21:18:03,au2312C496,au2312C496,7.36,0.0,0.0,0.0,1,7.32,7.42,1,7.24,7.36,7.36,7.36,2.0,14720.0,101
2023-05-10 21:18:04,au2312C496,au2312C496,7.36,0.0,0.0,0.0,1,7.32,7.44,1,7.24,7.36,7.36,7.36,2.0,14720.0,101
2023-05-10 21:18:05,au2312C496,au2312C496,7.36,0.0,0.0,0.0,1,7.32,7.42,1,7.24,7.36,7.36,7.36,2.0,14720.0,101
2023-05-10 21:18:09,au2312C496,au2312C496,7.36,0.0,0.0,0.0,1,7.34,7.42,1,7.24,7.36,7.36,7.36,2.0,14720.0,101
2023-05-10 21:18:16,au2312C496,au2312C496,7.36,0.0,0.0,0.0,1,7.32,7.42,1,7.24,7.36,7.36,7.36,2.0,14720.0,101
2023-05-10 21:18:20,au2312C496,au2312C496,7.36,0.0,0.0,0.0,1,7.34,7.42,1,7.24,7.36,7.36,7.36,2.0,14720.0,101
2023-05-10 21:18:23,au2312C496,au2312C496,7.36,0.0,0.0,0.0,1,7.32,7.42,1,7.24,7.36,7.36,7.36,2.0,14720.0,101
2023-05-10 21:18:37,au2312C496,au2312C496,7.36,0.0,0.0,0.0,1,7.34,7.42,1,7.24,7.36,7.36,7.36,2.0,14720.0,101
2023-05-10 21:18:45,au2312C496,au2312C496,7.36,0.0,0.0,0.0,1,7.34,7.44,1,7.24,7.36,7.36,7.36,2.0,14720.0,101
2023-05-10 21:18:55,au2312C496,au2312C496,7.36,0.0,0.0,0.0,1,7.34,7.42,1,7.24,7.36,7.36,7.36,2.0,14720.0,101
2023-05-10 21:18:56,au2312C496,au2312C496,7.36,0.0,0.0,0.0,1,7.32,7.42,1,7.24,7.36,7.36,7.36,2.0,14720.0,101
2023-05-10 21:18:59,au2312C496,au2312C496,7.36,0.0,0.0,0.0,1,7.34,7.44,1,7.24,7.36,7.36,7.36,2.0,14720.0,101
2023-05-10 21:19:16,au2312C496,au2312C496,7.36,0.0,0.0,0.0,1,7.32,7.42,1,7.24,7.36,7.36,7.36,2.0,14720.0,101
2023-05-10 21:19:36,au2312C496,au2312C496,7.36,0.0,0.0,0.0,1,7.3,7.42,1,7.24,7.36,7.36,7.36,2.0,14720.0,101
2023-05-10 21:19:37,au2312C496,au2312C496,7.36,0.0,0.0,0.0,1,7.32,7.4,1,7.24,7.36,7.36,7.36,2.0,14720.0,101
2023-05-10 21:19:37,au2312C496,au2312C496,7.36,0.0,0.0,0.0,1,7.3,7.4,1,7.24,7.36,7.36,7.36,2.0,14720.0,101
2023-05-10 21:19:44,au2312C496,au2312C496,7.36,0.0,0.0,0.0,1,7.32,7.42,1,7.24,7.36,7.36,7.36,2.0,14720.0,101
2023-05-10 21:19:44,au2312C496,au2312C496,7.36,0.0,0.0,0.0,1,7.32,7.44,1,7.24,7.36,7.36,7.36,2.0,14720.0,101
2023-05-10 21:19:45,au2312C496,au2312C496,7.36,0.0,0.0,0.0,1,7.34,7.42,1,7.24,7.36,7.36,7.36,2.0,14720.0,101
2023-05-10 21:19:47,au2312C496,au2312C496,7.36,0.0,0.0,0.0,1,7.32,7.42,1,7.24,7.36,7.36,7.36,2.0,14720.0,101
2023-05-10 21:19:49,au2312C496,au2312C496,7.36,0.0,0.0,0.0,1,7.32,7.4,1,7.24,7.36,7.36,7.36,2.0,14720.0,101
2023-05-10 21:19:52,au2312C496,au2312C496,7.36,0.0,0.0,0.0,1,7.32,7.42,1,7.24,7.36,7.36,7.36,2.0,14720.0,101
2023-05-10 21:19:55,au2312C496,au2312C496,7.36,0.0,0.0,0.0,1,7.32,7.4,1,7.24,7.36,7.36,7.36,2.0,14720.0,101
2023-05-10 21:19:57,au2312C496,au2312C496,7.36,0.0,0.0,0.0,1,7.32,7.42,1,7.24,7.36,7.36,7.36,2.0,14720.0,101
2023-05-10 21:20:00,au2312C496,au2312C496,7.36,0.0,0.0,0.0,1,7.34,7.42,1,7.24,7.36,7.36,7.36,2.0,14720.0,101
2023-05-10 21:20:01,au2312C496,au2312C496,7.36,0.0,0.0,0.0,1,7.34,7.44,1,7.24,7.36,7.36,7.36,2.0,14720.0,101
2023-05-10 21:20:07,au2312C496,au2312C496,7.36,0.0,0.0,0.0,1,7.32,7.42,1,7.24,7.36,7.36,7.36,2.0,14720.0,101
2023-05-10 21:20:11,au2312C496,au2312C496,7.36,0.0,0.0,0.0,1,7.34,7.42,1,7.24,7.36,7.36,7.36,2.0,14720.0,101
2023-05-10 21:20:11,au2312C496,au2312C496,7.36,0.0,0.0,0.0,1,7.34,7.44,1,7.24,7.36,7.36,7.36,2.0,14720.0,101
2023-05-10 21:20:13,au2312C496,au2312C496,7.36,0.0,0.0,0.0,1,7.34,7.42,1,7.24,7.36,7.36,7.36,2.0,14720.0,101
2023-05-10 21:20:14,au2312C496,au2312C496,7.36,0.0,0.0,0.0,1,7.32,7.42,1,7.24,7.36,7.36,7.36,2.0,14720.0,101
2023-05-10 21:20:17,au2312C496,au2312C496,7.36,0.0,0.0,0.0,1,7.32,7.4,1,7.24,7.36,7.36,7.36,2.0,14720.0,101
2023-05-10 21:20:26,au2312C496,au2312C496,7.36,0.0,0.0,0.0,1,7.32,7.42,1,7.24,7.36,7.36,7.36,2.0,14720.0,101
2023-05-10 21:20:45,au2312C496,au2312C496,7.36,0.0,0.0,0.0,1,7.32,7.4,1,7.24,7.36,7.36,7.36,2.0,14720.0,101
2023-05-10 21:20:49,au2312C496,au2312C496,7.36,0.0,0.0,0.0,1,7.32,7.42,1,7.24,7.36,7.36,7.36,2.0,14720.0,101
2023-05-10 21:20:54,au2312C496,au2312C496,7.36,0.0,0.0,0.0,1,7.34,7.42,1,7.24,7.36,7.36,7.36,2.0,14720.0,101
2023-05-10 21:20:58,au2312C496,au2312C496,7.36,0.0,0.0,0.0,1,7.32,7.42,1,7.24,7.36,7.36,7.36,2.0,14720.0,101
2023-05-10 21:21:07,au2312C496,au2312C496,7.36,0.0,0.0,0.0,1,7.32,7.4,1,7.24,7.36,7.36,7.36,2.0,14720.0,101
2023-05-10 21:21:08,au2312C496,au2312C496,7.36,0.0,0.0,0.0,1,7.3,7.4,1,7.24,7.36,7.36,7.36,2.0,14720.0,101
2023-05-10 21:21:10,au2312C496,au2312C496,7.36,0.0,0.0,0.0,1,7.32,7.4,1,7.24,7.36,7.36,7.36,2.0,14720.0,101
2023-05-10 21:21:12,au2312C496,au2312C496,7.36,0.0,0.0,0.0,1,7.32,7.42,1,7.24,7.36,7.36,7.36,2.0,14720.0,101
2023-05-10 21:21:13,au2312C496,au2312C496,7.36,0.0,0.0,0.0,1,7.34,7.42,1,7.24,7.36,7.36,7.36,2.0,14720.0,101
2023-05-10 21:21:15,au2312C496,au2312C496,7.36,0.0,0.0,0.0,1,7.32,7.42,1,7.24,7.36,7.36,7.36,2.0,14720.0,101
2023-05-10 21:21:18,au2312C496,au2312C496,7.36,0.0,0.0,0.0,1,7.34,7.42,1,7.24,7.36,7.36,7.36,2.0,14720.0,101
2023-05-10 21:21:36,au2312C496,au2312C496,7.36,0.0,0.0,0.0,1,7.34,7.44,1,7.24,7.36,7.36,7.36,2.0,14720.0,101
2023-05-10 21:21:40,au2312C496,au2312C496,7.36,0.0,0.0,0.0,1,7.36,7.44,1,7.24,7.36,7.36,7.36,2.0,14720.0,101
2023-05-10 21:21:51,au2312C496,au2312C496,7.36,0.0,0.0,0.0,1,7.36,7.46,1,7.24,7.36,7.36,7.36,2.0,14720.0,101
2023-05-10 21:21:58,au2312C496,au2312C496,7.36,0.0,0.0,0.0,1,7.36,7.44,1,7.24,7.36,7.36,7.36,2.0,14720.0,101
2023-05-10 21:22:04,au2312C496,au2312C496,7.36,0.0,0.0,0.0,1,7.34,7.44,1,7.24,7.36,7.36,7.36,2.0,14720.0,101
2023-05-10 21:22:10,au2312C496,au2312C496,7.36,0.0,0.0,0.0,1,7.36,7.44,1,7.24,7.36,7.36,7.36,2.0,14720.0,101
2023-05-10 21:22:13,au2312C496,au2312C496,7.36,0.0,0.0,0.0,1,7.34,7.44,1,7.24,7.36,7.36,7.36,2.0,14720.0,101
2023-05-10 21:22:14,au2312C496,au2312C496,7.36,0.0,0.0,0.0,1,7.32,7.42,1,7.24,7.36,7.36,7.36,2.0,14720.0,101
2023-05-10 21:22:20,au2312C496,au2312C496,7.36,0.0,0.0,0.0,1,7.32,7.4,1,7.24,7.36,7.36,7.36,2.0,14720.0,101
2023-05-10 21:22:20,au2312C496,au2312C496,7.36,0.0,0.0,0.0,1,7.3,7.4,1,7.24,7.36,7.36,7.36,2.0,14720.0,101
2023-05-10 21:22:22,au2312C496,au2312C496,7.36,0.0,0.0,0.0,1,7.32,7.4,1,7.24,7.36,7.36,7.36,2.0,14720.0,101
2023-05-10 21:22:26,au2312C496,au2312C496,7.36,0.0,0.0,0.0,1,7.3,7.4,1,7.24,7.36,7.36,7.36,2.0,14720.0,101
2023-05-10 21:22:30,au2312C496,au2312C496,7.36,0.0,0.0,0.0,1,7.32,7.4,1,7.24,7.36,7.36,7.36,2.0,14720.0,101
2023-05-10 21:22:31,au2312C496,au2312C496,7.36,0.0,0.0,0.0,1,7.32,7.42,1,7.24,7.36,7.36,7.36,2.0,14720.0,101
2023-05-10 21:22:36,au2312C496,au2312C496,7.36,0.0,0.0,0.0,1,7.34,7.42,1,7.24,7.36,7.36,7.36,2.0,14720.0,101
2023-05-10 21:22:41,au2312C496,au2312C496,7.36,0.0,0.0,0.0,1,7.32,7.42,1,7.24,7.36,7.36,7.36,2.0,14720.0,101
2023-05-10 21:22:43,au2312C496,au2312C496,7.36,0.0,0.0,0.0,1,7.32,7.4,1,7.24,7.36,7.36,7.36,2.0,14720.0,101
2023-05-10 21:22:43,au2312C496,au2312C496,7.36,0.0,0.0,0.0,1,7.3,7.4,1,7.24,7.36,7.36,7.36,2.0,14720.0,101
2023-05-10 21:22:54,au2312C496,au2312C496,7.36,0.0,0.0,0.0,1,7.04,7.38,1,7.24,7.36,7.36,7.36,2.0,14720.0,101
2023-05-10 21:22:55,au2312C496,au2312C496,7.36,0.0,0.0,0.0,1,7.04,7.38,1,7.24,7.36,7.36,7.36,2.0,14720.0,101
2023-05-10 21:22:55,au2312C496,au2312C496,7.36,0.0,0.0,0.0,1,7.28,7.38,1,7.24,7.36,7.36,7.36,2.0,14720.0,101
2023-05-10 21:23:03,au2312C496,au2312C496,7.36,0.0,0.0,0.0,1,7.28,7.38,1,7.24,7.36,7.36,7.36,2.0,14720.0,101
2023-05-10 21:23:05,au2312C496,au2312C496,7.36,0.0,0.0,0.0,1,7.28,7.36,1,7.24,7.36,7.36,7.36,2.0,14720.0,101
2023-05-10 21:23:05,au2312C496,au2312C496,7.36,0.0,0.0,0.0,1,7.04,7.36,1,7.24,7.36,7.36,7.36,2.0,14720.0,101
2023-05-10 21:23:06,au2312C496,au2312C496,7.36,0.0,0.0,0.0,1,7.26,7.36,1,7.24,7.36,7.36,7.36,2.0,14720.0,101
2023-05-10 21:23:07,au2312C496,au2312C496,7.36,0.0,0.0,0.0,1,7.28,7.38,1,7.24,7.36,7.36,7.36,2.0,14720.0,101
2023-05-10 21:23:08,au2312C496,au2312C496,7.36,0.0,0.0,0.0,1,7.28,7.38,1,7.24,7.36,7.36,7.36,2.0,14720.0,101
2023-05-10 21:23:11,au2312C496,au2312C496,7.36,0.0,0.0,0.0,1,7.26,7.36,1,7.24,7.36,7.36,7.36,2.0,14720.0,101
2023-05-10 21:23:13,au2312C496,au2312C496,7.36,0.0,0.0,0.0,1,7.28,7.38,1,7.24,7.36,7.36,7.36,2.0,14720.0,101
2023-05-10 21:23:15,au2312C496,au2312C496,7.36,0.0,0.0,0.0,1,7.26,7.38,1,7.24,7.36,7.36,7.36,2.0,14720.0,101
2023-05-10 21:23:15,au2312C496,au2312C496,7.36,0.0,0.0,0.0,1,7.26,7.36,1,7.24,7.36,7.36,7.36,2.0,14720.0,101
2023-05-10 21:23:24,au2312C496,au2312C496,7.36,0.0,0.0,0.0,1,7.28,7.36,1,7.24,7.36,7.36,7.36,2.0,14720.0,101
2023-05-10 21:23:24,au2312C496,au2312C496,7.36,0.0,0.0,0.0,1,7.28,7.38,1,7.24,7.36,7.36,7.36,2.0,14720.0,101
2023-05-10 21:23:26,au2312C496,au2312C496,7.36,0.0,0.0,0.0,1,7.28,7.36,1,7.24,7.36,7.36,7.36,2.0,14720.0,101
2023-05-10 21:23:26,au2312C496,au2312C496,7.36,0.0,0.0,0.0,1,7.26,7.36,1,7.24,7.36,7.36,7.36,2.0,14720.0,101
2023-05-10 21:23:34,au2312C496,au2312C496,7.36,0.0,0.0,0.0,1,7.26,7.34,1,7.24,7.36,7.36,7.36,2.0,14720.0,101
2023-05-10 21:23:36,au2312C496,au2312C496,7.36,0.0,0.0,0.0,1,7.26,7.36,1,7.24,7.36,7.36,7.36,2.0,14720.0,101
2023-05-10 21:23:43,au2312C496,au2312C496,7.36,0.0,0.0,0.0,1,7.26,7.34,1,7.24,7.36,7.36,7.36,2.0,14720.0,101
2023-05-10 21:23:45,au2312C496,au2312C496,7.36,0.0,0.0,0.0,1,7.26,7.36,1,7.24,7.36,7.36,7.36,2.0,14720.0,101
2023-05-10 21:23:46,au2312C496,au2312C496,7.36,0.0,0.0,0.0,1,7.28,7.36,1,7.24,7.36,7.36,7.36,2.0,14720.0,101
2023-05-10 21:23:47,au2312C496,au2312C496,7.36,0.0,0.0,0.0,1,7.28,7.38,1,7.24,7.36,7.36,7.36,2.0,14720.0,101
2023-05-10 21:23:49,au2312C496,au2312C496,7.36,0.0,0.0,0.0,1,7.26,7.36,1,7.24,7.36,7.36,7.36,2.0,14720.0,101
2023-05-10 21:23:51,au2312C496,au2312C496,7.36,0.0,0.0,0.0,1,7.28,7.36,1,7.24,7.36,7.36,7.36,2.0,14720.0,101
2023-05-10 21:23:52,au2312C496,au2312C496,7.36,0.0,0.0,0.0,1,7.28,7.38,1,7.24,7.36,7.36,7.36,2.0,14720.0,101
2023-05-10 21:23:57,au2312C496,au2312C496,7.36,0.0,0.0,0.0,1,7.3,7.38,1,7.24,7.36,7.36,7.36,2.0,14720.0,101
2023-05-10 21:23:59,au2312C496,au2312C496,7.36,0.0,0.0,0.0,1,7.3,7.4,1,7.24,7.36,7.36,7.36,2.0,14720.0,101
2023-05-10 21:24:28,au2312C496,au2312C496,7.36,0.0,0.0,0.0,1,7.3,7.38,1,7.24,7.36,7.36,7.36,2.0,14720.0,101
2023-05-10 21:24:30,au2312C496,au2312C496,7.36,0.0,0.0,0.0,1,7.28,7.38,1,7.24,7.36,7.36,7.36,2.0,14720.0,101
2023-05-10 21:24:34,au2312C496,au2312C496,7.36,0.0,0.0,0.0,1,7.3,7.38,1,7.24,7.36,7.36,7.36,2.0,14720.0,101
2023-05-10 21:24:39,au2312C496,au2312C496,7.36,0.0,0.0,0.0,1,7.3,7.4,1,7.24,7.36,7.36,7.36,2.0,14720.0,101
2023-05-10 21:24:44,au2312C496,au2312C496,7.36,0.0,0.0,0.0,1,7.28,7.38,1,7.24,7.36,7.36,7.36,2.0,14720.0,101
2023-05-10 21:24:57,au2312C496,au2312C496,7.36,0.0,0.0,0.0,1,7.3,7.38,1,7.24,7.36,7.36,7.36,2.0,14720.0,101
2023-05-10 21:24:58,au2312C496,au2312C496,7.36,0.0,0.0,0.0,1,7.3,7.4,1,7.24,7.36,7.36,7.36,2.0,14720.0,101
2023-05-10 21:25:03,au2312C496,au2312C496,7.36,0.0,0.0,0.0,1,7.3,7.38,1,7.24,7.36,7.36,7.36,2.0,14720.0,101
2023-05-10 21:25:04,au2312C496,au2312C496,7.36,0.0,0.0,0.0,1,7.28,7.38,1,7.24,7.36,7.36,7.36,2.0,14720.0,101
2023-05-10 21:25:43,au2312C496,au2312C496,7.36,0.0,0.0,0.0,1,7.26,7.36,1,7.24,7.36,7.36,7.36,2.0,14720.0,101
2023-05-10 21:25:43,au2312C496,au2312C496,7.36,0.0,0.0,0.0,1,7.04,7.36,1,7.24,7.36,7.36,7.36,2.0,14720.0,101
2023-05-10 21:25:44,au2312C496,au2312C496,7.36,0.0,0.0,0.0,1,7.24,7.36,1,7.24,7.36,7.36,7.36,2.0,14720.0,101
2023-05-10 21:25:46,au2312C496,au2312C496,7.36,0.0,0.0,0.0,1,7.26,7.36,1,7.24,7.36,7.36,7.36,2.0,14720.0,101
2023-05-10 21:25:47,au2312C496,au2312C496,7.36,0.0,0.0,0.0,1,7.26,7.36,1,7.24,7.36,7.36,7.36,2.0,14720.0,101
2023-05-10 21:25:49,au2312C496,au2312C496,7.36,0.0,0.0,0.0,1,7.26,7.34,1,7.24,7.36,7.36,7.36,2.0,14720.0,101
2023-05-10 21:25:51,au2312C496,au2312C496,7.36,0.0,0.0,0.0,1,7.26,7.36,1,7.24,7.36,7.36,7.36,2.0,14720.0,101
2023-05-10 21:25:58,au2312C496,au2312C496,7.36,0.0,0.0,0.0,1,7.28,7.38,1,7.24,7.36,7.36,7.36,2.0,14720.0,101
2023-05-10 21:26:06,au2312C496,au2312C496,7.36,0.0,0.0,0.0,1,7.3,7.38,1,7.24,7.36,7.36,7.36,2.0,14720.0,101
2023-05-10 21:26:08,au2312C496,au2312C496,7.36,0.0,0.0,0.0,1,7.28,7.38,1,7.24,7.36,7.36,7.36,2.0,14720.0,101
2023-05-10 21:26:14,au2312C496,au2312C496,7.36,0.0,0.0,0.0,1,7.28,7.36,1,7.24,7.36,7.36,7.36,2.0,14720.0,101
2023-05-10 21:26:17,au2312C496,au2312C496,7.36,0.0,0.0,0.0,1,7.28,7.38,1,7.24,7.36,7.36,7.36,2.0,14720.0,101
2023-05-10 21:26:22,au2312C496,au2312C496,7.36,0.0,0.0,0.0,1,7.3,7.38,1,7.24,7.36,7.36,7.36,2.0,14720.0,101
2023-05-10 21:26:23,au2312C496,au2312C496,7.36,0.0,0.0,0.0,1,7.3,7.4,1,7.24,7.36,7.36,7.36,2.0,14720.0,101
2023-05-10 21:26:25,au2312C496,au2312C496,7.36,0.0,0.0,0.0,1,7.3,7.38,1,7.24,7.36,7.36,7.36,2.0,14720.0,101
2023-05-10 21:26:31,au2312C496,au2312C496,7.36,0.0,0.0,0.0,1,7.28,7.38,1,7.24,7.36,7.36,7.36,2.0,14720.0,101
2023-05-10 21:26:54,au2312C496,au2312C496,7.36,0.0,0.0,0.0,1,7.28,7.36,1,7.24,7.36,7.36,7.36,2.0,14720.0,101
2023-05-10 21:26:55,au2312C496,au2312C496,7.36,0.0,0.0,0.0,1,7.26,7.36,1,7.24,7.36,7.36,7.36,2.0,14720.0,101
2023-05-10 21:26:56,au2312C496,au2312C496,7.36,0.0,0.0,0.0,1,7.24,7.36,1,7.24,7.36,7.36,7.36,2.0,14720.0,101
2023-05-10 21:26:57,au2312C496,au2312C496,7.36,0.0,0.0,0.0,1,7.24,7.34,1,7.24,7.36,7.36,7.36,2.0,14720.0,101
2023-05-10 21:27:01,au2312C496,au2312C496,7.36,0.0,0.0,0.0,1,7.22,7.32,1,7.24,7.36,7.36,7.36,2.0,14720.0,101
2023-05-10 21:27:04,au2312C496,au2312C496,7.36,0.0,0.0,0.0,1,7.24,7.32,1,7.24,7.36,7.36,7.36,2.0,14720.0,101
2023-05-10 21:27:09,au2312C496,au2312C496,7.36,0.0,0.0,0.0,1,7.24,7.34,1,7.24,7.36,7.36,7.36,2.0,14720.0,101
2023-05-10 21:27:12,au2312C496,au2312C496,7.36,0.0,0.0,0.0,1,7.26,7.34,1,7.24,7.36,7.36,7.36,2.0,14720.0,101
2023-05-10 21:27:18,au2312C496,au2312C496,7.36,0.0,0.0,0.0,1,7.24,7.34,1,7.24,7.36,7.36,7.36,2.0,14720.0,101
2023-05-10 21:27:24,au2312C496,au2312C496,7.36,0.0,0.0,0.0,1,7.26,7.34,1,7.24,7.36,7.36,7.36,2.0,14720.0,101
2023-05-10 21:27:36,au2312C496,au2312C496,7.36,0.0,0.0,0.0,1,7.24,7.34,1,7.24,7.36,7.36,7.36,2.0,14720.0,101
2023-05-10 21:27:43,au2312C496,au2312C496,7.36,0.0,0.0,0.0,1,7.24,7.32,1,7.24,7.36,7.36,7.36,2.0,14720.0,101
2023-05-10 21:27:44,au2312C496,au2312C496,7.36,0.0,0.0,0.0,1,7.22,7.32,1,7.24,7.36,7.36,7.36,2.0,14720.0,101
2023-05-10 21:27:51,au2312C496,au2312C496,7.36,0.0,0.0,0.0,1,7.24,7.32,1,7.24,7.36,7.36,7.36,2.0,14720.0,101
2023-05-10 21:27:51,au2312C496,au2312C496,7.36,0.0,0.0,0.0,1,7.24,7.34,1,7.24,7.36,7.36,7.36,2.0,14720.0,101
2023-05-10 21:28:02,au2312C496,au2312C496,7.36,0.0,0.0,0.0,1,7.24,7.32,1,7.24,7.36,7.36,7.36,2.0,14720.0,101
2023-05-10 21:28:09,au2312C496,au2312C496,7.36,0.0,0.0,0.0,1,7.24,7.34,1,7.24,7.36,7.36,7.36,2.0,14720.0,101
2023-05-10 21:28:14,au2312C496,au2312C496,7.36,0.0,0.0,0.0,1,7.26,7.34,1,7.24,7.36,7.36,7.36,2.0,14720.0,101
2023-05-10 21:28:15,au2312C496,au2312C496,7.36,0.0,0.0,0.0,1,7.24,7.34,1,7.24,7.36,7.36,7.36,2.0,14720.0,101
2023-05-10 21:28:21,au2312C496,au2312C496,7.36,0.0,0.0,0.0,1,7.24,7.32,1,7.24,7.36,7.36,7.36,2.0,14720.0,101
2023-05-10 21:28:22,au2312C496,au2312C496,7.36,0.0,0.0,0.0,1,7.22,7.32,1,7.24,7.36,7.36,7.36,2.0,14720.0,101
2023-05-10 21:28:32,au2312C496,au2312C496,7.36,0.0,0.0,0.0,1,7.24,7.32,1,7.24,7.36,7.36,7.36,2.0,14720.0,101
2023-05-10 21:28:34,au2312C496,au2312C496,7.36,0.0,0.0,0.0,1,7.22,7.32,1,7.24,7.36,7.36,7.36,2.0,14720.0,101
2023-05-10 21:28:47,au2312C496,au2312C496,7.36,0.0,0.0,0.0,1,7.22,7.3,1,7.24,7.36,7.36,7.36,2.0,14720.0,101
2023-05-10 21:28:47,au2312C496,au2312C496,7.36,0.0,0.0,0.0,1,7.22,7.32,1,7.24,7.36,7.36,7.36,2.0,14720.0,101
2023-05-10 21:29:02,au2312C496,au2312C496,7.36,0.0,0.0,0.0,1,7.22,7.3,1,7.24,7.36,7.36,7.36,2.0,14720.0,101
2023-05-10 21:29:04,au2312C496,au2312C496,7.36,0.0,0.0,0.0,1,7.22,7.32,1,7.24,7.36,7.36,7.36,2.0,14720.0,101
2023-05-10 21:29:15,au2312C496,au2312C496,7.36,0.0,0.0,0.0,1,7.24,7.32,1,7.24,7.36,7.36,7.36,2.0,14720.0,101
2023-05-10 21:29:21,au2312C496,au2312C496,7.36,0.0,0.0,0.0,1,7.22,7.32,1,7.24,7.36,7.36,7.36,2.0,14720.0,101
2023-05-10 21:29:39,au2312C496,au2312C496,7.36,0.0,0.0,0.0,1,7.2,7.3,1,7.24,7.36,7.36,7.36,2.0,14720.0,101
2023-05-10 21:29:53,au2312C496,au2312C496,7.36,0.0,0.0,0.0,1,7.04,7.3,1,7.24,7.36,7.36,7.36,2.0,14720.0,101
2023-05-10 21:29:53,au2312C496,au2312C496,7.36,0.0,0.0,0.0,1,7.04,7.3,1,7.24,7.36,7.36,7.36,2.0,14720.0,101
2023-05-10 21:29:54,au2312C496,au2312C496,7.36,0.0,0.0,0.0,1,7.18,7.3,1,7.24,7.36,7.36,7.36,2.0,14720.0,101
2023-05-10 21:29:54,au2312C496,au2312C496,7.36,0.0,0.0,0.0,1,7.18,7.28,1,7.24,7.36,7.36,7.36,2.0,14720.0,101
2023-05-10 21:29:56,au2312C496,au2312C496,7.36,0.0,0.0,0.0,1,7.2,7.28,1,7.24,7.36,7.36,7.36,2.0,14720.0,101
2023-05-10 21:29:56,au2312C496,au2312C496,7.36,0.0,0.0,0.0,1,7.2,7.28,1,7.24,7.36,7.36,7.36,2.0,14720.0,101
2023-05-10 21:29:58,au2312C496,au2312C496,7.36,0.0,0.0,0.0,1,7.18,7.28,1,7.24,7.36,7.36,7.36,2.0,14720.0,101
2023-05-10 21:29:59,au2312C496,au2312C496,7.36,0.0,0.0,0.0,1,7.18,7.26,1,7.24,7.36,7.36,7.36,2.0,14720.0,101
2023-05-10 21:30:00,au2312C496,au2312C496,7.36,0.0,0.0,0.0,1,7.04,7.26,1,7.24,7.36,7.36,7.36,2.0,14720.0,101
2023-05-10 21:30:00,au2312C496,au2312C496,7.36,0.0,0.0,0.0,1,7.04,7.26,1,7.24,7.36,7.36,7.36,2.0,14720.0,101
2023-05-10 21:30:01,au2312C496,au2312C496,7.36,0.0,0.0,0.0,1,7.18,7.26,1,7.24,7.36,7.36,7.36,2.0,14720.0,101
2023-05-10 21:30:02,au2312C496,au2312C496,7.36,0.0,0.0,0.0,1,7.16,7.26,1,7.24,7.36,7.36,7.36,2.0,14720.0,101
2023-05-10 21:30:03,au2312C496,au2312C496,7.36,0.0,0.0,0.0,1,7.18,7.26,1,7.24,7.36,7.36,7.36,2.0,14720.0,101
2023-05-10 21:30:04,au2312C496,au2312C496,7.36,0.0,0.0,0.0,1,7.18,7.26,1,7.24,7.36,7.36,7.36,2.0,14720.0,101
2023-05-10 21:30:05,au2312C496,au2312C496,7.36,0.0,0.0,0.0,1,7.16,7.26,1,7.24,7.36,7.36,7.36,2.0,14720.0,101
2023-05-10 21:30:08,au2312C496,au2312C496,7.36,0.0,0.0,0.0,1,7.18,7.26,1,7.24,7.36,7.36,7.36,2.0,14720.0,101
2023-05-10 21:30:16,au2312C496,au2312C496,7.36,0.0,0.0,0.0,1,7.18,7.28,1,7.24,7.36,7.36,7.36,2.0,14720.0,101
2023-05-10 21:30:20,au2312C496,au2312C496,7.36,0.0,0.0,0.0,1,7.2,7.3,1,7.24,7.36,7.36,7.36,2.0,14720.0,101
2023-05-10 21:30:20,au2312C496,au2312C496,7.36,0.0,0.0,0.0,1,7.2,7.28,1,7.24,7.36,7.36,7.36,2.0,14720.0,101
2023-05-10 21:30:23,au2312C496,au2312C496,7.36,0.0,0.0,0.0,1,7.18,7.28,1,7.24,7.36,7.36,7.36,2.0,14720.0,101
2023-05-10 21:30:24,au2312C496,au2312C496,7.36,0.0,0.0,0.0,1,7.2,7.28,1,7.24,7.36,7.36,7.36,2.0,14720.0,101
2023-05-10 21:30:25,au2312C496,au2312C496,7.36,0.0,0.0,0.0,1,7.18,7.28,1,7.24,7.36,7.36,7.36,2.0,14720.0,101
2023-05-10 21:30:27,au2312C496,au2312C496,7.36,0.0,0.0,0.0,1,7.2,7.3,1,7.24,7.36,7.36,7.36,2.0,14720.0,101
2023-05-10 21:30:30,au2312C496,au2312C496,7.36,0.0,0.0,0.0,1,7.2,7.28,1,7.24,7.36,7.36,7.36,2.0,14720.0,101
2023-05-10 21:30:35,au2312C496,au2312C496,7.36,0.0,0.0,0.0,1,7.2,7.3,1,7.24,7.36,7.36,7.36,2.0,14720.0,101
2023-05-10 21:30:37,au2312C496,au2312C496,7.36,0.0,0.0,0.0,1,7.22,7.3,1,7.24,7.36,7.36,7.36,2.0,14720.0,101
2023-05-10 21:30:39,au2312C496,au2312C496,7.36,0.0,0.0,0.0,1,7.22,7.32,1,7.24,7.36,7.36,7.36,2.0,14720.0,101
2023-05-10 21:30:50,au2312C496,au2312C496,7.36,0.0,0.0,0.0,1,7.22,7.3,1,7.24,7.36,7.36,7.36,2.0,14720.0,101
2023-05-10 21:30:54,au2312C496,au2312C496,7.36,0.0,0.0,0.0,1,7.22,7.32,1,7.24,7.36,7.36,7.36,2.0,14720.0,101
2023-05-10 21:30:56,au2312C496,au2312C496,7.36,0.0,0.0,0.0,1,7.2,7.32,1,7.24,7.36,7.36,7.36,2.0,14720.0,101
2023-05-10 21:30:57,au2312C496,au2312C496,7.36,0.0,0.0,0.0,1,7.2,7.3,1,7.24,7.36,7.36,7.36,2.0,14720.0,101
2023-05-10 21:31:01,au2312C496,au2312C496,7.36,0.0,0.0,0.0,1,7.22,7.3,1,7.24,7.36,7.36,7.36,2.0,14720.0,101
2023-05-10 21:31:12,au2312C496,au2312C496,7.36,0.0,0.0,0.0,1,7.22,7.32,1,7.24,7.36,7.36,7.36,2.0,14720.0,101
2023-05-10 21:31:18,au2312C496,au2312C496,7.36,0.0,0.0,0.0,1,7.2,7.3,1,7.24,7.36,7.36,7.36,2.0,14720.0,101
2023-05-10 21:31:19,au2312C496,au2312C496,7.36,0.0,0.0,0.0,1,7.22,7.3,1,7.24,7.36,7.36,7.36,2.0,14720.0,101
2023-05-10 21:31:20,au2312C496,au2312C496,7.36,0.0,0.0,0.0,1,7.22,7.32,1,7.24,7.36,7.36,7.36,2.0,14720.0,101
2023-05-10 21:31:21,au2312C496,au2312C496,7.36,0.0,0.0,0.0,1,7.2,7.3,1,7.24,7.36,7.36,7.36,2.0,14720.0,101
2023-05-10 21:31:22,au2312C496,au2312C496,7.36,0.0,0.0,0.0,1,7.2,7.28,1,7.24,7.36,7.36,7.36,2.0,14720.0,101
2023-05-10 21:31:23,au2312C496,au2312C496,7.36,0.0,0.0,0.0,1,7.2,7.3,1,7.24,7.36,7.36,7.36,2.0,14720.0,101
2023-05-10 21:31:27,au2312C496,au2312C496,7.36,0.0,0.0,0.0,1,7.2,7.28,1,7.24,7.36,7.36,7.36,2.0,14720.0,101
2023-05-10 21:31:33,au2312C496,au2312C496,7.36,0.0,0.0,0.0,1,7.18,7.28,1,7.24,7.36,7.36,7.36,2.0,14720.0,101
2023-05-10 21:31:49,au2312C496,au2312C496,7.36,0.0,0.0,0.0,1,7.16,7.26,1,7.24,7.36,7.36,7.36,2.0,14720.0,101
2023-05-10 21:31:50,au2312C496,au2312C496,7.36,0.0,0.0,0.0,1,7.14,7.26,1,7.24,7.36,7.36,7.36,2.0,14720.0,101
2023-05-10 21:31:51,au2312C496,au2312C496,7.36,0.0,0.0,0.0,1,7.14,7.24,1,7.24,7.36,7.36,7.36,2.0,14720.0,101
2023-05-10 21:31:53,au2312C496,au2312C496,7.36,0.0,0.0,0.0,1,7.16,7.24,1,7.24,7.36,7.36,7.36,2.0,14720.0,101
2023-05-10 21:31:57,au2312C496,au2312C496,7.36,0.0,0.0,0.0,1,7.14,7.24,1,7.24,7.36,7.36,7.36,2.0,14720.0,101
2023-05-10 21:31:57,au2312C496,au2312C496,7.36,0.0,0.0,0.0,1,7.16,7.24,1,7.24,7.36,7.36,7.36,2.0,14720.0,101
2023-05-10 21:31:58,au2312C496,au2312C496,7.36,0.0,0.0,0.0,1,7.16,7.26,1,7.24,7.36,7.36,7.36,2.0,14720.0,101
2023-05-10 21:32:00,au2312C496,au2312C496,7.36,0.0,0.0,0.0,1,7.16,7.24,1,7.24,7.36,7.36,7.36,2.0,14720.0,101
2023-05-10 21:32:01,au2312C496,au2312C496,7.36,0.0,0.0,0.0,1,7.14,7.24,1,7.24,7.36,7.36,7.36,2.0,14720.0,101
2023-05-10 21:32:03,au2312C496,au2312C496,7.36,0.0,0.0,0.0,1,7.14,7.22,1,7.24,7.36,7.36,7.36,2.0,14720.0,101
2023-05-10 21:32:11,au2312C496,au2312C496,7.36,0.0,0.0,0.0,1,7.14,7.24,1,7.24,7.36,7.36,7.36,2.0,14720.0,101
2023-05-10 21:32:13,au2312C496,au2312C496,7.36,0.0,0.0,0.0,1,7.14,7.22,1,7.24,7.36,7.36,7.36,2.0,14720.0,101
2023-05-10 21:32:14,au2312C496,au2312C496,7.36,0.0,0.0,0.0,1,7.12,7.22,1,7.24,7.36,7.36,7.36,2.0,14720.0,101
2023-05-10 21:32:16,au2312C496,au2312C496,7.36,0.0,0.0,0.0,1,7.14,7.22,1,7.24,7.36,7.36,7.36,2.0,14720.0,101
2023-05-10 21:32:17,au2312C496,au2312C496,7.36,0.0,0.0,0.0,1,7.14,7.24,1,7.24,7.36,7.36,7.36,2.0,14720.0,101
2023-05-10 21:32:20,au2312C496,au2312C496,7.36,0.0,0.0,0.0,1,7.16,7.24,1,7.24,7.36,7.36,7.36,2.0,14720.0,101
2023-05-10 21:32:22,au2312C496,au2312C496,7.36,0.0,0.0,0.0,1,7.14,7.24,1,7.24,7.36,7.36,7.36,2.0,14720.0,101
2023-05-10 21:32:22,au2312C496,au2312C496,7.36,0.0,0.0,0.0,1,7.16,7.24,1,7.24,7.36,7.36,7.36,2.0,14720.0,101
2023-05-10 21:32:24,au2312C496,au2312C496,7.36,0.0,0.0,0.0,1,7.14,7.24,1,7.24,7.36,7.36,7.36,2.0,14720.0,101
2023-05-10 21:32:33,au2312C496,au2312C496,7.36,0.0,0.0,0.0,1,7.14,7.22,1,7.24,7.36,7.36,7.36,2.0,14720.0,101
2023-05-10 21:32:35,au2312C496,au2312C496,7.36,0.0,0.0,0.0,1,7.12,7.22,1,7.24,7.36,7.36,7.36,2.0,14720.0,101
2023-05-10 21:32:43,au2312C496,au2312C496,7.36,0.0,0.0,0.0,1,7.04,7.2,1,7.24,7.36,7.36,7.36,2.0,14720.0,101
2023-05-10 21:32:44,au2312C496,au2312C496,7.36,0.0,0.0,0.0,1,7.1,7.2,1,7.24,7.36,7.36,7.36,2.0,14720.0,101
2023-05-10 21:32:48,au2312C496,au2312C496,7.36,0.0,0.0,0.0,1,7.1,7.18,1,7.24,7.36,7.36,7.36,2.0,14720.0,101
2023-05-10 21:32:50,au2312C496,au2312C496,7.36,0.0,0.0,0.0,1,7.1,7.2,1,7.24,7.36,7.36,7.36,2.0,14720.0,101
2023-05-10 21:32:50,au2312C496,au2312C496,7.36,0.0,0.0,0.0,1,7.1,7.22,1,7.24,7.36,7.36,7.36,2.0,14720.0,101
2023-05-10 21:32:51,au2312C496,au2312C496,7.36,0.0,0.0,0.0,1,7.1,7.2,1,7.24,7.36,7.36,7.36,2.0,14720.0,101
2023-05-10 21:33:00,au2312C496,au2312C496,7.36,0.0,0.0,0.0,1,7.08,7.18,1,7.24,7.36,7.36,7.36,2.0,14720.0,101
2023-05-10 21:33:03,au2312C496,au2312C496,7.36,0.0,0.0,0.0,1,7.1,7.2,1,7.24,7.36,7.36,7.36,2.0,14720.0,101
2023-05-10 21:33:07,au2312C496,au2312C496,7.36,0.0,0.0,0.0,1,7.12,7.2,1,7.24,7.36,7.36,7.36,2.0,14720.0,101
2023-05-10 21:33:10,au2312C496,au2312C496,7.36,0.0,0.0,0.0,1,7.1,7.2,1,7.24,7.36,7.36,7.36,2.0,14720.0,101
2023-05-10 21:33:18,au2312C496,au2312C496,7.36,0.0,0.0,0.0,1,7.12,7.2,1,7.24,7.36,7.36,7.36,2.0,14720.0,101
2023-05-10 21:33:22,au2312C496,au2312C496,7.36,0.0,0.0,0.0,1,7.12,7.22,1,7.24,7.36,7.36,7.36,2.0,14720.0,101
2023-05-10 21:33:26,au2312C496,au2312C496,7.36,0.0,0.0,0.0,1,7.12,7.2,1,7.24,7.36,7.36,7.36,2.0,14720.0,101
2023-05-10 21:33:31,au2312C496,au2312C496,7.36,0.0,0.0,0.0,1,7.12,7.22,1,7.24,7.36,7.36,7.36,2.0,14720.0,101
2023-05-10 21:33:32,au2312C496,au2312C496,7.36,0.0,0.0,0.0,1,7.14,7.22,1,7.24,7.36,7.36,7.36,2.0,14720.0,101
2023-05-10 21:33:37,au2312C496,au2312C496,7.36,0.0,0.0,0.0,1,7.12,7.22,1,7.24,7.36,7.36,7.36,2.0,14720.0,101
2023-05-10 21:33:38,au2312C496,au2312C496,7.36,0.0,0.0,0.0,1,7.14,7.22,1,7.24,7.36,7.36,7.36,2.0,14720.0,101
2023-05-10 21:33:39,au2312C496,au2312C496,7.36,0.0,0.0,0.0,1,7.14,7.24,1,7.24,7.36,7.36,7.36,2.0,14720.0,101
2023-05-10 21:33:40,au2312C496,au2312C496,7.36,0.0,0.0,0.0,1,7.14,7.22,1,7.24,7.36,7.36,7.36,2.0,14720.0,101
2023-05-10 21:33:50,au2312C496,au2312C496,7.36,0.0,0.0,0.0,1,7.12,7.22,1,7.24,7.36,7.36,7.36,2.0,14720.0,101
2023-05-10 21:33:51,au2312C496,au2312C496,7.36,0.0,0.0,0.0,1,7.12,7.2,1,7.24,7.36,7.36,7.36,2.0,14720.0,101
2023-05-10 21:33:53,au2312C496,au2312C496,7.36,0.0,0.0,0.0,1,7.12,7.22,1,7.24,7.36,7.36,7.36,2.0,14720.0,101
2023-05-10 21:33:56,au2312C496,au2312C496,7.36,0.0,0.0,0.0,1,7.12,7.2,1,7.24,7.36,7.36,7.36,2.0,14720.0,101
2023-05-10 21:33:57,au2312C496,au2312C496,7.36,0.0,0.0,0.0,1,7.1,7.2,1,7.24,7.36,7.36,7.36,2.0,14720.0,101
2023-05-10 21:34:06,au2312C496,au2312C496,7.36,0.0,0.0,0.0,1,7.12,7.2,1,7.24,7.36,7.36,7.36,2.0,14720.0,101
2023-05-10 21:34:08,au2312C496,au2312C496,7.36,0.0,0.0,0.0,1,7.1,7.2,1,7.24,7.36,7.36,7.36,2.0,14720.0,101
2023-05-10 21:34:26,au2312C496,au2312C496,7.36,0.0,0.0,0.0,1,7.12,7.22,1,7.24,7.36,7.36,7.36,2.0,14720.0,101
2023-05-10 21:34:26,au2312C496,au2312C496,7.36,0.0,0.0,0.0,1,7.12,7.24,1,7.24,7.36,7.36,7.36,2.0,14720.0,101
2023-05-10 21:34:27,au2312C496,au2312C496,7.36,0.0,0.0,0.0,1,7.14,7.24,1,7.24,7.36,7.36,7.36,2.0,14720.0,101
2023-05-10 21:34:28,au2312C496,au2312C496,7.36,0.0,0.0,0.0,1,7.12,7.22,1,7.24,7.36,7.36,7.36,2.0,14720.0,101
2023-05-10 21:34:37,au2312C496,au2312C496,7.36,0.0,0.0,0.0,1,7.12,7.2,1,7.24,7.36,7.36,7.36,2.0,14720.0,101
2023-05-10 21:34:40,au2312C496,au2312C496,7.36,0.0,0.0,0.0,1,7.1,7.2,1,7.24,7.36,7.36,7.36,2.0,14720.0,101
2023-05-10 21:34:40,au2312C496,au2312C496,7.36,0.0,0.0,0.0,1,7.1,7.18,1,7.24,7.36,7.36,7.36,2.0,14720.0,101
2023-05-10 21:34:46,au2312C496,au2312C496,7.36,0.0,0.0,0.0,1,7.08,7.18,1,7.24,7.36,7.36,7.36,2.0,14720.0,101
2023-05-10 21:34:53,au2312C496,au2312C496,7.36,0.0,0.0,0.0,1,7.04,7.16,1,7.24,7.36,7.36,7.36,2.0,14720.0,101
2023-05-10 21:34:54,au2312C496,au2312C496,7.36,0.0,0.0,0.0,1,6.84,7.16,1,7.24,7.36,7.36,7.36,2.0,14720.0,101
2023-05-10 21:34:55,au2312C496,au2312C496,7.36,0.0,0.0,0.0,1,7.06,7.16,1,7.24,7.36,7.36,7.36,2.0,14720.0,101
2023-05-10 21:35:02,au2312C496,au2312C496,7.36,0.0,0.0,0.0,1,7.06,7.14,1,7.24,7.36,7.36,7.36,2.0,14720.0,101
2023-05-10 21:35:03,au2312C496,au2312C496,7.36,0.0,0.0,0.0,1,7.06,7.16,1,7.24,7.36,7.36,7.36,2.0,14720.0,101
2023-05-10 21:35:09,au2312C496,au2312C496,7.36,0.0,0.0,0.0,1,7.08,7.16,1,7.24,7.36,7.36,7.36,2.0,14720.0,101
2023-05-10 21:35:13,au2312C496,au2312C496,7.36,0.0,0.0,0.0,1,7.08,7.18,1,7.24,7.36,7.36,7.36,2.0,14720.0,101
2023-05-10 21:35:16,au2312C496,au2312C496,7.36,0.0,0.0,0.0,1,7.1,7.18,1,7.24,7.36,7.36,7.36,2.0,14720.0,101
2023-05-10 21:35:22,au2312C496,au2312C496,7.36,0.0,0.0,0.0,1,7.06,7.18,1,7.24,7.36,7.36,7.36,2.0,14720.0,101
2023-05-10 21:35:23,au2312C496,au2312C496,7.36,0.0,0.0,0.0,1,7.08,7.18,1,7.24,7.36,7.36,7.36,2.0,14720.0,101
2023-05-10 21:35:25,au2312C496,au2312C496,7.36,0.0,0.0,0.0,1,7.1,7.18,1,7.24,7.36,7.36,7.36,2.0,14720.0,101
2023-05-10 21:35:26,au2312C496,au2312C496,7.36,0.0,0.0,0.0,1,7.1,7.2,1,7.24,7.36,7.36,7.36,2.0,14720.0,101
2023-05-10 21:35:28,au2312C496,au2312C496,7.36,0.0,0.0,0.0,1,7.12,7.2,1,7.24,7.36,7.36,7.36,2.0,14720.0,101
2023-05-10 21:35:29,au2312C496,au2312C496,7.36,0.0,0.0,0.0,1,7.1,7.2,1,7.24,7.36,7.36,7.36,2.0,14720.0,101
2023-05-10 21:35:31,au2312C496,au2312C496,7.36,0.0,0.0,0.0,1,7.08,7.18,1,7.24,7.36,7.36,7.36,2.0,14720.0,101
2023-05-10 21:35:34,au2312C496,au2312C496,7.36,0.0,0.0,0.0,1,7.1,7.18,1,7.24,7.36,7.36,7.36,2.0,14720.0,101
2023-05-10 21:35:35,au2312C496,au2312C496,7.36,0.0,0.0,0.0,1,7.1,7.2,1,7.24,7.36,7.36,7.36,2.0,14720.0,101
2023-05-10 21:35:44,au2312C496,au2312C496,7.36,0.0,0.0,0.0,1,7.12,7.2,1,7.24,7.36,7.36,7.36,2.0,14720.0,101
2023-05-10 21:35:45,au2312C496,au2312C496,7.36,0.0,0.0,0.0,1,7.12,7.22,1,7.24,7.36,7.36,7.36,2.0,14720.0,101
2023-05-10 21:35:54,au2312C496,au2312C496,7.36,0.0,0.0,0.0,1,7.12,7.2,1,7.24,7.36,7.36,7.36,2.0,14720.0,101
2023-05-10 21:35:55,au2312C496,au2312C496,7.36,0.0,0.0,0.0,1,7.12,7.22,1,7.24,7.36,7.36,7.36,2.0,14720.0,101
2023-05-10 21:35:56,au2312C496,au2312C496,7.36,0.0,0.0,0.0,1,7.14,7.22,1,7.24,7.36,7.36,7.36,2.0,14720.0,101
2023-05-10 21:35:57,au2312C496,au2312C496,7.36,0.0,0.0,0.0,1,7.14,7.24,1,7.24,7.36,7.36,7.36,2.0,14720.0,101
2023-05-10 21:35:58,au2312C496,au2312C496,7.36,0.0,0.0,0.0,1,7.12,7.24,1,7.24,7.36,7.36,7.36,2.0,14720.0,101
2023-05-10 21:35:59,au2312C496,au2312C496,7.36,0.0,0.0,0.0,1,7.14,7.22,1,7.24,7.36,7.36,7.36,2.0,14720.0,101
2023-05-10 21:36:01,au2312C496,au2312C496,7.36,0.0,0.0,0.0,1,7.14,7.24,1,7.24,7.36,7.36,7.36,2.0,14720.0,101
2023-05-10 21:36:02,au2312C496,au2312C496,7.36,0.0,0.0,0.0,1,7.14,7.22,1,7.24,7.36,7.36,7.36,2.0,14720.0,101
2023-05-10 21:36:06,au2312C496,au2312C496,7.36,0.0,0.0,0.0,1,7.12,7.22,1,7.24,7.36,7.36,7.36,2.0,14720.0,101
2023-05-10 21:36:07,au2312C496,au2312C496,7.36,0.0,0.0,0.0,1,7.14,7.22,1,7.24,7.36,7.36,7.36,2.0,14720.0,101
2023-05-10 21:36:08,au2312C496,au2312C496,7.36,0.0,0.0,0.0,1,7.14,7.24,1,7.24,7.36,7.36,7.36,2.0,14720.0,101
2023-05-10 21:36:08,au2312C496,au2312C496,7.36,0.0,0.0,0.0,1,7.14,8.06,1,7.24,7.36,7.36,7.36,2.0,14720.0,101
2023-05-10 21:36:09,au2312C496,au2312C496,7.36,0.0,0.0,0.0,1,7.16,7.26,1,7.24,7.36,7.36,7.36,2.0,14720.0,101
2023-05-10 21:36:11,au2312C496,au2312C496,7.36,0.0,0.0,0.0,1,7.14,7.24,1,7.24,7.36,7.36,7.36,2.0,14720.0,101
2023-05-10 21:36:12,au2312C496,au2312C496,7.36,0.0,0.0,0.0,1,7.16,7.24,1,7.24,7.36,7.36,7.36,2.0,14720.0,101
2023-05-10 21:36:13,au2312C496,au2312C496,7.36,0.0,0.0,0.0,1,7.16,7.26,1,7.24,7.36,7.36,7.36,2.0,14720.0,101
2023-05-10 21:36:17,au2312C496,au2312C496,7.36,0.0,0.0,0.0,1,7.16,7.24,1,7.24,7.36,7.36,7.36,2.0,14720.0,101
2023-05-10 21:36:17,au2312C496,au2312C496,7.36,0.0,0.0,0.0,1,7.14,7.24,1,7.24,7.36,7.36,7.36,2.0,14720.0,101
2023-05-10 21:36:29,au2312C496,au2312C496,7.36,0.0,0.0,0.0,1,7.16,7.24,1,7.24,7.36,7.36,7.36,2.0,14720.0,101
2023-05-10 21:36:34,au2312C496,au2312C496,7.36,0.0,0.0,0.0,1,7.16,7.26,1,7.24,7.36,7.36,7.36,2.0,14720.0,101
2023-05-10 21:36:35,au2312C496,au2312C496,7.36,0.0,0.0,0.0,1,7.18,7.26,1,7.24,7.36,7.36,7.36,2.0,14720.0,101
2023-05-10 21:36:38,au2312C496,au2312C496,7.36,0.0,0.0,0.0,1,7.18,7.28,1,7.24,7.36,7.36,7.36,2.0,14720.0,101
2023-05-10 21:36:41,au2312C496,au2312C496,7.36,0.0,0.0,0.0,1,7.18,7.26,1,7.24,7.36,7.36,7.36,2.0,14720.0,101
2023-05-10 21:36:45,au2312C496,au2312C496,7.36,0.0,0.0,0.0,1,7.18,7.28,1,7.24,7.36,7.36,7.36,2.0,14720.0,101
2023-05-10 21:36:52,au2312C496,au2312C496,7.36,0.0,0.0,0.0,1,7.18,7.26,1,7.24,7.36,7.36,7.36,2.0,14720.0,101
2023-05-10 21:36:53,au2312C496,au2312C496,7.36,0.0,0.0,0.0,1,7.18,7.28,1,7.24,7.36,7.36,7.36,2.0,14720.0,101
2023-05-10 21:36:57,au2312C496,au2312C496,7.36,0.0,0.0,0.0,1,7.2,8.06,1,7.24,7.36,7.36,7.36,2.0,14720.0,101
2023-05-10 21:36:58,au2312C496,au2312C496,7.36,0.0,0.0,0.0,1,7.18,7.28,1,7.24,7.36,7.36,7.36,2.0,14720.0,101
2023-05-10 21:37:02,au2312C496,au2312C496,7.36,0.0,0.0,0.0,1,7.2,7.28,1,7.24,7.36,7.36,7.36,2.0,14720.0,101
2023-05-10 21:37:04,au2312C496,au2312C496,7.36,0.0,0.0,0.0,1,7.22,7.3,1,7.24,7.36,7.36,7.36,2.0,14720.0,101
2023-05-10 21:37:05,au2312C496,au2312C496,7.36,0.0,0.0,0.0,1,7.22,7.32,1,7.24,7.36,7.36,7.36,2.0,14720.0,101
2023-05-10 21:37:12,au2312C496,au2312C496,7.36,0.0,0.0,0.0,1,7.22,7.3,1,7.24,7.36,7.36,7.36,2.0,14720.0,101
2023-05-10 21:37:15,au2312C496,au2312C496,7.36,0.0,0.0,0.0,1,7.22,7.32,1,7.24,7.36,7.36,7.36,2.0,14720.0,101
2023-05-10 21:37:22,au2312C496,au2312C496,7.36,0.0,0.0,0.0,1,7.24,7.32,1,7.24,7.36,7.36,7.36,2.0,14720.0,101
2023-05-10 21:37:27,au2312C496,au2312C496,7.36,0.0,0.0,0.0,1,7.24,7.34,1,7.24,7.36,7.36,7.36,2.0,14720.0,101
2023-05-10 21:37:28,au2312C496,au2312C496,7.36,0.0,0.0,0.0,1,7.26,7.34,1,7.24,7.36,7.36,7.36,2.0,14720.0,101
2023-05-10 21:37:31,au2312C496,au2312C496,7.36,0.0,0.0,0.0,1,7.24,7.34,1,7.24,7.36,7.36,7.36,2.0,14720.0,101
2023-05-10 21:37:36,au2312C496,au2312C496,7.36,0.0,0.0,0.0,1,7.26,8.06,1,7.24,7.36,7.36,7.36,2.0,14720.0,101
2023-05-10 21:37:37,au2312C496,au2312C496,7.36,0.0,0.0,0.0,1,7.26,7.36,1,7.24,7.36,7.36,7.36,2.0,14720.0,101
2023-05-10 21:37:40,au2312C496,au2312C496,7.36,0.0,0.0,0.0,1,7.24,7.34,1,7.24,7.36,7.36,7.36,2.0,14720.0,101
2023-05-10 21:37:41,au2312C496,au2312C496,7.36,0.0,0.0,0.0,1,7.26,7.34,1,7.24,7.36,7.36,7.36,2.0,14720.0,101
2023-05-10 21:37:42,au2312C496,au2312C496,7.36,0.0,0.0,0.0,1,7.24,7.34,1,7.24,7.36,7.36,7.36,2.0,14720.0,101
2023-05-10 21:37:43,au2312C496,au2312C496,7.36,0.0,0.0,0.0,1,7.24,7.32,1,7.24,7.36,7.36,7.36,2.0,14720.0,101
2023-05-10 21:37:49,au2312C496,au2312C496,7.36,0.0,0.0,0.0,1,7.24,7.34,1,7.24,7.36,7.36,7.36,2.0,14720.0,101
2023-05-10 21:37:54,au2312C496,au2312C496,7.36,0.0,0.0,0.0,1,7.26,7.34,1,7.24,7.36,7.36,7.36,2.0,14720.0,101
2023-05-10 21:37:59,au2312C496,au2312C496,7.36,0.0,0.0,0.0,1,7.26,7.36,1,7.24,7.36,7.36,7.36,2.0,14720.0,101
2023-05-10 21:38:02,au2312C496,au2312C496,7.36,0.0,0.0,0.0,1,7.26,7.34,1,7.24,7.36,7.36,7.36,2.0,14720.0,101
2023-05-10 21:38:02,au2312C496,au2312C496,7.36,0.0,0.0,0.0,1,7.24,7.34,1,7.24,7.36,7.36,7.36,2.0,14720.0,101
2023-05-10 21:38:03,au2312C496,au2312C496,7.36,0.0,0.0,0.0,1,7.26,7.34,1,7.24,7.36,7.36,7.36,2.0,14720.0,101
2023-05-10 21:38:04,au2312C496,au2312C496,7.36,0.0,0.0,0.0,1,7.24,7.34,1,7.24,7.36,7.36,7.36,2.0,14720.0,101
2023-05-10 21:38:09,au2312C496,au2312C496,7.36,0.0,0.0,0.0,1,7.22,7.32,1,7.24,7.36,7.36,7.36,2.0,14720.0,101
2023-05-10 21:38:11,au2312C496,au2312C496,7.36,0.0,0.0,0.0,1,7.24,7.32,1,7.24,7.36,7.36,7.36,2.0,14720.0,101
2023-05-10 21:38:16,au2312C496,au2312C496,7.36,0.0,0.0,0.0,1,7.22,7.32,1,7.24,7.36,7.36,7.36,2.0,14720.0,101
2023-05-10 21:38:24,au2312C496,au2312C496,7.36,0.0,0.0,0.0,1,7.24,7.32,1,7.24,7.36,7.36,7.36,2.0,14720.0,101
2023-05-10 21:38:26,au2312C496,au2312C496,7.36,0.0,0.0,0.0,1,7.24,7.34,1,7.24,7.36,7.36,7.36,2.0,14720.0,101
2023-05-10 21:38:29,au2312C496,au2312C496,7.36,0.0,0.0,0.0,1,7.24,7.32,1,7.24,7.36,7.36,7.36,2.0,14720.0,101
2023-05-10 21:38:33,au2312C496,au2312C496,7.36,0.0,0.0,0.0,1,7.22,7.32,1,7.24,7.36,7.36,7.36,2.0,14720.0,101
2023-05-10 21:38:40,au2312C496,au2312C496,7.36,0.0,0.0,0.0,1,7.24,7.34,1,7.24,7.36,7.36,7.36,2.0,14720.0,101
2023-05-10 21:38:41,au2312C496,au2312C496,7.36,0.0,0.0,0.0,1,7.22,7.34,1,7.24,7.36,7.36,7.36,2.0,14720.0,101
2023-05-10 21:38:42,au2312C496,au2312C496,7.36,0.0,0.0,0.0,1,7.22,7.32,1,7.24,7.36,7.36,7.36,2.0,14720.0,101
2023-05-10 21:38:44,au2312C496,au2312C496,7.36,0.0,0.0,0.0,1,7.22,7.3,1,7.24,7.36,7.36,7.36,2.0,14720.0,101
2023-05-10 21:38:49,au2312C496,au2312C496,7.36,0.0,0.0,0.0,1,7.2,7.3,1,7.24,7.36,7.36,7.36,2.0,14720.0,101
2023-05-10 21:38:53,au2312C496,au2312C496,7.36,0.0,0.0,0.0,1,7.2,7.28,1,7.24,7.36,7.36,7.36,2.0,14720.0,101
2023-05-10 21:38:57,au2312C496,au2312C496,7.36,0.0,0.0,0.0,1,7.18,7.28,1,7.24,7.36,7.36,7.36,2.0,14720.0,101
2023-05-10 21:38:58,au2312C496,au2312C496,7.36,0.0,0.0,0.0,1,7.18,7.26,1,7.24,7.36,7.36,7.36,2.0,14720.0,101
2023-05-10 21:39:00,au2312C496,au2312C496,7.36,0.0,0.0,0.0,1,7.16,7.26,1,7.24,7.36,7.36,7.36,2.0,14720.0,101
2023-05-10 21:39:01,au2312C496,au2312C496,7.36,0.0,0.0,0.0,1,7.18,7.26,1,7.24,7.36,7.36,7.36,2.0,14720.0,101
2023-05-10 21:39:03,au2312C496,au2312C496,7.36,0.0,0.0,0.0,1,7.16,7.26,1,7.24,7.36,7.36,7.36,2.0,14720.0,101
2023-05-10 21:39:04,au2312C496,au2312C496,7.36,0.0,0.0,0.0,1,7.18,7.26,1,7.24,7.36,7.36,7.36,2.0,14720.0,101
2023-05-10 21:39:08,au2312C496,au2312C496,7.36,0.0,0.0,0.0,1,7.18,7.28,1,7.24,7.36,7.36,7.36,2.0,14720.0,101
2023-05-10 21:39:10,au2312C496,au2312C496,7.36,0.0,0.0,0.0,1,7.2,7.28,1,7.24,7.36,7.36,7.36,2.0,14720.0,101
2023-05-10 21:39:12,au2312C496,au2312C496,7.36,0.0,0.0,0.0,1,7.2,7.3,1,7.24,7.36,7.36,7.36,2.0,14720.0,101
2023-05-10 21:39:15,au2312C496,au2312C496,7.36,0.0,0.0,0.0,1,7.22,7.3,1,7.24,7.36,7.36,7.36,2.0,14720.0,101
2023-05-10 21:39:15,au2312C496,au2312C496,7.36,0.0,0.0,0.0,1,7.2,7.3,1,7.24,7.36,7.36,7.36,2.0,14720.0,101
2023-05-10 21:39:18,au2312C496,au2312C496,7.36,0.0,0.0,0.0,1,7.18,7.28,1,7.24,7.36,7.36,7.36,2.0,14720.0,101
2023-05-10 21:39:19,au2312C496,au2312C496,7.36,0.0,0.0,0.0,1,7.2,7.28,1,7.24,7.36,7.36,7.36,2.0,14720.0,101
2023-05-10 21:39:23,au2312C496,au2312C496,7.36,0.0,0.0,0.0,1,7.18,7.28,1,7.24,7.36,7.36,7.36,2.0,14720.0,101
2023-05-10 21:39:35,au2312C496,au2312C496,7.36,0.0,0.0,0.0,1,7.2,7.28,1,7.24,7.36,7.36,7.36,2.0,14720.0,101
2023-05-10 21:39:35,au2312C496,au2312C496,7.36,0.0,0.0,0.0,1,7.18,7.28,1,7.24,7.36,7.36,7.36,2.0,14720.0,101
2023-05-10 21:39:59,au2312C496,au2312C496,7.36,0.0,0.0,0.0,1,7.16,7.26,1,7.24,7.36,7.36,7.36,2.0,14720.0,101
2023-05-10 21:39:59,au2312C496,au2312C496,7.36,0.0,0.0,0.0,1,7.16,7.28,1,7.24,7.36,7.36,7.36,2.0,14720.0,101
2023-05-10 21:40:00,au2312C496,au2312C496,7.36,0.0,0.0,0.0,1,7.18,7.28,1,7.24,7.36,7.36,7.36,2.0,14720.0,101
2023-05-10 21:40:01,au2312C496,au2312C496,7.36,0.0,0.0,0.0,1,7.16,7.26,1,7.24,7.36,7.36,7.36,2.0,14720.0,101
2023-05-10 21:40:03,au2312C496,au2312C496,7.36,0.0,0.0,0.0,1,7.14,7.24,1,7.24,7.36,7.36,7.36,2.0,14720.0,101
2023-05-10 21:40:05,au2312C496,au2312C496,7.36,0.0,0.0,0.0,1,7.16,7.26,1,7.24,7.36,7.36,7.36,2.0,14720.0,101
2023-05-10 21:40:08,au2312C496,au2312C496,7.36,0.0,0.0,0.0,1,7.14,7.24,1,7.24,7.36,7.36,7.36,2.0,14720.0,101
2023-05-10 21:40:10,au2312C496,au2312C496,7.36,0.0,0.0,0.0,1,7.16,7.24,1,7.24,7.36,7.36,7.36,2.0,14720.0,101
2023-05-10 21:40:15,au2312C496,au2312C496,7.36,0.0,0.0,0.0,1,7.16,7.26,1,7.24,7.36,7.36,7.36,2.0,14720.0,101
2023-05-10 21:40:28,au2312C496,au2312C496,7.36,0.0,0.0,0.0,1,7.18,7.26,1,7.24,7.36,7.36,7.36,2.0,14720.0,101
2023-05-10 21:40:29,au2312C496,au2312C496,7.36,0.0,0.0,0.0,1,7.16,7.26,1,7.24,7.36,7.36,7.36,2.0,14720.0,101
2023-05-10 21:40:32,au2312C496,au2312C496,7.36,0.0,0.0,0.0,1,7.18,7.26,1,7.24,7.36,7.36,7.36,2.0,14720.0,101
2023-05-10 21:40:33,au2312C496,au2312C496,7.36,0.0,0.0,0.0,1,7.18,7.28,1,7.24,7.36,7.36,7.36,2.0,14720.0,101
2023-05-10 21:40:41,au2312C496,au2312C496,7.36,0.0,0.0,0.0,1,7.2,7.28,1,7.24,7.36,7.36,7.36,2.0,14720.0,101
2023-05-10 21:40:43,au2312C496,au2312C496,7.36,0.0,0.0,0.0,1,7.2,7.3,1,7.24,7.36,7.36,7.36,2.0,14720.0,101
2023-05-10 21:40:43,au2312C496,au2312C496,7.36,0.0,0.0,0.0,1,7.22,7.3,1,7.24,7.36,7.36,7.36,2.0,14720.0,101
2023-05-10 21:40:44,au2312C496,au2312C496,7.36,0.0,0.0,0.0,1,7.22,8.06,1,7.24,7.36,7.36,7.36,2.0,14720.0,101
2023-05-10 21:40:45,au2312C496,au2312C496,7.36,0.0,0.0,0.0,1,7.22,7.32,1,7.24,7.36,7.36,7.36,2.0,14720.0,101
2023-05-10 21:40:45,au2312C496,au2312C496,7.36,0.0,0.0,0.0,1,7.2,7.32,1,7.24,7.36,7.36,7.36,2.0,14720.0,101
2023-05-10 21:40:46,au2312C496,au2312C496,7.36,0.0,0.0,0.0,1,7.2,7.3,1,7.24,7.36,7.36,7.36,2.0,14720.0,101
2023-05-10 21:40:46,au2312C496,au2312C496,7.36,0.0,0.0,0.0,1,7.22,7.3,1,7.24,7.36,7.36,7.36,2.0,14720.0,101
2023-05-10 21:40:47,au2312C496,au2312C496,7.36,0.0,0.0,0.0,1,7.22,7.32,1,7.24,7.36,7.36,7.36,2.0,14720.0,101
2023-05-10 21:40:56,au2312C496,au2312C496,7.36,0.0,0.0,0.0,1,7.24,7.32,1,7.24,7.36,7.36,7.36,2.0,14720.0,101
2023-05-10 21:41:00,au2312C496,au2312C496,7.36,0.0,0.0,0.0,1,7.22,7.32,1,7.24,7.36,7.36,7.36,2.0,14720.0,101
2023-05-10 21:41:01,au2312C496,au2312C496,7.36,0.0,0.0,0.0,1,7.22,7.3,1,7.24,7.36,7.36,7.36,2.0,14720.0,101
2023-05-10 21:41:11,au2312C496,au2312C496,7.36,0.0,0.0,0.0,1,7.2,7.3,1,7.24,7.36,7.36,7.36,2.0,14720.0,101
2023-05-10 21:41:19,au2312C496,au2312C496,7.36,0.0,0.0,0.0,1,7.22,7.3,1,7.24,7.36,7.36,7.36,2.0,14720.0,101
2023-05-10 21:41:21,au2312C496,au2312C496,7.36,0.0,0.0,0.0,1,7.22,7.32,1,7.24,7.36,7.36,7.36,2.0,14720.0,101
2023-05-10 21:41:23,au2312C496,au2312C496,7.36,0.0,0.0,0.0,1,7.24,7.32,1,7.24,7.36,7.36,7.36,2.0,14720.0,101
2023-05-10 21:41:24,au2312C496,au2312C496,7.36,0.0,0.0,0.0,1,7.22,7.32,1,7.24,7.36,7.36,7.36,2.0,14720.0,101
2023-05-10 21:41:41,au2312C496,au2312C496,7.36,0.0,0.0,0.0,1,7.24,7.32,1,7.24,7.36,7.36,7.36,2.0,14720.0,101
2023-05-10 21:41:41,au2312C496,au2312C496,7.36,0.0,0.0,0.0,1,7.22,7.32,1,7.24,7.36,7.36,7.36,2.0,14720.0,101
2023-05-10 21:41:52,au2312C496,au2312C496,7.36,0.0,0.0,0.0,1,7.22,7.3,1,7.24,7.36,7.36,7.36,2.0,14720.0,101
2023-05-10 21:41:53,au2312C496,au2312C496,7.36,0.0,0.0,0.0,1,7.2,7.3,1,7.24,7.36,7.36,7.36,2.0,14720.0,101
2023-05-10 21:42:01,au2312C496,au2312C496,7.36,0.0,0.0,0.0,1,7.2,7.28,1,7.24,7.36,7.36,7.36,2.0,14720.0,101
2023-05-10 21:42:02,au2312C496,au2312C496,7.36,0.0,0.0,0.0,1,7.18,7.28,1,7.24,7.36,7.36,7.36,2.0,14720.0,101
2023-05-10 21:42:07,au2312C496,au2312C496,7.36,0.0,0.0,0.0,1,6.84,7.28,1,7.24,7.36,7.36,7.36,2.0,14720.0,101
2023-05-10 21:42:08,au2312C496,au2312C496,7.36,0.0,0.0,0.0,1,6.84,7.28,1,7.24,7.36,7.36,7.36,2.0,14720.0,101
2023-05-10 21:42:08,au2312C496,au2312C496,7.36,0.0,0.0,0.0,1,7.16,7.28,1,7.24,7.36,7.36,7.36,2.0,14720.0,101
2023-05-10 21:42:09,au2312C496,au2312C496,7.36,0.0,0.0,0.0,1,7.16,7.26,1,7.24,7.36,7.36,7.36,2.0,14720.0,101
2023-05-10 21:42:14,au2312C496,au2312C496,7.36,0.0,0.0,0.0,1,6.84,7.24,1,7.24,7.36,7.36,7.36,2.0,14720.0,101
2023-05-10 21:42:15,au2312C496,au2312C496,7.36,0.0,0.0,0.0,1,6.84,7.24,1,7.24,7.36,7.36,7.36,2.0,14720.0,101
2023-05-10 21:42:15,au2312C496,au2312C496,7.36,0.0,0.0,0.0,1,6.84,7.24,1,7.24,7.36,7.36,7.36,2.0,14720.0,101
2023-05-10 21:42:17,au2312C496,au2312C496,7.36,0.0,0.0,0.0,1,7.14,7.24,1,7.24,7.36,7.36,7.36,2.0,14720.0,101
2023-05-10 21:42:20,au2312C496,au2312C496,7.36,0.0,0.0,0.0,1,7.14,7.22,1,7.24,7.36,7.36,7.36,2.0,14720.0,101
2023-05-10 21:42:22,au2312C496,au2312C496,7.36,0.0,0.0,0.0,1,7.16,7.24,1,7.24,7.36,7.36,7.36,2.0,14720.0,101
2023-05-10 21:42:22,au2312C496,au2312C496,7.36,0.0,0.0,0.0,1,7.14,7.24,1,7.24,7.36,7.36,7.36,2.0,14720.0,101
2023-05-10 21:42:23,au2312C496,au2312C496,7.36,0.0,0.0,0.0,1,7.16,7.24,1,7.24,7.36,7.36,7.36,2.0,14720.0,101
2023-05-10 21:42:27,au2312C496,au2312C496,7.36,0.0,0.0,0.0,1,7.16,7.26,1,7.24,7.36,7.36,7.36,2.0,14720.0,101
2023-05-10 21:42:33,au2312C496,au2312C496,7.36,0.0,0.0,0.0,1,7.16,7.24,1,7.24,7.36,7.36,7.36,2.0,14720.0,101
2023-05-10 21:42:33,au2312C496,au2312C496,7.36,0.0,0.0,0.0,1,7.14,7.24,1,7.24,7.36,7.36,7.36,2.0,14720.0,101
2023-05-10 21:42:37,au2312C496,au2312C496,7.36,0.0,0.0,0.0,1,7.16,7.24,1,7.24,7.36,7.36,7.36,2.0,14720.0,101
2023-05-10 21:42:44,au2312C496,au2312C496,7.36,0.0,0.0,0.0,1,7.14,7.24,1,7.24,7.36,7.36,7.36,2.0,14720.0,101
2023-05-10 21:42:45,au2312C496,au2312C496,7.36,0.0,0.0,0.0,1,7.14,7.22,1,7.24,7.36,7.36,7.36,2.0,14720.0,101
2023-05-10 21:42:46,au2312C496,au2312C496,7.36,0.0,0.0,0.0,1,7.14,7.24,1,7.24,7.36,7.36,7.36,2.0,14720.0,101
2023-05-10 21:42:51,au2312C496,au2312C496,7.36,0.0,0.0,0.0,1,7.16,7.24,1,7.24,7.36,7.36,7.36,2.0,14720.0,101
2023-05-10 21:42:54,au2312C496,au2312C496,7.36,0.0,0.0,0.0,1,7.16,7.26,1,7.24,7.36,7.36,7.36,2.0,14720.0,101
2023-05-10 21:42:54,au2312C496,au2312C496,7.36,0.0,0.0,0.0,1,7.16,7.28,1,7.24,7.36,7.36,7.36,2.0,14720.0,101
2023-05-10 21:42:55,au2312C496,au2312C496,7.36,0.0,0.0,0.0,1,7.16,7.26,1,7.24,7.36,7.36,7.36,2.0,14720.0,101
2023-05-10 21:42:59,au2312C496,au2312C496,7.36,0.0,0.0,0.0,1,7.18,7.26,1,7.24,7.36,7.36,7.36,2.0,14720.0,101
2023-05-10 21:43:00,au2312C496,au2312C496,7.36,0.0,0.0,0.0,1,7.18,7.28,1,7.24,7.36,7.36,7.36,2.0,14720.0,101
2023-05-10 21:43:04,au2312C496,au2312C496,7.36,0.0,0.0,0.0,1,7.18,7.26,1,7.24,7.36,7.36,7.36,2.0,14720.0,101
2023-05-10 21:43:04,au2312C496,au2312C496,7.36,0.0,0.0,0.0,1,7.16,7.26,1,7.24,7.36,7.36,7.36,2.0,14720.0,101
2023-05-10 21:43:13,au2312C496,au2312C496,7.36,0.0,0.0,0.0,1,7.18,7.28,1,7.24,7.36,7.36,7.36,2.0,14720.0,101
2023-05-10 21:43:19,au2312C496,au2312C496,7.36,0.0,0.0,0.0,1,7.2,7.28,1,7.24,7.36,7.36,7.36,2.0,14720.0,101
2023-05-10 21:43:20,au2312C496,au2312C496,7.36,0.0,0.0,0.0,1,7.2,7.3,1,7.24,7.36,7.36,7.36,2.0,14720.0,101
2023-05-10 21:43:24,au2312C496,au2312C496,7.36,0.0,0.0,0.0,1,7.22,7.3,1,7.24,7.36,7.36,7.36,2.0,14720.0,101
2023-05-10 21:43:24,au2312C496,au2312C496,7.36,0.0,0.0,0.0,1,7.22,7.32,1,7.24,7.36,7.36,7.36,2.0,14720.0,101
2023-05-10 21:43:27,au2312C496,au2312C496,7.36,0.0,0.0,0.0,1,7.24,7.32,1,7.24,7.36,7.36,7.36,2.0,14720.0,101
2023-05-10 21:43:31,au2312C496,au2312C496,7.36,0.0,0.0,0.0,1,7.22,7.32,1,7.24,7.36,7.36,7.36,2.0,14720.0,101
2023-05-10 21:43:34,au2312C496,au2312C496,7.36,0.0,0.0,0.0,1,7.24,7.34,1,7.24,7.36,7.36,7.36,2.0,14720.0,101
2023-05-10 21:43:42,au2312C496,au2312C496,7.36,0.0,0.0,0.0,1,7.26,7.34,1,7.24,7.36,7.36,7.36,2.0,14720.0,101
2023-05-10 21:43:52,au2312C496,au2312C496,7.36,0.0,0.0,0.0,1,7.26,7.36,1,7.24,7.36,7.36,7.36,2.0,14720.0,101
2023-05-10 21:43:55,au2312C496,au2312C496,7.36,0.0,0.0,0.0,1,7.28,7.36,1,7.24,7.36,7.36,7.36,2.0,14720.0,101
2023-05-10 21:44:05,au2312C496,au2312C496,7.36,0.0,0.0,0.0,1,7.28,7.38,1,7.24,7.36,7.36,7.36,2.0,14720.0,101
2023-05-10 21:44:08,au2312C496,au2312C496,7.36,0.0,0.0,0.0,1,7.3,7.38,1,7.24,7.36,7.36,7.36,2.0,14720.0,101
2023-05-10 21:44:09,au2312C496,au2312C496,7.36,0.0,0.0,0.0,1,7.28,7.38,1,7.24,7.36,7.36,7.36,2.0,14720.0,101
2023-05-10 21:44:18,au2312C496,au2312C496,7.36,0.0,0.0,0.0,1,7.28,7.36,1,7.24,7.36,7.36,7.36,2.0,14720.0,101
2023-05-10 21:44:19,au2312C496,au2312C496,7.36,0.0,0.0,0.0,1,7.28,7.38,1,7.24,7.36,7.36,7.36,2.0,14720.0,101
2023-05-10 21:44:35,au2312C496,au2312C496,7.36,0.0,0.0,0.0,1,7.28,7.36,1,7.24,7.36,7.36,7.36,2.0,14720.0,101
2023-05-10 21:44:36,au2312C496,au2312C496,7.36,0.0,0.0,0.0,1,7.26,7.36,1,7.24,7.36,7.36,7.36,2.0,14720.0,101
2023-05-10 21:44:43,au2312C496,au2312C496,7.36,0.0,0.0,0.0,1,7.28,7.36,1,7.24,7.36,7.36,7.36,2.0,14720.0,101
2023-05-10 21:44:44,au2312C496,au2312C496,7.36,0.0,0.0,0.0,1,7.26,7.36,1,7.24,7.36,7.36,7.36,2.0,14720.0,101
2023-05-10 21:44:55,au2312C496,au2312C496,7.36,0.0,0.0,0.0,1,7.28,7.38,1,7.24,7.36,7.36,7.36,2.0,14720.0,101
2023-05-10 21:44:58,au2312C496,au2312C496,7.36,0.0,0.0,0.0,1,7.26,7.36,1,7.24,7.36,7.36,7.36,2.0,14720.0,101
2023-05-10 21:45:05,au2312C496,au2312C496,7.36,0.0,0.0,0.0,1,7.28,7.36,1,7.24,7.36,7.36,7.36,2.0,14720.0,101
2023-05-10 21:45:09,au2312C496,au2312C496,7.36,0.0,0.0,0.0,1,7.28,7.38,1,7.24,7.36,7.36,7.36,2.0,14720.0,101
2023-05-10 21:45:11,au2312C496,au2312C496,7.36,0.0,0.0,0.0,1,7.28,7.36,1,7.24,7.36,7.36,7.36,2.0,14720.0,101
2023-05-10 21:45:12,au2312C496,au2312C496,7.36,0.0,0.0,0.0,1,7.28,7.38,1,7.24,7.36,7.36,7.36,2.0,14720.0,101
2023-05-10 21:45:13,au2312C496,au2312C496,7.36,0.0,0.0,0.0,1,7.28,7.4,1,7.24,7.36,7.36,7.36,2.0,14720.0,101
2023-05-10 21:45:14,au2312C496,au2312C496,7.36,0.0,0.0,0.0,1,7.3,7.4,1,7.24,7.36,7.36,7.36,2.0,14720.0,101
2023-05-10 21:45:15,au2312C496,au2312C496,7.36,0.0,0.0,0.0,1,7.3,8.06,1,7.24,7.36,7.36,7.36,2.0,14720.0,101
2023-05-10 21:45:16,au2312C496,au2312C496,7.36,0.0,0.0,0.0,1,7.32,7.42,1,7.24,7.36,7.36,7.36,2.0,14720.0,101
2023-05-10 21:45:22,au2312C496,au2312C496,7.36,0.0,0.0,0.0,1,7.32,7.4,1,7.24,7.36,7.36,7.36,2.0,14720.0,101
2023-05-10 21:45:26,au2312C496,au2312C496,7.36,0.0,0.0,0.0,1,7.3,7.4,1,7.24,7.36,7.36,7.36,2.0,14720.0,101
2023-05-10 21:45:27,au2312C496,au2312C496,7.36,0.0,0.0,0.0,1,7.3,7.38,1,7.24,7.36,7.36,7.36,2.0,14720.0,101
2023-05-10 21:45:34,au2312C496,au2312C496,7.36,0.0,0.0,0.0,1,7.28,7.38,1,7.24,7.36,7.36,7.36,2.0,14720.0,101
2023-05-10 21:46:00,au2312C496,au2312C496,7.36,0.0,0.0,0.0,1,7.3,7.38,1,7.24,7.36,7.36,7.36,2.0,14720.0,101
2023-05-10 21:46:02,au2312C496,au2312C496,7.36,0.0,0.0,0.0,1,7.28,7.38,1,7.24,7.36,7.36,7.36,2.0,14720.0,101
2023-05-10 21:46:11,au2312C496,au2312C496,7.36,0.0,0.0,0.0,1,7.3,7.42,1,7.24,7.36,7.36,7.36,2.0,14720.0,101
2023-05-10 21:46:12,au2312C496,au2312C496,7.36,0.0,0.0,0.0,1,7.32,7.42,1,7.24,7.36,7.36,7.36,2.0,14720.0,101
2023-05-10 21:46:17,au2312C496,au2312C496,7.36,0.0,0.0,0.0,1,7.34,7.42,1,7.24,7.36,7.36,7.36,2.0,14720.0,101
2023-05-10 21:46:17,au2312C496,au2312C496,7.36,0.0,0.0,0.0,1,7.32,7.42,1,7.24,7.36,7.36,7.36,2.0,14720.0,101
2023-05-10 21:46:22,au2312C496,au2312C496,7.36,0.0,0.0,0.0,1,7.32,8.06,1,7.24,7.36,7.36,7.36,2.0,14720.0,101
2023-05-10 21:46:22,au2312C496,au2312C496,7.36,0.0,0.0,0.0,1,7.34,7.44,1,7.24,7.36,7.36,7.36,2.0,14720.0,101
2023-05-10 21:46:27,au2312C496,au2312C496,7.36,0.0,0.0,0.0,1,7.36,7.44,1,7.24,7.36,7.36,7.36,2.0,14720.0,101
2023-05-10 21:46:28,au2312C496,au2312C496,7.36,0.0,0.0,0.0,1,7.36,7.46,1,7.24,7.36,7.36,7.36,2.0,14720.0,101
2023-05-10 21:46:32,au2312C496,au2312C496,7.36,0.0,0.0,0.0,1,7.36,8.06,1,7.24,7.36,7.36,7.36,2.0,14720.0,101
2023-05-10 21:46:32,au2312C496,au2312C496,7.36,0.0,0.0,0.0,1,7.38,8.06,1,7.24,7.36,7.36,7.36,2.0,14720.0,101
2023-05-10 21:46:33,au2312C496,au2312C496,7.36,0.0,0.0,0.0,1,7.36,7.46,1,7.24,7.36,7.36,7.36,2.0,14720.0,101
2023-05-10 21:46:39,au2312C496,au2312C496,7.36,0.0,0.0,0.0,1,7.36,7.48,1,7.24,7.36,7.36,7.36,2.0,14720.0,101
2023-05-10 21:46:41,au2312C496,au2312C496,7.36,0.0,0.0,0.0,1,7.38,7.48,1,7.24,7.36,7.36,7.36,2.0,14720.0,101
2023-05-10 21:46:45,au2312C496,au2312C496,7.36,0.0,0.0,0.0,1,7.4,7.48,1,7.24,7.36,7.36,7.36,2.0,14720.0,101
2023-05-10 21:46:47,au2312C496,au2312C496,7.36,0.0,0.0,0.0,1,7.4,7.5,1,7.24,7.36,7.36,7.36,2.0,14720.0,101
2023-05-10 21:46:49,au2312C496,au2312C496,7.36,0.0,0.0,0.0,1,7.4,7.48,1,7.24,7.36,7.36,7.36,2.0,14720.0,101
2023-05-10 21:46:53,au2312C496,au2312C496,7.36,0.0,0.0,0.0,1,7.38,7.48,1,7.24,7.36,7.36,7.36,2.0,14720.0,101
2023-05-10 21:47:05,au2312C496,au2312C496,7.36,0.0,0.0,0.0,1,7.4,7.5,1,7.24,7.36,7.36,7.36,2.0,14720.0,101
2023-05-10 21:47:06,au2312C496,au2312C496,7.36,0.0,0.0,0.0,1,7.4,8.06,1,7.24,7.36,7.36,7.36,2.0,14720.0,101
2023-05-10 21:47:07,au2312C496,au2312C496,7.36,0.0,0.0,0.0,1,7.4,7.52,1,7.24,7.36,7.36,7.36,2.0,14720.0,101
2023-05-10 21:47:09,au2312C496,au2312C496,7.36,0.0,0.0,0.0,1,7.4,7.5,1,7.24,7.36,7.36,7.36,2.0,14720.0,101
2023-05-10 21:47:18,au2312C496,au2312C496,7.36,0.0,0.0,0.0,1,7.4,7.5,1,7.24,7.36,7.36,7.36,2.0,14720.0,101
2023-05-10 21:47:18,au2312C496,au2312C496,7.36,0.0,0.0,0.0,1,7.4,7.52,1,7.24,7.36,7.36,7.36,2.0,14720.0,101
2023-05-10 21:47:19,au2312C496,au2312C496,7.36,0.0,0.0,0.0,1,7.42,7.52,1,7.24,7.36,7.36,7.36,2.0,14720.0,101
2023-05-10 21:47:20,au2312C496,au2312C496,7.36,0.0,0.0,0.0,1,7.44,7.52,1,7.24,7.36,7.36,7.36,2.0,14720.0,101
2023-05-10 21:47:21,au2312C496,au2312C496,7.36,0.0,0.0,0.0,1,7.42,7.52,1,7.24,7.36,7.36,7.36,2.0,14720.0,101
2023-05-10 21:47:24,au2312C496,au2312C496,7.36,0.0,0.0,0.0,1,7.42,7.54,1,7.24,7.36,7.36,7.36,2.0,14720.0,101
2023-05-10 21:47:24,au2312C496,au2312C496,7.36,0.0,0.0,0.0,1,7.44,7.54,1,7.24,7.36,7.36,7.36,2.0,14720.0,101
2023-05-10 21:47:36,au2312C496,au2312C496,7.36,0.0,0.0,0.0,1,7.44,7.52,1,7.24,7.36,7.36,7.36,2.0,14720.0,101
2023-05-10 21:47:37,au2312C496,au2312C496,7.36,0.0,0.0,0.0,1,7.42,7.52,1,7.24,7.36,7.36,7.36,2.0,14720.0,101
2023-05-10 21:47:38,au2312C496,au2312C496,7.36,0.0,0.0,0.0,1,7.44,7.52,1,7.24,7.36,7.36,7.36,2.0,14720.0,101
2023-05-10 21:47:40,au2312C496,au2312C496,7.36,0.0,0.0,0.0,1,7.42,7.52,1,7.24,7.36,7.36,7.36,2.0,14720.0,101
2023-05-10 21:47:44,au2312C496,au2312C496,7.36,0.0,0.0,0.0,1,7.4,7.5,1,7.24,7.36,7.36,7.36,2.0,14720.0,101
2023-05-10 21:47:45,au2312C496,au2312C496,7.36,0.0,0.0,0.0,1,7.42,7.52,1,7.24,7.36,7.36,7.36,2.0,14720.0,101
2023-05-10 21:47:52,au2312C496,au2312C496,7.36,0.0,0.0,0.0,1,7.44,7.52,1,7.24,7.36,7.36,7.36,2.0,14720.0,101
2023-05-10 21:47:53,au2312C496,au2312C496,7.36,0.0,0.0,0.0,1,7.44,7.54,1,7.24,7.36,7.36,7.36,2.0,14720.0,101
2023-05-10 21:48:02,au2312C496,au2312C496,7.36,0.0,0.0,0.0,1,7.46,7.54,1,7.24,7.36,7.36,7.36,2.0,14720.0,101
2023-05-10 21:48:05,au2312C496,au2312C496,7.36,0.0,0.0,0.0,1,7.44,7.54,1,7.24,7.36,7.36,7.36,2.0,14720.0,101
2023-05-10 21:48:08,au2312C496,au2312C496,7.36,0.0,0.0,0.0,1,7.46,7.54,1,7.24,7.36,7.36,7.36,2.0,14720.0,101
2023-05-10 21:48:11,au2312C496,au2312C496,7.36,0.0,0.0,0.0,1,7.44,7.54,1,7.24,7.36,7.36,7.36,2.0,14720.0,101
2023-05-10 21:48:13,au2312C496,au2312C496,7.36,0.0,0.0,0.0,1,7.46,7.56,1,7.24,7.36,7.36,7.36,2.0,14720.0,101
2023-05-10 21:48:22,au2312C496,au2312C496,7.36,0.0,0.0,0.0,1,7.46,7.54,1,7.24,7.36,7.36,7.36,2.0,14720.0,101
2023-05-10 21:48:22,au2312C496,au2312C496,7.36,0.0,0.0,0.0,1,7.44,7.54,1,7.24,7.36,7.36,7.36,2.0,14720.0,101
2023-05-10 21:48:24,au2312C496,au2312C496,7.36,0.0,0.0,0.0,1,7.46,7.56,1,7.24,7.36,7.36,7.36,2.0,14720.0,101
2023-05-10 21:48:25,au2312C496,au2312C496,7.36,0.0,0.0,0.0,1,7.48,7.58,1,7.24,7.36,7.36,7.36,2.0,14720.0,101
2023-05-10 21:48:36,au2312C496,au2312C496,7.36,0.0,0.0,0.0,1,7.48,7.56,1,7.24,7.36,7.36,7.36,2.0,14720.0,101
2023-05-10 21:48:37,au2312C496,au2312C496,7.36,0.0,0.0,0.0,1,7.46,7.56,1,7.24,7.36,7.36,7.36,2.0,14720.0,101
2023-05-10 21:48:50,au2312C496,au2312C496,7.36,0.0,0.0,0.0,1,7.44,7.54,1,7.24,7.36,7.36,7.36,2.0,14720.0,101
2023-05-10 21:48:52,au2312C496,au2312C496,7.36,0.0,0.0,0.0,1,7.42,7.54,1,7.24,7.36,7.36,7.36,2.0,14720.0,101
2023-05-10 21:48:54,au2312C496,au2312C496,7.36,0.0,0.0,0.0,1,7.44,7.54,1,7.24,7.36,7.36,7.36,2.0,14720.0,101
2023-05-10 21:49:00,au2312C496,au2312C496,7.36,0.0,0.0,0.0,1,7.44,7.52,1,7.24,7.36,7.36,7.36,2.0,14720.0,101
2023-05-10 21:49:03,au2312C496,au2312C496,7.36,0.0,0.0,0.0,1,7.44,7.54,1,7.24,7.36,7.36,7.36,2.0,14720.0,101
2023-05-10 21:49:05,au2312C496,au2312C496,7.36,0.0,0.0,0.0,1,7.46,7.54,1,7.24,7.36,7.36,7.36,2.0,14720.0,101
2023-05-10 21:49:06,au2312C496,au2312C496,7.36,0.0,0.0,0.0,1,7.46,7.56,1,7.24,7.36,7.36,7.36,2.0,14720.0,101
2023-05-10 21:49:08,au2312C496,au2312C496,7.36,0.0,0.0,0.0,1,7.46,7.54,1,7.24,7.36,7.36,7.36,2.0,14720.0,101
2023-05-10 21:49:09,au2312C496,au2312C496,7.36,0.0,0.0,0.0,1,7.44,7.54,1,7.24,7.36,7.36,7.36,2.0,14720.0,101
2023-05-10 21:49:13,au2312C496,au2312C496,7.36,0.0,0.0,0.0,1,7.44,7.52,1,7.24,7.36,7.36,7.36,2.0,14720.0,101
2023-05-10 21:49:17,au2312C496,au2312C496,7.36,0.0,0.0,0.0,1,7.44,7.54,1,7.24,7.36,7.36,7.36,2.0,14720.0,101
2023-05-10 21:49:18,au2312C496,au2312C496,7.36,0.0,0.0,0.0,1,7.42,7.52,1,7.24,7.36,7.36,7.36,2.0,14720.0,101
2023-05-10 21:49:23,au2312C496,au2312C496,7.36,0.0,0.0,0.0,1,7.4,7.5,1,7.24,7.36,7.36,7.36,2.0,14720.0,101
2023-05-10 21:49:24,au2312C496,au2312C496,7.36,0.0,0.0,0.0,1,7.42,7.5,1,7.24,7.36,7.36,7.36,2.0,14720.0,101
2023-05-10 21:49:25,au2312C496,au2312C496,7.36,0.0,0.0,0.0,1,7.42,7.52,1,7.24,7.36,7.36,7.36,2.0,14720.0,101
2023-05-10 21:49:42,au2312C496,au2312C496,7.36,0.0,0.0,0.0,1,7.44,7.52,1,7.24,7.36,7.36,7.36,2.0,14720.0,101
2023-05-10 21:49:43,au2312C496,au2312C496,7.36,0.0,0.0,0.0,1,7.42,7.52,1,7.24,7.36,7.36,7.36,2.0,14720.0,101
2023-05-10 21:49:48,au2312C496,au2312C496,7.36,0.0,0.0,0.0,1,7.4,7.5,1,7.24,7.36,7.36,7.36,2.0,14720.0,101
2023-05-10 21:49:50,au2312C496,au2312C496,7.36,0.0,0.0,0.0,1,7.42,7.5,1,7.24,7.36,7.36,7.36,2.0,14720.0,101
2023-05-10 21:49:53,au2312C496,au2312C496,7.36,0.0,0.0,0.0,1,7.42,7.52,1,7.24,7.36,7.36,7.36,2.0,14720.0,101
2023-05-10 21:49:57,au2312C496,au2312C496,7.36,0.0,0.0,0.0,1,7.42,7.5,1,7.24,7.36,7.36,7.36,2.0,14720.0,101
2023-05-10 21:49:57,au2312C496,au2312C496,7.36,0.0,0.0,0.0,1,7.4,7.5,1,7.24,7.36,7.36,7.36,2.0,14720.0,101
2023-05-10 21:50:00,au2312C496,au2312C496,7.36,0.0,0.0,0.0,1,7.4,7.48,1,7.24,7.36,7.36,7.36,2.0,14720.0,101
2023-05-10 21:50:01,au2312C496,au2312C496,7.36,0.0,0.0,0.0,1,6.84,7.48,1,7.24,7.36,7.36,7.36,2.0,14720.0,101
2023-05-10 21:50:01,au2312C496,au2312C496,7.36,0.0,0.0,0.0,1,7.38,7.48,1,7.24,7.36,7.36,7.36,2.0,14720.0,101
2023-05-10 21:50:02,au2312C496,au2312C496,7.36,0.0,0.0,0.0,1,7.4,7.5,1,7.24,7.36,7.36,7.36,2.0,14720.0,101
2023-05-10 21:50:03,au2312C496,au2312C496,7.36,0.0,0.0,0.0,1,7.4,7.5,1,7.24,7.36,7.36,7.36,2.0,14720.0,101
2023-05-10 21:50:04,au2312C496,au2312C496,7.36,0.0,0.0,0.0,1,7.38,7.48,1,7.24,7.36,7.36,7.36,2.0,14720.0,101
2023-05-10 21:50:07,au2312C496,au2312C496,7.36,0.0,0.0,0.0,1,7.38,7.46,1,7.24,7.36,7.36,7.36,2.0,14720.0,101
2023-05-10 21:50:09,au2312C496,au2312C496,7.36,0.0,0.0,0.0,1,7.36,7.46,1,7.24,7.36,7.36,7.36,2.0,14720.0,101
2023-05-10 21:50:12,au2312C496,au2312C496,7.36,0.0,0.0,0.0,1,7.38,7.46,1,7.24,7.36,7.36,7.36,2.0,14720.0,101
2023-05-10 21:50:13,au2312C496,au2312C496,7.36,0.0,0.0,0.0,1,7.38,7.48,1,7.24,7.36,7.36,7.36,2.0,14720.0,101
2023-05-10 21:50:19,au2312C496,au2312C496,7.36,0.0,0.0,0.0,1,7.36,7.46,1,7.24,7.36,7.36,7.36,2.0,14720.0,101
2023-05-10 21:50:21,au2312C496,au2312C496,7.36,0.0,0.0,0.0,1,7.38,7.46,1,7.24,7.36,7.36,7.36,2.0,14720.0,101
2023-05-10 21:50:23,au2312C496,au2312C496,7.36,0.0,0.0,0.0,1,7.36,7.46,1,7.24,7.36,7.36,7.36,2.0,14720.0,101
2023-05-10 21:50:28,au2312C496,au2312C496,7.36,0.0,0.0,0.0,1,7.38,7.46,1,7.24,7.36,7.36,7.36,2.0,14720.0,101
2023-05-10 21:50:31,au2312C496,au2312C496,7.36,0.0,0.0,0.0,1,7.38,7.48,1,7.24,7.36,7.36,7.36,2.0,14720.0,101
2023-05-10 21:50:41,au2312C496,au2312C496,7.36,0.0,0.0,0.0,1,7.4,7.5,1,7.24,7.36,7.36,7.36,2.0,14720.0,101
2023-05-10 21:50:48,au2312C496,au2312C496,7.36,0.0,0.0,0.0,1,7.42,7.5,1,7.24,7.36,7.36,7.36,2.0,14720.0,101
2023-05-10 21:50:50,au2312C496,au2312C496,7.36,0.0,0.0,0.0,1,7.42,7.52,1,7.24,7.36,7.36,7.36,2.0,14720.0,101
2023-05-10 21:51:04,au2312C496,au2312C496,7.36,0.0,0.0,0.0,1,7.42,7.5,1,7.24,7.36,7.36,7.36,2.0,14720.0,101
2023-05-10 21:51:09,au2312C496,au2312C496,7.36,0.0,0.0,0.0,1,7.4,7.5,1,7.24,7.36,7.36,7.36,2.0,14720.0,101
2023-05-10 21:51:18,au2312C496,au2312C496,7.36,0.0,0.0,0.0,1,7.38,7.48,1,7.24,7.36,7.36,7.36,2.0,14720.0,101
2023-05-10 21:51:44,au2312C496,au2312C496,7.36,0.0,0.0,0.0,1,7.4,7.48,1,7.24,7.36,7.36,7.36,2.0,14720.0,101
2023-05-10 21:51:46,au2312C496,au2312C496,7.36,0.0,0.0,0.0,1,7.38,7.48,1,7.24,7.36,7.36,7.36,2.0,14720.0,101
2023-05-10 21:51:51,au2312C496,au2312C496,7.36,0.0,0.0,0.0,1,7.38,7.46,1,7.24,7.36,7.36,7.36,2.0,14720.0,101
2023-05-10 21:51:54,au2312C496,au2312C496,7.36,0.0,0.0,0.0,1,7.36,7.46,1,7.24,7.36,7.36,7.36,2.0,14720.0,101
2023-05-10 21:51:55,au2312C496,au2312C496,7.36,0.0,0.0,0.0,1,6.84,7.44,1,7.24,7.36,7.36,7.36,2.0,14720.0,101
2023-05-10 21:51:56,au2312C496,au2312C496,7.36,0.0,0.0,0.0,1,6.84,7.44,1,7.24,7.36,7.36,7.36,2.0,14720.0,101
2023-05-10 21:51:56,au2312C496,au2312C496,7.36,0.0,0.0,0.0,1,7.34,7.44,1,7.24,7.36,7.36,7.36,2.0,14720.0,101
2023-05-10 21:51:58,au2312C496,au2312C496,7.36,0.0,0.0,0.0,1,7.36,7.44,1,7.24,7.36,7.36,7.36,2.0,14720.0,101
2023-05-10 21:51:58,au2312C496,au2312C496,7.36,0.0,0.0,0.0,1,7.36,7.44,1,7.24,7.36,7.36,7.36,2.0,14720.0,101
2023-05-10 21:52:03,au2312C496,au2312C496,7.36,0.0,0.0,0.0,1,7.34,7.44,1,7.24,7.36,7.36,7.36,2.0,14720.0,101
2023-05-10 21:52:05,au2312C496,au2312C496,7.36,0.0,0.0,0.0,1,7.36,7.46,1,7.24,7.36,7.36,7.36,2.0,14720.0,101
2023-05-10 21:52:11,au2312C496,au2312C496,7.36,0.0,0.0,0.0,1,7.34,7.44,1,7.24,7.36,7.36,7.36,2.0,14720.0,101
2023-05-10 21:52:13,au2312C496,au2312C496,7.36,0.0,0.0,0.0,1,7.36,7.44,1,7.24,7.36,7.36,7.36,2.0,14720.0,101
2023-05-10 21:52:14,au2312C496,au2312C496,7.36,0.0,0.0,0.0,1,7.34,7.44,1,7.24,7.36,7.36,7.36,2.0,14720.0,101
2023-05-10 21:52:19,au2312C496,au2312C496,7.36,0.0,0.0,0.0,1,7.36,7.44,1,7.24,7.36,7.36,7.36,2.0,14720.0,101
2023-05-10 21:52:29,au2312C496,au2312C496,7.36,0.0,0.0,0.0,1,7.36,7.46,1,7.24,7.36,7.36,7.36,2.0,14720.0,101
2023-05-10 21:52:31,au2312C496,au2312C496,7.36,0.0,0.0,0.0,1,7.36,7.44,1,7.24,7.36,7.36,7.36,2.0,14720.0,101
2023-05-10 21:52:33,au2312C496,au2312C496,7.36,0.0,0.0,0.0,1,7.36,7.46,1,7.24,7.36,7.36,7.36,2.0,14720.0,101
2023-05-10 21:52:33,au2312C496,au2312C496,7.36,0.0,0.0,0.0,1,7.36,7.44,1,7.24,7.36,7.36,7.36,2.0,14720.0,101
2023-05-10 21:52:34,au2312C496,au2312C496,7.36,0.0,0.0,0.0,1,7.36,7.46,1,7.24,7.36,7.36,7.36,2.0,14720.0,101
2023-05-10 21:52:36,au2312C496,au2312C496,7.36,0.0,0.0,0.0,1,7.36,7.44,1,7.24,7.36,7.36,7.36,2.0,14720.0,101
2023-05-10 21:52:38,au2312C496,au2312C496,7.36,0.0,0.0,0.0,1,7.34,7.44,1,7.24,7.36,7.36,7.36,2.0,14720.0,101
2023-05-10 21:52:47,au2312C496,au2312C496,7.36,0.0,0.0,0.0,1,7.36,7.44,1,7.24,7.36,7.36,7.36,2.0,14720.0,101
2023-05-10 21:52:49,au2312C496,au2312C496,7.36,0.0,0.0,0.0,1,7.34,7.44,1,7.24,7.36,7.36,7.36,2.0,14720.0,101
2023-05-10 21:52:49,au2312C496,au2312C496,7.36,0.0,0.0,0.0,1,6.84,7.44,1,7.24,7.36,7.36,7.36,2.0,14720.0,101
2023-05-10 21:52:50,au2312C496,au2312C496,7.36,0.0,0.0,0.0,1,7.32,7.42,1,7.24,7.36,7.36,7.36,2.0,14720.0,101
2023-05-10 21:52:56,au2312C496,au2312C496,7.36,0.0,0.0,0.0,1,7.34,7.42,1,7.24,7.36,7.36,7.36,2.0,14720.0,101
2023-05-10 21:52:56,au2312C496,au2312C496,7.36,0.0,0.0,0.0,1,7.34,7.42,1,7.24,7.36,7.36,7.36,2.0,14720.0,101
2023-05-10 21:52:57,au2312C496,au2312C496,7.36,0.0,0.0,0.0,1,7.32,7.42,1,7.24,7.36,7.36,7.36,2.0,14720.0,101
2023-05-10 21:52:59,au2312C496,au2312C496,7.36,0.0,0.0,0.0,1,7.32,7.4,1,7.24,7.36,7.36,7.36,2.0,14720.0,101
2023-05-10 21:53:07,au2312C496,au2312C496,7.36,0.0,0.0,0.0,1,7.32,7.42,1,7.24,7.36,7.36,7.36,2.0,14720.0,101
2023-05-10 21:53:13,au2312C496,au2312C496,7.36,0.0,0.0,0.0,1,7.34,7.42,1,7.24,7.36,7.36,7.36,2.0,14720.0,101
2023-05-10 21:53:14,au2312C496,au2312C496,7.36,0.0,0.0,0.0,1,7.32,7.42,1,7.24,7.36,7.36,7.36,2.0,14720.0,101
2023-05-10 21:53:15,au2312C496,au2312C496,7.36,0.0,0.0,0.0,1,7.34,7.42,1,7.24,7.36,7.36,7.36,2.0,14720.0,101
2023-05-10 21:53:16,au2312C496,au2312C496,7.36,0.0,0.0,0.0,1,7.34,7.44,1,7.24,7.36,7.36,7.36,2.0,14720.0,101
2023-05-10 21:53:24,au2312C496,au2312C496,7.36,0.0,0.0,0.0,1,7.36,7.46,1,7.24,7.36,7.36,7.36,2.0,14720.0,101
2023-05-10 21:53:37,au2312C496,au2312C496,7.36,0.0,0.0,0.0,1,7.38,7.46,1,7.24,7.36,7.36,7.36,2.0,14720.0,101
2023-05-10 21:53:42,au2312C496,au2312C496,7.36,0.0,0.0,0.0,1,7.38,7.48,1,7.24,7.36,7.36,7.36,2.0,14720.0,101
2023-05-10 21:53:47,au2312C496,au2312C496,7.36,0.0,0.0,0.0,1,7.38,7.46,1,7.24,7.36,7.36,7.36,2.0,14720.0,101
2023-05-10 21:53:49,au2312C496,au2312C496,7.36,0.0,0.0,0.0,1,7.36,7.46,1,7.24,7.36,7.36,7.36,2.0,14720.0,101
2023-05-10 21:54:03,au2312C496,au2312C496,7.36,0.0,0.0,0.0,1,7.38,7.46,1,7.24,7.36,7.36,7.36,2.0,14720.0,101
2023-05-10 21:54:04,au2312C496,au2312C496,7.36,0.0,0.0,0.0,1,7.38,7.48,1,7.24,7.36,7.36,7.36,2.0,14720.0,101
2023-05-10 21:54:10,au2312C496,au2312C496,7.36,0.0,0.0,0.0,1,7.38,7.46,1,7.24,7.36,7.36,7.36,2.0,14720.0,101
2023-05-10 21:54:20,au2312C496,au2312C496,7.36,0.0,0.0,0.0,1,7.36,7.46,1,7.24,7.36,7.36,7.36,2.0,14720.0,101
2023-05-10 21:54:29,au2312C496,au2312C496,7.36,0.0,0.0,0.0,1,7.38,7.46,1,7.24,7.36,7.36,7.36,2.0,14720.0,101
2023-05-10 21:54:32,au2312C496,au2312C496,7.36,0.0,0.0,0.0,1,7.36,7.46,1,7.24,7.36,7.36,7.36,2.0,14720.0,101
2023-05-10 21:54:38,au2312C496,au2312C496,7.36,0.0,0.0,0.0,1,7.34,7.44,1,7.24,7.36,7.36,7.36,2.0,14720.0,101
2023-05-10 21:54:46,au2312C496,au2312C496,7.36,0.0,0.0,0.0,1,7.36,7.44,1,7.24,7.36,7.36,7.36,2.0,14720.0,101
2023-05-10 21:54:56,au2312C496,au2312C496,7.36,0.0,0.0,0.0,1,7.36,7.46,1,7.24,7.36,7.36,7.36,2.0,14720.0,101
2023-05-10 21:55:00,au2312C496,au2312C496,7.36,0.0,0.0,0.0,1,7.38,7.46,1,7.24,7.36,7.36,7.36,2.0,14720.0,101
2023-05-10 21:55:01,au2312C496,au2312C496,7.36,0.0,0.0,0.0,1,7.36,7.46,1,7.24,7.36,7.36,7.36,2.0,14720.0,101
2023-05-10 21:55:08,au2312C496,au2312C496,7.36,0.0,0.0,0.0,1,7.36,7.44,1,7.24,7.36,7.36,7.36,2.0,14720.0,101
2023-05-10 21:55:09,au2312C496,au2312C496,7.36,0.0,0.0,0.0,1,7.34,7.44,1,7.24,7.36,7.36,7.36,2.0,14720.0,101
2023-05-10 21:55:11,au2312C496,au2312C496,7.36,0.0,0.0,0.0,1,7.34,7.42,1,7.24,7.36,7.36,7.36,2.0,14720.0,101
2023-05-10 21:55:14,au2312C496,au2312C496,7.36,0.0,0.0,0.0,1,7.34,7.44,1,7.24,7.36,7.36,7.36,2.0,14720.0,101
2023-05-10 21:55:28,au2312C496,au2312C496,7.36,0.0,0.0,0.0,1,7.34,7.42,1,7.24,7.36,7.36,7.36,2.0,14720.0,101
2023-05-10 21:55:30,au2312C496,au2312C496,7.36,0.0,0.0,0.0,1,7.32,7.42,1,7.24,7.36,7.36,7.36,2.0,14720.0,101
2023-05-10 21:55:41,au2312C496,au2312C496,7.36,0.0,0.0,0.0,1,7.34,7.42,1,7.24,7.36,7.36,7.36,2.0,14720.0,101
2023-05-10 21:55:42,au2312C496,au2312C496,7.36,0.0,0.0,0.0,1,7.34,7.44,1,7.24,7.36,7.36,7.36,2.0,14720.0,101
2023-05-10 21:55:46,au2312C496,au2312C496,7.36,0.0,0.0,0.0,1,7.36,7.44,1,7.24,7.36,7.36,7.36,2.0,14720.0,101
2023-05-10 21:55:54,au2312C496,au2312C496,7.36,0.0,0.0,0.0,1,7.34,7.44,1,7.24,7.36,7.36,7.36,2.0,14720.0,101
2023-05-10 21:56:00,au2312C496,au2312C496,7.36,0.0,0.0,0.0,1,7.34,7.42,1,7.24,7.36,7.36,7.36,2.0,14720.0,101
2023-05-10 21:56:00,au2312C496,au2312C496,7.36,0.0,0.0,0.0,1,7.32,7.42,1,7.24,7.36,7.36,7.36,2.0,14720.0,101
2023-05-10 21:56:22,au2312C496,au2312C496,7.36,0.0,0.0,0.0,1,7.34,7.42,1,7.24,7.36,7.36,7.36,2.0,14720.0,101
2023-05-10 21:56:25,au2312C496,au2312C496,7.36,0.0,0.0,0.0,1,7.34,7.44,1,7.24,7.36,7.36,7.36,2.0,14720.0,101
2023-05-10 21:56:32,au2312C496,au2312C496,7.36,0.0,0.0,0.0,1,7.34,7.42,1,7.24,7.36,7.36,7.36,2.0,14720.0,101
2023-05-10 21:56:33,au2312C496,au2312C496,7.36,0.0,0.0,0.0,1,7.32,7.42,1,7.24,7.36,7.36,7.36,2.0,14720.0,101
2023-05-10 21:56:44,au2312C496,au2312C496,7.36,0.0,0.0,0.0,1,7.34,7.44,1,7.24,7.36,7.36,7.36,2.0,14720.0,101
2023-05-10 21:57:01,au2312C496,au2312C496,7.36,0.0,0.0,0.0,1,7.36,7.44,1,7.24,7.36,7.36,7.36,2.0,14720.0,101
2023-05-10 21:57:03,au2312C496,au2312C496,7.36,0.0,0.0,0.0,1,7.34,7.44,1,7.24,7.36,7.36,7.36,2.0,14720.0,101
2023-05-10 21:57:06,au2312C496,au2312C496,7.36,0.0,0.0,0.0,1,7.36,7.44,1,7.24,7.36,7.36,7.36,2.0,14720.0,101
2023-05-10 21:57:08,au2312C496,au2312C496,7.36,0.0,0.0,0.0,1,7.34,7.44,1,7.24,7.36,7.36,7.36,2.0,14720.0,101
2023-05-10 21:57:20,au2312C496,au2312C496,7.36,0.0,0.0,0.0,1,7.36,7.44,1,7.24,7.36,7.36,7.36,2.0,14720.0,101
2023-05-10 21:57:24,au2312C496,au2312C496,7.36,0.0,0.0,0.0,1,7.34,7.44,1,7.24,7.36,7.36,7.36,2.0,14720.0,101
2023-05-10 21:57:30,au2312C496,au2312C496,7.36,0.0,0.0,0.0,1,7.34,7.42,1,7.24,7.36,7.36,7.36,2.0,14720.0,101
2023-05-10 21:57:39,au2312C496,au2312C496,7.36,0.0,0.0,0.0,1,7.34,7.44,1,7.24,7.36,7.36,7.36,2.0,14720.0,101
2023-05-10 21:58:08,au2312C496,au2312C496,7.36,0.0,0.0,0.0,1,7.34,7.42,1,7.24,7.36,7.36,7.36,2.0,14720.0,101
2023-05-10 21:58:14,au2312C496,au2312C496,7.36,0.0,0.0,0.0,1,7.32,7.42,1,7.24,7.36,7.36,7.36,2.0,14720.0,101
2023-05-10 21:58:16,au2312C496,au2312C496,7.36,0.0,0.0,0.0,1,7.34,7.42,1,7.24,7.36,7.36,7.36,2.0,14720.0,101
2023-05-10 21:58:23,au2312C496,au2312C496,7.36,0.0,0.0,0.0,1,7.32,7.42,1,7.24,7.36,7.36,7.36,2.0,14720.0,101
2023-05-10 21:58:48,au2312C496,au2312C496,7.36,0.0,0.0,0.0,1,7.32,7.4,1,7.24,7.36,7.36,7.36,2.0,14720.0,101
2023-05-10 21:58:49,au2312C496,au2312C496,7.36,0.0,0.0,0.0,1,7.32,7.42,1,7.24,7.36,7.36,7.36,2.0,14720.0,101
2023-05-10 21:58:52,au2312C496,au2312C496,7.36,0.0,0.0,0.0,1,7.32,7.4,1,7.24,7.36,7.36,7.36,2.0,14720.0,101
2023-05-10 21:59:00,au2312C496,au2312C496,7.36,0.0,0.0,0.0,1,7.32,7.42,1,7.24,7.36,7.36,7.36,2.0,14720.0,101
2023-05-10 21:59:04,au2312C496,au2312C496,7.36,0.0,0.0,0.0,1,7.32,7.4,1,7.24,7.36,7.36,7.36,2.0,14720.0,101
2023-05-10 21:59:14,au2312C496,au2312C496,7.36,0.0,0.0,0.0,1,7.32,7.42,1,7.24,7.36,7.36,7.36,2.0,14720.0,101
2023-05-10 21:59:21,au2312C496,au2312C496,7.36,0.0,0.0,0.0,1,7.3,7.4,1,7.24,7.36,7.36,7.36,2.0,14720.0,101
2023-05-10 21:59:28,au2312C496,au2312C496,7.36,0.0,0.0,0.0,1,7.32,7.4,1,7.24,7.36,7.36,7.36,2.0,14720.0,101
2023-05-10 21:59:30,au2312C496,au2312C496,7.36,0.0,0.0,0.0,1,7.3,7.4,1,7.24,7.36,7.36,7.36,2.0,14720.0,101
2023-05-10 21:59:37,au2312C496,au2312C496,7.36,0.0,0.0,0.0,1,7.32,7.4,1,7.24,7.36,7.36,7.36,2.0,14720.0,101
2023-05-10 21:59:38,au2312C496,au2312C496,7.36,0.0,0.0,0.0,1,7.32,7.42,1,7.24,7.36,7.36,7.36,2.0,14720.0,101
2023-05-10 21:59:54,au2312C496,au2312C496,7.36,0.0,0.0,0.0,1,7.34,7.44,1,7.24,7.36,7.36,7.36,2.0,14720.0,101
2023-05-10 22:00:00,au2312C496,au2312C496,7.36,0.0,0.0,0.0,1,7.32,7.42,1,7.24,7.36,7.36,7.36,2.0,14720.0,101
2023-05-10 22:00:02,au2312C496,au2312C496,7.36,0.0,0.0,0.0,1,7.3,7.4,1,7.24,7.36,7.36,7.36,2.0,14720.0,101
2023-05-10 22:00:04,au2312C496,au2312C496,7.36,0.0,0.0,0.0,1,7.3,7.38,1,7.24,7.36,7.36,7.36,2.0,14720.0,101
2023-05-10 22:00:05,au2312C496,au2312C496,7.36,0.0,0.0,0.0,1,7.28,7.38,1,7.24,7.36,7.36,7.36,2.0,14720.0,101
2023-05-10 22:00:07,au2312C496,au2312C496,7.36,0.0,0.0,0.0,1,6.84,7.36,1,7.24,7.36,7.36,7.36,2.0,14720.0,101
2023-05-10 22:00:07,au2312C496,au2312C496,7.36,0.0,0.0,0.0,1,7.28,7.36,1,7.24,7.36,7.36,7.36,2.0,14720.0,101
2023-05-10 22:00:08,au2312C496,au2312C496,7.36,0.0,0.0,0.0,1,7.28,7.38,1,7.24,7.36,7.36,7.36,2.0,14720.0,101
2023-05-10 22:00:08,au2312C496,au2312C496,7.36,0.0,0.0,0.0,1,7.3,7.38,1,7.24,7.36,7.36,7.36,2.0,14720.0,101
2023-05-10 22:00:09,au2312C496,au2312C496,7.36,0.0,0.0,0.0,1,7.3,7.38,1,7.24,7.36,7.36,7.36,2.0,14720.0,101
2023-05-10 22:00:16,au2312C496,au2312C496,7.36,0.0,0.0,0.0,1,7.28,7.38,1,7.24,7.36,7.36,7.36,2.0,14720.0,101
2023-05-10 22:00:21,au2312C496,au2312C496,7.36,0.0,0.0,0.0,1,7.3,7.38,1,7.24,7.36,7.36,7.36,2.0,14720.0,101
2023-05-10 22:00:22,au2312C496,au2312C496,7.36,0.0,0.0,0.0,1,7.28,7.38,1,7.24,7.36,7.36,7.36,2.0,14720.0,101
2023-05-10 22:00:24,au2312C496,au2312C496,7.36,0.0,0.0,0.0,1,7.26,7.36,1,7.24,7.36,7.36,7.36,2.0,14720.0,101
2023-05-10 22:00:29,au2312C496,au2312C496,7.36,0.0,0.0,0.0,1,7.28,7.36,1,7.24,7.36,7.36,7.36,2.0,14720.0,101
2023-05-10 22:00:29,au2312C496,au2312C496,7.36,0.0,0.0,0.0,1,7.28,7.38,1,7.24,7.36,7.36,7.36,2.0,14720.0,101
2023-05-10 22:00:33,au2312C496,au2312C496,7.36,0.0,0.0,0.0,1,7.28,7.36,1,7.24,7.36,7.36,7.36,2.0,14720.0,101
2023-05-10 22:00:35,au2312C496,au2312C496,7.36,0.0,0.0,0.0,1,7.28,7.38,1,7.24,7.36,7.36,7.36,2.0,14720.0,101
2023-05-10 22:00:37,au2312C496,au2312C496,7.36,0.0,0.0,0.0,1,7.28,7.36,1,7.24,7.36,7.36,7.36,2.0,14720.0,101
2023-05-10 22:00:42,au2312C496,au2312C496,7.36,0.0,0.0,0.0,1,7.28,7.38,1,7.24,7.36,7.36,7.36,2.0,14720.0,101
2023-05-10 22:00:47,au2312C496,au2312C496,7.36,0.0,0.0,0.0,1,7.26,7.36,1,7.24,7.36,7.36,7.36,2.0,14720.0,101
2023-05-10 22:01:01,au2312C496,au2312C496,7.36,0.0,0.0,0.0,1,7.24,7.34,1,7.24,7.36,7.36,7.36,2.0,14720.0,101
2023-05-10 22:01:05,au2312C496,au2312C496,7.36,0.0,0.0,0.0,1,7.26,7.34,1,7.24,7.36,7.36,7.36,2.0,14720.0,101
2023-05-10 22:01:06,au2312C496,au2312C496,7.36,0.0,0.0,0.0,1,7.26,7.36,1,7.24,7.36,7.36,7.36,2.0,14720.0,101
2023-05-10 22:01:08,au2312C496,au2312C496,7.36,0.0,0.0,0.0,1,7.28,7.36,1,7.24,7.36,7.36,7.36,2.0,14720.0,101
2023-05-10 22:01:09,au2312C496,au2312C496,7.36,0.0,0.0,0.0,1,7.28,7.38,1,7.24,7.36,7.36,7.36,2.0,14720.0,101
2023-05-10 22:01:11,au2312C496,au2312C496,7.36,0.0,0.0,0.0,1,7.28,7.36,1,7.24,7.36,7.36,7.36,2.0,14720.0,101
2023-05-10 22:01:12,au2312C496,au2312C496,7.36,0.0,0.0,0.0,1,7.28,7.38,1,7.24,7.36,7.36,7.36,2.0,14720.0,101
2023-05-10 22:01:22,au2312C496,au2312C496,7.36,0.0,0.0,0.0,1,7.3,7.38,1,7.24,7.36,7.36,7.36,2.0,14720.0,101
2023-05-10 22:01:23,au2312C496,au2312C496,7.36,0.0,0.0,0.0,1,7.28,7.38,1,7.24,7.36,7.36,7.36,2.0,14720.0,101
2023-05-10 22:01:35,au2312C496,au2312C496,7.36,0.0,0.0,0.0,1,7.28,7.36,1,7.24,7.36,7.36,7.36,2.0,14720.0,101
2023-05-10 22:01:36,au2312C496,au2312C496,7.36,0.0,0.0,0.0,1,7.26,7.36,1,7.24,7.36,7.36,7.36,2.0,14720.0,101
2023-05-10 22:01:52,au2312C496,au2312C496,7.36,0.0,0.0,0.0,1,7.28,7.36,1,7.24,7.36,7.36,7.36,2.0,14720.0,101
2023-05-10 22:01:55,au2312C496,au2312C496,7.36,0.0,0.0,0.0,1,7.26,7.36,1,7.24,7.36,7.36,7.36,2.0,14720.0,101
2023-05-10 22:01:57,au2312C496,au2312C496,7.36,0.0,0.0,0.0,1,7.28,7.36,1,7.24,7.36,7.36,7.36,2.0,14720.0,101
2023-05-10 22:02:00,au2312C496,au2312C496,7.36,0.0,0.0,0.0,1,7.26,7.36,1,7.24,7.36,7.36,7.36,2.0,14720.0,101
2023-05-10 22:02:02,au2312C496,au2312C496,7.36,0.0,0.0,0.0,1,7.26,7.34,1,7.24,7.36,7.36,7.36,2.0,14720.0,101
2023-05-10 22:02:10,au2312C496,au2312C496,7.36,0.0,0.0,0.0,1,7.24,7.34,1,7.24,7.36,7.36,7.36,2.0,14720.0,101
2023-05-10 22:02:14,au2312C496,au2312C496,7.36,0.0,0.0,0.0,1,7.24,7.36,1,7.24,7.36,7.36,7.36,2.0,14720.0,101
2023-05-10 22:02:15,au2312C496,au2312C496,7.36,0.0,0.0,0.0,1,7.28,7.36,1,7.24,7.36,7.36,7.36,2.0,14720.0,101
2023-05-10 22:02:20,au2312C496,au2312C496,7.36,0.0,0.0,0.0,1,7.26,7.36,1,7.24,7.36,7.36,7.36,2.0,14720.0,101
2023-05-10 22:02:21,au2312C496,au2312C496,7.36,0.0,0.0,0.0,1,7.28,7.38,1,7.24,7.36,7.36,7.36,2.0,14720.0,101
2023-05-10 22:02:23,au2312C496,au2312C496,7.36,0.0,0.0,0.0,1,7.26,7.38,1,7.24,7.36,7.36,7.36,2.0,14720.0,101
2023-05-10 22:02:24,au2312C496,au2312C496,7.36,0.0,0.0,0.0,1,7.28,7.38,1,7.24,7.36,7.36,7.36,2.0,14720.0,101
2023-05-10 22:02:43,au2312C496,au2312C496,7.36,0.0,0.0,0.0,1,7.3,7.38,1,7.24,7.36,7.36,7.36,2.0,14720.0,101
2023-05-10 22:02:50,au2312C496,au2312C496,7.36,0.0,0.0,0.0,1,7.28,7.38,1,7.24,7.36,7.36,7.36,2.0,14720.0,101
2023-05-10 22:02:56,au2312C496,au2312C496,7.36,0.0,0.0,0.0,1,7.3,7.38,1,7.24,7.36,7.36,7.36,2.0,14720.0,101
2023-05-10 22:02:57,au2312C496,au2312C496,7.36,0.0,0.0,0.0,1,7.3,7.4,1,7.24,7.36,7.36,7.36,2.0,14720.0,101
2023-05-10 22:03:09,au2312C496,au2312C496,7.36,0.0,0.0,0.0,1,7.3,7.38,1,7.24,7.36,7.36,7.36,2.0,14720.0,101
2023-05-10 22:03:12,au2312C496,au2312C496,7.36,0.0,0.0,0.0,1,7.3,7.4,1,7.24,7.36,7.36,7.36,2.0,14720.0,101
2023-05-10 22:03:16,au2312C496,au2312C496,7.36,0.0,0.0,0.0,1,7.3,7.38,1,7.24,7.36,7.36,7.36,2.0,14720.0,101
2023-05-10 22:03:19,au2312C496,au2312C496,7.36,0.0,0.0,0.0,1,7.28,7.38,1,7.24,7.36,7.36,7.36,2.0,14720.0,101
2023-05-10 22:03:32,au2312C496,au2312C496,7.36,0.0,0.0,0.0,1,7.26,7.36,1,7.24,7.36,7.36,7.36,2.0,14720.0,101
