time,symbol_id,symbol_name,last,trade_volume,trade_amount,open_interest_change,bv1,bp1,ap1,av1,yesterday_close,today_open,today_high,today_low,volume,amount,open_interest
2023-05-10 20:59:00,au2312C504,au2312C504,6.24,0.0,0.0,0.0,1,5.0,0.0,0,6.24,6.3,0.0,0.0,0.0,0.0,182
2023-05-10 21:00:00,au2312C504,au2312C504,6.24,0.0,0.0,0.0,2,6.06,15.66,2,6.24,6.3,0.0,0.0,0.0,0.0,182
2023-05-10 21:00:28,au2312C504,au2312C504,6.24,0.0,0.0,0.0,2,6.06,15.0,1,6.24,6.3,0.0,0.0,0.0,0.0,182
2023-05-10 21:00:29,au2312C504,au2312C504,6.24,0.0,0.0,0.0,2,6.06,12.74,2,6.24,6.3,0.0,0.0,0.0,0.0,182
2023-05-10 21:00:34,au2312C504,au2312C504,6.24,0.0,0.0,0.0,2,6.06,12.74,2,6.24,6.3,0.0,0.0,0.0,0.0,182
2023-05-10 21:00:50,au2312C504,au2312C504,6.24,0.0,0.0,0.0,1,5.92,0.0,0,6.24,6.3,0.0,0.0,0.0,0.0,182
2023-05-10 21:00:51,au2312C504,au2312C504,6.24,0.0,0.0,0.0,1,5.92,15.52,1,6.24,6.3,0.0,0.0,0.0,0.0,182
2023-05-10 21:01:10,au2312C504,au2312C504,6.24,0.0,0.0,0.0,1,6.3,6.46,1,6.24,6.3,0.0,0.0,0.0,0.0,182
2023-05-10 21:01:14,au2312C504,au2312C504,6.24,0.0,0.0,0.0,1,6.3,6.44,1,6.24,6.3,0.0,0.0,0.0,0.0,182
2023-05-10 21:01:18,au2312C504,au2312C504,6.24,0.0,0.0,0.0,1,6.3,6.42,1,6.24,6.3,0.0,0.0,0.0,0.0,182
2023-05-10 21:01:18,au2312C504,au2312C504,6.24,0.0,0.0,0.0,1,6.26,6.42,1,6.24,6.3,0.0,0.0,0.0,0.0,182
2023-05-10 21:01:19,au2312C504,au2312C504,6.24,0.0,0.0,0.0,1,6.26,6.4,1,6.24,6.3,0.0,0.0,0.0,0.0,182
2023-05-10 21:01:20,au2312C504,au2312C504,6.24,0.0,0.0,0.0,1,6.28,6.42,1,6.24,6.3,0.0,0.0,0.0,0.0,182
2023-05-10 21:01:26,au2312C504,au2312C504,6.24,0.0,0.0,0.0,1,6.3,6.42,1,6.24,6.3,0.0,0.0,0.0,0.0,182
2023-05-10 21:01:28,au2312C504,au2312C504,6.24,0.0,0.0,0.0,1,6.28,6.42,1,6.24,6.3,0.0,0.0,0.0,0.0,182
2023-05-10 21:01:37,au2312C504,au2312C504,6.24,0.0,0.0,0.0,1,6.3,6.42,1,6.24,6.3,0.0,0.0,0.0,0.0,182
2023-05-10 21:01:38,au2312C504,au2312C504,6.24,0.0,0.0,0.0,1,6.3,6.44,1,6.24,6.3,0.0,0.0,0.0,0.0,182
2023-05-10 21:01:43,au2312C504,au2312C504,6.24,0.0,0.0,0.0,1,6.32,6.44,1,6.24,6.3,0.0,0.0,0.0,0.0,182
2023-05-10 21:01:51,au2312C504,au2312C504,6.24,0.0,0.0,0.0,1,6.32,6.46,1,6.24,6.3,0.0,0.0,0.0,0.0,182
2023-05-10 21:01:55,au2312C504,au2312C504,6.24,0.0,0.0,0.0,1,6.32,6.44,1,6.24,6.3,0.0,0.0,0.0,0.0,182
2023-05-10 21:01:57,au2312C504,au2312C504,6.24,0.0,0.0,0.0,1,6.3,6.44,1,6.24,6.3,0.0,0.0,0.0,0.0,182
2023-05-10 21:02:01,au2312C504,au2312C504,6.24,0.0,0.0,0.0,1,6.3,6.46,1,6.24,6.3,0.0,0.0,0.0,0.0,182
2023-05-10 21:02:02,au2312C504,au2312C504,6.24,0.0,0.0,0.0,1,6.32,6.46,1,6.24,6.3,0.0,0.0,0.0,0.0,182
2023-05-10 21:02:10,au2312C504,au2312C504,6.24,0.0,0.0,0.0,1,6.32,6.44,1,6.24,6.3,0.0,0.0,0.0,0.0,182
2023-05-10 21:02:18,au2312C504,au2312C504,6.24,0.0,0.0,0.0,1,6.3,6.42,1,6.24,6.3,0.0,0.0,0.0,0.0,182
2023-05-10 21:02:25,au2312C504,au2312C504,6.24,0.0,0.0,0.0,1,6.28,6.4,1,6.24,6.3,0.0,0.0,0.0,0.0,182
2023-05-10 21:02:29,au2312C504,au2312C504,6.24,0.0,0.0,0.0,1,6.3,6.42,1,6.24,6.3,0.0,0.0,0.0,0.0,182
2023-05-10 21:02:31,au2312C504,au2312C504,6.24,0.0,0.0,0.0,1,6.3,6.4,1,6.24,6.3,0.0,0.0,0.0,0.0,182
2023-05-10 21:02:33,au2312C504,au2312C504,6.24,0.0,0.0,0.0,1,6.28,6.4,1,6.24,6.3,0.0,0.0,0.0,0.0,182
2023-05-10 21:02:34,au2312C504,au2312C504,6.24,0.0,0.0,0.0,1,6.28,6.38,1,6.24,6.3,0.0,0.0,0.0,0.0,182
2023-05-10 21:02:35,au2312C504,au2312C504,6.24,0.0,0.0,0.0,1,6.28,6.38,1,6.24,6.3,0.0,0.0,0.0,0.0,182
2023-05-10 21:02:37,au2312C504,au2312C504,6.24,0.0,0.0,0.0,1,6.26,6.38,1,6.24,6.3,0.0,0.0,0.0,0.0,182
2023-05-10 21:02:39,au2312C504,au2312C504,6.24,0.0,0.0,0.0,1,6.28,6.38,1,6.24,6.3,0.0,0.0,0.0,0.0,182
2023-05-10 21:02:41,au2312C504,au2312C504,6.24,0.0,0.0,0.0,1,6.28,6.4,1,6.24,6.3,0.0,0.0,0.0,0.0,182
2023-05-10 21:02:58,au2312C504,au2312C504,6.24,0.0,0.0,0.0,1,6.26,6.38,1,6.24,6.3,0.0,0.0,0.0,0.0,182
2023-05-10 21:03:01,au2312C504,au2312C504,6.24,0.0,0.0,0.0,1,6.28,6.4,1,6.24,6.3,0.0,0.0,0.0,0.0,182
2023-05-10 21:03:09,au2312C504,au2312C504,6.24,0.0,0.0,0.0,1,6.3,6.4,1,6.24,6.3,0.0,0.0,0.0,0.0,182
2023-05-10 21:03:12,au2312C504,au2312C504,6.24,0.0,0.0,0.0,1,6.3,6.42,1,6.24,6.3,0.0,0.0,0.0,0.0,182
2023-05-10 21:03:17,au2312C504,au2312C504,6.24,0.0,0.0,0.0,1,6.3,6.4,1,6.24,6.3,0.0,0.0,0.0,0.0,182
2023-05-10 21:03:18,au2312C504,au2312C504,6.24,0.0,0.0,0.0,1,6.28,6.4,1,6.24,6.3,0.0,0.0,0.0,0.0,182
2023-05-10 21:03:34,au2312C504,au2312C504,6.24,0.0,0.0,0.0,1,6.3,6.4,1,6.24,6.3,0.0,0.0,0.0,0.0,182
2023-05-10 21:03:34,au2312C504,au2312C504,6.24,0.0,0.0,0.0,1,6.3,6.42,1,6.24,6.3,0.0,0.0,0.0,0.0,182
2023-05-10 21:03:40,au2312C504,au2312C504,6.24,0.0,0.0,0.0,1,6.3,6.4,1,6.24,6.3,0.0,0.0,0.0,0.0,182
2023-05-10 21:03:48,au2312C504,au2312C504,6.24,0.0,0.0,0.0,1,6.28,6.4,1,6.24,6.3,0.0,0.0,0.0,0.0,182
2023-05-10 21:03:50,au2312C504,au2312C504,6.24,0.0,0.0,0.0,1,6.28,6.38,1,6.24,6.3,0.0,0.0,0.0,0.0,182
2023-05-10 21:03:59,au2312C504,au2312C504,6.24,0.0,0.0,0.0,1,6.26,6.38,1,6.24,6.3,0.0,0.0,0.0,0.0,182
2023-05-10 21:04:04,au2312C504,au2312C504,6.24,0.0,0.0,0.0,1,6.28,6.38,1,6.24,6.3,0.0,0.0,0.0,0.0,182
2023-05-10 21:04:05,au2312C504,au2312C504,6.24,0.0,0.0,0.0,1,6.28,6.4,1,6.24,6.3,0.0,0.0,0.0,0.0,182
2023-05-10 21:04:06,au2312C504,au2312C504,6.24,0.0,0.0,0.0,1,6.28,6.38,1,6.24,6.3,0.0,0.0,0.0,0.0,182
2023-05-10 21:04:07,au2312C504,au2312C504,6.24,0.0,0.0,0.0,1,6.26,6.38,1,6.24,6.3,0.0,0.0,0.0,0.0,182
2023-05-10 21:04:10,au2312C504,au2312C504,6.24,0.0,0.0,0.0,1,6.26,6.36,1,6.24,6.3,0.0,0.0,0.0,0.0,182
2023-05-10 21:04:22,au2312C504,au2312C504,6.24,0.0,0.0,0.0,1,6.26,6.38,1,6.24,6.3,0.0,0.0,0.0,0.0,182
2023-05-10 21:04:29,au2312C504,au2312C504,6.24,0.0,0.0,0.0,1,6.28,6.38,1,6.24,6.3,0.0,0.0,0.0,0.0,182
2023-05-10 21:04:30,au2312C504,au2312C504,6.24,0.0,0.0,0.0,1,6.28,6.4,1,6.24,6.3,0.0,0.0,0.0,0.0,182
2023-05-10 21:04:43,au2312C504,au2312C504,6.24,0.0,0.0,0.0,1,6.3,6.42,1,6.24,6.3,0.0,0.0,0.0,0.0,182
2023-05-10 21:04:45,au2312C504,au2312C504,6.24,0.0,0.0,0.0,1,6.3,6.4,1,6.24,6.3,0.0,0.0,0.0,0.0,182
2023-05-10 21:04:54,au2312C504,au2312C504,6.24,0.0,0.0,0.0,1,6.28,6.4,1,6.24,6.3,0.0,0.0,0.0,0.0,182
2023-05-10 21:04:58,au2312C504,au2312C504,6.24,0.0,0.0,0.0,1,6.28,6.38,1,6.24,6.3,0.0,0.0,0.0,0.0,182
2023-05-10 21:04:59,au2312C504,au2312C504,6.24,0.0,0.0,0.0,1,6.26,6.38,1,6.24,6.3,0.0,0.0,0.0,0.0,182
2023-05-10 21:05:01,au2312C504,au2312C504,6.24,0.0,0.0,0.0,2,6.3,6.38,1,6.24,6.3,0.0,0.0,0.0,0.0,182
2023-05-10 21:05:04,au2312C504,au2312C504,6.24,0.0,0.0,0.0,2,6.3,6.36,1,6.24,6.3,0.0,0.0,0.0,0.0,182
2023-05-10 21:05:10,au2312C504,au2312C504,6.24,0.0,0.0,0.0,2,6.3,6.38,1,6.24,6.3,0.0,0.0,0.0,0.0,182
2023-05-10 21:05:13,au2312C504,au2312C504,6.24,0.0,0.0,0.0,2,6.3,6.38,1,6.24,6.3,0.0,0.0,0.0,0.0,182
2023-05-10 21:05:15,au2312C504,au2312C504,6.24,0.0,0.0,0.0,2,6.3,6.4,1,6.24,6.3,0.0,0.0,0.0,0.0,182
2023-05-10 21:05:20,au2312C504,au2312C504,6.24,0.0,0.0,0.0,3,6.3,6.4,1,6.24,6.3,0.0,0.0,0.0,0.0,182
2023-05-10 21:05:38,au2312C504,au2312C504,6.24,0.0,0.0,0.0,2,6.3,6.4,1,6.24,6.3,0.0,0.0,0.0,0.0,182
2023-05-10 21:05:46,au2312C504,au2312C504,6.24,0.0,0.0,0.0,2,6.3,6.38,1,6.24,6.3,0.0,0.0,0.0,0.0,182
2023-05-10 21:05:49,au2312C504,au2312C504,6.24,0.0,0.0,0.0,2,6.3,6.4,1,6.24,6.3,0.0,0.0,0.0,0.0,182
2023-05-10 21:05:57,au2312C504,au2312C504,6.24,0.0,0.0,0.0,2,6.3,6.4,1,6.24,6.3,0.0,0.0,0.0,0.0,182
2023-05-10 21:05:58,au2312C504,au2312C504,6.24,0.0,0.0,0.0,2,6.3,6.38,1,6.24,6.3,0.0,0.0,0.0,0.0,182
2023-05-10 21:06:06,au2312C504,au2312C504,6.24,0.0,0.0,0.0,2,6.3,6.36,1,6.24,6.3,0.0,0.0,0.0,0.0,182
2023-05-10 21:06:08,au2312C504,au2312C504,6.24,0.0,0.0,0.0,2,6.3,6.36,1,6.24,6.3,0.0,0.0,0.0,0.0,182
2023-05-10 21:06:08,au2312C504,au2312C504,6.24,0.0,0.0,0.0,2,6.3,6.36,1,6.24,6.3,0.0,0.0,0.0,0.0,182
2023-05-10 21:06:10,au2312C504,au2312C504,6.24,0.0,0.0,0.0,2,6.3,6.34,1,6.24,6.3,0.0,0.0,0.0,0.0,182
2023-05-10 21:06:11,au2312C504,au2312C504,6.24,0.0,0.0,0.0,2,6.3,6.34,1,6.24,6.3,0.0,0.0,0.0,0.0,182
2023-05-10 21:06:13,au2312C504,au2312C504,6.24,0.0,0.0,0.0,2,6.3,6.34,1,6.24,6.3,0.0,0.0,0.0,0.0,182
2023-05-10 21:06:18,au2312C504,au2312C504,6.24,0.0,0.0,0.0,2,6.3,6.36,1,6.24,6.3,0.0,0.0,0.0,0.0,182
2023-05-10 21:06:24,au2312C504,au2312C504,6.24,0.0,0.0,0.0,2,6.3,6.36,1,6.24,6.3,0.0,0.0,0.0,0.0,182
2023-05-10 21:06:37,au2312C504,au2312C504,6.24,0.0,0.0,0.0,2,6.3,6.38,1,6.24,6.3,0.0,0.0,0.0,0.0,182
2023-05-10 21:06:57,au2312C504,au2312C504,6.24,0.0,0.0,0.0,2,6.3,6.36,1,6.24,6.3,0.0,0.0,0.0,0.0,182
2023-05-10 21:07:03,au2312C504,au2312C504,6.24,0.0,0.0,0.0,2,6.3,6.34,1,6.24,6.3,0.0,0.0,0.0,0.0,182
2023-05-10 21:07:04,au2312C504,au2312C504,6.24,0.0,0.0,0.0,2,6.3,6.36,1,6.24,6.3,0.0,0.0,0.0,0.0,182
2023-05-10 21:07:08,au2312C504,au2312C504,6.24,0.0,0.0,0.0,2,6.3,6.36,1,6.24,6.3,0.0,0.0,0.0,0.0,182
2023-05-10 21:07:21,au2312C504,au2312C504,6.24,0.0,0.0,0.0,2,6.3,6.34,1,6.24,6.3,0.0,0.0,0.0,0.0,182
2023-05-10 21:07:22,au2312C504,au2312C504,6.24,0.0,0.0,0.0,2,6.3,6.34,1,6.24,6.3,0.0,0.0,0.0,0.0,182
2023-05-10 21:07:23,au2312C504,au2312C504,6.24,0.0,0.0,0.0,2,6.3,6.34,1,6.24,6.3,0.0,0.0,0.0,0.0,182
2023-05-10 21:07:43,au2312C504,au2312C504,6.24,0.0,0.0,0.0,2,6.3,6.36,1,6.24,6.3,0.0,0.0,0.0,0.0,182
2023-05-10 21:07:53,au2312C504,au2312C504,6.24,0.0,0.0,0.0,2,6.3,6.34,1,6.24,6.3,0.0,0.0,0.0,0.0,182
2023-05-10 21:07:57,au2312C504,au2312C504,6.24,0.0,0.0,0.0,2,6.3,6.36,1,6.24,6.3,0.0,0.0,0.0,0.0,182
2023-05-10 21:07:58,au2312C504,au2312C504,6.24,0.0,0.0,0.0,2,6.3,6.36,1,6.24,6.3,0.0,0.0,0.0,0.0,182
2023-05-10 21:08:03,au2312C504,au2312C504,6.24,0.0,0.0,0.0,2,6.3,6.36,1,6.24,6.3,0.0,0.0,0.0,0.0,182
2023-05-10 21:08:03,au2312C504,au2312C504,6.24,0.0,0.0,0.0,2,6.3,6.34,1,6.24,6.3,0.0,0.0,0.0,0.0,182
2023-05-10 21:08:05,au2312C504,au2312C504,6.24,0.0,0.0,0.0,2,6.3,6.34,1,6.24,6.3,0.0,0.0,0.0,0.0,182
2023-05-10 21:08:05,au2312C504,au2312C504,6.24,0.0,0.0,0.0,2,6.3,6.36,1,6.24,6.3,0.0,0.0,0.0,0.0,182
2023-05-10 21:08:06,au2312C504,au2312C504,6.24,0.0,0.0,0.0,2,6.3,6.36,1,6.24,6.3,0.0,0.0,0.0,0.0,182
2023-05-10 21:08:14,au2312C504,au2312C504,6.24,0.0,0.0,0.0,2,6.3,6.36,1,6.24,6.3,0.0,0.0,0.0,0.0,182
2023-05-10 21:08:19,au2312C504,au2312C504,6.24,0.0,0.0,0.0,2,6.3,6.36,1,6.24,6.3,0.0,0.0,0.0,0.0,182
2023-05-10 21:08:20,au2312C504,au2312C504,6.24,0.0,0.0,0.0,2,6.3,6.38,1,6.24,6.3,0.0,0.0,0.0,0.0,182
2023-05-10 21:08:24,au2312C504,au2312C504,6.24,0.0,0.0,0.0,2,6.3,6.38,1,6.24,6.3,0.0,0.0,0.0,0.0,182
2023-05-10 21:08:26,au2312C504,au2312C504,6.24,0.0,0.0,0.0,2,6.3,6.38,1,6.24,6.3,0.0,0.0,0.0,0.0,182
2023-05-10 21:08:36,au2312C504,au2312C504,6.24,0.0,0.0,0.0,2,6.3,6.36,1,6.24,6.3,0.0,0.0,0.0,0.0,182
2023-05-10 21:08:36,au2312C504,au2312C504,6.24,0.0,0.0,0.0,2,6.3,6.36,1,6.24,6.3,0.0,0.0,0.0,0.0,182
2023-05-10 21:08:40,au2312C504,au2312C504,6.24,0.0,0.0,0.0,2,6.3,6.34,1,6.24,6.3,0.0,0.0,0.0,0.0,182
2023-05-10 21:08:45,au2312C504,au2312C504,6.24,0.0,0.0,0.0,2,6.3,6.34,1,6.24,6.3,0.0,0.0,0.0,0.0,182
2023-05-10 21:08:48,au2312C504,au2312C504,6.24,0.0,0.0,0.0,2,6.3,6.34,1,6.24,6.3,0.0,0.0,0.0,0.0,182
2023-05-10 21:08:52,au2312C504,au2312C504,6.24,0.0,0.0,0.0,2,6.3,6.34,1,6.24,6.3,0.0,0.0,0.0,0.0,182
2023-05-10 21:08:58,au2312C504,au2312C504,6.24,0.0,0.0,0.0,2,6.3,6.32,1,6.24,6.3,0.0,0.0,0.0,0.0,182
2023-05-10 21:09:01,au2312C504,au2312C504,6.24,0.0,0.0,0.0,2,6.3,6.34,1,6.24,6.3,0.0,0.0,0.0,0.0,182
2023-05-10 21:09:08,au2312C504,au2312C504,6.24,0.0,0.0,0.0,2,6.3,6.32,1,6.24,6.3,0.0,0.0,0.0,0.0,182
2023-05-10 21:09:11,au2312C504,au2312C504,6.24,0.0,0.0,0.0,2,6.3,6.32,1,6.24,6.3,0.0,0.0,0.0,0.0,182
2023-05-10 21:09:12,au2312C504,au2312C504,6.3,2.0,12600.0,2.0,1,5.92,6.34,1,6.24,6.3,6.3,6.3,2.0,12600.0,184
2023-05-10 21:09:12,au2312C504,au2312C504,6.3,0.0,0.0,0.0,1,6.22,6.34,1,6.24,6.3,6.3,6.3,2.0,12600.0,184
2023-05-10 21:09:13,au2312C504,au2312C504,6.3,0.0,0.0,0.0,1,6.24,6.34,1,6.24,6.3,6.3,6.3,2.0,12600.0,184
2023-05-10 21:09:15,au2312C504,au2312C504,6.3,0.0,0.0,0.0,1,6.24,6.36,1,6.24,6.3,6.3,6.3,2.0,12600.0,184
2023-05-10 21:09:26,au2312C504,au2312C504,6.3,0.0,0.0,0.0,1,6.26,6.36,1,6.24,6.3,6.3,6.3,2.0,12600.0,184
2023-05-10 21:09:28,au2312C504,au2312C504,6.3,0.0,0.0,0.0,1,6.24,6.36,1,6.24,6.3,6.3,6.3,2.0,12600.0,184
2023-05-10 21:09:31,au2312C504,au2312C504,6.3,0.0,0.0,0.0,1,6.26,6.36,1,6.24,6.3,6.3,6.3,2.0,12600.0,184
2023-05-10 21:09:53,au2312C504,au2312C504,6.3,0.0,0.0,0.0,1,6.24,6.36,1,6.24,6.3,6.3,6.3,2.0,12600.0,184
2023-05-10 21:09:56,au2312C504,au2312C504,6.3,0.0,0.0,0.0,1,6.22,6.34,1,6.24,6.3,6.3,6.3,2.0,12600.0,184
2023-05-10 21:10:02,au2312C504,au2312C504,6.3,0.0,0.0,0.0,1,5.92,6.34,1,6.24,6.3,6.3,6.3,2.0,12600.0,184
2023-05-10 21:10:03,au2312C504,au2312C504,6.3,0.0,0.0,0.0,1,6.2,6.32,1,6.24,6.3,6.3,6.3,2.0,12600.0,184
2023-05-10 21:10:04,au2312C504,au2312C504,6.3,0.0,0.0,0.0,1,6.22,6.32,1,6.24,6.3,6.3,6.3,2.0,12600.0,184
2023-05-10 21:10:19,au2312C504,au2312C504,6.3,0.0,0.0,0.0,1,6.22,6.34,1,6.24,6.3,6.3,6.3,2.0,12600.0,184
2023-05-10 21:10:20,au2312C504,au2312C504,6.3,0.0,0.0,0.0,1,6.24,6.34,1,6.24,6.3,6.3,6.3,2.0,12600.0,184
2023-05-10 21:10:44,au2312C504,au2312C504,6.3,0.0,0.0,0.0,1,6.26,6.34,1,6.24,6.3,6.3,6.3,2.0,12600.0,184
2023-05-10 21:10:56,au2312C504,au2312C504,6.3,0.0,0.0,0.0,1,6.26,6.36,1,6.24,6.3,6.3,6.3,2.0,12600.0,184
2023-05-10 21:11:00,au2312C504,au2312C504,6.3,0.0,0.0,0.0,1,6.26,6.34,1,6.24,6.3,6.3,6.3,2.0,12600.0,184
2023-05-10 21:11:02,au2312C504,au2312C504,6.3,0.0,0.0,0.0,1,6.26,6.36,1,6.24,6.3,6.3,6.3,2.0,12600.0,184
2023-05-10 21:11:23,au2312C504,au2312C504,6.3,0.0,0.0,0.0,1,6.26,6.34,1,6.24,6.3,6.3,6.3,2.0,12600.0,184
2023-05-10 21:11:24,au2312C504,au2312C504,6.3,0.0,0.0,0.0,1,6.24,6.34,1,6.24,6.3,6.3,6.3,2.0,12600.0,184
2023-05-10 21:11:37,au2312C504,au2312C504,6.3,0.0,0.0,0.0,1,6.26,6.34,1,6.24,6.3,6.3,6.3,2.0,12600.0,184
2023-05-10 21:11:40,au2312C504,au2312C504,6.3,0.0,0.0,0.0,1,6.24,6.34,1,6.24,6.3,6.3,6.3,2.0,12600.0,184
2023-05-10 21:11:47,au2312C504,au2312C504,6.3,0.0,0.0,0.0,1,6.22,6.32,1,6.24,6.3,6.3,6.3,2.0,12600.0,184
2023-05-10 21:11:47,au2312C504,au2312C504,6.3,0.0,0.0,0.0,1,6.2,6.32,1,6.24,6.3,6.3,6.3,2.0,12600.0,184
2023-05-10 21:11:48,au2312C504,au2312C504,6.3,0.0,0.0,0.0,1,6.2,6.3,1,6.24,6.3,6.3,6.3,2.0,12600.0,184
2023-05-10 21:11:53,au2312C504,au2312C504,6.3,0.0,0.0,0.0,1,6.22,6.3,1,6.24,6.3,6.3,6.3,2.0,12600.0,184
2023-05-10 21:11:57,au2312C504,au2312C504,6.3,0.0,0.0,0.0,1,6.22,6.32,1,6.24,6.3,6.3,6.3,2.0,12600.0,184
2023-05-10 21:12:00,au2312C504,au2312C504,6.3,0.0,0.0,0.0,1,6.24,6.32,1,6.24,6.3,6.3,6.3,2.0,12600.0,184
2023-05-10 21:12:01,au2312C504,au2312C504,6.3,0.0,0.0,0.0,1,6.24,6.34,1,6.24,6.3,6.3,6.3,2.0,12600.0,184
2023-05-10 21:12:02,au2312C504,au2312C504,6.3,0.0,0.0,0.0,1,6.24,6.32,1,6.24,6.3,6.3,6.3,2.0,12600.0,184
2023-05-10 21:12:04,au2312C504,au2312C504,6.3,0.0,0.0,0.0,1,6.24,6.34,1,6.24,6.3,6.3,6.3,2.0,12600.0,184
2023-05-10 21:12:10,au2312C504,au2312C504,6.3,0.0,0.0,0.0,1,6.26,6.34,1,6.24,6.3,6.3,6.3,2.0,12600.0,184
2023-05-10 21:12:11,au2312C504,au2312C504,6.3,0.0,0.0,0.0,1,6.26,6.36,1,6.24,6.3,6.3,6.3,2.0,12600.0,184
2023-05-10 21:12:19,au2312C504,au2312C504,6.3,0.0,0.0,0.0,1,6.26,6.34,1,6.24,6.3,6.3,6.3,2.0,12600.0,184
2023-05-10 21:12:20,au2312C504,au2312C504,6.3,0.0,0.0,0.0,1,6.24,6.34,1,6.24,6.3,6.3,6.3,2.0,12600.0,184
2023-05-10 21:12:43,au2312C504,au2312C504,6.3,0.0,0.0,0.0,1,6.22,6.32,1,6.24,6.3,6.3,6.3,2.0,12600.0,184
2023-05-10 21:12:51,au2312C504,au2312C504,6.3,0.0,0.0,0.0,1,6.24,6.32,1,6.24,6.3,6.3,6.3,2.0,12600.0,184
2023-05-10 21:12:52,au2312C504,au2312C504,6.3,0.0,0.0,0.0,1,6.22,6.32,1,6.24,6.3,6.3,6.3,2.0,12600.0,184
2023-05-10 21:12:59,au2312C504,au2312C504,6.3,0.0,0.0,0.0,1,6.24,6.32,1,6.24,6.3,6.3,6.3,2.0,12600.0,184
2023-05-10 21:13:00,au2312C504,au2312C504,6.3,0.0,0.0,0.0,1,6.24,6.34,1,6.24,6.3,6.3,6.3,2.0,12600.0,184
2023-05-10 21:13:01,au2312C504,au2312C504,6.3,0.0,0.0,0.0,1,6.26,6.34,1,6.24,6.3,6.3,6.3,2.0,12600.0,184
2023-05-10 21:13:05,au2312C504,au2312C504,6.3,0.0,0.0,0.0,1,6.26,6.36,1,6.24,6.3,6.3,6.3,2.0,12600.0,184
2023-05-10 21:13:14,au2312C504,au2312C504,6.3,0.0,0.0,0.0,1,6.28,6.36,1,6.24,6.3,6.3,6.3,2.0,12600.0,184
2023-05-10 21:13:30,au2312C504,au2312C504,6.3,0.0,0.0,0.0,1,6.26,6.36,1,6.24,6.3,6.3,6.3,2.0,12600.0,184
2023-05-10 21:13:31,au2312C504,au2312C504,6.3,0.0,0.0,0.0,1,6.24,6.36,1,6.24,6.3,6.3,6.3,2.0,12600.0,184
2023-05-10 21:13:31,au2312C504,au2312C504,6.3,0.0,0.0,0.0,1,6.24,6.34,1,6.24,6.3,6.3,6.3,2.0,12600.0,184
2023-05-10 21:13:50,au2312C504,au2312C504,6.3,0.0,0.0,0.0,1,6.22,6.32,1,6.24,6.3,6.3,6.3,2.0,12600.0,184
2023-05-10 21:14:12,au2312C504,au2312C504,6.3,0.0,0.0,0.0,1,6.2,6.3,1,6.24,6.3,6.3,6.3,2.0,12600.0,184
2023-05-10 21:14:14,au2312C504,au2312C504,6.3,0.0,0.0,0.0,1,6.22,6.3,1,6.24,6.3,6.3,6.3,2.0,12600.0,184
2023-05-10 21:14:18,au2312C504,au2312C504,6.3,0.0,0.0,0.0,1,6.2,6.3,1,6.24,6.3,6.3,6.3,2.0,12600.0,184
2023-05-10 21:14:20,au2312C504,au2312C504,6.3,0.0,0.0,0.0,1,6.22,6.3,1,6.24,6.3,6.3,6.3,2.0,12600.0,184
2023-05-10 21:14:29,au2312C504,au2312C504,6.3,0.0,0.0,0.0,1,6.2,6.3,1,6.24,6.3,6.3,6.3,2.0,12600.0,184
2023-05-10 21:14:38,au2312C504,au2312C504,6.3,0.0,0.0,0.0,1,6.22,6.3,1,6.24,6.3,6.3,6.3,2.0,12600.0,184
2023-05-10 21:14:45,au2312C504,au2312C504,6.3,0.0,0.0,0.0,1,6.22,6.32,1,6.24,6.3,6.3,6.3,2.0,12600.0,184
2023-05-10 21:14:48,au2312C504,au2312C504,6.3,0.0,0.0,0.0,1,6.22,6.3,1,6.24,6.3,6.3,6.3,2.0,12600.0,184
2023-05-10 21:14:48,au2312C504,au2312C504,6.3,0.0,0.0,0.0,1,6.2,6.3,1,6.24,6.3,6.3,6.3,2.0,12600.0,184
2023-05-10 21:14:55,au2312C504,au2312C504,6.3,0.0,0.0,0.0,1,5.92,6.3,1,6.24,6.3,6.3,6.3,2.0,12600.0,184
2023-05-10 21:14:56,au2312C504,au2312C504,6.3,0.0,0.0,0.0,1,6.18,6.3,1,6.24,6.3,6.3,6.3,2.0,12600.0,184
2023-05-10 21:14:57,au2312C504,au2312C504,6.3,0.0,0.0,0.0,1,6.2,6.3,1,6.24,6.3,6.3,6.3,2.0,12600.0,184
2023-05-10 21:14:59,au2312C504,au2312C504,6.3,0.0,0.0,0.0,1,6.22,6.32,1,6.24,6.3,6.3,6.3,2.0,12600.0,184
2023-05-10 21:15:00,au2312C504,au2312C504,6.3,0.0,0.0,0.0,1,6.2,6.32,1,6.24,6.3,6.3,6.3,2.0,12600.0,184
2023-05-10 21:15:03,au2312C504,au2312C504,6.3,0.0,0.0,0.0,1,6.22,6.32,1,6.24,6.3,6.3,6.3,2.0,12600.0,184
2023-05-10 21:15:19,au2312C504,au2312C504,6.3,0.0,0.0,0.0,1,6.24,6.32,1,6.24,6.3,6.3,6.3,2.0,12600.0,184
2023-05-10 21:15:21,au2312C504,au2312C504,6.3,0.0,0.0,0.0,1,6.24,6.34,1,6.24,6.3,6.3,6.3,2.0,12600.0,184
2023-05-10 21:15:24,au2312C504,au2312C504,6.3,0.0,0.0,0.0,1,6.26,6.34,1,6.24,6.3,6.3,6.3,2.0,12600.0,184
2023-05-10 21:15:28,au2312C504,au2312C504,6.3,0.0,0.0,0.0,1,6.24,6.34,1,6.24,6.3,6.3,6.3,2.0,12600.0,184
2023-05-10 21:15:31,au2312C504,au2312C504,6.3,0.0,0.0,0.0,1,6.26,6.34,1,6.24,6.3,6.3,6.3,2.0,12600.0,184
2023-05-10 21:15:35,au2312C504,au2312C504,6.3,0.0,0.0,0.0,1,6.24,6.34,1,6.24,6.3,6.3,6.3,2.0,12600.0,184
2023-05-10 21:15:38,au2312C504,au2312C504,6.3,0.0,0.0,0.0,1,6.24,6.32,1,6.24,6.3,6.3,6.3,2.0,12600.0,184
2023-05-10 21:15:40,au2312C504,au2312C504,6.3,0.0,0.0,0.0,1,6.22,6.32,1,6.24,6.3,6.3,6.3,2.0,12600.0,184
2023-05-10 21:15:41,au2312C504,au2312C504,6.3,0.0,0.0,0.0,1,6.24,6.32,1,6.24,6.3,6.3,6.3,2.0,12600.0,184
2023-05-10 21:15:42,au2312C504,au2312C504,6.3,0.0,0.0,0.0,1,6.24,6.34,1,6.24,6.3,6.3,6.3,2.0,12600.0,184
2023-05-10 21:15:46,au2312C504,au2312C504,6.3,0.0,0.0,0.0,1,6.26,6.34,1,6.24,6.3,6.3,6.3,2.0,12600.0,184
2023-05-10 21:15:50,au2312C504,au2312C504,6.3,0.0,0.0,0.0,1,6.24,6.34,1,6.24,6.3,6.3,6.3,2.0,12600.0,184
2023-05-10 21:15:50,au2312C504,au2312C504,6.3,0.0,0.0,0.0,1,6.22,6.34,1,6.24,6.3,6.3,6.3,2.0,12600.0,184
2023-05-10 21:15:52,au2312C504,au2312C504,6.3,0.0,0.0,0.0,1,6.22,6.32,1,6.24,6.3,6.3,6.3,2.0,12600.0,184
2023-05-10 21:15:57,au2312C504,au2312C504,6.3,0.0,0.0,0.0,1,6.24,6.32,1,6.24,6.3,6.3,6.3,2.0,12600.0,184
2023-05-10 21:16:03,au2312C504,au2312C504,6.3,0.0,0.0,0.0,1,6.24,6.34,1,6.24,6.3,6.3,6.3,2.0,12600.0,184
2023-05-10 21:16:04,au2312C504,au2312C504,6.3,0.0,0.0,0.0,1,6.26,6.34,1,6.24,6.3,6.3,6.3,2.0,12600.0,184
2023-05-10 21:16:09,au2312C504,au2312C504,6.3,0.0,0.0,0.0,1,6.26,6.36,1,6.24,6.3,6.3,6.3,2.0,12600.0,184
2023-05-10 21:16:12,au2312C504,au2312C504,6.3,0.0,0.0,0.0,1,6.26,6.34,1,6.24,6.3,6.3,6.3,2.0,12600.0,184
2023-05-10 21:16:18,au2312C504,au2312C504,6.3,0.0,0.0,0.0,1,6.24,6.34,1,6.24,6.3,6.3,6.3,2.0,12600.0,184
2023-05-10 21:16:26,au2312C504,au2312C504,6.3,0.0,0.0,0.0,1,6.24,6.32,1,6.24,6.3,6.3,6.3,2.0,12600.0,184
2023-05-10 21:16:30,au2312C504,au2312C504,6.3,0.0,0.0,0.0,1,6.24,6.34,1,6.24,6.3,6.3,6.3,2.0,12600.0,184
2023-05-10 21:16:32,au2312C504,au2312C504,6.3,0.0,0.0,0.0,1,6.24,6.32,1,6.24,6.3,6.3,6.3,2.0,12600.0,184
2023-05-10 21:16:36,au2312C504,au2312C504,6.3,0.0,0.0,0.0,1,6.22,6.32,1,6.24,6.3,6.3,6.3,2.0,12600.0,184
2023-05-10 21:16:46,au2312C504,au2312C504,6.3,0.0,0.0,0.0,1,6.22,6.3,1,6.24,6.3,6.3,6.3,2.0,12600.0,184
2023-05-10 21:17:09,au2312C504,au2312C504,6.3,0.0,0.0,0.0,1,6.22,6.32,1,6.24,6.3,6.3,6.3,2.0,12600.0,184
2023-05-10 21:17:14,au2312C504,au2312C504,6.3,0.0,0.0,0.0,1,6.22,6.3,1,6.24,6.3,6.3,6.3,2.0,12600.0,184
2023-05-10 21:17:15,au2312C504,au2312C504,6.3,0.0,0.0,0.0,1,6.2,6.3,1,6.24,6.3,6.3,6.3,2.0,12600.0,184
2023-05-10 21:17:17,au2312C504,au2312C504,6.3,0.0,0.0,0.0,1,6.2,6.28,1,6.24,6.3,6.3,6.3,2.0,12600.0,184
2023-05-10 21:17:23,au2312C504,au2312C504,6.3,0.0,0.0,0.0,1,6.18,6.28,1,6.24,6.3,6.3,6.3,2.0,12600.0,184
2023-05-10 21:17:29,au2312C504,au2312C504,6.3,0.0,0.0,0.0,1,6.2,6.28,1,6.24,6.3,6.3,6.3,2.0,12600.0,184
2023-05-10 21:17:32,au2312C504,au2312C504,6.3,0.0,0.0,0.0,1,6.2,6.3,1,6.24,6.3,6.3,6.3,2.0,12600.0,184
2023-05-10 21:17:36,au2312C504,au2312C504,6.3,0.0,0.0,0.0,1,6.22,6.3,1,6.24,6.3,6.3,6.3,2.0,12600.0,184
2023-05-10 21:17:38,au2312C504,au2312C504,6.3,0.0,0.0,0.0,1,6.2,6.3,1,6.24,6.3,6.3,6.3,2.0,12600.0,184
2023-05-10 21:17:42,au2312C504,au2312C504,6.3,0.0,0.0,0.0,1,6.22,6.3,1,6.24,6.3,6.3,6.3,2.0,12600.0,184
2023-05-10 21:17:54,au2312C504,au2312C504,6.3,0.0,0.0,0.0,1,6.2,6.3,1,6.24,6.3,6.3,6.3,2.0,12600.0,184
2023-05-10 21:18:00,au2312C504,au2312C504,6.3,0.0,0.0,0.0,1,6.2,6.28,1,6.24,6.3,6.3,6.3,2.0,12600.0,184
2023-05-10 21:18:02,au2312C504,au2312C504,6.3,0.0,0.0,0.0,1,6.2,6.3,1,6.24,6.3,6.3,6.3,2.0,12600.0,184
2023-05-10 21:18:03,au2312C504,au2312C504,6.3,0.0,0.0,0.0,1,6.22,6.32,1,6.24,6.3,6.3,6.3,2.0,12600.0,184
2023-05-10 21:18:28,au2312C504,au2312C504,6.3,0.0,0.0,0.0,1,6.22,6.3,1,6.24,6.3,6.3,6.3,2.0,12600.0,184
2023-05-10 21:18:37,au2312C504,au2312C504,6.3,0.0,0.0,0.0,1,6.22,6.32,1,6.24,6.3,6.3,6.3,2.0,12600.0,184
2023-05-10 21:18:47,au2312C504,au2312C504,6.3,0.0,0.0,0.0,1,6.24,6.32,1,6.24,6.3,6.3,6.3,2.0,12600.0,184
2023-05-10 21:18:55,au2312C504,au2312C504,6.3,0.0,0.0,0.0,1,6.22,6.32,1,6.24,6.3,6.3,6.3,2.0,12600.0,184
2023-05-10 21:19:18,au2312C504,au2312C504,6.3,0.0,0.0,0.0,1,6.22,6.3,1,6.24,6.3,6.3,6.3,2.0,12600.0,184
2023-05-10 21:19:32,au2312C504,au2312C504,6.3,0.0,0.0,0.0,1,6.22,6.32,1,6.24,6.3,6.3,6.3,2.0,12600.0,184
2023-05-10 21:19:35,au2312C504,au2312C504,6.3,0.0,0.0,0.0,1,6.22,6.3,1,6.24,6.3,6.3,6.3,2.0,12600.0,184
2023-05-10 21:19:36,au2312C504,au2312C504,6.3,0.0,0.0,0.0,1,6.2,6.3,1,6.24,6.3,6.3,6.3,2.0,12600.0,184
2023-05-10 21:19:42,au2312C504,au2312C504,6.3,0.0,0.0,0.0,1,6.24,6.3,1,6.24,6.3,6.3,6.3,2.0,12600.0,184
2023-05-10 21:19:44,au2312C504,au2312C504,6.3,0.0,0.0,0.0,1,6.24,6.3,1,6.24,6.3,6.3,6.3,2.0,12600.0,184
2023-05-10 21:19:44,au2312C504,au2312C504,6.3,0.0,0.0,0.0,1,6.24,6.32,1,6.24,6.3,6.3,6.3,2.0,12600.0,184
2023-05-10 21:19:48,au2312C504,au2312C504,6.3,0.0,0.0,0.0,1,6.24,6.3,1,6.24,6.3,6.3,6.3,2.0,12600.0,184
2023-05-10 21:19:58,au2312C504,au2312C504,6.3,0.0,0.0,0.0,1,6.24,6.32,1,6.24,6.3,6.3,6.3,2.0,12600.0,184
2023-05-10 21:20:01,au2312C504,au2312C504,6.3,0.0,0.0,0.0,2,6.24,6.32,1,6.24,6.3,6.3,6.3,2.0,12600.0,184
2023-05-10 21:20:07,au2312C504,au2312C504,6.3,0.0,0.0,0.0,1,6.24,6.32,1,6.24,6.3,6.3,6.3,2.0,12600.0,184
2023-05-10 21:20:08,au2312C504,au2312C504,6.3,0.0,0.0,0.0,1,6.24,6.3,1,6.24,6.3,6.3,6.3,2.0,12600.0,184
2023-05-10 21:20:11,au2312C504,au2312C504,6.3,0.0,0.0,0.0,1,6.24,6.32,1,6.24,6.3,6.3,6.3,2.0,12600.0,184
2023-05-10 21:20:15,au2312C504,au2312C504,6.3,0.0,0.0,0.0,1,6.24,6.3,1,6.24,6.3,6.3,6.3,2.0,12600.0,184
2023-05-10 21:20:24,au2312C504,au2312C504,6.3,0.0,0.0,0.0,1,6.24,6.3,1,6.24,6.3,6.3,6.3,2.0,12600.0,184
2023-05-10 21:20:25,au2312C504,au2312C504,6.3,0.0,0.0,0.0,1,6.24,6.3,1,6.24,6.3,6.3,6.3,2.0,12600.0,184
2023-05-10 21:20:54,au2312C504,au2312C504,6.3,0.0,0.0,0.0,1,6.24,6.32,1,6.24,6.3,6.3,6.3,2.0,12600.0,184
2023-05-10 21:20:59,au2312C504,au2312C504,6.3,0.0,0.0,0.0,1,6.24,6.3,1,6.24,6.3,6.3,6.3,2.0,12600.0,184
2023-05-10 21:21:07,au2312C504,au2312C504,6.3,0.0,0.0,0.0,1,6.24,6.3,1,6.24,6.3,6.3,6.3,2.0,12600.0,184
2023-05-10 21:21:12,au2312C504,au2312C504,6.3,0.0,0.0,0.0,1,6.24,6.3,1,6.24,6.3,6.3,6.3,2.0,12600.0,184
2023-05-10 21:21:13,au2312C504,au2312C504,6.3,0.0,0.0,0.0,1,6.24,6.32,1,6.24,6.3,6.3,6.3,2.0,12600.0,184
2023-05-10 21:21:36,au2312C504,au2312C504,6.3,0.0,0.0,0.0,2,6.24,6.32,1,6.24,6.3,6.3,6.3,2.0,12600.0,184
2023-05-10 21:21:40,au2312C504,au2312C504,6.3,0.0,0.0,0.0,2,6.24,6.34,1,6.24,6.3,6.3,6.3,2.0,12600.0,184
2023-05-10 21:21:52,au2312C504,au2312C504,6.3,0.0,0.0,0.0,1,6.26,6.34,1,6.24,6.3,6.3,6.3,2.0,12600.0,184
2023-05-10 21:21:58,au2312C504,au2312C504,6.3,0.0,0.0,0.0,2,6.24,6.34,1,6.24,6.3,6.3,6.3,2.0,12600.0,184
2023-05-10 21:22:04,au2312C504,au2312C504,6.3,0.0,0.0,0.0,2,6.24,6.32,1,6.24,6.3,6.3,6.3,2.0,12600.0,184
2023-05-10 21:22:10,au2312C504,au2312C504,6.3,0.0,0.0,0.0,2,6.24,6.34,1,6.24,6.3,6.3,6.3,2.0,12600.0,184
2023-05-10 21:22:13,au2312C504,au2312C504,6.3,0.0,0.0,0.0,2,6.24,6.32,1,6.24,6.3,6.3,6.3,2.0,12600.0,184
2023-05-10 21:22:14,au2312C504,au2312C504,6.3,0.0,0.0,0.0,1,6.24,6.32,1,6.24,6.3,6.3,6.3,2.0,12600.0,184
2023-05-10 21:22:18,au2312C504,au2312C504,6.3,0.0,0.0,0.0,1,6.24,6.3,1,6.24,6.3,6.3,6.3,2.0,12600.0,184
2023-05-10 21:22:20,au2312C504,au2312C504,6.3,0.0,0.0,0.0,1,6.24,6.3,1,6.24,6.3,6.3,6.3,2.0,12600.0,184
2023-05-10 21:22:22,au2312C504,au2312C504,6.3,0.0,0.0,0.0,1,6.24,6.3,1,6.24,6.3,6.3,6.3,2.0,12600.0,184
2023-05-10 21:22:26,au2312C504,au2312C504,6.3,0.0,0.0,0.0,1,6.24,6.3,1,6.24,6.3,6.3,6.3,2.0,12600.0,184
2023-05-10 21:22:31,au2312C504,au2312C504,6.3,0.0,0.0,0.0,1,6.24,6.3,1,6.24,6.3,6.3,6.3,2.0,12600.0,184
2023-05-10 21:22:31,au2312C504,au2312C504,6.3,0.0,0.0,0.0,1,6.24,6.32,1,6.24,6.3,6.3,6.3,2.0,12600.0,184
2023-05-10 21:22:43,au2312C504,au2312C504,6.3,0.0,0.0,0.0,1,6.24,6.3,1,6.24,6.3,6.3,6.3,2.0,12600.0,184
2023-05-10 21:22:43,au2312C504,au2312C504,6.3,0.0,0.0,0.0,1,6.24,6.3,1,6.24,6.3,6.3,6.3,2.0,12600.0,184
2023-05-10 21:22:54,au2312C504,au2312C504,6.3,0.0,0.0,0.0,1,6.24,6.28,1,6.24,6.3,6.3,6.3,2.0,12600.0,184
2023-05-10 21:22:55,au2312C504,au2312C504,6.3,0.0,0.0,0.0,1,6.24,6.28,1,6.24,6.3,6.3,6.3,2.0,12600.0,184
2023-05-10 21:23:02,au2312C504,au2312C504,6.3,0.0,0.0,0.0,1,6.24,6.28,1,6.24,6.3,6.3,6.3,2.0,12600.0,184
2023-05-10 21:23:03,au2312C504,au2312C504,6.3,0.0,0.0,0.0,1,6.24,6.28,1,6.24,6.3,6.3,6.3,2.0,12600.0,184
2023-05-10 21:23:07,au2312C504,au2312C504,6.3,0.0,0.0,0.0,1,6.24,6.26,1,6.24,6.3,6.3,6.3,2.0,12600.0,184
2023-05-10 21:23:07,au2312C504,au2312C504,6.3,0.0,0.0,0.0,1,6.24,6.28,1,6.24,6.3,6.3,6.3,2.0,12600.0,184
2023-05-10 21:23:11,au2312C504,au2312C504,6.3,0.0,0.0,0.0,1,6.24,6.26,1,6.24,6.3,6.3,6.3,2.0,12600.0,184
2023-05-10 21:23:13,au2312C504,au2312C504,6.3,0.0,0.0,0.0,1,6.24,6.28,1,6.24,6.3,6.3,6.3,2.0,12600.0,184
2023-05-10 21:23:16,au2312C504,au2312C504,6.3,0.0,0.0,0.0,1,6.24,6.26,1,6.24,6.3,6.3,6.3,2.0,12600.0,184
2023-05-10 21:23:19,au2312C504,au2312C504,6.3,0.0,0.0,0.0,1,6.24,6.26,1,6.24,6.3,6.3,6.3,2.0,12600.0,184
2023-05-10 21:23:24,au2312C504,au2312C504,6.3,0.0,0.0,0.0,1,6.24,6.26,1,6.24,6.3,6.3,6.3,2.0,12600.0,184
2023-05-10 21:23:24,au2312C504,au2312C504,6.3,0.0,0.0,0.0,1,6.24,6.28,1,6.24,6.3,6.3,6.3,2.0,12600.0,184
2023-05-10 21:23:26,au2312C504,au2312C504,6.3,0.0,0.0,0.0,1,6.24,6.26,1,6.24,6.3,6.3,6.3,2.0,12600.0,184
2023-05-10 21:23:33,au2312C504,au2312C504,6.3,0.0,0.0,0.0,1,6.24,6.26,1,6.24,6.3,6.3,6.3,2.0,12600.0,184
2023-05-10 21:23:34,au2312C504,au2312C504,6.24,1.0,6240.0,1.0,1,6.16,6.26,1,6.24,6.3,6.3,6.24,3.0,18840.0,185
2023-05-10 21:23:35,au2312C504,au2312C504,6.24,0.0,0.0,0.0,1,6.18,6.26,1,6.24,6.3,6.3,6.24,3.0,18840.0,185
2023-05-10 21:23:36,au2312C504,au2312C504,6.24,0.0,0.0,0.0,1,6.18,6.28,1,6.24,6.3,6.3,6.24,3.0,18840.0,185
2023-05-10 21:23:43,au2312C504,au2312C504,6.24,0.0,0.0,0.0,1,6.18,6.26,1,6.24,6.3,6.3,6.24,3.0,18840.0,185
2023-05-10 21:23:45,au2312C504,au2312C504,6.24,0.0,0.0,0.0,1,6.18,6.28,1,6.24,6.3,6.3,6.24,3.0,18840.0,185
2023-05-10 21:23:46,au2312C504,au2312C504,6.24,0.0,0.0,0.0,1,6.2,6.28,1,6.24,6.3,6.3,6.24,3.0,18840.0,185
2023-05-10 21:23:49,au2312C504,au2312C504,6.24,0.0,0.0,0.0,1,6.18,6.28,1,6.24,6.3,6.3,6.24,3.0,18840.0,185
2023-05-10 21:23:52,au2312C504,au2312C504,6.24,0.0,0.0,0.0,1,6.2,6.28,1,6.24,6.3,6.3,6.24,3.0,18840.0,185
2023-05-10 21:23:57,au2312C504,au2312C504,6.24,0.0,0.0,0.0,1,6.2,6.3,1,6.24,6.3,6.3,6.24,3.0,18840.0,185
2023-05-10 21:23:59,au2312C504,au2312C504,6.24,0.0,0.0,0.0,1,6.22,6.3,1,6.24,6.3,6.3,6.24,3.0,18840.0,185
2023-05-10 21:24:19,au2312C504,au2312C504,6.24,0.0,0.0,0.0,1,6.22,6.32,1,6.24,6.3,6.3,6.24,3.0,18840.0,185
2023-05-10 21:24:20,au2312C504,au2312C504,6.24,0.0,0.0,0.0,1,6.22,6.3,1,6.24,6.3,6.3,6.24,3.0,18840.0,185
2023-05-10 21:24:28,au2312C504,au2312C504,6.24,0.0,0.0,0.0,1,6.2,6.3,1,6.24,6.3,6.3,6.24,3.0,18840.0,185
2023-05-10 21:24:39,au2312C504,au2312C504,6.24,0.0,0.0,0.0,1,6.22,6.3,1,6.24,6.3,6.3,6.24,3.0,18840.0,185
2023-05-10 21:24:40,au2312C504,au2312C504,6.24,0.0,0.0,0.0,1,6.22,6.32,1,6.24,6.3,6.3,6.24,3.0,18840.0,185
2023-05-10 21:24:41,au2312C504,au2312C504,6.24,0.0,0.0,0.0,1,6.22,6.3,1,6.24,6.3,6.3,6.24,3.0,18840.0,185
2023-05-10 21:24:43,au2312C504,au2312C504,6.24,0.0,0.0,0.0,1,6.2,6.3,1,6.24,6.3,6.3,6.24,3.0,18840.0,185
2023-05-10 21:24:44,au2312C504,au2312C504,6.24,0.0,0.0,0.0,1,6.2,6.28,1,6.24,6.3,6.3,6.24,3.0,18840.0,185
2023-05-10 21:24:45,au2312C504,au2312C504,6.24,0.0,0.0,0.0,1,6.2,6.3,1,6.24,6.3,6.3,6.24,3.0,18840.0,185
2023-05-10 21:24:58,au2312C504,au2312C504,6.24,0.0,0.0,0.0,1,6.22,6.3,1,6.24,6.3,6.3,6.24,3.0,18840.0,185
2023-05-10 21:25:03,au2312C504,au2312C504,6.24,0.0,0.0,0.0,1,6.2,6.3,1,6.24,6.3,6.3,6.24,3.0,18840.0,185
2023-05-10 21:25:12,au2312C504,au2312C504,6.24,0.0,0.0,0.0,1,6.2,6.28,1,6.24,6.3,6.3,6.24,3.0,18840.0,185
2023-05-10 21:25:31,au2312C504,au2312C504,6.24,0.0,0.0,0.0,1,6.2,6.3,1,6.24,6.3,6.3,6.24,3.0,18840.0,185
2023-05-10 21:25:43,au2312C504,au2312C504,6.24,0.0,0.0,0.0,1,6.18,6.28,1,6.24,6.3,6.3,6.24,3.0,18840.0,185
2023-05-10 21:25:47,au2312C504,au2312C504,6.24,0.0,0.0,0.0,1,6.18,6.26,1,6.24,6.3,6.3,6.24,3.0,18840.0,185
2023-05-10 21:25:56,au2312C504,au2312C504,6.24,0.0,0.0,0.0,1,6.18,6.28,1,6.24,6.3,6.3,6.24,3.0,18840.0,185
2023-05-10 21:25:58,au2312C504,au2312C504,6.24,0.0,0.0,0.0,1,6.2,6.3,1,6.24,6.3,6.3,6.24,3.0,18840.0,185
2023-05-10 21:26:13,au2312C504,au2312C504,6.24,0.0,0.0,0.0,1,6.2,6.28,1,6.24,6.3,6.3,6.24,3.0,18840.0,185
2023-05-10 21:26:22,au2312C504,au2312C504,6.24,0.0,0.0,0.0,1,6.2,6.3,1,6.24,6.3,6.3,6.24,3.0,18840.0,185
2023-05-10 21:26:23,au2312C504,au2312C504,6.24,0.0,0.0,0.0,1,6.22,6.3,1,6.24,6.3,6.3,6.24,3.0,18840.0,185
2023-05-10 21:26:26,au2312C504,au2312C504,6.24,0.0,0.0,0.0,1,6.2,6.3,1,6.24,6.3,6.3,6.24,3.0,18840.0,185
2023-05-10 21:26:35,au2312C504,au2312C504,6.24,0.0,0.0,0.0,1,6.2,6.28,1,6.24,6.3,6.3,6.24,3.0,18840.0,185
2023-05-10 21:26:39,au2312C504,au2312C504,6.24,0.0,0.0,0.0,1,6.2,6.3,1,6.24,6.3,6.3,6.24,3.0,18840.0,185
2023-05-10 21:26:45,au2312C504,au2312C504,6.24,0.0,0.0,0.0,1,6.2,6.28,1,6.24,6.3,6.3,6.24,3.0,18840.0,185
2023-05-10 21:26:55,au2312C504,au2312C504,6.24,0.0,0.0,0.0,1,6.18,6.26,1,6.24,6.3,6.3,6.24,3.0,18840.0,185
2023-05-10 21:26:56,au2312C504,au2312C504,6.24,0.0,0.0,0.0,1,6.16,6.26,1,6.24,6.3,6.3,6.24,3.0,18840.0,185
2023-05-10 21:27:01,au2312C504,au2312C504,6.24,0.0,0.0,0.0,1,6.16,6.24,1,6.24,6.3,6.3,6.24,3.0,18840.0,185
2023-05-10 21:27:02,au2312C504,au2312C504,6.24,0.0,0.0,0.0,1,6.14,6.24,1,6.24,6.3,6.3,6.24,3.0,18840.0,185
2023-05-10 21:27:04,au2312C504,au2312C504,6.24,0.0,0.0,0.0,1,6.16,6.24,1,6.24,6.3,6.3,6.24,3.0,18840.0,185
2023-05-10 21:27:09,au2312C504,au2312C504,6.24,0.0,0.0,0.0,1,6.16,6.26,1,6.24,6.3,6.3,6.24,3.0,18840.0,185
2023-05-10 21:27:12,au2312C504,au2312C504,6.24,0.0,0.0,0.0,1,6.18,6.26,1,6.24,6.3,6.3,6.24,3.0,18840.0,185
2023-05-10 21:27:36,au2312C504,au2312C504,6.24,0.0,0.0,0.0,1,6.16,6.26,1,6.24,6.3,6.3,6.24,3.0,18840.0,185
2023-05-10 21:27:44,au2312C504,au2312C504,6.24,0.0,0.0,0.0,1,6.16,6.24,1,6.24,6.3,6.3,6.24,3.0,18840.0,185
2023-05-10 21:27:51,au2312C504,au2312C504,6.24,0.0,0.0,0.0,1,6.16,6.26,1,6.24,6.3,6.3,6.24,3.0,18840.0,185
2023-05-10 21:28:02,au2312C504,au2312C504,6.24,0.0,0.0,0.0,1,6.16,6.24,1,6.24,6.3,6.3,6.24,3.0,18840.0,185
2023-05-10 21:28:09,au2312C504,au2312C504,6.24,0.0,0.0,0.0,1,6.16,6.26,1,6.24,6.3,6.3,6.24,3.0,18840.0,185
2023-05-10 21:28:14,au2312C504,au2312C504,6.24,0.0,0.0,0.0,1,6.18,6.26,1,6.24,6.3,6.3,6.24,3.0,18840.0,185
2023-05-10 21:28:18,au2312C504,au2312C504,6.24,0.0,0.0,0.0,1,6.16,6.26,1,6.24,6.3,6.3,6.24,3.0,18840.0,185
2023-05-10 21:28:21,au2312C504,au2312C504,6.24,0.0,0.0,0.0,1,6.16,6.24,1,6.24,6.3,6.3,6.24,3.0,18840.0,185
2023-05-10 21:28:24,au2312C504,au2312C504,6.24,0.0,0.0,0.0,1,6.14,6.24,1,6.24,6.3,6.3,6.24,3.0,18840.0,185
2023-05-10 21:28:32,au2312C504,au2312C504,6.24,0.0,0.0,0.0,1,6.16,6.24,1,6.24,6.3,6.3,6.24,3.0,18840.0,185
2023-05-10 21:28:44,au2312C504,au2312C504,6.24,0.0,0.0,0.0,1,6.14,6.24,1,6.24,6.3,6.3,6.24,3.0,18840.0,185
2023-05-10 21:28:58,au2312C504,au2312C504,6.24,0.0,0.0,0.0,1,6.16,6.24,1,6.24,6.3,6.3,6.24,3.0,18840.0,185
2023-05-10 21:29:02,au2312C504,au2312C504,6.24,0.0,0.0,0.0,1,6.14,6.24,1,6.24,6.3,6.3,6.24,3.0,18840.0,185
2023-05-10 21:29:04,au2312C504,au2312C504,6.24,0.0,0.0,0.0,1,6.16,6.24,1,6.24,6.3,6.3,6.24,3.0,18840.0,185
2023-05-10 21:29:32,au2312C504,au2312C504,6.24,0.0,0.0,0.0,1,6.14,6.24,1,6.24,6.3,6.3,6.24,3.0,18840.0,185
2023-05-10 21:29:39,au2312C504,au2312C504,6.24,0.0,0.0,0.0,1,6.14,6.22,1,6.24,6.3,6.3,6.24,3.0,18840.0,185
2023-05-10 21:29:53,au2312C504,au2312C504,6.24,0.0,0.0,0.0,1,6.12,6.22,1,6.24,6.3,6.3,6.24,3.0,18840.0,185
2023-05-10 21:29:58,au2312C504,au2312C504,6.24,0.0,0.0,0.0,1,6.12,6.2,1,6.24,6.3,6.3,6.24,3.0,18840.0,185
2023-05-10 21:30:00,au2312C504,au2312C504,6.24,0.0,0.0,0.0,1,6.1,6.2,1,6.24,6.3,6.3,6.24,3.0,18840.0,185
2023-05-10 21:30:01,au2312C504,au2312C504,6.24,0.0,0.0,0.0,1,6.12,6.2,1,6.24,6.3,6.3,6.24,3.0,18840.0,185
2023-05-10 21:30:02,au2312C504,au2312C504,6.24,0.0,0.0,0.0,1,6.1,6.2,1,6.24,6.3,6.3,6.24,3.0,18840.0,185
2023-05-10 21:30:06,au2312C504,au2312C504,6.24,0.0,0.0,0.0,1,6.1,6.18,1,6.24,6.3,6.3,6.24,3.0,18840.0,185
2023-05-10 21:30:07,au2312C504,au2312C504,6.24,0.0,0.0,0.0,1,6.1,6.2,1,6.24,6.3,6.3,6.24,3.0,18840.0,185
2023-05-10 21:30:16,au2312C504,au2312C504,6.24,0.0,0.0,0.0,1,6.12,6.2,1,6.24,6.3,6.3,6.24,3.0,18840.0,185
2023-05-10 21:30:19,au2312C504,au2312C504,6.24,0.0,0.0,0.0,1,6.12,6.22,1,6.24,6.3,6.3,6.24,3.0,18840.0,185
2023-05-10 21:30:25,au2312C504,au2312C504,6.24,0.0,0.0,0.0,1,6.12,6.2,1,6.24,6.3,6.3,6.24,3.0,18840.0,185
2023-05-10 21:30:27,au2312C504,au2312C504,6.24,0.0,0.0,0.0,1,6.14,6.22,1,6.24,6.3,6.3,6.24,3.0,18840.0,185
2023-05-10 21:30:27,au2312C504,au2312C504,6.24,0.0,0.0,0.0,1,6.12,6.22,1,6.24,6.3,6.3,6.24,3.0,18840.0,185
2023-05-10 21:30:36,au2312C504,au2312C504,6.24,0.0,0.0,0.0,1,6.14,6.22,1,6.24,6.3,6.3,6.24,3.0,18840.0,185
2023-05-10 21:30:37,au2312C504,au2312C504,6.24,0.0,0.0,0.0,1,6.14,6.24,1,6.24,6.3,6.3,6.24,3.0,18840.0,185
2023-05-10 21:30:55,au2312C504,au2312C504,6.24,0.0,0.0,0.0,1,6.16,6.24,1,6.24,6.3,6.3,6.24,3.0,18840.0,185
2023-05-10 21:30:56,au2312C504,au2312C504,6.24,0.0,0.0,0.0,1,6.14,6.24,1,6.24,6.3,6.3,6.24,3.0,18840.0,185
2023-05-10 21:31:14,au2312C504,au2312C504,6.24,0.0,0.0,0.0,1,6.16,6.24,1,6.24,6.3,6.3,6.24,3.0,18840.0,185
2023-05-10 21:31:18,au2312C504,au2312C504,6.24,0.0,0.0,0.0,1,6.14,6.24,1,6.24,6.3,6.3,6.24,3.0,18840.0,185
2023-05-10 21:31:18,au2312C504,au2312C504,6.24,0.0,0.0,0.0,1,6.14,6.22,1,6.24,6.3,6.3,6.24,3.0,18840.0,185
2023-05-10 21:31:19,au2312C504,au2312C504,6.24,0.0,0.0,0.0,1,6.14,6.24,1,6.24,6.3,6.3,6.24,3.0,18840.0,185
2023-05-10 21:31:21,au2312C504,au2312C504,6.24,0.0,0.0,0.0,1,6.12,6.22,1,6.24,6.3,6.3,6.24,3.0,18840.0,185
2023-05-10 21:31:35,au2312C504,au2312C504,6.24,0.0,0.0,0.0,1,6.12,6.2,1,6.24,6.3,6.3,6.24,3.0,18840.0,185
2023-05-10 21:31:41,au2312C504,au2312C504,6.24,0.0,0.0,0.0,1,6.12,6.22,1,6.24,6.3,6.3,6.24,3.0,18840.0,185
2023-05-10 21:31:46,au2312C504,au2312C504,6.24,0.0,0.0,0.0,1,6.12,6.2,1,6.24,6.3,6.3,6.24,3.0,18840.0,185
2023-05-10 21:31:49,au2312C504,au2312C504,6.24,0.0,0.0,0.0,1,6.1,6.2,1,6.24,6.3,6.3,6.24,3.0,18840.0,185
2023-05-10 21:31:50,au2312C504,au2312C504,6.24,0.0,0.0,0.0,1,6.08,6.2,1,6.24,6.3,6.3,6.24,3.0,18840.0,185
2023-05-10 21:31:51,au2312C504,au2312C504,6.24,0.0,0.0,0.0,1,6.08,6.18,1,6.24,6.3,6.3,6.24,3.0,18840.0,185
2023-05-10 21:31:58,au2312C504,au2312C504,6.24,0.0,0.0,0.0,1,6.1,6.18,1,6.24,6.3,6.3,6.24,3.0,18840.0,185
2023-05-10 21:32:01,au2312C504,au2312C504,6.24,0.0,0.0,0.0,1,6.08,6.18,1,6.24,6.3,6.3,6.24,3.0,18840.0,185
2023-05-10 21:32:03,au2312C504,au2312C504,6.24,0.0,0.0,0.0,1,6.08,6.16,1,6.24,6.3,6.3,6.24,3.0,18840.0,185
2023-05-10 21:32:17,au2312C504,au2312C504,6.24,0.0,0.0,0.0,1,6.08,6.18,1,6.24,6.3,6.3,6.24,3.0,18840.0,185
2023-05-10 21:32:22,au2312C504,au2312C504,6.24,0.0,0.0,0.0,1,6.1,6.18,1,6.24,6.3,6.3,6.24,3.0,18840.0,185
2023-05-10 21:32:24,au2312C504,au2312C504,6.24,0.0,0.0,0.0,1,6.08,6.18,1,6.24,6.3,6.3,6.24,3.0,18840.0,185
2023-05-10 21:32:30,au2312C504,au2312C504,6.24,0.0,0.0,0.0,1,6.08,6.16,1,6.24,6.3,6.3,6.24,3.0,18840.0,185
2023-05-10 21:32:35,au2312C504,au2312C504,6.24,0.0,0.0,0.0,1,6.06,6.16,1,6.24,6.3,6.3,6.24,3.0,18840.0,185
2023-05-10 21:32:41,au2312C504,au2312C504,6.24,0.0,0.0,0.0,1,6.08,6.16,1,6.24,6.3,6.3,6.24,3.0,18840.0,185
2023-05-10 21:32:41,au2312C504,au2312C504,6.24,0.0,0.0,0.0,1,6.06,6.16,1,6.24,6.3,6.3,6.24,3.0,18840.0,185
2023-05-10 21:32:43,au2312C504,au2312C504,6.24,0.0,0.0,0.0,1,5.92,6.14,1,6.24,6.3,6.3,6.24,3.0,18840.0,185
2023-05-10 21:32:44,au2312C504,au2312C504,6.24,0.0,0.0,0.0,1,6.04,6.14,1,6.24,6.3,6.3,6.24,3.0,18840.0,185
2023-05-10 21:32:50,au2312C504,au2312C504,6.24,0.0,0.0,0.0,1,6.04,6.16,1,6.24,6.3,6.3,6.24,3.0,18840.0,185
2023-05-10 21:32:51,au2312C504,au2312C504,6.24,0.0,0.0,0.0,1,6.06,6.16,1,6.24,6.3,6.3,6.24,3.0,18840.0,185
2023-05-10 21:32:52,au2312C504,au2312C504,6.24,0.0,0.0,0.0,1,6.06,6.14,1,6.24,6.3,6.3,6.24,3.0,18840.0,185
2023-05-10 21:32:56,au2312C504,au2312C504,6.24,0.0,0.0,0.0,1,6.04,6.14,1,6.24,6.3,6.3,6.24,3.0,18840.0,185
2023-05-10 21:33:00,au2312C504,au2312C504,6.24,0.0,0.0,0.0,1,6.04,6.12,1,6.24,6.3,6.3,6.24,3.0,18840.0,185
2023-05-10 21:33:03,au2312C504,au2312C504,6.24,0.0,0.0,0.0,1,6.04,6.14,1,6.24,6.3,6.3,6.24,3.0,18840.0,185
2023-05-10 21:33:06,au2312C504,au2312C504,6.24,0.0,0.0,0.0,1,6.06,6.14,1,6.24,6.3,6.3,6.24,3.0,18840.0,185
2023-05-10 21:33:22,au2312C504,au2312C504,6.24,0.0,0.0,0.0,1,6.06,6.16,1,6.24,6.3,6.3,6.24,3.0,18840.0,185
2023-05-10 21:33:26,au2312C504,au2312C504,6.24,0.0,0.0,0.0,1,6.06,6.14,1,6.24,6.3,6.3,6.24,3.0,18840.0,185
2023-05-10 21:33:31,au2312C504,au2312C504,6.24,0.0,0.0,0.0,1,6.06,6.16,1,6.24,6.3,6.3,6.24,3.0,18840.0,185
2023-05-10 21:33:32,au2312C504,au2312C504,6.24,0.0,0.0,0.0,1,6.08,6.16,1,6.24,6.3,6.3,6.24,3.0,18840.0,185
2023-05-10 21:33:50,au2312C504,au2312C504,6.24,0.0,0.0,0.0,1,6.06,6.16,1,6.24,6.3,6.3,6.24,3.0,18840.0,185
2023-05-10 21:33:56,au2312C504,au2312C504,6.24,0.0,0.0,0.0,1,6.06,6.14,1,6.24,6.3,6.3,6.24,3.0,18840.0,185
2023-05-10 21:34:26,au2312C504,au2312C504,6.24,0.0,0.0,0.0,1,6.08,6.16,1,6.24,6.3,6.3,6.24,3.0,18840.0,185
2023-05-10 21:34:31,au2312C504,au2312C504,6.24,0.0,0.0,0.0,1,6.06,6.16,1,6.24,6.3,6.3,6.24,3.0,18840.0,185
2023-05-10 21:34:37,au2312C504,au2312C504,6.24,0.0,0.0,0.0,1,6.06,6.14,1,6.24,6.3,6.3,6.24,3.0,18840.0,185
2023-05-10 21:34:40,au2312C504,au2312C504,6.24,0.0,0.0,0.0,1,6.04,6.14,1,6.24,6.3,6.3,6.24,3.0,18840.0,185
2023-05-10 21:34:46,au2312C504,au2312C504,6.24,0.0,0.0,0.0,1,6.04,6.12,1,6.24,6.3,6.3,6.24,3.0,18840.0,185
2023-05-10 21:34:52,au2312C504,au2312C504,6.24,0.0,0.0,0.0,1,6.02,6.12,1,6.24,6.3,6.3,6.24,3.0,18840.0,185
2023-05-10 21:34:54,au2312C504,au2312C504,6.24,0.0,0.0,0.0,1,5.92,6.12,1,6.24,6.3,6.3,6.24,3.0,18840.0,185
2023-05-10 21:34:54,au2312C504,au2312C504,6.24,0.0,0.0,0.0,1,5.92,6.1,1,6.24,6.3,6.3,6.24,3.0,18840.0,185
2023-05-10 21:34:55,au2312C504,au2312C504,6.24,0.0,0.0,0.0,1,6.0,6.1,1,6.24,6.3,6.3,6.24,3.0,18840.0,185
2023-05-10 21:34:58,au2312C504,au2312C504,6.24,0.0,0.0,0.0,1,6.02,6.1,1,6.24,6.3,6.3,6.24,3.0,18840.0,185
2023-05-10 21:35:02,au2312C504,au2312C504,6.24,0.0,0.0,0.0,1,6.0,6.1,1,6.24,6.3,6.3,6.24,3.0,18840.0,185
2023-05-10 21:35:06,au2312C504,au2312C504,6.24,0.0,0.0,0.0,1,6.02,6.1,1,6.24,6.3,6.3,6.24,3.0,18840.0,185
2023-05-10 21:35:10,au2312C504,au2312C504,6.24,0.0,0.0,0.0,1,6.02,6.12,1,6.24,6.3,6.3,6.24,3.0,18840.0,185
2023-05-10 21:35:15,au2312C504,au2312C504,6.24,0.0,0.0,0.0,1,6.04,6.12,1,6.24,6.3,6.3,6.24,3.0,18840.0,185
2023-05-10 21:35:22,au2312C504,au2312C504,6.24,0.0,0.0,0.0,1,6.02,6.12,1,6.24,6.3,6.3,6.24,3.0,18840.0,185
2023-05-10 21:35:24,au2312C504,au2312C504,6.24,0.0,0.0,0.0,1,6.04,6.12,1,6.24,6.3,6.3,6.24,3.0,18840.0,185
2023-05-10 21:35:26,au2312C504,au2312C504,6.24,0.0,0.0,0.0,1,6.04,6.14,1,6.24,6.3,6.3,6.24,3.0,18840.0,185
2023-05-10 21:35:27,au2312C504,au2312C504,6.24,0.0,0.0,0.0,1,6.06,6.14,1,6.24,6.3,6.3,6.24,3.0,18840.0,185
2023-05-10 21:35:29,au2312C504,au2312C504,6.24,0.0,0.0,0.0,1,6.04,6.14,1,6.24,6.3,6.3,6.24,3.0,18840.0,185
2023-05-10 21:35:31,au2312C504,au2312C504,6.24,0.0,0.0,0.0,1,6.02,6.12,1,6.24,6.3,6.3,6.24,3.0,18840.0,185
2023-05-10 21:35:33,au2312C504,au2312C504,6.24,0.0,0.0,0.0,1,6.04,6.12,1,6.24,6.3,6.3,6.24,3.0,18840.0,185
2023-05-10 21:35:35,au2312C504,au2312C504,6.24,0.0,0.0,0.0,1,6.04,6.14,1,6.24,6.3,6.3,6.24,3.0,18840.0,185
2023-05-10 21:35:36,au2312C504,au2312C504,6.24,0.0,0.0,0.0,1,6.06,6.14,1,6.24,6.3,6.3,6.24,3.0,18840.0,185
2023-05-10 21:35:47,au2312C504,au2312C504,6.24,0.0,0.0,0.0,1,6.06,6.16,1,6.24,6.3,6.3,6.24,3.0,18840.0,185
2023-05-10 21:35:51,au2312C504,au2312C504,6.24,0.0,0.0,0.0,1,6.06,6.14,1,6.24,6.3,6.3,6.24,3.0,18840.0,185
2023-05-10 21:35:56,au2312C504,au2312C504,6.24,0.0,0.0,0.0,1,6.06,6.16,1,6.24,6.3,6.3,6.24,3.0,18840.0,185
2023-05-10 21:35:57,au2312C504,au2312C504,6.24,0.0,0.0,0.0,1,6.08,6.16,1,6.24,6.3,6.3,6.24,3.0,18840.0,185
2023-05-10 21:35:58,au2312C504,au2312C504,6.24,0.0,0.0,0.0,1,6.06,6.16,1,6.24,6.3,6.3,6.24,3.0,18840.0,185
2023-05-10 21:35:59,au2312C504,au2312C504,6.24,0.0,0.0,0.0,1,6.08,6.16,1,6.24,6.3,6.3,6.24,3.0,18840.0,185
2023-05-10 21:36:02,au2312C504,au2312C504,6.24,0.0,0.0,0.0,1,6.06,6.16,1,6.24,6.3,6.3,6.24,3.0,18840.0,185
2023-05-10 21:36:08,au2312C504,au2312C504,6.24,0.0,0.0,0.0,1,6.08,6.72,1,6.24,6.3,6.3,6.24,3.0,18840.0,185
2023-05-10 21:36:09,au2312C504,au2312C504,6.24,0.0,0.0,0.0,1,6.08,6.18,1,6.24,6.3,6.3,6.24,3.0,18840.0,185
2023-05-10 21:36:13,au2312C504,au2312C504,6.24,0.0,0.0,0.0,1,6.1,6.18,1,6.24,6.3,6.3,6.24,3.0,18840.0,185
2023-05-10 21:36:17,au2312C504,au2312C504,6.24,0.0,0.0,0.0,1,6.08,6.18,1,6.24,6.3,6.3,6.24,3.0,18840.0,185
2023-05-10 21:36:18,au2312C504,au2312C504,6.24,0.0,0.0,0.0,1,6.08,6.16,1,6.24,6.3,6.3,6.24,3.0,18840.0,185
2023-05-10 21:36:23,au2312C504,au2312C504,6.24,0.0,0.0,0.0,1,6.08,6.18,1,6.24,6.3,6.3,6.24,3.0,18840.0,185
2023-05-10 21:36:34,au2312C504,au2312C504,6.24,0.0,0.0,0.0,1,6.1,6.18,1,6.24,6.3,6.3,6.24,3.0,18840.0,185
2023-05-10 21:36:35,au2312C504,au2312C504,6.24,0.0,0.0,0.0,1,6.1,6.2,1,6.24,6.3,6.3,6.24,3.0,18840.0,185
2023-05-10 21:36:38,au2312C504,au2312C504,6.24,0.0,0.0,0.0,2,6.12,6.2,1,6.24,6.3,6.3,6.24,3.0,18840.0,185
2023-05-10 21:36:53,au2312C504,au2312C504,6.24,0.0,0.0,0.0,3,6.12,6.2,1,6.24,6.3,6.3,6.24,3.0,18840.0,185
2023-05-10 21:36:57,au2312C504,au2312C504,6.24,0.0,0.0,0.0,1,6.14,6.72,1,6.24,6.3,6.3,6.24,3.0,18840.0,185
2023-05-10 21:36:57,au2312C504,au2312C504,6.24,0.0,0.0,0.0,3,6.12,6.72,1,6.24,6.3,6.3,6.24,3.0,18840.0,185
2023-05-10 21:36:58,au2312C504,au2312C504,6.24,0.0,0.0,0.0,3,6.12,6.2,1,6.24,6.3,6.3,6.24,3.0,18840.0,185
2023-05-10 21:37:04,au2312C504,au2312C504,6.24,0.0,0.0,0.0,3,6.12,6.22,1,6.24,6.3,6.3,6.24,3.0,18840.0,185
2023-05-10 21:37:05,au2312C504,au2312C504,6.24,0.0,0.0,0.0,1,6.14,6.22,1,6.24,6.3,6.3,6.24,3.0,18840.0,185
2023-05-10 21:37:06,au2312C504,au2312C504,6.24,0.0,0.0,0.0,1,6.14,6.24,1,6.24,6.3,6.3,6.24,3.0,18840.0,185
2023-05-10 21:37:12,au2312C504,au2312C504,6.24,0.0,0.0,0.0,1,6.14,6.22,1,6.24,6.3,6.3,6.24,3.0,18840.0,185
2023-05-10 21:37:18,au2312C504,au2312C504,6.24,0.0,0.0,0.0,1,6.14,6.24,1,6.24,6.3,6.3,6.24,3.0,18840.0,185
2023-05-10 21:37:23,au2312C504,au2312C504,6.24,0.0,0.0,0.0,1,6.16,6.24,1,6.24,6.3,6.3,6.24,3.0,18840.0,185
2023-05-10 21:37:28,au2312C504,au2312C504,6.24,0.0,0.0,0.0,1,6.16,6.26,1,6.24,6.3,6.3,6.24,3.0,18840.0,185
2023-05-10 21:37:32,au2312C504,au2312C504,6.24,0.0,0.0,0.0,1,6.16,6.24,1,6.24,6.3,6.3,6.24,3.0,18840.0,185
2023-05-10 21:37:33,au2312C504,au2312C504,6.24,0.0,0.0,0.0,1,6.16,6.26,1,6.24,6.3,6.3,6.24,3.0,18840.0,185
2023-05-10 21:37:36,au2312C504,au2312C504,6.24,0.0,0.0,0.0,1,6.18,6.72,1,6.24,6.3,6.3,6.24,3.0,18840.0,185
2023-05-10 21:37:37,au2312C504,au2312C504,6.24,0.0,0.0,0.0,1,6.18,6.28,1,6.24,6.3,6.3,6.24,3.0,18840.0,185
2023-05-10 21:37:39,au2312C504,au2312C504,6.24,0.0,0.0,0.0,1,6.18,6.26,1,6.24,6.3,6.3,6.24,3.0,18840.0,185
2023-05-10 21:37:40,au2312C504,au2312C504,6.24,0.0,0.0,0.0,1,6.16,6.26,1,6.24,6.3,6.3,6.24,3.0,18840.0,185
2023-05-10 21:37:42,au2312C504,au2312C504,6.24,0.0,0.0,0.0,1,6.16,6.24,1,6.24,6.3,6.3,6.24,3.0,18840.0,185
2023-05-10 21:37:49,au2312C504,au2312C504,6.24,0.0,0.0,0.0,1,6.16,6.26,1,6.24,6.3,6.3,6.24,3.0,18840.0,185
2023-05-10 21:37:59,au2312C504,au2312C504,6.24,0.0,0.0,0.0,1,6.18,6.26,1,6.24,6.3,6.3,6.24,3.0,18840.0,185
2023-05-10 21:38:02,au2312C504,au2312C504,6.24,0.0,0.0,0.0,1,6.16,6.26,1,6.24,6.3,6.3,6.24,3.0,18840.0,185
2023-05-10 21:38:09,au2312C504,au2312C504,6.24,0.0,0.0,0.0,1,6.16,6.24,1,6.24,6.3,6.3,6.24,3.0,18840.0,185
2023-05-10 21:38:20,au2312C504,au2312C504,6.24,0.0,0.0,0.0,1,6.14,6.24,1,6.24,6.3,6.3,6.24,3.0,18840.0,185
2023-05-10 21:38:25,au2312C504,au2312C504,6.24,0.0,0.0,0.0,1,6.16,6.24,1,6.24,6.3,6.3,6.24,3.0,18840.0,185
2023-05-10 21:38:34,au2312C504,au2312C504,6.24,0.0,0.0,0.0,1,6.14,6.24,1,6.24,6.3,6.3,6.24,3.0,18840.0,185
2023-05-10 21:38:40,au2312C504,au2312C504,6.24,0.0,0.0,0.0,1,6.16,6.24,1,6.24,6.3,6.3,6.24,3.0,18840.0,185
2023-05-10 21:38:41,au2312C504,au2312C504,6.24,0.0,0.0,0.0,1,6.14,6.24,1,6.24,6.3,6.3,6.24,3.0,18840.0,185
2023-05-10 21:38:44,au2312C504,au2312C504,6.24,0.0,0.0,0.0,1,6.14,6.22,1,6.24,6.3,6.3,6.24,3.0,18840.0,185
2023-05-10 21:38:50,au2312C504,au2312C504,6.24,0.0,0.0,0.0,3,6.12,6.22,1,6.24,6.3,6.3,6.24,3.0,18840.0,185
2023-05-10 21:38:58,au2312C504,au2312C504,6.24,0.0,0.0,0.0,3,6.12,6.2,1,6.24,6.3,6.3,6.24,3.0,18840.0,185
2023-05-10 21:38:58,au2312C504,au2312C504,6.24,0.0,0.0,0.0,2,6.12,6.2,1,6.24,6.3,6.3,6.24,3.0,18840.0,185
2023-05-10 21:38:59,au2312C504,au2312C504,6.24,0.0,0.0,0.0,2,6.12,6.2,1,6.24,6.3,6.3,6.24,3.0,18840.0,185
2023-05-10 21:39:00,au2312C504,au2312C504,6.24,0.0,0.0,0.0,2,6.12,6.18,1,6.24,6.3,6.3,6.24,3.0,18840.0,185
2023-05-10 21:39:01,au2312C504,au2312C504,6.24,0.0,0.0,0.0,2,6.12,6.2,1,6.24,6.3,6.3,6.24,3.0,18840.0,185
2023-05-10 21:39:08,au2312C504,au2312C504,6.24,0.0,0.0,0.0,3,6.12,6.2,1,6.24,6.3,6.3,6.24,3.0,18840.0,185
2023-05-10 21:39:09,au2312C504,au2312C504,6.24,0.0,0.0,0.0,3,6.12,6.22,1,6.24,6.3,6.3,6.24,3.0,18840.0,185
2023-05-10 21:39:14,au2312C504,au2312C504,6.24,0.0,0.0,0.0,1,6.14,6.22,1,6.24,6.3,6.3,6.24,3.0,18840.0,185
2023-05-10 21:39:16,au2312C504,au2312C504,6.24,0.0,0.0,0.0,3,6.12,6.22,1,6.24,6.3,6.3,6.24,3.0,18840.0,185
2023-05-10 21:39:18,au2312C504,au2312C504,6.24,0.0,0.0,0.0,3,6.12,6.2,1,6.24,6.3,6.3,6.24,3.0,18840.0,185
2023-05-10 21:39:59,au2312C504,au2312C504,6.24,0.0,0.0,0.0,2,6.12,6.2,1,6.24,6.3,6.3,6.24,3.0,18840.0,185
2023-05-10 21:40:00,au2312C504,au2312C504,6.24,0.0,0.0,0.0,3,6.12,6.2,1,6.24,6.3,6.3,6.24,3.0,18840.0,185
2023-05-10 21:40:01,au2312C504,au2312C504,6.24,0.0,0.0,0.0,2,6.12,6.18,1,6.24,6.3,6.3,6.24,3.0,18840.0,185
2023-05-10 21:40:03,au2312C504,au2312C504,6.24,0.0,0.0,0.0,2,6.12,6.18,1,6.24,6.3,6.3,6.24,3.0,18840.0,185
2023-05-10 21:40:04,au2312C504,au2312C504,6.24,0.0,0.0,0.0,2,6.12,6.16,1,6.24,6.3,6.3,6.24,3.0,18840.0,185
2023-05-10 21:40:05,au2312C504,au2312C504,6.24,0.0,0.0,0.0,2,6.12,6.18,1,6.24,6.3,6.3,6.24,3.0,18840.0,185
2023-05-10 21:40:06,au2312C504,au2312C504,6.24,0.0,0.0,0.0,2,6.12,6.2,1,6.24,6.3,6.3,6.24,3.0,18840.0,185
2023-05-10 21:40:07,au2312C504,au2312C504,6.24,0.0,0.0,0.0,2,6.12,6.18,1,6.24,6.3,6.3,6.24,3.0,18840.0,185
2023-05-10 21:40:08,au2312C504,au2312C504,6.24,0.0,0.0,0.0,2,6.12,6.18,1,6.24,6.3,6.3,6.24,3.0,18840.0,185
2023-05-10 21:40:13,au2312C504,au2312C504,6.24,0.0,0.0,0.0,2,6.12,6.18,1,6.24,6.3,6.3,6.24,3.0,18840.0,185
2023-05-10 21:40:28,au2312C504,au2312C504,6.24,0.0,0.0,0.0,2,6.12,6.2,1,6.24,6.3,6.3,6.24,3.0,18840.0,185
2023-05-10 21:40:29,au2312C504,au2312C504,6.24,0.0,0.0,0.0,2,6.12,6.18,1,6.24,6.3,6.3,6.24,3.0,18840.0,185
2023-05-10 21:40:32,au2312C504,au2312C504,6.24,0.0,0.0,0.0,2,6.12,6.2,1,6.24,6.3,6.3,6.24,3.0,18840.0,185
2023-05-10 21:40:33,au2312C504,au2312C504,6.24,0.0,0.0,0.0,3,6.12,6.2,1,6.24,6.3,6.3,6.24,3.0,18840.0,185
2023-05-10 21:40:41,au2312C504,au2312C504,6.24,0.0,0.0,0.0,3,6.12,6.22,1,6.24,6.3,6.3,6.24,3.0,18840.0,185
2023-05-10 21:40:43,au2312C504,au2312C504,6.24,0.0,0.0,0.0,1,6.14,6.72,1,6.24,6.3,6.3,6.24,3.0,18840.0,185
2023-05-10 21:40:45,au2312C504,au2312C504,6.24,0.0,0.0,0.0,1,6.14,6.24,1,6.24,6.3,6.3,6.24,3.0,18840.0,185
2023-05-10 21:40:46,au2312C504,au2312C504,6.24,0.0,0.0,0.0,1,6.14,6.22,1,6.24,6.3,6.3,6.24,3.0,18840.0,185
2023-05-10 21:40:47,au2312C504,au2312C504,6.24,0.0,0.0,0.0,1,6.14,6.24,1,6.24,6.3,6.3,6.24,3.0,18840.0,185
2023-05-10 21:40:55,au2312C504,au2312C504,6.24,0.0,0.0,0.0,1,6.16,6.24,1,6.24,6.3,6.3,6.24,3.0,18840.0,185
2023-05-10 21:41:01,au2312C504,au2312C504,6.24,0.0,0.0,0.0,1,6.14,6.22,1,6.24,6.3,6.3,6.24,3.0,18840.0,185
2023-05-10 21:41:21,au2312C504,au2312C504,6.24,0.0,0.0,0.0,1,6.14,6.24,1,6.24,6.3,6.3,6.24,3.0,18840.0,185
2023-05-10 21:41:22,au2312C504,au2312C504,6.24,0.0,0.0,0.0,1,6.16,6.24,1,6.24,6.3,6.3,6.24,3.0,18840.0,185
2023-05-10 21:41:24,au2312C504,au2312C504,6.24,0.0,0.0,0.0,1,6.14,6.24,1,6.24,6.3,6.3,6.24,3.0,18840.0,185
2023-05-10 21:41:41,au2312C504,au2312C504,6.24,0.0,0.0,0.0,1,6.16,6.24,1,6.24,6.3,6.3,6.24,3.0,18840.0,185
2023-05-10 21:41:45,au2312C504,au2312C504,6.24,0.0,0.0,0.0,1,6.14,6.24,1,6.24,6.3,6.3,6.24,3.0,18840.0,185
2023-05-10 21:41:52,au2312C504,au2312C504,6.24,0.0,0.0,0.0,1,6.14,6.22,1,6.24,6.3,6.3,6.24,3.0,18840.0,185
2023-05-10 21:42:00,au2312C504,au2312C504,6.24,0.0,0.0,0.0,3,6.12,6.22,1,6.24,6.3,6.3,6.24,3.0,18840.0,185
2023-05-10 21:42:02,au2312C504,au2312C504,6.24,0.0,0.0,0.0,3,6.12,6.2,1,6.24,6.3,6.3,6.24,3.0,18840.0,185
2023-05-10 21:42:07,au2312C504,au2312C504,6.24,0.0,0.0,0.0,2,6.12,6.2,1,6.24,6.3,6.3,6.24,3.0,18840.0,185
2023-05-10 21:42:08,au2312C504,au2312C504,6.24,0.0,0.0,0.0,2,6.12,6.18,1,6.24,6.3,6.3,6.24,3.0,18840.0,185
2023-05-10 21:42:14,au2312C504,au2312C504,6.24,0.0,0.0,0.0,2,6.12,6.18,1,6.24,6.3,6.3,6.24,3.0,18840.0,185
2023-05-10 21:42:15,au2312C504,au2312C504,6.12,2.0,12240.0,2.0,1,5.92,6.18,1,6.24,6.3,6.3,6.12,5.0,31080.0,187
2023-05-10 21:42:15,au2312C504,au2312C504,6.12,0.0,0.0,0.0,1,6.1,6.2,1,6.24,6.3,6.3,6.12,5.0,31080.0,187
2023-05-10 21:42:19,au2312C504,au2312C504,6.12,0.0,0.0,0.0,1,6.1,6.18,1,6.24,6.3,6.3,6.12,5.0,31080.0,187
2023-05-10 21:42:22,au2312C504,au2312C504,6.12,0.0,0.0,0.0,1,6.1,6.2,1,6.24,6.3,6.3,6.12,5.0,31080.0,187
2023-05-10 21:42:27,au2312C504,au2312C504,6.12,0.0,0.0,0.0,1,6.12,6.2,1,6.24,6.3,6.3,6.12,5.0,31080.0,187
2023-05-10 21:42:33,au2312C504,au2312C504,6.12,0.0,0.0,0.0,1,6.1,6.2,1,6.24,6.3,6.3,6.12,5.0,31080.0,187
2023-05-10 21:42:37,au2312C504,au2312C504,6.12,0.0,0.0,0.0,1,6.12,6.2,1,6.24,6.3,6.3,6.12,5.0,31080.0,187
2023-05-10 21:42:44,au2312C504,au2312C504,6.12,0.0,0.0,0.0,1,6.1,6.18,1,6.24,6.3,6.3,6.12,5.0,31080.0,187
2023-05-10 21:42:46,au2312C504,au2312C504,6.12,0.0,0.0,0.0,1,6.1,6.2,1,6.24,6.3,6.3,6.12,5.0,31080.0,187
2023-05-10 21:42:51,au2312C504,au2312C504,6.12,0.0,0.0,0.0,1,6.12,6.2,1,6.24,6.3,6.3,6.12,5.0,31080.0,187
2023-05-10 21:42:54,au2312C504,au2312C504,6.12,0.0,0.0,0.0,1,6.12,6.22,1,6.24,6.3,6.3,6.12,5.0,31080.0,187
2023-05-10 21:42:56,au2312C504,au2312C504,6.12,0.0,0.0,0.0,1,6.12,6.2,1,6.24,6.3,6.3,6.12,5.0,31080.0,187
2023-05-10 21:42:58,au2312C504,au2312C504,6.12,0.0,0.0,0.0,1,6.12,6.22,1,6.24,6.3,6.3,6.12,5.0,31080.0,187
2023-05-10 21:43:00,au2312C504,au2312C504,6.12,0.0,0.0,0.0,1,6.14,6.22,1,6.24,6.3,6.3,6.12,5.0,31080.0,187
2023-05-10 21:43:04,au2312C504,au2312C504,6.12,0.0,0.0,0.0,1,6.12,6.22,1,6.24,6.3,6.3,6.12,5.0,31080.0,187
2023-05-10 21:43:07,au2312C504,au2312C504,6.12,0.0,0.0,0.0,1,6.12,6.2,1,6.24,6.3,6.3,6.12,5.0,31080.0,187
2023-05-10 21:43:09,au2312C504,au2312C504,6.12,0.0,0.0,0.0,1,6.12,6.22,1,6.24,6.3,6.3,6.12,5.0,31080.0,187
2023-05-10 21:43:13,au2312C504,au2312C504,6.12,0.0,0.0,0.0,1,6.14,6.22,1,6.24,6.3,6.3,6.12,5.0,31080.0,187
2023-05-10 21:43:14,au2312C504,au2312C504,6.12,0.0,0.0,0.0,1,6.14,6.72,1,6.24,6.3,6.3,6.12,5.0,31080.0,187
2023-05-10 21:43:14,au2312C504,au2312C504,6.12,0.0,0.0,0.0,1,6.14,6.24,1,6.24,6.3,6.3,6.12,5.0,31080.0,187
2023-05-10 21:43:16,au2312C504,au2312C504,6.12,0.0,0.0,0.0,1,6.14,6.22,1,6.24,6.3,6.3,6.12,5.0,31080.0,187
2023-05-10 21:43:18,au2312C504,au2312C504,6.12,0.0,0.0,0.0,1,6.14,6.24,1,6.24,6.3,6.3,6.12,5.0,31080.0,187
2023-05-10 21:43:22,au2312C504,au2312C504,6.12,0.0,0.0,0.0,1,6.16,6.24,1,6.24,6.3,6.3,6.12,5.0,31080.0,187
2023-05-10 21:43:24,au2312C504,au2312C504,6.12,0.0,0.0,0.0,1,6.16,6.26,1,6.24,6.3,6.3,6.12,5.0,31080.0,187
2023-05-10 21:43:26,au2312C504,au2312C504,6.12,0.0,0.0,0.0,1,6.18,6.26,1,6.24,6.3,6.3,6.12,5.0,31080.0,187
2023-05-10 21:43:34,au2312C504,au2312C504,6.12,0.0,0.0,0.0,1,6.18,6.72,1,6.24,6.3,6.3,6.12,5.0,31080.0,187
2023-05-10 21:43:36,au2312C504,au2312C504,6.12,0.0,0.0,0.0,1,6.18,6.28,1,6.24,6.3,6.3,6.12,5.0,31080.0,187
2023-05-10 21:43:41,au2312C504,au2312C504,6.12,0.0,0.0,0.0,1,6.2,6.28,1,6.24,6.3,6.3,6.12,5.0,31080.0,187
2023-05-10 21:43:52,au2312C504,au2312C504,6.12,0.0,0.0,0.0,1,6.2,6.3,1,6.24,6.3,6.3,6.12,5.0,31080.0,187
2023-05-10 21:43:55,au2312C504,au2312C504,6.12,0.0,0.0,0.0,1,6.22,6.3,1,6.24,6.3,6.3,6.12,5.0,31080.0,187
2023-05-10 21:44:06,au2312C504,au2312C504,6.12,0.0,0.0,0.0,1,6.22,6.32,1,6.24,6.3,6.3,6.12,5.0,31080.0,187
2023-05-10 21:44:17,au2312C504,au2312C504,6.12,0.0,0.0,0.0,1,6.22,6.3,1,6.24,6.3,6.3,6.12,5.0,31080.0,187
2023-05-10 21:44:19,au2312C504,au2312C504,6.12,0.0,0.0,0.0,1,6.22,6.32,1,6.24,6.3,6.3,6.12,5.0,31080.0,187
2023-05-10 21:44:23,au2312C504,au2312C504,6.12,0.0,0.0,0.0,1,6.22,6.3,1,6.24,6.3,6.3,6.12,5.0,31080.0,187
2023-05-10 21:44:37,au2312C504,au2312C504,6.12,0.0,0.0,0.0,1,6.2,6.3,1,6.24,6.3,6.3,6.12,5.0,31080.0,187
2023-05-10 21:44:39,au2312C504,au2312C504,6.12,0.0,0.0,0.0,1,6.22,6.3,1,6.24,6.3,6.3,6.12,5.0,31080.0,187
2023-05-10 21:44:41,au2312C504,au2312C504,6.12,0.0,0.0,0.0,1,6.2,6.3,1,6.24,6.3,6.3,6.12,5.0,31080.0,187
2023-05-10 21:44:43,au2312C504,au2312C504,6.12,0.0,0.0,0.0,1,6.22,6.3,1,6.24,6.3,6.3,6.12,5.0,31080.0,187
2023-05-10 21:45:04,au2312C504,au2312C504,6.12,0.0,0.0,0.0,1,6.2,6.3,1,6.24,6.3,6.3,6.12,5.0,31080.0,187
2023-05-10 21:45:05,au2312C504,au2312C504,6.12,0.0,0.0,0.0,1,6.22,6.3,1,6.24,6.3,6.3,6.12,5.0,31080.0,187
2023-05-10 21:45:12,au2312C504,au2312C504,6.12,0.0,0.0,0.0,1,6.22,6.32,1,6.24,6.3,6.3,6.12,5.0,31080.0,187
2023-05-10 21:45:13,au2312C504,au2312C504,6.12,0.0,0.0,0.0,1,6.24,6.32,1,6.24,6.3,6.3,6.12,5.0,31080.0,187
2023-05-10 21:45:14,au2312C504,au2312C504,6.12,0.0,0.0,0.0,1,6.24,6.72,1,6.24,6.3,6.3,6.12,5.0,31080.0,187
2023-05-10 21:45:16,au2312C504,au2312C504,6.12,0.0,0.0,0.0,1,6.26,6.36,1,6.24,6.3,6.3,6.12,5.0,31080.0,187
2023-05-10 21:45:18,au2312C504,au2312C504,6.12,0.0,0.0,0.0,1,6.26,6.34,1,6.24,6.3,6.3,6.12,5.0,31080.0,187
2023-05-10 21:45:22,au2312C504,au2312C504,6.12,0.0,0.0,0.0,1,6.24,6.34,1,6.24,6.3,6.3,6.12,5.0,31080.0,187
2023-05-10 21:45:27,au2312C504,au2312C504,6.12,0.0,0.0,0.0,1,6.24,6.32,1,6.24,6.3,6.3,6.12,5.0,31080.0,187
2023-05-10 21:45:34,au2312C504,au2312C504,6.12,0.0,0.0,0.0,1,6.22,6.32,1,6.24,6.3,6.3,6.12,5.0,31080.0,187
2023-05-10 21:45:49,au2312C504,au2312C504,6.12,0.0,0.0,0.0,1,6.22,6.3,1,6.24,6.3,6.3,6.12,5.0,31080.0,187
2023-05-10 21:45:51,au2312C504,au2312C504,6.12,0.0,0.0,0.0,1,6.22,6.32,1,6.24,6.3,6.3,6.12,5.0,31080.0,187
2023-05-10 21:46:00,au2312C504,au2312C504,6.12,0.0,0.0,0.0,1,6.24,6.32,1,6.24,6.3,6.3,6.12,5.0,31080.0,187
2023-05-10 21:46:02,au2312C504,au2312C504,6.12,0.0,0.0,0.0,1,6.22,6.32,1,6.24,6.3,6.3,6.12,5.0,31080.0,187
2023-05-10 21:46:11,au2312C504,au2312C504,6.12,0.0,0.0,0.0,1,6.24,6.34,1,6.24,6.3,6.3,6.12,5.0,31080.0,187
2023-05-10 21:46:13,au2312C504,au2312C504,6.12,0.0,0.0,0.0,1,6.26,6.34,1,6.24,6.3,6.3,6.12,5.0,31080.0,187
2023-05-10 21:46:17,au2312C504,au2312C504,6.12,0.0,0.0,0.0,1,6.26,6.36,1,6.24,6.3,6.3,6.12,5.0,31080.0,187
2023-05-10 21:46:25,au2312C504,au2312C504,6.12,0.0,0.0,0.0,1,6.28,6.36,1,6.24,6.3,6.3,6.12,5.0,31080.0,187
2023-05-10 21:46:28,au2312C504,au2312C504,6.12,0.0,0.0,0.0,1,6.28,6.38,1,6.24,6.3,6.3,6.12,5.0,31080.0,187
2023-05-10 21:46:31,au2312C504,au2312C504,6.12,0.0,0.0,0.0,1,6.3,6.38,1,6.24,6.3,6.3,6.12,5.0,31080.0,187
2023-05-10 21:46:32,au2312C504,au2312C504,6.12,0.0,0.0,0.0,1,6.3,6.72,1,6.24,6.3,6.3,6.12,5.0,31080.0,187
2023-05-10 21:46:32,au2312C504,au2312C504,6.12,0.0,0.0,0.0,1,6.3,6.4,1,6.24,6.3,6.3,6.12,5.0,31080.0,187
2023-05-10 21:46:34,au2312C504,au2312C504,6.12,0.0,0.0,0.0,1,6.28,6.38,1,6.24,6.3,6.3,6.12,5.0,31080.0,187
2023-05-10 21:46:39,au2312C504,au2312C504,6.12,0.0,0.0,0.0,1,6.3,6.4,1,6.24,6.3,6.3,6.12,5.0,31080.0,187
2023-05-10 21:46:45,au2312C504,au2312C504,6.12,0.0,0.0,0.0,1,6.32,6.4,1,6.24,6.3,6.3,6.12,5.0,31080.0,187
2023-05-10 21:46:56,au2312C504,au2312C504,6.12,0.0,0.0,0.0,1,6.3,6.4,1,6.24,6.3,6.3,6.12,5.0,31080.0,187
2023-05-10 21:47:05,au2312C504,au2312C504,6.12,0.0,0.0,0.0,1,6.32,6.42,1,6.24,6.3,6.3,6.12,5.0,31080.0,187
2023-05-10 21:47:06,au2312C504,au2312C504,6.12,0.0,0.0,0.0,1,6.32,6.72,1,6.24,6.3,6.3,6.12,5.0,31080.0,187
2023-05-10 21:47:07,au2312C504,au2312C504,6.12,0.0,0.0,0.0,1,6.32,6.42,1,6.24,6.3,6.3,6.12,5.0,31080.0,187
2023-05-10 21:47:09,au2312C504,au2312C504,6.12,0.0,0.0,0.0,1,6.32,6.4,1,6.24,6.3,6.3,6.12,5.0,31080.0,187
2023-05-10 21:47:12,au2312C504,au2312C504,6.12,0.0,0.0,0.0,1,6.32,6.42,1,6.24,6.3,6.3,6.12,5.0,31080.0,187
2023-05-10 21:47:18,au2312C504,au2312C504,6.12,0.0,0.0,0.0,1,6.34,6.42,1,6.24,6.3,6.3,6.12,5.0,31080.0,187
2023-05-10 21:47:19,au2312C504,au2312C504,6.12,0.0,0.0,0.0,1,6.34,6.72,1,6.24,6.3,6.3,6.12,5.0,31080.0,187
2023-05-10 21:47:19,au2312C504,au2312C504,6.12,0.0,0.0,0.0,1,6.34,6.44,1,6.24,6.3,6.3,6.12,5.0,31080.0,187
2023-05-10 21:47:23,au2312C504,au2312C504,6.12,0.0,0.0,0.0,1,6.34,6.42,1,6.24,6.3,6.3,6.12,5.0,31080.0,187
2023-05-10 21:47:24,au2312C504,au2312C504,6.12,0.0,0.0,0.0,1,6.36,6.44,1,6.24,6.3,6.3,6.12,5.0,31080.0,187
2023-05-10 21:47:36,au2312C504,au2312C504,6.12,0.0,0.0,0.0,1,6.34,6.44,1,6.24,6.3,6.3,6.12,5.0,31080.0,187
2023-05-10 21:47:40,au2312C504,au2312C504,6.12,0.0,0.0,0.0,1,6.34,6.42,1,6.24,6.3,6.3,6.12,5.0,31080.0,187
2023-05-10 21:47:44,au2312C504,au2312C504,6.12,0.0,0.0,0.0,1,6.32,6.4,1,6.24,6.3,6.3,6.12,5.0,31080.0,187
2023-05-10 21:47:45,au2312C504,au2312C504,6.12,0.0,0.0,0.0,1,6.32,6.42,1,6.24,6.3,6.3,6.12,5.0,31080.0,187
2023-05-10 21:47:45,au2312C504,au2312C504,6.12,0.0,0.0,0.0,1,6.34,6.42,1,6.24,6.3,6.3,6.12,5.0,31080.0,187
2023-05-10 21:47:51,au2312C504,au2312C504,6.12,0.0,0.0,0.0,1,6.34,6.44,1,6.24,6.3,6.3,6.12,5.0,31080.0,187
2023-05-10 21:47:55,au2312C504,au2312C504,6.12,0.0,0.0,0.0,1,6.36,6.44,1,6.24,6.3,6.3,6.12,5.0,31080.0,187
2023-05-10 21:48:03,au2312C504,au2312C504,6.12,0.0,0.0,0.0,1,6.36,6.46,1,6.24,6.3,6.3,6.12,5.0,31080.0,187
2023-05-10 21:48:05,au2312C504,au2312C504,6.12,0.0,0.0,0.0,1,6.36,6.44,1,6.24,6.3,6.3,6.12,5.0,31080.0,187
2023-05-10 21:48:08,au2312C504,au2312C504,6.12,0.0,0.0,0.0,1,6.36,6.46,1,6.24,6.3,6.3,6.12,5.0,31080.0,187
2023-05-10 21:48:22,au2312C504,au2312C504,6.12,0.0,0.0,0.0,1,6.36,6.44,1,6.24,6.3,6.3,6.12,5.0,31080.0,187
2023-05-10 21:48:24,au2312C504,au2312C504,6.12,0.0,0.0,0.0,1,6.36,6.46,1,6.24,6.3,6.3,6.12,5.0,31080.0,187
2023-05-10 21:48:25,au2312C504,au2312C504,6.12,0.0,0.0,0.0,1,6.38,6.72,1,6.24,6.3,6.3,6.12,5.0,31080.0,187
2023-05-10 21:48:25,au2312C504,au2312C504,6.12,0.0,0.0,0.0,1,6.38,6.5,1,6.24,6.3,6.3,6.12,5.0,31080.0,187
2023-05-10 21:48:27,au2312C504,au2312C504,6.12,0.0,0.0,0.0,1,6.38,6.48,1,6.24,6.3,6.3,6.12,5.0,31080.0,187
2023-05-10 21:48:37,au2312C504,au2312C504,6.12,0.0,0.0,0.0,1,6.38,6.46,1,6.24,6.3,6.3,6.12,5.0,31080.0,187
2023-05-10 21:48:37,au2312C504,au2312C504,6.12,0.0,0.0,0.0,1,6.36,6.46,1,6.24,6.3,6.3,6.12,5.0,31080.0,187
2023-05-10 21:48:39,au2312C504,au2312C504,6.12,0.0,0.0,0.0,1,6.38,6.46,1,6.24,6.3,6.3,6.12,5.0,31080.0,187
2023-05-10 21:48:50,au2312C504,au2312C504,6.12,0.0,0.0,0.0,1,6.36,6.46,1,6.24,6.3,6.3,6.12,5.0,31080.0,187
2023-05-10 21:48:52,au2312C504,au2312C504,6.12,0.0,0.0,0.0,1,6.36,6.44,1,6.24,6.3,6.3,6.12,5.0,31080.0,187
2023-05-10 21:48:52,au2312C504,au2312C504,6.12,0.0,0.0,0.0,1,6.34,6.44,1,6.24,6.3,6.3,6.12,5.0,31080.0,187
2023-05-10 21:49:03,au2312C504,au2312C504,6.12,0.0,0.0,0.0,1,6.36,6.44,1,6.24,6.3,6.3,6.12,5.0,31080.0,187
2023-05-10 21:49:06,au2312C504,au2312C504,6.12,0.0,0.0,0.0,1,6.36,6.46,1,6.24,6.3,6.3,6.12,5.0,31080.0,187
2023-05-10 21:49:09,au2312C504,au2312C504,6.12,0.0,0.0,0.0,1,6.34,6.46,1,6.24,6.3,6.3,6.12,5.0,31080.0,187
2023-05-10 21:49:10,au2312C504,au2312C504,6.12,0.0,0.0,0.0,1,6.34,6.44,1,6.24,6.3,6.3,6.12,5.0,31080.0,187
2023-05-10 21:49:16,au2312C504,au2312C504,6.12,0.0,0.0,0.0,1,6.36,6.44,1,6.24,6.3,6.3,6.12,5.0,31080.0,187
2023-05-10 21:49:18,au2312C504,au2312C504,6.12,0.0,0.0,0.0,1,6.34,6.44,1,6.24,6.3,6.3,6.12,5.0,31080.0,187
2023-05-10 21:49:22,au2312C504,au2312C504,6.12,0.0,0.0,0.0,1,6.34,6.42,1,6.24,6.3,6.3,6.12,5.0,31080.0,187
2023-05-10 21:49:28,au2312C504,au2312C504,6.12,0.0,0.0,0.0,1,6.34,6.44,1,6.24,6.3,6.3,6.12,5.0,31080.0,187
2023-05-10 21:49:43,au2312C504,au2312C504,6.12,0.0,0.0,0.0,1,6.34,6.42,1,6.24,6.3,6.3,6.12,5.0,31080.0,187
2023-05-10 21:49:48,au2312C504,au2312C504,6.12,0.0,0.0,0.0,1,6.32,6.42,1,6.24,6.3,6.3,6.12,5.0,31080.0,187
2023-05-10 21:49:51,au2312C504,au2312C504,6.12,0.0,0.0,0.0,1,6.34,6.42,1,6.24,6.3,6.3,6.12,5.0,31080.0,187
2023-05-10 21:49:57,au2312C504,au2312C504,6.12,0.0,0.0,0.0,1,6.32,6.42,1,6.24,6.3,6.3,6.12,5.0,31080.0,187
2023-05-10 21:50:00,au2312C504,au2312C504,6.12,0.0,0.0,0.0,1,6.32,6.4,1,6.24,6.3,6.3,6.12,5.0,31080.0,187
2023-05-10 21:50:01,au2312C504,au2312C504,6.12,0.0,0.0,0.0,1,5.92,6.4,1,6.24,6.3,6.3,6.12,5.0,31080.0,187
2023-05-10 21:50:02,au2312C504,au2312C504,6.12,0.0,0.0,0.0,1,6.3,6.4,1,6.24,6.3,6.3,6.12,5.0,31080.0,187
2023-05-10 21:50:02,au2312C504,au2312C504,6.12,0.0,0.0,0.0,1,6.32,6.4,1,6.24,6.3,6.3,6.12,5.0,31080.0,187
2023-05-10 21:50:04,au2312C504,au2312C504,6.12,0.0,0.0,0.0,1,6.3,6.4,1,6.24,6.3,6.3,6.12,5.0,31080.0,187
2023-05-10 21:50:07,au2312C504,au2312C504,6.12,0.0,0.0,0.0,1,6.3,6.38,1,6.24,6.3,6.3,6.12,5.0,31080.0,187
2023-05-10 21:50:13,au2312C504,au2312C504,6.12,0.0,0.0,0.0,1,6.3,6.4,1,6.24,6.3,6.3,6.12,5.0,31080.0,187
2023-05-10 21:50:19,au2312C504,au2312C504,6.12,0.0,0.0,0.0,1,6.3,6.38,1,6.24,6.3,6.3,6.12,5.0,31080.0,187
2023-05-10 21:50:23,au2312C504,au2312C504,6.12,0.0,0.0,0.0,1,6.28,6.38,1,6.24,6.3,6.3,6.12,5.0,31080.0,187
2023-05-10 21:50:28,au2312C504,au2312C504,6.12,0.0,0.0,0.0,1,6.3,6.38,1,6.24,6.3,6.3,6.12,5.0,31080.0,187
2023-05-10 21:50:31,au2312C504,au2312C504,6.12,0.0,0.0,0.0,1,6.3,6.4,1,6.24,6.3,6.3,6.12,5.0,31080.0,187
2023-05-10 21:50:41,au2312C504,au2312C504,6.12,0.0,0.0,0.0,1,6.32,6.4,1,6.24,6.3,6.3,6.12,5.0,31080.0,187
2023-05-10 21:50:41,au2312C504,au2312C504,6.12,0.0,0.0,0.0,1,6.32,6.42,1,6.24,6.3,6.3,6.12,5.0,31080.0,187
2023-05-10 21:50:49,au2312C504,au2312C504,6.12,0.0,0.0,0.0,1,6.34,6.42,1,6.24,6.3,6.3,6.12,5.0,31080.0,187
2023-05-10 21:50:50,au2312C504,au2312C504,6.12,0.0,0.0,0.0,1,6.34,6.44,1,6.24,6.3,6.3,6.12,5.0,31080.0,187
2023-05-10 21:50:59,au2312C504,au2312C504,6.12,0.0,0.0,0.0,1,6.34,6.42,1,6.24,6.3,6.3,6.12,5.0,31080.0,187
2023-05-10 21:51:09,au2312C504,au2312C504,6.12,0.0,0.0,0.0,1,6.32,6.42,1,6.24,6.3,6.3,6.12,5.0,31080.0,187
2023-05-10 21:51:14,au2312C504,au2312C504,6.12,0.0,0.0,0.0,1,6.32,6.4,1,6.24,6.3,6.3,6.12,5.0,31080.0,187
2023-05-10 21:51:18,au2312C504,au2312C504,6.12,0.0,0.0,0.0,1,6.3,6.4,1,6.24,6.3,6.3,6.12,5.0,31080.0,187
2023-05-10 21:51:44,au2312C504,au2312C504,6.12,0.0,0.0,0.0,1,6.32,6.4,1,6.24,6.3,6.3,6.12,5.0,31080.0,187
2023-05-10 21:51:46,au2312C504,au2312C504,6.12,0.0,0.0,0.0,1,6.3,6.4,1,6.24,6.3,6.3,6.12,5.0,31080.0,187
2023-05-10 21:51:51,au2312C504,au2312C504,6.12,0.0,0.0,0.0,1,6.3,6.38,1,6.24,6.3,6.3,6.12,5.0,31080.0,187
2023-05-10 21:51:55,au2312C504,au2312C504,6.12,0.0,0.0,0.0,1,6.28,6.38,1,6.24,6.3,6.3,6.12,5.0,31080.0,187
2023-05-10 21:51:56,au2312C504,au2312C504,6.12,0.0,0.0,0.0,1,5.92,6.38,1,6.24,6.3,6.3,6.12,5.0,31080.0,187
2023-05-10 21:51:56,au2312C504,au2312C504,6.12,0.0,0.0,0.0,1,6.26,6.36,1,6.24,6.3,6.3,6.12,5.0,31080.0,187
2023-05-10 21:51:57,au2312C504,au2312C504,6.12,0.0,0.0,0.0,1,6.26,6.38,1,6.24,6.3,6.3,6.12,5.0,31080.0,187
2023-05-10 21:51:58,au2312C504,au2312C504,6.12,0.0,0.0,0.0,1,6.28,6.38,1,6.24,6.3,6.3,6.12,5.0,31080.0,187
2023-05-10 21:52:00,au2312C504,au2312C504,6.12,0.0,0.0,0.0,1,6.28,6.36,1,6.24,6.3,6.3,6.12,5.0,31080.0,187
2023-05-10 21:52:04,au2312C504,au2312C504,6.12,0.0,0.0,0.0,1,6.28,6.38,1,6.24,6.3,6.3,6.12,5.0,31080.0,187
2023-05-10 21:52:11,au2312C504,au2312C504,6.12,0.0,0.0,0.0,1,6.28,6.36,1,6.24,6.3,6.3,6.12,5.0,31080.0,187
2023-05-10 21:52:28,au2312C504,au2312C504,6.12,0.0,0.0,0.0,1,6.28,6.38,1,6.24,6.3,6.3,6.12,5.0,31080.0,187
2023-05-10 21:52:38,au2312C504,au2312C504,6.12,0.0,0.0,0.0,1,6.28,6.36,1,6.24,6.3,6.3,6.12,5.0,31080.0,187
2023-05-10 21:52:49,au2312C504,au2312C504,6.12,0.0,0.0,0.0,1,6.26,6.36,1,6.24,6.3,6.3,6.12,5.0,31080.0,187
2023-05-10 21:52:51,au2312C504,au2312C504,6.12,0.0,0.0,0.0,1,6.26,6.34,1,6.24,6.3,6.3,6.12,5.0,31080.0,187
2023-05-10 21:52:56,au2312C504,au2312C504,6.12,0.0,0.0,0.0,1,6.26,6.36,1,6.24,6.3,6.3,6.12,5.0,31080.0,187
2023-05-10 21:52:57,au2312C504,au2312C504,6.12,0.0,0.0,0.0,1,6.26,6.34,1,6.24,6.3,6.3,6.12,5.0,31080.0,187
2023-05-10 21:52:59,au2312C504,au2312C504,6.12,0.0,0.0,0.0,1,6.24,6.34,1,6.24,6.3,6.3,6.12,5.0,31080.0,187
2023-05-10 21:53:07,au2312C504,au2312C504,6.12,0.0,0.0,0.0,1,6.26,6.34,1,6.24,6.3,6.3,6.12,5.0,31080.0,187
2023-05-10 21:53:13,au2312C504,au2312C504,6.12,0.0,0.0,0.0,1,6.26,6.36,1,6.24,6.3,6.3,6.12,5.0,31080.0,187
2023-05-10 21:53:14,au2312C504,au2312C504,6.12,0.0,0.0,0.0,1,6.26,6.34,1,6.24,6.3,6.3,6.12,5.0,31080.0,187
2023-05-10 21:53:15,au2312C504,au2312C504,6.12,0.0,0.0,0.0,1,6.26,6.36,1,6.24,6.3,6.3,6.12,5.0,31080.0,187
2023-05-10 21:53:17,au2312C504,au2312C504,6.12,0.0,0.0,0.0,1,6.28,6.36,1,6.24,6.3,6.3,6.12,5.0,31080.0,187
2023-05-10 21:53:24,au2312C504,au2312C504,6.12,0.0,0.0,0.0,1,6.28,6.38,1,6.24,6.3,6.3,6.12,5.0,31080.0,187
2023-05-10 21:53:26,au2312C504,au2312C504,6.12,0.0,0.0,0.0,1,6.3,6.38,1,6.24,6.3,6.3,6.12,5.0,31080.0,187
2023-05-10 21:53:31,au2312C504,au2312C504,6.12,0.0,0.0,0.0,1,6.28,6.38,1,6.24,6.3,6.3,6.12,5.0,31080.0,187
2023-05-10 21:53:37,au2312C504,au2312C504,6.12,0.0,0.0,0.0,1,6.3,6.38,1,6.24,6.3,6.3,6.12,5.0,31080.0,187
2023-05-10 21:54:04,au2312C504,au2312C504,6.12,0.0,0.0,0.0,1,6.3,6.4,1,6.24,6.3,6.3,6.12,5.0,31080.0,187
2023-05-10 21:54:10,au2312C504,au2312C504,6.12,0.0,0.0,0.0,1,6.3,6.38,1,6.24,6.3,6.3,6.12,5.0,31080.0,187
2023-05-10 21:54:20,au2312C504,au2312C504,6.12,0.0,0.0,0.0,1,6.28,6.38,1,6.24,6.3,6.3,6.12,5.0,31080.0,187
2023-05-10 21:54:29,au2312C504,au2312C504,6.12,0.0,0.0,0.0,1,6.3,6.38,1,6.24,6.3,6.3,6.12,5.0,31080.0,187
2023-05-10 21:54:34,au2312C504,au2312C504,6.12,0.0,0.0,0.0,1,6.28,6.38,1,6.24,6.3,6.3,6.12,5.0,31080.0,187
2023-05-10 21:54:38,au2312C504,au2312C504,6.12,0.0,0.0,0.0,1,6.28,6.36,1,6.24,6.3,6.3,6.12,5.0,31080.0,187
2023-05-10 21:54:54,au2312C504,au2312C504,6.12,0.0,0.0,0.0,1,6.28,6.38,1,6.24,6.3,6.3,6.12,5.0,31080.0,187
2023-05-10 21:55:00,au2312C504,au2312C504,6.12,0.0,0.0,0.0,1,6.3,6.38,1,6.24,6.3,6.3,6.12,5.0,31080.0,187
2023-05-10 21:55:01,au2312C504,au2312C504,6.12,0.0,0.0,0.0,1,6.28,6.38,1,6.24,6.3,6.3,6.12,5.0,31080.0,187
2023-05-10 21:55:08,au2312C504,au2312C504,6.12,0.0,0.0,0.0,1,6.28,6.36,1,6.24,6.3,6.3,6.12,5.0,31080.0,187
2023-05-10 21:55:11,au2312C504,au2312C504,6.12,0.0,0.0,0.0,1,6.26,6.36,1,6.24,6.3,6.3,6.12,5.0,31080.0,187
2023-05-10 21:55:30,au2312C504,au2312C504,6.12,0.0,0.0,0.0,1,6.26,6.34,1,6.24,6.3,6.3,6.12,5.0,31080.0,187
2023-05-10 21:55:42,au2312C504,au2312C504,6.12,0.0,0.0,0.0,1,6.26,6.36,1,6.24,6.3,6.3,6.12,5.0,31080.0,187
2023-05-10 21:55:44,au2312C504,au2312C504,6.12,0.0,0.0,0.0,1,6.28,6.36,1,6.24,6.3,6.3,6.12,5.0,31080.0,187
2023-05-10 21:56:00,au2312C504,au2312C504,6.12,0.0,0.0,0.0,1,6.26,6.36,1,6.24,6.3,6.3,6.12,5.0,31080.0,187
2023-05-10 21:56:00,au2312C504,au2312C504,6.12,0.0,0.0,0.0,1,6.26,6.34,1,6.24,6.3,6.3,6.12,5.0,31080.0,187
2023-05-10 21:56:25,au2312C504,au2312C504,6.12,0.0,0.0,0.0,1,6.26,6.36,1,6.24,6.3,6.3,6.12,5.0,31080.0,187
2023-05-10 21:56:30,au2312C504,au2312C504,6.12,0.0,0.0,0.0,1,6.28,6.36,1,6.24,6.3,6.3,6.12,5.0,31080.0,187
2023-05-10 21:56:32,au2312C504,au2312C504,6.12,0.0,0.0,0.0,1,6.26,6.36,1,6.24,6.3,6.3,6.12,5.0,31080.0,187
2023-05-10 21:56:39,au2312C504,au2312C504,6.12,0.0,0.0,0.0,1,6.26,6.34,1,6.24,6.3,6.3,6.12,5.0,31080.0,187
2023-05-10 21:56:44,au2312C504,au2312C504,6.12,0.0,0.0,0.0,1,6.26,6.36,1,6.24,6.3,6.3,6.12,5.0,31080.0,187
2023-05-10 21:56:45,au2312C504,au2312C504,6.12,0.0,0.0,0.0,1,6.26,6.38,1,6.24,6.3,6.3,6.12,5.0,31080.0,187
2023-05-10 21:56:46,au2312C504,au2312C504,6.12,0.0,0.0,0.0,1,6.28,6.38,1,6.24,6.3,6.3,6.12,5.0,31080.0,187
2023-05-10 21:56:46,au2312C504,au2312C504,6.12,0.0,0.0,0.0,1,6.28,6.36,1,6.24,6.3,6.3,6.12,5.0,31080.0,187
2023-05-10 21:57:02,au2312C504,au2312C504,6.12,0.0,0.0,0.0,1,6.28,6.38,1,6.24,6.3,6.3,6.12,5.0,31080.0,187
2023-05-10 21:57:03,au2312C504,au2312C504,6.12,0.0,0.0,0.0,1,6.28,6.36,1,6.24,6.3,6.3,6.12,5.0,31080.0,187
2023-05-10 21:57:09,au2312C504,au2312C504,6.12,0.0,0.0,0.0,1,6.26,6.36,1,6.24,6.3,6.3,6.12,5.0,31080.0,187
2023-05-10 21:57:17,au2312C504,au2312C504,6.12,0.0,0.0,0.0,1,6.28,6.36,1,6.24,6.3,6.3,6.12,5.0,31080.0,187
2023-05-10 21:57:29,au2312C504,au2312C504,6.12,0.0,0.0,0.0,1,6.26,6.36,1,6.24,6.3,6.3,6.12,5.0,31080.0,187
2023-05-10 21:57:39,au2312C504,au2312C504,6.12,0.0,0.0,0.0,1,6.28,6.36,1,6.24,6.3,6.3,6.12,5.0,31080.0,187
2023-05-10 21:57:44,au2312C504,au2312C504,6.12,0.0,0.0,0.0,1,6.26,6.36,1,6.24,6.3,6.3,6.12,5.0,31080.0,187
2023-05-10 21:57:52,au2312C504,au2312C504,6.12,0.0,0.0,0.0,1,6.28,6.36,1,6.24,6.3,6.3,6.12,5.0,31080.0,187
2023-05-10 21:58:04,au2312C504,au2312C504,6.12,0.0,0.0,0.0,1,6.26,6.36,1,6.24,6.3,6.3,6.12,5.0,31080.0,187
2023-05-10 21:58:38,au2312C504,au2312C504,6.12,0.0,0.0,0.0,1,6.26,6.34,1,6.24,6.3,6.3,6.12,5.0,31080.0,187
2023-05-10 21:58:47,au2312C504,au2312C504,6.12,0.0,0.0,0.0,1,6.24,6.34,1,6.24,6.3,6.3,6.12,5.0,31080.0,187
2023-05-10 21:58:49,au2312C504,au2312C504,6.12,0.0,0.0,0.0,1,6.26,6.34,1,6.24,6.3,6.3,6.12,5.0,31080.0,187
2023-05-10 21:58:51,au2312C504,au2312C504,6.12,0.0,0.0,0.0,1,6.24,6.34,1,6.24,6.3,6.3,6.12,5.0,31080.0,187
2023-05-10 21:59:00,au2312C504,au2312C504,6.12,0.0,0.0,0.0,1,6.26,6.34,1,6.24,6.3,6.3,6.12,5.0,31080.0,187
2023-05-10 21:59:03,au2312C504,au2312C504,6.12,0.0,0.0,0.0,1,6.24,6.34,1,6.24,6.3,6.3,6.12,5.0,31080.0,187
2023-05-10 21:59:14,au2312C504,au2312C504,6.12,0.0,0.0,0.0,1,6.26,6.34,1,6.24,6.3,6.3,6.12,5.0,31080.0,187
2023-05-10 21:59:21,au2312C504,au2312C504,6.12,0.0,0.0,0.0,1,6.24,6.34,1,6.24,6.3,6.3,6.12,5.0,31080.0,187
2023-05-10 21:59:40,au2312C504,au2312C504,6.12,0.0,0.0,0.0,1,6.26,6.34,1,6.24,6.3,6.3,6.12,5.0,31080.0,187
2023-05-10 21:59:54,au2312C504,au2312C504,6.12,0.0,0.0,0.0,1,6.26,6.36,1,6.24,6.3,6.3,6.12,5.0,31080.0,187
2023-05-10 22:00:00,au2312C504,au2312C504,6.12,0.0,0.0,0.0,1,6.26,6.34,1,6.24,6.3,6.3,6.12,5.0,31080.0,187
2023-05-10 22:00:02,au2312C504,au2312C504,6.12,0.0,0.0,0.0,1,6.24,6.34,1,6.24,6.3,6.3,6.12,5.0,31080.0,187
2023-05-10 22:00:03,au2312C504,au2312C504,6.12,0.0,0.0,0.0,1,6.24,6.32,1,6.24,6.3,6.3,6.12,5.0,31080.0,187
2023-05-10 22:00:04,au2312C504,au2312C504,6.12,0.0,0.0,0.0,1,6.22,6.32,1,6.24,6.3,6.3,6.12,5.0,31080.0,187
2023-05-10 22:00:06,au2312C504,au2312C504,6.12,0.0,0.0,0.0,1,6.22,6.3,1,6.24,6.3,6.3,6.12,5.0,31080.0,187
2023-05-10 22:00:08,au2312C504,au2312C504,6.12,0.0,0.0,0.0,1,6.22,6.32,1,6.24,6.3,6.3,6.12,5.0,31080.0,187
2023-05-10 22:00:10,au2312C504,au2312C504,6.12,0.0,0.0,0.0,1,6.24,6.32,1,6.24,6.3,6.3,6.12,5.0,31080.0,187
2023-05-10 22:00:16,au2312C504,au2312C504,6.12,0.0,0.0,0.0,1,6.22,6.32,1,6.24,6.3,6.3,6.12,5.0,31080.0,187
2023-05-10 22:00:23,au2312C504,au2312C504,6.12,0.0,0.0,0.0,1,6.22,6.3,1,6.24,6.3,6.3,6.12,5.0,31080.0,187
2023-05-10 22:00:24,au2312C504,au2312C504,6.12,0.0,0.0,0.0,1,6.2,6.3,1,6.24,6.3,6.3,6.12,5.0,31080.0,187
2023-05-10 22:00:29,au2312C504,au2312C504,6.12,0.0,0.0,0.0,1,6.22,6.3,1,6.24,6.3,6.3,6.12,5.0,31080.0,187
2023-05-10 22:00:42,au2312C504,au2312C504,6.12,0.0,0.0,0.0,1,6.22,6.32,1,6.24,6.3,6.3,6.12,5.0,31080.0,187
2023-05-10 22:00:47,au2312C504,au2312C504,6.12,0.0,0.0,0.0,1,6.22,6.3,1,6.24,6.3,6.3,6.12,5.0,31080.0,187
2023-05-10 22:00:49,au2312C504,au2312C504,6.12,0.0,0.0,0.0,1,6.2,6.3,1,6.24,6.3,6.3,6.12,5.0,31080.0,187
2023-05-10 22:01:01,au2312C504,au2312C504,6.12,0.0,0.0,0.0,1,6.2,6.28,1,6.24,6.3,6.3,6.12,5.0,31080.0,187
2023-05-10 22:01:07,au2312C504,au2312C504,6.12,0.0,0.0,0.0,1,6.2,6.3,1,6.24,6.3,6.3,6.12,5.0,31080.0,187
2023-05-10 22:01:08,au2312C504,au2312C504,6.12,0.0,0.0,0.0,1,6.22,6.3,1,6.24,6.3,6.3,6.12,5.0,31080.0,187
2023-05-10 22:01:13,au2312C504,au2312C504,6.12,0.0,0.0,0.0,1,6.22,6.32,1,6.24,6.3,6.3,6.12,5.0,31080.0,187
2023-05-10 22:01:25,au2312C504,au2312C504,6.12,0.0,0.0,0.0,1,6.22,6.3,1,6.24,6.3,6.3,6.12,5.0,31080.0,187
2023-05-10 22:01:37,au2312C504,au2312C504,6.12,0.0,0.0,0.0,1,6.2,6.3,1,6.24,6.3,6.3,6.12,5.0,31080.0,187
2023-05-10 22:01:51,au2312C504,au2312C504,6.12,0.0,0.0,0.0,1,6.22,6.3,1,6.24,6.3,6.3,6.12,5.0,31080.0,187
2023-05-10 22:01:55,au2312C504,au2312C504,6.12,0.0,0.0,0.0,1,6.2,6.3,1,6.24,6.3,6.3,6.12,5.0,31080.0,187
2023-05-10 22:02:01,au2312C504,au2312C504,6.12,0.0,0.0,0.0,1,6.2,6.28,1,6.24,6.3,6.3,6.12,5.0,31080.0,187
2023-05-10 22:02:14,au2312C504,au2312C504,6.12,0.0,0.0,0.0,1,6.2,6.3,1,6.24,6.3,6.3,6.12,5.0,31080.0,187
2023-05-10 22:02:17,au2312C504,au2312C504,6.12,0.0,0.0,0.0,1,6.22,6.3,1,6.24,6.3,6.3,6.12,5.0,31080.0,187
2023-05-10 22:02:20,au2312C504,au2312C504,6.12,0.0,0.0,0.0,1,6.2,6.3,1,6.24,6.3,6.3,6.12,5.0,31080.0,187
2023-05-10 22:02:21,au2312C504,au2312C504,6.12,0.0,0.0,0.0,1,6.22,6.3,1,6.24,6.3,6.3,6.12,5.0,31080.0,187
2023-05-10 22:02:22,au2312C504,au2312C504,6.12,0.0,0.0,0.0,1,6.22,6.32,1,6.24,6.3,6.3,6.12,5.0,31080.0,187
2023-05-10 22:02:23,au2312C504,au2312C504,6.12,0.0,0.0,0.0,1,6.22,6.3,1,6.24,6.3,6.3,6.12,5.0,31080.0,187
2023-05-10 22:02:23,au2312C504,au2312C504,6.12,0.0,0.0,0.0,1,6.2,6.3,1,6.24,6.3,6.3,6.12,5.0,31080.0,187
2023-05-10 22:02:26,au2312C504,au2312C504,6.12,0.0,0.0,0.0,1,6.22,6.3,1,6.24,6.3,6.3,6.12,5.0,31080.0,187
2023-05-10 22:02:41,au2312C504,au2312C504,6.12,0.0,0.0,0.0,1,6.22,6.32,1,6.24,6.3,6.3,6.12,5.0,31080.0,187
2023-05-10 22:02:57,au2312C504,au2312C504,6.12,0.0,0.0,0.0,1,6.24,6.32,1,6.24,6.3,6.3,6.12,5.0,31080.0,187
2023-05-10 22:03:16,au2312C504,au2312C504,6.12,0.0,0.0,0.0,1,6.22,6.32,1,6.24,6.3,6.3,6.12,5.0,31080.0,187
2023-05-10 22:03:32,au2312C504,au2312C504,6.12,0.0,0.0,0.0,1,6.2,6.32,1,6.24,6.3,6.3,6.12,5.0,31080.0,187
2023-05-10 22:04:00,au2312C504,au2312C504,6.12,0.0,0.0,0.0,1,6.22,6.32,1,6.24,6.3,6.3,6.12,5.0,31080.0,187
2023-05-10 22:04:04,au2312C504,au2312C504,6.12,0.0,0.0,0.0,1,6.22,6.3,1,6.24,6.3,6.3,6.12,5.0,31080.0,187
2023-05-10 22:04:06,au2312C504,au2312C504,6.12,0.0,0.0,0.0,1,6.2,6.28,1,6.24,6.3,6.3,6.12,5.0,31080.0,187
2023-05-10 22:04:06,au2312C504,au2312C504,6.12,0.0,0.0,0.0,1,5.92,6.28,1,6.24,6.3,6.3,6.12,5.0,31080.0,187
2023-05-10 22:04:07,au2312C504,au2312C504,6.12,0.0,0.0,0.0,1,6.18,6.28,1,6.24,6.3,6.3,6.12,5.0,31080.0,187
2023-05-10 22:04:13,au2312C504,au2312C504,6.12,0.0,0.0,0.0,1,6.2,6.28,1,6.24,6.3,6.3,6.12,5.0,31080.0,187
2023-05-10 22:04:17,au2312C504,au2312C504,6.12,0.0,0.0,0.0,1,6.2,6.3,1,6.24,6.3,6.3,6.12,5.0,31080.0,187
2023-05-10 22:04:28,au2312C504,au2312C504,6.12,0.0,0.0,0.0,1,6.22,6.3,1,6.24,6.3,6.3,6.12,5.0,31080.0,187
2023-05-10 22:04:36,au2312C504,au2312C504,6.12,0.0,0.0,0.0,1,6.2,6.3,1,6.24,6.3,6.3,6.12,5.0,31080.0,187
2023-05-10 22:04:40,au2312C504,au2312C504,6.12,0.0,0.0,0.0,1,6.22,6.3,1,6.24,6.3,6.3,6.12,5.0,31080.0,187
2023-05-10 22:04:43,au2312C504,au2312C504,6.12,0.0,0.0,0.0,1,6.22,6.32,1,6.24,6.3,6.3,6.12,5.0,31080.0,187
2023-05-10 22:04:59,au2312C504,au2312C504,6.12,0.0,0.0,0.0,1,6.24,6.32,1,6.24,6.3,6.3,6.12,5.0,31080.0,187
2023-05-10 22:05:13,au2312C504,au2312C504,6.12,0.0,0.0,0.0,1,6.24,6.34,1,6.24,6.3,6.3,6.12,5.0,31080.0,187
2023-05-10 22:05:17,au2312C504,au2312C504,6.12,0.0,0.0,0.0,1,6.26,6.34,1,6.24,6.3,6.3,6.12,5.0,31080.0,187
2023-05-10 22:05:21,au2312C504,au2312C504,6.12,0.0,0.0,0.0,1,6.24,6.34,1,6.24,6.3,6.3,6.12,5.0,31080.0,187
2023-05-10 22:05:31,au2312C504,au2312C504,6.12,0.0,0.0,0.0,1,6.24,6.32,1,6.24,6.3,6.3,6.12,5.0,31080.0,187
2023-05-10 22:05:32,au2312C504,au2312C504,6.12,0.0,0.0,0.0,1,6.24,6.34,1,6.24,6.3,6.3,6.12,5.0,31080.0,187
2023-05-10 22:05:37,au2312C504,au2312C504,6.12,0.0,0.0,0.0,1,6.24,6.32,1,6.24,6.3,6.3,6.12,5.0,31080.0,187
2023-05-10 22:05:42,au2312C504,au2312C504,6.12,0.0,0.0,0.0,1,6.24,6.34,1,6.24,6.3,6.3,6.12,5.0,31080.0,187
2023-05-10 22:05:43,au2312C504,au2312C504,6.12,0.0,0.0,0.0,1,6.26,6.34,1,6.24,6.3,6.3,6.12,5.0,31080.0,187
2023-05-10 22:05:52,au2312C504,au2312C504,6.12,0.0,0.0,0.0,1,6.26,6.36,1,6.24,6.3,6.3,6.12,5.0,31080.0,187
2023-05-10 22:06:07,au2312C504,au2312C504,6.12,0.0,0.0,0.0,1,6.28,6.36,1,6.24,6.3,6.3,6.12,5.0,31080.0,187
2023-05-10 22:06:09,au2312C504,au2312C504,6.12,0.0,0.0,0.0,1,6.26,6.36,1,6.24,6.3,6.3,6.12,5.0,31080.0,187
2023-05-10 22:06:14,au2312C504,au2312C504,6.12,0.0,0.0,0.0,1,6.28,6.36,1,6.24,6.3,6.3,6.12,5.0,31080.0,187
2023-05-10 22:06:27,au2312C504,au2312C504,6.12,0.0,0.0,0.0,1,6.26,6.36,1,6.24,6.3,6.3,6.12,5.0,31080.0,187
2023-05-10 22:06:28,au2312C504,au2312C504,6.12,0.0,0.0,0.0,1,6.24,6.36,1,6.24,6.3,6.3,6.12,5.0,31080.0,187
2023-05-10 22:06:30,au2312C504,au2312C504,6.12,0.0,0.0,0.0,1,6.24,6.34,1,6.24,6.3,6.3,6.12,5.0,31080.0,187
2023-05-10 22:06:37,au2312C504,au2312C504,6.12,0.0,0.0,0.0,1,6.26,6.34,1,6.24,6.3,6.3,6.12,5.0,31080.0,187
2023-05-10 22:06:57,au2312C504,au2312C504,6.12,0.0,0.0,0.0,1,6.24,6.34,1,6.24,6.3,6.3,6.12,5.0,31080.0,187
2023-05-10 22:06:58,au2312C504,au2312C504,6.12,0.0,0.0,0.0,1,6.24,6.32,1,6.24,6.3,6.3,6.12,5.0,31080.0,187
2023-05-10 22:06:59,au2312C504,au2312C504,6.12,0.0,0.0,0.0,1,6.24,6.34,1,6.24,6.3,6.3,6.12,5.0,31080.0,187
2023-05-10 22:07:03,au2312C504,au2312C504,6.12,0.0,0.0,0.0,1,6.24,6.32,1,6.24,6.3,6.3,6.12,5.0,31080.0,187
2023-05-10 22:07:10,au2312C504,au2312C504,6.12,0.0,0.0,0.0,1,6.22,6.32,1,6.24,6.3,6.3,6.12,5.0,31080.0,187
2023-05-10 22:08:00,au2312C504,au2312C504,6.12,0.0,0.0,0.0,1,6.24,6.32,1,6.24,6.3,6.3,6.12,5.0,31080.0,187
2023-05-10 22:08:16,au2312C504,au2312C504,6.12,0.0,0.0,0.0,1,6.24,6.34,1,6.24,6.3,6.3,6.12,5.0,31080.0,187
2023-05-10 22:08:18,au2312C504,au2312C504,6.12,0.0,0.0,0.0,1,6.24,6.32,1,6.24,6.3,6.3,6.12,5.0,31080.0,187
2023-05-10 22:08:19,au2312C504,au2312C504,6.12,0.0,0.0,0.0,1,6.24,6.34,1,6.24,6.3,6.3,6.12,5.0,31080.0,187
2023-05-10 22:08:21,au2312C504,au2312C504,6.12,0.0,0.0,0.0,1,6.24,6.32,1,6.24,6.3,6.3,6.12,5.0,31080.0,187
2023-05-10 22:08:22,au2312C504,au2312C504,6.12,0.0,0.0,0.0,1,6.22,6.32,1,6.24,6.3,6.3,6.12,5.0,31080.0,187
2023-05-10 22:08:37,au2312C504,au2312C504,6.12,0.0,0.0,0.0,1,6.24,6.32,1,6.24,6.3,6.3,6.12,5.0,31080.0,187
2023-05-10 22:08:38,au2312C504,au2312C504,6.12,0.0,0.0,0.0,1,6.24,6.34,1,6.24,6.3,6.3,6.12,5.0,31080.0,187
2023-05-10 22:08:59,au2312C504,au2312C504,6.12,0.0,0.0,0.0,1,6.24,6.32,1,6.24,6.3,6.3,6.12,5.0,31080.0,187
2023-05-10 22:09:00,au2312C504,au2312C504,6.12,0.0,0.0,0.0,1,6.22,6.32,1,6.24,6.3,6.3,6.12,5.0,31080.0,187
2023-05-10 22:09:02,au2312C504,au2312C504,6.12,0.0,0.0,0.0,1,6.22,6.3,1,6.24,6.3,6.3,6.12,5.0,31080.0,187
2023-05-10 22:09:03,au2312C504,au2312C504,6.12,0.0,0.0,0.0,1,6.22,6.32,1,6.24,6.3,6.3,6.12,5.0,31080.0,187
2023-05-10 22:09:04,au2312C504,au2312C504,6.12,0.0,0.0,0.0,1,6.22,6.3,1,6.24,6.3,6.3,6.12,5.0,31080.0,187
2023-05-10 22:09:12,au2312C504,au2312C504,6.12,0.0,0.0,0.0,1,6.2,6.3,1,6.24,6.3,6.3,6.12,5.0,31080.0,187
2023-05-10 22:09:35,au2312C504,au2312C504,6.12,0.0,0.0,0.0,1,6.22,6.3,1,6.24,6.3,6.3,6.12,5.0,31080.0,187
2023-05-10 22:09:41,au2312C504,au2312C504,6.12,0.0,0.0,0.0,1,6.2,6.3,1,6.24,6.3,6.3,6.12,5.0,31080.0,187
2023-05-10 22:09:42,au2312C504,au2312C504,6.12,0.0,0.0,0.0,1,6.2,6.3,1,6.24,6.3,6.3,6.12,5.0,31080.0,187
2023-05-10 22:09:52,au2312C504,au2312C504,6.12,0.0,0.0,0.0,1,6.2,6.28,1,6.24,6.3,6.3,6.12,5.0,31080.0,187
2023-05-10 22:10:01,au2312C504,au2312C504,6.12,0.0,0.0,0.0,1,6.18,6.28,1,6.24,6.3,6.3,6.12,5.0,31080.0,187
2023-05-10 22:10:18,au2312C504,au2312C504,6.12,0.0,0.0,0.0,1,6.2,6.28,1,6.24,6.3,6.3,6.12,5.0,31080.0,187
2023-05-10 22:10:57,au2312C504,au2312C504,6.12,0.0,0.0,0.0,1,6.18,6.28,1,6.24,6.3,6.3,6.12,5.0,31080.0,187
2023-05-10 22:11:01,au2312C504,au2312C504,6.12,0.0,0.0,0.0,1,6.18,6.26,1,6.24,6.3,6.3,6.12,5.0,31080.0,187
2023-05-10 22:11:03,au2312C504,au2312C504,6.12,0.0,0.0,0.0,1,6.18,6.28,1,6.24,6.3,6.3,6.12,5.0,31080.0,187
2023-05-10 22:11:05,au2312C504,au2312C504,6.12,0.0,0.0,0.0,1,6.18,6.26,1,6.24,6.3,6.3,6.12,5.0,31080.0,187
2023-05-10 22:11:15,au2312C504,au2312C504,6.12,0.0,0.0,0.0,1,6.18,6.28,1,6.24,6.3,6.3,6.12,5.0,31080.0,187
2023-05-10 22:11:23,au2312C504,au2312C504,6.12,0.0,0.0,0.0,1,6.2,6.28,1,6.24,6.3,6.3,6.12,5.0,31080.0,187
2023-05-10 22:11:30,au2312C504,au2312C504,6.12,0.0,0.0,0.0,1,6.2,6.3,1,6.24,6.3,6.3,6.12,5.0,31080.0,187
2023-05-10 22:11:58,au2312C504,au2312C504,6.12,0.0,0.0,0.0,1,6.2,6.28,1,6.24,6.3,6.3,6.12,5.0,31080.0,187
2023-05-10 22:12:06,au2312C504,au2312C504,6.12,0.0,0.0,0.0,1,6.18,6.28,1,6.24,6.3,6.3,6.12,5.0,31080.0,187
2023-05-10 22:12:20,au2312C504,au2312C504,6.12,0.0,0.0,0.0,1,6.18,6.26,1,6.24,6.3,6.3,6.12,5.0,31080.0,187
2023-05-10 22:12:29,au2312C504,au2312C504,6.12,0.0,0.0,0.0,1,6.18,6.28,1,6.24,6.3,6.3,6.12,5.0,31080.0,187
2023-05-10 22:12:42,au2312C504,au2312C504,6.12,0.0,0.0,0.0,1,6.18,6.26,1,6.24,6.3,6.3,6.12,5.0,31080.0,187
2023-05-10 22:13:02,au2312C504,au2312C504,6.12,0.0,0.0,0.0,1,6.16,6.26,1,6.24,6.3,6.3,6.12,5.0,31080.0,187
2023-05-10 22:13:04,au2312C504,au2312C504,6.12,0.0,0.0,0.0,1,6.16,6.24,1,6.24,6.3,6.3,6.12,5.0,31080.0,187
2023-05-10 22:13:15,au2312C504,au2312C504,6.12,0.0,0.0,0.0,1,6.16,6.26,1,6.24,6.3,6.3,6.12,5.0,31080.0,187
2023-05-10 22:13:26,au2312C504,au2312C504,6.12,0.0,0.0,0.0,1,6.18,6.26,1,6.24,6.3,6.3,6.12,5.0,31080.0,187
2023-05-10 22:13:32,au2312C504,au2312C504,6.12,0.0,0.0,0.0,1,6.18,6.28,1,6.24,6.3,6.3,6.12,5.0,31080.0,187
2023-05-10 22:13:46,au2312C504,au2312C504,6.12,0.0,0.0,0.0,1,6.2,6.28,1,6.24,6.3,6.3,6.12,5.0,31080.0,187
2023-05-10 22:14:09,au2312C504,au2312C504,6.12,0.0,0.0,0.0,1,6.2,6.3,1,6.24,6.3,6.3,6.12,5.0,31080.0,187
2023-05-10 22:14:12,au2312C504,au2312C504,6.12,0.0,0.0,0.0,1,6.22,6.3,1,6.24,6.3,6.3,6.12,5.0,31080.0,187
2023-05-10 22:14:19,au2312C504,au2312C504,6.12,0.0,0.0,0.0,1,6.2,6.3,1,6.24,6.3,6.3,6.12,5.0,31080.0,187
2023-05-10 22:14:20,au2312C504,au2312C504,6.12,0.0,0.0,0.0,1,6.22,6.3,1,6.24,6.3,6.3,6.12,5.0,31080.0,187
2023-05-10 22:14:26,au2312C504,au2312C504,6.12,0.0,0.0,0.0,1,6.2,6.3,1,6.24,6.3,6.3,6.12,5.0,31080.0,187
2023-05-10 22:14:27,au2312C504,au2312C504,6.12,0.0,0.0,0.0,1,6.2,6.28,1,6.24,6.3,6.3,6.12,5.0,31080.0,187
2023-05-10 22:14:37,au2312C504,au2312C504,6.12,0.0,0.0,0.0,1,6.2,6.3,1,6.24,6.3,6.3,6.12,5.0,31080.0,187
2023-05-10 22:14:52,au2312C504,au2312C504,6.12,0.0,0.0,0.0,1,6.2,6.28,1,6.24,6.3,6.3,6.12,5.0,31080.0,187
2023-05-10 22:15:39,au2312C504,au2312C504,6.12,0.0,0.0,0.0,1,6.2,6.3,1,6.24,6.3,6.3,6.12,5.0,31080.0,187
2023-05-10 22:15:55,au2312C504,au2312C504,6.12,0.0,0.0,0.0,1,6.2,6.28,1,6.24,6.3,6.3,6.12,5.0,31080.0,187
2023-05-10 22:16:00,au2312C504,au2312C504,6.12,0.0,0.0,0.0,1,6.18,6.28,1,6.24,6.3,6.3,6.12,5.0,31080.0,187
2023-05-10 22:16:02,au2312C504,au2312C504,6.12,0.0,0.0,0.0,1,6.16,6.26,1,6.24,6.3,6.3,6.12,5.0,31080.0,187
2023-05-10 22:16:04,au2312C504,au2312C504,6.12,0.0,0.0,0.0,1,6.16,6.24,1,6.24,6.3,6.3,6.12,5.0,31080.0,187
2023-05-10 22:16:05,au2312C504,au2312C504,6.12,0.0,0.0,0.0,1,6.16,6.26,1,6.24,6.3,6.3,6.12,5.0,31080.0,187
2023-05-10 22:16:06,au2312C504,au2312C504,6.12,0.0,0.0,0.0,1,6.16,6.24,1,6.24,6.3,6.3,6.12,5.0,31080.0,187
2023-05-10 22:16:07,au2312C504,au2312C504,6.12,0.0,0.0,0.0,1,6.14,6.24,1,6.24,6.3,6.3,6.12,5.0,31080.0,187
2023-05-10 22:16:08,au2312C504,au2312C504,6.12,0.0,0.0,0.0,1,6.16,6.24,1,6.24,6.3,6.3,6.12,5.0,31080.0,187
2023-05-10 22:16:17,au2312C504,au2312C504,6.12,0.0,0.0,0.0,1,6.14,6.24,1,6.24,6.3,6.3,6.12,5.0,31080.0,187
2023-05-10 22:16:20,au2312C504,au2312C504,6.12,0.0,0.0,0.0,1,6.16,6.26,1,6.24,6.3,6.3,6.12,5.0,31080.0,187
2023-05-10 22:16:24,au2312C504,au2312C504,6.12,0.0,0.0,0.0,1,6.16,6.28,1,6.24,6.3,6.3,6.12,5.0,31080.0,187
2023-05-10 22:16:25,au2312C504,au2312C504,6.12,0.0,0.0,0.0,1,6.16,6.26,1,6.24,6.3,6.3,6.12,5.0,31080.0,187
2023-05-10 22:16:26,au2312C504,au2312C504,6.12,0.0,0.0,0.0,1,6.18,6.28,1,6.24,6.3,6.3,6.12,5.0,31080.0,187
2023-05-10 22:16:28,au2312C504,au2312C504,6.12,0.0,0.0,0.0,1,6.2,6.28,1,6.24,6.3,6.3,6.12,5.0,31080.0,187
2023-05-10 22:16:30,au2312C504,au2312C504,6.12,0.0,0.0,0.0,1,6.18,6.28,1,6.24,6.3,6.3,6.12,5.0,31080.0,187
2023-05-10 22:16:33,au2312C504,au2312C504,6.12,0.0,0.0,0.0,1,6.18,6.26,1,6.24,6.3,6.3,6.12,5.0,31080.0,187
2023-05-10 22:16:34,au2312C504,au2312C504,6.12,0.0,0.0,0.0,1,6.18,6.28,1,6.24,6.3,6.3,6.12,5.0,31080.0,187
2023-05-10 22:16:44,au2312C504,au2312C504,6.12,0.0,0.0,0.0,1,6.2,6.28,1,6.24,6.3,6.3,6.12,5.0,31080.0,187
2023-05-10 22:16:49,au2312C504,au2312C504,6.12,0.0,0.0,0.0,1,6.2,6.3,1,6.24,6.3,6.3,6.12,5.0,31080.0,187
2023-05-10 22:16:49,au2312C504,au2312C504,6.12,0.0,0.0,0.0,1,6.2,6.28,1,6.24,6.3,6.3,6.12,5.0,31080.0,187
2023-05-10 22:16:53,au2312C504,au2312C504,6.12,0.0,0.0,0.0,1,6.2,6.3,1,6.24,6.3,6.3,6.12,5.0,31080.0,187
2023-05-10 22:16:57,au2312C504,au2312C504,6.12,0.0,0.0,0.0,1,6.2,6.28,1,6.24,6.3,6.3,6.12,5.0,31080.0,187
2023-05-10 22:16:58,au2312C504,au2312C504,6.12,0.0,0.0,0.0,1,6.2,6.3,1,6.24,6.3,6.3,6.12,5.0,31080.0,187
2023-05-10 22:17:01,au2312C504,au2312C504,6.12,0.0,0.0,0.0,1,6.22,6.3,1,6.24,6.3,6.3,6.12,5.0,31080.0,187
2023-05-10 22:17:02,au2312C504,au2312C504,6.12,0.0,0.0,0.0,1,6.2,6.3,1,6.24,6.3,6.3,6.12,5.0,31080.0,187
2023-05-10 22:17:07,au2312C504,au2312C504,6.12,0.0,0.0,0.0,1,6.22,6.3,1,6.24,6.3,6.3,6.12,5.0,31080.0,187
2023-05-10 22:17:08,au2312C504,au2312C504,6.12,0.0,0.0,0.0,1,6.22,6.32,1,6.24,6.3,6.3,6.12,5.0,31080.0,187
2023-05-10 22:17:09,au2312C504,au2312C504,6.12,0.0,0.0,0.0,1,6.22,6.3,1,6.24,6.3,6.3,6.12,5.0,31080.0,187
2023-05-10 22:17:12,au2312C504,au2312C504,6.12,0.0,0.0,0.0,1,6.2,6.3,1,6.24,6.3,6.3,6.12,5.0,31080.0,187
2023-05-10 22:17:18,au2312C504,au2312C504,6.12,0.0,0.0,0.0,1,6.22,6.32,1,6.24,6.3,6.3,6.12,5.0,31080.0,187
2023-05-10 22:17:25,au2312C504,au2312C504,6.12,0.0,0.0,0.0,1,6.24,6.32,1,6.24,6.3,6.3,6.12,5.0,31080.0,187
2023-05-10 22:17:26,au2312C504,au2312C504,6.12,0.0,0.0,0.0,1,6.24,6.34,1,6.24,6.3,6.3,6.12,5.0,31080.0,187
2023-05-10 22:17:37,au2312C504,au2312C504,6.12,0.0,0.0,0.0,1,6.24,6.32,1,6.24,6.3,6.3,6.12,5.0,31080.0,187
2023-05-10 22:17:44,au2312C504,au2312C504,6.12,0.0,0.0,0.0,1,6.22,6.32,1,6.24,6.3,6.3,6.12,5.0,31080.0,187
2023-05-10 22:17:53,au2312C504,au2312C504,6.12,0.0,0.0,0.0,1,6.24,6.32,1,6.24,6.3,6.3,6.12,5.0,31080.0,187
2023-05-10 22:17:53,au2312C504,au2312C504,6.12,0.0,0.0,0.0,1,6.24,6.34,1,6.24,6.3,6.3,6.12,5.0,31080.0,187
2023-05-10 22:18:06,au2312C504,au2312C504,6.12,0.0,0.0,0.0,1,6.26,6.34,1,6.24,6.3,6.3,6.12,5.0,31080.0,187
2023-05-10 22:18:07,au2312C504,au2312C504,6.12,0.0,0.0,0.0,1,6.26,6.36,1,6.24,6.3,6.3,6.12,5.0,31080.0,187
2023-05-10 22:18:21,au2312C504,au2312C504,6.12,0.0,0.0,0.0,1,6.28,6.36,1,6.24,6.3,6.3,6.12,5.0,31080.0,187
2023-05-10 22:18:23,au2312C504,au2312C504,6.12,0.0,0.0,0.0,1,6.28,6.4,1,6.24,6.3,6.3,6.12,5.0,31080.0,187
2023-05-10 22:18:23,au2312C504,au2312C504,6.12,0.0,0.0,0.0,1,6.28,6.38,1,6.24,6.3,6.3,6.12,5.0,31080.0,187
2023-05-10 22:18:27,au2312C504,au2312C504,6.12,0.0,0.0,0.0,1,6.28,6.36,1,6.24,6.3,6.3,6.12,5.0,31080.0,187
2023-05-10 22:18:34,au2312C504,au2312C504,6.12,0.0,0.0,0.0,1,6.28,6.38,1,6.24,6.3,6.3,6.12,5.0,31080.0,187
2023-05-10 22:18:37,au2312C504,au2312C504,6.12,0.0,0.0,0.0,1,6.28,6.36,1,6.24,6.3,6.3,6.12,5.0,31080.0,187
2023-05-10 22:18:42,au2312C504,au2312C504,6.12,0.0,0.0,0.0,1,6.28,6.38,1,6.24,6.3,6.3,6.12,5.0,31080.0,187
2023-05-10 22:18:54,au2312C504,au2312C504,6.12,0.0,0.0,0.0,1,6.28,6.36,1,6.24,6.3,6.3,6.12,5.0,31080.0,187
2023-05-10 22:18:57,au2312C504,au2312C504,6.12,0.0,0.0,0.0,1,6.26,6.36,1,6.24,6.3,6.3,6.12,5.0,31080.0,187
2023-05-10 22:19:08,au2312C504,au2312C504,6.12,0.0,0.0,0.0,1,6.28,6.36,1,6.24,6.3,6.3,6.12,5.0,31080.0,187
2023-05-10 22:19:19,au2312C504,au2312C504,6.12,0.0,0.0,0.0,1,6.28,6.38,1,6.24,6.3,6.3,6.12,5.0,31080.0,187
2023-05-10 22:19:22,au2312C504,au2312C504,6.12,0.0,0.0,0.0,1,6.3,6.38,1,6.24,6.3,6.3,6.12,5.0,31080.0,187
2023-05-10 22:19:24,au2312C504,au2312C504,6.12,0.0,0.0,0.0,1,6.28,6.38,1,6.24,6.3,6.3,6.12,5.0,31080.0,187
2023-05-10 22:19:45,au2312C504,au2312C504,6.12,0.0,0.0,0.0,1,6.28,6.36,1,6.24,6.3,6.3,6.12,5.0,31080.0,187
2023-05-10 22:19:51,au2312C504,au2312C504,6.12,0.0,0.0,0.0,1,6.26,6.36,1,6.24,6.3,6.3,6.12,5.0,31080.0,187
2023-05-10 22:19:58,au2312C504,au2312C504,6.12,0.0,0.0,0.0,1,6.28,6.36,1,6.24,6.3,6.3,6.12,5.0,31080.0,187
2023-05-10 22:20:06,au2312C504,au2312C504,6.12,0.0,0.0,0.0,1,6.28,6.38,1,6.24,6.3,6.3,6.12,5.0,31080.0,187
2023-05-10 22:20:31,au2312C504,au2312C504,6.12,0.0,0.0,0.0,1,6.26,6.36,1,6.24,6.3,6.3,6.12,5.0,31080.0,187
2023-05-10 22:20:41,au2312C504,au2312C504,6.12,0.0,0.0,0.0,1,6.26,6.34,1,6.24,6.3,6.3,6.12,5.0,31080.0,187
2023-05-10 22:20:43,au2312C504,au2312C504,6.12,0.0,0.0,0.0,1,6.24,6.34,1,6.24,6.3,6.3,6.12,5.0,31080.0,187
2023-05-10 22:20:52,au2312C504,au2312C504,6.12,0.0,0.0,0.0,1,6.24,6.32,1,6.24,6.3,6.3,6.12,5.0,31080.0,187
2023-05-10 22:21:04,au2312C504,au2312C504,6.12,0.0,0.0,0.0,1,6.22,6.32,1,6.24,6.3,6.3,6.12,5.0,31080.0,187
2023-05-10 22:21:14,au2312C504,au2312C504,6.12,0.0,0.0,0.0,1,6.22,6.3,1,6.24,6.3,6.3,6.12,5.0,31080.0,187
2023-05-10 22:21:24,au2312C504,au2312C504,6.12,0.0,0.0,0.0,1,6.22,6.32,1,6.24,6.3,6.3,6.12,5.0,31080.0,187
2023-05-10 22:21:28,au2312C504,au2312C504,6.12,0.0,0.0,0.0,1,6.24,6.32,1,6.24,6.3,6.3,6.12,5.0,31080.0,187
2023-05-10 22:21:47,au2312C504,au2312C504,6.12,0.0,0.0,0.0,1,6.24,6.34,1,6.24,6.3,6.3,6.12,5.0,31080.0,187
2023-05-10 22:22:03,au2312C504,au2312C504,6.12,0.0,0.0,0.0,1,6.24,6.32,1,6.24,6.3,6.3,6.12,5.0,31080.0,187
2023-05-10 22:22:33,au2312C504,au2312C504,6.12,0.0,0.0,0.0,1,6.22,6.32,1,6.24,6.3,6.3,6.12,5.0,31080.0,187
2023-05-10 22:22:36,au2312C504,au2312C504,6.12,0.0,0.0,0.0,1,6.24,6.32,1,6.24,6.3,6.3,6.12,5.0,31080.0,187
2023-05-10 22:22:47,au2312C504,au2312C504,6.12,0.0,0.0,0.0,1,6.24,6.34,1,6.24,6.3,6.3,6.12,5.0,31080.0,187
2023-05-10 22:22:54,au2312C504,au2312C504,6.12,0.0,0.0,0.0,1,6.24,6.32,1,6.24,6.3,6.3,6.12,5.0,31080.0,187
2023-05-10 22:22:58,au2312C504,au2312C504,6.12,0.0,0.0,0.0,1,6.24,6.34,1,6.24,6.3,6.3,6.12,5.0,31080.0,187
2023-05-10 22:23:00,au2312C504,au2312C504,6.12,0.0,0.0,0.0,1,6.24,6.32,1,6.24,6.3,6.3,6.12,5.0,31080.0,187
2023-05-10 22:23:13,au2312C504,au2312C504,6.12,0.0,0.0,0.0,1,6.22,6.32,1,6.24,6.3,6.3,6.12,5.0,31080.0,187
2023-05-10 22:23:26,au2312C504,au2312C504,6.12,0.0,0.0,0.0,1,6.22,6.3,1,6.24,6.3,6.3,6.12,5.0,31080.0,187
2023-05-10 22:24:00,au2312C504,au2312C504,6.12,0.0,0.0,0.0,1,6.22,6.32,1,6.24,6.3,6.3,6.12,5.0,31080.0,187
2023-05-10 22:24:07,au2312C504,au2312C504,6.12,0.0,0.0,0.0,1,6.22,6.3,1,6.24,6.3,6.3,6.12,5.0,31080.0,187
2023-05-10 22:24:17,au2312C504,au2312C504,6.12,0.0,0.0,0.0,1,6.22,6.32,1,6.24,6.3,6.3,6.12,5.0,31080.0,187
2023-05-10 22:24:27,au2312C504,au2312C504,6.12,0.0,0.0,0.0,1,6.24,6.32,1,6.24,6.3,6.3,6.12,5.0,31080.0,187
2023-05-10 22:24:30,au2312C504,au2312C504,6.12,0.0,0.0,0.0,1,6.24,6.34,1,6.24,6.3,6.3,6.12,5.0,31080.0,187
2023-05-10 22:24:41,au2312C504,au2312C504,6.12,0.0,0.0,0.0,1,6.24,6.32,1,6.24,6.3,6.3,6.12,5.0,31080.0,187
2023-05-10 22:24:45,au2312C504,au2312C504,6.12,0.0,0.0,0.0,1,6.24,6.34,1,6.24,6.3,6.3,6.12,5.0,31080.0,187
2023-05-10 22:25:06,au2312C504,au2312C504,6.12,0.0,0.0,0.0,1,6.24,6.32,1,6.24,6.3,6.3,6.12,5.0,31080.0,187
2023-05-10 22:25:40,au2312C504,au2312C504,6.12,0.0,0.0,0.0,1,6.24,6.34,1,6.24,6.3,6.3,6.12,5.0,31080.0,187
2023-05-10 22:25:45,au2312C504,au2312C504,6.12,0.0,0.0,0.0,1,6.24,6.32,1,6.24,6.3,6.3,6.12,5.0,31080.0,187
2023-05-10 22:25:53,au2312C504,au2312C504,6.12,0.0,0.0,0.0,1,6.24,6.34,1,6.24,6.3,6.3,6.12,5.0,31080.0,187
2023-05-10 22:25:54,au2312C504,au2312C504,6.12,0.0,0.0,0.0,1,6.24,6.32,1,6.24,6.3,6.3,6.12,5.0,31080.0,187
2023-05-10 22:26:00,au2312C504,au2312C504,6.12,0.0,0.0,0.0,1,6.22,6.32,1,6.24,6.3,6.3,6.12,5.0,31080.0,187
2023-05-10 22:26:09,au2312C504,au2312C504,6.12,0.0,0.0,0.0,1,6.22,6.3,1,6.24,6.3,6.3,6.12,5.0,31080.0,187
2023-05-10 22:26:18,au2312C504,au2312C504,6.12,0.0,0.0,0.0,1,6.22,6.32,1,6.24,6.3,6.3,6.12,5.0,31080.0,187
2023-05-10 22:26:40,au2312C504,au2312C504,6.12,0.0,0.0,0.0,1,6.22,6.3,1,6.24,6.3,6.3,6.12,5.0,31080.0,187
2023-05-10 22:26:44,au2312C504,au2312C504,6.12,0.0,0.0,0.0,1,6.2,6.3,1,6.24,6.3,6.3,6.12,5.0,31080.0,187
2023-05-10 22:27:03,au2312C504,au2312C504,6.12,0.0,0.0,0.0,1,6.22,6.3,1,6.24,6.3,6.3,6.12,5.0,31080.0,187
2023-05-10 22:27:07,au2312C504,au2312C504,6.12,0.0,0.0,0.0,1,6.2,6.3,1,6.24,6.3,6.3,6.12,5.0,31080.0,187
2023-05-10 22:27:37,au2312C504,au2312C504,6.12,0.0,0.0,0.0,1,6.2,6.28,1,6.24,6.3,6.3,6.12,5.0,31080.0,187
2023-05-10 22:27:50,au2312C504,au2312C504,6.12,0.0,0.0,0.0,1,6.2,6.3,1,6.24,6.3,6.3,6.12,5.0,31080.0,187
2023-05-10 22:27:50,au2312C504,au2312C504,6.12,0.0,0.0,0.0,1,6.22,6.3,1,6.24,6.3,6.3,6.12,5.0,31080.0,187
2023-05-10 22:27:59,au2312C504,au2312C504,6.12,0.0,0.0,0.0,1,6.2,6.3,1,6.24,6.3,6.3,6.12,5.0,31080.0,187
2023-05-10 22:28:01,au2312C504,au2312C504,6.12,0.0,0.0,0.0,1,6.2,6.28,1,6.24,6.3,6.3,6.12,5.0,31080.0,187
2023-05-10 22:28:08,au2312C504,au2312C504,6.12,0.0,0.0,0.0,1,6.2,6.3,1,6.24,6.3,6.3,6.12,5.0,31080.0,187
2023-05-10 22:28:22,au2312C504,au2312C504,6.12,0.0,0.0,0.0,1,6.2,6.28,1,6.24,6.3,6.3,6.12,5.0,31080.0,187
2023-05-10 22:28:28,au2312C504,au2312C504,6.12,0.0,0.0,0.0,1,6.2,6.3,1,6.24,6.3,6.3,6.12,5.0,31080.0,187
2023-05-10 22:28:49,au2312C504,au2312C504,6.12,0.0,0.0,0.0,1,6.2,6.28,1,6.24,6.3,6.3,6.12,5.0,31080.0,187
2023-05-10 22:28:59,au2312C504,au2312C504,6.12,0.0,0.0,0.0,1,6.18,6.28,1,6.24,6.3,6.3,6.12,5.0,31080.0,187
2023-05-10 22:29:06,au2312C504,au2312C504,6.12,0.0,0.0,0.0,1,6.2,6.28,1,6.24,6.3,6.3,6.12,5.0,31080.0,187
2023-05-10 22:29:20,au2312C504,au2312C504,6.12,0.0,0.0,0.0,1,6.2,6.3,1,6.24,6.3,6.3,6.12,5.0,31080.0,187
2023-05-10 22:29:40,au2312C504,au2312C504,6.12,0.0,0.0,0.0,1,6.22,6.3,1,6.24,6.3,6.3,6.12,5.0,31080.0,187
2023-05-10 22:29:49,au2312C504,au2312C504,6.12,0.0,0.0,0.0,1,6.2,6.3,1,6.24,6.3,6.3,6.12,5.0,31080.0,187
2023-05-10 22:30:00,au2312C504,au2312C504,6.12,0.0,0.0,0.0,1,6.2,6.28,1,6.24,6.3,6.3,6.12,5.0,31080.0,187
2023-05-10 22:30:03,au2312C504,au2312C504,6.12,0.0,0.0,0.0,1,6.18,6.28,1,6.24,6.3,6.3,6.12,5.0,31080.0,187
2023-05-10 22:30:04,au2312C504,au2312C504,6.12,0.0,0.0,0.0,1,6.2,6.28,1,6.24,6.3,6.3,6.12,5.0,31080.0,187
2023-05-10 22:30:19,au2312C504,au2312C504,6.12,0.0,0.0,0.0,1,6.18,6.28,1,6.24,6.3,6.3,6.12,5.0,31080.0,187
2023-05-10 22:30:27,au2312C504,au2312C504,6.12,0.0,0.0,0.0,1,6.18,6.26,1,6.24,6.3,6.3,6.12,5.0,31080.0,187
2023-05-10 22:30:33,au2312C504,au2312C504,6.12,0.0,0.0,0.0,1,6.18,6.28,1,6.24,6.3,6.3,6.12,5.0,31080.0,187
2023-05-10 22:30:49,au2312C504,au2312C504,6.12,0.0,0.0,0.0,1,6.2,6.28,1,6.24,6.3,6.3,6.12,5.0,31080.0,187
2023-05-10 22:30:51,au2312C504,au2312C504,6.12,0.0,0.0,0.0,1,6.2,6.3,1,6.24,6.3,6.3,6.12,5.0,31080.0,187
2023-05-10 22:31:01,au2312C504,au2312C504,6.12,0.0,0.0,0.0,1,6.22,6.32,1,6.24,6.3,6.3,6.12,5.0,31080.0,187
2023-05-10 22:31:15,au2312C504,au2312C504,6.12,0.0,0.0,0.0,1,6.22,6.3,1,6.24,6.3,6.3,6.12,5.0,31080.0,187
2023-05-10 22:31:15,au2312C504,au2312C504,6.12,0.0,0.0,0.0,1,6.22,6.32,1,6.24,6.3,6.3,6.12,5.0,31080.0,187
2023-05-10 22:31:16,au2312C504,au2312C504,6.12,0.0,0.0,0.0,1,6.2,6.3,1,6.24,6.3,6.3,6.12,5.0,31080.0,187
2023-05-10 22:31:25,au2312C504,au2312C504,6.12,0.0,0.0,0.0,1,6.22,6.3,1,6.24,6.3,6.3,6.12,5.0,31080.0,187
2023-05-10 22:31:37,au2312C504,au2312C504,6.12,0.0,0.0,0.0,1,6.22,6.32,1,6.24,6.3,6.3,6.12,5.0,31080.0,187
2023-05-10 22:31:51,au2312C504,au2312C504,6.12,0.0,0.0,0.0,1,6.22,6.3,1,6.24,6.3,6.3,6.12,5.0,31080.0,187
2023-05-10 22:31:52,au2312C504,au2312C504,6.12,0.0,0.0,0.0,1,6.2,6.3,1,6.24,6.3,6.3,6.12,5.0,31080.0,187
2023-05-10 22:32:06,au2312C504,au2312C504,6.12,0.0,0.0,0.0,1,6.22,6.3,1,6.24,6.3,6.3,6.12,5.0,31080.0,187
2023-05-10 22:32:24,au2312C504,au2312C504,6.12,0.0,0.0,0.0,1,6.2,6.3,1,6.24,6.3,6.3,6.12,5.0,31080.0,187
2023-05-10 22:32:34,au2312C504,au2312C504,6.12,0.0,0.0,0.0,1,6.22,6.3,1,6.24,6.3,6.3,6.12,5.0,31080.0,187
2023-05-10 22:32:53,au2312C504,au2312C504,6.12,0.0,0.0,0.0,1,6.2,6.3,1,6.24,6.3,6.3,6.12,5.0,31080.0,187
2023-05-10 22:33:09,au2312C504,au2312C504,6.12,0.0,0.0,0.0,1,6.2,6.28,1,6.24,6.3,6.3,6.12,5.0,31080.0,187
2023-05-10 22:33:20,au2312C504,au2312C504,6.12,0.0,0.0,0.0,1,6.18,6.28,1,6.24,6.3,6.3,6.12,5.0,31080.0,187
2023-05-10 22:33:21,au2312C504,au2312C504,6.12,0.0,0.0,0.0,1,5.92,6.28,1,6.24,6.3,6.3,6.12,5.0,31080.0,187
2023-05-10 22:33:21,au2312C504,au2312C504,6.12,0.0,0.0,0.0,1,5.92,6.26,1,6.24,6.3,6.3,6.12,5.0,31080.0,187
2023-05-10 22:33:22,au2312C504,au2312C504,6.12,0.0,0.0,0.0,1,6.16,6.26,1,6.24,6.3,6.3,6.12,5.0,31080.0,187
2023-05-10 22:33:25,au2312C504,au2312C504,6.12,0.0,0.0,0.0,1,6.18,6.26,1,6.24,6.3,6.3,6.12,5.0,31080.0,187
2023-05-10 22:33:30,au2312C504,au2312C504,6.12,0.0,0.0,0.0,1,6.16,6.26,1,6.24,6.3,6.3,6.12,5.0,31080.0,187
2023-05-10 22:33:54,au2312C504,au2312C504,6.12,0.0,0.0,0.0,1,6.16,6.24,1,6.24,6.3,6.3,6.12,5.0,31080.0,187
2023-05-10 22:34:14,au2312C504,au2312C504,6.12,0.0,0.0,0.0,1,6.14,6.22,1,6.24,6.3,6.3,6.12,5.0,31080.0,187
2023-05-10 22:34:15,au2312C504,au2312C504,6.12,0.0,0.0,0.0,1,6.14,6.24,1,6.24,6.3,6.3,6.12,5.0,31080.0,187
2023-05-10 22:34:17,au2312C504,au2312C504,6.12,0.0,0.0,0.0,1,6.16,6.24,1,6.24,6.3,6.3,6.12,5.0,31080.0,187
2023-05-10 22:34:18,au2312C504,au2312C504,6.12,0.0,0.0,0.0,1,6.16,6.26,1,6.24,6.3,6.3,6.12,5.0,31080.0,187
2023-05-10 22:34:19,au2312C504,au2312C504,6.12,0.0,0.0,0.0,1,6.16,6.28,1,6.24,6.3,6.3,6.12,5.0,31080.0,187
2023-05-10 22:34:20,au2312C504,au2312C504,6.12,0.0,0.0,0.0,1,6.18,6.28,1,6.24,6.3,6.3,6.12,5.0,31080.0,187
2023-05-10 22:34:25,au2312C504,au2312C504,6.12,0.0,0.0,0.0,1,6.18,6.26,1,6.24,6.3,6.3,6.12,5.0,31080.0,187
2023-05-10 22:34:44,au2312C504,au2312C504,6.12,0.0,0.0,0.0,1,6.18,6.28,1,6.24,6.3,6.3,6.12,5.0,31080.0,187
2023-05-10 22:34:51,au2312C504,au2312C504,6.12,0.0,0.0,0.0,1,6.18,6.26,1,6.24,6.3,6.3,6.12,5.0,31080.0,187
2023-05-10 22:34:53,au2312C504,au2312C504,6.12,0.0,0.0,0.0,1,6.18,6.28,1,6.24,6.3,6.3,6.12,5.0,31080.0,187
2023-05-10 22:34:56,au2312C504,au2312C504,6.12,0.0,0.0,0.0,1,6.18,6.26,1,6.24,6.3,6.3,6.12,5.0,31080.0,187
2023-05-10 22:34:57,au2312C504,au2312C504,6.12,0.0,0.0,0.0,1,6.16,6.26,1,6.24,6.3,6.3,6.12,5.0,31080.0,187
2023-05-10 22:35:04,au2312C504,au2312C504,6.12,0.0,0.0,0.0,1,6.16,6.24,1,6.24,6.3,6.3,6.12,5.0,31080.0,187
2023-05-10 22:35:05,au2312C504,au2312C504,6.12,0.0,0.0,0.0,1,6.16,6.26,1,6.24,6.3,6.3,6.12,5.0,31080.0,187
2023-05-10 22:35:12,au2312C504,au2312C504,6.12,0.0,0.0,0.0,1,6.18,6.26,1,6.24,6.3,6.3,6.12,5.0,31080.0,187
