time,symbol_id,symbol_name,last,trade_volume,trade_amount,open_interest_change,bv1,bp1,ap1,av1,yesterday_close,today_open,today_high,today_low,volume,amount,open_interest
2023-05-10 20:59:00,au2312P472,au2312P472,28.54,0.0,0.0,0.0,1,5.0,0.0,0,28.54,0.0,0.0,0.0,0.0,0.0,16
2023-05-10 21:00:00,au2312P472,au2312P472,28.54,0.0,0.0,0.0,2,17.48,0.0,0,28.54,0.0,0.0,0.0,0.0,0.0,16
2023-05-10 21:00:01,au2312P472,au2312P472,28.54,0.0,0.0,0.0,2,17.48,35.78,2,28.54,0.0,0.0,0.0,0.0,0.0,16
2023-05-10 21:00:10,au2312P472,au2312P472,28.54,0.0,0.0,0.0,2,17.48,35.78,2,28.54,0.0,0.0,0.0,0.0,0.0,16
2023-05-10 21:00:10,au2312P472,au2312P472,28.54,0.0,0.0,0.0,1,17.5,35.76,1,28.54,0.0,0.0,0.0,0.0,0.0,16
2023-05-10 21:00:11,au2312P472,au2312P472,28.54,0.0,0.0,0.0,2,19.76,33.5,2,28.54,0.0,0.0,0.0,0.0,0.0,16
2023-05-10 21:00:11,au2312P472,au2312P472,28.54,0.0,0.0,0.0,2,19.76,33.5,2,28.54,0.0,0.0,0.0,0.0,0.0,16
2023-05-10 21:00:12,au2312P472,au2312P472,28.54,0.0,0.0,0.0,1,19.78,33.48,1,28.54,0.0,0.0,0.0,0.0,0.0,16
2023-05-10 21:00:12,au2312P472,au2312P472,28.54,0.0,0.0,0.0,2,22.04,31.22,2,28.54,0.0,0.0,0.0,0.0,0.0,16
2023-05-10 21:00:13,au2312P472,au2312P472,28.54,0.0,0.0,0.0,2,22.04,31.22,2,28.54,0.0,0.0,0.0,0.0,0.0,16
2023-05-10 21:00:13,au2312P472,au2312P472,28.54,0.0,0.0,0.0,1,22.06,31.2,1,28.54,0.0,0.0,0.0,0.0,0.0,16
2023-05-10 21:00:14,au2312P472,au2312P472,28.54,0.0,0.0,0.0,2,24.32,28.94,2,28.54,0.0,0.0,0.0,0.0,0.0,16
2023-05-10 21:00:14,au2312P472,au2312P472,28.54,0.0,0.0,0.0,2,24.32,28.94,2,28.54,0.0,0.0,0.0,0.0,0.0,16
2023-05-10 21:00:15,au2312P472,au2312P472,28.54,0.0,0.0,0.0,1,24.34,28.92,1,28.54,0.0,0.0,0.0,0.0,0.0,16
2023-05-10 21:00:15,au2312P472,au2312P472,28.54,0.0,0.0,0.0,2,26.32,27.22,2,28.54,0.0,0.0,0.0,0.0,0.0,16
2023-05-10 21:00:16,au2312P472,au2312P472,28.54,0.0,0.0,0.0,2,26.32,27.22,2,28.54,0.0,0.0,0.0,0.0,0.0,16
2023-05-10 21:00:21,au2312P472,au2312P472,28.54,0.0,0.0,0.0,2,17.52,27.22,2,28.54,0.0,0.0,0.0,0.0,0.0,16
2023-05-10 21:00:22,au2312P472,au2312P472,28.54,0.0,0.0,0.0,1,17.54,27.22,2,28.54,0.0,0.0,0.0,0.0,0.0,16
2023-05-10 21:00:22,au2312P472,au2312P472,28.54,0.0,0.0,0.0,2,19.8,27.22,2,28.54,0.0,0.0,0.0,0.0,0.0,16
2023-05-10 21:00:23,au2312P472,au2312P472,28.54,0.0,0.0,0.0,2,19.8,27.22,2,28.54,0.0,0.0,0.0,0.0,0.0,16
2023-05-10 21:00:23,au2312P472,au2312P472,28.54,0.0,0.0,0.0,1,19.82,27.22,2,28.54,0.0,0.0,0.0,0.0,0.0,16
2023-05-10 21:00:24,au2312P472,au2312P472,28.54,0.0,0.0,0.0,2,22.08,27.22,2,28.54,0.0,0.0,0.0,0.0,0.0,16
2023-05-10 21:00:24,au2312P472,au2312P472,28.54,0.0,0.0,0.0,2,22.08,27.22,2,28.54,0.0,0.0,0.0,0.0,0.0,16
2023-05-10 21:00:25,au2312P472,au2312P472,28.54,0.0,0.0,0.0,1,22.1,27.22,2,28.54,0.0,0.0,0.0,0.0,0.0,16
2023-05-10 21:00:25,au2312P472,au2312P472,28.54,0.0,0.0,0.0,2,24.36,27.22,2,28.54,0.0,0.0,0.0,0.0,0.0,16
2023-05-10 21:00:26,au2312P472,au2312P472,28.54,0.0,0.0,0.0,2,24.36,27.22,2,28.54,0.0,0.0,0.0,0.0,0.0,16
2023-05-10 21:00:26,au2312P472,au2312P472,28.54,0.0,0.0,0.0,1,24.38,27.22,2,28.54,0.0,0.0,0.0,0.0,0.0,16
2023-05-10 21:00:27,au2312P472,au2312P472,28.54,0.0,0.0,0.0,2,26.24,27.22,2,28.54,0.0,0.0,0.0,0.0,0.0,16
2023-05-10 21:00:27,au2312P472,au2312P472,28.54,0.0,0.0,0.0,2,26.24,27.22,2,28.54,0.0,0.0,0.0,0.0,0.0,16
2023-05-10 21:00:33,au2312P472,au2312P472,28.54,0.0,0.0,0.0,2,17.5,27.22,2,28.54,0.0,0.0,0.0,0.0,0.0,16
2023-05-10 21:00:33,au2312P472,au2312P472,28.54,0.0,0.0,0.0,1,17.52,27.22,2,28.54,0.0,0.0,0.0,0.0,0.0,16
2023-05-10 21:00:34,au2312P472,au2312P472,28.54,0.0,0.0,0.0,2,19.78,27.22,2,28.54,0.0,0.0,0.0,0.0,0.0,16
2023-05-10 21:00:34,au2312P472,au2312P472,28.54,0.0,0.0,0.0,2,19.78,27.22,2,28.54,0.0,0.0,0.0,0.0,0.0,16
2023-05-10 21:00:35,au2312P472,au2312P472,28.54,0.0,0.0,0.0,1,19.8,27.22,2,28.54,0.0,0.0,0.0,0.0,0.0,16
2023-05-10 21:00:35,au2312P472,au2312P472,28.54,0.0,0.0,0.0,2,22.06,27.22,2,28.54,0.0,0.0,0.0,0.0,0.0,16
2023-05-10 21:00:36,au2312P472,au2312P472,28.54,0.0,0.0,0.0,2,22.06,27.22,2,28.54,0.0,0.0,0.0,0.0,0.0,16
2023-05-10 21:00:36,au2312P472,au2312P472,28.54,0.0,0.0,0.0,1,22.08,27.22,2,28.54,0.0,0.0,0.0,0.0,0.0,16
2023-05-10 21:00:37,au2312P472,au2312P472,28.54,0.0,0.0,0.0,2,24.34,27.22,2,28.54,0.0,0.0,0.0,0.0,0.0,16
2023-05-10 21:00:37,au2312P472,au2312P472,28.54,0.0,0.0,0.0,2,24.34,27.22,2,28.54,0.0,0.0,0.0,0.0,0.0,16
2023-05-10 21:00:38,au2312P472,au2312P472,28.54,0.0,0.0,0.0,1,24.36,27.22,2,28.54,0.0,0.0,0.0,0.0,0.0,16
2023-05-10 21:00:38,au2312P472,au2312P472,28.54,0.0,0.0,0.0,2,26.22,27.22,2,28.54,0.0,0.0,0.0,0.0,0.0,16
2023-05-10 21:00:39,au2312P472,au2312P472,28.54,0.0,0.0,0.0,2,26.22,27.22,2,28.54,0.0,0.0,0.0,0.0,0.0,16
2023-05-10 21:00:45,au2312P472,au2312P472,28.54,0.0,0.0,0.0,2,17.54,27.22,2,28.54,0.0,0.0,0.0,0.0,0.0,16
2023-05-10 21:00:45,au2312P472,au2312P472,28.54,0.0,0.0,0.0,1,17.56,27.22,2,28.54,0.0,0.0,0.0,0.0,0.0,16
2023-05-10 21:00:46,au2312P472,au2312P472,28.54,0.0,0.0,0.0,2,19.82,27.22,2,28.54,0.0,0.0,0.0,0.0,0.0,16
2023-05-10 21:00:46,au2312P472,au2312P472,28.54,0.0,0.0,0.0,2,19.82,27.22,2,28.54,0.0,0.0,0.0,0.0,0.0,16
2023-05-10 21:00:47,au2312P472,au2312P472,28.54,0.0,0.0,0.0,1,19.84,27.22,2,28.54,0.0,0.0,0.0,0.0,0.0,16
2023-05-10 21:00:47,au2312P472,au2312P472,28.54,0.0,0.0,0.0,2,22.1,27.22,2,28.54,0.0,0.0,0.0,0.0,0.0,16
2023-05-10 21:00:48,au2312P472,au2312P472,28.54,0.0,0.0,0.0,2,22.1,27.22,2,28.54,0.0,0.0,0.0,0.0,0.0,16
2023-05-10 21:00:48,au2312P472,au2312P472,28.54,0.0,0.0,0.0,1,22.12,27.22,2,28.54,0.0,0.0,0.0,0.0,0.0,16
2023-05-10 21:00:49,au2312P472,au2312P472,28.54,0.0,0.0,0.0,2,24.38,27.22,2,28.54,0.0,0.0,0.0,0.0,0.0,16
2023-05-10 21:00:49,au2312P472,au2312P472,28.54,0.0,0.0,0.0,2,24.38,27.22,2,28.54,0.0,0.0,0.0,0.0,0.0,16
2023-05-10 21:00:50,au2312P472,au2312P472,28.54,0.0,0.0,0.0,1,24.4,27.22,2,28.54,0.0,0.0,0.0,0.0,0.0,16
2023-05-10 21:00:50,au2312P472,au2312P472,28.54,0.0,0.0,0.0,1,24.4,27.28,1,28.54,0.0,0.0,0.0,0.0,0.0,16
2023-05-10 21:00:51,au2312P472,au2312P472,28.54,0.0,0.0,0.0,1,26.26,27.28,1,28.54,0.0,0.0,0.0,0.0,0.0,16
2023-05-10 21:00:52,au2312P472,au2312P472,28.54,0.0,0.0,0.0,1,26.26,27.28,1,28.54,0.0,0.0,0.0,0.0,0.0,16
2023-05-10 21:00:58,au2312P472,au2312P472,28.54,0.0,0.0,0.0,1,17.66,27.28,1,28.54,0.0,0.0,0.0,0.0,0.0,16
2023-05-10 21:00:59,au2312P472,au2312P472,28.54,0.0,0.0,0.0,1,17.68,27.28,1,28.54,0.0,0.0,0.0,0.0,0.0,16
2023-05-10 21:00:59,au2312P472,au2312P472,28.54,0.0,0.0,0.0,1,19.94,27.28,1,28.54,0.0,0.0,0.0,0.0,0.0,16
2023-05-10 21:01:00,au2312P472,au2312P472,28.54,0.0,0.0,0.0,1,19.94,27.28,1,28.54,0.0,0.0,0.0,0.0,0.0,16
2023-05-10 21:01:00,au2312P472,au2312P472,28.54,0.0,0.0,0.0,1,19.96,27.28,1,28.54,0.0,0.0,0.0,0.0,0.0,16
2023-05-10 21:01:01,au2312P472,au2312P472,28.54,0.0,0.0,0.0,1,22.22,27.28,1,28.54,0.0,0.0,0.0,0.0,0.0,16
2023-05-10 21:01:01,au2312P472,au2312P472,28.54,0.0,0.0,0.0,1,22.22,27.28,1,28.54,0.0,0.0,0.0,0.0,0.0,16
2023-05-10 21:01:02,au2312P472,au2312P472,28.54,0.0,0.0,0.0,1,22.24,27.28,1,28.54,0.0,0.0,0.0,0.0,0.0,16
2023-05-10 21:01:02,au2312P472,au2312P472,28.54,0.0,0.0,0.0,1,24.5,27.28,1,28.54,0.0,0.0,0.0,0.0,0.0,16
2023-05-10 21:01:03,au2312P472,au2312P472,28.54,0.0,0.0,0.0,1,24.5,27.28,1,28.54,0.0,0.0,0.0,0.0,0.0,16
2023-05-10 21:01:03,au2312P472,au2312P472,28.54,0.0,0.0,0.0,1,24.52,27.28,1,28.54,0.0,0.0,0.0,0.0,0.0,16
2023-05-10 21:01:04,au2312P472,au2312P472,28.54,0.0,0.0,0.0,1,26.34,27.28,1,28.54,0.0,0.0,0.0,0.0,0.0,16
2023-05-10 21:01:04,au2312P472,au2312P472,28.54,0.0,0.0,0.0,1,26.34,27.28,1,28.54,0.0,0.0,0.0,0.0,0.0,16
2023-05-10 21:01:09,au2312P472,au2312P472,28.54,0.0,0.0,0.0,1,26.76,26.94,1,28.54,0.0,0.0,0.0,0.0,0.0,16
2023-05-10 21:01:10,au2312P472,au2312P472,28.54,0.0,0.0,0.0,1,26.34,26.94,1,28.54,0.0,0.0,0.0,0.0,0.0,16
2023-05-10 21:01:11,au2312P472,au2312P472,28.54,0.0,0.0,0.0,1,26.72,26.9,1,28.54,0.0,0.0,0.0,0.0,0.0,16
2023-05-10 21:01:14,au2312P472,au2312P472,28.54,0.0,0.0,0.0,1,26.74,26.9,1,28.54,0.0,0.0,0.0,0.0,0.0,16
2023-05-10 21:01:15,au2312P472,au2312P472,28.54,0.0,0.0,0.0,1,26.7,26.86,1,28.54,0.0,0.0,0.0,0.0,0.0,16
2023-05-10 21:01:15,au2312P472,au2312P472,28.54,0.0,0.0,0.0,1,26.72,26.9,1,28.54,0.0,0.0,0.0,0.0,0.0,16
2023-05-10 21:01:16,au2312P472,au2312P472,28.54,0.0,0.0,0.0,1,26.74,26.9,1,28.54,0.0,0.0,0.0,0.0,0.0,16
2023-05-10 21:01:17,au2312P472,au2312P472,28.54,0.0,0.0,0.0,1,26.76,26.92,1,28.54,0.0,0.0,0.0,0.0,0.0,16
2023-05-10 21:01:18,au2312P472,au2312P472,28.54,0.0,0.0,0.0,1,26.76,27.28,1,28.54,0.0,0.0,0.0,0.0,0.0,16
2023-05-10 21:01:19,au2312P472,au2312P472,28.54,0.0,0.0,0.0,1,26.76,26.96,1,28.54,0.0,0.0,0.0,0.0,0.0,16
2023-05-10 21:01:19,au2312P472,au2312P472,28.54,0.0,0.0,0.0,1,26.78,26.96,1,28.54,0.0,0.0,0.0,0.0,0.0,16
2023-05-10 21:01:20,au2312P472,au2312P472,28.54,0.0,0.0,0.0,1,26.8,26.96,1,28.54,0.0,0.0,0.0,0.0,0.0,16
2023-05-10 21:01:20,au2312P472,au2312P472,28.54,0.0,0.0,0.0,1,26.78,26.96,1,28.54,0.0,0.0,0.0,0.0,0.0,16
2023-05-10 21:01:21,au2312P472,au2312P472,28.54,0.0,0.0,0.0,1,26.8,26.96,1,28.54,0.0,0.0,0.0,0.0,0.0,16
2023-05-10 21:01:21,au2312P472,au2312P472,28.54,0.0,0.0,0.0,1,26.82,27.0,1,28.54,0.0,0.0,0.0,0.0,0.0,16
2023-05-10 21:01:22,au2312P472,au2312P472,28.54,0.0,0.0,0.0,1,26.84,27.0,1,28.54,0.0,0.0,0.0,0.0,0.0,16
2023-05-10 21:01:23,au2312P472,au2312P472,28.54,0.0,0.0,0.0,1,26.82,26.96,1,28.54,0.0,0.0,0.0,0.0,0.0,16
2023-05-10 21:01:23,au2312P472,au2312P472,28.54,0.0,0.0,0.0,1,26.86,27.04,1,28.54,0.0,0.0,0.0,0.0,0.0,16
2023-05-10 21:01:24,au2312P472,au2312P472,28.54,0.0,0.0,0.0,1,26.92,27.08,1,28.54,0.0,0.0,0.0,0.0,0.0,16
2023-05-10 21:01:24,au2312P472,au2312P472,28.54,0.0,0.0,0.0,1,26.86,27.08,1,28.54,0.0,0.0,0.0,0.0,0.0,16
2023-05-10 21:01:25,au2312P472,au2312P472,28.54,0.0,0.0,0.0,1,26.9,27.08,1,28.54,0.0,0.0,0.0,0.0,0.0,16
2023-05-10 21:01:25,au2312P472,au2312P472,28.54,0.0,0.0,0.0,1,26.86,27.04,1,28.54,0.0,0.0,0.0,0.0,0.0,16
2023-05-10 21:01:27,au2312P472,au2312P472,28.54,0.0,0.0,0.0,1,26.88,27.04,1,28.54,0.0,0.0,0.0,0.0,0.0,16
2023-05-10 21:01:32,au2312P472,au2312P472,28.54,0.0,0.0,0.0,1,26.9,27.04,1,28.54,0.0,0.0,0.0,0.0,0.0,16
2023-05-10 21:01:32,au2312P472,au2312P472,28.54,0.0,0.0,0.0,1,26.9,27.08,1,28.54,0.0,0.0,0.0,0.0,0.0,16
2023-05-10 21:01:33,au2312P472,au2312P472,28.54,0.0,0.0,0.0,1,26.9,27.08,1,28.54,0.0,0.0,0.0,0.0,0.0,16
2023-05-10 21:01:34,au2312P472,au2312P472,28.54,0.0,0.0,0.0,1,26.92,27.08,1,28.54,0.0,0.0,0.0,0.0,0.0,16
2023-05-10 21:01:35,au2312P472,au2312P472,28.54,0.0,0.0,0.0,1,26.9,27.08,1,28.54,0.0,0.0,0.0,0.0,0.0,16
2023-05-10 21:01:36,au2312P472,au2312P472,28.54,0.0,0.0,0.0,1,26.86,27.06,1,28.54,0.0,0.0,0.0,0.0,0.0,16
2023-05-10 21:01:38,au2312P472,au2312P472,28.54,0.0,0.0,0.0,1,26.88,27.06,1,28.54,0.0,0.0,0.0,0.0,0.0,16
2023-05-10 21:01:38,au2312P472,au2312P472,28.54,0.0,0.0,0.0,1,26.9,27.06,1,28.54,0.0,0.0,0.0,0.0,0.0,16
2023-05-10 21:01:42,au2312P472,au2312P472,28.54,0.0,0.0,0.0,1,26.88,27.04,1,28.54,0.0,0.0,0.0,0.0,0.0,16
2023-05-10 21:01:43,au2312P472,au2312P472,28.54,0.0,0.0,0.0,1,26.84,27.04,1,28.54,0.0,0.0,0.0,0.0,0.0,16
2023-05-10 21:01:44,au2312P472,au2312P472,28.54,0.0,0.0,0.0,1,26.88,27.04,1,28.54,0.0,0.0,0.0,0.0,0.0,16
2023-05-10 21:01:50,au2312P472,au2312P472,28.54,0.0,0.0,0.0,1,26.84,27.04,1,28.54,0.0,0.0,0.0,0.0,0.0,16
2023-05-10 21:01:51,au2312P472,au2312P472,28.54,0.0,0.0,0.0,1,26.84,27.02,1,28.54,0.0,0.0,0.0,0.0,0.0,16
2023-05-10 21:01:51,au2312P472,au2312P472,28.54,0.0,0.0,0.0,1,26.34,26.98,1,28.54,0.0,0.0,0.0,0.0,0.0,16
2023-05-10 21:01:52,au2312P472,au2312P472,28.54,0.0,0.0,0.0,1,26.82,26.98,1,28.54,0.0,0.0,0.0,0.0,0.0,16
2023-05-10 21:01:52,au2312P472,au2312P472,28.54,0.0,0.0,0.0,1,26.82,27.02,1,28.54,0.0,0.0,0.0,0.0,0.0,16
2023-05-10 21:01:53,au2312P472,au2312P472,28.54,0.0,0.0,0.0,1,26.86,27.02,1,28.54,0.0,0.0,0.0,0.0,0.0,16
2023-05-10 21:01:55,au2312P472,au2312P472,28.54,0.0,0.0,0.0,1,26.82,26.98,1,28.54,0.0,0.0,0.0,0.0,0.0,16
2023-05-10 21:01:57,au2312P472,au2312P472,28.54,0.0,0.0,0.0,1,26.82,27.02,1,28.54,0.0,0.0,0.0,0.0,0.0,16
2023-05-10 21:01:58,au2312P472,au2312P472,28.54,0.0,0.0,0.0,1,26.84,27.02,1,28.54,0.0,0.0,0.0,0.0,0.0,16
2023-05-10 21:02:00,au2312P472,au2312P472,28.54,0.0,0.0,0.0,1,26.82,26.98,1,28.54,0.0,0.0,0.0,0.0,0.0,16
2023-05-10 21:02:01,au2312P472,au2312P472,28.54,0.0,0.0,0.0,1,26.34,26.98,1,28.54,0.0,0.0,0.0,0.0,0.0,16
2023-05-10 21:02:02,au2312P472,au2312P472,28.54,0.0,0.0,0.0,1,26.8,26.98,1,28.54,0.0,0.0,0.0,0.0,0.0,16
2023-05-10 21:02:06,au2312P472,au2312P472,28.54,0.0,0.0,0.0,1,26.82,26.98,1,28.54,0.0,0.0,0.0,0.0,0.0,16
2023-05-10 21:02:07,au2312P472,au2312P472,28.54,0.0,0.0,0.0,1,26.8,26.96,1,28.54,0.0,0.0,0.0,0.0,0.0,16
2023-05-10 21:02:10,au2312P472,au2312P472,28.54,0.0,0.0,0.0,1,26.78,26.96,1,28.54,0.0,0.0,0.0,0.0,0.0,16
2023-05-10 21:02:11,au2312P472,au2312P472,28.54,0.0,0.0,0.0,1,26.8,26.96,1,28.54,0.0,0.0,0.0,0.0,0.0,16
2023-05-10 21:02:14,au2312P472,au2312P472,28.54,0.0,0.0,0.0,1,26.8,26.98,1,28.54,0.0,0.0,0.0,0.0,0.0,16
2023-05-10 21:02:15,au2312P472,au2312P472,28.54,0.0,0.0,0.0,1,26.8,26.96,1,28.54,0.0,0.0,0.0,0.0,0.0,16
2023-05-10 21:02:20,au2312P472,au2312P472,28.54,0.0,0.0,0.0,1,26.78,26.94,1,28.54,0.0,0.0,0.0,0.0,0.0,16
2023-05-10 21:02:21,au2312P472,au2312P472,28.54,0.0,0.0,0.0,1,26.74,26.92,1,28.54,0.0,0.0,0.0,0.0,0.0,16
2023-05-10 21:02:23,au2312P472,au2312P472,28.54,0.0,0.0,0.0,1,26.76,26.94,1,28.54,0.0,0.0,0.0,0.0,0.0,16
2023-05-10 21:02:24,au2312P472,au2312P472,28.54,0.0,0.0,0.0,1,26.78,26.94,1,28.54,0.0,0.0,0.0,0.0,0.0,16
2023-05-10 21:02:24,au2312P472,au2312P472,28.54,0.0,0.0,0.0,1,26.8,26.98,1,28.54,0.0,0.0,0.0,0.0,0.0,16
2023-05-10 21:02:25,au2312P472,au2312P472,28.54,0.0,0.0,0.0,1,26.84,27.04,1,28.54,0.0,0.0,0.0,0.0,0.0,16
2023-05-10 21:02:27,au2312P472,au2312P472,28.54,0.0,0.0,0.0,1,26.84,27.02,1,28.54,0.0,0.0,0.0,0.0,0.0,16
2023-05-10 21:02:29,au2312P472,au2312P472,28.54,0.0,0.0,0.0,1,26.84,27.0,1,28.54,0.0,0.0,0.0,0.0,0.0,16
2023-05-10 21:02:31,au2312P472,au2312P472,28.54,0.0,0.0,0.0,1,26.86,27.02,1,28.54,0.0,0.0,0.0,0.0,0.0,16
2023-05-10 21:02:32,au2312P472,au2312P472,28.54,0.0,0.0,0.0,1,26.86,27.06,1,28.54,0.0,0.0,0.0,0.0,0.0,16
2023-05-10 21:02:33,au2312P472,au2312P472,28.54,0.0,0.0,0.0,1,26.9,27.28,1,28.54,0.0,0.0,0.0,0.0,0.0,16
2023-05-10 21:02:34,au2312P472,au2312P472,28.54,0.0,0.0,0.0,1,26.9,27.1,1,28.54,0.0,0.0,0.0,0.0,0.0,16
2023-05-10 21:02:35,au2312P472,au2312P472,28.54,0.0,0.0,0.0,1,26.9,27.06,1,28.54,0.0,0.0,0.0,0.0,0.0,16
2023-05-10 21:02:37,au2312P472,au2312P472,28.54,0.0,0.0,0.0,1,26.94,27.08,1,28.54,0.0,0.0,0.0,0.0,0.0,16
2023-05-10 21:02:37,au2312P472,au2312P472,28.54,0.0,0.0,0.0,1,26.94,27.28,1,28.54,0.0,0.0,0.0,0.0,0.0,16
2023-05-10 21:02:38,au2312P472,au2312P472,28.54,0.0,0.0,0.0,1,26.94,27.1,1,28.54,0.0,0.0,0.0,0.0,0.0,16
2023-05-10 21:02:40,au2312P472,au2312P472,28.54,0.0,0.0,0.0,1,26.9,27.1,1,28.54,0.0,0.0,0.0,0.0,0.0,16
2023-05-10 21:02:40,au2312P472,au2312P472,28.54,0.0,0.0,0.0,1,26.9,27.08,1,28.54,0.0,0.0,0.0,0.0,0.0,16
2023-05-10 21:02:41,au2312P472,au2312P472,28.54,0.0,0.0,0.0,1,26.9,27.06,1,28.54,0.0,0.0,0.0,0.0,0.0,16
2023-05-10 21:02:54,au2312P472,au2312P472,28.54,0.0,0.0,0.0,1,26.84,27.04,1,28.54,0.0,0.0,0.0,0.0,0.0,16
2023-05-10 21:02:55,au2312P472,au2312P472,28.54,0.0,0.0,0.0,1,26.86,27.04,1,28.54,0.0,0.0,0.0,0.0,0.0,16
2023-05-10 21:03:00,au2312P472,au2312P472,28.54,0.0,0.0,0.0,1,26.86,27.02,1,28.54,0.0,0.0,0.0,0.0,0.0,16
2023-05-10 21:03:01,au2312P472,au2312P472,28.54,0.0,0.0,0.0,1,26.84,27.0,1,28.54,0.0,0.0,0.0,0.0,0.0,16
2023-05-10 21:03:01,au2312P472,au2312P472,28.54,0.0,0.0,0.0,1,26.34,26.98,1,28.54,0.0,0.0,0.0,0.0,0.0,16
2023-05-10 21:03:02,au2312P472,au2312P472,28.54,0.0,0.0,0.0,1,26.82,26.98,1,28.54,0.0,0.0,0.0,0.0,0.0,16
2023-05-10 21:03:09,au2312P472,au2312P472,28.54,0.0,0.0,0.0,1,26.76,26.98,1,28.54,0.0,0.0,0.0,0.0,0.0,16
2023-05-10 21:03:09,au2312P472,au2312P472,28.54,0.0,0.0,0.0,1,26.78,26.98,1,28.54,0.0,0.0,0.0,0.0,0.0,16
2023-05-10 21:03:12,au2312P472,au2312P472,28.54,0.0,0.0,0.0,1,26.78,26.96,1,28.54,0.0,0.0,0.0,0.0,0.0,16
2023-05-10 21:03:13,au2312P472,au2312P472,28.54,0.0,0.0,0.0,1,26.78,26.94,1,28.54,0.0,0.0,0.0,0.0,0.0,16
2023-05-10 21:03:17,au2312P472,au2312P472,28.54,0.0,0.0,0.0,1,26.8,27.0,1,28.54,0.0,0.0,0.0,0.0,0.0,16
2023-05-10 21:03:18,au2312P472,au2312P472,28.54,0.0,0.0,0.0,1,26.84,27.0,1,28.54,0.0,0.0,0.0,0.0,0.0,16
2023-05-10 21:03:18,au2312P472,au2312P472,28.54,0.0,0.0,0.0,1,26.84,27.04,1,28.54,0.0,0.0,0.0,0.0,0.0,16
2023-05-10 21:03:20,au2312P472,au2312P472,28.54,0.0,0.0,0.0,1,26.86,27.04,1,28.54,0.0,0.0,0.0,0.0,0.0,16
2023-05-10 21:03:22,au2312P472,au2312P472,28.54,0.0,0.0,0.0,1,26.34,27.0,1,28.54,0.0,0.0,0.0,0.0,0.0,16
2023-05-10 21:03:23,au2312P472,au2312P472,28.54,0.0,0.0,0.0,1,26.8,27.0,1,28.54,0.0,0.0,0.0,0.0,0.0,16
2023-05-10 21:03:25,au2312P472,au2312P472,28.54,0.0,0.0,0.0,1,26.82,27.0,1,28.54,0.0,0.0,0.0,0.0,0.0,16
2023-05-10 21:03:34,au2312P472,au2312P472,28.54,0.0,0.0,0.0,1,26.82,26.98,1,28.54,0.0,0.0,0.0,0.0,0.0,16
2023-05-10 21:03:39,au2312P472,au2312P472,28.54,0.0,0.0,0.0,1,26.82,27.0,1,28.54,0.0,0.0,0.0,0.0,0.0,16
2023-05-10 21:03:40,au2312P472,au2312P472,28.54,0.0,0.0,0.0,1,26.84,27.0,1,28.54,0.0,0.0,0.0,0.0,0.0,16
2023-05-10 21:03:44,au2312P472,au2312P472,28.54,0.0,0.0,0.0,1,26.82,26.98,1,28.54,0.0,0.0,0.0,0.0,0.0,16
2023-05-10 21:03:48,au2312P472,au2312P472,28.54,0.0,0.0,0.0,1,26.82,27.0,1,28.54,0.0,0.0,0.0,0.0,0.0,16
2023-05-10 21:03:48,au2312P472,au2312P472,28.54,0.0,0.0,0.0,1,26.84,27.0,1,28.54,0.0,0.0,0.0,0.0,0.0,16
2023-05-10 21:03:49,au2312P472,au2312P472,28.54,0.0,0.0,0.0,1,26.84,27.06,1,28.54,0.0,0.0,0.0,0.0,0.0,16
2023-05-10 21:03:50,au2312P472,au2312P472,28.54,0.0,0.0,0.0,1,26.86,27.06,1,28.54,0.0,0.0,0.0,0.0,0.0,16
2023-05-10 21:03:50,au2312P472,au2312P472,28.54,0.0,0.0,0.0,1,26.86,27.04,1,28.54,0.0,0.0,0.0,0.0,0.0,16
2023-05-10 21:03:51,au2312P472,au2312P472,28.54,0.0,0.0,0.0,1,26.86,27.02,1,28.54,0.0,0.0,0.0,0.0,0.0,16
2023-05-10 21:03:53,au2312P472,au2312P472,28.54,0.0,0.0,0.0,1,26.88,27.04,1,28.54,0.0,0.0,0.0,0.0,0.0,16
2023-05-10 21:03:55,au2312P472,au2312P472,28.54,0.0,0.0,0.0,1,26.9,27.1,1,28.54,0.0,0.0,0.0,0.0,0.0,16
2023-05-10 21:03:56,au2312P472,au2312P472,28.54,0.0,0.0,0.0,1,26.9,27.08,1,28.54,0.0,0.0,0.0,0.0,0.0,16
2023-05-10 21:03:56,au2312P472,au2312P472,28.54,0.0,0.0,0.0,1,26.9,27.06,1,28.54,0.0,0.0,0.0,0.0,0.0,16
2023-05-10 21:03:57,au2312P472,au2312P472,28.54,0.0,0.0,0.0,1,26.88,27.04,1,28.54,0.0,0.0,0.0,0.0,0.0,16
2023-05-10 21:03:59,au2312P472,au2312P472,28.54,0.0,0.0,0.0,1,26.92,27.1,1,28.54,0.0,0.0,0.0,0.0,0.0,16
2023-05-10 21:04:00,au2312P472,au2312P472,28.54,0.0,0.0,0.0,1,26.88,27.06,1,28.54,0.0,0.0,0.0,0.0,0.0,16
2023-05-10 21:04:05,au2312P472,au2312P472,28.54,0.0,0.0,0.0,1,26.34,27.04,1,28.54,0.0,0.0,0.0,0.0,0.0,16
2023-05-10 21:04:06,au2312P472,au2312P472,28.54,0.0,0.0,0.0,1,26.82,27.04,1,28.54,0.0,0.0,0.0,0.0,0.0,16
2023-05-10 21:04:06,au2312P472,au2312P472,28.54,0.0,0.0,0.0,1,26.84,27.04,1,28.54,0.0,0.0,0.0,0.0,0.0,16
2023-05-10 21:04:07,au2312P472,au2312P472,28.54,0.0,0.0,0.0,1,26.86,27.04,1,28.54,0.0,0.0,0.0,0.0,0.0,16
2023-05-10 21:04:10,au2312P472,au2312P472,28.54,0.0,0.0,0.0,1,26.9,27.06,1,28.54,0.0,0.0,0.0,0.0,0.0,16
2023-05-10 21:04:14,au2312P472,au2312P472,28.54,0.0,0.0,0.0,1,26.86,27.04,1,28.54,0.0,0.0,0.0,0.0,0.0,16
2023-05-10 21:04:15,au2312P472,au2312P472,28.54,0.0,0.0,0.0,1,26.9,27.06,1,28.54,0.0,0.0,0.0,0.0,0.0,16
2023-05-10 21:04:18,au2312P472,au2312P472,28.54,0.0,0.0,0.0,1,26.86,27.06,1,28.54,0.0,0.0,0.0,0.0,0.0,16
2023-05-10 21:04:19,au2312P472,au2312P472,28.54,0.0,0.0,0.0,1,26.88,27.06,1,28.54,0.0,0.0,0.0,0.0,0.0,16
2023-05-10 21:04:22,au2312P472,au2312P472,28.54,0.0,0.0,0.0,1,26.86,27.02,1,28.54,0.0,0.0,0.0,0.0,0.0,16
2023-05-10 21:04:31,au2312P472,au2312P472,28.54,0.0,0.0,0.0,1,26.8,27.02,1,28.54,0.0,0.0,0.0,0.0,0.0,16
2023-05-10 21:04:31,au2312P472,au2312P472,28.54,0.0,0.0,0.0,1,26.8,27.0,1,28.54,0.0,0.0,0.0,0.0,0.0,16
2023-05-10 21:04:32,au2312P472,au2312P472,28.54,0.0,0.0,0.0,1,26.82,27.0,1,28.54,0.0,0.0,0.0,0.0,0.0,16
2023-05-10 21:04:33,au2312P472,au2312P472,28.54,0.0,0.0,0.0,1,26.84,27.0,1,28.54,0.0,0.0,0.0,0.0,0.0,16
2023-05-10 21:04:39,au2312P472,au2312P472,28.54,0.0,0.0,0.0,1,26.86,27.02,1,28.54,0.0,0.0,0.0,0.0,0.0,16
2023-05-10 21:04:41,au2312P472,au2312P472,28.54,0.0,0.0,0.0,1,26.84,27.0,1,28.54,0.0,0.0,0.0,0.0,0.0,16
2023-05-10 21:04:43,au2312P472,au2312P472,28.54,0.0,0.0,0.0,1,26.78,26.96,1,28.54,0.0,0.0,0.0,0.0,0.0,16
2023-05-10 21:04:44,au2312P472,au2312P472,28.54,0.0,0.0,0.0,1,26.78,27.0,1,28.54,0.0,0.0,0.0,0.0,0.0,16
2023-05-10 21:04:44,au2312P472,au2312P472,28.54,0.0,0.0,0.0,1,26.82,27.0,1,28.54,0.0,0.0,0.0,0.0,0.0,16
2023-05-10 21:04:45,au2312P472,au2312P472,28.54,0.0,0.0,0.0,1,26.84,27.0,1,28.54,0.0,0.0,0.0,0.0,0.0,16
2023-05-10 21:04:47,au2312P472,au2312P472,28.54,0.0,0.0,0.0,1,26.84,27.04,1,28.54,0.0,0.0,0.0,0.0,0.0,16
2023-05-10 21:04:50,au2312P472,au2312P472,28.54,0.0,0.0,0.0,1,26.84,27.0,1,28.54,0.0,0.0,0.0,0.0,0.0,16
2023-05-10 21:04:54,au2312P472,au2312P472,28.54,0.0,0.0,0.0,1,26.82,27.0,1,28.54,0.0,0.0,0.0,0.0,0.0,16
2023-05-10 21:04:55,au2312P472,au2312P472,28.54,0.0,0.0,0.0,1,26.78,26.96,1,28.54,0.0,0.0,0.0,0.0,0.0,16
2023-05-10 21:04:56,au2312P472,au2312P472,28.54,0.0,0.0,0.0,1,26.8,26.96,1,28.54,0.0,0.0,0.0,0.0,0.0,16
2023-05-10 21:04:56,au2312P472,au2312P472,28.54,0.0,0.0,0.0,1,26.82,27.0,1,28.54,0.0,0.0,0.0,0.0,0.0,16
2023-05-10 21:04:57,au2312P472,au2312P472,28.54,0.0,0.0,0.0,1,26.84,27.04,1,28.54,0.0,0.0,0.0,0.0,0.0,16
2023-05-10 21:04:58,au2312P472,au2312P472,28.54,0.0,0.0,0.0,1,26.88,27.04,1,28.54,0.0,0.0,0.0,0.0,0.0,16
2023-05-10 21:04:59,au2312P472,au2312P472,28.54,0.0,0.0,0.0,1,26.88,27.08,1,28.54,0.0,0.0,0.0,0.0,0.0,16
2023-05-10 21:05:01,au2312P472,au2312P472,28.54,0.0,0.0,0.0,1,26.9,27.08,1,28.54,0.0,0.0,0.0,0.0,0.0,16
2023-05-10 21:05:04,au2312P472,au2312P472,28.54,0.0,0.0,0.0,1,26.92,27.08,1,28.54,0.0,0.0,0.0,0.0,0.0,16
2023-05-10 21:05:05,au2312P472,au2312P472,28.54,0.0,0.0,0.0,1,26.94,27.1,1,28.54,0.0,0.0,0.0,0.0,0.0,16
2023-05-10 21:05:09,au2312P472,au2312P472,28.54,0.0,0.0,0.0,1,26.94,27.14,1,28.54,0.0,0.0,0.0,0.0,0.0,16
2023-05-10 21:05:10,au2312P472,au2312P472,28.54,0.0,0.0,0.0,1,26.94,27.1,1,28.54,0.0,0.0,0.0,0.0,0.0,16
2023-05-10 21:05:10,au2312P472,au2312P472,28.54,0.0,0.0,0.0,1,26.92,27.1,1,28.54,0.0,0.0,0.0,0.0,0.0,16
2023-05-10 21:05:12,au2312P472,au2312P472,28.54,0.0,0.0,0.0,1,26.34,27.04,1,28.54,0.0,0.0,0.0,0.0,0.0,16
2023-05-10 21:05:12,au2312P472,au2312P472,28.54,0.0,0.0,0.0,1,26.86,27.04,1,28.54,0.0,0.0,0.0,0.0,0.0,16
2023-05-10 21:05:13,au2312P472,au2312P472,28.54,0.0,0.0,0.0,1,26.86,27.08,1,28.54,0.0,0.0,0.0,0.0,0.0,16
2023-05-10 21:05:13,au2312P472,au2312P472,28.54,0.0,0.0,0.0,1,26.9,27.08,1,28.54,0.0,0.0,0.0,0.0,0.0,16
2023-05-10 21:05:14,au2312P472,au2312P472,28.54,0.0,0.0,0.0,1,26.9,27.04,1,28.54,0.0,0.0,0.0,0.0,0.0,16
2023-05-10 21:05:15,au2312P472,au2312P472,28.54,0.0,0.0,0.0,1,26.86,27.04,1,28.54,0.0,0.0,0.0,0.0,0.0,16
2023-05-10 21:05:19,au2312P472,au2312P472,28.54,0.0,0.0,0.0,1,26.86,27.02,1,28.54,0.0,0.0,0.0,0.0,0.0,16
2023-05-10 21:05:28,au2312P472,au2312P472,28.54,0.0,0.0,0.0,1,26.8,26.98,1,28.54,0.0,0.0,0.0,0.0,0.0,16
2023-05-10 21:05:33,au2312P472,au2312P472,28.54,0.0,0.0,0.0,1,26.82,26.98,1,28.54,0.0,0.0,0.0,0.0,0.0,16
2023-05-10 21:05:35,au2312P472,au2312P472,28.54,0.0,0.0,0.0,1,26.84,27.02,1,28.54,0.0,0.0,0.0,0.0,0.0,16
2023-05-10 21:05:39,au2312P472,au2312P472,28.54,0.0,0.0,0.0,1,26.86,27.02,1,28.54,0.0,0.0,0.0,0.0,0.0,16
2023-05-10 21:05:52,au2312P472,au2312P472,28.54,0.0,0.0,0.0,1,26.9,27.06,1,28.54,0.0,0.0,0.0,0.0,0.0,16
2023-05-10 21:05:57,au2312P472,au2312P472,28.54,0.0,0.0,0.0,1,26.92,27.12,1,28.54,0.0,0.0,0.0,0.0,0.0,16
2023-05-10 21:05:57,au2312P472,au2312P472,28.54,0.0,0.0,0.0,1,26.92,27.28,1,28.54,0.0,0.0,0.0,0.0,0.0,16
2023-05-10 21:05:58,au2312P472,au2312P472,28.54,0.0,0.0,0.0,1,26.96,27.14,1,28.54,0.0,0.0,0.0,0.0,0.0,16
2023-05-10 21:05:59,au2312P472,au2312P472,28.54,0.0,0.0,0.0,1,26.96,27.1,1,28.54,0.0,0.0,0.0,0.0,0.0,16
2023-05-10 21:06:01,au2312P472,au2312P472,28.54,0.0,0.0,0.0,1,26.92,27.1,1,28.54,0.0,0.0,0.0,0.0,0.0,16
2023-05-10 21:06:07,au2312P472,au2312P472,28.54,0.0,0.0,0.0,1,26.94,27.1,1,28.54,0.0,0.0,0.0,0.0,0.0,16
2023-05-10 21:06:08,au2312P472,au2312P472,28.54,0.0,0.0,0.0,1,26.96,27.14,1,28.54,0.0,0.0,0.0,0.0,0.0,16
2023-05-10 21:06:09,au2312P472,au2312P472,28.54,0.0,0.0,0.0,1,26.98,27.14,1,28.54,0.0,0.0,0.0,0.0,0.0,16
2023-05-10 21:06:11,au2312P472,au2312P472,28.54,0.0,0.0,0.0,1,27.02,27.28,1,28.54,0.0,0.0,0.0,0.0,0.0,16
2023-05-10 21:06:12,au2312P472,au2312P472,28.54,0.0,0.0,0.0,1,26.98,27.16,1,28.54,0.0,0.0,0.0,0.0,0.0,16
2023-05-10 21:06:13,au2312P472,au2312P472,28.54,0.0,0.0,0.0,1,26.98,27.14,1,28.54,0.0,0.0,0.0,0.0,0.0,16
2023-05-10 21:06:19,au2312P472,au2312P472,28.54,0.0,0.0,0.0,1,27.0,27.16,1,28.54,0.0,0.0,0.0,0.0,0.0,16
2023-05-10 21:06:24,au2312P472,au2312P472,28.54,0.0,0.0,0.0,1,26.98,27.14,1,28.54,0.0,0.0,0.0,0.0,0.0,16
2023-05-10 21:06:33,au2312P472,au2312P472,28.54,0.0,0.0,0.0,1,26.92,27.12,1,28.54,0.0,0.0,0.0,0.0,0.0,16
2023-05-10 21:06:36,au2312P472,au2312P472,28.54,0.0,0.0,0.0,1,26.92,27.1,1,28.54,0.0,0.0,0.0,0.0,0.0,16
2023-05-10 21:06:40,au2312P472,au2312P472,28.54,0.0,0.0,0.0,1,26.94,27.1,1,28.54,0.0,0.0,0.0,0.0,0.0,16
2023-05-10 21:06:40,au2312P472,au2312P472,28.54,0.0,0.0,0.0,1,26.96,27.28,1,28.54,0.0,0.0,0.0,0.0,0.0,16
2023-05-10 21:06:41,au2312P472,au2312P472,28.54,0.0,0.0,0.0,1,26.96,27.16,1,28.54,0.0,0.0,0.0,0.0,0.0,16
2023-05-10 21:06:42,au2312P472,au2312P472,28.54,0.0,0.0,0.0,1,26.96,27.14,1,28.54,0.0,0.0,0.0,0.0,0.0,16
2023-05-10 21:06:46,au2312P472,au2312P472,28.54,0.0,0.0,0.0,1,26.98,27.14,1,28.54,0.0,0.0,0.0,0.0,0.0,16
2023-05-10 21:06:55,au2312P472,au2312P472,28.54,0.0,0.0,0.0,1,26.98,27.16,1,28.54,0.0,0.0,0.0,0.0,0.0,16
2023-05-10 21:06:56,au2312P472,au2312P472,28.54,0.0,0.0,0.0,1,27.0,27.16,1,28.54,0.0,0.0,0.0,0.0,0.0,16
2023-05-10 21:06:57,au2312P472,au2312P472,28.54,0.0,0.0,0.0,1,27.0,27.22,1,28.54,0.0,0.0,0.0,0.0,0.0,16
2023-05-10 21:06:58,au2312P472,au2312P472,28.54,0.0,0.0,0.0,1,27.02,27.22,1,28.54,0.0,0.0,0.0,0.0,0.0,16
2023-05-10 21:07:03,au2312P472,au2312P472,28.54,0.0,0.0,0.0,1,27.06,27.22,1,28.54,0.0,0.0,0.0,0.0,0.0,16
2023-05-10 21:07:04,au2312P472,au2312P472,28.54,0.0,0.0,0.0,1,27.02,27.18,1,28.54,0.0,0.0,0.0,0.0,0.0,16
2023-05-10 21:07:21,au2312P472,au2312P472,28.54,0.0,0.0,0.0,1,27.02,27.22,1,28.54,0.0,0.0,0.0,0.0,0.0,16
2023-05-10 21:07:21,au2312P472,au2312P472,28.54,0.0,0.0,0.0,1,27.02,27.28,1,28.54,0.0,0.0,0.0,0.0,0.0,16
2023-05-10 21:07:22,au2312P472,au2312P472,28.54,0.0,0.0,0.0,1,27.08,27.28,2,28.54,0.0,0.0,0.0,0.0,0.0,16
2023-05-10 21:07:23,au2312P472,au2312P472,28.54,0.0,0.0,0.0,1,27.08,27.24,1,28.54,0.0,0.0,0.0,0.0,0.0,16
2023-05-10 21:07:23,au2312P472,au2312P472,28.54,0.0,0.0,0.0,1,27.02,27.22,1,28.54,0.0,0.0,0.0,0.0,0.0,16
2023-05-10 21:07:26,au2312P472,au2312P472,28.54,0.0,0.0,0.0,1,27.02,27.2,1,28.54,0.0,0.0,0.0,0.0,0.0,16
2023-05-10 21:07:27,au2312P472,au2312P472,28.54,0.0,0.0,0.0,1,27.02,27.18,1,28.54,0.0,0.0,0.0,0.0,0.0,16
2023-05-10 21:07:30,au2312P472,au2312P472,28.54,0.0,0.0,0.0,1,27.02,27.2,1,28.54,0.0,0.0,0.0,0.0,0.0,16
2023-05-10 21:07:32,au2312P472,au2312P472,28.54,0.0,0.0,0.0,1,27.04,27.26,1,28.54,0.0,0.0,0.0,0.0,0.0,16
2023-05-10 21:07:33,au2312P472,au2312P472,28.54,0.0,0.0,0.0,1,27.04,27.24,1,28.54,0.0,0.0,0.0,0.0,0.0,16
2023-05-10 21:07:34,au2312P472,au2312P472,28.54,0.0,0.0,0.0,1,27.04,27.22,1,28.54,0.0,0.0,0.0,0.0,0.0,16
2023-05-10 21:07:39,au2312P472,au2312P472,28.54,0.0,0.0,0.0,1,27.06,27.62,1,28.54,0.0,0.0,0.0,0.0,0.0,16
2023-05-10 21:07:40,au2312P472,au2312P472,28.54,0.0,0.0,0.0,1,27.1,27.3,1,28.54,0.0,0.0,0.0,0.0,0.0,16
2023-05-10 21:07:42,au2312P472,au2312P472,28.54,0.0,0.0,0.0,1,27.1,27.28,1,28.54,0.0,0.0,0.0,0.0,0.0,16
2023-05-10 21:07:43,au2312P472,au2312P472,28.54,0.0,0.0,0.0,1,27.1,27.26,1,28.54,0.0,0.0,0.0,0.0,0.0,16
2023-05-10 21:07:46,au2312P472,au2312P472,28.54,0.0,0.0,0.0,1,27.06,27.24,1,28.54,0.0,0.0,0.0,0.0,0.0,16
2023-05-10 21:07:49,au2312P472,au2312P472,28.54,0.0,0.0,0.0,1,27.08,27.24,1,28.54,0.0,0.0,0.0,0.0,0.0,16
2023-05-10 21:07:50,au2312P472,au2312P472,28.54,0.0,0.0,0.0,1,27.08,27.26,1,28.54,0.0,0.0,0.0,0.0,0.0,16
2023-05-10 21:07:53,au2312P472,au2312P472,28.54,0.0,0.0,0.0,1,27.1,27.26,1,28.54,0.0,0.0,0.0,0.0,0.0,16
2023-05-10 21:07:57,au2312P472,au2312P472,28.54,0.0,0.0,0.0,1,27.1,27.32,1,28.54,0.0,0.0,0.0,0.0,0.0,16
2023-05-10 21:07:57,au2312P472,au2312P472,28.54,0.0,0.0,0.0,1,27.1,27.3,1,28.54,0.0,0.0,0.0,0.0,0.0,16
2023-05-10 21:07:58,au2312P472,au2312P472,28.54,0.0,0.0,0.0,1,27.1,27.26,1,28.54,0.0,0.0,0.0,0.0,0.0,16
2023-05-10 21:08:03,au2312P472,au2312P472,28.54,0.0,0.0,0.0,1,27.12,27.36,1,28.54,0.0,0.0,0.0,0.0,0.0,16
2023-05-10 21:08:04,au2312P472,au2312P472,28.54,0.0,0.0,0.0,1,27.16,27.36,1,28.54,0.0,0.0,0.0,0.0,0.0,16
2023-05-10 21:08:05,au2312P472,au2312P472,28.54,0.0,0.0,0.0,1,27.12,27.32,1,28.54,0.0,0.0,0.0,0.0,0.0,16
2023-05-10 21:08:06,au2312P472,au2312P472,28.54,0.0,0.0,0.0,1,27.12,27.28,1,28.54,0.0,0.0,0.0,0.0,0.0,16
2023-05-10 21:08:14,au2312P472,au2312P472,28.54,0.0,0.0,0.0,1,27.12,27.32,1,28.54,0.0,0.0,0.0,0.0,0.0,16
2023-05-10 21:08:14,au2312P472,au2312P472,28.54,0.0,0.0,0.0,1,27.16,27.32,1,28.54,0.0,0.0,0.0,0.0,0.0,16
2023-05-10 21:08:17,au2312P472,au2312P472,28.54,0.0,0.0,0.0,1,27.12,27.3,1,28.54,0.0,0.0,0.0,0.0,0.0,16
2023-05-10 21:08:19,au2312P472,au2312P472,28.54,0.0,0.0,0.0,1,27.12,27.28,1,28.54,0.0,0.0,0.0,0.0,0.0,16
2023-05-10 21:08:19,au2312P472,au2312P472,28.54,0.0,0.0,0.0,1,27.06,27.28,1,28.54,0.0,0.0,0.0,0.0,0.0,16
2023-05-10 21:08:20,au2312P472,au2312P472,28.54,0.0,0.0,0.0,1,27.06,27.26,1,28.54,0.0,0.0,0.0,0.0,0.0,16
2023-05-10 21:08:24,au2312P472,au2312P472,28.54,0.0,0.0,0.0,1,26.34,27.24,1,28.54,0.0,0.0,0.0,0.0,0.0,16
2023-05-10 21:08:25,au2312P472,au2312P472,28.54,0.0,0.0,0.0,1,27.0,27.2,1,28.54,0.0,0.0,0.0,0.0,0.0,16
2023-05-10 21:08:26,au2312P472,au2312P472,28.54,0.0,0.0,0.0,1,27.02,27.2,1,28.54,0.0,0.0,0.0,0.0,0.0,16
2023-05-10 21:08:26,au2312P472,au2312P472,28.54,0.0,0.0,0.0,1,27.04,27.2,1,28.54,0.0,0.0,0.0,0.0,0.0,16
2023-05-10 21:08:30,au2312P472,au2312P472,28.54,0.0,0.0,0.0,1,27.04,27.24,1,28.54,0.0,0.0,0.0,0.0,0.0,16
2023-05-10 21:08:35,au2312P472,au2312P472,28.54,0.0,0.0,0.0,1,27.04,27.22,1,28.54,0.0,0.0,0.0,0.0,0.0,16
2023-05-10 21:08:36,au2312P472,au2312P472,28.54,0.0,0.0,0.0,1,27.08,27.24,1,28.54,0.0,0.0,0.0,0.0,0.0,16
2023-05-10 21:08:37,au2312P472,au2312P472,28.54,0.0,0.0,0.0,1,27.08,27.62,1,28.54,0.0,0.0,0.0,0.0,0.0,16
2023-05-10 21:08:37,au2312P472,au2312P472,28.54,0.0,0.0,0.0,1,27.08,27.28,1,28.54,0.0,0.0,0.0,0.0,0.0,16
2023-05-10 21:08:40,au2312P472,au2312P472,28.54,0.0,0.0,0.0,1,27.12,27.28,1,28.54,0.0,0.0,0.0,0.0,0.0,16
2023-05-10 21:08:40,au2312P472,au2312P472,28.54,0.0,0.0,0.0,1,27.12,27.32,1,28.54,0.0,0.0,0.0,0.0,0.0,16
2023-05-10 21:08:43,au2312P472,au2312P472,28.54,0.0,0.0,0.0,1,27.14,27.32,1,28.54,0.0,0.0,0.0,0.0,0.0,16
2023-05-10 21:08:44,au2312P472,au2312P472,28.54,0.0,0.0,0.0,1,27.16,27.32,1,28.54,0.0,0.0,0.0,0.0,0.0,16
2023-05-10 21:08:45,au2312P472,au2312P472,28.54,0.0,0.0,0.0,1,27.2,27.38,1,28.54,0.0,0.0,0.0,0.0,0.0,16
2023-05-10 21:08:47,au2312P472,au2312P472,28.54,0.0,0.0,0.0,1,27.2,27.34,1,28.54,0.0,0.0,0.0,0.0,0.0,16
2023-05-10 21:08:47,au2312P472,au2312P472,28.54,0.0,0.0,0.0,1,27.16,27.34,1,28.54,0.0,0.0,0.0,0.0,0.0,16
2023-05-10 21:08:52,au2312P472,au2312P472,28.54,0.0,0.0,0.0,1,27.18,27.34,1,28.54,0.0,0.0,0.0,0.0,0.0,16
2023-05-10 21:08:52,au2312P472,au2312P472,28.54,0.0,0.0,0.0,1,27.18,27.38,1,28.54,0.0,0.0,0.0,0.0,0.0,16
2023-05-10 21:08:53,au2312P472,au2312P472,28.54,0.0,0.0,0.0,1,27.2,27.38,1,28.54,0.0,0.0,0.0,0.0,0.0,16
2023-05-10 21:08:55,au2312P472,au2312P472,28.54,0.0,0.0,0.0,1,27.2,27.36,1,28.54,0.0,0.0,0.0,0.0,0.0,16
2023-05-10 21:08:56,au2312P472,au2312P472,28.54,0.0,0.0,0.0,1,27.18,27.36,1,28.54,0.0,0.0,0.0,0.0,0.0,16
2023-05-10 21:08:59,au2312P472,au2312P472,28.54,0.0,0.0,0.0,1,27.18,27.34,1,28.54,0.0,0.0,0.0,0.0,0.0,16
2023-05-10 21:09:01,au2312P472,au2312P472,28.54,0.0,0.0,0.0,1,26.34,27.3,1,28.54,0.0,0.0,0.0,0.0,0.0,16
2023-05-10 21:09:02,au2312P472,au2312P472,28.54,0.0,0.0,0.0,1,27.12,27.3,1,28.54,0.0,0.0,0.0,0.0,0.0,16
2023-05-10 21:09:03,au2312P472,au2312P472,28.54,0.0,0.0,0.0,1,27.14,27.3,1,28.54,0.0,0.0,0.0,0.0,0.0,16
2023-05-10 21:09:04,au2312P472,au2312P472,28.54,0.0,0.0,0.0,1,27.16,27.34,1,28.54,0.0,0.0,0.0,0.0,0.0,16
2023-05-10 21:09:08,au2312P472,au2312P472,28.54,0.0,0.0,0.0,1,27.18,27.34,1,28.54,0.0,0.0,0.0,0.0,0.0,16
2023-05-10 21:09:11,au2312P472,au2312P472,28.54,0.0,0.0,0.0,1,27.2,27.4,1,28.54,0.0,0.0,0.0,0.0,0.0,16
2023-05-10 21:09:12,au2312P472,au2312P472,28.54,0.0,0.0,0.0,1,27.2,27.62,1,28.54,0.0,0.0,0.0,0.0,0.0,16
2023-05-10 21:09:12,au2312P472,au2312P472,28.54,0.0,0.0,0.0,1,27.3,27.5,1,28.54,0.0,0.0,0.0,0.0,0.0,16
2023-05-10 21:09:13,au2312P472,au2312P472,28.54,0.0,0.0,0.0,1,27.3,27.46,1,28.54,0.0,0.0,0.0,0.0,0.0,16
2023-05-10 21:09:15,au2312P472,au2312P472,28.54,0.0,0.0,0.0,1,27.2,27.44,1,28.54,0.0,0.0,0.0,0.0,0.0,16
2023-05-10 21:09:16,au2312P472,au2312P472,28.54,0.0,0.0,0.0,1,27.22,27.44,1,28.54,0.0,0.0,0.0,0.0,0.0,16
2023-05-10 21:09:17,au2312P472,au2312P472,28.54,0.0,0.0,0.0,1,27.24,27.44,1,28.54,0.0,0.0,0.0,0.0,0.0,16
2023-05-10 21:09:19,au2312P472,au2312P472,28.54,0.0,0.0,0.0,1,27.24,27.42,1,28.54,0.0,0.0,0.0,0.0,0.0,16
2023-05-10 21:09:19,au2312P472,au2312P472,28.54,0.0,0.0,0.0,1,27.24,27.4,1,28.54,0.0,0.0,0.0,0.0,0.0,16
2023-05-10 21:09:22,au2312P472,au2312P472,28.54,0.0,0.0,0.0,1,27.22,27.4,1,28.54,0.0,0.0,0.0,0.0,0.0,16
2023-05-10 21:09:23,au2312P472,au2312P472,28.54,0.0,0.0,0.0,1,27.22,27.38,1,28.54,0.0,0.0,0.0,0.0,0.0,16
2023-05-10 21:09:26,au2312P472,au2312P472,28.54,0.0,0.0,0.0,1,26.34,27.34,1,28.54,0.0,0.0,0.0,0.0,0.0,16
2023-05-10 21:09:27,au2312P472,au2312P472,28.54,0.0,0.0,0.0,1,27.14,27.34,1,28.54,0.0,0.0,0.0,0.0,0.0,16
2023-05-10 21:09:27,au2312P472,au2312P472,28.54,0.0,0.0,0.0,1,27.16,27.34,1,28.54,0.0,0.0,0.0,0.0,0.0,16
2023-05-10 21:09:28,au2312P472,au2312P472,28.54,0.0,0.0,0.0,1,27.16,27.38,1,28.54,0.0,0.0,0.0,0.0,0.0,16
2023-05-10 21:09:28,au2312P472,au2312P472,28.54,0.0,0.0,0.0,1,27.2,27.38,1,28.54,0.0,0.0,0.0,0.0,0.0,16
2023-05-10 21:09:29,au2312P472,au2312P472,28.54,0.0,0.0,0.0,1,27.2,27.36,1,28.54,0.0,0.0,0.0,0.0,0.0,16
2023-05-10 21:09:31,au2312P472,au2312P472,28.54,0.0,0.0,0.0,1,27.16,27.34,1,28.54,0.0,0.0,0.0,0.0,0.0,16
2023-05-10 21:09:39,au2312P472,au2312P472,28.54,0.0,0.0,0.0,1,27.18,27.34,1,28.54,0.0,0.0,0.0,0.0,0.0,16
2023-05-10 21:09:44,au2312P472,au2312P472,28.54,0.0,0.0,0.0,1,27.16,27.34,1,28.54,0.0,0.0,0.0,0.0,0.0,16
2023-05-10 21:09:44,au2312P472,au2312P472,28.54,0.0,0.0,0.0,1,27.16,27.32,1,28.54,0.0,0.0,0.0,0.0,0.0,16
2023-05-10 21:09:46,au2312P472,au2312P472,28.54,0.0,0.0,0.0,1,27.18,27.62,1,28.54,0.0,0.0,0.0,0.0,0.0,16
2023-05-10 21:09:48,au2312P472,au2312P472,28.54,0.0,0.0,0.0,1,27.18,27.4,1,28.54,0.0,0.0,0.0,0.0,0.0,16
2023-05-10 21:09:49,au2312P472,au2312P472,28.54,0.0,0.0,0.0,1,27.18,27.38,1,28.54,0.0,0.0,0.0,0.0,0.0,16
2023-05-10 21:09:51,au2312P472,au2312P472,28.54,0.0,0.0,0.0,1,27.2,27.38,1,28.54,0.0,0.0,0.0,0.0,0.0,16
2023-05-10 21:09:56,au2312P472,au2312P472,28.54,0.0,0.0,0.0,1,27.22,27.62,1,28.54,0.0,0.0,0.0,0.0,0.0,16
2023-05-10 21:09:56,au2312P472,au2312P472,28.54,0.0,0.0,0.0,1,27.24,27.44,1,28.54,0.0,0.0,0.0,0.0,0.0,16
2023-05-10 21:09:58,au2312P472,au2312P472,28.54,0.0,0.0,0.0,1,27.26,27.44,1,28.54,0.0,0.0,0.0,0.0,0.0,16
2023-05-10 21:10:02,au2312P472,au2312P472,28.54,0.0,0.0,0.0,1,27.32,27.62,1,28.54,0.0,0.0,0.0,0.0,0.0,16
2023-05-10 21:10:03,au2312P472,au2312P472,28.54,0.0,0.0,0.0,1,27.32,27.5,1,28.54,0.0,0.0,0.0,0.0,0.0,16
2023-05-10 21:10:04,au2312P472,au2312P472,28.54,0.0,0.0,0.0,1,27.32,27.48,1,28.54,0.0,0.0,0.0,0.0,0.0,16
2023-05-10 21:10:19,au2312P472,au2312P472,28.54,0.0,0.0,0.0,1,27.32,27.46,1,28.54,0.0,0.0,0.0,0.0,0.0,16
2023-05-10 21:10:19,au2312P472,au2312P472,28.54,0.0,0.0,0.0,1,26.34,27.46,1,28.54,0.0,0.0,0.0,0.0,0.0,16
2023-05-10 21:10:20,au2312P472,au2312P472,28.54,0.0,0.0,0.0,1,26.36,27.42,1,28.54,0.0,0.0,0.0,0.0,0.0,16
2023-05-10 21:10:20,au2312P472,au2312P472,28.54,0.0,0.0,0.0,1,27.24,27.42,1,28.54,0.0,0.0,0.0,0.0,0.0,16
2023-05-10 21:10:21,au2312P472,au2312P472,28.54,0.0,0.0,0.0,1,27.24,27.42,1,28.54,0.0,0.0,0.0,0.0,0.0,16
2023-05-10 21:10:26,au2312P472,au2312P472,28.54,0.0,0.0,0.0,1,27.24,27.4,1,28.54,0.0,0.0,0.0,0.0,0.0,16
2023-05-10 21:10:26,au2312P472,au2312P472,28.54,0.0,0.0,0.0,1,27.18,27.38,1,28.54,0.0,0.0,0.0,0.0,0.0,16
2023-05-10 21:10:28,au2312P472,au2312P472,28.54,0.0,0.0,0.0,1,27.22,27.38,1,28.54,0.0,0.0,0.0,0.0,0.0,16
2023-05-10 21:10:43,au2312P472,au2312P472,28.54,0.0,0.0,0.0,1,27.22,27.36,1,28.54,0.0,0.0,0.0,0.0,0.0,16
2023-05-10 21:10:44,au2312P472,au2312P472,28.54,0.0,0.0,0.0,1,27.18,27.36,1,28.54,0.0,0.0,0.0,0.0,0.0,16
2023-05-10 21:10:45,au2312P472,au2312P472,28.54,0.0,0.0,0.0,1,27.18,27.34,1,28.54,0.0,0.0,0.0,0.0,0.0,16
2023-05-10 21:10:46,au2312P472,au2312P472,28.54,0.0,0.0,0.0,1,27.12,27.32,1,28.54,0.0,0.0,0.0,0.0,0.0,16
2023-05-10 21:10:50,au2312P472,au2312P472,28.54,0.0,0.0,0.0,1,27.14,27.32,1,28.54,0.0,0.0,0.0,0.0,0.0,16
2023-05-10 21:10:55,au2312P472,au2312P472,28.54,0.0,0.0,0.0,1,27.14,27.3,1,28.54,0.0,0.0,0.0,0.0,0.0,16
2023-05-10 21:10:56,au2312P472,au2312P472,28.54,0.0,0.0,0.0,1,27.12,27.28,1,28.54,0.0,0.0,0.0,0.0,0.0,16
2023-05-10 21:11:00,au2312P472,au2312P472,28.54,0.0,0.0,0.0,1,27.12,27.3,1,28.54,0.0,0.0,0.0,0.0,0.0,16
2023-05-10 21:11:07,au2312P472,au2312P472,28.54,0.0,0.0,0.0,1,27.12,27.28,1,28.54,0.0,0.0,0.0,0.0,0.0,16
2023-05-10 21:11:23,au2312P472,au2312P472,28.54,0.0,0.0,0.0,1,27.12,27.3,1,28.54,0.0,0.0,0.0,0.0,0.0,16
2023-05-10 21:11:24,au2312P472,au2312P472,28.54,0.0,0.0,0.0,1,27.14,27.3,1,28.54,0.0,0.0,0.0,0.0,0.0,16
2023-05-10 21:11:30,au2312P472,au2312P472,28.54,0.0,0.0,0.0,1,27.16,27.34,1,28.54,0.0,0.0,0.0,0.0,0.0,16
2023-05-10 21:11:37,au2312P472,au2312P472,28.54,0.0,0.0,0.0,1,27.16,27.32,1,28.54,0.0,0.0,0.0,0.0,0.0,16
2023-05-10 21:11:40,au2312P472,au2312P472,28.54,0.0,0.0,0.0,1,27.16,27.34,1,28.54,0.0,0.0,0.0,0.0,0.0,16
2023-05-10 21:11:43,au2312P472,au2312P472,28.54,0.0,0.0,0.0,1,27.18,27.34,1,28.54,0.0,0.0,0.0,0.0,0.0,16
2023-05-10 21:11:45,au2312P472,au2312P472,28.54,0.0,0.0,0.0,1,27.2,27.4,1,28.54,0.0,0.0,0.0,0.0,0.0,16
2023-05-10 21:11:46,au2312P472,au2312P472,28.54,0.0,0.0,0.0,1,27.24,27.62,1,28.54,0.0,0.0,0.0,0.0,0.0,16
2023-05-10 21:11:47,au2312P472,au2312P472,28.54,0.0,0.0,0.0,1,27.26,27.44,1,28.54,0.0,0.0,0.0,0.0,0.0,16
2023-05-10 21:11:47,au2312P472,au2312P472,28.54,0.0,0.0,0.0,1,27.3,27.62,1,28.54,0.0,0.0,0.0,0.0,0.0,16
2023-05-10 21:11:48,au2312P472,au2312P472,28.54,0.0,0.0,0.0,1,27.34,27.62,1,28.54,0.0,0.0,0.0,0.0,0.0,16
2023-05-10 21:11:49,au2312P472,au2312P472,28.54,0.0,0.0,0.0,1,27.34,27.48,1,28.54,0.0,0.0,0.0,0.0,0.0,16
2023-05-10 21:11:49,au2312P472,au2312P472,28.54,0.0,0.0,0.0,1,27.3,27.48,1,28.54,0.0,0.0,0.0,0.0,0.0,16
2023-05-10 21:11:57,au2312P472,au2312P472,28.54,0.0,0.0,0.0,1,27.3,27.46,1,28.54,0.0,0.0,0.0,0.0,0.0,16
2023-05-10 21:11:59,au2312P472,au2312P472,28.54,0.0,0.0,0.0,1,27.22,27.44,1,28.54,0.0,0.0,0.0,0.0,0.0,16
2023-05-10 21:11:59,au2312P472,au2312P472,28.54,0.0,0.0,0.0,1,27.24,27.44,1,28.54,0.0,0.0,0.0,0.0,0.0,16
2023-05-10 21:12:00,au2312P472,au2312P472,28.54,0.0,0.0,0.0,1,27.24,27.4,1,28.54,0.0,0.0,0.0,0.0,0.0,16
2023-05-10 21:12:11,au2312P472,au2312P472,28.54,0.0,0.0,0.0,1,27.22,27.4,1,28.54,0.0,0.0,0.0,0.0,0.0,16
2023-05-10 21:12:12,au2312P472,au2312P472,28.54,0.0,0.0,0.0,1,27.22,27.36,1,28.54,0.0,0.0,0.0,0.0,0.0,16
2023-05-10 21:12:13,au2312P472,au2312P472,28.54,0.0,0.0,0.0,1,27.16,27.36,1,28.54,0.0,0.0,0.0,0.0,0.0,16
2023-05-10 21:12:15,au2312P472,au2312P472,28.54,0.0,0.0,0.0,1,27.18,27.36,1,28.54,0.0,0.0,0.0,0.0,0.0,16
2023-05-10 21:12:21,au2312P472,au2312P472,28.54,0.0,0.0,0.0,1,27.2,27.36,1,28.54,0.0,0.0,0.0,0.0,0.0,16
2023-05-10 21:12:33,au2312P472,au2312P472,28.54,0.0,0.0,0.0,1,27.2,27.4,1,28.54,0.0,0.0,0.0,0.0,0.0,16
2023-05-10 21:12:36,au2312P472,au2312P472,28.54,0.0,0.0,0.0,1,27.22,27.4,1,28.54,0.0,0.0,0.0,0.0,0.0,16
2023-05-10 21:12:36,au2312P472,au2312P472,28.54,0.0,0.0,0.0,1,27.24,27.4,1,28.54,0.0,0.0,0.0,0.0,0.0,16
2023-05-10 21:12:37,au2312P472,au2312P472,28.54,0.0,0.0,0.0,1,27.24,27.44,1,28.54,0.0,0.0,0.0,0.0,0.0,16
2023-05-10 21:12:39,au2312P472,au2312P472,28.54,0.0,0.0,0.0,1,27.24,27.44,1,28.54,0.0,0.0,0.0,0.0,0.0,16
2023-05-10 21:12:41,au2312P472,au2312P472,28.54,0.0,0.0,0.0,1,27.28,27.44,1,28.54,0.0,0.0,0.0,0.0,0.0,16
2023-05-10 21:12:42,au2312P472,au2312P472,28.54,0.0,0.0,0.0,1,27.28,27.52,1,28.54,0.0,0.0,0.0,0.0,0.0,16
2023-05-10 21:12:43,au2312P472,au2312P472,28.54,0.0,0.0,0.0,1,27.28,27.48,1,28.54,0.0,0.0,0.0,0.0,0.0,16
2023-05-10 21:12:43,au2312P472,au2312P472,28.54,0.0,0.0,0.0,1,27.3,27.48,1,28.54,0.0,0.0,0.0,0.0,0.0,16
2023-05-10 21:12:46,au2312P472,au2312P472,28.54,0.0,0.0,0.0,1,27.34,27.52,1,28.54,0.0,0.0,0.0,0.0,0.0,16
2023-05-10 21:12:50,au2312P472,au2312P472,28.54,0.0,0.0,0.0,1,27.34,27.48,1,28.54,0.0,0.0,0.0,0.0,0.0,16
2023-05-10 21:12:51,au2312P472,au2312P472,28.54,0.0,0.0,0.0,1,27.3,27.48,1,28.54,0.0,0.0,0.0,0.0,0.0,16
2023-05-10 21:13:01,au2312P472,au2312P472,28.54,0.0,0.0,0.0,1,27.3,27.44,1,28.54,0.0,0.0,0.0,0.0,0.0,16
2023-05-10 21:13:04,au2312P472,au2312P472,28.54,0.0,0.0,0.0,1,27.24,27.44,1,28.54,0.0,0.0,0.0,0.0,0.0,16
2023-05-10 21:13:05,au2312P472,au2312P472,28.54,0.0,0.0,0.0,1,27.24,27.42,1,28.54,0.0,0.0,0.0,0.0,0.0,16
2023-05-10 21:13:30,au2312P472,au2312P472,28.54,0.0,0.0,0.0,1,27.26,27.42,1,28.54,0.0,0.0,0.0,0.0,0.0,16
2023-05-10 21:13:31,au2312P472,au2312P472,28.54,0.0,0.0,0.0,1,27.3,27.44,1,28.54,0.0,0.0,0.0,0.0,0.0,16
2023-05-10 21:13:35,au2312P472,au2312P472,28.54,0.0,0.0,0.0,1,27.3,27.5,1,28.54,0.0,0.0,0.0,0.0,0.0,16
2023-05-10 21:13:50,au2312P472,au2312P472,28.54,0.0,0.0,0.0,1,27.34,27.62,1,28.54,0.0,0.0,0.0,0.0,0.0,16
2023-05-10 21:13:51,au2312P472,au2312P472,28.54,0.0,0.0,0.0,1,27.34,27.52,1,28.54,0.0,0.0,0.0,0.0,0.0,16
2023-05-10 21:14:02,au2312P472,au2312P472,28.54,0.0,0.0,0.0,1,27.36,27.52,1,28.54,0.0,0.0,0.0,0.0,0.0,16
2023-05-10 21:14:06,au2312P472,au2312P472,28.54,0.0,0.0,0.0,1,27.36,27.56,1,28.54,0.0,0.0,0.0,0.0,0.0,16
2023-05-10 21:14:09,au2312P472,au2312P472,28.54,0.0,0.0,0.0,1,27.38,27.56,1,28.54,0.0,0.0,0.0,0.0,0.0,16
2023-05-10 21:14:12,au2312P472,au2312P472,28.54,0.0,0.0,0.0,1,27.4,27.56,1,28.54,0.0,0.0,0.0,0.0,0.0,16
2023-05-10 21:14:12,au2312P472,au2312P472,28.54,0.0,0.0,0.0,1,27.4,27.6,1,28.54,0.0,0.0,0.0,0.0,0.0,16
2023-05-10 21:14:14,au2312P472,au2312P472,28.54,0.0,0.0,0.0,1,27.4,27.56,1,28.54,0.0,0.0,0.0,0.0,0.0,16
2023-05-10 21:14:38,au2312P472,au2312P472,28.54,0.0,0.0,0.0,1,27.38,27.56,1,28.54,0.0,0.0,0.0,0.0,0.0,16
2023-05-10 21:14:38,au2312P472,au2312P472,28.54,0.0,0.0,0.0,1,27.38,27.54,1,28.54,0.0,0.0,0.0,0.0,0.0,16
2023-05-10 21:14:48,au2312P472,au2312P472,28.54,0.0,0.0,0.0,1,27.38,27.56,1,28.54,0.0,0.0,0.0,0.0,0.0,16
2023-05-10 21:14:50,au2312P472,au2312P472,28.54,0.0,0.0,0.0,1,27.42,27.62,2,28.54,0.0,0.0,0.0,0.0,0.0,16
2023-05-10 21:14:55,au2312P472,au2312P472,28.54,0.0,0.0,0.0,1,27.44,27.92,1,28.54,0.0,0.0,0.0,0.0,0.0,16
2023-05-10 21:14:56,au2312P472,au2312P472,28.54,0.0,0.0,0.0,1,27.44,27.66,1,28.54,0.0,0.0,0.0,0.0,0.0,16
2023-05-10 21:14:57,au2312P472,au2312P472,28.54,0.0,0.0,0.0,1,27.42,27.62,1,28.54,0.0,0.0,0.0,0.0,0.0,16
2023-05-10 21:14:58,au2312P472,au2312P472,28.54,0.0,0.0,0.0,1,27.42,27.58,1,28.54,0.0,0.0,0.0,0.0,0.0,16
2023-05-10 21:14:59,au2312P472,au2312P472,28.54,0.0,0.0,0.0,1,27.02,27.58,1,28.54,0.0,0.0,0.0,0.0,0.0,16
2023-05-10 21:14:59,au2312P472,au2312P472,28.54,0.0,0.0,0.0,1,27.34,27.54,1,28.54,0.0,0.0,0.0,0.0,0.0,16
2023-05-10 21:15:00,au2312P472,au2312P472,28.54,0.0,0.0,0.0,1,27.42,27.58,1,28.54,0.0,0.0,0.0,0.0,0.0,16
2023-05-10 21:15:04,au2312P472,au2312P472,28.54,0.0,0.0,0.0,1,27.38,27.58,1,28.54,0.0,0.0,0.0,0.0,0.0,16
2023-05-10 21:15:04,au2312P472,au2312P472,28.54,0.0,0.0,0.0,1,27.38,27.56,1,28.54,0.0,0.0,0.0,0.0,0.0,16
2023-05-10 21:15:19,au2312P472,au2312P472,28.54,0.0,0.0,0.0,1,27.38,27.54,1,28.54,0.0,0.0,0.0,0.0,0.0,16
2023-05-10 21:15:20,au2312P472,au2312P472,28.54,0.0,0.0,0.0,1,27.02,27.54,1,28.54,0.0,0.0,0.0,0.0,0.0,16
2023-05-10 21:15:21,au2312P472,au2312P472,28.54,0.0,0.0,0.0,1,27.32,27.54,1,28.54,0.0,0.0,0.0,0.0,0.0,16
2023-05-10 21:15:22,au2312P472,au2312P472,28.54,0.0,0.0,0.0,1,27.34,27.54,1,28.54,0.0,0.0,0.0,0.0,0.0,16
2023-05-10 21:15:24,au2312P472,au2312P472,28.54,0.0,0.0,0.0,1,27.34,27.5,1,28.54,0.0,0.0,0.0,0.0,0.0,16
2023-05-10 21:15:26,au2312P472,au2312P472,28.54,0.0,0.0,0.0,1,27.32,27.5,1,28.54,0.0,0.0,0.0,0.0,0.0,16
2023-05-10 21:15:35,au2312P472,au2312P472,28.54,0.0,0.0,0.0,1,27.34,27.54,1,28.54,0.0,0.0,0.0,0.0,0.0,16
2023-05-10 21:15:37,au2312P472,au2312P472,28.54,0.0,0.0,0.0,1,27.34,27.54,1,28.54,0.0,0.0,0.0,0.0,0.0,16
2023-05-10 21:15:39,au2312P472,au2312P472,28.54,0.0,0.0,0.0,1,27.4,27.6,1,28.54,0.0,0.0,0.0,0.0,0.0,16
2023-05-10 21:15:41,au2312P472,au2312P472,28.54,0.0,0.0,0.0,1,27.4,27.58,1,28.54,0.0,0.0,0.0,0.0,0.0,16
2023-05-10 21:15:43,au2312P472,au2312P472,28.54,0.0,0.0,0.0,1,27.4,27.56,1,28.54,0.0,0.0,0.0,0.0,0.0,16
2023-05-10 21:15:45,au2312P472,au2312P472,28.54,0.0,0.0,0.0,1,27.34,27.56,1,28.54,0.0,0.0,0.0,0.0,0.0,16
2023-05-10 21:15:46,au2312P472,au2312P472,28.54,0.0,0.0,0.0,1,27.34,27.54,1,28.54,0.0,0.0,0.0,0.0,0.0,16
2023-05-10 21:15:50,au2312P472,au2312P472,28.54,0.0,0.0,0.0,1,27.38,27.54,1,28.54,0.0,0.0,0.0,0.0,0.0,16
2023-05-10 21:15:50,au2312P472,au2312P472,28.54,0.0,0.0,0.0,1,27.38,27.92,1,28.54,0.0,0.0,0.0,0.0,0.0,16
2023-05-10 21:15:51,au2312P472,au2312P472,28.54,0.0,0.0,0.0,1,27.42,27.62,1,28.54,0.0,0.0,0.0,0.0,0.0,16
2023-05-10 21:15:57,au2312P472,au2312P472,28.54,0.0,0.0,0.0,1,27.42,27.58,1,28.54,0.0,0.0,0.0,0.0,0.0,16
2023-05-10 21:16:03,au2312P472,au2312P472,28.54,0.0,0.0,0.0,1,27.02,27.52,1,28.54,0.0,0.0,0.0,0.0,0.0,16
2023-05-10 21:16:04,au2312P472,au2312P472,28.54,0.0,0.0,0.0,1,27.32,27.52,1,28.54,0.0,0.0,0.0,0.0,0.0,16
2023-05-10 21:16:04,au2312P472,au2312P472,28.54,0.0,0.0,0.0,1,27.34,27.52,1,28.54,0.0,0.0,0.0,0.0,0.0,16
2023-05-10 21:16:07,au2312P472,au2312P472,28.54,0.0,0.0,0.0,1,27.34,27.5,1,28.54,0.0,0.0,0.0,0.0,0.0,16
2023-05-10 21:16:09,au2312P472,au2312P472,28.54,0.0,0.0,0.0,1,27.32,27.48,1,28.54,0.0,0.0,0.0,0.0,0.0,16
2023-05-10 21:16:15,au2312P472,au2312P472,28.54,0.0,0.0,0.0,1,27.24,27.46,1,28.54,0.0,0.0,0.0,0.0,0.0,16
2023-05-10 21:16:16,au2312P472,au2312P472,28.54,0.0,0.0,0.0,1,27.26,27.46,1,28.54,0.0,0.0,0.0,0.0,0.0,16
2023-05-10 21:16:16,au2312P472,au2312P472,28.54,0.0,0.0,0.0,1,27.3,27.46,1,28.54,0.0,0.0,0.0,0.0,0.0,16
2023-05-10 21:16:18,au2312P472,au2312P472,28.54,0.0,0.0,0.0,1,27.3,27.48,1,28.54,0.0,0.0,0.0,0.0,0.0,16
2023-05-10 21:16:19,au2312P472,au2312P472,28.54,0.0,0.0,0.0,1,27.32,27.48,1,28.54,0.0,0.0,0.0,0.0,0.0,16
2023-05-10 21:16:20,au2312P472,au2312P472,28.54,0.0,0.0,0.0,1,27.34,27.56,1,28.54,0.0,0.0,0.0,0.0,0.0,16
2023-05-10 21:16:21,au2312P472,au2312P472,28.54,0.0,0.0,0.0,1,27.34,27.52,1,28.54,0.0,0.0,0.0,0.0,0.0,16
2023-05-10 21:16:26,au2312P472,au2312P472,28.54,0.0,0.0,0.0,1,27.36,27.52,1,28.54,0.0,0.0,0.0,0.0,0.0,16
2023-05-10 21:16:36,au2312P472,au2312P472,28.54,0.0,0.0,0.0,1,27.36,27.56,1,28.54,0.0,0.0,0.0,0.0,0.0,16
2023-05-10 21:16:39,au2312P472,au2312P472,28.54,0.0,0.0,0.0,1,27.36,27.56,1,28.54,0.0,0.0,0.0,0.0,0.0,16
2023-05-10 21:16:41,au2312P472,au2312P472,28.54,0.0,0.0,0.0,1,27.38,27.56,1,28.54,0.0,0.0,0.0,0.0,0.0,16
2023-05-10 21:16:46,au2312P472,au2312P472,28.54,0.0,0.0,0.0,1,27.42,27.62,1,28.54,0.0,0.0,0.0,0.0,0.0,16
2023-05-10 21:16:55,au2312P472,au2312P472,28.54,0.0,0.0,0.0,1,27.42,27.6,1,28.54,0.0,0.0,0.0,0.0,0.0,16
2023-05-10 21:16:58,au2312P472,au2312P472,28.54,0.0,0.0,0.0,1,27.42,27.58,1,28.54,0.0,0.0,0.0,0.0,0.0,16
2023-05-10 21:17:00,au2312P472,au2312P472,28.54,0.0,0.0,0.0,1,27.38,27.58,1,28.54,0.0,0.0,0.0,0.0,0.0,16
2023-05-10 21:17:08,au2312P472,au2312P472,28.54,0.0,0.0,0.0,1,27.38,27.56,1,28.54,0.0,0.0,0.0,0.0,0.0,16
2023-05-10 21:17:09,au2312P472,au2312P472,28.54,0.0,0.0,0.0,1,27.38,27.54,1,28.54,0.0,0.0,0.0,0.0,0.0,16
2023-05-10 21:17:15,au2312P472,au2312P472,28.54,0.0,0.0,0.0,1,27.38,27.56,1,28.54,0.0,0.0,0.0,0.0,0.0,16
2023-05-10 21:17:15,au2312P472,au2312P472,28.54,0.0,0.0,0.0,1,27.4,27.56,1,28.54,0.0,0.0,0.0,0.0,0.0,16
2023-05-10 21:17:16,au2312P472,au2312P472,28.54,0.0,0.0,0.0,1,27.46,27.92,1,28.54,0.0,0.0,0.0,0.0,0.0,16
2023-05-10 21:17:17,au2312P472,au2312P472,28.54,0.0,0.0,0.0,1,27.46,27.66,1,28.54,0.0,0.0,0.0,0.0,0.0,16
2023-05-10 21:17:23,au2312P472,au2312P472,28.54,0.0,0.0,0.0,1,27.5,27.66,1,28.54,0.0,0.0,0.0,0.0,0.0,16
2023-05-10 21:17:26,au2312P472,au2312P472,28.54,0.0,0.0,0.0,1,27.5,27.72,1,28.54,0.0,0.0,0.0,0.0,0.0,16
2023-05-10 21:17:27,au2312P472,au2312P472,28.54,0.0,0.0,0.0,1,27.5,27.68,1,28.54,0.0,0.0,0.0,0.0,0.0,16
2023-05-10 21:17:31,au2312P472,au2312P472,28.54,0.0,0.0,0.0,1,27.5,27.66,1,28.54,0.0,0.0,0.0,0.0,0.0,16
2023-05-10 21:17:32,au2312P472,au2312P472,28.54,0.0,0.0,0.0,1,27.46,27.66,1,28.54,0.0,0.0,0.0,0.0,0.0,16
2023-05-10 21:17:33,au2312P472,au2312P472,28.54,0.0,0.0,0.0,1,27.46,27.64,1,28.54,0.0,0.0,0.0,0.0,0.0,16
2023-05-10 21:17:35,au2312P472,au2312P472,28.54,0.0,0.0,0.0,1,27.46,27.62,1,28.54,0.0,0.0,0.0,0.0,0.0,16
2023-05-10 21:17:36,au2312P472,au2312P472,28.54,0.0,0.0,0.0,1,27.4,27.62,1,28.54,0.0,0.0,0.0,0.0,0.0,16
2023-05-10 21:17:38,au2312P472,au2312P472,28.54,0.0,0.0,0.0,1,27.42,27.62,1,28.54,0.0,0.0,0.0,0.0,0.0,16
2023-05-10 21:17:42,au2312P472,au2312P472,28.54,0.0,0.0,0.0,1,27.42,27.6,1,28.54,0.0,0.0,0.0,0.0,0.0,16
2023-05-10 21:18:00,au2312P472,au2312P472,28.54,0.0,0.0,0.0,1,27.44,27.6,1,28.54,0.0,0.0,0.0,0.0,0.0,16
2023-05-10 21:18:03,au2312P472,au2312P472,28.54,0.0,0.0,0.0,1,27.42,27.6,1,28.54,0.0,0.0,0.0,0.0,0.0,16
2023-05-10 21:18:03,au2312P472,au2312P472,28.54,0.0,0.0,0.0,1,27.02,27.56,1,28.54,0.0,0.0,0.0,0.0,0.0,16
2023-05-10 21:18:04,au2312P472,au2312P472,28.54,0.0,0.0,0.0,1,27.34,27.56,1,28.54,0.0,0.0,0.0,0.0,0.0,16
2023-05-10 21:18:05,au2312P472,au2312P472,28.54,0.0,0.0,0.0,1,27.36,27.56,1,28.54,0.0,0.0,0.0,0.0,0.0,16
2023-05-10 21:18:15,au2312P472,au2312P472,28.54,0.0,0.0,0.0,1,27.36,27.52,1,28.54,0.0,0.0,0.0,0.0,0.0,16
2023-05-10 21:18:35,au2312P472,au2312P472,28.54,0.0,0.0,0.0,1,27.34,27.5,1,28.54,0.0,0.0,0.0,0.0,0.0,16
2023-05-10 21:18:37,au2312P472,au2312P472,28.54,0.0,0.0,0.0,1,27.26,27.48,1,28.54,0.0,0.0,0.0,0.0,0.0,16
2023-05-10 21:18:40,au2312P472,au2312P472,28.54,0.0,0.0,0.0,1,27.3,27.48,1,28.54,0.0,0.0,0.0,0.0,0.0,16
2023-05-10 21:18:45,au2312P472,au2312P472,28.54,0.0,0.0,0.0,1,27.3,27.46,1,28.54,0.0,0.0,0.0,0.0,0.0,16
2023-05-10 21:18:46,au2312P472,au2312P472,28.54,0.0,0.0,0.0,1,27.3,27.46,1,28.54,0.0,0.0,0.0,0.0,0.0,16
2023-05-10 21:18:50,au2312P472,au2312P472,28.54,0.0,0.0,0.0,1,27.26,27.44,1,28.54,0.0,0.0,0.0,0.0,0.0,16
2023-05-10 21:18:55,au2312P472,au2312P472,28.54,0.0,0.0,0.0,1,27.28,27.44,1,28.54,0.0,0.0,0.0,0.0,0.0,16
2023-05-10 21:18:56,au2312P472,au2312P472,28.54,0.0,0.0,0.0,1,27.28,27.46,1,28.54,0.0,0.0,0.0,0.0,0.0,16
2023-05-10 21:18:56,au2312P472,au2312P472,28.54,0.0,0.0,0.0,1,27.3,27.46,1,28.54,0.0,0.0,0.0,0.0,0.0,16
2023-05-10 21:18:59,au2312P472,au2312P472,28.54,0.0,0.0,0.0,1,27.28,27.46,1,28.54,0.0,0.0,0.0,0.0,0.0,16
2023-05-10 21:19:35,au2312P472,au2312P472,28.54,0.0,0.0,0.0,1,27.3,27.46,1,28.54,0.0,0.0,0.0,0.0,0.0,16
2023-05-10 21:19:35,au2312P472,au2312P472,28.54,0.0,0.0,0.0,1,27.32,27.52,1,28.54,0.0,0.0,0.0,0.0,0.0,16
2023-05-10 21:19:37,au2312P472,au2312P472,28.54,0.0,0.0,0.0,1,27.34,27.52,1,28.54,0.0,0.0,0.0,0.0,0.0,16
2023-05-10 21:19:40,au2312P472,au2312P472,28.54,0.0,0.0,0.0,1,27.36,27.52,1,28.54,0.0,0.0,0.0,0.0,0.0,16
2023-05-10 21:19:41,au2312P472,au2312P472,28.54,0.0,0.0,0.0,1,27.36,27.58,1,28.54,0.0,0.0,0.0,0.0,0.0,16
2023-05-10 21:19:42,au2312P472,au2312P472,28.54,0.0,0.0,0.0,1,27.36,27.56,1,28.54,0.0,0.0,0.0,0.0,0.0,16
2023-05-10 21:19:44,au2312P472,au2312P472,28.54,0.0,0.0,0.0,1,27.36,27.52,1,28.54,0.0,0.0,0.0,0.0,0.0,16
2023-05-10 21:19:44,au2312P472,au2312P472,28.54,0.0,0.0,0.0,1,27.02,27.52,1,28.54,0.0,0.0,0.0,0.0,0.0,16
2023-05-10 21:19:45,au2312P472,au2312P472,28.54,0.0,0.0,0.0,1,27.3,27.52,1,28.54,0.0,0.0,0.0,0.0,0.0,16
2023-05-10 21:19:46,au2312P472,au2312P472,28.54,0.0,0.0,0.0,1,27.3,27.48,1,28.54,0.0,0.0,0.0,0.0,0.0,16
2023-05-10 21:19:47,au2312P472,au2312P472,28.54,0.0,0.0,0.0,1,27.32,27.48,1,28.54,0.0,0.0,0.0,0.0,0.0,16
2023-05-10 21:19:48,au2312P472,au2312P472,28.54,0.0,0.0,0.0,1,27.32,27.52,1,28.54,0.0,0.0,0.0,0.0,0.0,16
2023-05-10 21:19:49,au2312P472,au2312P472,28.54,0.0,0.0,0.0,1,27.34,27.52,1,28.54,0.0,0.0,0.0,0.0,0.0,16
2023-05-10 21:20:01,au2312P472,au2312P472,28.54,0.0,0.0,0.0,1,27.34,27.5,1,28.54,0.0,0.0,0.0,0.0,0.0,16
2023-05-10 21:20:11,au2312P472,au2312P472,28.54,0.0,0.0,0.0,1,27.32,27.5,1,28.54,0.0,0.0,0.0,0.0,0.0,16
2023-05-10 21:20:11,au2312P472,au2312P472,28.54,0.0,0.0,0.0,1,27.32,27.48,1,28.54,0.0,0.0,0.0,0.0,0.0,16
2023-05-10 21:20:16,au2312P472,au2312P472,28.54,0.0,0.0,0.0,1,27.32,27.5,1,28.54,0.0,0.0,0.0,0.0,0.0,16
2023-05-10 21:20:17,au2312P472,au2312P472,28.54,0.0,0.0,0.0,1,27.34,27.56,1,28.54,0.0,0.0,0.0,0.0,0.0,16
2023-05-10 21:20:19,au2312P472,au2312P472,28.54,0.0,0.0,0.0,1,27.34,27.52,1,28.54,0.0,0.0,0.0,0.0,0.0,16
2023-05-10 21:20:54,au2312P472,au2312P472,28.54,0.0,0.0,0.0,1,27.34,27.5,1,28.54,0.0,0.0,0.0,0.0,0.0,16
2023-05-10 21:20:54,au2312P472,au2312P472,28.54,0.0,0.0,0.0,1,27.32,27.5,1,28.54,0.0,0.0,0.0,0.0,0.0,16
2023-05-10 21:21:07,au2312P472,au2312P472,28.54,0.0,0.0,0.0,1,27.34,27.52,1,28.54,0.0,0.0,0.0,0.0,0.0,16
2023-05-10 21:21:13,au2312P472,au2312P472,28.54,0.0,0.0,0.0,1,27.32,27.48,1,28.54,0.0,0.0,0.0,0.0,0.0,16
2023-05-10 21:21:27,au2312P472,au2312P472,28.54,0.0,0.0,0.0,1,27.24,27.46,1,28.54,0.0,0.0,0.0,0.0,0.0,16
2023-05-10 21:21:28,au2312P472,au2312P472,28.54,0.0,0.0,0.0,1,27.24,27.46,1,28.54,0.0,0.0,0.0,0.0,0.0,16
2023-05-10 21:21:29,au2312P472,au2312P472,28.54,0.0,0.0,0.0,1,27.26,27.46,1,28.54,0.0,0.0,0.0,0.0,0.0,16
2023-05-10 21:21:36,au2312P472,au2312P472,28.54,0.0,0.0,0.0,1,27.26,27.44,1,28.54,0.0,0.0,0.0,0.0,0.0,16
2023-05-10 21:22:03,au2312P472,au2312P472,28.54,0.0,0.0,0.0,1,27.28,27.44,1,28.54,0.0,0.0,0.0,0.0,0.0,16
2023-05-10 21:22:04,au2312P472,au2312P472,28.54,0.0,0.0,0.0,1,27.3,27.46,1,28.54,0.0,0.0,0.0,0.0,0.0,16
2023-05-10 21:22:13,au2312P472,au2312P472,28.54,0.0,0.0,0.0,1,27.3,27.52,1,28.54,0.0,0.0,0.0,0.0,0.0,16
2023-05-10 21:22:14,au2312P472,au2312P472,28.54,0.0,0.0,0.0,1,27.32,27.52,1,28.54,0.0,0.0,0.0,0.0,0.0,16
2023-05-10 21:22:15,au2312P472,au2312P472,28.54,0.0,0.0,0.0,1,27.34,27.52,1,28.54,0.0,0.0,0.0,0.0,0.0,16
2023-05-10 21:22:18,au2312P472,au2312P472,28.54,0.0,0.0,0.0,1,27.36,27.52,1,28.54,0.0,0.0,0.0,0.0,0.0,16
2023-05-10 21:22:20,au2312P472,au2312P472,28.54,0.0,0.0,0.0,1,27.36,27.58,1,28.54,0.0,0.0,0.0,0.0,0.0,16
2023-05-10 21:22:20,au2312P472,au2312P472,28.54,0.0,0.0,0.0,1,27.38,27.58,1,28.54,0.0,0.0,0.0,0.0,0.0,16
2023-05-10 21:22:22,au2312P472,au2312P472,28.54,0.0,0.0,0.0,1,27.38,27.54,1,28.54,0.0,0.0,0.0,0.0,0.0,16
2023-05-10 21:22:26,au2312P472,au2312P472,28.54,0.0,0.0,0.0,1,27.38,27.58,1,28.54,0.0,0.0,0.0,0.0,0.0,16
2023-05-10 21:22:31,au2312P472,au2312P472,28.54,0.0,0.0,0.0,1,27.38,27.56,1,28.54,0.0,0.0,0.0,0.0,0.0,16
2023-05-10 21:22:32,au2312P472,au2312P472,28.54,0.0,0.0,0.0,1,27.36,27.5,1,28.54,0.0,0.0,0.0,0.0,0.0,16
2023-05-10 21:22:35,au2312P472,au2312P472,28.54,0.0,0.0,0.0,1,27.32,27.5,1,28.54,0.0,0.0,0.0,0.0,0.0,16
2023-05-10 21:22:42,au2312P472,au2312P472,28.54,0.0,0.0,0.0,1,27.34,27.5,1,28.54,0.0,0.0,0.0,0.0,0.0,16
2023-05-10 21:22:43,au2312P472,au2312P472,28.54,0.0,0.0,0.0,1,27.38,27.56,1,28.54,0.0,0.0,0.0,0.0,0.0,16
2023-05-10 21:22:48,au2312P472,au2312P472,28.54,0.0,0.0,0.0,1,27.38,27.56,1,28.54,0.0,0.0,0.0,0.0,0.0,16
2023-05-10 21:22:54,au2312P472,au2312P472,28.54,0.0,0.0,0.0,1,27.42,27.92,1,28.54,0.0,0.0,0.0,0.0,0.0,16
2023-05-10 21:22:55,au2312P472,au2312P472,28.54,0.0,0.0,0.0,1,27.42,27.64,1,28.54,0.0,0.0,0.0,0.0,0.0,16
2023-05-10 21:22:57,au2312P472,au2312P472,28.54,0.0,0.0,0.0,1,27.42,27.62,1,28.54,0.0,0.0,0.0,0.0,0.0,16
2023-05-10 21:23:00,au2312P472,au2312P472,28.54,0.0,0.0,0.0,1,27.46,27.62,1,28.54,0.0,0.0,0.0,0.0,0.0,16
2023-05-10 21:23:00,au2312P472,au2312P472,28.54,0.0,0.0,0.0,1,27.46,27.64,1,28.54,0.0,0.0,0.0,0.0,0.0,16
2023-05-10 21:23:05,au2312P472,au2312P472,28.54,0.0,0.0,0.0,1,27.48,27.64,1,28.54,0.0,0.0,0.0,0.0,0.0,16
2023-05-10 21:23:05,au2312P472,au2312P472,28.54,0.0,0.0,0.0,1,27.48,27.7,1,28.54,0.0,0.0,0.0,0.0,0.0,16
2023-05-10 21:23:06,au2312P472,au2312P472,28.54,0.0,0.0,0.0,1,27.5,27.7,1,28.54,0.0,0.0,0.0,0.0,0.0,16
2023-05-10 21:23:07,au2312P472,au2312P472,28.54,0.0,0.0,0.0,1,27.5,27.66,1,28.54,0.0,0.0,0.0,0.0,0.0,16
2023-05-10 21:23:13,au2312P472,au2312P472,28.54,0.0,0.0,0.0,1,27.48,27.64,1,28.54,0.0,0.0,0.0,0.0,0.0,16
2023-05-10 21:23:14,au2312P472,au2312P472,28.54,0.0,0.0,0.0,1,27.02,27.64,1,28.54,0.0,0.0,0.0,0.0,0.0,16
2023-05-10 21:23:14,au2312P472,au2312P472,28.54,0.0,0.0,0.0,1,27.44,27.64,1,28.54,0.0,0.0,0.0,0.0,0.0,16
2023-05-10 21:23:15,au2312P472,au2312P472,28.54,0.0,0.0,0.0,1,27.48,27.64,1,28.54,0.0,0.0,0.0,0.0,0.0,16
2023-05-10 21:23:18,au2312P472,au2312P472,28.54,0.0,0.0,0.0,1,27.48,27.66,1,28.54,0.0,0.0,0.0,0.0,0.0,16
2023-05-10 21:23:18,au2312P472,au2312P472,28.54,0.0,0.0,0.0,1,27.5,27.66,1,28.54,0.0,0.0,0.0,0.0,0.0,16
2023-05-10 21:23:19,au2312P472,au2312P472,28.54,0.0,0.0,0.0,1,27.5,27.72,1,28.54,0.0,0.0,0.0,0.0,0.0,16
2023-05-10 21:23:20,au2312P472,au2312P472,28.54,0.0,0.0,0.0,1,27.5,27.7,1,28.54,0.0,0.0,0.0,0.0,0.0,16
2023-05-10 21:23:24,au2312P472,au2312P472,28.54,0.0,0.0,0.0,1,27.5,27.66,1,28.54,0.0,0.0,0.0,0.0,0.0,16
2023-05-10 21:23:24,au2312P472,au2312P472,28.54,0.0,0.0,0.0,1,27.48,27.66,1,28.54,0.0,0.0,0.0,0.0,0.0,16
2023-05-10 21:23:33,au2312P472,au2312P472,28.54,0.0,0.0,0.0,1,27.5,27.66,1,28.54,0.0,0.0,0.0,0.0,0.0,16
2023-05-10 21:23:34,au2312P472,au2312P472,28.54,0.0,0.0,0.0,1,27.52,27.68,1,28.54,0.0,0.0,0.0,0.0,0.0,16
2023-05-10 21:23:43,au2312P472,au2312P472,28.54,0.0,0.0,0.0,1,27.52,27.74,1,28.54,0.0,0.0,0.0,0.0,0.0,16
2023-05-10 21:23:44,au2312P472,au2312P472,28.54,0.0,0.0,0.0,1,27.52,27.72,1,28.54,0.0,0.0,0.0,0.0,0.0,16
2023-05-10 21:23:45,au2312P472,au2312P472,28.54,0.0,0.0,0.0,1,27.52,27.7,1,28.54,0.0,0.0,0.0,0.0,0.0,16
2023-05-10 21:23:46,au2312P472,au2312P472,28.54,0.0,0.0,0.0,1,27.52,27.68,1,28.54,0.0,0.0,0.0,0.0,0.0,16
2023-05-10 21:23:47,au2312P472,au2312P472,28.54,0.0,0.0,0.0,1,27.5,27.68,1,28.54,0.0,0.0,0.0,0.0,0.0,16
2023-05-10 21:23:47,au2312P472,au2312P472,28.54,0.0,0.0,0.0,1,27.5,27.66,1,28.54,0.0,0.0,0.0,0.0,0.0,16
2023-05-10 21:23:59,au2312P472,au2312P472,28.54,0.0,0.0,0.0,1,27.42,27.66,1,28.54,0.0,0.0,0.0,0.0,0.0,16
2023-05-10 21:23:59,au2312P472,au2312P472,28.54,0.0,0.0,0.0,1,27.42,27.64,1,28.54,0.0,0.0,0.0,0.0,0.0,16
2023-05-10 21:24:00,au2312P472,au2312P472,28.54,0.0,0.0,0.0,1,27.42,27.62,1,28.54,0.0,0.0,0.0,0.0,0.0,16
2023-05-10 21:24:02,au2312P472,au2312P472,28.54,0.0,0.0,0.0,1,27.44,27.62,1,28.54,0.0,0.0,0.0,0.0,0.0,16
2023-05-10 21:24:19,au2312P472,au2312P472,28.54,0.0,0.0,0.0,1,27.44,27.6,1,28.54,0.0,0.0,0.0,0.0,0.0,16
2023-05-10 21:24:20,au2312P472,au2312P472,28.54,0.0,0.0,0.0,1,27.44,27.62,1,28.54,0.0,0.0,0.0,0.0,0.0,16
2023-05-10 21:24:28,au2312P472,au2312P472,28.54,0.0,0.0,0.0,1,27.46,27.62,1,28.54,0.0,0.0,0.0,0.0,0.0,16
2023-05-10 21:24:43,au2312P472,au2312P472,28.54,0.0,0.0,0.0,1,27.46,27.66,1,28.54,0.0,0.0,0.0,0.0,0.0,16
2023-05-10 21:24:44,au2312P472,au2312P472,28.54,0.0,0.0,0.0,1,27.5,27.66,1,28.54,0.0,0.0,0.0,0.0,0.0,16
2023-05-10 21:24:58,au2312P472,au2312P472,28.54,0.0,0.0,0.0,1,27.46,27.64,1,28.54,0.0,0.0,0.0,0.0,0.0,16
2023-05-10 21:25:09,au2312P472,au2312P472,28.54,0.0,0.0,0.0,1,27.48,27.64,1,28.54,0.0,0.0,0.0,0.0,0.0,16
2023-05-10 21:25:12,au2312P472,au2312P472,28.54,0.0,0.0,0.0,1,27.48,27.66,1,28.54,0.0,0.0,0.0,0.0,0.0,16
2023-05-10 21:25:43,au2312P472,au2312P472,28.54,0.0,0.0,0.0,1,27.5,27.92,1,28.54,0.0,0.0,0.0,0.0,0.0,16
2023-05-10 21:25:44,au2312P472,au2312P472,28.54,0.0,0.0,0.0,1,27.52,27.74,1,28.54,0.0,0.0,0.0,0.0,0.0,16
2023-05-10 21:25:47,au2312P472,au2312P472,28.54,0.0,0.0,0.0,1,27.52,27.7,1,28.54,0.0,0.0,0.0,0.0,0.0,16
2023-05-10 21:25:58,au2312P472,au2312P472,28.54,0.0,0.0,0.0,1,27.5,27.68,1,28.54,0.0,0.0,0.0,0.0,0.0,16
2023-05-10 21:26:00,au2312P472,au2312P472,28.54,0.0,0.0,0.0,1,27.5,27.66,1,28.54,0.0,0.0,0.0,0.0,0.0,16
2023-05-10 21:26:04,au2312P472,au2312P472,28.54,0.0,0.0,0.0,1,27.44,27.66,1,28.54,0.0,0.0,0.0,0.0,0.0,16
2023-05-10 21:26:06,au2312P472,au2312P472,28.54,0.0,0.0,0.0,1,27.44,27.64,1,28.54,0.0,0.0,0.0,0.0,0.0,16
2023-05-10 21:26:08,au2312P472,au2312P472,28.54,0.0,0.0,0.0,1,27.48,27.64,1,28.54,0.0,0.0,0.0,0.0,0.0,16
2023-05-10 21:26:13,au2312P472,au2312P472,28.54,0.0,0.0,0.0,1,27.48,27.66,1,28.54,0.0,0.0,0.0,0.0,0.0,16
2023-05-10 21:26:14,au2312P472,au2312P472,28.54,0.0,0.0,0.0,1,27.5,27.66,1,28.54,0.0,0.0,0.0,0.0,0.0,16
2023-05-10 21:26:22,au2312P472,au2312P472,28.54,0.0,0.0,0.0,1,27.48,27.64,1,28.54,0.0,0.0,0.0,0.0,0.0,16
2023-05-10 21:26:35,au2312P472,au2312P472,28.54,0.0,0.0,0.0,1,27.48,27.66,1,28.54,0.0,0.0,0.0,0.0,0.0,16
2023-05-10 21:26:35,au2312P472,au2312P472,28.54,0.0,0.0,0.0,1,27.5,27.66,1,28.54,0.0,0.0,0.0,0.0,0.0,16
2023-05-10 21:26:51,au2312P472,au2312P472,28.54,0.0,0.0,0.0,1,27.52,27.74,1,28.54,0.0,0.0,0.0,0.0,0.0,16
2023-05-10 21:26:54,au2312P472,au2312P472,28.54,0.0,0.0,0.0,1,27.54,27.74,1,28.54,0.0,0.0,0.0,0.0,0.0,16
2023-05-10 21:26:55,au2312P472,au2312P472,28.54,0.0,0.0,0.0,1,27.56,27.74,1,28.54,0.0,0.0,0.0,0.0,0.0,16
2023-05-10 21:26:56,au2312P472,au2312P472,28.54,0.0,0.0,0.0,1,27.56,27.92,1,28.54,0.0,0.0,0.0,0.0,0.0,16
2023-05-10 21:26:57,au2312P472,au2312P472,28.54,0.0,0.0,0.0,1,27.56,27.76,1,28.54,0.0,0.0,0.0,0.0,0.0,16
2023-05-10 21:26:58,au2312P472,au2312P472,28.54,0.0,0.0,0.0,1,27.56,27.72,1,28.54,0.0,0.0,0.0,0.0,0.0,16
2023-05-10 21:27:01,au2312P472,au2312P472,28.54,0.0,0.0,0.0,1,27.58,27.76,1,28.54,0.0,0.0,0.0,0.0,0.0,16
2023-05-10 21:27:02,au2312P472,au2312P472,28.54,0.0,0.0,0.0,1,27.6,27.76,1,28.54,0.0,0.0,0.0,0.0,0.0,16
2023-05-10 21:27:09,au2312P472,au2312P472,28.54,0.0,0.0,0.0,1,27.52,27.74,1,28.54,0.0,0.0,0.0,0.0,0.0,16
2023-05-10 21:27:09,au2312P472,au2312P472,28.54,0.0,0.0,0.0,1,27.52,27.72,1,28.54,0.0,0.0,0.0,0.0,0.0,16
2023-05-10 21:27:13,au2312P472,au2312P472,28.54,0.0,0.0,0.0,1,27.52,27.7,1,28.54,0.0,0.0,0.0,0.0,0.0,16
2023-05-10 21:27:36,au2312P472,au2312P472,28.54,0.0,0.0,0.0,1,27.56,27.7,1,28.54,0.0,0.0,0.0,0.0,0.0,16
2023-05-10 21:27:41,au2312P472,au2312P472,28.54,0.0,0.0,0.0,1,27.56,27.72,1,28.54,0.0,0.0,0.0,0.0,0.0,16
2023-05-10 21:27:43,au2312P472,au2312P472,28.54,0.0,0.0,0.0,1,27.56,27.78,1,28.54,0.0,0.0,0.0,0.0,0.0,16
2023-05-10 21:27:44,au2312P472,au2312P472,28.54,0.0,0.0,0.0,1,27.6,27.78,1,28.54,0.0,0.0,0.0,0.0,0.0,16
2023-05-10 21:27:51,au2312P472,au2312P472,28.54,0.0,0.0,0.0,1,27.6,27.76,1,28.54,0.0,0.0,0.0,0.0,0.0,16
2023-05-10 21:27:51,au2312P472,au2312P472,28.54,0.0,0.0,0.0,1,27.56,27.72,1,28.54,0.0,0.0,0.0,0.0,0.0,16
2023-05-10 21:28:14,au2312P472,au2312P472,28.54,0.0,0.0,0.0,1,27.48,27.7,1,28.54,0.0,0.0,0.0,0.0,0.0,16
2023-05-10 21:28:15,au2312P472,au2312P472,28.54,0.0,0.0,0.0,1,27.5,27.7,1,28.54,0.0,0.0,0.0,0.0,0.0,16
2023-05-10 21:28:15,au2312P472,au2312P472,28.54,0.0,0.0,0.0,1,27.52,27.7,1,28.54,0.0,0.0,0.0,0.0,0.0,16
2023-05-10 21:28:20,au2312P472,au2312P472,28.54,0.0,0.0,0.0,1,27.56,27.72,1,28.54,0.0,0.0,0.0,0.0,0.0,16
2023-05-10 21:28:22,au2312P472,au2312P472,28.54,0.0,0.0,0.0,1,27.56,27.78,1,28.54,0.0,0.0,0.0,0.0,0.0,16
2023-05-10 21:28:23,au2312P472,au2312P472,28.54,0.0,0.0,0.0,1,27.58,27.78,1,28.54,0.0,0.0,0.0,0.0,0.0,16
2023-05-10 21:28:28,au2312P472,au2312P472,28.54,0.0,0.0,0.0,1,27.6,27.78,1,28.54,0.0,0.0,0.0,0.0,0.0,16
2023-05-10 21:28:32,au2312P472,au2312P472,28.54,0.0,0.0,0.0,1,27.6,27.76,1,28.54,0.0,0.0,0.0,0.0,0.0,16
2023-05-10 21:28:47,au2312P472,au2312P472,28.54,0.0,0.0,0.0,1,27.64,27.84,1,28.54,0.0,0.0,0.0,0.0,0.0,16
2023-05-10 21:29:04,au2312P472,au2312P472,28.54,0.0,0.0,0.0,1,27.64,27.8,1,28.54,0.0,0.0,0.0,0.0,0.0,16
2023-05-10 21:29:15,au2312P472,au2312P472,28.54,0.0,0.0,0.0,1,27.6,27.8,1,28.54,0.0,0.0,0.0,0.0,0.0,16
2023-05-10 21:29:31,au2312P472,au2312P472,28.54,0.0,0.0,0.0,1,27.62,27.8,1,28.54,0.0,0.0,0.0,0.0,0.0,16
2023-05-10 21:29:39,au2312P472,au2312P472,28.54,0.0,0.0,0.0,1,27.64,27.8,1,28.54,0.0,0.0,0.0,0.0,0.0,16
2023-05-10 21:29:53,au2312P472,au2312P472,28.54,0.0,0.0,0.0,1,27.68,27.92,1,28.54,0.0,0.0,0.0,0.0,0.0,16
2023-05-10 21:29:54,au2312P472,au2312P472,28.54,0.0,0.0,0.0,1,27.68,27.9,1,28.54,0.0,0.0,0.0,0.0,0.0,16
2023-05-10 21:29:55,au2312P472,au2312P472,28.54,0.0,0.0,0.0,1,27.68,27.86,1,28.54,0.0,0.0,0.0,0.0,0.0,16
2023-05-10 21:29:59,au2312P472,au2312P472,28.54,0.0,0.0,0.0,1,27.7,27.86,1,28.54,0.0,0.0,0.0,0.0,0.0,16
2023-05-10 21:29:59,au2312P472,au2312P472,28.54,0.0,0.0,0.0,1,27.7,27.9,1,28.54,0.0,0.0,0.0,0.0,0.0,16
2023-05-10 21:30:00,au2312P472,au2312P472,28.54,0.0,0.0,0.0,1,27.7,27.9,1,28.54,0.0,0.0,0.0,0.0,0.0,16
2023-05-10 21:30:01,au2312P472,au2312P472,28.54,0.0,0.0,0.0,1,27.7,27.86,1,28.54,0.0,0.0,0.0,0.0,0.0,16
2023-05-10 21:30:06,au2312P472,au2312P472,28.54,0.0,0.0,0.0,1,27.72,27.9,1,28.54,0.0,0.0,0.0,0.0,0.0,16
2023-05-10 21:30:08,au2312P472,au2312P472,28.54,0.0,0.0,0.0,1,27.72,27.88,1,28.54,0.0,0.0,0.0,0.0,0.0,16
2023-05-10 21:30:10,au2312P472,au2312P472,28.54,0.0,0.0,0.0,1,27.7,27.88,1,28.54,0.0,0.0,0.0,0.0,0.0,16
2023-05-10 21:30:18,au2312P472,au2312P472,28.54,0.0,0.0,0.0,1,27.7,27.86,1,28.54,0.0,0.0,0.0,0.0,0.0,16
2023-05-10 21:30:19,au2312P472,au2312P472,28.54,0.0,0.0,0.0,1,27.64,27.86,1,28.54,0.0,0.0,0.0,0.0,0.0,16
2023-05-10 21:30:20,au2312P472,au2312P472,28.54,0.0,0.0,0.0,1,27.66,27.86,1,28.54,0.0,0.0,0.0,0.0,0.0,16
2023-05-10 21:30:27,au2312P472,au2312P472,28.54,0.0,0.0,0.0,1,27.66,27.82,1,28.54,0.0,0.0,0.0,0.0,0.0,16
2023-05-10 21:30:37,au2312P472,au2312P472,28.54,0.0,0.0,0.0,1,27.64,27.8,1,28.54,0.0,0.0,0.0,0.0,0.0,16
2023-05-10 21:30:37,au2312P472,au2312P472,28.54,0.0,0.0,0.0,1,27.58,27.8,1,28.54,0.0,0.0,0.0,0.0,0.0,16
2023-05-10 21:30:39,au2312P472,au2312P472,28.54,0.0,0.0,0.0,1,27.58,27.78,1,28.54,0.0,0.0,0.0,0.0,0.0,16
2023-05-10 21:30:55,au2312P472,au2312P472,28.54,0.0,0.0,0.0,1,27.58,27.76,1,28.54,0.0,0.0,0.0,0.0,0.0,16
2023-05-10 21:30:56,au2312P472,au2312P472,28.54,0.0,0.0,0.0,1,27.02,27.76,1,28.54,0.0,0.0,0.0,0.0,0.0,16
2023-05-10 21:30:57,au2312P472,au2312P472,28.54,0.0,0.0,0.0,1,27.5,27.72,1,28.54,0.0,0.0,0.0,0.0,0.0,16
2023-05-10 21:30:59,au2312P472,au2312P472,28.54,0.0,0.0,0.0,1,27.5,27.7,1,28.54,0.0,0.0,0.0,0.0,0.0,16
2023-05-10 21:31:06,au2312P472,au2312P472,28.54,0.0,0.0,0.0,1,27.5,27.68,1,28.54,0.0,0.0,0.0,0.0,0.0,16
2023-05-10 21:31:14,au2312P472,au2312P472,28.54,0.0,0.0,0.0,1,27.5,27.66,1,28.54,0.0,0.0,0.0,0.0,0.0,16
2023-05-10 21:31:21,au2312P472,au2312P472,28.54,0.0,0.0,0.0,1,27.52,27.68,1,28.54,0.0,0.0,0.0,0.0,0.0,16
2023-05-10 21:31:22,au2312P472,au2312P472,28.54,0.0,0.0,0.0,1,27.52,28.18,1,28.54,0.0,0.0,0.0,0.0,0.0,16
2023-05-10 21:31:23,au2312P472,au2312P472,28.54,0.0,0.0,0.0,1,27.52,27.72,1,28.54,0.0,0.0,0.0,0.0,0.0,16
2023-05-10 21:31:31,au2312P472,au2312P472,28.54,0.0,0.0,0.0,1,27.54,27.72,1,28.54,0.0,0.0,0.0,0.0,0.0,16
2023-05-10 21:31:34,au2312P472,au2312P472,28.54,0.0,0.0,0.0,1,27.58,27.78,1,28.54,0.0,0.0,0.0,0.0,0.0,16
2023-05-10 21:31:41,au2312P472,au2312P472,28.54,0.0,0.0,0.0,1,27.58,27.76,1,28.54,0.0,0.0,0.0,0.0,0.0,16
2023-05-10 21:31:50,au2312P472,au2312P472,28.54,0.0,0.0,0.0,1,27.58,27.78,1,28.54,0.0,0.0,0.0,0.0,0.0,16
2023-05-10 21:31:50,au2312P472,au2312P472,28.54,0.0,0.0,0.0,1,27.64,27.86,1,28.54,0.0,0.0,0.0,0.0,0.0,16
2023-05-10 21:31:51,au2312P472,au2312P472,28.54,0.0,0.0,0.0,1,27.64,27.84,1,28.54,0.0,0.0,0.0,0.0,0.0,16
2023-05-10 21:31:53,au2312P472,au2312P472,28.54,0.0,0.0,0.0,1,27.64,27.8,1,28.54,0.0,0.0,0.0,0.0,0.0,16
2023-05-10 21:32:02,au2312P472,au2312P472,28.54,0.0,0.0,0.0,1,27.64,27.84,1,28.54,0.0,0.0,0.0,0.0,0.0,16
2023-05-10 21:32:03,au2312P472,au2312P472,28.54,0.0,0.0,0.0,1,27.66,27.84,1,28.54,0.0,0.0,0.0,0.0,0.0,16
2023-05-10 21:32:06,au2312P472,au2312P472,28.54,0.0,0.0,0.0,1,27.68,27.84,1,28.54,0.0,0.0,0.0,0.0,0.0,16
2023-05-10 21:32:14,au2312P472,au2312P472,28.54,0.0,0.0,0.0,1,27.68,27.92,1,28.54,0.0,0.0,0.0,0.0,0.0,16
2023-05-10 21:32:15,au2312P472,au2312P472,28.54,0.0,0.0,0.0,1,27.68,27.88,1,28.54,0.0,0.0,0.0,0.0,0.0,16
2023-05-10 21:32:16,au2312P472,au2312P472,28.54,0.0,0.0,0.0,1,27.68,27.86,1,28.54,0.0,0.0,0.0,0.0,0.0,16
2023-05-10 21:32:17,au2312P472,au2312P472,28.54,0.0,0.0,0.0,1,27.68,27.82,1,28.54,0.0,0.0,0.0,0.0,0.0,16
2023-05-10 21:32:18,au2312P472,au2312P472,28.54,0.0,0.0,0.0,1,27.66,27.82,1,28.54,0.0,0.0,0.0,0.0,0.0,16
2023-05-10 21:32:30,au2312P472,au2312P472,28.54,0.0,0.0,0.0,1,27.66,27.86,1,28.54,0.0,0.0,0.0,0.0,0.0,16
2023-05-10 21:32:33,au2312P472,au2312P472,28.54,0.0,0.0,0.0,1,27.68,27.86,1,28.54,0.0,0.0,0.0,0.0,0.0,16
2023-05-10 21:32:35,au2312P472,au2312P472,28.54,0.0,0.0,0.0,1,27.7,27.92,1,28.54,0.0,0.0,0.0,0.0,0.0,16
2023-05-10 21:32:37,au2312P472,au2312P472,28.54,0.0,0.0,0.0,1,27.7,27.9,1,28.54,0.0,0.0,0.0,0.0,0.0,16
2023-05-10 21:32:41,au2312P472,au2312P472,28.54,0.0,0.0,0.0,1,27.72,27.9,1,28.54,0.0,0.0,0.0,0.0,0.0,16
2023-05-10 21:32:43,au2312P472,au2312P472,28.54,0.0,0.0,0.0,1,27.76,28.18,1,28.54,0.0,0.0,0.0,0.0,0.0,16
2023-05-10 21:32:44,au2312P472,au2312P472,28.54,0.0,0.0,0.0,1,27.76,28.0,1,28.54,0.0,0.0,0.0,0.0,0.0,16
2023-05-10 21:32:45,au2312P472,au2312P472,28.54,0.0,0.0,0.0,1,27.76,27.98,1,28.54,0.0,0.0,0.0,0.0,0.0,16
2023-05-10 21:32:48,au2312P472,au2312P472,28.54,0.0,0.0,0.0,1,27.78,27.98,1,28.54,0.0,0.0,0.0,0.0,0.0,16
2023-05-10 21:32:50,au2312P472,au2312P472,28.54,0.0,0.0,0.0,1,27.02,27.94,1,28.54,0.0,0.0,0.0,0.0,0.0,16
2023-05-10 21:32:51,au2312P472,au2312P472,28.54,0.0,0.0,0.0,1,27.72,27.94,1,28.54,0.0,0.0,0.0,0.0,0.0,16
2023-05-10 21:32:55,au2312P472,au2312P472,28.54,0.0,0.0,0.0,1,27.74,27.94,1,28.54,0.0,0.0,0.0,0.0,0.0,16
2023-05-10 21:33:00,au2312P472,au2312P472,28.54,0.0,0.0,0.0,1,27.76,27.94,1,28.54,0.0,0.0,0.0,0.0,0.0,16
2023-05-10 21:33:00,au2312P472,au2312P472,28.54,0.0,0.0,0.0,1,27.8,27.98,1,28.54,0.0,0.0,0.0,0.0,0.0,16
2023-05-10 21:33:03,au2312P472,au2312P472,28.54,0.0,0.0,0.0,1,27.76,27.92,1,28.54,0.0,0.0,0.0,0.0,0.0,16
2023-05-10 21:33:07,au2312P472,au2312P472,28.54,0.0,0.0,0.0,1,27.7,27.92,1,28.54,0.0,0.0,0.0,0.0,0.0,16
2023-05-10 21:33:09,au2312P472,au2312P472,28.54,0.0,0.0,0.0,1,27.74,27.92,1,28.54,0.0,0.0,0.0,0.0,0.0,16
2023-05-10 21:33:21,au2312P472,au2312P472,28.54,0.0,0.0,0.0,1,27.74,27.9,1,28.54,0.0,0.0,0.0,0.0,0.0,16
2023-05-10 21:33:22,au2312P472,au2312P472,28.54,0.0,0.0,0.0,1,27.7,27.9,1,28.54,0.0,0.0,0.0,0.0,0.0,16
2023-05-10 21:33:31,au2312P472,au2312P472,28.54,0.0,0.0,0.0,1,27.7,27.88,1,28.54,0.0,0.0,0.0,0.0,0.0,16
2023-05-10 21:33:32,au2312P472,au2312P472,28.54,0.0,0.0,0.0,1,27.02,27.84,1,28.54,0.0,0.0,0.0,0.0,0.0,16
2023-05-10 21:33:33,au2312P472,au2312P472,28.54,0.0,0.0,0.0,1,27.64,27.84,1,28.54,0.0,0.0,0.0,0.0,0.0,16
2023-05-10 21:33:37,au2312P472,au2312P472,28.54,0.0,0.0,0.0,1,27.66,27.84,1,28.54,0.0,0.0,0.0,0.0,0.0,16
2023-05-10 21:33:50,au2312P472,au2312P472,28.54,0.0,0.0,0.0,1,27.68,27.88,1,28.54,0.0,0.0,0.0,0.0,0.0,16
2023-05-10 21:33:57,au2312P472,au2312P472,28.54,0.0,0.0,0.0,1,27.72,27.88,1,28.54,0.0,0.0,0.0,0.0,0.0,16
2023-05-10 21:34:26,au2312P472,au2312P472,28.54,0.0,0.0,0.0,1,27.68,27.82,1,28.54,0.0,0.0,0.0,0.0,0.0,16
2023-05-10 21:34:26,au2312P472,au2312P472,28.54,0.0,0.0,0.0,1,27.02,27.82,1,28.54,0.0,0.0,0.0,0.0,0.0,16
2023-05-10 21:34:27,au2312P472,au2312P472,28.54,0.0,0.0,0.0,1,27.62,27.82,1,28.54,0.0,0.0,0.0,0.0,0.0,16
2023-05-10 21:34:28,au2312P472,au2312P472,28.54,0.0,0.0,0.0,1,27.66,27.82,1,28.54,0.0,0.0,0.0,0.0,0.0,16
2023-05-10 21:34:30,au2312P472,au2312P472,28.54,0.0,0.0,0.0,1,27.66,27.86,1,28.54,0.0,0.0,0.0,0.0,0.0,16
2023-05-10 21:34:31,au2312P472,au2312P472,28.54,0.0,0.0,0.0,1,27.68,27.86,1,28.54,0.0,0.0,0.0,0.0,0.0,16
2023-05-10 21:34:38,au2312P472,au2312P472,28.54,0.0,0.0,0.0,1,27.66,27.84,1,28.54,0.0,0.0,0.0,0.0,0.0,16
2023-05-10 21:34:40,au2312P472,au2312P472,28.54,0.0,0.0,0.0,1,27.7,27.84,1,28.54,0.0,0.0,0.0,0.0,0.0,16
2023-05-10 21:34:46,au2312P472,au2312P472,28.54,0.0,0.0,0.0,1,27.7,27.86,1,28.54,0.0,0.0,0.0,0.0,0.0,16
2023-05-10 21:34:47,au2312P472,au2312P472,28.54,0.0,0.0,0.0,1,27.7,28.18,1,28.54,0.0,0.0,0.0,0.0,0.0,16
2023-05-10 21:34:47,au2312P472,au2312P472,28.54,0.0,0.0,0.0,1,27.7,27.92,1,28.54,0.0,0.0,0.0,0.0,0.0,16
2023-05-10 21:34:50,au2312P472,au2312P472,28.54,0.0,0.0,0.0,1,27.7,27.9,1,28.54,0.0,0.0,0.0,0.0,0.0,16
2023-05-10 21:34:52,au2312P472,au2312P472,28.54,0.0,0.0,0.0,1,27.72,27.9,1,28.54,0.0,0.0,0.0,0.0,0.0,16
2023-05-10 21:34:53,au2312P472,au2312P472,28.54,0.0,0.0,0.0,1,27.76,27.92,1,28.54,0.0,0.0,0.0,0.0,0.0,16
2023-05-10 21:34:54,au2312P472,au2312P472,28.54,0.0,0.0,0.0,1,27.76,28.18,1,28.54,0.0,0.0,0.0,0.0,0.0,16
2023-05-10 21:34:54,au2312P472,au2312P472,28.54,0.0,0.0,0.0,1,27.8,28.0,1,28.54,0.0,0.0,0.0,0.0,0.0,16
2023-05-10 21:34:55,au2312P472,au2312P472,28.54,0.0,0.0,0.0,1,27.8,27.96,1,28.54,0.0,0.0,0.0,0.0,0.0,16
2023-05-10 21:35:02,au2312P472,au2312P472,28.54,0.0,0.0,0.0,1,27.82,28.0,1,28.54,0.0,0.0,0.0,0.0,0.0,16
2023-05-10 21:35:06,au2312P472,au2312P472,28.54,0.0,0.0,0.0,1,27.8,27.96,1,28.54,0.0,0.0,0.0,0.0,0.0,16
2023-05-10 21:35:10,au2312P472,au2312P472,28.54,0.0,0.0,0.0,1,27.74,27.96,1,28.54,0.0,0.0,0.0,0.0,0.0,16
2023-05-10 21:35:13,au2312P472,au2312P472,28.54,0.0,0.0,0.0,1,27.74,27.94,1,28.54,0.0,0.0,0.0,0.0,0.0,16
2023-05-10 21:35:15,au2312P472,au2312P472,28.54,0.0,0.0,0.0,1,27.74,27.92,1,28.54,0.0,0.0,0.0,0.0,0.0,16
2023-05-10 21:35:26,au2312P472,au2312P472,28.54,0.0,0.0,0.0,1,27.02,27.9,1,28.54,0.0,0.0,0.0,0.0,0.0,16
2023-05-10 21:35:26,au2312P472,au2312P472,28.54,0.0,0.0,0.0,1,27.66,27.9,1,28.54,0.0,0.0,0.0,0.0,0.0,16
2023-05-10 21:35:27,au2312P472,au2312P472,28.54,0.0,0.0,0.0,1,27.66,27.88,1,28.54,0.0,0.0,0.0,0.0,0.0,16
2023-05-10 21:35:28,au2312P472,au2312P472,28.54,0.0,0.0,0.0,1,27.66,27.84,1,28.54,0.0,0.0,0.0,0.0,0.0,16
2023-05-10 21:35:31,au2312P472,au2312P472,28.54,0.0,0.0,0.0,1,27.7,28.18,1,28.54,0.0,0.0,0.0,0.0,0.0,16
2023-05-10 21:35:33,au2312P472,au2312P472,28.54,0.0,0.0,0.0,1,27.7,27.92,1,28.54,0.0,0.0,0.0,0.0,0.0,16
2023-05-10 21:35:34,au2312P472,au2312P472,28.54,0.0,0.0,0.0,1,27.7,27.9,1,28.54,0.0,0.0,0.0,0.0,0.0,16
2023-05-10 21:35:35,au2312P472,au2312P472,28.54,0.0,0.0,0.0,1,27.7,27.88,1,28.54,0.0,0.0,0.0,0.0,0.0,16
2023-05-10 21:35:36,au2312P472,au2312P472,28.54,0.0,0.0,0.0,1,27.7,27.86,1,28.54,0.0,0.0,0.0,0.0,0.0,16
2023-05-10 21:35:45,au2312P472,au2312P472,28.54,0.0,0.0,0.0,1,27.66,27.84,1,28.54,0.0,0.0,0.0,0.0,0.0,16
2023-05-10 21:35:48,au2312P472,au2312P472,28.54,0.0,0.0,0.0,1,27.58,27.82,1,28.54,0.0,0.0,0.0,0.0,0.0,16
2023-05-10 21:35:50,au2312P472,au2312P472,28.54,0.0,0.0,0.0,1,27.58,27.78,1,28.54,0.0,0.0,0.0,0.0,0.0,16
2023-05-10 21:35:51,au2312P472,au2312P472,28.54,0.0,0.0,0.0,1,27.6,27.78,1,28.54,0.0,0.0,0.0,0.0,0.0,16
2023-05-10 21:35:57,au2312P472,au2312P472,28.54,0.0,0.0,0.0,1,27.58,27.74,1,28.54,0.0,0.0,0.0,0.0,0.0,16
2023-05-10 21:35:58,au2312P472,au2312P472,28.54,0.0,0.0,0.0,1,27.58,27.78,1,28.54,0.0,0.0,0.0,0.0,0.0,16
2023-05-10 21:36:07,au2312P472,au2312P472,28.54,0.0,0.0,0.0,1,27.58,27.76,1,28.54,0.0,0.0,0.0,0.0,0.0,16
2023-05-10 21:36:08,au2312P472,au2312P472,28.54,0.0,0.0,0.0,1,27.02,27.7,1,28.54,0.0,0.0,0.0,0.0,0.0,16
2023-05-10 21:36:09,au2312P472,au2312P472,28.54,0.0,0.0,0.0,1,27.46,27.7,1,28.54,0.0,0.0,0.0,0.0,0.0,16
2023-05-10 21:36:10,au2312P472,au2312P472,28.54,0.0,0.0,0.0,1,27.48,27.7,1,28.54,0.0,0.0,0.0,0.0,0.0,16
2023-05-10 21:36:11,au2312P472,au2312P472,28.54,0.0,0.0,0.0,1,27.5,27.7,1,28.54,0.0,0.0,0.0,0.0,0.0,16
2023-05-10 21:36:13,au2312P472,au2312P472,28.54,0.0,0.0,0.0,1,27.5,27.68,1,28.54,0.0,0.0,0.0,0.0,0.0,16
2023-05-10 21:36:24,au2312P472,au2312P472,28.54,0.0,0.0,0.0,1,27.52,27.7,1,28.54,0.0,0.0,0.0,0.0,0.0,16
2023-05-10 21:36:29,au2312P472,au2312P472,28.54,0.0,0.0,0.0,1,27.52,27.66,1,28.54,0.0,0.0,0.0,0.0,0.0,16
2023-05-10 21:36:35,au2312P472,au2312P472,28.54,0.0,0.0,0.0,1,27.5,27.66,1,28.54,0.0,0.0,0.0,0.0,0.0,16
2023-05-10 21:36:36,au2312P472,au2312P472,28.54,0.0,0.0,0.0,1,27.42,27.66,1,28.54,0.0,0.0,0.0,0.0,0.0,16
2023-05-10 21:36:38,au2312P472,au2312P472,28.54,0.0,0.0,0.0,1,27.42,27.64,1,28.54,0.0,0.0,0.0,0.0,0.0,16
2023-05-10 21:36:41,au2312P472,au2312P472,28.54,0.0,0.0,0.0,1,27.46,27.64,1,28.54,0.0,0.0,0.0,0.0,0.0,16
2023-05-10 21:36:51,au2312P472,au2312P472,28.54,0.0,0.0,0.0,1,27.46,27.62,1,28.54,0.0,0.0,0.0,0.0,0.0,16
2023-05-10 21:36:54,au2312P472,au2312P472,28.54,0.0,0.0,0.0,1,27.42,27.62,1,28.54,0.0,0.0,0.0,0.0,0.0,16
2023-05-10 21:36:57,au2312P472,au2312P472,28.54,0.0,0.0,0.0,1,27.02,27.6,1,28.54,0.0,0.0,0.0,0.0,0.0,16
2023-05-10 21:36:58,au2312P472,au2312P472,28.54,0.0,0.0,0.0,1,27.34,27.56,1,28.54,0.0,0.0,0.0,0.0,0.0,16
2023-05-10 21:37:00,au2312P472,au2312P472,28.54,0.0,0.0,0.0,1,27.38,27.56,1,28.54,0.0,0.0,0.0,0.0,0.0,16
2023-05-10 21:37:04,au2312P472,au2312P472,28.54,0.0,0.0,0.0,1,27.36,27.54,1,28.54,0.0,0.0,0.0,0.0,0.0,16
2023-05-10 21:37:05,au2312P472,au2312P472,28.54,0.0,0.0,0.0,1,27.3,27.52,1,28.54,0.0,0.0,0.0,0.0,0.0,16
2023-05-10 21:37:06,au2312P472,au2312P472,28.54,0.0,0.0,0.0,1,27.3,27.48,1,28.54,0.0,0.0,0.0,0.0,0.0,16
2023-05-10 21:37:13,au2312P472,au2312P472,28.54,0.0,0.0,0.0,1,27.32,27.52,1,28.54,0.0,0.0,0.0,0.0,0.0,16
2023-05-10 21:37:15,au2312P472,au2312P472,28.54,0.0,0.0,0.0,1,27.32,27.5,1,28.54,0.0,0.0,0.0,0.0,0.0,16
2023-05-10 21:37:26,au2312P472,au2312P472,28.54,0.0,0.0,0.0,1,27.32,27.48,1,28.54,0.0,0.0,0.0,0.0,0.0,16
2023-05-10 21:37:27,au2312P472,au2312P472,28.54,0.0,0.0,0.0,1,27.3,27.48,1,28.54,0.0,0.0,0.0,0.0,0.0,16
2023-05-10 21:37:28,au2312P472,au2312P472,28.54,0.0,0.0,0.0,1,27.02,27.44,1,28.54,0.0,0.0,0.0,0.0,0.0,16
2023-05-10 21:37:29,au2312P472,au2312P472,28.54,0.0,0.0,0.0,1,27.02,27.4,1,28.54,0.0,0.0,0.0,0.0,0.0,16
2023-05-10 21:37:29,au2312P472,au2312P472,28.54,0.0,0.0,0.0,1,27.2,27.4,1,28.54,0.0,0.0,0.0,0.0,0.0,16
2023-05-10 21:37:31,au2312P472,au2312P472,28.54,0.0,0.0,0.0,1,27.24,27.44,1,28.54,0.0,0.0,0.0,0.0,0.0,16
2023-05-10 21:37:31,au2312P472,au2312P472,28.54,0.0,0.0,0.0,1,27.24,28.18,1,28.54,0.0,0.0,0.0,0.0,0.0,16
2023-05-10 21:37:32,au2312P472,au2312P472,28.54,0.0,0.0,0.0,1,27.28,27.5,1,28.54,0.0,0.0,0.0,0.0,0.0,16
2023-05-10 21:37:33,au2312P472,au2312P472,28.54,0.0,0.0,0.0,1,27.28,27.48,1,28.54,0.0,0.0,0.0,0.0,0.0,16
2023-05-10 21:37:36,au2312P472,au2312P472,28.54,0.0,0.0,0.0,1,27.02,27.44,1,28.54,0.0,0.0,0.0,0.0,0.0,16
2023-05-10 21:37:38,au2312P472,au2312P472,28.54,0.0,0.0,0.0,1,27.22,27.44,1,28.54,0.0,0.0,0.0,0.0,0.0,16
2023-05-10 21:37:40,au2312P472,au2312P472,28.54,0.0,0.0,0.0,1,27.26,27.44,1,28.54,0.0,0.0,0.0,0.0,0.0,16
2023-05-10 21:37:43,au2312P472,au2312P472,28.54,0.0,0.0,0.0,1,27.3,27.48,1,28.54,0.0,0.0,0.0,0.0,0.0,16
2023-05-10 21:37:59,au2312P472,au2312P472,28.54,0.0,0.0,0.0,1,27.26,27.46,1,28.54,0.0,0.0,0.0,0.0,0.0,16
2023-05-10 21:37:59,au2312P472,au2312P472,28.54,0.0,0.0,0.0,1,27.26,27.44,1,28.54,0.0,0.0,0.0,0.0,0.0,16
2023-05-10 21:38:02,au2312P472,au2312P472,28.54,0.0,0.0,0.0,1,27.3,27.46,1,28.54,0.0,0.0,0.0,0.0,0.0,16
2023-05-10 21:38:06,au2312P472,au2312P472,28.54,0.0,0.0,0.0,1,27.3,27.52,1,28.54,0.0,0.0,0.0,0.0,0.0,16
2023-05-10 21:38:09,au2312P472,au2312P472,28.54,0.0,0.0,0.0,1,27.32,27.52,1,28.54,0.0,0.0,0.0,0.0,0.0,16
2023-05-10 21:38:14,au2312P472,au2312P472,28.54,0.0,0.0,0.0,1,27.34,27.52,1,28.54,0.0,0.0,0.0,0.0,0.0,16
2023-05-10 21:38:15,au2312P472,au2312P472,28.54,0.0,0.0,0.0,1,27.36,27.58,1,28.54,0.0,0.0,0.0,0.0,0.0,16
2023-05-10 21:38:20,au2312P472,au2312P472,28.54,0.0,0.0,0.0,1,27.4,27.58,1,28.54,0.0,0.0,0.0,0.0,0.0,16
2023-05-10 21:38:25,au2312P472,au2312P472,28.54,0.0,0.0,0.0,1,27.4,27.54,1,28.54,0.0,0.0,0.0,0.0,0.0,16
2023-05-10 21:38:26,au2312P472,au2312P472,28.54,0.0,0.0,0.0,1,27.36,27.54,1,28.54,0.0,0.0,0.0,0.0,0.0,16
2023-05-10 21:38:36,au2312P472,au2312P472,28.54,0.0,0.0,0.0,1,27.38,27.58,1,28.54,0.0,0.0,0.0,0.0,0.0,16
2023-05-10 21:38:40,au2312P472,au2312P472,28.54,0.0,0.0,0.0,1,27.38,27.54,1,28.54,0.0,0.0,0.0,0.0,0.0,16
2023-05-10 21:38:42,au2312P472,au2312P472,28.54,0.0,0.0,0.0,1,27.38,27.58,1,28.54,0.0,0.0,0.0,0.0,0.0,16
2023-05-10 21:38:42,au2312P472,au2312P472,28.54,0.0,0.0,0.0,1,27.4,27.58,1,28.54,0.0,0.0,0.0,0.0,0.0,16
2023-05-10 21:38:43,au2312P472,au2312P472,28.54,0.0,0.0,0.0,1,27.4,28.18,1,28.54,0.0,0.0,0.0,0.0,0.0,16
2023-05-10 21:38:43,au2312P472,au2312P472,28.54,0.0,0.0,0.0,1,27.44,28.18,1,28.54,0.0,0.0,0.0,0.0,0.0,16
2023-05-10 21:38:44,au2312P472,au2312P472,28.54,0.0,0.0,0.0,1,27.44,27.64,1,28.54,0.0,0.0,0.0,0.0,0.0,16
2023-05-10 21:38:51,au2312P472,au2312P472,28.54,0.0,0.0,0.0,1,27.46,27.64,1,28.54,0.0,0.0,0.0,0.0,0.0,16
2023-05-10 21:38:58,au2312P472,au2312P472,28.54,0.0,0.0,0.0,1,27.48,27.72,1,28.54,0.0,0.0,0.0,0.0,0.0,16
2023-05-10 21:38:59,au2312P472,au2312P472,28.54,0.0,0.0,0.0,1,27.52,27.72,1,28.54,0.0,0.0,0.0,0.0,0.0,16
2023-05-10 21:39:03,au2312P472,au2312P472,28.54,0.0,0.0,0.0,1,27.54,27.72,1,28.54,0.0,0.0,0.0,0.0,0.0,16
2023-05-10 21:39:08,au2312P472,au2312P472,28.54,0.0,0.0,0.0,1,27.52,27.68,1,28.54,0.0,0.0,0.0,0.0,0.0,16
2023-05-10 21:39:09,au2312P472,au2312P472,28.54,0.0,0.0,0.0,1,27.02,27.68,1,28.54,0.0,0.0,0.0,0.0,0.0,16
2023-05-10 21:39:09,au2312P472,au2312P472,28.54,0.0,0.0,0.0,1,27.46,27.68,1,28.54,0.0,0.0,0.0,0.0,0.0,16
2023-05-10 21:39:12,au2312P472,au2312P472,28.54,0.0,0.0,0.0,1,27.46,27.66,1,28.54,0.0,0.0,0.0,0.0,0.0,16
2023-05-10 21:39:15,au2312P472,au2312P472,28.54,0.0,0.0,0.0,1,27.46,27.62,1,28.54,0.0,0.0,0.0,0.0,0.0,16
2023-05-10 21:39:18,au2312P472,au2312P472,28.54,0.0,0.0,0.0,1,27.48,27.66,1,28.54,0.0,0.0,0.0,0.0,0.0,16
2023-05-10 21:39:27,au2312P472,au2312P472,28.54,0.0,0.0,0.0,1,27.5,27.72,1,28.54,0.0,0.0,0.0,0.0,0.0,16
2023-05-10 21:39:28,au2312P472,au2312P472,28.54,0.0,0.0,0.0,1,27.5,27.7,1,28.54,0.0,0.0,0.0,0.0,0.0,16
2023-05-10 21:39:35,au2312P472,au2312P472,28.54,0.0,0.0,0.0,1,27.5,27.68,1,28.54,0.0,0.0,0.0,0.0,0.0,16
2023-05-10 21:39:59,au2312P472,au2312P472,28.54,0.0,0.0,0.0,1,27.54,27.76,1,28.54,0.0,0.0,0.0,0.0,0.0,16
2023-05-10 21:40:00,au2312P472,au2312P472,28.54,0.0,0.0,0.0,1,27.54,27.7,1,28.54,0.0,0.0,0.0,0.0,0.0,16
2023-05-10 21:40:01,au2312P472,au2312P472,28.54,0.0,0.0,0.0,1,27.54,27.76,1,28.54,0.0,0.0,0.0,0.0,0.0,16
2023-05-10 21:40:03,au2312P472,au2312P472,28.54,0.0,0.0,0.0,1,27.56,27.76,1,28.54,0.0,0.0,0.0,0.0,0.0,16
2023-05-10 21:40:03,au2312P472,au2312P472,28.54,0.0,0.0,0.0,1,27.58,27.76,1,28.54,0.0,0.0,0.0,0.0,0.0,16
2023-05-10 21:40:04,au2312P472,au2312P472,28.54,0.0,0.0,0.0,1,27.58,28.18,1,28.54,0.0,0.0,0.0,0.0,0.0,16
2023-05-10 21:40:04,au2312P472,au2312P472,28.54,0.0,0.0,0.0,1,27.64,27.86,1,28.54,0.0,0.0,0.0,0.0,0.0,16
2023-05-10 21:40:05,au2312P472,au2312P472,28.54,0.0,0.0,0.0,1,27.64,27.8,1,28.54,0.0,0.0,0.0,0.0,0.0,16
2023-05-10 21:40:05,au2312P472,au2312P472,28.54,0.0,0.0,0.0,1,27.58,27.76,1,28.54,0.0,0.0,0.0,0.0,0.0,16
2023-05-10 21:40:08,au2312P472,au2312P472,28.54,0.0,0.0,0.0,1,27.6,27.76,1,28.54,0.0,0.0,0.0,0.0,0.0,16
2023-05-10 21:40:33,au2312P472,au2312P472,28.54,0.0,0.0,0.0,1,27.58,27.74,1,28.54,0.0,0.0,0.0,0.0,0.0,16
2023-05-10 21:40:34,au2312P472,au2312P472,28.54,0.0,0.0,0.0,1,27.02,27.74,1,28.54,0.0,0.0,0.0,0.0,0.0,16
2023-05-10 21:40:34,au2312P472,au2312P472,28.54,0.0,0.0,0.0,1,27.52,27.74,1,28.54,0.0,0.0,0.0,0.0,0.0,16
2023-05-10 21:40:41,au2312P472,au2312P472,28.54,0.0,0.0,0.0,1,27.52,27.7,1,28.54,0.0,0.0,0.0,0.0,0.0,16
2023-05-10 21:40:43,au2312P472,au2312P472,28.54,0.0,0.0,0.0,1,27.02,27.64,1,28.54,0.0,0.0,0.0,0.0,0.0,16
2023-05-10 21:40:44,au2312P472,au2312P472,28.54,0.0,0.0,0.0,1,27.42,27.64,1,28.54,0.0,0.0,0.0,0.0,0.0,16
2023-05-10 21:40:45,au2312P472,au2312P472,28.54,0.0,0.0,0.0,1,27.46,27.64,1,28.54,0.0,0.0,0.0,0.0,0.0,16
2023-05-10 21:40:56,au2312P472,au2312P472,28.54,0.0,0.0,0.0,1,27.42,27.6,1,28.54,0.0,0.0,0.0,0.0,0.0,16
2023-05-10 21:41:01,au2312P472,au2312P472,28.54,0.0,0.0,0.0,1,27.48,27.64,1,28.54,0.0,0.0,0.0,0.0,0.0,16
2023-05-10 21:41:22,au2312P472,au2312P472,28.54,0.0,0.0,0.0,1,27.44,27.64,1,28.54,0.0,0.0,0.0,0.0,0.0,16
2023-05-10 21:41:23,au2312P472,au2312P472,28.54,0.0,0.0,0.0,1,27.44,27.62,1,28.54,0.0,0.0,0.0,0.0,0.0,16
2023-05-10 21:41:41,au2312P472,au2312P472,28.54,0.0,0.0,0.0,1,27.44,27.6,1,28.54,0.0,0.0,0.0,0.0,0.0,16
2023-05-10 21:41:52,au2312P472,au2312P472,28.54,0.0,0.0,0.0,1,27.44,27.62,1,28.54,0.0,0.0,0.0,0.0,0.0,16
2023-05-10 21:41:52,au2312P472,au2312P472,28.54,0.0,0.0,0.0,1,27.46,27.62,1,28.54,0.0,0.0,0.0,0.0,0.0,16
2023-05-10 21:41:53,au2312P472,au2312P472,28.54,0.0,0.0,0.0,1,27.46,28.18,1,28.54,0.0,0.0,0.0,0.0,0.0,16
2023-05-10 21:41:53,au2312P472,au2312P472,28.54,0.0,0.0,0.0,1,27.46,27.7,1,28.54,0.0,0.0,0.0,0.0,0.0,16
2023-05-10 21:41:54,au2312P472,au2312P472,28.54,0.0,0.0,0.0,1,27.46,27.68,1,28.54,0.0,0.0,0.0,0.0,0.0,16
2023-05-10 21:42:00,au2312P472,au2312P472,28.54,0.0,0.0,0.0,1,27.46,27.66,1,28.54,0.0,0.0,0.0,0.0,0.0,16
2023-05-10 21:42:00,au2312P472,au2312P472,28.54,0.0,0.0,0.0,1,27.5,27.66,1,28.54,0.0,0.0,0.0,0.0,0.0,16
2023-05-10 21:42:02,au2312P472,au2312P472,28.54,0.0,0.0,0.0,1,27.5,27.68,1,28.54,0.0,0.0,0.0,0.0,0.0,16
2023-05-10 21:42:03,au2312P472,au2312P472,28.54,0.0,0.0,0.0,1,27.52,27.68,1,28.54,0.0,0.0,0.0,0.0,0.0,16
2023-05-10 21:42:07,au2312P472,au2312P472,28.54,0.0,0.0,0.0,1,27.52,27.76,1,28.54,0.0,0.0,0.0,0.0,0.0,16
2023-05-10 21:42:07,au2312P472,au2312P472,28.54,0.0,0.0,0.0,1,27.54,27.76,1,28.54,0.0,0.0,0.0,0.0,0.0,16
2023-05-10 21:42:08,au2312P472,au2312P472,28.54,0.0,0.0,0.0,1,27.58,27.76,1,28.54,0.0,0.0,0.0,0.0,0.0,16
2023-05-10 21:42:14,au2312P472,au2312P472,28.54,0.0,0.0,0.0,1,27.66,28.18,1,28.54,0.0,0.0,0.0,0.0,0.0,16
2023-05-10 21:42:15,au2312P472,au2312P472,28.54,0.0,0.0,0.0,1,27.66,27.84,1,28.54,0.0,0.0,0.0,0.0,0.0,16
2023-05-10 21:42:22,au2312P472,au2312P472,28.54,0.0,0.0,0.0,1,27.58,27.84,1,28.54,0.0,0.0,0.0,0.0,0.0,16
2023-05-10 21:42:23,au2312P472,au2312P472,28.54,0.0,0.0,0.0,1,27.58,27.8,1,28.54,0.0,0.0,0.0,0.0,0.0,16
2023-05-10 21:42:33,au2312P472,au2312P472,28.54,0.0,0.0,0.0,1,27.62,27.8,1,28.54,0.0,0.0,0.0,0.0,0.0,16
2023-05-10 21:42:44,au2312P472,au2312P472,28.54,0.0,0.0,0.0,1,27.62,27.84,1,28.54,0.0,0.0,0.0,0.0,0.0,16
2023-05-10 21:42:46,au2312P472,au2312P472,28.54,0.0,0.0,0.0,1,27.66,27.84,1,28.54,0.0,0.0,0.0,0.0,0.0,16
2023-05-10 21:42:47,au2312P472,au2312P472,28.54,0.0,0.0,0.0,1,27.62,27.84,1,28.54,0.0,0.0,0.0,0.0,0.0,16
2023-05-10 21:42:47,au2312P472,au2312P472,28.54,0.0,0.0,0.0,1,27.62,27.8,1,28.54,0.0,0.0,0.0,0.0,0.0,16
2023-05-10 21:42:54,au2312P472,au2312P472,28.54,0.0,0.0,0.0,1,27.54,27.76,1,28.54,0.0,0.0,0.0,0.0,0.0,16
2023-05-10 21:42:59,au2312P472,au2312P472,28.54,0.0,0.0,0.0,1,27.54,27.74,1,28.54,0.0,0.0,0.0,0.0,0.0,16
2023-05-10 21:43:04,au2312P472,au2312P472,28.54,0.0,0.0,0.0,1,27.58,27.74,1,28.54,0.0,0.0,0.0,0.0,0.0,16
2023-05-10 21:43:07,au2312P472,au2312P472,28.54,0.0,0.0,0.0,1,27.58,27.76,1,28.54,0.0,0.0,0.0,0.0,0.0,16
2023-05-10 21:43:14,au2312P472,au2312P472,28.54,0.0,0.0,0.0,1,27.54,27.76,1,28.54,0.0,0.0,0.0,0.0,0.0,16
2023-05-10 21:43:14,au2312P472,au2312P472,28.54,0.0,0.0,0.0,1,27.54,27.72,1,28.54,0.0,0.0,0.0,0.0,0.0,16
2023-05-10 21:43:20,au2312P472,au2312P472,28.54,0.0,0.0,0.0,1,27.54,27.7,1,28.54,0.0,0.0,0.0,0.0,0.0,16
2023-05-10 21:43:21,au2312P472,au2312P472,28.54,0.0,0.0,0.0,1,27.02,27.7,1,28.54,0.0,0.0,0.0,0.0,0.0,16
2023-05-10 21:43:21,au2312P472,au2312P472,28.54,0.0,0.0,0.0,1,27.46,27.7,1,28.54,0.0,0.0,0.0,0.0,0.0,16
2023-05-10 21:43:22,au2312P472,au2312P472,28.54,0.0,0.0,0.0,1,27.46,27.66,1,28.54,0.0,0.0,0.0,0.0,0.0,16
2023-05-10 21:43:26,au2312P472,au2312P472,28.54,0.0,0.0,0.0,1,27.46,27.62,1,28.54,0.0,0.0,0.0,0.0,0.0,16
2023-05-10 21:43:27,au2312P472,au2312P472,28.54,0.0,0.0,0.0,1,27.02,27.62,1,28.54,0.0,0.0,0.0,0.0,0.0,16
2023-05-10 21:43:27,au2312P472,au2312P472,28.54,0.0,0.0,0.0,1,27.4,27.62,1,28.54,0.0,0.0,0.0,0.0,0.0,16
2023-05-10 21:43:31,au2312P472,au2312P472,28.54,0.0,0.0,0.0,1,27.44,27.62,1,28.54,0.0,0.0,0.0,0.0,0.0,16
2023-05-10 21:43:34,au2312P472,au2312P472,28.54,0.0,0.0,0.0,1,27.4,27.58,1,28.54,0.0,0.0,0.0,0.0,0.0,16
2023-05-10 21:43:55,au2312P472,au2312P472,28.54,0.0,0.0,0.0,1,27.32,27.54,1,28.54,0.0,0.0,0.0,0.0,0.0,16
2023-05-10 21:44:05,au2312P472,au2312P472,28.54,0.0,0.0,0.0,1,27.32,27.5,1,28.54,0.0,0.0,0.0,0.0,0.0,16
2023-05-10 21:44:23,au2312P472,au2312P472,28.54,0.0,0.0,0.0,1,27.32,27.54,1,28.54,0.0,0.0,0.0,0.0,0.0,16
2023-05-10 21:44:31,au2312P472,au2312P472,28.54,0.0,0.0,0.0,1,27.34,27.54,1,28.54,0.0,0.0,0.0,0.0,0.0,16
2023-05-10 21:44:35,au2312P472,au2312P472,28.54,0.0,0.0,0.0,1,27.36,27.54,1,28.54,0.0,0.0,0.0,0.0,0.0,16
2023-05-10 21:44:37,au2312P472,au2312P472,28.54,0.0,0.0,0.0,1,27.38,27.62,1,28.54,0.0,0.0,0.0,0.0,0.0,16
2023-05-10 21:44:37,au2312P472,au2312P472,28.54,0.0,0.0,0.0,1,27.38,27.6,1,28.54,0.0,0.0,0.0,0.0,0.0,16
2023-05-10 21:44:38,au2312P472,au2312P472,28.54,0.0,0.0,0.0,1,27.38,27.58,1,28.54,0.0,0.0,0.0,0.0,0.0,16
2023-05-10 21:44:39,au2312P472,au2312P472,28.54,0.0,0.0,0.0,1,27.38,27.56,1,28.54,0.0,0.0,0.0,0.0,0.0,16
2023-05-10 21:45:13,au2312P472,au2312P472,28.54,0.0,0.0,0.0,1,27.36,27.56,1,28.54,0.0,0.0,0.0,0.0,0.0,16
2023-05-10 21:45:14,au2312P472,au2312P472,28.54,0.0,0.0,0.0,1,27.36,27.52,1,28.54,0.0,0.0,0.0,0.0,0.0,16
2023-05-10 21:45:14,au2312P472,au2312P472,28.54,0.0,0.0,0.0,1,27.02,27.52,1,28.54,0.0,0.0,0.0,0.0,0.0,16
2023-05-10 21:45:15,au2312P472,au2312P472,28.54,0.0,0.0,0.0,1,27.28,27.52,1,28.54,0.0,0.0,0.0,0.0,0.0,16
2023-05-10 21:45:17,au2312P472,au2312P472,28.54,0.0,0.0,0.0,1,27.28,27.46,1,28.54,0.0,0.0,0.0,0.0,0.0,16
2023-05-10 21:45:26,au2312P472,au2312P472,28.54,0.0,0.0,0.0,1,27.28,27.52,1,28.54,0.0,0.0,0.0,0.0,0.0,16
2023-05-10 21:45:27,au2312P472,au2312P472,28.54,0.0,0.0,0.0,1,27.32,27.52,1,28.54,0.0,0.0,0.0,0.0,0.0,16
2023-05-10 21:46:00,au2312P472,au2312P472,28.54,0.0,0.0,0.0,1,27.32,27.48,1,28.54,0.0,0.0,0.0,0.0,0.0,16
2023-05-10 21:46:04,au2312P472,au2312P472,28.54,0.0,0.0,0.0,1,27.32,27.52,1,28.54,0.0,0.0,0.0,0.0,0.0,16
2023-05-10 21:46:11,au2312P472,au2312P472,28.54,0.0,0.0,0.0,1,27.28,27.5,1,28.54,0.0,0.0,0.0,0.0,0.0,16
2023-05-10 21:46:13,au2312P472,au2312P472,28.54,0.0,0.0,0.0,1,27.28,27.46,1,28.54,0.0,0.0,0.0,0.0,0.0,16
2023-05-10 21:46:22,au2312P472,au2312P472,28.54,0.0,0.0,0.0,1,27.2,27.46,1,28.54,0.0,0.0,0.0,0.0,0.0,16
2023-05-10 21:46:23,au2312P472,au2312P472,28.54,0.0,0.0,0.0,1,27.24,27.46,1,28.54,0.0,0.0,0.0,0.0,0.0,16
2023-05-10 21:46:25,au2312P472,au2312P472,28.54,0.0,0.0,0.0,1,27.24,27.42,1,28.54,0.0,0.0,0.0,0.0,0.0,16
2023-05-10 21:46:27,au2312P472,au2312P472,28.54,0.0,0.0,0.0,1,27.2,27.42,1,28.54,0.0,0.0,0.0,0.0,0.0,16
2023-05-10 21:46:28,au2312P472,au2312P472,28.54,0.0,0.0,0.0,1,27.2,27.38,1,28.54,0.0,0.0,0.0,0.0,0.0,16
2023-05-10 21:46:32,au2312P472,au2312P472,28.54,0.0,0.0,0.0,1,27.02,27.3,1,28.54,0.0,0.0,0.0,0.0,0.0,16
2023-05-10 21:46:33,au2312P472,au2312P472,28.54,0.0,0.0,0.0,1,27.08,27.3,1,28.54,0.0,0.0,0.0,0.0,0.0,16
2023-05-10 21:46:33,au2312P472,au2312P472,28.54,0.0,0.0,0.0,1,27.12,27.3,1,28.54,0.0,0.0,0.0,0.0,0.0,16
2023-05-10 21:46:34,au2312P472,au2312P472,28.54,0.0,0.0,0.0,1,27.12,27.38,1,28.54,0.0,0.0,0.0,0.0,0.0,16
2023-05-10 21:46:35,au2312P472,au2312P472,28.54,0.0,0.0,0.0,1,27.12,27.36,1,28.54,0.0,0.0,0.0,0.0,0.0,16
2023-05-10 21:46:35,au2312P472,au2312P472,28.54,0.0,0.0,0.0,1,27.16,27.36,1,28.54,0.0,0.0,0.0,0.0,0.0,16
2023-05-10 21:46:37,au2312P472,au2312P472,28.54,0.0,0.0,0.0,1,27.16,27.34,1,28.54,0.0,0.0,0.0,0.0,0.0,16
2023-05-10 21:46:39,au2312P472,au2312P472,28.54,0.0,0.0,0.0,1,27.12,27.3,1,28.54,0.0,0.0,0.0,0.0,0.0,16
2023-05-10 21:46:45,au2312P472,au2312P472,28.54,0.0,0.0,0.0,1,27.04,27.26,1,28.54,0.0,0.0,0.0,0.0,0.0,16
2023-05-10 21:46:53,au2312P472,au2312P472,28.54,0.0,0.0,0.0,1,27.06,27.26,1,28.54,0.0,0.0,0.0,0.0,0.0,16
2023-05-10 21:46:56,au2312P472,au2312P472,28.54,0.0,0.0,0.0,1,27.1,27.26,1,28.54,0.0,0.0,0.0,0.0,0.0,16
2023-05-10 21:47:00,au2312P472,au2312P472,28.54,0.0,0.0,0.0,1,27.1,27.3,1,28.54,0.0,0.0,0.0,0.0,0.0,16
2023-05-10 21:47:05,au2312P472,au2312P472,28.54,0.0,0.0,0.0,1,27.06,27.26,1,28.54,0.0,0.0,0.0,0.0,0.0,16
2023-05-10 21:47:06,au2312P472,au2312P472,28.54,0.0,0.0,0.0,1,18.02,27.26,1,28.54,0.0,0.0,0.0,0.0,0.0,16
2023-05-10 21:47:06,au2312P472,au2312P472,28.54,0.0,0.0,0.0,1,18.34,27.2,1,28.54,0.0,0.0,0.0,0.0,0.0,16
2023-05-10 21:47:07,au2312P472,au2312P472,28.54,0.0,0.0,0.0,1,22.1,27.2,1,28.54,0.0,0.0,0.0,0.0,0.0,16
2023-05-10 21:47:07,au2312P472,au2312P472,28.54,0.0,0.0,0.0,1,26.94,27.16,1,28.54,0.0,0.0,0.0,0.0,0.0,16
2023-05-10 21:47:08,au2312P472,au2312P472,28.54,0.0,0.0,0.0,1,26.94,27.16,1,28.54,0.0,0.0,0.0,0.0,0.0,16
2023-05-10 21:47:08,au2312P472,au2312P472,28.54,0.0,0.0,0.0,1,27.0,27.2,1,28.54,0.0,0.0,0.0,0.0,0.0,16
2023-05-10 21:47:11,au2312P472,au2312P472,28.54,0.0,0.0,0.0,1,27.02,27.2,1,28.54,0.0,0.0,0.0,0.0,0.0,16
2023-05-10 21:47:18,au2312P472,au2312P472,28.54,0.0,0.0,0.0,1,27.0,27.18,1,28.54,0.0,0.0,0.0,0.0,0.0,16
2023-05-10 21:47:19,au2312P472,au2312P472,28.54,0.0,0.0,0.0,1,25.88,27.18,1,28.54,0.0,0.0,0.0,0.0,0.0,16
2023-05-10 21:47:19,au2312P472,au2312P472,28.54,0.0,0.0,0.0,1,26.94,27.18,1,28.54,0.0,0.0,0.0,0.0,0.0,16
2023-05-10 21:47:20,au2312P472,au2312P472,28.54,0.0,0.0,0.0,1,26.94,27.16,1,28.54,0.0,0.0,0.0,0.0,0.0,16
2023-05-10 21:47:25,au2312P472,au2312P472,28.54,0.0,0.0,0.0,1,26.94,27.14,1,28.54,0.0,0.0,0.0,0.0,0.0,16
2023-05-10 21:47:34,au2312P472,au2312P472,28.54,0.0,0.0,0.0,1,26.94,27.1,1,28.54,0.0,0.0,0.0,0.0,0.0,16
2023-05-10 21:47:37,au2312P472,au2312P472,28.54,0.0,0.0,0.0,1,26.94,27.14,1,28.54,0.0,0.0,0.0,0.0,0.0,16
2023-05-10 21:47:40,au2312P472,au2312P472,28.54,0.0,0.0,0.0,1,26.98,27.14,1,28.54,0.0,0.0,0.0,0.0,0.0,16
2023-05-10 21:47:44,au2312P472,au2312P472,28.54,0.0,0.0,0.0,1,26.98,27.22,1,28.54,0.0,0.0,0.0,0.0,0.0,16
2023-05-10 21:47:45,au2312P472,au2312P472,28.54,0.0,0.0,0.0,1,26.98,27.18,1,28.54,0.0,0.0,0.0,0.0,0.0,16
2023-05-10 21:47:47,au2312P472,au2312P472,28.54,0.0,0.0,0.0,1,26.98,27.14,1,28.54,0.0,0.0,0.0,0.0,0.0,16
2023-05-10 21:47:52,au2312P472,au2312P472,28.54,0.0,0.0,0.0,1,26.94,27.14,1,28.54,0.0,0.0,0.0,0.0,0.0,16
2023-05-10 21:47:53,au2312P472,au2312P472,28.54,0.0,0.0,0.0,1,26.94,27.12,1,28.54,0.0,0.0,0.0,0.0,0.0,16
2023-05-10 21:48:01,au2312P472,au2312P472,28.54,0.0,0.0,0.0,1,26.94,27.1,1,28.54,0.0,0.0,0.0,0.0,0.0,16
2023-05-10 21:48:01,au2312P472,au2312P472,28.54,0.0,0.0,0.0,1,26.86,27.1,1,28.54,0.0,0.0,0.0,0.0,0.0,16
2023-05-10 21:48:05,au2312P472,au2312P472,28.54,0.0,0.0,0.0,1,26.9,27.1,1,28.54,0.0,0.0,0.0,0.0,0.0,16
2023-05-10 21:48:08,au2312P472,au2312P472,28.54,0.0,0.0,0.0,1,26.9,27.08,1,28.54,0.0,0.0,0.0,0.0,0.0,16
2023-05-10 21:48:13,au2312P472,au2312P472,28.54,0.0,0.0,0.0,1,26.86,27.08,1,28.54,0.0,0.0,0.0,0.0,0.0,16
2023-05-10 21:48:17,au2312P472,au2312P472,28.54,0.0,0.0,0.0,1,26.86,27.06,1,28.54,0.0,0.0,0.0,0.0,0.0,16
2023-05-10 21:48:22,au2312P472,au2312P472,28.54,0.0,0.0,0.0,1,26.9,27.06,1,28.54,0.0,0.0,0.0,0.0,0.0,16
2023-05-10 21:48:24,au2312P472,au2312P472,28.54,0.0,0.0,0.0,1,26.86,27.06,1,28.54,0.0,0.0,0.0,0.0,0.0,16
2023-05-10 21:48:25,au2312P472,au2312P472,28.54,0.0,0.0,0.0,1,26.78,27.02,1,28.54,0.0,0.0,0.0,0.0,0.0,16
2023-05-10 21:48:26,au2312P472,au2312P472,28.54,0.0,0.0,0.0,1,26.78,27.0,1,28.54,0.0,0.0,0.0,0.0,0.0,16
2023-05-10 21:48:29,au2312P472,au2312P472,28.54,0.0,0.0,0.0,1,26.82,27.0,1,28.54,0.0,0.0,0.0,0.0,0.0,16
2023-05-10 21:48:37,au2312P472,au2312P472,28.54,0.0,0.0,0.0,1,26.88,28.18,1,28.54,0.0,0.0,0.0,0.0,0.0,16
2023-05-10 21:48:38,au2312P472,au2312P472,28.54,0.0,0.0,0.0,1,26.88,27.08,1,28.54,0.0,0.0,0.0,0.0,0.0,16
2023-05-10 21:48:38,au2312P472,au2312P472,28.54,0.0,0.0,0.0,1,26.88,27.06,1,28.54,0.0,0.0,0.0,0.0,0.0,16
2023-05-10 21:48:39,au2312P472,au2312P472,28.54,0.0,0.0,0.0,1,26.82,27.02,1,28.54,0.0,0.0,0.0,0.0,0.0,16
2023-05-10 21:48:48,au2312P472,au2312P472,28.54,0.0,0.0,0.0,1,26.84,27.02,1,28.54,0.0,0.0,0.0,0.0,0.0,16
2023-05-10 21:48:50,au2312P472,au2312P472,28.54,0.0,0.0,0.0,1,26.84,27.06,1,28.54,0.0,0.0,0.0,0.0,0.0,16
2023-05-10 21:48:50,au2312P472,au2312P472,28.54,0.0,0.0,0.0,1,26.84,27.28,1,28.54,0.0,0.0,0.0,0.0,0.0,16
2023-05-10 21:48:51,au2312P472,au2312P472,28.54,0.0,0.0,0.0,1,26.88,27.1,1,28.54,0.0,0.0,0.0,0.0,0.0,16
2023-05-10 21:48:52,au2312P472,au2312P472,28.54,0.0,0.0,0.0,1,26.92,27.1,1,28.54,0.0,0.0,0.0,0.0,0.0,16
2023-05-10 21:48:52,au2312P472,au2312P472,28.54,0.0,0.0,0.0,1,26.92,27.18,1,28.54,0.0,0.0,0.0,0.0,0.0,16
2023-05-10 21:48:53,au2312P472,au2312P472,28.54,0.0,0.0,0.0,1,26.92,27.16,1,28.54,0.0,0.0,0.0,0.0,0.0,16
2023-05-10 21:48:57,au2312P472,au2312P472,28.54,0.0,0.0,0.0,1,26.92,27.12,1,28.54,0.0,0.0,0.0,0.0,0.0,16
2023-05-10 21:49:05,au2312P472,au2312P472,28.54,0.0,0.0,0.0,1,26.92,27.1,1,28.54,0.0,0.0,0.0,0.0,0.0,16
2023-05-10 21:49:06,au2312P472,au2312P472,28.54,0.0,0.0,0.0,1,26.88,27.08,1,28.54,0.0,0.0,0.0,0.0,0.0,16
2023-05-10 21:49:09,au2312P472,au2312P472,28.54,0.0,0.0,0.0,1,26.9,27.1,1,28.54,0.0,0.0,0.0,0.0,0.0,16
2023-05-10 21:49:13,au2312P472,au2312P472,28.54,0.0,0.0,0.0,1,26.94,27.1,1,28.54,0.0,0.0,0.0,0.0,0.0,16
2023-05-10 21:49:18,au2312P472,au2312P472,28.54,0.0,0.0,0.0,1,26.94,27.18,1,28.54,0.0,0.0,0.0,0.0,0.0,16
2023-05-10 21:49:19,au2312P472,au2312P472,28.54,0.0,0.0,0.0,1,26.94,27.14,1,28.54,0.0,0.0,0.0,0.0,0.0,16
2023-05-10 21:49:23,au2312P472,au2312P472,28.54,0.0,0.0,0.0,1,26.98,27.14,1,28.54,0.0,0.0,0.0,0.0,0.0,16
2023-05-10 21:49:35,au2312P472,au2312P472,28.54,0.0,0.0,0.0,1,26.94,27.14,1,28.54,0.0,0.0,0.0,0.0,0.0,16
2023-05-10 21:49:43,au2312P472,au2312P472,28.54,0.0,0.0,0.0,1,26.98,27.14,1,28.54,0.0,0.0,0.0,0.0,0.0,16
2023-05-10 21:49:48,au2312P472,au2312P472,28.54,0.0,0.0,0.0,1,26.98,27.18,1,28.54,0.0,0.0,0.0,0.0,0.0,16
2023-05-10 21:49:57,au2312P472,au2312P472,28.54,0.0,0.0,0.0,1,27.0,27.18,1,28.54,0.0,0.0,0.0,0.0,0.0,16
2023-05-10 21:50:01,au2312P472,au2312P472,28.54,0.0,0.0,0.0,1,27.06,27.28,1,28.54,0.0,0.0,0.0,0.0,0.0,16
2023-05-10 21:50:01,au2312P472,au2312P472,28.54,0.0,0.0,0.0,1,27.06,27.24,1,28.54,0.0,0.0,0.0,0.0,0.0,16
2023-05-10 21:50:02,au2312P472,au2312P472,28.54,0.0,0.0,0.0,1,27.0,27.24,1,28.54,0.0,0.0,0.0,0.0,0.0,16
2023-05-10 21:50:03,au2312P472,au2312P472,28.54,0.0,0.0,0.0,1,27.0,27.2,1,28.54,0.0,0.0,0.0,0.0,0.0,16
2023-05-10 21:50:04,au2312P472,au2312P472,28.54,0.0,0.0,0.0,1,27.04,27.2,1,28.54,0.0,0.0,0.0,0.0,0.0,16
2023-05-10 21:50:07,au2312P472,au2312P472,28.54,0.0,0.0,0.0,1,27.04,27.24,1,28.54,0.0,0.0,0.0,0.0,0.0,16
2023-05-10 21:50:23,au2312P472,au2312P472,28.54,0.0,0.0,0.0,1,27.04,27.24,1,28.54,0.0,0.0,0.0,0.0,0.0,16
2023-05-10 21:50:24,au2312P472,au2312P472,28.54,0.0,0.0,0.0,1,27.08,27.24,1,28.54,0.0,0.0,0.0,0.0,0.0,16
2023-05-10 21:50:26,au2312P472,au2312P472,28.54,0.0,0.0,0.0,1,27.08,27.28,1,28.54,0.0,0.0,0.0,0.0,0.0,16
2023-05-10 21:50:27,au2312P472,au2312P472,28.54,0.0,0.0,0.0,1,27.08,27.28,2,28.54,0.0,0.0,0.0,0.0,0.0,16
2023-05-10 21:50:28,au2312P472,au2312P472,28.54,0.0,0.0,0.0,1,27.08,27.24,1,28.54,0.0,0.0,0.0,0.0,0.0,16
2023-05-10 21:50:31,au2312P472,au2312P472,28.54,0.0,0.0,0.0,1,27.04,27.22,1,28.54,0.0,0.0,0.0,0.0,0.0,16
2023-05-10 21:50:41,au2312P472,au2312P472,28.54,0.0,0.0,0.0,1,26.96,27.16,1,28.54,0.0,0.0,0.0,0.0,0.0,16
2023-05-10 21:50:49,au2312P472,au2312P472,28.54,0.0,0.0,0.0,1,26.96,27.12,1,28.54,0.0,0.0,0.0,0.0,0.0,16
2023-05-10 21:50:50,au2312P472,au2312P472,28.54,0.0,0.0,0.0,1,26.88,27.12,1,28.54,0.0,0.0,0.0,0.0,0.0,16
2023-05-10 21:50:52,au2312P472,au2312P472,28.54,0.0,0.0,0.0,1,26.92,27.12,1,28.54,0.0,0.0,0.0,0.0,0.0,16
2023-05-10 21:51:09,au2312P472,au2312P472,28.54,0.0,0.0,0.0,1,26.92,27.12,1,28.54,0.0,0.0,0.0,0.0,0.0,16
2023-05-10 21:51:10,au2312P472,au2312P472,28.54,0.0,0.0,0.0,1,26.96,27.16,1,28.54,0.0,0.0,0.0,0.0,0.0,16
2023-05-10 21:51:19,au2312P472,au2312P472,28.54,0.0,0.0,0.0,1,26.96,27.16,1,28.54,0.0,0.0,0.0,0.0,0.0,16
2023-05-10 21:51:19,au2312P472,au2312P472,28.54,0.0,0.0,0.0,1,26.96,27.28,1,28.54,0.0,0.0,0.0,0.0,0.0,16
2023-05-10 21:51:20,au2312P472,au2312P472,28.54,0.0,0.0,0.0,1,27.0,27.22,1,28.54,0.0,0.0,0.0,0.0,0.0,16
2023-05-10 21:51:24,au2312P472,au2312P472,28.54,0.0,0.0,0.0,1,27.0,27.18,1,28.54,0.0,0.0,0.0,0.0,0.0,16
2023-05-10 21:51:50,au2312P472,au2312P472,28.54,0.0,0.0,0.0,1,27.02,27.22,1,28.54,0.0,0.0,0.0,0.0,0.0,16
2023-05-10 21:51:51,au2312P472,au2312P472,28.54,0.0,0.0,0.0,1,27.06,27.22,1,28.54,0.0,0.0,0.0,0.0,0.0,16
2023-05-10 21:51:55,au2312P472,au2312P472,28.54,0.0,0.0,0.0,1,27.06,27.3,1,28.54,0.0,0.0,0.0,0.0,0.0,16
2023-05-10 21:51:58,au2312P472,au2312P472,28.54,0.0,0.0,0.0,1,27.06,27.26,1,28.54,0.0,0.0,0.0,0.0,0.0,16
2023-05-10 21:52:09,au2312P472,au2312P472,28.54,0.0,0.0,0.0,1,27.06,27.24,1,28.54,0.0,0.0,0.0,0.0,0.0,16
