time,symbol_id,symbol_name,last,trade_volume,trade_amount,open_interest_change,bv1,bp1,ap1,av1,yesterday_close,today_open,today_high,today_low,volume,amount,open_interest
2023-05-10 21:02:04,au2312C416,au2312C416,45.86,0.0,0.0,0.0,1,13.96,77.74,1,45.86,0.0,0.0,0.0,0.0,0.0,24
2023-05-10 21:02:05,au2312C416,au2312C416,45.86,0.0,0.0,0.0,1,13.98,77.72,1,45.86,0.0,0.0,0.0,0.0,0.0,24
2023-05-10 21:02:06,au2312C416,au2312C416,45.86,0.0,0.0,0.0,1,14.04,77.66,1,45.86,0.0,0.0,0.0,0.0,0.0,24
2023-05-10 21:02:07,au2312C416,au2312C416,45.86,0.0,0.0,0.0,1,14.04,77.66,1,45.86,0.0,0.0,0.0,0.0,0.0,24
2023-05-10 21:02:07,au2312C416,au2312C416,45.86,0.0,0.0,0.0,1,14.06,77.64,1,45.86,0.0,0.0,0.0,0.0,0.0,24
2023-05-10 21:02:10,au2312C416,au2312C416,45.86,0.0,0.0,0.0,1,14.12,77.58,1,45.86,0.0,0.0,0.0,0.0,0.0,24
2023-05-10 21:02:11,au2312C416,au2312C416,45.86,0.0,0.0,0.0,1,14.12,77.58,1,45.86,0.0,0.0,0.0,0.0,0.0,24
2023-05-10 21:02:11,au2312C416,au2312C416,45.86,0.0,0.0,0.0,1,14.14,77.56,1,45.86,0.0,0.0,0.0,0.0,0.0,24
2023-05-10 21:02:12,au2312C416,au2312C416,45.86,0.0,0.0,0.0,1,14.14,77.56,1,45.86,0.0,0.0,0.0,0.0,0.0,24
2023-05-10 21:02:14,au2312C416,au2312C416,45.86,0.0,0.0,0.0,1,14.2,77.5,1,45.86,0.0,0.0,0.0,0.0,0.0,24
2023-05-10 21:02:15,au2312C416,au2312C416,45.86,0.0,0.0,0.0,1,14.2,77.5,1,45.86,0.0,0.0,0.0,0.0,0.0,24
2023-05-10 21:02:15,au2312C416,au2312C416,45.86,0.0,0.0,0.0,1,14.22,77.48,1,45.86,0.0,0.0,0.0,0.0,0.0,24
2023-05-10 21:02:16,au2312C416,au2312C416,45.86,0.0,0.0,0.0,1,14.22,77.48,1,45.86,0.0,0.0,0.0,0.0,0.0,24
2023-05-10 21:02:18,au2312C416,au2312C416,45.86,0.0,0.0,0.0,1,14.28,77.42,1,45.86,0.0,0.0,0.0,0.0,0.0,24
2023-05-10 21:02:19,au2312C416,au2312C416,45.86,0.0,0.0,0.0,1,14.28,77.42,1,45.86,0.0,0.0,0.0,0.0,0.0,24
2023-05-10 21:02:19,au2312C416,au2312C416,45.86,0.0,0.0,0.0,1,14.3,77.4,1,45.86,0.0,0.0,0.0,0.0,0.0,24
2023-05-10 21:02:20,au2312C416,au2312C416,45.86,0.0,0.0,0.0,1,14.36,77.34,1,45.86,0.0,0.0,0.0,0.0,0.0,24
2023-05-10 21:02:21,au2312C416,au2312C416,45.86,0.0,0.0,0.0,1,14.36,77.34,1,45.86,0.0,0.0,0.0,0.0,0.0,24
2023-05-10 21:02:21,au2312C416,au2312C416,45.86,0.0,0.0,0.0,1,14.38,77.32,1,45.86,0.0,0.0,0.0,0.0,0.0,24
2023-05-10 21:02:22,au2312C416,au2312C416,45.86,0.0,0.0,0.0,1,14.44,77.26,1,45.86,0.0,0.0,0.0,0.0,0.0,24
2023-05-10 21:02:23,au2312C416,au2312C416,45.86,0.0,0.0,0.0,1,14.44,77.26,1,45.86,0.0,0.0,0.0,0.0,0.0,24
2023-05-10 21:02:23,au2312C416,au2312C416,45.86,0.0,0.0,0.0,1,14.46,77.24,1,45.86,0.0,0.0,0.0,0.0,0.0,24
2023-05-10 21:02:24,au2312C416,au2312C416,45.86,0.0,0.0,0.0,1,14.52,77.18,1,45.86,0.0,0.0,0.0,0.0,0.0,24
2023-05-10 21:02:25,au2312C416,au2312C416,45.86,0.0,0.0,0.0,1,14.52,77.18,1,45.86,0.0,0.0,0.0,0.0,0.0,24
2023-05-10 21:02:25,au2312C416,au2312C416,45.86,0.0,0.0,0.0,1,14.54,77.16,1,45.86,0.0,0.0,0.0,0.0,0.0,24
2023-05-10 21:02:26,au2312C416,au2312C416,45.86,0.0,0.0,0.0,1,14.6,77.1,1,45.86,0.0,0.0,0.0,0.0,0.0,24
2023-05-10 21:02:27,au2312C416,au2312C416,45.86,0.0,0.0,0.0,1,14.6,77.1,1,45.86,0.0,0.0,0.0,0.0,0.0,24
2023-05-10 21:02:27,au2312C416,au2312C416,45.86,0.0,0.0,0.0,1,14.62,77.08,1,45.86,0.0,0.0,0.0,0.0,0.0,24
2023-05-10 21:02:28,au2312C416,au2312C416,45.86,0.0,0.0,0.0,1,14.68,77.02,1,45.86,0.0,0.0,0.0,0.0,0.0,24
2023-05-10 21:02:29,au2312C416,au2312C416,45.86,0.0,0.0,0.0,1,14.68,77.02,1,45.86,0.0,0.0,0.0,0.0,0.0,24
2023-05-10 21:02:29,au2312C416,au2312C416,45.86,0.0,0.0,0.0,1,14.7,77.0,1,45.86,0.0,0.0,0.0,0.0,0.0,24
2023-05-10 21:02:30,au2312C416,au2312C416,45.86,0.0,0.0,0.0,1,14.76,76.94,1,45.86,0.0,0.0,0.0,0.0,0.0,24
2023-05-10 21:02:31,au2312C416,au2312C416,45.86,0.0,0.0,0.0,1,14.76,76.94,1,45.86,0.0,0.0,0.0,0.0,0.0,24
2023-05-10 21:02:31,au2312C416,au2312C416,45.86,0.0,0.0,0.0,1,14.78,76.92,1,45.86,0.0,0.0,0.0,0.0,0.0,24
2023-05-10 21:02:32,au2312C416,au2312C416,45.86,0.0,0.0,0.0,1,14.84,76.86,1,45.86,0.0,0.0,0.0,0.0,0.0,24
2023-05-10 21:02:33,au2312C416,au2312C416,45.86,0.0,0.0,0.0,1,14.84,76.86,1,45.86,0.0,0.0,0.0,0.0,0.0,24
2023-05-10 21:02:33,au2312C416,au2312C416,45.86,0.0,0.0,0.0,1,14.86,76.84,1,45.86,0.0,0.0,0.0,0.0,0.0,24
2023-05-10 21:02:34,au2312C416,au2312C416,45.86,0.0,0.0,0.0,1,14.92,76.78,1,45.86,0.0,0.0,0.0,0.0,0.0,24
2023-05-10 21:02:35,au2312C416,au2312C416,45.86,0.0,0.0,0.0,1,14.92,76.78,1,45.86,0.0,0.0,0.0,0.0,0.0,24
2023-05-10 21:02:35,au2312C416,au2312C416,45.86,0.0,0.0,0.0,1,14.94,76.76,1,45.86,0.0,0.0,0.0,0.0,0.0,24
2023-05-10 21:02:36,au2312C416,au2312C416,45.86,0.0,0.0,0.0,1,15.0,76.7,1,45.86,0.0,0.0,0.0,0.0,0.0,24
2023-05-10 21:02:37,au2312C416,au2312C416,45.86,0.0,0.0,0.0,1,15.0,76.7,1,45.86,0.0,0.0,0.0,0.0,0.0,24
2023-05-10 21:02:37,au2312C416,au2312C416,45.86,0.0,0.0,0.0,1,15.02,76.68,1,45.86,0.0,0.0,0.0,0.0,0.0,24
2023-05-10 21:02:38,au2312C416,au2312C416,45.86,0.0,0.0,0.0,1,15.08,76.62,1,45.86,0.0,0.0,0.0,0.0,0.0,24
2023-05-10 21:02:39,au2312C416,au2312C416,45.86,0.0,0.0,0.0,1,15.08,76.62,1,45.86,0.0,0.0,0.0,0.0,0.0,24
2023-05-10 21:02:39,au2312C416,au2312C416,45.86,0.0,0.0,0.0,1,15.1,76.6,1,45.86,0.0,0.0,0.0,0.0,0.0,24
2023-05-10 21:02:40,au2312C416,au2312C416,45.86,0.0,0.0,0.0,1,15.16,76.54,1,45.86,0.0,0.0,0.0,0.0,0.0,24
2023-05-10 21:02:41,au2312C416,au2312C416,45.86,0.0,0.0,0.0,1,15.16,76.54,1,45.86,0.0,0.0,0.0,0.0,0.0,24
2023-05-10 21:02:41,au2312C416,au2312C416,45.86,0.0,0.0,0.0,1,15.18,76.52,1,45.86,0.0,0.0,0.0,0.0,0.0,24
2023-05-10 21:02:42,au2312C416,au2312C416,45.86,0.0,0.0,0.0,1,15.24,76.46,1,45.86,0.0,0.0,0.0,0.0,0.0,24
2023-05-10 21:02:43,au2312C416,au2312C416,45.86,0.0,0.0,0.0,1,15.24,76.46,1,45.86,0.0,0.0,0.0,0.0,0.0,24
2023-05-10 21:02:43,au2312C416,au2312C416,45.86,0.0,0.0,0.0,1,15.26,76.44,1,45.86,0.0,0.0,0.0,0.0,0.0,24
2023-05-10 21:02:44,au2312C416,au2312C416,45.86,0.0,0.0,0.0,1,15.32,76.38,1,45.86,0.0,0.0,0.0,0.0,0.0,24
2023-05-10 21:02:45,au2312C416,au2312C416,45.86,0.0,0.0,0.0,1,15.32,76.38,1,45.86,0.0,0.0,0.0,0.0,0.0,24
2023-05-10 21:02:45,au2312C416,au2312C416,45.86,0.0,0.0,0.0,1,15.34,76.36,1,45.86,0.0,0.0,0.0,0.0,0.0,24
2023-05-10 21:02:46,au2312C416,au2312C416,45.86,0.0,0.0,0.0,1,15.4,76.3,1,45.86,0.0,0.0,0.0,0.0,0.0,24
2023-05-10 21:02:47,au2312C416,au2312C416,45.86,0.0,0.0,0.0,1,15.4,76.3,1,45.86,0.0,0.0,0.0,0.0,0.0,24
2023-05-10 21:02:47,au2312C416,au2312C416,45.86,0.0,0.0,0.0,1,15.42,76.28,1,45.86,0.0,0.0,0.0,0.0,0.0,24
2023-05-10 21:02:48,au2312C416,au2312C416,45.86,0.0,0.0,0.0,1,15.48,76.22,1,45.86,0.0,0.0,0.0,0.0,0.0,24
2023-05-10 21:02:49,au2312C416,au2312C416,45.86,0.0,0.0,0.0,1,15.48,76.22,1,45.86,0.0,0.0,0.0,0.0,0.0,24
2023-05-10 21:02:49,au2312C416,au2312C416,45.86,0.0,0.0,0.0,1,15.5,76.2,1,45.86,0.0,0.0,0.0,0.0,0.0,24
2023-05-10 21:02:50,au2312C416,au2312C416,45.86,0.0,0.0,0.0,1,15.56,76.14,1,45.86,0.0,0.0,0.0,0.0,0.0,24
2023-05-10 21:02:51,au2312C416,au2312C416,45.86,0.0,0.0,0.0,1,15.56,76.14,1,45.86,0.0,0.0,0.0,0.0,0.0,24
2023-05-10 21:02:51,au2312C416,au2312C416,45.86,0.0,0.0,0.0,1,15.58,76.12,1,45.86,0.0,0.0,0.0,0.0,0.0,24
2023-05-10 21:02:52,au2312C416,au2312C416,45.86,0.0,0.0,0.0,1,15.64,76.12,1,45.86,0.0,0.0,0.0,0.0,0.0,24
2023-05-10 21:02:53,au2312C416,au2312C416,45.86,0.0,0.0,0.0,1,15.64,76.12,1,45.86,0.0,0.0,0.0,0.0,0.0,24
2023-05-10 21:02:53,au2312C416,au2312C416,45.86,0.0,0.0,0.0,1,15.66,76.12,1,45.86,0.0,0.0,0.0,0.0,0.0,24
2023-05-10 21:02:54,au2312C416,au2312C416,45.86,0.0,0.0,0.0,1,15.66,76.06,1,45.86,0.0,0.0,0.0,0.0,0.0,24
2023-05-10 21:02:55,au2312C416,au2312C416,45.86,0.0,0.0,0.0,1,15.66,76.06,1,45.86,0.0,0.0,0.0,0.0,0.0,24
2023-05-10 21:02:55,au2312C416,au2312C416,45.86,0.0,0.0,0.0,1,15.66,76.04,1,45.86,0.0,0.0,0.0,0.0,0.0,24
2023-05-10 21:02:56,au2312C416,au2312C416,45.86,0.0,0.0,0.0,1,15.72,76.04,1,45.86,0.0,0.0,0.0,0.0,0.0,24
2023-05-10 21:02:57,au2312C416,au2312C416,45.86,0.0,0.0,0.0,1,15.72,76.04,1,45.86,0.0,0.0,0.0,0.0,0.0,24
2023-05-10 21:02:57,au2312C416,au2312C416,45.86,0.0,0.0,0.0,2,15.74,75.98,1,45.86,0.0,0.0,0.0,0.0,0.0,24
2023-05-10 21:02:58,au2312C416,au2312C416,45.86,0.0,0.0,0.0,2,15.74,75.98,1,45.86,0.0,0.0,0.0,0.0,0.0,24
2023-05-10 21:02:58,au2312C416,au2312C416,45.86,0.0,0.0,0.0,2,15.74,75.96,1,45.86,0.0,0.0,0.0,0.0,0.0,24
2023-05-10 21:03:00,au2312C416,au2312C416,45.86,0.0,0.0,0.0,1,15.8,75.9,1,45.86,0.0,0.0,0.0,0.0,0.0,24
2023-05-10 21:03:01,au2312C416,au2312C416,45.86,0.0,0.0,0.0,1,15.8,75.9,1,45.86,0.0,0.0,0.0,0.0,0.0,24
2023-05-10 21:03:01,au2312C416,au2312C416,45.86,0.0,0.0,0.0,1,15.82,75.88,1,45.86,0.0,0.0,0.0,0.0,0.0,24
2023-05-10 21:03:02,au2312C416,au2312C416,45.86,0.0,0.0,0.0,1,15.82,75.88,1,45.86,0.0,0.0,0.0,0.0,0.0,24
2023-05-10 21:03:03,au2312C416,au2312C416,45.86,0.0,0.0,0.0,1,15.88,75.82,1,45.86,0.0,0.0,0.0,0.0,0.0,24
2023-05-10 21:03:04,au2312C416,au2312C416,45.86,0.0,0.0,0.0,1,15.88,75.82,1,45.86,0.0,0.0,0.0,0.0,0.0,24
2023-05-10 21:03:04,au2312C416,au2312C416,45.86,0.0,0.0,0.0,1,15.9,75.8,1,45.86,0.0,0.0,0.0,0.0,0.0,24
2023-05-10 21:03:05,au2312C416,au2312C416,45.86,0.0,0.0,0.0,1,15.96,75.74,1,45.86,0.0,0.0,0.0,0.0,0.0,24
2023-05-10 21:03:06,au2312C416,au2312C416,45.86,0.0,0.0,0.0,1,15.96,75.74,1,45.86,0.0,0.0,0.0,0.0,0.0,24
2023-05-10 21:03:06,au2312C416,au2312C416,45.86,0.0,0.0,0.0,1,15.98,75.72,1,45.86,0.0,0.0,0.0,0.0,0.0,24
2023-05-10 21:03:08,au2312C416,au2312C416,45.86,0.0,0.0,0.0,1,16.04,75.66,1,45.86,0.0,0.0,0.0,0.0,0.0,24
2023-05-10 21:03:09,au2312C416,au2312C416,45.86,0.0,0.0,0.0,1,16.04,75.66,1,45.86,0.0,0.0,0.0,0.0,0.0,24
2023-05-10 21:03:09,au2312C416,au2312C416,45.86,0.0,0.0,0.0,1,16.06,75.64,1,45.86,0.0,0.0,0.0,0.0,0.0,24
2023-05-10 21:03:10,au2312C416,au2312C416,45.86,0.0,0.0,0.0,1,16.12,75.58,1,45.86,0.0,0.0,0.0,0.0,0.0,24
2023-05-10 21:03:11,au2312C416,au2312C416,45.86,0.0,0.0,0.0,1,16.12,75.58,1,45.86,0.0,0.0,0.0,0.0,0.0,24
2023-05-10 21:03:11,au2312C416,au2312C416,45.86,0.0,0.0,0.0,1,16.14,75.56,1,45.86,0.0,0.0,0.0,0.0,0.0,24
2023-05-10 21:03:12,au2312C416,au2312C416,45.86,0.0,0.0,0.0,1,16.14,75.56,1,45.86,0.0,0.0,0.0,0.0,0.0,24
2023-05-10 21:03:14,au2312C416,au2312C416,45.86,0.0,0.0,0.0,1,16.2,75.5,1,45.86,0.0,0.0,0.0,0.0,0.0,24
2023-05-10 21:03:15,au2312C416,au2312C416,45.86,0.0,0.0,0.0,1,16.2,75.5,1,45.86,0.0,0.0,0.0,0.0,0.0,24
2023-05-10 21:03:15,au2312C416,au2312C416,45.86,0.0,0.0,0.0,1,16.22,75.48,1,45.86,0.0,0.0,0.0,0.0,0.0,24
2023-05-10 21:03:16,au2312C416,au2312C416,45.86,0.0,0.0,0.0,1,16.28,75.42,1,45.86,0.0,0.0,0.0,0.0,0.0,24
2023-05-10 21:03:17,au2312C416,au2312C416,45.86,0.0,0.0,0.0,1,16.28,75.42,1,45.86,0.0,0.0,0.0,0.0,0.0,24
2023-05-10 21:03:17,au2312C416,au2312C416,45.86,0.0,0.0,0.0,1,16.3,75.4,1,45.86,0.0,0.0,0.0,0.0,0.0,24
2023-05-10 21:03:19,au2312C416,au2312C416,45.86,0.0,0.0,0.0,1,16.36,75.34,1,45.86,0.0,0.0,0.0,0.0,0.0,24
2023-05-10 21:03:20,au2312C416,au2312C416,45.86,0.0,0.0,0.0,1,16.36,75.34,1,45.86,0.0,0.0,0.0,0.0,0.0,24
2023-05-10 21:03:20,au2312C416,au2312C416,45.86,0.0,0.0,0.0,1,16.38,75.32,1,45.86,0.0,0.0,0.0,0.0,0.0,24
2023-05-10 21:03:21,au2312C416,au2312C416,45.86,0.0,0.0,0.0,1,16.38,75.32,1,45.86,0.0,0.0,0.0,0.0,0.0,24
2023-05-10 21:03:22,au2312C416,au2312C416,45.86,0.0,0.0,0.0,1,16.44,75.26,1,45.86,0.0,0.0,0.0,0.0,0.0,24
2023-05-10 21:03:23,au2312C416,au2312C416,45.86,0.0,0.0,0.0,1,16.44,75.26,1,45.86,0.0,0.0,0.0,0.0,0.0,24
2023-05-10 21:03:23,au2312C416,au2312C416,45.86,0.0,0.0,0.0,1,16.46,75.24,1,45.86,0.0,0.0,0.0,0.0,0.0,24
2023-05-10 21:03:24,au2312C416,au2312C416,45.86,0.0,0.0,0.0,1,16.46,75.24,1,45.86,0.0,0.0,0.0,0.0,0.0,24
2023-05-10 21:03:26,au2312C416,au2312C416,45.86,0.0,0.0,0.0,1,16.52,75.18,1,45.86,0.0,0.0,0.0,0.0,0.0,24
2023-05-10 21:03:27,au2312C416,au2312C416,45.86,0.0,0.0,0.0,1,16.52,75.18,1,45.86,0.0,0.0,0.0,0.0,0.0,24
2023-05-10 21:03:27,au2312C416,au2312C416,45.86,0.0,0.0,0.0,1,16.54,75.16,1,45.86,0.0,0.0,0.0,0.0,0.0,24
2023-05-10 21:03:28,au2312C416,au2312C416,45.86,0.0,0.0,0.0,1,16.6,75.16,1,45.86,0.0,0.0,0.0,0.0,0.0,24
2023-05-10 21:03:29,au2312C416,au2312C416,45.86,0.0,0.0,0.0,1,16.6,75.16,1,45.86,0.0,0.0,0.0,0.0,0.0,24
2023-05-10 21:03:29,au2312C416,au2312C416,45.86,0.0,0.0,0.0,1,16.62,75.16,1,45.86,0.0,0.0,0.0,0.0,0.0,24
2023-05-10 21:03:30,au2312C416,au2312C416,45.86,0.0,0.0,0.0,1,16.68,75.1,1,45.86,0.0,0.0,0.0,0.0,0.0,24
2023-05-10 21:03:31,au2312C416,au2312C416,45.86,0.0,0.0,0.0,1,16.68,75.1,1,45.86,0.0,0.0,0.0,0.0,0.0,24
2023-05-10 21:03:31,au2312C416,au2312C416,45.86,0.0,0.0,0.0,1,16.7,75.08,1,45.86,0.0,0.0,0.0,0.0,0.0,24
2023-05-10 21:03:32,au2312C416,au2312C416,45.86,0.0,0.0,0.0,1,16.76,75.02,1,45.86,0.0,0.0,0.0,0.0,0.0,24
2023-05-10 21:03:33,au2312C416,au2312C416,45.86,0.0,0.0,0.0,1,16.76,75.02,1,45.86,0.0,0.0,0.0,0.0,0.0,24
2023-05-10 21:03:33,au2312C416,au2312C416,45.86,0.0,0.0,0.0,1,16.78,75.0,1,45.86,0.0,0.0,0.0,0.0,0.0,24
2023-05-10 21:03:34,au2312C416,au2312C416,45.86,0.0,0.0,0.0,1,16.84,74.94,1,45.86,0.0,0.0,0.0,0.0,0.0,24
2023-05-10 21:03:35,au2312C416,au2312C416,45.86,0.0,0.0,0.0,1,16.84,74.94,1,45.86,0.0,0.0,0.0,0.0,0.0,24
2023-05-10 21:03:35,au2312C416,au2312C416,45.86,0.0,0.0,0.0,1,16.86,74.92,1,45.86,0.0,0.0,0.0,0.0,0.0,24
2023-05-10 21:03:38,au2312C416,au2312C416,45.86,0.0,0.0,0.0,1,16.92,74.86,1,45.86,0.0,0.0,0.0,0.0,0.0,24
2023-05-10 21:03:39,au2312C416,au2312C416,45.86,0.0,0.0,0.0,1,16.92,74.86,1,45.86,0.0,0.0,0.0,0.0,0.0,24
2023-05-10 21:03:39,au2312C416,au2312C416,45.86,0.0,0.0,0.0,1,16.94,74.84,1,45.86,0.0,0.0,0.0,0.0,0.0,24
2023-05-10 21:03:40,au2312C416,au2312C416,45.86,0.0,0.0,0.0,1,17.0,74.78,1,45.86,0.0,0.0,0.0,0.0,0.0,24
2023-05-10 21:03:41,au2312C416,au2312C416,45.86,0.0,0.0,0.0,1,17.0,74.78,1,45.86,0.0,0.0,0.0,0.0,0.0,24
2023-05-10 21:03:41,au2312C416,au2312C416,45.86,0.0,0.0,0.0,1,17.02,74.76,1,45.86,0.0,0.0,0.0,0.0,0.0,24
2023-05-10 21:03:42,au2312C416,au2312C416,45.86,0.0,0.0,0.0,1,17.08,74.76,1,45.86,0.0,0.0,0.0,0.0,0.0,24
2023-05-10 21:03:43,au2312C416,au2312C416,45.86,0.0,0.0,0.0,1,17.08,74.76,1,45.86,0.0,0.0,0.0,0.0,0.0,24
2023-05-10 21:03:43,au2312C416,au2312C416,45.86,0.0,0.0,0.0,1,17.1,74.76,1,45.86,0.0,0.0,0.0,0.0,0.0,24
2023-05-10 21:03:44,au2312C416,au2312C416,45.86,0.0,0.0,0.0,1,17.16,74.7,1,45.86,0.0,0.0,0.0,0.0,0.0,24
2023-05-10 21:03:45,au2312C416,au2312C416,45.86,0.0,0.0,0.0,1,17.16,74.7,1,45.86,0.0,0.0,0.0,0.0,0.0,24
2023-05-10 21:03:45,au2312C416,au2312C416,45.86,0.0,0.0,0.0,1,17.18,74.68,1,45.86,0.0,0.0,0.0,0.0,0.0,24
2023-05-10 21:03:46,au2312C416,au2312C416,45.86,0.0,0.0,0.0,1,17.24,74.62,1,45.86,0.0,0.0,0.0,0.0,0.0,24
2023-05-10 21:03:47,au2312C416,au2312C416,45.86,0.0,0.0,0.0,1,17.24,74.62,1,45.86,0.0,0.0,0.0,0.0,0.0,24
2023-05-10 21:03:47,au2312C416,au2312C416,45.86,0.0,0.0,0.0,1,17.26,74.6,1,45.86,0.0,0.0,0.0,0.0,0.0,24
2023-05-10 21:03:48,au2312C416,au2312C416,45.86,0.0,0.0,0.0,1,17.32,74.6,1,45.86,0.0,0.0,0.0,0.0,0.0,24
2023-05-10 21:03:49,au2312C416,au2312C416,45.86,0.0,0.0,0.0,1,17.32,74.6,1,45.86,0.0,0.0,0.0,0.0,0.0,24
2023-05-10 21:03:49,au2312C416,au2312C416,45.86,0.0,0.0,0.0,1,17.34,74.54,1,45.86,0.0,0.0,0.0,0.0,0.0,24
2023-05-10 21:03:50,au2312C416,au2312C416,45.86,0.0,0.0,0.0,1,17.34,74.54,1,45.86,0.0,0.0,0.0,0.0,0.0,24
2023-05-10 21:03:50,au2312C416,au2312C416,45.86,0.0,0.0,0.0,1,17.4,74.52,1,45.86,0.0,0.0,0.0,0.0,0.0,24
2023-05-10 21:03:51,au2312C416,au2312C416,45.86,0.0,0.0,0.0,1,17.4,74.52,1,45.86,0.0,0.0,0.0,0.0,0.0,24
2023-05-10 21:03:51,au2312C416,au2312C416,45.86,0.0,0.0,0.0,1,17.42,74.46,1,45.86,0.0,0.0,0.0,0.0,0.0,24
2023-05-10 21:03:52,au2312C416,au2312C416,45.86,0.0,0.0,0.0,1,17.42,74.46,1,45.86,0.0,0.0,0.0,0.0,0.0,24
2023-05-10 21:03:52,au2312C416,au2312C416,45.86,0.0,0.0,0.0,1,17.42,74.44,1,45.86,0.0,0.0,0.0,0.0,0.0,24
2023-05-10 21:03:53,au2312C416,au2312C416,45.86,0.0,0.0,0.0,1,17.48,74.38,1,45.86,0.0,0.0,0.0,0.0,0.0,24
2023-05-10 21:03:54,au2312C416,au2312C416,45.86,0.0,0.0,0.0,1,17.48,74.38,1,45.86,0.0,0.0,0.0,0.0,0.0,24
2023-05-10 21:03:54,au2312C416,au2312C416,45.86,0.0,0.0,0.0,1,17.5,74.36,1,45.86,0.0,0.0,0.0,0.0,0.0,24
2023-05-10 21:03:56,au2312C416,au2312C416,45.86,0.0,0.0,0.0,1,17.56,74.3,1,45.86,0.0,0.0,0.0,0.0,0.0,24
2023-05-10 21:03:57,au2312C416,au2312C416,45.86,0.0,0.0,0.0,1,17.56,74.3,1,45.86,0.0,0.0,0.0,0.0,0.0,24
2023-05-10 21:03:57,au2312C416,au2312C416,45.86,0.0,0.0,0.0,1,17.58,74.28,1,45.86,0.0,0.0,0.0,0.0,0.0,24
2023-05-10 21:03:58,au2312C416,au2312C416,45.86,0.0,0.0,0.0,1,17.64,74.22,1,45.86,0.0,0.0,0.0,0.0,0.0,24
2023-05-10 21:03:59,au2312C416,au2312C416,45.86,0.0,0.0,0.0,1,17.64,74.22,1,45.86,0.0,0.0,0.0,0.0,0.0,24
2023-05-10 21:03:59,au2312C416,au2312C416,45.86,0.0,0.0,0.0,1,17.66,74.2,1,45.86,0.0,0.0,0.0,0.0,0.0,24
2023-05-10 21:04:00,au2312C416,au2312C416,45.86,0.0,0.0,0.0,1,17.72,74.14,1,45.86,0.0,0.0,0.0,0.0,0.0,24
2023-05-10 21:04:01,au2312C416,au2312C416,45.86,0.0,0.0,0.0,1,17.72,74.14,1,45.86,0.0,0.0,0.0,0.0,0.0,24
2023-05-10 21:04:01,au2312C416,au2312C416,45.86,0.0,0.0,0.0,1,17.74,74.12,1,45.86,0.0,0.0,0.0,0.0,0.0,24
2023-05-10 21:04:02,au2312C416,au2312C416,45.86,0.0,0.0,0.0,1,17.8,74.06,1,45.86,0.0,0.0,0.0,0.0,0.0,24
2023-05-10 21:04:03,au2312C416,au2312C416,45.86,0.0,0.0,0.0,1,17.8,74.06,1,45.86,0.0,0.0,0.0,0.0,0.0,24
2023-05-10 21:04:03,au2312C416,au2312C416,45.86,0.0,0.0,0.0,1,17.82,74.04,1,45.86,0.0,0.0,0.0,0.0,0.0,24
2023-05-10 21:04:04,au2312C416,au2312C416,45.86,0.0,0.0,0.0,1,17.88,74.04,1,45.86,0.0,0.0,0.0,0.0,0.0,24
2023-05-10 21:04:05,au2312C416,au2312C416,45.86,0.0,0.0,0.0,1,17.88,74.04,1,45.86,0.0,0.0,0.0,0.0,0.0,24
2023-05-10 21:04:05,au2312C416,au2312C416,45.86,0.0,0.0,0.0,1,17.9,74.04,1,45.86,0.0,0.0,0.0,0.0,0.0,24
2023-05-10 21:04:06,au2312C416,au2312C416,45.86,0.0,0.0,0.0,1,17.9,73.98,1,45.86,0.0,0.0,0.0,0.0,0.0,24
2023-05-10 21:04:07,au2312C416,au2312C416,45.86,0.0,0.0,0.0,1,17.9,73.98,1,45.86,0.0,0.0,0.0,0.0,0.0,24
2023-05-10 21:04:07,au2312C416,au2312C416,45.86,0.0,0.0,0.0,1,17.96,73.96,1,45.86,0.0,0.0,0.0,0.0,0.0,24
2023-05-10 21:04:08,au2312C416,au2312C416,45.86,0.0,0.0,0.0,1,17.96,73.96,1,45.86,0.0,0.0,0.0,0.0,0.0,24
2023-05-10 21:04:08,au2312C416,au2312C416,45.86,0.0,0.0,0.0,1,17.98,73.9,1,45.86,0.0,0.0,0.0,0.0,0.0,24
2023-05-10 21:04:09,au2312C416,au2312C416,45.86,0.0,0.0,0.0,1,17.98,73.9,1,45.86,0.0,0.0,0.0,0.0,0.0,24
2023-05-10 21:04:09,au2312C416,au2312C416,45.86,0.0,0.0,0.0,1,18.04,73.88,1,45.86,0.0,0.0,0.0,0.0,0.0,24
2023-05-10 21:04:10,au2312C416,au2312C416,45.86,0.0,0.0,0.0,1,18.04,73.88,1,45.86,0.0,0.0,0.0,0.0,0.0,24
2023-05-10 21:04:10,au2312C416,au2312C416,45.86,0.0,0.0,0.0,1,18.06,73.82,1,45.86,0.0,0.0,0.0,0.0,0.0,24
2023-05-10 21:04:11,au2312C416,au2312C416,45.86,0.0,0.0,0.0,1,18.06,73.82,1,45.86,0.0,0.0,0.0,0.0,0.0,24
2023-05-10 21:04:11,au2312C416,au2312C416,45.86,0.0,0.0,0.0,1,18.12,73.8,1,45.86,0.0,0.0,0.0,0.0,0.0,24
2023-05-10 21:04:12,au2312C416,au2312C416,45.86,0.0,0.0,0.0,1,18.12,73.8,1,45.86,0.0,0.0,0.0,0.0,0.0,24
2023-05-10 21:04:12,au2312C416,au2312C416,45.86,0.0,0.0,0.0,1,18.14,73.74,1,45.86,0.0,0.0,0.0,0.0,0.0,24
2023-05-10 21:04:13,au2312C416,au2312C416,45.86,0.0,0.0,0.0,1,18.14,73.74,1,45.86,0.0,0.0,0.0,0.0,0.0,24
2023-05-10 21:04:13,au2312C416,au2312C416,45.86,0.0,0.0,0.0,1,18.2,73.72,1,45.86,0.0,0.0,0.0,0.0,0.0,24
2023-05-10 21:04:14,au2312C416,au2312C416,45.86,0.0,0.0,0.0,1,18.2,73.72,1,45.86,0.0,0.0,0.0,0.0,0.0,24
2023-05-10 21:04:14,au2312C416,au2312C416,45.86,0.0,0.0,0.0,1,18.22,73.72,1,45.86,0.0,0.0,0.0,0.0,0.0,24
2023-05-10 21:04:15,au2312C416,au2312C416,45.86,0.0,0.0,0.0,1,18.28,73.66,1,45.86,0.0,0.0,0.0,0.0,0.0,24
2023-05-10 21:04:16,au2312C416,au2312C416,45.86,0.0,0.0,0.0,1,18.28,73.66,1,45.86,0.0,0.0,0.0,0.0,0.0,24
2023-05-10 21:04:16,au2312C416,au2312C416,45.86,0.0,0.0,0.0,1,18.3,73.64,1,45.86,0.0,0.0,0.0,0.0,0.0,24
2023-05-10 21:04:17,au2312C416,au2312C416,45.86,0.0,0.0,0.0,1,18.36,73.58,1,45.86,0.0,0.0,0.0,0.0,0.0,24
2023-05-10 21:04:18,au2312C416,au2312C416,45.86,0.0,0.0,0.0,1,18.36,73.58,1,45.86,0.0,0.0,0.0,0.0,0.0,24
2023-05-10 21:04:18,au2312C416,au2312C416,45.86,0.0,0.0,0.0,1,18.38,73.56,1,45.86,0.0,0.0,0.0,0.0,0.0,24
2023-05-10 21:04:19,au2312C416,au2312C416,45.86,0.0,0.0,0.0,1,18.44,73.5,1,45.86,0.0,0.0,0.0,0.0,0.0,24
2023-05-10 21:04:20,au2312C416,au2312C416,45.86,0.0,0.0,0.0,1,18.44,73.5,1,45.86,0.0,0.0,0.0,0.0,0.0,24
2023-05-10 21:04:20,au2312C416,au2312C416,45.86,0.0,0.0,0.0,1,18.46,73.48,1,45.86,0.0,0.0,0.0,0.0,0.0,24
2023-05-10 21:04:21,au2312C416,au2312C416,45.86,0.0,0.0,0.0,1,18.52,73.42,1,45.86,0.0,0.0,0.0,0.0,0.0,24
2023-05-10 21:04:22,au2312C416,au2312C416,45.86,0.0,0.0,0.0,1,18.52,73.42,1,45.86,0.0,0.0,0.0,0.0,0.0,24
2023-05-10 21:04:22,au2312C416,au2312C416,45.86,0.0,0.0,0.0,1,18.54,73.4,1,45.86,0.0,0.0,0.0,0.0,0.0,24
2023-05-10 21:04:23,au2312C416,au2312C416,45.86,0.0,0.0,0.0,1,18.6,73.34,1,45.86,0.0,0.0,0.0,0.0,0.0,24
2023-05-10 21:04:24,au2312C416,au2312C416,45.86,0.0,0.0,0.0,1,18.6,73.34,1,45.86,0.0,0.0,0.0,0.0,0.0,24
2023-05-10 21:04:24,au2312C416,au2312C416,45.86,0.0,0.0,0.0,1,18.62,73.32,1,45.86,0.0,0.0,0.0,0.0,0.0,24
2023-05-10 21:04:26,au2312C416,au2312C416,45.86,0.0,0.0,0.0,1,18.68,73.26,1,45.86,0.0,0.0,0.0,0.0,0.0,24
2023-05-10 21:04:27,au2312C416,au2312C416,45.86,0.0,0.0,0.0,1,18.68,73.26,1,45.86,0.0,0.0,0.0,0.0,0.0,24
2023-05-10 21:04:27,au2312C416,au2312C416,45.86,0.0,0.0,0.0,1,18.7,73.24,1,45.86,0.0,0.0,0.0,0.0,0.0,24
2023-05-10 21:04:28,au2312C416,au2312C416,45.86,0.0,0.0,0.0,1,18.76,73.18,1,45.86,0.0,0.0,0.0,0.0,0.0,24
2023-05-10 21:04:29,au2312C416,au2312C416,45.86,0.0,0.0,0.0,1,18.76,73.18,1,45.86,0.0,0.0,0.0,0.0,0.0,24
2023-05-10 21:04:29,au2312C416,au2312C416,45.86,0.0,0.0,0.0,1,18.78,73.16,1,45.86,0.0,0.0,0.0,0.0,0.0,24
2023-05-10 21:04:30,au2312C416,au2312C416,45.86,0.0,0.0,0.0,1,18.84,73.16,1,45.86,0.0,0.0,0.0,0.0,0.0,24
2023-05-10 21:04:31,au2312C416,au2312C416,45.86,0.0,0.0,0.0,1,18.84,73.16,1,45.86,0.0,0.0,0.0,0.0,0.0,24
2023-05-10 21:04:31,au2312C416,au2312C416,45.86,0.0,0.0,0.0,1,18.86,73.1,1,45.86,0.0,0.0,0.0,0.0,0.0,24
2023-05-10 21:04:32,au2312C416,au2312C416,45.86,0.0,0.0,0.0,1,18.86,73.1,1,45.86,0.0,0.0,0.0,0.0,0.0,24
2023-05-10 21:04:32,au2312C416,au2312C416,45.86,0.0,0.0,0.0,1,18.92,73.08,1,45.86,0.0,0.0,0.0,0.0,0.0,24
2023-05-10 21:04:33,au2312C416,au2312C416,45.86,0.0,0.0,0.0,1,38.0,73.08,1,45.86,0.0,0.0,0.0,0.0,0.0,24
2023-05-10 21:04:33,au2312C416,au2312C416,45.86,0.0,0.0,0.0,1,38.06,73.02,1,45.86,0.0,0.0,0.0,0.0,0.0,24
2023-05-10 21:04:34,au2312C416,au2312C416,45.86,0.0,0.0,0.0,1,38.06,73.02,1,45.86,0.0,0.0,0.0,0.0,0.0,24
2023-05-10 21:04:34,au2312C416,au2312C416,45.86,0.0,0.0,0.0,1,38.08,73.0,1,45.86,0.0,0.0,0.0,0.0,0.0,24
2023-05-10 21:04:35,au2312C416,au2312C416,45.86,0.0,0.0,0.0,1,38.14,72.94,1,45.86,0.0,0.0,0.0,0.0,0.0,24
2023-05-10 21:04:36,au2312C416,au2312C416,45.86,0.0,0.0,0.0,1,38.14,72.94,1,45.86,0.0,0.0,0.0,0.0,0.0,24
2023-05-10 21:04:36,au2312C416,au2312C416,45.86,0.0,0.0,0.0,1,38.16,72.92,1,45.86,0.0,0.0,0.0,0.0,0.0,24
2023-05-10 21:04:38,au2312C416,au2312C416,45.86,0.0,0.0,0.0,1,38.22,72.86,1,45.86,0.0,0.0,0.0,0.0,0.0,24
2023-05-10 21:04:39,au2312C416,au2312C416,45.86,0.0,0.0,0.0,1,38.22,72.86,1,45.86,0.0,0.0,0.0,0.0,0.0,24
2023-05-10 21:04:39,au2312C416,au2312C416,45.86,0.0,0.0,0.0,1,38.24,72.84,1,45.86,0.0,0.0,0.0,0.0,0.0,24
2023-05-10 21:04:40,au2312C416,au2312C416,45.86,0.0,0.0,0.0,1,38.3,72.78,1,45.86,0.0,0.0,0.0,0.0,0.0,24
2023-05-10 21:04:41,au2312C416,au2312C416,45.86,0.0,0.0,0.0,1,38.3,72.78,1,45.86,0.0,0.0,0.0,0.0,0.0,24
2023-05-10 21:04:41,au2312C416,au2312C416,45.86,0.0,0.0,0.0,1,38.32,72.76,1,45.86,0.0,0.0,0.0,0.0,0.0,24
2023-05-10 21:04:42,au2312C416,au2312C416,45.86,0.0,0.0,0.0,1,38.38,72.7,1,45.86,0.0,0.0,0.0,0.0,0.0,24
2023-05-10 21:04:43,au2312C416,au2312C416,45.86,0.0,0.0,0.0,1,38.38,72.7,1,45.86,0.0,0.0,0.0,0.0,0.0,24
2023-05-10 21:04:43,au2312C416,au2312C416,45.86,0.0,0.0,0.0,1,38.4,72.68,1,45.86,0.0,0.0,0.0,0.0,0.0,24
2023-05-10 21:04:44,au2312C416,au2312C416,45.86,0.0,0.0,0.0,1,38.46,72.62,1,45.86,0.0,0.0,0.0,0.0,0.0,24
2023-05-10 21:04:45,au2312C416,au2312C416,45.86,0.0,0.0,0.0,1,38.46,72.62,1,45.86,0.0,0.0,0.0,0.0,0.0,24
2023-05-10 21:04:45,au2312C416,au2312C416,45.86,0.0,0.0,0.0,1,38.48,72.6,1,45.86,0.0,0.0,0.0,0.0,0.0,24
2023-05-10 21:04:46,au2312C416,au2312C416,45.86,0.0,0.0,0.0,1,38.54,72.54,1,45.86,0.0,0.0,0.0,0.0,0.0,24
2023-05-10 21:04:47,au2312C416,au2312C416,45.86,0.0,0.0,0.0,1,38.54,72.54,1,45.86,0.0,0.0,0.0,0.0,0.0,24
2023-05-10 21:04:47,au2312C416,au2312C416,45.86,0.0,0.0,0.0,1,38.56,72.52,1,45.86,0.0,0.0,0.0,0.0,0.0,24
2023-05-10 21:04:48,au2312C416,au2312C416,45.86,0.0,0.0,0.0,1,38.62,72.46,1,45.86,0.0,0.0,0.0,0.0,0.0,24
2023-05-10 21:04:49,au2312C416,au2312C416,45.86,0.0,0.0,0.0,1,38.62,72.46,1,45.86,0.0,0.0,0.0,0.0,0.0,24
2023-05-10 21:04:49,au2312C416,au2312C416,45.86,0.0,0.0,0.0,1,38.64,72.44,1,45.86,0.0,0.0,0.0,0.0,0.0,24
2023-05-10 21:04:50,au2312C416,au2312C416,45.86,0.0,0.0,0.0,1,38.7,72.38,1,45.86,0.0,0.0,0.0,0.0,0.0,24
2023-05-10 21:04:51,au2312C416,au2312C416,45.86,0.0,0.0,0.0,1,38.7,72.38,1,45.86,0.0,0.0,0.0,0.0,0.0,24
2023-05-10 21:04:51,au2312C416,au2312C416,45.86,0.0,0.0,0.0,1,38.72,72.36,1,45.86,0.0,0.0,0.0,0.0,0.0,24
2023-05-10 21:04:52,au2312C416,au2312C416,45.86,0.0,0.0,0.0,1,38.72,72.36,1,45.86,0.0,0.0,0.0,0.0,0.0,24
2023-05-10 21:04:54,au2312C416,au2312C416,45.86,0.0,0.0,0.0,1,38.78,72.3,1,45.86,0.0,0.0,0.0,0.0,0.0,24
2023-05-10 21:04:55,au2312C416,au2312C416,45.86,0.0,0.0,0.0,1,38.78,72.3,1,45.86,0.0,0.0,0.0,0.0,0.0,24
2023-05-10 21:04:55,au2312C416,au2312C416,45.86,0.0,0.0,0.0,1,38.8,72.28,1,45.86,0.0,0.0,0.0,0.0,0.0,24
2023-05-10 21:04:56,au2312C416,au2312C416,45.86,0.0,0.0,0.0,1,38.8,72.28,1,45.86,0.0,0.0,0.0,0.0,0.0,24
2023-05-10 21:04:57,au2312C416,au2312C416,45.86,0.0,0.0,0.0,1,38.86,72.28,1,45.86,0.0,0.0,0.0,0.0,0.0,24
2023-05-10 21:04:58,au2312C416,au2312C416,45.86,0.0,0.0,0.0,1,38.86,72.28,1,45.86,0.0,0.0,0.0,0.0,0.0,24
2023-05-10 21:04:58,au2312C416,au2312C416,45.86,0.0,0.0,0.0,1,38.88,72.22,1,45.86,0.0,0.0,0.0,0.0,0.0,24
2023-05-10 21:04:59,au2312C416,au2312C416,45.86,0.0,0.0,0.0,1,38.88,72.22,1,45.86,0.0,0.0,0.0,0.0,0.0,24
2023-05-10 21:04:59,au2312C416,au2312C416,45.86,0.0,0.0,0.0,1,38.94,72.2,1,45.86,0.0,0.0,0.0,0.0,0.0,24
2023-05-10 21:05:00,au2312C416,au2312C416,45.86,0.0,0.0,0.0,1,38.94,72.2,1,45.86,0.0,0.0,0.0,0.0,0.0,24
2023-05-10 21:05:00,au2312C416,au2312C416,45.86,0.0,0.0,0.0,1,38.96,72.14,1,45.86,0.0,0.0,0.0,0.0,0.0,24
2023-05-10 21:05:01,au2312C416,au2312C416,45.86,0.0,0.0,0.0,1,38.96,72.14,1,45.86,0.0,0.0,0.0,0.0,0.0,24
2023-05-10 21:05:01,au2312C416,au2312C416,45.86,0.0,0.0,0.0,1,39.02,72.12,1,45.86,0.0,0.0,0.0,0.0,0.0,24
2023-05-10 21:05:02,au2312C416,au2312C416,45.86,0.0,0.0,0.0,1,39.02,72.12,1,45.86,0.0,0.0,0.0,0.0,0.0,24
2023-05-10 21:05:02,au2312C416,au2312C416,45.86,0.0,0.0,0.0,1,39.04,72.06,1,45.86,0.0,0.0,0.0,0.0,0.0,24
2023-05-10 21:05:03,au2312C416,au2312C416,45.86,0.0,0.0,0.0,1,39.04,72.06,1,45.86,0.0,0.0,0.0,0.0,0.0,24
2023-05-10 21:05:03,au2312C416,au2312C416,45.86,0.0,0.0,0.0,1,39.1,72.04,1,45.86,0.0,0.0,0.0,0.0,0.0,24
2023-05-10 21:05:04,au2312C416,au2312C416,45.86,0.0,0.0,0.0,1,39.1,72.04,1,45.86,0.0,0.0,0.0,0.0,0.0,24
2023-05-10 21:05:04,au2312C416,au2312C416,45.86,0.0,0.0,0.0,1,39.12,71.98,1,45.86,0.0,0.0,0.0,0.0,0.0,24
2023-05-10 21:05:05,au2312C416,au2312C416,45.86,0.0,0.0,0.0,1,39.12,71.98,1,45.86,0.0,0.0,0.0,0.0,0.0,24
2023-05-10 21:05:05,au2312C416,au2312C416,45.86,0.0,0.0,0.0,1,39.18,71.96,1,45.86,0.0,0.0,0.0,0.0,0.0,24
2023-05-10 21:05:06,au2312C416,au2312C416,45.86,0.0,0.0,0.0,1,39.18,71.96,1,45.86,0.0,0.0,0.0,0.0,0.0,24
2023-05-10 21:05:06,au2312C416,au2312C416,45.86,0.0,0.0,0.0,1,39.2,71.9,1,45.86,0.0,0.0,0.0,0.0,0.0,24
2023-05-10 21:05:07,au2312C416,au2312C416,45.86,0.0,0.0,0.0,1,39.2,71.9,1,45.86,0.0,0.0,0.0,0.0,0.0,24
2023-05-10 21:05:07,au2312C416,au2312C416,45.86,0.0,0.0,0.0,1,39.2,71.88,1,45.86,0.0,0.0,0.0,0.0,0.0,24
2023-05-10 21:05:08,au2312C416,au2312C416,45.86,0.0,0.0,0.0,1,39.2,71.82,1,45.86,0.0,0.0,0.0,0.0,0.0,24
2023-05-10 21:05:09,au2312C416,au2312C416,45.86,0.0,0.0,0.0,1,39.2,71.82,1,45.86,0.0,0.0,0.0,0.0,0.0,24
2023-05-10 21:05:09,au2312C416,au2312C416,45.86,0.0,0.0,0.0,1,39.2,71.8,1,45.86,0.0,0.0,0.0,0.0,0.0,24
2023-05-10 21:05:10,au2312C416,au2312C416,45.86,0.0,0.0,0.0,1,39.2,71.74,1,45.86,0.0,0.0,0.0,0.0,0.0,24
2023-05-10 21:05:11,au2312C416,au2312C416,45.86,0.0,0.0,0.0,1,39.2,71.74,1,45.86,0.0,0.0,0.0,0.0,0.0,24
2023-05-10 21:05:11,au2312C416,au2312C416,45.86,0.0,0.0,0.0,1,39.2,71.72,1,45.86,0.0,0.0,0.0,0.0,0.0,24
2023-05-10 21:05:12,au2312C416,au2312C416,45.86,0.0,0.0,0.0,1,39.2,71.66,1,45.86,0.0,0.0,0.0,0.0,0.0,24
2023-05-10 21:05:13,au2312C416,au2312C416,45.86,0.0,0.0,0.0,1,39.2,71.66,1,45.86,0.0,0.0,0.0,0.0,0.0,24
2023-05-10 21:05:13,au2312C416,au2312C416,45.86,0.0,0.0,0.0,1,39.2,71.64,1,45.86,0.0,0.0,0.0,0.0,0.0,24
2023-05-10 21:05:14,au2312C416,au2312C416,45.86,0.0,0.0,0.0,1,39.2,71.58,1,45.86,0.0,0.0,0.0,0.0,0.0,24
2023-05-10 21:05:15,au2312C416,au2312C416,45.86,0.0,0.0,0.0,1,39.2,71.58,1,45.86,0.0,0.0,0.0,0.0,0.0,24
2023-05-10 21:05:15,au2312C416,au2312C416,45.86,0.0,0.0,0.0,1,39.2,71.56,1,45.86,0.0,0.0,0.0,0.0,0.0,24
2023-05-10 21:05:16,au2312C416,au2312C416,45.86,0.0,0.0,0.0,1,39.2,71.5,1,45.86,0.0,0.0,0.0,0.0,0.0,24
2023-05-10 21:05:17,au2312C416,au2312C416,45.86,0.0,0.0,0.0,1,39.2,71.5,1,45.86,0.0,0.0,0.0,0.0,0.0,24
2023-05-10 21:05:17,au2312C416,au2312C416,45.86,0.0,0.0,0.0,1,39.2,71.48,1,45.86,0.0,0.0,0.0,0.0,0.0,24
2023-05-10 21:05:18,au2312C416,au2312C416,45.86,0.0,0.0,0.0,1,39.2,71.42,1,45.86,0.0,0.0,0.0,0.0,0.0,24
2023-05-10 21:05:19,au2312C416,au2312C416,45.86,0.0,0.0,0.0,1,39.2,71.42,1,45.86,0.0,0.0,0.0,0.0,0.0,24
2023-05-10 21:05:19,au2312C416,au2312C416,45.86,0.0,0.0,0.0,1,39.2,71.4,1,45.86,0.0,0.0,0.0,0.0,0.0,24
2023-05-10 21:05:20,au2312C416,au2312C416,45.86,0.0,0.0,0.0,1,39.2,71.34,1,45.86,0.0,0.0,0.0,0.0,0.0,24
2023-05-10 21:05:21,au2312C416,au2312C416,45.86,0.0,0.0,0.0,1,39.2,71.34,1,45.86,0.0,0.0,0.0,0.0,0.0,24
2023-05-10 21:05:21,au2312C416,au2312C416,45.86,0.0,0.0,0.0,1,39.2,71.32,1,45.86,0.0,0.0,0.0,0.0,0.0,24
2023-05-10 21:05:22,au2312C416,au2312C416,45.86,0.0,0.0,0.0,1,39.2,71.26,1,45.86,0.0,0.0,0.0,0.0,0.0,24
2023-05-10 21:05:23,au2312C416,au2312C416,45.86,0.0,0.0,0.0,1,39.2,71.26,1,45.86,0.0,0.0,0.0,0.0,0.0,24
2023-05-10 21:05:23,au2312C416,au2312C416,45.86,0.0,0.0,0.0,1,39.2,71.24,1,45.86,0.0,0.0,0.0,0.0,0.0,24
2023-05-10 21:05:24,au2312C416,au2312C416,45.86,0.0,0.0,0.0,1,39.2,71.18,1,45.86,0.0,0.0,0.0,0.0,0.0,24
2023-05-10 21:05:25,au2312C416,au2312C416,45.86,0.0,0.0,0.0,1,39.2,71.18,1,45.86,0.0,0.0,0.0,0.0,0.0,24
2023-05-10 21:05:25,au2312C416,au2312C416,45.86,0.0,0.0,0.0,1,39.2,71.16,1,45.86,0.0,0.0,0.0,0.0,0.0,24
2023-05-10 21:05:26,au2312C416,au2312C416,45.86,0.0,0.0,0.0,1,39.2,71.1,1,45.86,0.0,0.0,0.0,0.0,0.0,24
2023-05-10 21:05:27,au2312C416,au2312C416,45.86,0.0,0.0,0.0,1,39.2,71.1,1,45.86,0.0,0.0,0.0,0.0,0.0,24
2023-05-10 21:05:27,au2312C416,au2312C416,45.86,0.0,0.0,0.0,1,39.2,71.08,1,45.86,0.0,0.0,0.0,0.0,0.0,24
2023-05-10 21:05:28,au2312C416,au2312C416,45.86,0.0,0.0,0.0,1,39.2,71.02,1,45.86,0.0,0.0,0.0,0.0,0.0,24
2023-05-10 21:05:29,au2312C416,au2312C416,45.86,0.0,0.0,0.0,1,39.2,71.02,1,45.86,0.0,0.0,0.0,0.0,0.0,24
2023-05-10 21:05:29,au2312C416,au2312C416,45.86,0.0,0.0,0.0,1,39.2,71.0,1,45.86,0.0,0.0,0.0,0.0,0.0,24
2023-05-10 21:05:30,au2312C416,au2312C416,45.86,0.0,0.0,0.0,1,39.2,70.94,1,45.86,0.0,0.0,0.0,0.0,0.0,24
2023-05-10 21:05:31,au2312C416,au2312C416,45.86,0.0,0.0,0.0,1,39.2,70.94,1,45.86,0.0,0.0,0.0,0.0,0.0,24
2023-05-10 21:05:31,au2312C416,au2312C416,45.86,0.0,0.0,0.0,1,39.2,70.92,1,45.86,0.0,0.0,0.0,0.0,0.0,24
2023-05-10 21:05:32,au2312C416,au2312C416,45.86,0.0,0.0,0.0,1,39.2,70.86,1,45.86,0.0,0.0,0.0,0.0,0.0,24
2023-05-10 21:05:33,au2312C416,au2312C416,45.86,0.0,0.0,0.0,1,39.2,70.86,1,45.86,0.0,0.0,0.0,0.0,0.0,24
2023-05-10 21:05:33,au2312C416,au2312C416,45.86,0.0,0.0,0.0,1,39.2,70.84,1,45.86,0.0,0.0,0.0,0.0,0.0,24
2023-05-10 21:05:34,au2312C416,au2312C416,45.86,0.0,0.0,0.0,1,39.2,70.78,1,45.86,0.0,0.0,0.0,0.0,0.0,24
2023-05-10 21:05:35,au2312C416,au2312C416,45.86,0.0,0.0,0.0,1,39.2,70.78,1,45.86,0.0,0.0,0.0,0.0,0.0,24
2023-05-10 21:05:35,au2312C416,au2312C416,45.86,0.0,0.0,0.0,1,39.2,70.76,1,45.86,0.0,0.0,0.0,0.0,0.0,24
2023-05-10 21:05:36,au2312C416,au2312C416,45.86,0.0,0.0,0.0,1,39.2,70.7,1,45.86,0.0,0.0,0.0,0.0,0.0,24
2023-05-10 21:05:37,au2312C416,au2312C416,45.86,0.0,0.0,0.0,1,39.2,70.7,1,45.86,0.0,0.0,0.0,0.0,0.0,24
2023-05-10 21:05:37,au2312C416,au2312C416,45.86,0.0,0.0,0.0,1,39.2,70.68,1,45.86,0.0,0.0,0.0,0.0,0.0,24
2023-05-10 21:05:38,au2312C416,au2312C416,45.86,0.0,0.0,0.0,1,39.2,70.62,1,45.86,0.0,0.0,0.0,0.0,0.0,24
2023-05-10 21:05:39,au2312C416,au2312C416,45.86,0.0,0.0,0.0,1,39.2,70.62,1,45.86,0.0,0.0,0.0,0.0,0.0,24
2023-05-10 21:05:39,au2312C416,au2312C416,45.86,0.0,0.0,0.0,1,39.2,70.6,1,45.86,0.0,0.0,0.0,0.0,0.0,24
2023-05-10 21:05:40,au2312C416,au2312C416,45.86,0.0,0.0,0.0,1,39.2,70.54,1,45.86,0.0,0.0,0.0,0.0,0.0,24
2023-05-10 21:05:41,au2312C416,au2312C416,45.86,0.0,0.0,0.0,1,39.2,70.54,1,45.86,0.0,0.0,0.0,0.0,0.0,24
2023-05-10 21:05:41,au2312C416,au2312C416,45.86,0.0,0.0,0.0,1,39.2,70.52,1,45.86,0.0,0.0,0.0,0.0,0.0,24
2023-05-10 21:05:42,au2312C416,au2312C416,45.86,0.0,0.0,0.0,1,39.2,70.46,1,45.86,0.0,0.0,0.0,0.0,0.0,24
2023-05-10 21:05:43,au2312C416,au2312C416,45.86,0.0,0.0,0.0,1,39.2,70.46,1,45.86,0.0,0.0,0.0,0.0,0.0,24
2023-05-10 21:05:43,au2312C416,au2312C416,45.86,0.0,0.0,0.0,1,39.2,70.44,1,45.86,0.0,0.0,0.0,0.0,0.0,24
2023-05-10 21:05:44,au2312C416,au2312C416,45.86,0.0,0.0,0.0,1,39.2,70.38,1,45.86,0.0,0.0,0.0,0.0,0.0,24
2023-05-10 21:05:45,au2312C416,au2312C416,45.86,0.0,0.0,0.0,1,39.2,70.38,1,45.86,0.0,0.0,0.0,0.0,0.0,24
2023-05-10 21:05:45,au2312C416,au2312C416,45.86,0.0,0.0,0.0,1,39.2,70.36,1,45.86,0.0,0.0,0.0,0.0,0.0,24
2023-05-10 21:05:46,au2312C416,au2312C416,45.86,0.0,0.0,0.0,1,39.2,70.3,1,45.86,0.0,0.0,0.0,0.0,0.0,24
2023-05-10 21:05:47,au2312C416,au2312C416,45.86,0.0,0.0,0.0,1,39.2,70.3,1,45.86,0.0,0.0,0.0,0.0,0.0,24
2023-05-10 21:05:47,au2312C416,au2312C416,45.86,0.0,0.0,0.0,1,39.2,70.28,1,45.86,0.0,0.0,0.0,0.0,0.0,24
2023-05-10 21:05:48,au2312C416,au2312C416,45.86,0.0,0.0,0.0,1,39.2,70.22,1,45.86,0.0,0.0,0.0,0.0,0.0,24
2023-05-10 21:05:49,au2312C416,au2312C416,45.86,0.0,0.0,0.0,1,39.2,70.22,1,45.86,0.0,0.0,0.0,0.0,0.0,24
2023-05-10 21:05:49,au2312C416,au2312C416,45.86,0.0,0.0,0.0,1,39.2,70.2,1,45.86,0.0,0.0,0.0,0.0,0.0,24
2023-05-10 21:05:50,au2312C416,au2312C416,45.86,0.0,0.0,0.0,1,39.2,70.14,1,45.86,0.0,0.0,0.0,0.0,0.0,24
2023-05-10 21:05:51,au2312C416,au2312C416,45.86,0.0,0.0,0.0,1,39.2,70.14,1,45.86,0.0,0.0,0.0,0.0,0.0,24
2023-05-10 21:05:51,au2312C416,au2312C416,45.86,0.0,0.0,0.0,1,39.2,70.12,1,45.86,0.0,0.0,0.0,0.0,0.0,24
2023-05-10 21:05:52,au2312C416,au2312C416,45.86,0.0,0.0,0.0,1,39.2,70.06,1,45.86,0.0,0.0,0.0,0.0,0.0,24
2023-05-10 21:05:53,au2312C416,au2312C416,45.86,0.0,0.0,0.0,1,39.2,70.06,1,45.86,0.0,0.0,0.0,0.0,0.0,24
2023-05-10 21:05:53,au2312C416,au2312C416,45.86,0.0,0.0,0.0,1,39.2,70.04,1,45.86,0.0,0.0,0.0,0.0,0.0,24
2023-05-10 21:05:54,au2312C416,au2312C416,45.86,0.0,0.0,0.0,1,39.2,69.98,1,45.86,0.0,0.0,0.0,0.0,0.0,24
2023-05-10 21:05:55,au2312C416,au2312C416,45.86,0.0,0.0,0.0,1,39.2,69.98,1,45.86,0.0,0.0,0.0,0.0,0.0,24
2023-05-10 21:05:55,au2312C416,au2312C416,45.86,0.0,0.0,0.0,1,39.2,69.96,1,45.86,0.0,0.0,0.0,0.0,0.0,24
2023-05-10 21:05:56,au2312C416,au2312C416,45.86,0.0,0.0,0.0,1,39.2,69.9,1,45.86,0.0,0.0,0.0,0.0,0.0,24
2023-05-10 21:05:57,au2312C416,au2312C416,45.86,0.0,0.0,0.0,1,39.2,69.9,1,45.86,0.0,0.0,0.0,0.0,0.0,24
2023-05-10 21:05:57,au2312C416,au2312C416,45.86,0.0,0.0,0.0,1,39.2,69.88,1,45.86,0.0,0.0,0.0,0.0,0.0,24
2023-05-10 21:05:58,au2312C416,au2312C416,45.86,0.0,0.0,0.0,1,39.2,69.82,1,45.86,0.0,0.0,0.0,0.0,0.0,24
2023-05-10 21:05:59,au2312C416,au2312C416,45.86,0.0,0.0,0.0,1,39.2,69.82,1,45.86,0.0,0.0,0.0,0.0,0.0,24
2023-05-10 21:05:59,au2312C416,au2312C416,45.86,0.0,0.0,0.0,1,39.2,69.8,1,45.86,0.0,0.0,0.0,0.0,0.0,24
2023-05-10 21:06:00,au2312C416,au2312C416,45.86,0.0,0.0,0.0,1,39.2,69.74,1,45.86,0.0,0.0,0.0,0.0,0.0,24
2023-05-10 21:06:01,au2312C416,au2312C416,45.86,0.0,0.0,0.0,1,39.2,69.74,1,45.86,0.0,0.0,0.0,0.0,0.0,24
2023-05-10 21:06:01,au2312C416,au2312C416,45.86,0.0,0.0,0.0,1,39.2,69.72,1,45.86,0.0,0.0,0.0,0.0,0.0,24
2023-05-10 21:06:02,au2312C416,au2312C416,45.86,0.0,0.0,0.0,1,39.2,69.66,1,45.86,0.0,0.0,0.0,0.0,0.0,24
2023-05-10 21:06:03,au2312C416,au2312C416,45.86,0.0,0.0,0.0,1,39.2,69.66,1,45.86,0.0,0.0,0.0,0.0,0.0,24
2023-05-10 21:06:03,au2312C416,au2312C416,45.86,0.0,0.0,0.0,1,39.2,69.64,1,45.86,0.0,0.0,0.0,0.0,0.0,24
2023-05-10 21:06:04,au2312C416,au2312C416,45.86,0.0,0.0,0.0,1,39.2,69.58,1,45.86,0.0,0.0,0.0,0.0,0.0,24
2023-05-10 21:06:05,au2312C416,au2312C416,45.86,0.0,0.0,0.0,1,39.2,69.58,1,45.86,0.0,0.0,0.0,0.0,0.0,24
2023-05-10 21:06:05,au2312C416,au2312C416,45.86,0.0,0.0,0.0,1,39.2,69.56,1,45.86,0.0,0.0,0.0,0.0,0.0,24
2023-05-10 21:06:06,au2312C416,au2312C416,45.86,0.0,0.0,0.0,1,39.2,69.5,1,45.86,0.0,0.0,0.0,0.0,0.0,24
2023-05-10 21:06:07,au2312C416,au2312C416,45.86,0.0,0.0,0.0,1,39.2,69.5,1,45.86,0.0,0.0,0.0,0.0,0.0,24
2023-05-10 21:06:07,au2312C416,au2312C416,45.86,0.0,0.0,0.0,1,39.2,69.48,1,45.86,0.0,0.0,0.0,0.0,0.0,24
2023-05-10 21:06:08,au2312C416,au2312C416,45.86,0.0,0.0,0.0,1,39.2,69.42,1,45.86,0.0,0.0,0.0,0.0,0.0,24
2023-05-10 21:06:09,au2312C416,au2312C416,45.86,0.0,0.0,0.0,1,39.2,69.42,1,45.86,0.0,0.0,0.0,0.0,0.0,24
2023-05-10 21:06:09,au2312C416,au2312C416,45.86,0.0,0.0,0.0,1,39.2,69.4,1,45.86,0.0,0.0,0.0,0.0,0.0,24
2023-05-10 21:06:10,au2312C416,au2312C416,45.86,0.0,0.0,0.0,1,39.2,69.34,1,45.86,0.0,0.0,0.0,0.0,0.0,24
2023-05-10 21:06:11,au2312C416,au2312C416,45.86,0.0,0.0,0.0,1,39.2,69.34,1,45.86,0.0,0.0,0.0,0.0,0.0,24
2023-05-10 21:06:11,au2312C416,au2312C416,45.86,0.0,0.0,0.0,1,39.2,69.32,1,45.86,0.0,0.0,0.0,0.0,0.0,24
2023-05-10 21:06:12,au2312C416,au2312C416,45.86,0.0,0.0,0.0,1,39.2,69.26,1,45.86,0.0,0.0,0.0,0.0,0.0,24
2023-05-10 21:06:13,au2312C416,au2312C416,45.86,0.0,0.0,0.0,1,39.2,69.26,1,45.86,0.0,0.0,0.0,0.0,0.0,24
2023-05-10 21:06:13,au2312C416,au2312C416,45.86,0.0,0.0,0.0,1,39.2,69.24,1,45.86,0.0,0.0,0.0,0.0,0.0,24
2023-05-10 21:06:14,au2312C416,au2312C416,45.86,0.0,0.0,0.0,1,39.2,69.18,1,45.86,0.0,0.0,0.0,0.0,0.0,24
2023-05-10 21:06:15,au2312C416,au2312C416,45.86,0.0,0.0,0.0,1,39.2,69.18,1,45.86,0.0,0.0,0.0,0.0,0.0,24
2023-05-10 21:06:15,au2312C416,au2312C416,45.86,0.0,0.0,0.0,1,39.2,69.16,1,45.86,0.0,0.0,0.0,0.0,0.0,24
2023-05-10 21:06:16,au2312C416,au2312C416,45.86,0.0,0.0,0.0,1,39.2,69.1,1,45.86,0.0,0.0,0.0,0.0,0.0,24
2023-05-10 21:06:17,au2312C416,au2312C416,45.86,0.0,0.0,0.0,1,39.2,69.1,1,45.86,0.0,0.0,0.0,0.0,0.0,24
2023-05-10 21:06:17,au2312C416,au2312C416,45.86,0.0,0.0,0.0,1,39.2,69.08,1,45.86,0.0,0.0,0.0,0.0,0.0,24
2023-05-10 21:06:18,au2312C416,au2312C416,45.86,0.0,0.0,0.0,1,39.2,69.02,1,45.86,0.0,0.0,0.0,0.0,0.0,24
2023-05-10 21:06:19,au2312C416,au2312C416,45.86,0.0,0.0,0.0,1,39.2,69.02,1,45.86,0.0,0.0,0.0,0.0,0.0,24
2023-05-10 21:06:19,au2312C416,au2312C416,45.86,0.0,0.0,0.0,1,39.2,69.0,1,45.86,0.0,0.0,0.0,0.0,0.0,24
2023-05-10 21:06:20,au2312C416,au2312C416,45.86,0.0,0.0,0.0,1,39.2,68.94,1,45.86,0.0,0.0,0.0,0.0,0.0,24
2023-05-10 21:06:21,au2312C416,au2312C416,45.86,0.0,0.0,0.0,1,39.2,68.94,1,45.86,0.0,0.0,0.0,0.0,0.0,24
2023-05-10 21:06:21,au2312C416,au2312C416,45.86,0.0,0.0,0.0,1,39.2,68.92,1,45.86,0.0,0.0,0.0,0.0,0.0,24
2023-05-10 21:06:22,au2312C416,au2312C416,45.86,0.0,0.0,0.0,1,39.2,68.86,1,45.86,0.0,0.0,0.0,0.0,0.0,24
2023-05-10 21:06:23,au2312C416,au2312C416,45.86,0.0,0.0,0.0,1,39.2,68.86,1,45.86,0.0,0.0,0.0,0.0,0.0,24
2023-05-10 21:06:23,au2312C416,au2312C416,45.86,0.0,0.0,0.0,1,39.2,68.84,1,45.86,0.0,0.0,0.0,0.0,0.0,24
2023-05-10 21:06:24,au2312C416,au2312C416,45.86,0.0,0.0,0.0,1,39.2,68.78,1,45.86,0.0,0.0,0.0,0.0,0.0,24
2023-05-10 21:06:25,au2312C416,au2312C416,45.86,0.0,0.0,0.0,1,39.2,68.78,1,45.86,0.0,0.0,0.0,0.0,0.0,24
2023-05-10 21:06:25,au2312C416,au2312C416,45.86,0.0,0.0,0.0,1,39.2,68.76,1,45.86,0.0,0.0,0.0,0.0,0.0,24
2023-05-10 21:06:26,au2312C416,au2312C416,45.86,0.0,0.0,0.0,1,39.2,68.7,1,45.86,0.0,0.0,0.0,0.0,0.0,24
2023-05-10 21:06:27,au2312C416,au2312C416,45.86,0.0,0.0,0.0,1,39.2,68.7,1,45.86,0.0,0.0,0.0,0.0,0.0,24
2023-05-10 21:06:27,au2312C416,au2312C416,45.86,0.0,0.0,0.0,1,39.2,68.68,1,45.86,0.0,0.0,0.0,0.0,0.0,24
2023-05-10 21:06:28,au2312C416,au2312C416,45.86,0.0,0.0,0.0,1,39.2,68.68,1,45.86,0.0,0.0,0.0,0.0,0.0,24
2023-05-10 21:06:28,au2312C416,au2312C416,45.86,0.0,0.0,0.0,1,39.2,68.62,1,45.86,0.0,0.0,0.0,0.0,0.0,24
2023-05-10 21:06:29,au2312C416,au2312C416,45.86,0.0,0.0,0.0,1,39.2,68.62,1,45.86,0.0,0.0,0.0,0.0,0.0,24
2023-05-10 21:06:29,au2312C416,au2312C416,45.86,0.0,0.0,0.0,1,39.2,68.6,1,45.86,0.0,0.0,0.0,0.0,0.0,24
2023-05-10 21:06:30,au2312C416,au2312C416,45.86,0.0,0.0,0.0,1,39.2,68.54,1,45.86,0.0,0.0,0.0,0.0,0.0,24
2023-05-10 21:06:30,au2312C416,au2312C416,45.86,0.0,0.0,0.0,1,39.2,68.54,1,45.86,0.0,0.0,0.0,0.0,0.0,24
2023-05-10 21:06:31,au2312C416,au2312C416,45.86,0.0,0.0,0.0,1,39.2,68.52,1,45.86,0.0,0.0,0.0,0.0,0.0,24
2023-05-10 21:06:31,au2312C416,au2312C416,45.86,0.0,0.0,0.0,1,39.2,68.46,1,45.86,0.0,0.0,0.0,0.0,0.0,24
2023-05-10 21:06:32,au2312C416,au2312C416,45.86,0.0,0.0,0.0,1,39.2,68.46,1,45.86,0.0,0.0,0.0,0.0,0.0,24
2023-05-10 21:06:32,au2312C416,au2312C416,45.86,0.0,0.0,0.0,1,39.2,68.44,1,45.86,0.0,0.0,0.0,0.0,0.0,24
2023-05-10 21:06:33,au2312C416,au2312C416,45.86,0.0,0.0,0.0,1,39.2,68.38,1,45.86,0.0,0.0,0.0,0.0,0.0,24
2023-05-10 21:06:34,au2312C416,au2312C416,45.86,0.0,0.0,0.0,1,39.2,68.38,1,45.86,0.0,0.0,0.0,0.0,0.0,24
2023-05-10 21:06:34,au2312C416,au2312C416,45.86,0.0,0.0,0.0,1,39.2,68.36,1,45.86,0.0,0.0,0.0,0.0,0.0,24
2023-05-10 21:06:35,au2312C416,au2312C416,45.86,0.0,0.0,0.0,1,39.2,68.3,1,45.86,0.0,0.0,0.0,0.0,0.0,24
2023-05-10 21:06:36,au2312C416,au2312C416,45.86,0.0,0.0,0.0,1,39.2,68.3,1,45.86,0.0,0.0,0.0,0.0,0.0,24
2023-05-10 21:06:36,au2312C416,au2312C416,45.86,0.0,0.0,0.0,1,39.2,68.28,1,45.86,0.0,0.0,0.0,0.0,0.0,24
2023-05-10 21:06:37,au2312C416,au2312C416,45.86,0.0,0.0,0.0,1,39.2,68.22,1,45.86,0.0,0.0,0.0,0.0,0.0,24
2023-05-10 21:06:38,au2312C416,au2312C416,45.86,0.0,0.0,0.0,1,39.2,68.2,1,45.86,0.0,0.0,0.0,0.0,0.0,24
2023-05-10 21:06:38,au2312C416,au2312C416,45.86,0.0,0.0,0.0,1,39.2,68.2,1,45.86,0.0,0.0,0.0,0.0,0.0,24
2023-05-10 21:06:40,au2312C416,au2312C416,45.86,0.0,0.0,0.0,1,39.2,68.14,1,45.86,0.0,0.0,0.0,0.0,0.0,24
2023-05-10 21:06:41,au2312C416,au2312C416,45.86,0.0,0.0,0.0,1,39.2,68.14,1,45.86,0.0,0.0,0.0,0.0,0.0,24
2023-05-10 21:06:41,au2312C416,au2312C416,45.86,0.0,0.0,0.0,1,39.2,68.12,1,45.86,0.0,0.0,0.0,0.0,0.0,24
2023-05-10 21:06:42,au2312C416,au2312C416,45.86,0.0,0.0,0.0,1,39.2,68.12,1,45.86,0.0,0.0,0.0,0.0,0.0,24
2023-05-10 21:06:42,au2312C416,au2312C416,45.86,0.0,0.0,0.0,1,39.2,68.06,1,45.86,0.0,0.0,0.0,0.0,0.0,24
2023-05-10 21:06:43,au2312C416,au2312C416,45.86,0.0,0.0,0.0,1,39.2,68.06,1,45.86,0.0,0.0,0.0,0.0,0.0,24
2023-05-10 21:06:43,au2312C416,au2312C416,45.86,0.0,0.0,0.0,1,39.2,68.04,1,45.86,0.0,0.0,0.0,0.0,0.0,24
2023-05-10 21:06:44,au2312C416,au2312C416,45.86,0.0,0.0,0.0,1,39.2,68.04,1,45.86,0.0,0.0,0.0,0.0,0.0,24
2023-05-10 21:06:44,au2312C416,au2312C416,45.86,0.0,0.0,0.0,1,39.2,67.98,1,45.86,0.0,0.0,0.0,0.0,0.0,24
2023-05-10 21:06:45,au2312C416,au2312C416,45.86,0.0,0.0,0.0,1,39.2,67.98,1,45.86,0.0,0.0,0.0,0.0,0.0,24
2023-05-10 21:06:45,au2312C416,au2312C416,45.86,0.0,0.0,0.0,1,39.2,67.96,1,45.86,0.0,0.0,0.0,0.0,0.0,24
2023-05-10 21:06:46,au2312C416,au2312C416,45.86,0.0,0.0,0.0,1,39.2,67.9,1,45.86,0.0,0.0,0.0,0.0,0.0,24
2023-05-10 21:06:46,au2312C416,au2312C416,45.86,0.0,0.0,0.0,1,39.2,67.9,1,45.86,0.0,0.0,0.0,0.0,0.0,24
2023-05-10 21:06:47,au2312C416,au2312C416,45.86,0.0,0.0,0.0,1,39.2,67.88,1,45.86,0.0,0.0,0.0,0.0,0.0,24
2023-05-10 21:06:47,au2312C416,au2312C416,45.86,0.0,0.0,0.0,1,39.2,67.82,1,45.86,0.0,0.0,0.0,0.0,0.0,24
2023-05-10 21:06:48,au2312C416,au2312C416,45.86,0.0,0.0,0.0,1,39.2,67.82,1,45.86,0.0,0.0,0.0,0.0,0.0,24
2023-05-10 21:06:48,au2312C416,au2312C416,45.86,0.0,0.0,0.0,1,39.2,67.8,1,45.86,0.0,0.0,0.0,0.0,0.0,24
2023-05-10 21:06:49,au2312C416,au2312C416,45.86,0.0,0.0,0.0,1,39.2,67.74,1,45.86,0.0,0.0,0.0,0.0,0.0,24
2023-05-10 21:06:50,au2312C416,au2312C416,45.86,0.0,0.0,0.0,1,39.2,67.74,1,45.86,0.0,0.0,0.0,0.0,0.0,24
2023-05-10 21:06:50,au2312C416,au2312C416,45.86,0.0,0.0,0.0,1,39.2,67.72,1,45.86,0.0,0.0,0.0,0.0,0.0,24
2023-05-10 21:06:51,au2312C416,au2312C416,45.86,0.0,0.0,0.0,1,39.2,67.72,1,45.86,0.0,0.0,0.0,0.0,0.0,24
2023-05-10 21:06:51,au2312C416,au2312C416,45.86,0.0,0.0,0.0,1,39.2,67.66,1,45.86,0.0,0.0,0.0,0.0,0.0,24
2023-05-10 21:06:52,au2312C416,au2312C416,45.86,0.0,0.0,0.0,1,39.2,67.66,1,45.86,0.0,0.0,0.0,0.0,0.0,24
2023-05-10 21:06:52,au2312C416,au2312C416,45.86,0.0,0.0,0.0,1,39.2,67.64,1,45.86,0.0,0.0,0.0,0.0,0.0,24
2023-05-10 21:06:53,au2312C416,au2312C416,45.86,0.0,0.0,0.0,1,39.2,67.58,1,45.86,0.0,0.0,0.0,0.0,0.0,24
2023-05-10 21:06:54,au2312C416,au2312C416,45.86,0.0,0.0,0.0,1,39.2,67.58,1,45.86,0.0,0.0,0.0,0.0,0.0,24
2023-05-10 21:06:54,au2312C416,au2312C416,45.86,0.0,0.0,0.0,1,39.2,67.56,1,45.86,0.0,0.0,0.0,0.0,0.0,24
2023-05-10 21:06:55,au2312C416,au2312C416,45.86,0.0,0.0,0.0,1,39.2,67.56,1,45.86,0.0,0.0,0.0,0.0,0.0,24
2023-05-10 21:06:56,au2312C416,au2312C416,45.86,0.0,0.0,0.0,1,39.2,67.5,1,45.86,0.0,0.0,0.0,0.0,0.0,24
2023-05-10 21:06:57,au2312C416,au2312C416,45.86,0.0,0.0,0.0,1,39.2,67.5,1,45.86,0.0,0.0,0.0,0.0,0.0,24
2023-05-10 21:06:57,au2312C416,au2312C416,45.86,0.0,0.0,0.0,1,39.2,67.48,1,45.86,0.0,0.0,0.0,0.0,0.0,24
2023-05-10 21:06:58,au2312C416,au2312C416,45.86,0.0,0.0,0.0,1,39.2,67.42,1,45.86,0.0,0.0,0.0,0.0,0.0,24
2023-05-10 21:06:59,au2312C416,au2312C416,45.86,0.0,0.0,0.0,1,39.2,67.42,1,45.86,0.0,0.0,0.0,0.0,0.0,24
2023-05-10 21:06:59,au2312C416,au2312C416,45.86,0.0,0.0,0.0,1,39.2,67.4,1,45.86,0.0,0.0,0.0,0.0,0.0,24
2023-05-10 21:07:00,au2312C416,au2312C416,45.86,0.0,0.0,0.0,1,39.2,67.34,1,45.86,0.0,0.0,0.0,0.0,0.0,24
2023-05-10 21:07:00,au2312C416,au2312C416,45.86,0.0,0.0,0.0,1,39.2,67.34,1,45.86,0.0,0.0,0.0,0.0,0.0,24
2023-05-10 21:07:01,au2312C416,au2312C416,45.86,0.0,0.0,0.0,1,39.2,67.32,1,45.86,0.0,0.0,0.0,0.0,0.0,24
2023-05-10 21:07:01,au2312C416,au2312C416,45.86,0.0,0.0,0.0,1,39.2,67.26,1,45.86,0.0,0.0,0.0,0.0,0.0,24
2023-05-10 21:07:02,au2312C416,au2312C416,45.86,0.0,0.0,0.0,1,39.2,67.26,1,45.86,0.0,0.0,0.0,0.0,0.0,24
2023-05-10 21:07:02,au2312C416,au2312C416,45.86,0.0,0.0,0.0,1,39.2,67.24,1,45.86,0.0,0.0,0.0,0.0,0.0,24
2023-05-10 21:07:03,au2312C416,au2312C416,45.86,0.0,0.0,0.0,1,39.2,67.18,1,45.86,0.0,0.0,0.0,0.0,0.0,24
2023-05-10 21:07:04,au2312C416,au2312C416,45.86,0.0,0.0,0.0,1,39.2,67.18,1,45.86,0.0,0.0,0.0,0.0,0.0,24
2023-05-10 21:07:04,au2312C416,au2312C416,45.86,0.0,0.0,0.0,1,39.2,67.16,1,45.86,0.0,0.0,0.0,0.0,0.0,24
2023-05-10 21:07:05,au2312C416,au2312C416,45.86,0.0,0.0,0.0,1,39.2,67.1,1,45.86,0.0,0.0,0.0,0.0,0.0,24
2023-05-10 21:07:06,au2312C416,au2312C416,45.86,0.0,0.0,0.0,1,39.2,67.1,1,45.86,0.0,0.0,0.0,0.0,0.0,24
2023-05-10 21:07:06,au2312C416,au2312C416,45.86,0.0,0.0,0.0,1,39.2,67.08,1,45.86,0.0,0.0,0.0,0.0,0.0,24
2023-05-10 21:07:07,au2312C416,au2312C416,45.86,0.0,0.0,0.0,1,39.2,67.02,1,45.86,0.0,0.0,0.0,0.0,0.0,24
2023-05-10 21:07:08,au2312C416,au2312C416,45.86,0.0,0.0,0.0,1,39.2,67.02,1,45.86,0.0,0.0,0.0,0.0,0.0,24
2023-05-10 21:07:08,au2312C416,au2312C416,45.86,0.0,0.0,0.0,1,39.2,67.0,1,45.86,0.0,0.0,0.0,0.0,0.0,24
2023-05-10 21:07:09,au2312C416,au2312C416,45.86,0.0,0.0,0.0,1,39.2,66.94,1,45.86,0.0,0.0,0.0,0.0,0.0,24
2023-05-10 21:07:10,au2312C416,au2312C416,45.86,0.0,0.0,0.0,1,39.2,66.94,1,45.86,0.0,0.0,0.0,0.0,0.0,24
2023-05-10 21:07:10,au2312C416,au2312C416,45.86,0.0,0.0,0.0,1,39.2,66.92,1,45.86,0.0,0.0,0.0,0.0,0.0,24
2023-05-10 21:07:11,au2312C416,au2312C416,45.86,0.0,0.0,0.0,1,39.2,66.86,1,45.86,0.0,0.0,0.0,0.0,0.0,24
2023-05-10 21:07:12,au2312C416,au2312C416,45.86,0.0,0.0,0.0,1,39.2,66.86,1,45.86,0.0,0.0,0.0,0.0,0.0,24
2023-05-10 21:07:12,au2312C416,au2312C416,45.86,0.0,0.0,0.0,1,39.2,66.84,1,45.86,0.0,0.0,0.0,0.0,0.0,24
2023-05-10 21:07:13,au2312C416,au2312C416,45.86,0.0,0.0,0.0,1,39.2,66.78,1,45.86,0.0,0.0,0.0,0.0,0.0,24
2023-05-10 21:07:14,au2312C416,au2312C416,45.86,0.0,0.0,0.0,1,39.2,66.78,1,45.86,0.0,0.0,0.0,0.0,0.0,24
2023-05-10 21:07:14,au2312C416,au2312C416,45.86,0.0,0.0,0.0,1,39.2,66.76,1,45.86,0.0,0.0,0.0,0.0,0.0,24
2023-05-10 21:07:15,au2312C416,au2312C416,45.86,0.0,0.0,0.0,1,39.2,66.7,1,45.86,0.0,0.0,0.0,0.0,0.0,24
2023-05-10 21:07:16,au2312C416,au2312C416,45.86,0.0,0.0,0.0,1,39.2,66.7,1,45.86,0.0,0.0,0.0,0.0,0.0,24
2023-05-10 21:07:16,au2312C416,au2312C416,45.86,0.0,0.0,0.0,1,39.2,66.68,1,45.86,0.0,0.0,0.0,0.0,0.0,24
2023-05-10 21:07:17,au2312C416,au2312C416,45.86,0.0,0.0,0.0,1,39.2,66.62,1,45.86,0.0,0.0,0.0,0.0,0.0,24
2023-05-10 21:07:18,au2312C416,au2312C416,45.86,0.0,0.0,0.0,1,39.2,66.62,1,45.86,0.0,0.0,0.0,0.0,0.0,24
2023-05-10 21:07:18,au2312C416,au2312C416,45.86,0.0,0.0,0.0,1,39.2,66.6,1,45.86,0.0,0.0,0.0,0.0,0.0,24
2023-05-10 21:07:19,au2312C416,au2312C416,45.86,0.0,0.0,0.0,1,39.2,66.54,1,45.86,0.0,0.0,0.0,0.0,0.0,24
2023-05-10 21:07:20,au2312C416,au2312C416,45.86,0.0,0.0,0.0,1,39.2,66.54,1,45.86,0.0,0.0,0.0,0.0,0.0,24
2023-05-10 21:07:20,au2312C416,au2312C416,45.86,0.0,0.0,0.0,1,39.2,66.52,1,45.86,0.0,0.0,0.0,0.0,0.0,24
2023-05-10 21:07:21,au2312C416,au2312C416,45.86,0.0,0.0,0.0,1,39.2,66.46,1,45.86,0.0,0.0,0.0,0.0,0.0,24
2023-05-10 21:07:22,au2312C416,au2312C416,45.86,0.0,0.0,0.0,1,39.2,66.46,1,45.86,0.0,0.0,0.0,0.0,0.0,24
2023-05-10 21:07:22,au2312C416,au2312C416,45.86,0.0,0.0,0.0,1,39.2,66.44,1,45.86,0.0,0.0,0.0,0.0,0.0,24
2023-05-10 21:07:23,au2312C416,au2312C416,45.86,0.0,0.0,0.0,1,39.2,66.38,1,45.86,0.0,0.0,0.0,0.0,0.0,24
2023-05-10 21:07:24,au2312C416,au2312C416,45.86,0.0,0.0,0.0,1,39.2,66.38,1,45.86,0.0,0.0,0.0,0.0,0.0,24
2023-05-10 21:07:24,au2312C416,au2312C416,45.86,0.0,0.0,0.0,1,39.2,66.36,1,45.86,0.0,0.0,0.0,0.0,0.0,24
2023-05-10 21:07:25,au2312C416,au2312C416,45.86,0.0,0.0,0.0,1,39.2,66.3,1,45.86,0.0,0.0,0.0,0.0,0.0,24
2023-05-10 21:07:26,au2312C416,au2312C416,45.86,0.0,0.0,0.0,1,39.2,66.3,1,45.86,0.0,0.0,0.0,0.0,0.0,24
2023-05-10 21:07:26,au2312C416,au2312C416,45.86,0.0,0.0,0.0,1,39.2,66.28,1,45.86,0.0,0.0,0.0,0.0,0.0,24
2023-05-10 21:07:27,au2312C416,au2312C416,45.86,0.0,0.0,0.0,1,39.2,66.22,1,45.86,0.0,0.0,0.0,0.0,0.0,24
2023-05-10 21:07:28,au2312C416,au2312C416,45.86,0.0,0.0,0.0,1,39.2,66.22,1,45.86,0.0,0.0,0.0,0.0,0.0,24
2023-05-10 21:07:28,au2312C416,au2312C416,45.86,0.0,0.0,0.0,1,39.2,66.2,1,45.86,0.0,0.0,0.0,0.0,0.0,24
2023-05-10 21:07:29,au2312C416,au2312C416,45.86,0.0,0.0,0.0,1,39.2,66.14,1,45.86,0.0,0.0,0.0,0.0,0.0,24
2023-05-10 21:07:30,au2312C416,au2312C416,45.86,0.0,0.0,0.0,1,39.2,66.14,1,45.86,0.0,0.0,0.0,0.0,0.0,24
2023-05-10 21:07:30,au2312C416,au2312C416,45.86,0.0,0.0,0.0,1,39.2,66.12,1,45.86,0.0,0.0,0.0,0.0,0.0,24
2023-05-10 21:07:31,au2312C416,au2312C416,45.86,0.0,0.0,0.0,1,39.2,66.06,1,45.86,0.0,0.0,0.0,0.0,0.0,24
2023-05-10 21:07:32,au2312C416,au2312C416,45.86,0.0,0.0,0.0,1,39.2,66.06,1,45.86,0.0,0.0,0.0,0.0,0.0,24
2023-05-10 21:07:32,au2312C416,au2312C416,45.86,0.0,0.0,0.0,1,39.2,66.04,1,45.86,0.0,0.0,0.0,0.0,0.0,24
2023-05-10 21:07:33,au2312C416,au2312C416,45.86,0.0,0.0,0.0,1,39.2,65.98,1,45.86,0.0,0.0,0.0,0.0,0.0,24
2023-05-10 21:07:34,au2312C416,au2312C416,45.86,0.0,0.0,0.0,1,39.2,65.98,1,45.86,0.0,0.0,0.0,0.0,0.0,24
2023-05-10 21:07:34,au2312C416,au2312C416,45.86,0.0,0.0,0.0,1,39.2,65.96,1,45.86,0.0,0.0,0.0,0.0,0.0,24
2023-05-10 21:07:35,au2312C416,au2312C416,45.86,0.0,0.0,0.0,1,39.2,65.9,1,45.86,0.0,0.0,0.0,0.0,0.0,24
2023-05-10 21:07:36,au2312C416,au2312C416,45.86,0.0,0.0,0.0,1,39.2,65.9,1,45.86,0.0,0.0,0.0,0.0,0.0,24
2023-05-10 21:07:36,au2312C416,au2312C416,45.86,0.0,0.0,0.0,1,39.2,65.88,1,45.86,0.0,0.0,0.0,0.0,0.0,24
2023-05-10 21:07:37,au2312C416,au2312C416,45.86,0.0,0.0,0.0,1,39.2,65.82,1,45.86,0.0,0.0,0.0,0.0,0.0,24
2023-05-10 21:07:38,au2312C416,au2312C416,45.86,0.0,0.0,0.0,1,39.2,65.82,1,45.86,0.0,0.0,0.0,0.0,0.0,24
2023-05-10 21:07:38,au2312C416,au2312C416,45.86,0.0,0.0,0.0,1,39.2,65.8,1,45.86,0.0,0.0,0.0,0.0,0.0,24
2023-05-10 21:07:39,au2312C416,au2312C416,45.86,0.0,0.0,0.0,1,39.2,65.74,1,45.86,0.0,0.0,0.0,0.0,0.0,24
2023-05-10 21:07:40,au2312C416,au2312C416,45.86,0.0,0.0,0.0,1,39.2,65.74,1,45.86,0.0,0.0,0.0,0.0,0.0,24
2023-05-10 21:07:40,au2312C416,au2312C416,45.86,0.0,0.0,0.0,1,39.2,65.72,1,45.86,0.0,0.0,0.0,0.0,0.0,24
2023-05-10 21:07:41,au2312C416,au2312C416,45.86,0.0,0.0,0.0,1,39.2,65.66,1,45.86,0.0,0.0,0.0,0.0,0.0,24
2023-05-10 21:07:42,au2312C416,au2312C416,45.86,0.0,0.0,0.0,1,39.2,65.66,1,45.86,0.0,0.0,0.0,0.0,0.0,24
2023-05-10 21:07:42,au2312C416,au2312C416,45.86,0.0,0.0,0.0,1,39.2,65.64,1,45.86,0.0,0.0,0.0,0.0,0.0,24
2023-05-10 21:07:43,au2312C416,au2312C416,45.86,0.0,0.0,0.0,1,39.2,65.58,1,45.86,0.0,0.0,0.0,0.0,0.0,24
2023-05-10 21:07:44,au2312C416,au2312C416,45.86,0.0,0.0,0.0,1,39.2,65.58,1,45.86,0.0,0.0,0.0,0.0,0.0,24
2023-05-10 21:07:44,au2312C416,au2312C416,45.86,0.0,0.0,0.0,1,39.2,65.56,1,45.86,0.0,0.0,0.0,0.0,0.0,24
2023-05-10 21:07:45,au2312C416,au2312C416,45.86,0.0,0.0,0.0,1,39.2,65.5,1,45.86,0.0,0.0,0.0,0.0,0.0,24
2023-05-10 21:07:46,au2312C416,au2312C416,45.86,0.0,0.0,0.0,1,39.2,65.5,1,45.86,0.0,0.0,0.0,0.0,0.0,24
2023-05-10 21:07:46,au2312C416,au2312C416,45.86,0.0,0.0,0.0,1,39.2,65.48,1,45.86,0.0,0.0,0.0,0.0,0.0,24
2023-05-10 21:07:47,au2312C416,au2312C416,45.86,0.0,0.0,0.0,1,39.2,65.48,1,45.86,0.0,0.0,0.0,0.0,0.0,24
2023-05-10 21:07:49,au2312C416,au2312C416,45.86,0.0,0.0,0.0,1,39.2,65.42,1,45.86,0.0,0.0,0.0,0.0,0.0,24
2023-05-10 21:07:50,au2312C416,au2312C416,45.86,0.0,0.0,0.0,1,39.2,65.42,1,45.86,0.0,0.0,0.0,0.0,0.0,24
2023-05-10 21:07:50,au2312C416,au2312C416,45.86,0.0,0.0,0.0,1,39.2,65.4,1,45.86,0.0,0.0,0.0,0.0,0.0,24
2023-05-10 21:07:51,au2312C416,au2312C416,45.86,0.0,0.0,0.0,1,39.2,65.4,1,45.86,0.0,0.0,0.0,0.0,0.0,24
2023-05-10 21:07:52,au2312C416,au2312C416,45.86,0.0,0.0,0.0,1,39.2,65.34,1,45.86,0.0,0.0,0.0,0.0,0.0,24
2023-05-10 21:07:53,au2312C416,au2312C416,45.86,0.0,0.0,0.0,1,39.2,65.34,1,45.86,0.0,0.0,0.0,0.0,0.0,24
2023-05-10 21:07:53,au2312C416,au2312C416,45.86,0.0,0.0,0.0,1,39.2,65.32,1,45.86,0.0,0.0,0.0,0.0,0.0,24
2023-05-10 21:07:54,au2312C416,au2312C416,45.86,0.0,0.0,0.0,1,39.2,65.26,1,45.86,0.0,0.0,0.0,0.0,0.0,24
2023-05-10 21:07:55,au2312C416,au2312C416,45.86,0.0,0.0,0.0,1,39.2,65.26,1,45.86,0.0,0.0,0.0,0.0,0.0,24
2023-05-10 21:07:55,au2312C416,au2312C416,45.86,0.0,0.0,0.0,1,39.2,65.24,1,45.86,0.0,0.0,0.0,0.0,0.0,24
2023-05-10 21:07:56,au2312C416,au2312C416,45.86,0.0,0.0,0.0,1,39.2,65.18,1,45.86,0.0,0.0,0.0,0.0,0.0,24
2023-05-10 21:07:57,au2312C416,au2312C416,45.86,0.0,0.0,0.0,1,39.2,65.18,1,45.86,0.0,0.0,0.0,0.0,0.0,24
2023-05-10 21:07:57,au2312C416,au2312C416,45.86,0.0,0.0,0.0,1,39.2,65.16,1,45.86,0.0,0.0,0.0,0.0,0.0,24
2023-05-10 21:07:58,au2312C416,au2312C416,45.86,0.0,0.0,0.0,1,39.2,65.1,1,45.86,0.0,0.0,0.0,0.0,0.0,24
2023-05-10 21:07:59,au2312C416,au2312C416,45.86,0.0,0.0,0.0,1,39.2,65.1,1,45.86,0.0,0.0,0.0,0.0,0.0,24
2023-05-10 21:07:59,au2312C416,au2312C416,45.86,0.0,0.0,0.0,1,39.2,65.08,1,45.86,0.0,0.0,0.0,0.0,0.0,24
2023-05-10 21:08:00,au2312C416,au2312C416,45.86,0.0,0.0,0.0,1,39.2,65.02,1,45.86,0.0,0.0,0.0,0.0,0.0,24
2023-05-10 21:08:01,au2312C416,au2312C416,45.86,0.0,0.0,0.0,1,39.2,65.02,1,45.86,0.0,0.0,0.0,0.0,0.0,24
2023-05-10 21:08:01,au2312C416,au2312C416,45.86,0.0,0.0,0.0,1,39.2,65.0,1,45.86,0.0,0.0,0.0,0.0,0.0,24
2023-05-10 21:08:02,au2312C416,au2312C416,45.86,0.0,0.0,0.0,1,39.2,65.0,1,45.86,0.0,0.0,0.0,0.0,0.0,24
2023-05-10 21:08:02,au2312C416,au2312C416,45.86,0.0,0.0,0.0,1,39.2,64.94,1,45.86,0.0,0.0,0.0,0.0,0.0,24
2023-05-10 21:08:03,au2312C416,au2312C416,45.86,0.0,0.0,0.0,1,39.2,64.94,1,45.86,0.0,0.0,0.0,0.0,0.0,24
2023-05-10 21:08:03,au2312C416,au2312C416,45.86,0.0,0.0,0.0,1,39.2,64.92,1,45.86,0.0,0.0,0.0,0.0,0.0,24
2023-05-10 21:08:04,au2312C416,au2312C416,45.86,0.0,0.0,0.0,1,39.2,64.92,1,45.86,0.0,0.0,0.0,0.0,0.0,24
2023-05-10 21:08:04,au2312C416,au2312C416,45.86,0.0,0.0,0.0,1,39.2,64.86,1,45.86,0.0,0.0,0.0,0.0,0.0,24
2023-05-10 21:08:05,au2312C416,au2312C416,45.86,0.0,0.0,0.0,1,39.2,64.86,1,45.86,0.0,0.0,0.0,0.0,0.0,24
2023-05-10 21:08:05,au2312C416,au2312C416,45.86,0.0,0.0,0.0,1,39.2,64.84,1,45.86,0.0,0.0,0.0,0.0,0.0,24
2023-05-10 21:08:06,au2312C416,au2312C416,45.86,0.0,0.0,0.0,1,39.2,64.84,1,45.86,0.0,0.0,0.0,0.0,0.0,24
2023-05-10 21:08:06,au2312C416,au2312C416,45.86,0.0,0.0,0.0,1,39.2,64.78,1,45.86,0.0,0.0,0.0,0.0,0.0,24
2023-05-10 21:08:07,au2312C416,au2312C416,45.86,0.0,0.0,0.0,1,39.2,64.78,1,45.86,0.0,0.0,0.0,0.0,0.0,24
2023-05-10 21:08:07,au2312C416,au2312C416,45.86,0.0,0.0,0.0,1,39.2,64.76,1,45.86,0.0,0.0,0.0,0.0,0.0,24
2023-05-10 21:08:08,au2312C416,au2312C416,45.86,0.0,0.0,0.0,1,39.2,64.7,1,45.86,0.0,0.0,0.0,0.0,0.0,24
2023-05-10 21:08:08,au2312C416,au2312C416,45.86,0.0,0.0,0.0,1,39.2,64.7,1,45.86,0.0,0.0,0.0,0.0,0.0,24
2023-05-10 21:08:09,au2312C416,au2312C416,45.86,0.0,0.0,0.0,1,39.2,64.68,1,45.86,0.0,0.0,0.0,0.0,0.0,24
2023-05-10 21:08:09,au2312C416,au2312C416,45.86,0.0,0.0,0.0,1,39.2,64.62,1,45.86,0.0,0.0,0.0,0.0,0.0,24
2023-05-10 21:08:10,au2312C416,au2312C416,45.86,0.0,0.0,0.0,1,39.2,64.62,1,45.86,0.0,0.0,0.0,0.0,0.0,24
2023-05-10 21:08:10,au2312C416,au2312C416,45.86,0.0,0.0,0.0,1,39.2,64.6,1,45.86,0.0,0.0,0.0,0.0,0.0,24
2023-05-10 21:08:11,au2312C416,au2312C416,45.86,0.0,0.0,0.0,1,39.2,64.54,1,45.86,0.0,0.0,0.0,0.0,0.0,24
2023-05-10 21:08:12,au2312C416,au2312C416,45.86,0.0,0.0,0.0,1,39.2,64.54,1,45.86,0.0,0.0,0.0,0.0,0.0,24
2023-05-10 21:08:12,au2312C416,au2312C416,45.86,0.0,0.0,0.0,1,39.2,64.52,1,45.86,0.0,0.0,0.0,0.0,0.0,24
2023-05-10 21:08:13,au2312C416,au2312C416,45.86,0.0,0.0,0.0,1,39.2,64.46,1,45.86,0.0,0.0,0.0,0.0,0.0,24
2023-05-10 21:08:14,au2312C416,au2312C416,45.86,0.0,0.0,0.0,1,39.2,64.46,1,45.86,0.0,0.0,0.0,0.0,0.0,24
2023-05-10 21:08:14,au2312C416,au2312C416,45.86,0.0,0.0,0.0,1,39.2,64.44,1,45.86,0.0,0.0,0.0,0.0,0.0,24
2023-05-10 21:08:15,au2312C416,au2312C416,45.86,0.0,0.0,0.0,1,39.2,64.38,1,45.86,0.0,0.0,0.0,0.0,0.0,24
2023-05-10 21:08:16,au2312C416,au2312C416,45.86,0.0,0.0,0.0,1,39.2,64.38,1,45.86,0.0,0.0,0.0,0.0,0.0,24
2023-05-10 21:08:16,au2312C416,au2312C416,45.86,0.0,0.0,0.0,1,39.2,64.36,1,45.86,0.0,0.0,0.0,0.0,0.0,24
2023-05-10 21:08:17,au2312C416,au2312C416,45.86,0.0,0.0,0.0,1,39.2,64.3,1,45.86,0.0,0.0,0.0,0.0,0.0,24
2023-05-10 21:08:18,au2312C416,au2312C416,45.86,0.0,0.0,0.0,1,39.2,64.3,1,45.86,0.0,0.0,0.0,0.0,0.0,24
2023-05-10 21:08:18,au2312C416,au2312C416,45.86,0.0,0.0,0.0,1,39.2,64.28,1,45.86,0.0,0.0,0.0,0.0,0.0,24
2023-05-10 21:08:19,au2312C416,au2312C416,45.86,0.0,0.0,0.0,1,39.2,64.22,1,45.86,0.0,0.0,0.0,0.0,0.0,24
2023-05-10 21:08:20,au2312C416,au2312C416,45.86,0.0,0.0,0.0,1,39.2,64.22,1,45.86,0.0,0.0,0.0,0.0,0.0,24
2023-05-10 21:08:20,au2312C416,au2312C416,45.86,0.0,0.0,0.0,1,39.2,64.2,1,45.86,0.0,0.0,0.0,0.0,0.0,24
2023-05-10 21:08:21,au2312C416,au2312C416,45.86,0.0,0.0,0.0,1,39.2,64.14,1,45.86,0.0,0.0,0.0,0.0,0.0,24
2023-05-10 21:08:22,au2312C416,au2312C416,45.86,0.0,0.0,0.0,1,39.2,64.14,1,45.86,0.0,0.0,0.0,0.0,0.0,24
2023-05-10 21:08:22,au2312C416,au2312C416,45.86,0.0,0.0,0.0,1,39.2,64.12,1,45.86,0.0,0.0,0.0,0.0,0.0,24
2023-05-10 21:08:23,au2312C416,au2312C416,45.86,0.0,0.0,0.0,1,39.2,64.06,1,45.86,0.0,0.0,0.0,0.0,0.0,24
2023-05-10 21:08:24,au2312C416,au2312C416,45.86,0.0,0.0,0.0,1,39.2,64.06,1,45.86,0.0,0.0,0.0,0.0,0.0,24
2023-05-10 21:08:24,au2312C416,au2312C416,45.86,0.0,0.0,0.0,1,39.2,64.04,1,45.86,0.0,0.0,0.0,0.0,0.0,24
2023-05-10 21:08:25,au2312C416,au2312C416,45.86,0.0,0.0,0.0,1,39.2,63.98,1,45.86,0.0,0.0,0.0,0.0,0.0,24
2023-05-10 21:08:26,au2312C416,au2312C416,45.86,0.0,0.0,0.0,1,39.2,63.98,1,45.86,0.0,0.0,0.0,0.0,0.0,24
2023-05-10 21:08:26,au2312C416,au2312C416,45.86,0.0,0.0,0.0,1,39.2,63.96,1,45.86,0.0,0.0,0.0,0.0,0.0,24
2023-05-10 21:08:27,au2312C416,au2312C416,45.86,0.0,0.0,0.0,1,39.2,63.9,1,45.86,0.0,0.0,0.0,0.0,0.0,24
2023-05-10 21:08:28,au2312C416,au2312C416,45.86,0.0,0.0,0.0,1,39.2,63.9,1,45.86,0.0,0.0,0.0,0.0,0.0,24
2023-05-10 21:08:28,au2312C416,au2312C416,45.86,0.0,0.0,0.0,1,39.2,63.88,1,45.86,0.0,0.0,0.0,0.0,0.0,24
2023-05-10 21:08:29,au2312C416,au2312C416,45.86,0.0,0.0,0.0,1,39.2,63.82,1,45.86,0.0,0.0,0.0,0.0,0.0,24
2023-05-10 21:08:30,au2312C416,au2312C416,45.86,0.0,0.0,0.0,1,39.2,63.82,1,45.86,0.0,0.0,0.0,0.0,0.0,24
2023-05-10 21:08:30,au2312C416,au2312C416,45.86,0.0,0.0,0.0,1,39.2,63.8,1,45.86,0.0,0.0,0.0,0.0,0.0,24
2023-05-10 21:08:31,au2312C416,au2312C416,45.86,0.0,0.0,0.0,1,39.2,63.74,1,45.86,0.0,0.0,0.0,0.0,0.0,24
2023-05-10 21:08:31,au2312C416,au2312C416,45.86,0.0,0.0,0.0,1,39.2,63.74,1,45.86,0.0,0.0,0.0,0.0,0.0,24
2023-05-10 21:08:32,au2312C416,au2312C416,45.86,0.0,0.0,0.0,1,39.2,63.72,1,45.86,0.0,0.0,0.0,0.0,0.0,24
2023-05-10 21:08:32,au2312C416,au2312C416,45.86,0.0,0.0,0.0,1,39.2,63.66,1,45.86,0.0,0.0,0.0,0.0,0.0,24
2023-05-10 21:08:33,au2312C416,au2312C416,45.86,0.0,0.0,0.0,1,39.2,63.66,1,45.86,0.0,0.0,0.0,0.0,0.0,24
2023-05-10 21:08:33,au2312C416,au2312C416,45.86,0.0,0.0,0.0,1,39.2,63.64,1,45.86,0.0,0.0,0.0,0.0,0.0,24
2023-05-10 21:08:34,au2312C416,au2312C416,45.86,0.0,0.0,0.0,1,39.2,63.58,1,45.86,0.0,0.0,0.0,0.0,0.0,24
2023-05-10 21:08:35,au2312C416,au2312C416,45.86,0.0,0.0,0.0,1,39.2,63.58,1,45.86,0.0,0.0,0.0,0.0,0.0,24
2023-05-10 21:08:35,au2312C416,au2312C416,45.86,0.0,0.0,0.0,1,39.2,63.56,1,45.86,0.0,0.0,0.0,0.0,0.0,24
2023-05-10 21:08:36,au2312C416,au2312C416,45.86,0.0,0.0,0.0,1,39.2,63.56,1,45.86,0.0,0.0,0.0,0.0,0.0,24
2023-05-10 21:08:36,au2312C416,au2312C416,45.86,0.0,0.0,0.0,1,39.2,63.5,1,45.86,0.0,0.0,0.0,0.0,0.0,24
2023-05-10 21:08:37,au2312C416,au2312C416,45.86,0.0,0.0,0.0,1,39.2,63.5,1,45.86,0.0,0.0,0.0,0.0,0.0,24
2023-05-10 21:08:37,au2312C416,au2312C416,45.86,0.0,0.0,0.0,1,39.2,63.48,1,45.86,0.0,0.0,0.0,0.0,0.0,24
2023-05-10 21:08:38,au2312C416,au2312C416,45.86,0.0,0.0,0.0,1,39.2,63.42,1,45.86,0.0,0.0,0.0,0.0,0.0,24
2023-05-10 21:08:38,au2312C416,au2312C416,45.86,0.0,0.0,0.0,1,39.2,63.42,1,45.86,0.0,0.0,0.0,0.0,0.0,24
2023-05-10 21:08:39,au2312C416,au2312C416,45.86,0.0,0.0,0.0,1,39.2,63.4,1,45.86,0.0,0.0,0.0,0.0,0.0,24
2023-05-10 21:08:39,au2312C416,au2312C416,45.86,0.0,0.0,0.0,1,39.2,63.34,1,45.86,0.0,0.0,0.0,0.0,0.0,24
2023-05-10 21:08:40,au2312C416,au2312C416,45.86,0.0,0.0,0.0,1,39.2,63.34,1,45.86,0.0,0.0,0.0,0.0,0.0,24
2023-05-10 21:08:40,au2312C416,au2312C416,45.86,0.0,0.0,0.0,1,39.2,63.32,1,45.86,0.0,0.0,0.0,0.0,0.0,24
2023-05-10 21:08:41,au2312C416,au2312C416,45.86,0.0,0.0,0.0,1,39.2,63.26,1,45.86,0.0,0.0,0.0,0.0,0.0,24
2023-05-10 21:08:41,au2312C416,au2312C416,45.86,0.0,0.0,0.0,1,39.2,63.26,1,45.86,0.0,0.0,0.0,0.0,0.0,24
2023-05-10 21:08:42,au2312C416,au2312C416,45.86,0.0,0.0,0.0,1,39.2,63.24,1,45.86,0.0,0.0,0.0,0.0,0.0,24
2023-05-10 21:08:42,au2312C416,au2312C416,45.86,0.0,0.0,0.0,1,39.2,63.18,1,45.86,0.0,0.0,0.0,0.0,0.0,24
2023-05-10 21:08:43,au2312C416,au2312C416,45.86,0.0,0.0,0.0,1,39.2,63.18,1,45.86,0.0,0.0,0.0,0.0,0.0,24
2023-05-10 21:08:43,au2312C416,au2312C416,45.86,0.0,0.0,0.0,1,39.2,63.16,1,45.86,0.0,0.0,0.0,0.0,0.0,24
2023-05-10 21:08:44,au2312C416,au2312C416,45.86,0.0,0.0,0.0,1,39.2,63.1,1,45.86,0.0,0.0,0.0,0.0,0.0,24
2023-05-10 21:08:44,au2312C416,au2312C416,45.86,0.0,0.0,0.0,1,39.2,63.1,1,45.86,0.0,0.0,0.0,0.0,0.0,24
2023-05-10 21:08:45,au2312C416,au2312C416,45.86,0.0,0.0,0.0,1,39.2,63.08,1,45.86,0.0,0.0,0.0,0.0,0.0,24
2023-05-10 21:08:45,au2312C416,au2312C416,45.86,0.0,0.0,0.0,1,39.2,63.02,1,45.86,0.0,0.0,0.0,0.0,0.0,24
2023-05-10 21:08:46,au2312C416,au2312C416,45.86,0.0,0.0,0.0,1,39.2,63.02,1,45.86,0.0,0.0,0.0,0.0,0.0,24
2023-05-10 21:08:46,au2312C416,au2312C416,45.86,0.0,0.0,0.0,1,39.2,63.0,1,45.86,0.0,0.0,0.0,0.0,0.0,24
2023-05-10 21:08:47,au2312C416,au2312C416,45.86,0.0,0.0,0.0,1,39.2,62.94,1,45.86,0.0,0.0,0.0,0.0,0.0,24
2023-05-10 21:08:47,au2312C416,au2312C416,45.86,0.0,0.0,0.0,1,39.2,62.94,1,45.86,0.0,0.0,0.0,0.0,0.0,24
2023-05-10 21:08:48,au2312C416,au2312C416,45.86,0.0,0.0,0.0,1,39.2,62.92,1,45.86,0.0,0.0,0.0,0.0,0.0,24
2023-05-10 21:08:48,au2312C416,au2312C416,45.86,0.0,0.0,0.0,1,39.2,62.86,1,45.86,0.0,0.0,0.0,0.0,0.0,24
2023-05-10 21:08:49,au2312C416,au2312C416,45.86,0.0,0.0,0.0,1,39.2,62.86,1,45.86,0.0,0.0,0.0,0.0,0.0,24
2023-05-10 21:08:49,au2312C416,au2312C416,45.86,0.0,0.0,0.0,1,39.2,62.84,1,45.86,0.0,0.0,0.0,0.0,0.0,24
2023-05-10 21:08:50,au2312C416,au2312C416,45.86,0.0,0.0,0.0,1,39.2,62.78,1,45.86,0.0,0.0,0.0,0.0,0.0,24
2023-05-10 21:08:50,au2312C416,au2312C416,45.86,0.0,0.0,0.0,1,39.2,62.78,1,45.86,0.0,0.0,0.0,0.0,0.0,24
2023-05-10 21:08:51,au2312C416,au2312C416,45.86,0.0,0.0,0.0,1,39.2,62.76,1,45.86,0.0,0.0,0.0,0.0,0.0,24
2023-05-10 21:08:51,au2312C416,au2312C416,45.86,0.0,0.0,0.0,1,39.2,62.7,1,45.86,0.0,0.0,0.0,0.0,0.0,24
2023-05-10 21:08:52,au2312C416,au2312C416,45.86,0.0,0.0,0.0,1,39.2,62.7,1,45.86,0.0,0.0,0.0,0.0,0.0,24
2023-05-10 21:08:52,au2312C416,au2312C416,45.86,0.0,0.0,0.0,1,39.2,62.68,1,45.86,0.0,0.0,0.0,0.0,0.0,24
2023-05-10 21:08:53,au2312C416,au2312C416,45.86,0.0,0.0,0.0,1,39.2,62.62,1,45.86,0.0,0.0,0.0,0.0,0.0,24
2023-05-10 21:08:53,au2312C416,au2312C416,45.86,0.0,0.0,0.0,1,39.2,62.62,1,45.86,0.0,0.0,0.0,0.0,0.0,24
2023-05-10 21:08:54,au2312C416,au2312C416,45.86,0.0,0.0,0.0,1,39.2,62.6,1,45.86,0.0,0.0,0.0,0.0,0.0,24
2023-05-10 21:08:54,au2312C416,au2312C416,45.86,0.0,0.0,0.0,1,39.2,62.54,1,45.86,0.0,0.0,0.0,0.0,0.0,24
2023-05-10 21:08:55,au2312C416,au2312C416,45.86,0.0,0.0,0.0,1,39.2,62.54,1,45.86,0.0,0.0,0.0,0.0,0.0,24
2023-05-10 21:08:55,au2312C416,au2312C416,45.86,0.0,0.0,0.0,1,39.2,62.52,1,45.86,0.0,0.0,0.0,0.0,0.0,24
2023-05-10 21:08:56,au2312C416,au2312C416,45.86,0.0,0.0,0.0,1,39.2,62.46,1,45.86,0.0,0.0,0.0,0.0,0.0,24
2023-05-10 21:08:56,au2312C416,au2312C416,45.86,0.0,0.0,0.0,1,39.2,62.46,1,45.86,0.0,0.0,0.0,0.0,0.0,24
2023-05-10 21:08:57,au2312C416,au2312C416,45.86,0.0,0.0,0.0,1,39.2,62.44,1,45.86,0.0,0.0,0.0,0.0,0.0,24
2023-05-10 21:08:57,au2312C416,au2312C416,45.86,0.0,0.0,0.0,1,39.2,62.38,1,45.86,0.0,0.0,0.0,0.0,0.0,24
2023-05-10 21:08:58,au2312C416,au2312C416,45.86,0.0,0.0,0.0,1,39.2,62.38,1,45.86,0.0,0.0,0.0,0.0,0.0,24
2023-05-10 21:08:58,au2312C416,au2312C416,45.86,0.0,0.0,0.0,1,39.2,62.36,1,45.86,0.0,0.0,0.0,0.0,0.0,24
2023-05-10 21:08:59,au2312C416,au2312C416,45.86,0.0,0.0,0.0,1,39.2,62.3,1,45.86,0.0,0.0,0.0,0.0,0.0,24
2023-05-10 21:08:59,au2312C416,au2312C416,45.86,0.0,0.0,0.0,1,39.2,62.3,1,45.86,0.0,0.0,0.0,0.0,0.0,24
2023-05-10 21:09:00,au2312C416,au2312C416,45.86,0.0,0.0,0.0,1,39.2,62.28,1,45.86,0.0,0.0,0.0,0.0,0.0,24
2023-05-10 21:09:00,au2312C416,au2312C416,45.86,0.0,0.0,0.0,1,39.2,62.28,1,45.86,0.0,0.0,0.0,0.0,0.0,24
2023-05-10 21:09:01,au2312C416,au2312C416,45.86,0.0,0.0,0.0,1,39.2,62.22,1,45.86,0.0,0.0,0.0,0.0,0.0,24
2023-05-10 21:09:02,au2312C416,au2312C416,45.86,0.0,0.0,0.0,1,39.2,62.22,1,45.86,0.0,0.0,0.0,0.0,0.0,24
2023-05-10 21:09:02,au2312C416,au2312C416,45.86,0.0,0.0,0.0,1,39.2,62.2,1,45.86,0.0,0.0,0.0,0.0,0.0,24
2023-05-10 21:09:03,au2312C416,au2312C416,45.86,0.0,0.0,0.0,1,39.2,62.14,1,45.86,0.0,0.0,0.0,0.0,0.0,24
2023-05-10 21:09:03,au2312C416,au2312C416,45.86,0.0,0.0,0.0,1,39.2,62.14,1,45.86,0.0,0.0,0.0,0.0,0.0,24
2023-05-10 21:09:04,au2312C416,au2312C416,45.86,0.0,0.0,0.0,1,39.2,62.12,1,45.86,0.0,0.0,0.0,0.0,0.0,24
2023-05-10 21:09:04,au2312C416,au2312C416,45.86,0.0,0.0,0.0,1,39.2,62.06,1,45.86,0.0,0.0,0.0,0.0,0.0,24
2023-05-10 21:09:05,au2312C416,au2312C416,45.86,0.0,0.0,0.0,1,39.2,62.06,1,45.86,0.0,0.0,0.0,0.0,0.0,24
2023-05-10 21:09:05,au2312C416,au2312C416,45.86,0.0,0.0,0.0,1,39.2,62.04,1,45.86,0.0,0.0,0.0,0.0,0.0,24
2023-05-10 21:09:06,au2312C416,au2312C416,45.86,0.0,0.0,0.0,1,39.2,61.98,1,45.86,0.0,0.0,0.0,0.0,0.0,24
2023-05-10 21:09:06,au2312C416,au2312C416,45.86,0.0,0.0,0.0,1,39.2,61.98,1,45.86,0.0,0.0,0.0,0.0,0.0,24
2023-05-10 21:09:07,au2312C416,au2312C416,45.86,0.0,0.0,0.0,1,39.2,61.96,1,45.86,0.0,0.0,0.0,0.0,0.0,24
2023-05-10 21:09:07,au2312C416,au2312C416,45.86,0.0,0.0,0.0,1,39.2,61.9,1,45.86,0.0,0.0,0.0,0.0,0.0,24
2023-05-10 21:09:08,au2312C416,au2312C416,45.86,0.0,0.0,0.0,1,39.2,61.9,1,45.86,0.0,0.0,0.0,0.0,0.0,24
2023-05-10 21:09:08,au2312C416,au2312C416,45.86,0.0,0.0,0.0,1,39.2,61.88,1,45.86,0.0,0.0,0.0,0.0,0.0,24
2023-05-10 21:09:09,au2312C416,au2312C416,45.86,0.0,0.0,0.0,1,39.2,61.82,1,45.86,0.0,0.0,0.0,0.0,0.0,24
2023-05-10 21:09:09,au2312C416,au2312C416,45.86,0.0,0.0,0.0,1,39.2,61.82,1,45.86,0.0,0.0,0.0,0.0,0.0,24
2023-05-10 21:09:10,au2312C416,au2312C416,45.86,0.0,0.0,0.0,1,39.2,61.8,1,45.86,0.0,0.0,0.0,0.0,0.0,24
2023-05-10 21:09:10,au2312C416,au2312C416,45.86,0.0,0.0,0.0,1,39.2,61.74,1,45.86,0.0,0.0,0.0,0.0,0.0,24
2023-05-10 21:09:11,au2312C416,au2312C416,45.86,0.0,0.0,0.0,1,39.2,61.74,1,45.86,0.0,0.0,0.0,0.0,0.0,24
2023-05-10 21:09:11,au2312C416,au2312C416,45.86,0.0,0.0,0.0,1,39.2,61.72,1,45.86,0.0,0.0,0.0,0.0,0.0,24
2023-05-10 21:09:12,au2312C416,au2312C416,45.86,0.0,0.0,0.0,1,39.2,61.66,1,45.86,0.0,0.0,0.0,0.0,0.0,24
2023-05-10 21:09:12,au2312C416,au2312C416,45.86,0.0,0.0,0.0,1,39.2,61.66,1,45.86,0.0,0.0,0.0,0.0,0.0,24
2023-05-10 21:09:13,au2312C416,au2312C416,45.86,0.0,0.0,0.0,1,39.2,61.64,1,45.86,0.0,0.0,0.0,0.0,0.0,24
2023-05-10 21:09:13,au2312C416,au2312C416,45.86,0.0,0.0,0.0,1,39.2,61.58,1,45.86,0.0,0.0,0.0,0.0,0.0,24
2023-05-10 21:09:14,au2312C416,au2312C416,45.86,0.0,0.0,0.0,1,39.2,61.58,1,45.86,0.0,0.0,0.0,0.0,0.0,24
2023-05-10 21:09:14,au2312C416,au2312C416,45.86,0.0,0.0,0.0,1,39.2,61.56,1,45.86,0.0,0.0,0.0,0.0,0.0,24
2023-05-10 21:09:15,au2312C416,au2312C416,45.86,0.0,0.0,0.0,1,39.2,61.5,1,45.86,0.0,0.0,0.0,0.0,0.0,24
2023-05-10 21:09:15,au2312C416,au2312C416,45.86,0.0,0.0,0.0,1,39.2,61.5,1,45.86,0.0,0.0,0.0,0.0,0.0,24
2023-05-10 21:09:16,au2312C416,au2312C416,45.86,0.0,0.0,0.0,1,39.2,61.48,1,45.86,0.0,0.0,0.0,0.0,0.0,24
2023-05-10 21:09:16,au2312C416,au2312C416,45.86,0.0,0.0,0.0,1,39.2,61.42,1,45.86,0.0,0.0,0.0,0.0,0.0,24
2023-05-10 21:09:17,au2312C416,au2312C416,45.86,0.0,0.0,0.0,1,39.2,61.42,1,45.86,0.0,0.0,0.0,0.0,0.0,24
2023-05-10 21:09:17,au2312C416,au2312C416,45.86,0.0,0.0,0.0,1,39.2,61.4,1,45.86,0.0,0.0,0.0,0.0,0.0,24
2023-05-10 21:09:18,au2312C416,au2312C416,45.86,0.0,0.0,0.0,1,39.2,61.34,1,45.86,0.0,0.0,0.0,0.0,0.0,24
2023-05-10 21:09:18,au2312C416,au2312C416,45.86,0.0,0.0,0.0,1,39.2,61.34,1,45.86,0.0,0.0,0.0,0.0,0.0,24
2023-05-10 21:09:19,au2312C416,au2312C416,45.86,0.0,0.0,0.0,1,39.2,61.32,1,45.86,0.0,0.0,0.0,0.0,0.0,24
2023-05-10 21:09:19,au2312C416,au2312C416,45.86,0.0,0.0,0.0,1,39.2,61.26,1,45.86,0.0,0.0,0.0,0.0,0.0,24
2023-05-10 21:09:20,au2312C416,au2312C416,45.86,0.0,0.0,0.0,1,39.2,61.26,1,45.86,0.0,0.0,0.0,0.0,0.0,24
2023-05-10 21:09:20,au2312C416,au2312C416,45.86,0.0,0.0,0.0,1,39.2,61.24,1,45.86,0.0,0.0,0.0,0.0,0.0,24
2023-05-10 21:09:21,au2312C416,au2312C416,45.86,0.0,0.0,0.0,1,39.2,61.18,1,45.86,0.0,0.0,0.0,0.0,0.0,24
2023-05-10 21:09:21,au2312C416,au2312C416,45.86,0.0,0.0,0.0,1,39.2,61.18,1,45.86,0.0,0.0,0.0,0.0,0.0,24
2023-05-10 21:09:22,au2312C416,au2312C416,45.86,0.0,0.0,0.0,1,39.2,61.16,1,45.86,0.0,0.0,0.0,0.0,0.0,24
2023-05-10 21:09:22,au2312C416,au2312C416,45.86,0.0,0.0,0.0,1,39.2,61.1,1,45.86,0.0,0.0,0.0,0.0,0.0,24
2023-05-10 21:09:23,au2312C416,au2312C416,45.86,0.0,0.0,0.0,1,39.2,61.1,1,45.86,0.0,0.0,0.0,0.0,0.0,24
2023-05-10 21:09:23,au2312C416,au2312C416,45.86,0.0,0.0,0.0,1,39.2,61.08,1,45.86,0.0,0.0,0.0,0.0,0.0,24
2023-05-10 21:09:24,au2312C416,au2312C416,45.86,0.0,0.0,0.0,1,39.2,61.02,1,45.86,0.0,0.0,0.0,0.0,0.0,24
2023-05-10 21:09:24,au2312C416,au2312C416,45.86,0.0,0.0,0.0,1,39.2,61.02,1,45.86,0.0,0.0,0.0,0.0,0.0,24
2023-05-10 21:09:25,au2312C416,au2312C416,45.86,0.0,0.0,0.0,1,39.2,61.0,1,45.86,0.0,0.0,0.0,0.0,0.0,24
2023-05-10 21:09:25,au2312C416,au2312C416,45.86,0.0,0.0,0.0,1,39.2,60.94,1,45.86,0.0,0.0,0.0,0.0,0.0,24
2023-05-10 21:09:26,au2312C416,au2312C416,45.86,0.0,0.0,0.0,1,39.2,60.94,1,45.86,0.0,0.0,0.0,0.0,0.0,24
2023-05-10 21:09:26,au2312C416,au2312C416,45.86,0.0,0.0,0.0,1,39.2,60.92,1,45.86,0.0,0.0,0.0,0.0,0.0,24
2023-05-10 21:09:27,au2312C416,au2312C416,45.86,0.0,0.0,0.0,1,39.2,60.86,1,45.86,0.0,0.0,0.0,0.0,0.0,24
2023-05-10 21:09:27,au2312C416,au2312C416,45.86,0.0,0.0,0.0,1,39.2,60.86,1,45.86,0.0,0.0,0.0,0.0,0.0,24
2023-05-10 21:09:28,au2312C416,au2312C416,45.86,0.0,0.0,0.0,1,39.2,60.84,1,45.86,0.0,0.0,0.0,0.0,0.0,24
2023-05-10 21:09:28,au2312C416,au2312C416,45.86,0.0,0.0,0.0,1,39.2,60.78,1,45.86,0.0,0.0,0.0,0.0,0.0,24
2023-05-10 21:09:29,au2312C416,au2312C416,45.86,0.0,0.0,0.0,1,39.2,60.78,1,45.86,0.0,0.0,0.0,0.0,0.0,24
2023-05-10 21:09:29,au2312C416,au2312C416,45.86,0.0,0.0,0.0,1,39.2,60.76,1,45.86,0.0,0.0,0.0,0.0,0.0,24
2023-05-10 21:09:30,au2312C416,au2312C416,45.86,0.0,0.0,0.0,1,39.2,60.7,1,45.86,0.0,0.0,0.0,0.0,0.0,24
2023-05-10 21:09:30,au2312C416,au2312C416,45.86,0.0,0.0,0.0,1,39.2,60.7,1,45.86,0.0,0.0,0.0,0.0,0.0,24
2023-05-10 21:09:31,au2312C416,au2312C416,45.86,0.0,0.0,0.0,1,39.2,60.68,1,45.86,0.0,0.0,0.0,0.0,0.0,24
2023-05-10 21:09:31,au2312C416,au2312C416,45.86,0.0,0.0,0.0,1,39.2,60.62,1,45.86,0.0,0.0,0.0,0.0,0.0,24
2023-05-10 21:09:32,au2312C416,au2312C416,45.86,0.0,0.0,0.0,1,39.2,60.62,1,45.86,0.0,0.0,0.0,0.0,0.0,24
2023-05-10 21:09:32,au2312C416,au2312C416,45.86,0.0,0.0,0.0,1,39.2,60.6,1,45.86,0.0,0.0,0.0,0.0,0.0,24
2023-05-10 21:09:33,au2312C416,au2312C416,45.86,0.0,0.0,0.0,1,39.2,60.54,1,45.86,0.0,0.0,0.0,0.0,0.0,24
2023-05-10 21:09:33,au2312C416,au2312C416,45.86,0.0,0.0,0.0,1,39.2,60.54,1,45.86,0.0,0.0,0.0,0.0,0.0,24
2023-05-10 21:09:34,au2312C416,au2312C416,45.86,0.0,0.0,0.0,1,39.2,60.52,1,45.86,0.0,0.0,0.0,0.0,0.0,24
2023-05-10 21:09:34,au2312C416,au2312C416,45.86,0.0,0.0,0.0,1,39.2,60.46,1,45.86,0.0,0.0,0.0,0.0,0.0,24
2023-05-10 21:09:35,au2312C416,au2312C416,45.86,0.0,0.0,0.0,1,39.2,60.46,1,45.86,0.0,0.0,0.0,0.0,0.0,24
2023-05-10 21:09:35,au2312C416,au2312C416,45.86,0.0,0.0,0.0,1,39.2,60.44,1,45.86,0.0,0.0,0.0,0.0,0.0,24
2023-05-10 21:09:36,au2312C416,au2312C416,45.86,0.0,0.0,0.0,1,39.2,60.38,1,45.86,0.0,0.0,0.0,0.0,0.0,24
2023-05-10 21:09:36,au2312C416,au2312C416,45.86,0.0,0.0,0.0,1,39.2,60.38,1,45.86,0.0,0.0,0.0,0.0,0.0,24
2023-05-10 21:09:37,au2312C416,au2312C416,45.86,0.0,0.0,0.0,1,39.2,60.36,1,45.86,0.0,0.0,0.0,0.0,0.0,24
2023-05-10 21:09:37,au2312C416,au2312C416,45.86,0.0,0.0,0.0,1,39.2,60.3,1,45.86,0.0,0.0,0.0,0.0,0.0,24
2023-05-10 21:09:38,au2312C416,au2312C416,45.86,0.0,0.0,0.0,1,39.2,60.3,1,45.86,0.0,0.0,0.0,0.0,0.0,24
2023-05-10 21:09:38,au2312C416,au2312C416,45.86,0.0,0.0,0.0,1,39.2,60.28,1,45.86,0.0,0.0,0.0,0.0,0.0,24
2023-05-10 21:09:39,au2312C416,au2312C416,45.86,0.0,0.0,0.0,1,39.2,60.22,1,45.86,0.0,0.0,0.0,0.0,0.0,24
2023-05-10 21:09:39,au2312C416,au2312C416,45.86,0.0,0.0,0.0,1,39.2,60.22,1,45.86,0.0,0.0,0.0,0.0,0.0,24
2023-05-10 21:09:40,au2312C416,au2312C416,45.86,0.0,0.0,0.0,1,39.2,60.2,1,45.86,0.0,0.0,0.0,0.0,0.0,24
2023-05-10 21:09:40,au2312C416,au2312C416,45.86,0.0,0.0,0.0,1,39.2,60.14,1,45.86,0.0,0.0,0.0,0.0,0.0,24
2023-05-10 21:09:41,au2312C416,au2312C416,45.86,0.0,0.0,0.0,1,39.2,60.14,1,45.86,0.0,0.0,0.0,0.0,0.0,24
2023-05-10 21:09:41,au2312C416,au2312C416,45.86,0.0,0.0,0.0,1,39.2,60.12,1,45.86,0.0,0.0,0.0,0.0,0.0,24
2023-05-10 21:09:42,au2312C416,au2312C416,45.86,0.0,0.0,0.0,1,39.2,60.06,1,45.86,0.0,0.0,0.0,0.0,0.0,24
2023-05-10 21:09:42,au2312C416,au2312C416,45.86,0.0,0.0,0.0,1,39.2,60.06,1,45.86,0.0,0.0,0.0,0.0,0.0,24
2023-05-10 21:09:43,au2312C416,au2312C416,45.86,0.0,0.0,0.0,1,39.2,60.04,1,45.86,0.0,0.0,0.0,0.0,0.0,24
2023-05-10 21:09:43,au2312C416,au2312C416,45.86,0.0,0.0,0.0,1,39.2,59.98,1,45.86,0.0,0.0,0.0,0.0,0.0,24
2023-05-10 21:09:44,au2312C416,au2312C416,45.86,0.0,0.0,0.0,1,39.2,59.98,1,45.86,0.0,0.0,0.0,0.0,0.0,24
2023-05-10 21:09:44,au2312C416,au2312C416,45.86,0.0,0.0,0.0,1,39.2,59.96,1,45.86,0.0,0.0,0.0,0.0,0.0,24
2023-05-10 21:09:45,au2312C416,au2312C416,45.86,0.0,0.0,0.0,1,39.2,59.9,1,45.86,0.0,0.0,0.0,0.0,0.0,24
2023-05-10 21:09:45,au2312C416,au2312C416,45.86,0.0,0.0,0.0,1,39.2,59.9,1,45.86,0.0,0.0,0.0,0.0,0.0,24
2023-05-10 21:09:46,au2312C416,au2312C416,45.86,0.0,0.0,0.0,1,39.2,59.88,1,45.86,0.0,0.0,0.0,0.0,0.0,24
2023-05-10 21:09:46,au2312C416,au2312C416,45.86,0.0,0.0,0.0,1,39.2,59.82,1,45.86,0.0,0.0,0.0,0.0,0.0,24
2023-05-10 21:09:47,au2312C416,au2312C416,45.86,0.0,0.0,0.0,1,39.2,59.82,1,45.86,0.0,0.0,0.0,0.0,0.0,24
2023-05-10 21:09:47,au2312C416,au2312C416,45.86,0.0,0.0,0.0,1,39.2,59.8,1,45.86,0.0,0.0,0.0,0.0,0.0,24
2023-05-10 21:09:48,au2312C416,au2312C416,45.86,0.0,0.0,0.0,1,39.2,59.74,1,45.86,0.0,0.0,0.0,0.0,0.0,24
2023-05-10 21:09:48,au2312C416,au2312C416,45.86,0.0,0.0,0.0,1,39.2,59.74,1,45.86,0.0,0.0,0.0,0.0,0.0,24
2023-05-10 21:09:49,au2312C416,au2312C416,45.86,0.0,0.0,0.0,1,39.2,59.72,1,45.86,0.0,0.0,0.0,0.0,0.0,24
2023-05-10 21:09:49,au2312C416,au2312C416,45.86,0.0,0.0,0.0,1,39.2,59.66,1,45.86,0.0,0.0,0.0,0.0,0.0,24
2023-05-10 21:09:50,au2312C416,au2312C416,45.86,0.0,0.0,0.0,1,39.2,59.66,1,45.86,0.0,0.0,0.0,0.0,0.0,24
2023-05-10 21:09:50,au2312C416,au2312C416,45.86,0.0,0.0,0.0,1,39.2,59.64,1,45.86,0.0,0.0,0.0,0.0,0.0,24
2023-05-10 21:09:51,au2312C416,au2312C416,45.86,0.0,0.0,0.0,1,39.2,59.58,1,45.86,0.0,0.0,0.0,0.0,0.0,24
2023-05-10 21:09:51,au2312C416,au2312C416,45.86,0.0,0.0,0.0,1,39.2,59.58,1,45.86,0.0,0.0,0.0,0.0,0.0,24
2023-05-10 21:09:52,au2312C416,au2312C416,45.86,0.0,0.0,0.0,1,39.2,59.56,1,45.86,0.0,0.0,0.0,0.0,0.0,24
2023-05-10 21:09:52,au2312C416,au2312C416,45.86,0.0,0.0,0.0,1,39.2,59.5,1,45.86,0.0,0.0,0.0,0.0,0.0,24
2023-05-10 21:09:53,au2312C416,au2312C416,45.86,0.0,0.0,0.0,1,39.2,59.5,1,45.86,0.0,0.0,0.0,0.0,0.0,24
2023-05-10 21:09:53,au2312C416,au2312C416,45.86,0.0,0.0,0.0,1,39.2,59.48,1,45.86,0.0,0.0,0.0,0.0,0.0,24
2023-05-10 21:09:54,au2312C416,au2312C416,45.86,0.0,0.0,0.0,1,39.2,59.42,1,45.86,0.0,0.0,0.0,0.0,0.0,24
2023-05-10 21:09:54,au2312C416,au2312C416,45.86,0.0,0.0,0.0,1,39.2,59.42,1,45.86,0.0,0.0,0.0,0.0,0.0,24
2023-05-10 21:09:55,au2312C416,au2312C416,45.86,0.0,0.0,0.0,1,39.2,59.4,1,45.86,0.0,0.0,0.0,0.0,0.0,24
2023-05-10 21:09:55,au2312C416,au2312C416,45.86,0.0,0.0,0.0,1,39.2,59.34,1,45.86,0.0,0.0,0.0,0.0,0.0,24
2023-05-10 21:09:56,au2312C416,au2312C416,45.86,0.0,0.0,0.0,1,39.2,59.34,1,45.86,0.0,0.0,0.0,0.0,0.0,24
2023-05-10 21:09:56,au2312C416,au2312C416,45.86,0.0,0.0,0.0,1,39.2,59.32,1,45.86,0.0,0.0,0.0,0.0,0.0,24
2023-05-10 21:09:57,au2312C416,au2312C416,45.86,0.0,0.0,0.0,1,39.2,59.26,1,45.86,0.0,0.0,0.0,0.0,0.0,24
2023-05-10 21:09:57,au2312C416,au2312C416,45.86,0.0,0.0,0.0,1,39.2,59.26,1,45.86,0.0,0.0,0.0,0.0,0.0,24
2023-05-10 21:09:58,au2312C416,au2312C416,45.86,0.0,0.0,0.0,1,39.2,59.24,1,45.86,0.0,0.0,0.0,0.0,0.0,24
2023-05-10 21:09:58,au2312C416,au2312C416,45.86,0.0,0.0,0.0,1,39.2,59.18,1,45.86,0.0,0.0,0.0,0.0,0.0,24
2023-05-10 21:09:59,au2312C416,au2312C416,45.86,0.0,0.0,0.0,1,39.2,59.18,1,45.86,0.0,0.0,0.0,0.0,0.0,24
2023-05-10 21:09:59,au2312C416,au2312C416,45.86,0.0,0.0,0.0,1,39.2,59.16,1,45.86,0.0,0.0,0.0,0.0,0.0,24
2023-05-10 21:10:00,au2312C416,au2312C416,45.86,0.0,0.0,0.0,1,39.2,59.1,1,45.86,0.0,0.0,0.0,0.0,0.0,24
2023-05-10 21:10:00,au2312C416,au2312C416,45.86,0.0,0.0,0.0,1,39.2,59.1,1,45.86,0.0,0.0,0.0,0.0,0.0,24
2023-05-10 21:10:01,au2312C416,au2312C416,45.86,0.0,0.0,0.0,1,39.2,59.08,1,45.86,0.0,0.0,0.0,0.0,0.0,24
2023-05-10 21:10:01,au2312C416,au2312C416,45.86,0.0,0.0,0.0,1,39.2,59.02,1,45.86,0.0,0.0,0.0,0.0,0.0,24
2023-05-10 21:10:02,au2312C416,au2312C416,45.86,0.0,0.0,0.0,1,39.2,59.02,1,45.86,0.0,0.0,0.0,0.0,0.0,24
2023-05-10 21:10:02,au2312C416,au2312C416,45.86,0.0,0.0,0.0,1,39.2,59.0,1,45.86,0.0,0.0,0.0,0.0,0.0,24
2023-05-10 21:10:03,au2312C416,au2312C416,45.86,0.0,0.0,0.0,1,39.2,58.94,1,45.86,0.0,0.0,0.0,0.0,0.0,24
2023-05-10 21:10:03,au2312C416,au2312C416,45.86,0.0,0.0,0.0,1,39.2,58.94,1,45.86,0.0,0.0,0.0,0.0,0.0,24
2023-05-10 21:10:04,au2312C416,au2312C416,45.86,0.0,0.0,0.0,1,39.2,58.92,1,45.86,0.0,0.0,0.0,0.0,0.0,24
2023-05-10 21:10:04,au2312C416,au2312C416,45.86,0.0,0.0,0.0,1,39.2,58.86,1,45.86,0.0,0.0,0.0,0.0,0.0,24
2023-05-10 21:10:05,au2312C416,au2312C416,45.86,0.0,0.0,0.0,1,39.2,58.86,1,45.86,0.0,0.0,0.0,0.0,0.0,24
2023-05-10 21:10:05,au2312C416,au2312C416,45.86,0.0,0.0,0.0,1,39.2,58.84,1,45.86,0.0,0.0,0.0,0.0,0.0,24
2023-05-10 21:10:06,au2312C416,au2312C416,45.86,0.0,0.0,0.0,1,39.2,58.78,1,45.86,0.0,0.0,0.0,0.0,0.0,24
2023-05-10 21:10:06,au2312C416,au2312C416,45.86,0.0,0.0,0.0,1,39.2,58.78,1,45.86,0.0,0.0,0.0,0.0,0.0,24
2023-05-10 21:10:07,au2312C416,au2312C416,45.86,0.0,0.0,0.0,1,39.2,58.76,1,45.86,0.0,0.0,0.0,0.0,0.0,24
2023-05-10 21:10:07,au2312C416,au2312C416,45.86,0.0,0.0,0.0,1,39.2,58.7,1,45.86,0.0,0.0,0.0,0.0,0.0,24
2023-05-10 21:10:08,au2312C416,au2312C416,45.86,0.0,0.0,0.0,1,39.2,58.7,1,45.86,0.0,0.0,0.0,0.0,0.0,24
2023-05-10 21:10:08,au2312C416,au2312C416,45.86,0.0,0.0,0.0,1,39.2,58.68,1,45.86,0.0,0.0,0.0,0.0,0.0,24
2023-05-10 21:10:09,au2312C416,au2312C416,45.86,0.0,0.0,0.0,1,39.2,58.62,1,45.86,0.0,0.0,0.0,0.0,0.0,24
2023-05-10 21:10:09,au2312C416,au2312C416,45.86,0.0,0.0,0.0,1,39.2,58.62,1,45.86,0.0,0.0,0.0,0.0,0.0,24
2023-05-10 21:10:10,au2312C416,au2312C416,45.86,0.0,0.0,0.0,1,39.2,58.6,1,45.86,0.0,0.0,0.0,0.0,0.0,24
2023-05-10 21:10:10,au2312C416,au2312C416,45.86,0.0,0.0,0.0,1,39.2,58.54,1,45.86,0.0,0.0,0.0,0.0,0.0,24
2023-05-10 21:10:11,au2312C416,au2312C416,45.86,0.0,0.0,0.0,1,39.2,58.54,1,45.86,0.0,0.0,0.0,0.0,0.0,24
2023-05-10 21:10:11,au2312C416,au2312C416,45.86,0.0,0.0,0.0,1,39.2,58.52,1,45.86,0.0,0.0,0.0,0.0,0.0,24
2023-05-10 21:10:12,au2312C416,au2312C416,45.86,0.0,0.0,0.0,1,39.2,58.46,1,45.86,0.0,0.0,0.0,0.0,0.0,24
2023-05-10 21:10:12,au2312C416,au2312C416,45.86,0.0,0.0,0.0,1,39.2,58.46,1,45.86,0.0,0.0,0.0,0.0,0.0,24
2023-05-10 21:10:13,au2312C416,au2312C416,45.86,0.0,0.0,0.0,1,39.2,58.44,1,45.86,0.0,0.0,0.0,0.0,0.0,24
2023-05-10 21:10:13,au2312C416,au2312C416,45.86,0.0,0.0,0.0,1,39.2,58.38,1,45.86,0.0,0.0,0.0,0.0,0.0,24
2023-05-10 21:10:14,au2312C416,au2312C416,45.86,0.0,0.0,0.0,1,39.2,58.38,1,45.86,0.0,0.0,0.0,0.0,0.0,24
2023-05-10 21:10:14,au2312C416,au2312C416,45.86,0.0,0.0,0.0,1,39.2,58.36,1,45.86,0.0,0.0,0.0,0.0,0.0,24
2023-05-10 21:10:15,au2312C416,au2312C416,45.86,0.0,0.0,0.0,1,39.2,58.3,1,45.86,0.0,0.0,0.0,0.0,0.0,24
2023-05-10 21:10:15,au2312C416,au2312C416,45.86,0.0,0.0,0.0,1,39.2,58.3,1,45.86,0.0,0.0,0.0,0.0,0.0,24
2023-05-10 21:10:16,au2312C416,au2312C416,45.86,0.0,0.0,0.0,1,39.2,58.28,1,45.86,0.0,0.0,0.0,0.0,0.0,24
2023-05-10 21:10:16,au2312C416,au2312C416,45.86,0.0,0.0,0.0,1,39.2,58.22,1,45.86,0.0,0.0,0.0,0.0,0.0,24
2023-05-10 21:10:17,au2312C416,au2312C416,45.86,0.0,0.0,0.0,1,39.2,58.22,1,45.86,0.0,0.0,0.0,0.0,0.0,24
2023-05-10 21:10:17,au2312C416,au2312C416,45.86,0.0,0.0,0.0,1,39.2,58.2,1,45.86,0.0,0.0,0.0,0.0,0.0,24
2023-05-10 21:10:18,au2312C416,au2312C416,45.86,0.0,0.0,0.0,1,39.2,58.14,1,45.86,0.0,0.0,0.0,0.0,0.0,24
2023-05-10 21:10:18,au2312C416,au2312C416,45.86,0.0,0.0,0.0,1,39.2,58.14,1,45.86,0.0,0.0,0.0,0.0,0.0,24
2023-05-10 21:10:19,au2312C416,au2312C416,45.86,0.0,0.0,0.0,1,39.2,58.12,1,45.86,0.0,0.0,0.0,0.0,0.0,24
2023-05-10 21:10:19,au2312C416,au2312C416,45.86,0.0,0.0,0.0,1,39.2,58.06,1,45.86,0.0,0.0,0.0,0.0,0.0,24
2023-05-10 21:10:20,au2312C416,au2312C416,45.86,0.0,0.0,0.0,1,39.2,58.06,1,45.86,0.0,0.0,0.0,0.0,0.0,24
2023-05-10 21:10:20,au2312C416,au2312C416,45.86,0.0,0.0,0.0,1,39.2,58.04,1,45.86,0.0,0.0,0.0,0.0,0.0,24
2023-05-10 21:10:21,au2312C416,au2312C416,45.86,0.0,0.0,0.0,1,39.2,57.98,1,45.86,0.0,0.0,0.0,0.0,0.0,24
2023-05-10 21:10:21,au2312C416,au2312C416,45.86,0.0,0.0,0.0,1,39.2,57.98,1,45.86,0.0,0.0,0.0,0.0,0.0,24
2023-05-10 21:10:22,au2312C416,au2312C416,45.86,0.0,0.0,0.0,1,39.2,57.96,1,45.86,0.0,0.0,0.0,0.0,0.0,24
2023-05-10 21:10:22,au2312C416,au2312C416,45.86,0.0,0.0,0.0,1,39.2,57.9,1,45.86,0.0,0.0,0.0,0.0,0.0,24
2023-05-10 21:10:23,au2312C416,au2312C416,45.86,0.0,0.0,0.0,1,39.2,57.9,1,45.86,0.0,0.0,0.0,0.0,0.0,24
2023-05-10 21:10:23,au2312C416,au2312C416,45.86,0.0,0.0,0.0,1,39.2,57.88,1,45.86,0.0,0.0,0.0,0.0,0.0,24
2023-05-10 21:10:24,au2312C416,au2312C416,45.86,0.0,0.0,0.0,1,39.2,57.82,1,45.86,0.0,0.0,0.0,0.0,0.0,24
2023-05-10 21:10:24,au2312C416,au2312C416,45.86,0.0,0.0,0.0,1,39.2,57.82,1,45.86,0.0,0.0,0.0,0.0,0.0,24
2023-05-10 21:10:25,au2312C416,au2312C416,45.86,0.0,0.0,0.0,1,39.2,57.8,1,45.86,0.0,0.0,0.0,0.0,0.0,24
2023-05-10 21:10:25,au2312C416,au2312C416,45.86,0.0,0.0,0.0,1,39.2,57.74,1,45.86,0.0,0.0,0.0,0.0,0.0,24
2023-05-10 21:10:26,au2312C416,au2312C416,45.86,0.0,0.0,0.0,1,39.2,57.74,1,45.86,0.0,0.0,0.0,0.0,0.0,24
2023-05-10 21:10:26,au2312C416,au2312C416,45.86,0.0,0.0,0.0,1,39.2,57.72,1,45.86,0.0,0.0,0.0,0.0,0.0,24
2023-05-10 21:10:27,au2312C416,au2312C416,45.86,0.0,0.0,0.0,1,39.2,57.66,1,45.86,0.0,0.0,0.0,0.0,0.0,24
2023-05-10 21:10:27,au2312C416,au2312C416,45.86,0.0,0.0,0.0,1,39.2,57.66,1,45.86,0.0,0.0,0.0,0.0,0.0,24
2023-05-10 21:10:28,au2312C416,au2312C416,45.86,0.0,0.0,0.0,1,39.2,57.64,1,45.86,0.0,0.0,0.0,0.0,0.0,24
2023-05-10 21:10:28,au2312C416,au2312C416,45.86,0.0,0.0,0.0,1,39.2,57.58,1,45.86,0.0,0.0,0.0,0.0,0.0,24
2023-05-10 21:10:29,au2312C416,au2312C416,45.86,0.0,0.0,0.0,1,39.2,57.58,1,45.86,0.0,0.0,0.0,0.0,0.0,24
2023-05-10 21:10:29,au2312C416,au2312C416,45.86,0.0,0.0,0.0,1,39.2,57.56,1,45.86,0.0,0.0,0.0,0.0,0.0,24
2023-05-10 21:10:30,au2312C416,au2312C416,45.86,0.0,0.0,0.0,1,39.2,57.5,1,45.86,0.0,0.0,0.0,0.0,0.0,24
2023-05-10 21:10:30,au2312C416,au2312C416,45.86,0.0,0.0,0.0,1,39.2,57.5,1,45.86,0.0,0.0,0.0,0.0,0.0,24
2023-05-10 21:10:31,au2312C416,au2312C416,45.86,0.0,0.0,0.0,1,39.2,57.48,1,45.86,0.0,0.0,0.0,0.0,0.0,24
2023-05-10 21:10:31,au2312C416,au2312C416,45.86,0.0,0.0,0.0,1,39.2,57.42,1,45.86,0.0,0.0,0.0,0.0,0.0,24
2023-05-10 21:10:32,au2312C416,au2312C416,45.86,0.0,0.0,0.0,1,39.2,57.42,1,45.86,0.0,0.0,0.0,0.0,0.0,24
2023-05-10 21:10:32,au2312C416,au2312C416,45.86,0.0,0.0,0.0,1,39.2,57.4,1,45.86,0.0,0.0,0.0,0.0,0.0,24
2023-05-10 21:10:33,au2312C416,au2312C416,45.86,0.0,0.0,0.0,1,39.2,57.34,1,45.86,0.0,0.0,0.0,0.0,0.0,24
2023-05-10 21:10:33,au2312C416,au2312C416,45.86,0.0,0.0,0.0,1,39.2,57.34,1,45.86,0.0,0.0,0.0,0.0,0.0,24
2023-05-10 21:10:34,au2312C416,au2312C416,45.86,0.0,0.0,0.0,1,39.2,57.32,1,45.86,0.0,0.0,0.0,0.0,0.0,24
2023-05-10 21:10:34,au2312C416,au2312C416,45.86,0.0,0.0,0.0,1,39.2,57.26,1,45.86,0.0,0.0,0.0,0.0,0.0,24
2023-05-10 21:10:35,au2312C416,au2312C416,45.86,0.0,0.0,0.0,1,39.2,57.26,1,45.86,0.0,0.0,0.0,0.0,0.0,24
2023-05-10 21:10:35,au2312C416,au2312C416,45.86,0.0,0.0,0.0,1,39.2,57.24,1,45.86,0.0,0.0,0.0,0.0,0.0,24
2023-05-10 21:10:36,au2312C416,au2312C416,45.86,0.0,0.0,0.0,1,39.2,57.18,1,45.86,0.0,0.0,0.0,0.0,0.0,24
2023-05-10 21:10:36,au2312C416,au2312C416,45.86,0.0,0.0,0.0,1,39.2,57.18,1,45.86,0.0,0.0,0.0,0.0,0.0,24
2023-05-10 21:10:37,au2312C416,au2312C416,45.86,0.0,0.0,0.0,1,39.2,57.16,1,45.86,0.0,0.0,0.0,0.0,0.0,24
2023-05-10 21:10:37,au2312C416,au2312C416,45.86,0.0,0.0,0.0,1,39.2,57.1,1,45.86,0.0,0.0,0.0,0.0,0.0,24
2023-05-10 21:10:38,au2312C416,au2312C416,45.86,0.0,0.0,0.0,1,39.2,57.1,1,45.86,0.0,0.0,0.0,0.0,0.0,24
2023-05-10 21:10:38,au2312C416,au2312C416,45.86,0.0,0.0,0.0,1,39.2,57.08,1,45.86,0.0,0.0,0.0,0.0,0.0,24
2023-05-10 21:10:39,au2312C416,au2312C416,45.86,0.0,0.0,0.0,1,39.2,57.02,1,45.86,0.0,0.0,0.0,0.0,0.0,24
2023-05-10 21:10:39,au2312C416,au2312C416,45.86,0.0,0.0,0.0,1,39.2,57.02,1,45.86,0.0,0.0,0.0,0.0,0.0,24
2023-05-10 21:10:40,au2312C416,au2312C416,45.86,0.0,0.0,0.0,1,39.2,57.0,1,45.86,0.0,0.0,0.0,0.0,0.0,24
2023-05-10 21:10:40,au2312C416,au2312C416,45.86,0.0,0.0,0.0,1,39.2,56.94,1,45.86,0.0,0.0,0.0,0.0,0.0,24
2023-05-10 21:10:41,au2312C416,au2312C416,45.86,0.0,0.0,0.0,1,39.2,56.94,1,45.86,0.0,0.0,0.0,0.0,0.0,24
2023-05-10 21:10:41,au2312C416,au2312C416,45.86,0.0,0.0,0.0,1,39.2,56.92,1,45.86,0.0,0.0,0.0,0.0,0.0,24
2023-05-10 21:10:42,au2312C416,au2312C416,45.86,0.0,0.0,0.0,1,39.2,56.86,1,45.86,0.0,0.0,0.0,0.0,0.0,24
2023-05-10 21:10:42,au2312C416,au2312C416,45.86,0.0,0.0,0.0,1,39.2,56.86,1,45.86,0.0,0.0,0.0,0.0,0.0,24
2023-05-10 21:10:43,au2312C416,au2312C416,45.86,0.0,0.0,0.0,1,39.2,56.84,1,45.86,0.0,0.0,0.0,0.0,0.0,24
2023-05-10 21:10:43,au2312C416,au2312C416,45.86,0.0,0.0,0.0,1,39.2,56.78,1,45.86,0.0,0.0,0.0,0.0,0.0,24
2023-05-10 21:10:44,au2312C416,au2312C416,45.86,0.0,0.0,0.0,1,39.2,56.78,1,45.86,0.0,0.0,0.0,0.0,0.0,24
2023-05-10 21:10:44,au2312C416,au2312C416,45.86,0.0,0.0,0.0,1,39.2,56.76,1,45.86,0.0,0.0,0.0,0.0,0.0,24
2023-05-10 21:10:45,au2312C416,au2312C416,45.86,0.0,0.0,0.0,1,39.2,56.7,1,45.86,0.0,0.0,0.0,0.0,0.0,24
2023-05-10 21:10:45,au2312C416,au2312C416,45.86,0.0,0.0,0.0,1,39.2,56.7,1,45.86,0.0,0.0,0.0,0.0,0.0,24
2023-05-10 21:10:46,au2312C416,au2312C416,45.86,0.0,0.0,0.0,1,39.2,56.68,1,45.86,0.0,0.0,0.0,0.0,0.0,24
2023-05-10 21:10:46,au2312C416,au2312C416,45.86,0.0,0.0,0.0,1,39.2,56.62,1,45.86,0.0,0.0,0.0,0.0,0.0,24
2023-05-10 21:10:47,au2312C416,au2312C416,45.86,0.0,0.0,0.0,1,39.2,56.62,1,45.86,0.0,0.0,0.0,0.0,0.0,24
2023-05-10 21:10:47,au2312C416,au2312C416,45.86,0.0,0.0,0.0,1,39.2,56.6,1,45.86,0.0,0.0,0.0,0.0,0.0,24
2023-05-10 21:10:48,au2312C416,au2312C416,45.86,0.0,0.0,0.0,1,39.2,56.54,1,45.86,0.0,0.0,0.0,0.0,0.0,24
2023-05-10 21:10:48,au2312C416,au2312C416,45.86,0.0,0.0,0.0,1,39.2,56.54,1,45.86,0.0,0.0,0.0,0.0,0.0,24
2023-05-10 21:10:49,au2312C416,au2312C416,45.86,0.0,0.0,0.0,1,39.2,56.52,1,45.86,0.0,0.0,0.0,0.0,0.0,24
2023-05-10 21:10:49,au2312C416,au2312C416,45.86,0.0,0.0,0.0,1,39.2,56.46,1,45.86,0.0,0.0,0.0,0.0,0.0,24
2023-05-10 21:10:50,au2312C416,au2312C416,45.86,0.0,0.0,0.0,1,39.2,56.46,1,45.86,0.0,0.0,0.0,0.0,0.0,24
2023-05-10 21:10:50,au2312C416,au2312C416,45.86,0.0,0.0,0.0,1,39.2,56.44,1,45.86,0.0,0.0,0.0,0.0,0.0,24
2023-05-10 21:10:51,au2312C416,au2312C416,45.86,0.0,0.0,0.0,1,39.2,56.38,1,45.86,0.0,0.0,0.0,0.0,0.0,24
2023-05-10 21:10:51,au2312C416,au2312C416,45.86,0.0,0.0,0.0,1,39.2,56.38,1,45.86,0.0,0.0,0.0,0.0,0.0,24
2023-05-10 21:10:52,au2312C416,au2312C416,45.86,0.0,0.0,0.0,1,39.2,56.36,1,45.86,0.0,0.0,0.0,0.0,0.0,24
2023-05-10 21:10:52,au2312C416,au2312C416,45.86,0.0,0.0,0.0,1,39.2,56.3,1,45.86,0.0,0.0,0.0,0.0,0.0,24
2023-05-10 21:10:53,au2312C416,au2312C416,45.86,0.0,0.0,0.0,1,39.2,56.3,1,45.86,0.0,0.0,0.0,0.0,0.0,24
2023-05-10 21:10:53,au2312C416,au2312C416,45.86,0.0,0.0,0.0,1,39.2,56.28,1,45.86,0.0,0.0,0.0,0.0,0.0,24
2023-05-10 21:10:54,au2312C416,au2312C416,45.86,0.0,0.0,0.0,1,39.2,56.22,1,45.86,0.0,0.0,0.0,0.0,0.0,24
2023-05-10 21:10:54,au2312C416,au2312C416,45.86,0.0,0.0,0.0,1,39.2,56.22,1,45.86,0.0,0.0,0.0,0.0,0.0,24
2023-05-10 21:10:55,au2312C416,au2312C416,45.86,0.0,0.0,0.0,1,39.2,56.2,1,45.86,0.0,0.0,0.0,0.0,0.0,24
2023-05-10 21:10:55,au2312C416,au2312C416,45.86,0.0,0.0,0.0,1,39.2,56.14,1,45.86,0.0,0.0,0.0,0.0,0.0,24
2023-05-10 21:10:56,au2312C416,au2312C416,45.86,0.0,0.0,0.0,1,39.2,56.14,1,45.86,0.0,0.0,0.0,0.0,0.0,24
2023-05-10 21:10:56,au2312C416,au2312C416,45.86,0.0,0.0,0.0,1,39.2,56.12,1,45.86,0.0,0.0,0.0,0.0,0.0,24
2023-05-10 21:10:57,au2312C416,au2312C416,45.86,0.0,0.0,0.0,1,39.2,56.06,1,45.86,0.0,0.0,0.0,0.0,0.0,24
2023-05-10 21:10:57,au2312C416,au2312C416,45.86,0.0,0.0,0.0,1,39.2,56.06,1,45.86,0.0,0.0,0.0,0.0,0.0,24
2023-05-10 21:10:58,au2312C416,au2312C416,45.86,0.0,0.0,0.0,1,39.2,56.04,1,45.86,0.0,0.0,0.0,0.0,0.0,24
2023-05-10 21:10:58,au2312C416,au2312C416,45.86,0.0,0.0,0.0,1,39.2,55.98,1,45.86,0.0,0.0,0.0,0.0,0.0,24
2023-05-10 21:10:59,au2312C416,au2312C416,45.86,0.0,0.0,0.0,1,39.2,55.98,1,45.86,0.0,0.0,0.0,0.0,0.0,24
2023-05-10 21:10:59,au2312C416,au2312C416,45.86,0.0,0.0,0.0,1,39.2,55.96,1,45.86,0.0,0.0,0.0,0.0,0.0,24
2023-05-10 21:11:00,au2312C416,au2312C416,45.86,0.0,0.0,0.0,1,39.2,55.9,1,45.86,0.0,0.0,0.0,0.0,0.0,24
2023-05-10 21:11:00,au2312C416,au2312C416,45.86,0.0,0.0,0.0,1,39.2,55.9,1,45.86,0.0,0.0,0.0,0.0,0.0,24
2023-05-10 21:11:01,au2312C416,au2312C416,45.86,0.0,0.0,0.0,1,39.2,55.88,1,45.86,0.0,0.0,0.0,0.0,0.0,24
2023-05-10 21:11:01,au2312C416,au2312C416,45.86,0.0,0.0,0.0,1,39.2,55.82,1,45.86,0.0,0.0,0.0,0.0,0.0,24
2023-05-10 21:11:02,au2312C416,au2312C416,45.86,0.0,0.0,0.0,1,39.2,55.82,1,45.86,0.0,0.0,0.0,0.0,0.0,24
2023-05-10 21:11:02,au2312C416,au2312C416,45.86,0.0,0.0,0.0,1,39.2,55.8,1,45.86,0.0,0.0,0.0,0.0,0.0,24
2023-05-10 21:11:03,au2312C416,au2312C416,45.86,0.0,0.0,0.0,1,39.2,55.74,1,45.86,0.0,0.0,0.0,0.0,0.0,24
2023-05-10 21:11:03,au2312C416,au2312C416,45.86,0.0,0.0,0.0,1,39.2,55.74,1,45.86,0.0,0.0,0.0,0.0,0.0,24
2023-05-10 21:11:04,au2312C416,au2312C416,45.86,0.0,0.0,0.0,1,39.2,55.72,1,45.86,0.0,0.0,0.0,0.0,0.0,24
2023-05-10 21:11:04,au2312C416,au2312C416,45.86,0.0,0.0,0.0,1,39.2,55.66,1,45.86,0.0,0.0,0.0,0.0,0.0,24
2023-05-10 21:11:05,au2312C416,au2312C416,45.86,0.0,0.0,0.0,1,39.2,55.66,1,45.86,0.0,0.0,0.0,0.0,0.0,24
2023-05-10 21:11:05,au2312C416,au2312C416,45.86,0.0,0.0,0.0,1,39.2,55.64,1,45.86,0.0,0.0,0.0,0.0,0.0,24
2023-05-10 21:11:06,au2312C416,au2312C416,45.86,0.0,0.0,0.0,1,39.2,55.58,1,45.86,0.0,0.0,0.0,0.0,0.0,24
2023-05-10 21:11:06,au2312C416,au2312C416,45.86,0.0,0.0,0.0,1,39.2,55.58,1,45.86,0.0,0.0,0.0,0.0,0.0,24
2023-05-10 21:11:07,au2312C416,au2312C416,45.86,0.0,0.0,0.0,1,39.2,55.56,1,45.86,0.0,0.0,0.0,0.0,0.0,24
2023-05-10 21:11:07,au2312C416,au2312C416,45.86,0.0,0.0,0.0,1,39.2,55.5,1,45.86,0.0,0.0,0.0,0.0,0.0,24
2023-05-10 21:11:08,au2312C416,au2312C416,45.86,0.0,0.0,0.0,1,39.2,55.5,1,45.86,0.0,0.0,0.0,0.0,0.0,24
2023-05-10 21:11:08,au2312C416,au2312C416,45.86,0.0,0.0,0.0,1,39.2,55.48,1,45.86,0.0,0.0,0.0,0.0,0.0,24
2023-05-10 21:11:09,au2312C416,au2312C416,45.86,0.0,0.0,0.0,1,39.2,55.42,1,45.86,0.0,0.0,0.0,0.0,0.0,24
2023-05-10 21:11:09,au2312C416,au2312C416,45.86,0.0,0.0,0.0,1,39.2,55.42,1,45.86,0.0,0.0,0.0,0.0,0.0,24
2023-05-10 21:11:10,au2312C416,au2312C416,45.86,0.0,0.0,0.0,1,39.2,55.4,1,45.86,0.0,0.0,0.0,0.0,0.0,24
2023-05-10 21:11:10,au2312C416,au2312C416,45.86,0.0,0.0,0.0,1,39.2,55.34,1,45.86,0.0,0.0,0.0,0.0,0.0,24
2023-05-10 21:11:11,au2312C416,au2312C416,45.86,0.0,0.0,0.0,1,39.2,55.32,1,45.86,0.0,0.0,0.0,0.0,0.0,24
2023-05-10 21:11:11,au2312C416,au2312C416,45.86,0.0,0.0,0.0,1,39.2,55.26,1,45.86,0.0,0.0,0.0,0.0,0.0,24
2023-05-10 21:11:12,au2312C416,au2312C416,45.86,0.0,0.0,0.0,1,39.2,55.24,1,45.86,0.0,0.0,0.0,0.0,0.0,24
2023-05-10 21:11:12,au2312C416,au2312C416,45.86,0.0,0.0,0.0,1,39.2,55.18,1,45.86,0.0,0.0,0.0,0.0,0.0,24
2023-05-10 21:11:13,au2312C416,au2312C416,45.86,0.0,0.0,0.0,1,39.2,55.18,1,45.86,0.0,0.0,0.0,0.0,0.0,24
2023-05-10 21:11:13,au2312C416,au2312C416,45.86,0.0,0.0,0.0,1,39.2,55.16,1,45.86,0.0,0.0,0.0,0.0,0.0,24
2023-05-10 21:11:14,au2312C416,au2312C416,45.86,0.0,0.0,0.0,1,39.2,55.1,1,45.86,0.0,0.0,0.0,0.0,0.0,24
2023-05-10 21:11:14,au2312C416,au2312C416,45.86,0.0,0.0,0.0,1,39.2,55.1,1,45.86,0.0,0.0,0.0,0.0,0.0,24
2023-05-10 21:11:15,au2312C416,au2312C416,45.86,0.0,0.0,0.0,1,39.2,55.08,1,45.86,0.0,0.0,0.0,0.0,0.0,24
2023-05-10 21:11:15,au2312C416,au2312C416,45.86,0.0,0.0,0.0,1,39.2,55.08,1,45.86,0.0,0.0,0.0,0.0,0.0,24
2023-05-10 21:32:59,au2312C416,au2312C416,45.86,0.0,0.0,0.0,1,39.22,55.08,1,45.86,0.0,0.0,0.0,0.0,0.0,24
2023-05-10 21:33:00,au2312C416,au2312C416,45.86,0.0,0.0,0.0,1,39.22,55.02,1,45.86,0.0,0.0,0.0,0.0,0.0,24
2023-05-10 21:33:00,au2312C416,au2312C416,45.86,0.0,0.0,0.0,1,39.24,55.02,1,45.86,0.0,0.0,0.0,0.0,0.0,24
2023-05-10 21:33:01,au2312C416,au2312C416,45.86,0.0,0.0,0.0,1,39.24,55.0,1,45.86,0.0,0.0,0.0,0.0,0.0,24
2023-05-10 21:33:01,au2312C416,au2312C416,45.86,0.0,0.0,0.0,1,39.24,54.94,1,45.86,0.0,0.0,0.0,0.0,0.0,24
2023-05-10 21:33:02,au2312C416,au2312C416,45.86,0.0,0.0,0.0,1,39.24,54.94,1,45.86,0.0,0.0,0.0,0.0,0.0,24
2023-05-10 21:33:02,au2312C416,au2312C416,45.86,0.0,0.0,0.0,1,39.24,54.92,1,45.86,0.0,0.0,0.0,0.0,0.0,24
2023-05-10 21:33:03,au2312C416,au2312C416,45.86,0.0,0.0,0.0,1,39.24,54.86,1,45.86,0.0,0.0,0.0,0.0,0.0,24
2023-05-10 21:33:03,au2312C416,au2312C416,45.86,0.0,0.0,0.0,1,39.24,54.86,1,45.86,0.0,0.0,0.0,0.0,0.0,24
2023-05-10 21:33:04,au2312C416,au2312C416,45.86,0.0,0.0,0.0,1,39.24,54.84,1,45.86,0.0,0.0,0.0,0.0,0.0,24
2023-05-10 21:33:04,au2312C416,au2312C416,45.86,0.0,0.0,0.0,1,39.24,54.78,1,45.86,0.0,0.0,0.0,0.0,0.0,24
2023-05-10 21:33:05,au2312C416,au2312C416,45.86,0.0,0.0,0.0,1,39.24,54.78,1,45.86,0.0,0.0,0.0,0.0,0.0,24
2023-05-10 21:33:05,au2312C416,au2312C416,45.86,0.0,0.0,0.0,1,39.24,54.76,1,45.86,0.0,0.0,0.0,0.0,0.0,24
2023-05-10 21:33:06,au2312C416,au2312C416,45.86,0.0,0.0,0.0,1,39.24,54.7,1,45.86,0.0,0.0,0.0,0.0,0.0,24
2023-05-10 21:33:06,au2312C416,au2312C416,45.86,0.0,0.0,0.0,1,39.24,54.7,1,45.86,0.0,0.0,0.0,0.0,0.0,24
2023-05-10 21:33:07,au2312C416,au2312C416,45.86,0.0,0.0,0.0,1,39.24,54.68,1,45.86,0.0,0.0,0.0,0.0,0.0,24
2023-05-10 21:33:07,au2312C416,au2312C416,45.86,0.0,0.0,0.0,1,39.24,54.68,1,45.86,0.0,0.0,0.0,0.0,0.0,24
2023-05-10 21:59:38,au2312C416,au2312C416,45.86,0.0,0.0,0.0,1,39.24,54.68,1,45.86,0.0,0.0,0.0,0.0,0.0,24
2023-05-10 22:04:55,au2312C416,au2312C416,45.86,0.0,0.0,0.0,1,39.26,54.68,1,45.86,0.0,0.0,0.0,0.0,0.0,24
2023-05-10 22:04:56,au2312C416,au2312C416,45.86,0.0,0.0,0.0,1,39.26,54.68,1,45.86,0.0,0.0,0.0,0.0,0.0,24
2023-05-10 22:04:56,au2312C416,au2312C416,45.86,0.0,0.0,0.0,1,39.28,54.68,1,45.86,0.0,0.0,0.0,0.0,0.0,24
2023-05-10 22:10:54,au2312C416,au2312C416,45.86,0.0,0.0,0.0,1,39.28,54.68,2,45.86,0.0,0.0,0.0,0.0,0.0,24
2023-05-10 22:25:33,au2312C416,au2312C416,45.86,0.0,0.0,0.0,1,39.28,54.68,2,45.86,0.0,0.0,0.0,0.0,0.0,24
2023-05-10 22:40:22,au2312C416,au2312C416,45.86,0.0,0.0,0.0,1,39.3,54.68,2,45.86,0.0,0.0,0.0,0.0,0.0,24
2023-05-10 22:40:22,au2312C416,au2312C416,45.86,0.0,0.0,0.0,1,39.3,54.62,1,45.86,0.0,0.0,0.0,0.0,0.0,24
2023-05-10 22:40:23,au2312C416,au2312C416,45.86,0.0,0.0,0.0,1,39.32,54.62,1,45.86,0.0,0.0,0.0,0.0,0.0,24
2023-05-10 22:40:23,au2312C416,au2312C416,45.86,0.0,0.0,0.0,1,39.32,54.6,1,45.86,0.0,0.0,0.0,0.0,0.0,24
2023-05-10 22:40:24,au2312C416,au2312C416,45.86,0.0,0.0,0.0,1,39.32,54.6,1,45.86,0.0,0.0,0.0,0.0,0.0,24
2023-05-10 22:48:59,au2312C416,au2312C416,45.86,0.0,0.0,0.0,1,39.32,54.6,1,45.86,0.0,0.0,0.0,0.0,0.0,24
2023-05-10 22:53:52,au2312C416,au2312C416,45.86,0.0,0.0,0.0,1,39.3,54.68,1,45.86,0.0,0.0,0.0,0.0,0.0,24
2023-05-10 22:53:52,au2312C416,au2312C416,45.86,0.0,0.0,0.0,1,39.3,54.62,1,45.86,0.0,0.0,0.0,0.0,0.0,24
2023-05-10 23:00:05,au2312C416,au2312C416,45.86,0.0,0.0,0.0,1,39.32,54.6,1,45.86,0.0,0.0,0.0,0.0,0.0,24
2023-05-10 23:00:06,au2312C416,au2312C416,45.86,0.0,0.0,0.0,1,39.32,54.54,1,45.86,0.0,0.0,0.0,0.0,0.0,24
2023-05-10 23:00:06,au2312C416,au2312C416,45.86,0.0,0.0,0.0,1,39.32,54.54,1,45.86,0.0,0.0,0.0,0.0,0.0,24
2023-05-10 23:00:07,au2312C416,au2312C416,45.86,0.0,0.0,0.0,1,39.32,54.52,1,45.86,0.0,0.0,0.0,0.0,0.0,24
2023-05-10 23:00:07,au2312C416,au2312C416,45.86,0.0,0.0,0.0,1,39.32,54.46,1,45.86,0.0,0.0,0.0,0.0,0.0,24
2023-05-10 23:00:08,au2312C416,au2312C416,45.86,0.0,0.0,0.0,1,39.32,54.46,1,45.86,0.0,0.0,0.0,0.0,0.0,24
2023-05-10 23:00:08,au2312C416,au2312C416,45.86,0.0,0.0,0.0,1,39.32,54.44,1,45.86,0.0,0.0,0.0,0.0,0.0,24
2023-05-10 23:00:09,au2312C416,au2312C416,45.86,0.0,0.0,0.0,1,39.32,54.38,1,45.86,0.0,0.0,0.0,0.0,0.0,24
2023-05-10 23:00:09,au2312C416,au2312C416,45.86,0.0,0.0,0.0,1,39.32,54.38,1,45.86,0.0,0.0,0.0,0.0,0.0,24
2023-05-10 23:00:10,au2312C416,au2312C416,45.86,0.0,0.0,0.0,1,39.32,54.36,1,45.86,0.0,0.0,0.0,0.0,0.0,24
2023-05-10 23:00:10,au2312C416,au2312C416,45.86,0.0,0.0,0.0,1,39.32,54.3,1,45.86,0.0,0.0,0.0,0.0,0.0,24
2023-05-10 23:00:11,au2312C416,au2312C416,45.86,0.0,0.0,0.0,1,39.32,54.3,1,45.86,0.0,0.0,0.0,0.0,0.0,24
2023-05-10 23:00:11,au2312C416,au2312C416,45.86,0.0,0.0,0.0,1,39.32,54.28,1,45.86,0.0,0.0,0.0,0.0,0.0,24
2023-05-10 23:00:12,au2312C416,au2312C416,45.86,0.0,0.0,0.0,1,39.32,54.22,1,45.86,0.0,0.0,0.0,0.0,0.0,24
2023-05-10 23:00:12,au2312C416,au2312C416,45.86,0.0,0.0,0.0,1,39.32,54.22,1,45.86,0.0,0.0,0.0,0.0,0.0,24
2023-05-10 23:00:13,au2312C416,au2312C416,45.86,0.0,0.0,0.0,1,39.32,54.2,1,45.86,0.0,0.0,0.0,0.0,0.0,24
2023-05-10 23:00:13,au2312C416,au2312C416,45.86,0.0,0.0,0.0,1,39.32,54.14,1,45.86,0.0,0.0,0.0,0.0,0.0,24
2023-05-10 23:00:14,au2312C416,au2312C416,45.86,0.0,0.0,0.0,1,39.32,54.14,1,45.86,0.0,0.0,0.0,0.0,0.0,24
2023-05-10 23:00:14,au2312C416,au2312C416,45.86,0.0,0.0,0.0,1,39.32,54.12,1,45.86,0.0,0.0,0.0,0.0,0.0,24
2023-05-10 23:00:15,au2312C416,au2312C416,45.86,0.0,0.0,0.0,1,39.32,54.12,1,45.86,0.0,0.0,0.0,0.0,0.0,24
2023-05-10 23:10:22,au2312C416,au2312C416,45.86,0.0,0.0,0.0,1,39.34,54.12,1,45.86,0.0,0.0,0.0,0.0,0.0,24
2023-05-10 23:10:22,au2312C416,au2312C416,45.86,0.0,0.0,0.0,1,39.34,54.06,1,45.86,0.0,0.0,0.0,0.0,0.0,24
2023-05-10 23:10:23,au2312C416,au2312C416,45.86,0.0,0.0,0.0,1,39.36,54.06,1,45.86,0.0,0.0,0.0,0.0,0.0,24
2023-05-10 23:10:23,au2312C416,au2312C416,45.86,0.0,0.0,0.0,1,39.36,54.04,1,45.86,0.0,0.0,0.0,0.0,0.0,24
2023-05-10 23:10:24,au2312C416,au2312C416,45.86,0.0,0.0,0.0,1,39.36,53.98,1,45.86,0.0,0.0,0.0,0.0,0.0,24
2023-05-10 23:10:24,au2312C416,au2312C416,45.86,0.0,0.0,0.0,1,39.36,53.98,1,45.86,0.0,0.0,0.0,0.0,0.0,24
2023-05-10 23:10:25,au2312C416,au2312C416,45.86,0.0,0.0,0.0,1,39.36,53.96,1,45.86,0.0,0.0,0.0,0.0,0.0,24
