time,symbol_id,symbol_name,last,trade_volume,trade_amount,open_interest_change,bv1,bp1,ap1,av1,yesterday_close,today_open,today_high,today_low,volume,amount,open_interest
2023-05-10 20:59:00,au2312P364,au2312P364,0.7,0.0,0.0,0.0,51,0.02,0.0,0,0.7,0.0,0.0,0.0,0.0,0.0,168
2023-05-10 21:00:00,au2312P364,au2312P364,0.7,0.0,0.0,0.0,2,0.38,0.0,0,0.7,0.0,0.0,0.0,0.0,0.0,168
2023-05-10 21:00:02,au2312P364,au2312P364,0.7,0.0,0.0,0.0,2,0.38,9.82,2,0.7,0.0,0.0,0.0,0.0,0.0,168
2023-05-10 21:00:20,au2312P364,au2312P364,0.7,0.0,0.0,0.0,2,0.4,9.82,2,0.7,0.0,0.0,0.0,0.0,0.0,168
2023-05-10 21:00:50,au2312P364,au2312P364,0.7,0.0,0.0,0.0,2,0.4,0.0,0,0.7,0.0,0.0,0.0,0.0,0.0,168
2023-05-10 21:00:51,au2312P364,au2312P364,0.7,0.0,0.0,0.0,2,0.4,0.0,0,0.7,0.0,0.0,0.0,0.0,0.0,168
2023-05-10 21:00:52,au2312P364,au2312P364,0.7,0.0,0.0,0.0,2,0.4,9.8,1,0.7,0.0,0.0,0.0,0.0,0.0,168
2023-05-10 21:01:08,au2312P364,au2312P364,0.7,0.0,0.0,0.0,1,0.6,0.7,1,0.7,0.0,0.0,0.0,0.0,0.0,168
2023-05-10 21:01:17,au2312P364,au2312P364,0.7,0.0,0.0,0.0,1,0.62,0.7,1,0.7,0.0,0.0,0.0,0.0,0.0,168
2023-05-10 21:01:19,au2312P364,au2312P364,0.7,0.0,0.0,0.0,1,0.62,0.7,1,0.7,0.0,0.0,0.0,0.0,0.0,168
2023-05-10 21:01:25,au2312P364,au2312P364,0.7,0.0,0.0,0.0,2,0.62,0.7,1,0.7,0.0,0.0,0.0,0.0,0.0,168
2023-05-10 21:01:30,au2312P364,au2312P364,0.7,0.0,0.0,0.0,2,0.62,0.7,1,0.7,0.0,0.0,0.0,0.0,0.0,168
2023-05-10 21:01:37,au2312P364,au2312P364,0.7,0.0,0.0,0.0,2,0.62,0.7,1,0.7,0.0,0.0,0.0,0.0,0.0,168
2023-05-10 21:02:36,au2312P364,au2312P364,0.7,0.0,0.0,0.0,1,0.64,0.7,1,0.7,0.0,0.0,0.0,0.0,0.0,168
2023-05-10 21:06:37,au2312P364,au2312P364,0.7,0.0,0.0,0.0,1,0.64,0.72,1,0.7,0.0,0.0,0.0,0.0,0.0,168
2023-05-10 21:09:10,au2312P364,au2312P364,0.7,0.0,0.0,0.0,3,0.64,0.72,1,0.7,0.0,0.0,0.0,0.0,0.0,168
2023-05-10 21:09:12,au2312P364,au2312P364,0.7,0.0,0.0,0.0,1,0.66,0.72,1,0.7,0.0,0.0,0.0,0.0,0.0,168
2023-05-10 21:13:35,au2312P364,au2312P364,0.7,0.0,0.0,0.0,1,0.66,9.8,1,0.7,0.0,0.0,0.0,0.0,0.0,168
2023-05-10 21:13:35,au2312P364,au2312P364,0.7,0.0,0.0,0.0,1,0.66,9.74,1,0.7,0.0,0.0,0.0,0.0,0.0,168
2023-05-10 21:13:36,au2312P364,au2312P364,0.7,0.0,0.0,0.0,1,0.66,0.74,1,0.7,0.0,0.0,0.0,0.0,0.0,168
2023-05-10 21:13:36,au2312P364,au2312P364,0.7,0.0,0.0,0.0,1,0.66,0.74,1,0.7,0.0,0.0,0.0,0.0,0.0,168
2023-05-10 21:15:14,au2312P364,au2312P364,0.7,0.0,0.0,0.0,1,0.66,0.74,1,0.7,0.0,0.0,0.0,0.0,0.0,168
2023-05-10 21:15:40,au2312P364,au2312P364,0.7,0.0,0.0,0.0,1,0.68,0.74,1,0.7,0.0,0.0,0.0,0.0,0.0,168
2023-05-10 21:16:04,au2312P364,au2312P364,0.7,0.0,0.0,0.0,1,0.68,0.7,2,0.7,0.0,0.0,0.0,0.0,0.0,168
2023-05-10 21:16:04,au2312P364,au2312P364,0.7,0.0,0.0,0.0,1,0.68,0.7,2,0.7,0.0,0.0,0.0,0.0,0.0,168
2023-05-10 21:30:56,au2312P364,au2312P364,0.7,0.0,0.0,0.0,1,0.66,0.7,2,0.7,0.0,0.0,0.0,0.0,0.0,168
2023-05-10 22:33:20,au2312P364,au2312P364,0.7,0.0,0.0,0.0,1,0.66,0.7,2,0.7,0.0,0.0,0.0,0.0,0.0,168
2023-05-10 22:34:19,au2312P364,au2312P364,0.7,0.0,0.0,0.0,1,0.66,0.7,2,0.7,0.0,0.0,0.0,0.0,0.0,168
2023-05-10 22:38:36,au2312P364,au2312P364,0.7,0.0,0.0,0.0,1,0.66,0.7,2,0.7,0.0,0.0,0.0,0.0,0.0,168
2023-05-10 22:38:40,au2312P364,au2312P364,0.7,0.0,0.0,0.0,1,0.68,0.7,2,0.7,0.0,0.0,0.0,0.0,0.0,168
2023-05-10 22:51:27,au2312P364,au2312P364,0.7,0.0,0.0,0.0,1,0.68,0.7,2,0.7,0.0,0.0,0.0,0.0,0.0,168
2023-05-10 23:12:10,au2312P364,au2312P364,0.7,0.0,0.0,0.0,1,0.68,0.7,2,0.7,0.0,0.0,0.0,0.0,0.0,168
2023-05-10 23:18:09,au2312P364,au2312P364,0.7,0.0,0.0,0.0,1,0.62,0.7,2,0.7,0.0,0.0,0.0,0.0,0.0,168
2023-05-10 23:18:27,au2312P364,au2312P364,0.7,0.0,0.0,0.0,1,0.62,0.7,2,0.7,0.0,0.0,0.0,0.0,0.0,168
2023-05-10 23:18:29,au2312P364,au2312P364,0.7,0.0,0.0,0.0,1,0.68,0.7,2,0.7,0.0,0.0,0.0,0.0,0.0,168
2023-05-10 23:23:07,au2312P364,au2312P364,0.7,0.0,0.0,0.0,1,0.66,0.7,2,0.7,0.0,0.0,0.0,0.0,0.0,168
2023-05-10 23:25:54,au2312P364,au2312P364,0.7,0.0,0.0,0.0,1,0.62,0.7,2,0.7,0.0,0.0,0.0,0.0,0.0,168
2023-05-10 23:26:28,au2312P364,au2312P364,0.7,0.0,0.0,0.0,1,0.62,0.7,2,0.7,0.0,0.0,0.0,0.0,0.0,168
2023-05-10 23:27:07,au2312P364,au2312P364,0.7,0.0,0.0,0.0,1,0.66,0.7,2,0.7,0.0,0.0,0.0,0.0,0.0,168
2023-05-10 23:31:36,au2312P364,au2312P364,0.7,0.0,0.0,0.0,1,0.62,0.7,2,0.7,0.0,0.0,0.0,0.0,0.0,168
2023-05-10 23:31:41,au2312P364,au2312P364,0.7,0.0,0.0,0.0,1,0.62,0.7,2,0.7,0.0,0.0,0.0,0.0,0.0,168
2023-05-10 23:35:40,au2312P364,au2312P364,0.7,0.0,0.0,0.0,1,0.64,0.7,2,0.7,0.0,0.0,0.0,0.0,0.0,168
2023-05-11 00:55:55,au2312P364,au2312P364,0.7,0.0,0.0,0.0,1,0.64,0.7,2,0.7,0.0,0.0,0.0,0.0,0.0,168
2023-05-11 00:57:10,au2312P364,au2312P364,0.7,0.0,0.0,0.0,1,0.64,0.7,2,0.7,0.0,0.0,0.0,0.0,0.0,168
2023-05-11 01:01:42,au2312P364,au2312P364,0.7,0.0,0.0,0.0,1,0.64,0.7,2,0.7,0.0,0.0,0.0,0.0,0.0,168
2023-05-11 09:00:00,au2312P364,au2312P364,0.7,0.0,0.0,0.0,1,0.64,0.7,2,0.7,0.0,0.0,0.0,0.0,0.0,168
2023-05-11 09:01:22,au2312P364,au2312P364,0.7,0.0,0.0,0.0,1,0.64,0.7,2,0.7,0.0,0.0,0.0,0.0,0.0,168
2023-05-11 09:02:01,au2312P364,au2312P364,0.7,0.0,0.0,0.0,1,0.64,0.7,2,0.7,0.0,0.0,0.0,0.0,0.0,168
2023-05-11 09:06:01,au2312P364,au2312P364,0.7,0.0,0.0,0.0,1,0.64,0.7,3,0.7,0.0,0.0,0.0,0.0,0.0,168
2023-05-11 09:10:13,au2312P364,au2312P364,0.7,0.0,0.0,0.0,1,0.64,0.7,2,0.7,0.0,0.0,0.0,0.0,0.0,168
2023-05-11 09:10:17,au2312P364,au2312P364,0.7,0.0,0.0,0.0,1,0.64,0.7,2,0.7,0.0,0.0,0.0,0.0,0.0,168
2023-05-11 09:10:28,au2312P364,au2312P364,0.7,0.0,0.0,0.0,1,0.64,0.7,2,0.7,0.0,0.0,0.0,0.0,0.0,168
2023-05-11 09:10:56,au2312P364,au2312P364,0.7,0.0,0.0,0.0,1,0.64,0.7,2,0.7,0.0,0.0,0.0,0.0,0.0,168
2023-05-11 09:10:57,au2312P364,au2312P364,0.7,0.0,0.0,0.0,1,0.64,0.7,2,0.7,0.0,0.0,0.0,0.0,0.0,168
2023-05-11 09:12:54,au2312P364,au2312P364,0.7,0.0,0.0,0.0,1,0.64,0.7,3,0.7,0.0,0.0,0.0,0.0,0.0,168
2023-05-11 09:21:35,au2312P364,au2312P364,0.7,0.0,0.0,0.0,1,0.64,0.7,3,0.7,0.0,0.0,0.0,0.0,0.0,168
2023-05-11 09:25:22,au2312P364,au2312P364,0.7,0.0,0.0,0.0,1,0.64,0.7,3,0.7,0.0,0.0,0.0,0.0,0.0,168
2023-05-11 09:28:14,au2312P364,au2312P364,0.7,0.0,0.0,0.0,2,0.64,0.7,3,0.7,0.0,0.0,0.0,0.0,0.0,168
2023-05-11 09:33:02,au2312P364,au2312P364,0.7,0.0,0.0,0.0,2,0.64,0.7,3,0.7,0.0,0.0,0.0,0.0,0.0,168
2023-05-11 10:06:48,au2312P364,au2312P364,0.7,0.0,0.0,0.0,1,0.64,0.7,3,0.7,0.0,0.0,0.0,0.0,0.0,168
2023-05-11 10:14:29,au2312P364,au2312P364,0.7,0.0,0.0,0.0,1,0.64,0.7,3,0.7,0.0,0.0,0.0,0.0,0.0,168
2023-05-11 10:30:00,au2312P364,au2312P364,0.7,0.0,0.0,0.0,1,0.64,0.7,3,0.7,0.0,0.0,0.0,0.0,0.0,168
2023-05-11 10:30:01,au2312P364,au2312P364,0.7,0.0,0.0,0.0,1,0.64,0.7,3,0.7,0.0,0.0,0.0,0.0,0.0,168
2023-05-11 10:57:01,au2312P364,au2312P364,0.7,0.0,0.0,0.0,2,0.64,0.7,3,0.7,0.0,0.0,0.0,0.0,0.0,168
2023-05-11 11:29:25,au2312P364,au2312P364,0.7,0.0,0.0,0.0,1,0.64,0.7,2,0.7,0.0,0.0,0.0,0.0,0.0,168
2023-05-11 13:44:10,au2312P364,au2312P364,0.7,0.0,0.0,0.0,1,0.64,0.68,1,0.7,0.0,0.0,0.0,0.0,0.0,168
2023-05-11 13:45:24,au2312P364,au2312P364,0.7,0.0,0.0,0.0,2,0.62,0.68,1,0.7,0.0,0.0,0.0,0.0,0.0,168
2023-05-11 14:33:25,au2312P364,au2312P364,0.7,0.0,0.0,0.0,2,0.62,0.7,3,0.7,0.0,0.0,0.0,0.0,0.0,168
2023-05-11 14:33:40,au2312P364,au2312P364,0.7,0.0,0.0,0.0,1,0.64,0.7,3,0.7,0.0,0.0,0.0,0.0,0.0,168
2023-05-11 14:58:54,au2312P364,au2312P364,0.7,0.0,0.0,0.0,1,0.62,0.7,2,0.7,0.0,0.0,0.0,0.0,0.0,168
2023-05-11 15:18:18,au2312P364,au2312P364,0.7,0.0,0.0,0.0,1,0.62,0.7,2,0.7,0.0,0.0,0.0,0.0,0.0,168
