time,symbol_id,symbol_name,last,trade_volume,trade_amount,open_interest_change,bv1,bp1,ap1,av1,yesterday_close,today_open,today_high,today_low,volume,amount,open_interest
2023-05-11 09:29:00,IF2306,IF2306,3991.4,45.0,53883900.0,-39.0,2,3991.2,3992.0,2,3985.2,3991.4,3991.4,3991.4,45.0,53883900.0,89820
2023-05-11 09:30:00,IF2306,IF2306,3993.2,20.0,23961900.0,-10.0,4,3993.2,3996.0,6,3985.2,3991.4,3995.0,3991.4,65.0,77845800.0,89810
2023-05-11 09:30:00,IF2306,IF2306,3993.4,14.0,16774980.0,-9.0,4,3993.4,3995.8,4,3985.2,3991.4,3995.4,3991.4,79.0,94620780.0,89801
2023-05-11 09:30:01,IF2306,IF2306,3994.4,6.0,7190220.0,-3.0,2,3994.4,3995.0,1,3985.2,3991.4,3995.4,3991.4,85.0,101811000.0,89798
2023-05-11 09:30:01,IF2306,IF2306,3994.4,16.0,19171740.0,-8.0,10,3993.2,3994.4,1,3985.2,3991.4,3995.4,3991.4,101.0,120982740.0,89790
2023-05-11 09:30:02,IF2306,IF2306,3993.8,2.0,2396460.0,-2.0,2,3993.4,3994.0,1,3985.2,3991.4,3995.4,3991.4,103.0,123379200.0,89788
2023-05-11 09:30:02,IF2306,IF2306,3993.8,8.0,9584760.0,-3.0,9,3993.2,3993.8,5,3985.2,3991.4,3995.4,3991.4,111.0,132963960.0,89785
2023-05-11 09:30:03,IF2306,IF2306,3993.2,13.0,15574560.0,-7.0,5,3993.2,3993.6,2,3985.2,3991.4,3995.4,3991.4,124.0,148538520.0,89778
2023-05-11 09:30:03,IF2306,IF2306,3993.6,14.0,16773480.0,-10.0,1,3993.6,3994.6,2,3985.2,3991.4,3995.4,3991.4,138.0,165312000.0,89768
2023-05-11 09:30:04,IF2306,IF2306,3994.0,7.0,8387400.0,-7.0,3,3994.0,3994.2,1,3985.2,3991.4,3995.4,3991.4,145.0,173699400.0,89761
2023-05-11 09:30:04,IF2306,IF2306,3994.6,5.0,5991180.0,-4.0,2,3994.0,3994.6,1,3985.2,3991.4,3995.4,3991.4,150.0,179690580.0,89757
2023-05-11 09:30:05,IF2306,IF2306,3994.2,13.0,15579060.0,-8.0,1,3994.6,3995.0,5,3985.2,3991.4,3995.4,3991.4,163.0,195269640.0,89749
2023-05-11 09:30:05,IF2306,IF2306,3994.8,3.0,3594960.0,-2.0,4,3994.6,3995.0,6,3985.2,3991.4,3995.4,3991.4,166.0,198864600.0,89747
2023-05-11 09:30:06,IF2306,IF2306,3995.0,10.0,11984220.0,-4.0,2,3994.0,3995.0,2,3985.2,3991.4,3995.4,3991.4,176.0,210848820.0,89743
2023-05-11 09:30:06,IF2306,IF2306,3994.2,7.0,8388180.0,-5.0,6,3994.0,3994.8,1,3985.2,3991.4,3995.4,3991.4,183.0,219237000.0,89738
2023-05-11 09:30:07,IF2306,IF2306,3995.0,11.0,13180740.0,-7.0,1,3994.8,3995.4,1,3985.2,3991.4,3995.4,3991.4,194.0,232417740.0,89731
2023-05-11 09:30:07,IF2306,IF2306,3994.8,2.0,2396880.0,-2.0,3,3993.8,3994.6,1,3985.2,3991.4,3995.4,3991.4,196.0,234814620.0,89729
2023-05-11 09:30:08,IF2306,IF2306,3994.6,2.0,2396580.0,-1.0,5,3993.6,3993.8,15,3985.2,3991.4,3995.4,3991.4,198.0,237211200.0,89728
2023-05-11 09:30:08,IF2306,IF2306,3993.8,13.0,15575520.0,-2.0,9,3993.2,3993.8,7,3985.2,3991.4,3995.4,3991.4,211.0,252786720.0,89726
2023-05-11 09:30:09,IF2306,IF2306,3993.8,1.0,1198140.0,0.0,9,3993.2,3993.8,6,3985.2,3991.4,3995.4,3991.4,212.0,253984860.0,89726
2023-05-11 09:30:09,IF2306,IF2306,3993.8,4.0,4792020.0,-1.0,7,3993.2,3993.8,5,3985.2,3991.4,3995.4,3991.4,216.0,258776880.0,89725
2023-05-11 09:30:10,IF2306,IF2306,3993.6,1.0,1198080.0,-1.0,7,3993.2,3993.8,5,3985.2,3991.4,3995.4,3991.4,217.0,259974960.0,89724
2023-05-11 09:30:10,IF2306,IF2306,3993.6,3.0,3594180.0,0.0,6,3993.2,3993.8,4,3985.2,3991.4,3995.4,3991.4,220.0,263569140.0,89724
2023-05-11 09:30:11,IF2306,IF2306,3993.8,10.0,11980080.0,-2.0,1,3993.0,3993.2,22,3985.2,3991.4,3995.4,3991.4,230.0,275549220.0,89722
2023-05-11 09:30:11,IF2306,IF2306,3993.0,4.0,4791660.0,1.0,1,3992.8,3993.0,1,3985.2,3991.4,3995.4,3991.4,234.0,280340880.0,89723
2023-05-11 09:30:12,IF2306,IF2306,3993.0,53.0,63491580.0,1.0,13,3993.0,3994.0,2,3985.2,3991.4,3995.4,3991.4,287.0,343832460.0,89724
2023-05-11 09:30:12,IF2306,IF2306,3993.0,18.0,21562140.0,6.0,1,3992.4,3992.8,4,3985.2,3991.4,3995.4,3991.4,305.0,365394600.0,89730
2023-05-11 09:30:13,IF2306,IF2306,3993.8,5.0,5989620.0,1.0,4,3993.0,3994.0,2,3985.2,3991.4,3995.4,3991.4,310.0,371384220.0,89731
2023-05-11 09:30:13,IF2306,IF2306,3993.2,2.0,2395920.0,-2.0,2,3993.2,3994.0,2,3985.2,3991.4,3995.4,3991.4,312.0,373780140.0,89729
2023-05-11 09:30:14,IF2306,IF2306,3993.4,3.0,3594300.0,-1.0,2,3993.4,3994.0,4,3985.2,3991.4,3995.4,3991.4,315.0,377374440.0,89728
2023-05-11 09:30:14,IF2306,IF2306,3993.6,7.0,8387160.0,-4.0,1,3993.8,3994.2,3,3985.2,3991.4,3995.4,3991.4,322.0,385761600.0,89724
2023-05-11 09:30:15,IF2306,IF2306,3993.8,2.0,2396280.0,-2.0,1,3993.4,3994.0,3,3985.2,3991.4,3995.4,3991.4,324.0,388157880.0,89722
2023-05-11 09:30:15,IF2306,IF2306,3992.8,10.0,11979060.0,1.0,3,3992.6,3993.0,1,3985.2,3991.4,3995.4,3991.4,334.0,400136940.0,89723
2023-05-11 09:30:16,IF2306,IF2306,3993.4,18.0,21562980.0,-14.0,1,3992.6,3993.8,3,3985.2,3991.4,3995.4,3991.4,352.0,421699920.0,89709
2023-05-11 09:30:16,IF2306,IF2306,3993.4,0.0,0.0,0.0,2,3992.2,3993.0,1,3985.2,3991.4,3995.4,3991.4,352.0,421699920.0,89709
2023-05-11 09:30:17,IF2306,IF2306,3993.0,11.0,13176900.0,-7.0,4,3992.4,3993.2,1,3985.2,3991.4,3995.4,3991.4,363.0,434876820.0,89702
2023-05-11 09:30:17,IF2306,IF2306,3993.8,10.0,11979780.0,0.0,1,3993.8,3994.0,2,3985.2,3991.4,3995.4,3991.4,373.0,446856600.0,89702
2023-05-11 09:30:18,IF2306,IF2306,3993.2,4.0,4791840.0,-1.0,4,3992.6,3993.6,2,3985.2,3991.4,3995.4,3991.4,377.0,451648440.0,89701
2023-05-11 09:30:18,IF2306,IF2306,3992.8,1.0,1197840.0,-1.0,3,3992.8,3993.4,2,3985.2,3991.4,3995.4,3991.4,378.0,452846280.0,89700
2023-05-11 09:30:19,IF2306,IF2306,3993.4,1.0,1198020.0,1.0,2,3993.4,3993.8,2,3985.2,3991.4,3995.4,3991.4,379.0,454044300.0,89701
2023-05-11 09:30:19,IF2306,IF2306,3993.4,0.0,0.0,0.0,4,3993.6,3993.8,2,3985.2,3991.4,3995.4,3991.4,379.0,454044300.0,89701
2023-05-11 09:30:20,IF2306,IF2306,3993.6,4.0,4792320.0,-3.0,1,3993.2,3993.6,2,3985.2,3991.4,3995.4,3991.4,383.0,458836620.0,89698
2023-05-11 09:30:20,IF2306,IF2306,3994.0,8.0,9584280.0,2.0,2,3994.0,3994.8,1,3985.2,3991.4,3995.4,3991.4,391.0,468420900.0,89700
2023-05-11 09:30:21,IF2306,IF2306,3994.0,2.0,2396400.0,0.0,4,3992.8,3993.4,5,3985.2,3991.4,3995.4,3991.4,393.0,470817300.0,89700
2023-05-11 09:30:21,IF2306,IF2306,3994.2,6.0,7188360.0,-6.0,1,3993.8,3994.6,2,3985.2,3991.4,3995.4,3991.4,399.0,478005660.0,89694
2023-05-11 09:30:22,IF2306,IF2306,3994.0,5.0,5991360.0,-5.0,1,3993.8,3994.4,1,3985.2,3991.4,3995.4,3991.4,404.0,483997020.0,89689
2023-05-11 09:30:22,IF2306,IF2306,3993.8,3.0,3594480.0,-3.0,5,3993.4,3994.2,3,3985.2,3991.4,3995.4,3991.4,407.0,487591500.0,89686
2023-05-11 09:30:23,IF2306,IF2306,3993.4,5.0,5990100.0,-5.0,1,3993.2,3994.0,2,3985.2,3991.4,3995.4,3991.4,412.0,493581600.0,89681
2023-05-11 09:30:23,IF2306,IF2306,3994.0,2.0,2396160.0,-1.0,3,3993.4,3994.0,1,3985.2,3991.4,3995.4,3991.4,414.0,495977760.0,89680
2023-05-11 09:30:24,IF2306,IF2306,3994.2,5.0,5990520.0,-3.0,2,3993.0,3994.4,1,3985.2,3991.4,3995.4,3991.4,419.0,501968280.0,89677
2023-05-11 09:30:24,IF2306,IF2306,3994.0,5.0,5991000.0,-4.0,12,3994.0,3994.2,6,3985.2,3991.4,3995.4,3991.4,424.0,507959280.0,89673
2023-05-11 09:30:25,IF2306,IF2306,3993.2,14.0,16774560.0,-13.0,2,3993.0,3993.4,1,3985.2,3991.4,3995.4,3991.4,438.0,524733840.0,89660
2023-05-11 09:30:25,IF2306,IF2306,3994.4,6.0,7189020.0,-6.0,6,3994.4,3994.6,4,3985.2,3991.4,3995.4,3991.4,444.0,531922860.0,89654
2023-05-11 09:30:26,IF2306,IF2306,3993.4,7.0,8387940.0,-7.0,3,3993.4,3993.6,7,3985.2,3991.4,3995.4,3991.4,451.0,540310800.0,89647
2023-05-11 09:30:26,IF2306,IF2306,3993.6,6.0,7188300.0,-3.0,1,3993.4,3994.2,1,3985.2,3991.4,3995.4,3991.4,457.0,547499100.0,89644
2023-05-11 09:30:27,IF2306,IF2306,3993.4,1.0,1198020.0,1.0,1,3993.2,3994.0,1,3985.2,3991.4,3995.4,3991.4,458.0,548697120.0,89645
2023-05-11 09:30:27,IF2306,IF2306,3993.4,0.0,0.0,0.0,2,3993.4,3994.0,1,3985.2,3991.4,3995.4,3991.4,458.0,548697120.0,89645
2023-05-11 09:30:28,IF2306,IF2306,3993.2,2.0,2396160.0,0.0,2,3993.0,3994.4,2,3985.2,3991.4,3995.4,3991.4,460.0,551093280.0,89645
2023-05-11 09:30:29,IF2306,IF2306,3993.2,0.0,0.0,0.0,2,3993.2,3993.4,3,3985.2,3991.4,3995.4,3991.4,460.0,551093280.0,89645
2023-05-11 09:30:29,IF2306,IF2306,3993.4,3.0,3594060.0,-3.0,2,3994.0,3994.2,4,3985.2,3991.4,3995.4,3991.4,463.0,554687340.0,89642
2023-05-11 09:30:30,IF2306,IF2306,3994.0,2.0,2396400.0,-1.0,2,3993.0,3994.4,2,3985.2,3991.4,3995.4,3991.4,465.0,557083740.0,89641
2023-05-11 09:30:30,IF2306,IF2306,3993.4,2.0,2396040.0,-1.0,1,3993.4,3994.2,1,3985.2,3991.4,3995.4,3991.4,467.0,559479780.0,89640
2023-05-11 09:30:31,IF2306,IF2306,3993.4,0.0,0.0,0.0,1,3993.2,3994.0,2,3985.2,3991.4,3995.4,3991.4,467.0,559479780.0,89640
2023-05-11 09:30:31,IF2306,IF2306,3993.4,0.0,0.0,0.0,1,3993.2,3994.2,1,3985.2,3991.4,3995.4,3991.4,467.0,559479780.0,89640
2023-05-11 09:30:32,IF2306,IF2306,3994.0,2.0,2396400.0,-2.0,1,3993.2,3994.2,1,3985.2,3991.4,3995.4,3991.4,469.0,561876180.0,89638
2023-05-11 09:30:32,IF2306,IF2306,3994.0,0.0,0.0,0.0,2,3993.0,3993.6,2,3985.2,3991.4,3995.4,3991.4,469.0,561876180.0,89638
2023-05-11 09:30:33,IF2306,IF2306,3994.0,0.0,0.0,0.0,2,3993.0,3993.2,1,3985.2,3991.4,3995.4,3991.4,469.0,561876180.0,89638
2023-05-11 09:30:33,IF2306,IF2306,3994.0,0.0,0.0,0.0,2,3993.0,3993.2,2,3985.2,3991.4,3995.4,3991.4,469.0,561876180.0,89638
2023-05-11 09:30:34,IF2306,IF2306,3993.0,4.0,4791720.0,-3.0,4,3993.6,3994.0,1,3985.2,3991.4,3995.4,3991.4,473.0,566667900.0,89635
2023-05-11 09:30:35,IF2306,IF2306,3993.6,4.0,4792320.0,0.0,2,3992.6,3993.0,1,3985.2,3991.4,3995.4,3991.4,477.0,571460220.0,89635
2023-05-11 09:30:35,IF2306,IF2306,3993.0,2.0,2395800.0,0.0,10,3993.2,3993.8,3,3985.2,3991.4,3995.4,3991.4,479.0,573856020.0,89635
2023-05-11 09:30:36,IF2306,IF2306,3993.0,0.0,0.0,0.0,6,3993.2,3994.0,2,3985.2,3991.4,3995.4,3991.4,479.0,573856020.0,89635
2023-05-11 09:30:36,IF2306,IF2306,3993.2,2.0,2395920.0,-2.0,6,3993.0,3994.0,2,3985.2,3991.4,3995.4,3991.4,481.0,576251940.0,89633
2023-05-11 09:30:37,IF2306,IF2306,3993.2,0.0,0.0,0.0,1,3993.2,3993.4,1,3985.2,3991.4,3995.4,3991.4,481.0,576251940.0,89633
2023-05-11 09:30:37,IF2306,IF2306,3993.4,2.0,2395980.0,1.0,4,3993.0,3993.8,8,3985.2,3991.4,3995.4,3991.4,483.0,578647920.0,89634
2023-05-11 09:30:38,IF2306,IF2306,3993.2,1.0,1197960.0,-1.0,4,3993.0,3993.2,1,3985.2,3991.4,3995.4,3991.4,484.0,579845880.0,89633
2023-05-11 09:30:38,IF2306,IF2306,3993.2,2.0,2395920.0,-2.0,3,3993.2,3993.6,4,3985.2,3991.4,3995.4,3991.4,486.0,582241800.0,89631
2023-05-11 09:30:39,IF2306,IF2306,3993.2,12.0,14377080.0,-11.0,2,3993.0,3994.2,2,3985.2,3991.4,3995.4,3991.4,498.0,596618880.0,89620
2023-05-11 09:30:39,IF2306,IF2306,3993.2,0.0,0.0,0.0,2,3993.2,3994.0,4,3985.2,3991.4,3995.4,3991.4,498.0,596618880.0,89620
2023-05-11 09:30:40,IF2306,IF2306,3993.2,0.0,0.0,0.0,1,3993.2,3993.8,2,3985.2,3991.4,3995.4,3991.4,498.0,596618880.0,89620
2023-05-11 09:30:41,IF2306,IF2306,3993.0,2.0,2395860.0,-2.0,1,3993.0,3993.8,3,3985.2,3991.4,3995.4,3991.4,500.0,599014740.0,89618
2023-05-11 09:30:41,IF2306,IF2306,3993.0,1.0,1197900.0,-1.0,1,3992.6,3993.0,4,3985.2,3991.4,3995.4,3991.4,501.0,600212640.0,89617
2023-05-11 09:30:42,IF2306,IF2306,3992.6,3.0,3593280.0,-2.0,3,3992.2,3992.4,4,3985.2,3991.4,3995.4,3991.4,504.0,603805920.0,89615
2023-05-11 09:30:42,IF2306,IF2306,3993.6,10.0,11977560.0,-6.0,1,3992.4,3993.6,5,3985.2,3991.4,3995.4,3991.4,514.0,615783480.0,89609
2023-05-11 09:30:43,IF2306,IF2306,3993.6,0.0,0.0,0.0,1,3992.4,3993.4,12,3985.2,3991.4,3995.4,3991.4,514.0,615783480.0,89609
2023-05-11 09:30:43,IF2306,IF2306,3992.4,1.0,1197720.0,-1.0,15,3992.0,3993.0,1,3985.2,3991.4,3995.4,3991.4,515.0,616981200.0,89608
2023-05-11 09:30:44,IF2306,IF2306,3992.4,0.0,0.0,0.0,6,3992.2,3992.4,1,3985.2,3991.4,3995.4,3991.4,515.0,616981200.0,89608
2023-05-11 09:30:44,IF2306,IF2306,3992.4,7.0,8384460.0,0.0,3,3992.2,3993.2,1,3985.2,3991.4,3995.4,3991.4,522.0,625365660.0,89608
2023-05-11 09:30:45,IF2306,IF2306,3992.2,2.0,2395320.0,0.0,1,3992.2,3993.0,3,3985.2,3991.4,3995.4,3991.4,524.0,627760980.0,89608
2023-05-11 09:30:45,IF2306,IF2306,3992.2,1.0,1197660.0,0.0,1,3992.4,3992.8,1,3985.2,3991.4,3995.4,3991.4,525.0,628958640.0,89608
2023-05-11 09:30:46,IF2306,IF2306,3992.8,6.0,7186680.0,-6.0,3,3992.2,3993.0,1,3985.2,3991.4,3995.4,3991.4,531.0,636145320.0,89602
2023-05-11 09:30:46,IF2306,IF2306,3992.2,3.0,3593220.0,-3.0,3,3992.2,3993.0,1,3985.2,3991.4,3995.4,3991.4,534.0,639738540.0,89599
2023-05-11 09:30:47,IF2306,IF2306,3992.4,2.0,2395440.0,-2.0,1,3992.8,3993.0,1,3985.2,3991.4,3995.4,3991.4,536.0,642133980.0,89597
2023-05-11 09:30:47,IF2306,IF2306,3993.4,4.0,4791960.0,-3.0,1,3993.4,3993.8,3,3985.2,3991.4,3995.4,3991.4,540.0,646925940.0,89594
2023-05-11 09:30:48,IF2306,IF2306,3993.4,1.0,1198020.0,0.0,1,3992.8,3993.6,1,3985.2,3991.4,3995.4,3991.4,541.0,648123960.0,89594
2023-05-11 09:30:48,IF2306,IF2306,3993.8,5.0,5990580.0,-5.0,4,3993.8,3994.0,2,3985.2,3991.4,3995.4,3991.4,546.0,654114540.0,89589
2023-05-11 09:30:49,IF2306,IF2306,3993.8,4.0,4792560.0,-4.0,3,3993.0,3993.8,1,3985.2,3991.4,3995.4,3991.4,550.0,658907100.0,89585
2023-05-11 09:30:49,IF2306,IF2306,3994.0,1.0,1198200.0,0.0,4,3993.2,3994.0,1,3985.2,3991.4,3995.4,3991.4,551.0,660105300.0,89585
2023-05-11 09:30:50,IF2306,IF2306,3994.0,0.0,0.0,0.0,5,3993.4,3994.0,2,3985.2,3991.4,3995.4,3991.4,551.0,660105300.0,89585
2023-05-11 09:30:50,IF2306,IF2306,3994.0,0.0,0.0,0.0,2,3993.4,3994.0,2,3985.2,3991.4,3995.4,3991.4,551.0,660105300.0,89585
2023-05-11 09:30:51,IF2306,IF2306,3994.0,0.0,0.0,0.0,3,3993.4,3994.0,3,3985.2,3991.4,3995.4,3991.4,551.0,660105300.0,89585
2023-05-11 09:30:51,IF2306,IF2306,3993.4,1.0,1198020.0,-1.0,2,3993.4,3994.0,3,3985.2,3991.4,3995.4,3991.4,552.0,661303320.0,89584
2023-05-11 09:30:52,IF2306,IF2306,3994.0,4.0,4792620.0,-1.0,7,3994.0,3994.2,3,3985.2,3991.4,3995.4,3991.4,556.0,666095940.0,89583
2023-05-11 09:30:52,IF2306,IF2306,3994.0,7.0,8387400.0,0.0,2,3993.4,3994.4,2,3985.2,3991.4,3995.4,3991.4,563.0,674483340.0,89583
2023-05-11 09:30:53,IF2306,IF2306,3994.0,0.0,0.0,0.0,1,3994.0,3994.2,8,3985.2,3991.4,3995.4,3991.4,563.0,674483340.0,89583
2023-05-11 09:30:53,IF2306,IF2306,3994.2,3.0,3594660.0,-2.0,1,3993.6,3994.0,1,3985.2,3991.4,3995.4,3991.4,566.0,678078000.0,89581
2023-05-11 09:30:54,IF2306,IF2306,3994.0,4.0,4792380.0,-3.0,2,3993.2,3994.4,2,3985.2,3991.4,3995.4,3991.4,570.0,682870380.0,89578
2023-05-11 09:30:54,IF2306,IF2306,3994.0,0.0,0.0,0.0,4,3993.4,3994.2,5,3985.2,3991.4,3995.4,3991.4,570.0,682870380.0,89578
2023-05-11 09:30:55,IF2306,IF2306,3994.2,3.0,3594780.0,0.0,7,3994.2,3994.4,2,3985.2,3991.4,3995.4,3991.4,573.0,686465160.0,89578
2023-05-11 09:30:55,IF2306,IF2306,3994.4,3.0,3594900.0,-2.0,6,3994.2,3994.6,1,3985.2,3991.4,3995.4,3991.4,576.0,690060060.0,89576
2023-05-11 09:30:56,IF2306,IF2306,3994.8,7.0,8388600.0,-6.0,2,3994.4,3995.0,8,3985.2,3991.4,3995.4,3991.4,583.0,698448660.0,89570
2023-05-11 09:30:56,IF2306,IF2306,3994.6,4.0,4793880.0,-3.0,1,3994.6,3994.8,1,3985.2,3991.4,3995.4,3991.4,587.0,703242540.0,89567
2023-05-11 09:30:57,IF2306,IF2306,3994.4,2.0,2396760.0,-2.0,1,3994.8,3995.0,6,3985.2,3991.4,3995.4,3991.4,589.0,705639300.0,89565
2023-05-11 09:30:57,IF2306,IF2306,3994.8,3.0,3595440.0,-1.0,1,3994.8,3995.0,4,3985.2,3991.4,3995.4,3991.4,592.0,709234740.0,89564
2023-05-11 09:30:58,IF2306,IF2306,3994.8,4.0,4793940.0,-4.0,1,3994.4,3995.0,6,3985.2,3991.4,3995.4,3991.4,596.0,714028680.0,89560
2023-05-11 09:30:58,IF2306,IF2306,3994.8,0.0,0.0,0.0,1,3994.6,3995.0,6,3985.2,3991.4,3995.4,3991.4,596.0,714028680.0,89560
2023-05-11 09:30:59,IF2306,IF2306,3995.0,4.0,4794000.0,-2.0,1,3994.6,3995.0,2,3985.2,3991.4,3995.4,3991.4,600.0,718822680.0,89558
2023-05-11 09:30:59,IF2306,IF2306,3994.8,4.0,4793820.0,-3.0,1,3994.4,3994.8,2,3985.2,3991.4,3995.4,3991.4,604.0,723616500.0,89555
2023-05-11 09:31:00,IF2306,IF2306,3994.8,0.0,0.0,0.0,1,3994.4,3995.0,3,3985.2,3991.4,3995.4,3991.4,604.0,723616500.0,89555
2023-05-11 09:31:00,IF2306,IF2306,3994.4,1.0,1198320.0,0.0,8,3994.2,3994.8,2,3985.2,3991.4,3995.4,3991.4,605.0,724814820.0,89555
2023-05-11 09:31:01,IF2306,IF2306,3994.4,0.0,0.0,0.0,8,3994.2,3995.0,2,3985.2,3991.4,3995.4,3991.4,605.0,724814820.0,89555
2023-05-11 09:31:01,IF2306,IF2306,3994.8,15.0,17974920.0,-6.0,2,3993.4,3993.8,1,3985.2,3991.4,3995.4,3991.4,620.0,742789740.0,89549
2023-05-11 09:31:02,IF2306,IF2306,3993.8,4.0,4793040.0,-3.0,10,3993.8,3994.6,1,3985.2,3991.4,3995.4,3991.4,624.0,747582780.0,89546
2023-05-11 09:31:02,IF2306,IF2306,3994.6,1.0,1198380.0,-1.0,4,3994.6,3994.8,1,3985.2,3991.4,3995.4,3991.4,625.0,748781160.0,89545
2023-05-11 09:31:03,IF2306,IF2306,3994.8,8.0,9586320.0,-2.0,1,3993.6,3995.0,1,3985.2,3991.4,3995.4,3991.4,633.0,758367480.0,89543
2023-05-11 09:31:03,IF2306,IF2306,3994.0,1.0,1198200.0,0.0,3,3994.0,3995.0,1,3985.2,3991.4,3995.4,3991.4,634.0,759565680.0,89543
2023-05-11 09:31:04,IF2306,IF2306,3994.8,1.0,1198440.0,0.0,3,3994.2,3994.8,4,3985.2,3991.4,3995.4,3991.4,635.0,760764120.0,89543
2023-05-11 09:31:04,IF2306,IF2306,3994.8,0.0,0.0,0.0,2,3994.2,3995.0,1,3985.2,3991.4,3995.4,3991.4,635.0,760764120.0,89543
2023-05-11 09:31:05,IF2306,IF2306,3995.0,3.0,3595320.0,-2.0,3,3995.0,3995.2,3,3985.2,3991.4,3995.4,3991.4,638.0,764359440.0,89541
2023-05-11 09:31:05,IF2306,IF2306,3995.0,7.0,8389620.0,-7.0,6,3993.8,3995.2,1,3985.2,3991.4,3995.4,3991.4,645.0,772749060.0,89534
2023-05-11 09:31:06,IF2306,IF2306,3994.2,1.0,1198260.0,-1.0,3,3994.0,3994.8,1,3985.2,3991.4,3995.4,3991.4,646.0,773947320.0,89533
2023-05-11 09:31:06,IF2306,IF2306,3995.0,7.0,8388480.0,-4.0,1,3994.8,3995.0,3,3985.2,3991.4,3995.4,3991.4,653.0,782335800.0,89529
2023-05-11 09:31:07,IF2306,IF2306,3994.8,2.0,2396880.0,-2.0,3,3993.8,3994.8,4,3985.2,3991.4,3995.4,3991.4,655.0,784732680.0,89527
2023-05-11 09:31:07,IF2306,IF2306,3994.8,0.0,0.0,0.0,4,3994.0,3994.6,1,3985.2,3991.4,3995.4,3991.4,655.0,784732680.0,89527
2023-05-11 09:31:08,IF2306,IF2306,3994.0,4.0,4792860.0,-1.0,3,3993.8,3994.6,1,3985.2,3991.4,3995.4,3991.4,659.0,789525540.0,89526
2023-05-11 09:31:08,IF2306,IF2306,3993.8,2.0,2396280.0,-1.0,1,3994.0,3994.4,1,3985.2,3991.4,3995.4,3991.4,661.0,791921820.0,89525
2023-05-11 09:31:09,IF2306,IF2306,3993.8,0.0,0.0,0.0,1,3993.6,3994.2,1,3985.2,3991.4,3995.4,3991.4,661.0,791921820.0,89525
2023-05-11 09:31:09,IF2306,IF2306,3993.8,0.0,0.0,0.0,2,3994.2,3994.4,1,3985.2,3991.4,3995.4,3991.4,661.0,791921820.0,89525
2023-05-11 09:31:10,IF2306,IF2306,3994.2,3.0,3594780.0,-2.0,3,3994.0,3994.2,2,3985.2,3991.4,3995.4,3991.4,664.0,795516600.0,89523
2023-05-11 09:31:10,IF2306,IF2306,3994.2,3.0,3594720.0,-1.0,2,3994.0,3994.8,3,3985.2,3991.4,3995.4,3991.4,667.0,799111320.0,89522
2023-05-11 09:31:11,IF2306,IF2306,3994.2,0.0,0.0,0.0,1,3994.2,3994.6,4,3985.2,3991.4,3995.4,3991.4,667.0,799111320.0,89522
2023-05-11 09:31:11,IF2306,IF2306,3994.2,0.0,0.0,0.0,1,3994.2,3994.6,1,3985.2,3991.4,3995.4,3991.4,667.0,799111320.0,89522
2023-05-11 09:31:12,IF2306,IF2306,3994.2,1.0,1198260.0,0.0,1,3994.2,3994.6,1,3985.2,3991.4,3995.4,3991.4,668.0,800309580.0,89522
2023-05-11 09:31:12,IF2306,IF2306,3994.2,0.0,0.0,0.0,3,3994.2,3995.0,5,3985.2,3991.4,3995.4,3991.4,668.0,800309580.0,89522
2023-05-11 09:31:13,IF2306,IF2306,3994.2,0.0,0.0,0.0,1,3994.6,3994.8,3,3985.2,3991.4,3995.4,3991.4,668.0,800309580.0,89522
2023-05-11 09:31:13,IF2306,IF2306,3994.2,4.0,4793160.0,2.0,1,3993.8,3994.2,1,3985.2,3991.4,3995.4,3991.4,672.0,805102740.0,89524
2023-05-11 09:31:14,IF2306,IF2306,3994.2,1.0,1198260.0,-1.0,1,3993.8,3994.6,1,3985.2,3991.4,3995.4,3991.4,673.0,806301000.0,89523
2023-05-11 09:31:14,IF2306,IF2306,3993.8,1.0,1198140.0,0.0,1,3993.6,3993.8,3,3985.2,3991.4,3995.4,3991.4,674.0,807499140.0,89523
2023-05-11 09:31:15,IF2306,IF2306,3993.4,5.0,5990520.0,-2.0,1,3993.8,3994.4,1,3985.2,3991.4,3995.4,3991.4,679.0,813489660.0,89521
2023-05-11 09:31:15,IF2306,IF2306,3993.8,1.0,1198140.0,-1.0,1,3993.6,3994.2,3,3985.2,3991.4,3995.4,3991.4,680.0,814687800.0,89520
2023-05-11 09:31:16,IF2306,IF2306,3993.8,0.0,0.0,0.0,1,3993.6,3994.4,1,3985.2,3991.4,3995.4,3991.4,680.0,814687800.0,89520
2023-05-11 09:31:16,IF2306,IF2306,3993.8,0.0,0.0,0.0,1,3993.6,3994.2,2,3985.2,3991.4,3995.4,3991.4,680.0,814687800.0,89520
2023-05-11 09:31:17,IF2306,IF2306,3993.8,0.0,0.0,0.0,2,3993.8,3994.2,1,3985.2,3991.4,3995.4,3991.4,680.0,814687800.0,89520
2023-05-11 09:31:17,IF2306,IF2306,3994.2,1.0,1198260.0,-1.0,2,3993.8,3994.6,1,3985.2,3991.4,3995.4,3991.4,681.0,815886060.0,89519
2023-05-11 09:31:18,IF2306,IF2306,3994.2,0.0,0.0,0.0,2,3993.8,3994.8,1,3985.2,3991.4,3995.4,3991.4,681.0,815886060.0,89519
2023-05-11 09:31:18,IF2306,IF2306,3994.0,1.0,1198200.0,0.0,2,3993.8,3994.8,1,3985.2,3991.4,3995.4,3991.4,682.0,817084260.0,89519
2023-05-11 09:31:19,IF2306,IF2306,3994.0,0.0,0.0,0.0,1,3994.2,3994.6,1,3985.2,3991.4,3995.4,3991.4,682.0,817084260.0,89519
2023-05-11 09:31:19,IF2306,IF2306,3994.0,2.0,2396460.0,-2.0,2,3993.8,3994.4,3,3985.2,3991.4,3995.4,3991.4,684.0,819480720.0,89517
2023-05-11 09:31:20,IF2306,IF2306,3993.8,3.0,3594420.0,-3.0,1,3993.6,3993.8,3,3985.2,3991.4,3995.4,3991.4,687.0,823075140.0,89514
2023-05-11 09:31:20,IF2306,IF2306,3993.6,1.0,1198080.0,0.0,1,3993.2,3993.6,2,3985.2,3991.4,3995.4,3991.4,688.0,824273220.0,89514
2023-05-11 09:31:21,IF2306,IF2306,3993.0,3.0,3593760.0,-1.0,4,3993.0,3993.4,1,3985.2,3991.4,3995.4,3991.4,691.0,827866980.0,89513
2023-05-11 09:31:21,IF2306,IF2306,3993.0,4.0,4791600.0,-4.0,1,3993.0,3993.2,3,3985.2,3991.4,3995.4,3991.4,695.0,832658580.0,89509
2023-05-11 09:31:22,IF2306,IF2306,3993.0,1.0,1197900.0,-1.0,1,3992.2,3992.6,4,3985.2,3991.4,3995.4,3991.4,696.0,833856480.0,89508
2023-05-11 09:31:22,IF2306,IF2306,3993.2,4.0,4791300.0,-3.0,2,3992.2,3993.8,3,3985.2,3991.4,3995.4,3991.4,700.0,838647780.0,89505
2023-05-11 09:31:23,IF2306,IF2306,3993.2,0.0,0.0,0.0,1,3993.0,3993.4,4,3985.2,3991.4,3995.4,3991.4,700.0,838647780.0,89505
2023-05-11 09:31:23,IF2306,IF2306,3993.0,2.0,2395800.0,-1.0,16,3992.0,3992.4,2,3985.2,3991.4,3995.4,3991.4,702.0,841043580.0,89504
2023-05-11 09:31:24,IF2306,IF2306,3992.2,2.0,2395260.0,-2.0,5,3992.2,3992.4,5,3985.2,3991.4,3995.4,3991.4,704.0,843438840.0,89502
2023-05-11 09:31:24,IF2306,IF2306,3992.4,15.0,17966700.0,-12.0,1,3992.4,3993.2,3,3985.2,3991.4,3995.4,3991.4,719.0,861405540.0,89490
2023-05-11 09:31:25,IF2306,IF2306,3992.4,1.0,1197720.0,1.0,2,3992.6,3992.8,1,3985.2,3991.4,3995.4,3991.4,720.0,862603260.0,89491
2023-05-11 09:31:25,IF2306,IF2306,3992.8,1.0,1197840.0,-1.0,1,3992.4,3992.6,1,3985.2,3991.4,3995.4,3991.4,721.0,863801100.0,89490
2023-05-11 09:31:26,IF2306,IF2306,3993.0,3.0,3593580.0,-2.0,1,3993.0,3993.6,2,3985.2,3991.4,3995.4,3991.4,724.0,867394680.0,89488
2023-05-11 09:31:26,IF2306,IF2306,3993.0,0.0,0.0,0.0,1,3993.0,3993.6,1,3985.2,3991.4,3995.4,3991.4,724.0,867394680.0,89488
2023-05-11 09:31:27,IF2306,IF2306,3993.6,1.0,1198080.0,-1.0,1,3993.2,3993.8,5,3985.2,3991.4,3995.4,3991.4,725.0,868592760.0,89487
2023-05-11 09:31:28,IF2306,IF2306,3993.8,1.0,1198140.0,0.0,1,3993.2,3993.8,4,3985.2,3991.4,3995.4,3991.4,726.0,869790900.0,89487
2023-05-11 09:31:28,IF2306,IF2306,3993.8,0.0,0.0,0.0,4,3992.8,3993.8,4,3985.2,3991.4,3995.4,3991.4,726.0,869790900.0,89487
2023-05-11 09:31:29,IF2306,IF2306,3993.8,0.0,0.0,0.0,2,3993.2,3993.6,2,3985.2,3991.4,3995.4,3991.4,726.0,869790900.0,89487
2023-05-11 09:31:29,IF2306,IF2306,3993.8,0.0,0.0,0.0,3,3993.0,3993.8,4,3985.2,3991.4,3995.4,3991.4,726.0,869790900.0,89487
2023-05-11 09:31:30,IF2306,IF2306,3993.8,2.0,2396040.0,-1.0,1,3993.0,3993.2,2,3985.2,3991.4,3995.4,3991.4,728.0,872186940.0,89486
2023-05-11 09:31:30,IF2306,IF2306,3993.2,2.0,2395920.0,-2.0,1,3993.4,3993.8,3,3985.2,3991.4,3995.4,3991.4,730.0,874582860.0,89484
2023-05-11 09:31:31,IF2306,IF2306,3993.2,0.0,0.0,0.0,1,3993.2,3993.4,1,3985.2,3991.4,3995.4,3991.4,730.0,874582860.0,89484
2023-05-11 09:31:32,IF2306,IF2306,3993.4,1.0,1198020.0,-1.0,1,3993.2,3993.8,3,3985.2,3991.4,3995.4,3991.4,731.0,875780880.0,89483
2023-05-11 09:31:32,IF2306,IF2306,3993.4,0.0,0.0,0.0,1,3993.2,3993.6,1,3985.2,3991.4,3995.4,3991.4,731.0,875780880.0,89483
2023-05-11 09:31:33,IF2306,IF2306,3993.4,0.0,0.0,0.0,1,3993.6,3993.8,3,3985.2,3991.4,3995.4,3991.4,731.0,875780880.0,89483
2023-05-11 09:31:33,IF2306,IF2306,3993.2,2.0,2396040.0,-1.0,2,3992.8,3993.6,1,3985.2,3991.4,3995.4,3991.4,733.0,878176920.0,89482
2023-05-11 09:31:34,IF2306,IF2306,3993.2,0.0,0.0,0.0,2,3993.0,3993.6,1,3985.2,3991.4,3995.4,3991.4,733.0,878176920.0,89482
2023-05-11 09:31:34,IF2306,IF2306,3993.2,0.0,0.0,0.0,2,3992.8,3993.8,4,3985.2,3991.4,3995.4,3991.4,733.0,878176920.0,89482
2023-05-11 09:31:35,IF2306,IF2306,3993.2,0.0,0.0,0.0,2,3992.8,3993.6,2,3985.2,3991.4,3995.4,3991.4,733.0,878176920.0,89482
2023-05-11 09:31:35,IF2306,IF2306,3993.2,0.0,0.0,0.0,2,3992.8,3993.4,1,3985.2,3991.4,3995.4,3991.4,733.0,878176920.0,89482
2023-05-11 09:31:36,IF2306,IF2306,3992.8,1.0,1197840.0,0.0,2,3992.6,3993.2,4,3985.2,3991.4,3995.4,3991.4,734.0,879374760.0,89482
2023-05-11 09:31:36,IF2306,IF2306,3992.8,0.0,0.0,0.0,3,3992.4,3993.0,1,3985.2,3991.4,3995.4,3991.4,734.0,879374760.0,89482
2023-05-11 09:31:37,IF2306,IF2306,3992.4,3.0,3593160.0,0.0,1,3992.2,3992.8,1,3985.2,3991.4,3995.4,3991.4,737.0,882967920.0,89482
2023-05-11 09:31:37,IF2306,IF2306,3992.8,2.0,2395620.0,0.0,1,3992.2,3993.0,2,3985.2,3991.4,3995.4,3991.4,739.0,885363540.0,89482
2023-05-11 09:31:38,IF2306,IF2306,3993.0,1.0,1197900.0,0.0,1,3992.8,3993.0,1,3985.2,3991.4,3995.4,3991.4,740.0,886561440.0,89482
2023-05-11 09:31:38,IF2306,IF2306,3992.8,2.0,2395680.0,0.0,1,3992.2,3993.0,1,3985.2,3991.4,3995.4,3991.4,742.0,888957120.0,89482
2023-05-11 09:31:39,IF2306,IF2306,3992.8,0.0,0.0,0.0,1,3992.4,3993.0,1,3985.2,3991.4,3995.4,3991.4,742.0,888957120.0,89482
2023-05-11 09:31:40,IF2306,IF2306,3993.0,1.0,1197900.0,0.0,3,3992.6,3993.0,1,3985.2,3991.4,3995.4,3991.4,743.0,890155020.0,89482
2023-05-11 09:31:40,IF2306,IF2306,3993.0,1.0,1197900.0,-1.0,1,3992.6,3993.2,2,3985.2,3991.4,3995.4,3991.4,744.0,891352920.0,89481
2023-05-11 09:31:41,IF2306,IF2306,3993.0,1.0,1197900.0,0.0,1,3992.4,3993.2,2,3985.2,3991.4,3995.4,3991.4,745.0,892550820.0,89481
2023-05-11 09:31:41,IF2306,IF2306,3993.0,0.0,0.0,0.0,1,3992.4,3993.0,2,3985.2,3991.4,3995.4,3991.4,745.0,892550820.0,89481
2023-05-11 09:31:42,IF2306,IF2306,3993.0,0.0,0.0,0.0,1,3992.2,3992.6,5,3985.2,3991.4,3995.4,3991.4,745.0,892550820.0,89481
2023-05-11 09:31:42,IF2306,IF2306,3993.0,4.0,4791600.0,1.0,1,3993.0,3993.2,4,3985.2,3991.4,3995.4,3991.4,749.0,897342420.0,89482
2023-05-11 09:31:43,IF2306,IF2306,3993.0,1.0,1197900.0,1.0,1,3992.2,3992.8,1,3985.2,3991.4,3995.4,3991.4,750.0,898540320.0,89483
2023-05-11 09:31:43,IF2306,IF2306,3993.0,0.0,0.0,0.0,3,3992.4,3993.0,3,3985.2,3991.4,3995.4,3991.4,750.0,898540320.0,89483
2023-05-11 09:31:44,IF2306,IF2306,3993.0,0.0,0.0,0.0,15,3992.0,3993.0,3,3985.2,3991.4,3995.4,3991.4,750.0,898540320.0,89483
2023-05-11 09:31:44,IF2306,IF2306,3993.0,3.0,3593700.0,-3.0,1,3992.4,3993.2,5,3985.2,3991.4,3995.4,3991.4,753.0,902134020.0,89480
2023-05-11 09:31:45,IF2306,IF2306,3993.2,4.0,4791840.0,-2.0,5,3992.2,3993.4,4,3985.2,3991.4,3995.4,3991.4,757.0,906925860.0,89478
2023-05-11 09:31:45,IF2306,IF2306,3993.4,1.0,1198020.0,0.0,2,3993.0,3993.4,1,3985.2,3991.4,3995.4,3991.4,758.0,908123880.0,89478
2023-05-11 09:31:46,IF2306,IF2306,3993.4,1.0,1198020.0,0.0,2,3993.0,3993.4,1,3985.2,3991.4,3995.4,3991.4,759.0,909321900.0,89478
2023-05-11 09:31:46,IF2306,IF2306,3993.8,5.0,5990460.0,-4.0,3,3993.2,3993.6,1,3985.2,3991.4,3995.4,3991.4,764.0,915312360.0,89474
2023-05-11 09:31:47,IF2306,IF2306,3994.0,2.0,2396280.0,-1.0,9,3993.6,3994.0,3,3985.2,3991.4,3995.4,3991.4,766.0,917708640.0,89473
2023-05-11 09:31:47,IF2306,IF2306,3994.0,3.0,3594600.0,-1.0,1,3993.6,3994.2,1,3985.2,3991.4,3995.4,3991.4,769.0,921303240.0,89472
2023-05-11 09:31:48,IF2306,IF2306,3994.0,0.0,0.0,0.0,1,3993.6,3994.0,2,3985.2,3991.4,3995.4,3991.4,769.0,921303240.0,89472
2023-05-11 09:31:48,IF2306,IF2306,3993.6,1.0,1198080.0,-1.0,1,3993.2,3993.8,3,3985.2,3991.4,3995.4,3991.4,770.0,922501320.0,89471
2023-05-11 09:31:49,IF2306,IF2306,3993.0,2.0,2395860.0,-1.0,1,3993.0,3993.6,2,3985.2,3991.4,3995.4,3991.4,772.0,924897180.0,89470
2023-05-11 09:31:49,IF2306,IF2306,3993.0,1.0,1197900.0,0.0,4,3992.4,3993.0,1,3985.2,3991.4,3995.4,3991.4,773.0,926095080.0,89470
2023-05-11 09:31:50,IF2306,IF2306,3993.0,0.0,0.0,0.0,4,3992.4,3993.4,2,3985.2,3991.4,3995.4,3991.4,773.0,926095080.0,89470
2023-05-11 09:31:51,IF2306,IF2306,3993.0,0.0,0.0,0.0,3,3992.4,3993.0,7,3985.2,3991.4,3995.4,3991.4,773.0,926095080.0,89470
2023-05-11 09:31:51,IF2306,IF2306,3992.4,2.0,2395440.0,-2.0,2,3992.2,3993.0,1,3985.2,3991.4,3995.4,3991.4,775.0,928490520.0,89468
2023-05-11 09:31:52,IF2306,IF2306,3992.6,1.0,1197780.0,1.0,2,3992.2,3992.8,5,3985.2,3991.4,3995.4,3991.4,776.0,929688300.0,89469
2023-05-11 09:31:52,IF2306,IF2306,3992.6,0.0,0.0,0.0,1,3992.2,3992.8,3,3985.2,3991.4,3995.4,3991.4,776.0,929688300.0,89469
2023-05-11 09:31:53,IF2306,IF2306,3992.2,1.0,1197660.0,-1.0,25,3992.0,3992.6,7,3985.2,3991.4,3995.4,3991.4,777.0,930885960.0,89468
2023-05-11 09:31:53,IF2306,IF2306,3992.2,0.0,0.0,0.0,25,3992.0,3992.2,1,3985.2,3991.4,3995.4,3991.4,777.0,930885960.0,89468
2023-05-11 09:31:54,IF2306,IF2306,3992.6,7.0,8383440.0,-6.0,20,3992.0,3992.6,1,3985.2,3991.4,3995.4,3991.4,784.0,939269400.0,89462
2023-05-11 09:31:55,IF2306,IF2306,3992.2,2.0,2395260.0,-1.0,19,3992.0,3992.4,11,3985.2,3991.4,3995.4,3991.4,786.0,941664660.0,89461
2023-05-11 09:31:55,IF2306,IF2306,3992.2,0.0,0.0,0.0,19,3992.0,3992.4,6,3985.2,3991.4,3995.4,3991.4,786.0,941664660.0,89461
2023-05-11 09:31:56,IF2306,IF2306,3992.2,7.0,8383980.0,-6.0,1,3992.2,3992.6,1,3985.2,3991.4,3995.4,3991.4,793.0,950048640.0,89455
2023-05-11 09:31:56,IF2306,IF2306,3992.6,2.0,2395560.0,-1.0,1,3992.6,3993.0,3,3985.2,3991.4,3995.4,3991.4,795.0,952444200.0,89454
2023-05-11 09:31:57,IF2306,IF2306,3992.6,1.0,1197780.0,-1.0,1,3992.2,3993.0,3,3985.2,3991.4,3995.4,3991.4,796.0,953641980.0,89453
2023-05-11 09:31:57,IF2306,IF2306,3992.2,1.0,1197660.0,0.0,19,3992.0,3993.0,3,3985.2,3991.4,3995.4,3991.4,797.0,954839640.0,89453
2023-05-11 09:31:58,IF2306,IF2306,3992.2,0.0,0.0,0.0,19,3992.0,3992.2,1,3985.2,3991.4,3995.4,3991.4,797.0,954839640.0,89453
2023-05-11 09:31:58,IF2306,IF2306,3992.2,2.0,2395320.0,-1.0,6,3992.2,3993.0,3,3985.2,3991.4,3995.4,3991.4,799.0,957234960.0,89452
2023-05-11 09:31:59,IF2306,IF2306,3992.2,0.0,0.0,0.0,4,3992.2,3992.6,5,3985.2,3991.4,3995.4,3991.4,799.0,957234960.0,89452
2023-05-11 09:31:59,IF2306,IF2306,3992.6,1.0,1197780.0,-1.0,2,3992.4,3993.0,3,3985.2,3991.4,3995.4,3991.4,800.0,958432740.0,89451
2023-05-11 09:32:00,IF2306,IF2306,3992.6,0.0,0.0,0.0,1,3992.6,3992.8,1,3985.2,3991.4,3995.4,3991.4,800.0,958432740.0,89451
2023-05-11 09:32:00,IF2306,IF2306,3993.4,7.0,8385480.0,-4.0,3,3993.4,3994.0,1,3985.2,3991.4,3995.4,3991.4,807.0,966818220.0,89447
2023-05-11 09:32:01,IF2306,IF2306,3993.4,1.0,1198020.0,0.0,2,3993.6,3994.0,3,3985.2,3991.4,3995.4,3991.4,808.0,968016240.0,89447
2023-05-11 09:32:01,IF2306,IF2306,3993.4,1.0,1198020.0,-1.0,2,3993.4,3994.0,3,3985.2,3991.4,3995.4,3991.4,809.0,969214260.0,89446
2023-05-11 09:32:02,IF2306,IF2306,3993.4,2.0,2396040.0,-2.0,6,3992.8,3993.8,1,3985.2,3991.4,3995.4,3991.4,811.0,971610300.0,89444
2023-05-11 09:32:02,IF2306,IF2306,3993.4,0.0,0.0,0.0,1,3993.0,3993.6,2,3985.2,3991.4,3995.4,3991.4,811.0,971610300.0,89444
2023-05-11 09:32:03,IF2306,IF2306,3993.4,0.0,0.0,0.0,4,3992.8,3993.6,3,3985.2,3991.4,3995.4,3991.4,811.0,971610300.0,89444
2023-05-11 09:32:03,IF2306,IF2306,3992.8,2.0,2395680.0,-2.0,1,3992.8,3993.4,4,3985.2,3991.4,3995.4,3991.4,813.0,974005980.0,89442
2023-05-11 09:32:04,IF2306,IF2306,3992.8,1.0,1197840.0,-1.0,1,3992.2,3992.8,2,3985.2,3991.4,3995.4,3991.4,814.0,975203820.0,89441
2023-05-11 09:32:04,IF2306,IF2306,3992.8,0.0,0.0,0.0,1,3992.2,3993.0,2,3985.2,3991.4,3995.4,3991.4,814.0,975203820.0,89441
2023-05-11 09:32:05,IF2306,IF2306,3992.8,0.0,0.0,0.0,1,3992.2,3993.0,1,3985.2,3991.4,3995.4,3991.4,814.0,975203820.0,89441
2023-05-11 09:32:05,IF2306,IF2306,3992.2,1.0,1197660.0,0.0,20,3992.0,3993.0,1,3985.2,3991.4,3995.4,3991.4,815.0,976401480.0,89441
2023-05-11 09:32:06,IF2306,IF2306,3992.2,1.0,1197660.0,-1.0,1,3992.8,3993.0,1,3985.2,3991.4,3995.4,3991.4,816.0,977599140.0,89440
2023-05-11 09:32:06,IF2306,IF2306,3992.8,1.0,1197840.0,-1.0,1,3992.2,3992.6,2,3985.2,3991.4,3995.4,3991.4,817.0,978796980.0,89439
2023-05-11 09:32:07,IF2306,IF2306,3992.8,0.0,0.0,0.0,1,3992.2,3993.0,1,3985.2,3991.4,3995.4,3991.4,817.0,978796980.0,89439
2023-05-11 09:32:07,IF2306,IF2306,3992.8,0.0,0.0,0.0,6,3992.4,3993.0,1,3985.2,3991.4,3995.4,3991.4,817.0,978796980.0,89439
2023-05-11 09:32:08,IF2306,IF2306,3992.6,1.0,1197780.0,0.0,1,3992.6,3993.0,1,3985.2,3991.4,3995.4,3991.4,818.0,979994760.0,89439
2023-05-11 09:32:10,IF2306,IF2306,3992.6,2.0,2395680.0,-2.0,3,3992.4,3993.4,2,3985.2,3991.4,3995.4,3991.4,820.0,982390440.0,89437
2023-05-11 09:32:10,IF2306,IF2306,3992.6,0.0,0.0,0.0,1,3992.4,3993.0,2,3985.2,3991.4,3995.4,3991.4,820.0,982390440.0,89437
2023-05-11 09:32:11,IF2306,IF2306,3992.2,1.0,1197660.0,0.0,20,3992.0,3993.0,2,3985.2,3991.4,3995.4,3991.4,821.0,983588100.0,89437
2023-05-11 09:32:11,IF2306,IF2306,3992.2,0.0,0.0,0.0,21,3992.0,3992.4,16,3985.2,3991.4,3995.4,3991.4,821.0,983588100.0,89437
2023-05-11 09:32:12,IF2306,IF2306,3992.0,1.0,1197600.0,-1.0,19,3992.0,3992.4,17,3985.2,3991.4,3995.4,3991.4,822.0,984785700.0,89436
2023-05-11 09:32:12,IF2306,IF2306,3992.4,8.0,9581760.0,-8.0,19,3992.0,3992.4,9,3985.2,3991.4,3995.4,3991.4,830.0,994367460.0,89428
2023-05-11 09:32:13,IF2306,IF2306,3992.4,9.0,10779480.0,-8.0,2,3992.2,3992.8,1,3985.2,3991.4,3995.4,3991.4,839.0,1005146940.0,89420
2023-05-11 09:32:13,IF2306,IF2306,3992.4,0.0,0.0,0.0,1,3992.4,3993.0,2,3985.2,3991.4,3995.4,3991.4,839.0,1005146940.0,89420
2023-05-11 09:32:14,IF2306,IF2306,3992.4,0.0,0.0,0.0,1,3992.4,3992.8,1,3985.2,3991.4,3995.4,3991.4,839.0,1005146940.0,89420
2023-05-11 09:32:14,IF2306,IF2306,3992.4,0.0,0.0,0.0,1,3992.8,3993.0,2,3985.2,3991.4,3995.4,3991.4,839.0,1005146940.0,89420
2023-05-11 09:32:15,IF2306,IF2306,3993.2,4.0,4791480.0,-4.0,2,3993.0,3993.6,1,3985.2,3991.4,3995.4,3991.4,843.0,1009938420.0,89416
2023-05-11 09:32:15,IF2306,IF2306,3993.0,1.0,1197900.0,-1.0,2,3992.6,3992.8,1,3985.2,3991.4,3995.4,3991.4,844.0,1011136320.0,89415
2023-05-11 09:32:16,IF2306,IF2306,3992.8,1.0,1197840.0,-1.0,1,3993.0,3993.6,1,3985.2,3991.4,3995.4,3991.4,845.0,1012334160.0,89414
2023-05-11 09:32:17,IF2306,IF2306,3992.8,0.0,0.0,0.0,2,3993.2,3993.6,1,3985.2,3991.4,3995.4,3991.4,845.0,1012334160.0,89414
2023-05-11 09:32:17,IF2306,IF2306,3993.4,1.0,1198020.0,-1.0,1,3993.2,3993.4,1,3985.2,3991.4,3995.4,3991.4,846.0,1013532180.0,89413
2023-05-11 09:32:18,IF2306,IF2306,3993.4,1.0,1198020.0,-1.0,1,3993.4,3993.6,1,3985.2,3991.4,3995.4,3991.4,847.0,1014730200.0,89412
2023-05-11 09:32:19,IF2306,IF2306,3994.0,5.0,5990580.0,-4.0,1,3993.4,3994.2,1,3985.2,3991.4,3995.4,3991.4,852.0,1020720780.0,89408
2023-05-11 09:32:19,IF2306,IF2306,3994.0,0.0,0.0,0.0,1,3993.8,3994.2,1,3985.2,3991.4,3995.4,3991.4,852.0,1020720780.0,89408
2023-05-11 09:32:20,IF2306,IF2306,3993.8,3.0,3594600.0,-2.0,1,3993.8,3994.6,1,3985.2,3991.4,3995.4,3991.4,855.0,1024315380.0,89406
2023-05-11 09:32:21,IF2306,IF2306,3993.8,2.0,2396280.0,-2.0,4,3992.8,3994.4,8,3985.2,3991.4,3995.4,3991.4,857.0,1026711660.0,89404
2023-05-11 09:32:21,IF2306,IF2306,3993.8,0.0,0.0,0.0,1,3993.4,3994.0,2,3985.2,3991.4,3995.4,3991.4,857.0,1026711660.0,89404
2023-05-11 09:32:22,IF2306,IF2306,3993.4,1.0,1198020.0,-1.0,3,3992.8,3993.6,1,3985.2,3991.4,3995.4,3991.4,858.0,1027909680.0,89403
2023-05-11 09:32:22,IF2306,IF2306,3993.4,0.0,0.0,0.0,2,3993.0,3993.4,1,3985.2,3991.4,3995.4,3991.4,858.0,1027909680.0,89403
2023-05-11 09:32:23,IF2306,IF2306,3993.4,0.0,0.0,0.0,3,3993.0,3993.8,2,3985.2,3991.4,3995.4,3991.4,858.0,1027909680.0,89403
2023-05-11 09:32:23,IF2306,IF2306,3993.0,1.0,1197900.0,0.0,2,3993.0,3993.8,1,3985.2,3991.4,3995.4,3991.4,859.0,1029107580.0,89403
2023-05-11 09:32:24,IF2306,IF2306,3993.8,2.0,2396220.0,-1.0,1,3993.0,3994.0,4,3985.2,3991.4,3995.4,3991.4,861.0,1031503800.0,89402
2023-05-11 09:32:25,IF2306,IF2306,3993.8,0.0,0.0,0.0,4,3993.2,3993.8,1,3985.2,3991.4,3995.4,3991.4,861.0,1031503800.0,89402
2023-05-11 09:32:25,IF2306,IF2306,3993.8,2.0,2396220.0,1.0,4,3993.2,3994.0,2,3985.2,3991.4,3995.4,3991.4,863.0,1033900020.0,89403
2023-05-11 09:32:26,IF2306,IF2306,3993.6,1.0,1198080.0,-1.0,1,3993.4,3994.0,2,3985.2,3991.4,3995.4,3991.4,864.0,1035098100.0,89402
2023-05-11 09:32:26,IF2306,IF2306,3994.0,2.0,2396160.0,-1.0,3,3993.2,3994.0,1,3985.2,3991.4,3995.4,3991.4,866.0,1037494260.0,89401
2023-05-11 09:32:27,IF2306,IF2306,3994.0,0.0,0.0,0.0,2,3993.4,3994.0,1,3985.2,3991.4,3995.4,3991.4,866.0,1037494260.0,89401
2023-05-11 09:32:27,IF2306,IF2306,3994.0,0.0,0.0,0.0,1,3993.0,3993.8,8,3985.2,3991.4,3995.4,3991.4,866.0,1037494260.0,89401
2023-05-11 09:32:28,IF2306,IF2306,3994.0,1.0,1198200.0,0.0,3,3993.2,3994.0,1,3985.2,3991.4,3995.4,3991.4,867.0,1038692460.0,89401
2023-05-11 09:32:28,IF2306,IF2306,3994.0,0.0,0.0,0.0,1,3993.4,3994.0,1,3985.2,3991.4,3995.4,3991.4,867.0,1038692460.0,89401
2023-05-11 09:32:29,IF2306,IF2306,3994.0,0.0,0.0,0.0,1,3993.6,3994.0,2,3985.2,3991.4,3995.4,3991.4,867.0,1038692460.0,89401
2023-05-11 09:32:29,IF2306,IF2306,3994.0,0.0,0.0,0.0,1,3993.4,3994.0,2,3985.2,3991.4,3995.4,3991.4,867.0,1038692460.0,89401
2023-05-11 09:32:30,IF2306,IF2306,3993.2,1.0,1197960.0,0.0,1,3993.2,3994.0,2,3985.2,3991.4,3995.4,3991.4,868.0,1039890420.0,89401
2023-05-11 09:32:31,IF2306,IF2306,3993.2,0.0,0.0,0.0,1,3993.0,3993.8,4,3985.2,3991.4,3995.4,3991.4,868.0,1039890420.0,89401
2023-05-11 09:32:32,IF2306,IF2306,3994.0,2.0,2396400.0,-1.0,4,3994.0,3994.4,2,3985.2,3991.4,3995.4,3991.4,870.0,1042286820.0,89400
2023-05-11 09:32:32,IF2306,IF2306,3994.0,5.0,5991000.0,-4.0,3,3993.0,3994.2,2,3985.2,3991.4,3995.4,3991.4,875.0,1048277820.0,89396
2023-05-11 09:32:33,IF2306,IF2306,3994.0,1.0,1198200.0,0.0,3,3993.2,3994.0,1,3985.2,3991.4,3995.4,3991.4,876.0,1049476020.0,89396
2023-05-11 09:32:33,IF2306,IF2306,3994.0,0.0,0.0,0.0,1,3993.2,3994.0,1,3985.2,3991.4,3995.4,3991.4,876.0,1049476020.0,89396
2023-05-11 09:32:34,IF2306,IF2306,3994.0,0.0,0.0,0.0,1,3993.2,3993.8,1,3985.2,3991.4,3995.4,3991.4,876.0,1049476020.0,89396
2023-05-11 09:32:34,IF2306,IF2306,3994.0,0.0,0.0,0.0,3,3993.0,3993.6,1,3985.2,3991.4,3995.4,3991.4,876.0,1049476020.0,89396
2023-05-11 09:32:35,IF2306,IF2306,3994.0,0.0,0.0,0.0,2,3993.0,3993.8,1,3985.2,3991.4,3995.4,3991.4,876.0,1049476020.0,89396
2023-05-11 09:32:35,IF2306,IF2306,3993.4,1.0,1198020.0,0.0,2,3993.0,3993.2,5,3985.2,3991.4,3995.4,3991.4,877.0,1050674040.0,89396
2023-05-11 09:32:36,IF2306,IF2306,3993.2,1.0,1197960.0,-1.0,3,3993.0,3993.2,4,3985.2,3991.4,3995.4,3991.4,878.0,1051872000.0,89395
2023-05-11 09:32:36,IF2306,IF2306,3993.2,3.0,3593880.0,-3.0,4,3993.0,3993.2,1,3985.2,3991.4,3995.4,3991.4,881.0,1055465880.0,89392
2023-05-11 09:32:37,IF2306,IF2306,3993.2,1.0,1197960.0,-1.0,4,3993.0,3993.8,1,3985.2,3991.4,3995.4,3991.4,882.0,1056663840.0,89391
2023-05-11 09:32:37,IF2306,IF2306,3993.2,0.0,0.0,0.0,4,3993.0,3994.0,2,3985.2,3991.4,3995.4,3991.4,882.0,1056663840.0,89391
2023-05-11 09:32:38,IF2306,IF2306,3993.2,0.0,0.0,0.0,2,3993.2,3993.8,2,3985.2,3991.4,3995.4,3991.4,882.0,1056663840.0,89391
2023-05-11 09:32:38,IF2306,IF2306,3993.2,0.0,0.0,0.0,1,3993.4,3994.0,2,3985.2,3991.4,3995.4,3991.4,882.0,1056663840.0,89391
2023-05-11 09:32:39,IF2306,IF2306,3993.2,0.0,0.0,0.0,2,3993.2,3993.8,1,3985.2,3991.4,3995.4,3991.4,882.0,1056663840.0,89391
2023-05-11 09:32:39,IF2306,IF2306,3993.2,0.0,0.0,0.0,2,3993.2,3994.0,2,3985.2,3991.4,3995.4,3991.4,882.0,1056663840.0,89391
2023-05-11 09:32:40,IF2306,IF2306,3993.2,0.0,0.0,0.0,2,3993.2,3993.8,4,3985.2,3991.4,3995.4,3991.4,882.0,1056663840.0,89391
2023-05-11 09:32:40,IF2306,IF2306,3993.2,0.0,0.0,0.0,1,3993.2,3993.8,1,3985.2,3991.4,3995.4,3991.4,882.0,1056663840.0,89391
2023-05-11 09:32:41,IF2306,IF2306,3993.2,0.0,0.0,0.0,2,3993.2,3993.8,2,3985.2,3991.4,3995.4,3991.4,882.0,1056663840.0,89391
2023-05-11 09:32:41,IF2306,IF2306,3993.2,0.0,0.0,0.0,2,3993.2,3993.8,1,3985.2,3991.4,3995.4,3991.4,882.0,1056663840.0,89391
2023-05-11 09:32:42,IF2306,IF2306,3993.2,0.0,0.0,0.0,2,3993.2,3993.8,3,3985.2,3991.4,3995.4,3991.4,882.0,1056663840.0,89391
2023-05-11 09:32:42,IF2306,IF2306,3993.2,0.0,0.0,0.0,2,3993.2,3993.6,4,3985.2,3991.4,3995.4,3991.4,882.0,1056663840.0,89391
2023-05-11 09:32:43,IF2306,IF2306,3993.2,0.0,0.0,0.0,2,3993.2,3993.8,2,3985.2,3991.4,3995.4,3991.4,882.0,1056663840.0,89391
2023-05-11 09:32:43,IF2306,IF2306,3993.2,0.0,0.0,0.0,2,3993.2,3993.8,1,3985.2,3991.4,3995.4,3991.4,882.0,1056663840.0,89391
2023-05-11 09:32:44,IF2306,IF2306,3993.2,0.0,0.0,0.0,2,3993.2,3993.8,2,3985.2,3991.4,3995.4,3991.4,882.0,1056663840.0,89391
2023-05-11 09:32:44,IF2306,IF2306,3993.2,0.0,0.0,0.0,1,3993.4,3993.8,3,3985.2,3991.4,3995.4,3991.4,882.0,1056663840.0,89391
2023-05-11 09:32:45,IF2306,IF2306,3993.8,3.0,3594420.0,-2.0,3,3993.6,3994.0,2,3985.2,3991.4,3995.4,3991.4,885.0,1060258260.0,89389
2023-05-11 09:32:45,IF2306,IF2306,3994.0,2.0,2396400.0,-2.0,1,3994.0,3994.6,1,3985.2,3991.4,3995.4,3991.4,887.0,1062654660.0,89387
2023-05-11 09:32:46,IF2306,IF2306,3994.0,1.0,1198200.0,-1.0,1,3994.2,3994.4,4,3985.2,3991.4,3995.4,3991.4,888.0,1063852860.0,89386
2023-05-11 09:32:46,IF2306,IF2306,3994.2,1.0,1198260.0,-1.0,1,3993.8,3994.2,3,3985.2,3991.4,3995.4,3991.4,889.0,1065051120.0,89385
2023-05-11 09:32:47,IF2306,IF2306,3994.2,0.0,0.0,0.0,1,3993.4,3994.2,1,3985.2,3991.4,3995.4,3991.4,889.0,1065051120.0,89385
2023-05-11 09:32:47,IF2306,IF2306,3994.2,0.0,0.0,0.0,3,3993.6,3994.4,1,3985.2,3991.4,3995.4,3991.4,889.0,1065051120.0,89385
2023-05-11 09:32:48,IF2306,IF2306,3993.6,3.0,3594240.0,-1.0,1,3993.4,3994.2,2,3985.2,3991.4,3995.4,3991.4,892.0,1068645360.0,89384
2023-05-11 09:32:48,IF2306,IF2306,3993.4,1.0,1198020.0,-1.0,2,3993.2,3994.2,2,3985.2,3991.4,3995.4,3991.4,893.0,1069843380.0,89383
2023-05-11 09:32:49,IF2306,IF2306,3993.4,0.0,0.0,0.0,2,3993.2,3993.8,2,3985.2,3991.4,3995.4,3991.4,893.0,1069843380.0,89383
2023-05-11 09:32:49,IF2306,IF2306,3993.4,3.0,3593940.0,1.0,3,3993.0,3993.6,1,3985.2,3991.4,3995.4,3991.4,896.0,1073437320.0,89384
2023-05-11 09:32:50,IF2306,IF2306,3993.6,1.0,1198080.0,0.0,2,3993.2,3994.0,2,3985.2,3991.4,3995.4,3991.4,897.0,1074635400.0,89384
2023-05-11 09:32:51,IF2306,IF2306,3993.2,1.0,1197960.0,0.0,4,3993.0,3993.8,4,3985.2,3991.4,3995.4,3991.4,898.0,1075833360.0,89384
2023-05-11 09:32:51,IF2306,IF2306,3993.2,0.0,0.0,0.0,1,3993.2,3993.8,2,3985.2,3991.4,3995.4,3991.4,898.0,1075833360.0,89384
2023-05-11 09:32:52,IF2306,IF2306,3993.2,0.0,0.0,0.0,1,3993.2,3994.0,2,3985.2,3991.4,3995.4,3991.4,898.0,1075833360.0,89384
2023-05-11 09:32:52,IF2306,IF2306,3993.2,0.0,0.0,0.0,3,3993.0,3993.8,5,3985.2,3991.4,3995.4,3991.4,898.0,1075833360.0,89384
2023-05-11 09:32:53,IF2306,IF2306,3993.2,0.0,0.0,0.0,3,3993.0,3993.6,1,3985.2,3991.4,3995.4,3991.4,898.0,1075833360.0,89384
2023-05-11 09:32:53,IF2306,IF2306,3993.2,0.0,0.0,0.0,4,3993.0,3994.0,2,3985.2,3991.4,3995.4,3991.4,898.0,1075833360.0,89384
2023-05-11 09:32:54,IF2306,IF2306,3993.2,0.0,0.0,0.0,1,3994.0,3994.2,1,3985.2,3991.4,3995.4,3991.4,898.0,1075833360.0,89384
2023-05-11 09:32:54,IF2306,IF2306,3994.0,1.0,1198200.0,0.0,2,3993.6,3994.0,2,3985.2,3991.4,3995.4,3991.4,899.0,1077031560.0,89384
2023-05-11 09:32:55,IF2306,IF2306,3994.0,3.0,3594600.0,-2.0,2,3993.6,3994.6,1,3985.2,3991.4,3995.4,3991.4,902.0,1080626160.0,89382
2023-05-11 09:32:55,IF2306,IF2306,3993.8,1.0,1198140.0,-1.0,2,3993.6,3994.4,4,3985.2,3991.4,3995.4,3991.4,903.0,1081824300.0,89381
2023-05-11 09:32:56,IF2306,IF2306,3993.8,0.0,0.0,0.0,1,3993.8,3994.4,1,3985.2,3991.4,3995.4,3991.4,903.0,1081824300.0,89381
2023-05-11 09:32:56,IF2306,IF2306,3993.8,1.0,1198140.0,-1.0,2,3993.6,3993.8,1,3985.2,3991.4,3995.4,3991.4,904.0,1083022440.0,89380
2023-05-11 09:32:57,IF2306,IF2306,3993.6,2.0,2396160.0,-2.0,5,3993.0,3993.6,2,3985.2,3991.4,3995.4,3991.4,906.0,1085418600.0,89378
2023-05-11 09:32:57,IF2306,IF2306,3993.6,0.0,0.0,0.0,1,3993.2,3993.6,1,3985.2,3991.4,3995.4,3991.4,906.0,1085418600.0,89378
2023-05-11 09:32:58,IF2306,IF2306,3993.6,1.0,1198080.0,0.0,7,3993.0,3993.4,5,3985.2,3991.4,3995.4,3991.4,907.0,1086616680.0,89378
2023-05-11 09:32:58,IF2306,IF2306,3993.6,0.0,0.0,0.0,1,3993.6,3993.8,2,3985.2,3991.4,3995.4,3991.4,907.0,1086616680.0,89378
2023-05-11 09:32:59,IF2306,IF2306,3993.6,2.0,2396160.0,-1.0,6,3993.0,3993.6,8,3985.2,3991.4,3995.4,3991.4,909.0,1089012840.0,89377
2023-05-11 09:32:59,IF2306,IF2306,3993.6,0.0,0.0,0.0,6,3993.0,3993.6,5,3985.2,3991.4,3995.4,3991.4,909.0,1089012840.0,89377
2023-05-11 09:33:00,IF2306,IF2306,3993.0,6.0,7188360.0,-4.0,5,3993.0,3994.0,7,3985.2,3991.4,3995.4,3991.4,915.0,1096201200.0,89373
2023-05-11 09:33:00,IF2306,IF2306,3994.0,2.0,2396340.0,-1.0,2,3993.4,3994.0,6,3985.2,3991.4,3995.4,3991.4,917.0,1098597540.0,89372
2023-05-11 09:33:01,IF2306,IF2306,3994.0,0.0,0.0,0.0,2,3993.6,3994.0,6,3985.2,3991.4,3995.4,3991.4,917.0,1098597540.0,89372
2023-05-11 09:33:02,IF2306,IF2306,3993.6,2.0,2396160.0,0.0,4,3993.2,3993.8,1,3985.2,3991.4,3995.4,3991.4,919.0,1100993700.0,89372
2023-05-11 09:33:02,IF2306,IF2306,3994.0,7.0,8387340.0,-7.0,2,3994.0,3994.6,2,3985.2,3991.4,3995.4,3991.4,926.0,1109381040.0,89365
2023-05-11 09:33:03,IF2306,IF2306,3994.0,2.0,2396400.0,-2.0,3,3993.4,3994.0,7,3985.2,3991.4,3995.4,3991.4,928.0,1111777440.0,89363
2023-05-11 09:33:03,IF2306,IF2306,3993.0,6.0,7187520.0,-5.0,2,3993.0,3993.8,1,3985.2,3991.4,3995.4,3991.4,934.0,1118964960.0,89358
2023-05-11 09:33:04,IF2306,IF2306,3993.0,2.0,2395800.0,-1.0,2,3992.8,3993.6,3,3985.2,3991.4,3995.4,3991.4,936.0,1121360760.0,89357
2023-05-11 09:33:04,IF2306,IF2306,3993.0,0.0,0.0,0.0,1,3992.6,3993.4,1,3985.2,3991.4,3995.4,3991.4,936.0,1121360760.0,89357
2023-05-11 09:33:05,IF2306,IF2306,3993.0,0.0,0.0,0.0,1,3992.6,3993.2,2,3985.2,3991.4,3995.4,3991.4,936.0,1121360760.0,89357
2023-05-11 09:33:06,IF2306,IF2306,3993.0,0.0,0.0,0.0,1,3992.6,3993.0,1,3985.2,3991.4,3995.4,3991.4,936.0,1121360760.0,89357
2023-05-11 09:33:06,IF2306,IF2306,3992.6,1.0,1197780.0,-1.0,1,3992.4,3993.0,1,3985.2,3991.4,3995.4,3991.4,937.0,1122558540.0,89356
2023-05-11 09:33:07,IF2306,IF2306,3993.0,1.0,1197900.0,1.0,1,3992.6,3993.4,2,3985.2,3991.4,3995.4,3991.4,938.0,1123756440.0,89357
2023-05-11 09:33:07,IF2306,IF2306,3992.6,2.0,2395560.0,-1.0,1,3992.4,3993.2,1,3985.2,3991.4,3995.4,3991.4,940.0,1126152000.0,89356
2023-05-11 09:33:08,IF2306,IF2306,3992.6,0.0,0.0,0.0,2,3993.0,3993.4,1,3985.2,3991.4,3995.4,3991.4,940.0,1126152000.0,89356
2023-05-11 09:33:08,IF2306,IF2306,3993.0,3.0,3593700.0,-3.0,3,3992.6,3993.4,1,3985.2,3991.4,3995.4,3991.4,943.0,1129745700.0,89353
2023-05-11 09:33:09,IF2306,IF2306,3993.0,0.0,0.0,0.0,1,3992.6,3993.4,2,3985.2,3991.4,3995.4,3991.4,943.0,1129745700.0,89353
2023-05-11 09:33:09,IF2306,IF2306,3993.0,0.0,0.0,0.0,1,3992.4,3993.0,1,3985.2,3991.4,3995.4,3991.4,943.0,1129745700.0,89353
2023-05-11 09:33:10,IF2306,IF2306,3993.0,1.0,1197900.0,0.0,1,3992.4,3993.0,1,3985.2,3991.4,3995.4,3991.4,944.0,1130943600.0,89353
2023-05-11 09:33:11,IF2306,IF2306,3992.4,2.0,2395440.0,0.0,20,3992.0,3993.0,1,3985.2,3991.4,3995.4,3991.4,946.0,1133339040.0,89353
2023-05-11 09:33:12,IF2306,IF2306,3992.4,0.0,0.0,0.0,20,3992.0,3992.8,5,3985.2,3991.4,3995.4,3991.4,946.0,1133339040.0,89353
2023-05-11 09:33:12,IF2306,IF2306,3992.4,0.0,0.0,0.0,20,3992.0,3992.8,6,3985.2,3991.4,3995.4,3991.4,946.0,1133339040.0,89353
2023-05-11 09:33:13,IF2306,IF2306,3992.4,0.0,0.0,0.0,20,3992.0,3992.6,2,3985.2,3991.4,3995.4,3991.4,946.0,1133339040.0,89353
2023-05-11 09:33:13,IF2306,IF2306,3992.4,0.0,0.0,0.0,20,3992.0,3992.4,1,3985.2,3991.4,3995.4,3991.4,946.0,1133339040.0,89353
2023-05-11 09:33:14,IF2306,IF2306,3992.4,0.0,0.0,0.0,1,3992.2,3992.6,1,3985.2,3991.4,3995.4,3991.4,946.0,1133339040.0,89353
2023-05-11 09:33:15,IF2306,IF2306,3992.6,2.0,2395620.0,-1.0,1,3992.2,3992.8,1,3985.2,3991.4,3995.4,3991.4,948.0,1135734660.0,89352
2023-05-11 09:33:15,IF2306,IF2306,3992.8,1.0,1197840.0,-1.0,1,3992.2,3993.0,6,3985.2,3991.4,3995.4,3991.4,949.0,1136932500.0,89351
2023-05-11 09:33:16,IF2306,IF2306,3993.0,4.0,4791480.0,-4.0,1,3992.2,3993.0,3,3985.2,3991.4,3995.4,3991.4,953.0,1141723980.0,89347
2023-05-11 09:33:16,IF2306,IF2306,3993.0,2.0,2395800.0,-2.0,5,3992.4,3993.0,2,3985.2,3991.4,3995.4,3991.4,955.0,1144119780.0,89345
2023-05-11 09:33:17,IF2306,IF2306,3993.0,0.0,0.0,0.0,1,3992.6,3993.0,2,3985.2,3991.4,3995.4,3991.4,955.0,1144119780.0,89345
2023-05-11 09:33:17,IF2306,IF2306,3992.4,1.0,1197720.0,0.0,1,3992.4,3993.0,2,3985.2,3991.4,3995.4,3991.4,956.0,1145317500.0,89345
2023-05-11 09:33:18,IF2306,IF2306,3993.0,1.0,1197900.0,0.0,1,3992.2,3993.0,6,3985.2,3991.4,3995.4,3991.4,957.0,1146515400.0,89345
2023-05-11 09:33:18,IF2306,IF2306,3993.0,5.0,5989500.0,-5.0,4,3992.4,3992.6,2,3985.2,3991.4,3995.4,3991.4,962.0,1152504900.0,89340
2023-05-11 09:33:19,IF2306,IF2306,3992.6,3.0,3593340.0,-3.0,3,3992.6,3993.0,1,3985.2,3991.4,3995.4,3991.4,965.0,1156098240.0,89337
2023-05-11 09:33:20,IF2306,IF2306,3993.0,1.0,1197900.0,-1.0,5,3992.6,3993.4,2,3985.2,3991.4,3995.4,3991.4,966.0,1157296140.0,89336
2023-05-11 09:33:20,IF2306,IF2306,3993.0,0.0,0.0,0.0,2,3993.0,3993.2,1,3985.2,3991.4,3995.4,3991.4,966.0,1157296140.0,89336
2023-05-11 09:33:21,IF2306,IF2306,3993.0,0.0,0.0,0.0,2,3993.0,3993.4,2,3985.2,3991.4,3995.4,3991.4,966.0,1157296140.0,89336
2023-05-11 09:33:22,IF2306,IF2306,3993.0,2.0,2395800.0,-2.0,1,3993.2,3993.4,2,3985.2,3991.4,3995.4,3991.4,968.0,1159691940.0,89334
2023-05-11 09:33:22,IF2306,IF2306,3993.2,1.0,1197960.0,-1.0,1,3992.4,3993.2,3,3985.2,3991.4,3995.4,3991.4,969.0,1160889900.0,89333
2023-05-11 09:33:23,IF2306,IF2306,3992.6,2.0,2395560.0,0.0,3,3992.4,3993.2,2,3985.2,3991.4,3995.4,3991.4,971.0,1163285460.0,89333
2023-05-11 09:33:24,IF2306,IF2306,3992.6,0.0,0.0,0.0,1,3992.6,3993.2,2,3985.2,3991.4,3995.4,3991.4,971.0,1163285460.0,89333
2023-05-11 09:33:24,IF2306,IF2306,3992.6,0.0,0.0,0.0,2,3992.4,3993.2,3,3985.2,3991.4,3995.4,3991.4,971.0,1163285460.0,89333
2023-05-11 09:33:25,IF2306,IF2306,3992.6,1.0,1197780.0,-1.0,2,3992.4,3993.2,3,3985.2,3991.4,3995.4,3991.4,972.0,1164483240.0,89332
2023-05-11 09:33:26,IF2306,IF2306,3992.6,0.0,0.0,0.0,3,3992.4,3993.2,3,3985.2,3991.4,3995.4,3991.4,972.0,1164483240.0,89332
2023-05-11 09:33:28,IF2306,IF2306,3992.6,0.0,0.0,0.0,3,3992.4,3993.0,3,3985.2,3991.4,3995.4,3991.4,972.0,1164483240.0,89332
2023-05-11 09:33:29,IF2306,IF2306,3992.6,0.0,0.0,0.0,2,3992.4,3993.0,3,3985.2,3991.4,3995.4,3991.4,972.0,1164483240.0,89332
2023-05-11 09:33:29,IF2306,IF2306,3992.4,2.0,2395440.0,0.0,3,3992.2,3992.8,1,3985.2,3991.4,3995.4,3991.4,974.0,1166878680.0,89332
2023-05-11 09:33:30,IF2306,IF2306,3992.0,11.0,13173780.0,-4.0,13,3992.0,3992.4,1,3985.2,3991.4,3995.4,3991.4,985.0,1180052460.0,89328
2023-05-11 09:33:30,IF2306,IF2306,3991.8,15.0,17964060.0,-1.0,1,3991.8,3992.8,3,3985.2,3991.4,3995.4,3991.4,1000.0,1198016520.0,89327
2023-05-11 09:33:31,IF2306,IF2306,3991.6,2.0,2395020.0,-2.0,1,3991.0,3991.8,5,3985.2,3991.4,3995.4,3991.4,1002.0,1200411540.0,89325
2023-05-11 09:33:31,IF2306,IF2306,3991.6,0.0,0.0,0.0,1,3991.0,3991.6,1,3985.2,3991.4,3995.4,3991.4,1002.0,1200411540.0,89325
2023-05-11 09:33:32,IF2306,IF2306,3991.6,0.0,0.0,0.0,1,3991.2,3991.8,2,3985.2,3991.4,3995.4,3991.4,1002.0,1200411540.0,89325
2023-05-11 09:33:32,IF2306,IF2306,3991.6,0.0,0.0,0.0,1,3991.0,3991.8,2,3985.2,3991.4,3995.4,3991.4,1002.0,1200411540.0,89325
2023-05-11 09:33:33,IF2306,IF2306,3991.0,1.0,1197300.0,0.0,1,3991.0,3991.8,2,3985.2,3991.4,3995.4,3991.0,1003.0,1201608840.0,89325
2023-05-11 09:33:33,IF2306,IF2306,3991.0,0.0,0.0,0.0,2,3991.0,3991.6,1,3985.2,3991.4,3995.4,3991.0,1003.0,1201608840.0,89325
2023-05-11 09:33:34,IF2306,IF2306,3991.0,1.0,1197300.0,0.0,1,3991.0,3991.8,2,3985.2,3991.4,3995.4,3991.0,1004.0,1202806140.0,89325
2023-05-11 09:33:34,IF2306,IF2306,3991.0,0.0,0.0,0.0,1,3991.2,3991.8,2,3985.2,3991.4,3995.4,3991.0,1004.0,1202806140.0,89325
2023-05-11 09:33:35,IF2306,IF2306,3991.0,0.0,0.0,0.0,1,3991.0,3991.2,1,3985.2,3991.4,3995.4,3991.0,1004.0,1202806140.0,89325
2023-05-11 09:33:35,IF2306,IF2306,3991.2,2.0,2394720.0,-1.0,1,3991.0,3991.8,2,3985.2,3991.4,3995.4,3991.0,1006.0,1205200860.0,89324
2023-05-11 09:33:36,IF2306,IF2306,3991.2,0.0,0.0,0.0,1,3991.0,3991.6,2,3985.2,3991.4,3995.4,3991.0,1006.0,1205200860.0,89324
2023-05-11 09:33:36,IF2306,IF2306,3991.8,1.0,1197540.0,-1.0,3,3991.2,3991.8,2,3985.2,3991.4,3995.4,3991.0,1007.0,1206398400.0,89323
2023-05-11 09:33:37,IF2306,IF2306,3991.8,0.0,0.0,0.0,1,3991.4,3992.4,2,3985.2,3991.4,3995.4,3991.0,1007.0,1206398400.0,89323
2023-05-11 09:33:37,IF2306,IF2306,3991.6,1.0,1197480.0,-1.0,1,3991.4,3992.2,3,3985.2,3991.4,3995.4,3991.0,1008.0,1207595880.0,89322
2023-05-11 09:33:38,IF2306,IF2306,3991.2,1.0,1197360.0,1.0,4,3991.2,3992.0,1,3985.2,3991.4,3995.4,3991.0,1009.0,1208793240.0,89323
2023-05-11 09:33:38,IF2306,IF2306,3991.2,0.0,0.0,0.0,2,3991.2,3991.8,4,3985.2,3991.4,3995.4,3991.0,1009.0,1208793240.0,89323
2023-05-11 09:33:39,IF2306,IF2306,3991.2,0.0,0.0,0.0,2,3991.2,3991.8,2,3985.2,3991.4,3995.4,3991.0,1009.0,1208793240.0,89323
2023-05-11 09:33:39,IF2306,IF2306,3991.2,1.0,1197360.0,-1.0,1,3991.2,3991.8,1,3985.2,3991.4,3995.4,3991.0,1010.0,1209990600.0,89322
2023-05-11 09:33:42,IF2306,IF2306,3991.8,1.0,1197540.0,-1.0,1,3991.2,3992.0,1,3985.2,3991.4,3995.4,3991.0,1011.0,1211188140.0,89321
2023-05-11 09:33:43,IF2306,IF2306,3991.4,1.0,1197420.0,0.0,2,3991.4,3992.2,1,3985.2,3991.4,3995.4,3991.0,1012.0,1212385560.0,89321
2023-05-11 09:33:43,IF2306,IF2306,3991.4,0.0,0.0,0.0,1,3991.4,3992.0,2,3985.2,3991.4,3995.4,3991.0,1012.0,1212385560.0,89321
2023-05-11 09:33:44,IF2306,IF2306,3992.2,1.0,1197660.0,0.0,1,3991.6,3992.4,2,3985.2,3991.4,3995.4,3991.0,1013.0,1213583220.0,89321
2023-05-11 09:33:44,IF2306,IF2306,3992.6,2.0,2395380.0,0.0,2,3992.0,3993.0,2,3985.2,3991.4,3995.4,3991.0,1015.0,1215978600.0,89321
2023-05-11 09:33:45,IF2306,IF2306,3993.0,4.0,4791480.0,-4.0,1,3992.6,3993.2,3,3985.2,3991.4,3995.4,3991.0,1019.0,1220770080.0,89317
2023-05-11 09:33:45,IF2306,IF2306,3993.4,5.0,5989920.0,-5.0,1,3993.0,3993.8,1,3985.2,3991.4,3995.4,3991.0,1024.0,1226760000.0,89312
2023-05-11 09:33:46,IF2306,IF2306,3993.4,1.0,1198020.0,-1.0,2,3992.4,3993.8,1,3985.2,3991.4,3995.4,3991.0,1025.0,1227958020.0,89311
2023-05-11 09:33:46,IF2306,IF2306,3993.4,0.0,0.0,0.0,2,3992.6,3993.8,1,3985.2,3991.4,3995.4,3991.0,1025.0,1227958020.0,89311
2023-05-11 09:33:47,IF2306,IF2306,3993.4,0.0,0.0,0.0,2,3992.8,3993.6,6,3985.2,3991.4,3995.4,3991.0,1025.0,1227958020.0,89311
2023-05-11 09:33:47,IF2306,IF2306,3993.4,0.0,0.0,0.0,2,3992.8,3993.8,1,3985.2,3991.4,3995.4,3991.0,1025.0,1227958020.0,89311
2023-05-11 09:33:48,IF2306,IF2306,3993.4,0.0,0.0,0.0,1,3993.0,3993.6,3,3985.2,3991.4,3995.4,3991.0,1025.0,1227958020.0,89311
2023-05-11 09:33:48,IF2306,IF2306,3993.4,0.0,0.0,0.0,1,3993.0,3993.8,2,3985.2,3991.4,3995.4,3991.0,1025.0,1227958020.0,89311
2023-05-11 09:33:49,IF2306,IF2306,3993.4,0.0,0.0,0.0,1,3993.0,3993.6,6,3985.2,3991.4,3995.4,3991.0,1025.0,1227958020.0,89311
2023-05-11 09:33:49,IF2306,IF2306,3993.4,0.0,0.0,0.0,1,3993.0,3993.4,3,3985.2,3991.4,3995.4,3991.0,1025.0,1227958020.0,89311
2023-05-11 09:33:50,IF2306,IF2306,3993.4,1.0,1198020.0,-1.0,2,3992.8,3993.6,3,3985.2,3991.4,3995.4,3991.0,1026.0,1229156040.0,89310
2023-05-11 09:33:50,IF2306,IF2306,3993.4,0.0,0.0,0.0,1,3992.8,3993.4,1,3985.2,3991.4,3995.4,3991.0,1026.0,1229156040.0,89310
2023-05-11 09:33:51,IF2306,IF2306,3993.4,0.0,0.0,0.0,1,3993.0,3993.4,2,3985.2,3991.4,3995.4,3991.0,1026.0,1229156040.0,89310
2023-05-11 09:33:51,IF2306,IF2306,3993.4,2.0,2396040.0,0.0,3,3993.4,3993.8,2,3985.2,3991.4,3995.4,3991.0,1028.0,1231552080.0,89310
2023-05-11 09:33:52,IF2306,IF2306,3993.8,1.0,1198140.0,0.0,3,3993.4,3993.8,1,3985.2,3991.4,3995.4,3991.0,1029.0,1232750220.0,89310
2023-05-11 09:33:53,IF2306,IF2306,3993.8,0.0,0.0,0.0,4,3993.4,3993.8,1,3985.2,3991.4,3995.4,3991.0,1029.0,1232750220.0,89310
2023-05-11 09:33:53,IF2306,IF2306,3993.8,0.0,0.0,0.0,4,3993.4,3993.8,2,3985.2,3991.4,3995.4,3991.0,1029.0,1232750220.0,89310
2023-05-11 09:33:54,IF2306,IF2306,3993.4,1.0,1198020.0,-1.0,3,3993.4,3993.8,2,3985.2,3991.4,3995.4,3991.0,1030.0,1233948240.0,89309
2023-05-11 09:33:55,IF2306,IF2306,3994.0,4.0,4792680.0,-3.0,1,3993.6,3994.0,1,3985.2,3991.4,3995.4,3991.0,1034.0,1238740920.0,89306
2023-05-11 09:33:56,IF2306,IF2306,3994.0,1.0,1198200.0,0.0,1,3993.6,3994.6,2,3985.2,3991.4,3995.4,3991.0,1035.0,1239939120.0,89306
2023-05-11 09:33:56,IF2306,IF2306,3994.0,0.0,0.0,0.0,3,3993.4,3993.8,1,3985.2,3991.4,3995.4,3991.0,1035.0,1239939120.0,89306
2023-05-11 09:33:57,IF2306,IF2306,3993.4,1.0,1198020.0,-1.0,2,3993.4,3993.6,1,3985.2,3991.4,3995.4,3991.0,1036.0,1241137140.0,89305
2023-05-11 09:33:58,IF2306,IF2306,3993.4,2.0,2396040.0,-2.0,5,3993.0,3993.6,1,3985.2,3991.4,3995.4,3991.0,1038.0,1243533180.0,89303
2023-05-11 09:33:59,IF2306,IF2306,3993.4,0.0,0.0,0.0,6,3993.0,3993.6,1,3985.2,3991.4,3995.4,3991.0,1038.0,1243533180.0,89303
2023-05-11 09:34:00,IF2306,IF2306,3993.2,4.0,4792020.0,-4.0,6,3993.0,3993.8,1,3985.2,3991.4,3995.4,3991.0,1042.0,1248325200.0,89299
2023-05-11 09:34:01,IF2306,IF2306,3993.2,0.0,0.0,0.0,2,3993.2,3993.8,1,3985.2,3991.4,3995.4,3991.0,1042.0,1248325200.0,89299
2023-05-11 09:34:02,IF2306,IF2306,3993.2,0.0,0.0,0.0,2,3993.2,3993.8,2,3985.2,3991.4,3995.4,3991.0,1042.0,1248325200.0,89299
2023-05-11 09:34:02,IF2306,IF2306,3993.2,0.0,0.0,0.0,1,3993.2,3993.6,6,3985.2,3991.4,3995.4,3991.0,1042.0,1248325200.0,89299
2023-05-11 09:34:03,IF2306,IF2306,3993.2,1.0,1197960.0,-1.0,6,3993.0,3993.2,9,3985.2,3991.4,3995.4,3991.0,1043.0,1249523160.0,89298
2023-05-11 09:34:03,IF2306,IF2306,3993.2,9.0,10781640.0,-9.0,6,3993.0,3993.8,2,3985.2,3991.4,3995.4,3991.0,1052.0,1260304800.0,89289
2023-05-11 09:34:04,IF2306,IF2306,3993.2,0.0,0.0,0.0,3,3993.2,3993.8,2,3985.2,3991.4,3995.4,3991.0,1052.0,1260304800.0,89289
2023-05-11 09:34:04,IF2306,IF2306,3993.2,0.0,0.0,0.0,1,3993.4,3993.8,2,3985.2,3991.4,3995.4,3991.0,1052.0,1260304800.0,89289
2023-05-11 09:34:05,IF2306,IF2306,3993.2,0.0,0.0,0.0,1,3993.4,3993.8,3,3985.2,3991.4,3995.4,3991.0,1052.0,1260304800.0,89289
2023-05-11 09:34:05,IF2306,IF2306,3993.4,2.0,2396040.0,-1.0,2,3993.2,3993.4,8,3985.2,3991.4,3995.4,3991.0,1054.0,1262700840.0,89288
2023-05-11 09:34:06,IF2306,IF2306,3993.2,2.0,2395980.0,-1.0,5,3993.0,3993.2,9,3985.2,3991.4,3995.4,3991.0,1056.0,1265096820.0,89287
2023-05-11 09:34:06,IF2306,IF2306,3993.0,11.0,13177260.0,-7.0,1,3992.8,3993.0,5,3985.2,3991.4,3995.4,3991.0,1067.0,1278274080.0,89280
2023-05-11 09:34:07,IF2306,IF2306,3993.0,0.0,0.0,0.0,1,3992.8,3993.0,9,3985.2,3991.4,3995.4,3991.0,1067.0,1278274080.0,89280
2023-05-11 09:34:07,IF2306,IF2306,3992.6,2.0,2395620.0,-2.0,3,3992.2,3993.0,10,3985.2,3991.4,3995.4,3991.0,1069.0,1280669700.0,89278
2023-05-11 09:34:08,IF2306,IF2306,3992.6,0.0,0.0,0.0,1,3992.4,3992.8,7,3985.2,3991.4,3995.4,3991.0,1069.0,1280669700.0,89278
2023-05-11 09:34:08,IF2306,IF2306,3992.2,2.0,2395320.0,-2.0,2,3991.8,3992.6,4,3985.2,3991.4,3995.4,3991.0,1071.0,1283065020.0,89276
2023-05-11 09:34:09,IF2306,IF2306,3992.2,0.0,0.0,0.0,3,3992.0,3992.4,2,3985.2,3991.4,3995.4,3991.0,1071.0,1283065020.0,89276
2023-05-11 09:34:09,IF2306,IF2306,3992.2,0.0,0.0,0.0,3,3991.8,3992.4,2,3985.2,3991.4,3995.4,3991.0,1071.0,1283065020.0,89276
2023-05-11 09:34:10,IF2306,IF2306,3992.2,0.0,0.0,0.0,4,3991.8,3992.4,3,3985.2,3991.4,3995.4,3991.0,1071.0,1283065020.0,89276
2023-05-11 09:34:10,IF2306,IF2306,3992.2,0.0,0.0,0.0,5,3991.8,3992.4,1,3985.2,3991.4,3995.4,3991.0,1071.0,1283065020.0,89276
2023-05-11 09:34:11,IF2306,IF2306,3992.2,0.0,0.0,0.0,1,3992.0,3992.8,2,3985.2,3991.4,3995.4,3991.0,1071.0,1283065020.0,89276
2023-05-11 09:34:11,IF2306,IF2306,3992.2,0.0,0.0,0.0,1,3992.0,3993.0,9,3985.2,3991.4,3995.4,3991.0,1071.0,1283065020.0,89276
2023-05-11 09:34:12,IF2306,IF2306,3992.2,0.0,0.0,0.0,3,3992.4,3992.8,2,3985.2,3991.4,3995.4,3991.0,1071.0,1283065020.0,89276
2023-05-11 09:34:12,IF2306,IF2306,3992.2,0.0,0.0,0.0,5,3992.2,3993.0,9,3985.2,3991.4,3995.4,3991.0,1071.0,1283065020.0,89276
2023-05-11 09:34:13,IF2306,IF2306,3992.2,0.0,0.0,0.0,1,3992.6,3993.0,9,3985.2,3991.4,3995.4,3991.0,1071.0,1283065020.0,89276
2023-05-11 09:34:13,IF2306,IF2306,3992.2,0.0,0.0,0.0,2,3992.4,3992.8,4,3985.2,3991.4,3995.4,3991.0,1071.0,1283065020.0,89276
2023-05-11 09:34:14,IF2306,IF2306,3993.0,1.0,1197900.0,0.0,2,3992.2,3993.0,8,3985.2,3991.4,3995.4,3991.0,1072.0,1284262920.0,89276
2023-05-11 09:34:14,IF2306,IF2306,3993.0,0.0,0.0,0.0,2,3992.4,3992.8,2,3985.2,3991.4,3995.4,3991.0,1072.0,1284262920.0,89276
2023-05-11 09:34:15,IF2306,IF2306,3993.0,0.0,0.0,0.0,1,3992.4,3992.8,1,3985.2,3991.4,3995.4,3991.0,1072.0,1284262920.0,89276
2023-05-11 09:34:15,IF2306,IF2306,3993.0,0.0,0.0,0.0,1,3992.4,3992.6,3,3985.2,3991.4,3995.4,3991.0,1072.0,1284262920.0,89276
2023-05-11 09:34:16,IF2306,IF2306,3993.0,0.0,0.0,0.0,2,3992.2,3993.0,9,3985.2,3991.4,3995.4,3991.0,1072.0,1284262920.0,89276
2023-05-11 09:34:16,IF2306,IF2306,3993.0,0.0,0.0,0.0,2,3992.2,3992.8,6,3985.2,3991.4,3995.4,3991.0,1072.0,1284262920.0,89276
2023-05-11 09:34:17,IF2306,IF2306,3993.0,0.0,0.0,0.0,1,3992.2,3992.4,1,3985.2,3991.4,3995.4,3991.0,1072.0,1284262920.0,89276
2023-05-11 09:34:17,IF2306,IF2306,3992.4,1.0,1197720.0,0.0,1,3992.2,3992.8,3,3985.2,3991.4,3995.4,3991.0,1073.0,1285460640.0,89276
2023-05-11 09:34:18,IF2306,IF2306,3992.4,0.0,0.0,0.0,1,3992.2,3992.6,1,3985.2,3991.4,3995.4,3991.0,1073.0,1285460640.0,89276
2023-05-11 09:34:19,IF2306,IF2306,3992.4,1.0,1197720.0,0.0,1,3992.2,3992.4,2,3985.2,3991.4,3995.4,3991.0,1074.0,1286658360.0,89276
2023-05-11 09:34:20,IF2306,IF2306,3993.0,6.0,7187400.0,-6.0,2,3992.4,3993.0,3,3985.2,3991.4,3995.4,3991.0,1080.0,1293845760.0,89270
2023-05-11 09:34:20,IF2306,IF2306,3993.0,3.0,3593700.0,-2.0,2,3992.8,3993.2,13,3985.2,3991.4,3995.4,3991.0,1083.0,1297439460.0,89268
2023-05-11 09:34:21,IF2306,IF2306,3993.2,12.0,14375520.0,-11.0,3,3993.0,3993.2,1,3985.2,3991.4,3995.4,3991.0,1095.0,1311814980.0,89257
2023-05-11 09:34:21,IF2306,IF2306,3993.4,6.0,7188060.0,-5.0,9,3993.2,3993.4,2,3985.2,3991.4,3995.4,3991.0,1101.0,1319003040.0,89252
2023-05-11 09:34:22,IF2306,IF2306,3993.8,3.0,3594180.0,-2.0,2,3993.6,3993.8,4,3985.2,3991.4,3995.4,3991.0,1104.0,1322597220.0,89250
2023-05-11 09:34:22,IF2306,IF2306,3993.4,3.0,3594180.0,-3.0,2,3993.2,3993.6,4,3985.2,3991.4,3995.4,3991.0,1107.0,1326191400.0,89247
2023-05-11 09:34:23,IF2306,IF2306,3993.0,4.0,4791720.0,-4.0,1,3992.4,3993.2,3,3985.2,3991.4,3995.4,3991.0,1111.0,1330983120.0,89243
2023-05-11 09:34:23,IF2306,IF2306,3993.0,0.0,0.0,0.0,2,3992.6,3993.4,2,3985.2,3991.4,3995.4,3991.0,1111.0,1330983120.0,89243
2023-05-11 09:34:24,IF2306,IF2306,3992.4,5.0,5988960.0,-4.0,1,3992.2,3992.4,5,3985.2,3991.4,3995.4,3991.0,1116.0,1336972080.0,89239
2023-05-11 09:34:24,IF2306,IF2306,3992.2,18.0,21558840.0,-13.0,1,3992.4,3992.6,8,3985.2,3991.4,3995.4,3991.0,1134.0,1358530920.0,89226
2023-05-11 09:34:25,IF2306,IF2306,3992.4,5.0,5988780.0,-5.0,3,3992.0,3992.4,18,3985.2,3991.4,3995.4,3991.0,1139.0,1364519700.0,89221
2023-05-11 09:34:25,IF2306,IF2306,3992.4,3.0,3593160.0,-1.0,3,3992.0,3992.4,15,3985.2,3991.4,3995.4,3991.0,1142.0,1368112860.0,89220
2023-05-11 09:34:26,IF2306,IF2306,3992.4,0.0,0.0,0.0,4,3992.0,3992.4,15,3985.2,3991.4,3995.4,3991.0,1142.0,1368112860.0,89220
2023-05-11 09:34:27,IF2306,IF2306,3992.4,5.0,5988600.0,-5.0,3,3992.0,3992.4,11,3985.2,3991.4,3995.4,3991.0,1147.0,1374101460.0,89215
2023-05-11 09:34:27,IF2306,IF2306,3992.4,1.0,1197720.0,-1.0,3,3992.0,3992.4,10,3985.2,3991.4,3995.4,3991.0,1148.0,1375299180.0,89214
2023-05-11 09:34:28,IF2306,IF2306,3992.0,3.0,3592800.0,-3.0,1,3992.0,3992.4,10,3985.2,3991.4,3995.4,3991.0,1151.0,1378891980.0,89211
2023-05-11 09:34:28,IF2306,IF2306,3992.0,2.0,2395200.0,-2.0,1,3991.8,3992.4,10,3985.2,3991.4,3995.4,3991.0,1153.0,1381287180.0,89209
2023-05-11 09:34:29,IF2306,IF2306,3992.0,0.0,0.0,0.0,1,3991.8,3992.2,1,3985.2,3991.4,3995.4,3991.0,1153.0,1381287180.0,89209
2023-05-11 09:34:29,IF2306,IF2306,3992.4,2.0,2395440.0,-2.0,1,3991.8,3992.4,8,3985.2,3991.4,3995.4,3991.0,1155.0,1383682620.0,89207
2023-05-11 09:34:30,IF2306,IF2306,3992.4,0.0,0.0,0.0,2,3991.8,3992.4,8,3985.2,3991.4,3995.4,3991.0,1155.0,1383682620.0,89207
2023-05-11 09:34:31,IF2306,IF2306,3992.4,0.0,0.0,0.0,2,3992.2,3992.4,8,3985.2,3991.4,3995.4,3991.0,1155.0,1383682620.0,89207
2023-05-11 09:34:31,IF2306,IF2306,3991.8,3.0,3592860.0,0.0,2,3991.8,3992.4,8,3985.2,3991.4,3995.4,3991.0,1158.0,1387275480.0,89207
2023-05-11 09:34:33,IF2306,IF2306,3991.6,4.0,4790040.0,-2.0,8,3991.4,3992.2,6,3985.2,3991.4,3995.4,3991.0,1162.0,1392065520.0,89205
2023-05-11 09:34:33,IF2306,IF2306,3991.6,10.0,11974320.0,-5.0,1,3991.2,3991.6,1,3985.2,3991.4,3995.4,3991.0,1172.0,1404039840.0,89200
2023-05-11 09:34:34,IF2306,IF2306,3991.4,2.0,2394780.0,-1.0,2,3991.0,3991.4,2,3985.2,3991.4,3995.4,3991.0,1174.0,1406434620.0,89199
2023-05-11 09:34:34,IF2306,IF2306,3991.8,6.0,7184520.0,-5.0,1,3991.0,3991.8,1,3985.2,3991.4,3995.4,3991.0,1180.0,1413619140.0,89194
2023-05-11 09:34:35,IF2306,IF2306,3991.8,0.0,0.0,0.0,1,3991.0,3991.6,3,3985.2,3991.4,3995.4,3991.0,1180.0,1413619140.0,89194
2023-05-11 09:34:35,IF2306,IF2306,3991.8,0.0,0.0,0.0,1,3991.0,3991.4,2,3985.2,3991.4,3995.4,3991.0,1180.0,1413619140.0,89194
2023-05-11 09:34:36,IF2306,IF2306,3991.0,1.0,1197300.0,-1.0,1,3990.6,3991.2,1,3985.2,3991.4,3995.4,3991.0,1181.0,1414816440.0,89193
2023-05-11 09:34:37,IF2306,IF2306,3991.0,0.0,0.0,0.0,1,3990.4,3991.2,1,3985.2,3991.4,3995.4,3991.0,1181.0,1414816440.0,89193
2023-05-11 09:34:37,IF2306,IF2306,3991.0,0.0,0.0,0.0,1,3990.4,3991.0,2,3985.2,3991.4,3995.4,3991.0,1181.0,1414816440.0,89193
2023-05-11 09:34:38,IF2306,IF2306,3990.4,2.0,2394420.0,1.0,1,3990.2,3991.0,1,3985.2,3991.4,3995.4,3990.4,1183.0,1417210860.0,89194
2023-05-11 09:34:38,IF2306,IF2306,3990.0,2.0,2394060.0,-1.0,8,3990.0,3990.2,10,3985.2,3991.4,3995.4,3990.0,1185.0,1419604920.0,89193
2023-05-11 09:34:39,IF2306,IF2306,3990.0,15.0,17955420.0,-7.0,1,3989.8,3990.0,9,3985.2,3991.4,3995.4,3990.0,1200.0,1437560340.0,89186
2023-05-11 09:34:39,IF2306,IF2306,3989.8,2.0,2393880.0,-2.0,2,3989.6,3989.8,22,3985.2,3991.4,3995.4,3989.8,1202.0,1439954220.0,89184
2023-05-11 09:34:40,IF2306,IF2306,3989.8,8.0,9575460.0,-4.0,1,3989.6,3989.8,15,3985.2,3991.4,3995.4,3989.6,1210.0,1449529680.0,89180
2023-05-11 09:34:40,IF2306,IF2306,3989.8,8.0,9575520.0,-8.0,4,3989.6,3989.8,8,3985.2,3991.4,3995.4,3989.6,1218.0,1459105200.0,89172
2023-05-11 09:34:41,IF2306,IF2306,3990.0,14.0,16757520.0,-12.0,4,3989.8,3990.0,3,3985.2,3991.4,3995.4,3989.6,1232.0,1475862720.0,89160
2023-05-11 09:34:41,IF2306,IF2306,3990.2,5.0,5985120.0,-5.0,2,3990.0,3990.2,11,3985.2,3991.4,3995.4,3989.6,1237.0,1481847840.0,89155
2023-05-11 09:34:42,IF2306,IF2306,3990.2,7.0,8379420.0,-7.0,6,3990.0,3990.2,4,3985.2,3991.4,3995.4,3989.6,1244.0,1490227260.0,89148
2023-05-11 09:34:42,IF2306,IF2306,3990.2,2.0,2394120.0,-2.0,3,3990.0,3990.2,2,3985.2,3991.4,3995.4,3989.6,1246.0,1492621380.0,89146
2023-05-11 09:34:43,IF2306,IF2306,3990.0,1.0,1197000.0,-1.0,2,3990.0,3990.2,2,3985.2,3991.4,3995.4,3989.6,1247.0,1493818380.0,89145
2023-05-11 09:34:45,IF2306,IF2306,3990.0,4.0,4788120.0,-3.0,3,3989.8,3990.4,1,3985.2,3991.4,3995.4,3989.6,1251.0,1498606500.0,89142
2023-05-11 09:34:45,IF2306,IF2306,3990.0,0.0,0.0,0.0,3,3990.0,3990.4,1,3985.2,3991.4,3995.4,3989.6,1251.0,1498606500.0,89142
2023-05-11 09:34:46,IF2306,IF2306,3990.0,4.0,4788000.0,-4.0,3,3989.8,3990.0,6,3985.2,3991.4,3995.4,3989.6,1255.0,1503394500.0,89138
2023-05-11 09:34:46,IF2306,IF2306,3989.8,7.0,8378760.0,-7.0,1,3989.6,3989.8,6,3985.2,3991.4,3995.4,3989.6,1262.0,1511773260.0,89131
2023-05-11 09:34:47,IF2306,IF2306,3990.0,10.0,11969520.0,-7.0,5,3989.8,3990.0,1,3985.2,3991.4,3995.4,3989.6,1272.0,1523742780.0,89124
2023-05-11 09:34:47,IF2306,IF2306,3989.8,3.0,3590880.0,-1.0,1,3989.6,3989.8,1,3985.2,3991.4,3995.4,3989.6,1275.0,1527333660.0,89123
2023-05-11 09:34:48,IF2306,IF2306,3989.8,1.0,1196940.0,-1.0,1,3989.8,3990.4,1,3985.2,3991.4,3995.4,3989.6,1276.0,1528530600.0,89122
2023-05-11 09:34:48,IF2306,IF2306,3989.8,4.0,4787760.0,-4.0,3,3989.6,3989.8,6,3985.2,3991.4,3995.4,3989.6,1280.0,1533318360.0,89118
2023-05-11 09:34:49,IF2306,IF2306,3990.4,8.0,9575700.0,-8.0,1,3990.2,3990.8,2,3985.2,3991.4,3995.4,3989.6,1288.0,1542894060.0,89110
2023-05-11 09:34:49,IF2306,IF2306,3990.2,1.0,1197060.0,0.0,1,3989.8,3990.6,3,3985.2,3991.4,3995.4,3989.6,1289.0,1544091120.0,89110
2023-05-11 09:34:50,IF2306,IF2306,3990.2,0.0,0.0,0.0,2,3990.2,3990.8,2,3985.2,3991.4,3995.4,3989.6,1289.0,1544091120.0,89110
2023-05-11 09:34:50,IF2306,IF2306,3990.2,0.0,0.0,0.0,1,3990.2,3990.6,1,3985.2,3991.4,3995.4,3989.6,1289.0,1544091120.0,89110
2023-05-11 09:34:51,IF2306,IF2306,3990.2,0.0,0.0,0.0,1,3990.2,3991.0,1,3985.2,3991.4,3995.4,3989.6,1289.0,1544091120.0,89110
2023-05-11 09:34:51,IF2306,IF2306,3990.2,0.0,0.0,0.0,1,3991.0,3991.4,1,3985.2,3991.4,3995.4,3989.6,1289.0,1544091120.0,89110
2023-05-11 09:34:52,IF2306,IF2306,3990.2,0.0,0.0,0.0,1,3991.2,3992.0,3,3985.2,3991.4,3995.4,3989.6,1289.0,1544091120.0,89110
2023-05-11 09:34:52,IF2306,IF2306,3991.2,1.0,1197360.0,-1.0,1,3991.0,3991.2,5,3985.2,3991.4,3995.4,3989.6,1290.0,1545288480.0,89109
2023-05-11 09:34:53,IF2306,IF2306,3991.0,1.0,1197300.0,-1.0,2,3990.8,3991.2,12,3985.2,3991.4,3995.4,3989.6,1291.0,1546485780.0,89108
2023-05-11 09:34:53,IF2306,IF2306,3990.8,2.0,2394480.0,-2.0,4,3990.6,3991.0,1,3985.2,3991.4,3995.4,3989.6,1293.0,1548880260.0,89106
2023-05-11 09:34:54,IF2306,IF2306,3990.6,1.0,1197180.0,0.0,2,3990.6,3991.0,1,3985.2,3991.4,3995.4,3989.6,1294.0,1550077440.0,89106
2023-05-11 09:34:54,IF2306,IF2306,3990.6,1.0,1197180.0,0.0,1,3990.6,3991.0,1,3985.2,3991.4,3995.4,3989.6,1295.0,1551274620.0,89106
2023-05-11 09:34:55,IF2306,IF2306,3991.0,1.0,1197300.0,0.0,1,3990.6,3990.8,1,3985.2,3991.4,3995.4,3989.6,1296.0,1552471920.0,89106
2023-05-11 09:34:55,IF2306,IF2306,3990.8,2.0,2394480.0,-2.0,2,3990.4,3991.2,13,3985.2,3991.4,3995.4,3989.6,1298.0,1554866400.0,89104
2023-05-11 09:34:56,IF2306,IF2306,3990.4,2.0,2394240.0,-1.0,4,3990.2,3990.4,20,3985.2,3991.4,3995.4,3989.6,1300.0,1557260640.0,89103
2023-05-11 09:34:56,IF2306,IF2306,3990.2,2.0,2394180.0,-1.0,5,3990.2,3990.4,20,3985.2,3991.4,3995.4,3989.6,1302.0,1559654820.0,89102
2023-05-11 09:34:57,IF2306,IF2306,3990.4,1.0,1197120.0,-1.0,6,3990.2,3990.4,19,3985.2,3991.4,3995.4,3989.6,1303.0,1560851940.0,89101
2023-05-11 09:34:57,IF2306,IF2306,3990.4,0.0,0.0,0.0,6,3990.2,3990.4,20,3985.2,3991.4,3995.4,3989.6,1303.0,1560851940.0,89101
2023-05-11 09:34:58,IF2306,IF2306,3990.2,3.0,3591180.0,-3.0,3,3990.2,3990.4,20,3985.2,3991.4,3995.4,3989.6,1306.0,1564443120.0,89098
2023-05-11 09:34:58,IF2306,IF2306,3990.2,3.0,3591180.0,-3.0,3,3990.0,3990.4,20,3985.2,3991.4,3995.4,3989.6,1309.0,1568034300.0,89095
2023-05-11 09:34:59,IF2306,IF2306,3990.0,3.0,3591000.0,-3.0,3,3989.8,3990.2,1,3985.2,3991.4,3995.4,3989.6,1312.0,1571625300.0,89092
2023-05-11 09:34:59,IF2306,IF2306,3990.0,0.0,0.0,0.0,3,3989.8,3990.0,10,3985.2,3991.4,3995.4,3989.6,1312.0,1571625300.0,89092
2023-05-11 09:35:00,IF2306,IF2306,3990.0,1.0,1197000.0,-1.0,4,3989.8,3990.0,9,3985.2,3991.4,3995.4,3989.6,1313.0,1572822300.0,89091
2023-05-11 09:35:00,IF2306,IF2306,3989.8,4.0,4787760.0,-3.0,2,3989.6,3989.8,5,3985.2,3991.4,3995.4,3989.6,1317.0,1577610060.0,89088
2023-05-11 09:35:01,IF2306,IF2306,3989.8,3.0,3590700.0,-2.0,9,3989.2,3989.8,4,3985.2,3991.4,3995.4,3989.6,1320.0,1581200760.0,89086
2023-05-11 09:35:01,IF2306,IF2306,3989.2,5.0,5983920.0,-5.0,2,3989.4,3989.6,8,3985.2,3991.4,3995.4,3989.2,1325.0,1587184680.0,89081
2023-05-11 09:35:02,IF2306,IF2306,3989.2,10.0,11967720.0,-9.0,2,3988.8,3989.2,5,3985.2,3991.4,3995.4,3989.2,1335.0,1599152400.0,89072
2023-05-11 09:35:02,IF2306,IF2306,3988.8,4.0,4786800.0,-4.0,2,3988.8,3989.0,1,3985.2,3991.4,3995.4,3988.8,1339.0,1603939200.0,89068
2023-05-11 09:35:03,IF2306,IF2306,3989.2,2.0,2393460.0,-1.0,1,3988.2,3989.2,13,3985.2,3991.4,3995.4,3988.8,1341.0,1606332660.0,89067
2023-05-11 09:35:03,IF2306,IF2306,3989.2,2.0,2393520.0,-1.0,1,3988.6,3989.2,13,3985.2,3991.4,3995.4,3988.8,1343.0,1608726180.0,89066
2023-05-11 09:35:04,IF2306,IF2306,3989.2,0.0,0.0,0.0,6,3988.4,3988.6,3,3985.2,3991.4,3995.4,3988.8,1343.0,1608726180.0,89066
2023-05-11 09:35:04,IF2306,IF2306,3988.6,7.0,8375820.0,1.0,2,3988.4,3989.0,1,3985.2,3991.4,3995.4,3988.4,1350.0,1617102000.0,89067
2023-05-11 09:35:05,IF2306,IF2306,3988.6,1.0,1196580.0,-1.0,4,3988.4,3989.0,1,3985.2,3991.4,3995.4,3988.4,1351.0,1618298580.0,89066
2023-05-11 09:35:05,IF2306,IF2306,3988.4,2.0,2393040.0,0.0,1,3988.2,3988.4,1,3985.2,3991.4,3995.4,3988.4,1353.0,1620691620.0,89066
2023-05-11 09:35:06,IF2306,IF2306,3988.2,1.0,1196460.0,0.0,5,3988.0,3988.2,1,3985.2,3991.4,3995.4,3988.2,1354.0,1621888080.0,89066
2023-05-11 09:35:06,IF2306,IF2306,3987.8,9.0,10767540.0,-2.0,1,3987.4,3988.2,1,3985.2,3991.4,3995.4,3987.8,1363.0,1632655620.0,89064
2023-05-11 09:35:07,IF2306,IF2306,3987.8,0.0,0.0,0.0,1,3987.2,3988.0,3,3985.2,3991.4,3995.4,3987.8,1363.0,1632655620.0,89064
2023-05-11 09:35:07,IF2306,IF2306,3987.8,0.0,0.0,0.0,1,3987.2,3987.4,2,3985.2,3991.4,3995.4,3987.8,1363.0,1632655620.0,89064
2023-05-11 09:35:08,IF2306,IF2306,3987.4,2.0,2392440.0,0.0,1,3987.2,3987.8,3,3985.2,3991.4,3995.4,3987.4,1365.0,1635048060.0,89064
2023-05-11 09:35:09,IF2306,IF2306,3987.2,2.0,2392440.0,-1.0,6,3987.0,3988.0,3,3985.2,3991.4,3995.4,3987.2,1367.0,1637440500.0,89063
2023-05-11 09:35:09,IF2306,IF2306,3987.2,1.0,1196160.0,-1.0,7,3987.2,3988.0,1,3985.2,3991.4,3995.4,3987.2,1368.0,1638636660.0,89062
2023-05-11 09:35:10,IF2306,IF2306,3988.2,1.0,1196460.0,0.0,2,3987.6,3988.4,3,3985.2,3991.4,3995.4,3987.2,1369.0,1639833120.0,89062
2023-05-11 09:35:10,IF2306,IF2306,3987.8,22.0,26320620.0,-19.0,1,3988.0,3989.2,1,3985.2,3991.4,3995.4,3987.2,1391.0,1666153740.0,89043
2023-05-11 09:35:11,IF2306,IF2306,3987.8,4.0,4785360.0,-3.0,3,3988.0,3989.2,1,3985.2,3991.4,3995.4,3987.2,1395.0,1670939100.0,89040
2023-05-11 09:35:11,IF2306,IF2306,3989.0,1.0,1196700.0,1.0,2,3988.4,3989.2,1,3985.2,3991.4,3995.4,3987.2,1396.0,1672135800.0,89041
2023-05-11 09:35:12,IF2306,IF2306,3989.6,3.0,3590520.0,2.0,3,3989.6,3989.8,2,3985.2,3991.4,3995.4,3987.2,1399.0,1675726320.0,89043
2023-05-11 09:35:12,IF2306,IF2306,3989.2,7.0,8378040.0,-3.0,1,3989.0,3989.6,4,3985.2,3991.4,3995.4,3987.2,1406.0,1684104360.0,89040
2023-05-11 09:35:13,IF2306,IF2306,3989.2,4.0,4787100.0,1.0,1,3989.2,3989.4,4,3985.2,3991.4,3995.4,3987.2,1410.0,1688891460.0,89041
2023-05-11 09:35:13,IF2306,IF2306,3989.4,3.0,3590400.0,-3.0,1,3988.8,3989.6,2,3985.2,3991.4,3995.4,3987.2,1413.0,1692481860.0,89038
2023-05-11 09:35:14,IF2306,IF2306,3989.0,1.0,1196700.0,-1.0,1,3988.8,3989.6,2,3985.2,3991.4,3995.4,3987.2,1414.0,1693678560.0,89037
2023-05-11 09:35:14,IF2306,IF2306,3989.0,0.0,0.0,0.0,1,3988.8,3989.4,1,3985.2,3991.4,3995.4,3987.2,1414.0,1693678560.0,89037
2023-05-11 09:35:15,IF2306,IF2306,3989.0,0.0,0.0,0.0,1,3989.0,3990.2,3,3985.2,3991.4,3995.4,3987.2,1414.0,1693678560.0,89037
2023-05-11 09:35:15,IF2306,IF2306,3989.0,0.0,0.0,0.0,1,3988.8,3989.8,4,3985.2,3991.4,3995.4,3987.2,1414.0,1693678560.0,89037
2023-05-11 09:35:16,IF2306,IF2306,3989.0,0.0,0.0,0.0,2,3989.0,3989.6,3,3985.2,3991.4,3995.4,3987.2,1414.0,1693678560.0,89037
2023-05-11 09:35:16,IF2306,IF2306,3989.0,2.0,2393580.0,0.0,2,3988.8,3989.6,1,3985.2,3991.4,3995.4,3987.2,1416.0,1696072140.0,89037
2023-05-11 09:35:17,IF2306,IF2306,3989.8,2.0,2393880.0,0.0,1,3989.4,3990.0,4,3985.2,3991.4,3995.4,3987.2,1418.0,1698466020.0,89037
2023-05-11 09:35:17,IF2306,IF2306,3990.4,2.0,2394120.0,1.0,1,3989.8,3990.4,1,3985.2,3991.4,3995.4,3987.2,1420.0,1700860140.0,89038
2023-05-11 09:35:18,IF2306,IF2306,3990.4,1.0,1197120.0,0.0,3,3990.4,3991.6,1,3985.2,3991.4,3995.4,3987.2,1421.0,1702057260.0,89038
2023-05-11 09:35:18,IF2306,IF2306,3990.4,1.0,1197120.0,0.0,1,3990.8,3991.2,1,3985.2,3991.4,3995.4,3987.2,1422.0,1703254380.0,89038
2023-05-11 09:35:19,IF2306,IF2306,3990.4,0.0,0.0,0.0,1,3991.2,3991.6,1,3985.2,3991.4,3995.4,3987.2,1422.0,1703254380.0,89038
2023-05-11 09:35:19,IF2306,IF2306,3991.0,1.0,1197300.0,-1.0,5,3991.6,3991.8,1,3985.2,3991.4,3995.4,3987.2,1423.0,1704451680.0,89037
2023-05-11 09:35:20,IF2306,IF2306,3991.6,5.0,5987400.0,-5.0,1,3990.8,3991.0,2,3985.2,3991.4,3995.4,3987.2,1428.0,1710439080.0,89032
2023-05-11 09:35:20,IF2306,IF2306,3990.8,1.0,1197240.0,-1.0,2,3990.0,3990.8,1,3985.2,3991.4,3995.4,3987.2,1429.0,1711636320.0,89031
2023-05-11 09:35:21,IF2306,IF2306,3990.4,1.0,1197120.0,-1.0,2,3990.2,3990.6,2,3985.2,3991.4,3995.4,3987.2,1430.0,1712833440.0,89030
2023-05-11 09:35:21,IF2306,IF2306,3990.2,1.0,1197060.0,1.0,1,3990.0,3990.4,2,3985.2,3991.4,3995.4,3987.2,1431.0,1714030500.0,89031
2023-05-11 09:35:22,IF2306,IF2306,3990.4,3.0,3591360.0,-3.0,4,3990.8,3991.4,1,3985.2,3991.4,3995.4,3987.2,1434.0,1717621860.0,89028
2023-05-11 09:35:22,IF2306,IF2306,3990.0,5.0,5985960.0,-5.0,1,3989.8,3990.8,3,3985.2,3991.4,3995.4,3987.2,1439.0,1723607820.0,89023
2023-05-11 09:35:23,IF2306,IF2306,3990.0,0.0,0.0,0.0,1,3989.6,3989.8,1,3985.2,3991.4,3995.4,3987.2,1439.0,1723607820.0,89023
2023-05-11 09:35:23,IF2306,IF2306,3989.8,3.0,3590820.0,0.0,2,3989.2,3990.6,4,3985.2,3991.4,3995.4,3987.2,1442.0,1727198640.0,89023
2023-05-11 09:35:24,IF2306,IF2306,3989.8,0.0,0.0,0.0,3,3989.2,3990.0,1,3985.2,3991.4,3995.4,3987.2,1442.0,1727198640.0,89023
2023-05-11 09:35:24,IF2306,IF2306,3990.0,4.0,4787820.0,0.0,6,3990.0,3990.4,7,3985.2,3991.4,3995.4,3987.2,1446.0,1731986460.0,89023
2023-05-11 09:35:25,IF2306,IF2306,3990.2,9.0,10773120.0,0.0,2,3989.2,3990.2,3,3985.2,3991.4,3995.4,3987.2,1455.0,1742759580.0,89023
2023-05-11 09:35:25,IF2306,IF2306,3990.2,0.0,0.0,0.0,2,3989.4,3990.0,2,3985.2,3991.4,3995.4,3987.2,1455.0,1742759580.0,89023
2023-05-11 09:35:26,IF2306,IF2306,3989.4,1.0,1196820.0,0.0,1,3989.4,3990.2,3,3985.2,3991.4,3995.4,3987.2,1456.0,1743956400.0,89023
2023-05-11 09:35:26,IF2306,IF2306,3989.4,0.0,0.0,0.0,1,3989.6,3990.4,3,3985.2,3991.4,3995.4,3987.2,1456.0,1743956400.0,89023
2023-05-11 09:35:27,IF2306,IF2306,3989.4,0.0,0.0,0.0,1,3989.8,3990.4,2,3985.2,3991.4,3995.4,3987.2,1456.0,1743956400.0,89023
2023-05-11 09:35:27,IF2306,IF2306,3990.4,1.0,1197120.0,-1.0,1,3990.0,3990.6,1,3985.2,3991.4,3995.4,3987.2,1457.0,1745153520.0,89022
2023-05-11 09:35:28,IF2306,IF2306,3990.4,0.0,0.0,0.0,1,3990.0,3991.2,2,3985.2,3991.4,3995.4,3987.2,1457.0,1745153520.0,89022
2023-05-11 09:35:28,IF2306,IF2306,3990.4,0.0,0.0,0.0,1,3990.0,3990.6,1,3985.2,3991.4,3995.4,3987.2,1457.0,1745153520.0,89022
2023-05-11 09:35:29,IF2306,IF2306,3990.4,0.0,0.0,0.0,1,3990.0,3990.8,1,3985.2,3991.4,3995.4,3987.2,1457.0,1745153520.0,89022
2023-05-11 09:35:29,IF2306,IF2306,3990.4,0.0,0.0,0.0,10,3990.8,3991.0,5,3985.2,3991.4,3995.4,3987.2,1457.0,1745153520.0,89022
2023-05-11 09:35:30,IF2306,IF2306,3990.8,1.0,1197240.0,0.0,9,3990.8,3991.2,2,3985.2,3991.4,3995.4,3987.2,1458.0,1746350760.0,89022
2023-05-11 09:35:30,IF2306,IF2306,3990.8,0.0,0.0,0.0,9,3990.8,3991.0,1,3985.2,3991.4,3995.4,3987.2,1458.0,1746350760.0,89022
2023-05-11 09:35:31,IF2306,IF2306,3991.0,2.0,2394540.0,-1.0,8,3990.8,3991.2,1,3985.2,3991.4,3995.4,3987.2,1460.0,1748745300.0,89021
2023-05-11 09:35:31,IF2306,IF2306,3991.0,1.0,1197300.0,0.0,9,3991.2,3991.6,1,3985.2,3991.4,3995.4,3987.2,1461.0,1749942600.0,89021
2023-05-11 09:35:32,IF2306,IF2306,3991.2,1.0,1197360.0,-1.0,8,3991.2,3991.4,1,3985.2,3991.4,3995.4,3987.2,1462.0,1751139960.0,89020
2023-05-11 09:35:32,IF2306,IF2306,3991.2,2.0,2394720.0,-2.0,6,3991.2,3992.0,6,3985.2,3991.4,3995.4,3987.2,1464.0,1753534680.0,89018
2023-05-11 09:35:33,IF2306,IF2306,3991.2,0.0,0.0,0.0,7,3991.2,3991.8,6,3985.2,3991.4,3995.4,3987.2,1464.0,1753534680.0,89018
2023-05-11 09:35:33,IF2306,IF2306,3991.2,0.0,0.0,0.0,1,3991.6,3991.8,1,3985.2,3991.4,3995.4,3987.2,1464.0,1753534680.0,89018
2023-05-11 09:35:34,IF2306,IF2306,3991.2,0.0,0.0,0.0,5,3991.8,3992.0,6,3985.2,3991.4,3995.4,3987.2,1464.0,1753534680.0,89018
2023-05-11 09:35:34,IF2306,IF2306,3991.8,5.0,5987700.0,-5.0,1,3991.6,3991.8,2,3985.2,3991.4,3995.4,3987.2,1469.0,1759522380.0,89013
2023-05-11 09:35:35,IF2306,IF2306,3991.8,5.0,5987460.0,-4.0,7,3991.2,3992.0,5,3985.2,3991.4,3995.4,3987.2,1474.0,1765509840.0,89009
2023-05-11 09:35:35,IF2306,IF2306,3992.0,5.0,5988000.0,-4.0,3,3991.6,3992.2,1,3985.2,3991.4,3995.4,3987.2,1479.0,1771497840.0,89005
2023-05-11 09:35:36,IF2306,IF2306,3992.2,1.0,1197660.0,-1.0,3,3992.2,3992.4,1,3985.2,3991.4,3995.4,3987.2,1480.0,1772695500.0,89004
2023-05-11 09:35:36,IF2306,IF2306,3992.4,1.0,1197720.0,0.0,4,3992.4,3992.8,1,3985.2,3991.4,3995.4,3987.2,1481.0,1773893220.0,89004
2023-05-11 09:35:37,IF2306,IF2306,3992.2,2.0,2395320.0,-2.0,1,3991.8,3992.6,2,3985.2,3991.4,3995.4,3987.2,1483.0,1776288540.0,89002
2023-05-11 09:35:37,IF2306,IF2306,3991.8,1.0,1197540.0,0.0,7,3991.2,3992.2,4,3985.2,3991.4,3995.4,3987.2,1484.0,1777486080.0,89002
2023-05-11 09:35:38,IF2306,IF2306,3991.2,1.0,1197360.0,-1.0,6,3991.2,3991.6,1,3985.2,3991.4,3995.4,3987.2,1485.0,1778683440.0,89001
2023-05-11 09:35:38,IF2306,IF2306,3991.2,2.0,2394720.0,0.0,4,3991.2,3991.4,2,3985.2,3991.4,3995.4,3987.2,1487.0,1781078160.0,89001
2023-05-11 09:35:39,IF2306,IF2306,3991.2,2.0,2394720.0,2.0,4,3991.4,3991.8,1,3985.2,3991.4,3995.4,3987.2,1489.0,1783472880.0,89003
2023-05-11 09:35:39,IF2306,IF2306,3991.2,0.0,0.0,0.0,2,3991.2,3991.8,1,3985.2,3991.4,3995.4,3987.2,1489.0,1783472880.0,89003
2023-05-11 09:35:40,IF2306,IF2306,3991.2,0.0,0.0,0.0,3,3991.2,3991.8,1,3985.2,3991.4,3995.4,3987.2,1489.0,1783472880.0,89003
2023-05-11 09:35:40,IF2306,IF2306,3991.4,1.0,1197420.0,0.0,3,3991.2,3992.2,3,3985.2,3991.4,3995.4,3987.2,1490.0,1784670300.0,89003
2023-05-11 09:35:41,IF2306,IF2306,3992.0,1.0,1197600.0,1.0,4,3991.2,3992.0,4,3985.2,3991.4,3995.4,3987.2,1491.0,1785867900.0,89004
2023-05-11 09:35:41,IF2306,IF2306,3991.2,1.0,1197360.0,0.0,3,3991.2,3992.0,1,3985.2,3991.4,3995.4,3987.2,1492.0,1787065260.0,89004
2023-05-11 09:35:42,IF2306,IF2306,3991.2,0.0,0.0,0.0,6,3992.0,3992.2,3,3985.2,3991.4,3995.4,3987.2,1492.0,1787065260.0,89004
2023-05-11 09:35:42,IF2306,IF2306,3992.0,2.0,2395200.0,1.0,4,3992.0,3992.2,3,3985.2,3991.4,3995.4,3987.2,1494.0,1789460460.0,89005
2023-05-11 09:35:43,IF2306,IF2306,3992.0,1.0,1197600.0,0.0,6,3992.0,3992.2,2,3985.2,3991.4,3995.4,3987.2,1495.0,1790658060.0,89005
2023-05-11 09:35:43,IF2306,IF2306,3992.0,2.0,2395200.0,0.0,5,3992.0,3992.2,2,3985.2,3991.4,3995.4,3987.2,1497.0,1793053260.0,89005
2023-05-11 09:35:44,IF2306,IF2306,3992.0,5.0,5988000.0,-2.0,1,3991.4,3992.0,4,3985.2,3991.4,3995.4,3987.2,1502.0,1799041260.0,89003
2023-05-11 09:35:44,IF2306,IF2306,3992.2,1.0,1197660.0,0.0,2,3992.2,3992.4,2,3985.2,3991.4,3995.4,3987.2,1503.0,1800238920.0,89003
2023-05-11 09:35:45,IF2306,IF2306,3992.2,5.0,5988420.0,-5.0,1,3992.2,3992.8,1,3985.2,3991.4,3995.4,3987.2,1508.0,1806227340.0,88998
2023-05-11 09:35:45,IF2306,IF2306,3992.2,0.0,0.0,0.0,1,3992.2,3992.4,1,3985.2,3991.4,3995.4,3987.2,1508.0,1806227340.0,88998
2023-05-11 09:35:46,IF2306,IF2306,3992.2,0.0,0.0,0.0,2,3992.4,3992.8,1,3985.2,3991.4,3995.4,3987.2,1508.0,1806227340.0,88998
2023-05-11 09:35:47,IF2306,IF2306,3992.6,2.0,2395620.0,-1.0,3,3992.6,3993.6,1,3985.2,3991.4,3995.4,3987.2,1510.0,1808622960.0,88997
2023-05-11 09:35:47,IF2306,IF2306,3992.8,1.0,1197840.0,0.0,2,3992.8,3993.2,5,3985.2,3991.4,3995.4,3987.2,1511.0,1809820800.0,88997
2023-05-11 09:35:48,IF2306,IF2306,3992.2,5.0,5988600.0,2.0,2,3991.4,3992.4,1,3985.2,3991.4,3995.4,3987.2,1516.0,1815809400.0,88999
2023-05-11 09:35:48,IF2306,IF2306,3992.4,1.0,1197720.0,0.0,3,3992.4,3993.2,3,3985.2,3991.4,3995.4,3987.2,1517.0,1817007120.0,88999
2023-05-11 09:35:49,IF2306,IF2306,3992.8,1.0,1197840.0,-1.0,2,3991.8,3992.6,1,3985.2,3991.4,3995.4,3987.2,1518.0,1818204960.0,88998
2023-05-11 09:35:49,IF2306,IF2306,3991.2,12.0,14369820.0,-2.0,1,3992.0,3992.6,1,3985.2,3991.4,3995.4,3987.2,1530.0,1832574780.0,88996
2023-05-11 09:35:50,IF2306,IF2306,3992.4,1.0,1197720.0,0.0,3,3991.4,3992.4,3,3985.2,3991.4,3995.4,3987.2,1531.0,1833772500.0,88996
2023-05-11 09:35:50,IF2306,IF2306,3992.4,0.0,0.0,0.0,6,3991.6,3992.6,2,3985.2,3991.4,3995.4,3987.2,1531.0,1833772500.0,88996
2023-05-11 09:35:51,IF2306,IF2306,3992.4,0.0,0.0,0.0,1,3991.8,3992.4,1,3985.2,3991.4,3995.4,3987.2,1531.0,1833772500.0,88996
2023-05-11 09:35:51,IF2306,IF2306,3992.4,0.0,0.0,0.0,3,3991.6,3992.4,1,3985.2,3991.4,3995.4,3987.2,1531.0,1833772500.0,88996
2023-05-11 09:35:52,IF2306,IF2306,3992.4,0.0,0.0,0.0,1,3991.8,3992.2,2,3985.2,3991.4,3995.4,3987.2,1531.0,1833772500.0,88996
2023-05-11 09:35:52,IF2306,IF2306,3992.4,0.0,0.0,0.0,1,3991.2,3992.6,2,3985.2,3991.4,3995.4,3987.2,1531.0,1833772500.0,88996
2023-05-11 09:35:53,IF2306,IF2306,3992.4,0.0,0.0,0.0,4,3991.4,3992.4,5,3985.2,3991.4,3995.4,3987.2,1531.0,1833772500.0,88996
2023-05-11 09:35:53,IF2306,IF2306,3992.4,0.0,0.0,0.0,1,3991.6,3992.2,2,3985.2,3991.4,3995.4,3987.2,1531.0,1833772500.0,88996
2023-05-11 09:35:54,IF2306,IF2306,3992.4,0.0,0.0,0.0,1,3991.6,3992.4,3,3985.2,3991.4,3995.4,3987.2,1531.0,1833772500.0,88996
2023-05-11 09:35:54,IF2306,IF2306,3992.4,1.0,1197720.0,0.0,1,3991.8,3992.6,4,3985.2,3991.4,3995.4,3987.2,1532.0,1834970220.0,88996
2023-05-11 09:35:55,IF2306,IF2306,3992.4,0.0,0.0,0.0,2,3991.4,3992.4,3,3985.2,3991.4,3995.4,3987.2,1532.0,1834970220.0,88996
2023-05-11 09:35:55,IF2306,IF2306,3992.4,0.0,0.0,0.0,1,3991.6,3992.4,3,3985.2,3991.4,3995.4,3987.2,1532.0,1834970220.0,88996
2023-05-11 09:35:56,IF2306,IF2306,3992.4,0.0,0.0,0.0,1,3991.4,3992.2,6,3985.2,3991.4,3995.4,3987.2,1532.0,1834970220.0,88996
2023-05-11 09:35:56,IF2306,IF2306,3992.2,2.0,2395080.0,-1.0,1,3991.2,3992.2,5,3985.2,3991.4,3995.4,3987.2,1534.0,1837365300.0,88995
2023-05-11 09:35:57,IF2306,IF2306,3992.2,0.0,0.0,0.0,1,3991.2,3991.8,1,3985.2,3991.4,3995.4,3987.2,1534.0,1837365300.0,88995
2023-05-11 09:35:57,IF2306,IF2306,3992.2,0.0,0.0,0.0,1,3991.2,3992.0,2,3985.2,3991.4,3995.4,3987.2,1534.0,1837365300.0,88995
2023-05-11 09:35:58,IF2306,IF2306,3992.2,0.0,0.0,0.0,1,3991.2,3992.0,1,3985.2,3991.4,3995.4,3987.2,1534.0,1837365300.0,88995
2023-05-11 09:35:59,IF2306,IF2306,3992.2,0.0,0.0,0.0,1,3991.2,3991.8,1,3985.2,3991.4,3995.4,3987.2,1534.0,1837365300.0,88995
2023-05-11 09:35:59,IF2306,IF2306,3991.8,1.0,1197540.0,-1.0,1,3991.2,3991.6,3,3985.2,3991.4,3995.4,3987.2,1535.0,1838562840.0,88994
2023-05-11 09:36:00,IF2306,IF2306,3990.8,3.0,3591840.0,-1.0,7,3990.8,3991.6,2,3985.2,3991.4,3995.4,3987.2,1538.0,1842154680.0,88993
2023-05-11 09:36:00,IF2306,IF2306,3991.0,1.0,1197300.0,-1.0,7,3990.8,3991.4,2,3985.2,3991.4,3995.4,3987.2,1539.0,1843351980.0,88992
2023-05-11 09:36:01,IF2306,IF2306,3991.4,1.0,1197420.0,-1.0,2,3991.0,3991.6,2,3985.2,3991.4,3995.4,3987.2,1540.0,1844549400.0,88991
2023-05-11 09:36:01,IF2306,IF2306,3991.4,0.0,0.0,0.0,1,3991.4,3991.8,1,3985.2,3991.4,3995.4,3987.2,1540.0,1844549400.0,88991
2023-05-11 09:36:02,IF2306,IF2306,3991.4,0.0,0.0,0.0,1,3991.6,3992.0,1,3985.2,3991.4,3995.4,3987.2,1540.0,1844549400.0,88991
2023-05-11 09:36:02,IF2306,IF2306,3992.0,1.0,1197600.0,1.0,1,3991.6,3992.6,3,3985.2,3991.4,3995.4,3987.2,1541.0,1845747000.0,88992
2023-05-11 09:36:03,IF2306,IF2306,3992.0,0.0,0.0,0.0,2,3991.8,3992.4,6,3985.2,3991.4,3995.4,3987.2,1541.0,1845747000.0,88992
2023-05-11 09:36:03,IF2306,IF2306,3992.0,0.0,0.0,0.0,1,3991.8,3992.2,1,3985.2,3991.4,3995.4,3987.2,1541.0,1845747000.0,88992
2023-05-11 09:36:04,IF2306,IF2306,3991.8,1.0,1197540.0,0.0,1,3991.6,3992.2,1,3985.2,3991.4,3995.4,3987.2,1542.0,1846944540.0,88992
2023-05-11 09:36:05,IF2306,IF2306,3991.8,1.0,1197540.0,-1.0,1,3991.8,3992.4,1,3985.2,3991.4,3995.4,3987.2,1543.0,1848142080.0,88991
2023-05-11 09:36:05,IF2306,IF2306,3991.8,0.0,0.0,0.0,1,3991.8,3992.6,2,3985.2,3991.4,3995.4,3987.2,1543.0,1848142080.0,88991
2023-05-11 09:36:06,IF2306,IF2306,3991.8,0.0,0.0,0.0,2,3992.0,3992.6,2,3985.2,3991.4,3995.4,3987.2,1543.0,1848142080.0,88991
2023-05-11 09:36:06,IF2306,IF2306,3992.6,1.0,1197780.0,0.0,1,3992.0,3992.6,1,3985.2,3991.4,3995.4,3987.2,1544.0,1849339860.0,88991
2023-05-11 09:36:07,IF2306,IF2306,3992.6,0.0,0.0,0.0,1,3992.2,3992.6,1,3985.2,3991.4,3995.4,3987.2,1544.0,1849339860.0,88991
2023-05-11 09:36:07,IF2306,IF2306,3992.0,1.0,1197600.0,1.0,1,3991.8,3992.0,4,3985.2,3991.4,3995.4,3987.2,1545.0,1850537460.0,88992
2023-05-11 09:36:08,IF2306,IF2306,3992.0,8.0,9580800.0,1.0,1,3992.0,3992.6,1,3985.2,3991.4,3995.4,3987.2,1553.0,1860118260.0,88993
2023-05-11 09:36:09,IF2306,IF2306,3992.0,0.0,0.0,0.0,1,3992.0,3992.2,1,3985.2,3991.4,3995.4,3987.2,1553.0,1860118260.0,88993
2023-05-11 09:36:09,IF2306,IF2306,3992.2,2.0,2395260.0,-1.0,1,3991.6,3992.4,3,3985.2,3991.4,3995.4,3987.2,1555.0,1862513520.0,88992
2023-05-11 09:36:10,IF2306,IF2306,3992.2,1.0,1197660.0,0.0,1,3991.6,3992.2,6,3985.2,3991.4,3995.4,3987.2,1556.0,1863711180.0,88992
2023-05-11 09:36:10,IF2306,IF2306,3992.2,0.0,0.0,0.0,1,3991.6,3992.0,1,3985.2,3991.4,3995.4,3987.2,1556.0,1863711180.0,88992
2023-05-11 09:36:11,IF2306,IF2306,3992.6,5.0,5988000.0,0.0,1,3991.4,3993.2,1,3985.2,3991.4,3995.4,3987.2,1561.0,1869699180.0,88992
2023-05-11 09:36:11,IF2306,IF2306,3992.6,0.0,0.0,0.0,1,3991.6,3992.4,5,3985.2,3991.4,3995.4,3987.2,1561.0,1869699180.0,88992
2023-05-11 09:36:12,IF2306,IF2306,3991.4,2.0,2394900.0,-1.0,8,3990.8,3991.6,2,3985.2,3991.4,3995.4,3987.2,1563.0,1872094080.0,88991
2023-05-11 09:36:12,IF2306,IF2306,3990.8,6.0,7183440.0,0.0,2,3990.8,3991.4,4,3985.2,3991.4,3995.4,3987.2,1569.0,1879277520.0,88991
2023-05-11 09:36:13,IF2306,IF2306,3990.8,2.0,2394480.0,0.0,3,3990.2,3990.8,5,3985.2,3991.4,3995.4,3987.2,1571.0,1881672000.0,88991
2023-05-11 09:36:13,IF2306,IF2306,3990.8,5.0,5986200.0,-5.0,1,3989.8,3991.0,1,3985.2,3991.4,3995.4,3987.2,1576.0,1887658200.0,88986
2023-05-11 09:36:14,IF2306,IF2306,3990.8,0.0,0.0,0.0,1,3990.0,3990.8,5,3985.2,3991.4,3995.4,3987.2,1576.0,1887658200.0,88986
2023-05-11 09:36:14,IF2306,IF2306,3990.8,0.0,0.0,0.0,1,3990.0,3990.8,4,3985.2,3991.4,3995.4,3987.2,1576.0,1887658200.0,88986
2023-05-11 09:36:15,IF2306,IF2306,3990.8,2.0,2394480.0,-1.0,1,3990.0,3991.0,1,3985.2,3991.4,3995.4,3987.2,1578.0,1890052680.0,88985
2023-05-11 09:36:15,IF2306,IF2306,3990.8,0.0,0.0,0.0,1,3990.2,3991.0,1,3985.2,3991.4,3995.4,3987.2,1578.0,1890052680.0,88985
2023-05-11 09:36:16,IF2306,IF2306,3990.8,0.0,0.0,0.0,1,3989.8,3991.0,1,3985.2,3991.4,3995.4,3987.2,1578.0,1890052680.0,88985
2023-05-11 09:36:16,IF2306,IF2306,3990.8,0.0,0.0,0.0,1,3989.8,3990.6,1,3985.2,3991.4,3995.4,3987.2,1578.0,1890052680.0,88985
2023-05-11 09:36:17,IF2306,IF2306,3990.8,0.0,0.0,0.0,1,3989.8,3990.4,7,3985.2,3991.4,3995.4,3987.2,1578.0,1890052680.0,88985
2023-05-11 09:36:17,IF2306,IF2306,3989.8,1.0,1196940.0,-1.0,1,3989.2,3990.4,6,3985.2,3991.4,3995.4,3987.2,1579.0,1891249620.0,88984
2023-05-11 09:36:18,IF2306,IF2306,3989.8,0.0,0.0,0.0,2,3989.4,3990.2,1,3985.2,3991.4,3995.4,3987.2,1579.0,1891249620.0,88984
2023-05-11 09:36:19,IF2306,IF2306,3989.4,3.0,3590640.0,2.0,1,3990.0,3990.4,1,3985.2,3991.4,3995.4,3987.2,1582.0,1894840260.0,88986
2023-05-11 09:36:19,IF2306,IF2306,3990.0,1.0,1197000.0,-1.0,1,3990.4,3990.8,2,3985.2,3991.4,3995.4,3987.2,1583.0,1896037260.0,88985
2023-05-11 09:36:20,IF2306,IF2306,3990.4,1.0,1197120.0,-1.0,1,3990.0,3990.6,2,3985.2,3991.4,3995.4,3987.2,1584.0,1897234380.0,88984
2023-05-11 09:36:21,IF2306,IF2306,3990.4,0.0,0.0,0.0,1,3990.0,3990.6,1,3985.2,3991.4,3995.4,3987.2,1584.0,1897234380.0,88984
2023-05-11 09:36:21,IF2306,IF2306,3990.4,0.0,0.0,0.0,1,3990.0,3990.8,2,3985.2,3991.4,3995.4,3987.2,1584.0,1897234380.0,88984
2023-05-11 09:36:22,IF2306,IF2306,3990.0,1.0,1197000.0,1.0,1,3989.8,3990.8,1,3985.2,3991.4,3995.4,3987.2,1585.0,1898431380.0,88985
2023-05-11 09:36:22,IF2306,IF2306,3990.0,0.0,0.0,0.0,1,3990.0,3990.6,4,3985.2,3991.4,3995.4,3987.2,1585.0,1898431380.0,88985
2023-05-11 09:36:23,IF2306,IF2306,3990.0,0.0,0.0,0.0,1,3989.8,3990.6,2,3985.2,3991.4,3995.4,3987.2,1585.0,1898431380.0,88985
2023-05-11 09:36:23,IF2306,IF2306,3990.0,0.0,0.0,0.0,3,3989.4,3990.4,1,3985.2,3991.4,3995.4,3987.2,1585.0,1898431380.0,88985
2023-05-11 09:36:24,IF2306,IF2306,3990.0,1.0,1197000.0,-1.0,1,3989.6,3990.0,5,3985.2,3991.4,3995.4,3987.2,1586.0,1899628380.0,88984
2023-05-11 09:36:24,IF2306,IF2306,3990.0,4.0,4788000.0,-1.0,2,3989.2,3990.0,2,3985.2,3991.4,3995.4,3987.2,1590.0,1904416380.0,88983
2023-05-11 09:36:25,IF2306,IF2306,3990.0,0.0,0.0,0.0,1,3989.4,3990.0,2,3985.2,3991.4,3995.4,3987.2,1590.0,1904416380.0,88983
2023-05-11 09:36:25,IF2306,IF2306,3990.0,0.0,0.0,0.0,2,3989.2,3990.0,2,3985.2,3991.4,3995.4,3987.2,1590.0,1904416380.0,88983
2023-05-11 09:36:26,IF2306,IF2306,3990.0,2.0,2394000.0,-2.0,3,3989.2,3990.0,1,3985.2,3991.4,3995.4,3987.2,1592.0,1906810380.0,88981
2023-05-11 09:36:26,IF2306,IF2306,3990.0,1.0,1197000.0,-1.0,3,3990.0,3990.6,3,3985.2,3991.4,3995.4,3987.2,1593.0,1908007380.0,88980
2023-05-11 09:36:27,IF2306,IF2306,3990.0,0.0,0.0,0.0,3,3990.0,3990.8,1,3985.2,3991.4,3995.4,3987.2,1593.0,1908007380.0,88980
2023-05-11 09:36:27,IF2306,IF2306,3990.0,1.0,1197000.0,0.0,2,3990.0,3990.4,2,3985.2,3991.4,3995.4,3987.2,1594.0,1909204380.0,88980
2023-05-11 09:36:28,IF2306,IF2306,3990.0,0.0,0.0,0.0,2,3990.0,3990.4,1,3985.2,3991.4,3995.4,3987.2,1594.0,1909204380.0,88980
2023-05-11 09:36:29,IF2306,IF2306,3990.0,1.0,1197000.0,0.0,1,3990.0,3990.6,1,3985.2,3991.4,3995.4,3987.2,1595.0,1910401380.0,88980
2023-05-11 09:36:29,IF2306,IF2306,3990.0,0.0,0.0,0.0,2,3989.4,3990.4,1,3985.2,3991.4,3995.4,3987.2,1595.0,1910401380.0,88980
2023-05-11 09:36:30,IF2306,IF2306,3990.0,0.0,0.0,0.0,2,3989.6,3990.0,1,3985.2,3991.4,3995.4,3987.2,1595.0,1910401380.0,88980
2023-05-11 09:36:30,IF2306,IF2306,3990.0,0.0,0.0,0.0,1,3989.6,3990.0,1,3985.2,3991.4,3995.4,3987.2,1595.0,1910401380.0,88980
2023-05-11 09:36:31,IF2306,IF2306,3989.6,1.0,1196880.0,-1.0,4,3989.2,3989.8,3,3985.2,3991.4,3995.4,3987.2,1596.0,1911598260.0,88979
2023-05-11 09:36:31,IF2306,IF2306,3989.6,1.0,1196880.0,0.0,3,3989.2,3989.6,3,3985.2,3991.4,3995.4,3987.2,1597.0,1912795140.0,88979
2023-05-11 09:36:32,IF2306,IF2306,3989.6,1.0,1196880.0,0.0,4,3989.2,3989.6,3,3985.2,3991.4,3995.4,3987.2,1598.0,1913992020.0,88979
2023-05-11 09:36:32,IF2306,IF2306,3989.6,3.0,3590640.0,-1.0,4,3989.2,3990.2,2,3985.2,3991.4,3995.4,3987.2,1601.0,1917582660.0,88978
2023-05-11 09:36:33,IF2306,IF2306,3989.6,0.0,0.0,0.0,1,3989.4,3990.2,2,3985.2,3991.4,3995.4,3987.2,1601.0,1917582660.0,88978
2023-05-11 09:36:33,IF2306,IF2306,3990.2,1.0,1197060.0,0.0,1,3989.4,3990.2,1,3985.2,3991.4,3995.4,3987.2,1602.0,1918779720.0,88978
2023-05-11 09:36:34,IF2306,IF2306,3990.2,0.0,0.0,0.0,1,3989.6,3990.2,1,3985.2,3991.4,3995.4,3987.2,1602.0,1918779720.0,88978
2023-05-11 09:36:34,IF2306,IF2306,3990.2,0.0,0.0,0.0,1,3989.6,3990.6,2,3985.2,3991.4,3995.4,3987.2,1602.0,1918779720.0,88978
2023-05-11 09:36:35,IF2306,IF2306,3990.2,0.0,0.0,0.0,1,3990.2,3990.4,1,3985.2,3991.4,3995.4,3987.2,1602.0,1918779720.0,88978
2023-05-11 09:36:35,IF2306,IF2306,3990.2,1.0,1197060.0,-1.0,1,3989.8,3991.0,6,3985.2,3991.4,3995.4,3987.2,1603.0,1919976780.0,88977
2023-05-11 09:36:36,IF2306,IF2306,3990.2,0.0,0.0,0.0,3,3990.0,3990.8,1,3985.2,3991.4,3995.4,3987.2,1603.0,1919976780.0,88977
2023-05-11 09:36:36,IF2306,IF2306,3990.2,0.0,0.0,0.0,2,3990.0,3991.0,5,3985.2,3991.4,3995.4,3987.2,1603.0,1919976780.0,88977
2023-05-11 09:36:37,IF2306,IF2306,3990.0,1.0,1197000.0,0.0,1,3990.0,3991.0,5,3985.2,3991.4,3995.4,3987.2,1604.0,1921173780.0,88977
2023-05-11 09:36:37,IF2306,IF2306,3990.0,0.0,0.0,0.0,1,3990.2,3990.4,1,3985.2,3991.4,3995.4,3987.2,1604.0,1921173780.0,88977
2023-05-11 09:36:38,IF2306,IF2306,3990.0,0.0,0.0,0.0,1,3990.0,3990.4,1,3985.2,3991.4,3995.4,3987.2,1604.0,1921173780.0,88977
2023-05-11 09:36:38,IF2306,IF2306,3990.0,0.0,0.0,0.0,1,3990.0,3990.8,2,3985.2,3991.4,3995.4,3987.2,1604.0,1921173780.0,88977
2023-05-11 09:36:39,IF2306,IF2306,3990.0,0.0,0.0,0.0,4,3990.4,3990.8,2,3985.2,3991.4,3995.4,3987.2,1604.0,1921173780.0,88977
2023-05-11 09:36:39,IF2306,IF2306,3990.0,0.0,0.0,0.0,4,3990.4,3990.8,1,3985.2,3991.4,3995.4,3987.2,1604.0,1921173780.0,88977
2023-05-11 09:36:40,IF2306,IF2306,3990.4,1.0,1197120.0,0.0,4,3990.4,3990.6,2,3985.2,3991.4,3995.4,3987.2,1605.0,1922370900.0,88977
2023-05-11 09:36:40,IF2306,IF2306,3990.4,1.0,1197120.0,-1.0,3,3990.4,3990.6,1,3985.2,3991.4,3995.4,3987.2,1606.0,1923568020.0,88976
2023-05-11 09:36:41,IF2306,IF2306,3990.4,0.0,0.0,0.0,4,3990.4,3990.8,1,3985.2,3991.4,3995.4,3987.2,1606.0,1923568020.0,88976
2023-05-11 09:36:41,IF2306,IF2306,3990.8,1.0,1197240.0,1.0,4,3990.4,3991.0,5,3985.2,3991.4,3995.4,3987.2,1607.0,1924765260.0,88977
2023-05-11 09:36:42,IF2306,IF2306,3991.0,4.0,4789200.0,0.0,1,3990.6,3991.0,1,3985.2,3991.4,3995.4,3987.2,1611.0,1929554460.0,88977
2023-05-11 09:36:43,IF2306,IF2306,3991.0,1.0,1197300.0,0.0,2,3990.6,3992.0,1,3985.2,3991.4,3995.4,3987.2,1612.0,1930751760.0,88977
2023-05-11 09:36:43,IF2306,IF2306,3991.0,0.0,0.0,0.0,1,3990.8,3991.8,4,3985.2,3991.4,3995.4,3987.2,1612.0,1930751760.0,88977
2023-05-11 09:36:44,IF2306,IF2306,3991.0,0.0,0.0,0.0,1,3991.0,3991.8,2,3985.2,3991.4,3995.4,3987.2,1612.0,1930751760.0,88977
2023-05-11 09:36:44,IF2306,IF2306,3991.0,0.0,0.0,0.0,2,3991.0,3991.8,1,3985.2,3991.4,3995.4,3987.2,1612.0,1930751760.0,88977
2023-05-11 09:36:45,IF2306,IF2306,3991.0,0.0,0.0,0.0,2,3991.0,3991.6,3,3985.2,3991.4,3995.4,3987.2,1612.0,1930751760.0,88977
2023-05-11 09:36:45,IF2306,IF2306,3991.0,0.0,0.0,0.0,1,3991.0,3991.6,1,3985.2,3991.4,3995.4,3987.2,1612.0,1930751760.0,88977
2023-05-11 09:36:46,IF2306,IF2306,3991.0,1.0,1197300.0,-1.0,1,3990.8,3991.4,3,3985.2,3991.4,3995.4,3987.2,1613.0,1931949060.0,88976
2023-05-11 09:36:46,IF2306,IF2306,3991.0,0.0,0.0,0.0,1,3990.6,3991.0,1,3985.2,3991.4,3995.4,3987.2,1613.0,1931949060.0,88976
2023-05-11 09:36:47,IF2306,IF2306,3991.0,0.0,0.0,0.0,2,3990.6,3991.0,1,3985.2,3991.4,3995.4,3987.2,1613.0,1931949060.0,88976
2023-05-11 09:36:48,IF2306,IF2306,3991.0,0.0,0.0,0.0,2,3990.6,3991.2,2,3985.2,3991.4,3995.4,3987.2,1613.0,1931949060.0,88976
2023-05-11 09:36:49,IF2306,IF2306,3991.0,0.0,0.0,0.0,5,3991.0,3991.2,2,3985.2,3991.4,3995.4,3987.2,1613.0,1931949060.0,88976
2023-05-11 09:36:49,IF2306,IF2306,3990.6,9.0,10775580.0,-1.0,3,3990.4,3991.2,1,3985.2,3991.4,3995.4,3987.2,1622.0,1942724640.0,88975
2023-05-11 09:36:50,IF2306,IF2306,3991.0,1.0,1197300.0,0.0,1,3990.6,3991.0,1,3985.2,3991.4,3995.4,3987.2,1623.0,1943921940.0,88975
2023-05-11 09:36:50,IF2306,IF2306,3991.0,2.0,2394600.0,-1.0,3,3990.4,3991.2,1,3985.2,3991.4,3995.4,3987.2,1625.0,1946316540.0,88974
2023-05-11 09:36:51,IF2306,IF2306,3991.0,0.0,0.0,0.0,3,3990.4,3991.0,2,3985.2,3991.4,3995.4,3987.2,1625.0,1946316540.0,88974
2023-05-11 09:36:52,IF2306,IF2306,3991.0,2.0,2394600.0,2.0,3,3990.4,3991.2,1,3985.2,3991.4,3995.4,3987.2,1627.0,1948711140.0,88976
2023-05-11 09:36:52,IF2306,IF2306,3991.2,1.0,1197360.0,-1.0,2,3990.6,3991.4,1,3985.2,3991.4,3995.4,3987.2,1628.0,1949908500.0,88975
2023-05-11 09:36:53,IF2306,IF2306,3991.2,0.0,0.0,0.0,2,3990.6,3991.0,1,3985.2,3991.4,3995.4,3987.2,1628.0,1949908500.0,88975
2023-05-11 09:36:53,IF2306,IF2306,3991.0,1.0,1197300.0,-1.0,1,3990.8,3991.6,1,3985.2,3991.4,3995.4,3987.2,1629.0,1951105800.0,88974
2023-05-11 09:36:54,IF2306,IF2306,3991.0,0.0,0.0,0.0,2,3990.6,3991.6,1,3985.2,3991.4,3995.4,3987.2,1629.0,1951105800.0,88974
2023-05-11 09:36:54,IF2306,IF2306,3991.0,0.0,0.0,0.0,2,3990.6,3991.4,6,3985.2,3991.4,3995.4,3987.2,1629.0,1951105800.0,88974
2023-05-11 09:36:55,IF2306,IF2306,3991.0,0.0,0.0,0.0,1,3990.6,3991.4,1,3985.2,3991.4,3995.4,3987.2,1629.0,1951105800.0,88974
2023-05-11 09:36:56,IF2306,IF2306,3991.0,0.0,0.0,0.0,1,3990.6,3991.2,1,3985.2,3991.4,3995.4,3987.2,1629.0,1951105800.0,88974
2023-05-11 09:36:56,IF2306,IF2306,3991.0,0.0,0.0,0.0,1,3990.4,3991.2,1,3985.2,3991.4,3995.4,3987.2,1629.0,1951105800.0,88974
2023-05-11 09:36:57,IF2306,IF2306,3990.4,2.0,2394480.0,0.0,1,3990.0,3991.4,1,3985.2,3991.4,3995.4,3987.2,1631.0,1953500280.0,88974
2023-05-11 09:36:57,IF2306,IF2306,3990.4,0.0,0.0,0.0,1,3990.2,3990.8,1,3985.2,3991.4,3995.4,3987.2,1631.0,1953500280.0,88974
2023-05-11 09:36:58,IF2306,IF2306,3990.4,0.0,0.0,0.0,1,3990.0,3990.8,1,3985.2,3991.4,3995.4,3987.2,1631.0,1953500280.0,88974
2023-05-11 09:36:58,IF2306,IF2306,3990.0,1.0,1197000.0,1.0,1,3989.6,3990.4,1,3985.2,3991.4,3995.4,3987.2,1632.0,1954697280.0,88975
2023-05-11 09:36:59,IF2306,IF2306,3990.0,0.0,0.0,0.0,1,3989.4,3990.2,1,3985.2,3991.4,3995.4,3987.2,1632.0,1954697280.0,88975
2023-05-11 09:36:59,IF2306,IF2306,3990.0,1.0,1197000.0,-1.0,3,3989.2,3990.0,3,3985.2,3991.4,3995.4,3987.2,1633.0,1955894280.0,88974
2023-05-11 09:37:00,IF2306,IF2306,3990.0,1.0,1197000.0,0.0,2,3989.4,3990.2,1,3985.2,3991.4,3995.4,3987.2,1634.0,1957091280.0,88974
2023-05-11 09:37:00,IF2306,IF2306,3990.0,0.0,0.0,0.0,1,3989.6,3990.2,1,3985.2,3991.4,3995.4,3987.2,1634.0,1957091280.0,88974
2023-05-11 09:37:01,IF2306,IF2306,3990.0,0.0,0.0,0.0,3,3989.2,3990.0,2,3985.2,3991.4,3995.4,3987.2,1634.0,1957091280.0,88974
