time,symbol_id,symbol_name,last,trade_volume,trade_amount,open_interest_change,bv1,bp1,ap1,av1,yesterday_close,today_open,today_high,today_low,volume,amount,open_interest
2023-05-09 20:57:52,eg2404,eg2404,4381.0,0.0,0.0,0.0,1,4261.0,0.0,0,4381.0,0.0,0.0,0.0,0.0,0.0,1
2023-05-09 21:00:01,eg2404,eg2404,4381.0,0.0,0.0,0.0,2,4262.0,0.0,0,4381.0,0.0,0.0,0.0,0.0,0.0,1
2023-05-09 21:00:01,eg2404,eg2404,4381.0,0.0,0.0,0.0,1,4263.0,4717.0,1,4381.0,0.0,0.0,0.0,0.0,0.0,1
2023-05-09 21:00:02,eg2404,eg2404,4381.0,0.0,0.0,0.0,2,4263.0,4717.0,2,4381.0,0.0,0.0,0.0,0.0,0.0,1
2023-05-09 21:00:03,eg2404,eg2404,4381.0,0.0,0.0,0.0,2,4264.0,4717.0,2,4381.0,0.0,0.0,0.0,0.0,0.0,1
2023-05-09 21:00:04,eg2404,eg2404,4381.0,0.0,0.0,0.0,4,4264.0,4716.0,3,4381.0,0.0,0.0,0.0,0.0,0.0,1
2023-05-09 21:00:06,eg2404,eg2404,4381.0,0.0,0.0,0.0,1,4265.0,4716.0,4,4381.0,0.0,0.0,0.0,0.0,0.0,1
2023-05-09 21:00:07,eg2404,eg2404,4381.0,0.0,0.0,0.0,2,4266.0,4716.0,4,4381.0,0.0,0.0,0.0,0.0,0.0,1
2023-05-09 21:00:08,eg2404,eg2404,4381.0,0.0,0.0,0.0,2,4266.0,4715.0,1,4381.0,0.0,0.0,0.0,0.0,0.0,1
2023-05-09 21:00:09,eg2404,eg2404,4381.0,0.0,0.0,0.0,2,4267.0,4714.0,3,4381.0,0.0,0.0,0.0,0.0,0.0,1
2023-05-09 21:00:09,eg2404,eg2404,4381.0,0.0,0.0,0.0,2,4267.0,4714.0,4,4381.0,0.0,0.0,0.0,0.0,0.0,1
2023-05-09 21:00:10,eg2404,eg2404,4381.0,0.0,0.0,0.0,2,4268.0,4714.0,4,4381.0,0.0,0.0,0.0,0.0,0.0,1
2023-05-09 21:00:11,eg2404,eg2404,4381.0,0.0,0.0,0.0,2,4268.0,4592.0,1,4381.0,0.0,0.0,0.0,0.0,0.0,1
2023-05-09 21:00:12,eg2404,eg2404,4381.0,0.0,0.0,0.0,2,4268.0,4591.0,2,4381.0,0.0,0.0,0.0,0.0,0.0,1
2023-05-09 21:00:12,eg2404,eg2404,4381.0,0.0,0.0,0.0,1,4269.0,4591.0,3,4381.0,0.0,0.0,0.0,0.0,0.0,1
2023-05-09 21:00:13,eg2404,eg2404,4381.0,0.0,0.0,0.0,1,4270.0,4591.0,3,4381.0,0.0,0.0,0.0,0.0,0.0,1
2023-05-09 21:00:14,eg2404,eg2404,4381.0,0.0,0.0,0.0,1,4271.0,4589.0,1,4381.0,0.0,0.0,0.0,0.0,0.0,1
2023-05-09 21:00:14,eg2404,eg2404,4381.0,0.0,0.0,0.0,2,4272.0,4589.0,1,4381.0,0.0,0.0,0.0,0.0,0.0,1
2023-05-09 21:00:15,eg2404,eg2404,4381.0,0.0,0.0,0.0,1,4274.0,4588.0,2,4381.0,0.0,0.0,0.0,0.0,0.0,1
2023-05-09 21:00:15,eg2404,eg2404,4381.0,0.0,0.0,0.0,1,4274.0,4586.0,1,4381.0,0.0,0.0,0.0,0.0,0.0,1
2023-05-09 21:00:16,eg2404,eg2404,4381.0,0.0,0.0,0.0,1,4274.0,4585.0,1,4381.0,0.0,0.0,0.0,0.0,0.0,1
2023-05-09 21:00:16,eg2404,eg2404,4381.0,0.0,0.0,0.0,1,4275.0,4583.0,1,4381.0,0.0,0.0,0.0,0.0,0.0,1
2023-05-09 21:00:17,eg2404,eg2404,4381.0,0.0,0.0,0.0,1,4277.0,4583.0,1,4381.0,0.0,0.0,0.0,0.0,0.0,1
2023-05-09 21:00:17,eg2404,eg2404,4381.0,0.0,0.0,0.0,2,4278.0,4583.0,1,4381.0,0.0,0.0,0.0,0.0,0.0,1
2023-05-09 21:00:18,eg2404,eg2404,4381.0,0.0,0.0,0.0,1,4280.0,4582.0,3,4381.0,0.0,0.0,0.0,0.0,0.0,1
2023-05-09 21:00:18,eg2404,eg2404,4381.0,0.0,0.0,0.0,1,4280.0,4580.0,1,4381.0,0.0,0.0,0.0,0.0,0.0,1
2023-05-09 21:00:19,eg2404,eg2404,4381.0,0.0,0.0,0.0,1,4280.0,4579.0,1,4381.0,0.0,0.0,0.0,0.0,0.0,1
2023-05-09 21:00:20,eg2404,eg2404,4381.0,0.0,0.0,0.0,1,4281.0,4577.0,1,4381.0,0.0,0.0,0.0,0.0,0.0,1
2023-05-09 21:00:20,eg2404,eg2404,4381.0,0.0,0.0,0.0,1,4283.0,4577.0,1,4381.0,0.0,0.0,0.0,0.0,0.0,1
2023-05-09 21:00:20,eg2404,eg2404,4381.0,0.0,0.0,0.0,1,4283.0,4576.0,3,4381.0,0.0,0.0,0.0,0.0,0.0,1
2023-05-09 21:00:21,eg2404,eg2404,4381.0,0.0,0.0,0.0,1,4284.0,4574.0,1,4381.0,0.0,0.0,0.0,0.0,0.0,1
2023-05-09 21:00:22,eg2404,eg2404,4381.0,0.0,0.0,0.0,1,4286.0,4574.0,1,4381.0,0.0,0.0,0.0,0.0,0.0,1
2023-05-09 21:00:23,eg2404,eg2404,4381.0,0.0,0.0,0.0,1,4287.0,4573.0,2,4381.0,0.0,0.0,0.0,0.0,0.0,1
2023-05-09 21:00:23,eg2404,eg2404,4381.0,0.0,0.0,0.0,1,4289.0,4571.0,1,4381.0,0.0,0.0,0.0,0.0,0.0,1
2023-05-09 21:00:24,eg2404,eg2404,4381.0,0.0,0.0,0.0,2,4290.0,4570.0,3,4381.0,0.0,0.0,0.0,0.0,0.0,1
2023-05-09 21:00:24,eg2404,eg2404,4381.0,0.0,0.0,0.0,1,4292.0,4568.0,1,4381.0,0.0,0.0,0.0,0.0,0.0,1
2023-05-09 21:00:27,eg2404,eg2404,4381.0,0.0,0.0,0.0,4,4293.0,4567.0,6,4381.0,0.0,0.0,0.0,0.0,0.0,1
2023-05-09 21:00:27,eg2404,eg2404,4381.0,0.0,0.0,0.0,1,4295.0,4565.0,1,4381.0,0.0,0.0,0.0,0.0,0.0,1
2023-05-09 21:00:27,eg2404,eg2404,4381.0,0.0,0.0,0.0,2,4295.0,4565.0,1,4381.0,0.0,0.0,0.0,0.0,0.0,1
2023-05-09 21:00:30,eg2404,eg2404,4381.0,0.0,0.0,0.0,4,4296.0,4564.0,6,4381.0,0.0,0.0,0.0,0.0,0.0,1
2023-05-09 21:00:30,eg2404,eg2404,4381.0,0.0,0.0,0.0,1,4298.0,4562.0,1,4381.0,0.0,0.0,0.0,0.0,0.0,1
2023-05-09 21:00:33,eg2404,eg2404,4381.0,0.0,0.0,0.0,2,4299.0,4561.0,4,4381.0,0.0,0.0,0.0,0.0,0.0,1
2023-05-09 21:00:33,eg2404,eg2404,4381.0,0.0,0.0,0.0,1,4301.0,4559.0,1,4381.0,0.0,0.0,0.0,0.0,0.0,1
2023-05-09 21:00:34,eg2404,eg2404,4381.0,0.0,0.0,0.0,2,4302.0,4559.0,1,4381.0,0.0,0.0,0.0,0.0,0.0,1
2023-05-09 21:00:34,eg2404,eg2404,4381.0,0.0,0.0,0.0,1,4304.0,4559.0,1,4381.0,0.0,0.0,0.0,0.0,0.0,1
2023-05-09 21:00:35,eg2404,eg2404,4381.0,0.0,0.0,0.0,1,4305.0,4558.0,2,4381.0,0.0,0.0,0.0,0.0,0.0,1
2023-05-09 21:00:35,eg2404,eg2404,4381.0,0.0,0.0,0.0,1,4307.0,4556.0,1,4381.0,0.0,0.0,0.0,0.0,0.0,1
2023-05-09 21:00:36,eg2404,eg2404,4381.0,0.0,0.0,0.0,1,4307.0,4555.0,2,4381.0,0.0,0.0,0.0,0.0,0.0,1
2023-05-09 21:00:37,eg2404,eg2404,4381.0,0.0,0.0,0.0,2,4308.0,4553.0,1,4381.0,0.0,0.0,0.0,0.0,0.0,1
2023-05-09 21:00:37,eg2404,eg2404,4381.0,0.0,0.0,0.0,1,4310.0,4553.0,1,4381.0,0.0,0.0,0.0,0.0,0.0,1
2023-05-09 21:00:38,eg2404,eg2404,4381.0,0.0,0.0,0.0,3,4311.0,4552.0,2,4381.0,0.0,0.0,0.0,0.0,0.0,1
2023-05-09 21:00:38,eg2404,eg2404,4381.0,0.0,0.0,0.0,1,4313.0,4550.0,1,4381.0,0.0,0.0,0.0,0.0,0.0,1
2023-05-09 21:00:41,eg2404,eg2404,4381.0,0.0,0.0,0.0,2,4314.0,4550.0,1,4381.0,0.0,0.0,0.0,0.0,0.0,1
2023-05-09 21:00:41,eg2404,eg2404,4381.0,0.0,0.0,0.0,1,4316.0,4549.0,9,4381.0,0.0,0.0,0.0,0.0,0.0,1
2023-05-09 21:00:42,eg2404,eg2404,4381.0,0.0,0.0,0.0,1,4316.0,4547.0,1,4381.0,0.0,0.0,0.0,0.0,0.0,1
2023-05-09 21:00:44,eg2404,eg2404,4381.0,0.0,0.0,0.0,5,4317.0,4546.0,9,4381.0,0.0,0.0,0.0,0.0,0.0,1
2023-05-09 21:00:44,eg2404,eg2404,4381.0,0.0,0.0,0.0,1,4319.0,4544.0,1,4381.0,0.0,0.0,0.0,0.0,0.0,1
2023-05-09 21:00:47,eg2404,eg2404,4381.0,0.0,0.0,0.0,5,4320.0,4543.0,9,4381.0,0.0,0.0,0.0,0.0,0.0,1
2023-05-09 21:00:48,eg2404,eg2404,4381.0,0.0,0.0,0.0,1,4322.0,4541.0,1,4381.0,0.0,0.0,0.0,0.0,0.0,1
2023-05-09 21:00:50,eg2404,eg2404,4381.0,0.0,0.0,0.0,2,4323.0,4541.0,1,4381.0,0.0,0.0,0.0,0.0,0.0,1
2023-05-09 21:00:51,eg2404,eg2404,4381.0,0.0,0.0,0.0,1,4325.0,4541.0,1,4381.0,0.0,0.0,0.0,0.0,0.0,1
2023-05-09 21:00:51,eg2404,eg2404,4381.0,0.0,0.0,0.0,3,4326.0,4540.0,9,4381.0,0.0,0.0,0.0,0.0,0.0,1
2023-05-09 21:00:52,eg2404,eg2404,4381.0,0.0,0.0,0.0,1,4328.0,4538.0,1,4381.0,0.0,0.0,0.0,0.0,0.0,1
2023-05-09 21:00:54,eg2404,eg2404,4381.0,0.0,0.0,0.0,5,4329.0,4537.0,9,4381.0,0.0,0.0,0.0,0.0,0.0,1
2023-05-09 21:00:55,eg2404,eg2404,4381.0,0.0,0.0,0.0,5,4329.0,4535.0,1,4381.0,0.0,0.0,0.0,0.0,0.0,1
2023-05-09 21:00:55,eg2404,eg2404,4381.0,0.0,0.0,0.0,7,4329.0,4535.0,1,4381.0,0.0,0.0,0.0,0.0,0.0,1
2023-05-09 21:00:57,eg2404,eg2404,4381.0,0.0,0.0,0.0,1,4330.0,4534.0,1,4381.0,0.0,0.0,0.0,0.0,0.0,1
2023-05-09 21:00:57,eg2404,eg2404,4381.0,0.0,0.0,0.0,1,4330.0,4532.0,1,4381.0,0.0,0.0,0.0,0.0,0.0,1
2023-05-09 21:00:57,eg2404,eg2404,4381.0,0.0,0.0,0.0,5,4331.0,4532.0,1,4381.0,0.0,0.0,0.0,0.0,0.0,1
2023-05-09 21:01:00,eg2404,eg2404,4381.0,0.0,0.0,0.0,5,4331.0,4531.0,3,4381.0,0.0,0.0,0.0,0.0,0.0,1
2023-05-09 21:01:00,eg2404,eg2404,4381.0,0.0,0.0,0.0,5,4331.0,4529.0,1,4381.0,0.0,0.0,0.0,0.0,0.0,1
2023-05-09 21:01:01,eg2404,eg2404,4381.0,0.0,0.0,0.0,2,4332.0,4529.0,2,4381.0,0.0,0.0,0.0,0.0,0.0,1
2023-05-09 21:01:03,eg2404,eg2404,4381.0,0.0,0.0,0.0,2,4332.0,4528.0,2,4381.0,0.0,0.0,0.0,0.0,0.0,1
2023-05-09 21:01:04,eg2404,eg2404,4381.0,0.0,0.0,0.0,5,4333.0,4526.0,1,4381.0,0.0,0.0,0.0,0.0,0.0,1
2023-05-09 21:01:05,eg2404,eg2404,4381.0,0.0,0.0,0.0,5,4333.0,4525.0,1,4381.0,0.0,0.0,0.0,0.0,0.0,1
2023-05-09 21:01:06,eg2404,eg2404,4381.0,0.0,0.0,0.0,5,4333.0,4523.0,1,4381.0,0.0,0.0,0.0,0.0,0.0,1
2023-05-09 21:01:07,eg2404,eg2404,4381.0,0.0,0.0,0.0,5,4333.0,4522.0,8,4381.0,0.0,0.0,0.0,0.0,0.0,1
2023-05-09 21:01:08,eg2404,eg2404,4381.0,0.0,0.0,0.0,5,4333.0,4520.0,1,4381.0,0.0,0.0,0.0,0.0,0.0,1
2023-05-09 21:01:09,eg2404,eg2404,4381.0,0.0,0.0,0.0,5,4333.0,4519.0,1,4381.0,0.0,0.0,0.0,0.0,0.0,1
2023-05-09 21:01:09,eg2404,eg2404,4381.0,0.0,0.0,0.0,2,4334.0,4517.0,1,4381.0,0.0,0.0,0.0,0.0,0.0,1
2023-05-09 21:01:11,eg2404,eg2404,4381.0,0.0,0.0,0.0,5,4335.0,4516.0,8,4381.0,0.0,0.0,0.0,0.0,0.0,1
2023-05-09 21:01:12,eg2404,eg2404,4381.0,0.0,0.0,0.0,5,4335.0,4514.0,1,4381.0,0.0,0.0,0.0,0.0,0.0,1
2023-05-09 21:01:14,eg2404,eg2404,4381.0,0.0,0.0,0.0,5,4335.0,4513.0,1,4381.0,0.0,0.0,0.0,0.0,0.0,1
2023-05-09 21:01:14,eg2404,eg2404,4381.0,0.0,0.0,0.0,5,4335.0,4511.0,1,4381.0,0.0,0.0,0.0,0.0,0.0,1
2023-05-09 21:01:22,eg2404,eg2404,4381.0,0.0,0.0,0.0,5,4335.0,4510.0,7,4381.0,0.0,0.0,0.0,0.0,0.0,1
2023-05-09 21:01:23,eg2404,eg2404,4381.0,0.0,0.0,0.0,5,4335.0,4508.0,1,4381.0,0.0,0.0,0.0,0.0,0.0,1
2023-05-09 21:01:28,eg2404,eg2404,4381.0,0.0,0.0,0.0,5,4335.0,4507.0,7,4381.0,0.0,0.0,0.0,0.0,0.0,1
2023-05-09 21:01:29,eg2404,eg2404,4381.0,0.0,0.0,0.0,5,4335.0,4505.0,1,4381.0,0.0,0.0,0.0,0.0,0.0,1
2023-05-09 21:01:32,eg2404,eg2404,4381.0,0.0,0.0,0.0,5,4335.0,4504.0,7,4381.0,0.0,0.0,0.0,0.0,0.0,1
2023-05-09 21:01:32,eg2404,eg2404,4381.0,0.0,0.0,0.0,5,4335.0,4502.0,1,4381.0,0.0,0.0,0.0,0.0,0.0,1
2023-05-09 21:01:32,eg2404,eg2404,4381.0,0.0,0.0,0.0,5,4335.0,4501.0,2,4381.0,0.0,0.0,0.0,0.0,0.0,1
2023-05-09 21:01:33,eg2404,eg2404,4381.0,0.0,0.0,0.0,5,4335.0,4499.0,1,4381.0,0.0,0.0,0.0,0.0,0.0,1
2023-05-09 21:01:36,eg2404,eg2404,4381.0,0.0,0.0,0.0,5,4335.0,4498.0,9,4381.0,0.0,0.0,0.0,0.0,0.0,1
2023-05-09 21:01:36,eg2404,eg2404,4381.0,0.0,0.0,0.0,5,4335.0,4496.0,1,4381.0,0.0,0.0,0.0,0.0,0.0,1
2023-05-09 21:01:40,eg2404,eg2404,4381.0,0.0,0.0,0.0,5,4335.0,4495.0,9,4381.0,0.0,0.0,0.0,0.0,0.0,1
2023-05-09 21:01:40,eg2404,eg2404,4381.0,0.0,0.0,0.0,5,4335.0,4493.0,1,4381.0,0.0,0.0,0.0,0.0,0.0,1
2023-05-09 21:01:44,eg2404,eg2404,4381.0,0.0,0.0,0.0,5,4335.0,4492.0,2,4381.0,0.0,0.0,0.0,0.0,0.0,1
2023-05-09 21:01:44,eg2404,eg2404,4381.0,0.0,0.0,0.0,5,4335.0,4490.0,1,4381.0,0.0,0.0,0.0,0.0,0.0,1
2023-05-09 21:01:45,eg2404,eg2404,4381.0,0.0,0.0,0.0,5,4335.0,4489.0,6,4381.0,0.0,0.0,0.0,0.0,0.0,1
2023-05-09 21:01:45,eg2404,eg2404,4381.0,0.0,0.0,0.0,5,4335.0,4487.0,1,4381.0,0.0,0.0,0.0,0.0,0.0,1
2023-05-09 21:01:49,eg2404,eg2404,4381.0,0.0,0.0,0.0,5,4335.0,4486.0,6,4381.0,0.0,0.0,0.0,0.0,0.0,1
2023-05-09 21:01:49,eg2404,eg2404,4381.0,0.0,0.0,0.0,5,4335.0,4484.0,1,4381.0,0.0,0.0,0.0,0.0,0.0,1
2023-05-09 21:01:54,eg2404,eg2404,4381.0,0.0,0.0,0.0,5,4335.0,4483.0,6,4381.0,0.0,0.0,0.0,0.0,0.0,1
2023-05-09 21:01:54,eg2404,eg2404,4381.0,0.0,0.0,0.0,5,4335.0,4481.0,1,4381.0,0.0,0.0,0.0,0.0,0.0,1
2023-05-09 21:01:58,eg2404,eg2404,4381.0,0.0,0.0,0.0,5,4335.0,4480.0,6,4381.0,0.0,0.0,0.0,0.0,0.0,1
2023-05-09 21:01:58,eg2404,eg2404,4381.0,0.0,0.0,0.0,5,4335.0,4478.0,1,4381.0,0.0,0.0,0.0,0.0,0.0,1
2023-05-09 21:02:01,eg2404,eg2404,4381.0,0.0,0.0,0.0,5,4335.0,4477.0,6,4381.0,0.0,0.0,0.0,0.0,0.0,1
2023-05-09 21:02:02,eg2404,eg2404,4381.0,0.0,0.0,0.0,5,4335.0,4475.0,1,4381.0,0.0,0.0,0.0,0.0,0.0,1
2023-05-09 21:02:03,eg2404,eg2404,4381.0,0.0,0.0,0.0,5,4335.0,4474.0,1,4381.0,0.0,0.0,0.0,0.0,0.0,1
2023-05-09 21:02:04,eg2404,eg2404,4381.0,0.0,0.0,0.0,5,4335.0,4472.0,1,4381.0,0.0,0.0,0.0,0.0,0.0,1
2023-05-09 21:02:06,eg2404,eg2404,4381.0,0.0,0.0,0.0,5,4335.0,4471.0,1,4381.0,0.0,0.0,0.0,0.0,0.0,1
2023-05-09 21:02:07,eg2404,eg2404,4381.0,0.0,0.0,0.0,5,4335.0,4469.0,1,4381.0,0.0,0.0,0.0,0.0,0.0,1
2023-05-09 21:02:10,eg2404,eg2404,4381.0,0.0,0.0,0.0,5,4335.0,4468.0,6,4381.0,0.0,0.0,0.0,0.0,0.0,1
2023-05-09 21:02:10,eg2404,eg2404,4381.0,0.0,0.0,0.0,5,4335.0,4466.0,1,4381.0,0.0,0.0,0.0,0.0,0.0,1
2023-05-09 21:02:11,eg2404,eg2404,4381.0,0.0,0.0,0.0,5,4335.0,4466.0,2,4381.0,0.0,0.0,0.0,0.0,0.0,1
2023-05-09 21:02:14,eg2404,eg2404,4381.0,0.0,0.0,0.0,5,4335.0,4465.0,6,4381.0,0.0,0.0,0.0,0.0,0.0,1
2023-05-09 21:02:14,eg2404,eg2404,4381.0,0.0,0.0,0.0,5,4335.0,4463.0,1,4381.0,0.0,0.0,0.0,0.0,0.0,1
2023-05-09 21:02:17,eg2404,eg2404,4381.0,0.0,0.0,0.0,5,4335.0,4462.0,6,4381.0,0.0,0.0,0.0,0.0,0.0,1
2023-05-09 21:02:17,eg2404,eg2404,4381.0,0.0,0.0,0.0,5,4335.0,4460.0,1,4381.0,0.0,0.0,0.0,0.0,0.0,1
2023-05-09 21:02:19,eg2404,eg2404,4381.0,0.0,0.0,0.0,5,4335.0,4459.0,6,4381.0,0.0,0.0,0.0,0.0,0.0,1
2023-05-09 21:02:20,eg2404,eg2404,4381.0,0.0,0.0,0.0,5,4335.0,4457.0,1,4381.0,0.0,0.0,0.0,0.0,0.0,1
2023-05-09 21:02:26,eg2404,eg2404,4381.0,0.0,0.0,0.0,5,4335.0,4456.0,5,4381.0,0.0,0.0,0.0,0.0,0.0,1
2023-05-09 21:02:27,eg2404,eg2404,4381.0,0.0,0.0,0.0,5,4335.0,4454.0,1,4381.0,0.0,0.0,0.0,0.0,0.0,1
2023-05-09 21:02:28,eg2404,eg2404,4381.0,0.0,0.0,0.0,5,4335.0,4453.0,1,4381.0,0.0,0.0,0.0,0.0,0.0,1
2023-05-09 21:02:28,eg2404,eg2404,4381.0,0.0,0.0,0.0,5,4335.0,4451.0,1,4381.0,0.0,0.0,0.0,0.0,0.0,1
2023-05-09 21:02:29,eg2404,eg2404,4381.0,0.0,0.0,0.0,5,4335.0,4450.0,5,4381.0,0.0,0.0,0.0,0.0,0.0,1
2023-05-09 21:02:30,eg2404,eg2404,4381.0,0.0,0.0,0.0,5,4335.0,4448.0,1,4381.0,0.0,0.0,0.0,0.0,0.0,1
2023-05-09 21:02:31,eg2404,eg2404,4381.0,0.0,0.0,0.0,5,4335.0,4447.0,1,4381.0,0.0,0.0,0.0,0.0,0.0,1
2023-05-09 21:02:32,eg2404,eg2404,4381.0,0.0,0.0,0.0,5,4335.0,4445.0,1,4381.0,0.0,0.0,0.0,0.0,0.0,1
2023-05-09 21:02:32,eg2404,eg2404,4381.0,0.0,0.0,0.0,5,4335.0,4444.0,3,4381.0,0.0,0.0,0.0,0.0,0.0,1
2023-05-09 21:02:33,eg2404,eg2404,4381.0,0.0,0.0,0.0,5,4335.0,4442.0,1,4381.0,0.0,0.0,0.0,0.0,0.0,1
2023-05-09 21:02:34,eg2404,eg2404,4381.0,0.0,0.0,0.0,5,4335.0,4441.0,1,4381.0,0.0,0.0,0.0,0.0,0.0,1
2023-05-09 21:02:34,eg2404,eg2404,4381.0,0.0,0.0,0.0,5,4335.0,4439.0,1,4381.0,0.0,0.0,0.0,0.0,0.0,1
2023-05-09 21:02:35,eg2404,eg2404,4381.0,0.0,0.0,0.0,5,4335.0,4438.0,3,4381.0,0.0,0.0,0.0,0.0,0.0,1
2023-05-09 21:02:36,eg2404,eg2404,4381.0,0.0,0.0,0.0,5,4335.0,4436.0,1,4381.0,0.0,0.0,0.0,0.0,0.0,1
2023-05-09 21:02:37,eg2404,eg2404,4381.0,0.0,0.0,0.0,5,4335.0,4435.0,1,4381.0,0.0,0.0,0.0,0.0,0.0,1
2023-05-09 21:02:38,eg2404,eg2404,4381.0,0.0,0.0,0.0,5,4335.0,4433.0,1,4381.0,0.0,0.0,0.0,0.0,0.0,1
2023-05-09 21:02:39,eg2404,eg2404,4381.0,0.0,0.0,0.0,5,4335.0,4432.0,3,4381.0,0.0,0.0,0.0,0.0,0.0,1
2023-05-09 21:02:45,eg2404,eg2404,4381.0,0.0,0.0,0.0,5,4335.0,4431.0,1,4381.0,0.0,0.0,0.0,0.0,0.0,1
2023-05-09 21:02:49,eg2404,eg2404,4381.0,0.0,0.0,0.0,5,4335.0,4430.0,3,4381.0,0.0,0.0,0.0,0.0,0.0,1
2023-05-09 21:02:50,eg2404,eg2404,4381.0,0.0,0.0,0.0,5,4335.0,4429.0,1,4381.0,0.0,0.0,0.0,0.0,0.0,1
2023-05-09 21:02:55,eg2404,eg2404,4381.0,0.0,0.0,0.0,5,4335.0,4428.0,3,4381.0,0.0,0.0,0.0,0.0,0.0,1
2023-05-09 21:02:56,eg2404,eg2404,4381.0,0.0,0.0,0.0,5,4335.0,4427.0,1,4381.0,0.0,0.0,0.0,0.0,0.0,1
2023-05-09 21:03:02,eg2404,eg2404,4381.0,0.0,0.0,0.0,5,4335.0,4426.0,3,4381.0,0.0,0.0,0.0,0.0,0.0,1
2023-05-09 21:03:04,eg2404,eg2404,4381.0,0.0,0.0,0.0,5,4335.0,4425.0,1,4381.0,0.0,0.0,0.0,0.0,0.0,1
2023-05-09 21:03:08,eg2404,eg2404,4381.0,0.0,0.0,0.0,5,4335.0,4424.0,3,4381.0,0.0,0.0,0.0,0.0,0.0,1
2023-05-09 21:03:09,eg2404,eg2404,4381.0,0.0,0.0,0.0,5,4335.0,4423.0,1,4381.0,0.0,0.0,0.0,0.0,0.0,1
2023-05-09 21:03:10,eg2404,eg2404,4381.0,0.0,0.0,0.0,2,4336.0,4423.0,1,4381.0,0.0,0.0,0.0,0.0,0.0,1
2023-05-09 21:03:11,eg2404,eg2404,4381.0,0.0,0.0,0.0,2,4336.0,4422.0,3,4381.0,0.0,0.0,0.0,0.0,0.0,1
2023-05-09 21:03:12,eg2404,eg2404,4381.0,0.0,0.0,0.0,1,4337.0,4422.0,3,4381.0,0.0,0.0,0.0,0.0,0.0,1
2023-05-09 21:03:14,eg2404,eg2404,4381.0,0.0,0.0,0.0,4,4338.0,4421.0,1,4381.0,0.0,0.0,0.0,0.0,0.0,1
2023-05-09 21:03:16,eg2404,eg2404,4381.0,0.0,0.0,0.0,1,4339.0,4420.0,3,4381.0,0.0,0.0,0.0,0.0,0.0,1
2023-05-09 21:03:20,eg2404,eg2404,4381.0,0.0,0.0,0.0,4,4340.0,4419.0,1,4381.0,0.0,0.0,0.0,0.0,0.0,1
2023-05-09 21:03:24,eg2404,eg2404,4381.0,0.0,0.0,0.0,1,4341.0,4418.0,3,4381.0,0.0,0.0,0.0,0.0,0.0,1
2023-05-09 21:03:25,eg2404,eg2404,4381.0,0.0,0.0,0.0,4,4342.0,4417.0,1,4381.0,0.0,0.0,0.0,0.0,0.0,1
2023-05-09 21:03:28,eg2404,eg2404,4381.0,0.0,0.0,0.0,1,4343.0,4416.0,3,4381.0,0.0,0.0,0.0,0.0,0.0,1
2023-05-09 21:03:29,eg2404,eg2404,4381.0,0.0,0.0,0.0,4,4344.0,4415.0,1,4381.0,0.0,0.0,0.0,0.0,0.0,1
2023-05-09 21:03:32,eg2404,eg2404,4381.0,0.0,0.0,0.0,1,4345.0,4414.0,3,4381.0,0.0,0.0,0.0,0.0,0.0,1
2023-05-09 21:03:34,eg2404,eg2404,4381.0,0.0,0.0,0.0,2,4346.0,4413.0,1,4381.0,0.0,0.0,0.0,0.0,0.0,1
2023-05-09 21:03:37,eg2404,eg2404,4381.0,0.0,0.0,0.0,1,4347.0,4412.0,3,4381.0,0.0,0.0,0.0,0.0,0.0,1
2023-05-09 21:03:37,eg2404,eg2404,4381.0,0.0,0.0,0.0,2,4348.0,4412.0,3,4381.0,0.0,0.0,0.0,0.0,0.0,1
2023-05-09 21:03:38,eg2404,eg2404,4381.0,0.0,0.0,0.0,4,4348.0,4411.0,1,4381.0,0.0,0.0,0.0,0.0,0.0,1
2023-05-09 21:03:40,eg2404,eg2404,4381.0,0.0,0.0,0.0,1,4349.0,4410.0,3,4381.0,0.0,0.0,0.0,0.0,0.0,1
2023-05-09 21:03:41,eg2404,eg2404,4381.0,0.0,0.0,0.0,3,4349.0,4410.0,3,4381.0,0.0,0.0,0.0,0.0,0.0,1
2023-05-09 21:03:41,eg2404,eg2404,4381.0,0.0,0.0,0.0,2,4350.0,4409.0,1,4381.0,0.0,0.0,0.0,0.0,0.0,1
2023-05-09 21:03:43,eg2404,eg2404,4381.0,0.0,0.0,0.0,1,4351.0,4408.0,3,4381.0,0.0,0.0,0.0,0.0,0.0,1
2023-05-09 21:03:44,eg2404,eg2404,4381.0,0.0,0.0,0.0,2,4352.0,4407.0,1,4381.0,0.0,0.0,0.0,0.0,0.0,1
2023-05-09 21:03:51,eg2404,eg2404,4381.0,0.0,0.0,0.0,1,4353.0,4406.0,3,4381.0,0.0,0.0,0.0,0.0,0.0,1
2023-05-09 21:03:52,eg2404,eg2404,4381.0,0.0,0.0,0.0,2,4354.0,4405.0,1,4381.0,0.0,0.0,0.0,0.0,0.0,1
2023-05-09 21:03:54,eg2404,eg2404,4381.0,0.0,0.0,0.0,1,4355.0,4404.0,3,4381.0,0.0,0.0,0.0,0.0,0.0,1
2023-05-09 21:03:54,eg2404,eg2404,4381.0,0.0,0.0,0.0,1,4355.0,4404.0,4,4381.0,0.0,0.0,0.0,0.0,0.0,1
2023-05-09 21:03:54,eg2404,eg2404,4381.0,0.0,0.0,0.0,2,4356.0,4404.0,5,4381.0,0.0,0.0,0.0,0.0,0.0,1
2023-05-09 21:03:57,eg2404,eg2404,4381.0,0.0,0.0,0.0,2,4356.0,4404.0,4,4381.0,0.0,0.0,0.0,0.0,0.0,1
2023-05-09 21:03:58,eg2404,eg2404,4381.0,0.0,0.0,0.0,2,4356.0,4403.0,1,4381.0,0.0,0.0,0.0,0.0,0.0,1
2023-05-09 21:04:00,eg2404,eg2404,4381.0,0.0,0.0,0.0,2,4356.0,4403.0,4,4381.0,0.0,0.0,0.0,0.0,0.0,1
2023-05-09 21:04:04,eg2404,eg2404,4381.0,0.0,0.0,0.0,2,4356.0,4403.0,1,4381.0,0.0,0.0,0.0,0.0,0.0,1
2023-05-09 21:04:05,eg2404,eg2404,4381.0,0.0,0.0,0.0,2,4356.0,4402.0,3,4381.0,0.0,0.0,0.0,0.0,0.0,1
2023-05-09 21:04:06,eg2404,eg2404,4381.0,0.0,0.0,0.0,2,4356.0,4402.0,4,4381.0,0.0,0.0,0.0,0.0,0.0,1
2023-05-09 21:04:12,eg2404,eg2404,4381.0,0.0,0.0,0.0,2,4356.0,4404.0,1,4381.0,0.0,0.0,0.0,0.0,0.0,1
2023-05-09 21:04:13,eg2404,eg2404,4381.0,0.0,0.0,0.0,2,4356.0,4403.0,4,4381.0,0.0,0.0,0.0,0.0,0.0,1
2023-05-09 21:04:16,eg2404,eg2404,4381.0,0.0,0.0,0.0,2,4356.0,4403.0,3,4381.0,0.0,0.0,0.0,0.0,0.0,1
2023-05-09 21:04:16,eg2404,eg2404,4381.0,0.0,0.0,0.0,2,4356.0,4402.0,1,4381.0,0.0,0.0,0.0,0.0,0.0,1
2023-05-09 21:04:19,eg2404,eg2404,4381.0,0.0,0.0,0.0,2,4356.0,4404.0,1,4381.0,0.0,0.0,0.0,0.0,0.0,1
2023-05-09 21:04:20,eg2404,eg2404,4381.0,0.0,0.0,0.0,2,4356.0,4403.0,4,4381.0,0.0,0.0,0.0,0.0,0.0,1
2023-05-09 21:04:36,eg2404,eg2404,4381.0,0.0,0.0,0.0,2,4357.0,4403.0,4,4381.0,0.0,0.0,0.0,0.0,0.0,1
2023-05-09 21:04:36,eg2404,eg2404,4381.0,0.0,0.0,0.0,3,4357.0,4403.0,4,4381.0,0.0,0.0,0.0,0.0,0.0,1
2023-05-09 21:04:37,eg2404,eg2404,4381.0,0.0,0.0,0.0,1,4357.0,4403.0,4,4381.0,0.0,0.0,0.0,0.0,0.0,1
2023-05-09 21:04:43,eg2404,eg2404,4381.0,0.0,0.0,0.0,2,4358.0,4403.0,4,4381.0,0.0,0.0,0.0,0.0,0.0,1
2023-05-09 21:05:18,eg2404,eg2404,4381.0,0.0,0.0,0.0,2,4358.0,4402.0,2,4381.0,0.0,0.0,0.0,0.0,0.0,1
2023-05-09 21:05:19,eg2404,eg2404,4381.0,0.0,0.0,0.0,2,4358.0,4402.0,6,4381.0,0.0,0.0,0.0,0.0,0.0,1
2023-05-09 21:05:20,eg2404,eg2404,4381.0,0.0,0.0,0.0,2,4358.0,4402.0,4,4381.0,0.0,0.0,0.0,0.0,0.0,1
2023-05-09 21:05:27,eg2404,eg2404,4381.0,0.0,0.0,0.0,2,4358.0,4404.0,1,4381.0,0.0,0.0,0.0,0.0,0.0,1
2023-05-09 21:05:28,eg2404,eg2404,4381.0,0.0,0.0,0.0,2,4358.0,4401.0,4,4381.0,0.0,0.0,0.0,0.0,0.0,1
2023-05-09 21:05:37,eg2404,eg2404,4381.0,0.0,0.0,0.0,1,4357.0,4401.0,4,4381.0,0.0,0.0,0.0,0.0,0.0,1
2023-05-09 21:06:04,eg2404,eg2404,4381.0,0.0,0.0,0.0,1,4357.0,4400.0,2,4381.0,0.0,0.0,0.0,0.0,0.0,1
2023-05-09 21:06:06,eg2404,eg2404,4381.0,0.0,0.0,0.0,1,4357.0,4400.0,3,4381.0,0.0,0.0,0.0,0.0,0.0,1
2023-05-09 21:06:06,eg2404,eg2404,4381.0,0.0,0.0,0.0,1,4357.0,4400.0,4,4381.0,0.0,0.0,0.0,0.0,0.0,1
2023-05-09 21:06:11,eg2404,eg2404,4381.0,0.0,0.0,0.0,1,4357.0,4404.0,1,4381.0,0.0,0.0,0.0,0.0,0.0,1
2023-05-09 21:06:12,eg2404,eg2404,4381.0,0.0,0.0,0.0,1,4357.0,4403.0,4,4381.0,0.0,0.0,0.0,0.0,0.0,1
2023-05-09 21:06:47,eg2404,eg2404,4381.0,0.0,0.0,0.0,1,4357.0,4402.0,2,4381.0,0.0,0.0,0.0,0.0,0.0,1
2023-05-09 21:06:48,eg2404,eg2404,4381.0,0.0,0.0,0.0,1,4357.0,4403.0,4,4381.0,0.0,0.0,0.0,0.0,0.0,1
2023-05-09 21:07:30,eg2404,eg2404,4381.0,0.0,0.0,0.0,1,4357.0,4402.0,2,4381.0,0.0,0.0,0.0,0.0,0.0,1
2023-05-09 21:07:31,eg2404,eg2404,4381.0,0.0,0.0,0.0,1,4357.0,4401.0,4,4381.0,0.0,0.0,0.0,0.0,0.0,1
2023-05-09 21:08:10,eg2404,eg2404,4381.0,0.0,0.0,0.0,3,4357.0,4401.0,4,4381.0,0.0,0.0,0.0,0.0,0.0,1
2023-05-09 21:08:13,eg2404,eg2404,4381.0,0.0,0.0,0.0,2,4358.0,4401.0,4,4381.0,0.0,0.0,0.0,0.0,0.0,1
2023-05-09 21:08:14,eg2404,eg2404,4381.0,0.0,0.0,0.0,1,4357.0,4401.0,4,4381.0,0.0,0.0,0.0,0.0,0.0,1
2023-05-09 21:08:23,eg2404,eg2404,4381.0,0.0,0.0,0.0,1,4357.0,4401.0,3,4381.0,0.0,0.0,0.0,0.0,0.0,1
2023-05-09 21:08:56,eg2404,eg2404,4381.0,0.0,0.0,0.0,2,4358.0,4401.0,3,4381.0,0.0,0.0,0.0,0.0,0.0,1
2023-05-09 21:08:57,eg2404,eg2404,4381.0,0.0,0.0,0.0,1,4357.0,4401.0,3,4381.0,0.0,0.0,0.0,0.0,0.0,1
2023-05-09 21:09:37,eg2404,eg2404,4381.0,0.0,0.0,0.0,1,4330.0,4401.0,3,4381.0,0.0,0.0,0.0,0.0,0.0,1
2023-05-09 21:09:37,eg2404,eg2404,4381.0,0.0,0.0,0.0,6,4331.0,4401.0,3,4381.0,0.0,0.0,0.0,0.0,0.0,1
2023-05-09 21:09:38,eg2404,eg2404,4381.0,0.0,0.0,0.0,7,4331.0,4401.0,3,4381.0,0.0,0.0,0.0,0.0,0.0,1
2023-05-09 21:09:38,eg2404,eg2404,4381.0,0.0,0.0,0.0,7,4331.0,4400.0,2,4381.0,0.0,0.0,0.0,0.0,0.0,1
2023-05-09 21:09:40,eg2404,eg2404,4381.0,0.0,0.0,0.0,7,4331.0,4399.0,3,4381.0,0.0,0.0,0.0,0.0,0.0,1
2023-05-09 21:10:21,eg2404,eg2404,4381.0,0.0,0.0,0.0,2,4332.0,4399.0,3,4381.0,0.0,0.0,0.0,0.0,0.0,1
2023-05-09 21:10:22,eg2404,eg2404,4381.0,0.0,0.0,0.0,6,4333.0,4399.0,3,4381.0,0.0,0.0,0.0,0.0,0.0,1
2023-05-09 21:11:06,eg2404,eg2404,4381.0,0.0,0.0,0.0,2,4334.0,4399.0,3,4381.0,0.0,0.0,0.0,0.0,0.0,1
2023-05-09 21:11:07,eg2404,eg2404,4381.0,0.0,0.0,0.0,2,4334.0,4404.0,1,4381.0,0.0,0.0,0.0,0.0,0.0,1
2023-05-09 21:11:07,eg2404,eg2404,4381.0,0.0,0.0,0.0,6,4335.0,4433.0,1,4381.0,0.0,0.0,0.0,0.0,0.0,1
2023-05-09 21:11:07,eg2404,eg2404,4381.0,0.0,0.0,0.0,6,4335.0,4592.0,1,4381.0,0.0,0.0,0.0,0.0,0.0,1
2023-05-09 21:11:08,eg2404,eg2404,4381.0,0.0,0.0,0.0,6,4335.0,4591.0,2,4381.0,0.0,0.0,0.0,0.0,0.0,1
2023-05-09 21:11:09,eg2404,eg2404,4381.0,0.0,0.0,0.0,6,4335.0,4589.0,1,4381.0,0.0,0.0,0.0,0.0,0.0,1
2023-05-09 21:11:09,eg2404,eg2404,4381.0,0.0,0.0,0.0,6,4335.0,4588.0,2,4381.0,0.0,0.0,0.0,0.0,0.0,1
2023-05-09 21:11:10,eg2404,eg2404,4381.0,0.0,0.0,0.0,6,4335.0,4586.0,1,4381.0,0.0,0.0,0.0,0.0,0.0,1
2023-05-09 21:11:11,eg2404,eg2404,4381.0,0.0,0.0,0.0,6,4335.0,4585.0,2,4381.0,0.0,0.0,0.0,0.0,0.0,1
2023-05-09 21:11:12,eg2404,eg2404,4381.0,0.0,0.0,0.0,6,4335.0,4583.0,1,4381.0,0.0,0.0,0.0,0.0,0.0,1
2023-05-09 21:11:12,eg2404,eg2404,4381.0,0.0,0.0,0.0,6,4335.0,4582.0,7,4381.0,0.0,0.0,0.0,0.0,0.0,1
2023-05-09 21:11:12,eg2404,eg2404,4381.0,0.0,0.0,0.0,6,4335.0,4580.0,1,4381.0,0.0,0.0,0.0,0.0,0.0,1
2023-05-09 21:11:13,eg2404,eg2404,4381.0,0.0,0.0,0.0,6,4335.0,4579.0,2,4381.0,0.0,0.0,0.0,0.0,0.0,1
2023-05-09 21:11:14,eg2404,eg2404,4381.0,0.0,0.0,0.0,6,4335.0,4577.0,1,4381.0,0.0,0.0,0.0,0.0,0.0,1
2023-05-09 21:11:15,eg2404,eg2404,4381.0,0.0,0.0,0.0,6,4335.0,4576.0,9,4381.0,0.0,0.0,0.0,0.0,0.0,1
2023-05-09 21:11:15,eg2404,eg2404,4381.0,0.0,0.0,0.0,6,4335.0,4574.0,1,4381.0,0.0,0.0,0.0,0.0,0.0,1
2023-05-09 21:11:16,eg2404,eg2404,4381.0,0.0,0.0,0.0,6,4335.0,4573.0,2,4381.0,0.0,0.0,0.0,0.0,0.0,1
2023-05-09 21:11:17,eg2404,eg2404,4381.0,0.0,0.0,0.0,6,4335.0,4571.0,1,4381.0,0.0,0.0,0.0,0.0,0.0,1
2023-05-09 21:11:18,eg2404,eg2404,4381.0,0.0,0.0,0.0,6,4335.0,4570.0,9,4381.0,0.0,0.0,0.0,0.0,0.0,1
2023-05-09 21:11:19,eg2404,eg2404,4381.0,0.0,0.0,0.0,6,4335.0,4568.0,1,4381.0,0.0,0.0,0.0,0.0,0.0,1
2023-05-09 21:11:19,eg2404,eg2404,4381.0,0.0,0.0,0.0,6,4335.0,4567.0,2,4381.0,0.0,0.0,0.0,0.0,0.0,1
2023-05-09 21:11:20,eg2404,eg2404,4381.0,0.0,0.0,0.0,6,4335.0,4565.0,1,4381.0,0.0,0.0,0.0,0.0,0.0,1
2023-05-09 21:11:21,eg2404,eg2404,4381.0,0.0,0.0,0.0,6,4335.0,4564.0,9,4381.0,0.0,0.0,0.0,0.0,0.0,1
2023-05-09 21:11:21,eg2404,eg2404,4381.0,0.0,0.0,0.0,6,4335.0,4562.0,1,4381.0,0.0,0.0,0.0,0.0,0.0,1
2023-05-09 21:11:22,eg2404,eg2404,4381.0,0.0,0.0,0.0,6,4335.0,4561.0,2,4381.0,0.0,0.0,0.0,0.0,0.0,1
2023-05-09 21:11:23,eg2404,eg2404,4381.0,0.0,0.0,0.0,6,4335.0,4559.0,1,4381.0,0.0,0.0,0.0,0.0,0.0,1
2023-05-09 21:11:24,eg2404,eg2404,4381.0,0.0,0.0,0.0,6,4335.0,4558.0,9,4381.0,0.0,0.0,0.0,0.0,0.0,1
2023-05-09 21:11:24,eg2404,eg2404,4381.0,0.0,0.0,0.0,6,4335.0,4556.0,1,4381.0,0.0,0.0,0.0,0.0,0.0,1
2023-05-09 21:11:25,eg2404,eg2404,4381.0,0.0,0.0,0.0,6,4335.0,4555.0,2,4381.0,0.0,0.0,0.0,0.0,0.0,1
2023-05-09 21:11:26,eg2404,eg2404,4381.0,0.0,0.0,0.0,6,4335.0,4553.0,1,4381.0,0.0,0.0,0.0,0.0,0.0,1
2023-05-09 21:11:27,eg2404,eg2404,4381.0,0.0,0.0,0.0,6,4335.0,4552.0,2,4381.0,0.0,0.0,0.0,0.0,0.0,1
2023-05-09 21:11:27,eg2404,eg2404,4381.0,0.0,0.0,0.0,6,4335.0,4550.0,1,4381.0,0.0,0.0,0.0,0.0,0.0,1
2023-05-09 21:11:29,eg2404,eg2404,4381.0,0.0,0.0,0.0,6,4335.0,4549.0,10,4381.0,0.0,0.0,0.0,0.0,0.0,1
2023-05-09 21:11:29,eg2404,eg2404,4381.0,0.0,0.0,0.0,6,4335.0,4547.0,1,4381.0,0.0,0.0,0.0,0.0,0.0,1
2023-05-09 21:11:30,eg2404,eg2404,4381.0,0.0,0.0,0.0,6,4335.0,4546.0,2,4381.0,0.0,0.0,0.0,0.0,0.0,1
2023-05-09 21:11:31,eg2404,eg2404,4381.0,0.0,0.0,0.0,6,4335.0,4544.0,1,4381.0,0.0,0.0,0.0,0.0,0.0,1
2023-05-09 21:11:32,eg2404,eg2404,4381.0,0.0,0.0,0.0,6,4335.0,4543.0,10,4381.0,0.0,0.0,0.0,0.0,0.0,1
2023-05-09 21:11:32,eg2404,eg2404,4381.0,0.0,0.0,0.0,6,4335.0,4541.0,1,4381.0,0.0,0.0,0.0,0.0,0.0,1
2023-05-09 21:11:33,eg2404,eg2404,4381.0,0.0,0.0,0.0,6,4335.0,4540.0,2,4381.0,0.0,0.0,0.0,0.0,0.0,1
2023-05-09 21:11:33,eg2404,eg2404,4381.0,0.0,0.0,0.0,6,4335.0,4538.0,1,4381.0,0.0,0.0,0.0,0.0,0.0,1
2023-05-09 21:11:34,eg2404,eg2404,4381.0,0.0,0.0,0.0,6,4335.0,4537.0,2,4381.0,0.0,0.0,0.0,0.0,0.0,1
2023-05-09 21:11:35,eg2404,eg2404,4381.0,0.0,0.0,0.0,6,4335.0,4535.0,1,4381.0,0.0,0.0,0.0,0.0,0.0,1
2023-05-09 21:11:35,eg2404,eg2404,4381.0,0.0,0.0,0.0,6,4335.0,4534.0,8,4381.0,0.0,0.0,0.0,0.0,0.0,1
2023-05-09 21:11:36,eg2404,eg2404,4381.0,0.0,0.0,0.0,6,4335.0,4532.0,1,4381.0,0.0,0.0,0.0,0.0,0.0,1
2023-05-09 21:11:37,eg2404,eg2404,4381.0,0.0,0.0,0.0,6,4335.0,4531.0,2,4381.0,0.0,0.0,0.0,0.0,0.0,1
2023-05-09 21:11:37,eg2404,eg2404,4381.0,0.0,0.0,0.0,6,4335.0,4529.0,1,4381.0,0.0,0.0,0.0,0.0,0.0,1
2023-05-09 21:11:38,eg2404,eg2404,4381.0,0.0,0.0,0.0,6,4335.0,4529.0,2,4381.0,0.0,0.0,0.0,0.0,0.0,1
2023-05-09 21:11:38,eg2404,eg2404,4381.0,0.0,0.0,0.0,6,4335.0,4528.0,2,4381.0,0.0,0.0,0.0,0.0,0.0,1
2023-05-09 21:11:39,eg2404,eg2404,4381.0,0.0,0.0,0.0,6,4335.0,4526.0,1,4381.0,0.0,0.0,0.0,0.0,0.0,1
2023-05-09 21:11:40,eg2404,eg2404,4381.0,0.0,0.0,0.0,6,4335.0,4525.0,7,4381.0,0.0,0.0,0.0,0.0,0.0,1
2023-05-09 21:11:40,eg2404,eg2404,4381.0,0.0,0.0,0.0,6,4335.0,4523.0,1,4381.0,0.0,0.0,0.0,0.0,0.0,1
2023-05-09 21:11:41,eg2404,eg2404,4381.0,0.0,0.0,0.0,6,4335.0,4522.0,2,4381.0,0.0,0.0,0.0,0.0,0.0,1
2023-05-09 21:11:42,eg2404,eg2404,4381.0,0.0,0.0,0.0,6,4335.0,4520.0,1,4381.0,0.0,0.0,0.0,0.0,0.0,1
2023-05-09 21:11:42,eg2404,eg2404,4381.0,0.0,0.0,0.0,6,4335.0,4519.0,1,4381.0,0.0,0.0,0.0,0.0,0.0,1
2023-05-09 21:11:43,eg2404,eg2404,4381.0,0.0,0.0,0.0,6,4335.0,4517.0,1,4381.0,0.0,0.0,0.0,0.0,0.0,1
2023-05-09 21:11:43,eg2404,eg2404,4381.0,0.0,0.0,0.0,6,4335.0,4516.0,2,4381.0,0.0,0.0,0.0,0.0,0.0,1
2023-05-09 21:11:44,eg2404,eg2404,4381.0,0.0,0.0,0.0,6,4335.0,4514.0,1,4381.0,0.0,0.0,0.0,0.0,0.0,1
2023-05-09 21:11:45,eg2404,eg2404,4381.0,0.0,0.0,0.0,6,4335.0,4513.0,4,4381.0,0.0,0.0,0.0,0.0,0.0,1
2023-05-09 21:11:45,eg2404,eg2404,4381.0,0.0,0.0,0.0,6,4335.0,4511.0,1,4381.0,0.0,0.0,0.0,0.0,0.0,1
2023-05-09 21:11:46,eg2404,eg2404,4381.0,0.0,0.0,0.0,6,4335.0,4510.0,6,4381.0,0.0,0.0,0.0,0.0,0.0,1
2023-05-09 21:11:47,eg2404,eg2404,4381.0,0.0,0.0,0.0,6,4335.0,4508.0,1,4381.0,0.0,0.0,0.0,0.0,0.0,1
2023-05-09 21:11:48,eg2404,eg2404,4381.0,0.0,0.0,0.0,6,4335.0,4507.0,1,4381.0,0.0,0.0,0.0,0.0,0.0,1
2023-05-09 21:11:48,eg2404,eg2404,4381.0,0.0,0.0,0.0,6,4335.0,4505.0,1,4381.0,0.0,0.0,0.0,0.0,0.0,1
2023-05-09 21:11:54,eg2404,eg2404,4381.0,0.0,0.0,0.0,6,4335.0,4504.0,7,4381.0,0.0,0.0,0.0,0.0,0.0,1
2023-05-09 21:11:54,eg2404,eg2404,4381.0,0.0,0.0,0.0,6,4335.0,4502.0,1,4381.0,0.0,0.0,0.0,0.0,0.0,1
2023-05-09 21:11:58,eg2404,eg2404,4381.0,0.0,0.0,0.0,6,4335.0,4501.0,8,4381.0,0.0,0.0,0.0,0.0,0.0,1
2023-05-09 21:11:58,eg2404,eg2404,4381.0,0.0,0.0,0.0,6,4335.0,4499.0,1,4381.0,0.0,0.0,0.0,0.0,0.0,1
2023-05-09 21:12:01,eg2404,eg2404,4381.0,0.0,0.0,0.0,6,4335.0,4498.0,8,4381.0,0.0,0.0,0.0,0.0,0.0,1
2023-05-09 21:12:01,eg2404,eg2404,4381.0,0.0,0.0,0.0,6,4335.0,4496.0,1,4381.0,0.0,0.0,0.0,0.0,0.0,1
2023-05-09 21:12:04,eg2404,eg2404,4381.0,0.0,0.0,0.0,6,4335.0,4495.0,8,4381.0,0.0,0.0,0.0,0.0,0.0,1
2023-05-09 21:12:05,eg2404,eg2404,4381.0,0.0,0.0,0.0,6,4335.0,4493.0,1,4381.0,0.0,0.0,0.0,0.0,0.0,1
2023-05-09 21:12:09,eg2404,eg2404,4381.0,0.0,0.0,0.0,6,4335.0,4492.0,7,4381.0,0.0,0.0,0.0,0.0,0.0,1
2023-05-09 21:12:09,eg2404,eg2404,4381.0,0.0,0.0,0.0,6,4335.0,4490.0,1,4381.0,0.0,0.0,0.0,0.0,0.0,1
2023-05-09 21:12:11,eg2404,eg2404,4381.0,0.0,0.0,0.0,6,4335.0,4489.0,4,4381.0,0.0,0.0,0.0,0.0,0.0,1
2023-05-09 21:12:12,eg2404,eg2404,4381.0,0.0,0.0,0.0,6,4335.0,4487.0,1,4381.0,0.0,0.0,0.0,0.0,0.0,1
2023-05-09 21:12:15,eg2404,eg2404,4381.0,0.0,0.0,0.0,6,4335.0,4486.0,2,4381.0,0.0,0.0,0.0,0.0,0.0,1
2023-05-09 21:12:15,eg2404,eg2404,4381.0,0.0,0.0,0.0,6,4335.0,4484.0,1,4381.0,0.0,0.0,0.0,0.0,0.0,1
2023-05-09 21:12:15,eg2404,eg2404,4381.0,0.0,0.0,0.0,6,4335.0,4483.0,2,4381.0,0.0,0.0,0.0,0.0,0.0,1
2023-05-09 21:12:16,eg2404,eg2404,4381.0,0.0,0.0,0.0,6,4335.0,4481.0,1,4381.0,0.0,0.0,0.0,0.0,0.0,1
2023-05-09 21:12:17,eg2404,eg2404,4381.0,0.0,0.0,0.0,6,4335.0,4480.0,2,4381.0,0.0,0.0,0.0,0.0,0.0,1
2023-05-09 21:12:18,eg2404,eg2404,4381.0,0.0,0.0,0.0,6,4335.0,4478.0,1,4381.0,0.0,0.0,0.0,0.0,0.0,1
2023-05-09 21:12:21,eg2404,eg2404,4381.0,0.0,0.0,0.0,6,4335.0,4477.0,2,4381.0,0.0,0.0,0.0,0.0,0.0,1
2023-05-09 21:12:21,eg2404,eg2404,4381.0,0.0,0.0,0.0,6,4335.0,4475.0,1,4381.0,0.0,0.0,0.0,0.0,0.0,1
2023-05-09 21:12:26,eg2404,eg2404,4381.0,0.0,0.0,0.0,6,4335.0,4474.0,4,4381.0,0.0,0.0,0.0,0.0,0.0,1
2023-05-09 21:12:26,eg2404,eg2404,4381.0,0.0,0.0,0.0,6,4335.0,4472.0,1,4381.0,0.0,0.0,0.0,0.0,0.0,1
2023-05-09 21:12:29,eg2404,eg2404,4381.0,0.0,0.0,0.0,6,4335.0,4471.0,4,4381.0,0.0,0.0,0.0,0.0,0.0,1
2023-05-09 21:12:29,eg2404,eg2404,4381.0,0.0,0.0,0.0,6,4335.0,4469.0,1,4381.0,0.0,0.0,0.0,0.0,0.0,1
2023-05-09 21:12:32,eg2404,eg2404,4381.0,0.0,0.0,0.0,6,4335.0,4468.0,1,4381.0,0.0,0.0,0.0,0.0,0.0,1
2023-05-09 21:12:32,eg2404,eg2404,4381.0,0.0,0.0,0.0,6,4335.0,4466.0,1,4381.0,0.0,0.0,0.0,0.0,0.0,1
2023-05-09 21:12:32,eg2404,eg2404,4381.0,0.0,0.0,0.0,6,4335.0,4466.0,2,4381.0,0.0,0.0,0.0,0.0,0.0,1
2023-05-09 21:12:34,eg2404,eg2404,4381.0,0.0,0.0,0.0,6,4335.0,4465.0,1,4381.0,0.0,0.0,0.0,0.0,0.0,1
2023-05-09 21:12:35,eg2404,eg2404,4381.0,0.0,0.0,0.0,6,4335.0,4463.0,1,4381.0,0.0,0.0,0.0,0.0,0.0,1
2023-05-09 21:12:40,eg2404,eg2404,4381.0,0.0,0.0,0.0,6,4335.0,4462.0,4,4381.0,0.0,0.0,0.0,0.0,0.0,1
2023-05-09 21:12:40,eg2404,eg2404,4381.0,0.0,0.0,0.0,6,4335.0,4460.0,1,4381.0,0.0,0.0,0.0,0.0,0.0,1
2023-05-09 21:12:43,eg2404,eg2404,4381.0,0.0,0.0,0.0,6,4335.0,4459.0,4,4381.0,0.0,0.0,0.0,0.0,0.0,1
2023-05-09 21:12:43,eg2404,eg2404,4381.0,0.0,0.0,0.0,6,4335.0,4457.0,1,4381.0,0.0,0.0,0.0,0.0,0.0,1
2023-05-09 21:12:47,eg2404,eg2404,4381.0,0.0,0.0,0.0,6,4335.0,4456.0,3,4381.0,0.0,0.0,0.0,0.0,0.0,1
2023-05-09 21:12:48,eg2404,eg2404,4381.0,0.0,0.0,0.0,6,4335.0,4454.0,1,4381.0,0.0,0.0,0.0,0.0,0.0,1
2023-05-09 21:12:54,eg2404,eg2404,4381.0,0.0,0.0,0.0,6,4335.0,4453.0,4,4381.0,0.0,0.0,0.0,0.0,0.0,1
2023-05-09 21:12:55,eg2404,eg2404,4381.0,0.0,0.0,0.0,6,4335.0,4451.0,1,4381.0,0.0,0.0,0.0,0.0,0.0,1
2023-05-09 21:12:58,eg2404,eg2404,4381.0,0.0,0.0,0.0,6,4335.0,4450.0,4,4381.0,0.0,0.0,0.0,0.0,0.0,1
2023-05-09 21:12:58,eg2404,eg2404,4381.0,0.0,0.0,0.0,6,4335.0,4448.0,1,4381.0,0.0,0.0,0.0,0.0,0.0,1
2023-05-09 21:13:01,eg2404,eg2404,4381.0,0.0,0.0,0.0,6,4335.0,4447.0,2,4381.0,0.0,0.0,0.0,0.0,0.0,1
2023-05-09 21:13:02,eg2404,eg2404,4381.0,0.0,0.0,0.0,6,4335.0,4445.0,1,4381.0,0.0,0.0,0.0,0.0,0.0,1
2023-05-09 21:13:04,eg2404,eg2404,4381.0,0.0,0.0,0.0,6,4335.0,4444.0,1,4381.0,0.0,0.0,0.0,0.0,0.0,1
2023-05-09 21:13:05,eg2404,eg2404,4381.0,0.0,0.0,0.0,6,4335.0,4442.0,1,4381.0,0.0,0.0,0.0,0.0,0.0,1
2023-05-09 21:13:08,eg2404,eg2404,4381.0,0.0,0.0,0.0,6,4335.0,4441.0,2,4381.0,0.0,0.0,0.0,0.0,0.0,1
2023-05-09 21:13:08,eg2404,eg2404,4381.0,0.0,0.0,0.0,6,4335.0,4439.0,1,4381.0,0.0,0.0,0.0,0.0,0.0,1
2023-05-09 21:13:13,eg2404,eg2404,4381.0,0.0,0.0,0.0,6,4335.0,4438.0,4,4381.0,0.0,0.0,0.0,0.0,0.0,1
2023-05-09 21:13:14,eg2404,eg2404,4381.0,0.0,0.0,0.0,6,4335.0,4436.0,1,4381.0,0.0,0.0,0.0,0.0,0.0,1
2023-05-09 21:13:16,eg2404,eg2404,4381.0,0.0,0.0,0.0,6,4335.0,4435.0,2,4381.0,0.0,0.0,0.0,0.0,0.0,1
2023-05-09 21:13:17,eg2404,eg2404,4381.0,0.0,0.0,0.0,6,4335.0,4433.0,1,4381.0,0.0,0.0,0.0,0.0,0.0,1
2023-05-09 21:13:23,eg2404,eg2404,4381.0,0.0,0.0,0.0,6,4335.0,4432.0,2,4381.0,0.0,0.0,0.0,0.0,0.0,1
2023-05-09 21:13:58,eg2404,eg2404,4381.0,0.0,0.0,0.0,6,4335.0,4431.0,2,4381.0,0.0,0.0,0.0,0.0,0.0,1
2023-05-09 21:13:59,eg2404,eg2404,4381.0,0.0,0.0,0.0,6,4335.0,4430.0,2,4381.0,0.0,0.0,0.0,0.0,0.0,1
2023-05-09 21:14:39,eg2404,eg2404,4381.0,0.0,0.0,0.0,6,4335.0,4429.0,2,4381.0,0.0,0.0,0.0,0.0,0.0,1
2023-05-09 21:14:40,eg2404,eg2404,4381.0,0.0,0.0,0.0,6,4335.0,4428.0,2,4381.0,0.0,0.0,0.0,0.0,0.0,1
2023-05-09 21:15:22,eg2404,eg2404,4381.0,0.0,0.0,0.0,6,4335.0,4427.0,2,4381.0,0.0,0.0,0.0,0.0,0.0,1
2023-05-09 21:15:23,eg2404,eg2404,4381.0,0.0,0.0,0.0,6,4335.0,4426.0,2,4381.0,0.0,0.0,0.0,0.0,0.0,1
2023-05-09 21:16:03,eg2404,eg2404,4381.0,0.0,0.0,0.0,6,4335.0,4425.0,2,4381.0,0.0,0.0,0.0,0.0,0.0,1
2023-05-09 21:16:09,eg2404,eg2404,4381.0,0.0,0.0,0.0,6,4335.0,4424.0,1,4381.0,0.0,0.0,0.0,0.0,0.0,1
2023-05-09 21:16:11,eg2404,eg2404,4381.0,0.0,0.0,0.0,6,4335.0,4423.0,1,4381.0,0.0,0.0,0.0,0.0,0.0,1
2023-05-09 21:16:14,eg2404,eg2404,4381.0,0.0,0.0,0.0,6,4335.0,4422.0,1,4381.0,0.0,0.0,0.0,0.0,0.0,1
2023-05-09 21:16:15,eg2404,eg2404,4381.0,0.0,0.0,0.0,6,4335.0,4421.0,1,4381.0,0.0,0.0,0.0,0.0,0.0,1
2023-05-09 21:16:18,eg2404,eg2404,4381.0,0.0,0.0,0.0,6,4335.0,4420.0,1,4381.0,0.0,0.0,0.0,0.0,0.0,1
2023-05-09 21:16:20,eg2404,eg2404,4381.0,0.0,0.0,0.0,6,4335.0,4419.0,1,4381.0,0.0,0.0,0.0,0.0,0.0,1
2023-05-09 21:16:22,eg2404,eg2404,4381.0,0.0,0.0,0.0,6,4335.0,4418.0,1,4381.0,0.0,0.0,0.0,0.0,0.0,1
2023-05-09 21:16:42,eg2404,eg2404,4381.0,0.0,0.0,0.0,6,4335.0,4417.0,1,4381.0,0.0,0.0,0.0,0.0,0.0,1
2023-05-09 21:16:44,eg2404,eg2404,4381.0,0.0,0.0,0.0,4,4335.0,4417.0,1,4381.0,0.0,0.0,0.0,0.0,0.0,1
2023-05-09 21:16:45,eg2404,eg2404,4381.0,0.0,0.0,0.0,2,4336.0,4416.0,1,4381.0,0.0,0.0,0.0,0.0,0.0,1
2023-05-09 21:16:52,eg2404,eg2404,4381.0,0.0,0.0,0.0,4,4337.0,4415.0,1,4381.0,0.0,0.0,0.0,0.0,0.0,1
2023-05-09 21:16:58,eg2404,eg2404,4381.0,0.0,0.0,0.0,2,4338.0,4415.0,1,4381.0,0.0,0.0,0.0,0.0,0.0,1
2023-05-09 21:16:58,eg2404,eg2404,4381.0,0.0,0.0,0.0,2,4338.0,4414.0,1,4381.0,0.0,0.0,0.0,0.0,0.0,1
2023-05-09 21:16:59,eg2404,eg2404,4381.0,0.0,0.0,0.0,4,4339.0,4414.0,1,4381.0,0.0,0.0,0.0,0.0,0.0,1
2023-05-09 21:17:03,eg2404,eg2404,4381.0,0.0,0.0,0.0,4,4339.0,4413.0,1,4381.0,0.0,0.0,0.0,0.0,0.0,1
2023-05-09 21:17:08,eg2404,eg2404,4381.0,0.0,0.0,0.0,2,4340.0,4413.0,1,4381.0,0.0,0.0,0.0,0.0,0.0,1
2023-05-09 21:17:09,eg2404,eg2404,4381.0,0.0,0.0,0.0,4,4341.0,4413.0,1,4381.0,0.0,0.0,0.0,0.0,0.0,1
2023-05-09 21:17:37,eg2404,eg2404,4381.0,0.0,0.0,0.0,2,4342.0,4413.0,1,4381.0,0.0,0.0,0.0,0.0,0.0,1
2023-05-09 21:17:38,eg2404,eg2404,4381.0,0.0,0.0,0.0,4,4343.0,4413.0,1,4381.0,0.0,0.0,0.0,0.0,0.0,1
2023-05-09 21:17:41,eg2404,eg2404,4381.0,0.0,0.0,0.0,2,4344.0,4413.0,1,4381.0,0.0,0.0,0.0,0.0,0.0,1
2023-05-09 21:17:42,eg2404,eg2404,4381.0,0.0,0.0,0.0,4,4345.0,4413.0,1,4381.0,0.0,0.0,0.0,0.0,0.0,1
2023-05-09 21:18:10,eg2404,eg2404,4381.0,0.0,0.0,0.0,2,4346.0,4413.0,1,4381.0,0.0,0.0,0.0,0.0,0.0,1
2023-05-09 21:18:11,eg2404,eg2404,4381.0,0.0,0.0,0.0,4,4347.0,4413.0,1,4381.0,0.0,0.0,0.0,0.0,0.0,1
2023-05-09 21:18:12,eg2404,eg2404,4381.0,0.0,0.0,0.0,2,4348.0,4413.0,1,4381.0,0.0,0.0,0.0,0.0,0.0,1
2023-05-09 21:18:14,eg2404,eg2404,4381.0,0.0,0.0,0.0,6,4348.0,4413.0,1,4381.0,0.0,0.0,0.0,0.0,0.0,1
2023-05-09 21:18:20,eg2404,eg2404,4381.0,0.0,0.0,0.0,2,4348.0,4413.0,1,4381.0,0.0,0.0,0.0,0.0,0.0,1
2023-05-09 21:18:21,eg2404,eg2404,4381.0,0.0,0.0,0.0,6,4348.0,4413.0,1,4381.0,0.0,0.0,0.0,0.0,0.0,1
2023-05-09 21:18:52,eg2404,eg2404,4381.0,0.0,0.0,0.0,2,4349.0,4413.0,1,4381.0,0.0,0.0,0.0,0.0,0.0,1
2023-05-09 21:18:53,eg2404,eg2404,4381.0,0.0,0.0,0.0,2,4350.0,4413.0,1,4381.0,0.0,0.0,0.0,0.0,0.0,1
2023-05-09 21:18:58,eg2404,eg2404,4381.0,0.0,0.0,0.0,6,4350.0,4413.0,1,4381.0,0.0,0.0,0.0,0.0,0.0,1
2023-05-09 21:19:34,eg2404,eg2404,4381.0,0.0,0.0,0.0,2,4351.0,4413.0,1,4381.0,0.0,0.0,0.0,0.0,0.0,1
2023-05-09 21:19:38,eg2404,eg2404,4381.0,0.0,0.0,0.0,2,4352.0,4413.0,1,4381.0,0.0,0.0,0.0,0.0,0.0,1
2023-05-09 21:20:58,eg2404,eg2404,4381.0,0.0,0.0,0.0,2,4353.0,4413.0,1,4381.0,0.0,0.0,0.0,0.0,0.0,1
2023-05-09 21:20:58,eg2404,eg2404,4381.0,0.0,0.0,0.0,2,4354.0,4413.0,1,4381.0,0.0,0.0,0.0,0.0,0.0,1
2023-05-09 21:21:40,eg2404,eg2404,4381.0,0.0,0.0,0.0,2,4355.0,4413.0,1,4381.0,0.0,0.0,0.0,0.0,0.0,1
2023-05-09 21:21:41,eg2404,eg2404,4381.0,0.0,0.0,0.0,2,4354.0,4413.0,1,4381.0,0.0,0.0,0.0,0.0,0.0,1
2023-05-09 21:22:23,eg2404,eg2404,4381.0,0.0,0.0,0.0,2,4354.0,4412.0,2,4381.0,0.0,0.0,0.0,0.0,0.0,1
2023-05-09 21:22:24,eg2404,eg2404,4381.0,0.0,0.0,0.0,2,4354.0,4411.0,1,4381.0,0.0,0.0,0.0,0.0,0.0,1
2023-05-09 21:23:05,eg2404,eg2404,4381.0,0.0,0.0,0.0,2,4354.0,4410.0,2,4381.0,0.0,0.0,0.0,0.0,0.0,1
2023-05-09 21:23:06,eg2404,eg2404,4381.0,0.0,0.0,0.0,2,4354.0,4409.0,1,4381.0,0.0,0.0,0.0,0.0,0.0,1
2023-05-09 21:23:24,eg2404,eg2404,4381.0,0.0,0.0,0.0,1,4331.0,4409.0,1,4381.0,0.0,0.0,0.0,0.0,0.0,1
2023-05-09 21:23:24,eg2404,eg2404,4381.0,0.0,0.0,0.0,2,4332.0,4409.0,1,4381.0,0.0,0.0,0.0,0.0,0.0,1
2023-05-09 21:23:25,eg2404,eg2404,4381.0,0.0,0.0,0.0,3,4332.0,4409.0,1,4381.0,0.0,0.0,0.0,0.0,0.0,1
2023-05-09 21:23:28,eg2404,eg2404,4381.0,0.0,0.0,0.0,4,4333.0,4409.0,1,4381.0,0.0,0.0,0.0,0.0,0.0,1
2023-05-09 21:23:29,eg2404,eg2404,4381.0,0.0,0.0,0.0,2,4334.0,4409.0,1,4381.0,0.0,0.0,0.0,0.0,0.0,1
2023-05-09 21:23:31,eg2404,eg2404,4381.0,0.0,0.0,0.0,1,4335.0,4409.0,1,4381.0,0.0,0.0,0.0,0.0,0.0,1
2023-05-09 21:23:31,eg2404,eg2404,4381.0,0.0,0.0,0.0,2,4336.0,4409.0,1,4381.0,0.0,0.0,0.0,0.0,0.0,1
2023-05-09 21:23:33,eg2404,eg2404,4381.0,0.0,0.0,0.0,2,4337.0,4409.0,1,4381.0,0.0,0.0,0.0,0.0,0.0,1
2023-05-09 21:23:33,eg2404,eg2404,4381.0,0.0,0.0,0.0,1,4338.0,4409.0,1,4381.0,0.0,0.0,0.0,0.0,0.0,1
2023-05-09 21:23:35,eg2404,eg2404,4381.0,0.0,0.0,0.0,3,4339.0,4409.0,1,4381.0,0.0,0.0,0.0,0.0,0.0,1
2023-05-09 21:23:37,eg2404,eg2404,4381.0,0.0,0.0,0.0,3,4340.0,4409.0,1,4381.0,0.0,0.0,0.0,0.0,0.0,1
2023-05-09 21:23:38,eg2404,eg2404,4381.0,0.0,0.0,0.0,3,4341.0,4409.0,1,4381.0,0.0,0.0,0.0,0.0,0.0,1
2023-05-09 21:23:44,eg2404,eg2404,4381.0,0.0,0.0,0.0,3,4342.0,4409.0,1,4381.0,0.0,0.0,0.0,0.0,0.0,1
2023-05-09 21:23:46,eg2404,eg2404,4381.0,0.0,0.0,0.0,6,4342.0,4409.0,1,4381.0,0.0,0.0,0.0,0.0,0.0,1
2023-05-09 21:23:48,eg2404,eg2404,4381.0,0.0,0.0,0.0,6,4342.0,4408.0,2,4381.0,0.0,0.0,0.0,0.0,0.0,1
2023-05-09 21:23:49,eg2404,eg2404,4381.0,0.0,0.0,0.0,6,4342.0,4407.0,1,4381.0,0.0,0.0,0.0,0.0,0.0,1
2023-05-09 21:24:29,eg2404,eg2404,4381.0,0.0,0.0,0.0,2,4343.0,4407.0,1,4381.0,0.0,0.0,0.0,0.0,0.0,1
2023-05-09 21:24:39,eg2404,eg2404,4381.0,0.0,0.0,0.0,2,4344.0,4407.0,1,4381.0,0.0,0.0,0.0,0.0,0.0,1
2023-05-09 21:25:12,eg2404,eg2404,4381.0,0.0,0.0,0.0,2,4345.0,4407.0,1,4381.0,0.0,0.0,0.0,0.0,0.0,1
2023-05-09 21:25:13,eg2404,eg2404,4381.0,0.0,0.0,0.0,2,4346.0,4407.0,1,4381.0,0.0,0.0,0.0,0.0,0.0,1
2023-05-09 21:25:53,eg2404,eg2404,4381.0,0.0,0.0,0.0,2,4346.0,4406.0,2,4381.0,0.0,0.0,0.0,0.0,0.0,1
2023-05-09 21:25:57,eg2404,eg2404,4381.0,0.0,0.0,0.0,2,4346.0,4405.0,1,4381.0,0.0,0.0,0.0,0.0,0.0,1
2023-05-09 21:26:35,eg2404,eg2404,4381.0,0.0,0.0,0.0,2,4347.0,4405.0,1,4381.0,0.0,0.0,0.0,0.0,0.0,1
2023-05-09 21:26:36,eg2404,eg2404,4381.0,0.0,0.0,0.0,2,4346.0,4405.0,1,4381.0,0.0,0.0,0.0,0.0,0.0,1
2023-05-09 21:26:36,eg2404,eg2404,4381.0,0.0,0.0,0.0,1,4332.0,4405.0,1,4381.0,0.0,0.0,0.0,0.0,0.0,1
2023-05-09 21:26:37,eg2404,eg2404,4381.0,0.0,0.0,0.0,2,4347.0,4405.0,1,4381.0,0.0,0.0,0.0,0.0,0.0,1
2023-05-09 21:27:17,eg2404,eg2404,4381.0,0.0,0.0,0.0,2,4347.0,4404.0,2,4381.0,0.0,0.0,0.0,0.0,0.0,1
2023-05-09 21:27:17,eg2404,eg2404,4381.0,0.0,0.0,0.0,2,4347.0,4404.0,3,4381.0,0.0,0.0,0.0,0.0,0.0,1
2023-05-09 21:27:18,eg2404,eg2404,4381.0,0.0,0.0,0.0,2,4347.0,4404.0,1,4381.0,0.0,0.0,0.0,0.0,0.0,1
2023-05-09 21:27:29,eg2404,eg2404,4381.0,0.0,0.0,0.0,2,4347.0,4403.0,1,4381.0,0.0,0.0,0.0,0.0,0.0,1
2023-05-09 21:27:59,eg2404,eg2404,4381.0,0.0,0.0,0.0,2,4347.0,4402.0,2,4381.0,0.0,0.0,0.0,0.0,0.0,1
2023-05-09 21:28:00,eg2404,eg2404,4381.0,0.0,0.0,0.0,2,4347.0,4403.0,1,4381.0,0.0,0.0,0.0,0.0,0.0,1
2023-05-09 21:28:09,eg2404,eg2404,4381.0,0.0,0.0,0.0,1,4332.0,4403.0,1,4381.0,0.0,0.0,0.0,0.0,0.0,1
2023-05-09 21:28:12,eg2404,eg2404,4381.0,0.0,0.0,0.0,6,4333.0,4403.0,1,4381.0,0.0,0.0,0.0,0.0,0.0,1
2023-05-09 21:28:42,eg2404,eg2404,4381.0,0.0,0.0,0.0,2,4334.0,4403.0,1,4381.0,0.0,0.0,0.0,0.0,0.0,1
2023-05-09 21:28:47,eg2404,eg2404,4381.0,0.0,0.0,0.0,6,4335.0,4403.0,1,4381.0,0.0,0.0,0.0,0.0,0.0,1
2023-05-09 21:29:11,eg2404,eg2404,4381.0,0.0,0.0,0.0,5,4335.0,4403.0,1,4381.0,0.0,0.0,0.0,0.0,0.0,1
2023-05-09 21:29:11,eg2404,eg2404,4381.0,0.0,0.0,0.0,2,4335.0,4403.0,1,4381.0,0.0,0.0,0.0,0.0,0.0,1
2023-05-09 21:29:23,eg2404,eg2404,4381.0,0.0,0.0,0.0,2,4336.0,4403.0,1,4381.0,0.0,0.0,0.0,0.0,0.0,1
2023-05-09 21:29:26,eg2404,eg2404,4381.0,0.0,0.0,0.0,2,4337.0,4403.0,1,4381.0,0.0,0.0,0.0,0.0,0.0,1
2023-05-09 21:30:07,eg2404,eg2404,4381.0,0.0,0.0,0.0,2,4338.0,4403.0,1,4381.0,0.0,0.0,0.0,0.0,0.0,1
2023-05-09 21:30:27,eg2404,eg2404,4381.0,0.0,0.0,0.0,2,4339.0,4403.0,1,4381.0,0.0,0.0,0.0,0.0,0.0,1
2023-05-09 21:31:32,eg2404,eg2404,4381.0,0.0,0.0,0.0,2,4340.0,4403.0,1,4381.0,0.0,0.0,0.0,0.0,0.0,1
2023-05-09 21:31:33,eg2404,eg2404,4381.0,0.0,0.0,0.0,2,4341.0,4403.0,1,4381.0,0.0,0.0,0.0,0.0,0.0,1
2023-05-09 21:32:15,eg2404,eg2404,4381.0,0.0,0.0,0.0,2,4341.0,4402.0,2,4381.0,0.0,0.0,0.0,0.0,0.0,1
2023-05-09 21:32:19,eg2404,eg2404,4381.0,0.0,0.0,0.0,2,4341.0,4404.0,1,4381.0,0.0,0.0,0.0,0.0,0.0,1
2023-05-09 21:32:19,eg2404,eg2404,4381.0,0.0,0.0,0.0,2,4341.0,4401.0,1,4381.0,0.0,0.0,0.0,0.0,0.0,1
2023-05-09 21:32:20,eg2404,eg2404,4381.0,0.0,0.0,0.0,2,4341.0,4401.0,2,4381.0,0.0,0.0,0.0,0.0,0.0,1
2023-05-09 21:32:59,eg2404,eg2404,4381.0,0.0,0.0,0.0,2,4342.0,4401.0,2,4381.0,0.0,0.0,0.0,0.0,0.0,1
2023-05-09 21:33:00,eg2404,eg2404,4381.0,0.0,0.0,0.0,2,4343.0,4401.0,2,4381.0,0.0,0.0,0.0,0.0,0.0,1
2023-05-09 21:33:42,eg2404,eg2404,4381.0,0.0,0.0,0.0,2,4344.0,4401.0,2,4381.0,0.0,0.0,0.0,0.0,0.0,1
2023-05-09 21:33:43,eg2404,eg2404,4381.0,0.0,0.0,0.0,2,4345.0,4401.0,2,4381.0,0.0,0.0,0.0,0.0,0.0,1
2023-05-09 21:34:24,eg2404,eg2404,4381.0,0.0,0.0,0.0,2,4346.0,4401.0,2,4381.0,0.0,0.0,0.0,0.0,0.0,1
2023-05-09 21:34:25,eg2404,eg2404,4381.0,0.0,0.0,0.0,2,4345.0,4401.0,2,4381.0,0.0,0.0,0.0,0.0,0.0,1
2023-05-09 21:35:06,eg2404,eg2404,4381.0,0.0,0.0,0.0,2,4346.0,4401.0,2,4381.0,0.0,0.0,0.0,0.0,0.0,1
2023-05-09 21:35:07,eg2404,eg2404,4381.0,0.0,0.0,0.0,2,4347.0,4401.0,2,4381.0,0.0,0.0,0.0,0.0,0.0,1
2023-05-09 21:35:48,eg2404,eg2404,4381.0,0.0,0.0,0.0,2,4348.0,4401.0,2,4381.0,0.0,0.0,0.0,0.0,0.0,1
2023-05-09 21:35:48,eg2404,eg2404,4381.0,0.0,0.0,0.0,2,4349.0,4401.0,2,4381.0,0.0,0.0,0.0,0.0,0.0,1
2023-05-09 21:36:31,eg2404,eg2404,4381.0,0.0,0.0,0.0,2,4350.0,4401.0,2,4381.0,0.0,0.0,0.0,0.0,0.0,1
2023-05-09 21:36:32,eg2404,eg2404,4381.0,0.0,0.0,0.0,1,4332.0,4401.0,2,4381.0,0.0,0.0,0.0,0.0,0.0,1
2023-05-09 21:36:33,eg2404,eg2404,4381.0,0.0,0.0,0.0,6,4333.0,4401.0,2,4381.0,0.0,0.0,0.0,0.0,0.0,1
2023-05-09 21:36:33,eg2404,eg2404,4381.0,0.0,0.0,0.0,7,4333.0,4401.0,2,4381.0,0.0,0.0,0.0,0.0,0.0,1
2023-05-09 21:37:13,eg2404,eg2404,4381.0,0.0,0.0,0.0,2,4334.0,4401.0,2,4381.0,0.0,0.0,0.0,0.0,0.0,1
2023-05-09 21:37:14,eg2404,eg2404,4381.0,0.0,0.0,0.0,6,4335.0,4401.0,2,4381.0,0.0,0.0,0.0,0.0,0.0,1
2023-05-09 21:37:21,eg2404,eg2404,4381.0,0.0,0.0,0.0,6,4335.0,4401.0,1,4381.0,0.0,0.0,0.0,0.0,0.0,1
2023-05-09 21:37:22,eg2404,eg2404,4381.0,0.0,0.0,0.0,6,4335.0,4401.0,2,4381.0,0.0,0.0,0.0,0.0,0.0,1
2023-05-09 21:37:55,eg2404,eg2404,4381.0,0.0,0.0,0.0,2,4336.0,4401.0,2,4381.0,0.0,0.0,0.0,0.0,0.0,1
2023-05-09 21:38:00,eg2404,eg2404,4381.0,0.0,0.0,0.0,6,4337.0,4401.0,2,4381.0,0.0,0.0,0.0,0.0,0.0,1
2023-05-09 21:39:20,eg2404,eg2404,4381.0,0.0,0.0,0.0,2,4338.0,4401.0,2,4381.0,0.0,0.0,0.0,0.0,0.0,1
2023-05-09 21:39:20,eg2404,eg2404,4381.0,0.0,0.0,0.0,6,4339.0,4401.0,2,4381.0,0.0,0.0,0.0,0.0,0.0,1
2023-05-09 21:40:02,eg2404,eg2404,4381.0,0.0,0.0,0.0,2,4340.0,4401.0,2,4381.0,0.0,0.0,0.0,0.0,0.0,1
2023-05-09 21:40:02,eg2404,eg2404,4381.0,0.0,0.0,0.0,4,4341.0,4401.0,2,4381.0,0.0,0.0,0.0,0.0,0.0,1
2023-05-09 21:40:44,eg2404,eg2404,4381.0,0.0,0.0,0.0,2,4342.0,4401.0,2,4381.0,0.0,0.0,0.0,0.0,0.0,1
2023-05-09 21:40:45,eg2404,eg2404,4381.0,0.0,0.0,0.0,4,4341.0,4401.0,2,4381.0,0.0,0.0,0.0,0.0,0.0,1
2023-05-09 21:41:19,eg2404,eg2404,4381.0,0.0,0.0,0.0,2,4342.0,4401.0,2,4381.0,0.0,0.0,0.0,0.0,0.0,1
2023-05-09 21:41:19,eg2404,eg2404,4381.0,0.0,0.0,0.0,6,4342.0,4401.0,2,4381.0,0.0,0.0,0.0,0.0,0.0,1
2023-05-09 21:41:23,eg2404,eg2404,4381.0,0.0,0.0,0.0,2,4342.0,4401.0,2,4381.0,0.0,0.0,0.0,0.0,0.0,1
2023-05-09 21:41:23,eg2404,eg2404,4381.0,0.0,0.0,0.0,4,4343.0,4401.0,2,4381.0,0.0,0.0,0.0,0.0,0.0,1
2023-05-09 21:41:26,eg2404,eg2404,4381.0,0.0,0.0,0.0,2,4344.0,4401.0,2,4381.0,0.0,0.0,0.0,0.0,0.0,1
2023-05-09 21:41:27,eg2404,eg2404,4381.0,0.0,0.0,0.0,1,4333.0,4401.0,2,4381.0,0.0,0.0,0.0,0.0,0.0,1
2023-05-09 21:41:32,eg2404,eg2404,4381.0,0.0,0.0,0.0,4,4334.0,4401.0,2,4381.0,0.0,0.0,0.0,0.0,0.0,1
2023-05-09 21:41:35,eg2404,eg2404,4381.0,0.0,0.0,0.0,2,4335.0,4401.0,2,4381.0,0.0,0.0,0.0,0.0,0.0,1
2023-05-09 21:41:42,eg2404,eg2404,4381.0,0.0,0.0,0.0,4,4336.0,4401.0,2,4381.0,0.0,0.0,0.0,0.0,0.0,1
2023-05-09 21:41:54,eg2404,eg2404,4381.0,0.0,0.0,0.0,2,4337.0,4401.0,2,4381.0,0.0,0.0,0.0,0.0,0.0,1
2023-05-09 21:42:01,eg2404,eg2404,4381.0,0.0,0.0,0.0,1,4338.0,4401.0,2,4381.0,0.0,0.0,0.0,0.0,0.0,1
2023-05-09 21:42:07,eg2404,eg2404,4381.0,0.0,0.0,0.0,5,4339.0,4401.0,2,4381.0,0.0,0.0,0.0,0.0,0.0,1
2023-05-09 21:42:08,eg2404,eg2404,4381.0,0.0,0.0,0.0,7,4339.0,4401.0,2,4381.0,0.0,0.0,0.0,0.0,0.0,1
2023-05-09 21:42:13,eg2404,eg2404,4381.0,0.0,0.0,0.0,1,4340.0,4401.0,2,4381.0,0.0,0.0,0.0,0.0,0.0,1
2023-05-09 21:42:14,eg2404,eg2404,4381.0,0.0,0.0,0.0,3,4341.0,4401.0,2,4381.0,0.0,0.0,0.0,0.0,0.0,1
2023-05-09 21:42:20,eg2404,eg2404,4381.0,0.0,0.0,0.0,2,4342.0,4401.0,2,4381.0,0.0,0.0,0.0,0.0,0.0,1
2023-05-09 21:42:20,eg2404,eg2404,4381.0,0.0,0.0,0.0,1,4343.0,4401.0,2,4381.0,0.0,0.0,0.0,0.0,0.0,1
2023-05-09 21:42:23,eg2404,eg2404,4381.0,0.0,0.0,0.0,2,4339.0,4401.0,1,4381.0,0.0,0.0,0.0,0.0,0.0,1
2023-05-09 21:42:24,eg2404,eg2404,4381.0,0.0,0.0,0.0,1,4343.0,4401.0,1,4381.0,0.0,0.0,0.0,0.0,0.0,1
2023-05-09 21:42:24,eg2404,eg2404,4381.0,0.0,0.0,0.0,1,4343.0,4401.0,2,4381.0,0.0,0.0,0.0,0.0,0.0,1
2023-05-09 21:42:26,eg2404,eg2404,4381.0,0.0,0.0,0.0,2,4344.0,4401.0,2,4381.0,0.0,0.0,0.0,0.0,0.0,1
2023-05-09 21:42:49,eg2404,eg2404,4381.0,0.0,0.0,0.0,5,4344.0,4401.0,2,4381.0,0.0,0.0,0.0,0.0,0.0,1
2023-05-09 21:42:50,eg2404,eg2404,4381.0,0.0,0.0,0.0,6,4344.0,4401.0,2,4381.0,0.0,0.0,0.0,0.0,0.0,1
2023-05-09 21:42:51,eg2404,eg2404,4381.0,0.0,0.0,0.0,3,4344.0,4401.0,2,4381.0,0.0,0.0,0.0,0.0,0.0,1
2023-05-09 21:42:52,eg2404,eg2404,4381.0,0.0,0.0,0.0,3,4345.0,4401.0,2,4381.0,0.0,0.0,0.0,0.0,0.0,1
2023-05-09 21:42:54,eg2404,eg2404,4381.0,0.0,0.0,0.0,2,4346.0,4401.0,2,4381.0,0.0,0.0,0.0,0.0,0.0,1
2023-05-09 21:42:55,eg2404,eg2404,4381.0,0.0,0.0,0.0,5,4346.0,4401.0,2,4381.0,0.0,0.0,0.0,0.0,0.0,1
2023-05-09 21:42:57,eg2404,eg2404,4381.0,0.0,0.0,0.0,1,4347.0,4401.0,2,4381.0,0.0,0.0,0.0,0.0,0.0,1
2023-05-09 21:42:58,eg2404,eg2404,4381.0,0.0,0.0,0.0,2,4348.0,4401.0,2,4381.0,0.0,0.0,0.0,0.0,0.0,1
2023-05-09 21:43:02,eg2404,eg2404,4381.0,0.0,0.0,0.0,2,4348.0,4401.0,1,4381.0,0.0,0.0,0.0,0.0,0.0,1
2023-05-09 21:43:02,eg2404,eg2404,4381.0,0.0,0.0,0.0,6,4348.0,4401.0,1,4381.0,0.0,0.0,0.0,0.0,0.0,1
2023-05-09 21:43:07,eg2404,eg2404,4381.0,0.0,0.0,0.0,2,4348.0,4401.0,1,4381.0,0.0,0.0,0.0,0.0,0.0,1
2023-05-09 21:43:08,eg2404,eg2404,4381.0,0.0,0.0,0.0,4,4349.0,4401.0,1,4381.0,0.0,0.0,0.0,0.0,0.0,1
2023-05-09 21:43:10,eg2404,eg2404,4381.0,0.0,0.0,0.0,2,4350.0,4401.0,1,4381.0,0.0,0.0,0.0,0.0,0.0,1
2023-05-09 21:43:11,eg2404,eg2404,4381.0,0.0,0.0,0.0,4,4351.0,4401.0,1,4381.0,0.0,0.0,0.0,0.0,0.0,1
2023-05-09 21:43:18,eg2404,eg2404,4381.0,0.0,0.0,0.0,2,4352.0,4401.0,1,4381.0,0.0,0.0,0.0,0.0,0.0,1
2023-05-09 21:43:25,eg2404,eg2404,4381.0,0.0,0.0,0.0,4,4353.0,4401.0,1,4381.0,0.0,0.0,0.0,0.0,0.0,1
2023-05-09 21:43:26,eg2404,eg2404,4381.0,0.0,0.0,0.0,2,4354.0,4401.0,1,4381.0,0.0,0.0,0.0,0.0,0.0,1
2023-05-09 21:43:32,eg2404,eg2404,4381.0,0.0,0.0,0.0,2,4355.0,4401.0,1,4381.0,0.0,0.0,0.0,0.0,0.0,1
2023-05-09 21:43:34,eg2404,eg2404,4381.0,0.0,0.0,0.0,2,4354.0,4401.0,1,4381.0,0.0,0.0,0.0,0.0,0.0,1
2023-05-09 21:43:40,eg2404,eg2404,4381.0,0.0,0.0,0.0,4,4355.0,4401.0,1,4381.0,0.0,0.0,0.0,0.0,0.0,1
2023-05-09 21:43:41,eg2404,eg2404,4381.0,0.0,0.0,0.0,2,4356.0,4401.0,1,4381.0,0.0,0.0,0.0,0.0,0.0,1
2023-05-09 21:44:16,eg2404,eg2404,4381.0,0.0,0.0,0.0,2,4357.0,4401.0,1,4381.0,0.0,0.0,0.0,0.0,0.0,1
2023-05-09 21:44:18,eg2404,eg2404,4381.0,0.0,0.0,0.0,2,4356.0,4401.0,1,4381.0,0.0,0.0,0.0,0.0,0.0,1
2023-05-09 21:44:59,eg2404,eg2404,4381.0,0.0,0.0,0.0,2,4357.0,4401.0,1,4381.0,0.0,0.0,0.0,0.0,0.0,1
2023-05-09 21:45:00,eg2404,eg2404,4381.0,0.0,0.0,0.0,2,4356.0,4401.0,1,4381.0,0.0,0.0,0.0,0.0,0.0,1
2023-05-09 21:45:42,eg2404,eg2404,4381.0,0.0,0.0,0.0,2,4357.0,4401.0,1,4381.0,0.0,0.0,0.0,0.0,0.0,1
2023-05-09 21:45:43,eg2404,eg2404,4381.0,0.0,0.0,0.0,2,4356.0,4401.0,1,4381.0,0.0,0.0,0.0,0.0,0.0,1
2023-05-09 21:46:24,eg2404,eg2404,4381.0,0.0,0.0,0.0,2,4357.0,4401.0,1,4381.0,0.0,0.0,0.0,0.0,0.0,1
2023-05-09 21:46:26,eg2404,eg2404,4381.0,0.0,0.0,0.0,2,4356.0,4401.0,1,4381.0,0.0,0.0,0.0,0.0,0.0,1
2023-05-09 21:47:07,eg2404,eg2404,4381.0,0.0,0.0,0.0,2,4357.0,4401.0,1,4381.0,0.0,0.0,0.0,0.0,0.0,1
2023-05-09 21:47:09,eg2404,eg2404,4381.0,0.0,0.0,0.0,2,4356.0,4401.0,1,4381.0,0.0,0.0,0.0,0.0,0.0,1
2023-05-09 21:47:25,eg2404,eg2404,4381.0,0.0,0.0,0.0,2,4356.0,4433.0,1,4381.0,0.0,0.0,0.0,0.0,0.0,1
2023-05-09 21:47:25,eg2404,eg2404,4381.0,0.0,0.0,0.0,2,4356.0,4592.0,1,4381.0,0.0,0.0,0.0,0.0,0.0,1
2023-05-09 21:47:26,eg2404,eg2404,4381.0,0.0,0.0,0.0,2,4356.0,4591.0,2,4381.0,0.0,0.0,0.0,0.0,0.0,1
2023-05-09 21:47:27,eg2404,eg2404,4381.0,0.0,0.0,0.0,2,4356.0,4589.0,1,4381.0,0.0,0.0,0.0,0.0,0.0,1
2023-05-09 21:47:28,eg2404,eg2404,4381.0,0.0,0.0,0.0,2,4356.0,4588.0,2,4381.0,0.0,0.0,0.0,0.0,0.0,1
2023-05-09 21:47:29,eg2404,eg2404,4381.0,0.0,0.0,0.0,2,4356.0,4586.0,1,4381.0,0.0,0.0,0.0,0.0,0.0,1
2023-05-09 21:47:29,eg2404,eg2404,4381.0,0.0,0.0,0.0,2,4356.0,4585.0,3,4381.0,0.0,0.0,0.0,0.0,0.0,1
2023-05-09 21:47:29,eg2404,eg2404,4381.0,0.0,0.0,0.0,2,4356.0,4583.0,1,4381.0,0.0,0.0,0.0,0.0,0.0,1
2023-05-09 21:47:30,eg2404,eg2404,4381.0,0.0,0.0,0.0,2,4356.0,4582.0,2,4381.0,0.0,0.0,0.0,0.0,0.0,1
2023-05-09 21:47:31,eg2404,eg2404,4381.0,0.0,0.0,0.0,2,4356.0,4580.0,1,4381.0,0.0,0.0,0.0,0.0,0.0,1
2023-05-09 21:47:32,eg2404,eg2404,4381.0,0.0,0.0,0.0,2,4356.0,4579.0,2,4381.0,0.0,0.0,0.0,0.0,0.0,1
2023-05-09 21:47:32,eg2404,eg2404,4381.0,0.0,0.0,0.0,2,4356.0,4577.0,1,4381.0,0.0,0.0,0.0,0.0,0.0,1
2023-05-09 21:47:33,eg2404,eg2404,4381.0,0.0,0.0,0.0,2,4356.0,4576.0,2,4381.0,0.0,0.0,0.0,0.0,0.0,1
2023-05-09 21:47:34,eg2404,eg2404,4381.0,0.0,0.0,0.0,2,4356.0,4574.0,1,4381.0,0.0,0.0,0.0,0.0,0.0,1
2023-05-09 21:47:35,eg2404,eg2404,4381.0,0.0,0.0,0.0,2,4356.0,4573.0,3,4381.0,0.0,0.0,0.0,0.0,0.0,1
2023-05-09 21:47:36,eg2404,eg2404,4381.0,0.0,0.0,0.0,2,4356.0,4571.0,1,4381.0,0.0,0.0,0.0,0.0,0.0,1
2023-05-09 21:47:37,eg2404,eg2404,4381.0,0.0,0.0,0.0,2,4356.0,4570.0,5,4381.0,0.0,0.0,0.0,0.0,0.0,1
2023-05-09 21:47:37,eg2404,eg2404,4381.0,0.0,0.0,0.0,2,4356.0,4568.0,1,4381.0,0.0,0.0,0.0,0.0,0.0,1
2023-05-09 21:47:38,eg2404,eg2404,4381.0,0.0,0.0,0.0,2,4356.0,4567.0,5,4381.0,0.0,0.0,0.0,0.0,0.0,1
2023-05-09 21:47:39,eg2404,eg2404,4381.0,0.0,0.0,0.0,2,4356.0,4565.0,1,4381.0,0.0,0.0,0.0,0.0,0.0,1
2023-05-09 21:47:39,eg2404,eg2404,4381.0,0.0,0.0,0.0,2,4356.0,4564.0,2,4381.0,0.0,0.0,0.0,0.0,0.0,1
2023-05-09 21:47:40,eg2404,eg2404,4381.0,0.0,0.0,0.0,2,4356.0,4562.0,1,4381.0,0.0,0.0,0.0,0.0,0.0,1
2023-05-09 21:47:41,eg2404,eg2404,4381.0,0.0,0.0,0.0,2,4356.0,4561.0,2,4381.0,0.0,0.0,0.0,0.0,0.0,1
2023-05-09 21:47:42,eg2404,eg2404,4381.0,0.0,0.0,0.0,2,4356.0,4559.0,1,4381.0,0.0,0.0,0.0,0.0,0.0,1
2023-05-09 21:47:42,eg2404,eg2404,4381.0,0.0,0.0,0.0,2,4356.0,4558.0,1,4381.0,0.0,0.0,0.0,0.0,0.0,1
2023-05-09 21:47:43,eg2404,eg2404,4381.0,0.0,0.0,0.0,2,4356.0,4556.0,1,4381.0,0.0,0.0,0.0,0.0,0.0,1
2023-05-09 21:47:43,eg2404,eg2404,4381.0,0.0,0.0,0.0,2,4356.0,4555.0,2,4381.0,0.0,0.0,0.0,0.0,0.0,1
2023-05-09 21:47:44,eg2404,eg2404,4381.0,0.0,0.0,0.0,2,4356.0,4553.0,1,4381.0,0.0,0.0,0.0,0.0,0.0,1
2023-05-09 21:47:45,eg2404,eg2404,4381.0,0.0,0.0,0.0,2,4356.0,4552.0,9,4381.0,0.0,0.0,0.0,0.0,0.0,1
2023-05-09 21:47:45,eg2404,eg2404,4381.0,0.0,0.0,0.0,2,4356.0,4550.0,1,4381.0,0.0,0.0,0.0,0.0,0.0,1
2023-05-09 21:47:47,eg2404,eg2404,4381.0,0.0,0.0,0.0,2,4356.0,4549.0,2,4381.0,0.0,0.0,0.0,0.0,0.0,1
2023-05-09 21:47:47,eg2404,eg2404,4381.0,0.0,0.0,0.0,2,4356.0,4547.0,1,4381.0,0.0,0.0,0.0,0.0,0.0,1
2023-05-09 21:47:48,eg2404,eg2404,4381.0,0.0,0.0,0.0,2,4356.0,4546.0,2,4381.0,0.0,0.0,0.0,0.0,0.0,1
2023-05-09 21:47:49,eg2404,eg2404,4381.0,0.0,0.0,0.0,2,4356.0,4544.0,1,4381.0,0.0,0.0,0.0,0.0,0.0,1
2023-05-09 21:47:50,eg2404,eg2404,4381.0,0.0,0.0,0.0,2,4356.0,4543.0,2,4381.0,0.0,0.0,0.0,0.0,0.0,1
2023-05-09 21:47:51,eg2404,eg2404,4381.0,0.0,0.0,0.0,2,4356.0,4541.0,1,4381.0,0.0,0.0,0.0,0.0,0.0,1
2023-05-09 21:47:52,eg2404,eg2404,4381.0,0.0,0.0,0.0,2,4356.0,4540.0,6,4381.0,0.0,0.0,0.0,0.0,0.0,1
2023-05-09 21:47:52,eg2404,eg2404,4381.0,0.0,0.0,0.0,2,4356.0,4538.0,1,4381.0,0.0,0.0,0.0,0.0,0.0,1
2023-05-09 21:47:53,eg2404,eg2404,4381.0,0.0,0.0,0.0,2,4356.0,4537.0,2,4381.0,0.0,0.0,0.0,0.0,0.0,1
2023-05-09 21:47:54,eg2404,eg2404,4381.0,0.0,0.0,0.0,2,4356.0,4535.0,1,4381.0,0.0,0.0,0.0,0.0,0.0,1
2023-05-09 21:47:55,eg2404,eg2404,4381.0,0.0,0.0,0.0,2,4356.0,4534.0,2,4381.0,0.0,0.0,0.0,0.0,0.0,1
2023-05-09 21:47:56,eg2404,eg2404,4381.0,0.0,0.0,0.0,2,4356.0,4532.0,1,4381.0,0.0,0.0,0.0,0.0,0.0,1
2023-05-09 21:47:57,eg2404,eg2404,4381.0,0.0,0.0,0.0,2,4356.0,4531.0,2,4381.0,0.0,0.0,0.0,0.0,0.0,1
2023-05-09 21:47:58,eg2404,eg2404,4381.0,0.0,0.0,0.0,2,4356.0,4529.0,1,4381.0,0.0,0.0,0.0,0.0,0.0,1
2023-05-09 21:47:58,eg2404,eg2404,4381.0,0.0,0.0,0.0,2,4356.0,4528.0,3,4381.0,0.0,0.0,0.0,0.0,0.0,1
2023-05-09 21:47:59,eg2404,eg2404,4381.0,0.0,0.0,0.0,2,4356.0,4526.0,1,4381.0,0.0,0.0,0.0,0.0,0.0,1
2023-05-09 21:47:59,eg2404,eg2404,4381.0,0.0,0.0,0.0,2,4356.0,4525.0,2,4381.0,0.0,0.0,0.0,0.0,0.0,1
2023-05-09 21:48:00,eg2404,eg2404,4381.0,0.0,0.0,0.0,2,4356.0,4523.0,1,4381.0,0.0,0.0,0.0,0.0,0.0,1
2023-05-09 21:48:01,eg2404,eg2404,4381.0,0.0,0.0,0.0,2,4356.0,4522.0,4,4381.0,0.0,0.0,0.0,0.0,0.0,1
2023-05-09 21:48:01,eg2404,eg2404,4381.0,0.0,0.0,0.0,2,4356.0,4520.0,1,4381.0,0.0,0.0,0.0,0.0,0.0,1
2023-05-09 21:48:02,eg2404,eg2404,4381.0,0.0,0.0,0.0,2,4356.0,4519.0,2,4381.0,0.0,0.0,0.0,0.0,0.0,1
2023-05-09 21:48:03,eg2404,eg2404,4381.0,0.0,0.0,0.0,2,4356.0,4517.0,1,4381.0,0.0,0.0,0.0,0.0,0.0,1
2023-05-09 21:48:04,eg2404,eg2404,4381.0,0.0,0.0,0.0,2,4356.0,4516.0,7,4381.0,0.0,0.0,0.0,0.0,0.0,1
2023-05-09 21:48:04,eg2404,eg2404,4381.0,0.0,0.0,0.0,2,4356.0,4514.0,1,4381.0,0.0,0.0,0.0,0.0,0.0,1
2023-05-09 21:48:11,eg2404,eg2404,4381.0,0.0,0.0,0.0,2,4356.0,4513.0,7,4381.0,0.0,0.0,0.0,0.0,0.0,1
2023-05-09 21:48:12,eg2404,eg2404,4381.0,0.0,0.0,0.0,2,4356.0,4511.0,1,4381.0,0.0,0.0,0.0,0.0,0.0,1
2023-05-09 21:48:17,eg2404,eg2404,4381.0,0.0,0.0,0.0,2,4356.0,4510.0,7,4381.0,0.0,0.0,0.0,0.0,0.0,1
2023-05-09 21:48:18,eg2404,eg2404,4381.0,0.0,0.0,0.0,2,4356.0,4508.0,1,4381.0,0.0,0.0,0.0,0.0,0.0,1
2023-05-09 21:48:21,eg2404,eg2404,4381.0,0.0,0.0,0.0,2,4356.0,4507.0,7,4381.0,0.0,0.0,0.0,0.0,0.0,1
2023-05-09 21:48:21,eg2404,eg2404,4381.0,0.0,0.0,0.0,2,4356.0,4505.0,1,4381.0,0.0,0.0,0.0,0.0,0.0,1
2023-05-09 21:48:27,eg2404,eg2404,4381.0,0.0,0.0,0.0,2,4356.0,4504.0,7,4381.0,0.0,0.0,0.0,0.0,0.0,1
2023-05-09 21:48:28,eg2404,eg2404,4381.0,0.0,0.0,0.0,2,4356.0,4502.0,1,4381.0,0.0,0.0,0.0,0.0,0.0,1
2023-05-09 21:48:31,eg2404,eg2404,4381.0,0.0,0.0,0.0,2,4356.0,4501.0,7,4381.0,0.0,0.0,0.0,0.0,0.0,1
2023-05-09 21:48:31,eg2404,eg2404,4381.0,0.0,0.0,0.0,2,4356.0,4499.0,1,4381.0,0.0,0.0,0.0,0.0,0.0,1
2023-05-09 21:48:36,eg2404,eg2404,4381.0,0.0,0.0,0.0,2,4356.0,4498.0,2,4381.0,0.0,0.0,0.0,0.0,0.0,1
2023-05-09 21:48:36,eg2404,eg2404,4381.0,0.0,0.0,0.0,2,4356.0,4496.0,1,4381.0,0.0,0.0,0.0,0.0,0.0,1
2023-05-09 21:48:38,eg2404,eg2404,4381.0,0.0,0.0,0.0,2,4356.0,4495.0,7,4381.0,0.0,0.0,0.0,0.0,0.0,1
2023-05-09 21:48:38,eg2404,eg2404,4381.0,0.0,0.0,0.0,2,4356.0,4493.0,1,4381.0,0.0,0.0,0.0,0.0,0.0,1
2023-05-09 21:48:42,eg2404,eg2404,4381.0,0.0,0.0,0.0,2,4356.0,4492.0,3,4381.0,0.0,0.0,0.0,0.0,0.0,1
2023-05-09 21:48:42,eg2404,eg2404,4381.0,0.0,0.0,0.0,2,4356.0,4490.0,1,4381.0,0.0,0.0,0.0,0.0,0.0,1
2023-05-09 21:48:46,eg2404,eg2404,4381.0,0.0,0.0,0.0,2,4356.0,4489.0,3,4381.0,0.0,0.0,0.0,0.0,0.0,1
2023-05-09 21:48:47,eg2404,eg2404,4381.0,0.0,0.0,0.0,2,4356.0,4487.0,1,4381.0,0.0,0.0,0.0,0.0,0.0,1
2023-05-09 21:48:51,eg2404,eg2404,4381.0,0.0,0.0,0.0,2,4356.0,4486.0,3,4381.0,0.0,0.0,0.0,0.0,0.0,1
2023-05-09 21:48:51,eg2404,eg2404,4381.0,0.0,0.0,0.0,2,4356.0,4484.0,1,4381.0,0.0,0.0,0.0,0.0,0.0,1
2023-05-09 21:48:54,eg2404,eg2404,4381.0,0.0,0.0,0.0,2,4356.0,4483.0,3,4381.0,0.0,0.0,0.0,0.0,0.0,1
2023-05-09 21:48:54,eg2404,eg2404,4381.0,0.0,0.0,0.0,2,4356.0,4481.0,1,4381.0,0.0,0.0,0.0,0.0,0.0,1
2023-05-09 21:48:59,eg2404,eg2404,4381.0,0.0,0.0,0.0,2,4356.0,4480.0,3,4381.0,0.0,0.0,0.0,0.0,0.0,1
2023-05-09 21:49:00,eg2404,eg2404,4381.0,0.0,0.0,0.0,2,4356.0,4478.0,1,4381.0,0.0,0.0,0.0,0.0,0.0,1
2023-05-09 21:49:04,eg2404,eg2404,4381.0,0.0,0.0,0.0,2,4356.0,4477.0,3,4381.0,0.0,0.0,0.0,0.0,0.0,1
2023-05-09 21:49:04,eg2404,eg2404,4381.0,0.0,0.0,0.0,2,4356.0,4475.0,1,4381.0,0.0,0.0,0.0,0.0,0.0,1
2023-05-09 21:49:08,eg2404,eg2404,4381.0,0.0,0.0,0.0,2,4356.0,4474.0,3,4381.0,0.0,0.0,0.0,0.0,0.0,1
2023-05-09 21:49:08,eg2404,eg2404,4381.0,0.0,0.0,0.0,2,4356.0,4472.0,1,4381.0,0.0,0.0,0.0,0.0,0.0,1
2023-05-09 21:49:12,eg2404,eg2404,4381.0,0.0,0.0,0.0,2,4356.0,4471.0,3,4381.0,0.0,0.0,0.0,0.0,0.0,1
2023-05-09 21:49:13,eg2404,eg2404,4381.0,0.0,0.0,0.0,2,4356.0,4469.0,1,4381.0,0.0,0.0,0.0,0.0,0.0,1
2023-05-09 21:49:16,eg2404,eg2404,4381.0,0.0,0.0,0.0,2,4356.0,4468.0,3,4381.0,0.0,0.0,0.0,0.0,0.0,1
2023-05-09 21:49:16,eg2404,eg2404,4381.0,0.0,0.0,0.0,2,4356.0,4466.0,1,4381.0,0.0,0.0,0.0,0.0,0.0,1
2023-05-09 21:49:16,eg2404,eg2404,4381.0,0.0,0.0,0.0,2,4356.0,4466.0,2,4381.0,0.0,0.0,0.0,0.0,0.0,1
2023-05-09 21:49:18,eg2404,eg2404,4381.0,0.0,0.0,0.0,2,4356.0,4465.0,3,4381.0,0.0,0.0,0.0,0.0,0.0,1
2023-05-09 21:49:19,eg2404,eg2404,4381.0,0.0,0.0,0.0,2,4356.0,4463.0,1,4381.0,0.0,0.0,0.0,0.0,0.0,1
2023-05-09 21:49:22,eg2404,eg2404,4381.0,0.0,0.0,0.0,2,4356.0,4462.0,3,4381.0,0.0,0.0,0.0,0.0,0.0,1
2023-05-09 21:49:22,eg2404,eg2404,4381.0,0.0,0.0,0.0,2,4356.0,4460.0,1,4381.0,0.0,0.0,0.0,0.0,0.0,1
2023-05-09 21:49:25,eg2404,eg2404,4381.0,0.0,0.0,0.0,2,4356.0,4459.0,3,4381.0,0.0,0.0,0.0,0.0,0.0,1
2023-05-09 21:49:25,eg2404,eg2404,4381.0,0.0,0.0,0.0,2,4356.0,4457.0,1,4381.0,0.0,0.0,0.0,0.0,0.0,1
2023-05-09 21:49:33,eg2404,eg2404,4381.0,0.0,0.0,0.0,2,4356.0,4456.0,3,4381.0,0.0,0.0,0.0,0.0,0.0,1
2023-05-09 21:49:34,eg2404,eg2404,4381.0,0.0,0.0,0.0,2,4356.0,4454.0,1,4381.0,0.0,0.0,0.0,0.0,0.0,1
2023-05-09 21:49:36,eg2404,eg2404,4381.0,0.0,0.0,0.0,2,4356.0,4453.0,1,4381.0,0.0,0.0,0.0,0.0,0.0,1
2023-05-09 21:49:36,eg2404,eg2404,4381.0,0.0,0.0,0.0,2,4356.0,4451.0,1,4381.0,0.0,0.0,0.0,0.0,0.0,1
2023-05-09 21:49:43,eg2404,eg2404,4381.0,0.0,0.0,0.0,2,4356.0,4450.0,1,4381.0,0.0,0.0,0.0,0.0,0.0,1
2023-05-09 21:49:43,eg2404,eg2404,4381.0,0.0,0.0,0.0,2,4356.0,4448.0,1,4381.0,0.0,0.0,0.0,0.0,0.0,1
2023-05-09 21:49:46,eg2404,eg2404,4381.0,0.0,0.0,0.0,2,4356.0,4447.0,1,4381.0,0.0,0.0,0.0,0.0,0.0,1
2023-05-09 21:49:46,eg2404,eg2404,4381.0,0.0,0.0,0.0,2,4356.0,4445.0,1,4381.0,0.0,0.0,0.0,0.0,0.0,1
2023-05-09 21:49:50,eg2404,eg2404,4381.0,0.0,0.0,0.0,2,4356.0,4444.0,1,4381.0,0.0,0.0,0.0,0.0,0.0,1
2023-05-09 21:49:50,eg2404,eg2404,4381.0,0.0,0.0,0.0,2,4356.0,4442.0,1,4381.0,0.0,0.0,0.0,0.0,0.0,1
2023-05-09 21:49:53,eg2404,eg2404,4381.0,0.0,0.0,0.0,2,4356.0,4441.0,1,4381.0,0.0,0.0,0.0,0.0,0.0,1
2023-05-09 21:49:53,eg2404,eg2404,4381.0,0.0,0.0,0.0,2,4356.0,4439.0,1,4381.0,0.0,0.0,0.0,0.0,0.0,1
2023-05-09 21:49:56,eg2404,eg2404,4381.0,0.0,0.0,0.0,2,4356.0,4438.0,1,4381.0,0.0,0.0,0.0,0.0,0.0,1
2023-05-09 21:50:02,eg2404,eg2404,4381.0,0.0,0.0,0.0,2,4356.0,4437.0,2,4381.0,0.0,0.0,0.0,0.0,0.0,1
2023-05-09 21:50:04,eg2404,eg2404,4381.0,0.0,0.0,0.0,2,4356.0,4436.0,1,4381.0,0.0,0.0,0.0,0.0,0.0,1
2023-05-09 21:50:46,eg2404,eg2404,4381.0,0.0,0.0,0.0,2,4356.0,4435.0,2,4381.0,0.0,0.0,0.0,0.0,0.0,1
2023-05-09 21:50:46,eg2404,eg2404,4381.0,0.0,0.0,0.0,2,4356.0,4435.0,3,4381.0,0.0,0.0,0.0,0.0,0.0,1
2023-05-09 21:50:47,eg2404,eg2404,4381.0,0.0,0.0,0.0,2,4356.0,4434.0,1,4381.0,0.0,0.0,0.0,0.0,0.0,1
2023-05-09 21:51:29,eg2404,eg2404,4381.0,0.0,0.0,0.0,2,4356.0,4433.0,2,4381.0,0.0,0.0,0.0,0.0,0.0,1
2023-05-09 21:51:31,eg2404,eg2404,4381.0,0.0,0.0,0.0,2,4356.0,4432.0,1,4381.0,0.0,0.0,0.0,0.0,0.0,1
2023-05-09 21:52:08,eg2404,eg2404,4381.0,0.0,0.0,0.0,2,4356.0,4418.0,1,4381.0,0.0,0.0,0.0,0.0,0.0,1
2023-05-09 21:52:09,eg2404,eg2404,4381.0,0.0,0.0,0.0,2,4356.0,4417.0,1,4381.0,0.0,0.0,0.0,0.0,0.0,1
2023-05-09 21:52:13,eg2404,eg2404,4381.0,0.0,0.0,0.0,2,4357.0,4417.0,1,4381.0,0.0,0.0,0.0,0.0,0.0,1
2023-05-09 21:52:14,eg2404,eg2404,4381.0,0.0,0.0,0.0,2,4358.0,4417.0,1,4381.0,0.0,0.0,0.0,0.0,0.0,1
2023-05-09 21:52:55,eg2404,eg2404,4381.0,0.0,0.0,0.0,2,4359.0,4417.0,1,4381.0,0.0,0.0,0.0,0.0,0.0,1
2023-05-09 21:52:57,eg2404,eg2404,4381.0,0.0,0.0,0.0,2,4360.0,4417.0,1,4381.0,0.0,0.0,0.0,0.0,0.0,1
2023-05-09 21:53:37,eg2404,eg2404,4381.0,0.0,0.0,0.0,2,4360.0,4408.0,1,4381.0,0.0,0.0,0.0,0.0,0.0,1
2023-05-09 21:53:39,eg2404,eg2404,4381.0,0.0,0.0,0.0,2,4360.0,4407.0,1,4381.0,0.0,0.0,0.0,0.0,0.0,1
2023-05-09 21:53:59,eg2404,eg2404,4381.0,0.0,0.0,0.0,2,4360.0,4398.0,1,4381.0,0.0,0.0,0.0,0.0,0.0,1
2023-05-09 21:53:59,eg2404,eg2404,4381.0,0.0,0.0,0.0,2,4360.0,4398.0,2,4381.0,0.0,0.0,0.0,0.0,0.0,1
2023-05-09 21:54:20,eg2404,eg2404,4381.0,0.0,0.0,0.0,2,4361.0,4398.0,2,4381.0,0.0,0.0,0.0,0.0,0.0,1
2023-05-09 21:54:20,eg2404,eg2404,4381.0,0.0,0.0,0.0,2,4362.0,4398.0,2,4381.0,0.0,0.0,0.0,0.0,0.0,1
2023-05-09 21:55:02,eg2404,eg2404,4381.0,0.0,0.0,0.0,2,4363.0,4398.0,2,4381.0,0.0,0.0,0.0,0.0,0.0,1
2023-05-09 21:55:04,eg2404,eg2404,4381.0,0.0,0.0,0.0,2,4364.0,4398.0,2,4381.0,0.0,0.0,0.0,0.0,0.0,1
2023-05-09 21:55:04,eg2404,eg2404,4381.0,0.0,0.0,0.0,3,4364.0,4398.0,2,4381.0,0.0,0.0,0.0,0.0,0.0,1
2023-05-09 21:55:09,eg2404,eg2404,4381.0,0.0,0.0,0.0,1,4364.0,4398.0,2,4381.0,0.0,0.0,0.0,0.0,0.0,1
2023-05-09 21:55:45,eg2404,eg2404,4381.0,0.0,0.0,0.0,2,4365.0,4398.0,2,4381.0,0.0,0.0,0.0,0.0,0.0,1
2023-05-09 21:55:47,eg2404,eg2404,4381.0,0.0,0.0,0.0,1,4364.0,4398.0,2,4381.0,0.0,0.0,0.0,0.0,0.0,1
2023-05-09 21:56:27,eg2404,eg2404,4381.0,0.0,0.0,0.0,2,4365.0,4398.0,2,4381.0,0.0,0.0,0.0,0.0,0.0,1
2023-05-09 21:56:29,eg2404,eg2404,4381.0,0.0,0.0,0.0,1,4364.0,4398.0,2,4381.0,0.0,0.0,0.0,0.0,0.0,1
2023-05-09 21:57:11,eg2404,eg2404,4381.0,0.0,0.0,0.0,2,4365.0,4398.0,2,4381.0,0.0,0.0,0.0,0.0,0.0,1
2023-05-09 21:57:12,eg2404,eg2404,4381.0,0.0,0.0,0.0,1,4364.0,4398.0,2,4381.0,0.0,0.0,0.0,0.0,0.0,1
2023-05-09 21:57:53,eg2404,eg2404,4381.0,0.0,0.0,0.0,2,4365.0,4398.0,2,4381.0,0.0,0.0,0.0,0.0,0.0,1
2023-05-09 21:57:54,eg2404,eg2404,4381.0,0.0,0.0,0.0,1,4364.0,4398.0,2,4381.0,0.0,0.0,0.0,0.0,0.0,1
2023-05-09 21:58:35,eg2404,eg2404,4381.0,0.0,0.0,0.0,2,4365.0,4398.0,2,4381.0,0.0,0.0,0.0,0.0,0.0,1
2023-05-09 21:58:37,eg2404,eg2404,4381.0,0.0,0.0,0.0,1,4364.0,4398.0,2,4381.0,0.0,0.0,0.0,0.0,0.0,1
2023-05-09 21:59:00,eg2404,eg2404,4381.0,0.0,0.0,0.0,1,4364.0,4398.0,1,4381.0,0.0,0.0,0.0,0.0,0.0,1
2023-05-09 21:59:01,eg2404,eg2404,4381.0,0.0,0.0,0.0,1,4364.0,4398.0,2,4381.0,0.0,0.0,0.0,0.0,0.0,1
2023-05-09 21:59:18,eg2404,eg2404,4381.0,0.0,0.0,0.0,2,4365.0,4398.0,2,4381.0,0.0,0.0,0.0,0.0,0.0,1
2023-05-09 21:59:20,eg2404,eg2404,4381.0,0.0,0.0,0.0,1,4364.0,4398.0,2,4381.0,0.0,0.0,0.0,0.0,0.0,1
2023-05-09 21:59:29,eg2404,eg2404,4381.0,0.0,0.0,0.0,3,4364.0,4398.0,2,4381.0,0.0,0.0,0.0,0.0,0.0,1
2023-05-09 21:59:35,eg2404,eg2404,4381.0,0.0,0.0,0.0,1,4364.0,4398.0,2,4381.0,0.0,0.0,0.0,0.0,0.0,1
2023-05-09 21:59:36,eg2404,eg2404,4381.0,0.0,0.0,0.0,3,4364.0,4398.0,2,4381.0,0.0,0.0,0.0,0.0,0.0,1
2023-05-09 21:59:41,eg2404,eg2404,4381.0,0.0,0.0,0.0,1,4364.0,4398.0,2,4381.0,0.0,0.0,0.0,0.0,0.0,1
2023-05-09 21:59:41,eg2404,eg2404,4381.0,0.0,0.0,0.0,2,4365.0,4398.0,2,4381.0,0.0,0.0,0.0,0.0,0.0,1
2023-05-09 22:00:00,eg2404,eg2404,4381.0,0.0,0.0,0.0,2,4366.0,4398.0,2,4381.0,0.0,0.0,0.0,0.0,0.0,1
2023-05-09 22:00:02,eg2404,eg2404,4381.0,0.0,0.0,0.0,2,4365.0,4398.0,2,4381.0,0.0,0.0,0.0,0.0,0.0,1
2023-05-09 22:00:47,eg2404,eg2404,4381.0,0.0,0.0,0.0,2,4366.0,4398.0,2,4381.0,0.0,0.0,0.0,0.0,0.0,1
2023-05-09 22:00:48,eg2404,eg2404,4381.0,0.0,0.0,0.0,1,4364.0,4398.0,2,4381.0,0.0,0.0,0.0,0.0,0.0,1
2023-05-09 22:00:49,eg2404,eg2404,4381.0,0.0,0.0,0.0,1,4334.0,4398.0,2,4381.0,0.0,0.0,0.0,0.0,0.0,1
2023-05-09 22:00:50,eg2404,eg2404,4381.0,0.0,0.0,0.0,2,4365.0,4398.0,2,4381.0,0.0,0.0,0.0,0.0,0.0,1
2023-05-09 22:00:50,eg2404,eg2404,4381.0,0.0,0.0,0.0,3,4365.0,4398.0,2,4381.0,0.0,0.0,0.0,0.0,0.0,1
2023-05-09 22:01:13,eg2404,eg2404,4381.0,0.0,0.0,0.0,1,4365.0,4398.0,2,4381.0,0.0,0.0,0.0,0.0,0.0,1
2023-05-09 22:01:29,eg2404,eg2404,4381.0,0.0,0.0,0.0,2,4366.0,4398.0,2,4381.0,0.0,0.0,0.0,0.0,0.0,1
2023-05-09 22:01:30,eg2404,eg2404,4381.0,0.0,0.0,0.0,1,4365.0,4398.0,2,4381.0,0.0,0.0,0.0,0.0,0.0,1
2023-05-09 22:02:12,eg2404,eg2404,4381.0,0.0,0.0,0.0,2,4366.0,4398.0,2,4381.0,0.0,0.0,0.0,0.0,0.0,1
2023-05-09 22:02:14,eg2404,eg2404,4381.0,0.0,0.0,0.0,1,4365.0,4398.0,2,4381.0,0.0,0.0,0.0,0.0,0.0,1
2023-05-09 22:02:56,eg2404,eg2404,4381.0,0.0,0.0,0.0,2,4366.0,4398.0,2,4381.0,0.0,0.0,0.0,0.0,0.0,1
2023-05-09 22:02:57,eg2404,eg2404,4381.0,0.0,0.0,0.0,1,4365.0,4398.0,2,4381.0,0.0,0.0,0.0,0.0,0.0,1
2023-05-09 22:03:38,eg2404,eg2404,4381.0,0.0,0.0,0.0,1,4365.0,4397.0,2,4381.0,0.0,0.0,0.0,0.0,0.0,1
2023-05-09 22:03:40,eg2404,eg2404,4381.0,0.0,0.0,0.0,1,4365.0,4398.0,2,4381.0,0.0,0.0,0.0,0.0,0.0,1
2023-05-09 22:04:02,eg2404,eg2404,4381.0,0.0,0.0,0.0,1,4365.0,4398.0,1,4381.0,0.0,0.0,0.0,0.0,0.0,1
2023-05-09 22:04:03,eg2404,eg2404,4381.0,0.0,0.0,0.0,1,4365.0,4398.0,2,4381.0,0.0,0.0,0.0,0.0,0.0,1
2023-05-09 22:04:05,eg2404,eg2404,4381.0,0.0,0.0,0.0,1,4365.0,4398.0,3,4381.0,0.0,0.0,0.0,0.0,0.0,1
2023-05-09 22:04:08,eg2404,eg2404,4381.0,0.0,0.0,0.0,1,4365.0,4398.0,2,4381.0,0.0,0.0,0.0,0.0,0.0,1
2023-05-09 22:04:09,eg2404,eg2404,4381.0,0.0,0.0,0.0,1,4365.0,4397.0,1,4381.0,0.0,0.0,0.0,0.0,0.0,1
2023-05-09 22:04:11,eg2404,eg2404,4381.0,0.0,0.0,0.0,1,4365.0,4398.0,2,4381.0,0.0,0.0,0.0,0.0,0.0,1
2023-05-09 22:04:17,eg2404,eg2404,4381.0,0.0,0.0,0.0,1,4365.0,4398.0,3,4381.0,0.0,0.0,0.0,0.0,0.0,1
2023-05-09 22:04:22,eg2404,eg2404,4381.0,0.0,0.0,0.0,1,4365.0,4397.0,2,4381.0,0.0,0.0,0.0,0.0,0.0,1
2023-05-09 22:04:23,eg2404,eg2404,4381.0,0.0,0.0,0.0,1,4365.0,4398.0,3,4381.0,0.0,0.0,0.0,0.0,0.0,1
2023-05-09 22:04:24,eg2404,eg2404,4381.0,0.0,0.0,0.0,1,4365.0,4398.0,2,4381.0,0.0,0.0,0.0,0.0,0.0,1
2023-05-09 22:04:25,eg2404,eg2404,4381.0,0.0,0.0,0.0,1,4365.0,4397.0,1,4381.0,0.0,0.0,0.0,0.0,0.0,1
2023-05-09 22:05:04,eg2404,eg2404,4381.0,0.0,0.0,0.0,1,4365.0,4396.0,2,4381.0,0.0,0.0,0.0,0.0,0.0,1
2023-05-09 22:05:06,eg2404,eg2404,4381.0,0.0,0.0,0.0,1,4365.0,4398.0,2,4381.0,0.0,0.0,0.0,0.0,0.0,1
2023-05-09 22:05:06,eg2404,eg2404,4381.0,0.0,0.0,0.0,1,4365.0,4398.0,3,4381.0,0.0,0.0,0.0,0.0,0.0,1
2023-05-09 22:05:13,eg2404,eg2404,4381.0,0.0,0.0,0.0,1,4365.0,4398.0,2,4381.0,0.0,0.0,0.0,0.0,0.0,1
2023-05-09 22:05:16,eg2404,eg2404,4381.0,0.0,0.0,0.0,1,4365.0,4398.0,3,4381.0,0.0,0.0,0.0,0.0,0.0,1
2023-05-09 22:05:29,eg2404,eg2404,4381.0,0.0,0.0,0.0,1,4365.0,4398.0,2,4381.0,0.0,0.0,0.0,0.0,0.0,1
2023-05-09 22:05:48,eg2404,eg2404,4381.0,0.0,0.0,0.0,1,4365.0,4397.0,2,4381.0,0.0,0.0,0.0,0.0,0.0,1
2023-05-09 22:05:49,eg2404,eg2404,4381.0,0.0,0.0,0.0,1,4365.0,4398.0,2,4381.0,0.0,0.0,0.0,0.0,0.0,1
2023-05-09 22:05:51,eg2404,eg2404,4381.0,0.0,0.0,0.0,1,4321.0,4398.0,2,4381.0,0.0,0.0,0.0,0.0,0.0,1
2023-05-09 22:05:51,eg2404,eg2404,4381.0,0.0,0.0,0.0,2,4322.0,4398.0,2,4381.0,0.0,0.0,0.0,0.0,0.0,1
2023-05-09 22:05:52,eg2404,eg2404,4381.0,0.0,0.0,0.0,1,4324.0,4398.0,2,4381.0,0.0,0.0,0.0,0.0,0.0,1
2023-05-09 22:05:52,eg2404,eg2404,4381.0,0.0,0.0,0.0,2,4324.0,4398.0,2,4381.0,0.0,0.0,0.0,0.0,0.0,1
2023-05-09 22:05:53,eg2404,eg2404,4381.0,0.0,0.0,0.0,2,4325.0,4398.0,2,4381.0,0.0,0.0,0.0,0.0,0.0,1
2023-05-09 22:05:56,eg2404,eg2404,4381.0,0.0,0.0,0.0,6,4326.0,4398.0,2,4381.0,0.0,0.0,0.0,0.0,0.0,1
2023-05-09 22:05:57,eg2404,eg2404,4381.0,0.0,0.0,0.0,2,4327.0,4398.0,3,4381.0,0.0,0.0,0.0,0.0,0.0,1
2023-05-09 22:05:59,eg2404,eg2404,4381.0,0.0,0.0,0.0,1,4328.0,4398.0,3,4381.0,0.0,0.0,0.0,0.0,0.0,1
2023-05-09 22:05:59,eg2404,eg2404,4381.0,0.0,0.0,0.0,3,4329.0,4398.0,3,4381.0,0.0,0.0,0.0,0.0,0.0,1
2023-05-09 22:06:00,eg2404,eg2404,4381.0,0.0,0.0,0.0,3,4329.0,4398.0,2,4381.0,0.0,0.0,0.0,0.0,0.0,1
2023-05-09 22:06:01,eg2404,eg2404,4381.0,0.0,0.0,0.0,3,4329.0,4397.0,1,4381.0,0.0,0.0,0.0,0.0,0.0,1
2023-05-09 22:06:03,eg2404,eg2404,4381.0,0.0,0.0,0.0,3,4330.0,4397.0,1,4381.0,0.0,0.0,0.0,0.0,0.0,1
2023-05-09 22:06:06,eg2404,eg2404,4381.0,0.0,0.0,0.0,3,4331.0,4397.0,1,4381.0,0.0,0.0,0.0,0.0,0.0,1
2023-05-09 22:06:08,eg2404,eg2404,4381.0,0.0,0.0,0.0,3,4332.0,4397.0,1,4381.0,0.0,0.0,0.0,0.0,0.0,1
2023-05-09 22:06:09,eg2404,eg2404,4381.0,0.0,0.0,0.0,3,4333.0,4397.0,1,4381.0,0.0,0.0,0.0,0.0,0.0,1
2023-05-09 22:06:11,eg2404,eg2404,4381.0,0.0,0.0,0.0,3,4334.0,4397.0,1,4381.0,0.0,0.0,0.0,0.0,0.0,1
2023-05-09 22:06:12,eg2404,eg2404,4381.0,0.0,0.0,0.0,3,4335.0,4397.0,1,4381.0,0.0,0.0,0.0,0.0,0.0,1
2023-05-09 22:06:14,eg2404,eg2404,4381.0,0.0,0.0,0.0,3,4336.0,4397.0,1,4381.0,0.0,0.0,0.0,0.0,0.0,1
2023-05-09 22:06:16,eg2404,eg2404,4381.0,0.0,0.0,0.0,3,4337.0,4397.0,1,4381.0,0.0,0.0,0.0,0.0,0.0,1
2023-05-09 22:06:17,eg2404,eg2404,4381.0,0.0,0.0,0.0,3,4338.0,4397.0,1,4381.0,0.0,0.0,0.0,0.0,0.0,1
2023-05-09 22:06:19,eg2404,eg2404,4381.0,0.0,0.0,0.0,3,4339.0,4397.0,1,4381.0,0.0,0.0,0.0,0.0,0.0,1
2023-05-09 22:06:23,eg2404,eg2404,4381.0,0.0,0.0,0.0,3,4340.0,4397.0,1,4381.0,0.0,0.0,0.0,0.0,0.0,1
2023-05-09 22:06:24,eg2404,eg2404,4381.0,0.0,0.0,0.0,6,4340.0,4397.0,1,4381.0,0.0,0.0,0.0,0.0,0.0,1
2023-05-09 22:06:27,eg2404,eg2404,4381.0,0.0,0.0,0.0,3,4340.0,4397.0,1,4381.0,0.0,0.0,0.0,0.0,0.0,1
2023-05-09 22:06:28,eg2404,eg2404,4381.0,0.0,0.0,0.0,3,4341.0,4397.0,1,4381.0,0.0,0.0,0.0,0.0,0.0,1
2023-05-09 22:06:30,eg2404,eg2404,4381.0,0.0,0.0,0.0,5,4341.0,4397.0,1,4381.0,0.0,0.0,0.0,0.0,0.0,1
2023-05-09 22:06:32,eg2404,eg2404,4381.0,0.0,0.0,0.0,3,4341.0,4397.0,1,4381.0,0.0,0.0,0.0,0.0,0.0,1
2023-05-09 22:06:34,eg2404,eg2404,4381.0,0.0,0.0,0.0,2,4342.0,4397.0,1,4381.0,0.0,0.0,0.0,0.0,0.0,1
2023-05-09 22:07:14,eg2404,eg2404,4381.0,0.0,0.0,0.0,2,4343.0,4397.0,1,4381.0,0.0,0.0,0.0,0.0,0.0,1
2023-05-09 22:07:15,eg2404,eg2404,4381.0,0.0,0.0,0.0,2,4344.0,4397.0,1,4381.0,0.0,0.0,0.0,0.0,0.0,1
2023-05-09 22:07:55,eg2404,eg2404,4381.0,0.0,0.0,0.0,2,4345.0,4397.0,1,4381.0,0.0,0.0,0.0,0.0,0.0,1
2023-05-09 22:07:56,eg2404,eg2404,4381.0,0.0,0.0,0.0,2,4344.0,4397.0,1,4381.0,0.0,0.0,0.0,0.0,0.0,1
2023-05-09 22:07:56,eg2404,eg2404,4381.0,0.0,0.0,0.0,2,4324.0,4397.0,1,4381.0,0.0,0.0,0.0,0.0,0.0,1
2023-05-09 22:07:57,eg2404,eg2404,4381.0,0.0,0.0,0.0,2,4345.0,4397.0,1,4381.0,0.0,0.0,0.0,0.0,0.0,1
2023-05-09 22:08:37,eg2404,eg2404,4381.0,0.0,0.0,0.0,2,4346.0,4397.0,1,4381.0,0.0,0.0,0.0,0.0,0.0,1
2023-05-09 22:08:38,eg2404,eg2404,4381.0,0.0,0.0,0.0,2,4345.0,4397.0,1,4381.0,0.0,0.0,0.0,0.0,0.0,1
2023-05-09 22:08:51,eg2404,eg2404,4381.0,0.0,0.0,0.0,2,4345.0,4398.0,1,4381.0,0.0,0.0,0.0,0.0,0.0,1
2023-05-09 22:08:52,eg2404,eg2404,4381.0,0.0,0.0,0.0,2,4345.0,4398.0,2,4381.0,0.0,0.0,0.0,0.0,0.0,1
2023-05-09 22:08:55,eg2404,eg2404,4381.0,0.0,0.0,0.0,6,4345.0,4398.0,1,4381.0,0.0,0.0,0.0,0.0,0.0,1
2023-05-09 22:09:02,eg2404,eg2404,4381.0,0.0,0.0,0.0,2,4345.0,4398.0,2,4381.0,0.0,0.0,0.0,0.0,0.0,1
2023-05-09 22:09:04,eg2404,eg2404,4381.0,0.0,0.0,0.0,2,4345.0,4398.0,1,4381.0,0.0,0.0,0.0,0.0,0.0,1
2023-05-09 22:09:06,eg2404,eg2404,4381.0,0.0,0.0,0.0,2,4345.0,4397.0,1,4381.0,0.0,0.0,0.0,0.0,0.0,1
2023-05-09 22:09:09,eg2404,eg2404,4381.0,0.0,0.0,0.0,6,4345.0,4398.0,1,4381.0,0.0,0.0,0.0,0.0,0.0,1
2023-05-09 22:09:18,eg2404,eg2404,4381.0,0.0,0.0,0.0,2,4346.0,4398.0,1,4381.0,0.0,0.0,0.0,0.0,0.0,1
2023-05-09 22:09:19,eg2404,eg2404,4381.0,0.0,0.0,0.0,2,4347.0,4398.0,1,4381.0,0.0,0.0,0.0,0.0,0.0,1
2023-05-09 22:10:00,eg2404,eg2404,4381.0,0.0,0.0,0.0,2,4348.0,4398.0,1,4381.0,0.0,0.0,0.0,0.0,0.0,1
2023-05-09 22:10:00,eg2404,eg2404,4381.0,0.0,0.0,0.0,2,4349.0,4398.0,1,4381.0,0.0,0.0,0.0,0.0,0.0,1
2023-05-09 22:10:17,eg2404,eg2404,4381.0,0.0,0.0,0.0,2,4349.0,4398.0,2,4381.0,0.0,0.0,0.0,0.0,0.0,1
2023-05-09 22:10:25,eg2404,eg2404,4381.0,0.0,0.0,0.0,2,4349.0,4398.0,1,4381.0,0.0,0.0,0.0,0.0,0.0,1
2023-05-09 22:10:25,eg2404,eg2404,4381.0,0.0,0.0,0.0,2,4349.0,4397.0,1,4381.0,0.0,0.0,0.0,0.0,0.0,1
2023-05-09 22:10:42,eg2404,eg2404,4381.0,0.0,0.0,0.0,2,4350.0,4397.0,1,4381.0,0.0,0.0,0.0,0.0,0.0,1
2023-05-09 22:10:44,eg2404,eg2404,4381.0,0.0,0.0,0.0,2,4351.0,4398.0,1,4381.0,0.0,0.0,0.0,0.0,0.0,1
2023-05-09 22:10:44,eg2404,eg2404,4381.0,0.0,0.0,0.0,2,4351.0,4398.0,2,4381.0,0.0,0.0,0.0,0.0,0.0,1
2023-05-09 22:11:09,eg2404,eg2404,4381.0,0.0,0.0,0.0,2,4351.0,4398.0,1,4381.0,0.0,0.0,0.0,0.0,0.0,1
2023-05-09 22:11:24,eg2404,eg2404,4381.0,0.0,0.0,0.0,2,4352.0,4398.0,1,4381.0,0.0,0.0,0.0,0.0,0.0,1
2023-05-09 22:11:26,eg2404,eg2404,4381.0,0.0,0.0,0.0,2,4351.0,4398.0,1,4381.0,0.0,0.0,0.0,0.0,0.0,1
2023-05-09 22:11:26,eg2404,eg2404,4381.0,0.0,0.0,0.0,2,4324.0,4398.0,1,4381.0,0.0,0.0,0.0,0.0,0.0,1
2023-05-09 22:11:27,eg2404,eg2404,4381.0,0.0,0.0,0.0,2,4352.0,4398.0,1,4381.0,0.0,0.0,0.0,0.0,0.0,1
2023-05-09 22:11:29,eg2404,eg2404,4381.0,0.0,0.0,0.0,3,4352.0,4398.0,2,4381.0,0.0,0.0,0.0,0.0,0.0,1
2023-05-09 22:11:36,eg2404,eg2404,4381.0,0.0,0.0,0.0,3,4352.0,4398.0,1,4381.0,0.0,0.0,0.0,0.0,0.0,1
2023-05-09 22:12:08,eg2404,eg2404,4381.0,0.0,0.0,0.0,2,4353.0,4398.0,1,4381.0,0.0,0.0,0.0,0.0,0.0,1
2023-05-09 22:12:09,eg2404,eg2404,4381.0,0.0,0.0,0.0,2,4353.0,4398.0,2,4381.0,0.0,0.0,0.0,0.0,0.0,1
2023-05-09 22:12:10,eg2404,eg2404,4381.0,0.0,0.0,0.0,2,4354.0,4398.0,2,4381.0,0.0,0.0,0.0,0.0,0.0,1
2023-05-09 22:12:12,eg2404,eg2404,4381.0,0.0,0.0,0.0,1,4352.0,4398.0,2,4381.0,0.0,0.0,0.0,0.0,0.0,1
2023-05-09 22:12:12,eg2404,eg2404,4381.0,0.0,0.0,0.0,2,4353.0,4398.0,2,4381.0,0.0,0.0,0.0,0.0,0.0,1
2023-05-09 22:12:15,eg2404,eg2404,4381.0,0.0,0.0,0.0,2,4353.0,4398.0,1,4381.0,0.0,0.0,0.0,0.0,0.0,1
2023-05-09 22:12:16,eg2404,eg2404,4381.0,0.0,0.0,0.0,1,4352.0,4397.0,1,4381.0,0.0,0.0,0.0,0.0,0.0,1
2023-05-09 22:12:16,eg2404,eg2404,4381.0,0.0,0.0,0.0,3,4352.0,4397.0,1,4381.0,0.0,0.0,0.0,0.0,0.0,1
2023-05-09 22:12:22,eg2404,eg2404,4381.0,0.0,0.0,0.0,1,4352.0,4397.0,1,4381.0,0.0,0.0,0.0,0.0,0.0,1
2023-05-09 22:12:23,eg2404,eg2404,4381.0,0.0,0.0,0.0,2,4353.0,4397.0,1,4381.0,0.0,0.0,0.0,0.0,0.0,1
2023-05-09 22:12:25,eg2404,eg2404,4381.0,0.0,0.0,0.0,2,4353.0,4398.0,1,4381.0,0.0,0.0,0.0,0.0,0.0,1
2023-05-09 22:12:25,eg2404,eg2404,4381.0,0.0,0.0,0.0,2,4353.0,4398.0,2,4381.0,0.0,0.0,0.0,0.0,0.0,1
2023-05-09 22:12:27,eg2404,eg2404,4381.0,0.0,0.0,0.0,1,4352.0,4398.0,2,4381.0,0.0,0.0,0.0,0.0,0.0,1
2023-05-09 22:12:28,eg2404,eg2404,4381.0,0.0,0.0,0.0,3,4352.0,4398.0,1,4381.0,0.0,0.0,0.0,0.0,0.0,1
2023-05-09 22:12:28,eg2404,eg2404,4381.0,0.0,0.0,0.0,3,4352.0,4397.0,1,4381.0,0.0,0.0,0.0,0.0,0.0,1
2023-05-09 22:12:30,eg2404,eg2404,4381.0,0.0,0.0,0.0,1,4352.0,4397.0,1,4381.0,0.0,0.0,0.0,0.0,0.0,1
2023-05-09 22:12:31,eg2404,eg2404,4381.0,0.0,0.0,0.0,2,4353.0,4398.0,1,4381.0,0.0,0.0,0.0,0.0,0.0,1
2023-05-09 22:12:51,eg2404,eg2404,4381.0,0.0,0.0,0.0,2,4354.0,4398.0,1,4381.0,0.0,0.0,0.0,0.0,0.0,1
2023-05-09 22:12:53,eg2404,eg2404,4381.0,0.0,0.0,0.0,2,4353.0,4398.0,1,4381.0,0.0,0.0,0.0,0.0,0.0,1
2023-05-09 22:13:33,eg2404,eg2404,4381.0,0.0,0.0,0.0,2,4354.0,4398.0,1,4381.0,0.0,0.0,0.0,0.0,0.0,1
2023-05-09 22:13:35,eg2404,eg2404,4381.0,0.0,0.0,0.0,2,4355.0,4398.0,1,4381.0,0.0,0.0,0.0,0.0,0.0,1
2023-05-09 22:14:06,eg2404,eg2404,4381.0,0.0,0.0,0.0,2,4355.0,4439.0,1,4381.0,0.0,0.0,0.0,0.0,0.0,1
2023-05-09 22:14:06,eg2404,eg2404,4381.0,0.0,0.0,0.0,2,4355.0,4438.0,1,4381.0,0.0,0.0,0.0,0.0,0.0,1
2023-05-09 22:14:07,eg2404,eg2404,4381.0,0.0,0.0,0.0,2,4355.0,4436.0,1,4381.0,0.0,0.0,0.0,0.0,0.0,1
2023-05-09 22:14:09,eg2404,eg2404,4381.0,0.0,0.0,0.0,2,4355.0,4435.0,1,4381.0,0.0,0.0,0.0,0.0,0.0,1
2023-05-09 22:14:10,eg2404,eg2404,4381.0,0.0,0.0,0.0,2,4355.0,4433.0,1,4381.0,0.0,0.0,0.0,0.0,0.0,1
2023-05-09 22:14:16,eg2404,eg2404,4381.0,0.0,0.0,0.0,2,4355.0,4432.0,2,4381.0,0.0,0.0,0.0,0.0,0.0,1
2023-05-09 22:14:16,eg2404,eg2404,4381.0,0.0,0.0,0.0,2,4355.0,4431.0,1,4381.0,0.0,0.0,0.0,0.0,0.0,1
2023-05-09 22:14:58,eg2404,eg2404,4381.0,0.0,0.0,0.0,2,4355.0,4430.0,2,4381.0,0.0,0.0,0.0,0.0,0.0,1
2023-05-09 22:14:59,eg2404,eg2404,4381.0,0.0,0.0,0.0,2,4355.0,4429.0,1,4381.0,0.0,0.0,0.0,0.0,0.0,1
2023-05-09 22:15:22,eg2404,eg2404,4381.0,0.0,0.0,0.0,1,4352.0,4429.0,1,4381.0,0.0,0.0,0.0,0.0,0.0,1
2023-05-09 22:15:23,eg2404,eg2404,4381.0,0.0,0.0,0.0,2,4353.0,4429.0,1,4381.0,0.0,0.0,0.0,0.0,0.0,1
2023-05-09 22:15:29,eg2404,eg2404,4381.0,0.0,0.0,0.0,1,4352.0,4429.0,1,4381.0,0.0,0.0,0.0,0.0,0.0,1
2023-05-09 22:15:30,eg2404,eg2404,4381.0,0.0,0.0,0.0,3,4352.0,4429.0,1,4381.0,0.0,0.0,0.0,0.0,0.0,1
2023-05-09 22:15:37,eg2404,eg2404,4381.0,0.0,0.0,0.0,1,4352.0,4429.0,1,4381.0,0.0,0.0,0.0,0.0,0.0,1
2023-05-09 22:15:38,eg2404,eg2404,4381.0,0.0,0.0,0.0,3,4352.0,4429.0,1,4381.0,0.0,0.0,0.0,0.0,0.0,1
2023-05-09 22:15:40,eg2404,eg2404,4381.0,0.0,0.0,0.0,3,4352.0,4428.0,2,4381.0,0.0,0.0,0.0,0.0,0.0,1
2023-05-09 22:15:41,eg2404,eg2404,4381.0,0.0,0.0,0.0,3,4352.0,4427.0,1,4381.0,0.0,0.0,0.0,0.0,0.0,1
2023-05-09 22:15:46,eg2404,eg2404,4381.0,0.0,0.0,0.0,1,4352.0,4427.0,1,4381.0,0.0,0.0,0.0,0.0,0.0,1
2023-05-09 22:16:20,eg2404,eg2404,4381.0,0.0,0.0,0.0,3,4352.0,4427.0,1,4381.0,0.0,0.0,0.0,0.0,0.0,1
2023-05-09 22:16:23,eg2404,eg2404,4381.0,0.0,0.0,0.0,3,4352.0,4426.0,2,4381.0,0.0,0.0,0.0,0.0,0.0,1
2023-05-09 22:16:25,eg2404,eg2404,4381.0,0.0,0.0,0.0,1,4352.0,4426.0,2,4381.0,0.0,0.0,0.0,0.0,0.0,1
2023-05-09 22:16:25,eg2404,eg2404,4381.0,0.0,0.0,0.0,2,4353.0,4425.0,1,4381.0,0.0,0.0,0.0,0.0,0.0,1
2023-05-09 22:17:05,eg2404,eg2404,4381.0,0.0,0.0,0.0,2,4353.0,4424.0,2,4381.0,0.0,0.0,0.0,0.0,0.0,1
2023-05-09 22:17:15,eg2404,eg2404,4381.0,0.0,0.0,0.0,2,4353.0,4423.0,1,4381.0,0.0,0.0,0.0,0.0,0.0,1
2023-05-09 22:18:29,eg2404,eg2404,4381.0,0.0,0.0,0.0,2,4353.0,4422.0,2,4381.0,0.0,0.0,0.0,0.0,0.0,1
2023-05-09 22:18:36,eg2404,eg2404,4381.0,0.0,0.0,0.0,2,4353.0,4421.0,1,4381.0,0.0,0.0,0.0,0.0,0.0,1
2023-05-09 22:19:53,eg2404,eg2404,4381.0,0.0,0.0,0.0,2,4353.0,4420.0,2,4381.0,0.0,0.0,0.0,0.0,0.0,1
2023-05-09 22:19:54,eg2404,eg2404,4381.0,0.0,0.0,0.0,2,4353.0,4419.0,1,4381.0,0.0,0.0,0.0,0.0,0.0,1
2023-05-09 22:20:35,eg2404,eg2404,4381.0,0.0,0.0,0.0,2,4353.0,4418.0,2,4381.0,0.0,0.0,0.0,0.0,0.0,1
2023-05-09 22:20:36,eg2404,eg2404,4381.0,0.0,0.0,0.0,2,4353.0,4417.0,1,4381.0,0.0,0.0,0.0,0.0,0.0,1
2023-05-09 22:21:16,eg2404,eg2404,4381.0,0.0,0.0,0.0,2,4353.0,4416.0,2,4381.0,0.0,0.0,0.0,0.0,0.0,1
2023-05-09 22:21:22,eg2404,eg2404,4381.0,0.0,0.0,0.0,2,4353.0,4415.0,1,4381.0,0.0,0.0,0.0,0.0,0.0,1
2023-05-09 22:21:55,eg2404,eg2404,4381.0,0.0,0.0,0.0,1,4352.0,4415.0,1,4381.0,0.0,0.0,0.0,0.0,0.0,1
2023-05-09 22:21:56,eg2404,eg2404,4381.0,0.0,0.0,0.0,2,4352.0,4415.0,1,4381.0,0.0,0.0,0.0,0.0,0.0,1
2023-05-09 22:21:59,eg2404,eg2404,4381.0,0.0,0.0,0.0,3,4352.0,4415.0,1,4381.0,0.0,0.0,0.0,0.0,0.0,1
2023-05-09 22:22:08,eg2404,eg2404,4381.0,0.0,0.0,0.0,1,4352.0,4415.0,1,4381.0,0.0,0.0,0.0,0.0,0.0,1
2023-05-09 22:22:10,eg2404,eg2404,4381.0,0.0,0.0,0.0,3,4352.0,4415.0,1,4381.0,0.0,0.0,0.0,0.0,0.0,1
2023-05-09 22:22:13,eg2404,eg2404,4381.0,0.0,0.0,0.0,1,4352.0,4415.0,1,4381.0,0.0,0.0,0.0,0.0,0.0,1
2023-05-09 22:22:39,eg2404,eg2404,4381.0,0.0,0.0,0.0,1,4352.0,4414.0,2,4381.0,0.0,0.0,0.0,0.0,0.0,1
2023-05-09 22:22:40,eg2404,eg2404,4381.0,0.0,0.0,0.0,3,4352.0,4414.0,2,4381.0,0.0,0.0,0.0,0.0,0.0,1
2023-05-09 22:22:41,eg2404,eg2404,4381.0,0.0,0.0,0.0,3,4352.0,4413.0,1,4381.0,0.0,0.0,0.0,0.0,0.0,1
2023-05-09 22:22:53,eg2404,eg2404,4381.0,0.0,0.0,0.0,1,4352.0,4413.0,1,4381.0,0.0,0.0,0.0,0.0,0.0,1
2023-05-09 22:23:10,eg2404,eg2404,4381.0,0.0,0.0,0.0,3,4352.0,4413.0,1,4381.0,0.0,0.0,0.0,0.0,0.0,1
2023-05-09 22:23:14,eg2404,eg2404,4381.0,0.0,0.0,0.0,1,4352.0,4413.0,1,4381.0,0.0,0.0,0.0,0.0,0.0,1
2023-05-09 22:23:22,eg2404,eg2404,4381.0,0.0,0.0,0.0,1,4352.0,4412.0,2,4381.0,0.0,0.0,0.0,0.0,0.0,1
2023-05-09 22:23:26,eg2404,eg2404,4381.0,0.0,0.0,0.0,1,4352.0,4411.0,1,4381.0,0.0,0.0,0.0,0.0,0.0,1
2023-05-09 22:24:20,eg2404,eg2404,4381.0,0.0,0.0,0.0,3,4352.0,4411.0,1,4381.0,0.0,0.0,0.0,0.0,0.0,1
2023-05-09 22:24:23,eg2404,eg2404,4381.0,0.0,0.0,0.0,1,4352.0,4411.0,1,4381.0,0.0,0.0,0.0,0.0,0.0,1
2023-05-09 22:24:47,eg2404,eg2404,4381.0,0.0,0.0,0.0,1,4352.0,4410.0,2,4381.0,0.0,0.0,0.0,0.0,0.0,1
2023-05-09 22:24:48,eg2404,eg2404,4381.0,0.0,0.0,0.0,1,4352.0,4433.0,1,4381.0,0.0,0.0,0.0,0.0,0.0,1
2023-05-09 22:24:49,eg2404,eg2404,4381.0,0.0,0.0,0.0,1,4352.0,4432.0,1,4381.0,0.0,0.0,0.0,0.0,0.0,1
2023-05-09 22:24:49,eg2404,eg2404,4381.0,0.0,0.0,0.0,1,4352.0,4430.0,1,4381.0,0.0,0.0,0.0,0.0,0.0,1
2023-05-09 22:25:05,eg2404,eg2404,4381.0,0.0,0.0,0.0,3,4352.0,4430.0,1,4381.0,0.0,0.0,0.0,0.0,0.0,1
2023-05-09 22:25:08,eg2404,eg2404,4381.0,0.0,0.0,0.0,1,4352.0,4430.0,1,4381.0,0.0,0.0,0.0,0.0,0.0,1
2023-05-09 22:25:16,eg2404,eg2404,4381.0,0.0,0.0,0.0,3,4352.0,4430.0,1,4381.0,0.0,0.0,0.0,0.0,0.0,1
2023-05-09 22:25:21,eg2404,eg2404,4381.0,0.0,0.0,0.0,1,4352.0,4430.0,1,4381.0,0.0,0.0,0.0,0.0,0.0,1
2023-05-09 22:25:28,eg2404,eg2404,4381.0,0.0,0.0,0.0,1,4352.0,4429.0,2,4381.0,0.0,0.0,0.0,0.0,0.0,1
2023-05-09 22:25:29,eg2404,eg2404,4381.0,0.0,0.0,0.0,1,4352.0,4428.0,1,4381.0,0.0,0.0,0.0,0.0,0.0,1
2023-05-09 22:26:11,eg2404,eg2404,4381.0,0.0,0.0,0.0,1,4352.0,4427.0,2,4381.0,0.0,0.0,0.0,0.0,0.0,1
2023-05-09 22:26:19,eg2404,eg2404,4381.0,0.0,0.0,0.0,2,4353.0,4427.0,2,4381.0,0.0,0.0,0.0,0.0,0.0,1
2023-05-09 22:28:47,eg2404,eg2404,4381.0,0.0,0.0,0.0,1,4352.0,4427.0,2,4381.0,0.0,0.0,0.0,0.0,0.0,1
2023-05-09 22:28:48,eg2404,eg2404,4381.0,0.0,0.0,0.0,2,4352.0,4427.0,2,4381.0,0.0,0.0,0.0,0.0,0.0,1
2023-05-09 22:28:48,eg2404,eg2404,4381.0,0.0,0.0,0.0,3,4352.0,4427.0,2,4381.0,0.0,0.0,0.0,0.0,0.0,1
2023-05-09 22:30:12,eg2404,eg2404,4381.0,0.0,0.0,0.0,1,4352.0,4427.0,2,4381.0,0.0,0.0,0.0,0.0,0.0,1
2023-05-09 22:30:40,eg2404,eg2404,4381.0,0.0,0.0,0.0,3,4352.0,4427.0,2,4381.0,0.0,0.0,0.0,0.0,0.0,1
2023-05-09 22:30:43,eg2404,eg2404,4381.0,0.0,0.0,0.0,1,4352.0,4427.0,2,4381.0,0.0,0.0,0.0,0.0,0.0,1
2023-05-09 22:30:43,eg2404,eg2404,4381.0,0.0,0.0,0.0,2,4353.0,4427.0,2,4381.0,0.0,0.0,0.0,0.0,0.0,1
2023-05-09 22:31:10,eg2404,eg2404,4381.0,0.0,0.0,0.0,2,4353.0,4428.0,1,4381.0,0.0,0.0,0.0,0.0,0.0,1
2023-05-09 22:31:10,eg2404,eg2404,4381.0,0.0,0.0,0.0,2,4353.0,4438.0,1,4381.0,0.0,0.0,0.0,0.0,0.0,1
2023-05-09 22:31:11,eg2404,eg2404,4381.0,0.0,0.0,0.0,2,4353.0,4436.0,1,4381.0,0.0,0.0,0.0,0.0,0.0,1
2023-05-09 22:31:12,eg2404,eg2404,4381.0,0.0,0.0,0.0,2,4353.0,4436.0,2,4381.0,0.0,0.0,0.0,0.0,0.0,1
2023-05-09 22:31:47,eg2404,eg2404,4381.0,0.0,0.0,0.0,2,4353.0,4435.0,2,4381.0,0.0,0.0,0.0,0.0,0.0,1
2023-05-09 22:31:47,eg2404,eg2404,4381.0,0.0,0.0,0.0,2,4353.0,4433.0,1,4381.0,0.0,0.0,0.0,0.0,0.0,1
2023-05-09 22:32:14,eg2404,eg2404,4381.0,0.0,0.0,0.0,1,4352.0,4433.0,1,4381.0,0.0,0.0,0.0,0.0,0.0,1
2023-05-09 22:32:29,eg2404,eg2404,4381.0,0.0,0.0,0.0,1,4352.0,4432.0,2,4381.0,0.0,0.0,0.0,0.0,0.0,1
2023-05-09 22:32:29,eg2404,eg2404,4381.0,0.0,0.0,0.0,1,4352.0,4430.0,1,4381.0,0.0,0.0,0.0,0.0,0.0,1
2023-05-09 22:33:13,eg2404,eg2404,4381.0,0.0,0.0,0.0,1,4352.0,4429.0,2,4381.0,0.0,0.0,0.0,0.0,0.0,1
2023-05-09 22:33:13,eg2404,eg2404,4381.0,0.0,0.0,0.0,1,4352.0,4427.0,1,4381.0,0.0,0.0,0.0,0.0,0.0,1
2023-05-09 22:33:49,eg2404,eg2404,4381.0,0.0,0.0,0.0,1,4323.0,4427.0,1,4381.0,0.0,0.0,0.0,0.0,0.0,1
2023-05-09 22:33:50,eg2404,eg2404,4381.0,0.0,0.0,0.0,6,4324.0,4427.0,1,4381.0,0.0,0.0,0.0,0.0,0.0,1
2023-05-09 22:33:53,eg2404,eg2404,4381.0,0.0,0.0,0.0,4,4324.0,4427.0,1,4381.0,0.0,0.0,0.0,0.0,0.0,1
2023-05-09 22:33:54,eg2404,eg2404,4381.0,0.0,0.0,0.0,2,4325.0,4427.0,1,4381.0,0.0,0.0,0.0,0.0,0.0,1
2023-05-09 22:34:00,eg2404,eg2404,4381.0,0.0,0.0,0.0,2,4326.0,4427.0,1,4381.0,0.0,0.0,0.0,0.0,0.0,1
2023-05-09 22:34:00,eg2404,eg2404,4381.0,0.0,0.0,0.0,3,4327.0,4427.0,1,4381.0,0.0,0.0,0.0,0.0,0.0,1
2023-05-09 22:34:04,eg2404,eg2404,4381.0,0.0,0.0,0.0,3,4328.0,4427.0,1,4381.0,0.0,0.0,0.0,0.0,0.0,1
2023-05-09 22:34:10,eg2404,eg2404,4381.0,0.0,0.0,0.0,3,4329.0,4427.0,1,4381.0,0.0,0.0,0.0,0.0,0.0,1
2023-05-09 22:34:11,eg2404,eg2404,4381.0,0.0,0.0,0.0,3,4330.0,4427.0,1,4381.0,0.0,0.0,0.0,0.0,0.0,1
2023-05-09 22:34:18,eg2404,eg2404,4381.0,0.0,0.0,0.0,3,4331.0,4427.0,1,4381.0,0.0,0.0,0.0,0.0,0.0,1
2023-05-09 22:34:30,eg2404,eg2404,4381.0,0.0,0.0,0.0,3,4332.0,4427.0,1,4381.0,0.0,0.0,0.0,0.0,0.0,1
2023-05-09 22:34:32,eg2404,eg2404,4381.0,0.0,0.0,0.0,3,4333.0,4427.0,1,4381.0,0.0,0.0,0.0,0.0,0.0,1
2023-05-09 22:34:36,eg2404,eg2404,4381.0,0.0,0.0,0.0,3,4333.0,4426.0,2,4381.0,0.0,0.0,0.0,0.0,0.0,1
2023-05-09 22:34:37,eg2404,eg2404,4381.0,0.0,0.0,0.0,3,4333.0,4425.0,1,4381.0,0.0,0.0,0.0,0.0,0.0,1
2023-05-09 22:34:39,eg2404,eg2404,4381.0,0.0,0.0,0.0,3,4334.0,4425.0,1,4381.0,0.0,0.0,0.0,0.0,0.0,1
2023-05-09 22:34:41,eg2404,eg2404,4381.0,0.0,0.0,0.0,1,4335.0,4425.0,1,4381.0,0.0,0.0,0.0,0.0,0.0,1
2023-05-09 22:34:46,eg2404,eg2404,4381.0,0.0,0.0,0.0,2,4336.0,4425.0,1,4381.0,0.0,0.0,0.0,0.0,0.0,1
2023-05-09 22:34:48,eg2404,eg2404,4381.0,0.0,0.0,0.0,1,4337.0,4425.0,1,4381.0,0.0,0.0,0.0,0.0,0.0,1
2023-05-09 22:34:50,eg2404,eg2404,4381.0,0.0,0.0,0.0,5,4338.0,4425.0,1,4381.0,0.0,0.0,0.0,0.0,0.0,1
2023-05-09 22:34:51,eg2404,eg2404,4381.0,0.0,0.0,0.0,1,4339.0,4425.0,1,4381.0,0.0,0.0,0.0,0.0,0.0,1
2023-05-09 22:34:57,eg2404,eg2404,4381.0,0.0,0.0,0.0,5,4340.0,4425.0,1,4381.0,0.0,0.0,0.0,0.0,0.0,1
2023-05-09 22:34:58,eg2404,eg2404,4381.0,0.0,0.0,0.0,6,4340.0,4425.0,1,4381.0,0.0,0.0,0.0,0.0,0.0,1
2023-05-09 22:35:06,eg2404,eg2404,4381.0,0.0,0.0,0.0,2,4340.0,4425.0,1,4381.0,0.0,0.0,0.0,0.0,0.0,1
2023-05-09 22:35:18,eg2404,eg2404,4381.0,0.0,0.0,0.0,2,4340.0,4424.0,2,4381.0,0.0,0.0,0.0,0.0,0.0,1
2023-05-09 22:36:30,eg2404,eg2404,4381.0,0.0,0.0,0.0,5,4340.0,4424.0,2,4381.0,0.0,0.0,0.0,0.0,0.0,1
2023-05-09 22:36:30,eg2404,eg2404,4381.0,0.0,0.0,0.0,6,4340.0,4424.0,2,4381.0,0.0,0.0,0.0,0.0,0.0,1
2023-05-09 22:36:36,eg2404,eg2404,4381.0,0.0,0.0,0.0,2,4340.0,4424.0,2,4381.0,0.0,0.0,0.0,0.0,0.0,1
2023-05-09 22:37:00,eg2404,eg2404,4381.0,0.0,0.0,0.0,2,4340.0,4423.0,1,4381.0,0.0,0.0,0.0,0.0,0.0,1
2023-05-09 22:37:06,eg2404,eg2404,4381.0,0.0,0.0,0.0,2,4340.0,4424.0,2,4381.0,0.0,0.0,0.0,0.0,0.0,1
2023-05-09 22:37:36,eg2404,eg2404,4381.0,0.0,0.0,0.0,3,4341.0,4424.0,2,4381.0,0.0,0.0,0.0,0.0,0.0,1
2023-05-09 22:37:37,eg2404,eg2404,4381.0,0.0,0.0,0.0,1,4342.0,4424.0,2,4381.0,0.0,0.0,0.0,0.0,0.0,1
2023-05-09 22:37:37,eg2404,eg2404,4381.0,0.0,0.0,0.0,2,4343.0,4424.0,2,4381.0,0.0,0.0,0.0,0.0,0.0,1
2023-05-09 22:40:17,eg2404,eg2404,4381.0,0.0,0.0,0.0,2,4343.0,4425.0,1,4381.0,0.0,0.0,0.0,0.0,0.0,1
2023-05-09 22:40:18,eg2404,eg2404,4381.0,0.0,0.0,0.0,2,4343.0,4436.0,1,4381.0,0.0,0.0,0.0,0.0,0.0,1
2023-05-09 22:40:18,eg2404,eg2404,4381.0,0.0,0.0,0.0,2,4343.0,4592.0,1,4381.0,0.0,0.0,0.0,0.0,0.0,1
2023-05-09 22:40:19,eg2404,eg2404,4381.0,0.0,0.0,0.0,2,4343.0,4590.0,1,4381.0,0.0,0.0,0.0,0.0,0.0,1
2023-05-09 22:40:20,eg2404,eg2404,4381.0,0.0,0.0,0.0,2,4343.0,4589.0,2,4381.0,0.0,0.0,0.0,0.0,0.0,1
2023-05-09 22:40:20,eg2404,eg2404,4381.0,0.0,0.0,0.0,2,4343.0,4587.0,1,4381.0,0.0,0.0,0.0,0.0,0.0,1
2023-05-09 22:40:21,eg2404,eg2404,4381.0,0.0,0.0,0.0,2,4343.0,4586.0,2,4381.0,0.0,0.0,0.0,0.0,0.0,1
2023-05-09 22:40:22,eg2404,eg2404,4381.0,0.0,0.0,0.0,2,4343.0,4584.0,1,4381.0,0.0,0.0,0.0,0.0,0.0,1
2023-05-09 22:40:23,eg2404,eg2404,4381.0,0.0,0.0,0.0,2,4343.0,4583.0,2,4381.0,0.0,0.0,0.0,0.0,0.0,1
2023-05-09 22:40:24,eg2404,eg2404,4381.0,0.0,0.0,0.0,2,4343.0,4581.0,1,4381.0,0.0,0.0,0.0,0.0,0.0,1
2023-05-09 22:40:24,eg2404,eg2404,4381.0,0.0,0.0,0.0,2,4343.0,4580.0,2,4381.0,0.0,0.0,0.0,0.0,0.0,1
2023-05-09 22:40:25,eg2404,eg2404,4381.0,0.0,0.0,0.0,2,4343.0,4578.0,1,4381.0,0.0,0.0,0.0,0.0,0.0,1
2023-05-09 22:40:26,eg2404,eg2404,4381.0,0.0,0.0,0.0,2,4343.0,4577.0,2,4381.0,0.0,0.0,0.0,0.0,0.0,1
2023-05-09 22:40:26,eg2404,eg2404,4381.0,0.0,0.0,0.0,2,4343.0,4575.0,1,4381.0,0.0,0.0,0.0,0.0,0.0,1
2023-05-09 22:40:27,eg2404,eg2404,4381.0,0.0,0.0,0.0,2,4343.0,4574.0,6,4381.0,0.0,0.0,0.0,0.0,0.0,1
2023-05-09 22:40:27,eg2404,eg2404,4381.0,0.0,0.0,0.0,2,4343.0,4572.0,1,4381.0,0.0,0.0,0.0,0.0,0.0,1
2023-05-09 22:40:29,eg2404,eg2404,4381.0,0.0,0.0,0.0,2,4343.0,4571.0,2,4381.0,0.0,0.0,0.0,0.0,0.0,1
2023-05-09 22:40:30,eg2404,eg2404,4381.0,0.0,0.0,0.0,2,4343.0,4569.0,1,4381.0,0.0,0.0,0.0,0.0,0.0,1
2023-05-09 22:40:31,eg2404,eg2404,4381.0,0.0,0.0,0.0,2,4343.0,4568.0,2,4381.0,0.0,0.0,0.0,0.0,0.0,1
2023-05-09 22:40:32,eg2404,eg2404,4381.0,0.0,0.0,0.0,2,4343.0,4566.0,1,4381.0,0.0,0.0,0.0,0.0,0.0,1
2023-05-09 22:40:34,eg2404,eg2404,4381.0,0.0,0.0,0.0,2,4343.0,4565.0,2,4381.0,0.0,0.0,0.0,0.0,0.0,1
2023-05-09 22:40:35,eg2404,eg2404,4381.0,0.0,0.0,0.0,2,4343.0,4563.0,1,4381.0,0.0,0.0,0.0,0.0,0.0,1
2023-05-09 22:40:38,eg2404,eg2404,4381.0,0.0,0.0,0.0,2,4343.0,4562.0,2,4381.0,0.0,0.0,0.0,0.0,0.0,1
2023-05-09 22:40:39,eg2404,eg2404,4381.0,0.0,0.0,0.0,2,4343.0,4560.0,1,4381.0,0.0,0.0,0.0,0.0,0.0,1
2023-05-09 22:40:39,eg2404,eg2404,4381.0,0.0,0.0,0.0,2,4343.0,4560.0,2,4381.0,0.0,0.0,0.0,0.0,0.0,1
2023-05-09 22:40:39,eg2404,eg2404,4381.0,0.0,0.0,0.0,2,4343.0,4559.0,2,4381.0,0.0,0.0,0.0,0.0,0.0,1
2023-05-09 22:40:40,eg2404,eg2404,4381.0,0.0,0.0,0.0,2,4343.0,4557.0,1,4381.0,0.0,0.0,0.0,0.0,0.0,1
2023-05-09 22:40:41,eg2404,eg2404,4381.0,0.0,0.0,0.0,2,4343.0,4556.0,2,4381.0,0.0,0.0,0.0,0.0,0.0,1
2023-05-09 22:40:41,eg2404,eg2404,4381.0,0.0,0.0,0.0,2,4343.0,4554.0,1,4381.0,0.0,0.0,0.0,0.0,0.0,1
2023-05-09 22:40:42,eg2404,eg2404,4381.0,0.0,0.0,0.0,2,4343.0,4553.0,6,4381.0,0.0,0.0,0.0,0.0,0.0,1
2023-05-09 22:40:42,eg2404,eg2404,4381.0,0.0,0.0,0.0,2,4343.0,4551.0,1,4381.0,0.0,0.0,0.0,0.0,0.0,1
2023-05-09 22:40:44,eg2404,eg2404,4381.0,0.0,0.0,0.0,2,4343.0,4550.0,2,4381.0,0.0,0.0,0.0,0.0,0.0,1
2023-05-09 22:40:45,eg2404,eg2404,4381.0,0.0,0.0,0.0,2,4343.0,4548.0,1,4381.0,0.0,0.0,0.0,0.0,0.0,1
2023-05-09 22:40:46,eg2404,eg2404,4381.0,0.0,0.0,0.0,2,4343.0,4547.0,2,4381.0,0.0,0.0,0.0,0.0,0.0,1
2023-05-09 22:40:47,eg2404,eg2404,4381.0,0.0,0.0,0.0,2,4343.0,4545.0,1,4381.0,0.0,0.0,0.0,0.0,0.0,1
2023-05-09 22:40:48,eg2404,eg2404,4381.0,0.0,0.0,0.0,2,4343.0,4544.0,6,4381.0,0.0,0.0,0.0,0.0,0.0,1
2023-05-09 22:40:48,eg2404,eg2404,4381.0,0.0,0.0,0.0,2,4343.0,4542.0,1,4381.0,0.0,0.0,0.0,0.0,0.0,1
2023-05-09 22:40:50,eg2404,eg2404,4381.0,0.0,0.0,0.0,2,4343.0,4541.0,2,4381.0,0.0,0.0,0.0,0.0,0.0,1
2023-05-09 22:40:50,eg2404,eg2404,4381.0,0.0,0.0,0.0,2,4343.0,4539.0,1,4381.0,0.0,0.0,0.0,0.0,0.0,1
2023-05-09 22:40:52,eg2404,eg2404,4381.0,0.0,0.0,0.0,2,4343.0,4538.0,2,4381.0,0.0,0.0,0.0,0.0,0.0,1
2023-05-09 22:40:52,eg2404,eg2404,4381.0,0.0,0.0,0.0,2,4343.0,4536.0,1,4381.0,0.0,0.0,0.0,0.0,0.0,1
2023-05-09 22:40:53,eg2404,eg2404,4381.0,0.0,0.0,0.0,2,4343.0,4535.0,2,4381.0,0.0,0.0,0.0,0.0,0.0,1
2023-05-09 22:40:54,eg2404,eg2404,4381.0,0.0,0.0,0.0,2,4343.0,4533.0,1,4381.0,0.0,0.0,0.0,0.0,0.0,1
2023-05-09 22:40:55,eg2404,eg2404,4381.0,0.0,0.0,0.0,2,4343.0,4532.0,5,4381.0,0.0,0.0,0.0,0.0,0.0,1
2023-05-09 22:40:55,eg2404,eg2404,4381.0,0.0,0.0,0.0,2,4343.0,4530.0,1,4381.0,0.0,0.0,0.0,0.0,0.0,1
2023-05-09 22:40:55,eg2404,eg2404,4381.0,0.0,0.0,0.0,2,4343.0,4529.0,2,4381.0,0.0,0.0,0.0,0.0,0.0,1
2023-05-09 22:40:56,eg2404,eg2404,4381.0,0.0,0.0,0.0,2,4343.0,4527.0,1,4381.0,0.0,0.0,0.0,0.0,0.0,1
2023-05-09 22:40:57,eg2404,eg2404,4381.0,0.0,0.0,0.0,2,4343.0,4526.0,2,4381.0,0.0,0.0,0.0,0.0,0.0,1
2023-05-09 22:40:58,eg2404,eg2404,4381.0,0.0,0.0,0.0,2,4343.0,4524.0,1,4381.0,0.0,0.0,0.0,0.0,0.0,1
2023-05-09 22:40:59,eg2404,eg2404,4381.0,0.0,0.0,0.0,2,4343.0,4523.0,2,4381.0,0.0,0.0,0.0,0.0,0.0,1
2023-05-09 22:40:59,eg2404,eg2404,4381.0,0.0,0.0,0.0,2,4343.0,4521.0,1,4381.0,0.0,0.0,0.0,0.0,0.0,1
2023-05-09 22:41:00,eg2404,eg2404,4381.0,0.0,0.0,0.0,2,4343.0,4520.0,2,4381.0,0.0,0.0,0.0,0.0,0.0,1
2023-05-09 22:41:01,eg2404,eg2404,4381.0,0.0,0.0,0.0,2,4343.0,4518.0,1,4381.0,0.0,0.0,0.0,0.0,0.0,1
2023-05-09 22:41:02,eg2404,eg2404,4381.0,0.0,0.0,0.0,2,4343.0,4517.0,2,4381.0,0.0,0.0,0.0,0.0,0.0,1
2023-05-09 22:41:02,eg2404,eg2404,4381.0,0.0,0.0,0.0,2,4343.0,4515.0,1,4381.0,0.0,0.0,0.0,0.0,0.0,1
2023-05-09 22:41:05,eg2404,eg2404,4381.0,0.0,0.0,0.0,2,4343.0,4514.0,2,4381.0,0.0,0.0,0.0,0.0,0.0,1
2023-05-09 22:41:05,eg2404,eg2404,4381.0,0.0,0.0,0.0,2,4343.0,4512.0,1,4381.0,0.0,0.0,0.0,0.0,0.0,1
2023-05-09 22:41:07,eg2404,eg2404,4381.0,0.0,0.0,0.0,2,4343.0,4511.0,8,4381.0,0.0,0.0,0.0,0.0,0.0,1
2023-05-09 22:41:07,eg2404,eg2404,4381.0,0.0,0.0,0.0,2,4343.0,4509.0,1,4381.0,0.0,0.0,0.0,0.0,0.0,1
2023-05-09 22:41:08,eg2404,eg2404,4381.0,0.0,0.0,0.0,2,4343.0,4508.0,2,4381.0,0.0,0.0,0.0,0.0,0.0,1
2023-05-09 22:41:08,eg2404,eg2404,4381.0,0.0,0.0,0.0,2,4343.0,4506.0,1,4381.0,0.0,0.0,0.0,0.0,0.0,1
2023-05-09 22:41:14,eg2404,eg2404,4381.0,0.0,0.0,0.0,2,4343.0,4505.0,6,4381.0,0.0,0.0,0.0,0.0,0.0,1
2023-05-09 22:41:14,eg2404,eg2404,4381.0,0.0,0.0,0.0,2,4343.0,4503.0,1,4381.0,0.0,0.0,0.0,0.0,0.0,1
2023-05-09 22:41:20,eg2404,eg2404,4381.0,0.0,0.0,0.0,2,4343.0,4502.0,1,4381.0,0.0,0.0,0.0,0.0,0.0,1
2023-05-09 22:41:20,eg2404,eg2404,4381.0,0.0,0.0,0.0,2,4343.0,4500.0,1,4381.0,0.0,0.0,0.0,0.0,0.0,1
2023-05-09 22:41:23,eg2404,eg2404,4381.0,0.0,0.0,0.0,2,4343.0,4499.0,6,4381.0,0.0,0.0,0.0,0.0,0.0,1
2023-05-09 22:41:23,eg2404,eg2404,4381.0,0.0,0.0,0.0,2,4343.0,4497.0,1,4381.0,0.0,0.0,0.0,0.0,0.0,1
2023-05-09 22:41:24,eg2404,eg2404,4381.0,0.0,0.0,0.0,2,4343.0,4497.0,2,4381.0,0.0,0.0,0.0,0.0,0.0,1
2023-05-09 22:41:31,eg2404,eg2404,4381.0,0.0,0.0,0.0,2,4343.0,4496.0,6,4381.0,0.0,0.0,0.0,0.0,0.0,1
2023-05-09 22:41:31,eg2404,eg2404,4381.0,0.0,0.0,0.0,2,4343.0,4494.0,1,4381.0,0.0,0.0,0.0,0.0,0.0,1
2023-05-09 22:41:35,eg2404,eg2404,4381.0,0.0,0.0,0.0,2,4343.0,4493.0,2,4381.0,0.0,0.0,0.0,0.0,0.0,1
2023-05-09 22:41:35,eg2404,eg2404,4381.0,0.0,0.0,0.0,2,4343.0,4491.0,1,4381.0,0.0,0.0,0.0,0.0,0.0,1
2023-05-09 22:41:37,eg2404,eg2404,4381.0,0.0,0.0,0.0,2,4343.0,4490.0,6,4381.0,0.0,0.0,0.0,0.0,0.0,1
2023-05-09 22:41:38,eg2404,eg2404,4381.0,0.0,0.0,0.0,2,4343.0,4488.0,1,4381.0,0.0,0.0,0.0,0.0,0.0,1
2023-05-09 22:41:41,eg2404,eg2404,4381.0,0.0,0.0,0.0,2,4343.0,4487.0,6,4381.0,0.0,0.0,0.0,0.0,0.0,1
2023-05-09 22:41:41,eg2404,eg2404,4381.0,0.0,0.0,0.0,2,4343.0,4485.0,1,4381.0,0.0,0.0,0.0,0.0,0.0,1
2023-05-09 22:41:48,eg2404,eg2404,4381.0,0.0,0.0,0.0,2,4343.0,4484.0,2,4381.0,0.0,0.0,0.0,0.0,0.0,1
2023-05-09 22:41:49,eg2404,eg2404,4381.0,0.0,0.0,0.0,2,4343.0,4482.0,1,4381.0,0.0,0.0,0.0,0.0,0.0,1
2023-05-09 22:41:55,eg2404,eg2404,4381.0,0.0,0.0,0.0,2,4343.0,4481.0,2,4381.0,0.0,0.0,0.0,0.0,0.0,1
2023-05-09 22:41:55,eg2404,eg2404,4381.0,0.0,0.0,0.0,6,4343.0,4479.0,1,4381.0,0.0,0.0,0.0,0.0,0.0,1
2023-05-09 22:42:02,eg2404,eg2404,4381.0,0.0,0.0,0.0,2,4343.0,4479.0,1,4381.0,0.0,0.0,0.0,0.0,0.0,1
2023-05-09 22:42:03,eg2404,eg2404,4381.0,0.0,0.0,0.0,2,4343.0,4478.0,2,4381.0,0.0,0.0,0.0,0.0,0.0,1
2023-05-09 22:42:03,eg2404,eg2404,4381.0,0.0,0.0,0.0,2,4343.0,4476.0,1,4381.0,0.0,0.0,0.0,0.0,0.0,1
2023-05-09 22:42:07,eg2404,eg2404,4381.0,0.0,0.0,0.0,6,4343.0,4476.0,1,4381.0,0.0,0.0,0.0,0.0,0.0,1
2023-05-09 22:42:07,eg2404,eg2404,4381.0,0.0,0.0,0.0,6,4343.0,4475.0,2,4381.0,0.0,0.0,0.0,0.0,0.0,1
2023-05-09 22:42:08,eg2404,eg2404,4381.0,0.0,0.0,0.0,6,4343.0,4473.0,1,4381.0,0.0,0.0,0.0,0.0,0.0,1
2023-05-09 22:42:14,eg2404,eg2404,4381.0,0.0,0.0,0.0,6,4343.0,4472.0,2,4381.0,0.0,0.0,0.0,0.0,0.0,1
2023-05-09 22:42:14,eg2404,eg2404,4381.0,0.0,0.0,0.0,6,4343.0,4470.0,1,4381.0,0.0,0.0,0.0,0.0,0.0,1
2023-05-09 22:42:16,eg2404,eg2404,4381.0,0.0,0.0,0.0,2,4343.0,4470.0,1,4381.0,0.0,0.0,0.0,0.0,0.0,1
2023-05-09 22:42:17,eg2404,eg2404,4381.0,0.0,0.0,0.0,2,4343.0,4469.0,2,4381.0,0.0,0.0,0.0,0.0,0.0,1
2023-05-09 22:42:17,eg2404,eg2404,4381.0,0.0,0.0,0.0,2,4343.0,4467.0,1,4381.0,0.0,0.0,0.0,0.0,0.0,1
2023-05-09 22:42:21,eg2404,eg2404,4381.0,0.0,0.0,0.0,2,4343.0,4466.0,2,4381.0,0.0,0.0,0.0,0.0,0.0,1
2023-05-09 22:42:22,eg2404,eg2404,4381.0,0.0,0.0,0.0,2,4343.0,4464.0,1,4381.0,0.0,0.0,0.0,0.0,0.0,1
2023-05-09 22:42:28,eg2404,eg2404,4381.0,0.0,0.0,0.0,2,4343.0,4463.0,2,4381.0,0.0,0.0,0.0,0.0,0.0,1
2023-05-09 22:42:28,eg2404,eg2404,4381.0,0.0,0.0,0.0,2,4343.0,4461.0,1,4381.0,0.0,0.0,0.0,0.0,0.0,1
2023-05-09 22:42:41,eg2404,eg2404,4381.0,0.0,0.0,0.0,2,4343.0,4460.0,2,4381.0,0.0,0.0,0.0,0.0,0.0,1
2023-05-09 22:42:41,eg2404,eg2404,4381.0,0.0,0.0,0.0,2,4343.0,4458.0,1,4381.0,0.0,0.0,0.0,0.0,0.0,1
2023-05-09 22:42:53,eg2404,eg2404,4381.0,0.0,0.0,0.0,2,4343.0,4457.0,2,4381.0,0.0,0.0,0.0,0.0,0.0,1
2023-05-09 22:42:53,eg2404,eg2404,4381.0,0.0,0.0,0.0,2,4343.0,4455.0,1,4381.0,0.0,0.0,0.0,0.0,0.0,1
2023-05-09 22:42:59,eg2404,eg2404,4381.0,0.0,0.0,0.0,2,4343.0,4454.0,2,4381.0,0.0,0.0,0.0,0.0,0.0,1
2023-05-09 22:42:59,eg2404,eg2404,4381.0,0.0,0.0,0.0,2,4343.0,4452.0,1,4381.0,0.0,0.0,0.0,0.0,0.0,1
2023-05-09 22:43:06,eg2404,eg2404,4381.0,0.0,0.0,0.0,2,4343.0,4451.0,2,4381.0,0.0,0.0,0.0,0.0,0.0,1
2023-05-09 22:43:07,eg2404,eg2404,4381.0,0.0,0.0,0.0,2,4343.0,4449.0,1,4381.0,0.0,0.0,0.0,0.0,0.0,1
2023-05-09 22:43:15,eg2404,eg2404,4381.0,0.0,0.0,0.0,6,4343.0,4449.0,1,4381.0,0.0,0.0,0.0,0.0,0.0,1
2023-05-09 22:43:40,eg2404,eg2404,4381.0,0.0,0.0,0.0,6,4343.0,4448.0,2,4381.0,0.0,0.0,0.0,0.0,0.0,1
2023-05-09 22:43:41,eg2404,eg2404,4381.0,0.0,0.0,0.0,6,4343.0,4446.0,1,4381.0,0.0,0.0,0.0,0.0,0.0,1
2023-05-09 22:44:03,eg2404,eg2404,4381.0,0.0,0.0,0.0,4,4343.0,4446.0,1,4381.0,0.0,0.0,0.0,0.0,0.0,1
2023-05-09 22:44:04,eg2404,eg2404,4381.0,0.0,0.0,0.0,2,4344.0,4446.0,1,4381.0,0.0,0.0,0.0,0.0,0.0,1
2023-05-09 22:44:04,eg2404,eg2404,4381.0,0.0,0.0,0.0,1,4345.0,4446.0,1,4381.0,0.0,0.0,0.0,0.0,0.0,1
2023-05-09 22:44:04,eg2404,eg2404,4381.0,0.0,0.0,0.0,3,4345.0,4446.0,1,4381.0,0.0,0.0,0.0,0.0,0.0,1
2023-05-09 22:44:08,eg2404,eg2404,4381.0,0.0,0.0,0.0,6,4345.0,4446.0,1,4381.0,0.0,0.0,0.0,0.0,0.0,1
2023-05-09 22:44:12,eg2404,eg2404,4381.0,0.0,0.0,0.0,3,4345.0,4446.0,1,4381.0,0.0,0.0,0.0,0.0,0.0,1
2023-05-09 22:44:13,eg2404,eg2404,4381.0,0.0,0.0,0.0,3,4346.0,4446.0,1,4381.0,0.0,0.0,0.0,0.0,0.0,1
2023-05-09 22:44:19,eg2404,eg2404,4381.0,0.0,0.0,0.0,2,4347.0,4446.0,1,4381.0,0.0,0.0,0.0,0.0,0.0,1
2023-05-09 22:44:21,eg2404,eg2404,4381.0,0.0,0.0,0.0,5,4347.0,4446.0,1,4381.0,0.0,0.0,0.0,0.0,0.0,1
2023-05-09 22:44:23,eg2404,eg2404,4381.0,0.0,0.0,0.0,5,4347.0,4445.0,2,4381.0,0.0,0.0,0.0,0.0,0.0,1
2023-05-09 22:44:23,eg2404,eg2404,4381.0,0.0,0.0,0.0,5,4347.0,4443.0,1,4381.0,0.0,0.0,0.0,0.0,0.0,1
2023-05-09 22:44:27,eg2404,eg2404,4381.0,0.0,0.0,0.0,6,4347.0,4443.0,1,4381.0,0.0,0.0,0.0,0.0,0.0,1
2023-05-09 22:44:31,eg2404,eg2404,4381.0,0.0,0.0,0.0,2,4347.0,4443.0,1,4381.0,0.0,0.0,0.0,0.0,0.0,1
2023-05-09 22:44:32,eg2404,eg2404,4381.0,0.0,0.0,0.0,4,4348.0,4443.0,1,4381.0,0.0,0.0,0.0,0.0,0.0,1
2023-05-09 22:44:35,eg2404,eg2404,4381.0,0.0,0.0,0.0,2,4349.0,4443.0,1,4381.0,0.0,0.0,0.0,0.0,0.0,1
2023-05-09 22:44:36,eg2404,eg2404,4381.0,0.0,0.0,0.0,4,4350.0,4443.0,1,4381.0,0.0,0.0,0.0,0.0,0.0,1
