time,symbol_id,symbol_name,last,trade_volume,trade_amount,open_interest_change,bv1,bp1,ap1,av1,yesterday_close,today_open,today_high,today_low,volume,amount,open_interest
2023-05-10 20:56:31,v2401-C-6100,v2401-C-6100,156.0,0.0,0.0,0.0,1,1.5,0.0,0,156.0,0.0,0.0,0.0,0.0,0.0,1
2023-05-10 21:00:00,v2401-C-6100,v2401-C-6100,156.0,0.0,0.0,0.0,10,4.5,0.0,0,156.0,0.0,0.0,0.0,0.0,0.0,1
2023-05-10 21:00:24,v2401-C-6100,v2401-C-6100,156.0,0.0,0.0,0.0,1,11.5,0.0,0,156.0,0.0,0.0,0.0,0.0,0.0,1
2023-05-10 21:00:24,v2401-C-6100,v2401-C-6100,156.0,0.0,0.0,0.0,10,14.5,0.0,0,156.0,0.0,0.0,0.0,0.0,0.0,1
2023-05-10 21:00:44,v2401-C-6100,v2401-C-6100,156.0,0.0,0.0,0.0,10,17.5,0.0,0,156.0,0.0,0.0,0.0,0.0,0.0,1
2023-05-10 21:01:13,v2401-C-6100,v2401-C-6100,156.0,0.0,0.0,0.0,1,21.0,0.0,0,156.0,0.0,0.0,0.0,0.0,0.0,1
2023-05-10 21:01:13,v2401-C-6100,v2401-C-6100,156.0,0.0,0.0,0.0,10,24.0,0.0,0,156.0,0.0,0.0,0.0,0.0,0.0,1
2023-05-10 21:01:16,v2401-C-6100,v2401-C-6100,156.0,0.0,0.0,0.0,1,24.5,0.0,0,156.0,0.0,0.0,0.0,0.0,0.0,1
2023-05-10 21:01:16,v2401-C-6100,v2401-C-6100,156.0,0.0,0.0,0.0,10,27.5,0.0,0,156.0,0.0,0.0,0.0,0.0,0.0,1
2023-05-10 21:01:17,v2401-C-6100,v2401-C-6100,156.0,0.0,0.0,0.0,10,31.0,0.0,0,156.0,0.0,0.0,0.0,0.0,0.0,1
2023-05-10 21:01:18,v2401-C-6100,v2401-C-6100,156.0,0.0,0.0,0.0,10,34.5,0.0,0,156.0,0.0,0.0,0.0,0.0,0.0,1
2023-05-10 21:01:19,v2401-C-6100,v2401-C-6100,156.0,0.0,0.0,0.0,10,38.0,0.0,0,156.0,0.0,0.0,0.0,0.0,0.0,1
2023-05-10 21:01:20,v2401-C-6100,v2401-C-6100,156.0,0.0,0.0,0.0,10,41.5,0.0,0,156.0,0.0,0.0,0.0,0.0,0.0,1
2023-05-10 21:01:21,v2401-C-6100,v2401-C-6100,156.0,0.0,0.0,0.0,1,42.0,0.0,0,156.0,0.0,0.0,0.0,0.0,0.0,1
2023-05-10 21:01:21,v2401-C-6100,v2401-C-6100,156.0,0.0,0.0,0.0,10,45.0,0.0,0,156.0,0.0,0.0,0.0,0.0,0.0,1
2023-05-10 21:01:22,v2401-C-6100,v2401-C-6100,156.0,0.0,0.0,0.0,10,48.5,0.0,0,156.0,0.0,0.0,0.0,0.0,0.0,1
2023-05-10 21:01:23,v2401-C-6100,v2401-C-6100,156.0,0.0,0.0,0.0,1,49.0,0.0,0,156.0,0.0,0.0,0.0,0.0,0.0,1
2023-05-10 21:01:23,v2401-C-6100,v2401-C-6100,156.0,0.0,0.0,0.0,10,52.0,0.0,0,156.0,0.0,0.0,0.0,0.0,0.0,1
2023-05-10 21:01:24,v2401-C-6100,v2401-C-6100,156.0,0.0,0.0,0.0,1,52.5,0.0,0,156.0,0.0,0.0,0.0,0.0,0.0,1
2023-05-10 21:01:24,v2401-C-6100,v2401-C-6100,156.0,0.0,0.0,0.0,10,55.5,0.0,0,156.0,0.0,0.0,0.0,0.0,0.0,1
2023-05-10 21:01:25,v2401-C-6100,v2401-C-6100,156.0,0.0,0.0,0.0,10,59.0,0.0,0,156.0,0.0,0.0,0.0,0.0,0.0,1
2023-05-10 21:01:26,v2401-C-6100,v2401-C-6100,156.0,0.0,0.0,0.0,1,59.5,0.0,0,156.0,0.0,0.0,0.0,0.0,0.0,1
2023-05-10 21:01:26,v2401-C-6100,v2401-C-6100,156.0,0.0,0.0,0.0,10,62.5,0.0,0,156.0,0.0,0.0,0.0,0.0,0.0,1
2023-05-10 21:02:34,v2401-C-6100,v2401-C-6100,156.0,0.0,0.0,0.0,10,66.0,0.0,0,156.0,0.0,0.0,0.0,0.0,0.0,1
2023-05-10 22:57:19,v2401-C-6100,v2401-C-6100,156.0,0.0,0.0,0.0,1,63.0,0.0,0,156.0,0.0,0.0,0.0,0.0,0.0,1
2023-05-10 22:57:46,v2401-C-6100,v2401-C-6100,156.0,0.0,0.0,0.0,1,12.0,0.0,0,156.0,0.0,0.0,0.0,0.0,0.0,1
2023-05-10 22:58:42,v2401-C-6100,v2401-C-6100,156.0,0.0,0.0,0.0,1,11.5,0.0,0,156.0,0.0,0.0,0.0,0.0,0.0,1
2023-05-10 22:59:35,v2401-C-6100,v2401-C-6100,156.0,0.0,0.0,0.0,1,3.5,0.0,0,156.0,0.0,0.0,0.0,0.0,0.0,1
2023-05-11 09:00:21,v2401-C-6100,v2401-C-6100,156.0,0.0,0.0,0.0,1,5.5,0.0,0,156.0,0.0,0.0,0.0,0.0,0.0,1
2023-05-11 09:00:21,v2401-C-6100,v2401-C-6100,156.0,0.0,0.0,0.0,10,8.5,0.0,0,156.0,0.0,0.0,0.0,0.0,0.0,1
2023-05-11 09:01:19,v2401-C-6100,v2401-C-6100,156.0,0.0,0.0,0.0,1,9.0,0.0,0,156.0,0.0,0.0,0.0,0.0,0.0,1
2023-05-11 09:01:19,v2401-C-6100,v2401-C-6100,156.0,0.0,0.0,0.0,10,12.0,0.0,0,156.0,0.0,0.0,0.0,0.0,0.0,1
2023-05-11 09:01:20,v2401-C-6100,v2401-C-6100,156.0,0.0,0.0,0.0,1,18.5,0.0,0,156.0,0.0,0.0,0.0,0.0,0.0,1
2023-05-11 09:01:20,v2401-C-6100,v2401-C-6100,156.0,0.0,0.0,0.0,10,21.5,0.0,0,156.0,0.0,0.0,0.0,0.0,0.0,1
2023-05-11 09:01:36,v2401-C-6100,v2401-C-6100,156.0,0.0,0.0,0.0,10,25.0,0.0,0,156.0,0.0,0.0,0.0,0.0,0.0,1
2023-05-11 09:01:40,v2401-C-6100,v2401-C-6100,156.0,0.0,0.0,0.0,10,28.5,0.0,0,156.0,0.0,0.0,0.0,0.0,0.0,1
2023-05-11 09:01:41,v2401-C-6100,v2401-C-6100,156.0,0.0,0.0,0.0,1,29.0,0.0,0,156.0,0.0,0.0,0.0,0.0,0.0,1
2023-05-11 09:01:42,v2401-C-6100,v2401-C-6100,156.0,0.0,0.0,0.0,10,32.0,0.0,0,156.0,0.0,0.0,0.0,0.0,0.0,1
2023-05-11 09:01:45,v2401-C-6100,v2401-C-6100,156.0,0.0,0.0,0.0,10,35.5,0.0,0,156.0,0.0,0.0,0.0,0.0,0.0,1
2023-05-11 09:01:46,v2401-C-6100,v2401-C-6100,156.0,0.0,0.0,0.0,10,39.0,0.0,0,156.0,0.0,0.0,0.0,0.0,0.0,1
2023-05-11 09:01:50,v2401-C-6100,v2401-C-6100,156.0,0.0,0.0,0.0,10,42.5,0.0,0,156.0,0.0,0.0,0.0,0.0,0.0,1
2023-05-11 09:01:51,v2401-C-6100,v2401-C-6100,156.0,0.0,0.0,0.0,10,46.0,0.0,0,156.0,0.0,0.0,0.0,0.0,0.0,1
2023-05-11 09:02:01,v2401-C-6100,v2401-C-6100,156.0,0.0,0.0,0.0,1,46.5,0.0,0,156.0,0.0,0.0,0.0,0.0,0.0,1
2023-05-11 09:02:02,v2401-C-6100,v2401-C-6100,156.0,0.0,0.0,0.0,10,49.5,0.0,0,156.0,0.0,0.0,0.0,0.0,0.0,1
2023-05-11 09:02:05,v2401-C-6100,v2401-C-6100,156.0,0.0,0.0,0.0,1,50.0,0.0,0,156.0,0.0,0.0,0.0,0.0,0.0,1
2023-05-11 09:02:05,v2401-C-6100,v2401-C-6100,156.0,0.0,0.0,0.0,10,53.0,0.0,0,156.0,0.0,0.0,0.0,0.0,0.0,1
2023-05-11 09:02:11,v2401-C-6100,v2401-C-6100,156.0,0.0,0.0,0.0,1,53.5,0.0,0,156.0,0.0,0.0,0.0,0.0,0.0,1
2023-05-11 09:02:12,v2401-C-6100,v2401-C-6100,156.0,0.0,0.0,0.0,10,56.5,0.0,0,156.0,0.0,0.0,0.0,0.0,0.0,1
2023-05-11 09:02:15,v2401-C-6100,v2401-C-6100,156.0,0.0,0.0,0.0,10,60.0,0.0,0,156.0,0.0,0.0,0.0,0.0,0.0,1
2023-05-11 10:14:29,v2401-C-6100,v2401-C-6100,156.0,0.0,0.0,0.0,1,11.0,0.0,0,156.0,0.0,0.0,0.0,0.0,0.0,1
2023-05-11 10:30:00,v2401-C-6100,v2401-C-6100,156.0,0.0,0.0,0.0,10,14.0,0.0,0,156.0,0.0,0.0,0.0,0.0,0.0,1
2023-05-11 10:30:13,v2401-C-6100,v2401-C-6100,156.0,0.0,0.0,0.0,1,20.5,0.0,0,156.0,0.0,0.0,0.0,0.0,0.0,1
2023-05-11 10:30:14,v2401-C-6100,v2401-C-6100,156.0,0.0,0.0,0.0,10,23.5,0.0,0,156.0,0.0,0.0,0.0,0.0,0.0,1
2023-05-11 10:30:15,v2401-C-6100,v2401-C-6100,156.0,0.0,0.0,0.0,1,24.0,0.0,0,156.0,0.0,0.0,0.0,0.0,0.0,1
2023-05-11 10:30:15,v2401-C-6100,v2401-C-6100,156.0,0.0,0.0,0.0,10,27.0,0.0,0,156.0,0.0,0.0,0.0,0.0,0.0,1
2023-05-11 10:30:16,v2401-C-6100,v2401-C-6100,156.0,0.0,0.0,0.0,1,27.5,0.0,0,156.0,0.0,0.0,0.0,0.0,0.0,1
2023-05-11 10:30:17,v2401-C-6100,v2401-C-6100,156.0,0.0,0.0,0.0,10,30.5,0.0,0,156.0,0.0,0.0,0.0,0.0,0.0,1
2023-05-11 10:30:18,v2401-C-6100,v2401-C-6100,156.0,0.0,0.0,0.0,10,34.0,0.0,0,156.0,0.0,0.0,0.0,0.0,0.0,1
2023-05-11 10:30:19,v2401-C-6100,v2401-C-6100,156.0,0.0,0.0,0.0,10,37.5,0.0,0,156.0,0.0,0.0,0.0,0.0,0.0,1
2023-05-11 10:30:20,v2401-C-6100,v2401-C-6100,156.0,0.0,0.0,0.0,10,41.0,0.0,0,156.0,0.0,0.0,0.0,0.0,0.0,1
2023-05-11 10:30:21,v2401-C-6100,v2401-C-6100,156.0,0.0,0.0,0.0,10,44.5,0.0,0,156.0,0.0,0.0,0.0,0.0,0.0,1
2023-05-11 10:30:22,v2401-C-6100,v2401-C-6100,156.0,0.0,0.0,0.0,10,48.0,0.0,0,156.0,0.0,0.0,0.0,0.0,0.0,1
2023-05-11 10:30:22,v2401-C-6100,v2401-C-6100,156.0,0.0,0.0,0.0,1,48.5,0.0,0,156.0,0.0,0.0,0.0,0.0,0.0,1
2023-05-11 10:30:23,v2401-C-6100,v2401-C-6100,156.0,0.0,0.0,0.0,10,51.5,0.0,0,156.0,0.0,0.0,0.0,0.0,0.0,1
2023-05-11 10:30:23,v2401-C-6100,v2401-C-6100,156.0,0.0,0.0,0.0,1,52.0,0.0,0,156.0,0.0,0.0,0.0,0.0,0.0,1
2023-05-11 10:30:24,v2401-C-6100,v2401-C-6100,156.0,0.0,0.0,0.0,10,55.0,0.0,0,156.0,0.0,0.0,0.0,0.0,0.0,1
2023-05-11 10:30:24,v2401-C-6100,v2401-C-6100,156.0,0.0,0.0,0.0,1,55.5,0.0,0,156.0,0.0,0.0,0.0,0.0,0.0,1
2023-05-11 10:30:25,v2401-C-6100,v2401-C-6100,156.0,0.0,0.0,0.0,10,58.5,0.0,0,156.0,0.0,0.0,0.0,0.0,0.0,1
2023-05-11 10:30:26,v2401-C-6100,v2401-C-6100,156.0,0.0,0.0,0.0,10,62.0,0.0,0,156.0,0.0,0.0,0.0,0.0,0.0,1
2023-05-11 10:40:01,v2401-C-6100,v2401-C-6100,156.0,0.0,0.0,0.0,10,65.5,0.0,0,156.0,0.0,0.0,0.0,0.0,0.0,1
2023-05-11 11:13:32,v2401-C-6100,v2401-C-6100,156.0,0.0,0.0,0.0,10,69.0,0.0,0,156.0,0.0,0.0,0.0,0.0,0.0,1
2023-05-11 11:28:59,v2401-C-6100,v2401-C-6100,156.0,0.0,0.0,0.0,1,66.0,0.0,0,156.0,0.0,0.0,0.0,0.0,0.0,1
2023-05-11 11:29:45,v2401-C-6100,v2401-C-6100,156.0,0.0,0.0,0.0,1,11.0,0.0,0,156.0,0.0,0.0,0.0,0.0,0.0,1
2023-05-11 13:30:00,v2401-C-6100,v2401-C-6100,156.0,0.0,0.0,0.0,10,14.0,0.0,0,156.0,0.0,0.0,0.0,0.0,0.0,1
2023-05-11 13:31:59,v2401-C-6100,v2401-C-6100,156.0,0.0,0.0,0.0,10,23.5,0.0,0,156.0,0.0,0.0,0.0,0.0,0.0,1
2023-05-11 13:32:01,v2401-C-6100,v2401-C-6100,156.0,0.0,0.0,0.0,10,27.0,0.0,0,156.0,0.0,0.0,0.0,0.0,0.0,1
2023-05-11 13:32:02,v2401-C-6100,v2401-C-6100,156.0,0.0,0.0,0.0,10,30.5,0.0,0,156.0,0.0,0.0,0.0,0.0,0.0,1
2023-05-11 13:32:03,v2401-C-6100,v2401-C-6100,156.0,0.0,0.0,0.0,1,31.0,0.0,0,156.0,0.0,0.0,0.0,0.0,0.0,1
2023-05-11 13:32:03,v2401-C-6100,v2401-C-6100,156.0,0.0,0.0,0.0,10,34.0,0.0,0,156.0,0.0,0.0,0.0,0.0,0.0,1
2023-05-11 13:32:04,v2401-C-6100,v2401-C-6100,156.0,0.0,0.0,0.0,1,34.5,0.0,0,156.0,0.0,0.0,0.0,0.0,0.0,1
2023-05-11 13:32:04,v2401-C-6100,v2401-C-6100,156.0,0.0,0.0,0.0,10,37.5,0.0,0,156.0,0.0,0.0,0.0,0.0,0.0,1
2023-05-11 13:32:05,v2401-C-6100,v2401-C-6100,156.0,0.0,0.0,0.0,1,38.0,0.0,0,156.0,0.0,0.0,0.0,0.0,0.0,1
2023-05-11 13:32:05,v2401-C-6100,v2401-C-6100,156.0,0.0,0.0,0.0,10,41.0,0.0,0,156.0,0.0,0.0,0.0,0.0,0.0,1
2023-05-11 13:32:06,v2401-C-6100,v2401-C-6100,156.0,0.0,0.0,0.0,1,41.5,0.0,0,156.0,0.0,0.0,0.0,0.0,0.0,1
2023-05-11 13:32:06,v2401-C-6100,v2401-C-6100,156.0,0.0,0.0,0.0,10,44.5,0.0,0,156.0,0.0,0.0,0.0,0.0,0.0,1
2023-05-11 13:32:07,v2401-C-6100,v2401-C-6100,156.0,0.0,0.0,0.0,10,48.0,0.0,0,156.0,0.0,0.0,0.0,0.0,0.0,1
2023-05-11 13:32:09,v2401-C-6100,v2401-C-6100,156.0,0.0,0.0,0.0,10,51.5,0.0,0,156.0,0.0,0.0,0.0,0.0,0.0,1
2023-05-11 13:32:10,v2401-C-6100,v2401-C-6100,156.0,0.0,0.0,0.0,10,55.0,0.0,0,156.0,0.0,0.0,0.0,0.0,0.0,1
2023-05-11 13:32:12,v2401-C-6100,v2401-C-6100,156.0,0.0,0.0,0.0,1,55.5,0.0,0,156.0,0.0,0.0,0.0,0.0,0.0,1
2023-05-11 13:32:13,v2401-C-6100,v2401-C-6100,156.0,0.0,0.0,0.0,10,58.5,0.0,0,156.0,0.0,0.0,0.0,0.0,0.0,1
2023-05-11 13:32:32,v2401-C-6100,v2401-C-6100,156.0,0.0,0.0,0.0,1,59.0,0.0,0,156.0,0.0,0.0,0.0,0.0,0.0,1
2023-05-11 13:32:32,v2401-C-6100,v2401-C-6100,156.0,0.0,0.0,0.0,10,62.0,0.0,0,156.0,0.0,0.0,0.0,0.0,0.0,1
2023-05-11 13:52:25,v2401-C-6100,v2401-C-6100,156.0,0.0,0.0,0.0,10,65.5,0.0,0,156.0,0.0,0.0,0.0,0.0,0.0,1
2023-05-11 14:28:49,v2401-C-6100,v2401-C-6100,156.0,0.0,0.0,0.0,1,188.0,224.5,1,156.0,0.0,0.0,0.0,0.0,0.0,1
2023-05-11 14:28:50,v2401-C-6100,v2401-C-6100,156.0,0.0,0.0,0.0,1,188.0,192.5,2,156.0,0.0,0.0,0.0,0.0,0.0,1
2023-05-11 14:28:54,v2401-C-6100,v2401-C-6100,156.0,0.0,0.0,0.0,2,188.0,192.5,2,156.0,0.0,0.0,0.0,0.0,0.0,1
2023-05-11 14:29:00,v2401-C-6100,v2401-C-6100,156.0,0.0,0.0,0.0,1,188.0,192.5,2,156.0,0.0,0.0,0.0,0.0,0.0,1
2023-05-11 14:29:01,v2401-C-6100,v2401-C-6100,156.0,0.0,0.0,0.0,1,182.0,198.5,1,156.0,0.0,0.0,0.0,0.0,0.0,1
2023-05-11 14:29:07,v2401-C-6100,v2401-C-6100,156.0,0.0,0.0,0.0,1,173.5,201.0,1,156.0,0.0,0.0,0.0,0.0,0.0,1
2023-05-11 14:29:09,v2401-C-6100,v2401-C-6100,156.0,0.0,0.0,0.0,1,173.5,208.0,1,156.0,0.0,0.0,0.0,0.0,0.0,1
2023-05-11 14:29:14,v2401-C-6100,v2401-C-6100,156.0,0.0,0.0,0.0,1,62.5,0.0,0,156.0,0.0,0.0,0.0,0.0,0.0,1
2023-05-11 14:29:14,v2401-C-6100,v2401-C-6100,156.0,0.0,0.0,0.0,10,65.5,0.0,0,156.0,0.0,0.0,0.0,0.0,0.0,1
2023-05-11 14:56:09,v2401-C-6100,v2401-C-6100,156.0,0.0,0.0,0.0,1,62.5,0.0,0,156.0,0.0,0.0,0.0,0.0,0.0,1
2023-05-11 15:01:10,v2401-C-6100,v2401-C-6100,156.0,0.0,0.0,0.0,1,62.5,0.0,0,156.0,0.0,0.0,0.0,0.0,0.0,1
