time,symbol_id,symbol_name,last,trade_volume,trade_amount,open_interest_change,bv1,bp1,ap1,av1,yesterday_close,today_open,today_high,today_low,volume,amount,open_interest
2023-05-10 20:56:31,v2401-C-5800,v2401-C-5800,282.0,0.0,0.0,0.0,1,1.5,0.0,0,282.0,0.0,0.0,0.0,0.0,0.0,0
2023-05-10 21:00:24,v2401-C-5800,v2401-C-5800,282.0,0.0,0.0,0.0,1,77.5,0.0,0,282.0,0.0,0.0,0.0,0.0,0.0,0
2023-05-10 21:00:44,v2401-C-5800,v2401-C-5800,282.0,0.0,0.0,0.0,1,78.0,0.0,0,282.0,0.0,0.0,0.0,0.0,0.0,0
2023-05-10 21:01:13,v2401-C-5800,v2401-C-5800,282.0,0.0,0.0,0.0,1,84.5,0.0,0,282.0,0.0,0.0,0.0,0.0,0.0,0
2023-05-10 21:02:34,v2401-C-5800,v2401-C-5800,282.0,0.0,0.0,0.0,1,85.0,0.0,0,282.0,0.0,0.0,0.0,0.0,0.0,0
2023-05-10 21:02:35,v2401-C-5800,v2401-C-5800,282.0,0.0,0.0,0.0,1,91.5,0.0,0,282.0,0.0,0.0,0.0,0.0,0.0,0
2023-05-10 21:32:34,v2401-C-5800,v2401-C-5800,282.0,0.0,0.0,0.0,1,92.0,0.0,0,282.0,0.0,0.0,0.0,0.0,0.0,0
2023-05-10 21:32:36,v2401-C-5800,v2401-C-5800,282.0,0.0,0.0,0.0,1,98.5,0.0,0,282.0,0.0,0.0,0.0,0.0,0.0,0
2023-05-10 22:05:31,v2401-C-5800,v2401-C-5800,282.0,0.0,0.0,0.0,1,99.0,0.0,0,282.0,0.0,0.0,0.0,0.0,0.0,0
2023-05-10 22:05:31,v2401-C-5800,v2401-C-5800,282.0,0.0,0.0,0.0,1,105.5,0.0,0,282.0,0.0,0.0,0.0,0.0,0.0,0
2023-05-10 22:57:25,v2401-C-5800,v2401-C-5800,282.0,0.0,0.0,0.0,1,99.0,0.0,0,282.0,0.0,0.0,0.0,0.0,0.0,0
2023-05-11 09:01:19,v2401-C-5800,v2401-C-5800,282.0,0.0,0.0,0.0,1,105.5,0.0,0,282.0,0.0,0.0,0.0,0.0,0.0,0
2023-05-11 09:01:21,v2401-C-5800,v2401-C-5800,282.0,0.0,0.0,0.0,1,106.0,0.0,0,282.0,0.0,0.0,0.0,0.0,0.0,0
2023-05-11 09:01:35,v2401-C-5800,v2401-C-5800,282.0,0.0,0.0,0.0,1,112.5,0.0,0,282.0,0.0,0.0,0.0,0.0,0.0,0
2023-05-11 10:00:35,v2401-C-5800,v2401-C-5800,282.0,0.0,0.0,0.0,1,113.0,0.0,0,282.0,0.0,0.0,0.0,0.0,0.0,0
2023-05-11 10:00:36,v2401-C-5800,v2401-C-5800,282.0,0.0,0.0,0.0,1,119.5,0.0,0,282.0,0.0,0.0,0.0,0.0,0.0,0
2023-05-11 10:12:25,v2401-C-5800,v2401-C-5800,282.0,0.0,0.0,0.0,1,113.0,0.0,0,282.0,0.0,0.0,0.0,0.0,0.0,0
2023-05-11 10:30:13,v2401-C-5800,v2401-C-5800,282.0,0.0,0.0,0.0,1,119.5,0.0,0,282.0,0.0,0.0,0.0,0.0,0.0,0
2023-05-11 10:40:01,v2401-C-5800,v2401-C-5800,282.0,0.0,0.0,0.0,1,120.0,0.0,0,282.0,0.0,0.0,0.0,0.0,0.0,0
2023-05-11 10:40:02,v2401-C-5800,v2401-C-5800,282.0,0.0,0.0,0.0,1,126.5,0.0,0,282.0,0.0,0.0,0.0,0.0,0.0,0
2023-05-11 11:13:32,v2401-C-5800,v2401-C-5800,282.0,0.0,0.0,0.0,1,127.0,0.0,0,282.0,0.0,0.0,0.0,0.0,0.0,0
2023-05-11 11:13:33,v2401-C-5800,v2401-C-5800,282.0,0.0,0.0,0.0,1,133.5,0.0,0,282.0,0.0,0.0,0.0,0.0,0.0,0
2023-05-11 11:27:21,v2401-C-5800,v2401-C-5800,282.0,0.0,0.0,0.0,1,127.0,0.0,0,282.0,0.0,0.0,0.0,0.0,0.0,0
2023-05-11 11:29:45,v2401-C-5800,v2401-C-5800,282.0,0.0,0.0,0.0,1,67.0,0.0,0,282.0,0.0,0.0,0.0,0.0,0.0,0
2023-05-11 13:31:57,v2401-C-5800,v2401-C-5800,282.0,0.0,0.0,0.0,1,73.5,0.0,0,282.0,0.0,0.0,0.0,0.0,0.0,0
2023-05-11 13:52:25,v2401-C-5800,v2401-C-5800,282.0,0.0,0.0,0.0,1,74.0,0.0,0,282.0,0.0,0.0,0.0,0.0,0.0,0
2023-05-11 13:52:26,v2401-C-5800,v2401-C-5800,282.0,0.0,0.0,0.0,1,80.5,0.0,0,282.0,0.0,0.0,0.0,0.0,0.0,0
2023-05-11 14:28:49,v2401-C-5800,v2401-C-5800,282.0,0.0,0.0,0.0,2,293.5,312.0,2,282.0,0.0,0.0,0.0,0.0,0.0,0
2023-05-11 14:28:55,v2401-C-5800,v2401-C-5800,282.0,0.0,0.0,0.0,3,293.5,312.0,3,282.0,0.0,0.0,0.0,0.0,0.0,0
2023-05-11 14:29:01,v2401-C-5800,v2401-C-5800,282.0,0.0,0.0,0.0,1,293.5,312.0,1,282.0,0.0,0.0,0.0,0.0,0.0,0
2023-05-11 14:29:02,v2401-C-5800,v2401-C-5800,282.0,0.0,0.0,0.0,1,306.5,312.0,1,282.0,0.0,0.0,0.0,0.0,0.0,0
2023-05-11 14:29:07,v2401-C-5800,v2401-C-5800,282.0,0.0,0.0,0.0,1,306.5,321.5,1,282.0,0.0,0.0,0.0,0.0,0.0,0
2023-05-11 14:29:09,v2401-C-5800,v2401-C-5800,282.0,0.0,0.0,0.0,1,306.5,325.0,1,282.0,0.0,0.0,0.0,0.0,0.0,0
2023-05-11 14:29:13,v2401-C-5800,v2401-C-5800,282.0,0.0,0.0,0.0,1,290.0,325.0,1,282.0,0.0,0.0,0.0,0.0,0.0,0
2023-05-11 14:29:14,v2401-C-5800,v2401-C-5800,282.0,0.0,0.0,0.0,1,74.0,0.0,0,282.0,0.0,0.0,0.0,0.0,0.0,0
2023-05-11 14:29:14,v2401-C-5800,v2401-C-5800,282.0,0.0,0.0,0.0,1,80.5,0.0,0,282.0,0.0,0.0,0.0,0.0,0.0,0
2023-05-11 15:01:10,v2401-C-5800,v2401-C-5800,282.0,0.0,0.0,0.0,1,80.5,0.0,0,282.0,0.0,0.0,0.0,0.0,0.0,0
