time,symbol_id,symbol_name,last,trade_volume,trade_amount,open_interest_change,bv1,bp1,ap1,av1,yesterday_close,today_open,today_high,today_low,volume,amount,open_interest
2023-05-10 20:56:31,v2401-C-7500,v2401-C-7500,2.5,0.0,0.0,0.0,1,1.5,0.0,0,2.5,0.0,0.0,0.0,0.0,0.0,10
2023-05-10 21:01:40,v2401-C-7500,v2401-C-7500,2.5,0.0,0.0,0.0,1,1.5,100.0,1,2.5,0.0,0.0,0.0,0.0,0.0,10
2023-05-10 21:01:51,v2401-C-7500,v2401-C-7500,2.5,0.0,0.0,0.0,1,1.5,95.0,1,2.5,0.0,0.0,0.0,0.0,0.0,10
2023-05-10 21:01:55,v2401-C-7500,v2401-C-7500,2.5,0.0,0.0,0.0,1,1.5,90.0,1,2.5,0.0,0.0,0.0,0.0,0.0,10
2023-05-10 21:02:01,v2401-C-7500,v2401-C-7500,2.5,0.0,0.0,0.0,1,1.5,85.0,1,2.5,0.0,0.0,0.0,0.0,0.0,10
2023-05-10 21:02:06,v2401-C-7500,v2401-C-7500,2.5,0.0,0.0,0.0,1,1.5,80.0,1,2.5,0.0,0.0,0.0,0.0,0.0,10
2023-05-10 21:04:20,v2401-C-7500,v2401-C-7500,2.5,0.0,0.0,0.0,1,2.5,80.0,1,2.5,0.0,0.0,0.0,0.0,0.0,10
2023-05-10 22:23:52,v2401-C-7500,v2401-C-7500,2.5,0.0,0.0,0.0,1,2.5,75.0,1,2.5,0.0,0.0,0.0,0.0,0.0,10
2023-05-10 22:23:57,v2401-C-7500,v2401-C-7500,2.5,0.0,0.0,0.0,1,2.5,70.0,1,2.5,0.0,0.0,0.0,0.0,0.0,10
2023-05-10 22:24:05,v2401-C-7500,v2401-C-7500,2.5,0.0,0.0,0.0,1,2.5,75.0,1,2.5,0.0,0.0,0.0,0.0,0.0,10
2023-05-10 22:24:08,v2401-C-7500,v2401-C-7500,2.5,0.0,0.0,0.0,1,2.5,80.0,1,2.5,0.0,0.0,0.0,0.0,0.0,10
2023-05-10 22:24:12,v2401-C-7500,v2401-C-7500,2.5,0.0,0.0,0.0,1,2.5,85.0,1,2.5,0.0,0.0,0.0,0.0,0.0,10
2023-05-10 22:24:14,v2401-C-7500,v2401-C-7500,2.5,0.0,0.0,0.0,1,2.5,90.0,1,2.5,0.0,0.0,0.0,0.0,0.0,10
2023-05-11 09:44:52,v2401-C-7500,v2401-C-7500,2.5,0.0,0.0,0.0,1,2.5,85.0,1,2.5,0.0,0.0,0.0,0.0,0.0,10
2023-05-11 09:44:56,v2401-C-7500,v2401-C-7500,2.5,0.0,0.0,0.0,1,2.5,80.0,1,2.5,0.0,0.0,0.0,0.0,0.0,10
2023-05-11 09:45:02,v2401-C-7500,v2401-C-7500,2.5,0.0,0.0,0.0,1,2.5,75.0,1,2.5,0.0,0.0,0.0,0.0,0.0,10
2023-05-11 09:45:15,v2401-C-7500,v2401-C-7500,2.5,0.0,0.0,0.0,1,2.5,80.0,1,2.5,0.0,0.0,0.0,0.0,0.0,10
2023-05-11 09:45:17,v2401-C-7500,v2401-C-7500,2.5,0.0,0.0,0.0,1,2.5,85.0,1,2.5,0.0,0.0,0.0,0.0,0.0,10
2023-05-11 09:45:19,v2401-C-7500,v2401-C-7500,2.5,0.0,0.0,0.0,1,2.5,90.0,1,2.5,0.0,0.0,0.0,0.0,0.0,10
2023-05-11 09:45:22,v2401-C-7500,v2401-C-7500,2.5,0.0,0.0,0.0,1,2.5,0.0,0,2.5,0.0,0.0,0.0,0.0,0.0,10
2023-05-11 14:28:50,v2401-C-7500,v2401-C-7500,2.5,0.0,0.0,0.0,2,10.0,22.5,2,2.5,0.0,0.0,0.0,0.0,0.0,10
2023-05-11 14:28:52,v2401-C-7500,v2401-C-7500,2.5,0.0,0.0,0.0,1,16.5,22.5,2,2.5,0.0,0.0,0.0,0.0,0.0,10
2023-05-11 14:28:55,v2401-C-7500,v2401-C-7500,2.5,0.0,0.0,0.0,2,16.5,22.5,2,2.5,0.0,0.0,0.0,0.0,0.0,10
2023-05-11 14:29:01,v2401-C-7500,v2401-C-7500,2.5,0.0,0.0,0.0,2,16.5,26.0,1,2.5,0.0,0.0,0.0,0.0,0.0,10
2023-05-11 14:29:03,v2401-C-7500,v2401-C-7500,2.5,0.0,0.0,0.0,1,16.5,26.0,1,2.5,0.0,0.0,0.0,0.0,0.0,10
2023-05-11 14:29:07,v2401-C-7500,v2401-C-7500,2.5,0.0,0.0,0.0,1,14.0,26.0,1,2.5,0.0,0.0,0.0,0.0,0.0,10
2023-05-11 14:29:07,v2401-C-7500,v2401-C-7500,2.5,0.0,0.0,0.0,1,14.0,27.5,1,2.5,0.0,0.0,0.0,0.0,0.0,10
2023-05-11 14:29:09,v2401-C-7500,v2401-C-7500,2.5,0.0,0.0,0.0,1,13.0,27.5,1,2.5,0.0,0.0,0.0,0.0,0.0,10
2023-05-11 14:29:14,v2401-C-7500,v2401-C-7500,2.5,0.0,0.0,0.0,1,2.5,0.0,0,2.5,0.0,0.0,0.0,0.0,0.0,10
2023-05-11 15:01:10,v2401-C-7500,v2401-C-7500,2.5,0.0,0.0,0.0,1,2.5,0.0,0,2.5,0.0,0.0,0.0,0.0,0.0,10
