time,symbol_id,symbol_name,last,trade_volume,trade_amount,open_interest_change,bv1,bp1,ap1,av1,yesterday_close,today_open,today_high,today_low,volume,amount,open_interest
2023-05-10 09:29:00,IM2312,IM2312,6474.8,2.0,2589920.0,-1.0,2,6470.0,6475.0,1,6482.4,6474.8,6474.8,6474.8,2.0,2589920.0,11855
2023-05-10 09:30:00,IM2312,IM2312,6475.0,1.0,1295000.0,1.0,1,6475.0,6479.6,1,6482.4,6474.8,6475.0,6474.8,3.0,3884920.0,11856
2023-05-10 09:30:00,IM2312,IM2312,6475.0,2.0,2590040.0,-2.0,1,6470.8,6479.2,1,6482.4,6474.8,6475.2,6474.8,5.0,6474960.0,11854
2023-05-10 09:30:01,IM2312,IM2312,6475.0,0.0,0.0,0.0,1,6471.8,6479.0,2,6482.4,6474.8,6475.2,6474.8,5.0,6474960.0,11854
2023-05-10 09:30:01,IM2312,IM2312,6475.0,0.0,0.0,0.0,1,6472.0,6476.4,1,6482.4,6474.8,6475.2,6474.8,5.0,6474960.0,11854
2023-05-10 09:30:02,IM2312,IM2312,6475.0,0.0,0.0,0.0,1,6475.0,6476.2,3,6482.4,6474.8,6475.2,6474.8,5.0,6474960.0,11854
2023-05-10 09:30:02,IM2312,IM2312,6475.0,1.0,1295000.0,0.0,4,6470.0,6476.2,2,6482.4,6474.8,6475.2,6474.8,6.0,7769960.0,11854
2023-05-10 09:30:03,IM2312,IM2312,6475.0,0.0,0.0,0.0,1,6471.4,6476.2,2,6482.4,6474.8,6475.2,6474.8,6.0,7769960.0,11854
2023-05-10 09:30:03,IM2312,IM2312,6476.4,3.0,3885760.0,-3.0,2,6471.6,6476.0,1,6482.4,6474.8,6476.4,6474.8,9.0,11655720.0,11851
2023-05-10 09:30:04,IM2312,IM2312,6476.4,0.0,0.0,0.0,1,6477.0,6479.0,1,6482.4,6474.8,6476.4,6474.8,9.0,11655720.0,11851
2023-05-10 09:30:04,IM2312,IM2312,6478.8,2.0,2591160.0,1.0,1,6473.0,6479.0,1,6482.4,6474.8,6478.8,6474.8,11.0,14246880.0,11852
2023-05-10 09:30:05,IM2312,IM2312,6474.4,1.0,1294880.0,0.0,1,6473.2,6476.6,1,6482.4,6474.8,6478.8,6474.4,12.0,15541760.0,11852
2023-05-10 09:30:05,IM2312,IM2312,6474.4,0.0,0.0,0.0,1,6474.2,6479.0,1,6482.4,6474.8,6478.8,6474.4,12.0,15541760.0,11852
2023-05-10 09:30:06,IM2312,IM2312,6474.4,0.0,0.0,0.0,1,6475.2,6479.0,1,6482.4,6474.8,6478.8,6474.4,12.0,15541760.0,11852
2023-05-10 09:30:06,IM2312,IM2312,6474.4,0.0,0.0,0.0,1,6475.4,6478.6,1,6482.4,6474.8,6478.8,6474.4,12.0,15541760.0,11852
2023-05-10 09:30:07,IM2312,IM2312,6474.4,2.0,2589920.0,-2.0,1,6474.2,6478.4,1,6482.4,6474.8,6478.8,6474.4,14.0,18131680.0,11850
2023-05-10 09:30:07,IM2312,IM2312,6474.4,0.0,0.0,0.0,1,6474.2,6478.2,2,6482.4,6474.8,6478.8,6474.4,14.0,18131680.0,11850
2023-05-10 09:30:08,IM2312,IM2312,6473.6,2.0,2589560.0,-1.0,1,6473.0,6478.0,2,6482.4,6474.8,6478.8,6473.6,16.0,20721240.0,11849
2023-05-10 09:30:08,IM2312,IM2312,6473.6,0.0,0.0,0.0,1,6473.0,6476.4,1,6482.4,6474.8,6478.8,6473.6,16.0,20721240.0,11849
2023-05-10 09:30:09,IM2312,IM2312,6473.6,0.0,0.0,0.0,1,6473.0,6476.2,1,6482.4,6474.8,6478.8,6473.6,16.0,20721240.0,11849
2023-05-10 09:30:10,IM2312,IM2312,6473.6,0.0,0.0,0.0,1,6473.0,6475.8,1,6482.4,6474.8,6478.8,6473.6,16.0,20721240.0,11849
2023-05-10 09:30:10,IM2312,IM2312,6473.6,0.0,0.0,0.0,1,6473.6,6477.0,1,6482.4,6474.8,6478.8,6473.6,16.0,20721240.0,11849
2023-05-10 09:30:11,IM2312,IM2312,6477.8,2.0,2590960.0,-1.0,1,6474.0,6478.0,1,6482.4,6474.8,6478.8,6473.6,18.0,23312200.0,11848
2023-05-10 09:30:11,IM2312,IM2312,6477.8,0.0,0.0,0.0,1,6474.6,6479.4,1,6482.4,6474.8,6478.8,6473.6,18.0,23312200.0,11848
2023-05-10 09:30:12,IM2312,IM2312,6479.6,1.0,1295920.0,0.0,1,6476.4,6480.0,2,6482.4,6474.8,6479.6,6473.6,19.0,24608120.0,11848
2023-05-10 09:30:12,IM2312,IM2312,6480.0,2.0,2592000.0,0.0,1,6477.6,6488.4,1,6482.4,6474.8,6480.0,6473.6,21.0,27200120.0,11848
2023-05-10 09:30:13,IM2312,IM2312,6480.0,0.0,0.0,0.0,1,6480.2,6484.4,1,6482.4,6474.8,6480.0,6473.6,21.0,27200120.0,11848
2023-05-10 09:30:13,IM2312,IM2312,6480.2,2.0,2592040.0,-2.0,1,6480.8,6484.0,1,6482.4,6474.8,6480.2,6473.6,23.0,29792160.0,11846
2023-05-10 09:30:14,IM2312,IM2312,6480.8,2.0,2592320.0,-2.0,1,6477.8,6483.8,1,6482.4,6474.8,6480.8,6473.6,25.0,32384480.0,11844
2023-05-10 09:30:14,IM2312,IM2312,6480.8,0.0,0.0,0.0,1,6478.8,6483.2,1,6482.4,6474.8,6480.8,6473.6,25.0,32384480.0,11844
2023-05-10 09:30:15,IM2312,IM2312,6477.6,3.0,3886840.0,-1.0,1,6476.6,6483.0,3,6482.4,6474.8,6480.8,6473.6,28.0,36271320.0,11843
2023-05-10 09:30:15,IM2312,IM2312,6477.6,0.0,0.0,0.0,1,6476.6,6480.8,1,6482.4,6474.8,6480.8,6473.6,28.0,36271320.0,11843
2023-05-10 09:30:16,IM2312,IM2312,6480.8,3.0,3888320.0,0.0,1,6476.8,6483.0,3,6482.4,6474.8,6480.8,6473.6,31.0,40159640.0,11843
2023-05-10 09:30:16,IM2312,IM2312,6483.0,2.0,2592920.0,0.0,1,6477.8,6482.8,1,6482.4,6474.8,6483.0,6473.6,33.0,42752560.0,11843
2023-05-10 09:30:17,IM2312,IM2312,6483.0,0.0,0.0,0.0,2,6478.0,6482.2,1,6482.4,6474.8,6483.0,6473.6,33.0,42752560.0,11843
2023-05-10 09:30:17,IM2312,IM2312,6483.0,0.0,0.0,0.0,1,6479.0,6482.0,2,6482.4,6474.8,6483.0,6473.6,33.0,42752560.0,11843
2023-05-10 09:30:18,IM2312,IM2312,6483.0,2.0,2593200.0,0.0,1,6479.0,6482.6,1,6482.4,6474.8,6483.0,6473.6,35.0,45345760.0,11843
2023-05-10 09:30:18,IM2312,IM2312,6479.0,2.0,2591640.0,0.0,1,6478.0,6482.0,2,6482.4,6474.8,6483.0,6473.6,37.0,47937400.0,11843
2023-05-10 09:30:19,IM2312,IM2312,6479.0,0.0,0.0,0.0,1,6477.0,6480.6,1,6482.4,6474.8,6483.0,6473.6,37.0,47937400.0,11843
2023-05-10 09:30:19,IM2312,IM2312,6479.0,0.0,0.0,0.0,1,6477.0,6480.4,1,6482.4,6474.8,6483.0,6473.6,37.0,47937400.0,11843
2023-05-10 09:30:20,IM2312,IM2312,6479.0,0.0,0.0,0.0,2,6474.6,6479.8,1,6482.4,6474.8,6483.0,6473.6,37.0,47937400.0,11843
2023-05-10 09:30:20,IM2312,IM2312,6479.0,0.0,0.0,0.0,2,6474.8,6479.2,1,6482.4,6474.8,6483.0,6473.6,37.0,47937400.0,11843
2023-05-10 09:30:21,IM2312,IM2312,6479.0,0.0,0.0,0.0,1,6474.8,6478.6,1,6482.4,6474.8,6483.0,6473.6,37.0,47937400.0,11843
2023-05-10 09:30:21,IM2312,IM2312,6478.6,3.0,3887000.0,-1.0,1,6474.8,6479.0,2,6482.4,6474.8,6483.0,6473.6,40.0,51824400.0,11842
2023-05-10 09:30:22,IM2312,IM2312,6478.6,0.0,0.0,0.0,1,6474.8,6478.2,1,6482.4,6474.8,6483.0,6473.6,40.0,51824400.0,11842
2023-05-10 09:30:22,IM2312,IM2312,6475.0,1.0,1295000.0,-1.0,4,6470.0,6478.2,1,6482.4,6474.8,6483.0,6473.6,41.0,53119400.0,11841
2023-05-10 09:30:23,IM2312,IM2312,6475.0,0.0,0.0,0.0,1,6472.6,6478.0,1,6482.4,6474.8,6483.0,6473.6,41.0,53119400.0,11841
2023-05-10 09:30:23,IM2312,IM2312,6475.0,0.0,0.0,0.0,1,6473.6,6477.6,1,6482.4,6474.8,6483.0,6473.6,41.0,53119400.0,11841
2023-05-10 09:30:24,IM2312,IM2312,6477.6,1.0,1295520.0,-1.0,2,6473.8,6478.0,1,6482.4,6474.8,6483.0,6473.6,42.0,54414920.0,11840
2023-05-10 09:30:24,IM2312,IM2312,6478.0,1.0,1295600.0,-1.0,1,6474.8,6488.0,1,6482.4,6474.8,6483.0,6473.6,43.0,55710520.0,11839
2023-05-10 09:30:25,IM2312,IM2312,6478.0,0.0,0.0,0.0,1,6477.8,6481.4,1,6482.4,6474.8,6483.0,6473.6,43.0,55710520.0,11839
2023-05-10 09:30:25,IM2312,IM2312,6478.0,0.0,0.0,0.0,1,6478.0,6481.4,1,6482.4,6474.8,6483.0,6473.6,43.0,55710520.0,11839
2023-05-10 09:30:26,IM2312,IM2312,6481.4,1.0,1296280.0,0.0,1,6478.2,6481.6,1,6482.4,6474.8,6483.0,6473.6,44.0,57006800.0,11839
2023-05-10 09:30:26,IM2312,IM2312,6481.4,0.0,0.0,0.0,1,6478.8,6484.8,2,6482.4,6474.8,6483.0,6473.6,44.0,57006800.0,11839
2023-05-10 09:30:27,IM2312,IM2312,6481.4,0.0,0.0,0.0,1,6479.8,6482.0,2,6482.4,6474.8,6483.0,6473.6,44.0,57006800.0,11839
2023-05-10 09:30:27,IM2312,IM2312,6482.0,1.0,1296400.0,-1.0,1,6478.8,6482.0,2,6482.4,6474.8,6483.0,6473.6,45.0,58303200.0,11838
2023-05-10 09:30:28,IM2312,IM2312,6482.0,0.0,0.0,0.0,2,6478.2,6481.8,1,6482.4,6474.8,6483.0,6473.6,45.0,58303200.0,11838
2023-05-10 09:30:28,IM2312,IM2312,6482.0,0.0,0.0,0.0,1,6478.0,6481.8,1,6482.4,6474.8,6483.0,6473.6,45.0,58303200.0,11838
2023-05-10 09:30:29,IM2312,IM2312,6482.0,0.0,0.0,0.0,1,6478.2,6481.8,1,6482.4,6474.8,6483.0,6473.6,45.0,58303200.0,11838
2023-05-10 09:30:30,IM2312,IM2312,6482.0,0.0,0.0,0.0,1,6478.8,6481.8,1,6482.4,6474.8,6483.0,6473.6,45.0,58303200.0,11838
2023-05-10 09:30:30,IM2312,IM2312,6481.8,1.0,1296360.0,0.0,1,6478.8,6482.0,2,6482.4,6474.8,6483.0,6473.6,46.0,59599560.0,11838
2023-05-10 09:30:32,IM2312,IM2312,6481.8,0.0,0.0,0.0,1,6478.8,6481.8,1,6482.4,6474.8,6483.0,6473.6,46.0,59599560.0,11838
2023-05-10 09:30:32,IM2312,IM2312,6478.2,2.0,2591400.0,-1.0,1,6478.0,6481.8,1,6482.4,6474.8,6483.0,6473.6,48.0,62190960.0,11837
2023-05-10 09:30:33,IM2312,IM2312,6478.2,0.0,0.0,0.0,1,6475.0,6479.2,2,6482.4,6474.8,6483.0,6473.6,48.0,62190960.0,11837
2023-05-10 09:30:33,IM2312,IM2312,6478.2,0.0,0.0,0.0,1,6476.0,6479.0,1,6482.4,6474.8,6483.0,6473.6,48.0,62190960.0,11837
2023-05-10 09:30:34,IM2312,IM2312,6479.2,5.0,6479000.0,-3.0,1,6476.0,6481.0,1,6482.4,6474.8,6483.0,6473.6,53.0,68669960.0,11834
2023-05-10 09:30:34,IM2312,IM2312,6479.2,0.0,0.0,0.0,1,6476.6,6479.8,1,6482.4,6474.8,6483.0,6473.6,53.0,68669960.0,11834
2023-05-10 09:30:35,IM2312,IM2312,6479.8,1.0,1295960.0,-1.0,1,6477.2,6481.6,1,6482.4,6474.8,6483.0,6473.6,54.0,69965920.0,11833
2023-05-10 09:30:35,IM2312,IM2312,6479.8,0.0,0.0,0.0,1,6479.0,6487.8,1,6482.4,6474.8,6483.0,6473.6,54.0,69965920.0,11833
2023-05-10 09:30:36,IM2312,IM2312,6479.8,0.0,0.0,0.0,1,6480.4,6485.0,1,6482.4,6474.8,6483.0,6473.6,54.0,69965920.0,11833
2023-05-10 09:30:36,IM2312,IM2312,6479.8,0.0,0.0,0.0,1,6481.0,6484.0,1,6482.4,6474.8,6483.0,6473.6,54.0,69965920.0,11833
2023-05-10 09:30:37,IM2312,IM2312,6479.8,0.0,0.0,0.0,1,6480.6,6483.8,1,6482.4,6474.8,6483.0,6473.6,54.0,69965920.0,11833
2023-05-10 09:30:37,IM2312,IM2312,6479.8,0.0,0.0,0.0,2,6481.0,6483.6,1,6482.4,6474.8,6483.0,6473.6,54.0,69965920.0,11833
2023-05-10 09:30:38,IM2312,IM2312,6479.8,1.0,1295960.0,1.0,1,6481.0,6483.4,1,6482.4,6474.8,6483.0,6473.6,55.0,71261880.0,11834
2023-05-10 09:30:38,IM2312,IM2312,6481.0,1.0,1296200.0,0.0,1,6479.2,6481.0,1,6482.4,6474.8,6483.0,6473.6,56.0,72558080.0,11834
2023-05-10 09:30:39,IM2312,IM2312,6479.2,1.0,1295840.0,-1.0,1,6475.0,6482.6,1,6482.4,6474.8,6483.0,6473.6,57.0,73853920.0,11833
2023-05-10 09:30:40,IM2312,IM2312,6479.2,0.0,0.0,0.0,1,6476.8,6479.2,1,6482.4,6474.8,6483.0,6473.6,57.0,73853920.0,11833
2023-05-10 09:30:40,IM2312,IM2312,6479.2,0.0,0.0,0.0,1,6475.2,6479.0,1,6482.4,6474.8,6483.0,6473.6,57.0,73853920.0,11833
2023-05-10 09:30:41,IM2312,IM2312,6479.2,0.0,0.0,0.0,1,6475.2,6478.4,1,6482.4,6474.8,6483.0,6473.6,57.0,73853920.0,11833
2023-05-10 09:30:41,IM2312,IM2312,6479.2,0.0,0.0,0.0,1,6475.4,6478.4,1,6482.4,6474.8,6483.0,6473.6,57.0,73853920.0,11833
2023-05-10 09:30:42,IM2312,IM2312,6478.4,1.0,1295680.0,0.0,2,6475.6,6476.8,1,6482.4,6474.8,6483.0,6473.6,58.0,75149600.0,11833
2023-05-10 09:30:42,IM2312,IM2312,6476.8,2.0,2590720.0,1.0,1,6476.2,6479.0,1,6482.4,6474.8,6483.0,6473.6,60.0,77740320.0,11834
2023-05-10 09:30:43,IM2312,IM2312,6476.8,0.0,0.0,0.0,2,6476.4,6480.4,1,6482.4,6474.8,6483.0,6473.6,60.0,77740320.0,11834
2023-05-10 09:30:43,IM2312,IM2312,6476.8,0.0,0.0,0.0,1,6476.6,6479.8,1,6482.4,6474.8,6483.0,6473.6,60.0,77740320.0,11834
2023-05-10 09:30:44,IM2312,IM2312,6479.8,1.0,1295960.0,0.0,1,6476.8,6480.2,2,6482.4,6474.8,6483.0,6473.6,61.0,79036280.0,11834
2023-05-10 09:30:44,IM2312,IM2312,6479.8,0.0,0.0,0.0,1,6477.4,6480.2,2,6482.4,6474.8,6483.0,6473.6,61.0,79036280.0,11834
2023-05-10 09:30:45,IM2312,IM2312,6479.8,0.0,0.0,0.0,1,6476.8,6479.8,1,6482.4,6474.8,6483.0,6473.6,61.0,79036280.0,11834
2023-05-10 09:30:45,IM2312,IM2312,6479.8,0.0,0.0,0.0,1,6477.0,6479.6,1,6482.4,6474.8,6483.0,6473.6,61.0,79036280.0,11834
2023-05-10 09:30:46,IM2312,IM2312,6477.2,1.0,1295440.0,1.0,1,6477.0,6479.6,1,6482.4,6474.8,6483.0,6473.6,62.0,80331720.0,11835
2023-05-10 09:30:46,IM2312,IM2312,6477.8,2.0,2591440.0,0.0,1,6476.6,6477.0,1,6482.4,6474.8,6483.0,6473.6,64.0,82923160.0,11835
2023-05-10 09:30:47,IM2312,IM2312,6477.6,4.0,5183120.0,-1.0,2,6476.8,6480.6,1,6482.4,6474.8,6483.0,6473.6,68.0,88106280.0,11834
2023-05-10 09:30:47,IM2312,IM2312,6480.6,1.0,1296120.0,0.0,2,6479.6,6482.8,1,6482.4,6474.8,6483.0,6473.6,69.0,89402400.0,11834
2023-05-10 09:30:48,IM2312,IM2312,6480.6,0.0,0.0,0.0,3,6479.6,6482.4,1,6482.4,6474.8,6483.0,6473.6,69.0,89402400.0,11834
2023-05-10 09:30:48,IM2312,IM2312,6480.6,0.0,0.0,0.0,3,6479.6,6482.0,1,6482.4,6474.8,6483.0,6473.6,69.0,89402400.0,11834
2023-05-10 09:30:49,IM2312,IM2312,6482.0,1.0,1296400.0,-1.0,3,6479.6,6482.2,1,6482.4,6474.8,6483.0,6473.6,70.0,90698800.0,11833
2023-05-10 09:30:49,IM2312,IM2312,6482.0,0.0,0.0,0.0,1,6479.8,6482.8,1,6482.4,6474.8,6483.0,6473.6,70.0,90698800.0,11833
2023-05-10 09:30:50,IM2312,IM2312,6482.0,0.0,0.0,0.0,1,6480.2,6482.6,4,6482.4,6474.8,6483.0,6473.6,70.0,90698800.0,11833
2023-05-10 09:30:50,IM2312,IM2312,6482.8,5.0,6482640.0,-4.0,1,6479.8,6488.0,1,6482.4,6474.8,6483.0,6473.6,75.0,97181440.0,11829
2023-05-10 09:30:51,IM2312,IM2312,6482.8,0.0,0.0,0.0,1,6480.4,6484.4,1,6482.4,6474.8,6483.0,6473.6,75.0,97181440.0,11829
2023-05-10 09:30:51,IM2312,IM2312,6480.4,2.0,2592200.0,0.0,3,6479.6,6483.8,1,6482.4,6474.8,6483.0,6473.6,77.0,99773640.0,11829
2023-05-10 09:30:52,IM2312,IM2312,6479.6,1.0,1295920.0,1.0,2,6479.6,6482.4,1,6482.4,6474.8,6483.0,6473.6,78.0,101069560.0,11830
2023-05-10 09:30:52,IM2312,IM2312,6479.6,1.0,1295920.0,0.0,1,6479.6,6482.0,1,6482.4,6474.8,6483.0,6473.6,79.0,102365480.0,11830
2023-05-10 09:30:53,IM2312,IM2312,6482.2,7.0,9074320.0,-2.0,1,6478.0,6482.2,1,6482.4,6474.8,6483.0,6473.6,86.0,111439800.0,11828
2023-05-10 09:30:53,IM2312,IM2312,6482.2,2.0,2592880.0,-1.0,1,6478.6,6482.4,1,6482.4,6474.8,6483.0,6473.6,88.0,114032680.0,11827
2023-05-10 09:30:54,IM2312,IM2312,6482.4,1.0,1296480.0,0.0,1,6479.6,6484.4,1,6482.4,6474.8,6483.0,6473.6,89.0,115329160.0,11827
2023-05-10 09:30:54,IM2312,IM2312,6482.4,0.0,0.0,0.0,1,6481.0,6484.0,1,6482.4,6474.8,6483.0,6473.6,89.0,115329160.0,11827
2023-05-10 09:30:55,IM2312,IM2312,6482.4,0.0,0.0,0.0,1,6481.0,6483.8,3,6482.4,6474.8,6483.0,6473.6,89.0,115329160.0,11827
2023-05-10 09:30:55,IM2312,IM2312,6481.0,1.0,1296200.0,0.0,1,6479.8,6481.0,1,6482.4,6474.8,6483.0,6473.6,90.0,116625360.0,11827
2023-05-10 09:30:56,IM2312,IM2312,6481.0,1.0,1296200.0,0.0,1,6479.6,6483.6,1,6482.4,6474.8,6483.0,6473.6,91.0,117921560.0,11827
2023-05-10 09:30:56,IM2312,IM2312,6479.8,1.0,1295960.0,0.0,1,6479.6,6482.8,1,6482.4,6474.8,6483.0,6473.6,92.0,119217520.0,11827
2023-05-10 09:30:57,IM2312,IM2312,6482.4,1.0,1296480.0,-1.0,1,6479.6,6482.6,3,6482.4,6474.8,6483.0,6473.6,93.0,120514000.0,11826
2023-05-10 09:30:57,IM2312,IM2312,6482.8,4.0,5186120.0,-2.0,1,6479.6,6482.2,1,6482.4,6474.8,6483.0,6473.6,97.0,125700120.0,11824
2023-05-10 09:30:58,IM2312,IM2312,6482.2,1.0,1296440.0,-1.0,1,6480.2,6484.4,1,6482.4,6474.8,6483.0,6473.6,98.0,126996560.0,11823
2023-05-10 09:30:58,IM2312,IM2312,6482.2,0.0,0.0,0.0,1,6480.8,6482.8,1,6482.4,6474.8,6483.0,6473.6,98.0,126996560.0,11823
2023-05-10 09:30:59,IM2312,IM2312,6482.6,2.0,2593040.0,0.0,1,6480.2,6482.6,1,6482.4,6474.8,6483.0,6473.6,100.0,129589600.0,11823
2023-05-10 09:30:59,IM2312,IM2312,6482.6,1.0,1296520.0,-1.0,1,6480.2,6482.6,1,6482.4,6474.8,6483.0,6473.6,101.0,130886120.0,11822
2023-05-10 09:31:00,IM2312,IM2312,6482.6,0.0,0.0,0.0,1,6480.6,6484.4,1,6482.4,6474.8,6483.0,6473.6,101.0,130886120.0,11822
2023-05-10 09:31:00,IM2312,IM2312,6481.4,3.0,3889480.0,1.0,1,6480.6,6482.2,1,6482.4,6474.8,6484.4,6473.6,104.0,134775600.0,11823
2023-05-10 09:31:01,IM2312,IM2312,6480.2,3.0,3888600.0,0.0,1,6479.6,6487.4,1,6482.4,6474.8,6484.4,6473.6,107.0,138664200.0,11823
2023-05-10 09:31:01,IM2312,IM2312,6480.2,0.0,0.0,0.0,1,6482.6,6484.4,1,6482.4,6474.8,6484.4,6473.6,107.0,138664200.0,11823
2023-05-10 09:31:02,IM2312,IM2312,6482.6,1.0,1296520.0,-1.0,1,6479.8,6480.6,1,6482.4,6474.8,6484.4,6473.6,108.0,139960720.0,11822
2023-05-10 09:31:02,IM2312,IM2312,6480.6,1.0,1296120.0,0.0,1,6479.8,6484.4,1,6482.4,6474.8,6484.4,6473.6,109.0,141256840.0,11822
2023-05-10 09:31:03,IM2312,IM2312,6480.6,0.0,0.0,0.0,1,6480.0,6483.2,1,6482.4,6474.8,6484.4,6473.6,109.0,141256840.0,11822
2023-05-10 09:31:03,IM2312,IM2312,6480.6,0.0,0.0,0.0,1,6481.6,6484.2,1,6482.4,6474.8,6484.4,6473.6,109.0,141256840.0,11822
2023-05-10 09:31:04,IM2312,IM2312,6480.6,0.0,0.0,0.0,1,6481.8,6483.2,1,6482.4,6474.8,6484.4,6473.6,109.0,141256840.0,11822
2023-05-10 09:31:04,IM2312,IM2312,6483.6,1.0,1296720.0,0.0,1,6481.6,6483.8,1,6482.4,6474.8,6484.4,6473.6,110.0,142553560.0,11822
2023-05-10 09:31:05,IM2312,IM2312,6483.8,1.0,1296760.0,0.0,1,6481.8,6484.0,1,6482.4,6474.8,6484.4,6473.6,111.0,143850320.0,11822
2023-05-10 09:31:05,IM2312,IM2312,6484.0,1.0,1296800.0,0.0,1,6483.8,6484.2,1,6482.4,6474.8,6484.4,6473.6,112.0,145147120.0,11822
2023-05-10 09:31:06,IM2312,IM2312,6483.8,1.0,1296760.0,-1.0,1,6482.0,6487.2,1,6482.4,6474.8,6484.4,6473.6,113.0,146443880.0,11821
2023-05-10 09:31:06,IM2312,IM2312,6483.8,0.0,0.0,0.0,1,6482.0,6485.2,1,6482.4,6474.8,6484.4,6473.6,113.0,146443880.0,11821
2023-05-10 09:31:07,IM2312,IM2312,6483.8,0.0,0.0,0.0,1,6482.4,6485.2,1,6482.4,6474.8,6484.4,6473.6,113.0,146443880.0,11821
2023-05-10 09:31:07,IM2312,IM2312,6482.4,1.0,1296480.0,-1.0,1,6482.0,6485.0,1,6482.4,6474.8,6484.4,6473.6,114.0,147740360.0,11820
2023-05-10 09:31:08,IM2312,IM2312,6482.4,0.0,0.0,0.0,5,6481.6,6484.0,1,6482.4,6474.8,6484.4,6473.6,114.0,147740360.0,11820
2023-05-10 09:31:08,IM2312,IM2312,6481.6,4.0,5185280.0,-4.0,1,6480.2,6483.6,1,6482.4,6474.8,6484.4,6473.6,118.0,152925640.0,11816
2023-05-10 09:31:09,IM2312,IM2312,6481.6,0.0,0.0,0.0,1,6479.8,6482.4,1,6482.4,6474.8,6484.4,6473.6,118.0,152925640.0,11816
2023-05-10 09:31:09,IM2312,IM2312,6482.0,2.0,2592360.0,-2.0,1,6478.8,6482.2,1,6482.4,6474.8,6484.4,6473.6,120.0,155518000.0,11814
2023-05-10 09:31:10,IM2312,IM2312,6482.0,0.0,0.0,0.0,1,6479.0,6481.2,1,6482.4,6474.8,6484.4,6473.6,120.0,155518000.0,11814
2023-05-10 09:31:10,IM2312,IM2312,6482.0,0.0,0.0,0.0,1,6478.8,6480.8,1,6482.4,6474.8,6484.4,6473.6,120.0,155518000.0,11814
2023-05-10 09:31:11,IM2312,IM2312,6482.0,1.0,1296400.0,0.0,1,6479.2,6481.2,1,6482.4,6474.8,6484.4,6473.6,121.0,156814400.0,11814
2023-05-10 09:31:11,IM2312,IM2312,6482.0,0.0,0.0,0.0,1,6479.2,6482.2,2,6482.4,6474.8,6484.4,6473.6,121.0,156814400.0,11814
2023-05-10 09:31:12,IM2312,IM2312,6482.0,0.0,0.0,0.0,1,6479.2,6481.2,1,6482.4,6474.8,6484.4,6473.6,121.0,156814400.0,11814
2023-05-10 09:31:12,IM2312,IM2312,6482.0,0.0,0.0,0.0,1,6479.2,6481.0,1,6482.4,6474.8,6484.4,6473.6,121.0,156814400.0,11814
2023-05-10 09:31:13,IM2312,IM2312,6482.0,0.0,0.0,0.0,1,6479.2,6480.8,1,6482.4,6474.8,6484.4,6473.6,121.0,156814400.0,11814
2023-05-10 09:31:13,IM2312,IM2312,6482.0,0.0,0.0,0.0,1,6470.2,6480.8,1,6482.4,6474.8,6484.4,6473.6,121.0,156814400.0,11814
2023-05-10 09:31:14,IM2312,IM2312,6482.0,0.0,0.0,0.0,1,6474.6,6480.8,1,6482.4,6474.8,6484.4,6473.6,121.0,156814400.0,11814
2023-05-10 09:31:14,IM2312,IM2312,6482.0,0.0,0.0,0.0,1,6475.0,6479.2,1,6482.4,6474.8,6484.4,6473.6,121.0,156814400.0,11814
2023-05-10 09:31:15,IM2312,IM2312,6480.0,1.0,1296000.0,0.0,1,6475.2,6480.8,1,6482.4,6474.8,6484.4,6473.6,122.0,158110400.0,11814
2023-05-10 09:31:15,IM2312,IM2312,6480.8,1.0,1296160.0,0.0,1,6475.6,6482.0,1,6482.4,6474.8,6484.4,6473.6,123.0,159406560.0,11814
2023-05-10 09:31:16,IM2312,IM2312,6480.8,0.0,0.0,0.0,1,6475.8,6482.6,1,6482.4,6474.8,6484.4,6473.6,123.0,159406560.0,11814
2023-05-10 09:31:16,IM2312,IM2312,6480.8,0.0,0.0,0.0,1,6476.2,6485.0,1,6482.4,6474.8,6484.4,6473.6,123.0,159406560.0,11814
2023-05-10 09:31:17,IM2312,IM2312,6480.8,0.0,0.0,0.0,2,6476.4,6484.6,1,6482.4,6474.8,6484.4,6473.6,123.0,159406560.0,11814
2023-05-10 09:31:17,IM2312,IM2312,6480.8,0.0,0.0,0.0,1,6482.6,6483.4,2,6482.4,6474.8,6484.4,6473.6,123.0,159406560.0,11814
2023-05-10 09:31:18,IM2312,IM2312,6481.6,1.0,1296320.0,-1.0,2,6476.4,6482.6,2,6482.4,6474.8,6484.4,6473.6,124.0,160702880.0,11813
2023-05-10 09:31:18,IM2312,IM2312,6481.6,0.0,0.0,0.0,1,6477.4,6482.6,1,6482.4,6474.8,6484.4,6473.6,124.0,160702880.0,11813
2023-05-10 09:31:19,IM2312,IM2312,6481.6,0.0,0.0,0.0,1,6477.8,6482.6,1,6482.4,6474.8,6484.4,6473.6,124.0,160702880.0,11813
2023-05-10 09:31:19,IM2312,IM2312,6481.6,0.0,0.0,0.0,1,6478.0,6482.6,1,6482.4,6474.8,6484.4,6473.6,124.0,160702880.0,11813
2023-05-10 09:31:20,IM2312,IM2312,6481.6,0.0,0.0,0.0,1,6478.4,6480.8,1,6482.4,6474.8,6484.4,6473.6,124.0,160702880.0,11813
2023-05-10 09:31:20,IM2312,IM2312,6481.0,1.0,1296200.0,-1.0,1,6478.6,6482.6,1,6482.4,6474.8,6484.4,6473.6,125.0,161999080.0,11812
2023-05-10 09:31:21,IM2312,IM2312,6481.0,0.0,0.0,0.0,1,6479.0,6482.6,1,6482.4,6474.8,6484.4,6473.6,125.0,161999080.0,11812
2023-05-10 09:31:21,IM2312,IM2312,6481.0,0.0,0.0,0.0,1,6479.2,6482.6,1,6482.4,6474.8,6484.4,6473.6,125.0,161999080.0,11812
2023-05-10 09:31:22,IM2312,IM2312,6481.0,0.0,0.0,0.0,1,6479.6,6482.6,1,6482.4,6474.8,6484.4,6473.6,125.0,161999080.0,11812
2023-05-10 09:31:22,IM2312,IM2312,6481.0,0.0,0.0,0.0,1,6479.8,6482.6,1,6482.4,6474.8,6484.4,6473.6,125.0,161999080.0,11812
2023-05-10 09:31:23,IM2312,IM2312,6481.0,0.0,0.0,0.0,1,6480.2,6485.0,1,6482.4,6474.8,6484.4,6473.6,125.0,161999080.0,11812
2023-05-10 09:31:23,IM2312,IM2312,6481.0,0.0,0.0,0.0,1,6480.4,6484.6,1,6482.4,6474.8,6484.4,6473.6,125.0,161999080.0,11812
2023-05-10 09:31:24,IM2312,IM2312,6481.0,0.0,0.0,0.0,2,6480.6,6484.0,1,6482.4,6474.8,6484.4,6473.6,125.0,161999080.0,11812
2023-05-10 09:31:25,IM2312,IM2312,6481.0,0.0,0.0,0.0,2,6480.6,6483.8,1,6482.4,6474.8,6484.4,6473.6,125.0,161999080.0,11812
2023-05-10 09:31:25,IM2312,IM2312,6481.0,0.0,0.0,0.0,2,6480.6,6483.4,1,6482.4,6474.8,6484.4,6473.6,125.0,161999080.0,11812
2023-05-10 09:31:26,IM2312,IM2312,6480.6,1.0,1296120.0,-1.0,1,6480.6,6483.4,1,6482.4,6474.8,6484.4,6473.6,126.0,163295200.0,11811
2023-05-10 09:31:27,IM2312,IM2312,6480.6,1.0,1296120.0,-1.0,1,6480.4,6480.6,1,6482.4,6474.8,6484.4,6473.6,127.0,164591320.0,11810
2023-05-10 09:31:27,IM2312,IM2312,6480.6,1.0,1296120.0,-1.0,1,6481.2,6484.0,1,6482.4,6474.8,6484.4,6473.6,128.0,165887440.0,11809
2023-05-10 09:31:28,IM2312,IM2312,6480.6,0.0,0.0,0.0,2,6481.2,6484.0,1,6482.4,6474.8,6484.4,6473.6,128.0,165887440.0,11809
2023-05-10 09:31:28,IM2312,IM2312,6480.6,0.0,0.0,0.0,2,6481.2,6483.8,1,6482.4,6474.8,6484.4,6473.6,128.0,165887440.0,11809
2023-05-10 09:31:29,IM2312,IM2312,6481.2,2.0,2592480.0,-2.0,2,6481.2,6483.8,1,6482.4,6474.8,6484.4,6473.6,130.0,168479920.0,11807
2023-05-10 09:31:30,IM2312,IM2312,6481.2,0.0,0.0,0.0,2,6481.2,6483.6,2,6482.4,6474.8,6484.4,6473.6,130.0,168479920.0,11807
2023-05-10 09:31:30,IM2312,IM2312,6481.2,0.0,0.0,0.0,2,6481.2,6483.6,1,6482.4,6474.8,6484.4,6473.6,130.0,168479920.0,11807
2023-05-10 09:31:31,IM2312,IM2312,6481.2,0.0,0.0,0.0,1,6481.6,6483.8,1,6482.4,6474.8,6484.4,6473.6,130.0,168479920.0,11807
2023-05-10 09:31:31,IM2312,IM2312,6481.2,0.0,0.0,0.0,1,6481.8,6483.8,1,6482.4,6474.8,6484.4,6473.6,130.0,168479920.0,11807
2023-05-10 09:31:32,IM2312,IM2312,6481.2,0.0,0.0,0.0,1,6481.8,6484.0,1,6482.4,6474.8,6484.4,6473.6,130.0,168479920.0,11807
2023-05-10 09:31:32,IM2312,IM2312,6481.2,0.0,0.0,0.0,1,6482.0,6484.0,1,6482.4,6474.8,6484.4,6473.6,130.0,168479920.0,11807
2023-05-10 09:31:34,IM2312,IM2312,6484.0,1.0,1296800.0,-1.0,1,6482.4,6485.0,1,6482.4,6474.8,6484.4,6473.6,131.0,169776720.0,11806
2023-05-10 09:31:34,IM2312,IM2312,6484.0,0.0,0.0,0.0,1,6482.4,6487.8,1,6482.4,6474.8,6484.4,6473.6,131.0,169776720.0,11806
2023-05-10 09:31:35,IM2312,IM2312,6484.0,0.0,0.0,0.0,1,6482.6,6487.4,2,6482.4,6474.8,6484.4,6473.6,131.0,169776720.0,11806
2023-05-10 09:31:35,IM2312,IM2312,6487.4,2.0,2594920.0,-1.0,1,6484.4,6487.4,1,6482.4,6474.8,6487.4,6473.6,133.0,172371640.0,11805
2023-05-10 09:31:36,IM2312,IM2312,6487.4,0.0,0.0,0.0,1,6484.8,6488.0,1,6482.4,6474.8,6487.4,6473.6,133.0,172371640.0,11805
2023-05-10 09:31:36,IM2312,IM2312,6487.4,0.0,0.0,0.0,1,6485.0,6487.8,1,6482.4,6474.8,6487.4,6473.6,133.0,172371640.0,11805
2023-05-10 09:31:37,IM2312,IM2312,6487.4,0.0,0.0,0.0,1,6484.8,6487.8,1,6482.4,6474.8,6487.4,6473.6,133.0,172371640.0,11805
2023-05-10 09:31:38,IM2312,IM2312,6487.4,0.0,0.0,0.0,1,6484.6,6487.6,1,6482.4,6474.8,6487.4,6473.6,133.0,172371640.0,11805
2023-05-10 09:31:38,IM2312,IM2312,6487.4,0.0,0.0,0.0,1,6484.4,6487.2,1,6482.4,6474.8,6487.4,6473.6,133.0,172371640.0,11805
2023-05-10 09:31:39,IM2312,IM2312,6487.4,0.0,0.0,0.0,1,6484.4,6487.0,2,6482.4,6474.8,6487.4,6473.6,133.0,172371640.0,11805
2023-05-10 09:31:40,IM2312,IM2312,6487.4,0.0,0.0,0.0,1,6484.4,6486.8,1,6482.4,6474.8,6487.4,6473.6,133.0,172371640.0,11805
2023-05-10 09:31:42,IM2312,IM2312,6487.4,0.0,0.0,0.0,2,6484.6,6487.0,2,6482.4,6474.8,6487.4,6473.6,133.0,172371640.0,11805
2023-05-10 09:31:43,IM2312,IM2312,6484.8,1.0,1296960.0,-1.0,2,6484.6,6487.0,1,6482.4,6474.8,6487.4,6473.6,134.0,173668600.0,11804
2023-05-10 09:31:43,IM2312,IM2312,6484.8,0.0,0.0,0.0,1,6484.8,6487.0,1,6482.4,6474.8,6487.4,6473.6,134.0,173668600.0,11804
2023-05-10 09:31:44,IM2312,IM2312,6484.8,0.0,0.0,0.0,1,6484.8,6488.0,1,6482.4,6474.8,6487.4,6473.6,134.0,173668600.0,11804
2023-05-10 09:31:45,IM2312,IM2312,6484.8,0.0,0.0,0.0,1,6484.8,6487.8,2,6482.4,6474.8,6487.4,6473.6,134.0,173668600.0,11804
2023-05-10 09:31:45,IM2312,IM2312,6484.8,0.0,0.0,0.0,1,6484.4,6487.4,1,6482.4,6474.8,6487.4,6473.6,134.0,173668600.0,11804
2023-05-10 09:31:46,IM2312,IM2312,6484.8,0.0,0.0,0.0,2,6481.2,6484.4,1,6482.4,6474.8,6487.4,6473.6,134.0,173668600.0,11804
2023-05-10 09:31:46,IM2312,IM2312,6484.4,1.0,1296880.0,0.0,1,6483.2,6487.2,1,6482.4,6474.8,6487.4,6473.6,135.0,174965480.0,11804
2023-05-10 09:31:47,IM2312,IM2312,6484.4,0.0,0.0,0.0,1,6484.4,6487.0,1,6482.4,6474.8,6487.4,6473.6,135.0,174965480.0,11804
2023-05-10 09:31:47,IM2312,IM2312,6484.4,1.0,1296880.0,-1.0,1,6483.2,6486.8,2,6482.4,6474.8,6487.4,6473.6,136.0,176262360.0,11803
2023-05-10 09:31:48,IM2312,IM2312,6484.4,0.0,0.0,0.0,1,6483.2,6486.4,3,6482.4,6474.8,6487.4,6473.6,136.0,176262360.0,11803
2023-05-10 09:31:48,IM2312,IM2312,6484.4,0.0,0.0,0.0,1,6483.2,6486.2,1,6482.4,6474.8,6487.4,6473.6,136.0,176262360.0,11803
2023-05-10 09:31:49,IM2312,IM2312,6484.4,0.0,0.0,0.0,1,6483.6,6486.2,1,6482.4,6474.8,6487.4,6473.6,136.0,176262360.0,11803
2023-05-10 09:31:50,IM2312,IM2312,6484.4,0.0,0.0,0.0,1,6483.8,6486.8,2,6482.4,6474.8,6487.4,6473.6,136.0,176262360.0,11803
2023-05-10 09:31:50,IM2312,IM2312,6486.8,1.0,1297360.0,-1.0,1,6483.8,6487.8,1,6482.4,6474.8,6487.4,6473.6,137.0,177559720.0,11802
2023-05-10 09:31:51,IM2312,IM2312,6486.8,0.0,0.0,0.0,1,6484.0,6487.8,1,6482.4,6474.8,6487.4,6473.6,137.0,177559720.0,11802
2023-05-10 09:31:52,IM2312,IM2312,6483.8,1.0,1296760.0,-1.0,1,6483.2,6487.4,1,6482.4,6474.8,6487.4,6473.6,138.0,178856480.0,11801
2023-05-10 09:31:52,IM2312,IM2312,6483.2,1.0,1296640.0,-1.0,1,6481.4,6485.6,1,6482.4,6474.8,6487.4,6473.6,139.0,180153120.0,11800
2023-05-10 09:31:53,IM2312,IM2312,6485.4,1.0,1297080.0,0.0,1,6481.4,6485.4,1,6482.4,6474.8,6487.4,6473.6,140.0,181450200.0,11800
2023-05-10 09:31:54,IM2312,IM2312,6485.4,0.0,0.0,0.0,1,6481.8,6485.4,1,6482.4,6474.8,6487.4,6473.6,140.0,181450200.0,11800
2023-05-10 09:31:54,IM2312,IM2312,6485.4,1.0,1297080.0,-1.0,1,6482.0,6485.6,1,6482.4,6474.8,6487.4,6473.6,141.0,182747280.0,11799
2023-05-10 09:31:55,IM2312,IM2312,6485.4,0.0,0.0,0.0,1,6482.2,6485.2,1,6482.4,6474.8,6487.4,6473.6,141.0,182747280.0,11799
2023-05-10 09:31:55,IM2312,IM2312,6485.2,1.0,1297040.0,-1.0,1,6482.4,6485.6,1,6482.4,6474.8,6487.4,6473.6,142.0,184044320.0,11798
2023-05-10 09:31:56,IM2312,IM2312,6485.2,0.0,0.0,0.0,1,6483.0,6485.8,1,6482.4,6474.8,6487.4,6473.6,142.0,184044320.0,11798
2023-05-10 09:31:56,IM2312,IM2312,6485.2,0.0,0.0,0.0,2,6485.8,6487.2,1,6482.4,6474.8,6487.4,6473.6,142.0,184044320.0,11798
2023-05-10 09:31:57,IM2312,IM2312,6486.8,3.0,3891600.0,-1.0,1,6483.4,6487.2,1,6482.4,6474.8,6487.4,6473.6,145.0,187935920.0,11797
2023-05-10 09:31:57,IM2312,IM2312,6486.8,0.0,0.0,0.0,1,6483.6,6487.2,1,6482.4,6474.8,6487.4,6473.6,145.0,187935920.0,11797
2023-05-10 09:31:58,IM2312,IM2312,6487.2,1.0,1297440.0,-1.0,1,6487.2,6487.8,1,6482.4,6474.8,6487.4,6473.6,146.0,189233360.0,11796
2023-05-10 09:31:58,IM2312,IM2312,6487.2,1.0,1297440.0,0.0,1,6484.6,6487.2,1,6482.4,6474.8,6487.4,6473.6,147.0,190530800.0,11796
2023-05-10 09:31:59,IM2312,IM2312,6487.2,0.0,0.0,0.0,1,6485.0,6487.8,1,6482.4,6474.8,6487.4,6473.6,147.0,190530800.0,11796
2023-05-10 09:31:59,IM2312,IM2312,6487.2,1.0,1297440.0,1.0,1,6485.0,6487.8,2,6482.4,6474.8,6487.4,6473.6,148.0,191828240.0,11797
2023-05-10 09:32:00,IM2312,IM2312,6488.0,4.0,5190240.0,-2.0,2,6487.8,6488.4,1,6482.4,6474.8,6488.0,6473.6,152.0,197018480.0,11795
2023-05-10 09:32:00,IM2312,IM2312,6488.6,6.0,7785640.0,-4.0,1,6485.2,6490.0,1,6482.4,6474.8,6488.6,6473.6,158.0,204804120.0,11791
2023-05-10 09:32:01,IM2312,IM2312,6488.6,0.0,0.0,0.0,1,6485.6,6488.8,2,6482.4,6474.8,6488.6,6473.6,158.0,204804120.0,11791
2023-05-10 09:32:01,IM2312,IM2312,6488.8,2.0,2595520.0,0.0,1,6485.6,6490.0,1,6482.4,6474.8,6488.8,6473.6,160.0,207399640.0,11791
2023-05-10 09:32:04,IM2312,IM2312,6490.0,1.0,1298000.0,-1.0,1,6490.0,6495.0,1,6482.4,6474.8,6490.0,6473.6,161.0,208697640.0,11790
2023-05-10 09:32:05,IM2312,IM2312,6490.0,1.0,1298000.0,0.0,1,6485.2,6490.0,1,6482.4,6474.8,6490.0,6473.6,162.0,209995640.0,11790
2023-05-10 09:32:05,IM2312,IM2312,6490.0,1.0,1298000.0,0.0,1,6487.8,6495.0,1,6482.4,6474.8,6490.0,6473.6,163.0,211293640.0,11790
2023-05-10 09:32:06,IM2312,IM2312,6490.0,0.0,0.0,0.0,1,6488.2,6492.2,1,6482.4,6474.8,6490.0,6473.6,163.0,211293640.0,11790
2023-05-10 09:32:06,IM2312,IM2312,6488.4,1.0,1297680.0,-1.0,1,6488.2,6491.8,1,6482.4,6474.8,6490.0,6473.6,164.0,212591320.0,11789
2023-05-10 09:32:07,IM2312,IM2312,6488.4,0.0,0.0,0.0,1,6487.4,6491.4,1,6482.4,6474.8,6490.0,6473.6,164.0,212591320.0,11789
2023-05-10 09:32:07,IM2312,IM2312,6487.4,1.0,1297480.0,-1.0,2,6485.0,6490.4,1,6482.4,6474.8,6490.0,6473.6,165.0,213888800.0,11788
2023-05-10 09:32:08,IM2312,IM2312,6487.4,0.0,0.0,0.0,2,6485.0,6490.0,1,6482.4,6474.8,6490.0,6473.6,165.0,213888800.0,11788
2023-05-10 09:32:08,IM2312,IM2312,6489.0,1.0,1297800.0,0.0,2,6485.0,6490.0,1,6482.4,6474.8,6490.0,6473.6,166.0,215186600.0,11788
2023-05-10 09:32:09,IM2312,IM2312,6489.0,0.0,0.0,0.0,1,6485.4,6490.0,1,6482.4,6474.8,6490.0,6473.6,166.0,215186600.0,11788
2023-05-10 09:32:09,IM2312,IM2312,6489.0,0.0,0.0,0.0,1,6485.8,6490.4,1,6482.4,6474.8,6490.0,6473.6,166.0,215186600.0,11788
2023-05-10 09:32:10,IM2312,IM2312,6489.0,0.0,0.0,0.0,1,6487.0,6490.4,1,6482.4,6474.8,6490.0,6473.6,166.0,215186600.0,11788
2023-05-10 09:32:10,IM2312,IM2312,6489.0,0.0,0.0,0.0,1,6487.4,6490.4,1,6482.4,6474.8,6490.0,6473.6,166.0,215186600.0,11788
2023-05-10 09:32:11,IM2312,IM2312,6489.0,0.0,0.0,0.0,1,6487.6,6491.8,1,6482.4,6474.8,6490.0,6473.6,166.0,215186600.0,11788
2023-05-10 09:32:11,IM2312,IM2312,6489.0,0.0,0.0,0.0,1,6487.6,6491.4,1,6482.4,6474.8,6490.0,6473.6,166.0,215186600.0,11788
2023-05-10 09:32:12,IM2312,IM2312,6489.0,0.0,0.0,0.0,2,6485.0,6491.2,1,6482.4,6474.8,6490.0,6473.6,166.0,215186600.0,11788
2023-05-10 09:32:12,IM2312,IM2312,6489.0,0.0,0.0,0.0,1,6486.6,6490.8,1,6482.4,6474.8,6490.0,6473.6,166.0,215186600.0,11788
2023-05-10 09:32:13,IM2312,IM2312,6489.0,0.0,0.0,0.0,2,6485.0,6490.8,1,6482.4,6474.8,6490.0,6473.6,166.0,215186600.0,11788
2023-05-10 09:32:13,IM2312,IM2312,6489.0,0.0,0.0,0.0,1,6486.4,6491.2,1,6482.4,6474.8,6490.0,6473.6,166.0,215186600.0,11788
2023-05-10 09:32:14,IM2312,IM2312,6489.0,0.0,0.0,0.0,1,6485.4,6490.8,1,6482.4,6474.8,6490.0,6473.6,166.0,215186600.0,11788
2023-05-10 09:32:14,IM2312,IM2312,6491.2,1.0,1298240.0,-1.0,1,6487.0,6490.8,1,6482.4,6474.8,6491.2,6473.6,167.0,216484840.0,11787
2023-05-10 09:32:15,IM2312,IM2312,6491.2,0.0,0.0,0.0,1,6487.4,6491.8,1,6482.4,6474.8,6491.2,6473.6,167.0,216484840.0,11787
2023-05-10 09:32:15,IM2312,IM2312,6491.2,0.0,0.0,0.0,1,6488.0,6491.8,1,6482.4,6474.8,6491.2,6473.6,167.0,216484840.0,11787
2023-05-10 09:32:17,IM2312,IM2312,6491.2,0.0,0.0,0.0,1,6488.4,6491.8,1,6482.4,6474.8,6491.2,6473.6,167.0,216484840.0,11787
2023-05-10 09:32:18,IM2312,IM2312,6491.2,0.0,0.0,0.0,1,6488.8,6491.8,1,6482.4,6474.8,6491.2,6473.6,167.0,216484840.0,11787
2023-05-10 09:32:18,IM2312,IM2312,6488.8,1.0,1297760.0,0.0,1,6486.8,6491.6,1,6482.4,6474.8,6491.2,6473.6,168.0,217782600.0,11787
2023-05-10 09:32:19,IM2312,IM2312,6488.8,0.0,0.0,0.0,1,6488.2,6495.0,1,6482.4,6474.8,6491.2,6473.6,168.0,217782600.0,11787
2023-05-10 09:32:19,IM2312,IM2312,6494.4,2.0,2597680.0,-1.0,1,6491.8,6494.6,1,6482.4,6474.8,6494.4,6473.6,170.0,220380280.0,11786
2023-05-10 09:32:20,IM2312,IM2312,6486.8,2.0,2595720.0,-1.0,2,6485.0,6492.2,1,6482.4,6474.8,6494.4,6473.6,172.0,222976000.0,11785
2023-05-10 09:32:20,IM2312,IM2312,6489.8,1.0,1297960.0,-1.0,1,6485.4,6491.8,1,6482.4,6474.8,6494.4,6473.6,173.0,224273960.0,11784
2023-05-10 09:32:21,IM2312,IM2312,6489.8,0.0,0.0,0.0,1,6487.8,6491.6,1,6482.4,6474.8,6494.4,6473.6,173.0,224273960.0,11784
2023-05-10 09:32:21,IM2312,IM2312,6489.8,0.0,0.0,0.0,1,6485.8,6491.2,1,6482.4,6474.8,6494.4,6473.6,173.0,224273960.0,11784
2023-05-10 09:32:22,IM2312,IM2312,6489.8,0.0,0.0,0.0,1,6487.0,6491.2,1,6482.4,6474.8,6494.4,6473.6,173.0,224273960.0,11784
2023-05-10 09:32:22,IM2312,IM2312,6489.8,0.0,0.0,0.0,1,6487.0,6491.0,1,6482.4,6474.8,6494.4,6473.6,173.0,224273960.0,11784
2023-05-10 09:32:23,IM2312,IM2312,6489.8,0.0,0.0,0.0,1,6486.2,6490.6,1,6482.4,6474.8,6494.4,6473.6,173.0,224273960.0,11784
2023-05-10 09:32:23,IM2312,IM2312,6489.8,0.0,0.0,0.0,1,6487.4,6491.2,2,6482.4,6474.8,6494.4,6473.6,173.0,224273960.0,11784
2023-05-10 09:32:24,IM2312,IM2312,6489.8,0.0,0.0,0.0,1,6488.0,6491.0,1,6482.4,6474.8,6494.4,6473.6,173.0,224273960.0,11784
2023-05-10 09:32:24,IM2312,IM2312,6489.8,0.0,0.0,0.0,1,6488.0,6491.0,4,6482.4,6474.8,6494.4,6473.6,173.0,224273960.0,11784
2023-05-10 09:32:25,IM2312,IM2312,6489.8,0.0,0.0,0.0,1,6486.6,6491.0,4,6482.4,6474.8,6494.4,6473.6,173.0,224273960.0,11784
2023-05-10 09:32:26,IM2312,IM2312,6489.8,0.0,0.0,0.0,2,6486.8,6490.8,1,6482.4,6474.8,6494.4,6473.6,173.0,224273960.0,11784
2023-05-10 09:32:26,IM2312,IM2312,6489.8,0.0,0.0,0.0,2,6486.8,6490.4,1,6482.4,6474.8,6494.4,6473.6,173.0,224273960.0,11784
2023-05-10 09:32:27,IM2312,IM2312,6489.8,0.0,0.0,0.0,2,6486.8,6490.0,1,6482.4,6474.8,6494.4,6473.6,173.0,224273960.0,11784
2023-05-10 09:32:28,IM2312,IM2312,6489.8,0.0,0.0,0.0,1,6485.4,6489.6,1,6482.4,6474.8,6494.4,6473.6,173.0,224273960.0,11784
2023-05-10 09:32:28,IM2312,IM2312,6489.8,0.0,0.0,0.0,1,6486.0,6489.6,3,6482.4,6474.8,6494.4,6473.6,173.0,224273960.0,11784
2023-05-10 09:32:29,IM2312,IM2312,6489.6,2.0,2595840.0,-1.0,3,6486.0,6489.6,1,6482.4,6474.8,6494.4,6473.6,175.0,226869800.0,11783
2023-05-10 09:32:30,IM2312,IM2312,6489.6,0.0,0.0,0.0,2,6486.0,6489.4,1,6482.4,6474.8,6494.4,6473.6,175.0,226869800.0,11783
2023-05-10 09:32:30,IM2312,IM2312,6489.6,0.0,0.0,0.0,1,6486.2,6489.4,1,6482.4,6474.8,6494.4,6473.6,175.0,226869800.0,11783
2023-05-10 09:32:31,IM2312,IM2312,6489.6,0.0,0.0,0.0,2,6489.4,6490.0,1,6482.4,6474.8,6494.4,6473.6,175.0,226869800.0,11783
2023-05-10 09:32:31,IM2312,IM2312,6486.2,3.0,3893000.0,-3.0,1,6486.2,6490.0,1,6482.4,6474.8,6494.4,6473.6,178.0,230762800.0,11780
2023-05-10 09:32:32,IM2312,IM2312,6486.2,1.0,1297240.0,-1.0,2,6486.0,6486.2,1,6482.4,6474.8,6494.4,6473.6,179.0,232060040.0,11779
2023-05-10 09:32:32,IM2312,IM2312,6486.0,2.0,2594440.0,0.0,1,6486.0,6489.6,1,6482.4,6474.8,6494.4,6473.6,181.0,234654480.0,11779
2023-05-10 09:32:33,IM2312,IM2312,6486.0,0.0,0.0,0.0,1,6486.0,6486.2,1,6482.4,6474.8,6494.4,6473.6,181.0,234654480.0,11779
2023-05-10 09:32:33,IM2312,IM2312,6486.2,1.0,1297240.0,0.0,2,6486.6,6490.0,1,6482.4,6474.8,6494.4,6473.6,182.0,235951720.0,11779
2023-05-10 09:32:34,IM2312,IM2312,6486.6,1.0,1297320.0,0.0,2,6486.0,6489.6,1,6482.4,6474.8,6494.4,6473.6,183.0,237249040.0,11779
2023-05-10 09:32:34,IM2312,IM2312,6486.0,3.0,3891640.0,0.0,1,6485.0,6489.6,1,6482.4,6474.8,6494.4,6473.6,186.0,241140680.0,11779
2023-05-10 09:32:35,IM2312,IM2312,6486.0,0.0,0.0,0.0,1,6485.8,6489.6,1,6482.4,6474.8,6494.4,6473.6,186.0,241140680.0,11779
2023-05-10 09:32:35,IM2312,IM2312,6486.0,0.0,0.0,0.0,1,6486.2,6489.6,1,6482.4,6474.8,6494.4,6473.6,186.0,241140680.0,11779
2023-05-10 09:32:36,IM2312,IM2312,6486.0,0.0,0.0,0.0,1,6486.2,6489.4,1,6482.4,6474.8,6494.4,6473.6,186.0,241140680.0,11779
2023-05-10 09:32:36,IM2312,IM2312,6486.0,0.0,0.0,0.0,1,6485.8,6488.8,1,6482.4,6474.8,6494.4,6473.6,186.0,241140680.0,11779
2023-05-10 09:32:37,IM2312,IM2312,6486.0,0.0,0.0,0.0,1,6485.8,6488.0,2,6482.4,6474.8,6494.4,6473.6,186.0,241140680.0,11779
2023-05-10 09:32:37,IM2312,IM2312,6486.0,0.0,0.0,0.0,1,6482.4,6488.8,1,6482.4,6474.8,6494.4,6473.6,186.0,241140680.0,11779
2023-05-10 09:32:38,IM2312,IM2312,6486.0,0.0,0.0,0.0,2,6485.0,6488.8,1,6482.4,6474.8,6494.4,6473.6,186.0,241140680.0,11779
2023-05-10 09:32:38,IM2312,IM2312,6488.8,1.0,1297760.0,0.0,1,6485.4,6489.8,1,6482.4,6474.8,6494.4,6473.6,187.0,242438440.0,11779
2023-05-10 09:32:39,IM2312,IM2312,6488.8,0.0,0.0,0.0,1,6486.4,6489.8,1,6482.4,6474.8,6494.4,6473.6,187.0,242438440.0,11779
2023-05-10 09:32:39,IM2312,IM2312,6488.8,0.0,0.0,0.0,1,6486.6,6489.6,1,6482.4,6474.8,6494.4,6473.6,187.0,242438440.0,11779
2023-05-10 09:32:40,IM2312,IM2312,6489.8,2.0,2595880.0,-2.0,1,6487.0,6490.0,1,6482.4,6474.8,6494.4,6473.6,189.0,245034320.0,11777
2023-05-10 09:32:40,IM2312,IM2312,6489.8,0.0,0.0,0.0,1,6487.8,6490.0,1,6482.4,6474.8,6494.4,6473.6,189.0,245034320.0,11777
2023-05-10 09:32:41,IM2312,IM2312,6489.8,0.0,0.0,0.0,1,6487.0,6488.8,1,6482.4,6474.8,6494.4,6473.6,189.0,245034320.0,11777
2023-05-10 09:32:41,IM2312,IM2312,6488.8,1.0,1297760.0,0.0,1,6487.0,6490.0,1,6482.4,6474.8,6494.4,6473.6,190.0,246332080.0,11777
2023-05-10 09:32:42,IM2312,IM2312,6488.8,0.0,0.0,0.0,1,6487.8,6488.4,2,6482.4,6474.8,6494.4,6473.6,190.0,246332080.0,11777
2023-05-10 09:32:42,IM2312,IM2312,6487.8,2.0,2595240.0,2.0,1,6487.0,6490.0,1,6482.4,6474.8,6494.4,6473.6,192.0,248927320.0,11779
2023-05-10 09:32:43,IM2312,IM2312,6490.0,1.0,1298000.0,-1.0,1,6487.4,6495.0,1,6482.4,6474.8,6494.4,6473.6,193.0,250225320.0,11778
2023-05-10 09:32:44,IM2312,IM2312,6487.4,1.0,1297480.0,1.0,1,6486.6,6490.8,1,6482.4,6474.8,6494.4,6473.6,194.0,251522800.0,11779
2023-05-10 09:32:44,IM2312,IM2312,6487.4,0.0,0.0,0.0,1,6483.2,6490.4,1,6482.4,6474.8,6494.4,6473.6,194.0,251522800.0,11779
2023-05-10 09:32:45,IM2312,IM2312,6487.4,0.0,0.0,0.0,1,6484.8,6489.2,1,6482.4,6474.8,6494.4,6473.6,194.0,251522800.0,11779
2023-05-10 09:32:45,IM2312,IM2312,6489.0,1.0,1297800.0,-1.0,1,6484.8,6489.2,1,6482.4,6474.8,6494.4,6473.6,195.0,252820600.0,11778
2023-05-10 09:32:46,IM2312,IM2312,6489.0,1.0,1297800.0,-1.0,1,6484.8,6489.2,1,6482.4,6474.8,6494.4,6473.6,196.0,254118400.0,11777
2023-05-10 09:32:46,IM2312,IM2312,6489.0,0.0,0.0,0.0,1,6485.2,6489.0,1,6482.4,6474.8,6494.4,6473.6,196.0,254118400.0,11777
2023-05-10 09:32:47,IM2312,IM2312,6489.0,0.0,0.0,0.0,1,6485.2,6487.6,1,6482.4,6474.8,6494.4,6473.6,196.0,254118400.0,11777
2023-05-10 09:32:47,IM2312,IM2312,6489.0,0.0,0.0,0.0,1,6485.2,6489.0,2,6482.4,6474.8,6494.4,6473.6,196.0,254118400.0,11777
2023-05-10 09:32:48,IM2312,IM2312,6489.0,0.0,0.0,0.0,1,6485.2,6488.4,1,6482.4,6474.8,6494.4,6473.6,196.0,254118400.0,11777
2023-05-10 09:32:48,IM2312,IM2312,6485.6,1.0,1297120.0,0.0,2,6484.2,6488.4,1,6482.4,6474.8,6494.4,6473.6,197.0,255415520.0,11777
2023-05-10 09:32:49,IM2312,IM2312,6488.4,1.0,1297680.0,0.0,2,6484.6,6485.0,1,6482.4,6474.8,6494.4,6473.6,198.0,256713200.0,11777
2023-05-10 09:32:49,IM2312,IM2312,6484.6,2.0,2593920.0,1.0,1,6488.4,6489.0,1,6482.4,6474.8,6494.4,6473.6,200.0,259307120.0,11778
2023-05-10 09:32:50,IM2312,IM2312,6483.4,2.0,2594360.0,-2.0,2,6483.0,6484.6,1,6482.4,6474.8,6494.4,6473.6,202.0,261901480.0,11776
2023-05-10 09:32:50,IM2312,IM2312,6484.6,2.0,2593840.0,-1.0,1,6485.2,6488.4,1,6482.4,6474.8,6494.4,6473.6,204.0,264495320.0,11775
2023-05-10 09:32:51,IM2312,IM2312,6484.6,0.0,0.0,0.0,1,6484.0,6487.6,1,6482.4,6474.8,6494.4,6473.6,204.0,264495320.0,11775
2023-05-10 09:32:51,IM2312,IM2312,6484.6,0.0,0.0,0.0,2,6484.4,6487.6,1,6482.4,6474.8,6494.4,6473.6,204.0,264495320.0,11775
2023-05-10 09:32:52,IM2312,IM2312,6484.4,1.0,1296880.0,0.0,1,6484.4,6487.6,1,6482.4,6474.8,6494.4,6473.6,205.0,265792200.0,11775
2023-05-10 09:32:52,IM2312,IM2312,6484.4,1.0,1296880.0,0.0,1,6483.6,6487.6,1,6482.4,6474.8,6494.4,6473.6,206.0,267089080.0,11775
2023-05-10 09:32:53,IM2312,IM2312,6484.4,0.0,0.0,0.0,1,6484.2,6488.2,1,6482.4,6474.8,6494.4,6473.6,206.0,267089080.0,11775
2023-05-10 09:32:54,IM2312,IM2312,6484.4,0.0,0.0,0.0,1,6487.6,6488.2,1,6482.4,6474.8,6494.4,6473.6,206.0,267089080.0,11775
2023-05-10 09:32:54,IM2312,IM2312,6484.0,3.0,3891240.0,-1.0,1,6484.6,6487.6,1,6482.4,6474.8,6494.4,6473.6,209.0,270980320.0,11774
2023-05-10 09:32:55,IM2312,IM2312,6488.0,1.0,1297600.0,0.0,1,6484.6,6486.6,1,6482.4,6474.8,6494.4,6473.6,210.0,272277920.0,11774
2023-05-10 09:32:55,IM2312,IM2312,6486.6,1.0,1297320.0,0.0,1,6486.6,6488.2,1,6482.4,6474.8,6494.4,6473.6,211.0,273575240.0,11774
2023-05-10 09:32:56,IM2312,IM2312,6486.6,1.0,1297320.0,-1.0,1,6485.0,6488.0,2,6482.4,6474.8,6494.4,6473.6,212.0,274872560.0,11773
2023-05-10 09:32:56,IM2312,IM2312,6486.6,0.0,0.0,0.0,1,6485.4,6486.6,1,6482.4,6474.8,6494.4,6473.6,212.0,274872560.0,11773
2023-05-10 09:32:57,IM2312,IM2312,6486.6,1.0,1297320.0,0.0,1,6485.4,6488.0,2,6482.4,6474.8,6494.4,6473.6,213.0,276169880.0,11773
2023-05-10 09:32:57,IM2312,IM2312,6486.6,0.0,0.0,0.0,1,6483.6,6488.0,2,6482.4,6474.8,6494.4,6473.6,213.0,276169880.0,11773
2023-05-10 09:32:58,IM2312,IM2312,6486.6,0.0,0.0,0.0,1,6485.0,6487.2,1,6482.4,6474.8,6494.4,6473.6,213.0,276169880.0,11773
2023-05-10 09:32:59,IM2312,IM2312,6487.2,1.0,1297440.0,0.0,1,6485.0,6488.2,1,6482.4,6474.8,6494.4,6473.6,214.0,277467320.0,11773
2023-05-10 09:32:59,IM2312,IM2312,6487.2,0.0,0.0,0.0,1,6485.0,6488.0,1,6482.4,6474.8,6494.4,6473.6,214.0,277467320.0,11773
2023-05-10 09:33:00,IM2312,IM2312,6487.2,0.0,0.0,0.0,1,6485.0,6487.8,2,6482.4,6474.8,6494.4,6473.6,214.0,277467320.0,11773
2023-05-10 09:33:00,IM2312,IM2312,6487.2,0.0,0.0,0.0,3,6485.0,6487.2,1,6482.4,6474.8,6494.4,6473.6,214.0,277467320.0,11773
2023-05-10 09:33:01,IM2312,IM2312,6485.0,1.0,1297000.0,1.0,2,6485.0,6488.2,1,6482.4,6474.8,6494.4,6473.6,215.0,278764320.0,11774
2023-05-10 09:33:01,IM2312,IM2312,6487.6,1.0,1297520.0,0.0,2,6485.0,6488.2,1,6482.4,6474.8,6494.4,6473.6,216.0,280061840.0,11774
2023-05-10 09:33:02,IM2312,IM2312,6487.6,0.0,0.0,0.0,1,6485.4,6488.2,1,6482.4,6474.8,6494.4,6473.6,216.0,280061840.0,11774
2023-05-10 09:33:04,IM2312,IM2312,6487.6,0.0,0.0,0.0,1,6485.4,6489.0,1,6482.4,6474.8,6494.4,6473.6,216.0,280061840.0,11774
2023-05-10 09:33:04,IM2312,IM2312,6487.6,0.0,0.0,0.0,1,6485.4,6488.8,1,6482.4,6474.8,6494.4,6473.6,216.0,280061840.0,11774
2023-05-10 09:33:05,IM2312,IM2312,6488.6,1.0,1297720.0,-1.0,3,6485.0,6488.8,1,6482.4,6474.8,6494.4,6473.6,217.0,281359560.0,11773
2023-05-10 09:33:06,IM2312,IM2312,6488.6,0.0,0.0,0.0,3,6485.0,6488.6,1,6482.4,6474.8,6494.4,6473.6,217.0,281359560.0,11773
2023-05-10 09:33:06,IM2312,IM2312,6488.6,0.0,0.0,0.0,3,6485.0,6488.4,4,6482.4,6474.8,6494.4,6473.6,217.0,281359560.0,11773
2023-05-10 09:33:07,IM2312,IM2312,6485.0,2.0,2594000.0,-2.0,2,6485.0,6488.0,1,6482.4,6474.8,6494.4,6473.6,219.0,283953560.0,11771
2023-05-10 09:33:07,IM2312,IM2312,6485.0,0.0,0.0,0.0,2,6485.0,6487.2,1,6482.4,6474.8,6494.4,6473.6,219.0,283953560.0,11771
2023-05-10 09:33:08,IM2312,IM2312,6485.0,2.0,2594000.0,0.0,2,6483.0,6485.0,1,6482.4,6474.8,6494.4,6473.6,221.0,286547560.0,11771
2023-05-10 09:33:08,IM2312,IM2312,6485.0,1.0,1297000.0,0.0,1,6483.8,6487.0,1,6482.4,6474.8,6494.4,6473.6,222.0,287844560.0,11771
2023-05-10 09:33:09,IM2312,IM2312,6485.0,0.0,0.0,0.0,1,6483.8,6486.8,4,6482.4,6474.8,6494.4,6473.6,222.0,287844560.0,11771
2023-05-10 09:33:09,IM2312,IM2312,6485.0,0.0,0.0,0.0,2,6483.0,6486.8,2,6482.4,6474.8,6494.4,6473.6,222.0,287844560.0,11771
2023-05-10 09:33:10,IM2312,IM2312,6485.0,0.0,0.0,0.0,1,6483.4,6486.6,1,6482.4,6474.8,6494.4,6473.6,222.0,287844560.0,11771
2023-05-10 09:33:10,IM2312,IM2312,6485.0,0.0,0.0,0.0,1,6483.6,6486.6,1,6482.4,6474.8,6494.4,6473.6,222.0,287844560.0,11771
2023-05-10 09:33:11,IM2312,IM2312,6485.0,0.0,0.0,0.0,1,6483.8,6486.6,1,6482.4,6474.8,6494.4,6473.6,222.0,287844560.0,11771
2023-05-10 09:33:11,IM2312,IM2312,6486.6,1.0,1297320.0,0.0,1,6483.8,6486.8,1,6482.4,6474.8,6494.4,6473.6,223.0,289141880.0,11771
2023-05-10 09:33:12,IM2312,IM2312,6486.6,0.0,0.0,0.0,1,6484.0,6487.0,1,6482.4,6474.8,6494.4,6473.6,223.0,289141880.0,11771
2023-05-10 09:33:12,IM2312,IM2312,6486.6,0.0,0.0,0.0,2,6484.2,6487.0,1,6482.4,6474.8,6494.4,6473.6,223.0,289141880.0,11771
2023-05-10 09:33:13,IM2312,IM2312,6486.6,0.0,0.0,0.0,1,6484.4,6487.0,1,6482.4,6474.8,6494.4,6473.6,223.0,289141880.0,11771
2023-05-10 09:33:13,IM2312,IM2312,6486.6,0.0,0.0,0.0,2,6484.6,6488.4,1,6482.4,6474.8,6494.4,6473.6,223.0,289141880.0,11771
2023-05-10 09:33:14,IM2312,IM2312,6486.6,0.0,0.0,0.0,1,6484.8,6488.4,1,6482.4,6474.8,6494.4,6473.6,223.0,289141880.0,11771
2023-05-10 09:33:15,IM2312,IM2312,6486.6,0.0,0.0,0.0,1,6484.8,6488.2,3,6482.4,6474.8,6494.4,6473.6,223.0,289141880.0,11771
2023-05-10 09:33:15,IM2312,IM2312,6486.6,0.0,0.0,0.0,1,6484.8,6488.0,1,6482.4,6474.8,6494.4,6473.6,223.0,289141880.0,11771
2023-05-10 09:33:16,IM2312,IM2312,6486.6,0.0,0.0,0.0,1,6484.8,6487.8,1,6482.4,6474.8,6494.4,6473.6,223.0,289141880.0,11771
2023-05-10 09:33:16,IM2312,IM2312,6484.6,2.0,2593880.0,-2.0,1,6484.2,6487.2,1,6482.4,6474.8,6494.4,6473.6,225.0,291735760.0,11769
2023-05-10 09:33:17,IM2312,IM2312,6484.6,0.0,0.0,0.0,2,6483.0,6486.8,1,6482.4,6474.8,6494.4,6473.6,225.0,291735760.0,11769
2023-05-10 09:33:17,IM2312,IM2312,6484.6,0.0,0.0,0.0,2,6483.0,6484.2,1,6482.4,6474.8,6494.4,6473.6,225.0,291735760.0,11769
2023-05-10 09:33:18,IM2312,IM2312,6484.6,0.0,0.0,0.0,1,6482.6,6484.2,1,6482.4,6474.8,6494.4,6473.6,225.0,291735760.0,11769
2023-05-10 09:33:18,IM2312,IM2312,6484.6,0.0,0.0,0.0,1,6482.4,6484.2,1,6482.4,6474.8,6494.4,6473.6,225.0,291735760.0,11769
2023-05-10 09:33:19,IM2312,IM2312,6484.6,0.0,0.0,0.0,3,6482.6,6484.2,1,6482.4,6474.8,6494.4,6473.6,225.0,291735760.0,11769
2023-05-10 09:33:20,IM2312,IM2312,6484.2,1.0,1296840.0,-1.0,3,6482.6,6486.0,1,6482.4,6474.8,6494.4,6473.6,226.0,293032600.0,11768
2023-05-10 09:33:20,IM2312,IM2312,6484.2,0.0,0.0,0.0,3,6482.6,6485.6,3,6482.4,6474.8,6494.4,6473.6,226.0,293032600.0,11768
2023-05-10 09:33:21,IM2312,IM2312,6484.2,0.0,0.0,0.0,2,6482.6,6485.2,1,6482.4,6474.8,6494.4,6473.6,226.0,293032600.0,11768
2023-05-10 09:33:21,IM2312,IM2312,6484.2,0.0,0.0,0.0,1,6482.4,6484.6,1,6482.4,6474.8,6494.4,6473.6,226.0,293032600.0,11768
2023-05-10 09:33:22,IM2312,IM2312,6484.2,0.0,0.0,0.0,1,6482.4,6484.4,1,6482.4,6474.8,6494.4,6473.6,226.0,293032600.0,11768
2023-05-10 09:33:22,IM2312,IM2312,6484.2,0.0,0.0,0.0,1,6482.0,6484.4,1,6482.4,6474.8,6494.4,6473.6,226.0,293032600.0,11768
2023-05-10 09:33:23,IM2312,IM2312,6484.2,0.0,0.0,0.0,2,6482.2,6484.4,1,6482.4,6474.8,6494.4,6473.6,226.0,293032600.0,11768
2023-05-10 09:33:24,IM2312,IM2312,6484.2,0.0,0.0,0.0,1,6484.4,6485.2,1,6482.4,6474.8,6494.4,6473.6,226.0,293032600.0,11768
2023-05-10 09:33:24,IM2312,IM2312,6482.2,2.0,2593320.0,-1.0,1,6482.2,6483.6,1,6482.4,6474.8,6494.4,6473.6,228.0,295625920.0,11767
2023-05-10 09:33:25,IM2312,IM2312,6483.6,1.0,1296720.0,0.0,1,6482.2,6485.2,1,6482.4,6474.8,6494.4,6473.6,229.0,296922640.0,11767
2023-05-10 09:33:25,IM2312,IM2312,6482.2,1.0,1296440.0,1.0,1,6482.0,6485.0,1,6482.4,6474.8,6494.4,6473.6,230.0,298219080.0,11768
2023-05-10 09:33:26,IM2312,IM2312,6482.2,0.0,0.0,0.0,1,6482.0,6484.4,1,6482.4,6474.8,6494.4,6473.6,230.0,298219080.0,11768
2023-05-10 09:33:26,IM2312,IM2312,6482.2,0.0,0.0,0.0,1,6482.0,6484.0,1,6482.4,6474.8,6494.4,6473.6,230.0,298219080.0,11768
2023-05-10 09:33:27,IM2312,IM2312,6482.0,1.0,1296400.0,1.0,1,6481.0,6484.0,1,6482.4,6474.8,6494.4,6473.6,231.0,299515480.0,11769
2023-05-10 09:33:27,IM2312,IM2312,6482.0,0.0,0.0,0.0,1,6481.0,6483.6,1,6482.4,6474.8,6494.4,6473.6,231.0,299515480.0,11769
2023-05-10 09:33:28,IM2312,IM2312,6482.0,0.0,0.0,0.0,1,6481.0,6483.4,1,6482.4,6474.8,6494.4,6473.6,231.0,299515480.0,11769
2023-05-10 09:33:29,IM2312,IM2312,6482.0,0.0,0.0,0.0,2,6481.2,6484.8,1,6482.4,6474.8,6494.4,6473.6,231.0,299515480.0,11769
2023-05-10 09:33:30,IM2312,IM2312,6482.0,0.0,0.0,0.0,1,6481.4,6484.4,1,6482.4,6474.8,6494.4,6473.6,231.0,299515480.0,11769
2023-05-10 09:33:31,IM2312,IM2312,6482.0,0.0,0.0,0.0,1,6481.4,6484.2,1,6482.4,6474.8,6494.4,6473.6,231.0,299515480.0,11769
2023-05-10 09:33:31,IM2312,IM2312,6482.0,0.0,0.0,0.0,1,6481.0,6484.0,2,6482.4,6474.8,6494.4,6473.6,231.0,299515480.0,11769
2023-05-10 09:33:32,IM2312,IM2312,6482.0,0.0,0.0,0.0,1,6481.0,6483.0,1,6482.4,6474.8,6494.4,6473.6,231.0,299515480.0,11769
2023-05-10 09:33:32,IM2312,IM2312,6482.0,0.0,0.0,0.0,1,6481.0,6482.8,2,6482.4,6474.8,6494.4,6473.6,231.0,299515480.0,11769
2023-05-10 09:33:34,IM2312,IM2312,6482.0,0.0,0.0,0.0,1,6481.0,6482.4,1,6482.4,6474.8,6494.4,6473.6,231.0,299515480.0,11769
2023-05-10 09:33:34,IM2312,IM2312,6481.0,1.0,1296200.0,0.0,1,6475.0,6482.0,2,6482.4,6474.8,6494.4,6473.6,232.0,300811680.0,11769
2023-05-10 09:33:35,IM2312,IM2312,6481.0,0.0,0.0,0.0,2,6479.2,6481.6,1,6482.4,6474.8,6494.4,6473.6,232.0,300811680.0,11769
2023-05-10 09:33:35,IM2312,IM2312,6481.0,0.0,0.0,0.0,1,6479.2,6481.4,2,6482.4,6474.8,6494.4,6473.6,232.0,300811680.0,11769
2023-05-10 09:33:36,IM2312,IM2312,6481.0,0.0,0.0,0.0,1,6477.0,6481.4,2,6482.4,6474.8,6494.4,6473.6,232.0,300811680.0,11769
2023-05-10 09:33:36,IM2312,IM2312,6481.0,0.0,0.0,0.0,1,6478.4,6481.6,1,6482.4,6474.8,6494.4,6473.6,232.0,300811680.0,11769
2023-05-10 09:33:37,IM2312,IM2312,6481.0,0.0,0.0,0.0,1,6478.6,6481.6,1,6482.4,6474.8,6494.4,6473.6,232.0,300811680.0,11769
2023-05-10 09:33:37,IM2312,IM2312,6481.0,0.0,0.0,0.0,1,6478.6,6481.4,2,6482.4,6474.8,6494.4,6473.6,232.0,300811680.0,11769
2023-05-10 09:33:38,IM2312,IM2312,6481.0,0.0,0.0,0.0,1,6478.6,6481.2,1,6482.4,6474.8,6494.4,6473.6,232.0,300811680.0,11769
2023-05-10 09:33:40,IM2312,IM2312,6478.6,1.0,1295720.0,0.0,2,6476.4,6481.2,1,6482.4,6474.8,6494.4,6473.6,233.0,302107400.0,11769
2023-05-10 09:33:40,IM2312,IM2312,6478.6,0.0,0.0,0.0,1,6477.6,6481.0,1,6482.4,6474.8,6494.4,6473.6,233.0,302107400.0,11769
2023-05-10 09:33:41,IM2312,IM2312,6478.6,0.0,0.0,0.0,1,6477.6,6480.8,2,6482.4,6474.8,6494.4,6473.6,233.0,302107400.0,11769
2023-05-10 09:33:41,IM2312,IM2312,6478.6,0.0,0.0,0.0,1,6476.6,6480.4,1,6482.4,6474.8,6494.4,6473.6,233.0,302107400.0,11769
2023-05-10 09:33:42,IM2312,IM2312,6478.6,0.0,0.0,0.0,1,6477.0,6480.2,1,6482.4,6474.8,6494.4,6473.6,233.0,302107400.0,11769
2023-05-10 09:33:43,IM2312,IM2312,6478.6,0.0,0.0,0.0,1,6477.4,6480.2,1,6482.4,6474.8,6494.4,6473.6,233.0,302107400.0,11769
2023-05-10 09:33:43,IM2312,IM2312,6478.6,0.0,0.0,0.0,1,6477.6,6480.2,1,6482.4,6474.8,6494.4,6473.6,233.0,302107400.0,11769
2023-05-10 09:33:45,IM2312,IM2312,6480.0,1.0,1296000.0,0.0,1,6477.6,6480.2,1,6482.4,6474.8,6494.4,6473.6,234.0,303403400.0,11769
2023-05-10 09:33:45,IM2312,IM2312,6480.0,0.0,0.0,0.0,1,6477.0,6480.2,1,6482.4,6474.8,6494.4,6473.6,234.0,303403400.0,11769
2023-05-10 09:33:46,IM2312,IM2312,6480.0,0.0,0.0,0.0,1,6476.6,6480.0,2,6482.4,6474.8,6494.4,6473.6,234.0,303403400.0,11769
2023-05-10 09:33:46,IM2312,IM2312,6480.0,0.0,0.0,0.0,1,6476.8,6479.6,1,6482.4,6474.8,6494.4,6473.6,234.0,303403400.0,11769
2023-05-10 09:33:47,IM2312,IM2312,6480.0,0.0,0.0,0.0,1,6476.8,6477.6,4,6482.4,6474.8,6494.4,6473.6,234.0,303403400.0,11769
2023-05-10 09:33:47,IM2312,IM2312,6477.6,4.0,5182080.0,-4.0,1,6477.0,6479.8,1,6482.4,6474.8,6494.4,6473.6,238.0,308585480.0,11765
2023-05-10 09:33:48,IM2312,IM2312,6477.6,0.0,0.0,0.0,1,6477.0,6479.6,1,6482.4,6474.8,6494.4,6473.6,238.0,308585480.0,11765
2023-05-10 09:33:49,IM2312,IM2312,6477.6,0.0,0.0,0.0,1,6477.0,6479.4,2,6482.4,6474.8,6494.4,6473.6,238.0,308585480.0,11765
2023-05-10 09:33:49,IM2312,IM2312,6477.6,0.0,0.0,0.0,1,6477.0,6479.2,1,6482.4,6474.8,6494.4,6473.6,238.0,308585480.0,11765
2023-05-10 09:33:51,IM2312,IM2312,6479.2,1.0,1295840.0,0.0,1,6477.0,6479.4,2,6482.4,6474.8,6494.4,6473.6,239.0,309881320.0,11765
2023-05-10 09:33:51,IM2312,IM2312,6479.2,0.0,0.0,0.0,1,6477.0,6478.8,2,6482.4,6474.8,6494.4,6473.6,239.0,309881320.0,11765
2023-05-10 09:33:52,IM2312,IM2312,6479.2,0.0,0.0,0.0,2,6476.2,6478.6,1,6482.4,6474.8,6494.4,6473.6,239.0,309881320.0,11765
2023-05-10 09:33:52,IM2312,IM2312,6479.2,0.0,0.0,0.0,1,6475.2,6478.4,2,6482.4,6474.8,6494.4,6473.6,239.0,309881320.0,11765
2023-05-10 09:33:53,IM2312,IM2312,6479.2,0.0,0.0,0.0,3,6475.4,6478.2,2,6482.4,6474.8,6494.4,6473.6,239.0,309881320.0,11765
2023-05-10 09:33:53,IM2312,IM2312,6479.2,0.0,0.0,0.0,3,6475.4,6478.4,1,6482.4,6474.8,6494.4,6473.6,239.0,309881320.0,11765
2023-05-10 09:33:54,IM2312,IM2312,6479.2,0.0,0.0,0.0,1,6475.6,6479.2,1,6482.4,6474.8,6494.4,6473.6,239.0,309881320.0,11765
2023-05-10 09:33:54,IM2312,IM2312,6479.2,0.0,0.0,0.0,1,6475.8,6495.0,1,6482.4,6474.8,6494.4,6473.6,239.0,309881320.0,11765
2023-05-10 09:33:55,IM2312,IM2312,6479.2,0.0,0.0,0.0,2,6479.2,6482.4,1,6482.4,6474.8,6494.4,6473.6,239.0,309881320.0,11765
2023-05-10 09:33:55,IM2312,IM2312,6479.2,0.0,0.0,0.0,1,6479.4,6480.6,2,6482.4,6474.8,6494.4,6473.6,239.0,309881320.0,11765
2023-05-10 09:33:56,IM2312,IM2312,6480.6,2.0,2592240.0,0.0,1,6479.4,6482.2,1,6482.4,6474.8,6494.4,6473.6,241.0,312473560.0,11765
2023-05-10 09:33:56,IM2312,IM2312,6480.6,0.0,0.0,0.0,2,6479.6,6481.6,1,6482.4,6474.8,6494.4,6473.6,241.0,312473560.0,11765
2023-05-10 09:33:57,IM2312,IM2312,6480.6,0.0,0.0,0.0,1,6479.4,6481.6,1,6482.4,6474.8,6494.4,6473.6,241.0,312473560.0,11765
2023-05-10 09:33:57,IM2312,IM2312,6480.6,0.0,0.0,0.0,4,6479.6,6482.2,1,6482.4,6474.8,6494.4,6473.6,241.0,312473560.0,11765
2023-05-10 09:33:58,IM2312,IM2312,6480.6,0.0,0.0,0.0,4,6479.6,6482.0,1,6482.4,6474.8,6494.4,6473.6,241.0,312473560.0,11765
2023-05-10 09:33:58,IM2312,IM2312,6480.6,0.0,0.0,0.0,4,6479.6,6482.4,1,6482.4,6474.8,6494.4,6473.6,241.0,312473560.0,11765
2023-05-10 09:33:59,IM2312,IM2312,6480.6,0.0,0.0,0.0,1,6481.6,6482.4,1,6482.4,6474.8,6494.4,6473.6,241.0,312473560.0,11765
2023-05-10 09:33:59,IM2312,IM2312,6479.4,2.0,2592200.0,-1.0,2,6479.2,6482.4,1,6482.4,6474.8,6494.4,6473.6,243.0,315065760.0,11764
2023-05-10 09:34:00,IM2312,IM2312,6482.0,2.0,2592280.0,1.0,2,6479.4,6482.4,1,6482.4,6474.8,6494.4,6473.6,245.0,317658040.0,11765
2023-05-10 09:34:00,IM2312,IM2312,6482.0,0.0,0.0,0.0,1,6479.6,6482.4,1,6482.4,6474.8,6494.4,6473.6,245.0,317658040.0,11765
2023-05-10 09:34:01,IM2312,IM2312,6482.0,0.0,0.0,0.0,2,6480.4,6482.4,1,6482.4,6474.8,6494.4,6473.6,245.0,317658040.0,11765
2023-05-10 09:34:01,IM2312,IM2312,6482.0,0.0,0.0,0.0,2,6479.6,6482.4,1,6482.4,6474.8,6494.4,6473.6,245.0,317658040.0,11765
2023-05-10 09:34:02,IM2312,IM2312,6482.4,1.0,1296480.0,1.0,1,6479.8,6488.0,1,6482.4,6474.8,6494.4,6473.6,246.0,318954520.0,11766
2023-05-10 09:34:02,IM2312,IM2312,6482.4,0.0,0.0,0.0,1,6480.6,6483.6,2,6482.4,6474.8,6494.4,6473.6,246.0,318954520.0,11766
2023-05-10 09:34:03,IM2312,IM2312,6479.6,3.0,3888000.0,-1.0,2,6479.2,6480.6,1,6482.4,6474.8,6494.4,6473.6,249.0,322842520.0,11765
2023-05-10 09:34:04,IM2312,IM2312,6479.2,2.0,2591680.0,-1.0,1,6476.0,6480.6,1,6482.4,6474.8,6494.4,6473.6,251.0,325434200.0,11764
2023-05-10 09:34:05,IM2312,IM2312,6479.2,0.0,0.0,0.0,1,6477.8,6480.4,1,6482.4,6474.8,6494.4,6473.6,251.0,325434200.0,11764
2023-05-10 09:34:05,IM2312,IM2312,6479.2,0.0,0.0,0.0,1,6477.8,6480.6,1,6482.4,6474.8,6494.4,6473.6,251.0,325434200.0,11764
2023-05-10 09:34:06,IM2312,IM2312,6479.2,0.0,0.0,0.0,1,6480.4,6480.6,1,6482.4,6474.8,6494.4,6473.6,251.0,325434200.0,11764
2023-05-10 09:34:06,IM2312,IM2312,6480.4,3.0,3888240.0,-3.0,2,6476.8,6480.6,1,6482.4,6474.8,6494.4,6473.6,254.0,329322440.0,11761
2023-05-10 09:34:07,IM2312,IM2312,6477.8,1.0,1295560.0,0.0,1,6477.6,6480.4,1,6482.4,6474.8,6494.4,6473.6,255.0,330618000.0,11761
2023-05-10 09:34:08,IM2312,IM2312,6477.8,0.0,0.0,0.0,1,6478.0,6480.2,1,6482.4,6474.8,6494.4,6473.6,255.0,330618000.0,11761
2023-05-10 09:34:08,IM2312,IM2312,6477.8,0.0,0.0,0.0,1,6478.2,6480.4,1,6482.4,6474.8,6494.4,6473.6,255.0,330618000.0,11761
2023-05-10 09:34:09,IM2312,IM2312,6480.0,1.0,1296000.0,1.0,2,6476.8,6480.2,2,6482.4,6474.8,6494.4,6473.6,256.0,331914000.0,11762
2023-05-10 09:34:09,IM2312,IM2312,6480.0,0.0,0.0,0.0,3,6477.0,6480.2,2,6482.4,6474.8,6494.4,6473.6,256.0,331914000.0,11762
2023-05-10 09:34:10,IM2312,IM2312,6480.0,0.0,0.0,0.0,2,6477.0,6480.2,2,6482.4,6474.8,6494.4,6473.6,256.0,331914000.0,11762
2023-05-10 09:34:10,IM2312,IM2312,6480.0,0.0,0.0,0.0,2,6477.0,6479.8,1,6482.4,6474.8,6494.4,6473.6,256.0,331914000.0,11762
2023-05-10 09:34:13,IM2312,IM2312,6477.0,1.0,1295400.0,0.0,1,6477.0,6479.8,1,6482.4,6474.8,6494.4,6473.6,257.0,333209400.0,11762
2023-05-10 09:34:14,IM2312,IM2312,6477.0,0.0,0.0,0.0,1,6477.2,6480.4,1,6482.4,6474.8,6494.4,6473.6,257.0,333209400.0,11762
2023-05-10 09:34:14,IM2312,IM2312,6477.0,0.0,0.0,0.0,1,6477.4,6480.4,1,6482.4,6474.8,6494.4,6473.6,257.0,333209400.0,11762
2023-05-10 09:34:15,IM2312,IM2312,6477.4,1.0,1295480.0,0.0,1,6477.4,6480.4,1,6482.4,6474.8,6494.4,6473.6,258.0,334504880.0,11762
2023-05-10 09:34:16,IM2312,IM2312,6477.4,0.0,0.0,0.0,1,6477.4,6480.2,2,6482.4,6474.8,6494.4,6473.6,258.0,334504880.0,11762
2023-05-10 09:34:18,IM2312,IM2312,6477.4,0.0,0.0,0.0,1,6477.4,6480.0,1,6482.4,6474.8,6494.4,6473.6,258.0,334504880.0,11762
2023-05-10 09:34:18,IM2312,IM2312,6477.4,0.0,0.0,0.0,1,6477.0,6480.0,1,6482.4,6474.8,6494.4,6473.6,258.0,334504880.0,11762
2023-05-10 09:34:19,IM2312,IM2312,6477.4,0.0,0.0,0.0,2,6476.8,6479.6,1,6482.4,6474.8,6494.4,6473.6,258.0,334504880.0,11762
2023-05-10 09:34:19,IM2312,IM2312,6476.8,2.0,2590720.0,2.0,1,6475.2,6478.8,2,6482.4,6474.8,6494.4,6473.6,260.0,337095600.0,11764
2023-05-10 09:34:20,IM2312,IM2312,6476.8,0.0,0.0,0.0,1,6475.8,6478.6,1,6482.4,6474.8,6494.4,6473.6,260.0,337095600.0,11764
2023-05-10 09:34:20,IM2312,IM2312,6476.8,0.0,0.0,0.0,1,6475.2,6478.4,1,6482.4,6474.8,6494.4,6473.6,260.0,337095600.0,11764
2023-05-10 09:34:21,IM2312,IM2312,6476.8,0.0,0.0,0.0,2,6475.4,6478.2,1,6482.4,6474.8,6494.4,6473.6,260.0,337095600.0,11764
2023-05-10 09:34:21,IM2312,IM2312,6478.2,1.0,1295640.0,-1.0,2,6475.4,6478.8,2,6482.4,6474.8,6494.4,6473.6,261.0,338391240.0,11763
2023-05-10 09:34:22,IM2312,IM2312,6478.2,0.0,0.0,0.0,1,6475.8,6478.8,2,6482.4,6474.8,6494.4,6473.6,261.0,338391240.0,11763
2023-05-10 09:34:22,IM2312,IM2312,6478.2,0.0,0.0,0.0,1,6476.2,6479.6,1,6482.4,6474.8,6494.4,6473.6,261.0,338391240.0,11763
2023-05-10 09:34:23,IM2312,IM2312,6478.2,0.0,0.0,0.0,1,6476.6,6479.4,2,6482.4,6474.8,6494.4,6473.6,261.0,338391240.0,11763
2023-05-10 09:34:23,IM2312,IM2312,6478.2,0.0,0.0,0.0,2,6476.6,6479.4,2,6482.4,6474.8,6494.4,6473.6,261.0,338391240.0,11763
2023-05-10 09:34:25,IM2312,IM2312,6477.0,3.0,3887160.0,0.0,2,6477.0,6480.4,4,6482.4,6474.8,6494.4,6473.6,264.0,342278400.0,11763
2023-05-10 09:34:26,IM2312,IM2312,6480.4,4.0,5184320.0,-4.0,2,6477.0,6487.8,1,6482.4,6474.8,6494.4,6473.6,268.0,347462720.0,11759
2023-05-10 09:34:26,IM2312,IM2312,6480.4,0.0,0.0,0.0,1,6478.6,6483.6,1,6482.4,6474.8,6494.4,6473.6,268.0,347462720.0,11759
2023-05-10 09:34:27,IM2312,IM2312,6480.4,0.0,0.0,0.0,1,6477.2,6483.2,1,6482.4,6474.8,6494.4,6473.6,268.0,347462720.0,11759
2023-05-10 09:34:27,IM2312,IM2312,6482.8,1.0,1296560.0,0.0,1,6480.2,6483.2,1,6482.4,6474.8,6494.4,6473.6,269.0,348759280.0,11759
2023-05-10 09:34:28,IM2312,IM2312,6483.2,1.0,1296640.0,0.0,1,6480.8,6484.8,1,6482.4,6474.8,6494.4,6473.6,270.0,350055920.0,11759
2023-05-10 09:34:29,IM2312,IM2312,6483.2,0.0,0.0,0.0,1,6481.0,6484.4,1,6482.4,6474.8,6494.4,6473.6,270.0,350055920.0,11759
2023-05-10 09:34:29,IM2312,IM2312,6483.2,0.0,0.0,0.0,1,6481.0,6484.2,2,6482.4,6474.8,6494.4,6473.6,270.0,350055920.0,11759
2023-05-10 09:34:30,IM2312,IM2312,6483.2,0.0,0.0,0.0,1,6481.0,6484.0,2,6482.4,6474.8,6494.4,6473.6,270.0,350055920.0,11759
2023-05-10 09:34:30,IM2312,IM2312,6484.0,1.0,1296800.0,0.0,1,6480.8,6484.0,1,6482.4,6474.8,6494.4,6473.6,271.0,351352720.0,11759
2023-05-10 09:34:31,IM2312,IM2312,6484.0,0.0,0.0,0.0,1,6481.0,6484.0,1,6482.4,6474.8,6494.4,6473.6,271.0,351352720.0,11759
2023-05-10 09:34:31,IM2312,IM2312,6484.0,0.0,0.0,0.0,1,6480.8,6484.0,1,6482.4,6474.8,6494.4,6473.6,271.0,351352720.0,11759
2023-05-10 09:34:32,IM2312,IM2312,6484.0,0.0,0.0,0.0,1,6479.2,6483.6,3,6482.4,6474.8,6494.4,6473.6,271.0,351352720.0,11759
2023-05-10 09:34:32,IM2312,IM2312,6484.0,0.0,0.0,0.0,1,6479.4,6482.4,1,6482.4,6474.8,6494.4,6473.6,271.0,351352720.0,11759
2023-05-10 09:34:33,IM2312,IM2312,6484.0,0.0,0.0,0.0,1,6479.8,6483.2,1,6482.4,6474.8,6494.4,6473.6,271.0,351352720.0,11759
2023-05-10 09:34:33,IM2312,IM2312,6484.0,0.0,0.0,0.0,1,6480.2,6483.0,1,6482.4,6474.8,6494.4,6473.6,271.0,351352720.0,11759
2023-05-10 09:34:34,IM2312,IM2312,6484.0,0.0,0.0,0.0,1,6480.6,6483.0,1,6482.4,6474.8,6494.4,6473.6,271.0,351352720.0,11759
2023-05-10 09:34:34,IM2312,IM2312,6484.0,0.0,0.0,0.0,1,6481.6,6482.8,1,6482.4,6474.8,6494.4,6473.6,271.0,351352720.0,11759
2023-05-10 09:34:35,IM2312,IM2312,6483.0,1.0,1296600.0,-1.0,1,6481.6,6487.8,1,6482.4,6474.8,6494.4,6473.6,272.0,352649320.0,11758
2023-05-10 09:34:35,IM2312,IM2312,6483.0,0.0,0.0,0.0,1,6481.8,6484.8,1,6482.4,6474.8,6494.4,6473.6,272.0,352649320.0,11758
2023-05-10 09:34:36,IM2312,IM2312,6483.0,0.0,0.0,0.0,1,6481.8,6487.0,2,6482.4,6474.8,6494.4,6473.6,272.0,352649320.0,11758
2023-05-10 09:34:36,IM2312,IM2312,6483.0,0.0,0.0,0.0,1,6481.8,6485.6,1,6482.4,6474.8,6494.4,6473.6,272.0,352649320.0,11758
2023-05-10 09:34:37,IM2312,IM2312,6483.0,0.0,0.0,0.0,1,6482.2,6485.6,1,6482.4,6474.8,6494.4,6473.6,272.0,352649320.0,11758
2023-05-10 09:34:37,IM2312,IM2312,6482.2,1.0,1296440.0,-1.0,1,6481.8,6485.4,1,6482.4,6474.8,6494.4,6473.6,273.0,353945760.0,11757
2023-05-10 09:34:38,IM2312,IM2312,6482.2,0.0,0.0,0.0,1,6481.6,6484.6,1,6482.4,6474.8,6494.4,6473.6,273.0,353945760.0,11757
2023-05-10 09:34:38,IM2312,IM2312,6482.2,0.0,0.0,0.0,2,6480.4,6483.2,1,6482.4,6474.8,6494.4,6473.6,273.0,353945760.0,11757
2023-05-10 09:34:39,IM2312,IM2312,6482.2,0.0,0.0,0.0,2,6480.4,6483.6,2,6482.4,6474.8,6494.4,6473.6,273.0,353945760.0,11757
2023-05-10 09:34:39,IM2312,IM2312,6482.2,0.0,0.0,0.0,2,6480.4,6483.4,1,6482.4,6474.8,6494.4,6473.6,273.0,353945760.0,11757
2023-05-10 09:34:40,IM2312,IM2312,6482.2,0.0,0.0,0.0,2,6480.4,6482.4,1,6482.4,6474.8,6494.4,6473.6,273.0,353945760.0,11757
2023-05-10 09:34:40,IM2312,IM2312,6482.2,0.0,0.0,0.0,2,6480.4,6482.2,1,6482.4,6474.8,6494.4,6473.6,273.0,353945760.0,11757
2023-05-10 09:34:41,IM2312,IM2312,6480.4,2.0,2592160.0,2.0,1,6479.8,6482.0,1,6482.4,6474.8,6494.4,6473.6,275.0,356537920.0,11759
2023-05-10 09:34:41,IM2312,IM2312,6479.8,1.0,1295960.0,1.0,1,6478.8,6481.8,2,6482.4,6474.8,6494.4,6473.6,276.0,357833880.0,11760
2023-05-10 09:34:42,IM2312,IM2312,6479.8,0.0,0.0,0.0,1,6479.0,6481.8,2,6482.4,6474.8,6494.4,6473.6,276.0,357833880.0,11760
2023-05-10 09:34:42,IM2312,IM2312,6479.8,0.0,0.0,0.0,1,6479.0,6481.6,1,6482.4,6474.8,6494.4,6473.6,276.0,357833880.0,11760
2023-05-10 09:34:43,IM2312,IM2312,6479.8,0.0,0.0,0.0,1,6478.8,6481.6,1,6482.4,6474.8,6494.4,6473.6,276.0,357833880.0,11760
2023-05-10 09:34:43,IM2312,IM2312,6479.8,0.0,0.0,0.0,1,6478.8,6481.2,1,6482.4,6474.8,6494.4,6473.6,276.0,357833880.0,11760
2023-05-10 09:34:44,IM2312,IM2312,6481.6,1.0,1296320.0,0.0,1,6478.8,6481.8,2,6482.4,6474.8,6494.4,6473.6,277.0,359130200.0,11760
2023-05-10 09:34:45,IM2312,IM2312,6481.6,0.0,0.0,0.0,1,6478.8,6481.4,2,6482.4,6474.8,6494.4,6473.6,277.0,359130200.0,11760
2023-05-10 09:34:45,IM2312,IM2312,6481.6,0.0,0.0,0.0,1,6478.8,6481.2,1,6482.4,6474.8,6494.4,6473.6,277.0,359130200.0,11760
2023-05-10 09:34:46,IM2312,IM2312,6481.6,0.0,0.0,0.0,1,6477.2,6480.8,1,6482.4,6474.8,6494.4,6473.6,277.0,359130200.0,11760
2023-05-10 09:34:46,IM2312,IM2312,6477.8,1.0,1295560.0,1.0,1,6477.2,6481.2,1,6482.4,6474.8,6494.4,6473.6,278.0,360425760.0,11761
2023-05-10 09:34:47,IM2312,IM2312,6477.8,0.0,0.0,0.0,1,6477.2,6480.4,1,6482.4,6474.8,6494.4,6473.6,278.0,360425760.0,11761
2023-05-10 09:34:47,IM2312,IM2312,6477.8,0.0,0.0,0.0,1,6477.2,6480.2,1,6482.4,6474.8,6494.4,6473.6,278.0,360425760.0,11761
2023-05-10 09:34:48,IM2312,IM2312,6477.8,0.0,0.0,0.0,1,6480.4,6481.2,1,6482.4,6474.8,6494.4,6473.6,278.0,360425760.0,11761
2023-05-10 09:34:48,IM2312,IM2312,6480.4,1.0,1296080.0,-1.0,1,6477.2,6481.6,1,6482.4,6474.8,6494.4,6473.6,279.0,361721840.0,11760
2023-05-10 09:34:49,IM2312,IM2312,6480.4,0.0,0.0,0.0,1,6478.2,6481.6,1,6482.4,6474.8,6494.4,6473.6,279.0,361721840.0,11760
2023-05-10 09:34:49,IM2312,IM2312,6480.4,0.0,0.0,0.0,1,6478.8,6481.6,1,6482.4,6474.8,6494.4,6473.6,279.0,361721840.0,11760
2023-05-10 09:34:50,IM2312,IM2312,6480.4,0.0,0.0,0.0,1,6478.2,6481.6,1,6482.4,6474.8,6494.4,6473.6,279.0,361721840.0,11760
2023-05-10 09:34:50,IM2312,IM2312,6480.4,0.0,0.0,0.0,1,6480.0,6481.4,1,6482.4,6474.8,6494.4,6473.6,279.0,361721840.0,11760
2023-05-10 09:34:51,IM2312,IM2312,6480.4,0.0,0.0,0.0,1,6480.0,6481.8,2,6482.4,6474.8,6494.4,6473.6,279.0,361721840.0,11760
2023-05-10 09:34:52,IM2312,IM2312,6480.4,0.0,0.0,0.0,1,6481.4,6483.2,1,6482.4,6474.8,6494.4,6473.6,279.0,361721840.0,11760
2023-05-10 09:34:52,IM2312,IM2312,6480.4,0.0,0.0,0.0,1,6481.4,6482.4,2,6482.4,6474.8,6494.4,6473.6,279.0,361721840.0,11760
2023-05-10 09:34:53,IM2312,IM2312,6481.4,1.0,1296280.0,-1.0,1,6480.4,6482.4,2,6482.4,6474.8,6494.4,6473.6,280.0,363018120.0,11759
2023-05-10 09:34:54,IM2312,IM2312,6481.4,0.0,0.0,0.0,1,6480.0,6482.0,1,6482.4,6474.8,6494.4,6473.6,280.0,363018120.0,11759
2023-05-10 09:34:55,IM2312,IM2312,6481.4,0.0,0.0,0.0,1,6480.4,6483.2,1,6482.4,6474.8,6494.4,6473.6,280.0,363018120.0,11759
2023-05-10 09:34:56,IM2312,IM2312,6481.4,0.0,0.0,0.0,1,6480.8,6483.4,1,6482.4,6474.8,6494.4,6473.6,280.0,363018120.0,11759
2023-05-10 09:34:56,IM2312,IM2312,6483.4,1.0,1296680.0,-1.0,1,6480.4,6487.8,1,6482.4,6474.8,6494.4,6473.6,281.0,364314800.0,11758
2023-05-10 09:34:57,IM2312,IM2312,6483.4,0.0,0.0,0.0,1,6481.0,6484.4,1,6482.4,6474.8,6494.4,6473.6,281.0,364314800.0,11758
2023-05-10 09:34:57,IM2312,IM2312,6483.4,0.0,0.0,0.0,1,6481.6,6484.2,1,6482.4,6474.8,6494.4,6473.6,281.0,364314800.0,11758
2023-05-10 09:34:58,IM2312,IM2312,6483.4,0.0,0.0,0.0,1,6480.4,6484.0,1,6482.4,6474.8,6494.4,6473.6,281.0,364314800.0,11758
2023-05-10 09:35:00,IM2312,IM2312,6484.0,1.0,1296800.0,0.0,1,6481.0,6484.2,1,6482.4,6474.8,6494.4,6473.6,282.0,365611600.0,11758
2023-05-10 09:35:01,IM2312,IM2312,6484.0,0.0,0.0,0.0,1,6482.4,6486.4,2,6482.4,6474.8,6494.4,6473.6,282.0,365611600.0,11758
2023-05-10 09:35:01,IM2312,IM2312,6484.0,0.0,0.0,0.0,1,6482.6,6486.0,2,6482.4,6474.8,6494.4,6473.6,282.0,365611600.0,11758
2023-05-10 09:35:02,IM2312,IM2312,6484.0,0.0,0.0,0.0,1,6482.4,6485.6,2,6482.4,6474.8,6494.4,6473.6,282.0,365611600.0,11758
2023-05-10 09:35:02,IM2312,IM2312,6482.4,1.0,1296480.0,0.0,1,6481.0,6484.8,1,6482.4,6474.8,6494.4,6473.6,283.0,366908080.0,11758
2023-05-10 09:35:03,IM2312,IM2312,6482.4,0.0,0.0,0.0,1,6481.2,6484.6,2,6482.4,6474.8,6494.4,6473.6,283.0,366908080.0,11758
2023-05-10 09:35:03,IM2312,IM2312,6482.4,0.0,0.0,0.0,2,6480.0,6483.2,1,6482.4,6474.8,6494.4,6473.6,283.0,366908080.0,11758
2023-05-10 09:35:04,IM2312,IM2312,6482.4,0.0,0.0,0.0,1,6480.2,6483.0,1,6482.4,6474.8,6494.4,6473.6,283.0,366908080.0,11758
2023-05-10 09:35:04,IM2312,IM2312,6480.4,1.0,1296080.0,1.0,1,6480.2,6484.6,2,6482.4,6474.8,6494.4,6473.6,284.0,368204160.0,11759
2023-05-10 09:35:05,IM2312,IM2312,6480.4,0.0,0.0,0.0,1,6480.2,6482.8,1,6482.4,6474.8,6494.4,6473.6,284.0,368204160.0,11759
2023-05-10 09:35:05,IM2312,IM2312,6480.4,0.0,0.0,0.0,1,6480.2,6484.6,2,6482.4,6474.8,6494.4,6473.6,284.0,368204160.0,11759
2023-05-10 09:35:06,IM2312,IM2312,6480.4,0.0,0.0,0.0,1,6480.2,6484.4,1,6482.4,6474.8,6494.4,6473.6,284.0,368204160.0,11759
2023-05-10 09:35:06,IM2312,IM2312,6480.4,0.0,0.0,0.0,1,6480.2,6483.6,1,6482.4,6474.8,6494.4,6473.6,284.0,368204160.0,11759
2023-05-10 09:35:07,IM2312,IM2312,6480.4,0.0,0.0,0.0,1,6480.2,6483.0,1,6482.4,6474.8,6494.4,6473.6,284.0,368204160.0,11759
2023-05-10 09:35:07,IM2312,IM2312,6480.4,0.0,0.0,0.0,3,6480.4,6483.4,1,6482.4,6474.8,6494.4,6473.6,284.0,368204160.0,11759
2023-05-10 09:35:08,IM2312,IM2312,6480.4,0.0,0.0,0.0,1,6480.6,6484.2,1,6482.4,6474.8,6494.4,6473.6,284.0,368204160.0,11759
2023-05-10 09:35:08,IM2312,IM2312,6480.4,0.0,0.0,0.0,1,6480.8,6484.0,1,6482.4,6474.8,6494.4,6473.6,284.0,368204160.0,11759
2023-05-10 09:35:09,IM2312,IM2312,6480.4,0.0,0.0,0.0,2,6481.0,6484.0,1,6482.4,6474.8,6494.4,6473.6,284.0,368204160.0,11759
2023-05-10 09:35:09,IM2312,IM2312,6480.4,0.0,0.0,0.0,2,6481.0,6484.2,1,6482.4,6474.8,6494.4,6473.6,284.0,368204160.0,11759
2023-05-10 09:35:10,IM2312,IM2312,6480.4,0.0,0.0,0.0,1,6482.0,6484.2,1,6482.4,6474.8,6494.4,6473.6,284.0,368204160.0,11759
2023-05-10 09:35:10,IM2312,IM2312,6480.4,0.0,0.0,0.0,1,6482.2,6484.6,2,6482.4,6474.8,6494.4,6473.6,284.0,368204160.0,11759
2023-05-10 09:35:11,IM2312,IM2312,6484.6,1.0,1296920.0,-1.0,1,6482.2,6486.4,2,6482.4,6474.8,6494.4,6473.6,285.0,369501080.0,11758
2023-05-10 09:35:11,IM2312,IM2312,6484.6,0.0,0.0,0.0,1,6482.2,6486.0,2,6482.4,6474.8,6494.4,6473.6,285.0,369501080.0,11758
2023-05-10 09:35:12,IM2312,IM2312,6484.6,0.0,0.0,0.0,1,6482.2,6485.8,1,6482.4,6474.8,6494.4,6473.6,285.0,369501080.0,11758
2023-05-10 09:35:12,IM2312,IM2312,6484.6,0.0,0.0,0.0,1,6482.2,6484.8,1,6482.4,6474.8,6494.4,6473.6,285.0,369501080.0,11758
2023-05-10 09:35:13,IM2312,IM2312,6484.6,0.0,0.0,0.0,1,6482.2,6484.6,1,6482.4,6474.8,6494.4,6473.6,285.0,369501080.0,11758
2023-05-10 09:35:14,IM2312,IM2312,6484.6,1.0,1296920.0,0.0,1,6482.6,6485.8,1,6482.4,6474.8,6494.4,6473.6,286.0,370798000.0,11758
2023-05-10 09:35:15,IM2312,IM2312,6484.6,0.0,0.0,0.0,1,6482.6,6486.2,1,6482.4,6474.8,6494.4,6473.6,286.0,370798000.0,11758
2023-05-10 09:35:15,IM2312,IM2312,6484.6,0.0,0.0,0.0,1,6482.6,6485.6,1,6482.4,6474.8,6494.4,6473.6,286.0,370798000.0,11758
2023-05-10 09:35:16,IM2312,IM2312,6484.6,0.0,0.0,0.0,1,6482.2,6485.4,1,6482.4,6474.8,6494.4,6473.6,286.0,370798000.0,11758
2023-05-10 09:35:17,IM2312,IM2312,6484.6,0.0,0.0,0.0,1,6482.2,6485.2,1,6482.4,6474.8,6494.4,6473.6,286.0,370798000.0,11758
2023-05-10 09:35:18,IM2312,IM2312,6484.6,0.0,0.0,0.0,1,6482.6,6485.2,1,6482.4,6474.8,6494.4,6473.6,286.0,370798000.0,11758
2023-05-10 09:35:19,IM2312,IM2312,6484.6,0.0,0.0,0.0,1,6482.2,6485.6,1,6482.4,6474.8,6494.4,6473.6,286.0,370798000.0,11758
2023-05-10 09:35:19,IM2312,IM2312,6484.6,0.0,0.0,0.0,1,6483.0,6486.4,2,6482.4,6474.8,6494.4,6473.6,286.0,370798000.0,11758
2023-05-10 09:35:20,IM2312,IM2312,6484.6,0.0,0.0,0.0,1,6483.0,6486.2,2,6482.4,6474.8,6494.4,6473.6,286.0,370798000.0,11758
2023-05-10 09:35:20,IM2312,IM2312,6484.6,0.0,0.0,0.0,1,6482.2,6486.0,1,6482.4,6474.8,6494.4,6473.6,286.0,370798000.0,11758
2023-05-10 09:35:21,IM2312,IM2312,6484.6,0.0,0.0,0.0,1,6482.6,6485.8,1,6482.4,6474.8,6494.4,6473.6,286.0,370798000.0,11758
2023-05-10 09:35:22,IM2312,IM2312,6484.6,0.0,0.0,0.0,1,6482.6,6485.6,1,6482.4,6474.8,6494.4,6473.6,286.0,370798000.0,11758
2023-05-10 09:35:22,IM2312,IM2312,6484.6,0.0,0.0,0.0,1,6482.6,6485.4,1,6482.4,6474.8,6494.4,6473.6,286.0,370798000.0,11758
2023-05-10 09:35:25,IM2312,IM2312,6484.6,0.0,0.0,0.0,1,6482.6,6485.2,1,6482.4,6474.8,6494.4,6473.6,286.0,370798000.0,11758
2023-05-10 09:35:26,IM2312,IM2312,6484.6,0.0,0.0,0.0,1,6482.6,6485.4,1,6482.4,6474.8,6494.4,6473.6,286.0,370798000.0,11758
2023-05-10 09:35:27,IM2312,IM2312,6484.6,0.0,0.0,0.0,1,6482.2,6482.6,1,6482.4,6474.8,6494.4,6473.6,286.0,370798000.0,11758
2023-05-10 09:35:27,IM2312,IM2312,6482.8,2.0,2593080.0,0.0,1,6482.2,6482.6,2,6482.4,6474.8,6494.4,6473.6,288.0,373391080.0,11758
2023-05-10 09:35:28,IM2312,IM2312,6482.6,2.0,2593040.0,0.0,1,6482.2,6482.6,1,6482.4,6474.8,6494.4,6473.6,290.0,375984120.0,11758
2023-05-10 09:35:28,IM2312,IM2312,6482.6,1.0,1296520.0,0.0,1,6482.2,6485.2,1,6482.4,6474.8,6494.4,6473.6,291.0,377280640.0,11758
2023-05-10 09:35:29,IM2312,IM2312,6482.6,0.0,0.0,0.0,1,6482.2,6485.0,2,6482.4,6474.8,6494.4,6473.6,291.0,377280640.0,11758
2023-05-10 09:35:29,IM2312,IM2312,6482.6,0.0,0.0,0.0,1,6482.2,6484.8,1,6482.4,6474.8,6494.4,6473.6,291.0,377280640.0,11758
2023-05-10 09:35:30,IM2312,IM2312,6482.6,0.0,0.0,0.0,1,6482.2,6484.6,2,6482.4,6474.8,6494.4,6473.6,291.0,377280640.0,11758
2023-05-10 09:35:31,IM2312,IM2312,6482.6,0.0,0.0,0.0,1,6482.6,6484.6,1,6482.4,6474.8,6494.4,6473.6,291.0,377280640.0,11758
2023-05-10 09:35:31,IM2312,IM2312,6482.6,0.0,0.0,0.0,1,6482.2,6484.6,1,6482.4,6474.8,6494.4,6473.6,291.0,377280640.0,11758
2023-05-10 09:35:32,IM2312,IM2312,6482.6,0.0,0.0,0.0,1,6482.2,6484.4,1,6482.4,6474.8,6494.4,6473.6,291.0,377280640.0,11758
2023-05-10 09:35:33,IM2312,IM2312,6484.6,1.0,1296920.0,0.0,1,6482.2,6485.0,1,6482.4,6474.8,6494.4,6473.6,292.0,378577560.0,11758
2023-05-10 09:35:33,IM2312,IM2312,6484.6,0.0,0.0,0.0,1,6482.6,6485.8,1,6482.4,6474.8,6494.4,6473.6,292.0,378577560.0,11758
2023-05-10 09:35:34,IM2312,IM2312,6484.6,0.0,0.0,0.0,1,6482.8,6485.8,1,6482.4,6474.8,6494.4,6473.6,292.0,378577560.0,11758
2023-05-10 09:35:34,IM2312,IM2312,6484.6,0.0,0.0,0.0,1,6483.4,6485.8,1,6482.4,6474.8,6494.4,6473.6,292.0,378577560.0,11758
2023-05-10 09:35:35,IM2312,IM2312,6484.6,0.0,0.0,0.0,1,6483.8,6486.4,2,6482.4,6474.8,6494.4,6473.6,292.0,378577560.0,11758
2023-05-10 09:35:35,IM2312,IM2312,6484.6,1.0,1296920.0,0.0,1,6484.2,6486.4,2,6482.4,6474.8,6494.4,6473.6,293.0,379874480.0,11758
2023-05-10 09:35:36,IM2312,IM2312,6483.8,1.0,1296760.0,1.0,1,6483.4,6486.4,2,6482.4,6474.8,6494.4,6473.6,294.0,381171240.0,11759
2023-05-10 09:35:36,IM2312,IM2312,6483.8,0.0,0.0,0.0,1,6483.4,6486.0,1,6482.4,6474.8,6494.4,6473.6,294.0,381171240.0,11759
2023-05-10 09:35:37,IM2312,IM2312,6483.8,0.0,0.0,0.0,1,6482.8,6485.8,1,6482.4,6474.8,6494.4,6473.6,294.0,381171240.0,11759
2023-05-10 09:35:37,IM2312,IM2312,6483.8,0.0,0.0,0.0,1,6482.4,6485.8,1,6482.4,6474.8,6494.4,6473.6,294.0,381171240.0,11759
2023-05-10 09:35:38,IM2312,IM2312,6483.8,0.0,0.0,0.0,1,6483.0,6485.8,1,6482.4,6474.8,6494.4,6473.6,294.0,381171240.0,11759
2023-05-10 09:35:39,IM2312,IM2312,6483.8,0.0,0.0,0.0,2,6483.2,6485.8,1,6482.4,6474.8,6494.4,6473.6,294.0,381171240.0,11759
2023-05-10 09:35:40,IM2312,IM2312,6483.8,0.0,0.0,0.0,1,6483.4,6486.2,1,6482.4,6474.8,6494.4,6473.6,294.0,381171240.0,11759
2023-05-10 09:35:40,IM2312,IM2312,6483.8,0.0,0.0,0.0,1,6484.4,6486.4,2,6482.4,6474.8,6494.4,6473.6,294.0,381171240.0,11759
2023-05-10 09:35:41,IM2312,IM2312,6483.8,0.0,0.0,0.0,1,6484.8,6486.4,2,6482.4,6474.8,6494.4,6473.6,294.0,381171240.0,11759
2023-05-10 09:35:41,IM2312,IM2312,6483.8,0.0,0.0,0.0,1,6484.8,6487.8,1,6482.4,6474.8,6494.4,6473.6,294.0,381171240.0,11759
2023-05-10 09:35:42,IM2312,IM2312,6483.8,0.0,0.0,0.0,1,6484.8,6487.0,2,6482.4,6474.8,6494.4,6473.6,294.0,381171240.0,11759
2023-05-10 09:35:42,IM2312,IM2312,6483.8,0.0,0.0,0.0,1,6484.8,6486.8,1,6482.4,6474.8,6494.4,6473.6,294.0,381171240.0,11759
2023-05-10 09:35:43,IM2312,IM2312,6483.8,0.0,0.0,0.0,2,6484.8,6486.8,1,6482.4,6474.8,6494.4,6473.6,294.0,381171240.0,11759
2023-05-10 09:35:43,IM2312,IM2312,6483.8,0.0,0.0,0.0,1,6486.8,6487.0,2,6482.4,6474.8,6494.4,6473.6,294.0,381171240.0,11759
2023-05-10 09:35:44,IM2312,IM2312,6484.8,2.0,2594320.0,-1.0,1,6484.8,6486.6,3,6482.4,6474.8,6494.4,6473.6,296.0,383765560.0,11758
2023-05-10 09:35:44,IM2312,IM2312,6484.8,0.0,0.0,0.0,2,6485.0,6487.0,2,6482.4,6474.8,6494.4,6473.6,296.0,383765560.0,11758
2023-05-10 09:35:47,IM2312,IM2312,6484.8,0.0,0.0,0.0,1,6485.4,6487.0,2,6482.4,6474.8,6494.4,6473.6,296.0,383765560.0,11758
2023-05-10 09:35:48,IM2312,IM2312,6484.8,0.0,0.0,0.0,2,6485.6,6494.0,2,6482.4,6474.8,6494.4,6473.6,296.0,383765560.0,11758
2023-05-10 09:35:48,IM2312,IM2312,6484.8,0.0,0.0,0.0,2,6485.8,6488.8,1,6482.4,6474.8,6494.4,6473.6,296.0,383765560.0,11758
2023-05-10 09:35:49,IM2312,IM2312,6484.8,0.0,0.0,0.0,2,6485.8,6488.6,1,6482.4,6474.8,6494.4,6473.6,296.0,383765560.0,11758
2023-05-10 09:35:49,IM2312,IM2312,6484.8,0.0,0.0,0.0,1,6485.8,6488.4,1,6482.4,6474.8,6494.4,6473.6,296.0,383765560.0,11758
2023-05-10 09:35:50,IM2312,IM2312,6484.8,0.0,0.0,0.0,1,6485.8,6488.0,2,6482.4,6474.8,6494.4,6473.6,296.0,383765560.0,11758
2023-05-10 09:35:50,IM2312,IM2312,6484.8,0.0,0.0,0.0,1,6485.8,6487.2,2,6482.4,6474.8,6494.4,6473.6,296.0,383765560.0,11758
2023-05-10 09:35:51,IM2312,IM2312,6487.2,1.0,1297440.0,0.0,2,6485.6,6487.2,1,6482.4,6474.8,6494.4,6473.6,297.0,385063000.0,11758
2023-05-10 09:35:52,IM2312,IM2312,6485.6,2.0,2594240.0,-1.0,1,6483.4,6485.6,2,6482.4,6474.8,6494.4,6473.6,299.0,387657240.0,11757
2023-05-10 09:35:52,IM2312,IM2312,6485.6,0.0,0.0,0.0,1,6484.4,6485.6,3,6482.4,6474.8,6494.4,6473.6,299.0,387657240.0,11757
2023-05-10 09:35:53,IM2312,IM2312,6485.6,1.0,1297120.0,1.0,1,6484.4,6485.6,2,6482.4,6474.8,6494.4,6473.6,300.0,388954360.0,11758
2023-05-10 09:35:53,IM2312,IM2312,6485.6,0.0,0.0,0.0,1,6483.4,6485.6,2,6482.4,6474.8,6494.4,6473.6,300.0,388954360.0,11758
2023-05-10 09:35:54,IM2312,IM2312,6485.6,0.0,0.0,0.0,1,6483.2,6485.6,2,6482.4,6474.8,6494.4,6473.6,300.0,388954360.0,11758
2023-05-10 09:35:55,IM2312,IM2312,6485.6,0.0,0.0,0.0,2,6483.4,6485.6,2,6482.4,6474.8,6494.4,6473.6,300.0,388954360.0,11758
2023-05-10 09:35:58,IM2312,IM2312,6485.6,0.0,0.0,0.0,2,6483.4,6485.6,1,6482.4,6474.8,6494.4,6473.6,300.0,388954360.0,11758
2023-05-10 09:35:59,IM2312,IM2312,6483.6,2.0,2593440.0,-1.0,1,6483.6,6485.6,1,6482.4,6474.8,6494.4,6473.6,302.0,391547800.0,11757
2023-05-10 09:35:59,IM2312,IM2312,6485.6,1.0,1297120.0,0.0,1,6483.8,6487.2,1,6482.4,6474.8,6494.4,6473.6,303.0,392844920.0,11757
2023-05-10 09:36:00,IM2312,IM2312,6485.6,0.0,0.0,0.0,1,6484.8,6486.8,1,6482.4,6474.8,6494.4,6473.6,303.0,392844920.0,11757
2023-05-10 09:36:00,IM2312,IM2312,6485.6,0.0,0.0,0.0,1,6484.8,6486.6,2,6482.4,6474.8,6494.4,6473.6,303.0,392844920.0,11757
2023-05-10 09:36:01,IM2312,IM2312,6484.8,1.0,1296960.0,-1.0,1,6483.8,6486.4,2,6482.4,6474.8,6494.4,6473.6,304.0,394141880.0,11756
2023-05-10 09:36:02,IM2312,IM2312,6484.8,0.0,0.0,0.0,2,6484.0,6487.0,1,6482.4,6474.8,6494.4,6473.6,304.0,394141880.0,11756
2023-05-10 09:36:02,IM2312,IM2312,6484.8,0.0,0.0,0.0,2,6484.0,6486.8,3,6482.4,6474.8,6494.4,6473.6,304.0,394141880.0,11756
2023-05-10 09:36:03,IM2312,IM2312,6484.8,0.0,0.0,0.0,2,6484.0,6486.6,1,6482.4,6474.8,6494.4,6473.6,304.0,394141880.0,11756
2023-05-10 09:36:03,IM2312,IM2312,6484.8,0.0,0.0,0.0,2,6483.4,6486.4,2,6482.4,6474.8,6494.4,6473.6,304.0,394141880.0,11756
2023-05-10 09:36:04,IM2312,IM2312,6484.8,0.0,0.0,0.0,2,6483.6,6486.4,2,6482.4,6474.8,6494.4,6473.6,304.0,394141880.0,11756
2023-05-10 09:36:04,IM2312,IM2312,6484.8,0.0,0.0,0.0,2,6483.6,6486.4,1,6482.4,6474.8,6494.4,6473.6,304.0,394141880.0,11756
2023-05-10 09:36:05,IM2312,IM2312,6484.8,0.0,0.0,0.0,1,6483.8,6486.8,1,6482.4,6474.8,6494.4,6473.6,304.0,394141880.0,11756
2023-05-10 09:36:05,IM2312,IM2312,6484.8,0.0,0.0,0.0,2,6484.0,6486.8,1,6482.4,6474.8,6494.4,6473.6,304.0,394141880.0,11756
2023-05-10 09:36:06,IM2312,IM2312,6484.8,0.0,0.0,0.0,1,6484.2,6487.0,1,6482.4,6474.8,6494.4,6473.6,304.0,394141880.0,11756
2023-05-10 09:36:06,IM2312,IM2312,6484.8,0.0,0.0,0.0,1,6484.4,6487.2,1,6482.4,6474.8,6494.4,6473.6,304.0,394141880.0,11756
2023-05-10 09:36:07,IM2312,IM2312,6487.2,1.0,1297440.0,0.0,1,6485.4,6491.0,2,6482.4,6474.8,6494.4,6473.6,305.0,395439320.0,11756
2023-05-10 09:36:07,IM2312,IM2312,6487.2,0.0,0.0,0.0,1,6485.8,6488.8,1,6482.4,6474.8,6494.4,6473.6,305.0,395439320.0,11756
2023-05-10 09:36:08,IM2312,IM2312,6487.2,0.0,0.0,0.0,1,6486.0,6488.6,1,6482.4,6474.8,6494.4,6473.6,305.0,395439320.0,11756
2023-05-10 09:36:08,IM2312,IM2312,6487.2,0.0,0.0,0.0,1,6486.2,6488.6,1,6482.4,6474.8,6494.4,6473.6,305.0,395439320.0,11756
2023-05-10 09:36:09,IM2312,IM2312,6488.6,1.0,1297720.0,0.0,1,6486.2,6489.6,2,6482.4,6474.8,6494.4,6473.6,306.0,396737040.0,11756
2023-05-10 09:36:10,IM2312,IM2312,6488.6,0.0,0.0,0.0,1,6486.4,6489.2,1,6482.4,6474.8,6494.4,6473.6,306.0,396737040.0,11756
2023-05-10 09:36:10,IM2312,IM2312,6488.6,0.0,0.0,0.0,1,6486.4,6488.6,1,6482.4,6474.8,6494.4,6473.6,306.0,396737040.0,11756
2023-05-10 09:36:11,IM2312,IM2312,6486.6,1.0,1297320.0,0.0,1,6486.4,6488.4,1,6482.4,6474.8,6494.4,6473.6,307.0,398034360.0,11756
2023-05-10 09:36:11,IM2312,IM2312,6486.6,0.0,0.0,0.0,1,6485.4,6488.2,1,6482.4,6474.8,6494.4,6473.6,307.0,398034360.0,11756
2023-05-10 09:36:12,IM2312,IM2312,6486.6,0.0,0.0,0.0,1,6485.4,6487.8,1,6482.4,6474.8,6494.4,6473.6,307.0,398034360.0,11756
2023-05-10 09:36:12,IM2312,IM2312,6485.4,1.0,1297080.0,0.0,1,6484.4,6487.4,1,6482.4,6474.8,6494.4,6473.6,308.0,399331440.0,11756
2023-05-10 09:36:13,IM2312,IM2312,6485.4,0.0,0.0,0.0,1,6484.4,6487.2,3,6482.4,6474.8,6494.4,6473.6,308.0,399331440.0,11756
2023-05-10 09:36:13,IM2312,IM2312,6485.4,0.0,0.0,0.0,1,6484.6,6487.2,1,6482.4,6474.8,6494.4,6473.6,308.0,399331440.0,11756
2023-05-10 09:36:14,IM2312,IM2312,6485.4,0.0,0.0,0.0,1,6484.4,6487.2,1,6482.4,6474.8,6494.4,6473.6,308.0,399331440.0,11756
2023-05-10 09:36:15,IM2312,IM2312,6485.4,0.0,0.0,0.0,1,6484.4,6486.8,1,6482.4,6474.8,6494.4,6473.6,308.0,399331440.0,11756
2023-05-10 09:36:15,IM2312,IM2312,6485.4,0.0,0.0,0.0,1,6484.4,6486.6,1,6482.4,6474.8,6494.4,6473.6,308.0,399331440.0,11756
2023-05-10 09:36:16,IM2312,IM2312,6485.4,0.0,0.0,0.0,1,6484.6,6486.6,1,6482.4,6474.8,6494.4,6473.6,308.0,399331440.0,11756
2023-05-10 09:36:16,IM2312,IM2312,6485.4,0.0,0.0,0.0,2,6484.8,6487.4,1,6482.4,6474.8,6494.4,6473.6,308.0,399331440.0,11756
2023-05-10 09:36:17,IM2312,IM2312,6485.4,0.0,0.0,0.0,2,6485.0,6488.4,1,6482.4,6474.8,6494.4,6473.6,308.0,399331440.0,11756
2023-05-10 09:36:17,IM2312,IM2312,6485.4,0.0,0.0,0.0,2,6485.0,6488.0,1,6482.4,6474.8,6494.4,6473.6,308.0,399331440.0,11756
2023-05-10 09:36:18,IM2312,IM2312,6485.4,0.0,0.0,0.0,2,6485.0,6487.6,1,6482.4,6474.8,6494.4,6473.6,308.0,399331440.0,11756
2023-05-10 09:36:18,IM2312,IM2312,6485.4,0.0,0.0,0.0,1,6485.0,6487.2,1,6482.4,6474.8,6494.4,6473.6,308.0,399331440.0,11756
2023-05-10 09:36:19,IM2312,IM2312,6485.4,0.0,0.0,0.0,1,6485.2,6488.2,1,6482.4,6474.8,6494.4,6473.6,308.0,399331440.0,11756
2023-05-10 09:36:20,IM2312,IM2312,6485.4,0.0,0.0,0.0,1,6485.4,6488.2,1,6482.4,6474.8,6494.4,6473.6,308.0,399331440.0,11756
2023-05-10 09:36:20,IM2312,IM2312,6485.4,0.0,0.0,0.0,1,6485.6,6488.2,1,6482.4,6474.8,6494.4,6473.6,308.0,399331440.0,11756
2023-05-10 09:36:21,IM2312,IM2312,6485.4,0.0,0.0,0.0,2,6485.8,6490.8,1,6482.4,6474.8,6494.4,6473.6,308.0,399331440.0,11756
2023-05-10 09:36:21,IM2312,IM2312,6485.4,0.0,0.0,0.0,1,6488.2,6490.4,1,6482.4,6474.8,6494.4,6473.6,308.0,399331440.0,11756
2023-05-10 09:36:22,IM2312,IM2312,6485.4,0.0,0.0,0.0,1,6488.2,6490.0,1,6482.4,6474.8,6494.4,6473.6,308.0,399331440.0,11756
2023-05-10 09:36:22,IM2312,IM2312,6490.0,1.0,1298000.0,0.0,1,6488.2,6490.6,2,6482.4,6474.8,6494.4,6473.6,309.0,400629440.0,11756
2023-05-10 09:36:23,IM2312,IM2312,6490.0,0.0,0.0,0.0,1,6488.6,6495.0,1,6482.4,6474.8,6494.4,6473.6,309.0,400629440.0,11756
2023-05-10 09:36:23,IM2312,IM2312,6490.0,0.0,0.0,0.0,1,6488.8,6492.4,1,6482.4,6474.8,6494.4,6473.6,309.0,400629440.0,11756
2023-05-10 09:36:24,IM2312,IM2312,6490.0,0.0,0.0,0.0,1,6489.4,6492.2,1,6482.4,6474.8,6494.4,6473.6,309.0,400629440.0,11756
2023-05-10 09:36:24,IM2312,IM2312,6490.0,0.0,0.0,0.0,1,6489.8,6492.2,1,6482.4,6474.8,6494.4,6473.6,309.0,400629440.0,11756
2023-05-10 09:36:25,IM2312,IM2312,6490.0,0.0,0.0,0.0,1,6490.2,6492.8,2,6482.4,6474.8,6494.4,6473.6,309.0,400629440.0,11756
2023-05-10 09:36:25,IM2312,IM2312,6490.2,1.0,1298040.0,0.0,1,6489.6,6492.4,4,6482.4,6474.8,6494.4,6473.6,310.0,401927480.0,11756
2023-05-10 09:36:26,IM2312,IM2312,6489.6,1.0,1297920.0,-1.0,1,6488.4,6492.2,2,6482.4,6474.8,6494.4,6473.6,311.0,403225400.0,11755
2023-05-10 09:36:26,IM2312,IM2312,6489.6,0.0,0.0,0.0,1,6488.4,6491.6,1,6482.4,6474.8,6494.4,6473.6,311.0,403225400.0,11755
2023-05-10 09:36:27,IM2312,IM2312,6488.4,2.0,2595400.0,2.0,1,6488.2,6489.6,1,6482.4,6474.8,6494.4,6473.6,313.0,405820800.0,11757
2023-05-10 09:36:27,IM2312,IM2312,6488.4,2.0,2595600.0,0.0,1,6488.2,6491.4,1,6482.4,6474.8,6494.4,6473.6,315.0,408416400.0,11757
2023-05-10 09:36:28,IM2312,IM2312,6488.4,0.0,0.0,0.0,1,6488.4,6491.4,1,6482.4,6474.8,6494.4,6473.6,315.0,408416400.0,11757
2023-05-10 09:36:28,IM2312,IM2312,6488.4,0.0,0.0,0.0,1,6488.4,6491.2,2,6482.4,6474.8,6494.4,6473.6,315.0,408416400.0,11757
2023-05-10 09:36:29,IM2312,IM2312,6488.4,0.0,0.0,0.0,1,6488.8,6491.0,2,6482.4,6474.8,6494.4,6473.6,315.0,408416400.0,11757
2023-05-10 09:36:29,IM2312,IM2312,6488.4,0.0,0.0,0.0,1,6488.8,6491.4,1,6482.4,6474.8,6494.4,6473.6,315.0,408416400.0,11757
2023-05-10 09:36:30,IM2312,IM2312,6491.4,1.0,1298280.0,0.0,1,6488.8,6491.6,1,6482.4,6474.8,6494.4,6473.6,316.0,409714680.0,11757
2023-05-10 09:36:31,IM2312,IM2312,6491.4,0.0,0.0,0.0,1,6488.8,6491.2,1,6482.4,6474.8,6494.4,6473.6,316.0,409714680.0,11757
2023-05-10 09:36:32,IM2312,IM2312,6491.4,0.0,0.0,0.0,1,6488.2,6491.0,1,6482.4,6474.8,6494.4,6473.6,316.0,409714680.0,11757
2023-05-10 09:36:32,IM2312,IM2312,6491.4,0.0,0.0,0.0,1,6488.2,6490.8,3,6482.4,6474.8,6494.4,6473.6,316.0,409714680.0,11757
2023-05-10 09:36:33,IM2312,IM2312,6491.4,0.0,0.0,0.0,1,6488.4,6490.8,1,6482.4,6474.8,6494.4,6473.6,316.0,409714680.0,11757
2023-05-10 09:36:34,IM2312,IM2312,6491.4,0.0,0.0,0.0,1,6488.6,6491.6,1,6482.4,6474.8,6494.4,6473.6,316.0,409714680.0,11757
2023-05-10 09:36:34,IM2312,IM2312,6491.4,0.0,0.0,0.0,2,6488.6,6492.2,1,6482.4,6474.8,6494.4,6473.6,316.0,409714680.0,11757
2023-05-10 09:36:35,IM2312,IM2312,6491.4,0.0,0.0,0.0,2,6488.6,6491.8,3,6482.4,6474.8,6494.4,6473.6,316.0,409714680.0,11757
2023-05-10 09:36:35,IM2312,IM2312,6488.2,2.0,2595360.0,-2.0,1,6482.2,6491.4,1,6482.4,6474.8,6494.4,6473.6,318.0,412310040.0,11755
2023-05-10 09:36:36,IM2312,IM2312,6488.2,0.0,0.0,0.0,1,6489.4,6489.6,1,6482.4,6474.8,6494.4,6473.6,318.0,412310040.0,11755
2023-05-10 09:36:36,IM2312,IM2312,6489.4,1.0,1297880.0,0.0,1,6486.2,6489.4,4,6482.4,6474.8,6494.4,6473.6,319.0,413607920.0,11755
2023-05-10 09:36:37,IM2312,IM2312,6489.4,0.0,0.0,0.0,1,6484.4,6489.0,2,6482.4,6474.8,6494.4,6473.6,319.0,413607920.0,11755
2023-05-10 09:36:37,IM2312,IM2312,6489.4,0.0,0.0,0.0,1,6484.8,6488.8,1,6482.4,6474.8,6494.4,6473.6,319.0,413607920.0,11755
2023-05-10 09:36:38,IM2312,IM2312,6489.4,0.0,0.0,0.0,1,6484.8,6488.2,1,6482.4,6474.8,6494.4,6473.6,319.0,413607920.0,11755
2023-05-10 09:36:39,IM2312,IM2312,6489.4,0.0,0.0,0.0,1,6484.4,6488.2,1,6482.4,6474.8,6494.4,6473.6,319.0,413607920.0,11755
2023-05-10 09:36:39,IM2312,IM2312,6489.4,0.0,0.0,0.0,1,6485.2,6488.6,1,6482.4,6474.8,6494.4,6473.6,319.0,413607920.0,11755
2023-05-10 09:36:40,IM2312,IM2312,6489.4,0.0,0.0,0.0,1,6485.6,6488.6,1,6482.4,6474.8,6494.4,6473.6,319.0,413607920.0,11755
2023-05-10 09:36:41,IM2312,IM2312,6489.4,0.0,0.0,0.0,1,6485.6,6488.4,2,6482.4,6474.8,6494.4,6473.6,319.0,413607920.0,11755
2023-05-10 09:36:41,IM2312,IM2312,6489.4,0.0,0.0,0.0,1,6485.6,6488.2,1,6482.4,6474.8,6494.4,6473.6,319.0,413607920.0,11755
2023-05-10 09:36:43,IM2312,IM2312,6489.4,0.0,0.0,0.0,1,6485.8,6488.2,1,6482.4,6474.8,6494.4,6473.6,319.0,413607920.0,11755
2023-05-10 09:36:43,IM2312,IM2312,6485.8,1.0,1297160.0,1.0,1,6485.6,6488.6,1,6482.4,6474.8,6494.4,6473.6,320.0,414905080.0,11756
2023-05-10 09:36:45,IM2312,IM2312,6485.8,0.0,0.0,0.0,1,6485.6,6488.4,1,6482.4,6474.8,6494.4,6473.6,320.0,414905080.0,11756
2023-05-10 09:36:45,IM2312,IM2312,6485.8,0.0,0.0,0.0,1,6486.0,6488.4,1,6482.4,6474.8,6494.4,6473.6,320.0,414905080.0,11756
2023-05-10 09:36:46,IM2312,IM2312,6485.8,0.0,0.0,0.0,1,6486.0,6488.6,1,6482.4,6474.8,6494.4,6473.6,320.0,414905080.0,11756
2023-05-10 09:36:47,IM2312,IM2312,6485.8,0.0,0.0,0.0,3,6486.2,6488.6,1,6482.4,6474.8,6494.4,6473.6,320.0,414905080.0,11756
2023-05-10 09:36:48,IM2312,IM2312,6485.8,0.0,0.0,0.0,1,6486.6,6488.6,1,6482.4,6474.8,6494.4,6473.6,320.0,414905080.0,11756
2023-05-10 09:36:48,IM2312,IM2312,6485.8,0.0,0.0,0.0,3,6486.2,6488.6,1,6482.4,6474.8,6494.4,6473.6,320.0,414905080.0,11756
2023-05-10 09:36:50,IM2312,IM2312,6485.8,0.0,0.0,0.0,1,6486.4,6488.6,1,6482.4,6474.8,6494.4,6473.6,320.0,414905080.0,11756
2023-05-10 09:36:50,IM2312,IM2312,6485.8,0.0,0.0,0.0,2,6486.6,6489.4,4,6482.4,6474.8,6494.4,6473.6,320.0,414905080.0,11756
2023-05-10 09:36:51,IM2312,IM2312,6485.8,0.0,0.0,0.0,2,6486.6,6489.4,2,6482.4,6474.8,6494.4,6473.6,320.0,414905080.0,11756
2023-05-10 09:36:51,IM2312,IM2312,6485.8,0.0,0.0,0.0,1,6487.0,6491.2,2,6482.4,6474.8,6494.4,6473.6,320.0,414905080.0,11756
2023-05-10 09:36:52,IM2312,IM2312,6485.8,0.0,0.0,0.0,1,6487.2,6490.4,1,6482.4,6474.8,6494.4,6473.6,320.0,414905080.0,11756
2023-05-10 09:36:52,IM2312,IM2312,6485.8,0.0,0.0,0.0,1,6490.4,6491.2,2,6482.4,6474.8,6494.4,6473.6,320.0,414905080.0,11756
2023-05-10 09:36:53,IM2312,IM2312,6490.4,1.0,1298080.0,0.0,1,6487.8,6490.4,1,6482.4,6474.8,6494.4,6473.6,321.0,416203160.0,11756
2023-05-10 09:36:53,IM2312,IM2312,6491.0,2.0,2596360.0,0.0,1,6488.4,6491.2,1,6482.4,6474.8,6494.4,6473.6,323.0,418799520.0,11756
2023-05-10 09:36:54,IM2312,IM2312,6491.0,0.0,0.0,0.0,1,6488.6,6492.0,1,6482.4,6474.8,6494.4,6473.6,323.0,418799520.0,11756
2023-05-10 09:36:54,IM2312,IM2312,6492.0,1.0,1298400.0,0.0,1,6490.0,6492.8,2,6482.4,6474.8,6494.4,6473.6,324.0,420097920.0,11756
2023-05-10 09:36:55,IM2312,IM2312,6492.0,0.0,0.0,0.0,1,6491.0,6492.8,2,6482.4,6474.8,6494.4,6473.6,324.0,420097920.0,11756
2023-05-10 09:36:55,IM2312,IM2312,6492.0,0.0,0.0,0.0,1,6491.0,6495.0,1,6482.4,6474.8,6494.4,6473.6,324.0,420097920.0,11756
2023-05-10 09:36:56,IM2312,IM2312,6492.0,0.0,0.0,0.0,1,6491.2,6494.0,2,6482.4,6474.8,6494.4,6473.6,324.0,420097920.0,11756
2023-05-10 09:36:56,IM2312,IM2312,6492.0,0.0,0.0,0.0,1,6491.4,6493.8,1,6482.4,6474.8,6494.4,6473.6,324.0,420097920.0,11756
2023-05-10 09:36:57,IM2312,IM2312,6492.0,0.0,0.0,0.0,1,6491.2,6493.6,1,6482.4,6474.8,6494.4,6473.6,324.0,420097920.0,11756
2023-05-10 09:36:57,IM2312,IM2312,6492.0,0.0,0.0,0.0,1,6489.8,6493.2,1,6482.4,6474.8,6494.4,6473.6,324.0,420097920.0,11756
2023-05-10 09:36:59,IM2312,IM2312,6492.0,0.0,0.0,0.0,1,6490.6,6493.2,1,6482.4,6474.8,6494.4,6473.6,324.0,420097920.0,11756
2023-05-10 09:36:59,IM2312,IM2312,6493.2,1.0,1298640.0,-1.0,1,6490.4,6493.6,1,6482.4,6474.8,6494.4,6473.6,325.0,421396560.0,11755
2023-05-10 09:37:00,IM2312,IM2312,6490.4,2.0,2596720.0,-1.0,1,6489.2,6493.4,1,6482.4,6474.8,6494.4,6473.6,327.0,423993280.0,11754
2023-05-10 09:37:01,IM2312,IM2312,6490.4,0.0,0.0,0.0,1,6490.0,6492.8,1,6482.4,6474.8,6494.4,6473.6,327.0,423993280.0,11754
2023-05-10 09:37:01,IM2312,IM2312,6490.0,1.0,1298000.0,-1.0,1,6488.8,6492.6,2,6482.4,6474.8,6494.4,6473.6,328.0,425291280.0,11753
2023-05-10 09:37:02,IM2312,IM2312,6490.0,0.0,0.0,0.0,1,6488.8,6492.0,1,6482.4,6474.8,6494.4,6473.6,328.0,425291280.0,11753
2023-05-10 09:37:02,IM2312,IM2312,6490.0,0.0,0.0,0.0,1,6488.8,6491.8,3,6482.4,6474.8,6494.4,6473.6,328.0,425291280.0,11753
2023-05-10 09:37:03,IM2312,IM2312,6490.0,0.0,0.0,0.0,1,6488.8,6491.6,3,6482.4,6474.8,6494.4,6473.6,328.0,425291280.0,11753
2023-05-10 09:37:03,IM2312,IM2312,6490.0,0.0,0.0,0.0,1,6488.8,6491.4,1,6482.4,6474.8,6494.4,6473.6,328.0,425291280.0,11753
2023-05-10 09:37:04,IM2312,IM2312,6490.0,0.0,0.0,0.0,1,6488.8,6491.2,2,6482.4,6474.8,6494.4,6473.6,328.0,425291280.0,11753
2023-05-10 09:37:04,IM2312,IM2312,6488.8,1.0,1297760.0,0.0,1,6487.0,6490.0,1,6482.4,6474.8,6494.4,6473.6,329.0,426589040.0,11753
2023-05-10 09:37:05,IM2312,IM2312,6487.8,1.0,1297560.0,1.0,1,6487.4,6491.2,2,6482.4,6474.8,6494.4,6473.6,330.0,427886600.0,11754
2023-05-10 09:37:05,IM2312,IM2312,6487.8,0.0,0.0,0.0,1,6487.0,6490.2,1,6482.4,6474.8,6494.4,6473.6,330.0,427886600.0,11754
2023-05-10 09:37:06,IM2312,IM2312,6487.8,0.0,0.0,0.0,1,6486.6,6489.6,2,6482.4,6474.8,6494.4,6473.6,330.0,427886600.0,11754
2023-05-10 09:37:06,IM2312,IM2312,6487.8,0.0,0.0,0.0,1,6486.6,6489.2,1,6482.4,6474.8,6494.4,6473.6,330.0,427886600.0,11754
2023-05-10 09:37:07,IM2312,IM2312,6487.8,0.0,0.0,0.0,1,6486.6,6488.8,2,6482.4,6474.8,6494.4,6473.6,330.0,427886600.0,11754
2023-05-10 09:37:08,IM2312,IM2312,6489.6,4.0,5191560.0,-1.0,2,6487.6,6490.0,1,6482.4,6474.8,6494.4,6473.6,334.0,433078160.0,11753
2023-05-10 09:37:08,IM2312,IM2312,6489.6,0.0,0.0,0.0,2,6488.2,6491.2,1,6482.4,6474.8,6494.4,6473.6,334.0,433078160.0,11753
2023-05-10 09:37:09,IM2312,IM2312,6489.6,0.0,0.0,0.0,1,6488.4,6491.2,1,6482.4,6474.8,6494.4,6473.6,334.0,433078160.0,11753
2023-05-10 09:37:10,IM2312,IM2312,6489.6,0.0,0.0,0.0,3,6490.4,6495.0,1,6482.4,6474.8,6494.4,6473.6,334.0,433078160.0,11753
2023-05-10 09:37:10,IM2312,IM2312,6489.6,0.0,0.0,0.0,3,6490.4,6493.4,2,6482.4,6474.8,6494.4,6473.6,334.0,433078160.0,11753
2023-05-10 09:37:13,IM2312,IM2312,6489.6,0.0,0.0,0.0,1,6490.6,6494.2,2,6482.4,6474.8,6494.4,6473.6,334.0,433078160.0,11753
2023-05-10 09:37:13,IM2312,IM2312,6489.6,0.0,0.0,0.0,4,6490.8,6494.0,1,6482.4,6474.8,6494.4,6473.6,334.0,433078160.0,11753
2023-05-10 09:37:14,IM2312,IM2312,6489.6,0.0,0.0,0.0,3,6490.8,6494.0,1,6482.4,6474.8,6494.4,6473.6,334.0,433078160.0,11753
2023-05-10 09:37:15,IM2312,IM2312,6489.6,0.0,0.0,0.0,3,6490.8,6493.8,4,6482.4,6474.8,6494.4,6473.6,334.0,433078160.0,11753
2023-05-10 09:37:16,IM2312,IM2312,6489.6,0.0,0.0,0.0,2,6490.8,6493.6,1,6482.4,6474.8,6494.4,6473.6,334.0,433078160.0,11753
2023-05-10 09:37:17,IM2312,IM2312,6490.8,2.0,2596320.0,0.0,1,6490.6,6493.0,1,6482.4,6474.8,6494.4,6473.6,336.0,435674480.0,11753
2023-05-10 09:37:17,IM2312,IM2312,6490.4,3.0,3894240.0,0.0,1,6488.2,6492.8,4,6482.4,6474.8,6494.4,6473.6,339.0,439568720.0,11753
2023-05-10 09:37:18,IM2312,IM2312,6490.4,0.0,0.0,0.0,1,6488.4,6491.4,1,6482.4,6474.8,6494.4,6473.6,339.0,439568720.0,11753
2023-05-10 09:37:18,IM2312,IM2312,6490.4,0.0,0.0,0.0,1,6488.4,6490.6,2,6482.4,6474.8,6494.4,6473.6,339.0,439568720.0,11753
2023-05-10 09:37:19,IM2312,IM2312,6491.2,1.0,1298240.0,-1.0,1,6488.4,6492.8,4,6482.4,6474.8,6494.4,6473.6,340.0,440866960.0,11752
2023-05-10 09:37:19,IM2312,IM2312,6491.2,0.0,0.0,0.0,1,6488.4,6492.0,2,6482.4,6474.8,6494.4,6473.6,340.0,440866960.0,11752
2023-05-10 09:37:20,IM2312,IM2312,6491.2,0.0,0.0,0.0,1,6488.4,6492.0,3,6482.4,6474.8,6494.4,6473.6,340.0,440866960.0,11752
2023-05-10 09:37:21,IM2312,IM2312,6491.2,0.0,0.0,0.0,1,6488.6,6492.0,3,6482.4,6474.8,6494.4,6473.6,340.0,440866960.0,11752
2023-05-10 09:37:22,IM2312,IM2312,6491.2,0.0,0.0,0.0,1,6488.2,6491.8,1,6482.4,6474.8,6494.4,6473.6,340.0,440866960.0,11752
2023-05-10 09:37:22,IM2312,IM2312,6491.2,0.0,0.0,0.0,1,6485.2,6491.6,1,6482.4,6474.8,6494.4,6473.6,340.0,440866960.0,11752
2023-05-10 09:37:23,IM2312,IM2312,6491.2,1.0,1298240.0,0.0,1,6486.0,6491.2,1,6482.4,6474.8,6494.4,6473.6,341.0,442165200.0,11752
2023-05-10 09:37:23,IM2312,IM2312,6491.2,0.0,0.0,0.0,2,6486.2,6491.0,1,6482.4,6474.8,6494.4,6473.6,341.0,442165200.0,11752
2023-05-10 09:37:24,IM2312,IM2312,6491.2,0.0,0.0,0.0,1,6488.8,6491.0,2,6482.4,6474.8,6494.4,6473.6,341.0,442165200.0,11752
2023-05-10 09:37:24,IM2312,IM2312,6488.8,1.0,1297760.0,-1.0,2,6486.2,6490.8,3,6482.4,6474.8,6494.4,6473.6,342.0,443462960.0,11751
2023-05-10 09:37:25,IM2312,IM2312,6488.8,0.0,0.0,0.0,1,6486.6,6490.8,3,6482.4,6474.8,6494.4,6473.6,342.0,443462960.0,11751
2023-05-10 09:37:25,IM2312,IM2312,6488.8,0.0,0.0,0.0,1,6486.8,6490.8,3,6482.4,6474.8,6494.4,6473.6,342.0,443462960.0,11751
2023-05-10 09:37:26,IM2312,IM2312,6490.6,1.0,1298120.0,0.0,1,6487.0,6490.6,2,6482.4,6474.8,6494.4,6473.6,343.0,444761080.0,11751
2023-05-10 09:37:26,IM2312,IM2312,6490.6,0.0,0.0,0.0,1,6487.4,6490.8,3,6482.4,6474.8,6494.4,6473.6,343.0,444761080.0,11751
2023-05-10 09:37:27,IM2312,IM2312,6490.6,0.0,0.0,0.0,1,6487.4,6490.8,2,6482.4,6474.8,6494.4,6473.6,343.0,444761080.0,11751
2023-05-10 09:37:31,IM2312,IM2312,6487.4,1.0,1297480.0,1.0,3,6487.0,6490.6,1,6482.4,6474.8,6494.4,6473.6,344.0,446058560.0,11752
2023-05-10 09:37:32,IM2312,IM2312,6487.4,0.0,0.0,0.0,3,6487.0,6490.4,1,6482.4,6474.8,6494.4,6473.6,344.0,446058560.0,11752
2023-05-10 09:37:32,IM2312,IM2312,6487.4,0.0,0.0,0.0,3,6487.0,6489.8,1,6482.4,6474.8,6494.4,6473.6,344.0,446058560.0,11752
2023-05-10 09:37:33,IM2312,IM2312,6487.4,0.0,0.0,0.0,3,6487.0,6489.6,3,6482.4,6474.8,6494.4,6473.6,344.0,446058560.0,11752
2023-05-10 09:37:34,IM2312,IM2312,6487.4,0.0,0.0,0.0,3,6487.0,6489.6,2,6482.4,6474.8,6494.4,6473.6,344.0,446058560.0,11752
2023-05-10 09:37:35,IM2312,IM2312,6487.4,0.0,0.0,0.0,1,6487.2,6489.6,2,6482.4,6474.8,6494.4,6473.6,344.0,446058560.0,11752
2023-05-10 09:37:35,IM2312,IM2312,6487.4,0.0,0.0,0.0,1,6487.2,6489.6,1,6482.4,6474.8,6494.4,6473.6,344.0,446058560.0,11752
2023-05-10 09:37:36,IM2312,IM2312,6487.4,0.0,0.0,0.0,3,6487.0,6489.4,1,6482.4,6474.8,6494.4,6473.6,344.0,446058560.0,11752
2023-05-10 09:37:36,IM2312,IM2312,6487.4,0.0,0.0,0.0,3,6487.0,6489.4,2,6482.4,6474.8,6494.4,6473.6,344.0,446058560.0,11752
2023-05-10 09:37:37,IM2312,IM2312,6487.4,0.0,0.0,0.0,3,6487.0,6489.4,1,6482.4,6474.8,6494.4,6473.6,344.0,446058560.0,11752
2023-05-10 09:37:38,IM2312,IM2312,6487.4,0.0,0.0,0.0,3,6487.0,6489.2,2,6482.4,6474.8,6494.4,6473.6,344.0,446058560.0,11752
2023-05-10 09:37:39,IM2312,IM2312,6487.0,1.0,1297400.0,1.0,2,6487.0,6489.2,2,6482.4,6474.8,6494.4,6473.6,345.0,447355960.0,11753
2023-05-10 09:37:39,IM2312,IM2312,6487.0,0.0,0.0,0.0,2,6487.0,6489.0,1,6482.4,6474.8,6494.4,6473.6,345.0,447355960.0,11753
2023-05-10 09:37:40,IM2312,IM2312,6487.0,0.0,0.0,0.0,2,6487.2,6489.0,1,6482.4,6474.8,6494.4,6473.6,345.0,447355960.0,11753
2023-05-10 09:37:41,IM2312,IM2312,6489.0,1.0,1297800.0,0.0,2,6487.2,6490.8,1,6482.4,6474.8,6494.4,6473.6,346.0,448653760.0,11753
2023-05-10 09:37:41,IM2312,IM2312,6489.0,0.0,0.0,0.0,2,6487.2,6489.0,1,6482.4,6474.8,6494.4,6473.6,346.0,448653760.0,11753
2023-05-10 09:37:42,IM2312,IM2312,6489.0,0.0,0.0,0.0,1,6487.2,6489.0,1,6482.4,6474.8,6494.4,6473.6,346.0,448653760.0,11753
2023-05-10 09:37:42,IM2312,IM2312,6489.0,0.0,0.0,0.0,2,6487.0,6489.0,1,6482.4,6474.8,6494.4,6473.6,346.0,448653760.0,11753
2023-05-10 09:37:43,IM2312,IM2312,6489.0,0.0,0.0,0.0,2,6487.0,6488.8,1,6482.4,6474.8,6494.4,6473.6,346.0,448653760.0,11753
2023-05-10 09:37:44,IM2312,IM2312,6489.0,0.0,0.0,0.0,2,6487.0,6488.8,2,6482.4,6474.8,6494.4,6473.6,346.0,448653760.0,11753
2023-05-10 09:37:45,IM2312,IM2312,6489.0,0.0,0.0,0.0,2,6487.2,6488.8,2,6482.4,6474.8,6494.4,6473.6,346.0,448653760.0,11753
2023-05-10 09:37:45,IM2312,IM2312,6489.0,0.0,0.0,0.0,2,6487.2,6488.8,1,6482.4,6474.8,6494.4,6473.6,346.0,448653760.0,11753
2023-05-10 09:37:46,IM2312,IM2312,6489.0,0.0,0.0,0.0,1,6487.4,6488.8,1,6482.4,6474.8,6494.4,6473.6,346.0,448653760.0,11753
2023-05-10 09:37:48,IM2312,IM2312,6489.0,0.0,0.0,0.0,1,6487.2,6488.8,1,6482.4,6474.8,6494.4,6473.6,346.0,448653760.0,11753
2023-05-10 09:37:49,IM2312,IM2312,6489.0,1.0,1297800.0,0.0,1,6487.2,6490.6,2,6482.4,6474.8,6494.4,6473.6,347.0,449951560.0,11753
2023-05-10 09:37:49,IM2312,IM2312,6489.0,0.0,0.0,0.0,1,6487.2,6490.0,2,6482.4,6474.8,6494.4,6473.6,347.0,449951560.0,11753
2023-05-10 09:37:50,IM2312,IM2312,6489.0,0.0,0.0,0.0,1,6487.2,6489.8,3,6482.4,6474.8,6494.4,6473.6,347.0,449951560.0,11753
2023-05-10 09:37:51,IM2312,IM2312,6489.0,0.0,0.0,0.0,2,6487.0,6489.6,1,6482.4,6474.8,6494.4,6473.6,347.0,449951560.0,11753
2023-05-10 09:37:51,IM2312,IM2312,6487.0,1.0,1297400.0,0.0,1,6487.0,6489.4,2,6482.4,6474.8,6494.4,6473.6,348.0,451248960.0,11753
2023-05-10 09:37:52,IM2312,IM2312,6487.0,0.0,0.0,0.0,1,6487.0,6489.0,1,6482.4,6474.8,6494.4,6473.6,348.0,451248960.0,11753
2023-05-10 09:37:52,IM2312,IM2312,6487.0,0.0,0.0,0.0,1,6487.0,6488.8,2,6482.4,6474.8,6494.4,6473.6,348.0,451248960.0,11753
2023-05-10 09:37:53,IM2312,IM2312,6487.0,1.0,1297400.0,0.0,1,6485.4,6488.6,1,6482.4,6474.8,6494.4,6473.6,349.0,452546360.0,11753
2023-05-10 09:37:54,IM2312,IM2312,6487.0,0.0,0.0,0.0,2,6485.6,6488.6,1,6482.4,6474.8,6494.4,6473.6,349.0,452546360.0,11753
2023-05-10 09:37:54,IM2312,IM2312,6487.0,0.0,0.0,0.0,1,6485.8,6488.4,1,6482.4,6474.8,6494.4,6473.6,349.0,452546360.0,11753
2023-05-10 09:37:55,IM2312,IM2312,6487.0,0.0,0.0,0.0,1,6486.0,6488.4,1,6482.4,6474.8,6494.4,6473.6,349.0,452546360.0,11753
2023-05-10 09:37:55,IM2312,IM2312,6487.0,0.0,0.0,0.0,1,6486.0,6488.6,1,6482.4,6474.8,6494.4,6473.6,349.0,452546360.0,11753
2023-05-10 09:37:56,IM2312,IM2312,6487.0,0.0,0.0,0.0,1,6486.0,6489.4,1,6482.4,6474.8,6494.4,6473.6,349.0,452546360.0,11753
2023-05-10 09:37:57,IM2312,IM2312,6487.0,0.0,0.0,0.0,2,6486.4,6489.6,1,6482.4,6474.8,6494.4,6473.6,349.0,452546360.0,11753
2023-05-10 09:37:58,IM2312,IM2312,6487.0,0.0,0.0,0.0,2,6486.8,6489.4,1,6482.4,6474.8,6494.4,6473.6,349.0,452546360.0,11753
2023-05-10 09:37:58,IM2312,IM2312,6487.0,0.0,0.0,0.0,1,6487.2,6489.4,1,6482.4,6474.8,6494.4,6473.6,349.0,452546360.0,11753
2023-05-10 09:37:59,IM2312,IM2312,6487.0,0.0,0.0,0.0,1,6487.4,6492.8,3,6482.4,6474.8,6494.4,6473.6,349.0,452546360.0,11753
2023-05-10 09:37:59,IM2312,IM2312,6487.0,0.0,0.0,0.0,1,6487.0,6490.2,1,6482.4,6474.8,6494.4,6473.6,349.0,452546360.0,11753
2023-05-10 09:38:00,IM2312,IM2312,6487.0,0.0,0.0,0.0,1,6487.0,6489.8,1,6482.4,6474.8,6494.4,6473.6,349.0,452546360.0,11753
2023-05-10 09:38:00,IM2312,IM2312,6487.0,0.0,0.0,0.0,1,6487.0,6489.4,1,6482.4,6474.8,6494.4,6473.6,349.0,452546360.0,11753
2023-05-10 09:38:01,IM2312,IM2312,6487.0,0.0,0.0,0.0,1,6487.0,6489.2,1,6482.4,6474.8,6494.4,6473.6,349.0,452546360.0,11753
