time,symbol_id,symbol_name,last,trade_volume,trade_amount,open_interest_change,bv1,bp1,ap1,av1,yesterday_close,today_open,today_high,today_low,volume,amount,open_interest
2023-05-10 20:59:00,ss2312,ss2312,14705.0,0.0,0.0,0.0,1,14550.0,14695.0,7,14705.0,14635.0,0.0,0.0,0.0,0.0,2042
2023-05-10 21:00:01,ss2312,ss2312,14705.0,0.0,0.0,0.0,1,14550.0,14880.0,1,14705.0,14635.0,0.0,0.0,0.0,0.0,2042
2023-05-10 21:00:02,ss2312,ss2312,14705.0,0.0,0.0,0.0,1,14555.0,14875.0,4,14705.0,14635.0,0.0,0.0,0.0,0.0,2042
2023-05-10 21:00:02,ss2312,ss2312,14705.0,0.0,0.0,0.0,1,14565.0,14860.0,2,14705.0,14635.0,0.0,0.0,0.0,0.0,2042
2023-05-10 21:00:03,ss2312,ss2312,14705.0,0.0,0.0,0.0,2,14570.0,14860.0,2,14705.0,14635.0,0.0,0.0,0.0,0.0,2042
2023-05-10 21:00:03,ss2312,ss2312,14705.0,0.0,0.0,0.0,2,14575.0,14855.0,6,14705.0,14635.0,0.0,0.0,0.0,0.0,2042
2023-05-10 21:00:04,ss2312,ss2312,14705.0,0.0,0.0,0.0,2,14580.0,14840.0,2,14705.0,14635.0,0.0,0.0,0.0,0.0,2042
2023-05-10 21:00:04,ss2312,ss2312,14705.0,0.0,0.0,0.0,2,14585.0,14840.0,2,14705.0,14635.0,0.0,0.0,0.0,0.0,2042
2023-05-10 21:00:05,ss2312,ss2312,14705.0,0.0,0.0,0.0,7,14590.0,14835.0,7,14705.0,14635.0,0.0,0.0,0.0,0.0,2042
2023-05-10 21:00:05,ss2312,ss2312,14705.0,0.0,0.0,0.0,2,14595.0,14825.0,2,14705.0,14635.0,0.0,0.0,0.0,0.0,2042
2023-05-10 21:00:06,ss2312,ss2312,14705.0,0.0,0.0,0.0,2,14600.0,14825.0,2,14705.0,14635.0,0.0,0.0,0.0,0.0,2042
2023-05-10 21:00:06,ss2312,ss2312,14705.0,0.0,0.0,0.0,2,14605.0,14820.0,2,14705.0,14635.0,0.0,0.0,0.0,0.0,2042
2023-05-10 21:00:07,ss2312,ss2312,14705.0,0.0,0.0,0.0,2,14610.0,14810.0,2,14705.0,14635.0,0.0,0.0,0.0,0.0,2042
2023-05-10 21:00:07,ss2312,ss2312,14705.0,0.0,0.0,0.0,2,14615.0,14805.0,1,14705.0,14635.0,0.0,0.0,0.0,0.0,2042
2023-05-10 21:00:08,ss2312,ss2312,14705.0,0.0,0.0,0.0,2,14620.0,14785.0,2,14705.0,14635.0,0.0,0.0,0.0,0.0,2042
2023-05-10 21:00:08,ss2312,ss2312,14705.0,0.0,0.0,0.0,1,14625.0,14780.0,5,14705.0,14635.0,0.0,0.0,0.0,0.0,2042
2023-05-10 21:00:09,ss2312,ss2312,14705.0,0.0,0.0,0.0,1,14630.0,14780.0,10,14705.0,14635.0,0.0,0.0,0.0,0.0,2042
2023-05-10 21:00:09,ss2312,ss2312,14705.0,0.0,0.0,0.0,1,14635.0,14775.0,1,14705.0,14635.0,0.0,0.0,0.0,0.0,2042
2023-05-10 21:00:10,ss2312,ss2312,14705.0,0.0,0.0,0.0,3,14635.0,14770.0,3,14705.0,14635.0,0.0,0.0,0.0,0.0,2042
2023-05-10 21:00:10,ss2312,ss2312,14705.0,0.0,0.0,0.0,5,14640.0,14770.0,3,14705.0,14635.0,0.0,0.0,0.0,0.0,2042
2023-05-10 21:00:11,ss2312,ss2312,14705.0,0.0,0.0,0.0,17,14645.0,14770.0,3,14705.0,14635.0,0.0,0.0,0.0,0.0,2042
2023-05-10 21:00:11,ss2312,ss2312,14705.0,0.0,0.0,0.0,1,14650.0,14765.0,11,14705.0,14635.0,0.0,0.0,0.0,0.0,2042
2023-05-10 21:00:12,ss2312,ss2312,14705.0,0.0,0.0,0.0,3,14650.0,14760.0,15,14705.0,14635.0,0.0,0.0,0.0,0.0,2042
2023-05-10 21:00:12,ss2312,ss2312,14705.0,0.0,0.0,0.0,3,14650.0,14755.0,4,14705.0,14635.0,0.0,0.0,0.0,0.0,2042
2023-05-10 21:00:13,ss2312,ss2312,14705.0,0.0,0.0,0.0,2,14645.0,14750.0,5,14705.0,14635.0,0.0,0.0,0.0,0.0,2042
2023-05-10 21:00:13,ss2312,ss2312,14705.0,0.0,0.0,0.0,2,14645.0,14750.0,1,14705.0,14635.0,0.0,0.0,0.0,0.0,2042
2023-05-10 21:00:14,ss2312,ss2312,14705.0,0.0,0.0,0.0,2,14645.0,14750.0,1,14705.0,14635.0,0.0,0.0,0.0,0.0,2042
2023-05-10 21:00:14,ss2312,ss2312,14705.0,0.0,0.0,0.0,6,14650.0,14750.0,1,14705.0,14635.0,0.0,0.0,0.0,0.0,2042
2023-05-10 21:00:15,ss2312,ss2312,14705.0,0.0,0.0,0.0,6,14650.0,14750.0,1,14705.0,14635.0,0.0,0.0,0.0,0.0,2042
2023-05-10 21:00:15,ss2312,ss2312,14705.0,0.0,0.0,0.0,2,14655.0,14750.0,1,14705.0,14635.0,0.0,0.0,0.0,0.0,2042
2023-05-10 21:00:16,ss2312,ss2312,14705.0,0.0,0.0,0.0,2,14655.0,14750.0,1,14705.0,14635.0,0.0,0.0,0.0,0.0,2042
2023-05-10 21:00:16,ss2312,ss2312,14705.0,0.0,0.0,0.0,2,14655.0,14750.0,1,14705.0,14635.0,0.0,0.0,0.0,0.0,2042
2023-05-10 21:00:17,ss2312,ss2312,14705.0,0.0,0.0,0.0,4,14655.0,14750.0,1,14705.0,14635.0,0.0,0.0,0.0,0.0,2042
2023-05-10 21:00:18,ss2312,ss2312,14705.0,0.0,0.0,0.0,4,14655.0,14750.0,1,14705.0,14635.0,0.0,0.0,0.0,0.0,2042
2023-05-10 21:00:21,ss2312,ss2312,14705.0,0.0,0.0,0.0,1,14660.0,14750.0,1,14705.0,14635.0,0.0,0.0,0.0,0.0,2042
2023-05-10 21:00:21,ss2312,ss2312,14705.0,0.0,0.0,0.0,2,14660.0,14825.0,1,14705.0,14635.0,0.0,0.0,0.0,0.0,2042
2023-05-10 21:00:22,ss2312,ss2312,14705.0,0.0,0.0,0.0,2,14665.0,14820.0,9,14705.0,14635.0,0.0,0.0,0.0,0.0,2042
2023-05-10 21:00:22,ss2312,ss2312,14705.0,0.0,0.0,0.0,2,14665.0,14815.0,8,14705.0,14635.0,0.0,0.0,0.0,0.0,2042
2023-05-10 21:00:23,ss2312,ss2312,14705.0,0.0,0.0,0.0,2,14665.0,14810.0,6,14705.0,14635.0,0.0,0.0,0.0,0.0,2042
2023-05-10 21:00:23,ss2312,ss2312,14705.0,0.0,0.0,0.0,2,14665.0,14785.0,2,14705.0,14635.0,0.0,0.0,0.0,0.0,2042
2023-05-10 21:00:24,ss2312,ss2312,14705.0,0.0,0.0,0.0,2,14665.0,14780.0,8,14705.0,14635.0,0.0,0.0,0.0,0.0,2042
2023-05-10 21:00:24,ss2312,ss2312,14705.0,0.0,0.0,0.0,2,14665.0,14780.0,3,14705.0,14635.0,0.0,0.0,0.0,0.0,2042
2023-05-10 21:00:25,ss2312,ss2312,14705.0,0.0,0.0,0.0,1,14630.0,14775.0,30,14705.0,14635.0,0.0,0.0,0.0,0.0,2042
2023-05-10 21:00:25,ss2312,ss2312,14705.0,0.0,0.0,0.0,9,14635.0,14770.0,3,14705.0,14635.0,0.0,0.0,0.0,0.0,2042
2023-05-10 21:00:26,ss2312,ss2312,14705.0,0.0,0.0,0.0,5,14640.0,14770.0,3,14705.0,14635.0,0.0,0.0,0.0,0.0,2042
2023-05-10 21:00:26,ss2312,ss2312,14705.0,0.0,0.0,0.0,3,14635.0,14770.0,3,14705.0,14635.0,0.0,0.0,0.0,0.0,2042
2023-05-10 21:00:27,ss2312,ss2312,14705.0,0.0,0.0,0.0,9,14640.0,14770.0,3,14705.0,14635.0,0.0,0.0,0.0,0.0,2042
2023-05-10 21:00:28,ss2312,ss2312,14705.0,0.0,0.0,0.0,1,14645.0,14765.0,7,14705.0,14635.0,0.0,0.0,0.0,0.0,2042
2023-05-10 21:00:28,ss2312,ss2312,14705.0,0.0,0.0,0.0,2,14650.0,14760.0,1,14705.0,14635.0,0.0,0.0,0.0,0.0,2042
2023-05-10 21:00:29,ss2312,ss2312,14705.0,0.0,0.0,0.0,2,14655.0,14760.0,1,14705.0,14635.0,0.0,0.0,0.0,0.0,2042
2023-05-10 21:00:29,ss2312,ss2312,14705.0,0.0,0.0,0.0,4,14660.0,14760.0,1,14705.0,14635.0,0.0,0.0,0.0,0.0,2042
2023-05-10 21:00:30,ss2312,ss2312,14705.0,0.0,0.0,0.0,4,14660.0,14760.0,1,14705.0,14635.0,0.0,0.0,0.0,0.0,2042
2023-05-10 21:00:30,ss2312,ss2312,14705.0,0.0,0.0,0.0,4,14660.0,14760.0,1,14705.0,14635.0,0.0,0.0,0.0,0.0,2042
2023-05-10 21:00:32,ss2312,ss2312,14705.0,0.0,0.0,0.0,4,14665.0,14760.0,1,14705.0,14635.0,0.0,0.0,0.0,0.0,2042
2023-05-10 21:00:33,ss2312,ss2312,14705.0,0.0,0.0,0.0,4,14665.0,14760.0,1,14705.0,14635.0,0.0,0.0,0.0,0.0,2042
2023-05-10 21:00:33,ss2312,ss2312,14705.0,0.0,0.0,0.0,2,14670.0,14760.0,1,14705.0,14635.0,0.0,0.0,0.0,0.0,2042
2023-05-10 21:00:34,ss2312,ss2312,14705.0,0.0,0.0,0.0,2,14670.0,14760.0,1,14705.0,14635.0,0.0,0.0,0.0,0.0,2042
2023-05-10 21:00:37,ss2312,ss2312,14705.0,0.0,0.0,0.0,2,14670.0,14785.0,2,14705.0,14635.0,0.0,0.0,0.0,0.0,2042
2023-05-10 21:00:37,ss2312,ss2312,14705.0,0.0,0.0,0.0,2,14670.0,14780.0,41,14705.0,14635.0,0.0,0.0,0.0,0.0,2042
2023-05-10 21:00:41,ss2312,ss2312,14705.0,0.0,0.0,0.0,2,14670.0,14775.0,2,14705.0,14635.0,0.0,0.0,0.0,0.0,2042
2023-05-10 21:00:42,ss2312,ss2312,14705.0,0.0,0.0,0.0,2,14670.0,14770.0,1,14705.0,14635.0,0.0,0.0,0.0,0.0,2042
2023-05-10 21:00:42,ss2312,ss2312,14705.0,0.0,0.0,0.0,2,14670.0,14770.0,1,14705.0,14635.0,0.0,0.0,0.0,0.0,2042
2023-05-10 21:00:44,ss2312,ss2312,14705.0,0.0,0.0,0.0,1,14645.0,14770.0,1,14705.0,14635.0,0.0,0.0,0.0,0.0,2042
2023-05-10 21:00:44,ss2312,ss2312,14705.0,0.0,0.0,0.0,10,14650.0,14765.0,35,14705.0,14635.0,0.0,0.0,0.0,0.0,2042
2023-05-10 21:00:45,ss2312,ss2312,14705.0,0.0,0.0,0.0,21,14655.0,14765.0,1,14705.0,14635.0,0.0,0.0,0.0,0.0,2042
2023-05-10 21:00:45,ss2312,ss2312,14705.0,0.0,0.0,0.0,3,14660.0,14765.0,1,14705.0,14635.0,0.0,0.0,0.0,0.0,2042
2023-05-10 21:00:46,ss2312,ss2312,14705.0,0.0,0.0,0.0,1,14665.0,14765.0,1,14705.0,14635.0,0.0,0.0,0.0,0.0,2042
2023-05-10 21:00:46,ss2312,ss2312,14705.0,0.0,0.0,0.0,1,14665.0,14765.0,1,14705.0,14635.0,0.0,0.0,0.0,0.0,2042
2023-05-10 21:00:47,ss2312,ss2312,14705.0,0.0,0.0,0.0,1,14665.0,14765.0,1,14705.0,14635.0,0.0,0.0,0.0,0.0,2042
2023-05-10 21:00:47,ss2312,ss2312,14705.0,0.0,0.0,0.0,2,14670.0,14760.0,3,14705.0,14635.0,0.0,0.0,0.0,0.0,2042
2023-05-10 21:00:48,ss2312,ss2312,14705.0,0.0,0.0,0.0,2,14670.0,14760.0,3,14705.0,14635.0,0.0,0.0,0.0,0.0,2042
2023-05-10 21:00:50,ss2312,ss2312,14705.0,0.0,0.0,0.0,1,14650.0,14760.0,3,14705.0,14635.0,0.0,0.0,0.0,0.0,2042
2023-05-10 21:00:50,ss2312,ss2312,14705.0,0.0,0.0,0.0,39,14655.0,14760.0,3,14705.0,14635.0,0.0,0.0,0.0,0.0,2042
2023-05-10 21:00:51,ss2312,ss2312,14705.0,0.0,0.0,0.0,45,14655.0,14760.0,3,14705.0,14635.0,0.0,0.0,0.0,0.0,2042
2023-05-10 21:00:54,ss2312,ss2312,14705.0,0.0,0.0,0.0,45,14655.0,14760.0,3,14705.0,14635.0,0.0,0.0,0.0,0.0,2042
2023-05-10 21:00:55,ss2312,ss2312,14705.0,0.0,0.0,0.0,45,14655.0,14760.0,3,14705.0,14635.0,0.0,0.0,0.0,0.0,2042
2023-05-10 21:00:57,ss2312,ss2312,14705.0,0.0,0.0,0.0,45,14655.0,14760.0,3,14705.0,14635.0,0.0,0.0,0.0,0.0,2042
2023-05-10 21:00:58,ss2312,ss2312,14705.0,0.0,0.0,0.0,45,14655.0,14760.0,3,14705.0,14635.0,0.0,0.0,0.0,0.0,2042
2023-05-10 21:00:58,ss2312,ss2312,14705.0,0.0,0.0,0.0,45,14655.0,14760.0,2,14705.0,14635.0,0.0,0.0,0.0,0.0,2042
2023-05-10 21:00:59,ss2312,ss2312,14705.0,0.0,0.0,0.0,45,14655.0,14760.0,3,14705.0,14635.0,0.0,0.0,0.0,0.0,2042
2023-05-10 21:01:00,ss2312,ss2312,14705.0,0.0,0.0,0.0,1,14690.0,14760.0,2,14705.0,14635.0,0.0,0.0,0.0,0.0,2042
2023-05-10 21:01:01,ss2312,ss2312,14705.0,0.0,0.0,0.0,1,14690.0,14760.0,2,14705.0,14635.0,0.0,0.0,0.0,0.0,2042
2023-05-10 21:01:01,ss2312,ss2312,14705.0,0.0,0.0,0.0,1,14690.0,14760.0,2,14705.0,14635.0,0.0,0.0,0.0,0.0,2042
2023-05-10 21:01:02,ss2312,ss2312,14705.0,0.0,0.0,0.0,1,14690.0,14755.0,1,14705.0,14635.0,0.0,0.0,0.0,0.0,2042
2023-05-10 21:01:02,ss2312,ss2312,14705.0,0.0,0.0,0.0,1,14690.0,14760.0,2,14705.0,14635.0,0.0,0.0,0.0,0.0,2042
2023-05-10 21:01:03,ss2312,ss2312,14705.0,0.0,0.0,0.0,1,14665.0,14760.0,3,14705.0,14635.0,0.0,0.0,0.0,0.0,2042
2023-05-10 21:01:03,ss2312,ss2312,14705.0,0.0,0.0,0.0,2,14670.0,14760.0,3,14705.0,14635.0,0.0,0.0,0.0,0.0,2042
2023-05-10 21:01:04,ss2312,ss2312,14705.0,0.0,0.0,0.0,1,14675.0,14760.0,3,14705.0,14635.0,0.0,0.0,0.0,0.0,2042
2023-05-10 21:01:05,ss2312,ss2312,14705.0,0.0,0.0,0.0,1,14675.0,14755.0,1,14705.0,14635.0,0.0,0.0,0.0,0.0,2042
2023-05-10 21:01:06,ss2312,ss2312,14705.0,0.0,0.0,0.0,1,14675.0,14755.0,1,14705.0,14635.0,0.0,0.0,0.0,0.0,2042
2023-05-10 21:01:06,ss2312,ss2312,14705.0,0.0,0.0,0.0,1,14665.0,14755.0,1,14705.0,14635.0,0.0,0.0,0.0,0.0,2042
2023-05-10 21:01:07,ss2312,ss2312,14705.0,0.0,0.0,0.0,2,14665.0,14755.0,1,14705.0,14635.0,0.0,0.0,0.0,0.0,2042
2023-05-10 21:01:08,ss2312,ss2312,14705.0,0.0,0.0,0.0,2,14665.0,14755.0,1,14705.0,14635.0,0.0,0.0,0.0,0.0,2042
2023-05-10 21:01:09,ss2312,ss2312,14705.0,0.0,0.0,0.0,2,14665.0,14755.0,1,14705.0,14635.0,0.0,0.0,0.0,0.0,2042
2023-05-10 21:01:10,ss2312,ss2312,14705.0,0.0,0.0,0.0,1,14655.0,14755.0,1,14705.0,14635.0,0.0,0.0,0.0,0.0,2042
2023-05-10 21:01:11,ss2312,ss2312,14705.0,0.0,0.0,0.0,1,14670.0,14755.0,1,14705.0,14635.0,0.0,0.0,0.0,0.0,2042
2023-05-10 21:01:11,ss2312,ss2312,14705.0,0.0,0.0,0.0,1,14655.0,14755.0,1,14705.0,14635.0,0.0,0.0,0.0,0.0,2042
2023-05-10 21:01:12,ss2312,ss2312,14705.0,0.0,0.0,0.0,2,14660.0,14755.0,1,14705.0,14635.0,0.0,0.0,0.0,0.0,2042
2023-05-10 21:01:13,ss2312,ss2312,14705.0,0.0,0.0,0.0,2,14660.0,14755.0,1,14705.0,14635.0,0.0,0.0,0.0,0.0,2042
2023-05-10 21:01:13,ss2312,ss2312,14705.0,0.0,0.0,0.0,1,14665.0,14755.0,1,14705.0,14635.0,0.0,0.0,0.0,0.0,2042
2023-05-10 21:01:14,ss2312,ss2312,14705.0,0.0,0.0,0.0,1,14665.0,14750.0,1,14705.0,14635.0,0.0,0.0,0.0,0.0,2042
2023-05-10 21:01:14,ss2312,ss2312,14705.0,0.0,0.0,0.0,1,14665.0,14745.0,1,14705.0,14635.0,0.0,0.0,0.0,0.0,2042
2023-05-10 21:01:15,ss2312,ss2312,14705.0,0.0,0.0,0.0,1,14665.0,14745.0,2,14705.0,14635.0,0.0,0.0,0.0,0.0,2042
2023-05-10 21:01:15,ss2312,ss2312,14705.0,0.0,0.0,0.0,1,14655.0,14745.0,2,14705.0,14635.0,0.0,0.0,0.0,0.0,2042
2023-05-10 21:01:16,ss2312,ss2312,14705.0,0.0,0.0,0.0,1,14635.0,14745.0,2,14705.0,14635.0,0.0,0.0,0.0,0.0,2042
2023-05-10 21:01:16,ss2312,ss2312,14705.0,0.0,0.0,0.0,14,14640.0,14745.0,2,14705.0,14635.0,0.0,0.0,0.0,0.0,2042
2023-05-10 21:01:17,ss2312,ss2312,14705.0,0.0,0.0,0.0,7,14645.0,14745.0,2,14705.0,14635.0,0.0,0.0,0.0,0.0,2042
2023-05-10 21:01:17,ss2312,ss2312,14705.0,0.0,0.0,0.0,1,14660.0,14745.0,2,14705.0,14635.0,0.0,0.0,0.0,0.0,2042
2023-05-10 21:01:18,ss2312,ss2312,14705.0,0.0,0.0,0.0,1,14645.0,14745.0,2,14705.0,14635.0,0.0,0.0,0.0,0.0,2042
2023-05-10 21:01:19,ss2312,ss2312,14705.0,0.0,0.0,0.0,1,14645.0,14745.0,2,14705.0,14635.0,0.0,0.0,0.0,0.0,2042
2023-05-10 21:01:19,ss2312,ss2312,14705.0,0.0,0.0,0.0,2,14650.0,14735.0,2,14705.0,14635.0,0.0,0.0,0.0,0.0,2042
2023-05-10 21:01:20,ss2312,ss2312,14705.0,0.0,0.0,0.0,1,14655.0,14735.0,3,14705.0,14635.0,0.0,0.0,0.0,0.0,2042
2023-05-10 21:01:20,ss2312,ss2312,14705.0,0.0,0.0,0.0,1,14655.0,14730.0,1,14705.0,14635.0,0.0,0.0,0.0,0.0,2042
2023-05-10 21:01:22,ss2312,ss2312,14705.0,0.0,0.0,0.0,1,14655.0,14730.0,1,14705.0,14635.0,0.0,0.0,0.0,0.0,2042
2023-05-10 21:01:22,ss2312,ss2312,14705.0,0.0,0.0,0.0,1,14655.0,14730.0,1,14705.0,14635.0,0.0,0.0,0.0,0.0,2042
2023-05-10 21:01:23,ss2312,ss2312,14705.0,0.0,0.0,0.0,1,14635.0,14730.0,1,14705.0,14635.0,0.0,0.0,0.0,0.0,2042
2023-05-10 21:01:23,ss2312,ss2312,14705.0,0.0,0.0,0.0,8,14640.0,14730.0,1,14705.0,14635.0,0.0,0.0,0.0,0.0,2042
2023-05-10 21:01:24,ss2312,ss2312,14705.0,0.0,0.0,0.0,2,14645.0,14730.0,1,14705.0,14635.0,0.0,0.0,0.0,0.0,2042
2023-05-10 21:01:24,ss2312,ss2312,14705.0,0.0,0.0,0.0,3,14645.0,14730.0,1,14705.0,14635.0,0.0,0.0,0.0,0.0,2042
2023-05-10 21:01:25,ss2312,ss2312,14705.0,0.0,0.0,0.0,2,14650.0,14730.0,1,14705.0,14635.0,0.0,0.0,0.0,0.0,2042
2023-05-10 21:01:25,ss2312,ss2312,14705.0,0.0,0.0,0.0,2,14650.0,14730.0,1,14705.0,14635.0,0.0,0.0,0.0,0.0,2042
2023-05-10 21:01:26,ss2312,ss2312,14705.0,0.0,0.0,0.0,2,14650.0,14730.0,1,14705.0,14635.0,0.0,0.0,0.0,0.0,2042
2023-05-10 21:01:26,ss2312,ss2312,14705.0,0.0,0.0,0.0,1,14655.0,14730.0,1,14705.0,14635.0,0.0,0.0,0.0,0.0,2042
2023-05-10 21:01:27,ss2312,ss2312,14705.0,0.0,0.0,0.0,2,14650.0,14730.0,1,14705.0,14635.0,0.0,0.0,0.0,0.0,2042
2023-05-10 21:01:27,ss2312,ss2312,14705.0,0.0,0.0,0.0,1,14635.0,14730.0,1,14705.0,14635.0,0.0,0.0,0.0,0.0,2042
2023-05-10 21:01:28,ss2312,ss2312,14705.0,0.0,0.0,0.0,13,14640.0,14730.0,1,14705.0,14635.0,0.0,0.0,0.0,0.0,2042
2023-05-10 21:01:29,ss2312,ss2312,14705.0,0.0,0.0,0.0,1,14645.0,14730.0,1,14705.0,14635.0,0.0,0.0,0.0,0.0,2042
2023-05-10 21:01:30,ss2312,ss2312,14705.0,0.0,0.0,0.0,2,14645.0,14730.0,1,14705.0,14635.0,0.0,0.0,0.0,0.0,2042
2023-05-10 21:01:32,ss2312,ss2312,14705.0,0.0,0.0,0.0,2,14645.0,14735.0,2,14705.0,14635.0,0.0,0.0,0.0,0.0,2042
2023-05-10 21:01:32,ss2312,ss2312,14705.0,0.0,0.0,0.0,2,14650.0,14735.0,3,14705.0,14635.0,0.0,0.0,0.0,0.0,2042
2023-05-10 21:01:33,ss2312,ss2312,14705.0,0.0,0.0,0.0,2,14650.0,14735.0,3,14705.0,14635.0,0.0,0.0,0.0,0.0,2042
2023-05-10 21:01:33,ss2312,ss2312,14705.0,0.0,0.0,0.0,1,14655.0,14730.0,1,14705.0,14635.0,0.0,0.0,0.0,0.0,2042
2023-05-10 21:01:34,ss2312,ss2312,14705.0,0.0,0.0,0.0,2,14650.0,14730.0,1,14705.0,14635.0,0.0,0.0,0.0,0.0,2042
2023-05-10 21:01:35,ss2312,ss2312,14705.0,0.0,0.0,0.0,2,14650.0,14730.0,1,14705.0,14635.0,0.0,0.0,0.0,0.0,2042
2023-05-10 21:01:36,ss2312,ss2312,14705.0,0.0,0.0,0.0,2,14650.0,14735.0,2,14705.0,14635.0,0.0,0.0,0.0,0.0,2042
2023-05-10 21:01:36,ss2312,ss2312,14705.0,0.0,0.0,0.0,1,14655.0,14730.0,1,14705.0,14635.0,0.0,0.0,0.0,0.0,2042
2023-05-10 21:01:37,ss2312,ss2312,14705.0,0.0,0.0,0.0,1,14655.0,14730.0,1,14705.0,14635.0,0.0,0.0,0.0,0.0,2042
2023-05-10 21:01:38,ss2312,ss2312,14705.0,0.0,0.0,0.0,1,14655.0,14730.0,1,14705.0,14635.0,0.0,0.0,0.0,0.0,2042
2023-05-10 21:01:38,ss2312,ss2312,14705.0,0.0,0.0,0.0,1,14635.0,14730.0,1,14705.0,14635.0,0.0,0.0,0.0,0.0,2042
2023-05-10 21:01:39,ss2312,ss2312,14705.0,0.0,0.0,0.0,11,14640.0,14725.0,2,14705.0,14635.0,0.0,0.0,0.0,0.0,2042
2023-05-10 21:01:39,ss2312,ss2312,14705.0,0.0,0.0,0.0,1,14645.0,14725.0,3,14705.0,14635.0,0.0,0.0,0.0,0.0,2042
2023-05-10 21:01:40,ss2312,ss2312,14705.0,0.0,0.0,0.0,1,14645.0,14725.0,3,14705.0,14635.0,0.0,0.0,0.0,0.0,2042
2023-05-10 21:01:40,ss2312,ss2312,14705.0,0.0,0.0,0.0,1,14645.0,14725.0,3,14705.0,14635.0,0.0,0.0,0.0,0.0,2042
2023-05-10 21:01:41,ss2312,ss2312,14705.0,0.0,0.0,0.0,1,14650.0,14720.0,1,14705.0,14635.0,0.0,0.0,0.0,0.0,2042
2023-05-10 21:01:41,ss2312,ss2312,14705.0,0.0,0.0,0.0,1,14650.0,14725.0,2,14705.0,14635.0,0.0,0.0,0.0,0.0,2042
2023-05-10 21:01:42,ss2312,ss2312,14705.0,0.0,0.0,0.0,3,14650.0,14725.0,3,14705.0,14635.0,0.0,0.0,0.0,0.0,2042
2023-05-10 21:01:42,ss2312,ss2312,14705.0,0.0,0.0,0.0,3,14650.0,14720.0,1,14705.0,14635.0,0.0,0.0,0.0,0.0,2042
2023-05-10 21:01:43,ss2312,ss2312,14705.0,0.0,0.0,0.0,3,14650.0,14725.0,2,14705.0,14635.0,0.0,0.0,0.0,0.0,2042
2023-05-10 21:01:43,ss2312,ss2312,14705.0,0.0,0.0,0.0,3,14650.0,14725.0,3,14705.0,14635.0,0.0,0.0,0.0,0.0,2042
2023-05-10 21:01:44,ss2312,ss2312,14705.0,0.0,0.0,0.0,3,14650.0,14725.0,2,14705.0,14635.0,0.0,0.0,0.0,0.0,2042
2023-05-10 21:01:44,ss2312,ss2312,14705.0,0.0,0.0,0.0,3,14650.0,14725.0,2,14705.0,14635.0,0.0,0.0,0.0,0.0,2042
2023-05-10 21:01:45,ss2312,ss2312,14705.0,0.0,0.0,0.0,3,14650.0,14720.0,2,14705.0,14635.0,0.0,0.0,0.0,0.0,2042
2023-05-10 21:01:45,ss2312,ss2312,14705.0,0.0,0.0,0.0,3,14650.0,14720.0,2,14705.0,14635.0,0.0,0.0,0.0,0.0,2042
2023-05-10 21:01:46,ss2312,ss2312,14705.0,0.0,0.0,0.0,3,14650.0,14720.0,3,14705.0,14635.0,0.0,0.0,0.0,0.0,2042
2023-05-10 21:01:46,ss2312,ss2312,14705.0,0.0,0.0,0.0,3,14650.0,14720.0,3,14705.0,14635.0,0.0,0.0,0.0,0.0,2042
2023-05-10 21:01:47,ss2312,ss2312,14705.0,0.0,0.0,0.0,3,14650.0,14720.0,3,14705.0,14635.0,0.0,0.0,0.0,0.0,2042
2023-05-10 21:01:48,ss2312,ss2312,14705.0,0.0,0.0,0.0,3,14650.0,14720.0,2,14705.0,14635.0,0.0,0.0,0.0,0.0,2042
2023-05-10 21:01:49,ss2312,ss2312,14705.0,0.0,0.0,0.0,3,14650.0,14720.0,2,14705.0,14635.0,0.0,0.0,0.0,0.0,2042
2023-05-10 21:01:50,ss2312,ss2312,14705.0,0.0,0.0,0.0,3,14650.0,14720.0,3,14705.0,14635.0,0.0,0.0,0.0,0.0,2042
2023-05-10 21:01:52,ss2312,ss2312,14705.0,0.0,0.0,0.0,3,14650.0,14720.0,3,14705.0,14635.0,0.0,0.0,0.0,0.0,2042
2023-05-10 21:01:52,ss2312,ss2312,14705.0,0.0,0.0,0.0,3,14650.0,14720.0,3,14705.0,14635.0,0.0,0.0,0.0,0.0,2042
2023-05-10 21:01:53,ss2312,ss2312,14705.0,0.0,0.0,0.0,3,14650.0,14720.0,3,14705.0,14635.0,0.0,0.0,0.0,0.0,2042
2023-05-10 21:01:53,ss2312,ss2312,14705.0,0.0,0.0,0.0,3,14650.0,14720.0,3,14705.0,14635.0,0.0,0.0,0.0,0.0,2042
2023-05-10 21:01:54,ss2312,ss2312,14705.0,0.0,0.0,0.0,3,14650.0,14720.0,3,14705.0,14635.0,0.0,0.0,0.0,0.0,2042
2023-05-10 21:01:54,ss2312,ss2312,14705.0,0.0,0.0,0.0,3,14650.0,14720.0,2,14705.0,14635.0,0.0,0.0,0.0,0.0,2042
2023-05-10 21:01:57,ss2312,ss2312,14705.0,0.0,0.0,0.0,3,14650.0,14720.0,3,14705.0,14635.0,0.0,0.0,0.0,0.0,2042
2023-05-10 21:01:59,ss2312,ss2312,14705.0,0.0,0.0,0.0,3,14650.0,14715.0,1,14705.0,14635.0,0.0,0.0,0.0,0.0,2042
2023-05-10 21:01:59,ss2312,ss2312,14705.0,0.0,0.0,0.0,3,14650.0,14720.0,2,14705.0,14635.0,0.0,0.0,0.0,0.0,2042
2023-05-10 21:02:00,ss2312,ss2312,14705.0,0.0,0.0,0.0,3,14650.0,14720.0,3,14705.0,14635.0,0.0,0.0,0.0,0.0,2042
2023-05-10 21:02:01,ss2312,ss2312,14705.0,0.0,0.0,0.0,3,14650.0,14715.0,2,14705.0,14635.0,0.0,0.0,0.0,0.0,2042
2023-05-10 21:02:01,ss2312,ss2312,14705.0,0.0,0.0,0.0,3,14650.0,14715.0,2,14705.0,14635.0,0.0,0.0,0.0,0.0,2042
2023-05-10 21:02:02,ss2312,ss2312,14705.0,0.0,0.0,0.0,3,14650.0,14715.0,3,14705.0,14635.0,0.0,0.0,0.0,0.0,2042
2023-05-10 21:02:03,ss2312,ss2312,14705.0,0.0,0.0,0.0,3,14650.0,14710.0,1,14705.0,14635.0,0.0,0.0,0.0,0.0,2042
2023-05-10 21:02:04,ss2312,ss2312,14705.0,0.0,0.0,0.0,1,14650.0,14710.0,1,14705.0,14635.0,0.0,0.0,0.0,0.0,2042
2023-05-10 21:02:05,ss2312,ss2312,14705.0,0.0,0.0,0.0,1,14635.0,14710.0,1,14705.0,14635.0,0.0,0.0,0.0,0.0,2042
2023-05-10 21:02:05,ss2312,ss2312,14705.0,0.0,0.0,0.0,2,14640.0,14710.0,1,14705.0,14635.0,0.0,0.0,0.0,0.0,2042
2023-05-10 21:02:06,ss2312,ss2312,14705.0,0.0,0.0,0.0,1,14645.0,14710.0,1,14705.0,14635.0,0.0,0.0,0.0,0.0,2042
2023-05-10 21:02:08,ss2312,ss2312,14705.0,0.0,0.0,0.0,1,14645.0,14710.0,1,14705.0,14635.0,0.0,0.0,0.0,0.0,2042
2023-05-10 21:02:09,ss2312,ss2312,14705.0,0.0,0.0,0.0,1,14635.0,14710.0,1,14705.0,14635.0,0.0,0.0,0.0,0.0,2042
2023-05-10 21:02:10,ss2312,ss2312,14705.0,0.0,0.0,0.0,3,14635.0,14710.0,1,14705.0,14635.0,0.0,0.0,0.0,0.0,2042
2023-05-10 21:02:13,ss2312,ss2312,14705.0,0.0,0.0,0.0,1,14635.0,14710.0,1,14705.0,14635.0,0.0,0.0,0.0,0.0,2042
2023-05-10 21:02:13,ss2312,ss2312,14705.0,0.0,0.0,0.0,2,14635.0,14710.0,1,14705.0,14635.0,0.0,0.0,0.0,0.0,2042
2023-05-10 21:02:14,ss2312,ss2312,14705.0,0.0,0.0,0.0,2,14635.0,14710.0,1,14705.0,14635.0,0.0,0.0,0.0,0.0,2042
2023-05-10 21:02:17,ss2312,ss2312,14705.0,0.0,0.0,0.0,2,14635.0,14710.0,1,14705.0,14635.0,0.0,0.0,0.0,0.0,2042
2023-05-10 21:02:18,ss2312,ss2312,14705.0,0.0,0.0,0.0,4,14635.0,14710.0,1,14705.0,14635.0,0.0,0.0,0.0,0.0,2042
2023-05-10 21:02:28,ss2312,ss2312,14705.0,0.0,0.0,0.0,1,14640.0,14710.0,1,14705.0,14635.0,0.0,0.0,0.0,0.0,2042
2023-05-10 21:02:28,ss2312,ss2312,14705.0,0.0,0.0,0.0,1,14645.0,14710.0,1,14705.0,14635.0,0.0,0.0,0.0,0.0,2042
2023-05-10 21:02:29,ss2312,ss2312,14705.0,0.0,0.0,0.0,1,14650.0,14710.0,1,14705.0,14635.0,0.0,0.0,0.0,0.0,2042
2023-05-10 21:02:30,ss2312,ss2312,14705.0,0.0,0.0,0.0,1,14655.0,14710.0,1,14705.0,14635.0,0.0,0.0,0.0,0.0,2042
2023-05-10 21:02:30,ss2312,ss2312,14705.0,0.0,0.0,0.0,2,14655.0,14710.0,1,14705.0,14635.0,0.0,0.0,0.0,0.0,2042
2023-05-10 21:02:31,ss2312,ss2312,14705.0,0.0,0.0,0.0,2,14655.0,14710.0,1,14705.0,14635.0,0.0,0.0,0.0,0.0,2042
2023-05-10 21:02:31,ss2312,ss2312,14705.0,0.0,0.0,0.0,1,14660.0,14710.0,1,14705.0,14635.0,0.0,0.0,0.0,0.0,2042
2023-05-10 21:02:32,ss2312,ss2312,14705.0,0.0,0.0,0.0,1,14665.0,14710.0,1,14705.0,14635.0,0.0,0.0,0.0,0.0,2042
2023-05-10 21:02:32,ss2312,ss2312,14705.0,0.0,0.0,0.0,2,14660.0,14710.0,1,14705.0,14635.0,0.0,0.0,0.0,0.0,2042
2023-05-10 21:02:33,ss2312,ss2312,14705.0,0.0,0.0,0.0,2,14660.0,14710.0,1,14705.0,14635.0,0.0,0.0,0.0,0.0,2042
2023-05-10 21:02:34,ss2312,ss2312,14705.0,0.0,0.0,0.0,1,14660.0,14710.0,1,14705.0,14635.0,0.0,0.0,0.0,0.0,2042
2023-05-10 21:02:35,ss2312,ss2312,14705.0,0.0,0.0,0.0,1,14660.0,14710.0,1,14705.0,14635.0,0.0,0.0,0.0,0.0,2042
2023-05-10 21:02:36,ss2312,ss2312,14705.0,0.0,0.0,0.0,1,14655.0,14710.0,1,14705.0,14635.0,0.0,0.0,0.0,0.0,2042
2023-05-10 21:02:38,ss2312,ss2312,14705.0,0.0,0.0,0.0,1,14655.0,14710.0,1,14705.0,14635.0,0.0,0.0,0.0,0.0,2042
2023-05-10 21:02:41,ss2312,ss2312,14705.0,0.0,0.0,0.0,1,14655.0,14710.0,1,14705.0,14635.0,0.0,0.0,0.0,0.0,2042
2023-05-10 21:02:42,ss2312,ss2312,14705.0,0.0,0.0,0.0,1,14655.0,14740.0,1,14705.0,14635.0,0.0,0.0,0.0,0.0,2042
2023-05-10 21:02:43,ss2312,ss2312,14705.0,0.0,0.0,0.0,1,14655.0,14735.0,56,14705.0,14635.0,0.0,0.0,0.0,0.0,2042
2023-05-10 21:02:43,ss2312,ss2312,14705.0,0.0,0.0,0.0,1,14655.0,14735.0,65,14705.0,14635.0,0.0,0.0,0.0,0.0,2042
2023-05-10 21:02:44,ss2312,ss2312,14705.0,0.0,0.0,0.0,1,14655.0,14735.0,63,14705.0,14635.0,0.0,0.0,0.0,0.0,2042
2023-05-10 21:02:45,ss2312,ss2312,14705.0,0.0,0.0,0.0,1,14655.0,14720.0,2,14705.0,14635.0,0.0,0.0,0.0,0.0,2042
2023-05-10 21:02:45,ss2312,ss2312,14705.0,0.0,0.0,0.0,1,14655.0,14715.0,1,14705.0,14635.0,0.0,0.0,0.0,0.0,2042
2023-05-10 21:02:47,ss2312,ss2312,14705.0,0.0,0.0,0.0,1,14655.0,14710.0,2,14705.0,14635.0,0.0,0.0,0.0,0.0,2042
2023-05-10 21:02:48,ss2312,ss2312,14705.0,0.0,0.0,0.0,1,14655.0,14710.0,2,14705.0,14635.0,0.0,0.0,0.0,0.0,2042
2023-05-10 21:02:52,ss2312,ss2312,14705.0,0.0,0.0,0.0,1,14655.0,14710.0,3,14705.0,14635.0,0.0,0.0,0.0,0.0,2042
2023-05-10 21:02:53,ss2312,ss2312,14705.0,0.0,0.0,0.0,1,14655.0,14710.0,3,14705.0,14635.0,0.0,0.0,0.0,0.0,2042
2023-05-10 21:02:56,ss2312,ss2312,14705.0,0.0,0.0,0.0,1,14655.0,14710.0,2,14705.0,14635.0,0.0,0.0,0.0,0.0,2042
2023-05-10 21:03:00,ss2312,ss2312,14705.0,0.0,0.0,0.0,1,14655.0,14710.0,2,14705.0,14635.0,0.0,0.0,0.0,0.0,2042
2023-05-10 21:03:03,ss2312,ss2312,14705.0,0.0,0.0,0.0,1,14655.0,14710.0,3,14705.0,14635.0,0.0,0.0,0.0,0.0,2042
2023-05-10 21:03:06,ss2312,ss2312,14705.0,0.0,0.0,0.0,1,14655.0,14705.0,1,14705.0,14635.0,0.0,0.0,0.0,0.0,2042
2023-05-10 21:03:07,ss2312,ss2312,14705.0,0.0,0.0,0.0,1,14655.0,14710.0,2,14705.0,14635.0,0.0,0.0,0.0,0.0,2042
2023-05-10 21:03:07,ss2312,ss2312,14705.0,0.0,0.0,0.0,1,14655.0,14710.0,3,14705.0,14635.0,0.0,0.0,0.0,0.0,2042
2023-05-10 21:03:08,ss2312,ss2312,14705.0,0.0,0.0,0.0,1,14655.0,14705.0,1,14705.0,14635.0,0.0,0.0,0.0,0.0,2042
2023-05-10 21:03:08,ss2312,ss2312,14705.0,0.0,0.0,0.0,1,14655.0,14705.0,1,14705.0,14635.0,0.0,0.0,0.0,0.0,2042
2023-05-10 21:03:09,ss2312,ss2312,14705.0,0.0,0.0,0.0,1,14655.0,14710.0,2,14705.0,14635.0,0.0,0.0,0.0,0.0,2042
2023-05-10 21:03:09,ss2312,ss2312,14705.0,0.0,0.0,0.0,1,14645.0,14710.0,3,14705.0,14635.0,0.0,0.0,0.0,0.0,2042
2023-05-10 21:03:10,ss2312,ss2312,14705.0,0.0,0.0,0.0,1,14645.0,14705.0,2,14705.0,14635.0,0.0,0.0,0.0,0.0,2042
2023-05-10 21:03:10,ss2312,ss2312,14705.0,0.0,0.0,0.0,1,14645.0,14705.0,2,14705.0,14635.0,0.0,0.0,0.0,0.0,2042
2023-05-10 21:03:11,ss2312,ss2312,14705.0,0.0,0.0,0.0,1,14640.0,14705.0,3,14705.0,14635.0,0.0,0.0,0.0,0.0,2042
2023-05-10 21:03:17,ss2312,ss2312,14705.0,0.0,0.0,0.0,1,14640.0,14700.0,1,14705.0,14635.0,0.0,0.0,0.0,0.0,2042
2023-05-10 21:03:17,ss2312,ss2312,14705.0,0.0,0.0,0.0,1,14640.0,14700.0,2,14705.0,14635.0,0.0,0.0,0.0,0.0,2042
2023-05-10 21:03:18,ss2312,ss2312,14705.0,0.0,0.0,0.0,1,14640.0,14700.0,3,14705.0,14635.0,0.0,0.0,0.0,0.0,2042
2023-05-10 21:03:33,ss2312,ss2312,14705.0,0.0,0.0,0.0,1,14640.0,14700.0,2,14705.0,14635.0,0.0,0.0,0.0,0.0,2042
2023-05-10 21:03:39,ss2312,ss2312,14705.0,0.0,0.0,0.0,1,14640.0,14700.0,2,14705.0,14635.0,0.0,0.0,0.0,0.0,2042
2023-05-10 21:03:48,ss2312,ss2312,14705.0,0.0,0.0,0.0,1,14640.0,14700.0,2,14705.0,14635.0,0.0,0.0,0.0,0.0,2042
2023-05-10 21:03:51,ss2312,ss2312,14705.0,0.0,0.0,0.0,1,14640.0,14695.0,1,14705.0,14635.0,0.0,0.0,0.0,0.0,2042
2023-05-10 21:03:52,ss2312,ss2312,14705.0,0.0,0.0,0.0,1,14640.0,14695.0,1,14705.0,14635.0,0.0,0.0,0.0,0.0,2042
2023-05-10 21:03:53,ss2312,ss2312,14705.0,0.0,0.0,0.0,1,14640.0,14695.0,1,14705.0,14635.0,0.0,0.0,0.0,0.0,2042
2023-05-10 21:03:54,ss2312,ss2312,14705.0,0.0,0.0,0.0,1,14635.0,14695.0,2,14705.0,14635.0,0.0,0.0,0.0,0.0,2042
2023-05-10 21:03:54,ss2312,ss2312,14705.0,0.0,0.0,0.0,3,14635.0,14695.0,2,14705.0,14635.0,0.0,0.0,0.0,0.0,2042
2023-05-10 21:03:55,ss2312,ss2312,14705.0,0.0,0.0,0.0,3,14635.0,14695.0,2,14705.0,14635.0,0.0,0.0,0.0,0.0,2042
2023-05-10 21:03:56,ss2312,ss2312,14705.0,0.0,0.0,0.0,1,14635.0,14695.0,2,14705.0,14635.0,0.0,0.0,0.0,0.0,2042
2023-05-10 21:03:58,ss2312,ss2312,14705.0,0.0,0.0,0.0,1,14635.0,14690.0,1,14705.0,14635.0,0.0,0.0,0.0,0.0,2042
2023-05-10 21:04:00,ss2312,ss2312,14705.0,0.0,0.0,0.0,1,14635.0,14695.0,1,14705.0,14635.0,0.0,0.0,0.0,0.0,2042
2023-05-10 21:04:01,ss2312,ss2312,14705.0,0.0,0.0,0.0,1,14635.0,14695.0,2,14705.0,14635.0,0.0,0.0,0.0,0.0,2042
2023-05-10 21:04:04,ss2312,ss2312,14705.0,0.0,0.0,0.0,1,14635.0,14690.0,1,14705.0,14635.0,0.0,0.0,0.0,0.0,2042
2023-05-10 21:04:08,ss2312,ss2312,14705.0,0.0,0.0,0.0,1,14635.0,14690.0,1,14705.0,14635.0,0.0,0.0,0.0,0.0,2042
2023-05-10 21:04:19,ss2312,ss2312,14705.0,0.0,0.0,0.0,1,14635.0,14690.0,1,14705.0,14635.0,0.0,0.0,0.0,0.0,2042
2023-05-10 21:04:23,ss2312,ss2312,14705.0,0.0,0.0,0.0,1,14635.0,14690.0,1,14705.0,14635.0,0.0,0.0,0.0,0.0,2042
2023-05-10 21:04:34,ss2312,ss2312,14705.0,0.0,0.0,0.0,1,14635.0,14685.0,2,14705.0,14635.0,0.0,0.0,0.0,0.0,2042
2023-05-10 21:04:34,ss2312,ss2312,14705.0,0.0,0.0,0.0,1,14635.0,14680.0,1,14705.0,14635.0,0.0,0.0,0.0,0.0,2042
2023-05-10 21:04:38,ss2312,ss2312,14705.0,0.0,0.0,0.0,1,14635.0,14680.0,1,14705.0,14635.0,0.0,0.0,0.0,0.0,2042
2023-05-10 21:04:42,ss2312,ss2312,14705.0,0.0,0.0,0.0,1,14635.0,14680.0,1,14705.0,14635.0,0.0,0.0,0.0,0.0,2042
2023-05-10 21:04:52,ss2312,ss2312,14705.0,0.0,0.0,0.0,1,14635.0,14685.0,2,14705.0,14635.0,0.0,0.0,0.0,0.0,2042
2023-05-10 21:04:53,ss2312,ss2312,14705.0,0.0,0.0,0.0,1,14635.0,14685.0,3,14705.0,14635.0,0.0,0.0,0.0,0.0,2042
2023-05-10 21:04:54,ss2312,ss2312,14705.0,0.0,0.0,0.0,1,14635.0,14680.0,1,14705.0,14635.0,0.0,0.0,0.0,0.0,2042
2023-05-10 21:05:01,ss2312,ss2312,14705.0,0.0,0.0,0.0,2,14635.0,14680.0,1,14705.0,14635.0,0.0,0.0,0.0,0.0,2042
2023-05-10 21:05:01,ss2312,ss2312,14705.0,0.0,0.0,0.0,2,14635.0,14680.0,1,14705.0,14635.0,0.0,0.0,0.0,0.0,2042
2023-05-10 21:05:16,ss2312,ss2312,14705.0,0.0,0.0,0.0,2,14635.0,14685.0,2,14705.0,14635.0,0.0,0.0,0.0,0.0,2042
2023-05-10 21:05:16,ss2312,ss2312,14705.0,0.0,0.0,0.0,2,14635.0,14685.0,3,14705.0,14635.0,0.0,0.0,0.0,0.0,2042
2023-05-10 21:05:17,ss2312,ss2312,14705.0,0.0,0.0,0.0,1,14635.0,14685.0,2,14705.0,14635.0,0.0,0.0,0.0,0.0,2042
2023-05-10 21:05:18,ss2312,ss2312,14705.0,0.0,0.0,0.0,1,14635.0,14685.0,2,14705.0,14635.0,0.0,0.0,0.0,0.0,2042
2023-05-10 21:05:19,ss2312,ss2312,14705.0,0.0,0.0,0.0,1,14635.0,14695.0,1,14705.0,14635.0,0.0,0.0,0.0,0.0,2042
2023-05-10 21:05:19,ss2312,ss2312,14705.0,0.0,0.0,0.0,1,14635.0,14695.0,2,14705.0,14635.0,0.0,0.0,0.0,0.0,2042
2023-05-10 21:05:21,ss2312,ss2312,14705.0,0.0,0.0,0.0,1,14635.0,14690.0,1,14705.0,14635.0,0.0,0.0,0.0,0.0,2042
2023-05-10 21:05:23,ss2312,ss2312,14705.0,0.0,0.0,0.0,1,14635.0,14695.0,1,14705.0,14635.0,0.0,0.0,0.0,0.0,2042
2023-05-10 21:05:23,ss2312,ss2312,14705.0,0.0,0.0,0.0,1,14635.0,14695.0,2,14705.0,14635.0,0.0,0.0,0.0,0.0,2042
2023-05-10 21:05:24,ss2312,ss2312,14705.0,0.0,0.0,0.0,1,14635.0,14690.0,1,14705.0,14635.0,0.0,0.0,0.0,0.0,2042
2023-05-10 21:05:27,ss2312,ss2312,14705.0,0.0,0.0,0.0,1,14635.0,14695.0,1,14705.0,14635.0,0.0,0.0,0.0,0.0,2042
2023-05-10 21:05:27,ss2312,ss2312,14705.0,0.0,0.0,0.0,1,14635.0,14690.0,1,14705.0,14635.0,0.0,0.0,0.0,0.0,2042
2023-05-10 21:05:29,ss2312,ss2312,14705.0,0.0,0.0,0.0,1,14635.0,14685.0,1,14705.0,14635.0,0.0,0.0,0.0,0.0,2042
2023-05-10 21:05:32,ss2312,ss2312,14705.0,0.0,0.0,0.0,1,14635.0,14685.0,1,14705.0,14635.0,0.0,0.0,0.0,0.0,2042
2023-05-10 21:05:36,ss2312,ss2312,14705.0,0.0,0.0,0.0,1,14635.0,14685.0,1,14705.0,14635.0,0.0,0.0,0.0,0.0,2042
2023-05-10 21:05:37,ss2312,ss2312,14705.0,0.0,0.0,0.0,1,14635.0,14685.0,1,14705.0,14635.0,0.0,0.0,0.0,0.0,2042
2023-05-10 21:05:42,ss2312,ss2312,14705.0,0.0,0.0,0.0,1,14635.0,14695.0,1,14705.0,14635.0,0.0,0.0,0.0,0.0,2042
2023-05-10 21:05:42,ss2312,ss2312,14705.0,0.0,0.0,0.0,1,14635.0,14690.0,1,14705.0,14635.0,0.0,0.0,0.0,0.0,2042
2023-05-10 21:05:43,ss2312,ss2312,14705.0,0.0,0.0,0.0,1,14635.0,14685.0,1,14705.0,14635.0,0.0,0.0,0.0,0.0,2042
2023-05-10 21:05:43,ss2312,ss2312,14705.0,0.0,0.0,0.0,1,14635.0,14685.0,1,14705.0,14635.0,0.0,0.0,0.0,0.0,2042
2023-05-10 21:05:44,ss2312,ss2312,14705.0,0.0,0.0,0.0,1,14635.0,14690.0,1,14705.0,14635.0,0.0,0.0,0.0,0.0,2042
2023-05-10 21:05:44,ss2312,ss2312,14705.0,0.0,0.0,0.0,1,14635.0,14690.0,2,14705.0,14635.0,0.0,0.0,0.0,0.0,2042
2023-05-10 21:05:51,ss2312,ss2312,14705.0,0.0,0.0,0.0,1,14635.0,14685.0,1,14705.0,14635.0,0.0,0.0,0.0,0.0,2042
2023-05-10 21:05:53,ss2312,ss2312,14705.0,0.0,0.0,0.0,1,14635.0,14680.0,1,14705.0,14635.0,0.0,0.0,0.0,0.0,2042
2023-05-10 21:05:53,ss2312,ss2312,14705.0,0.0,0.0,0.0,1,14635.0,14680.0,1,14705.0,14635.0,0.0,0.0,0.0,0.0,2042
2023-05-10 21:05:54,ss2312,ss2312,14705.0,0.0,0.0,0.0,1,14635.0,14690.0,1,14705.0,14635.0,0.0,0.0,0.0,0.0,2042
2023-05-10 21:05:54,ss2312,ss2312,14705.0,0.0,0.0,0.0,1,14635.0,14690.0,2,14705.0,14635.0,0.0,0.0,0.0,0.0,2042
2023-05-10 21:05:56,ss2312,ss2312,14705.0,0.0,0.0,0.0,1,14635.0,14685.0,1,14705.0,14635.0,0.0,0.0,0.0,0.0,2042
2023-05-10 21:05:56,ss2312,ss2312,14705.0,0.0,0.0,0.0,1,14635.0,14680.0,1,14705.0,14635.0,0.0,0.0,0.0,0.0,2042
2023-05-10 21:05:57,ss2312,ss2312,14705.0,0.0,0.0,0.0,1,14635.0,14680.0,1,14705.0,14635.0,0.0,0.0,0.0,0.0,2042
2023-05-10 21:05:57,ss2312,ss2312,14705.0,0.0,0.0,0.0,1,14635.0,14685.0,3,14705.0,14635.0,0.0,0.0,0.0,0.0,2042
2023-05-10 21:05:58,ss2312,ss2312,14705.0,0.0,0.0,0.0,1,14635.0,14685.0,4,14705.0,14635.0,0.0,0.0,0.0,0.0,2042
2023-05-10 21:05:59,ss2312,ss2312,14705.0,0.0,0.0,0.0,1,14635.0,14680.0,1,14705.0,14635.0,0.0,0.0,0.0,0.0,2042
2023-05-10 21:06:00,ss2312,ss2312,14705.0,0.0,0.0,0.0,1,14635.0,14675.0,1,14705.0,14635.0,0.0,0.0,0.0,0.0,2042
2023-05-10 21:06:00,ss2312,ss2312,14705.0,0.0,0.0,0.0,1,14635.0,14675.0,1,14705.0,14635.0,0.0,0.0,0.0,0.0,2042
2023-05-10 21:06:01,ss2312,ss2312,14705.0,0.0,0.0,0.0,1,14635.0,14675.0,2,14705.0,14635.0,0.0,0.0,0.0,0.0,2042
2023-05-10 21:06:03,ss2312,ss2312,14705.0,0.0,0.0,0.0,1,14635.0,14675.0,1,14705.0,14635.0,0.0,0.0,0.0,0.0,2042
2023-05-10 21:06:03,ss2312,ss2312,14705.0,0.0,0.0,0.0,1,14635.0,14685.0,2,14705.0,14635.0,0.0,0.0,0.0,0.0,2042
2023-05-10 21:06:04,ss2312,ss2312,14705.0,0.0,0.0,0.0,1,14635.0,14680.0,2,14705.0,14635.0,0.0,0.0,0.0,0.0,2042
2023-05-10 21:06:05,ss2312,ss2312,14705.0,0.0,0.0,0.0,1,14635.0,14680.0,1,14705.0,14635.0,0.0,0.0,0.0,0.0,2042
2023-05-10 21:06:10,ss2312,ss2312,14705.0,0.0,0.0,0.0,1,14635.0,14680.0,2,14705.0,14635.0,0.0,0.0,0.0,0.0,2042
2023-05-10 21:06:10,ss2312,ss2312,14705.0,0.0,0.0,0.0,1,14635.0,14675.0,1,14705.0,14635.0,0.0,0.0,0.0,0.0,2042
2023-05-10 21:06:11,ss2312,ss2312,14705.0,0.0,0.0,0.0,1,14635.0,14670.0,1,14705.0,14635.0,0.0,0.0,0.0,0.0,2042
2023-05-10 21:06:11,ss2312,ss2312,14705.0,0.0,0.0,0.0,1,14635.0,14680.0,1,14705.0,14635.0,0.0,0.0,0.0,0.0,2042
2023-05-10 21:06:12,ss2312,ss2312,14705.0,0.0,0.0,0.0,1,14635.0,14675.0,1,14705.0,14635.0,0.0,0.0,0.0,0.0,2042
2023-05-10 21:06:12,ss2312,ss2312,14705.0,0.0,0.0,0.0,1,14635.0,14670.0,1,14705.0,14635.0,0.0,0.0,0.0,0.0,2042
2023-05-10 21:06:13,ss2312,ss2312,14705.0,0.0,0.0,0.0,1,14635.0,14670.0,1,14705.0,14635.0,0.0,0.0,0.0,0.0,2042
2023-05-10 21:06:14,ss2312,ss2312,14705.0,0.0,0.0,0.0,1,14635.0,14680.0,1,14705.0,14635.0,0.0,0.0,0.0,0.0,2042
2023-05-10 21:06:14,ss2312,ss2312,14705.0,0.0,0.0,0.0,1,14635.0,14675.0,1,14705.0,14635.0,0.0,0.0,0.0,0.0,2042
2023-05-10 21:06:15,ss2312,ss2312,14705.0,0.0,0.0,0.0,1,14635.0,14670.0,1,14705.0,14635.0,0.0,0.0,0.0,0.0,2042
2023-05-10 21:06:15,ss2312,ss2312,14705.0,0.0,0.0,0.0,1,14635.0,14670.0,1,14705.0,14635.0,0.0,0.0,0.0,0.0,2042
2023-05-10 21:06:16,ss2312,ss2312,14705.0,0.0,0.0,0.0,1,14635.0,14685.0,2,14705.0,14635.0,0.0,0.0,0.0,0.0,2042
2023-05-10 21:06:17,ss2312,ss2312,14705.0,0.0,0.0,0.0,1,14635.0,14680.0,2,14705.0,14635.0,0.0,0.0,0.0,0.0,2042
2023-05-10 21:06:18,ss2312,ss2312,14705.0,0.0,0.0,0.0,1,14635.0,14680.0,2,14705.0,14635.0,0.0,0.0,0.0,0.0,2042
2023-05-10 21:06:23,ss2312,ss2312,14705.0,0.0,0.0,0.0,1,14635.0,14675.0,6,14705.0,14635.0,0.0,0.0,0.0,0.0,2042
2023-05-10 21:06:23,ss2312,ss2312,14705.0,0.0,0.0,0.0,1,14635.0,14670.0,2,14705.0,14635.0,0.0,0.0,0.0,0.0,2042
2023-05-10 21:06:27,ss2312,ss2312,14705.0,0.0,0.0,0.0,1,14635.0,14670.0,2,14705.0,14635.0,0.0,0.0,0.0,0.0,2042
2023-05-10 21:06:32,ss2312,ss2312,14705.0,0.0,0.0,0.0,1,14635.0,14670.0,2,14705.0,14635.0,0.0,0.0,0.0,0.0,2042
2023-05-10 21:06:35,ss2312,ss2312,14705.0,0.0,0.0,0.0,1,14635.0,14670.0,2,14705.0,14635.0,0.0,0.0,0.0,0.0,2042
2023-05-10 21:06:48,ss2312,ss2312,14705.0,0.0,0.0,0.0,1,14635.0,14670.0,1,14705.0,14635.0,0.0,0.0,0.0,0.0,2042
2023-05-10 21:06:49,ss2312,ss2312,14705.0,0.0,0.0,0.0,1,14635.0,14670.0,1,14705.0,14635.0,0.0,0.0,0.0,0.0,2042
2023-05-10 21:06:52,ss2312,ss2312,14705.0,0.0,0.0,0.0,1,14635.0,14670.0,1,14705.0,14635.0,0.0,0.0,0.0,0.0,2042
2023-05-10 21:06:52,ss2312,ss2312,14705.0,0.0,0.0,0.0,1,14635.0,14685.0,2,14705.0,14635.0,0.0,0.0,0.0,0.0,2042
2023-05-10 21:06:53,ss2312,ss2312,14705.0,0.0,0.0,0.0,1,14635.0,14680.0,1,14705.0,14635.0,0.0,0.0,0.0,0.0,2042
2023-05-10 21:06:55,ss2312,ss2312,14705.0,0.0,0.0,0.0,1,14635.0,14680.0,1,14705.0,14635.0,0.0,0.0,0.0,0.0,2042
2023-05-10 21:06:56,ss2312,ss2312,14705.0,0.0,0.0,0.0,1,14635.0,14680.0,1,14705.0,14635.0,0.0,0.0,0.0,0.0,2042
2023-05-10 21:06:57,ss2312,ss2312,14705.0,0.0,0.0,0.0,1,14635.0,14680.0,1,14705.0,14635.0,0.0,0.0,0.0,0.0,2042
2023-05-10 21:06:57,ss2312,ss2312,14705.0,0.0,0.0,0.0,1,14635.0,14675.0,2,14705.0,14635.0,0.0,0.0,0.0,0.0,2042
2023-05-10 21:06:58,ss2312,ss2312,14705.0,0.0,0.0,0.0,1,14635.0,14670.0,1,14705.0,14635.0,0.0,0.0,0.0,0.0,2042
2023-05-10 21:07:01,ss2312,ss2312,14705.0,0.0,0.0,0.0,1,14635.0,14670.0,1,14705.0,14635.0,0.0,0.0,0.0,0.0,2042
2023-05-10 21:07:01,ss2312,ss2312,14705.0,0.0,0.0,0.0,1,14635.0,14670.0,1,14705.0,14635.0,0.0,0.0,0.0,0.0,2042
2023-05-10 21:07:02,ss2312,ss2312,14705.0,0.0,0.0,0.0,1,14635.0,14665.0,5,14705.0,14635.0,0.0,0.0,0.0,0.0,2042
2023-05-10 21:07:03,ss2312,ss2312,14705.0,0.0,0.0,0.0,1,14635.0,14665.0,1,14705.0,14635.0,0.0,0.0,0.0,0.0,2042
2023-05-10 21:07:03,ss2312,ss2312,14705.0,0.0,0.0,0.0,1,14635.0,14670.0,1,14705.0,14635.0,0.0,0.0,0.0,0.0,2042
2023-05-10 21:07:04,ss2312,ss2312,14705.0,0.0,0.0,0.0,1,14635.0,14670.0,2,14705.0,14635.0,0.0,0.0,0.0,0.0,2042
2023-05-10 21:07:05,ss2312,ss2312,14705.0,0.0,0.0,0.0,1,14635.0,14665.0,1,14705.0,14635.0,0.0,0.0,0.0,0.0,2042
2023-05-10 21:07:06,ss2312,ss2312,14705.0,0.0,0.0,0.0,1,14635.0,14665.0,1,14705.0,14635.0,0.0,0.0,0.0,0.0,2042
2023-05-10 21:07:08,ss2312,ss2312,14705.0,0.0,0.0,0.0,1,14635.0,14665.0,1,14705.0,14635.0,0.0,0.0,0.0,0.0,2042
2023-05-10 21:07:13,ss2312,ss2312,14705.0,0.0,0.0,0.0,1,14635.0,14665.0,1,14705.0,14635.0,0.0,0.0,0.0,0.0,2042
2023-05-10 21:07:24,ss2312,ss2312,14705.0,0.0,0.0,0.0,1,14635.0,14665.0,1,14705.0,14635.0,0.0,0.0,0.0,0.0,2042
2023-05-10 21:07:30,ss2312,ss2312,14705.0,0.0,0.0,0.0,1,14635.0,14665.0,1,14705.0,14635.0,0.0,0.0,0.0,0.0,2042
2023-05-10 21:07:31,ss2312,ss2312,14705.0,0.0,0.0,0.0,1,14635.0,14665.0,1,14705.0,14635.0,0.0,0.0,0.0,0.0,2042
2023-05-10 21:07:34,ss2312,ss2312,14705.0,0.0,0.0,0.0,1,14635.0,14665.0,1,14705.0,14635.0,0.0,0.0,0.0,0.0,2042
2023-05-10 21:07:53,ss2312,ss2312,14705.0,0.0,0.0,0.0,1,14635.0,14660.0,6,14705.0,14635.0,0.0,0.0,0.0,0.0,2042
2023-05-10 21:07:54,ss2312,ss2312,14705.0,0.0,0.0,0.0,1,14635.0,14660.0,7,14705.0,14635.0,0.0,0.0,0.0,0.0,2042
2023-05-10 21:07:55,ss2312,ss2312,14705.0,0.0,0.0,0.0,1,14635.0,14655.0,1,14705.0,14635.0,0.0,0.0,0.0,0.0,2042
2023-05-10 21:07:55,ss2312,ss2312,14705.0,0.0,0.0,0.0,1,14635.0,14660.0,7,14705.0,14635.0,0.0,0.0,0.0,0.0,2042
2023-05-10 21:07:56,ss2312,ss2312,14705.0,0.0,0.0,0.0,1,14635.0,14655.0,1,14705.0,14635.0,0.0,0.0,0.0,0.0,2042
2023-05-10 21:07:56,ss2312,ss2312,14705.0,0.0,0.0,0.0,1,14635.0,14650.0,1,14705.0,14635.0,0.0,0.0,0.0,0.0,2042
2023-05-10 21:07:57,ss2312,ss2312,14705.0,0.0,0.0,0.0,1,14635.0,14650.0,1,14705.0,14635.0,0.0,0.0,0.0,0.0,2042
2023-05-10 21:07:57,ss2312,ss2312,14705.0,0.0,0.0,0.0,1,14635.0,14655.0,1,14705.0,14635.0,0.0,0.0,0.0,0.0,2042
2023-05-10 21:08:03,ss2312,ss2312,14705.0,0.0,0.0,0.0,1,14635.0,14655.0,1,14705.0,14635.0,0.0,0.0,0.0,0.0,2042
2023-05-10 21:08:04,ss2312,ss2312,14705.0,0.0,0.0,0.0,1,14635.0,14660.0,1,14705.0,14635.0,0.0,0.0,0.0,0.0,2042
2023-05-10 21:08:04,ss2312,ss2312,14705.0,0.0,0.0,0.0,1,14635.0,14660.0,2,14705.0,14635.0,0.0,0.0,0.0,0.0,2042
2023-05-10 21:08:08,ss2312,ss2312,14705.0,0.0,0.0,0.0,1,14635.0,14655.0,1,14705.0,14635.0,0.0,0.0,0.0,0.0,2042
2023-05-10 21:08:09,ss2312,ss2312,14705.0,0.0,0.0,0.0,1,14635.0,14650.0,1,14705.0,14635.0,0.0,0.0,0.0,0.0,2042
2023-05-10 21:08:09,ss2312,ss2312,14705.0,0.0,0.0,0.0,1,14635.0,14650.0,1,14705.0,14635.0,0.0,0.0,0.0,0.0,2042
2023-05-10 21:08:10,ss2312,ss2312,14705.0,0.0,0.0,0.0,1,14635.0,14655.0,1,14705.0,14635.0,0.0,0.0,0.0,0.0,2042
2023-05-10 21:08:10,ss2312,ss2312,14705.0,0.0,0.0,0.0,1,14635.0,14655.0,2,14705.0,14635.0,0.0,0.0,0.0,0.0,2042
2023-05-10 21:08:11,ss2312,ss2312,14705.0,0.0,0.0,0.0,1,14635.0,14655.0,1,14705.0,14635.0,0.0,0.0,0.0,0.0,2042
2023-05-10 21:08:12,ss2312,ss2312,14635.0,1.0,73175.0,0.0,1,14630.0,14680.0,1,14705.0,14635.0,14635.0,14635.0,1.0,73175.0,2042
2023-05-10 21:08:13,ss2312,ss2312,14635.0,0.0,0.0,0.0,1,14605.0,14675.0,1,14705.0,14635.0,14635.0,14635.0,1.0,73175.0,2042
2023-05-10 21:08:13,ss2312,ss2312,14635.0,0.0,0.0,0.0,1,14605.0,14670.0,1,14705.0,14635.0,14635.0,14635.0,1.0,73175.0,2042
2023-05-10 21:08:14,ss2312,ss2312,14635.0,0.0,0.0,0.0,1,14605.0,14665.0,1,14705.0,14635.0,14635.0,14635.0,1.0,73175.0,2042
2023-05-10 21:08:14,ss2312,ss2312,14635.0,0.0,0.0,0.0,1,14605.0,14660.0,1,14705.0,14635.0,14635.0,14635.0,1.0,73175.0,2042
2023-05-10 21:08:15,ss2312,ss2312,14635.0,0.0,0.0,0.0,1,14605.0,14655.0,1,14705.0,14635.0,14635.0,14635.0,1.0,73175.0,2042
2023-05-10 21:08:15,ss2312,ss2312,14635.0,0.0,0.0,0.0,1,14605.0,14650.0,1,14705.0,14635.0,14635.0,14635.0,1.0,73175.0,2042
2023-05-10 21:08:16,ss2312,ss2312,14635.0,0.0,0.0,0.0,1,14605.0,14650.0,1,14705.0,14635.0,14635.0,14635.0,1.0,73175.0,2042
2023-05-10 21:08:17,ss2312,ss2312,14635.0,0.0,0.0,0.0,1,14605.0,14655.0,1,14705.0,14635.0,14635.0,14635.0,1.0,73175.0,2042
2023-05-10 21:08:17,ss2312,ss2312,14635.0,0.0,0.0,0.0,1,14605.0,14655.0,2,14705.0,14635.0,14635.0,14635.0,1.0,73175.0,2042
2023-05-10 21:08:23,ss2312,ss2312,14635.0,0.0,0.0,0.0,1,14605.0,14655.0,1,14705.0,14635.0,14635.0,14635.0,1.0,73175.0,2042
2023-05-10 21:08:24,ss2312,ss2312,14635.0,0.0,0.0,0.0,1,14605.0,14680.0,1,14705.0,14635.0,14635.0,14635.0,1.0,73175.0,2042
2023-05-10 21:08:24,ss2312,ss2312,14635.0,0.0,0.0,0.0,1,14605.0,14675.0,51,14705.0,14635.0,14635.0,14635.0,1.0,73175.0,2042
2023-05-10 21:08:25,ss2312,ss2312,14635.0,0.0,0.0,0.0,1,14605.0,14670.0,2,14705.0,14635.0,14635.0,14635.0,1.0,73175.0,2042
2023-05-10 21:08:25,ss2312,ss2312,14635.0,0.0,0.0,0.0,1,14605.0,14665.0,1,14705.0,14635.0,14635.0,14635.0,1.0,73175.0,2042
2023-05-10 21:08:26,ss2312,ss2312,14635.0,0.0,0.0,0.0,1,14605.0,14660.0,1,14705.0,14635.0,14635.0,14635.0,1.0,73175.0,2042
2023-05-10 21:08:26,ss2312,ss2312,14635.0,0.0,0.0,0.0,1,14605.0,14660.0,2,14705.0,14635.0,14635.0,14635.0,1.0,73175.0,2042
2023-05-10 21:08:28,ss2312,ss2312,14635.0,0.0,0.0,0.0,2,14605.0,14660.0,1,14705.0,14635.0,14635.0,14635.0,1.0,73175.0,2042
2023-05-10 21:08:29,ss2312,ss2312,14635.0,0.0,0.0,0.0,2,14605.0,14665.0,1,14705.0,14635.0,14635.0,14635.0,1.0,73175.0,2042
2023-05-10 21:08:41,ss2312,ss2312,14635.0,0.0,0.0,0.0,1,14615.0,14665.0,1,14705.0,14635.0,14635.0,14635.0,1.0,73175.0,2042
2023-05-10 21:08:44,ss2312,ss2312,14635.0,0.0,0.0,0.0,2,14620.0,14665.0,1,14705.0,14635.0,14635.0,14635.0,1.0,73175.0,2042
2023-05-10 21:09:01,ss2312,ss2312,14635.0,0.0,0.0,0.0,2,14620.0,14665.0,2,14705.0,14635.0,14635.0,14635.0,1.0,73175.0,2042
2023-05-10 21:09:02,ss2312,ss2312,14635.0,0.0,0.0,0.0,2,14605.0,14665.0,2,14705.0,14635.0,14635.0,14635.0,1.0,73175.0,2042
2023-05-10 21:09:03,ss2312,ss2312,14635.0,0.0,0.0,0.0,2,14605.0,14665.0,1,14705.0,14635.0,14635.0,14635.0,1.0,73175.0,2042
2023-05-10 21:09:05,ss2312,ss2312,14635.0,0.0,0.0,0.0,2,14605.0,14665.0,2,14705.0,14635.0,14635.0,14635.0,1.0,73175.0,2042
2023-05-10 21:09:06,ss2312,ss2312,14635.0,0.0,0.0,0.0,2,14605.0,14665.0,1,14705.0,14635.0,14635.0,14635.0,1.0,73175.0,2042
2023-05-10 21:09:06,ss2312,ss2312,14635.0,0.0,0.0,0.0,2,14605.0,14665.0,2,14705.0,14635.0,14635.0,14635.0,1.0,73175.0,2042
2023-05-10 21:09:08,ss2312,ss2312,14635.0,0.0,0.0,0.0,2,14605.0,14660.0,1,14705.0,14635.0,14635.0,14635.0,1.0,73175.0,2042
2023-05-10 21:09:08,ss2312,ss2312,14635.0,0.0,0.0,0.0,2,14605.0,14655.0,1,14705.0,14635.0,14635.0,14635.0,1.0,73175.0,2042
2023-05-10 21:09:09,ss2312,ss2312,14635.0,0.0,0.0,0.0,1,14605.0,14655.0,1,14705.0,14635.0,14635.0,14635.0,1.0,73175.0,2042
2023-05-10 21:09:09,ss2312,ss2312,14635.0,0.0,0.0,0.0,1,14605.0,14655.0,1,14705.0,14635.0,14635.0,14635.0,1.0,73175.0,2042
2023-05-10 21:09:23,ss2312,ss2312,14635.0,0.0,0.0,0.0,1,14600.0,14655.0,1,14705.0,14635.0,14635.0,14635.0,1.0,73175.0,2042
2023-05-10 21:09:23,ss2312,ss2312,14635.0,0.0,0.0,0.0,1,14600.0,14655.0,1,14705.0,14635.0,14635.0,14635.0,1.0,73175.0,2042
2023-05-10 21:09:25,ss2312,ss2312,14635.0,0.0,0.0,0.0,2,14605.0,14655.0,1,14705.0,14635.0,14635.0,14635.0,1.0,73175.0,2042
2023-05-10 21:09:29,ss2312,ss2312,14635.0,0.0,0.0,0.0,3,14605.0,14655.0,1,14705.0,14635.0,14635.0,14635.0,1.0,73175.0,2042
2023-05-10 21:09:35,ss2312,ss2312,14635.0,0.0,0.0,0.0,3,14605.0,14650.0,5,14705.0,14635.0,14635.0,14635.0,1.0,73175.0,2042
2023-05-10 21:09:36,ss2312,ss2312,14635.0,0.0,0.0,0.0,3,14605.0,14650.0,5,14705.0,14635.0,14635.0,14635.0,1.0,73175.0,2042
2023-05-10 21:09:37,ss2312,ss2312,14635.0,0.0,0.0,0.0,3,14605.0,14645.0,6,14705.0,14635.0,14635.0,14635.0,1.0,73175.0,2042
2023-05-10 21:09:38,ss2312,ss2312,14635.0,0.0,0.0,0.0,3,14605.0,14645.0,5,14705.0,14635.0,14635.0,14635.0,1.0,73175.0,2042
2023-05-10 21:09:39,ss2312,ss2312,14635.0,0.0,0.0,0.0,3,14605.0,14640.0,1,14705.0,14635.0,14635.0,14635.0,1.0,73175.0,2042
2023-05-10 21:09:39,ss2312,ss2312,14635.0,0.0,0.0,0.0,2,14605.0,14645.0,6,14705.0,14635.0,14635.0,14635.0,1.0,73175.0,2042
2023-05-10 21:09:40,ss2312,ss2312,14635.0,0.0,0.0,0.0,2,14605.0,14645.0,6,14705.0,14635.0,14635.0,14635.0,1.0,73175.0,2042
2023-05-10 21:09:40,ss2312,ss2312,14635.0,0.0,0.0,0.0,2,14605.0,14640.0,5,14705.0,14635.0,14635.0,14635.0,1.0,73175.0,2042
2023-05-10 21:09:41,ss2312,ss2312,14635.0,0.0,0.0,0.0,2,14605.0,14640.0,5,14705.0,14635.0,14635.0,14635.0,1.0,73175.0,2042
2023-05-10 21:09:44,ss2312,ss2312,14635.0,0.0,0.0,0.0,2,14605.0,14635.0,1,14705.0,14635.0,14635.0,14635.0,1.0,73175.0,2042
2023-05-10 21:09:45,ss2312,ss2312,14635.0,0.0,0.0,0.0,2,14605.0,14640.0,5,14705.0,14635.0,14635.0,14635.0,1.0,73175.0,2042
2023-05-10 21:09:45,ss2312,ss2312,14635.0,0.0,0.0,0.0,2,14605.0,14640.0,5,14705.0,14635.0,14635.0,14635.0,1.0,73175.0,2042
2023-05-10 21:09:46,ss2312,ss2312,14635.0,0.0,0.0,0.0,2,14605.0,14635.0,1,14705.0,14635.0,14635.0,14635.0,1.0,73175.0,2042
2023-05-10 21:09:48,ss2312,ss2312,14635.0,0.0,0.0,0.0,2,14605.0,14635.0,1,14705.0,14635.0,14635.0,14635.0,1.0,73175.0,2042
2023-05-10 21:09:50,ss2312,ss2312,14635.0,0.0,0.0,0.0,2,14605.0,14630.0,5,14705.0,14635.0,14635.0,14635.0,1.0,73175.0,2042
2023-05-10 21:09:50,ss2312,ss2312,14635.0,0.0,0.0,0.0,2,14605.0,14630.0,5,14705.0,14635.0,14635.0,14635.0,1.0,73175.0,2042
2023-05-10 21:09:51,ss2312,ss2312,14635.0,0.0,0.0,0.0,1,14600.0,14630.0,5,14705.0,14635.0,14635.0,14635.0,1.0,73175.0,2042
2023-05-10 21:09:57,ss2312,ss2312,14635.0,0.0,0.0,0.0,1,14600.0,14640.0,5,14705.0,14635.0,14635.0,14635.0,1.0,73175.0,2042
2023-05-10 21:09:58,ss2312,ss2312,14635.0,0.0,0.0,0.0,1,14600.0,14645.0,5,14705.0,14635.0,14635.0,14635.0,1.0,73175.0,2042
2023-05-10 21:09:58,ss2312,ss2312,14635.0,0.0,0.0,0.0,1,14600.0,14670.0,1,14705.0,14635.0,14635.0,14635.0,1.0,73175.0,2042
2023-05-10 21:09:59,ss2312,ss2312,14635.0,0.0,0.0,0.0,1,14600.0,14665.0,1,14705.0,14635.0,14635.0,14635.0,1.0,73175.0,2042
2023-05-10 21:10:00,ss2312,ss2312,14635.0,0.0,0.0,0.0,1,14600.0,14665.0,1,14705.0,14635.0,14635.0,14635.0,1.0,73175.0,2042
2023-05-10 21:10:01,ss2312,ss2312,14635.0,0.0,0.0,0.0,1,14600.0,14660.0,6,14705.0,14635.0,14635.0,14635.0,1.0,73175.0,2042
2023-05-10 21:10:01,ss2312,ss2312,14635.0,0.0,0.0,0.0,1,14600.0,14630.0,1,14705.0,14635.0,14635.0,14635.0,1.0,73175.0,2042
2023-05-10 21:10:02,ss2312,ss2312,14635.0,0.0,0.0,0.0,1,14600.0,14660.0,6,14705.0,14635.0,14635.0,14635.0,1.0,73175.0,2042
2023-05-10 21:10:02,ss2312,ss2312,14635.0,0.0,0.0,0.0,1,14600.0,14630.0,1,14705.0,14635.0,14635.0,14635.0,1.0,73175.0,2042
2023-05-10 21:10:03,ss2312,ss2312,14635.0,0.0,0.0,0.0,1,14600.0,14650.0,1,14705.0,14635.0,14635.0,14635.0,1.0,73175.0,2042
2023-05-10 21:10:03,ss2312,ss2312,14635.0,0.0,0.0,0.0,1,14600.0,14655.0,1,14705.0,14635.0,14635.0,14635.0,1.0,73175.0,2042
2023-05-10 21:10:04,ss2312,ss2312,14635.0,0.0,0.0,0.0,1,14600.0,14655.0,1,14705.0,14635.0,14635.0,14635.0,1.0,73175.0,2042
2023-05-10 21:10:04,ss2312,ss2312,14635.0,0.0,0.0,0.0,1,14600.0,14640.0,5,14705.0,14635.0,14635.0,14635.0,1.0,73175.0,2042
2023-05-10 21:10:05,ss2312,ss2312,14635.0,0.0,0.0,0.0,1,14600.0,14635.0,1,14705.0,14635.0,14635.0,14635.0,1.0,73175.0,2042
2023-05-10 21:10:05,ss2312,ss2312,14635.0,0.0,0.0,0.0,1,14600.0,14635.0,1,14705.0,14635.0,14635.0,14635.0,1.0,73175.0,2042
2023-05-10 21:10:06,ss2312,ss2312,14635.0,0.0,0.0,0.0,1,14600.0,14645.0,1,14705.0,14635.0,14635.0,14635.0,1.0,73175.0,2042
2023-05-10 21:10:07,ss2312,ss2312,14635.0,0.0,0.0,0.0,2,14605.0,14645.0,1,14705.0,14635.0,14635.0,14635.0,1.0,73175.0,2042
2023-05-10 21:10:24,ss2312,ss2312,14635.0,0.0,0.0,0.0,2,14605.0,14640.0,2,14705.0,14635.0,14635.0,14635.0,1.0,73175.0,2042
2023-05-10 21:10:25,ss2312,ss2312,14635.0,0.0,0.0,0.0,2,14605.0,14640.0,2,14705.0,14635.0,14635.0,14635.0,1.0,73175.0,2042
2023-05-10 21:10:26,ss2312,ss2312,14635.0,0.0,0.0,0.0,2,14605.0,14650.0,1,14705.0,14635.0,14635.0,14635.0,1.0,73175.0,2042
2023-05-10 21:10:26,ss2312,ss2312,14635.0,0.0,0.0,0.0,2,14605.0,14645.0,1,14705.0,14635.0,14635.0,14635.0,1.0,73175.0,2042
2023-05-10 21:10:29,ss2312,ss2312,14635.0,0.0,0.0,0.0,2,14605.0,14645.0,1,14705.0,14635.0,14635.0,14635.0,1.0,73175.0,2042
2023-05-10 21:10:30,ss2312,ss2312,14635.0,0.0,0.0,0.0,3,14605.0,14660.0,1,14705.0,14635.0,14635.0,14635.0,1.0,73175.0,2042
2023-05-10 21:10:30,ss2312,ss2312,14635.0,0.0,0.0,0.0,3,14605.0,14660.0,1,14705.0,14635.0,14635.0,14635.0,1.0,73175.0,2042
2023-05-10 21:10:31,ss2312,ss2312,14635.0,0.0,0.0,0.0,3,14605.0,14655.0,6,14705.0,14635.0,14635.0,14635.0,1.0,73175.0,2042
2023-05-10 21:10:31,ss2312,ss2312,14635.0,0.0,0.0,0.0,3,14605.0,14650.0,1,14705.0,14635.0,14635.0,14635.0,1.0,73175.0,2042
2023-05-10 21:10:32,ss2312,ss2312,14635.0,0.0,0.0,0.0,3,14605.0,14650.0,2,14705.0,14635.0,14635.0,14635.0,1.0,73175.0,2042
2023-05-10 21:10:32,ss2312,ss2312,14635.0,0.0,0.0,0.0,3,14605.0,14645.0,1,14705.0,14635.0,14635.0,14635.0,1.0,73175.0,2042
2023-05-10 21:10:41,ss2312,ss2312,14635.0,0.0,0.0,0.0,3,14605.0,14645.0,2,14705.0,14635.0,14635.0,14635.0,1.0,73175.0,2042
2023-05-10 21:10:49,ss2312,ss2312,14635.0,0.0,0.0,0.0,3,14605.0,14645.0,1,14705.0,14635.0,14635.0,14635.0,1.0,73175.0,2042
2023-05-10 21:10:50,ss2312,ss2312,14635.0,0.0,0.0,0.0,3,14605.0,14645.0,1,14705.0,14635.0,14635.0,14635.0,1.0,73175.0,2042
2023-05-10 21:10:52,ss2312,ss2312,14635.0,0.0,0.0,0.0,3,14605.0,14645.0,2,14705.0,14635.0,14635.0,14635.0,1.0,73175.0,2042
2023-05-10 21:10:53,ss2312,ss2312,14635.0,0.0,0.0,0.0,3,14605.0,14645.0,1,14705.0,14635.0,14635.0,14635.0,1.0,73175.0,2042
2023-05-10 21:10:56,ss2312,ss2312,14635.0,0.0,0.0,0.0,3,14605.0,14645.0,2,14705.0,14635.0,14635.0,14635.0,1.0,73175.0,2042
2023-05-10 21:11:02,ss2312,ss2312,14635.0,0.0,0.0,0.0,3,14605.0,14640.0,1,14705.0,14635.0,14635.0,14635.0,1.0,73175.0,2042
2023-05-10 21:11:02,ss2312,ss2312,14635.0,0.0,0.0,0.0,3,14605.0,14635.0,1,14705.0,14635.0,14635.0,14635.0,1.0,73175.0,2042
2023-05-10 21:11:03,ss2312,ss2312,14635.0,0.0,0.0,0.0,3,14605.0,14635.0,1,14705.0,14635.0,14635.0,14635.0,1.0,73175.0,2042
2023-05-10 21:11:03,ss2312,ss2312,14635.0,0.0,0.0,0.0,3,14605.0,14645.0,1,14705.0,14635.0,14635.0,14635.0,1.0,73175.0,2042
2023-05-10 21:11:04,ss2312,ss2312,14635.0,0.0,0.0,0.0,3,14605.0,14640.0,1,14705.0,14635.0,14635.0,14635.0,1.0,73175.0,2042
2023-05-10 21:11:04,ss2312,ss2312,14635.0,0.0,0.0,0.0,3,14605.0,14640.0,1,14705.0,14635.0,14635.0,14635.0,1.0,73175.0,2042
2023-05-10 21:11:05,ss2312,ss2312,14635.0,0.0,0.0,0.0,3,14605.0,14635.0,1,14705.0,14635.0,14635.0,14635.0,1.0,73175.0,2042
2023-05-10 21:11:05,ss2312,ss2312,14635.0,0.0,0.0,0.0,3,14605.0,14635.0,1,14705.0,14635.0,14635.0,14635.0,1.0,73175.0,2042
2023-05-10 21:11:06,ss2312,ss2312,14635.0,0.0,0.0,0.0,3,14605.0,14650.0,2,14705.0,14635.0,14635.0,14635.0,1.0,73175.0,2042
2023-05-10 21:11:06,ss2312,ss2312,14635.0,0.0,0.0,0.0,3,14605.0,14645.0,1,14705.0,14635.0,14635.0,14635.0,1.0,73175.0,2042
2023-05-10 21:11:07,ss2312,ss2312,14635.0,0.0,0.0,0.0,3,14605.0,14640.0,1,14705.0,14635.0,14635.0,14635.0,1.0,73175.0,2042
2023-05-10 21:11:07,ss2312,ss2312,14635.0,0.0,0.0,0.0,3,14605.0,14640.0,1,14705.0,14635.0,14635.0,14635.0,1.0,73175.0,2042
2023-05-10 21:11:08,ss2312,ss2312,14635.0,0.0,0.0,0.0,3,14605.0,14650.0,2,14705.0,14635.0,14635.0,14635.0,1.0,73175.0,2042
2023-05-10 21:11:09,ss2312,ss2312,14635.0,0.0,0.0,0.0,3,14605.0,14645.0,1,14705.0,14635.0,14635.0,14635.0,1.0,73175.0,2042
2023-05-10 21:11:09,ss2312,ss2312,14635.0,0.0,0.0,0.0,3,14605.0,14645.0,2,14705.0,14635.0,14635.0,14635.0,1.0,73175.0,2042
2023-05-10 21:11:15,ss2312,ss2312,14635.0,0.0,0.0,0.0,2,14605.0,14645.0,2,14705.0,14635.0,14635.0,14635.0,1.0,73175.0,2042
2023-05-10 21:11:29,ss2312,ss2312,14635.0,0.0,0.0,0.0,2,14605.0,14640.0,2,14705.0,14635.0,14635.0,14635.0,1.0,73175.0,2042
2023-05-10 21:11:29,ss2312,ss2312,14635.0,0.0,0.0,0.0,2,14605.0,14640.0,3,14705.0,14635.0,14635.0,14635.0,1.0,73175.0,2042
2023-05-10 21:11:30,ss2312,ss2312,14635.0,0.0,0.0,0.0,2,14605.0,14635.0,1,14705.0,14635.0,14635.0,14635.0,1.0,73175.0,2042
2023-05-10 21:11:30,ss2312,ss2312,14635.0,0.0,0.0,0.0,2,14605.0,14635.0,1,14705.0,14635.0,14635.0,14635.0,1.0,73175.0,2042
2023-05-10 21:11:35,ss2312,ss2312,14635.0,0.0,0.0,0.0,2,14605.0,14635.0,1,14705.0,14635.0,14635.0,14635.0,1.0,73175.0,2042
2023-05-10 21:11:36,ss2312,ss2312,14635.0,0.0,0.0,0.0,2,14605.0,14635.0,2,14705.0,14635.0,14635.0,14635.0,1.0,73175.0,2042
2023-05-10 21:11:36,ss2312,ss2312,14635.0,0.0,0.0,0.0,2,14605.0,14635.0,1,14705.0,14635.0,14635.0,14635.0,1.0,73175.0,2042
2023-05-10 21:11:42,ss2312,ss2312,14635.0,0.0,0.0,0.0,2,14605.0,14635.0,2,14705.0,14635.0,14635.0,14635.0,1.0,73175.0,2042
2023-05-10 21:11:43,ss2312,ss2312,14635.0,0.0,0.0,0.0,2,14605.0,14635.0,2,14705.0,14635.0,14635.0,14635.0,1.0,73175.0,2042
2023-05-10 21:11:44,ss2312,ss2312,14635.0,0.0,0.0,0.0,2,14605.0,14635.0,1,14705.0,14635.0,14635.0,14635.0,1.0,73175.0,2042
2023-05-10 21:11:44,ss2312,ss2312,14635.0,0.0,0.0,0.0,2,14605.0,14640.0,1,14705.0,14635.0,14635.0,14635.0,1.0,73175.0,2042
2023-05-10 21:11:45,ss2312,ss2312,14635.0,0.0,0.0,0.0,2,14605.0,14640.0,2,14705.0,14635.0,14635.0,14635.0,1.0,73175.0,2042
2023-05-10 21:11:45,ss2312,ss2312,14635.0,0.0,0.0,0.0,2,14605.0,14635.0,1,14705.0,14635.0,14635.0,14635.0,1.0,73175.0,2042
2023-05-10 21:11:46,ss2312,ss2312,14635.0,0.0,0.0,0.0,2,14605.0,14630.0,1,14705.0,14635.0,14635.0,14635.0,1.0,73175.0,2042
2023-05-10 21:11:46,ss2312,ss2312,14635.0,0.0,0.0,0.0,2,14605.0,14630.0,1,14705.0,14635.0,14635.0,14635.0,1.0,73175.0,2042
2023-05-10 21:11:47,ss2312,ss2312,14635.0,0.0,0.0,0.0,1,14600.0,14635.0,1,14705.0,14635.0,14635.0,14635.0,1.0,73175.0,2042
2023-05-10 21:11:47,ss2312,ss2312,14635.0,0.0,0.0,0.0,1,14600.0,14635.0,2,14705.0,14635.0,14635.0,14635.0,1.0,73175.0,2042
2023-05-10 21:11:54,ss2312,ss2312,14635.0,0.0,0.0,0.0,1,14600.0,14630.0,1,14705.0,14635.0,14635.0,14635.0,1.0,73175.0,2042
2023-05-10 21:11:54,ss2312,ss2312,14635.0,0.0,0.0,0.0,1,14600.0,14625.0,1,14705.0,14635.0,14635.0,14635.0,1.0,73175.0,2042
2023-05-10 21:11:55,ss2312,ss2312,14635.0,0.0,0.0,0.0,1,14600.0,14625.0,1,14705.0,14635.0,14635.0,14635.0,1.0,73175.0,2042
2023-05-10 21:11:56,ss2312,ss2312,14635.0,0.0,0.0,0.0,1,14600.0,14650.0,1,14705.0,14635.0,14635.0,14635.0,1.0,73175.0,2042
2023-05-10 21:11:56,ss2312,ss2312,14635.0,0.0,0.0,0.0,1,14600.0,14645.0,1,14705.0,14635.0,14635.0,14635.0,1.0,73175.0,2042
2023-05-10 21:11:57,ss2312,ss2312,14635.0,0.0,0.0,0.0,1,14600.0,14640.0,1,14705.0,14635.0,14635.0,14635.0,1.0,73175.0,2042
2023-05-10 21:11:57,ss2312,ss2312,14635.0,0.0,0.0,0.0,1,14600.0,14635.0,1,14705.0,14635.0,14635.0,14635.0,1.0,73175.0,2042
2023-05-10 21:11:58,ss2312,ss2312,14635.0,0.0,0.0,0.0,1,14600.0,14630.0,1,14705.0,14635.0,14635.0,14635.0,1.0,73175.0,2042
2023-05-10 21:11:58,ss2312,ss2312,14635.0,0.0,0.0,0.0,1,14600.0,14630.0,2,14705.0,14635.0,14635.0,14635.0,1.0,73175.0,2042
2023-05-10 21:12:04,ss2312,ss2312,14635.0,0.0,0.0,0.0,1,14600.0,14630.0,1,14705.0,14635.0,14635.0,14635.0,1.0,73175.0,2042
2023-05-10 21:12:05,ss2312,ss2312,14635.0,0.0,0.0,0.0,1,14600.0,14650.0,1,14705.0,14635.0,14635.0,14635.0,1.0,73175.0,2042
2023-05-10 21:12:05,ss2312,ss2312,14635.0,0.0,0.0,0.0,1,14600.0,14645.0,1,14705.0,14635.0,14635.0,14635.0,1.0,73175.0,2042
2023-05-10 21:12:06,ss2312,ss2312,14635.0,0.0,0.0,0.0,1,14600.0,14640.0,1,14705.0,14635.0,14635.0,14635.0,1.0,73175.0,2042
2023-05-10 21:12:06,ss2312,ss2312,14635.0,0.0,0.0,0.0,1,14600.0,14635.0,1,14705.0,14635.0,14635.0,14635.0,1.0,73175.0,2042
2023-05-10 21:12:07,ss2312,ss2312,14635.0,0.0,0.0,0.0,1,14600.0,14630.0,1,14705.0,14635.0,14635.0,14635.0,1.0,73175.0,2042
2023-05-10 21:12:07,ss2312,ss2312,14635.0,0.0,0.0,0.0,1,14600.0,14630.0,1,14705.0,14635.0,14635.0,14635.0,1.0,73175.0,2042
2023-05-10 21:12:08,ss2312,ss2312,14635.0,0.0,0.0,0.0,1,14600.0,14650.0,1,14705.0,14635.0,14635.0,14635.0,1.0,73175.0,2042
2023-05-10 21:12:09,ss2312,ss2312,14635.0,0.0,0.0,0.0,1,14600.0,14645.0,1,14705.0,14635.0,14635.0,14635.0,1.0,73175.0,2042
2023-05-10 21:12:09,ss2312,ss2312,14635.0,0.0,0.0,0.0,1,14600.0,14640.0,1,14705.0,14635.0,14635.0,14635.0,1.0,73175.0,2042
2023-05-10 21:12:10,ss2312,ss2312,14635.0,0.0,0.0,0.0,1,14600.0,14635.0,1,14705.0,14635.0,14635.0,14635.0,1.0,73175.0,2042
2023-05-10 21:12:10,ss2312,ss2312,14635.0,0.0,0.0,0.0,1,14600.0,14630.0,1,14705.0,14635.0,14635.0,14635.0,1.0,73175.0,2042
2023-05-10 21:12:11,ss2312,ss2312,14635.0,0.0,0.0,0.0,1,14600.0,14630.0,1,14705.0,14635.0,14635.0,14635.0,1.0,73175.0,2042
2023-05-10 21:12:11,ss2312,ss2312,14635.0,0.0,0.0,0.0,1,14600.0,14650.0,1,14705.0,14635.0,14635.0,14635.0,1.0,73175.0,2042
2023-05-10 21:12:12,ss2312,ss2312,14635.0,0.0,0.0,0.0,1,14600.0,14645.0,1,14705.0,14635.0,14635.0,14635.0,1.0,73175.0,2042
2023-05-10 21:12:13,ss2312,ss2312,14635.0,0.0,0.0,0.0,1,14600.0,14640.0,1,14705.0,14635.0,14635.0,14635.0,1.0,73175.0,2042
2023-05-10 21:12:13,ss2312,ss2312,14635.0,0.0,0.0,0.0,1,14600.0,14640.0,2,14705.0,14635.0,14635.0,14635.0,1.0,73175.0,2042
2023-05-10 21:12:14,ss2312,ss2312,14635.0,0.0,0.0,0.0,1,14600.0,14635.0,1,14705.0,14635.0,14635.0,14635.0,1.0,73175.0,2042
2023-05-10 21:12:14,ss2312,ss2312,14635.0,0.0,0.0,0.0,2,14605.0,14630.0,1,14705.0,14635.0,14635.0,14635.0,1.0,73175.0,2042
2023-05-10 21:12:15,ss2312,ss2312,14635.0,0.0,0.0,0.0,2,14605.0,14635.0,1,14705.0,14635.0,14635.0,14635.0,1.0,73175.0,2042
2023-05-10 21:12:15,ss2312,ss2312,14635.0,0.0,0.0,0.0,2,14605.0,14635.0,1,14705.0,14635.0,14635.0,14635.0,1.0,73175.0,2042
2023-05-10 21:12:16,ss2312,ss2312,14635.0,0.0,0.0,0.0,2,14605.0,14630.0,1,14705.0,14635.0,14635.0,14635.0,1.0,73175.0,2042
2023-05-10 21:12:16,ss2312,ss2312,14635.0,0.0,0.0,0.0,2,14605.0,14630.0,1,14705.0,14635.0,14635.0,14635.0,1.0,73175.0,2042
2023-05-10 21:12:17,ss2312,ss2312,14635.0,0.0,0.0,0.0,2,14605.0,14650.0,1,14705.0,14635.0,14635.0,14635.0,1.0,73175.0,2042
2023-05-10 21:12:17,ss2312,ss2312,14635.0,0.0,0.0,0.0,2,14605.0,14645.0,1,14705.0,14635.0,14635.0,14635.0,1.0,73175.0,2042
2023-05-10 21:12:18,ss2312,ss2312,14635.0,0.0,0.0,0.0,2,14605.0,14640.0,1,14705.0,14635.0,14635.0,14635.0,1.0,73175.0,2042
2023-05-10 21:12:18,ss2312,ss2312,14635.0,0.0,0.0,0.0,2,14605.0,14635.0,1,14705.0,14635.0,14635.0,14635.0,1.0,73175.0,2042
2023-05-10 21:12:19,ss2312,ss2312,14635.0,0.0,0.0,0.0,2,14605.0,14635.0,1,14705.0,14635.0,14635.0,14635.0,1.0,73175.0,2042
2023-05-10 21:12:19,ss2312,ss2312,14635.0,0.0,0.0,0.0,2,14605.0,14630.0,1,14705.0,14635.0,14635.0,14635.0,1.0,73175.0,2042
2023-05-10 21:12:20,ss2312,ss2312,14635.0,0.0,0.0,0.0,2,14605.0,14630.0,1,14705.0,14635.0,14635.0,14635.0,1.0,73175.0,2042
2023-05-10 21:12:21,ss2312,ss2312,14635.0,0.0,0.0,0.0,1,14600.0,14630.0,1,14705.0,14635.0,14635.0,14635.0,1.0,73175.0,2042
2023-05-10 21:12:21,ss2312,ss2312,14635.0,0.0,0.0,0.0,1,14600.0,14650.0,1,14705.0,14635.0,14635.0,14635.0,1.0,73175.0,2042
2023-05-10 21:12:22,ss2312,ss2312,14635.0,0.0,0.0,0.0,1,14600.0,14645.0,1,14705.0,14635.0,14635.0,14635.0,1.0,73175.0,2042
2023-05-10 21:12:22,ss2312,ss2312,14635.0,0.0,0.0,0.0,1,14600.0,14640.0,1,14705.0,14635.0,14635.0,14635.0,1.0,73175.0,2042
2023-05-10 21:12:23,ss2312,ss2312,14635.0,0.0,0.0,0.0,1,14600.0,14640.0,2,14705.0,14635.0,14635.0,14635.0,1.0,73175.0,2042
2023-05-10 21:12:23,ss2312,ss2312,14635.0,0.0,0.0,0.0,1,14600.0,14640.0,2,14705.0,14635.0,14635.0,14635.0,1.0,73175.0,2042
2023-05-10 21:12:24,ss2312,ss2312,14635.0,0.0,0.0,0.0,1,14600.0,14640.0,2,14705.0,14635.0,14635.0,14635.0,1.0,73175.0,2042
2023-05-10 21:12:56,ss2312,ss2312,14635.0,0.0,0.0,0.0,2,14605.0,14640.0,2,14705.0,14635.0,14635.0,14635.0,1.0,73175.0,2042
2023-05-10 21:12:57,ss2312,ss2312,14635.0,0.0,0.0,0.0,2,14605.0,14640.0,1,14705.0,14635.0,14635.0,14635.0,1.0,73175.0,2042
2023-05-10 21:12:58,ss2312,ss2312,14635.0,0.0,0.0,0.0,3,14605.0,14660.0,1,14705.0,14635.0,14635.0,14635.0,1.0,73175.0,2042
2023-05-10 21:12:58,ss2312,ss2312,14635.0,0.0,0.0,0.0,3,14605.0,14655.0,1,14705.0,14635.0,14635.0,14635.0,1.0,73175.0,2042
2023-05-10 21:12:59,ss2312,ss2312,14635.0,0.0,0.0,0.0,3,14605.0,14650.0,1,14705.0,14635.0,14635.0,14635.0,1.0,73175.0,2042
2023-05-10 21:12:59,ss2312,ss2312,14635.0,0.0,0.0,0.0,3,14605.0,14645.0,1,14705.0,14635.0,14635.0,14635.0,1.0,73175.0,2042
2023-05-10 21:13:00,ss2312,ss2312,14635.0,0.0,0.0,0.0,3,14605.0,14640.0,1,14705.0,14635.0,14635.0,14635.0,1.0,73175.0,2042
2023-05-10 21:13:01,ss2312,ss2312,14635.0,0.0,0.0,0.0,3,14605.0,14635.0,1,14705.0,14635.0,14635.0,14635.0,1.0,73175.0,2042
2023-05-10 21:13:01,ss2312,ss2312,14635.0,0.0,0.0,0.0,3,14605.0,14640.0,1,14705.0,14635.0,14635.0,14635.0,1.0,73175.0,2042
2023-05-10 21:13:02,ss2312,ss2312,14635.0,0.0,0.0,0.0,3,14605.0,14640.0,1,14705.0,14635.0,14635.0,14635.0,1.0,73175.0,2042
2023-05-10 21:13:02,ss2312,ss2312,14635.0,0.0,0.0,0.0,3,14605.0,14635.0,1,14705.0,14635.0,14635.0,14635.0,1.0,73175.0,2042
2023-05-10 21:13:03,ss2312,ss2312,14635.0,0.0,0.0,0.0,3,14605.0,14635.0,1,14705.0,14635.0,14635.0,14635.0,1.0,73175.0,2042
2023-05-10 21:13:03,ss2312,ss2312,14635.0,0.0,0.0,0.0,3,14605.0,14640.0,1,14705.0,14635.0,14635.0,14635.0,1.0,73175.0,2042
2023-05-10 21:13:04,ss2312,ss2312,14635.0,0.0,0.0,0.0,3,14605.0,14640.0,2,14705.0,14635.0,14635.0,14635.0,1.0,73175.0,2042
2023-05-10 21:13:06,ss2312,ss2312,14635.0,0.0,0.0,0.0,3,14605.0,14640.0,1,14705.0,14635.0,14635.0,14635.0,1.0,73175.0,2042
2023-05-10 21:13:07,ss2312,ss2312,14635.0,0.0,0.0,0.0,3,14605.0,14660.0,1,14705.0,14635.0,14635.0,14635.0,1.0,73175.0,2042
2023-05-10 21:13:07,ss2312,ss2312,14635.0,0.0,0.0,0.0,3,14605.0,14655.0,1,14705.0,14635.0,14635.0,14635.0,1.0,73175.0,2042
2023-05-10 21:13:08,ss2312,ss2312,14635.0,0.0,0.0,0.0,3,14605.0,14650.0,1,14705.0,14635.0,14635.0,14635.0,1.0,73175.0,2042
2023-05-10 21:13:08,ss2312,ss2312,14635.0,0.0,0.0,0.0,3,14605.0,14645.0,1,14705.0,14635.0,14635.0,14635.0,1.0,73175.0,2042
2023-05-10 21:13:09,ss2312,ss2312,14635.0,0.0,0.0,0.0,3,14605.0,14640.0,1,14705.0,14635.0,14635.0,14635.0,1.0,73175.0,2042
2023-05-10 21:13:09,ss2312,ss2312,14635.0,0.0,0.0,0.0,3,14605.0,14640.0,1,14705.0,14635.0,14635.0,14635.0,1.0,73175.0,2042
2023-05-10 21:13:10,ss2312,ss2312,14635.0,0.0,0.0,0.0,3,14605.0,14660.0,1,14705.0,14635.0,14635.0,14635.0,1.0,73175.0,2042
2023-05-10 21:13:11,ss2312,ss2312,14635.0,0.0,0.0,0.0,3,14605.0,14655.0,1,14705.0,14635.0,14635.0,14635.0,1.0,73175.0,2042
2023-05-10 21:13:11,ss2312,ss2312,14635.0,0.0,0.0,0.0,3,14605.0,14650.0,1,14705.0,14635.0,14635.0,14635.0,1.0,73175.0,2042
2023-05-10 21:13:12,ss2312,ss2312,14635.0,0.0,0.0,0.0,3,14605.0,14645.0,1,14705.0,14635.0,14635.0,14635.0,1.0,73175.0,2042
2023-05-10 21:13:12,ss2312,ss2312,14635.0,0.0,0.0,0.0,3,14605.0,14640.0,1,14705.0,14635.0,14635.0,14635.0,1.0,73175.0,2042
2023-05-10 21:13:13,ss2312,ss2312,14635.0,0.0,0.0,0.0,3,14605.0,14640.0,1,14705.0,14635.0,14635.0,14635.0,1.0,73175.0,2042
2023-05-10 21:13:14,ss2312,ss2312,14635.0,0.0,0.0,0.0,3,14605.0,14660.0,1,14705.0,14635.0,14635.0,14635.0,1.0,73175.0,2042
2023-05-10 21:13:14,ss2312,ss2312,14635.0,0.0,0.0,0.0,3,14605.0,14655.0,1,14705.0,14635.0,14635.0,14635.0,1.0,73175.0,2042
2023-05-10 21:13:15,ss2312,ss2312,14635.0,0.0,0.0,0.0,3,14605.0,14650.0,1,14705.0,14635.0,14635.0,14635.0,1.0,73175.0,2042
2023-05-10 21:13:15,ss2312,ss2312,14635.0,0.0,0.0,0.0,3,14605.0,14645.0,1,14705.0,14635.0,14635.0,14635.0,1.0,73175.0,2042
2023-05-10 21:13:16,ss2312,ss2312,14635.0,0.0,0.0,0.0,3,14605.0,14640.0,1,14705.0,14635.0,14635.0,14635.0,1.0,73175.0,2042
2023-05-10 21:13:16,ss2312,ss2312,14635.0,0.0,0.0,0.0,3,14605.0,14640.0,1,14705.0,14635.0,14635.0,14635.0,1.0,73175.0,2042
2023-05-10 21:13:18,ss2312,ss2312,14635.0,0.0,0.0,0.0,3,14605.0,14660.0,1,14705.0,14635.0,14635.0,14635.0,1.0,73175.0,2042
2023-05-10 21:13:19,ss2312,ss2312,14635.0,0.0,0.0,0.0,3,14605.0,14655.0,1,14705.0,14635.0,14635.0,14635.0,1.0,73175.0,2042
2023-05-10 21:13:19,ss2312,ss2312,14635.0,0.0,0.0,0.0,3,14605.0,14650.0,1,14705.0,14635.0,14635.0,14635.0,1.0,73175.0,2042
2023-05-10 21:13:20,ss2312,ss2312,14635.0,0.0,0.0,0.0,3,14605.0,14645.0,1,14705.0,14635.0,14635.0,14635.0,1.0,73175.0,2042
2023-05-10 21:13:21,ss2312,ss2312,14635.0,0.0,0.0,0.0,3,14605.0,14640.0,1,14705.0,14635.0,14635.0,14635.0,1.0,73175.0,2042
2023-05-10 21:13:22,ss2312,ss2312,14635.0,0.0,0.0,0.0,3,14605.0,14640.0,1,14705.0,14635.0,14635.0,14635.0,1.0,73175.0,2042
2023-05-10 21:13:22,ss2312,ss2312,14635.0,0.0,0.0,0.0,3,14605.0,14660.0,1,14705.0,14635.0,14635.0,14635.0,1.0,73175.0,2042
2023-05-10 21:13:23,ss2312,ss2312,14635.0,0.0,0.0,0.0,3,14605.0,14655.0,1,14705.0,14635.0,14635.0,14635.0,1.0,73175.0,2042
2023-05-10 21:13:24,ss2312,ss2312,14635.0,0.0,0.0,0.0,3,14605.0,14650.0,2,14705.0,14635.0,14635.0,14635.0,1.0,73175.0,2042
2023-05-10 21:13:25,ss2312,ss2312,14635.0,0.0,0.0,0.0,3,14605.0,14645.0,1,14705.0,14635.0,14635.0,14635.0,1.0,73175.0,2042
2023-05-10 21:13:25,ss2312,ss2312,14635.0,0.0,0.0,0.0,3,14605.0,14640.0,1,14705.0,14635.0,14635.0,14635.0,1.0,73175.0,2042
2023-05-10 21:13:26,ss2312,ss2312,14635.0,0.0,0.0,0.0,3,14605.0,14640.0,1,14705.0,14635.0,14635.0,14635.0,1.0,73175.0,2042
2023-05-10 21:13:26,ss2312,ss2312,14635.0,0.0,0.0,0.0,3,14605.0,14640.0,1,14705.0,14635.0,14635.0,14635.0,1.0,73175.0,2042
2023-05-10 21:13:27,ss2312,ss2312,14635.0,0.0,0.0,0.0,3,14605.0,14660.0,1,14705.0,14635.0,14635.0,14635.0,1.0,73175.0,2042
2023-05-10 21:13:27,ss2312,ss2312,14635.0,0.0,0.0,0.0,3,14605.0,14655.0,1,14705.0,14635.0,14635.0,14635.0,1.0,73175.0,2042
2023-05-10 21:13:28,ss2312,ss2312,14635.0,0.0,0.0,0.0,3,14605.0,14650.0,1,14705.0,14635.0,14635.0,14635.0,1.0,73175.0,2042
2023-05-10 21:13:29,ss2312,ss2312,14635.0,0.0,0.0,0.0,3,14605.0,14645.0,1,14705.0,14635.0,14635.0,14635.0,1.0,73175.0,2042
2023-05-10 21:13:30,ss2312,ss2312,14635.0,0.0,0.0,0.0,3,14605.0,14640.0,1,14705.0,14635.0,14635.0,14635.0,1.0,73175.0,2042
2023-05-10 21:13:30,ss2312,ss2312,14635.0,0.0,0.0,0.0,3,14605.0,14640.0,1,14705.0,14635.0,14635.0,14635.0,1.0,73175.0,2042
2023-05-10 21:13:31,ss2312,ss2312,14635.0,0.0,0.0,0.0,3,14605.0,14660.0,1,14705.0,14635.0,14635.0,14635.0,1.0,73175.0,2042
2023-05-10 21:13:31,ss2312,ss2312,14635.0,0.0,0.0,0.0,3,14605.0,14655.0,1,14705.0,14635.0,14635.0,14635.0,1.0,73175.0,2042
2023-05-10 21:13:32,ss2312,ss2312,14635.0,0.0,0.0,0.0,3,14605.0,14650.0,1,14705.0,14635.0,14635.0,14635.0,1.0,73175.0,2042
2023-05-10 21:13:32,ss2312,ss2312,14635.0,0.0,0.0,0.0,3,14605.0,14645.0,1,14705.0,14635.0,14635.0,14635.0,1.0,73175.0,2042
2023-05-10 21:13:33,ss2312,ss2312,14635.0,0.0,0.0,0.0,3,14605.0,14640.0,1,14705.0,14635.0,14635.0,14635.0,1.0,73175.0,2042
2023-05-10 21:13:33,ss2312,ss2312,14635.0,0.0,0.0,0.0,3,14605.0,14640.0,1,14705.0,14635.0,14635.0,14635.0,1.0,73175.0,2042
2023-05-10 21:13:34,ss2312,ss2312,14635.0,0.0,0.0,0.0,3,14605.0,14640.0,1,14705.0,14635.0,14635.0,14635.0,1.0,73175.0,2042
2023-05-10 21:13:34,ss2312,ss2312,14635.0,0.0,0.0,0.0,3,14605.0,14660.0,1,14705.0,14635.0,14635.0,14635.0,1.0,73175.0,2042
2023-05-10 21:13:35,ss2312,ss2312,14635.0,0.0,0.0,0.0,3,14605.0,14655.0,1,14705.0,14635.0,14635.0,14635.0,1.0,73175.0,2042
2023-05-10 21:13:36,ss2312,ss2312,14635.0,0.0,0.0,0.0,3,14605.0,14650.0,1,14705.0,14635.0,14635.0,14635.0,1.0,73175.0,2042
2023-05-10 21:13:37,ss2312,ss2312,14635.0,0.0,0.0,0.0,3,14605.0,14650.0,2,14705.0,14635.0,14635.0,14635.0,1.0,73175.0,2042
2023-05-10 21:13:54,ss2312,ss2312,14635.0,0.0,0.0,0.0,3,14605.0,14645.0,1,14705.0,14635.0,14635.0,14635.0,1.0,73175.0,2042
2023-05-10 21:13:55,ss2312,ss2312,14635.0,0.0,0.0,0.0,3,14605.0,14640.0,1,14705.0,14635.0,14635.0,14635.0,1.0,73175.0,2042
2023-05-10 21:13:56,ss2312,ss2312,14635.0,0.0,0.0,0.0,3,14605.0,14640.0,1,14705.0,14635.0,14635.0,14635.0,1.0,73175.0,2042
2023-05-10 21:13:56,ss2312,ss2312,14635.0,0.0,0.0,0.0,3,14605.0,14660.0,1,14705.0,14635.0,14635.0,14635.0,1.0,73175.0,2042
2023-05-10 21:13:57,ss2312,ss2312,14635.0,0.0,0.0,0.0,3,14605.0,14655.0,1,14705.0,14635.0,14635.0,14635.0,1.0,73175.0,2042
2023-05-10 21:13:59,ss2312,ss2312,14635.0,0.0,0.0,0.0,3,14605.0,14650.0,1,14705.0,14635.0,14635.0,14635.0,1.0,73175.0,2042
2023-05-10 21:13:59,ss2312,ss2312,14635.0,0.0,0.0,0.0,3,14605.0,14645.0,1,14705.0,14635.0,14635.0,14635.0,1.0,73175.0,2042
2023-05-10 21:14:00,ss2312,ss2312,14635.0,0.0,0.0,0.0,3,14605.0,14640.0,1,14705.0,14635.0,14635.0,14635.0,1.0,73175.0,2042
2023-05-10 21:14:00,ss2312,ss2312,14635.0,0.0,0.0,0.0,3,14605.0,14640.0,1,14705.0,14635.0,14635.0,14635.0,1.0,73175.0,2042
2023-05-10 21:14:01,ss2312,ss2312,14635.0,0.0,0.0,0.0,3,14605.0,14660.0,1,14705.0,14635.0,14635.0,14635.0,1.0,73175.0,2042
2023-05-10 21:14:02,ss2312,ss2312,14635.0,0.0,0.0,0.0,3,14605.0,14655.0,1,14705.0,14635.0,14635.0,14635.0,1.0,73175.0,2042
2023-05-10 21:14:02,ss2312,ss2312,14635.0,0.0,0.0,0.0,3,14605.0,14650.0,1,14705.0,14635.0,14635.0,14635.0,1.0,73175.0,2042
2023-05-10 21:14:03,ss2312,ss2312,14635.0,0.0,0.0,0.0,3,14605.0,14645.0,1,14705.0,14635.0,14635.0,14635.0,1.0,73175.0,2042
2023-05-10 21:14:04,ss2312,ss2312,14635.0,0.0,0.0,0.0,3,14605.0,14640.0,1,14705.0,14635.0,14635.0,14635.0,1.0,73175.0,2042
2023-05-10 21:14:05,ss2312,ss2312,14635.0,0.0,0.0,0.0,3,14605.0,14640.0,1,14705.0,14635.0,14635.0,14635.0,1.0,73175.0,2042
2023-05-10 21:14:05,ss2312,ss2312,14635.0,0.0,0.0,0.0,3,14605.0,14660.0,1,14705.0,14635.0,14635.0,14635.0,1.0,73175.0,2042
2023-05-10 21:14:06,ss2312,ss2312,14635.0,0.0,0.0,0.0,3,14605.0,14655.0,1,14705.0,14635.0,14635.0,14635.0,1.0,73175.0,2042
2023-05-10 21:14:07,ss2312,ss2312,14635.0,0.0,0.0,0.0,3,14605.0,14650.0,1,14705.0,14635.0,14635.0,14635.0,1.0,73175.0,2042
2023-05-10 21:14:07,ss2312,ss2312,14635.0,0.0,0.0,0.0,3,14605.0,14650.0,2,14705.0,14635.0,14635.0,14635.0,1.0,73175.0,2042
2023-05-10 21:14:54,ss2312,ss2312,14635.0,0.0,0.0,0.0,3,14605.0,14650.0,1,14705.0,14635.0,14635.0,14635.0,1.0,73175.0,2042
2023-05-10 21:14:54,ss2312,ss2312,14635.0,0.0,0.0,0.0,3,14605.0,14660.0,1,14705.0,14635.0,14635.0,14635.0,1.0,73175.0,2042
2023-05-10 21:14:55,ss2312,ss2312,14635.0,0.0,0.0,0.0,3,14605.0,14655.0,1,14705.0,14635.0,14635.0,14635.0,1.0,73175.0,2042
2023-05-10 21:14:55,ss2312,ss2312,14635.0,0.0,0.0,0.0,3,14605.0,14655.0,1,14705.0,14635.0,14635.0,14635.0,1.0,73175.0,2042
2023-05-10 21:14:56,ss2312,ss2312,14635.0,0.0,0.0,0.0,3,14605.0,14650.0,1,14705.0,14635.0,14635.0,14635.0,1.0,73175.0,2042
2023-05-10 21:14:56,ss2312,ss2312,14635.0,0.0,0.0,0.0,3,14605.0,14650.0,1,14705.0,14635.0,14635.0,14635.0,1.0,73175.0,2042
2023-05-10 21:14:57,ss2312,ss2312,14635.0,0.0,0.0,0.0,3,14605.0,14660.0,1,14705.0,14635.0,14635.0,14635.0,1.0,73175.0,2042
2023-05-10 21:14:57,ss2312,ss2312,14635.0,0.0,0.0,0.0,3,14605.0,14655.0,1,14705.0,14635.0,14635.0,14635.0,1.0,73175.0,2042
2023-05-10 21:14:58,ss2312,ss2312,14635.0,0.0,0.0,0.0,3,14605.0,14650.0,1,14705.0,14635.0,14635.0,14635.0,1.0,73175.0,2042
2023-05-10 21:14:58,ss2312,ss2312,14635.0,0.0,0.0,0.0,3,14605.0,14655.0,1,14705.0,14635.0,14635.0,14635.0,1.0,73175.0,2042
2023-05-10 21:14:59,ss2312,ss2312,14635.0,0.0,0.0,0.0,3,14605.0,14655.0,1,14705.0,14635.0,14635.0,14635.0,1.0,73175.0,2042
2023-05-10 21:15:00,ss2312,ss2312,14635.0,0.0,0.0,0.0,3,14605.0,14650.0,1,14705.0,14635.0,14635.0,14635.0,1.0,73175.0,2042
2023-05-10 21:15:00,ss2312,ss2312,14635.0,0.0,0.0,0.0,3,14605.0,14655.0,1,14705.0,14635.0,14635.0,14635.0,1.0,73175.0,2042
2023-05-10 21:15:01,ss2312,ss2312,14635.0,0.0,0.0,0.0,3,14605.0,14650.0,1,14705.0,14635.0,14635.0,14635.0,1.0,73175.0,2042
2023-05-10 21:15:01,ss2312,ss2312,14635.0,0.0,0.0,0.0,3,14605.0,14645.0,1,14705.0,14635.0,14635.0,14635.0,1.0,73175.0,2042
2023-05-10 21:15:02,ss2312,ss2312,14635.0,0.0,0.0,0.0,3,14605.0,14655.0,1,14705.0,14635.0,14635.0,14635.0,1.0,73175.0,2042
2023-05-10 21:15:02,ss2312,ss2312,14635.0,0.0,0.0,0.0,3,14605.0,14650.0,1,14705.0,14635.0,14635.0,14635.0,1.0,73175.0,2042
2023-05-10 21:15:03,ss2312,ss2312,14635.0,0.0,0.0,0.0,3,14605.0,14645.0,1,14705.0,14635.0,14635.0,14635.0,1.0,73175.0,2042
2023-05-10 21:15:03,ss2312,ss2312,14635.0,0.0,0.0,0.0,3,14605.0,14645.0,1,14705.0,14635.0,14635.0,14635.0,1.0,73175.0,2042
2023-05-10 21:15:04,ss2312,ss2312,14635.0,0.0,0.0,0.0,3,14605.0,14660.0,1,14705.0,14635.0,14635.0,14635.0,1.0,73175.0,2042
2023-05-10 21:15:04,ss2312,ss2312,14635.0,0.0,0.0,0.0,3,14605.0,14655.0,1,14705.0,14635.0,14635.0,14635.0,1.0,73175.0,2042
2023-05-10 21:15:05,ss2312,ss2312,14635.0,0.0,0.0,0.0,3,14605.0,14650.0,1,14705.0,14635.0,14635.0,14635.0,1.0,73175.0,2042
2023-05-10 21:15:05,ss2312,ss2312,14635.0,0.0,0.0,0.0,3,14605.0,14650.0,2,14705.0,14635.0,14635.0,14635.0,1.0,73175.0,2042
2023-05-10 21:15:06,ss2312,ss2312,14635.0,0.0,0.0,0.0,3,14605.0,14650.0,1,14705.0,14635.0,14635.0,14635.0,1.0,73175.0,2042
2023-05-10 21:15:06,ss2312,ss2312,14635.0,0.0,0.0,0.0,3,14605.0,14660.0,1,14705.0,14635.0,14635.0,14635.0,1.0,73175.0,2042
2023-05-10 21:15:07,ss2312,ss2312,14635.0,0.0,0.0,0.0,3,14605.0,14655.0,1,14705.0,14635.0,14635.0,14635.0,1.0,73175.0,2042
2023-05-10 21:15:07,ss2312,ss2312,14635.0,0.0,0.0,0.0,3,14605.0,14650.0,1,14705.0,14635.0,14635.0,14635.0,1.0,73175.0,2042
2023-05-10 21:15:08,ss2312,ss2312,14635.0,0.0,0.0,0.0,3,14605.0,14655.0,1,14705.0,14635.0,14635.0,14635.0,1.0,73175.0,2042
2023-05-10 21:15:08,ss2312,ss2312,14635.0,0.0,0.0,0.0,3,14605.0,14655.0,1,14705.0,14635.0,14635.0,14635.0,1.0,73175.0,2042
2023-05-10 21:15:09,ss2312,ss2312,14635.0,0.0,0.0,0.0,3,14605.0,14650.0,1,14705.0,14635.0,14635.0,14635.0,1.0,73175.0,2042
2023-05-10 21:15:09,ss2312,ss2312,14635.0,0.0,0.0,0.0,3,14605.0,14665.0,1,14705.0,14635.0,14635.0,14635.0,1.0,73175.0,2042
2023-05-10 21:15:10,ss2312,ss2312,14635.0,0.0,0.0,0.0,3,14605.0,14655.0,1,14705.0,14635.0,14635.0,14635.0,1.0,73175.0,2042
2023-05-10 21:15:10,ss2312,ss2312,14635.0,0.0,0.0,0.0,3,14605.0,14655.0,2,14705.0,14635.0,14635.0,14635.0,1.0,73175.0,2042
2023-05-10 21:15:35,ss2312,ss2312,14635.0,0.0,0.0,0.0,3,14605.0,14650.0,1,14705.0,14635.0,14635.0,14635.0,1.0,73175.0,2042
2023-05-10 21:15:36,ss2312,ss2312,14635.0,0.0,0.0,0.0,3,14605.0,14645.0,1,14705.0,14635.0,14635.0,14635.0,1.0,73175.0,2042
2023-05-10 21:15:36,ss2312,ss2312,14635.0,0.0,0.0,0.0,3,14605.0,14650.0,1,14705.0,14635.0,14635.0,14635.0,1.0,73175.0,2042
2023-05-10 21:15:37,ss2312,ss2312,14635.0,0.0,0.0,0.0,3,14605.0,14645.0,1,14705.0,14635.0,14635.0,14635.0,1.0,73175.0,2042
2023-05-10 21:15:37,ss2312,ss2312,14635.0,0.0,0.0,0.0,3,14605.0,14640.0,1,14705.0,14635.0,14635.0,14635.0,1.0,73175.0,2042
2023-05-10 21:15:38,ss2312,ss2312,14635.0,0.0,0.0,0.0,2,14605.0,14640.0,1,14705.0,14635.0,14635.0,14635.0,1.0,73175.0,2042
2023-05-10 21:15:38,ss2312,ss2312,14635.0,0.0,0.0,0.0,2,14605.0,14635.0,1,14705.0,14635.0,14635.0,14635.0,1.0,73175.0,2042
2023-05-10 21:15:39,ss2312,ss2312,14635.0,0.0,0.0,0.0,2,14605.0,14635.0,1,14705.0,14635.0,14635.0,14635.0,1.0,73175.0,2042
2023-05-10 21:15:40,ss2312,ss2312,14635.0,0.0,0.0,0.0,2,14605.0,14640.0,1,14705.0,14635.0,14635.0,14635.0,1.0,73175.0,2042
2023-05-10 21:15:40,ss2312,ss2312,14635.0,0.0,0.0,0.0,2,14605.0,14630.0,1,14705.0,14635.0,14635.0,14635.0,1.0,73175.0,2042
2023-05-10 21:15:41,ss2312,ss2312,14635.0,0.0,0.0,0.0,2,14605.0,14635.0,1,14705.0,14635.0,14635.0,14635.0,1.0,73175.0,2042
2023-05-10 21:15:41,ss2312,ss2312,14635.0,0.0,0.0,0.0,1,14600.0,14635.0,1,14705.0,14635.0,14635.0,14635.0,1.0,73175.0,2042
2023-05-10 21:15:42,ss2312,ss2312,14635.0,0.0,0.0,0.0,1,14600.0,14630.0,1,14705.0,14635.0,14635.0,14635.0,1.0,73175.0,2042
2023-05-10 21:15:42,ss2312,ss2312,14635.0,0.0,0.0,0.0,1,14600.0,14630.0,1,14705.0,14635.0,14635.0,14635.0,1.0,73175.0,2042
2023-05-10 21:15:43,ss2312,ss2312,14635.0,0.0,0.0,0.0,1,14600.0,14635.0,1,14705.0,14635.0,14635.0,14635.0,1.0,73175.0,2042
2023-05-10 21:15:43,ss2312,ss2312,14635.0,0.0,0.0,0.0,1,14600.0,14640.0,1,14705.0,14635.0,14635.0,14635.0,1.0,73175.0,2042
2023-05-10 21:15:44,ss2312,ss2312,14635.0,0.0,0.0,0.0,1,14600.0,14640.0,2,14705.0,14635.0,14635.0,14635.0,1.0,73175.0,2042
2023-05-10 21:15:45,ss2312,ss2312,14635.0,0.0,0.0,0.0,1,14600.0,14635.0,1,14705.0,14635.0,14635.0,14635.0,1.0,73175.0,2042
2023-05-10 21:15:45,ss2312,ss2312,14635.0,0.0,0.0,0.0,1,14600.0,14630.0,1,14705.0,14635.0,14635.0,14635.0,1.0,73175.0,2042
2023-05-10 21:15:46,ss2312,ss2312,14635.0,0.0,0.0,0.0,1,14600.0,14630.0,1,14705.0,14635.0,14635.0,14635.0,1.0,73175.0,2042
2023-05-10 21:15:47,ss2312,ss2312,14635.0,0.0,0.0,0.0,1,14600.0,14635.0,1,14705.0,14635.0,14635.0,14635.0,1.0,73175.0,2042
2023-05-10 21:15:47,ss2312,ss2312,14635.0,0.0,0.0,0.0,1,14600.0,14635.0,2,14705.0,14635.0,14635.0,14635.0,1.0,73175.0,2042
2023-05-10 21:15:57,ss2312,ss2312,14635.0,0.0,0.0,0.0,1,14600.0,14635.0,1,14705.0,14635.0,14635.0,14635.0,1.0,73175.0,2042
2023-05-10 21:16:02,ss2312,ss2312,14635.0,0.0,0.0,0.0,1,14600.0,14635.0,2,14705.0,14635.0,14635.0,14635.0,1.0,73175.0,2042
2023-05-10 21:16:04,ss2312,ss2312,14635.0,0.0,0.0,0.0,1,14600.0,14630.0,1,14705.0,14635.0,14635.0,14635.0,1.0,73175.0,2042
2023-05-10 21:16:05,ss2312,ss2312,14635.0,0.0,0.0,0.0,1,14600.0,14625.0,1,14705.0,14635.0,14635.0,14635.0,1.0,73175.0,2042
2023-05-10 21:16:05,ss2312,ss2312,14635.0,0.0,0.0,0.0,1,14600.0,14630.0,1,14705.0,14635.0,14635.0,14635.0,1.0,73175.0,2042
2023-05-10 21:16:06,ss2312,ss2312,14635.0,0.0,0.0,0.0,1,14600.0,14630.0,2,14705.0,14635.0,14635.0,14635.0,1.0,73175.0,2042
2023-05-10 21:16:35,ss2312,ss2312,14635.0,0.0,0.0,0.0,1,14600.0,14630.0,1,14705.0,14635.0,14635.0,14635.0,1.0,73175.0,2042
2023-05-10 21:16:43,ss2312,ss2312,14635.0,0.0,0.0,0.0,1,14600.0,14660.0,1,14705.0,14635.0,14635.0,14635.0,1.0,73175.0,2042
2023-05-10 21:16:43,ss2312,ss2312,14635.0,0.0,0.0,0.0,1,14600.0,14655.0,1,14705.0,14635.0,14635.0,14635.0,1.0,73175.0,2042
2023-05-10 21:16:44,ss2312,ss2312,14635.0,0.0,0.0,0.0,1,14600.0,14650.0,1,14705.0,14635.0,14635.0,14635.0,1.0,73175.0,2042
2023-05-10 21:16:44,ss2312,ss2312,14635.0,0.0,0.0,0.0,1,14600.0,14645.0,1,14705.0,14635.0,14635.0,14635.0,1.0,73175.0,2042
2023-05-10 21:16:45,ss2312,ss2312,14635.0,0.0,0.0,0.0,1,14600.0,14640.0,1,14705.0,14635.0,14635.0,14635.0,1.0,73175.0,2042
2023-05-10 21:16:45,ss2312,ss2312,14635.0,0.0,0.0,0.0,1,14600.0,14635.0,1,14705.0,14635.0,14635.0,14635.0,1.0,73175.0,2042
2023-05-10 21:16:46,ss2312,ss2312,14635.0,0.0,0.0,0.0,1,14600.0,14630.0,1,14705.0,14635.0,14635.0,14635.0,1.0,73175.0,2042
2023-05-10 21:16:46,ss2312,ss2312,14635.0,0.0,0.0,0.0,1,14600.0,14630.0,1,14705.0,14635.0,14635.0,14635.0,1.0,73175.0,2042
2023-05-10 21:16:48,ss2312,ss2312,14635.0,0.0,0.0,0.0,1,14600.0,14650.0,1,14705.0,14635.0,14635.0,14635.0,1.0,73175.0,2042
2023-05-10 21:16:48,ss2312,ss2312,14635.0,0.0,0.0,0.0,1,14600.0,14645.0,1,14705.0,14635.0,14635.0,14635.0,1.0,73175.0,2042
2023-05-10 21:16:49,ss2312,ss2312,14635.0,0.0,0.0,0.0,1,14600.0,14640.0,1,14705.0,14635.0,14635.0,14635.0,1.0,73175.0,2042
2023-05-10 21:16:49,ss2312,ss2312,14635.0,0.0,0.0,0.0,1,14600.0,14640.0,2,14705.0,14635.0,14635.0,14635.0,1.0,73175.0,2042
2023-05-10 21:16:50,ss2312,ss2312,14635.0,0.0,0.0,0.0,1,14600.0,14635.0,1,14705.0,14635.0,14635.0,14635.0,1.0,73175.0,2042
2023-05-10 21:16:50,ss2312,ss2312,14635.0,0.0,0.0,0.0,1,14600.0,14630.0,1,14705.0,14635.0,14635.0,14635.0,1.0,73175.0,2042
2023-05-10 21:16:51,ss2312,ss2312,14635.0,0.0,0.0,0.0,1,14600.0,14635.0,1,14705.0,14635.0,14635.0,14635.0,1.0,73175.0,2042
2023-05-10 21:16:51,ss2312,ss2312,14635.0,0.0,0.0,0.0,1,14600.0,14635.0,1,14705.0,14635.0,14635.0,14635.0,1.0,73175.0,2042
2023-05-10 21:16:52,ss2312,ss2312,14635.0,0.0,0.0,0.0,1,14600.0,14630.0,1,14705.0,14635.0,14635.0,14635.0,1.0,73175.0,2042
2023-05-10 21:16:53,ss2312,ss2312,14635.0,0.0,0.0,0.0,1,14600.0,14630.0,1,14705.0,14635.0,14635.0,14635.0,1.0,73175.0,2042
2023-05-10 21:16:54,ss2312,ss2312,14635.0,0.0,0.0,0.0,1,14600.0,14650.0,1,14705.0,14635.0,14635.0,14635.0,1.0,73175.0,2042
2023-05-10 21:16:54,ss2312,ss2312,14635.0,0.0,0.0,0.0,1,14600.0,14645.0,1,14705.0,14635.0,14635.0,14635.0,1.0,73175.0,2042
2023-05-10 21:16:55,ss2312,ss2312,14635.0,0.0,0.0,0.0,1,14600.0,14645.0,3,14705.0,14635.0,14635.0,14635.0,1.0,73175.0,2042
2023-05-10 21:16:55,ss2312,ss2312,14635.0,0.0,0.0,0.0,1,14600.0,14640.0,1,14705.0,14635.0,14635.0,14635.0,1.0,73175.0,2042
2023-05-10 21:16:56,ss2312,ss2312,14635.0,0.0,0.0,0.0,1,14600.0,14635.0,1,14705.0,14635.0,14635.0,14635.0,1.0,73175.0,2042
2023-05-10 21:16:56,ss2312,ss2312,14635.0,0.0,0.0,0.0,1,14600.0,14635.0,1,14705.0,14635.0,14635.0,14635.0,1.0,73175.0,2042
2023-05-10 21:16:57,ss2312,ss2312,14635.0,0.0,0.0,0.0,1,14600.0,14630.0,1,14705.0,14635.0,14635.0,14635.0,1.0,73175.0,2042
2023-05-10 21:16:58,ss2312,ss2312,14635.0,0.0,0.0,0.0,1,14600.0,14640.0,1,14705.0,14635.0,14635.0,14635.0,1.0,73175.0,2042
2023-05-10 21:16:58,ss2312,ss2312,14635.0,0.0,0.0,0.0,1,14600.0,14630.0,1,14705.0,14635.0,14635.0,14635.0,1.0,73175.0,2042
2023-05-10 21:16:59,ss2312,ss2312,14635.0,0.0,0.0,0.0,1,14600.0,14630.0,1,14705.0,14635.0,14635.0,14635.0,1.0,73175.0,2042
2023-05-10 21:17:00,ss2312,ss2312,14635.0,0.0,0.0,0.0,1,14600.0,14650.0,1,14705.0,14635.0,14635.0,14635.0,1.0,73175.0,2042
2023-05-10 21:17:00,ss2312,ss2312,14635.0,0.0,0.0,0.0,1,14600.0,14645.0,1,14705.0,14635.0,14635.0,14635.0,1.0,73175.0,2042
2023-05-10 21:17:01,ss2312,ss2312,14635.0,0.0,0.0,0.0,1,14600.0,14640.0,1,14705.0,14635.0,14635.0,14635.0,1.0,73175.0,2042
2023-05-10 21:17:01,ss2312,ss2312,14635.0,0.0,0.0,0.0,1,14600.0,14635.0,1,14705.0,14635.0,14635.0,14635.0,1.0,73175.0,2042
2023-05-10 21:17:02,ss2312,ss2312,14635.0,0.0,0.0,0.0,1,14600.0,14630.0,1,14705.0,14635.0,14635.0,14635.0,1.0,73175.0,2042
2023-05-10 21:17:02,ss2312,ss2312,14635.0,0.0,0.0,0.0,1,14600.0,14630.0,1,14705.0,14635.0,14635.0,14635.0,1.0,73175.0,2042
2023-05-10 21:17:03,ss2312,ss2312,14635.0,0.0,0.0,0.0,1,14600.0,14650.0,1,14705.0,14635.0,14635.0,14635.0,1.0,73175.0,2042
2023-05-10 21:17:03,ss2312,ss2312,14635.0,0.0,0.0,0.0,1,14600.0,14645.0,1,14705.0,14635.0,14635.0,14635.0,1.0,73175.0,2042
2023-05-10 21:17:04,ss2312,ss2312,14635.0,0.0,0.0,0.0,1,14600.0,14645.0,3,14705.0,14635.0,14635.0,14635.0,1.0,73175.0,2042
2023-05-10 21:17:04,ss2312,ss2312,14635.0,0.0,0.0,0.0,1,14600.0,14640.0,1,14705.0,14635.0,14635.0,14635.0,1.0,73175.0,2042
2023-05-10 21:17:05,ss2312,ss2312,14635.0,0.0,0.0,0.0,1,14600.0,14635.0,1,14705.0,14635.0,14635.0,14635.0,1.0,73175.0,2042
2023-05-10 21:17:05,ss2312,ss2312,14635.0,0.0,0.0,0.0,1,14600.0,14635.0,1,14705.0,14635.0,14635.0,14635.0,1.0,73175.0,2042
2023-05-10 21:17:06,ss2312,ss2312,14635.0,0.0,0.0,0.0,1,14600.0,14630.0,1,14705.0,14635.0,14635.0,14635.0,1.0,73175.0,2042
2023-05-10 21:17:06,ss2312,ss2312,14635.0,0.0,0.0,0.0,1,14600.0,14630.0,1,14705.0,14635.0,14635.0,14635.0,1.0,73175.0,2042
2023-05-10 21:17:07,ss2312,ss2312,14635.0,0.0,0.0,0.0,2,14605.0,14630.0,1,14705.0,14635.0,14635.0,14635.0,1.0,73175.0,2042
2023-05-10 21:17:09,ss2312,ss2312,14635.0,0.0,0.0,0.0,1,14600.0,14650.0,1,14705.0,14635.0,14635.0,14635.0,1.0,73175.0,2042
2023-05-10 21:17:09,ss2312,ss2312,14635.0,0.0,0.0,0.0,1,14600.0,14645.0,1,14705.0,14635.0,14635.0,14635.0,1.0,73175.0,2042
2023-05-10 21:17:10,ss2312,ss2312,14635.0,0.0,0.0,0.0,1,14600.0,14640.0,1,14705.0,14635.0,14635.0,14635.0,1.0,73175.0,2042
2023-05-10 21:17:10,ss2312,ss2312,14635.0,0.0,0.0,0.0,1,14600.0,14635.0,1,14705.0,14635.0,14635.0,14635.0,1.0,73175.0,2042
2023-05-10 21:17:11,ss2312,ss2312,14635.0,0.0,0.0,0.0,1,14600.0,14630.0,1,14705.0,14635.0,14635.0,14635.0,1.0,73175.0,2042
2023-05-10 21:17:11,ss2312,ss2312,14635.0,0.0,0.0,0.0,1,14600.0,14630.0,2,14705.0,14635.0,14635.0,14635.0,1.0,73175.0,2042
2023-05-10 21:17:21,ss2312,ss2312,14635.0,0.0,0.0,0.0,1,14600.0,14630.0,1,14705.0,14635.0,14635.0,14635.0,1.0,73175.0,2042
2023-05-10 21:17:22,ss2312,ss2312,14635.0,0.0,0.0,0.0,1,14600.0,14635.0,1,14705.0,14635.0,14635.0,14635.0,1.0,73175.0,2042
2023-05-10 21:17:22,ss2312,ss2312,14635.0,0.0,0.0,0.0,1,14600.0,14630.0,1,14705.0,14635.0,14635.0,14635.0,1.0,73175.0,2042
2023-05-10 21:17:23,ss2312,ss2312,14635.0,0.0,0.0,0.0,1,14600.0,14625.0,1,14705.0,14635.0,14635.0,14635.0,1.0,73175.0,2042
2023-05-10 21:17:23,ss2312,ss2312,14635.0,0.0,0.0,0.0,1,14600.0,14625.0,1,14705.0,14635.0,14635.0,14635.0,1.0,73175.0,2042
2023-05-10 21:17:26,ss2312,ss2312,14635.0,0.0,0.0,0.0,1,14600.0,14630.0,1,14705.0,14635.0,14635.0,14635.0,1.0,73175.0,2042
2023-05-10 21:17:26,ss2312,ss2312,14635.0,0.0,0.0,0.0,1,14600.0,14630.0,2,14705.0,14635.0,14635.0,14635.0,1.0,73175.0,2042
2023-05-10 21:17:33,ss2312,ss2312,14635.0,0.0,0.0,0.0,1,14600.0,14630.0,2,14705.0,14635.0,14635.0,14635.0,1.0,73175.0,2042
2023-05-10 21:17:35,ss2312,ss2312,14635.0,0.0,0.0,0.0,1,14600.0,14630.0,1,14705.0,14635.0,14635.0,14635.0,1.0,73175.0,2042
2023-05-10 21:17:43,ss2312,ss2312,14635.0,0.0,0.0,0.0,1,14600.0,14635.0,1,14705.0,14635.0,14635.0,14635.0,1.0,73175.0,2042
2023-05-10 21:17:44,ss2312,ss2312,14635.0,0.0,0.0,0.0,1,14600.0,14635.0,2,14705.0,14635.0,14635.0,14635.0,1.0,73175.0,2042
2023-05-10 21:17:48,ss2312,ss2312,14635.0,0.0,0.0,0.0,1,14600.0,14630.0,1,14705.0,14635.0,14635.0,14635.0,1.0,73175.0,2042
2023-05-10 21:17:49,ss2312,ss2312,14635.0,0.0,0.0,0.0,2,14605.0,14625.0,1,14705.0,14635.0,14635.0,14635.0,1.0,73175.0,2042
2023-05-10 21:17:49,ss2312,ss2312,14635.0,0.0,0.0,0.0,2,14605.0,14630.0,1,14705.0,14635.0,14635.0,14635.0,1.0,73175.0,2042
2023-05-10 21:17:50,ss2312,ss2312,14635.0,0.0,0.0,0.0,2,14605.0,14630.0,1,14705.0,14635.0,14635.0,14635.0,1.0,73175.0,2042
2023-05-10 21:17:50,ss2312,ss2312,14635.0,0.0,0.0,0.0,2,14605.0,14625.0,1,14705.0,14635.0,14635.0,14635.0,1.0,73175.0,2042
2023-05-10 21:17:51,ss2312,ss2312,14635.0,0.0,0.0,0.0,1,14600.0,14630.0,1,14705.0,14635.0,14635.0,14635.0,1.0,73175.0,2042
2023-05-10 21:17:51,ss2312,ss2312,14635.0,0.0,0.0,0.0,1,14600.0,14630.0,2,14705.0,14635.0,14635.0,14635.0,1.0,73175.0,2042
2023-05-10 21:17:56,ss2312,ss2312,14635.0,0.0,0.0,0.0,1,14600.0,14630.0,1,14705.0,14635.0,14635.0,14635.0,1.0,73175.0,2042
2023-05-10 21:17:57,ss2312,ss2312,14635.0,0.0,0.0,0.0,1,14600.0,14660.0,1,14705.0,14635.0,14635.0,14635.0,1.0,73175.0,2042
2023-05-10 21:17:57,ss2312,ss2312,14635.0,0.0,0.0,0.0,1,14600.0,14655.0,1,14705.0,14635.0,14635.0,14635.0,1.0,73175.0,2042
2023-05-10 21:17:58,ss2312,ss2312,14635.0,0.0,0.0,0.0,1,14600.0,14650.0,1,14705.0,14635.0,14635.0,14635.0,1.0,73175.0,2042
2023-05-10 21:17:58,ss2312,ss2312,14635.0,0.0,0.0,0.0,1,14600.0,14645.0,1,14705.0,14635.0,14635.0,14635.0,1.0,73175.0,2042
2023-05-10 21:17:59,ss2312,ss2312,14635.0,0.0,0.0,0.0,1,14600.0,14640.0,1,14705.0,14635.0,14635.0,14635.0,1.0,73175.0,2042
2023-05-10 21:17:59,ss2312,ss2312,14635.0,0.0,0.0,0.0,1,14600.0,14640.0,2,14705.0,14635.0,14635.0,14635.0,1.0,73175.0,2042
2023-05-10 21:18:01,ss2312,ss2312,14635.0,0.0,0.0,0.0,1,14600.0,14640.0,2,14705.0,14635.0,14635.0,14635.0,1.0,73175.0,2042
2023-05-10 21:18:02,ss2312,ss2312,14635.0,0.0,0.0,0.0,1,14600.0,14635.0,1,14705.0,14635.0,14635.0,14635.0,1.0,73175.0,2042
2023-05-10 21:18:03,ss2312,ss2312,14635.0,0.0,0.0,0.0,1,14600.0,14630.0,1,14705.0,14635.0,14635.0,14635.0,1.0,73175.0,2042
2023-05-10 21:18:03,ss2312,ss2312,14635.0,0.0,0.0,0.0,1,14600.0,14635.0,1,14705.0,14635.0,14635.0,14635.0,1.0,73175.0,2042
2023-05-10 21:18:04,ss2312,ss2312,14635.0,0.0,0.0,0.0,1,14600.0,14640.0,1,14705.0,14635.0,14635.0,14635.0,1.0,73175.0,2042
2023-05-10 21:18:05,ss2312,ss2312,14635.0,0.0,0.0,0.0,1,14600.0,14640.0,2,14705.0,14635.0,14635.0,14635.0,1.0,73175.0,2042
2023-05-10 21:18:06,ss2312,ss2312,14635.0,0.0,0.0,0.0,1,14600.0,14635.0,1,14705.0,14635.0,14635.0,14635.0,1.0,73175.0,2042
2023-05-10 21:18:07,ss2312,ss2312,14635.0,0.0,0.0,0.0,1,14600.0,14630.0,1,14705.0,14635.0,14635.0,14635.0,1.0,73175.0,2042
2023-05-10 21:18:07,ss2312,ss2312,14635.0,0.0,0.0,0.0,1,14600.0,14630.0,1,14705.0,14635.0,14635.0,14635.0,1.0,73175.0,2042
2023-05-10 21:18:08,ss2312,ss2312,14635.0,0.0,0.0,0.0,1,14600.0,14635.0,1,14705.0,14635.0,14635.0,14635.0,1.0,73175.0,2042
2023-05-10 21:18:08,ss2312,ss2312,14635.0,0.0,0.0,0.0,1,14600.0,14635.0,2,14705.0,14635.0,14635.0,14635.0,1.0,73175.0,2042
2023-05-10 21:18:31,ss2312,ss2312,14635.0,0.0,0.0,0.0,2,14605.0,14635.0,2,14705.0,14635.0,14635.0,14635.0,1.0,73175.0,2042
2023-05-10 21:18:50,ss2312,ss2312,14635.0,0.0,0.0,0.0,2,14605.0,14635.0,1,14705.0,14635.0,14635.0,14635.0,1.0,73175.0,2042
2023-05-10 21:19:01,ss2312,ss2312,14635.0,0.0,0.0,0.0,2,14605.0,14660.0,1,14705.0,14635.0,14635.0,14635.0,1.0,73175.0,2042
2023-05-10 21:19:01,ss2312,ss2312,14635.0,0.0,0.0,0.0,2,14605.0,14655.0,1,14705.0,14635.0,14635.0,14635.0,1.0,73175.0,2042
2023-05-10 21:19:02,ss2312,ss2312,14635.0,0.0,0.0,0.0,2,14605.0,14650.0,1,14705.0,14635.0,14635.0,14635.0,1.0,73175.0,2042
2023-05-10 21:19:02,ss2312,ss2312,14635.0,0.0,0.0,0.0,2,14605.0,14645.0,1,14705.0,14635.0,14635.0,14635.0,1.0,73175.0,2042
2023-05-10 21:19:03,ss2312,ss2312,14635.0,0.0,0.0,0.0,2,14605.0,14640.0,1,14705.0,14635.0,14635.0,14635.0,1.0,73175.0,2042
2023-05-10 21:19:03,ss2312,ss2312,14635.0,0.0,0.0,0.0,2,14605.0,14640.0,1,14705.0,14635.0,14635.0,14635.0,1.0,73175.0,2042
2023-05-10 21:19:04,ss2312,ss2312,14635.0,0.0,0.0,0.0,2,14605.0,14635.0,1,14705.0,14635.0,14635.0,14635.0,1.0,73175.0,2042
2023-05-10 21:19:04,ss2312,ss2312,14635.0,0.0,0.0,0.0,2,14605.0,14640.0,1,14705.0,14635.0,14635.0,14635.0,1.0,73175.0,2042
2023-05-10 21:19:05,ss2312,ss2312,14635.0,0.0,0.0,0.0,2,14605.0,14660.0,1,14705.0,14635.0,14635.0,14635.0,1.0,73175.0,2042
2023-05-10 21:19:05,ss2312,ss2312,14635.0,0.0,0.0,0.0,2,14605.0,14655.0,1,14705.0,14635.0,14635.0,14635.0,1.0,73175.0,2042
2023-05-10 21:19:06,ss2312,ss2312,14635.0,0.0,0.0,0.0,2,14605.0,14655.0,3,14705.0,14635.0,14635.0,14635.0,1.0,73175.0,2042
2023-05-10 21:19:06,ss2312,ss2312,14635.0,0.0,0.0,0.0,2,14605.0,14650.0,1,14705.0,14635.0,14635.0,14635.0,1.0,73175.0,2042
2023-05-10 21:19:07,ss2312,ss2312,14635.0,0.0,0.0,0.0,2,14605.0,14645.0,1,14705.0,14635.0,14635.0,14635.0,1.0,73175.0,2042
2023-05-10 21:19:07,ss2312,ss2312,14635.0,0.0,0.0,0.0,2,14605.0,14640.0,1,14705.0,14635.0,14635.0,14635.0,1.0,73175.0,2042
2023-05-10 21:19:08,ss2312,ss2312,14635.0,0.0,0.0,0.0,2,14605.0,14640.0,1,14705.0,14635.0,14635.0,14635.0,1.0,73175.0,2042
2023-05-10 21:19:08,ss2312,ss2312,14635.0,0.0,0.0,0.0,2,14605.0,14660.0,1,14705.0,14635.0,14635.0,14635.0,1.0,73175.0,2042
2023-05-10 21:19:09,ss2312,ss2312,14635.0,0.0,0.0,0.0,2,14605.0,14655.0,1,14705.0,14635.0,14635.0,14635.0,1.0,73175.0,2042
2023-05-10 21:19:09,ss2312,ss2312,14635.0,0.0,0.0,0.0,2,14605.0,14650.0,1,14705.0,14635.0,14635.0,14635.0,1.0,73175.0,2042
2023-05-10 21:19:10,ss2312,ss2312,14635.0,0.0,0.0,0.0,2,14605.0,14645.0,1,14705.0,14635.0,14635.0,14635.0,1.0,73175.0,2042
2023-05-10 21:19:10,ss2312,ss2312,14635.0,0.0,0.0,0.0,2,14605.0,14640.0,1,14705.0,14635.0,14635.0,14635.0,1.0,73175.0,2042
2023-05-10 21:19:11,ss2312,ss2312,14635.0,0.0,0.0,0.0,2,14605.0,14645.0,1,14705.0,14635.0,14635.0,14635.0,1.0,73175.0,2042
2023-05-10 21:19:11,ss2312,ss2312,14635.0,0.0,0.0,0.0,2,14605.0,14645.0,1,14705.0,14635.0,14635.0,14635.0,1.0,73175.0,2042
2023-05-10 21:19:12,ss2312,ss2312,14635.0,0.0,0.0,0.0,2,14605.0,14640.0,1,14705.0,14635.0,14635.0,14635.0,1.0,73175.0,2042
2023-05-10 21:19:12,ss2312,ss2312,14635.0,0.0,0.0,0.0,2,14605.0,14640.0,1,14705.0,14635.0,14635.0,14635.0,1.0,73175.0,2042
2023-05-10 21:19:13,ss2312,ss2312,14635.0,0.0,0.0,0.0,2,14605.0,14660.0,1,14705.0,14635.0,14635.0,14635.0,1.0,73175.0,2042
2023-05-10 21:19:13,ss2312,ss2312,14635.0,0.0,0.0,0.0,2,14605.0,14655.0,1,14705.0,14635.0,14635.0,14635.0,1.0,73175.0,2042
2023-05-10 21:19:14,ss2312,ss2312,14635.0,0.0,0.0,0.0,2,14605.0,14650.0,1,14705.0,14635.0,14635.0,14635.0,1.0,73175.0,2042
2023-05-10 21:19:14,ss2312,ss2312,14635.0,0.0,0.0,0.0,2,14605.0,14645.0,1,14705.0,14635.0,14635.0,14635.0,1.0,73175.0,2042
2023-05-10 21:19:15,ss2312,ss2312,14635.0,0.0,0.0,0.0,2,14605.0,14640.0,1,14705.0,14635.0,14635.0,14635.0,1.0,73175.0,2042
2023-05-10 21:19:15,ss2312,ss2312,14635.0,0.0,0.0,0.0,2,14605.0,14640.0,1,14705.0,14635.0,14635.0,14635.0,1.0,73175.0,2042
2023-05-10 21:19:16,ss2312,ss2312,14635.0,0.0,0.0,0.0,2,14605.0,14660.0,1,14705.0,14635.0,14635.0,14635.0,1.0,73175.0,2042
2023-05-10 21:19:17,ss2312,ss2312,14635.0,0.0,0.0,0.0,2,14605.0,14655.0,1,14705.0,14635.0,14635.0,14635.0,1.0,73175.0,2042
2023-05-10 21:19:17,ss2312,ss2312,14635.0,0.0,0.0,0.0,2,14605.0,14650.0,1,14705.0,14635.0,14635.0,14635.0,1.0,73175.0,2042
2023-05-10 21:19:18,ss2312,ss2312,14635.0,0.0,0.0,0.0,2,14605.0,14645.0,1,14705.0,14635.0,14635.0,14635.0,1.0,73175.0,2042
2023-05-10 21:19:18,ss2312,ss2312,14635.0,0.0,0.0,0.0,2,14605.0,14645.0,1,14705.0,14635.0,14635.0,14635.0,1.0,73175.0,2042
2023-05-10 21:19:19,ss2312,ss2312,14635.0,0.0,0.0,0.0,2,14605.0,14640.0,1,14705.0,14635.0,14635.0,14635.0,1.0,73175.0,2042
2023-05-10 21:19:20,ss2312,ss2312,14635.0,0.0,0.0,0.0,2,14605.0,14645.0,1,14705.0,14635.0,14635.0,14635.0,1.0,73175.0,2042
2023-05-10 21:19:20,ss2312,ss2312,14635.0,0.0,0.0,0.0,2,14605.0,14645.0,1,14705.0,14635.0,14635.0,14635.0,1.0,73175.0,2042
2023-05-10 21:19:21,ss2312,ss2312,14635.0,0.0,0.0,0.0,2,14605.0,14645.0,1,14705.0,14635.0,14635.0,14635.0,1.0,73175.0,2042
2023-05-10 21:19:22,ss2312,ss2312,14635.0,0.0,0.0,0.0,2,14605.0,14640.0,1,14705.0,14635.0,14635.0,14635.0,1.0,73175.0,2042
2023-05-10 21:19:22,ss2312,ss2312,14635.0,0.0,0.0,0.0,2,14605.0,14640.0,2,14705.0,14635.0,14635.0,14635.0,1.0,73175.0,2042
2023-05-10 21:19:48,ss2312,ss2312,14635.0,0.0,0.0,0.0,2,14605.0,14640.0,1,14705.0,14635.0,14635.0,14635.0,1.0,73175.0,2042
2023-05-10 21:19:48,ss2312,ss2312,14635.0,0.0,0.0,0.0,2,14605.0,14660.0,1,14705.0,14635.0,14635.0,14635.0,1.0,73175.0,2042
2023-05-10 21:19:49,ss2312,ss2312,14635.0,0.0,0.0,0.0,2,14605.0,14655.0,1,14705.0,14635.0,14635.0,14635.0,1.0,73175.0,2042
2023-05-10 21:19:49,ss2312,ss2312,14635.0,0.0,0.0,0.0,2,14605.0,14650.0,1,14705.0,14635.0,14635.0,14635.0,1.0,73175.0,2042
2023-05-10 21:19:50,ss2312,ss2312,14635.0,0.0,0.0,0.0,2,14605.0,14645.0,1,14705.0,14635.0,14635.0,14635.0,1.0,73175.0,2042
2023-05-10 21:19:50,ss2312,ss2312,14635.0,0.0,0.0,0.0,2,14605.0,14640.0,1,14705.0,14635.0,14635.0,14635.0,1.0,73175.0,2042
2023-05-10 21:19:51,ss2312,ss2312,14635.0,0.0,0.0,0.0,2,14605.0,14640.0,2,14705.0,14635.0,14635.0,14635.0,1.0,73175.0,2042
2023-05-10 21:21:28,ss2312,ss2312,14635.0,0.0,0.0,0.0,2,14605.0,14635.0,1,14705.0,14635.0,14635.0,14635.0,1.0,73175.0,2042
2023-05-10 21:21:28,ss2312,ss2312,14635.0,0.0,0.0,0.0,2,14605.0,14630.0,1,14705.0,14635.0,14635.0,14635.0,1.0,73175.0,2042
2023-05-10 21:21:29,ss2312,ss2312,14635.0,0.0,0.0,0.0,1,14600.0,14630.0,1,14705.0,14635.0,14635.0,14635.0,1.0,73175.0,2042
2023-05-10 21:21:30,ss2312,ss2312,14635.0,0.0,0.0,0.0,1,14600.0,14635.0,1,14705.0,14635.0,14635.0,14635.0,1.0,73175.0,2042
2023-05-10 21:21:34,ss2312,ss2312,14635.0,0.0,0.0,0.0,1,14600.0,14635.0,2,14705.0,14635.0,14635.0,14635.0,1.0,73175.0,2042
2023-05-10 21:21:35,ss2312,ss2312,14635.0,0.0,0.0,0.0,1,14600.0,14635.0,1,14705.0,14635.0,14635.0,14635.0,1.0,73175.0,2042
2023-05-10 21:22:00,ss2312,ss2312,14635.0,0.0,0.0,0.0,2,14605.0,14635.0,1,14705.0,14635.0,14635.0,14635.0,1.0,73175.0,2042
2023-05-10 21:22:20,ss2312,ss2312,14635.0,0.0,0.0,0.0,2,14605.0,14635.0,2,14705.0,14635.0,14635.0,14635.0,1.0,73175.0,2042
2023-05-10 21:22:34,ss2312,ss2312,14635.0,0.0,0.0,0.0,2,14605.0,14635.0,2,14705.0,14635.0,14635.0,14635.0,1.0,73175.0,2042
2023-05-10 21:22:34,ss2312,ss2312,14635.0,0.0,0.0,0.0,2,14605.0,14630.0,1,14705.0,14635.0,14635.0,14635.0,1.0,73175.0,2042
2023-05-10 21:22:35,ss2312,ss2312,14635.0,0.0,0.0,0.0,1,14600.0,14625.0,1,14705.0,14635.0,14635.0,14635.0,1.0,73175.0,2042
2023-05-10 21:22:35,ss2312,ss2312,14635.0,0.0,0.0,0.0,1,14600.0,14625.0,1,14705.0,14635.0,14635.0,14635.0,1.0,73175.0,2042
2023-05-10 21:22:36,ss2312,ss2312,14635.0,0.0,0.0,0.0,1,14600.0,14630.0,1,14705.0,14635.0,14635.0,14635.0,1.0,73175.0,2042
2023-05-10 21:22:37,ss2312,ss2312,14635.0,0.0,0.0,0.0,1,14600.0,14620.0,1,14705.0,14635.0,14635.0,14635.0,1.0,73175.0,2042
2023-05-10 21:22:37,ss2312,ss2312,14635.0,0.0,0.0,0.0,1,14600.0,14620.0,1,14705.0,14635.0,14635.0,14635.0,1.0,73175.0,2042
2023-05-10 21:22:38,ss2312,ss2312,14635.0,0.0,0.0,0.0,1,14600.0,14625.0,1,14705.0,14635.0,14635.0,14635.0,1.0,73175.0,2042
2023-05-10 21:22:43,ss2312,ss2312,14635.0,0.0,0.0,0.0,1,14600.0,14630.0,1,14705.0,14635.0,14635.0,14635.0,1.0,73175.0,2042
2023-05-10 21:22:46,ss2312,ss2312,14635.0,0.0,0.0,0.0,1,14600.0,14630.0,2,14705.0,14635.0,14635.0,14635.0,1.0,73175.0,2042
2023-05-10 21:22:47,ss2312,ss2312,14635.0,0.0,0.0,0.0,1,14600.0,14630.0,1,14705.0,14635.0,14635.0,14635.0,1.0,73175.0,2042
2023-05-10 21:22:48,ss2312,ss2312,14635.0,0.0,0.0,0.0,1,14600.0,14630.0,2,14705.0,14635.0,14635.0,14635.0,1.0,73175.0,2042
2023-05-10 21:23:01,ss2312,ss2312,14635.0,0.0,0.0,0.0,1,14600.0,14630.0,2,14705.0,14635.0,14635.0,14635.0,1.0,73175.0,2042
2023-05-10 21:23:02,ss2312,ss2312,14635.0,0.0,0.0,0.0,1,14600.0,14625.0,1,14705.0,14635.0,14635.0,14635.0,1.0,73175.0,2042
2023-05-10 21:23:02,ss2312,ss2312,14635.0,0.0,0.0,0.0,1,14600.0,14620.0,1,14705.0,14635.0,14635.0,14635.0,1.0,73175.0,2042
2023-05-10 21:23:03,ss2312,ss2312,14635.0,0.0,0.0,0.0,1,14600.0,14625.0,1,14705.0,14635.0,14635.0,14635.0,1.0,73175.0,2042
2023-05-10 21:23:04,ss2312,ss2312,14635.0,0.0,0.0,0.0,1,14600.0,14620.0,1,14705.0,14635.0,14635.0,14635.0,1.0,73175.0,2042
2023-05-10 21:23:04,ss2312,ss2312,14635.0,0.0,0.0,0.0,1,14600.0,14620.0,1,14705.0,14635.0,14635.0,14635.0,1.0,73175.0,2042
2023-05-10 21:23:05,ss2312,ss2312,14635.0,0.0,0.0,0.0,1,14600.0,14625.0,1,14705.0,14635.0,14635.0,14635.0,1.0,73175.0,2042
2023-05-10 21:23:05,ss2312,ss2312,14635.0,0.0,0.0,0.0,1,14600.0,14625.0,2,14705.0,14635.0,14635.0,14635.0,1.0,73175.0,2042
2023-05-10 21:23:17,ss2312,ss2312,14635.0,0.0,0.0,0.0,1,14600.0,14625.0,1,14705.0,14635.0,14635.0,14635.0,1.0,73175.0,2042
2023-05-10 21:23:18,ss2312,ss2312,14635.0,0.0,0.0,0.0,1,14600.0,14625.0,2,14705.0,14635.0,14635.0,14635.0,1.0,73175.0,2042
2023-05-10 21:23:19,ss2312,ss2312,14635.0,0.0,0.0,0.0,1,14600.0,14625.0,1,14705.0,14635.0,14635.0,14635.0,1.0,73175.0,2042
2023-05-10 21:23:19,ss2312,ss2312,14635.0,0.0,0.0,0.0,1,14600.0,14625.0,1,14705.0,14635.0,14635.0,14635.0,1.0,73175.0,2042
2023-05-10 21:23:20,ss2312,ss2312,14635.0,0.0,0.0,0.0,1,14600.0,14620.0,1,14705.0,14635.0,14635.0,14635.0,1.0,73175.0,2042
2023-05-10 21:23:20,ss2312,ss2312,14635.0,0.0,0.0,0.0,1,14600.0,14625.0,1,14705.0,14635.0,14635.0,14635.0,1.0,73175.0,2042
2023-05-10 21:23:21,ss2312,ss2312,14635.0,0.0,0.0,0.0,1,14600.0,14625.0,2,14705.0,14635.0,14635.0,14635.0,1.0,73175.0,2042
2023-05-10 21:23:25,ss2312,ss2312,14635.0,0.0,0.0,0.0,1,14600.0,14625.0,1,14705.0,14635.0,14635.0,14635.0,1.0,73175.0,2042
2023-05-10 21:23:26,ss2312,ss2312,14635.0,0.0,0.0,0.0,1,14600.0,14630.0,1,14705.0,14635.0,14635.0,14635.0,1.0,73175.0,2042
2023-05-10 21:23:27,ss2312,ss2312,14635.0,0.0,0.0,0.0,1,14600.0,14630.0,2,14705.0,14635.0,14635.0,14635.0,1.0,73175.0,2042
2023-05-10 21:23:56,ss2312,ss2312,14635.0,0.0,0.0,0.0,1,14600.0,14630.0,1,14705.0,14635.0,14635.0,14635.0,1.0,73175.0,2042
2023-05-10 21:24:01,ss2312,ss2312,14635.0,0.0,0.0,0.0,1,14600.0,14630.0,2,14705.0,14635.0,14635.0,14635.0,1.0,73175.0,2042
2023-05-10 21:24:07,ss2312,ss2312,14635.0,0.0,0.0,0.0,1,14600.0,14630.0,1,14705.0,14635.0,14635.0,14635.0,1.0,73175.0,2042
2023-05-10 21:24:08,ss2312,ss2312,14635.0,0.0,0.0,0.0,1,14600.0,14660.0,1,14705.0,14635.0,14635.0,14635.0,1.0,73175.0,2042
2023-05-10 21:24:09,ss2312,ss2312,14635.0,0.0,0.0,0.0,1,14600.0,14655.0,1,14705.0,14635.0,14635.0,14635.0,1.0,73175.0,2042
2023-05-10 21:24:09,ss2312,ss2312,14635.0,0.0,0.0,0.0,1,14600.0,14650.0,1,14705.0,14635.0,14635.0,14635.0,1.0,73175.0,2042
2023-05-10 21:24:10,ss2312,ss2312,14635.0,0.0,0.0,0.0,1,14600.0,14645.0,1,14705.0,14635.0,14635.0,14635.0,1.0,73175.0,2042
2023-05-10 21:24:10,ss2312,ss2312,14635.0,0.0,0.0,0.0,1,14600.0,14640.0,1,14705.0,14635.0,14635.0,14635.0,1.0,73175.0,2042
2023-05-10 21:24:11,ss2312,ss2312,14635.0,0.0,0.0,0.0,1,14600.0,14635.0,1,14705.0,14635.0,14635.0,14635.0,1.0,73175.0,2042
2023-05-10 21:24:11,ss2312,ss2312,14635.0,0.0,0.0,0.0,1,14600.0,14630.0,1,14705.0,14635.0,14635.0,14635.0,1.0,73175.0,2042
2023-05-10 21:24:12,ss2312,ss2312,14635.0,0.0,0.0,0.0,1,14600.0,14635.0,1,14705.0,14635.0,14635.0,14635.0,1.0,73175.0,2042
