time,symbol_id,symbol_name,last,trade_volume,trade_amount,open_interest_change,bv1,bp1,ap1,av1,yesterday_close,today_open,today_high,today_low,volume,amount,open_interest
2023-05-10 20:59:00,ss2404,ss2404,14410.0,0.0,0.0,0.0,1,14210.0,14680.0,1,14410.0,14365.0,0.0,0.0,0.0,0.0,133
2023-05-10 21:00:01,ss2404,ss2404,14410.0,0.0,0.0,0.0,1,14210.0,14680.0,1,14410.0,14365.0,0.0,0.0,0.0,0.0,133
2023-05-10 21:00:01,ss2404,ss2404,14410.0,0.0,0.0,0.0,1,14210.0,14675.0,1,14410.0,14365.0,0.0,0.0,0.0,0.0,133
2023-05-10 21:00:02,ss2404,ss2404,14410.0,0.0,0.0,0.0,1,14210.0,14675.0,5,14410.0,14365.0,0.0,0.0,0.0,0.0,133
2023-05-10 21:00:02,ss2404,ss2404,14410.0,0.0,0.0,0.0,1,14210.0,14675.0,6,14410.0,14365.0,0.0,0.0,0.0,0.0,133
2023-05-10 21:00:03,ss2404,ss2404,14410.0,0.0,0.0,0.0,1,14210.0,14675.0,6,14410.0,14365.0,0.0,0.0,0.0,0.0,133
2023-05-10 21:00:03,ss2404,ss2404,14410.0,0.0,0.0,0.0,1,14210.0,14670.0,2,14410.0,14365.0,0.0,0.0,0.0,0.0,133
2023-05-10 21:00:04,ss2404,ss2404,14410.0,0.0,0.0,0.0,1,14210.0,14670.0,2,14410.0,14365.0,0.0,0.0,0.0,0.0,133
2023-05-10 21:00:04,ss2404,ss2404,14410.0,0.0,0.0,0.0,1,14210.0,14665.0,1,14410.0,14365.0,0.0,0.0,0.0,0.0,133
2023-05-10 21:00:05,ss2404,ss2404,14410.0,0.0,0.0,0.0,1,14210.0,14665.0,1,14410.0,14365.0,0.0,0.0,0.0,0.0,133
2023-05-10 21:00:05,ss2404,ss2404,14410.0,0.0,0.0,0.0,1,14210.0,14660.0,2,14410.0,14365.0,0.0,0.0,0.0,0.0,133
2023-05-10 21:00:06,ss2404,ss2404,14410.0,0.0,0.0,0.0,1,14210.0,14655.0,1,14410.0,14365.0,0.0,0.0,0.0,0.0,133
2023-05-10 21:00:06,ss2404,ss2404,14410.0,0.0,0.0,0.0,1,14210.0,14650.0,1,14410.0,14365.0,0.0,0.0,0.0,0.0,133
2023-05-10 21:00:07,ss2404,ss2404,14410.0,0.0,0.0,0.0,1,14210.0,14640.0,1,14410.0,14365.0,0.0,0.0,0.0,0.0,133
2023-05-10 21:00:07,ss2404,ss2404,14410.0,0.0,0.0,0.0,1,14210.0,14635.0,1,14410.0,14365.0,0.0,0.0,0.0,0.0,133
2023-05-10 21:00:08,ss2404,ss2404,14410.0,0.0,0.0,0.0,1,14210.0,14635.0,3,14410.0,14365.0,0.0,0.0,0.0,0.0,133
2023-05-10 21:00:08,ss2404,ss2404,14410.0,0.0,0.0,0.0,1,14210.0,14630.0,3,14410.0,14365.0,0.0,0.0,0.0,0.0,133
2023-05-10 21:00:09,ss2404,ss2404,14410.0,0.0,0.0,0.0,1,14210.0,14625.0,1,14410.0,14365.0,0.0,0.0,0.0,0.0,133
2023-05-10 21:00:09,ss2404,ss2404,14410.0,0.0,0.0,0.0,1,14210.0,14620.0,1,14410.0,14365.0,0.0,0.0,0.0,0.0,133
2023-05-10 21:00:10,ss2404,ss2404,14410.0,0.0,0.0,0.0,2,14210.0,14615.0,1,14410.0,14365.0,0.0,0.0,0.0,0.0,133
2023-05-10 21:00:10,ss2404,ss2404,14410.0,0.0,0.0,0.0,3,14210.0,14610.0,1,14410.0,14365.0,0.0,0.0,0.0,0.0,133
2023-05-10 21:00:11,ss2404,ss2404,14410.0,0.0,0.0,0.0,4,14210.0,14605.0,2,14410.0,14365.0,0.0,0.0,0.0,0.0,133
2023-05-10 21:00:11,ss2404,ss2404,14410.0,0.0,0.0,0.0,4,14210.0,14605.0,4,14410.0,14365.0,0.0,0.0,0.0,0.0,133
2023-05-10 21:00:12,ss2404,ss2404,14410.0,0.0,0.0,0.0,4,14210.0,14600.0,1,14410.0,14365.0,0.0,0.0,0.0,0.0,133
2023-05-10 21:00:12,ss2404,ss2404,14410.0,0.0,0.0,0.0,4,14210.0,14530.0,1,14410.0,14365.0,0.0,0.0,0.0,0.0,133
2023-05-10 21:00:13,ss2404,ss2404,14410.0,0.0,0.0,0.0,4,14210.0,14525.0,1,14410.0,14365.0,0.0,0.0,0.0,0.0,133
2023-05-10 21:00:14,ss2404,ss2404,14410.0,0.0,0.0,0.0,4,14210.0,14525.0,1,14410.0,14365.0,0.0,0.0,0.0,0.0,133
2023-05-10 21:00:14,ss2404,ss2404,14410.0,0.0,0.0,0.0,4,14210.0,14520.0,1,14410.0,14365.0,0.0,0.0,0.0,0.0,133
2023-05-10 21:00:15,ss2404,ss2404,14410.0,0.0,0.0,0.0,4,14210.0,14515.0,1,14410.0,14365.0,0.0,0.0,0.0,0.0,133
2023-05-10 21:00:16,ss2404,ss2404,14410.0,0.0,0.0,0.0,4,14210.0,14515.0,1,14410.0,14365.0,0.0,0.0,0.0,0.0,133
2023-05-10 21:00:17,ss2404,ss2404,14410.0,0.0,0.0,0.0,4,14210.0,14515.0,1,14410.0,14365.0,0.0,0.0,0.0,0.0,133
2023-05-10 21:00:18,ss2404,ss2404,14410.0,0.0,0.0,0.0,4,14210.0,14515.0,1,14410.0,14365.0,0.0,0.0,0.0,0.0,133
2023-05-10 21:00:18,ss2404,ss2404,14410.0,0.0,0.0,0.0,4,14210.0,14515.0,1,14410.0,14365.0,0.0,0.0,0.0,0.0,133
2023-05-10 21:00:19,ss2404,ss2404,14410.0,0.0,0.0,0.0,4,14210.0,14515.0,2,14410.0,14365.0,0.0,0.0,0.0,0.0,133
2023-05-10 21:00:19,ss2404,ss2404,14410.0,0.0,0.0,0.0,4,14210.0,14515.0,2,14410.0,14365.0,0.0,0.0,0.0,0.0,133
2023-05-10 21:00:20,ss2404,ss2404,14410.0,0.0,0.0,0.0,4,14210.0,14515.0,2,14410.0,14365.0,0.0,0.0,0.0,0.0,133
2023-05-10 21:00:22,ss2404,ss2404,14410.0,0.0,0.0,0.0,4,14210.0,14515.0,2,14410.0,14365.0,0.0,0.0,0.0,0.0,133
2023-05-10 21:00:26,ss2404,ss2404,14410.0,0.0,0.0,0.0,4,14210.0,14515.0,3,14410.0,14365.0,0.0,0.0,0.0,0.0,133
2023-05-10 21:00:27,ss2404,ss2404,14410.0,0.0,0.0,0.0,4,14210.0,14515.0,3,14410.0,14365.0,0.0,0.0,0.0,0.0,133
2023-05-10 21:00:28,ss2404,ss2404,14410.0,0.0,0.0,0.0,4,14210.0,14515.0,3,14410.0,14365.0,0.0,0.0,0.0,0.0,133
2023-05-10 21:00:28,ss2404,ss2404,14410.0,0.0,0.0,0.0,4,14210.0,14515.0,2,14410.0,14365.0,0.0,0.0,0.0,0.0,133
2023-05-10 21:00:31,ss2404,ss2404,14410.0,0.0,0.0,0.0,1,14215.0,14515.0,2,14410.0,14365.0,0.0,0.0,0.0,0.0,133
2023-05-10 21:00:31,ss2404,ss2404,14410.0,0.0,0.0,0.0,1,14225.0,14515.0,2,14410.0,14365.0,0.0,0.0,0.0,0.0,133
2023-05-10 21:00:33,ss2404,ss2404,14410.0,0.0,0.0,0.0,1,14250.0,14515.0,2,14410.0,14365.0,0.0,0.0,0.0,0.0,133
2023-05-10 21:00:46,ss2404,ss2404,14410.0,0.0,0.0,0.0,1,14250.0,14515.0,2,14410.0,14365.0,0.0,0.0,0.0,0.0,133
2023-05-10 21:01:26,ss2404,ss2404,14410.0,0.0,0.0,0.0,1,14250.0,14510.0,1,14410.0,14365.0,0.0,0.0,0.0,0.0,133
2023-05-10 21:01:27,ss2404,ss2404,14410.0,0.0,0.0,0.0,1,14250.0,14505.0,1,14410.0,14365.0,0.0,0.0,0.0,0.0,133
2023-05-10 21:01:29,ss2404,ss2404,14410.0,0.0,0.0,0.0,1,14250.0,14505.0,1,14410.0,14365.0,0.0,0.0,0.0,0.0,133
2023-05-10 21:01:30,ss2404,ss2404,14410.0,0.0,0.0,0.0,1,14250.0,14505.0,2,14410.0,14365.0,0.0,0.0,0.0,0.0,133
2023-05-10 21:02:00,ss2404,ss2404,14410.0,0.0,0.0,0.0,1,14250.0,14505.0,2,14410.0,14365.0,0.0,0.0,0.0,0.0,133
2023-05-10 21:02:01,ss2404,ss2404,14410.0,0.0,0.0,0.0,2,14250.0,14505.0,2,14410.0,14365.0,0.0,0.0,0.0,0.0,133
2023-05-10 21:02:03,ss2404,ss2404,14410.0,0.0,0.0,0.0,2,14250.0,14505.0,2,14410.0,14365.0,0.0,0.0,0.0,0.0,133
2023-05-10 21:02:04,ss2404,ss2404,14410.0,0.0,0.0,0.0,2,14250.0,14505.0,1,14410.0,14365.0,0.0,0.0,0.0,0.0,133
2023-05-10 21:02:05,ss2404,ss2404,14410.0,0.0,0.0,0.0,2,14250.0,14500.0,1,14410.0,14365.0,0.0,0.0,0.0,0.0,133
2023-05-10 21:02:05,ss2404,ss2404,14410.0,0.0,0.0,0.0,2,14250.0,14495.0,1,14410.0,14365.0,0.0,0.0,0.0,0.0,133
2023-05-10 21:02:07,ss2404,ss2404,14410.0,0.0,0.0,0.0,2,14250.0,14495.0,1,14410.0,14365.0,0.0,0.0,0.0,0.0,133
2023-05-10 21:02:08,ss2404,ss2404,14410.0,0.0,0.0,0.0,2,14250.0,14495.0,2,14410.0,14365.0,0.0,0.0,0.0,0.0,133
2023-05-10 21:02:10,ss2404,ss2404,14410.0,0.0,0.0,0.0,2,14250.0,14495.0,1,14410.0,14365.0,0.0,0.0,0.0,0.0,133
2023-05-10 21:02:11,ss2404,ss2404,14410.0,0.0,0.0,0.0,2,14250.0,14490.0,1,14410.0,14365.0,0.0,0.0,0.0,0.0,133
2023-05-10 21:02:11,ss2404,ss2404,14410.0,0.0,0.0,0.0,2,14250.0,14485.0,1,14410.0,14365.0,0.0,0.0,0.0,0.0,133
2023-05-10 21:02:13,ss2404,ss2404,14410.0,0.0,0.0,0.0,2,14250.0,14485.0,1,14410.0,14365.0,0.0,0.0,0.0,0.0,133
2023-05-10 21:02:14,ss2404,ss2404,14410.0,0.0,0.0,0.0,2,14250.0,14480.0,1,14410.0,14365.0,0.0,0.0,0.0,0.0,133
2023-05-10 21:02:14,ss2404,ss2404,14410.0,0.0,0.0,0.0,2,14250.0,14475.0,1,14410.0,14365.0,0.0,0.0,0.0,0.0,133
2023-05-10 21:02:16,ss2404,ss2404,14410.0,0.0,0.0,0.0,2,14250.0,14475.0,1,14410.0,14365.0,0.0,0.0,0.0,0.0,133
2023-05-10 21:02:29,ss2404,ss2404,14410.0,0.0,0.0,0.0,2,14250.0,14470.0,1,14410.0,14365.0,0.0,0.0,0.0,0.0,133
2023-05-10 21:02:29,ss2404,ss2404,14410.0,0.0,0.0,0.0,2,14250.0,14465.0,1,14410.0,14365.0,0.0,0.0,0.0,0.0,133
2023-05-10 21:03:01,ss2404,ss2404,14410.0,0.0,0.0,0.0,2,14250.0,14460.0,2,14410.0,14365.0,0.0,0.0,0.0,0.0,133
2023-05-10 21:03:01,ss2404,ss2404,14410.0,0.0,0.0,0.0,2,14250.0,14455.0,1,14410.0,14365.0,0.0,0.0,0.0,0.0,133
2023-05-10 21:03:02,ss2404,ss2404,14410.0,0.0,0.0,0.0,2,14250.0,14455.0,1,14410.0,14365.0,0.0,0.0,0.0,0.0,133
2023-05-10 21:03:03,ss2404,ss2404,14410.0,0.0,0.0,0.0,2,14250.0,14440.0,1,14410.0,14365.0,0.0,0.0,0.0,0.0,133
2023-05-10 21:03:03,ss2404,ss2404,14410.0,0.0,0.0,0.0,2,14250.0,14435.0,1,14410.0,14365.0,0.0,0.0,0.0,0.0,133
2023-05-10 21:03:07,ss2404,ss2404,14410.0,0.0,0.0,0.0,2,14250.0,14435.0,1,14410.0,14365.0,0.0,0.0,0.0,0.0,133
2023-05-10 21:03:10,ss2404,ss2404,14410.0,0.0,0.0,0.0,2,14250.0,14430.0,1,14410.0,14365.0,0.0,0.0,0.0,0.0,133
2023-05-10 21:03:11,ss2404,ss2404,14410.0,0.0,0.0,0.0,2,14250.0,14430.0,2,14410.0,14365.0,0.0,0.0,0.0,0.0,133
2023-05-10 21:03:17,ss2404,ss2404,14410.0,0.0,0.0,0.0,2,14250.0,14425.0,1,14410.0,14365.0,0.0,0.0,0.0,0.0,133
2023-05-10 21:03:17,ss2404,ss2404,14410.0,0.0,0.0,0.0,2,14250.0,14430.0,1,14410.0,14365.0,0.0,0.0,0.0,0.0,133
2023-05-10 21:03:18,ss2404,ss2404,14410.0,0.0,0.0,0.0,2,14250.0,14430.0,2,14410.0,14365.0,0.0,0.0,0.0,0.0,133
2023-05-10 21:03:18,ss2404,ss2404,14410.0,0.0,0.0,0.0,2,14250.0,14425.0,1,14410.0,14365.0,0.0,0.0,0.0,0.0,133
2023-05-10 21:03:33,ss2404,ss2404,14410.0,0.0,0.0,0.0,2,14250.0,14430.0,1,14410.0,14365.0,0.0,0.0,0.0,0.0,133
2023-05-10 21:03:33,ss2404,ss2404,14410.0,0.0,0.0,0.0,2,14250.0,14430.0,2,14410.0,14365.0,0.0,0.0,0.0,0.0,133
2023-05-10 21:03:34,ss2404,ss2404,14410.0,0.0,0.0,0.0,1,14250.0,14430.0,2,14410.0,14365.0,0.0,0.0,0.0,0.0,133
2023-05-10 21:03:37,ss2404,ss2404,14410.0,0.0,0.0,0.0,1,14275.0,14430.0,2,14410.0,14365.0,0.0,0.0,0.0,0.0,133
2023-05-10 21:03:39,ss2404,ss2404,14410.0,0.0,0.0,0.0,1,14275.0,14430.0,1,14410.0,14365.0,0.0,0.0,0.0,0.0,133
2023-05-10 21:03:40,ss2404,ss2404,14410.0,0.0,0.0,0.0,1,14275.0,14430.0,2,14410.0,14365.0,0.0,0.0,0.0,0.0,133
2023-05-10 21:03:41,ss2404,ss2404,14410.0,0.0,0.0,0.0,1,14275.0,14430.0,1,14410.0,14365.0,0.0,0.0,0.0,0.0,133
2023-05-10 21:03:43,ss2404,ss2404,14410.0,0.0,0.0,0.0,1,14275.0,14430.0,2,14410.0,14365.0,0.0,0.0,0.0,0.0,133
2023-05-10 21:03:44,ss2404,ss2404,14410.0,0.0,0.0,0.0,1,14275.0,14430.0,1,14410.0,14365.0,0.0,0.0,0.0,0.0,133
2023-05-10 21:03:52,ss2404,ss2404,14410.0,0.0,0.0,0.0,1,14275.0,14430.0,2,14410.0,14365.0,0.0,0.0,0.0,0.0,133
2023-05-10 21:03:53,ss2404,ss2404,14410.0,0.0,0.0,0.0,1,14275.0,14430.0,1,14410.0,14365.0,0.0,0.0,0.0,0.0,133
2023-05-10 21:03:53,ss2404,ss2404,14410.0,0.0,0.0,0.0,1,14275.0,14430.0,1,14410.0,14365.0,0.0,0.0,0.0,0.0,133
2023-05-10 21:03:55,ss2404,ss2404,14410.0,0.0,0.0,0.0,1,14300.0,14430.0,1,14410.0,14365.0,0.0,0.0,0.0,0.0,133
2023-05-10 21:03:56,ss2404,ss2404,14410.0,0.0,0.0,0.0,2,14300.0,14430.0,1,14410.0,14365.0,0.0,0.0,0.0,0.0,133
2023-05-10 21:03:58,ss2404,ss2404,14410.0,0.0,0.0,0.0,2,14300.0,14430.0,2,14410.0,14365.0,0.0,0.0,0.0,0.0,133
2023-05-10 21:04:00,ss2404,ss2404,14410.0,0.0,0.0,0.0,2,14300.0,14430.0,1,14410.0,14365.0,0.0,0.0,0.0,0.0,133
2023-05-10 21:04:04,ss2404,ss2404,14410.0,0.0,0.0,0.0,2,14300.0,14430.0,2,14410.0,14365.0,0.0,0.0,0.0,0.0,133
2023-05-10 21:04:08,ss2404,ss2404,14410.0,0.0,0.0,0.0,2,14300.0,14425.0,1,14410.0,14365.0,0.0,0.0,0.0,0.0,133
2023-05-10 21:04:08,ss2404,ss2404,14410.0,0.0,0.0,0.0,2,14300.0,14430.0,1,14410.0,14365.0,0.0,0.0,0.0,0.0,133
2023-05-10 21:04:09,ss2404,ss2404,14410.0,0.0,0.0,0.0,2,14300.0,14425.0,1,14410.0,14365.0,0.0,0.0,0.0,0.0,133
2023-05-10 21:04:09,ss2404,ss2404,14410.0,0.0,0.0,0.0,2,14300.0,14430.0,1,14410.0,14365.0,0.0,0.0,0.0,0.0,133
2023-05-10 21:04:10,ss2404,ss2404,14410.0,0.0,0.0,0.0,2,14300.0,14430.0,2,14410.0,14365.0,0.0,0.0,0.0,0.0,133
2023-05-10 21:04:13,ss2404,ss2404,14410.0,0.0,0.0,0.0,2,14300.0,14425.0,1,14410.0,14365.0,0.0,0.0,0.0,0.0,133
2023-05-10 21:04:22,ss2404,ss2404,14410.0,0.0,0.0,0.0,2,14300.0,14425.0,1,14410.0,14365.0,0.0,0.0,0.0,0.0,133
2023-05-10 21:04:24,ss2404,ss2404,14410.0,0.0,0.0,0.0,2,14300.0,14425.0,1,14410.0,14365.0,0.0,0.0,0.0,0.0,133
2023-05-10 21:04:50,ss2404,ss2404,14410.0,0.0,0.0,0.0,2,14300.0,14425.0,1,14410.0,14365.0,0.0,0.0,0.0,0.0,133
2023-05-10 21:04:51,ss2404,ss2404,14410.0,0.0,0.0,0.0,3,14300.0,14425.0,1,14410.0,14365.0,0.0,0.0,0.0,0.0,133
2023-05-10 21:04:53,ss2404,ss2404,14410.0,0.0,0.0,0.0,3,14300.0,14425.0,1,14410.0,14365.0,0.0,0.0,0.0,0.0,133
2023-05-10 21:05:00,ss2404,ss2404,14410.0,0.0,0.0,0.0,3,14300.0,14425.0,1,14410.0,14365.0,0.0,0.0,0.0,0.0,133
2023-05-10 21:05:15,ss2404,ss2404,14410.0,0.0,0.0,0.0,3,14300.0,14420.0,1,14410.0,14365.0,0.0,0.0,0.0,0.0,133
2023-05-10 21:05:16,ss2404,ss2404,14410.0,0.0,0.0,0.0,3,14300.0,14420.0,1,14410.0,14365.0,0.0,0.0,0.0,0.0,133
2023-05-10 21:05:17,ss2404,ss2404,14410.0,0.0,0.0,0.0,2,14300.0,14420.0,1,14410.0,14365.0,0.0,0.0,0.0,0.0,133
2023-05-10 21:05:29,ss2404,ss2404,14410.0,0.0,0.0,0.0,2,14300.0,14420.0,2,14410.0,14365.0,0.0,0.0,0.0,0.0,133
2023-05-10 21:05:30,ss2404,ss2404,14410.0,0.0,0.0,0.0,2,14300.0,14420.0,1,14410.0,14365.0,0.0,0.0,0.0,0.0,133
2023-05-10 21:05:31,ss2404,ss2404,14410.0,0.0,0.0,0.0,2,14300.0,14420.0,2,14410.0,14365.0,0.0,0.0,0.0,0.0,133
2023-05-10 21:05:32,ss2404,ss2404,14410.0,0.0,0.0,0.0,2,14300.0,14415.0,1,14410.0,14365.0,0.0,0.0,0.0,0.0,133
2023-05-10 21:05:33,ss2404,ss2404,14410.0,0.0,0.0,0.0,2,14300.0,14420.0,1,14410.0,14365.0,0.0,0.0,0.0,0.0,133
2023-05-10 21:05:34,ss2404,ss2404,14410.0,0.0,0.0,0.0,2,14300.0,14420.0,2,14410.0,14365.0,0.0,0.0,0.0,0.0,133
2023-05-10 21:05:34,ss2404,ss2404,14410.0,0.0,0.0,0.0,2,14300.0,14415.0,1,14410.0,14365.0,0.0,0.0,0.0,0.0,133
2023-05-10 21:05:35,ss2404,ss2404,14410.0,0.0,0.0,0.0,2,14300.0,14420.0,1,14410.0,14365.0,0.0,0.0,0.0,0.0,133
2023-05-10 21:05:36,ss2404,ss2404,14410.0,0.0,0.0,0.0,2,14300.0,14420.0,2,14410.0,14365.0,0.0,0.0,0.0,0.0,133
2023-05-10 21:05:36,ss2404,ss2404,14410.0,0.0,0.0,0.0,2,14300.0,14420.0,1,14410.0,14365.0,0.0,0.0,0.0,0.0,133
2023-05-10 21:05:55,ss2404,ss2404,14410.0,0.0,0.0,0.0,2,14300.0,14420.0,1,14410.0,14365.0,0.0,0.0,0.0,0.0,133
2023-05-10 21:05:59,ss2404,ss2404,14410.0,0.0,0.0,0.0,2,14300.0,14420.0,2,14410.0,14365.0,0.0,0.0,0.0,0.0,133
2023-05-10 21:06:01,ss2404,ss2404,14410.0,0.0,0.0,0.0,2,14300.0,14415.0,1,14410.0,14365.0,0.0,0.0,0.0,0.0,133
2023-05-10 21:06:05,ss2404,ss2404,14410.0,0.0,0.0,0.0,2,14300.0,14420.0,1,14410.0,14365.0,0.0,0.0,0.0,0.0,133
2023-05-10 21:06:06,ss2404,ss2404,14410.0,0.0,0.0,0.0,2,14300.0,14420.0,2,14410.0,14365.0,0.0,0.0,0.0,0.0,133
2023-05-10 21:06:10,ss2404,ss2404,14410.0,0.0,0.0,0.0,2,14300.0,14415.0,1,14410.0,14365.0,0.0,0.0,0.0,0.0,133
2023-05-10 21:06:48,ss2404,ss2404,14410.0,0.0,0.0,0.0,2,14300.0,14415.0,1,14410.0,14365.0,0.0,0.0,0.0,0.0,133
2023-05-10 21:07:21,ss2404,ss2404,14410.0,0.0,0.0,0.0,2,14300.0,14410.0,1,14410.0,14365.0,0.0,0.0,0.0,0.0,133
2023-05-10 21:07:21,ss2404,ss2404,14410.0,0.0,0.0,0.0,2,14300.0,14405.0,2,14410.0,14365.0,0.0,0.0,0.0,0.0,133
2023-05-10 21:07:59,ss2404,ss2404,14410.0,0.0,0.0,0.0,2,14300.0,14405.0,2,14410.0,14365.0,0.0,0.0,0.0,0.0,133
2023-05-10 21:08:03,ss2404,ss2404,14410.0,0.0,0.0,0.0,2,14300.0,14400.0,1,14410.0,14365.0,0.0,0.0,0.0,0.0,133
2023-05-10 21:08:03,ss2404,ss2404,14410.0,0.0,0.0,0.0,2,14300.0,14395.0,1,14410.0,14365.0,0.0,0.0,0.0,0.0,133
2023-05-10 21:08:09,ss2404,ss2404,14410.0,0.0,0.0,0.0,2,14300.0,14395.0,2,14410.0,14365.0,0.0,0.0,0.0,0.0,133
2023-05-10 21:08:28,ss2404,ss2404,14410.0,0.0,0.0,0.0,2,14300.0,14395.0,1,14410.0,14365.0,0.0,0.0,0.0,0.0,133
2023-05-10 21:08:41,ss2404,ss2404,14410.0,0.0,0.0,0.0,2,14300.0,14395.0,1,14410.0,14365.0,0.0,0.0,0.0,0.0,133
2023-05-10 21:08:44,ss2404,ss2404,14410.0,0.0,0.0,0.0,2,14300.0,14390.0,1,14410.0,14365.0,0.0,0.0,0.0,0.0,133
2023-05-10 21:08:56,ss2404,ss2404,14410.0,0.0,0.0,0.0,1,14300.0,14390.0,1,14410.0,14365.0,0.0,0.0,0.0,0.0,133
2023-05-10 21:08:58,ss2404,ss2404,14410.0,0.0,0.0,0.0,2,14300.0,14390.0,1,14410.0,14365.0,0.0,0.0,0.0,0.0,133
2023-05-10 21:09:15,ss2404,ss2404,14410.0,0.0,0.0,0.0,2,14300.0,14390.0,1,14410.0,14365.0,0.0,0.0,0.0,0.0,133
2023-05-10 21:09:39,ss2404,ss2404,14410.0,0.0,0.0,0.0,2,14300.0,14390.0,1,14410.0,14365.0,0.0,0.0,0.0,0.0,133
2023-05-10 21:09:46,ss2404,ss2404,14410.0,0.0,0.0,0.0,2,14300.0,14375.0,1,14410.0,14365.0,0.0,0.0,0.0,0.0,133
2023-05-10 21:09:56,ss2404,ss2404,14410.0,0.0,0.0,0.0,2,14300.0,14375.0,2,14410.0,14365.0,0.0,0.0,0.0,0.0,133
2023-05-10 21:10:24,ss2404,ss2404,14410.0,0.0,0.0,0.0,2,14300.0,14375.0,2,14410.0,14365.0,0.0,0.0,0.0,0.0,133
2023-05-10 21:10:29,ss2404,ss2404,14410.0,0.0,0.0,0.0,2,14300.0,14375.0,3,14410.0,14365.0,0.0,0.0,0.0,0.0,133
2023-05-10 21:10:30,ss2404,ss2404,14410.0,0.0,0.0,0.0,2,14300.0,14375.0,2,14410.0,14365.0,0.0,0.0,0.0,0.0,133
2023-05-10 21:10:30,ss2404,ss2404,14410.0,0.0,0.0,0.0,2,14300.0,14375.0,1,14410.0,14365.0,0.0,0.0,0.0,0.0,133
2023-05-10 21:10:34,ss2404,ss2404,14410.0,0.0,0.0,0.0,2,14300.0,14375.0,2,14410.0,14365.0,0.0,0.0,0.0,0.0,133
2023-05-10 21:10:34,ss2404,ss2404,14410.0,0.0,0.0,0.0,2,14300.0,14375.0,1,14410.0,14365.0,0.0,0.0,0.0,0.0,133
2023-05-10 21:10:39,ss2404,ss2404,14410.0,0.0,0.0,0.0,2,14300.0,14375.0,2,14410.0,14365.0,0.0,0.0,0.0,0.0,133
2023-05-10 21:10:49,ss2404,ss2404,14410.0,0.0,0.0,0.0,2,14300.0,14375.0,1,14410.0,14365.0,0.0,0.0,0.0,0.0,133
2023-05-10 21:10:50,ss2404,ss2404,14410.0,0.0,0.0,0.0,2,14300.0,14370.0,1,14410.0,14365.0,0.0,0.0,0.0,0.0,133
2023-05-10 21:11:02,ss2404,ss2404,14410.0,0.0,0.0,0.0,2,14300.0,14370.0,2,14410.0,14365.0,0.0,0.0,0.0,0.0,133
2023-05-10 21:11:05,ss2404,ss2404,14410.0,0.0,0.0,0.0,2,14300.0,14370.0,1,14410.0,14365.0,0.0,0.0,0.0,0.0,133
2023-05-10 21:11:09,ss2404,ss2404,14410.0,0.0,0.0,0.0,2,14300.0,14365.0,1,14410.0,14365.0,0.0,0.0,0.0,0.0,133
2023-05-10 21:11:47,ss2404,ss2404,14410.0,0.0,0.0,0.0,2,14300.0,14365.0,1,14410.0,14365.0,0.0,0.0,0.0,0.0,133
2023-05-10 21:11:55,ss2404,ss2404,14410.0,0.0,0.0,0.0,2,14300.0,14365.0,2,14410.0,14365.0,0.0,0.0,0.0,0.0,133
2023-05-10 21:12:01,ss2404,ss2404,14410.0,0.0,0.0,0.0,2,14300.0,14365.0,1,14410.0,14365.0,0.0,0.0,0.0,0.0,133
2023-05-10 21:12:15,ss2404,ss2404,14410.0,0.0,0.0,0.0,2,14300.0,14360.0,1,14410.0,14365.0,0.0,0.0,0.0,0.0,133
2023-05-10 21:12:15,ss2404,ss2404,14410.0,0.0,0.0,0.0,2,14300.0,14360.0,2,14410.0,14365.0,0.0,0.0,0.0,0.0,133
2023-05-10 21:12:23,ss2404,ss2404,14410.0,0.0,0.0,0.0,2,14300.0,14360.0,1,14410.0,14365.0,0.0,0.0,0.0,0.0,133
2023-05-10 21:13:44,ss2404,ss2404,14410.0,0.0,0.0,0.0,4,14300.0,14360.0,1,14410.0,14365.0,0.0,0.0,0.0,0.0,133
2023-05-10 21:13:50,ss2404,ss2404,14410.0,0.0,0.0,0.0,2,14300.0,14360.0,1,14410.0,14365.0,0.0,0.0,0.0,0.0,133
2023-05-10 21:13:51,ss2404,ss2404,14410.0,0.0,0.0,0.0,4,14300.0,14360.0,1,14410.0,14365.0,0.0,0.0,0.0,0.0,133
2023-05-10 21:13:53,ss2404,ss2404,14410.0,0.0,0.0,0.0,2,14300.0,14360.0,1,14410.0,14365.0,0.0,0.0,0.0,0.0,133
2023-05-10 21:13:59,ss2404,ss2404,14410.0,0.0,0.0,0.0,1,14300.0,14360.0,1,14410.0,14365.0,0.0,0.0,0.0,0.0,133
2023-05-10 21:13:59,ss2404,ss2404,14410.0,0.0,0.0,0.0,2,14300.0,14360.0,1,14410.0,14365.0,0.0,0.0,0.0,0.0,133
2023-05-10 21:14:28,ss2404,ss2404,14410.0,0.0,0.0,0.0,2,14300.0,14360.0,2,14410.0,14365.0,0.0,0.0,0.0,0.0,133
2023-05-10 21:14:54,ss2404,ss2404,14410.0,0.0,0.0,0.0,2,14300.0,14360.0,1,14410.0,14365.0,0.0,0.0,0.0,0.0,133
2023-05-10 21:14:55,ss2404,ss2404,14410.0,0.0,0.0,0.0,2,14300.0,14440.0,1,14410.0,14365.0,0.0,0.0,0.0,0.0,133
2023-05-10 21:14:56,ss2404,ss2404,14410.0,0.0,0.0,0.0,2,14300.0,14435.0,2,14410.0,14365.0,0.0,0.0,0.0,0.0,133
2023-05-10 21:14:56,ss2404,ss2404,14410.0,0.0,0.0,0.0,2,14300.0,14435.0,3,14410.0,14365.0,0.0,0.0,0.0,0.0,133
2023-05-10 21:15:00,ss2404,ss2404,14410.0,0.0,0.0,0.0,2,14300.0,14430.0,2,14410.0,14365.0,0.0,0.0,0.0,0.0,133
2023-05-10 21:15:00,ss2404,ss2404,14410.0,0.0,0.0,0.0,2,14300.0,14425.0,1,14410.0,14365.0,0.0,0.0,0.0,0.0,133
2023-05-10 21:15:01,ss2404,ss2404,14410.0,0.0,0.0,0.0,2,14300.0,14425.0,2,14410.0,14365.0,0.0,0.0,0.0,0.0,133
2023-05-10 21:15:03,ss2404,ss2404,14410.0,0.0,0.0,0.0,2,14300.0,14420.0,1,14410.0,14365.0,0.0,0.0,0.0,0.0,133
2023-05-10 21:15:03,ss2404,ss2404,14410.0,0.0,0.0,0.0,2,14300.0,14415.0,1,14410.0,14365.0,0.0,0.0,0.0,0.0,133
2023-05-10 21:15:04,ss2404,ss2404,14410.0,0.0,0.0,0.0,2,14300.0,14415.0,1,14410.0,14365.0,0.0,0.0,0.0,0.0,133
2023-05-10 21:15:21,ss2404,ss2404,14410.0,0.0,0.0,0.0,2,14300.0,14410.0,1,14410.0,14365.0,0.0,0.0,0.0,0.0,133
2023-05-10 21:15:21,ss2404,ss2404,14410.0,0.0,0.0,0.0,2,14300.0,14405.0,1,14410.0,14365.0,0.0,0.0,0.0,0.0,133
2023-05-10 21:15:22,ss2404,ss2404,14410.0,0.0,0.0,0.0,2,14300.0,14405.0,1,14410.0,14365.0,0.0,0.0,0.0,0.0,133
2023-05-10 21:15:37,ss2404,ss2404,14410.0,0.0,0.0,0.0,2,14300.0,14400.0,1,14410.0,14365.0,0.0,0.0,0.0,0.0,133
2023-05-10 21:15:37,ss2404,ss2404,14410.0,0.0,0.0,0.0,2,14300.0,14395.0,1,14410.0,14365.0,0.0,0.0,0.0,0.0,133
2023-05-10 21:15:38,ss2404,ss2404,14410.0,0.0,0.0,0.0,2,14300.0,14395.0,1,14410.0,14365.0,0.0,0.0,0.0,0.0,133
2023-05-10 21:15:40,ss2404,ss2404,14410.0,0.0,0.0,0.0,2,14300.0,14395.0,1,14410.0,14365.0,0.0,0.0,0.0,0.0,133
2023-05-10 21:15:43,ss2404,ss2404,14410.0,0.0,0.0,0.0,2,14300.0,14390.0,1,14410.0,14365.0,0.0,0.0,0.0,0.0,133
2023-05-10 21:15:44,ss2404,ss2404,14410.0,0.0,0.0,0.0,2,14300.0,14375.0,1,14410.0,14365.0,0.0,0.0,0.0,0.0,133
2023-05-10 21:15:44,ss2404,ss2404,14410.0,0.0,0.0,0.0,2,14300.0,14370.0,1,14410.0,14365.0,0.0,0.0,0.0,0.0,133
2023-05-10 21:15:58,ss2404,ss2404,14410.0,0.0,0.0,0.0,2,14300.0,14370.0,1,14410.0,14365.0,0.0,0.0,0.0,0.0,133
2023-05-10 21:16:22,ss2404,ss2404,14410.0,0.0,0.0,0.0,2,14300.0,14370.0,1,14410.0,14365.0,0.0,0.0,0.0,0.0,133
2023-05-10 21:16:25,ss2404,ss2404,14410.0,0.0,0.0,0.0,2,14300.0,14365.0,1,14410.0,14365.0,0.0,0.0,0.0,0.0,133
2023-05-10 21:16:26,ss2404,ss2404,14410.0,0.0,0.0,0.0,2,14300.0,14360.0,1,14410.0,14365.0,0.0,0.0,0.0,0.0,133
2023-05-10 21:17:03,ss2404,ss2404,14410.0,0.0,0.0,0.0,2,14300.0,14360.0,1,14410.0,14365.0,0.0,0.0,0.0,0.0,133
2023-05-10 21:17:07,ss2404,ss2404,14410.0,0.0,0.0,0.0,2,14300.0,14355.0,1,14410.0,14365.0,0.0,0.0,0.0,0.0,133
2023-05-10 21:17:08,ss2404,ss2404,14410.0,0.0,0.0,0.0,2,14300.0,14350.0,1,14410.0,14365.0,0.0,0.0,0.0,0.0,133
2023-05-10 21:17:46,ss2404,ss2404,14410.0,0.0,0.0,0.0,2,14300.0,14350.0,1,14410.0,14365.0,0.0,0.0,0.0,0.0,133
2023-05-10 21:17:50,ss2404,ss2404,14410.0,0.0,0.0,0.0,2,14300.0,14345.0,1,14410.0,14365.0,0.0,0.0,0.0,0.0,133
2023-05-10 21:17:50,ss2404,ss2404,14410.0,0.0,0.0,0.0,2,14300.0,14345.0,1,14410.0,14365.0,0.0,0.0,0.0,0.0,133
2023-05-10 21:17:51,ss2404,ss2404,14410.0,0.0,0.0,0.0,2,14300.0,14345.0,2,14410.0,14365.0,0.0,0.0,0.0,0.0,133
2023-05-10 21:17:56,ss2404,ss2404,14410.0,0.0,0.0,0.0,2,14300.0,14345.0,1,14410.0,14365.0,0.0,0.0,0.0,0.0,133
2023-05-10 21:17:58,ss2404,ss2404,14410.0,0.0,0.0,0.0,2,14300.0,14430.0,2,14410.0,14365.0,0.0,0.0,0.0,0.0,133
2023-05-10 21:17:58,ss2404,ss2404,14410.0,0.0,0.0,0.0,2,14300.0,14425.0,2,14410.0,14365.0,0.0,0.0,0.0,0.0,133
2023-05-10 21:17:59,ss2404,ss2404,14410.0,0.0,0.0,0.0,2,14300.0,14425.0,2,14410.0,14365.0,0.0,0.0,0.0,0.0,133
2023-05-10 21:18:00,ss2404,ss2404,14410.0,0.0,0.0,0.0,2,14300.0,14420.0,2,14410.0,14365.0,0.0,0.0,0.0,0.0,133
2023-05-10 21:18:00,ss2404,ss2404,14410.0,0.0,0.0,0.0,2,14300.0,14415.0,1,14410.0,14365.0,0.0,0.0,0.0,0.0,133
2023-05-10 21:18:03,ss2404,ss2404,14410.0,0.0,0.0,0.0,2,14300.0,14410.0,1,14410.0,14365.0,0.0,0.0,0.0,0.0,133
2023-05-10 21:18:03,ss2404,ss2404,14410.0,0.0,0.0,0.0,2,14300.0,14405.0,1,14410.0,14365.0,0.0,0.0,0.0,0.0,133
2023-05-10 21:18:04,ss2404,ss2404,14410.0,0.0,0.0,0.0,2,14300.0,14405.0,1,14410.0,14365.0,0.0,0.0,0.0,0.0,133
2023-05-10 21:18:07,ss2404,ss2404,14410.0,0.0,0.0,0.0,2,14300.0,14400.0,1,14410.0,14365.0,0.0,0.0,0.0,0.0,133
2023-05-10 21:18:07,ss2404,ss2404,14410.0,0.0,0.0,0.0,2,14300.0,14395.0,1,14410.0,14365.0,0.0,0.0,0.0,0.0,133
2023-05-10 21:18:08,ss2404,ss2404,14410.0,0.0,0.0,0.0,2,14300.0,14395.0,1,14410.0,14365.0,0.0,0.0,0.0,0.0,133
2023-05-10 21:18:31,ss2404,ss2404,14410.0,0.0,0.0,0.0,2,14300.0,14390.0,1,14410.0,14365.0,0.0,0.0,0.0,0.0,133
2023-05-10 21:18:32,ss2404,ss2404,14410.0,0.0,0.0,0.0,2,14300.0,14385.0,1,14410.0,14365.0,0.0,0.0,0.0,0.0,133
2023-05-10 21:19:00,ss2404,ss2404,14410.0,0.0,0.0,0.0,3,14300.0,14385.0,1,14410.0,14365.0,0.0,0.0,0.0,0.0,133
2023-05-10 21:19:02,ss2404,ss2404,14410.0,0.0,0.0,0.0,4,14300.0,14385.0,1,14410.0,14365.0,0.0,0.0,0.0,0.0,133
2023-05-10 21:19:03,ss2404,ss2404,14410.0,0.0,0.0,0.0,2,14300.0,14385.0,1,14410.0,14365.0,0.0,0.0,0.0,0.0,133
2023-05-10 21:19:04,ss2404,ss2404,14410.0,0.0,0.0,0.0,4,14300.0,14385.0,1,14410.0,14365.0,0.0,0.0,0.0,0.0,133
2023-05-10 21:19:09,ss2404,ss2404,14410.0,0.0,0.0,0.0,4,14300.0,14385.0,1,14410.0,14365.0,0.0,0.0,0.0,0.0,133
2023-05-10 21:19:14,ss2404,ss2404,14410.0,0.0,0.0,0.0,4,14300.0,14380.0,1,14410.0,14365.0,0.0,0.0,0.0,0.0,133
2023-05-10 21:19:14,ss2404,ss2404,14410.0,0.0,0.0,0.0,4,14300.0,14375.0,1,14410.0,14365.0,0.0,0.0,0.0,0.0,133
2023-05-10 21:19:22,ss2404,ss2404,14410.0,0.0,0.0,0.0,2,14300.0,14375.0,1,14410.0,14365.0,0.0,0.0,0.0,0.0,133
2023-05-10 21:19:52,ss2404,ss2404,14410.0,0.0,0.0,0.0,2,14300.0,14375.0,1,14410.0,14365.0,0.0,0.0,0.0,0.0,133
2023-05-10 21:19:55,ss2404,ss2404,14410.0,0.0,0.0,0.0,2,14300.0,14370.0,1,14410.0,14365.0,0.0,0.0,0.0,0.0,133
2023-05-10 21:19:55,ss2404,ss2404,14410.0,0.0,0.0,0.0,2,14300.0,14365.0,1,14410.0,14365.0,0.0,0.0,0.0,0.0,133
2023-05-10 21:20:33,ss2404,ss2404,14410.0,0.0,0.0,0.0,2,14300.0,14365.0,1,14410.0,14365.0,0.0,0.0,0.0,0.0,133
2023-05-10 21:20:36,ss2404,ss2404,14365.0,1.0,71825.0,0.0,2,14300.0,14420.0,2,14410.0,14365.0,14365.0,14365.0,1.0,71825.0,133
2023-05-10 21:20:36,ss2404,ss2404,14365.0,0.0,0.0,0.0,2,14300.0,14360.0,1,14410.0,14365.0,14365.0,14365.0,1.0,71825.0,133
2023-05-10 21:20:37,ss2404,ss2404,14365.0,0.0,0.0,0.0,2,14300.0,14360.0,1,14410.0,14365.0,14365.0,14365.0,1.0,71825.0,133
2023-05-10 21:20:42,ss2404,ss2404,14365.0,0.0,0.0,0.0,3,14300.0,14360.0,1,14410.0,14365.0,14365.0,14365.0,1.0,71825.0,133
2023-05-10 21:20:46,ss2404,ss2404,14365.0,0.0,0.0,0.0,2,14300.0,14360.0,1,14410.0,14365.0,14365.0,14365.0,1.0,71825.0,133
2023-05-10 21:20:54,ss2404,ss2404,14365.0,0.0,0.0,0.0,3,14300.0,14360.0,1,14410.0,14365.0,14365.0,14365.0,1.0,71825.0,133
2023-05-10 21:21:25,ss2404,ss2404,14365.0,0.0,0.0,0.0,2,14300.0,14360.0,1,14410.0,14365.0,14365.0,14365.0,1.0,71825.0,133
2023-05-10 21:21:28,ss2404,ss2404,14365.0,0.0,0.0,0.0,3,14300.0,14360.0,1,14410.0,14365.0,14365.0,14365.0,1.0,71825.0,133
2023-05-10 21:21:29,ss2404,ss2404,14365.0,0.0,0.0,0.0,2,14300.0,14360.0,1,14410.0,14365.0,14365.0,14365.0,1.0,71825.0,133
2023-05-10 21:21:30,ss2404,ss2404,14365.0,0.0,0.0,0.0,3,14300.0,14360.0,1,14410.0,14365.0,14365.0,14365.0,1.0,71825.0,133
2023-05-10 21:21:32,ss2404,ss2404,14365.0,0.0,0.0,0.0,2,14300.0,14360.0,1,14410.0,14365.0,14365.0,14365.0,1.0,71825.0,133
2023-05-10 21:21:35,ss2404,ss2404,14365.0,0.0,0.0,0.0,3,14300.0,14360.0,1,14410.0,14365.0,14365.0,14365.0,1.0,71825.0,133
2023-05-10 21:22:20,ss2404,ss2404,14365.0,0.0,0.0,0.0,2,14300.0,14360.0,1,14410.0,14365.0,14365.0,14365.0,1.0,71825.0,133
2023-05-10 21:22:34,ss2404,ss2404,14365.0,0.0,0.0,0.0,2,14300.0,14360.0,2,14410.0,14365.0,14365.0,14365.0,1.0,71825.0,133
2023-05-10 21:22:43,ss2404,ss2404,14365.0,0.0,0.0,0.0,2,14300.0,14360.0,1,14410.0,14365.0,14365.0,14365.0,1.0,71825.0,133
2023-05-10 21:22:46,ss2404,ss2404,14365.0,0.0,0.0,0.0,2,14300.0,14360.0,2,14410.0,14365.0,14365.0,14365.0,1.0,71825.0,133
2023-05-10 21:22:47,ss2404,ss2404,14365.0,0.0,0.0,0.0,2,14300.0,14360.0,1,14410.0,14365.0,14365.0,14365.0,1.0,71825.0,133
2023-05-10 21:22:48,ss2404,ss2404,14365.0,0.0,0.0,0.0,2,14300.0,14360.0,2,14410.0,14365.0,14365.0,14365.0,1.0,71825.0,133
2023-05-10 21:22:54,ss2404,ss2404,14365.0,0.0,0.0,0.0,3,14300.0,14360.0,2,14410.0,14365.0,14365.0,14365.0,1.0,71825.0,133
2023-05-10 21:23:01,ss2404,ss2404,14365.0,0.0,0.0,0.0,2,14300.0,14360.0,2,14410.0,14365.0,14365.0,14365.0,1.0,71825.0,133
2023-05-10 21:23:02,ss2404,ss2404,14365.0,0.0,0.0,0.0,2,14300.0,14360.0,3,14410.0,14365.0,14365.0,14365.0,1.0,71825.0,133
2023-05-10 21:23:17,ss2404,ss2404,14365.0,0.0,0.0,0.0,3,14300.0,14360.0,2,14410.0,14365.0,14365.0,14365.0,1.0,71825.0,133
2023-05-10 21:23:17,ss2404,ss2404,14365.0,0.0,0.0,0.0,2,14300.0,14360.0,2,14410.0,14365.0,14365.0,14365.0,1.0,71825.0,133
2023-05-10 21:23:18,ss2404,ss2404,14365.0,0.0,0.0,0.0,2,14300.0,14360.0,3,14410.0,14365.0,14365.0,14365.0,1.0,71825.0,133
2023-05-10 21:23:19,ss2404,ss2404,14365.0,0.0,0.0,0.0,1,14300.0,14360.0,2,14410.0,14365.0,14365.0,14365.0,1.0,71825.0,133
2023-05-10 21:23:19,ss2404,ss2404,14365.0,0.0,0.0,0.0,1,14300.0,14360.0,2,14410.0,14365.0,14365.0,14365.0,1.0,71825.0,133
2023-05-10 21:23:20,ss2404,ss2404,14365.0,0.0,0.0,0.0,2,14300.0,14360.0,2,14410.0,14365.0,14365.0,14365.0,1.0,71825.0,133
2023-05-10 21:23:21,ss2404,ss2404,14365.0,0.0,0.0,0.0,1,14300.0,14360.0,3,14410.0,14365.0,14365.0,14365.0,1.0,71825.0,133
2023-05-10 21:23:25,ss2404,ss2404,14365.0,0.0,0.0,0.0,1,14300.0,14360.0,2,14410.0,14365.0,14365.0,14365.0,1.0,71825.0,133
2023-05-10 21:23:26,ss2404,ss2404,14365.0,0.0,0.0,0.0,2,14300.0,14360.0,2,14410.0,14365.0,14365.0,14365.0,1.0,71825.0,133
2023-05-10 21:23:33,ss2404,ss2404,14365.0,0.0,0.0,0.0,1,14300.0,14360.0,2,14410.0,14365.0,14365.0,14365.0,1.0,71825.0,133
2023-05-10 21:23:33,ss2404,ss2404,14365.0,0.0,0.0,0.0,2,14300.0,14360.0,2,14410.0,14365.0,14365.0,14365.0,1.0,71825.0,133
2023-05-10 21:23:56,ss2404,ss2404,14365.0,0.0,0.0,0.0,1,14305.0,14360.0,1,14410.0,14365.0,14365.0,14365.0,1.0,71825.0,133
2023-05-10 21:24:01,ss2404,ss2404,14365.0,0.0,0.0,0.0,1,14300.0,14360.0,2,14410.0,14365.0,14365.0,14365.0,1.0,71825.0,133
2023-05-10 21:24:02,ss2404,ss2404,14365.0,0.0,0.0,0.0,2,14300.0,14360.0,2,14410.0,14365.0,14365.0,14365.0,1.0,71825.0,133
2023-05-10 21:24:07,ss2404,ss2404,14365.0,0.0,0.0,0.0,2,14300.0,14360.0,1,14410.0,14365.0,14365.0,14365.0,1.0,71825.0,133
2023-05-10 21:24:08,ss2404,ss2404,14365.0,0.0,0.0,0.0,1,14305.0,14360.0,1,14410.0,14365.0,14365.0,14365.0,1.0,71825.0,133
2023-05-10 21:25:06,ss2404,ss2404,14365.0,0.0,0.0,0.0,1,14300.0,14360.0,2,14410.0,14365.0,14365.0,14365.0,1.0,71825.0,133
2023-05-10 21:25:07,ss2404,ss2404,14365.0,0.0,0.0,0.0,2,14300.0,14360.0,2,14410.0,14365.0,14365.0,14365.0,1.0,71825.0,133
2023-05-10 21:25:17,ss2404,ss2404,14365.0,0.0,0.0,0.0,1,14305.0,14360.0,1,14410.0,14365.0,14365.0,14365.0,1.0,71825.0,133
2023-05-10 21:25:36,ss2404,ss2404,14365.0,0.0,0.0,0.0,1,14305.0,14420.0,2,14410.0,14365.0,14365.0,14365.0,1.0,71825.0,133
2023-05-10 21:25:37,ss2404,ss2404,14365.0,0.0,0.0,0.0,1,14305.0,14415.0,1,14410.0,14365.0,14365.0,14365.0,1.0,71825.0,133
2023-05-10 21:25:37,ss2404,ss2404,14365.0,0.0,0.0,0.0,1,14300.0,14415.0,2,14410.0,14365.0,14365.0,14365.0,1.0,71825.0,133
2023-05-10 21:25:38,ss2404,ss2404,14365.0,0.0,0.0,0.0,2,14300.0,14410.0,2,14410.0,14365.0,14365.0,14365.0,1.0,71825.0,133
2023-05-10 21:25:38,ss2404,ss2404,14365.0,0.0,0.0,0.0,2,14300.0,14410.0,5,14410.0,14365.0,14365.0,14365.0,1.0,71825.0,133
2023-05-10 21:25:41,ss2404,ss2404,14365.0,0.0,0.0,0.0,2,14300.0,14405.0,1,14410.0,14365.0,14365.0,14365.0,1.0,71825.0,133
2023-05-10 21:25:41,ss2404,ss2404,14365.0,0.0,0.0,0.0,2,14300.0,14405.0,2,14410.0,14365.0,14365.0,14365.0,1.0,71825.0,133
2023-05-10 21:25:42,ss2404,ss2404,14365.0,0.0,0.0,0.0,2,14300.0,14405.0,2,14410.0,14365.0,14365.0,14365.0,1.0,71825.0,133
2023-05-10 21:25:42,ss2404,ss2404,14365.0,0.0,0.0,0.0,2,14300.0,14395.0,1,14410.0,14365.0,14365.0,14365.0,1.0,71825.0,133
2023-05-10 21:25:43,ss2404,ss2404,14365.0,0.0,0.0,0.0,2,14300.0,14395.0,2,14410.0,14365.0,14365.0,14365.0,1.0,71825.0,133
2023-05-10 21:25:44,ss2404,ss2404,14365.0,0.0,0.0,0.0,2,14300.0,14395.0,4,14410.0,14365.0,14365.0,14365.0,1.0,71825.0,133
2023-05-10 21:25:45,ss2404,ss2404,14365.0,0.0,0.0,0.0,2,14300.0,14390.0,1,14410.0,14365.0,14365.0,14365.0,1.0,71825.0,133
2023-05-10 21:25:45,ss2404,ss2404,14365.0,0.0,0.0,0.0,2,14300.0,14375.0,1,14410.0,14365.0,14365.0,14365.0,1.0,71825.0,133
2023-05-10 21:25:46,ss2404,ss2404,14365.0,0.0,0.0,0.0,2,14300.0,14375.0,2,14410.0,14365.0,14365.0,14365.0,1.0,71825.0,133
2023-05-10 21:25:46,ss2404,ss2404,14365.0,0.0,0.0,0.0,2,14300.0,14375.0,3,14410.0,14365.0,14365.0,14365.0,1.0,71825.0,133
2023-05-10 21:25:47,ss2404,ss2404,14365.0,0.0,0.0,0.0,2,14300.0,14375.0,4,14410.0,14365.0,14365.0,14365.0,1.0,71825.0,133
2023-05-10 21:25:48,ss2404,ss2404,14365.0,0.0,0.0,0.0,1,14300.0,14375.0,4,14410.0,14365.0,14365.0,14365.0,1.0,71825.0,133
2023-05-10 21:25:58,ss2404,ss2404,14365.0,0.0,0.0,0.0,2,14300.0,14375.0,4,14410.0,14365.0,14365.0,14365.0,1.0,71825.0,133
2023-05-10 21:26:02,ss2404,ss2404,14365.0,0.0,0.0,0.0,1,14300.0,14375.0,4,14410.0,14365.0,14365.0,14365.0,1.0,71825.0,133
2023-05-10 21:26:12,ss2404,ss2404,14365.0,0.0,0.0,0.0,1,14300.0,14370.0,1,14410.0,14365.0,14365.0,14365.0,1.0,71825.0,133
2023-05-10 21:26:13,ss2404,ss2404,14365.0,0.0,0.0,0.0,1,14300.0,14370.0,2,14410.0,14365.0,14365.0,14365.0,1.0,71825.0,133
2023-05-10 21:26:14,ss2404,ss2404,14365.0,0.0,0.0,0.0,1,14300.0,14370.0,4,14410.0,14365.0,14365.0,14365.0,1.0,71825.0,133
2023-05-10 21:26:24,ss2404,ss2404,14365.0,0.0,0.0,0.0,1,14300.0,14370.0,4,14410.0,14365.0,14365.0,14365.0,1.0,71825.0,133
2023-05-10 21:26:42,ss2404,ss2404,14365.0,0.0,0.0,0.0,2,14300.0,14370.0,4,14410.0,14365.0,14365.0,14365.0,1.0,71825.0,133
2023-05-10 21:26:43,ss2404,ss2404,14365.0,0.0,0.0,0.0,1,14305.0,14370.0,4,14410.0,14365.0,14365.0,14365.0,1.0,71825.0,133
2023-05-10 21:27:41,ss2404,ss2404,14365.0,0.0,0.0,0.0,1,14305.0,14370.0,5,14410.0,14365.0,14365.0,14365.0,1.0,71825.0,133
2023-05-10 21:27:52,ss2404,ss2404,14365.0,0.0,0.0,0.0,1,14305.0,14370.0,3,14410.0,14365.0,14365.0,14365.0,1.0,71825.0,133
2023-05-10 21:28:16,ss2404,ss2404,14365.0,0.0,0.0,0.0,1,14305.0,14370.0,2,14410.0,14365.0,14365.0,14365.0,1.0,71825.0,133
2023-05-10 21:28:17,ss2404,ss2404,14365.0,0.0,0.0,0.0,1,14305.0,14370.0,2,14410.0,14365.0,14365.0,14365.0,1.0,71825.0,133
2023-05-10 21:28:33,ss2404,ss2404,14365.0,0.0,0.0,0.0,1,14305.0,14370.0,1,14410.0,14365.0,14365.0,14365.0,1.0,71825.0,133
2023-05-10 21:29:28,ss2404,ss2404,14365.0,0.0,0.0,0.0,1,14305.0,14370.0,2,14410.0,14365.0,14365.0,14365.0,1.0,71825.0,133
2023-05-10 21:30:01,ss2404,ss2404,14365.0,0.0,0.0,0.0,1,14305.0,14370.0,3,14410.0,14365.0,14365.0,14365.0,1.0,71825.0,133
2023-05-10 21:30:21,ss2404,ss2404,14365.0,0.0,0.0,0.0,1,14305.0,14370.0,2,14410.0,14365.0,14365.0,14365.0,1.0,71825.0,133
2023-05-10 21:30:29,ss2404,ss2404,14365.0,0.0,0.0,0.0,1,14305.0,14370.0,3,14410.0,14365.0,14365.0,14365.0,1.0,71825.0,133
2023-05-10 21:30:40,ss2404,ss2404,14365.0,0.0,0.0,0.0,1,14305.0,14370.0,5,14410.0,14365.0,14365.0,14365.0,1.0,71825.0,133
2023-05-10 21:30:47,ss2404,ss2404,14365.0,0.0,0.0,0.0,1,14305.0,14370.0,3,14410.0,14365.0,14365.0,14365.0,1.0,71825.0,133
2023-05-10 21:31:11,ss2404,ss2404,14365.0,0.0,0.0,0.0,1,14305.0,14370.0,2,14410.0,14365.0,14365.0,14365.0,1.0,71825.0,133
2023-05-10 21:31:13,ss2404,ss2404,14365.0,0.0,0.0,0.0,1,14305.0,14370.0,1,14410.0,14365.0,14365.0,14365.0,1.0,71825.0,133
2023-05-10 21:31:38,ss2404,ss2404,14365.0,0.0,0.0,0.0,1,14310.0,14370.0,1,14410.0,14365.0,14365.0,14365.0,1.0,71825.0,133
2023-05-10 21:31:39,ss2404,ss2404,14365.0,0.0,0.0,0.0,1,14315.0,14370.0,1,14410.0,14365.0,14365.0,14365.0,1.0,71825.0,133
2023-05-10 21:31:43,ss2404,ss2404,14365.0,0.0,0.0,0.0,1,14310.0,14370.0,1,14410.0,14365.0,14365.0,14365.0,1.0,71825.0,133
2023-05-10 21:31:44,ss2404,ss2404,14365.0,0.0,0.0,0.0,2,14310.0,14370.0,1,14410.0,14365.0,14365.0,14365.0,1.0,71825.0,133
2023-05-10 21:31:44,ss2404,ss2404,14365.0,0.0,0.0,0.0,2,14310.0,14370.0,2,14410.0,14365.0,14365.0,14365.0,1.0,71825.0,133
2023-05-10 21:31:50,ss2404,ss2404,14365.0,0.0,0.0,0.0,1,14320.0,14365.0,1,14410.0,14365.0,14365.0,14365.0,1.0,71825.0,133
2023-05-10 21:31:51,ss2404,ss2404,14365.0,0.0,0.0,0.0,1,14320.0,14365.0,2,14410.0,14365.0,14365.0,14365.0,1.0,71825.0,133
2023-05-10 21:31:53,ss2404,ss2404,14365.0,0.0,0.0,0.0,1,14320.0,14365.0,2,14410.0,14365.0,14365.0,14365.0,1.0,71825.0,133
2023-05-10 21:31:55,ss2404,ss2404,14365.0,0.0,0.0,0.0,2,14320.0,14365.0,2,14410.0,14365.0,14365.0,14365.0,1.0,71825.0,133
2023-05-10 21:32:02,ss2404,ss2404,14365.0,0.0,0.0,0.0,1,14320.0,14365.0,2,14410.0,14365.0,14365.0,14365.0,1.0,71825.0,133
2023-05-10 21:32:22,ss2404,ss2404,14365.0,0.0,0.0,0.0,1,14320.0,14365.0,1,14410.0,14365.0,14365.0,14365.0,1.0,71825.0,133
2023-05-10 21:32:34,ss2404,ss2404,14365.0,0.0,0.0,0.0,1,14320.0,14365.0,2,14410.0,14365.0,14365.0,14365.0,1.0,71825.0,133
2023-05-10 21:32:41,ss2404,ss2404,14365.0,0.0,0.0,0.0,1,14320.0,14365.0,1,14410.0,14365.0,14365.0,14365.0,1.0,71825.0,133
2023-05-10 21:32:42,ss2404,ss2404,14365.0,0.0,0.0,0.0,1,14320.0,14365.0,2,14410.0,14365.0,14365.0,14365.0,1.0,71825.0,133
2023-05-10 21:32:52,ss2404,ss2404,14365.0,0.0,0.0,0.0,1,14320.0,14365.0,3,14410.0,14365.0,14365.0,14365.0,1.0,71825.0,133
2023-05-10 21:32:57,ss2404,ss2404,14365.0,0.0,0.0,0.0,1,14320.0,14365.0,2,14410.0,14365.0,14365.0,14365.0,1.0,71825.0,133
2023-05-10 21:33:11,ss2404,ss2404,14365.0,0.0,0.0,0.0,1,14320.0,14365.0,3,14410.0,14365.0,14365.0,14365.0,1.0,71825.0,133
2023-05-10 21:33:24,ss2404,ss2404,14365.0,0.0,0.0,0.0,1,14320.0,14365.0,2,14410.0,14365.0,14365.0,14365.0,1.0,71825.0,133
2023-05-10 21:33:29,ss2404,ss2404,14365.0,0.0,0.0,0.0,1,14320.0,14365.0,3,14410.0,14365.0,14365.0,14365.0,1.0,71825.0,133
2023-05-10 21:33:30,ss2404,ss2404,14365.0,0.0,0.0,0.0,1,14320.0,14365.0,2,14410.0,14365.0,14365.0,14365.0,1.0,71825.0,133
2023-05-10 21:33:50,ss2404,ss2404,14365.0,0.0,0.0,0.0,1,14320.0,14365.0,1,14410.0,14365.0,14365.0,14365.0,1.0,71825.0,133
2023-05-10 21:34:18,ss2404,ss2404,14365.0,0.0,0.0,0.0,1,14325.0,14365.0,1,14410.0,14365.0,14365.0,14365.0,1.0,71825.0,133
2023-05-10 21:34:42,ss2404,ss2404,14365.0,0.0,0.0,0.0,1,14320.0,14365.0,1,14410.0,14365.0,14365.0,14365.0,1.0,71825.0,133
2023-05-10 21:34:42,ss2404,ss2404,14365.0,0.0,0.0,0.0,1,14325.0,14365.0,1,14410.0,14365.0,14365.0,14365.0,1.0,71825.0,133
2023-05-10 21:34:53,ss2404,ss2404,14365.0,0.0,0.0,0.0,1,14320.0,14365.0,2,14410.0,14365.0,14365.0,14365.0,1.0,71825.0,133
2023-05-10 21:34:53,ss2404,ss2404,14365.0,0.0,0.0,0.0,2,14320.0,14360.0,1,14410.0,14365.0,14365.0,14365.0,1.0,71825.0,133
2023-05-10 21:34:54,ss2404,ss2404,14365.0,0.0,0.0,0.0,2,14320.0,14360.0,1,14410.0,14365.0,14365.0,14365.0,1.0,71825.0,133
2023-05-10 21:34:57,ss2404,ss2404,14365.0,0.0,0.0,0.0,1,14320.0,14360.0,1,14410.0,14365.0,14365.0,14365.0,1.0,71825.0,133
2023-05-10 21:35:07,ss2404,ss2404,14365.0,0.0,0.0,0.0,1,14325.0,14360.0,1,14410.0,14365.0,14365.0,14365.0,1.0,71825.0,133
2023-05-10 21:35:31,ss2404,ss2404,14365.0,0.0,0.0,0.0,1,14325.0,14360.0,1,14410.0,14365.0,14365.0,14365.0,1.0,71825.0,133
2023-05-10 21:36:00,ss2404,ss2404,14365.0,0.0,0.0,0.0,1,14325.0,14355.0,1,14410.0,14365.0,14365.0,14365.0,1.0,71825.0,133
2023-05-10 21:36:11,ss2404,ss2404,14365.0,0.0,0.0,0.0,1,14325.0,14355.0,1,14410.0,14365.0,14365.0,14365.0,1.0,71825.0,133
2023-05-10 21:36:19,ss2404,ss2404,14365.0,0.0,0.0,0.0,1,14300.0,14355.0,1,14410.0,14365.0,14365.0,14365.0,1.0,71825.0,133
2023-05-10 21:36:19,ss2404,ss2404,14365.0,0.0,0.0,0.0,1,14305.0,14355.0,1,14410.0,14365.0,14365.0,14365.0,1.0,71825.0,133
2023-05-10 21:36:49,ss2404,ss2404,14365.0,0.0,0.0,0.0,1,14305.0,14355.0,2,14410.0,14365.0,14365.0,14365.0,1.0,71825.0,133
2023-05-10 21:36:51,ss2404,ss2404,14365.0,0.0,0.0,0.0,1,14305.0,14355.0,1,14410.0,14365.0,14365.0,14365.0,1.0,71825.0,133
2023-05-10 21:38:02,ss2404,ss2404,14365.0,0.0,0.0,0.0,1,14300.0,14355.0,2,14410.0,14365.0,14365.0,14365.0,1.0,71825.0,133
2023-05-10 21:38:03,ss2404,ss2404,14365.0,0.0,0.0,0.0,2,14300.0,14355.0,2,14410.0,14365.0,14365.0,14365.0,1.0,71825.0,133
2023-05-10 21:38:06,ss2404,ss2404,14365.0,0.0,0.0,0.0,1,14300.0,14355.0,2,14410.0,14365.0,14365.0,14365.0,1.0,71825.0,133
2023-05-10 21:38:06,ss2404,ss2404,14365.0,0.0,0.0,0.0,1,14300.0,14355.0,4,14410.0,14365.0,14365.0,14365.0,1.0,71825.0,133
2023-05-10 21:38:07,ss2404,ss2404,14365.0,0.0,0.0,0.0,1,14300.0,14345.0,1,14410.0,14365.0,14365.0,14365.0,1.0,71825.0,133
2023-05-10 21:38:07,ss2404,ss2404,14365.0,0.0,0.0,0.0,1,14300.0,14345.0,1,14410.0,14365.0,14365.0,14365.0,1.0,71825.0,133
2023-05-10 21:38:14,ss2404,ss2404,14365.0,0.0,0.0,0.0,1,14300.0,14345.0,2,14410.0,14365.0,14365.0,14365.0,1.0,71825.0,133
2023-05-10 21:38:16,ss2404,ss2404,14365.0,0.0,0.0,0.0,1,14300.0,14345.0,1,14410.0,14365.0,14365.0,14365.0,1.0,71825.0,133
2023-05-10 21:38:21,ss2404,ss2404,14365.0,0.0,0.0,0.0,1,14300.0,14345.0,2,14410.0,14365.0,14365.0,14365.0,1.0,71825.0,133
2023-05-10 21:38:23,ss2404,ss2404,14365.0,0.0,0.0,0.0,1,14300.0,14345.0,4,14410.0,14365.0,14365.0,14365.0,1.0,71825.0,133
2023-05-10 21:38:24,ss2404,ss2404,14365.0,0.0,0.0,0.0,1,14300.0,14345.0,2,14410.0,14365.0,14365.0,14365.0,1.0,71825.0,133
2023-05-10 21:38:27,ss2404,ss2404,14365.0,0.0,0.0,0.0,1,14300.0,14345.0,4,14410.0,14365.0,14365.0,14365.0,1.0,71825.0,133
2023-05-10 21:38:28,ss2404,ss2404,14365.0,0.0,0.0,0.0,1,14300.0,14345.0,2,14410.0,14365.0,14365.0,14365.0,1.0,71825.0,133
2023-05-10 21:38:29,ss2404,ss2404,14365.0,0.0,0.0,0.0,1,14300.0,14345.0,4,14410.0,14365.0,14365.0,14365.0,1.0,71825.0,133
2023-05-10 21:38:30,ss2404,ss2404,14365.0,0.0,0.0,0.0,1,14300.0,14345.0,2,14410.0,14365.0,14365.0,14365.0,1.0,71825.0,133
2023-05-10 21:38:30,ss2404,ss2404,14365.0,0.0,0.0,0.0,1,14300.0,14345.0,3,14410.0,14365.0,14365.0,14365.0,1.0,71825.0,133
2023-05-10 21:38:31,ss2404,ss2404,14365.0,0.0,0.0,0.0,1,14300.0,14345.0,4,14410.0,14365.0,14365.0,14365.0,1.0,71825.0,133
2023-05-10 21:38:31,ss2404,ss2404,14365.0,0.0,0.0,0.0,1,14300.0,14345.0,2,14410.0,14365.0,14365.0,14365.0,1.0,71825.0,133
2023-05-10 21:38:34,ss2404,ss2404,14365.0,0.0,0.0,0.0,1,14300.0,14345.0,1,14410.0,14365.0,14365.0,14365.0,1.0,71825.0,133
2023-05-10 21:38:35,ss2404,ss2404,14365.0,0.0,0.0,0.0,1,14300.0,14345.0,2,14410.0,14365.0,14365.0,14365.0,1.0,71825.0,133
2023-05-10 21:38:40,ss2404,ss2404,14365.0,0.0,0.0,0.0,2,14300.0,14345.0,2,14410.0,14365.0,14365.0,14365.0,1.0,71825.0,133
2023-05-10 21:38:45,ss2404,ss2404,14365.0,0.0,0.0,0.0,2,14300.0,14345.0,2,14410.0,14365.0,14365.0,14365.0,1.0,71825.0,133
2023-05-10 21:38:46,ss2404,ss2404,14365.0,0.0,0.0,0.0,1,14300.0,14345.0,3,14410.0,14365.0,14365.0,14365.0,1.0,71825.0,133
2023-05-10 21:38:47,ss2404,ss2404,14365.0,0.0,0.0,0.0,1,14300.0,14345.0,3,14410.0,14365.0,14365.0,14365.0,1.0,71825.0,133
2023-05-10 21:38:47,ss2404,ss2404,14365.0,0.0,0.0,0.0,1,14300.0,14340.0,1,14410.0,14365.0,14365.0,14365.0,1.0,71825.0,133
2023-05-10 21:38:48,ss2404,ss2404,14365.0,0.0,0.0,0.0,1,14300.0,14335.0,1,14410.0,14365.0,14365.0,14365.0,1.0,71825.0,133
2023-05-10 21:38:48,ss2404,ss2404,14365.0,0.0,0.0,0.0,1,14300.0,14335.0,2,14410.0,14365.0,14365.0,14365.0,1.0,71825.0,133
2023-05-10 21:38:50,ss2404,ss2404,14365.0,0.0,0.0,0.0,1,14300.0,14335.0,1,14410.0,14365.0,14365.0,14365.0,1.0,71825.0,133
2023-05-10 21:38:51,ss2404,ss2404,14365.0,0.0,0.0,0.0,1,14300.0,14335.0,1,14410.0,14365.0,14365.0,14365.0,1.0,71825.0,133
2023-05-10 21:38:58,ss2404,ss2404,14365.0,0.0,0.0,0.0,2,14300.0,14335.0,1,14410.0,14365.0,14365.0,14365.0,1.0,71825.0,133
2023-05-10 21:39:02,ss2404,ss2404,14365.0,0.0,0.0,0.0,1,14300.0,14335.0,1,14410.0,14365.0,14365.0,14365.0,1.0,71825.0,133
2023-05-10 21:39:07,ss2404,ss2404,14365.0,0.0,0.0,0.0,2,14300.0,14335.0,1,14410.0,14365.0,14365.0,14365.0,1.0,71825.0,133
2023-05-10 21:39:08,ss2404,ss2404,14365.0,0.0,0.0,0.0,1,14300.0,14335.0,1,14410.0,14365.0,14365.0,14365.0,1.0,71825.0,133
2023-05-10 21:39:11,ss2404,ss2404,14365.0,0.0,0.0,0.0,1,14300.0,14335.0,1,14410.0,14365.0,14365.0,14365.0,1.0,71825.0,133
2023-05-10 21:39:12,ss2404,ss2404,14365.0,0.0,0.0,0.0,1,14300.0,14335.0,1,14410.0,14365.0,14365.0,14365.0,1.0,71825.0,133
2023-05-10 21:39:12,ss2404,ss2404,14365.0,0.0,0.0,0.0,2,14300.0,14335.0,1,14410.0,14365.0,14365.0,14365.0,1.0,71825.0,133
2023-05-10 21:39:25,ss2404,ss2404,14365.0,0.0,0.0,0.0,2,14300.0,14335.0,1,14410.0,14365.0,14365.0,14365.0,1.0,71825.0,133
2023-05-10 21:39:28,ss2404,ss2404,14365.0,0.0,0.0,0.0,2,14300.0,14330.0,1,14410.0,14365.0,14365.0,14365.0,1.0,71825.0,133
2023-05-10 21:39:31,ss2404,ss2404,14365.0,0.0,0.0,0.0,1,14305.0,14330.0,1,14410.0,14365.0,14365.0,14365.0,1.0,71825.0,133
2023-05-10 21:39:33,ss2404,ss2404,14365.0,0.0,0.0,0.0,1,14300.0,14330.0,1,14410.0,14365.0,14365.0,14365.0,1.0,71825.0,133
2023-05-10 21:39:34,ss2404,ss2404,14365.0,0.0,0.0,0.0,2,14300.0,14330.0,1,14410.0,14365.0,14365.0,14365.0,1.0,71825.0,133
2023-05-10 21:39:38,ss2404,ss2404,14365.0,0.0,0.0,0.0,1,14305.0,14330.0,1,14410.0,14365.0,14365.0,14365.0,1.0,71825.0,133
2023-05-10 21:39:39,ss2404,ss2404,14365.0,0.0,0.0,0.0,1,14305.0,14330.0,1,14410.0,14365.0,14365.0,14365.0,1.0,71825.0,133
2023-05-10 21:39:43,ss2404,ss2404,14365.0,0.0,0.0,0.0,1,14300.0,14330.0,1,14410.0,14365.0,14365.0,14365.0,1.0,71825.0,133
2023-05-10 21:39:44,ss2404,ss2404,14365.0,0.0,0.0,0.0,2,14300.0,14330.0,1,14410.0,14365.0,14365.0,14365.0,1.0,71825.0,133
2023-05-10 21:39:51,ss2404,ss2404,14365.0,0.0,0.0,0.0,1,14305.0,14330.0,1,14410.0,14365.0,14365.0,14365.0,1.0,71825.0,133
2023-05-10 21:39:53,ss2404,ss2404,14365.0,0.0,0.0,0.0,1,14300.0,14330.0,1,14410.0,14365.0,14365.0,14365.0,1.0,71825.0,133
2023-05-10 21:39:54,ss2404,ss2404,14365.0,0.0,0.0,0.0,2,14300.0,14330.0,1,14410.0,14365.0,14365.0,14365.0,1.0,71825.0,133
2023-05-10 21:40:00,ss2404,ss2404,14365.0,0.0,0.0,0.0,1,14300.0,14330.0,1,14410.0,14365.0,14365.0,14365.0,1.0,71825.0,133
2023-05-10 21:40:05,ss2404,ss2404,14365.0,0.0,0.0,0.0,2,14300.0,14330.0,1,14410.0,14365.0,14365.0,14365.0,1.0,71825.0,133
2023-05-10 21:40:11,ss2404,ss2404,14365.0,0.0,0.0,0.0,2,14300.0,14330.0,1,14410.0,14365.0,14365.0,14365.0,1.0,71825.0,133
2023-05-10 21:40:11,ss2404,ss2404,14365.0,0.0,0.0,0.0,2,14300.0,14330.0,1,14410.0,14365.0,14365.0,14365.0,1.0,71825.0,133
2023-05-10 21:40:19,ss2404,ss2404,14365.0,0.0,0.0,0.0,1,14305.0,14330.0,1,14410.0,14365.0,14365.0,14365.0,1.0,71825.0,133
2023-05-10 21:40:22,ss2404,ss2404,14365.0,0.0,0.0,0.0,1,14300.0,14330.0,1,14410.0,14365.0,14365.0,14365.0,1.0,71825.0,133
2023-05-10 21:40:23,ss2404,ss2404,14365.0,0.0,0.0,0.0,2,14300.0,14330.0,1,14410.0,14365.0,14365.0,14365.0,1.0,71825.0,133
2023-05-10 21:40:29,ss2404,ss2404,14365.0,0.0,0.0,0.0,2,14300.0,14330.0,1,14410.0,14365.0,14365.0,14365.0,1.0,71825.0,133
2023-05-10 21:40:29,ss2404,ss2404,14365.0,0.0,0.0,0.0,2,14300.0,14330.0,1,14410.0,14365.0,14365.0,14365.0,1.0,71825.0,133
2023-05-10 21:40:41,ss2404,ss2404,14365.0,0.0,0.0,0.0,1,14300.0,14330.0,1,14410.0,14365.0,14365.0,14365.0,1.0,71825.0,133
2023-05-10 21:40:47,ss2404,ss2404,14365.0,0.0,0.0,0.0,1,14300.0,14330.0,2,14410.0,14365.0,14365.0,14365.0,1.0,71825.0,133
2023-05-10 21:40:49,ss2404,ss2404,14365.0,0.0,0.0,0.0,1,14300.0,14330.0,1,14410.0,14365.0,14365.0,14365.0,1.0,71825.0,133
2023-05-10 21:40:53,ss2404,ss2404,14365.0,0.0,0.0,0.0,2,14300.0,14330.0,1,14410.0,14365.0,14365.0,14365.0,1.0,71825.0,133
2023-05-10 21:41:06,ss2404,ss2404,14365.0,0.0,0.0,0.0,1,14300.0,14330.0,1,14410.0,14365.0,14365.0,14365.0,1.0,71825.0,133
2023-05-10 21:41:07,ss2404,ss2404,14365.0,0.0,0.0,0.0,2,14300.0,14330.0,1,14410.0,14365.0,14365.0,14365.0,1.0,71825.0,133
2023-05-10 21:41:09,ss2404,ss2404,14365.0,0.0,0.0,0.0,2,14300.0,14330.0,1,14410.0,14365.0,14365.0,14365.0,1.0,71825.0,133
2023-05-10 21:41:10,ss2404,ss2404,14365.0,0.0,0.0,0.0,2,14300.0,14330.0,1,14410.0,14365.0,14365.0,14365.0,1.0,71825.0,133
2023-05-10 21:41:57,ss2404,ss2404,14365.0,0.0,0.0,0.0,1,14300.0,14330.0,2,14410.0,14365.0,14365.0,14365.0,1.0,71825.0,133
2023-05-10 21:42:00,ss2404,ss2404,14365.0,0.0,0.0,0.0,2,14300.0,14330.0,2,14410.0,14365.0,14365.0,14365.0,1.0,71825.0,133
2023-05-10 21:42:01,ss2404,ss2404,14365.0,0.0,0.0,0.0,1,14300.0,14330.0,2,14410.0,14365.0,14365.0,14365.0,1.0,71825.0,133
2023-05-10 21:42:05,ss2404,ss2404,14365.0,0.0,0.0,0.0,2,14300.0,14330.0,2,14410.0,14365.0,14365.0,14365.0,1.0,71825.0,133
2023-05-10 21:42:15,ss2404,ss2404,14365.0,0.0,0.0,0.0,2,14300.0,14330.0,2,14410.0,14365.0,14365.0,14365.0,1.0,71825.0,133
2023-05-10 21:42:15,ss2404,ss2404,14365.0,0.0,0.0,0.0,2,14300.0,14330.0,2,14410.0,14365.0,14365.0,14365.0,1.0,71825.0,133
2023-05-10 21:42:18,ss2404,ss2404,14365.0,0.0,0.0,0.0,1,14300.0,14330.0,2,14410.0,14365.0,14365.0,14365.0,1.0,71825.0,133
2023-05-10 21:42:24,ss2404,ss2404,14365.0,0.0,0.0,0.0,2,14300.0,14330.0,2,14410.0,14365.0,14365.0,14365.0,1.0,71825.0,133
2023-05-10 21:42:24,ss2404,ss2404,14365.0,0.0,0.0,0.0,2,14300.0,14330.0,2,14410.0,14365.0,14365.0,14365.0,1.0,71825.0,133
2023-05-10 21:42:25,ss2404,ss2404,14365.0,0.0,0.0,0.0,2,14300.0,14330.0,2,14410.0,14365.0,14365.0,14365.0,1.0,71825.0,133
2023-05-10 21:42:33,ss2404,ss2404,14365.0,0.0,0.0,0.0,1,14305.0,14330.0,2,14410.0,14365.0,14365.0,14365.0,1.0,71825.0,133
2023-05-10 21:42:38,ss2404,ss2404,14365.0,0.0,0.0,0.0,1,14300.0,14330.0,2,14410.0,14365.0,14365.0,14365.0,1.0,71825.0,133
2023-05-10 21:42:39,ss2404,ss2404,14365.0,0.0,0.0,0.0,2,14300.0,14330.0,2,14410.0,14365.0,14365.0,14365.0,1.0,71825.0,133
2023-05-10 21:42:49,ss2404,ss2404,14365.0,0.0,0.0,0.0,1,14300.0,14330.0,2,14410.0,14365.0,14365.0,14365.0,1.0,71825.0,133
2023-05-10 21:42:54,ss2404,ss2404,14365.0,0.0,0.0,0.0,2,14300.0,14330.0,2,14410.0,14365.0,14365.0,14365.0,1.0,71825.0,133
2023-05-10 21:42:55,ss2404,ss2404,14365.0,0.0,0.0,0.0,1,14300.0,14330.0,2,14410.0,14365.0,14365.0,14365.0,1.0,71825.0,133
2023-05-10 21:43:10,ss2404,ss2404,14365.0,0.0,0.0,0.0,2,14300.0,14330.0,2,14410.0,14365.0,14365.0,14365.0,1.0,71825.0,133
2023-05-10 21:43:10,ss2404,ss2404,14365.0,0.0,0.0,0.0,1,14300.0,14330.0,2,14410.0,14365.0,14365.0,14365.0,1.0,71825.0,133
2023-05-10 21:43:26,ss2404,ss2404,14365.0,0.0,0.0,0.0,1,14300.0,14330.0,2,14410.0,14365.0,14365.0,14365.0,1.0,71825.0,133
2023-05-10 21:43:26,ss2404,ss2404,14365.0,0.0,0.0,0.0,1,14300.0,14330.0,2,14410.0,14365.0,14365.0,14365.0,1.0,71825.0,133
2023-05-10 21:43:27,ss2404,ss2404,14365.0,0.0,0.0,0.0,2,14300.0,14330.0,2,14410.0,14365.0,14365.0,14365.0,1.0,71825.0,133
2023-05-10 21:43:31,ss2404,ss2404,14365.0,0.0,0.0,0.0,1,14300.0,14330.0,2,14410.0,14365.0,14365.0,14365.0,1.0,71825.0,133
2023-05-10 21:43:37,ss2404,ss2404,14365.0,0.0,0.0,0.0,2,14300.0,14330.0,2,14410.0,14365.0,14365.0,14365.0,1.0,71825.0,133
2023-05-10 21:43:38,ss2404,ss2404,14365.0,0.0,0.0,0.0,1,14300.0,14330.0,2,14410.0,14365.0,14365.0,14365.0,1.0,71825.0,133
2023-05-10 21:43:41,ss2404,ss2404,14365.0,0.0,0.0,0.0,1,14300.0,14330.0,1,14410.0,14365.0,14365.0,14365.0,1.0,71825.0,133
2023-05-10 21:43:41,ss2404,ss2404,14365.0,0.0,0.0,0.0,2,14300.0,14330.0,1,14410.0,14365.0,14365.0,14365.0,1.0,71825.0,133
2023-05-10 21:43:47,ss2404,ss2404,14365.0,0.0,0.0,0.0,1,14305.0,14330.0,1,14410.0,14365.0,14365.0,14365.0,1.0,71825.0,133
2023-05-10 21:43:52,ss2404,ss2404,14365.0,0.0,0.0,0.0,1,14300.0,14330.0,1,14410.0,14365.0,14365.0,14365.0,1.0,71825.0,133
2023-05-10 21:43:53,ss2404,ss2404,14365.0,0.0,0.0,0.0,2,14300.0,14330.0,1,14410.0,14365.0,14365.0,14365.0,1.0,71825.0,133
2023-05-10 21:43:54,ss2404,ss2404,14365.0,0.0,0.0,0.0,1,14305.0,14330.0,1,14410.0,14365.0,14365.0,14365.0,1.0,71825.0,133
2023-05-10 21:43:57,ss2404,ss2404,14365.0,0.0,0.0,0.0,1,14305.0,14330.0,1,14410.0,14365.0,14365.0,14365.0,1.0,71825.0,133
2023-05-10 21:43:57,ss2404,ss2404,14365.0,0.0,0.0,0.0,1,14305.0,14330.0,1,14410.0,14365.0,14365.0,14365.0,1.0,71825.0,133
2023-05-10 21:44:06,ss2404,ss2404,14365.0,0.0,0.0,0.0,1,14305.0,14330.0,1,14410.0,14365.0,14365.0,14365.0,1.0,71825.0,133
2023-05-10 21:44:07,ss2404,ss2404,14365.0,0.0,0.0,0.0,1,14305.0,14330.0,1,14410.0,14365.0,14365.0,14365.0,1.0,71825.0,133
2023-05-10 21:44:28,ss2404,ss2404,14365.0,0.0,0.0,0.0,1,14305.0,14375.0,1,14410.0,14365.0,14365.0,14365.0,1.0,71825.0,133
2023-05-10 21:44:29,ss2404,ss2404,14365.0,0.0,0.0,0.0,1,14305.0,14370.0,1,14410.0,14365.0,14365.0,14365.0,1.0,71825.0,133
2023-05-10 21:44:29,ss2404,ss2404,14365.0,0.0,0.0,0.0,1,14305.0,14370.0,2,14410.0,14365.0,14365.0,14365.0,1.0,71825.0,133
2023-05-10 21:44:30,ss2404,ss2404,14365.0,0.0,0.0,0.0,1,14305.0,14370.0,5,14410.0,14365.0,14365.0,14365.0,1.0,71825.0,133
2023-05-10 21:44:34,ss2404,ss2404,14365.0,0.0,0.0,0.0,1,14305.0,14370.0,4,14410.0,14365.0,14365.0,14365.0,1.0,71825.0,133
2023-05-10 21:44:52,ss2404,ss2404,14365.0,0.0,0.0,0.0,1,14305.0,14370.0,5,14410.0,14365.0,14365.0,14365.0,1.0,71825.0,133
2023-05-10 21:44:54,ss2404,ss2404,14365.0,0.0,0.0,0.0,1,14305.0,14370.0,4,14410.0,14365.0,14365.0,14365.0,1.0,71825.0,133
2023-05-10 21:45:00,ss2404,ss2404,14365.0,0.0,0.0,0.0,1,14305.0,14365.0,1,14410.0,14365.0,14365.0,14365.0,1.0,71825.0,133
2023-05-10 21:45:00,ss2404,ss2404,14365.0,0.0,0.0,0.0,1,14305.0,14365.0,2,14410.0,14365.0,14365.0,14365.0,1.0,71825.0,133
2023-05-10 21:45:01,ss2404,ss2404,14365.0,0.0,0.0,0.0,1,14305.0,14365.0,3,14410.0,14365.0,14365.0,14365.0,1.0,71825.0,133
2023-05-10 21:45:06,ss2404,ss2404,14365.0,0.0,0.0,0.0,1,14305.0,14365.0,4,14410.0,14365.0,14365.0,14365.0,1.0,71825.0,133
2023-05-10 21:45:13,ss2404,ss2404,14365.0,0.0,0.0,0.0,1,14305.0,14365.0,3,14410.0,14365.0,14365.0,14365.0,1.0,71825.0,133
2023-05-10 21:45:18,ss2404,ss2404,14365.0,0.0,0.0,0.0,1,14305.0,14365.0,2,14410.0,14365.0,14365.0,14365.0,1.0,71825.0,133
2023-05-10 21:45:28,ss2404,ss2404,14365.0,0.0,0.0,0.0,1,14305.0,14365.0,1,14410.0,14365.0,14365.0,14365.0,1.0,71825.0,133
2023-05-10 21:45:32,ss2404,ss2404,14365.0,0.0,0.0,0.0,1,14305.0,14365.0,2,14410.0,14365.0,14365.0,14365.0,1.0,71825.0,133
2023-05-10 21:45:45,ss2404,ss2404,14365.0,0.0,0.0,0.0,1,14305.0,14365.0,3,14410.0,14365.0,14365.0,14365.0,1.0,71825.0,133
2023-05-10 21:45:48,ss2404,ss2404,14365.0,0.0,0.0,0.0,1,14305.0,14365.0,2,14410.0,14365.0,14365.0,14365.0,1.0,71825.0,133
2023-05-10 21:45:50,ss2404,ss2404,14365.0,0.0,0.0,0.0,1,14305.0,14365.0,3,14410.0,14365.0,14365.0,14365.0,1.0,71825.0,133
2023-05-10 21:45:51,ss2404,ss2404,14365.0,0.0,0.0,0.0,1,14305.0,14365.0,2,14410.0,14365.0,14365.0,14365.0,1.0,71825.0,133
2023-05-10 21:45:53,ss2404,ss2404,14365.0,0.0,0.0,0.0,1,14305.0,14365.0,3,14410.0,14365.0,14365.0,14365.0,1.0,71825.0,133
2023-05-10 21:45:54,ss2404,ss2404,14365.0,0.0,0.0,0.0,1,14305.0,14365.0,3,14410.0,14365.0,14365.0,14365.0,1.0,71825.0,133
2023-05-10 21:45:55,ss2404,ss2404,14365.0,0.0,0.0,0.0,1,14305.0,14365.0,3,14410.0,14365.0,14365.0,14365.0,1.0,71825.0,133
2023-05-10 21:45:57,ss2404,ss2404,14365.0,0.0,0.0,0.0,1,14305.0,14365.0,2,14410.0,14365.0,14365.0,14365.0,1.0,71825.0,133
2023-05-10 21:45:58,ss2404,ss2404,14365.0,0.0,0.0,0.0,1,14305.0,14365.0,3,14410.0,14365.0,14365.0,14365.0,1.0,71825.0,133
2023-05-10 21:46:03,ss2404,ss2404,14365.0,0.0,0.0,0.0,1,14305.0,14365.0,2,14410.0,14365.0,14365.0,14365.0,1.0,71825.0,133
2023-05-10 21:46:11,ss2404,ss2404,14365.0,0.0,0.0,0.0,1,14305.0,14365.0,1,14410.0,14365.0,14365.0,14365.0,1.0,71825.0,133
2023-05-10 21:46:11,ss2404,ss2404,14365.0,0.0,0.0,0.0,3,14305.0,14365.0,1,14410.0,14365.0,14365.0,14365.0,1.0,71825.0,133
2023-05-10 21:46:16,ss2404,ss2404,14365.0,0.0,0.0,0.0,1,14305.0,14365.0,1,14410.0,14365.0,14365.0,14365.0,1.0,71825.0,133
2023-05-10 21:46:18,ss2404,ss2404,14365.0,0.0,0.0,0.0,1,14305.0,14365.0,1,14410.0,14365.0,14365.0,14365.0,1.0,71825.0,133
2023-05-10 21:46:18,ss2404,ss2404,14365.0,0.0,0.0,0.0,1,14305.0,14365.0,1,14410.0,14365.0,14365.0,14365.0,1.0,71825.0,133
2023-05-10 21:46:23,ss2404,ss2404,14365.0,0.0,0.0,0.0,1,14305.0,14365.0,2,14410.0,14365.0,14365.0,14365.0,1.0,71825.0,133
2023-05-10 21:46:28,ss2404,ss2404,14365.0,0.0,0.0,0.0,1,14305.0,14365.0,2,14410.0,14365.0,14365.0,14365.0,1.0,71825.0,133
2023-05-10 21:46:29,ss2404,ss2404,14365.0,0.0,0.0,0.0,1,14305.0,14365.0,2,14410.0,14365.0,14365.0,14365.0,1.0,71825.0,133
2023-05-10 21:46:39,ss2404,ss2404,14365.0,0.0,0.0,0.0,1,14305.0,14365.0,1,14410.0,14365.0,14365.0,14365.0,1.0,71825.0,133
2023-05-10 21:46:44,ss2404,ss2404,14365.0,0.0,0.0,0.0,1,14305.0,14365.0,1,14410.0,14365.0,14365.0,14365.0,1.0,71825.0,133
2023-05-10 21:46:45,ss2404,ss2404,14365.0,0.0,0.0,0.0,3,14305.0,14365.0,1,14410.0,14365.0,14365.0,14365.0,1.0,71825.0,133
2023-05-10 21:46:49,ss2404,ss2404,14365.0,0.0,0.0,0.0,1,14305.0,14365.0,1,14410.0,14365.0,14365.0,14365.0,1.0,71825.0,133
2023-05-10 21:47:05,ss2404,ss2404,14365.0,0.0,0.0,0.0,2,14305.0,14365.0,1,14410.0,14365.0,14365.0,14365.0,1.0,71825.0,133
2023-05-10 21:47:05,ss2404,ss2404,14365.0,0.0,0.0,0.0,1,14305.0,14365.0,1,14410.0,14365.0,14365.0,14365.0,1.0,71825.0,133
2023-05-10 21:47:17,ss2404,ss2404,14365.0,0.0,0.0,0.0,1,14305.0,14365.0,1,14410.0,14365.0,14365.0,14365.0,1.0,71825.0,133
2023-05-10 21:47:17,ss2404,ss2404,14365.0,0.0,0.0,0.0,1,14305.0,14365.0,1,14410.0,14365.0,14365.0,14365.0,1.0,71825.0,133
2023-05-10 21:47:55,ss2404,ss2404,14365.0,0.0,0.0,0.0,3,14305.0,14365.0,1,14410.0,14365.0,14365.0,14365.0,1.0,71825.0,133
2023-05-10 21:48:01,ss2404,ss2404,14365.0,0.0,0.0,0.0,3,14305.0,14365.0,1,14410.0,14365.0,14365.0,14365.0,1.0,71825.0,133
2023-05-10 21:48:02,ss2404,ss2404,14365.0,0.0,0.0,0.0,1,14305.0,14365.0,1,14410.0,14365.0,14365.0,14365.0,1.0,71825.0,133
2023-05-10 21:48:30,ss2404,ss2404,14365.0,0.0,0.0,0.0,1,14305.0,14365.0,1,14410.0,14365.0,14365.0,14365.0,1.0,71825.0,133
2023-05-10 21:48:30,ss2404,ss2404,14365.0,0.0,0.0,0.0,1,14305.0,14365.0,2,14410.0,14365.0,14365.0,14365.0,1.0,71825.0,133
2023-05-10 21:48:31,ss2404,ss2404,14365.0,0.0,0.0,0.0,1,14305.0,14365.0,1,14410.0,14365.0,14365.0,14365.0,1.0,71825.0,133
2023-05-10 21:48:32,ss2404,ss2404,14365.0,0.0,0.0,0.0,1,14305.0,14365.0,2,14410.0,14365.0,14365.0,14365.0,1.0,71825.0,133
2023-05-10 21:48:33,ss2404,ss2404,14365.0,0.0,0.0,0.0,1,14305.0,14365.0,1,14410.0,14365.0,14365.0,14365.0,1.0,71825.0,133
2023-05-10 21:48:42,ss2404,ss2404,14365.0,0.0,0.0,0.0,1,14305.0,14365.0,2,14410.0,14365.0,14365.0,14365.0,1.0,71825.0,133
2023-05-10 21:48:47,ss2404,ss2404,14365.0,0.0,0.0,0.0,1,14305.0,14365.0,1,14410.0,14365.0,14365.0,14365.0,1.0,71825.0,133
2023-05-10 21:48:50,ss2404,ss2404,14365.0,0.0,0.0,0.0,1,14305.0,14365.0,2,14410.0,14365.0,14365.0,14365.0,1.0,71825.0,133
2023-05-10 21:48:52,ss2404,ss2404,14365.0,0.0,0.0,0.0,1,14305.0,14365.0,1,14410.0,14365.0,14365.0,14365.0,1.0,71825.0,133
2023-05-10 21:48:59,ss2404,ss2404,14365.0,0.0,0.0,0.0,1,14305.0,14365.0,2,14410.0,14365.0,14365.0,14365.0,1.0,71825.0,133
2023-05-10 21:49:03,ss2404,ss2404,14365.0,0.0,0.0,0.0,1,14305.0,14365.0,1,14410.0,14365.0,14365.0,14365.0,1.0,71825.0,133
2023-05-10 21:49:08,ss2404,ss2404,14365.0,0.0,0.0,0.0,1,14305.0,14365.0,2,14410.0,14365.0,14365.0,14365.0,1.0,71825.0,133
2023-05-10 21:49:10,ss2404,ss2404,14365.0,0.0,0.0,0.0,1,14305.0,14365.0,1,14410.0,14365.0,14365.0,14365.0,1.0,71825.0,133
2023-05-10 21:49:11,ss2404,ss2404,14365.0,0.0,0.0,0.0,1,14305.0,14365.0,2,14410.0,14365.0,14365.0,14365.0,1.0,71825.0,133
2023-05-10 21:49:12,ss2404,ss2404,14365.0,0.0,0.0,0.0,1,14305.0,14365.0,1,14410.0,14365.0,14365.0,14365.0,1.0,71825.0,133
2023-05-10 21:49:52,ss2404,ss2404,14365.0,0.0,0.0,0.0,1,14305.0,14365.0,1,14410.0,14365.0,14365.0,14365.0,1.0,71825.0,133
2023-05-10 21:49:53,ss2404,ss2404,14365.0,0.0,0.0,0.0,1,14305.0,14365.0,1,14410.0,14365.0,14365.0,14365.0,1.0,71825.0,133
2023-05-10 21:50:00,ss2404,ss2404,14365.0,0.0,0.0,0.0,1,14305.0,14390.0,1,14410.0,14365.0,14365.0,14365.0,1.0,71825.0,133
2023-05-10 21:50:00,ss2404,ss2404,14365.0,0.0,0.0,0.0,1,14305.0,14390.0,5,14410.0,14365.0,14365.0,14365.0,1.0,71825.0,133
2023-05-10 21:50:01,ss2404,ss2404,14365.0,0.0,0.0,0.0,1,14305.0,14385.0,1,14410.0,14365.0,14365.0,14365.0,1.0,71825.0,133
2023-05-10 21:50:01,ss2404,ss2404,14365.0,0.0,0.0,0.0,1,14305.0,14385.0,2,14410.0,14365.0,14365.0,14365.0,1.0,71825.0,133
2023-05-10 21:50:02,ss2404,ss2404,14365.0,0.0,0.0,0.0,1,14305.0,14385.0,4,14410.0,14365.0,14365.0,14365.0,1.0,71825.0,133
2023-05-10 21:50:09,ss2404,ss2404,14365.0,0.0,0.0,0.0,1,14305.0,14385.0,5,14410.0,14365.0,14365.0,14365.0,1.0,71825.0,133
2023-05-10 21:50:12,ss2404,ss2404,14365.0,0.0,0.0,0.0,1,14305.0,14380.0,1,14410.0,14365.0,14365.0,14365.0,1.0,71825.0,133
2023-05-10 21:50:13,ss2404,ss2404,14365.0,0.0,0.0,0.0,1,14305.0,14380.0,2,14410.0,14365.0,14365.0,14365.0,1.0,71825.0,133
2023-05-10 21:50:14,ss2404,ss2404,14365.0,0.0,0.0,0.0,1,14305.0,14380.0,4,14410.0,14365.0,14365.0,14365.0,1.0,71825.0,133
2023-05-10 21:50:16,ss2404,ss2404,14365.0,0.0,0.0,0.0,1,14305.0,14380.0,3,14410.0,14365.0,14365.0,14365.0,1.0,71825.0,133
2023-05-10 21:50:19,ss2404,ss2404,14365.0,0.0,0.0,0.0,1,14305.0,14380.0,4,14410.0,14365.0,14365.0,14365.0,1.0,71825.0,133
2023-05-10 21:50:20,ss2404,ss2404,14365.0,0.0,0.0,0.0,1,14305.0,14380.0,3,14410.0,14365.0,14365.0,14365.0,1.0,71825.0,133
2023-05-10 21:50:37,ss2404,ss2404,14365.0,0.0,0.0,0.0,1,14305.0,14375.0,1,14410.0,14365.0,14365.0,14365.0,1.0,71825.0,133
2023-05-10 21:50:37,ss2404,ss2404,14365.0,0.0,0.0,0.0,1,14305.0,14375.0,2,14410.0,14365.0,14365.0,14365.0,1.0,71825.0,133
2023-05-10 21:50:38,ss2404,ss2404,14365.0,0.0,0.0,0.0,1,14305.0,14375.0,3,14410.0,14365.0,14365.0,14365.0,1.0,71825.0,133
2023-05-10 21:51:02,ss2404,ss2404,14365.0,0.0,0.0,0.0,1,14305.0,14375.0,4,14410.0,14365.0,14365.0,14365.0,1.0,71825.0,133
2023-05-10 21:51:03,ss2404,ss2404,14365.0,0.0,0.0,0.0,1,14305.0,14375.0,3,14410.0,14365.0,14365.0,14365.0,1.0,71825.0,133
2023-05-10 21:51:18,ss2404,ss2404,14365.0,0.0,0.0,0.0,1,14305.0,14375.0,3,14410.0,14365.0,14365.0,14365.0,1.0,71825.0,133
2023-05-10 21:51:18,ss2404,ss2404,14365.0,0.0,0.0,0.0,1,14305.0,14375.0,3,14410.0,14365.0,14365.0,14365.0,1.0,71825.0,133
2023-05-10 21:51:28,ss2404,ss2404,14365.0,0.0,0.0,0.0,1,14305.0,14375.0,2,14410.0,14365.0,14365.0,14365.0,1.0,71825.0,133
2023-05-10 21:51:33,ss2404,ss2404,14365.0,0.0,0.0,0.0,1,14305.0,14375.0,3,14410.0,14365.0,14365.0,14365.0,1.0,71825.0,133
2023-05-10 21:51:35,ss2404,ss2404,14365.0,0.0,0.0,0.0,1,14305.0,14375.0,2,14410.0,14365.0,14365.0,14365.0,1.0,71825.0,133
2023-05-10 21:51:38,ss2404,ss2404,14365.0,0.0,0.0,0.0,1,14305.0,14375.0,2,14410.0,14365.0,14365.0,14365.0,1.0,71825.0,133
2023-05-10 21:51:39,ss2404,ss2404,14365.0,0.0,0.0,0.0,1,14305.0,14375.0,2,14410.0,14365.0,14365.0,14365.0,1.0,71825.0,133
2023-05-10 21:51:41,ss2404,ss2404,14365.0,0.0,0.0,0.0,1,14305.0,14375.0,3,14410.0,14365.0,14365.0,14365.0,1.0,71825.0,133
2023-05-10 21:51:41,ss2404,ss2404,14365.0,0.0,0.0,0.0,1,14305.0,14375.0,2,14410.0,14365.0,14365.0,14365.0,1.0,71825.0,133
2023-05-10 21:52:03,ss2404,ss2404,14365.0,0.0,0.0,0.0,1,14305.0,14375.0,3,14410.0,14365.0,14365.0,14365.0,1.0,71825.0,133
2023-05-10 21:52:03,ss2404,ss2404,14365.0,0.0,0.0,0.0,1,14305.0,14375.0,2,14410.0,14365.0,14365.0,14365.0,1.0,71825.0,133
2023-05-10 21:52:16,ss2404,ss2404,14365.0,0.0,0.0,0.0,1,14305.0,14375.0,2,14410.0,14365.0,14365.0,14365.0,1.0,71825.0,133
2023-05-10 21:52:17,ss2404,ss2404,14365.0,0.0,0.0,0.0,1,14305.0,14375.0,2,14410.0,14365.0,14365.0,14365.0,1.0,71825.0,133
2023-05-10 21:52:22,ss2404,ss2404,14365.0,0.0,0.0,0.0,1,14305.0,14375.0,3,14410.0,14365.0,14365.0,14365.0,1.0,71825.0,133
2023-05-10 21:52:23,ss2404,ss2404,14365.0,0.0,0.0,0.0,1,14305.0,14375.0,2,14410.0,14365.0,14365.0,14365.0,1.0,71825.0,133
2023-05-10 21:52:27,ss2404,ss2404,14365.0,0.0,0.0,0.0,1,14305.0,14375.0,3,14410.0,14365.0,14365.0,14365.0,1.0,71825.0,133
2023-05-10 21:52:28,ss2404,ss2404,14365.0,0.0,0.0,0.0,1,14305.0,14375.0,2,14410.0,14365.0,14365.0,14365.0,1.0,71825.0,133
2023-05-10 21:53:02,ss2404,ss2404,14365.0,0.0,0.0,0.0,1,14305.0,14375.0,2,14410.0,14365.0,14365.0,14365.0,1.0,71825.0,133
2023-05-10 21:53:02,ss2404,ss2404,14365.0,0.0,0.0,0.0,1,14305.0,14375.0,2,14410.0,14365.0,14365.0,14365.0,1.0,71825.0,133
2023-05-10 21:53:40,ss2404,ss2404,14365.0,0.0,0.0,0.0,1,14305.0,14375.0,1,14410.0,14365.0,14365.0,14365.0,1.0,71825.0,133
2023-05-10 21:53:41,ss2404,ss2404,14365.0,0.0,0.0,0.0,1,14305.0,14375.0,1,14410.0,14365.0,14365.0,14365.0,1.0,71825.0,133
2023-05-10 21:53:47,ss2404,ss2404,14365.0,0.0,0.0,0.0,3,14305.0,14375.0,1,14410.0,14365.0,14365.0,14365.0,1.0,71825.0,133
2023-05-10 21:53:53,ss2404,ss2404,14365.0,0.0,0.0,0.0,1,14305.0,14375.0,1,14410.0,14365.0,14365.0,14365.0,1.0,71825.0,133
2023-05-10 21:54:03,ss2404,ss2404,14365.0,0.0,0.0,0.0,1,14305.0,14375.0,2,14410.0,14365.0,14365.0,14365.0,1.0,71825.0,133
2023-05-10 21:54:12,ss2404,ss2404,14365.0,0.0,0.0,0.0,1,14305.0,14375.0,2,14410.0,14365.0,14365.0,14365.0,1.0,71825.0,133
2023-05-10 21:54:12,ss2404,ss2404,14365.0,0.0,0.0,0.0,1,14305.0,14375.0,2,14410.0,14365.0,14365.0,14365.0,1.0,71825.0,133
2023-05-10 21:54:14,ss2404,ss2404,14365.0,0.0,0.0,0.0,1,14305.0,14375.0,3,14410.0,14365.0,14365.0,14365.0,1.0,71825.0,133
2023-05-10 21:54:20,ss2404,ss2404,14365.0,0.0,0.0,0.0,1,14305.0,14375.0,2,14410.0,14365.0,14365.0,14365.0,1.0,71825.0,133
2023-05-10 21:54:23,ss2404,ss2404,14365.0,0.0,0.0,0.0,1,14305.0,14375.0,3,14410.0,14365.0,14365.0,14365.0,1.0,71825.0,133
2023-05-10 21:54:28,ss2404,ss2404,14365.0,0.0,0.0,0.0,1,14305.0,14375.0,3,14410.0,14365.0,14365.0,14365.0,1.0,71825.0,133
2023-05-10 21:54:29,ss2404,ss2404,14365.0,0.0,0.0,0.0,1,14305.0,14375.0,3,14410.0,14365.0,14365.0,14365.0,1.0,71825.0,133
2023-05-10 21:54:31,ss2404,ss2404,14365.0,0.0,0.0,0.0,1,14305.0,14375.0,4,14410.0,14365.0,14365.0,14365.0,1.0,71825.0,133
2023-05-10 21:54:31,ss2404,ss2404,14365.0,0.0,0.0,0.0,1,14305.0,14375.0,4,14410.0,14365.0,14365.0,14365.0,1.0,71825.0,133
2023-05-10 21:54:42,ss2404,ss2404,14365.0,0.0,0.0,0.0,1,14305.0,14375.0,3,14410.0,14365.0,14365.0,14365.0,1.0,71825.0,133
2023-05-10 21:54:43,ss2404,ss2404,14365.0,0.0,0.0,0.0,1,14305.0,14375.0,3,14410.0,14365.0,14365.0,14365.0,1.0,71825.0,133
2023-05-10 21:54:43,ss2404,ss2404,14365.0,0.0,0.0,0.0,1,14305.0,14375.0,3,14410.0,14365.0,14365.0,14365.0,1.0,71825.0,133
2023-05-10 21:54:47,ss2404,ss2404,14365.0,0.0,0.0,0.0,1,14305.0,14375.0,4,14410.0,14365.0,14365.0,14365.0,1.0,71825.0,133
2023-05-10 21:54:55,ss2404,ss2404,14365.0,0.0,0.0,0.0,1,14305.0,14375.0,3,14410.0,14365.0,14365.0,14365.0,1.0,71825.0,133
2023-05-10 21:55:01,ss2404,ss2404,14365.0,0.0,0.0,0.0,1,14305.0,14375.0,3,14410.0,14365.0,14365.0,14365.0,1.0,71825.0,133
2023-05-10 21:55:01,ss2404,ss2404,14365.0,0.0,0.0,0.0,1,14305.0,14375.0,4,14410.0,14365.0,14365.0,14365.0,1.0,71825.0,133
2023-05-10 21:55:36,ss2404,ss2404,14365.0,0.0,0.0,0.0,1,14305.0,14375.0,3,14410.0,14365.0,14365.0,14365.0,1.0,71825.0,133
2023-05-10 21:55:53,ss2404,ss2404,14365.0,0.0,0.0,0.0,1,14305.0,14375.0,2,14410.0,14365.0,14365.0,14365.0,1.0,71825.0,133
2023-05-10 21:55:55,ss2404,ss2404,14365.0,0.0,0.0,0.0,1,14305.0,14375.0,3,14410.0,14365.0,14365.0,14365.0,1.0,71825.0,133
2023-05-10 21:56:03,ss2404,ss2404,14365.0,0.0,0.0,0.0,1,14300.0,14375.0,3,14410.0,14365.0,14365.0,14365.0,1.0,71825.0,133
2023-05-10 21:56:03,ss2404,ss2404,14365.0,0.0,0.0,0.0,2,14300.0,14375.0,4,14410.0,14365.0,14365.0,14365.0,1.0,71825.0,133
2023-05-10 21:56:07,ss2404,ss2404,14365.0,0.0,0.0,0.0,2,14300.0,14375.0,3,14410.0,14365.0,14365.0,14365.0,1.0,71825.0,133
2023-05-10 21:56:07,ss2404,ss2404,14365.0,0.0,0.0,0.0,1,14305.0,14375.0,3,14410.0,14365.0,14365.0,14365.0,1.0,71825.0,133
2023-05-10 21:56:08,ss2404,ss2404,14365.0,0.0,0.0,0.0,1,14305.0,14370.0,1,14410.0,14365.0,14365.0,14365.0,1.0,71825.0,133
2023-05-10 21:56:08,ss2404,ss2404,14365.0,0.0,0.0,0.0,1,14300.0,14370.0,2,14410.0,14365.0,14365.0,14365.0,1.0,71825.0,133
2023-05-10 21:56:09,ss2404,ss2404,14365.0,0.0,0.0,0.0,2,14300.0,14370.0,2,14410.0,14365.0,14365.0,14365.0,1.0,71825.0,133
2023-05-10 21:56:09,ss2404,ss2404,14365.0,0.0,0.0,0.0,1,14305.0,14370.0,3,14410.0,14365.0,14365.0,14365.0,1.0,71825.0,133
2023-05-10 21:56:15,ss2404,ss2404,14365.0,0.0,0.0,0.0,1,14305.0,14370.0,2,14410.0,14365.0,14365.0,14365.0,1.0,71825.0,133
2023-05-10 21:56:18,ss2404,ss2404,14365.0,0.0,0.0,0.0,1,14305.0,14370.0,1,14410.0,14365.0,14365.0,14365.0,1.0,71825.0,133
2023-05-10 21:56:39,ss2404,ss2404,14365.0,0.0,0.0,0.0,1,14305.0,14370.0,2,14410.0,14365.0,14365.0,14365.0,1.0,71825.0,133
2023-05-10 21:56:40,ss2404,ss2404,14365.0,0.0,0.0,0.0,1,14305.0,14370.0,1,14410.0,14365.0,14365.0,14365.0,1.0,71825.0,133
2023-05-10 21:57:02,ss2404,ss2404,14365.0,0.0,0.0,0.0,1,14305.0,14370.0,2,14410.0,14365.0,14365.0,14365.0,1.0,71825.0,133
2023-05-10 21:57:05,ss2404,ss2404,14365.0,0.0,0.0,0.0,1,14300.0,14370.0,3,14410.0,14365.0,14365.0,14365.0,1.0,71825.0,133
2023-05-10 21:57:06,ss2404,ss2404,14365.0,0.0,0.0,0.0,2,14300.0,14370.0,3,14410.0,14365.0,14365.0,14365.0,1.0,71825.0,133
2023-05-10 21:57:06,ss2404,ss2404,14365.0,0.0,0.0,0.0,2,14300.0,14370.0,3,14410.0,14365.0,14365.0,14365.0,1.0,71825.0,133
2023-05-10 21:57:25,ss2404,ss2404,14365.0,0.0,0.0,0.0,1,14300.0,14370.0,3,14410.0,14365.0,14365.0,14365.0,1.0,71825.0,133
2023-05-10 21:57:25,ss2404,ss2404,14365.0,0.0,0.0,0.0,1,14300.0,14370.0,5,14410.0,14365.0,14365.0,14365.0,1.0,71825.0,133
2023-05-10 21:57:26,ss2404,ss2404,14365.0,0.0,0.0,0.0,1,14300.0,14370.0,3,14410.0,14365.0,14365.0,14365.0,1.0,71825.0,133
2023-05-10 21:57:26,ss2404,ss2404,14365.0,0.0,0.0,0.0,2,14300.0,14370.0,3,14410.0,14365.0,14365.0,14365.0,1.0,71825.0,133
2023-05-10 21:57:37,ss2404,ss2404,14365.0,0.0,0.0,0.0,1,14300.0,14370.0,5,14410.0,14365.0,14365.0,14365.0,1.0,71825.0,133
2023-05-10 21:58:14,ss2404,ss2404,14365.0,0.0,0.0,0.0,1,14300.0,14365.0,1,14410.0,14365.0,14365.0,14365.0,1.0,71825.0,133
2023-05-10 21:58:14,ss2404,ss2404,14365.0,0.0,0.0,0.0,1,14300.0,14365.0,1,14410.0,14365.0,14365.0,14365.0,1.0,71825.0,133
2023-05-10 21:58:15,ss2404,ss2404,14365.0,0.0,0.0,0.0,1,14300.0,14365.0,2,14410.0,14365.0,14365.0,14365.0,1.0,71825.0,133
2023-05-10 21:58:19,ss2404,ss2404,14365.0,0.0,0.0,0.0,1,14300.0,14365.0,4,14410.0,14365.0,14365.0,14365.0,1.0,71825.0,133
2023-05-10 21:58:20,ss2404,ss2404,14365.0,0.0,0.0,0.0,1,14300.0,14365.0,4,14410.0,14365.0,14365.0,14365.0,1.0,71825.0,133
2023-05-10 21:58:20,ss2404,ss2404,14365.0,0.0,0.0,0.0,1,14300.0,14365.0,4,14410.0,14365.0,14365.0,14365.0,1.0,71825.0,133
2023-05-10 21:58:31,ss2404,ss2404,14365.0,0.0,0.0,0.0,1,14300.0,14365.0,2,14410.0,14365.0,14365.0,14365.0,1.0,71825.0,133
2023-05-10 21:58:33,ss2404,ss2404,14365.0,0.0,0.0,0.0,1,14300.0,14365.0,4,14410.0,14365.0,14365.0,14365.0,1.0,71825.0,133
2023-05-10 21:58:51,ss2404,ss2404,14365.0,0.0,0.0,0.0,1,14300.0,14365.0,4,14410.0,14365.0,14365.0,14365.0,1.0,71825.0,133
2023-05-10 21:58:54,ss2404,ss2404,14365.0,0.0,0.0,0.0,1,14300.0,14360.0,1,14410.0,14365.0,14365.0,14365.0,1.0,71825.0,133
2023-05-10 21:58:54,ss2404,ss2404,14365.0,0.0,0.0,0.0,1,14300.0,14360.0,2,14410.0,14365.0,14365.0,14365.0,1.0,71825.0,133
2023-05-10 21:58:55,ss2404,ss2404,14365.0,0.0,0.0,0.0,1,14300.0,14360.0,3,14410.0,14365.0,14365.0,14365.0,1.0,71825.0,133
2023-05-10 21:59:03,ss2404,ss2404,14365.0,0.0,0.0,0.0,1,14300.0,14360.0,3,14410.0,14365.0,14365.0,14365.0,1.0,71825.0,133
2023-05-10 21:59:04,ss2404,ss2404,14365.0,0.0,0.0,0.0,1,14300.0,14360.0,3,14410.0,14365.0,14365.0,14365.0,1.0,71825.0,133
2023-05-10 21:59:27,ss2404,ss2404,14365.0,0.0,0.0,0.0,1,14300.0,14360.0,2,14410.0,14365.0,14365.0,14365.0,1.0,71825.0,133
2023-05-10 21:59:30,ss2404,ss2404,14365.0,0.0,0.0,0.0,2,14300.0,14360.0,1,14410.0,14365.0,14365.0,14365.0,1.0,71825.0,133
2023-05-10 21:59:30,ss2404,ss2404,14365.0,0.0,0.0,0.0,1,14300.0,14360.0,2,14410.0,14365.0,14365.0,14365.0,1.0,71825.0,133
2023-05-10 21:59:31,ss2404,ss2404,14365.0,0.0,0.0,0.0,1,14300.0,14360.0,2,14410.0,14365.0,14365.0,14365.0,1.0,71825.0,133
2023-05-10 21:59:31,ss2404,ss2404,14365.0,0.0,0.0,0.0,1,14300.0,14360.0,2,14410.0,14365.0,14365.0,14365.0,1.0,71825.0,133
2023-05-10 21:59:34,ss2404,ss2404,14365.0,0.0,0.0,0.0,1,14300.0,14360.0,2,14410.0,14365.0,14365.0,14365.0,1.0,71825.0,133
2023-05-10 21:59:35,ss2404,ss2404,14365.0,0.0,0.0,0.0,1,14300.0,14360.0,2,14410.0,14365.0,14365.0,14365.0,1.0,71825.0,133
2023-05-10 21:59:55,ss2404,ss2404,14365.0,0.0,0.0,0.0,1,14300.0,14360.0,3,14410.0,14365.0,14365.0,14365.0,1.0,71825.0,133
2023-05-10 22:00:00,ss2404,ss2404,14365.0,0.0,0.0,0.0,1,14300.0,14360.0,5,14410.0,14365.0,14365.0,14365.0,1.0,71825.0,133
2023-05-10 22:00:01,ss2404,ss2404,14365.0,0.0,0.0,0.0,1,14300.0,14360.0,3,14410.0,14365.0,14365.0,14365.0,1.0,71825.0,133
2023-05-10 22:00:01,ss2404,ss2404,14365.0,0.0,0.0,0.0,1,14300.0,14360.0,4,14410.0,14365.0,14365.0,14365.0,1.0,71825.0,133
2023-05-10 22:00:02,ss2404,ss2404,14365.0,0.0,0.0,0.0,1,14300.0,14360.0,3,14410.0,14365.0,14365.0,14365.0,1.0,71825.0,133
2023-05-10 22:00:04,ss2404,ss2404,14365.0,0.0,0.0,0.0,1,14300.0,14360.0,2,14410.0,14365.0,14365.0,14365.0,1.0,71825.0,133
2023-05-10 22:00:09,ss2404,ss2404,14365.0,0.0,0.0,0.0,1,14300.0,14360.0,3,14410.0,14365.0,14365.0,14365.0,1.0,71825.0,133
2023-05-10 22:00:09,ss2404,ss2404,14365.0,0.0,0.0,0.0,1,14300.0,14360.0,2,14410.0,14365.0,14365.0,14365.0,1.0,71825.0,133
2023-05-10 22:00:18,ss2404,ss2404,14365.0,0.0,0.0,0.0,1,14300.0,14360.0,1,14410.0,14365.0,14365.0,14365.0,1.0,71825.0,133
2023-05-10 22:00:19,ss2404,ss2404,14365.0,0.0,0.0,0.0,2,14300.0,14360.0,1,14410.0,14365.0,14365.0,14365.0,1.0,71825.0,133
2023-05-10 22:00:21,ss2404,ss2404,14365.0,0.0,0.0,0.0,1,14300.0,14360.0,2,14410.0,14365.0,14365.0,14365.0,1.0,71825.0,133
2023-05-10 22:00:21,ss2404,ss2404,14365.0,0.0,0.0,0.0,2,14300.0,14360.0,1,14410.0,14365.0,14365.0,14365.0,1.0,71825.0,133
2023-05-10 22:00:31,ss2404,ss2404,14365.0,0.0,0.0,0.0,1,14305.0,14360.0,1,14410.0,14365.0,14365.0,14365.0,1.0,71825.0,133
2023-05-10 22:00:38,ss2404,ss2404,14365.0,0.0,0.0,0.0,3,14300.0,14360.0,1,14410.0,14365.0,14365.0,14365.0,1.0,71825.0,133
2023-05-10 22:00:38,ss2404,ss2404,14365.0,0.0,0.0,0.0,2,14300.0,14360.0,1,14410.0,14365.0,14365.0,14365.0,1.0,71825.0,133
2023-05-10 22:00:39,ss2404,ss2404,14365.0,0.0,0.0,0.0,1,14305.0,14360.0,1,14410.0,14365.0,14365.0,14365.0,1.0,71825.0,133
2023-05-10 22:00:42,ss2404,ss2404,14365.0,0.0,0.0,0.0,3,14300.0,14360.0,1,14410.0,14365.0,14365.0,14365.0,1.0,71825.0,133
2023-05-10 22:00:42,ss2404,ss2404,14365.0,0.0,0.0,0.0,4,14300.0,14360.0,1,14410.0,14365.0,14365.0,14365.0,1.0,71825.0,133
2023-05-10 22:00:46,ss2404,ss2404,14365.0,0.0,0.0,0.0,4,14300.0,14360.0,1,14410.0,14365.0,14365.0,14365.0,1.0,71825.0,133
2023-05-10 22:00:47,ss2404,ss2404,14365.0,0.0,0.0,0.0,4,14300.0,14360.0,1,14410.0,14365.0,14365.0,14365.0,1.0,71825.0,133
2023-05-10 22:00:53,ss2404,ss2404,14365.0,0.0,0.0,0.0,2,14300.0,14360.0,1,14410.0,14365.0,14365.0,14365.0,1.0,71825.0,133
2023-05-10 22:00:53,ss2404,ss2404,14365.0,0.0,0.0,0.0,1,14305.0,14360.0,1,14410.0,14365.0,14365.0,14365.0,1.0,71825.0,133
2023-05-10 22:01:03,ss2404,ss2404,14365.0,0.0,0.0,0.0,3,14300.0,14360.0,1,14410.0,14365.0,14365.0,14365.0,1.0,71825.0,133
2023-05-10 22:01:04,ss2404,ss2404,14365.0,0.0,0.0,0.0,2,14300.0,14360.0,1,14410.0,14365.0,14365.0,14365.0,1.0,71825.0,133
2023-05-10 22:01:08,ss2404,ss2404,14365.0,0.0,0.0,0.0,1,14305.0,14360.0,1,14410.0,14365.0,14365.0,14365.0,1.0,71825.0,133
2023-05-10 22:01:30,ss2404,ss2404,14365.0,0.0,0.0,0.0,1,14305.0,14360.0,1,14410.0,14365.0,14365.0,14365.0,1.0,71825.0,133
2023-05-10 22:01:31,ss2404,ss2404,14365.0,0.0,0.0,0.0,1,14305.0,14360.0,1,14410.0,14365.0,14365.0,14365.0,1.0,71825.0,133
2023-05-10 22:01:31,ss2404,ss2404,14365.0,0.0,0.0,0.0,1,14305.0,14360.0,1,14410.0,14365.0,14365.0,14365.0,1.0,71825.0,133
2023-05-10 22:01:32,ss2404,ss2404,14365.0,0.0,0.0,0.0,1,14305.0,14360.0,1,14410.0,14365.0,14365.0,14365.0,1.0,71825.0,133
2023-05-10 22:01:36,ss2404,ss2404,14365.0,0.0,0.0,0.0,1,14305.0,14360.0,1,14410.0,14365.0,14365.0,14365.0,1.0,71825.0,133
2023-05-10 22:02:02,ss2404,ss2404,14365.0,0.0,0.0,0.0,1,14305.0,14360.0,1,14410.0,14365.0,14365.0,14365.0,1.0,71825.0,133
2023-05-10 22:02:02,ss2404,ss2404,14365.0,0.0,0.0,0.0,1,14305.0,14360.0,1,14410.0,14365.0,14365.0,14365.0,1.0,71825.0,133
2023-05-10 22:02:07,ss2404,ss2404,14365.0,0.0,0.0,0.0,2,14300.0,14360.0,1,14410.0,14365.0,14365.0,14365.0,1.0,71825.0,133
2023-05-10 22:02:08,ss2404,ss2404,14365.0,0.0,0.0,0.0,3,14300.0,14360.0,1,14410.0,14365.0,14365.0,14365.0,1.0,71825.0,133
2023-05-10 22:02:08,ss2404,ss2404,14365.0,0.0,0.0,0.0,3,14300.0,14360.0,1,14410.0,14365.0,14365.0,14365.0,1.0,71825.0,133
2023-05-10 22:02:09,ss2404,ss2404,14365.0,0.0,0.0,0.0,3,14300.0,14360.0,1,14410.0,14365.0,14365.0,14365.0,1.0,71825.0,133
2023-05-10 22:02:25,ss2404,ss2404,14365.0,0.0,0.0,0.0,1,14305.0,14360.0,1,14410.0,14365.0,14365.0,14365.0,1.0,71825.0,133
2023-05-10 22:02:30,ss2404,ss2404,14365.0,0.0,0.0,0.0,1,14305.0,14360.0,1,14410.0,14365.0,14365.0,14365.0,1.0,71825.0,133
2023-05-10 22:02:30,ss2404,ss2404,14365.0,0.0,0.0,0.0,1,14305.0,14360.0,1,14410.0,14365.0,14365.0,14365.0,1.0,71825.0,133
2023-05-10 22:03:07,ss2404,ss2404,14365.0,0.0,0.0,0.0,2,14300.0,14360.0,1,14410.0,14365.0,14365.0,14365.0,1.0,71825.0,133
2023-05-10 22:03:08,ss2404,ss2404,14365.0,0.0,0.0,0.0,3,14300.0,14360.0,1,14410.0,14365.0,14365.0,14365.0,1.0,71825.0,133
2023-05-10 22:03:08,ss2404,ss2404,14365.0,0.0,0.0,0.0,3,14300.0,14360.0,1,14410.0,14365.0,14365.0,14365.0,1.0,71825.0,133
2023-05-10 22:03:09,ss2404,ss2404,14365.0,0.0,0.0,0.0,3,14300.0,14360.0,1,14410.0,14365.0,14365.0,14365.0,1.0,71825.0,133
2023-05-10 22:03:09,ss2404,ss2404,14365.0,0.0,0.0,0.0,3,14300.0,14360.0,1,14410.0,14365.0,14365.0,14365.0,1.0,71825.0,133
2023-05-10 22:03:24,ss2404,ss2404,14365.0,0.0,0.0,0.0,1,14305.0,14360.0,1,14410.0,14365.0,14365.0,14365.0,1.0,71825.0,133
2023-05-10 22:03:32,ss2404,ss2404,14365.0,0.0,0.0,0.0,1,14305.0,14360.0,1,14410.0,14365.0,14365.0,14365.0,1.0,71825.0,133
2023-05-10 22:03:33,ss2404,ss2404,14365.0,0.0,0.0,0.0,1,14305.0,14360.0,1,14410.0,14365.0,14365.0,14365.0,1.0,71825.0,133
2023-05-10 22:03:52,ss2404,ss2404,14365.0,0.0,0.0,0.0,1,14305.0,14390.0,1,14410.0,14365.0,14365.0,14365.0,1.0,71825.0,133
2023-05-10 22:03:53,ss2404,ss2404,14365.0,0.0,0.0,0.0,1,14305.0,14385.0,1,14410.0,14365.0,14365.0,14365.0,1.0,71825.0,133
2023-05-10 22:03:53,ss2404,ss2404,14365.0,0.0,0.0,0.0,1,14305.0,14385.0,2,14410.0,14365.0,14365.0,14365.0,1.0,71825.0,133
2023-05-10 22:03:54,ss2404,ss2404,14365.0,0.0,0.0,0.0,1,14305.0,14385.0,4,14410.0,14365.0,14365.0,14365.0,1.0,71825.0,133
2023-05-10 22:03:55,ss2404,ss2404,14365.0,0.0,0.0,0.0,1,14305.0,14385.0,5,14410.0,14365.0,14365.0,14365.0,1.0,71825.0,133
2023-05-10 22:04:06,ss2404,ss2404,14365.0,0.0,0.0,0.0,1,14305.0,14385.0,5,14410.0,14365.0,14365.0,14365.0,1.0,71825.0,133
2023-05-10 22:04:06,ss2404,ss2404,14365.0,0.0,0.0,0.0,1,14305.0,14385.0,5,14410.0,14365.0,14365.0,14365.0,1.0,71825.0,133
2023-05-10 22:04:18,ss2404,ss2404,14365.0,0.0,0.0,0.0,1,14305.0,14385.0,3,14410.0,14365.0,14365.0,14365.0,1.0,71825.0,133
2023-05-10 22:04:19,ss2404,ss2404,14365.0,0.0,0.0,0.0,3,14305.0,14385.0,2,14410.0,14365.0,14365.0,14365.0,1.0,71825.0,133
2023-05-10 22:04:28,ss2404,ss2404,14365.0,0.0,0.0,0.0,3,14305.0,14380.0,1,14410.0,14365.0,14365.0,14365.0,1.0,71825.0,133
2023-05-10 22:04:29,ss2404,ss2404,14365.0,0.0,0.0,0.0,3,14305.0,14380.0,1,14410.0,14365.0,14365.0,14365.0,1.0,71825.0,133
2023-05-10 22:04:30,ss2404,ss2404,14365.0,0.0,0.0,0.0,3,14305.0,14380.0,1,14410.0,14365.0,14365.0,14365.0,1.0,71825.0,133
2023-05-10 22:04:30,ss2404,ss2404,14365.0,0.0,0.0,0.0,3,14305.0,14380.0,1,14410.0,14365.0,14365.0,14365.0,1.0,71825.0,133
2023-05-10 22:04:33,ss2404,ss2404,14365.0,0.0,0.0,0.0,1,14305.0,14380.0,1,14410.0,14365.0,14365.0,14365.0,1.0,71825.0,133
2023-05-10 22:04:33,ss2404,ss2404,14365.0,0.0,0.0,0.0,3,14305.0,14380.0,1,14410.0,14365.0,14365.0,14365.0,1.0,71825.0,133
2023-05-10 22:04:34,ss2404,ss2404,14365.0,0.0,0.0,0.0,1,14305.0,14380.0,1,14410.0,14365.0,14365.0,14365.0,1.0,71825.0,133
2023-05-10 22:04:34,ss2404,ss2404,14365.0,0.0,0.0,0.0,3,14305.0,14380.0,1,14410.0,14365.0,14365.0,14365.0,1.0,71825.0,133
2023-05-10 22:04:56,ss2404,ss2404,14365.0,0.0,0.0,0.0,3,14305.0,14380.0,1,14410.0,14365.0,14365.0,14365.0,1.0,71825.0,133
2023-05-10 22:04:56,ss2404,ss2404,14365.0,0.0,0.0,0.0,3,14305.0,14380.0,1,14410.0,14365.0,14365.0,14365.0,1.0,71825.0,133
2023-05-10 22:05:13,ss2404,ss2404,14365.0,0.0,0.0,0.0,3,14305.0,14380.0,1,14410.0,14365.0,14365.0,14365.0,1.0,71825.0,133
2023-05-10 22:05:13,ss2404,ss2404,14365.0,0.0,0.0,0.0,3,14305.0,14380.0,1,14410.0,14365.0,14365.0,14365.0,1.0,71825.0,133
2023-05-10 22:05:39,ss2404,ss2404,14365.0,0.0,0.0,0.0,1,14305.0,14380.0,1,14410.0,14365.0,14365.0,14365.0,1.0,71825.0,133
2023-05-10 22:05:44,ss2404,ss2404,14365.0,0.0,0.0,0.0,1,14305.0,14380.0,1,14410.0,14365.0,14365.0,14365.0,1.0,71825.0,133
2023-05-10 22:05:44,ss2404,ss2404,14365.0,0.0,0.0,0.0,1,14305.0,14380.0,1,14410.0,14365.0,14365.0,14365.0,1.0,71825.0,133
2023-05-10 22:06:18,ss2404,ss2404,14365.0,0.0,0.0,0.0,1,14305.0,14380.0,1,14410.0,14365.0,14365.0,14365.0,1.0,71825.0,133
2023-05-10 22:06:19,ss2404,ss2404,14365.0,0.0,0.0,0.0,1,14305.0,14380.0,1,14410.0,14365.0,14365.0,14365.0,1.0,71825.0,133
2023-05-10 22:06:40,ss2404,ss2404,14365.0,0.0,0.0,0.0,1,14305.0,14380.0,1,14410.0,14365.0,14365.0,14365.0,1.0,71825.0,133
2023-05-10 22:06:40,ss2404,ss2404,14365.0,0.0,0.0,0.0,1,14305.0,14380.0,1,14410.0,14365.0,14365.0,14365.0,1.0,71825.0,133
2023-05-10 22:07:13,ss2404,ss2404,14365.0,0.0,0.0,0.0,2,14305.0,14380.0,1,14410.0,14365.0,14365.0,14365.0,1.0,71825.0,133
2023-05-10 22:07:30,ss2404,ss2404,14365.0,0.0,0.0,0.0,2,14305.0,14380.0,1,14410.0,14365.0,14365.0,14365.0,1.0,71825.0,133
2023-05-10 22:07:31,ss2404,ss2404,14365.0,0.0,0.0,0.0,2,14305.0,14380.0,1,14410.0,14365.0,14365.0,14365.0,1.0,71825.0,133
2023-05-10 22:07:44,ss2404,ss2404,14365.0,0.0,0.0,0.0,3,14305.0,14380.0,1,14410.0,14365.0,14365.0,14365.0,1.0,71825.0,133
2023-05-10 22:08:04,ss2404,ss2404,14365.0,0.0,0.0,0.0,3,14305.0,14380.0,1,14410.0,14365.0,14365.0,14365.0,1.0,71825.0,133
2023-05-10 22:08:04,ss2404,ss2404,14365.0,0.0,0.0,0.0,3,14305.0,14380.0,1,14410.0,14365.0,14365.0,14365.0,1.0,71825.0,133
2023-05-10 22:08:06,ss2404,ss2404,14365.0,0.0,0.0,0.0,3,14305.0,14380.0,1,14410.0,14365.0,14365.0,14365.0,1.0,71825.0,133
2023-05-10 22:08:06,ss2404,ss2404,14365.0,0.0,0.0,0.0,3,14305.0,14380.0,1,14410.0,14365.0,14365.0,14365.0,1.0,71825.0,133
2023-05-10 22:08:13,ss2404,ss2404,14365.0,0.0,0.0,0.0,3,14305.0,14380.0,1,14410.0,14365.0,14365.0,14365.0,1.0,71825.0,133
2023-05-10 22:08:13,ss2404,ss2404,14365.0,0.0,0.0,0.0,3,14305.0,14380.0,1,14410.0,14365.0,14365.0,14365.0,1.0,71825.0,133
2023-05-10 22:09:01,ss2404,ss2404,14365.0,0.0,0.0,0.0,3,14305.0,14380.0,1,14410.0,14365.0,14365.0,14365.0,1.0,71825.0,133
2023-05-10 22:09:01,ss2404,ss2404,14365.0,0.0,0.0,0.0,3,14305.0,14380.0,1,14410.0,14365.0,14365.0,14365.0,1.0,71825.0,133
2023-05-10 22:09:14,ss2404,ss2404,14365.0,0.0,0.0,0.0,3,14305.0,14380.0,1,14410.0,14365.0,14365.0,14365.0,1.0,71825.0,133
2023-05-10 22:09:15,ss2404,ss2404,14365.0,0.0,0.0,0.0,3,14305.0,14380.0,1,14410.0,14365.0,14365.0,14365.0,1.0,71825.0,133
2023-05-10 22:09:27,ss2404,ss2404,14365.0,0.0,0.0,0.0,3,14305.0,14400.0,1,14410.0,14365.0,14365.0,14365.0,1.0,71825.0,133
2023-05-10 22:09:28,ss2404,ss2404,14365.0,0.0,0.0,0.0,3,14305.0,14400.0,3,14410.0,14365.0,14365.0,14365.0,1.0,71825.0,133
2023-05-10 22:09:34,ss2404,ss2404,14365.0,0.0,0.0,0.0,2,14305.0,14400.0,3,14410.0,14365.0,14365.0,14365.0,1.0,71825.0,133
2023-05-10 22:09:35,ss2404,ss2404,14365.0,0.0,0.0,0.0,2,14305.0,14400.0,2,14410.0,14365.0,14365.0,14365.0,1.0,71825.0,133
2023-05-10 22:09:36,ss2404,ss2404,14365.0,0.0,0.0,0.0,2,14305.0,14400.0,2,14410.0,14365.0,14365.0,14365.0,1.0,71825.0,133
2023-05-10 22:09:47,ss2404,ss2404,14365.0,0.0,0.0,0.0,2,14305.0,14400.0,3,14410.0,14365.0,14365.0,14365.0,1.0,71825.0,133
2023-05-10 22:09:58,ss2404,ss2404,14365.0,0.0,0.0,0.0,2,14305.0,14400.0,3,14410.0,14365.0,14365.0,14365.0,1.0,71825.0,133
2023-05-10 22:09:58,ss2404,ss2404,14365.0,0.0,0.0,0.0,2,14305.0,14400.0,3,14410.0,14365.0,14365.0,14365.0,1.0,71825.0,133
2023-05-10 22:10:05,ss2404,ss2404,14365.0,0.0,0.0,0.0,2,14305.0,14395.0,1,14410.0,14365.0,14365.0,14365.0,1.0,71825.0,133
2023-05-10 22:10:05,ss2404,ss2404,14365.0,0.0,0.0,0.0,2,14305.0,14395.0,2,14410.0,14365.0,14365.0,14365.0,1.0,71825.0,133
2023-05-10 22:10:06,ss2404,ss2404,14365.0,0.0,0.0,0.0,2,14305.0,14395.0,3,14410.0,14365.0,14365.0,14365.0,1.0,71825.0,133
2023-05-10 22:10:33,ss2404,ss2404,14365.0,0.0,0.0,0.0,1,14305.0,14395.0,3,14410.0,14365.0,14365.0,14365.0,1.0,71825.0,133
2023-05-10 22:10:33,ss2404,ss2404,14365.0,0.0,0.0,0.0,1,14305.0,14395.0,4,14410.0,14365.0,14365.0,14365.0,1.0,71825.0,133
2023-05-10 22:11:04,ss2404,ss2404,14365.0,0.0,0.0,0.0,1,14305.0,14390.0,1,14410.0,14365.0,14365.0,14365.0,1.0,71825.0,133
2023-05-10 22:11:05,ss2404,ss2404,14365.0,0.0,0.0,0.0,1,14305.0,14390.0,1,14410.0,14365.0,14365.0,14365.0,1.0,71825.0,133
2023-05-10 22:11:06,ss2404,ss2404,14365.0,0.0,0.0,0.0,1,14305.0,14390.0,2,14410.0,14365.0,14365.0,14365.0,1.0,71825.0,133
2023-05-10 22:11:30,ss2404,ss2404,14365.0,0.0,0.0,0.0,1,14305.0,14390.0,3,14410.0,14365.0,14365.0,14365.0,1.0,71825.0,133
2023-05-10 22:11:42,ss2404,ss2404,14365.0,0.0,0.0,0.0,1,14305.0,14390.0,3,14410.0,14365.0,14365.0,14365.0,1.0,71825.0,133
2023-05-10 22:11:46,ss2404,ss2404,14365.0,0.0,0.0,0.0,2,14305.0,14390.0,3,14410.0,14365.0,14365.0,14365.0,1.0,71825.0,133
2023-05-10 22:12:02,ss2404,ss2404,14365.0,0.0,0.0,0.0,1,14305.0,14390.0,3,14410.0,14365.0,14365.0,14365.0,1.0,71825.0,133
2023-05-10 22:12:12,ss2404,ss2404,14365.0,0.0,0.0,0.0,1,14305.0,14385.0,1,14410.0,14365.0,14365.0,14365.0,1.0,71825.0,133
2023-05-10 22:12:12,ss2404,ss2404,14365.0,0.0,0.0,0.0,1,14305.0,14385.0,2,14410.0,14365.0,14365.0,14365.0,1.0,71825.0,133
2023-05-10 22:12:13,ss2404,ss2404,14365.0,0.0,0.0,0.0,1,14305.0,14385.0,3,14410.0,14365.0,14365.0,14365.0,1.0,71825.0,133
2023-05-10 22:12:29,ss2404,ss2404,14365.0,0.0,0.0,0.0,1,14305.0,14385.0,2,14410.0,14365.0,14365.0,14365.0,1.0,71825.0,133
2023-05-10 22:12:29,ss2404,ss2404,14365.0,0.0,0.0,0.0,2,14305.0,14385.0,2,14410.0,14365.0,14365.0,14365.0,1.0,71825.0,133
2023-05-10 22:12:30,ss2404,ss2404,14365.0,0.0,0.0,0.0,1,14305.0,14385.0,2,14410.0,14365.0,14365.0,14365.0,1.0,71825.0,133
2023-05-10 22:12:30,ss2404,ss2404,14365.0,0.0,0.0,0.0,1,14305.0,14385.0,3,14410.0,14365.0,14365.0,14365.0,1.0,71825.0,133
2023-05-10 22:12:52,ss2404,ss2404,14365.0,0.0,0.0,0.0,1,14305.0,14385.0,3,14410.0,14365.0,14365.0,14365.0,1.0,71825.0,133
2023-05-10 22:12:53,ss2404,ss2404,14365.0,0.0,0.0,0.0,2,14305.0,14385.0,3,14410.0,14365.0,14365.0,14365.0,1.0,71825.0,133
2023-05-10 22:12:53,ss2404,ss2404,14365.0,0.0,0.0,0.0,1,14305.0,14385.0,3,14410.0,14365.0,14365.0,14365.0,1.0,71825.0,133
2023-05-10 22:12:54,ss2404,ss2404,14365.0,0.0,0.0,0.0,1,14305.0,14385.0,4,14410.0,14365.0,14365.0,14365.0,1.0,71825.0,133
2023-05-10 22:14:20,ss2404,ss2404,14365.0,0.0,0.0,0.0,1,14305.0,14385.0,4,14410.0,14365.0,14365.0,14365.0,1.0,71825.0,133
2023-05-10 22:14:20,ss2404,ss2404,14365.0,0.0,0.0,0.0,1,14305.0,14385.0,4,14410.0,14365.0,14365.0,14365.0,1.0,71825.0,133
2023-05-10 22:14:51,ss2404,ss2404,14365.0,0.0,0.0,0.0,1,14305.0,14385.0,4,14410.0,14365.0,14365.0,14365.0,1.0,71825.0,133
2023-05-10 22:14:52,ss2404,ss2404,14365.0,0.0,0.0,0.0,1,14305.0,14385.0,4,14410.0,14365.0,14365.0,14365.0,1.0,71825.0,133
2023-05-10 22:15:36,ss2404,ss2404,14365.0,0.0,0.0,0.0,1,14305.0,14385.0,4,14410.0,14365.0,14365.0,14365.0,1.0,71825.0,133
2023-05-10 22:15:37,ss2404,ss2404,14365.0,0.0,0.0,0.0,1,14305.0,14385.0,4,14410.0,14365.0,14365.0,14365.0,1.0,71825.0,133
2023-05-10 22:15:54,ss2404,ss2404,14365.0,0.0,0.0,0.0,1,14310.0,14385.0,4,14410.0,14365.0,14365.0,14365.0,1.0,71825.0,133
2023-05-10 22:15:55,ss2404,ss2404,14365.0,0.0,0.0,0.0,1,14315.0,14385.0,4,14410.0,14365.0,14365.0,14365.0,1.0,71825.0,133
2023-05-10 22:16:44,ss2404,ss2404,14365.0,0.0,0.0,0.0,1,14315.0,14385.0,4,14410.0,14365.0,14365.0,14365.0,1.0,71825.0,133
2023-05-10 22:17:10,ss2404,ss2404,14365.0,0.0,0.0,0.0,1,14315.0,14385.0,3,14410.0,14365.0,14365.0,14365.0,1.0,71825.0,133
2023-05-10 22:17:12,ss2404,ss2404,14365.0,0.0,0.0,0.0,1,14315.0,14385.0,3,14410.0,14365.0,14365.0,14365.0,1.0,71825.0,133
2023-05-10 22:17:39,ss2404,ss2404,14365.0,0.0,0.0,0.0,1,14315.0,14385.0,3,14410.0,14365.0,14365.0,14365.0,1.0,71825.0,133
2023-05-10 22:17:40,ss2404,ss2404,14365.0,0.0,0.0,0.0,1,14315.0,14385.0,3,14410.0,14365.0,14365.0,14365.0,1.0,71825.0,133
2023-05-10 22:17:42,ss2404,ss2404,14365.0,0.0,0.0,0.0,1,14315.0,14380.0,1,14410.0,14365.0,14365.0,14365.0,1.0,71825.0,133
2023-05-10 22:17:43,ss2404,ss2404,14365.0,0.0,0.0,0.0,1,14315.0,14380.0,2,14410.0,14365.0,14365.0,14365.0,1.0,71825.0,133
2023-05-10 22:17:44,ss2404,ss2404,14365.0,0.0,0.0,0.0,1,14315.0,14380.0,3,14410.0,14365.0,14365.0,14365.0,1.0,71825.0,133
2023-05-10 22:17:57,ss2404,ss2404,14365.0,0.0,0.0,0.0,1,14315.0,14380.0,3,14410.0,14365.0,14365.0,14365.0,1.0,71825.0,133
2023-05-10 22:17:58,ss2404,ss2404,14365.0,0.0,0.0,0.0,1,14315.0,14380.0,3,14410.0,14365.0,14365.0,14365.0,1.0,71825.0,133
2023-05-10 22:18:24,ss2404,ss2404,14365.0,0.0,0.0,0.0,2,14300.0,14380.0,3,14410.0,14365.0,14365.0,14365.0,1.0,71825.0,133
2023-05-10 22:18:25,ss2404,ss2404,14365.0,0.0,0.0,0.0,1,14305.0,14380.0,3,14410.0,14365.0,14365.0,14365.0,1.0,71825.0,133
2023-05-10 22:18:40,ss2404,ss2404,14365.0,0.0,0.0,0.0,1,14305.0,14380.0,4,14410.0,14365.0,14365.0,14365.0,1.0,71825.0,133
2023-05-10 22:18:57,ss2404,ss2404,14365.0,0.0,0.0,0.0,1,14305.0,14380.0,5,14410.0,14365.0,14365.0,14365.0,1.0,71825.0,133
2023-05-10 22:18:57,ss2404,ss2404,14365.0,0.0,0.0,0.0,1,14305.0,14380.0,4,14410.0,14365.0,14365.0,14365.0,1.0,71825.0,133
2023-05-10 22:19:06,ss2404,ss2404,14365.0,0.0,0.0,0.0,1,14305.0,14380.0,5,14410.0,14365.0,14365.0,14365.0,1.0,71825.0,133
2023-05-10 22:19:17,ss2404,ss2404,14365.0,0.0,0.0,0.0,2,14300.0,14380.0,5,14410.0,14365.0,14365.0,14365.0,1.0,71825.0,133
2023-05-10 22:19:18,ss2404,ss2404,14365.0,0.0,0.0,0.0,3,14300.0,14375.0,1,14410.0,14365.0,14365.0,14365.0,1.0,71825.0,133
2023-05-10 22:19:18,ss2404,ss2404,14365.0,0.0,0.0,0.0,3,14300.0,14375.0,2,14410.0,14365.0,14365.0,14365.0,1.0,71825.0,133
2023-05-10 22:19:19,ss2404,ss2404,14365.0,0.0,0.0,0.0,3,14300.0,14375.0,3,14410.0,14365.0,14365.0,14365.0,1.0,71825.0,133
2023-05-10 22:19:31,ss2404,ss2404,14365.0,0.0,0.0,0.0,3,14300.0,14375.0,2,14410.0,14365.0,14365.0,14365.0,1.0,71825.0,133
2023-05-10 22:19:32,ss2404,ss2404,14365.0,0.0,0.0,0.0,3,14300.0,14375.0,3,14410.0,14365.0,14365.0,14365.0,1.0,71825.0,133
2023-05-10 22:19:33,ss2404,ss2404,14365.0,0.0,0.0,0.0,3,14300.0,14375.0,2,14410.0,14365.0,14365.0,14365.0,1.0,71825.0,133
2023-05-10 22:19:34,ss2404,ss2404,14365.0,0.0,0.0,0.0,3,14300.0,14375.0,3,14410.0,14365.0,14365.0,14365.0,1.0,71825.0,133
2023-05-10 22:19:35,ss2404,ss2404,14365.0,0.0,0.0,0.0,3,14300.0,14375.0,2,14410.0,14365.0,14365.0,14365.0,1.0,71825.0,133
2023-05-10 22:19:35,ss2404,ss2404,14365.0,0.0,0.0,0.0,3,14300.0,14375.0,3,14410.0,14365.0,14365.0,14365.0,1.0,71825.0,133
2023-05-10 22:19:36,ss2404,ss2404,14365.0,0.0,0.0,0.0,3,14300.0,14375.0,2,14410.0,14365.0,14365.0,14365.0,1.0,71825.0,133
2023-05-10 22:19:36,ss2404,ss2404,14365.0,0.0,0.0,0.0,1,14305.0,14375.0,2,14410.0,14365.0,14365.0,14365.0,1.0,71825.0,133
2023-05-10 22:19:37,ss2404,ss2404,14365.0,0.0,0.0,0.0,1,14305.0,14365.0,1,14410.0,14365.0,14365.0,14365.0,1.0,71825.0,133
2023-05-10 22:19:37,ss2404,ss2404,14365.0,0.0,0.0,0.0,2,14300.0,14365.0,2,14410.0,14365.0,14365.0,14365.0,1.0,71825.0,133
2023-05-10 22:19:38,ss2404,ss2404,14365.0,0.0,0.0,0.0,3,14300.0,14365.0,2,14410.0,14365.0,14365.0,14365.0,1.0,71825.0,133
2023-05-10 22:19:38,ss2404,ss2404,14365.0,0.0,0.0,0.0,3,14300.0,14365.0,3,14410.0,14365.0,14365.0,14365.0,1.0,71825.0,133
2023-05-10 22:19:39,ss2404,ss2404,14365.0,0.0,0.0,0.0,3,14300.0,14365.0,3,14410.0,14365.0,14365.0,14365.0,1.0,71825.0,133
2023-05-10 22:19:40,ss2404,ss2404,14365.0,0.0,0.0,0.0,3,14300.0,14365.0,3,14410.0,14365.0,14365.0,14365.0,1.0,71825.0,133
2023-05-10 22:19:49,ss2404,ss2404,14365.0,0.0,0.0,0.0,3,14300.0,14365.0,2,14410.0,14365.0,14365.0,14365.0,1.0,71825.0,133
2023-05-10 22:19:50,ss2404,ss2404,14365.0,0.0,0.0,0.0,3,14300.0,14365.0,2,14410.0,14365.0,14365.0,14365.0,1.0,71825.0,133
2023-05-10 22:19:55,ss2404,ss2404,14365.0,0.0,0.0,0.0,1,14305.0,14365.0,2,14410.0,14365.0,14365.0,14365.0,1.0,71825.0,133
2023-05-10 22:19:56,ss2404,ss2404,14365.0,0.0,0.0,0.0,1,14305.0,14365.0,2,14410.0,14365.0,14365.0,14365.0,1.0,71825.0,133
2023-05-10 22:19:59,ss2404,ss2404,14365.0,0.0,0.0,0.0,2,14300.0,14365.0,3,14410.0,14365.0,14365.0,14365.0,1.0,71825.0,133
2023-05-10 22:19:59,ss2404,ss2404,14365.0,0.0,0.0,0.0,3,14300.0,14365.0,3,14410.0,14365.0,14365.0,14365.0,1.0,71825.0,133
2023-05-10 22:20:00,ss2404,ss2404,14365.0,0.0,0.0,0.0,3,14300.0,14365.0,2,14410.0,14365.0,14365.0,14365.0,1.0,71825.0,133
2023-05-10 22:20:01,ss2404,ss2404,14365.0,0.0,0.0,0.0,3,14300.0,14365.0,3,14410.0,14365.0,14365.0,14365.0,1.0,71825.0,133
2023-05-10 22:20:02,ss2404,ss2404,14365.0,0.0,0.0,0.0,3,14300.0,14365.0,2,14410.0,14365.0,14365.0,14365.0,1.0,71825.0,133
2023-05-10 22:20:18,ss2404,ss2404,14365.0,0.0,0.0,0.0,1,14305.0,14365.0,2,14410.0,14365.0,14365.0,14365.0,1.0,71825.0,133
2023-05-10 22:20:22,ss2404,ss2404,14365.0,0.0,0.0,0.0,1,14305.0,14365.0,3,14410.0,14365.0,14365.0,14365.0,1.0,71825.0,133
2023-05-10 22:20:29,ss2404,ss2404,14365.0,0.0,0.0,0.0,1,14305.0,14360.0,1,14410.0,14365.0,14365.0,14365.0,1.0,71825.0,133
2023-05-10 22:20:29,ss2404,ss2404,14365.0,0.0,0.0,0.0,1,14305.0,14360.0,1,14410.0,14365.0,14365.0,14365.0,1.0,71825.0,133
2023-05-10 22:20:45,ss2404,ss2404,14365.0,0.0,0.0,0.0,1,14305.0,14360.0,1,14410.0,14365.0,14365.0,14365.0,1.0,71825.0,133
2023-05-10 22:21:28,ss2404,ss2404,14365.0,0.0,0.0,0.0,2,14300.0,14360.0,2,14410.0,14365.0,14365.0,14365.0,1.0,71825.0,133
2023-05-10 22:21:28,ss2404,ss2404,14365.0,0.0,0.0,0.0,3,14300.0,14360.0,1,14410.0,14365.0,14365.0,14365.0,1.0,71825.0,133
2023-05-10 22:21:30,ss2404,ss2404,14365.0,0.0,0.0,0.0,3,14300.0,14360.0,2,14410.0,14365.0,14365.0,14365.0,1.0,71825.0,133
2023-05-10 22:21:36,ss2404,ss2404,14365.0,0.0,0.0,0.0,3,14300.0,14360.0,1,14410.0,14365.0,14365.0,14365.0,1.0,71825.0,133
2023-05-10 22:21:36,ss2404,ss2404,14365.0,0.0,0.0,0.0,1,14305.0,14360.0,1,14410.0,14365.0,14365.0,14365.0,1.0,71825.0,133
2023-05-10 22:21:45,ss2404,ss2404,14365.0,0.0,0.0,0.0,2,14300.0,14360.0,1,14410.0,14365.0,14365.0,14365.0,1.0,71825.0,133
2023-05-10 22:21:46,ss2404,ss2404,14365.0,0.0,0.0,0.0,3,14300.0,14360.0,2,14410.0,14365.0,14365.0,14365.0,1.0,71825.0,133
2023-05-10 22:21:48,ss2404,ss2404,14365.0,0.0,0.0,0.0,3,14300.0,14360.0,1,14410.0,14365.0,14365.0,14365.0,1.0,71825.0,133
2023-05-10 22:21:53,ss2404,ss2404,14365.0,0.0,0.0,0.0,1,14305.0,14360.0,1,14410.0,14365.0,14365.0,14365.0,1.0,71825.0,133
2023-05-10 22:22:05,ss2404,ss2404,14365.0,0.0,0.0,0.0,2,14300.0,14360.0,2,14410.0,14365.0,14365.0,14365.0,1.0,71825.0,133
2023-05-10 22:22:06,ss2404,ss2404,14365.0,0.0,0.0,0.0,3,14300.0,14360.0,2,14410.0,14365.0,14365.0,14365.0,1.0,71825.0,133
2023-05-10 22:22:12,ss2404,ss2404,14365.0,0.0,0.0,0.0,3,14300.0,14360.0,2,14410.0,14365.0,14365.0,14365.0,1.0,71825.0,133
2023-05-10 22:22:13,ss2404,ss2404,14365.0,0.0,0.0,0.0,3,14300.0,14360.0,2,14410.0,14365.0,14365.0,14365.0,1.0,71825.0,133
2023-05-10 22:22:26,ss2404,ss2404,14365.0,0.0,0.0,0.0,3,14300.0,14360.0,2,14410.0,14365.0,14365.0,14365.0,1.0,71825.0,133
2023-05-10 22:22:27,ss2404,ss2404,14365.0,0.0,0.0,0.0,3,14300.0,14360.0,2,14410.0,14365.0,14365.0,14365.0,1.0,71825.0,133
2023-05-10 22:23:01,ss2404,ss2404,14365.0,0.0,0.0,0.0,3,14300.0,14360.0,2,14410.0,14365.0,14365.0,14365.0,1.0,71825.0,133
2023-05-10 22:23:05,ss2404,ss2404,14365.0,0.0,0.0,0.0,2,14300.0,14360.0,2,14410.0,14365.0,14365.0,14365.0,1.0,71825.0,133
2023-05-10 22:23:05,ss2404,ss2404,14365.0,0.0,0.0,0.0,2,14300.0,14360.0,3,14410.0,14365.0,14365.0,14365.0,1.0,71825.0,133
2023-05-10 22:23:06,ss2404,ss2404,14365.0,0.0,0.0,0.0,2,14300.0,14360.0,2,14410.0,14365.0,14365.0,14365.0,1.0,71825.0,133
2023-05-10 22:23:23,ss2404,ss2404,14365.0,0.0,0.0,0.0,2,14300.0,14360.0,3,14410.0,14365.0,14365.0,14365.0,1.0,71825.0,133
2023-05-10 22:23:24,ss2404,ss2404,14365.0,0.0,0.0,0.0,2,14300.0,14360.0,2,14410.0,14365.0,14365.0,14365.0,1.0,71825.0,133
2023-05-10 22:23:25,ss2404,ss2404,14365.0,0.0,0.0,0.0,2,14300.0,14360.0,3,14410.0,14365.0,14365.0,14365.0,1.0,71825.0,133
2023-05-10 22:23:26,ss2404,ss2404,14365.0,0.0,0.0,0.0,2,14300.0,14360.0,2,14410.0,14365.0,14365.0,14365.0,1.0,71825.0,133
2023-05-10 22:23:29,ss2404,ss2404,14365.0,0.0,0.0,0.0,2,14300.0,14360.0,3,14410.0,14365.0,14365.0,14365.0,1.0,71825.0,133
2023-05-10 22:23:35,ss2404,ss2404,14365.0,0.0,0.0,0.0,2,14300.0,14360.0,3,14410.0,14365.0,14365.0,14365.0,1.0,71825.0,133
2023-05-10 22:23:35,ss2404,ss2404,14365.0,0.0,0.0,0.0,2,14300.0,14360.0,3,14410.0,14365.0,14365.0,14365.0,1.0,71825.0,133
2023-05-10 22:23:44,ss2404,ss2404,14365.0,0.0,0.0,0.0,2,14300.0,14360.0,3,14410.0,14365.0,14365.0,14365.0,1.0,71825.0,133
2023-05-10 22:23:44,ss2404,ss2404,14365.0,0.0,0.0,0.0,2,14300.0,14360.0,3,14410.0,14365.0,14365.0,14365.0,1.0,71825.0,133
2023-05-10 22:24:02,ss2404,ss2404,14365.0,0.0,0.0,0.0,2,14300.0,14360.0,1,14410.0,14365.0,14365.0,14365.0,1.0,71825.0,133
2023-05-10 22:24:03,ss2404,ss2404,14365.0,0.0,0.0,0.0,2,14300.0,14360.0,3,14410.0,14365.0,14365.0,14365.0,1.0,71825.0,133
2023-05-10 22:24:04,ss2404,ss2404,14365.0,0.0,0.0,0.0,2,14300.0,14360.0,1,14410.0,14365.0,14365.0,14365.0,1.0,71825.0,133
2023-05-10 22:24:12,ss2404,ss2404,14365.0,0.0,0.0,0.0,2,14300.0,14360.0,3,14410.0,14365.0,14365.0,14365.0,1.0,71825.0,133
2023-05-10 22:24:12,ss2404,ss2404,14365.0,0.0,0.0,0.0,2,14300.0,14360.0,1,14410.0,14365.0,14365.0,14365.0,1.0,71825.0,133
2023-05-10 22:24:18,ss2404,ss2404,14365.0,0.0,0.0,0.0,2,14300.0,14360.0,2,14410.0,14365.0,14365.0,14365.0,1.0,71825.0,133
2023-05-10 22:24:18,ss2404,ss2404,14365.0,0.0,0.0,0.0,2,14300.0,14360.0,1,14410.0,14365.0,14365.0,14365.0,1.0,71825.0,133
2023-05-10 22:24:20,ss2404,ss2404,14365.0,0.0,0.0,0.0,2,14300.0,14360.0,2,14410.0,14365.0,14365.0,14365.0,1.0,71825.0,133
2023-05-10 22:24:23,ss2404,ss2404,14365.0,0.0,0.0,0.0,2,14300.0,14355.0,1,14410.0,14365.0,14365.0,14365.0,1.0,71825.0,133
2023-05-10 22:24:23,ss2404,ss2404,14365.0,0.0,0.0,0.0,2,14300.0,14355.0,1,14410.0,14365.0,14365.0,14365.0,1.0,71825.0,133
2023-05-10 22:24:25,ss2404,ss2404,14365.0,0.0,0.0,0.0,2,14300.0,14360.0,1,14410.0,14365.0,14365.0,14365.0,1.0,71825.0,133
2023-05-10 22:24:25,ss2404,ss2404,14365.0,0.0,0.0,0.0,2,14300.0,14360.0,2,14410.0,14365.0,14365.0,14365.0,1.0,71825.0,133
2023-05-10 22:24:34,ss2404,ss2404,14365.0,0.0,0.0,0.0,2,14300.0,14355.0,1,14410.0,14365.0,14365.0,14365.0,1.0,71825.0,133
2023-05-10 22:24:34,ss2404,ss2404,14365.0,0.0,0.0,0.0,2,14300.0,14355.0,1,14410.0,14365.0,14365.0,14365.0,1.0,71825.0,133
2023-05-10 22:24:36,ss2404,ss2404,14365.0,0.0,0.0,0.0,2,14300.0,14360.0,1,14410.0,14365.0,14365.0,14365.0,1.0,71825.0,133
2023-05-10 22:24:37,ss2404,ss2404,14365.0,0.0,0.0,0.0,2,14300.0,14360.0,2,14410.0,14365.0,14365.0,14365.0,1.0,71825.0,133
2023-05-10 22:24:39,ss2404,ss2404,14365.0,0.0,0.0,0.0,2,14300.0,14355.0,1,14410.0,14365.0,14365.0,14365.0,1.0,71825.0,133
2023-05-10 22:24:39,ss2404,ss2404,14365.0,0.0,0.0,0.0,2,14300.0,14355.0,1,14410.0,14365.0,14365.0,14365.0,1.0,71825.0,133
2023-05-10 22:24:42,ss2404,ss2404,14365.0,0.0,0.0,0.0,2,14300.0,14360.0,1,14410.0,14365.0,14365.0,14365.0,1.0,71825.0,133
2023-05-10 22:24:43,ss2404,ss2404,14365.0,0.0,0.0,0.0,2,14300.0,14360.0,2,14410.0,14365.0,14365.0,14365.0,1.0,71825.0,133
2023-05-10 22:25:11,ss2404,ss2404,14365.0,0.0,0.0,0.0,2,14300.0,14355.0,1,14410.0,14365.0,14365.0,14365.0,1.0,71825.0,133
2023-05-10 22:25:11,ss2404,ss2404,14365.0,0.0,0.0,0.0,2,14300.0,14355.0,1,14410.0,14365.0,14365.0,14365.0,1.0,71825.0,133
2023-05-10 22:25:14,ss2404,ss2404,14365.0,0.0,0.0,0.0,2,14300.0,14360.0,1,14410.0,14365.0,14365.0,14365.0,1.0,71825.0,133
2023-05-10 22:25:14,ss2404,ss2404,14365.0,0.0,0.0,0.0,2,14300.0,14360.0,2,14410.0,14365.0,14365.0,14365.0,1.0,71825.0,133
2023-05-10 22:25:17,ss2404,ss2404,14365.0,0.0,0.0,0.0,2,14300.0,14355.0,1,14410.0,14365.0,14365.0,14365.0,1.0,71825.0,133
2023-05-10 22:25:17,ss2404,ss2404,14365.0,0.0,0.0,0.0,2,14300.0,14355.0,1,14410.0,14365.0,14365.0,14365.0,1.0,71825.0,133
2023-05-10 22:25:20,ss2404,ss2404,14365.0,0.0,0.0,0.0,2,14300.0,14360.0,1,14410.0,14365.0,14365.0,14365.0,1.0,71825.0,133
2023-05-10 22:25:20,ss2404,ss2404,14365.0,0.0,0.0,0.0,2,14300.0,14360.0,2,14410.0,14365.0,14365.0,14365.0,1.0,71825.0,133
2023-05-10 22:25:24,ss2404,ss2404,14365.0,0.0,0.0,0.0,2,14300.0,14355.0,1,14410.0,14365.0,14365.0,14365.0,1.0,71825.0,133
2023-05-10 22:25:24,ss2404,ss2404,14365.0,0.0,0.0,0.0,2,14300.0,14355.0,1,14410.0,14365.0,14365.0,14365.0,1.0,71825.0,133
2023-05-10 22:25:25,ss2404,ss2404,14365.0,0.0,0.0,0.0,2,14300.0,14360.0,1,14410.0,14365.0,14365.0,14365.0,1.0,71825.0,133
2023-05-10 22:25:25,ss2404,ss2404,14365.0,0.0,0.0,0.0,2,14300.0,14360.0,2,14410.0,14365.0,14365.0,14365.0,1.0,71825.0,133
2023-05-10 22:25:28,ss2404,ss2404,14365.0,0.0,0.0,0.0,2,14300.0,14360.0,1,14410.0,14365.0,14365.0,14365.0,1.0,71825.0,133
2023-05-10 22:25:31,ss2404,ss2404,14365.0,0.0,0.0,0.0,2,14300.0,14355.0,1,14410.0,14365.0,14365.0,14365.0,1.0,71825.0,133
2023-05-10 22:25:31,ss2404,ss2404,14365.0,0.0,0.0,0.0,2,14300.0,14405.0,1,14410.0,14365.0,14365.0,14365.0,1.0,71825.0,133
2023-05-10 22:25:32,ss2404,ss2404,14365.0,0.0,0.0,0.0,2,14300.0,14400.0,2,14410.0,14365.0,14365.0,14365.0,1.0,71825.0,133
