time,symbol_id,symbol_name,last,trade_volume,trade_amount,open_interest_change,bv1,bp1,ap1,av1,yesterday_close,today_open,today_high,today_low,volume,amount,open_interest
2023-05-09 20:58:05,rr2309,rr2309,3435.0,0.0,0.0,0.0,1,3433.0,3436.0,2,3435.0,3433.0,0.0,0.0,0.0,0.0,3423
2023-05-09 21:00:00,rr2309,rr2309,3433.0,1.0,34330.0,0.0,2,3431.0,3435.0,1,3435.0,3433.0,3433.0,3433.0,1.0,34330.0,3423
2023-05-09 21:00:01,rr2309,rr2309,3433.0,0.0,0.0,0.0,2,3431.0,3435.0,4,3435.0,3433.0,3433.0,3433.0,1.0,34330.0,3423
2023-05-09 21:00:01,rr2309,rr2309,3433.0,0.0,0.0,0.0,2,3431.0,3435.0,1,3435.0,3433.0,3433.0,3433.0,1.0,34330.0,3423
2023-05-09 21:00:06,rr2309,rr2309,3433.0,0.0,0.0,0.0,5,3431.0,3435.0,1,3435.0,3433.0,3433.0,3433.0,1.0,34330.0,3423
2023-05-09 21:00:07,rr2309,rr2309,3433.0,0.0,0.0,0.0,3,3432.0,3434.0,3,3435.0,3433.0,3433.0,3433.0,1.0,34330.0,3423
2023-05-09 21:00:09,rr2309,rr2309,3432.0,3.0,102960.0,3.0,2,3431.0,3432.0,3,3435.0,3433.0,3433.0,3432.0,4.0,137290.0,3426
2023-05-09 21:00:09,rr2309,rr2309,3432.0,0.0,0.0,0.0,5,3431.0,3432.0,6,3435.0,3433.0,3433.0,3432.0,4.0,137290.0,3426
2023-05-09 21:00:17,rr2309,rr2309,3432.0,0.0,0.0,0.0,2,3431.0,3432.0,6,3435.0,3433.0,3433.0,3432.0,4.0,137290.0,3426
2023-05-09 21:00:21,rr2309,rr2309,3431.0,1.0,34310.0,0.0,1,3431.0,3432.0,6,3435.0,3433.0,3433.0,3431.0,5.0,171600.0,3426
2023-05-09 21:00:22,rr2309,rr2309,3431.0,0.0,0.0,0.0,1,3431.0,3432.0,9,3435.0,3433.0,3433.0,3431.0,5.0,171600.0,3426
2023-05-09 21:00:23,rr2309,rr2309,3431.0,1.0,34310.0,0.0,20,3430.0,3432.0,9,3435.0,3433.0,3433.0,3431.0,6.0,205910.0,3426
2023-05-09 21:00:24,rr2309,rr2309,3431.0,0.0,0.0,0.0,17,3430.0,3432.0,6,3435.0,3433.0,3433.0,3431.0,6.0,205910.0,3426
2023-05-09 21:00:25,rr2309,rr2309,3431.0,0.0,0.0,0.0,20,3430.0,3432.0,9,3435.0,3433.0,3433.0,3431.0,6.0,205910.0,3426
2023-05-09 21:00:26,rr2309,rr2309,3431.0,0.0,0.0,0.0,17,3430.0,3432.0,6,3435.0,3433.0,3433.0,3431.0,6.0,205910.0,3426
2023-05-09 21:00:27,rr2309,rr2309,3431.0,0.0,0.0,0.0,20,3430.0,3432.0,9,3435.0,3433.0,3433.0,3431.0,6.0,205910.0,3426
2023-05-09 21:00:29,rr2309,rr2309,3431.0,0.0,0.0,0.0,1,3431.0,3432.0,6,3435.0,3433.0,3433.0,3431.0,6.0,205910.0,3426
2023-05-09 21:00:30,rr2309,rr2309,3431.0,0.0,0.0,0.0,1,3431.0,3432.0,9,3435.0,3433.0,3433.0,3431.0,6.0,205910.0,3426
2023-05-09 21:00:32,rr2309,rr2309,3431.0,0.0,0.0,0.0,1,3431.0,3432.0,6,3435.0,3433.0,3433.0,3431.0,6.0,205910.0,3426
2023-05-09 21:00:32,rr2309,rr2309,3431.0,0.0,0.0,0.0,3,3431.0,3432.0,9,3435.0,3433.0,3433.0,3431.0,6.0,205910.0,3426
2023-05-09 21:00:33,rr2309,rr2309,3431.0,0.0,0.0,0.0,3,3431.0,3432.0,6,3435.0,3433.0,3433.0,3431.0,6.0,205910.0,3426
2023-05-09 21:00:34,rr2309,rr2309,3431.0,0.0,0.0,0.0,3,3431.0,3432.0,7,3435.0,3433.0,3433.0,3431.0,6.0,205910.0,3426
2023-05-09 21:00:35,rr2309,rr2309,3431.0,0.0,0.0,0.0,3,3431.0,3432.0,13,3435.0,3433.0,3433.0,3431.0,6.0,205910.0,3426
2023-05-09 21:00:35,rr2309,rr2309,3431.0,0.0,0.0,0.0,3,3431.0,3432.0,16,3435.0,3433.0,3433.0,3431.0,6.0,205910.0,3426
2023-05-09 21:00:36,rr2309,rr2309,3431.0,0.0,0.0,0.0,3,3431.0,3432.0,13,3435.0,3433.0,3433.0,3431.0,6.0,205910.0,3426
2023-05-09 21:00:37,rr2309,rr2309,3431.0,0.0,0.0,0.0,3,3431.0,3432.0,16,3435.0,3433.0,3433.0,3431.0,6.0,205910.0,3426
2023-05-09 21:00:39,rr2309,rr2309,3431.0,0.0,0.0,0.0,3,3431.0,3432.0,13,3435.0,3433.0,3433.0,3431.0,6.0,205910.0,3426
2023-05-09 21:00:40,rr2309,rr2309,3431.0,0.0,0.0,0.0,3,3431.0,3432.0,16,3435.0,3433.0,3433.0,3431.0,6.0,205910.0,3426
2023-05-09 21:00:40,rr2309,rr2309,3431.0,0.0,0.0,0.0,3,3431.0,3432.0,13,3435.0,3433.0,3433.0,3431.0,6.0,205910.0,3426
2023-05-09 21:00:42,rr2309,rr2309,3431.0,0.0,0.0,0.0,3,3431.0,3432.0,16,3435.0,3433.0,3433.0,3431.0,6.0,205910.0,3426
2023-05-09 21:00:44,rr2309,rr2309,3431.0,0.0,0.0,0.0,3,3431.0,3432.0,13,3435.0,3433.0,3433.0,3431.0,6.0,205910.0,3426
2023-05-09 21:00:49,rr2309,rr2309,3431.0,0.0,0.0,0.0,3,3431.0,3432.0,10,3435.0,3433.0,3433.0,3431.0,6.0,205910.0,3426
2023-05-09 21:00:52,rr2309,rr2309,3431.0,0.0,0.0,0.0,3,3431.0,3432.0,7,3435.0,3433.0,3433.0,3431.0,6.0,205910.0,3426
2023-05-09 21:00:55,rr2309,rr2309,3431.0,0.0,0.0,0.0,3,3431.0,3432.0,10,3435.0,3433.0,3433.0,3431.0,6.0,205910.0,3426
2023-05-09 21:00:56,rr2309,rr2309,3431.0,0.0,0.0,0.0,3,3431.0,3432.0,7,3435.0,3433.0,3433.0,3431.0,6.0,205910.0,3426
2023-05-09 21:00:57,rr2309,rr2309,3431.0,0.0,0.0,0.0,3,3431.0,3432.0,10,3435.0,3433.0,3433.0,3431.0,6.0,205910.0,3426
2023-05-09 21:00:59,rr2309,rr2309,3431.0,0.0,0.0,0.0,3,3431.0,3432.0,9,3435.0,3433.0,3433.0,3431.0,6.0,205910.0,3426
2023-05-09 21:01:06,rr2309,rr2309,3431.0,0.0,0.0,0.0,3,3431.0,3432.0,12,3435.0,3433.0,3433.0,3431.0,6.0,205910.0,3426
2023-05-09 21:01:06,rr2309,rr2309,3431.0,0.0,0.0,0.0,3,3431.0,3432.0,15,3435.0,3433.0,3433.0,3431.0,6.0,205910.0,3426
2023-05-09 21:01:07,rr2309,rr2309,3431.0,0.0,0.0,0.0,6,3431.0,3432.0,15,3435.0,3433.0,3433.0,3431.0,6.0,205910.0,3426
2023-05-09 21:01:08,rr2309,rr2309,3431.0,1.0,34310.0,0.0,5,3431.0,3432.0,15,3435.0,3433.0,3433.0,3431.0,7.0,240220.0,3426
2023-05-09 21:01:10,rr2309,rr2309,3431.0,0.0,0.0,0.0,2,3431.0,3432.0,18,3435.0,3433.0,3433.0,3431.0,7.0,240220.0,3426
2023-05-09 21:01:19,rr2309,rr2309,3431.0,0.0,0.0,0.0,2,3431.0,3432.0,19,3435.0,3433.0,3433.0,3431.0,7.0,240220.0,3426
2023-05-09 21:01:52,rr2309,rr2309,3431.0,1.0,34310.0,0.0,1,3431.0,3432.0,15,3435.0,3433.0,3433.0,3431.0,8.0,274530.0,3426
2023-05-09 21:01:52,rr2309,rr2309,3431.0,1.0,34310.0,-1.0,21,3430.0,3432.0,18,3435.0,3433.0,3433.0,3431.0,9.0,308840.0,3425
2023-05-09 21:01:53,rr2309,rr2309,3431.0,0.0,0.0,0.0,21,3430.0,3431.0,3,3435.0,3433.0,3433.0,3431.0,9.0,308840.0,3425
2023-05-09 21:01:53,rr2309,rr2309,3431.0,0.0,0.0,0.0,15,3430.0,3431.0,9,3435.0,3433.0,3433.0,3431.0,9.0,308840.0,3425
2023-05-09 21:01:54,rr2309,rr2309,3431.0,0.0,0.0,0.0,15,3430.0,3431.0,15,3435.0,3433.0,3433.0,3431.0,9.0,308840.0,3425
2023-05-09 21:01:56,rr2309,rr2309,3431.0,0.0,0.0,0.0,18,3430.0,3431.0,15,3435.0,3433.0,3433.0,3431.0,9.0,308840.0,3425
2023-05-09 21:01:59,rr2309,rr2309,3430.0,19.0,651700.0,7.0,10,3429.0,3430.0,9,3435.0,3433.0,3433.0,3430.0,28.0,960540.0,3432
2023-05-09 21:02:00,rr2309,rr2309,3430.0,3.0,102900.0,-3.0,10,3429.0,3430.0,13,3435.0,3433.0,3433.0,3430.0,31.0,1063440.0,3429
2023-05-09 21:02:00,rr2309,rr2309,3430.0,0.0,0.0,0.0,16,3429.0,3430.0,16,3435.0,3433.0,3433.0,3430.0,31.0,1063440.0,3429
2023-05-09 21:02:04,rr2309,rr2309,3430.0,12.0,411600.0,-4.0,13,3429.0,3430.0,6,3435.0,3433.0,3433.0,3430.0,43.0,1475040.0,3425
2023-05-09 21:02:05,rr2309,rr2309,3430.0,0.0,0.0,0.0,16,3429.0,3430.0,6,3435.0,3433.0,3433.0,3430.0,43.0,1475040.0,3425
2023-05-09 21:02:20,rr2309,rr2309,3430.0,0.0,0.0,0.0,16,3429.0,3430.0,9,3435.0,3433.0,3433.0,3430.0,43.0,1475040.0,3425
2023-05-09 21:02:20,rr2309,rr2309,3430.0,0.0,0.0,0.0,16,3429.0,3430.0,6,3435.0,3433.0,3433.0,3430.0,43.0,1475040.0,3425
2023-05-09 21:02:21,rr2309,rr2309,3430.0,0.0,0.0,0.0,19,3429.0,3430.0,6,3435.0,3433.0,3433.0,3430.0,43.0,1475040.0,3425
2023-05-09 21:02:30,rr2309,rr2309,3430.0,0.0,0.0,0.0,16,3429.0,3430.0,9,3435.0,3433.0,3433.0,3430.0,43.0,1475040.0,3425
2023-05-09 21:02:31,rr2309,rr2309,3430.0,0.0,0.0,0.0,16,3429.0,3430.0,15,3435.0,3433.0,3433.0,3430.0,43.0,1475040.0,3425
2023-05-09 21:02:33,rr2309,rr2309,3430.0,0.0,0.0,0.0,19,3429.0,3430.0,15,3435.0,3433.0,3433.0,3430.0,43.0,1475040.0,3425
2023-05-09 21:02:35,rr2309,rr2309,3430.0,0.0,0.0,0.0,16,3429.0,3430.0,15,3435.0,3433.0,3433.0,3430.0,43.0,1475040.0,3425
2023-05-09 21:02:35,rr2309,rr2309,3430.0,0.0,0.0,0.0,10,3429.0,3430.0,18,3435.0,3433.0,3433.0,3430.0,43.0,1475040.0,3425
2023-05-09 21:02:36,rr2309,rr2309,3430.0,0.0,0.0,0.0,7,3429.0,3430.0,18,3435.0,3433.0,3433.0,3430.0,43.0,1475040.0,3425
2023-05-09 21:02:36,rr2309,rr2309,3430.0,0.0,0.0,0.0,1,3429.0,3430.0,18,3435.0,3433.0,3433.0,3430.0,43.0,1475040.0,3425
2023-05-09 21:02:37,rr2309,rr2309,3429.0,1.0,34290.0,0.0,25,3428.0,3430.0,18,3435.0,3433.0,3433.0,3429.0,44.0,1509330.0,3425
2023-05-09 21:02:50,rr2309,rr2309,3429.0,0.0,0.0,0.0,3,3429.0,3430.0,15,3435.0,3433.0,3433.0,3429.0,44.0,1509330.0,3425
2023-05-09 21:02:52,rr2309,rr2309,3429.0,0.0,0.0,0.0,25,3428.0,3430.0,18,3435.0,3433.0,3433.0,3429.0,44.0,1509330.0,3425
2023-05-09 21:02:58,rr2309,rr2309,3429.0,0.0,0.0,0.0,3,3429.0,3430.0,15,3435.0,3433.0,3433.0,3429.0,44.0,1509330.0,3425
2023-05-09 21:03:16,rr2309,rr2309,3429.0,0.0,0.0,0.0,25,3428.0,3430.0,18,3435.0,3433.0,3433.0,3429.0,44.0,1509330.0,3425
2023-05-09 21:03:34,rr2309,rr2309,3429.0,0.0,0.0,0.0,3,3429.0,3430.0,15,3435.0,3433.0,3433.0,3429.0,44.0,1509330.0,3425
2023-05-09 21:03:53,rr2309,rr2309,3429.0,0.0,0.0,0.0,25,3428.0,3430.0,18,3435.0,3433.0,3433.0,3429.0,44.0,1509330.0,3425
2023-05-09 21:04:27,rr2309,rr2309,3429.0,0.0,0.0,0.0,4,3429.0,3430.0,12,3435.0,3433.0,3433.0,3429.0,44.0,1509330.0,3425
2023-05-09 21:04:27,rr2309,rr2309,3429.0,0.0,0.0,0.0,7,3429.0,3430.0,12,3435.0,3433.0,3433.0,3429.0,44.0,1509330.0,3425
2023-05-09 21:04:29,rr2309,rr2309,3429.0,0.0,0.0,0.0,7,3429.0,3430.0,9,3435.0,3433.0,3433.0,3429.0,44.0,1509330.0,3425
2023-05-09 21:04:30,rr2309,rr2309,3429.0,0.0,0.0,0.0,7,3429.0,3430.0,6,3435.0,3433.0,3433.0,3429.0,44.0,1509330.0,3425
2023-05-09 21:04:31,rr2309,rr2309,3430.0,1.0,34300.0,0.0,7,3429.0,3430.0,3,3435.0,3433.0,3433.0,3429.0,45.0,1543630.0,3425
2023-05-09 21:04:31,rr2309,rr2309,3430.0,0.0,0.0,0.0,9,3429.0,3431.0,15,3435.0,3433.0,3433.0,3429.0,45.0,1543630.0,3425
2023-05-09 21:04:32,rr2309,rr2309,3430.0,0.0,0.0,0.0,12,3429.0,3431.0,18,3435.0,3433.0,3433.0,3429.0,45.0,1543630.0,3425
2023-05-09 21:04:32,rr2309,rr2309,3430.0,0.0,0.0,0.0,15,3429.0,3431.0,21,3435.0,3433.0,3433.0,3429.0,45.0,1543630.0,3425
2023-05-09 21:04:34,rr2309,rr2309,3430.0,0.0,0.0,0.0,18,3429.0,3431.0,21,3435.0,3433.0,3433.0,3429.0,45.0,1543630.0,3425
2023-05-09 21:04:36,rr2309,rr2309,3430.0,0.0,0.0,0.0,21,3429.0,3431.0,24,3435.0,3433.0,3433.0,3429.0,45.0,1543630.0,3425
2023-05-09 21:04:38,rr2309,rr2309,3430.0,0.0,0.0,0.0,4,3430.0,3431.0,24,3435.0,3433.0,3433.0,3429.0,45.0,1543630.0,3425
2023-05-09 21:04:39,rr2309,rr2309,3430.0,0.0,0.0,0.0,7,3430.0,3431.0,21,3435.0,3433.0,3433.0,3429.0,45.0,1543630.0,3425
2023-05-09 21:04:45,rr2309,rr2309,3430.0,0.0,0.0,0.0,13,3430.0,3431.0,21,3435.0,3433.0,3433.0,3429.0,45.0,1543630.0,3425
2023-05-09 21:04:45,rr2309,rr2309,3430.0,0.0,0.0,0.0,22,3430.0,3431.0,21,3435.0,3433.0,3433.0,3429.0,45.0,1543630.0,3425
2023-05-09 21:04:47,rr2309,rr2309,3430.0,0.0,0.0,0.0,25,3430.0,3431.0,21,3435.0,3433.0,3433.0,3429.0,45.0,1543630.0,3425
2023-05-09 21:05:08,rr2309,rr2309,3430.0,0.0,0.0,0.0,21,3430.0,3431.0,21,3435.0,3433.0,3433.0,3429.0,45.0,1543630.0,3425
2023-05-09 21:06:03,rr2309,rr2309,3430.0,0.0,0.0,0.0,23,3430.0,3431.0,21,3435.0,3433.0,3433.0,3429.0,45.0,1543630.0,3425
2023-05-09 21:06:12,rr2309,rr2309,3431.0,21.0,720510.0,15.0,39,3431.0,3432.0,10,3435.0,3433.0,3433.0,3429.0,66.0,2264140.0,3440
2023-05-09 21:06:12,rr2309,rr2309,3431.0,0.0,0.0,0.0,45,3431.0,3432.0,19,3435.0,3433.0,3433.0,3429.0,66.0,2264140.0,3440
2023-05-09 21:06:12,rr2309,rr2309,3431.0,0.0,0.0,0.0,45,3431.0,3432.0,22,3435.0,3433.0,3433.0,3429.0,66.0,2264140.0,3440
2023-05-09 21:06:13,rr2309,rr2309,3431.0,0.0,0.0,0.0,42,3431.0,3432.0,22,3435.0,3433.0,3433.0,3429.0,66.0,2264140.0,3440
2023-05-09 21:06:15,rr2309,rr2309,3431.0,0.0,0.0,0.0,45,3431.0,3432.0,25,3435.0,3433.0,3433.0,3429.0,66.0,2264140.0,3440
2023-05-09 21:06:41,rr2309,rr2309,3431.0,0.0,0.0,0.0,42,3431.0,3432.0,25,3435.0,3433.0,3433.0,3429.0,66.0,2264140.0,3440
2023-05-09 21:06:42,rr2309,rr2309,3431.0,0.0,0.0,0.0,42,3431.0,3432.0,22,3435.0,3433.0,3433.0,3429.0,66.0,2264140.0,3440
2023-05-09 21:06:43,rr2309,rr2309,3431.0,0.0,0.0,0.0,45,3431.0,3432.0,25,3435.0,3433.0,3433.0,3429.0,66.0,2264140.0,3440
2023-05-09 21:06:53,rr2309,rr2309,3431.0,0.0,0.0,0.0,48,3431.0,3432.0,25,3435.0,3433.0,3433.0,3429.0,66.0,2264140.0,3440
2023-05-09 21:07:53,rr2309,rr2309,3431.0,0.0,0.0,0.0,30,3431.0,3432.0,25,3435.0,3433.0,3433.0,3429.0,66.0,2264140.0,3440
2023-05-09 21:08:47,rr2309,rr2309,3431.0,0.0,0.0,0.0,30,3431.0,3432.0,22,3435.0,3433.0,3433.0,3429.0,66.0,2264140.0,3440
2023-05-09 21:08:47,rr2309,rr2309,3431.0,0.0,0.0,0.0,27,3431.0,3432.0,16,3435.0,3433.0,3433.0,3429.0,66.0,2264140.0,3440
2023-05-09 21:08:48,rr2309,rr2309,3431.0,0.0,0.0,0.0,27,3431.0,3432.0,19,3435.0,3433.0,3433.0,3429.0,66.0,2264140.0,3440
2023-05-09 21:08:48,rr2309,rr2309,3431.0,0.0,0.0,0.0,25,3431.0,3432.0,22,3435.0,3433.0,3433.0,3429.0,66.0,2264140.0,3440
2023-05-09 21:08:48,rr2309,rr2309,3431.0,0.0,0.0,0.0,27,3431.0,3432.0,22,3435.0,3433.0,3433.0,3429.0,66.0,2264140.0,3440
2023-05-09 21:08:50,rr2309,rr2309,3431.0,0.0,0.0,0.0,30,3431.0,3432.0,25,3435.0,3433.0,3433.0,3429.0,66.0,2264140.0,3440
2023-05-09 21:08:51,rr2309,rr2309,3431.0,0.0,0.0,0.0,27,3431.0,3432.0,19,3435.0,3433.0,3433.0,3429.0,66.0,2264140.0,3440
2023-05-09 21:08:52,rr2309,rr2309,3431.0,0.0,0.0,0.0,30,3431.0,3432.0,22,3435.0,3433.0,3433.0,3429.0,66.0,2264140.0,3440
2023-05-09 21:09:01,rr2309,rr2309,3431.0,0.0,0.0,0.0,30,3431.0,3432.0,25,3435.0,3433.0,3433.0,3429.0,66.0,2264140.0,3440
2023-05-09 21:09:01,rr2309,rr2309,3431.0,0.0,0.0,0.0,30,3431.0,3432.0,26,3435.0,3433.0,3433.0,3429.0,66.0,2264140.0,3440
2023-05-09 21:09:56,rr2309,rr2309,3431.0,0.0,0.0,0.0,30,3431.0,3432.0,27,3435.0,3433.0,3433.0,3429.0,66.0,2264140.0,3440
2023-05-09 21:10:24,rr2309,rr2309,3431.0,1.0,34310.0,0.0,30,3431.0,3432.0,27,3435.0,3433.0,3433.0,3429.0,67.0,2298450.0,3440
2023-05-09 21:10:29,rr2309,rr2309,3431.0,0.0,0.0,0.0,27,3431.0,3432.0,21,3435.0,3433.0,3433.0,3429.0,67.0,2298450.0,3440
2023-05-09 21:10:31,rr2309,rr2309,3431.0,0.0,0.0,0.0,30,3431.0,3432.0,24,3435.0,3433.0,3433.0,3429.0,67.0,2298450.0,3440
2023-05-09 21:10:40,rr2309,rr2309,3431.0,0.0,0.0,0.0,30,3431.0,3432.0,27,3435.0,3433.0,3433.0,3429.0,67.0,2298450.0,3440
2023-05-09 21:10:45,rr2309,rr2309,3431.0,0.0,0.0,0.0,33,3431.0,3432.0,30,3435.0,3433.0,3433.0,3429.0,67.0,2298450.0,3440
2023-05-09 21:11:13,rr2309,rr2309,3431.0,0.0,0.0,0.0,33,3431.0,3432.0,27,3435.0,3433.0,3433.0,3429.0,67.0,2298450.0,3440
2023-05-09 21:11:14,rr2309,rr2309,3431.0,0.0,0.0,0.0,30,3431.0,3432.0,24,3435.0,3433.0,3433.0,3429.0,67.0,2298450.0,3440
2023-05-09 21:11:15,rr2309,rr2309,3431.0,0.0,0.0,0.0,33,3431.0,3432.0,27,3435.0,3433.0,3433.0,3429.0,67.0,2298450.0,3440
2023-05-09 21:11:17,rr2309,rr2309,3431.0,0.0,0.0,0.0,33,3431.0,3432.0,30,3435.0,3433.0,3433.0,3429.0,67.0,2298450.0,3440
2023-05-09 21:11:34,rr2309,rr2309,3431.0,0.0,0.0,0.0,30,3431.0,3432.0,30,3435.0,3433.0,3433.0,3429.0,67.0,2298450.0,3440
2023-05-09 21:11:35,rr2309,rr2309,3431.0,0.0,0.0,0.0,33,3431.0,3432.0,30,3435.0,3433.0,3433.0,3429.0,67.0,2298450.0,3440
2023-05-09 21:12:18,rr2309,rr2309,3431.0,0.0,0.0,0.0,33,3431.0,3432.0,27,3435.0,3433.0,3433.0,3429.0,67.0,2298450.0,3440
2023-05-09 21:12:19,rr2309,rr2309,3431.0,0.0,0.0,0.0,33,3431.0,3432.0,30,3435.0,3433.0,3433.0,3429.0,67.0,2298450.0,3440
2023-05-09 21:13:32,rr2309,rr2309,3433.0,32.0,1098300.0,3.0,3,3433.0,3434.0,17,3435.0,3433.0,3433.0,3429.0,99.0,3396750.0,3443
2023-05-09 21:13:33,rr2309,rr2309,3433.0,0.0,0.0,0.0,11,3433.0,3434.0,26,3435.0,3433.0,3433.0,3429.0,99.0,3396750.0,3443
2023-05-09 21:13:33,rr2309,rr2309,3433.0,0.0,0.0,0.0,18,3433.0,3434.0,26,3435.0,3433.0,3433.0,3429.0,99.0,3396750.0,3443
2023-05-09 21:13:34,rr2309,rr2309,3433.0,0.0,0.0,0.0,21,3433.0,3434.0,26,3435.0,3433.0,3433.0,3429.0,99.0,3396750.0,3443
2023-05-09 21:13:35,rr2309,rr2309,3433.0,0.0,0.0,0.0,21,3433.0,3434.0,29,3435.0,3433.0,3433.0,3429.0,99.0,3396750.0,3443
2023-05-09 21:13:42,rr2309,rr2309,3433.0,0.0,0.0,0.0,24,3433.0,3434.0,29,3435.0,3433.0,3433.0,3429.0,99.0,3396750.0,3443
2023-05-09 21:13:54,rr2309,rr2309,3433.0,0.0,0.0,0.0,27,3433.0,3434.0,26,3435.0,3433.0,3433.0,3429.0,99.0,3396750.0,3443
2023-05-09 21:13:55,rr2309,rr2309,3433.0,0.0,0.0,0.0,27,3433.0,3434.0,29,3435.0,3433.0,3433.0,3429.0,99.0,3396750.0,3443
2023-05-09 21:14:13,rr2309,rr2309,3433.0,6.0,205980.0,-4.0,15,3433.0,3434.0,23,3435.0,3433.0,3433.0,3429.0,105.0,3602730.0,3439
2023-05-09 21:14:14,rr2309,rr2309,3433.0,0.0,0.0,0.0,24,3433.0,3434.0,29,3435.0,3433.0,3433.0,3429.0,105.0,3602730.0,3439
2023-05-09 21:14:26,rr2309,rr2309,3433.0,24.0,823920.0,12.0,3,3432.0,3433.0,10,3435.0,3433.0,3433.0,3429.0,129.0,4426650.0,3451
2023-05-09 21:14:27,rr2309,rr2309,3433.0,3.0,102990.0,-3.0,21,3431.0,3433.0,27,3435.0,3433.0,3433.0,3429.0,132.0,4529640.0,3448
2023-05-09 21:14:27,rr2309,rr2309,3433.0,0.0,0.0,0.0,3,3432.0,3433.0,30,3435.0,3433.0,3433.0,3429.0,132.0,4529640.0,3448
2023-05-09 21:14:28,rr2309,rr2309,3433.0,0.0,0.0,0.0,3,3432.0,3433.0,27,3435.0,3433.0,3433.0,3429.0,132.0,4529640.0,3448
2023-05-09 21:14:30,rr2309,rr2309,3433.0,0.0,0.0,0.0,3,3432.0,3433.0,30,3435.0,3433.0,3433.0,3429.0,132.0,4529640.0,3448
2023-05-09 21:14:32,rr2309,rr2309,3432.0,3.0,102960.0,3.0,27,3431.0,3432.0,3,3435.0,3433.0,3433.0,3429.0,135.0,4632600.0,3451
2023-05-09 21:14:32,rr2309,rr2309,3432.0,0.0,0.0,0.0,27,3431.0,3432.0,9,3435.0,3433.0,3433.0,3429.0,135.0,4632600.0,3451
2023-05-09 21:14:33,rr2309,rr2309,3432.0,0.0,0.0,0.0,27,3431.0,3432.0,21,3435.0,3433.0,3433.0,3429.0,135.0,4632600.0,3451
2023-05-09 21:14:33,rr2309,rr2309,3432.0,0.0,0.0,0.0,27,3431.0,3432.0,24,3435.0,3433.0,3433.0,3429.0,135.0,4632600.0,3451
2023-05-09 21:14:34,rr2309,rr2309,3432.0,0.0,0.0,0.0,27,3431.0,3432.0,27,3435.0,3433.0,3433.0,3429.0,135.0,4632600.0,3451
2023-05-09 21:14:36,rr2309,rr2309,3432.0,27.0,926640.0,-9.0,14,3432.0,3433.0,21,3435.0,3433.0,3433.0,3429.0,162.0,5559240.0,3442
2023-05-09 21:14:36,rr2309,rr2309,3432.0,0.0,0.0,0.0,24,3432.0,3433.0,27,3435.0,3433.0,3433.0,3429.0,162.0,5559240.0,3442
2023-05-09 21:14:37,rr2309,rr2309,3432.0,0.0,0.0,0.0,21,3432.0,3433.0,27,3435.0,3433.0,3433.0,3429.0,162.0,5559240.0,3442
2023-05-09 21:14:39,rr2309,rr2309,3432.0,0.0,0.0,0.0,24,3432.0,3433.0,31,3435.0,3433.0,3433.0,3429.0,162.0,5559240.0,3442
2023-05-09 21:14:41,rr2309,rr2309,3432.0,0.0,0.0,0.0,24,3432.0,3433.0,28,3435.0,3433.0,3433.0,3429.0,162.0,5559240.0,3442
2023-05-09 21:14:41,rr2309,rr2309,3432.0,0.0,0.0,0.0,21,3432.0,3433.0,28,3435.0,3433.0,3433.0,3429.0,162.0,5559240.0,3442
2023-05-09 21:14:42,rr2309,rr2309,3433.0,27.0,926910.0,1.0,6,3433.0,3434.0,20,3435.0,3433.0,3433.0,3429.0,189.0,6486150.0,3443
2023-05-09 21:14:43,rr2309,rr2309,3433.0,3.0,102990.0,0.0,16,3433.0,3434.0,29,3435.0,3433.0,3433.0,3429.0,192.0,6589140.0,3443
2023-05-09 21:14:43,rr2309,rr2309,3433.0,0.0,0.0,0.0,16,3433.0,3434.0,35,3435.0,3433.0,3433.0,3429.0,192.0,6589140.0,3443
2023-05-09 21:14:45,rr2309,rr2309,3433.0,3.0,102990.0,0.0,13,3433.0,3434.0,35,3435.0,3433.0,3433.0,3429.0,195.0,6692130.0,3443
2023-05-09 21:14:46,rr2309,rr2309,3433.0,5.0,171650.0,0.0,7,3433.0,3434.0,35,3435.0,3433.0,3433.0,3429.0,200.0,6863780.0,3443
2023-05-09 21:14:46,rr2309,rr2309,3433.0,0.0,0.0,0.0,4,3433.0,3434.0,35,3435.0,3433.0,3433.0,3429.0,200.0,6863780.0,3443
2023-05-09 21:14:47,rr2309,rr2309,3433.0,0.0,0.0,0.0,4,3433.0,3434.0,32,3435.0,3433.0,3433.0,3429.0,200.0,6863780.0,3443
2023-05-09 21:14:51,rr2309,rr2309,3433.0,0.0,0.0,0.0,8,3433.0,3434.0,32,3435.0,3433.0,3433.0,3429.0,200.0,6863780.0,3443
2023-05-09 21:14:53,rr2309,rr2309,3433.0,0.0,0.0,0.0,4,3433.0,3434.0,32,3435.0,3433.0,3433.0,3429.0,200.0,6863780.0,3443
2023-05-09 21:14:54,rr2309,rr2309,3433.0,0.0,0.0,0.0,15,3433.0,3434.0,32,3435.0,3433.0,3433.0,3429.0,200.0,6863780.0,3443
2023-05-09 21:14:55,rr2309,rr2309,3433.0,0.0,0.0,0.0,21,3433.0,3434.0,32,3435.0,3433.0,3433.0,3429.0,200.0,6863780.0,3443
2023-05-09 21:14:56,rr2309,rr2309,3433.0,24.0,823920.0,17.0,24,3432.0,3433.0,24,3435.0,3433.0,3433.0,3429.0,224.0,7687700.0,3460
2023-05-09 21:14:57,rr2309,rr2309,3433.0,0.0,0.0,0.0,30,3432.0,3433.0,27,3435.0,3433.0,3433.0,3429.0,224.0,7687700.0,3460
2023-05-09 21:14:58,rr2309,rr2309,3433.0,0.0,0.0,0.0,27,3432.0,3433.0,27,3435.0,3433.0,3433.0,3429.0,224.0,7687700.0,3460
2023-05-09 21:15:00,rr2309,rr2309,3432.0,5.0,171600.0,-5.0,22,3432.0,3433.0,32,3435.0,3433.0,3433.0,3429.0,229.0,7859300.0,3455
2023-05-09 21:15:00,rr2309,rr2309,3432.0,3.0,102960.0,0.0,21,3432.0,3433.0,29,3435.0,3433.0,3433.0,3429.0,232.0,7962260.0,3455
2023-05-09 21:15:01,rr2309,rr2309,3432.0,0.0,0.0,0.0,21,3432.0,3433.0,32,3435.0,3433.0,3433.0,3429.0,232.0,7962260.0,3455
2023-05-09 21:15:03,rr2309,rr2309,3432.0,3.0,102960.0,-3.0,18,3432.0,3433.0,32,3435.0,3433.0,3433.0,3429.0,235.0,8065220.0,3452
2023-05-09 21:15:04,rr2309,rr2309,3432.0,0.0,0.0,0.0,18,3432.0,3433.0,35,3435.0,3433.0,3433.0,3429.0,235.0,8065220.0,3452
2023-05-09 21:15:05,rr2309,rr2309,3431.0,21.0,720690.0,3.0,15,3431.0,3432.0,4,3435.0,3433.0,3433.0,3429.0,256.0,8785910.0,3455
2023-05-09 21:15:05,rr2309,rr2309,3431.0,0.0,0.0,0.0,21,3431.0,3432.0,31,3435.0,3433.0,3433.0,3429.0,256.0,8785910.0,3455
2023-05-09 21:15:07,rr2309,rr2309,3432.0,12.0,411840.0,3.0,18,3431.0,3432.0,22,3435.0,3433.0,3433.0,3429.0,268.0,9197750.0,3458
2023-05-09 21:15:07,rr2309,rr2309,3432.0,25.0,858000.0,-9.0,21,3432.0,3433.0,32,3435.0,3433.0,3433.0,3429.0,293.0,10055750.0,3449
2023-05-09 21:15:08,rr2309,rr2309,3432.0,0.0,0.0,0.0,24,3432.0,3433.0,35,3435.0,3433.0,3433.0,3429.0,293.0,10055750.0,3449
2023-05-09 21:15:09,rr2309,rr2309,3432.0,0.0,0.0,0.0,24,3432.0,3433.0,41,3435.0,3433.0,3433.0,3429.0,293.0,10055750.0,3449
2023-05-09 21:15:10,rr2309,rr2309,3432.0,0.0,0.0,0.0,27,3432.0,3433.0,41,3435.0,3433.0,3433.0,3429.0,293.0,10055750.0,3449
2023-05-09 21:15:11,rr2309,rr2309,3432.0,0.0,0.0,0.0,27,3432.0,3433.0,44,3435.0,3433.0,3433.0,3429.0,293.0,10055750.0,3449
2023-05-09 21:15:12,rr2309,rr2309,3432.0,0.0,0.0,0.0,24,3432.0,3433.0,33,3435.0,3433.0,3433.0,3429.0,293.0,10055750.0,3449
2023-05-09 21:15:12,rr2309,rr2309,3432.0,0.0,0.0,0.0,27,3432.0,3433.0,36,3435.0,3433.0,3433.0,3429.0,293.0,10055750.0,3449
2023-05-09 21:15:14,rr2309,rr2309,3432.0,0.0,0.0,0.0,30,3432.0,3433.0,36,3435.0,3433.0,3433.0,3429.0,293.0,10055750.0,3449
2023-05-09 21:15:17,rr2309,rr2309,3432.0,0.0,0.0,0.0,27,3432.0,3433.0,33,3435.0,3433.0,3433.0,3429.0,293.0,10055750.0,3449
2023-05-09 21:15:17,rr2309,rr2309,3432.0,0.0,0.0,0.0,30,3432.0,3433.0,36,3435.0,3433.0,3433.0,3429.0,293.0,10055750.0,3449
2023-05-09 21:15:43,rr2309,rr2309,3432.0,0.0,0.0,0.0,30,3432.0,3433.0,37,3435.0,3433.0,3433.0,3429.0,293.0,10055750.0,3449
2023-05-09 21:16:29,rr2309,rr2309,3433.0,5.0,171650.0,2.0,30,3432.0,3433.0,32,3435.0,3433.0,3433.0,3429.0,298.0,10227400.0,3451
2023-05-09 21:16:29,rr2309,rr2309,3433.0,7.0,240310.0,1.0,24,3432.0,3433.0,26,3435.0,3433.0,3433.0,3429.0,305.0,10467710.0,3452
2023-05-09 21:16:29,rr2309,rr2309,3433.0,0.0,0.0,0.0,27,3432.0,3433.0,29,3435.0,3433.0,3433.0,3429.0,305.0,10467710.0,3452
2023-05-09 21:16:33,rr2309,rr2309,3433.0,0.0,0.0,0.0,27,3432.0,3433.0,26,3435.0,3433.0,3433.0,3429.0,305.0,10467710.0,3452
2023-05-09 21:16:39,rr2309,rr2309,3433.0,23.0,789590.0,6.0,4,3433.0,3434.0,16,3435.0,3433.0,3433.0,3429.0,328.0,11257300.0,3458
2023-05-09 21:16:39,rr2309,rr2309,3433.0,3.0,102990.0,1.0,19,3433.0,3434.0,28,3435.0,3433.0,3433.0,3429.0,331.0,11360290.0,3459
2023-05-09 21:16:39,rr2309,rr2309,3433.0,0.0,0.0,0.0,22,3433.0,3434.0,34,3435.0,3433.0,3433.0,3429.0,331.0,11360290.0,3459
2023-05-09 21:16:42,rr2309,rr2309,3433.0,0.0,0.0,0.0,25,3433.0,3434.0,34,3435.0,3433.0,3433.0,3429.0,331.0,11360290.0,3459
2023-05-09 21:16:43,rr2309,rr2309,3433.0,0.0,0.0,0.0,22,3433.0,3434.0,34,3435.0,3433.0,3433.0,3429.0,331.0,11360290.0,3459
2023-05-09 21:16:43,rr2309,rr2309,3433.0,0.0,0.0,0.0,19,3433.0,3434.0,34,3435.0,3433.0,3433.0,3429.0,331.0,11360290.0,3459
2023-05-09 21:16:44,rr2309,rr2309,3433.0,0.0,0.0,0.0,22,3433.0,3434.0,34,3435.0,3433.0,3433.0,3429.0,331.0,11360290.0,3459
2023-05-09 21:16:51,rr2309,rr2309,3433.0,18.0,617940.0,-4.0,15,3432.0,3433.0,6,3435.0,3433.0,3433.0,3429.0,349.0,11978230.0,3455
2023-05-09 21:16:52,rr2309,rr2309,3433.0,0.0,0.0,0.0,27,3432.0,3433.0,6,3435.0,3433.0,3433.0,3429.0,349.0,11978230.0,3455
2023-05-09 21:16:53,rr2309,rr2309,3433.0,0.0,0.0,0.0,33,3432.0,3433.0,6,3435.0,3433.0,3433.0,3429.0,349.0,11978230.0,3455
2023-05-09 21:16:55,rr2309,rr2309,3433.0,0.0,0.0,0.0,33,3432.0,3433.0,9,3435.0,3433.0,3433.0,3429.0,349.0,11978230.0,3455
2023-05-09 21:16:55,rr2309,rr2309,3433.0,0.0,0.0,0.0,33,3432.0,3433.0,15,3435.0,3433.0,3433.0,3429.0,349.0,11978230.0,3455
2023-05-09 21:16:56,rr2309,rr2309,3433.0,0.0,0.0,0.0,33,3432.0,3433.0,21,3435.0,3433.0,3433.0,3429.0,349.0,11978230.0,3455
2023-05-09 21:17:00,rr2309,rr2309,3433.0,0.0,0.0,0.0,33,3432.0,3433.0,24,3435.0,3433.0,3433.0,3429.0,349.0,11978230.0,3455
2023-05-09 21:17:02,rr2309,rr2309,3433.0,6.0,205980.0,0.0,33,3432.0,3433.0,21,3435.0,3433.0,3433.0,3429.0,355.0,12184210.0,3455
2023-05-09 21:17:22,rr2309,rr2309,3433.0,12.0,411960.0,-3.0,3,3433.0,3434.0,16,3435.0,3433.0,3433.0,3429.0,367.0,12596170.0,3452
2023-05-09 21:17:22,rr2309,rr2309,3433.0,13.0,446290.0,1.0,1,3433.0,3434.0,19,3435.0,3433.0,3433.0,3429.0,380.0,13042460.0,3453
2023-05-09 21:17:23,rr2309,rr2309,3433.0,0.0,0.0,0.0,4,3433.0,3434.0,31,3435.0,3433.0,3433.0,3429.0,380.0,13042460.0,3453
2023-05-09 21:17:25,rr2309,rr2309,3433.0,0.0,0.0,0.0,7,3433.0,3434.0,34,3435.0,3433.0,3433.0,3429.0,380.0,13042460.0,3453
2023-05-09 21:17:32,rr2309,rr2309,3433.0,0.0,0.0,0.0,16,3433.0,3434.0,34,3435.0,3433.0,3433.0,3429.0,380.0,13042460.0,3453
2023-05-09 21:17:33,rr2309,rr2309,3433.0,0.0,0.0,0.0,22,3433.0,3434.0,34,3435.0,3433.0,3433.0,3429.0,380.0,13042460.0,3453
2023-05-09 21:17:34,rr2309,rr2309,3433.0,0.0,0.0,0.0,25,3433.0,3434.0,34,3435.0,3433.0,3433.0,3429.0,380.0,13042460.0,3453
2023-05-09 21:17:37,rr2309,rr2309,3433.0,0.0,0.0,0.0,22,3433.0,3434.0,34,3435.0,3433.0,3433.0,3429.0,380.0,13042460.0,3453
2023-05-09 21:17:51,rr2309,rr2309,3433.0,0.0,0.0,0.0,25,3433.0,3434.0,34,3435.0,3433.0,3433.0,3429.0,380.0,13042460.0,3453
2023-05-09 21:18:09,rr2309,rr2309,3433.0,0.0,0.0,0.0,28,3433.0,3434.0,34,3435.0,3433.0,3433.0,3429.0,380.0,13042460.0,3453
2023-05-09 21:18:30,rr2309,rr2309,3433.0,0.0,0.0,0.0,25,3433.0,3434.0,34,3435.0,3433.0,3433.0,3429.0,380.0,13042460.0,3453
2023-05-09 21:18:57,rr2309,rr2309,3433.0,0.0,0.0,0.0,22,3433.0,3434.0,34,3435.0,3433.0,3433.0,3429.0,380.0,13042460.0,3453
2023-05-09 21:18:58,rr2309,rr2309,3433.0,0.0,0.0,0.0,25,3433.0,3434.0,34,3435.0,3433.0,3433.0,3429.0,380.0,13042460.0,3453
2023-05-09 21:19:13,rr2309,rr2309,3433.0,0.0,0.0,0.0,25,3433.0,3434.0,31,3435.0,3433.0,3433.0,3429.0,380.0,13042460.0,3453
2023-05-09 21:20:29,rr2309,rr2309,3433.0,0.0,0.0,0.0,22,3433.0,3434.0,31,3435.0,3433.0,3433.0,3429.0,380.0,13042460.0,3453
2023-05-09 21:20:29,rr2309,rr2309,3433.0,0.0,0.0,0.0,16,3433.0,3434.0,28,3435.0,3433.0,3433.0,3429.0,380.0,13042460.0,3453
2023-05-09 21:20:31,rr2309,rr2309,3433.0,0.0,0.0,0.0,19,3433.0,3434.0,31,3435.0,3433.0,3433.0,3429.0,380.0,13042460.0,3453
2023-05-09 21:20:31,rr2309,rr2309,3433.0,0.0,0.0,0.0,22,3433.0,3434.0,31,3435.0,3433.0,3433.0,3429.0,380.0,13042460.0,3453
2023-05-09 21:20:48,rr2309,rr2309,3433.0,0.0,0.0,0.0,25,3433.0,3434.0,31,3435.0,3433.0,3433.0,3429.0,380.0,13042460.0,3453
2023-05-09 21:21:38,rr2309,rr2309,3433.0,25.0,858250.0,6.0,12,3432.0,3433.0,9,3435.0,3433.0,3433.0,3429.0,405.0,13900710.0,3459
2023-05-09 21:21:38,rr2309,rr2309,3433.0,3.0,102990.0,-3.0,24,3432.0,3433.0,21,3435.0,3433.0,3433.0,3429.0,408.0,14003700.0,3456
2023-05-09 21:21:38,rr2309,rr2309,3433.0,0.0,0.0,0.0,27,3432.0,3433.0,24,3435.0,3433.0,3433.0,3429.0,408.0,14003700.0,3456
2023-05-09 21:21:39,rr2309,rr2309,3433.0,0.0,0.0,0.0,27,3432.0,3433.0,21,3435.0,3433.0,3433.0,3429.0,408.0,14003700.0,3456
2023-05-09 21:21:41,rr2309,rr2309,3433.0,0.0,0.0,0.0,30,3432.0,3433.0,24,3435.0,3433.0,3433.0,3429.0,408.0,14003700.0,3456
2023-05-09 21:22:20,rr2309,rr2309,3433.0,0.0,0.0,0.0,30,3432.0,3433.0,30,3435.0,3433.0,3433.0,3429.0,408.0,14003700.0,3456
2023-05-09 21:22:28,rr2309,rr2309,3433.0,0.0,0.0,0.0,30,3432.0,3433.0,33,3435.0,3433.0,3433.0,3429.0,408.0,14003700.0,3456
2023-05-09 21:22:28,rr2309,rr2309,3433.0,0.0,0.0,0.0,33,3432.0,3433.0,33,3435.0,3433.0,3433.0,3429.0,408.0,14003700.0,3456
2023-05-09 21:22:38,rr2309,rr2309,3432.0,30.0,1029600.0,-3.0,3,3431.0,3432.0,3,3435.0,3433.0,3433.0,3429.0,438.0,15033300.0,3453
2023-05-09 21:22:39,rr2309,rr2309,3431.0,9.0,308790.0,-3.0,13,3429.0,3431.0,3,3435.0,3433.0,3433.0,3429.0,447.0,15342090.0,3450
2023-05-09 21:22:39,rr2309,rr2309,3431.0,0.0,0.0,0.0,3,3430.0,3431.0,9,3435.0,3433.0,3433.0,3429.0,447.0,15342090.0,3450
2023-05-09 21:22:40,rr2309,rr2309,3431.0,13.0,446030.0,-3.0,3,3431.0,3432.0,3,3435.0,3433.0,3433.0,3429.0,460.0,15788120.0,3447
2023-05-09 21:22:40,rr2309,rr2309,3431.0,0.0,0.0,0.0,15,3431.0,3433.0,30,3435.0,3433.0,3433.0,3429.0,460.0,15788120.0,3447
2023-05-09 21:22:40,rr2309,rr2309,3431.0,0.0,0.0,0.0,21,3431.0,3433.0,30,3435.0,3433.0,3433.0,3429.0,460.0,15788120.0,3447
2023-05-09 21:22:41,rr2309,rr2309,3431.0,0.0,0.0,0.0,24,3431.0,3433.0,36,3435.0,3433.0,3433.0,3429.0,460.0,15788120.0,3447
2023-05-09 21:23:07,rr2309,rr2309,3431.0,0.0,0.0,0.0,21,3431.0,3433.0,36,3435.0,3433.0,3433.0,3429.0,460.0,15788120.0,3447
2023-05-09 21:23:07,rr2309,rr2309,3431.0,0.0,0.0,0.0,21,3431.0,3433.0,34,3435.0,3433.0,3433.0,3429.0,460.0,15788120.0,3447
2023-05-09 21:23:08,rr2309,rr2309,3431.0,0.0,0.0,0.0,24,3431.0,3433.0,36,3435.0,3433.0,3433.0,3429.0,460.0,15788120.0,3447
2023-05-09 21:23:43,rr2309,rr2309,3431.0,0.0,0.0,0.0,3,3432.0,3433.0,36,3435.0,3433.0,3433.0,3429.0,460.0,15788120.0,3447
2023-05-09 21:23:43,rr2309,rr2309,3431.0,0.0,0.0,0.0,3,3432.0,3433.0,33,3435.0,3433.0,3433.0,3429.0,460.0,15788120.0,3447
2023-05-09 21:23:45,rr2309,rr2309,3431.0,0.0,0.0,0.0,6,3432.0,3433.0,30,3435.0,3433.0,3433.0,3429.0,460.0,15788120.0,3447
2023-05-09 21:23:45,rr2309,rr2309,3431.0,0.0,0.0,0.0,15,3432.0,3433.0,27,3435.0,3433.0,3433.0,3429.0,460.0,15788120.0,3447
2023-05-09 21:23:46,rr2309,rr2309,3431.0,0.0,0.0,0.0,24,3432.0,3433.0,27,3435.0,3433.0,3433.0,3429.0,460.0,15788120.0,3447
2023-05-09 21:23:47,rr2309,rr2309,3431.0,0.0,0.0,0.0,27,3432.0,3433.0,30,3435.0,3433.0,3433.0,3429.0,460.0,15788120.0,3447
2023-05-09 21:23:50,rr2309,rr2309,3432.0,6.0,205920.0,6.0,21,3432.0,3433.0,27,3435.0,3433.0,3433.0,3429.0,466.0,15994040.0,3453
2023-05-09 21:23:50,rr2309,rr2309,3432.0,0.0,0.0,0.0,24,3432.0,3433.0,30,3435.0,3433.0,3433.0,3429.0,466.0,15994040.0,3453
2023-05-09 21:23:51,rr2309,rr2309,3432.0,0.0,0.0,0.0,21,3432.0,3433.0,27,3435.0,3433.0,3433.0,3429.0,466.0,15994040.0,3453
2023-05-09 21:23:51,rr2309,rr2309,3432.0,0.0,0.0,0.0,24,3432.0,3433.0,30,3435.0,3433.0,3433.0,3429.0,466.0,15994040.0,3453
2023-05-09 21:24:47,rr2309,rr2309,3432.0,0.0,0.0,0.0,25,3432.0,3433.0,30,3435.0,3433.0,3433.0,3429.0,466.0,15994040.0,3453
2023-05-09 21:24:47,rr2309,rr2309,3432.0,0.0,0.0,0.0,22,3432.0,3433.0,27,3435.0,3433.0,3433.0,3429.0,466.0,15994040.0,3453
2023-05-09 21:24:49,rr2309,rr2309,3432.0,0.0,0.0,0.0,25,3432.0,3433.0,30,3435.0,3433.0,3433.0,3429.0,466.0,15994040.0,3453
2023-05-09 21:24:54,rr2309,rr2309,3432.0,0.0,0.0,0.0,22,3432.0,3433.0,30,3435.0,3433.0,3433.0,3429.0,466.0,15994040.0,3453
2023-05-09 21:24:55,rr2309,rr2309,3432.0,0.0,0.0,0.0,25,3432.0,3433.0,30,3435.0,3433.0,3433.0,3429.0,466.0,15994040.0,3453
2023-05-09 21:24:56,rr2309,rr2309,3432.0,0.0,0.0,0.0,25,3432.0,3433.0,27,3435.0,3433.0,3433.0,3429.0,466.0,15994040.0,3453
2023-05-09 21:24:57,rr2309,rr2309,3432.0,0.0,0.0,0.0,25,3432.0,3433.0,30,3435.0,3433.0,3433.0,3429.0,466.0,15994040.0,3453
2023-05-09 21:25:02,rr2309,rr2309,3432.0,0.0,0.0,0.0,25,3432.0,3433.0,27,3435.0,3433.0,3433.0,3429.0,466.0,15994040.0,3453
2023-05-09 21:25:03,rr2309,rr2309,3432.0,0.0,0.0,0.0,22,3432.0,3433.0,27,3435.0,3433.0,3433.0,3429.0,466.0,15994040.0,3453
2023-05-09 21:26:10,rr2309,rr2309,3432.0,0.0,0.0,0.0,19,3432.0,3433.0,21,3435.0,3433.0,3433.0,3429.0,466.0,15994040.0,3453
2023-05-09 21:26:11,rr2309,rr2309,3432.0,0.0,0.0,0.0,19,3432.0,3433.0,15,3435.0,3433.0,3433.0,3429.0,466.0,15994040.0,3453
2023-05-09 21:26:11,rr2309,rr2309,3432.0,0.0,0.0,0.0,22,3432.0,3433.0,21,3435.0,3433.0,3433.0,3429.0,466.0,15994040.0,3453
2023-05-09 21:26:12,rr2309,rr2309,3432.0,0.0,0.0,0.0,25,3432.0,3433.0,24,3435.0,3433.0,3433.0,3429.0,466.0,15994040.0,3453
2023-05-09 21:26:14,rr2309,rr2309,3432.0,0.0,0.0,0.0,22,3432.0,3433.0,18,3435.0,3433.0,3433.0,3429.0,466.0,15994040.0,3453
2023-05-09 21:26:15,rr2309,rr2309,3432.0,0.0,0.0,0.0,25,3432.0,3433.0,24,3435.0,3433.0,3433.0,3429.0,466.0,15994040.0,3453
2023-05-09 21:26:40,rr2309,rr2309,3432.0,0.0,0.0,0.0,26,3432.0,3433.0,24,3435.0,3433.0,3433.0,3429.0,466.0,15994040.0,3453
2023-05-09 21:28:19,rr2309,rr2309,3432.0,0.0,0.0,0.0,20,3432.0,3433.0,21,3435.0,3433.0,3433.0,3429.0,466.0,15994040.0,3453
2023-05-09 21:28:21,rr2309,rr2309,3432.0,0.0,0.0,0.0,20,3432.0,3433.0,24,3435.0,3433.0,3433.0,3429.0,466.0,15994040.0,3453
2023-05-09 21:28:21,rr2309,rr2309,3432.0,0.0,0.0,0.0,23,3432.0,3433.0,24,3435.0,3433.0,3433.0,3429.0,466.0,15994040.0,3453
2023-05-09 21:28:24,rr2309,rr2309,3432.0,0.0,0.0,0.0,26,3432.0,3433.0,24,3435.0,3433.0,3433.0,3429.0,466.0,15994040.0,3453
2023-05-09 21:28:55,rr2309,rr2309,3432.0,0.0,0.0,0.0,25,3432.0,3433.0,24,3435.0,3433.0,3433.0,3429.0,466.0,15994040.0,3453
2023-05-09 21:30:44,rr2309,rr2309,3432.0,0.0,0.0,0.0,25,3432.0,3433.0,21,3435.0,3433.0,3433.0,3429.0,466.0,15994040.0,3453
2023-05-09 21:31:37,rr2309,rr2309,3432.0,0.0,0.0,0.0,24,3432.0,3433.0,21,3435.0,3433.0,3433.0,3429.0,466.0,15994040.0,3453
2023-05-09 21:31:59,rr2309,rr2309,3432.0,0.0,0.0,0.0,24,3432.0,3433.0,18,3435.0,3433.0,3433.0,3429.0,466.0,15994040.0,3453
2023-05-09 21:32:00,rr2309,rr2309,3432.0,0.0,0.0,0.0,24,3432.0,3433.0,21,3435.0,3433.0,3433.0,3429.0,466.0,15994040.0,3453
2023-05-09 21:33:16,rr2309,rr2309,3432.0,0.0,0.0,0.0,25,3432.0,3433.0,21,3435.0,3433.0,3433.0,3429.0,466.0,15994040.0,3453
2023-05-09 21:33:56,rr2309,rr2309,3432.0,0.0,0.0,0.0,25,3432.0,3433.0,18,3435.0,3433.0,3433.0,3429.0,466.0,15994040.0,3453
2023-05-09 21:33:56,rr2309,rr2309,3432.0,0.0,0.0,0.0,22,3432.0,3433.0,24,3435.0,3433.0,3433.0,3429.0,466.0,15994040.0,3453
2023-05-09 21:34:14,rr2309,rr2309,3432.0,0.0,0.0,0.0,19,3432.0,3433.0,24,3435.0,3433.0,3433.0,3429.0,466.0,15994040.0,3453
2023-05-09 21:34:15,rr2309,rr2309,3432.0,0.0,0.0,0.0,22,3432.0,3433.0,24,3435.0,3433.0,3433.0,3429.0,466.0,15994040.0,3453
2023-05-09 21:34:18,rr2309,rr2309,3432.0,0.0,0.0,0.0,19,3432.0,3433.0,24,3435.0,3433.0,3433.0,3429.0,466.0,15994040.0,3453
2023-05-09 21:34:18,rr2309,rr2309,3432.0,0.0,0.0,0.0,22,3432.0,3433.0,24,3435.0,3433.0,3433.0,3429.0,466.0,15994040.0,3453
2023-05-09 21:34:26,rr2309,rr2309,3432.0,0.0,0.0,0.0,16,3432.0,3433.0,21,3435.0,3433.0,3433.0,3429.0,466.0,15994040.0,3453
2023-05-09 21:34:26,rr2309,rr2309,3432.0,0.0,0.0,0.0,16,3432.0,3433.0,18,3435.0,3433.0,3433.0,3429.0,466.0,15994040.0,3453
2023-05-09 21:34:27,rr2309,rr2309,3432.0,0.0,0.0,0.0,19,3432.0,3433.0,21,3435.0,3433.0,3433.0,3429.0,466.0,15994040.0,3453
2023-05-09 21:34:27,rr2309,rr2309,3432.0,0.0,0.0,0.0,19,3432.0,3433.0,24,3435.0,3433.0,3433.0,3429.0,466.0,15994040.0,3453
2023-05-09 21:34:28,rr2309,rr2309,3432.0,0.0,0.0,0.0,22,3432.0,3433.0,24,3435.0,3433.0,3433.0,3429.0,466.0,15994040.0,3453
2023-05-09 21:34:31,rr2309,rr2309,3432.0,0.0,0.0,0.0,21,3432.0,3433.0,24,3435.0,3433.0,3433.0,3429.0,466.0,15994040.0,3453
2023-05-09 21:34:34,rr2309,rr2309,3432.0,0.0,0.0,0.0,18,3432.0,3433.0,18,3435.0,3433.0,3433.0,3429.0,466.0,15994040.0,3453
2023-05-09 21:34:34,rr2309,rr2309,3432.0,0.0,0.0,0.0,24,3432.0,3433.0,21,3435.0,3433.0,3433.0,3429.0,466.0,15994040.0,3453
2023-05-09 21:34:39,rr2309,rr2309,3432.0,0.0,0.0,0.0,24,3432.0,3433.0,18,3435.0,3433.0,3433.0,3429.0,466.0,15994040.0,3453
2023-05-09 21:34:40,rr2309,rr2309,3432.0,0.0,0.0,0.0,18,3432.0,3433.0,18,3435.0,3433.0,3433.0,3429.0,466.0,15994040.0,3453
2023-05-09 21:34:40,rr2309,rr2309,3432.0,0.0,0.0,0.0,18,3432.0,3433.0,21,3435.0,3433.0,3433.0,3429.0,466.0,15994040.0,3453
2023-05-09 21:34:42,rr2309,rr2309,3432.0,0.0,0.0,0.0,21,3432.0,3433.0,24,3435.0,3433.0,3433.0,3429.0,466.0,15994040.0,3453
2023-05-09 21:35:00,rr2309,rr2309,3432.0,24.0,823680.0,15.0,20,3431.0,3432.0,53,3435.0,3433.0,3433.0,3429.0,490.0,16817720.0,3468
2023-05-09 21:35:01,rr2309,rr2309,3432.0,0.0,0.0,0.0,26,3431.0,3432.0,56,3435.0,3433.0,3433.0,3429.0,490.0,16817720.0,3468
2023-05-09 21:35:01,rr2309,rr2309,3432.0,0.0,0.0,0.0,29,3431.0,3432.0,56,3435.0,3433.0,3433.0,3429.0,490.0,16817720.0,3468
2023-05-09 21:35:02,rr2309,rr2309,3432.0,0.0,0.0,0.0,29,3431.0,3432.0,53,3435.0,3433.0,3433.0,3429.0,490.0,16817720.0,3468
2023-05-09 21:35:03,rr2309,rr2309,3432.0,0.0,0.0,0.0,32,3431.0,3432.0,56,3435.0,3433.0,3433.0,3429.0,490.0,16817720.0,3468
2023-05-09 21:35:03,rr2309,rr2309,3432.0,0.0,0.0,0.0,32,3431.0,3432.0,30,3435.0,3433.0,3433.0,3429.0,490.0,16817720.0,3468
2023-05-09 21:35:08,rr2309,rr2309,3432.0,0.0,0.0,0.0,32,3431.0,3432.0,33,3435.0,3433.0,3433.0,3429.0,490.0,16817720.0,3468
2023-05-09 21:35:12,rr2309,rr2309,3432.0,0.0,0.0,0.0,29,3431.0,3432.0,30,3435.0,3433.0,3433.0,3429.0,490.0,16817720.0,3468
2023-05-09 21:35:13,rr2309,rr2309,3432.0,0.0,0.0,0.0,32,3431.0,3432.0,33,3435.0,3433.0,3433.0,3429.0,490.0,16817720.0,3468
2023-05-09 21:35:14,rr2309,rr2309,3431.0,4.0,137240.0,0.0,25,3431.0,3432.0,27,3435.0,3433.0,3433.0,3429.0,494.0,16954960.0,3468
2023-05-09 21:35:14,rr2309,rr2309,3431.0,0.0,0.0,0.0,28,3431.0,3432.0,30,3435.0,3433.0,3433.0,3429.0,494.0,16954960.0,3468
2023-05-09 21:35:18,rr2309,rr2309,3431.0,26.0,892060.0,0.0,20,3430.0,3431.0,9,3435.0,3433.0,3433.0,3429.0,520.0,17847020.0,3468
2023-05-09 21:35:19,rr2309,rr2309,3431.0,0.0,0.0,0.0,26,3430.0,3431.0,16,3435.0,3433.0,3433.0,3429.0,520.0,17847020.0,3468
2023-05-09 21:35:19,rr2309,rr2309,3431.0,0.0,0.0,0.0,26,3430.0,3431.0,15,3435.0,3433.0,3433.0,3429.0,520.0,17847020.0,3468
2023-05-09 21:35:21,rr2309,rr2309,3431.0,0.0,0.0,0.0,29,3430.0,3431.0,18,3435.0,3433.0,3433.0,3429.0,520.0,17847020.0,3468
2023-05-09 21:35:21,rr2309,rr2309,3431.0,0.0,0.0,0.0,29,3430.0,3431.0,21,3435.0,3433.0,3433.0,3429.0,520.0,17847020.0,3468
2023-05-09 21:35:23,rr2309,rr2309,3431.0,0.0,0.0,0.0,23,3430.0,3431.0,21,3435.0,3433.0,3433.0,3429.0,520.0,17847020.0,3468
2023-05-09 21:35:27,rr2309,rr2309,3432.0,36.0,1235310.0,-21.0,6,3432.0,3433.0,6,3435.0,3433.0,3433.0,3429.0,556.0,19082330.0,3447
2023-05-09 21:35:27,rr2309,rr2309,3432.0,0.0,0.0,0.0,15,3432.0,3433.0,6,3435.0,3433.0,3433.0,3429.0,556.0,19082330.0,3447
2023-05-09 21:35:28,rr2309,rr2309,3432.0,0.0,0.0,0.0,21,3432.0,3433.0,15,3435.0,3433.0,3433.0,3429.0,556.0,19082330.0,3447
2023-05-09 21:35:28,rr2309,rr2309,3432.0,0.0,0.0,0.0,21,3432.0,3433.0,21,3435.0,3433.0,3433.0,3429.0,556.0,19082330.0,3447
2023-05-09 21:35:30,rr2309,rr2309,3432.0,0.0,0.0,0.0,21,3432.0,3433.0,24,3435.0,3433.0,3433.0,3429.0,556.0,19082330.0,3447
2023-05-09 21:35:33,rr2309,rr2309,3432.0,0.0,0.0,0.0,24,3432.0,3433.0,24,3435.0,3433.0,3433.0,3429.0,556.0,19082330.0,3447
2023-05-09 21:35:34,rr2309,rr2309,3432.0,1.0,34320.0,0.0,23,3432.0,3433.0,27,3435.0,3433.0,3433.0,3429.0,557.0,19116650.0,3447
2023-05-09 21:36:06,rr2309,rr2309,3432.0,0.0,0.0,0.0,26,3432.0,3433.0,27,3435.0,3433.0,3433.0,3429.0,557.0,19116650.0,3447
2023-05-09 21:36:08,rr2309,rr2309,3432.0,7.0,240240.0,3.0,15,3432.0,3433.0,24,3435.0,3433.0,3433.0,3429.0,564.0,19356890.0,3450
2023-05-09 21:36:08,rr2309,rr2309,3432.0,0.0,0.0,0.0,24,3432.0,3433.0,24,3435.0,3433.0,3433.0,3429.0,564.0,19356890.0,3450
2023-05-09 21:37:28,rr2309,rr2309,3432.0,0.0,0.0,0.0,18,3432.0,3433.0,24,3435.0,3433.0,3433.0,3429.0,564.0,19356890.0,3450
2023-05-09 21:37:28,rr2309,rr2309,3432.0,0.0,0.0,0.0,24,3432.0,3433.0,24,3435.0,3433.0,3433.0,3429.0,564.0,19356890.0,3450
2023-05-09 21:37:31,rr2309,rr2309,3432.0,0.0,0.0,0.0,21,3432.0,3433.0,18,3435.0,3433.0,3433.0,3429.0,564.0,19356890.0,3450
2023-05-09 21:37:32,rr2309,rr2309,3432.0,0.0,0.0,0.0,24,3432.0,3433.0,24,3435.0,3433.0,3433.0,3429.0,564.0,19356890.0,3450
2023-05-09 21:37:44,rr2309,rr2309,3432.0,0.0,0.0,0.0,21,3432.0,3433.0,24,3435.0,3433.0,3433.0,3429.0,564.0,19356890.0,3450
2023-05-09 21:37:45,rr2309,rr2309,3432.0,0.0,0.0,0.0,24,3432.0,3433.0,27,3435.0,3433.0,3433.0,3429.0,564.0,19356890.0,3450
2023-05-09 21:37:53,rr2309,rr2309,3432.0,0.0,0.0,0.0,24,3432.0,3433.0,24,3435.0,3433.0,3433.0,3429.0,564.0,19356890.0,3450
2023-05-09 21:37:53,rr2309,rr2309,3432.0,0.0,0.0,0.0,21,3432.0,3433.0,24,3435.0,3433.0,3433.0,3429.0,564.0,19356890.0,3450
2023-05-09 21:38:47,rr2309,rr2309,3432.0,0.0,0.0,0.0,21,3432.0,3433.0,27,3435.0,3433.0,3433.0,3429.0,564.0,19356890.0,3450
2023-05-09 21:38:48,rr2309,rr2309,3432.0,0.0,0.0,0.0,24,3432.0,3433.0,27,3435.0,3433.0,3433.0,3429.0,564.0,19356890.0,3450
2023-05-09 21:39:03,rr2309,rr2309,3432.0,0.0,0.0,0.0,21,3432.0,3433.0,27,3435.0,3433.0,3433.0,3429.0,564.0,19356890.0,3450
2023-05-09 21:39:04,rr2309,rr2309,3432.0,0.0,0.0,0.0,24,3432.0,3433.0,27,3435.0,3433.0,3433.0,3429.0,564.0,19356890.0,3450
2023-05-09 21:42:48,rr2309,rr2309,3432.0,0.0,0.0,0.0,24,3432.0,3433.0,24,3435.0,3433.0,3433.0,3429.0,564.0,19356890.0,3450
2023-05-09 21:42:48,rr2309,rr2309,3432.0,0.0,0.0,0.0,21,3432.0,3433.0,24,3435.0,3433.0,3433.0,3429.0,564.0,19356890.0,3450
2023-05-09 21:42:49,rr2309,rr2309,3432.0,0.0,0.0,0.0,24,3432.0,3433.0,27,3435.0,3433.0,3433.0,3429.0,564.0,19356890.0,3450
2023-05-09 21:46:23,rr2309,rr2309,3432.0,0.0,0.0,0.0,21,3432.0,3433.0,27,3435.0,3433.0,3433.0,3429.0,564.0,19356890.0,3450
2023-05-09 21:46:23,rr2309,rr2309,3432.0,0.0,0.0,0.0,18,3432.0,3433.0,24,3435.0,3433.0,3433.0,3429.0,564.0,19356890.0,3450
2023-05-09 21:46:24,rr2309,rr2309,3432.0,0.0,0.0,0.0,21,3432.0,3433.0,27,3435.0,3433.0,3433.0,3429.0,564.0,19356890.0,3450
2023-05-09 21:46:38,rr2309,rr2309,3432.0,0.0,0.0,0.0,24,3432.0,3433.0,27,3435.0,3433.0,3433.0,3429.0,564.0,19356890.0,3450
2023-05-09 21:47:49,rr2309,rr2309,3432.0,0.0,0.0,0.0,24,3432.0,3433.0,30,3435.0,3433.0,3433.0,3429.0,564.0,19356890.0,3450
2023-05-09 21:48:02,rr2309,rr2309,3432.0,0.0,0.0,0.0,21,3432.0,3433.0,24,3435.0,3433.0,3433.0,3429.0,564.0,19356890.0,3450
2023-05-09 21:48:03,rr2309,rr2309,3432.0,0.0,0.0,0.0,24,3432.0,3433.0,27,3435.0,3433.0,3433.0,3429.0,564.0,19356890.0,3450
2023-05-09 21:48:04,rr2309,rr2309,3432.0,0.0,0.0,0.0,24,3432.0,3433.0,30,3435.0,3433.0,3433.0,3429.0,564.0,19356890.0,3450
2023-05-09 21:48:16,rr2309,rr2309,3432.0,0.0,0.0,0.0,18,3432.0,3433.0,27,3435.0,3433.0,3433.0,3429.0,564.0,19356890.0,3450
2023-05-09 21:48:16,rr2309,rr2309,3432.0,0.0,0.0,0.0,21,3432.0,3433.0,27,3435.0,3433.0,3433.0,3429.0,564.0,19356890.0,3450
2023-05-09 21:48:17,rr2309,rr2309,3432.0,0.0,0.0,0.0,24,3432.0,3433.0,30,3435.0,3433.0,3433.0,3429.0,564.0,19356890.0,3450
2023-05-09 21:48:22,rr2309,rr2309,3432.0,0.0,0.0,0.0,18,3432.0,3433.0,27,3435.0,3433.0,3433.0,3429.0,564.0,19356890.0,3450
2023-05-09 21:48:24,rr2309,rr2309,3432.0,0.0,0.0,0.0,24,3432.0,3433.0,30,3435.0,3433.0,3433.0,3429.0,564.0,19356890.0,3450
2023-05-09 21:48:37,rr2309,rr2309,3433.0,1.0,34330.0,0.0,24,3432.0,3433.0,29,3435.0,3433.0,3433.0,3429.0,565.0,19391220.0,3450
2023-05-09 21:49:00,rr2309,rr2309,3433.0,0.0,0.0,0.0,21,3432.0,3433.0,23,3435.0,3433.0,3433.0,3429.0,565.0,19391220.0,3450
2023-05-09 21:49:02,rr2309,rr2309,3433.0,0.0,0.0,0.0,24,3432.0,3433.0,26,3435.0,3433.0,3433.0,3429.0,565.0,19391220.0,3450
2023-05-09 21:49:04,rr2309,rr2309,3433.0,0.0,0.0,0.0,24,3432.0,3433.0,29,3435.0,3433.0,3433.0,3429.0,565.0,19391220.0,3450
2023-05-09 21:49:13,rr2309,rr2309,3432.0,24.0,823680.0,6.0,16,3431.0,3433.0,11,3435.0,3433.0,3433.0,3429.0,589.0,20214900.0,3456
2023-05-09 21:49:13,rr2309,rr2309,3432.0,0.0,0.0,0.0,34,3431.0,3433.0,23,3435.0,3433.0,3433.0,3429.0,589.0,20214900.0,3456
2023-05-09 21:49:13,rr2309,rr2309,3432.0,0.0,0.0,0.0,37,3431.0,3433.0,30,3435.0,3433.0,3433.0,3429.0,589.0,20214900.0,3456
2023-05-09 21:49:15,rr2309,rr2309,3432.0,0.0,0.0,0.0,40,3431.0,3433.0,33,3435.0,3433.0,3433.0,3429.0,589.0,20214900.0,3456
2023-05-09 21:49:25,rr2309,rr2309,3432.0,0.0,0.0,0.0,37,3431.0,3432.0,3,3435.0,3433.0,3433.0,3429.0,589.0,20214900.0,3456
2023-05-09 21:49:26,rr2309,rr2309,3432.0,0.0,0.0,0.0,31,3431.0,3432.0,3,3435.0,3433.0,3433.0,3429.0,589.0,20214900.0,3456
2023-05-09 21:49:26,rr2309,rr2309,3432.0,0.0,0.0,0.0,34,3431.0,3432.0,3,3435.0,3433.0,3433.0,3429.0,589.0,20214900.0,3456
2023-05-09 21:49:31,rr2309,rr2309,3432.0,0.0,0.0,0.0,37,3431.0,3433.0,36,3435.0,3433.0,3433.0,3429.0,589.0,20214900.0,3456
2023-05-09 21:49:32,rr2309,rr2309,3432.0,0.0,0.0,0.0,40,3431.0,3433.0,33,3435.0,3433.0,3433.0,3429.0,589.0,20214900.0,3456
2023-05-09 21:49:44,rr2309,rr2309,3432.0,0.0,0.0,0.0,40,3431.0,3433.0,30,3435.0,3433.0,3433.0,3429.0,589.0,20214900.0,3456
2023-05-09 21:49:49,rr2309,rr2309,3432.0,0.0,0.0,0.0,3,3432.0,3433.0,27,3435.0,3433.0,3433.0,3429.0,589.0,20214900.0,3456
2023-05-09 21:49:50,rr2309,rr2309,3432.0,0.0,0.0,0.0,9,3432.0,3433.0,27,3435.0,3433.0,3433.0,3429.0,589.0,20214900.0,3456
2023-05-09 21:49:50,rr2309,rr2309,3432.0,0.0,0.0,0.0,24,3432.0,3433.0,24,3435.0,3433.0,3433.0,3429.0,589.0,20214900.0,3456
2023-05-09 21:49:50,rr2309,rr2309,3432.0,0.0,0.0,0.0,24,3432.0,3433.0,27,3435.0,3433.0,3433.0,3429.0,589.0,20214900.0,3456
2023-05-09 21:49:57,rr2309,rr2309,3432.0,0.0,0.0,0.0,25,3432.0,3433.0,27,3435.0,3433.0,3433.0,3429.0,589.0,20214900.0,3456
2023-05-09 21:50:20,rr2309,rr2309,3432.0,0.0,0.0,0.0,25,3432.0,3433.0,28,3435.0,3433.0,3433.0,3429.0,589.0,20214900.0,3456
2023-05-09 21:51:05,rr2309,rr2309,3432.0,18.0,617760.0,-2.0,9,3432.0,3433.0,22,3435.0,3433.0,3433.0,3429.0,607.0,20832660.0,3454
2023-05-09 21:51:06,rr2309,rr2309,3432.0,0.0,0.0,0.0,3,3432.0,3433.0,28,3435.0,3433.0,3433.0,3429.0,607.0,20832660.0,3454
2023-05-09 21:51:06,rr2309,rr2309,3432.0,0.0,0.0,0.0,34,3431.0,3433.0,25,3435.0,3433.0,3433.0,3429.0,607.0,20832660.0,3454
2023-05-09 21:51:06,rr2309,rr2309,3432.0,0.0,0.0,0.0,37,3431.0,3433.0,28,3435.0,3433.0,3433.0,3429.0,607.0,20832660.0,3454
2023-05-09 21:51:08,rr2309,rr2309,3432.0,0.0,0.0,0.0,40,3431.0,3433.0,31,3435.0,3433.0,3433.0,3429.0,607.0,20832660.0,3454
2023-05-09 21:51:18,rr2309,rr2309,3432.0,0.0,0.0,0.0,40,3431.0,3433.0,28,3435.0,3433.0,3433.0,3429.0,607.0,20832660.0,3454
2023-05-09 21:51:18,rr2309,rr2309,3432.0,0.0,0.0,0.0,40,3431.0,3433.0,31,3435.0,3433.0,3433.0,3429.0,607.0,20832660.0,3454
2023-05-09 21:51:25,rr2309,rr2309,3432.0,0.0,0.0,0.0,40,3431.0,3433.0,28,3435.0,3433.0,3433.0,3429.0,607.0,20832660.0,3454
2023-05-09 21:51:26,rr2309,rr2309,3432.0,0.0,0.0,0.0,40,3431.0,3433.0,31,3435.0,3433.0,3433.0,3429.0,607.0,20832660.0,3454
2023-05-09 21:51:31,rr2309,rr2309,3432.0,0.0,0.0,0.0,34,3431.0,3433.0,25,3435.0,3433.0,3433.0,3429.0,607.0,20832660.0,3454
2023-05-09 21:51:31,rr2309,rr2309,3432.0,0.0,0.0,0.0,37,3431.0,3433.0,28,3435.0,3433.0,3433.0,3429.0,607.0,20832660.0,3454
2023-05-09 21:51:31,rr2309,rr2309,3432.0,0.0,0.0,0.0,40,3431.0,3433.0,31,3435.0,3433.0,3433.0,3429.0,607.0,20832660.0,3454
2023-05-09 21:51:33,rr2309,rr2309,3432.0,0.0,0.0,0.0,37,3431.0,3433.0,28,3435.0,3433.0,3433.0,3429.0,607.0,20832660.0,3454
2023-05-09 21:51:33,rr2309,rr2309,3432.0,0.0,0.0,0.0,40,3431.0,3433.0,31,3435.0,3433.0,3433.0,3429.0,607.0,20832660.0,3454
2023-05-09 21:51:40,rr2309,rr2309,3432.0,0.0,0.0,0.0,34,3431.0,3433.0,28,3435.0,3433.0,3433.0,3429.0,607.0,20832660.0,3454
2023-05-09 21:51:40,rr2309,rr2309,3432.0,0.0,0.0,0.0,40,3431.0,3433.0,31,3435.0,3433.0,3433.0,3429.0,607.0,20832660.0,3454
2023-05-09 21:52:03,rr2309,rr2309,3431.0,1.0,34310.0,0.0,39,3431.0,3433.0,31,3435.0,3433.0,3433.0,3429.0,608.0,20866970.0,3454
2023-05-09 21:52:06,rr2309,rr2309,3431.0,0.0,0.0,0.0,36,3431.0,3433.0,31,3435.0,3433.0,3433.0,3429.0,608.0,20866970.0,3454
2023-05-09 21:52:07,rr2309,rr2309,3431.0,0.0,0.0,0.0,39,3431.0,3433.0,31,3435.0,3433.0,3433.0,3429.0,608.0,20866970.0,3454
2023-05-09 21:52:52,rr2309,rr2309,3431.0,0.0,0.0,0.0,39,3431.0,3433.0,28,3435.0,3433.0,3433.0,3429.0,608.0,20866970.0,3454
2023-05-09 21:52:52,rr2309,rr2309,3431.0,0.0,0.0,0.0,36,3431.0,3433.0,28,3435.0,3433.0,3433.0,3429.0,608.0,20866970.0,3454
2023-05-09 21:52:53,rr2309,rr2309,3431.0,0.0,0.0,0.0,39,3431.0,3433.0,31,3435.0,3433.0,3433.0,3429.0,608.0,20866970.0,3454
2023-05-09 21:53:01,rr2309,rr2309,3431.0,0.0,0.0,0.0,36,3431.0,3433.0,31,3435.0,3433.0,3433.0,3429.0,608.0,20866970.0,3454
2023-05-09 21:53:02,rr2309,rr2309,3431.0,0.0,0.0,0.0,39,3431.0,3433.0,31,3435.0,3433.0,3433.0,3429.0,608.0,20866970.0,3454
2023-05-09 21:53:04,rr2309,rr2309,3431.0,0.0,0.0,0.0,3,3432.0,3433.0,25,3435.0,3433.0,3433.0,3429.0,608.0,20866970.0,3454
2023-05-09 21:53:05,rr2309,rr2309,3431.0,0.0,0.0,0.0,9,3432.0,3433.0,25,3435.0,3433.0,3433.0,3429.0,608.0,20866970.0,3454
2023-05-09 21:53:05,rr2309,rr2309,3431.0,0.0,0.0,0.0,18,3432.0,3433.0,25,3435.0,3433.0,3433.0,3429.0,608.0,20866970.0,3454
2023-05-09 21:53:05,rr2309,rr2309,3431.0,0.0,0.0,0.0,21,3432.0,3433.0,25,3435.0,3433.0,3433.0,3429.0,608.0,20866970.0,3454
2023-05-09 21:53:07,rr2309,rr2309,3431.0,0.0,0.0,0.0,21,3432.0,3433.0,28,3435.0,3433.0,3433.0,3429.0,608.0,20866970.0,3454
2023-05-09 21:53:13,rr2309,rr2309,3431.0,0.0,0.0,0.0,18,3432.0,3433.0,28,3435.0,3433.0,3433.0,3429.0,608.0,20866970.0,3454
2023-05-09 21:53:17,rr2309,rr2309,3432.0,20.0,686400.0,-3.0,21,3431.0,3432.0,6,3435.0,3433.0,3433.0,3429.0,628.0,21553370.0,3451
2023-05-09 21:53:17,rr2309,rr2309,3432.0,3.0,102960.0,1.0,30,3431.0,3432.0,5,3435.0,3433.0,3433.0,3429.0,631.0,21656330.0,3452
2023-05-09 21:53:18,rr2309,rr2309,3432.0,0.0,0.0,0.0,36,3431.0,3432.0,5,3435.0,3433.0,3433.0,3429.0,631.0,21656330.0,3452
2023-05-09 21:53:18,rr2309,rr2309,3432.0,0.0,0.0,0.0,36,3431.0,3432.0,8,3435.0,3433.0,3433.0,3429.0,631.0,21656330.0,3452
2023-05-09 21:53:20,rr2309,rr2309,3432.0,0.0,0.0,0.0,33,3431.0,3432.0,17,3435.0,3433.0,3433.0,3429.0,631.0,21656330.0,3452
2023-05-09 21:53:20,rr2309,rr2309,3432.0,0.0,0.0,0.0,33,3431.0,3432.0,23,3435.0,3433.0,3433.0,3429.0,631.0,21656330.0,3452
2023-05-09 21:53:22,rr2309,rr2309,3432.0,0.0,0.0,0.0,30,3431.0,3432.0,20,3435.0,3433.0,3433.0,3429.0,631.0,21656330.0,3452
2023-05-09 21:53:23,rr2309,rr2309,3432.0,0.0,0.0,0.0,33,3431.0,3432.0,17,3435.0,3433.0,3433.0,3429.0,631.0,21656330.0,3452
2023-05-09 21:53:23,rr2309,rr2309,3432.0,0.0,0.0,0.0,33,3431.0,3432.0,20,3435.0,3433.0,3433.0,3429.0,631.0,21656330.0,3452
2023-05-09 21:53:24,rr2309,rr2309,3432.0,0.0,0.0,0.0,33,3431.0,3432.0,23,3435.0,3433.0,3433.0,3429.0,631.0,21656330.0,3452
2023-05-09 21:53:42,rr2309,rr2309,3432.0,0.0,0.0,0.0,33,3431.0,3432.0,26,3435.0,3433.0,3433.0,3429.0,631.0,21656330.0,3452
2023-05-09 21:53:47,rr2309,rr2309,3432.0,26.0,892320.0,20.0,23,3432.0,3433.0,22,3435.0,3433.0,3433.0,3429.0,657.0,22548650.0,3472
2023-05-09 21:53:48,rr2309,rr2309,3432.0,0.0,0.0,0.0,26,3432.0,3433.0,25,3435.0,3433.0,3433.0,3429.0,657.0,22548650.0,3472
2023-05-09 21:53:49,rr2309,rr2309,3432.0,0.0,0.0,0.0,24,3432.0,3433.0,25,3435.0,3433.0,3433.0,3429.0,657.0,22548650.0,3472
2023-05-09 21:53:50,rr2309,rr2309,3432.0,0.0,0.0,0.0,27,3432.0,3433.0,28,3435.0,3433.0,3433.0,3429.0,657.0,22548650.0,3472
2023-05-09 21:54:03,rr2309,rr2309,3432.0,0.0,0.0,0.0,30,3432.0,3433.0,31,3435.0,3433.0,3433.0,3429.0,657.0,22548650.0,3472
2023-05-09 21:54:16,rr2309,rr2309,3432.0,0.0,0.0,0.0,30,3432.0,3433.0,28,3435.0,3433.0,3433.0,3429.0,657.0,22548650.0,3472
2023-05-09 21:54:16,rr2309,rr2309,3432.0,0.0,0.0,0.0,30,3432.0,3433.0,25,3435.0,3433.0,3433.0,3429.0,657.0,22548650.0,3472
2023-05-09 21:54:17,rr2309,rr2309,3432.0,0.0,0.0,0.0,30,3432.0,3433.0,28,3435.0,3433.0,3433.0,3429.0,657.0,22548650.0,3472
2023-05-09 21:54:26,rr2309,rr2309,3432.0,0.0,0.0,0.0,35,3432.0,3433.0,28,3435.0,3433.0,3433.0,3429.0,657.0,22548650.0,3472
2023-05-09 21:54:27,rr2309,rr2309,3433.0,8.0,274640.0,5.0,29,3432.0,3433.0,17,3435.0,3433.0,3433.0,3429.0,665.0,22823290.0,3477
2023-05-09 21:54:27,rr2309,rr2309,3433.0,0.0,0.0,0.0,32,3432.0,3433.0,20,3435.0,3433.0,3433.0,3429.0,665.0,22823290.0,3477
2023-05-09 21:54:37,rr2309,rr2309,3433.0,0.0,0.0,0.0,32,3432.0,3433.0,17,3435.0,3433.0,3433.0,3429.0,665.0,22823290.0,3477
2023-05-09 21:54:37,rr2309,rr2309,3433.0,20.0,686600.0,3.0,6,3433.0,3434.0,20,3435.0,3433.0,3433.0,3429.0,685.0,23509890.0,3480
2023-05-09 21:54:38,rr2309,rr2309,3433.0,0.0,0.0,0.0,18,3433.0,3434.0,26,3435.0,3433.0,3433.0,3429.0,685.0,23509890.0,3480
2023-05-09 21:54:38,rr2309,rr2309,3433.0,0.0,0.0,0.0,21,3433.0,3434.0,26,3435.0,3433.0,3433.0,3429.0,685.0,23509890.0,3480
2023-05-09 21:54:39,rr2309,rr2309,3433.0,0.0,0.0,0.0,24,3433.0,3434.0,26,3435.0,3433.0,3433.0,3429.0,685.0,23509890.0,3480
2023-05-09 21:54:43,rr2309,rr2309,3433.0,29.0,995570.0,-9.0,17,3432.0,3433.0,6,3435.0,3433.0,3433.0,3429.0,714.0,24505460.0,3471
2023-05-09 21:54:44,rr2309,rr2309,3433.0,0.0,0.0,0.0,26,3432.0,3433.0,6,3435.0,3433.0,3433.0,3429.0,714.0,24505460.0,3471
2023-05-09 21:54:46,rr2309,rr2309,3433.0,0.0,0.0,0.0,29,3432.0,3433.0,6,3435.0,3433.0,3433.0,3429.0,714.0,24505460.0,3471
2023-05-09 21:54:50,rr2309,rr2309,3433.0,0.0,0.0,0.0,26,3432.0,3433.0,9,3435.0,3433.0,3433.0,3429.0,714.0,24505460.0,3471
2023-05-09 21:54:51,rr2309,rr2309,3433.0,0.0,0.0,0.0,20,3432.0,3433.0,18,3435.0,3433.0,3433.0,3429.0,714.0,24505460.0,3471
2023-05-09 21:54:51,rr2309,rr2309,3433.0,0.0,0.0,0.0,26,3432.0,3433.0,18,3435.0,3433.0,3433.0,3429.0,714.0,24505460.0,3471
2023-05-09 21:54:51,rr2309,rr2309,3433.0,0.0,0.0,0.0,23,3432.0,3433.0,21,3435.0,3433.0,3433.0,3429.0,714.0,24505460.0,3471
2023-05-09 21:54:52,rr2309,rr2309,3433.0,0.0,0.0,0.0,26,3432.0,3433.0,21,3435.0,3433.0,3433.0,3429.0,714.0,24505460.0,3471
2023-05-09 21:55:00,rr2309,rr2309,3433.0,0.0,0.0,0.0,26,3432.0,3433.0,24,3435.0,3433.0,3433.0,3429.0,714.0,24505460.0,3471
2023-05-09 21:55:01,rr2309,rr2309,3433.0,0.0,0.0,0.0,21,3432.0,3433.0,18,3435.0,3433.0,3433.0,3429.0,714.0,24505460.0,3471
2023-05-09 21:55:02,rr2309,rr2309,3433.0,0.0,0.0,0.0,24,3432.0,3433.0,21,3435.0,3433.0,3433.0,3429.0,714.0,24505460.0,3471
2023-05-09 21:55:05,rr2309,rr2309,3433.0,0.0,0.0,0.0,21,3432.0,3433.0,21,3435.0,3433.0,3433.0,3429.0,714.0,24505460.0,3471
2023-05-09 21:55:05,rr2309,rr2309,3432.0,19.0,652080.0,-2.0,40,3431.0,3432.0,12,3435.0,3433.0,3433.0,3429.0,733.0,25157540.0,3469
2023-05-09 21:55:06,rr2309,rr2309,3432.0,0.0,0.0,0.0,43,3431.0,3432.0,18,3435.0,3433.0,3433.0,3429.0,733.0,25157540.0,3469
2023-05-09 21:55:10,rr2309,rr2309,3432.0,3.0,102960.0,0.0,40,3431.0,3432.0,12,3435.0,3433.0,3433.0,3429.0,736.0,25260500.0,3469
2023-05-09 21:55:10,rr2309,rr2309,3432.0,0.0,0.0,0.0,40,3431.0,3432.0,15,3435.0,3433.0,3433.0,3429.0,736.0,25260500.0,3469
2023-05-09 21:55:11,rr2309,rr2309,3432.0,0.0,0.0,0.0,40,3431.0,3432.0,18,3435.0,3433.0,3433.0,3429.0,736.0,25260500.0,3469
2023-05-09 21:55:11,rr2309,rr2309,3432.0,0.0,0.0,0.0,40,3431.0,3432.0,21,3435.0,3433.0,3433.0,3429.0,736.0,25260500.0,3469
2023-05-09 21:55:12,rr2309,rr2309,3432.0,3.0,102960.0,-3.0,40,3431.0,3432.0,18,3435.0,3433.0,3433.0,3429.0,739.0,25363460.0,3466
2023-05-09 21:55:13,rr2309,rr2309,3432.0,13.0,446160.0,-3.0,27,3431.0,3432.0,3,3435.0,3433.0,3433.0,3429.0,752.0,25809620.0,3463
2023-05-09 21:55:13,rr2309,rr2309,3432.0,0.0,0.0,0.0,30,3431.0,3433.0,12,3435.0,3433.0,3433.0,3429.0,752.0,25809620.0,3463
2023-05-09 21:55:13,rr2309,rr2309,3432.0,0.0,0.0,0.0,30,3431.0,3433.0,15,3435.0,3433.0,3433.0,3429.0,752.0,25809620.0,3463
2023-05-09 21:55:14,rr2309,rr2309,3432.0,0.0,0.0,0.0,33,3431.0,3433.0,15,3435.0,3433.0,3433.0,3429.0,752.0,25809620.0,3463
2023-05-09 21:55:16,rr2309,rr2309,3432.0,0.0,0.0,0.0,36,3431.0,3433.0,18,3435.0,3433.0,3433.0,3429.0,752.0,25809620.0,3463
2023-05-09 21:56:09,rr2309,rr2309,3432.0,0.0,0.0,0.0,36,3431.0,3433.0,21,3435.0,3433.0,3433.0,3429.0,752.0,25809620.0,3463
2023-05-09 21:56:09,rr2309,rr2309,3432.0,0.0,0.0,0.0,38,3431.0,3433.0,24,3435.0,3433.0,3433.0,3429.0,752.0,25809620.0,3463
2023-05-09 21:57:18,rr2309,rr2309,3432.0,0.0,0.0,0.0,39,3431.0,3433.0,24,3435.0,3433.0,3433.0,3429.0,752.0,25809620.0,3463
2023-05-09 21:57:39,rr2309,rr2309,3432.0,0.0,0.0,0.0,38,3431.0,3433.0,24,3435.0,3433.0,3433.0,3429.0,752.0,25809620.0,3463
2023-05-09 21:57:39,rr2309,rr2309,3432.0,0.0,0.0,0.0,3,3432.0,3433.0,24,3435.0,3433.0,3433.0,3429.0,752.0,25809620.0,3463
2023-05-09 21:57:40,rr2309,rr2309,3432.0,0.0,0.0,0.0,9,3432.0,3433.0,24,3435.0,3433.0,3433.0,3429.0,752.0,25809620.0,3463
2023-05-09 21:57:40,rr2309,rr2309,3432.0,0.0,0.0,0.0,17,3432.0,3433.0,21,3435.0,3433.0,3433.0,3429.0,752.0,25809620.0,3463
2023-05-09 21:57:41,rr2309,rr2309,3432.0,0.0,0.0,0.0,22,3432.0,3433.0,24,3435.0,3433.0,3433.0,3429.0,752.0,25809620.0,3463
2023-05-09 21:59:09,rr2309,rr2309,3432.0,0.0,0.0,0.0,22,3432.0,3433.0,21,3435.0,3433.0,3433.0,3429.0,752.0,25809620.0,3463
2023-05-09 21:59:09,rr2309,rr2309,3432.0,0.0,0.0,0.0,22,3432.0,3433.0,15,3435.0,3433.0,3433.0,3429.0,752.0,25809620.0,3463
2023-05-09 21:59:09,rr2309,rr2309,3432.0,0.0,0.0,0.0,19,3432.0,3433.0,15,3435.0,3433.0,3433.0,3429.0,752.0,25809620.0,3463
2023-05-09 21:59:10,rr2309,rr2309,3432.0,0.0,0.0,0.0,22,3432.0,3433.0,21,3435.0,3433.0,3433.0,3429.0,752.0,25809620.0,3463
2023-05-09 21:59:13,rr2309,rr2309,3432.0,0.0,0.0,0.0,22,3432.0,3433.0,24,3435.0,3433.0,3433.0,3429.0,752.0,25809620.0,3463
2023-05-09 21:59:38,rr2309,rr2309,3432.0,0.0,0.0,0.0,21,3432.0,3433.0,18,3435.0,3433.0,3433.0,3429.0,752.0,25809620.0,3463
2023-05-09 21:59:38,rr2309,rr2309,3432.0,0.0,0.0,0.0,20,3432.0,3433.0,18,3435.0,3433.0,3433.0,3429.0,752.0,25809620.0,3463
2023-05-09 21:59:39,rr2309,rr2309,3432.0,0.0,0.0,0.0,22,3432.0,3433.0,18,3435.0,3433.0,3433.0,3429.0,752.0,25809620.0,3463
2023-05-09 21:59:39,rr2309,rr2309,3432.0,0.0,0.0,0.0,25,3432.0,3433.0,21,3435.0,3433.0,3433.0,3429.0,752.0,25809620.0,3463
2023-05-09 22:00:37,rr2309,rr2309,3432.0,0.0,0.0,0.0,26,3432.0,3433.0,18,3435.0,3433.0,3433.0,3429.0,752.0,25809620.0,3463
2023-05-09 22:00:37,rr2309,rr2309,3432.0,0.0,0.0,0.0,20,3432.0,3433.0,18,3435.0,3433.0,3433.0,3429.0,752.0,25809620.0,3463
2023-05-09 22:00:38,rr2309,rr2309,3432.0,0.0,0.0,0.0,23,3432.0,3433.0,21,3435.0,3433.0,3433.0,3429.0,752.0,25809620.0,3463
2023-05-09 22:00:43,rr2309,rr2309,3432.0,0.0,0.0,0.0,26,3432.0,3433.0,21,3435.0,3433.0,3433.0,3429.0,752.0,25809620.0,3463
2023-05-09 22:01:50,rr2309,rr2309,3432.0,0.0,0.0,0.0,19,3432.0,3433.0,18,3435.0,3433.0,3433.0,3429.0,752.0,25809620.0,3463
2023-05-09 22:01:51,rr2309,rr2309,3432.0,0.0,0.0,0.0,21,3432.0,3433.0,18,3435.0,3433.0,3433.0,3429.0,752.0,25809620.0,3463
2023-05-09 22:01:51,rr2309,rr2309,3432.0,0.0,0.0,0.0,23,3432.0,3433.0,18,3435.0,3433.0,3433.0,3429.0,752.0,25809620.0,3463
2023-05-09 22:01:52,rr2309,rr2309,3432.0,0.0,0.0,0.0,26,3432.0,3433.0,21,3435.0,3433.0,3433.0,3429.0,752.0,25809620.0,3463
2023-05-09 22:01:57,rr2309,rr2309,3432.0,0.0,0.0,0.0,23,3432.0,3433.0,21,3435.0,3433.0,3433.0,3429.0,752.0,25809620.0,3463
2023-05-09 22:01:58,rr2309,rr2309,3432.0,0.0,0.0,0.0,26,3432.0,3433.0,21,3435.0,3433.0,3433.0,3429.0,752.0,25809620.0,3463
2023-05-09 22:02:02,rr2309,rr2309,3432.0,0.0,0.0,0.0,23,3432.0,3433.0,21,3435.0,3433.0,3433.0,3429.0,752.0,25809620.0,3463
2023-05-09 22:02:03,rr2309,rr2309,3432.0,0.0,0.0,0.0,26,3432.0,3433.0,21,3435.0,3433.0,3433.0,3429.0,752.0,25809620.0,3463
2023-05-09 22:02:07,rr2309,rr2309,3432.0,0.0,0.0,0.0,26,3432.0,3433.0,18,3435.0,3433.0,3433.0,3429.0,752.0,25809620.0,3463
2023-05-09 22:02:08,rr2309,rr2309,3432.0,0.0,0.0,0.0,23,3432.0,3433.0,24,3435.0,3433.0,3433.0,3429.0,752.0,25809620.0,3463
2023-05-09 22:02:08,rr2309,rr2309,3433.0,3.0,102990.0,1.0,19,3432.0,3433.0,6,3435.0,3433.0,3433.0,3429.0,755.0,25912610.0,3464
2023-05-09 22:02:09,rr2309,rr2309,3433.0,0.0,0.0,0.0,26,3432.0,3434.0,32,3435.0,3433.0,3433.0,3429.0,755.0,25912610.0,3464
2023-05-09 22:02:09,rr2309,rr2309,3433.0,0.0,0.0,0.0,22,3432.0,3434.0,35,3435.0,3433.0,3433.0,3429.0,755.0,25912610.0,3464
2023-05-09 22:02:10,rr2309,rr2309,3433.0,0.0,0.0,0.0,14,3432.0,3433.0,3,3435.0,3433.0,3433.0,3429.0,755.0,25912610.0,3464
2023-05-09 22:02:10,rr2309,rr2309,3433.0,0.0,0.0,0.0,19,3432.0,3433.0,3,3435.0,3433.0,3433.0,3429.0,755.0,25912610.0,3464
2023-05-09 22:02:11,rr2309,rr2309,3433.0,0.0,0.0,0.0,22,3432.0,3433.0,3,3435.0,3433.0,3433.0,3429.0,755.0,25912610.0,3464
2023-05-09 22:02:16,rr2309,rr2309,3433.0,0.0,0.0,0.0,27,3432.0,3434.0,38,3435.0,3433.0,3433.0,3429.0,755.0,25912610.0,3464
2023-05-09 22:02:16,rr2309,rr2309,3433.0,0.0,0.0,0.0,25,3432.0,3434.0,38,3435.0,3433.0,3433.0,3429.0,755.0,25912610.0,3464
2023-05-09 22:02:32,rr2309,rr2309,3433.0,0.0,0.0,0.0,25,3432.0,3434.0,35,3435.0,3433.0,3433.0,3429.0,755.0,25912610.0,3464
2023-05-09 22:02:33,rr2309,rr2309,3433.0,0.0,0.0,0.0,25,3432.0,3434.0,38,3435.0,3433.0,3433.0,3429.0,755.0,25912610.0,3464
2023-05-09 22:02:36,rr2309,rr2309,3433.0,0.0,0.0,0.0,25,3432.0,3434.0,35,3435.0,3433.0,3433.0,3429.0,755.0,25912610.0,3464
2023-05-09 22:02:38,rr2309,rr2309,3433.0,0.0,0.0,0.0,25,3432.0,3434.0,32,3435.0,3433.0,3433.0,3429.0,755.0,25912610.0,3464
2023-05-09 22:02:39,rr2309,rr2309,3433.0,0.0,0.0,0.0,21,3432.0,3434.0,26,3435.0,3433.0,3433.0,3429.0,755.0,25912610.0,3464
2023-05-09 22:02:40,rr2309,rr2309,3433.0,0.0,0.0,0.0,22,3432.0,3434.0,29,3435.0,3433.0,3433.0,3429.0,755.0,25912610.0,3464
2023-05-09 22:02:41,rr2309,rr2309,3433.0,0.0,0.0,0.0,25,3432.0,3434.0,32,3435.0,3433.0,3433.0,3429.0,755.0,25912610.0,3464
2023-05-09 22:02:45,rr2309,rr2309,3433.0,0.0,0.0,0.0,22,3432.0,3433.0,3,3435.0,3433.0,3433.0,3429.0,755.0,25912610.0,3464
2023-05-09 22:02:50,rr2309,rr2309,3433.0,0.0,0.0,0.0,27,3432.0,3434.0,32,3435.0,3433.0,3433.0,3429.0,755.0,25912610.0,3464
2023-05-09 22:02:50,rr2309,rr2309,3433.0,0.0,0.0,0.0,25,3432.0,3434.0,32,3435.0,3433.0,3433.0,3429.0,755.0,25912610.0,3464
2023-05-09 22:05:20,rr2309,rr2309,3433.0,0.0,0.0,0.0,29,3432.0,3434.0,32,3435.0,3433.0,3433.0,3429.0,755.0,25912610.0,3464
2023-05-09 22:05:20,rr2309,rr2309,3433.0,0.0,0.0,0.0,5,3433.0,3434.0,28,3435.0,3433.0,3433.0,3429.0,755.0,25912610.0,3464
2023-05-09 22:05:21,rr2309,rr2309,3433.0,0.0,0.0,0.0,19,3433.0,3434.0,25,3435.0,3433.0,3433.0,3429.0,755.0,25912610.0,3464
2023-05-09 22:05:21,rr2309,rr2309,3433.0,0.0,0.0,0.0,24,3433.0,3434.0,25,3435.0,3433.0,3433.0,3429.0,755.0,25912610.0,3464
2023-05-09 22:05:22,rr2309,rr2309,3433.0,0.0,0.0,0.0,24,3433.0,3434.0,28,3435.0,3433.0,3433.0,3429.0,755.0,25912610.0,3464
2023-05-09 22:07:22,rr2309,rr2309,3433.0,0.0,0.0,0.0,25,3433.0,3434.0,28,3435.0,3433.0,3433.0,3429.0,755.0,25912610.0,3464
2023-05-09 22:07:30,rr2309,rr2309,3433.0,5.0,171650.0,0.0,19,3433.0,3434.0,22,3435.0,3433.0,3433.0,3429.0,760.0,26084260.0,3464
2023-05-09 22:07:30,rr2309,rr2309,3433.0,0.0,0.0,0.0,25,3433.0,3434.0,28,3435.0,3433.0,3433.0,3429.0,760.0,26084260.0,3464
2023-05-09 22:10:16,rr2309,rr2309,3433.0,3.0,102990.0,0.0,16,3433.0,3434.0,19,3435.0,3433.0,3433.0,3429.0,763.0,26187250.0,3464
2023-05-09 22:10:16,rr2309,rr2309,3433.0,0.0,0.0,0.0,19,3433.0,3434.0,22,3435.0,3433.0,3433.0,3429.0,763.0,26187250.0,3464
2023-05-09 22:10:16,rr2309,rr2309,3433.0,0.0,0.0,0.0,22,3433.0,3434.0,25,3435.0,3433.0,3433.0,3429.0,763.0,26187250.0,3464
2023-05-09 22:10:19,rr2309,rr2309,3433.0,0.0,0.0,0.0,25,3433.0,3434.0,28,3435.0,3433.0,3433.0,3429.0,763.0,26187250.0,3464
2023-05-09 22:11:25,rr2309,rr2309,3433.0,1.0,34330.0,0.0,24,3433.0,3434.0,28,3435.0,3433.0,3433.0,3429.0,764.0,26221580.0,3464
2023-05-09 22:13:06,rr2309,rr2309,3433.0,0.0,0.0,0.0,21,3433.0,3434.0,28,3435.0,3433.0,3433.0,3429.0,764.0,26221580.0,3464
2023-05-09 22:13:07,rr2309,rr2309,3433.0,0.0,0.0,0.0,24,3433.0,3434.0,28,3435.0,3433.0,3433.0,3429.0,764.0,26221580.0,3464
2023-05-09 22:13:23,rr2309,rr2309,3433.0,0.0,0.0,0.0,21,3433.0,3434.0,28,3435.0,3433.0,3433.0,3429.0,764.0,26221580.0,3464
2023-05-09 22:13:24,rr2309,rr2309,3433.0,0.0,0.0,0.0,24,3433.0,3434.0,25,3435.0,3433.0,3433.0,3429.0,764.0,26221580.0,3464
2023-05-09 22:13:24,rr2309,rr2309,3433.0,0.0,0.0,0.0,24,3433.0,3434.0,28,3435.0,3433.0,3433.0,3429.0,764.0,26221580.0,3464
2023-05-09 22:13:52,rr2309,rr2309,3433.0,0.0,0.0,0.0,18,3433.0,3434.0,25,3435.0,3433.0,3433.0,3429.0,764.0,26221580.0,3464
2023-05-09 22:13:53,rr2309,rr2309,3433.0,0.0,0.0,0.0,21,3433.0,3434.0,28,3435.0,3433.0,3433.0,3429.0,764.0,26221580.0,3464
2023-05-09 22:13:55,rr2309,rr2309,3433.0,0.0,0.0,0.0,24,3433.0,3434.0,28,3435.0,3433.0,3433.0,3429.0,764.0,26221580.0,3464
2023-05-09 22:14:07,rr2309,rr2309,3433.0,0.0,0.0,0.0,21,3433.0,3434.0,28,3435.0,3433.0,3433.0,3429.0,764.0,26221580.0,3464
2023-05-09 22:14:07,rr2309,rr2309,3433.0,0.0,0.0,0.0,18,3433.0,3434.0,26,3435.0,3433.0,3433.0,3429.0,764.0,26221580.0,3464
2023-05-09 22:14:08,rr2309,rr2309,3433.0,1.0,34330.0,-1.0,18,3433.0,3434.0,24,3435.0,3433.0,3433.0,3429.0,765.0,26255910.0,3463
2023-05-09 22:14:08,rr2309,rr2309,3433.0,0.0,0.0,0.0,24,3433.0,3434.0,28,3435.0,3433.0,3433.0,3429.0,765.0,26255910.0,3463
2023-05-09 22:14:09,rr2309,rr2309,3433.0,0.0,0.0,0.0,18,3433.0,3434.0,24,3435.0,3433.0,3433.0,3429.0,765.0,26255910.0,3463
2023-05-09 22:14:09,rr2309,rr2309,3433.0,0.0,0.0,0.0,24,3433.0,3434.0,27,3435.0,3433.0,3433.0,3429.0,765.0,26255910.0,3463
2023-05-09 22:14:10,rr2309,rr2309,3433.0,0.0,0.0,0.0,21,3433.0,3434.0,27,3435.0,3433.0,3433.0,3429.0,765.0,26255910.0,3463
2023-05-09 22:14:10,rr2309,rr2309,3433.0,0.0,0.0,0.0,24,3433.0,3434.0,27,3435.0,3433.0,3433.0,3429.0,765.0,26255910.0,3463
2023-05-09 22:14:12,rr2309,rr2309,3433.0,0.0,0.0,0.0,21,3433.0,3434.0,27,3435.0,3433.0,3433.0,3429.0,765.0,26255910.0,3463
2023-05-09 22:14:12,rr2309,rr2309,3433.0,0.0,0.0,0.0,24,3433.0,3434.0,27,3435.0,3433.0,3433.0,3429.0,765.0,26255910.0,3463
2023-05-09 22:15:18,rr2309,rr2309,3433.0,0.0,0.0,0.0,24,3433.0,3434.0,28,3435.0,3433.0,3433.0,3429.0,765.0,26255910.0,3463
2023-05-09 22:15:35,rr2309,rr2309,3433.0,0.0,0.0,0.0,24,3433.0,3434.0,24,3435.0,3433.0,3433.0,3429.0,765.0,26255910.0,3463
2023-05-09 22:15:35,rr2309,rr2309,3433.0,0.0,0.0,0.0,21,3433.0,3434.0,21,3435.0,3433.0,3433.0,3429.0,765.0,26255910.0,3463
2023-05-09 22:15:36,rr2309,rr2309,3433.0,0.0,0.0,0.0,24,3433.0,3434.0,24,3435.0,3433.0,3433.0,3429.0,765.0,26255910.0,3463
2023-05-09 22:15:40,rr2309,rr2309,3433.0,0.0,0.0,0.0,24,3433.0,3434.0,27,3435.0,3433.0,3433.0,3429.0,765.0,26255910.0,3463
2023-05-09 22:28:04,rr2309,rr2309,3433.0,0.0,0.0,0.0,27,3433.0,3434.0,27,3435.0,3433.0,3433.0,3429.0,765.0,26255910.0,3463
2023-05-09 22:28:17,rr2309,rr2309,3433.0,0.0,0.0,0.0,24,3433.0,3434.0,28,3435.0,3433.0,3433.0,3429.0,765.0,26255910.0,3463
2023-05-09 22:28:18,rr2309,rr2309,3433.0,14.0,480620.0,6.0,25,3432.0,3433.0,6,3435.0,3433.0,3433.0,3429.0,779.0,26736530.0,3469
2023-05-09 22:28:18,rr2309,rr2309,3433.0,0.0,0.0,0.0,28,3432.0,3433.0,6,3435.0,3433.0,3433.0,3429.0,779.0,26736530.0,3469
2023-05-09 22:28:20,rr2309,rr2309,3433.0,0.0,0.0,0.0,31,3432.0,3433.0,9,3435.0,3433.0,3433.0,3429.0,779.0,26736530.0,3469
2023-05-09 22:28:21,rr2309,rr2309,3433.0,0.0,0.0,0.0,28,3432.0,3433.0,15,3435.0,3433.0,3433.0,3429.0,779.0,26736530.0,3469
2023-05-09 22:28:21,rr2309,rr2309,3433.0,0.0,0.0,0.0,28,3432.0,3433.0,21,3435.0,3433.0,3433.0,3429.0,779.0,26736530.0,3469
2023-05-09 22:28:27,rr2309,rr2309,3433.0,0.0,0.0,0.0,28,3432.0,3433.0,24,3435.0,3433.0,3433.0,3429.0,779.0,26736530.0,3469
2023-05-09 22:32:39,rr2309,rr2309,3433.0,0.0,0.0,0.0,25,3432.0,3433.0,25,3435.0,3433.0,3433.0,3429.0,779.0,26736530.0,3469
2023-05-09 22:32:40,rr2309,rr2309,3433.0,0.0,0.0,0.0,22,3432.0,3433.0,21,3435.0,3433.0,3433.0,3429.0,779.0,26736530.0,3469
2023-05-09 22:32:40,rr2309,rr2309,3433.0,0.0,0.0,0.0,25,3432.0,3433.0,21,3435.0,3433.0,3433.0,3429.0,779.0,26736530.0,3469
2023-05-09 22:32:40,rr2309,rr2309,3433.0,0.0,0.0,0.0,28,3432.0,3433.0,24,3435.0,3433.0,3433.0,3429.0,779.0,26736530.0,3469
2023-05-09 22:33:52,rr2309,rr2309,3433.0,0.0,0.0,0.0,25,3432.0,3433.0,24,3435.0,3433.0,3433.0,3429.0,779.0,26736530.0,3469
2023-05-09 22:33:52,rr2309,rr2309,3433.0,0.0,0.0,0.0,28,3432.0,3433.0,24,3435.0,3433.0,3433.0,3429.0,779.0,26736530.0,3469
2023-05-09 22:34:01,rr2309,rr2309,3433.0,0.0,0.0,0.0,25,3432.0,3433.0,24,3435.0,3433.0,3433.0,3429.0,779.0,26736530.0,3469
2023-05-09 22:34:03,rr2309,rr2309,3433.0,0.0,0.0,0.0,28,3432.0,3433.0,24,3435.0,3433.0,3433.0,3429.0,779.0,26736530.0,3469
2023-05-09 22:34:06,rr2309,rr2309,3433.0,0.0,0.0,0.0,25,3432.0,3433.0,24,3435.0,3433.0,3433.0,3429.0,779.0,26736530.0,3469
2023-05-09 22:34:07,rr2309,rr2309,3433.0,0.0,0.0,0.0,28,3432.0,3433.0,24,3435.0,3433.0,3433.0,3429.0,779.0,26736530.0,3469
2023-05-09 22:34:08,rr2309,rr2309,3433.0,0.0,0.0,0.0,25,3432.0,3433.0,24,3435.0,3433.0,3433.0,3429.0,779.0,26736530.0,3469
2023-05-09 22:34:08,rr2309,rr2309,3433.0,0.0,0.0,0.0,28,3432.0,3433.0,24,3435.0,3433.0,3433.0,3429.0,779.0,26736530.0,3469
2023-05-09 22:34:31,rr2309,rr2309,3433.0,0.0,0.0,0.0,28,3432.0,3433.0,21,3435.0,3433.0,3433.0,3429.0,779.0,26736530.0,3469
2023-05-09 22:34:32,rr2309,rr2309,3433.0,0.0,0.0,0.0,28,3432.0,3433.0,24,3435.0,3433.0,3433.0,3429.0,779.0,26736530.0,3469
2023-05-09 22:34:34,rr2309,rr2309,3433.0,0.0,0.0,0.0,25,3432.0,3433.0,24,3435.0,3433.0,3433.0,3429.0,779.0,26736530.0,3469
2023-05-09 22:34:34,rr2309,rr2309,3433.0,0.0,0.0,0.0,28,3432.0,3433.0,24,3435.0,3433.0,3433.0,3429.0,779.0,26736530.0,3469
2023-05-09 22:34:45,rr2309,rr2309,3433.0,0.0,0.0,0.0,25,3432.0,3433.0,21,3435.0,3433.0,3433.0,3429.0,779.0,26736530.0,3469
2023-05-09 22:34:46,rr2309,rr2309,3433.0,0.0,0.0,0.0,28,3432.0,3433.0,24,3435.0,3433.0,3433.0,3429.0,779.0,26736530.0,3469
2023-05-09 22:35:21,rr2309,rr2309,3432.0,1.0,34320.0,0.0,27,3432.0,3433.0,24,3435.0,3433.0,3433.0,3429.0,780.0,26770850.0,3469
2023-05-09 22:35:46,rr2309,rr2309,3432.0,0.0,0.0,0.0,24,3432.0,3433.0,21,3435.0,3433.0,3433.0,3429.0,780.0,26770850.0,3469
2023-05-09 22:35:47,rr2309,rr2309,3432.0,0.0,0.0,0.0,27,3432.0,3433.0,24,3435.0,3433.0,3433.0,3429.0,780.0,26770850.0,3469
2023-05-09 22:36:15,rr2309,rr2309,3432.0,27.0,926640.0,15.0,20,3431.0,3432.0,24,3435.0,3433.0,3433.0,3429.0,807.0,27697490.0,3484
2023-05-09 22:36:15,rr2309,rr2309,3432.0,0.0,0.0,0.0,26,3431.0,3432.0,33,3435.0,3433.0,3433.0,3429.0,807.0,27697490.0,3484
2023-05-09 22:36:16,rr2309,rr2309,3432.0,0.0,0.0,0.0,26,3431.0,3432.0,30,3435.0,3433.0,3433.0,3429.0,807.0,27697490.0,3484
2023-05-09 22:36:17,rr2309,rr2309,3432.0,0.0,0.0,0.0,26,3431.0,3432.0,27,3435.0,3433.0,3433.0,3429.0,807.0,27697490.0,3484
2023-05-09 22:36:17,rr2309,rr2309,3432.0,0.0,0.0,0.0,29,3431.0,3432.0,30,3435.0,3433.0,3433.0,3429.0,807.0,27697490.0,3484
2023-05-09 22:36:20,rr2309,rr2309,3431.0,1.0,34310.0,0.0,28,3431.0,3432.0,30,3435.0,3433.0,3433.0,3429.0,808.0,27731800.0,3484
2023-05-09 22:36:20,rr2309,rr2309,3431.0,3.0,102930.0,2.0,27,3431.0,3432.0,27,3435.0,3433.0,3433.0,3429.0,811.0,27834730.0,3486
2023-05-09 22:36:27,rr2309,rr2309,3431.0,26.0,892060.0,4.0,10,3430.0,3431.0,9,3435.0,3433.0,3433.0,3429.0,837.0,28726790.0,3490
2023-05-09 22:36:27,rr2309,rr2309,3431.0,10.0,343100.0,1.0,22,3430.0,3431.0,9,3435.0,3433.0,3433.0,3429.0,847.0,29069890.0,3491
2023-05-09 22:36:28,rr2309,rr2309,3431.0,0.0,0.0,0.0,25,3430.0,3431.0,8,3435.0,3433.0,3433.0,3429.0,847.0,29069890.0,3491
2023-05-09 22:36:28,rr2309,rr2309,3431.0,0.0,0.0,0.0,22,3430.0,3431.0,20,3435.0,3433.0,3433.0,3429.0,847.0,29069890.0,3491
2023-05-09 22:36:29,rr2309,rr2309,3431.0,0.0,0.0,0.0,25,3430.0,3431.0,20,3435.0,3433.0,3433.0,3429.0,847.0,29069890.0,3491
2023-05-09 22:36:29,rr2309,rr2309,3431.0,3.0,102930.0,3.0,22,3430.0,3431.0,17,3435.0,3433.0,3433.0,3429.0,850.0,29172820.0,3494
2023-05-09 22:36:30,rr2309,rr2309,3431.0,0.0,0.0,0.0,28,3430.0,3431.0,23,3435.0,3433.0,3433.0,3429.0,850.0,29172820.0,3494
2023-05-09 22:36:31,rr2309,rr2309,3431.0,0.0,0.0,0.0,28,3430.0,3431.0,15,3435.0,3433.0,3433.0,3429.0,850.0,29172820.0,3494
2023-05-09 22:36:31,rr2309,rr2309,3431.0,0.0,0.0,0.0,25,3430.0,3431.0,15,3435.0,3433.0,3433.0,3429.0,850.0,29172820.0,3494
2023-05-09 22:36:35,rr2309,rr2309,3431.0,4.0,137240.0,0.0,22,3430.0,3431.0,9,3435.0,3433.0,3433.0,3429.0,854.0,29310060.0,3494
2023-05-09 22:36:35,rr2309,rr2309,3431.0,0.0,0.0,0.0,25,3430.0,3431.0,15,3435.0,3433.0,3433.0,3429.0,854.0,29310060.0,3494
2023-05-09 22:36:37,rr2309,rr2309,3431.0,0.0,0.0,0.0,25,3430.0,3431.0,21,3435.0,3433.0,3433.0,3429.0,854.0,29310060.0,3494
2023-05-09 22:36:42,rr2309,rr2309,3432.0,33.0,1132350.0,-21.0,3,3432.0,3433.0,15,3435.0,3433.0,3433.0,3429.0,887.0,30442410.0,3473
2023-05-09 22:36:43,rr2309,rr2309,3432.0,3.0,102960.0,3.0,15,3432.0,3433.0,27,3435.0,3433.0,3433.0,3429.0,890.0,30545370.0,3476
2023-05-09 22:36:43,rr2309,rr2309,3432.0,0.0,0.0,0.0,21,3432.0,3433.0,24,3435.0,3433.0,3433.0,3429.0,890.0,30545370.0,3476
2023-05-09 22:36:44,rr2309,rr2309,3432.0,0.0,0.0,0.0,24,3432.0,3433.0,24,3435.0,3433.0,3433.0,3429.0,890.0,30545370.0,3476
2023-05-09 22:36:44,rr2309,rr2309,3432.0,0.0,0.0,0.0,21,3432.0,3433.0,24,3435.0,3433.0,3433.0,3429.0,890.0,30545370.0,3476
2023-05-09 22:36:45,rr2309,rr2309,3432.0,0.0,0.0,0.0,21,3432.0,3433.0,27,3435.0,3433.0,3433.0,3429.0,890.0,30545370.0,3476
2023-05-09 22:36:48,rr2309,rr2309,3432.0,0.0,0.0,0.0,24,3432.0,3433.0,27,3435.0,3433.0,3433.0,3429.0,890.0,30545370.0,3476
2023-05-09 22:36:51,rr2309,rr2309,3432.0,3.0,102960.0,0.0,21,3432.0,3433.0,27,3435.0,3433.0,3433.0,3429.0,893.0,30648330.0,3476
2023-05-09 22:36:55,rr2309,rr2309,3432.0,0.0,0.0,0.0,24,3432.0,3433.0,27,3435.0,3433.0,3433.0,3429.0,893.0,30648330.0,3476
2023-05-09 22:37:03,rr2309,rr2309,3432.0,0.0,0.0,0.0,27,3432.0,3433.0,27,3435.0,3433.0,3433.0,3429.0,893.0,30648330.0,3476
2023-05-09 22:45:25,rr2309,rr2309,3432.0,0.0,0.0,0.0,30,3432.0,3433.0,30,3435.0,3433.0,3433.0,3429.0,893.0,30648330.0,3476
2023-05-09 22:45:29,rr2309,rr2309,3432.0,4.0,137280.0,0.0,25,3432.0,3433.0,27,3435.0,3433.0,3433.0,3429.0,897.0,30785610.0,3476
2023-05-09 22:45:30,rr2309,rr2309,3432.0,0.0,0.0,0.0,28,3432.0,3433.0,30,3435.0,3433.0,3433.0,3429.0,897.0,30785610.0,3476
2023-05-09 22:45:53,rr2309,rr2309,3432.0,0.0,0.0,0.0,27,3432.0,3433.0,30,3435.0,3433.0,3433.0,3429.0,897.0,30785610.0,3476
2023-05-09 22:45:53,rr2309,rr2309,3432.0,0.0,0.0,0.0,27,3432.0,3433.0,27,3435.0,3433.0,3433.0,3429.0,897.0,30785610.0,3476
2023-05-09 22:46:32,rr2309,rr2309,3432.0,0.0,0.0,0.0,27,3432.0,3433.0,28,3435.0,3433.0,3433.0,3429.0,897.0,30785610.0,3476
2023-05-09 22:47:14,rr2309,rr2309,3432.0,0.0,0.0,0.0,27,3432.0,3433.0,25,3435.0,3433.0,3433.0,3429.0,897.0,30785610.0,3476
2023-05-09 22:47:15,rr2309,rr2309,3432.0,0.0,0.0,0.0,24,3432.0,3433.0,22,3435.0,3433.0,3433.0,3429.0,897.0,30785610.0,3476
2023-05-09 22:47:17,rr2309,rr2309,3432.0,0.0,0.0,0.0,27,3432.0,3433.0,28,3435.0,3433.0,3433.0,3429.0,897.0,30785610.0,3476
2023-05-09 22:55:08,rr2309,rr2309,3432.0,0.0,0.0,0.0,24,3432.0,3433.0,28,3435.0,3433.0,3433.0,3429.0,897.0,30785610.0,3476
2023-05-09 22:55:08,rr2309,rr2309,3432.0,0.0,0.0,0.0,27,3432.0,3433.0,28,3435.0,3433.0,3433.0,3429.0,897.0,30785610.0,3476
2023-05-09 22:55:26,rr2309,rr2309,3433.0,3.0,102990.0,0.0,27,3432.0,3433.0,25,3435.0,3433.0,3433.0,3429.0,900.0,30888600.0,3476
2023-05-09 22:56:11,rr2309,rr2309,3433.0,0.0,0.0,0.0,24,3432.0,3433.0,25,3435.0,3433.0,3433.0,3429.0,900.0,30888600.0,3476
2023-05-09 22:56:21,rr2309,rr2309,3433.0,0.0,0.0,0.0,24,3432.0,3433.0,22,3435.0,3433.0,3433.0,3429.0,900.0,30888600.0,3476
2023-05-09 22:56:23,rr2309,rr2309,3433.0,0.0,0.0,0.0,24,3432.0,3433.0,27,3435.0,3433.0,3433.0,3429.0,900.0,30888600.0,3476
2023-05-09 22:56:24,rr2309,rr2309,3432.0,10.0,343200.0,3.0,20,3432.0,3433.0,24,3435.0,3433.0,3433.0,3429.0,910.0,31231800.0,3479
2023-05-09 22:56:24,rr2309,rr2309,3432.0,0.0,0.0,0.0,23,3432.0,3433.0,27,3435.0,3433.0,3433.0,3429.0,910.0,31231800.0,3479
2023-05-09 22:56:28,rr2309,rr2309,3432.0,0.0,0.0,0.0,23,3432.0,3433.0,30,3435.0,3433.0,3433.0,3429.0,910.0,31231800.0,3479
2023-05-09 22:56:29,rr2309,rr2309,3432.0,4.0,137280.0,2.0,15,3432.0,3433.0,24,3435.0,3433.0,3433.0,3429.0,914.0,31369080.0,3481
2023-05-09 22:56:29,rr2309,rr2309,3432.0,0.0,0.0,0.0,21,3432.0,3433.0,30,3435.0,3433.0,3433.0,3429.0,914.0,31369080.0,3481
2023-05-09 22:56:30,rr2309,rr2309,3432.0,17.0,583440.0,3.0,25,3431.0,3433.0,24,3435.0,3433.0,3433.0,3429.0,931.0,31952520.0,3484
2023-05-09 22:56:31,rr2309,rr2309,3432.0,0.0,0.0,0.0,37,3431.0,3433.0,33,3435.0,3433.0,3433.0,3429.0,931.0,31952520.0,3484
2023-05-09 22:56:35,rr2309,rr2309,3432.0,0.0,0.0,0.0,1,3432.0,3433.0,33,3435.0,3433.0,3433.0,3429.0,931.0,31952520.0,3484
2023-05-09 22:56:35,rr2309,rr2309,3432.0,1.0,34320.0,1.0,4,3432.0,3433.0,33,3435.0,3433.0,3433.0,3429.0,932.0,31986840.0,3485
2023-05-09 22:56:36,rr2309,rr2309,3432.0,2.0,68640.0,1.0,2,3432.0,3433.0,33,3435.0,3433.0,3433.0,3429.0,934.0,32055480.0,3486
2023-05-09 22:56:37,rr2309,rr2309,3432.0,0.0,0.0,0.0,37,3431.0,3432.0,3,3435.0,3433.0,3433.0,3429.0,934.0,32055480.0,3486
2023-05-09 22:56:37,rr2309,rr2309,3432.0,0.0,0.0,0.0,34,3431.0,3432.0,3,3435.0,3433.0,3433.0,3429.0,934.0,32055480.0,3486
2023-05-09 22:56:44,rr2309,rr2309,3432.0,0.0,0.0,0.0,34,3431.0,3432.0,15,3435.0,3433.0,3433.0,3429.0,934.0,32055480.0,3486
2023-05-09 22:56:45,rr2309,rr2309,3432.0,0.0,0.0,0.0,28,3431.0,3432.0,25,3435.0,3433.0,3433.0,3429.0,934.0,32055480.0,3486
2023-05-09 22:56:46,rr2309,rr2309,3432.0,25.0,858000.0,18.0,15,3432.0,3433.0,21,3435.0,3433.0,3433.0,3429.0,959.0,32913480.0,3504
2023-05-09 22:56:46,rr2309,rr2309,3432.0,0.0,0.0,0.0,24,3432.0,3433.0,33,3435.0,3433.0,3433.0,3429.0,959.0,32913480.0,3504
2023-05-09 22:56:48,rr2309,rr2309,3432.0,0.0,0.0,0.0,24,3432.0,3433.0,22,3435.0,3433.0,3433.0,3429.0,959.0,32913480.0,3504
2023-05-09 22:56:48,rr2309,rr2309,3432.0,0.0,0.0,0.0,30,3432.0,3433.0,22,3435.0,3433.0,3433.0,3429.0,959.0,32913480.0,3504
2023-05-09 22:56:49,rr2309,rr2309,3433.0,20.0,686600.0,5.0,8,3433.0,3434.0,18,3435.0,3433.0,3433.0,3429.0,979.0,33600080.0,3509
2023-05-09 22:56:49,rr2309,rr2309,3433.0,11.0,377630.0,-2.0,12,3433.0,3434.0,33,3435.0,3433.0,3433.0,3429.0,990.0,33977710.0,3507
2023-05-09 22:56:50,rr2309,rr2309,3433.0,0.0,0.0,0.0,15,3433.0,3434.0,33,3435.0,3433.0,3433.0,3429.0,990.0,33977710.0,3507
2023-05-09 22:56:52,rr2309,rr2309,3433.0,0.0,0.0,0.0,24,3433.0,3434.0,33,3435.0,3433.0,3433.0,3429.0,990.0,33977710.0,3507
2023-05-09 22:56:53,rr2309,rr2309,3433.0,24.0,823920.0,-9.0,21,3432.0,3433.0,19,3435.0,3433.0,3433.0,3429.0,1014.0,34801630.0,3498
2023-05-09 22:56:53,rr2309,rr2309,3433.0,0.0,0.0,0.0,24,3432.0,3433.0,25,3435.0,3433.0,3433.0,3429.0,1014.0,34801630.0,3498
2023-05-09 22:56:57,rr2309,rr2309,3433.0,0.0,0.0,0.0,24,3432.0,3433.0,31,3435.0,3433.0,3433.0,3429.0,1014.0,34801630.0,3498
2023-05-09 22:57:01,rr2309,rr2309,3433.0,0.0,0.0,0.0,24,3432.0,3433.0,25,3435.0,3433.0,3433.0,3429.0,1014.0,34801630.0,3498
2023-05-09 22:57:03,rr2309,rr2309,3433.0,1.0,34330.0,0.0,24,3432.0,3433.0,24,3435.0,3433.0,3433.0,3429.0,1015.0,34835960.0,3498
2023-05-09 22:57:03,rr2309,rr2309,3433.0,0.0,0.0,0.0,24,3432.0,3433.0,25,3435.0,3433.0,3433.0,3429.0,1015.0,34835960.0,3498
2023-05-09 22:57:05,rr2309,rr2309,3433.0,0.0,0.0,0.0,24,3432.0,3433.0,24,3435.0,3433.0,3433.0,3429.0,1015.0,34835960.0,3498
2023-05-09 22:57:06,rr2309,rr2309,3433.0,0.0,0.0,0.0,27,3432.0,3433.0,24,3435.0,3433.0,3433.0,3429.0,1015.0,34835960.0,3498
2023-05-09 22:57:07,rr2309,rr2309,3433.0,0.0,0.0,0.0,27,3432.0,3433.0,27,3435.0,3433.0,3433.0,3429.0,1015.0,34835960.0,3498
2023-05-09 22:57:13,rr2309,rr2309,3433.0,0.0,0.0,0.0,24,3432.0,3433.0,24,3435.0,3433.0,3433.0,3429.0,1015.0,34835960.0,3498
2023-05-09 22:57:13,rr2309,rr2309,3433.0,0.0,0.0,0.0,27,3432.0,3433.0,27,3435.0,3433.0,3433.0,3429.0,1015.0,34835960.0,3498
2023-05-09 22:57:16,rr2309,rr2309,3432.0,24.0,823680.0,5.0,16,3431.0,3432.0,2,3435.0,3433.0,3433.0,3429.0,1039.0,35659640.0,3503
2023-05-09 22:57:16,rr2309,rr2309,3432.0,5.0,171600.0,2.0,18,3431.0,3432.0,10,3435.0,3433.0,3433.0,3429.0,1044.0,35831240.0,3505
2023-05-09 22:57:17,rr2309,rr2309,3432.0,0.0,0.0,0.0,21,3431.0,3432.0,20,3435.0,3433.0,3433.0,3429.0,1044.0,35831240.0,3505
2023-05-09 22:57:17,rr2309,rr2309,3432.0,0.0,0.0,0.0,24,3431.0,3432.0,23,3435.0,3433.0,3433.0,3429.0,1044.0,35831240.0,3505
2023-05-09 22:57:19,rr2309,rr2309,3432.0,0.0,0.0,0.0,24,3431.0,3432.0,26,3435.0,3433.0,3433.0,3429.0,1044.0,35831240.0,3505
2023-05-09 22:57:20,rr2309,rr2309,3432.0,0.0,0.0,0.0,24,3431.0,3432.0,23,3435.0,3433.0,3433.0,3429.0,1044.0,35831240.0,3505
2023-05-09 22:57:21,rr2309,rr2309,3432.0,23.0,789360.0,6.0,6,3432.0,3433.0,20,3435.0,3433.0,3433.0,3429.0,1067.0,36620600.0,3511
2023-05-09 22:57:21,rr2309,rr2309,3432.0,0.0,0.0,0.0,6,3432.0,3433.0,35,3435.0,3433.0,3433.0,3429.0,1067.0,36620600.0,3511
2023-05-09 22:57:21,rr2309,rr2309,3432.0,0.0,0.0,0.0,6,3432.0,3433.0,38,3435.0,3433.0,3433.0,3429.0,1067.0,36620600.0,3511
2023-05-09 22:57:23,rr2309,rr2309,3432.0,0.0,0.0,0.0,15,3432.0,3433.0,38,3435.0,3433.0,3433.0,3429.0,1067.0,36620600.0,3511
2023-05-09 22:57:24,rr2309,rr2309,3432.0,0.0,0.0,0.0,24,3432.0,3433.0,35,3435.0,3433.0,3433.0,3429.0,1067.0,36620600.0,3511
2023-05-09 22:57:27,rr2309,rr2309,3432.0,0.0,0.0,0.0,24,3432.0,3433.0,41,3435.0,3433.0,3433.0,3429.0,1067.0,36620600.0,3511
2023-05-09 22:57:29,rr2309,rr2309,3432.0,0.0,0.0,0.0,27,3432.0,3433.0,41,3435.0,3433.0,3433.0,3429.0,1067.0,36620600.0,3511
2023-05-09 22:57:31,rr2309,rr2309,3432.0,0.0,0.0,0.0,27,3432.0,3433.0,30,3435.0,3433.0,3433.0,3429.0,1067.0,36620600.0,3511
2023-05-09 22:57:53,rr2309,rr2309,3432.0,0.0,0.0,0.0,30,3432.0,3433.0,30,3435.0,3433.0,3433.0,3429.0,1067.0,36620600.0,3511
2023-05-09 22:58:49,rr2309,rr2309,3432.0,0.0,0.0,0.0,30,3432.0,3433.0,27,3435.0,3433.0,3433.0,3429.0,1067.0,36620600.0,3511
2023-05-09 22:58:50,rr2309,rr2309,3433.0,5.0,171650.0,0.0,18,3432.0,3433.0,17,3435.0,3433.0,3433.0,3429.0,1072.0,36792250.0,3511
2023-05-09 22:58:50,rr2309,rr2309,3433.0,0.0,0.0,0.0,24,3432.0,3433.0,23,3435.0,3433.0,3433.0,3429.0,1072.0,36792250.0,3511
2023-05-09 22:58:58,rr2309,rr2309,3433.0,0.0,0.0,0.0,25,3432.0,3433.0,23,3435.0,3433.0,3433.0,3429.0,1072.0,36792250.0,3511
2023-05-09 22:59:00,rr2309,rr2309,3433.0,0.0,0.0,0.0,19,3432.0,3433.0,20,3435.0,3433.0,3433.0,3429.0,1072.0,36792250.0,3511
2023-05-09 22:59:01,rr2309,rr2309,3433.0,0.0,0.0,0.0,16,3432.0,3433.0,20,3435.0,3433.0,3433.0,3429.0,1072.0,36792250.0,3511
2023-05-09 22:59:06,rr2309,rr2309,3433.0,0.0,0.0,0.0,13,3432.0,3433.0,17,3435.0,3433.0,3433.0,3429.0,1072.0,36792250.0,3511
2023-05-09 22:59:10,rr2309,rr2309,3433.0,0.0,0.0,0.0,13,3432.0,3433.0,11,3435.0,3433.0,3433.0,3429.0,1072.0,36792250.0,3511
2023-05-09 22:59:10,rr2309,rr2309,3433.0,0.0,0.0,0.0,10,3432.0,3433.0,17,3435.0,3433.0,3433.0,3429.0,1072.0,36792250.0,3511
2023-05-09 22:59:29,rr2309,rr2309,3432.0,10.0,343200.0,-1.0,12,3431.0,3433.0,8,3435.0,3433.0,3433.0,3429.0,1082.0,37135450.0,3510
2023-05-09 22:59:29,rr2309,rr2309,3432.0,0.0,0.0,0.0,21,3431.0,3433.0,17,3435.0,3433.0,3433.0,3429.0,1082.0,37135450.0,3510
2023-05-09 22:59:35,rr2309,rr2309,3432.0,0.0,0.0,0.0,15,3431.0,3433.0,11,3435.0,3433.0,3433.0,3429.0,1082.0,37135450.0,3510
2023-05-09 22:59:36,rr2309,rr2309,3431.0,3.0,102930.0,-3.0,6,3431.0,3433.0,11,3435.0,3433.0,3433.0,3429.0,1085.0,37238380.0,3507
2023-05-09 22:59:36,rr2309,rr2309,3431.0,0.0,0.0,0.0,3,3431.0,3433.0,8,3435.0,3433.0,3433.0,3429.0,1085.0,37238380.0,3507
2023-05-09 22:59:37,rr2309,rr2309,3431.0,0.0,0.0,0.0,3,3431.0,3433.0,11,3435.0,3433.0,3433.0,3429.0,1085.0,37238380.0,3507
2023-05-09 22:59:39,rr2309,rr2309,3431.0,0.0,0.0,0.0,7,3430.0,3433.0,8,3435.0,3433.0,3433.0,3429.0,1085.0,37238380.0,3507
2023-05-09 22:59:40,rr2309,rr2309,3431.0,0.0,0.0,0.0,10,3429.0,3433.0,8,3435.0,3433.0,3433.0,3429.0,1085.0,37238380.0,3507
2023-05-09 22:59:40,rr2309,rr2309,3431.0,0.0,0.0,0.0,1,3429.0,3433.0,5,3435.0,3433.0,3433.0,3429.0,1085.0,37238380.0,3507
2023-05-09 22:59:49,rr2309,rr2309,3431.0,0.0,0.0,0.0,2,3429.0,3433.0,5,3435.0,3433.0,3433.0,3429.0,1085.0,37238380.0,3507
2023-05-09 22:59:54,rr2309,rr2309,3431.0,0.0,0.0,0.0,2,3429.0,3433.0,6,3435.0,3433.0,3433.0,3429.0,1085.0,37238380.0,3507
2023-05-09 22:59:56,rr2309,rr2309,3431.0,0.0,0.0,0.0,2,3430.0,3433.0,6,3435.0,3433.0,3433.0,3429.0,1085.0,37238380.0,3507
2023-05-10 09:00:01,rr2309,rr2309,3431.0,0.0,0.0,0.0,6,3430.0,3433.0,6,3435.0,3433.0,3433.0,3429.0,1085.0,37238380.0,3507
2023-05-10 09:00:02,rr2309,rr2309,3431.0,0.0,0.0,0.0,3,3431.0,3433.0,9,3435.0,3433.0,3433.0,3429.0,1085.0,37238380.0,3507
2023-05-10 09:00:04,rr2309,rr2309,3431.0,0.0,0.0,0.0,6,3430.0,3433.0,6,3435.0,3433.0,3433.0,3429.0,1085.0,37238380.0,3507
2023-05-10 09:00:04,rr2309,rr2309,3431.0,0.0,0.0,0.0,6,3430.0,3433.0,9,3435.0,3433.0,3433.0,3429.0,1085.0,37238380.0,3507
2023-05-10 09:00:07,rr2309,rr2309,3431.0,0.0,0.0,0.0,9,3430.0,3432.0,3,3435.0,3433.0,3433.0,3429.0,1085.0,37238380.0,3507
2023-05-10 09:00:10,rr2309,rr2309,3431.0,0.0,0.0,0.0,6,3430.0,3433.0,12,3435.0,3433.0,3433.0,3429.0,1085.0,37238380.0,3507
2023-05-10 09:00:13,rr2309,rr2309,3431.0,0.0,0.0,0.0,9,3430.0,3432.0,3,3435.0,3433.0,3433.0,3429.0,1085.0,37238380.0,3507
2023-05-10 09:00:16,rr2309,rr2309,3431.0,0.0,0.0,0.0,6,3430.0,3433.0,15,3435.0,3433.0,3433.0,3429.0,1085.0,37238380.0,3507
2023-05-10 09:00:19,rr2309,rr2309,3431.0,0.0,0.0,0.0,9,3430.0,3432.0,3,3435.0,3433.0,3433.0,3429.0,1085.0,37238380.0,3507
2023-05-10 09:00:20,rr2309,rr2309,3431.0,0.0,0.0,0.0,15,3430.0,3432.0,3,3435.0,3433.0,3433.0,3429.0,1085.0,37238380.0,3507
2023-05-10 09:00:22,rr2309,rr2309,3431.0,0.0,0.0,0.0,12,3430.0,3433.0,18,3435.0,3433.0,3433.0,3429.0,1085.0,37238380.0,3507
2023-05-10 09:00:22,rr2309,rr2309,3431.0,0.0,0.0,0.0,15,3430.0,3433.0,18,3435.0,3433.0,3433.0,3429.0,1085.0,37238380.0,3507
2023-05-10 09:00:24,rr2309,rr2309,3431.0,0.0,0.0,0.0,18,3430.0,3432.0,3,3435.0,3433.0,3433.0,3429.0,1085.0,37238380.0,3507
2023-05-10 09:00:27,rr2309,rr2309,3431.0,0.0,0.0,0.0,15,3430.0,3433.0,18,3435.0,3433.0,3433.0,3429.0,1085.0,37238380.0,3507
2023-05-10 09:00:29,rr2309,rr2309,3431.0,0.0,0.0,0.0,1,3431.0,3433.0,15,3435.0,3433.0,3433.0,3429.0,1085.0,37238380.0,3507
2023-05-10 09:00:29,rr2309,rr2309,3431.0,0.0,0.0,0.0,4,3431.0,3433.0,18,3435.0,3433.0,3433.0,3429.0,1085.0,37238380.0,3507
2023-05-10 09:00:33,rr2309,rr2309,3431.0,0.0,0.0,0.0,7,3431.0,3433.0,18,3435.0,3433.0,3433.0,3429.0,1085.0,37238380.0,3507
2023-05-10 09:00:34,rr2309,rr2309,3431.0,0.0,0.0,0.0,7,3431.0,3433.0,21,3435.0,3433.0,3433.0,3429.0,1085.0,37238380.0,3507
2023-05-10 09:00:38,rr2309,rr2309,3431.0,0.0,0.0,0.0,4,3431.0,3433.0,21,3435.0,3433.0,3433.0,3429.0,1085.0,37238380.0,3507
2023-05-10 09:00:39,rr2309,rr2309,3431.0,0.0,0.0,0.0,7,3431.0,3433.0,21,3435.0,3433.0,3433.0,3429.0,1085.0,37238380.0,3507
2023-05-10 09:01:05,rr2309,rr2309,3431.0,0.0,0.0,0.0,7,3431.0,3433.0,22,3435.0,3433.0,3433.0,3429.0,1085.0,37238380.0,3507
2023-05-10 09:01:05,rr2309,rr2309,3431.0,0.0,0.0,0.0,7,3431.0,3433.0,25,3435.0,3433.0,3433.0,3429.0,1085.0,37238380.0,3507
2023-05-10 09:01:11,rr2309,rr2309,3431.0,0.0,0.0,0.0,7,3431.0,3433.0,26,3435.0,3433.0,3433.0,3429.0,1085.0,37238380.0,3507
2023-05-10 09:01:11,rr2309,rr2309,3431.0,0.0,0.0,0.0,7,3431.0,3432.0,3,3435.0,3433.0,3433.0,3429.0,1085.0,37238380.0,3507
2023-05-10 09:01:12,rr2309,rr2309,3431.0,0.0,0.0,0.0,4,3431.0,3432.0,3,3435.0,3433.0,3433.0,3429.0,1085.0,37238380.0,3507
2023-05-10 09:01:12,rr2309,rr2309,3431.0,0.0,0.0,0.0,7,3431.0,3432.0,3,3435.0,3433.0,3433.0,3429.0,1085.0,37238380.0,3507
2023-05-10 09:01:16,rr2309,rr2309,3431.0,0.0,0.0,0.0,7,3431.0,3433.0,26,3435.0,3433.0,3433.0,3429.0,1085.0,37238380.0,3507
2023-05-10 09:01:33,rr2309,rr2309,3431.0,0.0,0.0,0.0,7,3431.0,3433.0,25,3435.0,3433.0,3433.0,3429.0,1085.0,37238380.0,3507
2023-05-10 09:01:34,rr2309,rr2309,3431.0,0.0,0.0,0.0,7,3431.0,3432.0,4,3435.0,3433.0,3433.0,3429.0,1085.0,37238380.0,3507
2023-05-10 09:01:38,rr2309,rr2309,3431.0,0.0,0.0,0.0,7,3431.0,3433.0,28,3435.0,3433.0,3433.0,3429.0,1085.0,37238380.0,3507
2023-05-10 09:02:08,rr2309,rr2309,3431.0,0.0,0.0,0.0,7,3431.0,3433.0,33,3435.0,3433.0,3433.0,3429.0,1085.0,37238380.0,3507
2023-05-10 09:02:15,rr2309,rr2309,3431.0,1.0,34310.0,-1.0,6,3431.0,3433.0,33,3435.0,3433.0,3433.0,3429.0,1086.0,37272690.0,3506
2023-05-10 09:02:16,rr2309,rr2309,3431.0,0.0,0.0,0.0,3,3431.0,3433.0,36,3435.0,3433.0,3433.0,3429.0,1086.0,37272690.0,3506
2023-05-10 09:02:16,rr2309,rr2309,3431.0,0.0,0.0,0.0,20,3430.0,3433.0,33,3435.0,3433.0,3433.0,3429.0,1086.0,37272690.0,3506
2023-05-10 09:02:17,rr2309,rr2309,3431.0,0.0,0.0,0.0,23,3430.0,3432.0,3,3435.0,3433.0,3433.0,3429.0,1086.0,37272690.0,3506
2023-05-10 09:02:19,rr2309,rr2309,3431.0,0.0,0.0,0.0,20,3430.0,3433.0,33,3435.0,3433.0,3433.0,3429.0,1086.0,37272690.0,3506
2023-05-10 09:02:21,rr2309,rr2309,3431.0,0.0,0.0,0.0,23,3430.0,3432.0,3,3435.0,3433.0,3433.0,3429.0,1086.0,37272690.0,3506
2023-05-10 09:02:24,rr2309,rr2309,3431.0,0.0,0.0,0.0,20,3430.0,3433.0,33,3435.0,3433.0,3433.0,3429.0,1086.0,37272690.0,3506
2023-05-10 09:02:26,rr2309,rr2309,3431.0,0.0,0.0,0.0,23,3430.0,3432.0,3,3435.0,3433.0,3433.0,3429.0,1086.0,37272690.0,3506
2023-05-10 09:02:29,rr2309,rr2309,3431.0,0.0,0.0,0.0,20,3430.0,3433.0,33,3435.0,3433.0,3433.0,3429.0,1086.0,37272690.0,3506
2023-05-10 09:02:31,rr2309,rr2309,3431.0,0.0,0.0,0.0,23,3430.0,3432.0,3,3435.0,3433.0,3433.0,3429.0,1086.0,37272690.0,3506
2023-05-10 09:02:33,rr2309,rr2309,3431.0,0.0,0.0,0.0,26,3430.0,3432.0,3,3435.0,3433.0,3433.0,3429.0,1086.0,37272690.0,3506
2023-05-10 09:02:34,rr2309,rr2309,3431.0,0.0,0.0,0.0,23,3430.0,3433.0,36,3435.0,3433.0,3433.0,3429.0,1086.0,37272690.0,3506
2023-05-10 09:02:36,rr2309,rr2309,3431.0,0.0,0.0,0.0,26,3430.0,3432.0,3,3435.0,3433.0,3433.0,3429.0,1086.0,37272690.0,3506
2023-05-10 09:02:39,rr2309,rr2309,3431.0,0.0,0.0,0.0,20,3430.0,3432.0,6,3435.0,3433.0,3433.0,3429.0,1086.0,37272690.0,3506
2023-05-10 09:02:40,rr2309,rr2309,3431.0,0.0,0.0,0.0,20,3430.0,3432.0,12,3435.0,3433.0,3433.0,3429.0,1086.0,37272690.0,3506
2023-05-10 09:02:40,rr2309,rr2309,3431.0,0.0,0.0,0.0,20,3430.0,3432.0,18,3435.0,3433.0,3433.0,3429.0,1086.0,37272690.0,3506
2023-05-10 09:02:41,rr2309,rr2309,3431.0,0.0,0.0,0.0,23,3430.0,3432.0,21,3435.0,3433.0,3433.0,3429.0,1086.0,37272690.0,3506
2023-05-10 09:02:42,rr2309,rr2309,3431.0,0.0,0.0,0.0,26,3430.0,3432.0,21,3435.0,3433.0,3433.0,3429.0,1086.0,37272690.0,3506
2023-05-10 09:02:45,rr2309,rr2309,3431.0,0.0,0.0,0.0,23,3430.0,3432.0,21,3435.0,3433.0,3433.0,3429.0,1086.0,37272690.0,3506
2023-05-10 09:02:45,rr2309,rr2309,3431.0,0.0,0.0,0.0,26,3430.0,3432.0,21,3435.0,3433.0,3433.0,3429.0,1086.0,37272690.0,3506
2023-05-10 09:03:42,rr2309,rr2309,3431.0,3.0,102930.0,0.0,3,3431.0,3432.0,15,3435.0,3433.0,3433.0,3429.0,1089.0,37375620.0,3506
2023-05-10 09:03:43,rr2309,rr2309,3431.0,0.0,0.0,0.0,9,3431.0,3432.0,18,3435.0,3433.0,3433.0,3429.0,1089.0,37375620.0,3506
2023-05-10 09:03:43,rr2309,rr2309,3431.0,0.0,0.0,0.0,12,3431.0,3432.0,18,3435.0,3433.0,3433.0,3429.0,1089.0,37375620.0,3506
2023-05-10 09:03:44,rr2309,rr2309,3431.0,0.0,0.0,0.0,18,3431.0,3432.0,12,3435.0,3433.0,3433.0,3429.0,1089.0,37375620.0,3506
2023-05-10 09:03:46,rr2309,rr2309,3431.0,0.0,0.0,0.0,15,3431.0,3432.0,12,3435.0,3433.0,3433.0,3429.0,1089.0,37375620.0,3506
2023-05-10 09:03:47,rr2309,rr2309,3431.0,0.0,0.0,0.0,18,3431.0,3432.0,12,3435.0,3433.0,3433.0,3429.0,1089.0,37375620.0,3506
2023-05-10 09:03:49,rr2309,rr2309,3431.0,0.0,0.0,0.0,18,3431.0,3432.0,15,3435.0,3433.0,3433.0,3429.0,1089.0,37375620.0,3506
2023-05-10 09:03:55,rr2309,rr2309,3431.0,0.0,0.0,0.0,18,3431.0,3432.0,16,3435.0,3433.0,3433.0,3429.0,1089.0,37375620.0,3506
2023-05-10 09:03:56,rr2309,rr2309,3431.0,0.0,0.0,0.0,6,3431.0,3432.0,9,3435.0,3433.0,3433.0,3429.0,1089.0,37375620.0,3506
2023-05-10 09:03:56,rr2309,rr2309,3431.0,0.0,0.0,0.0,3,3431.0,3432.0,3,3435.0,3433.0,3433.0,3429.0,1089.0,37375620.0,3506
2023-05-10 09:03:57,rr2309,rr2309,3431.0,0.0,0.0,0.0,6,3431.0,3433.0,34,3435.0,3433.0,3433.0,3429.0,1089.0,37375620.0,3506
2023-05-10 09:03:58,rr2309,rr2309,3431.0,0.0,0.0,0.0,9,3431.0,3433.0,37,3435.0,3433.0,3433.0,3429.0,1089.0,37375620.0,3506
2023-05-10 09:03:59,rr2309,rr2309,3431.0,0.0,0.0,0.0,12,3431.0,3433.0,34,3435.0,3433.0,3433.0,3429.0,1089.0,37375620.0,3506
2023-05-10 09:03:59,rr2309,rr2309,3431.0,0.0,0.0,0.0,21,3431.0,3433.0,37,3435.0,3433.0,3433.0,3429.0,1089.0,37375620.0,3506
2023-05-10 09:04:32,rr2309,rr2309,3431.0,0.0,0.0,0.0,15,3431.0,3432.0,3,3435.0,3433.0,3433.0,3429.0,1089.0,37375620.0,3506
2023-05-10 09:04:32,rr2309,rr2309,3431.0,0.0,0.0,0.0,18,3431.0,3432.0,3,3435.0,3433.0,3433.0,3429.0,1089.0,37375620.0,3506
2023-05-10 09:04:37,rr2309,rr2309,3431.0,0.0,0.0,0.0,18,3431.0,3432.0,6,3435.0,3433.0,3433.0,3429.0,1089.0,37375620.0,3506
2023-05-10 09:04:37,rr2309,rr2309,3431.0,0.0,0.0,0.0,21,3431.0,3432.0,3,3435.0,3433.0,3433.0,3429.0,1089.0,37375620.0,3506
2023-05-10 09:04:38,rr2309,rr2309,3431.0,0.0,0.0,0.0,21,3431.0,3433.0,45,3435.0,3433.0,3433.0,3429.0,1089.0,37375620.0,3506
2023-05-10 09:04:40,rr2309,rr2309,3431.0,0.0,0.0,0.0,21,3431.0,3433.0,42,3435.0,3433.0,3433.0,3429.0,1089.0,37375620.0,3506
2023-05-10 09:04:41,rr2309,rr2309,3431.0,0.0,0.0,0.0,21,3431.0,3433.0,45,3435.0,3433.0,3433.0,3429.0,1089.0,37375620.0,3506
2023-05-10 09:04:45,rr2309,rr2309,3431.0,21.0,720510.0,15.0,9,3430.0,3431.0,21,3435.0,3433.0,3433.0,3429.0,1110.0,38096130.0,3521
2023-05-10 09:04:45,rr2309,rr2309,3431.0,0.0,0.0,0.0,3,3430.0,3431.0,24,3435.0,3433.0,3433.0,3429.0,1110.0,38096130.0,3521
2023-05-10 09:04:46,rr2309,rr2309,3430.0,6.0,205800.0,3.0,19,3429.0,3431.0,21,3435.0,3433.0,3433.0,3429.0,1116.0,38301930.0,3524
2023-05-10 09:04:47,rr2309,rr2309,3430.0,9.0,308700.0,6.0,16,3429.0,3430.0,6,3435.0,3433.0,3433.0,3429.0,1125.0,38610630.0,3530
2023-05-10 09:04:47,rr2309,rr2309,3430.0,0.0,0.0,0.0,13,3429.0,3430.0,12,3435.0,3433.0,3433.0,3429.0,1125.0,38610630.0,3530
2023-05-10 09:04:48,rr2309,rr2309,3429.0,17.0,582930.0,4.0,17,3428.0,3429.0,4,3435.0,3433.0,3433.0,3429.0,1142.0,39193560.0,3534
2023-05-10 09:04:48,rr2309,rr2309,3429.0,0.0,0.0,0.0,17,3428.0,3429.0,7,3435.0,3433.0,3433.0,3429.0,1142.0,39193560.0,3534
2023-05-10 09:04:49,rr2309,rr2309,3429.0,0.0,0.0,0.0,17,3428.0,3429.0,6,3435.0,3433.0,3433.0,3429.0,1142.0,39193560.0,3534
2023-05-10 09:04:51,rr2309,rr2309,3429.0,0.0,0.0,0.0,20,3428.0,3429.0,6,3435.0,3433.0,3433.0,3429.0,1142.0,39193560.0,3534
2023-05-10 09:04:52,rr2309,rr2309,3429.0,0.0,0.0,0.0,20,3428.0,3429.0,9,3435.0,3433.0,3433.0,3429.0,1142.0,39193560.0,3534
2023-05-10 09:04:52,rr2309,rr2309,3429.0,0.0,0.0,0.0,17,3428.0,3429.0,15,3435.0,3433.0,3433.0,3429.0,1142.0,39193560.0,3534
2023-05-10 09:04:53,rr2309,rr2309,3429.0,0.0,0.0,0.0,17,3428.0,3429.0,18,3435.0,3433.0,3433.0,3429.0,1142.0,39193560.0,3534
2023-05-10 09:04:53,rr2309,rr2309,3429.0,0.0,0.0,0.0,20,3428.0,3429.0,21,3435.0,3433.0,3433.0,3429.0,1142.0,39193560.0,3534
2023-05-10 09:05:01,rr2309,rr2309,3429.0,0.0,0.0,0.0,20,3428.0,3429.0,24,3435.0,3433.0,3433.0,3429.0,1142.0,39193560.0,3534
2023-05-10 09:05:09,rr2309,rr2309,3429.0,0.0,0.0,0.0,20,3428.0,3429.0,21,3435.0,3433.0,3433.0,3429.0,1142.0,39193560.0,3534
2023-05-10 09:05:09,rr2309,rr2309,3429.0,0.0,0.0,0.0,14,3428.0,3429.0,12,3435.0,3433.0,3433.0,3429.0,1142.0,39193560.0,3534
2023-05-10 09:05:10,rr2309,rr2309,3429.0,0.0,0.0,0.0,11,3428.0,3429.0,18,3435.0,3433.0,3433.0,3429.0,1142.0,39193560.0,3534
2023-05-10 09:05:10,rr2309,rr2309,3429.0,0.0,0.0,0.0,14,3428.0,3429.0,18,3435.0,3433.0,3433.0,3429.0,1142.0,39193560.0,3534
2023-05-10 09:05:11,rr2309,rr2309,3429.0,0.0,0.0,0.0,17,3428.0,3429.0,21,3435.0,3433.0,3433.0,3429.0,1142.0,39193560.0,3534
2023-05-10 09:05:11,rr2309,rr2309,3429.0,0.0,0.0,0.0,20,3428.0,3429.0,21,3435.0,3433.0,3433.0,3429.0,1142.0,39193560.0,3534
2023-05-10 09:05:15,rr2309,rr2309,3429.0,0.0,0.0,0.0,14,3428.0,3429.0,21,3435.0,3433.0,3433.0,3429.0,1142.0,39193560.0,3534
2023-05-10 09:05:16,rr2309,rr2309,3429.0,0.0,0.0,0.0,5,3428.0,3429.0,21,3435.0,3433.0,3433.0,3429.0,1142.0,39193560.0,3534
2023-05-10 09:05:16,rr2309,rr2309,3429.0,0.0,0.0,0.0,5,3428.0,3429.0,18,3435.0,3433.0,3433.0,3429.0,1142.0,39193560.0,3534
2023-05-10 09:05:17,rr2309,rr2309,3428.0,2.0,68560.0,2.0,2,3428.0,3429.0,21,3435.0,3433.0,3433.0,3428.0,1144.0,39262120.0,3536
2023-05-10 09:05:18,rr2309,rr2309,3428.0,0.0,0.0,0.0,2,3428.0,3429.0,24,3435.0,3433.0,3433.0,3428.0,1144.0,39262120.0,3536
2023-05-10 09:05:29,rr2309,rr2309,3428.0,0.0,0.0,0.0,2,3428.0,3429.0,25,3435.0,3433.0,3433.0,3428.0,1144.0,39262120.0,3536
2023-05-10 09:05:30,rr2309,rr2309,3428.0,0.0,0.0,0.0,2,3428.0,3429.0,26,3435.0,3433.0,3433.0,3428.0,1144.0,39262120.0,3536
2023-05-10 09:05:34,rr2309,rr2309,3429.0,26.0,891540.0,-11.0,6,3429.0,3430.0,9,3435.0,3433.0,3433.0,3428.0,1170.0,40153660.0,3525
2023-05-10 09:05:34,rr2309,rr2309,3429.0,6.0,205740.0,-3.0,3,3429.0,3430.0,15,3435.0,3433.0,3433.0,3428.0,1176.0,40359400.0,3522
2023-05-10 09:05:35,rr2309,rr2309,3429.0,0.0,0.0,0.0,3,3429.0,3430.0,18,3435.0,3433.0,3433.0,3428.0,1176.0,40359400.0,3522
2023-05-10 09:05:37,rr2309,rr2309,3429.0,0.0,0.0,0.0,3,3429.0,3430.0,21,3435.0,3433.0,3433.0,3428.0,1176.0,40359400.0,3522
2023-05-10 09:06:15,rr2309,rr2309,3429.0,0.0,0.0,0.0,9,3429.0,3430.0,15,3435.0,3433.0,3433.0,3428.0,1176.0,40359400.0,3522
2023-05-10 09:06:16,rr2309,rr2309,3429.0,0.0,0.0,0.0,18,3429.0,3430.0,15,3435.0,3433.0,3433.0,3428.0,1176.0,40359400.0,3522
2023-05-10 09:06:24,rr2309,rr2309,3429.0,0.0,0.0,0.0,18,3429.0,3430.0,18,3435.0,3433.0,3433.0,3428.0,1176.0,40359400.0,3522
2023-05-10 09:06:25,rr2309,rr2309,3429.0,0.0,0.0,0.0,21,3429.0,3430.0,15,3435.0,3433.0,3433.0,3428.0,1176.0,40359400.0,3522
2023-05-10 09:06:25,rr2309,rr2309,3429.0,0.0,0.0,0.0,21,3429.0,3430.0,18,3435.0,3433.0,3433.0,3428.0,1176.0,40359400.0,3522
2023-05-10 09:06:47,rr2309,rr2309,3429.0,0.0,0.0,0.0,18,3429.0,3430.0,18,3435.0,3433.0,3433.0,3428.0,1176.0,40359400.0,3522
2023-05-10 09:06:48,rr2309,rr2309,3429.0,0.0,0.0,0.0,21,3429.0,3430.0,15,3435.0,3433.0,3433.0,3428.0,1176.0,40359400.0,3522
2023-05-10 09:06:48,rr2309,rr2309,3429.0,0.0,0.0,0.0,21,3429.0,3430.0,18,3435.0,3433.0,3433.0,3428.0,1176.0,40359400.0,3522
2023-05-10 09:07:03,rr2309,rr2309,3429.0,0.0,0.0,0.0,18,3429.0,3430.0,18,3435.0,3433.0,3433.0,3428.0,1176.0,40359400.0,3522
2023-05-10 09:07:04,rr2309,rr2309,3429.0,0.0,0.0,0.0,21,3429.0,3430.0,15,3435.0,3433.0,3433.0,3428.0,1176.0,40359400.0,3522
2023-05-10 09:07:04,rr2309,rr2309,3429.0,0.0,0.0,0.0,18,3429.0,3430.0,18,3435.0,3433.0,3433.0,3428.0,1176.0,40359400.0,3522
2023-05-10 09:07:05,rr2309,rr2309,3429.0,0.0,0.0,0.0,21,3429.0,3430.0,15,3435.0,3433.0,3433.0,3428.0,1176.0,40359400.0,3522
2023-05-10 09:07:06,rr2309,rr2309,3429.0,0.0,0.0,0.0,21,3429.0,3430.0,18,3435.0,3433.0,3433.0,3428.0,1176.0,40359400.0,3522
2023-05-10 09:07:56,rr2309,rr2309,3430.0,18.0,617400.0,1.0,9,3429.0,3431.0,12,3435.0,3433.0,3433.0,3428.0,1194.0,40976800.0,3523
2023-05-10 09:07:56,rr2309,rr2309,3430.0,0.0,0.0,0.0,18,3429.0,3431.0,27,3435.0,3433.0,3433.0,3428.0,1194.0,40976800.0,3523
2023-05-10 09:07:59,rr2309,rr2309,3430.0,0.0,0.0,0.0,24,3429.0,3431.0,30,3435.0,3433.0,3433.0,3428.0,1194.0,40976800.0,3523
2023-05-10 09:08:19,rr2309,rr2309,3430.0,0.0,0.0,0.0,21,3429.0,3431.0,30,3435.0,3433.0,3433.0,3428.0,1194.0,40976800.0,3523
2023-05-10 09:08:20,rr2309,rr2309,3430.0,0.0,0.0,0.0,24,3429.0,3431.0,30,3435.0,3433.0,3433.0,3428.0,1194.0,40976800.0,3523
2023-05-10 09:08:32,rr2309,rr2309,3430.0,0.0,0.0,0.0,24,3429.0,3431.0,27,3435.0,3433.0,3433.0,3428.0,1194.0,40976800.0,3523
2023-05-10 09:08:33,rr2309,rr2309,3430.0,0.0,0.0,0.0,24,3429.0,3431.0,30,3435.0,3433.0,3433.0,3428.0,1194.0,40976800.0,3523
2023-05-10 09:09:47,rr2309,rr2309,3430.0,0.0,0.0,0.0,24,3429.0,3430.0,1,3435.0,3433.0,3433.0,3428.0,1194.0,40976800.0,3523
2023-05-10 09:09:48,rr2309,rr2309,3430.0,0.0,0.0,0.0,21,3429.0,3430.0,7,3435.0,3433.0,3433.0,3428.0,1194.0,40976800.0,3523
2023-05-10 09:09:48,rr2309,rr2309,3430.0,0.0,0.0,0.0,21,3429.0,3430.0,13,3435.0,3433.0,3433.0,3428.0,1194.0,40976800.0,3523
2023-05-10 09:09:49,rr2309,rr2309,3430.0,0.0,0.0,0.0,18,3429.0,3430.0,16,3435.0,3433.0,3433.0,3428.0,1194.0,40976800.0,3523
2023-05-10 09:09:50,rr2309,rr2309,3430.0,0.0,0.0,0.0,21,3429.0,3430.0,19,3435.0,3433.0,3433.0,3428.0,1194.0,40976800.0,3523
2023-05-10 09:10:37,rr2309,rr2309,3430.0,0.0,0.0,0.0,18,3429.0,3430.0,19,3435.0,3433.0,3433.0,3428.0,1194.0,40976800.0,3523
2023-05-10 09:10:37,rr2309,rr2309,3430.0,0.0,0.0,0.0,18,3429.0,3430.0,22,3435.0,3433.0,3433.0,3428.0,1194.0,40976800.0,3523
2023-05-10 09:11:05,rr2309,rr2309,3430.0,0.0,0.0,0.0,19,3429.0,3430.0,22,3435.0,3433.0,3433.0,3428.0,1194.0,40976800.0,3523
2023-05-10 09:11:59,rr2309,rr2309,3430.0,0.0,0.0,0.0,16,3429.0,3430.0,22,3435.0,3433.0,3433.0,3428.0,1194.0,40976800.0,3523
2023-05-10 09:12:00,rr2309,rr2309,3430.0,0.0,0.0,0.0,22,3429.0,3430.0,16,3435.0,3433.0,3433.0,3428.0,1194.0,40976800.0,3523
2023-05-10 09:12:00,rr2309,rr2309,3430.0,0.0,0.0,0.0,22,3429.0,3430.0,19,3435.0,3433.0,3433.0,3428.0,1194.0,40976800.0,3523
2023-05-10 09:12:18,rr2309,rr2309,3430.0,0.0,0.0,0.0,25,3429.0,3430.0,22,3435.0,3433.0,3433.0,3428.0,1194.0,40976800.0,3523
2023-05-10 09:14:36,rr2309,rr2309,3430.0,0.0,0.0,0.0,22,3429.0,3430.0,22,3435.0,3433.0,3433.0,3428.0,1194.0,40976800.0,3523
