time,symbol_id,symbol_name,last,trade_volume,trade_amount,open_interest_change,bv1,bp1,ap1,av1,yesterday_close,today_open,today_high,today_low,volume,amount,open_interest
2023-05-09 20:58:36,rr2306,rr2306,3361.0,0.0,0.0,0.0,2,3357.0,3365.0,1,3361.0,3361.0,0.0,0.0,0.0,0.0,6136
2023-05-09 21:00:00,rr2306,rr2306,3361.0,0.0,0.0,0.0,3,3357.0,3365.0,1,3361.0,3361.0,0.0,0.0,0.0,0.0,6136
2023-05-09 21:00:00,rr2306,rr2306,3361.0,0.0,0.0,0.0,1,3358.0,3365.0,1,3361.0,3361.0,0.0,0.0,0.0,0.0,6136
2023-05-09 21:00:04,rr2306,rr2306,3361.0,0.0,0.0,0.0,1,3358.0,3364.0,2,3361.0,3361.0,0.0,0.0,0.0,0.0,6136
2023-05-09 21:00:04,rr2306,rr2306,3361.0,0.0,0.0,0.0,3,3360.0,3362.0,3,3361.0,3361.0,0.0,0.0,0.0,0.0,6136
2023-05-09 21:00:07,rr2306,rr2306,3361.0,0.0,0.0,0.0,1,3359.0,3363.0,4,3361.0,3361.0,0.0,0.0,0.0,0.0,6136
2023-05-09 21:00:08,rr2306,rr2306,3361.0,0.0,0.0,0.0,4,3359.0,3363.0,4,3361.0,3361.0,0.0,0.0,0.0,0.0,6136
2023-05-09 21:00:10,rr2306,rr2306,3361.0,0.0,0.0,0.0,3,3360.0,3362.0,3,3361.0,3361.0,0.0,0.0,0.0,0.0,6136
2023-05-09 21:00:13,rr2306,rr2306,3361.0,0.0,0.0,0.0,4,3359.0,3363.0,4,3361.0,3361.0,0.0,0.0,0.0,0.0,6136
2023-05-09 21:00:15,rr2306,rr2306,3361.0,0.0,0.0,0.0,3,3360.0,3362.0,3,3361.0,3361.0,0.0,0.0,0.0,0.0,6136
2023-05-09 21:00:18,rr2306,rr2306,3361.0,0.0,0.0,0.0,4,3359.0,3363.0,4,3361.0,3361.0,0.0,0.0,0.0,0.0,6136
2023-05-09 21:00:21,rr2306,rr2306,3361.0,0.0,0.0,0.0,3,3360.0,3362.0,3,3361.0,3361.0,0.0,0.0,0.0,0.0,6136
2023-05-09 21:00:24,rr2306,rr2306,3361.0,0.0,0.0,0.0,4,3359.0,3363.0,10,3361.0,3361.0,0.0,0.0,0.0,0.0,6136
2023-05-09 21:00:25,rr2306,rr2306,3361.0,0.0,0.0,0.0,4,3359.0,3363.0,4,3361.0,3361.0,0.0,0.0,0.0,0.0,6136
2023-05-09 21:00:26,rr2306,rr2306,3361.0,0.0,0.0,0.0,3,3360.0,3362.0,3,3361.0,3361.0,0.0,0.0,0.0,0.0,6136
2023-05-09 21:00:29,rr2306,rr2306,3361.0,0.0,0.0,0.0,4,3359.0,3363.0,10,3361.0,3361.0,0.0,0.0,0.0,0.0,6136
2023-05-09 21:00:30,rr2306,rr2306,3361.0,0.0,0.0,0.0,4,3359.0,3363.0,4,3361.0,3361.0,0.0,0.0,0.0,0.0,6136
2023-05-09 21:00:31,rr2306,rr2306,3361.0,0.0,0.0,0.0,3,3360.0,3362.0,3,3361.0,3361.0,0.0,0.0,0.0,0.0,6136
2023-05-09 21:00:33,rr2306,rr2306,3361.0,1.0,33610.0,0.0,3,3360.0,3362.0,13,3361.0,3361.0,3361.0,3361.0,1.0,33610.0,6136
2023-05-09 21:00:34,rr2306,rr2306,3361.0,0.0,0.0,0.0,6,3360.0,3362.0,22,3361.0,3361.0,3361.0,3361.0,1.0,33610.0,6136
2023-05-09 21:00:34,rr2306,rr2306,3361.0,0.0,0.0,0.0,6,3360.0,3362.0,15,3361.0,3361.0,3361.0,3361.0,1.0,33610.0,6136
2023-05-09 21:00:35,rr2306,rr2306,3361.0,0.0,0.0,0.0,3,3360.0,3362.0,9,3361.0,3361.0,3361.0,3361.0,1.0,33610.0,6136
2023-05-09 21:00:35,rr2306,rr2306,3361.0,0.0,0.0,0.0,3,3360.0,3362.0,6,3361.0,3361.0,3361.0,3361.0,1.0,33610.0,6136
2023-05-09 21:00:36,rr2306,rr2306,3361.0,0.0,0.0,0.0,4,3359.0,3363.0,16,3361.0,3361.0,3361.0,3361.0,1.0,33610.0,6136
2023-05-09 21:00:36,rr2306,rr2306,3361.0,0.0,0.0,0.0,3,3360.0,3362.0,3,3361.0,3361.0,3361.0,3361.0,1.0,33610.0,6136
2023-05-09 21:00:39,rr2306,rr2306,3361.0,0.0,0.0,0.0,13,3359.0,3363.0,19,3361.0,3361.0,3361.0,3361.0,1.0,33610.0,6136
2023-05-09 21:00:40,rr2306,rr2306,3361.0,0.0,0.0,0.0,7,3359.0,3363.0,13,3361.0,3361.0,3361.0,3361.0,1.0,33610.0,6136
2023-05-09 21:00:40,rr2306,rr2306,3361.0,0.0,0.0,0.0,7,3359.0,3363.0,7,3361.0,3361.0,3361.0,3361.0,1.0,33610.0,6136
2023-05-09 21:00:41,rr2306,rr2306,3361.0,0.0,0.0,0.0,4,3359.0,3363.0,4,3361.0,3361.0,3361.0,3361.0,1.0,33610.0,6136
2023-05-09 21:00:41,rr2306,rr2306,3361.0,0.0,0.0,0.0,3,3360.0,3362.0,3,3361.0,3361.0,3361.0,3361.0,1.0,33610.0,6136
2023-05-09 21:00:44,rr2306,rr2306,3361.0,0.0,0.0,0.0,19,3359.0,3363.0,16,3361.0,3361.0,3361.0,3361.0,1.0,33610.0,6136
2023-05-09 21:00:45,rr2306,rr2306,3361.0,0.0,0.0,0.0,25,3359.0,3363.0,19,3361.0,3361.0,3361.0,3361.0,1.0,33610.0,6136
2023-05-09 21:00:46,rr2306,rr2306,3361.0,0.0,0.0,0.0,3,3360.0,3362.0,3,3361.0,3361.0,3361.0,3361.0,1.0,33610.0,6136
2023-05-09 21:00:49,rr2306,rr2306,3361.0,0.0,0.0,0.0,25,3359.0,3363.0,19,3361.0,3361.0,3361.0,3361.0,1.0,33610.0,6136
2023-05-09 21:00:51,rr2306,rr2306,3361.0,0.0,0.0,0.0,3,3360.0,3362.0,3,3361.0,3361.0,3361.0,3361.0,1.0,33610.0,6136
2023-05-09 21:00:54,rr2306,rr2306,3361.0,0.0,0.0,0.0,25,3359.0,3363.0,19,3361.0,3361.0,3361.0,3361.0,1.0,33610.0,6136
2023-05-09 21:00:56,rr2306,rr2306,3361.0,0.0,0.0,0.0,3,3360.0,3362.0,3,3361.0,3361.0,3361.0,3361.0,1.0,33610.0,6136
2023-05-09 21:00:59,rr2306,rr2306,3361.0,0.0,0.0,0.0,3,3360.0,3362.0,10,3361.0,3361.0,3361.0,3361.0,1.0,33610.0,6136
2023-05-09 21:00:59,rr2306,rr2306,3361.0,0.0,0.0,0.0,6,3360.0,3362.0,22,3361.0,3361.0,3361.0,3361.0,1.0,33610.0,6136
2023-05-09 21:01:05,rr2306,rr2306,3360.0,2.0,67200.0,-1.0,16,3359.0,3360.0,1,3361.0,3361.0,3361.0,3360.0,3.0,100810.0,6135
2023-05-09 21:01:06,rr2306,rr2306,3360.0,0.0,0.0,0.0,10,3359.0,3360.0,1,3361.0,3361.0,3361.0,3360.0,3.0,100810.0,6135
2023-05-09 21:01:06,rr2306,rr2306,3360.0,0.0,0.0,0.0,7,3359.0,3360.0,1,3361.0,3361.0,3361.0,3360.0,3.0,100810.0,6135
2023-05-09 21:01:06,rr2306,rr2306,3360.0,0.0,0.0,0.0,4,3359.0,3360.0,1,3361.0,3361.0,3361.0,3360.0,3.0,100810.0,6135
2023-05-09 21:01:49,rr2306,rr2306,3359.0,2.0,67180.0,-1.0,14,3358.0,3359.0,1,3361.0,3361.0,3361.0,3359.0,5.0,167990.0,6134
2023-05-09 21:01:50,rr2306,rr2306,3359.0,0.0,0.0,0.0,5,3358.0,3359.0,4,3361.0,3361.0,3361.0,3359.0,5.0,167990.0,6134
2023-05-09 21:01:50,rr2306,rr2306,3359.0,0.0,0.0,0.0,3,3358.0,3359.0,4,3361.0,3361.0,3361.0,3359.0,5.0,167990.0,6134
2023-05-09 21:01:52,rr2306,rr2306,3359.0,0.0,0.0,0.0,1,3358.0,3359.0,4,3361.0,3361.0,3361.0,3359.0,5.0,167990.0,6134
2023-05-09 21:02:04,rr2306,rr2306,3358.0,1.0,33580.0,0.0,26,3357.0,3358.0,1,3361.0,3361.0,3361.0,3358.0,6.0,201570.0,6134
2023-05-09 21:02:05,rr2306,rr2306,3358.0,3.0,100740.0,0.0,11,3357.0,3358.0,1,3361.0,3361.0,3361.0,3358.0,9.0,302310.0,6134
2023-05-09 21:02:05,rr2306,rr2306,3358.0,0.0,0.0,0.0,17,3357.0,3358.0,4,3361.0,3361.0,3361.0,3358.0,9.0,302310.0,6134
2023-05-09 21:02:05,rr2306,rr2306,3358.0,0.0,0.0,0.0,20,3357.0,3358.0,4,3361.0,3361.0,3361.0,3358.0,9.0,302310.0,6134
2023-05-09 21:02:19,rr2306,rr2306,3358.0,0.0,0.0,0.0,19,3357.0,3358.0,4,3361.0,3361.0,3361.0,3358.0,9.0,302310.0,6134
2023-05-09 21:02:20,rr2306,rr2306,3358.0,0.0,0.0,0.0,19,3357.0,3358.0,5,3361.0,3361.0,3361.0,3358.0,9.0,302310.0,6134
2023-05-09 21:02:25,rr2306,rr2306,3358.0,0.0,0.0,0.0,19,3357.0,3358.0,4,3361.0,3361.0,3361.0,3358.0,9.0,302310.0,6134
2023-05-09 21:02:29,rr2306,rr2306,3358.0,0.0,0.0,0.0,22,3357.0,3358.0,4,3361.0,3361.0,3361.0,3358.0,9.0,302310.0,6134
2023-05-09 21:02:30,rr2306,rr2306,3358.0,0.0,0.0,0.0,21,3357.0,3358.0,16,3361.0,3361.0,3361.0,3358.0,9.0,302310.0,6134
2023-05-09 21:02:31,rr2306,rr2306,3358.0,0.0,0.0,0.0,21,3357.0,3358.0,25,3361.0,3361.0,3361.0,3358.0,9.0,302310.0,6134
2023-05-09 21:02:35,rr2306,rr2306,3357.0,16.0,537120.0,-8.0,5,3356.0,3357.0,3,3361.0,3361.0,3361.0,3357.0,25.0,839430.0,6126
2023-05-09 21:02:35,rr2306,rr2306,3357.0,0.0,0.0,0.0,2,3356.0,3357.0,6,3361.0,3361.0,3361.0,3357.0,25.0,839430.0,6126
2023-05-09 21:02:49,rr2306,rr2306,3357.0,0.0,0.0,0.0,3,3356.0,3357.0,6,3361.0,3361.0,3361.0,3357.0,25.0,839430.0,6126
2023-05-09 21:02:57,rr2306,rr2306,3357.0,1.0,33570.0,0.0,3,3356.0,3357.0,5,3361.0,3361.0,3361.0,3357.0,26.0,873000.0,6126
2023-05-09 21:03:08,rr2306,rr2306,3357.0,1.0,33570.0,0.0,2,3356.0,3357.0,4,3361.0,3361.0,3361.0,3357.0,27.0,906570.0,6126
2023-05-09 21:03:15,rr2306,rr2306,3357.0,0.0,0.0,0.0,3,3356.0,3357.0,4,3361.0,3361.0,3361.0,3357.0,27.0,906570.0,6126
2023-05-09 21:03:15,rr2306,rr2306,3357.0,0.0,0.0,0.0,2,3356.0,3357.0,4,3361.0,3361.0,3361.0,3357.0,27.0,906570.0,6126
2023-05-09 21:03:23,rr2306,rr2306,3357.0,0.0,0.0,0.0,5,3356.0,3357.0,4,3361.0,3361.0,3361.0,3357.0,27.0,906570.0,6126
2023-05-09 21:03:30,rr2306,rr2306,3357.0,3.0,100710.0,0.0,2,3357.0,3358.0,19,3361.0,3361.0,3361.0,3357.0,30.0,1007280.0,6126
2023-05-09 21:03:31,rr2306,rr2306,3357.0,0.0,0.0,0.0,8,3357.0,3358.0,10,3361.0,3361.0,3361.0,3357.0,30.0,1007280.0,6126
2023-05-09 21:03:31,rr2306,rr2306,3357.0,0.0,0.0,0.0,5,3357.0,3358.0,7,3361.0,3361.0,3361.0,3357.0,30.0,1007280.0,6126
2023-05-09 21:03:32,rr2306,rr2306,3357.0,0.0,0.0,0.0,5,3357.0,3358.0,1,3361.0,3361.0,3361.0,3357.0,30.0,1007280.0,6126
2023-05-09 21:04:27,rr2306,rr2306,3358.0,1.0,33580.0,1.0,5,3357.0,3359.0,21,3361.0,3361.0,3361.0,3357.0,31.0,1040860.0,6127
2023-05-09 21:04:27,rr2306,rr2306,3358.0,0.0,0.0,0.0,16,3357.0,3359.0,15,3361.0,3361.0,3361.0,3357.0,31.0,1040860.0,6127
2023-05-09 21:04:28,rr2306,rr2306,3358.0,0.0,0.0,0.0,22,3357.0,3359.0,18,3361.0,3361.0,3361.0,3357.0,31.0,1040860.0,6127
2023-05-09 21:04:28,rr2306,rr2306,3358.0,0.0,0.0,0.0,23,3357.0,3359.0,21,3361.0,3361.0,3361.0,3357.0,31.0,1040860.0,6127
2023-05-09 21:04:31,rr2306,rr2306,3359.0,1.0,33590.0,1.0,23,3357.0,3359.0,20,3361.0,3361.0,3361.0,3357.0,32.0,1074450.0,6128
2023-05-09 21:04:31,rr2306,rr2306,3359.0,0.0,0.0,0.0,24,3357.0,3359.0,20,3361.0,3361.0,3361.0,3357.0,32.0,1074450.0,6128
2023-05-09 21:04:37,rr2306,rr2306,3359.0,0.0,0.0,0.0,27,3357.0,3359.0,23,3361.0,3361.0,3361.0,3357.0,32.0,1074450.0,6128
2023-05-09 21:04:37,rr2306,rr2306,3359.0,0.0,0.0,0.0,27,3357.0,3359.0,26,3361.0,3361.0,3361.0,3357.0,32.0,1074450.0,6128
2023-05-09 21:04:44,rr2306,rr2306,3359.0,0.0,0.0,0.0,27,3357.0,3359.0,25,3361.0,3361.0,3361.0,3357.0,32.0,1074450.0,6128
2023-05-09 21:05:19,rr2306,rr2306,3359.0,0.0,0.0,0.0,28,3357.0,3359.0,25,3361.0,3361.0,3361.0,3357.0,32.0,1074450.0,6128
2023-05-09 21:06:41,rr2306,rr2306,3359.0,0.0,0.0,0.0,27,3357.0,3359.0,26,3361.0,3361.0,3361.0,3357.0,32.0,1074450.0,6128
2023-05-09 21:06:42,rr2306,rr2306,3359.0,0.0,0.0,0.0,23,3357.0,3358.0,1,3361.0,3361.0,3361.0,3357.0,32.0,1074450.0,6128
2023-05-09 21:06:42,rr2306,rr2306,3359.0,0.0,0.0,0.0,24,3357.0,3358.0,1,3361.0,3361.0,3361.0,3357.0,32.0,1074450.0,6128
2023-05-09 21:08:47,rr2306,rr2306,3359.0,0.0,0.0,0.0,25,3357.0,3359.0,31,3361.0,3361.0,3361.0,3357.0,32.0,1074450.0,6128
2023-05-09 21:08:47,rr2306,rr2306,3359.0,0.0,0.0,0.0,28,3357.0,3359.0,25,3361.0,3361.0,3361.0,3357.0,32.0,1074450.0,6128
2023-05-09 21:08:48,rr2306,rr2306,3359.0,0.0,0.0,0.0,30,3357.0,3359.0,26,3361.0,3361.0,3361.0,3357.0,32.0,1074450.0,6128
2023-05-09 21:08:51,rr2306,rr2306,3359.0,0.0,0.0,0.0,31,3357.0,3359.0,25,3361.0,3361.0,3361.0,3357.0,32.0,1074450.0,6128
2023-05-09 21:10:00,rr2306,rr2306,3359.0,0.0,0.0,0.0,31,3357.0,3359.0,26,3361.0,3361.0,3361.0,3357.0,32.0,1074450.0,6128
2023-05-09 21:10:29,rr2306,rr2306,3359.0,0.0,0.0,0.0,30,3357.0,3359.0,26,3361.0,3361.0,3361.0,3357.0,32.0,1074450.0,6128
2023-05-09 21:11:13,rr2306,rr2306,3359.0,1.0,33590.0,0.0,30,3357.0,3359.0,25,3361.0,3361.0,3361.0,3357.0,33.0,1108040.0,6128
2023-05-09 21:11:14,rr2306,rr2306,3359.0,0.0,0.0,0.0,30,3357.0,3359.0,28,3361.0,3361.0,3361.0,3357.0,33.0,1108040.0,6128
2023-05-09 21:11:16,rr2306,rr2306,3359.0,0.0,0.0,0.0,31,3357.0,3359.0,28,3361.0,3361.0,3361.0,3357.0,33.0,1108040.0,6128
2023-05-09 21:12:18,rr2306,rr2306,3359.0,28.0,940520.0,-3.0,6,3359.0,3360.0,5,3361.0,3361.0,3361.0,3357.0,61.0,2048560.0,6125
2023-05-09 21:12:18,rr2306,rr2306,3359.0,0.0,0.0,0.0,12,3359.0,3360.0,3,3361.0,3361.0,3361.0,3357.0,61.0,2048560.0,6125
2023-05-09 21:12:19,rr2306,rr2306,3359.0,0.0,0.0,0.0,24,3359.0,3360.0,3,3361.0,3361.0,3361.0,3357.0,61.0,2048560.0,6125
2023-05-09 21:12:19,rr2306,rr2306,3359.0,0.0,0.0,0.0,24,3359.0,3360.0,2,3361.0,3361.0,3361.0,3357.0,61.0,2048560.0,6125
2023-05-09 21:12:22,rr2306,rr2306,3359.0,0.0,0.0,0.0,27,3359.0,3360.0,2,3361.0,3361.0,3361.0,3357.0,61.0,2048560.0,6125
2023-05-09 21:13:37,rr2306,rr2306,3359.0,0.0,0.0,0.0,24,3359.0,3360.0,2,3361.0,3361.0,3361.0,3357.0,61.0,2048560.0,6125
2023-05-09 21:13:54,rr2306,rr2306,3360.0,2.0,67200.0,-2.0,2,3360.0,3361.0,35,3361.0,3361.0,3361.0,3357.0,63.0,2115760.0,6123
2023-05-09 21:13:55,rr2306,rr2306,3360.0,0.0,0.0,0.0,8,3360.0,3361.0,29,3361.0,3361.0,3361.0,3357.0,63.0,2115760.0,6123
2023-05-09 21:13:56,rr2306,rr2306,3360.0,0.0,0.0,0.0,8,3360.0,3361.0,32,3361.0,3361.0,3361.0,3357.0,63.0,2115760.0,6123
2023-05-09 21:13:56,rr2306,rr2306,3360.0,0.0,0.0,0.0,5,3360.0,3361.0,35,3361.0,3361.0,3361.0,3357.0,63.0,2115760.0,6123
2023-05-09 21:15:46,rr2306,rr2306,3360.0,0.0,0.0,0.0,5,3360.0,3361.0,34,3361.0,3361.0,3361.0,3357.0,63.0,2115760.0,6123
2023-05-09 21:15:57,rr2306,rr2306,3360.0,0.0,0.0,0.0,5,3360.0,3361.0,33,3361.0,3361.0,3361.0,3357.0,63.0,2115760.0,6123
2023-05-09 21:16:06,rr2306,rr2306,3360.0,0.0,0.0,0.0,8,3360.0,3361.0,29,3361.0,3361.0,3361.0,3357.0,63.0,2115760.0,6123
2023-05-09 21:16:43,rr2306,rr2306,3360.0,8.0,268800.0,1.0,21,3359.0,3360.0,1,3361.0,3361.0,3361.0,3357.0,71.0,2384560.0,6124
2023-05-09 21:16:44,rr2306,rr2306,3360.0,0.0,0.0,0.0,24,3359.0,3360.0,1,3361.0,3361.0,3361.0,3357.0,71.0,2384560.0,6124
2023-05-09 21:16:44,rr2306,rr2306,3360.0,0.0,0.0,0.0,24,3359.0,3360.0,2,3361.0,3361.0,3361.0,3357.0,71.0,2384560.0,6124
2023-05-09 21:17:37,rr2306,rr2306,3360.0,0.0,0.0,0.0,24,3359.0,3360.0,3,3361.0,3361.0,3361.0,3357.0,71.0,2384560.0,6124
2023-05-09 21:17:52,rr2306,rr2306,3360.0,1.0,33600.0,0.0,24,3359.0,3360.0,2,3361.0,3361.0,3361.0,3357.0,72.0,2418160.0,6124
2023-05-09 21:19:42,rr2306,rr2306,3360.0,0.0,0.0,0.0,24,3359.0,3360.0,1,3361.0,3361.0,3361.0,3357.0,72.0,2418160.0,6124
2023-05-09 21:19:58,rr2306,rr2306,3360.0,0.0,0.0,0.0,24,3359.0,3360.0,2,3361.0,3361.0,3361.0,3357.0,72.0,2418160.0,6124
2023-05-09 21:20:29,rr2306,rr2306,3360.0,0.0,0.0,0.0,24,3359.0,3360.0,3,3361.0,3361.0,3361.0,3357.0,72.0,2418160.0,6124
2023-05-09 21:21:12,rr2306,rr2306,3359.0,1.0,33590.0,-1.0,24,3359.0,3360.0,2,3361.0,3361.0,3361.0,3357.0,73.0,2451750.0,6123
2023-05-09 21:23:07,rr2306,rr2306,3359.0,0.0,0.0,0.0,24,3359.0,3360.0,1,3361.0,3361.0,3361.0,3357.0,73.0,2451750.0,6123
2023-05-09 21:23:07,rr2306,rr2306,3359.0,0.0,0.0,0.0,24,3359.0,3360.0,2,3361.0,3361.0,3361.0,3357.0,73.0,2451750.0,6123
2023-05-09 21:23:24,rr2306,rr2306,3359.0,0.0,0.0,0.0,24,3359.0,3360.0,3,3361.0,3361.0,3361.0,3357.0,73.0,2451750.0,6123
2023-05-09 21:23:45,rr2306,rr2306,3359.0,0.0,0.0,0.0,25,3359.0,3360.0,1,3361.0,3361.0,3361.0,3357.0,73.0,2451750.0,6123
2023-05-09 21:23:58,rr2306,rr2306,3359.0,0.0,0.0,0.0,25,3359.0,3360.0,5,3361.0,3361.0,3361.0,3357.0,73.0,2451750.0,6123
2023-05-09 21:24:54,rr2306,rr2306,3359.0,23.0,772570.0,-11.0,6,3358.0,3359.0,3,3361.0,3361.0,3361.0,3357.0,96.0,3224320.0,6112
2023-05-09 21:24:56,rr2306,rr2306,3359.0,1.0,33590.0,0.0,8,3358.0,3360.0,23,3361.0,3361.0,3361.0,3357.0,97.0,3257910.0,6112
2023-05-09 21:24:57,rr2306,rr2306,3359.0,0.0,0.0,0.0,8,3358.0,3360.0,26,3361.0,3361.0,3361.0,3357.0,97.0,3257910.0,6112
2023-05-09 21:24:57,rr2306,rr2306,3359.0,0.0,0.0,0.0,8,3358.0,3360.0,29,3361.0,3361.0,3361.0,3357.0,97.0,3257910.0,6112
2023-05-09 21:25:28,rr2306,rr2306,3359.0,0.0,0.0,0.0,9,3358.0,3360.0,29,3361.0,3361.0,3361.0,3357.0,97.0,3257910.0,6112
2023-05-09 21:25:29,rr2306,rr2306,3359.0,0.0,0.0,0.0,24,3358.0,3360.0,32,3361.0,3361.0,3361.0,3357.0,97.0,3257910.0,6112
2023-05-09 21:25:29,rr2306,rr2306,3359.0,0.0,0.0,0.0,27,3358.0,3360.0,32,3361.0,3361.0,3361.0,3357.0,97.0,3257910.0,6112
2023-05-09 21:26:10,rr2306,rr2306,3359.0,0.0,0.0,0.0,2,3359.0,3360.0,32,3361.0,3361.0,3361.0,3357.0,97.0,3257910.0,6112
2023-05-09 21:26:11,rr2306,rr2306,3359.0,0.0,0.0,0.0,7,3359.0,3360.0,23,3361.0,3361.0,3361.0,3357.0,97.0,3257910.0,6112
2023-05-09 21:26:11,rr2306,rr2306,3359.0,0.0,0.0,0.0,7,3359.0,3360.0,26,3361.0,3361.0,3361.0,3357.0,97.0,3257910.0,6112
2023-05-09 21:26:14,rr2306,rr2306,3359.0,0.0,0.0,0.0,8,3359.0,3360.0,26,3361.0,3361.0,3361.0,3357.0,97.0,3257910.0,6112
2023-05-09 21:26:14,rr2306,rr2306,3359.0,0.0,0.0,0.0,7,3359.0,3360.0,26,3361.0,3361.0,3361.0,3357.0,97.0,3257910.0,6112
2023-05-09 21:28:19,rr2306,rr2306,3359.0,0.0,0.0,0.0,6,3359.0,3360.0,27,3361.0,3361.0,3361.0,3357.0,97.0,3257910.0,6112
2023-05-09 21:28:21,rr2306,rr2306,3359.0,2.0,67180.0,-2.0,23,3358.0,3359.0,3,3361.0,3361.0,3361.0,3357.0,99.0,3325090.0,6110
2023-05-09 21:28:22,rr2306,rr2306,3359.0,0.0,0.0,0.0,26,3358.0,3359.0,3,3361.0,3361.0,3361.0,3357.0,99.0,3325090.0,6110
2023-05-09 21:30:18,rr2306,rr2306,3358.0,2.0,67160.0,-1.0,24,3358.0,3359.0,3,3361.0,3361.0,3361.0,3357.0,101.0,3392250.0,6109
2023-05-09 21:31:24,rr2306,rr2306,3358.0,0.0,0.0,0.0,21,3358.0,3359.0,3,3361.0,3361.0,3361.0,3357.0,101.0,3392250.0,6109
2023-05-09 21:31:25,rr2306,rr2306,3358.0,0.0,0.0,0.0,24,3358.0,3359.0,6,3361.0,3361.0,3361.0,3357.0,101.0,3392250.0,6109
2023-05-09 21:33:56,rr2306,rr2306,3359.0,6.0,201540.0,4.0,10,3359.0,3360.0,24,3361.0,3361.0,3361.0,3357.0,107.0,3593790.0,6113
2023-05-09 21:33:56,rr2306,rr2306,3359.0,0.0,0.0,0.0,28,3359.0,3360.0,27,3361.0,3361.0,3361.0,3357.0,107.0,3593790.0,6113
2023-05-09 21:34:01,rr2306,rr2306,3359.0,0.0,0.0,0.0,31,3359.0,3360.0,27,3361.0,3361.0,3361.0,3357.0,107.0,3593790.0,6113
2023-05-09 21:34:06,rr2306,rr2306,3359.0,0.0,0.0,0.0,31,3359.0,3360.0,30,3361.0,3361.0,3361.0,3357.0,107.0,3593790.0,6113
2023-05-09 21:34:14,rr2306,rr2306,3359.0,31.0,1041290.0,7.0,3,3358.0,3359.0,13,3361.0,3361.0,3361.0,3357.0,138.0,4635080.0,6120
2023-05-09 21:34:15,rr2306,rr2306,3359.0,0.0,0.0,0.0,4,3358.0,3359.0,26,3361.0,3361.0,3361.0,3357.0,138.0,4635080.0,6120
2023-05-09 21:34:15,rr2306,rr2306,3359.0,0.0,0.0,0.0,1,3358.0,3359.0,33,3361.0,3361.0,3361.0,3357.0,138.0,4635080.0,6120
2023-05-09 21:34:17,rr2306,rr2306,3358.0,1.0,33580.0,1.0,34,3357.0,3359.0,33,3361.0,3361.0,3361.0,3357.0,139.0,4668660.0,6121
2023-05-09 21:34:18,rr2306,rr2306,3358.0,0.0,0.0,0.0,34,3357.0,3358.0,5,3361.0,3361.0,3361.0,3357.0,139.0,4668660.0,6121
2023-05-09 21:34:18,rr2306,rr2306,3358.0,0.0,0.0,0.0,34,3357.0,3358.0,11,3361.0,3361.0,3361.0,3357.0,139.0,4668660.0,6121
2023-05-09 21:34:19,rr2306,rr2306,3358.0,0.0,0.0,0.0,34,3357.0,3358.0,26,3361.0,3361.0,3361.0,3357.0,139.0,4668660.0,6121
2023-05-09 21:34:19,rr2306,rr2306,3358.0,0.0,0.0,0.0,34,3357.0,3358.0,27,3361.0,3361.0,3361.0,3357.0,139.0,4668660.0,6121
2023-05-09 21:34:25,rr2306,rr2306,3358.0,0.0,0.0,0.0,33,3357.0,3358.0,27,3361.0,3361.0,3361.0,3357.0,139.0,4668660.0,6121
2023-05-09 21:34:25,rr2306,rr2306,3358.0,0.0,0.0,0.0,33,3357.0,3358.0,28,3361.0,3361.0,3361.0,3357.0,139.0,4668660.0,6121
2023-05-09 21:34:32,rr2306,rr2306,3357.0,5.0,167850.0,5.0,28,3357.0,3358.0,28,3361.0,3361.0,3361.0,3357.0,144.0,4836510.0,6126
2023-05-09 21:34:33,rr2306,rr2306,3357.0,3.0,100710.0,0.0,25,3357.0,3358.0,25,3361.0,3361.0,3361.0,3357.0,147.0,4937220.0,6126
2023-05-09 21:34:34,rr2306,rr2306,3357.0,20.0,671400.0,1.0,12,3356.0,3357.0,4,3361.0,3361.0,3361.0,3357.0,167.0,5608620.0,6127
2023-05-09 21:34:34,rr2306,rr2306,3357.0,0.0,0.0,0.0,21,3356.0,3357.0,18,3361.0,3361.0,3361.0,3357.0,167.0,5608620.0,6127
2023-05-09 21:34:35,rr2306,rr2306,3357.0,0.0,0.0,0.0,24,3356.0,3357.0,25,3361.0,3361.0,3361.0,3357.0,167.0,5608620.0,6127
2023-05-09 21:34:37,rr2306,rr2306,3357.0,0.0,0.0,0.0,24,3356.0,3357.0,27,3361.0,3361.0,3361.0,3357.0,167.0,5608620.0,6127
2023-05-09 21:34:38,rr2306,rr2306,3357.0,0.0,0.0,0.0,27,3356.0,3357.0,30,3361.0,3361.0,3361.0,3357.0,167.0,5608620.0,6127
2023-05-09 21:34:39,rr2306,rr2306,3358.0,40.0,1342890.0,-29.0,13,3357.0,3358.0,2,3361.0,3361.0,3361.0,3357.0,207.0,6951510.0,6098
2023-05-09 21:34:40,rr2306,rr2306,3358.0,3.0,100740.0,-2.0,27,3357.0,3359.0,21,3361.0,3361.0,3361.0,3357.0,210.0,7052250.0,6096
2023-05-09 21:34:40,rr2306,rr2306,3358.0,0.0,0.0,0.0,27,3357.0,3359.0,22,3361.0,3361.0,3361.0,3357.0,210.0,7052250.0,6096
2023-05-09 21:34:41,rr2306,rr2306,3358.0,0.0,0.0,0.0,30,3357.0,3359.0,22,3361.0,3361.0,3361.0,3357.0,210.0,7052250.0,6096
2023-05-09 21:34:42,rr2306,rr2306,3358.0,0.0,0.0,0.0,33,3357.0,3359.0,25,3361.0,3361.0,3361.0,3357.0,210.0,7052250.0,6096
2023-05-09 21:34:43,rr2306,rr2306,3358.0,0.0,0.0,0.0,33,3357.0,3359.0,28,3361.0,3361.0,3361.0,3357.0,210.0,7052250.0,6096
2023-05-09 21:34:43,rr2306,rr2306,3358.0,0.0,0.0,0.0,33,3357.0,3359.0,25,3361.0,3361.0,3361.0,3357.0,210.0,7052250.0,6096
2023-05-09 21:34:45,rr2306,rr2306,3358.0,0.0,0.0,0.0,33,3357.0,3359.0,28,3361.0,3361.0,3361.0,3357.0,210.0,7052250.0,6096
2023-05-09 21:34:45,rr2306,rr2306,3358.0,0.0,0.0,0.0,39,3357.0,3359.0,28,3361.0,3361.0,3361.0,3357.0,210.0,7052250.0,6096
2023-05-09 21:35:07,rr2306,rr2306,3358.0,0.0,0.0,0.0,36,3357.0,3359.0,28,3361.0,3361.0,3361.0,3357.0,210.0,7052250.0,6096
2023-05-09 21:35:10,rr2306,rr2306,3358.0,0.0,0.0,0.0,36,3357.0,3359.0,29,3361.0,3361.0,3361.0,3357.0,210.0,7052250.0,6096
2023-05-09 21:35:11,rr2306,rr2306,3358.0,0.0,0.0,0.0,33,3357.0,3359.0,26,3361.0,3361.0,3361.0,3357.0,210.0,7052250.0,6096
2023-05-09 21:35:13,rr2306,rr2306,3358.0,0.0,0.0,0.0,36,3357.0,3359.0,29,3361.0,3361.0,3361.0,3357.0,210.0,7052250.0,6096
2023-05-09 21:35:33,rr2306,rr2306,3358.0,0.0,0.0,0.0,36,3357.0,3359.0,28,3361.0,3361.0,3361.0,3357.0,210.0,7052250.0,6096
2023-05-09 21:37:31,rr2306,rr2306,3358.0,0.0,0.0,0.0,37,3357.0,3359.0,27,3361.0,3361.0,3361.0,3357.0,210.0,7052250.0,6096
2023-05-09 21:37:31,rr2306,rr2306,3358.0,0.0,0.0,0.0,10,3358.0,3359.0,21,3361.0,3361.0,3361.0,3357.0,210.0,7052250.0,6096
2023-05-09 21:37:32,rr2306,rr2306,3358.0,0.0,0.0,0.0,24,3358.0,3359.0,27,3361.0,3361.0,3361.0,3357.0,210.0,7052250.0,6096
2023-05-09 21:37:32,rr2306,rr2306,3358.0,0.0,0.0,0.0,26,3358.0,3359.0,27,3361.0,3361.0,3361.0,3357.0,210.0,7052250.0,6096
2023-05-09 21:38:47,rr2306,rr2306,3358.0,0.0,0.0,0.0,26,3358.0,3359.0,28,3361.0,3361.0,3361.0,3357.0,210.0,7052250.0,6096
2023-05-09 21:38:47,rr2306,rr2306,3358.0,0.0,0.0,0.0,26,3358.0,3359.0,27,3361.0,3361.0,3361.0,3357.0,210.0,7052250.0,6096
2023-05-09 21:39:05,rr2306,rr2306,3358.0,0.0,0.0,0.0,26,3358.0,3359.0,28,3361.0,3361.0,3361.0,3357.0,210.0,7052250.0,6096
2023-05-09 21:39:06,rr2306,rr2306,3358.0,0.0,0.0,0.0,26,3358.0,3359.0,27,3361.0,3361.0,3361.0,3357.0,210.0,7052250.0,6096
2023-05-09 21:42:48,rr2306,rr2306,3358.0,0.0,0.0,0.0,24,3358.0,3359.0,27,3361.0,3361.0,3361.0,3357.0,210.0,7052250.0,6096
2023-05-09 21:44:25,rr2306,rr2306,3358.0,1.0,33580.0,-1.0,23,3358.0,3359.0,27,3361.0,3361.0,3361.0,3357.0,211.0,7085830.0,6095
2023-05-09 21:46:22,rr2306,rr2306,3358.0,0.0,0.0,0.0,23,3358.0,3359.0,28,3361.0,3361.0,3361.0,3357.0,211.0,7085830.0,6095
2023-05-09 21:48:02,rr2306,rr2306,3358.0,0.0,0.0,0.0,23,3358.0,3359.0,27,3361.0,3361.0,3361.0,3357.0,211.0,7085830.0,6095
2023-05-09 21:48:15,rr2306,rr2306,3358.0,0.0,0.0,0.0,23,3358.0,3359.0,28,3361.0,3361.0,3361.0,3357.0,211.0,7085830.0,6095
2023-05-09 21:48:16,rr2306,rr2306,3358.0,0.0,0.0,0.0,23,3358.0,3359.0,27,3361.0,3361.0,3361.0,3357.0,211.0,7085830.0,6095
2023-05-09 21:48:22,rr2306,rr2306,3358.0,0.0,0.0,0.0,23,3358.0,3359.0,28,3361.0,3361.0,3361.0,3357.0,211.0,7085830.0,6095
2023-05-09 21:49:00,rr2306,rr2306,3358.0,0.0,0.0,0.0,23,3358.0,3359.0,27,3361.0,3361.0,3361.0,3357.0,211.0,7085830.0,6095
2023-05-09 21:49:25,rr2306,rr2306,3358.0,0.0,0.0,0.0,23,3358.0,3359.0,28,3361.0,3361.0,3361.0,3357.0,211.0,7085830.0,6095
2023-05-09 21:49:49,rr2306,rr2306,3358.0,0.0,0.0,0.0,23,3358.0,3359.0,27,3361.0,3361.0,3361.0,3357.0,211.0,7085830.0,6095
2023-05-09 21:51:14,rr2306,rr2306,3358.0,0.0,0.0,0.0,23,3358.0,3359.0,28,3361.0,3361.0,3361.0,3357.0,211.0,7085830.0,6095
2023-05-09 21:51:18,rr2306,rr2306,3359.0,28.0,940520.0,12.0,18,3359.0,3360.0,9,3361.0,3361.0,3361.0,3357.0,239.0,8026350.0,6107
2023-05-09 21:51:18,rr2306,rr2306,3359.0,0.0,0.0,0.0,36,3359.0,3360.0,10,3361.0,3361.0,3361.0,3357.0,239.0,8026350.0,6107
2023-05-09 21:51:19,rr2306,rr2306,3359.0,0.0,0.0,0.0,36,3359.0,3360.0,22,3361.0,3361.0,3361.0,3357.0,239.0,8026350.0,6107
2023-05-09 21:51:19,rr2306,rr2306,3359.0,0.0,0.0,0.0,36,3359.0,3360.0,25,3361.0,3361.0,3361.0,3357.0,239.0,8026350.0,6107
2023-05-09 21:51:20,rr2306,rr2306,3359.0,0.0,0.0,0.0,36,3359.0,3360.0,28,3361.0,3361.0,3361.0,3357.0,239.0,8026350.0,6107
2023-05-09 21:51:22,rr2306,rr2306,3360.0,4.0,134400.0,-3.0,30,3359.0,3360.0,21,3361.0,3361.0,3361.0,3357.0,243.0,8160750.0,6104
2023-05-09 21:51:22,rr2306,rr2306,3360.0,0.0,0.0,0.0,36,3359.0,3360.0,27,3361.0,3361.0,3361.0,3357.0,243.0,8160750.0,6104
2023-05-09 21:51:25,rr2306,rr2306,3360.0,27.0,907200.0,-3.0,2,3360.0,3361.0,12,3361.0,3361.0,3361.0,3357.0,270.0,9067950.0,6101
2023-05-09 21:51:26,rr2306,rr2306,3360.0,0.0,0.0,0.0,19,3360.0,3361.0,24,3361.0,3361.0,3361.0,3357.0,270.0,9067950.0,6101
2023-05-09 21:51:26,rr2306,rr2306,3360.0,0.0,0.0,0.0,23,3360.0,3361.0,27,3361.0,3361.0,3361.0,3357.0,270.0,9067950.0,6101
2023-05-09 21:51:27,rr2306,rr2306,3360.0,0.0,0.0,0.0,28,3360.0,3361.0,26,3361.0,3361.0,3361.0,3357.0,270.0,9067950.0,6101
2023-05-09 21:51:29,rr2306,rr2306,3360.0,0.0,0.0,0.0,31,3360.0,3361.0,26,3361.0,3361.0,3361.0,3357.0,270.0,9067950.0,6101
2023-05-09 21:51:29,rr2306,rr2306,3361.0,5.0,168050.0,3.0,34,3360.0,3361.0,24,3361.0,3361.0,3361.0,3357.0,275.0,9236000.0,6104
2023-05-09 21:51:31,rr2306,rr2306,3361.0,24.0,806640.0,-5.0,8,3361.0,3362.0,24,3361.0,3361.0,3361.0,3357.0,299.0,10042640.0,6099
2023-05-09 21:51:31,rr2306,rr2306,3361.0,0.0,0.0,0.0,17,3361.0,3362.0,24,3361.0,3361.0,3361.0,3357.0,299.0,10042640.0,6099
2023-05-09 21:51:31,rr2306,rr2306,3361.0,0.0,0.0,0.0,21,3361.0,3362.0,27,3361.0,3361.0,3361.0,3357.0,299.0,10042640.0,6099
2023-05-09 21:51:32,rr2306,rr2306,3361.0,0.0,0.0,0.0,24,3361.0,3362.0,27,3361.0,3361.0,3361.0,3357.0,299.0,10042640.0,6099
2023-05-09 21:51:33,rr2306,rr2306,3361.0,10.0,336100.0,-4.0,13,3361.0,3362.0,21,3361.0,3361.0,3361.0,3357.0,309.0,10378740.0,6095
2023-05-09 21:51:34,rr2306,rr2306,3361.0,0.0,0.0,0.0,20,3361.0,3362.0,30,3361.0,3361.0,3361.0,3357.0,309.0,10378740.0,6095
2023-05-09 21:51:34,rr2306,rr2306,3361.0,0.0,0.0,0.0,24,3361.0,3362.0,30,3361.0,3361.0,3361.0,3357.0,309.0,10378740.0,6095
2023-05-09 21:51:35,rr2306,rr2306,3361.0,3.0,100830.0,0.0,20,3361.0,3362.0,30,3361.0,3361.0,3361.0,3357.0,312.0,10479570.0,6095
2023-05-09 21:51:36,rr2306,rr2306,3361.0,13.0,436930.0,-6.0,3,3361.0,3362.0,21,3361.0,3361.0,3361.0,3357.0,325.0,10916500.0,6089
2023-05-09 21:51:36,rr2306,rr2306,3361.0,0.0,0.0,0.0,6,3361.0,3362.0,24,3361.0,3361.0,3361.0,3357.0,325.0,10916500.0,6089
2023-05-09 21:51:37,rr2306,rr2306,3361.0,0.0,0.0,0.0,15,3361.0,3362.0,27,3361.0,3361.0,3361.0,3357.0,325.0,10916500.0,6089
2023-05-09 21:51:38,rr2306,rr2306,3361.0,0.0,0.0,0.0,21,3361.0,3362.0,30,3361.0,3361.0,3361.0,3357.0,325.0,10916500.0,6089
2023-05-09 21:51:40,rr2306,rr2306,3360.0,27.0,907410.0,-18.0,24,3359.0,3360.0,32,3361.0,3361.0,3361.0,3357.0,352.0,11823910.0,6071
2023-05-09 21:51:40,rr2306,rr2306,3360.0,0.0,0.0,0.0,36,3359.0,3360.0,41,3361.0,3361.0,3361.0,3357.0,352.0,11823910.0,6071
2023-05-09 21:51:44,rr2306,rr2306,3360.0,0.0,0.0,0.0,39,3359.0,3360.0,44,3361.0,3361.0,3361.0,3357.0,352.0,11823910.0,6071
2023-05-09 21:51:47,rr2306,rr2306,3359.0,23.0,772570.0,-17.0,16,3359.0,3360.0,18,3361.0,3361.0,3361.0,3357.0,375.0,12596480.0,6054
2023-05-09 21:51:48,rr2306,rr2306,3359.0,0.0,0.0,0.0,22,3359.0,3360.0,27,3361.0,3361.0,3361.0,3357.0,375.0,12596480.0,6054
2023-05-09 21:51:58,rr2306,rr2306,3359.0,0.0,0.0,0.0,22,3359.0,3360.0,24,3361.0,3361.0,3361.0,3357.0,375.0,12596480.0,6054
2023-05-09 21:51:58,rr2306,rr2306,3359.0,0.0,0.0,0.0,25,3359.0,3360.0,21,3361.0,3361.0,3361.0,3357.0,375.0,12596480.0,6054
2023-05-09 21:52:06,rr2306,rr2306,3359.0,25.0,839750.0,12.0,10,3358.0,3359.0,35,3361.0,3361.0,3361.0,3357.0,400.0,13436230.0,6066
2023-05-09 21:52:07,rr2306,rr2306,3359.0,0.0,0.0,0.0,13,3358.0,3359.0,41,3361.0,3361.0,3361.0,3357.0,400.0,13436230.0,6066
2023-05-09 21:52:07,rr2306,rr2306,3359.0,0.0,0.0,0.0,16,3358.0,3359.0,41,3361.0,3361.0,3361.0,3357.0,400.0,13436230.0,6066
2023-05-09 21:52:08,rr2306,rr2306,3359.0,0.0,0.0,0.0,17,3358.0,3359.0,36,3361.0,3361.0,3361.0,3357.0,400.0,13436230.0,6066
2023-05-09 21:52:09,rr2306,rr2306,3358.0,8.0,268640.0,-4.0,14,3357.0,3359.0,24,3361.0,3361.0,3361.0,3357.0,408.0,13704870.0,6062
2023-05-09 21:52:09,rr2306,rr2306,3358.0,0.0,0.0,0.0,23,3357.0,3359.0,36,3361.0,3361.0,3361.0,3357.0,408.0,13704870.0,6062
2023-05-09 21:52:09,rr2306,rr2306,3358.0,0.0,0.0,0.0,29,3357.0,3359.0,39,3361.0,3361.0,3361.0,3357.0,408.0,13704870.0,6062
2023-05-09 21:52:10,rr2306,rr2306,3358.0,1.0,33580.0,1.0,30,3357.0,3359.0,39,3361.0,3361.0,3361.0,3357.0,409.0,13738450.0,6063
2023-05-09 21:52:14,rr2306,rr2306,3358.0,0.0,0.0,0.0,30,3357.0,3358.0,5,3361.0,3361.0,3361.0,3357.0,409.0,13738450.0,6063
2023-05-09 21:52:14,rr2306,rr2306,3358.0,0.0,0.0,0.0,27,3357.0,3358.0,14,3361.0,3361.0,3361.0,3357.0,409.0,13738450.0,6063
2023-05-09 21:52:15,rr2306,rr2306,3358.0,0.0,0.0,0.0,30,3357.0,3358.0,20,3361.0,3361.0,3361.0,3357.0,409.0,13738450.0,6063
2023-05-09 21:52:15,rr2306,rr2306,3358.0,0.0,0.0,0.0,30,3357.0,3358.0,25,3361.0,3361.0,3361.0,3357.0,409.0,13738450.0,6063
2023-05-09 21:52:16,rr2306,rr2306,3358.0,0.0,0.0,0.0,33,3357.0,3358.0,31,3361.0,3361.0,3361.0,3357.0,409.0,13738450.0,6063
2023-05-09 21:52:17,rr2306,rr2306,3358.0,10.0,335800.0,2.0,24,3357.0,3358.0,13,3361.0,3361.0,3361.0,3357.0,419.0,14074250.0,6065
2023-05-09 21:52:17,rr2306,rr2306,3358.0,0.0,0.0,0.0,30,3357.0,3358.0,19,3361.0,3361.0,3361.0,3357.0,419.0,14074250.0,6065
2023-05-09 21:52:17,rr2306,rr2306,3358.0,0.0,0.0,0.0,31,3357.0,3358.0,22,3361.0,3361.0,3361.0,3357.0,419.0,14074250.0,6065
2023-05-09 21:52:19,rr2306,rr2306,3358.0,3.0,100740.0,3.0,31,3357.0,3358.0,19,3361.0,3361.0,3361.0,3357.0,422.0,14174990.0,6068
2023-05-09 21:52:19,rr2306,rr2306,3358.0,0.0,0.0,0.0,34,3357.0,3358.0,19,3361.0,3361.0,3361.0,3357.0,422.0,14174990.0,6068
2023-05-09 21:52:24,rr2306,rr2306,3357.0,5.0,167850.0,5.0,26,3357.0,3358.0,22,3361.0,3361.0,3361.0,3357.0,427.0,14342840.0,6073
2023-05-09 21:52:25,rr2306,rr2306,3357.0,0.0,0.0,0.0,32,3357.0,3358.0,19,3361.0,3361.0,3361.0,3357.0,427.0,14342840.0,6073
2023-05-09 21:52:26,rr2306,rr2306,3357.0,5.0,167850.0,4.0,24,3357.0,3358.0,22,3361.0,3361.0,3361.0,3357.0,432.0,14510690.0,6077
2023-05-09 21:52:26,rr2306,rr2306,3357.0,0.0,0.0,0.0,27,3357.0,3358.0,19,3361.0,3361.0,3361.0,3357.0,432.0,14510690.0,6077
2023-05-09 21:52:27,rr2306,rr2306,3357.0,5.0,167850.0,2.0,22,3357.0,3358.0,19,3361.0,3361.0,3361.0,3357.0,437.0,14678540.0,6079
2023-05-09 21:52:27,rr2306,rr2306,3357.0,10.0,335700.0,-1.0,13,3357.0,3358.0,22,3361.0,3361.0,3361.0,3357.0,447.0,15014240.0,6078
2023-05-09 21:52:28,rr2306,rr2306,3357.0,0.0,0.0,0.0,16,3357.0,3358.0,19,3361.0,3361.0,3361.0,3357.0,447.0,15014240.0,6078
2023-05-09 21:52:28,rr2306,rr2306,3357.0,12.0,402840.0,1.0,10,3356.0,3357.0,4,3361.0,3361.0,3361.0,3357.0,459.0,15417080.0,6079
2023-05-09 21:52:29,rr2306,rr2306,3357.0,0.0,0.0,0.0,11,3356.0,3357.0,7,3361.0,3361.0,3361.0,3357.0,459.0,15417080.0,6079
2023-05-09 21:52:29,rr2306,rr2306,3357.0,0.0,0.0,0.0,20,3356.0,3357.0,7,3361.0,3361.0,3361.0,3357.0,459.0,15417080.0,6079
2023-05-09 21:52:30,rr2306,rr2306,3357.0,0.0,0.0,0.0,20,3356.0,3357.0,18,3361.0,3361.0,3361.0,3357.0,459.0,15417080.0,6079
2023-05-09 21:52:30,rr2306,rr2306,3357.0,0.0,0.0,0.0,20,3356.0,3357.0,24,3361.0,3361.0,3361.0,3357.0,459.0,15417080.0,6079
2023-05-09 21:52:32,rr2306,rr2306,3357.0,0.0,0.0,0.0,20,3356.0,3357.0,16,3361.0,3361.0,3361.0,3357.0,459.0,15417080.0,6079
2023-05-09 21:52:32,rr2306,rr2306,3357.0,0.0,0.0,0.0,20,3356.0,3357.0,7,3361.0,3361.0,3361.0,3357.0,459.0,15417080.0,6079
2023-05-09 21:52:32,rr2306,rr2306,3357.0,0.0,0.0,0.0,20,3356.0,3357.0,4,3361.0,3361.0,3361.0,3357.0,459.0,15417080.0,6079
2023-05-09 21:52:34,rr2306,rr2306,3357.0,0.0,0.0,0.0,23,3356.0,3357.0,4,3361.0,3361.0,3361.0,3357.0,459.0,15417080.0,6079
2023-05-09 21:52:37,rr2306,rr2306,3357.0,0.0,0.0,0.0,26,3356.0,3357.0,13,3361.0,3361.0,3361.0,3357.0,459.0,15417080.0,6079
2023-05-09 21:52:37,rr2306,rr2306,3357.0,0.0,0.0,0.0,26,3356.0,3357.0,16,3361.0,3361.0,3361.0,3357.0,459.0,15417080.0,6079
2023-05-09 21:52:38,rr2306,rr2306,3357.0,0.0,0.0,0.0,23,3356.0,3357.0,16,3361.0,3361.0,3361.0,3357.0,459.0,15417080.0,6079
2023-05-09 21:52:38,rr2306,rr2306,3357.0,0.0,0.0,0.0,26,3356.0,3357.0,16,3361.0,3361.0,3361.0,3357.0,459.0,15417080.0,6079
2023-05-09 21:52:50,rr2306,rr2306,3357.0,0.0,0.0,0.0,26,3356.0,3357.0,41,3361.0,3361.0,3361.0,3357.0,459.0,15417080.0,6079
2023-05-09 21:52:50,rr2306,rr2306,3357.0,0.0,0.0,0.0,23,3356.0,3357.0,47,3361.0,3361.0,3361.0,3357.0,459.0,15417080.0,6079
2023-05-09 21:52:52,rr2306,rr2306,3358.0,30.0,1007180.0,-14.0,1,3358.0,3359.0,26,3361.0,3361.0,3361.0,3357.0,489.0,16424260.0,6065
2023-05-09 21:52:52,rr2306,rr2306,3358.0,0.0,0.0,0.0,7,3358.0,3359.0,32,3361.0,3361.0,3361.0,3357.0,489.0,16424260.0,6065
2023-05-09 21:52:53,rr2306,rr2306,3358.0,0.0,0.0,0.0,4,3358.0,3359.0,35,3361.0,3361.0,3361.0,3357.0,489.0,16424260.0,6065
2023-05-09 21:52:55,rr2306,rr2306,3358.0,0.0,0.0,0.0,7,3358.0,3359.0,35,3361.0,3361.0,3361.0,3357.0,489.0,16424260.0,6065
2023-05-09 21:52:56,rr2306,rr2306,3358.0,0.0,0.0,0.0,16,3358.0,3359.0,35,3361.0,3361.0,3361.0,3357.0,489.0,16424260.0,6065
2023-05-09 21:52:56,rr2306,rr2306,3358.0,0.0,0.0,0.0,25,3358.0,3359.0,35,3361.0,3361.0,3361.0,3357.0,489.0,16424260.0,6065
2023-05-09 21:52:57,rr2306,rr2306,3358.0,6.0,201480.0,-3.0,19,3358.0,3359.0,32,3361.0,3361.0,3361.0,3357.0,495.0,16625740.0,6062
2023-05-09 21:52:58,rr2306,rr2306,3358.0,0.0,0.0,0.0,18,3358.0,3359.0,32,3361.0,3361.0,3361.0,3357.0,495.0,16625740.0,6062
2023-05-09 21:52:59,rr2306,rr2306,3358.0,0.0,0.0,0.0,12,3358.0,3359.0,32,3361.0,3361.0,3361.0,3357.0,495.0,16625740.0,6062
2023-05-09 21:52:59,rr2306,rr2306,3358.0,0.0,0.0,0.0,12,3358.0,3359.0,29,3361.0,3361.0,3361.0,3357.0,495.0,16625740.0,6062
2023-05-09 21:53:01,rr2306,rr2306,3358.0,12.0,402960.0,-11.0,15,3357.0,3358.0,6,3361.0,3361.0,3361.0,3357.0,507.0,17028700.0,6051
2023-05-09 21:53:02,rr2306,rr2306,3358.0,0.0,0.0,0.0,18,3357.0,3358.0,15,3361.0,3361.0,3361.0,3357.0,507.0,17028700.0,6051
2023-05-09 21:53:02,rr2306,rr2306,3358.0,0.0,0.0,0.0,18,3357.0,3358.0,21,3361.0,3361.0,3361.0,3357.0,507.0,17028700.0,6051
2023-05-09 21:53:02,rr2306,rr2306,3358.0,0.0,0.0,0.0,18,3357.0,3358.0,24,3361.0,3361.0,3361.0,3357.0,507.0,17028700.0,6051
2023-05-09 21:53:04,rr2306,rr2306,3358.0,0.0,0.0,0.0,19,3357.0,3358.0,24,3361.0,3361.0,3361.0,3357.0,507.0,17028700.0,6051
2023-05-09 21:53:04,rr2306,rr2306,3358.0,0.0,0.0,0.0,24,3357.0,3358.0,21,3361.0,3361.0,3361.0,3357.0,507.0,17028700.0,6051
2023-05-09 21:53:06,rr2306,rr2306,3358.0,0.0,0.0,0.0,27,3357.0,3358.0,21,3361.0,3361.0,3361.0,3357.0,507.0,17028700.0,6051
2023-05-09 21:53:20,rr2306,rr2306,3358.0,0.0,0.0,0.0,28,3357.0,3358.0,21,3361.0,3361.0,3361.0,3357.0,507.0,17028700.0,6051
2023-05-09 21:53:21,rr2306,rr2306,3358.0,0.0,0.0,0.0,25,3357.0,3358.0,49,3361.0,3361.0,3361.0,3357.0,507.0,17028700.0,6051
2023-05-09 21:53:22,rr2306,rr2306,3358.0,0.0,0.0,0.0,25,3357.0,3358.0,24,3361.0,3361.0,3361.0,3357.0,507.0,17028700.0,6051
2023-05-09 21:53:23,rr2306,rr2306,3358.0,21.0,705180.0,-15.0,40,3358.0,3359.0,28,3361.0,3361.0,3361.0,3357.0,528.0,17733880.0,6036
2023-05-09 21:53:23,rr2306,rr2306,3358.0,0.0,0.0,0.0,43,3358.0,3359.0,28,3361.0,3361.0,3361.0,3357.0,528.0,17733880.0,6036
2023-05-09 21:53:24,rr2306,rr2306,3358.0,0.0,0.0,0.0,46,3358.0,3359.0,28,3361.0,3361.0,3361.0,3357.0,528.0,17733880.0,6036
2023-05-09 21:53:29,rr2306,rr2306,3358.0,0.0,0.0,0.0,46,3358.0,3359.0,31,3361.0,3361.0,3361.0,3357.0,528.0,17733880.0,6036
2023-05-09 21:54:15,rr2306,rr2306,3358.0,0.0,0.0,0.0,43,3358.0,3359.0,181,3361.0,3361.0,3361.0,3357.0,528.0,17733880.0,6036
2023-05-09 21:54:16,rr2306,rr2306,3358.0,0.0,0.0,0.0,45,3358.0,3359.0,184,3361.0,3361.0,3361.0,3357.0,528.0,17733880.0,6036
2023-05-09 21:54:16,rr2306,rr2306,3358.0,0.0,0.0,0.0,45,3358.0,3359.0,34,3361.0,3361.0,3361.0,3357.0,528.0,17733880.0,6036
2023-05-09 21:54:17,rr2306,rr2306,3358.0,1.0,33580.0,-1.0,45,3358.0,3359.0,30,3361.0,3361.0,3361.0,3357.0,529.0,17767460.0,6035
2023-05-09 21:54:22,rr2306,rr2306,3358.0,0.0,0.0,0.0,33,3358.0,3359.0,30,3361.0,3361.0,3361.0,3357.0,529.0,17767460.0,6035
2023-05-09 21:54:30,rr2306,rr2306,3358.0,0.0,0.0,0.0,33,3358.0,3359.0,33,3361.0,3361.0,3361.0,3357.0,529.0,17767460.0,6035
2023-05-09 21:54:32,rr2306,rr2306,3358.0,0.0,0.0,0.0,36,3358.0,3359.0,33,3361.0,3361.0,3361.0,3357.0,529.0,17767460.0,6035
2023-05-09 21:54:32,rr2306,rr2306,3358.0,0.0,0.0,0.0,33,3358.0,3359.0,33,3361.0,3361.0,3361.0,3357.0,529.0,17767460.0,6035
2023-05-09 21:54:37,rr2306,rr2306,3358.0,0.0,0.0,0.0,36,3358.0,3359.0,33,3361.0,3361.0,3361.0,3357.0,529.0,17767460.0,6035
2023-05-09 21:54:45,rr2306,rr2306,3359.0,30.0,1007700.0,-18.0,3,3359.0,3360.0,10,3361.0,3361.0,3361.0,3357.0,559.0,18775160.0,6017
2023-05-09 21:54:45,rr2306,rr2306,3360.0,3.0,100800.0,-3.0,5,3359.0,3360.0,4,3361.0,3361.0,3361.0,3357.0,562.0,18875960.0,6014
2023-05-09 21:54:45,rr2306,rr2306,3360.0,0.0,0.0,0.0,8,3359.0,3360.0,4,3361.0,3361.0,3361.0,3357.0,562.0,18875960.0,6014
2023-05-09 21:54:50,rr2306,rr2306,3360.0,0.0,0.0,0.0,17,3359.0,3360.0,8,3361.0,3361.0,3361.0,3357.0,562.0,18875960.0,6014
2023-05-09 21:54:51,rr2306,rr2306,3360.0,0.0,0.0,0.0,26,3359.0,3360.0,13,3361.0,3361.0,3361.0,3357.0,562.0,18875960.0,6014
2023-05-09 21:54:51,rr2306,rr2306,3360.0,0.0,0.0,0.0,26,3359.0,3360.0,25,3361.0,3361.0,3361.0,3357.0,562.0,18875960.0,6014
2023-05-09 21:54:52,rr2306,rr2306,3360.0,0.0,0.0,0.0,23,3359.0,3360.0,25,3361.0,3361.0,3361.0,3357.0,562.0,18875960.0,6014
2023-05-09 21:55:03,rr2306,rr2306,3360.0,0.0,0.0,0.0,26,3359.0,3360.0,25,3361.0,3361.0,3361.0,3357.0,562.0,18875960.0,6014
2023-05-09 21:56:08,rr2306,rr2306,3360.0,0.0,0.0,0.0,29,3359.0,3360.0,28,3361.0,3361.0,3361.0,3357.0,562.0,18875960.0,6014
2023-05-09 21:58:22,rr2306,rr2306,3360.0,0.0,0.0,0.0,27,3359.0,3360.0,28,3361.0,3361.0,3361.0,3357.0,562.0,18875960.0,6014
2023-05-09 21:58:22,rr2306,rr2306,3360.0,0.0,0.0,0.0,27,3359.0,3360.0,26,3361.0,3361.0,3361.0,3357.0,562.0,18875960.0,6014
2023-05-09 21:59:09,rr2306,rr2306,3360.0,0.0,0.0,0.0,28,3359.0,3360.0,22,3361.0,3361.0,3361.0,3357.0,562.0,18875960.0,6014
2023-05-09 21:59:37,rr2306,rr2306,3360.0,0.0,0.0,0.0,27,3359.0,3360.0,26,3361.0,3361.0,3361.0,3357.0,562.0,18875960.0,6014
2023-05-09 21:59:38,rr2306,rr2306,3360.0,0.0,0.0,0.0,28,3359.0,3360.0,26,3361.0,3361.0,3361.0,3357.0,562.0,18875960.0,6014
2023-05-09 21:59:54,rr2306,rr2306,3360.0,0.0,0.0,0.0,28,3359.0,3360.0,43,3361.0,3361.0,3361.0,3357.0,562.0,18875960.0,6014
2023-05-09 22:00:37,rr2306,rr2306,3360.0,0.0,0.0,0.0,29,3359.0,3360.0,43,3361.0,3361.0,3361.0,3357.0,562.0,18875960.0,6014
2023-05-09 22:00:43,rr2306,rr2306,3360.0,0.0,0.0,0.0,28,3359.0,3360.0,43,3361.0,3361.0,3361.0,3357.0,562.0,18875960.0,6014
2023-05-09 22:01:49,rr2306,rr2306,3360.0,1.0,33600.0,0.0,28,3359.0,3360.0,42,3361.0,3361.0,3361.0,3357.0,563.0,18909560.0,6014
2023-05-09 22:01:50,rr2306,rr2306,3360.0,44.0,1478400.0,3.0,19,3360.0,3361.0,12,3361.0,3361.0,3361.0,3357.0,607.0,20387960.0,6017
2023-05-09 22:01:51,rr2306,rr2306,3360.0,0.0,0.0,0.0,28,3360.0,3361.0,21,3361.0,3361.0,3361.0,3357.0,607.0,20387960.0,6017
2023-05-09 22:01:53,rr2306,rr2306,3360.0,0.0,0.0,0.0,25,3360.0,3361.0,21,3361.0,3361.0,3361.0,3357.0,607.0,20387960.0,6017
2023-05-09 22:01:53,rr2306,rr2306,3360.0,0.0,0.0,0.0,31,3360.0,3361.0,21,3361.0,3361.0,3361.0,3357.0,607.0,20387960.0,6017
2023-05-09 22:01:54,rr2306,rr2306,3361.0,4.0,134440.0,1.0,25,3360.0,3361.0,14,3361.0,3361.0,3361.0,3357.0,611.0,20522400.0,6018
2023-05-09 22:01:55,rr2306,rr2306,3361.0,0.0,0.0,0.0,28,3360.0,3361.0,17,3361.0,3361.0,3361.0,3357.0,611.0,20522400.0,6018
2023-05-09 22:01:55,rr2306,rr2306,3361.0,0.0,0.0,0.0,28,3360.0,3361.0,20,3361.0,3361.0,3361.0,3357.0,611.0,20522400.0,6018
2023-05-09 22:01:57,rr2306,rr2306,3361.0,20.0,672200.0,-4.0,3,3361.0,3362.0,12,3361.0,3361.0,3361.0,3357.0,631.0,21194600.0,6014
2023-05-09 22:01:58,rr2306,rr2306,3361.0,0.0,0.0,0.0,19,3361.0,3362.0,8,3361.0,3361.0,3361.0,3357.0,631.0,21194600.0,6014
2023-05-09 22:01:58,rr2306,rr2306,3361.0,0.0,0.0,0.0,28,3361.0,3362.0,3,3361.0,3361.0,3361.0,3357.0,631.0,21194600.0,6014
2023-05-09 22:01:58,rr2306,rr2306,3361.0,0.0,0.0,0.0,33,3361.0,3362.0,3,3361.0,3361.0,3361.0,3357.0,631.0,21194600.0,6014
2023-05-09 22:02:00,rr2306,rr2306,3361.0,0.0,0.0,0.0,33,3361.0,3362.0,6,3361.0,3361.0,3361.0,3357.0,631.0,21194600.0,6014
2023-05-09 22:02:02,rr2306,rr2306,3362.0,6.0,201720.0,3.0,5,3362.0,3363.0,29,3361.0,3361.0,3362.0,3357.0,637.0,21396320.0,6017
2023-05-09 22:02:02,rr2306,rr2306,3362.0,0.0,0.0,0.0,30,3362.0,3363.0,19,3361.0,3361.0,3362.0,3357.0,637.0,21396320.0,6017
2023-05-09 22:02:02,rr2306,rr2306,3362.0,0.0,0.0,0.0,30,3362.0,3363.0,22,3361.0,3361.0,3362.0,3357.0,637.0,21396320.0,6017
2023-05-09 22:02:04,rr2306,rr2306,3362.0,3.0,100860.0,0.0,27,3362.0,3363.0,22,3361.0,3361.0,3362.0,3357.0,640.0,21497180.0,6017
2023-05-09 22:02:05,rr2306,rr2306,3362.0,0.0,0.0,0.0,30,3362.0,3363.0,22,3361.0,3361.0,3362.0,3357.0,640.0,21497180.0,6017
2023-05-09 22:02:06,rr2306,rr2306,3362.0,0.0,0.0,0.0,33,3362.0,3363.0,22,3361.0,3361.0,3362.0,3357.0,640.0,21497180.0,6017
2023-05-09 22:02:07,rr2306,rr2306,3363.0,1.0,33630.0,0.0,33,3362.0,3363.0,21,3361.0,3361.0,3363.0,3357.0,641.0,21530810.0,6017
2023-05-09 22:02:07,rr2306,rr2306,3363.0,8.0,269040.0,-3.0,10,3363.0,3364.0,23,3361.0,3361.0,3363.0,3357.0,649.0,21799850.0,6014
2023-05-09 22:02:08,rr2306,rr2306,3363.0,0.0,0.0,0.0,25,3363.0,3364.0,25,3361.0,3361.0,3363.0,3357.0,649.0,21799850.0,6014
2023-05-09 22:02:08,rr2306,rr2306,3363.0,0.0,0.0,0.0,28,3363.0,3364.0,23,3361.0,3361.0,3363.0,3357.0,649.0,21799850.0,6014
2023-05-09 22:02:09,rr2306,rr2306,3363.0,0.0,0.0,0.0,28,3363.0,3364.0,18,3361.0,3361.0,3363.0,3357.0,649.0,21799850.0,6014
2023-05-09 22:02:09,rr2306,rr2306,3363.0,3.0,100890.0,0.0,24,3363.0,3364.0,20,3361.0,3361.0,3363.0,3357.0,652.0,21900740.0,6014
2023-05-09 22:02:10,rr2306,rr2306,3362.0,33.0,1109750.0,-27.0,11,3361.0,3363.0,50,3361.0,3361.0,3363.0,3357.0,685.0,23010490.0,5987
2023-05-09 22:02:10,rr2306,rr2306,3362.0,0.0,0.0,0.0,14,3361.0,3362.0,6,3361.0,3361.0,3363.0,3357.0,685.0,23010490.0,5987
2023-05-09 22:02:11,rr2306,rr2306,3362.0,0.0,0.0,0.0,11,3361.0,3362.0,6,3361.0,3361.0,3363.0,3357.0,685.0,23010490.0,5987
2023-05-09 22:02:12,rr2306,rr2306,3362.0,0.0,0.0,0.0,17,3361.0,3362.0,15,3361.0,3361.0,3363.0,3357.0,685.0,23010490.0,5987
2023-05-09 22:02:12,rr2306,rr2306,3362.0,0.0,0.0,0.0,23,3361.0,3362.0,30,3361.0,3361.0,3363.0,3357.0,685.0,23010490.0,5987
2023-05-09 22:02:19,rr2306,rr2306,3362.0,0.0,0.0,0.0,29,3361.0,3362.0,30,3361.0,3361.0,3363.0,3357.0,685.0,23010490.0,5987
2023-05-09 22:02:26,rr2306,rr2306,3362.0,1.0,33620.0,0.0,32,3361.0,3362.0,26,3361.0,3361.0,3363.0,3357.0,686.0,23044110.0,5987
2023-05-09 22:02:28,rr2306,rr2306,3362.0,2.0,67240.0,0.0,32,3361.0,3362.0,24,3361.0,3361.0,3363.0,3357.0,688.0,23111350.0,5987
2023-05-09 22:02:29,rr2306,rr2306,3362.0,2.0,67240.0,0.0,32,3361.0,3362.0,22,3361.0,3361.0,3363.0,3357.0,690.0,23178590.0,5987
2023-05-09 22:02:32,rr2306,rr2306,3362.0,12.0,403440.0,-2.0,17,3361.0,3363.0,15,3361.0,3361.0,3363.0,3357.0,702.0,23582030.0,5985
2023-05-09 22:02:32,rr2306,rr2306,3362.0,0.0,0.0,0.0,6,3362.0,3363.0,27,3361.0,3361.0,3363.0,3357.0,702.0,23582030.0,5985
2023-05-09 22:02:32,rr2306,rr2306,3362.0,0.0,0.0,0.0,6,3362.0,3363.0,24,3361.0,3361.0,3363.0,3357.0,702.0,23582030.0,5985
2023-05-09 22:02:33,rr2306,rr2306,3362.0,0.0,0.0,0.0,11,3362.0,3363.0,24,3361.0,3361.0,3363.0,3357.0,702.0,23582030.0,5985
2023-05-09 22:02:34,rr2306,rr2306,3362.0,0.0,0.0,0.0,24,3362.0,3363.0,27,3361.0,3361.0,3363.0,3357.0,702.0,23582030.0,5985
2023-05-09 22:02:34,rr2306,rr2306,3362.0,0.0,0.0,0.0,27,3362.0,3363.0,27,3361.0,3361.0,3363.0,3357.0,702.0,23582030.0,5985
2023-05-09 22:02:35,rr2306,rr2306,3362.0,0.0,0.0,0.0,22,3362.0,3363.0,27,3361.0,3361.0,3363.0,3357.0,702.0,23582030.0,5985
2023-05-09 22:02:38,rr2306,rr2306,3362.0,0.0,0.0,0.0,21,3362.0,3363.0,27,3361.0,3361.0,3363.0,3357.0,702.0,23582030.0,5985
2023-05-09 22:02:39,rr2306,rr2306,3361.0,33.0,1109340.0,-21.0,3,3361.0,3362.0,23,3361.0,3361.0,3363.0,3357.0,735.0,24691370.0,5964
2023-05-09 22:02:40,rr2306,rr2306,3362.0,3.0,100840.0,0.0,13,3360.0,3362.0,26,3361.0,3361.0,3363.0,3357.0,738.0,24792210.0,5964
2023-05-09 22:02:40,rr2306,rr2306,3362.0,0.0,0.0,0.0,19,3360.0,3362.0,29,3361.0,3361.0,3363.0,3357.0,738.0,24792210.0,5964
2023-05-09 22:02:41,rr2306,rr2306,3362.0,0.0,0.0,0.0,22,3360.0,3362.0,35,3361.0,3361.0,3363.0,3357.0,738.0,24792210.0,5964
2023-05-09 22:02:42,rr2306,rr2306,3362.0,0.0,0.0,0.0,22,3360.0,3362.0,38,3361.0,3361.0,3363.0,3357.0,738.0,24792210.0,5964
2023-05-09 22:02:44,rr2306,rr2306,3362.0,0.0,0.0,0.0,22,3360.0,3362.0,39,3361.0,3361.0,3363.0,3357.0,738.0,24792210.0,5964
2023-05-09 22:02:46,rr2306,rr2306,3362.0,0.0,0.0,0.0,22,3360.0,3362.0,41,3361.0,3361.0,3363.0,3357.0,738.0,24792210.0,5964
2023-05-09 22:02:59,rr2306,rr2306,3362.0,0.0,0.0,0.0,19,3360.0,3362.0,35,3361.0,3361.0,3363.0,3357.0,738.0,24792210.0,5964
2023-05-09 22:03:01,rr2306,rr2306,3362.0,0.0,0.0,0.0,22,3360.0,3362.0,38,3361.0,3361.0,3363.0,3357.0,738.0,24792210.0,5964
2023-05-09 22:03:50,rr2306,rr2306,3362.0,0.0,0.0,0.0,22,3360.0,3362.0,41,3361.0,3361.0,3363.0,3357.0,738.0,24792210.0,5964
2023-05-09 22:03:50,rr2306,rr2306,3362.0,0.0,0.0,0.0,22,3360.0,3362.0,38,3361.0,3361.0,3363.0,3357.0,738.0,24792210.0,5964
2023-05-09 22:04:08,rr2306,rr2306,3362.0,0.0,0.0,0.0,22,3360.0,3362.0,40,3361.0,3361.0,3363.0,3357.0,738.0,24792210.0,5964
2023-05-09 22:04:08,rr2306,rr2306,3362.0,0.0,0.0,0.0,25,3360.0,3362.0,40,3361.0,3361.0,3363.0,3357.0,738.0,24792210.0,5964
2023-05-09 22:04:18,rr2306,rr2306,3362.0,2.0,67240.0,0.0,25,3360.0,3362.0,38,3361.0,3361.0,3363.0,3357.0,740.0,24859450.0,5964
2023-05-09 22:05:20,rr2306,rr2306,3362.0,0.0,0.0,0.0,26,3360.0,3362.0,37,3361.0,3361.0,3363.0,3357.0,740.0,24859450.0,5964
2023-05-09 22:05:20,rr2306,rr2306,3362.0,0.0,0.0,0.0,3,3361.0,3362.0,34,3361.0,3361.0,3363.0,3357.0,740.0,24859450.0,5964
2023-05-09 22:05:21,rr2306,rr2306,3362.0,0.0,0.0,0.0,9,3361.0,3362.0,31,3361.0,3361.0,3363.0,3357.0,740.0,24859450.0,5964
2023-05-09 22:05:21,rr2306,rr2306,3362.0,0.0,0.0,0.0,21,3361.0,3362.0,34,3361.0,3361.0,3363.0,3357.0,740.0,24859450.0,5964
2023-05-09 22:05:21,rr2306,rr2306,3362.0,0.0,0.0,0.0,27,3361.0,3362.0,34,3361.0,3361.0,3363.0,3357.0,740.0,24859450.0,5964
2023-05-09 22:06:02,rr2306,rr2306,3362.0,0.0,0.0,0.0,27,3361.0,3362.0,32,3361.0,3361.0,3363.0,3357.0,740.0,24859450.0,5964
2023-05-09 22:06:42,rr2306,rr2306,3362.0,1.0,33620.0,0.0,27,3361.0,3362.0,31,3361.0,3361.0,3363.0,3357.0,741.0,24893070.0,5964
2023-05-09 22:08:49,rr2306,rr2306,3362.0,0.0,0.0,0.0,24,3361.0,3362.0,31,3361.0,3361.0,3363.0,3357.0,741.0,24893070.0,5964
2023-05-09 22:11:18,rr2306,rr2306,3362.0,0.0,0.0,0.0,24,3361.0,3362.0,34,3361.0,3361.0,3363.0,3357.0,741.0,24893070.0,5964
2023-05-09 22:13:23,rr2306,rr2306,3361.0,18.0,604980.0,-6.0,35,3360.0,3362.0,17,3361.0,3361.0,3363.0,3357.0,759.0,25498050.0,5958
2023-05-09 22:13:24,rr2306,rr2306,3361.0,0.0,0.0,0.0,3,3361.0,3362.0,29,3361.0,3361.0,3363.0,3357.0,759.0,25498050.0,5958
2023-05-09 22:13:24,rr2306,rr2306,3361.0,0.0,0.0,0.0,6,3361.0,3362.0,26,3361.0,3361.0,3363.0,3357.0,759.0,25498050.0,5958
2023-05-09 22:13:26,rr2306,rr2306,3361.0,0.0,0.0,0.0,9,3361.0,3362.0,29,3361.0,3361.0,3363.0,3357.0,759.0,25498050.0,5958
2023-05-09 22:13:27,rr2306,rr2306,3361.0,0.0,0.0,0.0,21,3361.0,3362.0,35,3361.0,3361.0,3363.0,3357.0,759.0,25498050.0,5958
2023-05-09 22:13:27,rr2306,rr2306,3361.0,0.0,0.0,0.0,27,3361.0,3362.0,35,3361.0,3361.0,3363.0,3357.0,759.0,25498050.0,5958
2023-05-09 22:13:52,rr2306,rr2306,3361.0,0.0,0.0,0.0,27,3361.0,3362.0,36,3361.0,3361.0,3363.0,3357.0,759.0,25498050.0,5958
2023-05-09 22:13:55,rr2306,rr2306,3361.0,0.0,0.0,0.0,24,3361.0,3362.0,36,3361.0,3361.0,3363.0,3357.0,759.0,25498050.0,5958
2023-05-09 22:13:56,rr2306,rr2306,3361.0,0.0,0.0,0.0,27,3361.0,3362.0,36,3361.0,3361.0,3363.0,3357.0,759.0,25498050.0,5958
2023-05-09 22:14:07,rr2306,rr2306,3361.0,1.0,33610.0,-1.0,26,3361.0,3362.0,36,3361.0,3361.0,3363.0,3357.0,760.0,25531660.0,5957
2023-05-09 22:14:08,rr2306,rr2306,3361.0,0.0,0.0,0.0,26,3361.0,3362.0,35,3361.0,3361.0,3363.0,3357.0,760.0,25531660.0,5957
2023-05-09 22:14:08,rr2306,rr2306,3361.0,0.0,0.0,0.0,26,3361.0,3362.0,36,3361.0,3361.0,3363.0,3357.0,760.0,25531660.0,5957
2023-05-09 22:14:09,rr2306,rr2306,3361.0,0.0,0.0,0.0,26,3361.0,3362.0,35,3361.0,3361.0,3363.0,3357.0,760.0,25531660.0,5957
2023-05-09 22:15:18,rr2306,rr2306,3361.0,0.0,0.0,0.0,26,3361.0,3362.0,36,3361.0,3361.0,3363.0,3357.0,760.0,25531660.0,5957
2023-05-09 22:15:35,rr2306,rr2306,3361.0,0.0,0.0,0.0,24,3361.0,3362.0,35,3361.0,3361.0,3363.0,3357.0,760.0,25531660.0,5957
2023-05-09 22:15:35,rr2306,rr2306,3361.0,0.0,0.0,0.0,25,3361.0,3362.0,35,3361.0,3361.0,3363.0,3357.0,760.0,25531660.0,5957
2023-05-09 22:16:46,rr2306,rr2306,3361.0,0.0,0.0,0.0,25,3361.0,3362.0,34,3361.0,3361.0,3363.0,3357.0,760.0,25531660.0,5957
2023-05-09 22:16:46,rr2306,rr2306,3361.0,0.0,0.0,0.0,24,3361.0,3362.0,34,3361.0,3361.0,3363.0,3357.0,760.0,25531660.0,5957
2023-05-09 22:18:38,rr2306,rr2306,3361.0,0.0,0.0,0.0,24,3361.0,3362.0,35,3361.0,3361.0,3363.0,3357.0,760.0,25531660.0,5957
2023-05-09 22:28:17,rr2306,rr2306,3361.0,0.0,0.0,0.0,24,3361.0,3362.0,36,3361.0,3361.0,3363.0,3357.0,760.0,25531660.0,5957
2023-05-09 22:32:39,rr2306,rr2306,3361.0,23.0,773030.0,-8.0,34,3360.0,3361.0,3,3361.0,3361.0,3363.0,3357.0,783.0,26304690.0,5949
2023-05-09 22:32:40,rr2306,rr2306,3361.0,0.0,0.0,0.0,49,3360.0,3361.0,12,3361.0,3361.0,3363.0,3357.0,783.0,26304690.0,5949
2023-05-09 22:32:40,rr2306,rr2306,3361.0,0.0,0.0,0.0,52,3360.0,3361.0,22,3361.0,3361.0,3363.0,3357.0,783.0,26304690.0,5949
2023-05-09 22:32:41,rr2306,rr2306,3361.0,0.0,0.0,0.0,55,3360.0,3361.0,25,3361.0,3361.0,3363.0,3357.0,783.0,26304690.0,5949
2023-05-09 22:33:52,rr2306,rr2306,3360.0,54.0,1814400.0,-3.0,11,3359.0,3360.0,3,3361.0,3361.0,3363.0,3357.0,837.0,28119090.0,5946
2023-05-09 22:33:52,rr2306,rr2306,3360.0,0.0,0.0,0.0,24,3359.0,3360.0,23,3361.0,3361.0,3363.0,3357.0,837.0,28119090.0,5946
2023-05-09 22:33:52,rr2306,rr2306,3360.0,0.0,0.0,0.0,24,3359.0,3360.0,27,3361.0,3361.0,3363.0,3357.0,837.0,28119090.0,5946
2023-05-09 22:33:55,rr2306,rr2306,3360.0,0.0,0.0,0.0,24,3359.0,3360.0,24,3361.0,3361.0,3363.0,3357.0,837.0,28119090.0,5946
2023-05-09 22:33:56,rr2306,rr2306,3359.0,1.0,33590.0,0.0,26,3359.0,3360.0,27,3361.0,3361.0,3363.0,3357.0,838.0,28152680.0,5946
2023-05-09 22:34:00,rr2306,rr2306,3359.0,5.0,167950.0,2.0,22,3359.0,3360.0,27,3361.0,3361.0,3363.0,3357.0,843.0,28320630.0,5948
2023-05-09 22:34:00,rr2306,rr2306,3359.0,0.0,0.0,0.0,25,3359.0,3360.0,27,3361.0,3361.0,3363.0,3357.0,843.0,28320630.0,5948
2023-05-09 22:34:01,rr2306,rr2306,3358.0,28.0,940490.0,-4.0,2,3358.0,3359.0,10,3361.0,3361.0,3363.0,3357.0,871.0,29261120.0,5944
2023-05-09 22:34:02,rr2306,rr2306,3358.0,4.0,134320.0,-2.0,32,3357.0,3359.0,14,3361.0,3361.0,3363.0,3357.0,875.0,29395440.0,5942
2023-05-09 22:34:02,rr2306,rr2306,3358.0,0.0,0.0,0.0,32,3357.0,3359.0,27,3361.0,3361.0,3363.0,3357.0,875.0,29395440.0,5942
2023-05-09 22:34:03,rr2306,rr2306,3358.0,2.0,67160.0,0.0,7,3358.0,3359.0,22,3361.0,3361.0,3363.0,3357.0,877.0,29462600.0,5942
2023-05-09 22:34:04,rr2306,rr2306,3358.0,0.0,0.0,0.0,7,3358.0,3359.0,24,3361.0,3361.0,3363.0,3357.0,877.0,29462600.0,5942
2023-05-09 22:34:06,rr2306,rr2306,3358.0,7.0,235060.0,2.0,33,3357.0,3358.0,1,3361.0,3361.0,3363.0,3357.0,884.0,29697660.0,5944
2023-05-09 22:34:06,rr2306,rr2306,3358.0,3.0,100740.0,-2.0,29,3357.0,3359.0,26,3361.0,3361.0,3363.0,3357.0,887.0,29798400.0,5942
2023-05-09 22:34:07,rr2306,rr2306,3358.0,0.0,0.0,0.0,38,3357.0,3359.0,30,3361.0,3361.0,3363.0,3357.0,887.0,29798400.0,5942
2023-05-09 22:34:08,rr2306,rr2306,3358.0,0.0,0.0,0.0,35,3357.0,3358.0,7,3361.0,3361.0,3363.0,3357.0,887.0,29798400.0,5942
2023-05-09 22:34:08,rr2306,rr2306,3358.0,0.0,0.0,0.0,35,3357.0,3358.0,22,3361.0,3361.0,3363.0,3357.0,887.0,29798400.0,5942
2023-05-09 22:34:09,rr2306,rr2306,3358.0,0.0,0.0,0.0,35,3357.0,3358.0,26,3361.0,3361.0,3363.0,3357.0,887.0,29798400.0,5942
2023-05-09 22:34:10,rr2306,rr2306,3358.0,0.0,0.0,0.0,35,3357.0,3358.0,23,3361.0,3361.0,3363.0,3357.0,887.0,29798400.0,5942
2023-05-09 22:34:10,rr2306,rr2306,3358.0,0.0,0.0,0.0,35,3357.0,3358.0,18,3361.0,3361.0,3363.0,3357.0,887.0,29798400.0,5942
2023-05-09 22:34:11,rr2306,rr2306,3358.0,0.0,0.0,0.0,38,3357.0,3358.0,18,3361.0,3361.0,3363.0,3357.0,887.0,29798400.0,5942
2023-05-09 22:34:16,rr2306,rr2306,3358.0,4.0,134320.0,-2.0,32,3357.0,3358.0,14,3361.0,3361.0,3363.0,3357.0,891.0,29932720.0,5940
2023-05-09 22:34:16,rr2306,rr2306,3358.0,0.0,0.0,0.0,38,3357.0,3358.0,19,3361.0,3361.0,3363.0,3357.0,891.0,29932720.0,5940
2023-05-09 22:34:16,rr2306,rr2306,3358.0,0.0,0.0,0.0,38,3357.0,3358.0,21,3361.0,3361.0,3363.0,3357.0,891.0,29932720.0,5940
2023-05-09 22:34:28,rr2306,rr2306,3358.0,5.0,167900.0,-3.0,28,3357.0,3358.0,6,3361.0,3361.0,3363.0,3357.0,896.0,30100620.0,5937
2023-05-09 22:34:28,rr2306,rr2306,3358.0,2.0,67160.0,-2.0,34,3357.0,3358.0,5,3361.0,3361.0,3363.0,3357.0,898.0,30167780.0,5935
2023-05-09 22:34:30,rr2306,rr2306,3358.0,0.0,0.0,0.0,34,3357.0,3358.0,25,3361.0,3361.0,3363.0,3357.0,898.0,30167780.0,5935
2023-05-09 22:34:30,rr2306,rr2306,3358.0,2.0,67160.0,1.0,31,3357.0,3358.0,37,3361.0,3361.0,3363.0,3357.0,900.0,30234940.0,5936
2023-05-09 22:34:30,rr2306,rr2306,3358.0,0.0,0.0,0.0,34,3357.0,3358.0,40,3361.0,3361.0,3363.0,3357.0,900.0,30234940.0,5936
2023-05-09 22:34:31,rr2306,rr2306,3359.0,23.0,772360.0,-15.0,39,3358.0,3359.0,4,3361.0,3361.0,3363.0,3357.0,923.0,31007300.0,5921
2023-05-09 22:34:32,rr2306,rr2306,3359.0,5.0,167950.0,2.0,8,3359.0,3360.0,14,3361.0,3361.0,3363.0,3357.0,928.0,31175250.0,5923
2023-05-09 22:34:32,rr2306,rr2306,3359.0,0.0,0.0,0.0,8,3359.0,3360.0,13,3361.0,3361.0,3363.0,3357.0,928.0,31175250.0,5923
2023-05-09 22:34:34,rr2306,rr2306,3359.0,8.0,268720.0,-5.0,21,3358.0,3359.0,6,3361.0,3361.0,3363.0,3357.0,936.0,31443970.0,5918
2023-05-09 22:34:34,rr2306,rr2306,3359.0,0.0,0.0,0.0,45,3358.0,3359.0,6,3361.0,3361.0,3363.0,3357.0,936.0,31443970.0,5918
2023-05-09 22:34:34,rr2306,rr2306,3359.0,0.0,0.0,0.0,48,3358.0,3359.0,6,3361.0,3361.0,3363.0,3357.0,936.0,31443970.0,5918
2023-05-09 22:34:41,rr2306,rr2306,3359.0,0.0,0.0,0.0,48,3358.0,3359.0,11,3361.0,3361.0,3363.0,3357.0,936.0,31443970.0,5918
2023-05-09 22:34:41,rr2306,rr2306,3359.0,0.0,0.0,0.0,48,3358.0,3359.0,29,3361.0,3361.0,3363.0,3357.0,936.0,31443970.0,5918
2023-05-09 22:34:42,rr2306,rr2306,3359.0,0.0,0.0,0.0,48,3358.0,3359.0,27,3361.0,3361.0,3363.0,3357.0,936.0,31443970.0,5918
2023-05-09 22:34:44,rr2306,rr2306,3359.0,6.0,201540.0,-3.0,48,3358.0,3359.0,21,3361.0,3361.0,3363.0,3357.0,942.0,31645510.0,5915
2023-05-09 22:34:45,rr2306,rr2306,3359.0,21.0,705390.0,-12.0,40,3359.0,3360.0,19,3361.0,3361.0,3363.0,3357.0,963.0,32350900.0,5903
2023-05-09 22:34:46,rr2306,rr2306,3359.0,0.0,0.0,0.0,43,3359.0,3360.0,31,3361.0,3361.0,3363.0,3357.0,963.0,32350900.0,5903
2023-05-09 22:34:46,rr2306,rr2306,3359.0,0.0,0.0,0.0,46,3359.0,3360.0,31,3361.0,3361.0,3363.0,3357.0,963.0,32350900.0,5903
2023-05-09 22:34:49,rr2306,rr2306,3359.0,0.0,0.0,0.0,46,3359.0,3360.0,28,3361.0,3361.0,3363.0,3357.0,963.0,32350900.0,5903
2023-05-09 22:34:50,rr2306,rr2306,3359.0,0.0,0.0,0.0,36,3359.0,3360.0,28,3361.0,3361.0,3363.0,3357.0,963.0,32350900.0,5903
2023-05-09 22:34:50,rr2306,rr2306,3359.0,0.0,0.0,0.0,36,3359.0,3360.0,25,3361.0,3361.0,3363.0,3357.0,963.0,32350900.0,5903
2023-05-09 22:34:51,rr2306,rr2306,3359.0,0.0,0.0,0.0,36,3359.0,3360.0,22,3361.0,3361.0,3363.0,3357.0,963.0,32350900.0,5903
2023-05-09 22:34:59,rr2306,rr2306,3359.0,0.0,0.0,0.0,37,3359.0,3360.0,25,3361.0,3361.0,3363.0,3357.0,963.0,32350900.0,5903
2023-05-09 22:35:15,rr2306,rr2306,3359.0,1.0,33590.0,-1.0,37,3359.0,3360.0,24,3361.0,3361.0,3363.0,3357.0,964.0,32384490.0,5902
2023-05-09 22:35:46,rr2306,rr2306,3360.0,20.0,672000.0,-10.0,9,3360.0,3361.0,22,3361.0,3361.0,3363.0,3357.0,984.0,33056490.0,5892
2023-05-09 22:35:47,rr2306,rr2306,3360.0,0.0,0.0,0.0,24,3360.0,3361.0,31,3361.0,3361.0,3363.0,3357.0,984.0,33056490.0,5892
2023-05-09 22:35:49,rr2306,rr2306,3360.0,0.0,0.0,0.0,27,3360.0,3361.0,34,3361.0,3361.0,3363.0,3357.0,984.0,33056490.0,5892
2023-05-09 22:36:09,rr2306,rr2306,3360.0,0.0,0.0,0.0,30,3360.0,3361.0,34,3361.0,3361.0,3363.0,3357.0,984.0,33056490.0,5892
2023-05-09 22:36:13,rr2306,rr2306,3360.0,0.0,0.0,0.0,30,3360.0,3361.0,36,3361.0,3361.0,3363.0,3357.0,984.0,33056490.0,5892
2023-05-09 22:36:25,rr2306,rr2306,3360.0,0.0,0.0,0.0,33,3360.0,3361.0,36,3361.0,3361.0,3363.0,3357.0,984.0,33056490.0,5892
2023-05-09 22:36:48,rr2306,rr2306,3360.0,0.0,0.0,0.0,33,3360.0,3361.0,37,3361.0,3361.0,3363.0,3357.0,984.0,33056490.0,5892
2023-05-09 22:37:25,rr2306,rr2306,3360.0,0.0,0.0,0.0,33,3360.0,3361.0,35,3361.0,3361.0,3363.0,3357.0,984.0,33056490.0,5892
2023-05-09 22:38:37,rr2306,rr2306,3360.0,2.0,67200.0,-2.0,31,3360.0,3361.0,35,3361.0,3361.0,3363.0,3357.0,986.0,33123690.0,5890
2023-05-09 22:43:55,rr2306,rr2306,3360.0,0.0,0.0,0.0,34,3360.0,3361.0,35,3361.0,3361.0,3363.0,3357.0,986.0,33123690.0,5890
2023-05-09 22:44:50,rr2306,rr2306,3360.0,1.0,33600.0,-1.0,33,3360.0,3361.0,34,3361.0,3361.0,3363.0,3357.0,987.0,33157290.0,5889
2023-05-09 22:47:14,rr2306,rr2306,3360.0,0.0,0.0,0.0,33,3360.0,3361.0,33,3361.0,3361.0,3363.0,3357.0,987.0,33157290.0,5889
2023-05-09 22:50:31,rr2306,rr2306,3360.0,0.0,0.0,0.0,33,3360.0,3361.0,34,3361.0,3361.0,3363.0,3357.0,987.0,33157290.0,5889
2023-05-09 22:55:52,rr2306,rr2306,3360.0,0.0,0.0,0.0,30,3360.0,3361.0,34,3361.0,3361.0,3363.0,3357.0,987.0,33157290.0,5889
2023-05-09 22:57:16,rr2306,rr2306,3360.0,0.0,0.0,0.0,30,3360.0,3361.0,35,3361.0,3361.0,3363.0,3357.0,987.0,33157290.0,5889
2023-05-09 22:57:53,rr2306,rr2306,3360.0,0.0,0.0,0.0,30,3360.0,3361.0,34,3361.0,3361.0,3363.0,3357.0,987.0,33157290.0,5889
2023-05-09 22:58:23,rr2306,rr2306,3360.0,0.0,0.0,0.0,30,3360.0,3361.0,33,3361.0,3361.0,3363.0,3357.0,987.0,33157290.0,5889
2023-05-09 22:58:29,rr2306,rr2306,3360.0,0.0,0.0,0.0,30,3360.0,3361.0,34,3361.0,3361.0,3363.0,3357.0,987.0,33157290.0,5889
2023-05-09 22:58:34,rr2306,rr2306,3360.0,0.0,0.0,0.0,25,3360.0,3361.0,28,3361.0,3361.0,3363.0,3357.0,987.0,33157290.0,5889
2023-05-09 22:58:40,rr2306,rr2306,3361.0,3.0,100830.0,-1.0,25,3360.0,3361.0,25,3361.0,3361.0,3363.0,3357.0,990.0,33258120.0,5888
2023-05-09 22:58:40,rr2306,rr2306,3361.0,3.0,100830.0,0.0,22,3360.0,3361.0,22,3361.0,3361.0,3363.0,3357.0,993.0,33358950.0,5888
2023-05-09 22:58:40,rr2306,rr2306,3361.0,0.0,0.0,0.0,19,3360.0,3361.0,19,3361.0,3361.0,3363.0,3357.0,993.0,33358950.0,5888
2023-05-09 22:58:46,rr2306,rr2306,3361.0,3.0,100830.0,0.0,19,3360.0,3361.0,16,3361.0,3361.0,3363.0,3357.0,996.0,33459780.0,5888
2023-05-09 22:58:47,rr2306,rr2306,3361.0,0.0,0.0,0.0,19,3360.0,3361.0,10,3361.0,3361.0,3363.0,3357.0,996.0,33459780.0,5888
2023-05-09 22:58:49,rr2306,rr2306,3361.0,0.0,0.0,0.0,19,3360.0,3361.0,7,3361.0,3361.0,3363.0,3357.0,996.0,33459780.0,5888
2023-05-09 22:58:49,rr2306,rr2306,3361.0,0.0,0.0,0.0,19,3360.0,3362.0,20,3361.0,3361.0,3363.0,3357.0,996.0,33459780.0,5888
2023-05-09 22:58:50,rr2306,rr2306,3361.0,0.0,0.0,0.0,19,3360.0,3362.0,23,3361.0,3361.0,3363.0,3357.0,996.0,33459780.0,5888
2023-05-09 22:58:54,rr2306,rr2306,3361.0,0.0,0.0,0.0,16,3360.0,3362.0,23,3361.0,3361.0,3363.0,3357.0,996.0,33459780.0,5888
2023-05-09 22:58:55,rr2306,rr2306,3361.0,0.0,0.0,0.0,19,3360.0,3362.0,23,3361.0,3361.0,3363.0,3357.0,996.0,33459780.0,5888
2023-05-09 22:58:56,rr2306,rr2306,3361.0,0.0,0.0,0.0,19,3360.0,3362.0,26,3361.0,3361.0,3363.0,3357.0,996.0,33459780.0,5888
2023-05-09 22:59:00,rr2306,rr2306,3361.0,0.0,0.0,0.0,16,3360.0,3362.0,23,3361.0,3361.0,3363.0,3357.0,996.0,33459780.0,5888
2023-05-09 22:59:01,rr2306,rr2306,3361.0,0.0,0.0,0.0,19,3360.0,3362.0,23,3361.0,3361.0,3363.0,3357.0,996.0,33459780.0,5888
2023-05-09 22:59:09,rr2306,rr2306,3361.0,0.0,0.0,0.0,16,3360.0,3362.0,20,3361.0,3361.0,3363.0,3357.0,996.0,33459780.0,5888
2023-05-09 22:59:09,rr2306,rr2306,3361.0,0.0,0.0,0.0,19,3360.0,3362.0,23,3361.0,3361.0,3363.0,3357.0,996.0,33459780.0,5888
2023-05-09 22:59:10,rr2306,rr2306,3361.0,1.0,33610.0,-1.0,4,3361.0,3362.0,18,3361.0,3361.0,3363.0,3357.0,997.0,33493390.0,5887
2023-05-09 22:59:10,rr2306,rr2306,3361.0,0.0,0.0,0.0,7,3361.0,3362.0,18,3361.0,3361.0,3363.0,3357.0,997.0,33493390.0,5887
2023-05-09 22:59:13,rr2306,rr2306,3361.0,0.0,0.0,0.0,4,3361.0,3362.0,18,3361.0,3361.0,3363.0,3357.0,997.0,33493390.0,5887
2023-05-09 22:59:15,rr2306,rr2306,3362.0,3.0,100860.0,0.0,4,3361.0,3362.0,15,3361.0,3361.0,3363.0,3357.0,1000.0,33594250.0,5887
2023-05-09 22:59:36,rr2306,rr2306,3362.0,5.0,168100.0,-1.0,1,3361.0,3362.0,3,3361.0,3361.0,3363.0,3357.0,1005.0,33762350.0,5886
2023-05-09 22:59:36,rr2306,rr2306,3362.0,0.0,0.0,0.0,4,3361.0,3363.0,23,3361.0,3361.0,3363.0,3357.0,1005.0,33762350.0,5886
2023-05-09 22:59:37,rr2306,rr2306,3362.0,0.0,0.0,0.0,4,3361.0,3363.0,26,3361.0,3361.0,3363.0,3357.0,1005.0,33762350.0,5886
2023-05-09 22:59:39,rr2306,rr2306,3363.0,6.0,201780.0,-2.0,1,3361.0,3363.0,11,3361.0,3361.0,3363.0,3357.0,1011.0,33964130.0,5884
2023-05-09 22:59:40,rr2306,rr2306,3363.0,0.0,0.0,0.0,16,3360.0,3363.0,5,3361.0,3361.0,3363.0,3357.0,1011.0,33964130.0,5884
2023-05-09 22:59:40,rr2306,rr2306,3363.0,0.0,0.0,0.0,14,3360.0,3363.0,5,3361.0,3361.0,3363.0,3357.0,1011.0,33964130.0,5884
2023-05-09 22:59:41,rr2306,rr2306,3363.0,0.0,0.0,0.0,19,3360.0,3363.0,5,3361.0,3361.0,3363.0,3357.0,1011.0,33964130.0,5884
2023-05-09 22:59:41,rr2306,rr2306,3363.0,2.0,67260.0,0.0,16,3360.0,3363.0,3,3361.0,3361.0,3363.0,3357.0,1013.0,34031390.0,5884
2023-05-09 22:59:42,rr2306,rr2306,3363.0,0.0,0.0,0.0,11,3360.0,3363.0,3,3361.0,3361.0,3363.0,3357.0,1013.0,34031390.0,5884
2023-05-09 22:59:46,rr2306,rr2306,3363.0,0.0,0.0,0.0,17,3360.0,3363.0,3,3361.0,3361.0,3363.0,3357.0,1013.0,34031390.0,5884
2023-05-09 22:59:46,rr2306,rr2306,3363.0,0.0,0.0,0.0,22,3360.0,3363.0,3,3361.0,3361.0,3363.0,3357.0,1013.0,34031390.0,5884
2023-05-09 22:59:49,rr2306,rr2306,3363.0,0.0,0.0,0.0,19,3360.0,3363.0,3,3361.0,3361.0,3363.0,3357.0,1013.0,34031390.0,5884
2023-05-09 22:59:53,rr2306,rr2306,3363.0,0.0,0.0,0.0,18,3360.0,3363.0,9,3361.0,3361.0,3363.0,3357.0,1013.0,34031390.0,5884
2023-05-09 22:59:59,rr2306,rr2306,3363.0,0.0,0.0,0.0,15,3360.0,3363.0,9,3361.0,3361.0,3363.0,3357.0,1013.0,34031390.0,5884
2023-05-10 09:00:00,rr2306,rr2306,3363.0,1.0,33630.0,0.0,15,3360.0,3363.0,8,3361.0,3361.0,3363.0,3357.0,1014.0,34065020.0,5884
2023-05-10 09:00:00,rr2306,rr2306,3363.0,0.0,0.0,0.0,18,3360.0,3363.0,8,3361.0,3361.0,3363.0,3357.0,1014.0,34065020.0,5884
2023-05-10 09:00:01,rr2306,rr2306,3363.0,0.0,0.0,0.0,15,3360.0,3363.0,8,3361.0,3361.0,3363.0,3357.0,1014.0,34065020.0,5884
2023-05-10 09:00:01,rr2306,rr2306,3363.0,0.0,0.0,0.0,19,3360.0,3363.0,8,3361.0,3361.0,3363.0,3357.0,1014.0,34065020.0,5884
2023-05-10 09:00:02,rr2306,rr2306,3363.0,0.0,0.0,0.0,3,3361.0,3363.0,11,3361.0,3361.0,3363.0,3357.0,1014.0,34065020.0,5884
2023-05-10 09:00:04,rr2306,rr2306,3363.0,0.0,0.0,0.0,19,3360.0,3363.0,8,3361.0,3361.0,3363.0,3357.0,1014.0,34065020.0,5884
2023-05-10 09:00:07,rr2306,rr2306,3363.0,3.0,100890.0,-1.0,19,3360.0,3363.0,5,3361.0,3361.0,3363.0,3357.0,1017.0,34165910.0,5883
2023-05-10 09:00:07,rr2306,rr2306,3363.0,0.0,0.0,0.0,3,3361.0,3363.0,8,3361.0,3361.0,3363.0,3357.0,1017.0,34165910.0,5883
2023-05-10 09:00:10,rr2306,rr2306,3363.0,0.0,0.0,0.0,1,3361.0,3363.0,5,3361.0,3361.0,3363.0,3357.0,1017.0,34165910.0,5883
2023-05-10 09:00:13,rr2306,rr2306,3363.0,0.0,0.0,0.0,4,3361.0,3363.0,8,3361.0,3361.0,3363.0,3357.0,1017.0,34165910.0,5883
2023-05-10 09:00:16,rr2306,rr2306,3363.0,0.0,0.0,0.0,4,3361.0,3363.0,5,3361.0,3361.0,3363.0,3357.0,1017.0,34165910.0,5883
2023-05-10 09:00:33,rr2306,rr2306,3363.0,0.0,0.0,0.0,5,3361.0,3363.0,5,3361.0,3361.0,3363.0,3357.0,1017.0,34165910.0,5883
2023-05-10 09:00:37,rr2306,rr2306,3363.0,0.0,0.0,0.0,4,3361.0,3363.0,16,3361.0,3361.0,3363.0,3357.0,1017.0,34165910.0,5883
2023-05-10 09:00:38,rr2306,rr2306,3363.0,0.0,0.0,0.0,4,3361.0,3362.0,1,3361.0,3361.0,3363.0,3357.0,1017.0,34165910.0,5883
2023-05-10 09:01:11,rr2306,rr2306,3363.0,0.0,0.0,0.0,4,3361.0,3362.0,8,3361.0,3361.0,3363.0,3357.0,1017.0,34165910.0,5883
2023-05-10 09:01:11,rr2306,rr2306,3363.0,0.0,0.0,0.0,29,3360.0,3362.0,17,3361.0,3361.0,3363.0,3357.0,1017.0,34165910.0,5883
2023-05-10 09:01:12,rr2306,rr2306,3363.0,0.0,0.0,0.0,29,3360.0,3362.0,20,3361.0,3361.0,3363.0,3357.0,1017.0,34165910.0,5883
2023-05-10 09:01:12,rr2306,rr2306,3363.0,0.0,0.0,0.0,32,3360.0,3362.0,20,3361.0,3361.0,3363.0,3357.0,1017.0,34165910.0,5883
2023-05-10 09:01:33,rr2306,rr2306,3363.0,0.0,0.0,0.0,32,3360.0,3362.0,13,3361.0,3361.0,3363.0,3357.0,1017.0,34165910.0,5883
2023-05-10 09:01:34,rr2306,rr2306,3363.0,0.0,0.0,0.0,34,3360.0,3362.0,4,3361.0,3361.0,3363.0,3357.0,1017.0,34165910.0,5883
2023-05-10 09:02:07,rr2306,rr2306,3360.0,2.0,67200.0,-2.0,32,3360.0,3362.0,4,3361.0,3361.0,3363.0,3357.0,1019.0,34233110.0,5881
2023-05-10 09:02:15,rr2306,rr2306,3360.0,5.0,168000.0,-5.0,27,3360.0,3362.0,4,3361.0,3361.0,3363.0,3357.0,1024.0,34401110.0,5876
2023-05-10 09:02:32,rr2306,rr2306,3360.0,0.0,0.0,0.0,30,3360.0,3362.0,7,3361.0,3361.0,3363.0,3357.0,1024.0,34401110.0,5876
2023-05-10 09:02:39,rr2306,rr2306,3360.0,0.0,0.0,0.0,30,3360.0,3362.0,9,3361.0,3361.0,3363.0,3357.0,1024.0,34401110.0,5876
2023-05-10 09:02:40,rr2306,rr2306,3360.0,5.0,168000.0,-5.0,25,3360.0,3362.0,24,3361.0,3361.0,3363.0,3357.0,1029.0,34569110.0,5871
2023-05-10 09:02:42,rr2306,rr2306,3361.0,1.0,33610.0,-1.0,25,3360.0,3362.0,23,3361.0,3361.0,3363.0,3357.0,1030.0,34602720.0,5870
2023-05-10 09:02:44,rr2306,rr2306,3360.0,1.0,33600.0,-1.0,24,3360.0,3362.0,23,3361.0,3361.0,3363.0,3357.0,1031.0,34636320.0,5869
2023-05-10 09:02:45,rr2306,rr2306,3361.0,2.0,67220.0,-1.0,20,3360.0,3361.0,2,3361.0,3361.0,3363.0,3357.0,1033.0,34703540.0,5868
2023-05-10 09:02:45,rr2306,rr2306,3361.0,0.0,0.0,0.0,21,3360.0,3361.0,5,3361.0,3361.0,3363.0,3357.0,1033.0,34703540.0,5868
2023-05-10 09:03:10,rr2306,rr2306,3361.0,0.0,0.0,0.0,21,3360.0,3361.0,7,3361.0,3361.0,3363.0,3357.0,1033.0,34703540.0,5868
2023-05-10 09:03:25,rr2306,rr2306,3361.0,0.0,0.0,0.0,21,3360.0,3361.0,22,3361.0,3361.0,3363.0,3357.0,1033.0,34703540.0,5868
2023-05-10 09:03:25,rr2306,rr2306,3361.0,0.0,0.0,0.0,18,3360.0,3361.0,30,3361.0,3361.0,3363.0,3357.0,1033.0,34703540.0,5868
2023-05-10 09:03:42,rr2306,rr2306,3361.0,0.0,0.0,0.0,18,3360.0,3361.0,23,3361.0,3361.0,3363.0,3357.0,1033.0,34703540.0,5868
2023-05-10 09:03:42,rr2306,rr2306,3361.0,0.0,0.0,0.0,19,3360.0,3361.0,21,3361.0,3361.0,3363.0,3357.0,1033.0,34703540.0,5868
2023-05-10 09:03:45,rr2306,rr2306,3361.0,0.0,0.0,0.0,19,3360.0,3361.0,22,3361.0,3361.0,3363.0,3357.0,1033.0,34703540.0,5868
2023-05-10 09:03:46,rr2306,rr2306,3361.0,0.0,0.0,0.0,18,3360.0,3361.0,27,3361.0,3361.0,3363.0,3357.0,1033.0,34703540.0,5868
2023-05-10 09:03:46,rr2306,rr2306,3361.0,0.0,0.0,0.0,12,3360.0,3361.0,29,3361.0,3361.0,3363.0,3357.0,1033.0,34703540.0,5868
2023-05-10 09:03:47,rr2306,rr2306,3361.0,0.0,0.0,0.0,12,3360.0,3361.0,26,3361.0,3361.0,3363.0,3357.0,1033.0,34703540.0,5868
2023-05-10 09:03:50,rr2306,rr2306,3361.0,0.0,0.0,0.0,12,3360.0,3361.0,27,3361.0,3361.0,3363.0,3357.0,1033.0,34703540.0,5868
2023-05-10 09:03:54,rr2306,rr2306,3361.0,0.0,0.0,0.0,12,3360.0,3361.0,25,3361.0,3361.0,3363.0,3357.0,1033.0,34703540.0,5868
2023-05-10 09:03:55,rr2306,rr2306,3361.0,0.0,0.0,0.0,13,3360.0,3361.0,25,3361.0,3361.0,3363.0,3357.0,1033.0,34703540.0,5868
2023-05-10 09:03:55,rr2306,rr2306,3360.0,13.0,436800.0,-7.0,14,3359.0,3360.0,6,3361.0,3361.0,3363.0,3357.0,1046.0,35140340.0,5861
2023-05-10 09:03:56,rr2306,rr2306,3360.0,0.0,0.0,0.0,8,3359.0,3360.0,3,3361.0,3361.0,3363.0,3357.0,1046.0,35140340.0,5861
2023-05-10 09:03:56,rr2306,rr2306,3360.0,0.0,0.0,0.0,5,3359.0,3360.0,3,3361.0,3361.0,3363.0,3357.0,1046.0,35140340.0,5861
2023-05-10 09:03:59,rr2306,rr2306,3360.0,0.0,0.0,0.0,8,3359.0,3361.0,21,3361.0,3361.0,3363.0,3357.0,1046.0,35140340.0,5861
2023-05-10 09:03:59,rr2306,rr2306,3360.0,0.0,0.0,0.0,14,3359.0,3361.0,29,3361.0,3361.0,3363.0,3357.0,1046.0,35140340.0,5861
2023-05-10 09:04:00,rr2306,rr2306,3360.0,0.0,0.0,0.0,23,3359.0,3361.0,32,3361.0,3361.0,3363.0,3357.0,1046.0,35140340.0,5861
2023-05-10 09:04:32,rr2306,rr2306,3360.0,1.0,33600.0,0.0,20,3359.0,3360.0,1,3361.0,3361.0,3363.0,3357.0,1047.0,35173940.0,5861
2023-05-10 09:04:32,rr2306,rr2306,3360.0,0.0,0.0,0.0,20,3359.0,3360.0,4,3361.0,3361.0,3363.0,3357.0,1047.0,35173940.0,5861
2023-05-10 09:04:33,rr2306,rr2306,3360.0,0.0,0.0,0.0,23,3359.0,3360.0,6,3361.0,3361.0,3363.0,3357.0,1047.0,35173940.0,5861
2023-05-10 09:04:34,rr2306,rr2306,3360.0,1.0,33600.0,0.0,23,3359.0,3360.0,5,3361.0,3361.0,3363.0,3357.0,1048.0,35207540.0,5861
2023-05-10 09:04:37,rr2306,rr2306,3360.0,0.0,0.0,0.0,22,3359.0,3360.0,5,3361.0,3361.0,3363.0,3357.0,1048.0,35207540.0,5861
2023-05-10 09:04:37,rr2306,rr2306,3360.0,0.0,0.0,0.0,22,3359.0,3360.0,3,3361.0,3361.0,3363.0,3357.0,1048.0,35207540.0,5861
2023-05-10 09:04:40,rr2306,rr2306,3360.0,0.0,0.0,0.0,19,3359.0,3361.0,27,3361.0,3361.0,3363.0,3357.0,1048.0,35207540.0,5861
2023-05-10 09:04:40,rr2306,rr2306,3360.0,0.0,0.0,0.0,22,3359.0,3361.0,29,3361.0,3361.0,3363.0,3357.0,1048.0,35207540.0,5861
2023-05-10 09:04:41,rr2306,rr2306,3360.0,0.0,0.0,0.0,22,3359.0,3361.0,32,3361.0,3361.0,3363.0,3357.0,1048.0,35207540.0,5861
2023-05-10 09:04:53,rr2306,rr2306,3360.0,0.0,0.0,0.0,23,3359.0,3361.0,32,3361.0,3361.0,3363.0,3357.0,1048.0,35207540.0,5861
2023-05-10 09:04:53,rr2306,rr2306,3360.0,0.0,0.0,0.0,22,3359.0,3361.0,32,3361.0,3361.0,3363.0,3357.0,1048.0,35207540.0,5861
2023-05-10 09:05:09,rr2306,rr2306,3360.0,0.0,0.0,0.0,1,3360.0,3361.0,29,3361.0,3361.0,3363.0,3357.0,1048.0,35207540.0,5861
2023-05-10 09:05:09,rr2306,rr2306,3360.0,0.0,0.0,0.0,8,3360.0,3361.0,20,3361.0,3361.0,3363.0,3357.0,1048.0,35207540.0,5861
2023-05-10 09:05:10,rr2306,rr2306,3360.0,0.0,0.0,0.0,8,3360.0,3361.0,21,3361.0,3361.0,3363.0,3357.0,1048.0,35207540.0,5861
2023-05-10 09:05:15,rr2306,rr2306,3360.0,5.0,168000.0,-5.0,18,3359.0,3361.0,25,3361.0,3361.0,3363.0,3357.0,1053.0,35375540.0,5856
2023-05-10 09:05:16,rr2306,rr2306,3360.0,0.0,0.0,0.0,14,3359.0,3361.0,24,3361.0,3361.0,3363.0,3357.0,1053.0,35375540.0,5856
2023-05-10 09:05:16,rr2306,rr2306,3360.0,0.0,0.0,0.0,20,3359.0,3361.0,26,3361.0,3361.0,3363.0,3357.0,1053.0,35375540.0,5856
2023-05-10 09:05:18,rr2306,rr2306,3360.0,0.0,0.0,0.0,23,3359.0,3361.0,29,3361.0,3361.0,3363.0,3357.0,1053.0,35375540.0,5856
2023-05-10 09:06:15,rr2306,rr2306,3360.0,0.0,0.0,0.0,22,3359.0,3361.0,29,3361.0,3361.0,3363.0,3357.0,1053.0,35375540.0,5856
2023-05-10 09:06:15,rr2306,rr2306,3360.0,0.0,0.0,0.0,22,3359.0,3361.0,27,3361.0,3361.0,3363.0,3357.0,1053.0,35375540.0,5856
2023-05-10 09:06:47,rr2306,rr2306,3360.0,0.0,0.0,0.0,23,3359.0,3361.0,27,3361.0,3361.0,3363.0,3357.0,1053.0,35375540.0,5856
2023-05-10 09:06:48,rr2306,rr2306,3360.0,0.0,0.0,0.0,23,3359.0,3361.0,29,3361.0,3361.0,3363.0,3357.0,1053.0,35375540.0,5856
2023-05-10 09:08:13,rr2306,rr2306,3360.0,0.0,0.0,0.0,23,3359.0,3361.0,32,3361.0,3361.0,3363.0,3357.0,1053.0,35375540.0,5856
2023-05-10 09:08:19,rr2306,rr2306,3360.0,0.0,0.0,0.0,20,3359.0,3360.0,5,3361.0,3361.0,3363.0,3357.0,1053.0,35375540.0,5856
2023-05-10 09:08:20,rr2306,rr2306,3360.0,0.0,0.0,0.0,20,3359.0,3360.0,8,3361.0,3361.0,3363.0,3357.0,1053.0,35375540.0,5856
2023-05-10 09:08:20,rr2306,rr2306,3360.0,0.0,0.0,0.0,23,3359.0,3360.0,8,3361.0,3361.0,3363.0,3357.0,1053.0,35375540.0,5856
2023-05-10 09:08:30,rr2306,rr2306,3360.0,0.0,0.0,0.0,23,3359.0,3360.0,3,3361.0,3361.0,3363.0,3357.0,1053.0,35375540.0,5856
2023-05-10 09:08:32,rr2306,rr2306,3360.0,0.0,0.0,0.0,20,3359.0,3361.0,29,3361.0,3361.0,3363.0,3357.0,1053.0,35375540.0,5856
2023-05-10 09:08:32,rr2306,rr2306,3360.0,0.0,0.0,0.0,23,3359.0,3361.0,29,3361.0,3361.0,3363.0,3357.0,1053.0,35375540.0,5856
2023-05-10 09:08:33,rr2306,rr2306,3360.0,0.0,0.0,0.0,23,3359.0,3361.0,32,3361.0,3361.0,3363.0,3357.0,1053.0,35375540.0,5856
2023-05-10 09:11:59,rr2306,rr2306,3359.0,23.0,772570.0,11.0,30,3358.0,3359.0,28,3361.0,3361.0,3363.0,3357.0,1076.0,36148110.0,5867
2023-05-10 09:12:00,rr2306,rr2306,3359.0,0.0,0.0,0.0,36,3358.0,3359.0,37,3361.0,3361.0,3363.0,3357.0,1076.0,36148110.0,5867
2023-05-10 09:12:00,rr2306,rr2306,3359.0,0.0,0.0,0.0,39,3358.0,3359.0,37,3361.0,3361.0,3363.0,3357.0,1076.0,36148110.0,5867
2023-05-10 09:12:03,rr2306,rr2306,3359.0,0.0,0.0,0.0,39,3358.0,3359.0,34,3361.0,3361.0,3363.0,3357.0,1076.0,36148110.0,5867
2023-05-10 09:12:03,rr2306,rr2306,3359.0,0.0,0.0,0.0,39,3358.0,3359.0,37,3361.0,3361.0,3363.0,3357.0,1076.0,36148110.0,5867
2023-05-10 09:12:10,rr2306,rr2306,3359.0,0.0,0.0,0.0,42,3358.0,3359.0,37,3361.0,3361.0,3363.0,3357.0,1076.0,36148110.0,5867
2023-05-10 09:13:03,rr2306,rr2306,3359.0,0.0,0.0,0.0,45,3358.0,3359.0,40,3361.0,3361.0,3363.0,3357.0,1076.0,36148110.0,5867
2023-05-10 09:16:17,rr2306,rr2306,3359.0,0.0,0.0,0.0,44,3358.0,3359.0,40,3361.0,3361.0,3363.0,3357.0,1076.0,36148110.0,5867
2023-05-10 09:16:31,rr2306,rr2306,3359.0,0.0,0.0,0.0,45,3358.0,3359.0,40,3361.0,3361.0,3363.0,3357.0,1076.0,36148110.0,5867
2023-05-10 09:17:13,rr2306,rr2306,3359.0,0.0,0.0,0.0,44,3358.0,3359.0,40,3361.0,3361.0,3363.0,3357.0,1076.0,36148110.0,5867
2023-05-10 09:17:55,rr2306,rr2306,3359.0,0.0,0.0,0.0,45,3358.0,3359.0,40,3361.0,3361.0,3363.0,3357.0,1076.0,36148110.0,5867
2023-05-10 09:18:34,rr2306,rr2306,3359.0,0.0,0.0,0.0,47,3358.0,3359.0,40,3361.0,3361.0,3363.0,3357.0,1076.0,36148110.0,5867
2023-05-10 09:18:56,rr2306,rr2306,3359.0,0.0,0.0,0.0,46,3358.0,3359.0,40,3361.0,3361.0,3363.0,3357.0,1076.0,36148110.0,5867
2023-05-10 09:19:44,rr2306,rr2306,3359.0,2.0,67180.0,2.0,44,3358.0,3359.0,38,3361.0,3361.0,3363.0,3357.0,1078.0,36215290.0,5869
2023-05-10 09:21:34,rr2306,rr2306,3359.0,0.0,0.0,0.0,44,3358.0,3359.0,32,3361.0,3361.0,3363.0,3357.0,1078.0,36215290.0,5869
2023-05-10 09:21:36,rr2306,rr2306,3359.0,0.0,0.0,0.0,47,3358.0,3359.0,38,3361.0,3361.0,3363.0,3357.0,1078.0,36215290.0,5869
2023-05-10 09:22:17,rr2306,rr2306,3359.0,0.0,0.0,0.0,47,3358.0,3359.0,39,3361.0,3361.0,3363.0,3357.0,1078.0,36215290.0,5869
2023-05-10 09:22:17,rr2306,rr2306,3359.0,0.0,0.0,0.0,47,3358.0,3359.0,38,3361.0,3361.0,3363.0,3357.0,1078.0,36215290.0,5869
2023-05-10 09:22:48,rr2306,rr2306,3359.0,0.0,0.0,0.0,47,3358.0,3359.0,39,3361.0,3361.0,3363.0,3357.0,1078.0,36215290.0,5869
2023-05-10 09:22:49,rr2306,rr2306,3359.0,0.0,0.0,0.0,47,3358.0,3359.0,41,3361.0,3361.0,3363.0,3357.0,1078.0,36215290.0,5869
2023-05-10 09:23:35,rr2306,rr2306,3358.0,1.0,33580.0,-1.0,46,3358.0,3359.0,40,3361.0,3361.0,3363.0,3357.0,1079.0,36248870.0,5868
2023-05-10 09:23:36,rr2306,rr2306,3358.0,10.0,335800.0,-7.0,33,3358.0,3359.0,31,3361.0,3361.0,3363.0,3357.0,1089.0,36584670.0,5861
2023-05-10 09:23:36,rr2306,rr2306,3358.0,3.0,100740.0,0.0,30,3358.0,3359.0,35,3361.0,3361.0,3363.0,3357.0,1092.0,36685410.0,5861
2023-05-10 09:23:37,rr2306,rr2306,3358.0,0.0,0.0,0.0,30,3358.0,3359.0,34,3361.0,3361.0,3363.0,3357.0,1092.0,36685410.0,5861
2023-05-10 09:23:39,rr2306,rr2306,3358.0,0.0,0.0,0.0,33,3358.0,3359.0,34,3361.0,3361.0,3363.0,3357.0,1092.0,36685410.0,5861
2023-05-10 09:23:39,rr2306,rr2306,3358.0,0.0,0.0,0.0,30,3358.0,3359.0,34,3361.0,3361.0,3363.0,3357.0,1092.0,36685410.0,5861
2023-05-10 09:23:40,rr2306,rr2306,3358.0,0.0,0.0,0.0,33,3358.0,3359.0,34,3361.0,3361.0,3363.0,3357.0,1092.0,36685410.0,5861
2023-05-10 09:23:41,rr2306,rr2306,3358.0,0.0,0.0,0.0,30,3358.0,3359.0,34,3361.0,3361.0,3363.0,3357.0,1092.0,36685410.0,5861
2023-05-10 09:23:42,rr2306,rr2306,3358.0,0.0,0.0,0.0,33,3358.0,3359.0,34,3361.0,3361.0,3363.0,3357.0,1092.0,36685410.0,5861
2023-05-10 09:24:08,rr2306,rr2306,3358.0,0.0,0.0,0.0,34,3358.0,3359.0,34,3361.0,3361.0,3363.0,3357.0,1092.0,36685410.0,5861
2023-05-10 09:24:08,rr2306,rr2306,3358.0,0.0,0.0,0.0,34,3358.0,3359.0,33,3361.0,3361.0,3363.0,3357.0,1092.0,36685410.0,5861
2023-05-10 09:24:09,rr2306,rr2306,3358.0,0.0,0.0,0.0,34,3358.0,3359.0,32,3361.0,3361.0,3363.0,3357.0,1092.0,36685410.0,5861
2023-05-10 09:24:36,rr2306,rr2306,3358.0,0.0,0.0,0.0,33,3358.0,3359.0,32,3361.0,3361.0,3363.0,3357.0,1092.0,36685410.0,5861
2023-05-10 09:24:37,rr2306,rr2306,3358.0,0.0,0.0,0.0,33,3358.0,3359.0,34,3361.0,3361.0,3363.0,3357.0,1092.0,36685410.0,5861
2023-05-10 09:24:41,rr2306,rr2306,3358.0,0.0,0.0,0.0,33,3358.0,3359.0,35,3361.0,3361.0,3363.0,3357.0,1092.0,36685410.0,5861
2023-05-10 09:25:28,rr2306,rr2306,3358.0,0.0,0.0,0.0,33,3358.0,3359.0,36,3361.0,3361.0,3363.0,3357.0,1092.0,36685410.0,5861
2023-05-10 09:28:54,rr2306,rr2306,3358.0,0.0,0.0,0.0,32,3358.0,3359.0,36,3361.0,3361.0,3363.0,3357.0,1092.0,36685410.0,5861
2023-05-10 09:29:09,rr2306,rr2306,3358.0,0.0,0.0,0.0,29,3358.0,3359.0,33,3361.0,3361.0,3363.0,3357.0,1092.0,36685410.0,5861
2023-05-10 09:29:50,rr2306,rr2306,3358.0,0.0,0.0,0.0,30,3358.0,3359.0,33,3361.0,3361.0,3363.0,3357.0,1092.0,36685410.0,5861
2023-05-10 09:29:51,rr2306,rr2306,3358.0,0.0,0.0,0.0,29,3358.0,3359.0,33,3361.0,3361.0,3363.0,3357.0,1092.0,36685410.0,5861
2023-05-10 09:29:51,rr2306,rr2306,3358.0,0.0,0.0,0.0,29,3358.0,3359.0,32,3361.0,3361.0,3363.0,3357.0,1092.0,36685410.0,5861
2023-05-10 09:29:51,rr2306,rr2306,3358.0,0.0,0.0,0.0,29,3358.0,3359.0,33,3361.0,3361.0,3363.0,3357.0,1092.0,36685410.0,5861
2023-05-10 09:30:53,rr2306,rr2306,3358.0,0.0,0.0,0.0,29,3358.0,3359.0,32,3361.0,3361.0,3363.0,3357.0,1092.0,36685410.0,5861
2023-05-10 09:30:53,rr2306,rr2306,3358.0,1.0,33580.0,-1.0,28,3358.0,3359.0,32,3361.0,3361.0,3363.0,3357.0,1093.0,36718990.0,5860
2023-05-10 09:30:54,rr2306,rr2306,3358.0,0.0,0.0,0.0,28,3358.0,3359.0,31,3361.0,3361.0,3363.0,3357.0,1093.0,36718990.0,5860
2023-05-10 09:32:07,rr2306,rr2306,3358.0,0.0,0.0,0.0,31,3358.0,3359.0,34,3361.0,3361.0,3363.0,3357.0,1093.0,36718990.0,5860
2023-05-10 09:32:15,rr2306,rr2306,3358.0,0.0,0.0,0.0,31,3358.0,3359.0,35,3361.0,3361.0,3363.0,3357.0,1093.0,36718990.0,5860
2023-05-10 09:33:30,rr2306,rr2306,3358.0,0.0,0.0,0.0,31,3358.0,3359.0,40,3361.0,3361.0,3363.0,3357.0,1093.0,36718990.0,5860
2023-05-10 09:33:30,rr2306,rr2306,3358.0,1.0,33580.0,-1.0,30,3358.0,3359.0,40,3361.0,3361.0,3363.0,3357.0,1094.0,36752570.0,5859
2023-05-10 09:33:31,rr2306,rr2306,3358.0,0.0,0.0,0.0,30,3358.0,3359.0,37,3361.0,3361.0,3363.0,3357.0,1094.0,36752570.0,5859
2023-05-10 09:33:39,rr2306,rr2306,3358.0,0.0,0.0,0.0,30,3358.0,3359.0,38,3361.0,3361.0,3363.0,3357.0,1094.0,36752570.0,5859
2023-05-10 09:33:44,rr2306,rr2306,3358.0,0.0,0.0,0.0,30,3358.0,3359.0,36,3361.0,3361.0,3363.0,3357.0,1094.0,36752570.0,5859
2023-05-10 09:33:46,rr2306,rr2306,3358.0,0.0,0.0,0.0,30,3358.0,3359.0,39,3361.0,3361.0,3363.0,3357.0,1094.0,36752570.0,5859
2023-05-10 09:33:50,rr2306,rr2306,3358.0,0.0,0.0,0.0,30,3358.0,3359.0,35,3361.0,3361.0,3363.0,3357.0,1094.0,36752570.0,5859
2023-05-10 09:36:42,rr2306,rr2306,3358.0,0.0,0.0,0.0,30,3358.0,3359.0,37,3361.0,3361.0,3363.0,3357.0,1094.0,36752570.0,5859
2023-05-10 09:36:49,rr2306,rr2306,3358.0,0.0,0.0,0.0,30,3358.0,3359.0,36,3361.0,3361.0,3363.0,3357.0,1094.0,36752570.0,5859
2023-05-10 09:36:51,rr2306,rr2306,3358.0,0.0,0.0,0.0,30,3358.0,3359.0,35,3361.0,3361.0,3363.0,3357.0,1094.0,36752570.0,5859
2023-05-10 09:36:53,rr2306,rr2306,3358.0,0.0,0.0,0.0,30,3358.0,3359.0,36,3361.0,3361.0,3363.0,3357.0,1094.0,36752570.0,5859
2023-05-10 09:37:19,rr2306,rr2306,3358.0,0.0,0.0,0.0,30,3358.0,3359.0,40,3361.0,3361.0,3363.0,3357.0,1094.0,36752570.0,5859
2023-05-10 09:37:25,rr2306,rr2306,3358.0,0.0,0.0,0.0,30,3358.0,3359.0,39,3361.0,3361.0,3363.0,3357.0,1094.0,36752570.0,5859
2023-05-10 09:37:42,rr2306,rr2306,3358.0,0.0,0.0,0.0,30,3358.0,3359.0,38,3361.0,3361.0,3363.0,3357.0,1094.0,36752570.0,5859
2023-05-10 09:37:44,rr2306,rr2306,3358.0,0.0,0.0,0.0,30,3358.0,3359.0,37,3361.0,3361.0,3363.0,3357.0,1094.0,36752570.0,5859
2023-05-10 09:37:59,rr2306,rr2306,3358.0,1.0,33580.0,-1.0,29,3358.0,3359.0,35,3361.0,3361.0,3363.0,3357.0,1095.0,36786150.0,5858
2023-05-10 09:37:59,rr2306,rr2306,3358.0,0.0,0.0,0.0,29,3358.0,3359.0,36,3361.0,3361.0,3363.0,3357.0,1095.0,36786150.0,5858
2023-05-10 09:38:00,rr2306,rr2306,3358.0,0.0,0.0,0.0,29,3358.0,3359.0,34,3361.0,3361.0,3363.0,3357.0,1095.0,36786150.0,5858
2023-05-10 09:41:09,rr2306,rr2306,3358.0,0.0,0.0,0.0,29,3358.0,3359.0,35,3361.0,3361.0,3363.0,3357.0,1095.0,36786150.0,5858
2023-05-10 09:42:49,rr2306,rr2306,3358.0,0.0,0.0,0.0,26,3358.0,3359.0,32,3361.0,3361.0,3363.0,3357.0,1095.0,36786150.0,5858
2023-05-10 09:42:50,rr2306,rr2306,3358.0,0.0,0.0,0.0,29,3358.0,3359.0,35,3361.0,3361.0,3363.0,3357.0,1095.0,36786150.0,5858
2023-05-10 09:42:56,rr2306,rr2306,3358.0,0.0,0.0,0.0,26,3358.0,3359.0,32,3361.0,3361.0,3363.0,3357.0,1095.0,36786150.0,5858
2023-05-10 09:42:58,rr2306,rr2306,3358.0,0.0,0.0,0.0,26,3358.0,3359.0,35,3361.0,3361.0,3363.0,3357.0,1095.0,36786150.0,5858
2023-05-10 09:51:40,rr2306,rr2306,3358.0,0.0,0.0,0.0,26,3358.0,3359.0,40,3361.0,3361.0,3363.0,3357.0,1095.0,36786150.0,5858
2023-05-10 09:51:44,rr2306,rr2306,3358.0,0.0,0.0,0.0,26,3358.0,3359.0,35,3361.0,3361.0,3363.0,3357.0,1095.0,36786150.0,5858
2023-05-10 09:51:52,rr2306,rr2306,3358.0,0.0,0.0,0.0,26,3358.0,3359.0,40,3361.0,3361.0,3363.0,3357.0,1095.0,36786150.0,5858
2023-05-10 09:52:11,rr2306,rr2306,3358.0,4.0,134320.0,-4.0,22,3358.0,3359.0,36,3361.0,3361.0,3363.0,3357.0,1099.0,36920470.0,5854
2023-05-10 09:52:11,rr2306,rr2306,3358.0,1.0,33580.0,0.0,21,3358.0,3359.0,36,3361.0,3361.0,3363.0,3357.0,1100.0,36954050.0,5854
2023-05-10 09:52:26,rr2306,rr2306,3358.0,0.0,0.0,0.0,24,3358.0,3359.0,36,3361.0,3361.0,3363.0,3357.0,1100.0,36954050.0,5854
2023-05-10 09:52:27,rr2306,rr2306,3358.0,0.0,0.0,0.0,21,3358.0,3359.0,36,3361.0,3361.0,3363.0,3357.0,1100.0,36954050.0,5854
2023-05-10 09:52:31,rr2306,rr2306,3358.0,13.0,436540.0,-5.0,40,3357.0,3358.0,4,3361.0,3361.0,3363.0,3357.0,1113.0,37390590.0,5849
2023-05-10 09:52:31,rr2306,rr2306,3358.0,0.0,0.0,0.0,49,3357.0,3358.0,12,3361.0,3361.0,3363.0,3357.0,1113.0,37390590.0,5849
2023-05-10 09:52:32,rr2306,rr2306,3358.0,0.0,0.0,0.0,52,3357.0,3358.0,22,3361.0,3361.0,3363.0,3357.0,1113.0,37390590.0,5849
2023-05-10 09:52:32,rr2306,rr2306,3358.0,0.0,0.0,0.0,52,3357.0,3358.0,24,3361.0,3361.0,3363.0,3357.0,1113.0,37390590.0,5849
2023-05-10 09:52:33,rr2306,rr2306,3358.0,0.0,0.0,0.0,55,3357.0,3358.0,24,3361.0,3361.0,3363.0,3357.0,1113.0,37390590.0,5849
2023-05-10 09:52:34,rr2306,rr2306,3358.0,0.0,0.0,0.0,55,3357.0,3358.0,21,3361.0,3361.0,3363.0,3357.0,1113.0,37390590.0,5849
2023-05-10 09:52:35,rr2306,rr2306,3358.0,0.0,0.0,0.0,55,3357.0,3358.0,24,3361.0,3361.0,3363.0,3357.0,1113.0,37390590.0,5849
2023-05-10 09:52:41,rr2306,rr2306,3358.0,0.0,0.0,0.0,58,3357.0,3358.0,24,3361.0,3361.0,3363.0,3357.0,1113.0,37390590.0,5849
2023-05-10 09:52:46,rr2306,rr2306,3358.0,0.0,0.0,0.0,58,3357.0,3358.0,30,3361.0,3361.0,3363.0,3357.0,1113.0,37390590.0,5849
2023-05-10 09:52:46,rr2306,rr2306,3357.0,1.0,33570.0,-1.0,57,3357.0,3358.0,30,3361.0,3361.0,3363.0,3357.0,1114.0,37424160.0,5848
2023-05-10 09:52:49,rr2306,rr2306,3357.0,0.0,0.0,0.0,57,3357.0,3358.0,29,3361.0,3361.0,3363.0,3357.0,1114.0,37424160.0,5848
2023-05-10 09:52:49,rr2306,rr2306,3357.0,1.0,33570.0,-1.0,56,3357.0,3358.0,28,3361.0,3361.0,3363.0,3357.0,1115.0,37457730.0,5847
2023-05-10 09:52:49,rr2306,rr2306,3357.0,0.0,0.0,0.0,56,3357.0,3358.0,30,3361.0,3361.0,3363.0,3357.0,1115.0,37457730.0,5847
2023-05-10 09:52:58,rr2306,rr2306,3357.0,5.0,167850.0,-5.0,51,3357.0,3358.0,25,3361.0,3361.0,3363.0,3357.0,1120.0,37625580.0,5842
2023-05-10 09:52:59,rr2306,rr2306,3357.0,0.0,0.0,0.0,51,3357.0,3358.0,24,3361.0,3361.0,3363.0,3357.0,1120.0,37625580.0,5842
2023-05-10 09:53:38,rr2306,rr2306,3357.0,0.0,0.0,0.0,48,3357.0,3358.0,24,3361.0,3361.0,3363.0,3357.0,1120.0,37625580.0,5842
2023-05-10 09:53:39,rr2306,rr2306,3357.0,0.0,0.0,0.0,51,3357.0,3358.0,24,3361.0,3361.0,3363.0,3357.0,1120.0,37625580.0,5842
2023-05-10 09:53:49,rr2306,rr2306,3357.0,0.0,0.0,0.0,52,3357.0,3358.0,24,3361.0,3361.0,3363.0,3357.0,1120.0,37625580.0,5842
2023-05-10 09:54:10,rr2306,rr2306,3357.0,0.0,0.0,0.0,51,3357.0,3358.0,24,3361.0,3361.0,3363.0,3357.0,1120.0,37625580.0,5842
2023-05-10 09:54:10,rr2306,rr2306,3357.0,0.0,0.0,0.0,51,3357.0,3358.0,21,3361.0,3361.0,3363.0,3357.0,1120.0,37625580.0,5842
2023-05-10 09:54:11,rr2306,rr2306,3357.0,0.0,0.0,0.0,51,3357.0,3358.0,24,3361.0,3361.0,3363.0,3357.0,1120.0,37625580.0,5842
2023-05-10 09:54:19,rr2306,rr2306,3357.0,0.0,0.0,0.0,48,3357.0,3358.0,21,3361.0,3361.0,3363.0,3357.0,1120.0,37625580.0,5842
2023-05-10 09:54:19,rr2306,rr2306,3357.0,0.0,0.0,0.0,51,3357.0,3358.0,24,3361.0,3361.0,3363.0,3357.0,1120.0,37625580.0,5842
2023-05-10 09:54:29,rr2306,rr2306,3357.0,0.0,0.0,0.0,48,3357.0,3358.0,24,3361.0,3361.0,3363.0,3357.0,1120.0,37625580.0,5842
2023-05-10 09:54:31,rr2306,rr2306,3357.0,0.0,0.0,0.0,52,3357.0,3358.0,24,3361.0,3361.0,3363.0,3357.0,1120.0,37625580.0,5842
2023-05-10 09:54:36,rr2306,rr2306,3357.0,0.0,0.0,0.0,51,3357.0,3358.0,24,3361.0,3361.0,3363.0,3357.0,1120.0,37625580.0,5842
2023-05-10 09:54:44,rr2306,rr2306,3357.0,0.0,0.0,0.0,50,3357.0,3358.0,24,3361.0,3361.0,3363.0,3357.0,1120.0,37625580.0,5842
2023-05-10 09:55:52,rr2306,rr2306,3357.0,0.0,0.0,0.0,51,3357.0,3358.0,21,3361.0,3361.0,3363.0,3357.0,1120.0,37625580.0,5842
2023-05-10 09:55:54,rr2306,rr2306,3357.0,0.0,0.0,0.0,51,3357.0,3358.0,24,3361.0,3361.0,3363.0,3357.0,1120.0,37625580.0,5842
2023-05-10 09:56:40,rr2306,rr2306,3357.0,0.0,0.0,0.0,50,3357.0,3358.0,24,3361.0,3361.0,3363.0,3357.0,1120.0,37625580.0,5842
2023-05-10 09:56:40,rr2306,rr2306,3357.0,0.0,0.0,0.0,50,3357.0,3358.0,21,3361.0,3361.0,3363.0,3357.0,1120.0,37625580.0,5842
2023-05-10 09:56:41,rr2306,rr2306,3357.0,0.0,0.0,0.0,50,3357.0,3358.0,24,3361.0,3361.0,3363.0,3357.0,1120.0,37625580.0,5842
2023-05-10 09:57:38,rr2306,rr2306,3357.0,0.0,0.0,0.0,50,3357.0,3358.0,27,3361.0,3361.0,3363.0,3357.0,1120.0,37625580.0,5842
2023-05-10 09:57:58,rr2306,rr2306,3357.0,0.0,0.0,0.0,50,3357.0,3358.0,24,3361.0,3361.0,3363.0,3357.0,1120.0,37625580.0,5842
2023-05-10 09:57:59,rr2306,rr2306,3357.0,0.0,0.0,0.0,50,3357.0,3358.0,27,3361.0,3361.0,3363.0,3357.0,1120.0,37625580.0,5842
2023-05-10 09:58:44,rr2306,rr2306,3357.0,0.0,0.0,0.0,48,3357.0,3358.0,27,3361.0,3361.0,3363.0,3357.0,1120.0,37625580.0,5842
2023-05-10 09:58:45,rr2306,rr2306,3357.0,0.0,0.0,0.0,51,3357.0,3358.0,27,3361.0,3361.0,3363.0,3357.0,1120.0,37625580.0,5842
2023-05-10 09:59:39,rr2306,rr2306,3357.0,0.0,0.0,0.0,50,3357.0,3358.0,28,3361.0,3361.0,3363.0,3357.0,1120.0,37625580.0,5842
2023-05-10 09:59:46,rr2306,rr2306,3357.0,0.0,0.0,0.0,51,3357.0,3358.0,27,3361.0,3361.0,3363.0,3357.0,1120.0,37625580.0,5842
2023-05-10 09:59:47,rr2306,rr2306,3357.0,0.0,0.0,0.0,50,3357.0,3358.0,27,3361.0,3361.0,3363.0,3357.0,1120.0,37625580.0,5842
2023-05-10 10:00:21,rr2306,rr2306,3357.0,0.0,0.0,0.0,50,3357.0,3358.0,24,3361.0,3361.0,3363.0,3357.0,1120.0,37625580.0,5842
2023-05-10 10:00:22,rr2306,rr2306,3357.0,0.0,0.0,0.0,50,3357.0,3358.0,27,3361.0,3361.0,3363.0,3357.0,1120.0,37625580.0,5842
2023-05-10 10:01:02,rr2306,rr2306,3357.0,0.0,0.0,0.0,48,3357.0,3358.0,27,3361.0,3361.0,3363.0,3357.0,1120.0,37625580.0,5842
2023-05-10 10:01:02,rr2306,rr2306,3357.0,0.0,0.0,0.0,51,3357.0,3358.0,28,3361.0,3361.0,3363.0,3357.0,1120.0,37625580.0,5842
2023-05-10 10:02:32,rr2306,rr2306,3357.0,0.0,0.0,0.0,48,3357.0,3358.0,28,3361.0,3361.0,3363.0,3357.0,1120.0,37625580.0,5842
2023-05-10 10:02:32,rr2306,rr2306,3357.0,0.0,0.0,0.0,51,3357.0,3358.0,28,3361.0,3361.0,3363.0,3357.0,1120.0,37625580.0,5842
2023-05-10 10:03:07,rr2306,rr2306,3357.0,1.0,33570.0,-1.0,50,3357.0,3358.0,28,3361.0,3361.0,3363.0,3357.0,1121.0,37659150.0,5841
2023-05-10 10:03:26,rr2306,rr2306,3357.0,0.0,0.0,0.0,49,3357.0,3358.0,29,3361.0,3361.0,3363.0,3357.0,1121.0,37659150.0,5841
2023-05-10 10:03:35,rr2306,rr2306,3357.0,0.0,0.0,0.0,49,3357.0,3358.0,26,3361.0,3361.0,3363.0,3357.0,1121.0,37659150.0,5841
2023-05-10 10:03:36,rr2306,rr2306,3357.0,0.0,0.0,0.0,49,3357.0,3358.0,29,3361.0,3361.0,3363.0,3357.0,1121.0,37659150.0,5841
2023-05-10 10:03:43,rr2306,rr2306,3357.0,0.0,0.0,0.0,50,3357.0,3358.0,29,3361.0,3361.0,3363.0,3357.0,1121.0,37659150.0,5841
2023-05-10 10:03:43,rr2306,rr2306,3357.0,0.0,0.0,0.0,47,3357.0,3358.0,29,3361.0,3361.0,3363.0,3357.0,1121.0,37659150.0,5841
2023-05-10 10:03:44,rr2306,rr2306,3357.0,0.0,0.0,0.0,50,3357.0,3358.0,29,3361.0,3361.0,3363.0,3357.0,1121.0,37659150.0,5841
2023-05-10 10:04:48,rr2306,rr2306,3357.0,0.0,0.0,0.0,49,3357.0,3358.0,29,3361.0,3361.0,3363.0,3357.0,1121.0,37659150.0,5841
2023-05-10 10:05:29,rr2306,rr2306,3357.0,5.0,167850.0,0.0,44,3357.0,3358.0,29,3361.0,3361.0,3363.0,3357.0,1126.0,37827000.0,5841
2023-05-10 10:06:58,rr2306,rr2306,3357.0,0.0,0.0,0.0,44,3357.0,3358.0,28,3361.0,3361.0,3363.0,3357.0,1126.0,37827000.0,5841
2023-05-10 10:07:43,rr2306,rr2306,3357.0,0.0,0.0,0.0,44,3357.0,3358.0,34,3361.0,3361.0,3363.0,3357.0,1126.0,37827000.0,5841
2023-05-10 10:08:36,rr2306,rr2306,3357.0,0.0,0.0,0.0,41,3357.0,3358.0,25,3361.0,3361.0,3363.0,3357.0,1126.0,37827000.0,5841
2023-05-10 10:08:37,rr2306,rr2306,3357.0,0.0,0.0,0.0,44,3357.0,3358.0,28,3361.0,3361.0,3363.0,3357.0,1126.0,37827000.0,5841
2023-05-10 10:12:00,rr2306,rr2306,3357.0,0.0,0.0,0.0,44,3357.0,3358.0,29,3361.0,3361.0,3363.0,3357.0,1126.0,37827000.0,5841
2023-05-10 10:12:01,rr2306,rr2306,3357.0,0.0,0.0,0.0,44,3357.0,3358.0,43,3361.0,3361.0,3363.0,3357.0,1126.0,37827000.0,5841
2023-05-10 10:12:03,rr2306,rr2306,3357.0,15.0,503550.0,-15.0,26,3357.0,3358.0,43,3361.0,3361.0,3363.0,3357.0,1141.0,38330550.0,5826
2023-05-10 10:12:03,rr2306,rr2306,3357.0,0.0,0.0,0.0,23,3357.0,3358.0,46,3361.0,3361.0,3363.0,3357.0,1141.0,38330550.0,5826
2023-05-10 10:12:07,rr2306,rr2306,3357.0,0.0,0.0,0.0,26,3357.0,3358.0,46,3361.0,3361.0,3363.0,3357.0,1141.0,38330550.0,5826
2023-05-10 10:13:38,rr2306,rr2306,3357.0,0.0,0.0,0.0,23,3357.0,3358.0,43,3361.0,3361.0,3363.0,3357.0,1141.0,38330550.0,5826
2023-05-10 10:13:43,rr2306,rr2306,3357.0,24.0,805680.0,-5.0,40,3356.0,3357.0,6,3361.0,3361.0,3363.0,3357.0,1165.0,39136230.0,5821
2023-05-10 10:13:43,rr2306,rr2306,3357.0,0.0,0.0,0.0,49,3356.0,3357.0,12,3361.0,3361.0,3363.0,3357.0,1165.0,39136230.0,5821
2023-05-10 10:13:44,rr2306,rr2306,3357.0,0.0,0.0,0.0,52,3356.0,3357.0,24,3361.0,3361.0,3363.0,3357.0,1165.0,39136230.0,5821
2023-05-10 10:13:45,rr2306,rr2306,3357.0,0.0,0.0,0.0,55,3356.0,3357.0,24,3361.0,3361.0,3363.0,3357.0,1165.0,39136230.0,5821
2023-05-10 10:13:49,rr2306,rr2306,3357.0,0.0,0.0,0.0,58,3356.0,3357.0,27,3361.0,3361.0,3363.0,3357.0,1165.0,39136230.0,5821
2023-05-10 10:14:40,rr2306,rr2306,3357.0,0.0,0.0,0.0,55,3356.0,3357.0,24,3361.0,3361.0,3363.0,3357.0,1165.0,39136230.0,5821
2023-05-10 10:14:40,rr2306,rr2306,3357.0,0.0,0.0,0.0,52,3356.0,3357.0,23,3361.0,3361.0,3363.0,3357.0,1165.0,39136230.0,5821
2023-05-10 10:14:47,rr2306,rr2306,3357.0,0.0,0.0,0.0,49,3356.0,3357.0,20,3361.0,3361.0,3363.0,3357.0,1165.0,39136230.0,5821
2023-05-10 10:14:52,rr2306,rr2306,3357.0,0.0,0.0,0.0,46,3356.0,3357.0,18,3361.0,3361.0,3363.0,3357.0,1165.0,39136230.0,5821
2023-05-10 10:14:54,rr2306,rr2306,3357.0,0.0,0.0,0.0,43,3356.0,3357.0,15,3361.0,3361.0,3363.0,3357.0,1165.0,39136230.0,5821
2023-05-10 10:14:58,rr2306,rr2306,3357.0,0.0,0.0,0.0,40,3356.0,3357.0,6,3361.0,3361.0,3363.0,3357.0,1165.0,39136230.0,5821
2023-05-10 10:15:00,rr2306,rr2306,3357.0,0.0,0.0,0.0,39,3356.0,3357.0,4,3361.0,3361.0,3363.0,3357.0,1165.0,39136230.0,5821
2023-05-10 10:30:00,rr2306,rr2306,3357.0,0.0,0.0,0.0,46,3356.0,3357.0,7,3361.0,3361.0,3363.0,3357.0,1165.0,39136230.0,5821
2023-05-10 10:30:06,rr2306,rr2306,3357.0,0.0,0.0,0.0,43,3356.0,3357.0,7,3361.0,3361.0,3363.0,3357.0,1165.0,39136230.0,5821
2023-05-10 10:30:06,rr2306,rr2306,3357.0,0.0,0.0,0.0,43,3356.0,3357.0,12,3361.0,3361.0,3363.0,3357.0,1165.0,39136230.0,5821
2023-05-10 10:30:07,rr2306,rr2306,3357.0,0.0,0.0,0.0,46,3356.0,3357.0,18,3361.0,3361.0,3363.0,3357.0,1165.0,39136230.0,5821
2023-05-10 10:30:24,rr2306,rr2306,3357.0,0.0,0.0,0.0,52,3356.0,3357.0,23,3361.0,3361.0,3363.0,3357.0,1165.0,39136230.0,5821
2023-05-10 10:31:03,rr2306,rr2306,3357.0,0.0,0.0,0.0,52,3356.0,3357.0,26,3361.0,3361.0,3363.0,3357.0,1165.0,39136230.0,5821
2023-05-10 10:31:03,rr2306,rr2306,3357.0,0.0,0.0,0.0,55,3356.0,3357.0,27,3361.0,3361.0,3363.0,3357.0,1165.0,39136230.0,5821
2023-05-10 10:32:27,rr2306,rr2306,3357.0,1.0,33570.0,0.0,55,3356.0,3357.0,27,3361.0,3361.0,3363.0,3357.0,1166.0,39169800.0,5821
2023-05-10 10:32:56,rr2306,rr2306,3357.0,1.0,33570.0,0.0,55,3356.0,3357.0,26,3361.0,3361.0,3363.0,3357.0,1167.0,39203370.0,5821
2023-05-10 10:32:59,rr2306,rr2306,3357.0,0.0,0.0,0.0,55,3356.0,3357.0,24,3361.0,3361.0,3363.0,3357.0,1167.0,39203370.0,5821
2023-05-10 10:33:49,rr2306,rr2306,3357.0,0.0,0.0,0.0,54,3356.0,3357.0,24,3361.0,3361.0,3363.0,3357.0,1167.0,39203370.0,5821
2023-05-10 10:33:50,rr2306,rr2306,3357.0,0.0,0.0,0.0,54,3356.0,3357.0,26,3361.0,3361.0,3363.0,3357.0,1167.0,39203370.0,5821
2023-05-10 10:33:58,rr2306,rr2306,3357.0,0.0,0.0,0.0,55,3356.0,3357.0,26,3361.0,3361.0,3363.0,3357.0,1167.0,39203370.0,5821
2023-05-10 10:33:59,rr2306,rr2306,3357.0,0.0,0.0,0.0,55,3356.0,3357.0,24,3361.0,3361.0,3363.0,3357.0,1167.0,39203370.0,5821
2023-05-10 10:34:20,rr2306,rr2306,3357.0,0.0,0.0,0.0,54,3356.0,3357.0,24,3361.0,3361.0,3363.0,3357.0,1167.0,39203370.0,5821
2023-05-10 10:34:22,rr2306,rr2306,3357.0,0.0,0.0,0.0,55,3356.0,3357.0,24,3361.0,3361.0,3363.0,3357.0,1167.0,39203370.0,5821
2023-05-10 10:37:08,rr2306,rr2306,3357.0,0.0,0.0,0.0,58,3356.0,3357.0,27,3361.0,3361.0,3363.0,3357.0,1167.0,39203370.0,5821
2023-05-10 10:39:09,rr2306,rr2306,3357.0,0.0,0.0,0.0,57,3356.0,3357.0,27,3361.0,3361.0,3363.0,3357.0,1167.0,39203370.0,5821
2023-05-10 10:39:10,rr2306,rr2306,3357.0,0.0,0.0,0.0,57,3356.0,3357.0,28,3361.0,3361.0,3363.0,3357.0,1167.0,39203370.0,5821
2023-05-10 10:39:10,rr2306,rr2306,3357.0,0.0,0.0,0.0,57,3356.0,3357.0,30,3361.0,3361.0,3363.0,3357.0,1167.0,39203370.0,5821
2023-05-10 10:44:27,rr2306,rr2306,3357.0,0.0,0.0,0.0,57,3356.0,3357.0,31,3361.0,3361.0,3363.0,3357.0,1167.0,39203370.0,5821
2023-05-10 10:46:04,rr2306,rr2306,3357.0,0.0,0.0,0.0,57,3356.0,3357.0,35,3361.0,3361.0,3363.0,3357.0,1167.0,39203370.0,5821
2023-05-10 10:48:23,rr2306,rr2306,3356.0,1.0,33560.0,-1.0,56,3356.0,3357.0,35,3361.0,3361.0,3363.0,3356.0,1168.0,39236930.0,5820
2023-05-10 10:48:23,rr2306,rr2306,3356.0,3.0,100680.0,-3.0,53,3356.0,3357.0,32,3361.0,3361.0,3363.0,3356.0,1171.0,39337610.0,5817
2023-05-10 10:50:45,rr2306,rr2306,3356.0,48.0,1610880.0,-9.0,41,3355.0,3356.0,5,3361.0,3361.0,3363.0,3356.0,1219.0,40948490.0,5808
2023-05-10 10:50:46,rr2306,rr2306,3356.0,0.0,0.0,0.0,44,3355.0,3356.0,8,3361.0,3361.0,3363.0,3356.0,1219.0,40948490.0,5808
2023-05-10 10:50:47,rr2306,rr2306,3356.0,0.0,0.0,0.0,44,3355.0,3356.0,48,3361.0,3361.0,3363.0,3356.0,1219.0,40948490.0,5808
2023-05-10 10:50:47,rr2306,rr2306,3356.0,0.0,0.0,0.0,44,3355.0,3356.0,54,3361.0,3361.0,3363.0,3356.0,1219.0,40948490.0,5808
2023-05-10 10:50:48,rr2306,rr2306,3356.0,0.0,0.0,0.0,44,3355.0,3356.0,24,3361.0,3361.0,3363.0,3356.0,1219.0,40948490.0,5808
2023-05-10 10:50:49,rr2306,rr2306,3356.0,0.0,0.0,0.0,47,3355.0,3356.0,21,3361.0,3361.0,3363.0,3356.0,1219.0,40948490.0,5808
2023-05-10 10:50:52,rr2306,rr2306,3355.0,1.0,33550.0,0.0,46,3355.0,3356.0,21,3361.0,3361.0,3363.0,3355.0,1220.0,40982040.0,5808
2023-05-10 10:50:55,rr2306,rr2306,3355.0,5.0,167750.0,0.0,41,3355.0,3356.0,21,3361.0,3361.0,3363.0,3355.0,1225.0,41149790.0,5808
2023-05-10 10:50:56,rr2306,rr2306,3355.0,5.0,167750.0,0.0,36,3355.0,3356.0,21,3361.0,3361.0,3363.0,3355.0,1230.0,41317540.0,5808
2023-05-10 10:50:57,rr2306,rr2306,3355.0,5.0,167750.0,0.0,31,3355.0,3356.0,21,3361.0,3361.0,3363.0,3355.0,1235.0,41485290.0,5808
2023-05-10 10:50:57,rr2306,rr2306,3355.0,0.0,0.0,0.0,28,3355.0,3356.0,21,3361.0,3361.0,3363.0,3355.0,1235.0,41485290.0,5808
2023-05-10 10:50:59,rr2306,rr2306,3355.0,5.0,167750.0,1.0,23,3355.0,3356.0,21,3361.0,3361.0,3363.0,3355.0,1240.0,41653040.0,5809
2023-05-10 10:51:00,rr2306,rr2306,3355.0,20.0,671000.0,-8.0,6,3355.0,3356.0,12,3361.0,3361.0,3363.0,3355.0,1260.0,42324040.0,5801
2023-05-10 10:51:00,rr2306,rr2306,3354.0,6.0,201270.0,-2.0,13,3354.0,3355.0,6,3361.0,3361.0,3363.0,3354.0,1266.0,42525310.0,5799
2023-05-10 10:51:01,rr2306,rr2306,3354.0,3.0,100620.0,-1.0,20,3353.0,3355.0,17,3361.0,3361.0,3363.0,3354.0,1269.0,42625930.0,5798
2023-05-10 10:51:01,rr2306,rr2306,3354.0,0.0,0.0,0.0,14,3353.0,3355.0,24,3361.0,3361.0,3363.0,3354.0,1269.0,42625930.0,5798
2023-05-10 10:51:02,rr2306,rr2306,3354.0,0.0,0.0,0.0,20,3353.0,3355.0,24,3361.0,3361.0,3363.0,3354.0,1269.0,42625930.0,5798
2023-05-10 10:51:02,rr2306,rr2306,3354.0,0.0,0.0,0.0,23,3353.0,3355.0,30,3361.0,3361.0,3363.0,3354.0,1269.0,42625930.0,5798
2023-05-10 10:51:03,rr2306,rr2306,3354.0,0.0,0.0,0.0,26,3353.0,3355.0,30,3361.0,3361.0,3363.0,3354.0,1269.0,42625930.0,5798
2023-05-10 10:51:03,rr2306,rr2306,3354.0,0.0,0.0,0.0,23,3353.0,3355.0,30,3361.0,3361.0,3363.0,3354.0,1269.0,42625930.0,5798
2023-05-10 10:51:04,rr2306,rr2306,3354.0,0.0,0.0,0.0,23,3353.0,3354.0,1,3361.0,3361.0,3363.0,3354.0,1269.0,42625930.0,5798
2023-05-10 10:51:05,rr2306,rr2306,3354.0,9.0,301860.0,-3.0,13,3353.0,3355.0,19,3361.0,3361.0,3363.0,3354.0,1278.0,42927790.0,5795
2023-05-10 10:51:05,rr2306,rr2306,3354.0,0.0,0.0,0.0,22,3353.0,3355.0,27,3361.0,3361.0,3363.0,3354.0,1278.0,42927790.0,5795
2023-05-10 10:51:07,rr2306,rr2306,3353.0,19.0,637070.0,-4.0,12,3352.0,3355.0,20,3361.0,3361.0,3363.0,3353.0,1297.0,43564860.0,5791
2023-05-10 10:51:07,rr2306,rr2306,3353.0,0.0,0.0,0.0,3,3353.0,3354.0,5,3361.0,3361.0,3363.0,3353.0,1297.0,43564860.0,5791
2023-05-10 10:51:08,rr2306,rr2306,3353.0,0.0,0.0,0.0,9,3353.0,3354.0,14,3361.0,3361.0,3363.0,3353.0,1297.0,43564860.0,5791
2023-05-10 10:51:08,rr2306,rr2306,3353.0,0.0,0.0,0.0,15,3353.0,3354.0,21,3361.0,3361.0,3363.0,3353.0,1297.0,43564860.0,5791
2023-05-10 10:51:09,rr2306,rr2306,3353.0,0.0,0.0,0.0,21,3353.0,3354.0,24,3361.0,3361.0,3363.0,3353.0,1297.0,43564860.0,5791
2023-05-10 10:51:11,rr2306,rr2306,3353.0,0.0,0.0,0.0,24,3353.0,3354.0,24,3361.0,3361.0,3363.0,3353.0,1297.0,43564860.0,5791
2023-05-10 10:51:12,rr2306,rr2306,3353.0,0.0,0.0,0.0,27,3353.0,3354.0,21,3361.0,3361.0,3363.0,3353.0,1297.0,43564860.0,5791
2023-05-10 10:51:12,rr2306,rr2306,3353.0,0.0,0.0,0.0,24,3353.0,3354.0,24,3361.0,3361.0,3363.0,3353.0,1297.0,43564860.0,5791
2023-05-10 10:51:13,rr2306,rr2306,3353.0,0.0,0.0,0.0,27,3353.0,3354.0,21,3361.0,3361.0,3363.0,3353.0,1297.0,43564860.0,5791
2023-05-10 10:51:13,rr2306,rr2306,3353.0,0.0,0.0,0.0,24,3353.0,3354.0,24,3361.0,3361.0,3363.0,3353.0,1297.0,43564860.0,5791
2023-05-10 10:51:14,rr2306,rr2306,3354.0,21.0,704340.0,-15.0,58,3354.0,3355.0,13,3361.0,3361.0,3363.0,3353.0,1318.0,44269200.0,5776
2023-05-10 10:51:15,rr2306,rr2306,3354.0,0.0,0.0,0.0,61,3354.0,3355.0,13,3361.0,3361.0,3363.0,3353.0,1318.0,44269200.0,5776
2023-05-10 10:51:15,rr2306,rr2306,3354.0,0.0,0.0,0.0,61,3354.0,3355.0,19,3361.0,3361.0,3363.0,3353.0,1318.0,44269200.0,5776
2023-05-10 10:51:15,rr2306,rr2306,3354.0,0.0,0.0,0.0,61,3354.0,3355.0,22,3361.0,3361.0,3363.0,3353.0,1318.0,44269200.0,5776
2023-05-10 10:51:17,rr2306,rr2306,3354.0,0.0,0.0,0.0,61,3354.0,3355.0,25,3361.0,3361.0,3363.0,3353.0,1318.0,44269200.0,5776
2023-05-10 10:51:17,rr2306,rr2306,3354.0,0.0,0.0,0.0,61,3354.0,3355.0,22,3361.0,3361.0,3363.0,3353.0,1318.0,44269200.0,5776
2023-05-10 10:51:17,rr2306,rr2306,3354.0,0.0,0.0,0.0,58,3354.0,3355.0,22,3361.0,3361.0,3363.0,3353.0,1318.0,44269200.0,5776
2023-05-10 10:51:18,rr2306,rr2306,3354.0,0.0,0.0,0.0,24,3354.0,3355.0,25,3361.0,3361.0,3363.0,3353.0,1318.0,44269200.0,5776
2023-05-10 10:51:20,rr2306,rr2306,3354.0,0.0,0.0,0.0,24,3354.0,3355.0,28,3361.0,3361.0,3363.0,3353.0,1318.0,44269200.0,5776
2023-05-10 10:51:27,rr2306,rr2306,3355.0,28.0,939400.0,-13.0,33,3355.0,3356.0,5,3361.0,3361.0,3363.0,3353.0,1346.0,45208600.0,5763
2023-05-10 10:51:27,rr2306,rr2306,3355.0,0.0,0.0,0.0,51,3355.0,3357.0,30,3361.0,3361.0,3363.0,3353.0,1346.0,45208600.0,5763
2023-05-10 10:51:27,rr2306,rr2306,3355.0,0.0,0.0,0.0,54,3355.0,3357.0,24,3361.0,3361.0,3363.0,3353.0,1346.0,45208600.0,5763
2023-05-10 10:51:29,rr2306,rr2306,3355.0,0.0,0.0,0.0,54,3355.0,3356.0,2,3361.0,3361.0,3363.0,3353.0,1346.0,45208600.0,5763
2023-05-10 10:51:30,rr2306,rr2306,3357.0,8.0,268520.0,-4.0,39,3355.0,3357.0,22,3361.0,3361.0,3363.0,3353.0,1354.0,45477120.0,5759
2023-05-10 10:51:30,rr2306,rr2306,3357.0,0.0,0.0,0.0,45,3355.0,3357.0,21,3361.0,3361.0,3363.0,3353.0,1354.0,45477120.0,5759
2023-05-10 10:51:31,rr2306,rr2306,3357.0,0.0,0.0,0.0,45,3355.0,3356.0,1,3361.0,3361.0,3363.0,3353.0,1354.0,45477120.0,5759
2023-05-10 10:51:32,rr2306,rr2306,3356.0,1.0,33560.0,0.0,42,3355.0,3356.0,1,3361.0,3361.0,3363.0,3353.0,1355.0,45510680.0,5759
2023-05-10 10:51:34,rr2306,rr2306,3356.0,0.0,0.0,0.0,33,3355.0,3356.0,1,3361.0,3361.0,3363.0,3353.0,1355.0,45510680.0,5759
2023-05-10 10:51:35,rr2306,rr2306,3356.0,0.0,0.0,0.0,33,3355.0,3356.0,4,3361.0,3361.0,3363.0,3353.0,1355.0,45510680.0,5759
2023-05-10 10:51:38,rr2306,rr2306,3356.0,0.0,0.0,0.0,33,3355.0,3356.0,15,3361.0,3361.0,3363.0,3353.0,1355.0,45510680.0,5759
