time,symbol_id,symbol_name,last,trade_volume,trade_amount,open_interest_change,bv1,bp1,ap1,av1,yesterday_close,today_open,today_high,today_low,volume,amount,open_interest
2023-05-09 20:58:41,rr2403,rr2403,3485.0,0.0,0.0,0.0,1,3477.0,3500.0,2,3485.0,3489.0,0.0,0.0,0.0,0.0,162
2023-05-09 21:00:00,rr2403,rr2403,3485.0,0.0,0.0,0.0,1,3477.0,3499.0,2,3485.0,3489.0,0.0,0.0,0.0,0.0,162
2023-05-09 21:00:04,rr2403,rr2403,3485.0,0.0,0.0,0.0,1,3478.0,3498.0,3,3485.0,3489.0,0.0,0.0,0.0,0.0,162
2023-05-09 21:00:15,rr2403,rr2403,3485.0,0.0,0.0,0.0,1,3478.0,3497.0,2,3485.0,3489.0,0.0,0.0,0.0,0.0,162
2023-05-09 21:00:15,rr2403,rr2403,3485.0,0.0,0.0,0.0,1,3478.0,3497.0,4,3485.0,3489.0,0.0,0.0,0.0,0.0,162
2023-05-09 21:00:18,rr2403,rr2403,3485.0,0.0,0.0,0.0,1,3478.0,3496.0,2,3485.0,3489.0,0.0,0.0,0.0,0.0,162
2023-05-09 21:00:40,rr2403,rr2403,3485.0,0.0,0.0,0.0,1,3478.0,3495.0,2,3485.0,3489.0,0.0,0.0,0.0,0.0,162
2023-05-09 21:00:46,rr2403,rr2403,3485.0,0.0,0.0,0.0,1,3478.0,3494.0,2,3485.0,3489.0,0.0,0.0,0.0,0.0,162
2023-05-09 21:00:52,rr2403,rr2403,3485.0,0.0,0.0,0.0,1,3478.0,3494.0,3,3485.0,3489.0,0.0,0.0,0.0,0.0,162
2023-05-09 21:00:58,rr2403,rr2403,3485.0,0.0,0.0,0.0,1,3478.0,3493.0,2,3485.0,3489.0,0.0,0.0,0.0,0.0,162
2023-05-09 21:03:02,rr2403,rr2403,3485.0,0.0,0.0,0.0,1,3477.0,3493.0,2,3485.0,3489.0,0.0,0.0,0.0,0.0,162
2023-05-09 21:03:07,rr2403,rr2403,3485.0,0.0,0.0,0.0,1,3478.0,3493.0,2,3485.0,3489.0,0.0,0.0,0.0,0.0,162
2023-05-09 21:03:08,rr2403,rr2403,3485.0,0.0,0.0,0.0,1,3478.0,3492.0,3,3485.0,3489.0,0.0,0.0,0.0,0.0,162
2023-05-09 21:03:50,rr2403,rr2403,3485.0,0.0,0.0,0.0,2,3479.0,3492.0,3,3485.0,3489.0,0.0,0.0,0.0,0.0,162
2023-05-09 21:04:33,rr2403,rr2403,3485.0,0.0,0.0,0.0,1,3480.0,3492.0,3,3485.0,3489.0,0.0,0.0,0.0,0.0,162
2023-05-09 21:05:14,rr2403,rr2403,3485.0,0.0,0.0,0.0,2,3481.0,3492.0,3,3485.0,3489.0,0.0,0.0,0.0,0.0,162
2023-05-09 21:06:56,rr2403,rr2403,3485.0,0.0,0.0,0.0,2,3481.0,3491.0,2,3485.0,3489.0,0.0,0.0,0.0,0.0,162
2023-05-09 21:07:08,rr2403,rr2403,3485.0,0.0,0.0,0.0,2,3481.0,3490.0,3,3485.0,3489.0,0.0,0.0,0.0,0.0,162
2023-05-09 21:09:17,rr2403,rr2403,3485.0,0.0,0.0,0.0,2,3481.0,3489.0,1,3485.0,3489.0,0.0,0.0,0.0,0.0,162
2023-05-09 21:10:02,rr2403,rr2403,3485.0,0.0,0.0,0.0,2,3481.0,3488.0,3,3485.0,3489.0,0.0,0.0,0.0,0.0,162
2023-05-09 21:10:15,rr2403,rr2403,3485.0,0.0,0.0,0.0,1,3480.0,3488.0,3,3485.0,3489.0,0.0,0.0,0.0,0.0,162
2023-05-09 21:10:15,rr2403,rr2403,3485.0,0.0,0.0,0.0,1,3477.0,3488.0,3,3485.0,3489.0,0.0,0.0,0.0,0.0,162
2023-05-09 21:10:24,rr2403,rr2403,3485.0,0.0,0.0,0.0,1,3478.0,3488.0,3,3485.0,3489.0,0.0,0.0,0.0,0.0,162
2023-05-09 21:10:52,rr2403,rr2403,3485.0,0.0,0.0,0.0,2,3479.0,3488.0,3,3485.0,3489.0,0.0,0.0,0.0,0.0,162
2023-05-09 21:11:05,rr2403,rr2403,3485.0,0.0,0.0,0.0,1,3480.0,3488.0,3,3485.0,3489.0,0.0,0.0,0.0,0.0,162
2023-05-09 21:12:16,rr2403,rr2403,3485.0,0.0,0.0,0.0,2,3481.0,3488.0,3,3485.0,3489.0,0.0,0.0,0.0,0.0,162
2023-05-09 21:12:37,rr2403,rr2403,3485.0,0.0,0.0,0.0,10,3482.0,3488.0,3,3485.0,3489.0,0.0,0.0,0.0,0.0,162
2023-05-09 21:13:41,rr2403,rr2403,3485.0,0.0,0.0,0.0,10,3482.0,3489.0,1,3485.0,3489.0,0.0,0.0,0.0,0.0,162
2023-05-09 21:13:52,rr2403,rr2403,3485.0,0.0,0.0,0.0,1,3483.0,3489.0,1,3485.0,3489.0,0.0,0.0,0.0,0.0,162
2023-05-09 21:15:00,rr2403,rr2403,3485.0,0.0,0.0,0.0,10,3482.0,3489.0,1,3485.0,3489.0,0.0,0.0,0.0,0.0,162
2023-05-09 21:15:42,rr2403,rr2403,3485.0,0.0,0.0,0.0,2,3483.0,3489.0,1,3485.0,3489.0,0.0,0.0,0.0,0.0,162
2023-05-09 21:15:45,rr2403,rr2403,3485.0,0.0,0.0,0.0,10,3482.0,3489.0,1,3485.0,3489.0,0.0,0.0,0.0,0.0,162
2023-05-09 21:16:25,rr2403,rr2403,3485.0,0.0,0.0,0.0,2,3483.0,3489.0,1,3485.0,3489.0,0.0,0.0,0.0,0.0,162
2023-05-09 21:16:28,rr2403,rr2403,3485.0,0.0,0.0,0.0,10,3482.0,3489.0,1,3485.0,3489.0,0.0,0.0,0.0,0.0,162
2023-05-09 21:16:40,rr2403,rr2403,3485.0,0.0,0.0,0.0,10,3482.0,3500.0,2,3485.0,3489.0,0.0,0.0,0.0,0.0,162
2023-05-09 21:16:41,rr2403,rr2403,3485.0,0.0,0.0,0.0,10,3482.0,3499.0,6,3485.0,3489.0,0.0,0.0,0.0,0.0,162
2023-05-09 21:16:43,rr2403,rr2403,3485.0,0.0,0.0,0.0,10,3482.0,3498.0,1,3485.0,3489.0,0.0,0.0,0.0,0.0,162
2023-05-09 21:16:48,rr2403,rr2403,3485.0,0.0,0.0,0.0,10,3482.0,3497.0,1,3485.0,3489.0,0.0,0.0,0.0,0.0,162
2023-05-09 21:16:48,rr2403,rr2403,3485.0,0.0,0.0,0.0,10,3482.0,3493.0,3,3485.0,3489.0,0.0,0.0,0.0,0.0,162
2023-05-09 21:17:10,rr2403,rr2403,3485.0,0.0,0.0,0.0,10,3482.0,3492.0,2,3485.0,3489.0,0.0,0.0,0.0,0.0,162
2023-05-09 21:17:17,rr2403,rr2403,3485.0,0.0,0.0,0.0,10,3482.0,3491.0,3,3485.0,3489.0,0.0,0.0,0.0,0.0,162
2023-05-09 21:17:26,rr2403,rr2403,3485.0,0.0,0.0,0.0,10,3482.0,3490.0,1,3485.0,3489.0,0.0,0.0,0.0,0.0,162
2023-05-09 21:17:52,rr2403,rr2403,3485.0,0.0,0.0,0.0,2,3483.0,3490.0,1,3485.0,3489.0,0.0,0.0,0.0,0.0,162
2023-05-09 21:22:20,rr2403,rr2403,3485.0,0.0,0.0,0.0,2,3483.0,3491.0,1,3485.0,3489.0,0.0,0.0,0.0,0.0,162
2023-05-09 21:22:21,rr2403,rr2403,3485.0,0.0,0.0,0.0,10,3482.0,3500.0,2,3485.0,3489.0,0.0,0.0,0.0,0.0,162
2023-05-09 21:22:23,rr2403,rr2403,3485.0,0.0,0.0,0.0,10,3482.0,3499.0,2,3485.0,3489.0,0.0,0.0,0.0,0.0,162
2023-05-09 21:22:24,rr2403,rr2403,3485.0,0.0,0.0,0.0,10,3482.0,3498.0,3,3485.0,3489.0,0.0,0.0,0.0,0.0,162
2023-05-09 21:22:27,rr2403,rr2403,3485.0,0.0,0.0,0.0,10,3482.0,3497.0,1,3485.0,3489.0,0.0,0.0,0.0,0.0,162
2023-05-09 21:22:29,rr2403,rr2403,3485.0,0.0,0.0,0.0,10,3482.0,3493.0,3,3485.0,3489.0,0.0,0.0,0.0,0.0,162
2023-05-09 21:22:55,rr2403,rr2403,3485.0,0.0,0.0,0.0,10,3482.0,3492.0,2,3485.0,3489.0,0.0,0.0,0.0,0.0,162
2023-05-09 21:23:07,rr2403,rr2403,3485.0,0.0,0.0,0.0,10,3482.0,3491.0,3,3485.0,3489.0,0.0,0.0,0.0,0.0,162
2023-05-09 21:24:20,rr2403,rr2403,3485.0,0.0,0.0,0.0,2,3483.0,3491.0,3,3485.0,3489.0,0.0,0.0,0.0,0.0,162
2023-05-09 21:29:21,rr2403,rr2403,3485.0,0.0,0.0,0.0,10,3482.0,3491.0,3,3485.0,3489.0,0.0,0.0,0.0,0.0,162
2023-05-09 21:30:01,rr2403,rr2403,3485.0,0.0,0.0,0.0,2,3483.0,3491.0,3,3485.0,3489.0,0.0,0.0,0.0,0.0,162
2023-05-09 21:34:26,rr2403,rr2403,3485.0,0.0,0.0,0.0,10,3482.0,3491.0,3,3485.0,3489.0,0.0,0.0,0.0,0.0,162
2023-05-09 21:34:57,rr2403,rr2403,3485.0,0.0,0.0,0.0,10,3482.0,3490.0,2,3485.0,3489.0,0.0,0.0,0.0,0.0,162
2023-05-09 21:39:58,rr2403,rr2403,3485.0,0.0,0.0,0.0,10,3482.0,3497.0,1,3485.0,3489.0,0.0,0.0,0.0,0.0,162
2023-05-09 21:39:58,rr2403,rr2403,3485.0,0.0,0.0,0.0,10,3482.0,3496.0,3,3485.0,3489.0,0.0,0.0,0.0,0.0,162
2023-05-09 21:39:59,rr2403,rr2403,3485.0,0.0,0.0,0.0,10,3482.0,3495.0,1,3485.0,3489.0,0.0,0.0,0.0,0.0,162
2023-05-09 21:40:02,rr2403,rr2403,3485.0,0.0,0.0,0.0,10,3482.0,3491.0,3,3485.0,3489.0,0.0,0.0,0.0,0.0,162
2023-05-09 21:40:09,rr2403,rr2403,3485.0,0.0,0.0,0.0,10,3482.0,3491.0,8,3485.0,3489.0,0.0,0.0,0.0,0.0,162
2023-05-09 21:40:33,rr2403,rr2403,3485.0,0.0,0.0,0.0,10,3482.0,3490.0,2,3485.0,3489.0,0.0,0.0,0.0,0.0,162
2023-05-09 21:40:42,rr2403,rr2403,3485.0,0.0,0.0,0.0,10,3482.0,3489.0,1,3485.0,3489.0,0.0,0.0,0.0,0.0,162
2023-05-09 21:41:58,rr2403,rr2403,3485.0,0.0,0.0,0.0,2,3483.0,3489.0,1,3485.0,3489.0,0.0,0.0,0.0,0.0,162
2023-05-09 21:42:01,rr2403,rr2403,3485.0,0.0,0.0,0.0,10,3482.0,3489.0,1,3485.0,3489.0,0.0,0.0,0.0,0.0,162
2023-05-09 21:42:24,rr2403,rr2403,3485.0,0.0,0.0,0.0,10,3482.0,3489.0,6,3485.0,3489.0,0.0,0.0,0.0,0.0,162
2023-05-09 21:42:40,rr2403,rr2403,3485.0,0.0,0.0,0.0,2,3483.0,3489.0,6,3485.0,3489.0,0.0,0.0,0.0,0.0,162
2023-05-09 21:42:42,rr2403,rr2403,3485.0,0.0,0.0,0.0,10,3482.0,3489.0,6,3485.0,3489.0,0.0,0.0,0.0,0.0,162
2023-05-09 21:43:22,rr2403,rr2403,3485.0,0.0,0.0,0.0,2,3483.0,3489.0,6,3485.0,3489.0,0.0,0.0,0.0,0.0,162
2023-05-09 21:43:25,rr2403,rr2403,3485.0,0.0,0.0,0.0,10,3482.0,3489.0,6,3485.0,3489.0,0.0,0.0,0.0,0.0,162
2023-05-09 21:44:05,rr2403,rr2403,3485.0,0.0,0.0,0.0,2,3483.0,3489.0,6,3485.0,3489.0,0.0,0.0,0.0,0.0,162
2023-05-09 21:44:07,rr2403,rr2403,3485.0,0.0,0.0,0.0,10,3482.0,3489.0,6,3485.0,3489.0,0.0,0.0,0.0,0.0,162
2023-05-09 21:44:47,rr2403,rr2403,3485.0,0.0,0.0,0.0,2,3483.0,3489.0,6,3485.0,3489.0,0.0,0.0,0.0,0.0,162
2023-05-09 21:44:50,rr2403,rr2403,3485.0,0.0,0.0,0.0,10,3482.0,3489.0,6,3485.0,3489.0,0.0,0.0,0.0,0.0,162
2023-05-09 21:45:29,rr2403,rr2403,3485.0,0.0,0.0,0.0,2,3483.0,3489.0,6,3485.0,3489.0,0.0,0.0,0.0,0.0,162
2023-05-09 21:45:32,rr2403,rr2403,3485.0,0.0,0.0,0.0,10,3482.0,3489.0,6,3485.0,3489.0,0.0,0.0,0.0,0.0,162
2023-05-09 21:46:11,rr2403,rr2403,3485.0,0.0,0.0,0.0,2,3483.0,3489.0,6,3485.0,3489.0,0.0,0.0,0.0,0.0,162
2023-05-09 21:46:14,rr2403,rr2403,3485.0,0.0,0.0,0.0,10,3482.0,3489.0,6,3485.0,3489.0,0.0,0.0,0.0,0.0,162
2023-05-09 21:46:55,rr2403,rr2403,3485.0,0.0,0.0,0.0,2,3483.0,3489.0,6,3485.0,3489.0,0.0,0.0,0.0,0.0,162
2023-05-09 21:46:59,rr2403,rr2403,3485.0,0.0,0.0,0.0,10,3482.0,3489.0,6,3485.0,3489.0,0.0,0.0,0.0,0.0,162
2023-05-09 21:47:39,rr2403,rr2403,3485.0,0.0,0.0,0.0,2,3483.0,3489.0,6,3485.0,3489.0,0.0,0.0,0.0,0.0,162
2023-05-09 21:47:42,rr2403,rr2403,3485.0,0.0,0.0,0.0,10,3482.0,3489.0,6,3485.0,3489.0,0.0,0.0,0.0,0.0,162
2023-05-09 21:48:21,rr2403,rr2403,3485.0,0.0,0.0,0.0,2,3483.0,3489.0,6,3485.0,3489.0,0.0,0.0,0.0,0.0,162
2023-05-09 21:48:24,rr2403,rr2403,3485.0,0.0,0.0,0.0,10,3482.0,3489.0,6,3485.0,3489.0,0.0,0.0,0.0,0.0,162
2023-05-09 21:49:05,rr2403,rr2403,3485.0,0.0,0.0,0.0,2,3483.0,3489.0,6,3485.0,3489.0,0.0,0.0,0.0,0.0,162
2023-05-09 21:49:08,rr2403,rr2403,3485.0,0.0,0.0,0.0,10,3482.0,3489.0,6,3485.0,3489.0,0.0,0.0,0.0,0.0,162
2023-05-09 21:49:47,rr2403,rr2403,3485.0,0.0,0.0,0.0,2,3483.0,3489.0,6,3485.0,3489.0,0.0,0.0,0.0,0.0,162
2023-05-09 21:49:50,rr2403,rr2403,3485.0,0.0,0.0,0.0,10,3482.0,3489.0,6,3485.0,3489.0,0.0,0.0,0.0,0.0,162
2023-05-09 21:50:29,rr2403,rr2403,3485.0,0.0,0.0,0.0,2,3483.0,3489.0,6,3485.0,3489.0,0.0,0.0,0.0,0.0,162
2023-05-09 21:50:31,rr2403,rr2403,3485.0,0.0,0.0,0.0,10,3482.0,3489.0,6,3485.0,3489.0,0.0,0.0,0.0,0.0,162
2023-05-09 21:51:11,rr2403,rr2403,3485.0,0.0,0.0,0.0,2,3483.0,3489.0,6,3485.0,3489.0,0.0,0.0,0.0,0.0,162
2023-05-09 21:51:14,rr2403,rr2403,3485.0,0.0,0.0,0.0,10,3482.0,3489.0,6,3485.0,3489.0,0.0,0.0,0.0,0.0,162
2023-05-09 21:51:14,rr2403,rr2403,3485.0,0.0,0.0,0.0,10,3482.0,3489.0,8,3485.0,3489.0,0.0,0.0,0.0,0.0,162
2023-05-09 21:51:53,rr2403,rr2403,3485.0,0.0,0.0,0.0,2,3483.0,3489.0,8,3485.0,3489.0,0.0,0.0,0.0,0.0,162
2023-05-09 21:51:56,rr2403,rr2403,3485.0,0.0,0.0,0.0,10,3482.0,3489.0,8,3485.0,3489.0,0.0,0.0,0.0,0.0,162
2023-05-09 21:52:36,rr2403,rr2403,3485.0,0.0,0.0,0.0,2,3483.0,3489.0,8,3485.0,3489.0,0.0,0.0,0.0,0.0,162
2023-05-09 21:52:39,rr2403,rr2403,3485.0,0.0,0.0,0.0,10,3482.0,3489.0,8,3485.0,3489.0,0.0,0.0,0.0,0.0,162
2023-05-09 21:53:19,rr2403,rr2403,3485.0,0.0,0.0,0.0,2,3483.0,3489.0,8,3485.0,3489.0,0.0,0.0,0.0,0.0,162
2023-05-09 21:53:22,rr2403,rr2403,3485.0,0.0,0.0,0.0,10,3482.0,3489.0,8,3485.0,3489.0,0.0,0.0,0.0,0.0,162
2023-05-09 21:54:02,rr2403,rr2403,3485.0,0.0,0.0,0.0,2,3483.0,3489.0,8,3485.0,3489.0,0.0,0.0,0.0,0.0,162
2023-05-09 21:54:05,rr2403,rr2403,3485.0,0.0,0.0,0.0,10,3482.0,3489.0,8,3485.0,3489.0,0.0,0.0,0.0,0.0,162
2023-05-09 21:54:40,rr2403,rr2403,3485.0,0.0,0.0,0.0,10,3482.0,3489.0,5,3485.0,3489.0,0.0,0.0,0.0,0.0,162
2023-05-09 21:54:40,rr2403,rr2403,3485.0,0.0,0.0,0.0,1,3483.0,3489.0,5,3485.0,3489.0,0.0,0.0,0.0,0.0,162
2023-05-09 21:54:45,rr2403,rr2403,3485.0,0.0,0.0,0.0,10,3482.0,3489.0,5,3485.0,3489.0,0.0,0.0,0.0,0.0,162
2023-05-09 21:55:26,rr2403,rr2403,3485.0,0.0,0.0,0.0,2,3483.0,3489.0,5,3485.0,3489.0,0.0,0.0,0.0,0.0,162
2023-05-09 21:55:27,rr2403,rr2403,3485.0,0.0,0.0,0.0,2,3483.0,3488.0,3,3485.0,3489.0,0.0,0.0,0.0,0.0,162
2023-05-09 21:55:29,rr2403,rr2403,3485.0,0.0,0.0,0.0,10,3482.0,3488.0,3,3485.0,3489.0,0.0,0.0,0.0,0.0,162
2023-05-09 21:57:45,rr2403,rr2403,3485.0,0.0,0.0,0.0,10,3482.0,3489.0,5,3485.0,3489.0,0.0,0.0,0.0,0.0,162
2023-05-09 21:58:15,rr2403,rr2403,3485.0,0.0,0.0,0.0,2,3483.0,3489.0,5,3485.0,3489.0,0.0,0.0,0.0,0.0,162
2023-05-09 21:58:17,rr2403,rr2403,3485.0,0.0,0.0,0.0,10,3482.0,3489.0,5,3485.0,3489.0,0.0,0.0,0.0,0.0,162
2023-05-09 21:58:57,rr2403,rr2403,3485.0,0.0,0.0,0.0,2,3483.0,3489.0,5,3485.0,3489.0,0.0,0.0,0.0,0.0,162
2023-05-09 21:59:00,rr2403,rr2403,3485.0,0.0,0.0,0.0,10,3482.0,3489.0,5,3485.0,3489.0,0.0,0.0,0.0,0.0,162
2023-05-09 21:59:39,rr2403,rr2403,3485.0,0.0,0.0,0.0,2,3483.0,3489.0,5,3485.0,3489.0,0.0,0.0,0.0,0.0,162
2023-05-09 21:59:42,rr2403,rr2403,3485.0,0.0,0.0,0.0,10,3482.0,3489.0,5,3485.0,3489.0,0.0,0.0,0.0,0.0,162
2023-05-09 22:00:21,rr2403,rr2403,3485.0,0.0,0.0,0.0,10,3482.0,3488.0,1,3485.0,3489.0,0.0,0.0,0.0,0.0,162
2023-05-09 22:00:43,rr2403,rr2403,3485.0,0.0,0.0,0.0,10,3482.0,3489.0,5,3485.0,3489.0,0.0,0.0,0.0,0.0,162
2023-05-09 22:01:06,rr2403,rr2403,3485.0,0.0,0.0,0.0,2,3483.0,3489.0,5,3485.0,3489.0,0.0,0.0,0.0,0.0,162
2023-05-09 22:01:09,rr2403,rr2403,3485.0,0.0,0.0,0.0,10,3482.0,3489.0,5,3485.0,3489.0,0.0,0.0,0.0,0.0,162
2023-05-09 22:01:48,rr2403,rr2403,3485.0,0.0,0.0,0.0,2,3483.0,3489.0,5,3485.0,3489.0,0.0,0.0,0.0,0.0,162
2023-05-09 22:01:51,rr2403,rr2403,3485.0,0.0,0.0,0.0,10,3482.0,3489.0,5,3485.0,3489.0,0.0,0.0,0.0,0.0,162
2023-05-09 22:02:10,rr2403,rr2403,3485.0,0.0,0.0,0.0,1,3483.0,3489.0,5,3485.0,3489.0,0.0,0.0,0.0,0.0,162
2023-05-09 22:02:10,rr2403,rr2403,3485.0,0.0,0.0,0.0,10,3482.0,3489.0,5,3485.0,3489.0,0.0,0.0,0.0,0.0,162
2023-05-09 22:02:19,rr2403,rr2403,3485.0,0.0,0.0,0.0,1,3483.0,3489.0,5,3485.0,3489.0,0.0,0.0,0.0,0.0,162
2023-05-09 22:02:48,rr2403,rr2403,3485.0,0.0,0.0,0.0,10,3482.0,3489.0,5,3485.0,3489.0,0.0,0.0,0.0,0.0,162
2023-05-09 22:02:52,rr2403,rr2403,3485.0,0.0,0.0,0.0,1,3483.0,3489.0,5,3485.0,3489.0,0.0,0.0,0.0,0.0,162
2023-05-09 22:04:03,rr2403,rr2403,3489.0,5.0,174450.0,0.0,1,3483.0,3500.0,2,3485.0,3489.0,3489.0,3489.0,5.0,174450.0,162
2023-05-09 22:04:04,rr2403,rr2403,3489.0,0.0,0.0,0.0,1,3483.0,3499.0,3,3485.0,3489.0,3489.0,3489.0,5.0,174450.0,162
2023-05-09 22:04:04,rr2403,rr2403,3489.0,0.0,0.0,0.0,1,3483.0,3498.0,2,3485.0,3489.0,3489.0,3489.0,5.0,174450.0,162
2023-05-09 22:04:10,rr2403,rr2403,3489.0,0.0,0.0,0.0,1,3483.0,3497.0,2,3485.0,3489.0,3489.0,3489.0,5.0,174450.0,162
2023-05-09 22:04:10,rr2403,rr2403,3489.0,0.0,0.0,0.0,1,3483.0,3493.0,3,3485.0,3489.0,3489.0,3489.0,5.0,174450.0,162
2023-05-09 22:04:11,rr2403,rr2403,3489.0,0.0,0.0,0.0,1,3483.0,3492.0,1,3485.0,3489.0,3489.0,3489.0,5.0,174450.0,162
2023-05-09 22:04:12,rr2403,rr2403,3489.0,0.0,0.0,0.0,1,3483.0,3491.0,1,3485.0,3489.0,3489.0,3489.0,5.0,174450.0,162
2023-05-09 22:04:13,rr2403,rr2403,3489.0,0.0,0.0,0.0,1,3483.0,3489.0,1,3485.0,3489.0,3489.0,3489.0,5.0,174450.0,162
2023-05-09 22:04:15,rr2403,rr2403,3489.0,0.0,0.0,0.0,1,3483.0,3488.0,1,3485.0,3489.0,3489.0,3489.0,5.0,174450.0,162
2023-05-09 22:04:20,rr2403,rr2403,3489.0,0.0,0.0,0.0,1,3483.0,3489.0,1,3485.0,3489.0,3489.0,3489.0,5.0,174450.0,162
2023-05-09 22:04:55,rr2403,rr2403,3489.0,0.0,0.0,0.0,10,3482.0,3489.0,1,3485.0,3489.0,3489.0,3489.0,5.0,174450.0,162
2023-05-09 22:05:09,rr2403,rr2403,3489.0,0.0,0.0,0.0,1,3483.0,3489.0,1,3485.0,3489.0,3489.0,3489.0,5.0,174450.0,162
2023-05-09 22:05:15,rr2403,rr2403,3489.0,0.0,0.0,0.0,6,3483.0,3489.0,1,3485.0,3489.0,3489.0,3489.0,5.0,174450.0,162
2023-05-09 22:05:21,rr2403,rr2403,3489.0,0.0,0.0,0.0,6,3483.0,3490.0,2,3485.0,3489.0,3489.0,3489.0,5.0,174450.0,162
2023-05-09 22:05:34,rr2403,rr2403,3489.0,0.0,0.0,0.0,7,3483.0,3490.0,2,3485.0,3489.0,3489.0,3489.0,5.0,174450.0,162
2023-05-09 22:05:57,rr2403,rr2403,3489.0,0.0,0.0,0.0,2,3484.0,3490.0,2,3485.0,3489.0,3489.0,3489.0,5.0,174450.0,162
2023-05-09 22:06:00,rr2403,rr2403,3489.0,0.0,0.0,0.0,7,3483.0,3490.0,2,3485.0,3489.0,3489.0,3489.0,5.0,174450.0,162
2023-05-09 22:06:14,rr2403,rr2403,3489.0,0.0,0.0,0.0,7,3483.0,3500.0,2,3485.0,3489.0,3489.0,3489.0,5.0,174450.0,162
2023-05-09 22:06:15,rr2403,rr2403,3489.0,0.0,0.0,0.0,7,3483.0,3500.0,4,3485.0,3489.0,3489.0,3489.0,5.0,174450.0,162
2023-05-09 22:06:17,rr2403,rr2403,3489.0,0.0,0.0,0.0,7,3483.0,3499.0,1,3485.0,3489.0,3489.0,3489.0,5.0,174450.0,162
2023-05-09 22:06:17,rr2403,rr2403,3489.0,0.0,0.0,0.0,7,3483.0,3498.0,1,3485.0,3489.0,3489.0,3489.0,5.0,174450.0,162
2023-05-09 22:06:17,rr2403,rr2403,3489.0,0.0,0.0,0.0,7,3483.0,3497.0,3,3485.0,3489.0,3489.0,3489.0,5.0,174450.0,162
2023-05-09 22:06:24,rr2403,rr2403,3489.0,0.0,0.0,0.0,7,3483.0,3496.0,2,3485.0,3489.0,3489.0,3489.0,5.0,174450.0,162
2023-05-09 22:06:24,rr2403,rr2403,3489.0,0.0,0.0,0.0,7,3483.0,3495.0,1,3485.0,3489.0,3489.0,3489.0,5.0,174450.0,162
2023-05-09 22:06:24,rr2403,rr2403,3489.0,0.0,0.0,0.0,7,3483.0,3491.0,3,3485.0,3489.0,3489.0,3489.0,5.0,174450.0,162
2023-05-09 22:06:30,rr2403,rr2403,3489.0,0.0,0.0,0.0,7,3483.0,3491.0,4,3485.0,3489.0,3489.0,3489.0,5.0,174450.0,162
2023-05-09 22:06:36,rr2403,rr2403,3489.0,0.0,0.0,0.0,7,3483.0,3491.0,5,3485.0,3489.0,3489.0,3489.0,5.0,174450.0,162
2023-05-09 22:06:37,rr2403,rr2403,3489.0,0.0,0.0,0.0,7,3483.0,3491.0,6,3485.0,3489.0,3489.0,3489.0,5.0,174450.0,162
2023-05-09 22:06:40,rr2403,rr2403,3489.0,0.0,0.0,0.0,2,3484.0,3491.0,6,3485.0,3489.0,3489.0,3489.0,5.0,174450.0,162
2023-05-09 22:09:00,rr2403,rr2403,3489.0,0.0,0.0,0.0,2,3484.0,3491.0,5,3485.0,3489.0,3489.0,3489.0,5.0,174450.0,162
2023-05-09 22:09:01,rr2403,rr2403,3489.0,0.0,0.0,0.0,2,3484.0,3491.0,4,3485.0,3489.0,3489.0,3489.0,5.0,174450.0,162
2023-05-09 22:09:01,rr2403,rr2403,3489.0,0.0,0.0,0.0,2,3484.0,3491.0,3,3485.0,3489.0,3489.0,3489.0,5.0,174450.0,162
2023-05-09 22:09:38,rr2403,rr2403,3489.0,0.0,0.0,0.0,2,3484.0,3490.0,1,3485.0,3489.0,3489.0,3489.0,5.0,174450.0,162
2023-05-09 22:09:39,rr2403,rr2403,3489.0,0.0,0.0,0.0,7,3483.0,3490.0,1,3485.0,3489.0,3489.0,3489.0,5.0,174450.0,162
2023-05-09 22:10:05,rr2403,rr2403,3489.0,0.0,0.0,0.0,6,3483.0,3490.0,1,3485.0,3489.0,3489.0,3489.0,5.0,174450.0,162
2023-05-09 22:10:08,rr2403,rr2403,3489.0,0.0,0.0,0.0,2,3484.0,3490.0,1,3485.0,3489.0,3489.0,3489.0,5.0,174450.0,162
2023-05-09 22:10:11,rr2403,rr2403,3489.0,0.0,0.0,0.0,6,3483.0,3490.0,1,3485.0,3489.0,3489.0,3489.0,5.0,174450.0,162
2023-05-09 22:10:50,rr2403,rr2403,3489.0,0.0,0.0,0.0,2,3484.0,3490.0,1,3485.0,3489.0,3489.0,3489.0,5.0,174450.0,162
2023-05-09 22:10:52,rr2403,rr2403,3489.0,0.0,0.0,0.0,6,3483.0,3490.0,1,3485.0,3489.0,3489.0,3489.0,5.0,174450.0,162
2023-05-09 22:11:32,rr2403,rr2403,3489.0,0.0,0.0,0.0,2,3484.0,3490.0,1,3485.0,3489.0,3489.0,3489.0,5.0,174450.0,162
2023-05-09 22:11:34,rr2403,rr2403,3489.0,0.0,0.0,0.0,6,3483.0,3490.0,1,3485.0,3489.0,3489.0,3489.0,5.0,174450.0,162
2023-05-09 22:12:13,rr2403,rr2403,3489.0,0.0,0.0,0.0,2,3484.0,3490.0,1,3485.0,3489.0,3489.0,3489.0,5.0,174450.0,162
2023-05-09 22:12:15,rr2403,rr2403,3489.0,0.0,0.0,0.0,6,3483.0,3490.0,1,3485.0,3489.0,3489.0,3489.0,5.0,174450.0,162
2023-05-09 22:12:54,rr2403,rr2403,3489.0,0.0,0.0,0.0,2,3484.0,3490.0,1,3485.0,3489.0,3489.0,3489.0,5.0,174450.0,162
2023-05-09 22:12:57,rr2403,rr2403,3489.0,0.0,0.0,0.0,6,3483.0,3490.0,1,3485.0,3489.0,3489.0,3489.0,5.0,174450.0,162
2023-05-09 22:13:36,rr2403,rr2403,3489.0,0.0,0.0,0.0,2,3484.0,3490.0,1,3485.0,3489.0,3489.0,3489.0,5.0,174450.0,162
2023-05-09 22:13:38,rr2403,rr2403,3489.0,0.0,0.0,0.0,6,3483.0,3490.0,1,3485.0,3489.0,3489.0,3489.0,5.0,174450.0,162
2023-05-09 22:14:16,rr2403,rr2403,3489.0,0.0,0.0,0.0,6,3483.0,3489.0,2,3485.0,3489.0,3489.0,3489.0,5.0,174450.0,162
2023-05-09 22:14:19,rr2403,rr2403,3489.0,0.0,0.0,0.0,6,3483.0,3490.0,1,3485.0,3489.0,3489.0,3489.0,5.0,174450.0,162
2023-05-09 22:14:58,rr2403,rr2403,3489.0,0.0,0.0,0.0,6,3483.0,3489.0,2,3485.0,3489.0,3489.0,3489.0,5.0,174450.0,162
2023-05-09 22:15:00,rr2403,rr2403,3489.0,0.0,0.0,0.0,6,3483.0,3490.0,1,3485.0,3489.0,3489.0,3489.0,5.0,174450.0,162
2023-05-09 22:15:39,rr2403,rr2403,3489.0,0.0,0.0,0.0,2,3484.0,3490.0,1,3485.0,3489.0,3489.0,3489.0,5.0,174450.0,162
2023-05-09 22:15:42,rr2403,rr2403,3489.0,0.0,0.0,0.0,6,3483.0,3490.0,1,3485.0,3489.0,3489.0,3489.0,5.0,174450.0,162
2023-05-09 22:16:21,rr2403,rr2403,3489.0,0.0,0.0,0.0,2,3484.0,3490.0,1,3485.0,3489.0,3489.0,3489.0,5.0,174450.0,162
2023-05-09 22:16:24,rr2403,rr2403,3489.0,0.0,0.0,0.0,6,3483.0,3490.0,1,3485.0,3489.0,3489.0,3489.0,5.0,174450.0,162
2023-05-09 22:17:04,rr2403,rr2403,3489.0,0.0,0.0,0.0,2,3484.0,3490.0,1,3485.0,3489.0,3489.0,3489.0,5.0,174450.0,162
2023-05-09 22:17:06,rr2403,rr2403,3489.0,0.0,0.0,0.0,6,3483.0,3490.0,1,3485.0,3489.0,3489.0,3489.0,5.0,174450.0,162
2023-05-09 22:17:46,rr2403,rr2403,3489.0,0.0,0.0,0.0,2,3484.0,3490.0,1,3485.0,3489.0,3489.0,3489.0,5.0,174450.0,162
2023-05-09 22:17:48,rr2403,rr2403,3489.0,0.0,0.0,0.0,6,3483.0,3490.0,1,3485.0,3489.0,3489.0,3489.0,5.0,174450.0,162
2023-05-09 22:18:28,rr2403,rr2403,3489.0,0.0,0.0,0.0,2,3484.0,3490.0,1,3485.0,3489.0,3489.0,3489.0,5.0,174450.0,162
2023-05-09 22:18:30,rr2403,rr2403,3489.0,0.0,0.0,0.0,6,3483.0,3490.0,1,3485.0,3489.0,3489.0,3489.0,5.0,174450.0,162
2023-05-09 22:19:11,rr2403,rr2403,3489.0,0.0,0.0,0.0,2,3484.0,3490.0,1,3485.0,3489.0,3489.0,3489.0,5.0,174450.0,162
2023-05-09 22:19:13,rr2403,rr2403,3489.0,0.0,0.0,0.0,6,3483.0,3490.0,1,3485.0,3489.0,3489.0,3489.0,5.0,174450.0,162
2023-05-09 22:19:52,rr2403,rr2403,3489.0,0.0,0.0,0.0,2,3484.0,3490.0,1,3485.0,3489.0,3489.0,3489.0,5.0,174450.0,162
2023-05-09 22:19:55,rr2403,rr2403,3489.0,0.0,0.0,0.0,6,3483.0,3490.0,1,3485.0,3489.0,3489.0,3489.0,5.0,174450.0,162
2023-05-09 22:20:36,rr2403,rr2403,3489.0,0.0,0.0,0.0,2,3484.0,3490.0,1,3485.0,3489.0,3489.0,3489.0,5.0,174450.0,162
2023-05-09 22:20:38,rr2403,rr2403,3489.0,0.0,0.0,0.0,6,3483.0,3490.0,1,3485.0,3489.0,3489.0,3489.0,5.0,174450.0,162
2023-05-09 22:21:17,rr2403,rr2403,3489.0,0.0,0.0,0.0,2,3484.0,3490.0,1,3485.0,3489.0,3489.0,3489.0,5.0,174450.0,162
2023-05-09 22:21:20,rr2403,rr2403,3489.0,0.0,0.0,0.0,6,3483.0,3490.0,1,3485.0,3489.0,3489.0,3489.0,5.0,174450.0,162
2023-05-09 22:22:00,rr2403,rr2403,3489.0,0.0,0.0,0.0,6,3483.0,3489.0,2,3485.0,3489.0,3489.0,3489.0,5.0,174450.0,162
2023-05-09 22:22:03,rr2403,rr2403,3489.0,0.0,0.0,0.0,6,3483.0,3490.0,1,3485.0,3489.0,3489.0,3489.0,5.0,174450.0,162
2023-05-09 22:22:43,rr2403,rr2403,3489.0,0.0,0.0,0.0,6,3483.0,3489.0,2,3485.0,3489.0,3489.0,3489.0,5.0,174450.0,162
2023-05-09 22:22:45,rr2403,rr2403,3489.0,0.0,0.0,0.0,6,3483.0,3490.0,1,3485.0,3489.0,3489.0,3489.0,5.0,174450.0,162
2023-05-09 22:23:25,rr2403,rr2403,3489.0,0.0,0.0,0.0,6,3483.0,3489.0,2,3485.0,3489.0,3489.0,3489.0,5.0,174450.0,162
2023-05-09 22:23:27,rr2403,rr2403,3489.0,0.0,0.0,0.0,6,3483.0,3490.0,1,3485.0,3489.0,3489.0,3489.0,5.0,174450.0,162
2023-05-09 22:24:06,rr2403,rr2403,3489.0,0.0,0.0,0.0,6,3483.0,3489.0,2,3485.0,3489.0,3489.0,3489.0,5.0,174450.0,162
2023-05-09 22:24:09,rr2403,rr2403,3489.0,0.0,0.0,0.0,6,3483.0,3490.0,1,3485.0,3489.0,3489.0,3489.0,5.0,174450.0,162
2023-05-09 22:24:48,rr2403,rr2403,3489.0,0.0,0.0,0.0,6,3483.0,3489.0,2,3485.0,3489.0,3489.0,3489.0,5.0,174450.0,162
2023-05-09 22:24:50,rr2403,rr2403,3489.0,0.0,0.0,0.0,6,3483.0,3490.0,1,3485.0,3489.0,3489.0,3489.0,5.0,174450.0,162
2023-05-09 22:25:30,rr2403,rr2403,3489.0,0.0,0.0,0.0,6,3483.0,3489.0,2,3485.0,3489.0,3489.0,3489.0,5.0,174450.0,162
2023-05-09 22:25:32,rr2403,rr2403,3489.0,0.0,0.0,0.0,6,3483.0,3490.0,1,3485.0,3489.0,3489.0,3489.0,5.0,174450.0,162
2023-05-09 22:26:12,rr2403,rr2403,3489.0,0.0,0.0,0.0,6,3483.0,3489.0,2,3485.0,3489.0,3489.0,3489.0,5.0,174450.0,162
2023-05-09 22:26:14,rr2403,rr2403,3489.0,0.0,0.0,0.0,6,3483.0,3490.0,1,3485.0,3489.0,3489.0,3489.0,5.0,174450.0,162
2023-05-09 22:26:18,rr2403,rr2403,3489.0,0.0,0.0,0.0,6,3483.0,3490.0,4,3485.0,3489.0,3489.0,3489.0,5.0,174450.0,162
2023-05-09 22:26:55,rr2403,rr2403,3489.0,0.0,0.0,0.0,6,3483.0,3489.0,2,3485.0,3489.0,3489.0,3489.0,5.0,174450.0,162
2023-05-09 22:26:57,rr2403,rr2403,3489.0,0.0,0.0,0.0,6,3483.0,3490.0,4,3485.0,3489.0,3489.0,3489.0,5.0,174450.0,162
2023-05-09 22:27:36,rr2403,rr2403,3489.0,0.0,0.0,0.0,6,3483.0,3489.0,2,3485.0,3489.0,3489.0,3489.0,5.0,174450.0,162
2023-05-09 22:27:38,rr2403,rr2403,3489.0,0.0,0.0,0.0,6,3483.0,3490.0,4,3485.0,3489.0,3489.0,3489.0,5.0,174450.0,162
2023-05-09 22:28:20,rr2403,rr2403,3489.0,0.0,0.0,0.0,6,3483.0,3489.0,5,3485.0,3489.0,3489.0,3489.0,5.0,174450.0,162
2023-05-09 22:28:22,rr2403,rr2403,3489.0,0.0,0.0,0.0,6,3483.0,3489.0,3,3485.0,3489.0,3489.0,3489.0,5.0,174450.0,162
2023-05-09 22:34:33,rr2403,rr2403,3489.0,3.0,104670.0,-1.0,2,3489.0,3490.0,1,3485.0,3489.0,3489.0,3489.0,8.0,279120.0,161
2023-05-09 22:34:37,rr2403,rr2403,3489.0,1.0,34890.0,0.0,1,3489.0,3490.0,3,3485.0,3489.0,3489.0,3489.0,9.0,314010.0,161
2023-05-09 22:34:38,rr2403,rr2403,3489.0,0.0,0.0,0.0,1,3489.0,3490.0,4,3485.0,3489.0,3489.0,3489.0,9.0,314010.0,161
2023-05-09 22:34:38,rr2403,rr2403,3489.0,1.0,34890.0,0.0,6,3483.0,3490.0,4,3485.0,3489.0,3489.0,3489.0,10.0,348900.0,161
2023-05-09 22:34:50,rr2403,rr2403,3489.0,0.0,0.0,0.0,6,3483.0,3489.0,1,3485.0,3489.0,3489.0,3489.0,10.0,348900.0,161
2023-05-09 22:34:55,rr2403,rr2403,3489.0,0.0,0.0,0.0,2,3484.0,3489.0,1,3485.0,3489.0,3489.0,3489.0,10.0,348900.0,161
2023-05-09 22:35:02,rr2403,rr2403,3484.0,1.0,34840.0,0.0,1,3484.0,3489.0,1,3485.0,3489.0,3489.0,3484.0,11.0,383740.0,161
2023-05-09 22:37:32,rr2403,rr2403,3484.0,0.0,0.0,0.0,1,3484.0,3488.0,1,3485.0,3489.0,3489.0,3484.0,11.0,383740.0,161
2023-05-09 22:37:36,rr2403,rr2403,3484.0,0.0,0.0,0.0,1,3484.0,3489.0,1,3485.0,3489.0,3489.0,3484.0,11.0,383740.0,161
2023-05-09 22:37:40,rr2403,rr2403,3484.0,0.0,0.0,0.0,6,3483.0,3489.0,1,3485.0,3489.0,3489.0,3484.0,11.0,383740.0,161
2023-05-09 22:37:41,rr2403,rr2403,3484.0,0.0,0.0,0.0,1,3484.0,3489.0,1,3485.0,3489.0,3489.0,3484.0,11.0,383740.0,161
2023-05-09 22:43:02,rr2403,rr2403,3484.0,0.0,0.0,0.0,1,3484.0,3489.0,2,3485.0,3489.0,3489.0,3484.0,11.0,383740.0,161
2023-05-09 22:43:03,rr2403,rr2403,3484.0,0.0,0.0,0.0,1,3484.0,3489.0,4,3485.0,3489.0,3489.0,3484.0,11.0,383740.0,161
2023-05-09 22:46:05,rr2403,rr2403,3484.0,0.0,0.0,0.0,1,3484.0,3488.0,1,3485.0,3489.0,3489.0,3484.0,11.0,383740.0,161
2023-05-09 22:46:18,rr2403,rr2403,3484.0,0.0,0.0,0.0,6,3483.0,3488.0,1,3485.0,3489.0,3489.0,3484.0,11.0,383740.0,161
2023-05-09 22:46:19,rr2403,rr2403,3484.0,0.0,0.0,0.0,1,3484.0,3488.0,1,3485.0,3489.0,3489.0,3484.0,11.0,383740.0,161
2023-05-09 22:46:26,rr2403,rr2403,3484.0,0.0,0.0,0.0,1,3484.0,3489.0,4,3485.0,3489.0,3489.0,3484.0,11.0,383740.0,161
2023-05-09 22:48:09,rr2403,rr2403,3484.0,0.0,0.0,0.0,1,3484.0,3489.0,2,3485.0,3489.0,3489.0,3484.0,11.0,383740.0,161
2023-05-09 22:48:09,rr2403,rr2403,3484.0,0.0,0.0,0.0,1,3484.0,3489.0,1,3485.0,3489.0,3489.0,3484.0,11.0,383740.0,161
2023-05-09 22:54:09,rr2403,rr2403,3484.0,0.0,0.0,0.0,1,3484.0,3489.0,2,3485.0,3489.0,3489.0,3484.0,11.0,383740.0,161
2023-05-09 22:54:10,rr2403,rr2403,3484.0,0.0,0.0,0.0,1,3484.0,3489.0,3,3485.0,3489.0,3489.0,3484.0,11.0,383740.0,161
2023-05-09 22:54:11,rr2403,rr2403,3484.0,0.0,0.0,0.0,1,3484.0,3489.0,4,3485.0,3489.0,3489.0,3484.0,11.0,383740.0,161
2023-05-09 22:59:09,rr2403,rr2403,3484.0,0.0,0.0,0.0,1,3484.0,3489.0,3,3485.0,3489.0,3489.0,3484.0,11.0,383740.0,161
2023-05-09 22:59:11,rr2403,rr2403,3484.0,0.0,0.0,0.0,1,3484.0,3489.0,1,3485.0,3489.0,3489.0,3484.0,11.0,383740.0,161
2023-05-09 22:59:41,rr2403,rr2403,3484.0,0.0,0.0,0.0,1,3484.0,3489.0,2,3485.0,3489.0,3489.0,3484.0,11.0,383740.0,161
2023-05-09 22:59:41,rr2403,rr2403,3484.0,0.0,0.0,0.0,1,3484.0,3489.0,3,3485.0,3489.0,3489.0,3484.0,11.0,383740.0,161
2023-05-09 22:59:42,rr2403,rr2403,3484.0,0.0,0.0,0.0,1,3484.0,3489.0,4,3485.0,3489.0,3489.0,3484.0,11.0,383740.0,161
2023-05-09 22:59:44,rr2403,rr2403,3484.0,0.0,0.0,0.0,1,3484.0,3489.0,2,3485.0,3489.0,3489.0,3484.0,11.0,383740.0,161
2023-05-09 22:59:50,rr2403,rr2403,3484.0,0.0,0.0,0.0,1,3484.0,3489.0,1,3485.0,3489.0,3489.0,3484.0,11.0,383740.0,161
2023-05-10 09:00:19,rr2403,rr2403,3484.0,0.0,0.0,0.0,1,3484.0,3489.0,2,3485.0,3489.0,3489.0,3484.0,11.0,383740.0,161
2023-05-10 09:00:23,rr2403,rr2403,3484.0,0.0,0.0,0.0,1,3484.0,3489.0,3,3485.0,3489.0,3489.0,3484.0,11.0,383740.0,161
2023-05-10 09:00:24,rr2403,rr2403,3484.0,0.0,0.0,0.0,1,3484.0,3489.0,4,3485.0,3489.0,3489.0,3484.0,11.0,383740.0,161
2023-05-10 09:01:29,rr2403,rr2403,3484.0,0.0,0.0,0.0,1,3484.0,3489.0,3,3485.0,3489.0,3489.0,3484.0,11.0,383740.0,161
2023-05-10 09:01:30,rr2403,rr2403,3484.0,0.0,0.0,0.0,1,3484.0,3488.0,1,3485.0,3489.0,3489.0,3484.0,11.0,383740.0,161
2023-05-10 09:01:31,rr2403,rr2403,3484.0,0.0,0.0,0.0,1,3484.0,3488.0,2,3485.0,3489.0,3489.0,3484.0,11.0,383740.0,161
2023-05-10 09:01:37,rr2403,rr2403,3484.0,0.0,0.0,0.0,1,3484.0,3488.0,3,3485.0,3489.0,3489.0,3484.0,11.0,383740.0,161
2023-05-10 09:02:23,rr2403,rr2403,3484.0,0.0,0.0,0.0,1,3484.0,3488.0,2,3485.0,3489.0,3489.0,3484.0,11.0,383740.0,161
2023-05-10 09:02:23,rr2403,rr2403,3484.0,0.0,0.0,0.0,1,3484.0,3487.0,1,3485.0,3489.0,3489.0,3484.0,11.0,383740.0,161
2023-05-10 09:02:25,rr2403,rr2403,3484.0,0.0,0.0,0.0,1,3484.0,3487.0,2,3485.0,3489.0,3489.0,3484.0,11.0,383740.0,161
2023-05-10 09:02:26,rr2403,rr2403,3484.0,0.0,0.0,0.0,1,3484.0,3487.0,3,3485.0,3489.0,3489.0,3484.0,11.0,383740.0,161
2023-05-10 09:03:07,rr2403,rr2403,3484.0,0.0,0.0,0.0,1,3484.0,3487.0,1,3485.0,3489.0,3489.0,3484.0,11.0,383740.0,161
2023-05-10 09:03:08,rr2403,rr2403,3484.0,0.0,0.0,0.0,1,3484.0,3489.0,1,3485.0,3489.0,3489.0,3484.0,11.0,383740.0,161
2023-05-10 09:03:50,rr2403,rr2403,3484.0,0.0,0.0,0.0,1,3484.0,3489.0,3,3485.0,3489.0,3489.0,3484.0,11.0,383740.0,161
2023-05-10 09:03:51,rr2403,rr2403,3484.0,0.0,0.0,0.0,1,3484.0,3489.0,4,3485.0,3489.0,3489.0,3484.0,11.0,383740.0,161
2023-05-10 09:03:56,rr2403,rr2403,3484.0,0.0,0.0,0.0,1,3484.0,3489.0,5,3485.0,3489.0,3489.0,3484.0,11.0,383740.0,161
2023-05-10 09:05:10,rr2403,rr2403,3484.0,0.0,0.0,0.0,6,3483.0,3489.0,5,3485.0,3489.0,3489.0,3484.0,11.0,383740.0,161
2023-05-10 09:08:49,rr2403,rr2403,3484.0,0.0,0.0,0.0,6,3483.0,3489.0,4,3485.0,3489.0,3489.0,3484.0,11.0,383740.0,161
2023-05-10 09:08:56,rr2403,rr2403,3484.0,0.0,0.0,0.0,6,3483.0,3489.0,3,3485.0,3489.0,3489.0,3484.0,11.0,383740.0,161
2023-05-10 09:08:57,rr2403,rr2403,3484.0,0.0,0.0,0.0,6,3483.0,3489.0,2,3485.0,3489.0,3489.0,3484.0,11.0,383740.0,161
2023-05-10 09:09:26,rr2403,rr2403,3484.0,0.0,0.0,0.0,6,3483.0,3489.0,4,3485.0,3489.0,3489.0,3484.0,11.0,383740.0,161
2023-05-10 09:09:27,rr2403,rr2403,3484.0,0.0,0.0,0.0,6,3483.0,3489.0,5,3485.0,3489.0,3489.0,3484.0,11.0,383740.0,161
2023-05-10 09:14:26,rr2403,rr2403,3484.0,0.0,0.0,0.0,6,3483.0,3489.0,4,3485.0,3489.0,3489.0,3484.0,11.0,383740.0,161
2023-05-10 09:14:27,rr2403,rr2403,3484.0,0.0,0.0,0.0,6,3483.0,3489.0,3,3485.0,3489.0,3489.0,3484.0,11.0,383740.0,161
2023-05-10 09:14:28,rr2403,rr2403,3484.0,0.0,0.0,0.0,6,3483.0,3489.0,2,3485.0,3489.0,3489.0,3484.0,11.0,383740.0,161
2023-05-10 09:14:59,rr2403,rr2403,3484.0,0.0,0.0,0.0,6,3483.0,3489.0,3,3485.0,3489.0,3489.0,3484.0,11.0,383740.0,161
2023-05-10 09:14:59,rr2403,rr2403,3484.0,0.0,0.0,0.0,6,3483.0,3489.0,4,3485.0,3489.0,3489.0,3484.0,11.0,383740.0,161
2023-05-10 09:15:04,rr2403,rr2403,3484.0,0.0,0.0,0.0,1,3484.0,3489.0,4,3485.0,3489.0,3489.0,3484.0,11.0,383740.0,161
2023-05-10 09:15:11,rr2403,rr2403,3484.0,0.0,0.0,0.0,1,3484.0,3489.0,5,3485.0,3489.0,3489.0,3484.0,11.0,383740.0,161
2023-05-10 09:19:59,rr2403,rr2403,3484.0,0.0,0.0,0.0,1,3484.0,3489.0,3,3485.0,3489.0,3489.0,3484.0,11.0,383740.0,161
2023-05-10 09:20:06,rr2403,rr2403,3484.0,0.0,0.0,0.0,1,3484.0,3489.0,2,3485.0,3489.0,3489.0,3484.0,11.0,383740.0,161
2023-05-10 09:20:36,rr2403,rr2403,3484.0,0.0,0.0,0.0,1,3484.0,3489.0,3,3485.0,3489.0,3489.0,3484.0,11.0,383740.0,161
2023-05-10 09:20:36,rr2403,rr2403,3484.0,0.0,0.0,0.0,1,3484.0,3489.0,4,3485.0,3489.0,3489.0,3484.0,11.0,383740.0,161
2023-05-10 09:20:37,rr2403,rr2403,3484.0,0.0,0.0,0.0,1,3484.0,3489.0,5,3485.0,3489.0,3489.0,3484.0,11.0,383740.0,161
2023-05-10 09:26:12,rr2403,rr2403,3484.0,0.0,0.0,0.0,1,3484.0,3489.0,4,3485.0,3489.0,3489.0,3484.0,11.0,383740.0,161
2023-05-10 09:26:13,rr2403,rr2403,3484.0,0.0,0.0,0.0,1,3484.0,3488.0,1,3485.0,3489.0,3489.0,3484.0,11.0,383740.0,161
2023-05-10 09:26:13,rr2403,rr2403,3484.0,0.0,0.0,0.0,1,3484.0,3488.0,2,3485.0,3489.0,3489.0,3484.0,11.0,383740.0,161
2023-05-10 09:26:20,rr2403,rr2403,3484.0,0.0,0.0,0.0,1,3484.0,3488.0,3,3485.0,3489.0,3489.0,3484.0,11.0,383740.0,161
2023-05-10 09:26:20,rr2403,rr2403,3484.0,0.0,0.0,0.0,1,3484.0,3488.0,4,3485.0,3489.0,3489.0,3484.0,11.0,383740.0,161
2023-05-10 09:31:57,rr2403,rr2403,3484.0,0.0,0.0,0.0,1,3484.0,3488.0,3,3485.0,3489.0,3489.0,3484.0,11.0,383740.0,161
2023-05-10 09:32:01,rr2403,rr2403,3484.0,0.0,0.0,0.0,1,3484.0,3488.0,2,3485.0,3489.0,3489.0,3484.0,11.0,383740.0,161
2023-05-10 09:32:01,rr2403,rr2403,3484.0,0.0,0.0,0.0,1,3484.0,3488.0,1,3485.0,3489.0,3489.0,3484.0,11.0,383740.0,161
2023-05-10 09:38:15,rr2403,rr2403,3484.0,0.0,0.0,0.0,1,3484.0,3488.0,2,3485.0,3489.0,3489.0,3484.0,11.0,383740.0,161
2023-05-10 09:38:15,rr2403,rr2403,3484.0,0.0,0.0,0.0,1,3484.0,3488.0,3,3485.0,3489.0,3489.0,3484.0,11.0,383740.0,161
2023-05-10 09:38:15,rr2403,rr2403,3484.0,0.0,0.0,0.0,1,3484.0,3488.0,4,3485.0,3489.0,3489.0,3484.0,11.0,383740.0,161
2023-05-10 09:41:48,rr2403,rr2403,3484.0,0.0,0.0,0.0,6,3483.0,3488.0,4,3485.0,3489.0,3489.0,3484.0,11.0,383740.0,161
2023-05-10 09:41:50,rr2403,rr2403,3484.0,0.0,0.0,0.0,1,3484.0,3488.0,4,3485.0,3489.0,3489.0,3484.0,11.0,383740.0,161
2023-05-10 09:43:51,rr2403,rr2403,3484.0,0.0,0.0,0.0,1,3484.0,3488.0,3,3485.0,3489.0,3489.0,3484.0,11.0,383740.0,161
2023-05-10 09:43:52,rr2403,rr2403,3484.0,0.0,0.0,0.0,1,3484.0,3488.0,1,3485.0,3489.0,3489.0,3484.0,11.0,383740.0,161
2023-05-10 09:47:09,rr2403,rr2403,3484.0,0.0,0.0,0.0,1,3484.0,3487.0,1,3485.0,3489.0,3489.0,3484.0,11.0,383740.0,161
2023-05-10 09:47:53,rr2403,rr2403,3484.0,0.0,0.0,0.0,1,3484.0,3487.0,2,3485.0,3489.0,3489.0,3484.0,11.0,383740.0,161
2023-05-10 09:52:46,rr2403,rr2403,3484.0,0.0,0.0,0.0,1,3484.0,3487.0,3,3485.0,3489.0,3489.0,3484.0,11.0,383740.0,161
2023-05-10 09:52:58,rr2403,rr2403,3484.0,0.0,0.0,0.0,1,3484.0,3487.0,2,3485.0,3489.0,3489.0,3484.0,11.0,383740.0,161
2023-05-10 09:52:59,rr2403,rr2403,3484.0,0.0,0.0,0.0,1,3484.0,3487.0,3,3485.0,3489.0,3489.0,3484.0,11.0,383740.0,161
2023-05-10 09:55:36,rr2403,rr2403,3484.0,0.0,0.0,0.0,1,3484.0,3487.0,4,3485.0,3489.0,3489.0,3484.0,11.0,383740.0,161
2023-05-10 09:55:36,rr2403,rr2403,3484.0,0.0,0.0,0.0,1,3484.0,3487.0,5,3485.0,3489.0,3489.0,3484.0,11.0,383740.0,161
2023-05-10 09:55:38,rr2403,rr2403,3484.0,0.0,0.0,0.0,1,3484.0,3487.0,6,3485.0,3489.0,3489.0,3484.0,11.0,383740.0,161
2023-05-10 09:55:39,rr2403,rr2403,3484.0,0.0,0.0,0.0,1,3484.0,3487.0,4,3485.0,3489.0,3489.0,3484.0,11.0,383740.0,161
2023-05-10 09:55:40,rr2403,rr2403,3484.0,0.0,0.0,0.0,1,3484.0,3487.0,3,3485.0,3489.0,3489.0,3484.0,11.0,383740.0,161
2023-05-10 09:59:05,rr2403,rr2403,3484.0,0.0,0.0,0.0,6,3483.0,3487.0,3,3485.0,3489.0,3489.0,3484.0,11.0,383740.0,161
2023-05-10 09:59:07,rr2403,rr2403,3484.0,0.0,0.0,0.0,1,3484.0,3487.0,3,3485.0,3489.0,3489.0,3484.0,11.0,383740.0,161
2023-05-10 10:04:56,rr2403,rr2403,3484.0,0.0,0.0,0.0,6,3483.0,3487.0,3,3485.0,3489.0,3489.0,3484.0,11.0,383740.0,161
2023-05-10 10:07:35,rr2403,rr2403,3484.0,0.0,0.0,0.0,6,3483.0,3487.0,4,3485.0,3489.0,3489.0,3484.0,11.0,383740.0,161
2023-05-10 10:07:43,rr2403,rr2403,3484.0,0.0,0.0,0.0,6,3483.0,3487.0,3,3485.0,3489.0,3489.0,3484.0,11.0,383740.0,161
2023-05-10 10:13:19,rr2403,rr2403,3484.0,0.0,0.0,0.0,6,3483.0,3487.0,4,3485.0,3489.0,3489.0,3484.0,11.0,383740.0,161
2023-05-10 10:13:21,rr2403,rr2403,3484.0,0.0,0.0,0.0,6,3483.0,3487.0,3,3485.0,3489.0,3489.0,3484.0,11.0,383740.0,161
2023-05-10 10:30:17,rr2403,rr2403,3484.0,0.0,0.0,0.0,6,3483.0,3487.0,4,3485.0,3489.0,3489.0,3484.0,11.0,383740.0,161
2023-05-10 10:30:18,rr2403,rr2403,3484.0,0.0,0.0,0.0,6,3483.0,3487.0,5,3485.0,3489.0,3489.0,3484.0,11.0,383740.0,161
2023-05-10 10:30:19,rr2403,rr2403,3484.0,0.0,0.0,0.0,6,3483.0,3487.0,4,3485.0,3489.0,3489.0,3484.0,11.0,383740.0,161
2023-05-10 10:30:21,rr2403,rr2403,3484.0,0.0,0.0,0.0,6,3483.0,3487.0,3,3485.0,3489.0,3489.0,3484.0,11.0,383740.0,161
2023-05-10 10:32:28,rr2403,rr2403,3484.0,0.0,0.0,0.0,6,3483.0,3487.0,2,3485.0,3489.0,3489.0,3484.0,11.0,383740.0,161
2023-05-10 10:32:56,rr2403,rr2403,3484.0,0.0,0.0,0.0,6,3483.0,3487.0,1,3485.0,3489.0,3489.0,3484.0,11.0,383740.0,161
2023-05-10 10:33:50,rr2403,rr2403,3484.0,0.0,0.0,0.0,6,3483.0,3487.0,2,3485.0,3489.0,3489.0,3484.0,11.0,383740.0,161
2023-05-10 10:33:59,rr2403,rr2403,3484.0,0.0,0.0,0.0,6,3483.0,3487.0,1,3485.0,3489.0,3489.0,3484.0,11.0,383740.0,161
2023-05-10 10:38:31,rr2403,rr2403,3484.0,0.0,0.0,0.0,6,3483.0,3486.0,1,3485.0,3489.0,3489.0,3484.0,11.0,383740.0,161
2023-05-10 10:38:43,rr2403,rr2403,3484.0,0.0,0.0,0.0,6,3483.0,3489.0,1,3485.0,3489.0,3489.0,3484.0,11.0,383740.0,161
2023-05-10 10:38:43,rr2403,rr2403,3484.0,0.0,0.0,0.0,6,3483.0,3489.0,3,3485.0,3489.0,3489.0,3484.0,11.0,383740.0,161
2023-05-10 10:38:45,rr2403,rr2403,3484.0,0.0,0.0,0.0,6,3483.0,3488.0,1,3485.0,3489.0,3489.0,3484.0,11.0,383740.0,161
2023-05-10 10:38:49,rr2403,rr2403,3484.0,0.0,0.0,0.0,6,3483.0,3488.0,2,3485.0,3489.0,3489.0,3484.0,11.0,383740.0,161
2023-05-10 10:38:49,rr2403,rr2403,3484.0,0.0,0.0,0.0,6,3483.0,3488.0,3,3485.0,3489.0,3489.0,3484.0,11.0,383740.0,161
2023-05-10 10:38:49,rr2403,rr2403,3484.0,0.0,0.0,0.0,6,3483.0,3488.0,4,3485.0,3489.0,3489.0,3484.0,11.0,383740.0,161
2023-05-10 10:38:53,rr2403,rr2403,3484.0,0.0,0.0,0.0,6,3483.0,3488.0,5,3485.0,3489.0,3489.0,3484.0,11.0,383740.0,161
2023-05-10 10:39:09,rr2403,rr2403,3484.0,0.0,0.0,0.0,6,3483.0,3488.0,6,3485.0,3489.0,3489.0,3484.0,11.0,383740.0,161
2023-05-10 10:42:16,rr2403,rr2403,3484.0,0.0,0.0,0.0,6,3483.0,3488.0,4,3485.0,3489.0,3489.0,3484.0,11.0,383740.0,161
2023-05-10 10:42:20,rr2403,rr2403,3484.0,0.0,0.0,0.0,6,3483.0,3488.0,3,3485.0,3489.0,3489.0,3484.0,11.0,383740.0,161
2023-05-10 10:42:50,rr2403,rr2403,3484.0,0.0,0.0,0.0,6,3483.0,3488.0,4,3485.0,3489.0,3489.0,3484.0,11.0,383740.0,161
2023-05-10 10:42:52,rr2403,rr2403,3484.0,0.0,0.0,0.0,6,3483.0,3488.0,5,3485.0,3489.0,3489.0,3484.0,11.0,383740.0,161
2023-05-10 10:42:52,rr2403,rr2403,3484.0,0.0,0.0,0.0,6,3483.0,3488.0,6,3485.0,3489.0,3489.0,3484.0,11.0,383740.0,161
2023-05-10 10:46:36,rr2403,rr2403,3484.0,0.0,0.0,0.0,6,3483.0,3487.0,2,3485.0,3489.0,3489.0,3484.0,11.0,383740.0,161
2023-05-10 10:47:46,rr2403,rr2403,3484.0,0.0,0.0,0.0,6,3483.0,3487.0,4,3485.0,3489.0,3489.0,3484.0,11.0,383740.0,161
2023-05-10 10:50:15,rr2403,rr2403,3484.0,0.0,0.0,0.0,6,3483.0,3487.0,5,3485.0,3489.0,3489.0,3484.0,11.0,383740.0,161
2023-05-10 10:50:16,rr2403,rr2403,3484.0,0.0,0.0,0.0,6,3483.0,3487.0,6,3485.0,3489.0,3489.0,3484.0,11.0,383740.0,161
2023-05-10 10:50:19,rr2403,rr2403,3484.0,0.0,0.0,0.0,6,3483.0,3487.0,4,3485.0,3489.0,3489.0,3484.0,11.0,383740.0,161
2023-05-10 10:50:38,rr2403,rr2403,3484.0,0.0,0.0,0.0,6,3483.0,3486.0,2,3485.0,3489.0,3489.0,3484.0,11.0,383740.0,161
2023-05-10 10:50:44,rr2403,rr2403,3484.0,0.0,0.0,0.0,6,3483.0,3489.0,1,3485.0,3489.0,3489.0,3484.0,11.0,383740.0,161
2023-05-10 10:50:45,rr2403,rr2403,3484.0,0.0,0.0,0.0,6,3483.0,3488.0,1,3485.0,3489.0,3489.0,3484.0,11.0,383740.0,161
2023-05-10 10:50:46,rr2403,rr2403,3484.0,0.0,0.0,0.0,6,3483.0,3488.0,3,3485.0,3489.0,3489.0,3484.0,11.0,383740.0,161
2023-05-10 10:50:47,rr2403,rr2403,3484.0,0.0,0.0,0.0,6,3483.0,3488.0,5,3485.0,3489.0,3489.0,3484.0,11.0,383740.0,161
2023-05-10 10:50:53,rr2403,rr2403,3484.0,0.0,0.0,0.0,6,3483.0,3488.0,6,3485.0,3489.0,3489.0,3484.0,11.0,383740.0,161
2023-05-10 10:50:54,rr2403,rr2403,3484.0,0.0,0.0,0.0,6,3483.0,3488.0,4,3485.0,3489.0,3489.0,3484.0,11.0,383740.0,161
2023-05-10 10:50:55,rr2403,rr2403,3484.0,0.0,0.0,0.0,6,3483.0,3488.0,6,3485.0,3489.0,3489.0,3484.0,11.0,383740.0,161
2023-05-10 10:51:27,rr2403,rr2403,3484.0,0.0,0.0,0.0,6,3483.0,3488.0,3,3485.0,3489.0,3489.0,3484.0,11.0,383740.0,161
2023-05-10 10:51:27,rr2403,rr2403,3484.0,0.0,0.0,0.0,6,3483.0,3487.0,3,3485.0,3489.0,3489.0,3484.0,11.0,383740.0,161
2023-05-10 10:51:30,rr2403,rr2403,3484.0,0.0,0.0,0.0,6,3483.0,3487.0,4,3485.0,3489.0,3489.0,3484.0,11.0,383740.0,161
2023-05-10 11:00:37,rr2403,rr2403,3484.0,0.0,0.0,0.0,6,3483.0,3487.0,3,3485.0,3489.0,3489.0,3484.0,11.0,383740.0,161
2023-05-10 11:00:38,rr2403,rr2403,3484.0,0.0,0.0,0.0,6,3483.0,3488.0,1,3485.0,3489.0,3489.0,3484.0,11.0,383740.0,161
2023-05-10 11:00:38,rr2403,rr2403,3484.0,0.0,0.0,0.0,6,3483.0,3488.0,2,3485.0,3489.0,3489.0,3484.0,11.0,383740.0,161
2023-05-10 11:04:58,rr2403,rr2403,3484.0,0.0,0.0,0.0,6,3483.0,3488.0,1,3485.0,3489.0,3489.0,3484.0,11.0,383740.0,161
2023-05-10 11:05:08,rr2403,rr2403,3484.0,0.0,0.0,0.0,6,3483.0,3488.0,2,3485.0,3489.0,3489.0,3484.0,11.0,383740.0,161
2023-05-10 11:06:38,rr2403,rr2403,3484.0,0.0,0.0,0.0,6,3483.0,3488.0,3,3485.0,3489.0,3489.0,3484.0,11.0,383740.0,161
2023-05-10 11:06:38,rr2403,rr2403,3484.0,0.0,0.0,0.0,6,3483.0,3488.0,4,3485.0,3489.0,3489.0,3484.0,11.0,383740.0,161
2023-05-10 11:06:38,rr2403,rr2403,3484.0,0.0,0.0,0.0,6,3483.0,3488.0,5,3485.0,3489.0,3489.0,3484.0,11.0,383740.0,161
2023-05-10 11:11:18,rr2403,rr2403,3484.0,0.0,0.0,0.0,6,3483.0,3488.0,4,3485.0,3489.0,3489.0,3484.0,11.0,383740.0,161
2023-05-10 11:11:36,rr2403,rr2403,3484.0,0.0,0.0,0.0,6,3483.0,3488.0,1,3485.0,3489.0,3489.0,3484.0,11.0,383740.0,161
2023-05-10 11:12:06,rr2403,rr2403,3484.0,0.0,0.0,0.0,6,3483.0,3489.0,1,3485.0,3489.0,3489.0,3484.0,11.0,383740.0,161
2023-05-10 11:12:07,rr2403,rr2403,3484.0,0.0,0.0,0.0,6,3483.0,3489.0,2,3485.0,3489.0,3489.0,3484.0,11.0,383740.0,161
2023-05-10 11:12:09,rr2403,rr2403,3484.0,0.0,0.0,0.0,6,3483.0,3488.0,2,3485.0,3489.0,3489.0,3484.0,11.0,383740.0,161
2023-05-10 11:12:22,rr2403,rr2403,3484.0,0.0,0.0,0.0,6,3483.0,3488.0,3,3485.0,3489.0,3489.0,3484.0,11.0,383740.0,161
2023-05-10 11:12:23,rr2403,rr2403,3484.0,0.0,0.0,0.0,6,3483.0,3488.0,2,3485.0,3489.0,3489.0,3484.0,11.0,383740.0,161
2023-05-10 11:14:37,rr2403,rr2403,3484.0,0.0,0.0,0.0,7,3483.0,3488.0,2,3485.0,3489.0,3489.0,3484.0,11.0,383740.0,161
2023-05-10 11:17:20,rr2403,rr2403,3484.0,0.0,0.0,0.0,7,3483.0,3489.0,1,3485.0,3489.0,3489.0,3484.0,11.0,383740.0,161
2023-05-10 11:17:21,rr2403,rr2403,3484.0,0.0,0.0,0.0,7,3483.0,3488.0,2,3485.0,3489.0,3489.0,3484.0,11.0,383740.0,161
2023-05-10 11:22:16,rr2403,rr2403,3484.0,0.0,0.0,0.0,7,3483.0,3489.0,1,3485.0,3489.0,3489.0,3484.0,11.0,383740.0,161
2023-05-10 11:22:16,rr2403,rr2403,3484.0,0.0,0.0,0.0,7,3483.0,3489.0,2,3485.0,3489.0,3489.0,3484.0,11.0,383740.0,161
2023-05-10 11:22:18,rr2403,rr2403,3484.0,0.0,0.0,0.0,7,3483.0,3488.0,2,3485.0,3489.0,3489.0,3484.0,11.0,383740.0,161
2023-05-10 11:23:31,rr2403,rr2403,3484.0,0.0,0.0,0.0,7,3483.0,3488.0,3,3485.0,3489.0,3489.0,3484.0,11.0,383740.0,161
2023-05-10 11:23:31,rr2403,rr2403,3484.0,0.0,0.0,0.0,7,3483.0,3488.0,4,3485.0,3489.0,3489.0,3484.0,11.0,383740.0,161
2023-05-10 11:23:33,rr2403,rr2403,3484.0,0.0,0.0,0.0,7,3483.0,3488.0,5,3485.0,3489.0,3489.0,3484.0,11.0,383740.0,161
2023-05-10 11:24:02,rr2403,rr2403,3484.0,0.0,0.0,0.0,7,3483.0,3488.0,6,3485.0,3489.0,3489.0,3484.0,11.0,383740.0,161
2023-05-10 11:24:05,rr2403,rr2403,3484.0,0.0,0.0,0.0,7,3483.0,3488.0,5,3485.0,3489.0,3489.0,3484.0,11.0,383740.0,161
2023-05-10 11:24:11,rr2403,rr2403,3484.0,0.0,0.0,0.0,7,3483.0,3488.0,6,3485.0,3489.0,3489.0,3484.0,11.0,383740.0,161
2023-05-10 11:24:12,rr2403,rr2403,3484.0,0.0,0.0,0.0,7,3483.0,3488.0,5,3485.0,3489.0,3489.0,3484.0,11.0,383740.0,161
2023-05-10 11:24:15,rr2403,rr2403,3484.0,0.0,0.0,0.0,7,3483.0,3488.0,6,3485.0,3489.0,3489.0,3484.0,11.0,383740.0,161
2023-05-10 11:24:16,rr2403,rr2403,3484.0,0.0,0.0,0.0,7,3483.0,3488.0,5,3485.0,3489.0,3489.0,3484.0,11.0,383740.0,161
2023-05-10 11:24:21,rr2403,rr2403,3484.0,0.0,0.0,0.0,7,3483.0,3488.0,6,3485.0,3489.0,3489.0,3484.0,11.0,383740.0,161
2023-05-10 11:24:24,rr2403,rr2403,3484.0,0.0,0.0,0.0,7,3483.0,3488.0,5,3485.0,3489.0,3489.0,3484.0,11.0,383740.0,161
2023-05-10 11:24:31,rr2403,rr2403,3484.0,0.0,0.0,0.0,7,3483.0,3488.0,6,3485.0,3489.0,3489.0,3484.0,11.0,383740.0,161
2023-05-10 11:24:34,rr2403,rr2403,3484.0,0.0,0.0,0.0,7,3483.0,3488.0,5,3485.0,3489.0,3489.0,3484.0,11.0,383740.0,161
2023-05-10 11:24:42,rr2403,rr2403,3484.0,0.0,0.0,0.0,7,3483.0,3488.0,6,3485.0,3489.0,3489.0,3484.0,11.0,383740.0,161
2023-05-10 11:24:45,rr2403,rr2403,3484.0,0.0,0.0,0.0,7,3483.0,3488.0,5,3485.0,3489.0,3489.0,3484.0,11.0,383740.0,161
2023-05-10 11:24:47,rr2403,rr2403,3484.0,0.0,0.0,0.0,7,3483.0,3488.0,6,3485.0,3489.0,3489.0,3484.0,11.0,383740.0,161
2023-05-10 11:25:09,rr2403,rr2403,3484.0,0.0,0.0,0.0,7,3483.0,3487.0,1,3485.0,3489.0,3489.0,3484.0,11.0,383740.0,161
2023-05-10 13:30:39,rr2403,rr2403,3484.0,0.0,0.0,0.0,7,3483.0,3487.0,2,3485.0,3489.0,3489.0,3484.0,11.0,383740.0,161
2023-05-10 13:30:40,rr2403,rr2403,3484.0,0.0,0.0,0.0,7,3483.0,3487.0,1,3485.0,3489.0,3489.0,3484.0,11.0,383740.0,161
2023-05-10 13:33:30,rr2403,rr2403,3484.0,0.0,0.0,0.0,7,3483.0,3486.0,2,3485.0,3489.0,3489.0,3484.0,11.0,383740.0,161
2023-05-10 13:34:10,rr2403,rr2403,3484.0,0.0,0.0,0.0,7,3483.0,3487.0,1,3485.0,3489.0,3489.0,3484.0,11.0,383740.0,161
2023-05-10 13:34:13,rr2403,rr2403,3484.0,0.0,0.0,0.0,7,3483.0,3486.0,1,3485.0,3489.0,3489.0,3484.0,11.0,383740.0,161
2023-05-10 13:34:25,rr2403,rr2403,3484.0,0.0,0.0,0.0,7,3483.0,3486.0,2,3485.0,3489.0,3489.0,3484.0,11.0,383740.0,161
2023-05-10 13:37:53,rr2403,rr2403,3484.0,0.0,0.0,0.0,7,3483.0,3485.0,1,3485.0,3489.0,3489.0,3484.0,11.0,383740.0,161
2023-05-10 14:08:13,rr2403,rr2403,3485.0,1.0,34850.0,0.0,7,3483.0,3486.0,2,3485.0,3489.0,3489.0,3484.0,12.0,418590.0,161
2023-05-10 14:08:25,rr2403,rr2403,3485.0,0.0,0.0,0.0,6,3483.0,3486.0,2,3485.0,3489.0,3489.0,3484.0,12.0,418590.0,161
2023-05-10 14:08:35,rr2403,rr2403,3483.0,1.0,34830.0,0.0,5,3483.0,3486.0,2,3485.0,3489.0,3489.0,3483.0,13.0,453420.0,161
2023-05-10 14:10:40,rr2403,rr2403,3483.0,0.0,0.0,0.0,1,3483.0,3486.0,2,3485.0,3489.0,3489.0,3483.0,13.0,453420.0,161
2023-05-10 14:12:49,rr2403,rr2403,3483.0,0.0,0.0,0.0,1,3483.0,3489.0,1,3485.0,3489.0,3489.0,3483.0,13.0,453420.0,161
2023-05-10 14:12:50,rr2403,rr2403,3483.0,0.0,0.0,0.0,1,3483.0,3489.0,3,3485.0,3489.0,3489.0,3483.0,13.0,453420.0,161
2023-05-10 14:12:51,rr2403,rr2403,3483.0,0.0,0.0,0.0,1,3483.0,3488.0,3,3485.0,3489.0,3489.0,3483.0,13.0,453420.0,161
2023-05-10 14:12:52,rr2403,rr2403,3483.0,0.0,0.0,0.0,1,3483.0,3488.0,4,3485.0,3489.0,3489.0,3483.0,13.0,453420.0,161
2023-05-10 14:12:55,rr2403,rr2403,3483.0,0.0,0.0,0.0,1,3483.0,3487.0,2,3485.0,3489.0,3489.0,3483.0,13.0,453420.0,161
2023-05-10 14:13:05,rr2403,rr2403,3483.0,0.0,0.0,0.0,1,3483.0,3487.0,5,3485.0,3489.0,3489.0,3483.0,13.0,453420.0,161
2023-05-10 14:13:09,rr2403,rr2403,3483.0,0.0,0.0,0.0,1,3483.0,3487.0,6,3485.0,3489.0,3489.0,3483.0,13.0,453420.0,161
2023-05-10 14:13:10,rr2403,rr2403,3483.0,0.0,0.0,0.0,1,3483.0,3487.0,2,3485.0,3489.0,3489.0,3483.0,13.0,453420.0,161
2023-05-10 14:13:11,rr2403,rr2403,3483.0,0.0,0.0,0.0,1,3483.0,3487.0,3,3485.0,3489.0,3489.0,3483.0,13.0,453420.0,161
2023-05-10 14:13:11,rr2403,rr2403,3483.0,0.0,0.0,0.0,1,3483.0,3487.0,2,3485.0,3489.0,3489.0,3483.0,13.0,453420.0,161
2023-05-10 14:13:12,rr2403,rr2403,3483.0,0.0,0.0,0.0,1,3483.0,3487.0,3,3485.0,3489.0,3489.0,3483.0,13.0,453420.0,161
2023-05-10 14:13:49,rr2403,rr2403,3483.0,0.0,0.0,0.0,1,3483.0,3487.0,4,3485.0,3489.0,3489.0,3483.0,13.0,453420.0,161
2023-05-10 14:13:55,rr2403,rr2403,3483.0,0.0,0.0,0.0,1,3483.0,3487.0,3,3485.0,3489.0,3489.0,3483.0,13.0,453420.0,161
2023-05-10 14:14:17,rr2403,rr2403,3483.0,0.0,0.0,0.0,1,3483.0,3487.0,4,3485.0,3489.0,3489.0,3483.0,13.0,453420.0,161
2023-05-10 14:14:30,rr2403,rr2403,3483.0,0.0,0.0,0.0,1,3483.0,3487.0,6,3485.0,3489.0,3489.0,3483.0,13.0,453420.0,161
2023-05-10 14:14:36,rr2403,rr2403,3483.0,0.0,0.0,0.0,1,3483.0,3487.0,4,3485.0,3489.0,3489.0,3483.0,13.0,453420.0,161
2023-05-10 14:15:12,rr2403,rr2403,3483.0,0.0,0.0,0.0,1,3483.0,3487.0,5,3485.0,3489.0,3489.0,3483.0,13.0,453420.0,161
2023-05-10 14:15:13,rr2403,rr2403,3483.0,0.0,0.0,0.0,1,3483.0,3487.0,7,3485.0,3489.0,3489.0,3483.0,13.0,453420.0,161
2023-05-10 14:15:16,rr2403,rr2403,3483.0,0.0,0.0,0.0,1,3483.0,3487.0,4,3485.0,3489.0,3489.0,3483.0,13.0,453420.0,161
2023-05-10 14:15:40,rr2403,rr2403,3483.0,0.0,0.0,0.0,1,3483.0,3487.0,3,3485.0,3489.0,3489.0,3483.0,13.0,453420.0,161
2023-05-10 14:16:34,rr2403,rr2403,3483.0,0.0,0.0,0.0,1,3483.0,3487.0,4,3485.0,3489.0,3489.0,3483.0,13.0,453420.0,161
2023-05-10 14:16:34,rr2403,rr2403,3483.0,0.0,0.0,0.0,1,3483.0,3487.0,3,3485.0,3489.0,3489.0,3483.0,13.0,453420.0,161
2023-05-10 14:16:36,rr2403,rr2403,3483.0,0.0,0.0,0.0,1,3483.0,3487.0,6,3485.0,3489.0,3489.0,3483.0,13.0,453420.0,161
2023-05-10 14:16:38,rr2403,rr2403,3483.0,0.0,0.0,0.0,1,3483.0,3487.0,3,3485.0,3489.0,3489.0,3483.0,13.0,453420.0,161
2023-05-10 14:17:02,rr2403,rr2403,3483.0,0.0,0.0,0.0,1,3483.0,3487.0,2,3485.0,3489.0,3489.0,3483.0,13.0,453420.0,161
2023-05-10 14:17:05,rr2403,rr2403,3483.0,0.0,0.0,0.0,1,3483.0,3487.0,3,3485.0,3489.0,3489.0,3483.0,13.0,453420.0,161
2023-05-10 14:17:08,rr2403,rr2403,3483.0,0.0,0.0,0.0,1,3483.0,3487.0,2,3485.0,3489.0,3489.0,3483.0,13.0,453420.0,161
2023-05-10 14:17:09,rr2403,rr2403,3483.0,0.0,0.0,0.0,1,3483.0,3487.0,3,3485.0,3489.0,3489.0,3483.0,13.0,453420.0,161
2023-05-10 14:17:18,rr2403,rr2403,3483.0,0.0,0.0,0.0,1,3483.0,3487.0,6,3485.0,3489.0,3489.0,3483.0,13.0,453420.0,161
2023-05-10 14:17:21,rr2403,rr2403,3483.0,0.0,0.0,0.0,1,3483.0,3487.0,3,3485.0,3489.0,3489.0,3483.0,13.0,453420.0,161
2023-05-10 14:18:15,rr2403,rr2403,3483.0,0.0,0.0,0.0,1,3483.0,3487.0,2,3485.0,3489.0,3489.0,3483.0,13.0,453420.0,161
2023-05-10 14:19:40,rr2403,rr2403,3483.0,0.0,0.0,0.0,1,3483.0,3487.0,3,3485.0,3489.0,3489.0,3483.0,13.0,453420.0,161
2023-05-10 14:19:40,rr2403,rr2403,3483.0,0.0,0.0,0.0,1,3483.0,3487.0,2,3485.0,3489.0,3489.0,3483.0,13.0,453420.0,161
2023-05-10 14:20:01,rr2403,rr2403,3483.0,0.0,0.0,0.0,1,3483.0,3487.0,3,3485.0,3489.0,3489.0,3483.0,13.0,453420.0,161
2023-05-10 14:20:02,rr2403,rr2403,3483.0,0.0,0.0,0.0,1,3483.0,3487.0,2,3485.0,3489.0,3489.0,3483.0,13.0,453420.0,161
2023-05-10 14:20:08,rr2403,rr2403,3483.0,0.0,0.0,0.0,1,3483.0,3487.0,5,3485.0,3489.0,3489.0,3483.0,13.0,453420.0,161
2023-05-10 14:20:09,rr2403,rr2403,3483.0,0.0,0.0,0.0,1,3483.0,3487.0,6,3485.0,3489.0,3489.0,3483.0,13.0,453420.0,161
2023-05-10 14:20:10,rr2403,rr2403,3483.0,0.0,0.0,0.0,1,3483.0,3487.0,5,3485.0,3489.0,3489.0,3483.0,13.0,453420.0,161
2023-05-10 14:20:10,rr2403,rr2403,3483.0,0.0,0.0,0.0,1,3483.0,3487.0,2,3485.0,3489.0,3489.0,3483.0,13.0,453420.0,161
2023-05-10 14:20:17,rr2403,rr2403,3483.0,0.0,0.0,0.0,1,3483.0,3487.0,3,3485.0,3489.0,3489.0,3483.0,13.0,453420.0,161
2023-05-10 14:20:17,rr2403,rr2403,3483.0,0.0,0.0,0.0,1,3483.0,3487.0,2,3485.0,3489.0,3489.0,3483.0,13.0,453420.0,161
2023-05-10 14:20:54,rr2403,rr2403,3483.0,0.0,0.0,0.0,1,3483.0,3487.0,3,3485.0,3489.0,3489.0,3483.0,13.0,453420.0,161
2023-05-10 14:20:54,rr2403,rr2403,3483.0,0.0,0.0,0.0,1,3483.0,3487.0,2,3485.0,3489.0,3489.0,3483.0,13.0,453420.0,161
2023-05-10 14:21:23,rr2403,rr2403,3483.0,0.0,0.0,0.0,1,3483.0,3487.0,3,3485.0,3489.0,3489.0,3483.0,13.0,453420.0,161
2023-05-10 14:21:23,rr2403,rr2403,3483.0,0.0,0.0,0.0,1,3483.0,3487.0,2,3485.0,3489.0,3489.0,3483.0,13.0,453420.0,161
2023-05-10 14:21:30,rr2403,rr2403,3483.0,0.0,0.0,0.0,1,3483.0,3487.0,3,3485.0,3489.0,3489.0,3483.0,13.0,453420.0,161
2023-05-10 14:21:32,rr2403,rr2403,3483.0,0.0,0.0,0.0,1,3483.0,3487.0,6,3485.0,3489.0,3489.0,3483.0,13.0,453420.0,161
2023-05-10 14:21:35,rr2403,rr2403,3483.0,0.0,0.0,0.0,1,3483.0,3487.0,3,3485.0,3489.0,3489.0,3483.0,13.0,453420.0,161
2023-05-10 14:21:56,rr2403,rr2403,3483.0,0.0,0.0,0.0,1,3483.0,3487.0,2,3485.0,3489.0,3489.0,3483.0,13.0,453420.0,161
2023-05-10 14:22:15,rr2403,rr2403,3483.0,0.0,0.0,0.0,1,3483.0,3487.0,5,3485.0,3489.0,3489.0,3483.0,13.0,453420.0,161
2023-05-10 14:22:17,rr2403,rr2403,3483.0,0.0,0.0,0.0,1,3483.0,3487.0,2,3485.0,3489.0,3489.0,3483.0,13.0,453420.0,161
2023-05-10 14:22:22,rr2403,rr2403,3483.0,0.0,0.0,0.0,1,3483.0,3487.0,3,3485.0,3489.0,3489.0,3483.0,13.0,453420.0,161
2023-05-10 14:22:59,rr2403,rr2403,3483.0,0.0,0.0,0.0,1,3483.0,3487.0,4,3485.0,3489.0,3489.0,3483.0,13.0,453420.0,161
2023-05-10 14:22:59,rr2403,rr2403,3483.0,0.0,0.0,0.0,1,3483.0,3487.0,5,3485.0,3489.0,3489.0,3483.0,13.0,453420.0,161
2023-05-10 14:23:06,rr2403,rr2403,3483.0,0.0,0.0,0.0,1,3483.0,3487.0,3,3485.0,3489.0,3489.0,3483.0,13.0,453420.0,161
2023-05-10 14:25:06,rr2403,rr2403,3483.0,0.0,0.0,0.0,1,3483.0,3487.0,4,3485.0,3489.0,3489.0,3483.0,13.0,453420.0,161
2023-05-10 14:25:07,rr2403,rr2403,3483.0,0.0,0.0,0.0,1,3483.0,3487.0,5,3485.0,3489.0,3489.0,3483.0,13.0,453420.0,161
2023-05-10 14:25:07,rr2403,rr2403,3483.0,0.0,0.0,0.0,1,3483.0,3487.0,6,3485.0,3489.0,3489.0,3483.0,13.0,453420.0,161
2023-05-10 14:25:08,rr2403,rr2403,3483.0,0.0,0.0,0.0,1,3483.0,3487.0,7,3485.0,3489.0,3489.0,3483.0,13.0,453420.0,161
2023-05-10 14:25:09,rr2403,rr2403,3483.0,0.0,0.0,0.0,1,3483.0,3487.0,6,3485.0,3489.0,3489.0,3483.0,13.0,453420.0,161
2023-05-10 14:25:15,rr2403,rr2403,3483.0,0.0,0.0,0.0,1,3483.0,3487.0,4,3485.0,3489.0,3489.0,3483.0,13.0,453420.0,161
2023-05-10 14:27:16,rr2403,rr2403,3483.0,0.0,0.0,0.0,1,3483.0,3487.0,5,3485.0,3489.0,3489.0,3483.0,13.0,453420.0,161
2023-05-10 14:27:16,rr2403,rr2403,3483.0,0.0,0.0,0.0,1,3483.0,3487.0,7,3485.0,3489.0,3489.0,3483.0,13.0,453420.0,161
2023-05-10 14:30:59,rr2403,rr2403,3483.0,0.0,0.0,0.0,1,3483.0,3487.0,4,3485.0,3489.0,3489.0,3483.0,13.0,453420.0,161
2023-05-10 14:31:35,rr2403,rr2403,3483.0,0.0,0.0,0.0,1,3483.0,3487.0,6,3485.0,3489.0,3489.0,3483.0,13.0,453420.0,161
2023-05-10 14:31:36,rr2403,rr2403,3483.0,0.0,0.0,0.0,1,3483.0,3487.0,7,3485.0,3489.0,3489.0,3483.0,13.0,453420.0,161
2023-05-10 14:32:15,rr2403,rr2403,3483.0,0.0,0.0,0.0,1,3483.0,3487.0,6,3485.0,3489.0,3489.0,3483.0,13.0,453420.0,161
2023-05-10 14:32:16,rr2403,rr2403,3483.0,0.0,0.0,0.0,1,3483.0,3487.0,4,3485.0,3489.0,3489.0,3483.0,13.0,453420.0,161
2023-05-10 14:32:49,rr2403,rr2403,3483.0,0.0,0.0,0.0,1,3483.0,3487.0,3,3485.0,3489.0,3489.0,3483.0,13.0,453420.0,161
2023-05-10 14:32:56,rr2403,rr2403,3483.0,0.0,0.0,0.0,1,3483.0,3487.0,6,3485.0,3489.0,3489.0,3483.0,13.0,453420.0,161
2023-05-10 14:33:01,rr2403,rr2403,3483.0,0.0,0.0,0.0,1,3483.0,3487.0,3,3485.0,3489.0,3489.0,3483.0,13.0,453420.0,161
2023-05-10 14:33:37,rr2403,rr2403,3483.0,0.0,0.0,0.0,1,3483.0,3487.0,5,3485.0,3489.0,3489.0,3483.0,13.0,453420.0,161
2023-05-10 14:33:37,rr2403,rr2403,3483.0,0.0,0.0,0.0,1,3483.0,3487.0,6,3485.0,3489.0,3489.0,3483.0,13.0,453420.0,161
2023-05-10 14:33:39,rr2403,rr2403,3483.0,0.0,0.0,0.0,1,3483.0,3487.0,3,3485.0,3489.0,3489.0,3483.0,13.0,453420.0,161
2023-05-10 14:35:51,rr2403,rr2403,3483.0,0.0,0.0,0.0,1,3483.0,3487.0,4,3485.0,3489.0,3489.0,3483.0,13.0,453420.0,161
2023-05-10 14:36:52,rr2403,rr2403,3483.0,0.0,0.0,0.0,1,3483.0,3487.0,3,3485.0,3489.0,3489.0,3483.0,13.0,453420.0,161
2023-05-10 14:38:42,rr2403,rr2403,3483.0,0.0,0.0,0.0,1,3483.0,3487.0,4,3485.0,3489.0,3489.0,3483.0,13.0,453420.0,161
2023-05-10 14:39:12,rr2403,rr2403,3483.0,0.0,0.0,0.0,1,3483.0,3487.0,7,3485.0,3489.0,3489.0,3483.0,13.0,453420.0,161
2023-05-10 14:39:18,rr2403,rr2403,3483.0,0.0,0.0,0.0,1,3483.0,3487.0,4,3485.0,3489.0,3489.0,3483.0,13.0,453420.0,161
2023-05-10 14:39:46,rr2403,rr2403,3483.0,0.0,0.0,0.0,1,3483.0,3487.0,3,3485.0,3489.0,3489.0,3483.0,13.0,453420.0,161
2023-05-10 14:39:47,rr2403,rr2403,3483.0,0.0,0.0,0.0,1,3483.0,3487.0,4,3485.0,3489.0,3489.0,3483.0,13.0,453420.0,161
2023-05-10 14:39:54,rr2403,rr2403,3483.0,0.0,0.0,0.0,1,3483.0,3487.0,7,3485.0,3489.0,3489.0,3483.0,13.0,453420.0,161
2023-05-10 14:39:56,rr2403,rr2403,3483.0,0.0,0.0,0.0,1,3483.0,3487.0,4,3485.0,3489.0,3489.0,3483.0,13.0,453420.0,161
2023-05-10 14:39:58,rr2403,rr2403,3483.0,0.0,0.0,0.0,1,3483.0,3487.0,3,3485.0,3489.0,3489.0,3483.0,13.0,453420.0,161
2023-05-10 14:42:02,rr2403,rr2403,3483.0,0.0,0.0,0.0,1,3483.0,3487.0,2,3485.0,3489.0,3489.0,3483.0,13.0,453420.0,161
2023-05-10 14:43:23,rr2403,rr2403,3483.0,0.0,0.0,0.0,1,3483.0,3487.0,3,3485.0,3489.0,3489.0,3483.0,13.0,453420.0,161
2023-05-10 14:43:25,rr2403,rr2403,3483.0,0.0,0.0,0.0,1,3483.0,3487.0,6,3485.0,3489.0,3489.0,3483.0,13.0,453420.0,161
2023-05-10 14:43:28,rr2403,rr2403,3483.0,0.0,0.0,0.0,1,3483.0,3487.0,5,3485.0,3489.0,3489.0,3483.0,13.0,453420.0,161
2023-05-10 14:43:28,rr2403,rr2403,3483.0,0.0,0.0,0.0,1,3483.0,3487.0,2,3485.0,3489.0,3489.0,3483.0,13.0,453420.0,161
2023-05-10 14:44:11,rr2403,rr2403,3483.0,0.0,0.0,0.0,1,3483.0,3487.0,5,3485.0,3489.0,3489.0,3483.0,13.0,453420.0,161
2023-05-10 14:44:17,rr2403,rr2403,3483.0,0.0,0.0,0.0,1,3483.0,3487.0,2,3485.0,3489.0,3489.0,3483.0,13.0,453420.0,161
2023-05-10 14:44:54,rr2403,rr2403,3483.0,0.0,0.0,0.0,1,3483.0,3487.0,5,3485.0,3489.0,3489.0,3483.0,13.0,453420.0,161
2023-05-10 14:45:02,rr2403,rr2403,3483.0,0.0,0.0,0.0,1,3483.0,3486.0,1,3485.0,3489.0,3489.0,3483.0,13.0,453420.0,161
2023-05-10 14:46:26,rr2403,rr2403,3483.0,0.0,0.0,0.0,1,3483.0,3487.0,2,3485.0,3489.0,3489.0,3483.0,13.0,453420.0,161
2023-05-10 14:46:29,rr2403,rr2403,3483.0,0.0,0.0,0.0,1,3483.0,3488.0,2,3485.0,3489.0,3489.0,3483.0,13.0,453420.0,161
2023-05-10 14:46:30,rr2403,rr2403,3483.0,0.0,0.0,0.0,1,3483.0,3488.0,3,3485.0,3489.0,3489.0,3483.0,13.0,453420.0,161
2023-05-10 14:47:56,rr2403,rr2403,3483.0,0.0,0.0,0.0,1,3483.0,3488.0,2,3485.0,3489.0,3489.0,3483.0,13.0,453420.0,161
2023-05-10 14:48:18,rr2403,rr2403,3483.0,0.0,0.0,0.0,1,3483.0,3488.0,3,3485.0,3489.0,3489.0,3483.0,13.0,453420.0,161
2023-05-10 14:50:37,rr2403,rr2403,3483.0,0.0,0.0,0.0,1,3483.0,3488.0,2,3485.0,3489.0,3489.0,3483.0,13.0,453420.0,161
2023-05-10 14:57:40,rr2403,rr2403,3483.0,0.0,0.0,0.0,1,3483.0,3489.0,1,3485.0,3489.0,3489.0,3483.0,13.0,453420.0,161
2023-05-10 14:57:42,rr2403,rr2403,3483.0,0.0,0.0,0.0,1,3483.0,3489.0,2,3485.0,3489.0,3489.0,3483.0,13.0,453420.0,161
2023-05-10 14:57:43,rr2403,rr2403,3483.0,0.0,0.0,0.0,1,3483.0,3489.0,3,3485.0,3489.0,3489.0,3483.0,13.0,453420.0,161
2023-05-10 14:57:45,rr2403,rr2403,3483.0,0.0,0.0,0.0,1,3483.0,3488.0,2,3485.0,3489.0,3489.0,3483.0,13.0,453420.0,161
2023-05-10 14:58:18,rr2403,rr2403,3483.0,0.0,0.0,0.0,10,3482.0,3488.0,2,3485.0,3489.0,3489.0,3483.0,13.0,453420.0,161
2023-05-10 15:01:14,rr2403,rr2403,3483.0,0.0,0.0,0.0,10,3482.0,3488.0,2,3485.0,3489.0,3489.0,3483.0,13.0,453420.0,161
