time,symbol_id,symbol_name,last,trade_volume,trade_amount,open_interest_change,bv1,bp1,ap1,av1,yesterday_close,today_open,today_high,today_low,volume,amount,open_interest
2023-05-11 08:55:00,UR2308,UR2308,1934.0,0.0,0.0,0.0,0,0.0,0.0,0,1934.0,1923.0,0.0,0.0,0.0,0.0,65018
2023-05-11 08:55:17,UR2308,UR2308,1934.0,0.0,0.0,0.0,0,0.0,0.0,0,1934.0,1923.0,0.0,0.0,0.0,0.0,65018
2023-05-11 08:55:19,UR2308,UR2308,1934.0,0.0,0.0,0.0,0,0.0,0.0,0,1934.0,1923.0,0.0,0.0,0.0,0.0,65018
2023-05-11 08:55:20,UR2308,UR2308,1934.0,0.0,0.0,0.0,0,0.0,0.0,0,1934.0,1923.0,0.0,0.0,0.0,0.0,65018
2023-05-11 08:55:21,UR2308,UR2308,1934.0,0.0,0.0,0.0,0,0.0,0.0,0,1934.0,1923.0,0.0,0.0,0.0,0.0,65018
2023-05-11 08:55:23,UR2308,UR2308,1934.0,0.0,0.0,0.0,0,0.0,0.0,0,1934.0,1923.0,0.0,0.0,0.0,0.0,65018
2023-05-11 08:55:24,UR2308,UR2308,1934.0,0.0,0.0,0.0,0,0.0,0.0,0,1934.0,1923.0,0.0,0.0,0.0,0.0,65018
2023-05-11 08:55:25,UR2308,UR2308,1934.0,0.0,0.0,0.0,0,0.0,0.0,0,1934.0,1923.0,0.0,0.0,0.0,0.0,65018
2023-05-11 08:55:27,UR2308,UR2308,1934.0,0.0,0.0,0.0,0,0.0,0.0,0,1934.0,1923.0,0.0,0.0,0.0,0.0,65018
2023-05-11 08:55:29,UR2308,UR2308,1934.0,0.0,0.0,0.0,0,0.0,0.0,0,1934.0,1923.0,0.0,0.0,0.0,0.0,65018
2023-05-11 08:55:45,UR2308,UR2308,1934.0,0.0,0.0,0.0,0,0.0,0.0,0,1934.0,1923.0,0.0,0.0,0.0,0.0,65018
2023-05-11 08:55:46,UR2308,UR2308,1934.0,0.0,0.0,0.0,0,0.0,0.0,0,1934.0,1923.0,0.0,0.0,0.0,0.0,65018
2023-05-11 08:57:36,UR2308,UR2308,1934.0,0.0,0.0,0.0,0,0.0,0.0,0,1934.0,1923.0,0.0,0.0,0.0,0.0,65018
2023-05-11 08:59:00,UR2308,UR2308,1923.0,174.0,334602.0,-160.0,20,1923.0,1927.0,13,1934.0,1923.0,1923.0,1923.0,174.0,334602.0,64858
2023-05-11 09:00:00,UR2308,UR2308,1923.0,13.0,24999.0,-3.0,7,1923.0,1924.0,11,1934.0,1923.0,1923.0,1923.0,187.0,359601.0,64855
2023-05-11 09:00:00,UR2308,UR2308,1920.0,17.0,32691.0,-13.0,10,1915.0,1918.0,2,1934.0,1923.0,1923.0,1920.0,204.0,392292.0,64842
2023-05-11 09:00:01,UR2308,UR2308,1915.0,2.0,3846.0,-1.0,10,1914.0,1916.0,1,1934.0,1923.0,1923.0,1915.0,206.0,396138.0,64841
2023-05-11 09:00:01,UR2308,UR2308,1918.0,3.0,5769.0,1.0,1,1915.0,1916.0,4,1934.0,1923.0,1923.0,1915.0,209.0,401907.0,64842
2023-05-11 09:00:02,UR2308,UR2308,1915.0,1.0,1923.0,-1.0,1,1916.0,1918.0,3,1934.0,1923.0,1923.0,1915.0,210.0,403830.0,64841
2023-05-11 09:00:02,UR2308,UR2308,1918.0,2.0,3846.0,-2.0,1,1916.0,1919.0,3,1934.0,1923.0,1923.0,1915.0,212.0,407676.0,64839
2023-05-11 09:00:03,UR2308,UR2308,1916.0,1.0,1923.0,-1.0,1,1916.0,1917.0,1,1934.0,1923.0,1923.0,1915.0,213.0,409599.0,64838
2023-05-11 09:00:03,UR2308,UR2308,1920.0,4.0,7475.0,0.0,1,1917.0,1918.0,8,1934.0,1923.0,1923.0,1915.0,217.0,417074.0,64838
2023-05-11 09:00:04,UR2308,UR2308,1917.0,1.0,1922.0,0.0,14,1916.0,1918.0,7,1934.0,1923.0,1923.0,1915.0,218.0,418996.0,64838
2023-05-11 09:00:04,UR2308,UR2308,1916.0,1.0,1922.0,0.0,11,1915.0,1917.0,6,1934.0,1923.0,1923.0,1915.0,219.0,420918.0,64838
2023-05-11 09:00:05,UR2308,UR2308,1917.0,1.0,1922.0,-1.0,11,1915.0,1917.0,5,1934.0,1923.0,1923.0,1915.0,220.0,422840.0,64837
2023-05-11 09:00:05,UR2308,UR2308,1917.0,0.0,0.0,0.0,14,1916.0,1918.0,5,1934.0,1923.0,1923.0,1915.0,220.0,422840.0,64837
2023-05-11 09:00:06,UR2308,UR2308,1917.0,1.0,1922.0,0.0,13,1916.0,1919.0,5,1934.0,1923.0,1923.0,1915.0,221.0,424762.0,64837
2023-05-11 09:00:06,UR2308,UR2308,1917.0,6.0,11532.0,-1.0,2,1918.0,1919.0,3,1934.0,1923.0,1923.0,1915.0,227.0,436294.0,64836
2023-05-11 09:00:07,UR2308,UR2308,1918.0,13.0,24986.0,-11.0,9,1917.0,1919.0,2,1934.0,1923.0,1923.0,1915.0,240.0,461280.0,64825
2023-05-11 09:00:07,UR2308,UR2308,1918.0,0.0,0.0,0.0,11,1917.0,1919.0,2,1934.0,1923.0,1923.0,1915.0,240.0,461280.0,64825
2023-05-11 09:00:08,UR2308,UR2308,1919.0,13.0,24986.0,-8.0,4,1919.0,1921.0,9,1934.0,1923.0,1923.0,1915.0,253.0,486266.0,64817
2023-05-11 09:00:08,UR2308,UR2308,1920.0,3.0,5766.0,0.0,9,1919.0,1921.0,6,1934.0,1923.0,1923.0,1915.0,256.0,492032.0,64817
2023-05-11 09:00:09,UR2308,UR2308,1920.0,0.0,0.0,0.0,9,1919.0,1920.0,1,1934.0,1923.0,1923.0,1915.0,256.0,492032.0,64817
2023-05-11 09:00:09,UR2308,UR2308,1920.0,0.0,0.0,0.0,9,1919.0,1921.0,7,1934.0,1923.0,1923.0,1915.0,256.0,492032.0,64817
2023-05-11 09:00:10,UR2308,UR2308,1920.0,0.0,0.0,0.0,8,1919.0,1921.0,7,1934.0,1923.0,1923.0,1915.0,256.0,492032.0,64817
2023-05-11 09:00:10,UR2308,UR2308,1920.0,0.0,0.0,0.0,9,1919.0,1921.0,6,1934.0,1923.0,1923.0,1915.0,256.0,492032.0,64817
2023-05-11 09:00:11,UR2308,UR2308,1920.0,0.0,0.0,0.0,10,1919.0,1921.0,6,1934.0,1923.0,1923.0,1915.0,256.0,492032.0,64817
2023-05-11 09:00:11,UR2308,UR2308,1920.0,0.0,0.0,0.0,11,1920.0,1922.0,7,1934.0,1923.0,1923.0,1915.0,256.0,492032.0,64817
2023-05-11 09:00:12,UR2308,UR2308,1921.0,1.0,1922.0,0.0,11,1920.0,1922.0,5,1934.0,1923.0,1923.0,1915.0,257.0,493954.0,64817
2023-05-11 09:00:12,UR2308,UR2308,1921.0,0.0,0.0,0.0,1,1920.0,1921.0,5,1934.0,1923.0,1923.0,1915.0,257.0,493954.0,64817
2023-05-11 09:00:13,UR2308,UR2308,1921.0,63.0,121086.0,-62.0,13,1921.0,1923.0,36,1934.0,1923.0,1923.0,1915.0,320.0,615040.0,64755
2023-05-11 09:00:14,UR2308,UR2308,1921.0,0.0,0.0,0.0,14,1921.0,1923.0,36,1934.0,1923.0,1923.0,1915.0,320.0,615040.0,64755
2023-05-11 09:00:14,UR2308,UR2308,1921.0,0.0,0.0,0.0,13,1921.0,1922.0,10,1934.0,1923.0,1923.0,1915.0,320.0,615040.0,64755
2023-05-11 09:00:15,UR2308,UR2308,1921.0,0.0,0.0,0.0,13,1921.0,1923.0,35,1934.0,1923.0,1923.0,1915.0,320.0,615040.0,64755
2023-05-11 09:00:15,UR2308,UR2308,1921.0,0.0,0.0,0.0,13,1921.0,1923.0,23,1934.0,1923.0,1923.0,1915.0,320.0,615040.0,64755
2023-05-11 09:00:15,UR2308,UR2308,1921.0,1.0,1922.0,0.0,12,1921.0,1923.0,35,1934.0,1923.0,1923.0,1915.0,321.0,616962.0,64755
2023-05-11 09:00:16,UR2308,UR2308,1921.0,1.0,1922.0,-1.0,11,1921.0,1923.0,20,1934.0,1923.0,1923.0,1915.0,322.0,618884.0,64754
2023-05-11 09:00:17,UR2308,UR2308,1921.0,0.0,0.0,0.0,9,1922.0,1923.0,2,1934.0,1923.0,1923.0,1915.0,322.0,618884.0,64754
2023-05-11 09:00:17,UR2308,UR2308,1923.0,1.0,1922.0,0.0,11,1922.0,1923.0,1,1934.0,1923.0,1923.0,1915.0,323.0,620806.0,64754
2023-05-11 09:00:17,UR2308,UR2308,1923.0,0.0,0.0,0.0,10,1922.0,1923.0,1,1934.0,1923.0,1923.0,1915.0,323.0,620806.0,64754
2023-05-11 09:00:19,UR2308,UR2308,1923.0,0.0,0.0,0.0,1,1922.0,1923.0,1,1934.0,1923.0,1923.0,1915.0,323.0,620806.0,64754
2023-05-11 09:00:20,UR2308,UR2308,1923.0,0.0,0.0,0.0,10,1922.0,1923.0,1,1934.0,1923.0,1923.0,1915.0,323.0,620806.0,64754
2023-05-11 09:00:20,UR2308,UR2308,1923.0,1.0,1922.0,0.0,9,1922.0,1925.0,19,1934.0,1923.0,1923.0,1915.0,324.0,622728.0,64754
2023-05-11 09:00:21,UR2308,UR2308,1922.0,15.0,28830.0,-8.0,3,1922.0,1925.0,19,1934.0,1923.0,1923.0,1915.0,339.0,651558.0,64746
2023-05-11 09:00:21,UR2308,UR2308,1922.0,0.0,0.0,0.0,6,1922.0,1924.0,4,1934.0,1923.0,1923.0,1915.0,339.0,651558.0,64746
2023-05-11 09:00:22,UR2308,UR2308,1922.0,0.0,0.0,0.0,15,1921.0,1924.0,22,1934.0,1923.0,1923.0,1915.0,339.0,651558.0,64746
2023-05-11 09:00:22,UR2308,UR2308,1922.0,0.0,0.0,0.0,17,1921.0,1924.0,22,1934.0,1923.0,1923.0,1915.0,339.0,651558.0,64746
2023-05-11 09:00:23,UR2308,UR2308,1922.0,0.0,0.0,0.0,10,1921.0,1923.0,23,1934.0,1923.0,1923.0,1915.0,339.0,651558.0,64746
2023-05-11 09:00:24,UR2308,UR2308,1921.0,1.0,1922.0,-1.0,9,1921.0,1922.0,11,1934.0,1923.0,1923.0,1915.0,340.0,653480.0,64745
2023-05-11 09:00:24,UR2308,UR2308,1921.0,0.0,0.0,0.0,9,1921.0,1923.0,18,1934.0,1923.0,1923.0,1915.0,340.0,653480.0,64745
2023-05-11 09:00:25,UR2308,UR2308,1921.0,0.0,0.0,0.0,9,1921.0,1923.0,19,1934.0,1923.0,1923.0,1915.0,340.0,653480.0,64745
2023-05-11 09:00:28,UR2308,UR2308,1921.0,0.0,0.0,0.0,10,1921.0,1923.0,19,1934.0,1923.0,1923.0,1915.0,340.0,653480.0,64745
2023-05-11 09:00:30,UR2308,UR2308,1921.0,0.0,0.0,0.0,10,1921.0,1923.0,11,1934.0,1923.0,1923.0,1915.0,340.0,653480.0,64745
2023-05-11 09:00:30,UR2308,UR2308,1921.0,0.0,0.0,0.0,13,1921.0,1924.0,19,1934.0,1923.0,1923.0,1915.0,340.0,653480.0,64745
2023-05-11 09:00:32,UR2308,UR2308,1921.0,0.0,0.0,0.0,13,1921.0,1924.0,18,1934.0,1923.0,1923.0,1915.0,340.0,653480.0,64745
2023-05-11 09:00:32,UR2308,UR2308,1921.0,0.0,0.0,0.0,4,1922.0,1925.0,18,1934.0,1923.0,1923.0,1915.0,340.0,653480.0,64745
2023-05-11 09:00:33,UR2308,UR2308,1921.0,0.0,0.0,0.0,1,1924.0,1926.0,18,1934.0,1923.0,1923.0,1915.0,340.0,653480.0,64745
2023-05-11 09:00:33,UR2308,UR2308,1921.0,0.0,0.0,0.0,5,1923.0,1926.0,18,1934.0,1923.0,1923.0,1915.0,340.0,653480.0,64745
2023-05-11 09:00:34,UR2308,UR2308,1921.0,0.0,0.0,0.0,1,1923.0,1925.0,18,1934.0,1923.0,1923.0,1915.0,340.0,653480.0,64745
2023-05-11 09:00:34,UR2308,UR2308,1921.0,0.0,0.0,0.0,3,1923.0,1926.0,19,1934.0,1923.0,1923.0,1915.0,340.0,653480.0,64745
2023-05-11 09:00:35,UR2308,UR2308,1921.0,0.0,0.0,0.0,5,1923.0,1926.0,18,1934.0,1923.0,1923.0,1915.0,340.0,653480.0,64745
2023-05-11 09:00:35,UR2308,UR2308,1921.0,0.0,0.0,0.0,1,1924.0,1927.0,20,1934.0,1923.0,1923.0,1915.0,340.0,653480.0,64745
2023-05-11 09:00:36,UR2308,UR2308,1921.0,0.0,0.0,0.0,3,1924.0,1926.0,19,1934.0,1923.0,1923.0,1915.0,340.0,653480.0,64745
2023-05-11 09:00:36,UR2308,UR2308,1921.0,0.0,0.0,0.0,3,1924.0,1926.0,22,1934.0,1923.0,1923.0,1915.0,340.0,653480.0,64745
2023-05-11 09:00:37,UR2308,UR2308,1921.0,0.0,0.0,0.0,3,1924.0,1926.0,17,1934.0,1923.0,1923.0,1915.0,340.0,653480.0,64745
2023-05-11 09:00:37,UR2308,UR2308,1921.0,0.0,0.0,0.0,3,1924.0,1926.0,22,1934.0,1923.0,1923.0,1915.0,340.0,653480.0,64745
2023-05-11 09:00:40,UR2308,UR2308,1921.0,0.0,0.0,0.0,3,1924.0,1926.0,21,1934.0,1923.0,1923.0,1915.0,340.0,653480.0,64745
2023-05-11 09:00:41,UR2308,UR2308,1921.0,0.0,0.0,0.0,3,1924.0,1926.0,22,1934.0,1923.0,1923.0,1915.0,340.0,653480.0,64745
2023-05-11 09:00:42,UR2308,UR2308,1921.0,0.0,0.0,0.0,3,1924.0,1926.0,23,1934.0,1923.0,1923.0,1915.0,340.0,653480.0,64745
2023-05-11 09:00:42,UR2308,UR2308,1921.0,0.0,0.0,0.0,3,1924.0,1926.0,21,1934.0,1923.0,1923.0,1915.0,340.0,653480.0,64745
2023-05-11 09:00:42,UR2308,UR2308,1921.0,0.0,0.0,0.0,3,1924.0,1926.0,22,1934.0,1923.0,1923.0,1915.0,340.0,653480.0,64745
2023-05-11 09:00:44,UR2308,UR2308,1921.0,0.0,0.0,0.0,3,1924.0,1926.0,21,1934.0,1923.0,1923.0,1915.0,340.0,653480.0,64745
2023-05-11 09:00:44,UR2308,UR2308,1921.0,0.0,0.0,0.0,3,1924.0,1926.0,22,1934.0,1923.0,1923.0,1915.0,340.0,653480.0,64745
2023-05-11 09:00:45,UR2308,UR2308,1921.0,0.0,0.0,0.0,3,1924.0,1926.0,21,1934.0,1923.0,1923.0,1915.0,340.0,653480.0,64745
2023-05-11 09:00:46,UR2308,UR2308,1921.0,0.0,0.0,0.0,3,1924.0,1926.0,23,1934.0,1923.0,1923.0,1915.0,340.0,653480.0,64745
2023-05-11 09:00:46,UR2308,UR2308,1921.0,0.0,0.0,0.0,3,1924.0,1926.0,22,1934.0,1923.0,1923.0,1915.0,340.0,653480.0,64745
2023-05-11 09:00:47,UR2308,UR2308,1921.0,0.0,0.0,0.0,5,1924.0,1926.0,21,1934.0,1923.0,1923.0,1915.0,340.0,653480.0,64745
2023-05-11 09:00:48,UR2308,UR2308,1921.0,0.0,0.0,0.0,6,1924.0,1926.0,21,1934.0,1923.0,1923.0,1915.0,340.0,653480.0,64745
2023-05-11 09:00:48,UR2308,UR2308,1924.0,1.0,1922.0,0.0,1,1924.0,1925.0,4,1934.0,1923.0,1924.0,1915.0,341.0,655402.0,64745
2023-05-11 09:00:49,UR2308,UR2308,1924.0,0.0,0.0,0.0,1,1924.0,1926.0,22,1934.0,1923.0,1924.0,1915.0,341.0,655402.0,64745
2023-05-11 09:00:49,UR2308,UR2308,1924.0,0.0,0.0,0.0,1,1924.0,1926.0,19,1934.0,1923.0,1924.0,1915.0,341.0,655402.0,64745
2023-05-11 09:00:50,UR2308,UR2308,1924.0,0.0,0.0,0.0,1,1924.0,1925.0,1,1934.0,1923.0,1924.0,1915.0,341.0,655402.0,64745
2023-05-11 09:00:50,UR2308,UR2308,1924.0,1.0,1922.0,0.0,51,1923.0,1925.0,19,1934.0,1923.0,1924.0,1915.0,342.0,657324.0,64745
2023-05-11 09:00:50,UR2308,UR2308,1924.0,0.0,0.0,0.0,43,1923.0,1925.0,19,1934.0,1923.0,1924.0,1915.0,342.0,657324.0,64745
2023-05-11 09:00:51,UR2308,UR2308,1925.0,2.0,3844.0,0.0,43,1923.0,1925.0,17,1934.0,1923.0,1925.0,1915.0,344.0,661168.0,64745
2023-05-11 09:00:52,UR2308,UR2308,1925.0,2.0,3844.0,0.0,73,1925.0,1926.0,15,1934.0,1923.0,1925.0,1915.0,346.0,665012.0,64745
2023-05-11 09:00:52,UR2308,UR2308,1925.0,10.0,19220.0,0.0,63,1925.0,1926.0,8,1934.0,1923.0,1925.0,1915.0,356.0,684232.0,64745
2023-05-11 09:00:53,UR2308,UR2308,1925.0,5.0,9610.0,-1.0,58,1925.0,1926.0,8,1934.0,1923.0,1925.0,1915.0,361.0,693842.0,64744
2023-05-11 09:00:53,UR2308,UR2308,1925.0,7.0,13454.0,-7.0,51,1925.0,1926.0,6,1934.0,1923.0,1925.0,1915.0,368.0,707296.0,64737
2023-05-11 09:00:54,UR2308,UR2308,1925.0,5.0,9610.0,-5.0,46,1925.0,1926.0,3,1934.0,1923.0,1925.0,1915.0,373.0,716906.0,64732
2023-05-11 09:00:54,UR2308,UR2308,1925.0,4.0,7688.0,-3.0,42,1925.0,1926.0,10,1934.0,1923.0,1925.0,1915.0,377.0,724594.0,64729
2023-05-11 09:00:55,UR2308,UR2308,1925.0,2.0,3844.0,-2.0,40,1925.0,1926.0,8,1934.0,1923.0,1925.0,1915.0,379.0,728438.0,64727
2023-05-11 09:00:55,UR2308,UR2308,1926.0,6.0,11532.0,-3.0,42,1925.0,1927.0,3,1934.0,1923.0,1926.0,1915.0,385.0,739970.0,64724
2023-05-11 09:00:55,UR2308,UR2308,1926.0,0.0,0.0,0.0,42,1925.0,1927.0,6,1934.0,1923.0,1926.0,1915.0,385.0,739970.0,64724
2023-05-11 09:00:58,UR2308,UR2308,1925.0,1.0,1922.0,-1.0,42,1925.0,1927.0,5,1934.0,1923.0,1926.0,1915.0,386.0,741892.0,64723
2023-05-11 09:00:58,UR2308,UR2308,1925.0,0.0,0.0,0.0,41,1925.0,1927.0,5,1934.0,1923.0,1926.0,1915.0,386.0,741892.0,64723
2023-05-11 09:00:58,UR2308,UR2308,1925.0,1.0,1922.0,0.0,40,1925.0,1927.0,5,1934.0,1923.0,1926.0,1915.0,387.0,743814.0,64723
2023-05-11 09:01:00,UR2308,UR2308,1925.0,0.0,0.0,0.0,40,1925.0,1927.0,6,1934.0,1923.0,1926.0,1915.0,387.0,743814.0,64723
2023-05-11 09:01:01,UR2308,UR2308,1925.0,32.0,61504.0,-32.0,8,1925.0,1927.0,44,1934.0,1923.0,1926.0,1915.0,419.0,805318.0,64691
2023-05-11 09:01:01,UR2308,UR2308,1925.0,0.0,0.0,0.0,5,1925.0,1927.0,43,1934.0,1923.0,1926.0,1915.0,419.0,805318.0,64691
2023-05-11 09:01:01,UR2308,UR2308,1925.0,0.0,0.0,0.0,8,1925.0,1927.0,43,1934.0,1923.0,1926.0,1915.0,419.0,805318.0,64691
2023-05-11 09:01:03,UR2308,UR2308,1925.0,2.0,3844.0,-2.0,2,1925.0,1926.0,34,1934.0,1923.0,1926.0,1915.0,421.0,809162.0,64689
2023-05-11 09:01:04,UR2308,UR2308,1925.0,2.0,3844.0,-1.0,2,1924.0,1926.0,37,1934.0,1923.0,1926.0,1915.0,423.0,813006.0,64688
2023-05-11 09:01:04,UR2308,UR2308,1925.0,1.0,1922.0,0.0,2,1924.0,1926.0,36,1934.0,1923.0,1926.0,1915.0,424.0,814928.0,64688
2023-05-11 09:01:05,UR2308,UR2308,1925.0,0.0,0.0,0.0,2,1924.0,1926.0,32,1934.0,1923.0,1926.0,1915.0,424.0,814928.0,64688
2023-05-11 09:01:05,UR2308,UR2308,1925.0,3.0,5766.0,0.0,5,1924.0,1926.0,33,1934.0,1923.0,1926.0,1915.0,427.0,820694.0,64688
2023-05-11 09:01:06,UR2308,UR2308,1925.0,0.0,0.0,0.0,5,1924.0,1926.0,19,1934.0,1923.0,1926.0,1915.0,427.0,820694.0,64688
2023-05-11 09:01:07,UR2308,UR2308,1925.0,0.0,0.0,0.0,1,1925.0,1927.0,63,1934.0,1923.0,1926.0,1915.0,427.0,820694.0,64688
2023-05-11 09:01:07,UR2308,UR2308,1925.0,0.0,0.0,0.0,3,1925.0,1927.0,36,1934.0,1923.0,1926.0,1915.0,427.0,820694.0,64688
2023-05-11 09:01:08,UR2308,UR2308,1925.0,3.0,5766.0,0.0,1,1925.0,1927.0,33,1934.0,1923.0,1926.0,1915.0,430.0,826460.0,64688
2023-05-11 09:01:08,UR2308,UR2308,1925.0,0.0,0.0,0.0,2,1924.0,1926.0,30,1934.0,1923.0,1926.0,1915.0,430.0,826460.0,64688
2023-05-11 09:01:08,UR2308,UR2308,1925.0,0.0,0.0,0.0,2,1924.0,1926.0,33,1934.0,1923.0,1926.0,1915.0,430.0,826460.0,64688
2023-05-11 09:01:10,UR2308,UR2308,1925.0,0.0,0.0,0.0,1,1924.0,1926.0,34,1934.0,1923.0,1926.0,1915.0,430.0,826460.0,64688
2023-05-11 09:01:10,UR2308,UR2308,1925.0,0.0,0.0,0.0,64,1923.0,1925.0,8,1934.0,1923.0,1926.0,1915.0,430.0,826460.0,64688
2023-05-11 09:01:11,UR2308,UR2308,1925.0,0.0,0.0,0.0,43,1923.0,1925.0,14,1934.0,1923.0,1926.0,1915.0,430.0,826460.0,64688
2023-05-11 09:01:11,UR2308,UR2308,1925.0,0.0,0.0,0.0,42,1923.0,1925.0,33,1934.0,1923.0,1926.0,1915.0,430.0,826460.0,64688
2023-05-11 09:01:12,UR2308,UR2308,1925.0,0.0,0.0,0.0,40,1923.0,1925.0,33,1934.0,1923.0,1926.0,1915.0,430.0,826460.0,64688
2023-05-11 09:01:12,UR2308,UR2308,1923.0,6.0,11532.0,-6.0,34,1923.0,1924.0,24,1934.0,1923.0,1926.0,1915.0,436.0,837992.0,64682
2023-05-11 09:01:13,UR2308,UR2308,1923.0,29.0,55738.0,-29.0,5,1923.0,1924.0,5,1934.0,1923.0,1926.0,1915.0,465.0,893730.0,64653
2023-05-11 09:01:13,UR2308,UR2308,1923.0,5.0,9610.0,-5.0,1,1922.0,1924.0,4,1934.0,1923.0,1926.0,1915.0,470.0,903340.0,64648
2023-05-11 09:01:14,UR2308,UR2308,1923.0,0.0,0.0,0.0,22,1921.0,1923.0,5,1934.0,1923.0,1926.0,1915.0,470.0,903340.0,64648
2023-05-11 09:01:14,UR2308,UR2308,1923.0,1.0,1922.0,0.0,22,1921.0,1923.0,8,1934.0,1923.0,1926.0,1915.0,471.0,905262.0,64648
2023-05-11 09:01:15,UR2308,UR2308,1923.0,0.0,0.0,0.0,21,1921.0,1923.0,5,1934.0,1923.0,1926.0,1915.0,471.0,905262.0,64648
2023-05-11 09:01:16,UR2308,UR2308,1923.0,0.0,0.0,0.0,22,1921.0,1923.0,8,1934.0,1923.0,1926.0,1915.0,471.0,905262.0,64648
2023-05-11 09:01:16,UR2308,UR2308,1921.0,4.0,7688.0,-4.0,6,1921.0,1922.0,8,1934.0,1923.0,1926.0,1915.0,475.0,912950.0,64644
2023-05-11 09:01:16,UR2308,UR2308,1921.0,5.0,9610.0,-5.0,1,1921.0,1922.0,4,1934.0,1923.0,1926.0,1915.0,480.0,922560.0,64639
2023-05-11 09:01:18,UR2308,UR2308,1922.0,1.0,1922.0,1.0,3,1920.0,1922.0,14,1934.0,1923.0,1926.0,1915.0,481.0,924482.0,64640
2023-05-11 09:01:19,UR2308,UR2308,1922.0,0.0,0.0,0.0,3,1920.0,1922.0,15,1934.0,1923.0,1926.0,1915.0,481.0,924482.0,64640
2023-05-11 09:01:20,UR2308,UR2308,1922.0,0.0,0.0,0.0,2,1920.0,1921.0,1,1934.0,1923.0,1926.0,1915.0,481.0,924482.0,64640
2023-05-11 09:01:20,UR2308,UR2308,1922.0,0.0,0.0,0.0,3,1920.0,1922.0,12,1934.0,1923.0,1926.0,1915.0,481.0,924482.0,64640
2023-05-11 09:01:20,UR2308,UR2308,1922.0,0.0,0.0,0.0,3,1920.0,1922.0,15,1934.0,1923.0,1926.0,1915.0,481.0,924482.0,64640
2023-05-11 09:01:21,UR2308,UR2308,1922.0,0.0,0.0,0.0,4,1920.0,1922.0,14,1934.0,1923.0,1926.0,1915.0,481.0,924482.0,64640
2023-05-11 09:01:22,UR2308,UR2308,1922.0,0.0,0.0,0.0,4,1920.0,1922.0,15,1934.0,1923.0,1926.0,1915.0,481.0,924482.0,64640
2023-05-11 09:01:23,UR2308,UR2308,1922.0,0.0,0.0,0.0,3,1920.0,1921.0,1,1934.0,1923.0,1926.0,1915.0,481.0,924482.0,64640
2023-05-11 09:01:23,UR2308,UR2308,1922.0,0.0,0.0,0.0,3,1920.0,1921.0,4,1934.0,1923.0,1926.0,1915.0,481.0,924482.0,64640
2023-05-11 09:01:24,UR2308,UR2308,1920.0,1.0,1922.0,0.0,1,1920.0,1922.0,21,1934.0,1923.0,1926.0,1915.0,482.0,926404.0,64640
2023-05-11 09:01:25,UR2308,UR2308,1920.0,0.0,0.0,0.0,24,1919.0,1921.0,1,1934.0,1923.0,1926.0,1915.0,482.0,926404.0,64640
2023-05-11 09:01:25,UR2308,UR2308,1920.0,0.0,0.0,0.0,3,1919.0,1921.0,14,1934.0,1923.0,1926.0,1915.0,482.0,926404.0,64640
2023-05-11 09:01:25,UR2308,UR2308,1920.0,0.0,0.0,0.0,3,1919.0,1921.0,15,1934.0,1923.0,1926.0,1915.0,482.0,926404.0,64640
2023-05-11 09:01:26,UR2308,UR2308,1920.0,0.0,0.0,0.0,1,1919.0,1920.0,11,1934.0,1923.0,1926.0,1915.0,482.0,926404.0,64640
2023-05-11 09:01:27,UR2308,UR2308,1920.0,0.0,0.0,0.0,2,1919.0,1920.0,4,1934.0,1923.0,1926.0,1915.0,482.0,926404.0,64640
2023-05-11 09:01:27,UR2308,UR2308,1920.0,1.0,1922.0,1.0,1,1920.0,1921.0,12,1934.0,1923.0,1926.0,1915.0,483.0,928326.0,64641
2023-05-11 09:01:28,UR2308,UR2308,1920.0,0.0,0.0,0.0,3,1919.0,1921.0,15,1934.0,1923.0,1926.0,1915.0,483.0,928326.0,64641
2023-05-11 09:01:29,UR2308,UR2308,1920.0,0.0,0.0,0.0,2,1919.0,1920.0,1,1934.0,1923.0,1926.0,1915.0,483.0,928326.0,64641
2023-05-11 09:01:30,UR2308,UR2308,1920.0,0.0,0.0,0.0,3,1918.0,1920.0,14,1934.0,1923.0,1926.0,1915.0,483.0,928326.0,64641
2023-05-11 09:01:30,UR2308,UR2308,1920.0,8.0,15376.0,8.0,1,1918.0,1919.0,1,1934.0,1923.0,1926.0,1915.0,491.0,943702.0,64649
2023-05-11 09:01:31,UR2308,UR2308,1920.0,0.0,0.0,0.0,17,1917.0,1919.0,1,1934.0,1923.0,1926.0,1915.0,491.0,943702.0,64649
2023-05-11 09:01:31,UR2308,UR2308,1920.0,0.0,0.0,0.0,17,1917.0,1919.0,4,1934.0,1923.0,1926.0,1915.0,491.0,943702.0,64649
2023-05-11 09:01:31,UR2308,UR2308,1920.0,0.0,0.0,0.0,6,1917.0,1919.0,15,1934.0,1923.0,1926.0,1915.0,491.0,943702.0,64649
2023-05-11 09:01:33,UR2308,UR2308,1920.0,0.0,0.0,0.0,5,1917.0,1918.0,1,1934.0,1923.0,1926.0,1915.0,491.0,943702.0,64649
2023-05-11 09:01:33,UR2308,UR2308,1918.0,4.0,7688.0,0.0,12,1917.0,1919.0,6,1934.0,1923.0,1926.0,1915.0,495.0,951390.0,64649
2023-05-11 09:01:34,UR2308,UR2308,1918.0,0.0,0.0,0.0,5,1917.0,1919.0,19,1934.0,1923.0,1926.0,1915.0,495.0,951390.0,64649
2023-05-11 09:01:34,UR2308,UR2308,1918.0,0.0,0.0,0.0,4,1917.0,1919.0,19,1934.0,1923.0,1926.0,1915.0,495.0,951390.0,64649
2023-05-11 09:01:35,UR2308,UR2308,1918.0,0.0,0.0,0.0,22,1916.0,1918.0,4,1934.0,1923.0,1926.0,1915.0,495.0,951390.0,64649
2023-05-11 09:01:35,UR2308,UR2308,1918.0,0.0,0.0,0.0,5,1916.0,1918.0,19,1934.0,1923.0,1926.0,1915.0,495.0,951390.0,64649
2023-05-11 09:01:36,UR2308,UR2308,1918.0,0.0,0.0,0.0,4,1916.0,1918.0,19,1934.0,1923.0,1926.0,1915.0,495.0,951390.0,64649
2023-05-11 09:01:36,UR2308,UR2308,1918.0,0.0,0.0,0.0,1,1916.0,1917.0,5,1934.0,1923.0,1926.0,1915.0,495.0,951390.0,64649
2023-05-11 09:01:37,UR2308,UR2308,1915.0,1.0,1922.0,1.0,1,1915.0,1916.0,5,1934.0,1923.0,1926.0,1915.0,496.0,953312.0,64650
2023-05-11 09:01:37,UR2308,UR2308,1915.0,0.0,0.0,0.0,1,1915.0,1916.0,9,1934.0,1923.0,1926.0,1915.0,496.0,953312.0,64650
2023-05-11 09:01:38,UR2308,UR2308,1916.0,6.0,11532.0,2.0,1,1915.0,1916.0,7,1934.0,1923.0,1926.0,1915.0,502.0,964844.0,64652
2023-05-11 09:01:38,UR2308,UR2308,1915.0,4.0,7688.0,1.0,1,1915.0,1916.0,7,1934.0,1923.0,1926.0,1915.0,506.0,972532.0,64653
2023-05-11 09:01:39,UR2308,UR2308,1916.0,1.0,1922.0,1.0,16,1914.0,1916.0,8,1934.0,1923.0,1926.0,1915.0,507.0,974454.0,64654
2023-05-11 09:01:39,UR2308,UR2308,1916.0,0.0,0.0,0.0,1,1915.0,1916.0,1,1934.0,1923.0,1926.0,1915.0,507.0,974454.0,64654
2023-05-11 09:01:40,UR2308,UR2308,1916.0,0.0,0.0,0.0,4,1915.0,1917.0,9,1934.0,1923.0,1926.0,1915.0,507.0,974454.0,64654
2023-05-11 09:01:40,UR2308,UR2308,1915.0,3.0,5766.0,0.0,4,1915.0,1916.0,13,1934.0,1923.0,1926.0,1915.0,510.0,980220.0,64654
2023-05-11 09:01:40,UR2308,UR2308,1915.0,0.0,0.0,0.0,4,1915.0,1916.0,1,1934.0,1923.0,1926.0,1915.0,510.0,980220.0,64654
2023-05-11 09:01:41,UR2308,UR2308,1915.0,6.0,11532.0,0.0,17,1914.0,1916.0,3,1934.0,1923.0,1926.0,1915.0,516.0,991752.0,64654
2023-05-11 09:01:42,UR2308,UR2308,1915.0,0.0,0.0,0.0,1,1914.0,1915.0,3,1934.0,1923.0,1926.0,1915.0,516.0,991752.0,64654
2023-05-11 09:01:42,UR2308,UR2308,1914.0,1.0,1922.0,1.0,1,1913.0,1915.0,13,1934.0,1923.0,1926.0,1914.0,517.0,993674.0,64655
2023-05-11 09:01:43,UR2308,UR2308,1914.0,0.0,0.0,0.0,4,1913.0,1915.0,16,1934.0,1923.0,1926.0,1914.0,517.0,993674.0,64655
2023-05-11 09:01:44,UR2308,UR2308,1914.0,0.0,0.0,0.0,6,1913.0,1915.0,16,1934.0,1923.0,1926.0,1914.0,517.0,993674.0,64655
2023-05-11 09:01:45,UR2308,UR2308,1914.0,0.0,0.0,0.0,4,1913.0,1915.0,16,1934.0,1923.0,1926.0,1914.0,517.0,993674.0,64655
2023-05-11 09:01:45,UR2308,UR2308,1914.0,0.0,0.0,0.0,6,1913.0,1915.0,16,1934.0,1923.0,1926.0,1914.0,517.0,993674.0,64655
2023-05-11 09:01:45,UR2308,UR2308,1914.0,0.0,0.0,0.0,6,1913.0,1915.0,6,1934.0,1923.0,1926.0,1914.0,517.0,993674.0,64655
2023-05-11 09:01:46,UR2308,UR2308,1913.0,1.0,1922.0,1.0,5,1913.0,1915.0,6,1934.0,1923.0,1926.0,1913.0,518.0,995596.0,64656
2023-05-11 09:01:48,UR2308,UR2308,1913.0,0.0,0.0,0.0,5,1913.0,1915.0,16,1934.0,1923.0,1926.0,1913.0,518.0,995596.0,64656
2023-05-11 09:01:49,UR2308,UR2308,1913.0,0.0,0.0,0.0,2,1913.0,1915.0,16,1934.0,1923.0,1926.0,1913.0,518.0,995596.0,64656
2023-05-11 09:01:49,UR2308,UR2308,1913.0,0.0,0.0,0.0,3,1913.0,1915.0,13,1934.0,1923.0,1926.0,1913.0,518.0,995596.0,64656
2023-05-11 09:01:49,UR2308,UR2308,1913.0,0.0,0.0,0.0,5,1913.0,1915.0,16,1934.0,1923.0,1926.0,1913.0,518.0,995596.0,64656
2023-05-11 09:01:50,UR2308,UR2308,1913.0,0.0,0.0,0.0,7,1913.0,1915.0,16,1934.0,1923.0,1926.0,1913.0,518.0,995596.0,64656
2023-05-11 09:01:51,UR2308,UR2308,1913.0,0.0,0.0,0.0,3,1913.0,1915.0,17,1934.0,1923.0,1926.0,1913.0,518.0,995596.0,64656
2023-05-11 09:01:52,UR2308,UR2308,1913.0,0.0,0.0,0.0,2,1913.0,1914.0,3,1934.0,1923.0,1926.0,1913.0,518.0,995596.0,64656
2023-05-11 09:01:52,UR2308,UR2308,1915.0,13.0,24986.0,0.0,15,1914.0,1916.0,17,1934.0,1923.0,1926.0,1913.0,531.0,1020582.0,64656
2023-05-11 09:01:53,UR2308,UR2308,1913.0,19.0,35968.0,0.0,31,1912.0,1914.0,1,1934.0,1923.0,1926.0,1913.0,550.0,1056550.0,64656
2023-05-11 09:01:53,UR2308,UR2308,1913.0,0.0,0.0,0.0,11,1912.0,1914.0,4,1934.0,1923.0,1926.0,1913.0,550.0,1056550.0,64656
2023-05-11 09:01:53,UR2308,UR2308,1913.0,0.0,0.0,0.0,1,1913.0,1914.0,4,1934.0,1923.0,1926.0,1913.0,550.0,1056550.0,64656
2023-05-11 09:01:55,UR2308,UR2308,1914.0,1.0,1921.0,1.0,9,1913.0,1914.0,2,1934.0,1923.0,1926.0,1913.0,551.0,1058471.0,64657
2023-05-11 09:01:55,UR2308,UR2308,1914.0,0.0,0.0,0.0,11,1913.0,1915.0,5,1934.0,1923.0,1926.0,1913.0,551.0,1058471.0,64657
2023-05-11 09:01:55,UR2308,UR2308,1914.0,0.0,0.0,0.0,11,1913.0,1915.0,4,1934.0,1923.0,1926.0,1913.0,551.0,1058471.0,64657
2023-05-11 09:01:57,UR2308,UR2308,1914.0,14.0,26894.0,1.0,1,1914.0,1915.0,1,1934.0,1923.0,1926.0,1913.0,565.0,1085365.0,64658
2023-05-11 09:01:58,UR2308,UR2308,1914.0,0.0,0.0,0.0,12,1914.0,1916.0,4,1934.0,1923.0,1926.0,1913.0,565.0,1085365.0,64658
2023-05-11 09:01:58,UR2308,UR2308,1914.0,0.0,0.0,0.0,24,1914.0,1916.0,4,1934.0,1923.0,1926.0,1913.0,565.0,1085365.0,64658
2023-05-11 09:01:59,UR2308,UR2308,1914.0,0.0,0.0,0.0,6,1914.0,1916.0,1,1934.0,1923.0,1926.0,1913.0,565.0,1085365.0,64658
2023-05-11 09:02:00,UR2308,UR2308,1914.0,0.0,0.0,0.0,5,1914.0,1915.0,1,1934.0,1923.0,1926.0,1913.0,565.0,1085365.0,64658
2023-05-11 09:02:00,UR2308,UR2308,1914.0,3.0,5763.0,0.0,23,1913.0,1915.0,2,1934.0,1923.0,1926.0,1913.0,568.0,1091128.0,64658
2023-05-11 09:02:00,UR2308,UR2308,1914.0,0.0,0.0,0.0,26,1913.0,1915.0,2,1934.0,1923.0,1926.0,1913.0,568.0,1091128.0,64658
2023-05-11 09:02:01,UR2308,UR2308,1914.0,0.0,0.0,0.0,1,1915.0,1916.0,13,1934.0,1923.0,1926.0,1913.0,568.0,1091128.0,64658
2023-05-11 09:02:02,UR2308,UR2308,1914.0,0.0,0.0,0.0,11,1914.0,1916.0,6,1934.0,1923.0,1926.0,1913.0,568.0,1091128.0,64658
2023-05-11 09:02:02,UR2308,UR2308,1914.0,0.0,0.0,0.0,14,1914.0,1916.0,6,1934.0,1923.0,1926.0,1913.0,568.0,1091128.0,64658
2023-05-11 09:02:03,UR2308,UR2308,1914.0,0.0,0.0,0.0,24,1914.0,1916.0,5,1934.0,1923.0,1926.0,1913.0,568.0,1091128.0,64658
2023-05-11 09:02:04,UR2308,UR2308,1914.0,0.0,0.0,0.0,24,1914.0,1916.0,6,1934.0,1923.0,1926.0,1913.0,568.0,1091128.0,64658
2023-05-11 09:02:04,UR2308,UR2308,1914.0,0.0,0.0,0.0,24,1914.0,1916.0,5,1934.0,1923.0,1926.0,1913.0,568.0,1091128.0,64658
2023-05-11 09:02:06,UR2308,UR2308,1914.0,0.0,0.0,0.0,8,1915.0,1916.0,3,1934.0,1923.0,1926.0,1913.0,568.0,1091128.0,64658
2023-05-11 09:02:06,UR2308,UR2308,1914.0,0.0,0.0,0.0,8,1915.0,1916.0,1,1934.0,1923.0,1926.0,1913.0,568.0,1091128.0,64658
2023-05-11 09:02:07,UR2308,UR2308,1914.0,0.0,0.0,0.0,7,1915.0,1916.0,2,1934.0,1923.0,1926.0,1913.0,568.0,1091128.0,64658
2023-05-11 09:02:07,UR2308,UR2308,1914.0,0.0,0.0,0.0,4,1915.0,1916.0,2,1934.0,1923.0,1926.0,1913.0,568.0,1091128.0,64658
2023-05-11 09:02:08,UR2308,UR2308,1914.0,0.0,0.0,0.0,25,1914.0,1916.0,2,1934.0,1923.0,1926.0,1913.0,568.0,1091128.0,64658
2023-05-11 09:02:08,UR2308,UR2308,1914.0,0.0,0.0,0.0,2,1914.0,1915.0,5,1934.0,1923.0,1926.0,1913.0,568.0,1091128.0,64658
2023-05-11 09:02:09,UR2308,UR2308,1914.0,1.0,1921.0,0.0,6,1913.0,1914.0,1,1934.0,1923.0,1926.0,1913.0,569.0,1093049.0,64658
2023-05-11 09:02:09,UR2308,UR2308,1914.0,0.0,0.0,0.0,3,1913.0,1914.0,1,1934.0,1923.0,1926.0,1913.0,569.0,1093049.0,64658
2023-05-11 09:02:15,UR2308,UR2308,1914.0,0.0,0.0,0.0,14,1913.0,1915.0,15,1934.0,1923.0,1926.0,1913.0,569.0,1093049.0,64658
2023-05-11 09:02:16,UR2308,UR2308,1913.0,1.0,1921.0,0.0,3,1913.0,1914.0,1,1934.0,1923.0,1926.0,1913.0,570.0,1094970.0,64658
2023-05-11 09:02:17,UR2308,UR2308,1913.0,0.0,0.0,0.0,2,1913.0,1914.0,1,1934.0,1923.0,1926.0,1913.0,570.0,1094970.0,64658
2023-05-11 09:02:18,UR2308,UR2308,1915.0,3.0,5763.0,3.0,1,1914.0,1915.0,15,1934.0,1923.0,1926.0,1913.0,573.0,1100733.0,64661
2023-05-11 09:02:18,UR2308,UR2308,1915.0,0.0,0.0,0.0,11,1913.0,1915.0,4,1934.0,1923.0,1926.0,1913.0,573.0,1100733.0,64661
2023-05-11 09:02:18,UR2308,UR2308,1915.0,0.0,0.0,0.0,15,1913.0,1915.0,4,1934.0,1923.0,1926.0,1913.0,573.0,1100733.0,64661
2023-05-11 09:02:19,UR2308,UR2308,1915.0,0.0,0.0,0.0,1,1914.0,1915.0,4,1934.0,1923.0,1926.0,1913.0,573.0,1100733.0,64661
2023-05-11 09:02:20,UR2308,UR2308,1915.0,1.0,1921.0,0.0,12,1913.0,1915.0,3,1934.0,1923.0,1926.0,1913.0,574.0,1102654.0,64661
2023-05-11 09:02:20,UR2308,UR2308,1915.0,0.0,0.0,0.0,24,1913.0,1915.0,3,1934.0,1923.0,1926.0,1913.0,574.0,1102654.0,64661
2023-05-11 09:02:21,UR2308,UR2308,1915.0,0.0,0.0,0.0,24,1913.0,1915.0,4,1934.0,1923.0,1926.0,1913.0,574.0,1102654.0,64661
2023-05-11 09:02:23,UR2308,UR2308,1915.0,0.0,0.0,0.0,24,1913.0,1915.0,1,1934.0,1923.0,1926.0,1913.0,574.0,1102654.0,64661
2023-05-11 09:02:23,UR2308,UR2308,1915.0,0.0,0.0,0.0,5,1914.0,1915.0,1,1934.0,1923.0,1926.0,1913.0,574.0,1102654.0,64661
2023-05-11 09:02:24,UR2308,UR2308,1915.0,0.0,0.0,0.0,20,1914.0,1916.0,5,1934.0,1923.0,1926.0,1913.0,574.0,1102654.0,64661
2023-05-11 09:02:24,UR2308,UR2308,1915.0,0.0,0.0,0.0,1,1914.0,1915.0,1,1934.0,1923.0,1926.0,1913.0,574.0,1102654.0,64661
2023-05-11 09:02:25,UR2308,UR2308,1914.0,1.0,1921.0,0.0,2,1914.0,1915.0,1,1934.0,1923.0,1926.0,1913.0,575.0,1104575.0,64661
2023-05-11 09:02:26,UR2308,UR2308,1914.0,1.0,1921.0,0.0,9,1914.0,1916.0,11,1934.0,1923.0,1926.0,1913.0,576.0,1106496.0,64661
2023-05-11 09:02:26,UR2308,UR2308,1914.0,0.0,0.0,0.0,10,1914.0,1916.0,14,1934.0,1923.0,1926.0,1913.0,576.0,1106496.0,64661
2023-05-11 09:02:27,UR2308,UR2308,1914.0,0.0,0.0,0.0,21,1914.0,1916.0,4,1934.0,1923.0,1926.0,1913.0,576.0,1106496.0,64661
2023-05-11 09:02:30,UR2308,UR2308,1915.0,2.0,3842.0,-2.0,2,1915.0,1916.0,1,1934.0,1923.0,1926.0,1913.0,578.0,1110338.0,64659
2023-05-11 09:02:31,UR2308,UR2308,1915.0,0.0,0.0,0.0,24,1914.0,1916.0,4,1934.0,1923.0,1926.0,1913.0,578.0,1110338.0,64659
2023-05-11 09:02:31,UR2308,UR2308,1915.0,0.0,0.0,0.0,27,1914.0,1916.0,4,1934.0,1923.0,1926.0,1913.0,578.0,1110338.0,64659
2023-05-11 09:02:33,UR2308,UR2308,1915.0,0.0,0.0,0.0,27,1914.0,1916.0,1,1934.0,1923.0,1926.0,1913.0,578.0,1110338.0,64659
2023-05-11 09:02:33,UR2308,UR2308,1915.0,0.0,0.0,0.0,27,1914.0,1916.0,4,1934.0,1923.0,1926.0,1913.0,578.0,1110338.0,64659
2023-05-11 09:02:33,UR2308,UR2308,1915.0,0.0,0.0,0.0,23,1914.0,1916.0,4,1934.0,1923.0,1926.0,1913.0,578.0,1110338.0,64659
2023-05-11 09:02:34,UR2308,UR2308,1915.0,0.0,0.0,0.0,13,1914.0,1916.0,4,1934.0,1923.0,1926.0,1913.0,578.0,1110338.0,64659
2023-05-11 09:02:36,UR2308,UR2308,1915.0,0.0,0.0,0.0,23,1914.0,1916.0,4,1934.0,1923.0,1926.0,1913.0,578.0,1110338.0,64659
2023-05-11 09:02:36,UR2308,UR2308,1915.0,0.0,0.0,0.0,1,1915.0,1916.0,4,1934.0,1923.0,1926.0,1913.0,578.0,1110338.0,64659
2023-05-11 09:02:38,UR2308,UR2308,1915.0,0.0,0.0,0.0,20,1914.0,1916.0,4,1934.0,1923.0,1926.0,1913.0,578.0,1110338.0,64659
2023-05-11 09:02:38,UR2308,UR2308,1915.0,0.0,0.0,0.0,23,1914.0,1916.0,4,1934.0,1923.0,1926.0,1913.0,578.0,1110338.0,64659
2023-05-11 09:02:39,UR2308,UR2308,1916.0,1.0,1921.0,1.0,23,1914.0,1916.0,3,1934.0,1923.0,1926.0,1913.0,579.0,1112259.0,64660
2023-05-11 09:02:40,UR2308,UR2308,1916.0,0.0,0.0,0.0,13,1914.0,1916.0,3,1934.0,1923.0,1926.0,1913.0,579.0,1112259.0,64660
2023-05-11 09:02:40,UR2308,UR2308,1916.0,0.0,0.0,0.0,14,1914.0,1916.0,3,1934.0,1923.0,1926.0,1913.0,579.0,1112259.0,64660
2023-05-11 09:02:41,UR2308,UR2308,1916.0,0.0,0.0,0.0,1,1915.0,1916.0,1,1934.0,1923.0,1926.0,1913.0,579.0,1112259.0,64660
2023-05-11 09:02:42,UR2308,UR2308,1916.0,0.0,0.0,0.0,31,1914.0,1916.0,4,1934.0,1923.0,1926.0,1913.0,579.0,1112259.0,64660
2023-05-11 09:02:42,UR2308,UR2308,1916.0,0.0,0.0,0.0,1,1915.0,1916.0,4,1934.0,1923.0,1926.0,1913.0,579.0,1112259.0,64660
2023-05-11 09:02:42,UR2308,UR2308,1916.0,0.0,0.0,0.0,1,1915.0,1916.0,1,1934.0,1923.0,1926.0,1913.0,579.0,1112259.0,64660
2023-05-11 09:02:43,UR2308,UR2308,1916.0,0.0,0.0,0.0,24,1914.0,1916.0,1,1934.0,1923.0,1926.0,1913.0,579.0,1112259.0,64660
2023-05-11 09:02:44,UR2308,UR2308,1916.0,4.0,7684.0,3.0,2,1915.0,1917.0,32,1934.0,1923.0,1926.0,1913.0,583.0,1119943.0,64663
2023-05-11 09:02:44,UR2308,UR2308,1916.0,0.0,0.0,0.0,5,1915.0,1917.0,32,1934.0,1923.0,1926.0,1913.0,583.0,1119943.0,64663
2023-05-11 09:02:45,UR2308,UR2308,1916.0,0.0,0.0,0.0,45,1915.0,1917.0,32,1934.0,1923.0,1926.0,1913.0,583.0,1119943.0,64663
2023-05-11 09:02:46,UR2308,UR2308,1916.0,0.0,0.0,0.0,45,1915.0,1917.0,22,1934.0,1923.0,1926.0,1913.0,583.0,1119943.0,64663
2023-05-11 09:02:46,UR2308,UR2308,1916.0,0.0,0.0,0.0,44,1915.0,1917.0,22,1934.0,1923.0,1926.0,1913.0,583.0,1119943.0,64663
2023-05-11 09:02:46,UR2308,UR2308,1916.0,0.0,0.0,0.0,43,1915.0,1917.0,22,1934.0,1923.0,1926.0,1913.0,583.0,1119943.0,64663
2023-05-11 09:02:47,UR2308,UR2308,1916.0,0.0,0.0,0.0,43,1915.0,1917.0,32,1934.0,1923.0,1926.0,1913.0,583.0,1119943.0,64663
2023-05-11 09:02:48,UR2308,UR2308,1916.0,0.0,0.0,0.0,40,1915.0,1916.0,19,1934.0,1923.0,1926.0,1913.0,583.0,1119943.0,64663
2023-05-11 09:02:48,UR2308,UR2308,1915.0,1.0,1921.0,0.0,39,1915.0,1916.0,21,1934.0,1923.0,1926.0,1913.0,584.0,1121864.0,64663
2023-05-11 09:02:48,UR2308,UR2308,1915.0,1.0,1921.0,0.0,38,1915.0,1916.0,20,1934.0,1923.0,1926.0,1913.0,585.0,1123785.0,64663
2023-05-11 09:02:49,UR2308,UR2308,1915.0,38.0,72998.0,-10.0,62,1914.0,1916.0,43,1934.0,1923.0,1926.0,1913.0,623.0,1196783.0,64653
2023-05-11 09:02:50,UR2308,UR2308,1915.0,0.0,0.0,0.0,15,1914.0,1916.0,43,1934.0,1923.0,1926.0,1913.0,623.0,1196783.0,64653
2023-05-11 09:02:50,UR2308,UR2308,1915.0,0.0,0.0,0.0,15,1914.0,1916.0,40,1934.0,1923.0,1926.0,1913.0,623.0,1196783.0,64653
2023-05-11 09:02:53,UR2308,UR2308,1915.0,0.0,0.0,0.0,16,1914.0,1916.0,39,1934.0,1923.0,1926.0,1913.0,623.0,1196783.0,64653
2023-05-11 09:02:53,UR2308,UR2308,1915.0,0.0,0.0,0.0,15,1914.0,1916.0,38,1934.0,1923.0,1926.0,1913.0,623.0,1196783.0,64653
2023-05-11 09:02:53,UR2308,UR2308,1915.0,0.0,0.0,0.0,15,1914.0,1916.0,39,1934.0,1923.0,1926.0,1913.0,623.0,1196783.0,64653
2023-05-11 09:02:54,UR2308,UR2308,1915.0,0.0,0.0,0.0,7,1915.0,1916.0,39,1934.0,1923.0,1926.0,1913.0,623.0,1196783.0,64653
2023-05-11 09:02:55,UR2308,UR2308,1915.0,0.0,0.0,0.0,11,1915.0,1917.0,65,1934.0,1923.0,1926.0,1913.0,623.0,1196783.0,64653
2023-05-11 09:02:55,UR2308,UR2308,1915.0,0.0,0.0,0.0,11,1915.0,1917.0,64,1934.0,1923.0,1926.0,1913.0,623.0,1196783.0,64653
2023-05-11 09:02:56,UR2308,UR2308,1915.0,0.0,0.0,0.0,12,1915.0,1917.0,64,1934.0,1923.0,1926.0,1913.0,623.0,1196783.0,64653
2023-05-11 09:02:57,UR2308,UR2308,1915.0,0.0,0.0,0.0,13,1915.0,1917.0,42,1934.0,1923.0,1926.0,1913.0,623.0,1196783.0,64653
2023-05-11 09:02:57,UR2308,UR2308,1915.0,0.0,0.0,0.0,1,1916.0,1918.0,112,1934.0,1923.0,1926.0,1913.0,623.0,1196783.0,64653
2023-05-11 09:02:58,UR2308,UR2308,1915.0,0.0,0.0,0.0,5,1916.0,1918.0,63,1934.0,1923.0,1926.0,1913.0,623.0,1196783.0,64653
2023-05-11 09:02:58,UR2308,UR2308,1915.0,0.0,0.0,0.0,4,1916.0,1918.0,63,1934.0,1923.0,1926.0,1913.0,623.0,1196783.0,64653
2023-05-11 09:02:59,UR2308,UR2308,1915.0,0.0,0.0,0.0,61,1915.0,1917.0,39,1934.0,1923.0,1926.0,1913.0,623.0,1196783.0,64653
2023-05-11 09:03:00,UR2308,UR2308,1915.0,0.0,0.0,0.0,23,1915.0,1917.0,39,1934.0,1923.0,1926.0,1913.0,623.0,1196783.0,64653
2023-05-11 09:03:01,UR2308,UR2308,1917.0,16.0,30736.0,1.0,23,1915.0,1917.0,15,1934.0,1923.0,1926.0,1913.0,639.0,1227519.0,64654
2023-05-11 09:03:01,UR2308,UR2308,1918.0,1.0,1921.0,1.0,1,1916.0,1918.0,67,1934.0,1923.0,1926.0,1913.0,640.0,1229440.0,64655
2023-05-11 09:03:02,UR2308,UR2308,1918.0,0.0,0.0,0.0,3,1916.0,1917.0,2,1934.0,1923.0,1926.0,1913.0,640.0,1229440.0,64655
2023-05-11 09:03:02,UR2308,UR2308,1918.0,0.0,0.0,0.0,3,1916.0,1917.0,22,1934.0,1923.0,1926.0,1913.0,640.0,1229440.0,64655
2023-05-11 09:03:03,UR2308,UR2308,1918.0,0.0,0.0,0.0,23,1915.0,1917.0,22,1934.0,1923.0,1926.0,1913.0,640.0,1229440.0,64655
2023-05-11 09:03:03,UR2308,UR2308,1918.0,0.0,0.0,0.0,23,1915.0,1917.0,25,1934.0,1923.0,1926.0,1913.0,640.0,1229440.0,64655
2023-05-11 09:03:04,UR2308,UR2308,1918.0,0.0,0.0,0.0,22,1915.0,1917.0,26,1934.0,1923.0,1926.0,1913.0,640.0,1229440.0,64655
2023-05-11 09:03:04,UR2308,UR2308,1918.0,0.0,0.0,0.0,22,1915.0,1917.0,25,1934.0,1923.0,1926.0,1913.0,640.0,1229440.0,64655
2023-05-11 09:03:07,UR2308,UR2308,1918.0,0.0,0.0,0.0,20,1916.0,1917.0,25,1934.0,1923.0,1926.0,1913.0,640.0,1229440.0,64655
2023-05-11 09:03:07,UR2308,UR2308,1916.0,4.0,7684.0,0.0,16,1916.0,1917.0,21,1934.0,1923.0,1926.0,1913.0,644.0,1237124.0,64655
2023-05-11 09:03:08,UR2308,UR2308,1916.0,1.0,1921.0,0.0,15,1916.0,1917.0,20,1934.0,1923.0,1926.0,1913.0,645.0,1239045.0,64655
2023-05-11 09:03:09,UR2308,UR2308,1916.0,3.0,5763.0,0.0,12,1916.0,1917.0,17,1934.0,1923.0,1926.0,1913.0,648.0,1244808.0,64655
2023-05-11 09:03:09,UR2308,UR2308,1916.0,1.0,1921.0,0.0,11,1916.0,1917.0,16,1934.0,1923.0,1926.0,1913.0,649.0,1246729.0,64655
2023-05-11 09:03:10,UR2308,UR2308,1916.0,2.0,3842.0,0.0,9,1916.0,1917.0,14,1934.0,1923.0,1926.0,1913.0,651.0,1250571.0,64655
2023-05-11 09:03:10,UR2308,UR2308,1916.0,1.0,1921.0,0.0,8,1916.0,1917.0,10,1934.0,1923.0,1926.0,1913.0,652.0,1252492.0,64655
2023-05-11 09:03:11,UR2308,UR2308,1916.0,2.0,3842.0,0.0,6,1916.0,1917.0,8,1934.0,1923.0,1926.0,1913.0,654.0,1256334.0,64655
2023-05-11 09:03:12,UR2308,UR2308,1916.0,0.0,0.0,0.0,7,1916.0,1918.0,90,1934.0,1923.0,1926.0,1913.0,654.0,1256334.0,64655
2023-05-11 09:03:12,UR2308,UR2308,1917.0,6.0,10866.0,6.0,10,1916.0,1918.0,15,1934.0,1923.0,1926.0,1913.0,660.0,1267200.0,64661
2023-05-11 09:03:14,UR2308,UR2308,1917.0,0.0,0.0,0.0,10,1916.0,1918.0,5,1934.0,1923.0,1926.0,1913.0,660.0,1267200.0,64661
2023-05-11 09:03:17,UR2308,UR2308,1917.0,0.0,0.0,0.0,10,1916.0,1918.0,6,1934.0,1923.0,1926.0,1913.0,660.0,1267200.0,64661
2023-05-11 09:03:20,UR2308,UR2308,1918.0,1.0,1920.0,0.0,10,1916.0,1918.0,5,1934.0,1923.0,1926.0,1913.0,661.0,1269120.0,64661
2023-05-11 09:03:21,UR2308,UR2308,1918.0,0.0,0.0,0.0,21,1916.0,1918.0,5,1934.0,1923.0,1926.0,1913.0,661.0,1269120.0,64661
2023-05-11 09:03:21,UR2308,UR2308,1918.0,0.0,0.0,0.0,20,1916.0,1918.0,2,1934.0,1923.0,1926.0,1913.0,661.0,1269120.0,64661
2023-05-11 09:03:22,UR2308,UR2308,1918.0,0.0,0.0,0.0,2,1917.0,1918.0,1,1934.0,1923.0,1926.0,1913.0,661.0,1269120.0,64661
2023-05-11 09:03:22,UR2308,UR2308,1918.0,0.0,0.0,0.0,5,1917.0,1918.0,1,1934.0,1923.0,1926.0,1913.0,661.0,1269120.0,64661
2023-05-11 09:03:23,UR2308,UR2308,1918.0,0.0,0.0,0.0,3,1917.0,1918.0,1,1934.0,1923.0,1926.0,1913.0,661.0,1269120.0,64661
2023-05-11 09:03:24,UR2308,UR2308,1918.0,0.0,0.0,0.0,81,1916.0,1918.0,1,1934.0,1923.0,1926.0,1913.0,661.0,1269120.0,64661
2023-05-11 09:03:24,UR2308,UR2308,1918.0,0.0,0.0,0.0,51,1916.0,1918.0,1,1934.0,1923.0,1926.0,1913.0,661.0,1269120.0,64661
2023-05-11 09:03:24,UR2308,UR2308,1918.0,0.0,0.0,0.0,30,1916.0,1918.0,1,1934.0,1923.0,1926.0,1913.0,661.0,1269120.0,64661
2023-05-11 09:03:26,UR2308,UR2308,1918.0,0.0,0.0,0.0,21,1916.0,1918.0,1,1934.0,1923.0,1926.0,1913.0,661.0,1269120.0,64661
2023-05-11 09:03:27,UR2308,UR2308,1918.0,0.0,0.0,0.0,20,1916.0,1918.0,1,1934.0,1923.0,1926.0,1913.0,661.0,1269120.0,64661
2023-05-11 09:03:29,UR2308,UR2308,1918.0,0.0,0.0,0.0,21,1916.0,1918.0,1,1934.0,1923.0,1926.0,1913.0,661.0,1269120.0,64661
2023-05-11 09:03:31,UR2308,UR2308,1918.0,0.0,0.0,0.0,1,1917.0,1919.0,61,1934.0,1923.0,1926.0,1913.0,661.0,1269120.0,64661
2023-05-11 09:03:31,UR2308,UR2308,1917.0,1.0,1920.0,1.0,58,1916.0,1918.0,10,1934.0,1923.0,1926.0,1913.0,662.0,1271040.0,64662
2023-05-11 09:03:32,UR2308,UR2308,1917.0,0.0,0.0,0.0,20,1916.0,1918.0,11,1934.0,1923.0,1926.0,1913.0,662.0,1271040.0,64662
2023-05-11 09:03:32,UR2308,UR2308,1917.0,0.0,0.0,0.0,20,1916.0,1918.0,14,1934.0,1923.0,1926.0,1913.0,662.0,1271040.0,64662
2023-05-11 09:03:33,UR2308,UR2308,1917.0,0.0,0.0,0.0,20,1916.0,1918.0,11,1934.0,1923.0,1926.0,1913.0,662.0,1271040.0,64662
2023-05-11 09:03:35,UR2308,UR2308,1917.0,0.0,0.0,0.0,20,1916.0,1918.0,14,1934.0,1923.0,1926.0,1913.0,662.0,1271040.0,64662
2023-05-11 09:03:37,UR2308,UR2308,1918.0,1.0,1920.0,0.0,20,1916.0,1918.0,13,1934.0,1923.0,1926.0,1913.0,663.0,1272960.0,64662
2023-05-11 09:03:40,UR2308,UR2308,1918.0,0.0,0.0,0.0,10,1916.0,1918.0,13,1934.0,1923.0,1926.0,1913.0,663.0,1272960.0,64662
2023-05-11 09:03:41,UR2308,UR2308,1918.0,0.0,0.0,0.0,9,1916.0,1917.0,9,1934.0,1923.0,1926.0,1913.0,663.0,1272960.0,64662
2023-05-11 09:03:42,UR2308,UR2308,1916.0,4.0,7680.0,0.0,2,1916.0,1917.0,5,1934.0,1923.0,1926.0,1913.0,667.0,1280640.0,64662
2023-05-11 09:03:42,UR2308,UR2308,1916.0,1.0,1920.0,0.0,1,1916.0,1917.0,4,1934.0,1923.0,1926.0,1913.0,668.0,1282560.0,64662
2023-05-11 09:03:44,UR2308,UR2308,1916.0,1.0,1920.0,0.0,22,1915.0,1917.0,3,1934.0,1923.0,1926.0,1913.0,669.0,1284480.0,64662
2023-05-11 09:03:45,UR2308,UR2308,1916.0,0.0,0.0,0.0,20,1915.0,1916.0,3,1934.0,1923.0,1926.0,1913.0,669.0,1284480.0,64662
2023-05-11 09:03:45,UR2308,UR2308,1916.0,0.0,0.0,0.0,7,1915.0,1916.0,6,1934.0,1923.0,1926.0,1913.0,669.0,1284480.0,64662
2023-05-11 09:03:47,UR2308,UR2308,1915.0,4.0,7680.0,4.0,3,1915.0,1916.0,6,1934.0,1923.0,1926.0,1913.0,673.0,1292160.0,64666
2023-05-11 09:03:47,UR2308,UR2308,1915.0,3.0,5760.0,3.0,22,1914.0,1916.0,28,1934.0,1923.0,1926.0,1913.0,676.0,1297920.0,64669
2023-05-11 09:03:48,UR2308,UR2308,1915.0,0.0,0.0,0.0,15,1914.0,1916.0,45,1934.0,1923.0,1926.0,1913.0,676.0,1297920.0,64669
2023-05-11 09:03:48,UR2308,UR2308,1915.0,0.0,0.0,0.0,15,1914.0,1916.0,82,1934.0,1923.0,1926.0,1913.0,676.0,1297920.0,64669
2023-05-11 09:03:49,UR2308,UR2308,1915.0,0.0,0.0,0.0,15,1914.0,1916.0,87,1934.0,1923.0,1926.0,1913.0,676.0,1297920.0,64669
2023-05-11 09:03:49,UR2308,UR2308,1915.0,0.0,0.0,0.0,15,1914.0,1916.0,99,1934.0,1923.0,1926.0,1913.0,676.0,1297920.0,64669
2023-05-11 09:03:51,UR2308,UR2308,1915.0,0.0,0.0,0.0,5,1914.0,1916.0,99,1934.0,1923.0,1926.0,1913.0,676.0,1297920.0,64669
2023-05-11 09:03:53,UR2308,UR2308,1915.0,0.0,0.0,0.0,57,1913.0,1915.0,88,1934.0,1923.0,1926.0,1913.0,676.0,1297920.0,64669
2023-05-11 09:03:53,UR2308,UR2308,1915.0,10.0,19200.0,-10.0,6,1913.0,1915.0,92,1934.0,1923.0,1926.0,1913.0,686.0,1317120.0,64659
2023-05-11 09:03:54,UR2308,UR2308,1914.0,2.0,3840.0,2.0,4,1913.0,1914.0,76,1934.0,1923.0,1926.0,1913.0,688.0,1320960.0,64661
2023-05-11 09:03:54,UR2308,UR2308,1913.0,4.0,7680.0,0.0,2,1912.0,1913.0,18,1934.0,1923.0,1926.0,1913.0,692.0,1328640.0,64661
2023-05-11 09:03:55,UR2308,UR2308,1913.0,0.0,0.0,0.0,2,1912.0,1913.0,13,1934.0,1923.0,1926.0,1913.0,692.0,1328640.0,64661
2023-05-11 09:03:55,UR2308,UR2308,1913.0,3.0,5760.0,2.0,8,1912.0,1914.0,116,1934.0,1923.0,1926.0,1913.0,695.0,1334400.0,64663
2023-05-11 09:03:55,UR2308,UR2308,1913.0,0.0,0.0,0.0,8,1912.0,1914.0,86,1934.0,1923.0,1926.0,1913.0,695.0,1334400.0,64663
2023-05-11 09:03:56,UR2308,UR2308,1913.0,0.0,0.0,0.0,5,1912.0,1914.0,96,1934.0,1923.0,1926.0,1913.0,695.0,1334400.0,64663
2023-05-11 09:03:57,UR2308,UR2308,1912.0,5.0,9600.0,0.0,2,1912.0,1913.0,26,1934.0,1923.0,1926.0,1912.0,700.0,1344000.0,64663
2023-05-11 09:03:58,UR2308,UR2308,1912.0,0.0,0.0,0.0,2,1912.0,1913.0,11,1934.0,1923.0,1926.0,1912.0,700.0,1344000.0,64663
2023-05-11 09:03:58,UR2308,UR2308,1912.0,0.0,0.0,0.0,2,1912.0,1913.0,54,1934.0,1923.0,1926.0,1912.0,700.0,1344000.0,64663
2023-05-11 09:03:59,UR2308,UR2308,1912.0,0.0,0.0,0.0,2,1912.0,1913.0,75,1934.0,1923.0,1926.0,1912.0,700.0,1344000.0,64663
2023-05-11 09:03:59,UR2308,UR2308,1912.0,0.0,0.0,0.0,2,1912.0,1913.0,86,1934.0,1923.0,1926.0,1912.0,700.0,1344000.0,64663
2023-05-11 09:03:59,UR2308,UR2308,1912.0,0.0,0.0,0.0,3,1912.0,1913.0,86,1934.0,1923.0,1926.0,1912.0,700.0,1344000.0,64663
2023-05-11 09:04:01,UR2308,UR2308,1912.0,1.0,1920.0,0.0,1,1912.0,1913.0,85,1934.0,1923.0,1926.0,1912.0,701.0,1345920.0,64663
2023-05-11 09:04:02,UR2308,UR2308,1913.0,7.0,13440.0,5.0,3,1912.0,1913.0,21,1934.0,1923.0,1926.0,1912.0,708.0,1359360.0,64668
2023-05-11 09:04:02,UR2308,UR2308,1913.0,1.0,1920.0,0.0,6,1912.0,1913.0,1,1934.0,1923.0,1926.0,1912.0,709.0,1361280.0,64668
2023-05-11 09:04:03,UR2308,UR2308,1912.0,3.0,5760.0,0.0,75,1911.0,1913.0,47,1934.0,1923.0,1926.0,1912.0,712.0,1367040.0,64668
2023-05-11 09:04:03,UR2308,UR2308,1912.0,0.0,0.0,0.0,17,1911.0,1913.0,60,1934.0,1923.0,1926.0,1912.0,712.0,1367040.0,64668
2023-05-11 09:04:04,UR2308,UR2308,1912.0,0.0,0.0,0.0,17,1911.0,1913.0,47,1934.0,1923.0,1926.0,1912.0,712.0,1367040.0,64668
2023-05-11 09:04:04,UR2308,UR2308,1912.0,0.0,0.0,0.0,17,1911.0,1913.0,60,1934.0,1923.0,1926.0,1912.0,712.0,1367040.0,64668
2023-05-11 09:04:05,UR2308,UR2308,1912.0,0.0,0.0,0.0,17,1911.0,1913.0,81,1934.0,1923.0,1926.0,1912.0,712.0,1367040.0,64668
2023-05-11 09:04:05,UR2308,UR2308,1912.0,0.0,0.0,0.0,3,1912.0,1914.0,139,1934.0,1923.0,1926.0,1912.0,712.0,1367040.0,64668
2023-05-11 09:04:06,UR2308,UR2308,1912.0,0.0,0.0,0.0,3,1913.0,1914.0,34,1934.0,1923.0,1926.0,1912.0,712.0,1367040.0,64668
2023-05-11 09:04:06,UR2308,UR2308,1912.0,0.0,0.0,0.0,6,1913.0,1915.0,138,1934.0,1923.0,1926.0,1912.0,712.0,1367040.0,64668
2023-05-11 09:04:07,UR2308,UR2308,1913.0,3.0,5760.0,2.0,7,1913.0,1915.0,101,1934.0,1923.0,1926.0,1912.0,715.0,1372800.0,64670
2023-05-11 09:04:07,UR2308,UR2308,1913.0,1.0,1920.0,1.0,6,1913.0,1915.0,90,1934.0,1923.0,1926.0,1912.0,716.0,1374720.0,64671
2023-05-11 09:04:07,UR2308,UR2308,1913.0,0.0,0.0,0.0,4,1913.0,1915.0,90,1934.0,1923.0,1926.0,1912.0,716.0,1374720.0,64671
2023-05-11 09:04:08,UR2308,UR2308,1913.0,0.0,0.0,0.0,7,1913.0,1915.0,90,1934.0,1923.0,1926.0,1912.0,716.0,1374720.0,64671
2023-05-11 09:04:09,UR2308,UR2308,1913.0,0.0,0.0,0.0,4,1913.0,1914.0,4,1934.0,1923.0,1926.0,1912.0,716.0,1374720.0,64671
2023-05-11 09:04:09,UR2308,UR2308,1913.0,0.0,0.0,0.0,1,1913.0,1915.0,57,1934.0,1923.0,1926.0,1912.0,716.0,1374720.0,64671
2023-05-11 09:04:10,UR2308,UR2308,1913.0,0.0,0.0,0.0,4,1913.0,1915.0,91,1934.0,1923.0,1926.0,1912.0,716.0,1374720.0,64671
2023-05-11 09:04:10,UR2308,UR2308,1913.0,1.0,1920.0,0.0,1,1913.0,1915.0,90,1934.0,1923.0,1926.0,1912.0,717.0,1376640.0,64671
2023-05-11 09:04:11,UR2308,UR2308,1913.0,0.0,0.0,0.0,67,1912.0,1913.0,4,1934.0,1923.0,1926.0,1912.0,717.0,1376640.0,64671
2023-05-11 09:04:11,UR2308,UR2308,1913.0,0.0,0.0,0.0,6,1912.0,1913.0,4,1934.0,1923.0,1926.0,1912.0,717.0,1376640.0,64671
2023-05-11 09:04:12,UR2308,UR2308,1913.0,8.0,15360.0,-2.0,16,1912.0,1914.0,49,1934.0,1923.0,1926.0,1912.0,725.0,1392000.0,64669
2023-05-11 09:04:13,UR2308,UR2308,1913.0,0.0,0.0,0.0,5,1912.0,1914.0,80,1934.0,1923.0,1926.0,1912.0,725.0,1392000.0,64669
2023-05-11 09:04:13,UR2308,UR2308,1913.0,0.0,0.0,0.0,68,1911.0,1913.0,46,1934.0,1923.0,1926.0,1912.0,725.0,1392000.0,64669
2023-05-11 09:04:14,UR2308,UR2308,1913.0,0.0,0.0,0.0,17,1911.0,1913.0,49,1934.0,1923.0,1926.0,1912.0,725.0,1392000.0,64669
2023-05-11 09:04:16,UR2308,UR2308,1913.0,0.0,0.0,0.0,16,1911.0,1913.0,49,1934.0,1923.0,1926.0,1912.0,725.0,1392000.0,64669
2023-05-11 09:04:16,UR2308,UR2308,1913.0,0.0,0.0,0.0,18,1911.0,1913.0,48,1934.0,1923.0,1926.0,1912.0,725.0,1392000.0,64669
2023-05-11 09:04:17,UR2308,UR2308,1913.0,0.0,0.0,0.0,18,1911.0,1913.0,47,1934.0,1923.0,1926.0,1912.0,725.0,1392000.0,64669
2023-05-11 09:04:18,UR2308,UR2308,1913.0,0.0,0.0,0.0,13,1912.0,1913.0,3,1934.0,1923.0,1926.0,1912.0,725.0,1392000.0,64669
2023-05-11 09:04:18,UR2308,UR2308,1913.0,0.0,0.0,0.0,17,1912.0,1914.0,100,1934.0,1923.0,1926.0,1912.0,725.0,1392000.0,64669
2023-05-11 09:04:19,UR2308,UR2308,1913.0,0.0,0.0,0.0,18,1912.0,1914.0,80,1934.0,1923.0,1926.0,1912.0,725.0,1392000.0,64669
2023-05-11 09:04:19,UR2308,UR2308,1913.0,0.0,0.0,0.0,16,1912.0,1914.0,80,1934.0,1923.0,1926.0,1912.0,725.0,1392000.0,64669
2023-05-11 09:04:21,UR2308,UR2308,1913.0,0.0,0.0,0.0,13,1913.0,1915.0,137,1934.0,1923.0,1926.0,1912.0,725.0,1392000.0,64669
2023-05-11 09:04:21,UR2308,UR2308,1913.0,0.0,0.0,0.0,7,1913.0,1915.0,100,1934.0,1923.0,1926.0,1912.0,725.0,1392000.0,64669
2023-05-11 09:04:22,UR2308,UR2308,1913.0,0.0,0.0,0.0,1,1913.0,1915.0,86,1934.0,1923.0,1926.0,1912.0,725.0,1392000.0,64669
2023-05-11 09:04:22,UR2308,UR2308,1913.0,0.0,0.0,0.0,4,1913.0,1915.0,90,1934.0,1923.0,1926.0,1912.0,725.0,1392000.0,64669
2023-05-11 09:04:23,UR2308,UR2308,1913.0,0.0,0.0,0.0,4,1913.0,1914.0,31,1934.0,1923.0,1926.0,1912.0,725.0,1392000.0,64669
2023-05-11 09:04:23,UR2308,UR2308,1913.0,0.0,0.0,0.0,10,1913.0,1914.0,4,1934.0,1923.0,1926.0,1912.0,725.0,1392000.0,64669
2023-05-11 09:04:24,UR2308,UR2308,1913.0,0.0,0.0,0.0,4,1913.0,1914.0,3,1934.0,1923.0,1926.0,1912.0,725.0,1392000.0,64669
2023-05-11 09:04:24,UR2308,UR2308,1913.0,3.0,5760.0,0.0,4,1913.0,1914.0,1,1934.0,1923.0,1926.0,1912.0,728.0,1397760.0,64669
2023-05-11 09:04:25,UR2308,UR2308,1913.0,1.0,1920.0,0.0,105,1912.0,1914.0,1,1934.0,1923.0,1926.0,1912.0,729.0,1399680.0,64669
2023-05-11 09:04:25,UR2308,UR2308,1913.0,0.0,0.0,0.0,1,1913.0,1914.0,1,1934.0,1923.0,1926.0,1912.0,729.0,1399680.0,64669
2023-05-11 09:04:26,UR2308,UR2308,1913.0,0.0,0.0,0.0,4,1913.0,1914.0,1,1934.0,1923.0,1926.0,1912.0,729.0,1399680.0,64669
2023-05-11 09:04:26,UR2308,UR2308,1913.0,0.0,0.0,0.0,78,1912.0,1914.0,38,1934.0,1923.0,1926.0,1912.0,729.0,1399680.0,64669
2023-05-11 09:04:27,UR2308,UR2308,1913.0,0.0,0.0,0.0,37,1912.0,1914.0,39,1934.0,1923.0,1926.0,1912.0,729.0,1399680.0,64669
2023-05-11 09:04:27,UR2308,UR2308,1913.0,0.0,0.0,0.0,26,1912.0,1914.0,43,1934.0,1923.0,1926.0,1912.0,729.0,1399680.0,64669
2023-05-11 09:04:28,UR2308,UR2308,1913.0,0.0,0.0,0.0,26,1912.0,1914.0,45,1934.0,1923.0,1926.0,1912.0,729.0,1399680.0,64669
2023-05-11 09:04:31,UR2308,UR2308,1913.0,0.0,0.0,0.0,3,1912.0,1913.0,31,1934.0,1923.0,1926.0,1912.0,729.0,1399680.0,64669
2023-05-11 09:04:31,UR2308,UR2308,1913.0,0.0,0.0,0.0,47,1911.0,1913.0,44,1934.0,1923.0,1926.0,1912.0,729.0,1399680.0,64669
2023-05-11 09:04:32,UR2308,UR2308,1913.0,0.0,0.0,0.0,17,1911.0,1913.0,44,1934.0,1923.0,1926.0,1912.0,729.0,1399680.0,64669
2023-05-11 09:04:33,UR2308,UR2308,1913.0,0.0,0.0,0.0,17,1911.0,1913.0,48,1934.0,1923.0,1926.0,1912.0,729.0,1399680.0,64669
2023-05-11 09:04:34,UR2308,UR2308,1913.0,0.0,0.0,0.0,18,1911.0,1913.0,48,1934.0,1923.0,1926.0,1912.0,729.0,1399680.0,64669
2023-05-11 09:04:35,UR2308,UR2308,1913.0,0.0,0.0,0.0,13,1912.0,1913.0,7,1934.0,1923.0,1926.0,1912.0,729.0,1399680.0,64669
2023-05-11 09:04:35,UR2308,UR2308,1913.0,0.0,0.0,0.0,16,1912.0,1914.0,100,1934.0,1923.0,1926.0,1912.0,729.0,1399680.0,64669
2023-05-11 09:04:35,UR2308,UR2308,1913.0,0.0,0.0,0.0,16,1912.0,1914.0,90,1934.0,1923.0,1926.0,1912.0,729.0,1399680.0,64669
2023-05-11 09:04:44,UR2308,UR2308,1913.0,0.0,0.0,0.0,3,1912.0,1913.0,13,1934.0,1923.0,1926.0,1912.0,729.0,1399680.0,64669
2023-05-11 09:04:44,UR2308,UR2308,1913.0,1.0,1920.0,1.0,63,1911.0,1913.0,48,1934.0,1923.0,1926.0,1912.0,730.0,1401600.0,64670
2023-05-11 09:04:45,UR2308,UR2308,1912.0,2.0,3840.0,1.0,40,1911.0,1913.0,44,1934.0,1923.0,1926.0,1912.0,732.0,1405440.0,64671
2023-05-11 09:04:45,UR2308,UR2308,1912.0,0.0,0.0,0.0,33,1911.0,1913.0,29,1934.0,1923.0,1926.0,1912.0,732.0,1405440.0,64671
2023-05-11 09:04:46,UR2308,UR2308,1912.0,0.0,0.0,0.0,34,1911.0,1913.0,15,1934.0,1923.0,1926.0,1912.0,732.0,1405440.0,64671
2023-05-11 09:04:46,UR2308,UR2308,1912.0,0.0,0.0,0.0,2,1912.0,1913.0,4,1934.0,1923.0,1926.0,1912.0,732.0,1405440.0,64671
2023-05-11 09:04:47,UR2308,UR2308,1912.0,0.0,0.0,0.0,13,1912.0,1914.0,119,1934.0,1923.0,1926.0,1912.0,732.0,1405440.0,64671
2023-05-11 09:04:47,UR2308,UR2308,1912.0,0.0,0.0,0.0,17,1912.0,1914.0,89,1934.0,1923.0,1926.0,1912.0,732.0,1405440.0,64671
2023-05-11 09:04:47,UR2308,UR2308,1912.0,0.0,0.0,0.0,16,1912.0,1914.0,89,1934.0,1923.0,1926.0,1912.0,732.0,1405440.0,64671
2023-05-11 09:04:48,UR2308,UR2308,1912.0,0.0,0.0,0.0,13,1912.0,1914.0,89,1934.0,1923.0,1926.0,1912.0,732.0,1405440.0,64671
2023-05-11 09:04:49,UR2308,UR2308,1912.0,0.0,0.0,0.0,84,1911.0,1913.0,41,1934.0,1923.0,1926.0,1912.0,732.0,1405440.0,64671
2023-05-11 09:04:49,UR2308,UR2308,1912.0,0.0,0.0,0.0,54,1911.0,1913.0,44,1934.0,1923.0,1926.0,1912.0,732.0,1405440.0,64671
2023-05-11 09:04:49,UR2308,UR2308,1912.0,0.0,0.0,0.0,33,1911.0,1913.0,44,1934.0,1923.0,1926.0,1912.0,732.0,1405440.0,64671
2023-05-11 09:04:50,UR2308,UR2308,1911.0,1.0,1920.0,1.0,32,1911.0,1913.0,44,1934.0,1923.0,1926.0,1911.0,733.0,1407360.0,64672
2023-05-11 09:04:51,UR2308,UR2308,1911.0,0.0,0.0,0.0,32,1911.0,1913.0,45,1934.0,1923.0,1926.0,1911.0,733.0,1407360.0,64672
2023-05-11 09:04:51,UR2308,UR2308,1911.0,0.0,0.0,0.0,33,1911.0,1913.0,45,1934.0,1923.0,1926.0,1911.0,733.0,1407360.0,64672
2023-05-11 09:04:54,UR2308,UR2308,1911.0,0.0,0.0,0.0,33,1911.0,1913.0,43,1934.0,1923.0,1926.0,1911.0,733.0,1407360.0,64672
2023-05-11 09:04:54,UR2308,UR2308,1911.0,0.0,0.0,0.0,33,1911.0,1913.0,46,1934.0,1923.0,1926.0,1911.0,733.0,1407360.0,64672
2023-05-11 09:04:56,UR2308,UR2308,1911.0,0.0,0.0,0.0,33,1911.0,1913.0,40,1934.0,1923.0,1926.0,1911.0,733.0,1407360.0,64672
2023-05-11 09:04:57,UR2308,UR2308,1911.0,0.0,0.0,0.0,32,1911.0,1913.0,28,1934.0,1923.0,1926.0,1911.0,733.0,1407360.0,64672
2023-05-11 09:04:57,UR2308,UR2308,1911.0,0.0,0.0,0.0,32,1911.0,1913.0,37,1934.0,1923.0,1926.0,1911.0,733.0,1407360.0,64672
2023-05-11 09:04:57,UR2308,UR2308,1911.0,0.0,0.0,0.0,32,1911.0,1913.0,46,1934.0,1923.0,1926.0,1911.0,733.0,1407360.0,64672
2023-05-11 09:04:58,UR2308,UR2308,1911.0,0.0,0.0,0.0,30,1911.0,1913.0,48,1934.0,1923.0,1926.0,1911.0,733.0,1407360.0,64672
2023-05-11 09:05:00,UR2308,UR2308,1911.0,0.0,0.0,0.0,29,1911.0,1913.0,48,1934.0,1923.0,1926.0,1911.0,733.0,1407360.0,64672
2023-05-11 09:05:01,UR2308,UR2308,1911.0,0.0,0.0,0.0,26,1911.0,1913.0,48,1934.0,1923.0,1926.0,1911.0,733.0,1407360.0,64672
2023-05-11 09:05:02,UR2308,UR2308,1911.0,0.0,0.0,0.0,16,1911.0,1913.0,48,1934.0,1923.0,1926.0,1911.0,733.0,1407360.0,64672
2023-05-11 09:05:03,UR2308,UR2308,1911.0,0.0,0.0,0.0,111,1910.0,1912.0,43,1934.0,1923.0,1926.0,1911.0,733.0,1407360.0,64672
2023-05-11 09:05:03,UR2308,UR2308,1911.0,0.0,0.0,0.0,84,1910.0,1912.0,46,1934.0,1923.0,1926.0,1911.0,733.0,1407360.0,64672
2023-05-11 09:05:04,UR2308,UR2308,1911.0,0.0,0.0,0.0,82,1910.0,1912.0,41,1934.0,1923.0,1926.0,1911.0,733.0,1407360.0,64672
2023-05-11 09:05:05,UR2308,UR2308,1911.0,0.0,0.0,0.0,84,1910.0,1912.0,43,1934.0,1923.0,1926.0,1911.0,733.0,1407360.0,64672
2023-05-11 09:05:05,UR2308,UR2308,1911.0,0.0,0.0,0.0,82,1910.0,1912.0,48,1934.0,1923.0,1926.0,1911.0,733.0,1407360.0,64672
2023-05-11 09:05:08,UR2308,UR2308,1911.0,0.0,0.0,0.0,15,1911.0,1912.0,1,1934.0,1923.0,1926.0,1911.0,733.0,1407360.0,64672
2023-05-11 09:05:08,UR2308,UR2308,1911.0,0.0,0.0,0.0,16,1911.0,1912.0,1,1934.0,1923.0,1926.0,1911.0,733.0,1407360.0,64672
2023-05-11 09:05:10,UR2308,UR2308,1911.0,0.0,0.0,0.0,19,1911.0,1913.0,66,1934.0,1923.0,1926.0,1911.0,733.0,1407360.0,64672
2023-05-11 09:05:10,UR2308,UR2308,1911.0,0.0,0.0,0.0,20,1911.0,1913.0,39,1934.0,1923.0,1926.0,1911.0,733.0,1407360.0,64672
2023-05-11 09:05:11,UR2308,UR2308,1913.0,17.0,32640.0,3.0,8,1912.0,1913.0,3,1934.0,1923.0,1926.0,1911.0,750.0,1440000.0,64675
2023-05-11 09:05:11,UR2308,UR2308,1913.0,4.0,7680.0,0.0,10,1912.0,1914.0,95,1934.0,1923.0,1926.0,1911.0,754.0,1447680.0,64675
2023-05-11 09:05:12,UR2308,UR2308,1913.0,0.0,0.0,0.0,9,1912.0,1914.0,85,1934.0,1923.0,1926.0,1911.0,754.0,1447680.0,64675
2023-05-11 09:05:12,UR2308,UR2308,1913.0,0.0,0.0,0.0,9,1912.0,1914.0,87,1934.0,1923.0,1926.0,1911.0,754.0,1447680.0,64675
2023-05-11 09:05:13,UR2308,UR2308,1913.0,0.0,0.0,0.0,8,1912.0,1914.0,87,1934.0,1923.0,1926.0,1911.0,754.0,1447680.0,64675
2023-05-11 09:05:13,UR2308,UR2308,1913.0,0.0,0.0,0.0,1,1912.0,1914.0,87,1934.0,1923.0,1926.0,1911.0,754.0,1447680.0,64675
2023-05-11 09:05:16,UR2308,UR2308,1913.0,0.0,0.0,0.0,9,1912.0,1914.0,87,1934.0,1923.0,1926.0,1911.0,754.0,1447680.0,64675
2023-05-11 09:05:16,UR2308,UR2308,1913.0,0.0,0.0,0.0,12,1912.0,1914.0,87,1934.0,1923.0,1926.0,1911.0,754.0,1447680.0,64675
2023-05-11 09:05:17,UR2308,UR2308,1913.0,0.0,0.0,0.0,5,1913.0,1914.0,36,1934.0,1923.0,1926.0,1911.0,754.0,1447680.0,64675
2023-05-11 09:05:18,UR2308,UR2308,1914.0,4.0,7680.0,4.0,2,1914.0,1915.0,105,1934.0,1923.0,1926.0,1911.0,758.0,1455360.0,64679
2023-05-11 09:05:18,UR2308,UR2308,1914.0,22.0,41460.0,-6.0,30,1913.0,1915.0,85,1934.0,1923.0,1926.0,1911.0,780.0,1496820.0,64673
2023-05-11 09:05:19,UR2308,UR2308,1914.0,0.0,0.0,0.0,36,1913.0,1915.0,85,1934.0,1923.0,1926.0,1911.0,780.0,1496820.0,64673
2023-05-11 09:05:19,UR2308,UR2308,1914.0,0.0,0.0,0.0,35,1913.0,1915.0,85,1934.0,1923.0,1926.0,1911.0,780.0,1496820.0,64673
2023-05-11 09:05:20,UR2308,UR2308,1914.0,0.0,0.0,0.0,36,1913.0,1915.0,85,1934.0,1923.0,1926.0,1911.0,780.0,1496820.0,64673
2023-05-11 09:05:20,UR2308,UR2308,1914.0,0.0,0.0,0.0,4,1914.0,1915.0,85,1934.0,1923.0,1926.0,1911.0,780.0,1496820.0,64673
2023-05-11 09:05:22,UR2308,UR2308,1914.0,0.0,0.0,0.0,2,1914.0,1915.0,85,1934.0,1923.0,1926.0,1911.0,780.0,1496820.0,64673
2023-05-11 09:05:23,UR2308,UR2308,1914.0,0.0,0.0,0.0,31,1913.0,1915.0,85,1934.0,1923.0,1926.0,1911.0,780.0,1496820.0,64673
2023-05-11 09:05:23,UR2308,UR2308,1914.0,0.0,0.0,0.0,26,1913.0,1915.0,87,1934.0,1923.0,1926.0,1911.0,780.0,1496820.0,64673
2023-05-11 09:05:25,UR2308,UR2308,1914.0,0.0,0.0,0.0,35,1913.0,1915.0,85,1934.0,1923.0,1926.0,1911.0,780.0,1496820.0,64673
2023-05-11 09:05:25,UR2308,UR2308,1914.0,0.0,0.0,0.0,139,1912.0,1914.0,9,1934.0,1923.0,1926.0,1911.0,780.0,1496820.0,64673
2023-05-11 09:05:26,UR2308,UR2308,1914.0,0.0,0.0,0.0,68,1912.0,1914.0,43,1934.0,1923.0,1926.0,1911.0,780.0,1496820.0,64673
2023-05-11 09:05:26,UR2308,UR2308,1914.0,0.0,0.0,0.0,48,1912.0,1914.0,43,1934.0,1923.0,1926.0,1911.0,780.0,1496820.0,64673
2023-05-11 09:05:27,UR2308,UR2308,1914.0,0.0,0.0,0.0,37,1912.0,1914.0,39,1934.0,1923.0,1926.0,1911.0,780.0,1496820.0,64673
2023-05-11 09:05:27,UR2308,UR2308,1914.0,1.0,1919.0,0.0,37,1912.0,1914.0,36,1934.0,1923.0,1926.0,1911.0,781.0,1498739.0,64673
2023-05-11 09:05:28,UR2308,UR2308,1914.0,2.0,3838.0,0.0,36,1912.0,1914.0,41,1934.0,1923.0,1926.0,1911.0,783.0,1502577.0,64673
2023-05-11 09:05:28,UR2308,UR2308,1914.0,0.0,0.0,0.0,37,1912.0,1914.0,41,1934.0,1923.0,1926.0,1911.0,783.0,1502577.0,64673
2023-05-11 09:05:29,UR2308,UR2308,1912.0,20.0,38380.0,0.0,17,1912.0,1914.0,41,1934.0,1923.0,1926.0,1911.0,803.0,1540957.0,64673
2023-05-11 09:05:30,UR2308,UR2308,1912.0,0.0,0.0,0.0,13,1912.0,1914.0,41,1934.0,1923.0,1926.0,1911.0,803.0,1540957.0,64673
2023-05-11 09:05:31,UR2308,UR2308,1914.0,2.0,3838.0,0.0,13,1912.0,1914.0,40,1934.0,1923.0,1926.0,1911.0,805.0,1544795.0,64673
2023-05-11 09:05:31,UR2308,UR2308,1914.0,0.0,0.0,0.0,85,1911.0,1913.0,28,1934.0,1923.0,1926.0,1911.0,805.0,1544795.0,64673
2023-05-11 09:05:32,UR2308,UR2308,1914.0,0.0,0.0,0.0,37,1911.0,1913.0,44,1934.0,1923.0,1926.0,1911.0,805.0,1544795.0,64673
2023-05-11 09:05:32,UR2308,UR2308,1914.0,0.0,0.0,0.0,14,1911.0,1913.0,77,1934.0,1923.0,1926.0,1911.0,805.0,1544795.0,64673
2023-05-11 09:05:33,UR2308,UR2308,1914.0,0.0,0.0,0.0,14,1911.0,1913.0,87,1934.0,1923.0,1926.0,1911.0,805.0,1544795.0,64673
2023-05-11 09:05:34,UR2308,UR2308,1914.0,0.0,0.0,0.0,1,1911.0,1913.0,87,1934.0,1923.0,1926.0,1911.0,805.0,1544795.0,64673
2023-05-11 09:05:34,UR2308,UR2308,1914.0,0.0,0.0,0.0,7,1911.0,1913.0,87,1934.0,1923.0,1926.0,1911.0,805.0,1544795.0,64673
2023-05-11 09:05:35,UR2308,UR2308,1914.0,0.0,0.0,0.0,1,1911.0,1912.0,16,1934.0,1923.0,1926.0,1911.0,805.0,1544795.0,64673
2023-05-11 09:05:35,UR2308,UR2308,1914.0,0.0,0.0,0.0,1,1911.0,1912.0,3,1934.0,1923.0,1926.0,1911.0,805.0,1544795.0,64673
2023-05-11 09:05:36,UR2308,UR2308,1914.0,0.0,0.0,0.0,18,1911.0,1913.0,91,1934.0,1923.0,1926.0,1911.0,805.0,1544795.0,64673
2023-05-11 09:05:36,UR2308,UR2308,1914.0,0.0,0.0,0.0,10,1911.0,1913.0,87,1934.0,1923.0,1926.0,1911.0,805.0,1544795.0,64673
2023-05-11 09:05:37,UR2308,UR2308,1914.0,0.0,0.0,0.0,1,1911.0,1912.0,39,1934.0,1923.0,1926.0,1911.0,805.0,1544795.0,64673
2023-05-11 09:05:37,UR2308,UR2308,1914.0,0.0,0.0,0.0,1,1911.0,1912.0,42,1934.0,1923.0,1926.0,1911.0,805.0,1544795.0,64673
2023-05-11 09:05:45,UR2308,UR2308,1912.0,10.0,19190.0,-10.0,1,1911.0,1912.0,32,1934.0,1923.0,1926.0,1911.0,815.0,1563985.0,64663
2023-05-11 09:05:50,UR2308,UR2308,1912.0,0.0,0.0,0.0,49,1910.0,1912.0,32,1934.0,1923.0,1926.0,1911.0,815.0,1563985.0,64663
2023-05-11 09:05:50,UR2308,UR2308,1912.0,0.0,0.0,0.0,42,1910.0,1912.0,32,1934.0,1923.0,1926.0,1911.0,815.0,1563985.0,64663
2023-05-11 09:05:52,UR2308,UR2308,1912.0,0.0,0.0,0.0,36,1910.0,1911.0,29,1934.0,1923.0,1926.0,1911.0,815.0,1563985.0,64663
2023-05-11 09:05:52,UR2308,UR2308,1912.0,0.0,0.0,0.0,16,1910.0,1911.0,38,1934.0,1923.0,1926.0,1911.0,815.0,1563985.0,64663
2023-05-11 09:05:53,UR2308,UR2308,1912.0,0.0,0.0,0.0,16,1910.0,1911.0,48,1934.0,1923.0,1926.0,1911.0,815.0,1563985.0,64663
2023-05-11 09:05:53,UR2308,UR2308,1910.0,16.0,30704.0,-12.0,16,1909.0,1910.0,13,1934.0,1923.0,1926.0,1910.0,831.0,1594689.0,64651
2023-05-11 09:05:54,UR2308,UR2308,1910.0,0.0,0.0,0.0,75,1908.0,1910.0,19,1934.0,1923.0,1926.0,1910.0,831.0,1594689.0,64651
2023-05-11 09:05:54,UR2308,UR2308,1910.0,0.0,0.0,0.0,14,1908.0,1910.0,19,1934.0,1923.0,1926.0,1910.0,831.0,1594689.0,64651
2023-05-11 09:05:55,UR2308,UR2308,1910.0,0.0,0.0,0.0,14,1908.0,1910.0,20,1934.0,1923.0,1926.0,1910.0,831.0,1594689.0,64651
2023-05-11 09:05:56,UR2308,UR2308,1910.0,0.0,0.0,0.0,13,1908.0,1910.0,20,1934.0,1923.0,1926.0,1910.0,831.0,1594689.0,64651
2023-05-11 09:05:57,UR2308,UR2308,1910.0,0.0,0.0,0.0,8,1908.0,1909.0,13,1934.0,1923.0,1926.0,1910.0,831.0,1594689.0,64651
2023-05-11 09:05:57,UR2308,UR2308,1909.0,1.0,1919.0,1.0,10,1908.0,1910.0,67,1934.0,1923.0,1926.0,1909.0,832.0,1596608.0,64652
2023-05-11 09:05:58,UR2308,UR2308,1909.0,0.0,0.0,0.0,13,1908.0,1910.0,29,1934.0,1923.0,1926.0,1909.0,832.0,1596608.0,64652
2023-05-11 09:05:58,UR2308,UR2308,1909.0,0.0,0.0,0.0,10,1908.0,1910.0,29,1934.0,1923.0,1926.0,1909.0,832.0,1596608.0,64652
2023-05-11 09:05:59,UR2308,UR2308,1909.0,0.0,0.0,0.0,13,1908.0,1910.0,29,1934.0,1923.0,1926.0,1909.0,832.0,1596608.0,64652
2023-05-11 09:05:59,UR2308,UR2308,1909.0,0.0,0.0,0.0,4,1908.0,1909.0,14,1934.0,1923.0,1926.0,1909.0,832.0,1596608.0,64652
2023-05-11 09:06:00,UR2308,UR2308,1909.0,0.0,0.0,0.0,10,1908.0,1909.0,4,1934.0,1923.0,1926.0,1909.0,832.0,1596608.0,64652
2023-05-11 09:06:00,UR2308,UR2308,1909.0,0.0,0.0,0.0,7,1908.0,1909.0,13,1934.0,1923.0,1926.0,1909.0,832.0,1596608.0,64652
2023-05-11 09:06:01,UR2308,UR2308,1909.0,0.0,0.0,0.0,4,1908.0,1909.0,17,1934.0,1923.0,1926.0,1909.0,832.0,1596608.0,64652
2023-05-11 09:06:01,UR2308,UR2308,1909.0,0.0,0.0,0.0,4,1908.0,1909.0,1,1934.0,1923.0,1926.0,1909.0,832.0,1596608.0,64652
2023-05-11 09:06:02,UR2308,UR2308,1909.0,0.0,0.0,0.0,10,1908.0,1910.0,61,1934.0,1923.0,1926.0,1909.0,832.0,1596608.0,64652
2023-05-11 09:06:02,UR2308,UR2308,1909.0,0.0,0.0,0.0,13,1908.0,1910.0,29,1934.0,1923.0,1926.0,1909.0,832.0,1596608.0,64652
2023-05-11 09:06:03,UR2308,UR2308,1909.0,0.0,0.0,0.0,10,1908.0,1910.0,30,1934.0,1923.0,1926.0,1909.0,832.0,1596608.0,64652
2023-05-11 09:06:03,UR2308,UR2308,1909.0,0.0,0.0,0.0,2,1909.0,1910.0,30,1934.0,1923.0,1926.0,1909.0,832.0,1596608.0,64652
2023-05-11 09:06:04,UR2308,UR2308,1909.0,0.0,0.0,0.0,13,1908.0,1910.0,30,1934.0,1923.0,1926.0,1909.0,832.0,1596608.0,64652
2023-05-11 09:06:05,UR2308,UR2308,1909.0,0.0,0.0,0.0,10,1908.0,1910.0,30,1934.0,1923.0,1926.0,1909.0,832.0,1596608.0,64652
2023-05-11 09:06:06,UR2308,UR2308,1909.0,0.0,0.0,0.0,14,1908.0,1910.0,30,1934.0,1923.0,1926.0,1909.0,832.0,1596608.0,64652
2023-05-11 09:06:09,UR2308,UR2308,1909.0,0.0,0.0,0.0,4,1909.0,1910.0,30,1934.0,1923.0,1926.0,1909.0,832.0,1596608.0,64652
2023-05-11 09:06:10,UR2308,UR2308,1909.0,0.0,0.0,0.0,11,1908.0,1910.0,30,1934.0,1923.0,1926.0,1909.0,832.0,1596608.0,64652
2023-05-11 09:06:11,UR2308,UR2308,1909.0,0.0,0.0,0.0,13,1908.0,1910.0,30,1934.0,1923.0,1926.0,1909.0,832.0,1596608.0,64652
2023-05-11 09:06:11,UR2308,UR2308,1909.0,0.0,0.0,0.0,1,1909.0,1910.0,28,1934.0,1923.0,1926.0,1909.0,832.0,1596608.0,64652
2023-05-11 09:06:12,UR2308,UR2308,1909.0,0.0,0.0,0.0,13,1908.0,1910.0,30,1934.0,1923.0,1926.0,1909.0,832.0,1596608.0,64652
2023-05-11 09:06:12,UR2308,UR2308,1909.0,0.0,0.0,0.0,10,1909.0,1910.0,1,1934.0,1923.0,1926.0,1909.0,832.0,1596608.0,64652
2023-05-11 09:06:13,UR2308,UR2308,1909.0,1.0,1919.0,1.0,12,1909.0,1911.0,48,1934.0,1923.0,1926.0,1909.0,833.0,1598527.0,64653
2023-05-11 09:06:13,UR2308,UR2308,1909.0,0.0,0.0,0.0,12,1909.0,1911.0,30,1934.0,1923.0,1926.0,1909.0,833.0,1598527.0,64653
2023-05-11 09:06:14,UR2308,UR2308,1909.0,0.0,0.0,0.0,17,1910.0,1912.0,107,1934.0,1923.0,1926.0,1909.0,833.0,1598527.0,64653
2023-05-11 09:06:15,UR2308,UR2308,1909.0,0.0,0.0,0.0,3,1910.0,1911.0,13,1934.0,1923.0,1926.0,1909.0,833.0,1598527.0,64653
2023-05-11 09:06:15,UR2308,UR2308,1909.0,0.0,0.0,0.0,45,1909.0,1911.0,15,1934.0,1923.0,1926.0,1909.0,833.0,1598527.0,64653
2023-05-11 09:06:16,UR2308,UR2308,1909.0,0.0,0.0,0.0,23,1909.0,1911.0,18,1934.0,1923.0,1926.0,1909.0,833.0,1598527.0,64653
2023-05-11 09:06:16,UR2308,UR2308,1909.0,0.0,0.0,0.0,23,1909.0,1911.0,15,1934.0,1923.0,1926.0,1909.0,833.0,1598527.0,64653
2023-05-11 09:06:17,UR2308,UR2308,1909.0,0.0,0.0,0.0,16,1910.0,1912.0,70,1934.0,1923.0,1926.0,1909.0,833.0,1598527.0,64653
2023-05-11 09:06:17,UR2308,UR2308,1909.0,0.0,0.0,0.0,20,1910.0,1912.0,19,1934.0,1923.0,1926.0,1909.0,833.0,1598527.0,64653
2023-05-11 09:06:20,UR2308,UR2308,1909.0,0.0,0.0,0.0,23,1910.0,1912.0,16,1934.0,1923.0,1926.0,1909.0,833.0,1598527.0,64653
2023-05-11 09:06:20,UR2308,UR2308,1909.0,0.0,0.0,0.0,23,1910.0,1912.0,19,1934.0,1923.0,1926.0,1909.0,833.0,1598527.0,64653
2023-05-11 09:06:22,UR2308,UR2308,1909.0,0.0,0.0,0.0,20,1910.0,1912.0,16,1934.0,1923.0,1926.0,1909.0,833.0,1598527.0,64653
2023-05-11 09:06:22,UR2308,UR2308,1909.0,0.0,0.0,0.0,20,1910.0,1912.0,19,1934.0,1923.0,1926.0,1909.0,833.0,1598527.0,64653
2023-05-11 09:06:23,UR2308,UR2308,1909.0,0.0,0.0,0.0,20,1910.0,1912.0,16,1934.0,1923.0,1926.0,1909.0,833.0,1598527.0,64653
2023-05-11 09:06:24,UR2308,UR2308,1909.0,0.0,0.0,0.0,23,1910.0,1912.0,14,1934.0,1923.0,1926.0,1909.0,833.0,1598527.0,64653
2023-05-11 09:06:27,UR2308,UR2308,1909.0,0.0,0.0,0.0,22,1910.0,1912.0,14,1934.0,1923.0,1926.0,1909.0,833.0,1598527.0,64653
2023-05-11 09:06:29,UR2308,UR2308,1909.0,0.0,0.0,0.0,20,1910.0,1912.0,16,1934.0,1923.0,1926.0,1909.0,833.0,1598527.0,64653
2023-05-11 09:06:29,UR2308,UR2308,1909.0,0.0,0.0,0.0,22,1910.0,1912.0,14,1934.0,1923.0,1926.0,1909.0,833.0,1598527.0,64653
2023-05-11 09:06:31,UR2308,UR2308,1909.0,0.0,0.0,0.0,20,1910.0,1912.0,16,1934.0,1923.0,1926.0,1909.0,833.0,1598527.0,64653
2023-05-11 09:06:33,UR2308,UR2308,1909.0,0.0,0.0,0.0,23,1910.0,1912.0,16,1934.0,1923.0,1926.0,1909.0,833.0,1598527.0,64653
2023-05-11 09:06:34,UR2308,UR2308,1909.0,0.0,0.0,0.0,6,1911.0,1912.0,1,1934.0,1923.0,1926.0,1909.0,833.0,1598527.0,64653
2023-05-11 09:06:35,UR2308,UR2308,1909.0,0.0,0.0,0.0,9,1911.0,1913.0,36,1934.0,1923.0,1926.0,1909.0,833.0,1598527.0,64653
2023-05-11 09:06:35,UR2308,UR2308,1909.0,0.0,0.0,0.0,10,1911.0,1913.0,19,1934.0,1923.0,1926.0,1909.0,833.0,1598527.0,64653
2023-05-11 09:06:36,UR2308,UR2308,1909.0,0.0,0.0,0.0,20,1911.0,1913.0,19,1934.0,1923.0,1926.0,1909.0,833.0,1598527.0,64653
2023-05-11 09:06:37,UR2308,UR2308,1909.0,0.0,0.0,0.0,21,1911.0,1913.0,19,1934.0,1923.0,1926.0,1909.0,833.0,1598527.0,64653
2023-05-11 09:06:37,UR2308,UR2308,1909.0,0.0,0.0,0.0,11,1911.0,1913.0,19,1934.0,1923.0,1926.0,1909.0,833.0,1598527.0,64653
2023-05-11 09:06:39,UR2308,UR2308,1909.0,0.0,0.0,0.0,10,1911.0,1913.0,19,1934.0,1923.0,1926.0,1909.0,833.0,1598527.0,64653
2023-05-11 09:06:40,UR2308,UR2308,1909.0,0.0,0.0,0.0,3,1911.0,1912.0,13,1934.0,1923.0,1926.0,1909.0,833.0,1598527.0,64653
2023-05-11 09:06:40,UR2308,UR2308,1909.0,0.0,0.0,0.0,43,1910.0,1912.0,14,1934.0,1923.0,1926.0,1909.0,833.0,1598527.0,64653
2023-05-11 09:06:40,UR2308,UR2308,1909.0,0.0,0.0,0.0,3,1911.0,1912.0,13,1934.0,1923.0,1926.0,1909.0,833.0,1598527.0,64653
2023-05-11 09:06:41,UR2308,UR2308,1909.0,0.0,0.0,0.0,3,1911.0,1912.0,1,1934.0,1923.0,1926.0,1909.0,833.0,1598527.0,64653
2023-05-11 09:06:42,UR2308,UR2308,1911.0,3.0,5757.0,0.0,3,1911.0,1912.0,10,1934.0,1923.0,1926.0,1909.0,836.0,1604284.0,64653
2023-05-11 09:06:42,UR2308,UR2308,1911.0,0.0,0.0,0.0,6,1911.0,1912.0,5,1934.0,1923.0,1926.0,1909.0,836.0,1604284.0,64653
2023-05-11 09:06:43,UR2308,UR2308,1911.0,0.0,0.0,0.0,10,1911.0,1913.0,47,1934.0,1923.0,1926.0,1909.0,836.0,1604284.0,64653
2023-05-11 09:06:43,UR2308,UR2308,1911.0,0.0,0.0,0.0,10,1911.0,1913.0,16,1934.0,1923.0,1926.0,1909.0,836.0,1604284.0,64653
2023-05-11 09:06:44,UR2308,UR2308,1911.0,0.0,0.0,0.0,9,1911.0,1913.0,16,1934.0,1923.0,1926.0,1909.0,836.0,1604284.0,64653
2023-05-11 09:06:44,UR2308,UR2308,1911.0,0.0,0.0,0.0,10,1911.0,1913.0,16,1934.0,1923.0,1926.0,1909.0,836.0,1604284.0,64653
2023-05-11 09:06:46,UR2308,UR2308,1911.0,0.0,0.0,0.0,20,1911.0,1913.0,16,1934.0,1923.0,1926.0,1909.0,836.0,1604284.0,64653
2023-05-11 09:06:50,UR2308,UR2308,1911.0,0.0,0.0,0.0,10,1911.0,1913.0,16,1934.0,1923.0,1926.0,1909.0,836.0,1604284.0,64653
2023-05-11 09:06:51,UR2308,UR2308,1911.0,0.0,0.0,0.0,9,1911.0,1913.0,26,1934.0,1923.0,1926.0,1909.0,836.0,1604284.0,64653
2023-05-11 09:06:52,UR2308,UR2308,1911.0,0.0,0.0,0.0,3,1911.0,1912.0,2,1934.0,1923.0,1926.0,1909.0,836.0,1604284.0,64653
2023-05-11 09:06:52,UR2308,UR2308,1911.0,0.0,0.0,0.0,3,1911.0,1912.0,6,1934.0,1923.0,1926.0,1909.0,836.0,1604284.0,64653
2023-05-11 09:06:53,UR2308,UR2308,1911.0,0.0,0.0,0.0,47,1910.0,1912.0,10,1934.0,1923.0,1926.0,1909.0,836.0,1604284.0,64653
2023-05-11 09:06:53,UR2308,UR2308,1911.0,0.0,0.0,0.0,26,1910.0,1912.0,10,1934.0,1923.0,1926.0,1909.0,836.0,1604284.0,64653
2023-05-11 09:06:54,UR2308,UR2308,1911.0,0.0,0.0,0.0,25,1910.0,1912.0,10,1934.0,1923.0,1926.0,1909.0,836.0,1604284.0,64653
2023-05-11 09:06:56,UR2308,UR2308,1911.0,0.0,0.0,0.0,23,1910.0,1912.0,15,1934.0,1923.0,1926.0,1909.0,836.0,1604284.0,64653
2023-05-11 09:06:58,UR2308,UR2308,1911.0,0.0,0.0,0.0,22,1910.0,1912.0,15,1934.0,1923.0,1926.0,1909.0,836.0,1604284.0,64653
2023-05-11 09:06:59,UR2308,UR2308,1911.0,0.0,0.0,0.0,20,1910.0,1912.0,15,1934.0,1923.0,1926.0,1909.0,836.0,1604284.0,64653
2023-05-11 09:07:00,UR2308,UR2308,1911.0,0.0,0.0,0.0,22,1910.0,1912.0,10,1934.0,1923.0,1926.0,1909.0,836.0,1604284.0,64653
2023-05-11 09:07:00,UR2308,UR2308,1911.0,0.0,0.0,0.0,10,1910.0,1912.0,15,1934.0,1923.0,1926.0,1909.0,836.0,1604284.0,64653
2023-05-11 09:07:03,UR2308,UR2308,1911.0,0.0,0.0,0.0,11,1910.0,1912.0,15,1934.0,1923.0,1926.0,1909.0,836.0,1604284.0,64653
2023-05-11 09:07:03,UR2308,UR2308,1911.0,0.0,0.0,0.0,10,1910.0,1912.0,25,1934.0,1923.0,1926.0,1909.0,836.0,1604284.0,64653
2023-05-11 09:07:06,UR2308,UR2308,1911.0,0.0,0.0,0.0,5,1910.0,1911.0,10,1934.0,1923.0,1926.0,1909.0,836.0,1604284.0,64653
2023-05-11 09:07:07,UR2308,UR2308,1911.0,0.0,0.0,0.0,2,1910.0,1911.0,13,1934.0,1923.0,1926.0,1909.0,836.0,1604284.0,64653
2023-05-11 09:07:09,UR2308,UR2308,1910.0,1.0,1919.0,-1.0,13,1909.0,1910.0,9,1934.0,1923.0,1926.0,1909.0,837.0,1606203.0,64652
2023-05-11 09:07:10,UR2308,UR2308,1910.0,0.0,0.0,0.0,95,1908.0,1910.0,12,1934.0,1923.0,1926.0,1909.0,837.0,1606203.0,64652
2023-05-11 09:07:10,UR2308,UR2308,1910.0,0.0,0.0,0.0,48,1908.0,1910.0,12,1934.0,1923.0,1926.0,1909.0,837.0,1606203.0,64652
2023-05-11 09:07:11,UR2308,UR2308,1910.0,0.0,0.0,0.0,27,1908.0,1910.0,9,1934.0,1923.0,1926.0,1909.0,837.0,1606203.0,64652
2023-05-11 09:07:12,UR2308,UR2308,1910.0,0.0,0.0,0.0,27,1908.0,1910.0,12,1934.0,1923.0,1926.0,1909.0,837.0,1606203.0,64652
2023-05-11 09:07:13,UR2308,UR2308,1910.0,0.0,0.0,0.0,7,1909.0,1911.0,123,1934.0,1923.0,1926.0,1909.0,837.0,1606203.0,64652
2023-05-11 09:07:14,UR2308,UR2308,1910.0,0.0,0.0,0.0,9,1909.0,1911.0,36,1934.0,1923.0,1926.0,1909.0,837.0,1606203.0,64652
2023-05-11 09:07:14,UR2308,UR2308,1910.0,0.0,0.0,0.0,125,1908.0,1910.0,7,1934.0,1923.0,1926.0,1909.0,837.0,1606203.0,64652
2023-05-11 09:07:15,UR2308,UR2308,1910.0,0.0,0.0,0.0,85,1908.0,1911.0,86,1934.0,1923.0,1926.0,1909.0,837.0,1606203.0,64652
2023-05-11 09:07:15,UR2308,UR2308,1910.0,0.0,0.0,0.0,48,1908.0,1910.0,5,1934.0,1923.0,1926.0,1909.0,837.0,1606203.0,64652
2023-05-11 09:07:16,UR2308,UR2308,1910.0,0.0,0.0,0.0,25,1908.0,1910.0,14,1934.0,1923.0,1926.0,1909.0,837.0,1606203.0,64652
2023-05-11 09:07:17,UR2308,UR2308,1910.0,0.0,0.0,0.0,15,1908.0,1910.0,14,1934.0,1923.0,1926.0,1909.0,837.0,1606203.0,64652
2023-05-11 09:07:19,UR2308,UR2308,1910.0,0.0,0.0,0.0,6,1909.0,1910.0,3,1934.0,1923.0,1926.0,1909.0,837.0,1606203.0,64652
2023-05-11 09:07:20,UR2308,UR2308,1910.0,0.0,0.0,0.0,10,1909.0,1911.0,35,1934.0,1923.0,1926.0,1909.0,837.0,1606203.0,64652
2023-05-11 09:07:20,UR2308,UR2308,1910.0,0.0,0.0,0.0,13,1909.0,1911.0,14,1934.0,1923.0,1926.0,1909.0,837.0,1606203.0,64652
2023-05-11 09:07:21,UR2308,UR2308,1910.0,0.0,0.0,0.0,10,1909.0,1911.0,14,1934.0,1923.0,1926.0,1909.0,837.0,1606203.0,64652
2023-05-11 09:07:23,UR2308,UR2308,1910.0,0.0,0.0,0.0,13,1909.0,1911.0,14,1934.0,1923.0,1926.0,1909.0,837.0,1606203.0,64652
2023-05-11 09:07:25,UR2308,UR2308,1910.0,0.0,0.0,0.0,10,1909.0,1911.0,14,1934.0,1923.0,1926.0,1909.0,837.0,1606203.0,64652
2023-05-11 09:07:28,UR2308,UR2308,1909.0,5.0,9595.0,5.0,86,1908.0,1910.0,9,1934.0,1923.0,1926.0,1909.0,842.0,1615798.0,64657
2023-05-11 09:07:29,UR2308,UR2308,1909.0,0.0,0.0,0.0,36,1908.0,1910.0,12,1934.0,1923.0,1926.0,1909.0,842.0,1615798.0,64657
2023-05-11 09:07:29,UR2308,UR2308,1910.0,3.0,5757.0,3.0,2,1909.0,1911.0,133,1934.0,1923.0,1926.0,1909.0,845.0,1621555.0,64660
2023-05-11 09:07:30,UR2308,UR2308,1910.0,0.0,0.0,0.0,83,1908.0,1910.0,9,1934.0,1923.0,1926.0,1909.0,845.0,1621555.0,64660
2023-05-11 09:07:30,UR2308,UR2308,1908.0,21.0,40299.0,15.0,3,1908.0,1910.0,13,1934.0,1923.0,1926.0,1908.0,866.0,1661854.0,64675
2023-05-11 09:07:32,UR2308,UR2308,1908.0,0.0,0.0,0.0,3,1908.0,1910.0,25,1934.0,1923.0,1926.0,1908.0,866.0,1661854.0,64675
2023-05-11 09:07:33,UR2308,UR2308,1908.0,5.0,8724.0,2.0,95,1907.0,1910.0,62,1934.0,1923.0,1926.0,1908.0,871.0,1670578.0,64677
2023-05-11 09:07:33,UR2308,UR2308,1908.0,0.0,0.0,0.0,135,1907.0,1910.0,25,1934.0,1923.0,1926.0,1908.0,871.0,1670578.0,64677
2023-05-11 09:07:34,UR2308,UR2308,1908.0,0.0,0.0,0.0,135,1907.0,1910.0,26,1934.0,1923.0,1926.0,1908.0,871.0,1670578.0,64677
2023-05-11 09:07:37,UR2308,UR2308,1908.0,0.0,0.0,0.0,134,1907.0,1910.0,26,1934.0,1923.0,1926.0,1908.0,871.0,1670578.0,64677
2023-05-11 09:07:38,UR2308,UR2308,1908.0,0.0,0.0,0.0,134,1907.0,1910.0,27,1934.0,1923.0,1926.0,1908.0,871.0,1670578.0,64677
2023-05-11 09:07:39,UR2308,UR2308,1908.0,0.0,0.0,0.0,30,1908.0,1910.0,27,1934.0,1923.0,1926.0,1908.0,871.0,1670578.0,64677
2023-05-11 09:07:45,UR2308,UR2308,1908.0,20.0,38360.0,0.0,10,1908.0,1910.0,27,1934.0,1923.0,1926.0,1908.0,891.0,1708938.0,64677
2023-05-11 09:07:45,UR2308,UR2308,1908.0,0.0,0.0,0.0,10,1908.0,1909.0,1,1934.0,1923.0,1926.0,1908.0,891.0,1708938.0,64677
2023-05-11 09:07:46,UR2308,UR2308,1909.0,2.0,3836.0,0.0,28,1909.0,1910.0,24,1934.0,1923.0,1926.0,1908.0,893.0,1712774.0,64677
2023-05-11 09:07:47,UR2308,UR2308,1909.0,0.0,0.0,0.0,28,1909.0,1910.0,25,1934.0,1923.0,1926.0,1908.0,893.0,1712774.0,64677
2023-05-11 09:07:48,UR2308,UR2308,1909.0,0.0,0.0,0.0,28,1909.0,1910.0,15,1934.0,1923.0,1926.0,1908.0,893.0,1712774.0,64677
2023-05-11 09:07:48,UR2308,UR2308,1909.0,0.0,0.0,0.0,28,1909.0,1911.0,32,1934.0,1923.0,1926.0,1908.0,893.0,1712774.0,64677
2023-05-11 09:07:49,UR2308,UR2308,1909.0,0.0,0.0,0.0,28,1909.0,1910.0,13,1934.0,1923.0,1926.0,1908.0,893.0,1712774.0,64677
2023-05-11 09:07:54,UR2308,UR2308,1909.0,0.0,0.0,0.0,28,1909.0,1910.0,4,1934.0,1923.0,1926.0,1908.0,893.0,1712774.0,64677
2023-05-11 09:07:54,UR2308,UR2308,1909.0,0.0,0.0,0.0,28,1909.0,1911.0,23,1934.0,1923.0,1926.0,1908.0,893.0,1712774.0,64677
2023-05-11 09:07:55,UR2308,UR2308,1909.0,0.0,0.0,0.0,28,1909.0,1911.0,26,1934.0,1923.0,1926.0,1908.0,893.0,1712774.0,64677
2023-05-11 09:08:00,UR2308,UR2308,1909.0,0.0,0.0,0.0,38,1909.0,1911.0,25,1934.0,1923.0,1926.0,1908.0,893.0,1712774.0,64677
2023-05-11 09:08:00,UR2308,UR2308,1909.0,0.0,0.0,0.0,40,1909.0,1911.0,23,1934.0,1923.0,1926.0,1908.0,893.0,1712774.0,64677
2023-05-11 09:08:01,UR2308,UR2308,1909.0,0.0,0.0,0.0,38,1909.0,1911.0,25,1934.0,1923.0,1926.0,1908.0,893.0,1712774.0,64677
2023-05-11 09:08:05,UR2308,UR2308,1909.0,0.0,0.0,0.0,38,1909.0,1910.0,5,1934.0,1923.0,1926.0,1908.0,893.0,1712774.0,64677
2023-05-11 09:08:06,UR2308,UR2308,1909.0,0.0,0.0,0.0,40,1909.0,1911.0,26,1934.0,1923.0,1926.0,1908.0,893.0,1712774.0,64677
2023-05-11 09:08:06,UR2308,UR2308,1909.0,0.0,0.0,0.0,82,1909.0,1911.0,8,1934.0,1923.0,1926.0,1908.0,893.0,1712774.0,64677
2023-05-11 09:08:07,UR2308,UR2308,1909.0,0.0,0.0,0.0,93,1909.0,1911.0,8,1934.0,1923.0,1926.0,1908.0,893.0,1712774.0,64677
2023-05-11 09:08:09,UR2308,UR2308,1909.0,0.0,0.0,0.0,83,1909.0,1911.0,8,1934.0,1923.0,1926.0,1908.0,893.0,1712774.0,64677
2023-05-11 09:08:16,UR2308,UR2308,1909.0,0.0,0.0,0.0,83,1909.0,1911.0,9,1934.0,1923.0,1926.0,1908.0,893.0,1712774.0,64677
2023-05-11 09:08:19,UR2308,UR2308,1909.0,0.0,0.0,0.0,79,1909.0,1911.0,19,1934.0,1923.0,1926.0,1908.0,893.0,1712774.0,64677
2023-05-11 09:08:20,UR2308,UR2308,1909.0,0.0,0.0,0.0,82,1909.0,1911.0,19,1934.0,1923.0,1926.0,1908.0,893.0,1712774.0,64677
2023-05-11 09:08:21,UR2308,UR2308,1909.0,0.0,0.0,0.0,83,1909.0,1911.0,19,1934.0,1923.0,1926.0,1908.0,893.0,1712774.0,64677
2023-05-11 09:08:21,UR2308,UR2308,1909.0,0.0,0.0,0.0,82,1909.0,1911.0,19,1934.0,1923.0,1926.0,1908.0,893.0,1712774.0,64677
2023-05-11 09:08:22,UR2308,UR2308,1909.0,0.0,0.0,0.0,83,1909.0,1911.0,19,1934.0,1923.0,1926.0,1908.0,893.0,1712774.0,64677
2023-05-11 09:08:23,UR2308,UR2308,1909.0,0.0,0.0,0.0,82,1909.0,1911.0,19,1934.0,1923.0,1926.0,1908.0,893.0,1712774.0,64677
2023-05-11 09:08:24,UR2308,UR2308,1909.0,0.0,0.0,0.0,83,1909.0,1911.0,19,1934.0,1923.0,1926.0,1908.0,893.0,1712774.0,64677
2023-05-11 09:08:25,UR2308,UR2308,1909.0,0.0,0.0,0.0,83,1909.0,1911.0,9,1934.0,1923.0,1926.0,1908.0,893.0,1712774.0,64677
2023-05-11 09:08:29,UR2308,UR2308,1909.0,0.0,0.0,0.0,7,1910.0,1911.0,4,1934.0,1923.0,1926.0,1908.0,893.0,1712774.0,64677
2023-05-11 09:08:29,UR2308,UR2308,1909.0,0.0,0.0,0.0,7,1910.0,1911.0,1,1934.0,1923.0,1926.0,1908.0,893.0,1712774.0,64677
2023-05-11 09:08:30,UR2308,UR2308,1909.0,0.0,0.0,0.0,10,1910.0,1911.0,1,1934.0,1923.0,1926.0,1908.0,893.0,1712774.0,64677
2023-05-11 09:08:31,UR2308,UR2308,1911.0,1.0,1918.0,0.0,9,1910.0,1912.0,42,1934.0,1923.0,1926.0,1908.0,894.0,1714692.0,64677
2023-05-11 09:08:31,UR2308,UR2308,1911.0,0.0,0.0,0.0,9,1910.0,1912.0,31,1934.0,1923.0,1926.0,1908.0,894.0,1714692.0,64677
2023-05-11 09:08:32,UR2308,UR2308,1911.0,0.0,0.0,0.0,11,1910.0,1912.0,29,1934.0,1923.0,1926.0,1908.0,894.0,1714692.0,64677
2023-05-11 09:08:32,UR2308,UR2308,1911.0,0.0,0.0,0.0,6,1910.0,1912.0,31,1934.0,1923.0,1926.0,1908.0,894.0,1714692.0,64677
2023-05-11 09:08:33,UR2308,UR2308,1911.0,0.0,0.0,0.0,102,1909.0,1911.0,5,1934.0,1923.0,1926.0,1908.0,894.0,1714692.0,64677
2023-05-11 09:08:33,UR2308,UR2308,1911.0,0.0,0.0,0.0,82,1909.0,1911.0,8,1934.0,1923.0,1926.0,1908.0,894.0,1714692.0,64677
2023-05-11 09:08:34,UR2308,UR2308,1911.0,2.0,3836.0,0.0,1,1910.0,1911.0,6,1934.0,1923.0,1926.0,1908.0,896.0,1718528.0,64677
2023-05-11 09:08:34,UR2308,UR2308,1911.0,0.0,0.0,0.0,13,1910.0,1912.0,80,1934.0,1923.0,1926.0,1908.0,896.0,1718528.0,64677
2023-05-11 09:08:35,UR2308,UR2308,1911.0,0.0,0.0,0.0,13,1910.0,1912.0,40,1934.0,1923.0,1926.0,1908.0,896.0,1718528.0,64677
2023-05-11 09:08:35,UR2308,UR2308,1911.0,0.0,0.0,0.0,13,1910.0,1912.0,19,1934.0,1923.0,1926.0,1908.0,896.0,1718528.0,64677
2023-05-11 09:08:36,UR2308,UR2308,1911.0,0.0,0.0,0.0,12,1910.0,1912.0,19,1934.0,1923.0,1926.0,1908.0,896.0,1718528.0,64677
2023-05-11 09:08:37,UR2308,UR2308,1911.0,0.0,0.0,0.0,12,1910.0,1912.0,29,1934.0,1923.0,1926.0,1908.0,896.0,1718528.0,64677
2023-05-11 09:08:38,UR2308,UR2308,1911.0,0.0,0.0,0.0,13,1910.0,1912.0,29,1934.0,1923.0,1926.0,1908.0,896.0,1718528.0,64677
2023-05-11 09:08:40,UR2308,UR2308,1911.0,0.0,0.0,0.0,12,1910.0,1912.0,29,1934.0,1923.0,1926.0,1908.0,896.0,1718528.0,64677
2023-05-11 09:08:40,UR2308,UR2308,1911.0,0.0,0.0,0.0,6,1910.0,1911.0,5,1934.0,1923.0,1926.0,1908.0,896.0,1718528.0,64677
2023-05-11 09:08:41,UR2308,UR2308,1911.0,0.0,0.0,0.0,1,1910.0,1911.0,8,1934.0,1923.0,1926.0,1908.0,896.0,1718528.0,64677
2023-05-11 09:08:43,UR2308,UR2308,1911.0,0.0,0.0,0.0,1,1910.0,1911.0,5,1934.0,1923.0,1926.0,1908.0,896.0,1718528.0,64677
2023-05-11 09:08:44,UR2308,UR2308,1911.0,0.0,0.0,0.0,1,1910.0,1911.0,8,1934.0,1923.0,1926.0,1908.0,896.0,1718528.0,64677
2023-05-11 09:08:45,UR2308,UR2308,1911.0,0.0,0.0,0.0,1,1910.0,1911.0,5,1934.0,1923.0,1926.0,1908.0,896.0,1718528.0,64677
2023-05-11 09:08:45,UR2308,UR2308,1911.0,0.0,0.0,0.0,7,1910.0,1911.0,3,1934.0,1923.0,1926.0,1908.0,896.0,1718528.0,64677
2023-05-11 09:08:46,UR2308,UR2308,1911.0,0.0,0.0,0.0,13,1910.0,1912.0,29,1934.0,1923.0,1926.0,1908.0,896.0,1718528.0,64677
2023-05-11 09:08:46,UR2308,UR2308,1911.0,0.0,0.0,0.0,13,1910.0,1912.0,18,1934.0,1923.0,1926.0,1908.0,896.0,1718528.0,64677
2023-05-11 09:08:47,UR2308,UR2308,1911.0,0.0,0.0,0.0,1,1910.0,1911.0,5,1934.0,1923.0,1926.0,1908.0,896.0,1718528.0,64677
2023-05-11 09:08:48,UR2308,UR2308,1911.0,0.0,0.0,0.0,1,1910.0,1911.0,8,1934.0,1923.0,1926.0,1908.0,896.0,1718528.0,64677
2023-05-11 09:08:49,UR2308,UR2308,1911.0,0.0,0.0,0.0,92,1909.0,1911.0,8,1934.0,1923.0,1926.0,1908.0,896.0,1718528.0,64677
2023-05-11 09:08:51,UR2308,UR2308,1911.0,0.0,0.0,0.0,86,1909.0,1911.0,8,1934.0,1923.0,1926.0,1908.0,896.0,1718528.0,64677
2023-05-11 09:08:51,UR2308,UR2308,1911.0,0.0,0.0,0.0,70,1909.0,1910.0,5,1934.0,1923.0,1926.0,1908.0,896.0,1718528.0,64677
2023-05-11 09:08:52,UR2308,UR2308,1911.0,0.0,0.0,0.0,50,1909.0,1910.0,8,1934.0,1923.0,1926.0,1908.0,896.0,1718528.0,64677
2023-05-11 09:08:52,UR2308,UR2308,1911.0,0.0,0.0,0.0,29,1909.0,1910.0,8,1934.0,1923.0,1926.0,1908.0,896.0,1718528.0,64677
2023-05-11 09:08:53,UR2308,UR2308,1911.0,0.0,0.0,0.0,29,1909.0,1910.0,5,1934.0,1923.0,1926.0,1908.0,896.0,1718528.0,64677
2023-05-11 09:08:54,UR2308,UR2308,1911.0,0.0,0.0,0.0,28,1909.0,1910.0,5,1934.0,1923.0,1926.0,1908.0,896.0,1718528.0,64677
2023-05-11 09:08:54,UR2308,UR2308,1911.0,0.0,0.0,0.0,28,1909.0,1910.0,8,1934.0,1923.0,1926.0,1908.0,896.0,1718528.0,64677
2023-05-11 09:08:55,UR2308,UR2308,1911.0,0.0,0.0,0.0,28,1909.0,1910.0,5,1934.0,1923.0,1926.0,1908.0,896.0,1718528.0,64677
2023-05-11 09:08:58,UR2308,UR2308,1909.0,5.0,9590.0,-5.0,23,1909.0,1910.0,4,1934.0,1923.0,1926.0,1908.0,901.0,1728118.0,64672
2023-05-11 09:08:58,UR2308,UR2308,1910.0,2.0,3836.0,0.0,23,1909.0,1910.0,22,1934.0,1923.0,1926.0,1908.0,903.0,1731954.0,64672
2023-05-11 09:08:59,UR2308,UR2308,1910.0,0.0,0.0,0.0,23,1909.0,1910.0,12,1934.0,1923.0,1926.0,1908.0,903.0,1731954.0,64672
2023-05-11 09:09:00,UR2308,UR2308,1909.0,23.0,44114.0,-21.0,125,1908.0,1910.0,5,1934.0,1923.0,1926.0,1908.0,926.0,1776068.0,64651
2023-05-11 09:09:01,UR2308,UR2308,1909.0,0.0,0.0,0.0,56,1908.0,1910.0,92,1934.0,1923.0,1926.0,1908.0,926.0,1776068.0,64651
2023-05-11 09:09:01,UR2308,UR2308,1909.0,0.0,0.0,0.0,15,1908.0,1910.0,109,1934.0,1923.0,1926.0,1908.0,926.0,1776068.0,64651
2023-05-11 09:09:02,UR2308,UR2308,1908.0,13.0,24934.0,-10.0,1,1908.0,1909.0,23,1934.0,1923.0,1926.0,1908.0,939.0,1801002.0,64641
2023-05-11 09:09:02,UR2308,UR2308,1908.0,1.0,1918.0,0.0,24,1907.0,1908.0,15,1934.0,1923.0,1926.0,1908.0,940.0,1802920.0,64641
2023-05-11 09:09:03,UR2308,UR2308,1908.0,50.0,94910.0,-50.0,88,1906.0,1908.0,22,1934.0,1923.0,1926.0,1908.0,990.0,1897830.0,64591
2023-05-11 09:09:03,UR2308,UR2308,1908.0,2.0,3834.0,1.0,1,1907.0,1908.0,1,1934.0,1923.0,1926.0,1908.0,992.0,1901664.0,64592
2023-05-11 09:09:04,UR2308,UR2308,1908.0,0.0,0.0,0.0,4,1907.0,1908.0,1,1934.0,1923.0,1926.0,1908.0,992.0,1901664.0,64592
2023-05-11 09:09:06,UR2308,UR2308,1908.0,0.0,0.0,0.0,4,1907.0,1909.0,53,1934.0,1923.0,1926.0,1908.0,992.0,1901664.0,64592
2023-05-11 09:09:06,UR2308,UR2308,1908.0,0.0,0.0,0.0,4,1907.0,1909.0,57,1934.0,1923.0,1926.0,1908.0,992.0,1901664.0,64592
2023-05-11 09:09:07,UR2308,UR2308,1908.0,0.0,0.0,0.0,1,1908.0,1909.0,37,1934.0,1923.0,1926.0,1908.0,992.0,1901664.0,64592
2023-05-11 09:09:07,UR2308,UR2308,1908.0,0.0,0.0,0.0,4,1908.0,1909.0,1,1934.0,1923.0,1926.0,1908.0,992.0,1901664.0,64592
2023-05-11 09:09:08,UR2308,UR2308,1908.0,0.0,0.0,0.0,5,1908.0,1910.0,74,1934.0,1923.0,1926.0,1908.0,992.0,1901664.0,64592
2023-05-11 09:09:08,UR2308,UR2308,1908.0,0.0,0.0,0.0,2,1908.0,1910.0,87,1934.0,1923.0,1926.0,1908.0,992.0,1901664.0,64592
2023-05-11 09:09:09,UR2308,UR2308,1908.0,0.0,0.0,0.0,5,1908.0,1910.0,76,1934.0,1923.0,1926.0,1908.0,992.0,1901664.0,64592
2023-05-11 09:09:10,UR2308,UR2308,1908.0,0.0,0.0,0.0,15,1908.0,1910.0,76,1934.0,1923.0,1926.0,1908.0,992.0,1901664.0,64592
2023-05-11 09:09:10,UR2308,UR2308,1908.0,0.0,0.0,0.0,14,1908.0,1909.0,28,1934.0,1923.0,1926.0,1908.0,992.0,1901664.0,64592
2023-05-11 09:09:11,UR2308,UR2308,1908.0,0.0,0.0,0.0,48,1907.0,1909.0,33,1934.0,1923.0,1926.0,1908.0,992.0,1901664.0,64592
2023-05-11 09:09:11,UR2308,UR2308,1908.0,0.0,0.0,0.0,1,1908.0,1909.0,5,1934.0,1923.0,1926.0,1908.0,992.0,1901664.0,64592
2023-05-11 09:09:12,UR2308,UR2308,1908.0,0.0,0.0,0.0,4,1908.0,1910.0,116,1934.0,1923.0,1926.0,1908.0,992.0,1901664.0,64592
2023-05-11 09:09:12,UR2308,UR2308,1908.0,0.0,0.0,0.0,4,1908.0,1910.0,77,1934.0,1923.0,1926.0,1908.0,992.0,1901664.0,64592
2023-05-11 09:09:14,UR2308,UR2308,1908.0,0.0,0.0,0.0,4,1908.0,1910.0,78,1934.0,1923.0,1926.0,1908.0,992.0,1901664.0,64592
2023-05-11 09:09:15,UR2308,UR2308,1908.0,1.0,1917.0,1.0,3,1908.0,1910.0,82,1934.0,1923.0,1926.0,1908.0,993.0,1903581.0,64593
2023-05-11 09:09:15,UR2308,UR2308,1908.0,0.0,0.0,0.0,3,1908.0,1910.0,80,1934.0,1923.0,1926.0,1908.0,993.0,1903581.0,64593
2023-05-11 09:09:16,UR2308,UR2308,1908.0,0.0,0.0,0.0,1,1909.0,1910.0,52,1934.0,1923.0,1926.0,1908.0,993.0,1903581.0,64593
2023-05-11 09:09:16,UR2308,UR2308,1908.0,0.0,0.0,0.0,5,1909.0,1910.0,1,1934.0,1923.0,1926.0,1908.0,993.0,1903581.0,64593
2023-05-11 09:09:19,UR2308,UR2308,1910.0,1.0,1917.0,0.0,5,1909.0,1911.0,83,1934.0,1923.0,1926.0,1908.0,994.0,1905498.0,64593
2023-05-11 09:09:20,UR2308,UR2308,1910.0,0.0,0.0,0.0,17,1909.0,1911.0,74,1934.0,1923.0,1926.0,1908.0,994.0,1905498.0,64593
2023-05-11 09:09:21,UR2308,UR2308,1910.0,0.0,0.0,0.0,1,1909.0,1910.0,30,1934.0,1923.0,1926.0,1908.0,994.0,1905498.0,64593
2023-05-11 09:09:22,UR2308,UR2308,1910.0,0.0,0.0,0.0,1,1909.0,1910.0,29,1934.0,1923.0,1926.0,1908.0,994.0,1905498.0,64593
2023-05-11 09:09:22,UR2308,UR2308,1910.0,0.0,0.0,0.0,5,1909.0,1911.0,143,1934.0,1923.0,1926.0,1908.0,994.0,1905498.0,64593
2023-05-11 09:09:22,UR2308,UR2308,1910.0,0.0,0.0,0.0,7,1909.0,1911.0,74,1934.0,1923.0,1926.0,1908.0,994.0,1905498.0,64593
2023-05-11 09:09:23,UR2308,UR2308,1910.0,0.0,0.0,0.0,5,1909.0,1911.0,76,1934.0,1923.0,1926.0,1908.0,994.0,1905498.0,64593
2023-05-11 09:09:24,UR2308,UR2308,1910.0,0.0,0.0,0.0,7,1909.0,1911.0,74,1934.0,1923.0,1926.0,1908.0,994.0,1905498.0,64593
2023-05-11 09:09:25,UR2308,UR2308,1910.0,0.0,0.0,0.0,5,1909.0,1911.0,76,1934.0,1923.0,1926.0,1908.0,994.0,1905498.0,64593
2023-05-11 09:09:26,UR2308,UR2308,1910.0,0.0,0.0,0.0,4,1909.0,1910.0,19,1934.0,1923.0,1926.0,1908.0,994.0,1905498.0,64593
2023-05-11 09:09:26,UR2308,UR2308,1910.0,0.0,0.0,0.0,55,1908.0,1910.0,32,1934.0,1923.0,1926.0,1908.0,994.0,1905498.0,64593
2023-05-11 09:09:27,UR2308,UR2308,1910.0,0.0,0.0,0.0,27,1908.0,1910.0,32,1934.0,1923.0,1926.0,1908.0,994.0,1905498.0,64593
2023-05-11 09:09:27,UR2308,UR2308,1910.0,0.0,0.0,0.0,17,1908.0,1910.0,42,1934.0,1923.0,1926.0,1908.0,994.0,1905498.0,64593
2023-05-11 09:09:30,UR2308,UR2308,1910.0,0.0,0.0,0.0,17,1908.0,1910.0,39,1934.0,1923.0,1926.0,1908.0,994.0,1905498.0,64593
2023-05-11 09:09:31,UR2308,UR2308,1910.0,0.0,0.0,0.0,17,1908.0,1910.0,42,1934.0,1923.0,1926.0,1908.0,994.0,1905498.0,64593
2023-05-11 09:09:33,UR2308,UR2308,1910.0,0.0,0.0,0.0,17,1908.0,1910.0,43,1934.0,1923.0,1926.0,1908.0,994.0,1905498.0,64593
2023-05-11 09:09:35,UR2308,UR2308,1910.0,0.0,0.0,0.0,17,1908.0,1910.0,40,1934.0,1923.0,1926.0,1908.0,994.0,1905498.0,64593
2023-05-11 09:09:35,UR2308,UR2308,1910.0,0.0,0.0,0.0,16,1908.0,1909.0,23,1934.0,1923.0,1926.0,1908.0,994.0,1905498.0,64593
2023-05-11 09:09:36,UR2308,UR2308,1910.0,0.0,0.0,0.0,38,1907.0,1909.0,33,1934.0,1923.0,1926.0,1908.0,994.0,1905498.0,64593
2023-05-11 09:09:36,UR2308,UR2308,1910.0,0.0,0.0,0.0,17,1907.0,1909.0,33,1934.0,1923.0,1926.0,1908.0,994.0,1905498.0,64593
2023-05-11 09:09:37,UR2308,UR2308,1910.0,0.0,0.0,0.0,7,1907.0,1909.0,43,1934.0,1923.0,1926.0,1908.0,994.0,1905498.0,64593
2023-05-11 09:09:38,UR2308,UR2308,1910.0,0.0,0.0,0.0,5,1907.0,1908.0,10,1934.0,1923.0,1926.0,1908.0,994.0,1905498.0,64593
2023-05-11 09:09:39,UR2308,UR2308,1908.0,10.0,19170.0,1.0,18,1907.0,1909.0,104,1934.0,1923.0,1926.0,1908.0,1004.0,1924668.0,64594
2023-05-11 09:09:39,UR2308,UR2308,1908.0,0.0,0.0,0.0,18,1907.0,1909.0,74,1934.0,1923.0,1926.0,1908.0,1004.0,1924668.0,64594
2023-05-11 09:09:40,UR2308,UR2308,1908.0,0.0,0.0,0.0,28,1907.0,1909.0,74,1934.0,1923.0,1926.0,1908.0,1004.0,1924668.0,64594
2023-05-11 09:09:42,UR2308,UR2308,1908.0,0.0,0.0,0.0,1,1908.0,1909.0,46,1934.0,1923.0,1926.0,1908.0,1004.0,1924668.0,64594
2023-05-11 09:09:43,UR2308,UR2308,1908.0,0.0,0.0,0.0,4,1908.0,1910.0,107,1934.0,1923.0,1926.0,1908.0,1004.0,1924668.0,64594
2023-05-11 09:09:43,UR2308,UR2308,1908.0,0.0,0.0,0.0,4,1908.0,1910.0,87,1934.0,1923.0,1926.0,1908.0,1004.0,1924668.0,64594
2023-05-11 09:09:44,UR2308,UR2308,1908.0,0.0,0.0,0.0,3,1908.0,1909.0,28,1934.0,1923.0,1926.0,1908.0,1004.0,1924668.0,64594
2023-05-11 09:09:44,UR2308,UR2308,1908.0,0.0,0.0,0.0,71,1907.0,1909.0,32,1934.0,1923.0,1926.0,1908.0,1004.0,1924668.0,64594
2023-05-11 09:09:46,UR2308,UR2308,1908.0,0.0,0.0,0.0,71,1907.0,1909.0,17,1934.0,1923.0,1926.0,1908.0,1004.0,1924668.0,64594
2023-05-11 09:09:46,UR2308,UR2308,1908.0,0.0,0.0,0.0,71,1907.0,1909.0,11,1934.0,1923.0,1926.0,1908.0,1004.0,1924668.0,64594
2023-05-11 09:09:46,UR2308,UR2308,1908.0,0.0,0.0,0.0,71,1907.0,1909.0,8,1934.0,1923.0,1926.0,1908.0,1004.0,1924668.0,64594
2023-05-11 09:09:47,UR2308,UR2308,1908.0,0.0,0.0,0.0,71,1907.0,1909.0,5,1934.0,1923.0,1926.0,1908.0,1004.0,1924668.0,64594
2023-05-11 09:09:47,UR2308,UR2308,1908.0,0.0,0.0,0.0,71,1907.0,1909.0,4,1934.0,1923.0,1926.0,1908.0,1004.0,1924668.0,64594
2023-05-11 09:09:48,UR2308,UR2308,1908.0,0.0,0.0,0.0,71,1907.0,1909.0,3,1934.0,1923.0,1926.0,1908.0,1004.0,1924668.0,64594
2023-05-11 09:09:48,UR2308,UR2308,1908.0,0.0,0.0,0.0,71,1907.0,1909.0,11,1934.0,1923.0,1926.0,1908.0,1004.0,1924668.0,64594
2023-05-11 09:09:49,UR2308,UR2308,1908.0,0.0,0.0,0.0,71,1907.0,1909.0,33,1934.0,1923.0,1926.0,1908.0,1004.0,1924668.0,64594
2023-05-11 09:09:49,UR2308,UR2308,1908.0,0.0,0.0,0.0,49,1907.0,1909.0,35,1934.0,1923.0,1926.0,1908.0,1004.0,1924668.0,64594
2023-05-11 09:09:50,UR2308,UR2308,1908.0,0.0,0.0,0.0,28,1907.0,1909.0,35,1934.0,1923.0,1926.0,1908.0,1004.0,1924668.0,64594
2023-05-11 09:09:50,UR2308,UR2308,1908.0,0.0,0.0,0.0,18,1907.0,1909.0,45,1934.0,1923.0,1926.0,1908.0,1004.0,1924668.0,64594
2023-05-11 09:09:51,UR2308,UR2308,1908.0,0.0,0.0,0.0,20,1907.0,1909.0,43,1934.0,1923.0,1926.0,1908.0,1004.0,1924668.0,64594
2023-05-11 09:09:52,UR2308,UR2308,1908.0,0.0,0.0,0.0,17,1907.0,1909.0,46,1934.0,1923.0,1926.0,1908.0,1004.0,1924668.0,64594
2023-05-11 09:09:53,UR2308,UR2308,1909.0,2.0,3834.0,-2.0,15,1907.0,1909.0,64,1934.0,1923.0,1926.0,1908.0,1006.0,1928502.0,64592
2023-05-11 09:09:53,UR2308,UR2308,1909.0,0.0,0.0,0.0,15,1907.0,1909.0,85,1934.0,1923.0,1926.0,1908.0,1006.0,1928502.0,64592
2023-05-11 09:09:54,UR2308,UR2308,1909.0,0.0,0.0,0.0,20,1907.0,1909.0,88,1934.0,1923.0,1926.0,1908.0,1006.0,1928502.0,64592
2023-05-11 09:09:54,UR2308,UR2308,1909.0,0.0,0.0,0.0,20,1907.0,1909.0,87,1934.0,1923.0,1926.0,1908.0,1006.0,1928502.0,64592
2023-05-11 09:09:55,UR2308,UR2308,1909.0,0.0,0.0,0.0,17,1907.0,1909.0,87,1934.0,1923.0,1926.0,1908.0,1006.0,1928502.0,64592
2023-05-11 09:09:56,UR2308,UR2308,1909.0,0.0,0.0,0.0,21,1907.0,1909.0,87,1934.0,1923.0,1926.0,1908.0,1006.0,1928502.0,64592
2023-05-11 09:09:56,UR2308,UR2308,1909.0,0.0,0.0,0.0,3,1908.0,1909.0,86,1934.0,1923.0,1926.0,1908.0,1006.0,1928502.0,64592
2023-05-11 09:09:57,UR2308,UR2308,1909.0,0.0,0.0,0.0,3,1908.0,1909.0,74,1934.0,1923.0,1926.0,1908.0,1006.0,1928502.0,64592
2023-05-11 09:09:58,UR2308,UR2308,1908.0,2.0,3834.0,0.0,29,1907.0,1909.0,63,1934.0,1923.0,1926.0,1908.0,1008.0,1932336.0,64592
2023-05-11 09:09:58,UR2308,UR2308,1908.0,0.0,0.0,0.0,22,1907.0,1909.0,83,1934.0,1923.0,1926.0,1908.0,1008.0,1932336.0,64592
2023-05-11 09:09:59,UR2308,UR2308,1909.0,1.0,1917.0,-1.0,1,1908.0,1909.0,81,1934.0,1923.0,1926.0,1908.0,1009.0,1934253.0,64591
2023-05-11 09:10:00,UR2308,UR2308,1909.0,18.0,34506.0,-2.0,31,1907.0,1909.0,23,1934.0,1923.0,1926.0,1908.0,1027.0,1968759.0,64589
2023-05-11 09:10:01,UR2308,UR2308,1909.0,0.0,0.0,0.0,30,1907.0,1909.0,24,1934.0,1923.0,1926.0,1908.0,1027.0,1968759.0,64589
2023-05-11 09:10:01,UR2308,UR2308,1909.0,0.0,0.0,0.0,31,1907.0,1909.0,23,1934.0,1923.0,1926.0,1908.0,1027.0,1968759.0,64589
2023-05-11 09:10:03,UR2308,UR2308,1909.0,0.0,0.0,0.0,1,1908.0,1909.0,23,1934.0,1923.0,1926.0,1908.0,1027.0,1968759.0,64589
2023-05-11 09:10:03,UR2308,UR2308,1909.0,1.0,1917.0,1.0,5,1908.0,1909.0,1,1934.0,1923.0,1926.0,1908.0,1028.0,1970676.0,64590
2023-05-11 09:10:04,UR2308,UR2308,1909.0,1.0,1917.0,0.0,2,1909.0,1910.0,65,1934.0,1923.0,1926.0,1908.0,1029.0,1972593.0,64590
2023-05-11 09:10:04,UR2308,UR2308,1909.0,2.0,3834.0,0.0,25,1908.0,1909.0,2,1934.0,1923.0,1926.0,1908.0,1031.0,1976427.0,64590
2023-05-11 09:10:05,UR2308,UR2308,1909.0,0.0,0.0,0.0,16,1908.0,1909.0,2,1934.0,1923.0,1926.0,1908.0,1031.0,1976427.0,64590
2023-05-11 09:10:05,UR2308,UR2308,1909.0,0.0,0.0,0.0,6,1908.0,1909.0,2,1934.0,1923.0,1926.0,1908.0,1031.0,1976427.0,64590
2023-05-11 09:10:07,UR2308,UR2308,1909.0,0.0,0.0,0.0,3,1908.0,1909.0,2,1934.0,1923.0,1926.0,1908.0,1031.0,1976427.0,64590
2023-05-11 09:10:07,UR2308,UR2308,1909.0,0.0,0.0,0.0,3,1908.0,1909.0,18,1934.0,1923.0,1926.0,1908.0,1031.0,1976427.0,64590
2023-05-11 09:10:08,UR2308,UR2308,1908.0,2.0,3834.0,0.0,41,1907.0,1909.0,19,1934.0,1923.0,1926.0,1908.0,1033.0,1980261.0,64590
2023-05-11 09:10:08,UR2308,UR2308,1908.0,0.0,0.0,0.0,15,1907.0,1909.0,31,1934.0,1923.0,1926.0,1908.0,1033.0,1980261.0,64590
2023-05-11 09:10:09,UR2308,UR2308,1908.0,0.0,0.0,0.0,6,1907.0,1909.0,41,1934.0,1923.0,1926.0,1908.0,1033.0,1980261.0,64590
2023-05-11 09:10:09,UR2308,UR2308,1908.0,0.0,0.0,0.0,5,1907.0,1909.0,39,1934.0,1923.0,1926.0,1908.0,1033.0,1980261.0,64590
2023-05-11 09:10:10,UR2308,UR2308,1908.0,0.0,0.0,0.0,6,1907.0,1909.0,61,1934.0,1923.0,1926.0,1908.0,1033.0,1980261.0,64590
2023-05-11 09:10:10,UR2308,UR2308,1908.0,0.0,0.0,0.0,3,1907.0,1909.0,92,1934.0,1923.0,1926.0,1908.0,1033.0,1980261.0,64590
2023-05-11 09:10:11,UR2308,UR2308,1908.0,0.0,0.0,0.0,5,1907.0,1909.0,90,1934.0,1923.0,1926.0,1908.0,1033.0,1980261.0,64590
2023-05-11 09:10:12,UR2308,UR2308,1908.0,0.0,0.0,0.0,5,1907.0,1908.0,14,1934.0,1923.0,1926.0,1908.0,1033.0,1980261.0,64590
2023-05-11 09:10:12,UR2308,UR2308,1908.0,0.0,0.0,0.0,3,1907.0,1908.0,17,1934.0,1923.0,1926.0,1908.0,1033.0,1980261.0,64590
2023-05-11 09:10:12,UR2308,UR2308,1907.0,2.0,3834.0,0.0,35,1906.0,1907.0,2,1934.0,1923.0,1926.0,1907.0,1035.0,1984095.0,64590
2023-05-11 09:10:13,UR2308,UR2308,1907.0,1.0,1917.0,1.0,8,1906.0,1907.0,1,1934.0,1923.0,1926.0,1907.0,1036.0,1986012.0,64591
2023-05-11 09:10:13,UR2308,UR2308,1907.0,1.0,1917.0,1.0,3,1907.0,1908.0,22,1934.0,1923.0,1926.0,1907.0,1037.0,1987929.0,64592
2023-05-11 09:10:14,UR2308,UR2308,1907.0,0.0,0.0,0.0,5,1907.0,1908.0,15,1934.0,1923.0,1926.0,1907.0,1037.0,1987929.0,64592
2023-05-11 09:10:14,UR2308,UR2308,1907.0,2.0,3834.0,0.0,28,1906.0,1907.0,2,1934.0,1923.0,1926.0,1907.0,1039.0,1991763.0,64592
2023-05-11 09:10:15,UR2308,UR2308,1907.0,0.0,0.0,0.0,21,1906.0,1907.0,2,1934.0,1923.0,1926.0,1907.0,1039.0,1991763.0,64592
2023-05-11 09:10:17,UR2308,UR2308,1907.0,0.0,0.0,0.0,22,1906.0,1907.0,2,1934.0,1923.0,1926.0,1907.0,1039.0,1991763.0,64592
2023-05-11 09:10:17,UR2308,UR2308,1907.0,0.0,0.0,0.0,12,1906.0,1907.0,2,1934.0,1923.0,1926.0,1907.0,1039.0,1991763.0,64592
2023-05-11 09:10:19,UR2308,UR2308,1907.0,2.0,3834.0,2.0,3,1907.0,1908.0,23,1934.0,1923.0,1926.0,1907.0,1041.0,1995597.0,64594
2023-05-11 09:10:19,UR2308,UR2308,1907.0,0.0,0.0,0.0,2,1907.0,1908.0,14,1934.0,1923.0,1926.0,1907.0,1041.0,1995597.0,64594
2023-05-11 09:10:20,UR2308,UR2308,1907.0,3.0,5751.0,1.0,20,1906.0,1907.0,21,1934.0,1923.0,1926.0,1907.0,1044.0,2001348.0,64595
2023-05-11 09:10:20,UR2308,UR2308,1907.0,0.0,0.0,0.0,8,1906.0,1907.0,21,1934.0,1923.0,1926.0,1907.0,1044.0,2001348.0,64595
2023-05-11 09:10:24,UR2308,UR2308,1907.0,25.0,47925.0,5.0,10,1906.0,1907.0,2,1934.0,1923.0,1926.0,1907.0,1069.0,2049273.0,64600
2023-05-11 09:10:25,UR2308,UR2308,1907.0,0.0,0.0,0.0,10,1906.0,1907.0,5,1934.0,1923.0,1926.0,1907.0,1069.0,2049273.0,64600
2023-05-11 09:10:25,UR2308,UR2308,1907.0,0.0,0.0,0.0,13,1906.0,1907.0,2,1934.0,1923.0,1926.0,1907.0,1069.0,2049273.0,64600
2023-05-11 09:10:26,UR2308,UR2308,1907.0,0.0,0.0,0.0,10,1906.0,1907.0,5,1934.0,1923.0,1926.0,1907.0,1069.0,2049273.0,64600
2023-05-11 09:10:26,UR2308,UR2308,1907.0,0.0,0.0,0.0,10,1906.0,1907.0,2,1934.0,1923.0,1926.0,1907.0,1069.0,2049273.0,64600
2023-05-11 09:10:27,UR2308,UR2308,1907.0,2.0,3834.0,0.0,3,1907.0,1908.0,40,1934.0,1923.0,1926.0,1907.0,1071.0,2053107.0,64600
2023-05-11 09:10:27,UR2308,UR2308,1907.0,2.0,3834.0,0.0,20,1906.0,1907.0,2,1934.0,1923.0,1926.0,1907.0,1073.0,2056941.0,64600
2023-05-11 09:10:28,UR2308,UR2308,1907.0,0.0,0.0,0.0,8,1906.0,1907.0,2,1934.0,1923.0,1926.0,1907.0,1073.0,2056941.0,64600
2023-05-11 09:10:29,UR2308,UR2308,1907.0,0.0,0.0,0.0,10,1906.0,1907.0,2,1934.0,1923.0,1926.0,1907.0,1073.0,2056941.0,64600
2023-05-11 09:10:29,UR2308,UR2308,1907.0,3.0,4675.0,0.0,2,1907.0,1908.0,16,1934.0,1923.0,1926.0,1907.0,1076.0,2061616.0,64600
2023-05-11 09:10:29,UR2308,UR2308,1907.0,4.0,7664.0,0.0,2,1907.0,1908.0,1,1934.0,1923.0,1926.0,1907.0,1080.0,2069280.0,64600
2023-05-11 09:10:30,UR2308,UR2308,1907.0,1.0,1916.0,0.0,61,1906.0,1907.0,2,1934.0,1923.0,1926.0,1907.0,1081.0,2071196.0,64600
2023-05-11 09:10:30,UR2308,UR2308,1907.0,0.0,0.0,0.0,10,1906.0,1907.0,2,1934.0,1923.0,1926.0,1907.0,1081.0,2071196.0,64600
2023-05-11 09:10:31,UR2308,UR2308,1907.0,4.0,7664.0,1.0,7,1906.0,1907.0,2,1934.0,1923.0,1926.0,1907.0,1085.0,2078860.0,64601
2023-05-11 09:10:32,UR2308,UR2308,1907.0,0.0,0.0,0.0,4,1906.0,1907.0,2,1934.0,1923.0,1926.0,1907.0,1085.0,2078860.0,64601
2023-05-11 09:10:32,UR2308,UR2308,1907.0,0.0,0.0,0.0,5,1906.0,1907.0,5,1934.0,1923.0,1926.0,1907.0,1085.0,2078860.0,64601
2023-05-11 09:10:33,UR2308,UR2308,1907.0,0.0,0.0,0.0,5,1906.0,1907.0,6,1934.0,1923.0,1926.0,1907.0,1085.0,2078860.0,64601
2023-05-11 09:10:35,UR2308,UR2308,1905.0,42.0,80472.0,5.0,61,1904.0,1905.0,19,1934.0,1923.0,1926.0,1905.0,1127.0,2159332.0,64606
2023-05-11 09:10:36,UR2308,UR2308,1903.0,16.0,30656.0,7.0,21,1903.0,1904.0,1,1934.0,1923.0,1926.0,1903.0,1143.0,2189988.0,64613
2023-05-11 09:10:36,UR2308,UR2308,1904.0,13.0,24908.0,3.0,2,1903.0,1904.0,1,1934.0,1923.0,1926.0,1903.0,1156.0,2214896.0,64616
2023-05-11 09:10:37,UR2308,UR2308,1904.0,0.0,0.0,0.0,2,1903.0,1904.0,4,1934.0,1923.0,1926.0,1903.0,1156.0,2214896.0,64616
2023-05-11 09:10:37,UR2308,UR2308,1904.0,2.0,3832.0,2.0,51,1902.0,1904.0,3,1934.0,1923.0,1926.0,1903.0,1158.0,2218728.0,64618
2023-05-11 09:10:38,UR2308,UR2308,1904.0,0.0,0.0,0.0,59,1902.0,1905.0,76,1934.0,1923.0,1926.0,1903.0,1158.0,2218728.0,64618
2023-05-11 09:10:38,UR2308,UR2308,1904.0,0.0,0.0,0.0,79,1902.0,1905.0,82,1934.0,1923.0,1926.0,1903.0,1158.0,2218728.0,64618
2023-05-11 09:10:39,UR2308,UR2308,1904.0,0.0,0.0,0.0,9,1903.0,1905.0,90,1934.0,1923.0,1926.0,1903.0,1158.0,2218728.0,64618
2023-05-11 09:10:39,UR2308,UR2308,1904.0,0.0,0.0,0.0,9,1903.0,1905.0,28,1934.0,1923.0,1926.0,1903.0,1158.0,2218728.0,64618
2023-05-11 09:10:40,UR2308,UR2308,1904.0,0.0,0.0,0.0,120,1902.0,1905.0,36,1934.0,1923.0,1926.0,1903.0,1158.0,2218728.0,64618
2023-05-11 09:10:41,UR2308,UR2308,1904.0,0.0,0.0,0.0,4,1903.0,1905.0,39,1934.0,1923.0,1926.0,1903.0,1158.0,2218728.0,64618
2023-05-11 09:10:41,UR2308,UR2308,1904.0,0.0,0.0,0.0,4,1903.0,1905.0,40,1934.0,1923.0,1926.0,1903.0,1158.0,2218728.0,64618
2023-05-11 09:10:42,UR2308,UR2308,1904.0,0.0,0.0,0.0,102,1902.0,1905.0,40,1934.0,1923.0,1926.0,1903.0,1158.0,2218728.0,64618
2023-05-11 09:10:42,UR2308,UR2308,1904.0,0.0,0.0,0.0,101,1902.0,1905.0,40,1934.0,1923.0,1926.0,1903.0,1158.0,2218728.0,64618
2023-05-11 09:10:43,UR2308,UR2308,1904.0,0.0,0.0,0.0,103,1902.0,1905.0,40,1934.0,1923.0,1926.0,1903.0,1158.0,2218728.0,64618
2023-05-11 09:10:43,UR2308,UR2308,1904.0,0.0,0.0,0.0,4,1903.0,1905.0,40,1934.0,1923.0,1926.0,1903.0,1158.0,2218728.0,64618
2023-05-11 09:10:45,UR2308,UR2308,1904.0,2.0,3832.0,1.0,96,1902.0,1905.0,37,1934.0,1923.0,1926.0,1903.0,1160.0,2222560.0,64619
2023-05-11 09:10:45,UR2308,UR2308,1904.0,0.0,0.0,0.0,71,1902.0,1904.0,16,1934.0,1923.0,1926.0,1903.0,1160.0,2222560.0,64619
2023-05-11 09:10:45,UR2308,UR2308,1904.0,0.0,0.0,0.0,18,1902.0,1904.0,16,1934.0,1923.0,1926.0,1903.0,1160.0,2222560.0,64619
