time,symbol_id,symbol_name,last,trade_volume,trade_amount,open_interest_change,bv1,bp1,ap1,av1,yesterday_close,today_open,today_high,today_low,volume,amount,open_interest
2023-05-11 08:59:00,UR2311,UR311,1908.0,0.0,0.0,0.0,56,1859.0,1919.0,1,1908.0,1885.0,0.0,0.0,0.0,0.0,1869
2023-05-11 09:00:00,UR2311,UR311,1908.0,0.0,0.0,0.0,1,1882.0,1898.0,1,1908.0,1885.0,0.0,0.0,0.0,0.0,1869
2023-05-11 09:00:01,UR2311,UR311,1908.0,0.0,0.0,0.0,1,1881.0,1891.0,1,1908.0,1885.0,0.0,0.0,0.0,0.0,1869
2023-05-11 09:00:01,UR2311,UR311,1908.0,0.0,0.0,0.0,1,1881.0,1890.0,1,1908.0,1885.0,0.0,0.0,0.0,0.0,1869
2023-05-11 09:00:02,UR2311,UR311,1908.0,0.0,0.0,0.0,1,1884.0,1892.0,1,1908.0,1885.0,0.0,0.0,0.0,0.0,1869
2023-05-11 09:00:02,UR2311,UR311,1908.0,0.0,0.0,0.0,1,1884.0,1893.0,1,1908.0,1885.0,0.0,0.0,0.0,0.0,1869
2023-05-11 09:00:03,UR2311,UR311,1908.0,0.0,0.0,0.0,1,1883.0,1891.0,1,1908.0,1885.0,0.0,0.0,0.0,0.0,1869
2023-05-11 09:00:03,UR2311,UR311,1908.0,0.0,0.0,0.0,1,1883.0,1892.0,1,1908.0,1885.0,0.0,0.0,0.0,0.0,1869
2023-05-11 09:00:04,UR2311,UR311,1908.0,0.0,0.0,0.0,2,1884.0,1892.0,1,1908.0,1885.0,0.0,0.0,0.0,0.0,1869
2023-05-11 09:00:04,UR2311,UR311,1908.0,0.0,0.0,0.0,50,1884.0,1891.0,1,1908.0,1885.0,0.0,0.0,0.0,0.0,1869
2023-05-11 09:00:05,UR2311,UR311,1908.0,0.0,0.0,0.0,51,1884.0,1892.0,1,1908.0,1885.0,0.0,0.0,0.0,0.0,1869
2023-05-11 09:00:06,UR2311,UR311,1908.0,0.0,0.0,0.0,51,1884.0,1893.0,1,1908.0,1885.0,0.0,0.0,0.0,0.0,1869
2023-05-11 09:00:06,UR2311,UR311,1908.0,0.0,0.0,0.0,6,1885.0,1893.0,1,1908.0,1885.0,0.0,0.0,0.0,0.0,1869
2023-05-11 09:00:07,UR2311,UR311,1908.0,0.0,0.0,0.0,8,1885.0,1893.0,1,1908.0,1885.0,0.0,0.0,0.0,0.0,1869
2023-05-11 09:00:07,UR2311,UR311,1908.0,0.0,0.0,0.0,1,1886.0,1893.0,1,1908.0,1885.0,0.0,0.0,0.0,0.0,1869
2023-05-11 09:00:08,UR2311,UR311,1908.0,0.0,0.0,0.0,1,1887.0,1895.0,1,1908.0,1885.0,0.0,0.0,0.0,0.0,1869
2023-05-11 09:00:09,UR2311,UR311,1908.0,0.0,0.0,0.0,2,1887.0,1895.0,1,1908.0,1885.0,0.0,0.0,0.0,0.0,1869
2023-05-11 09:00:10,UR2311,UR311,1908.0,0.0,0.0,0.0,1,1887.0,1895.0,1,1908.0,1885.0,0.0,0.0,0.0,0.0,1869
2023-05-11 09:00:11,UR2311,UR311,1908.0,0.0,0.0,0.0,1,1888.0,1896.0,1,1908.0,1885.0,0.0,0.0,0.0,0.0,1869
2023-05-11 09:00:12,UR2311,UR311,1908.0,0.0,0.0,0.0,1,1887.0,1895.0,1,1908.0,1885.0,0.0,0.0,0.0,0.0,1869
2023-05-11 09:00:13,UR2311,UR311,1908.0,0.0,0.0,0.0,2,1888.0,1896.0,1,1908.0,1885.0,0.0,0.0,0.0,0.0,1869
2023-05-11 09:00:13,UR2311,UR311,1908.0,0.0,0.0,0.0,1,1888.0,1896.0,1,1908.0,1885.0,0.0,0.0,0.0,0.0,1869
2023-05-11 09:00:14,UR2311,UR311,1908.0,0.0,0.0,0.0,2,1888.0,1896.0,1,1908.0,1885.0,0.0,0.0,0.0,0.0,1869
2023-05-11 09:00:14,UR2311,UR311,1908.0,0.0,0.0,0.0,3,1887.0,1895.0,1,1908.0,1885.0,0.0,0.0,0.0,0.0,1869
2023-05-11 09:00:15,UR2311,UR311,1908.0,0.0,0.0,0.0,5,1887.0,1896.0,1,1908.0,1885.0,0.0,0.0,0.0,0.0,1869
2023-05-11 09:00:15,UR2311,UR311,1908.0,0.0,0.0,0.0,1,1888.0,1896.0,1,1908.0,1885.0,0.0,0.0,0.0,0.0,1869
2023-05-11 09:00:17,UR2311,UR311,1908.0,0.0,0.0,0.0,1,1890.0,1897.0,1,1908.0,1885.0,0.0,0.0,0.0,0.0,1869
2023-05-11 09:00:19,UR2311,UR311,1908.0,0.0,0.0,0.0,3,1889.0,1897.0,2,1908.0,1885.0,0.0,0.0,0.0,0.0,1869
2023-05-11 09:00:19,UR2311,UR311,1908.0,0.0,0.0,0.0,1,1890.0,1897.0,1,1908.0,1885.0,0.0,0.0,0.0,0.0,1869
2023-05-11 09:00:20,UR2311,UR311,1908.0,0.0,0.0,0.0,1,1890.0,1898.0,1,1908.0,1885.0,0.0,0.0,0.0,0.0,1869
2023-05-11 09:00:21,UR2311,UR311,1908.0,0.0,0.0,0.0,1,1890.0,1896.0,2,1908.0,1885.0,0.0,0.0,0.0,0.0,1869
2023-05-11 09:00:22,UR2311,UR311,1908.0,0.0,0.0,0.0,1,1890.0,1897.0,1,1908.0,1885.0,0.0,0.0,0.0,0.0,1869
2023-05-11 09:00:22,UR2311,UR311,1908.0,0.0,0.0,0.0,1,1889.0,1895.0,2,1908.0,1885.0,0.0,0.0,0.0,0.0,1869
2023-05-11 09:00:24,UR2311,UR311,1908.0,0.0,0.0,0.0,1,1888.0,1895.0,1,1908.0,1885.0,0.0,0.0,0.0,0.0,1869
2023-05-11 09:00:24,UR2311,UR311,1908.0,0.0,0.0,0.0,1,1888.0,1894.0,2,1908.0,1885.0,0.0,0.0,0.0,0.0,1869
2023-05-11 09:00:24,UR2311,UR311,1908.0,0.0,0.0,0.0,1,1889.0,1894.0,2,1908.0,1885.0,0.0,0.0,0.0,0.0,1869
2023-05-11 09:00:25,UR2311,UR311,1908.0,0.0,0.0,0.0,1,1888.0,1894.0,2,1908.0,1885.0,0.0,0.0,0.0,0.0,1869
2023-05-11 09:00:26,UR2311,UR311,1908.0,0.0,0.0,0.0,1,1889.0,1896.0,1,1908.0,1885.0,0.0,0.0,0.0,0.0,1869
2023-05-11 09:00:26,UR2311,UR311,1908.0,0.0,0.0,0.0,1,1889.0,1894.0,2,1908.0,1885.0,0.0,0.0,0.0,0.0,1869
2023-05-11 09:00:29,UR2311,UR311,1908.0,0.0,0.0,0.0,1,1889.0,1896.0,1,1908.0,1885.0,0.0,0.0,0.0,0.0,1869
2023-05-11 09:00:30,UR2311,UR311,1908.0,0.0,0.0,0.0,2,1889.0,1895.0,2,1908.0,1885.0,0.0,0.0,0.0,0.0,1869
2023-05-11 09:00:30,UR2311,UR311,1908.0,0.0,0.0,0.0,1,1889.0,1895.0,2,1908.0,1885.0,0.0,0.0,0.0,0.0,1869
2023-05-11 09:00:32,UR2311,UR311,1908.0,0.0,0.0,0.0,1,1890.0,1896.0,2,1908.0,1885.0,0.0,0.0,0.0,0.0,1869
2023-05-11 09:00:33,UR2311,UR311,1908.0,0.0,0.0,0.0,1,1891.0,1899.0,1,1908.0,1885.0,0.0,0.0,0.0,0.0,1869
2023-05-11 09:00:33,UR2311,UR311,1908.0,0.0,0.0,0.0,1,1892.0,1897.0,2,1908.0,1885.0,0.0,0.0,0.0,0.0,1869
2023-05-11 09:00:34,UR2311,UR311,1908.0,0.0,0.0,0.0,1,1890.0,1898.0,1,1908.0,1885.0,0.0,0.0,0.0,0.0,1869
2023-05-11 09:00:34,UR2311,UR311,1908.0,0.0,0.0,0.0,2,1891.0,1899.0,1,1908.0,1885.0,0.0,0.0,0.0,0.0,1869
2023-05-11 09:00:35,UR2311,UR311,1908.0,0.0,0.0,0.0,1,1892.0,1897.0,2,1908.0,1885.0,0.0,0.0,0.0,0.0,1869
2023-05-11 09:00:35,UR2311,UR311,1908.0,0.0,0.0,0.0,2,1892.0,1900.0,1,1908.0,1885.0,0.0,0.0,0.0,0.0,1869
2023-05-11 09:00:36,UR2311,UR311,1908.0,0.0,0.0,0.0,1,1891.0,1898.0,2,1908.0,1885.0,0.0,0.0,0.0,0.0,1869
2023-05-11 09:00:36,UR2311,UR311,1908.0,0.0,0.0,0.0,1,1892.0,1899.0,1,1908.0,1885.0,0.0,0.0,0.0,0.0,1869
2023-05-11 09:00:39,UR2311,UR311,1908.0,0.0,0.0,0.0,1,1892.0,1899.0,6,1908.0,1885.0,0.0,0.0,0.0,0.0,1869
2023-05-11 09:00:39,UR2311,UR311,1908.0,0.0,0.0,0.0,2,1892.0,1899.0,6,1908.0,1885.0,0.0,0.0,0.0,0.0,1869
2023-05-11 09:00:45,UR2311,UR311,1908.0,0.0,0.0,0.0,2,1892.0,1898.0,2,1908.0,1885.0,0.0,0.0,0.0,0.0,1869
2023-05-11 09:00:45,UR2311,UR311,1908.0,0.0,0.0,0.0,2,1892.0,1899.0,6,1908.0,1885.0,0.0,0.0,0.0,0.0,1869
2023-05-11 09:00:48,UR2311,UR311,1908.0,0.0,0.0,0.0,2,1891.0,1899.0,7,1908.0,1885.0,0.0,0.0,0.0,0.0,1869
2023-05-11 09:00:48,UR2311,UR311,1908.0,0.0,0.0,0.0,1,1892.0,1897.0,2,1908.0,1885.0,0.0,0.0,0.0,0.0,1869
2023-05-11 09:00:49,UR2311,UR311,1908.0,0.0,0.0,0.0,1,1892.0,1898.0,5,1908.0,1885.0,0.0,0.0,0.0,0.0,1869
2023-05-11 09:00:50,UR2311,UR311,1908.0,0.0,0.0,0.0,1,1891.0,1897.0,2,1908.0,1885.0,0.0,0.0,0.0,0.0,1869
2023-05-11 09:00:50,UR2311,UR311,1908.0,0.0,0.0,0.0,2,1891.0,1898.0,6,1908.0,1885.0,0.0,0.0,0.0,0.0,1869
2023-05-11 09:00:52,UR2311,UR311,1908.0,0.0,0.0,0.0,1,1892.0,1897.0,2,1908.0,1885.0,0.0,0.0,0.0,0.0,1869
2023-05-11 09:00:52,UR2311,UR311,1908.0,0.0,0.0,0.0,2,1892.0,1898.0,5,1908.0,1885.0,0.0,0.0,0.0,0.0,1869
2023-05-11 09:00:52,UR2311,UR311,1908.0,0.0,0.0,0.0,2,1892.0,1899.0,6,1908.0,1885.0,0.0,0.0,0.0,0.0,1869
2023-05-11 09:00:55,UR2311,UR311,1908.0,0.0,0.0,0.0,1,1893.0,1898.0,2,1908.0,1885.0,0.0,0.0,0.0,0.0,1869
2023-05-11 09:00:55,UR2311,UR311,1908.0,0.0,0.0,0.0,2,1893.0,1898.0,2,1908.0,1885.0,0.0,0.0,0.0,0.0,1869
2023-05-11 09:01:00,UR2311,UR311,1908.0,0.0,0.0,0.0,1,1893.0,1898.0,2,1908.0,1885.0,0.0,0.0,0.0,0.0,1869
2023-05-11 09:01:03,UR2311,UR311,1908.0,0.0,0.0,0.0,2,1892.0,1898.0,2,1908.0,1885.0,0.0,0.0,0.0,0.0,1869
2023-05-11 09:01:03,UR2311,UR311,1908.0,0.0,0.0,0.0,2,1892.0,1899.0,6,1908.0,1885.0,0.0,0.0,0.0,0.0,1869
2023-05-11 09:01:05,UR2311,UR311,1908.0,0.0,0.0,0.0,2,1892.0,1898.0,1,1908.0,1885.0,0.0,0.0,0.0,0.0,1869
2023-05-11 09:01:05,UR2311,UR311,1908.0,0.0,0.0,0.0,2,1892.0,1898.0,2,1908.0,1885.0,0.0,0.0,0.0,0.0,1869
2023-05-11 09:01:07,UR2311,UR311,1908.0,0.0,0.0,0.0,1,1893.0,1898.0,1,1908.0,1885.0,0.0,0.0,0.0,0.0,1869
2023-05-11 09:01:07,UR2311,UR311,1908.0,0.0,0.0,0.0,1,1892.0,1898.0,3,1908.0,1885.0,0.0,0.0,0.0,0.0,1869
2023-05-11 09:01:07,UR2311,UR311,1908.0,0.0,0.0,0.0,1,1893.0,1898.0,3,1908.0,1885.0,0.0,0.0,0.0,0.0,1869
2023-05-11 09:01:08,UR2311,UR311,1908.0,0.0,0.0,0.0,2,1892.0,1897.0,1,1908.0,1885.0,0.0,0.0,0.0,0.0,1869
2023-05-11 09:01:09,UR2311,UR311,1908.0,0.0,0.0,0.0,2,1892.0,1897.0,3,1908.0,1885.0,0.0,0.0,0.0,0.0,1869
2023-05-11 09:01:09,UR2311,UR311,1908.0,0.0,0.0,0.0,2,1892.0,1897.0,1,1908.0,1885.0,0.0,0.0,0.0,0.0,1869
2023-05-11 09:01:10,UR2311,UR311,1908.0,0.0,0.0,0.0,2,1892.0,1897.0,3,1908.0,1885.0,0.0,0.0,0.0,0.0,1869
2023-05-11 09:01:10,UR2311,UR311,1908.0,0.0,0.0,0.0,1,1891.0,1897.0,4,1908.0,1885.0,0.0,0.0,0.0,0.0,1869
2023-05-11 09:01:10,UR2311,UR311,1908.0,0.0,0.0,0.0,2,1891.0,1897.0,2,1908.0,1885.0,0.0,0.0,0.0,0.0,1869
2023-05-11 09:01:12,UR2311,UR311,1908.0,0.0,0.0,0.0,2,1890.0,1896.0,2,1908.0,1885.0,0.0,0.0,0.0,0.0,1869
2023-05-11 09:01:12,UR2311,UR311,1908.0,0.0,0.0,0.0,2,1890.0,1896.0,1,1908.0,1885.0,0.0,0.0,0.0,0.0,1869
2023-05-11 09:01:13,UR2311,UR311,1908.0,0.0,0.0,0.0,1,1890.0,1895.0,2,1908.0,1885.0,0.0,0.0,0.0,0.0,1869
2023-05-11 09:01:14,UR2311,UR311,1908.0,0.0,0.0,0.0,2,1889.0,1895.0,6,1908.0,1885.0,0.0,0.0,0.0,0.0,1869
2023-05-11 09:01:16,UR2311,UR311,1908.0,0.0,0.0,0.0,2,1888.0,1894.0,6,1908.0,1885.0,0.0,0.0,0.0,0.0,1869
2023-05-11 09:01:17,UR2311,UR311,1908.0,0.0,0.0,0.0,1,1888.0,1893.0,2,1908.0,1885.0,0.0,0.0,0.0,0.0,1869
2023-05-11 09:01:18,UR2311,UR311,1908.0,0.0,0.0,0.0,1,1888.0,1893.0,5,1908.0,1885.0,0.0,0.0,0.0,0.0,1869
2023-05-11 09:01:20,UR2311,UR311,1908.0,0.0,0.0,0.0,16,1887.0,1893.0,6,1908.0,1885.0,0.0,0.0,0.0,0.0,1869
2023-05-11 09:01:20,UR2311,UR311,1908.0,0.0,0.0,0.0,1,1888.0,1893.0,5,1908.0,1885.0,0.0,0.0,0.0,0.0,1869
2023-05-11 09:01:21,UR2311,UR311,1908.0,0.0,0.0,0.0,1,1888.0,1893.0,2,1908.0,1885.0,0.0,0.0,0.0,0.0,1869
2023-05-11 09:01:23,UR2311,UR311,1908.0,0.0,0.0,0.0,16,1887.0,1893.0,6,1908.0,1885.0,0.0,0.0,0.0,0.0,1869
2023-05-11 09:01:23,UR2311,UR311,1908.0,0.0,0.0,0.0,16,1887.0,1892.0,2,1908.0,1885.0,0.0,0.0,0.0,0.0,1869
2023-05-11 09:01:24,UR2311,UR311,1908.0,0.0,0.0,0.0,17,1887.0,1892.0,2,1908.0,1885.0,0.0,0.0,0.0,0.0,1869
2023-05-11 09:01:24,UR2311,UR311,1908.0,0.0,0.0,0.0,11,1887.0,1893.0,5,1908.0,1885.0,0.0,0.0,0.0,0.0,1869
2023-05-11 09:01:25,UR2311,UR311,1908.0,0.0,0.0,0.0,1,1887.0,1892.0,2,1908.0,1885.0,0.0,0.0,0.0,0.0,1869
2023-05-11 09:01:25,UR2311,UR311,1908.0,0.0,0.0,0.0,1,1887.0,1892.0,5,1908.0,1885.0,0.0,0.0,0.0,0.0,1869
2023-05-11 09:01:26,UR2311,UR311,1908.0,0.0,0.0,0.0,11,1886.0,1891.0,5,1908.0,1885.0,0.0,0.0,0.0,0.0,1869
2023-05-11 09:01:27,UR2311,UR311,1908.0,0.0,0.0,0.0,1,1887.0,1891.0,4,1908.0,1885.0,0.0,0.0,0.0,0.0,1869
2023-05-11 09:01:27,UR2311,UR311,1908.0,0.0,0.0,0.0,3,1887.0,1892.0,5,1908.0,1885.0,0.0,0.0,0.0,0.0,1869
2023-05-11 09:01:28,UR2311,UR311,1908.0,0.0,0.0,0.0,1,1887.0,1892.0,5,1908.0,1885.0,0.0,0.0,0.0,0.0,1869
2023-05-11 09:01:29,UR2311,UR311,1908.0,0.0,0.0,0.0,12,1886.0,1892.0,6,1908.0,1885.0,0.0,0.0,0.0,0.0,1869
2023-05-11 09:01:29,UR2311,UR311,1908.0,0.0,0.0,0.0,1,1886.0,1891.0,5,1908.0,1885.0,0.0,0.0,0.0,0.0,1869
2023-05-11 09:01:30,UR2311,UR311,1908.0,0.0,0.0,0.0,25,1885.0,1891.0,6,1908.0,1885.0,0.0,0.0,0.0,0.0,1869
2023-05-11 09:01:31,UR2311,UR311,1908.0,0.0,0.0,0.0,24,1885.0,1890.0,2,1908.0,1885.0,0.0,0.0,0.0,0.0,1869
2023-05-11 09:01:31,UR2311,UR311,1908.0,0.0,0.0,0.0,13,1885.0,1890.0,4,1908.0,1885.0,0.0,0.0,0.0,0.0,1869
2023-05-11 09:01:31,UR2311,UR311,1908.0,0.0,0.0,0.0,13,1885.0,1890.0,5,1908.0,1885.0,0.0,0.0,0.0,0.0,1869
2023-05-11 09:01:32,UR2311,UR311,1908.0,0.0,0.0,0.0,14,1885.0,1890.0,5,1908.0,1885.0,0.0,0.0,0.0,0.0,1869
2023-05-11 09:01:33,UR2311,UR311,1908.0,0.0,0.0,0.0,11,1885.0,1890.0,6,1908.0,1885.0,0.0,0.0,0.0,0.0,1869
2023-05-11 09:01:33,UR2311,UR311,1908.0,0.0,0.0,0.0,2,1885.0,1890.0,2,1908.0,1885.0,0.0,0.0,0.0,0.0,1869
2023-05-11 09:01:34,UR2311,UR311,1908.0,0.0,0.0,0.0,2,1885.0,1890.0,5,1908.0,1885.0,0.0,0.0,0.0,0.0,1869
2023-05-11 09:01:34,UR2311,UR311,1908.0,0.0,0.0,0.0,1,1885.0,1890.0,5,1908.0,1885.0,0.0,0.0,0.0,0.0,1869
2023-05-11 09:01:35,UR2311,UR311,1908.0,0.0,0.0,0.0,51,1884.0,1890.0,6,1908.0,1885.0,0.0,0.0,0.0,0.0,1869
2023-05-11 09:01:35,UR2311,UR311,1908.0,0.0,0.0,0.0,51,1884.0,1889.0,5,1908.0,1885.0,0.0,0.0,0.0,0.0,1869
2023-05-11 09:01:36,UR2311,UR311,1908.0,0.0,0.0,0.0,50,1884.0,1889.0,5,1908.0,1885.0,0.0,0.0,0.0,0.0,1869
2023-05-11 09:01:36,UR2311,UR311,1908.0,0.0,0.0,0.0,41,1884.0,1889.0,6,1908.0,1885.0,0.0,0.0,0.0,0.0,1869
2023-05-11 09:01:37,UR2311,UR311,1908.0,0.0,0.0,0.0,21,1883.0,1888.0,6,1908.0,1885.0,0.0,0.0,0.0,0.0,1869
2023-05-11 09:01:37,UR2311,UR311,1908.0,0.0,0.0,0.0,18,1883.0,1887.0,4,1908.0,1885.0,0.0,0.0,0.0,0.0,1869
2023-05-11 09:01:37,UR2311,UR311,1908.0,0.0,0.0,0.0,9,1883.0,1887.0,5,1908.0,1885.0,0.0,0.0,0.0,0.0,1869
2023-05-11 09:01:38,UR2311,UR311,1908.0,0.0,0.0,0.0,4,1883.0,1887.0,4,1908.0,1885.0,0.0,0.0,0.0,0.0,1869
2023-05-11 09:01:39,UR2311,UR311,1908.0,0.0,0.0,0.0,2,1883.0,1887.0,4,1908.0,1885.0,0.0,0.0,0.0,0.0,1869
2023-05-11 09:01:39,UR2311,UR311,1908.0,0.0,0.0,0.0,6,1883.0,1887.0,2,1908.0,1885.0,0.0,0.0,0.0,0.0,1869
2023-05-11 09:01:40,UR2311,UR311,1908.0,0.0,0.0,0.0,6,1883.0,1888.0,4,1908.0,1885.0,0.0,0.0,0.0,0.0,1869
2023-05-11 09:01:40,UR2311,UR311,1908.0,0.0,0.0,0.0,15,1882.0,1886.0,1,1908.0,1885.0,0.0,0.0,0.0,0.0,1869
2023-05-11 09:01:40,UR2311,UR311,1908.0,0.0,0.0,0.0,4,1883.0,1888.0,6,1908.0,1885.0,0.0,0.0,0.0,0.0,1869
2023-05-11 09:01:41,UR2311,UR311,1908.0,0.0,0.0,0.0,3,1883.0,1888.0,6,1908.0,1885.0,0.0,0.0,0.0,0.0,1869
2023-05-11 09:01:42,UR2311,UR311,1908.0,0.0,0.0,0.0,14,1882.0,1887.0,6,1908.0,1885.0,0.0,0.0,0.0,0.0,1869
2023-05-11 09:01:42,UR2311,UR311,1908.0,0.0,0.0,0.0,10,1882.0,1886.0,5,1908.0,1885.0,0.0,0.0,0.0,0.0,1869
2023-05-11 09:01:43,UR2311,UR311,1908.0,0.0,0.0,0.0,10,1882.0,1886.0,4,1908.0,1885.0,0.0,0.0,0.0,0.0,1869
2023-05-11 09:01:43,UR2311,UR311,1908.0,0.0,0.0,0.0,10,1882.0,1886.0,5,1908.0,1885.0,0.0,0.0,0.0,0.0,1869
2023-05-11 09:01:44,UR2311,UR311,1908.0,0.0,0.0,0.0,11,1882.0,1886.0,4,1908.0,1885.0,0.0,0.0,0.0,0.0,1869
2023-05-11 09:01:45,UR2311,UR311,1908.0,0.0,0.0,0.0,10,1882.0,1886.0,2,1908.0,1885.0,0.0,0.0,0.0,0.0,1869
2023-05-11 09:01:45,UR2311,UR311,1908.0,0.0,0.0,0.0,11,1882.0,1886.0,2,1908.0,1885.0,0.0,0.0,0.0,0.0,1869
2023-05-11 09:01:46,UR2311,UR311,1908.0,0.0,0.0,0.0,3,1882.0,1886.0,2,1908.0,1885.0,0.0,0.0,0.0,0.0,1869
2023-05-11 09:01:46,UR2311,UR311,1908.0,0.0,0.0,0.0,4,1882.0,1886.0,2,1908.0,1885.0,0.0,0.0,0.0,0.0,1869
2023-05-11 09:01:48,UR2311,UR311,1908.0,0.0,0.0,0.0,3,1882.0,1886.0,2,1908.0,1885.0,0.0,0.0,0.0,0.0,1869
2023-05-11 09:01:48,UR2311,UR311,1908.0,0.0,0.0,0.0,3,1882.0,1886.0,5,1908.0,1885.0,0.0,0.0,0.0,0.0,1869
2023-05-11 09:01:49,UR2311,UR311,1908.0,0.0,0.0,0.0,4,1882.0,1886.0,5,1908.0,1885.0,0.0,0.0,0.0,0.0,1869
2023-05-11 09:01:50,UR2311,UR311,1908.0,0.0,0.0,0.0,1,1885.0,1886.0,5,1908.0,1885.0,0.0,0.0,0.0,0.0,1869
2023-05-11 09:01:50,UR2311,UR311,1885.0,1.0,1885.0,0.0,5,1882.0,1886.0,4,1908.0,1885.0,1885.0,1885.0,1.0,1885.0,1869
2023-05-11 09:01:50,UR2311,UR311,1885.0,0.0,0.0,0.0,4,1882.0,1886.0,4,1908.0,1885.0,1885.0,1885.0,1.0,1885.0,1869
2023-05-11 09:01:51,UR2311,UR311,1885.0,0.0,0.0,0.0,6,1882.0,1886.0,4,1908.0,1885.0,1885.0,1885.0,1.0,1885.0,1869
2023-05-11 09:01:52,UR2311,UR311,1885.0,0.0,0.0,0.0,6,1882.0,1886.0,5,1908.0,1885.0,1885.0,1885.0,1.0,1885.0,1869
2023-05-11 09:01:52,UR2311,UR311,1885.0,0.0,0.0,0.0,6,1883.0,1887.0,4,1908.0,1885.0,1885.0,1885.0,1.0,1885.0,1869
2023-05-11 09:01:53,UR2311,UR311,1885.0,0.0,0.0,0.0,47,1881.0,1886.0,1,1908.0,1885.0,1885.0,1885.0,1.0,1885.0,1869
2023-05-11 09:01:53,UR2311,UR311,1885.0,0.0,0.0,0.0,47,1881.0,1885.0,1,1908.0,1885.0,1885.0,1885.0,1.0,1885.0,1869
2023-05-11 09:01:55,UR2311,UR311,1885.0,0.0,0.0,0.0,48,1881.0,1885.0,1,1908.0,1885.0,1885.0,1885.0,1.0,1885.0,1869
2023-05-11 09:01:55,UR2311,UR311,1885.0,0.0,0.0,0.0,7,1882.0,1886.0,4,1908.0,1885.0,1885.0,1885.0,1.0,1885.0,1869
2023-05-11 09:01:55,UR2311,UR311,1885.0,0.0,0.0,0.0,2,1882.0,1886.0,3,1908.0,1885.0,1885.0,1885.0,1.0,1885.0,1869
2023-05-11 09:01:57,UR2311,UR311,1885.0,0.0,0.0,0.0,2,1882.0,1886.0,1,1908.0,1885.0,1885.0,1885.0,1.0,1885.0,1869
2023-05-11 09:01:58,UR2311,UR311,1885.0,0.0,0.0,0.0,1,1883.0,1887.0,3,1908.0,1885.0,1885.0,1885.0,1.0,1885.0,1869
2023-05-11 09:01:58,UR2311,UR311,1885.0,0.0,0.0,0.0,1,1883.0,1887.0,1,1908.0,1885.0,1885.0,1885.0,1.0,1885.0,1869
2023-05-11 09:01:58,UR2311,UR311,1885.0,0.0,0.0,0.0,1,1883.0,1887.0,3,1908.0,1885.0,1885.0,1885.0,1.0,1885.0,1869
2023-05-11 09:01:59,UR2311,UR311,1885.0,0.0,0.0,0.0,1,1883.0,1887.0,1,1908.0,1885.0,1885.0,1885.0,1.0,1885.0,1869
2023-05-11 09:02:00,UR2311,UR311,1885.0,0.0,0.0,0.0,1,1883.0,1887.0,2,1908.0,1885.0,1885.0,1885.0,1.0,1885.0,1869
2023-05-11 09:02:00,UR2311,UR311,1885.0,0.0,0.0,0.0,4,1882.0,1887.0,5,1908.0,1885.0,1885.0,1885.0,1.0,1885.0,1869
2023-05-11 09:02:01,UR2311,UR311,1885.0,0.0,0.0,0.0,5,1882.0,1887.0,5,1908.0,1885.0,1885.0,1885.0,1.0,1885.0,1869
2023-05-11 09:02:01,UR2311,UR311,1885.0,0.0,0.0,0.0,27,1884.0,1887.0,4,1908.0,1885.0,1885.0,1885.0,1.0,1885.0,1869
2023-05-11 09:02:02,UR2311,UR311,1885.0,0.0,0.0,0.0,3,1883.0,1887.0,3,1908.0,1885.0,1885.0,1885.0,1.0,1885.0,1869
2023-05-11 09:02:02,UR2311,UR311,1885.0,0.0,0.0,0.0,4,1883.0,1887.0,3,1908.0,1885.0,1885.0,1885.0,1.0,1885.0,1869
2023-05-11 09:02:03,UR2311,UR311,1885.0,0.0,0.0,0.0,4,1883.0,1887.0,1,1908.0,1885.0,1885.0,1885.0,1.0,1885.0,1869
2023-05-11 09:02:04,UR2311,UR311,1885.0,0.0,0.0,0.0,4,1883.0,1888.0,5,1908.0,1885.0,1885.0,1885.0,1.0,1885.0,1869
2023-05-11 09:02:05,UR2311,UR311,1885.0,0.0,0.0,0.0,1,1883.0,1888.0,5,1908.0,1885.0,1885.0,1885.0,1.0,1885.0,1869
2023-05-11 09:02:06,UR2311,UR311,1885.0,0.0,0.0,0.0,5,1883.0,1888.0,4,1908.0,1885.0,1885.0,1885.0,1.0,1885.0,1869
2023-05-11 09:02:06,UR2311,UR311,1885.0,0.0,0.0,0.0,2,1884.0,1888.0,4,1908.0,1885.0,1885.0,1885.0,1.0,1885.0,1869
2023-05-11 09:02:07,UR2311,UR311,1885.0,0.0,0.0,0.0,1,1884.0,1888.0,4,1908.0,1885.0,1885.0,1885.0,1.0,1885.0,1869
2023-05-11 09:02:07,UR2311,UR311,1885.0,0.0,0.0,0.0,1,1884.0,1888.0,2,1908.0,1885.0,1885.0,1885.0,1.0,1885.0,1869
2023-05-11 09:02:08,UR2311,UR311,1885.0,0.0,0.0,0.0,1,1884.0,1888.0,5,1908.0,1885.0,1885.0,1885.0,1.0,1885.0,1869
2023-05-11 09:02:08,UR2311,UR311,1885.0,0.0,0.0,0.0,1,1884.0,1887.0,5,1908.0,1885.0,1885.0,1885.0,1.0,1885.0,1869
2023-05-11 09:02:09,UR2311,UR311,1885.0,0.0,0.0,0.0,5,1882.0,1886.0,3,1908.0,1885.0,1885.0,1885.0,1.0,1885.0,1869
2023-05-11 09:02:09,UR2311,UR311,1885.0,0.0,0.0,0.0,6,1882.0,1886.0,5,1908.0,1885.0,1885.0,1885.0,1.0,1885.0,1869
2023-05-11 09:02:09,UR2311,UR311,1885.0,0.0,0.0,0.0,7,1882.0,1886.0,5,1908.0,1885.0,1885.0,1885.0,1.0,1885.0,1869
2023-05-11 09:02:10,UR2311,UR311,1885.0,0.0,0.0,0.0,7,1882.0,1885.0,1,1908.0,1885.0,1885.0,1885.0,1.0,1885.0,1869
2023-05-11 09:02:12,UR2311,UR311,1885.0,0.0,0.0,0.0,8,1882.0,1885.0,1,1908.0,1885.0,1885.0,1885.0,1.0,1885.0,1869
2023-05-11 09:02:13,UR2311,UR311,1885.0,0.0,0.0,0.0,7,1882.0,1885.0,1,1908.0,1885.0,1885.0,1885.0,1.0,1885.0,1869
2023-05-11 09:02:15,UR2311,UR311,1885.0,0.0,0.0,0.0,7,1882.0,1886.0,4,1908.0,1885.0,1885.0,1885.0,1.0,1885.0,1869
2023-05-11 09:02:16,UR2311,UR311,1885.0,0.0,0.0,0.0,7,1882.0,1886.0,5,1908.0,1885.0,1885.0,1885.0,1.0,1885.0,1869
2023-05-11 09:02:16,UR2311,UR311,1885.0,0.0,0.0,0.0,7,1882.0,1885.0,1,1908.0,1885.0,1885.0,1885.0,1.0,1885.0,1869
2023-05-11 09:02:18,UR2311,UR311,1885.0,0.0,0.0,0.0,15,1884.0,1886.0,1,1908.0,1885.0,1885.0,1885.0,1.0,1885.0,1869
2023-05-11 09:02:18,UR2311,UR311,1885.0,0.0,0.0,0.0,3,1883.0,1886.0,3,1908.0,1885.0,1885.0,1885.0,1.0,1885.0,1869
2023-05-11 09:02:19,UR2311,UR311,1885.0,0.0,0.0,0.0,3,1884.0,1886.0,3,1908.0,1885.0,1885.0,1885.0,1.0,1885.0,1869
2023-05-11 09:02:19,UR2311,UR311,1885.0,0.0,0.0,0.0,3,1884.0,1886.0,1,1908.0,1885.0,1885.0,1885.0,1.0,1885.0,1869
2023-05-11 09:02:20,UR2311,UR311,1885.0,0.0,0.0,0.0,5,1883.0,1886.0,1,1908.0,1885.0,1885.0,1885.0,1.0,1885.0,1869
2023-05-11 09:02:23,UR2311,UR311,1885.0,0.0,0.0,0.0,7,1884.0,1886.0,1,1908.0,1885.0,1885.0,1885.0,1.0,1885.0,1869
2023-05-11 09:02:24,UR2311,UR311,1885.0,0.0,0.0,0.0,7,1884.0,1887.0,1,1908.0,1885.0,1885.0,1885.0,1.0,1885.0,1869
2023-05-11 09:02:24,UR2311,UR311,1885.0,0.0,0.0,0.0,3,1884.0,1887.0,5,1908.0,1885.0,1885.0,1885.0,1.0,1885.0,1869
2023-05-11 09:02:24,UR2311,UR311,1885.0,0.0,0.0,0.0,6,1883.0,1887.0,5,1908.0,1885.0,1885.0,1885.0,1.0,1885.0,1869
2023-05-11 09:02:26,UR2311,UR311,1885.0,0.0,0.0,0.0,7,1883.0,1887.0,4,1908.0,1885.0,1885.0,1885.0,1.0,1885.0,1869
2023-05-11 09:02:26,UR2311,UR311,1885.0,0.0,0.0,0.0,4,1884.0,1887.0,3,1908.0,1885.0,1885.0,1885.0,1.0,1885.0,1869
2023-05-11 09:02:27,UR2311,UR311,1885.0,0.0,0.0,0.0,6,1884.0,1887.0,1,1908.0,1885.0,1885.0,1885.0,1.0,1885.0,1869
2023-05-11 09:02:28,UR2311,UR311,1885.0,0.0,0.0,0.0,7,1884.0,1887.0,1,1908.0,1885.0,1885.0,1885.0,1.0,1885.0,1869
2023-05-11 09:02:33,UR2311,UR311,1885.0,0.0,0.0,0.0,7,1884.0,1887.0,3,1908.0,1885.0,1885.0,1885.0,1.0,1885.0,1869
2023-05-11 09:02:35,UR2311,UR311,1885.0,0.0,0.0,0.0,7,1884.0,1887.0,1,1908.0,1885.0,1885.0,1885.0,1.0,1885.0,1869
2023-05-11 09:02:36,UR2311,UR311,1885.0,0.0,0.0,0.0,14,1885.0,1887.0,1,1908.0,1885.0,1885.0,1885.0,1.0,1885.0,1869
2023-05-11 09:02:38,UR2311,UR311,1885.0,0.0,0.0,0.0,4,1885.0,1887.0,1,1908.0,1885.0,1885.0,1885.0,1.0,1885.0,1869
2023-05-11 09:02:38,UR2311,UR311,1885.0,0.0,0.0,0.0,6,1884.0,1887.0,1,1908.0,1885.0,1885.0,1885.0,1.0,1885.0,1869
2023-05-11 09:02:39,UR2311,UR311,1885.0,0.0,0.0,0.0,6,1884.0,1887.0,3,1908.0,1885.0,1885.0,1885.0,1.0,1885.0,1869
2023-05-11 09:02:39,UR2311,UR311,1885.0,0.0,0.0,0.0,6,1884.0,1887.0,1,1908.0,1885.0,1885.0,1885.0,1.0,1885.0,1869
2023-05-11 09:02:40,UR2311,UR311,1885.0,0.0,0.0,0.0,7,1884.0,1887.0,3,1908.0,1885.0,1885.0,1885.0,1.0,1885.0,1869
2023-05-11 09:02:41,UR2311,UR311,1885.0,0.0,0.0,0.0,1,1885.0,1887.0,1,1908.0,1885.0,1885.0,1885.0,1.0,1885.0,1869
2023-05-11 09:02:42,UR2311,UR311,1885.0,0.0,0.0,0.0,50,1884.0,1887.0,1,1908.0,1885.0,1885.0,1885.0,1.0,1885.0,1869
2023-05-11 09:02:42,UR2311,UR311,1885.0,0.0,0.0,0.0,3,1885.0,1887.0,1,1908.0,1885.0,1885.0,1885.0,1.0,1885.0,1869
2023-05-11 09:02:43,UR2311,UR311,1885.0,0.0,0.0,0.0,1,1885.0,1887.0,1,1908.0,1885.0,1885.0,1885.0,1.0,1885.0,1869
2023-05-11 09:02:43,UR2311,UR311,1885.0,0.0,0.0,0.0,50,1884.0,1887.0,1,1908.0,1885.0,1885.0,1885.0,1.0,1885.0,1869
2023-05-11 09:02:44,UR2311,UR311,1885.0,0.0,0.0,0.0,4,1885.0,1888.0,5,1908.0,1885.0,1885.0,1885.0,1.0,1885.0,1869
2023-05-11 09:02:44,UR2311,UR311,1885.0,0.0,0.0,0.0,4,1885.0,1888.0,4,1908.0,1885.0,1885.0,1885.0,1.0,1885.0,1869
2023-05-11 09:02:45,UR2311,UR311,1885.0,0.0,0.0,0.0,4,1885.0,1888.0,2,1908.0,1885.0,1885.0,1885.0,1.0,1885.0,1869
2023-05-11 09:02:45,UR2311,UR311,1885.0,0.0,0.0,0.0,6,1885.0,1888.0,2,1908.0,1885.0,1885.0,1885.0,1.0,1885.0,1869
2023-05-11 09:02:46,UR2311,UR311,1885.0,0.0,0.0,0.0,2,1885.0,1888.0,2,1908.0,1885.0,1885.0,1885.0,1.0,1885.0,1869
2023-05-11 09:02:47,UR2311,UR311,1885.0,0.0,0.0,0.0,50,1884.0,1888.0,4,1908.0,1885.0,1885.0,1885.0,1.0,1885.0,1869
2023-05-11 09:02:47,UR2311,UR311,1885.0,0.0,0.0,0.0,50,1884.0,1887.0,1,1908.0,1885.0,1885.0,1885.0,1.0,1885.0,1869
2023-05-11 09:02:48,UR2311,UR311,1885.0,0.0,0.0,0.0,50,1884.0,1887.0,4,1908.0,1885.0,1885.0,1885.0,1.0,1885.0,1869
2023-05-11 09:02:52,UR2311,UR311,1885.0,0.0,0.0,0.0,48,1884.0,1887.0,4,1908.0,1885.0,1885.0,1885.0,1.0,1885.0,1869
2023-05-11 09:02:53,UR2311,UR311,1885.0,0.0,0.0,0.0,48,1884.0,1887.0,2,1908.0,1885.0,1885.0,1885.0,1.0,1885.0,1869
2023-05-11 09:02:53,UR2311,UR311,1885.0,0.0,0.0,0.0,48,1884.0,1887.0,4,1908.0,1885.0,1885.0,1885.0,1.0,1885.0,1869
2023-05-11 09:02:54,UR2311,UR311,1885.0,0.0,0.0,0.0,30,1884.0,1887.0,4,1908.0,1885.0,1885.0,1885.0,1.0,1885.0,1869
2023-05-11 09:02:55,UR2311,UR311,1885.0,0.0,0.0,0.0,30,1884.0,1887.0,1,1908.0,1885.0,1885.0,1885.0,1.0,1885.0,1869
2023-05-11 09:02:55,UR2311,UR311,1885.0,0.0,0.0,0.0,30,1884.0,1888.0,5,1908.0,1885.0,1885.0,1885.0,1.0,1885.0,1869
2023-05-11 09:02:56,UR2311,UR311,1885.0,0.0,0.0,0.0,1,1885.0,1888.0,5,1908.0,1885.0,1885.0,1885.0,1.0,1885.0,1869
2023-05-11 09:02:57,UR2311,UR311,1885.0,0.0,0.0,0.0,3,1885.0,1888.0,5,1908.0,1885.0,1885.0,1885.0,1.0,1885.0,1869
2023-05-11 09:02:57,UR2311,UR311,1885.0,0.0,0.0,0.0,7,1885.0,1888.0,4,1908.0,1885.0,1885.0,1885.0,1.0,1885.0,1869
2023-05-11 09:02:58,UR2311,UR311,1885.0,0.0,0.0,0.0,7,1885.0,1889.0,5,1908.0,1885.0,1885.0,1885.0,1.0,1885.0,1869
2023-05-11 09:02:58,UR2311,UR311,1885.0,0.0,0.0,0.0,8,1885.0,1889.0,5,1908.0,1885.0,1885.0,1885.0,1.0,1885.0,1869
2023-05-11 09:02:59,UR2311,UR311,1885.0,0.0,0.0,0.0,6,1885.0,1888.0,2,1908.0,1885.0,1885.0,1885.0,1.0,1885.0,1869
2023-05-11 09:03:00,UR2311,UR311,1885.0,0.0,0.0,0.0,8,1885.0,1888.0,4,1908.0,1885.0,1885.0,1885.0,1.0,1885.0,1869
2023-05-11 09:03:01,UR2311,UR311,1885.0,0.0,0.0,0.0,11,1885.0,1888.0,4,1908.0,1885.0,1885.0,1885.0,1.0,1885.0,1869
2023-05-11 09:03:01,UR2311,UR311,1885.0,0.0,0.0,0.0,11,1885.0,1889.0,5,1908.0,1885.0,1885.0,1885.0,1.0,1885.0,1869
2023-05-11 09:03:02,UR2311,UR311,1885.0,0.0,0.0,0.0,11,1885.0,1888.0,1,1908.0,1885.0,1885.0,1885.0,1.0,1885.0,1869
2023-05-11 09:03:02,UR2311,UR311,1885.0,0.0,0.0,0.0,11,1885.0,1888.0,2,1908.0,1885.0,1885.0,1885.0,1.0,1885.0,1869
2023-05-11 09:03:03,UR2311,UR311,1885.0,0.0,0.0,0.0,11,1885.0,1888.0,4,1908.0,1885.0,1885.0,1885.0,1.0,1885.0,1869
2023-05-11 09:03:03,UR2311,UR311,1885.0,0.0,0.0,0.0,8,1885.0,1888.0,4,1908.0,1885.0,1885.0,1885.0,1.0,1885.0,1869
2023-05-11 09:03:04,UR2311,UR311,1885.0,0.0,0.0,0.0,5,1885.0,1888.0,4,1908.0,1885.0,1885.0,1885.0,1.0,1885.0,1869
2023-05-11 09:03:04,UR2311,UR311,1885.0,0.0,0.0,0.0,6,1885.0,1888.0,5,1908.0,1885.0,1885.0,1885.0,1.0,1885.0,1869
2023-05-11 09:03:11,UR2311,UR311,1885.0,0.0,0.0,0.0,6,1885.0,1888.0,4,1908.0,1885.0,1885.0,1885.0,1.0,1885.0,1869
2023-05-11 09:03:12,UR2311,UR311,1885.0,0.0,0.0,0.0,7,1885.0,1888.0,3,1908.0,1885.0,1885.0,1885.0,1.0,1885.0,1869
2023-05-11 09:03:12,UR2311,UR311,1885.0,0.0,0.0,0.0,7,1885.0,1889.0,5,1908.0,1885.0,1885.0,1885.0,1.0,1885.0,1869
2023-05-11 09:03:13,UR2311,UR311,1885.0,0.0,0.0,0.0,6,1885.0,1889.0,5,1908.0,1885.0,1885.0,1885.0,1.0,1885.0,1869
2023-05-11 09:03:15,UR2311,UR311,1885.0,0.0,0.0,0.0,7,1885.0,1889.0,5,1908.0,1885.0,1885.0,1885.0,1.0,1885.0,1869
2023-05-11 09:03:18,UR2311,UR311,1885.0,0.0,0.0,0.0,5,1885.0,1889.0,5,1908.0,1885.0,1885.0,1885.0,1.0,1885.0,1869
2023-05-11 09:03:19,UR2311,UR311,1889.0,1.0,1889.0,1.0,5,1885.0,1889.0,4,1908.0,1885.0,1889.0,1885.0,2.0,3774.0,1870
2023-05-11 09:03:20,UR2311,UR311,1889.0,0.0,0.0,0.0,3,1886.0,1889.0,4,1908.0,1885.0,1889.0,1885.0,2.0,3774.0,1870
2023-05-11 09:03:21,UR2311,UR311,1889.0,0.0,0.0,0.0,5,1885.0,1889.0,2,1908.0,1885.0,1889.0,1885.0,2.0,3774.0,1870
2023-05-11 09:03:22,UR2311,UR311,1889.0,0.0,0.0,0.0,13,1885.0,1889.0,2,1908.0,1885.0,1889.0,1885.0,2.0,3774.0,1870
2023-05-11 09:03:23,UR2311,UR311,1889.0,0.0,0.0,0.0,14,1885.0,1889.0,2,1908.0,1885.0,1889.0,1885.0,2.0,3774.0,1870
2023-05-11 09:03:26,UR2311,UR311,1889.0,0.0,0.0,0.0,1,1886.0,1889.0,2,1908.0,1885.0,1889.0,1885.0,2.0,3774.0,1870
2023-05-11 09:03:27,UR2311,UR311,1889.0,0.0,0.0,0.0,15,1885.0,1889.0,2,1908.0,1885.0,1889.0,1885.0,2.0,3774.0,1870
2023-05-11 09:03:29,UR2311,UR311,1889.0,0.0,0.0,0.0,1,1886.0,1889.0,2,1908.0,1885.0,1889.0,1885.0,2.0,3774.0,1870
2023-05-11 09:03:29,UR2311,UR311,1889.0,0.0,0.0,0.0,3,1886.0,1889.0,2,1908.0,1885.0,1889.0,1885.0,2.0,3774.0,1870
2023-05-11 09:03:30,UR2311,UR311,1889.0,0.0,0.0,0.0,4,1886.0,1889.0,2,1908.0,1885.0,1889.0,1885.0,2.0,3774.0,1870
2023-05-11 09:03:31,UR2311,UR311,1889.0,0.0,0.0,0.0,14,1885.0,1890.0,4,1908.0,1885.0,1889.0,1885.0,2.0,3774.0,1870
2023-05-11 09:03:31,UR2311,UR311,1889.0,0.0,0.0,0.0,13,1885.0,1889.0,2,1908.0,1885.0,1889.0,1885.0,2.0,3774.0,1870
2023-05-11 09:03:32,UR2311,UR311,1889.0,0.0,0.0,0.0,14,1885.0,1889.0,2,1908.0,1885.0,1889.0,1885.0,2.0,3774.0,1870
2023-05-11 09:03:34,UR2311,UR311,1889.0,0.0,0.0,0.0,15,1885.0,1889.0,2,1908.0,1885.0,1889.0,1885.0,2.0,3774.0,1870
2023-05-11 09:03:35,UR2311,UR311,1889.0,0.0,0.0,0.0,16,1885.0,1889.0,2,1908.0,1885.0,1889.0,1885.0,2.0,3774.0,1870
2023-05-11 09:03:37,UR2311,UR311,1889.0,0.0,0.0,0.0,26,1885.0,1889.0,2,1908.0,1885.0,1889.0,1885.0,2.0,3774.0,1870
2023-05-11 09:03:39,UR2311,UR311,1889.0,0.0,0.0,0.0,24,1885.0,1889.0,2,1908.0,1885.0,1889.0,1885.0,2.0,3774.0,1870
2023-05-11 09:03:40,UR2311,UR311,1889.0,0.0,0.0,0.0,21,1885.0,1889.0,4,1908.0,1885.0,1889.0,1885.0,2.0,3774.0,1870
2023-05-11 09:03:40,UR2311,UR311,1889.0,0.0,0.0,0.0,20,1885.0,1889.0,4,1908.0,1885.0,1889.0,1885.0,2.0,3774.0,1870
2023-05-11 09:03:41,UR2311,UR311,1889.0,0.0,0.0,0.0,20,1885.0,1888.0,1,1908.0,1885.0,1889.0,1885.0,2.0,3774.0,1870
2023-05-11 09:03:41,UR2311,UR311,1889.0,0.0,0.0,0.0,20,1885.0,1888.0,2,1908.0,1885.0,1889.0,1885.0,2.0,3774.0,1870
2023-05-11 09:03:45,UR2311,UR311,1889.0,0.0,0.0,0.0,29,1884.0,1887.0,1,1908.0,1885.0,1889.0,1885.0,2.0,3774.0,1870
2023-05-11 09:03:46,UR2311,UR311,1889.0,0.0,0.0,0.0,29,1884.0,1887.0,2,1908.0,1885.0,1889.0,1885.0,2.0,3774.0,1870
2023-05-11 09:03:46,UR2311,UR311,1889.0,0.0,0.0,0.0,29,1884.0,1887.0,4,1908.0,1885.0,1889.0,1885.0,2.0,3774.0,1870
2023-05-11 09:03:47,UR2311,UR311,1889.0,0.0,0.0,0.0,29,1884.0,1887.0,2,1908.0,1885.0,1889.0,1885.0,2.0,3774.0,1870
2023-05-11 09:03:48,UR2311,UR311,1889.0,0.0,0.0,0.0,29,1884.0,1887.0,4,1908.0,1885.0,1889.0,1885.0,2.0,3774.0,1870
2023-05-11 09:03:48,UR2311,UR311,1889.0,0.0,0.0,0.0,29,1884.0,1887.0,2,1908.0,1885.0,1889.0,1885.0,2.0,3774.0,1870
2023-05-11 09:03:49,UR2311,UR311,1889.0,0.0,0.0,0.0,30,1884.0,1887.0,2,1908.0,1885.0,1889.0,1885.0,2.0,3774.0,1870
2023-05-11 09:03:49,UR2311,UR311,1889.0,0.0,0.0,0.0,30,1884.0,1887.0,4,1908.0,1885.0,1889.0,1885.0,2.0,3774.0,1870
2023-05-11 09:03:52,UR2311,UR311,1889.0,0.0,0.0,0.0,17,1884.0,1887.0,4,1908.0,1885.0,1889.0,1885.0,2.0,3774.0,1870
2023-05-11 09:03:52,UR2311,UR311,1889.0,0.0,0.0,0.0,17,1883.0,1886.0,1,1908.0,1885.0,1889.0,1885.0,2.0,3774.0,1870
2023-05-11 09:03:53,UR2311,UR311,1889.0,0.0,0.0,0.0,17,1883.0,1886.0,3,1908.0,1885.0,1889.0,1885.0,2.0,3774.0,1870
2023-05-11 09:03:54,UR2311,UR311,1889.0,0.0,0.0,0.0,26,1882.0,1886.0,4,1908.0,1885.0,1889.0,1885.0,2.0,3774.0,1870
2023-05-11 09:03:54,UR2311,UR311,1889.0,0.0,0.0,0.0,26,1882.0,1885.0,4,1908.0,1885.0,1889.0,1885.0,2.0,3774.0,1870
2023-05-11 09:03:55,UR2311,UR311,1889.0,0.0,0.0,0.0,22,1882.0,1885.0,4,1908.0,1885.0,1889.0,1885.0,2.0,3774.0,1870
2023-05-11 09:03:55,UR2311,UR311,1889.0,0.0,0.0,0.0,22,1882.0,1885.0,3,1908.0,1885.0,1889.0,1885.0,2.0,3774.0,1870
2023-05-11 09:03:57,UR2311,UR311,1889.0,0.0,0.0,0.0,20,1882.0,1885.0,3,1908.0,1885.0,1889.0,1885.0,2.0,3774.0,1870
2023-05-11 09:03:57,UR2311,UR311,1889.0,0.0,0.0,0.0,20,1882.0,1885.0,4,1908.0,1885.0,1889.0,1885.0,2.0,3774.0,1870
2023-05-11 09:03:58,UR2311,UR311,1889.0,0.0,0.0,0.0,15,1882.0,1885.0,4,1908.0,1885.0,1889.0,1885.0,2.0,3774.0,1870
2023-05-11 09:03:58,UR2311,UR311,1889.0,0.0,0.0,0.0,13,1882.0,1885.0,4,1908.0,1885.0,1889.0,1885.0,2.0,3774.0,1870
2023-05-11 09:04:00,UR2311,UR311,1889.0,0.0,0.0,0.0,13,1882.0,1884.0,2,1908.0,1885.0,1889.0,1885.0,2.0,3774.0,1870
2023-05-11 09:04:00,UR2311,UR311,1889.0,0.0,0.0,0.0,12,1882.0,1884.0,3,1908.0,1885.0,1889.0,1885.0,2.0,3774.0,1870
2023-05-11 09:04:01,UR2311,UR311,1889.0,0.0,0.0,0.0,50,1881.0,1884.0,3,1908.0,1885.0,1889.0,1885.0,2.0,3774.0,1870
2023-05-11 09:04:02,UR2311,UR311,1889.0,0.0,0.0,0.0,4,1882.0,1884.0,1,1908.0,1885.0,1889.0,1885.0,2.0,3774.0,1870
2023-05-11 09:04:02,UR2311,UR311,1889.0,0.0,0.0,0.0,4,1882.0,1885.0,3,1908.0,1885.0,1889.0,1885.0,2.0,3774.0,1870
2023-05-11 09:04:03,UR2311,UR311,1889.0,0.0,0.0,0.0,5,1882.0,1885.0,4,1908.0,1885.0,1889.0,1885.0,2.0,3774.0,1870
2023-05-11 09:04:03,UR2311,UR311,1889.0,0.0,0.0,0.0,5,1882.0,1884.0,3,1908.0,1885.0,1889.0,1885.0,2.0,3774.0,1870
2023-05-11 09:04:04,UR2311,UR311,1889.0,0.0,0.0,0.0,7,1882.0,1884.0,3,1908.0,1885.0,1889.0,1885.0,2.0,3774.0,1870
2023-05-11 09:04:05,UR2311,UR311,1889.0,0.0,0.0,0.0,8,1883.0,1884.0,1,1908.0,1885.0,1889.0,1885.0,2.0,3774.0,1870
2023-05-11 09:04:06,UR2311,UR311,1889.0,0.0,0.0,0.0,8,1883.0,1885.0,2,1908.0,1885.0,1889.0,1885.0,2.0,3774.0,1870
2023-05-11 09:04:06,UR2311,UR311,1889.0,0.0,0.0,0.0,8,1883.0,1886.0,3,1908.0,1885.0,1889.0,1885.0,2.0,3774.0,1870
2023-05-11 09:04:08,UR2311,UR311,1889.0,0.0,0.0,0.0,4,1884.0,1886.0,3,1908.0,1885.0,1889.0,1885.0,2.0,3774.0,1870
2023-05-11 09:04:09,UR2311,UR311,1889.0,0.0,0.0,0.0,12,1883.0,1886.0,3,1908.0,1885.0,1889.0,1885.0,2.0,3774.0,1870
2023-05-11 09:04:10,UR2311,UR311,1889.0,0.0,0.0,0.0,7,1884.0,1886.0,3,1908.0,1885.0,1889.0,1885.0,2.0,3774.0,1870
2023-05-11 09:04:10,UR2311,UR311,1889.0,0.0,0.0,0.0,12,1883.0,1886.0,3,1908.0,1885.0,1889.0,1885.0,2.0,3774.0,1870
2023-05-11 09:04:11,UR2311,UR311,1889.0,0.0,0.0,0.0,11,1883.0,1886.0,4,1908.0,1885.0,1889.0,1885.0,2.0,3774.0,1870
2023-05-11 09:04:11,UR2311,UR311,1889.0,0.0,0.0,0.0,11,1883.0,1885.0,2,1908.0,1885.0,1889.0,1885.0,2.0,3774.0,1870
2023-05-11 09:04:12,UR2311,UR311,1889.0,0.0,0.0,0.0,11,1883.0,1885.0,3,1908.0,1885.0,1889.0,1885.0,2.0,3774.0,1870
2023-05-11 09:04:13,UR2311,UR311,1889.0,0.0,0.0,0.0,7,1882.0,1885.0,4,1908.0,1885.0,1889.0,1885.0,2.0,3774.0,1870
2023-05-11 09:04:14,UR2311,UR311,1889.0,0.0,0.0,0.0,5,1882.0,1884.0,2,1908.0,1885.0,1889.0,1885.0,2.0,3774.0,1870
2023-05-11 09:04:15,UR2311,UR311,1889.0,0.0,0.0,0.0,6,1882.0,1885.0,4,1908.0,1885.0,1889.0,1885.0,2.0,3774.0,1870
2023-05-11 09:04:18,UR2311,UR311,1889.0,0.0,0.0,0.0,6,1882.0,1885.0,3,1908.0,1885.0,1889.0,1885.0,2.0,3774.0,1870
2023-05-11 09:04:18,UR2311,UR311,1889.0,0.0,0.0,0.0,6,1882.0,1885.0,2,1908.0,1885.0,1889.0,1885.0,2.0,3774.0,1870
2023-05-11 09:04:18,UR2311,UR311,1889.0,0.0,0.0,0.0,50,1884.0,1885.0,2,1908.0,1885.0,1889.0,1885.0,2.0,3774.0,1870
2023-05-11 09:04:21,UR2311,UR311,1889.0,0.0,0.0,0.0,50,1884.0,1886.0,3,1908.0,1885.0,1889.0,1885.0,2.0,3774.0,1870
2023-05-11 09:04:23,UR2311,UR311,1889.0,0.0,0.0,0.0,50,1884.0,1886.0,4,1908.0,1885.0,1889.0,1885.0,2.0,3774.0,1870
2023-05-11 09:04:23,UR2311,UR311,1889.0,0.0,0.0,0.0,50,1884.0,1886.0,3,1908.0,1885.0,1889.0,1885.0,2.0,3774.0,1870
2023-05-11 09:04:24,UR2311,UR311,1889.0,0.0,0.0,0.0,50,1884.0,1886.0,4,1908.0,1885.0,1889.0,1885.0,2.0,3774.0,1870
2023-05-11 09:04:24,UR2311,UR311,1889.0,0.0,0.0,0.0,50,1884.0,1886.0,3,1908.0,1885.0,1889.0,1885.0,2.0,3774.0,1870
2023-05-11 09:04:26,UR2311,UR311,1889.0,0.0,0.0,0.0,47,1884.0,1886.0,4,1908.0,1885.0,1889.0,1885.0,2.0,3774.0,1870
2023-05-11 09:04:27,UR2311,UR311,1889.0,0.0,0.0,0.0,46,1884.0,1886.0,4,1908.0,1885.0,1889.0,1885.0,2.0,3774.0,1870
2023-05-11 09:04:27,UR2311,UR311,1889.0,0.0,0.0,0.0,45,1884.0,1886.0,4,1908.0,1885.0,1889.0,1885.0,2.0,3774.0,1870
2023-05-11 09:04:28,UR2311,UR311,1889.0,0.0,0.0,0.0,44,1884.0,1886.0,4,1908.0,1885.0,1889.0,1885.0,2.0,3774.0,1870
2023-05-11 09:04:29,UR2311,UR311,1889.0,0.0,0.0,0.0,40,1884.0,1886.0,4,1908.0,1885.0,1889.0,1885.0,2.0,3774.0,1870
2023-05-11 09:04:30,UR2311,UR311,1889.0,0.0,0.0,0.0,35,1884.0,1886.0,4,1908.0,1885.0,1889.0,1885.0,2.0,3774.0,1870
2023-05-11 09:04:30,UR2311,UR311,1889.0,0.0,0.0,0.0,34,1884.0,1886.0,4,1908.0,1885.0,1889.0,1885.0,2.0,3774.0,1870
2023-05-11 09:04:31,UR2311,UR311,1889.0,0.0,0.0,0.0,5,1883.0,1885.0,3,1908.0,1885.0,1889.0,1885.0,2.0,3774.0,1870
2023-05-11 09:04:31,UR2311,UR311,1889.0,0.0,0.0,0.0,5,1882.0,1885.0,4,1908.0,1885.0,1889.0,1885.0,2.0,3774.0,1870
2023-05-11 09:04:31,UR2311,UR311,1889.0,0.0,0.0,0.0,5,1882.0,1884.0,2,1908.0,1885.0,1889.0,1885.0,2.0,3774.0,1870
2023-05-11 09:04:32,UR2311,UR311,1889.0,0.0,0.0,0.0,4,1883.0,1884.0,2,1908.0,1885.0,1889.0,1885.0,2.0,3774.0,1870
2023-05-11 09:04:33,UR2311,UR311,1889.0,0.0,0.0,0.0,4,1883.0,1884.0,3,1908.0,1885.0,1889.0,1885.0,2.0,3774.0,1870
2023-05-11 09:04:35,UR2311,UR311,1889.0,0.0,0.0,0.0,4,1883.0,1885.0,3,1908.0,1885.0,1889.0,1885.0,2.0,3774.0,1870
2023-05-11 09:04:37,UR2311,UR311,1889.0,0.0,0.0,0.0,5,1883.0,1885.0,3,1908.0,1885.0,1889.0,1885.0,2.0,3774.0,1870
2023-05-11 09:04:40,UR2311,UR311,1889.0,0.0,0.0,0.0,38,1883.0,1885.0,3,1908.0,1885.0,1889.0,1885.0,2.0,3774.0,1870
2023-05-11 09:04:41,UR2311,UR311,1889.0,0.0,0.0,0.0,1,1884.0,1885.0,3,1908.0,1885.0,1889.0,1885.0,2.0,3774.0,1870
2023-05-11 09:04:41,UR2311,UR311,1889.0,0.0,0.0,0.0,50,1884.0,1885.0,3,1908.0,1885.0,1889.0,1885.0,2.0,3774.0,1870
2023-05-11 09:04:44,UR2311,UR311,1889.0,0.0,0.0,0.0,50,1884.0,1885.0,4,1908.0,1885.0,1889.0,1885.0,2.0,3774.0,1870
2023-05-11 09:04:44,UR2311,UR311,1884.0,4.0,7536.0,4.0,46,1884.0,1885.0,2,1908.0,1885.0,1889.0,1884.0,6.0,11310.0,1874
2023-05-11 09:04:45,UR2311,UR311,1884.0,0.0,0.0,0.0,47,1884.0,1885.0,2,1908.0,1885.0,1889.0,1884.0,6.0,11310.0,1874
2023-05-11 09:04:46,UR2311,UR311,1884.0,0.0,0.0,0.0,36,1884.0,1885.0,2,1908.0,1885.0,1889.0,1884.0,6.0,11310.0,1874
2023-05-11 09:04:46,UR2311,UR311,1884.0,0.0,0.0,0.0,35,1884.0,1885.0,1,1908.0,1885.0,1889.0,1884.0,6.0,11310.0,1874
2023-05-11 09:04:46,UR2311,UR311,1884.0,0.0,0.0,0.0,35,1884.0,1886.0,2,1908.0,1885.0,1889.0,1884.0,6.0,11310.0,1874
2023-05-11 09:04:49,UR2311,UR311,1884.0,0.0,0.0,0.0,34,1884.0,1885.0,2,1908.0,1885.0,1889.0,1884.0,6.0,11310.0,1874
2023-05-11 09:04:49,UR2311,UR311,1884.0,0.0,0.0,0.0,33,1884.0,1885.0,2,1908.0,1885.0,1889.0,1884.0,6.0,11310.0,1874
2023-05-11 09:04:49,UR2311,UR311,1884.0,0.0,0.0,0.0,32,1884.0,1885.0,2,1908.0,1885.0,1889.0,1884.0,6.0,11310.0,1874
2023-05-11 09:04:50,UR2311,UR311,1884.0,0.0,0.0,0.0,29,1884.0,1885.0,2,1908.0,1885.0,1889.0,1884.0,6.0,11310.0,1874
2023-05-11 09:04:52,UR2311,UR311,1884.0,0.0,0.0,0.0,28,1884.0,1885.0,2,1908.0,1885.0,1889.0,1884.0,6.0,11310.0,1874
2023-05-11 09:04:52,UR2311,UR311,1884.0,0.0,0.0,0.0,29,1884.0,1885.0,2,1908.0,1885.0,1889.0,1884.0,6.0,11310.0,1874
2023-05-11 09:04:54,UR2311,UR311,1884.0,0.0,0.0,0.0,30,1884.0,1885.0,2,1908.0,1885.0,1889.0,1884.0,6.0,11310.0,1874
2023-05-11 09:04:58,UR2311,UR311,1884.0,0.0,0.0,0.0,29,1884.0,1885.0,2,1908.0,1885.0,1889.0,1884.0,6.0,11310.0,1874
2023-05-11 09:04:59,UR2311,UR311,1884.0,0.0,0.0,0.0,28,1884.0,1885.0,2,1908.0,1885.0,1889.0,1884.0,6.0,11310.0,1874
2023-05-11 09:05:00,UR2311,UR311,1884.0,0.0,0.0,0.0,23,1884.0,1885.0,2,1908.0,1885.0,1889.0,1884.0,6.0,11310.0,1874
2023-05-11 09:05:00,UR2311,UR311,1884.0,0.0,0.0,0.0,4,1884.0,1885.0,2,1908.0,1885.0,1889.0,1884.0,6.0,11310.0,1874
2023-05-11 09:05:01,UR2311,UR311,1884.0,0.0,0.0,0.0,1,1884.0,1885.0,2,1908.0,1885.0,1889.0,1884.0,6.0,11310.0,1874
2023-05-11 09:05:01,UR2311,UR311,1884.0,0.0,0.0,0.0,46,1883.0,1885.0,2,1908.0,1885.0,1889.0,1884.0,6.0,11310.0,1874
2023-05-11 09:05:02,UR2311,UR311,1884.0,0.0,0.0,0.0,47,1883.0,1885.0,2,1908.0,1885.0,1889.0,1884.0,6.0,11310.0,1874
2023-05-11 09:05:03,UR2311,UR311,1884.0,0.0,0.0,0.0,47,1883.0,1884.0,2,1908.0,1885.0,1889.0,1884.0,6.0,11310.0,1874
2023-05-11 09:05:08,UR2311,UR311,1884.0,3.0,5655.0,1.0,2,1884.0,1885.0,2,1908.0,1885.0,1889.0,1884.0,9.0,16965.0,1875
2023-05-11 09:05:08,UR2311,UR311,1884.0,0.0,0.0,0.0,43,1883.0,1885.0,2,1908.0,1885.0,1889.0,1884.0,9.0,16965.0,1875
2023-05-11 09:05:09,UR2311,UR311,1884.0,0.0,0.0,0.0,44,1883.0,1885.0,2,1908.0,1885.0,1889.0,1884.0,9.0,16965.0,1875
2023-05-11 09:05:10,UR2311,UR311,1884.0,0.0,0.0,0.0,3,1884.0,1885.0,2,1908.0,1885.0,1889.0,1884.0,9.0,16965.0,1875
2023-05-11 09:05:10,UR2311,UR311,1884.0,0.0,0.0,0.0,4,1884.0,1885.0,1,1908.0,1885.0,1889.0,1884.0,9.0,16965.0,1875
2023-05-11 09:05:11,UR2311,UR311,1885.0,1.0,1885.0,0.0,4,1885.0,1886.0,1,1908.0,1885.0,1889.0,1884.0,10.0,18850.0,1875
2023-05-11 09:05:12,UR2311,UR311,1885.0,0.0,0.0,0.0,1,1885.0,1886.0,1,1908.0,1885.0,1889.0,1884.0,10.0,18850.0,1875
2023-05-11 09:05:16,UR2311,UR311,1885.0,0.0,0.0,0.0,4,1885.0,1886.0,1,1908.0,1885.0,1889.0,1884.0,10.0,18850.0,1875
2023-05-11 09:05:17,UR2311,UR311,1885.0,0.0,0.0,0.0,5,1885.0,1886.0,1,1908.0,1885.0,1889.0,1884.0,10.0,18850.0,1875
2023-05-11 09:05:17,UR2311,UR311,1885.0,0.0,0.0,0.0,5,1885.0,1887.0,6,1908.0,1885.0,1889.0,1884.0,10.0,18850.0,1875
2023-05-11 09:05:17,UR2311,UR311,1885.0,0.0,0.0,0.0,5,1885.0,1887.0,1,1908.0,1885.0,1889.0,1884.0,10.0,18850.0,1875
2023-05-11 09:05:18,UR2311,UR311,1885.0,0.0,0.0,0.0,4,1885.0,1887.0,1,1908.0,1885.0,1889.0,1884.0,10.0,18850.0,1875
2023-05-11 09:05:19,UR2311,UR311,1885.0,0.0,0.0,0.0,3,1885.0,1887.0,1,1908.0,1885.0,1889.0,1884.0,10.0,18850.0,1875
2023-05-11 09:05:19,UR2311,UR311,1885.0,0.0,0.0,0.0,2,1885.0,1887.0,1,1908.0,1885.0,1889.0,1884.0,10.0,18850.0,1875
2023-05-11 09:05:20,UR2311,UR311,1885.0,0.0,0.0,0.0,5,1885.0,1887.0,1,1908.0,1885.0,1889.0,1884.0,10.0,18850.0,1875
2023-05-11 09:05:21,UR2311,UR311,1885.0,0.0,0.0,0.0,4,1885.0,1887.0,1,1908.0,1885.0,1889.0,1884.0,10.0,18850.0,1875
2023-05-11 09:05:21,UR2311,UR311,1885.0,0.0,0.0,0.0,9,1885.0,1887.0,1,1908.0,1885.0,1889.0,1884.0,10.0,18850.0,1875
2023-05-11 09:05:23,UR2311,UR311,1885.0,0.0,0.0,0.0,10,1885.0,1887.0,1,1908.0,1885.0,1889.0,1884.0,10.0,18850.0,1875
2023-05-11 09:05:24,UR2311,UR311,1885.0,0.0,0.0,0.0,12,1885.0,1887.0,1,1908.0,1885.0,1889.0,1884.0,10.0,18850.0,1875
2023-05-11 09:05:25,UR2311,UR311,1885.0,0.0,0.0,0.0,12,1885.0,1886.0,1,1908.0,1885.0,1889.0,1884.0,10.0,18850.0,1875
2023-05-11 09:05:25,UR2311,UR311,1885.0,0.0,0.0,0.0,9,1885.0,1886.0,1,1908.0,1885.0,1889.0,1884.0,10.0,18850.0,1875
2023-05-11 09:05:28,UR2311,UR311,1885.0,0.0,0.0,0.0,10,1885.0,1886.0,1,1908.0,1885.0,1889.0,1884.0,10.0,18850.0,1875
2023-05-11 09:05:29,UR2311,UR311,1885.0,0.0,0.0,0.0,9,1885.0,1886.0,1,1908.0,1885.0,1889.0,1884.0,10.0,18850.0,1875
2023-05-11 09:05:30,UR2311,UR311,1885.0,0.0,0.0,0.0,7,1885.0,1886.0,1,1908.0,1885.0,1889.0,1884.0,10.0,18850.0,1875
2023-05-11 09:05:30,UR2311,UR311,1885.0,0.0,0.0,0.0,1,1885.0,1886.0,1,1908.0,1885.0,1889.0,1884.0,10.0,18850.0,1875
2023-05-11 09:05:31,UR2311,UR311,1885.0,0.0,0.0,0.0,42,1884.0,1886.0,1,1908.0,1885.0,1889.0,1884.0,10.0,18850.0,1875
2023-05-11 09:05:31,UR2311,UR311,1885.0,0.0,0.0,0.0,43,1884.0,1885.0,1,1908.0,1885.0,1889.0,1884.0,10.0,18850.0,1875
2023-05-11 09:05:33,UR2311,UR311,1885.0,0.0,0.0,0.0,32,1884.0,1885.0,1,1908.0,1885.0,1889.0,1884.0,10.0,18850.0,1875
2023-05-11 09:05:34,UR2311,UR311,1884.0,1.0,1885.0,0.0,1,1884.0,1886.0,17,1908.0,1885.0,1889.0,1884.0,11.0,20735.0,1875
2023-05-11 09:05:34,UR2311,UR311,1884.0,0.0,0.0,0.0,41,1883.0,1886.0,17,1908.0,1885.0,1889.0,1884.0,11.0,20735.0,1875
2023-05-11 09:05:35,UR2311,UR311,1884.0,0.0,0.0,0.0,42,1883.0,1885.0,3,1908.0,1885.0,1889.0,1884.0,11.0,20735.0,1875
2023-05-11 09:05:35,UR2311,UR311,1884.0,0.0,0.0,0.0,42,1883.0,1885.0,2,1908.0,1885.0,1889.0,1884.0,11.0,20735.0,1875
2023-05-11 09:05:36,UR2311,UR311,1884.0,0.0,0.0,0.0,42,1883.0,1886.0,1,1908.0,1885.0,1889.0,1884.0,11.0,20735.0,1875
2023-05-11 09:05:36,UR2311,UR311,1884.0,0.0,0.0,0.0,42,1883.0,1886.0,5,1908.0,1885.0,1889.0,1884.0,11.0,20735.0,1875
2023-05-11 09:05:37,UR2311,UR311,1884.0,0.0,0.0,0.0,42,1883.0,1885.0,1,1908.0,1885.0,1889.0,1884.0,11.0,20735.0,1875
2023-05-11 09:05:52,UR2311,UR311,1884.0,0.0,0.0,0.0,35,1883.0,1884.0,1,1908.0,1885.0,1889.0,1884.0,11.0,20735.0,1875
2023-05-11 09:05:52,UR2311,UR311,1884.0,0.0,0.0,0.0,1,1883.0,1884.0,5,1908.0,1885.0,1889.0,1884.0,11.0,20735.0,1875
2023-05-11 09:05:53,UR2311,UR311,1884.0,0.0,0.0,0.0,4,1882.0,1884.0,5,1908.0,1885.0,1889.0,1884.0,11.0,20735.0,1875
2023-05-11 09:05:53,UR2311,UR311,1884.0,0.0,0.0,0.0,5,1882.0,1883.0,1,1908.0,1885.0,1889.0,1884.0,11.0,20735.0,1875
2023-05-11 09:05:54,UR2311,UR311,1884.0,0.0,0.0,0.0,1,1882.0,1883.0,5,1908.0,1885.0,1889.0,1884.0,11.0,20735.0,1875
2023-05-11 09:05:57,UR2311,UR311,1882.0,1.0,1873.0,1.0,42,1881.0,1883.0,4,1908.0,1885.0,1889.0,1882.0,12.0,22608.0,1876
2023-05-11 09:05:57,UR2311,UR311,1882.0,0.0,0.0,0.0,41,1881.0,1883.0,12,1908.0,1885.0,1889.0,1882.0,12.0,22608.0,1876
2023-05-11 09:05:57,UR2311,UR311,1882.0,0.0,0.0,0.0,41,1881.0,1883.0,14,1908.0,1885.0,1889.0,1882.0,12.0,22608.0,1876
2023-05-11 09:05:59,UR2311,UR311,1882.0,0.0,0.0,0.0,41,1881.0,1882.0,2,1908.0,1885.0,1889.0,1882.0,12.0,22608.0,1876
2023-05-11 09:06:00,UR2311,UR311,1882.0,0.0,0.0,0.0,41,1881.0,1883.0,22,1908.0,1885.0,1889.0,1882.0,12.0,22608.0,1876
2023-05-11 09:06:00,UR2311,UR311,1882.0,0.0,0.0,0.0,41,1881.0,1883.0,20,1908.0,1885.0,1889.0,1882.0,12.0,22608.0,1876
2023-05-11 09:06:01,UR2311,UR311,1882.0,0.0,0.0,0.0,41,1881.0,1883.0,22,1908.0,1885.0,1889.0,1882.0,12.0,22608.0,1876
2023-05-11 09:06:01,UR2311,UR311,1882.0,0.0,0.0,0.0,41,1881.0,1883.0,21,1908.0,1885.0,1889.0,1882.0,12.0,22608.0,1876
2023-05-11 09:06:02,UR2311,UR311,1882.0,0.0,0.0,0.0,41,1881.0,1883.0,20,1908.0,1885.0,1889.0,1882.0,12.0,22608.0,1876
2023-05-11 09:06:03,UR2311,UR311,1882.0,0.0,0.0,0.0,41,1881.0,1883.0,14,1908.0,1885.0,1889.0,1882.0,12.0,22608.0,1876
2023-05-11 09:06:03,UR2311,UR311,1882.0,0.0,0.0,0.0,2,1882.0,1883.0,14,1908.0,1885.0,1889.0,1882.0,12.0,22608.0,1876
2023-05-11 09:06:04,UR2311,UR311,1882.0,0.0,0.0,0.0,41,1881.0,1883.0,4,1908.0,1885.0,1889.0,1882.0,12.0,22608.0,1876
2023-05-11 09:06:04,UR2311,UR311,1882.0,0.0,0.0,0.0,42,1881.0,1882.0,1,1908.0,1885.0,1889.0,1882.0,12.0,22608.0,1876
2023-05-11 09:06:06,UR2311,UR311,1882.0,1.0,1884.0,-1.0,1,1882.0,1883.0,14,1908.0,1885.0,1889.0,1882.0,13.0,24492.0,1875
2023-05-11 09:06:08,UR2311,UR311,1882.0,0.0,0.0,0.0,1,1882.0,1883.0,4,1908.0,1885.0,1889.0,1882.0,13.0,24492.0,1875
2023-05-11 09:06:09,UR2311,UR311,1882.0,0.0,0.0,0.0,11,1882.0,1883.0,4,1908.0,1885.0,1889.0,1882.0,13.0,24492.0,1875
2023-05-11 09:06:10,UR2311,UR311,1882.0,0.0,0.0,0.0,8,1882.0,1883.0,4,1908.0,1885.0,1889.0,1882.0,13.0,24492.0,1875
2023-05-11 09:06:10,UR2311,UR311,1882.0,0.0,0.0,0.0,1,1882.0,1883.0,4,1908.0,1885.0,1889.0,1882.0,13.0,24492.0,1875
2023-05-11 09:06:11,UR2311,UR311,1882.0,1.0,1884.0,0.0,42,1881.0,1883.0,4,1908.0,1885.0,1889.0,1882.0,14.0,26376.0,1875
2023-05-11 09:06:11,UR2311,UR311,1882.0,0.0,0.0,0.0,1,1882.0,1883.0,4,1908.0,1885.0,1889.0,1882.0,14.0,26376.0,1875
2023-05-11 09:06:12,UR2311,UR311,1882.0,0.0,0.0,0.0,42,1881.0,1883.0,4,1908.0,1885.0,1889.0,1882.0,14.0,26376.0,1875
2023-05-11 09:06:12,UR2311,UR311,1882.0,0.0,0.0,0.0,10,1882.0,1884.0,20,1908.0,1885.0,1889.0,1882.0,14.0,26376.0,1875
2023-05-11 09:06:13,UR2311,UR311,1882.0,0.0,0.0,0.0,9,1882.0,1884.0,16,1908.0,1885.0,1889.0,1882.0,14.0,26376.0,1875
2023-05-11 09:06:13,UR2311,UR311,1882.0,0.0,0.0,0.0,9,1882.0,1884.0,5,1908.0,1885.0,1889.0,1882.0,14.0,26376.0,1875
2023-05-11 09:06:14,UR2311,UR311,1882.0,0.0,0.0,0.0,9,1882.0,1885.0,20,1908.0,1885.0,1889.0,1882.0,14.0,26376.0,1875
2023-05-11 09:06:15,UR2311,UR311,1882.0,0.0,0.0,0.0,9,1882.0,1885.0,15,1908.0,1885.0,1889.0,1882.0,14.0,26376.0,1875
2023-05-11 09:06:15,UR2311,UR311,1882.0,0.0,0.0,0.0,9,1882.0,1884.0,2,1908.0,1885.0,1889.0,1882.0,14.0,26376.0,1875
2023-05-11 09:06:17,UR2311,UR311,1882.0,0.0,0.0,0.0,2,1883.0,1885.0,20,1908.0,1885.0,1889.0,1882.0,14.0,26376.0,1875
2023-05-11 09:06:17,UR2311,UR311,1882.0,0.0,0.0,0.0,2,1883.0,1885.0,2,1908.0,1885.0,1889.0,1882.0,14.0,26376.0,1875
2023-05-11 09:06:20,UR2311,UR311,1882.0,0.0,0.0,0.0,6,1883.0,1885.0,2,1908.0,1885.0,1889.0,1882.0,14.0,26376.0,1875
2023-05-11 09:06:21,UR2311,UR311,1882.0,0.0,0.0,0.0,5,1883.0,1885.0,2,1908.0,1885.0,1889.0,1882.0,14.0,26376.0,1875
2023-05-11 09:06:22,UR2311,UR311,1882.0,0.0,0.0,0.0,2,1883.0,1885.0,2,1908.0,1885.0,1889.0,1882.0,14.0,26376.0,1875
2023-05-11 09:06:24,UR2311,UR311,1882.0,0.0,0.0,0.0,3,1883.0,1885.0,2,1908.0,1885.0,1889.0,1882.0,14.0,26376.0,1875
2023-05-11 09:06:27,UR2311,UR311,1882.0,0.0,0.0,0.0,2,1883.0,1885.0,2,1908.0,1885.0,1889.0,1882.0,14.0,26376.0,1875
2023-05-11 09:06:33,UR2311,UR311,1882.0,0.0,0.0,0.0,6,1883.0,1885.0,2,1908.0,1885.0,1889.0,1882.0,14.0,26376.0,1875
2023-05-11 09:06:33,UR2311,UR311,1882.0,0.0,0.0,0.0,5,1883.0,1885.0,2,1908.0,1885.0,1889.0,1882.0,14.0,26376.0,1875
2023-05-11 09:06:34,UR2311,UR311,1882.0,0.0,0.0,0.0,5,1883.0,1886.0,20,1908.0,1885.0,1889.0,1882.0,14.0,26376.0,1875
2023-05-11 09:06:35,UR2311,UR311,1882.0,0.0,0.0,0.0,5,1883.0,1886.0,16,1908.0,1885.0,1889.0,1882.0,14.0,26376.0,1875
2023-05-11 09:06:35,UR2311,UR311,1882.0,0.0,0.0,0.0,5,1883.0,1886.0,5,1908.0,1885.0,1889.0,1882.0,14.0,26376.0,1875
2023-05-11 09:06:36,UR2311,UR311,1882.0,0.0,0.0,0.0,5,1883.0,1886.0,3,1908.0,1885.0,1889.0,1882.0,14.0,26376.0,1875
2023-05-11 09:06:37,UR2311,UR311,1882.0,0.0,0.0,0.0,1,1884.0,1886.0,5,1908.0,1885.0,1889.0,1882.0,14.0,26376.0,1875
2023-05-11 09:06:39,UR2311,UR311,1882.0,0.0,0.0,0.0,7,1883.0,1886.0,5,1908.0,1885.0,1889.0,1882.0,14.0,26376.0,1875
2023-05-11 09:06:40,UR2311,UR311,1882.0,0.0,0.0,0.0,6,1883.0,1884.0,1,1908.0,1885.0,1889.0,1882.0,14.0,26376.0,1875
2023-05-11 09:06:40,UR2311,UR311,1882.0,0.0,0.0,0.0,6,1883.0,1886.0,20,1908.0,1885.0,1889.0,1882.0,14.0,26376.0,1875
2023-05-11 09:06:42,UR2311,UR311,1882.0,0.0,0.0,0.0,3,1883.0,1885.0,2,1908.0,1885.0,1889.0,1882.0,14.0,26376.0,1875
2023-05-11 09:06:43,UR2311,UR311,1882.0,0.0,0.0,0.0,7,1883.0,1886.0,20,1908.0,1885.0,1889.0,1882.0,14.0,26376.0,1875
2023-05-11 09:06:43,UR2311,UR311,1882.0,0.0,0.0,0.0,7,1883.0,1886.0,5,1908.0,1885.0,1889.0,1882.0,14.0,26376.0,1875
2023-05-11 09:06:44,UR2311,UR311,1882.0,0.0,0.0,0.0,8,1883.0,1886.0,5,1908.0,1885.0,1889.0,1882.0,14.0,26376.0,1875
2023-05-11 09:06:46,UR2311,UR311,1882.0,0.0,0.0,0.0,8,1883.0,1886.0,3,1908.0,1885.0,1889.0,1882.0,14.0,26376.0,1875
2023-05-11 09:06:48,UR2311,UR311,1882.0,0.0,0.0,0.0,9,1883.0,1886.0,3,1908.0,1885.0,1889.0,1882.0,14.0,26376.0,1875
2023-05-11 09:06:49,UR2311,UR311,1882.0,0.0,0.0,0.0,10,1883.0,1886.0,3,1908.0,1885.0,1889.0,1882.0,14.0,26376.0,1875
2023-05-11 09:06:49,UR2311,UR311,1882.0,0.0,0.0,0.0,10,1883.0,1886.0,5,1908.0,1885.0,1889.0,1882.0,14.0,26376.0,1875
2023-05-11 09:06:50,UR2311,UR311,1882.0,0.0,0.0,0.0,11,1883.0,1886.0,5,1908.0,1885.0,1889.0,1882.0,14.0,26376.0,1875
2023-05-11 09:06:52,UR2311,UR311,1882.0,0.0,0.0,0.0,11,1883.0,1886.0,20,1908.0,1885.0,1889.0,1882.0,14.0,26376.0,1875
2023-05-11 09:06:53,UR2311,UR311,1882.0,0.0,0.0,0.0,11,1883.0,1885.0,2,1908.0,1885.0,1889.0,1882.0,14.0,26376.0,1875
2023-05-11 09:06:54,UR2311,UR311,1882.0,0.0,0.0,0.0,10,1883.0,1885.0,2,1908.0,1885.0,1889.0,1882.0,14.0,26376.0,1875
2023-05-11 09:06:57,UR2311,UR311,1882.0,0.0,0.0,0.0,6,1883.0,1885.0,2,1908.0,1885.0,1889.0,1882.0,14.0,26376.0,1875
2023-05-11 09:06:57,UR2311,UR311,1882.0,0.0,0.0,0.0,5,1883.0,1885.0,2,1908.0,1885.0,1889.0,1882.0,14.0,26376.0,1875
2023-05-11 09:06:58,UR2311,UR311,1882.0,0.0,0.0,0.0,4,1883.0,1885.0,2,1908.0,1885.0,1889.0,1882.0,14.0,26376.0,1875
2023-05-11 09:06:59,UR2311,UR311,1882.0,0.0,0.0,0.0,2,1883.0,1885.0,2,1908.0,1885.0,1889.0,1882.0,14.0,26376.0,1875
2023-05-11 09:07:01,UR2311,UR311,1882.0,0.0,0.0,0.0,2,1883.0,1885.0,4,1908.0,1885.0,1889.0,1882.0,14.0,26376.0,1875
2023-05-11 09:07:01,UR2311,UR311,1882.0,0.0,0.0,0.0,2,1883.0,1885.0,2,1908.0,1885.0,1889.0,1882.0,14.0,26376.0,1875
2023-05-11 09:07:02,UR2311,UR311,1882.0,0.0,0.0,0.0,2,1883.0,1885.0,4,1908.0,1885.0,1889.0,1882.0,14.0,26376.0,1875
2023-05-11 09:07:03,UR2311,UR311,1882.0,0.0,0.0,0.0,3,1883.0,1885.0,4,1908.0,1885.0,1889.0,1882.0,14.0,26376.0,1875
2023-05-11 09:07:03,UR2311,UR311,1882.0,0.0,0.0,0.0,2,1883.0,1885.0,4,1908.0,1885.0,1889.0,1882.0,14.0,26376.0,1875
2023-05-11 09:07:07,UR2311,UR311,1882.0,0.0,0.0,0.0,2,1883.0,1885.0,13,1908.0,1885.0,1889.0,1882.0,14.0,26376.0,1875
2023-05-11 09:07:07,UR2311,UR311,1882.0,0.0,0.0,0.0,2,1883.0,1885.0,17,1908.0,1885.0,1889.0,1882.0,14.0,26376.0,1875
2023-05-11 09:07:09,UR2311,UR311,1883.0,2.0,3768.0,0.0,1,1882.0,1884.0,2,1908.0,1885.0,1889.0,1882.0,16.0,30144.0,1875
2023-05-11 09:07:10,UR2311,UR311,1883.0,0.0,0.0,0.0,1,1882.0,1884.0,13,1908.0,1885.0,1889.0,1882.0,16.0,30144.0,1875
2023-05-11 09:07:10,UR2311,UR311,1883.0,0.0,0.0,0.0,1,1882.0,1884.0,19,1908.0,1885.0,1889.0,1882.0,16.0,30144.0,1875
2023-05-11 09:07:11,UR2311,UR311,1883.0,0.0,0.0,0.0,1,1882.0,1884.0,18,1908.0,1885.0,1889.0,1882.0,16.0,30144.0,1875
2023-05-11 09:07:12,UR2311,UR311,1883.0,0.0,0.0,0.0,1,1882.0,1884.0,19,1908.0,1885.0,1889.0,1882.0,16.0,30144.0,1875
2023-05-11 09:07:13,UR2311,UR311,1883.0,0.0,0.0,0.0,2,1882.0,1884.0,18,1908.0,1885.0,1889.0,1882.0,16.0,30144.0,1875
2023-05-11 09:07:14,UR2311,UR311,1883.0,0.0,0.0,0.0,1,1882.0,1884.0,15,1908.0,1885.0,1889.0,1882.0,16.0,30144.0,1875
2023-05-11 09:07:14,UR2311,UR311,1883.0,0.0,0.0,0.0,1,1882.0,1884.0,4,1908.0,1885.0,1889.0,1882.0,16.0,30144.0,1875
2023-05-11 09:07:15,UR2311,UR311,1883.0,0.0,0.0,0.0,1,1882.0,1884.0,18,1908.0,1885.0,1889.0,1882.0,16.0,30144.0,1875
2023-05-11 09:07:16,UR2311,UR311,1883.0,0.0,0.0,0.0,1,1882.0,1884.0,19,1908.0,1885.0,1889.0,1882.0,16.0,30144.0,1875
2023-05-11 09:07:16,UR2311,UR311,1883.0,0.0,0.0,0.0,1,1882.0,1884.0,20,1908.0,1885.0,1889.0,1882.0,16.0,30144.0,1875
2023-05-11 09:07:17,UR2311,UR311,1883.0,0.0,0.0,0.0,1,1882.0,1883.0,2,1908.0,1885.0,1889.0,1882.0,16.0,30144.0,1875
2023-05-11 09:07:19,UR2311,UR311,1883.0,0.0,0.0,0.0,1,1882.0,1884.0,20,1908.0,1885.0,1889.0,1882.0,16.0,30144.0,1875
2023-05-11 09:07:20,UR2311,UR311,1883.0,0.0,0.0,0.0,1,1882.0,1884.0,15,1908.0,1885.0,1889.0,1882.0,16.0,30144.0,1875
2023-05-11 09:07:20,UR2311,UR311,1883.0,0.0,0.0,0.0,5,1882.0,1884.0,4,1908.0,1885.0,1889.0,1882.0,16.0,30144.0,1875
2023-05-11 09:07:21,UR2311,UR311,1883.0,0.0,0.0,0.0,1,1882.0,1884.0,2,1908.0,1885.0,1889.0,1882.0,16.0,30144.0,1875
2023-05-11 09:07:22,UR2311,UR311,1883.0,0.0,0.0,0.0,1,1882.0,1884.0,4,1908.0,1885.0,1889.0,1882.0,16.0,30144.0,1875
2023-05-11 09:07:23,UR2311,UR311,1883.0,0.0,0.0,0.0,5,1882.0,1884.0,4,1908.0,1885.0,1889.0,1882.0,16.0,30144.0,1875
2023-05-11 09:07:25,UR2311,UR311,1883.0,0.0,0.0,0.0,1,1882.0,1884.0,4,1908.0,1885.0,1889.0,1882.0,16.0,30144.0,1875
2023-05-11 09:07:28,UR2311,UR311,1883.0,0.0,0.0,0.0,41,1881.0,1884.0,18,1908.0,1885.0,1889.0,1882.0,16.0,30144.0,1875
2023-05-11 09:07:29,UR2311,UR311,1883.0,0.0,0.0,0.0,41,1881.0,1883.0,2,1908.0,1885.0,1889.0,1882.0,16.0,30144.0,1875
2023-05-11 09:07:29,UR2311,UR311,1883.0,0.0,0.0,0.0,41,1881.0,1884.0,18,1908.0,1885.0,1889.0,1882.0,16.0,30144.0,1875
2023-05-11 09:07:30,UR2311,UR311,1883.0,0.0,0.0,0.0,41,1881.0,1884.0,19,1908.0,1885.0,1889.0,1882.0,16.0,30144.0,1875
2023-05-11 09:07:31,UR2311,UR311,1883.0,0.0,0.0,0.0,41,1881.0,1883.0,2,1908.0,1885.0,1889.0,1882.0,16.0,30144.0,1875
2023-05-11 09:07:36,UR2311,UR311,1883.0,0.0,0.0,0.0,41,1881.0,1884.0,19,1908.0,1885.0,1889.0,1882.0,16.0,30144.0,1875
2023-05-11 09:07:37,UR2311,UR311,1883.0,0.0,0.0,0.0,41,1881.0,1883.0,2,1908.0,1885.0,1889.0,1882.0,16.0,30144.0,1875
2023-05-11 09:07:47,UR2311,UR311,1883.0,0.0,0.0,0.0,37,1881.0,1884.0,19,1908.0,1885.0,1889.0,1882.0,16.0,30144.0,1875
2023-05-11 09:07:48,UR2311,UR311,1883.0,0.0,0.0,0.0,25,1882.0,1884.0,19,1908.0,1885.0,1889.0,1882.0,16.0,30144.0,1875
2023-05-11 09:07:48,UR2311,UR311,1883.0,0.0,0.0,0.0,25,1882.0,1884.0,18,1908.0,1885.0,1889.0,1882.0,16.0,30144.0,1875
2023-05-11 09:07:49,UR2311,UR311,1883.0,0.0,0.0,0.0,25,1882.0,1884.0,19,1908.0,1885.0,1889.0,1882.0,16.0,30144.0,1875
2023-05-11 09:07:50,UR2311,UR311,1883.0,0.0,0.0,0.0,25,1882.0,1883.0,3,1908.0,1885.0,1889.0,1882.0,16.0,30144.0,1875
2023-05-11 09:07:54,UR2311,UR311,1883.0,0.0,0.0,0.0,25,1882.0,1884.0,18,1908.0,1885.0,1889.0,1882.0,16.0,30144.0,1875
2023-05-11 09:07:55,UR2311,UR311,1883.0,0.0,0.0,0.0,25,1882.0,1884.0,7,1908.0,1885.0,1889.0,1882.0,16.0,30144.0,1875
2023-05-11 09:07:58,UR2311,UR311,1883.0,0.0,0.0,0.0,1,1883.0,1884.0,7,1908.0,1885.0,1889.0,1882.0,16.0,30144.0,1875
2023-05-11 09:08:02,UR2311,UR311,1883.0,0.0,0.0,0.0,25,1882.0,1884.0,7,1908.0,1885.0,1889.0,1882.0,16.0,30144.0,1875
2023-05-11 09:08:06,UR2311,UR311,1883.0,0.0,0.0,0.0,5,1883.0,1884.0,3,1908.0,1885.0,1889.0,1882.0,16.0,30144.0,1875
2023-05-11 09:08:06,UR2311,UR311,1883.0,0.0,0.0,0.0,9,1883.0,1885.0,16,1908.0,1885.0,1889.0,1882.0,16.0,30144.0,1875
2023-05-11 09:08:07,UR2311,UR311,1883.0,0.0,0.0,0.0,9,1883.0,1885.0,5,1908.0,1885.0,1889.0,1882.0,16.0,30144.0,1875
2023-05-11 09:08:11,UR2311,UR311,1883.0,0.0,0.0,0.0,8,1883.0,1885.0,5,1908.0,1885.0,1889.0,1882.0,16.0,30144.0,1875
2023-05-11 09:08:13,UR2311,UR311,1883.0,0.0,0.0,0.0,13,1883.0,1885.0,5,1908.0,1885.0,1889.0,1882.0,16.0,30144.0,1875
2023-05-11 09:08:15,UR2311,UR311,1883.0,0.0,0.0,0.0,9,1883.0,1885.0,5,1908.0,1885.0,1889.0,1882.0,16.0,30144.0,1875
2023-05-11 09:08:15,UR2311,UR311,1883.0,0.0,0.0,0.0,16,1883.0,1885.0,5,1908.0,1885.0,1889.0,1882.0,16.0,30144.0,1875
2023-05-11 09:08:17,UR2311,UR311,1883.0,0.0,0.0,0.0,11,1883.0,1885.0,5,1908.0,1885.0,1889.0,1882.0,16.0,30144.0,1875
2023-05-11 09:08:19,UR2311,UR311,1883.0,0.0,0.0,0.0,12,1883.0,1885.0,5,1908.0,1885.0,1889.0,1882.0,16.0,30144.0,1875
2023-05-11 09:08:21,UR2311,UR311,1883.0,0.0,0.0,0.0,17,1883.0,1885.0,5,1908.0,1885.0,1889.0,1882.0,16.0,30144.0,1875
2023-05-11 09:08:23,UR2311,UR311,1883.0,0.0,0.0,0.0,1,1884.0,1885.0,5,1908.0,1885.0,1889.0,1882.0,16.0,30144.0,1875
2023-05-11 09:08:28,UR2311,UR311,1883.0,0.0,0.0,0.0,1,1884.0,1885.0,1,1908.0,1885.0,1889.0,1882.0,16.0,30144.0,1875
2023-05-11 09:08:31,UR2311,UR311,1883.0,0.0,0.0,0.0,1,1884.0,1886.0,19,1908.0,1885.0,1889.0,1882.0,16.0,30144.0,1875
2023-05-11 09:08:33,UR2311,UR311,1883.0,0.0,0.0,0.0,1,1884.0,1885.0,1,1908.0,1885.0,1889.0,1882.0,16.0,30144.0,1875
2023-05-11 09:08:34,UR2311,UR311,1883.0,0.0,0.0,0.0,1,1884.0,1886.0,19,1908.0,1885.0,1889.0,1882.0,16.0,30144.0,1875
2023-05-11 09:08:41,UR2311,UR311,1883.0,0.0,0.0,0.0,1,1884.0,1885.0,1,1908.0,1885.0,1889.0,1882.0,16.0,30144.0,1875
2023-05-11 09:08:43,UR2311,UR311,1883.0,0.0,0.0,0.0,1,1884.0,1886.0,20,1908.0,1885.0,1889.0,1882.0,16.0,30144.0,1875
2023-05-11 09:08:44,UR2311,UR311,1883.0,0.0,0.0,0.0,1,1884.0,1885.0,1,1908.0,1885.0,1889.0,1882.0,16.0,30144.0,1875
2023-05-11 09:08:45,UR2311,UR311,1883.0,0.0,0.0,0.0,1,1884.0,1886.0,20,1908.0,1885.0,1889.0,1882.0,16.0,30144.0,1875
2023-05-11 09:08:45,UR2311,UR311,1883.0,0.0,0.0,0.0,1,1884.0,1885.0,1,1908.0,1885.0,1889.0,1882.0,16.0,30144.0,1875
2023-05-11 09:08:46,UR2311,UR311,1883.0,0.0,0.0,0.0,1,1884.0,1886.0,19,1908.0,1885.0,1889.0,1882.0,16.0,30144.0,1875
2023-05-11 09:08:48,UR2311,UR311,1883.0,0.0,0.0,0.0,1,1884.0,1885.0,1,1908.0,1885.0,1889.0,1882.0,16.0,30144.0,1875
2023-05-11 09:08:49,UR2311,UR311,1883.0,0.0,0.0,0.0,1,1883.0,1885.0,1,1908.0,1885.0,1889.0,1882.0,16.0,30144.0,1875
2023-05-11 09:08:51,UR2311,UR311,1883.0,0.0,0.0,0.0,1,1883.0,1885.0,16,1908.0,1885.0,1889.0,1882.0,16.0,30144.0,1875
2023-05-11 09:08:52,UR2311,UR311,1883.0,0.0,0.0,0.0,1,1883.0,1884.0,1,1908.0,1885.0,1889.0,1882.0,16.0,30144.0,1875
2023-05-11 09:08:53,UR2311,UR311,1883.0,0.0,0.0,0.0,1,1883.0,1885.0,19,1908.0,1885.0,1889.0,1882.0,16.0,30144.0,1875
2023-05-11 09:08:54,UR2311,UR311,1883.0,0.0,0.0,0.0,1,1883.0,1884.0,1,1908.0,1885.0,1889.0,1882.0,16.0,30144.0,1875
2023-05-11 09:08:55,UR2311,UR311,1883.0,0.0,0.0,0.0,1,1883.0,1885.0,19,1908.0,1885.0,1889.0,1882.0,16.0,30144.0,1875
2023-05-11 09:08:58,UR2311,UR311,1883.0,0.0,0.0,0.0,1,1883.0,1884.0,1,1908.0,1885.0,1889.0,1882.0,16.0,30144.0,1875
2023-05-11 09:08:58,UR2311,UR311,1883.0,0.0,0.0,0.0,1,1882.0,1884.0,19,1908.0,1885.0,1889.0,1882.0,16.0,30144.0,1875
2023-05-11 09:08:59,UR2311,UR311,1883.0,0.0,0.0,0.0,1,1882.0,1884.0,20,1908.0,1885.0,1889.0,1882.0,16.0,30144.0,1875
2023-05-11 09:09:00,UR2311,UR311,1883.0,0.0,0.0,0.0,1,1882.0,1884.0,19,1908.0,1885.0,1889.0,1882.0,16.0,30144.0,1875
2023-05-11 09:09:01,UR2311,UR311,1883.0,0.0,0.0,0.0,1,1882.0,1884.0,20,1908.0,1885.0,1889.0,1882.0,16.0,30144.0,1875
2023-05-11 09:09:02,UR2311,UR311,1883.0,0.0,0.0,0.0,1,1882.0,1883.0,2,1908.0,1885.0,1889.0,1882.0,16.0,30144.0,1875
2023-05-11 09:09:02,UR2311,UR311,1883.0,0.0,0.0,0.0,1,1881.0,1883.0,24,1908.0,1885.0,1889.0,1882.0,16.0,30144.0,1875
2023-05-11 09:09:03,UR2311,UR311,1883.0,0.0,0.0,0.0,1,1881.0,1882.0,13,1908.0,1885.0,1889.0,1882.0,16.0,30144.0,1875
2023-05-11 09:09:03,UR2311,UR311,1883.0,0.0,0.0,0.0,1,1881.0,1882.0,18,1908.0,1885.0,1889.0,1882.0,16.0,30144.0,1875
2023-05-11 09:09:04,UR2311,UR311,1883.0,0.0,0.0,0.0,1,1881.0,1882.0,4,1908.0,1885.0,1889.0,1882.0,16.0,30144.0,1875
2023-05-11 09:09:04,UR2311,UR311,1883.0,0.0,0.0,0.0,1,1881.0,1882.0,2,1908.0,1885.0,1889.0,1882.0,16.0,30144.0,1875
2023-05-11 09:09:06,UR2311,UR311,1883.0,0.0,0.0,0.0,1,1881.0,1883.0,20,1908.0,1885.0,1889.0,1882.0,16.0,30144.0,1875
2023-05-11 09:09:07,UR2311,UR311,1883.0,0.0,0.0,0.0,1,1881.0,1883.0,19,1908.0,1885.0,1889.0,1882.0,16.0,30144.0,1875
2023-05-11 09:09:07,UR2311,UR311,1883.0,0.0,0.0,0.0,1,1881.0,1883.0,16,1908.0,1885.0,1889.0,1882.0,16.0,30144.0,1875
2023-05-11 09:09:08,UR2311,UR311,1883.0,0.0,0.0,0.0,1,1881.0,1883.0,5,1908.0,1885.0,1889.0,1882.0,16.0,30144.0,1875
2023-05-11 09:09:08,UR2311,UR311,1883.0,0.0,0.0,0.0,1,1882.0,1883.0,7,1908.0,1885.0,1889.0,1882.0,16.0,30144.0,1875
2023-05-11 09:09:09,UR2311,UR311,1883.0,0.0,0.0,0.0,1,1882.0,1883.0,17,1908.0,1885.0,1889.0,1882.0,16.0,30144.0,1875
2023-05-11 09:09:09,UR2311,UR311,1883.0,0.0,0.0,0.0,1,1882.0,1883.0,5,1908.0,1885.0,1889.0,1882.0,16.0,30144.0,1875
2023-05-11 09:09:10,UR2311,UR311,1883.0,0.0,0.0,0.0,1,1882.0,1883.0,3,1908.0,1885.0,1889.0,1882.0,16.0,30144.0,1875
2023-05-11 09:09:10,UR2311,UR311,1883.0,0.0,0.0,0.0,1,1881.0,1883.0,3,1908.0,1885.0,1889.0,1882.0,16.0,30144.0,1875
2023-05-11 09:09:11,UR2311,UR311,1883.0,0.0,0.0,0.0,1,1881.0,1883.0,20,1908.0,1885.0,1889.0,1882.0,16.0,30144.0,1875
2023-05-11 09:09:12,UR2311,UR311,1883.0,0.0,0.0,0.0,1,1881.0,1883.0,7,1908.0,1885.0,1889.0,1882.0,16.0,30144.0,1875
2023-05-11 09:09:12,UR2311,UR311,1883.0,0.0,0.0,0.0,1,1881.0,1883.0,3,1908.0,1885.0,1889.0,1882.0,16.0,30144.0,1875
2023-05-11 09:09:15,UR2311,UR311,1883.0,0.0,0.0,0.0,1,1881.0,1883.0,5,1908.0,1885.0,1889.0,1882.0,16.0,30144.0,1875
2023-05-11 09:09:16,UR2311,UR311,1883.0,0.0,0.0,0.0,1,1882.0,1884.0,19,1908.0,1885.0,1889.0,1882.0,16.0,30144.0,1875
2023-05-11 09:09:17,UR2311,UR311,1883.0,0.0,0.0,0.0,1,1882.0,1884.0,1,1908.0,1885.0,1889.0,1882.0,16.0,30144.0,1875
2023-05-11 09:09:17,UR2311,UR311,1883.0,0.0,0.0,0.0,1,1882.0,1884.0,3,1908.0,1885.0,1889.0,1882.0,16.0,30144.0,1875
2023-05-11 09:09:19,UR2311,UR311,1883.0,0.0,0.0,0.0,1,1882.0,1885.0,20,1908.0,1885.0,1889.0,1882.0,16.0,30144.0,1875
2023-05-11 09:09:21,UR2311,UR311,1883.0,0.0,0.0,0.0,1,1882.0,1884.0,13,1908.0,1885.0,1889.0,1882.0,16.0,30144.0,1875
2023-05-11 09:09:21,UR2311,UR311,1883.0,0.0,0.0,0.0,1,1882.0,1884.0,19,1908.0,1885.0,1889.0,1882.0,16.0,30144.0,1875
2023-05-11 09:09:22,UR2311,UR311,1883.0,0.0,0.0,0.0,1,1882.0,1884.0,18,1908.0,1885.0,1889.0,1882.0,16.0,30144.0,1875
2023-05-11 09:09:22,UR2311,UR311,1883.0,0.0,0.0,0.0,1,1882.0,1885.0,19,1908.0,1885.0,1889.0,1882.0,16.0,30144.0,1875
2023-05-11 09:09:23,UR2311,UR311,1883.0,0.0,0.0,0.0,1,1882.0,1885.0,20,1908.0,1885.0,1889.0,1882.0,16.0,30144.0,1875
2023-05-11 09:09:26,UR2311,UR311,1883.0,0.0,0.0,0.0,1,1882.0,1885.0,25,1908.0,1885.0,1889.0,1882.0,16.0,30144.0,1875
2023-05-11 09:09:26,UR2311,UR311,1883.0,0.0,0.0,0.0,1,1882.0,1884.0,19,1908.0,1885.0,1889.0,1882.0,16.0,30144.0,1875
2023-05-11 09:09:27,UR2311,UR311,1883.0,0.0,0.0,0.0,1,1882.0,1884.0,20,1908.0,1885.0,1889.0,1882.0,16.0,30144.0,1875
2023-05-11 09:09:30,UR2311,UR311,1883.0,0.0,0.0,0.0,1,1881.0,1884.0,19,1908.0,1885.0,1889.0,1882.0,16.0,30144.0,1875
2023-05-11 09:09:31,UR2311,UR311,1883.0,0.0,0.0,0.0,1,1882.0,1884.0,20,1908.0,1885.0,1889.0,1882.0,16.0,30144.0,1875
2023-05-11 09:09:34,UR2311,UR311,1883.0,0.0,0.0,0.0,1,1881.0,1884.0,20,1908.0,1885.0,1889.0,1882.0,16.0,30144.0,1875
2023-05-11 09:09:35,UR2311,UR311,1883.0,0.0,0.0,0.0,1,1881.0,1884.0,19,1908.0,1885.0,1889.0,1882.0,16.0,30144.0,1875
2023-05-11 09:09:35,UR2311,UR311,1883.0,0.0,0.0,0.0,1,1881.0,1884.0,25,1908.0,1885.0,1889.0,1882.0,16.0,30144.0,1875
2023-05-11 09:09:36,UR2311,UR311,1883.0,0.0,0.0,0.0,1,1881.0,1883.0,19,1908.0,1885.0,1889.0,1882.0,16.0,30144.0,1875
2023-05-11 09:09:36,UR2311,UR311,1883.0,0.0,0.0,0.0,1,1881.0,1883.0,20,1908.0,1885.0,1889.0,1882.0,16.0,30144.0,1875
2023-05-11 09:09:38,UR2311,UR311,1883.0,0.0,0.0,0.0,1,1881.0,1882.0,1,1908.0,1885.0,1889.0,1882.0,16.0,30144.0,1875
2023-05-11 09:09:39,UR2311,UR311,1883.0,0.0,0.0,0.0,1,1881.0,1883.0,20,1908.0,1885.0,1889.0,1882.0,16.0,30144.0,1875
2023-05-11 09:09:40,UR2311,UR311,1883.0,0.0,0.0,0.0,1,1881.0,1883.0,19,1908.0,1885.0,1889.0,1882.0,16.0,30144.0,1875
2023-05-11 09:09:41,UR2311,UR311,1883.0,0.0,0.0,0.0,1,1881.0,1883.0,20,1908.0,1885.0,1889.0,1882.0,16.0,30144.0,1875
2023-05-11 09:09:43,UR2311,UR311,1883.0,0.0,0.0,0.0,1,1881.0,1883.0,13,1908.0,1885.0,1889.0,1882.0,16.0,30144.0,1875
2023-05-11 09:09:43,UR2311,UR311,1883.0,0.0,0.0,0.0,1,1881.0,1883.0,2,1908.0,1885.0,1889.0,1882.0,16.0,30144.0,1875
2023-05-11 09:09:44,UR2311,UR311,1883.0,0.0,0.0,0.0,1,1881.0,1883.0,19,1908.0,1885.0,1889.0,1882.0,16.0,30144.0,1875
2023-05-11 09:09:47,UR2311,UR311,1883.0,0.0,0.0,0.0,1,1881.0,1882.0,2,1908.0,1885.0,1889.0,1882.0,16.0,30144.0,1875
2023-05-11 09:09:48,UR2311,UR311,1883.0,0.0,0.0,0.0,1,1881.0,1882.0,3,1908.0,1885.0,1889.0,1882.0,16.0,30144.0,1875
2023-05-11 09:09:49,UR2311,UR311,1883.0,0.0,0.0,0.0,1,1881.0,1882.0,5,1908.0,1885.0,1889.0,1882.0,16.0,30144.0,1875
2023-05-11 09:09:51,UR2311,UR311,1883.0,0.0,0.0,0.0,1,1881.0,1882.0,3,1908.0,1885.0,1889.0,1882.0,16.0,30144.0,1875
2023-05-11 09:09:52,UR2311,UR311,1883.0,0.0,0.0,0.0,1,1881.0,1882.0,5,1908.0,1885.0,1889.0,1882.0,16.0,30144.0,1875
2023-05-11 09:09:52,UR2311,UR311,1883.0,0.0,0.0,0.0,1,1881.0,1882.0,7,1908.0,1885.0,1889.0,1882.0,16.0,30144.0,1875
2023-05-11 09:09:53,UR2311,UR311,1883.0,0.0,0.0,0.0,1,1880.0,1882.0,7,1908.0,1885.0,1889.0,1882.0,16.0,30144.0,1875
2023-05-11 09:09:54,UR2311,UR311,1883.0,0.0,0.0,0.0,1,1880.0,1882.0,5,1908.0,1885.0,1889.0,1882.0,16.0,30144.0,1875
2023-05-11 09:10:00,UR2311,UR311,1883.0,0.0,0.0,0.0,1,1880.0,1882.0,3,1908.0,1885.0,1889.0,1882.0,16.0,30144.0,1875
2023-05-11 09:10:01,UR2311,UR311,1883.0,0.0,0.0,0.0,1,1881.0,1882.0,3,1908.0,1885.0,1889.0,1882.0,16.0,30144.0,1875
2023-05-11 09:10:02,UR2311,UR311,1883.0,0.0,0.0,0.0,1,1880.0,1882.0,3,1908.0,1885.0,1889.0,1882.0,16.0,30144.0,1875
2023-05-11 09:10:03,UR2311,UR311,1883.0,0.0,0.0,0.0,1,1880.0,1882.0,5,1908.0,1885.0,1889.0,1882.0,16.0,30144.0,1875
2023-05-11 09:10:03,UR2311,UR311,1883.0,0.0,0.0,0.0,1,1881.0,1883.0,20,1908.0,1885.0,1889.0,1882.0,16.0,30144.0,1875
2023-05-11 09:10:04,UR2311,UR311,1883.0,0.0,0.0,0.0,1,1881.0,1883.0,1,1908.0,1885.0,1889.0,1882.0,16.0,30144.0,1875
2023-05-11 09:10:04,UR2311,UR311,1883.0,0.0,0.0,0.0,1,1881.0,1883.0,2,1908.0,1885.0,1889.0,1882.0,16.0,30144.0,1875
2023-05-11 09:10:05,UR2311,UR311,1883.0,0.0,0.0,0.0,1,1881.0,1883.0,6,1908.0,1885.0,1889.0,1882.0,16.0,30144.0,1875
2023-05-11 09:10:06,UR2311,UR311,1883.0,0.0,0.0,0.0,1,1881.0,1883.0,4,1908.0,1885.0,1889.0,1882.0,16.0,30144.0,1875
2023-05-11 09:10:07,UR2311,UR311,1883.0,0.0,0.0,0.0,1,1881.0,1883.0,6,1908.0,1885.0,1889.0,1882.0,16.0,30144.0,1875
2023-05-11 09:10:07,UR2311,UR311,1883.0,0.0,0.0,0.0,1,1881.0,1883.0,4,1908.0,1885.0,1889.0,1882.0,16.0,30144.0,1875
2023-05-11 09:10:08,UR2311,UR311,1883.0,0.0,0.0,0.0,1,1881.0,1883.0,20,1908.0,1885.0,1889.0,1882.0,16.0,30144.0,1875
2023-05-11 09:10:08,UR2311,UR311,1883.0,0.0,0.0,0.0,1,1880.0,1882.0,2,1908.0,1885.0,1889.0,1882.0,16.0,30144.0,1875
2023-05-11 09:10:10,UR2311,UR311,1883.0,0.0,0.0,0.0,1,1880.0,1882.0,4,1908.0,1885.0,1889.0,1882.0,16.0,30144.0,1875
2023-05-11 09:10:11,UR2311,UR311,1883.0,0.0,0.0,0.0,1,1880.0,1882.0,2,1908.0,1885.0,1889.0,1882.0,16.0,30144.0,1875
2023-05-11 09:10:12,UR2311,UR311,1883.0,0.0,0.0,0.0,1,1880.0,1882.0,19,1908.0,1885.0,1889.0,1882.0,16.0,30144.0,1875
2023-05-11 09:10:12,UR2311,UR311,1883.0,0.0,0.0,0.0,1,1880.0,1881.0,1,1908.0,1885.0,1889.0,1882.0,16.0,30144.0,1875
2023-05-11 09:10:13,UR2311,UR311,1883.0,0.0,0.0,0.0,1,1880.0,1882.0,20,1908.0,1885.0,1889.0,1882.0,16.0,30144.0,1875
2023-05-11 09:10:14,UR2311,UR311,1883.0,0.0,0.0,0.0,1,1880.0,1881.0,1,1908.0,1885.0,1889.0,1882.0,16.0,30144.0,1875
2023-05-11 09:10:19,UR2311,UR311,1883.0,0.0,0.0,0.0,1,1880.0,1882.0,20,1908.0,1885.0,1889.0,1882.0,16.0,30144.0,1875
2023-05-11 09:10:20,UR2311,UR311,1883.0,0.0,0.0,0.0,1,1880.0,1881.0,1,1908.0,1885.0,1889.0,1882.0,16.0,30144.0,1875
2023-05-11 09:10:24,UR2311,UR311,1883.0,0.0,0.0,0.0,1,1879.0,1881.0,3,1908.0,1885.0,1889.0,1882.0,16.0,30144.0,1875
2023-05-11 09:10:25,UR2311,UR311,1883.0,0.0,0.0,0.0,1,1880.0,1881.0,3,1908.0,1885.0,1889.0,1882.0,16.0,30144.0,1875
2023-05-11 09:10:25,UR2311,UR311,1883.0,0.0,0.0,0.0,1,1879.0,1881.0,5,1908.0,1885.0,1889.0,1882.0,16.0,30144.0,1875
2023-05-11 09:10:25,UR2311,UR311,1883.0,0.0,0.0,0.0,1,1880.0,1881.0,3,1908.0,1885.0,1889.0,1882.0,16.0,30144.0,1875
2023-05-11 09:10:26,UR2311,UR311,1883.0,0.0,0.0,0.0,1,1879.0,1881.0,3,1908.0,1885.0,1889.0,1882.0,16.0,30144.0,1875
2023-05-11 09:10:27,UR2311,UR311,1883.0,0.0,0.0,0.0,1,1879.0,1882.0,20,1908.0,1885.0,1889.0,1882.0,16.0,30144.0,1875
2023-05-11 09:10:27,UR2311,UR311,1883.0,0.0,0.0,0.0,1,1879.0,1881.0,1,1908.0,1885.0,1889.0,1882.0,16.0,30144.0,1875
2023-05-11 09:10:28,UR2311,UR311,1883.0,0.0,0.0,0.0,1,1880.0,1881.0,5,1908.0,1885.0,1889.0,1882.0,16.0,30144.0,1875
2023-05-11 09:10:28,UR2311,UR311,1883.0,0.0,0.0,0.0,1,1879.0,1881.0,5,1908.0,1885.0,1889.0,1882.0,16.0,30144.0,1875
2023-05-11 09:10:29,UR2311,UR311,1883.0,0.0,0.0,0.0,1,1880.0,1882.0,19,1908.0,1885.0,1889.0,1882.0,16.0,30144.0,1875
2023-05-11 09:10:29,UR2311,UR311,1883.0,0.0,0.0,0.0,1,1880.0,1882.0,18,1908.0,1885.0,1889.0,1882.0,16.0,30144.0,1875
2023-05-11 09:10:30,UR2311,UR311,1883.0,0.0,0.0,0.0,1,1880.0,1881.0,1,1908.0,1885.0,1889.0,1882.0,16.0,30144.0,1875
2023-05-11 09:10:31,UR2311,UR311,1883.0,0.0,0.0,0.0,1,1879.0,1881.0,1,1908.0,1885.0,1889.0,1882.0,16.0,30144.0,1875
2023-05-11 09:10:32,UR2311,UR311,1883.0,0.0,0.0,0.0,1,1879.0,1881.0,3,1908.0,1885.0,1889.0,1882.0,16.0,30144.0,1875
2023-05-11 09:10:32,UR2311,UR311,1883.0,0.0,0.0,0.0,1,1879.0,1881.0,5,1908.0,1885.0,1889.0,1882.0,16.0,30144.0,1875
2023-05-11 09:10:33,UR2311,UR311,1883.0,0.0,0.0,0.0,1,1879.0,1881.0,19,1908.0,1885.0,1889.0,1882.0,16.0,30144.0,1875
2023-05-11 09:10:35,UR2311,UR311,1883.0,0.0,0.0,0.0,1,1877.0,1879.0,1,1908.0,1885.0,1889.0,1882.0,16.0,30144.0,1875
2023-05-11 09:10:35,UR2311,UR311,1883.0,0.0,0.0,0.0,1,1876.0,1878.0,2,1908.0,1885.0,1889.0,1882.0,16.0,30144.0,1875
2023-05-11 09:10:36,UR2311,UR311,1883.0,0.0,0.0,0.0,1,1876.0,1878.0,15,1908.0,1885.0,1889.0,1882.0,16.0,30144.0,1875
2023-05-11 09:10:36,UR2311,UR311,1883.0,0.0,0.0,0.0,1,1877.0,1878.0,4,1908.0,1885.0,1889.0,1882.0,16.0,30144.0,1875
2023-05-11 09:10:37,UR2311,UR311,1883.0,0.0,0.0,0.0,1,1876.0,1878.0,8,1908.0,1885.0,1889.0,1882.0,16.0,30144.0,1875
2023-05-11 09:10:37,UR2311,UR311,1883.0,0.0,0.0,0.0,1,1877.0,1878.0,8,1908.0,1885.0,1889.0,1882.0,16.0,30144.0,1875
2023-05-11 09:10:38,UR2311,UR311,1883.0,0.0,0.0,0.0,1,1877.0,1879.0,19,1908.0,1885.0,1889.0,1882.0,16.0,30144.0,1875
2023-05-11 09:10:38,UR2311,UR311,1883.0,0.0,0.0,0.0,3,1876.0,1878.0,2,1908.0,1885.0,1889.0,1882.0,16.0,30144.0,1875
2023-05-11 09:10:39,UR2311,UR311,1883.0,0.0,0.0,0.0,7,1876.0,1878.0,2,1908.0,1885.0,1889.0,1882.0,16.0,30144.0,1875
2023-05-11 09:10:39,UR2311,UR311,1883.0,0.0,0.0,0.0,3,1877.0,1879.0,19,1908.0,1885.0,1889.0,1882.0,16.0,30144.0,1875
2023-05-11 09:10:40,UR2311,UR311,1883.0,0.0,0.0,0.0,3,1877.0,1879.0,18,1908.0,1885.0,1889.0,1882.0,16.0,30144.0,1875
2023-05-11 09:10:40,UR2311,UR311,1883.0,0.0,0.0,0.0,2,1877.0,1879.0,18,1908.0,1885.0,1889.0,1882.0,16.0,30144.0,1875
2023-05-11 09:10:41,UR2311,UR311,1883.0,0.0,0.0,0.0,25,1876.0,1879.0,19,1908.0,1885.0,1889.0,1882.0,16.0,30144.0,1875
2023-05-11 09:10:41,UR2311,UR311,1883.0,0.0,0.0,0.0,25,1876.0,1879.0,20,1908.0,1885.0,1889.0,1882.0,16.0,30144.0,1875
2023-05-11 09:10:43,UR2311,UR311,1883.0,0.0,0.0,0.0,5,1877.0,1879.0,20,1908.0,1885.0,1889.0,1882.0,16.0,30144.0,1875
2023-05-11 09:10:43,UR2311,UR311,1883.0,0.0,0.0,0.0,3,1877.0,1879.0,20,1908.0,1885.0,1889.0,1882.0,16.0,30144.0,1875
2023-05-11 09:10:44,UR2311,UR311,1883.0,0.0,0.0,0.0,25,1876.0,1878.0,18,1908.0,1885.0,1889.0,1882.0,16.0,30144.0,1875
2023-05-11 09:10:45,UR2311,UR311,1883.0,0.0,0.0,0.0,25,1876.0,1878.0,8,1908.0,1885.0,1889.0,1882.0,16.0,30144.0,1875
2023-05-11 09:10:46,UR2311,UR311,1883.0,0.0,0.0,0.0,25,1876.0,1878.0,11,1908.0,1885.0,1889.0,1882.0,16.0,30144.0,1875
2023-05-11 09:10:47,UR2311,UR311,1883.0,0.0,0.0,0.0,25,1876.0,1878.0,12,1908.0,1885.0,1889.0,1882.0,16.0,30144.0,1875
2023-05-11 09:10:49,UR2311,UR311,1883.0,0.0,0.0,0.0,7,1875.0,1878.0,11,1908.0,1885.0,1889.0,1882.0,16.0,30144.0,1875
2023-05-11 09:10:49,UR2311,UR311,1883.0,0.0,0.0,0.0,1,1876.0,1878.0,19,1908.0,1885.0,1889.0,1882.0,16.0,30144.0,1875
2023-05-11 09:10:50,UR2311,UR311,1883.0,0.0,0.0,0.0,9,1876.0,1878.0,9,1908.0,1885.0,1889.0,1882.0,16.0,30144.0,1875
2023-05-11 09:10:50,UR2311,UR311,1883.0,0.0,0.0,0.0,7,1875.0,1878.0,16,1908.0,1885.0,1889.0,1882.0,16.0,30144.0,1875
2023-05-11 09:10:51,UR2311,UR311,1883.0,0.0,0.0,0.0,7,1875.0,1877.0,20,1908.0,1885.0,1889.0,1882.0,16.0,30144.0,1875
2023-05-11 09:10:52,UR2311,UR311,1877.0,1.0,1884.0,1.0,7,1875.0,1877.0,2,1908.0,1885.0,1889.0,1877.0,17.0,32028.0,1876
2023-05-11 09:10:52,UR2311,UR311,1877.0,0.0,0.0,0.0,5,1876.0,1878.0,19,1908.0,1885.0,1889.0,1877.0,17.0,32028.0,1876
2023-05-11 09:10:53,UR2311,UR311,1877.0,0.0,0.0,0.0,5,1876.0,1878.0,2,1908.0,1885.0,1889.0,1877.0,17.0,32028.0,1876
2023-05-11 09:10:53,UR2311,UR311,1877.0,0.0,0.0,0.0,5,1876.0,1878.0,4,1908.0,1885.0,1889.0,1877.0,17.0,32028.0,1876
2023-05-11 09:10:54,UR2311,UR311,1877.0,0.0,0.0,0.0,5,1877.0,1878.0,4,1908.0,1885.0,1889.0,1877.0,17.0,32028.0,1876
2023-05-11 09:10:54,UR2311,UR311,1877.0,0.0,0.0,0.0,5,1876.0,1878.0,4,1908.0,1885.0,1889.0,1877.0,17.0,32028.0,1876
2023-05-11 09:10:55,UR2311,UR311,1877.0,0.0,0.0,0.0,5,1876.0,1878.0,7,1908.0,1885.0,1889.0,1877.0,17.0,32028.0,1876
2023-05-11 09:10:56,UR2311,UR311,1877.0,0.0,0.0,0.0,5,1876.0,1878.0,4,1908.0,1885.0,1889.0,1877.0,17.0,32028.0,1876
2023-05-11 09:10:58,UR2311,UR311,1877.0,0.0,0.0,0.0,5,1876.0,1878.0,19,1908.0,1885.0,1889.0,1877.0,17.0,32028.0,1876
2023-05-11 09:10:59,UR2311,UR311,1877.0,0.0,0.0,0.0,3,1876.0,1878.0,19,1908.0,1885.0,1889.0,1877.0,17.0,32028.0,1876
2023-05-11 09:11:00,UR2311,UR311,1877.0,0.0,0.0,0.0,5,1877.0,1878.0,2,1908.0,1885.0,1889.0,1877.0,17.0,32028.0,1876
2023-05-11 09:11:00,UR2311,UR311,1877.0,0.0,0.0,0.0,6,1877.0,1878.0,2,1908.0,1885.0,1889.0,1877.0,17.0,32028.0,1876
2023-05-11 09:11:01,UR2311,UR311,1877.0,0.0,0.0,0.0,4,1877.0,1878.0,2,1908.0,1885.0,1889.0,1877.0,17.0,32028.0,1876
2023-05-11 09:11:02,UR2311,UR311,1877.0,0.0,0.0,0.0,3,1876.0,1878.0,2,1908.0,1885.0,1889.0,1877.0,17.0,32028.0,1876
2023-05-11 09:11:05,UR2311,UR311,1877.0,0.0,0.0,0.0,10,1877.0,1878.0,2,1908.0,1885.0,1889.0,1877.0,17.0,32028.0,1876
2023-05-11 09:11:06,UR2311,UR311,1877.0,0.0,0.0,0.0,10,1877.0,1879.0,19,1908.0,1885.0,1889.0,1877.0,17.0,32028.0,1876
2023-05-11 09:11:08,UR2311,UR311,1877.0,0.0,0.0,0.0,10,1877.0,1879.0,8,1908.0,1885.0,1889.0,1877.0,17.0,32028.0,1876
2023-05-11 09:11:11,UR2311,UR311,1877.0,0.0,0.0,0.0,10,1877.0,1879.0,11,1908.0,1885.0,1889.0,1877.0,17.0,32028.0,1876
2023-05-11 09:11:12,UR2311,UR311,1877.0,0.0,0.0,0.0,4,1877.0,1879.0,11,1908.0,1885.0,1889.0,1877.0,17.0,32028.0,1876
2023-05-11 09:11:13,UR2311,UR311,1877.0,0.0,0.0,0.0,4,1877.0,1879.0,24,1908.0,1885.0,1889.0,1877.0,17.0,32028.0,1876
2023-05-11 09:11:14,UR2311,UR311,1877.0,0.0,0.0,0.0,4,1877.0,1879.0,19,1908.0,1885.0,1889.0,1877.0,17.0,32028.0,1876
2023-05-11 09:11:18,UR2311,UR311,1877.0,0.0,0.0,0.0,4,1877.0,1878.0,1,1908.0,1885.0,1889.0,1877.0,17.0,32028.0,1876
2023-05-11 09:11:18,UR2311,UR311,1877.0,0.0,0.0,0.0,4,1877.0,1879.0,19,1908.0,1885.0,1889.0,1877.0,17.0,32028.0,1876
2023-05-11 09:11:18,UR2311,UR311,1877.0,0.0,0.0,0.0,4,1877.0,1879.0,18,1908.0,1885.0,1889.0,1877.0,17.0,32028.0,1876
2023-05-11 09:11:19,UR2311,UR311,1877.0,0.0,0.0,0.0,4,1877.0,1879.0,8,1908.0,1885.0,1889.0,1877.0,17.0,32028.0,1876
2023-05-11 09:11:21,UR2311,UR311,1877.0,0.0,0.0,0.0,3,1877.0,1879.0,8,1908.0,1885.0,1889.0,1877.0,17.0,32028.0,1876
2023-05-11 09:11:21,UR2311,UR311,1877.0,0.0,0.0,0.0,3,1877.0,1879.0,1,1908.0,1885.0,1889.0,1877.0,17.0,32028.0,1876
2023-05-11 09:11:22,UR2311,UR311,1877.0,0.0,0.0,0.0,3,1877.0,1879.0,6,1908.0,1885.0,1889.0,1877.0,17.0,32028.0,1876
2023-05-11 09:11:22,UR2311,UR311,1877.0,0.0,0.0,0.0,3,1877.0,1879.0,8,1908.0,1885.0,1889.0,1877.0,17.0,32028.0,1876
2023-05-11 09:11:25,UR2311,UR311,1877.0,0.0,0.0,0.0,6,1878.0,1879.0,1,1908.0,1885.0,1889.0,1877.0,17.0,32028.0,1876
2023-05-11 09:11:25,UR2311,UR311,1877.0,0.0,0.0,0.0,5,1878.0,1879.0,1,1908.0,1885.0,1889.0,1877.0,17.0,32028.0,1876
2023-05-11 09:11:26,UR2311,UR311,1877.0,0.0,0.0,0.0,2,1878.0,1879.0,1,1908.0,1885.0,1889.0,1877.0,17.0,32028.0,1876
2023-05-11 09:11:27,UR2311,UR311,1877.0,0.0,0.0,0.0,4,1878.0,1879.0,1,1908.0,1885.0,1889.0,1877.0,17.0,32028.0,1876
2023-05-11 09:11:28,UR2311,UR311,1877.0,0.0,0.0,0.0,2,1878.0,1879.0,1,1908.0,1885.0,1889.0,1877.0,17.0,32028.0,1876
2023-05-11 09:11:30,UR2311,UR311,1877.0,0.0,0.0,0.0,8,1877.0,1879.0,1,1908.0,1885.0,1889.0,1877.0,17.0,32028.0,1876
2023-05-11 09:11:31,UR2311,UR311,1877.0,0.0,0.0,0.0,1,1878.0,1879.0,1,1908.0,1885.0,1889.0,1877.0,17.0,32028.0,1876
2023-05-11 09:11:32,UR2311,UR311,1877.0,0.0,0.0,0.0,7,1878.0,1879.0,1,1908.0,1885.0,1889.0,1877.0,17.0,32028.0,1876
2023-05-11 09:11:34,UR2311,UR311,1877.0,0.0,0.0,0.0,6,1878.0,1879.0,1,1908.0,1885.0,1889.0,1877.0,17.0,32028.0,1876
2023-05-11 09:11:37,UR2311,UR311,1877.0,0.0,0.0,0.0,5,1878.0,1879.0,1,1908.0,1885.0,1889.0,1877.0,17.0,32028.0,1876
2023-05-11 09:11:37,UR2311,UR311,1877.0,0.0,0.0,0.0,1,1878.0,1879.0,1,1908.0,1885.0,1889.0,1877.0,17.0,32028.0,1876
2023-05-11 09:11:39,UR2311,UR311,1877.0,0.0,0.0,0.0,2,1878.0,1879.0,1,1908.0,1885.0,1889.0,1877.0,17.0,32028.0,1876
2023-05-11 09:11:45,UR2311,UR311,1877.0,0.0,0.0,0.0,1,1878.0,1879.0,1,1908.0,1885.0,1889.0,1877.0,17.0,32028.0,1876
2023-05-11 09:11:46,UR2311,UR311,1877.0,0.0,0.0,0.0,8,1877.0,1879.0,1,1908.0,1885.0,1889.0,1877.0,17.0,32028.0,1876
2023-05-11 09:11:49,UR2311,UR311,1877.0,0.0,0.0,0.0,8,1877.0,1880.0,9,1908.0,1885.0,1889.0,1877.0,17.0,32028.0,1876
2023-05-11 09:11:50,UR2311,UR311,1877.0,0.0,0.0,0.0,11,1878.0,1880.0,9,1908.0,1885.0,1889.0,1877.0,17.0,32028.0,1876
2023-05-11 09:11:50,UR2311,UR311,1877.0,0.0,0.0,0.0,5,1878.0,1880.0,9,1908.0,1885.0,1889.0,1877.0,17.0,32028.0,1876
2023-05-11 09:11:53,UR2311,UR311,1877.0,0.0,0.0,0.0,8,1877.0,1880.0,19,1908.0,1885.0,1889.0,1877.0,17.0,32028.0,1876
2023-05-11 09:11:54,UR2311,UR311,1877.0,0.0,0.0,0.0,8,1877.0,1879.0,3,1908.0,1885.0,1889.0,1877.0,17.0,32028.0,1876
2023-05-11 09:11:55,UR2311,UR311,1877.0,0.0,0.0,0.0,1,1878.0,1879.0,3,1908.0,1885.0,1889.0,1877.0,17.0,32028.0,1876
2023-05-11 09:11:55,UR2311,UR311,1877.0,0.0,0.0,0.0,1,1878.0,1880.0,20,1908.0,1885.0,1889.0,1877.0,17.0,32028.0,1876
2023-05-11 09:11:55,UR2311,UR311,1877.0,0.0,0.0,0.0,8,1877.0,1880.0,19,1908.0,1885.0,1889.0,1877.0,17.0,32028.0,1876
2023-05-11 09:11:56,UR2311,UR311,1877.0,0.0,0.0,0.0,20,1878.0,1880.0,19,1908.0,1885.0,1889.0,1877.0,17.0,32028.0,1876
2023-05-11 09:11:56,UR2311,UR311,1877.0,0.0,0.0,0.0,6,1878.0,1880.0,19,1908.0,1885.0,1889.0,1877.0,17.0,32028.0,1876
2023-05-11 09:11:57,UR2311,UR311,1877.0,0.0,0.0,0.0,8,1877.0,1879.0,3,1908.0,1885.0,1889.0,1877.0,17.0,32028.0,1876
2023-05-11 09:11:59,UR2311,UR311,1877.0,0.0,0.0,0.0,8,1877.0,1879.0,5,1908.0,1885.0,1889.0,1877.0,17.0,32028.0,1876
2023-05-11 09:12:00,UR2311,UR311,1877.0,0.0,0.0,0.0,15,1877.0,1879.0,15,1908.0,1885.0,1889.0,1877.0,17.0,32028.0,1876
2023-05-11 09:12:05,UR2311,UR311,1877.0,0.0,0.0,0.0,14,1877.0,1879.0,15,1908.0,1885.0,1889.0,1877.0,17.0,32028.0,1876
2023-05-11 09:12:06,UR2311,UR311,1877.0,0.0,0.0,0.0,15,1877.0,1879.0,15,1908.0,1885.0,1889.0,1877.0,17.0,32028.0,1876
2023-05-11 09:12:09,UR2311,UR311,1877.0,0.0,0.0,0.0,2,1878.0,1879.0,15,1908.0,1885.0,1889.0,1877.0,17.0,32028.0,1876
2023-05-11 09:12:10,UR2311,UR311,1877.0,0.0,0.0,0.0,14,1877.0,1879.0,15,1908.0,1885.0,1889.0,1877.0,17.0,32028.0,1876
2023-05-11 09:12:10,UR2311,UR311,1877.0,0.0,0.0,0.0,2,1878.0,1879.0,15,1908.0,1885.0,1889.0,1877.0,17.0,32028.0,1876
2023-05-11 09:12:10,UR2311,UR311,1877.0,0.0,0.0,0.0,14,1877.0,1879.0,15,1908.0,1885.0,1889.0,1877.0,17.0,32028.0,1876
2023-05-11 09:12:12,UR2311,UR311,1877.0,0.0,0.0,0.0,3,1878.0,1879.0,5,1908.0,1885.0,1889.0,1877.0,17.0,32028.0,1876
2023-05-11 09:12:12,UR2311,UR311,1877.0,0.0,0.0,0.0,3,1878.0,1880.0,20,1908.0,1885.0,1889.0,1877.0,17.0,32028.0,1876
2023-05-11 09:12:13,UR2311,UR311,1877.0,0.0,0.0,0.0,3,1878.0,1880.0,19,1908.0,1885.0,1889.0,1877.0,17.0,32028.0,1876
2023-05-11 09:12:13,UR2311,UR311,1877.0,0.0,0.0,0.0,4,1878.0,1880.0,19,1908.0,1885.0,1889.0,1877.0,17.0,32028.0,1876
2023-05-11 09:12:15,UR2311,UR311,1877.0,0.0,0.0,0.0,5,1878.0,1880.0,19,1908.0,1885.0,1889.0,1877.0,17.0,32028.0,1876
2023-05-11 09:12:19,UR2311,UR311,1877.0,0.0,0.0,0.0,5,1878.0,1880.0,16,1908.0,1885.0,1889.0,1877.0,17.0,32028.0,1876
2023-05-11 09:12:23,UR2311,UR311,1877.0,0.0,0.0,0.0,10,1878.0,1880.0,16,1908.0,1885.0,1889.0,1877.0,17.0,32028.0,1876
2023-05-11 09:12:24,UR2311,UR311,1877.0,0.0,0.0,0.0,13,1879.0,1881.0,11,1908.0,1885.0,1889.0,1877.0,17.0,32028.0,1876
2023-05-11 09:12:24,UR2311,UR311,1877.0,0.0,0.0,0.0,13,1879.0,1882.0,19,1908.0,1885.0,1889.0,1877.0,17.0,32028.0,1876
2023-05-11 09:12:25,UR2311,UR311,1877.0,0.0,0.0,0.0,13,1879.0,1881.0,1,1908.0,1885.0,1889.0,1877.0,17.0,32028.0,1876
2023-05-11 09:12:27,UR2311,UR311,1877.0,0.0,0.0,0.0,13,1879.0,1882.0,2,1908.0,1885.0,1889.0,1877.0,17.0,32028.0,1876
2023-05-11 09:12:27,UR2311,UR311,1877.0,0.0,0.0,0.0,9,1880.0,1883.0,19,1908.0,1885.0,1889.0,1877.0,17.0,32028.0,1876
2023-05-11 09:12:29,UR2311,UR311,1877.0,0.0,0.0,0.0,9,1880.0,1883.0,24,1908.0,1885.0,1889.0,1877.0,17.0,32028.0,1876
2023-05-11 09:12:29,UR2311,UR311,1877.0,0.0,0.0,0.0,9,1880.0,1882.0,2,1908.0,1885.0,1889.0,1877.0,17.0,32028.0,1876
2023-05-11 09:12:30,UR2311,UR311,1877.0,0.0,0.0,0.0,9,1880.0,1883.0,19,1908.0,1885.0,1889.0,1877.0,17.0,32028.0,1876
2023-05-11 09:12:32,UR2311,UR311,1877.0,0.0,0.0,0.0,9,1880.0,1883.0,24,1908.0,1885.0,1889.0,1877.0,17.0,32028.0,1876
2023-05-11 09:12:32,UR2311,UR311,1877.0,0.0,0.0,0.0,5,1880.0,1882.0,2,1908.0,1885.0,1889.0,1877.0,17.0,32028.0,1876
2023-05-11 09:12:33,UR2311,UR311,1877.0,0.0,0.0,0.0,5,1880.0,1883.0,19,1908.0,1885.0,1889.0,1877.0,17.0,32028.0,1876
2023-05-11 09:12:37,UR2311,UR311,1877.0,0.0,0.0,0.0,5,1880.0,1883.0,6,1908.0,1885.0,1889.0,1877.0,17.0,32028.0,1876
2023-05-11 09:12:38,UR2311,UR311,1877.0,0.0,0.0,0.0,5,1880.0,1883.0,16,1908.0,1885.0,1889.0,1877.0,17.0,32028.0,1876
2023-05-11 09:12:41,UR2311,UR311,1877.0,0.0,0.0,0.0,5,1880.0,1883.0,6,1908.0,1885.0,1889.0,1877.0,17.0,32028.0,1876
2023-05-11 09:12:42,UR2311,UR311,1877.0,0.0,0.0,0.0,1,1881.0,1883.0,6,1908.0,1885.0,1889.0,1877.0,17.0,32028.0,1876
2023-05-11 09:12:43,UR2311,UR311,1877.0,0.0,0.0,0.0,5,1880.0,1883.0,6,1908.0,1885.0,1889.0,1877.0,17.0,32028.0,1876
2023-05-11 09:12:49,UR2311,UR311,1877.0,0.0,0.0,0.0,5,1880.0,1883.0,16,1908.0,1885.0,1889.0,1877.0,17.0,32028.0,1876
2023-05-11 09:12:49,UR2311,UR311,1877.0,0.0,0.0,0.0,5,1880.0,1882.0,2,1908.0,1885.0,1889.0,1877.0,17.0,32028.0,1876
2023-05-11 09:12:50,UR2311,UR311,1877.0,0.0,0.0,0.0,5,1880.0,1881.0,1,1908.0,1885.0,1889.0,1877.0,17.0,32028.0,1876
2023-05-11 09:12:55,UR2311,UR311,1877.0,0.0,0.0,0.0,5,1880.0,1882.0,4,1908.0,1885.0,1889.0,1877.0,17.0,32028.0,1876
2023-05-11 09:12:56,UR2311,UR311,1877.0,0.0,0.0,0.0,5,1880.0,1883.0,19,1908.0,1885.0,1889.0,1877.0,17.0,32028.0,1876
2023-05-11 09:12:56,UR2311,UR311,1877.0,0.0,0.0,0.0,5,1880.0,1883.0,24,1908.0,1885.0,1889.0,1877.0,17.0,32028.0,1876
2023-05-11 09:12:57,UR2311,UR311,1877.0,0.0,0.0,0.0,5,1880.0,1882.0,4,1908.0,1885.0,1889.0,1877.0,17.0,32028.0,1876
2023-05-11 09:12:58,UR2311,UR311,1877.0,0.0,0.0,0.0,5,1880.0,1881.0,1,1908.0,1885.0,1889.0,1877.0,17.0,32028.0,1876
2023-05-11 09:13:00,UR2311,UR311,1877.0,0.0,0.0,0.0,5,1880.0,1882.0,4,1908.0,1885.0,1889.0,1877.0,17.0,32028.0,1876
2023-05-11 09:13:01,UR2311,UR311,1877.0,0.0,0.0,0.0,5,1880.0,1881.0,2,1908.0,1885.0,1889.0,1877.0,17.0,32028.0,1876
2023-05-11 09:13:01,UR2311,UR311,1881.0,2.0,3749.0,2.0,9,1881.0,1882.0,18,1908.0,1885.0,1889.0,1877.0,19.0,35777.0,1878
2023-05-11 09:13:01,UR2311,UR311,1881.0,0.0,0.0,0.0,3,1881.0,1882.0,4,1908.0,1885.0,1889.0,1877.0,19.0,35777.0,1878
2023-05-11 09:13:02,UR2311,UR311,1881.0,0.0,0.0,0.0,5,1880.0,1882.0,4,1908.0,1885.0,1889.0,1877.0,19.0,35777.0,1878
2023-05-11 09:13:02,UR2311,UR311,1881.0,0.0,0.0,0.0,5,1880.0,1882.0,5,1908.0,1885.0,1889.0,1877.0,19.0,35777.0,1878
2023-05-11 09:13:03,UR2311,UR311,1881.0,0.0,0.0,0.0,5,1880.0,1882.0,4,1908.0,1885.0,1889.0,1877.0,19.0,35777.0,1878
2023-05-11 09:13:06,UR2311,UR311,1881.0,0.0,0.0,0.0,5,1880.0,1882.0,2,1908.0,1885.0,1889.0,1877.0,19.0,35777.0,1878
2023-05-11 09:13:08,UR2311,UR311,1881.0,0.0,0.0,0.0,5,1880.0,1882.0,3,1908.0,1885.0,1889.0,1877.0,19.0,35777.0,1878
2023-05-11 09:13:08,UR2311,UR311,1881.0,0.0,0.0,0.0,5,1880.0,1882.0,2,1908.0,1885.0,1889.0,1877.0,19.0,35777.0,1878
2023-05-11 09:13:09,UR2311,UR311,1881.0,0.0,0.0,0.0,5,1880.0,1883.0,17,1908.0,1885.0,1889.0,1877.0,19.0,35777.0,1878
2023-05-11 09:13:10,UR2311,UR311,1881.0,0.0,0.0,0.0,5,1880.0,1883.0,19,1908.0,1885.0,1889.0,1877.0,19.0,35777.0,1878
2023-05-11 09:13:10,UR2311,UR311,1881.0,0.0,0.0,0.0,5,1880.0,1883.0,17,1908.0,1885.0,1889.0,1877.0,19.0,35777.0,1878
2023-05-11 09:13:11,UR2311,UR311,1881.0,0.0,0.0,0.0,4,1881.0,1883.0,5,1908.0,1885.0,1889.0,1877.0,19.0,35777.0,1878
2023-05-11 09:13:13,UR2311,UR311,1881.0,0.0,0.0,0.0,10,1881.0,1884.0,23,1908.0,1885.0,1889.0,1877.0,19.0,35777.0,1878
2023-05-11 09:13:13,UR2311,UR311,1881.0,0.0,0.0,0.0,5,1881.0,1883.0,16,1908.0,1885.0,1889.0,1877.0,19.0,35777.0,1878
2023-05-11 09:13:14,UR2311,UR311,1881.0,0.0,0.0,0.0,5,1881.0,1883.0,14,1908.0,1885.0,1889.0,1877.0,19.0,35777.0,1878
2023-05-11 09:13:15,UR2311,UR311,1881.0,0.0,0.0,0.0,6,1881.0,1883.0,4,1908.0,1885.0,1889.0,1877.0,19.0,35777.0,1878
2023-05-11 09:13:16,UR2311,UR311,1881.0,0.0,0.0,0.0,6,1881.0,1884.0,23,1908.0,1885.0,1889.0,1877.0,19.0,35777.0,1878
2023-05-11 09:13:17,UR2311,UR311,1881.0,0.0,0.0,0.0,6,1881.0,1883.0,4,1908.0,1885.0,1889.0,1877.0,19.0,35777.0,1878
2023-05-11 09:13:18,UR2311,UR311,1881.0,0.0,0.0,0.0,6,1881.0,1883.0,2,1908.0,1885.0,1889.0,1877.0,19.0,35777.0,1878
2023-05-11 09:13:18,UR2311,UR311,1881.0,0.0,0.0,0.0,9,1881.0,1883.0,4,1908.0,1885.0,1889.0,1877.0,19.0,35777.0,1878
2023-05-11 09:13:19,UR2311,UR311,1881.0,0.0,0.0,0.0,3,1881.0,1883.0,16,1908.0,1885.0,1889.0,1877.0,19.0,35777.0,1878
2023-05-11 09:13:20,UR2311,UR311,1881.0,0.0,0.0,0.0,4,1881.0,1883.0,4,1908.0,1885.0,1889.0,1877.0,19.0,35777.0,1878
2023-05-11 09:13:21,UR2311,UR311,1881.0,0.0,0.0,0.0,4,1881.0,1883.0,2,1908.0,1885.0,1889.0,1877.0,19.0,35777.0,1878
2023-05-11 09:13:24,UR2311,UR311,1881.0,0.0,0.0,0.0,4,1881.0,1883.0,4,1908.0,1885.0,1889.0,1877.0,19.0,35777.0,1878
2023-05-11 09:13:24,UR2311,UR311,1881.0,0.0,0.0,0.0,4,1881.0,1883.0,2,1908.0,1885.0,1889.0,1877.0,19.0,35777.0,1878
2023-05-11 09:13:25,UR2311,UR311,1881.0,0.0,0.0,0.0,4,1881.0,1884.0,18,1908.0,1885.0,1889.0,1877.0,19.0,35777.0,1878
2023-05-11 09:13:26,UR2311,UR311,1881.0,0.0,0.0,0.0,4,1881.0,1884.0,23,1908.0,1885.0,1889.0,1877.0,19.0,35777.0,1878
2023-05-11 09:13:26,UR2311,UR311,1881.0,0.0,0.0,0.0,4,1881.0,1883.0,4,1908.0,1885.0,1889.0,1877.0,19.0,35777.0,1878
2023-05-11 09:13:27,UR2311,UR311,1881.0,0.0,0.0,0.0,4,1881.0,1883.0,6,1908.0,1885.0,1889.0,1877.0,19.0,35777.0,1878
2023-05-11 09:13:27,UR2311,UR311,1881.0,0.0,0.0,0.0,4,1881.0,1883.0,16,1908.0,1885.0,1889.0,1877.0,19.0,35777.0,1878
2023-05-11 09:13:29,UR2311,UR311,1881.0,0.0,0.0,0.0,4,1881.0,1883.0,4,1908.0,1885.0,1889.0,1877.0,19.0,35777.0,1878
2023-05-11 09:13:30,UR2311,UR311,1881.0,0.0,0.0,0.0,4,1881.0,1884.0,18,1908.0,1885.0,1889.0,1877.0,19.0,35777.0,1878
2023-05-11 09:13:31,UR2311,UR311,1881.0,0.0,0.0,0.0,4,1881.0,1883.0,2,1908.0,1885.0,1889.0,1877.0,19.0,35777.0,1878
2023-05-11 09:13:32,UR2311,UR311,1881.0,0.0,0.0,0.0,4,1881.0,1883.0,4,1908.0,1885.0,1889.0,1877.0,19.0,35777.0,1878
2023-05-11 09:13:34,UR2311,UR311,1881.0,0.0,0.0,0.0,2,1881.0,1883.0,4,1908.0,1885.0,1889.0,1877.0,19.0,35777.0,1878
2023-05-11 09:13:34,UR2311,UR311,1881.0,0.0,0.0,0.0,2,1881.0,1883.0,2,1908.0,1885.0,1889.0,1877.0,19.0,35777.0,1878
2023-05-11 09:13:35,UR2311,UR311,1881.0,0.0,0.0,0.0,2,1881.0,1884.0,19,1908.0,1885.0,1889.0,1877.0,19.0,35777.0,1878
2023-05-11 09:13:35,UR2311,UR311,1881.0,0.0,0.0,0.0,1,1881.0,1883.0,6,1908.0,1885.0,1889.0,1877.0,19.0,35777.0,1878
2023-05-11 09:13:35,UR2311,UR311,1881.0,0.0,0.0,0.0,1,1881.0,1883.0,16,1908.0,1885.0,1889.0,1877.0,19.0,35777.0,1878
2023-05-11 09:13:39,UR2311,UR311,1881.0,0.0,0.0,0.0,10,1880.0,1883.0,16,1908.0,1885.0,1889.0,1877.0,19.0,35777.0,1878
2023-05-11 09:13:41,UR2311,UR311,1881.0,0.0,0.0,0.0,10,1880.0,1883.0,22,1908.0,1885.0,1889.0,1877.0,19.0,35777.0,1878
2023-05-11 09:13:41,UR2311,UR311,1881.0,0.0,0.0,0.0,10,1880.0,1883.0,23,1908.0,1885.0,1889.0,1877.0,19.0,35777.0,1878
2023-05-11 09:13:42,UR2311,UR311,1881.0,0.0,0.0,0.0,10,1880.0,1882.0,2,1908.0,1885.0,1889.0,1877.0,19.0,35777.0,1878
2023-05-11 09:13:42,UR2311,UR311,1881.0,0.0,0.0,0.0,1,1881.0,1883.0,23,1908.0,1885.0,1889.0,1877.0,19.0,35777.0,1878
2023-05-11 09:13:43,UR2311,UR311,1881.0,0.0,0.0,0.0,10,1880.0,1882.0,2,1908.0,1885.0,1889.0,1877.0,19.0,35777.0,1878
2023-05-11 09:13:45,UR2311,UR311,1881.0,0.0,0.0,0.0,10,1880.0,1883.0,23,1908.0,1885.0,1889.0,1877.0,19.0,35777.0,1878
2023-05-11 09:13:48,UR2311,UR311,1881.0,0.0,0.0,0.0,10,1880.0,1882.0,2,1908.0,1885.0,1889.0,1877.0,19.0,35777.0,1878
2023-05-11 09:13:51,UR2311,UR311,1881.0,0.0,0.0,0.0,10,1880.0,1883.0,18,1908.0,1885.0,1889.0,1877.0,19.0,35777.0,1878
2023-05-11 09:13:51,UR2311,UR311,1881.0,0.0,0.0,0.0,4,1881.0,1883.0,18,1908.0,1885.0,1889.0,1877.0,19.0,35777.0,1878
2023-05-11 09:13:51,UR2311,UR311,1881.0,0.0,0.0,0.0,10,1880.0,1882.0,2,1908.0,1885.0,1889.0,1877.0,19.0,35777.0,1878
2023-05-11 09:13:52,UR2311,UR311,1881.0,0.0,0.0,0.0,10,1880.0,1882.0,4,1908.0,1885.0,1889.0,1877.0,19.0,35777.0,1878
2023-05-11 09:13:56,UR2311,UR311,1881.0,0.0,0.0,0.0,10,1880.0,1882.0,2,1908.0,1885.0,1889.0,1877.0,19.0,35777.0,1878
2023-05-11 09:14:00,UR2311,UR311,1881.0,0.0,0.0,0.0,10,1880.0,1882.0,4,1908.0,1885.0,1889.0,1877.0,19.0,35777.0,1878
2023-05-11 09:14:00,UR2311,UR311,1881.0,0.0,0.0,0.0,5,1881.0,1883.0,18,1908.0,1885.0,1889.0,1877.0,19.0,35777.0,1878
2023-05-11 09:14:01,UR2311,UR311,1881.0,0.0,0.0,0.0,5,1881.0,1883.0,6,1908.0,1885.0,1889.0,1877.0,19.0,35777.0,1878
2023-05-11 09:14:01,UR2311,UR311,1881.0,0.0,0.0,0.0,5,1881.0,1883.0,20,1908.0,1885.0,1889.0,1877.0,19.0,35777.0,1878
2023-05-11 09:14:02,UR2311,UR311,1881.0,0.0,0.0,0.0,5,1881.0,1883.0,23,1908.0,1885.0,1889.0,1877.0,19.0,35777.0,1878
2023-05-11 09:14:04,UR2311,UR311,1881.0,0.0,0.0,0.0,5,1881.0,1883.0,18,1908.0,1885.0,1889.0,1877.0,19.0,35777.0,1878
2023-05-11 09:14:04,UR2311,UR311,1881.0,0.0,0.0,0.0,10,1880.0,1883.0,23,1908.0,1885.0,1889.0,1877.0,19.0,35777.0,1878
2023-05-11 09:14:05,UR2311,UR311,1881.0,0.0,0.0,0.0,10,1880.0,1883.0,17,1908.0,1885.0,1889.0,1877.0,19.0,35777.0,1878
2023-05-11 09:14:05,UR2311,UR311,1881.0,0.0,0.0,0.0,10,1880.0,1883.0,15,1908.0,1885.0,1889.0,1877.0,19.0,35777.0,1878
2023-05-11 09:14:07,UR2311,UR311,1881.0,0.0,0.0,0.0,10,1880.0,1883.0,14,1908.0,1885.0,1889.0,1877.0,19.0,35777.0,1878
2023-05-11 09:14:11,UR2311,UR311,1881.0,0.0,0.0,0.0,5,1881.0,1883.0,12,1908.0,1885.0,1889.0,1877.0,19.0,35777.0,1878
2023-05-11 09:14:14,UR2311,UR311,1881.0,0.0,0.0,0.0,5,1881.0,1883.0,2,1908.0,1885.0,1889.0,1877.0,19.0,35777.0,1878
2023-05-11 09:14:17,UR2311,UR311,1881.0,0.0,0.0,0.0,7,1881.0,1883.0,2,1908.0,1885.0,1889.0,1877.0,19.0,35777.0,1878
2023-05-11 09:14:19,UR2311,UR311,1881.0,0.0,0.0,0.0,7,1881.0,1883.0,3,1908.0,1885.0,1889.0,1877.0,19.0,35777.0,1878
2023-05-11 09:14:20,UR2311,UR311,1881.0,0.0,0.0,0.0,7,1881.0,1883.0,4,1908.0,1885.0,1889.0,1877.0,19.0,35777.0,1878
2023-05-11 09:14:28,UR2311,UR311,1881.0,0.0,0.0,0.0,7,1881.0,1883.0,3,1908.0,1885.0,1889.0,1877.0,19.0,35777.0,1878
2023-05-11 09:14:29,UR2311,UR311,1881.0,0.0,0.0,0.0,7,1881.0,1883.0,4,1908.0,1885.0,1889.0,1877.0,19.0,35777.0,1878
2023-05-11 09:14:40,UR2311,UR311,1881.0,0.0,0.0,0.0,6,1881.0,1883.0,4,1908.0,1885.0,1889.0,1877.0,19.0,35777.0,1878
2023-05-11 09:14:44,UR2311,UR311,1881.0,0.0,0.0,0.0,5,1881.0,1883.0,4,1908.0,1885.0,1889.0,1877.0,19.0,35777.0,1878
2023-05-11 09:14:47,UR2311,UR311,1881.0,0.0,0.0,0.0,3,1881.0,1883.0,4,1908.0,1885.0,1889.0,1877.0,19.0,35777.0,1878
2023-05-11 09:14:48,UR2311,UR311,1881.0,0.0,0.0,0.0,4,1881.0,1883.0,4,1908.0,1885.0,1889.0,1877.0,19.0,35777.0,1878
2023-05-11 09:14:48,UR2311,UR311,1881.0,0.0,0.0,0.0,3,1881.0,1883.0,4,1908.0,1885.0,1889.0,1877.0,19.0,35777.0,1878
2023-05-11 09:14:50,UR2311,UR311,1881.0,0.0,0.0,0.0,5,1881.0,1883.0,4,1908.0,1885.0,1889.0,1877.0,19.0,35777.0,1878
2023-05-11 09:14:54,UR2311,UR311,1881.0,0.0,0.0,0.0,3,1881.0,1883.0,4,1908.0,1885.0,1889.0,1877.0,19.0,35777.0,1878
2023-05-11 09:14:57,UR2311,UR311,1881.0,0.0,0.0,0.0,2,1881.0,1883.0,4,1908.0,1885.0,1889.0,1877.0,19.0,35777.0,1878
2023-05-11 09:15:00,UR2311,UR311,1881.0,0.0,0.0,0.0,1,1881.0,1883.0,4,1908.0,1885.0,1889.0,1877.0,19.0,35777.0,1878
2023-05-11 09:15:03,UR2311,UR311,1881.0,0.0,0.0,0.0,10,1880.0,1883.0,4,1908.0,1885.0,1889.0,1877.0,19.0,35777.0,1878
2023-05-11 09:15:03,UR2311,UR311,1881.0,0.0,0.0,0.0,10,1880.0,1883.0,3,1908.0,1885.0,1889.0,1877.0,19.0,35777.0,1878
2023-05-11 09:15:04,UR2311,UR311,1881.0,0.0,0.0,0.0,10,1880.0,1883.0,1,1908.0,1885.0,1889.0,1877.0,19.0,35777.0,1878
2023-05-11 09:15:04,UR2311,UR311,1881.0,0.0,0.0,0.0,15,1881.0,1883.0,1,1908.0,1885.0,1889.0,1877.0,19.0,35777.0,1878
2023-05-11 09:15:06,UR2311,UR311,1881.0,0.0,0.0,0.0,5,1881.0,1883.0,3,1908.0,1885.0,1889.0,1877.0,19.0,35777.0,1878
2023-05-11 09:15:08,UR2311,UR311,1881.0,0.0,0.0,0.0,4,1881.0,1883.0,3,1908.0,1885.0,1889.0,1877.0,19.0,35777.0,1878
2023-05-11 09:15:09,UR2311,UR311,1881.0,0.0,0.0,0.0,4,1881.0,1883.0,4,1908.0,1885.0,1889.0,1877.0,19.0,35777.0,1878
2023-05-11 09:15:12,UR2311,UR311,1881.0,0.0,0.0,0.0,3,1881.0,1883.0,4,1908.0,1885.0,1889.0,1877.0,19.0,35777.0,1878
2023-05-11 09:15:14,UR2311,UR311,1881.0,0.0,0.0,0.0,3,1881.0,1883.0,1,1908.0,1885.0,1889.0,1877.0,19.0,35777.0,1878
2023-05-11 09:15:15,UR2311,UR311,1881.0,0.0,0.0,0.0,5,1881.0,1883.0,1,1908.0,1885.0,1889.0,1877.0,19.0,35777.0,1878
2023-05-11 09:15:21,UR2311,UR311,1881.0,0.0,0.0,0.0,5,1882.0,1884.0,2,1908.0,1885.0,1889.0,1877.0,19.0,35777.0,1878
2023-05-11 09:15:22,UR2311,UR311,1881.0,0.0,0.0,0.0,15,1882.0,1884.0,2,1908.0,1885.0,1889.0,1877.0,19.0,35777.0,1878
2023-05-11 09:15:23,UR2311,UR311,1881.0,0.0,0.0,0.0,15,1882.0,1884.0,1,1908.0,1885.0,1889.0,1877.0,19.0,35777.0,1878
2023-05-11 09:15:23,UR2311,UR311,1881.0,0.0,0.0,0.0,15,1882.0,1884.0,4,1908.0,1885.0,1889.0,1877.0,19.0,35777.0,1878
2023-05-11 09:15:25,UR2311,UR311,1881.0,0.0,0.0,0.0,15,1882.0,1884.0,3,1908.0,1885.0,1889.0,1877.0,19.0,35777.0,1878
2023-05-11 09:15:25,UR2311,UR311,1881.0,0.0,0.0,0.0,15,1882.0,1884.0,4,1908.0,1885.0,1889.0,1877.0,19.0,35777.0,1878
2023-05-11 09:15:27,UR2311,UR311,1881.0,0.0,0.0,0.0,15,1882.0,1884.0,3,1908.0,1885.0,1889.0,1877.0,19.0,35777.0,1878
2023-05-11 09:15:27,UR2311,UR311,1881.0,0.0,0.0,0.0,15,1882.0,1884.0,1,1908.0,1885.0,1889.0,1877.0,19.0,35777.0,1878
2023-05-11 09:15:29,UR2311,UR311,1881.0,0.0,0.0,0.0,14,1882.0,1884.0,2,1908.0,1885.0,1889.0,1877.0,19.0,35777.0,1878
2023-05-11 09:15:29,UR2311,UR311,1881.0,0.0,0.0,0.0,14,1882.0,1884.0,14,1908.0,1885.0,1889.0,1877.0,19.0,35777.0,1878
2023-05-11 09:15:30,UR2311,UR311,1881.0,0.0,0.0,0.0,12,1882.0,1884.0,14,1908.0,1885.0,1889.0,1877.0,19.0,35777.0,1878
2023-05-11 09:15:36,UR2311,UR311,1881.0,0.0,0.0,0.0,5,1882.0,1884.0,16,1908.0,1885.0,1889.0,1877.0,19.0,35777.0,1878
2023-05-11 09:15:36,UR2311,UR311,1881.0,0.0,0.0,0.0,5,1881.0,1884.0,17,1908.0,1885.0,1889.0,1877.0,19.0,35777.0,1878
2023-05-11 09:15:37,UR2311,UR311,1881.0,0.0,0.0,0.0,5,1881.0,1883.0,1,1908.0,1885.0,1889.0,1877.0,19.0,35777.0,1878
2023-05-11 09:15:37,UR2311,UR311,1881.0,0.0,0.0,0.0,5,1881.0,1882.0,2,1908.0,1885.0,1889.0,1877.0,19.0,35777.0,1878
2023-05-11 09:15:38,UR2311,UR311,1881.0,0.0,0.0,0.0,3,1881.0,1882.0,1,1908.0,1885.0,1889.0,1877.0,19.0,35777.0,1878
2023-05-11 09:15:43,UR2311,UR311,1881.0,0.0,0.0,0.0,4,1881.0,1882.0,1,1908.0,1885.0,1889.0,1877.0,19.0,35777.0,1878
2023-05-11 09:15:46,UR2311,UR311,1882.0,1.0,1883.0,1.0,8,1882.0,1884.0,18,1908.0,1885.0,1889.0,1877.0,20.0,37660.0,1879
2023-05-11 09:15:46,UR2311,UR311,1882.0,0.0,0.0,0.0,8,1882.0,1883.0,1,1908.0,1885.0,1889.0,1877.0,20.0,37660.0,1879
2023-05-11 09:15:47,UR2311,UR311,1882.0,0.0,0.0,0.0,8,1882.0,1883.0,3,1908.0,1885.0,1889.0,1877.0,20.0,37660.0,1879
2023-05-11 09:15:48,UR2311,UR311,1882.0,0.0,0.0,0.0,8,1882.0,1884.0,17,1908.0,1885.0,1889.0,1877.0,20.0,37660.0,1879
2023-05-11 09:15:48,UR2311,UR311,1882.0,0.0,0.0,0.0,4,1882.0,1883.0,1,1908.0,1885.0,1889.0,1877.0,20.0,37660.0,1879
2023-05-11 09:15:49,UR2311,UR311,1882.0,0.0,0.0,0.0,4,1882.0,1883.0,13,1908.0,1885.0,1889.0,1877.0,20.0,37660.0,1879
2023-05-11 09:15:50,UR2311,UR311,1882.0,0.0,0.0,0.0,4,1882.0,1883.0,3,1908.0,1885.0,1889.0,1877.0,20.0,37660.0,1879
2023-05-11 09:15:51,UR2311,UR311,1882.0,0.0,0.0,0.0,4,1882.0,1883.0,1,1908.0,1885.0,1889.0,1877.0,20.0,37660.0,1879
2023-05-11 09:15:51,UR2311,UR311,1882.0,0.0,0.0,0.0,4,1882.0,1883.0,3,1908.0,1885.0,1889.0,1877.0,20.0,37660.0,1879
2023-05-11 09:15:52,UR2311,UR311,1882.0,0.0,0.0,0.0,4,1882.0,1883.0,1,1908.0,1885.0,1889.0,1877.0,20.0,37660.0,1879
2023-05-11 09:15:52,UR2311,UR311,1882.0,0.0,0.0,0.0,4,1882.0,1884.0,17,1908.0,1885.0,1889.0,1877.0,20.0,37660.0,1879
2023-05-11 09:15:53,UR2311,UR311,1882.0,0.0,0.0,0.0,4,1882.0,1884.0,14,1908.0,1885.0,1889.0,1877.0,20.0,37660.0,1879
2023-05-11 09:15:54,UR2311,UR311,1882.0,0.0,0.0,0.0,6,1882.0,1884.0,14,1908.0,1885.0,1889.0,1877.0,20.0,37660.0,1879
2023-05-11 09:15:55,UR2311,UR311,1883.0,1.0,1883.0,1.0,4,1883.0,1884.0,13,1908.0,1885.0,1889.0,1877.0,21.0,39543.0,1880
2023-05-11 09:15:55,UR2311,UR311,1883.0,0.0,0.0,0.0,4,1883.0,1884.0,14,1908.0,1885.0,1889.0,1877.0,21.0,39543.0,1880
2023-05-11 09:15:58,UR2311,UR311,1883.0,0.0,0.0,0.0,4,1883.0,1884.0,2,1908.0,1885.0,1889.0,1877.0,21.0,39543.0,1880
2023-05-11 09:15:58,UR2311,UR311,1883.0,0.0,0.0,0.0,5,1883.0,1884.0,2,1908.0,1885.0,1889.0,1877.0,21.0,39543.0,1880
2023-05-11 09:16:01,UR2311,UR311,1883.0,0.0,0.0,0.0,5,1883.0,1884.0,1,1908.0,1885.0,1889.0,1877.0,21.0,39543.0,1880
2023-05-11 09:16:01,UR2311,UR311,1883.0,0.0,0.0,0.0,5,1883.0,1884.0,2,1908.0,1885.0,1889.0,1877.0,21.0,39543.0,1880
2023-05-11 09:16:01,UR2311,UR311,1883.0,0.0,0.0,0.0,5,1883.0,1884.0,3,1908.0,1885.0,1889.0,1877.0,21.0,39543.0,1880
2023-05-11 09:16:05,UR2311,UR311,1883.0,0.0,0.0,0.0,5,1883.0,1884.0,1,1908.0,1885.0,1889.0,1877.0,21.0,39543.0,1880
2023-05-11 09:16:05,UR2311,UR311,1883.0,0.0,0.0,0.0,6,1883.0,1884.0,1,1908.0,1885.0,1889.0,1877.0,21.0,39543.0,1880
2023-05-11 09:16:07,UR2311,UR311,1883.0,0.0,0.0,0.0,7,1883.0,1884.0,1,1908.0,1885.0,1889.0,1877.0,21.0,39543.0,1880
2023-05-11 09:16:11,UR2311,UR311,1883.0,0.0,0.0,0.0,5,1883.0,1884.0,1,1908.0,1885.0,1889.0,1877.0,21.0,39543.0,1880
2023-05-11 09:16:14,UR2311,UR311,1883.0,0.0,0.0,0.0,6,1882.0,1884.0,1,1908.0,1885.0,1889.0,1877.0,21.0,39543.0,1880
2023-05-11 09:16:14,UR2311,UR311,1883.0,0.0,0.0,0.0,4,1882.0,1884.0,1,1908.0,1885.0,1889.0,1877.0,21.0,39543.0,1880
2023-05-11 09:16:16,UR2311,UR311,1883.0,0.0,0.0,0.0,4,1882.0,1884.0,3,1908.0,1885.0,1889.0,1877.0,21.0,39543.0,1880
2023-05-11 09:16:21,UR2311,UR311,1883.0,0.0,0.0,0.0,4,1882.0,1884.0,1,1908.0,1885.0,1889.0,1877.0,21.0,39543.0,1880
2023-05-11 09:16:23,UR2311,UR311,1883.0,0.0,0.0,0.0,3,1882.0,1884.0,1,1908.0,1885.0,1889.0,1877.0,21.0,39543.0,1880
2023-05-11 09:16:25,UR2311,UR311,1883.0,0.0,0.0,0.0,2,1882.0,1884.0,1,1908.0,1885.0,1889.0,1877.0,21.0,39543.0,1880
2023-05-11 09:16:29,UR2311,UR311,1883.0,0.0,0.0,0.0,1,1882.0,1884.0,3,1908.0,1885.0,1889.0,1877.0,21.0,39543.0,1880
2023-05-11 09:16:30,UR2311,UR311,1883.0,0.0,0.0,0.0,4,1881.0,1884.0,5,1908.0,1885.0,1889.0,1877.0,21.0,39543.0,1880
2023-05-11 09:16:33,UR2311,UR311,1883.0,0.0,0.0,0.0,4,1881.0,1884.0,4,1908.0,1885.0,1889.0,1877.0,21.0,39543.0,1880
2023-05-11 09:16:33,UR2311,UR311,1883.0,0.0,0.0,0.0,4,1881.0,1884.0,3,1908.0,1885.0,1889.0,1877.0,21.0,39543.0,1880
2023-05-11 09:16:34,UR2311,UR311,1883.0,0.0,0.0,0.0,4,1881.0,1884.0,4,1908.0,1885.0,1889.0,1877.0,21.0,39543.0,1880
2023-05-11 09:16:35,UR2311,UR311,1883.0,0.0,0.0,0.0,4,1881.0,1884.0,3,1908.0,1885.0,1889.0,1877.0,21.0,39543.0,1880
2023-05-11 09:16:39,UR2311,UR311,1883.0,0.0,0.0,0.0,9,1883.0,1884.0,1,1908.0,1885.0,1889.0,1877.0,21.0,39543.0,1880
2023-05-11 09:16:40,UR2311,UR311,1883.0,0.0,0.0,0.0,12,1883.0,1884.0,1,1908.0,1885.0,1889.0,1877.0,21.0,39543.0,1880
