time,symbol_id,symbol_name,last,trade_volume,trade_amount,open_interest_change,bv1,bp1,ap1,av1,yesterday_close,today_open,today_high,today_low,volume,amount,open_interest
2023-05-11 08:59:00,UR2312,UR312,1886.0,0.0,0.0,0.0,3,1829.0,1900.0,1,1886.0,1873.0,0.0,0.0,0.0,0.0,940
2023-05-11 09:00:00,UR2312,UR312,1886.0,0.0,0.0,0.0,1,1865.0,1883.0,1,1886.0,1873.0,0.0,0.0,0.0,0.0,940
2023-05-11 09:00:01,UR2312,UR312,1886.0,0.0,0.0,0.0,1,1863.0,1876.0,2,1886.0,1873.0,0.0,0.0,0.0,0.0,940
2023-05-11 09:00:01,UR2312,UR312,1886.0,0.0,0.0,0.0,1,1861.0,1872.0,1,1886.0,1873.0,0.0,0.0,0.0,0.0,940
2023-05-11 09:00:02,UR2312,UR312,1886.0,0.0,0.0,0.0,1,1861.0,1873.0,1,1886.0,1873.0,0.0,0.0,0.0,0.0,940
2023-05-11 09:00:02,UR2312,UR312,1886.0,0.0,0.0,0.0,1,1866.0,1875.0,1,1886.0,1873.0,0.0,0.0,0.0,0.0,940
2023-05-11 09:00:03,UR2312,UR312,1886.0,0.0,0.0,0.0,1,1862.0,1873.0,1,1886.0,1873.0,0.0,0.0,0.0,0.0,940
2023-05-11 09:00:03,UR2312,UR312,1886.0,0.0,0.0,0.0,2,1862.0,1874.0,1,1886.0,1873.0,0.0,0.0,0.0,0.0,940
2023-05-11 09:00:04,UR2312,UR312,1886.0,0.0,0.0,0.0,1,1865.0,1874.0,2,1886.0,1873.0,0.0,0.0,0.0,0.0,940
2023-05-11 09:00:04,UR2312,UR312,1886.0,0.0,0.0,0.0,1,1865.0,1873.0,1,1886.0,1873.0,0.0,0.0,0.0,0.0,940
2023-05-11 09:00:04,UR2312,UR312,1886.0,0.0,0.0,0.0,1,1865.0,1873.0,2,1886.0,1873.0,0.0,0.0,0.0,0.0,940
2023-05-11 09:00:05,UR2312,UR312,1886.0,0.0,0.0,0.0,1,1865.0,1873.0,1,1886.0,1873.0,0.0,0.0,0.0,0.0,940
2023-05-11 09:00:06,UR2312,UR312,1886.0,0.0,0.0,0.0,1,1866.0,1873.0,1,1886.0,1873.0,0.0,0.0,0.0,0.0,940
2023-05-11 09:00:07,UR2312,UR312,1886.0,0.0,0.0,0.0,1,1867.0,1874.0,1,1886.0,1873.0,0.0,0.0,0.0,0.0,940
2023-05-11 09:00:07,UR2312,UR312,1886.0,0.0,0.0,0.0,1,1866.0,1874.0,1,1886.0,1873.0,0.0,0.0,0.0,0.0,940
2023-05-11 09:00:08,UR2312,UR312,1886.0,0.0,0.0,0.0,2,1866.0,1874.0,1,1886.0,1873.0,0.0,0.0,0.0,0.0,940
2023-05-11 09:00:08,UR2312,UR312,1886.0,0.0,0.0,0.0,3,1866.0,1874.0,1,1886.0,1873.0,0.0,0.0,0.0,0.0,940
2023-05-11 09:00:09,UR2312,UR312,1886.0,0.0,0.0,0.0,1,1867.0,1875.0,1,1886.0,1873.0,0.0,0.0,0.0,0.0,940
2023-05-11 09:00:09,UR2312,UR312,1886.0,0.0,0.0,0.0,1,1868.0,1874.0,1,1886.0,1873.0,0.0,0.0,0.0,0.0,940
2023-05-11 09:00:10,UR2312,UR312,1886.0,0.0,0.0,0.0,1,1867.0,1874.0,1,1886.0,1873.0,0.0,0.0,0.0,0.0,940
2023-05-11 09:00:11,UR2312,UR312,1886.0,0.0,0.0,0.0,1,1868.0,1874.0,1,1886.0,1873.0,0.0,0.0,0.0,0.0,940
2023-05-11 09:00:11,UR2312,UR312,1886.0,0.0,0.0,0.0,1,1868.0,1875.0,1,1886.0,1873.0,0.0,0.0,0.0,0.0,940
2023-05-11 09:00:12,UR2312,UR312,1886.0,0.0,0.0,0.0,1,1867.0,1875.0,1,1886.0,1873.0,0.0,0.0,0.0,0.0,940
2023-05-11 09:00:13,UR2312,UR312,1886.0,0.0,0.0,0.0,1,1869.0,1875.0,1,1886.0,1873.0,0.0,0.0,0.0,0.0,940
2023-05-11 09:00:13,UR2312,UR312,1886.0,0.0,0.0,0.0,1,1867.0,1875.0,1,1886.0,1873.0,0.0,0.0,0.0,0.0,940
2023-05-11 09:00:14,UR2312,UR312,1886.0,0.0,0.0,0.0,1,1869.0,1875.0,1,1886.0,1873.0,0.0,0.0,0.0,0.0,940
2023-05-11 09:00:14,UR2312,UR312,1886.0,0.0,0.0,0.0,1,1868.0,1875.0,1,1886.0,1873.0,0.0,0.0,0.0,0.0,940
2023-05-11 09:00:17,UR2312,UR312,1886.0,0.0,0.0,0.0,1,1869.0,1876.0,1,1886.0,1873.0,0.0,0.0,0.0,0.0,940
2023-05-11 09:00:17,UR2312,UR312,1886.0,0.0,0.0,0.0,1,1870.0,1876.0,1,1886.0,1873.0,0.0,0.0,0.0,0.0,940
2023-05-11 09:00:18,UR2312,UR312,1886.0,0.0,0.0,0.0,1,1871.0,1876.0,1,1886.0,1873.0,0.0,0.0,0.0,0.0,940
2023-05-11 09:00:21,UR2312,UR312,1886.0,0.0,0.0,0.0,1,1871.0,1877.0,2,1886.0,1873.0,0.0,0.0,0.0,0.0,940
2023-05-11 09:00:22,UR2312,UR312,1886.0,0.0,0.0,0.0,1,1870.0,1877.0,1,1886.0,1873.0,0.0,0.0,0.0,0.0,940
2023-05-11 09:00:22,UR2312,UR312,1886.0,0.0,0.0,0.0,1,1870.0,1876.0,1,1886.0,1873.0,0.0,0.0,0.0,0.0,940
2023-05-11 09:00:23,UR2312,UR312,1886.0,0.0,0.0,0.0,1,1869.0,1876.0,2,1886.0,1873.0,0.0,0.0,0.0,0.0,940
2023-05-11 09:00:24,UR2312,UR312,1886.0,0.0,0.0,0.0,1,1869.0,1874.0,1,1886.0,1873.0,0.0,0.0,0.0,0.0,940
2023-05-11 09:00:24,UR2312,UR312,1886.0,0.0,0.0,0.0,1,1869.0,1875.0,2,1886.0,1873.0,0.0,0.0,0.0,0.0,940
2023-05-11 09:00:26,UR2312,UR312,1886.0,0.0,0.0,0.0,1,1869.0,1875.0,1,1886.0,1873.0,0.0,0.0,0.0,0.0,940
2023-05-11 09:00:26,UR2312,UR312,1886.0,0.0,0.0,0.0,1,1869.0,1875.0,2,1886.0,1873.0,0.0,0.0,0.0,0.0,940
2023-05-11 09:00:28,UR2312,UR312,1886.0,0.0,0.0,0.0,1,1870.0,1875.0,2,1886.0,1873.0,0.0,0.0,0.0,0.0,940
2023-05-11 09:00:29,UR2312,UR312,1886.0,0.0,0.0,0.0,1,1870.0,1875.0,1,1886.0,1873.0,0.0,0.0,0.0,0.0,940
2023-05-11 09:00:30,UR2312,UR312,1886.0,0.0,0.0,0.0,1,1870.0,1876.0,2,1886.0,1873.0,0.0,0.0,0.0,0.0,940
2023-05-11 09:00:32,UR2312,UR312,1886.0,0.0,0.0,0.0,1,1871.0,1876.0,1,1886.0,1873.0,0.0,0.0,0.0,0.0,940
2023-05-11 09:00:32,UR2312,UR312,1886.0,0.0,0.0,0.0,1,1872.0,1877.0,1,1886.0,1873.0,0.0,0.0,0.0,0.0,940
2023-05-11 09:00:33,UR2312,UR312,1886.0,0.0,0.0,0.0,1,1871.0,1877.0,1,1886.0,1873.0,0.0,0.0,0.0,0.0,940
2023-05-11 09:00:34,UR2312,UR312,1886.0,0.0,0.0,0.0,1,1872.0,1877.0,1,1886.0,1873.0,0.0,0.0,0.0,0.0,940
2023-05-11 09:00:35,UR2312,UR312,1886.0,0.0,0.0,0.0,1,1872.0,1878.0,1,1886.0,1873.0,0.0,0.0,0.0,0.0,940
2023-05-11 09:00:36,UR2312,UR312,1886.0,0.0,0.0,0.0,1,1872.0,1877.0,1,1886.0,1873.0,0.0,0.0,0.0,0.0,940
2023-05-11 09:00:42,UR2312,UR312,1886.0,0.0,0.0,0.0,1,1871.0,1876.0,1,1886.0,1873.0,0.0,0.0,0.0,0.0,940
2023-05-11 09:00:42,UR2312,UR312,1886.0,0.0,0.0,0.0,1,1871.0,1877.0,1,1886.0,1873.0,0.0,0.0,0.0,0.0,940
2023-05-11 09:00:44,UR2312,UR312,1886.0,0.0,0.0,0.0,1,1872.0,1877.0,1,1886.0,1873.0,0.0,0.0,0.0,0.0,940
2023-05-11 09:00:44,UR2312,UR312,1886.0,0.0,0.0,0.0,1,1871.0,1877.0,1,1886.0,1873.0,0.0,0.0,0.0,0.0,940
2023-05-11 09:00:46,UR2312,UR312,1886.0,0.0,0.0,0.0,1,1871.0,1876.0,1,1886.0,1873.0,0.0,0.0,0.0,0.0,940
2023-05-11 09:00:46,UR2312,UR312,1886.0,0.0,0.0,0.0,1,1871.0,1877.0,1,1886.0,1873.0,0.0,0.0,0.0,0.0,940
2023-05-11 09:00:48,UR2312,UR312,1886.0,0.0,0.0,0.0,1,1873.0,1878.0,1,1886.0,1873.0,0.0,0.0,0.0,0.0,940
2023-05-11 09:00:48,UR2312,UR312,1886.0,0.0,0.0,0.0,1,1871.0,1877.0,1,1886.0,1873.0,0.0,0.0,0.0,0.0,940
2023-05-11 09:00:49,UR2312,UR312,1886.0,0.0,0.0,0.0,1,1872.0,1877.0,1,1886.0,1873.0,0.0,0.0,0.0,0.0,940
2023-05-11 09:00:50,UR2312,UR312,1886.0,0.0,0.0,0.0,1,1871.0,1877.0,1,1886.0,1873.0,0.0,0.0,0.0,0.0,940
2023-05-11 09:00:52,UR2312,UR312,1886.0,0.0,0.0,0.0,1,1872.0,1877.0,1,1886.0,1873.0,0.0,0.0,0.0,0.0,940
2023-05-11 09:00:54,UR2312,UR312,1886.0,0.0,0.0,0.0,1,1872.0,1878.0,1,1886.0,1873.0,0.0,0.0,0.0,0.0,940
2023-05-11 09:00:55,UR2312,UR312,1886.0,0.0,0.0,0.0,1,1873.0,1878.0,1,1886.0,1873.0,0.0,0.0,0.0,0.0,940
2023-05-11 09:01:01,UR2312,UR312,1886.0,0.0,0.0,0.0,1,1872.0,1878.0,1,1886.0,1873.0,0.0,0.0,0.0,0.0,940
2023-05-11 09:01:01,UR2312,UR312,1873.0,1.0,1873.0,0.0,1,1871.0,1878.0,1,1886.0,1873.0,1873.0,1873.0,1.0,1873.0,940
2023-05-11 09:01:02,UR2312,UR312,1873.0,0.0,0.0,0.0,3,1871.0,1878.0,1,1886.0,1873.0,1873.0,1873.0,1.0,1873.0,940
2023-05-11 09:01:02,UR2312,UR312,1873.0,0.0,0.0,0.0,4,1871.0,1878.0,1,1886.0,1873.0,1873.0,1873.0,1.0,1873.0,940
2023-05-11 09:01:07,UR2312,UR312,1873.0,0.0,0.0,0.0,1,1871.0,1878.0,1,1886.0,1873.0,1873.0,1873.0,1.0,1873.0,940
2023-05-11 09:01:07,UR2312,UR312,1873.0,0.0,0.0,0.0,4,1871.0,1878.0,1,1886.0,1873.0,1873.0,1873.0,1.0,1873.0,940
2023-05-11 09:01:08,UR2312,UR312,1873.0,0.0,0.0,0.0,4,1871.0,1878.0,2,1886.0,1873.0,1873.0,1873.0,1.0,1873.0,940
2023-05-11 09:01:10,UR2312,UR312,1873.0,0.0,0.0,0.0,1,1871.0,1877.0,1,1886.0,1873.0,1873.0,1873.0,1.0,1873.0,940
2023-05-11 09:01:11,UR2312,UR312,1873.0,0.0,0.0,0.0,1,1870.0,1876.0,1,1886.0,1873.0,1873.0,1873.0,1.0,1873.0,940
2023-05-11 09:01:11,UR2312,UR312,1873.0,0.0,0.0,0.0,1,1870.0,1877.0,2,1886.0,1873.0,1873.0,1873.0,1.0,1873.0,940
2023-05-11 09:01:12,UR2312,UR312,1873.0,0.0,0.0,0.0,1,1870.0,1877.0,1,1886.0,1873.0,1873.0,1873.0,1.0,1873.0,940
2023-05-11 09:01:12,UR2312,UR312,1873.0,0.0,0.0,0.0,1,1870.0,1877.0,2,1886.0,1873.0,1873.0,1873.0,1.0,1873.0,940
2023-05-11 09:01:13,UR2312,UR312,1873.0,0.0,0.0,0.0,1,1869.0,1876.0,1,1886.0,1873.0,1873.0,1873.0,1.0,1873.0,940
2023-05-11 09:01:14,UR2312,UR312,1873.0,0.0,0.0,0.0,1,1869.0,1875.0,1,1886.0,1873.0,1873.0,1873.0,1.0,1873.0,940
2023-05-11 09:01:14,UR2312,UR312,1873.0,0.0,0.0,0.0,1,1869.0,1876.0,1,1886.0,1873.0,1873.0,1873.0,1.0,1873.0,940
2023-05-11 09:01:14,UR2312,UR312,1873.0,0.0,0.0,0.0,1,1869.0,1876.0,2,1886.0,1873.0,1873.0,1873.0,1.0,1873.0,940
2023-05-11 09:01:15,UR2312,UR312,1873.0,0.0,0.0,0.0,1,1868.0,1876.0,2,1886.0,1873.0,1873.0,1873.0,1.0,1873.0,940
2023-05-11 09:01:15,UR2312,UR312,1873.0,0.0,0.0,0.0,1,1869.0,1876.0,2,1886.0,1873.0,1873.0,1873.0,1.0,1873.0,940
2023-05-11 09:01:16,UR2312,UR312,1873.0,0.0,0.0,0.0,1,1868.0,1874.0,1,1886.0,1873.0,1873.0,1873.0,1.0,1873.0,940
2023-05-11 09:01:17,UR2312,UR312,1873.0,0.0,0.0,0.0,1,1868.0,1874.0,2,1886.0,1873.0,1873.0,1873.0,1.0,1873.0,940
2023-05-11 09:01:19,UR2312,UR312,1873.0,0.0,0.0,0.0,1,1868.0,1874.0,1,1886.0,1873.0,1873.0,1873.0,1.0,1873.0,940
2023-05-11 09:01:20,UR2312,UR312,1873.0,0.0,0.0,0.0,1,1868.0,1874.0,2,1886.0,1873.0,1873.0,1873.0,1.0,1873.0,940
2023-05-11 09:01:20,UR2312,UR312,1873.0,0.0,0.0,0.0,1,1868.0,1874.0,3,1886.0,1873.0,1873.0,1873.0,1.0,1873.0,940
2023-05-11 09:01:20,UR2312,UR312,1873.0,0.0,0.0,0.0,1,1868.0,1874.0,2,1886.0,1873.0,1873.0,1873.0,1.0,1873.0,940
2023-05-11 09:01:21,UR2312,UR312,1873.0,0.0,0.0,0.0,1,1868.0,1874.0,1,1886.0,1873.0,1873.0,1873.0,1.0,1873.0,940
2023-05-11 09:01:22,UR2312,UR312,1873.0,0.0,0.0,0.0,1,1868.0,1874.0,2,1886.0,1873.0,1873.0,1873.0,1.0,1873.0,940
2023-05-11 09:01:23,UR2312,UR312,1873.0,0.0,0.0,0.0,1,1868.0,1873.0,1,1886.0,1873.0,1873.0,1873.0,1.0,1873.0,940
2023-05-11 09:01:24,UR2312,UR312,1873.0,0.0,0.0,0.0,1,1868.0,1874.0,1,1886.0,1873.0,1873.0,1873.0,1.0,1873.0,940
2023-05-11 09:01:25,UR2312,UR312,1873.0,0.0,0.0,0.0,1,1867.0,1873.0,1,1886.0,1873.0,1873.0,1873.0,1.0,1873.0,940
2023-05-11 09:01:26,UR2312,UR312,1873.0,0.0,0.0,0.0,1,1867.0,1872.0,1,1886.0,1873.0,1873.0,1873.0,1.0,1873.0,940
2023-05-11 09:01:27,UR2312,UR312,1873.0,0.0,0.0,0.0,1,1868.0,1873.0,1,1886.0,1873.0,1873.0,1873.0,1.0,1873.0,940
2023-05-11 09:01:28,UR2312,UR312,1873.0,0.0,0.0,0.0,1,1867.0,1873.0,2,1886.0,1873.0,1873.0,1873.0,1.0,1873.0,940
2023-05-11 09:01:28,UR2312,UR312,1873.0,0.0,0.0,0.0,1,1867.0,1873.0,1,1886.0,1873.0,1873.0,1873.0,1.0,1873.0,940
2023-05-11 09:01:29,UR2312,UR312,1873.0,0.0,0.0,0.0,1,1866.0,1872.0,1,1886.0,1873.0,1873.0,1873.0,1.0,1873.0,940
2023-05-11 09:01:31,UR2312,UR312,1873.0,0.0,0.0,0.0,1,1866.0,1871.0,1,1886.0,1873.0,1873.0,1873.0,1.0,1873.0,940
2023-05-11 09:01:33,UR2312,UR312,1873.0,0.0,0.0,0.0,1,1865.0,1871.0,2,1886.0,1873.0,1873.0,1873.0,1.0,1873.0,940
2023-05-11 09:01:34,UR2312,UR312,1873.0,0.0,0.0,0.0,1,1866.0,1871.0,1,1886.0,1873.0,1873.0,1873.0,1.0,1873.0,940
2023-05-11 09:01:34,UR2312,UR312,1873.0,0.0,0.0,0.0,1,1865.0,1871.0,1,1886.0,1873.0,1873.0,1873.0,1.0,1873.0,940
2023-05-11 09:01:35,UR2312,UR312,1873.0,0.0,0.0,0.0,1,1865.0,1870.0,1,1886.0,1873.0,1873.0,1873.0,1.0,1873.0,940
2023-05-11 09:01:37,UR2312,UR312,1873.0,0.0,0.0,0.0,1,1864.0,1869.0,1,1886.0,1873.0,1873.0,1873.0,1.0,1873.0,940
2023-05-11 09:01:37,UR2312,UR312,1873.0,0.0,0.0,0.0,1,1864.0,1868.0,1,1886.0,1873.0,1873.0,1873.0,1.0,1873.0,940
2023-05-11 09:01:39,UR2312,UR312,1873.0,0.0,0.0,0.0,1,1864.0,1869.0,1,1886.0,1873.0,1873.0,1873.0,1.0,1873.0,940
2023-05-11 09:01:40,UR2312,UR312,1873.0,0.0,0.0,0.0,1,1863.0,1867.0,1,1886.0,1873.0,1873.0,1873.0,1.0,1873.0,940
2023-05-11 09:01:40,UR2312,UR312,1873.0,0.0,0.0,0.0,1,1864.0,1869.0,1,1886.0,1873.0,1873.0,1873.0,1.0,1873.0,940
2023-05-11 09:01:41,UR2312,UR312,1873.0,0.0,0.0,0.0,1,1864.0,1869.0,2,1886.0,1873.0,1873.0,1873.0,1.0,1873.0,940
2023-05-11 09:01:42,UR2312,UR312,1873.0,0.0,0.0,0.0,1,1863.0,1868.0,1,1886.0,1873.0,1873.0,1873.0,1.0,1873.0,940
2023-05-11 09:01:42,UR2312,UR312,1873.0,0.0,0.0,0.0,1,1863.0,1867.0,1,1886.0,1873.0,1873.0,1873.0,1.0,1873.0,940
2023-05-11 09:01:50,UR2312,UR312,1873.0,0.0,0.0,0.0,2,1863.0,1867.0,1,1886.0,1873.0,1873.0,1873.0,1.0,1873.0,940
2023-05-11 09:01:50,UR2312,UR312,1873.0,0.0,0.0,0.0,1,1863.0,1867.0,1,1886.0,1873.0,1873.0,1873.0,1.0,1873.0,940
2023-05-11 09:01:52,UR2312,UR312,1873.0,0.0,0.0,0.0,1,1864.0,1867.0,1,1886.0,1873.0,1873.0,1873.0,1.0,1873.0,940
2023-05-11 09:01:53,UR2312,UR312,1873.0,0.0,0.0,0.0,1,1862.0,1868.0,1,1886.0,1873.0,1873.0,1873.0,1.0,1873.0,940
2023-05-11 09:01:53,UR2312,UR312,1873.0,0.0,0.0,0.0,1,1862.0,1866.0,1,1886.0,1873.0,1873.0,1873.0,1.0,1873.0,940
2023-05-11 09:01:55,UR2312,UR312,1873.0,0.0,0.0,0.0,1,1863.0,1867.0,1,1886.0,1873.0,1873.0,1873.0,1.0,1873.0,940
2023-05-11 09:01:58,UR2312,UR312,1873.0,0.0,0.0,0.0,1,1864.0,1868.0,1,1886.0,1873.0,1873.0,1873.0,1.0,1873.0,940
2023-05-11 09:02:00,UR2312,UR312,1873.0,0.0,0.0,0.0,1,1863.0,1868.0,2,1886.0,1873.0,1873.0,1873.0,1.0,1873.0,940
2023-05-11 09:02:01,UR2312,UR312,1873.0,0.0,0.0,0.0,1,1865.0,1868.0,2,1886.0,1873.0,1873.0,1873.0,1.0,1873.0,940
2023-05-11 09:02:02,UR2312,UR312,1873.0,0.0,0.0,0.0,1,1864.0,1868.0,1,1886.0,1873.0,1873.0,1873.0,1.0,1873.0,940
2023-05-11 09:02:04,UR2312,UR312,1873.0,0.0,0.0,0.0,1,1864.0,1869.0,1,1886.0,1873.0,1873.0,1873.0,1.0,1873.0,940
2023-05-11 09:02:04,UR2312,UR312,1873.0,0.0,0.0,0.0,1,1864.0,1869.0,2,1886.0,1873.0,1873.0,1873.0,1.0,1873.0,940
2023-05-11 09:02:06,UR2312,UR312,1873.0,0.0,0.0,0.0,1,1865.0,1869.0,1,1886.0,1873.0,1873.0,1873.0,1.0,1873.0,940
2023-05-11 09:02:06,UR2312,UR312,1873.0,0.0,0.0,0.0,4,1864.0,1869.0,1,1886.0,1873.0,1873.0,1873.0,1.0,1873.0,940
2023-05-11 09:02:07,UR2312,UR312,1873.0,0.0,0.0,0.0,4,1864.0,1869.0,2,1886.0,1873.0,1873.0,1873.0,1.0,1873.0,940
2023-05-11 09:02:08,UR2312,UR312,1873.0,0.0,0.0,0.0,4,1864.0,1868.0,1,1886.0,1873.0,1873.0,1873.0,1.0,1873.0,940
2023-05-11 09:02:09,UR2312,UR312,1873.0,0.0,0.0,0.0,1,1863.0,1867.0,1,1886.0,1873.0,1873.0,1873.0,1.0,1873.0,940
2023-05-11 09:02:09,UR2312,UR312,1873.0,0.0,0.0,0.0,1,1863.0,1867.0,2,1886.0,1873.0,1873.0,1873.0,1.0,1873.0,940
2023-05-11 09:02:10,UR2312,UR312,1873.0,0.0,0.0,0.0,1,1863.0,1866.0,1,1886.0,1873.0,1873.0,1873.0,1.0,1873.0,940
2023-05-11 09:02:15,UR2312,UR312,1873.0,0.0,0.0,0.0,1,1863.0,1867.0,1,1886.0,1873.0,1873.0,1873.0,1.0,1873.0,940
2023-05-11 09:02:16,UR2312,UR312,1873.0,0.0,0.0,0.0,1,1863.0,1866.0,1,1886.0,1873.0,1873.0,1873.0,1.0,1873.0,940
2023-05-11 09:02:18,UR2312,UR312,1873.0,0.0,0.0,0.0,1,1865.0,1867.0,1,1886.0,1873.0,1873.0,1873.0,1.0,1873.0,940
2023-05-11 09:02:18,UR2312,UR312,1873.0,0.0,0.0,0.0,1,1864.0,1867.0,1,1886.0,1873.0,1873.0,1873.0,1.0,1873.0,940
2023-05-11 09:02:19,UR2312,UR312,1873.0,0.0,0.0,0.0,1,1865.0,1867.0,1,1886.0,1873.0,1873.0,1873.0,1.0,1873.0,940
2023-05-11 09:02:20,UR2312,UR312,1873.0,0.0,0.0,0.0,1,1864.0,1867.0,1,1886.0,1873.0,1873.0,1873.0,1.0,1873.0,940
2023-05-11 09:02:23,UR2312,UR312,1873.0,0.0,0.0,0.0,1,1865.0,1867.0,1,1886.0,1873.0,1873.0,1873.0,1.0,1873.0,940
2023-05-11 09:02:24,UR2312,UR312,1873.0,0.0,0.0,0.0,1,1865.0,1868.0,1,1886.0,1873.0,1873.0,1873.0,1.0,1873.0,940
2023-05-11 09:02:24,UR2312,UR312,1873.0,0.0,0.0,0.0,1,1864.0,1868.0,2,1886.0,1873.0,1873.0,1873.0,1.0,1873.0,940
2023-05-11 09:02:26,UR2312,UR312,1873.0,0.0,0.0,0.0,1,1865.0,1868.0,1,1886.0,1873.0,1873.0,1873.0,1.0,1873.0,940
2023-05-11 09:02:36,UR2312,UR312,1873.0,0.0,0.0,0.0,1,1866.0,1868.0,1,1886.0,1873.0,1873.0,1873.0,1.0,1873.0,940
2023-05-11 09:02:38,UR2312,UR312,1873.0,0.0,0.0,0.0,1,1865.0,1868.0,1,1886.0,1873.0,1873.0,1873.0,1.0,1873.0,940
2023-05-11 09:02:41,UR2312,UR312,1873.0,0.0,0.0,0.0,1,1866.0,1868.0,1,1886.0,1873.0,1873.0,1873.0,1.0,1873.0,940
2023-05-11 09:02:42,UR2312,UR312,1873.0,0.0,0.0,0.0,1,1865.0,1868.0,1,1886.0,1873.0,1873.0,1873.0,1.0,1873.0,940
2023-05-11 09:02:42,UR2312,UR312,1873.0,0.0,0.0,0.0,1,1866.0,1868.0,1,1886.0,1873.0,1873.0,1873.0,1.0,1873.0,940
2023-05-11 09:02:43,UR2312,UR312,1873.0,0.0,0.0,0.0,1,1865.0,1868.0,1,1886.0,1873.0,1873.0,1873.0,1.0,1873.0,940
2023-05-11 09:02:44,UR2312,UR312,1873.0,0.0,0.0,0.0,1,1866.0,1869.0,1,1886.0,1873.0,1873.0,1873.0,1.0,1873.0,940
2023-05-11 09:02:44,UR2312,UR312,1873.0,0.0,0.0,0.0,1,1866.0,1869.0,2,1886.0,1873.0,1873.0,1873.0,1.0,1873.0,940
2023-05-11 09:02:46,UR2312,UR312,1873.0,0.0,0.0,0.0,1,1865.0,1869.0,2,1886.0,1873.0,1873.0,1873.0,1.0,1873.0,940
2023-05-11 09:02:48,UR2312,UR312,1873.0,0.0,0.0,0.0,1,1865.0,1868.0,1,1886.0,1873.0,1873.0,1873.0,1.0,1873.0,940
2023-05-11 09:02:49,UR2312,UR312,1873.0,0.0,0.0,0.0,1,1865.0,1868.0,2,1886.0,1873.0,1873.0,1873.0,1.0,1873.0,940
2023-05-11 09:02:55,UR2312,UR312,1873.0,0.0,0.0,0.0,1,1865.0,1869.0,1,1886.0,1873.0,1873.0,1873.0,1.0,1873.0,940
2023-05-11 09:02:56,UR2312,UR312,1873.0,0.0,0.0,0.0,1,1866.0,1869.0,1,1886.0,1873.0,1873.0,1873.0,1.0,1873.0,940
2023-05-11 09:02:56,UR2312,UR312,1873.0,0.0,0.0,0.0,1,1866.0,1869.0,2,1886.0,1873.0,1873.0,1873.0,1.0,1873.0,940
2023-05-11 09:02:58,UR2312,UR312,1873.0,0.0,0.0,0.0,1,1866.0,1870.0,1,1886.0,1873.0,1873.0,1873.0,1.0,1873.0,940
2023-05-11 09:02:59,UR2312,UR312,1873.0,0.0,0.0,0.0,1,1866.0,1869.0,1,1886.0,1873.0,1873.0,1873.0,1.0,1873.0,940
2023-05-11 09:03:00,UR2312,UR312,1873.0,0.0,0.0,0.0,1,1866.0,1869.0,2,1886.0,1873.0,1873.0,1873.0,1.0,1873.0,940
2023-05-11 09:03:01,UR2312,UR312,1873.0,0.0,0.0,0.0,1,1866.0,1869.0,1,1886.0,1873.0,1873.0,1873.0,1.0,1873.0,940
2023-05-11 09:03:01,UR2312,UR312,1873.0,0.0,0.0,0.0,1,1866.0,1870.0,1,1886.0,1873.0,1873.0,1873.0,1.0,1873.0,940
2023-05-11 09:03:02,UR2312,UR312,1873.0,0.0,0.0,0.0,1,1866.0,1869.0,1,1886.0,1873.0,1873.0,1873.0,1.0,1873.0,940
2023-05-11 09:03:03,UR2312,UR312,1873.0,0.0,0.0,0.0,1,1866.0,1869.0,2,1886.0,1873.0,1873.0,1873.0,1.0,1873.0,940
2023-05-11 09:03:12,UR2312,UR312,1873.0,0.0,0.0,0.0,1,1866.0,1870.0,1,1886.0,1873.0,1873.0,1873.0,1.0,1873.0,940
2023-05-11 09:03:13,UR2312,UR312,1873.0,0.0,0.0,0.0,1,1866.0,1870.0,2,1886.0,1873.0,1873.0,1873.0,1.0,1873.0,940
2023-05-11 09:03:20,UR2312,UR312,1873.0,0.0,0.0,0.0,1,1867.0,1870.0,2,1886.0,1873.0,1873.0,1873.0,1.0,1873.0,940
2023-05-11 09:03:21,UR2312,UR312,1873.0,0.0,0.0,0.0,1,1866.0,1870.0,2,1886.0,1873.0,1873.0,1873.0,1.0,1873.0,940
2023-05-11 09:03:22,UR2312,UR312,1873.0,0.0,0.0,0.0,1,1866.0,1870.0,1,1886.0,1873.0,1873.0,1873.0,1.0,1873.0,940
2023-05-11 09:03:26,UR2312,UR312,1873.0,0.0,0.0,0.0,1,1867.0,1870.0,1,1886.0,1873.0,1873.0,1873.0,1.0,1873.0,940
2023-05-11 09:03:27,UR2312,UR312,1873.0,0.0,0.0,0.0,1,1866.0,1870.0,1,1886.0,1873.0,1873.0,1873.0,1.0,1873.0,940
2023-05-11 09:03:29,UR2312,UR312,1873.0,0.0,0.0,0.0,1,1867.0,1870.0,1,1886.0,1873.0,1873.0,1873.0,1.0,1873.0,940
2023-05-11 09:03:31,UR2312,UR312,1873.0,0.0,0.0,0.0,1,1866.0,1871.0,1,1886.0,1873.0,1873.0,1873.0,1.0,1873.0,940
2023-05-11 09:03:31,UR2312,UR312,1873.0,0.0,0.0,0.0,1,1866.0,1870.0,1,1886.0,1873.0,1873.0,1873.0,1.0,1873.0,940
2023-05-11 09:03:42,UR2312,UR312,1873.0,0.0,0.0,0.0,1,1866.0,1869.0,1,1886.0,1873.0,1873.0,1873.0,1.0,1873.0,940
2023-05-11 09:03:45,UR2312,UR312,1873.0,0.0,0.0,0.0,1,1865.0,1869.0,1,1886.0,1873.0,1873.0,1873.0,1.0,1873.0,940
2023-05-11 09:03:46,UR2312,UR312,1873.0,0.0,0.0,0.0,1,1865.0,1869.0,2,1886.0,1873.0,1873.0,1873.0,1.0,1873.0,940
2023-05-11 09:03:46,UR2312,UR312,1873.0,0.0,0.0,0.0,1,1865.0,1868.0,1,1886.0,1873.0,1873.0,1873.0,1.0,1873.0,940
2023-05-11 09:03:52,UR2312,UR312,1873.0,0.0,0.0,0.0,1,1864.0,1868.0,1,1886.0,1873.0,1873.0,1873.0,1.0,1873.0,940
2023-05-11 09:03:53,UR2312,UR312,1873.0,0.0,0.0,0.0,1,1864.0,1867.0,1,1886.0,1873.0,1873.0,1873.0,1.0,1873.0,940
2023-05-11 09:03:54,UR2312,UR312,1873.0,0.0,0.0,0.0,1,1863.0,1867.0,1,1886.0,1873.0,1873.0,1873.0,1.0,1873.0,940
2023-05-11 09:03:54,UR2312,UR312,1873.0,0.0,0.0,0.0,1,1863.0,1866.0,1,1886.0,1873.0,1873.0,1873.0,1.0,1873.0,940
2023-05-11 09:03:54,UR2312,UR312,1873.0,0.0,0.0,0.0,1,1863.0,1866.0,2,1886.0,1873.0,1873.0,1873.0,1.0,1873.0,940
2023-05-11 09:03:55,UR2312,UR312,1873.0,0.0,0.0,0.0,1,1863.0,1866.0,1,1886.0,1873.0,1873.0,1873.0,1.0,1873.0,940
2023-05-11 09:03:58,UR2312,UR312,1873.0,0.0,0.0,0.0,1,1863.0,1866.0,2,1886.0,1873.0,1873.0,1873.0,1.0,1873.0,940
2023-05-11 09:04:00,UR2312,UR312,1873.0,0.0,0.0,0.0,1,1863.0,1865.0,1,1886.0,1873.0,1873.0,1873.0,1.0,1873.0,940
2023-05-11 09:04:01,UR2312,UR312,1873.0,0.0,0.0,0.0,1,1862.0,1865.0,1,1886.0,1873.0,1873.0,1873.0,1.0,1873.0,940
2023-05-11 09:04:01,UR2312,UR312,1873.0,0.0,0.0,0.0,1,1863.0,1865.0,1,1886.0,1873.0,1873.0,1873.0,1.0,1873.0,940
2023-05-11 09:04:02,UR2312,UR312,1873.0,0.0,0.0,0.0,1,1863.0,1866.0,1,1886.0,1873.0,1873.0,1873.0,1.0,1873.0,940
2023-05-11 09:04:03,UR2312,UR312,1873.0,0.0,0.0,0.0,1,1863.0,1865.0,1,1886.0,1873.0,1873.0,1873.0,1.0,1873.0,940
2023-05-11 09:04:05,UR2312,UR312,1873.0,0.0,0.0,0.0,1,1864.0,1865.0,1,1886.0,1873.0,1873.0,1873.0,1.0,1873.0,940
2023-05-11 09:04:05,UR2312,UR312,1873.0,0.0,0.0,0.0,1,1864.0,1866.0,1,1886.0,1873.0,1873.0,1873.0,1.0,1873.0,940
2023-05-11 09:04:06,UR2312,UR312,1873.0,0.0,0.0,0.0,1,1864.0,1867.0,1,1886.0,1873.0,1873.0,1873.0,1.0,1873.0,940
2023-05-11 09:04:08,UR2312,UR312,1873.0,0.0,0.0,0.0,1,1865.0,1867.0,1,1886.0,1873.0,1873.0,1873.0,1.0,1873.0,940
2023-05-11 09:04:09,UR2312,UR312,1873.0,0.0,0.0,0.0,1,1864.0,1867.0,1,1886.0,1873.0,1873.0,1873.0,1.0,1873.0,940
2023-05-11 09:04:09,UR2312,UR312,1873.0,0.0,0.0,0.0,1,1864.0,1867.0,2,1886.0,1873.0,1873.0,1873.0,1.0,1873.0,940
2023-05-11 09:04:10,UR2312,UR312,1873.0,0.0,0.0,0.0,1,1865.0,1867.0,1,1886.0,1873.0,1873.0,1873.0,1.0,1873.0,940
2023-05-11 09:04:10,UR2312,UR312,1873.0,0.0,0.0,0.0,1,1864.0,1867.0,1,1886.0,1873.0,1873.0,1873.0,1.0,1873.0,940
2023-05-11 09:04:11,UR2312,UR312,1873.0,0.0,0.0,0.0,1,1864.0,1866.0,1,1886.0,1873.0,1873.0,1873.0,1.0,1873.0,940
2023-05-11 09:04:13,UR2312,UR312,1873.0,0.0,0.0,0.0,1,1863.0,1866.0,1,1886.0,1873.0,1873.0,1873.0,1.0,1873.0,940
2023-05-11 09:04:14,UR2312,UR312,1873.0,0.0,0.0,0.0,1,1863.0,1865.0,1,1886.0,1873.0,1873.0,1873.0,1.0,1873.0,940
2023-05-11 09:04:15,UR2312,UR312,1873.0,0.0,0.0,0.0,1,1863.0,1866.0,1,1886.0,1873.0,1873.0,1873.0,1.0,1873.0,940
2023-05-11 09:04:16,UR2312,UR312,1873.0,0.0,0.0,0.0,1,1863.0,1866.0,2,1886.0,1873.0,1873.0,1873.0,1.0,1873.0,940
2023-05-11 09:04:18,UR2312,UR312,1873.0,0.0,0.0,0.0,1,1863.0,1866.0,1,1886.0,1873.0,1873.0,1873.0,1.0,1873.0,940
2023-05-11 09:04:18,UR2312,UR312,1873.0,0.0,0.0,0.0,1,1865.0,1866.0,1,1886.0,1873.0,1873.0,1873.0,1.0,1873.0,940
2023-05-11 09:04:20,UR2312,UR312,1873.0,0.0,0.0,0.0,1,1865.0,1867.0,1,1886.0,1873.0,1873.0,1873.0,1.0,1873.0,940
2023-05-11 09:04:23,UR2312,UR312,1873.0,0.0,0.0,0.0,1,1865.0,1867.0,2,1886.0,1873.0,1873.0,1873.0,1.0,1873.0,940
2023-05-11 09:04:24,UR2312,UR312,1873.0,0.0,0.0,0.0,1,1865.0,1867.0,1,1886.0,1873.0,1873.0,1873.0,1.0,1873.0,940
2023-05-11 09:04:27,UR2312,UR312,1873.0,0.0,0.0,0.0,1,1865.0,1867.0,2,1886.0,1873.0,1873.0,1873.0,1.0,1873.0,940
2023-05-11 09:04:31,UR2312,UR312,1873.0,0.0,0.0,0.0,1,1864.0,1866.0,1,1886.0,1873.0,1873.0,1873.0,1.0,1873.0,940
2023-05-11 09:04:31,UR2312,UR312,1873.0,0.0,0.0,0.0,1,1863.0,1866.0,1,1886.0,1873.0,1873.0,1873.0,1.0,1873.0,940
2023-05-11 09:04:31,UR2312,UR312,1873.0,0.0,0.0,0.0,1,1863.0,1865.0,1,1886.0,1873.0,1873.0,1873.0,1.0,1873.0,940
2023-05-11 09:04:32,UR2312,UR312,1873.0,0.0,0.0,0.0,1,1864.0,1865.0,1,1886.0,1873.0,1873.0,1873.0,1.0,1873.0,940
2023-05-11 09:04:35,UR2312,UR312,1873.0,0.0,0.0,0.0,1,1864.0,1866.0,1,1886.0,1873.0,1873.0,1873.0,1.0,1873.0,940
2023-05-11 09:04:40,UR2312,UR312,1873.0,0.0,0.0,0.0,1,1865.0,1866.0,1,1886.0,1873.0,1873.0,1873.0,1.0,1873.0,940
2023-05-11 09:04:44,UR2312,UR312,1865.0,1.0,1865.0,0.0,1,1864.0,1866.0,1,1886.0,1873.0,1873.0,1865.0,2.0,3738.0,940
2023-05-11 09:04:45,UR2312,UR312,1865.0,0.0,0.0,0.0,4,1864.0,1866.0,1,1886.0,1873.0,1873.0,1865.0,2.0,3738.0,940
2023-05-11 09:04:47,UR2312,UR312,1865.0,0.0,0.0,0.0,4,1864.0,1868.0,21,1886.0,1873.0,1873.0,1865.0,2.0,3738.0,940
2023-05-11 09:04:47,UR2312,UR312,1865.0,0.0,0.0,0.0,4,1864.0,1868.0,18,1886.0,1873.0,1873.0,1865.0,2.0,3738.0,940
2023-05-11 09:04:48,UR2312,UR312,1865.0,0.0,0.0,0.0,4,1864.0,1868.0,19,1886.0,1873.0,1873.0,1865.0,2.0,3738.0,940
2023-05-11 09:04:49,UR2312,UR312,1865.0,0.0,0.0,0.0,4,1864.0,1867.0,3,1886.0,1873.0,1873.0,1865.0,2.0,3738.0,940
2023-05-11 09:04:49,UR2312,UR312,1865.0,0.0,0.0,0.0,4,1864.0,1867.0,6,1886.0,1873.0,1873.0,1865.0,2.0,3738.0,940
2023-05-11 09:04:50,UR2312,UR312,1865.0,0.0,0.0,0.0,4,1864.0,1867.0,7,1886.0,1873.0,1873.0,1865.0,2.0,3738.0,940
2023-05-11 09:04:52,UR2312,UR312,1865.0,0.0,0.0,0.0,4,1864.0,1867.0,6,1886.0,1873.0,1873.0,1865.0,2.0,3738.0,940
2023-05-11 09:04:54,UR2312,UR312,1865.0,0.0,0.0,0.0,4,1864.0,1867.0,7,1886.0,1873.0,1873.0,1865.0,2.0,3738.0,940
2023-05-11 09:05:01,UR2312,UR312,1865.0,0.0,0.0,0.0,3,1864.0,1867.0,7,1886.0,1873.0,1873.0,1865.0,2.0,3738.0,940
2023-05-11 09:05:01,UR2312,UR312,1865.0,0.0,0.0,0.0,1,1863.0,1867.0,7,1886.0,1873.0,1873.0,1865.0,2.0,3738.0,940
2023-05-11 09:05:02,UR2312,UR312,1865.0,0.0,0.0,0.0,2,1863.0,1867.0,7,1886.0,1873.0,1873.0,1865.0,2.0,3738.0,940
2023-05-11 09:05:02,UR2312,UR312,1865.0,0.0,0.0,0.0,3,1863.0,1867.0,9,1886.0,1873.0,1873.0,1865.0,2.0,3738.0,940
2023-05-11 09:05:03,UR2312,UR312,1865.0,0.0,0.0,0.0,4,1863.0,1866.0,4,1886.0,1873.0,1873.0,1865.0,2.0,3738.0,940
2023-05-11 09:05:03,UR2312,UR312,1865.0,0.0,0.0,0.0,4,1863.0,1866.0,5,1886.0,1873.0,1873.0,1865.0,2.0,3738.0,940
2023-05-11 09:05:05,UR2312,UR312,1865.0,0.0,0.0,0.0,4,1863.0,1866.0,4,1886.0,1873.0,1873.0,1865.0,2.0,3738.0,940
2023-05-11 09:05:05,UR2312,UR312,1865.0,0.0,0.0,0.0,4,1863.0,1866.0,5,1886.0,1873.0,1873.0,1865.0,2.0,3738.0,940
2023-05-11 09:05:08,UR2312,UR312,1865.0,0.0,0.0,0.0,1,1864.0,1866.0,1,1886.0,1873.0,1873.0,1865.0,2.0,3738.0,940
2023-05-11 09:05:08,UR2312,UR312,1865.0,0.0,0.0,0.0,1,1863.0,1866.0,1,1886.0,1873.0,1873.0,1865.0,2.0,3738.0,940
2023-05-11 09:05:09,UR2312,UR312,1865.0,0.0,0.0,0.0,4,1863.0,1866.0,1,1886.0,1873.0,1873.0,1865.0,2.0,3738.0,940
2023-05-11 09:05:10,UR2312,UR312,1865.0,0.0,0.0,0.0,1,1864.0,1866.0,1,1886.0,1873.0,1873.0,1865.0,2.0,3738.0,940
2023-05-11 09:05:11,UR2312,UR312,1865.0,0.0,0.0,0.0,1,1865.0,1868.0,21,1886.0,1873.0,1873.0,1865.0,2.0,3738.0,940
2023-05-11 09:05:12,UR2312,UR312,1865.0,0.0,0.0,0.0,4,1865.0,1868.0,18,1886.0,1873.0,1873.0,1865.0,2.0,3738.0,940
2023-05-11 09:05:12,UR2312,UR312,1865.0,0.0,0.0,0.0,3,1865.0,1868.0,9,1886.0,1873.0,1873.0,1865.0,2.0,3738.0,940
2023-05-11 09:05:15,UR2312,UR312,1865.0,0.0,0.0,0.0,3,1865.0,1868.0,19,1886.0,1873.0,1873.0,1865.0,2.0,3738.0,940
2023-05-11 09:05:16,UR2312,UR312,1865.0,0.0,0.0,0.0,1,1865.0,1868.0,19,1886.0,1873.0,1873.0,1865.0,2.0,3738.0,940
2023-05-11 09:05:17,UR2312,UR312,1865.0,0.0,0.0,0.0,4,1865.0,1868.0,9,1886.0,1873.0,1873.0,1865.0,2.0,3738.0,940
2023-05-11 09:05:17,UR2312,UR312,1865.0,0.0,0.0,0.0,4,1865.0,1868.0,6,1886.0,1873.0,1873.0,1865.0,2.0,3738.0,940
2023-05-11 09:05:17,UR2312,UR312,1865.0,0.0,0.0,0.0,4,1865.0,1868.0,1,1886.0,1873.0,1873.0,1865.0,2.0,3738.0,940
2023-05-11 09:05:25,UR2312,UR312,1865.0,0.0,0.0,0.0,4,1865.0,1868.0,2,1886.0,1873.0,1873.0,1865.0,2.0,3738.0,940
2023-05-11 09:05:26,UR2312,UR312,1865.0,0.0,0.0,0.0,4,1865.0,1868.0,4,1886.0,1873.0,1873.0,1865.0,2.0,3738.0,940
2023-05-11 09:05:30,UR2312,UR312,1865.0,0.0,0.0,0.0,3,1865.0,1868.0,4,1886.0,1873.0,1873.0,1865.0,2.0,3738.0,940
2023-05-11 09:05:31,UR2312,UR312,1865.0,0.0,0.0,0.0,1,1864.0,1868.0,4,1886.0,1873.0,1873.0,1865.0,2.0,3738.0,940
2023-05-11 09:05:31,UR2312,UR312,1865.0,0.0,0.0,0.0,4,1864.0,1867.0,3,1886.0,1873.0,1873.0,1865.0,2.0,3738.0,940
2023-05-11 09:05:32,UR2312,UR312,1865.0,0.0,0.0,0.0,4,1864.0,1867.0,7,1886.0,1873.0,1873.0,1865.0,2.0,3738.0,940
2023-05-11 09:05:33,UR2312,UR312,1865.0,0.0,0.0,0.0,4,1864.0,1867.0,18,1886.0,1873.0,1873.0,1865.0,2.0,3738.0,940
2023-05-11 09:05:34,UR2312,UR312,1865.0,0.0,0.0,0.0,3,1864.0,1867.0,18,1886.0,1873.0,1873.0,1865.0,2.0,3738.0,940
2023-05-11 09:05:34,UR2312,UR312,1865.0,0.0,0.0,0.0,1,1863.0,1867.0,18,1886.0,1873.0,1873.0,1865.0,2.0,3738.0,940
2023-05-11 09:05:35,UR2312,UR312,1865.0,0.0,0.0,0.0,4,1863.0,1866.0,3,1886.0,1873.0,1873.0,1865.0,2.0,3738.0,940
2023-05-11 09:05:35,UR2312,UR312,1865.0,0.0,0.0,0.0,4,1863.0,1866.0,2,1886.0,1873.0,1873.0,1865.0,2.0,3738.0,940
2023-05-11 09:05:36,UR2312,UR312,1865.0,0.0,0.0,0.0,4,1863.0,1867.0,1,1886.0,1873.0,1873.0,1865.0,2.0,3738.0,940
2023-05-11 09:05:36,UR2312,UR312,1865.0,0.0,0.0,0.0,4,1863.0,1867.0,7,1886.0,1873.0,1873.0,1865.0,2.0,3738.0,940
2023-05-11 09:05:37,UR2312,UR312,1865.0,0.0,0.0,0.0,4,1863.0,1866.0,1,1886.0,1873.0,1873.0,1865.0,2.0,3738.0,940
2023-05-11 09:05:38,UR2312,UR312,1865.0,0.0,0.0,0.0,4,1863.0,1866.0,2,1886.0,1873.0,1873.0,1865.0,2.0,3738.0,940
2023-05-11 09:05:38,UR2312,UR312,1865.0,0.0,0.0,0.0,4,1863.0,1866.0,3,1886.0,1873.0,1873.0,1865.0,2.0,3738.0,940
2023-05-11 09:05:40,UR2312,UR312,1865.0,0.0,0.0,0.0,4,1863.0,1866.0,2,1886.0,1873.0,1873.0,1865.0,2.0,3738.0,940
2023-05-11 09:05:52,UR2312,UR312,1865.0,0.0,0.0,0.0,3,1863.0,1865.0,4,1886.0,1873.0,1873.0,1865.0,2.0,3738.0,940
2023-05-11 09:05:53,UR2312,UR312,1865.0,0.0,0.0,0.0,1,1862.0,1865.0,4,1886.0,1873.0,1873.0,1865.0,2.0,3738.0,940
2023-05-11 09:05:53,UR2312,UR312,1865.0,0.0,0.0,0.0,4,1862.0,1865.0,4,1886.0,1873.0,1873.0,1865.0,2.0,3738.0,940
2023-05-11 09:05:54,UR2312,UR312,1865.0,0.0,0.0,0.0,3,1862.0,1864.0,5,1886.0,1873.0,1873.0,1865.0,2.0,3738.0,940
2023-05-11 09:05:55,UR2312,UR312,1865.0,0.0,0.0,0.0,2,1862.0,1864.0,6,1886.0,1873.0,1873.0,1865.0,2.0,3738.0,940
2023-05-11 09:05:57,UR2312,UR312,1862.0,1.0,1863.0,1.0,1,1862.0,1864.0,5,1886.0,1873.0,1873.0,1862.0,3.0,5601.0,941
2023-05-11 09:05:57,UR2312,UR312,1862.0,0.0,0.0,0.0,1,1861.0,1864.0,13,1886.0,1873.0,1873.0,1862.0,3.0,5601.0,941
2023-05-11 09:05:58,UR2312,UR312,1862.0,0.0,0.0,0.0,3,1861.0,1864.0,15,1886.0,1873.0,1873.0,1862.0,3.0,5601.0,941
2023-05-11 09:05:59,UR2312,UR312,1862.0,0.0,0.0,0.0,3,1861.0,1863.0,2,1886.0,1873.0,1873.0,1862.0,3.0,5601.0,941
2023-05-11 09:06:00,UR2312,UR312,1862.0,0.0,0.0,0.0,3,1861.0,1864.0,22,1886.0,1873.0,1873.0,1862.0,3.0,5601.0,941
2023-05-11 09:06:00,UR2312,UR312,1862.0,0.0,0.0,0.0,3,1861.0,1864.0,21,1886.0,1873.0,1873.0,1862.0,3.0,5601.0,941
2023-05-11 09:06:01,UR2312,UR312,1862.0,0.0,0.0,0.0,3,1861.0,1864.0,23,1886.0,1873.0,1873.0,1862.0,3.0,5601.0,941
2023-05-11 09:06:01,UR2312,UR312,1862.0,0.0,0.0,0.0,3,1861.0,1864.0,21,1886.0,1873.0,1873.0,1862.0,3.0,5601.0,941
2023-05-11 09:06:03,UR2312,UR312,1862.0,0.0,0.0,0.0,3,1861.0,1864.0,15,1886.0,1873.0,1873.0,1862.0,3.0,5601.0,941
2023-05-11 09:06:03,UR2312,UR312,1862.0,0.0,0.0,0.0,1,1862.0,1864.0,15,1886.0,1873.0,1873.0,1862.0,3.0,5601.0,941
2023-05-11 09:06:04,UR2312,UR312,1862.0,0.0,0.0,0.0,1,1861.0,1864.0,5,1886.0,1873.0,1873.0,1862.0,3.0,5601.0,941
2023-05-11 09:06:04,UR2312,UR312,1862.0,0.0,0.0,0.0,1,1862.0,1863.0,1,1886.0,1873.0,1873.0,1862.0,3.0,5601.0,941
2023-05-11 09:06:06,UR2312,UR312,1862.0,0.0,0.0,0.0,1,1862.0,1864.0,14,1886.0,1873.0,1873.0,1862.0,3.0,5601.0,941
2023-05-11 09:06:07,UR2312,UR312,1862.0,0.0,0.0,0.0,3,1861.0,1864.0,15,1886.0,1873.0,1873.0,1862.0,3.0,5601.0,941
2023-05-11 09:06:07,UR2312,UR312,1862.0,0.0,0.0,0.0,4,1861.0,1864.0,15,1886.0,1873.0,1873.0,1862.0,3.0,5601.0,941
2023-05-11 09:06:08,UR2312,UR312,1862.0,0.0,0.0,0.0,4,1861.0,1864.0,5,1886.0,1873.0,1873.0,1862.0,3.0,5601.0,941
2023-05-11 09:06:09,UR2312,UR312,1862.0,0.0,0.0,0.0,1,1862.0,1864.0,5,1886.0,1873.0,1873.0,1862.0,3.0,5601.0,941
2023-05-11 09:06:10,UR2312,UR312,1862.0,0.0,0.0,0.0,2,1862.0,1864.0,5,1886.0,1873.0,1873.0,1862.0,3.0,5601.0,941
2023-05-11 09:06:11,UR2312,UR312,1862.0,0.0,0.0,0.0,3,1862.0,1864.0,5,1886.0,1873.0,1873.0,1862.0,3.0,5601.0,941
2023-05-11 09:06:12,UR2312,UR312,1862.0,0.0,0.0,0.0,2,1862.0,1864.0,5,1886.0,1873.0,1873.0,1862.0,3.0,5601.0,941
2023-05-11 09:06:12,UR2312,UR312,1862.0,0.0,0.0,0.0,3,1862.0,1864.0,1,1886.0,1873.0,1873.0,1862.0,3.0,5601.0,941
2023-05-11 09:06:13,UR2312,UR312,1862.0,0.0,0.0,0.0,3,1862.0,1865.0,16,1886.0,1873.0,1873.0,1862.0,3.0,5601.0,941
2023-05-11 09:06:13,UR2312,UR312,1862.0,0.0,0.0,0.0,3,1862.0,1865.0,5,1886.0,1873.0,1873.0,1862.0,3.0,5601.0,941
2023-05-11 09:06:14,UR2312,UR312,1862.0,0.0,0.0,0.0,3,1862.0,1865.0,6,1886.0,1873.0,1873.0,1862.0,3.0,5601.0,941
2023-05-11 09:06:14,UR2312,UR312,1862.0,0.0,0.0,0.0,3,1862.0,1865.0,1,1886.0,1873.0,1873.0,1862.0,3.0,5601.0,941
2023-05-11 09:06:15,UR2312,UR312,1862.0,0.0,0.0,0.0,3,1862.0,1866.0,15,1886.0,1873.0,1873.0,1862.0,3.0,5601.0,941
2023-05-11 09:06:15,UR2312,UR312,1862.0,0.0,0.0,0.0,3,1862.0,1865.0,2,1886.0,1873.0,1873.0,1862.0,3.0,5601.0,941
2023-05-11 09:06:16,UR2312,UR312,1862.0,0.0,0.0,0.0,3,1862.0,1865.0,3,1886.0,1873.0,1873.0,1862.0,3.0,5601.0,941
2023-05-11 09:06:17,UR2312,UR312,1862.0,0.0,0.0,0.0,4,1862.0,1865.0,1,1886.0,1873.0,1873.0,1862.0,3.0,5601.0,941
2023-05-11 09:06:17,UR2312,UR312,1862.0,0.0,0.0,0.0,4,1862.0,1866.0,2,1886.0,1873.0,1873.0,1862.0,3.0,5601.0,941
2023-05-11 09:06:18,UR2312,UR312,1862.0,0.0,0.0,0.0,4,1862.0,1866.0,3,1886.0,1873.0,1873.0,1862.0,3.0,5601.0,941
2023-05-11 09:06:20,UR2312,UR312,1862.0,0.0,0.0,0.0,1,1863.0,1866.0,3,1886.0,1873.0,1873.0,1862.0,3.0,5601.0,941
2023-05-11 09:06:21,UR2312,UR312,1862.0,0.0,0.0,0.0,3,1863.0,1866.0,3,1886.0,1873.0,1873.0,1862.0,3.0,5601.0,941
2023-05-11 09:06:22,UR2312,UR312,1862.0,0.0,0.0,0.0,2,1863.0,1866.0,3,1886.0,1873.0,1873.0,1862.0,3.0,5601.0,941
2023-05-11 09:06:24,UR2312,UR312,1862.0,0.0,0.0,0.0,2,1862.0,1866.0,3,1886.0,1873.0,1873.0,1862.0,3.0,5601.0,941
2023-05-11 09:06:24,UR2312,UR312,1862.0,0.0,0.0,0.0,1,1863.0,1866.0,3,1886.0,1873.0,1873.0,1862.0,3.0,5601.0,941
2023-05-11 09:06:27,UR2312,UR312,1862.0,0.0,0.0,0.0,4,1862.0,1866.0,3,1886.0,1873.0,1873.0,1862.0,3.0,5601.0,941
2023-05-11 09:06:33,UR2312,UR312,1862.0,0.0,0.0,0.0,1,1863.0,1866.0,3,1886.0,1873.0,1873.0,1862.0,3.0,5601.0,941
2023-05-11 09:06:34,UR2312,UR312,1862.0,0.0,0.0,0.0,3,1863.0,1866.0,3,1886.0,1873.0,1873.0,1862.0,3.0,5601.0,941
2023-05-11 09:06:34,UR2312,UR312,1862.0,0.0,0.0,0.0,3,1863.0,1866.0,1,1886.0,1873.0,1873.0,1862.0,3.0,5601.0,941
2023-05-11 09:06:35,UR2312,UR312,1862.0,0.0,0.0,0.0,3,1863.0,1867.0,16,1886.0,1873.0,1873.0,1862.0,3.0,5601.0,941
2023-05-11 09:06:35,UR2312,UR312,1862.0,0.0,0.0,0.0,3,1863.0,1867.0,5,1886.0,1873.0,1873.0,1862.0,3.0,5601.0,941
2023-05-11 09:06:36,UR2312,UR312,1862.0,0.0,0.0,0.0,3,1863.0,1867.0,6,1886.0,1873.0,1873.0,1862.0,3.0,5601.0,941
2023-05-11 09:06:36,UR2312,UR312,1862.0,0.0,0.0,0.0,3,1863.0,1867.0,4,1886.0,1873.0,1873.0,1862.0,3.0,5601.0,941
2023-05-11 09:06:37,UR2312,UR312,1862.0,0.0,0.0,0.0,1,1864.0,1867.0,6,1886.0,1873.0,1873.0,1862.0,3.0,5601.0,941
2023-05-11 09:06:38,UR2312,UR312,1862.0,0.0,0.0,0.0,3,1864.0,1867.0,6,1886.0,1873.0,1873.0,1862.0,3.0,5601.0,941
2023-05-11 09:06:39,UR2312,UR312,1862.0,0.0,0.0,0.0,2,1864.0,1867.0,6,1886.0,1873.0,1873.0,1862.0,3.0,5601.0,941
2023-05-11 09:06:40,UR2312,UR312,1862.0,0.0,0.0,0.0,1,1863.0,1865.0,1,1886.0,1873.0,1873.0,1862.0,3.0,5601.0,941
2023-05-11 09:06:41,UR2312,UR312,1862.0,0.0,0.0,0.0,3,1863.0,1867.0,20,1886.0,1873.0,1873.0,1862.0,3.0,5601.0,941
2023-05-11 09:06:42,UR2312,UR312,1862.0,0.0,0.0,0.0,3,1863.0,1867.0,21,1886.0,1873.0,1873.0,1862.0,3.0,5601.0,941
2023-05-11 09:06:42,UR2312,UR312,1862.0,0.0,0.0,0.0,3,1863.0,1866.0,2,1886.0,1873.0,1873.0,1862.0,3.0,5601.0,941
2023-05-11 09:06:43,UR2312,UR312,1862.0,0.0,0.0,0.0,3,1863.0,1867.0,21,1886.0,1873.0,1873.0,1862.0,3.0,5601.0,941
2023-05-11 09:06:43,UR2312,UR312,1862.0,0.0,0.0,0.0,3,1863.0,1867.0,6,1886.0,1873.0,1873.0,1862.0,3.0,5601.0,941
2023-05-11 09:06:44,UR2312,UR312,1862.0,0.0,0.0,0.0,3,1863.0,1867.0,7,1886.0,1873.0,1873.0,1862.0,3.0,5601.0,941
2023-05-11 09:06:46,UR2312,UR312,1862.0,0.0,0.0,0.0,3,1863.0,1867.0,5,1886.0,1873.0,1873.0,1862.0,3.0,5601.0,941
2023-05-11 09:06:49,UR2312,UR312,1862.0,0.0,0.0,0.0,3,1863.0,1867.0,7,1886.0,1873.0,1873.0,1862.0,3.0,5601.0,941
2023-05-11 09:06:52,UR2312,UR312,1862.0,0.0,0.0,0.0,3,1863.0,1867.0,21,1886.0,1873.0,1873.0,1862.0,3.0,5601.0,941
2023-05-11 09:06:53,UR2312,UR312,1862.0,0.0,0.0,0.0,3,1863.0,1866.0,2,1886.0,1873.0,1873.0,1862.0,3.0,5601.0,941
2023-05-11 09:06:55,UR2312,UR312,1862.0,0.0,0.0,0.0,3,1863.0,1866.0,3,1886.0,1873.0,1873.0,1862.0,3.0,5601.0,941
2023-05-11 09:06:59,UR2312,UR312,1862.0,0.0,0.0,0.0,2,1863.0,1866.0,3,1886.0,1873.0,1873.0,1862.0,3.0,5601.0,941
2023-05-11 09:06:59,UR2312,UR312,1862.0,0.0,0.0,0.0,2,1862.0,1866.0,3,1886.0,1873.0,1873.0,1862.0,3.0,5601.0,941
2023-05-11 09:07:00,UR2312,UR312,1862.0,0.0,0.0,0.0,4,1862.0,1866.0,3,1886.0,1873.0,1873.0,1862.0,3.0,5601.0,941
2023-05-11 09:07:01,UR2312,UR312,1862.0,0.0,0.0,0.0,4,1862.0,1866.0,5,1886.0,1873.0,1873.0,1862.0,3.0,5601.0,941
2023-05-11 09:07:01,UR2312,UR312,1862.0,0.0,0.0,0.0,4,1862.0,1866.0,3,1886.0,1873.0,1873.0,1862.0,3.0,5601.0,941
2023-05-11 09:07:02,UR2312,UR312,1862.0,0.0,0.0,0.0,4,1862.0,1866.0,5,1886.0,1873.0,1873.0,1862.0,3.0,5601.0,941
2023-05-11 09:07:03,UR2312,UR312,1862.0,0.0,0.0,0.0,1,1863.0,1866.0,5,1886.0,1873.0,1873.0,1862.0,3.0,5601.0,941
2023-05-11 09:07:04,UR2312,UR312,1862.0,0.0,0.0,0.0,2,1862.0,1866.0,5,1886.0,1873.0,1873.0,1862.0,3.0,5601.0,941
2023-05-11 09:07:04,UR2312,UR312,1862.0,0.0,0.0,0.0,4,1862.0,1866.0,5,1886.0,1873.0,1873.0,1862.0,3.0,5601.0,941
2023-05-11 09:07:05,UR2312,UR312,1862.0,0.0,0.0,0.0,1,1863.0,1866.0,5,1886.0,1873.0,1873.0,1862.0,3.0,5601.0,941
2023-05-11 09:07:07,UR2312,UR312,1862.0,0.0,0.0,0.0,1,1863.0,1866.0,13,1886.0,1873.0,1873.0,1862.0,3.0,5601.0,941
2023-05-11 09:07:07,UR2312,UR312,1862.0,0.0,0.0,0.0,1,1863.0,1866.0,18,1886.0,1873.0,1873.0,1862.0,3.0,5601.0,941
2023-05-11 09:07:09,UR2312,UR312,1862.0,0.0,0.0,0.0,1,1863.0,1865.0,2,1886.0,1873.0,1873.0,1862.0,3.0,5601.0,941
2023-05-11 09:07:10,UR2312,UR312,1862.0,0.0,0.0,0.0,1,1863.0,1865.0,12,1886.0,1873.0,1873.0,1862.0,3.0,5601.0,941
2023-05-11 09:07:10,UR2312,UR312,1862.0,0.0,0.0,0.0,1,1863.0,1865.0,20,1886.0,1873.0,1873.0,1862.0,3.0,5601.0,941
2023-05-11 09:07:11,UR2312,UR312,1862.0,0.0,0.0,0.0,1,1863.0,1865.0,21,1886.0,1873.0,1873.0,1862.0,3.0,5601.0,941
2023-05-11 09:07:14,UR2312,UR312,1862.0,0.0,0.0,0.0,1,1863.0,1865.0,16,1886.0,1873.0,1873.0,1862.0,3.0,5601.0,941
2023-05-11 09:07:14,UR2312,UR312,1862.0,0.0,0.0,0.0,1,1863.0,1865.0,5,1886.0,1873.0,1873.0,1862.0,3.0,5601.0,941
2023-05-11 09:07:15,UR2312,UR312,1862.0,0.0,0.0,0.0,1,1863.0,1865.0,21,1886.0,1873.0,1873.0,1862.0,3.0,5601.0,941
2023-05-11 09:07:16,UR2312,UR312,1862.0,0.0,0.0,0.0,1,1863.0,1865.0,23,1886.0,1873.0,1873.0,1862.0,3.0,5601.0,941
2023-05-11 09:07:17,UR2312,UR312,1862.0,0.0,0.0,0.0,1,1863.0,1864.0,2,1886.0,1873.0,1873.0,1862.0,3.0,5601.0,941
2023-05-11 09:07:18,UR2312,UR312,1862.0,0.0,0.0,0.0,1,1863.0,1864.0,3,1886.0,1873.0,1873.0,1862.0,3.0,5601.0,941
2023-05-11 09:07:19,UR2312,UR312,1862.0,0.0,0.0,0.0,1,1863.0,1864.0,1,1886.0,1873.0,1873.0,1862.0,3.0,5601.0,941
2023-05-11 09:07:20,UR2312,UR312,1862.0,0.0,0.0,0.0,1,1863.0,1865.0,16,1886.0,1873.0,1873.0,1862.0,3.0,5601.0,941
2023-05-11 09:07:20,UR2312,UR312,1862.0,0.0,0.0,0.0,1,1863.0,1865.0,5,1886.0,1873.0,1873.0,1862.0,3.0,5601.0,941
2023-05-11 09:07:21,UR2312,UR312,1862.0,0.0,0.0,0.0,1,1863.0,1865.0,3,1886.0,1873.0,1873.0,1862.0,3.0,5601.0,941
2023-05-11 09:07:21,UR2312,UR312,1862.0,0.0,0.0,0.0,1,1863.0,1865.0,4,1886.0,1873.0,1873.0,1862.0,3.0,5601.0,941
2023-05-11 09:07:22,UR2312,UR312,1862.0,0.0,0.0,0.0,1,1863.0,1865.0,6,1886.0,1873.0,1873.0,1862.0,3.0,5601.0,941
2023-05-11 09:07:28,UR2312,UR312,1863.0,1.0,1863.0,1.0,1,1861.0,1865.0,21,1886.0,1873.0,1873.0,1862.0,4.0,7464.0,942
2023-05-11 09:07:29,UR2312,UR312,1863.0,0.0,0.0,0.0,3,1861.0,1864.0,2,1886.0,1873.0,1873.0,1862.0,4.0,7464.0,942
2023-05-11 09:07:29,UR2312,UR312,1863.0,0.0,0.0,0.0,3,1861.0,1865.0,20,1886.0,1873.0,1873.0,1862.0,4.0,7464.0,942
2023-05-11 09:07:31,UR2312,UR312,1863.0,0.0,0.0,0.0,3,1861.0,1864.0,2,1886.0,1873.0,1873.0,1862.0,4.0,7464.0,942
2023-05-11 09:07:32,UR2312,UR312,1863.0,0.0,0.0,0.0,3,1861.0,1864.0,3,1886.0,1873.0,1873.0,1862.0,4.0,7464.0,942
2023-05-11 09:07:36,UR2312,UR312,1863.0,0.0,0.0,0.0,3,1861.0,1864.0,1,1886.0,1873.0,1873.0,1862.0,4.0,7464.0,942
2023-05-11 09:07:37,UR2312,UR312,1863.0,0.0,0.0,0.0,3,1861.0,1864.0,3,1886.0,1873.0,1873.0,1862.0,4.0,7464.0,942
2023-05-11 09:07:47,UR2312,UR312,1863.0,0.0,0.0,0.0,3,1861.0,1864.0,1,1886.0,1873.0,1873.0,1862.0,4.0,7464.0,942
2023-05-11 09:07:48,UR2312,UR312,1863.0,0.0,0.0,0.0,3,1861.0,1865.0,19,1886.0,1873.0,1873.0,1862.0,4.0,7464.0,942
2023-05-11 09:07:49,UR2312,UR312,1863.0,0.0,0.0,0.0,3,1861.0,1865.0,20,1886.0,1873.0,1873.0,1862.0,4.0,7464.0,942
2023-05-11 09:07:49,UR2312,UR312,1863.0,0.0,0.0,0.0,3,1861.0,1865.0,19,1886.0,1873.0,1873.0,1862.0,4.0,7464.0,942
2023-05-11 09:07:50,UR2312,UR312,1863.0,0.0,0.0,0.0,3,1861.0,1864.0,3,1886.0,1873.0,1873.0,1862.0,4.0,7464.0,942
2023-05-11 09:07:51,UR2312,UR312,1863.0,0.0,0.0,0.0,3,1861.0,1864.0,4,1886.0,1873.0,1873.0,1862.0,4.0,7464.0,942
2023-05-11 09:07:54,UR2312,UR312,1863.0,0.0,0.0,0.0,3,1861.0,1865.0,19,1886.0,1873.0,1873.0,1862.0,4.0,7464.0,942
2023-05-11 09:07:55,UR2312,UR312,1863.0,0.0,0.0,0.0,3,1861.0,1865.0,7,1886.0,1873.0,1873.0,1862.0,4.0,7464.0,942
2023-05-11 09:07:56,UR2312,UR312,1863.0,0.0,0.0,0.0,3,1861.0,1865.0,8,1886.0,1873.0,1873.0,1862.0,4.0,7464.0,942
2023-05-11 09:07:58,UR2312,UR312,1863.0,0.0,0.0,0.0,1,1862.0,1865.0,8,1886.0,1873.0,1873.0,1862.0,4.0,7464.0,942
2023-05-11 09:07:59,UR2312,UR312,1863.0,0.0,0.0,0.0,3,1862.0,1865.0,8,1886.0,1873.0,1873.0,1862.0,4.0,7464.0,942
2023-05-11 09:08:02,UR2312,UR312,1863.0,0.0,0.0,0.0,2,1862.0,1865.0,8,1886.0,1873.0,1873.0,1862.0,4.0,7464.0,942
2023-05-11 09:08:03,UR2312,UR312,1863.0,0.0,0.0,0.0,1,1861.0,1865.0,8,1886.0,1873.0,1873.0,1862.0,4.0,7464.0,942
2023-05-11 09:08:03,UR2312,UR312,1863.0,0.0,0.0,0.0,3,1861.0,1865.0,8,1886.0,1873.0,1873.0,1862.0,4.0,7464.0,942
2023-05-11 09:08:06,UR2312,UR312,1863.0,0.0,0.0,0.0,1,1862.0,1865.0,4,1886.0,1873.0,1873.0,1862.0,4.0,7464.0,942
2023-05-11 09:08:06,UR2312,UR312,1863.0,0.0,0.0,0.0,1,1862.0,1866.0,15,1886.0,1873.0,1873.0,1862.0,4.0,7464.0,942
2023-05-11 09:08:07,UR2312,UR312,1863.0,0.0,0.0,0.0,3,1862.0,1866.0,4,1886.0,1873.0,1873.0,1862.0,4.0,7464.0,942
2023-05-11 09:08:07,UR2312,UR312,1863.0,0.0,0.0,0.0,3,1862.0,1866.0,5,1886.0,1873.0,1873.0,1862.0,4.0,7464.0,942
2023-05-11 09:08:11,UR2312,UR312,1863.0,0.0,0.0,0.0,3,1862.0,1866.0,6,1886.0,1873.0,1873.0,1862.0,4.0,7464.0,942
2023-05-11 09:08:13,UR2312,UR312,1863.0,0.0,0.0,0.0,3,1862.0,1866.0,5,1886.0,1873.0,1873.0,1862.0,4.0,7464.0,942
2023-05-11 09:08:28,UR2312,UR312,1863.0,0.0,0.0,0.0,3,1862.0,1866.0,1,1886.0,1873.0,1873.0,1862.0,4.0,7464.0,942
2023-05-11 09:08:49,UR2312,UR312,1863.0,0.0,0.0,0.0,2,1862.0,1866.0,1,1886.0,1873.0,1873.0,1862.0,4.0,7464.0,942
2023-05-11 09:08:50,UR2312,UR312,1863.0,0.0,0.0,0.0,1,1861.0,1866.0,1,1886.0,1873.0,1873.0,1862.0,4.0,7464.0,942
2023-05-11 09:08:50,UR2312,UR312,1863.0,0.0,0.0,0.0,3,1861.0,1866.0,1,1886.0,1873.0,1873.0,1862.0,4.0,7464.0,942
2023-05-11 09:08:51,UR2312,UR312,1863.0,0.0,0.0,0.0,3,1861.0,1866.0,16,1886.0,1873.0,1873.0,1862.0,4.0,7464.0,942
2023-05-11 09:08:52,UR2312,UR312,1863.0,0.0,0.0,0.0,3,1861.0,1866.0,22,1886.0,1873.0,1873.0,1862.0,4.0,7464.0,942
2023-05-11 09:08:53,UR2312,UR312,1863.0,0.0,0.0,0.0,3,1861.0,1866.0,21,1886.0,1873.0,1873.0,1862.0,4.0,7464.0,942
2023-05-11 09:08:54,UR2312,UR312,1863.0,0.0,0.0,0.0,3,1861.0,1866.0,22,1886.0,1873.0,1873.0,1862.0,4.0,7464.0,942
2023-05-11 09:08:55,UR2312,UR312,1863.0,0.0,0.0,0.0,3,1861.0,1866.0,21,1886.0,1873.0,1873.0,1862.0,4.0,7464.0,942
2023-05-11 09:08:58,UR2312,UR312,1863.0,0.0,0.0,0.0,3,1861.0,1866.0,22,1886.0,1873.0,1873.0,1862.0,4.0,7464.0,942
2023-05-11 09:08:58,UR2312,UR312,1863.0,0.0,0.0,0.0,2,1861.0,1865.0,19,1886.0,1873.0,1873.0,1862.0,4.0,7464.0,942
2023-05-11 09:08:59,UR2312,UR312,1863.0,0.0,0.0,0.0,1,1860.0,1865.0,21,1886.0,1873.0,1873.0,1862.0,4.0,7464.0,942
2023-05-11 09:08:59,UR2312,UR312,1863.0,0.0,0.0,0.0,3,1860.0,1865.0,21,1886.0,1873.0,1873.0,1862.0,4.0,7464.0,942
2023-05-11 09:09:00,UR2312,UR312,1863.0,0.0,0.0,0.0,3,1860.0,1865.0,20,1886.0,1873.0,1873.0,1862.0,4.0,7464.0,942
2023-05-11 09:09:00,UR2312,UR312,1863.0,0.0,0.0,0.0,3,1860.0,1865.0,19,1886.0,1873.0,1873.0,1862.0,4.0,7464.0,942
2023-05-11 09:09:01,UR2312,UR312,1863.0,0.0,0.0,0.0,3,1860.0,1865.0,22,1886.0,1873.0,1873.0,1862.0,4.0,7464.0,942
2023-05-11 09:09:02,UR2312,UR312,1863.0,0.0,0.0,0.0,3,1860.0,1864.0,2,1886.0,1873.0,1873.0,1862.0,4.0,7464.0,942
2023-05-11 09:09:02,UR2312,UR312,1863.0,0.0,0.0,0.0,2,1860.0,1864.0,19,1886.0,1873.0,1873.0,1862.0,4.0,7464.0,942
2023-05-11 09:09:03,UR2312,UR312,1863.0,0.0,0.0,0.0,1,1859.0,1863.0,12,1886.0,1873.0,1873.0,1862.0,4.0,7464.0,942
2023-05-11 09:09:03,UR2312,UR312,1863.0,0.0,0.0,0.0,3,1859.0,1863.0,19,1886.0,1873.0,1873.0,1862.0,4.0,7464.0,942
2023-05-11 09:09:04,UR2312,UR312,1863.0,0.0,0.0,0.0,3,1859.0,1863.0,4,1886.0,1873.0,1873.0,1862.0,4.0,7464.0,942
2023-05-11 09:09:04,UR2312,UR312,1863.0,0.0,0.0,0.0,3,1859.0,1863.0,2,1886.0,1873.0,1873.0,1862.0,4.0,7464.0,942
2023-05-11 09:09:06,UR2312,UR312,1863.0,0.0,0.0,0.0,3,1859.0,1864.0,21,1886.0,1873.0,1873.0,1862.0,4.0,7464.0,942
2023-05-11 09:09:07,UR2312,UR312,1863.0,0.0,0.0,0.0,3,1859.0,1864.0,20,1886.0,1873.0,1873.0,1862.0,4.0,7464.0,942
2023-05-11 09:09:07,UR2312,UR312,1863.0,0.0,0.0,0.0,3,1859.0,1864.0,16,1886.0,1873.0,1873.0,1862.0,4.0,7464.0,942
2023-05-11 09:09:08,UR2312,UR312,1863.0,0.0,0.0,0.0,3,1859.0,1864.0,5,1886.0,1873.0,1873.0,1862.0,4.0,7464.0,942
2023-05-11 09:09:08,UR2312,UR312,1863.0,0.0,0.0,0.0,1,1860.0,1864.0,7,1886.0,1873.0,1873.0,1862.0,4.0,7464.0,942
2023-05-11 09:09:09,UR2312,UR312,1863.0,0.0,0.0,0.0,1,1860.0,1864.0,17,1886.0,1873.0,1873.0,1862.0,4.0,7464.0,942
2023-05-11 09:09:09,UR2312,UR312,1863.0,0.0,0.0,0.0,3,1860.0,1864.0,5,1886.0,1873.0,1873.0,1862.0,4.0,7464.0,942
2023-05-11 09:09:10,UR2312,UR312,1863.0,0.0,0.0,0.0,3,1860.0,1864.0,3,1886.0,1873.0,1873.0,1862.0,4.0,7464.0,942
2023-05-11 09:09:10,UR2312,UR312,1863.0,0.0,0.0,0.0,2,1860.0,1864.0,3,1886.0,1873.0,1873.0,1862.0,4.0,7464.0,942
2023-05-11 09:09:11,UR2312,UR312,1863.0,0.0,0.0,0.0,2,1860.0,1864.0,22,1886.0,1873.0,1873.0,1862.0,4.0,7464.0,942
2023-05-11 09:09:11,UR2312,UR312,1863.0,0.0,0.0,0.0,1,1860.0,1864.0,22,1886.0,1873.0,1873.0,1862.0,4.0,7464.0,942
2023-05-11 09:09:12,UR2312,UR312,1863.0,0.0,0.0,0.0,1,1859.0,1864.0,8,1886.0,1873.0,1873.0,1862.0,4.0,7464.0,942
2023-05-11 09:09:12,UR2312,UR312,1863.0,0.0,0.0,0.0,3,1859.0,1864.0,4,1886.0,1873.0,1873.0,1862.0,4.0,7464.0,942
2023-05-11 09:09:15,UR2312,UR312,1863.0,0.0,0.0,0.0,3,1859.0,1864.0,6,1886.0,1873.0,1873.0,1862.0,4.0,7464.0,942
2023-05-11 09:09:16,UR2312,UR312,1863.0,0.0,0.0,0.0,1,1860.0,1865.0,19,1886.0,1873.0,1873.0,1862.0,4.0,7464.0,942
2023-05-11 09:09:17,UR2312,UR312,1863.0,0.0,0.0,0.0,3,1860.0,1866.0,22,1886.0,1873.0,1873.0,1862.0,4.0,7464.0,942
2023-05-11 09:09:17,UR2312,UR312,1863.0,0.0,0.0,0.0,3,1860.0,1865.0,2,1886.0,1873.0,1873.0,1862.0,4.0,7464.0,942
2023-05-11 09:09:19,UR2312,UR312,1863.0,0.0,0.0,0.0,3,1860.0,1866.0,23,1886.0,1873.0,1873.0,1862.0,4.0,7464.0,942
2023-05-11 09:09:20,UR2312,UR312,1863.0,0.0,0.0,0.0,3,1860.0,1866.0,24,1886.0,1873.0,1873.0,1862.0,4.0,7464.0,942
2023-05-11 09:09:21,UR2312,UR312,1863.0,0.0,0.0,0.0,3,1860.0,1865.0,12,1886.0,1873.0,1873.0,1862.0,4.0,7464.0,942
2023-05-11 09:09:21,UR2312,UR312,1863.0,0.0,0.0,0.0,3,1860.0,1865.0,19,1886.0,1873.0,1873.0,1862.0,4.0,7464.0,942
2023-05-11 09:09:22,UR2312,UR312,1863.0,0.0,0.0,0.0,3,1860.0,1866.0,21,1886.0,1873.0,1873.0,1862.0,4.0,7464.0,942
2023-05-11 09:09:23,UR2312,UR312,1863.0,0.0,0.0,0.0,3,1860.0,1866.0,24,1886.0,1873.0,1873.0,1862.0,4.0,7464.0,942
2023-05-11 09:09:26,UR2312,UR312,1863.0,0.0,0.0,0.0,3,1860.0,1865.0,19,1886.0,1873.0,1873.0,1862.0,4.0,7464.0,942
2023-05-11 09:09:27,UR2312,UR312,1863.0,0.0,0.0,0.0,3,1860.0,1865.0,21,1886.0,1873.0,1873.0,1862.0,4.0,7464.0,942
2023-05-11 09:09:28,UR2312,UR312,1863.0,0.0,0.0,0.0,3,1860.0,1865.0,22,1886.0,1873.0,1873.0,1862.0,4.0,7464.0,942
2023-05-11 09:09:30,UR2312,UR312,1863.0,0.0,0.0,0.0,2,1860.0,1865.0,20,1886.0,1873.0,1873.0,1862.0,4.0,7464.0,942
2023-05-11 09:09:31,UR2312,UR312,1863.0,0.0,0.0,0.0,1,1860.0,1865.0,22,1886.0,1873.0,1873.0,1862.0,4.0,7464.0,942
2023-05-11 09:09:31,UR2312,UR312,1863.0,0.0,0.0,0.0,3,1860.0,1865.0,22,1886.0,1873.0,1873.0,1862.0,4.0,7464.0,942
2023-05-11 09:09:34,UR2312,UR312,1863.0,0.0,0.0,0.0,2,1860.0,1865.0,22,1886.0,1873.0,1873.0,1862.0,4.0,7464.0,942
2023-05-11 09:09:34,UR2312,UR312,1863.0,0.0,0.0,0.0,1,1859.0,1865.0,22,1886.0,1873.0,1873.0,1862.0,4.0,7464.0,942
2023-05-11 09:09:35,UR2312,UR312,1863.0,0.0,0.0,0.0,2,1859.0,1865.0,20,1886.0,1873.0,1873.0,1862.0,4.0,7464.0,942
2023-05-11 09:09:35,UR2312,UR312,1863.0,0.0,0.0,0.0,2,1859.0,1865.0,23,1886.0,1873.0,1873.0,1862.0,4.0,7464.0,942
2023-05-11 09:09:36,UR2312,UR312,1863.0,0.0,0.0,0.0,3,1859.0,1864.0,19,1886.0,1873.0,1873.0,1862.0,4.0,7464.0,942
2023-05-11 09:09:36,UR2312,UR312,1863.0,0.0,0.0,0.0,3,1859.0,1864.0,21,1886.0,1873.0,1873.0,1862.0,4.0,7464.0,942
2023-05-11 09:09:37,UR2312,UR312,1863.0,0.0,0.0,0.0,3,1859.0,1864.0,22,1886.0,1873.0,1873.0,1862.0,4.0,7464.0,942
2023-05-11 09:09:38,UR2312,UR312,1863.0,0.0,0.0,0.0,3,1859.0,1864.0,23,1886.0,1873.0,1873.0,1862.0,4.0,7464.0,942
2023-05-11 09:09:39,UR2312,UR312,1863.0,0.0,0.0,0.0,3,1859.0,1864.0,22,1886.0,1873.0,1873.0,1862.0,4.0,7464.0,942
2023-05-11 09:09:40,UR2312,UR312,1863.0,0.0,0.0,0.0,3,1859.0,1864.0,20,1886.0,1873.0,1873.0,1862.0,4.0,7464.0,942
2023-05-11 09:09:41,UR2312,UR312,1863.0,0.0,0.0,0.0,3,1859.0,1864.0,22,1886.0,1873.0,1873.0,1862.0,4.0,7464.0,942
2023-05-11 09:09:43,UR2312,UR312,1863.0,0.0,0.0,0.0,3,1859.0,1864.0,14,1886.0,1873.0,1873.0,1862.0,4.0,7464.0,942
2023-05-11 09:09:43,UR2312,UR312,1863.0,0.0,0.0,0.0,3,1859.0,1864.0,3,1886.0,1873.0,1873.0,1862.0,4.0,7464.0,942
2023-05-11 09:09:44,UR2312,UR312,1863.0,0.0,0.0,0.0,3,1859.0,1864.0,20,1886.0,1873.0,1873.0,1862.0,4.0,7464.0,942
2023-05-11 09:09:47,UR2312,UR312,1863.0,0.0,0.0,0.0,3,1859.0,1863.0,2,1886.0,1873.0,1873.0,1862.0,4.0,7464.0,942
2023-05-11 09:09:48,UR2312,UR312,1863.0,0.0,0.0,0.0,3,1859.0,1863.0,3,1886.0,1873.0,1873.0,1862.0,4.0,7464.0,942
2023-05-11 09:09:49,UR2312,UR312,1863.0,0.0,0.0,0.0,3,1859.0,1863.0,5,1886.0,1873.0,1873.0,1862.0,4.0,7464.0,942
2023-05-11 09:09:51,UR2312,UR312,1863.0,0.0,0.0,0.0,3,1859.0,1863.0,3,1886.0,1873.0,1873.0,1862.0,4.0,7464.0,942
2023-05-11 09:09:52,UR2312,UR312,1863.0,0.0,0.0,0.0,3,1859.0,1862.0,1,1886.0,1873.0,1873.0,1862.0,4.0,7464.0,942
2023-05-11 09:09:53,UR2312,UR312,1863.0,0.0,0.0,0.0,2,1859.0,1862.0,1,1886.0,1873.0,1873.0,1862.0,4.0,7464.0,942
2023-05-11 09:09:53,UR2312,UR312,1863.0,0.0,0.0,0.0,1,1858.0,1862.0,1,1886.0,1873.0,1873.0,1862.0,4.0,7464.0,942
2023-05-11 09:09:54,UR2312,UR312,1863.0,0.0,0.0,0.0,3,1858.0,1862.0,1,1886.0,1873.0,1873.0,1862.0,4.0,7464.0,942
2023-05-11 09:10:01,UR2312,UR312,1863.0,0.0,0.0,0.0,1,1859.0,1862.0,1,1886.0,1873.0,1873.0,1862.0,4.0,7464.0,942
2023-05-11 09:10:02,UR2312,UR312,1863.0,0.0,0.0,0.0,3,1859.0,1862.0,1,1886.0,1873.0,1873.0,1862.0,4.0,7464.0,942
2023-05-11 09:10:02,UR2312,UR312,1863.0,0.0,0.0,0.0,2,1859.0,1862.0,1,1886.0,1873.0,1873.0,1862.0,4.0,7464.0,942
2023-05-11 09:10:03,UR2312,UR312,1863.0,0.0,0.0,0.0,3,1859.0,1862.0,1,1886.0,1873.0,1873.0,1862.0,4.0,7464.0,942
2023-05-11 09:10:08,UR2312,UR312,1863.0,0.0,0.0,0.0,2,1859.0,1862.0,1,1886.0,1873.0,1873.0,1862.0,4.0,7464.0,942
2023-05-11 09:10:09,UR2312,UR312,1863.0,0.0,0.0,0.0,1,1858.0,1862.0,1,1886.0,1873.0,1873.0,1862.0,4.0,7464.0,942
2023-05-11 09:10:09,UR2312,UR312,1863.0,0.0,0.0,0.0,3,1858.0,1862.0,1,1886.0,1873.0,1873.0,1862.0,4.0,7464.0,942
2023-05-11 09:10:24,UR2312,UR312,1863.0,0.0,0.0,0.0,2,1858.0,1862.0,3,1886.0,1873.0,1873.0,1862.0,4.0,7464.0,942
2023-05-11 09:10:25,UR2312,UR312,1863.0,0.0,0.0,0.0,3,1858.0,1862.0,3,1886.0,1873.0,1873.0,1862.0,4.0,7464.0,942
2023-05-11 09:10:25,UR2312,UR312,1863.0,0.0,0.0,0.0,2,1858.0,1862.0,5,1886.0,1873.0,1873.0,1862.0,4.0,7464.0,942
2023-05-11 09:10:25,UR2312,UR312,1863.0,0.0,0.0,0.0,1,1858.0,1862.0,3,1886.0,1873.0,1873.0,1862.0,4.0,7464.0,942
2023-05-11 09:10:26,UR2312,UR312,1863.0,0.0,0.0,0.0,2,1858.0,1862.0,3,1886.0,1873.0,1873.0,1862.0,4.0,7464.0,942
2023-05-11 09:10:27,UR2312,UR312,1863.0,0.0,0.0,0.0,2,1858.0,1862.0,1,1886.0,1873.0,1873.0,1862.0,4.0,7464.0,942
2023-05-11 09:10:28,UR2312,UR312,1863.0,0.0,0.0,0.0,2,1858.0,1862.0,5,1886.0,1873.0,1873.0,1862.0,4.0,7464.0,942
2023-05-11 09:10:29,UR2312,UR312,1863.0,0.0,0.0,0.0,3,1858.0,1862.0,1,1886.0,1873.0,1873.0,1862.0,4.0,7464.0,942
2023-05-11 09:10:31,UR2312,UR312,1863.0,0.0,0.0,0.0,2,1858.0,1862.0,1,1886.0,1873.0,1873.0,1862.0,4.0,7464.0,942
2023-05-11 09:10:31,UR2312,UR312,1863.0,0.0,0.0,0.0,1,1857.0,1862.0,1,1886.0,1873.0,1873.0,1862.0,4.0,7464.0,942
2023-05-11 09:10:32,UR2312,UR312,1863.0,0.0,0.0,0.0,3,1857.0,1862.0,3,1886.0,1873.0,1873.0,1862.0,4.0,7464.0,942
2023-05-11 09:10:32,UR2312,UR312,1863.0,0.0,0.0,0.0,3,1857.0,1862.0,5,1886.0,1873.0,1873.0,1862.0,4.0,7464.0,942
2023-05-11 09:10:33,UR2312,UR312,1863.0,0.0,0.0,0.0,3,1857.0,1862.0,20,1886.0,1873.0,1873.0,1862.0,4.0,7464.0,942
2023-05-11 09:10:35,UR2312,UR312,1863.0,0.0,0.0,0.0,2,1857.0,1861.0,2,1886.0,1873.0,1873.0,1862.0,4.0,7464.0,942
2023-05-11 09:10:35,UR2312,UR312,1863.0,0.0,0.0,0.0,1,1854.0,1859.0,2,1886.0,1873.0,1873.0,1862.0,4.0,7464.0,942
2023-05-11 09:10:36,UR2312,UR312,1863.0,0.0,0.0,0.0,2,1855.0,1859.0,15,1886.0,1873.0,1873.0,1862.0,4.0,7464.0,942
2023-05-11 09:10:36,UR2312,UR312,1863.0,0.0,0.0,0.0,3,1855.0,1859.0,4,1886.0,1873.0,1873.0,1862.0,4.0,7464.0,942
2023-05-11 09:10:37,UR2312,UR312,1863.0,0.0,0.0,0.0,2,1855.0,1859.0,7,1886.0,1873.0,1873.0,1862.0,4.0,7464.0,942
2023-05-11 09:10:37,UR2312,UR312,1863.0,0.0,0.0,0.0,3,1855.0,1859.0,7,1886.0,1873.0,1873.0,1862.0,4.0,7464.0,942
2023-05-11 09:10:38,UR2312,UR312,1863.0,0.0,0.0,0.0,3,1855.0,1860.0,19,1886.0,1873.0,1873.0,1862.0,4.0,7464.0,942
2023-05-11 09:10:38,UR2312,UR312,1863.0,0.0,0.0,0.0,3,1855.0,1859.0,2,1886.0,1873.0,1873.0,1862.0,4.0,7464.0,942
2023-05-11 09:10:39,UR2312,UR312,1863.0,0.0,0.0,0.0,1,1856.0,1860.0,19,1886.0,1873.0,1873.0,1862.0,4.0,7464.0,942
2023-05-11 09:10:40,UR2312,UR312,1863.0,0.0,0.0,0.0,1,1856.0,1860.0,17,1886.0,1873.0,1873.0,1862.0,4.0,7464.0,942
2023-05-11 09:10:40,UR2312,UR312,1863.0,0.0,0.0,0.0,3,1856.0,1860.0,17,1886.0,1873.0,1873.0,1862.0,4.0,7464.0,942
2023-05-11 09:10:41,UR2312,UR312,1863.0,0.0,0.0,0.0,2,1856.0,1860.0,19,1886.0,1873.0,1873.0,1862.0,4.0,7464.0,942
2023-05-11 09:10:41,UR2312,UR312,1863.0,0.0,0.0,0.0,2,1856.0,1860.0,21,1886.0,1873.0,1873.0,1862.0,4.0,7464.0,942
2023-05-11 09:10:43,UR2312,UR312,1863.0,0.0,0.0,0.0,1,1856.0,1860.0,21,1886.0,1873.0,1873.0,1862.0,4.0,7464.0,942
2023-05-11 09:10:43,UR2312,UR312,1863.0,0.0,0.0,0.0,3,1856.0,1860.0,21,1886.0,1873.0,1873.0,1862.0,4.0,7464.0,942
2023-05-11 09:10:44,UR2312,UR312,1863.0,0.0,0.0,0.0,2,1856.0,1859.0,18,1886.0,1873.0,1873.0,1862.0,4.0,7464.0,942
2023-05-11 09:10:45,UR2312,UR312,1863.0,0.0,0.0,0.0,2,1856.0,1859.0,7,1886.0,1873.0,1873.0,1862.0,4.0,7464.0,942
2023-05-11 09:10:46,UR2312,UR312,1863.0,0.0,0.0,0.0,1,1856.0,1859.0,7,1886.0,1873.0,1873.0,1862.0,4.0,7464.0,942
2023-05-11 09:10:46,UR2312,UR312,1863.0,0.0,0.0,0.0,1,1855.0,1859.0,10,1886.0,1873.0,1873.0,1862.0,4.0,7464.0,942
2023-05-11 09:10:46,UR2312,UR312,1863.0,0.0,0.0,0.0,3,1855.0,1859.0,10,1886.0,1873.0,1873.0,1862.0,4.0,7464.0,942
2023-05-11 09:10:47,UR2312,UR312,1863.0,0.0,0.0,0.0,3,1855.0,1859.0,12,1886.0,1873.0,1873.0,1862.0,4.0,7464.0,942
2023-05-11 09:10:49,UR2312,UR312,1863.0,0.0,0.0,0.0,2,1855.0,1859.0,10,1886.0,1873.0,1873.0,1862.0,4.0,7464.0,942
2023-05-11 09:10:50,UR2312,UR312,1863.0,0.0,0.0,0.0,1,1855.0,1859.0,19,1886.0,1873.0,1873.0,1862.0,4.0,7464.0,942
2023-05-11 09:10:50,UR2312,UR312,1863.0,0.0,0.0,0.0,2,1855.0,1859.0,9,1886.0,1873.0,1873.0,1862.0,4.0,7464.0,942
2023-05-11 09:10:50,UR2312,UR312,1863.0,0.0,0.0,0.0,2,1855.0,1859.0,10,1886.0,1873.0,1873.0,1862.0,4.0,7464.0,942
2023-05-11 09:10:51,UR2312,UR312,1863.0,0.0,0.0,0.0,2,1855.0,1858.0,21,1886.0,1873.0,1873.0,1862.0,4.0,7464.0,942
2023-05-11 09:10:52,UR2312,UR312,1863.0,0.0,0.0,0.0,2,1855.0,1858.0,3,1886.0,1873.0,1873.0,1862.0,4.0,7464.0,942
2023-05-11 09:10:52,UR2312,UR312,1863.0,0.0,0.0,0.0,3,1855.0,1859.0,18,1886.0,1873.0,1873.0,1862.0,4.0,7464.0,942
2023-05-11 09:10:53,UR2312,UR312,1863.0,0.0,0.0,0.0,3,1855.0,1859.0,2,1886.0,1873.0,1873.0,1862.0,4.0,7464.0,942
2023-05-11 09:10:53,UR2312,UR312,1863.0,0.0,0.0,0.0,3,1855.0,1859.0,4,1886.0,1873.0,1873.0,1862.0,4.0,7464.0,942
2023-05-11 09:10:54,UR2312,UR312,1863.0,0.0,0.0,0.0,1,1856.0,1859.0,4,1886.0,1873.0,1873.0,1862.0,4.0,7464.0,942
2023-05-11 09:10:54,UR2312,UR312,1863.0,0.0,0.0,0.0,1,1855.0,1859.0,4,1886.0,1873.0,1873.0,1862.0,4.0,7464.0,942
2023-05-11 09:10:55,UR2312,UR312,1863.0,0.0,0.0,0.0,1,1856.0,1859.0,4,1886.0,1873.0,1873.0,1862.0,4.0,7464.0,942
2023-05-11 09:10:55,UR2312,UR312,1863.0,0.0,0.0,0.0,1,1856.0,1859.0,7,1886.0,1873.0,1873.0,1862.0,4.0,7464.0,942
2023-05-11 09:10:56,UR2312,UR312,1863.0,0.0,0.0,0.0,1,1856.0,1859.0,4,1886.0,1873.0,1873.0,1862.0,4.0,7464.0,942
2023-05-11 09:10:57,UR2312,UR312,1863.0,0.0,0.0,0.0,2,1855.0,1859.0,4,1886.0,1873.0,1873.0,1862.0,4.0,7464.0,942
2023-05-11 09:10:58,UR2312,UR312,1863.0,0.0,0.0,0.0,3,1855.0,1859.0,20,1886.0,1873.0,1873.0,1862.0,4.0,7464.0,942
2023-05-11 09:10:59,UR2312,UR312,1863.0,0.0,0.0,0.0,3,1855.0,1859.0,19,1886.0,1873.0,1873.0,1862.0,4.0,7464.0,942
2023-05-11 09:10:59,UR2312,UR312,1863.0,0.0,0.0,0.0,3,1855.0,1859.0,20,1886.0,1873.0,1873.0,1862.0,4.0,7464.0,942
2023-05-11 09:11:00,UR2312,UR312,1863.0,0.0,0.0,0.0,1,1856.0,1859.0,2,1886.0,1873.0,1873.0,1862.0,4.0,7464.0,942
2023-05-11 09:11:01,UR2312,UR312,1863.0,0.0,0.0,0.0,3,1856.0,1859.0,2,1886.0,1873.0,1873.0,1862.0,4.0,7464.0,942
2023-05-11 09:11:02,UR2312,UR312,1863.0,0.0,0.0,0.0,2,1856.0,1859.0,2,1886.0,1873.0,1873.0,1862.0,4.0,7464.0,942
2023-05-11 09:11:04,UR2312,UR312,1863.0,0.0,0.0,0.0,1,1855.0,1859.0,2,1886.0,1873.0,1873.0,1862.0,4.0,7464.0,942
2023-05-11 09:11:05,UR2312,UR312,1863.0,0.0,0.0,0.0,1,1856.0,1859.0,2,1886.0,1873.0,1873.0,1862.0,4.0,7464.0,942
2023-05-11 09:11:06,UR2312,UR312,1863.0,0.0,0.0,0.0,1,1856.0,1860.0,20,1886.0,1873.0,1873.0,1862.0,4.0,7464.0,942
2023-05-11 09:11:08,UR2312,UR312,1863.0,0.0,0.0,0.0,1,1856.0,1860.0,18,1886.0,1873.0,1873.0,1862.0,4.0,7464.0,942
2023-05-11 09:11:08,UR2312,UR312,1863.0,0.0,0.0,0.0,1,1856.0,1860.0,7,1886.0,1873.0,1873.0,1862.0,4.0,7464.0,942
2023-05-11 09:11:11,UR2312,UR312,1863.0,0.0,0.0,0.0,3,1856.0,1860.0,10,1886.0,1873.0,1873.0,1862.0,4.0,7464.0,942
2023-05-11 09:11:11,UR2312,UR312,1863.0,0.0,0.0,0.0,3,1856.0,1860.0,11,1886.0,1873.0,1873.0,1862.0,4.0,7464.0,942
2023-05-11 09:11:13,UR2312,UR312,1863.0,0.0,0.0,0.0,3,1856.0,1860.0,20,1886.0,1873.0,1873.0,1862.0,4.0,7464.0,942
2023-05-11 09:11:17,UR2312,UR312,1863.0,0.0,0.0,0.0,3,1856.0,1859.0,1,1886.0,1873.0,1873.0,1862.0,4.0,7464.0,942
2023-05-11 09:11:24,UR2312,UR312,1863.0,0.0,0.0,0.0,1,1857.0,1859.0,1,1886.0,1873.0,1873.0,1862.0,4.0,7464.0,942
2023-05-11 09:11:25,UR2312,UR312,1863.0,0.0,0.0,0.0,3,1857.0,1859.0,1,1886.0,1873.0,1873.0,1862.0,4.0,7464.0,942
2023-05-11 09:11:30,UR2312,UR312,1863.0,0.0,0.0,0.0,2,1857.0,1859.0,1,1886.0,1873.0,1873.0,1862.0,4.0,7464.0,942
2023-05-11 09:11:30,UR2312,UR312,1863.0,0.0,0.0,0.0,1,1856.0,1859.0,1,1886.0,1873.0,1873.0,1862.0,4.0,7464.0,942
2023-05-11 09:11:31,UR2312,UR312,1863.0,0.0,0.0,0.0,1,1857.0,1859.0,1,1886.0,1873.0,1873.0,1862.0,4.0,7464.0,942
2023-05-11 09:11:35,UR2312,UR312,1863.0,0.0,0.0,0.0,3,1857.0,1859.0,1,1886.0,1873.0,1873.0,1862.0,4.0,7464.0,942
2023-05-11 09:11:46,UR2312,UR312,1863.0,0.0,0.0,0.0,2,1857.0,1859.0,1,1886.0,1873.0,1873.0,1862.0,4.0,7464.0,942
2023-05-11 09:11:46,UR2312,UR312,1863.0,0.0,0.0,0.0,1,1856.0,1859.0,1,1886.0,1873.0,1873.0,1862.0,4.0,7464.0,942
2023-05-11 09:11:47,UR2312,UR312,1863.0,0.0,0.0,0.0,3,1856.0,1859.0,1,1886.0,1873.0,1873.0,1862.0,4.0,7464.0,942
2023-05-11 09:11:50,UR2312,UR312,1863.0,0.0,0.0,0.0,1,1857.0,1859.0,1,1886.0,1873.0,1873.0,1862.0,4.0,7464.0,942
2023-05-11 09:11:51,UR2312,UR312,1863.0,0.0,0.0,0.0,3,1857.0,1859.0,1,1886.0,1873.0,1873.0,1862.0,4.0,7464.0,942
2023-05-11 09:11:53,UR2312,UR312,1863.0,0.0,0.0,0.0,2,1857.0,1859.0,1,1886.0,1873.0,1873.0,1862.0,4.0,7464.0,942
2023-05-11 09:11:54,UR2312,UR312,1863.0,0.0,0.0,0.0,1,1856.0,1859.0,1,1886.0,1873.0,1873.0,1862.0,4.0,7464.0,942
2023-05-11 09:11:55,UR2312,UR312,1863.0,0.0,0.0,0.0,1,1857.0,1859.0,1,1886.0,1873.0,1873.0,1862.0,4.0,7464.0,942
2023-05-11 09:11:55,UR2312,UR312,1863.0,0.0,0.0,0.0,3,1856.0,1859.0,1,1886.0,1873.0,1873.0,1862.0,4.0,7464.0,942
2023-05-11 09:11:56,UR2312,UR312,1863.0,0.0,0.0,0.0,1,1857.0,1859.0,1,1886.0,1873.0,1873.0,1862.0,4.0,7464.0,942
2023-05-11 09:12:00,UR2312,UR312,1863.0,0.0,0.0,0.0,1,1856.0,1859.0,1,1886.0,1873.0,1873.0,1862.0,4.0,7464.0,942
2023-05-11 09:12:01,UR2312,UR312,1863.0,0.0,0.0,0.0,3,1856.0,1859.0,1,1886.0,1873.0,1873.0,1862.0,4.0,7464.0,942
2023-05-11 09:12:09,UR2312,UR312,1863.0,0.0,0.0,0.0,1,1857.0,1859.0,1,1886.0,1873.0,1873.0,1862.0,4.0,7464.0,942
2023-05-11 09:12:10,UR2312,UR312,1863.0,0.0,0.0,0.0,1,1856.0,1859.0,1,1886.0,1873.0,1873.0,1862.0,4.0,7464.0,942
2023-05-11 09:12:10,UR2312,UR312,1863.0,0.0,0.0,0.0,1,1857.0,1859.0,1,1886.0,1873.0,1873.0,1862.0,4.0,7464.0,942
2023-05-11 09:12:10,UR2312,UR312,1863.0,0.0,0.0,0.0,3,1856.0,1859.0,1,1886.0,1873.0,1873.0,1862.0,4.0,7464.0,942
2023-05-11 09:12:12,UR2312,UR312,1863.0,0.0,0.0,0.0,1,1857.0,1859.0,1,1886.0,1873.0,1873.0,1862.0,4.0,7464.0,942
2023-05-11 09:12:13,UR2312,UR312,1863.0,0.0,0.0,0.0,3,1857.0,1859.0,1,1886.0,1873.0,1873.0,1862.0,4.0,7464.0,942
2023-05-11 09:12:24,UR2312,UR312,1859.0,1.0,1856.0,0.0,2,1857.0,1862.0,10,1886.0,1873.0,1873.0,1859.0,5.0,9320.0,942
2023-05-11 09:12:24,UR2312,UR312,1859.0,0.0,0.0,0.0,1,1857.0,1863.0,20,1886.0,1873.0,1873.0,1859.0,5.0,9320.0,942
2023-05-11 09:12:25,UR2312,UR312,1859.0,0.0,0.0,0.0,2,1858.0,1863.0,5,1886.0,1873.0,1873.0,1859.0,5.0,9320.0,942
2023-05-11 09:12:27,UR2312,UR312,1859.0,0.0,0.0,0.0,2,1858.0,1863.0,4,1886.0,1873.0,1873.0,1859.0,5.0,9320.0,942
2023-05-11 09:12:27,UR2312,UR312,1859.0,0.0,0.0,0.0,2,1858.0,1863.0,1,1886.0,1873.0,1873.0,1859.0,5.0,9320.0,942
2023-05-11 09:12:29,UR2312,UR312,1859.0,0.0,0.0,0.0,2,1858.0,1863.0,3,1886.0,1873.0,1873.0,1859.0,5.0,9320.0,942
2023-05-11 09:12:30,UR2312,UR312,1859.0,0.0,0.0,0.0,2,1858.0,1863.0,1,1886.0,1873.0,1873.0,1859.0,5.0,9320.0,942
2023-05-11 09:12:32,UR2312,UR312,1859.0,0.0,0.0,0.0,2,1858.0,1863.0,3,1886.0,1873.0,1873.0,1859.0,5.0,9320.0,942
2023-05-11 09:12:33,UR2312,UR312,1859.0,0.0,0.0,0.0,2,1858.0,1863.0,1,1886.0,1873.0,1873.0,1859.0,5.0,9320.0,942
2023-05-11 09:12:33,UR2312,UR312,1859.0,0.0,0.0,0.0,2,1858.0,1864.0,21,1886.0,1873.0,1873.0,1859.0,5.0,9320.0,942
2023-05-11 09:12:34,UR2312,UR312,1859.0,0.0,0.0,0.0,2,1858.0,1864.0,20,1886.0,1873.0,1873.0,1859.0,5.0,9320.0,942
2023-05-11 09:12:37,UR2312,UR312,1859.0,0.0,0.0,0.0,2,1858.0,1864.0,21,1886.0,1873.0,1873.0,1859.0,5.0,9320.0,942
2023-05-11 09:12:37,UR2312,UR312,1859.0,0.0,0.0,0.0,2,1858.0,1864.0,7,1886.0,1873.0,1873.0,1859.0,5.0,9320.0,942
2023-05-11 09:12:38,UR2312,UR312,1859.0,0.0,0.0,0.0,2,1858.0,1864.0,17,1886.0,1873.0,1873.0,1859.0,5.0,9320.0,942
2023-05-11 09:12:40,UR2312,UR312,1859.0,0.0,0.0,0.0,2,1858.0,1863.0,1,1886.0,1873.0,1873.0,1859.0,5.0,9320.0,942
2023-05-11 09:12:41,UR2312,UR312,1859.0,0.0,0.0,0.0,2,1858.0,1864.0,7,1886.0,1873.0,1873.0,1859.0,5.0,9320.0,942
2023-05-11 09:12:43,UR2312,UR312,1859.0,0.0,0.0,0.0,2,1858.0,1864.0,6,1886.0,1873.0,1873.0,1859.0,5.0,9320.0,942
2023-05-11 09:12:43,UR2312,UR312,1859.0,0.0,0.0,0.0,2,1858.0,1864.0,7,1886.0,1873.0,1873.0,1859.0,5.0,9320.0,942
2023-05-11 09:12:49,UR2312,UR312,1859.0,0.0,0.0,0.0,2,1858.0,1863.0,1,1886.0,1873.0,1873.0,1859.0,5.0,9320.0,942
2023-05-11 09:12:49,UR2312,UR312,1859.0,0.0,0.0,0.0,2,1858.0,1863.0,2,1886.0,1873.0,1873.0,1859.0,5.0,9320.0,942
2023-05-11 09:12:50,UR2312,UR312,1859.0,0.0,0.0,0.0,2,1858.0,1863.0,6,1886.0,1873.0,1873.0,1859.0,5.0,9320.0,942
2023-05-11 09:12:50,UR2312,UR312,1859.0,0.0,0.0,0.0,2,1858.0,1863.0,7,1886.0,1873.0,1873.0,1859.0,5.0,9320.0,942
2023-05-11 09:12:55,UR2312,UR312,1859.0,0.0,0.0,0.0,2,1858.0,1863.0,6,1886.0,1873.0,1873.0,1859.0,5.0,9320.0,942
2023-05-11 09:12:56,UR2312,UR312,1859.0,0.0,0.0,0.0,2,1858.0,1863.0,1,1886.0,1873.0,1873.0,1859.0,5.0,9320.0,942
2023-05-11 09:12:57,UR2312,UR312,1859.0,0.0,0.0,0.0,2,1858.0,1863.0,5,1886.0,1873.0,1873.0,1859.0,5.0,9320.0,942
2023-05-11 09:12:58,UR2312,UR312,1859.0,0.0,0.0,0.0,2,1858.0,1863.0,6,1886.0,1873.0,1873.0,1859.0,5.0,9320.0,942
2023-05-11 09:12:58,UR2312,UR312,1859.0,0.0,0.0,0.0,2,1858.0,1863.0,7,1886.0,1873.0,1873.0,1859.0,5.0,9320.0,942
2023-05-11 09:13:00,UR2312,UR312,1859.0,0.0,0.0,0.0,2,1858.0,1863.0,6,1886.0,1873.0,1873.0,1859.0,5.0,9320.0,942
2023-05-11 09:13:01,UR2312,UR312,1859.0,0.0,0.0,0.0,2,1858.0,1862.0,1,1886.0,1873.0,1873.0,1859.0,5.0,9320.0,942
2023-05-11 09:13:01,UR2312,UR312,1859.0,0.0,0.0,0.0,2,1858.0,1863.0,21,1886.0,1873.0,1873.0,1859.0,5.0,9320.0,942
2023-05-11 09:13:01,UR2312,UR312,1859.0,0.0,0.0,0.0,2,1858.0,1863.0,5,1886.0,1873.0,1873.0,1859.0,5.0,9320.0,942
2023-05-11 09:13:02,UR2312,UR312,1859.0,0.0,0.0,0.0,2,1858.0,1863.0,7,1886.0,1873.0,1873.0,1859.0,5.0,9320.0,942
2023-05-11 09:13:03,UR2312,UR312,1859.0,0.0,0.0,0.0,2,1858.0,1863.0,6,1886.0,1873.0,1873.0,1859.0,5.0,9320.0,942
2023-05-11 09:13:06,UR2312,UR312,1859.0,0.0,0.0,0.0,2,1858.0,1863.0,4,1886.0,1873.0,1873.0,1859.0,5.0,9320.0,942
2023-05-11 09:13:08,UR2312,UR312,1859.0,0.0,0.0,0.0,2,1858.0,1863.0,5,1886.0,1873.0,1873.0,1859.0,5.0,9320.0,942
2023-05-11 09:13:08,UR2312,UR312,1859.0,0.0,0.0,0.0,2,1858.0,1863.0,4,1886.0,1873.0,1873.0,1859.0,5.0,9320.0,942
2023-05-11 09:13:08,UR2312,UR312,1859.0,0.0,0.0,0.0,2,1858.0,1863.0,2,1886.0,1873.0,1873.0,1859.0,5.0,9320.0,942
2023-05-11 09:13:09,UR2312,UR312,1859.0,0.0,0.0,0.0,2,1858.0,1864.0,21,1886.0,1873.0,1873.0,1859.0,5.0,9320.0,942
2023-05-11 09:13:10,UR2312,UR312,1859.0,0.0,0.0,0.0,2,1858.0,1863.0,1,1886.0,1873.0,1873.0,1859.0,5.0,9320.0,942
2023-05-11 09:13:10,UR2312,UR312,1859.0,0.0,0.0,0.0,2,1858.0,1864.0,21,1886.0,1873.0,1873.0,1859.0,5.0,9320.0,942
2023-05-11 09:13:11,UR2312,UR312,1859.0,0.0,0.0,0.0,2,1858.0,1864.0,7,1886.0,1873.0,1873.0,1859.0,5.0,9320.0,942
2023-05-11 09:13:11,UR2312,UR312,1859.0,0.0,0.0,0.0,3,1858.0,1864.0,7,1886.0,1873.0,1873.0,1859.0,5.0,9320.0,942
2023-05-11 09:13:12,UR2312,UR312,1859.0,0.0,0.0,0.0,3,1858.0,1864.0,1,1886.0,1873.0,1873.0,1859.0,5.0,9320.0,942
2023-05-11 09:13:13,UR2312,UR312,1859.0,0.0,0.0,0.0,3,1858.0,1864.0,18,1886.0,1873.0,1873.0,1859.0,5.0,9320.0,942
2023-05-11 09:13:13,UR2312,UR312,1859.0,0.0,0.0,0.0,2,1858.0,1864.0,18,1886.0,1873.0,1873.0,1859.0,5.0,9320.0,942
2023-05-11 09:13:14,UR2312,UR312,1859.0,0.0,0.0,0.0,3,1858.0,1864.0,16,1886.0,1873.0,1873.0,1859.0,5.0,9320.0,942
2023-05-11 09:13:15,UR2312,UR312,1859.0,0.0,0.0,0.0,3,1858.0,1864.0,6,1886.0,1873.0,1873.0,1859.0,5.0,9320.0,942
2023-05-11 09:13:15,UR2312,UR312,1859.0,0.0,0.0,0.0,3,1858.0,1864.0,5,1886.0,1873.0,1873.0,1859.0,5.0,9320.0,942
2023-05-11 09:13:16,UR2312,UR312,1859.0,0.0,0.0,0.0,3,1858.0,1864.0,1,1886.0,1873.0,1873.0,1859.0,5.0,9320.0,942
2023-05-11 09:13:17,UR2312,UR312,1859.0,0.0,0.0,0.0,3,1858.0,1864.0,5,1886.0,1873.0,1873.0,1859.0,5.0,9320.0,942
2023-05-11 09:13:18,UR2312,UR312,1859.0,0.0,0.0,0.0,3,1858.0,1864.0,3,1886.0,1873.0,1873.0,1859.0,5.0,9320.0,942
2023-05-11 09:13:18,UR2312,UR312,1859.0,0.0,0.0,0.0,3,1858.0,1864.0,5,1886.0,1873.0,1873.0,1859.0,5.0,9320.0,942
2023-05-11 09:13:19,UR2312,UR312,1859.0,0.0,0.0,0.0,3,1858.0,1864.0,18,1886.0,1873.0,1873.0,1859.0,5.0,9320.0,942
2023-05-11 09:13:19,UR2312,UR312,1859.0,0.0,0.0,0.0,2,1858.0,1864.0,18,1886.0,1873.0,1873.0,1859.0,5.0,9320.0,942
2023-05-11 09:13:20,UR2312,UR312,1859.0,0.0,0.0,0.0,3,1858.0,1864.0,5,1886.0,1873.0,1873.0,1859.0,5.0,9320.0,942
2023-05-11 09:13:21,UR2312,UR312,1859.0,0.0,0.0,0.0,3,1858.0,1864.0,3,1886.0,1873.0,1873.0,1859.0,5.0,9320.0,942
2023-05-11 09:13:24,UR2312,UR312,1859.0,0.0,0.0,0.0,3,1858.0,1864.0,5,1886.0,1873.0,1873.0,1859.0,5.0,9320.0,942
2023-05-11 09:13:24,UR2312,UR312,1859.0,0.0,0.0,0.0,3,1858.0,1864.0,3,1886.0,1873.0,1873.0,1859.0,5.0,9320.0,942
2023-05-11 09:13:25,UR2312,UR312,1859.0,0.0,0.0,0.0,3,1858.0,1864.0,1,1886.0,1873.0,1873.0,1859.0,5.0,9320.0,942
2023-05-11 09:13:26,UR2312,UR312,1859.0,0.0,0.0,0.0,3,1858.0,1864.0,5,1886.0,1873.0,1873.0,1859.0,5.0,9320.0,942
2023-05-11 09:13:27,UR2312,UR312,1859.0,0.0,0.0,0.0,3,1858.0,1864.0,8,1886.0,1873.0,1873.0,1859.0,5.0,9320.0,942
2023-05-11 09:13:27,UR2312,UR312,1859.0,0.0,0.0,0.0,3,1858.0,1864.0,18,1886.0,1873.0,1873.0,1859.0,5.0,9320.0,942
2023-05-11 09:13:28,UR2312,UR312,1859.0,0.0,0.0,0.0,2,1858.0,1864.0,18,1886.0,1873.0,1873.0,1859.0,5.0,9320.0,942
2023-05-11 09:13:28,UR2312,UR312,1859.0,0.0,0.0,0.0,3,1858.0,1864.0,18,1886.0,1873.0,1873.0,1859.0,5.0,9320.0,942
2023-05-11 09:13:29,UR2312,UR312,1859.0,0.0,0.0,0.0,3,1858.0,1864.0,6,1886.0,1873.0,1873.0,1859.0,5.0,9320.0,942
2023-05-11 09:13:30,UR2312,UR312,1859.0,0.0,0.0,0.0,3,1858.0,1864.0,1,1886.0,1873.0,1873.0,1859.0,5.0,9320.0,942
2023-05-11 09:13:31,UR2312,UR312,1859.0,0.0,0.0,0.0,2,1858.0,1864.0,3,1886.0,1873.0,1873.0,1859.0,5.0,9320.0,942
2023-05-11 09:13:31,UR2312,UR312,1859.0,0.0,0.0,0.0,3,1858.0,1864.0,3,1886.0,1873.0,1873.0,1859.0,5.0,9320.0,942
2023-05-11 09:13:32,UR2312,UR312,1859.0,0.0,0.0,0.0,3,1858.0,1864.0,5,1886.0,1873.0,1873.0,1859.0,5.0,9320.0,942
2023-05-11 09:13:33,UR2312,UR312,1859.0,0.0,0.0,0.0,3,1858.0,1864.0,6,1886.0,1873.0,1873.0,1859.0,5.0,9320.0,942
2023-05-11 09:13:34,UR2312,UR312,1859.0,0.0,0.0,0.0,3,1858.0,1864.0,4,1886.0,1873.0,1873.0,1859.0,5.0,9320.0,942
2023-05-11 09:13:34,UR2312,UR312,1859.0,0.0,0.0,0.0,3,1858.0,1864.0,1,1886.0,1873.0,1873.0,1859.0,5.0,9320.0,942
2023-05-11 09:13:35,UR2312,UR312,1859.0,0.0,0.0,0.0,3,1858.0,1864.0,7,1886.0,1873.0,1873.0,1859.0,5.0,9320.0,942
2023-05-11 09:13:35,UR2312,UR312,1859.0,0.0,0.0,0.0,3,1858.0,1864.0,18,1886.0,1873.0,1873.0,1859.0,5.0,9320.0,942
2023-05-11 09:13:39,UR2312,UR312,1859.0,0.0,0.0,0.0,3,1858.0,1863.0,1,1886.0,1873.0,1873.0,1859.0,5.0,9320.0,942
2023-05-11 09:13:40,UR2312,UR312,1859.0,0.0,0.0,0.0,3,1858.0,1864.0,18,1886.0,1873.0,1873.0,1859.0,5.0,9320.0,942
2023-05-11 09:13:41,UR2312,UR312,1859.0,0.0,0.0,0.0,3,1858.0,1864.0,21,1886.0,1873.0,1873.0,1859.0,5.0,9320.0,942
2023-05-11 09:13:41,UR2312,UR312,1859.0,0.0,0.0,0.0,2,1858.0,1864.0,22,1886.0,1873.0,1873.0,1859.0,5.0,9320.0,942
2023-05-11 09:13:42,UR2312,UR312,1859.0,0.0,0.0,0.0,2,1858.0,1863.0,2,1886.0,1873.0,1873.0,1859.0,5.0,9320.0,942
2023-05-11 09:13:42,UR2312,UR312,1859.0,0.0,0.0,0.0,2,1858.0,1864.0,22,1886.0,1873.0,1873.0,1859.0,5.0,9320.0,942
2023-05-11 09:13:43,UR2312,UR312,1859.0,0.0,0.0,0.0,2,1858.0,1863.0,2,1886.0,1873.0,1873.0,1859.0,5.0,9320.0,942
2023-05-11 09:13:45,UR2312,UR312,1859.0,0.0,0.0,0.0,2,1858.0,1864.0,22,1886.0,1873.0,1873.0,1859.0,5.0,9320.0,942
2023-05-11 09:13:48,UR2312,UR312,1859.0,0.0,0.0,0.0,2,1858.0,1863.0,1,1886.0,1873.0,1873.0,1859.0,5.0,9320.0,942
2023-05-11 09:13:48,UR2312,UR312,1859.0,0.0,0.0,0.0,2,1858.0,1863.0,3,1886.0,1873.0,1873.0,1859.0,5.0,9320.0,942
2023-05-11 09:13:49,UR2312,UR312,1859.0,0.0,0.0,0.0,2,1858.0,1863.0,2,1886.0,1873.0,1873.0,1859.0,5.0,9320.0,942
2023-05-11 09:13:51,UR2312,UR312,1859.0,0.0,0.0,0.0,2,1858.0,1864.0,21,1886.0,1873.0,1873.0,1859.0,5.0,9320.0,942
2023-05-11 09:13:51,UR2312,UR312,1859.0,0.0,0.0,0.0,2,1858.0,1864.0,22,1886.0,1873.0,1873.0,1859.0,5.0,9320.0,942
2023-05-11 09:13:51,UR2312,UR312,1859.0,0.0,0.0,0.0,3,1858.0,1863.0,3,1886.0,1873.0,1873.0,1859.0,5.0,9320.0,942
2023-05-11 09:13:52,UR2312,UR312,1859.0,0.0,0.0,0.0,2,1858.0,1863.0,3,1886.0,1873.0,1873.0,1859.0,5.0,9320.0,942
2023-05-11 09:13:52,UR2312,UR312,1859.0,0.0,0.0,0.0,2,1858.0,1863.0,5,1886.0,1873.0,1873.0,1859.0,5.0,9320.0,942
2023-05-11 09:13:56,UR2312,UR312,1859.0,0.0,0.0,0.0,2,1858.0,1863.0,3,1886.0,1873.0,1873.0,1859.0,5.0,9320.0,942
2023-05-11 09:13:56,UR2312,UR312,1859.0,0.0,0.0,0.0,2,1858.0,1863.0,4,1886.0,1873.0,1873.0,1859.0,5.0,9320.0,942
2023-05-11 09:13:57,UR2312,UR312,1859.0,0.0,0.0,0.0,2,1858.0,1863.0,3,1886.0,1873.0,1873.0,1859.0,5.0,9320.0,942
2023-05-11 09:14:00,UR2312,UR312,1859.0,0.0,0.0,0.0,2,1858.0,1863.0,5,1886.0,1873.0,1873.0,1859.0,5.0,9320.0,942
2023-05-11 09:14:00,UR2312,UR312,1859.0,0.0,0.0,0.0,2,1858.0,1863.0,1,1886.0,1873.0,1873.0,1859.0,5.0,9320.0,942
2023-05-11 09:14:01,UR2312,UR312,1859.0,0.0,0.0,0.0,2,1858.0,1864.0,8,1886.0,1873.0,1873.0,1859.0,5.0,9320.0,942
2023-05-11 09:14:01,UR2312,UR312,1859.0,0.0,0.0,0.0,2,1858.0,1864.0,22,1886.0,1873.0,1873.0,1859.0,5.0,9320.0,942
2023-05-11 09:14:02,UR2312,UR312,1859.0,0.0,0.0,0.0,2,1858.0,1864.0,21,1886.0,1873.0,1873.0,1859.0,5.0,9320.0,942
2023-05-11 09:14:04,UR2312,UR312,1859.0,0.0,0.0,0.0,2,1858.0,1864.0,22,1886.0,1873.0,1873.0,1859.0,5.0,9320.0,942
2023-05-11 09:14:05,UR2312,UR312,1859.0,0.0,0.0,0.0,2,1858.0,1864.0,20,1886.0,1873.0,1873.0,1859.0,5.0,9320.0,942
2023-05-11 09:14:05,UR2312,UR312,1859.0,0.0,0.0,0.0,2,1858.0,1864.0,17,1886.0,1873.0,1873.0,1859.0,5.0,9320.0,942
2023-05-11 09:14:07,UR2312,UR312,1859.0,0.0,0.0,0.0,3,1858.0,1864.0,16,1886.0,1873.0,1873.0,1859.0,5.0,9320.0,942
2023-05-11 09:14:09,UR2312,UR312,1859.0,0.0,0.0,0.0,2,1858.0,1864.0,16,1886.0,1873.0,1873.0,1859.0,5.0,9320.0,942
2023-05-11 09:14:09,UR2312,UR312,1859.0,0.0,0.0,0.0,3,1858.0,1864.0,16,1886.0,1873.0,1873.0,1859.0,5.0,9320.0,942
2023-05-11 09:14:10,UR2312,UR312,1859.0,0.0,0.0,0.0,3,1858.0,1863.0,1,1886.0,1873.0,1873.0,1859.0,5.0,9320.0,942
2023-05-11 09:14:44,UR2312,UR312,1859.0,0.0,0.0,0.0,4,1858.0,1863.0,1,1886.0,1873.0,1873.0,1859.0,5.0,9320.0,942
2023-05-11 09:15:03,UR2312,UR312,1859.0,0.0,0.0,0.0,3,1858.0,1863.0,1,1886.0,1873.0,1873.0,1859.0,5.0,9320.0,942
2023-05-11 09:15:04,UR2312,UR312,1859.0,0.0,0.0,0.0,4,1858.0,1863.0,1,1886.0,1873.0,1873.0,1859.0,5.0,9320.0,942
2023-05-11 09:15:15,UR2312,UR312,1859.0,0.0,0.0,0.0,3,1858.0,1863.0,1,1886.0,1873.0,1873.0,1859.0,5.0,9320.0,942
2023-05-11 09:15:21,UR2312,UR312,1859.0,0.0,0.0,0.0,1,1859.0,1863.0,1,1886.0,1873.0,1873.0,1859.0,5.0,9320.0,942
2023-05-11 09:15:21,UR2312,UR312,1859.0,0.0,0.0,0.0,2,1859.0,1863.0,1,1886.0,1873.0,1873.0,1859.0,5.0,9320.0,942
2023-05-11 09:15:22,UR2312,UR312,1859.0,0.0,0.0,0.0,2,1860.0,1863.0,1,1886.0,1873.0,1873.0,1859.0,5.0,9320.0,942
2023-05-11 09:15:28,UR2312,UR312,1859.0,0.0,0.0,0.0,3,1860.0,1863.0,1,1886.0,1873.0,1873.0,1859.0,5.0,9320.0,942
2023-05-11 09:15:29,UR2312,UR312,1859.0,0.0,0.0,0.0,2,1860.0,1863.0,1,1886.0,1873.0,1873.0,1859.0,5.0,9320.0,942
2023-05-11 09:15:37,UR2312,UR312,1859.0,0.0,0.0,0.0,2,1860.0,1863.0,3,1886.0,1873.0,1873.0,1859.0,5.0,9320.0,942
2023-05-11 09:15:38,UR2312,UR312,1859.0,0.0,0.0,0.0,2,1860.0,1863.0,2,1886.0,1873.0,1873.0,1859.0,5.0,9320.0,942
2023-05-11 09:15:45,UR2312,UR312,1859.0,0.0,0.0,0.0,2,1860.0,1863.0,1,1886.0,1873.0,1873.0,1859.0,5.0,9320.0,942
2023-05-11 09:15:54,UR2312,UR312,1859.0,0.0,0.0,0.0,3,1860.0,1863.0,1,1886.0,1873.0,1873.0,1859.0,5.0,9320.0,942
2023-05-11 09:15:55,UR2312,UR312,1859.0,0.0,0.0,0.0,4,1860.0,1863.0,1,1886.0,1873.0,1873.0,1859.0,5.0,9320.0,942
2023-05-11 09:15:57,UR2312,UR312,1859.0,0.0,0.0,0.0,1,1861.0,1863.0,1,1886.0,1873.0,1873.0,1859.0,5.0,9320.0,942
2023-05-11 09:15:58,UR2312,UR312,1859.0,0.0,0.0,0.0,2,1862.0,1863.0,1,1886.0,1873.0,1873.0,1859.0,5.0,9320.0,942
2023-05-11 09:16:26,UR2312,UR312,1859.0,0.0,0.0,0.0,2,1860.0,1863.0,1,1886.0,1873.0,1873.0,1859.0,5.0,9320.0,942
2023-05-11 09:16:27,UR2312,UR312,1859.0,0.0,0.0,0.0,2,1861.0,1863.0,1,1886.0,1873.0,1873.0,1859.0,5.0,9320.0,942
2023-05-11 09:16:30,UR2312,UR312,1859.0,0.0,0.0,0.0,1,1859.0,1863.0,1,1886.0,1873.0,1873.0,1859.0,5.0,9320.0,942
2023-05-11 09:16:31,UR2312,UR312,1859.0,0.0,0.0,0.0,1,1860.0,1863.0,1,1886.0,1873.0,1873.0,1859.0,5.0,9320.0,942
2023-05-11 09:16:31,UR2312,UR312,1859.0,0.0,0.0,0.0,2,1860.0,1863.0,1,1886.0,1873.0,1873.0,1859.0,5.0,9320.0,942
2023-05-11 09:16:39,UR2312,UR312,1859.0,0.0,0.0,0.0,1,1861.0,1863.0,1,1886.0,1873.0,1873.0,1859.0,5.0,9320.0,942
2023-05-11 09:16:40,UR2312,UR312,1859.0,0.0,0.0,0.0,2,1861.0,1863.0,1,1886.0,1873.0,1873.0,1859.0,5.0,9320.0,942
2023-05-11 09:16:40,UR2312,UR312,1859.0,0.0,0.0,0.0,2,1862.0,1863.0,1,1886.0,1873.0,1873.0,1859.0,5.0,9320.0,942
2023-05-11 09:16:45,UR2312,UR312,1863.0,1.0,1864.0,0.0,3,1862.0,1866.0,1,1886.0,1873.0,1873.0,1859.0,6.0,11184.0,942
2023-05-11 09:16:51,UR2312,UR312,1863.0,0.0,0.0,0.0,3,1862.0,1866.0,2,1886.0,1873.0,1873.0,1859.0,6.0,11184.0,942
2023-05-11 09:16:53,UR2312,UR312,1863.0,0.0,0.0,0.0,3,1862.0,1866.0,1,1886.0,1873.0,1873.0,1859.0,6.0,11184.0,942
2023-05-11 09:16:53,UR2312,UR312,1863.0,0.0,0.0,0.0,4,1862.0,1866.0,1,1886.0,1873.0,1873.0,1859.0,6.0,11184.0,942
2023-05-11 09:17:14,UR2312,UR312,1863.0,0.0,0.0,0.0,2,1862.0,1866.0,1,1886.0,1873.0,1873.0,1859.0,6.0,11184.0,942
2023-05-11 09:17:25,UR2312,UR312,1863.0,0.0,0.0,0.0,2,1862.0,1866.0,2,1886.0,1873.0,1873.0,1859.0,6.0,11184.0,942
2023-05-11 09:17:25,UR2312,UR312,1863.0,0.0,0.0,0.0,2,1862.0,1866.0,1,1886.0,1873.0,1873.0,1859.0,6.0,11184.0,942
2023-05-11 09:17:27,UR2312,UR312,1863.0,0.0,0.0,0.0,2,1862.0,1866.0,3,1886.0,1873.0,1873.0,1859.0,6.0,11184.0,942
2023-05-11 09:17:27,UR2312,UR312,1863.0,0.0,0.0,0.0,2,1862.0,1866.0,5,1886.0,1873.0,1873.0,1859.0,6.0,11184.0,942
2023-05-11 09:17:28,UR2312,UR312,1863.0,0.0,0.0,0.0,2,1862.0,1865.0,2,1886.0,1873.0,1873.0,1859.0,6.0,11184.0,942
2023-05-11 09:17:31,UR2312,UR312,1863.0,0.0,0.0,0.0,2,1862.0,1866.0,21,1886.0,1873.0,1873.0,1859.0,6.0,11184.0,942
2023-05-11 09:17:32,UR2312,UR312,1863.0,0.0,0.0,0.0,2,1862.0,1866.0,15,1886.0,1873.0,1873.0,1859.0,6.0,11184.0,942
2023-05-11 09:17:34,UR2312,UR312,1863.0,0.0,0.0,0.0,2,1862.0,1866.0,6,1886.0,1873.0,1873.0,1859.0,6.0,11184.0,942
2023-05-11 09:17:34,UR2312,UR312,1863.0,0.0,0.0,0.0,2,1862.0,1866.0,5,1886.0,1873.0,1873.0,1859.0,6.0,11184.0,942
2023-05-11 09:17:34,UR2312,UR312,1863.0,0.0,0.0,0.0,2,1862.0,1866.0,3,1886.0,1873.0,1873.0,1859.0,6.0,11184.0,942
2023-05-11 09:17:36,UR2312,UR312,1863.0,0.0,0.0,0.0,2,1862.0,1865.0,1,1886.0,1873.0,1873.0,1859.0,6.0,11184.0,942
2023-05-11 09:17:36,UR2312,UR312,1863.0,0.0,0.0,0.0,2,1862.0,1865.0,2,1886.0,1873.0,1873.0,1859.0,6.0,11184.0,942
2023-05-11 09:17:38,UR2312,UR312,1863.0,0.0,0.0,0.0,2,1862.0,1866.0,17,1886.0,1873.0,1873.0,1859.0,6.0,11184.0,942
2023-05-11 09:17:38,UR2312,UR312,1863.0,0.0,0.0,0.0,2,1862.0,1866.0,16,1886.0,1873.0,1873.0,1859.0,6.0,11184.0,942
2023-05-11 09:17:38,UR2312,UR312,1863.0,0.0,0.0,0.0,2,1862.0,1866.0,14,1886.0,1873.0,1873.0,1859.0,6.0,11184.0,942
2023-05-11 09:17:39,UR2312,UR312,1863.0,0.0,0.0,0.0,2,1862.0,1866.0,15,1886.0,1873.0,1873.0,1859.0,6.0,11184.0,942
2023-05-11 09:17:40,UR2312,UR312,1863.0,0.0,0.0,0.0,3,1862.0,1866.0,17,1886.0,1873.0,1873.0,1859.0,6.0,11184.0,942
2023-05-11 09:17:42,UR2312,UR312,1863.0,0.0,0.0,0.0,3,1862.0,1866.0,16,1886.0,1873.0,1873.0,1859.0,6.0,11184.0,942
2023-05-11 09:17:42,UR2312,UR312,1863.0,0.0,0.0,0.0,3,1862.0,1866.0,3,1886.0,1873.0,1873.0,1859.0,6.0,11184.0,942
2023-05-11 09:17:42,UR2312,UR312,1863.0,0.0,0.0,0.0,3,1862.0,1866.0,2,1886.0,1873.0,1873.0,1859.0,6.0,11184.0,942
2023-05-11 09:17:45,UR2312,UR312,1863.0,0.0,0.0,0.0,3,1862.0,1866.0,4,1886.0,1873.0,1873.0,1859.0,6.0,11184.0,942
2023-05-11 09:17:45,UR2312,UR312,1863.0,0.0,0.0,0.0,3,1862.0,1866.0,2,1886.0,1873.0,1873.0,1859.0,6.0,11184.0,942
2023-05-11 09:17:53,UR2312,UR312,1863.0,0.0,0.0,0.0,3,1862.0,1866.0,6,1886.0,1873.0,1873.0,1859.0,6.0,11184.0,942
2023-05-11 09:17:54,UR2312,UR312,1863.0,0.0,0.0,0.0,3,1862.0,1866.0,2,1886.0,1873.0,1873.0,1859.0,6.0,11184.0,942
2023-05-11 09:17:59,UR2312,UR312,1863.0,0.0,0.0,0.0,2,1862.0,1866.0,2,1886.0,1873.0,1873.0,1859.0,6.0,11184.0,942
2023-05-11 09:17:59,UR2312,UR312,1863.0,0.0,0.0,0.0,1,1861.0,1866.0,2,1886.0,1873.0,1873.0,1859.0,6.0,11184.0,942
2023-05-11 09:18:00,UR2312,UR312,1863.0,0.0,0.0,0.0,3,1861.0,1866.0,2,1886.0,1873.0,1873.0,1859.0,6.0,11184.0,942
2023-05-11 09:18:02,UR2312,UR312,1863.0,0.0,0.0,0.0,3,1861.0,1865.0,2,1886.0,1873.0,1873.0,1859.0,6.0,11184.0,942
2023-05-11 09:18:03,UR2312,UR312,1863.0,0.0,0.0,0.0,3,1861.0,1866.0,13,1886.0,1873.0,1873.0,1859.0,6.0,11184.0,942
2023-05-11 09:18:03,UR2312,UR312,1863.0,0.0,0.0,0.0,4,1861.0,1866.0,2,1886.0,1873.0,1873.0,1859.0,6.0,11184.0,942
2023-05-11 09:18:07,UR2312,UR312,1863.0,0.0,0.0,0.0,4,1861.0,1865.0,1,1886.0,1873.0,1873.0,1859.0,6.0,11184.0,942
2023-05-11 09:18:08,UR2312,UR312,1863.0,0.0,0.0,0.0,3,1861.0,1866.0,2,1886.0,1873.0,1873.0,1859.0,6.0,11184.0,942
2023-05-11 09:18:09,UR2312,UR312,1863.0,0.0,0.0,0.0,3,1861.0,1866.0,3,1886.0,1873.0,1873.0,1859.0,6.0,11184.0,942
2023-05-11 09:18:11,UR2312,UR312,1863.0,0.0,0.0,0.0,2,1861.0,1866.0,5,1886.0,1873.0,1873.0,1859.0,6.0,11184.0,942
2023-05-11 09:18:11,UR2312,UR312,1863.0,0.0,0.0,0.0,2,1860.0,1865.0,2,1886.0,1873.0,1873.0,1859.0,6.0,11184.0,942
2023-05-11 09:18:11,UR2312,UR312,1863.0,0.0,0.0,0.0,4,1860.0,1865.0,2,1886.0,1873.0,1873.0,1859.0,6.0,11184.0,942
2023-05-11 09:18:16,UR2312,UR312,1863.0,0.0,0.0,0.0,4,1860.0,1864.0,1,1886.0,1873.0,1873.0,1859.0,6.0,11184.0,942
2023-05-11 09:18:28,UR2312,UR312,1863.0,0.0,0.0,0.0,2,1860.0,1864.0,2,1886.0,1873.0,1873.0,1859.0,6.0,11184.0,942
2023-05-11 09:18:28,UR2312,UR312,1863.0,0.0,0.0,0.0,1,1858.0,1862.0,4,1886.0,1873.0,1873.0,1859.0,6.0,11184.0,942
2023-05-11 09:18:29,UR2312,UR312,1863.0,0.0,0.0,0.0,2,1858.0,1862.0,5,1886.0,1873.0,1873.0,1859.0,6.0,11184.0,942
2023-05-11 09:18:29,UR2312,UR312,1863.0,0.0,0.0,0.0,3,1858.0,1862.0,5,1886.0,1873.0,1873.0,1859.0,6.0,11184.0,942
2023-05-11 09:18:34,UR2312,UR312,1863.0,0.0,0.0,0.0,3,1858.0,1862.0,7,1886.0,1873.0,1873.0,1859.0,6.0,11184.0,942
2023-05-11 09:18:34,UR2312,UR312,1863.0,0.0,0.0,0.0,3,1858.0,1863.0,20,1886.0,1873.0,1873.0,1859.0,6.0,11184.0,942
2023-05-11 09:18:34,UR2312,UR312,1863.0,0.0,0.0,0.0,3,1858.0,1862.0,1,1886.0,1873.0,1873.0,1859.0,6.0,11184.0,942
2023-05-11 09:18:39,UR2312,UR312,1863.0,0.0,0.0,0.0,1,1859.0,1863.0,5,1886.0,1873.0,1873.0,1859.0,6.0,11184.0,942
2023-05-11 09:18:40,UR2312,UR312,1863.0,0.0,0.0,0.0,1,1859.0,1863.0,3,1886.0,1873.0,1873.0,1859.0,6.0,11184.0,942
2023-05-11 09:18:40,UR2312,UR312,1863.0,0.0,0.0,0.0,2,1859.0,1863.0,3,1886.0,1873.0,1873.0,1859.0,6.0,11184.0,942
2023-05-11 09:18:46,UR2312,UR312,1863.0,0.0,0.0,0.0,2,1858.0,1863.0,3,1886.0,1873.0,1873.0,1859.0,6.0,11184.0,942
2023-05-11 09:18:47,UR2312,UR312,1863.0,0.0,0.0,0.0,3,1858.0,1863.0,3,1886.0,1873.0,1873.0,1859.0,6.0,11184.0,942
2023-05-11 09:18:48,UR2312,UR312,1863.0,0.0,0.0,0.0,4,1858.0,1863.0,3,1886.0,1873.0,1873.0,1859.0,6.0,11184.0,942
2023-05-11 09:18:55,UR2312,UR312,1863.0,0.0,0.0,0.0,1,1859.0,1863.0,3,1886.0,1873.0,1873.0,1859.0,6.0,11184.0,942
2023-05-11 09:18:56,UR2312,UR312,1863.0,0.0,0.0,0.0,2,1859.0,1863.0,3,1886.0,1873.0,1873.0,1859.0,6.0,11184.0,942
2023-05-11 09:18:59,UR2312,UR312,1863.0,0.0,0.0,0.0,2,1859.0,1862.0,1,1886.0,1873.0,1873.0,1859.0,6.0,11184.0,942
2023-05-11 09:19:00,UR2312,UR312,1863.0,0.0,0.0,0.0,1,1858.0,1862.0,1,1886.0,1873.0,1873.0,1859.0,6.0,11184.0,942
2023-05-11 09:19:00,UR2312,UR312,1863.0,0.0,0.0,0.0,3,1858.0,1862.0,1,1886.0,1873.0,1873.0,1859.0,6.0,11184.0,942
2023-05-11 09:19:05,UR2312,UR312,1863.0,0.0,0.0,0.0,3,1858.0,1863.0,3,1886.0,1873.0,1873.0,1859.0,6.0,11184.0,942
2023-05-11 09:19:05,UR2312,UR312,1863.0,0.0,0.0,0.0,4,1858.0,1863.0,3,1886.0,1873.0,1873.0,1859.0,6.0,11184.0,942
2023-05-11 09:19:19,UR2312,UR312,1863.0,0.0,0.0,0.0,1,1859.0,1863.0,3,1886.0,1873.0,1873.0,1859.0,6.0,11184.0,942
2023-05-11 09:19:19,UR2312,UR312,1863.0,0.0,0.0,0.0,3,1859.0,1863.0,3,1886.0,1873.0,1873.0,1859.0,6.0,11184.0,942
2023-05-11 09:19:22,UR2312,UR312,1863.0,0.0,0.0,0.0,2,1859.0,1863.0,3,1886.0,1873.0,1873.0,1859.0,6.0,11184.0,942
2023-05-11 09:19:23,UR2312,UR312,1863.0,0.0,0.0,0.0,2,1858.0,1863.0,3,1886.0,1873.0,1873.0,1859.0,6.0,11184.0,942
2023-05-11 09:19:23,UR2312,UR312,1863.0,0.0,0.0,0.0,3,1858.0,1863.0,3,1886.0,1873.0,1873.0,1859.0,6.0,11184.0,942
2023-05-11 09:19:24,UR2312,UR312,1863.0,0.0,0.0,0.0,4,1858.0,1863.0,3,1886.0,1873.0,1873.0,1859.0,6.0,11184.0,942
2023-05-11 09:19:53,UR2312,UR312,1863.0,0.0,0.0,0.0,3,1858.0,1863.0,3,1886.0,1873.0,1873.0,1859.0,6.0,11184.0,942
2023-05-11 09:19:54,UR2312,UR312,1863.0,0.0,0.0,0.0,1,1859.0,1863.0,3,1886.0,1873.0,1873.0,1859.0,6.0,11184.0,942
2023-05-11 09:19:55,UR2312,UR312,1863.0,0.0,0.0,0.0,1,1858.0,1863.0,3,1886.0,1873.0,1873.0,1859.0,6.0,11184.0,942
2023-05-11 09:19:55,UR2312,UR312,1863.0,0.0,0.0,0.0,1,1859.0,1863.0,3,1886.0,1873.0,1873.0,1859.0,6.0,11184.0,942
2023-05-11 09:19:55,UR2312,UR312,1863.0,0.0,0.0,0.0,1,1858.0,1863.0,3,1886.0,1873.0,1873.0,1859.0,6.0,11184.0,942
2023-05-11 09:19:55,UR2312,UR312,1863.0,0.0,0.0,0.0,1,1859.0,1863.0,3,1886.0,1873.0,1873.0,1859.0,6.0,11184.0,942
2023-05-11 09:19:58,UR2312,UR312,1863.0,0.0,0.0,0.0,2,1858.0,1863.0,3,1886.0,1873.0,1873.0,1859.0,6.0,11184.0,942
2023-05-11 09:19:59,UR2312,UR312,1863.0,0.0,0.0,0.0,3,1858.0,1863.0,3,1886.0,1873.0,1873.0,1859.0,6.0,11184.0,942
2023-05-11 09:20:00,UR2312,UR312,1863.0,0.0,0.0,0.0,3,1858.0,1862.0,1,1886.0,1873.0,1873.0,1859.0,6.0,11184.0,942
2023-05-11 09:20:00,UR2312,UR312,1863.0,0.0,0.0,0.0,3,1858.0,1863.0,20,1886.0,1873.0,1873.0,1859.0,6.0,11184.0,942
2023-05-11 09:20:03,UR2312,UR312,1863.0,0.0,0.0,0.0,2,1858.0,1863.0,20,1886.0,1873.0,1873.0,1859.0,6.0,11184.0,942
2023-05-11 09:20:03,UR2312,UR312,1863.0,0.0,0.0,0.0,2,1857.0,1863.0,20,1886.0,1873.0,1873.0,1859.0,6.0,11184.0,942
2023-05-11 09:20:06,UR2312,UR312,1863.0,0.0,0.0,0.0,4,1857.0,1863.0,20,1886.0,1873.0,1873.0,1859.0,6.0,11184.0,942
2023-05-11 09:20:07,UR2312,UR312,1863.0,0.0,0.0,0.0,1,1858.0,1863.0,20,1886.0,1873.0,1873.0,1859.0,6.0,11184.0,942
2023-05-11 09:20:08,UR2312,UR312,1863.0,0.0,0.0,0.0,1,1858.0,1863.0,5,1886.0,1873.0,1873.0,1859.0,6.0,11184.0,942
2023-05-11 09:20:08,UR2312,UR312,1863.0,0.0,0.0,0.0,1,1858.0,1863.0,7,1886.0,1873.0,1873.0,1859.0,6.0,11184.0,942
2023-05-11 09:20:09,UR2312,UR312,1863.0,0.0,0.0,0.0,3,1858.0,1863.0,10,1886.0,1873.0,1873.0,1859.0,6.0,11184.0,942
2023-05-11 09:20:09,UR2312,UR312,1863.0,0.0,0.0,0.0,3,1858.0,1863.0,11,1886.0,1873.0,1873.0,1859.0,6.0,11184.0,942
2023-05-11 09:20:10,UR2312,UR312,1863.0,0.0,0.0,0.0,2,1858.0,1863.0,11,1886.0,1873.0,1873.0,1859.0,6.0,11184.0,942
2023-05-11 09:20:11,UR2312,UR312,1863.0,0.0,0.0,0.0,2,1857.0,1863.0,11,1886.0,1873.0,1873.0,1859.0,6.0,11184.0,942
2023-05-11 09:20:12,UR2312,UR312,1863.0,0.0,0.0,0.0,4,1857.0,1863.0,11,1886.0,1873.0,1873.0,1859.0,6.0,11184.0,942
2023-05-11 09:20:12,UR2312,UR312,1863.0,0.0,0.0,0.0,4,1857.0,1863.0,21,1886.0,1873.0,1873.0,1859.0,6.0,11184.0,942
2023-05-11 09:20:14,UR2312,UR312,1863.0,0.0,0.0,0.0,1,1858.0,1863.0,21,1886.0,1873.0,1873.0,1859.0,6.0,11184.0,942
2023-05-11 09:20:15,UR2312,UR312,1863.0,0.0,0.0,0.0,2,1857.0,1863.0,21,1886.0,1873.0,1873.0,1859.0,6.0,11184.0,942
2023-05-11 09:20:15,UR2312,UR312,1863.0,0.0,0.0,0.0,2,1858.0,1863.0,21,1886.0,1873.0,1873.0,1859.0,6.0,11184.0,942
2023-05-11 09:20:19,UR2312,UR312,1863.0,0.0,0.0,0.0,2,1857.0,1863.0,21,1886.0,1873.0,1873.0,1859.0,6.0,11184.0,942
2023-05-11 09:20:19,UR2312,UR312,1863.0,0.0,0.0,0.0,4,1857.0,1863.0,21,1886.0,1873.0,1873.0,1859.0,6.0,11184.0,942
2023-05-11 09:20:19,UR2312,UR312,1863.0,0.0,0.0,0.0,2,1857.0,1863.0,21,1886.0,1873.0,1873.0,1859.0,6.0,11184.0,942
2023-05-11 09:20:19,UR2312,UR312,1863.0,0.0,0.0,0.0,4,1857.0,1863.0,21,1886.0,1873.0,1873.0,1859.0,6.0,11184.0,942
2023-05-11 09:20:25,UR2312,UR312,1863.0,0.0,0.0,0.0,1,1858.0,1863.0,21,1886.0,1873.0,1873.0,1859.0,6.0,11184.0,942
2023-05-11 09:20:26,UR2312,UR312,1863.0,0.0,0.0,0.0,3,1858.0,1863.0,21,1886.0,1873.0,1873.0,1859.0,6.0,11184.0,942
2023-05-11 09:20:26,UR2312,UR312,1863.0,0.0,0.0,0.0,2,1858.0,1863.0,21,1886.0,1873.0,1873.0,1859.0,6.0,11184.0,942
2023-05-11 09:20:28,UR2312,UR312,1863.0,0.0,0.0,0.0,2,1858.0,1862.0,1,1886.0,1873.0,1873.0,1859.0,6.0,11184.0,942
2023-05-11 09:20:28,UR2312,UR312,1863.0,0.0,0.0,0.0,1,1857.0,1862.0,2,1886.0,1873.0,1873.0,1859.0,6.0,11184.0,942
2023-05-11 09:20:29,UR2312,UR312,1863.0,0.0,0.0,0.0,3,1857.0,1862.0,3,1886.0,1873.0,1873.0,1859.0,6.0,11184.0,942
2023-05-11 09:20:29,UR2312,UR312,1863.0,0.0,0.0,0.0,3,1857.0,1862.0,4,1886.0,1873.0,1873.0,1859.0,6.0,11184.0,942
2023-05-11 09:20:31,UR2312,UR312,1863.0,0.0,0.0,0.0,3,1857.0,1862.0,6,1886.0,1873.0,1873.0,1859.0,6.0,11184.0,942
2023-05-11 09:20:37,UR2312,UR312,1863.0,0.0,0.0,0.0,3,1857.0,1862.0,9,1886.0,1873.0,1873.0,1859.0,6.0,11184.0,942
2023-05-11 09:20:38,UR2312,UR312,1863.0,0.0,0.0,0.0,2,1857.0,1862.0,19,1886.0,1873.0,1873.0,1859.0,6.0,11184.0,942
2023-05-11 09:20:39,UR2312,UR312,1863.0,0.0,0.0,0.0,1,1856.0,1861.0,4,1886.0,1873.0,1873.0,1859.0,6.0,11184.0,942
2023-05-11 09:20:39,UR2312,UR312,1863.0,0.0,0.0,0.0,1,1856.0,1861.0,9,1886.0,1873.0,1873.0,1859.0,6.0,11184.0,942
2023-05-11 09:20:43,UR2312,UR312,1863.0,0.0,0.0,0.0,3,1856.0,1861.0,9,1886.0,1873.0,1873.0,1859.0,6.0,11184.0,942
2023-05-11 09:20:49,UR2312,UR312,1863.0,0.0,0.0,0.0,3,1856.0,1861.0,19,1886.0,1873.0,1873.0,1859.0,6.0,11184.0,942
2023-05-11 09:20:49,UR2312,UR312,1863.0,0.0,0.0,0.0,3,1856.0,1860.0,1,1886.0,1873.0,1873.0,1859.0,6.0,11184.0,942
2023-05-11 09:20:50,UR2312,UR312,1863.0,0.0,0.0,0.0,2,1856.0,1860.0,1,1886.0,1873.0,1873.0,1859.0,6.0,11184.0,942
2023-05-11 09:20:51,UR2312,UR312,1863.0,0.0,0.0,0.0,2,1856.0,1859.0,1,1886.0,1873.0,1873.0,1859.0,6.0,11184.0,942
2023-05-11 09:20:51,UR2312,UR312,1863.0,0.0,0.0,0.0,1,1855.0,1860.0,5,1886.0,1873.0,1873.0,1859.0,6.0,11184.0,942
2023-05-11 09:20:52,UR2312,UR312,1863.0,0.0,0.0,0.0,3,1855.0,1860.0,10,1886.0,1873.0,1873.0,1859.0,6.0,11184.0,942
2023-05-11 09:20:56,UR2312,UR312,1863.0,0.0,0.0,0.0,1,1856.0,1860.0,3,1886.0,1873.0,1873.0,1859.0,6.0,11184.0,942
2023-05-11 09:20:56,UR2312,UR312,1863.0,0.0,0.0,0.0,1,1856.0,1860.0,2,1886.0,1873.0,1873.0,1859.0,6.0,11184.0,942
2023-05-11 09:20:57,UR2312,UR312,1863.0,0.0,0.0,0.0,3,1856.0,1860.0,2,1886.0,1873.0,1873.0,1859.0,6.0,11184.0,942
2023-05-11 09:20:58,UR2312,UR312,1863.0,0.0,0.0,0.0,3,1856.0,1860.0,4,1886.0,1873.0,1873.0,1859.0,6.0,11184.0,942
2023-05-11 09:20:59,UR2312,UR312,1863.0,0.0,0.0,0.0,3,1856.0,1860.0,6,1886.0,1873.0,1873.0,1859.0,6.0,11184.0,942
2023-05-11 09:21:00,UR2312,UR312,1860.0,1.0,1864.0,1.0,3,1856.0,1860.0,1,1886.0,1873.0,1873.0,1859.0,7.0,13048.0,943
2023-05-11 09:21:01,UR2312,UR312,1860.0,0.0,0.0,0.0,3,1856.0,1861.0,10,1886.0,1873.0,1873.0,1859.0,7.0,13048.0,943
2023-05-11 09:21:11,UR2312,UR312,1860.0,0.0,0.0,0.0,1,1857.0,1861.0,10,1886.0,1873.0,1873.0,1859.0,7.0,13048.0,943
2023-05-11 09:21:12,UR2312,UR312,1860.0,0.0,0.0,0.0,3,1857.0,1861.0,10,1886.0,1873.0,1873.0,1859.0,7.0,13048.0,943
2023-05-11 09:21:13,UR2312,UR312,1860.0,0.0,0.0,0.0,2,1857.0,1861.0,10,1886.0,1873.0,1873.0,1859.0,7.0,13048.0,943
2023-05-11 09:21:16,UR2312,UR312,1860.0,0.0,0.0,0.0,3,1857.0,1861.0,10,1886.0,1873.0,1873.0,1859.0,7.0,13048.0,943
2023-05-11 09:21:18,UR2312,UR312,1860.0,0.0,0.0,0.0,2,1857.0,1861.0,10,1886.0,1873.0,1873.0,1859.0,7.0,13048.0,943
2023-05-11 09:21:18,UR2312,UR312,1860.0,0.0,0.0,0.0,1,1856.0,1861.0,10,1886.0,1873.0,1873.0,1859.0,7.0,13048.0,943
2023-05-11 09:21:19,UR2312,UR312,1860.0,0.0,0.0,0.0,3,1856.0,1861.0,10,1886.0,1873.0,1873.0,1859.0,7.0,13048.0,943
2023-05-11 09:21:22,UR2312,UR312,1860.0,0.0,0.0,0.0,1,1857.0,1861.0,8,1886.0,1873.0,1873.0,1859.0,7.0,13048.0,943
2023-05-11 09:21:23,UR2312,UR312,1860.0,0.0,0.0,0.0,1,1856.0,1861.0,8,1886.0,1873.0,1873.0,1859.0,7.0,13048.0,943
2023-05-11 09:21:23,UR2312,UR312,1860.0,0.0,0.0,0.0,3,1856.0,1861.0,10,1886.0,1873.0,1873.0,1859.0,7.0,13048.0,943
2023-05-11 09:21:27,UR2312,UR312,1860.0,0.0,0.0,0.0,3,1856.0,1860.0,4,1886.0,1873.0,1873.0,1859.0,7.0,13048.0,943
2023-05-11 09:21:27,UR2312,UR312,1860.0,0.0,0.0,0.0,3,1856.0,1860.0,9,1886.0,1873.0,1873.0,1859.0,7.0,13048.0,943
2023-05-11 09:21:28,UR2312,UR312,1860.0,0.0,0.0,0.0,3,1856.0,1860.0,6,1886.0,1873.0,1873.0,1859.0,7.0,13048.0,943
2023-05-11 09:21:29,UR2312,UR312,1860.0,0.0,0.0,0.0,2,1856.0,1860.0,6,1886.0,1873.0,1873.0,1859.0,7.0,13048.0,943
2023-05-11 09:21:30,UR2312,UR312,1860.0,0.0,0.0,0.0,1,1855.0,1860.0,9,1886.0,1873.0,1873.0,1859.0,7.0,13048.0,943
2023-05-11 09:21:30,UR2312,UR312,1860.0,0.0,0.0,0.0,3,1855.0,1860.0,9,1886.0,1873.0,1873.0,1859.0,7.0,13048.0,943
2023-05-11 09:21:33,UR2312,UR312,1860.0,0.0,0.0,0.0,3,1855.0,1860.0,4,1886.0,1873.0,1873.0,1859.0,7.0,13048.0,943
2023-05-11 09:21:35,UR2312,UR312,1860.0,0.0,0.0,0.0,1,1856.0,1860.0,4,1886.0,1873.0,1873.0,1859.0,7.0,13048.0,943
2023-05-11 09:21:35,UR2312,UR312,1860.0,0.0,0.0,0.0,1,1855.0,1860.0,4,1886.0,1873.0,1873.0,1859.0,7.0,13048.0,943
2023-05-11 09:21:36,UR2312,UR312,1860.0,0.0,0.0,0.0,1,1856.0,1860.0,7,1886.0,1873.0,1873.0,1859.0,7.0,13048.0,943
2023-05-11 09:21:36,UR2312,UR312,1860.0,0.0,0.0,0.0,1,1856.0,1860.0,4,1886.0,1873.0,1873.0,1859.0,7.0,13048.0,943
2023-05-11 09:21:36,UR2312,UR312,1860.0,0.0,0.0,0.0,3,1855.0,1860.0,4,1886.0,1873.0,1873.0,1859.0,7.0,13048.0,943
2023-05-11 09:21:37,UR2312,UR312,1860.0,0.0,0.0,0.0,3,1855.0,1860.0,2,1886.0,1873.0,1873.0,1859.0,7.0,13048.0,943
2023-05-11 09:21:38,UR2312,UR312,1860.0,0.0,0.0,0.0,3,1855.0,1860.0,4,1886.0,1873.0,1873.0,1859.0,7.0,13048.0,943
2023-05-11 09:21:38,UR2312,UR312,1860.0,0.0,0.0,0.0,3,1855.0,1860.0,8,1886.0,1873.0,1873.0,1859.0,7.0,13048.0,943
2023-05-11 09:21:40,UR2312,UR312,1860.0,0.0,0.0,0.0,3,1855.0,1860.0,10,1886.0,1873.0,1873.0,1859.0,7.0,13048.0,943
2023-05-11 09:21:40,UR2312,UR312,1860.0,0.0,0.0,0.0,3,1855.0,1860.0,8,1886.0,1873.0,1873.0,1859.0,7.0,13048.0,943
2023-05-11 09:21:42,UR2312,UR312,1860.0,0.0,0.0,0.0,3,1855.0,1859.0,1,1886.0,1873.0,1873.0,1859.0,7.0,13048.0,943
2023-05-11 09:21:43,UR2312,UR312,1860.0,0.0,0.0,0.0,3,1855.0,1860.0,8,1886.0,1873.0,1873.0,1859.0,7.0,13048.0,943
2023-05-11 09:21:53,UR2312,UR312,1860.0,0.0,0.0,0.0,1,1856.0,1860.0,8,1886.0,1873.0,1873.0,1859.0,7.0,13048.0,943
2023-05-11 09:21:53,UR2312,UR312,1860.0,0.0,0.0,0.0,1,1855.0,1860.0,8,1886.0,1873.0,1873.0,1859.0,7.0,13048.0,943
2023-05-11 09:21:54,UR2312,UR312,1860.0,0.0,0.0,0.0,3,1855.0,1860.0,8,1886.0,1873.0,1873.0,1859.0,7.0,13048.0,943
2023-05-11 09:21:55,UR2312,UR312,1860.0,0.0,0.0,0.0,3,1855.0,1859.0,1,1886.0,1873.0,1873.0,1859.0,7.0,13048.0,943
2023-05-11 09:21:56,UR2312,UR312,1860.0,0.0,0.0,0.0,3,1855.0,1860.0,10,1886.0,1873.0,1873.0,1859.0,7.0,13048.0,943
2023-05-11 09:21:58,UR2312,UR312,1860.0,0.0,0.0,0.0,3,1855.0,1859.0,1,1886.0,1873.0,1873.0,1859.0,7.0,13048.0,943
2023-05-11 09:21:59,UR2312,UR312,1860.0,0.0,0.0,0.0,3,1855.0,1859.0,2,1886.0,1873.0,1873.0,1859.0,7.0,13048.0,943
2023-05-11 09:21:59,UR2312,UR312,1860.0,0.0,0.0,0.0,3,1855.0,1859.0,5,1886.0,1873.0,1873.0,1859.0,7.0,13048.0,943
2023-05-11 09:21:59,UR2312,UR312,1860.0,0.0,0.0,0.0,3,1855.0,1859.0,8,1886.0,1873.0,1873.0,1859.0,7.0,13048.0,943
2023-05-11 09:22:06,UR2312,UR312,1860.0,0.0,0.0,0.0,3,1855.0,1859.0,7,1886.0,1873.0,1873.0,1859.0,7.0,13048.0,943
2023-05-11 09:22:06,UR2312,UR312,1860.0,0.0,0.0,0.0,3,1855.0,1860.0,20,1886.0,1873.0,1873.0,1859.0,7.0,13048.0,943
2023-05-11 09:22:07,UR2312,UR312,1860.0,0.0,0.0,0.0,3,1855.0,1860.0,11,1886.0,1873.0,1873.0,1859.0,7.0,13048.0,943
2023-05-11 09:22:11,UR2312,UR312,1860.0,0.0,0.0,0.0,3,1855.0,1860.0,8,1886.0,1873.0,1873.0,1859.0,7.0,13048.0,943
2023-05-11 09:22:12,UR2312,UR312,1860.0,0.0,0.0,0.0,1,1856.0,1860.0,2,1886.0,1873.0,1873.0,1859.0,7.0,13048.0,943
2023-05-11 09:22:13,UR2312,UR312,1860.0,0.0,0.0,0.0,3,1856.0,1860.0,2,1886.0,1873.0,1873.0,1859.0,7.0,13048.0,943
2023-05-11 09:22:13,UR2312,UR312,1860.0,0.0,0.0,0.0,3,1856.0,1860.0,1,1886.0,1873.0,1873.0,1859.0,7.0,13048.0,943
2023-05-11 09:22:14,UR2312,UR312,1860.0,0.0,0.0,0.0,1,1857.0,1861.0,2,1886.0,1873.0,1873.0,1859.0,7.0,13048.0,943
2023-05-11 09:22:14,UR2312,UR312,1860.0,0.0,0.0,0.0,1,1857.0,1862.0,19,1886.0,1873.0,1873.0,1859.0,7.0,13048.0,943
2023-05-11 09:22:15,UR2312,UR312,1860.0,0.0,0.0,0.0,1,1857.0,1862.0,4,1886.0,1873.0,1873.0,1859.0,7.0,13048.0,943
2023-05-11 09:22:15,UR2312,UR312,1860.0,0.0,0.0,0.0,2,1857.0,1862.0,2,1886.0,1873.0,1873.0,1859.0,7.0,13048.0,943
2023-05-11 09:22:17,UR2312,UR312,1860.0,0.0,0.0,0.0,3,1857.0,1862.0,2,1886.0,1873.0,1873.0,1859.0,7.0,13048.0,943
2023-05-11 09:22:18,UR2312,UR312,1860.0,0.0,0.0,0.0,2,1857.0,1862.0,2,1886.0,1873.0,1873.0,1859.0,7.0,13048.0,943
2023-05-11 09:22:19,UR2312,UR312,1860.0,0.0,0.0,0.0,1,1858.0,1862.0,2,1886.0,1873.0,1873.0,1859.0,7.0,13048.0,943
2023-05-11 09:22:20,UR2312,UR312,1860.0,0.0,0.0,0.0,2,1858.0,1862.0,2,1886.0,1873.0,1873.0,1859.0,7.0,13048.0,943
2023-05-11 09:22:21,UR2312,UR312,1860.0,0.0,0.0,0.0,2,1858.0,1862.0,1,1886.0,1873.0,1873.0,1859.0,7.0,13048.0,943
2023-05-11 09:22:22,UR2312,UR312,1860.0,0.0,0.0,0.0,2,1858.0,1862.0,2,1886.0,1873.0,1873.0,1859.0,7.0,13048.0,943
2023-05-11 09:22:22,UR2312,UR312,1860.0,0.0,0.0,0.0,2,1858.0,1862.0,3,1886.0,1873.0,1873.0,1859.0,7.0,13048.0,943
2023-05-11 09:22:23,UR2312,UR312,1860.0,0.0,0.0,0.0,2,1858.0,1862.0,2,1886.0,1873.0,1873.0,1859.0,7.0,13048.0,943
2023-05-11 09:22:23,UR2312,UR312,1860.0,0.0,0.0,0.0,2,1858.0,1862.0,1,1886.0,1873.0,1873.0,1859.0,7.0,13048.0,943
2023-05-11 09:22:30,UR2312,UR312,1860.0,0.0,0.0,0.0,2,1858.0,1863.0,7,1886.0,1873.0,1873.0,1859.0,7.0,13048.0,943
2023-05-11 09:22:35,UR2312,UR312,1860.0,0.0,0.0,0.0,3,1858.0,1863.0,7,1886.0,1873.0,1873.0,1859.0,7.0,13048.0,943
2023-05-11 09:22:35,UR2312,UR312,1860.0,0.0,0.0,0.0,3,1858.0,1862.0,1,1886.0,1873.0,1873.0,1859.0,7.0,13048.0,943
2023-05-11 09:22:36,UR2312,UR312,1860.0,0.0,0.0,0.0,3,1858.0,1863.0,5,1886.0,1873.0,1873.0,1859.0,7.0,13048.0,943
2023-05-11 09:22:37,UR2312,UR312,1860.0,0.0,0.0,0.0,3,1858.0,1863.0,7,1886.0,1873.0,1873.0,1859.0,7.0,13048.0,943
2023-05-11 09:22:38,UR2312,UR312,1860.0,0.0,0.0,0.0,3,1858.0,1863.0,5,1886.0,1873.0,1873.0,1859.0,7.0,13048.0,943
2023-05-11 09:22:40,UR2312,UR312,1860.0,0.0,0.0,0.0,3,1858.0,1862.0,1,1886.0,1873.0,1873.0,1859.0,7.0,13048.0,943
2023-05-11 09:22:41,UR2312,UR312,1860.0,0.0,0.0,0.0,2,1858.0,1862.0,1,1886.0,1873.0,1873.0,1859.0,7.0,13048.0,943
2023-05-11 09:22:42,UR2312,UR312,1860.0,0.0,0.0,0.0,2,1857.0,1862.0,2,1886.0,1873.0,1873.0,1859.0,7.0,13048.0,943
2023-05-11 09:22:42,UR2312,UR312,1860.0,0.0,0.0,0.0,3,1857.0,1862.0,2,1886.0,1873.0,1873.0,1859.0,7.0,13048.0,943
2023-05-11 09:22:42,UR2312,UR312,1860.0,0.0,0.0,0.0,4,1857.0,1862.0,2,1886.0,1873.0,1873.0,1859.0,7.0,13048.0,943
2023-05-11 09:22:44,UR2312,UR312,1860.0,0.0,0.0,0.0,1,1858.0,1862.0,2,1886.0,1873.0,1873.0,1859.0,7.0,13048.0,943
2023-05-11 09:22:45,UR2312,UR312,1860.0,0.0,0.0,0.0,2,1858.0,1861.0,1,1886.0,1873.0,1873.0,1859.0,7.0,13048.0,943
2023-05-11 09:22:46,UR2312,UR312,1860.0,0.0,0.0,0.0,2,1858.0,1862.0,6,1886.0,1873.0,1873.0,1859.0,7.0,13048.0,943
2023-05-11 09:22:46,UR2312,UR312,1860.0,0.0,0.0,0.0,2,1858.0,1862.0,2,1886.0,1873.0,1873.0,1859.0,7.0,13048.0,943
2023-05-11 09:22:47,UR2312,UR312,1860.0,0.0,0.0,0.0,3,1858.0,1862.0,2,1886.0,1873.0,1873.0,1859.0,7.0,13048.0,943
2023-05-11 09:22:48,UR2312,UR312,1860.0,0.0,0.0,0.0,3,1858.0,1862.0,4,1886.0,1873.0,1873.0,1859.0,7.0,13048.0,943
2023-05-11 09:22:48,UR2312,UR312,1860.0,0.0,0.0,0.0,3,1858.0,1862.0,2,1886.0,1873.0,1873.0,1859.0,7.0,13048.0,943
2023-05-11 09:22:50,UR2312,UR312,1860.0,0.0,0.0,0.0,3,1858.0,1862.0,4,1886.0,1873.0,1873.0,1859.0,7.0,13048.0,943
2023-05-11 09:22:51,UR2312,UR312,1860.0,0.0,0.0,0.0,2,1858.0,1862.0,4,1886.0,1873.0,1873.0,1859.0,7.0,13048.0,943
2023-05-11 09:22:52,UR2312,UR312,1860.0,0.0,0.0,0.0,1,1857.0,1861.0,1,1886.0,1873.0,1873.0,1859.0,7.0,13048.0,943
2023-05-11 09:22:53,UR2312,UR312,1860.0,0.0,0.0,0.0,3,1857.0,1862.0,16,1886.0,1873.0,1873.0,1859.0,7.0,13048.0,943
2023-05-11 09:22:55,UR2312,UR312,1860.0,0.0,0.0,0.0,3,1857.0,1862.0,4,1886.0,1873.0,1873.0,1859.0,7.0,13048.0,943
2023-05-11 09:22:56,UR2312,UR312,1860.0,0.0,0.0,0.0,1,1858.0,1863.0,19,1886.0,1873.0,1873.0,1859.0,7.0,13048.0,943
2023-05-11 09:22:56,UR2312,UR312,1860.0,0.0,0.0,0.0,3,1858.0,1863.0,19,1886.0,1873.0,1873.0,1859.0,7.0,13048.0,943
2023-05-11 09:22:56,UR2312,UR312,1860.0,0.0,0.0,0.0,3,1858.0,1863.0,17,1886.0,1873.0,1873.0,1859.0,7.0,13048.0,943
2023-05-11 09:22:59,UR2312,UR312,1860.0,0.0,0.0,0.0,3,1858.0,1863.0,7,1886.0,1873.0,1873.0,1859.0,7.0,13048.0,943
2023-05-11 09:22:59,UR2312,UR312,1860.0,0.0,0.0,0.0,1,1859.0,1863.0,3,1886.0,1873.0,1873.0,1859.0,7.0,13048.0,943
2023-05-11 09:23:00,UR2312,UR312,1860.0,0.0,0.0,0.0,3,1859.0,1863.0,3,1886.0,1873.0,1873.0,1859.0,7.0,13048.0,943
2023-05-11 09:23:01,UR2312,UR312,1860.0,0.0,0.0,0.0,2,1859.0,1863.0,5,1886.0,1873.0,1873.0,1859.0,7.0,13048.0,943
2023-05-11 09:23:03,UR2312,UR312,1860.0,0.0,0.0,0.0,3,1859.0,1863.0,5,1886.0,1873.0,1873.0,1859.0,7.0,13048.0,943
2023-05-11 09:23:03,UR2312,UR312,1860.0,0.0,0.0,0.0,2,1859.0,1863.0,5,1886.0,1873.0,1873.0,1859.0,7.0,13048.0,943
