time,symbol_id,symbol_name,last,trade_volume,trade_amount,open_interest_change,bv1,bp1,ap1,av1,yesterday_close,today_open,today_high,today_low,volume,amount,open_interest
2023-05-09 20:59:00,sp2312,sp2312,5080.0,0.0,0.0,0.0,1,5062.0,5098.0,1,5080.0,5090.0,0.0,0.0,0.0,0.0,9834
2023-05-09 21:00:00,sp2312,sp2312,5080.0,0.0,0.0,0.0,1,5064.0,5098.0,1,5080.0,5090.0,0.0,0.0,0.0,0.0,9834
2023-05-09 21:00:01,sp2312,sp2312,5080.0,0.0,0.0,0.0,5,5066.0,5098.0,1,5080.0,5090.0,0.0,0.0,0.0,0.0,9834
2023-05-09 21:00:01,sp2312,sp2312,5080.0,0.0,0.0,0.0,5,5066.0,5096.0,6,5080.0,5090.0,0.0,0.0,0.0,0.0,9834
2023-05-09 21:00:02,sp2312,sp2312,5080.0,0.0,0.0,0.0,5,5066.0,5098.0,1,5080.0,5090.0,0.0,0.0,0.0,0.0,9834
2023-05-09 21:00:02,sp2312,sp2312,5080.0,0.0,0.0,0.0,6,5066.0,5096.0,4,5080.0,5090.0,0.0,0.0,0.0,0.0,9834
2023-05-09 21:00:03,sp2312,sp2312,5080.0,0.0,0.0,0.0,4,5076.0,5090.0,1,5080.0,5090.0,0.0,0.0,0.0,0.0,9834
2023-05-09 21:00:03,sp2312,sp2312,5090.0,1.0,50900.0,1.0,5,5078.0,5098.0,1,5080.0,5090.0,5090.0,5090.0,1.0,50900.0,9835
2023-05-09 21:00:04,sp2312,sp2312,5090.0,0.0,0.0,0.0,4,5078.0,5096.0,9,5080.0,5090.0,5090.0,5090.0,1.0,50900.0,9835
2023-05-09 21:00:04,sp2312,sp2312,5090.0,0.0,0.0,0.0,4,5078.0,5096.0,3,5080.0,5090.0,5090.0,5090.0,1.0,50900.0,9835
2023-05-09 21:00:05,sp2312,sp2312,5090.0,0.0,0.0,0.0,4,5078.0,5094.0,23,5080.0,5090.0,5090.0,5090.0,1.0,50900.0,9835
2023-05-09 21:00:05,sp2312,sp2312,5094.0,2.0,101880.0,2.0,13,5078.0,5094.0,28,5080.0,5090.0,5094.0,5090.0,3.0,152780.0,9837
2023-05-09 21:00:06,sp2312,sp2312,5094.0,0.0,0.0,0.0,4,5078.0,5096.0,6,5080.0,5090.0,5094.0,5090.0,3.0,152780.0,9837
2023-05-09 21:00:06,sp2312,sp2312,5094.0,0.0,0.0,0.0,4,5078.0,5096.0,3,5080.0,5090.0,5094.0,5090.0,3.0,152780.0,9837
2023-05-09 21:00:07,sp2312,sp2312,5096.0,2.0,101920.0,1.0,1,5084.0,5094.0,24,5080.0,5090.0,5096.0,5090.0,5.0,254700.0,9838
2023-05-09 21:00:07,sp2312,sp2312,5096.0,4.0,203780.0,4.0,3,5086.0,5096.0,1,5080.0,5090.0,5096.0,5090.0,9.0,458480.0,9842
2023-05-09 21:00:08,sp2312,sp2312,5096.0,0.0,0.0,0.0,4,5086.0,5096.0,1,5080.0,5090.0,5096.0,5090.0,9.0,458480.0,9842
2023-05-09 21:00:08,sp2312,sp2312,5096.0,0.0,0.0,0.0,3,5086.0,5096.0,1,5080.0,5090.0,5096.0,5090.0,9.0,458480.0,9842
2023-05-09 21:00:09,sp2312,sp2312,5096.0,2.0,101920.0,2.0,3,5086.0,5094.0,4,5080.0,5090.0,5096.0,5090.0,11.0,560400.0,9844
2023-05-09 21:00:09,sp2312,sp2312,5096.0,0.0,0.0,0.0,3,5084.0,5098.0,1,5080.0,5090.0,5096.0,5090.0,11.0,560400.0,9844
2023-05-09 21:00:10,sp2312,sp2312,5096.0,0.0,0.0,0.0,3,5082.0,5098.0,1,5080.0,5090.0,5096.0,5090.0,11.0,560400.0,9844
2023-05-09 21:00:10,sp2312,sp2312,5096.0,0.0,0.0,0.0,5,5082.0,5098.0,1,5080.0,5090.0,5096.0,5090.0,11.0,560400.0,9844
2023-05-09 21:00:11,sp2312,sp2312,5096.0,1.0,50960.0,1.0,5,5082.0,5096.0,22,5080.0,5090.0,5096.0,5090.0,12.0,611360.0,9845
2023-05-09 21:00:11,sp2312,sp2312,5096.0,1.0,50960.0,1.0,3,5078.0,5096.0,22,5080.0,5090.0,5096.0,5090.0,13.0,662320.0,9846
2023-05-09 21:00:12,sp2312,sp2312,5096.0,1.0,50960.0,1.0,5,5082.0,5096.0,26,5080.0,5090.0,5096.0,5090.0,14.0,713280.0,9847
2023-05-09 21:00:12,sp2312,sp2312,5096.0,0.0,0.0,0.0,8,5082.0,5096.0,26,5080.0,5090.0,5096.0,5090.0,14.0,713280.0,9847
2023-05-09 21:00:13,sp2312,sp2312,5096.0,0.0,0.0,0.0,3,5082.0,5096.0,27,5080.0,5090.0,5096.0,5090.0,14.0,713280.0,9847
2023-05-09 21:00:13,sp2312,sp2312,5096.0,1.0,50960.0,1.0,5,5084.0,5096.0,26,5080.0,5090.0,5096.0,5090.0,15.0,764240.0,9848
2023-05-09 21:00:14,sp2312,sp2312,5096.0,0.0,0.0,0.0,5,5084.0,5096.0,27,5080.0,5090.0,5096.0,5090.0,15.0,764240.0,9848
2023-05-09 21:00:14,sp2312,sp2312,5096.0,0.0,0.0,0.0,3,5080.0,5096.0,27,5080.0,5090.0,5096.0,5090.0,15.0,764240.0,9848
2023-05-09 21:00:15,sp2312,sp2312,5096.0,16.0,815360.0,16.0,5,5086.0,5096.0,15,5080.0,5090.0,5096.0,5090.0,31.0,1579600.0,9864
2023-05-09 21:00:15,sp2312,sp2312,5096.0,8.0,407680.0,1.0,1,5094.0,5096.0,6,5080.0,5090.0,5096.0,5090.0,39.0,1987280.0,9865
2023-05-09 21:00:16,sp2312,sp2312,5094.0,1.0,50940.0,-1.0,3,5084.0,5096.0,5,5080.0,5090.0,5096.0,5090.0,40.0,2038220.0,9864
2023-05-09 21:00:16,sp2312,sp2312,5096.0,5.0,254800.0,4.0,5,5086.0,5098.0,1,5080.0,5090.0,5096.0,5090.0,45.0,2293020.0,9868
2023-05-09 21:00:17,sp2312,sp2312,5096.0,0.0,0.0,0.0,3,5082.0,5098.0,2,5080.0,5090.0,5096.0,5090.0,45.0,2293020.0,9868
2023-05-09 21:00:18,sp2312,sp2312,5096.0,0.0,0.0,0.0,2,5084.0,5098.0,2,5080.0,5090.0,5096.0,5090.0,45.0,2293020.0,9868
2023-05-09 21:00:18,sp2312,sp2312,5096.0,0.0,0.0,0.0,5,5084.0,5098.0,2,5080.0,5090.0,5096.0,5090.0,45.0,2293020.0,9868
2023-05-09 21:00:19,sp2312,sp2312,5096.0,0.0,0.0,0.0,1,5084.0,5098.0,2,5080.0,5090.0,5096.0,5090.0,45.0,2293020.0,9868
2023-05-09 21:00:19,sp2312,sp2312,5096.0,0.0,0.0,0.0,2,5086.0,5098.0,1,5080.0,5090.0,5096.0,5090.0,45.0,2293020.0,9868
2023-05-09 21:00:20,sp2312,sp2312,5096.0,0.0,0.0,0.0,1,5086.0,5098.0,1,5080.0,5090.0,5096.0,5090.0,45.0,2293020.0,9868
2023-05-09 21:00:20,sp2312,sp2312,5086.0,3.0,152620.0,0.0,3,5080.0,5098.0,1,5080.0,5090.0,5096.0,5086.0,48.0,2445640.0,9868
2023-05-09 21:00:21,sp2312,sp2312,5086.0,0.0,0.0,0.0,5,5084.0,5096.0,1,5080.0,5090.0,5096.0,5086.0,48.0,2445640.0,9868
2023-05-09 21:00:21,sp2312,sp2312,5086.0,0.0,0.0,0.0,5,5084.0,5086.0,1,5080.0,5090.0,5096.0,5086.0,48.0,2445640.0,9868
2023-05-09 21:00:22,sp2312,sp2312,5086.0,1.0,50860.0,0.0,5,5086.0,5096.0,1,5080.0,5090.0,5096.0,5086.0,49.0,2496500.0,9868
2023-05-09 21:00:22,sp2312,sp2312,5088.0,2.0,101840.0,0.0,4,5088.0,5098.0,1,5080.0,5090.0,5096.0,5086.0,51.0,2598340.0,9868
2023-05-09 21:00:23,sp2312,sp2312,5088.0,0.0,0.0,0.0,4,5088.0,5098.0,1,5080.0,5090.0,5096.0,5086.0,51.0,2598340.0,9868
2023-05-09 21:00:23,sp2312,sp2312,5088.0,0.0,0.0,0.0,4,5088.0,5098.0,1,5080.0,5090.0,5096.0,5086.0,51.0,2598340.0,9868
2023-05-09 21:00:24,sp2312,sp2312,5088.0,0.0,0.0,0.0,5,5088.0,5098.0,1,5080.0,5090.0,5096.0,5086.0,51.0,2598340.0,9868
2023-05-09 21:00:24,sp2312,sp2312,5098.0,1.0,50980.0,0.0,5,5088.0,5104.0,1,5080.0,5090.0,5098.0,5086.0,52.0,2649320.0,9868
2023-05-09 21:00:25,sp2312,sp2312,5098.0,0.0,0.0,0.0,4,5088.0,5102.0,5,5080.0,5090.0,5098.0,5086.0,52.0,2649320.0,9868
2023-05-09 21:00:25,sp2312,sp2312,5098.0,0.0,0.0,0.0,8,5088.0,5104.0,1,5080.0,5090.0,5098.0,5086.0,52.0,2649320.0,9868
2023-05-09 21:00:26,sp2312,sp2312,5098.0,0.0,0.0,0.0,8,5088.0,5104.0,2,5080.0,5090.0,5098.0,5086.0,52.0,2649320.0,9868
2023-05-09 21:00:26,sp2312,sp2312,5098.0,0.0,0.0,0.0,5,5088.0,5104.0,4,5080.0,5090.0,5098.0,5086.0,52.0,2649320.0,9868
2023-05-09 21:00:27,sp2312,sp2312,5098.0,0.0,0.0,0.0,1,5090.0,5102.0,1,5080.0,5090.0,5098.0,5086.0,52.0,2649320.0,9868
2023-05-09 21:00:28,sp2312,sp2312,5098.0,0.0,0.0,0.0,8,5088.0,5102.0,1,5080.0,5090.0,5098.0,5086.0,52.0,2649320.0,9868
2023-05-09 21:00:29,sp2312,sp2312,5098.0,0.0,0.0,0.0,1,5090.0,5104.0,2,5080.0,5090.0,5098.0,5086.0,52.0,2649320.0,9868
2023-05-09 21:00:29,sp2312,sp2312,5098.0,0.0,0.0,0.0,1,5090.0,5104.0,3,5080.0,5090.0,5098.0,5086.0,52.0,2649320.0,9868
2023-05-09 21:00:30,sp2312,sp2312,5102.0,1.0,51020.0,1.0,1,5090.0,5102.0,11,5080.0,5090.0,5102.0,5086.0,53.0,2700340.0,9869
2023-05-09 21:00:30,sp2312,sp2312,5102.0,0.0,0.0,0.0,1,5090.0,5102.0,13,5080.0,5090.0,5102.0,5086.0,53.0,2700340.0,9869
2023-05-09 21:00:31,sp2312,sp2312,5102.0,0.0,0.0,0.0,1,5090.0,5102.0,12,5080.0,5090.0,5102.0,5086.0,53.0,2700340.0,9869
2023-05-09 21:00:31,sp2312,sp2312,5102.0,0.0,0.0,0.0,1,5090.0,5100.0,1,5080.0,5090.0,5102.0,5086.0,53.0,2700340.0,9869
2023-05-09 21:00:32,sp2312,sp2312,5102.0,0.0,0.0,0.0,1,5090.0,5100.0,3,5080.0,5090.0,5102.0,5086.0,53.0,2700340.0,9869
2023-05-09 21:00:32,sp2312,sp2312,5102.0,0.0,0.0,0.0,1,5090.0,5100.0,3,5080.0,5090.0,5102.0,5086.0,53.0,2700340.0,9869
2023-05-09 21:00:33,sp2312,sp2312,5102.0,0.0,0.0,0.0,1,5090.0,5100.0,3,5080.0,5090.0,5102.0,5086.0,53.0,2700340.0,9869
2023-05-09 21:00:33,sp2312,sp2312,5102.0,0.0,0.0,0.0,1,5090.0,5100.0,2,5080.0,5090.0,5102.0,5086.0,53.0,2700340.0,9869
2023-05-09 21:00:34,sp2312,sp2312,5102.0,0.0,0.0,0.0,1,5092.0,5100.0,2,5080.0,5090.0,5102.0,5086.0,53.0,2700340.0,9869
2023-05-09 21:00:34,sp2312,sp2312,5102.0,0.0,0.0,0.0,1,5090.0,5100.0,2,5080.0,5090.0,5102.0,5086.0,53.0,2700340.0,9869
2023-05-09 21:00:35,sp2312,sp2312,5102.0,0.0,0.0,0.0,1,5090.0,5100.0,2,5080.0,5090.0,5102.0,5086.0,53.0,2700340.0,9869
2023-05-09 21:00:36,sp2312,sp2312,5102.0,0.0,0.0,0.0,2,5090.0,5100.0,2,5080.0,5090.0,5102.0,5086.0,53.0,2700340.0,9869
2023-05-09 21:00:37,sp2312,sp2312,5102.0,0.0,0.0,0.0,2,5090.0,5100.0,2,5080.0,5090.0,5102.0,5086.0,53.0,2700340.0,9869
2023-05-09 21:00:38,sp2312,sp2312,5102.0,0.0,0.0,0.0,2,5090.0,5100.0,2,5080.0,5090.0,5102.0,5086.0,53.0,2700340.0,9869
2023-05-09 21:00:39,sp2312,sp2312,5102.0,0.0,0.0,0.0,1,5090.0,5100.0,2,5080.0,5090.0,5102.0,5086.0,53.0,2700340.0,9869
2023-05-09 21:00:39,sp2312,sp2312,5090.0,1.0,50900.0,0.0,1,5088.0,5100.0,2,5080.0,5090.0,5102.0,5086.0,54.0,2751240.0,9869
2023-05-09 21:00:40,sp2312,sp2312,5090.0,0.0,0.0,0.0,3,5088.0,5100.0,2,5080.0,5090.0,5102.0,5086.0,54.0,2751240.0,9869
2023-05-09 21:00:40,sp2312,sp2312,5090.0,0.0,0.0,0.0,1,5090.0,5100.0,2,5080.0,5090.0,5102.0,5086.0,54.0,2751240.0,9869
2023-05-09 21:00:41,sp2312,sp2312,5090.0,0.0,0.0,0.0,3,5090.0,5100.0,2,5080.0,5090.0,5102.0,5086.0,54.0,2751240.0,9869
2023-05-09 21:00:41,sp2312,sp2312,5090.0,0.0,0.0,0.0,3,5090.0,5100.0,3,5080.0,5090.0,5102.0,5086.0,54.0,2751240.0,9869
2023-05-09 21:00:42,sp2312,sp2312,5090.0,0.0,0.0,0.0,1,5090.0,5100.0,3,5080.0,5090.0,5102.0,5086.0,54.0,2751240.0,9869
2023-05-09 21:00:42,sp2312,sp2312,5090.0,0.0,0.0,0.0,1,5092.0,5100.0,3,5080.0,5090.0,5102.0,5086.0,54.0,2751240.0,9869
2023-05-09 21:00:43,sp2312,sp2312,5090.0,0.0,0.0,0.0,1,5092.0,5100.0,3,5080.0,5090.0,5102.0,5086.0,54.0,2751240.0,9869
2023-05-09 21:00:43,sp2312,sp2312,5090.0,0.0,0.0,0.0,1,5092.0,5100.0,2,5080.0,5090.0,5102.0,5086.0,54.0,2751240.0,9869
2023-05-09 21:00:44,sp2312,sp2312,5100.0,2.0,102000.0,2.0,1,5092.0,5102.0,6,5080.0,5090.0,5102.0,5086.0,56.0,2853240.0,9871
2023-05-09 21:00:45,sp2312,sp2312,5100.0,0.0,0.0,0.0,1,5092.0,5102.0,6,5080.0,5090.0,5102.0,5086.0,56.0,2853240.0,9871
2023-05-09 21:00:45,sp2312,sp2312,5100.0,0.0,0.0,0.0,2,5098.0,5102.0,6,5080.0,5090.0,5102.0,5086.0,56.0,2853240.0,9871
2023-05-09 21:00:46,sp2312,sp2312,5098.0,2.0,101960.0,-1.0,1,5092.0,5100.0,1,5080.0,5090.0,5102.0,5086.0,58.0,2955200.0,9870
2023-05-09 21:00:46,sp2312,sp2312,5098.0,0.0,0.0,0.0,1,5092.0,5100.0,1,5080.0,5090.0,5102.0,5086.0,58.0,2955200.0,9870
2023-05-09 21:00:47,sp2312,sp2312,5098.0,0.0,0.0,0.0,8,5092.0,5100.0,2,5080.0,5090.0,5102.0,5086.0,58.0,2955200.0,9870
2023-05-09 21:00:47,sp2312,sp2312,5098.0,0.0,0.0,0.0,10,5092.0,5100.0,4,5080.0,5090.0,5102.0,5086.0,58.0,2955200.0,9870
2023-05-09 21:00:48,sp2312,sp2312,5098.0,0.0,0.0,0.0,1,5094.0,5100.0,2,5080.0,5090.0,5102.0,5086.0,58.0,2955200.0,9870
2023-05-09 21:00:48,sp2312,sp2312,5098.0,0.0,0.0,0.0,1,5094.0,5100.0,2,5080.0,5090.0,5102.0,5086.0,58.0,2955200.0,9870
2023-05-09 21:00:49,sp2312,sp2312,5098.0,0.0,0.0,0.0,1,5094.0,5100.0,1,5080.0,5090.0,5102.0,5086.0,58.0,2955200.0,9870
2023-05-09 21:00:49,sp2312,sp2312,5100.0,1.0,51000.0,1.0,11,5092.0,5102.0,11,5080.0,5090.0,5102.0,5086.0,59.0,3006200.0,9871
2023-05-09 21:00:50,sp2312,sp2312,5100.0,0.0,0.0,0.0,7,5092.0,5102.0,7,5080.0,5090.0,5102.0,5086.0,59.0,3006200.0,9871
2023-05-09 21:00:51,sp2312,sp2312,5100.0,0.0,0.0,0.0,5,5094.0,5102.0,7,5080.0,5090.0,5102.0,5086.0,59.0,3006200.0,9871
2023-05-09 21:00:51,sp2312,sp2312,5100.0,0.0,0.0,0.0,1,5096.0,5102.0,7,5080.0,5090.0,5102.0,5086.0,59.0,3006200.0,9871
2023-05-09 21:00:52,sp2312,sp2312,5102.0,1.0,51020.0,0.0,1,5098.0,5102.0,6,5080.0,5090.0,5102.0,5086.0,60.0,3057220.0,9871
2023-05-09 21:00:52,sp2312,sp2312,5102.0,0.0,0.0,0.0,1,5098.0,5102.0,6,5080.0,5090.0,5102.0,5086.0,60.0,3057220.0,9871
2023-05-09 21:00:53,sp2312,sp2312,5102.0,0.0,0.0,0.0,1,5096.0,5102.0,6,5080.0,5090.0,5102.0,5086.0,60.0,3057220.0,9871
2023-05-09 21:00:53,sp2312,sp2312,5102.0,0.0,0.0,0.0,4,5094.0,5102.0,6,5080.0,5090.0,5102.0,5086.0,60.0,3057220.0,9871
2023-05-09 21:00:54,sp2312,sp2312,5102.0,0.0,0.0,0.0,4,5094.0,5102.0,2,5080.0,5090.0,5102.0,5086.0,60.0,3057220.0,9871
2023-05-09 21:00:54,sp2312,sp2312,5102.0,0.0,0.0,0.0,1,5098.0,5102.0,2,5080.0,5090.0,5102.0,5086.0,60.0,3057220.0,9871
2023-05-09 21:00:55,sp2312,sp2312,5102.0,0.0,0.0,0.0,1,5098.0,5102.0,2,5080.0,5090.0,5102.0,5086.0,60.0,3057220.0,9871
2023-05-09 21:00:55,sp2312,sp2312,5102.0,2.0,102040.0,0.0,1,5098.0,5104.0,4,5080.0,5090.0,5102.0,5086.0,62.0,3159260.0,9871
2023-05-09 21:00:56,sp2312,sp2312,5102.0,0.0,0.0,0.0,4,5094.0,5104.0,5,5080.0,5090.0,5102.0,5086.0,62.0,3159260.0,9871
2023-05-09 21:00:56,sp2312,sp2312,5102.0,0.0,0.0,0.0,4,5094.0,5100.0,1,5080.0,5090.0,5102.0,5086.0,62.0,3159260.0,9871
2023-05-09 21:00:57,sp2312,sp2312,5100.0,1.0,51000.0,1.0,4,5094.0,5104.0,4,5080.0,5090.0,5102.0,5086.0,63.0,3210260.0,9872
2023-05-09 21:00:57,sp2312,sp2312,5100.0,0.0,0.0,0.0,4,5094.0,5100.0,1,5080.0,5090.0,5102.0,5086.0,63.0,3210260.0,9872
2023-05-09 21:00:58,sp2312,sp2312,5100.0,0.0,0.0,0.0,4,5094.0,5100.0,1,5080.0,5090.0,5102.0,5086.0,63.0,3210260.0,9872
2023-05-09 21:00:58,sp2312,sp2312,5100.0,0.0,0.0,0.0,4,5094.0,5100.0,1,5080.0,5090.0,5102.0,5086.0,63.0,3210260.0,9872
2023-05-09 21:00:59,sp2312,sp2312,5100.0,0.0,0.0,0.0,4,5094.0,5100.0,1,5080.0,5090.0,5102.0,5086.0,63.0,3210260.0,9872
2023-05-09 21:00:59,sp2312,sp2312,5100.0,1.0,51000.0,1.0,4,5094.0,5102.0,4,5080.0,5090.0,5102.0,5086.0,64.0,3261260.0,9873
2023-05-09 21:01:00,sp2312,sp2312,5100.0,0.0,0.0,0.0,1,5098.0,5102.0,5,5080.0,5090.0,5102.0,5086.0,64.0,3261260.0,9873
2023-05-09 21:01:00,sp2312,sp2312,5098.0,1.0,50980.0,0.0,2,5094.0,5102.0,5,5080.0,5090.0,5102.0,5086.0,65.0,3312240.0,9873
2023-05-09 21:01:01,sp2312,sp2312,5098.0,0.0,0.0,0.0,2,5094.0,5102.0,5,5080.0,5090.0,5102.0,5086.0,65.0,3312240.0,9873
2023-05-09 21:01:01,sp2312,sp2312,5102.0,4.0,203920.0,1.0,6,5092.0,5102.0,1,5080.0,5090.0,5102.0,5086.0,69.0,3516160.0,9874
2023-05-09 21:01:02,sp2312,sp2312,5102.0,0.0,0.0,0.0,6,5092.0,5098.0,2,5080.0,5090.0,5102.0,5086.0,69.0,3516160.0,9874
2023-05-09 21:01:02,sp2312,sp2312,5094.0,1.0,50940.0,-1.0,5,5092.0,5098.0,3,5080.0,5090.0,5102.0,5086.0,70.0,3567100.0,9873
2023-05-09 21:01:03,sp2312,sp2312,5092.0,2.0,101840.0,0.0,3,5092.0,5098.0,3,5080.0,5090.0,5102.0,5086.0,72.0,3668940.0,9873
2023-05-09 21:01:03,sp2312,sp2312,5092.0,0.0,0.0,0.0,3,5092.0,5098.0,3,5080.0,5090.0,5102.0,5086.0,72.0,3668940.0,9873
2023-05-09 21:01:04,sp2312,sp2312,5092.0,0.0,0.0,0.0,3,5092.0,5096.0,1,5080.0,5090.0,5102.0,5086.0,72.0,3668940.0,9873
2023-05-09 21:01:04,sp2312,sp2312,5092.0,7.0,356560.0,5.0,5,5088.0,5092.0,1,5080.0,5090.0,5102.0,5086.0,79.0,4025500.0,9878
2023-05-09 21:01:05,sp2312,sp2312,5096.0,3.0,152840.0,1.0,1,5094.0,5100.0,4,5080.0,5090.0,5102.0,5086.0,82.0,4178340.0,9879
2023-05-09 21:01:05,sp2312,sp2312,5094.0,2.0,101880.0,1.0,5,5088.0,5096.0,1,5080.0,5090.0,5102.0,5086.0,84.0,4280220.0,9880
2023-05-09 21:01:06,sp2312,sp2312,5094.0,0.0,0.0,0.0,4,5092.0,5096.0,1,5080.0,5090.0,5102.0,5086.0,84.0,4280220.0,9880
2023-05-09 21:01:06,sp2312,sp2312,5094.0,0.0,0.0,0.0,4,5092.0,5094.0,5,5080.0,5090.0,5102.0,5086.0,84.0,4280220.0,9880
2023-05-09 21:01:07,sp2312,sp2312,5096.0,4.0,203780.0,3.0,4,5092.0,5096.0,3,5080.0,5090.0,5102.0,5086.0,88.0,4484000.0,9883
2023-05-09 21:01:07,sp2312,sp2312,5096.0,0.0,0.0,0.0,1,5094.0,5096.0,3,5080.0,5090.0,5102.0,5086.0,88.0,4484000.0,9883
2023-05-09 21:01:08,sp2312,sp2312,5094.0,1.0,50940.0,0.0,4,5092.0,5096.0,3,5080.0,5090.0,5102.0,5086.0,89.0,4534940.0,9883
2023-05-09 21:01:08,sp2312,sp2312,5094.0,0.0,0.0,0.0,4,5092.0,5096.0,4,5080.0,5090.0,5102.0,5086.0,89.0,4534940.0,9883
2023-05-09 21:01:09,sp2312,sp2312,5094.0,0.0,0.0,0.0,2,5092.0,5096.0,5,5080.0,5090.0,5102.0,5086.0,89.0,4534940.0,9883
2023-05-09 21:01:10,sp2312,sp2312,5096.0,2.0,101920.0,2.0,2,5092.0,5096.0,3,5080.0,5090.0,5102.0,5086.0,91.0,4636860.0,9885
2023-05-09 21:01:10,sp2312,sp2312,5092.0,2.0,101840.0,-2.0,2,5094.0,5096.0,4,5080.0,5090.0,5102.0,5086.0,93.0,4738700.0,9883
2023-05-09 21:01:11,sp2312,sp2312,5094.0,2.0,101880.0,0.0,5,5088.0,5096.0,4,5080.0,5090.0,5102.0,5086.0,95.0,4840580.0,9883
2023-05-09 21:01:11,sp2312,sp2312,5094.0,0.0,0.0,0.0,5,5088.0,5096.0,4,5080.0,5090.0,5102.0,5086.0,95.0,4840580.0,9883
2023-05-09 21:01:12,sp2312,sp2312,5094.0,0.0,0.0,0.0,5,5088.0,5094.0,2,5080.0,5090.0,5102.0,5086.0,95.0,4840580.0,9883
2023-05-09 21:01:12,sp2312,sp2312,5094.0,2.0,101880.0,-2.0,1,5092.0,5096.0,3,5080.0,5090.0,5102.0,5086.0,97.0,4942460.0,9881
2023-05-09 21:01:13,sp2312,sp2312,5094.0,0.0,0.0,0.0,3,5092.0,5096.0,3,5080.0,5090.0,5102.0,5086.0,97.0,4942460.0,9881
2023-05-09 21:01:14,sp2312,sp2312,5096.0,3.0,152880.0,3.0,3,5092.0,5098.0,2,5080.0,5090.0,5102.0,5086.0,100.0,5095340.0,9884
2023-05-09 21:01:14,sp2312,sp2312,5096.0,0.0,0.0,0.0,1,5094.0,5098.0,2,5080.0,5090.0,5102.0,5086.0,100.0,5095340.0,9884
2023-05-09 21:01:15,sp2312,sp2312,5096.0,0.0,0.0,0.0,2,5094.0,5098.0,1,5080.0,5090.0,5102.0,5086.0,100.0,5095340.0,9884
2023-05-09 21:01:15,sp2312,sp2312,5098.0,1.0,50980.0,1.0,3,5094.0,5100.0,3,5080.0,5090.0,5102.0,5086.0,101.0,5146320.0,9885
2023-05-09 21:01:16,sp2312,sp2312,5098.0,0.0,0.0,0.0,1,5096.0,5098.0,2,5080.0,5090.0,5102.0,5086.0,101.0,5146320.0,9885
2023-05-09 21:01:16,sp2312,sp2312,5098.0,2.0,101960.0,2.0,3,5096.0,5100.0,3,5080.0,5090.0,5102.0,5086.0,103.0,5248280.0,9887
2023-05-09 21:01:17,sp2312,sp2312,5100.0,3.0,152980.0,2.0,5,5096.0,5102.0,1,5080.0,5090.0,5102.0,5086.0,106.0,5401260.0,9889
2023-05-09 21:01:17,sp2312,sp2312,5100.0,0.0,0.0,0.0,6,5096.0,5102.0,2,5080.0,5090.0,5102.0,5086.0,106.0,5401260.0,9889
2023-05-09 21:01:18,sp2312,sp2312,5100.0,0.0,0.0,0.0,2,5098.0,5102.0,2,5080.0,5090.0,5102.0,5086.0,106.0,5401260.0,9889
2023-05-09 21:01:19,sp2312,sp2312,5100.0,0.0,0.0,0.0,6,5096.0,5102.0,2,5080.0,5090.0,5102.0,5086.0,106.0,5401260.0,9889
2023-05-09 21:01:19,sp2312,sp2312,5100.0,0.0,0.0,0.0,1,5100.0,5102.0,2,5080.0,5090.0,5102.0,5086.0,106.0,5401260.0,9889
2023-05-09 21:01:20,sp2312,sp2312,5102.0,3.0,153040.0,1.0,5,5096.0,5106.0,1,5080.0,5090.0,5102.0,5086.0,109.0,5554300.0,9890
2023-05-09 21:01:20,sp2312,sp2312,5102.0,0.0,0.0,0.0,7,5096.0,5104.0,6,5080.0,5090.0,5102.0,5086.0,109.0,5554300.0,9890
2023-05-09 21:01:21,sp2312,sp2312,5102.0,0.0,0.0,0.0,1,5098.0,5104.0,6,5080.0,5090.0,5102.0,5086.0,109.0,5554300.0,9890
2023-05-09 21:01:22,sp2312,sp2312,5102.0,0.0,0.0,0.0,3,5098.0,5102.0,1,5080.0,5090.0,5102.0,5086.0,109.0,5554300.0,9890
2023-05-09 21:01:22,sp2312,sp2312,5102.0,1.0,51020.0,1.0,3,5098.0,5106.0,1,5080.0,5090.0,5102.0,5086.0,110.0,5605320.0,9891
2023-05-09 21:01:23,sp2312,sp2312,5102.0,0.0,0.0,0.0,1,5098.0,5104.0,21,5080.0,5090.0,5102.0,5086.0,110.0,5605320.0,9891
2023-05-09 21:01:23,sp2312,sp2312,5102.0,0.0,0.0,0.0,1,5098.0,5104.0,21,5080.0,5090.0,5102.0,5086.0,110.0,5605320.0,9891
2023-05-09 21:01:26,sp2312,sp2312,5102.0,0.0,0.0,0.0,1,5098.0,5108.0,3,5080.0,5090.0,5102.0,5086.0,110.0,5605320.0,9891
2023-05-09 21:01:27,sp2312,sp2312,5102.0,0.0,0.0,0.0,1,5098.0,5106.0,16,5080.0,5090.0,5102.0,5086.0,110.0,5605320.0,9891
2023-05-09 21:01:27,sp2312,sp2312,5102.0,0.0,0.0,0.0,1,5098.0,5104.0,1,5080.0,5090.0,5102.0,5086.0,110.0,5605320.0,9891
2023-05-09 21:01:28,sp2312,sp2312,5102.0,0.0,0.0,0.0,1,5098.0,5102.0,1,5080.0,5090.0,5102.0,5086.0,110.0,5605320.0,9891
2023-05-09 21:01:28,sp2312,sp2312,5102.0,1.0,51020.0,1.0,1,5098.0,5108.0,1,5080.0,5090.0,5102.0,5086.0,111.0,5656340.0,9892
2023-05-09 21:01:29,sp2312,sp2312,5102.0,0.0,0.0,0.0,1,5098.0,5106.0,16,5080.0,5090.0,5102.0,5086.0,111.0,5656340.0,9892
2023-05-09 21:01:29,sp2312,sp2312,5102.0,0.0,0.0,0.0,1,5098.0,5106.0,16,5080.0,5090.0,5102.0,5086.0,111.0,5656340.0,9892
2023-05-09 21:01:30,sp2312,sp2312,5106.0,3.0,153180.0,3.0,2,5098.0,5106.0,13,5080.0,5090.0,5106.0,5086.0,114.0,5809520.0,9895
2023-05-09 21:01:31,sp2312,sp2312,5106.0,0.0,0.0,0.0,1,5098.0,5106.0,13,5080.0,5090.0,5106.0,5086.0,114.0,5809520.0,9895
2023-05-09 21:01:31,sp2312,sp2312,5106.0,0.0,0.0,0.0,2,5100.0,5104.0,1,5080.0,5090.0,5106.0,5086.0,114.0,5809520.0,9895
2023-05-09 21:01:32,sp2312,sp2312,5104.0,2.0,102080.0,2.0,2,5100.0,5108.0,1,5080.0,5090.0,5106.0,5086.0,116.0,5911600.0,9897
2023-05-09 21:01:32,sp2312,sp2312,5104.0,0.0,0.0,0.0,2,5100.0,5106.0,6,5080.0,5090.0,5106.0,5086.0,116.0,5911600.0,9897
2023-05-09 21:01:33,sp2312,sp2312,5104.0,0.0,0.0,0.0,2,5100.0,5106.0,6,5080.0,5090.0,5106.0,5086.0,116.0,5911600.0,9897
2023-05-09 21:01:33,sp2312,sp2312,5104.0,0.0,0.0,0.0,2,5100.0,5108.0,1,5080.0,5090.0,5106.0,5086.0,116.0,5911600.0,9897
2023-05-09 21:01:34,sp2312,sp2312,5104.0,0.0,0.0,0.0,1,5098.0,5108.0,2,5080.0,5090.0,5106.0,5086.0,116.0,5911600.0,9897
2023-05-09 21:01:34,sp2312,sp2312,5104.0,0.0,0.0,0.0,3,5098.0,5108.0,2,5080.0,5090.0,5106.0,5086.0,116.0,5911600.0,9897
2023-05-09 21:01:36,sp2312,sp2312,5104.0,0.0,0.0,0.0,4,5098.0,5108.0,2,5080.0,5090.0,5106.0,5086.0,116.0,5911600.0,9897
2023-05-09 21:01:37,sp2312,sp2312,5104.0,0.0,0.0,0.0,3,5100.0,5108.0,1,5080.0,5090.0,5106.0,5086.0,116.0,5911600.0,9897
2023-05-09 21:01:38,sp2312,sp2312,5104.0,0.0,0.0,0.0,1,5102.0,5108.0,1,5080.0,5090.0,5106.0,5086.0,116.0,5911600.0,9897
2023-05-09 21:01:38,sp2312,sp2312,5104.0,0.0,0.0,0.0,1,5102.0,5108.0,1,5080.0,5090.0,5106.0,5086.0,116.0,5911600.0,9897
2023-05-09 21:01:39,sp2312,sp2312,5108.0,1.0,51080.0,0.0,4,5104.0,5112.0,2,5080.0,5090.0,5108.0,5086.0,117.0,5962680.0,9897
2023-05-09 21:01:39,sp2312,sp2312,5108.0,0.0,0.0,0.0,4,5104.0,5110.0,11,5080.0,5090.0,5108.0,5086.0,117.0,5962680.0,9897
2023-05-09 21:01:40,sp2312,sp2312,5108.0,0.0,0.0,0.0,4,5104.0,5110.0,11,5080.0,5090.0,5108.0,5086.0,117.0,5962680.0,9897
2023-05-09 21:01:40,sp2312,sp2312,5108.0,0.0,0.0,0.0,4,5104.0,5110.0,11,5080.0,5090.0,5108.0,5086.0,117.0,5962680.0,9897
2023-05-09 21:01:41,sp2312,sp2312,5108.0,0.0,0.0,0.0,4,5104.0,5110.0,11,5080.0,5090.0,5108.0,5086.0,117.0,5962680.0,9897
2023-05-09 21:01:41,sp2312,sp2312,5108.0,0.0,0.0,0.0,4,5104.0,5116.0,1,5080.0,5090.0,5108.0,5086.0,117.0,5962680.0,9897
2023-05-09 21:01:42,sp2312,sp2312,5108.0,0.0,0.0,0.0,4,5104.0,5112.0,1,5080.0,5090.0,5108.0,5086.0,117.0,5962680.0,9897
2023-05-09 21:01:42,sp2312,sp2312,5108.0,0.0,0.0,0.0,7,5104.0,5110.0,1,5080.0,5090.0,5108.0,5086.0,117.0,5962680.0,9897
2023-05-09 21:01:43,sp2312,sp2312,5108.0,0.0,0.0,0.0,7,5104.0,5112.0,3,5080.0,5090.0,5108.0,5086.0,117.0,5962680.0,9897
2023-05-09 21:01:43,sp2312,sp2312,5108.0,0.0,0.0,0.0,7,5104.0,5112.0,4,5080.0,5090.0,5108.0,5086.0,117.0,5962680.0,9897
2023-05-09 21:01:44,sp2312,sp2312,5108.0,0.0,0.0,0.0,5,5104.0,5110.0,4,5080.0,5090.0,5108.0,5086.0,117.0,5962680.0,9897
2023-05-09 21:01:44,sp2312,sp2312,5108.0,0.0,0.0,0.0,5,5104.0,5110.0,5,5080.0,5090.0,5108.0,5086.0,117.0,5962680.0,9897
2023-05-09 21:01:45,sp2312,sp2312,5108.0,0.0,0.0,0.0,5,5104.0,5110.0,6,5080.0,5090.0,5108.0,5086.0,117.0,5962680.0,9897
2023-05-09 21:01:45,sp2312,sp2312,5108.0,0.0,0.0,0.0,5,5104.0,5110.0,6,5080.0,5090.0,5108.0,5086.0,117.0,5962680.0,9897
2023-05-09 21:01:46,sp2312,sp2312,5108.0,0.0,0.0,0.0,5,5104.0,5110.0,6,5080.0,5090.0,5108.0,5086.0,117.0,5962680.0,9897
2023-05-09 21:01:47,sp2312,sp2312,5110.0,3.0,153300.0,2.0,7,5104.0,5110.0,3,5080.0,5090.0,5110.0,5086.0,120.0,6115980.0,9899
2023-05-09 21:01:47,sp2312,sp2312,5110.0,0.0,0.0,0.0,5,5104.0,5110.0,1,5080.0,5090.0,5110.0,5086.0,120.0,6115980.0,9899
2023-05-09 21:01:48,sp2312,sp2312,5110.0,0.0,0.0,0.0,5,5104.0,5110.0,1,5080.0,5090.0,5110.0,5086.0,120.0,6115980.0,9899
2023-05-09 21:01:49,sp2312,sp2312,5110.0,0.0,0.0,0.0,5,5104.0,5110.0,1,5080.0,5090.0,5110.0,5086.0,120.0,6115980.0,9899
2023-05-09 21:01:49,sp2312,sp2312,5110.0,1.0,51100.0,0.0,5,5104.0,5112.0,3,5080.0,5090.0,5110.0,5086.0,121.0,6167080.0,9899
2023-05-09 21:01:50,sp2312,sp2312,5110.0,0.0,0.0,0.0,5,5104.0,5112.0,4,5080.0,5090.0,5110.0,5086.0,121.0,6167080.0,9899
2023-05-09 21:01:51,sp2312,sp2312,5110.0,0.0,0.0,0.0,5,5104.0,5112.0,3,5080.0,5090.0,5110.0,5086.0,121.0,6167080.0,9899
2023-05-09 21:01:51,sp2312,sp2312,5110.0,0.0,0.0,0.0,5,5104.0,5112.0,4,5080.0,5090.0,5110.0,5086.0,121.0,6167080.0,9899
2023-05-09 21:01:52,sp2312,sp2312,5110.0,0.0,0.0,0.0,5,5104.0,5112.0,4,5080.0,5090.0,5110.0,5086.0,121.0,6167080.0,9899
2023-05-09 21:01:54,sp2312,sp2312,5110.0,0.0,0.0,0.0,5,5104.0,5112.0,5,5080.0,5090.0,5110.0,5086.0,121.0,6167080.0,9899
2023-05-09 21:01:54,sp2312,sp2312,5110.0,0.0,0.0,0.0,1,5106.0,5112.0,5,5080.0,5090.0,5110.0,5086.0,121.0,6167080.0,9899
2023-05-09 21:01:56,sp2312,sp2312,5106.0,1.0,51060.0,-1.0,2,5104.0,5110.0,10,5080.0,5090.0,5110.0,5086.0,122.0,6218140.0,9898
2023-05-09 21:01:57,sp2312,sp2312,5106.0,0.0,0.0,0.0,2,5104.0,5108.0,1,5080.0,5090.0,5110.0,5086.0,122.0,6218140.0,9898
2023-05-09 21:01:57,sp2312,sp2312,5106.0,0.0,0.0,0.0,2,5104.0,5108.0,1,5080.0,5090.0,5110.0,5086.0,122.0,6218140.0,9898
2023-05-09 21:01:58,sp2312,sp2312,5110.0,1.0,51100.0,1.0,2,5104.0,5108.0,1,5080.0,5090.0,5110.0,5086.0,123.0,6269240.0,9899
2023-05-09 21:01:59,sp2312,sp2312,5110.0,1.0,51100.0,1.0,1,5106.0,5112.0,4,5080.0,5090.0,5110.0,5086.0,124.0,6320340.0,9900
2023-05-09 21:01:59,sp2312,sp2312,5110.0,0.0,0.0,0.0,1,5106.0,5110.0,16,5080.0,5090.0,5110.0,5086.0,124.0,6320340.0,9900
2023-05-09 21:02:00,sp2312,sp2312,5110.0,0.0,0.0,0.0,1,5106.0,5110.0,16,5080.0,5090.0,5110.0,5086.0,124.0,6320340.0,9900
2023-05-09 21:02:00,sp2312,sp2312,5110.0,0.0,0.0,0.0,1,5106.0,5110.0,16,5080.0,5090.0,5110.0,5086.0,124.0,6320340.0,9900
2023-05-09 21:02:01,sp2312,sp2312,5110.0,0.0,0.0,0.0,1,5106.0,5112.0,4,5080.0,5090.0,5110.0,5086.0,124.0,6320340.0,9900
2023-05-09 21:02:01,sp2312,sp2312,5110.0,0.0,0.0,0.0,1,5106.0,5112.0,5,5080.0,5090.0,5110.0,5086.0,124.0,6320340.0,9900
2023-05-09 21:02:02,sp2312,sp2312,5110.0,0.0,0.0,0.0,1,5106.0,5108.0,3,5080.0,5090.0,5110.0,5086.0,124.0,6320340.0,9900
2023-05-09 21:02:02,sp2312,sp2312,5110.0,1.0,51100.0,1.0,1,5106.0,5108.0,2,5080.0,5090.0,5110.0,5086.0,125.0,6371440.0,9901
2023-05-09 21:02:03,sp2312,sp2312,5112.0,1.0,51120.0,0.0,1,5106.0,5112.0,2,5080.0,5090.0,5112.0,5086.0,126.0,6422560.0,9901
2023-05-09 21:02:03,sp2312,sp2312,5112.0,0.0,0.0,0.0,1,5106.0,5112.0,3,5080.0,5090.0,5112.0,5086.0,126.0,6422560.0,9901
2023-05-09 21:02:04,sp2312,sp2312,5112.0,0.0,0.0,0.0,5,5108.0,5112.0,3,5080.0,5090.0,5112.0,5086.0,126.0,6422560.0,9901
2023-05-09 21:02:05,sp2312,sp2312,5112.0,0.0,0.0,0.0,1,5108.0,5112.0,2,5080.0,5090.0,5112.0,5086.0,126.0,6422560.0,9901
2023-05-09 21:02:05,sp2312,sp2312,5112.0,0.0,0.0,0.0,5,5108.0,5112.0,3,5080.0,5090.0,5112.0,5086.0,126.0,6422560.0,9901
2023-05-09 21:02:06,sp2312,sp2312,5112.0,3.0,153280.0,2.0,3,5108.0,5114.0,1,5080.0,5090.0,5112.0,5086.0,129.0,6575840.0,9903
2023-05-09 21:02:06,sp2312,sp2312,5112.0,0.0,0.0,0.0,3,5108.0,5110.0,1,5080.0,5090.0,5112.0,5086.0,129.0,6575840.0,9903
2023-05-09 21:02:07,sp2312,sp2312,5112.0,1.0,51120.0,0.0,3,5108.0,5112.0,1,5080.0,5090.0,5112.0,5086.0,130.0,6626960.0,9903
2023-05-09 21:02:07,sp2312,sp2312,5112.0,0.0,0.0,0.0,4,5108.0,5112.0,4,5080.0,5090.0,5112.0,5086.0,130.0,6626960.0,9903
2023-05-09 21:02:09,sp2312,sp2312,5112.0,0.0,0.0,0.0,7,5108.0,5112.0,4,5080.0,5090.0,5112.0,5086.0,130.0,6626960.0,9903
2023-05-09 21:02:10,sp2312,sp2312,5112.0,0.0,0.0,0.0,7,5108.0,5112.0,4,5080.0,5090.0,5112.0,5086.0,130.0,6626960.0,9903
2023-05-09 21:02:12,sp2312,sp2312,5112.0,0.0,0.0,0.0,7,5108.0,5112.0,5,5080.0,5090.0,5112.0,5086.0,130.0,6626960.0,9903
2023-05-09 21:02:13,sp2312,sp2312,5112.0,0.0,0.0,0.0,7,5108.0,5112.0,5,5080.0,5090.0,5112.0,5086.0,130.0,6626960.0,9903
2023-05-09 21:02:13,sp2312,sp2312,5112.0,0.0,0.0,0.0,7,5108.0,5112.0,5,5080.0,5090.0,5112.0,5086.0,130.0,6626960.0,9903
2023-05-09 21:02:14,sp2312,sp2312,5112.0,0.0,0.0,0.0,7,5108.0,5112.0,5,5080.0,5090.0,5112.0,5086.0,130.0,6626960.0,9903
2023-05-09 21:02:14,sp2312,sp2312,5112.0,0.0,0.0,0.0,7,5108.0,5112.0,5,5080.0,5090.0,5112.0,5086.0,130.0,6626960.0,9903
2023-05-09 21:02:15,sp2312,sp2312,5112.0,0.0,0.0,0.0,7,5108.0,5112.0,5,5080.0,5090.0,5112.0,5086.0,130.0,6626960.0,9903
2023-05-09 21:02:15,sp2312,sp2312,5112.0,1.0,51120.0,0.0,7,5108.0,5112.0,4,5080.0,5090.0,5112.0,5086.0,131.0,6678080.0,9903
2023-05-09 21:02:19,sp2312,sp2312,5112.0,0.0,0.0,0.0,1,5108.0,5112.0,4,5080.0,5090.0,5112.0,5086.0,131.0,6678080.0,9903
2023-05-09 21:02:20,sp2312,sp2312,5112.0,0.0,0.0,0.0,7,5108.0,5112.0,4,5080.0,5090.0,5112.0,5086.0,131.0,6678080.0,9903
2023-05-09 21:02:21,sp2312,sp2312,5112.0,0.0,0.0,0.0,6,5108.0,5112.0,4,5080.0,5090.0,5112.0,5086.0,131.0,6678080.0,9903
2023-05-09 21:02:22,sp2312,sp2312,5112.0,0.0,0.0,0.0,6,5108.0,5110.0,1,5080.0,5090.0,5112.0,5086.0,131.0,6678080.0,9903
2023-05-09 21:02:23,sp2312,sp2312,5112.0,0.0,0.0,0.0,6,5108.0,5110.0,1,5080.0,5090.0,5112.0,5086.0,131.0,6678080.0,9903
2023-05-09 21:02:23,sp2312,sp2312,5110.0,1.0,51100.0,0.0,6,5108.0,5112.0,1,5080.0,5090.0,5112.0,5086.0,132.0,6729180.0,9903
2023-05-09 21:02:24,sp2312,sp2312,5110.0,0.0,0.0,0.0,6,5108.0,5112.0,2,5080.0,5090.0,5112.0,5086.0,132.0,6729180.0,9903
2023-05-09 21:02:25,sp2312,sp2312,5112.0,2.0,102240.0,1.0,4,5112.0,5114.0,2,5080.0,5090.0,5112.0,5086.0,134.0,6831420.0,9904
2023-05-09 21:02:26,sp2312,sp2312,5112.0,0.0,0.0,0.0,4,5112.0,5114.0,2,5080.0,5090.0,5112.0,5086.0,134.0,6831420.0,9904
2023-05-09 21:02:26,sp2312,sp2312,5112.0,0.0,0.0,0.0,4,5110.0,5114.0,2,5080.0,5090.0,5112.0,5086.0,134.0,6831420.0,9904
2023-05-09 21:02:28,sp2312,sp2312,5112.0,0.0,0.0,0.0,4,5110.0,5112.0,2,5080.0,5090.0,5112.0,5086.0,134.0,6831420.0,9904
2023-05-09 21:02:29,sp2312,sp2312,5112.0,0.0,0.0,0.0,4,5112.0,5114.0,2,5080.0,5090.0,5112.0,5086.0,134.0,6831420.0,9904
2023-05-09 21:02:30,sp2312,sp2312,5112.0,0.0,0.0,0.0,4,5112.0,5114.0,2,5080.0,5090.0,5112.0,5086.0,134.0,6831420.0,9904
2023-05-09 21:02:30,sp2312,sp2312,5112.0,1.0,51120.0,0.0,3,5112.0,5114.0,2,5080.0,5090.0,5112.0,5086.0,135.0,6882540.0,9904
2023-05-09 21:02:31,sp2312,sp2312,5112.0,6.0,306780.0,-1.0,1,5114.0,5118.0,3,5080.0,5090.0,5114.0,5086.0,141.0,7189320.0,9903
2023-05-09 21:02:31,sp2312,sp2312,5114.0,1.0,51140.0,-1.0,4,5114.0,5118.0,4,5080.0,5090.0,5114.0,5086.0,142.0,7240460.0,9902
2023-05-09 21:02:32,sp2312,sp2312,5114.0,0.0,0.0,0.0,4,5114.0,5118.0,3,5080.0,5090.0,5114.0,5086.0,142.0,7240460.0,9902
2023-05-09 21:02:32,sp2312,sp2312,5114.0,0.0,0.0,0.0,4,5114.0,5118.0,3,5080.0,5090.0,5114.0,5086.0,142.0,7240460.0,9902
2023-05-09 21:02:33,sp2312,sp2312,5118.0,2.0,102360.0,1.0,4,5114.0,5118.0,1,5080.0,5090.0,5118.0,5086.0,144.0,7342820.0,9903
2023-05-09 21:02:34,sp2312,sp2312,5118.0,0.0,0.0,0.0,1,5116.0,5118.0,1,5080.0,5090.0,5118.0,5086.0,144.0,7342820.0,9903
2023-05-09 21:02:36,sp2312,sp2312,5118.0,0.0,0.0,0.0,1,5116.0,5118.0,2,5080.0,5090.0,5118.0,5086.0,144.0,7342820.0,9903
2023-05-09 21:02:36,sp2312,sp2312,5118.0,0.0,0.0,0.0,1,5116.0,5118.0,1,5080.0,5090.0,5118.0,5086.0,144.0,7342820.0,9903
2023-05-09 21:02:37,sp2312,sp2312,5118.0,0.0,0.0,0.0,1,5116.0,5118.0,1,5080.0,5090.0,5118.0,5086.0,144.0,7342820.0,9903
2023-05-09 21:02:38,sp2312,sp2312,5118.0,0.0,0.0,0.0,1,5116.0,5120.0,3,5080.0,5090.0,5118.0,5086.0,144.0,7342820.0,9903
2023-05-09 21:02:39,sp2312,sp2312,5116.0,1.0,51160.0,-1.0,4,5114.0,5116.0,5,5080.0,5090.0,5118.0,5086.0,145.0,7393980.0,9902
2023-05-09 21:02:39,sp2312,sp2312,5116.0,0.0,0.0,0.0,5,5114.0,5116.0,5,5080.0,5090.0,5118.0,5086.0,145.0,7393980.0,9902
2023-05-09 21:02:40,sp2312,sp2312,5116.0,1.0,51160.0,-1.0,1,5114.0,5116.0,4,5080.0,5090.0,5118.0,5086.0,146.0,7445140.0,9901
2023-05-09 21:02:41,sp2312,sp2312,5116.0,0.0,0.0,0.0,1,5114.0,5116.0,4,5080.0,5090.0,5118.0,5086.0,146.0,7445140.0,9901
2023-05-09 21:02:42,sp2312,sp2312,5114.0,1.0,51140.0,0.0,7,5112.0,5116.0,5,5080.0,5090.0,5118.0,5086.0,147.0,7496280.0,9901
2023-05-09 21:02:42,sp2312,sp2312,5112.0,4.0,204480.0,-3.0,2,5112.0,5116.0,1,5080.0,5090.0,5118.0,5086.0,151.0,7700760.0,9898
2023-05-09 21:02:43,sp2312,sp2312,5112.0,2.0,102240.0,0.0,10,5108.0,5114.0,6,5080.0,5090.0,5118.0,5086.0,153.0,7803000.0,9898
2023-05-09 21:02:43,sp2312,sp2312,5112.0,0.0,0.0,0.0,6,5112.0,5116.0,1,5080.0,5090.0,5118.0,5086.0,153.0,7803000.0,9898
2023-05-09 21:02:44,sp2312,sp2312,5112.0,0.0,0.0,0.0,10,5108.0,5116.0,2,5080.0,5090.0,5118.0,5086.0,153.0,7803000.0,9898
2023-05-09 21:02:44,sp2312,sp2312,5112.0,0.0,0.0,0.0,10,5108.0,5116.0,3,5080.0,5090.0,5118.0,5086.0,153.0,7803000.0,9898
2023-05-09 21:02:45,sp2312,sp2312,5112.0,0.0,0.0,0.0,10,5108.0,5116.0,3,5080.0,5090.0,5118.0,5086.0,153.0,7803000.0,9898
2023-05-09 21:02:46,sp2312,sp2312,5112.0,0.0,0.0,0.0,10,5108.0,5116.0,3,5080.0,5090.0,5118.0,5086.0,153.0,7803000.0,9898
2023-05-09 21:02:47,sp2312,sp2312,5112.0,0.0,0.0,0.0,10,5108.0,5116.0,3,5080.0,5090.0,5118.0,5086.0,153.0,7803000.0,9898
2023-05-09 21:02:47,sp2312,sp2312,5112.0,0.0,0.0,0.0,10,5108.0,5114.0,10,5080.0,5090.0,5118.0,5086.0,153.0,7803000.0,9898
2023-05-09 21:02:48,sp2312,sp2312,5112.0,0.0,0.0,0.0,10,5108.0,5114.0,10,5080.0,5090.0,5118.0,5086.0,153.0,7803000.0,9898
2023-05-09 21:02:48,sp2312,sp2312,5112.0,0.0,0.0,0.0,10,5108.0,5114.0,13,5080.0,5090.0,5118.0,5086.0,153.0,7803000.0,9898
2023-05-09 21:02:49,sp2312,sp2312,5112.0,0.0,0.0,0.0,10,5108.0,5114.0,2,5080.0,5090.0,5118.0,5086.0,153.0,7803000.0,9898
2023-05-09 21:02:50,sp2312,sp2312,5112.0,0.0,0.0,0.0,10,5108.0,5114.0,2,5080.0,5090.0,5118.0,5086.0,153.0,7803000.0,9898
2023-05-09 21:02:51,sp2312,sp2312,5112.0,0.0,0.0,0.0,10,5108.0,5114.0,2,5080.0,5090.0,5118.0,5086.0,153.0,7803000.0,9898
2023-05-09 21:02:51,sp2312,sp2312,5112.0,0.0,0.0,0.0,10,5108.0,5114.0,2,5080.0,5090.0,5118.0,5086.0,153.0,7803000.0,9898
2023-05-09 21:02:52,sp2312,sp2312,5112.0,0.0,0.0,0.0,10,5108.0,5114.0,2,5080.0,5090.0,5118.0,5086.0,153.0,7803000.0,9898
2023-05-09 21:02:53,sp2312,sp2312,5112.0,0.0,0.0,0.0,6,5112.0,5114.0,2,5080.0,5090.0,5118.0,5086.0,153.0,7803000.0,9898
2023-05-09 21:02:54,sp2312,sp2312,5112.0,0.0,0.0,0.0,6,5112.0,5114.0,2,5080.0,5090.0,5118.0,5086.0,153.0,7803000.0,9898
2023-05-09 21:02:55,sp2312,sp2312,5112.0,0.0,0.0,0.0,6,5112.0,5114.0,2,5080.0,5090.0,5118.0,5086.0,153.0,7803000.0,9898
2023-05-09 21:02:55,sp2312,sp2312,5112.0,0.0,0.0,0.0,6,5112.0,5114.0,2,5080.0,5090.0,5118.0,5086.0,153.0,7803000.0,9898
2023-05-09 21:02:56,sp2312,sp2312,5112.0,0.0,0.0,0.0,6,5112.0,5114.0,2,5080.0,5090.0,5118.0,5086.0,153.0,7803000.0,9898
2023-05-09 21:02:57,sp2312,sp2312,5112.0,1.0,51120.0,0.0,5,5112.0,5114.0,2,5080.0,5090.0,5118.0,5086.0,154.0,7854120.0,9898
2023-05-09 21:02:58,sp2312,sp2312,5112.0,0.0,0.0,0.0,9,5108.0,5114.0,2,5080.0,5090.0,5118.0,5086.0,154.0,7854120.0,9898
2023-05-09 21:02:59,sp2312,sp2312,5112.0,0.0,0.0,0.0,9,5108.0,5112.0,1,5080.0,5090.0,5118.0,5086.0,154.0,7854120.0,9898
2023-05-09 21:03:00,sp2312,sp2312,5112.0,1.0,51120.0,-1.0,9,5108.0,5114.0,2,5080.0,5090.0,5118.0,5086.0,155.0,7905240.0,9897
2023-05-09 21:03:00,sp2312,sp2312,5112.0,0.0,0.0,0.0,1,5110.0,5114.0,2,5080.0,5090.0,5118.0,5086.0,155.0,7905240.0,9897
2023-05-09 21:03:04,sp2312,sp2312,5112.0,0.0,0.0,0.0,1,5110.0,5114.0,8,5080.0,5090.0,5118.0,5086.0,155.0,7905240.0,9897
2023-05-09 21:03:06,sp2312,sp2312,5112.0,0.0,0.0,0.0,9,5108.0,5112.0,1,5080.0,5090.0,5118.0,5086.0,155.0,7905240.0,9897
2023-05-09 21:03:06,sp2312,sp2312,5112.0,0.0,0.0,0.0,9,5108.0,5114.0,8,5080.0,5090.0,5118.0,5086.0,155.0,7905240.0,9897
2023-05-09 21:03:09,sp2312,sp2312,5112.0,0.0,0.0,0.0,9,5108.0,5114.0,8,5080.0,5090.0,5118.0,5086.0,155.0,7905240.0,9897
2023-05-09 21:03:12,sp2312,sp2312,5112.0,0.0,0.0,0.0,9,5108.0,5112.0,1,5080.0,5090.0,5118.0,5086.0,155.0,7905240.0,9897
2023-05-09 21:03:15,sp2312,sp2312,5112.0,0.0,0.0,0.0,5,5108.0,5114.0,8,5080.0,5090.0,5118.0,5086.0,155.0,7905240.0,9897
2023-05-09 21:03:15,sp2312,sp2312,5112.0,0.0,0.0,0.0,1,5110.0,5114.0,8,5080.0,5090.0,5118.0,5086.0,155.0,7905240.0,9897
2023-05-09 21:03:16,sp2312,sp2312,5112.0,0.0,0.0,0.0,1,5110.0,5114.0,8,5080.0,5090.0,5118.0,5086.0,155.0,7905240.0,9897
2023-05-09 21:03:21,sp2312,sp2312,5112.0,0.0,0.0,0.0,1,5110.0,5114.0,8,5080.0,5090.0,5118.0,5086.0,155.0,7905240.0,9897
2023-05-09 21:03:21,sp2312,sp2312,5110.0,1.0,51100.0,-1.0,5,5108.0,5110.0,1,5080.0,5090.0,5118.0,5086.0,156.0,7956340.0,9896
2023-05-09 21:03:22,sp2312,sp2312,5114.0,2.0,102240.0,0.0,1,5110.0,5114.0,7,5080.0,5090.0,5118.0,5086.0,158.0,8058580.0,9896
2023-05-09 21:03:22,sp2312,sp2312,5114.0,0.0,0.0,0.0,1,5110.0,5114.0,7,5080.0,5090.0,5118.0,5086.0,158.0,8058580.0,9896
2023-05-09 21:03:23,sp2312,sp2312,5114.0,4.0,204560.0,-2.0,1,5110.0,5114.0,3,5080.0,5090.0,5118.0,5086.0,162.0,8263140.0,9894
2023-05-09 21:03:23,sp2312,sp2312,5114.0,1.0,51140.0,-1.0,1,5110.0,5114.0,2,5080.0,5090.0,5118.0,5086.0,163.0,8314280.0,9893
2023-05-09 21:03:24,sp2312,sp2312,5114.0,0.0,0.0,0.0,3,5110.0,5114.0,2,5080.0,5090.0,5118.0,5086.0,163.0,8314280.0,9893
2023-05-09 21:03:24,sp2312,sp2312,5114.0,0.0,0.0,0.0,5,5110.0,5114.0,2,5080.0,5090.0,5118.0,5086.0,163.0,8314280.0,9893
2023-05-09 21:03:25,sp2312,sp2312,5114.0,0.0,0.0,0.0,5,5110.0,5112.0,1,5080.0,5090.0,5118.0,5086.0,163.0,8314280.0,9893
2023-05-09 21:03:25,sp2312,sp2312,5114.0,2.0,102260.0,0.0,5,5110.0,5114.0,1,5080.0,5090.0,5118.0,5086.0,165.0,8416540.0,9893
2023-05-09 21:03:28,sp2312,sp2312,5114.0,1.0,51140.0,0.0,2,5112.0,5118.0,4,5080.0,5090.0,5118.0,5086.0,166.0,8467680.0,9893
2023-05-09 21:03:28,sp2312,sp2312,5114.0,0.0,0.0,0.0,2,5112.0,5118.0,1,5080.0,5090.0,5118.0,5086.0,166.0,8467680.0,9893
2023-05-09 21:03:29,sp2312,sp2312,5114.0,0.0,0.0,0.0,2,5112.0,5118.0,1,5080.0,5090.0,5118.0,5086.0,166.0,8467680.0,9893
2023-05-09 21:03:30,sp2312,sp2312,5114.0,0.0,0.0,0.0,5,5112.0,5118.0,1,5080.0,5090.0,5118.0,5086.0,166.0,8467680.0,9893
2023-05-09 21:03:30,sp2312,sp2312,5114.0,0.0,0.0,0.0,5,5112.0,5118.0,1,5080.0,5090.0,5118.0,5086.0,166.0,8467680.0,9893
2023-05-09 21:03:31,sp2312,sp2312,5114.0,0.0,0.0,0.0,5,5112.0,5118.0,1,5080.0,5090.0,5118.0,5086.0,166.0,8467680.0,9893
2023-05-09 21:03:31,sp2312,sp2312,5114.0,0.0,0.0,0.0,2,5114.0,5118.0,1,5080.0,5090.0,5118.0,5086.0,166.0,8467680.0,9893
2023-05-09 21:03:32,sp2312,sp2312,5114.0,0.0,0.0,0.0,1,5116.0,5118.0,1,5080.0,5090.0,5118.0,5086.0,166.0,8467680.0,9893
2023-05-09 21:03:34,sp2312,sp2312,5114.0,0.0,0.0,0.0,1,5116.0,5118.0,1,5080.0,5090.0,5118.0,5086.0,166.0,8467680.0,9893
2023-05-09 21:03:35,sp2312,sp2312,5116.0,1.0,51160.0,-1.0,5,5112.0,5118.0,1,5080.0,5090.0,5118.0,5086.0,167.0,8518840.0,9892
2023-05-09 21:03:35,sp2312,sp2312,5116.0,0.0,0.0,0.0,1,5114.0,5118.0,1,5080.0,5090.0,5118.0,5086.0,167.0,8518840.0,9892
2023-05-09 21:03:37,sp2312,sp2312,5116.0,0.0,0.0,0.0,5,5116.0,5118.0,1,5080.0,5090.0,5118.0,5086.0,167.0,8518840.0,9892
2023-05-09 21:03:37,sp2312,sp2312,5116.0,0.0,0.0,0.0,1,5114.0,5118.0,1,5080.0,5090.0,5118.0,5086.0,167.0,8518840.0,9892
2023-05-09 21:03:38,sp2312,sp2312,5116.0,0.0,0.0,0.0,5,5116.0,5118.0,1,5080.0,5090.0,5118.0,5086.0,167.0,8518840.0,9892
2023-05-09 21:03:39,sp2312,sp2312,5116.0,0.0,0.0,0.0,5,5116.0,5118.0,1,5080.0,5090.0,5118.0,5086.0,167.0,8518840.0,9892
2023-05-09 21:03:40,sp2312,sp2312,5116.0,0.0,0.0,0.0,1,5114.0,5118.0,1,5080.0,5090.0,5118.0,5086.0,167.0,8518840.0,9892
2023-05-09 21:03:41,sp2312,sp2312,5116.0,0.0,0.0,0.0,1,5114.0,5118.0,1,5080.0,5090.0,5118.0,5086.0,167.0,8518840.0,9892
2023-05-09 21:03:43,sp2312,sp2312,5116.0,0.0,0.0,0.0,1,5114.0,5118.0,1,5080.0,5090.0,5118.0,5086.0,167.0,8518840.0,9892
2023-05-09 21:03:46,sp2312,sp2312,5116.0,0.0,0.0,0.0,1,5114.0,5118.0,1,5080.0,5090.0,5118.0,5086.0,167.0,8518840.0,9892
2023-05-09 21:03:47,sp2312,sp2312,5116.0,0.0,0.0,0.0,1,5114.0,5118.0,1,5080.0,5090.0,5118.0,5086.0,167.0,8518840.0,9892
2023-05-09 21:03:48,sp2312,sp2312,5116.0,0.0,0.0,0.0,1,5114.0,5118.0,1,5080.0,5090.0,5118.0,5086.0,167.0,8518840.0,9892
2023-05-09 21:03:49,sp2312,sp2312,5116.0,0.0,0.0,0.0,1,5114.0,5118.0,1,5080.0,5090.0,5118.0,5086.0,167.0,8518840.0,9892
2023-05-09 21:03:49,sp2312,sp2312,5116.0,0.0,0.0,0.0,1,5114.0,5118.0,1,5080.0,5090.0,5118.0,5086.0,167.0,8518840.0,9892
2023-05-09 21:03:50,sp2312,sp2312,5114.0,1.0,51140.0,-1.0,10,5112.0,5114.0,1,5080.0,5090.0,5118.0,5086.0,168.0,8569980.0,9891
2023-05-09 21:03:51,sp2312,sp2312,5118.0,2.0,102320.0,0.0,7,5112.0,5120.0,2,5080.0,5090.0,5118.0,5086.0,170.0,8672300.0,9891
2023-05-09 21:03:51,sp2312,sp2312,5118.0,0.0,0.0,0.0,7,5112.0,5116.0,1,5080.0,5090.0,5118.0,5086.0,170.0,8672300.0,9891
2023-05-09 21:03:52,sp2312,sp2312,5118.0,0.0,0.0,0.0,7,5112.0,5116.0,1,5080.0,5090.0,5118.0,5086.0,170.0,8672300.0,9891
2023-05-09 21:03:52,sp2312,sp2312,5118.0,0.0,0.0,0.0,7,5112.0,5116.0,1,5080.0,5090.0,5118.0,5086.0,170.0,8672300.0,9891
2023-05-09 21:03:53,sp2312,sp2312,5118.0,0.0,0.0,0.0,7,5112.0,5116.0,1,5080.0,5090.0,5118.0,5086.0,170.0,8672300.0,9891
2023-05-09 21:03:53,sp2312,sp2312,5118.0,0.0,0.0,0.0,5,5112.0,5116.0,1,5080.0,5090.0,5118.0,5086.0,170.0,8672300.0,9891
2023-05-09 21:03:54,sp2312,sp2312,5112.0,1.0,51120.0,0.0,6,5112.0,5116.0,1,5080.0,5090.0,5118.0,5086.0,171.0,8723420.0,9891
2023-05-09 21:03:54,sp2312,sp2312,5112.0,0.0,0.0,0.0,6,5112.0,5114.0,1,5080.0,5090.0,5118.0,5086.0,171.0,8723420.0,9891
2023-05-09 21:03:55,sp2312,sp2312,5112.0,0.0,0.0,0.0,6,5112.0,5114.0,1,5080.0,5090.0,5118.0,5086.0,171.0,8723420.0,9891
2023-05-09 21:03:56,sp2312,sp2312,5112.0,0.0,0.0,0.0,4,5112.0,5114.0,1,5080.0,5090.0,5118.0,5086.0,171.0,8723420.0,9891
2023-05-09 21:03:56,sp2312,sp2312,5112.0,0.0,0.0,0.0,4,5112.0,5114.0,1,5080.0,5090.0,5118.0,5086.0,171.0,8723420.0,9891
2023-05-09 21:03:57,sp2312,sp2312,5112.0,0.0,0.0,0.0,4,5112.0,5114.0,1,5080.0,5090.0,5118.0,5086.0,171.0,8723420.0,9891
2023-05-09 21:03:58,sp2312,sp2312,5112.0,0.0,0.0,0.0,4,5112.0,5114.0,1,5080.0,5090.0,5118.0,5086.0,171.0,8723420.0,9891
2023-05-09 21:04:00,sp2312,sp2312,5114.0,1.0,51140.0,0.0,4,5112.0,5116.0,1,5080.0,5090.0,5118.0,5086.0,172.0,8774560.0,9891
2023-05-09 21:04:02,sp2312,sp2312,5114.0,0.0,0.0,0.0,4,5112.0,5116.0,1,5080.0,5090.0,5118.0,5086.0,172.0,8774560.0,9891
2023-05-09 21:04:07,sp2312,sp2312,5114.0,0.0,0.0,0.0,4,5112.0,5116.0,1,5080.0,5090.0,5118.0,5086.0,172.0,8774560.0,9891
2023-05-09 21:04:09,sp2312,sp2312,5114.0,0.0,0.0,0.0,5,5112.0,5116.0,1,5080.0,5090.0,5118.0,5086.0,172.0,8774560.0,9891
2023-05-09 21:04:10,sp2312,sp2312,5114.0,0.0,0.0,0.0,1,5112.0,5116.0,1,5080.0,5090.0,5118.0,5086.0,172.0,8774560.0,9891
2023-05-09 21:04:12,sp2312,sp2312,5114.0,0.0,0.0,0.0,3,5112.0,5116.0,1,5080.0,5090.0,5118.0,5086.0,172.0,8774560.0,9891
2023-05-09 21:04:14,sp2312,sp2312,5114.0,0.0,0.0,0.0,3,5112.0,5116.0,1,5080.0,5090.0,5118.0,5086.0,172.0,8774560.0,9891
2023-05-09 21:04:15,sp2312,sp2312,5114.0,0.0,0.0,0.0,3,5112.0,5116.0,1,5080.0,5090.0,5118.0,5086.0,172.0,8774560.0,9891
2023-05-09 21:04:15,sp2312,sp2312,5114.0,0.0,0.0,0.0,3,5112.0,5116.0,1,5080.0,5090.0,5118.0,5086.0,172.0,8774560.0,9891
2023-05-09 21:04:18,sp2312,sp2312,5114.0,0.0,0.0,0.0,3,5112.0,5120.0,5,5080.0,5090.0,5118.0,5086.0,172.0,8774560.0,9891
2023-05-09 21:04:18,sp2312,sp2312,5114.0,0.0,0.0,0.0,3,5112.0,5120.0,6,5080.0,5090.0,5118.0,5086.0,172.0,8774560.0,9891
2023-05-09 21:04:19,sp2312,sp2312,5114.0,0.0,0.0,0.0,3,5112.0,5120.0,5,5080.0,5090.0,5118.0,5086.0,172.0,8774560.0,9891
2023-05-09 21:04:19,sp2312,sp2312,5112.0,1.0,51120.0,0.0,2,5112.0,5120.0,5,5080.0,5090.0,5118.0,5086.0,173.0,8825680.0,9891
2023-05-09 21:04:21,sp2312,sp2312,5112.0,1.0,51120.0,0.0,1,5112.0,5120.0,5,5080.0,5090.0,5118.0,5086.0,174.0,8876800.0,9891
2023-05-09 21:04:22,sp2312,sp2312,5112.0,0.0,0.0,0.0,1,5112.0,5120.0,6,5080.0,5090.0,5118.0,5086.0,174.0,8876800.0,9891
2023-05-09 21:04:22,sp2312,sp2312,5112.0,0.0,0.0,0.0,1,5112.0,5120.0,7,5080.0,5090.0,5118.0,5086.0,174.0,8876800.0,9891
2023-05-09 21:04:26,sp2312,sp2312,5112.0,0.0,0.0,0.0,1,5114.0,5120.0,6,5080.0,5090.0,5118.0,5086.0,174.0,8876800.0,9891
2023-05-09 21:04:26,sp2312,sp2312,5112.0,0.0,0.0,0.0,1,5114.0,5118.0,1,5080.0,5090.0,5118.0,5086.0,174.0,8876800.0,9891
2023-05-09 21:04:27,sp2312,sp2312,5112.0,0.0,0.0,0.0,1,5114.0,5118.0,2,5080.0,5090.0,5118.0,5086.0,174.0,8876800.0,9891
2023-05-09 21:04:27,sp2312,sp2312,5112.0,0.0,0.0,0.0,3,5112.0,5118.0,2,5080.0,5090.0,5118.0,5086.0,174.0,8876800.0,9891
2023-05-09 21:04:28,sp2312,sp2312,5112.0,0.0,0.0,0.0,3,5112.0,5118.0,2,5080.0,5090.0,5118.0,5086.0,174.0,8876800.0,9891
2023-05-09 21:04:30,sp2312,sp2312,5112.0,0.0,0.0,0.0,1,5112.0,5118.0,2,5080.0,5090.0,5118.0,5086.0,174.0,8876800.0,9891
2023-05-09 21:04:31,sp2312,sp2312,5112.0,0.0,0.0,0.0,1,5112.0,5116.0,2,5080.0,5090.0,5118.0,5086.0,174.0,8876800.0,9891
2023-05-09 21:04:31,sp2312,sp2312,5116.0,1.0,51160.0,0.0,1,5112.0,5116.0,1,5080.0,5090.0,5118.0,5086.0,175.0,8927960.0,9891
2023-05-09 21:04:32,sp2312,sp2312,5112.0,2.0,102280.0,0.0,2,5110.0,5118.0,2,5080.0,5090.0,5118.0,5086.0,177.0,9030240.0,9891
2023-05-09 21:04:32,sp2312,sp2312,5112.0,0.0,0.0,0.0,1,5112.0,5118.0,2,5080.0,5090.0,5118.0,5086.0,177.0,9030240.0,9891
2023-05-09 21:04:33,sp2312,sp2312,5112.0,0.0,0.0,0.0,1,5112.0,5118.0,3,5080.0,5090.0,5118.0,5086.0,177.0,9030240.0,9891
2023-05-09 21:04:33,sp2312,sp2312,5112.0,0.0,0.0,0.0,2,5112.0,5118.0,3,5080.0,5090.0,5118.0,5086.0,177.0,9030240.0,9891
2023-05-09 21:04:34,sp2312,sp2312,5112.0,0.0,0.0,0.0,2,5116.0,5118.0,3,5080.0,5090.0,5118.0,5086.0,177.0,9030240.0,9891
2023-05-09 21:04:34,sp2312,sp2312,5112.0,0.0,0.0,0.0,6,5116.0,5118.0,3,5080.0,5090.0,5118.0,5086.0,177.0,9030240.0,9891
2023-05-09 21:04:35,sp2312,sp2312,5112.0,0.0,0.0,0.0,6,5116.0,5118.0,2,5080.0,5090.0,5118.0,5086.0,177.0,9030240.0,9891
2023-05-09 21:04:35,sp2312,sp2312,5112.0,0.0,0.0,0.0,6,5116.0,5118.0,2,5080.0,5090.0,5118.0,5086.0,177.0,9030240.0,9891
2023-05-09 21:04:37,sp2312,sp2312,5112.0,0.0,0.0,0.0,6,5116.0,5118.0,2,5080.0,5090.0,5118.0,5086.0,177.0,9030240.0,9891
2023-05-09 21:04:37,sp2312,sp2312,5118.0,1.0,51180.0,0.0,6,5116.0,5118.0,1,5080.0,5090.0,5118.0,5086.0,178.0,9081420.0,9891
2023-05-09 21:04:38,sp2312,sp2312,5118.0,2.0,102360.0,1.0,4,5118.0,5120.0,3,5080.0,5090.0,5118.0,5086.0,180.0,9183780.0,9892
2023-05-09 21:04:38,sp2312,sp2312,5118.0,2.0,102360.0,0.0,2,5118.0,5120.0,3,5080.0,5090.0,5118.0,5086.0,182.0,9286140.0,9892
2023-05-09 21:04:39,sp2312,sp2312,5118.0,0.0,0.0,0.0,2,5118.0,5120.0,3,5080.0,5090.0,5118.0,5086.0,182.0,9286140.0,9892
2023-05-09 21:04:39,sp2312,sp2312,5118.0,0.0,0.0,0.0,2,5118.0,5120.0,3,5080.0,5090.0,5118.0,5086.0,182.0,9286140.0,9892
2023-05-09 21:04:40,sp2312,sp2312,5118.0,0.0,0.0,0.0,2,5118.0,5120.0,3,5080.0,5090.0,5118.0,5086.0,182.0,9286140.0,9892
2023-05-09 21:04:40,sp2312,sp2312,5118.0,1.0,51180.0,0.0,1,5118.0,5120.0,1,5080.0,5090.0,5118.0,5086.0,183.0,9337320.0,9892
2023-05-09 21:04:41,sp2312,sp2312,5120.0,1.0,51200.0,0.0,6,5116.0,5122.0,3,5080.0,5090.0,5120.0,5086.0,184.0,9388520.0,9892
2023-05-09 21:04:41,sp2312,sp2312,5120.0,0.0,0.0,0.0,6,5116.0,5122.0,3,5080.0,5090.0,5120.0,5086.0,184.0,9388520.0,9892
2023-05-09 21:04:42,sp2312,sp2312,5120.0,0.0,0.0,0.0,6,5116.0,5120.0,2,5080.0,5090.0,5120.0,5086.0,184.0,9388520.0,9892
2023-05-09 21:04:43,sp2312,sp2312,5120.0,0.0,0.0,0.0,6,5116.0,5120.0,2,5080.0,5090.0,5120.0,5086.0,184.0,9388520.0,9892
2023-05-09 21:04:44,sp2312,sp2312,5120.0,0.0,0.0,0.0,6,5116.0,5120.0,2,5080.0,5090.0,5120.0,5086.0,184.0,9388520.0,9892
2023-05-09 21:04:45,sp2312,sp2312,5120.0,0.0,0.0,0.0,6,5116.0,5120.0,3,5080.0,5090.0,5120.0,5086.0,184.0,9388520.0,9892
2023-05-09 21:04:48,sp2312,sp2312,5120.0,0.0,0.0,0.0,6,5116.0,5120.0,3,5080.0,5090.0,5120.0,5086.0,184.0,9388520.0,9892
2023-05-09 21:04:49,sp2312,sp2312,5120.0,0.0,0.0,0.0,6,5116.0,5120.0,3,5080.0,5090.0,5120.0,5086.0,184.0,9388520.0,9892
2023-05-09 21:04:50,sp2312,sp2312,5120.0,0.0,0.0,0.0,1,5118.0,5120.0,3,5080.0,5090.0,5120.0,5086.0,184.0,9388520.0,9892
2023-05-09 21:04:54,sp2312,sp2312,5118.0,1.0,51180.0,0.0,6,5116.0,5120.0,3,5080.0,5090.0,5120.0,5086.0,185.0,9439700.0,9892
2023-05-09 21:04:56,sp2312,sp2312,5118.0,0.0,0.0,0.0,6,5116.0,5120.0,4,5080.0,5090.0,5120.0,5086.0,185.0,9439700.0,9892
2023-05-09 21:04:57,sp2312,sp2312,5118.0,0.0,0.0,0.0,6,5116.0,5118.0,1,5080.0,5090.0,5120.0,5086.0,185.0,9439700.0,9892
2023-05-09 21:04:58,sp2312,sp2312,5118.0,0.0,0.0,0.0,6,5116.0,5118.0,1,5080.0,5090.0,5120.0,5086.0,185.0,9439700.0,9892
2023-05-09 21:05:00,sp2312,sp2312,5118.0,0.0,0.0,0.0,3,5114.0,5118.0,1,5080.0,5090.0,5120.0,5086.0,185.0,9439700.0,9892
2023-05-09 21:05:00,sp2312,sp2312,5118.0,0.0,0.0,0.0,3,5114.0,5118.0,1,5080.0,5090.0,5120.0,5086.0,185.0,9439700.0,9892
2023-05-09 21:05:02,sp2312,sp2312,5118.0,0.0,0.0,0.0,16,5112.0,5118.0,1,5080.0,5090.0,5120.0,5086.0,185.0,9439700.0,9892
2023-05-09 21:05:02,sp2312,sp2312,5118.0,0.0,0.0,0.0,1,5114.0,5118.0,1,5080.0,5090.0,5120.0,5086.0,185.0,9439700.0,9892
2023-05-09 21:05:03,sp2312,sp2312,5118.0,0.0,0.0,0.0,17,5112.0,5118.0,3,5080.0,5090.0,5120.0,5086.0,185.0,9439700.0,9892
2023-05-09 21:05:05,sp2312,sp2312,5118.0,0.0,0.0,0.0,6,5116.0,5118.0,3,5080.0,5090.0,5120.0,5086.0,185.0,9439700.0,9892
2023-05-09 21:05:07,sp2312,sp2312,5118.0,0.0,0.0,0.0,6,5116.0,5118.0,1,5080.0,5090.0,5120.0,5086.0,185.0,9439700.0,9892
2023-05-09 21:05:07,sp2312,sp2312,5118.0,1.0,51180.0,0.0,6,5116.0,5120.0,4,5080.0,5090.0,5120.0,5086.0,186.0,9490880.0,9892
2023-05-09 21:05:08,sp2312,sp2312,5118.0,0.0,0.0,0.0,6,5116.0,5120.0,4,5080.0,5090.0,5120.0,5086.0,186.0,9490880.0,9892
2023-05-09 21:05:09,sp2312,sp2312,5118.0,0.0,0.0,0.0,6,5116.0,5120.0,4,5080.0,5090.0,5120.0,5086.0,186.0,9490880.0,9892
2023-05-09 21:05:14,sp2312,sp2312,5118.0,0.0,0.0,0.0,6,5116.0,5120.0,4,5080.0,5090.0,5120.0,5086.0,186.0,9490880.0,9892
2023-05-09 21:05:14,sp2312,sp2312,5118.0,0.0,0.0,0.0,6,5116.0,5120.0,4,5080.0,5090.0,5120.0,5086.0,186.0,9490880.0,9892
2023-05-09 21:05:16,sp2312,sp2312,5118.0,0.0,0.0,0.0,1,5114.0,5120.0,4,5080.0,5090.0,5120.0,5086.0,186.0,9490880.0,9892
2023-05-09 21:05:17,sp2312,sp2312,5118.0,0.0,0.0,0.0,6,5116.0,5120.0,4,5080.0,5090.0,5120.0,5086.0,186.0,9490880.0,9892
2023-05-09 21:05:20,sp2312,sp2312,5118.0,0.0,0.0,0.0,6,5116.0,5120.0,5,5080.0,5090.0,5120.0,5086.0,186.0,9490880.0,9892
2023-05-09 21:05:24,sp2312,sp2312,5118.0,0.0,0.0,0.0,6,5116.0,5120.0,5,5080.0,5090.0,5120.0,5086.0,186.0,9490880.0,9892
2023-05-09 21:05:24,sp2312,sp2312,5118.0,0.0,0.0,0.0,6,5116.0,5120.0,5,5080.0,5090.0,5120.0,5086.0,186.0,9490880.0,9892
2023-05-09 21:05:26,sp2312,sp2312,5122.0,6.0,307220.0,0.0,1,5120.0,5122.0,2,5080.0,5090.0,5122.0,5086.0,192.0,9798100.0,9892
2023-05-09 21:05:26,sp2312,sp2312,5122.0,0.0,0.0,0.0,2,5118.0,5120.0,5,5080.0,5090.0,5122.0,5086.0,192.0,9798100.0,9892
2023-05-09 21:05:27,sp2312,sp2312,5122.0,1.0,51220.0,1.0,1,5120.0,5122.0,1,5080.0,5090.0,5122.0,5086.0,193.0,9849320.0,9893
2023-05-09 21:05:29,sp2312,sp2312,5122.0,0.0,0.0,0.0,2,5118.0,5120.0,5,5080.0,5090.0,5122.0,5086.0,193.0,9849320.0,9893
2023-05-09 21:05:29,sp2312,sp2312,5122.0,1.0,51220.0,0.0,2,5118.0,5120.0,4,5080.0,5090.0,5122.0,5086.0,194.0,9900540.0,9893
2023-05-09 21:05:30,sp2312,sp2312,5122.0,0.0,0.0,0.0,2,5118.0,5120.0,4,5080.0,5090.0,5122.0,5086.0,194.0,9900540.0,9893
2023-05-09 21:05:31,sp2312,sp2312,5122.0,0.0,0.0,0.0,2,5118.0,5122.0,2,5080.0,5090.0,5122.0,5086.0,194.0,9900540.0,9893
2023-05-09 21:05:32,sp2312,sp2312,5122.0,0.0,0.0,0.0,2,5120.0,5122.0,2,5080.0,5090.0,5122.0,5086.0,194.0,9900540.0,9893
2023-05-09 21:05:35,sp2312,sp2312,5120.0,1.0,51200.0,1.0,1,5120.0,5122.0,2,5080.0,5090.0,5122.0,5086.0,195.0,9951740.0,9894
2023-05-09 21:05:35,sp2312,sp2312,5120.0,1.0,51200.0,0.0,2,5118.0,5122.0,2,5080.0,5090.0,5122.0,5086.0,196.0,10002940.0,9894
2023-05-09 21:05:36,sp2312,sp2312,5120.0,0.0,0.0,0.0,2,5120.0,5122.0,2,5080.0,5090.0,5122.0,5086.0,196.0,10002940.0,9894
2023-05-09 21:05:37,sp2312,sp2312,5122.0,1.0,51220.0,0.0,2,5120.0,5122.0,1,5080.0,5090.0,5122.0,5086.0,197.0,10054160.0,9894
2023-05-09 21:05:38,sp2312,sp2312,5122.0,0.0,0.0,0.0,2,5120.0,5122.0,1,5080.0,5090.0,5122.0,5086.0,197.0,10054160.0,9894
2023-05-09 21:05:38,sp2312,sp2312,5122.0,1.0,51220.0,0.0,3,5122.0,5124.0,2,5080.0,5090.0,5122.0,5086.0,198.0,10105380.0,9894
2023-05-09 21:05:39,sp2312,sp2312,5122.0,0.0,0.0,0.0,3,5122.0,5124.0,2,5080.0,5090.0,5122.0,5086.0,198.0,10105380.0,9894
2023-05-09 21:05:39,sp2312,sp2312,5122.0,0.0,0.0,0.0,3,5122.0,5124.0,2,5080.0,5090.0,5122.0,5086.0,198.0,10105380.0,9894
2023-05-09 21:05:40,sp2312,sp2312,5122.0,2.0,102460.0,2.0,2,5122.0,5124.0,1,5080.0,5090.0,5124.0,5086.0,200.0,10207840.0,9896
2023-05-09 21:05:41,sp2312,sp2312,5124.0,1.0,51240.0,1.0,1,5124.0,5126.0,3,5080.0,5090.0,5124.0,5086.0,201.0,10259080.0,9897
2023-05-09 21:05:41,sp2312,sp2312,5124.0,0.0,0.0,0.0,1,5124.0,5126.0,3,5080.0,5090.0,5124.0,5086.0,201.0,10259080.0,9897
2023-05-09 21:05:42,sp2312,sp2312,5124.0,0.0,0.0,0.0,1,5124.0,5126.0,3,5080.0,5090.0,5124.0,5086.0,201.0,10259080.0,9897
2023-05-09 21:05:42,sp2312,sp2312,5124.0,0.0,0.0,0.0,1,5124.0,5126.0,1,5080.0,5090.0,5124.0,5086.0,201.0,10259080.0,9897
2023-05-09 21:05:43,sp2312,sp2312,5126.0,1.0,51260.0,0.0,4,5122.0,5128.0,9,5080.0,5090.0,5126.0,5086.0,202.0,10310340.0,9897
2023-05-09 21:05:43,sp2312,sp2312,5126.0,0.0,0.0,0.0,4,5122.0,5124.0,1,5080.0,5090.0,5126.0,5086.0,202.0,10310340.0,9897
2023-05-09 21:05:44,sp2312,sp2312,5124.0,1.0,51240.0,-1.0,1,5124.0,5128.0,9,5080.0,5090.0,5126.0,5086.0,203.0,10361580.0,9896
2023-05-09 21:05:44,sp2312,sp2312,5124.0,0.0,0.0,0.0,1,5124.0,5128.0,11,5080.0,5090.0,5126.0,5086.0,203.0,10361580.0,9896
2023-05-09 21:05:45,sp2312,sp2312,5124.0,0.0,0.0,0.0,5,5124.0,5128.0,11,5080.0,5090.0,5126.0,5086.0,203.0,10361580.0,9896
2023-05-09 21:05:45,sp2312,sp2312,5124.0,1.0,51240.0,-1.0,4,5124.0,5128.0,11,5080.0,5090.0,5126.0,5086.0,204.0,10412820.0,9895
2023-05-09 21:05:47,sp2312,sp2312,5124.0,0.0,0.0,0.0,5,5124.0,5128.0,11,5080.0,5090.0,5126.0,5086.0,204.0,10412820.0,9895
2023-05-09 21:05:49,sp2312,sp2312,5124.0,1.0,51240.0,1.0,4,5124.0,5128.0,11,5080.0,5090.0,5126.0,5086.0,205.0,10464060.0,9896
2023-05-09 21:05:50,sp2312,sp2312,5124.0,0.0,0.0,0.0,4,5124.0,5126.0,1,5080.0,5090.0,5126.0,5086.0,205.0,10464060.0,9896
2023-05-09 21:05:51,sp2312,sp2312,5124.0,0.0,0.0,0.0,4,5124.0,5126.0,1,5080.0,5090.0,5126.0,5086.0,205.0,10464060.0,9896
2023-05-09 21:05:52,sp2312,sp2312,5124.0,0.0,0.0,0.0,1,5124.0,5126.0,2,5080.0,5090.0,5126.0,5086.0,205.0,10464060.0,9896
2023-05-09 21:05:54,sp2312,sp2312,5124.0,1.0,51240.0,0.0,2,5122.0,5126.0,2,5080.0,5090.0,5126.0,5086.0,206.0,10515300.0,9896
2023-05-09 21:05:55,sp2312,sp2312,5124.0,0.0,0.0,0.0,2,5122.0,5124.0,1,5080.0,5090.0,5126.0,5086.0,206.0,10515300.0,9896
2023-05-09 21:05:56,sp2312,sp2312,5124.0,1.0,51240.0,0.0,2,5122.0,5126.0,2,5080.0,5090.0,5126.0,5086.0,207.0,10566540.0,9896
2023-05-09 21:05:56,sp2312,sp2312,5124.0,0.0,0.0,0.0,2,5122.0,5126.0,2,5080.0,5090.0,5126.0,5086.0,207.0,10566540.0,9896
2023-05-09 21:05:57,sp2312,sp2312,5124.0,0.0,0.0,0.0,1,5124.0,5126.0,2,5080.0,5090.0,5126.0,5086.0,207.0,10566540.0,9896
2023-05-09 21:05:58,sp2312,sp2312,5126.0,1.0,51260.0,0.0,3,5122.0,5126.0,1,5080.0,5090.0,5126.0,5086.0,208.0,10617800.0,9896
2023-05-09 21:05:59,sp2312,sp2312,5126.0,0.0,0.0,0.0,3,5122.0,5126.0,1,5080.0,5090.0,5126.0,5086.0,208.0,10617800.0,9896
2023-05-09 21:05:59,sp2312,sp2312,5126.0,0.0,0.0,0.0,2,5122.0,5124.0,6,5080.0,5090.0,5126.0,5086.0,208.0,10617800.0,9896
2023-05-09 21:06:00,sp2312,sp2312,5126.0,1.0,51260.0,1.0,2,5122.0,5124.0,5,5080.0,5090.0,5126.0,5086.0,209.0,10669060.0,9897
2023-05-09 21:06:00,sp2312,sp2312,5126.0,1.0,51260.0,0.0,1,5124.0,5128.0,10,5080.0,5090.0,5126.0,5086.0,210.0,10720320.0,9897
2023-05-09 21:06:01,sp2312,sp2312,5126.0,0.0,0.0,0.0,1,5124.0,5126.0,1,5080.0,5090.0,5126.0,5086.0,210.0,10720320.0,9897
2023-05-09 21:06:01,sp2312,sp2312,5124.0,1.0,51240.0,-1.0,2,5122.0,5124.0,5,5080.0,5090.0,5126.0,5086.0,211.0,10771560.0,9896
2023-05-09 21:06:02,sp2312,sp2312,5126.0,1.0,51260.0,0.0,1,5124.0,5128.0,11,5080.0,5090.0,5126.0,5086.0,212.0,10822820.0,9896
2023-05-09 21:06:02,sp2312,sp2312,5126.0,0.0,0.0,0.0,4,5126.0,5128.0,11,5080.0,5090.0,5126.0,5086.0,212.0,10822820.0,9896
2023-05-09 21:06:04,sp2312,sp2312,5126.0,0.0,0.0,0.0,4,5126.0,5128.0,5,5080.0,5090.0,5126.0,5086.0,212.0,10822820.0,9896
2023-05-09 21:06:05,sp2312,sp2312,5128.0,5.0,256400.0,1.0,11,5126.0,5130.0,1,5080.0,5090.0,5128.0,5086.0,217.0,11079220.0,9897
2023-05-09 21:06:05,sp2312,sp2312,5130.0,1.0,51300.0,0.0,10,5130.0,5134.0,1,5080.0,5090.0,5130.0,5086.0,218.0,11130520.0,9897
2023-05-09 21:06:06,sp2312,sp2312,5134.0,1.0,51340.0,0.0,9,5134.0,5136.0,6,5080.0,5090.0,5134.0,5086.0,219.0,11181860.0,9897
2023-05-09 21:06:06,sp2312,sp2312,5134.0,0.0,0.0,0.0,9,5134.0,5136.0,7,5080.0,5090.0,5134.0,5086.0,219.0,11181860.0,9897
2023-05-09 21:06:07,sp2312,sp2312,5134.0,5.0,256700.0,0.0,4,5134.0,5136.0,6,5080.0,5090.0,5134.0,5086.0,224.0,11438560.0,9897
2023-05-09 21:06:09,sp2312,sp2312,5134.0,0.0,0.0,0.0,4,5134.0,5138.0,1,5080.0,5090.0,5134.0,5086.0,224.0,11438560.0,9897
2023-05-09 21:06:09,sp2312,sp2312,5134.0,0.0,0.0,0.0,4,5134.0,5136.0,6,5080.0,5090.0,5134.0,5086.0,224.0,11438560.0,9897
2023-05-09 21:06:10,sp2312,sp2312,5136.0,4.0,205440.0,4.0,2,5130.0,5136.0,2,5080.0,5090.0,5136.0,5086.0,228.0,11644000.0,9901
2023-05-09 21:06:10,sp2312,sp2312,5136.0,0.0,0.0,0.0,5,5132.0,5136.0,3,5080.0,5090.0,5136.0,5086.0,228.0,11644000.0,9901
2023-05-09 21:06:11,sp2312,sp2312,5136.0,0.0,0.0,0.0,5,5132.0,5134.0,1,5080.0,5090.0,5136.0,5086.0,228.0,11644000.0,9901
2023-05-09 21:06:11,sp2312,sp2312,5136.0,0.0,0.0,0.0,1,5130.0,5134.0,1,5080.0,5090.0,5136.0,5086.0,228.0,11644000.0,9901
2023-05-09 21:06:12,sp2312,sp2312,5134.0,1.0,51340.0,-1.0,1,5130.0,5136.0,3,5080.0,5090.0,5136.0,5086.0,229.0,11695340.0,9900
2023-05-09 21:06:12,sp2312,sp2312,5134.0,0.0,0.0,0.0,1,5130.0,5136.0,4,5080.0,5090.0,5136.0,5086.0,229.0,11695340.0,9900
2023-05-09 21:06:13,sp2312,sp2312,5134.0,0.0,0.0,0.0,1,5130.0,5132.0,2,5080.0,5090.0,5136.0,5086.0,229.0,11695340.0,9900
2023-05-09 21:06:13,sp2312,sp2312,5134.0,0.0,0.0,0.0,1,5130.0,5132.0,2,5080.0,5090.0,5136.0,5086.0,229.0,11695340.0,9900
2023-05-09 21:06:14,sp2312,sp2312,5134.0,0.0,0.0,0.0,1,5130.0,5132.0,2,5080.0,5090.0,5136.0,5086.0,229.0,11695340.0,9900
2023-05-09 21:06:14,sp2312,sp2312,5134.0,0.0,0.0,0.0,1,5130.0,5132.0,2,5080.0,5090.0,5136.0,5086.0,229.0,11695340.0,9900
2023-05-09 21:06:15,sp2312,sp2312,5132.0,1.0,51320.0,0.0,1,5130.0,5132.0,2,5080.0,5090.0,5136.0,5086.0,230.0,11746660.0,9900
2023-05-09 21:06:16,sp2312,sp2312,5132.0,0.0,0.0,0.0,4,5128.0,5132.0,1,5080.0,5090.0,5136.0,5086.0,230.0,11746660.0,9900
2023-05-09 21:06:16,sp2312,sp2312,5132.0,0.0,0.0,0.0,4,5128.0,5132.0,1,5080.0,5090.0,5136.0,5086.0,230.0,11746660.0,9900
2023-05-09 21:06:17,sp2312,sp2312,5132.0,0.0,0.0,0.0,5,5132.0,5136.0,4,5080.0,5090.0,5136.0,5086.0,230.0,11746660.0,9900
2023-05-09 21:06:17,sp2312,sp2312,5132.0,0.0,0.0,0.0,6,5128.0,5136.0,5,5080.0,5090.0,5136.0,5086.0,230.0,11746660.0,9900
2023-05-09 21:06:18,sp2312,sp2312,5132.0,0.0,0.0,0.0,5,5128.0,5132.0,1,5080.0,5090.0,5136.0,5086.0,230.0,11746660.0,9900
2023-05-09 21:06:18,sp2312,sp2312,5132.0,0.0,0.0,0.0,5,5128.0,5132.0,1,5080.0,5090.0,5136.0,5086.0,230.0,11746660.0,9900
2023-05-09 21:06:19,sp2312,sp2312,5132.0,0.0,0.0,0.0,5,5132.0,5136.0,4,5080.0,5090.0,5136.0,5086.0,230.0,11746660.0,9900
2023-05-09 21:06:19,sp2312,sp2312,5132.0,0.0,0.0,0.0,6,5128.0,5132.0,1,5080.0,5090.0,5136.0,5086.0,230.0,11746660.0,9900
2023-05-09 21:06:20,sp2312,sp2312,5132.0,0.0,0.0,0.0,1,5132.0,5136.0,2,5080.0,5090.0,5136.0,5086.0,230.0,11746660.0,9900
2023-05-09 21:06:20,sp2312,sp2312,5132.0,0.0,0.0,0.0,1,5132.0,5136.0,3,5080.0,5090.0,5136.0,5086.0,230.0,11746660.0,9900
2023-05-09 21:06:21,sp2312,sp2312,5132.0,0.0,0.0,0.0,1,5132.0,5136.0,3,5080.0,5090.0,5136.0,5086.0,230.0,11746660.0,9900
2023-05-09 21:06:21,sp2312,sp2312,5132.0,0.0,0.0,0.0,1,5132.0,5136.0,2,5080.0,5090.0,5136.0,5086.0,230.0,11746660.0,9900
2023-05-09 21:06:22,sp2312,sp2312,5132.0,0.0,0.0,0.0,2,5132.0,5136.0,2,5080.0,5090.0,5136.0,5086.0,230.0,11746660.0,9900
2023-05-09 21:06:22,sp2312,sp2312,5132.0,0.0,0.0,0.0,1,5134.0,5136.0,2,5080.0,5090.0,5136.0,5086.0,230.0,11746660.0,9900
2023-05-09 21:06:23,sp2312,sp2312,5132.0,0.0,0.0,0.0,1,5134.0,5136.0,2,5080.0,5090.0,5136.0,5086.0,230.0,11746660.0,9900
2023-05-09 21:06:23,sp2312,sp2312,5134.0,1.0,51340.0,0.0,2,5132.0,5136.0,2,5080.0,5090.0,5136.0,5086.0,231.0,11798000.0,9900
2023-05-09 21:06:24,sp2312,sp2312,5134.0,0.0,0.0,0.0,2,5132.0,5136.0,2,5080.0,5090.0,5136.0,5086.0,231.0,11798000.0,9900
2023-05-09 21:06:24,sp2312,sp2312,5134.0,0.0,0.0,0.0,2,5132.0,5136.0,2,5080.0,5090.0,5136.0,5086.0,231.0,11798000.0,9900
2023-05-09 21:06:25,sp2312,sp2312,5134.0,0.0,0.0,0.0,2,5132.0,5136.0,2,5080.0,5090.0,5136.0,5086.0,231.0,11798000.0,9900
2023-05-09 21:06:25,sp2312,sp2312,5132.0,1.0,51320.0,-1.0,5,5132.0,5136.0,2,5080.0,5090.0,5136.0,5086.0,232.0,11849320.0,9899
2023-05-09 21:06:26,sp2312,sp2312,5132.0,0.0,0.0,0.0,5,5128.0,5132.0,1,5080.0,5090.0,5136.0,5086.0,232.0,11849320.0,9899
2023-05-09 21:06:26,sp2312,sp2312,5132.0,0.0,0.0,0.0,5,5128.0,5136.0,2,5080.0,5090.0,5136.0,5086.0,232.0,11849320.0,9899
2023-05-09 21:06:27,sp2312,sp2312,5132.0,0.0,0.0,0.0,5,5132.0,5136.0,2,5080.0,5090.0,5136.0,5086.0,232.0,11849320.0,9899
2023-05-09 21:06:27,sp2312,sp2312,5132.0,0.0,0.0,0.0,5,5128.0,5136.0,2,5080.0,5090.0,5136.0,5086.0,232.0,11849320.0,9899
2023-05-09 21:06:28,sp2312,sp2312,5132.0,0.0,0.0,0.0,5,5128.0,5136.0,5,5080.0,5090.0,5136.0,5086.0,232.0,11849320.0,9899
2023-05-09 21:06:28,sp2312,sp2312,5132.0,0.0,0.0,0.0,9,5128.0,5136.0,5,5080.0,5090.0,5136.0,5086.0,232.0,11849320.0,9899
2023-05-09 21:06:29,sp2312,sp2312,5132.0,0.0,0.0,0.0,9,5128.0,5134.0,4,5080.0,5090.0,5136.0,5086.0,232.0,11849320.0,9899
2023-05-09 21:06:29,sp2312,sp2312,5132.0,0.0,0.0,0.0,9,5128.0,5134.0,4,5080.0,5090.0,5136.0,5086.0,232.0,11849320.0,9899
2023-05-09 21:06:31,sp2312,sp2312,5134.0,1.0,51340.0,1.0,9,5128.0,5134.0,3,5080.0,5090.0,5136.0,5086.0,233.0,11900660.0,9900
2023-05-09 21:06:32,sp2312,sp2312,5134.0,0.0,0.0,0.0,9,5128.0,5134.0,4,5080.0,5090.0,5136.0,5086.0,233.0,11900660.0,9900
2023-05-09 21:06:33,sp2312,sp2312,5134.0,0.0,0.0,0.0,5,5132.0,5134.0,4,5080.0,5090.0,5136.0,5086.0,233.0,11900660.0,9900
2023-05-09 21:06:33,sp2312,sp2312,5134.0,0.0,0.0,0.0,5,5132.0,5134.0,4,5080.0,5090.0,5136.0,5086.0,233.0,11900660.0,9900
2023-05-09 21:06:34,sp2312,sp2312,5132.0,1.0,51320.0,-1.0,4,5132.0,5134.0,1,5080.0,5090.0,5136.0,5086.0,234.0,11951980.0,9899
2023-05-09 21:06:35,sp2312,sp2312,5132.0,0.0,0.0,0.0,4,5132.0,5134.0,1,5080.0,5090.0,5136.0,5086.0,234.0,11951980.0,9899
2023-05-09 21:06:36,sp2312,sp2312,5132.0,0.0,0.0,0.0,5,5132.0,5134.0,1,5080.0,5090.0,5136.0,5086.0,234.0,11951980.0,9899
2023-05-09 21:06:38,sp2312,sp2312,5132.0,0.0,0.0,0.0,5,5132.0,5134.0,1,5080.0,5090.0,5136.0,5086.0,234.0,11951980.0,9899
2023-05-09 21:06:39,sp2312,sp2312,5132.0,0.0,0.0,0.0,5,5132.0,5134.0,1,5080.0,5090.0,5136.0,5086.0,234.0,11951980.0,9899
2023-05-09 21:06:41,sp2312,sp2312,5134.0,1.0,51340.0,0.0,3,5134.0,5136.0,2,5080.0,5090.0,5136.0,5086.0,235.0,12003320.0,9899
2023-05-09 21:06:41,sp2312,sp2312,5134.0,1.0,51340.0,0.0,2,5134.0,5136.0,3,5080.0,5090.0,5136.0,5086.0,236.0,12054660.0,9899
2023-05-09 21:06:42,sp2312,sp2312,5134.0,0.0,0.0,0.0,2,5134.0,5136.0,3,5080.0,5090.0,5136.0,5086.0,236.0,12054660.0,9899
2023-05-09 21:06:45,sp2312,sp2312,5134.0,1.0,51340.0,0.0,1,5134.0,5136.0,3,5080.0,5090.0,5136.0,5086.0,237.0,12106000.0,9899
2023-05-09 21:06:46,sp2312,sp2312,5134.0,1.0,51340.0,0.0,5,5132.0,5136.0,3,5080.0,5090.0,5136.0,5086.0,238.0,12157340.0,9899
2023-05-09 21:06:47,sp2312,sp2312,5134.0,0.0,0.0,0.0,1,5132.0,5136.0,3,5080.0,5090.0,5136.0,5086.0,238.0,12157340.0,9899
2023-05-09 21:06:48,sp2312,sp2312,5134.0,0.0,0.0,0.0,4,5128.0,5136.0,4,5080.0,5090.0,5136.0,5086.0,238.0,12157340.0,9899
2023-05-09 21:06:49,sp2312,sp2312,5134.0,0.0,0.0,0.0,4,5128.0,5134.0,1,5080.0,5090.0,5136.0,5086.0,238.0,12157340.0,9899
2023-05-09 21:06:49,sp2312,sp2312,5134.0,0.0,0.0,0.0,4,5128.0,5134.0,1,5080.0,5090.0,5136.0,5086.0,238.0,12157340.0,9899
2023-05-09 21:06:51,sp2312,sp2312,5134.0,0.0,0.0,0.0,4,5128.0,5132.0,2,5080.0,5090.0,5136.0,5086.0,238.0,12157340.0,9899
2023-05-09 21:06:51,sp2312,sp2312,5134.0,0.0,0.0,0.0,4,5128.0,5132.0,3,5080.0,5090.0,5136.0,5086.0,238.0,12157340.0,9899
2023-05-09 21:06:52,sp2312,sp2312,5134.0,0.0,0.0,0.0,4,5128.0,5132.0,3,5080.0,5090.0,5136.0,5086.0,238.0,12157340.0,9899
2023-05-09 21:06:56,sp2312,sp2312,5134.0,0.0,0.0,0.0,1,5126.0,5132.0,3,5080.0,5090.0,5136.0,5086.0,238.0,12157340.0,9899
2023-05-09 21:06:57,sp2312,sp2312,5134.0,0.0,0.0,0.0,1,5126.0,5132.0,3,5080.0,5090.0,5136.0,5086.0,238.0,12157340.0,9899
2023-05-09 21:06:58,sp2312,sp2312,5134.0,0.0,0.0,0.0,1,5126.0,5132.0,3,5080.0,5090.0,5136.0,5086.0,238.0,12157340.0,9899
2023-05-09 21:06:59,sp2312,sp2312,5134.0,0.0,0.0,0.0,1,5130.0,5132.0,3,5080.0,5090.0,5136.0,5086.0,238.0,12157340.0,9899
2023-05-09 21:07:00,sp2312,sp2312,5130.0,1.0,51300.0,0.0,2,5126.0,5132.0,3,5080.0,5090.0,5136.0,5086.0,239.0,12208640.0,9899
2023-05-09 21:07:00,sp2312,sp2312,5130.0,0.0,0.0,0.0,2,5126.0,5128.0,2,5080.0,5090.0,5136.0,5086.0,239.0,12208640.0,9899
2023-05-09 21:07:01,sp2312,sp2312,5130.0,0.0,0.0,0.0,2,5126.0,5128.0,2,5080.0,5090.0,5136.0,5086.0,239.0,12208640.0,9899
2023-05-09 21:07:01,sp2312,sp2312,5130.0,0.0,0.0,0.0,2,5126.0,5128.0,2,5080.0,5090.0,5136.0,5086.0,239.0,12208640.0,9899
2023-05-09 21:07:02,sp2312,sp2312,5126.0,1.0,51260.0,-1.0,1,5126.0,5128.0,2,5080.0,5090.0,5136.0,5086.0,240.0,12259900.0,9898
2023-05-09 21:07:02,sp2312,sp2312,5124.0,3.0,153740.0,0.0,1,5122.0,5126.0,2,5080.0,5090.0,5136.0,5086.0,243.0,12413640.0,9898
2023-05-09 21:07:03,sp2312,sp2312,5124.0,0.0,0.0,0.0,1,5122.0,5126.0,2,5080.0,5090.0,5136.0,5086.0,243.0,12413640.0,9898
2023-05-09 21:07:03,sp2312,sp2312,5124.0,0.0,0.0,0.0,1,5122.0,5126.0,4,5080.0,5090.0,5136.0,5086.0,243.0,12413640.0,9898
2023-05-09 21:07:04,sp2312,sp2312,5124.0,0.0,0.0,0.0,1,5122.0,5126.0,4,5080.0,5090.0,5136.0,5086.0,243.0,12413640.0,9898
2023-05-09 21:07:04,sp2312,sp2312,5124.0,0.0,0.0,0.0,1,5122.0,5126.0,5,5080.0,5090.0,5136.0,5086.0,243.0,12413640.0,9898
2023-05-09 21:07:05,sp2312,sp2312,5124.0,0.0,0.0,0.0,1,5122.0,5126.0,4,5080.0,5090.0,5136.0,5086.0,243.0,12413640.0,9898
2023-05-09 21:07:05,sp2312,sp2312,5124.0,0.0,0.0,0.0,1,5122.0,5124.0,2,5080.0,5090.0,5136.0,5086.0,243.0,12413640.0,9898
2023-05-09 21:07:06,sp2312,sp2312,5122.0,1.0,51220.0,0.0,6,5116.0,5124.0,2,5080.0,5090.0,5136.0,5086.0,244.0,12464860.0,9898
2023-05-09 21:07:06,sp2312,sp2312,5122.0,0.0,0.0,0.0,6,5116.0,5124.0,3,5080.0,5090.0,5136.0,5086.0,244.0,12464860.0,9898
2023-05-09 21:07:07,sp2312,sp2312,5122.0,0.0,0.0,0.0,6,5116.0,5124.0,4,5080.0,5090.0,5136.0,5086.0,244.0,12464860.0,9898
2023-05-09 21:07:07,sp2312,sp2312,5122.0,0.0,0.0,0.0,6,5116.0,5124.0,4,5080.0,5090.0,5136.0,5086.0,244.0,12464860.0,9898
2023-05-09 21:07:08,sp2312,sp2312,5122.0,0.0,0.0,0.0,6,5116.0,5124.0,4,5080.0,5090.0,5136.0,5086.0,244.0,12464860.0,9898
2023-05-09 21:07:09,sp2312,sp2312,5122.0,0.0,0.0,0.0,7,5116.0,5124.0,4,5080.0,5090.0,5136.0,5086.0,244.0,12464860.0,9898
2023-05-09 21:07:09,sp2312,sp2312,5122.0,0.0,0.0,0.0,7,5116.0,5124.0,4,5080.0,5090.0,5136.0,5086.0,244.0,12464860.0,9898
2023-05-09 21:07:10,sp2312,sp2312,5122.0,0.0,0.0,0.0,7,5116.0,5124.0,4,5080.0,5090.0,5136.0,5086.0,244.0,12464860.0,9898
2023-05-09 21:07:10,sp2312,sp2312,5122.0,0.0,0.0,0.0,7,5116.0,5124.0,4,5080.0,5090.0,5136.0,5086.0,244.0,12464860.0,9898
2023-05-09 21:07:11,sp2312,sp2312,5122.0,0.0,0.0,0.0,7,5116.0,5124.0,4,5080.0,5090.0,5136.0,5086.0,244.0,12464860.0,9898
2023-05-09 21:07:11,sp2312,sp2312,5122.0,0.0,0.0,0.0,7,5116.0,5124.0,4,5080.0,5090.0,5136.0,5086.0,244.0,12464860.0,9898
2023-05-09 21:07:12,sp2312,sp2312,5122.0,0.0,0.0,0.0,1,5116.0,5122.0,5,5080.0,5090.0,5136.0,5086.0,244.0,12464860.0,9898
2023-05-09 21:07:12,sp2312,sp2312,5122.0,0.0,0.0,0.0,1,5116.0,5120.0,4,5080.0,5090.0,5136.0,5086.0,244.0,12464860.0,9898
2023-05-09 21:07:13,sp2312,sp2312,5116.0,1.0,51160.0,0.0,1,5114.0,5120.0,6,5080.0,5090.0,5136.0,5086.0,245.0,12516020.0,9898
2023-05-09 21:07:13,sp2312,sp2312,5116.0,0.0,0.0,0.0,1,5114.0,5116.0,2,5080.0,5090.0,5136.0,5086.0,245.0,12516020.0,9898
2023-05-09 21:07:14,sp2312,sp2312,5116.0,0.0,0.0,0.0,1,5114.0,5116.0,2,5080.0,5090.0,5136.0,5086.0,245.0,12516020.0,9898
2023-05-09 21:07:15,sp2312,sp2312,5116.0,0.0,0.0,0.0,1,5114.0,5116.0,2,5080.0,5090.0,5136.0,5086.0,245.0,12516020.0,9898
2023-05-09 21:07:16,sp2312,sp2312,5114.0,1.0,51140.0,0.0,7,5112.0,5114.0,1,5080.0,5090.0,5136.0,5086.0,246.0,12567160.0,9898
2023-05-09 21:07:16,sp2312,sp2312,5114.0,0.0,0.0,0.0,7,5112.0,5114.0,1,5080.0,5090.0,5136.0,5086.0,246.0,12567160.0,9898
2023-05-09 21:07:17,sp2312,sp2312,5112.0,1.0,51120.0,0.0,6,5112.0,5120.0,3,5080.0,5090.0,5136.0,5086.0,247.0,12618280.0,9898
2023-05-09 21:07:17,sp2312,sp2312,5112.0,0.0,0.0,0.0,6,5112.0,5116.0,1,5080.0,5090.0,5136.0,5086.0,247.0,12618280.0,9898
2023-05-09 21:07:18,sp2312,sp2312,5112.0,0.0,0.0,0.0,6,5112.0,5116.0,3,5080.0,5090.0,5136.0,5086.0,247.0,12618280.0,9898
2023-05-09 21:07:18,sp2312,sp2312,5112.0,0.0,0.0,0.0,6,5112.0,5116.0,3,5080.0,5090.0,5136.0,5086.0,247.0,12618280.0,9898
2023-05-09 21:07:19,sp2312,sp2312,5112.0,0.0,0.0,0.0,6,5112.0,5116.0,3,5080.0,5090.0,5136.0,5086.0,247.0,12618280.0,9898
2023-05-09 21:07:20,sp2312,sp2312,5116.0,3.0,153480.0,3.0,3,5116.0,5120.0,1,5080.0,5090.0,5136.0,5086.0,250.0,12771760.0,9901
2023-05-09 21:07:21,sp2312,sp2312,5116.0,0.0,0.0,0.0,3,5112.0,5118.0,6,5080.0,5090.0,5136.0,5086.0,250.0,12771760.0,9901
2023-05-09 21:07:21,sp2312,sp2312,5116.0,0.0,0.0,0.0,4,5112.0,5118.0,6,5080.0,5090.0,5136.0,5086.0,250.0,12771760.0,9901
2023-05-09 21:07:22,sp2312,sp2312,5116.0,0.0,0.0,0.0,4,5112.0,5116.0,3,5080.0,5090.0,5136.0,5086.0,250.0,12771760.0,9901
2023-05-09 21:07:23,sp2312,sp2312,5116.0,0.0,0.0,0.0,4,5112.0,5116.0,4,5080.0,5090.0,5136.0,5086.0,250.0,12771760.0,9901
2023-05-09 21:07:24,sp2312,sp2312,5116.0,0.0,0.0,0.0,4,5112.0,5116.0,4,5080.0,5090.0,5136.0,5086.0,250.0,12771760.0,9901
2023-05-09 21:07:26,sp2312,sp2312,5116.0,0.0,0.0,0.0,6,5112.0,5116.0,4,5080.0,5090.0,5136.0,5086.0,250.0,12771760.0,9901
2023-05-09 21:07:26,sp2312,sp2312,5116.0,0.0,0.0,0.0,6,5112.0,5116.0,4,5080.0,5090.0,5136.0,5086.0,250.0,12771760.0,9901
2023-05-09 21:07:27,sp2312,sp2312,5116.0,0.0,0.0,0.0,5,5112.0,5116.0,4,5080.0,5090.0,5136.0,5086.0,250.0,12771760.0,9901
2023-05-09 21:07:28,sp2312,sp2312,5114.0,1.0,51140.0,0.0,5,5112.0,5116.0,4,5080.0,5090.0,5136.0,5086.0,251.0,12822900.0,9901
2023-05-09 21:07:29,sp2312,sp2312,5114.0,0.0,0.0,0.0,5,5112.0,5116.0,3,5080.0,5090.0,5136.0,5086.0,251.0,12822900.0,9901
2023-05-09 21:07:30,sp2312,sp2312,5114.0,0.0,0.0,0.0,5,5112.0,5116.0,3,5080.0,5090.0,5136.0,5086.0,251.0,12822900.0,9901
2023-05-09 21:07:30,sp2312,sp2312,5112.0,3.0,153360.0,-3.0,2,5112.0,5116.0,3,5080.0,5090.0,5136.0,5086.0,254.0,12976260.0,9898
2023-05-09 21:07:31,sp2312,sp2312,5112.0,0.0,0.0,0.0,2,5112.0,5116.0,6,5080.0,5090.0,5136.0,5086.0,254.0,12976260.0,9898
2023-05-09 21:07:33,sp2312,sp2312,5112.0,0.0,0.0,0.0,2,5112.0,5116.0,7,5080.0,5090.0,5136.0,5086.0,254.0,12976260.0,9898
2023-05-09 21:07:33,sp2312,sp2312,5112.0,0.0,0.0,0.0,2,5112.0,5116.0,6,5080.0,5090.0,5136.0,5086.0,254.0,12976260.0,9898
2023-05-09 21:07:34,sp2312,sp2312,5112.0,0.0,0.0,0.0,2,5112.0,5118.0,2,5080.0,5090.0,5136.0,5086.0,254.0,12976260.0,9898
2023-05-09 21:07:34,sp2312,sp2312,5112.0,0.0,0.0,0.0,2,5112.0,5118.0,2,5080.0,5090.0,5136.0,5086.0,254.0,12976260.0,9898
2023-05-09 21:07:35,sp2312,sp2312,5112.0,0.0,0.0,0.0,2,5112.0,5116.0,6,5080.0,5090.0,5136.0,5086.0,254.0,12976260.0,9898
2023-05-09 21:07:36,sp2312,sp2312,5112.0,0.0,0.0,0.0,2,5112.0,5116.0,6,5080.0,5090.0,5136.0,5086.0,254.0,12976260.0,9898
2023-05-09 21:07:37,sp2312,sp2312,5112.0,0.0,0.0,0.0,2,5112.0,5116.0,6,5080.0,5090.0,5136.0,5086.0,254.0,12976260.0,9898
2023-05-09 21:07:38,sp2312,sp2312,5112.0,0.0,0.0,0.0,2,5112.0,5116.0,7,5080.0,5090.0,5136.0,5086.0,254.0,12976260.0,9898
2023-05-09 21:07:39,sp2312,sp2312,5112.0,0.0,0.0,0.0,2,5112.0,5116.0,7,5080.0,5090.0,5136.0,5086.0,254.0,12976260.0,9898
2023-05-09 21:07:40,sp2312,sp2312,5112.0,0.0,0.0,0.0,2,5112.0,5116.0,7,5080.0,5090.0,5136.0,5086.0,254.0,12976260.0,9898
2023-05-09 21:07:40,sp2312,sp2312,5112.0,0.0,0.0,0.0,2,5112.0,5114.0,5,5080.0,5090.0,5136.0,5086.0,254.0,12976260.0,9898
2023-05-09 21:07:41,sp2312,sp2312,5112.0,0.0,0.0,0.0,2,5112.0,5114.0,6,5080.0,5090.0,5136.0,5086.0,254.0,12976260.0,9898
2023-05-09 21:07:42,sp2312,sp2312,5112.0,1.0,51120.0,1.0,1,5112.0,5114.0,6,5080.0,5090.0,5136.0,5086.0,255.0,13027380.0,9899
2023-05-09 21:07:43,sp2312,sp2312,5112.0,0.0,0.0,0.0,1,5112.0,5116.0,6,5080.0,5090.0,5136.0,5086.0,255.0,13027380.0,9899
2023-05-09 21:07:43,sp2312,sp2312,5112.0,0.0,0.0,0.0,1,5112.0,5116.0,7,5080.0,5090.0,5136.0,5086.0,255.0,13027380.0,9899
2023-05-09 21:07:47,sp2312,sp2312,5112.0,0.0,0.0,0.0,1,5112.0,5114.0,5,5080.0,5090.0,5136.0,5086.0,255.0,13027380.0,9899
2023-05-09 21:07:47,sp2312,sp2312,5112.0,1.0,51120.0,1.0,1,5106.0,5112.0,5,5080.0,5090.0,5136.0,5086.0,256.0,13078500.0,9900
2023-05-09 21:07:48,sp2312,sp2312,5112.0,0.0,0.0,0.0,1,5108.0,5112.0,5,5080.0,5090.0,5136.0,5086.0,256.0,13078500.0,9900
2023-05-09 21:07:48,sp2312,sp2312,5112.0,0.0,0.0,0.0,1,5108.0,5116.0,5,5080.0,5090.0,5136.0,5086.0,256.0,13078500.0,9900
2023-05-09 21:07:49,sp2312,sp2312,5112.0,0.0,0.0,0.0,1,5108.0,5112.0,5,5080.0,5090.0,5136.0,5086.0,256.0,13078500.0,9900
2023-05-09 21:07:49,sp2312,sp2312,5112.0,0.0,0.0,0.0,1,5108.0,5112.0,5,5080.0,5090.0,5136.0,5086.0,256.0,13078500.0,9900
2023-05-09 21:07:50,sp2312,sp2312,5112.0,0.0,0.0,0.0,1,5112.0,5114.0,4,5080.0,5090.0,5136.0,5086.0,256.0,13078500.0,9900
2023-05-09 21:07:50,sp2312,sp2312,5112.0,0.0,0.0,0.0,1,5112.0,5114.0,1,5080.0,5090.0,5136.0,5086.0,256.0,13078500.0,9900
2023-05-09 21:07:51,sp2312,sp2312,5112.0,1.0,51120.0,0.0,1,5104.0,5112.0,5,5080.0,5090.0,5136.0,5086.0,257.0,13129620.0,9900
2023-05-09 21:07:51,sp2312,sp2312,5112.0,1.0,51120.0,-1.0,1,5110.0,5116.0,5,5080.0,5090.0,5136.0,5086.0,258.0,13180740.0,9899
2023-05-09 21:07:52,sp2312,sp2312,5112.0,0.0,0.0,0.0,1,5106.0,5116.0,5,5080.0,5090.0,5136.0,5086.0,258.0,13180740.0,9899
2023-05-09 21:07:52,sp2312,sp2312,5112.0,0.0,0.0,0.0,2,5108.0,5116.0,5,5080.0,5090.0,5136.0,5086.0,258.0,13180740.0,9899
2023-05-09 21:07:54,sp2312,sp2312,5112.0,0.0,0.0,0.0,2,5108.0,5116.0,6,5080.0,5090.0,5136.0,5086.0,258.0,13180740.0,9899
2023-05-09 21:07:55,sp2312,sp2312,5112.0,0.0,0.0,0.0,1,5110.0,5116.0,6,5080.0,5090.0,5136.0,5086.0,258.0,13180740.0,9899
2023-05-09 21:07:56,sp2312,sp2312,5112.0,0.0,0.0,0.0,1,5110.0,5116.0,5,5080.0,5090.0,5136.0,5086.0,258.0,13180740.0,9899
2023-05-09 21:07:57,sp2312,sp2312,5112.0,0.0,0.0,0.0,1,5110.0,5116.0,5,5080.0,5090.0,5136.0,5086.0,258.0,13180740.0,9899
2023-05-09 21:07:58,sp2312,sp2312,5112.0,0.0,0.0,0.0,1,5110.0,5116.0,5,5080.0,5090.0,5136.0,5086.0,258.0,13180740.0,9899
2023-05-09 21:07:59,sp2312,sp2312,5112.0,0.0,0.0,0.0,1,5110.0,5112.0,1,5080.0,5090.0,5136.0,5086.0,258.0,13180740.0,9899
2023-05-09 21:07:59,sp2312,sp2312,5112.0,1.0,51120.0,-1.0,1,5110.0,5116.0,5,5080.0,5090.0,5136.0,5086.0,259.0,13231860.0,9898
2023-05-09 21:08:00,sp2312,sp2312,5112.0,1.0,51120.0,0.0,1,5110.0,5118.0,1,5080.0,5090.0,5136.0,5086.0,260.0,13282980.0,9898
2023-05-09 21:08:00,sp2312,sp2312,5112.0,0.0,0.0,0.0,1,5110.0,5116.0,1,5080.0,5090.0,5136.0,5086.0,260.0,13282980.0,9898
2023-05-09 21:08:01,sp2312,sp2312,5112.0,0.0,0.0,0.0,1,5110.0,5116.0,1,5080.0,5090.0,5136.0,5086.0,260.0,13282980.0,9898
2023-05-09 21:08:06,sp2312,sp2312,5112.0,0.0,0.0,0.0,1,5110.0,5116.0,1,5080.0,5090.0,5136.0,5086.0,260.0,13282980.0,9898
2023-05-09 21:08:08,sp2312,sp2312,5112.0,0.0,0.0,0.0,1,5112.0,5116.0,1,5080.0,5090.0,5136.0,5086.0,260.0,13282980.0,9898
2023-05-09 21:08:08,sp2312,sp2312,5112.0,0.0,0.0,0.0,1,5112.0,5116.0,1,5080.0,5090.0,5136.0,5086.0,260.0,13282980.0,9898
2023-05-09 21:08:12,sp2312,sp2312,5112.0,0.0,0.0,0.0,1,5112.0,5118.0,2,5080.0,5090.0,5136.0,5086.0,260.0,13282980.0,9898
2023-05-09 21:08:13,sp2312,sp2312,5112.0,0.0,0.0,0.0,1,5112.0,5118.0,2,5080.0,5090.0,5136.0,5086.0,260.0,13282980.0,9898
2023-05-09 21:08:15,sp2312,sp2312,5112.0,0.0,0.0,0.0,1,5112.0,5118.0,2,5080.0,5090.0,5136.0,5086.0,260.0,13282980.0,9898
2023-05-09 21:08:16,sp2312,sp2312,5112.0,0.0,0.0,0.0,1,5114.0,5118.0,2,5080.0,5090.0,5136.0,5086.0,260.0,13282980.0,9898
2023-05-09 21:08:17,sp2312,sp2312,5112.0,0.0,0.0,0.0,1,5116.0,5118.0,2,5080.0,5090.0,5136.0,5086.0,260.0,13282980.0,9898
2023-05-09 21:08:18,sp2312,sp2312,5112.0,0.0,0.0,0.0,1,5114.0,5118.0,2,5080.0,5090.0,5136.0,5086.0,260.0,13282980.0,9898
2023-05-09 21:08:19,sp2312,sp2312,5112.0,0.0,0.0,0.0,1,5114.0,5118.0,2,5080.0,5090.0,5136.0,5086.0,260.0,13282980.0,9898
2023-05-09 21:08:20,sp2312,sp2312,5112.0,0.0,0.0,0.0,1,5116.0,5118.0,2,5080.0,5090.0,5136.0,5086.0,260.0,13282980.0,9898
2023-05-09 21:08:21,sp2312,sp2312,5112.0,0.0,0.0,0.0,1,5114.0,5118.0,2,5080.0,5090.0,5136.0,5086.0,260.0,13282980.0,9898
2023-05-09 21:08:21,sp2312,sp2312,5112.0,0.0,0.0,0.0,1,5116.0,5118.0,2,5080.0,5090.0,5136.0,5086.0,260.0,13282980.0,9898
2023-05-09 21:08:22,sp2312,sp2312,5112.0,0.0,0.0,0.0,2,5114.0,5118.0,2,5080.0,5090.0,5136.0,5086.0,260.0,13282980.0,9898
2023-05-09 21:08:22,sp2312,sp2312,5118.0,1.0,51180.0,0.0,2,5114.0,5118.0,1,5080.0,5090.0,5136.0,5086.0,261.0,13334160.0,9898
2023-05-09 21:08:23,sp2312,sp2312,5118.0,1.0,51180.0,0.0,2,5114.0,5120.0,7,5080.0,5090.0,5136.0,5086.0,262.0,13385340.0,9898
2023-05-09 21:08:23,sp2312,sp2312,5118.0,0.0,0.0,0.0,2,5114.0,5120.0,7,5080.0,5090.0,5136.0,5086.0,262.0,13385340.0,9898
2023-05-09 21:08:26,sp2312,sp2312,5120.0,1.0,51200.0,1.0,2,5114.0,5120.0,6,5080.0,5090.0,5136.0,5086.0,263.0,13436540.0,9899
2023-05-09 21:08:26,sp2312,sp2312,5120.0,0.0,0.0,0.0,2,5114.0,5120.0,6,5080.0,5090.0,5136.0,5086.0,263.0,13436540.0,9899
2023-05-09 21:08:27,sp2312,sp2312,5120.0,0.0,0.0,0.0,1,5116.0,5120.0,6,5080.0,5090.0,5136.0,5086.0,263.0,13436540.0,9899
2023-05-09 21:08:28,sp2312,sp2312,5120.0,0.0,0.0,0.0,1,5116.0,5120.0,6,5080.0,5090.0,5136.0,5086.0,263.0,13436540.0,9899
2023-05-09 21:08:29,sp2312,sp2312,5120.0,0.0,0.0,0.0,1,5118.0,5124.0,6,5080.0,5090.0,5136.0,5086.0,263.0,13436540.0,9899
2023-05-09 21:08:29,sp2312,sp2312,5120.0,0.0,0.0,0.0,1,5116.0,5120.0,6,5080.0,5090.0,5136.0,5086.0,263.0,13436540.0,9899
2023-05-09 21:08:30,sp2312,sp2312,5120.0,0.0,0.0,0.0,1,5118.0,5124.0,6,5080.0,5090.0,5136.0,5086.0,263.0,13436540.0,9899
2023-05-09 21:08:30,sp2312,sp2312,5120.0,0.0,0.0,0.0,1,5120.0,5122.0,1,5080.0,5090.0,5136.0,5086.0,263.0,13436540.0,9899
2023-05-09 21:08:31,sp2312,sp2312,5120.0,0.0,0.0,0.0,1,5118.0,5122.0,1,5080.0,5090.0,5136.0,5086.0,263.0,13436540.0,9899
2023-05-09 21:08:31,sp2312,sp2312,5120.0,0.0,0.0,0.0,1,5118.0,5122.0,1,5080.0,5090.0,5136.0,5086.0,263.0,13436540.0,9899
2023-05-09 21:08:33,sp2312,sp2312,5120.0,0.0,0.0,0.0,2,5118.0,5122.0,1,5080.0,5090.0,5136.0,5086.0,263.0,13436540.0,9899
2023-05-09 21:08:36,sp2312,sp2312,5120.0,0.0,0.0,0.0,1,5120.0,5124.0,6,5080.0,5090.0,5136.0,5086.0,263.0,13436540.0,9899
2023-05-09 21:08:45,sp2312,sp2312,5120.0,0.0,0.0,0.0,1,5120.0,5128.0,8,5080.0,5090.0,5136.0,5086.0,263.0,13436540.0,9899
2023-05-09 21:08:46,sp2312,sp2312,5120.0,0.0,0.0,0.0,2,5120.0,5126.0,1,5080.0,5090.0,5136.0,5086.0,263.0,13436540.0,9899
2023-05-09 21:08:47,sp2312,sp2312,5120.0,0.0,0.0,0.0,2,5120.0,5126.0,1,5080.0,5090.0,5136.0,5086.0,263.0,13436540.0,9899
2023-05-09 21:08:49,sp2312,sp2312,5120.0,1.0,51200.0,-1.0,1,5120.0,5126.0,1,5080.0,5090.0,5136.0,5086.0,264.0,13487740.0,9898
2023-05-09 21:08:51,sp2312,sp2312,5120.0,0.0,0.0,0.0,1,5120.0,5126.0,2,5080.0,5090.0,5136.0,5086.0,264.0,13487740.0,9898
2023-05-09 21:08:51,sp2312,sp2312,5120.0,0.0,0.0,0.0,1,5120.0,5126.0,1,5080.0,5090.0,5136.0,5086.0,264.0,13487740.0,9898
2023-05-09 21:08:52,sp2312,sp2312,5120.0,0.0,0.0,0.0,1,5120.0,5126.0,1,5080.0,5090.0,5136.0,5086.0,264.0,13487740.0,9898
2023-05-09 21:08:53,sp2312,sp2312,5120.0,0.0,0.0,0.0,1,5120.0,5126.0,2,5080.0,5090.0,5136.0,5086.0,264.0,13487740.0,9898
2023-05-09 21:08:54,sp2312,sp2312,5120.0,0.0,0.0,0.0,1,5120.0,5126.0,1,5080.0,5090.0,5136.0,5086.0,264.0,13487740.0,9898
2023-05-09 21:08:59,sp2312,sp2312,5120.0,0.0,0.0,0.0,1,5120.0,5126.0,2,5080.0,5090.0,5136.0,5086.0,264.0,13487740.0,9898
2023-05-09 21:09:02,sp2312,sp2312,5120.0,0.0,0.0,0.0,1,5120.0,5124.0,6,5080.0,5090.0,5136.0,5086.0,264.0,13487740.0,9898
2023-05-09 21:09:11,sp2312,sp2312,5120.0,0.0,0.0,0.0,1,5120.0,5122.0,1,5080.0,5090.0,5136.0,5086.0,264.0,13487740.0,9898
2023-05-09 21:09:11,sp2312,sp2312,5122.0,1.0,51220.0,1.0,2,5120.0,5124.0,6,5080.0,5090.0,5136.0,5086.0,265.0,13538960.0,9899
2023-05-09 21:09:12,sp2312,sp2312,5122.0,0.0,0.0,0.0,2,5120.0,5122.0,2,5080.0,5090.0,5136.0,5086.0,265.0,13538960.0,9899
2023-05-09 21:09:13,sp2312,sp2312,5122.0,0.0,0.0,0.0,2,5120.0,5122.0,1,5080.0,5090.0,5136.0,5086.0,265.0,13538960.0,9899
2023-05-09 21:09:13,sp2312,sp2312,5122.0,0.0,0.0,0.0,2,5120.0,5122.0,1,5080.0,5090.0,5136.0,5086.0,265.0,13538960.0,9899
2023-05-09 21:09:16,sp2312,sp2312,5122.0,1.0,51220.0,0.0,2,5120.0,5124.0,6,5080.0,5090.0,5136.0,5086.0,266.0,13590180.0,9899
2023-05-09 21:09:20,sp2312,sp2312,5122.0,0.0,0.0,0.0,2,5120.0,5124.0,6,5080.0,5090.0,5136.0,5086.0,266.0,13590180.0,9899
2023-05-09 21:09:26,sp2312,sp2312,5124.0,1.0,51240.0,1.0,2,5120.0,5124.0,5,5080.0,5090.0,5136.0,5086.0,267.0,13641420.0,9900
2023-05-09 21:09:27,sp2312,sp2312,5124.0,0.0,0.0,0.0,2,5120.0,5124.0,5,5080.0,5090.0,5136.0,5086.0,267.0,13641420.0,9900
2023-05-09 21:09:27,sp2312,sp2312,5124.0,0.0,0.0,0.0,2,5120.0,5124.0,5,5080.0,5090.0,5136.0,5086.0,267.0,13641420.0,9900
2023-05-09 21:09:28,sp2312,sp2312,5124.0,0.0,0.0,0.0,2,5120.0,5124.0,5,5080.0,5090.0,5136.0,5086.0,267.0,13641420.0,9900
2023-05-09 21:09:28,sp2312,sp2312,5124.0,0.0,0.0,0.0,1,5120.0,5124.0,5,5080.0,5090.0,5136.0,5086.0,267.0,13641420.0,9900
2023-05-09 21:09:29,sp2312,sp2312,5124.0,0.0,0.0,0.0,1,5120.0,5124.0,5,5080.0,5090.0,5136.0,5086.0,267.0,13641420.0,9900
2023-05-09 21:09:33,sp2312,sp2312,5124.0,0.0,0.0,0.0,1,5122.0,5124.0,5,5080.0,5090.0,5136.0,5086.0,267.0,13641420.0,9900
2023-05-09 21:09:40,sp2312,sp2312,5124.0,0.0,0.0,0.0,1,5122.0,5124.0,5,5080.0,5090.0,5136.0,5086.0,267.0,13641420.0,9900
2023-05-09 21:09:43,sp2312,sp2312,5124.0,0.0,0.0,0.0,1,5122.0,5126.0,1,5080.0,5090.0,5136.0,5086.0,267.0,13641420.0,9900
2023-05-09 21:09:45,sp2312,sp2312,5124.0,0.0,0.0,0.0,1,5122.0,5126.0,1,5080.0,5090.0,5136.0,5086.0,267.0,13641420.0,9900
2023-05-09 21:09:46,sp2312,sp2312,5124.0,0.0,0.0,0.0,1,5124.0,5126.0,1,5080.0,5090.0,5136.0,5086.0,267.0,13641420.0,9900
2023-05-09 21:09:47,sp2312,sp2312,5124.0,0.0,0.0,0.0,1,5124.0,5126.0,1,5080.0,5090.0,5136.0,5086.0,267.0,13641420.0,9900
2023-05-09 21:09:50,sp2312,sp2312,5124.0,1.0,51240.0,0.0,2,5122.0,5126.0,1,5080.0,5090.0,5136.0,5086.0,268.0,13692660.0,9900
2023-05-09 21:09:52,sp2312,sp2312,5124.0,0.0,0.0,0.0,1,5124.0,5126.0,1,5080.0,5090.0,5136.0,5086.0,268.0,13692660.0,9900
2023-05-09 21:09:55,sp2312,sp2312,5124.0,0.0,0.0,0.0,1,5124.0,5126.0,1,5080.0,5090.0,5136.0,5086.0,268.0,13692660.0,9900
2023-05-09 21:10:02,sp2312,sp2312,5124.0,1.0,51240.0,1.0,2,5122.0,5124.0,5,5080.0,5090.0,5136.0,5086.0,269.0,13743900.0,9901
2023-05-09 21:10:02,sp2312,sp2312,5124.0,0.0,0.0,0.0,2,5122.0,5124.0,5,5080.0,5090.0,5136.0,5086.0,269.0,13743900.0,9901
2023-05-09 21:10:05,sp2312,sp2312,5126.0,1.0,51260.0,0.0,1,5124.0,5128.0,7,5080.0,5090.0,5136.0,5086.0,270.0,13795160.0,9901
2023-05-09 21:10:06,sp2312,sp2312,5126.0,0.0,0.0,0.0,2,5122.0,5124.0,5,5080.0,5090.0,5136.0,5086.0,270.0,13795160.0,9901
2023-05-09 21:10:06,sp2312,sp2312,5126.0,0.0,0.0,0.0,2,5122.0,5124.0,5,5080.0,5090.0,5136.0,5086.0,270.0,13795160.0,9901
2023-05-09 21:10:07,sp2312,sp2312,5124.0,3.0,153720.0,3.0,2,5122.0,5124.0,2,5080.0,5090.0,5136.0,5086.0,273.0,13948880.0,9904
2023-05-09 21:10:08,sp2312,sp2312,5124.0,0.0,0.0,0.0,4,5124.0,5126.0,1,5080.0,5090.0,5136.0,5086.0,273.0,13948880.0,9904
2023-05-09 21:10:09,sp2312,sp2312,5124.0,0.0,0.0,0.0,4,5124.0,5126.0,1,5080.0,5090.0,5136.0,5086.0,273.0,13948880.0,9904
2023-05-09 21:10:15,sp2312,sp2312,5124.0,0.0,0.0,0.0,6,5122.0,5124.0,2,5080.0,5090.0,5136.0,5086.0,273.0,13948880.0,9904
2023-05-09 21:10:19,sp2312,sp2312,5124.0,0.0,0.0,0.0,6,5122.0,5124.0,2,5080.0,5090.0,5136.0,5086.0,273.0,13948880.0,9904
2023-05-09 21:10:23,sp2312,sp2312,5124.0,1.0,51240.0,0.0,6,5122.0,5124.0,1,5080.0,5090.0,5136.0,5086.0,274.0,14000120.0,9904
2023-05-09 21:10:27,sp2312,sp2312,5124.0,0.0,0.0,0.0,5,5124.0,5126.0,2,5080.0,5090.0,5136.0,5086.0,274.0,14000120.0,9904
2023-05-09 21:10:29,sp2312,sp2312,5124.0,0.0,0.0,0.0,5,5124.0,5126.0,2,5080.0,5090.0,5136.0,5086.0,274.0,14000120.0,9904
2023-05-09 21:10:30,sp2312,sp2312,5124.0,0.0,0.0,0.0,5,5124.0,5126.0,1,5080.0,5090.0,5136.0,5086.0,274.0,14000120.0,9904
2023-05-09 21:10:32,sp2312,sp2312,5124.0,0.0,0.0,0.0,5,5124.0,5126.0,2,5080.0,5090.0,5136.0,5086.0,274.0,14000120.0,9904
2023-05-09 21:10:33,sp2312,sp2312,5126.0,2.0,102520.0,0.0,3,5126.0,5128.0,2,5080.0,5090.0,5136.0,5086.0,276.0,14102640.0,9904
2023-05-09 21:10:33,sp2312,sp2312,5126.0,0.0,0.0,0.0,7,5126.0,5128.0,2,5080.0,5090.0,5136.0,5086.0,276.0,14102640.0,9904
2023-05-09 21:10:34,sp2312,sp2312,5126.0,0.0,0.0,0.0,6,5126.0,5128.0,2,5080.0,5090.0,5136.0,5086.0,276.0,14102640.0,9904
2023-05-09 21:10:34,sp2312,sp2312,5128.0,1.0,51280.0,-1.0,8,5126.0,5128.0,1,5080.0,5090.0,5136.0,5086.0,277.0,14153920.0,9903
2023-05-09 21:10:35,sp2312,sp2312,5128.0,3.0,153840.0,2.0,5,5128.0,5132.0,1,5080.0,5090.0,5136.0,5086.0,280.0,14307760.0,9905
2023-05-09 21:10:35,sp2312,sp2312,5128.0,0.0,0.0,0.0,5,5128.0,5132.0,1,5080.0,5090.0,5136.0,5086.0,280.0,14307760.0,9905
2023-05-09 21:10:36,sp2312,sp2312,5132.0,1.0,51320.0,0.0,4,5132.0,5134.0,1,5080.0,5090.0,5136.0,5086.0,281.0,14359080.0,9905
2023-05-09 21:10:36,sp2312,sp2312,5132.0,4.0,205280.0,4.0,7,5128.0,5134.0,2,5080.0,5090.0,5136.0,5086.0,285.0,14564360.0,9909
2023-05-09 21:10:37,sp2312,sp2312,5132.0,0.0,0.0,0.0,7,5128.0,5132.0,1,5080.0,5090.0,5136.0,5086.0,285.0,14564360.0,9909
2023-05-09 21:10:37,sp2312,sp2312,5132.0,0.0,0.0,0.0,7,5128.0,5134.0,1,5080.0,5090.0,5136.0,5086.0,285.0,14564360.0,9909
2023-05-09 21:10:38,sp2312,sp2312,5132.0,0.0,0.0,0.0,7,5128.0,5132.0,1,5080.0,5090.0,5136.0,5086.0,285.0,14564360.0,9909
2023-05-09 21:10:39,sp2312,sp2312,5132.0,0.0,0.0,0.0,7,5128.0,5134.0,1,5080.0,5090.0,5136.0,5086.0,285.0,14564360.0,9909
2023-05-09 21:10:40,sp2312,sp2312,5132.0,0.0,0.0,0.0,2,5130.0,5134.0,1,5080.0,5090.0,5136.0,5086.0,285.0,14564360.0,9909
2023-05-09 21:10:40,sp2312,sp2312,5132.0,0.0,0.0,0.0,6,5132.0,5134.0,1,5080.0,5090.0,5136.0,5086.0,285.0,14564360.0,9909
2023-05-09 21:10:41,sp2312,sp2312,5132.0,0.0,0.0,0.0,2,5130.0,5134.0,1,5080.0,5090.0,5136.0,5086.0,285.0,14564360.0,9909
2023-05-09 21:10:42,sp2312,sp2312,5130.0,1.0,51300.0,0.0,1,5130.0,5134.0,1,5080.0,5090.0,5136.0,5086.0,286.0,14615660.0,9909
2023-05-09 21:10:42,sp2312,sp2312,5130.0,0.0,0.0,0.0,6,5132.0,5134.0,1,5080.0,5090.0,5136.0,5086.0,286.0,14615660.0,9909
2023-05-09 21:10:55,sp2312,sp2312,5130.0,0.0,0.0,0.0,6,5132.0,5134.0,2,5080.0,5090.0,5136.0,5086.0,286.0,14615660.0,9909
2023-05-09 21:10:56,sp2312,sp2312,5132.0,1.0,51320.0,1.0,5,5132.0,5134.0,2,5080.0,5090.0,5136.0,5086.0,287.0,14666980.0,9910
2023-05-09 21:10:56,sp2312,sp2312,5132.0,0.0,0.0,0.0,5,5132.0,5134.0,2,5080.0,5090.0,5136.0,5086.0,287.0,14666980.0,9910
2023-05-09 21:10:58,sp2312,sp2312,5132.0,0.0,0.0,0.0,5,5132.0,5134.0,3,5080.0,5090.0,5136.0,5086.0,287.0,14666980.0,9910
2023-05-09 21:10:59,sp2312,sp2312,5134.0,3.0,154020.0,-3.0,5,5132.0,5136.0,1,5080.0,5090.0,5136.0,5086.0,290.0,14821000.0,9907
2023-05-09 21:11:00,sp2312,sp2312,5134.0,0.0,0.0,0.0,6,5132.0,5138.0,1,5080.0,5090.0,5136.0,5086.0,290.0,14821000.0,9907
2023-05-09 21:11:00,sp2312,sp2312,5132.0,1.0,51320.0,0.0,5,5132.0,5136.0,1,5080.0,5090.0,5136.0,5086.0,291.0,14872320.0,9907
2023-05-09 21:11:01,sp2312,sp2312,5132.0,0.0,0.0,0.0,5,5132.0,5138.0,2,5080.0,5090.0,5136.0,5086.0,291.0,14872320.0,9907
2023-05-09 21:11:02,sp2312,sp2312,5132.0,0.0,0.0,0.0,6,5132.0,5138.0,2,5080.0,5090.0,5136.0,5086.0,291.0,14872320.0,9907
2023-05-09 21:11:02,sp2312,sp2312,5132.0,0.0,0.0,0.0,6,5132.0,5136.0,2,5080.0,5090.0,5136.0,5086.0,291.0,14872320.0,9907
2023-05-09 21:11:03,sp2312,sp2312,5132.0,0.0,0.0,0.0,6,5132.0,5138.0,2,5080.0,5090.0,5136.0,5086.0,291.0,14872320.0,9907
2023-05-09 21:11:04,sp2312,sp2312,5132.0,0.0,0.0,0.0,4,5136.0,5138.0,2,5080.0,5090.0,5136.0,5086.0,291.0,14872320.0,9907
2023-05-09 21:11:05,sp2312,sp2312,5132.0,0.0,0.0,0.0,5,5136.0,5138.0,2,5080.0,5090.0,5136.0,5086.0,291.0,14872320.0,9907
2023-05-09 21:11:05,sp2312,sp2312,5132.0,0.0,0.0,0.0,2,5134.0,5138.0,2,5080.0,5090.0,5136.0,5086.0,291.0,14872320.0,9907
2023-05-09 21:11:06,sp2312,sp2312,5132.0,0.0,0.0,0.0,6,5136.0,5138.0,2,5080.0,5090.0,5136.0,5086.0,291.0,14872320.0,9907
2023-05-09 21:11:06,sp2312,sp2312,5136.0,1.0,51360.0,-1.0,6,5136.0,5138.0,3,5080.0,5090.0,5136.0,5086.0,292.0,14923680.0,9906
2023-05-09 21:11:07,sp2312,sp2312,5136.0,0.0,0.0,0.0,1,5136.0,5138.0,3,5080.0,5090.0,5136.0,5086.0,292.0,14923680.0,9906
2023-05-09 21:11:08,sp2312,sp2312,5136.0,1.0,51360.0,-1.0,1,5134.0,5138.0,3,5080.0,5090.0,5136.0,5086.0,293.0,14975040.0,9905
2023-05-09 21:11:08,sp2312,sp2312,5134.0,1.0,51340.0,-1.0,5,5132.0,5134.0,4,5080.0,5090.0,5136.0,5086.0,294.0,15026380.0,9904
2023-05-09 21:11:09,sp2312,sp2312,5134.0,4.0,205360.0,0.0,1,5134.0,5138.0,3,5080.0,5090.0,5136.0,5086.0,298.0,15231740.0,9904
2023-05-09 21:11:09,sp2312,sp2312,5134.0,0.0,0.0,0.0,2,5134.0,5138.0,3,5080.0,5090.0,5136.0,5086.0,298.0,15231740.0,9904
2023-05-09 21:11:10,sp2312,sp2312,5134.0,0.0,0.0,0.0,1,5134.0,5138.0,3,5080.0,5090.0,5136.0,5086.0,298.0,15231740.0,9904
2023-05-09 21:11:10,sp2312,sp2312,5134.0,0.0,0.0,0.0,1,5136.0,5138.0,3,5080.0,5090.0,5136.0,5086.0,298.0,15231740.0,9904
2023-05-09 21:11:11,sp2312,sp2312,5136.0,1.0,51360.0,-1.0,1,5134.0,5138.0,3,5080.0,5090.0,5136.0,5086.0,299.0,15283100.0,9903
2023-05-09 21:11:14,sp2312,sp2312,5136.0,0.0,0.0,0.0,1,5134.0,5138.0,3,5080.0,5090.0,5136.0,5086.0,299.0,15283100.0,9903
2023-05-09 21:11:14,sp2312,sp2312,5138.0,1.0,51380.0,0.0,1,5134.0,5138.0,2,5080.0,5090.0,5138.0,5086.0,300.0,15334480.0,9903
2023-05-09 21:11:15,sp2312,sp2312,5138.0,0.0,0.0,0.0,1,5134.0,5136.0,3,5080.0,5090.0,5138.0,5086.0,300.0,15334480.0,9903
2023-05-09 21:11:16,sp2312,sp2312,5138.0,0.0,0.0,0.0,3,5132.0,5136.0,3,5080.0,5090.0,5138.0,5086.0,300.0,15334480.0,9903
2023-05-09 21:11:16,sp2312,sp2312,5138.0,0.0,0.0,0.0,3,5132.0,5136.0,3,5080.0,5090.0,5138.0,5086.0,300.0,15334480.0,9903
2023-05-09 21:11:18,sp2312,sp2312,5138.0,0.0,0.0,0.0,3,5132.0,5136.0,3,5080.0,5090.0,5138.0,5086.0,300.0,15334480.0,9903
2023-05-09 21:11:22,sp2312,sp2312,5138.0,0.0,0.0,0.0,3,5132.0,5136.0,3,5080.0,5090.0,5138.0,5086.0,300.0,15334480.0,9903
2023-05-09 21:11:22,sp2312,sp2312,5138.0,0.0,0.0,0.0,1,5134.0,5136.0,3,5080.0,5090.0,5138.0,5086.0,300.0,15334480.0,9903
2023-05-09 21:11:23,sp2312,sp2312,5138.0,0.0,0.0,0.0,1,5134.0,5136.0,3,5080.0,5090.0,5138.0,5086.0,300.0,15334480.0,9903
2023-05-09 21:11:23,sp2312,sp2312,5138.0,0.0,0.0,0.0,3,5132.0,5136.0,3,5080.0,5090.0,5138.0,5086.0,300.0,15334480.0,9903
2023-05-09 21:11:25,sp2312,sp2312,5138.0,0.0,0.0,0.0,4,5132.0,5136.0,3,5080.0,5090.0,5138.0,5086.0,300.0,15334480.0,9903
2023-05-09 21:11:28,sp2312,sp2312,5138.0,0.0,0.0,0.0,4,5132.0,5136.0,3,5080.0,5090.0,5138.0,5086.0,300.0,15334480.0,9903
2023-05-09 21:11:30,sp2312,sp2312,5138.0,0.0,0.0,0.0,4,5132.0,5136.0,3,5080.0,5090.0,5138.0,5086.0,300.0,15334480.0,9903
2023-05-09 21:11:31,sp2312,sp2312,5138.0,0.0,0.0,0.0,1,5132.0,5134.0,1,5080.0,5090.0,5138.0,5086.0,300.0,15334480.0,9903
2023-05-09 21:11:31,sp2312,sp2312,5138.0,0.0,0.0,0.0,1,5132.0,5134.0,1,5080.0,5090.0,5138.0,5086.0,300.0,15334480.0,9903
2023-05-09 21:11:35,sp2312,sp2312,5134.0,1.0,51340.0,1.0,1,5132.0,5136.0,4,5080.0,5090.0,5138.0,5086.0,301.0,15385820.0,9904
2023-05-09 21:11:37,sp2312,sp2312,5132.0,1.0,51320.0,0.0,3,5128.0,5132.0,2,5080.0,5090.0,5138.0,5086.0,302.0,15437140.0,9904
2023-05-09 21:11:37,sp2312,sp2312,5132.0,0.0,0.0,0.0,3,5128.0,5132.0,2,5080.0,5090.0,5138.0,5086.0,302.0,15437140.0,9904
2023-05-09 21:11:39,sp2312,sp2312,5132.0,0.0,0.0,0.0,3,5128.0,5132.0,2,5080.0,5090.0,5138.0,5086.0,302.0,15437140.0,9904
2023-05-09 21:11:41,sp2312,sp2312,5132.0,0.0,0.0,0.0,4,5124.0,5132.0,2,5080.0,5090.0,5138.0,5086.0,302.0,15437140.0,9904
2023-05-09 21:11:41,sp2312,sp2312,5132.0,0.0,0.0,0.0,3,5126.0,5132.0,2,5080.0,5090.0,5138.0,5086.0,302.0,15437140.0,9904
2023-05-09 21:11:42,sp2312,sp2312,5132.0,0.0,0.0,0.0,3,5126.0,5136.0,3,5080.0,5090.0,5138.0,5086.0,302.0,15437140.0,9904
2023-05-09 21:11:43,sp2312,sp2312,5132.0,0.0,0.0,0.0,3,5126.0,5132.0,2,5080.0,5090.0,5138.0,5086.0,302.0,15437140.0,9904
2023-05-09 21:11:46,sp2312,sp2312,5132.0,0.0,0.0,0.0,3,5126.0,5136.0,3,5080.0,5090.0,5138.0,5086.0,302.0,15437140.0,9904
2023-05-09 21:11:46,sp2312,sp2312,5132.0,0.0,0.0,0.0,3,5126.0,5136.0,4,5080.0,5090.0,5138.0,5086.0,302.0,15437140.0,9904
2023-05-09 21:11:47,sp2312,sp2312,5132.0,0.0,0.0,0.0,3,5126.0,5136.0,3,5080.0,5090.0,5138.0,5086.0,302.0,15437140.0,9904
2023-05-09 21:11:47,sp2312,sp2312,5132.0,0.0,0.0,0.0,3,5126.0,5134.0,1,5080.0,5090.0,5138.0,5086.0,302.0,15437140.0,9904
2023-05-09 21:11:54,sp2312,sp2312,5132.0,0.0,0.0,0.0,3,5126.0,5134.0,1,5080.0,5090.0,5138.0,5086.0,302.0,15437140.0,9904
2023-05-09 21:11:55,sp2312,sp2312,5132.0,0.0,0.0,0.0,3,5126.0,5134.0,1,5080.0,5090.0,5138.0,5086.0,302.0,15437140.0,9904
2023-05-09 21:11:56,sp2312,sp2312,5132.0,0.0,0.0,0.0,3,5126.0,5136.0,3,5080.0,5090.0,5138.0,5086.0,302.0,15437140.0,9904
2023-05-09 21:11:56,sp2312,sp2312,5132.0,0.0,0.0,0.0,4,5126.0,5132.0,1,5080.0,5090.0,5138.0,5086.0,302.0,15437140.0,9904
2023-05-09 21:11:57,sp2312,sp2312,5132.0,0.0,0.0,0.0,4,5126.0,5132.0,1,5080.0,5090.0,5138.0,5086.0,302.0,15437140.0,9904
2023-05-09 21:11:58,sp2312,sp2312,5132.0,0.0,0.0,0.0,4,5126.0,5132.0,1,5080.0,5090.0,5138.0,5086.0,302.0,15437140.0,9904
2023-05-09 21:12:00,sp2312,sp2312,5132.0,0.0,0.0,0.0,4,5126.0,5132.0,1,5080.0,5090.0,5138.0,5086.0,302.0,15437140.0,9904
2023-05-09 21:12:02,sp2312,sp2312,5132.0,0.0,0.0,0.0,4,5126.0,5132.0,1,5080.0,5090.0,5138.0,5086.0,302.0,15437140.0,9904
2023-05-09 21:12:04,sp2312,sp2312,5132.0,0.0,0.0,0.0,3,5126.0,5132.0,1,5080.0,5090.0,5138.0,5086.0,302.0,15437140.0,9904
2023-05-09 21:12:04,sp2312,sp2312,5132.0,0.0,0.0,0.0,4,5128.0,5132.0,1,5080.0,5090.0,5138.0,5086.0,302.0,15437140.0,9904
2023-05-09 21:12:05,sp2312,sp2312,5132.0,0.0,0.0,0.0,2,5126.0,5132.0,1,5080.0,5090.0,5138.0,5086.0,302.0,15437140.0,9904
2023-05-09 21:12:06,sp2312,sp2312,5132.0,0.0,0.0,0.0,2,5126.0,5132.0,1,5080.0,5090.0,5138.0,5086.0,302.0,15437140.0,9904
2023-05-09 21:12:06,sp2312,sp2312,5132.0,0.0,0.0,0.0,2,5126.0,5132.0,1,5080.0,5090.0,5138.0,5086.0,302.0,15437140.0,9904
2023-05-09 21:12:10,sp2312,sp2312,5132.0,0.0,0.0,0.0,2,5126.0,5132.0,1,5080.0,5090.0,5138.0,5086.0,302.0,15437140.0,9904
2023-05-09 21:12:11,sp2312,sp2312,5132.0,0.0,0.0,0.0,1,5126.0,5132.0,1,5080.0,5090.0,5138.0,5086.0,302.0,15437140.0,9904
2023-05-09 21:12:11,sp2312,sp2312,5132.0,0.0,0.0,0.0,1,5126.0,5132.0,1,5080.0,5090.0,5138.0,5086.0,302.0,15437140.0,9904
2023-05-09 21:12:12,sp2312,sp2312,5132.0,0.0,0.0,0.0,1,5126.0,5128.0,2,5080.0,5090.0,5138.0,5086.0,302.0,15437140.0,9904
2023-05-09 21:12:12,sp2312,sp2312,5132.0,0.0,0.0,0.0,1,5126.0,5128.0,2,5080.0,5090.0,5138.0,5086.0,302.0,15437140.0,9904
2023-05-09 21:12:13,sp2312,sp2312,5132.0,0.0,0.0,0.0,5,5124.0,5128.0,2,5080.0,5090.0,5138.0,5086.0,302.0,15437140.0,9904
2023-05-09 21:12:14,sp2312,sp2312,5132.0,0.0,0.0,0.0,1,5126.0,5132.0,3,5080.0,5090.0,5138.0,5086.0,302.0,15437140.0,9904
2023-05-09 21:12:14,sp2312,sp2312,5132.0,0.0,0.0,0.0,1,5126.0,5132.0,4,5080.0,5090.0,5138.0,5086.0,302.0,15437140.0,9904
2023-05-09 21:12:15,sp2312,sp2312,5132.0,0.0,0.0,0.0,1,5126.0,5132.0,3,5080.0,5090.0,5138.0,5086.0,302.0,15437140.0,9904
2023-05-09 21:12:16,sp2312,sp2312,5132.0,0.0,0.0,0.0,1,5126.0,5132.0,3,5080.0,5090.0,5138.0,5086.0,302.0,15437140.0,9904
2023-05-09 21:12:18,sp2312,sp2312,5132.0,0.0,0.0,0.0,1,5126.0,5132.0,3,5080.0,5090.0,5138.0,5086.0,302.0,15437140.0,9904
2023-05-09 21:12:19,sp2312,sp2312,5132.0,0.0,0.0,0.0,5,5124.0,5128.0,2,5080.0,5090.0,5138.0,5086.0,302.0,15437140.0,9904
2023-05-09 21:12:20,sp2312,sp2312,5132.0,0.0,0.0,0.0,5,5124.0,5128.0,2,5080.0,5090.0,5138.0,5086.0,302.0,15437140.0,9904
2023-05-09 21:12:21,sp2312,sp2312,5132.0,0.0,0.0,0.0,1,5126.0,5132.0,3,5080.0,5090.0,5138.0,5086.0,302.0,15437140.0,9904
2023-05-09 21:12:22,sp2312,sp2312,5132.0,0.0,0.0,0.0,1,5126.0,5132.0,4,5080.0,5090.0,5138.0,5086.0,302.0,15437140.0,9904
2023-05-09 21:12:22,sp2312,sp2312,5132.0,0.0,0.0,0.0,1,5126.0,5132.0,3,5080.0,5090.0,5138.0,5086.0,302.0,15437140.0,9904
2023-05-09 21:12:33,sp2312,sp2312,5126.0,1.0,51260.0,0.0,5,5124.0,5126.0,1,5080.0,5090.0,5138.0,5086.0,303.0,15488400.0,9904
2023-05-09 21:12:33,sp2312,sp2312,5126.0,1.0,51260.0,1.0,4,5124.0,5130.0,1,5080.0,5090.0,5138.0,5086.0,304.0,15539660.0,9905
2023-05-09 21:12:34,sp2312,sp2312,5126.0,0.0,0.0,0.0,1,5126.0,5130.0,1,5080.0,5090.0,5138.0,5086.0,304.0,15539660.0,9905
2023-05-09 21:12:34,sp2312,sp2312,5126.0,0.0,0.0,0.0,1,5126.0,5132.0,3,5080.0,5090.0,5138.0,5086.0,304.0,15539660.0,9905
2023-05-09 21:12:35,sp2312,sp2312,5126.0,0.0,0.0,0.0,1,5126.0,5132.0,3,5080.0,5090.0,5138.0,5086.0,304.0,15539660.0,9905
2023-05-09 21:12:38,sp2312,sp2312,5126.0,0.0,0.0,0.0,1,5126.0,5132.0,3,5080.0,5090.0,5138.0,5086.0,304.0,15539660.0,9905
2023-05-09 21:12:39,sp2312,sp2312,5126.0,0.0,0.0,0.0,1,5126.0,5132.0,3,5080.0,5090.0,5138.0,5086.0,304.0,15539660.0,9905
2023-05-09 21:12:40,sp2312,sp2312,5126.0,0.0,0.0,0.0,1,5126.0,5132.0,3,5080.0,5090.0,5138.0,5086.0,304.0,15539660.0,9905
2023-05-09 21:12:44,sp2312,sp2312,5126.0,0.0,0.0,0.0,1,5126.0,5132.0,3,5080.0,5090.0,5138.0,5086.0,304.0,15539660.0,9905
2023-05-09 21:12:45,sp2312,sp2312,5126.0,0.0,0.0,0.0,1,5126.0,5132.0,3,5080.0,5090.0,5138.0,5086.0,304.0,15539660.0,9905
2023-05-09 21:12:50,sp2312,sp2312,5126.0,0.0,0.0,0.0,1,5126.0,5130.0,1,5080.0,5090.0,5138.0,5086.0,304.0,15539660.0,9905
2023-05-09 21:12:59,sp2312,sp2312,5126.0,0.0,0.0,0.0,1,5126.0,5130.0,2,5080.0,5090.0,5138.0,5086.0,304.0,15539660.0,9905
2023-05-09 21:13:05,sp2312,sp2312,5126.0,0.0,0.0,0.0,5,5124.0,5128.0,2,5080.0,5090.0,5138.0,5086.0,304.0,15539660.0,9905
2023-05-09 21:13:06,sp2312,sp2312,5126.0,0.0,0.0,0.0,5,5124.0,5128.0,2,5080.0,5090.0,5138.0,5086.0,304.0,15539660.0,9905
2023-05-09 21:13:06,sp2312,sp2312,5126.0,0.0,0.0,0.0,1,5126.0,5130.0,2,5080.0,5090.0,5138.0,5086.0,304.0,15539660.0,9905
2023-05-09 21:13:08,sp2312,sp2312,5126.0,0.0,0.0,0.0,3,5126.0,5130.0,2,5080.0,5090.0,5138.0,5086.0,304.0,15539660.0,9905
2023-05-09 21:13:09,sp2312,sp2312,5126.0,0.0,0.0,0.0,3,5126.0,5130.0,2,5080.0,5090.0,5138.0,5086.0,304.0,15539660.0,9905
2023-05-09 21:13:12,sp2312,sp2312,5126.0,0.0,0.0,0.0,3,5126.0,5130.0,2,5080.0,5090.0,5138.0,5086.0,304.0,15539660.0,9905
2023-05-09 21:13:16,sp2312,sp2312,5126.0,0.0,0.0,0.0,3,5126.0,5130.0,2,5080.0,5090.0,5138.0,5086.0,304.0,15539660.0,9905
2023-05-09 21:13:16,sp2312,sp2312,5126.0,0.0,0.0,0.0,1,5128.0,5130.0,2,5080.0,5090.0,5138.0,5086.0,304.0,15539660.0,9905
2023-05-09 21:13:17,sp2312,sp2312,5126.0,0.0,0.0,0.0,3,5126.0,5130.0,2,5080.0,5090.0,5138.0,5086.0,304.0,15539660.0,9905
2023-05-09 21:13:17,sp2312,sp2312,5126.0,0.0,0.0,0.0,1,5128.0,5130.0,2,5080.0,5090.0,5138.0,5086.0,304.0,15539660.0,9905
2023-05-09 21:13:18,sp2312,sp2312,5126.0,0.0,0.0,0.0,3,5126.0,5130.0,2,5080.0,5090.0,5138.0,5086.0,304.0,15539660.0,9905
2023-05-09 21:13:18,sp2312,sp2312,5126.0,0.0,0.0,0.0,1,5128.0,5130.0,2,5080.0,5090.0,5138.0,5086.0,304.0,15539660.0,9905
2023-05-09 21:13:19,sp2312,sp2312,5126.0,0.0,0.0,0.0,3,5126.0,5130.0,2,5080.0,5090.0,5138.0,5086.0,304.0,15539660.0,9905
2023-05-09 21:13:19,sp2312,sp2312,5126.0,0.0,0.0,0.0,1,5128.0,5130.0,2,5080.0,5090.0,5138.0,5086.0,304.0,15539660.0,9905
2023-05-09 21:13:20,sp2312,sp2312,5126.0,0.0,0.0,0.0,3,5126.0,5130.0,2,5080.0,5090.0,5138.0,5086.0,304.0,15539660.0,9905
2023-05-09 21:13:20,sp2312,sp2312,5126.0,0.0,0.0,0.0,1,5128.0,5130.0,2,5080.0,5090.0,5138.0,5086.0,304.0,15539660.0,9905
2023-05-09 21:13:21,sp2312,sp2312,5126.0,0.0,0.0,0.0,3,5126.0,5130.0,2,5080.0,5090.0,5138.0,5086.0,304.0,15539660.0,9905
2023-05-09 21:13:21,sp2312,sp2312,5126.0,0.0,0.0,0.0,1,5128.0,5130.0,2,5080.0,5090.0,5138.0,5086.0,304.0,15539660.0,9905
2023-05-09 21:13:22,sp2312,sp2312,5126.0,0.0,0.0,0.0,3,5126.0,5130.0,2,5080.0,5090.0,5138.0,5086.0,304.0,15539660.0,9905
2023-05-09 21:13:22,sp2312,sp2312,5126.0,0.0,0.0,0.0,1,5128.0,5130.0,2,5080.0,5090.0,5138.0,5086.0,304.0,15539660.0,9905
2023-05-09 21:13:23,sp2312,sp2312,5126.0,0.0,0.0,0.0,3,5126.0,5128.0,1,5080.0,5090.0,5138.0,5086.0,304.0,15539660.0,9905
