time,symbol_id,symbol_name,last,trade_volume,trade_amount,open_interest_change,bv1,bp1,ap1,av1,yesterday_close,today_open,today_high,today_low,volume,amount,open_interest
2023-05-09 20:59:00,sp2401,sp2401,5204.0,1000.0,52040000.0,1000.0,2,5190.0,5206.0,2,5206.0,5204.0,5204.0,5204.0,1000.0,52040000.0,17636
2023-05-09 21:00:00,sp2401,sp2401,5204.0,0.0,0.0,0.0,1,5194.0,5206.0,2,5206.0,5204.0,5204.0,5204.0,1000.0,52040000.0,17636
2023-05-09 21:00:01,sp2401,sp2401,5206.0,1.0,52060.0,-1.0,5,5196.0,5202.0,1,5206.0,5204.0,5206.0,5204.0,1001.0,52092060.0,17635
2023-05-09 21:00:01,sp2401,sp2401,5202.0,1.0,52020.0,-1.0,1,5198.0,5204.0,2,5206.0,5204.0,5206.0,5202.0,1002.0,52144080.0,17634
2023-05-09 21:00:02,sp2401,sp2401,5202.0,4.0,208080.0,1.0,1,5198.0,5204.0,2,5206.0,5204.0,5206.0,5202.0,1006.0,52352160.0,17635
2023-05-09 21:00:02,sp2401,sp2401,5204.0,2.0,104080.0,0.0,1,5204.0,5210.0,2,5206.0,5204.0,5206.0,5202.0,1008.0,52456240.0,17635
2023-05-09 21:00:03,sp2401,sp2401,5210.0,1.0,52100.0,1.0,2,5204.0,5210.0,1,5206.0,5204.0,5210.0,5202.0,1009.0,52508340.0,17636
2023-05-09 21:00:03,sp2401,sp2401,5210.0,1.0,52100.0,1.0,4,5206.0,5212.0,1,5206.0,5204.0,5210.0,5202.0,1010.0,52560440.0,17637
2023-05-09 21:00:04,sp2401,sp2401,5210.0,4.0,208400.0,4.0,2,5204.0,5212.0,1,5206.0,5204.0,5210.0,5202.0,1014.0,52768840.0,17641
2023-05-09 21:00:04,sp2401,sp2401,5212.0,1.0,52120.0,0.0,2,5212.0,5218.0,1,5206.0,5204.0,5212.0,5202.0,1015.0,52820960.0,17641
2023-05-09 21:00:05,sp2401,sp2401,5218.0,3.0,156420.0,2.0,2,5214.0,5220.0,1,5206.0,5204.0,5218.0,5202.0,1018.0,52977380.0,17643
2023-05-09 21:00:05,sp2401,sp2401,5218.0,4.0,208640.0,0.0,1,5212.0,5218.0,2,5206.0,5204.0,5218.0,5202.0,1022.0,53186020.0,17643
2023-05-09 21:00:06,sp2401,sp2401,5212.0,3.0,156480.0,1.0,2,5204.0,5220.0,1,5206.0,5204.0,5218.0,5202.0,1025.0,53342500.0,17644
2023-05-09 21:00:06,sp2401,sp2401,5220.0,2.0,104280.0,-1.0,1,5218.0,5222.0,2,5206.0,5204.0,5220.0,5202.0,1027.0,53446780.0,17643
2023-05-09 21:00:07,sp2401,sp2401,5218.0,4.0,208620.0,2.0,2,5204.0,5222.0,2,5206.0,5204.0,5220.0,5202.0,1031.0,53655400.0,17645
2023-05-09 21:00:07,sp2401,sp2401,5208.0,8.0,416820.0,1.0,1,5208.0,5222.0,2,5206.0,5204.0,5220.0,5202.0,1039.0,54072220.0,17646
2023-05-09 21:00:08,sp2401,sp2401,5218.0,2.0,104360.0,2.0,1,5212.0,5218.0,4,5206.0,5204.0,5220.0,5202.0,1041.0,54176580.0,17648
2023-05-09 21:00:08,sp2401,sp2401,5218.0,8.0,416960.0,3.0,1,5210.0,5218.0,1,5206.0,5204.0,5220.0,5202.0,1049.0,54593540.0,17651
2023-05-09 21:00:09,sp2401,sp2401,5222.0,2.0,104400.0,0.0,3,5212.0,5222.0,1,5206.0,5204.0,5222.0,5202.0,1051.0,54697940.0,17651
2023-05-09 21:00:09,sp2401,sp2401,5218.0,4.0,208520.0,2.0,2,5208.0,5212.0,1,5206.0,5204.0,5222.0,5202.0,1055.0,54906460.0,17653
2023-05-09 21:00:10,sp2401,sp2401,5220.0,5.0,260880.0,0.0,1,5212.0,5222.0,5,5206.0,5204.0,5222.0,5202.0,1060.0,55167340.0,17653
2023-05-09 21:00:10,sp2401,sp2401,5220.0,0.0,0.0,0.0,2,5212.0,5218.0,1,5206.0,5204.0,5222.0,5202.0,1060.0,55167340.0,17653
2023-05-09 21:00:11,sp2401,sp2401,5206.0,12.0,624080.0,-3.0,3,5192.0,5214.0,1,5206.0,5204.0,5222.0,5192.0,1072.0,55791420.0,17650
2023-05-09 21:00:11,sp2401,sp2401,5220.0,2.0,104320.0,2.0,1,5214.0,5222.0,7,5206.0,5204.0,5222.0,5192.0,1074.0,55895740.0,17652
2023-05-09 21:00:12,sp2401,sp2401,5222.0,2.0,104360.0,0.0,1,5214.0,5222.0,4,5206.0,5204.0,5222.0,5192.0,1076.0,56000100.0,17652
2023-05-09 21:00:12,sp2401,sp2401,5208.0,4.0,208660.0,3.0,3,5200.0,5222.0,3,5206.0,5204.0,5222.0,5192.0,1080.0,56208760.0,17655
2023-05-09 21:00:13,sp2401,sp2401,5222.0,2.0,104440.0,1.0,1,5216.0,5220.0,1,5206.0,5204.0,5222.0,5192.0,1082.0,56313200.0,17656
2023-05-09 21:00:13,sp2401,sp2401,5214.0,3.0,156440.0,0.0,1,5214.0,5220.0,1,5206.0,5204.0,5222.0,5192.0,1085.0,56469640.0,17656
2023-05-09 21:00:14,sp2401,sp2401,5220.0,3.0,156540.0,1.0,3,5206.0,5222.0,8,5206.0,5204.0,5222.0,5192.0,1088.0,56626180.0,17657
2023-05-09 21:00:14,sp2401,sp2401,5222.0,9.0,469960.0,4.0,11,5222.0,5224.0,5,5206.0,5204.0,5222.0,5192.0,1097.0,57096140.0,17661
2023-05-09 21:00:15,sp2401,sp2401,5220.0,13.0,678840.0,13.0,4,5212.0,5218.0,4,5206.0,5204.0,5222.0,5192.0,1110.0,57774980.0,17674
2023-05-09 21:00:15,sp2401,sp2401,5218.0,13.0,677900.0,3.0,3,5214.0,5218.0,1,5206.0,5204.0,5222.0,5192.0,1123.0,58452880.0,17677
2023-05-09 21:00:16,sp2401,sp2401,5218.0,4.0,208600.0,3.0,1,5218.0,5222.0,2,5206.0,5204.0,5222.0,5192.0,1127.0,58661480.0,17680
2023-05-09 21:00:16,sp2401,sp2401,5218.0,4.0,208700.0,3.0,1,5212.0,5220.0,4,5206.0,5204.0,5222.0,5192.0,1131.0,58870180.0,17683
2023-05-09 21:00:17,sp2401,sp2401,5218.0,2.0,104360.0,1.0,4,5210.0,5220.0,4,5206.0,5204.0,5222.0,5192.0,1133.0,58974540.0,17684
2023-05-09 21:00:17,sp2401,sp2401,5218.0,2.0,104320.0,1.0,3,5214.0,5218.0,4,5206.0,5204.0,5222.0,5192.0,1135.0,59078860.0,17685
2023-05-09 21:00:18,sp2401,sp2401,5218.0,2.0,104360.0,1.0,3,5214.0,5218.0,3,5206.0,5204.0,5222.0,5192.0,1137.0,59183220.0,17686
2023-05-09 21:00:18,sp2401,sp2401,5212.0,6.0,312900.0,0.0,4,5210.0,5218.0,1,5206.0,5204.0,5222.0,5192.0,1143.0,59496120.0,17686
2023-05-09 21:00:19,sp2401,sp2401,5218.0,1.0,52180.0,1.0,1,5218.0,5220.0,1,5206.0,5204.0,5222.0,5192.0,1144.0,59548300.0,17687
2023-05-09 21:00:19,sp2401,sp2401,5218.0,2.0,104360.0,2.0,4,5212.0,5220.0,4,5206.0,5204.0,5222.0,5192.0,1146.0,59652660.0,17689
2023-05-09 21:00:20,sp2401,sp2401,5218.0,2.0,104360.0,2.0,1,5218.0,5220.0,4,5206.0,5204.0,5222.0,5192.0,1148.0,59757020.0,17691
2023-05-09 21:00:20,sp2401,sp2401,5220.0,5.0,260820.0,2.0,1,5218.0,5220.0,2,5206.0,5204.0,5222.0,5192.0,1153.0,60017840.0,17693
2023-05-09 21:00:21,sp2401,sp2401,5220.0,3.0,156580.0,3.0,1,5216.0,5222.0,2,5206.0,5204.0,5222.0,5192.0,1156.0,60174420.0,17696
2023-05-09 21:00:21,sp2401,sp2401,5220.0,0.0,0.0,0.0,1,5216.0,5218.0,1,5206.0,5204.0,5222.0,5192.0,1156.0,60174420.0,17696
2023-05-09 21:00:22,sp2401,sp2401,5220.0,4.0,208820.0,2.0,1,5218.0,5220.0,14,5206.0,5204.0,5222.0,5192.0,1160.0,60383240.0,17698
2023-05-09 21:00:22,sp2401,sp2401,5220.0,2.0,104380.0,1.0,2,5218.0,5220.0,13,5206.0,5204.0,5222.0,5192.0,1162.0,60487620.0,17699
2023-05-09 21:00:23,sp2401,sp2401,5220.0,4.0,208760.0,1.0,3,5218.0,5220.0,12,5206.0,5204.0,5222.0,5192.0,1166.0,60696380.0,17700
2023-05-09 21:00:23,sp2401,sp2401,5220.0,2.0,104400.0,0.0,3,5218.0,5220.0,10,5206.0,5204.0,5222.0,5192.0,1168.0,60800780.0,17700
2023-05-09 21:00:24,sp2401,sp2401,5220.0,0.0,0.0,0.0,3,5218.0,5220.0,12,5206.0,5204.0,5222.0,5192.0,1168.0,60800780.0,17700
2023-05-09 21:00:24,sp2401,sp2401,5208.0,46.0,2395600.0,-2.0,8,5200.0,5220.0,10,5206.0,5204.0,5222.0,5192.0,1214.0,63196380.0,17698
2023-05-09 21:00:25,sp2401,sp2401,5220.0,5.0,261000.0,0.0,5,5204.0,5218.0,2,5206.0,5204.0,5222.0,5192.0,1219.0,63457380.0,17698
2023-05-09 21:00:25,sp2401,sp2401,5218.0,4.0,208780.0,0.0,5,5208.0,5216.0,2,5206.0,5204.0,5222.0,5192.0,1223.0,63666160.0,17698
2023-05-09 21:00:26,sp2401,sp2401,5216.0,4.0,208700.0,0.0,5,5212.0,5214.0,2,5206.0,5204.0,5222.0,5192.0,1227.0,63874860.0,17698
2023-05-09 21:00:26,sp2401,sp2401,5216.0,3.0,156440.0,-2.0,1,5214.0,5216.0,2,5206.0,5204.0,5222.0,5192.0,1230.0,64031300.0,17696
2023-05-09 21:00:27,sp2401,sp2401,5214.0,10.0,521400.0,-5.0,1,5210.0,5214.0,2,5206.0,5204.0,5222.0,5192.0,1240.0,64552700.0,17691
2023-05-09 21:00:27,sp2401,sp2401,5214.0,2.0,104280.0,0.0,1,5214.0,5216.0,9,5206.0,5204.0,5222.0,5192.0,1242.0,64656980.0,17691
2023-05-09 21:00:28,sp2401,sp2401,5212.0,3.0,156380.0,0.0,6,5212.0,5214.0,1,5206.0,5204.0,5222.0,5192.0,1245.0,64813360.0,17691
2023-05-09 21:00:28,sp2401,sp2401,5214.0,5.0,260760.0,1.0,7,5212.0,5216.0,4,5206.0,5204.0,5222.0,5192.0,1250.0,65074120.0,17692
2023-05-09 21:00:29,sp2401,sp2401,5216.0,1.0,52160.0,0.0,1,5214.0,5216.0,3,5206.0,5204.0,5222.0,5192.0,1251.0,65126280.0,17692
2023-05-09 21:00:29,sp2401,sp2401,5216.0,4.0,208620.0,1.0,7,5212.0,5218.0,10,5206.0,5204.0,5222.0,5192.0,1255.0,65334900.0,17693
2023-05-09 21:00:30,sp2401,sp2401,5216.0,2.0,104320.0,0.0,8,5212.0,5214.0,2,5206.0,5204.0,5222.0,5192.0,1257.0,65439220.0,17693
2023-05-09 21:00:30,sp2401,sp2401,5216.0,2.0,104320.0,0.0,8,5212.0,5216.0,8,5206.0,5204.0,5222.0,5192.0,1259.0,65543540.0,17693
2023-05-09 21:00:31,sp2401,sp2401,5216.0,2.0,104320.0,2.0,2,5214.0,5216.0,6,5206.0,5204.0,5222.0,5192.0,1261.0,65647860.0,17695
2023-05-09 21:00:31,sp2401,sp2401,5216.0,4.0,208640.0,4.0,3,5214.0,5216.0,2,5206.0,5204.0,5222.0,5192.0,1265.0,65856500.0,17699
2023-05-09 21:00:32,sp2401,sp2401,5216.0,0.0,0.0,0.0,2,5216.0,5218.0,9,5206.0,5204.0,5222.0,5192.0,1265.0,65856500.0,17699
2023-05-09 21:00:32,sp2401,sp2401,5218.0,1.0,52180.0,1.0,2,5216.0,5218.0,4,5206.0,5204.0,5222.0,5192.0,1266.0,65908680.0,17700
2023-05-09 21:00:33,sp2401,sp2401,5218.0,4.0,208720.0,4.0,2,5216.0,5220.0,12,5206.0,5204.0,5222.0,5192.0,1270.0,66117400.0,17704
2023-05-09 21:00:33,sp2401,sp2401,5220.0,1.0,52200.0,0.0,6,5216.0,5220.0,10,5206.0,5204.0,5222.0,5192.0,1271.0,66169600.0,17704
2023-05-09 21:00:34,sp2401,sp2401,5220.0,4.0,208720.0,2.0,4,5218.0,5220.0,8,5206.0,5204.0,5222.0,5192.0,1275.0,66378320.0,17706
2023-05-09 21:00:34,sp2401,sp2401,5220.0,6.0,313120.0,0.0,1,5216.0,5220.0,5,5206.0,5204.0,5222.0,5192.0,1281.0,66691440.0,17706
2023-05-09 21:00:35,sp2401,sp2401,5220.0,0.0,0.0,0.0,1,5216.0,5220.0,4,5206.0,5204.0,5222.0,5192.0,1281.0,66691440.0,17706
2023-05-09 21:00:35,sp2401,sp2401,5220.0,2.0,104400.0,2.0,1,5218.0,5220.0,2,5206.0,5204.0,5222.0,5192.0,1283.0,66795840.0,17708
2023-05-09 21:00:36,sp2401,sp2401,5218.0,5.0,260940.0,0.0,1,5216.0,5220.0,1,5206.0,5204.0,5222.0,5192.0,1288.0,67056780.0,17708
2023-05-09 21:00:36,sp2401,sp2401,5220.0,1.0,52200.0,0.0,2,5216.0,5220.0,1,5206.0,5204.0,5222.0,5192.0,1289.0,67108980.0,17708
2023-05-09 21:00:37,sp2401,sp2401,5218.0,1.0,52180.0,0.0,1,5218.0,5220.0,3,5206.0,5204.0,5222.0,5192.0,1290.0,67161160.0,17708
2023-05-09 21:00:37,sp2401,sp2401,5220.0,1.0,52200.0,1.0,1,5218.0,5220.0,6,5206.0,5204.0,5222.0,5192.0,1291.0,67213360.0,17709
2023-05-09 21:00:38,sp2401,sp2401,5220.0,3.0,156600.0,3.0,2,5218.0,5220.0,3,5206.0,5204.0,5222.0,5192.0,1294.0,67369960.0,17712
2023-05-09 21:00:38,sp2401,sp2401,5220.0,1.0,52200.0,1.0,4,5218.0,5220.0,2,5206.0,5204.0,5222.0,5192.0,1295.0,67422160.0,17713
2023-05-09 21:00:39,sp2401,sp2401,5220.0,2.0,104400.0,2.0,6,5218.0,5222.0,16,5206.0,5204.0,5222.0,5192.0,1297.0,67526560.0,17715
2023-05-09 21:00:39,sp2401,sp2401,5220.0,3.0,156580.0,2.0,6,5218.0,5220.0,2,5206.0,5204.0,5222.0,5192.0,1300.0,67683140.0,17717
2023-05-09 21:00:40,sp2401,sp2401,5220.0,2.0,104400.0,0.0,6,5218.0,5220.0,13,5206.0,5204.0,5222.0,5192.0,1302.0,67787540.0,17717
2023-05-09 21:00:40,sp2401,sp2401,5220.0,7.0,365280.0,0.0,6,5216.0,5220.0,12,5206.0,5204.0,5222.0,5192.0,1309.0,68152820.0,17717
2023-05-09 21:00:41,sp2401,sp2401,5220.0,1.0,52200.0,0.0,6,5216.0,5220.0,11,5206.0,5204.0,5222.0,5192.0,1310.0,68205020.0,17717
2023-05-09 21:00:41,sp2401,sp2401,5220.0,1.0,52200.0,0.0,3,5216.0,5220.0,10,5206.0,5204.0,5222.0,5192.0,1311.0,68257220.0,17717
2023-05-09 21:00:42,sp2401,sp2401,5220.0,2.0,104400.0,0.0,2,5216.0,5220.0,9,5206.0,5204.0,5222.0,5192.0,1313.0,68361620.0,17717
2023-05-09 21:00:42,sp2401,sp2401,5220.0,3.0,156600.0,0.0,1,5218.0,5220.0,6,5206.0,5204.0,5222.0,5192.0,1316.0,68518220.0,17717
2023-05-09 21:00:43,sp2401,sp2401,5220.0,2.0,104400.0,0.0,1,5218.0,5220.0,4,5206.0,5204.0,5222.0,5192.0,1318.0,68622620.0,17717
2023-05-09 21:00:43,sp2401,sp2401,5220.0,2.0,104400.0,0.0,3,5218.0,5220.0,1,5206.0,5204.0,5222.0,5192.0,1320.0,68727020.0,17717
2023-05-09 21:00:44,sp2401,sp2401,5220.0,1.0,52200.0,-1.0,2,5220.0,5222.0,12,5206.0,5204.0,5222.0,5192.0,1321.0,68779220.0,17716
2023-05-09 21:00:44,sp2401,sp2401,5222.0,3.0,156620.0,1.0,2,5218.0,5222.0,11,5206.0,5204.0,5222.0,5192.0,1324.0,68935840.0,17717
2023-05-09 21:00:45,sp2401,sp2401,5222.0,0.0,0.0,0.0,2,5218.0,5222.0,11,5206.0,5204.0,5222.0,5192.0,1324.0,68935840.0,17717
2023-05-09 21:00:45,sp2401,sp2401,5222.0,1.0,52220.0,0.0,2,5218.0,5222.0,10,5206.0,5204.0,5222.0,5192.0,1325.0,68988060.0,17717
2023-05-09 21:00:46,sp2401,sp2401,5222.0,2.0,104440.0,0.0,2,5218.0,5222.0,9,5206.0,5204.0,5222.0,5192.0,1327.0,69092500.0,17717
2023-05-09 21:00:46,sp2401,sp2401,5222.0,2.0,104440.0,0.0,2,5218.0,5222.0,7,5206.0,5204.0,5222.0,5192.0,1329.0,69196940.0,17717
2023-05-09 21:00:47,sp2401,sp2401,5222.0,3.0,156620.0,2.0,1,5218.0,5222.0,5,5206.0,5204.0,5222.0,5192.0,1332.0,69353560.0,17719
2023-05-09 21:00:47,sp2401,sp2401,5222.0,1.0,52220.0,1.0,1,5218.0,5222.0,5,5206.0,5204.0,5222.0,5192.0,1333.0,69405780.0,17720
2023-05-09 21:00:48,sp2401,sp2401,5222.0,1.0,52220.0,1.0,1,5218.0,5222.0,4,5206.0,5204.0,5222.0,5192.0,1334.0,69458000.0,17721
2023-05-09 21:00:48,sp2401,sp2401,5222.0,3.0,156600.0,1.0,2,5216.0,5222.0,3,5206.0,5204.0,5222.0,5192.0,1337.0,69614600.0,17722
2023-05-09 21:00:49,sp2401,sp2401,5222.0,2.0,104440.0,0.0,3,5220.0,5222.0,1,5206.0,5204.0,5222.0,5192.0,1339.0,69719040.0,17722
2023-05-09 21:00:49,sp2401,sp2401,5220.0,1.0,52200.0,0.0,2,5220.0,5222.0,9,5206.0,5204.0,5222.0,5192.0,1340.0,69771240.0,17722
2023-05-09 21:00:50,sp2401,sp2401,5222.0,3.0,156660.0,2.0,2,5220.0,5222.0,6,5206.0,5204.0,5222.0,5192.0,1343.0,69927900.0,17724
2023-05-09 21:00:50,sp2401,sp2401,5222.0,8.0,417780.0,0.0,1,5222.0,5224.0,9,5206.0,5204.0,5224.0,5192.0,1351.0,70345680.0,17724
2023-05-09 21:00:51,sp2401,sp2401,5224.0,4.0,208880.0,2.0,9,5220.0,5224.0,8,5206.0,5204.0,5224.0,5192.0,1355.0,70554560.0,17726
2023-05-09 21:00:51,sp2401,sp2401,5224.0,3.0,156680.0,1.0,9,5220.0,5224.0,6,5206.0,5204.0,5224.0,5192.0,1358.0,70711240.0,17727
2023-05-09 21:00:52,sp2401,sp2401,5224.0,2.0,104480.0,0.0,4,5222.0,5224.0,4,5206.0,5204.0,5224.0,5192.0,1360.0,70815720.0,17727
2023-05-09 21:00:52,sp2401,sp2401,5224.0,4.0,208900.0,0.0,1,5222.0,5224.0,3,5206.0,5204.0,5224.0,5192.0,1364.0,71024620.0,17727
2023-05-09 21:00:53,sp2401,sp2401,5224.0,3.0,156660.0,0.0,2,5220.0,5224.0,2,5206.0,5204.0,5224.0,5192.0,1367.0,71181280.0,17727
2023-05-09 21:00:53,sp2401,sp2401,5224.0,0.0,0.0,0.0,3,5222.0,5224.0,2,5206.0,5204.0,5224.0,5192.0,1367.0,71181280.0,17727
2023-05-09 21:00:54,sp2401,sp2401,5222.0,5.0,261140.0,0.0,2,5220.0,5224.0,1,5206.0,5204.0,5224.0,5192.0,1372.0,71442420.0,17727
2023-05-09 21:00:54,sp2401,sp2401,5224.0,2.0,104480.0,1.0,2,5220.0,5226.0,7,5206.0,5204.0,5224.0,5192.0,1374.0,71546900.0,17728
2023-05-09 21:00:55,sp2401,sp2401,5226.0,1.0,52260.0,0.0,2,5220.0,5224.0,6,5206.0,5204.0,5226.0,5192.0,1375.0,71599160.0,17728
2023-05-09 21:00:55,sp2401,sp2401,5224.0,2.0,104500.0,2.0,4,5220.0,5224.0,4,5206.0,5204.0,5226.0,5192.0,1377.0,71703660.0,17730
2023-05-09 21:00:56,sp2401,sp2401,5224.0,2.0,104480.0,2.0,3,5220.0,5226.0,10,5206.0,5204.0,5226.0,5192.0,1379.0,71808140.0,17732
2023-05-09 21:00:56,sp2401,sp2401,5226.0,1.0,52260.0,0.0,1,5222.0,5226.0,9,5206.0,5204.0,5226.0,5192.0,1380.0,71860400.0,17732
2023-05-09 21:00:57,sp2401,sp2401,5226.0,3.0,156700.0,1.0,3,5222.0,5226.0,8,5206.0,5204.0,5226.0,5192.0,1383.0,72017100.0,17733
2023-05-09 21:00:57,sp2401,sp2401,5222.0,5.0,261080.0,1.0,2,5220.0,5222.0,1,5206.0,5204.0,5226.0,5192.0,1388.0,72278180.0,17734
2023-05-09 21:00:58,sp2401,sp2401,5222.0,1.0,52220.0,0.0,2,5220.0,5224.0,2,5206.0,5204.0,5226.0,5192.0,1389.0,72330400.0,17734
2023-05-09 21:00:58,sp2401,sp2401,5222.0,3.0,156680.0,3.0,2,5220.0,5224.0,5,5206.0,5204.0,5226.0,5192.0,1392.0,72487080.0,17737
2023-05-09 21:00:59,sp2401,sp2401,5224.0,2.0,104480.0,1.0,2,5220.0,5224.0,3,5206.0,5204.0,5226.0,5192.0,1394.0,72591560.0,17738
2023-05-09 21:00:59,sp2401,sp2401,5224.0,2.0,104480.0,1.0,2,5220.0,5224.0,2,5206.0,5204.0,5226.0,5192.0,1396.0,72696040.0,17739
2023-05-09 21:01:00,sp2401,sp2401,5224.0,3.0,156680.0,3.0,1,5220.0,5226.0,2,5206.0,5204.0,5226.0,5192.0,1399.0,72852720.0,17742
2023-05-09 21:01:00,sp2401,sp2401,5222.0,2.0,104440.0,-1.0,2,5222.0,5224.0,7,5206.0,5204.0,5226.0,5192.0,1401.0,72957160.0,17741
2023-05-09 21:01:01,sp2401,sp2401,5224.0,13.0,679040.0,10.0,1,5220.0,5224.0,3,5206.0,5204.0,5226.0,5192.0,1414.0,73636200.0,17751
2023-05-09 21:01:01,sp2401,sp2401,5222.0,3.0,156640.0,1.0,2,5222.0,5224.0,6,5206.0,5204.0,5226.0,5192.0,1417.0,73792840.0,17752
2023-05-09 21:01:02,sp2401,sp2401,5222.0,4.0,208840.0,0.0,4,5220.0,5224.0,6,5206.0,5204.0,5226.0,5192.0,1421.0,74001680.0,17752
2023-05-09 21:01:02,sp2401,sp2401,5220.0,2.0,104400.0,2.0,2,5220.0,5222.0,2,5206.0,5204.0,5226.0,5192.0,1423.0,74106080.0,17754
2023-05-09 21:01:03,sp2401,sp2401,5218.0,3.0,156580.0,3.0,8,5218.0,5220.0,2,5206.0,5204.0,5226.0,5192.0,1426.0,74262660.0,17757
2023-05-09 21:01:03,sp2401,sp2401,5220.0,2.0,104380.0,2.0,7,5218.0,5220.0,2,5206.0,5204.0,5226.0,5192.0,1428.0,74367040.0,17759
2023-05-09 21:01:04,sp2401,sp2401,5218.0,3.0,156540.0,3.0,1,5218.0,5220.0,2,5206.0,5204.0,5226.0,5192.0,1431.0,74523580.0,17762
2023-05-09 21:01:04,sp2401,sp2401,5218.0,1.0,52180.0,0.0,5,5216.0,5220.0,7,5206.0,5204.0,5226.0,5192.0,1432.0,74575760.0,17762
2023-05-09 21:01:05,sp2401,sp2401,5220.0,6.0,313120.0,-3.0,5,5216.0,5220.0,4,5206.0,5204.0,5226.0,5192.0,1438.0,74888880.0,17759
2023-05-09 21:01:05,sp2401,sp2401,5216.0,5.0,260840.0,4.0,3,5216.0,5220.0,5,5206.0,5204.0,5226.0,5192.0,1443.0,75149720.0,17763
2023-05-09 21:01:06,sp2401,sp2401,5220.0,7.0,365400.0,-5.0,3,5216.0,5218.0,1,5206.0,5204.0,5226.0,5192.0,1450.0,75515120.0,17758
2023-05-09 21:01:06,sp2401,sp2401,5218.0,3.0,156560.0,0.0,3,5216.0,5220.0,1,5206.0,5204.0,5226.0,5192.0,1453.0,75671680.0,17758
2023-05-09 21:01:07,sp2401,sp2401,5218.0,2.0,104340.0,1.0,2,5216.0,5220.0,4,5206.0,5204.0,5226.0,5192.0,1455.0,75776020.0,17759
2023-05-09 21:01:07,sp2401,sp2401,5216.0,2.0,104320.0,1.0,2,5216.0,5220.0,8,5206.0,5204.0,5226.0,5192.0,1457.0,75880340.0,17760
2023-05-09 21:01:08,sp2401,sp2401,5216.0,0.0,0.0,0.0,2,5216.0,5218.0,1,5206.0,5204.0,5226.0,5192.0,1457.0,75880340.0,17760
2023-05-09 21:01:08,sp2401,sp2401,5218.0,2.0,104340.0,1.0,2,5216.0,5220.0,10,5206.0,5204.0,5226.0,5192.0,1459.0,75984680.0,17761
2023-05-09 21:01:09,sp2401,sp2401,5216.0,2.0,104320.0,2.0,5,5214.0,5220.0,11,5206.0,5204.0,5226.0,5192.0,1461.0,76089000.0,17763
2023-05-09 21:01:09,sp2401,sp2401,5216.0,0.0,0.0,0.0,5,5214.0,5218.0,1,5206.0,5204.0,5226.0,5192.0,1461.0,76089000.0,17763
2023-05-09 21:01:10,sp2401,sp2401,5218.0,1.0,52180.0,0.0,5,5214.0,5216.0,20,5206.0,5204.0,5226.0,5192.0,1462.0,76141180.0,17763
2023-05-09 21:01:10,sp2401,sp2401,5214.0,2.0,104300.0,1.0,4,5214.0,5216.0,19,5206.0,5204.0,5226.0,5192.0,1464.0,76245480.0,17764
2023-05-09 21:01:11,sp2401,sp2401,5216.0,1.0,52160.0,0.0,5,5214.0,5216.0,18,5206.0,5204.0,5226.0,5192.0,1465.0,76297640.0,17764
2023-05-09 21:01:11,sp2401,sp2401,5216.0,21.0,1095360.0,3.0,1,5214.0,5218.0,6,5206.0,5204.0,5226.0,5192.0,1486.0,77393000.0,17767
2023-05-09 21:01:12,sp2401,sp2401,5218.0,6.0,313080.0,4.0,1,5218.0,5220.0,15,5206.0,5204.0,5226.0,5192.0,1492.0,77706080.0,17771
2023-05-09 21:01:12,sp2401,sp2401,5220.0,2.0,104380.0,1.0,11,5216.0,5220.0,12,5206.0,5204.0,5226.0,5192.0,1494.0,77810460.0,17772
2023-05-09 21:01:13,sp2401,sp2401,5220.0,2.0,104360.0,1.0,11,5216.0,5220.0,10,5206.0,5204.0,5226.0,5192.0,1496.0,77914820.0,17773
2023-05-09 21:01:13,sp2401,sp2401,5220.0,2.0,104400.0,1.0,3,5218.0,5220.0,9,5206.0,5204.0,5226.0,5192.0,1498.0,78019220.0,17774
2023-05-09 21:01:14,sp2401,sp2401,5218.0,1.0,52180.0,0.0,4,5218.0,5220.0,9,5206.0,5204.0,5226.0,5192.0,1499.0,78071400.0,17774
2023-05-09 21:01:14,sp2401,sp2401,5216.0,9.0,469680.0,0.0,10,5216.0,5222.0,4,5206.0,5204.0,5226.0,5192.0,1508.0,78541080.0,17774
2023-05-09 21:01:15,sp2401,sp2401,5220.0,2.0,104420.0,1.0,1,5220.0,5222.0,2,5206.0,5204.0,5226.0,5192.0,1510.0,78645500.0,17775
2023-05-09 21:01:15,sp2401,sp2401,5218.0,8.0,417480.0,0.0,3,5218.0,5222.0,4,5206.0,5204.0,5226.0,5192.0,1518.0,79062980.0,17775
2023-05-09 21:01:16,sp2401,sp2401,5222.0,6.0,313320.0,3.0,2,5220.0,5222.0,4,5206.0,5204.0,5226.0,5192.0,1524.0,79376300.0,17778
2023-05-09 21:01:16,sp2401,sp2401,5220.0,6.0,313280.0,4.0,1,5222.0,5224.0,6,5206.0,5204.0,5226.0,5192.0,1530.0,79689580.0,17782
2023-05-09 21:01:17,sp2401,sp2401,5222.0,5.0,261040.0,2.0,6,5220.0,5222.0,2,5206.0,5204.0,5226.0,5192.0,1535.0,79950620.0,17784
2023-05-09 21:01:17,sp2401,sp2401,5222.0,2.0,104440.0,-1.0,11,5220.0,5224.0,6,5206.0,5204.0,5226.0,5192.0,1537.0,80055060.0,17783
2023-05-09 21:01:18,sp2401,sp2401,5222.0,0.0,0.0,0.0,2,5222.0,5224.0,7,5206.0,5204.0,5226.0,5192.0,1537.0,80055060.0,17783
2023-05-09 21:01:18,sp2401,sp2401,5224.0,1.0,52240.0,1.0,8,5222.0,5224.0,6,5206.0,5204.0,5226.0,5192.0,1538.0,80107300.0,17784
2023-05-09 21:01:19,sp2401,sp2401,5224.0,5.0,261200.0,4.0,9,5222.0,5226.0,2,5206.0,5204.0,5226.0,5192.0,1543.0,80368500.0,17788
2023-05-09 21:01:19,sp2401,sp2401,5226.0,2.0,104480.0,2.0,1,5224.0,5226.0,1,5206.0,5204.0,5226.0,5192.0,1545.0,80472980.0,17790
2023-05-09 21:01:20,sp2401,sp2401,5224.0,2.0,104500.0,1.0,2,5226.0,5228.0,5,5206.0,5204.0,5226.0,5192.0,1547.0,80577480.0,17791
2023-05-09 21:01:20,sp2401,sp2401,5228.0,7.0,365780.0,-1.0,2,5224.0,5228.0,4,5206.0,5204.0,5228.0,5192.0,1554.0,80943260.0,17790
2023-05-09 21:01:21,sp2401,sp2401,5228.0,2.0,104520.0,0.0,5,5224.0,5228.0,3,5206.0,5204.0,5228.0,5192.0,1556.0,81047780.0,17790
2023-05-09 21:01:21,sp2401,sp2401,5224.0,1.0,52240.0,-1.0,5,5224.0,5226.0,1,5206.0,5204.0,5228.0,5192.0,1557.0,81100020.0,17789
2023-05-09 21:01:22,sp2401,sp2401,5224.0,2.0,104480.0,0.0,3,5224.0,5226.0,1,5206.0,5204.0,5228.0,5192.0,1559.0,81204500.0,17789
2023-05-09 21:01:22,sp2401,sp2401,5226.0,2.0,104520.0,1.0,3,5224.0,5228.0,8,5206.0,5204.0,5228.0,5192.0,1561.0,81309020.0,17790
2023-05-09 21:01:23,sp2401,sp2401,5226.0,0.0,0.0,0.0,2,5224.0,5228.0,9,5206.0,5204.0,5228.0,5192.0,1561.0,81309020.0,17790
2023-05-09 21:01:23,sp2401,sp2401,5226.0,0.0,0.0,0.0,4,5224.0,5228.0,9,5206.0,5204.0,5228.0,5192.0,1561.0,81309020.0,17790
2023-05-09 21:01:24,sp2401,sp2401,5224.0,2.0,104480.0,-2.0,2,5224.0,5228.0,9,5206.0,5204.0,5228.0,5192.0,1563.0,81413500.0,17788
2023-05-09 21:01:24,sp2401,sp2401,5224.0,0.0,0.0,0.0,2,5224.0,5228.0,11,5206.0,5204.0,5228.0,5192.0,1563.0,81413500.0,17788
2023-05-09 21:01:25,sp2401,sp2401,5224.0,0.0,0.0,0.0,2,5224.0,5228.0,11,5206.0,5204.0,5228.0,5192.0,1563.0,81413500.0,17788
2023-05-09 21:01:25,sp2401,sp2401,5224.0,0.0,0.0,0.0,4,5224.0,5228.0,11,5206.0,5204.0,5228.0,5192.0,1563.0,81413500.0,17788
2023-05-09 21:01:26,sp2401,sp2401,5224.0,1.0,52240.0,-1.0,3,5224.0,5228.0,10,5206.0,5204.0,5228.0,5192.0,1564.0,81465740.0,17787
2023-05-09 21:01:26,sp2401,sp2401,5224.0,0.0,0.0,0.0,3,5224.0,5228.0,9,5206.0,5204.0,5228.0,5192.0,1564.0,81465740.0,17787
2023-05-09 21:01:27,sp2401,sp2401,5224.0,0.0,0.0,0.0,3,5224.0,5228.0,10,5206.0,5204.0,5228.0,5192.0,1564.0,81465740.0,17787
2023-05-09 21:01:27,sp2401,sp2401,5228.0,3.0,156840.0,1.0,3,5224.0,5228.0,7,5206.0,5204.0,5228.0,5192.0,1567.0,81622580.0,17788
2023-05-09 21:01:28,sp2401,sp2401,5228.0,0.0,0.0,0.0,3,5224.0,5228.0,8,5206.0,5204.0,5228.0,5192.0,1567.0,81622580.0,17788
2023-05-09 21:01:28,sp2401,sp2401,5228.0,3.0,156800.0,3.0,4,5224.0,5228.0,5,5206.0,5204.0,5228.0,5192.0,1570.0,81779380.0,17791
2023-05-09 21:01:29,sp2401,sp2401,5228.0,2.0,104560.0,1.0,2,5226.0,5228.0,2,5206.0,5204.0,5228.0,5192.0,1572.0,81883940.0,17792
2023-05-09 21:01:29,sp2401,sp2401,5228.0,2.0,104560.0,1.0,3,5226.0,5230.0,8,5206.0,5204.0,5228.0,5192.0,1574.0,81988500.0,17793
2023-05-09 21:01:30,sp2401,sp2401,5228.0,0.0,0.0,0.0,1,5228.0,5230.0,8,5206.0,5204.0,5228.0,5192.0,1574.0,81988500.0,17793
2023-05-09 21:01:30,sp2401,sp2401,5226.0,4.0,209060.0,1.0,1,5226.0,5230.0,7,5206.0,5204.0,5228.0,5192.0,1578.0,82197560.0,17794
2023-05-09 21:01:31,sp2401,sp2401,5226.0,0.0,0.0,0.0,1,5226.0,5230.0,7,5206.0,5204.0,5228.0,5192.0,1578.0,82197560.0,17794
2023-05-09 21:01:31,sp2401,sp2401,5226.0,0.0,0.0,0.0,1,5226.0,5230.0,11,5206.0,5204.0,5228.0,5192.0,1578.0,82197560.0,17794
2023-05-09 21:01:32,sp2401,sp2401,5226.0,3.0,156780.0,-1.0,1,5226.0,5230.0,12,5206.0,5204.0,5228.0,5192.0,1581.0,82354340.0,17793
2023-05-09 21:01:32,sp2401,sp2401,5226.0,0.0,0.0,0.0,2,5226.0,5230.0,12,5206.0,5204.0,5228.0,5192.0,1581.0,82354340.0,17793
2023-05-09 21:01:33,sp2401,sp2401,5230.0,2.0,104600.0,1.0,3,5226.0,5230.0,9,5206.0,5204.0,5230.0,5192.0,1583.0,82458940.0,17794
2023-05-09 21:01:33,sp2401,sp2401,5226.0,4.0,209040.0,-2.0,5,5224.0,5226.0,16,5206.0,5204.0,5230.0,5192.0,1587.0,82667980.0,17792
2023-05-09 21:01:34,sp2401,sp2401,5226.0,9.0,470340.0,0.0,4,5224.0,5226.0,7,5206.0,5204.0,5230.0,5192.0,1596.0,83138320.0,17792
2023-05-09 21:01:34,sp2401,sp2401,5226.0,7.0,365820.0,-6.0,3,5226.0,5228.0,2,5206.0,5204.0,5230.0,5192.0,1603.0,83504140.0,17786
2023-05-09 21:01:35,sp2401,sp2401,5228.0,1.0,52280.0,1.0,6,5226.0,5228.0,2,5206.0,5204.0,5230.0,5192.0,1604.0,83556420.0,17787
2023-05-09 21:01:35,sp2401,sp2401,5228.0,1.0,52280.0,0.0,8,5226.0,5228.0,3,5206.0,5204.0,5230.0,5192.0,1605.0,83608700.0,17787
2023-05-09 21:01:36,sp2401,sp2401,5228.0,3.0,156840.0,1.0,3,5228.0,5230.0,14,5206.0,5204.0,5230.0,5192.0,1608.0,83765540.0,17788
2023-05-09 21:01:36,sp2401,sp2401,5230.0,2.0,104580.0,1.0,1,5228.0,5230.0,13,5206.0,5204.0,5230.0,5192.0,1610.0,83870120.0,17789
2023-05-09 21:01:37,sp2401,sp2401,5230.0,2.0,104600.0,2.0,4,5228.0,5230.0,5,5206.0,5204.0,5230.0,5192.0,1612.0,83974720.0,17791
2023-05-09 21:01:37,sp2401,sp2401,5230.0,2.0,104600.0,0.0,6,5228.0,5230.0,3,5206.0,5204.0,5230.0,5192.0,1614.0,84079320.0,17791
2023-05-09 21:01:38,sp2401,sp2401,5230.0,1.0,52300.0,0.0,6,5228.0,5230.0,2,5206.0,5204.0,5230.0,5192.0,1615.0,84131620.0,17791
2023-05-09 21:01:38,sp2401,sp2401,5230.0,2.0,104600.0,-2.0,2,5230.0,5232.0,5,5206.0,5204.0,5230.0,5192.0,1617.0,84236220.0,17789
2023-05-09 21:01:39,sp2401,sp2401,5232.0,4.0,209220.0,0.0,3,5228.0,5232.0,5,5206.0,5204.0,5232.0,5192.0,1621.0,84445440.0,17789
2023-05-09 21:01:39,sp2401,sp2401,5232.0,2.0,104640.0,0.0,4,5228.0,5232.0,3,5206.0,5204.0,5232.0,5192.0,1623.0,84550080.0,17789
2023-05-09 21:01:40,sp2401,sp2401,5232.0,2.0,104640.0,0.0,7,5228.0,5232.0,1,5206.0,5204.0,5232.0,5192.0,1625.0,84654720.0,17789
2023-05-09 21:01:40,sp2401,sp2401,5232.0,1.0,52320.0,1.0,9,5228.0,5236.0,1,5206.0,5204.0,5232.0,5192.0,1626.0,84707040.0,17790
2023-05-09 21:01:41,sp2401,sp2401,5232.0,0.0,0.0,0.0,8,5228.0,5232.0,1,5206.0,5204.0,5232.0,5192.0,1626.0,84707040.0,17790
2023-05-09 21:01:41,sp2401,sp2401,5232.0,1.0,52320.0,0.0,1,5232.0,5234.0,7,5206.0,5204.0,5232.0,5192.0,1627.0,84759360.0,17790
2023-05-09 21:01:42,sp2401,sp2401,5232.0,2.0,104640.0,0.0,8,5228.0,5234.0,7,5206.0,5204.0,5232.0,5192.0,1629.0,84864000.0,17790
2023-05-09 21:01:42,sp2401,sp2401,5234.0,2.0,104680.0,0.0,1,5230.0,5234.0,6,5206.0,5204.0,5234.0,5192.0,1631.0,84968680.0,17790
2023-05-09 21:01:43,sp2401,sp2401,5234.0,2.0,104680.0,0.0,2,5230.0,5234.0,3,5206.0,5204.0,5234.0,5192.0,1633.0,85073360.0,17790
2023-05-09 21:01:43,sp2401,sp2401,5234.0,1.0,52340.0,0.0,3,5230.0,5234.0,2,5206.0,5204.0,5234.0,5192.0,1634.0,85125700.0,17790
2023-05-09 21:01:44,sp2401,sp2401,5234.0,2.0,104680.0,0.0,5,5230.0,5236.0,8,5206.0,5204.0,5234.0,5192.0,1636.0,85230380.0,17790
2023-05-09 21:01:44,sp2401,sp2401,5234.0,0.0,0.0,0.0,6,5230.0,5234.0,4,5206.0,5204.0,5234.0,5192.0,1636.0,85230380.0,17790
2023-05-09 21:01:45,sp2401,sp2401,5230.0,2.0,104640.0,1.0,7,5230.0,5234.0,3,5206.0,5204.0,5234.0,5192.0,1638.0,85335020.0,17791
2023-05-09 21:01:45,sp2401,sp2401,5234.0,1.0,52340.0,1.0,6,5230.0,5234.0,2,5206.0,5204.0,5234.0,5192.0,1639.0,85387360.0,17792
2023-05-09 21:01:46,sp2401,sp2401,5234.0,1.0,52340.0,1.0,6,5230.0,5234.0,1,5206.0,5204.0,5234.0,5192.0,1640.0,85439700.0,17793
2023-05-09 21:01:46,sp2401,sp2401,5234.0,1.0,52340.0,1.0,1,5234.0,5236.0,8,5206.0,5204.0,5234.0,5192.0,1641.0,85492040.0,17794
2023-05-09 21:01:47,sp2401,sp2401,5234.0,5.0,261580.0,1.0,4,5230.0,5236.0,14,5206.0,5204.0,5234.0,5192.0,1646.0,85753620.0,17795
2023-05-09 21:01:47,sp2401,sp2401,5234.0,0.0,0.0,0.0,6,5230.0,5234.0,2,5206.0,5204.0,5234.0,5192.0,1646.0,85753620.0,17795
2023-05-09 21:01:48,sp2401,sp2401,5234.0,1.0,52340.0,0.0,6,5230.0,5232.0,2,5206.0,5204.0,5234.0,5192.0,1647.0,85805960.0,17795
2023-05-09 21:01:48,sp2401,sp2401,5232.0,2.0,104640.0,0.0,5,5230.0,5234.0,2,5206.0,5204.0,5234.0,5192.0,1649.0,85910600.0,17795
2023-05-09 21:01:49,sp2401,sp2401,5234.0,1.0,52340.0,1.0,2,5232.0,5234.0,1,5206.0,5204.0,5234.0,5192.0,1650.0,85962940.0,17796
2023-05-09 21:01:49,sp2401,sp2401,5230.0,3.0,156940.0,1.0,4,5230.0,5234.0,1,5206.0,5204.0,5234.0,5192.0,1653.0,86119880.0,17797
2023-05-09 21:01:50,sp2401,sp2401,5234.0,2.0,104680.0,1.0,6,5230.0,5232.0,1,5206.0,5204.0,5234.0,5192.0,1655.0,86224560.0,17798
2023-05-09 21:01:50,sp2401,sp2401,5234.0,2.0,104660.0,-1.0,2,5232.0,5234.0,2,5206.0,5204.0,5234.0,5192.0,1657.0,86329220.0,17797
2023-05-09 21:01:51,sp2401,sp2401,5234.0,1.0,52340.0,1.0,2,5232.0,5234.0,1,5206.0,5204.0,5234.0,5192.0,1658.0,86381560.0,17798
2023-05-09 21:01:51,sp2401,sp2401,5234.0,2.0,104680.0,2.0,3,5232.0,5236.0,14,5206.0,5204.0,5234.0,5192.0,1660.0,86486240.0,17800
2023-05-09 21:01:52,sp2401,sp2401,5234.0,0.0,0.0,0.0,3,5232.0,5236.0,14,5206.0,5204.0,5234.0,5192.0,1660.0,86486240.0,17800
2023-05-09 21:01:52,sp2401,sp2401,5234.0,0.0,0.0,0.0,6,5232.0,5236.0,14,5206.0,5204.0,5234.0,5192.0,1660.0,86486240.0,17800
2023-05-09 21:01:53,sp2401,sp2401,5232.0,2.0,104640.0,-1.0,6,5232.0,5236.0,12,5206.0,5204.0,5234.0,5192.0,1662.0,86590880.0,17799
2023-05-09 21:01:53,sp2401,sp2401,5232.0,0.0,0.0,0.0,7,5232.0,5234.0,1,5206.0,5204.0,5234.0,5192.0,1662.0,86590880.0,17799
2023-05-09 21:01:54,sp2401,sp2401,5234.0,1.0,52340.0,0.0,7,5232.0,5236.0,12,5206.0,5204.0,5234.0,5192.0,1663.0,86643220.0,17799
2023-05-09 21:01:54,sp2401,sp2401,5234.0,0.0,0.0,0.0,8,5232.0,5234.0,2,5206.0,5204.0,5234.0,5192.0,1663.0,86643220.0,17799
2023-05-09 21:01:55,sp2401,sp2401,5234.0,3.0,157000.0,1.0,7,5232.0,5236.0,13,5206.0,5204.0,5234.0,5192.0,1666.0,86800220.0,17800
2023-05-09 21:01:55,sp2401,sp2401,5234.0,8.0,418580.0,1.0,9,5230.0,5234.0,1,5206.0,5204.0,5234.0,5192.0,1674.0,87218800.0,17801
2023-05-09 21:01:56,sp2401,sp2401,5234.0,0.0,0.0,0.0,11,5230.0,5234.0,9,5206.0,5204.0,5234.0,5192.0,1674.0,87218800.0,17801
2023-05-09 21:01:56,sp2401,sp2401,5232.0,12.0,627620.0,-1.0,10,5228.0,5232.0,8,5206.0,5204.0,5234.0,5192.0,1686.0,87846420.0,17800
2023-05-09 21:01:57,sp2401,sp2401,5232.0,0.0,0.0,0.0,10,5228.0,5230.0,1,5206.0,5204.0,5234.0,5192.0,1686.0,87846420.0,17800
2023-05-09 21:01:57,sp2401,sp2401,5232.0,12.0,627940.0,6.0,1,5230.0,5232.0,5,5206.0,5204.0,5234.0,5192.0,1698.0,88474360.0,17806
2023-05-09 21:01:58,sp2401,sp2401,5232.0,4.0,209260.0,-2.0,8,5228.0,5232.0,2,5206.0,5204.0,5234.0,5192.0,1702.0,88683620.0,17804
2023-05-09 21:01:58,sp2401,sp2401,5232.0,2.0,104640.0,-1.0,4,5230.0,5234.0,4,5206.0,5204.0,5234.0,5192.0,1704.0,88788260.0,17803
2023-05-09 21:01:59,sp2401,sp2401,5230.0,1.0,52300.0,1.0,14,5228.0,5234.0,8,5206.0,5204.0,5234.0,5192.0,1705.0,88840560.0,17804
2023-05-09 21:01:59,sp2401,sp2401,5230.0,0.0,0.0,0.0,14,5228.0,5232.0,1,5206.0,5204.0,5234.0,5192.0,1705.0,88840560.0,17804
2023-05-09 21:02:00,sp2401,sp2401,5232.0,1.0,52320.0,0.0,14,5228.0,5234.0,14,5206.0,5204.0,5234.0,5192.0,1706.0,88892880.0,17804
2023-05-09 21:02:00,sp2401,sp2401,5232.0,0.0,0.0,0.0,8,5230.0,5232.0,2,5206.0,5204.0,5234.0,5192.0,1706.0,88892880.0,17804
2023-05-09 21:02:01,sp2401,sp2401,5232.0,2.0,104640.0,2.0,18,5230.0,5232.0,2,5206.0,5204.0,5234.0,5192.0,1708.0,88997520.0,17806
2023-05-09 21:02:01,sp2401,sp2401,5232.0,2.0,104640.0,2.0,21,5230.0,5234.0,14,5206.0,5204.0,5234.0,5192.0,1710.0,89102160.0,17808
2023-05-09 21:02:02,sp2401,sp2401,5232.0,0.0,0.0,0.0,18,5230.0,5234.0,16,5206.0,5204.0,5234.0,5192.0,1710.0,89102160.0,17808
2023-05-09 21:02:02,sp2401,sp2401,5230.0,1.0,52300.0,0.0,4,5232.0,5234.0,16,5206.0,5204.0,5234.0,5192.0,1711.0,89154460.0,17808
2023-05-09 21:02:03,sp2401,sp2401,5232.0,2.0,104620.0,-1.0,2,5232.0,5234.0,15,5206.0,5204.0,5234.0,5192.0,1713.0,89259080.0,17807
2023-05-09 21:02:03,sp2401,sp2401,5232.0,0.0,0.0,0.0,2,5232.0,5234.0,14,5206.0,5204.0,5234.0,5192.0,1713.0,89259080.0,17807
2023-05-09 21:02:04,sp2401,sp2401,5232.0,13.0,680400.0,-1.0,4,5232.0,5234.0,1,5206.0,5204.0,5234.0,5192.0,1726.0,89939480.0,17806
2023-05-09 21:02:04,sp2401,sp2401,5234.0,1.0,52340.0,1.0,10,5232.0,5236.0,11,5206.0,5204.0,5234.0,5192.0,1727.0,89991820.0,17807
2023-05-09 21:02:05,sp2401,sp2401,5234.0,0.0,0.0,0.0,2,5234.0,5236.0,11,5206.0,5204.0,5234.0,5192.0,1727.0,89991820.0,17807
2023-05-09 21:02:05,sp2401,sp2401,5234.0,9.0,471040.0,-4.0,2,5232.0,5234.0,2,5206.0,5204.0,5234.0,5192.0,1736.0,90462860.0,17803
2023-05-09 21:02:06,sp2401,sp2401,5232.0,2.0,104660.0,0.0,1,5232.0,5234.0,3,5206.0,5204.0,5234.0,5192.0,1738.0,90567520.0,17803
2023-05-09 21:02:06,sp2401,sp2401,5232.0,0.0,0.0,0.0,1,5232.0,5234.0,3,5206.0,5204.0,5234.0,5192.0,1738.0,90567520.0,17803
2023-05-09 21:02:07,sp2401,sp2401,5230.0,2.0,104620.0,1.0,6,5230.0,5234.0,3,5206.0,5204.0,5234.0,5192.0,1740.0,90672140.0,17804
2023-05-09 21:02:07,sp2401,sp2401,5230.0,0.0,0.0,0.0,6,5230.0,5234.0,4,5206.0,5204.0,5234.0,5192.0,1740.0,90672140.0,17804
2023-05-09 21:02:08,sp2401,sp2401,5230.0,0.0,0.0,0.0,9,5230.0,5234.0,5,5206.0,5204.0,5234.0,5192.0,1740.0,90672140.0,17804
2023-05-09 21:02:08,sp2401,sp2401,5230.0,0.0,0.0,0.0,9,5230.0,5234.0,9,5206.0,5204.0,5234.0,5192.0,1740.0,90672140.0,17804
2023-05-09 21:02:09,sp2401,sp2401,5230.0,0.0,0.0,0.0,10,5230.0,5234.0,17,5206.0,5204.0,5234.0,5192.0,1740.0,90672140.0,17804
2023-05-09 21:02:09,sp2401,sp2401,5230.0,0.0,0.0,0.0,3,5232.0,5234.0,16,5206.0,5204.0,5234.0,5192.0,1740.0,90672140.0,17804
2023-05-09 21:02:10,sp2401,sp2401,5234.0,1.0,52340.0,0.0,3,5232.0,5234.0,16,5206.0,5204.0,5234.0,5192.0,1741.0,90724480.0,17804
2023-05-09 21:02:10,sp2401,sp2401,5234.0,0.0,0.0,0.0,3,5232.0,5234.0,16,5206.0,5204.0,5234.0,5192.0,1741.0,90724480.0,17804
2023-05-09 21:02:11,sp2401,sp2401,5234.0,0.0,0.0,0.0,3,5232.0,5234.0,15,5206.0,5204.0,5234.0,5192.0,1741.0,90724480.0,17804
2023-05-09 21:02:11,sp2401,sp2401,5234.0,0.0,0.0,0.0,3,5232.0,5234.0,13,5206.0,5204.0,5234.0,5192.0,1741.0,90724480.0,17804
2023-05-09 21:02:12,sp2401,sp2401,5234.0,0.0,0.0,0.0,5,5232.0,5234.0,13,5206.0,5204.0,5234.0,5192.0,1741.0,90724480.0,17804
2023-05-09 21:02:13,sp2401,sp2401,5234.0,0.0,0.0,0.0,5,5232.0,5234.0,13,5206.0,5204.0,5234.0,5192.0,1741.0,90724480.0,17804
2023-05-09 21:02:14,sp2401,sp2401,5232.0,1.0,52320.0,-1.0,4,5232.0,5234.0,13,5206.0,5204.0,5234.0,5192.0,1742.0,90776800.0,17803
2023-05-09 21:02:14,sp2401,sp2401,5232.0,0.0,0.0,0.0,4,5232.0,5234.0,13,5206.0,5204.0,5234.0,5192.0,1742.0,90776800.0,17803
2023-05-09 21:02:15,sp2401,sp2401,5234.0,2.0,104680.0,1.0,4,5232.0,5234.0,12,5206.0,5204.0,5234.0,5192.0,1744.0,90881480.0,17804
2023-05-09 21:02:15,sp2401,sp2401,5232.0,2.0,104640.0,-2.0,3,5232.0,5234.0,12,5206.0,5204.0,5234.0,5192.0,1746.0,90986120.0,17802
2023-05-09 21:02:16,sp2401,sp2401,5232.0,0.0,0.0,0.0,2,5232.0,5234.0,12,5206.0,5204.0,5234.0,5192.0,1746.0,90986120.0,17802
2023-05-09 21:02:16,sp2401,sp2401,5232.0,0.0,0.0,0.0,2,5232.0,5234.0,12,5206.0,5204.0,5234.0,5192.0,1746.0,90986120.0,17802
2023-05-09 21:02:17,sp2401,sp2401,5232.0,0.0,0.0,0.0,2,5232.0,5234.0,12,5206.0,5204.0,5234.0,5192.0,1746.0,90986120.0,17802
2023-05-09 21:02:17,sp2401,sp2401,5232.0,1.0,52320.0,-1.0,1,5232.0,5234.0,13,5206.0,5204.0,5234.0,5192.0,1747.0,91038440.0,17801
2023-05-09 21:02:18,sp2401,sp2401,5232.0,0.0,0.0,0.0,1,5232.0,5234.0,14,5206.0,5204.0,5234.0,5192.0,1747.0,91038440.0,17801
2023-05-09 21:02:18,sp2401,sp2401,5232.0,1.0,52320.0,-1.0,7,5230.0,5234.0,14,5206.0,5204.0,5234.0,5192.0,1748.0,91090760.0,17800
2023-05-09 21:02:19,sp2401,sp2401,5232.0,0.0,0.0,0.0,7,5230.0,5232.0,8,5206.0,5204.0,5234.0,5192.0,1748.0,91090760.0,17800
2023-05-09 21:02:19,sp2401,sp2401,5232.0,3.0,156940.0,0.0,6,5230.0,5234.0,14,5206.0,5204.0,5234.0,5192.0,1751.0,91247700.0,17800
2023-05-09 21:02:20,sp2401,sp2401,5232.0,0.0,0.0,0.0,3,5230.0,5234.0,13,5206.0,5204.0,5234.0,5192.0,1751.0,91247700.0,17800
2023-05-09 21:02:20,sp2401,sp2401,5232.0,0.0,0.0,0.0,3,5230.0,5234.0,13,5206.0,5204.0,5234.0,5192.0,1751.0,91247700.0,17800
2023-05-09 21:02:21,sp2401,sp2401,5232.0,0.0,0.0,0.0,3,5230.0,5234.0,14,5206.0,5204.0,5234.0,5192.0,1751.0,91247700.0,17800
2023-05-09 21:02:22,sp2401,sp2401,5234.0,2.0,104680.0,1.0,1,5230.0,5234.0,11,5206.0,5204.0,5234.0,5192.0,1753.0,91352380.0,17801
2023-05-09 21:02:22,sp2401,sp2401,5234.0,0.0,0.0,0.0,2,5230.0,5232.0,1,5206.0,5204.0,5234.0,5192.0,1753.0,91352380.0,17801
2023-05-09 21:02:23,sp2401,sp2401,5232.0,2.0,104620.0,-2.0,1,5230.0,5234.0,11,5206.0,5204.0,5234.0,5192.0,1755.0,91457000.0,17799
2023-05-09 21:02:24,sp2401,sp2401,5232.0,0.0,0.0,0.0,1,5230.0,5234.0,12,5206.0,5204.0,5234.0,5192.0,1755.0,91457000.0,17799
2023-05-09 21:02:25,sp2401,sp2401,5232.0,0.0,0.0,0.0,2,5230.0,5232.0,1,5206.0,5204.0,5234.0,5192.0,1755.0,91457000.0,17799
2023-05-09 21:02:25,sp2401,sp2401,5232.0,15.0,785060.0,-5.0,9,5232.0,5236.0,11,5206.0,5204.0,5234.0,5192.0,1770.0,92242060.0,17794
2023-05-09 21:02:26,sp2401,sp2401,5232.0,0.0,0.0,0.0,9,5232.0,5234.0,1,5206.0,5204.0,5234.0,5192.0,1770.0,92242060.0,17794
2023-05-09 21:02:26,sp2401,sp2401,5232.0,0.0,0.0,0.0,10,5232.0,5234.0,1,5206.0,5204.0,5234.0,5192.0,1770.0,92242060.0,17794
2023-05-09 21:02:27,sp2401,sp2401,5234.0,1.0,52340.0,0.0,1,5234.0,5236.0,7,5206.0,5204.0,5234.0,5192.0,1771.0,92294400.0,17794
2023-05-09 21:02:27,sp2401,sp2401,5232.0,2.0,104660.0,-2.0,8,5232.0,5236.0,13,5206.0,5204.0,5234.0,5192.0,1773.0,92399060.0,17792
2023-05-09 21:02:28,sp2401,sp2401,5232.0,0.0,0.0,0.0,8,5232.0,5236.0,14,5206.0,5204.0,5234.0,5192.0,1773.0,92399060.0,17792
2023-05-09 21:02:29,sp2401,sp2401,5234.0,1.0,52340.0,-1.0,10,5232.0,5236.0,14,5206.0,5204.0,5234.0,5192.0,1774.0,92451400.0,17791
2023-05-09 21:02:29,sp2401,sp2401,5236.0,14.0,733040.0,10.0,10,5232.0,5238.0,17,5206.0,5204.0,5236.0,5192.0,1788.0,93184440.0,17801
2023-05-09 21:02:30,sp2401,sp2401,5236.0,0.0,0.0,0.0,13,5234.0,5238.0,18,5206.0,5204.0,5236.0,5192.0,1788.0,93184440.0,17801
2023-05-09 21:02:30,sp2401,sp2401,5236.0,0.0,0.0,0.0,17,5234.0,5238.0,17,5206.0,5204.0,5236.0,5192.0,1788.0,93184440.0,17801
2023-05-09 21:02:31,sp2401,sp2401,5238.0,17.0,890460.0,16.0,15,5236.0,5240.0,11,5206.0,5204.0,5238.0,5192.0,1805.0,94074900.0,17817
2023-05-09 21:02:31,sp2401,sp2401,5236.0,1.0,52360.0,-1.0,20,5236.0,5240.0,11,5206.0,5204.0,5238.0,5192.0,1806.0,94127260.0,17816
2023-05-09 21:02:32,sp2401,sp2401,5236.0,0.0,0.0,0.0,19,5236.0,5240.0,6,5206.0,5204.0,5238.0,5192.0,1806.0,94127260.0,17816
2023-05-09 21:02:32,sp2401,sp2401,5236.0,0.0,0.0,0.0,8,5238.0,5240.0,6,5206.0,5204.0,5238.0,5192.0,1806.0,94127260.0,17816
2023-05-09 21:02:33,sp2401,sp2401,5238.0,4.0,209520.0,0.0,5,5238.0,5240.0,6,5206.0,5204.0,5238.0,5192.0,1810.0,94336780.0,17816
2023-05-09 21:02:33,sp2401,sp2401,5238.0,5.0,261900.0,-5.0,2,5238.0,5240.0,6,5206.0,5204.0,5238.0,5192.0,1815.0,94598680.0,17811
2023-05-09 21:02:34,sp2401,sp2401,5238.0,2.0,104760.0,0.0,12,5236.0,5240.0,7,5206.0,5204.0,5238.0,5192.0,1817.0,94703440.0,17811
2023-05-09 21:02:34,sp2401,sp2401,5238.0,0.0,0.0,0.0,1,5238.0,5240.0,7,5206.0,5204.0,5238.0,5192.0,1817.0,94703440.0,17811
2023-05-09 21:02:35,sp2401,sp2401,5230.0,21.0,1099320.0,-13.0,4,5230.0,5240.0,8,5206.0,5204.0,5238.0,5192.0,1838.0,95802760.0,17798
2023-05-09 21:02:35,sp2401,sp2401,5230.0,0.0,0.0,0.0,1,5236.0,5240.0,8,5206.0,5204.0,5238.0,5192.0,1838.0,95802760.0,17798
2023-05-09 21:02:36,sp2401,sp2401,5230.0,0.0,0.0,0.0,1,5236.0,5238.0,8,5206.0,5204.0,5238.0,5192.0,1838.0,95802760.0,17798
2023-05-09 21:02:36,sp2401,sp2401,5230.0,0.0,0.0,0.0,3,5236.0,5238.0,7,5206.0,5204.0,5238.0,5192.0,1838.0,95802760.0,17798
2023-05-09 21:02:37,sp2401,sp2401,5236.0,2.0,104720.0,-2.0,1,5236.0,5238.0,4,5206.0,5204.0,5238.0,5192.0,1840.0,95907480.0,17796
2023-05-09 21:02:37,sp2401,sp2401,5236.0,0.0,0.0,0.0,1,5236.0,5238.0,4,5206.0,5204.0,5238.0,5192.0,1840.0,95907480.0,17796
2023-05-09 21:02:38,sp2401,sp2401,5236.0,4.0,209500.0,-1.0,6,5234.0,5238.0,1,5206.0,5204.0,5238.0,5192.0,1844.0,96116980.0,17795
2023-05-09 21:02:38,sp2401,sp2401,5236.0,0.0,0.0,0.0,7,5234.0,5238.0,1,5206.0,5204.0,5238.0,5192.0,1844.0,96116980.0,17795
2023-05-09 21:02:39,sp2401,sp2401,5236.0,0.0,0.0,0.0,2,5236.0,5238.0,4,5206.0,5204.0,5238.0,5192.0,1844.0,96116980.0,17795
2023-05-09 21:02:39,sp2401,sp2401,5236.0,2.0,104720.0,-2.0,2,5234.0,5238.0,5,5206.0,5204.0,5238.0,5192.0,1846.0,96221700.0,17793
2023-05-09 21:02:40,sp2401,sp2401,5236.0,0.0,0.0,0.0,2,5234.0,5238.0,5,5206.0,5204.0,5238.0,5192.0,1846.0,96221700.0,17793
2023-05-09 21:02:40,sp2401,sp2401,5234.0,1.0,52340.0,-1.0,34,5232.0,5238.0,4,5206.0,5204.0,5238.0,5192.0,1847.0,96274040.0,17792
2023-05-09 21:02:41,sp2401,sp2401,5234.0,0.0,0.0,0.0,4,5234.0,5238.0,6,5206.0,5204.0,5238.0,5192.0,1847.0,96274040.0,17792
2023-05-09 21:02:41,sp2401,sp2401,5234.0,0.0,0.0,0.0,5,5234.0,5236.0,6,5206.0,5204.0,5238.0,5192.0,1847.0,96274040.0,17792
2023-05-09 21:02:42,sp2401,sp2401,5234.0,5.0,261700.0,-1.0,30,5232.0,5236.0,9,5206.0,5204.0,5238.0,5192.0,1852.0,96535740.0,17791
2023-05-09 21:02:42,sp2401,sp2401,5234.0,0.0,0.0,0.0,18,5232.0,5236.0,10,5206.0,5204.0,5238.0,5192.0,1852.0,96535740.0,17791
2023-05-09 21:02:43,sp2401,sp2401,5234.0,0.0,0.0,0.0,9,5232.0,5236.0,10,5206.0,5204.0,5238.0,5192.0,1852.0,96535740.0,17791
2023-05-09 21:02:43,sp2401,sp2401,5234.0,0.0,0.0,0.0,6,5232.0,5236.0,18,5206.0,5204.0,5238.0,5192.0,1852.0,96535740.0,17791
2023-05-09 21:02:44,sp2401,sp2401,5234.0,0.0,0.0,0.0,1,5232.0,5234.0,4,5206.0,5204.0,5238.0,5192.0,1852.0,96535740.0,17791
2023-05-09 21:02:44,sp2401,sp2401,5234.0,0.0,0.0,0.0,1,5232.0,5234.0,4,5206.0,5204.0,5238.0,5192.0,1852.0,96535740.0,17791
2023-05-09 21:02:45,sp2401,sp2401,5234.0,0.0,0.0,0.0,1,5232.0,5234.0,4,5206.0,5204.0,5238.0,5192.0,1852.0,96535740.0,17791
2023-05-09 21:02:45,sp2401,sp2401,5234.0,1.0,52340.0,0.0,1,5232.0,5234.0,3,5206.0,5204.0,5238.0,5192.0,1853.0,96588080.0,17791
2023-05-09 21:02:46,sp2401,sp2401,5234.0,1.0,52340.0,0.0,1,5232.0,5234.0,2,5206.0,5204.0,5238.0,5192.0,1854.0,96640420.0,17791
2023-05-09 21:02:46,sp2401,sp2401,5234.0,0.0,0.0,0.0,1,5232.0,5234.0,2,5206.0,5204.0,5238.0,5192.0,1854.0,96640420.0,17791
2023-05-09 21:02:47,sp2401,sp2401,5232.0,1.0,52320.0,0.0,16,5230.0,5234.0,2,5206.0,5204.0,5238.0,5192.0,1855.0,96692740.0,17791
2023-05-09 21:02:48,sp2401,sp2401,5232.0,0.0,0.0,0.0,16,5230.0,5234.0,2,5206.0,5204.0,5238.0,5192.0,1855.0,96692740.0,17791
2023-05-09 21:02:48,sp2401,sp2401,5232.0,0.0,0.0,0.0,10,5230.0,5234.0,3,5206.0,5204.0,5238.0,5192.0,1855.0,96692740.0,17791
2023-05-09 21:02:49,sp2401,sp2401,5234.0,1.0,52340.0,-1.0,8,5230.0,5232.0,1,5206.0,5204.0,5238.0,5192.0,1856.0,96745080.0,17790
2023-05-09 21:02:49,sp2401,sp2401,5234.0,0.0,0.0,0.0,8,5230.0,5232.0,1,5206.0,5204.0,5238.0,5192.0,1856.0,96745080.0,17790
2023-05-09 21:02:50,sp2401,sp2401,5234.0,0.0,0.0,0.0,7,5230.0,5232.0,1,5206.0,5204.0,5238.0,5192.0,1856.0,96745080.0,17790
2023-05-09 21:02:50,sp2401,sp2401,5234.0,0.0,0.0,0.0,6,5230.0,5232.0,1,5206.0,5204.0,5238.0,5192.0,1856.0,96745080.0,17790
2023-05-09 21:02:51,sp2401,sp2401,5232.0,1.0,52320.0,-1.0,6,5230.0,5234.0,9,5206.0,5204.0,5238.0,5192.0,1857.0,96797400.0,17789
2023-05-09 21:02:51,sp2401,sp2401,5232.0,0.0,0.0,0.0,4,5230.0,5234.0,10,5206.0,5204.0,5238.0,5192.0,1857.0,96797400.0,17789
2023-05-09 21:02:52,sp2401,sp2401,5232.0,0.0,0.0,0.0,1,5232.0,5234.0,10,5206.0,5204.0,5238.0,5192.0,1857.0,96797400.0,17789
2023-05-09 21:02:52,sp2401,sp2401,5232.0,0.0,0.0,0.0,1,5232.0,5234.0,10,5206.0,5204.0,5238.0,5192.0,1857.0,96797400.0,17789
2023-05-09 21:02:53,sp2401,sp2401,5232.0,1.0,52320.0,0.0,2,5232.0,5234.0,10,5206.0,5204.0,5238.0,5192.0,1858.0,96849720.0,17789
2023-05-09 21:02:53,sp2401,sp2401,5232.0,0.0,0.0,0.0,2,5232.0,5234.0,7,5206.0,5204.0,5238.0,5192.0,1858.0,96849720.0,17789
2023-05-09 21:02:54,sp2401,sp2401,5232.0,0.0,0.0,0.0,2,5232.0,5234.0,6,5206.0,5204.0,5238.0,5192.0,1858.0,96849720.0,17789
2023-05-09 21:02:54,sp2401,sp2401,5232.0,1.0,52320.0,0.0,1,5232.0,5234.0,3,5206.0,5204.0,5238.0,5192.0,1859.0,96902040.0,17789
2023-05-09 21:02:55,sp2401,sp2401,5232.0,1.0,52320.0,0.0,4,5230.0,5234.0,3,5206.0,5204.0,5238.0,5192.0,1860.0,96954360.0,17789
2023-05-09 21:02:56,sp2401,sp2401,5232.0,0.0,0.0,0.0,6,5230.0,5234.0,3,5206.0,5204.0,5238.0,5192.0,1860.0,96954360.0,17789
2023-05-09 21:02:57,sp2401,sp2401,5232.0,0.0,0.0,0.0,5,5230.0,5234.0,3,5206.0,5204.0,5238.0,5192.0,1860.0,96954360.0,17789
2023-05-09 21:02:57,sp2401,sp2401,5232.0,0.0,0.0,0.0,6,5230.0,5234.0,3,5206.0,5204.0,5238.0,5192.0,1860.0,96954360.0,17789
2023-05-09 21:02:58,sp2401,sp2401,5232.0,0.0,0.0,0.0,6,5230.0,5234.0,3,5206.0,5204.0,5238.0,5192.0,1860.0,96954360.0,17789
2023-05-09 21:02:58,sp2401,sp2401,5232.0,0.0,0.0,0.0,7,5230.0,5234.0,3,5206.0,5204.0,5238.0,5192.0,1860.0,96954360.0,17789
2023-05-09 21:02:59,sp2401,sp2401,5232.0,0.0,0.0,0.0,7,5230.0,5232.0,1,5206.0,5204.0,5238.0,5192.0,1860.0,96954360.0,17789
2023-05-09 21:03:00,sp2401,sp2401,5232.0,2.0,104640.0,-1.0,1,5232.0,5234.0,3,5206.0,5204.0,5238.0,5192.0,1862.0,97059000.0,17788
2023-05-09 21:03:01,sp2401,sp2401,5232.0,1.0,52320.0,0.0,6,5230.0,5234.0,3,5206.0,5204.0,5238.0,5192.0,1863.0,97111320.0,17788
2023-05-09 21:03:01,sp2401,sp2401,5232.0,0.0,0.0,0.0,6,5230.0,5234.0,3,5206.0,5204.0,5238.0,5192.0,1863.0,97111320.0,17788
2023-05-09 21:03:02,sp2401,sp2401,5232.0,0.0,0.0,0.0,7,5230.0,5234.0,3,5206.0,5204.0,5238.0,5192.0,1863.0,97111320.0,17788
2023-05-09 21:03:02,sp2401,sp2401,5232.0,0.0,0.0,0.0,7,5230.0,5234.0,3,5206.0,5204.0,5238.0,5192.0,1863.0,97111320.0,17788
2023-05-09 21:03:04,sp2401,sp2401,5232.0,0.0,0.0,0.0,6,5230.0,5234.0,3,5206.0,5204.0,5238.0,5192.0,1863.0,97111320.0,17788
2023-05-09 21:03:05,sp2401,sp2401,5232.0,0.0,0.0,0.0,6,5230.0,5232.0,2,5206.0,5204.0,5238.0,5192.0,1863.0,97111320.0,17788
2023-05-09 21:03:06,sp2401,sp2401,5232.0,0.0,0.0,0.0,5,5230.0,5232.0,8,5206.0,5204.0,5238.0,5192.0,1863.0,97111320.0,17788
2023-05-09 21:03:06,sp2401,sp2401,5232.0,0.0,0.0,0.0,4,5230.0,5232.0,2,5206.0,5204.0,5238.0,5192.0,1863.0,97111320.0,17788
2023-05-09 21:03:07,sp2401,sp2401,5232.0,0.0,0.0,0.0,4,5230.0,5232.0,2,5206.0,5204.0,5238.0,5192.0,1863.0,97111320.0,17788
2023-05-09 21:03:08,sp2401,sp2401,5232.0,2.0,104640.0,-2.0,4,5230.0,5232.0,1,5206.0,5204.0,5238.0,5192.0,1865.0,97215960.0,17786
2023-05-09 21:03:08,sp2401,sp2401,5232.0,1.0,52320.0,-1.0,5,5230.0,5234.0,3,5206.0,5204.0,5238.0,5192.0,1866.0,97268280.0,17785
2023-05-09 21:03:09,sp2401,sp2401,5232.0,0.0,0.0,0.0,4,5230.0,5234.0,3,5206.0,5204.0,5238.0,5192.0,1866.0,97268280.0,17785
2023-05-09 21:03:11,sp2401,sp2401,5230.0,4.0,209200.0,-2.0,11,5228.0,5234.0,4,5206.0,5204.0,5238.0,5192.0,1870.0,97477480.0,17783
2023-05-09 21:03:12,sp2401,sp2401,5230.0,0.0,0.0,0.0,11,5230.0,5234.0,4,5206.0,5204.0,5238.0,5192.0,1870.0,97477480.0,17783
2023-05-09 21:03:12,sp2401,sp2401,5230.0,0.0,0.0,0.0,11,5230.0,5234.0,5,5206.0,5204.0,5238.0,5192.0,1870.0,97477480.0,17783
2023-05-09 21:03:13,sp2401,sp2401,5230.0,0.0,0.0,0.0,11,5230.0,5234.0,4,5206.0,5204.0,5238.0,5192.0,1870.0,97477480.0,17783
2023-05-09 21:03:13,sp2401,sp2401,5230.0,0.0,0.0,0.0,11,5230.0,5232.0,1,5206.0,5204.0,5238.0,5192.0,1870.0,97477480.0,17783
2023-05-09 21:03:14,sp2401,sp2401,5232.0,1.0,52320.0,-1.0,11,5230.0,5234.0,3,5206.0,5204.0,5238.0,5192.0,1871.0,97529800.0,17782
2023-05-09 21:03:15,sp2401,sp2401,5232.0,0.0,0.0,0.0,11,5230.0,5234.0,4,5206.0,5204.0,5238.0,5192.0,1871.0,97529800.0,17782
2023-05-09 21:03:15,sp2401,sp2401,5232.0,0.0,0.0,0.0,16,5230.0,5234.0,5,5206.0,5204.0,5238.0,5192.0,1871.0,97529800.0,17782
2023-05-09 21:03:16,sp2401,sp2401,5232.0,0.0,0.0,0.0,18,5230.0,5234.0,5,5206.0,5204.0,5238.0,5192.0,1871.0,97529800.0,17782
2023-05-09 21:03:16,sp2401,sp2401,5232.0,0.0,0.0,0.0,19,5230.0,5234.0,5,5206.0,5204.0,5238.0,5192.0,1871.0,97529800.0,17782
2023-05-09 21:03:17,sp2401,sp2401,5232.0,0.0,0.0,0.0,19,5230.0,5234.0,5,5206.0,5204.0,5238.0,5192.0,1871.0,97529800.0,17782
2023-05-09 21:03:17,sp2401,sp2401,5230.0,1.0,52300.0,1.0,17,5230.0,5234.0,5,5206.0,5204.0,5238.0,5192.0,1872.0,97582100.0,17783
2023-05-09 21:03:18,sp2401,sp2401,5230.0,0.0,0.0,0.0,18,5230.0,5234.0,5,5206.0,5204.0,5238.0,5192.0,1872.0,97582100.0,17783
2023-05-09 21:03:18,sp2401,sp2401,5230.0,0.0,0.0,0.0,17,5230.0,5234.0,7,5206.0,5204.0,5238.0,5192.0,1872.0,97582100.0,17783
2023-05-09 21:03:20,sp2401,sp2401,5230.0,0.0,0.0,0.0,1,5232.0,5234.0,7,5206.0,5204.0,5238.0,5192.0,1872.0,97582100.0,17783
2023-05-09 21:03:20,sp2401,sp2401,5234.0,7.0,366380.0,3.0,1,5232.0,5236.0,10,5206.0,5204.0,5238.0,5192.0,1879.0,97948480.0,17786
2023-05-09 21:03:21,sp2401,sp2401,5234.0,0.0,0.0,0.0,3,5234.0,5236.0,10,5206.0,5204.0,5238.0,5192.0,1879.0,97948480.0,17786
2023-05-09 21:03:21,sp2401,sp2401,5234.0,2.0,104680.0,1.0,1,5234.0,5236.0,10,5206.0,5204.0,5238.0,5192.0,1881.0,98053160.0,17787
2023-05-09 21:03:22,sp2401,sp2401,5234.0,1.0,52340.0,1.0,1,5234.0,5236.0,10,5206.0,5204.0,5238.0,5192.0,1882.0,98105500.0,17788
2023-05-09 21:03:22,sp2401,sp2401,5234.0,11.0,575940.0,7.0,5,5232.0,5238.0,13,5206.0,5204.0,5238.0,5192.0,1893.0,98681440.0,17795
2023-05-09 21:03:23,sp2401,sp2401,5234.0,0.0,0.0,0.0,15,5234.0,5238.0,8,5206.0,5204.0,5238.0,5192.0,1893.0,98681440.0,17795
2023-05-09 21:03:23,sp2401,sp2401,5234.0,0.0,0.0,0.0,17,5234.0,5238.0,8,5206.0,5204.0,5238.0,5192.0,1893.0,98681440.0,17795
2023-05-09 21:03:24,sp2401,sp2401,5234.0,0.0,0.0,0.0,18,5234.0,5238.0,8,5206.0,5204.0,5238.0,5192.0,1893.0,98681440.0,17795
2023-05-09 21:03:25,sp2401,sp2401,5234.0,1.0,52340.0,-1.0,18,5234.0,5238.0,8,5206.0,5204.0,5238.0,5192.0,1894.0,98733780.0,17794
2023-05-09 21:03:25,sp2401,sp2401,5234.0,1.0,52340.0,1.0,16,5234.0,5238.0,8,5206.0,5204.0,5238.0,5192.0,1895.0,98786120.0,17795
2023-05-09 21:03:26,sp2401,sp2401,5234.0,0.0,0.0,0.0,17,5234.0,5238.0,8,5206.0,5204.0,5238.0,5192.0,1895.0,98786120.0,17795
2023-05-09 21:03:26,sp2401,sp2401,5234.0,0.0,0.0,0.0,17,5234.0,5238.0,8,5206.0,5204.0,5238.0,5192.0,1895.0,98786120.0,17795
2023-05-09 21:03:27,sp2401,sp2401,5234.0,0.0,0.0,0.0,18,5234.0,5238.0,9,5206.0,5204.0,5238.0,5192.0,1895.0,98786120.0,17795
2023-05-09 21:03:27,sp2401,sp2401,5234.0,0.0,0.0,0.0,1,5236.0,5238.0,9,5206.0,5204.0,5238.0,5192.0,1895.0,98786120.0,17795
2023-05-09 21:03:28,sp2401,sp2401,5236.0,1.0,52360.0,1.0,15,5234.0,5238.0,9,5206.0,5204.0,5238.0,5192.0,1896.0,98838480.0,17796
2023-05-09 21:03:28,sp2401,sp2401,5238.0,2.0,104760.0,1.0,13,5236.0,5238.0,4,5206.0,5204.0,5238.0,5192.0,1898.0,98943240.0,17797
2023-05-09 21:03:29,sp2401,sp2401,5238.0,4.0,209520.0,-1.0,1,5238.0,5240.0,10,5206.0,5204.0,5238.0,5192.0,1902.0,99152760.0,17796
2023-05-09 21:03:29,sp2401,sp2401,5238.0,1.0,52380.0,0.0,13,5236.0,5238.0,1,5206.0,5204.0,5238.0,5192.0,1903.0,99205140.0,17796
2023-05-09 21:03:30,sp2401,sp2401,5238.0,1.0,52380.0,0.0,13,5236.0,5240.0,10,5206.0,5204.0,5238.0,5192.0,1904.0,99257520.0,17796
2023-05-09 21:03:30,sp2401,sp2401,5238.0,0.0,0.0,0.0,14,5236.0,5240.0,10,5206.0,5204.0,5238.0,5192.0,1904.0,99257520.0,17796
2023-05-09 21:03:31,sp2401,sp2401,5238.0,0.0,0.0,0.0,14,5236.0,5240.0,10,5206.0,5204.0,5238.0,5192.0,1904.0,99257520.0,17796
2023-05-09 21:03:31,sp2401,sp2401,5238.0,0.0,0.0,0.0,1,5238.0,5240.0,10,5206.0,5204.0,5238.0,5192.0,1904.0,99257520.0,17796
2023-05-09 21:03:32,sp2401,sp2401,5238.0,0.0,0.0,0.0,1,5238.0,5240.0,10,5206.0,5204.0,5238.0,5192.0,1904.0,99257520.0,17796
2023-05-09 21:03:32,sp2401,sp2401,5238.0,0.0,0.0,0.0,2,5238.0,5240.0,10,5206.0,5204.0,5238.0,5192.0,1904.0,99257520.0,17796
2023-05-09 21:03:33,sp2401,sp2401,5238.0,0.0,0.0,0.0,2,5238.0,5240.0,10,5206.0,5204.0,5238.0,5192.0,1904.0,99257520.0,17796
2023-05-09 21:03:33,sp2401,sp2401,5238.0,0.0,0.0,0.0,2,5238.0,5240.0,8,5206.0,5204.0,5238.0,5192.0,1904.0,99257520.0,17796
2023-05-09 21:03:34,sp2401,sp2401,5238.0,0.0,0.0,0.0,2,5238.0,5240.0,8,5206.0,5204.0,5238.0,5192.0,1904.0,99257520.0,17796
2023-05-09 21:03:34,sp2401,sp2401,5240.0,1.0,52400.0,-1.0,2,5238.0,5240.0,7,5206.0,5204.0,5240.0,5192.0,1905.0,99309920.0,17795
2023-05-09 21:03:35,sp2401,sp2401,5240.0,0.0,0.0,0.0,2,5238.0,5240.0,8,5206.0,5204.0,5240.0,5192.0,1905.0,99309920.0,17795
2023-05-09 21:03:35,sp2401,sp2401,5240.0,0.0,0.0,0.0,2,5238.0,5240.0,8,5206.0,5204.0,5240.0,5192.0,1905.0,99309920.0,17795
2023-05-09 21:03:36,sp2401,sp2401,5240.0,0.0,0.0,0.0,2,5238.0,5240.0,8,5206.0,5204.0,5240.0,5192.0,1905.0,99309920.0,17795
2023-05-09 21:03:37,sp2401,sp2401,5240.0,1.0,52400.0,0.0,2,5238.0,5240.0,7,5206.0,5204.0,5240.0,5192.0,1906.0,99362320.0,17795
2023-05-09 21:03:37,sp2401,sp2401,5238.0,2.0,104760.0,-1.0,13,5236.0,5240.0,7,5206.0,5204.0,5240.0,5192.0,1908.0,99467080.0,17794
2023-05-09 21:03:38,sp2401,sp2401,5240.0,2.0,104800.0,0.0,14,5236.0,5240.0,5,5206.0,5204.0,5240.0,5192.0,1910.0,99571880.0,17794
2023-05-09 21:03:39,sp2401,sp2401,5240.0,2.0,104800.0,2.0,4,5238.0,5240.0,3,5206.0,5204.0,5240.0,5192.0,1912.0,99676680.0,17796
2023-05-09 21:03:39,sp2401,sp2401,5240.0,2.0,104800.0,0.0,4,5238.0,5240.0,1,5206.0,5204.0,5240.0,5192.0,1914.0,99781480.0,17796
2023-05-09 21:03:40,sp2401,sp2401,5238.0,1.0,52380.0,0.0,3,5238.0,5240.0,2,5206.0,5204.0,5240.0,5192.0,1915.0,99833860.0,17796
2023-05-09 21:03:40,sp2401,sp2401,5238.0,3.0,157140.0,0.0,10,5236.0,5240.0,2,5206.0,5204.0,5240.0,5192.0,1918.0,99991000.0,17796
2023-05-09 21:03:41,sp2401,sp2401,5238.0,0.0,0.0,0.0,4,5236.0,5238.0,1,5206.0,5204.0,5240.0,5192.0,1918.0,99991000.0,17796
2023-05-09 21:03:41,sp2401,sp2401,5238.0,0.0,0.0,0.0,4,5236.0,5238.0,1,5206.0,5204.0,5240.0,5192.0,1918.0,99991000.0,17796
2023-05-09 21:03:42,sp2401,sp2401,5238.0,0.0,0.0,0.0,5,5236.0,5238.0,1,5206.0,5204.0,5240.0,5192.0,1918.0,99991000.0,17796
2023-05-09 21:03:42,sp2401,sp2401,5238.0,0.0,0.0,0.0,11,5236.0,5240.0,7,5206.0,5204.0,5240.0,5192.0,1918.0,99991000.0,17796
2023-05-09 21:03:43,sp2401,sp2401,5238.0,0.0,0.0,0.0,11,5236.0,5240.0,7,5206.0,5204.0,5240.0,5192.0,1918.0,99991000.0,17796
2023-05-09 21:03:44,sp2401,sp2401,5238.0,0.0,0.0,0.0,11,5236.0,5240.0,8,5206.0,5204.0,5240.0,5192.0,1918.0,99991000.0,17796
2023-05-09 21:03:46,sp2401,sp2401,5240.0,2.0,104800.0,1.0,12,5236.0,5240.0,6,5206.0,5204.0,5240.0,5192.0,1920.0,100095800.0,17797
2023-05-09 21:03:46,sp2401,sp2401,5240.0,2.0,104800.0,2.0,1,5238.0,5240.0,5,5206.0,5204.0,5240.0,5192.0,1922.0,100200600.0,17799
2023-05-09 21:03:47,sp2401,sp2401,5240.0,0.0,0.0,0.0,3,5238.0,5240.0,5,5206.0,5204.0,5240.0,5192.0,1922.0,100200600.0,17799
2023-05-09 21:03:47,sp2401,sp2401,5240.0,2.0,104800.0,0.0,4,5238.0,5240.0,6,5206.0,5204.0,5240.0,5192.0,1924.0,100305400.0,17799
2023-05-09 21:03:48,sp2401,sp2401,5240.0,2.0,104800.0,1.0,4,5238.0,5240.0,4,5206.0,5204.0,5240.0,5192.0,1926.0,100410200.0,17800
2023-05-09 21:03:48,sp2401,sp2401,5240.0,4.0,209600.0,1.0,4,5238.0,5242.0,8,5206.0,5204.0,5240.0,5192.0,1930.0,100619800.0,17801
2023-05-09 21:03:49,sp2401,sp2401,5238.0,4.0,209520.0,-3.0,11,5236.0,5238.0,96,5206.0,5204.0,5240.0,5192.0,1934.0,100829320.0,17798
2023-05-09 21:03:49,sp2401,sp2401,5238.0,2.0,104760.0,0.0,11,5236.0,5238.0,94,5206.0,5204.0,5240.0,5192.0,1936.0,100934080.0,17798
2023-05-09 21:03:50,sp2401,sp2401,5238.0,2.0,104760.0,0.0,11,5236.0,5238.0,92,5206.0,5204.0,5240.0,5192.0,1938.0,101038840.0,17798
2023-05-09 21:03:50,sp2401,sp2401,5238.0,2.0,104760.0,0.0,11,5236.0,5238.0,90,5206.0,5204.0,5240.0,5192.0,1940.0,101143600.0,17798
2023-05-09 21:03:51,sp2401,sp2401,5238.0,3.0,157120.0,0.0,10,5236.0,5238.0,88,5206.0,5204.0,5240.0,5192.0,1943.0,101300720.0,17798
2023-05-09 21:03:51,sp2401,sp2401,5238.0,2.0,104760.0,0.0,4,5236.0,5238.0,86,5206.0,5204.0,5240.0,5192.0,1945.0,101405480.0,17798
2023-05-09 21:03:52,sp2401,sp2401,5238.0,2.0,104760.0,0.0,4,5236.0,5238.0,84,5206.0,5204.0,5240.0,5192.0,1947.0,101510240.0,17798
2023-05-09 21:03:52,sp2401,sp2401,5238.0,2.0,104760.0,0.0,4,5236.0,5238.0,82,5206.0,5204.0,5240.0,5192.0,1949.0,101615000.0,17798
2023-05-09 21:03:53,sp2401,sp2401,5238.0,2.0,104760.0,0.0,4,5236.0,5238.0,80,5206.0,5204.0,5240.0,5192.0,1951.0,101719760.0,17798
2023-05-09 21:03:53,sp2401,sp2401,5238.0,2.0,104760.0,0.0,4,5236.0,5238.0,79,5206.0,5204.0,5240.0,5192.0,1953.0,101824520.0,17798
2023-05-09 21:03:54,sp2401,sp2401,5238.0,5.0,261840.0,2.0,1,5236.0,5238.0,77,5206.0,5204.0,5240.0,5192.0,1958.0,102086360.0,17800
2023-05-09 21:03:54,sp2401,sp2401,5238.0,2.0,104760.0,0.0,1,5236.0,5238.0,75,5206.0,5204.0,5240.0,5192.0,1960.0,102191120.0,17800
2023-05-09 21:03:55,sp2401,sp2401,5238.0,3.0,157120.0,0.0,7,5234.0,5238.0,74,5206.0,5204.0,5240.0,5192.0,1963.0,102348240.0,17800
2023-05-09 21:03:55,sp2401,sp2401,5238.0,2.0,104760.0,0.0,7,5234.0,5238.0,72,5206.0,5204.0,5240.0,5192.0,1965.0,102453000.0,17800
2023-05-09 21:03:56,sp2401,sp2401,5238.0,2.0,104760.0,0.0,7,5234.0,5238.0,70,5206.0,5204.0,5240.0,5192.0,1967.0,102557760.0,17800
2023-05-09 21:03:56,sp2401,sp2401,5238.0,2.0,104760.0,0.0,7,5234.0,5238.0,68,5206.0,5204.0,5240.0,5192.0,1969.0,102662520.0,17800
2023-05-09 21:03:57,sp2401,sp2401,5238.0,2.0,104760.0,0.0,7,5234.0,5238.0,66,5206.0,5204.0,5240.0,5192.0,1971.0,102767280.0,17800
2023-05-09 21:03:57,sp2401,sp2401,5238.0,2.0,104760.0,0.0,7,5234.0,5238.0,65,5206.0,5204.0,5240.0,5192.0,1973.0,102872040.0,17800
2023-05-09 21:03:58,sp2401,sp2401,5238.0,2.0,104760.0,0.0,7,5234.0,5238.0,62,5206.0,5204.0,5240.0,5192.0,1975.0,102976800.0,17800
2023-05-09 21:03:58,sp2401,sp2401,5238.0,2.0,104760.0,0.0,7,5234.0,5238.0,60,5206.0,5204.0,5240.0,5192.0,1977.0,103081560.0,17800
2023-05-09 21:03:59,sp2401,sp2401,5238.0,2.0,104760.0,0.0,7,5234.0,5238.0,58,5206.0,5204.0,5240.0,5192.0,1979.0,103186320.0,17800
2023-05-09 21:03:59,sp2401,sp2401,5238.0,2.0,104760.0,0.0,7,5234.0,5238.0,56,5206.0,5204.0,5240.0,5192.0,1981.0,103291080.0,17800
2023-05-09 21:04:00,sp2401,sp2401,5238.0,2.0,104760.0,0.0,3,5236.0,5238.0,54,5206.0,5204.0,5240.0,5192.0,1983.0,103395840.0,17800
2023-05-09 21:04:00,sp2401,sp2401,5238.0,3.0,157120.0,1.0,2,5236.0,5238.0,52,5206.0,5204.0,5240.0,5192.0,1986.0,103552960.0,17801
2023-05-09 21:04:01,sp2401,sp2401,5238.0,2.0,104760.0,0.0,4,5236.0,5238.0,50,5206.0,5204.0,5240.0,5192.0,1988.0,103657720.0,17801
2023-05-09 21:04:01,sp2401,sp2401,5238.0,2.0,104760.0,0.0,4,5236.0,5238.0,47,5206.0,5204.0,5240.0,5192.0,1990.0,103762480.0,17801
2023-05-09 21:04:02,sp2401,sp2401,5238.0,2.0,104760.0,0.0,4,5236.0,5238.0,46,5206.0,5204.0,5240.0,5192.0,1992.0,103867240.0,17801
2023-05-09 21:04:02,sp2401,sp2401,5238.0,2.0,104760.0,0.0,4,5236.0,5238.0,44,5206.0,5204.0,5240.0,5192.0,1994.0,103972000.0,17801
2023-05-09 21:04:03,sp2401,sp2401,5238.0,2.0,104760.0,0.0,4,5236.0,5238.0,42,5206.0,5204.0,5240.0,5192.0,1996.0,104076760.0,17801
2023-05-09 21:04:03,sp2401,sp2401,5238.0,2.0,104760.0,0.0,4,5236.0,5238.0,40,5206.0,5204.0,5240.0,5192.0,1998.0,104181520.0,17801
2023-05-09 21:04:04,sp2401,sp2401,5238.0,2.0,104760.0,0.0,4,5236.0,5238.0,38,5206.0,5204.0,5240.0,5192.0,2000.0,104286280.0,17801
2023-05-09 21:04:04,sp2401,sp2401,5238.0,2.0,104760.0,0.0,4,5236.0,5238.0,36,5206.0,5204.0,5240.0,5192.0,2002.0,104391040.0,17801
2023-05-09 21:04:05,sp2401,sp2401,5238.0,6.0,314200.0,4.0,7,5234.0,5238.0,34,5206.0,5204.0,5240.0,5192.0,2008.0,104705240.0,17805
2023-05-09 21:04:05,sp2401,sp2401,5238.0,0.0,0.0,0.0,1,5234.0,5238.0,34,5206.0,5204.0,5240.0,5192.0,2008.0,104705240.0,17805
2023-05-09 21:04:06,sp2401,sp2401,5238.0,2.0,104760.0,0.0,1,5234.0,5238.0,35,5206.0,5204.0,5240.0,5192.0,2010.0,104810000.0,17805
2023-05-09 21:04:06,sp2401,sp2401,5238.0,2.0,104760.0,0.0,1,5234.0,5238.0,33,5206.0,5204.0,5240.0,5192.0,2012.0,104914760.0,17805
2023-05-09 21:04:07,sp2401,sp2401,5238.0,2.0,104760.0,0.0,2,5234.0,5238.0,31,5206.0,5204.0,5240.0,5192.0,2014.0,105019520.0,17805
2023-05-09 21:04:07,sp2401,sp2401,5238.0,2.0,104760.0,0.0,1,5236.0,5238.0,28,5206.0,5204.0,5240.0,5192.0,2016.0,105124280.0,17805
2023-05-09 21:04:08,sp2401,sp2401,5238.0,2.0,104760.0,0.0,1,5236.0,5238.0,26,5206.0,5204.0,5240.0,5192.0,2018.0,105229040.0,17805
2023-05-09 21:04:08,sp2401,sp2401,5238.0,2.0,104760.0,0.0,1,5236.0,5238.0,24,5206.0,5204.0,5240.0,5192.0,2020.0,105333800.0,17805
2023-05-09 21:04:09,sp2401,sp2401,5238.0,2.0,104760.0,0.0,1,5236.0,5238.0,22,5206.0,5204.0,5240.0,5192.0,2022.0,105438560.0,17805
2023-05-09 21:04:09,sp2401,sp2401,5238.0,2.0,104760.0,0.0,1,5236.0,5238.0,20,5206.0,5204.0,5240.0,5192.0,2024.0,105543320.0,17805
2023-05-09 21:04:10,sp2401,sp2401,5238.0,0.0,0.0,0.0,3,5236.0,5238.0,20,5206.0,5204.0,5240.0,5192.0,2024.0,105543320.0,17805
2023-05-09 21:04:11,sp2401,sp2401,5238.0,2.0,104760.0,0.0,3,5236.0,5238.0,18,5206.0,5204.0,5240.0,5192.0,2026.0,105648080.0,17805
2023-05-09 21:04:11,sp2401,sp2401,5238.0,2.0,104760.0,0.0,3,5236.0,5238.0,16,5206.0,5204.0,5240.0,5192.0,2028.0,105752840.0,17805
2023-05-09 21:04:12,sp2401,sp2401,5236.0,3.0,157120.0,-1.0,2,5236.0,5238.0,13,5206.0,5204.0,5240.0,5192.0,2031.0,105909960.0,17804
2023-05-09 21:04:12,sp2401,sp2401,5238.0,2.0,104760.0,0.0,2,5236.0,5238.0,11,5206.0,5204.0,5240.0,5192.0,2033.0,106014720.0,17804
2023-05-09 21:04:13,sp2401,sp2401,5238.0,3.0,157140.0,0.0,2,5236.0,5238.0,9,5206.0,5204.0,5240.0,5192.0,2036.0,106171860.0,17804
2023-05-09 21:04:13,sp2401,sp2401,5238.0,5.0,261900.0,-3.0,2,5236.0,5238.0,4,5206.0,5204.0,5240.0,5192.0,2041.0,106433760.0,17801
2023-05-09 21:04:14,sp2401,sp2401,5238.0,2.0,104760.0,0.0,2,5236.0,5238.0,2,5206.0,5204.0,5240.0,5192.0,2043.0,106538520.0,17801
2023-05-09 21:04:14,sp2401,sp2401,5238.0,2.0,104760.0,0.0,2,5236.0,5240.0,4,5206.0,5204.0,5240.0,5192.0,2045.0,106643280.0,17801
2023-05-09 21:04:15,sp2401,sp2401,5238.0,0.0,0.0,0.0,2,5236.0,5240.0,4,5206.0,5204.0,5240.0,5192.0,2045.0,106643280.0,17801
2023-05-09 21:04:15,sp2401,sp2401,5238.0,0.0,0.0,0.0,9,5236.0,5240.0,4,5206.0,5204.0,5240.0,5192.0,2045.0,106643280.0,17801
2023-05-09 21:04:16,sp2401,sp2401,5238.0,0.0,0.0,0.0,13,5236.0,5240.0,4,5206.0,5204.0,5240.0,5192.0,2045.0,106643280.0,17801
2023-05-09 21:04:16,sp2401,sp2401,5238.0,0.0,0.0,0.0,13,5236.0,5240.0,4,5206.0,5204.0,5240.0,5192.0,2045.0,106643280.0,17801
2023-05-09 21:04:17,sp2401,sp2401,5238.0,0.0,0.0,0.0,14,5236.0,5240.0,4,5206.0,5204.0,5240.0,5192.0,2045.0,106643280.0,17801
2023-05-09 21:04:18,sp2401,sp2401,5240.0,4.0,209600.0,2.0,14,5236.0,5242.0,8,5206.0,5204.0,5240.0,5192.0,2049.0,106852880.0,17803
2023-05-09 21:04:18,sp2401,sp2401,5240.0,0.0,0.0,0.0,4,5238.0,5240.0,1,5206.0,5204.0,5240.0,5192.0,2049.0,106852880.0,17803
2023-05-09 21:04:19,sp2401,sp2401,5240.0,1.0,52400.0,0.0,5,5238.0,5242.0,8,5206.0,5204.0,5240.0,5192.0,2050.0,106905280.0,17803
2023-05-09 21:04:19,sp2401,sp2401,5238.0,5.0,261900.0,0.0,2,5238.0,5242.0,8,5206.0,5204.0,5240.0,5192.0,2055.0,107167180.0,17803
2023-05-09 21:04:20,sp2401,sp2401,5238.0,0.0,0.0,0.0,2,5238.0,5242.0,6,5206.0,5204.0,5240.0,5192.0,2055.0,107167180.0,17803
2023-05-09 21:04:20,sp2401,sp2401,5238.0,0.0,0.0,0.0,3,5238.0,5242.0,7,5206.0,5204.0,5240.0,5192.0,2055.0,107167180.0,17803
2023-05-09 21:04:22,sp2401,sp2401,5238.0,0.0,0.0,0.0,3,5238.0,5242.0,6,5206.0,5204.0,5240.0,5192.0,2055.0,107167180.0,17803
2023-05-09 21:04:22,sp2401,sp2401,5238.0,0.0,0.0,0.0,4,5238.0,5242.0,6,5206.0,5204.0,5240.0,5192.0,2055.0,107167180.0,17803
2023-05-09 21:04:23,sp2401,sp2401,5238.0,0.0,0.0,0.0,1,5240.0,5242.0,6,5206.0,5204.0,5240.0,5192.0,2055.0,107167180.0,17803
2023-05-09 21:04:23,sp2401,sp2401,5238.0,0.0,0.0,0.0,1,5240.0,5242.0,6,5206.0,5204.0,5240.0,5192.0,2055.0,107167180.0,17803
2023-05-09 21:04:24,sp2401,sp2401,5238.0,0.0,0.0,0.0,1,5240.0,5242.0,6,5206.0,5204.0,5240.0,5192.0,2055.0,107167180.0,17803
2023-05-09 21:04:24,sp2401,sp2401,5238.0,0.0,0.0,0.0,1,5240.0,5242.0,6,5206.0,5204.0,5240.0,5192.0,2055.0,107167180.0,17803
2023-05-09 21:04:25,sp2401,sp2401,5238.0,0.0,0.0,0.0,1,5240.0,5242.0,6,5206.0,5204.0,5240.0,5192.0,2055.0,107167180.0,17803
2023-05-09 21:04:25,sp2401,sp2401,5238.0,0.0,0.0,0.0,1,5240.0,5242.0,6,5206.0,5204.0,5240.0,5192.0,2055.0,107167180.0,17803
2023-05-09 21:04:26,sp2401,sp2401,5238.0,0.0,0.0,0.0,1,5240.0,5242.0,6,5206.0,5204.0,5240.0,5192.0,2055.0,107167180.0,17803
2023-05-09 21:04:26,sp2401,sp2401,5240.0,1.0,52400.0,0.0,6,5238.0,5242.0,6,5206.0,5204.0,5240.0,5192.0,2056.0,107219580.0,17803
2023-05-09 21:04:27,sp2401,sp2401,5240.0,0.0,0.0,0.0,6,5238.0,5242.0,6,5206.0,5204.0,5240.0,5192.0,2056.0,107219580.0,17803
2023-05-09 21:04:27,sp2401,sp2401,5240.0,0.0,0.0,0.0,5,5238.0,5242.0,6,5206.0,5204.0,5240.0,5192.0,2056.0,107219580.0,17803
2023-05-09 21:04:28,sp2401,sp2401,5240.0,0.0,0.0,0.0,4,5238.0,5242.0,6,5206.0,5204.0,5240.0,5192.0,2056.0,107219580.0,17803
2023-05-09 21:04:28,sp2401,sp2401,5240.0,0.0,0.0,0.0,4,5238.0,5242.0,7,5206.0,5204.0,5240.0,5192.0,2056.0,107219580.0,17803
2023-05-09 21:04:29,sp2401,sp2401,5238.0,1.0,52380.0,-1.0,3,5238.0,5242.0,7,5206.0,5204.0,5240.0,5192.0,2057.0,107271960.0,17802
2023-05-09 21:04:29,sp2401,sp2401,5238.0,0.0,0.0,0.0,3,5238.0,5242.0,6,5206.0,5204.0,5240.0,5192.0,2057.0,107271960.0,17802
2023-05-09 21:04:30,sp2401,sp2401,5238.0,1.0,52380.0,-1.0,2,5238.0,5242.0,7,5206.0,5204.0,5240.0,5192.0,2058.0,107324340.0,17801
2023-05-09 21:04:31,sp2401,sp2401,5238.0,0.0,0.0,0.0,3,5238.0,5240.0,4,5206.0,5204.0,5240.0,5192.0,2058.0,107324340.0,17801
2023-05-09 21:04:31,sp2401,sp2401,5238.0,1.0,52380.0,1.0,2,5238.0,5240.0,6,5206.0,5204.0,5240.0,5192.0,2059.0,107376720.0,17802
2023-05-09 21:04:32,sp2401,sp2401,5240.0,2.0,104780.0,1.0,1,5238.0,5240.0,8,5206.0,5204.0,5240.0,5192.0,2061.0,107481500.0,17803
2023-05-09 21:04:32,sp2401,sp2401,5240.0,0.0,0.0,0.0,12,5236.0,5240.0,10,5206.0,5204.0,5240.0,5192.0,2061.0,107481500.0,17803
2023-05-09 21:04:33,sp2401,sp2401,5238.0,2.0,104780.0,0.0,2,5238.0,5240.0,9,5206.0,5204.0,5240.0,5192.0,2063.0,107586280.0,17803
2023-05-09 21:04:33,sp2401,sp2401,5238.0,3.0,157180.0,0.0,1,5238.0,5240.0,7,5206.0,5204.0,5240.0,5192.0,2066.0,107743460.0,17803
2023-05-09 21:04:34,sp2401,sp2401,5240.0,2.0,104800.0,2.0,1,5238.0,5240.0,5,5206.0,5204.0,5240.0,5192.0,2068.0,107848260.0,17805
2023-05-09 21:04:34,sp2401,sp2401,5240.0,2.0,104800.0,2.0,1,5238.0,5240.0,3,5206.0,5204.0,5240.0,5192.0,2070.0,107953060.0,17807
2023-05-09 21:04:35,sp2401,sp2401,5240.0,2.0,104800.0,2.0,1,5238.0,5240.0,1,5206.0,5204.0,5240.0,5192.0,2072.0,108057860.0,17809
2023-05-09 21:04:35,sp2401,sp2401,5240.0,0.0,0.0,0.0,1,5238.0,5240.0,1,5206.0,5204.0,5240.0,5192.0,2072.0,108057860.0,17809
2023-05-09 21:04:36,sp2401,sp2401,5240.0,1.0,52400.0,1.0,3,5238.0,5242.0,5,5206.0,5204.0,5240.0,5192.0,2073.0,108110260.0,17810
2023-05-09 21:04:36,sp2401,sp2401,5240.0,0.0,0.0,0.0,6,5238.0,5240.0,1,5206.0,5204.0,5240.0,5192.0,2073.0,108110260.0,17810
2023-05-09 21:04:37,sp2401,sp2401,5240.0,1.0,52400.0,0.0,1,5240.0,5242.0,5,5206.0,5204.0,5240.0,5192.0,2074.0,108162660.0,17810
2023-05-09 21:04:37,sp2401,sp2401,5240.0,1.0,52400.0,1.0,8,5238.0,5242.0,5,5206.0,5204.0,5240.0,5192.0,2075.0,108215060.0,17811
2023-05-09 21:04:38,sp2401,sp2401,5240.0,0.0,0.0,0.0,9,5238.0,5242.0,6,5206.0,5204.0,5240.0,5192.0,2075.0,108215060.0,17811
2023-05-09 21:04:38,sp2401,sp2401,5240.0,0.0,0.0,0.0,9,5238.0,5242.0,6,5206.0,5204.0,5240.0,5192.0,2075.0,108215060.0,17811
2023-05-09 21:04:39,sp2401,sp2401,5240.0,0.0,0.0,0.0,1,5240.0,5242.0,6,5206.0,5204.0,5240.0,5192.0,2075.0,108215060.0,17811
2023-05-09 21:04:40,sp2401,sp2401,5240.0,0.0,0.0,0.0,2,5240.0,5242.0,6,5206.0,5204.0,5240.0,5192.0,2075.0,108215060.0,17811
2023-05-09 21:04:41,sp2401,sp2401,5240.0,0.0,0.0,0.0,4,5240.0,5242.0,6,5206.0,5204.0,5240.0,5192.0,2075.0,108215060.0,17811
2023-05-09 21:04:41,sp2401,sp2401,5240.0,0.0,0.0,0.0,5,5240.0,5242.0,6,5206.0,5204.0,5240.0,5192.0,2075.0,108215060.0,17811
2023-05-09 21:04:43,sp2401,sp2401,5240.0,0.0,0.0,0.0,6,5240.0,5242.0,6,5206.0,5204.0,5240.0,5192.0,2075.0,108215060.0,17811
2023-05-09 21:04:43,sp2401,sp2401,5240.0,1.0,52400.0,0.0,5,5240.0,5242.0,6,5206.0,5204.0,5240.0,5192.0,2076.0,108267460.0,17811
2023-05-09 21:04:44,sp2401,sp2401,5240.0,0.0,0.0,0.0,5,5240.0,5242.0,6,5206.0,5204.0,5240.0,5192.0,2076.0,108267460.0,17811
2023-05-09 21:04:46,sp2401,sp2401,5240.0,1.0,52400.0,-1.0,4,5240.0,5242.0,6,5206.0,5204.0,5240.0,5192.0,2077.0,108319860.0,17810
2023-05-09 21:04:47,sp2401,sp2401,5240.0,1.0,52400.0,0.0,3,5240.0,5242.0,6,5206.0,5204.0,5240.0,5192.0,2078.0,108372260.0,17810
2023-05-09 21:04:48,sp2401,sp2401,5240.0,0.0,0.0,0.0,3,5240.0,5242.0,6,5206.0,5204.0,5240.0,5192.0,2078.0,108372260.0,17810
2023-05-09 21:04:49,sp2401,sp2401,5240.0,0.0,0.0,0.0,3,5240.0,5242.0,6,5206.0,5204.0,5240.0,5192.0,2078.0,108372260.0,17810
2023-05-09 21:04:50,sp2401,sp2401,5240.0,0.0,0.0,0.0,3,5240.0,5242.0,6,5206.0,5204.0,5240.0,5192.0,2078.0,108372260.0,17810
2023-05-09 21:04:50,sp2401,sp2401,5240.0,0.0,0.0,0.0,3,5240.0,5242.0,6,5206.0,5204.0,5240.0,5192.0,2078.0,108372260.0,17810
2023-05-09 21:04:51,sp2401,sp2401,5240.0,0.0,0.0,0.0,3,5240.0,5242.0,6,5206.0,5204.0,5240.0,5192.0,2078.0,108372260.0,17810
2023-05-09 21:04:53,sp2401,sp2401,5240.0,3.0,157200.0,-2.0,4,5238.0,5242.0,6,5206.0,5204.0,5240.0,5192.0,2081.0,108529460.0,17808
2023-05-09 21:04:57,sp2401,sp2401,5240.0,0.0,0.0,0.0,5,5238.0,5242.0,6,5206.0,5204.0,5240.0,5192.0,2081.0,108529460.0,17808
2023-05-09 21:04:58,sp2401,sp2401,5238.0,1.0,52380.0,1.0,4,5238.0,5242.0,6,5206.0,5204.0,5240.0,5192.0,2082.0,108581840.0,17809
2023-05-09 21:04:59,sp2401,sp2401,5238.0,0.0,0.0,0.0,4,5238.0,5240.0,1,5206.0,5204.0,5240.0,5192.0,2082.0,108581840.0,17809
2023-05-09 21:04:59,sp2401,sp2401,5238.0,2.0,104780.0,0.0,3,5238.0,5240.0,2,5206.0,5204.0,5240.0,5192.0,2084.0,108686620.0,17809
2023-05-09 21:05:00,sp2401,sp2401,5238.0,0.0,0.0,0.0,3,5238.0,5240.0,2,5206.0,5204.0,5240.0,5192.0,2084.0,108686620.0,17809
2023-05-09 21:05:02,sp2401,sp2401,5238.0,0.0,0.0,0.0,3,5238.0,5240.0,2,5206.0,5204.0,5240.0,5192.0,2084.0,108686620.0,17809
2023-05-09 21:05:02,sp2401,sp2401,5240.0,1.0,52400.0,0.0,3,5238.0,5240.0,1,5206.0,5204.0,5240.0,5192.0,2085.0,108739020.0,17809
2023-05-09 21:05:03,sp2401,sp2401,5240.0,0.0,0.0,0.0,4,5238.0,5240.0,1,5206.0,5204.0,5240.0,5192.0,2085.0,108739020.0,17809
2023-05-09 21:05:04,sp2401,sp2401,5240.0,0.0,0.0,0.0,4,5238.0,5240.0,2,5206.0,5204.0,5240.0,5192.0,2085.0,108739020.0,17809
2023-05-09 21:05:04,sp2401,sp2401,5238.0,4.0,209520.0,-1.0,14,5236.0,5238.0,21,5206.0,5204.0,5240.0,5192.0,2089.0,108948540.0,17808
2023-05-09 21:05:05,sp2401,sp2401,5238.0,3.0,157140.0,-1.0,14,5236.0,5238.0,18,5206.0,5204.0,5240.0,5192.0,2092.0,109105680.0,17807
2023-05-09 21:05:05,sp2401,sp2401,5238.0,18.0,942840.0,-1.0,14,5236.0,5240.0,3,5206.0,5204.0,5240.0,5192.0,2110.0,110048520.0,17806
2023-05-09 21:05:06,sp2401,sp2401,5238.0,0.0,0.0,0.0,13,5236.0,5240.0,3,5206.0,5204.0,5240.0,5192.0,2110.0,110048520.0,17806
2023-05-09 21:05:06,sp2401,sp2401,5240.0,1.0,52400.0,1.0,4,5238.0,5240.0,2,5206.0,5204.0,5240.0,5192.0,2111.0,110100920.0,17807
2023-05-09 21:05:07,sp2401,sp2401,5240.0,1.0,52400.0,0.0,4,5238.0,5240.0,1,5206.0,5204.0,5240.0,5192.0,2112.0,110153320.0,17807
2023-05-09 21:05:07,sp2401,sp2401,5240.0,1.0,52400.0,0.0,5,5240.0,5242.0,6,5206.0,5204.0,5240.0,5192.0,2113.0,110205720.0,17807
2023-05-09 21:05:08,sp2401,sp2401,5240.0,0.0,0.0,0.0,6,5238.0,5242.0,7,5206.0,5204.0,5240.0,5192.0,2113.0,110205720.0,17807
2023-05-09 21:05:08,sp2401,sp2401,5240.0,0.0,0.0,0.0,7,5238.0,5242.0,8,5206.0,5204.0,5240.0,5192.0,2113.0,110205720.0,17807
2023-05-09 21:05:09,sp2401,sp2401,5240.0,0.0,0.0,0.0,8,5238.0,5242.0,7,5206.0,5204.0,5240.0,5192.0,2113.0,110205720.0,17807
2023-05-09 21:05:09,sp2401,sp2401,5240.0,0.0,0.0,0.0,8,5238.0,5242.0,7,5206.0,5204.0,5240.0,5192.0,2113.0,110205720.0,17807
2023-05-09 21:05:10,sp2401,sp2401,5240.0,0.0,0.0,0.0,1,5240.0,5242.0,7,5206.0,5204.0,5240.0,5192.0,2113.0,110205720.0,17807
2023-05-09 21:05:12,sp2401,sp2401,5242.0,3.0,157220.0,-1.0,4,5240.0,5242.0,6,5206.0,5204.0,5242.0,5192.0,2116.0,110362940.0,17806
2023-05-09 21:05:12,sp2401,sp2401,5242.0,2.0,104840.0,0.0,4,5240.0,5242.0,4,5206.0,5204.0,5242.0,5192.0,2118.0,110467780.0,17806
2023-05-09 21:05:13,sp2401,sp2401,5242.0,2.0,104840.0,0.0,4,5240.0,5242.0,2,5206.0,5204.0,5242.0,5192.0,2120.0,110572620.0,17806
2023-05-09 21:05:13,sp2401,sp2401,5242.0,2.0,104840.0,2.0,4,5240.0,5244.0,6,5206.0,5204.0,5242.0,5192.0,2122.0,110677460.0,17808
2023-05-09 21:05:14,sp2401,sp2401,5242.0,0.0,0.0,0.0,5,5240.0,5244.0,6,5206.0,5204.0,5242.0,5192.0,2122.0,110677460.0,17808
2023-05-09 21:05:14,sp2401,sp2401,5240.0,1.0,52400.0,-1.0,8,5238.0,5242.0,1,5206.0,5204.0,5242.0,5192.0,2123.0,110729860.0,17807
2023-05-09 21:05:15,sp2401,sp2401,5240.0,0.0,0.0,0.0,9,5238.0,5242.0,1,5206.0,5204.0,5242.0,5192.0,2123.0,110729860.0,17807
2023-05-09 21:05:16,sp2401,sp2401,5240.0,0.0,0.0,0.0,8,5238.0,5242.0,1,5206.0,5204.0,5242.0,5192.0,2123.0,110729860.0,17807
2023-05-09 21:05:16,sp2401,sp2401,5240.0,0.0,0.0,0.0,8,5238.0,5240.0,2,5206.0,5204.0,5242.0,5192.0,2123.0,110729860.0,17807
2023-05-09 21:05:17,sp2401,sp2401,5240.0,0.0,0.0,0.0,8,5238.0,5242.0,2,5206.0,5204.0,5242.0,5192.0,2123.0,110729860.0,17807
2023-05-09 21:05:17,sp2401,sp2401,5240.0,0.0,0.0,0.0,9,5238.0,5242.0,4,5206.0,5204.0,5242.0,5192.0,2123.0,110729860.0,17807
2023-05-09 21:05:18,sp2401,sp2401,5240.0,0.0,0.0,0.0,1,5240.0,5242.0,4,5206.0,5204.0,5242.0,5192.0,2123.0,110729860.0,17807
2023-05-09 21:05:18,sp2401,sp2401,5240.0,0.0,0.0,0.0,1,5240.0,5242.0,5,5206.0,5204.0,5242.0,5192.0,2123.0,110729860.0,17807
2023-05-09 21:05:19,sp2401,sp2401,5240.0,0.0,0.0,0.0,1,5240.0,5242.0,5,5206.0,5204.0,5242.0,5192.0,2123.0,110729860.0,17807
2023-05-09 21:05:19,sp2401,sp2401,5240.0,0.0,0.0,0.0,2,5240.0,5242.0,4,5206.0,5204.0,5242.0,5192.0,2123.0,110729860.0,17807
2023-05-09 21:05:20,sp2401,sp2401,5240.0,0.0,0.0,0.0,2,5240.0,5242.0,4,5206.0,5204.0,5242.0,5192.0,2123.0,110729860.0,17807
2023-05-09 21:05:21,sp2401,sp2401,5240.0,1.0,52400.0,0.0,1,5240.0,5242.0,2,5206.0,5204.0,5242.0,5192.0,2124.0,110782260.0,17807
2023-05-09 21:05:21,sp2401,sp2401,5240.0,1.0,52400.0,0.0,11,5238.0,5242.0,2,5206.0,5204.0,5242.0,5192.0,2125.0,110834660.0,17807
2023-05-09 21:05:22,sp2401,sp2401,5240.0,0.0,0.0,0.0,10,5238.0,5242.0,2,5206.0,5204.0,5242.0,5192.0,2125.0,110834660.0,17807
2023-05-09 21:05:22,sp2401,sp2401,5240.0,0.0,0.0,0.0,10,5238.0,5242.0,3,5206.0,5204.0,5242.0,5192.0,2125.0,110834660.0,17807
2023-05-09 21:05:23,sp2401,sp2401,5240.0,0.0,0.0,0.0,10,5238.0,5242.0,3,5206.0,5204.0,5242.0,5192.0,2125.0,110834660.0,17807
2023-05-09 21:05:23,sp2401,sp2401,5240.0,0.0,0.0,0.0,10,5238.0,5242.0,4,5206.0,5204.0,5242.0,5192.0,2125.0,110834660.0,17807
2023-05-09 21:05:24,sp2401,sp2401,5242.0,2.0,104840.0,0.0,4,5240.0,5242.0,2,5206.0,5204.0,5242.0,5192.0,2127.0,110939500.0,17807
2023-05-09 21:05:24,sp2401,sp2401,5242.0,2.0,104840.0,2.0,5,5240.0,5244.0,11,5206.0,5204.0,5242.0,5192.0,2129.0,111044340.0,17809
2023-05-09 21:05:25,sp2401,sp2401,5242.0,0.0,0.0,0.0,7,5240.0,5242.0,1,5206.0,5204.0,5242.0,5192.0,2129.0,111044340.0,17809
2023-05-09 21:05:25,sp2401,sp2401,5242.0,1.0,52420.0,0.0,1,5242.0,5244.0,12,5206.0,5204.0,5242.0,5192.0,2130.0,111096760.0,17809
2023-05-09 21:05:26,sp2401,sp2401,5242.0,1.0,52420.0,1.0,2,5242.0,5244.0,10,5206.0,5204.0,5242.0,5192.0,2131.0,111149180.0,17810
2023-05-09 21:05:26,sp2401,sp2401,5242.0,1.0,52420.0,0.0,8,5240.0,5244.0,12,5206.0,5204.0,5242.0,5192.0,2132.0,111201600.0,17810
2023-05-09 21:05:27,sp2401,sp2401,5242.0,0.0,0.0,0.0,1,5242.0,5244.0,12,5206.0,5204.0,5242.0,5192.0,2132.0,111201600.0,17810
2023-05-09 21:05:27,sp2401,sp2401,5244.0,3.0,157300.0,1.0,8,5240.0,5244.0,8,5206.0,5204.0,5244.0,5192.0,2135.0,111358900.0,17811
2023-05-09 21:05:28,sp2401,sp2401,5244.0,2.0,104880.0,1.0,8,5240.0,5244.0,6,5206.0,5204.0,5244.0,5192.0,2137.0,111463780.0,17812
2023-05-09 21:05:28,sp2401,sp2401,5244.0,2.0,104880.0,1.0,2,5242.0,5244.0,4,5206.0,5204.0,5244.0,5192.0,2139.0,111568660.0,17813
2023-05-09 21:05:29,sp2401,sp2401,5242.0,1.0,52420.0,-1.0,2,5242.0,5244.0,6,5206.0,5204.0,5244.0,5192.0,2140.0,111621080.0,17812
2023-05-09 21:05:29,sp2401,sp2401,5240.0,3.0,157240.0,0.0,7,5240.0,5244.0,6,5206.0,5204.0,5244.0,5192.0,2143.0,111778320.0,17812
2023-05-09 21:05:30,sp2401,sp2401,5240.0,0.0,0.0,0.0,7,5240.0,5244.0,3,5206.0,5204.0,5244.0,5192.0,2143.0,111778320.0,17812
2023-05-09 21:05:30,sp2401,sp2401,5240.0,0.0,0.0,0.0,4,5240.0,5244.0,6,5206.0,5204.0,5244.0,5192.0,2143.0,111778320.0,17812
2023-05-09 21:05:31,sp2401,sp2401,5240.0,0.0,0.0,0.0,8,5240.0,5244.0,9,5206.0,5204.0,5244.0,5192.0,2143.0,111778320.0,17812
2023-05-09 21:05:31,sp2401,sp2401,5240.0,0.0,0.0,0.0,12,5240.0,5244.0,9,5206.0,5204.0,5244.0,5192.0,2143.0,111778320.0,17812
2023-05-09 21:05:32,sp2401,sp2401,5244.0,1.0,52440.0,0.0,13,5240.0,5244.0,8,5206.0,5204.0,5244.0,5192.0,2144.0,111830760.0,17812
2023-05-09 21:05:32,sp2401,sp2401,5244.0,0.0,0.0,0.0,13,5240.0,5244.0,8,5206.0,5204.0,5244.0,5192.0,2144.0,111830760.0,17812
2023-05-09 21:05:33,sp2401,sp2401,5244.0,0.0,0.0,0.0,13,5240.0,5244.0,8,5206.0,5204.0,5244.0,5192.0,2144.0,111830760.0,17812
2023-05-09 21:05:34,sp2401,sp2401,5244.0,0.0,0.0,0.0,13,5240.0,5244.0,8,5206.0,5204.0,5244.0,5192.0,2144.0,111830760.0,17812
2023-05-09 21:05:34,sp2401,sp2401,5244.0,0.0,0.0,0.0,13,5240.0,5244.0,9,5206.0,5204.0,5244.0,5192.0,2144.0,111830760.0,17812
2023-05-09 21:05:36,sp2401,sp2401,5244.0,2.0,104880.0,2.0,14,5240.0,5244.0,5,5206.0,5204.0,5244.0,5192.0,2146.0,111935640.0,17814
2023-05-09 21:05:36,sp2401,sp2401,5244.0,3.0,157320.0,2.0,4,5242.0,5244.0,2,5206.0,5204.0,5244.0,5192.0,2149.0,112092960.0,17816
2023-05-09 21:05:37,sp2401,sp2401,5244.0,2.0,104880.0,1.0,7,5242.0,5246.0,4,5206.0,5204.0,5244.0,5192.0,2151.0,112197840.0,17817
2023-05-09 21:05:37,sp2401,sp2401,5246.0,1.0,52460.0,0.0,12,5242.0,5246.0,3,5206.0,5204.0,5246.0,5192.0,2152.0,112250300.0,17817
2023-05-09 21:05:38,sp2401,sp2401,5246.0,2.0,104920.0,2.0,16,5242.0,5246.0,3,5206.0,5204.0,5246.0,5192.0,2154.0,112355220.0,17819
2023-05-09 21:05:38,sp2401,sp2401,5242.0,7.0,367040.0,1.0,1,5244.0,5248.0,3,5206.0,5204.0,5246.0,5192.0,2161.0,112722260.0,17820
2023-05-09 21:05:39,sp2401,sp2401,5242.0,0.0,0.0,0.0,2,5244.0,5248.0,3,5206.0,5204.0,5246.0,5192.0,2161.0,112722260.0,17820
2023-05-09 21:05:39,sp2401,sp2401,5242.0,0.0,0.0,0.0,5,5244.0,5248.0,3,5206.0,5204.0,5246.0,5192.0,2161.0,112722260.0,17820
2023-05-09 21:05:40,sp2401,sp2401,5242.0,0.0,0.0,0.0,1,5246.0,5248.0,3,5206.0,5204.0,5246.0,5192.0,2161.0,112722260.0,17820
2023-05-09 21:05:40,sp2401,sp2401,5246.0,1.0,52460.0,1.0,4,5244.0,5248.0,3,5206.0,5204.0,5246.0,5192.0,2162.0,112774720.0,17821
2023-05-09 21:05:41,sp2401,sp2401,5246.0,0.0,0.0,0.0,5,5244.0,5248.0,3,5206.0,5204.0,5246.0,5192.0,2162.0,112774720.0,17821
2023-05-09 21:05:41,sp2401,sp2401,5246.0,0.0,0.0,0.0,9,5244.0,5248.0,3,5206.0,5204.0,5246.0,5192.0,2162.0,112774720.0,17821
2023-05-09 21:05:42,sp2401,sp2401,5246.0,0.0,0.0,0.0,10,5244.0,5248.0,3,5206.0,5204.0,5246.0,5192.0,2162.0,112774720.0,17821
2023-05-09 21:05:42,sp2401,sp2401,5246.0,0.0,0.0,0.0,10,5244.0,5248.0,3,5206.0,5204.0,5246.0,5192.0,2162.0,112774720.0,17821
2023-05-09 21:05:43,sp2401,sp2401,5246.0,0.0,0.0,0.0,11,5244.0,5248.0,3,5206.0,5204.0,5246.0,5192.0,2162.0,112774720.0,17821
2023-05-09 21:05:44,sp2401,sp2401,5246.0,0.0,0.0,0.0,1,5246.0,5250.0,18,5206.0,5204.0,5246.0,5192.0,2162.0,112774720.0,17821
2023-05-09 21:05:44,sp2401,sp2401,5246.0,0.0,0.0,0.0,2,5246.0,5250.0,18,5206.0,5204.0,5246.0,5192.0,2162.0,112774720.0,17821
2023-05-09 21:05:45,sp2401,sp2401,5246.0,2.0,104920.0,-2.0,9,5244.0,5246.0,1,5206.0,5204.0,5246.0,5192.0,2164.0,112879640.0,17819
2023-05-09 21:05:45,sp2401,sp2401,5246.0,1.0,52460.0,-1.0,1,5246.0,5250.0,18,5206.0,5204.0,5246.0,5192.0,2165.0,112932100.0,17818
2023-05-09 21:05:46,sp2401,sp2401,5246.0,0.0,0.0,0.0,1,5246.0,5248.0,1,5206.0,5204.0,5246.0,5192.0,2165.0,112932100.0,17818
2023-05-09 21:05:46,sp2401,sp2401,5248.0,1.0,52480.0,1.0,1,5246.0,5250.0,19,5206.0,5204.0,5248.0,5192.0,2166.0,112984580.0,17819
2023-05-09 21:05:47,sp2401,sp2401,5248.0,0.0,0.0,0.0,2,5246.0,5250.0,19,5206.0,5204.0,5248.0,5192.0,2166.0,112984580.0,17819
2023-05-09 21:05:47,sp2401,sp2401,5248.0,0.0,0.0,0.0,2,5246.0,5250.0,18,5206.0,5204.0,5248.0,5192.0,2166.0,112984580.0,17819
2023-05-09 21:05:48,sp2401,sp2401,5246.0,3.0,157380.0,-2.0,8,5244.0,5246.0,1,5206.0,5204.0,5248.0,5192.0,2169.0,113141960.0,17817
2023-05-09 21:05:48,sp2401,sp2401,5246.0,1.0,52460.0,-1.0,8,5244.0,5248.0,5,5206.0,5204.0,5248.0,5192.0,2170.0,113194420.0,17816
2023-05-09 21:05:49,sp2401,sp2401,5246.0,0.0,0.0,0.0,6,5244.0,5248.0,6,5206.0,5204.0,5248.0,5192.0,2170.0,113194420.0,17816
2023-05-09 21:05:49,sp2401,sp2401,5248.0,1.0,52480.0,1.0,6,5244.0,5248.0,2,5206.0,5204.0,5248.0,5192.0,2171.0,113246900.0,17817
2023-05-09 21:05:50,sp2401,sp2401,5248.0,2.0,104960.0,1.0,2,5246.0,5250.0,20,5206.0,5204.0,5248.0,5192.0,2173.0,113351860.0,17818
2023-05-09 21:05:50,sp2401,sp2401,5248.0,4.0,209880.0,-2.0,1,5246.0,5248.0,6,5206.0,5204.0,5248.0,5192.0,2177.0,113561740.0,17816
2023-05-09 21:05:51,sp2401,sp2401,5248.0,2.0,104960.0,0.0,1,5246.0,5248.0,4,5206.0,5204.0,5248.0,5192.0,2179.0,113666700.0,17816
2023-05-09 21:05:51,sp2401,sp2401,5248.0,0.0,0.0,0.0,2,5246.0,5248.0,7,5206.0,5204.0,5248.0,5192.0,2179.0,113666700.0,17816
2023-05-09 21:05:52,sp2401,sp2401,5248.0,1.0,52480.0,0.0,2,5246.0,5248.0,8,5206.0,5204.0,5248.0,5192.0,2180.0,113719180.0,17816
2023-05-09 21:05:52,sp2401,sp2401,5248.0,5.0,262400.0,3.0,6,5248.0,5250.0,22,5206.0,5204.0,5248.0,5192.0,2185.0,113981580.0,17819
2023-05-09 21:05:53,sp2401,sp2401,5248.0,6.0,314880.0,0.0,3,5246.0,5250.0,21,5206.0,5204.0,5248.0,5192.0,2191.0,114296460.0,17819
2023-05-09 21:05:53,sp2401,sp2401,5248.0,0.0,0.0,0.0,5,5246.0,5250.0,21,5206.0,5204.0,5248.0,5192.0,2191.0,114296460.0,17819
2023-05-09 21:05:54,sp2401,sp2401,5248.0,0.0,0.0,0.0,9,5246.0,5248.0,1,5206.0,5204.0,5248.0,5192.0,2191.0,114296460.0,17819
2023-05-09 21:05:54,sp2401,sp2401,5248.0,1.0,52480.0,1.0,10,5246.0,5250.0,21,5206.0,5204.0,5248.0,5192.0,2192.0,114348940.0,17820
2023-05-09 21:05:55,sp2401,sp2401,5248.0,1.0,52480.0,0.0,9,5246.0,5250.0,21,5206.0,5204.0,5248.0,5192.0,2193.0,114401420.0,17820
2023-05-09 21:05:55,sp2401,sp2401,5248.0,0.0,0.0,0.0,2,5248.0,5250.0,22,5206.0,5204.0,5248.0,5192.0,2193.0,114401420.0,17820
2023-05-09 21:05:56,sp2401,sp2401,5246.0,3.0,157420.0,-1.0,5,5246.0,5250.0,23,5206.0,5204.0,5248.0,5192.0,2196.0,114558840.0,17819
2023-05-09 21:05:56,sp2401,sp2401,5246.0,0.0,0.0,0.0,5,5246.0,5250.0,20,5206.0,5204.0,5248.0,5192.0,2196.0,114558840.0,17819
2023-05-09 21:05:57,sp2401,sp2401,5246.0,0.0,0.0,0.0,5,5246.0,5248.0,1,5206.0,5204.0,5248.0,5192.0,2196.0,114558840.0,17819
2023-05-09 21:05:57,sp2401,sp2401,5250.0,3.0,157480.0,-1.0,2,5248.0,5250.0,21,5206.0,5204.0,5250.0,5192.0,2199.0,114716320.0,17818
2023-05-09 21:05:58,sp2401,sp2401,5248.0,2.0,104960.0,-1.0,6,5246.0,5248.0,2,5206.0,5204.0,5250.0,5192.0,2201.0,114821280.0,17817
2023-05-09 21:05:58,sp2401,sp2401,5248.0,2.0,104960.0,0.0,9,5246.0,5248.0,2,5206.0,5204.0,5250.0,5192.0,2203.0,114926240.0,17817
2023-05-09 21:05:59,sp2401,sp2401,5248.0,2.0,104960.0,2.0,10,5246.0,5250.0,29,5206.0,5204.0,5250.0,5192.0,2205.0,115031200.0,17819
2023-05-09 21:05:59,sp2401,sp2401,5248.0,0.0,0.0,0.0,10,5246.0,5248.0,6,5206.0,5204.0,5250.0,5192.0,2205.0,115031200.0,17819
2023-05-09 21:06:00,sp2401,sp2401,5246.0,3.0,157380.0,1.0,7,5246.0,5248.0,6,5206.0,5204.0,5250.0,5192.0,2208.0,115188580.0,17820
2023-05-09 21:06:00,sp2401,sp2401,5246.0,1.0,52460.0,1.0,6,5246.0,5248.0,1,5206.0,5204.0,5250.0,5192.0,2209.0,115241040.0,17821
2023-05-09 21:06:01,sp2401,sp2401,5248.0,2.0,104960.0,1.0,6,5246.0,5248.0,2,5206.0,5204.0,5250.0,5192.0,2211.0,115346000.0,17822
2023-05-09 21:06:01,sp2401,sp2401,5248.0,1.0,52480.0,0.0,7,5246.0,5248.0,8,5206.0,5204.0,5250.0,5192.0,2212.0,115398480.0,17822
2023-05-09 21:06:02,sp2401,sp2401,5248.0,3.0,157420.0,2.0,8,5246.0,5248.0,3,5206.0,5204.0,5250.0,5192.0,2215.0,115555900.0,17824
2023-05-09 21:06:02,sp2401,sp2401,5248.0,2.0,104960.0,2.0,9,5246.0,5248.0,1,5206.0,5204.0,5250.0,5192.0,2217.0,115660860.0,17826
2023-05-09 21:06:03,sp2401,sp2401,5248.0,1.0,52480.0,0.0,1,5248.0,5250.0,25,5206.0,5204.0,5250.0,5192.0,2218.0,115713340.0,17826
2023-05-09 21:06:03,sp2401,sp2401,5248.0,1.0,52480.0,0.0,1,5248.0,5250.0,25,5206.0,5204.0,5250.0,5192.0,2219.0,115765820.0,17826
2023-05-09 21:06:04,sp2401,sp2401,5250.0,2.0,105000.0,1.0,2,5248.0,5250.0,23,5206.0,5204.0,5250.0,5192.0,2221.0,115870820.0,17827
2023-05-09 21:06:04,sp2401,sp2401,5250.0,19.0,997500.0,9.0,2,5248.0,5250.0,4,5206.0,5204.0,5250.0,5192.0,2240.0,116868320.0,17836
2023-05-09 21:06:05,sp2401,sp2401,5250.0,7.0,367500.0,1.0,6,5248.0,5252.0,2,5206.0,5204.0,5250.0,5192.0,2247.0,117235820.0,17837
2023-05-09 21:06:05,sp2401,sp2401,5250.0,0.0,0.0,0.0,5,5250.0,5252.0,2,5206.0,5204.0,5250.0,5192.0,2247.0,117235820.0,17837
2023-05-09 21:06:06,sp2401,sp2401,5252.0,3.0,157560.0,-1.0,5,5250.0,5254.0,3,5206.0,5204.0,5252.0,5192.0,2250.0,117393380.0,17836
2023-05-09 21:06:06,sp2401,sp2401,5252.0,1.0,52520.0,0.0,2,5252.0,5254.0,3,5206.0,5204.0,5252.0,5192.0,2251.0,117445900.0,17836
2023-05-09 21:06:07,sp2401,sp2401,5252.0,2.0,105060.0,1.0,3,5252.0,5254.0,2,5206.0,5204.0,5254.0,5192.0,2253.0,117550960.0,17837
2023-05-09 21:06:07,sp2401,sp2401,5254.0,2.0,105080.0,2.0,5,5252.0,5256.0,3,5206.0,5204.0,5254.0,5192.0,2255.0,117656040.0,17839
2023-05-09 21:06:08,sp2401,sp2401,5254.0,0.0,0.0,0.0,4,5252.0,5256.0,3,5206.0,5204.0,5254.0,5192.0,2255.0,117656040.0,17839
2023-05-09 21:06:08,sp2401,sp2401,5256.0,2.0,105120.0,1.0,4,5252.0,5256.0,1,5206.0,5204.0,5256.0,5192.0,2257.0,117761160.0,17840
2023-05-09 21:06:09,sp2401,sp2401,5256.0,1.0,52560.0,1.0,2,5254.0,5258.0,10,5206.0,5204.0,5256.0,5192.0,2258.0,117813720.0,17841
2023-05-09 21:06:09,sp2401,sp2401,5256.0,3.0,157640.0,-2.0,4,5252.0,5256.0,9,5206.0,5204.0,5256.0,5192.0,2261.0,117971360.0,17839
2023-05-09 21:06:10,sp2401,sp2401,5256.0,2.0,105120.0,-1.0,4,5252.0,5256.0,9,5206.0,5204.0,5256.0,5192.0,2263.0,118076480.0,17838
2023-05-09 21:06:10,sp2401,sp2401,5256.0,2.0,105120.0,0.0,4,5252.0,5256.0,1,5206.0,5204.0,5256.0,5192.0,2265.0,118181600.0,17838
2023-05-09 21:06:11,sp2401,sp2401,5256.0,2.0,105120.0,1.0,4,5252.0,5256.0,5,5206.0,5204.0,5256.0,5192.0,2267.0,118286720.0,17839
2023-05-09 21:06:11,sp2401,sp2401,5256.0,5.0,262640.0,-3.0,4,5250.0,5256.0,4,5206.0,5204.0,5256.0,5192.0,2272.0,118549360.0,17836
2023-05-09 21:06:12,sp2401,sp2401,5256.0,1.0,52560.0,0.0,4,5250.0,5254.0,3,5206.0,5204.0,5256.0,5192.0,2273.0,118601920.0,17836
2023-05-09 21:06:12,sp2401,sp2401,5256.0,2.0,105120.0,0.0,6,5250.0,5254.0,5,5206.0,5204.0,5256.0,5192.0,2275.0,118707040.0,17836
2023-05-09 21:06:13,sp2401,sp2401,5250.0,4.0,210080.0,-1.0,4,5250.0,5254.0,4,5206.0,5204.0,5256.0,5192.0,2279.0,118917120.0,17835
2023-05-09 21:06:13,sp2401,sp2401,5254.0,7.0,367620.0,4.0,4,5248.0,5254.0,3,5206.0,5204.0,5256.0,5192.0,2286.0,119284740.0,17839
2023-05-09 21:06:14,sp2401,sp2401,5254.0,0.0,0.0,0.0,3,5250.0,5252.0,4,5206.0,5204.0,5256.0,5192.0,2286.0,119284740.0,17839
2023-05-09 21:06:14,sp2401,sp2401,5252.0,2.0,105040.0,2.0,3,5250.0,5252.0,2,5206.0,5204.0,5256.0,5192.0,2288.0,119389780.0,17841
2023-05-09 21:06:15,sp2401,sp2401,5252.0,0.0,0.0,0.0,1,5250.0,5254.0,4,5206.0,5204.0,5256.0,5192.0,2288.0,119389780.0,17841
2023-05-09 21:06:15,sp2401,sp2401,5250.0,3.0,157540.0,0.0,8,5248.0,5254.0,4,5206.0,5204.0,5256.0,5192.0,2291.0,119547320.0,17841
2023-05-09 21:06:16,sp2401,sp2401,5254.0,2.0,105080.0,1.0,3,5250.0,5254.0,4,5206.0,5204.0,5256.0,5192.0,2293.0,119652400.0,17842
2023-05-09 21:06:16,sp2401,sp2401,5254.0,2.0,105080.0,1.0,10,5250.0,5254.0,1,5206.0,5204.0,5256.0,5192.0,2295.0,119757480.0,17843
2023-05-09 21:06:17,sp2401,sp2401,5254.0,0.0,0.0,0.0,4,5252.0,5254.0,1,5206.0,5204.0,5256.0,5192.0,2295.0,119757480.0,17843
2023-05-09 21:06:17,sp2401,sp2401,5254.0,1.0,52540.0,0.0,4,5252.0,5256.0,7,5206.0,5204.0,5256.0,5192.0,2296.0,119810020.0,17843
2023-05-09 21:06:18,sp2401,sp2401,5252.0,1.0,52520.0,1.0,7,5252.0,5256.0,8,5206.0,5204.0,5256.0,5192.0,2297.0,119862540.0,17844
2023-05-09 21:06:18,sp2401,sp2401,5254.0,1.0,52540.0,-1.0,8,5252.0,5254.0,1,5206.0,5204.0,5256.0,5192.0,2298.0,119915080.0,17843
2023-05-09 21:06:19,sp2401,sp2401,5252.0,2.0,105060.0,0.0,11,5252.0,5256.0,7,5206.0,5204.0,5256.0,5192.0,2300.0,120020140.0,17843
2023-05-09 21:06:19,sp2401,sp2401,5252.0,0.0,0.0,0.0,12,5252.0,5256.0,7,5206.0,5204.0,5256.0,5192.0,2300.0,120020140.0,17843
2023-05-09 21:06:20,sp2401,sp2401,5256.0,2.0,105120.0,2.0,1,5254.0,5256.0,2,5206.0,5204.0,5256.0,5192.0,2302.0,120125260.0,17845
2023-05-09 21:06:21,sp2401,sp2401,5254.0,3.0,157660.0,1.0,1,5254.0,5258.0,10,5206.0,5204.0,5256.0,5192.0,2305.0,120282920.0,17846
2023-05-09 21:06:21,sp2401,sp2401,5254.0,2.0,105080.0,-2.0,2,5254.0,5258.0,10,5206.0,5204.0,5256.0,5192.0,2307.0,120388000.0,17844
2023-05-09 21:06:22,sp2401,sp2401,5254.0,0.0,0.0,0.0,4,5254.0,5258.0,11,5206.0,5204.0,5256.0,5192.0,2307.0,120388000.0,17844
2023-05-09 21:06:22,sp2401,sp2401,5258.0,1.0,52580.0,0.0,9,5254.0,5258.0,9,5206.0,5204.0,5258.0,5192.0,2308.0,120440580.0,17844
2023-05-09 21:06:23,sp2401,sp2401,5254.0,4.0,210200.0,-1.0,8,5254.0,5258.0,9,5206.0,5204.0,5258.0,5192.0,2312.0,120650780.0,17843
2023-05-09 21:06:23,sp2401,sp2401,5254.0,0.0,0.0,0.0,9,5254.0,5256.0,2,5206.0,5204.0,5258.0,5192.0,2312.0,120650780.0,17843
2023-05-09 21:06:24,sp2401,sp2401,5254.0,0.0,0.0,0.0,9,5254.0,5256.0,10,5206.0,5204.0,5258.0,5192.0,2312.0,120650780.0,17843
2023-05-09 21:06:24,sp2401,sp2401,5254.0,9.0,472860.0,0.0,8,5252.0,5256.0,11,5206.0,5204.0,5258.0,5192.0,2321.0,121123640.0,17843
2023-05-09 21:06:25,sp2401,sp2401,5254.0,0.0,0.0,0.0,4,5252.0,5256.0,19,5206.0,5204.0,5258.0,5192.0,2321.0,121123640.0,17843
2023-05-09 21:06:25,sp2401,sp2401,5254.0,0.0,0.0,0.0,9,5252.0,5254.0,2,5206.0,5204.0,5258.0,5192.0,2321.0,121123640.0,17843
2023-05-09 21:06:26,sp2401,sp2401,5254.0,0.0,0.0,0.0,2,5252.0,5254.0,2,5206.0,5204.0,5258.0,5192.0,2321.0,121123640.0,17843
2023-05-09 21:06:26,sp2401,sp2401,5254.0,0.0,0.0,0.0,2,5252.0,5254.0,4,5206.0,5204.0,5258.0,5192.0,2321.0,121123640.0,17843
2023-05-09 21:06:27,sp2401,sp2401,5254.0,2.0,105080.0,0.0,9,5252.0,5254.0,3,5206.0,5204.0,5258.0,5192.0,2323.0,121228720.0,17843
2023-05-09 21:06:27,sp2401,sp2401,5252.0,2.0,105040.0,2.0,1,5252.0,5254.0,3,5206.0,5204.0,5258.0,5192.0,2325.0,121333760.0,17845
2023-05-09 21:06:29,sp2401,sp2401,5252.0,1.0,52520.0,1.0,3,5250.0,5252.0,3,5206.0,5204.0,5258.0,5192.0,2326.0,121386280.0,17846
2023-05-09 21:06:29,sp2401,sp2401,5252.0,2.0,105040.0,1.0,3,5250.0,5252.0,1,5206.0,5204.0,5258.0,5192.0,2328.0,121491320.0,17847
2023-05-09 21:06:30,sp2401,sp2401,5252.0,2.0,105040.0,1.0,2,5250.0,5252.0,1,5206.0,5204.0,5258.0,5192.0,2330.0,121596360.0,17848
2023-05-09 21:06:30,sp2401,sp2401,5252.0,1.0,52520.0,0.0,2,5250.0,5252.0,2,5206.0,5204.0,5258.0,5192.0,2331.0,121648880.0,17848
2023-05-09 21:06:31,sp2401,sp2401,5252.0,1.0,52520.0,0.0,2,5250.0,5252.0,1,5206.0,5204.0,5258.0,5192.0,2332.0,121701400.0,17848
2023-05-09 21:06:31,sp2401,sp2401,5252.0,1.0,52520.0,0.0,3,5250.0,5254.0,1,5206.0,5204.0,5258.0,5192.0,2333.0,121753920.0,17848
2023-05-09 21:06:32,sp2401,sp2401,5252.0,0.0,0.0,0.0,3,5250.0,5254.0,2,5206.0,5204.0,5258.0,5192.0,2333.0,121753920.0,17848
2023-05-09 21:06:32,sp2401,sp2401,5252.0,0.0,0.0,0.0,4,5250.0,5254.0,2,5206.0,5204.0,5258.0,5192.0,2333.0,121753920.0,17848
2023-05-09 21:06:33,sp2401,sp2401,5254.0,2.0,105080.0,2.0,6,5252.0,5256.0,11,5206.0,5204.0,5258.0,5192.0,2335.0,121859000.0,17850
2023-05-09 21:06:33,sp2401,sp2401,5254.0,0.0,0.0,0.0,7,5252.0,5254.0,1,5206.0,5204.0,5258.0,5192.0,2335.0,121859000.0,17850
2023-05-09 21:06:34,sp2401,sp2401,5254.0,1.0,52540.0,0.0,7,5252.0,5254.0,1,5206.0,5204.0,5258.0,5192.0,2336.0,121911540.0,17850
2023-05-09 21:06:34,sp2401,sp2401,5254.0,1.0,52540.0,1.0,7,5252.0,5256.0,6,5206.0,5204.0,5258.0,5192.0,2337.0,121964080.0,17851
2023-05-09 21:06:35,sp2401,sp2401,5254.0,0.0,0.0,0.0,7,5252.0,5256.0,6,5206.0,5204.0,5258.0,5192.0,2337.0,121964080.0,17851
2023-05-09 21:06:35,sp2401,sp2401,5254.0,0.0,0.0,0.0,7,5252.0,5256.0,10,5206.0,5204.0,5258.0,5192.0,2337.0,121964080.0,17851
2023-05-09 21:06:36,sp2401,sp2401,5252.0,5.0,262600.0,-5.0,2,5252.0,5256.0,10,5206.0,5204.0,5258.0,5192.0,2342.0,122226680.0,17846
2023-05-09 21:06:36,sp2401,sp2401,5256.0,1.0,52560.0,1.0,2,5252.0,5254.0,1,5206.0,5204.0,5258.0,5192.0,2343.0,122279240.0,17847
2023-05-09 21:06:37,sp2401,sp2401,5254.0,1.0,52540.0,1.0,2,5252.0,5256.0,15,5206.0,5204.0,5258.0,5192.0,2344.0,122331780.0,17848
2023-05-09 21:06:37,sp2401,sp2401,5254.0,0.0,0.0,0.0,3,5252.0,5256.0,15,5206.0,5204.0,5258.0,5192.0,2344.0,122331780.0,17848
2023-05-09 21:06:38,sp2401,sp2401,5254.0,0.0,0.0,0.0,5,5252.0,5256.0,14,5206.0,5204.0,5258.0,5192.0,2344.0,122331780.0,17848
2023-05-09 21:06:39,sp2401,sp2401,5254.0,0.0,0.0,0.0,1,5254.0,5256.0,14,5206.0,5204.0,5258.0,5192.0,2344.0,122331780.0,17848
2023-05-09 21:06:39,sp2401,sp2401,5254.0,0.0,0.0,0.0,1,5254.0,5256.0,14,5206.0,5204.0,5258.0,5192.0,2344.0,122331780.0,17848
2023-05-09 21:06:40,sp2401,sp2401,5254.0,0.0,0.0,0.0,1,5254.0,5256.0,12,5206.0,5204.0,5258.0,5192.0,2344.0,122331780.0,17848
2023-05-09 21:06:40,sp2401,sp2401,5254.0,1.0,52540.0,1.0,7,5252.0,5256.0,12,5206.0,5204.0,5258.0,5192.0,2345.0,122384320.0,17849
2023-05-09 21:06:41,sp2401,sp2401,5254.0,1.0,52540.0,-1.0,5,5252.0,5256.0,14,5206.0,5204.0,5258.0,5192.0,2346.0,122436860.0,17848
2023-05-09 21:06:43,sp2401,sp2401,5254.0,0.0,0.0,0.0,6,5252.0,5256.0,14,5206.0,5204.0,5258.0,5192.0,2346.0,122436860.0,17848
2023-05-09 21:06:44,sp2401,sp2401,5252.0,6.0,315120.0,-2.0,6,5250.0,5252.0,14,5206.0,5204.0,5258.0,5192.0,2352.0,122751980.0,17846
2023-05-09 21:06:44,sp2401,sp2401,5252.0,11.0,577720.0,0.0,6,5250.0,5252.0,3,5206.0,5204.0,5258.0,5192.0,2363.0,123329700.0,17846
2023-05-09 21:06:45,sp2401,sp2401,5252.0,3.0,157560.0,0.0,6,5250.0,5256.0,15,5206.0,5204.0,5258.0,5192.0,2366.0,123487260.0,17846
2023-05-09 21:06:45,sp2401,sp2401,5252.0,0.0,0.0,0.0,4,5250.0,5254.0,3,5206.0,5204.0,5258.0,5192.0,2366.0,123487260.0,17846
2023-05-09 21:06:46,sp2401,sp2401,5254.0,2.0,105080.0,2.0,4,5250.0,5254.0,1,5206.0,5204.0,5258.0,5192.0,2368.0,123592340.0,17848
2023-05-09 21:06:46,sp2401,sp2401,5254.0,2.0,105080.0,2.0,3,5250.0,5254.0,4,5206.0,5204.0,5258.0,5192.0,2370.0,123697420.0,17850
2023-05-09 21:06:47,sp2401,sp2401,5254.0,1.0,52540.0,0.0,1,5252.0,5254.0,5,5206.0,5204.0,5258.0,5192.0,2371.0,123749960.0,17850
2023-05-09 21:06:47,sp2401,sp2401,5252.0,1.0,52520.0,-1.0,4,5250.0,5254.0,6,5206.0,5204.0,5258.0,5192.0,2372.0,123802480.0,17849
2023-05-09 21:06:48,sp2401,sp2401,5252.0,0.0,0.0,0.0,4,5250.0,5254.0,8,5206.0,5204.0,5258.0,5192.0,2372.0,123802480.0,17849
2023-05-09 21:06:48,sp2401,sp2401,5252.0,0.0,0.0,0.0,4,5250.0,5254.0,9,5206.0,5204.0,5258.0,5192.0,2372.0,123802480.0,17849
2023-05-09 21:06:49,sp2401,sp2401,5252.0,0.0,0.0,0.0,4,5250.0,5254.0,11,5206.0,5204.0,5258.0,5192.0,2372.0,123802480.0,17849
2023-05-09 21:06:50,sp2401,sp2401,5252.0,0.0,0.0,0.0,4,5250.0,5254.0,11,5206.0,5204.0,5258.0,5192.0,2372.0,123802480.0,17849
2023-05-09 21:06:50,sp2401,sp2401,5254.0,1.0,52540.0,0.0,4,5250.0,5252.0,2,5206.0,5204.0,5258.0,5192.0,2373.0,123855020.0,17849
2023-05-09 21:06:51,sp2401,sp2401,5254.0,0.0,0.0,0.0,2,5250.0,5252.0,8,5206.0,5204.0,5258.0,5192.0,2373.0,123855020.0,17849
2023-05-09 21:06:52,sp2401,sp2401,5252.0,1.0,52520.0,0.0,2,5250.0,5252.0,7,5206.0,5204.0,5258.0,5192.0,2374.0,123907540.0,17849
2023-05-09 21:06:52,sp2401,sp2401,5252.0,0.0,0.0,0.0,2,5250.0,5252.0,8,5206.0,5204.0,5258.0,5192.0,2374.0,123907540.0,17849
2023-05-09 21:06:53,sp2401,sp2401,5252.0,0.0,0.0,0.0,2,5250.0,5252.0,8,5206.0,5204.0,5258.0,5192.0,2374.0,123907540.0,17849
2023-05-09 21:06:54,sp2401,sp2401,5252.0,0.0,0.0,0.0,2,5250.0,5252.0,8,5206.0,5204.0,5258.0,5192.0,2374.0,123907540.0,17849
2023-05-09 21:06:55,sp2401,sp2401,5252.0,0.0,0.0,0.0,2,5250.0,5252.0,8,5206.0,5204.0,5258.0,5192.0,2374.0,123907540.0,17849
2023-05-09 21:06:55,sp2401,sp2401,5252.0,0.0,0.0,0.0,3,5250.0,5252.0,9,5206.0,5204.0,5258.0,5192.0,2374.0,123907540.0,17849
2023-05-09 21:06:56,sp2401,sp2401,5250.0,3.0,157500.0,-1.0,4,5248.0,5252.0,9,5206.0,5204.0,5258.0,5192.0,2377.0,124065040.0,17848
2023-05-09 21:06:56,sp2401,sp2401,5250.0,0.0,0.0,0.0,4,5248.0,5252.0,9,5206.0,5204.0,5258.0,5192.0,2377.0,124065040.0,17848
2023-05-09 21:06:57,sp2401,sp2401,5250.0,0.0,0.0,0.0,4,5248.0,5252.0,8,5206.0,5204.0,5258.0,5192.0,2377.0,124065040.0,17848
2023-05-09 21:06:57,sp2401,sp2401,5250.0,0.0,0.0,0.0,4,5248.0,5252.0,9,5206.0,5204.0,5258.0,5192.0,2377.0,124065040.0,17848
2023-05-09 21:06:58,sp2401,sp2401,5250.0,0.0,0.0,0.0,4,5248.0,5250.0,5,5206.0,5204.0,5258.0,5192.0,2377.0,124065040.0,17848
2023-05-09 21:06:58,sp2401,sp2401,5250.0,0.0,0.0,0.0,4,5248.0,5250.0,5,5206.0,5204.0,5258.0,5192.0,2377.0,124065040.0,17848
2023-05-09 21:06:59,sp2401,sp2401,5250.0,1.0,52500.0,0.0,2,5248.0,5250.0,5,5206.0,5204.0,5258.0,5192.0,2378.0,124117540.0,17848
2023-05-09 21:06:59,sp2401,sp2401,5250.0,0.0,0.0,0.0,2,5248.0,5250.0,8,5206.0,5204.0,5258.0,5192.0,2378.0,124117540.0,17848
2023-05-09 21:07:00,sp2401,sp2401,5250.0,2.0,104980.0,0.0,1,5248.0,5250.0,9,5206.0,5204.0,5258.0,5192.0,2380.0,124222520.0,17848
2023-05-09 21:07:00,sp2401,sp2401,5248.0,1.0,52480.0,0.0,7,5246.0,5248.0,1,5206.0,5204.0,5258.0,5192.0,2381.0,124275000.0,17848
2023-05-09 21:07:01,sp2401,sp2401,5248.0,0.0,0.0,0.0,7,5246.0,5250.0,9,5206.0,5204.0,5258.0,5192.0,2381.0,124275000.0,17848
2023-05-09 21:07:01,sp2401,sp2401,5248.0,0.0,0.0,0.0,7,5246.0,5248.0,11,5206.0,5204.0,5258.0,5192.0,2381.0,124275000.0,17848
2023-05-09 21:07:02,sp2401,sp2401,5246.0,7.0,367220.0,-1.0,1,5244.0,5246.0,1,5206.0,5204.0,5258.0,5192.0,2388.0,124642220.0,17847
2023-05-09 21:07:02,sp2401,sp2401,5246.0,2.0,104900.0,0.0,4,5242.0,5248.0,12,5206.0,5204.0,5258.0,5192.0,2390.0,124747120.0,17847
2023-05-09 21:07:03,sp2401,sp2401,5244.0,1.0,52440.0,-1.0,2,5244.0,5246.0,13,5206.0,5204.0,5258.0,5192.0,2391.0,124799560.0,17846
2023-05-09 21:07:03,sp2401,sp2401,5244.0,2.0,104880.0,0.0,2,5240.0,5244.0,6,5206.0,5204.0,5258.0,5192.0,2393.0,124904440.0,17846
2023-05-09 21:07:04,sp2401,sp2401,5240.0,4.0,209600.0,1.0,1,5238.0,5240.0,5,5206.0,5204.0,5258.0,5192.0,2397.0,125114040.0,17847
2023-05-09 21:07:04,sp2401,sp2401,5240.0,6.0,314400.0,5.0,5,5240.0,5242.0,1,5206.0,5204.0,5258.0,5192.0,2403.0,125428440.0,17852
2023-05-09 21:07:05,sp2401,sp2401,5240.0,3.0,157200.0,3.0,2,5238.0,5240.0,1,5206.0,5204.0,5258.0,5192.0,2406.0,125585640.0,17855
2023-05-09 21:07:05,sp2401,sp2401,5240.0,1.0,52400.0,0.0,1,5240.0,5242.0,1,5206.0,5204.0,5258.0,5192.0,2407.0,125638040.0,17855
2023-05-09 21:07:06,sp2401,sp2401,5240.0,1.0,52400.0,-1.0,2,5238.0,5240.0,1,5206.0,5204.0,5258.0,5192.0,2408.0,125690440.0,17854
2023-05-09 21:07:06,sp2401,sp2401,5240.0,0.0,0.0,0.0,2,5238.0,5240.0,1,5206.0,5204.0,5258.0,5192.0,2408.0,125690440.0,17854
2023-05-09 21:07:07,sp2401,sp2401,5240.0,0.0,0.0,0.0,2,5238.0,5240.0,3,5206.0,5204.0,5258.0,5192.0,2408.0,125690440.0,17854
2023-05-09 21:07:08,sp2401,sp2401,5240.0,0.0,0.0,0.0,2,5238.0,5240.0,3,5206.0,5204.0,5258.0,5192.0,2408.0,125690440.0,17854
2023-05-09 21:07:08,sp2401,sp2401,5238.0,1.0,52380.0,0.0,1,5238.0,5240.0,3,5206.0,5204.0,5258.0,5192.0,2409.0,125742820.0,17854
2023-05-09 21:07:09,sp2401,sp2401,5238.0,0.0,0.0,0.0,1,5238.0,5240.0,4,5206.0,5204.0,5258.0,5192.0,2409.0,125742820.0,17854
2023-05-09 21:07:09,sp2401,sp2401,5238.0,1.0,52380.0,-1.0,1,5236.0,5238.0,1,5206.0,5204.0,5258.0,5192.0,2410.0,125795200.0,17853
2023-05-09 21:07:10,sp2401,sp2401,5238.0,1.0,52380.0,-1.0,1,5236.0,5240.0,2,5206.0,5204.0,5258.0,5192.0,2411.0,125847580.0,17852
2023-05-09 21:07:11,sp2401,sp2401,5236.0,2.0,104720.0,-1.0,2,5234.0,5236.0,13,5206.0,5204.0,5258.0,5192.0,2413.0,125952300.0,17851
2023-05-09 21:07:11,sp2401,sp2401,5236.0,1.0,52360.0,0.0,2,5234.0,5236.0,12,5206.0,5204.0,5258.0,5192.0,2414.0,126004660.0,17851
2023-05-09 21:07:12,sp2401,sp2401,5236.0,2.0,104720.0,-2.0,1,5234.0,5236.0,10,5206.0,5204.0,5258.0,5192.0,2416.0,126109380.0,17849
2023-05-09 21:07:12,sp2401,sp2401,5234.0,1.0,52340.0,0.0,1,5232.0,5234.0,1,5206.0,5204.0,5258.0,5192.0,2417.0,126161720.0,17849
2023-05-09 21:07:13,sp2401,sp2401,5234.0,1.0,52340.0,1.0,1,5232.0,5236.0,16,5206.0,5204.0,5258.0,5192.0,2418.0,126214060.0,17850
2023-05-09 21:07:13,sp2401,sp2401,5234.0,0.0,0.0,0.0,2,5234.0,5236.0,10,5206.0,5204.0,5258.0,5192.0,2418.0,126214060.0,17850
2023-05-09 21:07:14,sp2401,sp2401,5234.0,2.0,104680.0,-1.0,1,5232.0,5234.0,1,5206.0,5204.0,5258.0,5192.0,2420.0,126318740.0,17849
2023-05-09 21:07:14,sp2401,sp2401,5234.0,2.0,104660.0,0.0,4,5230.0,5236.0,10,5206.0,5204.0,5258.0,5192.0,2422.0,126423400.0,17849
2023-05-09 21:07:15,sp2401,sp2401,5234.0,0.0,0.0,0.0,4,5232.0,5234.0,1,5206.0,5204.0,5258.0,5192.0,2422.0,126423400.0,17849
