time,symbol_id,symbol_name,last,trade_volume,trade_amount,open_interest_change,bv1,bp1,ap1,av1,yesterday_close,today_open,today_high,today_low,volume,amount,open_interest
2023-05-09 21:02:05,au2312C416,au2312C416,44.6,0.0,0.0,0.0,1,12.8,76.38,1,44.6,0.0,0.0,0.0,0.0,0.0,24
2023-05-09 21:02:05,au2312C416,au2312C416,44.6,0.0,0.0,0.0,1,12.82,76.36,1,44.6,0.0,0.0,0.0,0.0,0.0,24
2023-05-09 21:02:07,au2312C416,au2312C416,44.6,0.0,0.0,0.0,1,12.88,76.3,1,44.6,0.0,0.0,0.0,0.0,0.0,24
2023-05-09 21:02:07,au2312C416,au2312C416,44.6,0.0,0.0,0.0,1,12.88,76.3,1,44.6,0.0,0.0,0.0,0.0,0.0,24
2023-05-09 21:02:08,au2312C416,au2312C416,44.6,0.0,0.0,0.0,1,12.9,76.28,1,44.6,0.0,0.0,0.0,0.0,0.0,24
2023-05-09 21:02:09,au2312C416,au2312C416,44.6,0.0,0.0,0.0,1,12.9,76.28,1,44.6,0.0,0.0,0.0,0.0,0.0,24
2023-05-09 21:02:10,au2312C416,au2312C416,44.6,0.0,0.0,0.0,1,12.96,76.22,1,44.6,0.0,0.0,0.0,0.0,0.0,24
2023-05-09 21:02:10,au2312C416,au2312C416,44.6,0.0,0.0,0.0,1,12.96,76.22,1,44.6,0.0,0.0,0.0,0.0,0.0,24
2023-05-09 21:02:11,au2312C416,au2312C416,44.6,0.0,0.0,0.0,1,12.98,76.2,1,44.6,0.0,0.0,0.0,0.0,0.0,24
2023-05-09 21:02:12,au2312C416,au2312C416,44.6,0.0,0.0,0.0,1,13.04,76.14,1,44.6,0.0,0.0,0.0,0.0,0.0,24
2023-05-09 21:02:12,au2312C416,au2312C416,44.6,0.0,0.0,0.0,1,13.06,76.12,1,44.6,0.0,0.0,0.0,0.0,0.0,24
2023-05-09 21:02:14,au2312C416,au2312C416,44.6,0.0,0.0,0.0,1,13.06,76.12,1,44.6,0.0,0.0,0.0,0.0,0.0,24
2023-05-09 21:02:15,au2312C416,au2312C416,44.6,0.0,0.0,0.0,1,13.12,76.06,1,44.6,0.0,0.0,0.0,0.0,0.0,24
2023-05-09 21:02:15,au2312C416,au2312C416,44.6,0.0,0.0,0.0,1,13.12,76.06,1,44.6,0.0,0.0,0.0,0.0,0.0,24
2023-05-09 21:02:16,au2312C416,au2312C416,44.6,0.0,0.0,0.0,1,13.14,76.04,1,44.6,0.0,0.0,0.0,0.0,0.0,24
2023-05-09 21:02:17,au2312C416,au2312C416,44.6,0.0,0.0,0.0,1,13.2,75.98,1,44.6,0.0,0.0,0.0,0.0,0.0,24
2023-05-09 21:02:17,au2312C416,au2312C416,44.6,0.0,0.0,0.0,1,13.2,75.98,1,44.6,0.0,0.0,0.0,0.0,0.0,24
2023-05-09 21:02:18,au2312C416,au2312C416,44.6,0.0,0.0,0.0,1,13.22,75.96,1,44.6,0.0,0.0,0.0,0.0,0.0,24
2023-05-09 21:02:19,au2312C416,au2312C416,44.6,0.0,0.0,0.0,1,13.22,75.96,1,44.6,0.0,0.0,0.0,0.0,0.0,24
2023-05-09 21:02:20,au2312C416,au2312C416,44.6,0.0,0.0,0.0,1,13.28,75.9,1,44.6,0.0,0.0,0.0,0.0,0.0,24
2023-05-09 21:02:20,au2312C416,au2312C416,44.6,0.0,0.0,0.0,1,13.28,75.9,1,44.6,0.0,0.0,0.0,0.0,0.0,24
2023-05-09 21:02:21,au2312C416,au2312C416,44.6,0.0,0.0,0.0,1,13.3,75.88,1,44.6,0.0,0.0,0.0,0.0,0.0,24
2023-05-09 21:02:21,au2312C416,au2312C416,44.6,0.0,0.0,0.0,1,13.36,75.82,1,44.6,0.0,0.0,0.0,0.0,0.0,24
2023-05-09 21:02:22,au2312C416,au2312C416,44.6,0.0,0.0,0.0,1,13.36,75.82,1,44.6,0.0,0.0,0.0,0.0,0.0,24
2023-05-09 21:02:22,au2312C416,au2312C416,44.6,0.0,0.0,0.0,1,13.38,75.8,1,44.6,0.0,0.0,0.0,0.0,0.0,24
2023-05-09 21:02:23,au2312C416,au2312C416,44.6,0.0,0.0,0.0,1,13.44,75.74,1,44.6,0.0,0.0,0.0,0.0,0.0,24
2023-05-09 21:02:23,au2312C416,au2312C416,44.6,0.0,0.0,0.0,1,13.44,75.74,1,44.6,0.0,0.0,0.0,0.0,0.0,24
2023-05-09 21:02:24,au2312C416,au2312C416,44.6,0.0,0.0,0.0,1,13.46,75.72,1,44.6,0.0,0.0,0.0,0.0,0.0,24
2023-05-09 21:02:24,au2312C416,au2312C416,44.6,0.0,0.0,0.0,1,13.52,75.66,1,44.6,0.0,0.0,0.0,0.0,0.0,24
2023-05-09 21:02:25,au2312C416,au2312C416,44.6,0.0,0.0,0.0,1,13.52,75.66,1,44.6,0.0,0.0,0.0,0.0,0.0,24
2023-05-09 21:02:25,au2312C416,au2312C416,44.6,0.0,0.0,0.0,1,13.54,75.64,1,44.6,0.0,0.0,0.0,0.0,0.0,24
2023-05-09 21:02:26,au2312C416,au2312C416,44.6,0.0,0.0,0.0,1,13.6,75.58,1,44.6,0.0,0.0,0.0,0.0,0.0,24
2023-05-09 21:02:26,au2312C416,au2312C416,44.6,0.0,0.0,0.0,1,13.6,75.58,1,44.6,0.0,0.0,0.0,0.0,0.0,24
2023-05-09 21:02:27,au2312C416,au2312C416,44.6,0.0,0.0,0.0,1,13.62,75.56,1,44.6,0.0,0.0,0.0,0.0,0.0,24
2023-05-09 21:02:27,au2312C416,au2312C416,44.6,0.0,0.0,0.0,1,13.68,75.5,1,44.6,0.0,0.0,0.0,0.0,0.0,24
2023-05-09 21:02:28,au2312C416,au2312C416,44.6,0.0,0.0,0.0,1,13.68,75.5,1,44.6,0.0,0.0,0.0,0.0,0.0,24
2023-05-09 21:02:28,au2312C416,au2312C416,44.6,0.0,0.0,0.0,1,13.7,75.48,1,44.6,0.0,0.0,0.0,0.0,0.0,24
2023-05-09 21:02:29,au2312C416,au2312C416,44.6,0.0,0.0,0.0,1,13.76,75.42,1,44.6,0.0,0.0,0.0,0.0,0.0,24
2023-05-09 21:02:29,au2312C416,au2312C416,44.6,0.0,0.0,0.0,1,13.76,75.42,1,44.6,0.0,0.0,0.0,0.0,0.0,24
2023-05-09 21:02:30,au2312C416,au2312C416,44.6,0.0,0.0,0.0,1,13.78,75.4,1,44.6,0.0,0.0,0.0,0.0,0.0,24
2023-05-09 21:02:30,au2312C416,au2312C416,44.6,0.0,0.0,0.0,1,13.84,75.34,1,44.6,0.0,0.0,0.0,0.0,0.0,24
2023-05-09 21:02:31,au2312C416,au2312C416,44.6,0.0,0.0,0.0,1,13.84,75.34,1,44.6,0.0,0.0,0.0,0.0,0.0,24
2023-05-09 21:02:31,au2312C416,au2312C416,44.6,0.0,0.0,0.0,1,13.86,75.32,1,44.6,0.0,0.0,0.0,0.0,0.0,24
2023-05-09 21:02:32,au2312C416,au2312C416,44.6,0.0,0.0,0.0,1,13.92,75.26,1,44.6,0.0,0.0,0.0,0.0,0.0,24
2023-05-09 21:02:32,au2312C416,au2312C416,44.6,0.0,0.0,0.0,1,13.92,75.26,1,44.6,0.0,0.0,0.0,0.0,0.0,24
2023-05-09 21:02:33,au2312C416,au2312C416,44.6,0.0,0.0,0.0,1,13.94,75.24,1,44.6,0.0,0.0,0.0,0.0,0.0,24
2023-05-09 21:02:33,au2312C416,au2312C416,44.6,0.0,0.0,0.0,1,14.0,75.18,1,44.6,0.0,0.0,0.0,0.0,0.0,24
2023-05-09 21:02:34,au2312C416,au2312C416,44.6,0.0,0.0,0.0,1,14.0,75.18,1,44.6,0.0,0.0,0.0,0.0,0.0,24
2023-05-09 21:02:34,au2312C416,au2312C416,44.6,0.0,0.0,0.0,1,14.02,75.16,1,44.6,0.0,0.0,0.0,0.0,0.0,24
2023-05-09 21:02:35,au2312C416,au2312C416,44.6,0.0,0.0,0.0,1,14.08,75.1,1,44.6,0.0,0.0,0.0,0.0,0.0,24
2023-05-09 21:02:35,au2312C416,au2312C416,44.6,0.0,0.0,0.0,1,14.08,75.1,1,44.6,0.0,0.0,0.0,0.0,0.0,24
2023-05-09 21:02:36,au2312C416,au2312C416,44.6,0.0,0.0,0.0,1,14.1,75.08,1,44.6,0.0,0.0,0.0,0.0,0.0,24
2023-05-09 21:02:36,au2312C416,au2312C416,44.6,0.0,0.0,0.0,1,14.16,75.02,1,44.6,0.0,0.0,0.0,0.0,0.0,24
2023-05-09 21:02:37,au2312C416,au2312C416,44.6,0.0,0.0,0.0,1,14.16,75.02,1,44.6,0.0,0.0,0.0,0.0,0.0,24
2023-05-09 21:02:37,au2312C416,au2312C416,44.6,0.0,0.0,0.0,1,14.18,75.0,1,44.6,0.0,0.0,0.0,0.0,0.0,24
2023-05-09 21:02:38,au2312C416,au2312C416,44.6,0.0,0.0,0.0,1,14.24,74.94,1,44.6,0.0,0.0,0.0,0.0,0.0,24
2023-05-09 21:02:38,au2312C416,au2312C416,44.6,0.0,0.0,0.0,1,14.24,74.94,1,44.6,0.0,0.0,0.0,0.0,0.0,24
2023-05-09 21:02:39,au2312C416,au2312C416,44.6,0.0,0.0,0.0,1,14.26,74.92,1,44.6,0.0,0.0,0.0,0.0,0.0,24
2023-05-09 21:02:39,au2312C416,au2312C416,44.6,0.0,0.0,0.0,1,14.32,74.86,1,44.6,0.0,0.0,0.0,0.0,0.0,24
2023-05-09 21:02:40,au2312C416,au2312C416,44.6,0.0,0.0,0.0,1,14.32,74.86,1,44.6,0.0,0.0,0.0,0.0,0.0,24
2023-05-09 21:02:40,au2312C416,au2312C416,44.6,0.0,0.0,0.0,1,14.34,74.84,1,44.6,0.0,0.0,0.0,0.0,0.0,24
2023-05-09 21:02:41,au2312C416,au2312C416,44.6,0.0,0.0,0.0,1,14.4,74.78,1,44.6,0.0,0.0,0.0,0.0,0.0,24
2023-05-09 21:02:41,au2312C416,au2312C416,44.6,0.0,0.0,0.0,1,14.4,74.78,1,44.6,0.0,0.0,0.0,0.0,0.0,24
2023-05-09 21:02:42,au2312C416,au2312C416,44.6,0.0,0.0,0.0,1,14.42,74.76,1,44.6,0.0,0.0,0.0,0.0,0.0,24
2023-05-09 21:02:42,au2312C416,au2312C416,44.6,0.0,0.0,0.0,1,14.48,74.7,1,44.6,0.0,0.0,0.0,0.0,0.0,24
2023-05-09 21:02:43,au2312C416,au2312C416,44.6,0.0,0.0,0.0,1,14.48,74.7,1,44.6,0.0,0.0,0.0,0.0,0.0,24
2023-05-09 21:02:43,au2312C416,au2312C416,44.6,0.0,0.0,0.0,1,14.5,74.68,1,44.6,0.0,0.0,0.0,0.0,0.0,24
2023-05-09 21:02:44,au2312C416,au2312C416,44.6,0.0,0.0,0.0,1,14.56,74.62,1,44.6,0.0,0.0,0.0,0.0,0.0,24
2023-05-09 21:02:44,au2312C416,au2312C416,44.6,0.0,0.0,0.0,1,14.56,74.62,1,44.6,0.0,0.0,0.0,0.0,0.0,24
2023-05-09 21:02:45,au2312C416,au2312C416,44.6,0.0,0.0,0.0,1,14.58,74.6,1,44.6,0.0,0.0,0.0,0.0,0.0,24
2023-05-09 21:02:45,au2312C416,au2312C416,44.6,0.0,0.0,0.0,1,14.64,74.54,1,44.6,0.0,0.0,0.0,0.0,0.0,24
2023-05-09 21:02:46,au2312C416,au2312C416,44.6,0.0,0.0,0.0,1,14.64,74.54,1,44.6,0.0,0.0,0.0,0.0,0.0,24
2023-05-09 21:02:46,au2312C416,au2312C416,44.6,0.0,0.0,0.0,1,14.66,74.52,1,44.6,0.0,0.0,0.0,0.0,0.0,24
2023-05-09 21:02:47,au2312C416,au2312C416,44.6,0.0,0.0,0.0,1,14.72,74.46,1,44.6,0.0,0.0,0.0,0.0,0.0,24
2023-05-09 21:02:47,au2312C416,au2312C416,44.6,0.0,0.0,0.0,1,14.72,74.46,1,44.6,0.0,0.0,0.0,0.0,0.0,24
2023-05-09 21:02:48,au2312C416,au2312C416,44.6,0.0,0.0,0.0,1,14.74,74.44,1,44.6,0.0,0.0,0.0,0.0,0.0,24
2023-05-09 21:02:48,au2312C416,au2312C416,44.6,0.0,0.0,0.0,1,14.74,74.44,1,44.6,0.0,0.0,0.0,0.0,0.0,24
2023-05-09 21:02:49,au2312C416,au2312C416,44.6,0.0,0.0,0.0,1,14.8,74.38,1,44.6,0.0,0.0,0.0,0.0,0.0,24
2023-05-09 21:02:49,au2312C416,au2312C416,44.6,0.0,0.0,0.0,1,14.8,74.38,1,44.6,0.0,0.0,0.0,0.0,0.0,24
2023-05-09 21:02:50,au2312C416,au2312C416,44.6,0.0,0.0,0.0,1,14.82,74.36,1,44.6,0.0,0.0,0.0,0.0,0.0,24
2023-05-09 21:02:50,au2312C416,au2312C416,44.6,0.0,0.0,0.0,1,14.88,74.36,1,44.6,0.0,0.0,0.0,0.0,0.0,24
2023-05-09 21:02:51,au2312C416,au2312C416,44.6,0.0,0.0,0.0,1,14.88,74.3,1,44.6,0.0,0.0,0.0,0.0,0.0,24
2023-05-09 21:02:51,au2312C416,au2312C416,44.6,0.0,0.0,0.0,2,14.9,74.3,1,44.6,0.0,0.0,0.0,0.0,0.0,24
2023-05-09 21:02:52,au2312C416,au2312C416,44.6,0.0,0.0,0.0,2,14.9,74.28,1,44.6,0.0,0.0,0.0,0.0,0.0,24
2023-05-09 21:02:52,au2312C416,au2312C416,44.6,0.0,0.0,0.0,2,14.9,74.28,1,44.6,0.0,0.0,0.0,0.0,0.0,24
2023-05-09 21:02:53,au2312C416,au2312C416,44.6,0.0,0.0,0.0,1,14.96,74.22,1,44.6,0.0,0.0,0.0,0.0,0.0,24
2023-05-09 21:02:53,au2312C416,au2312C416,44.6,0.0,0.0,0.0,1,14.96,74.22,1,44.6,0.0,0.0,0.0,0.0,0.0,24
2023-05-09 21:02:54,au2312C416,au2312C416,44.6,0.0,0.0,0.0,1,14.98,74.2,1,44.6,0.0,0.0,0.0,0.0,0.0,24
2023-05-09 21:02:55,au2312C416,au2312C416,44.6,0.0,0.0,0.0,1,15.04,74.14,1,44.6,0.0,0.0,0.0,0.0,0.0,24
2023-05-09 21:02:55,au2312C416,au2312C416,44.6,0.0,0.0,0.0,1,15.04,74.14,1,44.6,0.0,0.0,0.0,0.0,0.0,24
2023-05-09 21:02:56,au2312C416,au2312C416,44.6,0.0,0.0,0.0,1,15.06,74.12,1,44.6,0.0,0.0,0.0,0.0,0.0,24
2023-05-09 21:02:56,au2312C416,au2312C416,44.6,0.0,0.0,0.0,1,15.06,74.12,1,44.6,0.0,0.0,0.0,0.0,0.0,24
2023-05-09 21:02:57,au2312C416,au2312C416,44.6,0.0,0.0,0.0,1,15.12,74.06,1,44.6,0.0,0.0,0.0,0.0,0.0,24
2023-05-09 21:02:57,au2312C416,au2312C416,44.6,0.0,0.0,0.0,1,15.12,74.06,1,44.6,0.0,0.0,0.0,0.0,0.0,24
2023-05-09 21:02:58,au2312C416,au2312C416,44.6,0.0,0.0,0.0,1,15.14,74.04,1,44.6,0.0,0.0,0.0,0.0,0.0,24
2023-05-09 21:02:59,au2312C416,au2312C416,44.6,0.0,0.0,0.0,1,15.2,73.98,1,44.6,0.0,0.0,0.0,0.0,0.0,24
2023-05-09 21:02:59,au2312C416,au2312C416,44.6,0.0,0.0,0.0,1,15.2,73.98,1,44.6,0.0,0.0,0.0,0.0,0.0,24
2023-05-09 21:03:00,au2312C416,au2312C416,44.6,0.0,0.0,0.0,1,15.22,73.96,1,44.6,0.0,0.0,0.0,0.0,0.0,24
2023-05-09 21:03:01,au2312C416,au2312C416,44.6,0.0,0.0,0.0,1,15.28,73.9,1,44.6,0.0,0.0,0.0,0.0,0.0,24
2023-05-09 21:03:01,au2312C416,au2312C416,44.6,0.0,0.0,0.0,1,15.28,73.9,1,44.6,0.0,0.0,0.0,0.0,0.0,24
2023-05-09 21:03:02,au2312C416,au2312C416,44.6,0.0,0.0,0.0,1,15.3,73.88,1,44.6,0.0,0.0,0.0,0.0,0.0,24
2023-05-09 21:03:03,au2312C416,au2312C416,44.6,0.0,0.0,0.0,1,15.36,73.82,1,44.6,0.0,0.0,0.0,0.0,0.0,24
2023-05-09 21:03:03,au2312C416,au2312C416,44.6,0.0,0.0,0.0,1,15.36,73.82,1,44.6,0.0,0.0,0.0,0.0,0.0,24
2023-05-09 21:03:04,au2312C416,au2312C416,44.6,0.0,0.0,0.0,1,15.38,73.8,1,44.6,0.0,0.0,0.0,0.0,0.0,24
2023-05-09 21:03:05,au2312C416,au2312C416,44.6,0.0,0.0,0.0,1,15.44,73.74,1,44.6,0.0,0.0,0.0,0.0,0.0,24
2023-05-09 21:03:05,au2312C416,au2312C416,44.6,0.0,0.0,0.0,1,15.44,73.74,1,44.6,0.0,0.0,0.0,0.0,0.0,24
2023-05-09 21:03:06,au2312C416,au2312C416,44.6,0.0,0.0,0.0,1,15.46,73.72,1,44.6,0.0,0.0,0.0,0.0,0.0,24
2023-05-09 21:03:06,au2312C416,au2312C416,44.6,0.0,0.0,0.0,1,15.52,73.66,1,44.6,0.0,0.0,0.0,0.0,0.0,24
2023-05-09 21:03:07,au2312C416,au2312C416,44.6,0.0,0.0,0.0,1,15.52,73.66,1,44.6,0.0,0.0,0.0,0.0,0.0,24
2023-05-09 21:03:07,au2312C416,au2312C416,44.6,0.0,0.0,0.0,1,15.54,73.64,1,44.6,0.0,0.0,0.0,0.0,0.0,24
2023-05-09 21:03:08,au2312C416,au2312C416,44.6,0.0,0.0,0.0,1,15.6,73.58,1,44.6,0.0,0.0,0.0,0.0,0.0,24
2023-05-09 21:03:08,au2312C416,au2312C416,44.6,0.0,0.0,0.0,1,15.6,73.58,1,44.6,0.0,0.0,0.0,0.0,0.0,24
2023-05-09 21:03:09,au2312C416,au2312C416,44.6,0.0,0.0,0.0,1,15.62,73.56,1,44.6,0.0,0.0,0.0,0.0,0.0,24
2023-05-09 21:03:09,au2312C416,au2312C416,44.6,0.0,0.0,0.0,1,15.68,73.5,1,44.6,0.0,0.0,0.0,0.0,0.0,24
2023-05-09 21:03:10,au2312C416,au2312C416,44.6,0.0,0.0,0.0,1,15.68,73.5,1,44.6,0.0,0.0,0.0,0.0,0.0,24
2023-05-09 21:03:10,au2312C416,au2312C416,44.6,0.0,0.0,0.0,1,15.7,73.48,1,44.6,0.0,0.0,0.0,0.0,0.0,24
2023-05-09 21:03:11,au2312C416,au2312C416,44.6,0.0,0.0,0.0,1,15.76,73.42,1,44.6,0.0,0.0,0.0,0.0,0.0,24
2023-05-09 21:03:11,au2312C416,au2312C416,44.6,0.0,0.0,0.0,1,15.76,73.42,1,44.6,0.0,0.0,0.0,0.0,0.0,24
2023-05-09 21:03:12,au2312C416,au2312C416,44.6,0.0,0.0,0.0,1,15.78,73.4,1,44.6,0.0,0.0,0.0,0.0,0.0,24
2023-05-09 21:03:12,au2312C416,au2312C416,44.6,0.0,0.0,0.0,1,15.84,73.34,1,44.6,0.0,0.0,0.0,0.0,0.0,24
2023-05-09 21:03:13,au2312C416,au2312C416,44.6,0.0,0.0,0.0,1,15.84,73.34,1,44.6,0.0,0.0,0.0,0.0,0.0,24
2023-05-09 21:03:13,au2312C416,au2312C416,44.6,0.0,0.0,0.0,1,15.86,73.32,1,44.6,0.0,0.0,0.0,0.0,0.0,24
2023-05-09 21:03:14,au2312C416,au2312C416,44.6,0.0,0.0,0.0,1,15.92,73.26,1,44.6,0.0,0.0,0.0,0.0,0.0,24
2023-05-09 21:03:14,au2312C416,au2312C416,44.6,0.0,0.0,0.0,1,15.92,73.26,1,44.6,0.0,0.0,0.0,0.0,0.0,24
2023-05-09 21:03:15,au2312C416,au2312C416,44.6,0.0,0.0,0.0,1,15.94,73.24,1,44.6,0.0,0.0,0.0,0.0,0.0,24
2023-05-09 21:03:15,au2312C416,au2312C416,44.6,0.0,0.0,0.0,1,16.0,73.18,1,44.6,0.0,0.0,0.0,0.0,0.0,24
2023-05-09 21:03:16,au2312C416,au2312C416,44.6,0.0,0.0,0.0,1,16.0,73.18,1,44.6,0.0,0.0,0.0,0.0,0.0,24
2023-05-09 21:03:16,au2312C416,au2312C416,44.6,0.0,0.0,0.0,1,16.02,73.16,1,44.6,0.0,0.0,0.0,0.0,0.0,24
2023-05-09 21:03:17,au2312C416,au2312C416,44.6,0.0,0.0,0.0,1,16.08,73.1,1,44.6,0.0,0.0,0.0,0.0,0.0,24
2023-05-09 21:03:17,au2312C416,au2312C416,44.6,0.0,0.0,0.0,1,16.08,73.1,1,44.6,0.0,0.0,0.0,0.0,0.0,24
2023-05-09 21:03:18,au2312C416,au2312C416,44.6,0.0,0.0,0.0,1,16.1,73.08,1,44.6,0.0,0.0,0.0,0.0,0.0,24
2023-05-09 21:03:18,au2312C416,au2312C416,44.6,0.0,0.0,0.0,1,16.16,73.02,1,44.6,0.0,0.0,0.0,0.0,0.0,24
2023-05-09 21:03:19,au2312C416,au2312C416,44.6,0.0,0.0,0.0,1,16.16,73.02,1,44.6,0.0,0.0,0.0,0.0,0.0,24
2023-05-09 21:03:19,au2312C416,au2312C416,44.6,0.0,0.0,0.0,1,16.18,73.0,1,44.6,0.0,0.0,0.0,0.0,0.0,24
2023-05-09 21:03:20,au2312C416,au2312C416,44.6,0.0,0.0,0.0,1,16.24,72.94,1,44.6,0.0,0.0,0.0,0.0,0.0,24
2023-05-09 21:03:20,au2312C416,au2312C416,44.6,0.0,0.0,0.0,1,16.24,72.94,1,44.6,0.0,0.0,0.0,0.0,0.0,24
2023-05-09 21:03:21,au2312C416,au2312C416,44.6,0.0,0.0,0.0,1,16.26,72.92,1,44.6,0.0,0.0,0.0,0.0,0.0,24
2023-05-09 21:03:21,au2312C416,au2312C416,44.6,0.0,0.0,0.0,1,16.32,72.86,1,44.6,0.0,0.0,0.0,0.0,0.0,24
2023-05-09 21:03:22,au2312C416,au2312C416,44.6,0.0,0.0,0.0,1,16.32,72.86,1,44.6,0.0,0.0,0.0,0.0,0.0,24
2023-05-09 21:03:22,au2312C416,au2312C416,44.6,0.0,0.0,0.0,1,16.34,72.84,1,44.6,0.0,0.0,0.0,0.0,0.0,24
2023-05-09 21:03:23,au2312C416,au2312C416,44.6,0.0,0.0,0.0,1,16.4,72.78,1,44.6,0.0,0.0,0.0,0.0,0.0,24
2023-05-09 21:03:23,au2312C416,au2312C416,44.6,0.0,0.0,0.0,1,16.4,72.78,1,44.6,0.0,0.0,0.0,0.0,0.0,24
2023-05-09 21:03:24,au2312C416,au2312C416,44.6,0.0,0.0,0.0,1,16.42,72.76,1,44.6,0.0,0.0,0.0,0.0,0.0,24
2023-05-09 21:03:24,au2312C416,au2312C416,44.6,0.0,0.0,0.0,1,16.48,72.7,1,44.6,0.0,0.0,0.0,0.0,0.0,24
2023-05-09 21:03:25,au2312C416,au2312C416,44.6,0.0,0.0,0.0,1,16.48,72.7,1,44.6,0.0,0.0,0.0,0.0,0.0,24
2023-05-09 21:03:25,au2312C416,au2312C416,44.6,0.0,0.0,0.0,1,16.5,72.68,1,44.6,0.0,0.0,0.0,0.0,0.0,24
2023-05-09 21:03:26,au2312C416,au2312C416,44.6,0.0,0.0,0.0,1,16.56,72.62,1,44.6,0.0,0.0,0.0,0.0,0.0,24
2023-05-09 21:03:26,au2312C416,au2312C416,44.6,0.0,0.0,0.0,1,16.56,72.62,1,44.6,0.0,0.0,0.0,0.0,0.0,24
2023-05-09 21:03:27,au2312C416,au2312C416,44.6,0.0,0.0,0.0,1,16.58,72.6,1,44.6,0.0,0.0,0.0,0.0,0.0,24
2023-05-09 21:03:27,au2312C416,au2312C416,44.6,0.0,0.0,0.0,1,16.64,72.54,1,44.6,0.0,0.0,0.0,0.0,0.0,24
2023-05-09 21:03:28,au2312C416,au2312C416,44.6,0.0,0.0,0.0,1,16.64,72.54,1,44.6,0.0,0.0,0.0,0.0,0.0,24
2023-05-09 21:03:28,au2312C416,au2312C416,44.6,0.0,0.0,0.0,1,16.66,72.52,1,44.6,0.0,0.0,0.0,0.0,0.0,24
2023-05-09 21:03:29,au2312C416,au2312C416,44.6,0.0,0.0,0.0,1,16.72,72.46,1,44.6,0.0,0.0,0.0,0.0,0.0,24
2023-05-09 21:03:29,au2312C416,au2312C416,44.6,0.0,0.0,0.0,1,16.72,72.46,1,44.6,0.0,0.0,0.0,0.0,0.0,24
2023-05-09 21:03:30,au2312C416,au2312C416,44.6,0.0,0.0,0.0,1,16.74,72.44,1,44.6,0.0,0.0,0.0,0.0,0.0,24
2023-05-09 21:03:30,au2312C416,au2312C416,44.6,0.0,0.0,0.0,1,16.8,72.38,1,44.6,0.0,0.0,0.0,0.0,0.0,24
2023-05-09 21:03:31,au2312C416,au2312C416,44.6,0.0,0.0,0.0,1,16.8,72.38,1,44.6,0.0,0.0,0.0,0.0,0.0,24
2023-05-09 21:03:31,au2312C416,au2312C416,44.6,0.0,0.0,0.0,1,16.82,72.36,1,44.6,0.0,0.0,0.0,0.0,0.0,24
2023-05-09 21:03:32,au2312C416,au2312C416,44.6,0.0,0.0,0.0,1,16.88,72.3,1,44.6,0.0,0.0,0.0,0.0,0.0,24
2023-05-09 21:03:32,au2312C416,au2312C416,44.6,0.0,0.0,0.0,1,16.88,72.3,1,44.6,0.0,0.0,0.0,0.0,0.0,24
2023-05-09 21:03:33,au2312C416,au2312C416,44.6,0.0,0.0,0.0,1,16.9,72.28,1,44.6,0.0,0.0,0.0,0.0,0.0,24
2023-05-09 21:03:33,au2312C416,au2312C416,44.6,0.0,0.0,0.0,1,16.96,72.22,1,44.6,0.0,0.0,0.0,0.0,0.0,24
2023-05-09 21:03:34,au2312C416,au2312C416,44.6,0.0,0.0,0.0,1,16.96,72.22,1,44.6,0.0,0.0,0.0,0.0,0.0,24
2023-05-09 21:03:34,au2312C416,au2312C416,44.6,0.0,0.0,0.0,1,16.98,72.2,1,44.6,0.0,0.0,0.0,0.0,0.0,24
2023-05-09 21:03:35,au2312C416,au2312C416,44.6,0.0,0.0,0.0,1,17.04,72.14,1,44.6,0.0,0.0,0.0,0.0,0.0,24
2023-05-09 21:03:35,au2312C416,au2312C416,44.6,0.0,0.0,0.0,1,17.04,72.14,1,44.6,0.0,0.0,0.0,0.0,0.0,24
2023-05-09 21:03:36,au2312C416,au2312C416,44.6,0.0,0.0,0.0,1,17.06,72.12,1,44.6,0.0,0.0,0.0,0.0,0.0,24
2023-05-09 21:03:36,au2312C416,au2312C416,44.6,0.0,0.0,0.0,1,17.12,72.06,1,44.6,0.0,0.0,0.0,0.0,0.0,24
2023-05-09 21:03:37,au2312C416,au2312C416,44.6,0.0,0.0,0.0,1,17.12,72.06,1,44.6,0.0,0.0,0.0,0.0,0.0,24
2023-05-09 21:03:37,au2312C416,au2312C416,44.6,0.0,0.0,0.0,1,17.14,72.04,1,44.6,0.0,0.0,0.0,0.0,0.0,24
2023-05-09 21:03:38,au2312C416,au2312C416,44.6,0.0,0.0,0.0,1,17.2,71.98,1,44.6,0.0,0.0,0.0,0.0,0.0,24
2023-05-09 21:03:38,au2312C416,au2312C416,44.6,0.0,0.0,0.0,1,17.2,71.98,1,44.6,0.0,0.0,0.0,0.0,0.0,24
2023-05-09 21:03:39,au2312C416,au2312C416,44.6,0.0,0.0,0.0,1,17.22,71.96,1,44.6,0.0,0.0,0.0,0.0,0.0,24
2023-05-09 21:03:39,au2312C416,au2312C416,44.6,0.0,0.0,0.0,1,17.28,71.9,1,44.6,0.0,0.0,0.0,0.0,0.0,24
2023-05-09 21:03:40,au2312C416,au2312C416,44.6,0.0,0.0,0.0,1,17.28,71.9,1,44.6,0.0,0.0,0.0,0.0,0.0,24
2023-05-09 21:03:40,au2312C416,au2312C416,44.6,0.0,0.0,0.0,1,17.3,71.88,1,44.6,0.0,0.0,0.0,0.0,0.0,24
2023-05-09 21:03:41,au2312C416,au2312C416,44.6,0.0,0.0,0.0,1,17.36,71.82,1,44.6,0.0,0.0,0.0,0.0,0.0,24
2023-05-09 21:03:41,au2312C416,au2312C416,44.6,0.0,0.0,0.0,1,17.36,71.82,1,44.6,0.0,0.0,0.0,0.0,0.0,24
2023-05-09 21:03:42,au2312C416,au2312C416,44.6,0.0,0.0,0.0,1,17.38,71.8,1,44.6,0.0,0.0,0.0,0.0,0.0,24
2023-05-09 21:03:42,au2312C416,au2312C416,44.6,0.0,0.0,0.0,1,17.44,71.74,1,44.6,0.0,0.0,0.0,0.0,0.0,24
2023-05-09 21:03:43,au2312C416,au2312C416,44.6,0.0,0.0,0.0,1,17.44,71.74,1,44.6,0.0,0.0,0.0,0.0,0.0,24
2023-05-09 21:03:43,au2312C416,au2312C416,44.6,0.0,0.0,0.0,1,17.46,71.72,1,44.6,0.0,0.0,0.0,0.0,0.0,24
2023-05-09 21:03:44,au2312C416,au2312C416,44.6,0.0,0.0,0.0,1,17.52,71.66,1,44.6,0.0,0.0,0.0,0.0,0.0,24
2023-05-09 21:03:44,au2312C416,au2312C416,44.6,0.0,0.0,0.0,1,17.52,71.66,1,44.6,0.0,0.0,0.0,0.0,0.0,24
2023-05-09 21:03:45,au2312C416,au2312C416,44.6,0.0,0.0,0.0,1,17.54,71.64,1,44.6,0.0,0.0,0.0,0.0,0.0,24
2023-05-09 21:03:45,au2312C416,au2312C416,44.6,0.0,0.0,0.0,1,17.6,71.58,1,44.6,0.0,0.0,0.0,0.0,0.0,24
2023-05-09 21:03:46,au2312C416,au2312C416,44.6,0.0,0.0,0.0,1,17.6,71.58,1,44.6,0.0,0.0,0.0,0.0,0.0,24
2023-05-09 21:03:46,au2312C416,au2312C416,44.6,0.0,0.0,0.0,1,17.62,71.56,1,44.6,0.0,0.0,0.0,0.0,0.0,24
2023-05-09 21:03:47,au2312C416,au2312C416,44.6,0.0,0.0,0.0,1,17.68,71.5,1,44.6,0.0,0.0,0.0,0.0,0.0,24
2023-05-09 21:03:47,au2312C416,au2312C416,44.6,0.0,0.0,0.0,1,17.68,71.5,1,44.6,0.0,0.0,0.0,0.0,0.0,24
2023-05-09 21:03:48,au2312C416,au2312C416,44.6,0.0,0.0,0.0,1,17.7,71.48,1,44.6,0.0,0.0,0.0,0.0,0.0,24
2023-05-09 21:03:48,au2312C416,au2312C416,44.6,0.0,0.0,0.0,1,17.76,71.42,1,44.6,0.0,0.0,0.0,0.0,0.0,24
2023-05-09 21:03:49,au2312C416,au2312C416,44.6,0.0,0.0,0.0,1,17.76,71.42,1,44.6,0.0,0.0,0.0,0.0,0.0,24
2023-05-09 21:03:49,au2312C416,au2312C416,44.6,0.0,0.0,0.0,1,17.78,71.4,1,44.6,0.0,0.0,0.0,0.0,0.0,24
2023-05-09 21:03:50,au2312C416,au2312C416,44.6,0.0,0.0,0.0,1,17.84,71.34,1,44.6,0.0,0.0,0.0,0.0,0.0,24
2023-05-09 21:03:50,au2312C416,au2312C416,44.6,0.0,0.0,0.0,1,17.84,71.34,1,44.6,0.0,0.0,0.0,0.0,0.0,24
2023-05-09 21:03:51,au2312C416,au2312C416,44.6,0.0,0.0,0.0,1,17.86,71.32,1,44.6,0.0,0.0,0.0,0.0,0.0,24
2023-05-09 21:03:51,au2312C416,au2312C416,44.6,0.0,0.0,0.0,1,17.92,71.26,1,44.6,0.0,0.0,0.0,0.0,0.0,24
2023-05-09 21:03:52,au2312C416,au2312C416,44.6,0.0,0.0,0.0,1,17.92,71.26,1,44.6,0.0,0.0,0.0,0.0,0.0,24
2023-05-09 21:03:52,au2312C416,au2312C416,44.6,0.0,0.0,0.0,1,17.94,71.24,1,44.6,0.0,0.0,0.0,0.0,0.0,24
2023-05-09 21:03:53,au2312C416,au2312C416,44.6,0.0,0.0,0.0,1,18.0,71.18,1,44.6,0.0,0.0,0.0,0.0,0.0,24
2023-05-09 21:03:53,au2312C416,au2312C416,44.6,0.0,0.0,0.0,1,18.0,71.18,1,44.6,0.0,0.0,0.0,0.0,0.0,24
2023-05-09 21:03:54,au2312C416,au2312C416,44.6,0.0,0.0,0.0,1,18.02,71.16,1,44.6,0.0,0.0,0.0,0.0,0.0,24
2023-05-09 21:03:54,au2312C416,au2312C416,44.6,0.0,0.0,0.0,1,18.08,71.1,1,44.6,0.0,0.0,0.0,0.0,0.0,24
2023-05-09 21:03:55,au2312C416,au2312C416,44.6,0.0,0.0,0.0,1,18.08,71.1,1,44.6,0.0,0.0,0.0,0.0,0.0,24
2023-05-09 21:03:55,au2312C416,au2312C416,44.6,0.0,0.0,0.0,1,18.1,71.08,1,44.6,0.0,0.0,0.0,0.0,0.0,24
2023-05-09 21:03:56,au2312C416,au2312C416,44.6,0.0,0.0,0.0,1,18.16,71.02,1,44.6,0.0,0.0,0.0,0.0,0.0,24
2023-05-09 21:03:56,au2312C416,au2312C416,44.6,0.0,0.0,0.0,1,18.16,71.02,1,44.6,0.0,0.0,0.0,0.0,0.0,24
2023-05-09 21:03:57,au2312C416,au2312C416,44.6,0.0,0.0,0.0,1,18.18,71.0,1,44.6,0.0,0.0,0.0,0.0,0.0,24
2023-05-09 21:03:57,au2312C416,au2312C416,44.6,0.0,0.0,0.0,1,18.24,70.94,1,44.6,0.0,0.0,0.0,0.0,0.0,24
2023-05-09 21:03:58,au2312C416,au2312C416,44.6,0.0,0.0,0.0,1,18.24,70.94,1,44.6,0.0,0.0,0.0,0.0,0.0,24
2023-05-09 21:03:58,au2312C416,au2312C416,44.6,0.0,0.0,0.0,1,18.26,70.92,1,44.6,0.0,0.0,0.0,0.0,0.0,24
2023-05-09 21:03:59,au2312C416,au2312C416,44.6,0.0,0.0,0.0,1,18.32,70.86,1,44.6,0.0,0.0,0.0,0.0,0.0,24
2023-05-09 21:03:59,au2312C416,au2312C416,44.6,0.0,0.0,0.0,1,18.32,70.86,1,44.6,0.0,0.0,0.0,0.0,0.0,24
2023-05-09 21:04:00,au2312C416,au2312C416,44.6,0.0,0.0,0.0,1,18.34,70.84,1,44.6,0.0,0.0,0.0,0.0,0.0,24
2023-05-09 21:04:00,au2312C416,au2312C416,44.6,0.0,0.0,0.0,1,18.4,70.78,1,44.6,0.0,0.0,0.0,0.0,0.0,24
2023-05-09 21:04:01,au2312C416,au2312C416,44.6,0.0,0.0,0.0,1,18.4,70.78,1,44.6,0.0,0.0,0.0,0.0,0.0,24
2023-05-09 21:04:01,au2312C416,au2312C416,44.6,0.0,0.0,0.0,1,18.42,70.76,1,44.6,0.0,0.0,0.0,0.0,0.0,24
2023-05-09 21:04:02,au2312C416,au2312C416,44.6,0.0,0.0,0.0,1,18.48,70.7,1,44.6,0.0,0.0,0.0,0.0,0.0,24
2023-05-09 21:04:02,au2312C416,au2312C416,44.6,0.0,0.0,0.0,1,18.48,70.7,1,44.6,0.0,0.0,0.0,0.0,0.0,24
2023-05-09 21:04:03,au2312C416,au2312C416,44.6,0.0,0.0,0.0,1,18.5,70.68,1,44.6,0.0,0.0,0.0,0.0,0.0,24
2023-05-09 21:04:03,au2312C416,au2312C416,44.6,0.0,0.0,0.0,1,18.56,70.62,1,44.6,0.0,0.0,0.0,0.0,0.0,24
2023-05-09 21:04:04,au2312C416,au2312C416,44.6,0.0,0.0,0.0,1,18.56,70.62,1,44.6,0.0,0.0,0.0,0.0,0.0,24
2023-05-09 21:04:04,au2312C416,au2312C416,44.6,0.0,0.0,0.0,1,18.58,70.6,1,44.6,0.0,0.0,0.0,0.0,0.0,24
2023-05-09 21:04:05,au2312C416,au2312C416,44.6,0.0,0.0,0.0,1,18.64,70.54,1,44.6,0.0,0.0,0.0,0.0,0.0,24
2023-05-09 21:04:05,au2312C416,au2312C416,44.6,0.0,0.0,0.0,1,18.64,70.54,1,44.6,0.0,0.0,0.0,0.0,0.0,24
2023-05-09 21:04:06,au2312C416,au2312C416,44.6,0.0,0.0,0.0,1,18.66,70.52,1,44.6,0.0,0.0,0.0,0.0,0.0,24
2023-05-09 21:04:06,au2312C416,au2312C416,44.6,0.0,0.0,0.0,1,18.72,70.46,1,44.6,0.0,0.0,0.0,0.0,0.0,24
2023-05-09 21:04:07,au2312C416,au2312C416,44.6,0.0,0.0,0.0,1,18.72,70.46,1,44.6,0.0,0.0,0.0,0.0,0.0,24
2023-05-09 21:04:07,au2312C416,au2312C416,44.6,0.0,0.0,0.0,1,18.74,70.44,1,44.6,0.0,0.0,0.0,0.0,0.0,24
2023-05-09 21:04:08,au2312C416,au2312C416,44.6,0.0,0.0,0.0,1,18.8,70.38,1,44.6,0.0,0.0,0.0,0.0,0.0,24
2023-05-09 21:04:08,au2312C416,au2312C416,44.6,0.0,0.0,0.0,1,18.8,70.38,1,44.6,0.0,0.0,0.0,0.0,0.0,24
2023-05-09 21:04:09,au2312C416,au2312C416,44.6,0.0,0.0,0.0,1,18.82,70.36,1,44.6,0.0,0.0,0.0,0.0,0.0,24
2023-05-09 21:04:09,au2312C416,au2312C416,44.6,0.0,0.0,0.0,1,18.88,70.3,1,44.6,0.0,0.0,0.0,0.0,0.0,24
2023-05-09 21:04:10,au2312C416,au2312C416,44.6,0.0,0.0,0.0,1,18.88,70.3,1,44.6,0.0,0.0,0.0,0.0,0.0,24
2023-05-09 21:04:10,au2312C416,au2312C416,44.6,0.0,0.0,0.0,1,18.9,70.28,1,44.6,0.0,0.0,0.0,0.0,0.0,24
2023-05-09 21:04:11,au2312C416,au2312C416,44.6,0.0,0.0,0.0,1,18.96,70.22,1,44.6,0.0,0.0,0.0,0.0,0.0,24
2023-05-09 21:04:11,au2312C416,au2312C416,44.6,0.0,0.0,0.0,1,18.96,70.22,1,44.6,0.0,0.0,0.0,0.0,0.0,24
2023-05-09 21:04:12,au2312C416,au2312C416,44.6,0.0,0.0,0.0,1,18.98,70.2,1,44.6,0.0,0.0,0.0,0.0,0.0,24
2023-05-09 21:04:12,au2312C416,au2312C416,44.6,0.0,0.0,0.0,1,19.04,70.14,1,44.6,0.0,0.0,0.0,0.0,0.0,24
2023-05-09 21:04:13,au2312C416,au2312C416,44.6,0.0,0.0,0.0,1,19.04,70.14,1,44.6,0.0,0.0,0.0,0.0,0.0,24
2023-05-09 21:04:13,au2312C416,au2312C416,44.6,0.0,0.0,0.0,1,19.06,70.12,1,44.6,0.0,0.0,0.0,0.0,0.0,24
2023-05-09 21:04:14,au2312C416,au2312C416,44.6,0.0,0.0,0.0,1,19.12,70.06,1,44.6,0.0,0.0,0.0,0.0,0.0,24
2023-05-09 21:04:14,au2312C416,au2312C416,44.6,0.0,0.0,0.0,1,19.12,70.06,1,44.6,0.0,0.0,0.0,0.0,0.0,24
2023-05-09 21:04:15,au2312C416,au2312C416,44.6,0.0,0.0,0.0,1,19.14,70.04,1,44.6,0.0,0.0,0.0,0.0,0.0,24
2023-05-09 21:04:15,au2312C416,au2312C416,44.6,0.0,0.0,0.0,1,19.2,69.98,1,44.6,0.0,0.0,0.0,0.0,0.0,24
2023-05-09 21:04:16,au2312C416,au2312C416,44.6,0.0,0.0,0.0,1,19.2,69.98,1,44.6,0.0,0.0,0.0,0.0,0.0,24
2023-05-09 21:04:16,au2312C416,au2312C416,44.6,0.0,0.0,0.0,1,19.22,69.96,1,44.6,0.0,0.0,0.0,0.0,0.0,24
2023-05-09 21:04:17,au2312C416,au2312C416,44.6,0.0,0.0,0.0,1,19.28,69.9,1,44.6,0.0,0.0,0.0,0.0,0.0,24
2023-05-09 21:04:17,au2312C416,au2312C416,44.6,0.0,0.0,0.0,1,19.28,69.9,1,44.6,0.0,0.0,0.0,0.0,0.0,24
2023-05-09 21:04:18,au2312C416,au2312C416,44.6,0.0,0.0,0.0,1,19.3,69.88,1,44.6,0.0,0.0,0.0,0.0,0.0,24
2023-05-09 21:04:18,au2312C416,au2312C416,44.6,0.0,0.0,0.0,1,19.36,69.82,1,44.6,0.0,0.0,0.0,0.0,0.0,24
2023-05-09 21:04:19,au2312C416,au2312C416,44.6,0.0,0.0,0.0,1,19.36,69.82,1,44.6,0.0,0.0,0.0,0.0,0.0,24
2023-05-09 21:04:19,au2312C416,au2312C416,44.6,0.0,0.0,0.0,1,19.38,69.8,1,44.6,0.0,0.0,0.0,0.0,0.0,24
2023-05-09 21:04:20,au2312C416,au2312C416,44.6,0.0,0.0,0.0,1,19.44,69.74,1,44.6,0.0,0.0,0.0,0.0,0.0,24
2023-05-09 21:04:20,au2312C416,au2312C416,44.6,0.0,0.0,0.0,1,19.44,69.74,1,44.6,0.0,0.0,0.0,0.0,0.0,24
2023-05-09 21:04:21,au2312C416,au2312C416,44.6,0.0,0.0,0.0,1,19.46,69.72,1,44.6,0.0,0.0,0.0,0.0,0.0,24
2023-05-09 21:04:21,au2312C416,au2312C416,44.6,0.0,0.0,0.0,1,19.52,69.66,1,44.6,0.0,0.0,0.0,0.0,0.0,24
2023-05-09 21:04:22,au2312C416,au2312C416,44.6,0.0,0.0,0.0,1,19.52,69.66,1,44.6,0.0,0.0,0.0,0.0,0.0,24
2023-05-09 21:04:22,au2312C416,au2312C416,44.6,0.0,0.0,0.0,1,19.54,69.64,1,44.6,0.0,0.0,0.0,0.0,0.0,24
2023-05-09 21:04:23,au2312C416,au2312C416,44.6,0.0,0.0,0.0,1,19.6,69.58,1,44.6,0.0,0.0,0.0,0.0,0.0,24
2023-05-09 21:04:23,au2312C416,au2312C416,44.6,0.0,0.0,0.0,1,19.6,69.58,1,44.6,0.0,0.0,0.0,0.0,0.0,24
2023-05-09 21:04:24,au2312C416,au2312C416,44.6,0.0,0.0,0.0,1,19.62,69.56,1,44.6,0.0,0.0,0.0,0.0,0.0,24
2023-05-09 21:04:24,au2312C416,au2312C416,44.6,0.0,0.0,0.0,1,19.68,69.5,1,44.6,0.0,0.0,0.0,0.0,0.0,24
2023-05-09 21:04:25,au2312C416,au2312C416,44.6,0.0,0.0,0.0,1,19.68,69.5,1,44.6,0.0,0.0,0.0,0.0,0.0,24
2023-05-09 21:04:25,au2312C416,au2312C416,44.6,0.0,0.0,0.0,1,19.7,69.48,1,44.6,0.0,0.0,0.0,0.0,0.0,24
2023-05-09 21:04:26,au2312C416,au2312C416,44.6,0.0,0.0,0.0,1,19.76,69.42,1,44.6,0.0,0.0,0.0,0.0,0.0,24
2023-05-09 21:04:26,au2312C416,au2312C416,44.6,0.0,0.0,0.0,1,19.76,69.42,1,44.6,0.0,0.0,0.0,0.0,0.0,24
2023-05-09 21:04:27,au2312C416,au2312C416,44.6,0.0,0.0,0.0,1,19.78,69.4,1,44.6,0.0,0.0,0.0,0.0,0.0,24
2023-05-09 21:04:27,au2312C416,au2312C416,44.6,0.0,0.0,0.0,1,19.84,69.34,1,44.6,0.0,0.0,0.0,0.0,0.0,24
2023-05-09 21:04:28,au2312C416,au2312C416,44.6,0.0,0.0,0.0,1,19.84,69.34,1,44.6,0.0,0.0,0.0,0.0,0.0,24
2023-05-09 21:04:28,au2312C416,au2312C416,44.6,0.0,0.0,0.0,1,19.86,69.32,1,44.6,0.0,0.0,0.0,0.0,0.0,24
2023-05-09 21:04:29,au2312C416,au2312C416,44.6,0.0,0.0,0.0,1,19.92,69.26,1,44.6,0.0,0.0,0.0,0.0,0.0,24
2023-05-09 21:04:29,au2312C416,au2312C416,44.6,0.0,0.0,0.0,1,19.92,69.26,1,44.6,0.0,0.0,0.0,0.0,0.0,24
2023-05-09 21:04:30,au2312C416,au2312C416,44.6,0.0,0.0,0.0,1,19.94,69.24,1,44.6,0.0,0.0,0.0,0.0,0.0,24
2023-05-09 21:04:30,au2312C416,au2312C416,44.6,0.0,0.0,0.0,1,20.0,69.18,1,44.6,0.0,0.0,0.0,0.0,0.0,24
2023-05-09 21:04:31,au2312C416,au2312C416,44.6,0.0,0.0,0.0,1,20.0,69.18,1,44.6,0.0,0.0,0.0,0.0,0.0,24
2023-05-09 21:04:31,au2312C416,au2312C416,44.6,0.0,0.0,0.0,1,20.02,69.16,1,44.6,0.0,0.0,0.0,0.0,0.0,24
2023-05-09 21:04:32,au2312C416,au2312C416,44.6,0.0,0.0,0.0,1,20.08,69.1,1,44.6,0.0,0.0,0.0,0.0,0.0,24
2023-05-09 21:04:32,au2312C416,au2312C416,44.6,0.0,0.0,0.0,1,20.08,69.1,1,44.6,0.0,0.0,0.0,0.0,0.0,24
2023-05-09 21:04:33,au2312C416,au2312C416,44.6,0.0,0.0,0.0,1,20.1,69.08,1,44.6,0.0,0.0,0.0,0.0,0.0,24
2023-05-09 21:04:33,au2312C416,au2312C416,44.6,0.0,0.0,0.0,1,20.16,69.02,1,44.6,0.0,0.0,0.0,0.0,0.0,24
2023-05-09 21:04:34,au2312C416,au2312C416,44.6,0.0,0.0,0.0,1,20.16,69.02,1,44.6,0.0,0.0,0.0,0.0,0.0,24
2023-05-09 21:04:34,au2312C416,au2312C416,44.6,0.0,0.0,0.0,1,20.18,69.0,1,44.6,0.0,0.0,0.0,0.0,0.0,24
2023-05-09 21:04:35,au2312C416,au2312C416,44.6,0.0,0.0,0.0,1,20.24,68.94,1,44.6,0.0,0.0,0.0,0.0,0.0,24
2023-05-09 21:04:35,au2312C416,au2312C416,44.6,0.0,0.0,0.0,1,20.24,68.94,1,44.6,0.0,0.0,0.0,0.0,0.0,24
2023-05-09 21:04:36,au2312C416,au2312C416,44.6,0.0,0.0,0.0,1,20.26,68.92,1,44.6,0.0,0.0,0.0,0.0,0.0,24
2023-05-09 21:04:36,au2312C416,au2312C416,44.6,0.0,0.0,0.0,1,20.32,68.86,1,44.6,0.0,0.0,0.0,0.0,0.0,24
2023-05-09 21:04:37,au2312C416,au2312C416,44.6,0.0,0.0,0.0,1,20.32,68.86,1,44.6,0.0,0.0,0.0,0.0,0.0,24
2023-05-09 21:04:37,au2312C416,au2312C416,44.6,0.0,0.0,0.0,1,20.34,68.84,1,44.6,0.0,0.0,0.0,0.0,0.0,24
2023-05-09 21:04:38,au2312C416,au2312C416,44.6,0.0,0.0,0.0,1,20.4,68.78,1,44.6,0.0,0.0,0.0,0.0,0.0,24
2023-05-09 21:04:38,au2312C416,au2312C416,44.6,0.0,0.0,0.0,1,20.4,68.78,1,44.6,0.0,0.0,0.0,0.0,0.0,24
2023-05-09 21:04:39,au2312C416,au2312C416,44.6,0.0,0.0,0.0,1,20.42,68.76,1,44.6,0.0,0.0,0.0,0.0,0.0,24
2023-05-09 21:04:39,au2312C416,au2312C416,44.6,0.0,0.0,0.0,1,20.48,68.7,1,44.6,0.0,0.0,0.0,0.0,0.0,24
2023-05-09 21:04:40,au2312C416,au2312C416,44.6,0.0,0.0,0.0,1,20.48,68.7,1,44.6,0.0,0.0,0.0,0.0,0.0,24
2023-05-09 21:04:40,au2312C416,au2312C416,44.6,0.0,0.0,0.0,1,20.5,68.68,1,44.6,0.0,0.0,0.0,0.0,0.0,24
2023-05-09 21:04:41,au2312C416,au2312C416,44.6,0.0,0.0,0.0,1,20.56,68.62,1,44.6,0.0,0.0,0.0,0.0,0.0,24
2023-05-09 21:04:41,au2312C416,au2312C416,44.6,0.0,0.0,0.0,1,20.56,68.62,1,44.6,0.0,0.0,0.0,0.0,0.0,24
2023-05-09 21:04:42,au2312C416,au2312C416,44.6,0.0,0.0,0.0,1,20.58,68.6,1,44.6,0.0,0.0,0.0,0.0,0.0,24
2023-05-09 21:04:42,au2312C416,au2312C416,44.6,0.0,0.0,0.0,1,20.64,68.54,1,44.6,0.0,0.0,0.0,0.0,0.0,24
2023-05-09 21:04:43,au2312C416,au2312C416,44.6,0.0,0.0,0.0,1,20.64,68.54,1,44.6,0.0,0.0,0.0,0.0,0.0,24
2023-05-09 21:04:43,au2312C416,au2312C416,44.6,0.0,0.0,0.0,1,20.66,68.52,1,44.6,0.0,0.0,0.0,0.0,0.0,24
2023-05-09 21:04:44,au2312C416,au2312C416,44.6,0.0,0.0,0.0,1,20.72,68.46,1,44.6,0.0,0.0,0.0,0.0,0.0,24
2023-05-09 21:04:44,au2312C416,au2312C416,44.6,0.0,0.0,0.0,1,20.72,68.46,1,44.6,0.0,0.0,0.0,0.0,0.0,24
2023-05-09 21:04:45,au2312C416,au2312C416,44.6,0.0,0.0,0.0,1,20.74,68.44,1,44.6,0.0,0.0,0.0,0.0,0.0,24
2023-05-09 21:04:45,au2312C416,au2312C416,44.6,0.0,0.0,0.0,1,20.8,68.38,1,44.6,0.0,0.0,0.0,0.0,0.0,24
2023-05-09 21:04:46,au2312C416,au2312C416,44.6,0.0,0.0,0.0,1,20.8,68.38,1,44.6,0.0,0.0,0.0,0.0,0.0,24
2023-05-09 21:04:46,au2312C416,au2312C416,44.6,0.0,0.0,0.0,1,20.82,68.36,1,44.6,0.0,0.0,0.0,0.0,0.0,24
2023-05-09 21:04:47,au2312C416,au2312C416,44.6,0.0,0.0,0.0,1,20.88,68.3,1,44.6,0.0,0.0,0.0,0.0,0.0,24
2023-05-09 21:04:47,au2312C416,au2312C416,44.6,0.0,0.0,0.0,1,20.88,68.3,1,44.6,0.0,0.0,0.0,0.0,0.0,24
2023-05-09 21:04:48,au2312C416,au2312C416,44.6,0.0,0.0,0.0,1,20.9,68.28,1,44.6,0.0,0.0,0.0,0.0,0.0,24
2023-05-09 21:04:48,au2312C416,au2312C416,44.6,0.0,0.0,0.0,1,20.96,68.22,1,44.6,0.0,0.0,0.0,0.0,0.0,24
2023-05-09 21:04:49,au2312C416,au2312C416,44.6,0.0,0.0,0.0,1,20.96,68.22,1,44.6,0.0,0.0,0.0,0.0,0.0,24
2023-05-09 21:04:49,au2312C416,au2312C416,44.6,0.0,0.0,0.0,1,20.98,68.2,1,44.6,0.0,0.0,0.0,0.0,0.0,24
2023-05-09 21:04:50,au2312C416,au2312C416,44.6,0.0,0.0,0.0,1,21.04,68.14,1,44.6,0.0,0.0,0.0,0.0,0.0,24
2023-05-09 21:04:50,au2312C416,au2312C416,44.6,0.0,0.0,0.0,1,21.04,68.14,1,44.6,0.0,0.0,0.0,0.0,0.0,24
2023-05-09 21:04:51,au2312C416,au2312C416,44.6,0.0,0.0,0.0,1,21.06,68.12,1,44.6,0.0,0.0,0.0,0.0,0.0,24
2023-05-09 21:04:51,au2312C416,au2312C416,44.6,0.0,0.0,0.0,1,21.12,68.06,1,44.6,0.0,0.0,0.0,0.0,0.0,24
2023-05-09 21:04:52,au2312C416,au2312C416,44.6,0.0,0.0,0.0,1,21.12,68.06,1,44.6,0.0,0.0,0.0,0.0,0.0,24
2023-05-09 21:04:52,au2312C416,au2312C416,44.6,0.0,0.0,0.0,1,21.14,68.04,1,44.6,0.0,0.0,0.0,0.0,0.0,24
2023-05-09 21:04:53,au2312C416,au2312C416,44.6,0.0,0.0,0.0,1,21.2,67.98,1,44.6,0.0,0.0,0.0,0.0,0.0,24
2023-05-09 21:04:53,au2312C416,au2312C416,44.6,0.0,0.0,0.0,1,21.2,67.98,1,44.6,0.0,0.0,0.0,0.0,0.0,24
2023-05-09 21:04:54,au2312C416,au2312C416,44.6,0.0,0.0,0.0,1,21.22,67.96,1,44.6,0.0,0.0,0.0,0.0,0.0,24
2023-05-09 21:04:54,au2312C416,au2312C416,44.6,0.0,0.0,0.0,1,21.28,67.9,1,44.6,0.0,0.0,0.0,0.0,0.0,24
2023-05-09 21:04:55,au2312C416,au2312C416,44.6,0.0,0.0,0.0,1,21.28,67.9,1,44.6,0.0,0.0,0.0,0.0,0.0,24
2023-05-09 21:04:55,au2312C416,au2312C416,44.6,0.0,0.0,0.0,1,21.3,67.88,1,44.6,0.0,0.0,0.0,0.0,0.0,24
2023-05-09 21:04:56,au2312C416,au2312C416,44.6,0.0,0.0,0.0,1,21.36,67.82,1,44.6,0.0,0.0,0.0,0.0,0.0,24
2023-05-09 21:04:56,au2312C416,au2312C416,44.6,0.0,0.0,0.0,1,21.36,67.82,1,44.6,0.0,0.0,0.0,0.0,0.0,24
2023-05-09 21:04:57,au2312C416,au2312C416,44.6,0.0,0.0,0.0,1,21.38,67.8,1,44.6,0.0,0.0,0.0,0.0,0.0,24
2023-05-09 21:04:57,au2312C416,au2312C416,44.6,0.0,0.0,0.0,1,21.44,67.74,1,44.6,0.0,0.0,0.0,0.0,0.0,24
2023-05-09 21:04:58,au2312C416,au2312C416,44.6,0.0,0.0,0.0,1,21.44,67.74,1,44.6,0.0,0.0,0.0,0.0,0.0,24
2023-05-09 21:04:58,au2312C416,au2312C416,44.6,0.0,0.0,0.0,1,21.46,67.72,1,44.6,0.0,0.0,0.0,0.0,0.0,24
2023-05-09 21:04:59,au2312C416,au2312C416,44.6,0.0,0.0,0.0,1,21.52,67.66,1,44.6,0.0,0.0,0.0,0.0,0.0,24
2023-05-09 21:04:59,au2312C416,au2312C416,44.6,0.0,0.0,0.0,1,21.52,67.66,1,44.6,0.0,0.0,0.0,0.0,0.0,24
2023-05-09 21:05:00,au2312C416,au2312C416,44.6,0.0,0.0,0.0,1,21.54,67.64,1,44.6,0.0,0.0,0.0,0.0,0.0,24
2023-05-09 21:05:00,au2312C416,au2312C416,44.6,0.0,0.0,0.0,1,21.6,67.58,1,44.6,0.0,0.0,0.0,0.0,0.0,24
2023-05-09 21:05:01,au2312C416,au2312C416,44.6,0.0,0.0,0.0,1,21.6,67.58,1,44.6,0.0,0.0,0.0,0.0,0.0,24
2023-05-09 21:05:01,au2312C416,au2312C416,44.6,0.0,0.0,0.0,1,21.62,67.56,1,44.6,0.0,0.0,0.0,0.0,0.0,24
2023-05-09 21:05:02,au2312C416,au2312C416,44.6,0.0,0.0,0.0,1,21.68,67.5,1,44.6,0.0,0.0,0.0,0.0,0.0,24
2023-05-09 21:05:02,au2312C416,au2312C416,44.6,0.0,0.0,0.0,1,21.68,67.5,1,44.6,0.0,0.0,0.0,0.0,0.0,24
2023-05-09 21:05:03,au2312C416,au2312C416,44.6,0.0,0.0,0.0,1,21.7,67.48,1,44.6,0.0,0.0,0.0,0.0,0.0,24
2023-05-09 21:05:03,au2312C416,au2312C416,44.6,0.0,0.0,0.0,1,21.76,67.42,1,44.6,0.0,0.0,0.0,0.0,0.0,24
2023-05-09 21:05:04,au2312C416,au2312C416,44.6,0.0,0.0,0.0,1,21.76,67.42,1,44.6,0.0,0.0,0.0,0.0,0.0,24
2023-05-09 21:05:04,au2312C416,au2312C416,44.6,0.0,0.0,0.0,1,21.78,67.4,1,44.6,0.0,0.0,0.0,0.0,0.0,24
2023-05-09 21:05:05,au2312C416,au2312C416,44.6,0.0,0.0,0.0,1,21.84,67.34,1,44.6,0.0,0.0,0.0,0.0,0.0,24
2023-05-09 21:05:05,au2312C416,au2312C416,44.6,0.0,0.0,0.0,1,21.84,67.34,1,44.6,0.0,0.0,0.0,0.0,0.0,24
2023-05-09 21:05:06,au2312C416,au2312C416,44.6,0.0,0.0,0.0,1,21.86,67.32,1,44.6,0.0,0.0,0.0,0.0,0.0,24
2023-05-09 21:05:06,au2312C416,au2312C416,44.6,0.0,0.0,0.0,1,21.92,67.26,1,44.6,0.0,0.0,0.0,0.0,0.0,24
2023-05-09 21:05:07,au2312C416,au2312C416,44.6,0.0,0.0,0.0,1,21.92,67.26,1,44.6,0.0,0.0,0.0,0.0,0.0,24
2023-05-09 21:05:07,au2312C416,au2312C416,44.6,0.0,0.0,0.0,1,21.94,67.24,1,44.6,0.0,0.0,0.0,0.0,0.0,24
2023-05-09 21:05:08,au2312C416,au2312C416,44.6,0.0,0.0,0.0,1,22.0,67.18,1,44.6,0.0,0.0,0.0,0.0,0.0,24
2023-05-09 21:05:08,au2312C416,au2312C416,44.6,0.0,0.0,0.0,1,22.0,67.18,1,44.6,0.0,0.0,0.0,0.0,0.0,24
2023-05-09 21:05:09,au2312C416,au2312C416,44.6,0.0,0.0,0.0,1,22.02,67.16,1,44.6,0.0,0.0,0.0,0.0,0.0,24
2023-05-09 21:05:09,au2312C416,au2312C416,44.6,0.0,0.0,0.0,1,22.08,67.1,1,44.6,0.0,0.0,0.0,0.0,0.0,24
2023-05-09 21:05:10,au2312C416,au2312C416,44.6,0.0,0.0,0.0,1,22.08,67.1,1,44.6,0.0,0.0,0.0,0.0,0.0,24
2023-05-09 21:05:10,au2312C416,au2312C416,44.6,0.0,0.0,0.0,1,22.1,67.08,1,44.6,0.0,0.0,0.0,0.0,0.0,24
2023-05-09 21:05:11,au2312C416,au2312C416,44.6,0.0,0.0,0.0,1,22.16,67.02,1,44.6,0.0,0.0,0.0,0.0,0.0,24
2023-05-09 21:05:11,au2312C416,au2312C416,44.6,0.0,0.0,0.0,1,22.16,67.02,1,44.6,0.0,0.0,0.0,0.0,0.0,24
2023-05-09 21:05:12,au2312C416,au2312C416,44.6,0.0,0.0,0.0,1,22.18,67.0,1,44.6,0.0,0.0,0.0,0.0,0.0,24
2023-05-09 21:05:12,au2312C416,au2312C416,44.6,0.0,0.0,0.0,1,22.24,66.94,1,44.6,0.0,0.0,0.0,0.0,0.0,24
2023-05-09 21:05:13,au2312C416,au2312C416,44.6,0.0,0.0,0.0,1,22.24,66.94,1,44.6,0.0,0.0,0.0,0.0,0.0,24
2023-05-09 21:05:13,au2312C416,au2312C416,44.6,0.0,0.0,0.0,1,22.26,66.92,1,44.6,0.0,0.0,0.0,0.0,0.0,24
2023-05-09 21:05:14,au2312C416,au2312C416,44.6,0.0,0.0,0.0,1,22.32,66.86,1,44.6,0.0,0.0,0.0,0.0,0.0,24
2023-05-09 21:05:14,au2312C416,au2312C416,44.6,0.0,0.0,0.0,1,22.32,66.86,1,44.6,0.0,0.0,0.0,0.0,0.0,24
2023-05-09 21:05:15,au2312C416,au2312C416,44.6,0.0,0.0,0.0,1,22.34,66.84,1,44.6,0.0,0.0,0.0,0.0,0.0,24
2023-05-09 21:05:15,au2312C416,au2312C416,44.6,0.0,0.0,0.0,1,22.4,66.78,1,44.6,0.0,0.0,0.0,0.0,0.0,24
2023-05-09 21:05:16,au2312C416,au2312C416,44.6,0.0,0.0,0.0,1,22.4,66.78,1,44.6,0.0,0.0,0.0,0.0,0.0,24
2023-05-09 21:05:16,au2312C416,au2312C416,44.6,0.0,0.0,0.0,1,22.42,66.76,1,44.6,0.0,0.0,0.0,0.0,0.0,24
2023-05-09 21:05:17,au2312C416,au2312C416,44.6,0.0,0.0,0.0,1,22.48,66.7,1,44.6,0.0,0.0,0.0,0.0,0.0,24
2023-05-09 21:05:17,au2312C416,au2312C416,44.6,0.0,0.0,0.0,1,22.48,66.7,1,44.6,0.0,0.0,0.0,0.0,0.0,24
2023-05-09 21:05:18,au2312C416,au2312C416,44.6,0.0,0.0,0.0,1,22.5,66.68,1,44.6,0.0,0.0,0.0,0.0,0.0,24
2023-05-09 21:05:18,au2312C416,au2312C416,44.6,0.0,0.0,0.0,1,22.56,66.62,1,44.6,0.0,0.0,0.0,0.0,0.0,24
2023-05-09 21:05:19,au2312C416,au2312C416,44.6,0.0,0.0,0.0,1,22.56,66.62,1,44.6,0.0,0.0,0.0,0.0,0.0,24
2023-05-09 21:05:19,au2312C416,au2312C416,44.6,0.0,0.0,0.0,1,22.58,66.6,1,44.6,0.0,0.0,0.0,0.0,0.0,24
2023-05-09 21:05:20,au2312C416,au2312C416,44.6,0.0,0.0,0.0,1,22.64,66.54,1,44.6,0.0,0.0,0.0,0.0,0.0,24
2023-05-09 21:05:20,au2312C416,au2312C416,44.6,0.0,0.0,0.0,1,22.64,66.54,1,44.6,0.0,0.0,0.0,0.0,0.0,24
2023-05-09 21:05:21,au2312C416,au2312C416,44.6,0.0,0.0,0.0,1,22.66,66.52,1,44.6,0.0,0.0,0.0,0.0,0.0,24
2023-05-09 21:05:21,au2312C416,au2312C416,44.6,0.0,0.0,0.0,1,22.72,66.46,1,44.6,0.0,0.0,0.0,0.0,0.0,24
2023-05-09 21:05:22,au2312C416,au2312C416,44.6,0.0,0.0,0.0,1,22.72,66.46,1,44.6,0.0,0.0,0.0,0.0,0.0,24
2023-05-09 21:05:22,au2312C416,au2312C416,44.6,0.0,0.0,0.0,1,22.74,66.44,1,44.6,0.0,0.0,0.0,0.0,0.0,24
2023-05-09 21:05:23,au2312C416,au2312C416,44.6,0.0,0.0,0.0,1,22.8,66.38,1,44.6,0.0,0.0,0.0,0.0,0.0,24
2023-05-09 21:05:23,au2312C416,au2312C416,44.6,0.0,0.0,0.0,1,22.8,66.38,1,44.6,0.0,0.0,0.0,0.0,0.0,24
2023-05-09 21:05:24,au2312C416,au2312C416,44.6,0.0,0.0,0.0,1,22.82,66.36,1,44.6,0.0,0.0,0.0,0.0,0.0,24
2023-05-09 21:05:24,au2312C416,au2312C416,44.6,0.0,0.0,0.0,1,22.88,66.3,1,44.6,0.0,0.0,0.0,0.0,0.0,24
2023-05-09 21:05:25,au2312C416,au2312C416,44.6,0.0,0.0,0.0,1,22.88,66.3,1,44.6,0.0,0.0,0.0,0.0,0.0,24
2023-05-09 21:05:25,au2312C416,au2312C416,44.6,0.0,0.0,0.0,1,22.9,66.28,1,44.6,0.0,0.0,0.0,0.0,0.0,24
2023-05-09 21:05:26,au2312C416,au2312C416,44.6,0.0,0.0,0.0,1,22.96,66.22,1,44.6,0.0,0.0,0.0,0.0,0.0,24
2023-05-09 21:05:26,au2312C416,au2312C416,44.6,0.0,0.0,0.0,1,22.96,66.22,1,44.6,0.0,0.0,0.0,0.0,0.0,24
2023-05-09 21:05:27,au2312C416,au2312C416,44.6,0.0,0.0,0.0,1,22.98,66.2,1,44.6,0.0,0.0,0.0,0.0,0.0,24
2023-05-09 21:05:27,au2312C416,au2312C416,44.6,0.0,0.0,0.0,1,23.04,66.14,1,44.6,0.0,0.0,0.0,0.0,0.0,24
2023-05-09 21:05:28,au2312C416,au2312C416,44.6,0.0,0.0,0.0,1,23.04,66.14,1,44.6,0.0,0.0,0.0,0.0,0.0,24
2023-05-09 21:05:28,au2312C416,au2312C416,44.6,0.0,0.0,0.0,1,23.06,66.12,1,44.6,0.0,0.0,0.0,0.0,0.0,24
2023-05-09 21:05:29,au2312C416,au2312C416,44.6,0.0,0.0,0.0,1,23.12,66.06,1,44.6,0.0,0.0,0.0,0.0,0.0,24
2023-05-09 21:05:29,au2312C416,au2312C416,44.6,0.0,0.0,0.0,1,23.12,66.06,1,44.6,0.0,0.0,0.0,0.0,0.0,24
2023-05-09 21:05:30,au2312C416,au2312C416,44.6,0.0,0.0,0.0,1,23.14,66.04,1,44.6,0.0,0.0,0.0,0.0,0.0,24
2023-05-09 21:05:30,au2312C416,au2312C416,44.6,0.0,0.0,0.0,1,23.2,65.98,1,44.6,0.0,0.0,0.0,0.0,0.0,24
2023-05-09 21:05:31,au2312C416,au2312C416,44.6,0.0,0.0,0.0,1,23.2,65.98,1,44.6,0.0,0.0,0.0,0.0,0.0,24
2023-05-09 21:05:31,au2312C416,au2312C416,44.6,0.0,0.0,0.0,1,23.22,65.96,1,44.6,0.0,0.0,0.0,0.0,0.0,24
2023-05-09 21:05:32,au2312C416,au2312C416,44.6,0.0,0.0,0.0,1,23.28,65.9,1,44.6,0.0,0.0,0.0,0.0,0.0,24
2023-05-09 21:05:32,au2312C416,au2312C416,44.6,0.0,0.0,0.0,1,23.28,65.9,1,44.6,0.0,0.0,0.0,0.0,0.0,24
2023-05-09 21:05:33,au2312C416,au2312C416,44.6,0.0,0.0,0.0,1,23.3,65.88,1,44.6,0.0,0.0,0.0,0.0,0.0,24
2023-05-09 21:05:33,au2312C416,au2312C416,44.6,0.0,0.0,0.0,1,23.36,65.82,1,44.6,0.0,0.0,0.0,0.0,0.0,24
2023-05-09 21:05:34,au2312C416,au2312C416,44.6,0.0,0.0,0.0,1,23.36,65.82,1,44.6,0.0,0.0,0.0,0.0,0.0,24
2023-05-09 21:05:34,au2312C416,au2312C416,44.6,0.0,0.0,0.0,1,23.38,65.8,1,44.6,0.0,0.0,0.0,0.0,0.0,24
2023-05-09 21:05:35,au2312C416,au2312C416,44.6,0.0,0.0,0.0,1,23.44,65.74,1,44.6,0.0,0.0,0.0,0.0,0.0,24
2023-05-09 21:05:35,au2312C416,au2312C416,44.6,0.0,0.0,0.0,1,23.44,65.74,1,44.6,0.0,0.0,0.0,0.0,0.0,24
2023-05-09 21:05:36,au2312C416,au2312C416,44.6,0.0,0.0,0.0,1,23.46,65.72,1,44.6,0.0,0.0,0.0,0.0,0.0,24
2023-05-09 21:05:36,au2312C416,au2312C416,44.6,0.0,0.0,0.0,1,23.52,65.66,1,44.6,0.0,0.0,0.0,0.0,0.0,24
2023-05-09 21:05:37,au2312C416,au2312C416,44.6,0.0,0.0,0.0,1,23.52,65.66,1,44.6,0.0,0.0,0.0,0.0,0.0,24
2023-05-09 21:05:37,au2312C416,au2312C416,44.6,0.0,0.0,0.0,1,23.54,65.64,1,44.6,0.0,0.0,0.0,0.0,0.0,24
2023-05-09 21:05:38,au2312C416,au2312C416,44.6,0.0,0.0,0.0,1,23.6,65.58,1,44.6,0.0,0.0,0.0,0.0,0.0,24
2023-05-09 21:05:38,au2312C416,au2312C416,44.6,0.0,0.0,0.0,1,23.6,65.58,1,44.6,0.0,0.0,0.0,0.0,0.0,24
2023-05-09 21:05:39,au2312C416,au2312C416,44.6,0.0,0.0,0.0,1,23.62,65.56,1,44.6,0.0,0.0,0.0,0.0,0.0,24
2023-05-09 21:05:39,au2312C416,au2312C416,44.6,0.0,0.0,0.0,1,23.68,65.5,1,44.6,0.0,0.0,0.0,0.0,0.0,24
2023-05-09 21:05:40,au2312C416,au2312C416,44.6,0.0,0.0,0.0,1,23.68,65.5,1,44.6,0.0,0.0,0.0,0.0,0.0,24
2023-05-09 21:05:40,au2312C416,au2312C416,44.6,0.0,0.0,0.0,1,23.7,65.48,1,44.6,0.0,0.0,0.0,0.0,0.0,24
2023-05-09 21:05:41,au2312C416,au2312C416,44.6,0.0,0.0,0.0,1,23.76,65.42,1,44.6,0.0,0.0,0.0,0.0,0.0,24
2023-05-09 21:05:41,au2312C416,au2312C416,44.6,0.0,0.0,0.0,1,23.76,65.42,1,44.6,0.0,0.0,0.0,0.0,0.0,24
2023-05-09 21:05:42,au2312C416,au2312C416,44.6,0.0,0.0,0.0,1,23.78,65.4,1,44.6,0.0,0.0,0.0,0.0,0.0,24
2023-05-09 21:05:42,au2312C416,au2312C416,44.6,0.0,0.0,0.0,1,23.84,65.34,1,44.6,0.0,0.0,0.0,0.0,0.0,24
2023-05-09 21:05:43,au2312C416,au2312C416,44.6,0.0,0.0,0.0,1,23.84,65.34,1,44.6,0.0,0.0,0.0,0.0,0.0,24
2023-05-09 21:05:43,au2312C416,au2312C416,44.6,0.0,0.0,0.0,1,23.86,65.32,1,44.6,0.0,0.0,0.0,0.0,0.0,24
2023-05-09 21:05:44,au2312C416,au2312C416,44.6,0.0,0.0,0.0,1,23.92,65.26,1,44.6,0.0,0.0,0.0,0.0,0.0,24
2023-05-09 21:05:44,au2312C416,au2312C416,44.6,0.0,0.0,0.0,1,23.92,65.26,1,44.6,0.0,0.0,0.0,0.0,0.0,24
2023-05-09 21:05:45,au2312C416,au2312C416,44.6,0.0,0.0,0.0,1,23.94,65.24,1,44.6,0.0,0.0,0.0,0.0,0.0,24
2023-05-09 21:05:45,au2312C416,au2312C416,44.6,0.0,0.0,0.0,1,24.0,65.18,1,44.6,0.0,0.0,0.0,0.0,0.0,24
2023-05-09 21:05:46,au2312C416,au2312C416,44.6,0.0,0.0,0.0,1,24.0,65.18,1,44.6,0.0,0.0,0.0,0.0,0.0,24
2023-05-09 21:05:46,au2312C416,au2312C416,44.6,0.0,0.0,0.0,1,24.02,65.16,1,44.6,0.0,0.0,0.0,0.0,0.0,24
2023-05-09 21:05:47,au2312C416,au2312C416,44.6,0.0,0.0,0.0,1,24.08,65.1,1,44.6,0.0,0.0,0.0,0.0,0.0,24
2023-05-09 21:05:47,au2312C416,au2312C416,44.6,0.0,0.0,0.0,1,24.08,65.1,1,44.6,0.0,0.0,0.0,0.0,0.0,24
2023-05-09 21:05:48,au2312C416,au2312C416,44.6,0.0,0.0,0.0,1,24.1,65.08,1,44.6,0.0,0.0,0.0,0.0,0.0,24
2023-05-09 21:05:48,au2312C416,au2312C416,44.6,0.0,0.0,0.0,1,24.16,65.02,1,44.6,0.0,0.0,0.0,0.0,0.0,24
2023-05-09 21:05:49,au2312C416,au2312C416,44.6,0.0,0.0,0.0,1,24.16,65.02,1,44.6,0.0,0.0,0.0,0.0,0.0,24
2023-05-09 21:05:49,au2312C416,au2312C416,44.6,0.0,0.0,0.0,1,24.18,65.0,1,44.6,0.0,0.0,0.0,0.0,0.0,24
2023-05-09 21:05:50,au2312C416,au2312C416,44.6,0.0,0.0,0.0,1,24.24,64.94,1,44.6,0.0,0.0,0.0,0.0,0.0,24
2023-05-09 21:05:50,au2312C416,au2312C416,44.6,0.0,0.0,0.0,1,24.24,64.94,1,44.6,0.0,0.0,0.0,0.0,0.0,24
2023-05-09 21:05:51,au2312C416,au2312C416,44.6,0.0,0.0,0.0,1,24.26,64.92,1,44.6,0.0,0.0,0.0,0.0,0.0,24
2023-05-09 21:05:51,au2312C416,au2312C416,44.6,0.0,0.0,0.0,1,24.32,64.86,1,44.6,0.0,0.0,0.0,0.0,0.0,24
2023-05-09 21:05:52,au2312C416,au2312C416,44.6,0.0,0.0,0.0,1,24.32,64.86,1,44.6,0.0,0.0,0.0,0.0,0.0,24
2023-05-09 21:05:52,au2312C416,au2312C416,44.6,0.0,0.0,0.0,1,24.34,64.84,1,44.6,0.0,0.0,0.0,0.0,0.0,24
2023-05-09 21:05:53,au2312C416,au2312C416,44.6,0.0,0.0,0.0,1,24.4,64.78,1,44.6,0.0,0.0,0.0,0.0,0.0,24
2023-05-09 21:05:53,au2312C416,au2312C416,44.6,0.0,0.0,0.0,1,24.4,64.78,1,44.6,0.0,0.0,0.0,0.0,0.0,24
2023-05-09 21:05:54,au2312C416,au2312C416,44.6,0.0,0.0,0.0,1,24.42,64.76,1,44.6,0.0,0.0,0.0,0.0,0.0,24
2023-05-09 21:05:54,au2312C416,au2312C416,44.6,0.0,0.0,0.0,1,24.48,64.7,1,44.6,0.0,0.0,0.0,0.0,0.0,24
2023-05-09 21:05:55,au2312C416,au2312C416,44.6,0.0,0.0,0.0,1,24.48,64.7,1,44.6,0.0,0.0,0.0,0.0,0.0,24
2023-05-09 21:05:55,au2312C416,au2312C416,44.6,0.0,0.0,0.0,1,24.5,64.68,1,44.6,0.0,0.0,0.0,0.0,0.0,24
2023-05-09 21:05:56,au2312C416,au2312C416,44.6,0.0,0.0,0.0,1,24.56,64.62,1,44.6,0.0,0.0,0.0,0.0,0.0,24
2023-05-09 21:05:56,au2312C416,au2312C416,44.6,0.0,0.0,0.0,1,24.56,64.62,1,44.6,0.0,0.0,0.0,0.0,0.0,24
2023-05-09 21:05:57,au2312C416,au2312C416,44.6,0.0,0.0,0.0,1,24.58,64.6,1,44.6,0.0,0.0,0.0,0.0,0.0,24
2023-05-09 21:05:57,au2312C416,au2312C416,44.6,0.0,0.0,0.0,1,24.64,64.54,1,44.6,0.0,0.0,0.0,0.0,0.0,24
2023-05-09 21:05:58,au2312C416,au2312C416,44.6,0.0,0.0,0.0,1,24.64,64.54,1,44.6,0.0,0.0,0.0,0.0,0.0,24
2023-05-09 21:05:58,au2312C416,au2312C416,44.6,0.0,0.0,0.0,1,24.66,64.52,1,44.6,0.0,0.0,0.0,0.0,0.0,24
2023-05-09 21:05:59,au2312C416,au2312C416,44.6,0.0,0.0,0.0,1,24.72,64.46,1,44.6,0.0,0.0,0.0,0.0,0.0,24
2023-05-09 21:05:59,au2312C416,au2312C416,44.6,0.0,0.0,0.0,1,24.72,64.46,1,44.6,0.0,0.0,0.0,0.0,0.0,24
2023-05-09 21:06:00,au2312C416,au2312C416,44.6,0.0,0.0,0.0,1,24.74,64.44,1,44.6,0.0,0.0,0.0,0.0,0.0,24
2023-05-09 21:06:00,au2312C416,au2312C416,44.6,0.0,0.0,0.0,1,24.8,64.38,1,44.6,0.0,0.0,0.0,0.0,0.0,24
2023-05-09 21:06:01,au2312C416,au2312C416,44.6,0.0,0.0,0.0,1,24.8,64.38,1,44.6,0.0,0.0,0.0,0.0,0.0,24
2023-05-09 21:06:01,au2312C416,au2312C416,44.6,0.0,0.0,0.0,1,24.82,64.36,1,44.6,0.0,0.0,0.0,0.0,0.0,24
2023-05-09 21:06:02,au2312C416,au2312C416,44.6,0.0,0.0,0.0,1,24.88,64.3,1,44.6,0.0,0.0,0.0,0.0,0.0,24
2023-05-09 21:06:02,au2312C416,au2312C416,44.6,0.0,0.0,0.0,1,24.88,64.3,1,44.6,0.0,0.0,0.0,0.0,0.0,24
2023-05-09 21:06:03,au2312C416,au2312C416,44.6,0.0,0.0,0.0,1,24.9,64.28,1,44.6,0.0,0.0,0.0,0.0,0.0,24
2023-05-09 21:06:03,au2312C416,au2312C416,44.6,0.0,0.0,0.0,1,24.96,64.22,1,44.6,0.0,0.0,0.0,0.0,0.0,24
2023-05-09 21:06:04,au2312C416,au2312C416,44.6,0.0,0.0,0.0,1,24.96,64.22,1,44.6,0.0,0.0,0.0,0.0,0.0,24
2023-05-09 21:06:04,au2312C416,au2312C416,44.6,0.0,0.0,0.0,1,24.98,64.2,1,44.6,0.0,0.0,0.0,0.0,0.0,24
2023-05-09 21:06:05,au2312C416,au2312C416,44.6,0.0,0.0,0.0,1,25.04,64.14,1,44.6,0.0,0.0,0.0,0.0,0.0,24
2023-05-09 21:06:05,au2312C416,au2312C416,44.6,0.0,0.0,0.0,1,25.04,64.14,1,44.6,0.0,0.0,0.0,0.0,0.0,24
2023-05-09 21:06:06,au2312C416,au2312C416,44.6,0.0,0.0,0.0,1,25.06,64.12,1,44.6,0.0,0.0,0.0,0.0,0.0,24
2023-05-09 21:06:06,au2312C416,au2312C416,44.6,0.0,0.0,0.0,1,25.12,64.06,1,44.6,0.0,0.0,0.0,0.0,0.0,24
2023-05-09 21:06:07,au2312C416,au2312C416,44.6,0.0,0.0,0.0,1,25.12,64.06,1,44.6,0.0,0.0,0.0,0.0,0.0,24
2023-05-09 21:06:07,au2312C416,au2312C416,44.6,0.0,0.0,0.0,1,25.14,64.04,1,44.6,0.0,0.0,0.0,0.0,0.0,24
2023-05-09 21:06:08,au2312C416,au2312C416,44.6,0.0,0.0,0.0,1,25.2,63.98,1,44.6,0.0,0.0,0.0,0.0,0.0,24
2023-05-09 21:06:08,au2312C416,au2312C416,44.6,0.0,0.0,0.0,1,25.2,63.98,1,44.6,0.0,0.0,0.0,0.0,0.0,24
2023-05-09 21:06:09,au2312C416,au2312C416,44.6,0.0,0.0,0.0,1,25.22,63.96,1,44.6,0.0,0.0,0.0,0.0,0.0,24
2023-05-09 21:06:09,au2312C416,au2312C416,44.6,0.0,0.0,0.0,1,25.28,63.9,1,44.6,0.0,0.0,0.0,0.0,0.0,24
2023-05-09 21:06:10,au2312C416,au2312C416,44.6,0.0,0.0,0.0,1,25.28,63.9,1,44.6,0.0,0.0,0.0,0.0,0.0,24
2023-05-09 21:06:10,au2312C416,au2312C416,44.6,0.0,0.0,0.0,1,25.3,63.88,1,44.6,0.0,0.0,0.0,0.0,0.0,24
2023-05-09 21:06:11,au2312C416,au2312C416,44.6,0.0,0.0,0.0,1,25.36,63.82,1,44.6,0.0,0.0,0.0,0.0,0.0,24
2023-05-09 21:06:11,au2312C416,au2312C416,44.6,0.0,0.0,0.0,1,25.36,63.82,1,44.6,0.0,0.0,0.0,0.0,0.0,24
2023-05-09 21:06:12,au2312C416,au2312C416,44.6,0.0,0.0,0.0,1,25.38,63.8,1,44.6,0.0,0.0,0.0,0.0,0.0,24
2023-05-09 21:06:12,au2312C416,au2312C416,44.6,0.0,0.0,0.0,1,25.44,63.74,1,44.6,0.0,0.0,0.0,0.0,0.0,24
2023-05-09 21:06:13,au2312C416,au2312C416,44.6,0.0,0.0,0.0,1,25.44,63.74,1,44.6,0.0,0.0,0.0,0.0,0.0,24
2023-05-09 21:06:13,au2312C416,au2312C416,44.6,0.0,0.0,0.0,1,25.46,63.72,1,44.6,0.0,0.0,0.0,0.0,0.0,24
2023-05-09 21:06:14,au2312C416,au2312C416,44.6,0.0,0.0,0.0,1,25.52,63.66,1,44.6,0.0,0.0,0.0,0.0,0.0,24
2023-05-09 21:06:14,au2312C416,au2312C416,44.6,0.0,0.0,0.0,1,25.52,63.66,1,44.6,0.0,0.0,0.0,0.0,0.0,24
2023-05-09 21:06:15,au2312C416,au2312C416,44.6,0.0,0.0,0.0,1,25.54,63.64,1,44.6,0.0,0.0,0.0,0.0,0.0,24
2023-05-09 21:06:15,au2312C416,au2312C416,44.6,0.0,0.0,0.0,1,25.6,63.58,1,44.6,0.0,0.0,0.0,0.0,0.0,24
2023-05-09 21:06:16,au2312C416,au2312C416,44.6,0.0,0.0,0.0,1,25.6,63.58,1,44.6,0.0,0.0,0.0,0.0,0.0,24
2023-05-09 21:06:16,au2312C416,au2312C416,44.6,0.0,0.0,0.0,1,25.62,63.56,1,44.6,0.0,0.0,0.0,0.0,0.0,24
2023-05-09 21:06:17,au2312C416,au2312C416,44.6,0.0,0.0,0.0,1,25.68,63.5,1,44.6,0.0,0.0,0.0,0.0,0.0,24
2023-05-09 21:06:17,au2312C416,au2312C416,44.6,0.0,0.0,0.0,1,25.68,63.5,1,44.6,0.0,0.0,0.0,0.0,0.0,24
2023-05-09 21:06:18,au2312C416,au2312C416,44.6,0.0,0.0,0.0,1,25.7,63.48,1,44.6,0.0,0.0,0.0,0.0,0.0,24
2023-05-09 21:06:18,au2312C416,au2312C416,44.6,0.0,0.0,0.0,1,25.76,63.42,1,44.6,0.0,0.0,0.0,0.0,0.0,24
2023-05-09 21:06:19,au2312C416,au2312C416,44.6,0.0,0.0,0.0,1,25.76,63.42,1,44.6,0.0,0.0,0.0,0.0,0.0,24
2023-05-09 21:06:19,au2312C416,au2312C416,44.6,0.0,0.0,0.0,1,25.78,63.4,1,44.6,0.0,0.0,0.0,0.0,0.0,24
2023-05-09 21:06:20,au2312C416,au2312C416,44.6,0.0,0.0,0.0,1,25.84,63.34,1,44.6,0.0,0.0,0.0,0.0,0.0,24
2023-05-09 21:06:20,au2312C416,au2312C416,44.6,0.0,0.0,0.0,1,25.84,63.34,1,44.6,0.0,0.0,0.0,0.0,0.0,24
2023-05-09 21:06:21,au2312C416,au2312C416,44.6,0.0,0.0,0.0,1,25.86,63.32,1,44.6,0.0,0.0,0.0,0.0,0.0,24
2023-05-09 21:06:21,au2312C416,au2312C416,44.6,0.0,0.0,0.0,1,25.92,63.26,1,44.6,0.0,0.0,0.0,0.0,0.0,24
2023-05-09 21:06:22,au2312C416,au2312C416,44.6,0.0,0.0,0.0,1,25.92,63.26,1,44.6,0.0,0.0,0.0,0.0,0.0,24
2023-05-09 21:06:22,au2312C416,au2312C416,44.6,0.0,0.0,0.0,1,25.94,63.24,1,44.6,0.0,0.0,0.0,0.0,0.0,24
2023-05-09 21:06:23,au2312C416,au2312C416,44.6,0.0,0.0,0.0,1,26.0,63.18,1,44.6,0.0,0.0,0.0,0.0,0.0,24
2023-05-09 21:06:23,au2312C416,au2312C416,44.6,0.0,0.0,0.0,1,26.0,63.18,1,44.6,0.0,0.0,0.0,0.0,0.0,24
2023-05-09 21:06:24,au2312C416,au2312C416,44.6,0.0,0.0,0.0,1,26.02,63.16,1,44.6,0.0,0.0,0.0,0.0,0.0,24
2023-05-09 21:06:24,au2312C416,au2312C416,44.6,0.0,0.0,0.0,1,26.08,63.1,1,44.6,0.0,0.0,0.0,0.0,0.0,24
2023-05-09 21:06:25,au2312C416,au2312C416,44.6,0.0,0.0,0.0,1,26.08,63.1,1,44.6,0.0,0.0,0.0,0.0,0.0,24
2023-05-09 21:06:25,au2312C416,au2312C416,44.6,0.0,0.0,0.0,1,26.1,63.08,1,44.6,0.0,0.0,0.0,0.0,0.0,24
2023-05-09 21:06:26,au2312C416,au2312C416,44.6,0.0,0.0,0.0,1,26.16,63.02,1,44.6,0.0,0.0,0.0,0.0,0.0,24
2023-05-09 21:06:26,au2312C416,au2312C416,44.6,0.0,0.0,0.0,1,26.16,63.02,1,44.6,0.0,0.0,0.0,0.0,0.0,24
2023-05-09 21:06:27,au2312C416,au2312C416,44.6,0.0,0.0,0.0,1,26.18,63.0,1,44.6,0.0,0.0,0.0,0.0,0.0,24
2023-05-09 21:06:27,au2312C416,au2312C416,44.6,0.0,0.0,0.0,1,26.24,62.94,1,44.6,0.0,0.0,0.0,0.0,0.0,24
2023-05-09 21:06:28,au2312C416,au2312C416,44.6,0.0,0.0,0.0,1,26.24,62.94,1,44.6,0.0,0.0,0.0,0.0,0.0,24
2023-05-09 21:06:28,au2312C416,au2312C416,44.6,0.0,0.0,0.0,1,26.26,62.92,1,44.6,0.0,0.0,0.0,0.0,0.0,24
2023-05-09 21:06:29,au2312C416,au2312C416,44.6,0.0,0.0,0.0,1,26.32,62.86,1,44.6,0.0,0.0,0.0,0.0,0.0,24
2023-05-09 21:06:29,au2312C416,au2312C416,44.6,0.0,0.0,0.0,1,26.32,62.86,1,44.6,0.0,0.0,0.0,0.0,0.0,24
2023-05-09 21:06:30,au2312C416,au2312C416,44.6,0.0,0.0,0.0,1,26.34,62.84,1,44.6,0.0,0.0,0.0,0.0,0.0,24
2023-05-09 21:06:30,au2312C416,au2312C416,44.6,0.0,0.0,0.0,1,26.4,62.78,1,44.6,0.0,0.0,0.0,0.0,0.0,24
2023-05-09 21:06:31,au2312C416,au2312C416,44.6,0.0,0.0,0.0,1,26.4,62.78,1,44.6,0.0,0.0,0.0,0.0,0.0,24
2023-05-09 21:06:31,au2312C416,au2312C416,44.6,0.0,0.0,0.0,1,26.42,62.76,1,44.6,0.0,0.0,0.0,0.0,0.0,24
2023-05-09 21:06:32,au2312C416,au2312C416,44.6,0.0,0.0,0.0,1,26.48,62.7,1,44.6,0.0,0.0,0.0,0.0,0.0,24
2023-05-09 21:06:32,au2312C416,au2312C416,44.6,0.0,0.0,0.0,1,26.48,62.7,1,44.6,0.0,0.0,0.0,0.0,0.0,24
2023-05-09 21:06:33,au2312C416,au2312C416,44.6,0.0,0.0,0.0,1,26.5,62.68,1,44.6,0.0,0.0,0.0,0.0,0.0,24
2023-05-09 21:06:33,au2312C416,au2312C416,44.6,0.0,0.0,0.0,1,26.56,62.62,1,44.6,0.0,0.0,0.0,0.0,0.0,24
2023-05-09 21:06:34,au2312C416,au2312C416,44.6,0.0,0.0,0.0,1,26.56,62.62,1,44.6,0.0,0.0,0.0,0.0,0.0,24
2023-05-09 21:06:34,au2312C416,au2312C416,44.6,0.0,0.0,0.0,1,26.58,62.6,1,44.6,0.0,0.0,0.0,0.0,0.0,24
2023-05-09 21:06:35,au2312C416,au2312C416,44.6,0.0,0.0,0.0,1,26.64,62.54,1,44.6,0.0,0.0,0.0,0.0,0.0,24
2023-05-09 21:06:35,au2312C416,au2312C416,44.6,0.0,0.0,0.0,1,26.64,62.54,1,44.6,0.0,0.0,0.0,0.0,0.0,24
2023-05-09 21:06:36,au2312C416,au2312C416,44.6,0.0,0.0,0.0,1,26.66,62.52,1,44.6,0.0,0.0,0.0,0.0,0.0,24
2023-05-09 21:06:36,au2312C416,au2312C416,44.6,0.0,0.0,0.0,1,26.72,62.46,1,44.6,0.0,0.0,0.0,0.0,0.0,24
2023-05-09 21:06:37,au2312C416,au2312C416,44.6,0.0,0.0,0.0,1,26.72,62.46,1,44.6,0.0,0.0,0.0,0.0,0.0,24
2023-05-09 21:06:37,au2312C416,au2312C416,44.6,0.0,0.0,0.0,1,26.74,62.44,1,44.6,0.0,0.0,0.0,0.0,0.0,24
2023-05-09 21:06:38,au2312C416,au2312C416,44.6,0.0,0.0,0.0,1,26.8,62.38,1,44.6,0.0,0.0,0.0,0.0,0.0,24
2023-05-09 21:06:38,au2312C416,au2312C416,44.6,0.0,0.0,0.0,1,26.8,62.38,1,44.6,0.0,0.0,0.0,0.0,0.0,24
2023-05-09 21:06:39,au2312C416,au2312C416,44.6,0.0,0.0,0.0,1,26.82,62.36,1,44.6,0.0,0.0,0.0,0.0,0.0,24
2023-05-09 21:06:39,au2312C416,au2312C416,44.6,0.0,0.0,0.0,1,26.88,62.3,1,44.6,0.0,0.0,0.0,0.0,0.0,24
2023-05-09 21:06:40,au2312C416,au2312C416,44.6,0.0,0.0,0.0,1,26.88,62.3,1,44.6,0.0,0.0,0.0,0.0,0.0,24
2023-05-09 21:06:40,au2312C416,au2312C416,44.6,0.0,0.0,0.0,1,26.9,62.28,1,44.6,0.0,0.0,0.0,0.0,0.0,24
2023-05-09 21:06:41,au2312C416,au2312C416,44.6,0.0,0.0,0.0,1,26.96,62.22,1,44.6,0.0,0.0,0.0,0.0,0.0,24
2023-05-09 21:06:41,au2312C416,au2312C416,44.6,0.0,0.0,0.0,1,26.96,62.22,1,44.6,0.0,0.0,0.0,0.0,0.0,24
2023-05-09 21:06:42,au2312C416,au2312C416,44.6,0.0,0.0,0.0,1,26.98,62.2,1,44.6,0.0,0.0,0.0,0.0,0.0,24
2023-05-09 21:06:42,au2312C416,au2312C416,44.6,0.0,0.0,0.0,1,27.04,62.14,1,44.6,0.0,0.0,0.0,0.0,0.0,24
2023-05-09 21:06:43,au2312C416,au2312C416,44.6,0.0,0.0,0.0,1,27.04,62.14,1,44.6,0.0,0.0,0.0,0.0,0.0,24
2023-05-09 21:06:43,au2312C416,au2312C416,44.6,0.0,0.0,0.0,1,27.06,62.12,1,44.6,0.0,0.0,0.0,0.0,0.0,24
2023-05-09 21:06:44,au2312C416,au2312C416,44.6,0.0,0.0,0.0,1,27.12,62.06,1,44.6,0.0,0.0,0.0,0.0,0.0,24
2023-05-09 21:06:44,au2312C416,au2312C416,44.6,0.0,0.0,0.0,1,27.12,62.06,1,44.6,0.0,0.0,0.0,0.0,0.0,24
2023-05-09 21:06:45,au2312C416,au2312C416,44.6,0.0,0.0,0.0,1,27.14,62.04,1,44.6,0.0,0.0,0.0,0.0,0.0,24
2023-05-09 21:06:45,au2312C416,au2312C416,44.6,0.0,0.0,0.0,1,27.2,61.98,1,44.6,0.0,0.0,0.0,0.0,0.0,24
2023-05-09 21:06:46,au2312C416,au2312C416,44.6,0.0,0.0,0.0,1,27.2,61.98,1,44.6,0.0,0.0,0.0,0.0,0.0,24
2023-05-09 21:06:46,au2312C416,au2312C416,44.6,0.0,0.0,0.0,1,27.22,61.96,1,44.6,0.0,0.0,0.0,0.0,0.0,24
2023-05-09 21:06:47,au2312C416,au2312C416,44.6,0.0,0.0,0.0,1,27.28,61.9,1,44.6,0.0,0.0,0.0,0.0,0.0,24
2023-05-09 21:06:47,au2312C416,au2312C416,44.6,0.0,0.0,0.0,1,27.28,61.9,1,44.6,0.0,0.0,0.0,0.0,0.0,24
2023-05-09 21:06:48,au2312C416,au2312C416,44.6,0.0,0.0,0.0,1,27.3,61.88,1,44.6,0.0,0.0,0.0,0.0,0.0,24
2023-05-09 21:06:48,au2312C416,au2312C416,44.6,0.0,0.0,0.0,1,27.36,61.82,1,44.6,0.0,0.0,0.0,0.0,0.0,24
2023-05-09 21:06:49,au2312C416,au2312C416,44.6,0.0,0.0,0.0,1,27.36,61.82,1,44.6,0.0,0.0,0.0,0.0,0.0,24
2023-05-09 21:06:49,au2312C416,au2312C416,44.6,0.0,0.0,0.0,1,27.38,61.8,1,44.6,0.0,0.0,0.0,0.0,0.0,24
2023-05-09 21:06:50,au2312C416,au2312C416,44.6,0.0,0.0,0.0,1,27.44,61.74,1,44.6,0.0,0.0,0.0,0.0,0.0,24
2023-05-09 21:06:50,au2312C416,au2312C416,44.6,0.0,0.0,0.0,1,27.44,61.74,1,44.6,0.0,0.0,0.0,0.0,0.0,24
2023-05-09 21:06:51,au2312C416,au2312C416,44.6,0.0,0.0,0.0,1,27.46,61.72,1,44.6,0.0,0.0,0.0,0.0,0.0,24
2023-05-09 21:06:51,au2312C416,au2312C416,44.6,0.0,0.0,0.0,1,27.52,61.66,1,44.6,0.0,0.0,0.0,0.0,0.0,24
2023-05-09 21:06:52,au2312C416,au2312C416,44.6,0.0,0.0,0.0,1,27.52,61.66,1,44.6,0.0,0.0,0.0,0.0,0.0,24
2023-05-09 21:06:52,au2312C416,au2312C416,44.6,0.0,0.0,0.0,1,27.54,61.64,1,44.6,0.0,0.0,0.0,0.0,0.0,24
2023-05-09 21:06:53,au2312C416,au2312C416,44.6,0.0,0.0,0.0,1,27.6,61.58,1,44.6,0.0,0.0,0.0,0.0,0.0,24
2023-05-09 21:06:53,au2312C416,au2312C416,44.6,0.0,0.0,0.0,1,27.6,61.58,1,44.6,0.0,0.0,0.0,0.0,0.0,24
2023-05-09 21:06:54,au2312C416,au2312C416,44.6,0.0,0.0,0.0,1,27.62,61.56,1,44.6,0.0,0.0,0.0,0.0,0.0,24
2023-05-09 21:06:54,au2312C416,au2312C416,44.6,0.0,0.0,0.0,1,27.68,61.5,1,44.6,0.0,0.0,0.0,0.0,0.0,24
2023-05-09 21:06:55,au2312C416,au2312C416,44.6,0.0,0.0,0.0,1,27.68,61.5,1,44.6,0.0,0.0,0.0,0.0,0.0,24
2023-05-09 21:06:55,au2312C416,au2312C416,44.6,0.0,0.0,0.0,1,27.7,61.48,1,44.6,0.0,0.0,0.0,0.0,0.0,24
2023-05-09 21:06:56,au2312C416,au2312C416,44.6,0.0,0.0,0.0,1,27.76,61.42,1,44.6,0.0,0.0,0.0,0.0,0.0,24
2023-05-09 21:06:56,au2312C416,au2312C416,44.6,0.0,0.0,0.0,1,27.76,61.42,1,44.6,0.0,0.0,0.0,0.0,0.0,24
2023-05-09 21:06:57,au2312C416,au2312C416,44.6,0.0,0.0,0.0,1,27.78,61.4,1,44.6,0.0,0.0,0.0,0.0,0.0,24
2023-05-09 21:06:57,au2312C416,au2312C416,44.6,0.0,0.0,0.0,1,27.84,61.34,1,44.6,0.0,0.0,0.0,0.0,0.0,24
2023-05-09 21:06:58,au2312C416,au2312C416,44.6,0.0,0.0,0.0,1,27.84,61.34,1,44.6,0.0,0.0,0.0,0.0,0.0,24
2023-05-09 21:06:58,au2312C416,au2312C416,44.6,0.0,0.0,0.0,1,27.86,61.32,1,44.6,0.0,0.0,0.0,0.0,0.0,24
2023-05-09 21:06:59,au2312C416,au2312C416,44.6,0.0,0.0,0.0,1,27.92,61.26,1,44.6,0.0,0.0,0.0,0.0,0.0,24
2023-05-09 21:06:59,au2312C416,au2312C416,44.6,0.0,0.0,0.0,1,27.92,61.26,1,44.6,0.0,0.0,0.0,0.0,0.0,24
2023-05-09 21:07:00,au2312C416,au2312C416,44.6,0.0,0.0,0.0,1,27.94,61.24,1,44.6,0.0,0.0,0.0,0.0,0.0,24
2023-05-09 21:07:00,au2312C416,au2312C416,44.6,0.0,0.0,0.0,1,28.0,61.18,1,44.6,0.0,0.0,0.0,0.0,0.0,24
2023-05-09 21:07:01,au2312C416,au2312C416,44.6,0.0,0.0,0.0,1,28.0,61.18,1,44.6,0.0,0.0,0.0,0.0,0.0,24
2023-05-09 21:07:01,au2312C416,au2312C416,44.6,0.0,0.0,0.0,1,28.02,61.16,1,44.6,0.0,0.0,0.0,0.0,0.0,24
2023-05-09 21:07:02,au2312C416,au2312C416,44.6,0.0,0.0,0.0,1,28.08,61.1,1,44.6,0.0,0.0,0.0,0.0,0.0,24
2023-05-09 21:07:02,au2312C416,au2312C416,44.6,0.0,0.0,0.0,1,28.08,61.1,1,44.6,0.0,0.0,0.0,0.0,0.0,24
2023-05-09 21:07:03,au2312C416,au2312C416,44.6,0.0,0.0,0.0,1,28.1,61.08,1,44.6,0.0,0.0,0.0,0.0,0.0,24
2023-05-09 21:07:03,au2312C416,au2312C416,44.6,0.0,0.0,0.0,1,28.16,61.02,1,44.6,0.0,0.0,0.0,0.0,0.0,24
2023-05-09 21:07:04,au2312C416,au2312C416,44.6,0.0,0.0,0.0,1,28.16,61.02,1,44.6,0.0,0.0,0.0,0.0,0.0,24
2023-05-09 21:07:04,au2312C416,au2312C416,44.6,0.0,0.0,0.0,1,28.18,61.0,1,44.6,0.0,0.0,0.0,0.0,0.0,24
2023-05-09 21:07:05,au2312C416,au2312C416,44.6,0.0,0.0,0.0,1,28.24,60.94,1,44.6,0.0,0.0,0.0,0.0,0.0,24
2023-05-09 21:07:05,au2312C416,au2312C416,44.6,0.0,0.0,0.0,1,28.24,60.94,1,44.6,0.0,0.0,0.0,0.0,0.0,24
2023-05-09 21:07:06,au2312C416,au2312C416,44.6,0.0,0.0,0.0,1,28.26,60.92,1,44.6,0.0,0.0,0.0,0.0,0.0,24
2023-05-09 21:07:06,au2312C416,au2312C416,44.6,0.0,0.0,0.0,1,28.32,60.86,1,44.6,0.0,0.0,0.0,0.0,0.0,24
2023-05-09 21:07:07,au2312C416,au2312C416,44.6,0.0,0.0,0.0,1,28.32,60.86,1,44.6,0.0,0.0,0.0,0.0,0.0,24
2023-05-09 21:07:07,au2312C416,au2312C416,44.6,0.0,0.0,0.0,1,28.34,60.84,1,44.6,0.0,0.0,0.0,0.0,0.0,24
2023-05-09 21:07:08,au2312C416,au2312C416,44.6,0.0,0.0,0.0,1,28.4,60.78,1,44.6,0.0,0.0,0.0,0.0,0.0,24
2023-05-09 21:07:08,au2312C416,au2312C416,44.6,0.0,0.0,0.0,1,28.4,60.78,1,44.6,0.0,0.0,0.0,0.0,0.0,24
2023-05-09 21:07:09,au2312C416,au2312C416,44.6,0.0,0.0,0.0,1,28.42,60.76,1,44.6,0.0,0.0,0.0,0.0,0.0,24
2023-05-09 21:07:09,au2312C416,au2312C416,44.6,0.0,0.0,0.0,1,28.48,60.7,1,44.6,0.0,0.0,0.0,0.0,0.0,24
2023-05-09 21:07:10,au2312C416,au2312C416,44.6,0.0,0.0,0.0,1,28.48,60.7,1,44.6,0.0,0.0,0.0,0.0,0.0,24
2023-05-09 21:07:10,au2312C416,au2312C416,44.6,0.0,0.0,0.0,1,28.5,60.68,1,44.6,0.0,0.0,0.0,0.0,0.0,24
2023-05-09 21:07:11,au2312C416,au2312C416,44.6,0.0,0.0,0.0,1,28.56,60.62,1,44.6,0.0,0.0,0.0,0.0,0.0,24
2023-05-09 21:07:11,au2312C416,au2312C416,44.6,0.0,0.0,0.0,1,28.56,60.62,1,44.6,0.0,0.0,0.0,0.0,0.0,24
2023-05-09 21:07:12,au2312C416,au2312C416,44.6,0.0,0.0,0.0,1,28.58,60.6,1,44.6,0.0,0.0,0.0,0.0,0.0,24
2023-05-09 21:07:12,au2312C416,au2312C416,44.6,0.0,0.0,0.0,1,28.64,60.54,1,44.6,0.0,0.0,0.0,0.0,0.0,24
2023-05-09 21:07:13,au2312C416,au2312C416,44.6,0.0,0.0,0.0,1,28.64,60.54,1,44.6,0.0,0.0,0.0,0.0,0.0,24
2023-05-09 21:07:13,au2312C416,au2312C416,44.6,0.0,0.0,0.0,1,28.66,60.52,1,44.6,0.0,0.0,0.0,0.0,0.0,24
2023-05-09 21:07:14,au2312C416,au2312C416,44.6,0.0,0.0,0.0,1,28.72,60.46,1,44.6,0.0,0.0,0.0,0.0,0.0,24
2023-05-09 21:07:14,au2312C416,au2312C416,44.6,0.0,0.0,0.0,1,28.72,60.46,1,44.6,0.0,0.0,0.0,0.0,0.0,24
2023-05-09 21:07:15,au2312C416,au2312C416,44.6,0.0,0.0,0.0,1,28.74,60.44,1,44.6,0.0,0.0,0.0,0.0,0.0,24
2023-05-09 21:07:15,au2312C416,au2312C416,44.6,0.0,0.0,0.0,1,28.8,60.38,1,44.6,0.0,0.0,0.0,0.0,0.0,24
2023-05-09 21:07:16,au2312C416,au2312C416,44.6,0.0,0.0,0.0,1,28.8,60.38,1,44.6,0.0,0.0,0.0,0.0,0.0,24
2023-05-09 21:07:16,au2312C416,au2312C416,44.6,0.0,0.0,0.0,1,28.82,60.36,1,44.6,0.0,0.0,0.0,0.0,0.0,24
2023-05-09 21:07:17,au2312C416,au2312C416,44.6,0.0,0.0,0.0,1,28.88,60.3,1,44.6,0.0,0.0,0.0,0.0,0.0,24
2023-05-09 21:07:17,au2312C416,au2312C416,44.6,0.0,0.0,0.0,1,28.88,60.3,1,44.6,0.0,0.0,0.0,0.0,0.0,24
2023-05-09 21:07:18,au2312C416,au2312C416,44.6,0.0,0.0,0.0,1,28.9,60.28,1,44.6,0.0,0.0,0.0,0.0,0.0,24
2023-05-09 21:07:18,au2312C416,au2312C416,44.6,0.0,0.0,0.0,1,28.96,60.22,1,44.6,0.0,0.0,0.0,0.0,0.0,24
2023-05-09 21:07:19,au2312C416,au2312C416,44.6,0.0,0.0,0.0,1,28.96,60.22,1,44.6,0.0,0.0,0.0,0.0,0.0,24
2023-05-09 21:07:19,au2312C416,au2312C416,44.6,0.0,0.0,0.0,1,28.98,60.2,1,44.6,0.0,0.0,0.0,0.0,0.0,24
2023-05-09 21:07:20,au2312C416,au2312C416,44.6,0.0,0.0,0.0,1,29.04,60.14,1,44.6,0.0,0.0,0.0,0.0,0.0,24
2023-05-09 21:07:20,au2312C416,au2312C416,44.6,0.0,0.0,0.0,1,29.04,60.14,1,44.6,0.0,0.0,0.0,0.0,0.0,24
2023-05-09 21:07:21,au2312C416,au2312C416,44.6,0.0,0.0,0.0,1,29.06,60.12,1,44.6,0.0,0.0,0.0,0.0,0.0,24
2023-05-09 21:07:21,au2312C416,au2312C416,44.6,0.0,0.0,0.0,1,29.12,60.06,1,44.6,0.0,0.0,0.0,0.0,0.0,24
2023-05-09 21:07:22,au2312C416,au2312C416,44.6,0.0,0.0,0.0,1,29.12,60.06,1,44.6,0.0,0.0,0.0,0.0,0.0,24
2023-05-09 21:07:22,au2312C416,au2312C416,44.6,0.0,0.0,0.0,1,29.14,60.04,1,44.6,0.0,0.0,0.0,0.0,0.0,24
2023-05-09 21:07:23,au2312C416,au2312C416,44.6,0.0,0.0,0.0,1,29.2,59.98,1,44.6,0.0,0.0,0.0,0.0,0.0,24
2023-05-09 21:07:23,au2312C416,au2312C416,44.6,0.0,0.0,0.0,1,29.2,59.98,1,44.6,0.0,0.0,0.0,0.0,0.0,24
2023-05-09 21:07:24,au2312C416,au2312C416,44.6,0.0,0.0,0.0,1,29.22,59.96,1,44.6,0.0,0.0,0.0,0.0,0.0,24
2023-05-09 21:07:24,au2312C416,au2312C416,44.6,0.0,0.0,0.0,1,29.28,59.9,1,44.6,0.0,0.0,0.0,0.0,0.0,24
2023-05-09 21:07:25,au2312C416,au2312C416,44.6,0.0,0.0,0.0,1,29.28,59.9,1,44.6,0.0,0.0,0.0,0.0,0.0,24
2023-05-09 21:07:25,au2312C416,au2312C416,44.6,0.0,0.0,0.0,1,29.3,59.88,1,44.6,0.0,0.0,0.0,0.0,0.0,24
2023-05-09 21:07:26,au2312C416,au2312C416,44.6,0.0,0.0,0.0,1,29.36,59.82,1,44.6,0.0,0.0,0.0,0.0,0.0,24
2023-05-09 21:07:26,au2312C416,au2312C416,44.6,0.0,0.0,0.0,1,29.36,59.82,1,44.6,0.0,0.0,0.0,0.0,0.0,24
2023-05-09 21:07:27,au2312C416,au2312C416,44.6,0.0,0.0,0.0,1,29.38,59.8,1,44.6,0.0,0.0,0.0,0.0,0.0,24
2023-05-09 21:07:27,au2312C416,au2312C416,44.6,0.0,0.0,0.0,1,29.44,59.74,1,44.6,0.0,0.0,0.0,0.0,0.0,24
2023-05-09 21:07:28,au2312C416,au2312C416,44.6,0.0,0.0,0.0,1,29.44,59.74,1,44.6,0.0,0.0,0.0,0.0,0.0,24
2023-05-09 21:07:28,au2312C416,au2312C416,44.6,0.0,0.0,0.0,1,29.46,59.72,1,44.6,0.0,0.0,0.0,0.0,0.0,24
2023-05-09 21:07:29,au2312C416,au2312C416,44.6,0.0,0.0,0.0,1,29.52,59.66,1,44.6,0.0,0.0,0.0,0.0,0.0,24
2023-05-09 21:07:29,au2312C416,au2312C416,44.6,0.0,0.0,0.0,1,29.52,59.66,1,44.6,0.0,0.0,0.0,0.0,0.0,24
2023-05-09 21:07:30,au2312C416,au2312C416,44.6,0.0,0.0,0.0,1,29.54,59.64,1,44.6,0.0,0.0,0.0,0.0,0.0,24
2023-05-09 21:07:30,au2312C416,au2312C416,44.6,0.0,0.0,0.0,1,29.6,59.58,1,44.6,0.0,0.0,0.0,0.0,0.0,24
2023-05-09 21:07:31,au2312C416,au2312C416,44.6,0.0,0.0,0.0,1,29.6,59.58,1,44.6,0.0,0.0,0.0,0.0,0.0,24
2023-05-09 21:07:31,au2312C416,au2312C416,44.6,0.0,0.0,0.0,1,29.62,59.56,1,44.6,0.0,0.0,0.0,0.0,0.0,24
2023-05-09 21:07:32,au2312C416,au2312C416,44.6,0.0,0.0,0.0,1,29.68,59.5,1,44.6,0.0,0.0,0.0,0.0,0.0,24
2023-05-09 21:07:32,au2312C416,au2312C416,44.6,0.0,0.0,0.0,1,29.68,59.5,1,44.6,0.0,0.0,0.0,0.0,0.0,24
2023-05-09 21:07:33,au2312C416,au2312C416,44.6,0.0,0.0,0.0,1,29.7,59.48,1,44.6,0.0,0.0,0.0,0.0,0.0,24
2023-05-09 21:07:33,au2312C416,au2312C416,44.6,0.0,0.0,0.0,1,29.76,59.42,1,44.6,0.0,0.0,0.0,0.0,0.0,24
2023-05-09 21:07:34,au2312C416,au2312C416,44.6,0.0,0.0,0.0,1,29.76,59.42,1,44.6,0.0,0.0,0.0,0.0,0.0,24
2023-05-09 21:07:34,au2312C416,au2312C416,44.6,0.0,0.0,0.0,1,29.78,59.4,1,44.6,0.0,0.0,0.0,0.0,0.0,24
2023-05-09 21:07:35,au2312C416,au2312C416,44.6,0.0,0.0,0.0,1,29.84,59.34,1,44.6,0.0,0.0,0.0,0.0,0.0,24
2023-05-09 21:07:35,au2312C416,au2312C416,44.6,0.0,0.0,0.0,1,29.84,59.34,1,44.6,0.0,0.0,0.0,0.0,0.0,24
2023-05-09 21:07:36,au2312C416,au2312C416,44.6,0.0,0.0,0.0,1,29.86,59.32,1,44.6,0.0,0.0,0.0,0.0,0.0,24
2023-05-09 21:07:36,au2312C416,au2312C416,44.6,0.0,0.0,0.0,1,29.92,59.26,1,44.6,0.0,0.0,0.0,0.0,0.0,24
2023-05-09 21:07:37,au2312C416,au2312C416,44.6,0.0,0.0,0.0,1,29.92,59.26,1,44.6,0.0,0.0,0.0,0.0,0.0,24
2023-05-09 21:07:37,au2312C416,au2312C416,44.6,0.0,0.0,0.0,1,29.94,59.24,1,44.6,0.0,0.0,0.0,0.0,0.0,24
2023-05-09 21:07:38,au2312C416,au2312C416,44.6,0.0,0.0,0.0,1,30.0,59.18,1,44.6,0.0,0.0,0.0,0.0,0.0,24
2023-05-09 21:07:38,au2312C416,au2312C416,44.6,0.0,0.0,0.0,1,30.0,59.18,1,44.6,0.0,0.0,0.0,0.0,0.0,24
2023-05-09 21:07:39,au2312C416,au2312C416,44.6,0.0,0.0,0.0,1,30.02,59.16,1,44.6,0.0,0.0,0.0,0.0,0.0,24
2023-05-09 21:07:39,au2312C416,au2312C416,44.6,0.0,0.0,0.0,1,30.08,59.1,1,44.6,0.0,0.0,0.0,0.0,0.0,24
2023-05-09 21:07:40,au2312C416,au2312C416,44.6,0.0,0.0,0.0,1,30.08,59.1,1,44.6,0.0,0.0,0.0,0.0,0.0,24
2023-05-09 21:07:40,au2312C416,au2312C416,44.6,0.0,0.0,0.0,1,30.1,59.08,1,44.6,0.0,0.0,0.0,0.0,0.0,24
2023-05-09 21:07:41,au2312C416,au2312C416,44.6,0.0,0.0,0.0,1,30.16,59.02,1,44.6,0.0,0.0,0.0,0.0,0.0,24
2023-05-09 21:07:41,au2312C416,au2312C416,44.6,0.0,0.0,0.0,1,30.16,59.02,1,44.6,0.0,0.0,0.0,0.0,0.0,24
2023-05-09 21:07:42,au2312C416,au2312C416,44.6,0.0,0.0,0.0,1,30.18,59.0,1,44.6,0.0,0.0,0.0,0.0,0.0,24
2023-05-09 21:07:42,au2312C416,au2312C416,44.6,0.0,0.0,0.0,1,30.24,58.94,1,44.6,0.0,0.0,0.0,0.0,0.0,24
2023-05-09 21:07:43,au2312C416,au2312C416,44.6,0.0,0.0,0.0,1,30.24,58.94,1,44.6,0.0,0.0,0.0,0.0,0.0,24
2023-05-09 21:07:43,au2312C416,au2312C416,44.6,0.0,0.0,0.0,1,30.26,58.92,1,44.6,0.0,0.0,0.0,0.0,0.0,24
2023-05-09 21:07:44,au2312C416,au2312C416,44.6,0.0,0.0,0.0,1,30.32,58.86,1,44.6,0.0,0.0,0.0,0.0,0.0,24
2023-05-09 21:07:44,au2312C416,au2312C416,44.6,0.0,0.0,0.0,1,30.32,58.86,1,44.6,0.0,0.0,0.0,0.0,0.0,24
2023-05-09 21:07:45,au2312C416,au2312C416,44.6,0.0,0.0,0.0,1,30.34,58.84,1,44.6,0.0,0.0,0.0,0.0,0.0,24
2023-05-09 21:07:45,au2312C416,au2312C416,44.6,0.0,0.0,0.0,1,30.4,58.78,1,44.6,0.0,0.0,0.0,0.0,0.0,24
2023-05-09 21:07:46,au2312C416,au2312C416,44.6,0.0,0.0,0.0,1,30.4,58.78,1,44.6,0.0,0.0,0.0,0.0,0.0,24
2023-05-09 21:07:46,au2312C416,au2312C416,44.6,0.0,0.0,0.0,1,30.42,58.76,1,44.6,0.0,0.0,0.0,0.0,0.0,24
2023-05-09 21:07:47,au2312C416,au2312C416,44.6,0.0,0.0,0.0,1,30.48,58.7,1,44.6,0.0,0.0,0.0,0.0,0.0,24
2023-05-09 21:07:47,au2312C416,au2312C416,44.6,0.0,0.0,0.0,1,30.48,58.7,1,44.6,0.0,0.0,0.0,0.0,0.0,24
2023-05-09 21:07:48,au2312C416,au2312C416,44.6,0.0,0.0,0.0,1,30.5,58.68,1,44.6,0.0,0.0,0.0,0.0,0.0,24
2023-05-09 21:07:48,au2312C416,au2312C416,44.6,0.0,0.0,0.0,1,30.56,58.62,1,44.6,0.0,0.0,0.0,0.0,0.0,24
2023-05-09 21:07:49,au2312C416,au2312C416,44.6,0.0,0.0,0.0,1,30.56,58.62,1,44.6,0.0,0.0,0.0,0.0,0.0,24
2023-05-09 21:07:49,au2312C416,au2312C416,44.6,0.0,0.0,0.0,1,30.58,58.6,1,44.6,0.0,0.0,0.0,0.0,0.0,24
2023-05-09 21:07:50,au2312C416,au2312C416,44.6,0.0,0.0,0.0,1,30.64,58.54,1,44.6,0.0,0.0,0.0,0.0,0.0,24
2023-05-09 21:07:50,au2312C416,au2312C416,44.6,0.0,0.0,0.0,1,30.64,58.54,1,44.6,0.0,0.0,0.0,0.0,0.0,24
2023-05-09 21:07:51,au2312C416,au2312C416,44.6,0.0,0.0,0.0,1,30.66,58.52,1,44.6,0.0,0.0,0.0,0.0,0.0,24
2023-05-09 21:07:51,au2312C416,au2312C416,44.6,0.0,0.0,0.0,1,30.72,58.46,1,44.6,0.0,0.0,0.0,0.0,0.0,24
2023-05-09 21:07:52,au2312C416,au2312C416,44.6,0.0,0.0,0.0,1,30.72,58.46,1,44.6,0.0,0.0,0.0,0.0,0.0,24
2023-05-09 21:07:52,au2312C416,au2312C416,44.6,0.0,0.0,0.0,1,30.74,58.44,1,44.6,0.0,0.0,0.0,0.0,0.0,24
2023-05-09 21:07:53,au2312C416,au2312C416,44.6,0.0,0.0,0.0,1,30.8,58.38,1,44.6,0.0,0.0,0.0,0.0,0.0,24
2023-05-09 21:07:53,au2312C416,au2312C416,44.6,0.0,0.0,0.0,1,30.8,58.38,1,44.6,0.0,0.0,0.0,0.0,0.0,24
2023-05-09 21:07:54,au2312C416,au2312C416,44.6,0.0,0.0,0.0,1,30.82,58.36,1,44.6,0.0,0.0,0.0,0.0,0.0,24
2023-05-09 21:07:54,au2312C416,au2312C416,44.6,0.0,0.0,0.0,1,30.88,58.3,1,44.6,0.0,0.0,0.0,0.0,0.0,24
2023-05-09 21:07:55,au2312C416,au2312C416,44.6,0.0,0.0,0.0,1,30.88,58.3,1,44.6,0.0,0.0,0.0,0.0,0.0,24
2023-05-09 21:07:55,au2312C416,au2312C416,44.6,0.0,0.0,0.0,1,30.9,58.28,1,44.6,0.0,0.0,0.0,0.0,0.0,24
2023-05-09 21:07:56,au2312C416,au2312C416,44.6,0.0,0.0,0.0,1,30.96,58.22,1,44.6,0.0,0.0,0.0,0.0,0.0,24
2023-05-09 21:07:56,au2312C416,au2312C416,44.6,0.0,0.0,0.0,1,30.96,58.22,1,44.6,0.0,0.0,0.0,0.0,0.0,24
2023-05-09 21:07:57,au2312C416,au2312C416,44.6,0.0,0.0,0.0,1,30.98,58.2,1,44.6,0.0,0.0,0.0,0.0,0.0,24
2023-05-09 21:07:57,au2312C416,au2312C416,44.6,0.0,0.0,0.0,1,31.04,58.14,1,44.6,0.0,0.0,0.0,0.0,0.0,24
2023-05-09 21:07:58,au2312C416,au2312C416,44.6,0.0,0.0,0.0,1,31.04,58.14,1,44.6,0.0,0.0,0.0,0.0,0.0,24
2023-05-09 21:07:58,au2312C416,au2312C416,44.6,0.0,0.0,0.0,1,31.06,58.12,1,44.6,0.0,0.0,0.0,0.0,0.0,24
2023-05-09 21:07:59,au2312C416,au2312C416,44.6,0.0,0.0,0.0,1,31.12,58.06,1,44.6,0.0,0.0,0.0,0.0,0.0,24
2023-05-09 21:07:59,au2312C416,au2312C416,44.6,0.0,0.0,0.0,1,31.12,58.06,1,44.6,0.0,0.0,0.0,0.0,0.0,24
2023-05-09 21:08:00,au2312C416,au2312C416,44.6,0.0,0.0,0.0,1,31.14,58.04,1,44.6,0.0,0.0,0.0,0.0,0.0,24
2023-05-09 21:08:00,au2312C416,au2312C416,44.6,0.0,0.0,0.0,1,31.2,57.98,1,44.6,0.0,0.0,0.0,0.0,0.0,24
2023-05-09 21:08:01,au2312C416,au2312C416,44.6,0.0,0.0,0.0,1,31.2,57.98,1,44.6,0.0,0.0,0.0,0.0,0.0,24
2023-05-09 21:08:01,au2312C416,au2312C416,44.6,0.0,0.0,0.0,1,31.22,57.96,1,44.6,0.0,0.0,0.0,0.0,0.0,24
2023-05-09 21:08:02,au2312C416,au2312C416,44.6,0.0,0.0,0.0,1,31.28,57.9,1,44.6,0.0,0.0,0.0,0.0,0.0,24
2023-05-09 21:08:02,au2312C416,au2312C416,44.6,0.0,0.0,0.0,1,31.28,57.9,1,44.6,0.0,0.0,0.0,0.0,0.0,24
2023-05-09 21:08:03,au2312C416,au2312C416,44.6,0.0,0.0,0.0,1,31.3,57.88,1,44.6,0.0,0.0,0.0,0.0,0.0,24
2023-05-09 21:08:03,au2312C416,au2312C416,44.6,0.0,0.0,0.0,1,31.36,57.82,1,44.6,0.0,0.0,0.0,0.0,0.0,24
2023-05-09 21:08:04,au2312C416,au2312C416,44.6,0.0,0.0,0.0,1,31.36,57.82,1,44.6,0.0,0.0,0.0,0.0,0.0,24
2023-05-09 21:08:04,au2312C416,au2312C416,44.6,0.0,0.0,0.0,1,31.38,57.8,1,44.6,0.0,0.0,0.0,0.0,0.0,24
2023-05-09 21:08:05,au2312C416,au2312C416,44.6,0.0,0.0,0.0,1,31.44,57.74,1,44.6,0.0,0.0,0.0,0.0,0.0,24
2023-05-09 21:08:05,au2312C416,au2312C416,44.6,0.0,0.0,0.0,1,31.44,57.74,1,44.6,0.0,0.0,0.0,0.0,0.0,24
2023-05-09 21:08:06,au2312C416,au2312C416,44.6,0.0,0.0,0.0,1,31.46,57.72,1,44.6,0.0,0.0,0.0,0.0,0.0,24
2023-05-09 21:08:06,au2312C416,au2312C416,44.6,0.0,0.0,0.0,1,31.52,57.66,1,44.6,0.0,0.0,0.0,0.0,0.0,24
2023-05-09 21:08:07,au2312C416,au2312C416,44.6,0.0,0.0,0.0,1,31.52,57.66,1,44.6,0.0,0.0,0.0,0.0,0.0,24
2023-05-09 21:08:07,au2312C416,au2312C416,44.6,0.0,0.0,0.0,1,31.54,57.64,1,44.6,0.0,0.0,0.0,0.0,0.0,24
2023-05-09 21:08:08,au2312C416,au2312C416,44.6,0.0,0.0,0.0,1,31.6,57.58,1,44.6,0.0,0.0,0.0,0.0,0.0,24
2023-05-09 21:08:08,au2312C416,au2312C416,44.6,0.0,0.0,0.0,1,31.6,57.58,1,44.6,0.0,0.0,0.0,0.0,0.0,24
2023-05-09 21:08:09,au2312C416,au2312C416,44.6,0.0,0.0,0.0,1,31.62,57.56,1,44.6,0.0,0.0,0.0,0.0,0.0,24
2023-05-09 21:08:09,au2312C416,au2312C416,44.6,0.0,0.0,0.0,1,31.68,57.5,1,44.6,0.0,0.0,0.0,0.0,0.0,24
2023-05-09 21:08:10,au2312C416,au2312C416,44.6,0.0,0.0,0.0,1,31.68,57.5,1,44.6,0.0,0.0,0.0,0.0,0.0,24
2023-05-09 21:08:10,au2312C416,au2312C416,44.6,0.0,0.0,0.0,1,31.7,57.48,1,44.6,0.0,0.0,0.0,0.0,0.0,24
2023-05-09 21:08:11,au2312C416,au2312C416,44.6,0.0,0.0,0.0,1,31.76,57.42,1,44.6,0.0,0.0,0.0,0.0,0.0,24
2023-05-09 21:08:11,au2312C416,au2312C416,44.6,0.0,0.0,0.0,1,31.76,57.42,1,44.6,0.0,0.0,0.0,0.0,0.0,24
2023-05-09 21:08:12,au2312C416,au2312C416,44.6,0.0,0.0,0.0,1,31.78,57.4,1,44.6,0.0,0.0,0.0,0.0,0.0,24
2023-05-09 21:08:12,au2312C416,au2312C416,44.6,0.0,0.0,0.0,1,31.84,57.34,1,44.6,0.0,0.0,0.0,0.0,0.0,24
2023-05-09 21:08:13,au2312C416,au2312C416,44.6,0.0,0.0,0.0,1,31.84,57.34,1,44.6,0.0,0.0,0.0,0.0,0.0,24
2023-05-09 21:08:13,au2312C416,au2312C416,44.6,0.0,0.0,0.0,1,31.86,57.32,1,44.6,0.0,0.0,0.0,0.0,0.0,24
2023-05-09 21:08:14,au2312C416,au2312C416,44.6,0.0,0.0,0.0,1,31.92,57.26,1,44.6,0.0,0.0,0.0,0.0,0.0,24
2023-05-09 21:08:14,au2312C416,au2312C416,44.6,0.0,0.0,0.0,1,31.92,57.26,1,44.6,0.0,0.0,0.0,0.0,0.0,24
2023-05-09 21:08:15,au2312C416,au2312C416,44.6,0.0,0.0,0.0,1,31.94,57.24,1,44.6,0.0,0.0,0.0,0.0,0.0,24
2023-05-09 21:08:15,au2312C416,au2312C416,44.6,0.0,0.0,0.0,1,32.0,57.18,1,44.6,0.0,0.0,0.0,0.0,0.0,24
2023-05-09 21:08:16,au2312C416,au2312C416,44.6,0.0,0.0,0.0,1,32.0,57.18,1,44.6,0.0,0.0,0.0,0.0,0.0,24
2023-05-09 21:08:16,au2312C416,au2312C416,44.6,0.0,0.0,0.0,1,32.02,57.16,1,44.6,0.0,0.0,0.0,0.0,0.0,24
2023-05-09 21:08:17,au2312C416,au2312C416,44.6,0.0,0.0,0.0,1,32.08,57.1,1,44.6,0.0,0.0,0.0,0.0,0.0,24
2023-05-09 21:08:17,au2312C416,au2312C416,44.6,0.0,0.0,0.0,1,32.08,57.1,1,44.6,0.0,0.0,0.0,0.0,0.0,24
2023-05-09 21:08:18,au2312C416,au2312C416,44.6,0.0,0.0,0.0,1,32.1,57.08,1,44.6,0.0,0.0,0.0,0.0,0.0,24
2023-05-09 21:08:18,au2312C416,au2312C416,44.6,0.0,0.0,0.0,1,32.16,57.02,1,44.6,0.0,0.0,0.0,0.0,0.0,24
2023-05-09 21:08:19,au2312C416,au2312C416,44.6,0.0,0.0,0.0,1,32.16,57.02,1,44.6,0.0,0.0,0.0,0.0,0.0,24
2023-05-09 21:08:19,au2312C416,au2312C416,44.6,0.0,0.0,0.0,1,32.18,57.0,1,44.6,0.0,0.0,0.0,0.0,0.0,24
2023-05-09 21:08:20,au2312C416,au2312C416,44.6,0.0,0.0,0.0,1,32.24,56.94,1,44.6,0.0,0.0,0.0,0.0,0.0,24
2023-05-09 21:08:20,au2312C416,au2312C416,44.6,0.0,0.0,0.0,1,32.24,56.94,1,44.6,0.0,0.0,0.0,0.0,0.0,24
2023-05-09 21:08:21,au2312C416,au2312C416,44.6,0.0,0.0,0.0,1,32.26,56.92,1,44.6,0.0,0.0,0.0,0.0,0.0,24
2023-05-09 21:08:21,au2312C416,au2312C416,44.6,0.0,0.0,0.0,1,32.32,56.86,1,44.6,0.0,0.0,0.0,0.0,0.0,24
2023-05-09 21:08:22,au2312C416,au2312C416,44.6,0.0,0.0,0.0,1,32.32,56.86,1,44.6,0.0,0.0,0.0,0.0,0.0,24
2023-05-09 21:08:22,au2312C416,au2312C416,44.6,0.0,0.0,0.0,1,32.34,56.84,1,44.6,0.0,0.0,0.0,0.0,0.0,24
2023-05-09 21:08:23,au2312C416,au2312C416,44.6,0.0,0.0,0.0,1,32.4,56.78,1,44.6,0.0,0.0,0.0,0.0,0.0,24
2023-05-09 21:08:23,au2312C416,au2312C416,44.6,0.0,0.0,0.0,1,32.4,56.78,1,44.6,0.0,0.0,0.0,0.0,0.0,24
2023-05-09 21:08:24,au2312C416,au2312C416,44.6,0.0,0.0,0.0,1,32.42,56.76,1,44.6,0.0,0.0,0.0,0.0,0.0,24
2023-05-09 21:08:24,au2312C416,au2312C416,44.6,0.0,0.0,0.0,1,32.48,56.7,1,44.6,0.0,0.0,0.0,0.0,0.0,24
2023-05-09 21:08:25,au2312C416,au2312C416,44.6,0.0,0.0,0.0,1,32.48,56.7,1,44.6,0.0,0.0,0.0,0.0,0.0,24
2023-05-09 21:08:25,au2312C416,au2312C416,44.6,0.0,0.0,0.0,1,32.5,56.68,1,44.6,0.0,0.0,0.0,0.0,0.0,24
2023-05-09 21:08:26,au2312C416,au2312C416,44.6,0.0,0.0,0.0,1,32.56,56.62,1,44.6,0.0,0.0,0.0,0.0,0.0,24
2023-05-09 21:08:26,au2312C416,au2312C416,44.6,0.0,0.0,0.0,1,32.56,56.62,1,44.6,0.0,0.0,0.0,0.0,0.0,24
2023-05-09 21:08:27,au2312C416,au2312C416,44.6,0.0,0.0,0.0,1,32.58,56.6,1,44.6,0.0,0.0,0.0,0.0,0.0,24
2023-05-09 21:08:27,au2312C416,au2312C416,44.6,0.0,0.0,0.0,1,32.64,56.54,1,44.6,0.0,0.0,0.0,0.0,0.0,24
2023-05-09 21:08:28,au2312C416,au2312C416,44.6,0.0,0.0,0.0,1,32.64,56.54,1,44.6,0.0,0.0,0.0,0.0,0.0,24
2023-05-09 21:08:28,au2312C416,au2312C416,44.6,0.0,0.0,0.0,1,32.66,56.52,1,44.6,0.0,0.0,0.0,0.0,0.0,24
2023-05-09 21:08:29,au2312C416,au2312C416,44.6,0.0,0.0,0.0,1,32.72,56.46,1,44.6,0.0,0.0,0.0,0.0,0.0,24
2023-05-09 21:08:29,au2312C416,au2312C416,44.6,0.0,0.0,0.0,1,32.72,56.46,1,44.6,0.0,0.0,0.0,0.0,0.0,24
2023-05-09 21:08:30,au2312C416,au2312C416,44.6,0.0,0.0,0.0,1,32.74,56.44,1,44.6,0.0,0.0,0.0,0.0,0.0,24
2023-05-09 21:08:30,au2312C416,au2312C416,44.6,0.0,0.0,0.0,1,32.8,56.38,1,44.6,0.0,0.0,0.0,0.0,0.0,24
2023-05-09 21:08:31,au2312C416,au2312C416,44.6,0.0,0.0,0.0,1,32.8,56.38,1,44.6,0.0,0.0,0.0,0.0,0.0,24
2023-05-09 21:08:31,au2312C416,au2312C416,44.6,0.0,0.0,0.0,1,32.82,56.36,1,44.6,0.0,0.0,0.0,0.0,0.0,24
2023-05-09 21:08:32,au2312C416,au2312C416,44.6,0.0,0.0,0.0,1,32.88,56.3,1,44.6,0.0,0.0,0.0,0.0,0.0,24
2023-05-09 21:08:32,au2312C416,au2312C416,44.6,0.0,0.0,0.0,1,32.88,56.3,1,44.6,0.0,0.0,0.0,0.0,0.0,24
2023-05-09 21:08:33,au2312C416,au2312C416,44.6,0.0,0.0,0.0,1,32.9,56.28,1,44.6,0.0,0.0,0.0,0.0,0.0,24
2023-05-09 21:08:33,au2312C416,au2312C416,44.6,0.0,0.0,0.0,1,32.96,56.22,1,44.6,0.0,0.0,0.0,0.0,0.0,24
2023-05-09 21:08:34,au2312C416,au2312C416,44.6,0.0,0.0,0.0,1,32.96,56.22,1,44.6,0.0,0.0,0.0,0.0,0.0,24
2023-05-09 21:08:34,au2312C416,au2312C416,44.6,0.0,0.0,0.0,1,32.98,56.2,1,44.6,0.0,0.0,0.0,0.0,0.0,24
2023-05-09 21:08:35,au2312C416,au2312C416,44.6,0.0,0.0,0.0,1,33.04,56.14,1,44.6,0.0,0.0,0.0,0.0,0.0,24
2023-05-09 21:08:35,au2312C416,au2312C416,44.6,0.0,0.0,0.0,1,33.04,56.14,1,44.6,0.0,0.0,0.0,0.0,0.0,24
2023-05-09 21:08:36,au2312C416,au2312C416,44.6,0.0,0.0,0.0,1,33.06,56.12,1,44.6,0.0,0.0,0.0,0.0,0.0,24
2023-05-09 21:08:36,au2312C416,au2312C416,44.6,0.0,0.0,0.0,1,33.12,56.06,1,44.6,0.0,0.0,0.0,0.0,0.0,24
2023-05-09 21:08:37,au2312C416,au2312C416,44.6,0.0,0.0,0.0,1,33.12,56.06,1,44.6,0.0,0.0,0.0,0.0,0.0,24
2023-05-09 21:08:37,au2312C416,au2312C416,44.6,0.0,0.0,0.0,1,33.14,56.04,1,44.6,0.0,0.0,0.0,0.0,0.0,24
2023-05-09 21:08:38,au2312C416,au2312C416,44.6,0.0,0.0,0.0,1,33.2,55.98,1,44.6,0.0,0.0,0.0,0.0,0.0,24
2023-05-09 21:08:38,au2312C416,au2312C416,44.6,0.0,0.0,0.0,1,33.2,55.98,1,44.6,0.0,0.0,0.0,0.0,0.0,24
2023-05-09 21:08:39,au2312C416,au2312C416,44.6,0.0,0.0,0.0,1,33.22,55.96,1,44.6,0.0,0.0,0.0,0.0,0.0,24
2023-05-09 21:08:39,au2312C416,au2312C416,44.6,0.0,0.0,0.0,1,33.28,55.9,1,44.6,0.0,0.0,0.0,0.0,0.0,24
2023-05-09 21:08:40,au2312C416,au2312C416,44.6,0.0,0.0,0.0,1,33.28,55.9,1,44.6,0.0,0.0,0.0,0.0,0.0,24
2023-05-09 21:08:40,au2312C416,au2312C416,44.6,0.0,0.0,0.0,1,33.3,55.88,1,44.6,0.0,0.0,0.0,0.0,0.0,24
2023-05-09 21:08:41,au2312C416,au2312C416,44.6,0.0,0.0,0.0,1,33.36,55.82,1,44.6,0.0,0.0,0.0,0.0,0.0,24
2023-05-09 21:08:41,au2312C416,au2312C416,44.6,0.0,0.0,0.0,1,33.36,55.82,1,44.6,0.0,0.0,0.0,0.0,0.0,24
2023-05-09 21:08:42,au2312C416,au2312C416,44.6,0.0,0.0,0.0,1,33.38,55.8,1,44.6,0.0,0.0,0.0,0.0,0.0,24
2023-05-09 21:08:42,au2312C416,au2312C416,44.6,0.0,0.0,0.0,1,33.44,55.74,1,44.6,0.0,0.0,0.0,0.0,0.0,24
2023-05-09 21:08:43,au2312C416,au2312C416,44.6,0.0,0.0,0.0,1,33.44,55.74,1,44.6,0.0,0.0,0.0,0.0,0.0,24
2023-05-09 21:08:43,au2312C416,au2312C416,44.6,0.0,0.0,0.0,1,33.46,55.72,1,44.6,0.0,0.0,0.0,0.0,0.0,24
2023-05-09 21:08:44,au2312C416,au2312C416,44.6,0.0,0.0,0.0,1,33.52,55.66,1,44.6,0.0,0.0,0.0,0.0,0.0,24
2023-05-09 21:08:44,au2312C416,au2312C416,44.6,0.0,0.0,0.0,1,33.52,55.66,1,44.6,0.0,0.0,0.0,0.0,0.0,24
2023-05-09 21:08:45,au2312C416,au2312C416,44.6,0.0,0.0,0.0,1,33.54,55.64,1,44.6,0.0,0.0,0.0,0.0,0.0,24
2023-05-09 21:08:45,au2312C416,au2312C416,44.6,0.0,0.0,0.0,1,33.6,55.58,1,44.6,0.0,0.0,0.0,0.0,0.0,24
2023-05-09 21:08:46,au2312C416,au2312C416,44.6,0.0,0.0,0.0,1,33.6,55.58,1,44.6,0.0,0.0,0.0,0.0,0.0,24
2023-05-09 21:08:46,au2312C416,au2312C416,44.6,0.0,0.0,0.0,1,33.62,55.56,1,44.6,0.0,0.0,0.0,0.0,0.0,24
2023-05-09 21:08:47,au2312C416,au2312C416,44.6,0.0,0.0,0.0,1,33.68,55.5,1,44.6,0.0,0.0,0.0,0.0,0.0,24
2023-05-09 21:08:47,au2312C416,au2312C416,44.6,0.0,0.0,0.0,1,33.68,55.5,1,44.6,0.0,0.0,0.0,0.0,0.0,24
2023-05-09 21:08:48,au2312C416,au2312C416,44.6,0.0,0.0,0.0,1,33.7,55.48,1,44.6,0.0,0.0,0.0,0.0,0.0,24
2023-05-09 21:08:48,au2312C416,au2312C416,44.6,0.0,0.0,0.0,1,33.76,55.42,1,44.6,0.0,0.0,0.0,0.0,0.0,24
2023-05-09 21:08:49,au2312C416,au2312C416,44.6,0.0,0.0,0.0,1,33.76,55.42,1,44.6,0.0,0.0,0.0,0.0,0.0,24
2023-05-09 21:08:49,au2312C416,au2312C416,44.6,0.0,0.0,0.0,1,33.78,55.4,1,44.6,0.0,0.0,0.0,0.0,0.0,24
2023-05-09 21:08:50,au2312C416,au2312C416,44.6,0.0,0.0,0.0,1,33.84,55.34,1,44.6,0.0,0.0,0.0,0.0,0.0,24
2023-05-09 21:08:50,au2312C416,au2312C416,44.6,0.0,0.0,0.0,1,33.84,55.34,1,44.6,0.0,0.0,0.0,0.0,0.0,24
2023-05-09 21:08:51,au2312C416,au2312C416,44.6,0.0,0.0,0.0,1,33.86,55.32,1,44.6,0.0,0.0,0.0,0.0,0.0,24
2023-05-09 21:08:51,au2312C416,au2312C416,44.6,0.0,0.0,0.0,1,33.92,55.26,1,44.6,0.0,0.0,0.0,0.0,0.0,24
2023-05-09 21:08:52,au2312C416,au2312C416,44.6,0.0,0.0,0.0,1,33.92,55.26,1,44.6,0.0,0.0,0.0,0.0,0.0,24
2023-05-09 21:08:52,au2312C416,au2312C416,44.6,0.0,0.0,0.0,1,33.94,55.24,1,44.6,0.0,0.0,0.0,0.0,0.0,24
2023-05-09 21:08:53,au2312C416,au2312C416,44.6,0.0,0.0,0.0,1,34.0,55.18,1,44.6,0.0,0.0,0.0,0.0,0.0,24
2023-05-09 21:08:53,au2312C416,au2312C416,44.6,0.0,0.0,0.0,1,34.0,55.18,1,44.6,0.0,0.0,0.0,0.0,0.0,24
2023-05-09 21:08:54,au2312C416,au2312C416,44.6,0.0,0.0,0.0,1,34.02,55.16,1,44.6,0.0,0.0,0.0,0.0,0.0,24
2023-05-09 21:08:54,au2312C416,au2312C416,44.6,0.0,0.0,0.0,1,34.08,55.1,1,44.6,0.0,0.0,0.0,0.0,0.0,24
2023-05-09 21:08:55,au2312C416,au2312C416,44.6,0.0,0.0,0.0,1,34.08,55.1,1,44.6,0.0,0.0,0.0,0.0,0.0,24
2023-05-09 21:08:55,au2312C416,au2312C416,44.6,0.0,0.0,0.0,1,34.1,55.08,1,44.6,0.0,0.0,0.0,0.0,0.0,24
2023-05-09 21:08:56,au2312C416,au2312C416,44.6,0.0,0.0,0.0,1,34.16,55.02,1,44.6,0.0,0.0,0.0,0.0,0.0,24
2023-05-09 21:08:56,au2312C416,au2312C416,44.6,0.0,0.0,0.0,1,34.16,55.02,1,44.6,0.0,0.0,0.0,0.0,0.0,24
2023-05-09 21:08:57,au2312C416,au2312C416,44.6,0.0,0.0,0.0,1,34.18,55.0,1,44.6,0.0,0.0,0.0,0.0,0.0,24
2023-05-09 21:08:57,au2312C416,au2312C416,44.6,0.0,0.0,0.0,1,34.24,54.94,1,44.6,0.0,0.0,0.0,0.0,0.0,24
2023-05-09 21:08:58,au2312C416,au2312C416,44.6,0.0,0.0,0.0,1,34.24,54.94,1,44.6,0.0,0.0,0.0,0.0,0.0,24
2023-05-09 21:08:58,au2312C416,au2312C416,44.6,0.0,0.0,0.0,1,34.26,54.92,1,44.6,0.0,0.0,0.0,0.0,0.0,24
2023-05-09 21:08:59,au2312C416,au2312C416,44.6,0.0,0.0,0.0,1,34.32,54.86,1,44.6,0.0,0.0,0.0,0.0,0.0,24
2023-05-09 21:08:59,au2312C416,au2312C416,44.6,0.0,0.0,0.0,1,34.32,54.86,1,44.6,0.0,0.0,0.0,0.0,0.0,24
2023-05-09 21:09:00,au2312C416,au2312C416,44.6,0.0,0.0,0.0,1,34.34,54.84,1,44.6,0.0,0.0,0.0,0.0,0.0,24
2023-05-09 21:09:00,au2312C416,au2312C416,44.6,0.0,0.0,0.0,1,34.4,54.78,1,44.6,0.0,0.0,0.0,0.0,0.0,24
2023-05-09 21:09:01,au2312C416,au2312C416,44.6,0.0,0.0,0.0,1,34.4,54.78,1,44.6,0.0,0.0,0.0,0.0,0.0,24
2023-05-09 21:09:01,au2312C416,au2312C416,44.6,0.0,0.0,0.0,1,34.42,54.76,1,44.6,0.0,0.0,0.0,0.0,0.0,24
2023-05-09 21:09:02,au2312C416,au2312C416,44.6,0.0,0.0,0.0,1,34.48,54.7,1,44.6,0.0,0.0,0.0,0.0,0.0,24
2023-05-09 21:09:02,au2312C416,au2312C416,44.6,0.0,0.0,0.0,1,34.48,54.7,1,44.6,0.0,0.0,0.0,0.0,0.0,24
2023-05-09 21:09:03,au2312C416,au2312C416,44.6,0.0,0.0,0.0,1,34.5,54.68,1,44.6,0.0,0.0,0.0,0.0,0.0,24
2023-05-09 21:09:03,au2312C416,au2312C416,44.6,0.0,0.0,0.0,1,34.56,54.62,1,44.6,0.0,0.0,0.0,0.0,0.0,24
2023-05-09 21:09:04,au2312C416,au2312C416,44.6,0.0,0.0,0.0,1,34.56,54.62,1,44.6,0.0,0.0,0.0,0.0,0.0,24
2023-05-09 21:09:04,au2312C416,au2312C416,44.6,0.0,0.0,0.0,1,34.58,54.6,1,44.6,0.0,0.0,0.0,0.0,0.0,24
2023-05-09 21:09:05,au2312C416,au2312C416,44.6,0.0,0.0,0.0,1,34.64,54.54,1,44.6,0.0,0.0,0.0,0.0,0.0,24
2023-05-09 21:09:05,au2312C416,au2312C416,44.6,0.0,0.0,0.0,1,34.64,54.54,1,44.6,0.0,0.0,0.0,0.0,0.0,24
2023-05-09 21:09:06,au2312C416,au2312C416,44.6,0.0,0.0,0.0,1,34.66,54.52,1,44.6,0.0,0.0,0.0,0.0,0.0,24
2023-05-09 21:09:06,au2312C416,au2312C416,44.6,0.0,0.0,0.0,1,34.72,54.46,1,44.6,0.0,0.0,0.0,0.0,0.0,24
2023-05-09 21:09:07,au2312C416,au2312C416,44.6,0.0,0.0,0.0,1,34.72,54.46,1,44.6,0.0,0.0,0.0,0.0,0.0,24
2023-05-09 21:09:07,au2312C416,au2312C416,44.6,0.0,0.0,0.0,1,34.74,54.44,1,44.6,0.0,0.0,0.0,0.0,0.0,24
2023-05-09 21:09:08,au2312C416,au2312C416,44.6,0.0,0.0,0.0,1,34.8,54.38,1,44.6,0.0,0.0,0.0,0.0,0.0,24
2023-05-09 21:09:08,au2312C416,au2312C416,44.6,0.0,0.0,0.0,1,34.8,54.38,1,44.6,0.0,0.0,0.0,0.0,0.0,24
2023-05-09 21:09:09,au2312C416,au2312C416,44.6,0.0,0.0,0.0,1,34.82,54.36,1,44.6,0.0,0.0,0.0,0.0,0.0,24
2023-05-09 21:09:09,au2312C416,au2312C416,44.6,0.0,0.0,0.0,1,34.88,54.3,1,44.6,0.0,0.0,0.0,0.0,0.0,24
2023-05-09 21:09:10,au2312C416,au2312C416,44.6,0.0,0.0,0.0,1,34.88,54.3,1,44.6,0.0,0.0,0.0,0.0,0.0,24
2023-05-09 21:09:10,au2312C416,au2312C416,44.6,0.0,0.0,0.0,1,34.9,54.28,1,44.6,0.0,0.0,0.0,0.0,0.0,24
2023-05-09 21:09:11,au2312C416,au2312C416,44.6,0.0,0.0,0.0,1,34.96,54.22,1,44.6,0.0,0.0,0.0,0.0,0.0,24
2023-05-09 21:09:11,au2312C416,au2312C416,44.6,0.0,0.0,0.0,1,34.96,54.22,1,44.6,0.0,0.0,0.0,0.0,0.0,24
2023-05-09 21:09:12,au2312C416,au2312C416,44.6,0.0,0.0,0.0,1,34.98,54.2,1,44.6,0.0,0.0,0.0,0.0,0.0,24
2023-05-09 21:09:12,au2312C416,au2312C416,44.6,0.0,0.0,0.0,1,35.04,54.14,1,44.6,0.0,0.0,0.0,0.0,0.0,24
2023-05-09 21:09:13,au2312C416,au2312C416,44.6,0.0,0.0,0.0,1,35.04,54.14,1,44.6,0.0,0.0,0.0,0.0,0.0,24
2023-05-09 21:09:13,au2312C416,au2312C416,44.6,0.0,0.0,0.0,1,35.06,54.12,1,44.6,0.0,0.0,0.0,0.0,0.0,24
2023-05-09 21:09:14,au2312C416,au2312C416,44.6,0.0,0.0,0.0,1,35.12,54.06,1,44.6,0.0,0.0,0.0,0.0,0.0,24
2023-05-09 21:09:14,au2312C416,au2312C416,44.6,0.0,0.0,0.0,1,35.12,54.06,1,44.6,0.0,0.0,0.0,0.0,0.0,24
2023-05-09 21:09:15,au2312C416,au2312C416,44.6,0.0,0.0,0.0,1,35.14,54.04,1,44.6,0.0,0.0,0.0,0.0,0.0,24
2023-05-09 21:09:15,au2312C416,au2312C416,44.6,0.0,0.0,0.0,1,35.2,53.98,1,44.6,0.0,0.0,0.0,0.0,0.0,24
2023-05-09 21:09:16,au2312C416,au2312C416,44.6,0.0,0.0,0.0,1,35.2,53.98,1,44.6,0.0,0.0,0.0,0.0,0.0,24
2023-05-09 21:09:16,au2312C416,au2312C416,44.6,0.0,0.0,0.0,1,35.22,53.96,1,44.6,0.0,0.0,0.0,0.0,0.0,24
2023-05-09 21:09:17,au2312C416,au2312C416,44.6,0.0,0.0,0.0,1,35.28,53.9,1,44.6,0.0,0.0,0.0,0.0,0.0,24
2023-05-09 21:09:17,au2312C416,au2312C416,44.6,0.0,0.0,0.0,1,35.28,53.9,1,44.6,0.0,0.0,0.0,0.0,0.0,24
2023-05-09 21:09:18,au2312C416,au2312C416,44.6,0.0,0.0,0.0,1,35.3,53.88,1,44.6,0.0,0.0,0.0,0.0,0.0,24
2023-05-09 21:09:18,au2312C416,au2312C416,44.6,0.0,0.0,0.0,1,35.36,53.82,1,44.6,0.0,0.0,0.0,0.0,0.0,24
2023-05-09 21:09:19,au2312C416,au2312C416,44.6,0.0,0.0,0.0,1,35.36,53.82,1,44.6,0.0,0.0,0.0,0.0,0.0,24
2023-05-09 21:09:19,au2312C416,au2312C416,44.6,0.0,0.0,0.0,1,35.38,53.8,1,44.6,0.0,0.0,0.0,0.0,0.0,24
2023-05-09 21:09:20,au2312C416,au2312C416,44.6,0.0,0.0,0.0,1,35.44,53.74,1,44.6,0.0,0.0,0.0,0.0,0.0,24
2023-05-09 21:09:20,au2312C416,au2312C416,44.6,0.0,0.0,0.0,1,35.44,53.74,1,44.6,0.0,0.0,0.0,0.0,0.0,24
2023-05-09 21:09:21,au2312C416,au2312C416,44.6,0.0,0.0,0.0,1,35.46,53.72,1,44.6,0.0,0.0,0.0,0.0,0.0,24
2023-05-09 21:09:21,au2312C416,au2312C416,44.6,0.0,0.0,0.0,1,35.52,53.66,1,44.6,0.0,0.0,0.0,0.0,0.0,24
2023-05-09 21:09:22,au2312C416,au2312C416,44.6,0.0,0.0,0.0,1,35.52,53.66,1,44.6,0.0,0.0,0.0,0.0,0.0,24
2023-05-09 21:09:22,au2312C416,au2312C416,44.6,0.0,0.0,0.0,1,35.54,53.64,1,44.6,0.0,0.0,0.0,0.0,0.0,24
2023-05-09 21:09:23,au2312C416,au2312C416,44.6,0.0,0.0,0.0,1,35.6,53.58,1,44.6,0.0,0.0,0.0,0.0,0.0,24
2023-05-09 21:09:23,au2312C416,au2312C416,44.6,0.0,0.0,0.0,1,35.6,53.58,1,44.6,0.0,0.0,0.0,0.0,0.0,24
2023-05-09 21:09:24,au2312C416,au2312C416,44.6,0.0,0.0,0.0,1,35.62,53.56,1,44.6,0.0,0.0,0.0,0.0,0.0,24
2023-05-09 21:09:24,au2312C416,au2312C416,44.6,0.0,0.0,0.0,1,35.68,53.5,1,44.6,0.0,0.0,0.0,0.0,0.0,24
2023-05-09 21:09:25,au2312C416,au2312C416,44.6,0.0,0.0,0.0,1,35.68,53.5,1,44.6,0.0,0.0,0.0,0.0,0.0,24
2023-05-09 21:09:25,au2312C416,au2312C416,44.6,0.0,0.0,0.0,1,35.7,53.48,1,44.6,0.0,0.0,0.0,0.0,0.0,24
2023-05-09 21:09:26,au2312C416,au2312C416,44.6,0.0,0.0,0.0,1,35.76,53.42,1,44.6,0.0,0.0,0.0,0.0,0.0,24
2023-05-09 21:09:26,au2312C416,au2312C416,44.6,0.0,0.0,0.0,1,35.76,53.42,1,44.6,0.0,0.0,0.0,0.0,0.0,24
2023-05-09 21:09:27,au2312C416,au2312C416,44.6,0.0,0.0,0.0,1,35.78,53.4,1,44.6,0.0,0.0,0.0,0.0,0.0,24
2023-05-09 21:09:27,au2312C416,au2312C416,44.6,0.0,0.0,0.0,1,35.84,53.34,1,44.6,0.0,0.0,0.0,0.0,0.0,24
2023-05-09 21:09:28,au2312C416,au2312C416,44.6,0.0,0.0,0.0,1,35.84,53.34,1,44.6,0.0,0.0,0.0,0.0,0.0,24
2023-05-09 21:09:28,au2312C416,au2312C416,44.6,0.0,0.0,0.0,1,35.86,53.32,1,44.6,0.0,0.0,0.0,0.0,0.0,24
2023-05-09 21:09:29,au2312C416,au2312C416,44.6,0.0,0.0,0.0,1,35.92,53.26,1,44.6,0.0,0.0,0.0,0.0,0.0,24
2023-05-09 21:09:29,au2312C416,au2312C416,44.6,0.0,0.0,0.0,1,35.92,53.26,1,44.6,0.0,0.0,0.0,0.0,0.0,24
2023-05-09 21:09:30,au2312C416,au2312C416,44.6,0.0,0.0,0.0,1,35.94,53.24,1,44.6,0.0,0.0,0.0,0.0,0.0,24
2023-05-09 21:09:30,au2312C416,au2312C416,44.6,0.0,0.0,0.0,1,36.0,53.18,1,44.6,0.0,0.0,0.0,0.0,0.0,24
2023-05-09 21:09:31,au2312C416,au2312C416,44.6,0.0,0.0,0.0,1,36.0,53.18,1,44.6,0.0,0.0,0.0,0.0,0.0,24
2023-05-09 21:09:31,au2312C416,au2312C416,44.6,0.0,0.0,0.0,1,36.02,53.16,1,44.6,0.0,0.0,0.0,0.0,0.0,24
2023-05-09 21:09:32,au2312C416,au2312C416,44.6,0.0,0.0,0.0,1,36.08,53.1,1,44.6,0.0,0.0,0.0,0.0,0.0,24
2023-05-09 21:09:32,au2312C416,au2312C416,44.6,0.0,0.0,0.0,1,36.08,53.1,1,44.6,0.0,0.0,0.0,0.0,0.0,24
2023-05-09 21:09:33,au2312C416,au2312C416,44.6,0.0,0.0,0.0,1,36.1,53.08,1,44.6,0.0,0.0,0.0,0.0,0.0,24
2023-05-09 21:09:33,au2312C416,au2312C416,44.6,0.0,0.0,0.0,1,36.16,53.02,1,44.6,0.0,0.0,0.0,0.0,0.0,24
2023-05-09 21:09:34,au2312C416,au2312C416,44.6,0.0,0.0,0.0,1,36.16,53.02,1,44.6,0.0,0.0,0.0,0.0,0.0,24
2023-05-09 21:09:34,au2312C416,au2312C416,44.6,0.0,0.0,0.0,1,36.18,53.0,1,44.6,0.0,0.0,0.0,0.0,0.0,24
2023-05-09 21:09:35,au2312C416,au2312C416,44.6,0.0,0.0,0.0,1,36.24,52.94,1,44.6,0.0,0.0,0.0,0.0,0.0,24
2023-05-09 21:09:35,au2312C416,au2312C416,44.6,0.0,0.0,0.0,1,36.24,52.94,1,44.6,0.0,0.0,0.0,0.0,0.0,24
2023-05-09 21:09:36,au2312C416,au2312C416,44.6,0.0,0.0,0.0,1,36.26,52.92,1,44.6,0.0,0.0,0.0,0.0,0.0,24
2023-05-09 21:09:36,au2312C416,au2312C416,44.6,0.0,0.0,0.0,1,36.32,52.86,1,44.6,0.0,0.0,0.0,0.0,0.0,24
2023-05-09 21:09:37,au2312C416,au2312C416,44.6,0.0,0.0,0.0,1,36.32,52.86,1,44.6,0.0,0.0,0.0,0.0,0.0,24
2023-05-09 21:09:37,au2312C416,au2312C416,44.6,0.0,0.0,0.0,1,36.34,52.84,1,44.6,0.0,0.0,0.0,0.0,0.0,24
2023-05-09 21:09:38,au2312C416,au2312C416,44.6,0.0,0.0,0.0,1,36.4,52.78,1,44.6,0.0,0.0,0.0,0.0,0.0,24
2023-05-09 21:09:38,au2312C416,au2312C416,44.6,0.0,0.0,0.0,1,36.4,52.78,1,44.6,0.0,0.0,0.0,0.0,0.0,24
2023-05-09 21:09:39,au2312C416,au2312C416,44.6,0.0,0.0,0.0,1,36.42,52.76,1,44.6,0.0,0.0,0.0,0.0,0.0,24
2023-05-09 21:09:39,au2312C416,au2312C416,44.6,0.0,0.0,0.0,1,36.48,52.7,1,44.6,0.0,0.0,0.0,0.0,0.0,24
2023-05-09 21:09:40,au2312C416,au2312C416,44.6,0.0,0.0,0.0,1,36.48,52.7,1,44.6,0.0,0.0,0.0,0.0,0.0,24
2023-05-09 21:09:40,au2312C416,au2312C416,44.6,0.0,0.0,0.0,1,36.5,52.68,1,44.6,0.0,0.0,0.0,0.0,0.0,24
2023-05-09 21:09:41,au2312C416,au2312C416,44.6,0.0,0.0,0.0,1,36.56,52.62,1,44.6,0.0,0.0,0.0,0.0,0.0,24
2023-05-09 21:09:41,au2312C416,au2312C416,44.6,0.0,0.0,0.0,1,36.56,52.62,1,44.6,0.0,0.0,0.0,0.0,0.0,24
2023-05-09 21:09:42,au2312C416,au2312C416,44.6,0.0,0.0,0.0,1,36.58,52.6,1,44.6,0.0,0.0,0.0,0.0,0.0,24
2023-05-09 21:09:42,au2312C416,au2312C416,44.6,0.0,0.0,0.0,1,36.64,52.54,1,44.6,0.0,0.0,0.0,0.0,0.0,24
2023-05-09 21:09:43,au2312C416,au2312C416,44.6,0.0,0.0,0.0,1,36.64,52.54,1,44.6,0.0,0.0,0.0,0.0,0.0,24
2023-05-09 21:09:43,au2312C416,au2312C416,44.6,0.0,0.0,0.0,1,36.66,52.52,1,44.6,0.0,0.0,0.0,0.0,0.0,24
2023-05-09 21:09:44,au2312C416,au2312C416,44.6,0.0,0.0,0.0,1,36.72,52.46,1,44.6,0.0,0.0,0.0,0.0,0.0,24
2023-05-09 21:09:44,au2312C416,au2312C416,44.6,0.0,0.0,0.0,1,36.72,52.46,1,44.6,0.0,0.0,0.0,0.0,0.0,24
2023-05-09 21:09:45,au2312C416,au2312C416,44.6,0.0,0.0,0.0,1,36.74,52.44,1,44.6,0.0,0.0,0.0,0.0,0.0,24
2023-05-09 21:09:45,au2312C416,au2312C416,44.6,0.0,0.0,0.0,1,36.8,52.38,1,44.6,0.0,0.0,0.0,0.0,0.0,24
2023-05-09 21:09:46,au2312C416,au2312C416,44.6,0.0,0.0,0.0,1,36.8,52.38,1,44.6,0.0,0.0,0.0,0.0,0.0,24
2023-05-09 21:09:46,au2312C416,au2312C416,44.6,0.0,0.0,0.0,1,36.82,52.36,1,44.6,0.0,0.0,0.0,0.0,0.0,24
2023-05-09 21:09:47,au2312C416,au2312C416,44.6,0.0,0.0,0.0,1,36.88,52.3,1,44.6,0.0,0.0,0.0,0.0,0.0,24
2023-05-09 21:09:47,au2312C416,au2312C416,44.6,0.0,0.0,0.0,1,36.88,52.3,1,44.6,0.0,0.0,0.0,0.0,0.0,24
2023-05-09 21:09:48,au2312C416,au2312C416,44.6,0.0,0.0,0.0,1,36.9,52.28,1,44.6,0.0,0.0,0.0,0.0,0.0,24
2023-05-09 21:09:48,au2312C416,au2312C416,44.6,0.0,0.0,0.0,1,36.96,52.22,1,44.6,0.0,0.0,0.0,0.0,0.0,24
2023-05-09 21:09:49,au2312C416,au2312C416,44.6,0.0,0.0,0.0,1,36.96,52.22,1,44.6,0.0,0.0,0.0,0.0,0.0,24
2023-05-09 21:09:49,au2312C416,au2312C416,44.6,0.0,0.0,0.0,1,36.98,52.2,1,44.6,0.0,0.0,0.0,0.0,0.0,24
2023-05-09 21:09:50,au2312C416,au2312C416,44.6,0.0,0.0,0.0,1,37.04,52.14,1,44.6,0.0,0.0,0.0,0.0,0.0,24
2023-05-09 21:09:50,au2312C416,au2312C416,44.6,0.0,0.0,0.0,1,37.04,52.14,1,44.6,0.0,0.0,0.0,0.0,0.0,24
2023-05-09 21:09:51,au2312C416,au2312C416,44.6,0.0,0.0,0.0,1,37.06,52.12,1,44.6,0.0,0.0,0.0,0.0,0.0,24
2023-05-09 21:09:51,au2312C416,au2312C416,44.6,0.0,0.0,0.0,1,37.12,52.06,1,44.6,0.0,0.0,0.0,0.0,0.0,24
2023-05-09 21:09:52,au2312C416,au2312C416,44.6,0.0,0.0,0.0,1,37.12,52.06,1,44.6,0.0,0.0,0.0,0.0,0.0,24
2023-05-09 21:09:52,au2312C416,au2312C416,44.6,0.0,0.0,0.0,1,37.14,52.04,1,44.6,0.0,0.0,0.0,0.0,0.0,24
2023-05-09 21:09:53,au2312C416,au2312C416,44.6,0.0,0.0,0.0,1,37.2,51.98,1,44.6,0.0,0.0,0.0,0.0,0.0,24
2023-05-09 21:09:53,au2312C416,au2312C416,44.6,0.0,0.0,0.0,1,37.2,51.98,1,44.6,0.0,0.0,0.0,0.0,0.0,24
2023-05-09 21:09:54,au2312C416,au2312C416,44.6,0.0,0.0,0.0,1,37.22,51.96,1,44.6,0.0,0.0,0.0,0.0,0.0,24
2023-05-09 21:09:54,au2312C416,au2312C416,44.6,0.0,0.0,0.0,1,37.28,51.9,1,44.6,0.0,0.0,0.0,0.0,0.0,24
2023-05-09 21:09:55,au2312C416,au2312C416,44.6,0.0,0.0,0.0,1,37.28,51.9,1,44.6,0.0,0.0,0.0,0.0,0.0,24
2023-05-09 21:09:55,au2312C416,au2312C416,44.6,0.0,0.0,0.0,1,37.3,51.88,1,44.6,0.0,0.0,0.0,0.0,0.0,24
2023-05-09 21:09:56,au2312C416,au2312C416,44.6,0.0,0.0,0.0,1,37.36,51.82,1,44.6,0.0,0.0,0.0,0.0,0.0,24
2023-05-09 21:09:56,au2312C416,au2312C416,44.6,0.0,0.0,0.0,1,37.36,51.82,1,44.6,0.0,0.0,0.0,0.0,0.0,24
2023-05-09 21:09:57,au2312C416,au2312C416,44.6,0.0,0.0,0.0,1,37.38,51.8,1,44.6,0.0,0.0,0.0,0.0,0.0,24
2023-05-09 21:09:57,au2312C416,au2312C416,44.6,0.0,0.0,0.0,1,37.44,51.74,1,44.6,0.0,0.0,0.0,0.0,0.0,24
2023-05-09 21:09:58,au2312C416,au2312C416,44.6,0.0,0.0,0.0,1,37.44,51.74,1,44.6,0.0,0.0,0.0,0.0,0.0,24
2023-05-09 21:09:58,au2312C416,au2312C416,44.6,0.0,0.0,0.0,1,37.46,51.72,1,44.6,0.0,0.0,0.0,0.0,0.0,24
2023-05-09 21:09:59,au2312C416,au2312C416,44.6,0.0,0.0,0.0,1,37.52,51.66,1,44.6,0.0,0.0,0.0,0.0,0.0,24
2023-05-09 21:09:59,au2312C416,au2312C416,44.6,0.0,0.0,0.0,1,37.52,51.66,1,44.6,0.0,0.0,0.0,0.0,0.0,24
2023-05-09 21:10:00,au2312C416,au2312C416,44.6,0.0,0.0,0.0,1,37.54,51.64,1,44.6,0.0,0.0,0.0,0.0,0.0,24
2023-05-09 21:10:00,au2312C416,au2312C416,44.6,0.0,0.0,0.0,1,37.6,51.58,1,44.6,0.0,0.0,0.0,0.0,0.0,24
2023-05-09 21:10:01,au2312C416,au2312C416,44.6,0.0,0.0,0.0,1,37.6,51.58,1,44.6,0.0,0.0,0.0,0.0,0.0,24
2023-05-09 21:10:01,au2312C416,au2312C416,44.6,0.0,0.0,0.0,1,37.62,51.56,1,44.6,0.0,0.0,0.0,0.0,0.0,24
2023-05-09 21:10:02,au2312C416,au2312C416,44.6,0.0,0.0,0.0,1,37.68,51.5,1,44.6,0.0,0.0,0.0,0.0,0.0,24
2023-05-09 21:10:02,au2312C416,au2312C416,44.6,0.0,0.0,0.0,1,37.68,51.5,1,44.6,0.0,0.0,0.0,0.0,0.0,24
2023-05-09 21:10:03,au2312C416,au2312C416,44.6,0.0,0.0,0.0,1,37.7,51.48,1,44.6,0.0,0.0,0.0,0.0,0.0,24
2023-05-09 21:10:03,au2312C416,au2312C416,44.6,0.0,0.0,0.0,1,37.76,51.42,1,44.6,0.0,0.0,0.0,0.0,0.0,24
2023-05-09 21:10:04,au2312C416,au2312C416,44.6,0.0,0.0,0.0,1,37.76,51.42,1,44.6,0.0,0.0,0.0,0.0,0.0,24
2023-05-09 21:10:04,au2312C416,au2312C416,44.6,0.0,0.0,0.0,1,37.78,51.4,1,44.6,0.0,0.0,0.0,0.0,0.0,24
2023-05-09 21:10:05,au2312C416,au2312C416,44.6,0.0,0.0,0.0,1,37.84,51.34,1,44.6,0.0,0.0,0.0,0.0,0.0,24
2023-05-09 21:10:05,au2312C416,au2312C416,44.6,0.0,0.0,0.0,1,37.84,51.34,1,44.6,0.0,0.0,0.0,0.0,0.0,24
2023-05-09 21:10:06,au2312C416,au2312C416,44.6,0.0,0.0,0.0,1,37.86,51.32,1,44.6,0.0,0.0,0.0,0.0,0.0,24
2023-05-09 21:10:06,au2312C416,au2312C416,44.6,0.0,0.0,0.0,1,37.92,51.26,1,44.6,0.0,0.0,0.0,0.0,0.0,24
2023-05-09 21:10:07,au2312C416,au2312C416,44.6,0.0,0.0,0.0,1,37.92,51.26,1,44.6,0.0,0.0,0.0,0.0,0.0,24
2023-05-09 21:10:07,au2312C416,au2312C416,44.6,0.0,0.0,0.0,1,37.94,51.24,1,44.6,0.0,0.0,0.0,0.0,0.0,24
2023-05-09 21:10:08,au2312C416,au2312C416,44.6,0.0,0.0,0.0,1,38.0,51.18,1,44.6,0.0,0.0,0.0,0.0,0.0,24
2023-05-09 21:10:08,au2312C416,au2312C416,44.6,0.0,0.0,0.0,1,38.0,51.18,1,44.6,0.0,0.0,0.0,0.0,0.0,24
2023-05-09 21:10:09,au2312C416,au2312C416,44.6,0.0,0.0,0.0,1,38.02,51.16,1,44.6,0.0,0.0,0.0,0.0,0.0,24
2023-05-09 21:10:09,au2312C416,au2312C416,44.6,0.0,0.0,0.0,1,38.08,51.1,1,44.6,0.0,0.0,0.0,0.0,0.0,24
2023-05-09 21:10:10,au2312C416,au2312C416,44.6,0.0,0.0,0.0,1,38.08,51.1,1,44.6,0.0,0.0,0.0,0.0,0.0,24
2023-05-09 21:10:10,au2312C416,au2312C416,44.6,0.0,0.0,0.0,1,38.1,51.08,1,44.6,0.0,0.0,0.0,0.0,0.0,24
2023-05-09 21:10:11,au2312C416,au2312C416,44.6,0.0,0.0,0.0,1,38.16,51.02,1,44.6,0.0,0.0,0.0,0.0,0.0,24
2023-05-09 21:10:11,au2312C416,au2312C416,44.6,0.0,0.0,0.0,1,38.16,51.02,1,44.6,0.0,0.0,0.0,0.0,0.0,24
2023-05-09 21:10:12,au2312C416,au2312C416,44.6,0.0,0.0,0.0,1,38.18,51.0,1,44.6,0.0,0.0,0.0,0.0,0.0,24
2023-05-09 21:10:12,au2312C416,au2312C416,44.6,0.0,0.0,0.0,1,38.24,50.94,1,44.6,0.0,0.0,0.0,0.0,0.0,24
2023-05-09 21:10:13,au2312C416,au2312C416,44.6,0.0,0.0,0.0,1,38.24,50.94,1,44.6,0.0,0.0,0.0,0.0,0.0,24
2023-05-09 21:10:13,au2312C416,au2312C416,44.6,0.0,0.0,0.0,1,38.26,50.92,1,44.6,0.0,0.0,0.0,0.0,0.0,24
2023-05-09 21:10:14,au2312C416,au2312C416,44.6,0.0,0.0,0.0,1,38.32,50.86,1,44.6,0.0,0.0,0.0,0.0,0.0,24
2023-05-09 21:10:14,au2312C416,au2312C416,44.6,0.0,0.0,0.0,1,38.32,50.86,1,44.6,0.0,0.0,0.0,0.0,0.0,24
2023-05-09 21:10:15,au2312C416,au2312C416,44.6,0.0,0.0,0.0,1,38.34,50.84,1,44.6,0.0,0.0,0.0,0.0,0.0,24
2023-05-09 21:10:15,au2312C416,au2312C416,44.6,0.0,0.0,0.0,1,38.4,50.78,1,44.6,0.0,0.0,0.0,0.0,0.0,24
2023-05-09 21:10:16,au2312C416,au2312C416,44.6,0.0,0.0,0.0,1,38.4,50.78,1,44.6,0.0,0.0,0.0,0.0,0.0,24
2023-05-09 21:10:16,au2312C416,au2312C416,44.6,0.0,0.0,0.0,1,38.42,50.76,1,44.6,0.0,0.0,0.0,0.0,0.0,24
2023-05-09 21:10:17,au2312C416,au2312C416,44.6,0.0,0.0,0.0,1,38.48,50.7,1,44.6,0.0,0.0,0.0,0.0,0.0,24
2023-05-09 21:10:17,au2312C416,au2312C416,44.6,0.0,0.0,0.0,1,38.48,50.7,1,44.6,0.0,0.0,0.0,0.0,0.0,24
2023-05-09 21:10:18,au2312C416,au2312C416,44.6,0.0,0.0,0.0,1,38.5,50.68,1,44.6,0.0,0.0,0.0,0.0,0.0,24
2023-05-09 21:10:18,au2312C416,au2312C416,44.6,0.0,0.0,0.0,1,38.56,50.62,1,44.6,0.0,0.0,0.0,0.0,0.0,24
2023-05-09 21:10:19,au2312C416,au2312C416,44.6,0.0,0.0,0.0,1,38.56,50.62,1,44.6,0.0,0.0,0.0,0.0,0.0,24
