time,symbol_id,symbol_name,last,trade_volume,trade_amount,open_interest_change,bv1,bp1,ap1,av1,yesterday_close,today_open,today_high,today_low,volume,amount,open_interest
2023-05-09 21:00:03,au2312C408,au2312C408,50.52,0.0,0.0,0.0,1,41.62,59.82,1,50.52,0.0,0.0,0.0,0.0,0.0,13
2023-05-09 21:00:08,au2312C408,au2312C408,50.52,0.0,0.0,0.0,1,41.64,59.8,1,50.52,0.0,0.0,0.0,0.0,0.0,13
2023-05-09 21:00:08,au2312C408,au2312C408,50.52,0.0,0.0,0.0,1,43.88,57.56,1,50.52,0.0,0.0,0.0,0.0,0.0,13
2023-05-09 21:00:09,au2312C408,au2312C408,50.52,0.0,0.0,0.0,1,43.88,57.56,1,50.52,0.0,0.0,0.0,0.0,0.0,13
2023-05-09 21:00:09,au2312C408,au2312C408,50.52,0.0,0.0,0.0,1,43.9,57.54,1,50.52,0.0,0.0,0.0,0.0,0.0,13
2023-05-09 21:00:10,au2312C408,au2312C408,50.52,0.0,0.0,0.0,1,46.14,55.3,1,50.52,0.0,0.0,0.0,0.0,0.0,13
2023-05-09 21:00:10,au2312C408,au2312C408,50.52,0.0,0.0,0.0,1,46.14,55.3,1,50.52,0.0,0.0,0.0,0.0,0.0,13
2023-05-09 21:00:11,au2312C408,au2312C408,50.52,0.0,0.0,0.0,1,46.16,55.28,1,50.52,0.0,0.0,0.0,0.0,0.0,13
2023-05-09 21:00:11,au2312C408,au2312C408,50.52,0.0,0.0,0.0,1,48.4,53.04,1,50.52,0.0,0.0,0.0,0.0,0.0,13
2023-05-09 21:00:12,au2312C408,au2312C408,50.52,0.0,0.0,0.0,1,48.4,53.04,1,50.52,0.0,0.0,0.0,0.0,0.0,13
2023-05-09 21:00:12,au2312C408,au2312C408,50.52,0.0,0.0,0.0,1,48.42,53.02,1,50.52,0.0,0.0,0.0,0.0,0.0,13
2023-05-09 21:04:07,au2312C408,au2312C408,50.52,0.0,0.0,0.0,1,48.42,53.02,1,50.52,0.0,0.0,0.0,0.0,0.0,13
2023-05-09 22:57:04,au2312C408,au2312C408,50.52,0.0,0.0,0.0,1,48.4,53.04,1,50.52,0.0,0.0,0.0,0.0,0.0,13
2023-05-09 23:00:32,au2312C408,au2312C408,50.52,0.0,0.0,0.0,1,48.42,53.02,1,50.52,0.0,0.0,0.0,0.0,0.0,13
2023-05-09 23:26:28,au2312C408,au2312C408,50.52,0.0,0.0,0.0,1,48.42,53.02,1,50.52,0.0,0.0,0.0,0.0,0.0,13
2023-05-09 23:29:34,au2312C408,au2312C408,50.52,0.0,0.0,0.0,1,48.42,52.94,1,50.52,0.0,0.0,0.0,0.0,0.0,13
2023-05-09 23:29:34,au2312C408,au2312C408,50.52,0.0,0.0,0.0,1,48.42,52.94,1,50.52,0.0,0.0,0.0,0.0,0.0,13
2023-05-09 23:29:35,au2312C408,au2312C408,50.52,0.0,0.0,0.0,1,48.42,52.92,1,50.52,0.0,0.0,0.0,0.0,0.0,13
2023-05-09 23:41:28,au2312C408,au2312C408,50.52,0.0,0.0,0.0,1,48.42,52.92,1,50.52,0.0,0.0,0.0,0.0,0.0,13
2023-05-10 00:27:58,au2312C408,au2312C408,50.52,0.0,0.0,0.0,1,44.0,0.0,0,50.52,0.0,0.0,0.0,0.0,0.0,13
2023-05-10 00:27:59,au2312C408,au2312C408,50.52,0.0,0.0,0.0,1,44.06,82.72,1,50.52,0.0,0.0,0.0,0.0,0.0,13
2023-05-10 00:31:18,au2312C408,au2312C408,50.52,0.0,0.0,0.0,1,51.24,51.74,1,50.52,0.0,0.0,0.0,0.0,0.0,13
2023-05-10 00:31:19,au2312C408,au2312C408,50.52,0.0,0.0,0.0,1,51.24,51.74,1,50.52,0.0,0.0,0.0,0.0,0.0,13
2023-05-10 00:31:21,au2312C408,au2312C408,50.52,0.0,0.0,0.0,1,51.24,51.74,1,50.52,0.0,0.0,0.0,0.0,0.0,13
2023-05-10 00:31:22,au2312C408,au2312C408,50.52,0.0,0.0,0.0,1,51.58,51.74,1,50.52,0.0,0.0,0.0,0.0,0.0,13
2023-05-10 00:31:22,au2312C408,au2312C408,50.52,0.0,0.0,0.0,1,51.58,51.74,1,50.52,0.0,0.0,0.0,0.0,0.0,13
2023-05-10 00:31:23,au2312C408,au2312C408,50.52,0.0,0.0,0.0,1,51.58,51.74,1,50.52,0.0,0.0,0.0,0.0,0.0,13
2023-05-10 00:31:23,au2312C408,au2312C408,50.52,0.0,0.0,0.0,1,51.58,51.74,1,50.52,0.0,0.0,0.0,0.0,0.0,13
2023-05-10 00:31:24,au2312C408,au2312C408,50.52,0.0,0.0,0.0,1,51.58,51.74,1,50.52,0.0,0.0,0.0,0.0,0.0,13
2023-05-10 00:31:25,au2312C408,au2312C408,50.52,0.0,0.0,0.0,1,51.58,51.74,1,50.52,0.0,0.0,0.0,0.0,0.0,13
2023-05-10 00:31:26,au2312C408,au2312C408,50.52,0.0,0.0,0.0,2,51.58,51.74,1,50.52,0.0,0.0,0.0,0.0,0.0,13
2023-05-10 00:31:28,au2312C408,au2312C408,50.52,0.0,0.0,0.0,2,51.58,51.74,1,50.52,0.0,0.0,0.0,0.0,0.0,13
2023-05-10 00:31:30,au2312C408,au2312C408,50.52,0.0,0.0,0.0,3,51.58,51.74,2,50.52,0.0,0.0,0.0,0.0,0.0,13
2023-05-10 00:31:33,au2312C408,au2312C408,50.52,0.0,0.0,0.0,2,51.58,51.74,2,50.52,0.0,0.0,0.0,0.0,0.0,13
2023-05-10 00:31:34,au2312C408,au2312C408,50.52,0.0,0.0,0.0,2,51.58,51.74,2,50.52,0.0,0.0,0.0,0.0,0.0,13
2023-05-10 00:31:35,au2312C408,au2312C408,50.52,0.0,0.0,0.0,2,51.58,51.74,2,50.52,0.0,0.0,0.0,0.0,0.0,13
2023-05-10 00:31:37,au2312C408,au2312C408,50.52,0.0,0.0,0.0,2,51.58,51.74,2,50.52,0.0,0.0,0.0,0.0,0.0,13
2023-05-10 00:31:38,au2312C408,au2312C408,50.52,0.0,0.0,0.0,1,51.58,51.74,1,50.52,0.0,0.0,0.0,0.0,0.0,13
2023-05-10 00:31:39,au2312C408,au2312C408,50.52,0.0,0.0,0.0,1,51.58,51.74,1,50.52,0.0,0.0,0.0,0.0,0.0,13
2023-05-10 00:31:41,au2312C408,au2312C408,50.52,0.0,0.0,0.0,1,50.66,52.66,1,50.52,0.0,0.0,0.0,0.0,0.0,13
2023-05-10 00:31:41,au2312C408,au2312C408,50.52,0.0,0.0,0.0,1,50.68,52.64,1,50.52,0.0,0.0,0.0,0.0,0.0,13
2023-05-10 00:31:43,au2312C408,au2312C408,50.52,0.0,0.0,0.0,1,50.68,52.64,1,50.52,0.0,0.0,0.0,0.0,0.0,13
2023-05-10 00:55:03,au2312C408,au2312C408,50.52,0.0,0.0,0.0,1,44.0,0.0,0,50.52,0.0,0.0,0.0,0.0,0.0,13
2023-05-10 00:55:03,au2312C408,au2312C408,50.52,0.0,0.0,0.0,1,44.06,82.72,1,50.52,0.0,0.0,0.0,0.0,0.0,13
2023-05-10 01:04:04,au2312C408,au2312C408,50.52,0.0,0.0,0.0,1,44.08,82.7,1,50.52,0.0,0.0,0.0,0.0,0.0,13
2023-05-10 01:04:05,au2312C408,au2312C408,50.52,0.0,0.0,0.0,1,44.14,82.64,1,50.52,0.0,0.0,0.0,0.0,0.0,13
2023-05-10 01:04:05,au2312C408,au2312C408,50.52,0.0,0.0,0.0,1,44.14,82.64,1,50.52,0.0,0.0,0.0,0.0,0.0,13
2023-05-10 01:04:06,au2312C408,au2312C408,50.52,0.0,0.0,0.0,1,44.16,82.62,1,50.52,0.0,0.0,0.0,0.0,0.0,13
2023-05-10 01:04:06,au2312C408,au2312C408,50.52,0.0,0.0,0.0,1,44.22,82.56,1,50.52,0.0,0.0,0.0,0.0,0.0,13
2023-05-10 01:04:07,au2312C408,au2312C408,50.52,0.0,0.0,0.0,1,44.22,82.56,1,50.52,0.0,0.0,0.0,0.0,0.0,13
2023-05-10 01:04:07,au2312C408,au2312C408,50.52,0.0,0.0,0.0,1,44.24,82.54,1,50.52,0.0,0.0,0.0,0.0,0.0,13
2023-05-10 01:04:08,au2312C408,au2312C408,50.52,0.0,0.0,0.0,1,44.3,82.48,1,50.52,0.0,0.0,0.0,0.0,0.0,13
2023-05-10 01:04:08,au2312C408,au2312C408,50.52,0.0,0.0,0.0,1,44.3,82.48,1,50.52,0.0,0.0,0.0,0.0,0.0,13
2023-05-10 01:04:09,au2312C408,au2312C408,50.52,0.0,0.0,0.0,1,44.32,82.46,1,50.52,0.0,0.0,0.0,0.0,0.0,13
2023-05-10 01:04:09,au2312C408,au2312C408,50.52,0.0,0.0,0.0,1,44.38,82.4,1,50.52,0.0,0.0,0.0,0.0,0.0,13
2023-05-10 01:04:10,au2312C408,au2312C408,50.52,0.0,0.0,0.0,1,44.38,82.4,1,50.52,0.0,0.0,0.0,0.0,0.0,13
2023-05-10 01:04:10,au2312C408,au2312C408,50.52,0.0,0.0,0.0,1,44.4,82.38,1,50.52,0.0,0.0,0.0,0.0,0.0,13
2023-05-10 01:04:11,au2312C408,au2312C408,50.52,0.0,0.0,0.0,1,44.46,82.32,1,50.52,0.0,0.0,0.0,0.0,0.0,13
2023-05-10 01:04:11,au2312C408,au2312C408,50.52,0.0,0.0,0.0,1,44.46,82.32,1,50.52,0.0,0.0,0.0,0.0,0.0,13
2023-05-10 01:04:12,au2312C408,au2312C408,50.52,0.0,0.0,0.0,1,44.48,82.3,1,50.52,0.0,0.0,0.0,0.0,0.0,13
2023-05-10 01:04:12,au2312C408,au2312C408,50.52,0.0,0.0,0.0,1,44.54,82.24,1,50.52,0.0,0.0,0.0,0.0,0.0,13
2023-05-10 01:04:13,au2312C408,au2312C408,50.52,0.0,0.0,0.0,1,44.54,82.24,1,50.52,0.0,0.0,0.0,0.0,0.0,13
2023-05-10 01:04:13,au2312C408,au2312C408,50.52,0.0,0.0,0.0,1,44.56,82.22,1,50.52,0.0,0.0,0.0,0.0,0.0,13
2023-05-10 01:04:14,au2312C408,au2312C408,50.52,0.0,0.0,0.0,1,44.62,82.16,1,50.52,0.0,0.0,0.0,0.0,0.0,13
2023-05-10 01:04:14,au2312C408,au2312C408,50.52,0.0,0.0,0.0,1,44.62,82.16,1,50.52,0.0,0.0,0.0,0.0,0.0,13
2023-05-10 01:04:15,au2312C408,au2312C408,50.52,0.0,0.0,0.0,1,44.64,82.14,1,50.52,0.0,0.0,0.0,0.0,0.0,13
2023-05-10 01:04:15,au2312C408,au2312C408,50.52,0.0,0.0,0.0,1,44.7,82.08,1,50.52,0.0,0.0,0.0,0.0,0.0,13
2023-05-10 01:04:16,au2312C408,au2312C408,50.52,0.0,0.0,0.0,1,44.7,82.08,1,50.52,0.0,0.0,0.0,0.0,0.0,13
2023-05-10 01:04:16,au2312C408,au2312C408,50.52,0.0,0.0,0.0,1,44.72,82.06,1,50.52,0.0,0.0,0.0,0.0,0.0,13
2023-05-10 01:04:17,au2312C408,au2312C408,50.52,0.0,0.0,0.0,1,44.78,82.0,1,50.52,0.0,0.0,0.0,0.0,0.0,13
2023-05-10 01:04:17,au2312C408,au2312C408,50.52,0.0,0.0,0.0,1,44.78,82.0,1,50.52,0.0,0.0,0.0,0.0,0.0,13
2023-05-10 01:04:18,au2312C408,au2312C408,50.52,0.0,0.0,0.0,1,44.8,81.98,1,50.52,0.0,0.0,0.0,0.0,0.0,13
2023-05-10 01:04:18,au2312C408,au2312C408,50.52,0.0,0.0,0.0,1,44.8,81.92,1,50.52,0.0,0.0,0.0,0.0,0.0,13
2023-05-10 01:04:19,au2312C408,au2312C408,50.52,0.0,0.0,0.0,1,44.8,81.92,1,50.52,0.0,0.0,0.0,0.0,0.0,13
2023-05-10 01:04:19,au2312C408,au2312C408,50.52,0.0,0.0,0.0,1,44.8,81.9,1,50.52,0.0,0.0,0.0,0.0,0.0,13
2023-05-10 01:04:20,au2312C408,au2312C408,50.52,0.0,0.0,0.0,1,44.8,81.84,1,50.52,0.0,0.0,0.0,0.0,0.0,13
2023-05-10 01:04:20,au2312C408,au2312C408,50.52,0.0,0.0,0.0,1,44.8,81.84,1,50.52,0.0,0.0,0.0,0.0,0.0,13
2023-05-10 01:04:21,au2312C408,au2312C408,50.52,0.0,0.0,0.0,1,44.8,81.82,1,50.52,0.0,0.0,0.0,0.0,0.0,13
2023-05-10 01:04:21,au2312C408,au2312C408,50.52,0.0,0.0,0.0,1,44.8,81.76,1,50.52,0.0,0.0,0.0,0.0,0.0,13
2023-05-10 01:04:22,au2312C408,au2312C408,50.52,0.0,0.0,0.0,1,44.8,81.76,1,50.52,0.0,0.0,0.0,0.0,0.0,13
2023-05-10 01:04:22,au2312C408,au2312C408,50.52,0.0,0.0,0.0,1,44.8,81.74,1,50.52,0.0,0.0,0.0,0.0,0.0,13
2023-05-10 01:04:23,au2312C408,au2312C408,50.52,0.0,0.0,0.0,1,44.8,81.68,1,50.52,0.0,0.0,0.0,0.0,0.0,13
2023-05-10 01:04:23,au2312C408,au2312C408,50.52,0.0,0.0,0.0,1,44.8,81.68,1,50.52,0.0,0.0,0.0,0.0,0.0,13
2023-05-10 01:04:24,au2312C408,au2312C408,50.52,0.0,0.0,0.0,1,44.8,81.66,1,50.52,0.0,0.0,0.0,0.0,0.0,13
2023-05-10 01:04:24,au2312C408,au2312C408,50.52,0.0,0.0,0.0,1,44.8,81.6,1,50.52,0.0,0.0,0.0,0.0,0.0,13
2023-05-10 01:04:25,au2312C408,au2312C408,50.52,0.0,0.0,0.0,1,44.8,81.6,1,50.52,0.0,0.0,0.0,0.0,0.0,13
2023-05-10 01:04:25,au2312C408,au2312C408,50.52,0.0,0.0,0.0,1,44.8,81.58,1,50.52,0.0,0.0,0.0,0.0,0.0,13
2023-05-10 01:04:26,au2312C408,au2312C408,50.52,0.0,0.0,0.0,1,44.8,81.52,1,50.52,0.0,0.0,0.0,0.0,0.0,13
2023-05-10 01:04:26,au2312C408,au2312C408,50.52,0.0,0.0,0.0,1,44.8,81.52,1,50.52,0.0,0.0,0.0,0.0,0.0,13
2023-05-10 01:04:27,au2312C408,au2312C408,50.52,0.0,0.0,0.0,1,44.8,81.5,1,50.52,0.0,0.0,0.0,0.0,0.0,13
2023-05-10 01:04:27,au2312C408,au2312C408,50.52,0.0,0.0,0.0,1,44.8,81.44,1,50.52,0.0,0.0,0.0,0.0,0.0,13
2023-05-10 01:04:28,au2312C408,au2312C408,50.52,0.0,0.0,0.0,1,44.8,81.44,1,50.52,0.0,0.0,0.0,0.0,0.0,13
2023-05-10 01:04:28,au2312C408,au2312C408,50.52,0.0,0.0,0.0,1,44.8,81.42,1,50.52,0.0,0.0,0.0,0.0,0.0,13
2023-05-10 01:04:29,au2312C408,au2312C408,50.52,0.0,0.0,0.0,1,44.8,81.36,1,50.52,0.0,0.0,0.0,0.0,0.0,13
2023-05-10 01:04:29,au2312C408,au2312C408,50.52,0.0,0.0,0.0,1,44.8,81.36,1,50.52,0.0,0.0,0.0,0.0,0.0,13
2023-05-10 01:04:30,au2312C408,au2312C408,50.52,0.0,0.0,0.0,1,44.8,81.34,1,50.52,0.0,0.0,0.0,0.0,0.0,13
2023-05-10 01:04:30,au2312C408,au2312C408,50.52,0.0,0.0,0.0,1,44.8,81.28,1,50.52,0.0,0.0,0.0,0.0,0.0,13
2023-05-10 01:04:31,au2312C408,au2312C408,50.52,0.0,0.0,0.0,1,44.8,81.28,1,50.52,0.0,0.0,0.0,0.0,0.0,13
2023-05-10 01:04:31,au2312C408,au2312C408,50.52,0.0,0.0,0.0,1,44.8,81.26,1,50.52,0.0,0.0,0.0,0.0,0.0,13
2023-05-10 01:04:32,au2312C408,au2312C408,50.52,0.0,0.0,0.0,1,44.8,81.2,1,50.52,0.0,0.0,0.0,0.0,0.0,13
2023-05-10 01:04:32,au2312C408,au2312C408,50.52,0.0,0.0,0.0,1,44.8,81.2,1,50.52,0.0,0.0,0.0,0.0,0.0,13
2023-05-10 01:04:33,au2312C408,au2312C408,50.52,0.0,0.0,0.0,1,44.8,81.18,1,50.52,0.0,0.0,0.0,0.0,0.0,13
2023-05-10 01:04:33,au2312C408,au2312C408,50.52,0.0,0.0,0.0,1,44.8,81.12,1,50.52,0.0,0.0,0.0,0.0,0.0,13
2023-05-10 01:04:34,au2312C408,au2312C408,50.52,0.0,0.0,0.0,1,44.8,81.12,1,50.52,0.0,0.0,0.0,0.0,0.0,13
2023-05-10 01:04:34,au2312C408,au2312C408,50.52,0.0,0.0,0.0,1,44.8,81.1,1,50.52,0.0,0.0,0.0,0.0,0.0,13
2023-05-10 01:04:35,au2312C408,au2312C408,50.52,0.0,0.0,0.0,1,44.8,81.04,1,50.52,0.0,0.0,0.0,0.0,0.0,13
2023-05-10 01:04:35,au2312C408,au2312C408,50.52,0.0,0.0,0.0,1,44.8,81.04,1,50.52,0.0,0.0,0.0,0.0,0.0,13
2023-05-10 01:04:36,au2312C408,au2312C408,50.52,0.0,0.0,0.0,1,44.8,81.02,1,50.52,0.0,0.0,0.0,0.0,0.0,13
2023-05-10 01:04:36,au2312C408,au2312C408,50.52,0.0,0.0,0.0,1,44.8,80.96,1,50.52,0.0,0.0,0.0,0.0,0.0,13
2023-05-10 01:04:37,au2312C408,au2312C408,50.52,0.0,0.0,0.0,1,44.8,80.96,1,50.52,0.0,0.0,0.0,0.0,0.0,13
2023-05-10 01:04:37,au2312C408,au2312C408,50.52,0.0,0.0,0.0,1,44.8,80.94,1,50.52,0.0,0.0,0.0,0.0,0.0,13
2023-05-10 01:04:38,au2312C408,au2312C408,50.52,0.0,0.0,0.0,1,44.8,80.88,1,50.52,0.0,0.0,0.0,0.0,0.0,13
2023-05-10 01:04:38,au2312C408,au2312C408,50.52,0.0,0.0,0.0,1,44.8,80.88,1,50.52,0.0,0.0,0.0,0.0,0.0,13
2023-05-10 01:04:39,au2312C408,au2312C408,50.52,0.0,0.0,0.0,1,44.8,80.86,1,50.52,0.0,0.0,0.0,0.0,0.0,13
2023-05-10 01:04:39,au2312C408,au2312C408,50.52,0.0,0.0,0.0,1,44.8,80.8,1,50.52,0.0,0.0,0.0,0.0,0.0,13
2023-05-10 01:04:40,au2312C408,au2312C408,50.52,0.0,0.0,0.0,1,44.8,80.8,1,50.52,0.0,0.0,0.0,0.0,0.0,13
2023-05-10 01:04:40,au2312C408,au2312C408,50.52,0.0,0.0,0.0,1,44.8,80.78,1,50.52,0.0,0.0,0.0,0.0,0.0,13
2023-05-10 01:04:41,au2312C408,au2312C408,50.52,0.0,0.0,0.0,1,44.8,80.72,1,50.52,0.0,0.0,0.0,0.0,0.0,13
2023-05-10 01:04:41,au2312C408,au2312C408,50.52,0.0,0.0,0.0,1,44.8,80.72,1,50.52,0.0,0.0,0.0,0.0,0.0,13
2023-05-10 01:04:42,au2312C408,au2312C408,50.52,0.0,0.0,0.0,1,44.8,80.7,1,50.52,0.0,0.0,0.0,0.0,0.0,13
2023-05-10 01:04:42,au2312C408,au2312C408,50.52,0.0,0.0,0.0,1,44.8,80.64,1,50.52,0.0,0.0,0.0,0.0,0.0,13
2023-05-10 01:04:43,au2312C408,au2312C408,50.52,0.0,0.0,0.0,1,44.8,80.64,1,50.52,0.0,0.0,0.0,0.0,0.0,13
2023-05-10 01:04:43,au2312C408,au2312C408,50.52,0.0,0.0,0.0,1,44.8,80.62,1,50.52,0.0,0.0,0.0,0.0,0.0,13
2023-05-10 01:04:44,au2312C408,au2312C408,50.52,0.0,0.0,0.0,1,44.8,80.56,1,50.52,0.0,0.0,0.0,0.0,0.0,13
2023-05-10 01:04:44,au2312C408,au2312C408,50.52,0.0,0.0,0.0,1,44.8,80.56,1,50.52,0.0,0.0,0.0,0.0,0.0,13
2023-05-10 01:04:45,au2312C408,au2312C408,50.52,0.0,0.0,0.0,1,44.8,80.54,1,50.52,0.0,0.0,0.0,0.0,0.0,13
2023-05-10 01:04:45,au2312C408,au2312C408,50.52,0.0,0.0,0.0,1,44.8,80.48,1,50.52,0.0,0.0,0.0,0.0,0.0,13
2023-05-10 01:04:46,au2312C408,au2312C408,50.52,0.0,0.0,0.0,1,44.8,80.48,1,50.52,0.0,0.0,0.0,0.0,0.0,13
2023-05-10 01:04:46,au2312C408,au2312C408,50.52,0.0,0.0,0.0,1,44.8,80.46,1,50.52,0.0,0.0,0.0,0.0,0.0,13
2023-05-10 01:04:47,au2312C408,au2312C408,50.52,0.0,0.0,0.0,1,44.8,80.4,1,50.52,0.0,0.0,0.0,0.0,0.0,13
2023-05-10 01:04:47,au2312C408,au2312C408,50.52,0.0,0.0,0.0,1,44.8,80.4,1,50.52,0.0,0.0,0.0,0.0,0.0,13
2023-05-10 01:04:48,au2312C408,au2312C408,50.52,0.0,0.0,0.0,1,44.8,80.38,1,50.52,0.0,0.0,0.0,0.0,0.0,13
2023-05-10 01:04:48,au2312C408,au2312C408,50.52,0.0,0.0,0.0,1,44.8,80.32,1,50.52,0.0,0.0,0.0,0.0,0.0,13
2023-05-10 01:04:49,au2312C408,au2312C408,50.52,0.0,0.0,0.0,1,44.8,80.32,1,50.52,0.0,0.0,0.0,0.0,0.0,13
2023-05-10 01:04:49,au2312C408,au2312C408,50.52,0.0,0.0,0.0,1,44.8,80.3,1,50.52,0.0,0.0,0.0,0.0,0.0,13
2023-05-10 01:04:50,au2312C408,au2312C408,50.52,0.0,0.0,0.0,1,44.8,80.24,1,50.52,0.0,0.0,0.0,0.0,0.0,13
2023-05-10 01:04:50,au2312C408,au2312C408,50.52,0.0,0.0,0.0,1,44.8,80.24,1,50.52,0.0,0.0,0.0,0.0,0.0,13
2023-05-10 01:04:51,au2312C408,au2312C408,50.52,0.0,0.0,0.0,1,44.8,80.22,1,50.52,0.0,0.0,0.0,0.0,0.0,13
2023-05-10 01:04:51,au2312C408,au2312C408,50.52,0.0,0.0,0.0,1,44.8,80.16,1,50.52,0.0,0.0,0.0,0.0,0.0,13
2023-05-10 01:04:52,au2312C408,au2312C408,50.52,0.0,0.0,0.0,1,44.8,80.16,1,50.52,0.0,0.0,0.0,0.0,0.0,13
2023-05-10 01:04:52,au2312C408,au2312C408,50.52,0.0,0.0,0.0,1,44.8,80.14,1,50.52,0.0,0.0,0.0,0.0,0.0,13
2023-05-10 01:04:53,au2312C408,au2312C408,50.52,0.0,0.0,0.0,1,44.8,80.08,1,50.52,0.0,0.0,0.0,0.0,0.0,13
2023-05-10 01:04:53,au2312C408,au2312C408,50.52,0.0,0.0,0.0,1,44.8,80.08,1,50.52,0.0,0.0,0.0,0.0,0.0,13
2023-05-10 01:04:54,au2312C408,au2312C408,50.52,0.0,0.0,0.0,1,44.8,80.06,1,50.52,0.0,0.0,0.0,0.0,0.0,13
2023-05-10 01:04:54,au2312C408,au2312C408,50.52,0.0,0.0,0.0,1,44.8,80.0,1,50.52,0.0,0.0,0.0,0.0,0.0,13
2023-05-10 01:04:55,au2312C408,au2312C408,50.52,0.0,0.0,0.0,1,44.8,80.0,1,50.52,0.0,0.0,0.0,0.0,0.0,13
2023-05-10 01:04:55,au2312C408,au2312C408,50.52,0.0,0.0,0.0,1,44.8,79.98,1,50.52,0.0,0.0,0.0,0.0,0.0,13
2023-05-10 01:04:56,au2312C408,au2312C408,50.52,0.0,0.0,0.0,1,44.8,79.92,1,50.52,0.0,0.0,0.0,0.0,0.0,13
2023-05-10 01:04:56,au2312C408,au2312C408,50.52,0.0,0.0,0.0,1,44.8,79.92,1,50.52,0.0,0.0,0.0,0.0,0.0,13
2023-05-10 01:04:57,au2312C408,au2312C408,50.52,0.0,0.0,0.0,1,44.8,79.9,1,50.52,0.0,0.0,0.0,0.0,0.0,13
2023-05-10 01:04:57,au2312C408,au2312C408,50.52,0.0,0.0,0.0,1,44.8,79.84,1,50.52,0.0,0.0,0.0,0.0,0.0,13
2023-05-10 01:04:58,au2312C408,au2312C408,50.52,0.0,0.0,0.0,1,44.8,79.84,1,50.52,0.0,0.0,0.0,0.0,0.0,13
2023-05-10 01:04:58,au2312C408,au2312C408,50.52,0.0,0.0,0.0,1,44.8,79.82,1,50.52,0.0,0.0,0.0,0.0,0.0,13
2023-05-10 01:04:59,au2312C408,au2312C408,50.52,0.0,0.0,0.0,1,44.8,79.76,1,50.52,0.0,0.0,0.0,0.0,0.0,13
2023-05-10 01:04:59,au2312C408,au2312C408,50.52,0.0,0.0,0.0,1,44.8,79.76,1,50.52,0.0,0.0,0.0,0.0,0.0,13
2023-05-10 01:05:00,au2312C408,au2312C408,50.52,0.0,0.0,0.0,1,44.8,79.74,1,50.52,0.0,0.0,0.0,0.0,0.0,13
2023-05-10 01:05:00,au2312C408,au2312C408,50.52,0.0,0.0,0.0,1,44.8,79.68,1,50.52,0.0,0.0,0.0,0.0,0.0,13
2023-05-10 01:05:01,au2312C408,au2312C408,50.52,0.0,0.0,0.0,1,44.8,79.68,1,50.52,0.0,0.0,0.0,0.0,0.0,13
2023-05-10 01:05:01,au2312C408,au2312C408,50.52,0.0,0.0,0.0,1,44.8,79.66,1,50.52,0.0,0.0,0.0,0.0,0.0,13
2023-05-10 01:05:02,au2312C408,au2312C408,50.52,0.0,0.0,0.0,1,44.8,79.6,1,50.52,0.0,0.0,0.0,0.0,0.0,13
2023-05-10 01:05:02,au2312C408,au2312C408,50.52,0.0,0.0,0.0,1,44.8,79.6,1,50.52,0.0,0.0,0.0,0.0,0.0,13
2023-05-10 01:05:03,au2312C408,au2312C408,50.52,0.0,0.0,0.0,1,44.8,79.58,1,50.52,0.0,0.0,0.0,0.0,0.0,13
2023-05-10 01:05:03,au2312C408,au2312C408,50.52,0.0,0.0,0.0,1,44.8,79.52,1,50.52,0.0,0.0,0.0,0.0,0.0,13
2023-05-10 01:05:04,au2312C408,au2312C408,50.52,0.0,0.0,0.0,1,44.8,79.52,1,50.52,0.0,0.0,0.0,0.0,0.0,13
2023-05-10 01:05:04,au2312C408,au2312C408,50.52,0.0,0.0,0.0,1,44.8,79.5,1,50.52,0.0,0.0,0.0,0.0,0.0,13
2023-05-10 01:05:05,au2312C408,au2312C408,50.52,0.0,0.0,0.0,1,44.8,79.44,1,50.52,0.0,0.0,0.0,0.0,0.0,13
2023-05-10 01:05:05,au2312C408,au2312C408,50.52,0.0,0.0,0.0,1,44.8,79.44,1,50.52,0.0,0.0,0.0,0.0,0.0,13
2023-05-10 01:05:06,au2312C408,au2312C408,50.52,0.0,0.0,0.0,1,44.8,79.42,1,50.52,0.0,0.0,0.0,0.0,0.0,13
2023-05-10 01:05:06,au2312C408,au2312C408,50.52,0.0,0.0,0.0,1,44.8,79.36,1,50.52,0.0,0.0,0.0,0.0,0.0,13
2023-05-10 01:05:07,au2312C408,au2312C408,50.52,0.0,0.0,0.0,1,44.8,79.36,1,50.52,0.0,0.0,0.0,0.0,0.0,13
2023-05-10 01:05:07,au2312C408,au2312C408,50.52,0.0,0.0,0.0,1,44.8,79.34,1,50.52,0.0,0.0,0.0,0.0,0.0,13
2023-05-10 01:05:08,au2312C408,au2312C408,50.52,0.0,0.0,0.0,1,44.8,79.28,1,50.52,0.0,0.0,0.0,0.0,0.0,13
2023-05-10 01:05:08,au2312C408,au2312C408,50.52,0.0,0.0,0.0,1,44.8,79.28,1,50.52,0.0,0.0,0.0,0.0,0.0,13
2023-05-10 01:05:09,au2312C408,au2312C408,50.52,0.0,0.0,0.0,1,44.8,79.26,1,50.52,0.0,0.0,0.0,0.0,0.0,13
2023-05-10 01:05:09,au2312C408,au2312C408,50.52,0.0,0.0,0.0,1,44.8,79.2,1,50.52,0.0,0.0,0.0,0.0,0.0,13
2023-05-10 01:05:10,au2312C408,au2312C408,50.52,0.0,0.0,0.0,1,44.8,79.2,1,50.52,0.0,0.0,0.0,0.0,0.0,13
2023-05-10 01:05:10,au2312C408,au2312C408,50.52,0.0,0.0,0.0,1,44.8,79.18,1,50.52,0.0,0.0,0.0,0.0,0.0,13
2023-05-10 01:05:11,au2312C408,au2312C408,50.52,0.0,0.0,0.0,1,44.8,79.12,1,50.52,0.0,0.0,0.0,0.0,0.0,13
2023-05-10 01:05:11,au2312C408,au2312C408,50.52,0.0,0.0,0.0,1,44.8,79.12,1,50.52,0.0,0.0,0.0,0.0,0.0,13
2023-05-10 01:05:12,au2312C408,au2312C408,50.52,0.0,0.0,0.0,1,44.8,79.1,1,50.52,0.0,0.0,0.0,0.0,0.0,13
2023-05-10 01:05:12,au2312C408,au2312C408,50.52,0.0,0.0,0.0,1,44.8,79.04,1,50.52,0.0,0.0,0.0,0.0,0.0,13
2023-05-10 01:05:13,au2312C408,au2312C408,50.52,0.0,0.0,0.0,1,44.8,79.04,1,50.52,0.0,0.0,0.0,0.0,0.0,13
2023-05-10 01:05:13,au2312C408,au2312C408,50.52,0.0,0.0,0.0,1,44.8,79.02,1,50.52,0.0,0.0,0.0,0.0,0.0,13
2023-05-10 01:05:14,au2312C408,au2312C408,50.52,0.0,0.0,0.0,1,44.8,78.96,1,50.52,0.0,0.0,0.0,0.0,0.0,13
2023-05-10 01:05:14,au2312C408,au2312C408,50.52,0.0,0.0,0.0,1,44.8,78.96,1,50.52,0.0,0.0,0.0,0.0,0.0,13
2023-05-10 01:05:15,au2312C408,au2312C408,50.52,0.0,0.0,0.0,1,44.8,78.94,1,50.52,0.0,0.0,0.0,0.0,0.0,13
2023-05-10 01:05:15,au2312C408,au2312C408,50.52,0.0,0.0,0.0,1,44.8,78.88,1,50.52,0.0,0.0,0.0,0.0,0.0,13
2023-05-10 01:05:16,au2312C408,au2312C408,50.52,0.0,0.0,0.0,1,44.8,78.88,1,50.52,0.0,0.0,0.0,0.0,0.0,13
2023-05-10 01:05:16,au2312C408,au2312C408,50.52,0.0,0.0,0.0,1,44.8,78.86,1,50.52,0.0,0.0,0.0,0.0,0.0,13
2023-05-10 01:05:17,au2312C408,au2312C408,50.52,0.0,0.0,0.0,1,44.8,78.8,1,50.52,0.0,0.0,0.0,0.0,0.0,13
2023-05-10 01:05:17,au2312C408,au2312C408,50.52,0.0,0.0,0.0,1,44.8,78.8,1,50.52,0.0,0.0,0.0,0.0,0.0,13
2023-05-10 01:05:18,au2312C408,au2312C408,50.52,0.0,0.0,0.0,1,44.8,78.78,1,50.52,0.0,0.0,0.0,0.0,0.0,13
2023-05-10 01:05:18,au2312C408,au2312C408,50.52,0.0,0.0,0.0,1,44.8,78.72,1,50.52,0.0,0.0,0.0,0.0,0.0,13
2023-05-10 01:05:19,au2312C408,au2312C408,50.52,0.0,0.0,0.0,1,44.8,78.72,1,50.52,0.0,0.0,0.0,0.0,0.0,13
2023-05-10 01:05:19,au2312C408,au2312C408,50.52,0.0,0.0,0.0,1,44.8,78.7,1,50.52,0.0,0.0,0.0,0.0,0.0,13
2023-05-10 01:05:20,au2312C408,au2312C408,50.52,0.0,0.0,0.0,1,44.8,78.64,1,50.52,0.0,0.0,0.0,0.0,0.0,13
2023-05-10 01:05:20,au2312C408,au2312C408,50.52,0.0,0.0,0.0,1,44.8,78.64,1,50.52,0.0,0.0,0.0,0.0,0.0,13
2023-05-10 01:05:21,au2312C408,au2312C408,50.52,0.0,0.0,0.0,1,44.8,78.62,1,50.52,0.0,0.0,0.0,0.0,0.0,13
2023-05-10 01:05:21,au2312C408,au2312C408,50.52,0.0,0.0,0.0,1,44.8,78.56,1,50.52,0.0,0.0,0.0,0.0,0.0,13
2023-05-10 01:05:22,au2312C408,au2312C408,50.52,0.0,0.0,0.0,1,44.8,78.56,1,50.52,0.0,0.0,0.0,0.0,0.0,13
2023-05-10 01:05:22,au2312C408,au2312C408,50.52,0.0,0.0,0.0,1,44.8,78.54,1,50.52,0.0,0.0,0.0,0.0,0.0,13
2023-05-10 01:05:23,au2312C408,au2312C408,50.52,0.0,0.0,0.0,1,44.8,78.48,1,50.52,0.0,0.0,0.0,0.0,0.0,13
2023-05-10 01:05:23,au2312C408,au2312C408,50.52,0.0,0.0,0.0,1,44.8,78.48,1,50.52,0.0,0.0,0.0,0.0,0.0,13
2023-05-10 01:05:24,au2312C408,au2312C408,50.52,0.0,0.0,0.0,1,44.8,78.46,1,50.52,0.0,0.0,0.0,0.0,0.0,13
2023-05-10 01:05:24,au2312C408,au2312C408,50.52,0.0,0.0,0.0,1,44.8,78.4,1,50.52,0.0,0.0,0.0,0.0,0.0,13
2023-05-10 01:05:25,au2312C408,au2312C408,50.52,0.0,0.0,0.0,1,44.8,78.4,1,50.52,0.0,0.0,0.0,0.0,0.0,13
2023-05-10 01:05:25,au2312C408,au2312C408,50.52,0.0,0.0,0.0,1,44.8,78.38,1,50.52,0.0,0.0,0.0,0.0,0.0,13
2023-05-10 01:05:26,au2312C408,au2312C408,50.52,0.0,0.0,0.0,1,44.8,78.32,1,50.52,0.0,0.0,0.0,0.0,0.0,13
2023-05-10 01:05:26,au2312C408,au2312C408,50.52,0.0,0.0,0.0,1,44.8,78.32,1,50.52,0.0,0.0,0.0,0.0,0.0,13
2023-05-10 01:05:27,au2312C408,au2312C408,50.52,0.0,0.0,0.0,1,44.8,78.3,1,50.52,0.0,0.0,0.0,0.0,0.0,13
2023-05-10 01:05:27,au2312C408,au2312C408,50.52,0.0,0.0,0.0,1,44.8,78.24,1,50.52,0.0,0.0,0.0,0.0,0.0,13
2023-05-10 01:05:28,au2312C408,au2312C408,50.52,0.0,0.0,0.0,1,44.8,78.24,1,50.52,0.0,0.0,0.0,0.0,0.0,13
2023-05-10 01:05:28,au2312C408,au2312C408,50.52,0.0,0.0,0.0,1,44.8,78.22,1,50.52,0.0,0.0,0.0,0.0,0.0,13
2023-05-10 01:05:29,au2312C408,au2312C408,50.52,0.0,0.0,0.0,1,44.8,78.16,1,50.52,0.0,0.0,0.0,0.0,0.0,13
2023-05-10 01:05:29,au2312C408,au2312C408,50.52,0.0,0.0,0.0,1,44.8,78.16,1,50.52,0.0,0.0,0.0,0.0,0.0,13
2023-05-10 01:05:30,au2312C408,au2312C408,50.52,0.0,0.0,0.0,1,44.8,78.14,1,50.52,0.0,0.0,0.0,0.0,0.0,13
2023-05-10 01:05:30,au2312C408,au2312C408,50.52,0.0,0.0,0.0,1,44.8,78.08,1,50.52,0.0,0.0,0.0,0.0,0.0,13
2023-05-10 01:05:31,au2312C408,au2312C408,50.52,0.0,0.0,0.0,1,44.8,78.08,1,50.52,0.0,0.0,0.0,0.0,0.0,13
2023-05-10 01:05:31,au2312C408,au2312C408,50.52,0.0,0.0,0.0,1,44.8,78.06,1,50.52,0.0,0.0,0.0,0.0,0.0,13
2023-05-10 01:05:32,au2312C408,au2312C408,50.52,0.0,0.0,0.0,1,44.8,78.0,1,50.52,0.0,0.0,0.0,0.0,0.0,13
2023-05-10 01:05:32,au2312C408,au2312C408,50.52,0.0,0.0,0.0,1,44.8,78.0,1,50.52,0.0,0.0,0.0,0.0,0.0,13
2023-05-10 01:05:33,au2312C408,au2312C408,50.52,0.0,0.0,0.0,1,44.8,77.98,1,50.52,0.0,0.0,0.0,0.0,0.0,13
2023-05-10 01:05:33,au2312C408,au2312C408,50.52,0.0,0.0,0.0,1,44.8,77.92,1,50.52,0.0,0.0,0.0,0.0,0.0,13
2023-05-10 01:05:34,au2312C408,au2312C408,50.52,0.0,0.0,0.0,1,44.8,77.92,1,50.52,0.0,0.0,0.0,0.0,0.0,13
2023-05-10 01:05:34,au2312C408,au2312C408,50.52,0.0,0.0,0.0,1,44.8,77.9,1,50.52,0.0,0.0,0.0,0.0,0.0,13
2023-05-10 01:05:35,au2312C408,au2312C408,50.52,0.0,0.0,0.0,1,44.8,77.84,1,50.52,0.0,0.0,0.0,0.0,0.0,13
2023-05-10 01:05:35,au2312C408,au2312C408,50.52,0.0,0.0,0.0,1,44.8,77.84,1,50.52,0.0,0.0,0.0,0.0,0.0,13
2023-05-10 01:05:36,au2312C408,au2312C408,50.52,0.0,0.0,0.0,1,44.8,77.82,1,50.52,0.0,0.0,0.0,0.0,0.0,13
2023-05-10 01:05:36,au2312C408,au2312C408,50.52,0.0,0.0,0.0,1,44.8,77.76,1,50.52,0.0,0.0,0.0,0.0,0.0,13
2023-05-10 01:05:37,au2312C408,au2312C408,50.52,0.0,0.0,0.0,1,44.8,77.76,1,50.52,0.0,0.0,0.0,0.0,0.0,13
2023-05-10 01:05:37,au2312C408,au2312C408,50.52,0.0,0.0,0.0,1,44.8,77.74,1,50.52,0.0,0.0,0.0,0.0,0.0,13
2023-05-10 01:05:38,au2312C408,au2312C408,50.52,0.0,0.0,0.0,1,44.8,77.68,1,50.52,0.0,0.0,0.0,0.0,0.0,13
2023-05-10 01:05:38,au2312C408,au2312C408,50.52,0.0,0.0,0.0,1,44.8,77.68,1,50.52,0.0,0.0,0.0,0.0,0.0,13
2023-05-10 01:05:39,au2312C408,au2312C408,50.52,0.0,0.0,0.0,1,44.8,77.66,1,50.52,0.0,0.0,0.0,0.0,0.0,13
2023-05-10 01:05:39,au2312C408,au2312C408,50.52,0.0,0.0,0.0,1,44.8,77.6,1,50.52,0.0,0.0,0.0,0.0,0.0,13
2023-05-10 01:05:40,au2312C408,au2312C408,50.52,0.0,0.0,0.0,1,44.8,77.6,1,50.52,0.0,0.0,0.0,0.0,0.0,13
2023-05-10 01:05:40,au2312C408,au2312C408,50.52,0.0,0.0,0.0,1,44.8,77.58,1,50.52,0.0,0.0,0.0,0.0,0.0,13
2023-05-10 01:05:41,au2312C408,au2312C408,50.52,0.0,0.0,0.0,1,44.8,77.52,1,50.52,0.0,0.0,0.0,0.0,0.0,13
2023-05-10 01:05:41,au2312C408,au2312C408,50.52,0.0,0.0,0.0,1,44.8,77.52,1,50.52,0.0,0.0,0.0,0.0,0.0,13
2023-05-10 01:05:42,au2312C408,au2312C408,50.52,0.0,0.0,0.0,1,44.8,77.5,1,50.52,0.0,0.0,0.0,0.0,0.0,13
2023-05-10 01:05:42,au2312C408,au2312C408,50.52,0.0,0.0,0.0,1,44.8,77.44,1,50.52,0.0,0.0,0.0,0.0,0.0,13
2023-05-10 01:05:43,au2312C408,au2312C408,50.52,0.0,0.0,0.0,1,44.8,77.44,1,50.52,0.0,0.0,0.0,0.0,0.0,13
2023-05-10 01:05:43,au2312C408,au2312C408,50.52,0.0,0.0,0.0,1,44.8,77.42,1,50.52,0.0,0.0,0.0,0.0,0.0,13
2023-05-10 01:05:44,au2312C408,au2312C408,50.52,0.0,0.0,0.0,1,44.8,77.36,1,50.52,0.0,0.0,0.0,0.0,0.0,13
2023-05-10 01:05:44,au2312C408,au2312C408,50.52,0.0,0.0,0.0,1,44.8,77.36,1,50.52,0.0,0.0,0.0,0.0,0.0,13
2023-05-10 01:05:45,au2312C408,au2312C408,50.52,0.0,0.0,0.0,1,44.8,77.34,1,50.52,0.0,0.0,0.0,0.0,0.0,13
2023-05-10 01:05:45,au2312C408,au2312C408,50.52,0.0,0.0,0.0,1,44.8,77.28,1,50.52,0.0,0.0,0.0,0.0,0.0,13
2023-05-10 01:05:46,au2312C408,au2312C408,50.52,0.0,0.0,0.0,1,44.8,77.28,1,50.52,0.0,0.0,0.0,0.0,0.0,13
2023-05-10 01:05:46,au2312C408,au2312C408,50.52,0.0,0.0,0.0,1,44.8,77.26,1,50.52,0.0,0.0,0.0,0.0,0.0,13
2023-05-10 01:05:47,au2312C408,au2312C408,50.52,0.0,0.0,0.0,1,44.8,77.2,1,50.52,0.0,0.0,0.0,0.0,0.0,13
2023-05-10 01:05:47,au2312C408,au2312C408,50.52,0.0,0.0,0.0,1,44.8,77.2,1,50.52,0.0,0.0,0.0,0.0,0.0,13
2023-05-10 01:05:48,au2312C408,au2312C408,50.52,0.0,0.0,0.0,1,44.8,77.18,1,50.52,0.0,0.0,0.0,0.0,0.0,13
2023-05-10 01:05:48,au2312C408,au2312C408,50.52,0.0,0.0,0.0,1,44.8,77.12,1,50.52,0.0,0.0,0.0,0.0,0.0,13
2023-05-10 01:05:49,au2312C408,au2312C408,50.52,0.0,0.0,0.0,1,44.8,77.12,1,50.52,0.0,0.0,0.0,0.0,0.0,13
2023-05-10 01:05:49,au2312C408,au2312C408,50.52,0.0,0.0,0.0,1,44.8,77.1,1,50.52,0.0,0.0,0.0,0.0,0.0,13
2023-05-10 01:05:50,au2312C408,au2312C408,50.52,0.0,0.0,0.0,1,44.8,77.04,1,50.52,0.0,0.0,0.0,0.0,0.0,13
2023-05-10 01:05:50,au2312C408,au2312C408,50.52,0.0,0.0,0.0,1,44.8,77.04,1,50.52,0.0,0.0,0.0,0.0,0.0,13
2023-05-10 01:05:51,au2312C408,au2312C408,50.52,0.0,0.0,0.0,1,44.8,77.02,1,50.52,0.0,0.0,0.0,0.0,0.0,13
2023-05-10 01:05:51,au2312C408,au2312C408,50.52,0.0,0.0,0.0,1,44.8,76.96,1,50.52,0.0,0.0,0.0,0.0,0.0,13
2023-05-10 01:05:52,au2312C408,au2312C408,50.52,0.0,0.0,0.0,1,44.8,76.96,1,50.52,0.0,0.0,0.0,0.0,0.0,13
2023-05-10 01:05:52,au2312C408,au2312C408,50.52,0.0,0.0,0.0,1,44.8,76.94,1,50.52,0.0,0.0,0.0,0.0,0.0,13
2023-05-10 01:05:53,au2312C408,au2312C408,50.52,0.0,0.0,0.0,1,44.8,76.88,1,50.52,0.0,0.0,0.0,0.0,0.0,13
2023-05-10 01:05:53,au2312C408,au2312C408,50.52,0.0,0.0,0.0,1,44.8,76.88,1,50.52,0.0,0.0,0.0,0.0,0.0,13
2023-05-10 01:05:54,au2312C408,au2312C408,50.52,0.0,0.0,0.0,1,44.8,76.86,1,50.52,0.0,0.0,0.0,0.0,0.0,13
2023-05-10 01:05:54,au2312C408,au2312C408,50.52,0.0,0.0,0.0,1,44.8,76.8,1,50.52,0.0,0.0,0.0,0.0,0.0,13
2023-05-10 01:05:55,au2312C408,au2312C408,50.52,0.0,0.0,0.0,1,44.8,76.8,1,50.52,0.0,0.0,0.0,0.0,0.0,13
2023-05-10 01:05:55,au2312C408,au2312C408,50.52,0.0,0.0,0.0,1,44.8,76.78,1,50.52,0.0,0.0,0.0,0.0,0.0,13
2023-05-10 01:05:56,au2312C408,au2312C408,50.52,0.0,0.0,0.0,1,44.8,76.72,1,50.52,0.0,0.0,0.0,0.0,0.0,13
2023-05-10 01:05:56,au2312C408,au2312C408,50.52,0.0,0.0,0.0,1,44.8,76.72,1,50.52,0.0,0.0,0.0,0.0,0.0,13
2023-05-10 01:05:57,au2312C408,au2312C408,50.52,0.0,0.0,0.0,1,44.8,76.7,1,50.52,0.0,0.0,0.0,0.0,0.0,13
2023-05-10 01:05:57,au2312C408,au2312C408,50.52,0.0,0.0,0.0,1,44.8,76.64,1,50.52,0.0,0.0,0.0,0.0,0.0,13
2023-05-10 01:05:58,au2312C408,au2312C408,50.52,0.0,0.0,0.0,1,44.8,76.64,1,50.52,0.0,0.0,0.0,0.0,0.0,13
2023-05-10 01:05:58,au2312C408,au2312C408,50.52,0.0,0.0,0.0,1,44.8,76.62,1,50.52,0.0,0.0,0.0,0.0,0.0,13
2023-05-10 01:05:59,au2312C408,au2312C408,50.52,0.0,0.0,0.0,1,44.8,76.56,1,50.52,0.0,0.0,0.0,0.0,0.0,13
2023-05-10 01:05:59,au2312C408,au2312C408,50.52,0.0,0.0,0.0,1,44.8,76.56,1,50.52,0.0,0.0,0.0,0.0,0.0,13
2023-05-10 01:06:00,au2312C408,au2312C408,50.52,0.0,0.0,0.0,1,44.8,76.54,1,50.52,0.0,0.0,0.0,0.0,0.0,13
2023-05-10 01:06:00,au2312C408,au2312C408,50.52,0.0,0.0,0.0,1,44.8,76.48,1,50.52,0.0,0.0,0.0,0.0,0.0,13
2023-05-10 01:06:01,au2312C408,au2312C408,50.52,0.0,0.0,0.0,1,44.8,76.48,1,50.52,0.0,0.0,0.0,0.0,0.0,13
2023-05-10 01:06:01,au2312C408,au2312C408,50.52,0.0,0.0,0.0,1,44.8,76.46,1,50.52,0.0,0.0,0.0,0.0,0.0,13
2023-05-10 01:06:02,au2312C408,au2312C408,50.52,0.0,0.0,0.0,1,44.8,76.4,1,50.52,0.0,0.0,0.0,0.0,0.0,13
2023-05-10 01:06:02,au2312C408,au2312C408,50.52,0.0,0.0,0.0,1,44.8,76.4,1,50.52,0.0,0.0,0.0,0.0,0.0,13
2023-05-10 01:06:03,au2312C408,au2312C408,50.52,0.0,0.0,0.0,1,44.8,76.38,1,50.52,0.0,0.0,0.0,0.0,0.0,13
2023-05-10 01:06:03,au2312C408,au2312C408,50.52,0.0,0.0,0.0,1,44.8,76.32,1,50.52,0.0,0.0,0.0,0.0,0.0,13
2023-05-10 01:06:04,au2312C408,au2312C408,50.52,0.0,0.0,0.0,1,44.8,76.32,1,50.52,0.0,0.0,0.0,0.0,0.0,13
2023-05-10 01:06:04,au2312C408,au2312C408,50.52,0.0,0.0,0.0,1,44.8,76.3,1,50.52,0.0,0.0,0.0,0.0,0.0,13
2023-05-10 01:06:05,au2312C408,au2312C408,50.52,0.0,0.0,0.0,1,44.8,76.24,1,50.52,0.0,0.0,0.0,0.0,0.0,13
2023-05-10 01:06:05,au2312C408,au2312C408,50.52,0.0,0.0,0.0,1,44.8,76.24,1,50.52,0.0,0.0,0.0,0.0,0.0,13
2023-05-10 01:06:06,au2312C408,au2312C408,50.52,0.0,0.0,0.0,1,44.8,76.22,1,50.52,0.0,0.0,0.0,0.0,0.0,13
2023-05-10 01:06:06,au2312C408,au2312C408,50.52,0.0,0.0,0.0,1,44.8,76.16,1,50.52,0.0,0.0,0.0,0.0,0.0,13
2023-05-10 01:06:07,au2312C408,au2312C408,50.52,0.0,0.0,0.0,1,44.8,76.16,1,50.52,0.0,0.0,0.0,0.0,0.0,13
2023-05-10 01:06:07,au2312C408,au2312C408,50.52,0.0,0.0,0.0,1,44.8,76.14,1,50.52,0.0,0.0,0.0,0.0,0.0,13
2023-05-10 01:06:08,au2312C408,au2312C408,50.52,0.0,0.0,0.0,1,44.8,76.08,1,50.52,0.0,0.0,0.0,0.0,0.0,13
2023-05-10 01:06:08,au2312C408,au2312C408,50.52,0.0,0.0,0.0,1,44.8,76.08,1,50.52,0.0,0.0,0.0,0.0,0.0,13
2023-05-10 01:06:09,au2312C408,au2312C408,50.52,0.0,0.0,0.0,1,44.8,76.06,1,50.52,0.0,0.0,0.0,0.0,0.0,13
2023-05-10 01:06:09,au2312C408,au2312C408,50.52,0.0,0.0,0.0,1,44.8,76.0,1,50.52,0.0,0.0,0.0,0.0,0.0,13
2023-05-10 01:06:10,au2312C408,au2312C408,50.52,0.0,0.0,0.0,1,44.8,76.0,1,50.52,0.0,0.0,0.0,0.0,0.0,13
2023-05-10 01:06:10,au2312C408,au2312C408,50.52,0.0,0.0,0.0,1,44.8,75.98,1,50.52,0.0,0.0,0.0,0.0,0.0,13
2023-05-10 01:06:11,au2312C408,au2312C408,50.52,0.0,0.0,0.0,1,44.8,75.92,1,50.52,0.0,0.0,0.0,0.0,0.0,13
2023-05-10 01:06:11,au2312C408,au2312C408,50.52,0.0,0.0,0.0,1,44.8,75.92,1,50.52,0.0,0.0,0.0,0.0,0.0,13
2023-05-10 01:06:12,au2312C408,au2312C408,50.52,0.0,0.0,0.0,1,44.8,75.9,1,50.52,0.0,0.0,0.0,0.0,0.0,13
2023-05-10 01:06:12,au2312C408,au2312C408,50.52,0.0,0.0,0.0,1,44.8,75.84,1,50.52,0.0,0.0,0.0,0.0,0.0,13
2023-05-10 01:06:13,au2312C408,au2312C408,50.52,0.0,0.0,0.0,1,44.8,75.84,1,50.52,0.0,0.0,0.0,0.0,0.0,13
2023-05-10 01:06:13,au2312C408,au2312C408,50.52,0.0,0.0,0.0,1,44.8,75.82,1,50.52,0.0,0.0,0.0,0.0,0.0,13
2023-05-10 01:06:14,au2312C408,au2312C408,50.52,0.0,0.0,0.0,1,44.8,75.76,1,50.52,0.0,0.0,0.0,0.0,0.0,13
2023-05-10 01:06:14,au2312C408,au2312C408,50.52,0.0,0.0,0.0,1,44.8,75.76,1,50.52,0.0,0.0,0.0,0.0,0.0,13
2023-05-10 01:06:15,au2312C408,au2312C408,50.52,0.0,0.0,0.0,1,44.8,75.74,1,50.52,0.0,0.0,0.0,0.0,0.0,13
2023-05-10 01:06:15,au2312C408,au2312C408,50.52,0.0,0.0,0.0,1,44.8,75.68,1,50.52,0.0,0.0,0.0,0.0,0.0,13
2023-05-10 01:06:16,au2312C408,au2312C408,50.52,0.0,0.0,0.0,1,44.8,75.68,1,50.52,0.0,0.0,0.0,0.0,0.0,13
2023-05-10 01:06:16,au2312C408,au2312C408,50.52,0.0,0.0,0.0,1,44.8,75.66,1,50.52,0.0,0.0,0.0,0.0,0.0,13
2023-05-10 01:06:17,au2312C408,au2312C408,50.52,0.0,0.0,0.0,1,44.8,75.6,1,50.52,0.0,0.0,0.0,0.0,0.0,13
2023-05-10 01:06:17,au2312C408,au2312C408,50.52,0.0,0.0,0.0,1,44.8,75.6,1,50.52,0.0,0.0,0.0,0.0,0.0,13
2023-05-10 01:06:18,au2312C408,au2312C408,50.52,0.0,0.0,0.0,1,44.8,75.58,1,50.52,0.0,0.0,0.0,0.0,0.0,13
2023-05-10 01:06:18,au2312C408,au2312C408,50.52,0.0,0.0,0.0,1,44.8,75.52,1,50.52,0.0,0.0,0.0,0.0,0.0,13
2023-05-10 01:06:19,au2312C408,au2312C408,50.52,0.0,0.0,0.0,1,44.8,75.52,1,50.52,0.0,0.0,0.0,0.0,0.0,13
2023-05-10 01:06:19,au2312C408,au2312C408,50.52,0.0,0.0,0.0,1,44.8,75.5,1,50.52,0.0,0.0,0.0,0.0,0.0,13
2023-05-10 01:06:20,au2312C408,au2312C408,50.52,0.0,0.0,0.0,1,44.8,75.44,1,50.52,0.0,0.0,0.0,0.0,0.0,13
2023-05-10 01:06:20,au2312C408,au2312C408,50.52,0.0,0.0,0.0,1,44.8,75.44,1,50.52,0.0,0.0,0.0,0.0,0.0,13
2023-05-10 01:06:21,au2312C408,au2312C408,50.52,0.0,0.0,0.0,1,44.8,75.42,1,50.52,0.0,0.0,0.0,0.0,0.0,13
2023-05-10 01:06:21,au2312C408,au2312C408,50.52,0.0,0.0,0.0,1,44.8,75.36,1,50.52,0.0,0.0,0.0,0.0,0.0,13
2023-05-10 01:06:22,au2312C408,au2312C408,50.52,0.0,0.0,0.0,1,44.8,75.36,1,50.52,0.0,0.0,0.0,0.0,0.0,13
2023-05-10 01:06:22,au2312C408,au2312C408,50.52,0.0,0.0,0.0,1,44.8,75.34,1,50.52,0.0,0.0,0.0,0.0,0.0,13
2023-05-10 01:06:23,au2312C408,au2312C408,50.52,0.0,0.0,0.0,1,44.8,75.28,1,50.52,0.0,0.0,0.0,0.0,0.0,13
2023-05-10 01:06:23,au2312C408,au2312C408,50.52,0.0,0.0,0.0,1,44.8,75.28,1,50.52,0.0,0.0,0.0,0.0,0.0,13
2023-05-10 01:06:24,au2312C408,au2312C408,50.52,0.0,0.0,0.0,1,44.8,75.26,1,50.52,0.0,0.0,0.0,0.0,0.0,13
2023-05-10 01:06:24,au2312C408,au2312C408,50.52,0.0,0.0,0.0,1,44.8,75.2,1,50.52,0.0,0.0,0.0,0.0,0.0,13
2023-05-10 01:06:25,au2312C408,au2312C408,50.52,0.0,0.0,0.0,1,44.8,75.2,1,50.52,0.0,0.0,0.0,0.0,0.0,13
2023-05-10 01:06:25,au2312C408,au2312C408,50.52,0.0,0.0,0.0,1,44.8,75.18,1,50.52,0.0,0.0,0.0,0.0,0.0,13
2023-05-10 01:06:26,au2312C408,au2312C408,50.52,0.0,0.0,0.0,1,44.8,75.12,1,50.52,0.0,0.0,0.0,0.0,0.0,13
2023-05-10 01:06:26,au2312C408,au2312C408,50.52,0.0,0.0,0.0,1,44.8,75.12,1,50.52,0.0,0.0,0.0,0.0,0.0,13
2023-05-10 01:06:27,au2312C408,au2312C408,50.52,0.0,0.0,0.0,1,44.8,75.1,1,50.52,0.0,0.0,0.0,0.0,0.0,13
2023-05-10 01:06:27,au2312C408,au2312C408,50.52,0.0,0.0,0.0,1,44.8,75.04,1,50.52,0.0,0.0,0.0,0.0,0.0,13
2023-05-10 01:06:28,au2312C408,au2312C408,50.52,0.0,0.0,0.0,1,44.8,75.04,1,50.52,0.0,0.0,0.0,0.0,0.0,13
2023-05-10 01:06:28,au2312C408,au2312C408,50.52,0.0,0.0,0.0,1,44.8,75.02,1,50.52,0.0,0.0,0.0,0.0,0.0,13
2023-05-10 01:06:29,au2312C408,au2312C408,50.52,0.0,0.0,0.0,1,44.8,74.96,1,50.52,0.0,0.0,0.0,0.0,0.0,13
2023-05-10 01:06:29,au2312C408,au2312C408,50.52,0.0,0.0,0.0,1,44.8,74.96,1,50.52,0.0,0.0,0.0,0.0,0.0,13
2023-05-10 01:06:30,au2312C408,au2312C408,50.52,0.0,0.0,0.0,1,44.8,74.94,1,50.52,0.0,0.0,0.0,0.0,0.0,13
2023-05-10 01:06:30,au2312C408,au2312C408,50.52,0.0,0.0,0.0,1,44.8,74.88,1,50.52,0.0,0.0,0.0,0.0,0.0,13
2023-05-10 01:06:31,au2312C408,au2312C408,50.52,0.0,0.0,0.0,1,44.8,74.88,1,50.52,0.0,0.0,0.0,0.0,0.0,13
2023-05-10 01:06:31,au2312C408,au2312C408,50.52,0.0,0.0,0.0,1,44.8,74.86,1,50.52,0.0,0.0,0.0,0.0,0.0,13
2023-05-10 01:06:32,au2312C408,au2312C408,50.52,0.0,0.0,0.0,1,44.8,74.8,1,50.52,0.0,0.0,0.0,0.0,0.0,13
2023-05-10 01:06:32,au2312C408,au2312C408,50.52,0.0,0.0,0.0,1,44.8,74.8,1,50.52,0.0,0.0,0.0,0.0,0.0,13
2023-05-10 01:06:33,au2312C408,au2312C408,50.52,0.0,0.0,0.0,1,44.8,74.78,1,50.52,0.0,0.0,0.0,0.0,0.0,13
2023-05-10 01:06:33,au2312C408,au2312C408,50.52,0.0,0.0,0.0,1,44.8,74.72,1,50.52,0.0,0.0,0.0,0.0,0.0,13
2023-05-10 01:06:34,au2312C408,au2312C408,50.52,0.0,0.0,0.0,1,44.8,74.72,1,50.52,0.0,0.0,0.0,0.0,0.0,13
2023-05-10 01:06:34,au2312C408,au2312C408,50.52,0.0,0.0,0.0,1,44.8,74.7,1,50.52,0.0,0.0,0.0,0.0,0.0,13
2023-05-10 01:06:35,au2312C408,au2312C408,50.52,0.0,0.0,0.0,1,44.8,74.64,1,50.52,0.0,0.0,0.0,0.0,0.0,13
2023-05-10 01:06:35,au2312C408,au2312C408,50.52,0.0,0.0,0.0,1,44.8,74.64,1,50.52,0.0,0.0,0.0,0.0,0.0,13
2023-05-10 01:06:36,au2312C408,au2312C408,50.52,0.0,0.0,0.0,1,44.8,74.62,1,50.52,0.0,0.0,0.0,0.0,0.0,13
2023-05-10 01:06:36,au2312C408,au2312C408,50.52,0.0,0.0,0.0,1,44.8,74.56,1,50.52,0.0,0.0,0.0,0.0,0.0,13
2023-05-10 01:06:37,au2312C408,au2312C408,50.52,0.0,0.0,0.0,1,44.8,74.56,1,50.52,0.0,0.0,0.0,0.0,0.0,13
2023-05-10 01:06:37,au2312C408,au2312C408,50.52,0.0,0.0,0.0,1,44.8,74.54,1,50.52,0.0,0.0,0.0,0.0,0.0,13
2023-05-10 01:06:38,au2312C408,au2312C408,50.52,0.0,0.0,0.0,1,44.8,74.48,1,50.52,0.0,0.0,0.0,0.0,0.0,13
2023-05-10 01:06:38,au2312C408,au2312C408,50.52,0.0,0.0,0.0,1,44.8,74.48,1,50.52,0.0,0.0,0.0,0.0,0.0,13
2023-05-10 01:06:39,au2312C408,au2312C408,50.52,0.0,0.0,0.0,1,44.8,74.46,1,50.52,0.0,0.0,0.0,0.0,0.0,13
2023-05-10 01:06:39,au2312C408,au2312C408,50.52,0.0,0.0,0.0,1,44.8,74.4,1,50.52,0.0,0.0,0.0,0.0,0.0,13
2023-05-10 01:06:40,au2312C408,au2312C408,50.52,0.0,0.0,0.0,1,44.8,74.4,1,50.52,0.0,0.0,0.0,0.0,0.0,13
2023-05-10 01:06:40,au2312C408,au2312C408,50.52,0.0,0.0,0.0,1,44.8,74.38,1,50.52,0.0,0.0,0.0,0.0,0.0,13
2023-05-10 01:06:41,au2312C408,au2312C408,50.52,0.0,0.0,0.0,1,44.8,74.32,1,50.52,0.0,0.0,0.0,0.0,0.0,13
2023-05-10 01:06:41,au2312C408,au2312C408,50.52,0.0,0.0,0.0,1,44.8,74.32,1,50.52,0.0,0.0,0.0,0.0,0.0,13
2023-05-10 01:06:42,au2312C408,au2312C408,50.52,0.0,0.0,0.0,1,44.8,74.3,1,50.52,0.0,0.0,0.0,0.0,0.0,13
2023-05-10 01:06:42,au2312C408,au2312C408,50.52,0.0,0.0,0.0,1,44.8,74.24,1,50.52,0.0,0.0,0.0,0.0,0.0,13
2023-05-10 01:06:43,au2312C408,au2312C408,50.52,0.0,0.0,0.0,1,44.8,74.24,1,50.52,0.0,0.0,0.0,0.0,0.0,13
2023-05-10 01:06:43,au2312C408,au2312C408,50.52,0.0,0.0,0.0,1,44.8,74.22,1,50.52,0.0,0.0,0.0,0.0,0.0,13
2023-05-10 01:06:44,au2312C408,au2312C408,50.52,0.0,0.0,0.0,1,44.8,74.16,1,50.52,0.0,0.0,0.0,0.0,0.0,13
2023-05-10 01:06:44,au2312C408,au2312C408,50.52,0.0,0.0,0.0,1,44.8,74.16,1,50.52,0.0,0.0,0.0,0.0,0.0,13
2023-05-10 01:06:45,au2312C408,au2312C408,50.52,0.0,0.0,0.0,1,44.8,74.14,1,50.52,0.0,0.0,0.0,0.0,0.0,13
2023-05-10 01:06:45,au2312C408,au2312C408,50.52,0.0,0.0,0.0,1,44.8,74.08,1,50.52,0.0,0.0,0.0,0.0,0.0,13
2023-05-10 01:06:46,au2312C408,au2312C408,50.52,0.0,0.0,0.0,1,44.8,74.08,1,50.52,0.0,0.0,0.0,0.0,0.0,13
2023-05-10 01:06:46,au2312C408,au2312C408,50.52,0.0,0.0,0.0,1,44.8,74.06,1,50.52,0.0,0.0,0.0,0.0,0.0,13
2023-05-10 01:06:47,au2312C408,au2312C408,50.52,0.0,0.0,0.0,1,44.8,74.0,1,50.52,0.0,0.0,0.0,0.0,0.0,13
2023-05-10 01:06:47,au2312C408,au2312C408,50.52,0.0,0.0,0.0,1,44.8,74.0,1,50.52,0.0,0.0,0.0,0.0,0.0,13
2023-05-10 01:06:48,au2312C408,au2312C408,50.52,0.0,0.0,0.0,1,44.8,73.98,1,50.52,0.0,0.0,0.0,0.0,0.0,13
2023-05-10 01:06:48,au2312C408,au2312C408,50.52,0.0,0.0,0.0,1,44.8,73.92,1,50.52,0.0,0.0,0.0,0.0,0.0,13
2023-05-10 01:06:49,au2312C408,au2312C408,50.52,0.0,0.0,0.0,1,44.8,73.92,1,50.52,0.0,0.0,0.0,0.0,0.0,13
2023-05-10 01:06:49,au2312C408,au2312C408,50.52,0.0,0.0,0.0,1,44.8,73.9,1,50.52,0.0,0.0,0.0,0.0,0.0,13
2023-05-10 01:06:50,au2312C408,au2312C408,50.52,0.0,0.0,0.0,1,44.8,73.84,1,50.52,0.0,0.0,0.0,0.0,0.0,13
2023-05-10 01:06:50,au2312C408,au2312C408,50.52,0.0,0.0,0.0,1,44.8,73.84,1,50.52,0.0,0.0,0.0,0.0,0.0,13
2023-05-10 01:06:51,au2312C408,au2312C408,50.52,0.0,0.0,0.0,1,44.8,73.82,1,50.52,0.0,0.0,0.0,0.0,0.0,13
2023-05-10 01:06:51,au2312C408,au2312C408,50.52,0.0,0.0,0.0,1,44.8,73.76,1,50.52,0.0,0.0,0.0,0.0,0.0,13
2023-05-10 01:06:52,au2312C408,au2312C408,50.52,0.0,0.0,0.0,1,44.8,73.76,1,50.52,0.0,0.0,0.0,0.0,0.0,13
2023-05-10 01:06:52,au2312C408,au2312C408,50.52,0.0,0.0,0.0,1,44.8,73.74,1,50.52,0.0,0.0,0.0,0.0,0.0,13
2023-05-10 01:06:53,au2312C408,au2312C408,50.52,0.0,0.0,0.0,1,44.8,73.68,1,50.52,0.0,0.0,0.0,0.0,0.0,13
2023-05-10 01:06:53,au2312C408,au2312C408,50.52,0.0,0.0,0.0,1,44.8,73.68,1,50.52,0.0,0.0,0.0,0.0,0.0,13
2023-05-10 01:06:54,au2312C408,au2312C408,50.52,0.0,0.0,0.0,1,44.8,73.66,1,50.52,0.0,0.0,0.0,0.0,0.0,13
2023-05-10 01:06:54,au2312C408,au2312C408,50.52,0.0,0.0,0.0,1,44.8,73.6,1,50.52,0.0,0.0,0.0,0.0,0.0,13
2023-05-10 01:06:55,au2312C408,au2312C408,50.52,0.0,0.0,0.0,1,44.8,73.6,1,50.52,0.0,0.0,0.0,0.0,0.0,13
2023-05-10 01:06:55,au2312C408,au2312C408,50.52,0.0,0.0,0.0,1,44.8,73.58,1,50.52,0.0,0.0,0.0,0.0,0.0,13
2023-05-10 01:06:56,au2312C408,au2312C408,50.52,0.0,0.0,0.0,1,44.8,73.52,1,50.52,0.0,0.0,0.0,0.0,0.0,13
2023-05-10 01:06:56,au2312C408,au2312C408,50.52,0.0,0.0,0.0,1,44.8,73.52,1,50.52,0.0,0.0,0.0,0.0,0.0,13
2023-05-10 01:06:57,au2312C408,au2312C408,50.52,0.0,0.0,0.0,1,44.8,73.5,1,50.52,0.0,0.0,0.0,0.0,0.0,13
2023-05-10 01:06:57,au2312C408,au2312C408,50.52,0.0,0.0,0.0,1,44.8,73.44,1,50.52,0.0,0.0,0.0,0.0,0.0,13
2023-05-10 01:06:58,au2312C408,au2312C408,50.52,0.0,0.0,0.0,1,44.8,73.44,1,50.52,0.0,0.0,0.0,0.0,0.0,13
2023-05-10 01:06:58,au2312C408,au2312C408,50.52,0.0,0.0,0.0,1,44.8,73.42,1,50.52,0.0,0.0,0.0,0.0,0.0,13
2023-05-10 01:06:59,au2312C408,au2312C408,50.52,0.0,0.0,0.0,1,44.8,73.36,1,50.52,0.0,0.0,0.0,0.0,0.0,13
2023-05-10 01:06:59,au2312C408,au2312C408,50.52,0.0,0.0,0.0,1,44.8,73.36,1,50.52,0.0,0.0,0.0,0.0,0.0,13
2023-05-10 01:07:00,au2312C408,au2312C408,50.52,0.0,0.0,0.0,1,44.8,73.34,1,50.52,0.0,0.0,0.0,0.0,0.0,13
2023-05-10 01:07:00,au2312C408,au2312C408,50.52,0.0,0.0,0.0,1,44.8,73.28,1,50.52,0.0,0.0,0.0,0.0,0.0,13
2023-05-10 01:07:01,au2312C408,au2312C408,50.52,0.0,0.0,0.0,1,44.8,73.28,1,50.52,0.0,0.0,0.0,0.0,0.0,13
2023-05-10 01:07:01,au2312C408,au2312C408,50.52,0.0,0.0,0.0,1,44.8,73.26,1,50.52,0.0,0.0,0.0,0.0,0.0,13
2023-05-10 01:07:02,au2312C408,au2312C408,50.52,0.0,0.0,0.0,1,44.8,73.2,1,50.52,0.0,0.0,0.0,0.0,0.0,13
2023-05-10 01:07:02,au2312C408,au2312C408,50.52,0.0,0.0,0.0,1,44.8,73.2,1,50.52,0.0,0.0,0.0,0.0,0.0,13
2023-05-10 01:07:03,au2312C408,au2312C408,50.52,0.0,0.0,0.0,1,44.8,73.18,1,50.52,0.0,0.0,0.0,0.0,0.0,13
2023-05-10 01:07:03,au2312C408,au2312C408,50.52,0.0,0.0,0.0,1,44.8,73.12,1,50.52,0.0,0.0,0.0,0.0,0.0,13
2023-05-10 01:07:04,au2312C408,au2312C408,50.52,0.0,0.0,0.0,1,44.8,73.12,1,50.52,0.0,0.0,0.0,0.0,0.0,13
2023-05-10 01:07:04,au2312C408,au2312C408,50.52,0.0,0.0,0.0,1,44.8,73.1,1,50.52,0.0,0.0,0.0,0.0,0.0,13
2023-05-10 01:07:05,au2312C408,au2312C408,50.52,0.0,0.0,0.0,1,44.8,73.04,1,50.52,0.0,0.0,0.0,0.0,0.0,13
2023-05-10 01:07:05,au2312C408,au2312C408,50.52,0.0,0.0,0.0,1,44.8,73.04,1,50.52,0.0,0.0,0.0,0.0,0.0,13
2023-05-10 01:07:06,au2312C408,au2312C408,50.52,0.0,0.0,0.0,1,44.8,73.02,1,50.52,0.0,0.0,0.0,0.0,0.0,13
2023-05-10 01:07:06,au2312C408,au2312C408,50.52,0.0,0.0,0.0,1,44.8,72.96,1,50.52,0.0,0.0,0.0,0.0,0.0,13
2023-05-10 01:07:07,au2312C408,au2312C408,50.52,0.0,0.0,0.0,1,44.8,72.96,1,50.52,0.0,0.0,0.0,0.0,0.0,13
2023-05-10 01:07:07,au2312C408,au2312C408,50.52,0.0,0.0,0.0,1,44.8,72.94,1,50.52,0.0,0.0,0.0,0.0,0.0,13
2023-05-10 01:07:08,au2312C408,au2312C408,50.52,0.0,0.0,0.0,1,44.8,72.88,1,50.52,0.0,0.0,0.0,0.0,0.0,13
2023-05-10 01:07:08,au2312C408,au2312C408,50.52,0.0,0.0,0.0,1,44.8,72.88,1,50.52,0.0,0.0,0.0,0.0,0.0,13
2023-05-10 01:07:09,au2312C408,au2312C408,50.52,0.0,0.0,0.0,1,44.8,72.86,1,50.52,0.0,0.0,0.0,0.0,0.0,13
2023-05-10 01:07:09,au2312C408,au2312C408,50.52,0.0,0.0,0.0,1,44.8,72.8,1,50.52,0.0,0.0,0.0,0.0,0.0,13
2023-05-10 01:07:10,au2312C408,au2312C408,50.52,0.0,0.0,0.0,1,44.8,72.8,1,50.52,0.0,0.0,0.0,0.0,0.0,13
2023-05-10 01:07:10,au2312C408,au2312C408,50.52,0.0,0.0,0.0,1,44.8,72.78,1,50.52,0.0,0.0,0.0,0.0,0.0,13
2023-05-10 01:07:11,au2312C408,au2312C408,50.52,0.0,0.0,0.0,1,44.8,72.72,1,50.52,0.0,0.0,0.0,0.0,0.0,13
2023-05-10 01:07:11,au2312C408,au2312C408,50.52,0.0,0.0,0.0,1,44.8,72.72,1,50.52,0.0,0.0,0.0,0.0,0.0,13
2023-05-10 01:07:12,au2312C408,au2312C408,50.52,0.0,0.0,0.0,1,44.8,72.7,1,50.52,0.0,0.0,0.0,0.0,0.0,13
2023-05-10 01:07:12,au2312C408,au2312C408,50.52,0.0,0.0,0.0,1,44.8,72.64,1,50.52,0.0,0.0,0.0,0.0,0.0,13
2023-05-10 01:07:13,au2312C408,au2312C408,50.52,0.0,0.0,0.0,1,44.8,72.64,1,50.52,0.0,0.0,0.0,0.0,0.0,13
2023-05-10 01:07:13,au2312C408,au2312C408,50.52,0.0,0.0,0.0,1,44.8,72.62,1,50.52,0.0,0.0,0.0,0.0,0.0,13
2023-05-10 01:07:14,au2312C408,au2312C408,50.52,0.0,0.0,0.0,1,44.8,72.56,1,50.52,0.0,0.0,0.0,0.0,0.0,13
2023-05-10 01:07:14,au2312C408,au2312C408,50.52,0.0,0.0,0.0,1,44.8,72.56,1,50.52,0.0,0.0,0.0,0.0,0.0,13
2023-05-10 01:07:15,au2312C408,au2312C408,50.52,0.0,0.0,0.0,1,44.8,72.54,1,50.52,0.0,0.0,0.0,0.0,0.0,13
2023-05-10 01:07:15,au2312C408,au2312C408,50.52,0.0,0.0,0.0,1,44.8,72.48,1,50.52,0.0,0.0,0.0,0.0,0.0,13
2023-05-10 01:07:16,au2312C408,au2312C408,50.52,0.0,0.0,0.0,1,44.8,72.48,1,50.52,0.0,0.0,0.0,0.0,0.0,13
2023-05-10 01:07:16,au2312C408,au2312C408,50.52,0.0,0.0,0.0,1,44.8,72.46,1,50.52,0.0,0.0,0.0,0.0,0.0,13
2023-05-10 01:07:17,au2312C408,au2312C408,50.52,0.0,0.0,0.0,1,44.8,72.4,1,50.52,0.0,0.0,0.0,0.0,0.0,13
2023-05-10 01:07:17,au2312C408,au2312C408,50.52,0.0,0.0,0.0,1,44.8,72.4,1,50.52,0.0,0.0,0.0,0.0,0.0,13
2023-05-10 01:07:18,au2312C408,au2312C408,50.52,0.0,0.0,0.0,1,44.8,72.38,1,50.52,0.0,0.0,0.0,0.0,0.0,13
2023-05-10 01:07:18,au2312C408,au2312C408,50.52,0.0,0.0,0.0,1,44.8,72.32,1,50.52,0.0,0.0,0.0,0.0,0.0,13
2023-05-10 01:07:19,au2312C408,au2312C408,50.52,0.0,0.0,0.0,1,44.8,72.32,1,50.52,0.0,0.0,0.0,0.0,0.0,13
2023-05-10 01:07:19,au2312C408,au2312C408,50.52,0.0,0.0,0.0,1,44.8,72.3,1,50.52,0.0,0.0,0.0,0.0,0.0,13
2023-05-10 01:07:20,au2312C408,au2312C408,50.52,0.0,0.0,0.0,1,44.8,72.24,1,50.52,0.0,0.0,0.0,0.0,0.0,13
2023-05-10 01:07:20,au2312C408,au2312C408,50.52,0.0,0.0,0.0,1,44.8,72.24,1,50.52,0.0,0.0,0.0,0.0,0.0,13
2023-05-10 01:07:21,au2312C408,au2312C408,50.52,0.0,0.0,0.0,1,44.8,72.22,1,50.52,0.0,0.0,0.0,0.0,0.0,13
2023-05-10 01:07:21,au2312C408,au2312C408,50.52,0.0,0.0,0.0,1,44.8,72.16,1,50.52,0.0,0.0,0.0,0.0,0.0,13
2023-05-10 01:07:22,au2312C408,au2312C408,50.52,0.0,0.0,0.0,1,44.8,72.16,1,50.52,0.0,0.0,0.0,0.0,0.0,13
2023-05-10 01:07:22,au2312C408,au2312C408,50.52,0.0,0.0,0.0,1,44.8,72.14,1,50.52,0.0,0.0,0.0,0.0,0.0,13
2023-05-10 01:07:23,au2312C408,au2312C408,50.52,0.0,0.0,0.0,1,44.8,72.08,1,50.52,0.0,0.0,0.0,0.0,0.0,13
2023-05-10 01:07:23,au2312C408,au2312C408,50.52,0.0,0.0,0.0,1,44.8,72.08,1,50.52,0.0,0.0,0.0,0.0,0.0,13
2023-05-10 01:07:24,au2312C408,au2312C408,50.52,0.0,0.0,0.0,1,44.8,72.06,1,50.52,0.0,0.0,0.0,0.0,0.0,13
2023-05-10 01:07:24,au2312C408,au2312C408,50.52,0.0,0.0,0.0,1,44.8,72.0,1,50.52,0.0,0.0,0.0,0.0,0.0,13
2023-05-10 01:07:25,au2312C408,au2312C408,50.52,0.0,0.0,0.0,1,44.8,72.0,1,50.52,0.0,0.0,0.0,0.0,0.0,13
2023-05-10 01:07:25,au2312C408,au2312C408,50.52,0.0,0.0,0.0,1,44.8,71.98,1,50.52,0.0,0.0,0.0,0.0,0.0,13
2023-05-10 01:07:26,au2312C408,au2312C408,50.52,0.0,0.0,0.0,1,44.8,71.92,1,50.52,0.0,0.0,0.0,0.0,0.0,13
2023-05-10 01:07:26,au2312C408,au2312C408,50.52,0.0,0.0,0.0,1,44.8,71.92,1,50.52,0.0,0.0,0.0,0.0,0.0,13
2023-05-10 01:07:27,au2312C408,au2312C408,50.52,0.0,0.0,0.0,1,44.8,71.9,1,50.52,0.0,0.0,0.0,0.0,0.0,13
2023-05-10 01:07:27,au2312C408,au2312C408,50.52,0.0,0.0,0.0,1,44.8,71.84,1,50.52,0.0,0.0,0.0,0.0,0.0,13
2023-05-10 01:07:28,au2312C408,au2312C408,50.52,0.0,0.0,0.0,1,44.8,71.84,1,50.52,0.0,0.0,0.0,0.0,0.0,13
2023-05-10 01:07:28,au2312C408,au2312C408,50.52,0.0,0.0,0.0,1,44.8,71.82,1,50.52,0.0,0.0,0.0,0.0,0.0,13
2023-05-10 01:07:29,au2312C408,au2312C408,50.52,0.0,0.0,0.0,1,44.8,71.76,1,50.52,0.0,0.0,0.0,0.0,0.0,13
2023-05-10 01:07:29,au2312C408,au2312C408,50.52,0.0,0.0,0.0,1,44.8,71.76,1,50.52,0.0,0.0,0.0,0.0,0.0,13
2023-05-10 01:07:30,au2312C408,au2312C408,50.52,0.0,0.0,0.0,1,44.8,71.74,1,50.52,0.0,0.0,0.0,0.0,0.0,13
2023-05-10 01:07:30,au2312C408,au2312C408,50.52,0.0,0.0,0.0,1,44.8,71.68,1,50.52,0.0,0.0,0.0,0.0,0.0,13
2023-05-10 01:07:31,au2312C408,au2312C408,50.52,0.0,0.0,0.0,1,44.8,71.68,1,50.52,0.0,0.0,0.0,0.0,0.0,13
2023-05-10 01:07:31,au2312C408,au2312C408,50.52,0.0,0.0,0.0,1,44.8,71.66,1,50.52,0.0,0.0,0.0,0.0,0.0,13
2023-05-10 01:07:32,au2312C408,au2312C408,50.52,0.0,0.0,0.0,1,44.8,71.6,1,50.52,0.0,0.0,0.0,0.0,0.0,13
2023-05-10 01:07:32,au2312C408,au2312C408,50.52,0.0,0.0,0.0,1,44.8,71.6,1,50.52,0.0,0.0,0.0,0.0,0.0,13
2023-05-10 01:07:33,au2312C408,au2312C408,50.52,0.0,0.0,0.0,1,44.8,71.58,1,50.52,0.0,0.0,0.0,0.0,0.0,13
2023-05-10 01:07:33,au2312C408,au2312C408,50.52,0.0,0.0,0.0,1,44.8,71.52,1,50.52,0.0,0.0,0.0,0.0,0.0,13
2023-05-10 01:07:34,au2312C408,au2312C408,50.52,0.0,0.0,0.0,1,44.8,71.52,1,50.52,0.0,0.0,0.0,0.0,0.0,13
2023-05-10 01:07:34,au2312C408,au2312C408,50.52,0.0,0.0,0.0,1,44.8,71.5,1,50.52,0.0,0.0,0.0,0.0,0.0,13
2023-05-10 01:07:35,au2312C408,au2312C408,50.52,0.0,0.0,0.0,1,44.8,71.44,1,50.52,0.0,0.0,0.0,0.0,0.0,13
2023-05-10 01:07:35,au2312C408,au2312C408,50.52,0.0,0.0,0.0,1,44.8,71.44,1,50.52,0.0,0.0,0.0,0.0,0.0,13
2023-05-10 01:07:36,au2312C408,au2312C408,50.52,0.0,0.0,0.0,1,44.8,71.42,1,50.52,0.0,0.0,0.0,0.0,0.0,13
2023-05-10 01:07:36,au2312C408,au2312C408,50.52,0.0,0.0,0.0,1,44.8,71.36,1,50.52,0.0,0.0,0.0,0.0,0.0,13
2023-05-10 01:07:37,au2312C408,au2312C408,50.52,0.0,0.0,0.0,1,44.8,71.36,1,50.52,0.0,0.0,0.0,0.0,0.0,13
2023-05-10 01:07:37,au2312C408,au2312C408,50.52,0.0,0.0,0.0,1,44.8,71.34,1,50.52,0.0,0.0,0.0,0.0,0.0,13
2023-05-10 01:07:38,au2312C408,au2312C408,50.52,0.0,0.0,0.0,1,44.8,71.28,1,50.52,0.0,0.0,0.0,0.0,0.0,13
2023-05-10 01:07:38,au2312C408,au2312C408,50.52,0.0,0.0,0.0,1,44.8,71.28,1,50.52,0.0,0.0,0.0,0.0,0.0,13
2023-05-10 01:07:39,au2312C408,au2312C408,50.52,0.0,0.0,0.0,1,44.8,71.26,1,50.52,0.0,0.0,0.0,0.0,0.0,13
2023-05-10 01:07:39,au2312C408,au2312C408,50.52,0.0,0.0,0.0,1,44.8,71.2,1,50.52,0.0,0.0,0.0,0.0,0.0,13
2023-05-10 01:07:40,au2312C408,au2312C408,50.52,0.0,0.0,0.0,1,44.8,71.2,1,50.52,0.0,0.0,0.0,0.0,0.0,13
2023-05-10 01:07:40,au2312C408,au2312C408,50.52,0.0,0.0,0.0,1,44.8,71.18,1,50.52,0.0,0.0,0.0,0.0,0.0,13
2023-05-10 01:07:41,au2312C408,au2312C408,50.52,0.0,0.0,0.0,1,44.8,71.12,1,50.52,0.0,0.0,0.0,0.0,0.0,13
2023-05-10 01:07:41,au2312C408,au2312C408,50.52,0.0,0.0,0.0,1,44.8,71.12,1,50.52,0.0,0.0,0.0,0.0,0.0,13
2023-05-10 01:07:42,au2312C408,au2312C408,50.52,0.0,0.0,0.0,1,44.8,71.1,1,50.52,0.0,0.0,0.0,0.0,0.0,13
2023-05-10 01:07:42,au2312C408,au2312C408,50.52,0.0,0.0,0.0,1,44.8,71.04,1,50.52,0.0,0.0,0.0,0.0,0.0,13
2023-05-10 01:07:43,au2312C408,au2312C408,50.52,0.0,0.0,0.0,1,44.8,71.04,1,50.52,0.0,0.0,0.0,0.0,0.0,13
2023-05-10 01:07:43,au2312C408,au2312C408,50.52,0.0,0.0,0.0,1,44.8,71.02,1,50.52,0.0,0.0,0.0,0.0,0.0,13
2023-05-10 01:07:44,au2312C408,au2312C408,50.52,0.0,0.0,0.0,1,44.8,70.96,1,50.52,0.0,0.0,0.0,0.0,0.0,13
2023-05-10 01:07:44,au2312C408,au2312C408,50.52,0.0,0.0,0.0,1,44.8,70.96,1,50.52,0.0,0.0,0.0,0.0,0.0,13
2023-05-10 01:07:45,au2312C408,au2312C408,50.52,0.0,0.0,0.0,1,44.8,70.94,1,50.52,0.0,0.0,0.0,0.0,0.0,13
2023-05-10 01:07:45,au2312C408,au2312C408,50.52,0.0,0.0,0.0,1,44.8,70.88,1,50.52,0.0,0.0,0.0,0.0,0.0,13
2023-05-10 01:07:46,au2312C408,au2312C408,50.52,0.0,0.0,0.0,1,44.8,70.88,1,50.52,0.0,0.0,0.0,0.0,0.0,13
2023-05-10 01:07:46,au2312C408,au2312C408,50.52,0.0,0.0,0.0,1,44.8,70.86,1,50.52,0.0,0.0,0.0,0.0,0.0,13
2023-05-10 01:07:47,au2312C408,au2312C408,50.52,0.0,0.0,0.0,1,44.8,70.8,1,50.52,0.0,0.0,0.0,0.0,0.0,13
2023-05-10 01:07:47,au2312C408,au2312C408,50.52,0.0,0.0,0.0,1,44.8,70.8,1,50.52,0.0,0.0,0.0,0.0,0.0,13
2023-05-10 01:07:48,au2312C408,au2312C408,50.52,0.0,0.0,0.0,1,44.8,70.78,1,50.52,0.0,0.0,0.0,0.0,0.0,13
2023-05-10 01:07:48,au2312C408,au2312C408,50.52,0.0,0.0,0.0,1,44.8,70.72,1,50.52,0.0,0.0,0.0,0.0,0.0,13
2023-05-10 01:07:49,au2312C408,au2312C408,50.52,0.0,0.0,0.0,1,44.8,70.72,1,50.52,0.0,0.0,0.0,0.0,0.0,13
2023-05-10 01:07:49,au2312C408,au2312C408,50.52,0.0,0.0,0.0,1,44.8,70.7,1,50.52,0.0,0.0,0.0,0.0,0.0,13
2023-05-10 01:07:50,au2312C408,au2312C408,50.52,0.0,0.0,0.0,1,44.8,70.64,1,50.52,0.0,0.0,0.0,0.0,0.0,13
2023-05-10 01:07:50,au2312C408,au2312C408,50.52,0.0,0.0,0.0,1,44.8,70.64,1,50.52,0.0,0.0,0.0,0.0,0.0,13
2023-05-10 01:07:51,au2312C408,au2312C408,50.52,0.0,0.0,0.0,1,44.8,70.62,1,50.52,0.0,0.0,0.0,0.0,0.0,13
2023-05-10 01:07:51,au2312C408,au2312C408,50.52,0.0,0.0,0.0,1,44.8,70.56,1,50.52,0.0,0.0,0.0,0.0,0.0,13
2023-05-10 01:07:52,au2312C408,au2312C408,50.52,0.0,0.0,0.0,1,44.8,70.56,1,50.52,0.0,0.0,0.0,0.0,0.0,13
2023-05-10 01:07:52,au2312C408,au2312C408,50.52,0.0,0.0,0.0,1,44.8,70.54,1,50.52,0.0,0.0,0.0,0.0,0.0,13
2023-05-10 01:07:53,au2312C408,au2312C408,50.52,0.0,0.0,0.0,1,44.8,70.48,1,50.52,0.0,0.0,0.0,0.0,0.0,13
2023-05-10 01:07:53,au2312C408,au2312C408,50.52,0.0,0.0,0.0,1,44.8,70.48,1,50.52,0.0,0.0,0.0,0.0,0.0,13
2023-05-10 01:07:54,au2312C408,au2312C408,50.52,0.0,0.0,0.0,1,44.8,70.46,1,50.52,0.0,0.0,0.0,0.0,0.0,13
2023-05-10 01:07:54,au2312C408,au2312C408,50.52,0.0,0.0,0.0,1,44.8,70.4,1,50.52,0.0,0.0,0.0,0.0,0.0,13
2023-05-10 01:07:55,au2312C408,au2312C408,50.52,0.0,0.0,0.0,1,44.8,70.4,1,50.52,0.0,0.0,0.0,0.0,0.0,13
2023-05-10 01:07:55,au2312C408,au2312C408,50.52,0.0,0.0,0.0,1,44.8,70.38,1,50.52,0.0,0.0,0.0,0.0,0.0,13
2023-05-10 01:07:56,au2312C408,au2312C408,50.52,0.0,0.0,0.0,1,44.8,70.32,1,50.52,0.0,0.0,0.0,0.0,0.0,13
2023-05-10 01:07:56,au2312C408,au2312C408,50.52,0.0,0.0,0.0,1,44.8,70.32,1,50.52,0.0,0.0,0.0,0.0,0.0,13
2023-05-10 01:07:57,au2312C408,au2312C408,50.52,0.0,0.0,0.0,1,44.8,70.3,1,50.52,0.0,0.0,0.0,0.0,0.0,13
2023-05-10 01:07:57,au2312C408,au2312C408,50.52,0.0,0.0,0.0,1,44.8,70.24,1,50.52,0.0,0.0,0.0,0.0,0.0,13
2023-05-10 01:07:58,au2312C408,au2312C408,50.52,0.0,0.0,0.0,1,44.8,70.24,1,50.52,0.0,0.0,0.0,0.0,0.0,13
2023-05-10 01:07:58,au2312C408,au2312C408,50.52,0.0,0.0,0.0,1,44.8,70.22,1,50.52,0.0,0.0,0.0,0.0,0.0,13
2023-05-10 01:07:59,au2312C408,au2312C408,50.52,0.0,0.0,0.0,1,44.8,70.16,1,50.52,0.0,0.0,0.0,0.0,0.0,13
2023-05-10 01:07:59,au2312C408,au2312C408,50.52,0.0,0.0,0.0,1,44.8,70.16,1,50.52,0.0,0.0,0.0,0.0,0.0,13
2023-05-10 01:08:00,au2312C408,au2312C408,50.52,0.0,0.0,0.0,1,44.8,70.14,1,50.52,0.0,0.0,0.0,0.0,0.0,13
2023-05-10 01:08:00,au2312C408,au2312C408,50.52,0.0,0.0,0.0,1,44.8,70.08,1,50.52,0.0,0.0,0.0,0.0,0.0,13
2023-05-10 01:08:01,au2312C408,au2312C408,50.52,0.0,0.0,0.0,1,44.8,70.08,1,50.52,0.0,0.0,0.0,0.0,0.0,13
2023-05-10 01:08:01,au2312C408,au2312C408,50.52,0.0,0.0,0.0,1,44.8,70.06,1,50.52,0.0,0.0,0.0,0.0,0.0,13
2023-05-10 01:08:02,au2312C408,au2312C408,50.52,0.0,0.0,0.0,1,44.8,70.0,1,50.52,0.0,0.0,0.0,0.0,0.0,13
2023-05-10 01:08:02,au2312C408,au2312C408,50.52,0.0,0.0,0.0,1,44.8,70.0,1,50.52,0.0,0.0,0.0,0.0,0.0,13
2023-05-10 01:08:03,au2312C408,au2312C408,50.52,0.0,0.0,0.0,1,44.8,69.98,1,50.52,0.0,0.0,0.0,0.0,0.0,13
2023-05-10 01:08:03,au2312C408,au2312C408,50.52,0.0,0.0,0.0,1,44.8,69.92,1,50.52,0.0,0.0,0.0,0.0,0.0,13
2023-05-10 01:08:04,au2312C408,au2312C408,50.52,0.0,0.0,0.0,1,44.8,69.92,1,50.52,0.0,0.0,0.0,0.0,0.0,13
2023-05-10 01:08:04,au2312C408,au2312C408,50.52,0.0,0.0,0.0,1,44.8,69.9,1,50.52,0.0,0.0,0.0,0.0,0.0,13
2023-05-10 01:08:05,au2312C408,au2312C408,50.52,0.0,0.0,0.0,1,44.8,69.84,1,50.52,0.0,0.0,0.0,0.0,0.0,13
2023-05-10 01:08:05,au2312C408,au2312C408,50.52,0.0,0.0,0.0,1,44.8,69.84,1,50.52,0.0,0.0,0.0,0.0,0.0,13
2023-05-10 01:08:06,au2312C408,au2312C408,50.52,0.0,0.0,0.0,1,44.8,69.82,1,50.52,0.0,0.0,0.0,0.0,0.0,13
2023-05-10 01:08:06,au2312C408,au2312C408,50.52,0.0,0.0,0.0,1,44.8,69.76,1,50.52,0.0,0.0,0.0,0.0,0.0,13
2023-05-10 01:08:07,au2312C408,au2312C408,50.52,0.0,0.0,0.0,1,44.8,69.76,1,50.52,0.0,0.0,0.0,0.0,0.0,13
2023-05-10 01:08:07,au2312C408,au2312C408,50.52,0.0,0.0,0.0,1,44.8,69.74,1,50.52,0.0,0.0,0.0,0.0,0.0,13
2023-05-10 01:08:08,au2312C408,au2312C408,50.52,0.0,0.0,0.0,1,44.8,69.68,1,50.52,0.0,0.0,0.0,0.0,0.0,13
2023-05-10 01:08:09,au2312C408,au2312C408,50.52,0.0,0.0,0.0,1,44.8,69.68,1,50.52,0.0,0.0,0.0,0.0,0.0,13
2023-05-10 01:08:09,au2312C408,au2312C408,50.52,0.0,0.0,0.0,1,44.8,69.66,1,50.52,0.0,0.0,0.0,0.0,0.0,13
2023-05-10 01:08:10,au2312C408,au2312C408,50.52,0.0,0.0,0.0,1,44.8,69.6,1,50.52,0.0,0.0,0.0,0.0,0.0,13
2023-05-10 01:08:10,au2312C408,au2312C408,50.52,0.0,0.0,0.0,1,44.8,69.6,1,50.52,0.0,0.0,0.0,0.0,0.0,13
2023-05-10 01:08:11,au2312C408,au2312C408,50.52,0.0,0.0,0.0,1,44.8,69.58,1,50.52,0.0,0.0,0.0,0.0,0.0,13
2023-05-10 01:08:11,au2312C408,au2312C408,50.52,0.0,0.0,0.0,1,44.8,69.52,1,50.52,0.0,0.0,0.0,0.0,0.0,13
2023-05-10 01:08:12,au2312C408,au2312C408,50.52,0.0,0.0,0.0,1,44.8,69.52,1,50.52,0.0,0.0,0.0,0.0,0.0,13
2023-05-10 01:08:12,au2312C408,au2312C408,50.52,0.0,0.0,0.0,1,44.8,69.5,1,50.52,0.0,0.0,0.0,0.0,0.0,13
2023-05-10 01:08:13,au2312C408,au2312C408,50.52,0.0,0.0,0.0,1,44.8,69.44,1,50.52,0.0,0.0,0.0,0.0,0.0,13
2023-05-10 01:08:13,au2312C408,au2312C408,50.52,0.0,0.0,0.0,1,44.8,69.44,1,50.52,0.0,0.0,0.0,0.0,0.0,13
2023-05-10 01:08:14,au2312C408,au2312C408,50.52,0.0,0.0,0.0,1,44.8,69.42,1,50.52,0.0,0.0,0.0,0.0,0.0,13
2023-05-10 01:08:14,au2312C408,au2312C408,50.52,0.0,0.0,0.0,1,44.8,69.36,1,50.52,0.0,0.0,0.0,0.0,0.0,13
2023-05-10 01:08:15,au2312C408,au2312C408,50.52,0.0,0.0,0.0,1,44.8,69.36,1,50.52,0.0,0.0,0.0,0.0,0.0,13
2023-05-10 01:08:15,au2312C408,au2312C408,50.52,0.0,0.0,0.0,1,44.8,69.34,1,50.52,0.0,0.0,0.0,0.0,0.0,13
2023-05-10 01:08:16,au2312C408,au2312C408,50.52,0.0,0.0,0.0,1,44.8,69.28,1,50.52,0.0,0.0,0.0,0.0,0.0,13
2023-05-10 01:08:16,au2312C408,au2312C408,50.52,0.0,0.0,0.0,1,44.8,69.28,1,50.52,0.0,0.0,0.0,0.0,0.0,13
2023-05-10 01:08:17,au2312C408,au2312C408,50.52,0.0,0.0,0.0,1,44.8,69.26,1,50.52,0.0,0.0,0.0,0.0,0.0,13
2023-05-10 01:08:17,au2312C408,au2312C408,50.52,0.0,0.0,0.0,1,44.8,69.2,1,50.52,0.0,0.0,0.0,0.0,0.0,13
2023-05-10 01:08:18,au2312C408,au2312C408,50.52,0.0,0.0,0.0,1,44.8,69.2,1,50.52,0.0,0.0,0.0,0.0,0.0,13
2023-05-10 01:08:18,au2312C408,au2312C408,50.52,0.0,0.0,0.0,1,44.8,69.18,1,50.52,0.0,0.0,0.0,0.0,0.0,13
2023-05-10 01:08:19,au2312C408,au2312C408,50.52,0.0,0.0,0.0,1,44.8,69.12,1,50.52,0.0,0.0,0.0,0.0,0.0,13
2023-05-10 01:08:19,au2312C408,au2312C408,50.52,0.0,0.0,0.0,1,44.8,69.12,1,50.52,0.0,0.0,0.0,0.0,0.0,13
2023-05-10 01:08:20,au2312C408,au2312C408,50.52,0.0,0.0,0.0,1,44.8,69.1,1,50.52,0.0,0.0,0.0,0.0,0.0,13
2023-05-10 01:08:20,au2312C408,au2312C408,50.52,0.0,0.0,0.0,1,44.8,69.04,1,50.52,0.0,0.0,0.0,0.0,0.0,13
2023-05-10 01:08:21,au2312C408,au2312C408,50.52,0.0,0.0,0.0,1,44.8,69.04,1,50.52,0.0,0.0,0.0,0.0,0.0,13
2023-05-10 01:08:21,au2312C408,au2312C408,50.52,0.0,0.0,0.0,1,44.8,69.02,1,50.52,0.0,0.0,0.0,0.0,0.0,13
2023-05-10 01:08:22,au2312C408,au2312C408,50.52,0.0,0.0,0.0,1,44.8,68.96,1,50.52,0.0,0.0,0.0,0.0,0.0,13
2023-05-10 01:08:22,au2312C408,au2312C408,50.52,0.0,0.0,0.0,1,44.8,68.96,1,50.52,0.0,0.0,0.0,0.0,0.0,13
2023-05-10 01:08:23,au2312C408,au2312C408,50.52,0.0,0.0,0.0,1,44.8,68.94,1,50.52,0.0,0.0,0.0,0.0,0.0,13
2023-05-10 01:08:23,au2312C408,au2312C408,50.52,0.0,0.0,0.0,1,44.8,68.88,1,50.52,0.0,0.0,0.0,0.0,0.0,13
2023-05-10 01:08:24,au2312C408,au2312C408,50.52,0.0,0.0,0.0,1,44.8,68.88,1,50.52,0.0,0.0,0.0,0.0,0.0,13
2023-05-10 01:08:24,au2312C408,au2312C408,50.52,0.0,0.0,0.0,1,44.8,68.86,1,50.52,0.0,0.0,0.0,0.0,0.0,13
2023-05-10 01:08:25,au2312C408,au2312C408,50.52,0.0,0.0,0.0,1,44.8,68.8,1,50.52,0.0,0.0,0.0,0.0,0.0,13
2023-05-10 01:08:25,au2312C408,au2312C408,50.52,0.0,0.0,0.0,1,44.8,68.8,1,50.52,0.0,0.0,0.0,0.0,0.0,13
2023-05-10 01:08:26,au2312C408,au2312C408,50.52,0.0,0.0,0.0,1,44.8,68.78,1,50.52,0.0,0.0,0.0,0.0,0.0,13
2023-05-10 01:08:26,au2312C408,au2312C408,50.52,0.0,0.0,0.0,1,44.8,68.72,1,50.52,0.0,0.0,0.0,0.0,0.0,13
2023-05-10 01:08:27,au2312C408,au2312C408,50.52,0.0,0.0,0.0,1,44.8,68.72,1,50.52,0.0,0.0,0.0,0.0,0.0,13
2023-05-10 01:08:27,au2312C408,au2312C408,50.52,0.0,0.0,0.0,1,44.8,68.7,1,50.52,0.0,0.0,0.0,0.0,0.0,13
2023-05-10 01:08:28,au2312C408,au2312C408,50.52,0.0,0.0,0.0,1,44.8,68.64,1,50.52,0.0,0.0,0.0,0.0,0.0,13
2023-05-10 01:08:28,au2312C408,au2312C408,50.52,0.0,0.0,0.0,1,44.8,68.64,1,50.52,0.0,0.0,0.0,0.0,0.0,13
2023-05-10 01:08:29,au2312C408,au2312C408,50.52,0.0,0.0,0.0,1,44.8,68.62,1,50.52,0.0,0.0,0.0,0.0,0.0,13
2023-05-10 01:08:29,au2312C408,au2312C408,50.52,0.0,0.0,0.0,1,44.8,68.56,1,50.52,0.0,0.0,0.0,0.0,0.0,13
2023-05-10 01:08:30,au2312C408,au2312C408,50.52,0.0,0.0,0.0,1,44.8,68.56,1,50.52,0.0,0.0,0.0,0.0,0.0,13
2023-05-10 01:08:30,au2312C408,au2312C408,50.52,0.0,0.0,0.0,1,44.8,68.54,1,50.52,0.0,0.0,0.0,0.0,0.0,13
2023-05-10 01:08:31,au2312C408,au2312C408,50.52,0.0,0.0,0.0,1,44.8,68.48,1,50.52,0.0,0.0,0.0,0.0,0.0,13
2023-05-10 01:08:31,au2312C408,au2312C408,50.52,0.0,0.0,0.0,1,44.8,68.48,1,50.52,0.0,0.0,0.0,0.0,0.0,13
2023-05-10 01:08:32,au2312C408,au2312C408,50.52,0.0,0.0,0.0,1,44.8,68.46,1,50.52,0.0,0.0,0.0,0.0,0.0,13
2023-05-10 01:08:32,au2312C408,au2312C408,50.52,0.0,0.0,0.0,1,44.8,68.4,1,50.52,0.0,0.0,0.0,0.0,0.0,13
2023-05-10 01:08:33,au2312C408,au2312C408,50.52,0.0,0.0,0.0,1,44.8,68.4,1,50.52,0.0,0.0,0.0,0.0,0.0,13
2023-05-10 01:08:33,au2312C408,au2312C408,50.52,0.0,0.0,0.0,1,44.8,68.38,1,50.52,0.0,0.0,0.0,0.0,0.0,13
2023-05-10 01:08:34,au2312C408,au2312C408,50.52,0.0,0.0,0.0,1,44.8,68.32,1,50.52,0.0,0.0,0.0,0.0,0.0,13
2023-05-10 01:08:34,au2312C408,au2312C408,50.52,0.0,0.0,0.0,1,44.8,68.32,1,50.52,0.0,0.0,0.0,0.0,0.0,13
2023-05-10 01:08:35,au2312C408,au2312C408,50.52,0.0,0.0,0.0,1,44.8,68.3,1,50.52,0.0,0.0,0.0,0.0,0.0,13
2023-05-10 01:08:35,au2312C408,au2312C408,50.52,0.0,0.0,0.0,1,44.8,68.24,1,50.52,0.0,0.0,0.0,0.0,0.0,13
2023-05-10 01:08:36,au2312C408,au2312C408,50.52,0.0,0.0,0.0,1,44.8,68.24,1,50.52,0.0,0.0,0.0,0.0,0.0,13
2023-05-10 01:08:36,au2312C408,au2312C408,50.52,0.0,0.0,0.0,1,44.8,68.22,1,50.52,0.0,0.0,0.0,0.0,0.0,13
2023-05-10 01:08:37,au2312C408,au2312C408,50.52,0.0,0.0,0.0,1,44.8,68.16,1,50.52,0.0,0.0,0.0,0.0,0.0,13
2023-05-10 01:08:37,au2312C408,au2312C408,50.52,0.0,0.0,0.0,1,44.8,68.16,1,50.52,0.0,0.0,0.0,0.0,0.0,13
2023-05-10 01:08:38,au2312C408,au2312C408,50.52,0.0,0.0,0.0,1,44.8,68.14,1,50.52,0.0,0.0,0.0,0.0,0.0,13
2023-05-10 01:08:38,au2312C408,au2312C408,50.52,0.0,0.0,0.0,1,44.8,68.08,1,50.52,0.0,0.0,0.0,0.0,0.0,13
2023-05-10 01:08:39,au2312C408,au2312C408,50.52,0.0,0.0,0.0,1,44.8,68.08,1,50.52,0.0,0.0,0.0,0.0,0.0,13
2023-05-10 01:08:39,au2312C408,au2312C408,50.52,0.0,0.0,0.0,1,44.8,68.06,1,50.52,0.0,0.0,0.0,0.0,0.0,13
2023-05-10 01:08:40,au2312C408,au2312C408,50.52,0.0,0.0,0.0,1,44.8,68.0,1,50.52,0.0,0.0,0.0,0.0,0.0,13
2023-05-10 01:08:40,au2312C408,au2312C408,50.52,0.0,0.0,0.0,1,44.8,68.0,1,50.52,0.0,0.0,0.0,0.0,0.0,13
2023-05-10 01:08:41,au2312C408,au2312C408,50.52,0.0,0.0,0.0,1,44.8,67.98,1,50.52,0.0,0.0,0.0,0.0,0.0,13
2023-05-10 01:08:41,au2312C408,au2312C408,50.52,0.0,0.0,0.0,1,44.8,67.92,1,50.52,0.0,0.0,0.0,0.0,0.0,13
2023-05-10 01:08:42,au2312C408,au2312C408,50.52,0.0,0.0,0.0,1,44.8,67.92,1,50.52,0.0,0.0,0.0,0.0,0.0,13
2023-05-10 01:08:42,au2312C408,au2312C408,50.52,0.0,0.0,0.0,1,44.8,67.9,1,50.52,0.0,0.0,0.0,0.0,0.0,13
2023-05-10 01:08:43,au2312C408,au2312C408,50.52,0.0,0.0,0.0,1,44.8,67.84,1,50.52,0.0,0.0,0.0,0.0,0.0,13
2023-05-10 01:08:43,au2312C408,au2312C408,50.52,0.0,0.0,0.0,1,44.8,67.84,1,50.52,0.0,0.0,0.0,0.0,0.0,13
2023-05-10 01:08:44,au2312C408,au2312C408,50.52,0.0,0.0,0.0,1,44.8,67.82,1,50.52,0.0,0.0,0.0,0.0,0.0,13
2023-05-10 01:08:44,au2312C408,au2312C408,50.52,0.0,0.0,0.0,1,44.8,67.76,1,50.52,0.0,0.0,0.0,0.0,0.0,13
2023-05-10 01:08:45,au2312C408,au2312C408,50.52,0.0,0.0,0.0,1,44.8,67.76,1,50.52,0.0,0.0,0.0,0.0,0.0,13
2023-05-10 01:08:45,au2312C408,au2312C408,50.52,0.0,0.0,0.0,1,44.8,67.74,1,50.52,0.0,0.0,0.0,0.0,0.0,13
2023-05-10 01:08:46,au2312C408,au2312C408,50.52,0.0,0.0,0.0,1,44.8,67.68,1,50.52,0.0,0.0,0.0,0.0,0.0,13
2023-05-10 01:08:46,au2312C408,au2312C408,50.52,0.0,0.0,0.0,1,44.8,67.68,1,50.52,0.0,0.0,0.0,0.0,0.0,13
2023-05-10 01:08:47,au2312C408,au2312C408,50.52,0.0,0.0,0.0,1,44.8,67.66,1,50.52,0.0,0.0,0.0,0.0,0.0,13
2023-05-10 01:08:47,au2312C408,au2312C408,50.52,0.0,0.0,0.0,1,44.8,67.6,1,50.52,0.0,0.0,0.0,0.0,0.0,13
2023-05-10 01:08:48,au2312C408,au2312C408,50.52,0.0,0.0,0.0,1,44.8,67.6,1,50.52,0.0,0.0,0.0,0.0,0.0,13
2023-05-10 01:08:48,au2312C408,au2312C408,50.52,0.0,0.0,0.0,1,44.8,67.58,1,50.52,0.0,0.0,0.0,0.0,0.0,13
2023-05-10 01:08:49,au2312C408,au2312C408,50.52,0.0,0.0,0.0,1,44.8,67.52,1,50.52,0.0,0.0,0.0,0.0,0.0,13
2023-05-10 01:08:49,au2312C408,au2312C408,50.52,0.0,0.0,0.0,1,44.8,67.52,1,50.52,0.0,0.0,0.0,0.0,0.0,13
2023-05-10 01:08:50,au2312C408,au2312C408,50.52,0.0,0.0,0.0,1,44.8,67.5,1,50.52,0.0,0.0,0.0,0.0,0.0,13
2023-05-10 01:08:50,au2312C408,au2312C408,50.52,0.0,0.0,0.0,1,44.8,67.44,1,50.52,0.0,0.0,0.0,0.0,0.0,13
2023-05-10 01:08:51,au2312C408,au2312C408,50.52,0.0,0.0,0.0,1,44.8,67.44,1,50.52,0.0,0.0,0.0,0.0,0.0,13
2023-05-10 01:08:51,au2312C408,au2312C408,50.52,0.0,0.0,0.0,1,44.8,67.42,1,50.52,0.0,0.0,0.0,0.0,0.0,13
2023-05-10 01:08:52,au2312C408,au2312C408,50.52,0.0,0.0,0.0,1,44.8,67.36,1,50.52,0.0,0.0,0.0,0.0,0.0,13
2023-05-10 01:08:52,au2312C408,au2312C408,50.52,0.0,0.0,0.0,1,44.8,67.36,1,50.52,0.0,0.0,0.0,0.0,0.0,13
2023-05-10 01:08:53,au2312C408,au2312C408,50.52,0.0,0.0,0.0,1,44.8,67.34,1,50.52,0.0,0.0,0.0,0.0,0.0,13
2023-05-10 01:08:53,au2312C408,au2312C408,50.52,0.0,0.0,0.0,1,44.8,67.28,1,50.52,0.0,0.0,0.0,0.0,0.0,13
2023-05-10 01:08:54,au2312C408,au2312C408,50.52,0.0,0.0,0.0,1,44.8,67.28,1,50.52,0.0,0.0,0.0,0.0,0.0,13
2023-05-10 01:08:54,au2312C408,au2312C408,50.52,0.0,0.0,0.0,1,44.8,67.26,1,50.52,0.0,0.0,0.0,0.0,0.0,13
2023-05-10 01:08:55,au2312C408,au2312C408,50.52,0.0,0.0,0.0,1,44.8,67.2,1,50.52,0.0,0.0,0.0,0.0,0.0,13
2023-05-10 01:08:55,au2312C408,au2312C408,50.52,0.0,0.0,0.0,1,44.8,67.2,1,50.52,0.0,0.0,0.0,0.0,0.0,13
2023-05-10 01:08:56,au2312C408,au2312C408,50.52,0.0,0.0,0.0,1,44.8,67.18,1,50.52,0.0,0.0,0.0,0.0,0.0,13
2023-05-10 01:08:56,au2312C408,au2312C408,50.52,0.0,0.0,0.0,1,44.8,67.12,1,50.52,0.0,0.0,0.0,0.0,0.0,13
2023-05-10 01:08:57,au2312C408,au2312C408,50.52,0.0,0.0,0.0,1,44.8,67.12,1,50.52,0.0,0.0,0.0,0.0,0.0,13
2023-05-10 01:08:57,au2312C408,au2312C408,50.52,0.0,0.0,0.0,1,44.8,67.1,1,50.52,0.0,0.0,0.0,0.0,0.0,13
2023-05-10 01:08:58,au2312C408,au2312C408,50.52,0.0,0.0,0.0,1,44.8,67.04,1,50.52,0.0,0.0,0.0,0.0,0.0,13
2023-05-10 01:08:58,au2312C408,au2312C408,50.52,0.0,0.0,0.0,1,44.8,67.04,1,50.52,0.0,0.0,0.0,0.0,0.0,13
2023-05-10 01:08:59,au2312C408,au2312C408,50.52,0.0,0.0,0.0,1,44.8,67.02,1,50.52,0.0,0.0,0.0,0.0,0.0,13
2023-05-10 01:08:59,au2312C408,au2312C408,50.52,0.0,0.0,0.0,1,44.8,66.96,1,50.52,0.0,0.0,0.0,0.0,0.0,13
2023-05-10 01:09:00,au2312C408,au2312C408,50.52,0.0,0.0,0.0,1,44.8,66.96,1,50.52,0.0,0.0,0.0,0.0,0.0,13
2023-05-10 01:09:00,au2312C408,au2312C408,50.52,0.0,0.0,0.0,1,44.8,66.94,1,50.52,0.0,0.0,0.0,0.0,0.0,13
2023-05-10 01:09:01,au2312C408,au2312C408,50.52,0.0,0.0,0.0,1,44.8,66.88,1,50.52,0.0,0.0,0.0,0.0,0.0,13
2023-05-10 01:09:01,au2312C408,au2312C408,50.52,0.0,0.0,0.0,1,44.8,66.88,1,50.52,0.0,0.0,0.0,0.0,0.0,13
2023-05-10 01:09:02,au2312C408,au2312C408,50.52,0.0,0.0,0.0,1,44.8,66.86,1,50.52,0.0,0.0,0.0,0.0,0.0,13
2023-05-10 01:09:02,au2312C408,au2312C408,50.52,0.0,0.0,0.0,1,44.8,66.8,1,50.52,0.0,0.0,0.0,0.0,0.0,13
2023-05-10 01:09:03,au2312C408,au2312C408,50.52,0.0,0.0,0.0,1,44.8,66.8,1,50.52,0.0,0.0,0.0,0.0,0.0,13
2023-05-10 01:09:03,au2312C408,au2312C408,50.52,0.0,0.0,0.0,1,44.8,66.78,1,50.52,0.0,0.0,0.0,0.0,0.0,13
2023-05-10 01:09:04,au2312C408,au2312C408,50.52,0.0,0.0,0.0,1,44.8,66.72,1,50.52,0.0,0.0,0.0,0.0,0.0,13
2023-05-10 01:09:04,au2312C408,au2312C408,50.52,0.0,0.0,0.0,1,44.8,66.72,1,50.52,0.0,0.0,0.0,0.0,0.0,13
2023-05-10 01:09:05,au2312C408,au2312C408,50.52,0.0,0.0,0.0,1,44.8,66.7,1,50.52,0.0,0.0,0.0,0.0,0.0,13
2023-05-10 01:09:05,au2312C408,au2312C408,50.52,0.0,0.0,0.0,1,44.8,66.64,1,50.52,0.0,0.0,0.0,0.0,0.0,13
2023-05-10 01:09:06,au2312C408,au2312C408,50.52,0.0,0.0,0.0,1,44.8,66.64,1,50.52,0.0,0.0,0.0,0.0,0.0,13
2023-05-10 01:09:06,au2312C408,au2312C408,50.52,0.0,0.0,0.0,1,44.8,66.62,1,50.52,0.0,0.0,0.0,0.0,0.0,13
2023-05-10 01:09:07,au2312C408,au2312C408,50.52,0.0,0.0,0.0,1,44.8,66.56,1,50.52,0.0,0.0,0.0,0.0,0.0,13
2023-05-10 01:09:07,au2312C408,au2312C408,50.52,0.0,0.0,0.0,1,44.8,66.56,1,50.52,0.0,0.0,0.0,0.0,0.0,13
2023-05-10 01:09:08,au2312C408,au2312C408,50.52,0.0,0.0,0.0,1,44.8,66.54,1,50.52,0.0,0.0,0.0,0.0,0.0,13
2023-05-10 01:09:08,au2312C408,au2312C408,50.52,0.0,0.0,0.0,1,44.8,66.48,1,50.52,0.0,0.0,0.0,0.0,0.0,13
2023-05-10 01:09:09,au2312C408,au2312C408,50.52,0.0,0.0,0.0,1,44.8,66.48,1,50.52,0.0,0.0,0.0,0.0,0.0,13
2023-05-10 01:09:09,au2312C408,au2312C408,50.52,0.0,0.0,0.0,1,44.8,66.46,1,50.52,0.0,0.0,0.0,0.0,0.0,13
2023-05-10 01:09:10,au2312C408,au2312C408,50.52,0.0,0.0,0.0,1,44.8,66.4,1,50.52,0.0,0.0,0.0,0.0,0.0,13
2023-05-10 01:09:10,au2312C408,au2312C408,50.52,0.0,0.0,0.0,1,44.8,66.4,1,50.52,0.0,0.0,0.0,0.0,0.0,13
2023-05-10 01:09:11,au2312C408,au2312C408,50.52,0.0,0.0,0.0,1,44.8,66.38,1,50.52,0.0,0.0,0.0,0.0,0.0,13
2023-05-10 01:09:11,au2312C408,au2312C408,50.52,0.0,0.0,0.0,1,44.8,66.32,1,50.52,0.0,0.0,0.0,0.0,0.0,13
2023-05-10 01:09:12,au2312C408,au2312C408,50.52,0.0,0.0,0.0,1,44.8,66.32,1,50.52,0.0,0.0,0.0,0.0,0.0,13
2023-05-10 01:09:12,au2312C408,au2312C408,50.52,0.0,0.0,0.0,1,44.8,66.3,1,50.52,0.0,0.0,0.0,0.0,0.0,13
2023-05-10 01:09:13,au2312C408,au2312C408,50.52,0.0,0.0,0.0,1,44.8,66.24,1,50.52,0.0,0.0,0.0,0.0,0.0,13
2023-05-10 01:09:13,au2312C408,au2312C408,50.52,0.0,0.0,0.0,1,44.8,66.24,1,50.52,0.0,0.0,0.0,0.0,0.0,13
2023-05-10 01:09:14,au2312C408,au2312C408,50.52,0.0,0.0,0.0,1,44.8,66.22,1,50.52,0.0,0.0,0.0,0.0,0.0,13
2023-05-10 01:09:14,au2312C408,au2312C408,50.52,0.0,0.0,0.0,1,44.8,66.16,1,50.52,0.0,0.0,0.0,0.0,0.0,13
2023-05-10 01:09:15,au2312C408,au2312C408,50.52,0.0,0.0,0.0,1,44.8,66.16,1,50.52,0.0,0.0,0.0,0.0,0.0,13
2023-05-10 01:09:15,au2312C408,au2312C408,50.52,0.0,0.0,0.0,1,44.8,66.14,1,50.52,0.0,0.0,0.0,0.0,0.0,13
2023-05-10 01:09:16,au2312C408,au2312C408,50.52,0.0,0.0,0.0,1,44.8,66.08,1,50.52,0.0,0.0,0.0,0.0,0.0,13
2023-05-10 01:09:16,au2312C408,au2312C408,50.52,0.0,0.0,0.0,1,44.8,66.08,1,50.52,0.0,0.0,0.0,0.0,0.0,13
2023-05-10 01:09:17,au2312C408,au2312C408,50.52,0.0,0.0,0.0,1,44.8,66.06,1,50.52,0.0,0.0,0.0,0.0,0.0,13
2023-05-10 01:09:17,au2312C408,au2312C408,50.52,0.0,0.0,0.0,1,44.8,66.0,1,50.52,0.0,0.0,0.0,0.0,0.0,13
2023-05-10 01:09:18,au2312C408,au2312C408,50.52,0.0,0.0,0.0,1,44.8,66.0,1,50.52,0.0,0.0,0.0,0.0,0.0,13
2023-05-10 01:09:18,au2312C408,au2312C408,50.52,0.0,0.0,0.0,1,44.8,65.98,1,50.52,0.0,0.0,0.0,0.0,0.0,13
2023-05-10 01:09:19,au2312C408,au2312C408,50.52,0.0,0.0,0.0,1,44.8,65.92,1,50.52,0.0,0.0,0.0,0.0,0.0,13
2023-05-10 01:09:19,au2312C408,au2312C408,50.52,0.0,0.0,0.0,1,44.8,65.92,1,50.52,0.0,0.0,0.0,0.0,0.0,13
2023-05-10 01:09:20,au2312C408,au2312C408,50.52,0.0,0.0,0.0,1,44.8,65.9,1,50.52,0.0,0.0,0.0,0.0,0.0,13
2023-05-10 01:09:20,au2312C408,au2312C408,50.52,0.0,0.0,0.0,1,44.8,65.84,1,50.52,0.0,0.0,0.0,0.0,0.0,13
2023-05-10 01:09:21,au2312C408,au2312C408,50.52,0.0,0.0,0.0,1,44.8,65.84,1,50.52,0.0,0.0,0.0,0.0,0.0,13
2023-05-10 01:09:21,au2312C408,au2312C408,50.52,0.0,0.0,0.0,1,44.8,65.82,1,50.52,0.0,0.0,0.0,0.0,0.0,13
2023-05-10 01:09:22,au2312C408,au2312C408,50.52,0.0,0.0,0.0,1,44.8,65.76,1,50.52,0.0,0.0,0.0,0.0,0.0,13
2023-05-10 01:09:22,au2312C408,au2312C408,50.52,0.0,0.0,0.0,1,44.8,65.76,1,50.52,0.0,0.0,0.0,0.0,0.0,13
2023-05-10 01:09:23,au2312C408,au2312C408,50.52,0.0,0.0,0.0,1,44.8,65.74,1,50.52,0.0,0.0,0.0,0.0,0.0,13
2023-05-10 01:09:23,au2312C408,au2312C408,50.52,0.0,0.0,0.0,1,44.8,65.68,1,50.52,0.0,0.0,0.0,0.0,0.0,13
2023-05-10 01:09:24,au2312C408,au2312C408,50.52,0.0,0.0,0.0,1,44.8,65.68,1,50.52,0.0,0.0,0.0,0.0,0.0,13
2023-05-10 01:09:24,au2312C408,au2312C408,50.52,0.0,0.0,0.0,1,44.8,65.66,1,50.52,0.0,0.0,0.0,0.0,0.0,13
2023-05-10 01:09:25,au2312C408,au2312C408,50.52,0.0,0.0,0.0,1,44.8,65.6,1,50.52,0.0,0.0,0.0,0.0,0.0,13
2023-05-10 01:09:25,au2312C408,au2312C408,50.52,0.0,0.0,0.0,1,44.8,65.6,1,50.52,0.0,0.0,0.0,0.0,0.0,13
2023-05-10 01:09:26,au2312C408,au2312C408,50.52,0.0,0.0,0.0,1,44.8,65.58,1,50.52,0.0,0.0,0.0,0.0,0.0,13
2023-05-10 01:09:26,au2312C408,au2312C408,50.52,0.0,0.0,0.0,1,44.8,65.52,1,50.52,0.0,0.0,0.0,0.0,0.0,13
2023-05-10 01:09:27,au2312C408,au2312C408,50.52,0.0,0.0,0.0,1,44.8,65.52,1,50.52,0.0,0.0,0.0,0.0,0.0,13
2023-05-10 01:09:27,au2312C408,au2312C408,50.52,0.0,0.0,0.0,1,44.8,65.5,1,50.52,0.0,0.0,0.0,0.0,0.0,13
2023-05-10 01:09:28,au2312C408,au2312C408,50.52,0.0,0.0,0.0,1,44.8,65.44,1,50.52,0.0,0.0,0.0,0.0,0.0,13
2023-05-10 01:09:28,au2312C408,au2312C408,50.52,0.0,0.0,0.0,1,44.8,65.44,1,50.52,0.0,0.0,0.0,0.0,0.0,13
2023-05-10 01:09:29,au2312C408,au2312C408,50.52,0.0,0.0,0.0,1,44.8,65.42,1,50.52,0.0,0.0,0.0,0.0,0.0,13
2023-05-10 01:09:29,au2312C408,au2312C408,50.52,0.0,0.0,0.0,1,44.8,65.36,1,50.52,0.0,0.0,0.0,0.0,0.0,13
2023-05-10 01:09:30,au2312C408,au2312C408,50.52,0.0,0.0,0.0,1,44.8,65.36,1,50.52,0.0,0.0,0.0,0.0,0.0,13
2023-05-10 01:09:30,au2312C408,au2312C408,50.52,0.0,0.0,0.0,1,44.8,65.34,1,50.52,0.0,0.0,0.0,0.0,0.0,13
2023-05-10 01:09:31,au2312C408,au2312C408,50.52,0.0,0.0,0.0,1,44.8,65.28,1,50.52,0.0,0.0,0.0,0.0,0.0,13
2023-05-10 01:09:31,au2312C408,au2312C408,50.52,0.0,0.0,0.0,1,44.8,65.28,1,50.52,0.0,0.0,0.0,0.0,0.0,13
2023-05-10 01:09:32,au2312C408,au2312C408,50.52,0.0,0.0,0.0,1,44.8,65.26,1,50.52,0.0,0.0,0.0,0.0,0.0,13
2023-05-10 01:09:32,au2312C408,au2312C408,50.52,0.0,0.0,0.0,1,44.8,65.2,1,50.52,0.0,0.0,0.0,0.0,0.0,13
2023-05-10 01:09:33,au2312C408,au2312C408,50.52,0.0,0.0,0.0,1,44.8,65.2,1,50.52,0.0,0.0,0.0,0.0,0.0,13
2023-05-10 01:09:33,au2312C408,au2312C408,50.52,0.0,0.0,0.0,1,44.8,65.18,1,50.52,0.0,0.0,0.0,0.0,0.0,13
2023-05-10 01:09:34,au2312C408,au2312C408,50.52,0.0,0.0,0.0,1,44.8,65.12,1,50.52,0.0,0.0,0.0,0.0,0.0,13
2023-05-10 01:09:34,au2312C408,au2312C408,50.52,0.0,0.0,0.0,1,44.8,65.12,1,50.52,0.0,0.0,0.0,0.0,0.0,13
2023-05-10 01:09:35,au2312C408,au2312C408,50.52,0.0,0.0,0.0,1,44.8,65.1,1,50.52,0.0,0.0,0.0,0.0,0.0,13
2023-05-10 01:09:35,au2312C408,au2312C408,50.52,0.0,0.0,0.0,1,44.8,65.04,1,50.52,0.0,0.0,0.0,0.0,0.0,13
2023-05-10 01:09:36,au2312C408,au2312C408,50.52,0.0,0.0,0.0,1,44.8,65.04,1,50.52,0.0,0.0,0.0,0.0,0.0,13
2023-05-10 01:09:36,au2312C408,au2312C408,50.52,0.0,0.0,0.0,1,44.8,65.02,1,50.52,0.0,0.0,0.0,0.0,0.0,13
2023-05-10 01:09:37,au2312C408,au2312C408,50.52,0.0,0.0,0.0,1,44.8,64.96,1,50.52,0.0,0.0,0.0,0.0,0.0,13
2023-05-10 01:09:37,au2312C408,au2312C408,50.52,0.0,0.0,0.0,1,44.8,64.96,1,50.52,0.0,0.0,0.0,0.0,0.0,13
2023-05-10 01:09:38,au2312C408,au2312C408,50.52,0.0,0.0,0.0,1,44.8,64.94,1,50.52,0.0,0.0,0.0,0.0,0.0,13
2023-05-10 01:09:38,au2312C408,au2312C408,50.52,0.0,0.0,0.0,1,44.8,64.88,1,50.52,0.0,0.0,0.0,0.0,0.0,13
2023-05-10 01:09:39,au2312C408,au2312C408,50.52,0.0,0.0,0.0,1,44.8,64.88,1,50.52,0.0,0.0,0.0,0.0,0.0,13
2023-05-10 01:09:39,au2312C408,au2312C408,50.52,0.0,0.0,0.0,1,44.8,64.86,1,50.52,0.0,0.0,0.0,0.0,0.0,13
2023-05-10 01:09:40,au2312C408,au2312C408,50.52,0.0,0.0,0.0,1,44.8,64.8,1,50.52,0.0,0.0,0.0,0.0,0.0,13
2023-05-10 01:09:40,au2312C408,au2312C408,50.52,0.0,0.0,0.0,1,44.8,64.8,1,50.52,0.0,0.0,0.0,0.0,0.0,13
2023-05-10 01:09:41,au2312C408,au2312C408,50.52,0.0,0.0,0.0,1,44.8,64.78,1,50.52,0.0,0.0,0.0,0.0,0.0,13
2023-05-10 01:09:41,au2312C408,au2312C408,50.52,0.0,0.0,0.0,1,44.8,64.72,1,50.52,0.0,0.0,0.0,0.0,0.0,13
2023-05-10 01:09:42,au2312C408,au2312C408,50.52,0.0,0.0,0.0,1,44.8,64.72,1,50.52,0.0,0.0,0.0,0.0,0.0,13
2023-05-10 01:09:42,au2312C408,au2312C408,50.52,0.0,0.0,0.0,1,44.8,64.7,1,50.52,0.0,0.0,0.0,0.0,0.0,13
2023-05-10 01:09:43,au2312C408,au2312C408,50.52,0.0,0.0,0.0,1,44.8,64.64,1,50.52,0.0,0.0,0.0,0.0,0.0,13
2023-05-10 01:09:43,au2312C408,au2312C408,50.52,0.0,0.0,0.0,1,44.8,64.64,1,50.52,0.0,0.0,0.0,0.0,0.0,13
2023-05-10 01:09:44,au2312C408,au2312C408,50.52,0.0,0.0,0.0,1,44.8,64.62,1,50.52,0.0,0.0,0.0,0.0,0.0,13
2023-05-10 01:09:44,au2312C408,au2312C408,50.52,0.0,0.0,0.0,1,44.8,64.56,1,50.52,0.0,0.0,0.0,0.0,0.0,13
2023-05-10 01:09:45,au2312C408,au2312C408,50.52,0.0,0.0,0.0,1,44.8,64.56,1,50.52,0.0,0.0,0.0,0.0,0.0,13
2023-05-10 01:09:45,au2312C408,au2312C408,50.52,0.0,0.0,0.0,1,44.8,64.54,1,50.52,0.0,0.0,0.0,0.0,0.0,13
2023-05-10 01:09:46,au2312C408,au2312C408,50.52,0.0,0.0,0.0,1,44.8,64.48,1,50.52,0.0,0.0,0.0,0.0,0.0,13
2023-05-10 01:09:46,au2312C408,au2312C408,50.52,0.0,0.0,0.0,1,44.8,64.48,1,50.52,0.0,0.0,0.0,0.0,0.0,13
2023-05-10 01:09:47,au2312C408,au2312C408,50.52,0.0,0.0,0.0,1,44.8,64.46,1,50.52,0.0,0.0,0.0,0.0,0.0,13
2023-05-10 01:09:47,au2312C408,au2312C408,50.52,0.0,0.0,0.0,1,44.8,64.4,1,50.52,0.0,0.0,0.0,0.0,0.0,13
2023-05-10 01:09:48,au2312C408,au2312C408,50.52,0.0,0.0,0.0,1,44.8,64.4,1,50.52,0.0,0.0,0.0,0.0,0.0,13
2023-05-10 01:09:48,au2312C408,au2312C408,50.52,0.0,0.0,0.0,1,44.8,64.38,1,50.52,0.0,0.0,0.0,0.0,0.0,13
2023-05-10 01:09:49,au2312C408,au2312C408,50.52,0.0,0.0,0.0,1,44.8,64.32,1,50.52,0.0,0.0,0.0,0.0,0.0,13
2023-05-10 01:09:49,au2312C408,au2312C408,50.52,0.0,0.0,0.0,1,44.8,64.32,1,50.52,0.0,0.0,0.0,0.0,0.0,13
2023-05-10 01:09:50,au2312C408,au2312C408,50.52,0.0,0.0,0.0,1,44.8,64.3,1,50.52,0.0,0.0,0.0,0.0,0.0,13
2023-05-10 01:09:50,au2312C408,au2312C408,50.52,0.0,0.0,0.0,1,44.8,64.24,1,50.52,0.0,0.0,0.0,0.0,0.0,13
2023-05-10 01:09:51,au2312C408,au2312C408,50.52,0.0,0.0,0.0,1,44.8,64.24,1,50.52,0.0,0.0,0.0,0.0,0.0,13
2023-05-10 01:09:51,au2312C408,au2312C408,50.52,0.0,0.0,0.0,1,44.8,64.22,1,50.52,0.0,0.0,0.0,0.0,0.0,13
2023-05-10 01:09:52,au2312C408,au2312C408,50.52,0.0,0.0,0.0,1,44.8,64.16,1,50.52,0.0,0.0,0.0,0.0,0.0,13
2023-05-10 01:09:52,au2312C408,au2312C408,50.52,0.0,0.0,0.0,1,44.8,64.16,1,50.52,0.0,0.0,0.0,0.0,0.0,13
2023-05-10 01:09:53,au2312C408,au2312C408,50.52,0.0,0.0,0.0,1,44.8,64.14,1,50.52,0.0,0.0,0.0,0.0,0.0,13
2023-05-10 01:09:53,au2312C408,au2312C408,50.52,0.0,0.0,0.0,1,44.8,64.08,1,50.52,0.0,0.0,0.0,0.0,0.0,13
2023-05-10 01:09:54,au2312C408,au2312C408,50.52,0.0,0.0,0.0,1,44.8,64.08,1,50.52,0.0,0.0,0.0,0.0,0.0,13
2023-05-10 01:09:54,au2312C408,au2312C408,50.52,0.0,0.0,0.0,1,44.8,64.06,1,50.52,0.0,0.0,0.0,0.0,0.0,13
2023-05-10 01:09:55,au2312C408,au2312C408,50.52,0.0,0.0,0.0,1,44.8,64.0,1,50.52,0.0,0.0,0.0,0.0,0.0,13
2023-05-10 01:09:55,au2312C408,au2312C408,50.52,0.0,0.0,0.0,1,44.8,64.0,1,50.52,0.0,0.0,0.0,0.0,0.0,13
2023-05-10 01:09:56,au2312C408,au2312C408,50.52,0.0,0.0,0.0,1,44.8,63.98,1,50.52,0.0,0.0,0.0,0.0,0.0,13
2023-05-10 01:09:56,au2312C408,au2312C408,50.52,0.0,0.0,0.0,1,44.8,63.92,1,50.52,0.0,0.0,0.0,0.0,0.0,13
2023-05-10 01:09:57,au2312C408,au2312C408,50.52,0.0,0.0,0.0,1,44.8,63.92,1,50.52,0.0,0.0,0.0,0.0,0.0,13
2023-05-10 01:09:57,au2312C408,au2312C408,50.52,0.0,0.0,0.0,1,44.8,63.9,1,50.52,0.0,0.0,0.0,0.0,0.0,13
2023-05-10 01:09:58,au2312C408,au2312C408,50.52,0.0,0.0,0.0,1,44.8,63.84,1,50.52,0.0,0.0,0.0,0.0,0.0,13
2023-05-10 01:09:58,au2312C408,au2312C408,50.52,0.0,0.0,0.0,1,44.8,63.84,1,50.52,0.0,0.0,0.0,0.0,0.0,13
2023-05-10 01:09:59,au2312C408,au2312C408,50.52,0.0,0.0,0.0,1,44.8,63.82,1,50.52,0.0,0.0,0.0,0.0,0.0,13
2023-05-10 01:09:59,au2312C408,au2312C408,50.52,0.0,0.0,0.0,1,44.8,63.76,1,50.52,0.0,0.0,0.0,0.0,0.0,13
2023-05-10 01:10:00,au2312C408,au2312C408,50.52,0.0,0.0,0.0,1,44.8,63.76,1,50.52,0.0,0.0,0.0,0.0,0.0,13
2023-05-10 01:10:00,au2312C408,au2312C408,50.52,0.0,0.0,0.0,1,44.8,63.74,1,50.52,0.0,0.0,0.0,0.0,0.0,13
2023-05-10 01:10:01,au2312C408,au2312C408,50.52,0.0,0.0,0.0,1,44.8,63.68,1,50.52,0.0,0.0,0.0,0.0,0.0,13
2023-05-10 01:10:01,au2312C408,au2312C408,50.52,0.0,0.0,0.0,1,44.8,63.68,1,50.52,0.0,0.0,0.0,0.0,0.0,13
2023-05-10 01:10:02,au2312C408,au2312C408,50.52,0.0,0.0,0.0,1,44.8,63.66,1,50.52,0.0,0.0,0.0,0.0,0.0,13
2023-05-10 01:10:02,au2312C408,au2312C408,50.52,0.0,0.0,0.0,1,44.8,63.6,1,50.52,0.0,0.0,0.0,0.0,0.0,13
2023-05-10 01:10:03,au2312C408,au2312C408,50.52,0.0,0.0,0.0,1,44.8,63.6,1,50.52,0.0,0.0,0.0,0.0,0.0,13
2023-05-10 01:10:03,au2312C408,au2312C408,50.52,0.0,0.0,0.0,1,44.8,63.58,1,50.52,0.0,0.0,0.0,0.0,0.0,13
2023-05-10 01:10:04,au2312C408,au2312C408,50.52,0.0,0.0,0.0,1,44.8,63.52,1,50.52,0.0,0.0,0.0,0.0,0.0,13
2023-05-10 01:10:04,au2312C408,au2312C408,50.52,0.0,0.0,0.0,1,44.8,63.52,1,50.52,0.0,0.0,0.0,0.0,0.0,13
2023-05-10 01:10:05,au2312C408,au2312C408,50.52,0.0,0.0,0.0,1,44.8,63.5,1,50.52,0.0,0.0,0.0,0.0,0.0,13
2023-05-10 01:10:05,au2312C408,au2312C408,50.52,0.0,0.0,0.0,1,44.8,63.44,1,50.52,0.0,0.0,0.0,0.0,0.0,13
2023-05-10 01:10:06,au2312C408,au2312C408,50.52,0.0,0.0,0.0,1,44.8,63.44,1,50.52,0.0,0.0,0.0,0.0,0.0,13
2023-05-10 01:10:06,au2312C408,au2312C408,50.52,0.0,0.0,0.0,1,44.8,63.42,1,50.52,0.0,0.0,0.0,0.0,0.0,13
2023-05-10 01:10:07,au2312C408,au2312C408,50.52,0.0,0.0,0.0,1,44.8,63.36,1,50.52,0.0,0.0,0.0,0.0,0.0,13
2023-05-10 01:10:07,au2312C408,au2312C408,50.52,0.0,0.0,0.0,1,44.8,63.36,1,50.52,0.0,0.0,0.0,0.0,0.0,13
2023-05-10 01:10:08,au2312C408,au2312C408,50.52,0.0,0.0,0.0,1,44.8,63.34,1,50.52,0.0,0.0,0.0,0.0,0.0,13
2023-05-10 01:10:08,au2312C408,au2312C408,50.52,0.0,0.0,0.0,1,44.8,63.28,1,50.52,0.0,0.0,0.0,0.0,0.0,13
2023-05-10 01:10:09,au2312C408,au2312C408,50.52,0.0,0.0,0.0,1,44.8,63.28,1,50.52,0.0,0.0,0.0,0.0,0.0,13
2023-05-10 01:10:09,au2312C408,au2312C408,50.52,0.0,0.0,0.0,1,44.8,63.26,1,50.52,0.0,0.0,0.0,0.0,0.0,13
2023-05-10 01:10:10,au2312C408,au2312C408,50.52,0.0,0.0,0.0,1,44.8,63.2,1,50.52,0.0,0.0,0.0,0.0,0.0,13
2023-05-10 01:10:10,au2312C408,au2312C408,50.52,0.0,0.0,0.0,1,44.8,63.2,1,50.52,0.0,0.0,0.0,0.0,0.0,13
2023-05-10 01:10:11,au2312C408,au2312C408,50.52,0.0,0.0,0.0,1,44.8,63.18,1,50.52,0.0,0.0,0.0,0.0,0.0,13
2023-05-10 01:10:11,au2312C408,au2312C408,50.52,0.0,0.0,0.0,1,44.8,63.12,1,50.52,0.0,0.0,0.0,0.0,0.0,13
2023-05-10 01:10:12,au2312C408,au2312C408,50.52,0.0,0.0,0.0,1,44.8,63.12,1,50.52,0.0,0.0,0.0,0.0,0.0,13
2023-05-10 01:10:12,au2312C408,au2312C408,50.52,0.0,0.0,0.0,1,44.8,63.1,1,50.52,0.0,0.0,0.0,0.0,0.0,13
2023-05-10 01:10:13,au2312C408,au2312C408,50.52,0.0,0.0,0.0,1,44.8,63.04,1,50.52,0.0,0.0,0.0,0.0,0.0,13
2023-05-10 01:10:13,au2312C408,au2312C408,50.52,0.0,0.0,0.0,1,44.8,63.04,1,50.52,0.0,0.0,0.0,0.0,0.0,13
2023-05-10 01:10:14,au2312C408,au2312C408,50.52,0.0,0.0,0.0,1,44.8,63.02,1,50.52,0.0,0.0,0.0,0.0,0.0,13
2023-05-10 01:10:14,au2312C408,au2312C408,50.52,0.0,0.0,0.0,1,44.8,62.96,1,50.52,0.0,0.0,0.0,0.0,0.0,13
2023-05-10 01:10:15,au2312C408,au2312C408,50.52,0.0,0.0,0.0,1,44.8,62.96,1,50.52,0.0,0.0,0.0,0.0,0.0,13
2023-05-10 01:10:15,au2312C408,au2312C408,50.52,0.0,0.0,0.0,1,44.8,62.94,1,50.52,0.0,0.0,0.0,0.0,0.0,13
2023-05-10 01:10:16,au2312C408,au2312C408,50.52,0.0,0.0,0.0,1,44.8,62.88,1,50.52,0.0,0.0,0.0,0.0,0.0,13
2023-05-10 01:10:16,au2312C408,au2312C408,50.52,0.0,0.0,0.0,1,44.8,62.88,1,50.52,0.0,0.0,0.0,0.0,0.0,13
2023-05-10 01:10:17,au2312C408,au2312C408,50.52,0.0,0.0,0.0,1,44.8,62.86,1,50.52,0.0,0.0,0.0,0.0,0.0,13
2023-05-10 01:10:17,au2312C408,au2312C408,50.52,0.0,0.0,0.0,1,44.8,62.8,1,50.52,0.0,0.0,0.0,0.0,0.0,13
2023-05-10 01:10:18,au2312C408,au2312C408,50.52,0.0,0.0,0.0,1,44.8,62.8,1,50.52,0.0,0.0,0.0,0.0,0.0,13
2023-05-10 01:10:18,au2312C408,au2312C408,50.52,0.0,0.0,0.0,1,44.8,62.78,1,50.52,0.0,0.0,0.0,0.0,0.0,13
2023-05-10 01:10:19,au2312C408,au2312C408,50.52,0.0,0.0,0.0,1,44.8,62.72,1,50.52,0.0,0.0,0.0,0.0,0.0,13
2023-05-10 01:10:19,au2312C408,au2312C408,50.52,0.0,0.0,0.0,1,44.8,62.72,1,50.52,0.0,0.0,0.0,0.0,0.0,13
2023-05-10 01:10:20,au2312C408,au2312C408,50.52,0.0,0.0,0.0,1,44.8,62.7,1,50.52,0.0,0.0,0.0,0.0,0.0,13
2023-05-10 01:10:20,au2312C408,au2312C408,50.52,0.0,0.0,0.0,1,44.8,62.64,1,50.52,0.0,0.0,0.0,0.0,0.0,13
2023-05-10 01:10:21,au2312C408,au2312C408,50.52,0.0,0.0,0.0,1,44.8,62.64,1,50.52,0.0,0.0,0.0,0.0,0.0,13
2023-05-10 01:10:21,au2312C408,au2312C408,50.52,0.0,0.0,0.0,1,44.8,62.62,1,50.52,0.0,0.0,0.0,0.0,0.0,13
2023-05-10 01:10:22,au2312C408,au2312C408,50.52,0.0,0.0,0.0,1,44.8,62.56,1,50.52,0.0,0.0,0.0,0.0,0.0,13
2023-05-10 01:10:22,au2312C408,au2312C408,50.52,0.0,0.0,0.0,1,44.8,62.56,1,50.52,0.0,0.0,0.0,0.0,0.0,13
2023-05-10 01:10:23,au2312C408,au2312C408,50.52,0.0,0.0,0.0,1,44.8,62.54,1,50.52,0.0,0.0,0.0,0.0,0.0,13
2023-05-10 01:10:23,au2312C408,au2312C408,50.52,0.0,0.0,0.0,1,44.8,62.48,1,50.52,0.0,0.0,0.0,0.0,0.0,13
2023-05-10 01:10:24,au2312C408,au2312C408,50.52,0.0,0.0,0.0,1,44.8,62.48,1,50.52,0.0,0.0,0.0,0.0,0.0,13
2023-05-10 01:10:24,au2312C408,au2312C408,50.52,0.0,0.0,0.0,1,44.8,62.46,1,50.52,0.0,0.0,0.0,0.0,0.0,13
2023-05-10 01:10:25,au2312C408,au2312C408,50.52,0.0,0.0,0.0,1,44.8,62.4,1,50.52,0.0,0.0,0.0,0.0,0.0,13
2023-05-10 01:10:25,au2312C408,au2312C408,50.52,0.0,0.0,0.0,1,44.8,62.4,1,50.52,0.0,0.0,0.0,0.0,0.0,13
2023-05-10 01:10:26,au2312C408,au2312C408,50.52,0.0,0.0,0.0,1,44.8,62.38,1,50.52,0.0,0.0,0.0,0.0,0.0,13
2023-05-10 01:10:26,au2312C408,au2312C408,50.52,0.0,0.0,0.0,1,44.8,62.32,1,50.52,0.0,0.0,0.0,0.0,0.0,13
2023-05-10 01:10:27,au2312C408,au2312C408,50.52,0.0,0.0,0.0,1,44.8,62.32,1,50.52,0.0,0.0,0.0,0.0,0.0,13
2023-05-10 01:10:27,au2312C408,au2312C408,50.52,0.0,0.0,0.0,1,44.8,62.3,1,50.52,0.0,0.0,0.0,0.0,0.0,13
2023-05-10 01:10:28,au2312C408,au2312C408,50.52,0.0,0.0,0.0,1,44.8,62.24,1,50.52,0.0,0.0,0.0,0.0,0.0,13
2023-05-10 01:10:28,au2312C408,au2312C408,50.52,0.0,0.0,0.0,1,44.8,62.24,1,50.52,0.0,0.0,0.0,0.0,0.0,13
2023-05-10 01:10:29,au2312C408,au2312C408,50.52,0.0,0.0,0.0,1,44.8,62.22,1,50.52,0.0,0.0,0.0,0.0,0.0,13
2023-05-10 01:10:29,au2312C408,au2312C408,50.52,0.0,0.0,0.0,1,44.8,62.16,1,50.52,0.0,0.0,0.0,0.0,0.0,13
2023-05-10 01:10:30,au2312C408,au2312C408,50.52,0.0,0.0,0.0,1,44.8,62.16,1,50.52,0.0,0.0,0.0,0.0,0.0,13
2023-05-10 01:10:30,au2312C408,au2312C408,50.52,0.0,0.0,0.0,1,44.8,62.14,1,50.52,0.0,0.0,0.0,0.0,0.0,13
2023-05-10 01:10:31,au2312C408,au2312C408,50.52,0.0,0.0,0.0,1,44.8,62.08,1,50.52,0.0,0.0,0.0,0.0,0.0,13
2023-05-10 01:10:31,au2312C408,au2312C408,50.52,0.0,0.0,0.0,1,44.8,62.08,1,50.52,0.0,0.0,0.0,0.0,0.0,13
2023-05-10 01:10:32,au2312C408,au2312C408,50.52,0.0,0.0,0.0,1,44.8,62.06,1,50.52,0.0,0.0,0.0,0.0,0.0,13
2023-05-10 01:10:32,au2312C408,au2312C408,50.52,0.0,0.0,0.0,1,44.8,62.0,1,50.52,0.0,0.0,0.0,0.0,0.0,13
2023-05-10 01:10:33,au2312C408,au2312C408,50.52,0.0,0.0,0.0,1,44.8,62.0,1,50.52,0.0,0.0,0.0,0.0,0.0,13
2023-05-10 01:10:33,au2312C408,au2312C408,50.52,0.0,0.0,0.0,1,44.8,61.98,1,50.52,0.0,0.0,0.0,0.0,0.0,13
2023-05-10 01:10:34,au2312C408,au2312C408,50.52,0.0,0.0,0.0,1,44.8,61.92,1,50.52,0.0,0.0,0.0,0.0,0.0,13
2023-05-10 01:10:34,au2312C408,au2312C408,50.52,0.0,0.0,0.0,1,44.8,61.92,1,50.52,0.0,0.0,0.0,0.0,0.0,13
2023-05-10 01:10:35,au2312C408,au2312C408,50.52,0.0,0.0,0.0,1,44.8,61.9,1,50.52,0.0,0.0,0.0,0.0,0.0,13
2023-05-10 01:10:35,au2312C408,au2312C408,50.52,0.0,0.0,0.0,1,44.8,61.84,1,50.52,0.0,0.0,0.0,0.0,0.0,13
2023-05-10 01:10:36,au2312C408,au2312C408,50.52,0.0,0.0,0.0,1,44.8,61.84,1,50.52,0.0,0.0,0.0,0.0,0.0,13
2023-05-10 01:10:36,au2312C408,au2312C408,50.52,0.0,0.0,0.0,1,44.8,61.82,1,50.52,0.0,0.0,0.0,0.0,0.0,13
2023-05-10 01:10:37,au2312C408,au2312C408,50.52,0.0,0.0,0.0,1,44.8,61.76,1,50.52,0.0,0.0,0.0,0.0,0.0,13
2023-05-10 01:10:37,au2312C408,au2312C408,50.52,0.0,0.0,0.0,1,44.8,61.76,1,50.52,0.0,0.0,0.0,0.0,0.0,13
2023-05-10 01:10:38,au2312C408,au2312C408,50.52,0.0,0.0,0.0,1,44.8,61.74,1,50.52,0.0,0.0,0.0,0.0,0.0,13
2023-05-10 01:10:38,au2312C408,au2312C408,50.52,0.0,0.0,0.0,1,44.8,61.68,1,50.52,0.0,0.0,0.0,0.0,0.0,13
2023-05-10 01:10:39,au2312C408,au2312C408,50.52,0.0,0.0,0.0,1,44.8,61.68,1,50.52,0.0,0.0,0.0,0.0,0.0,13
2023-05-10 01:10:39,au2312C408,au2312C408,50.52,0.0,0.0,0.0,1,44.8,61.66,1,50.52,0.0,0.0,0.0,0.0,0.0,13
2023-05-10 01:10:40,au2312C408,au2312C408,50.52,0.0,0.0,0.0,1,44.8,61.6,1,50.52,0.0,0.0,0.0,0.0,0.0,13
2023-05-10 01:10:40,au2312C408,au2312C408,50.52,0.0,0.0,0.0,1,44.8,61.6,1,50.52,0.0,0.0,0.0,0.0,0.0,13
2023-05-10 01:10:41,au2312C408,au2312C408,50.52,0.0,0.0,0.0,1,44.8,61.58,1,50.52,0.0,0.0,0.0,0.0,0.0,13
2023-05-10 01:10:41,au2312C408,au2312C408,50.52,0.0,0.0,0.0,1,44.8,61.58,1,50.52,0.0,0.0,0.0,0.0,0.0,13
2023-05-10 01:32:01,au2312C408,au2312C408,50.52,0.0,0.0,0.0,1,44.0,0.0,0,50.52,0.0,0.0,0.0,0.0,0.0,13
2023-05-10 01:32:02,au2312C408,au2312C408,50.52,0.0,0.0,0.0,1,44.06,82.72,1,50.52,0.0,0.0,0.0,0.0,0.0,13
2023-05-10 02:29:52,au2312C408,au2312C408,50.52,0.0,0.0,0.0,1,44.0,0.0,0,50.52,0.0,0.0,0.0,0.0,0.0,13
2023-05-10 09:00:00,au2312C408,au2312C408,50.52,0.0,0.0,0.0,1,45.56,0.0,0,50.52,0.0,0.0,0.0,0.0,0.0,13
2023-05-10 09:00:02,au2312C408,au2312C408,50.52,0.0,0.0,0.0,1,45.56,61.36,1,50.52,0.0,0.0,0.0,0.0,0.0,13
2023-05-10 09:00:03,au2312C408,au2312C408,50.52,0.0,0.0,0.0,1,45.58,61.34,1,50.52,0.0,0.0,0.0,0.0,0.0,13
2023-05-10 09:00:04,au2312C408,au2312C408,50.52,0.0,0.0,0.0,1,47.84,59.08,1,50.52,0.0,0.0,0.0,0.0,0.0,13
2023-05-10 09:00:04,au2312C408,au2312C408,50.52,0.0,0.0,0.0,1,47.84,59.08,1,50.52,0.0,0.0,0.0,0.0,0.0,13
2023-05-10 09:00:05,au2312C408,au2312C408,50.52,0.0,0.0,0.0,1,47.86,59.06,1,50.52,0.0,0.0,0.0,0.0,0.0,13
2023-05-10 09:00:05,au2312C408,au2312C408,50.52,0.0,0.0,0.0,1,49.9,56.8,1,50.52,0.0,0.0,0.0,0.0,0.0,13
2023-05-10 09:00:06,au2312C408,au2312C408,50.52,0.0,0.0,0.0,1,49.9,56.8,1,50.52,0.0,0.0,0.0,0.0,0.0,13
2023-05-10 09:00:06,au2312C408,au2312C408,50.52,0.0,0.0,0.0,1,49.92,56.78,1,50.52,0.0,0.0,0.0,0.0,0.0,13
2023-05-10 09:00:07,au2312C408,au2312C408,50.52,0.0,0.0,0.0,1,49.92,54.62,1,50.52,0.0,0.0,0.0,0.0,0.0,13
2023-05-10 09:00:07,au2312C408,au2312C408,50.52,0.0,0.0,0.0,1,49.92,54.62,1,50.52,0.0,0.0,0.0,0.0,0.0,13
2023-05-10 09:00:08,au2312C408,au2312C408,50.52,0.0,0.0,0.0,1,49.92,54.6,1,50.52,0.0,0.0,0.0,0.0,0.0,13
2023-05-10 10:14:33,au2312C408,au2312C408,50.52,0.0,0.0,0.0,1,49.9,54.62,1,50.52,0.0,0.0,0.0,0.0,0.0,13
2023-05-10 10:30:04,au2312C408,au2312C408,50.52,0.0,0.0,0.0,1,49.92,54.6,1,50.52,0.0,0.0,0.0,0.0,0.0,13
2023-05-10 11:29:33,au2312C408,au2312C408,50.52,0.0,0.0,0.0,1,49.9,54.62,1,50.52,0.0,0.0,0.0,0.0,0.0,13
2023-05-10 11:29:39,au2312C408,au2312C408,50.52,0.0,0.0,0.0,1,46.26,54.62,1,50.52,0.0,0.0,0.0,0.0,0.0,13
2023-05-10 13:30:55,au2312C408,au2312C408,50.52,0.0,0.0,0.0,1,46.28,54.6,1,50.52,0.0,0.0,0.0,0.0,0.0,13
2023-05-10 13:30:57,au2312C408,au2312C408,50.52,0.0,0.0,0.0,1,49.26,54.6,1,50.52,0.0,0.0,0.0,0.0,0.0,13
2023-05-10 13:30:58,au2312C408,au2312C408,50.52,0.0,0.0,0.0,1,49.26,54.6,1,50.52,0.0,0.0,0.0,0.0,0.0,13
2023-05-10 13:30:58,au2312C408,au2312C408,50.52,0.0,0.0,0.0,1,49.28,54.6,1,50.52,0.0,0.0,0.0,0.0,0.0,13
2023-05-10 14:09:04,au2312C408,au2312C408,50.52,0.0,0.0,0.0,1,51.02,51.52,1,50.52,0.0,0.0,0.0,0.0,0.0,13
2023-05-10 14:09:05,au2312C408,au2312C408,50.52,0.0,0.0,0.0,1,51.02,51.52,1,50.52,0.0,0.0,0.0,0.0,0.0,13
2023-05-10 14:09:07,au2312C408,au2312C408,50.52,0.0,0.0,0.0,1,51.02,51.52,1,50.52,0.0,0.0,0.0,0.0,0.0,13
2023-05-10 14:09:08,au2312C408,au2312C408,50.52,0.0,0.0,0.0,1,51.3,51.52,1,50.52,0.0,0.0,0.0,0.0,0.0,13
2023-05-10 14:09:08,au2312C408,au2312C408,50.52,0.0,0.0,0.0,1,51.3,51.52,1,50.52,0.0,0.0,0.0,0.0,0.0,13
2023-05-10 14:09:09,au2312C408,au2312C408,50.52,0.0,0.0,0.0,1,51.3,51.52,1,50.52,0.0,0.0,0.0,0.0,0.0,13
2023-05-10 14:09:10,au2312C408,au2312C408,50.52,0.0,0.0,0.0,1,51.3,51.42,1,50.52,0.0,0.0,0.0,0.0,0.0,13
2023-05-10 14:09:11,au2312C408,au2312C408,50.52,0.0,0.0,0.0,1,51.3,51.42,1,50.52,0.0,0.0,0.0,0.0,0.0,13
2023-05-10 14:09:11,au2312C408,au2312C408,50.52,0.0,0.0,0.0,1,51.3,51.42,1,50.52,0.0,0.0,0.0,0.0,0.0,13
2023-05-10 14:09:12,au2312C408,au2312C408,50.52,0.0,0.0,0.0,2,51.3,51.42,2,50.52,0.0,0.0,0.0,0.0,0.0,13
2023-05-10 14:09:12,au2312C408,au2312C408,50.52,0.0,0.0,0.0,2,51.3,51.42,2,50.52,0.0,0.0,0.0,0.0,0.0,13
2023-05-10 14:09:14,au2312C408,au2312C408,50.52,0.0,0.0,0.0,2,51.3,51.42,2,50.52,0.0,0.0,0.0,0.0,0.0,13
2023-05-10 14:09:15,au2312C408,au2312C408,50.52,0.0,0.0,0.0,2,51.3,51.42,2,50.52,0.0,0.0,0.0,0.0,0.0,13
2023-05-10 14:09:16,au2312C408,au2312C408,50.52,0.0,0.0,0.0,3,51.3,51.42,2,50.52,0.0,0.0,0.0,0.0,0.0,13
2023-05-10 14:09:19,au2312C408,au2312C408,50.52,0.0,0.0,0.0,2,51.3,51.42,2,50.52,0.0,0.0,0.0,0.0,0.0,13
2023-05-10 14:09:21,au2312C408,au2312C408,50.52,0.0,0.0,0.0,2,51.3,51.42,1,50.52,0.0,0.0,0.0,0.0,0.0,13
2023-05-10 14:09:22,au2312C408,au2312C408,50.52,0.0,0.0,0.0,2,51.3,51.42,1,50.52,0.0,0.0,0.0,0.0,0.0,13
2023-05-10 14:09:22,au2312C408,au2312C408,50.52,0.0,0.0,0.0,2,51.3,51.42,1,50.52,0.0,0.0,0.0,0.0,0.0,13
2023-05-10 14:09:23,au2312C408,au2312C408,50.52,0.0,0.0,0.0,2,51.3,51.42,1,50.52,0.0,0.0,0.0,0.0,0.0,13
2023-05-10 14:09:24,au2312C408,au2312C408,50.52,0.0,0.0,0.0,1,51.3,51.44,1,50.52,0.0,0.0,0.0,0.0,0.0,13
2023-05-10 14:09:25,au2312C408,au2312C408,50.52,0.0,0.0,0.0,1,51.3,51.44,1,50.52,0.0,0.0,0.0,0.0,0.0,13
2023-05-10 14:09:25,au2312C408,au2312C408,50.52,0.0,0.0,0.0,1,51.3,51.48,1,50.52,0.0,0.0,0.0,0.0,0.0,13
2023-05-10 14:09:27,au2312C408,au2312C408,50.52,0.0,0.0,0.0,1,50.36,52.36,1,50.52,0.0,0.0,0.0,0.0,0.0,13
2023-05-10 14:09:27,au2312C408,au2312C408,50.52,0.0,0.0,0.0,1,50.38,52.34,1,50.52,0.0,0.0,0.0,0.0,0.0,13
2023-05-10 14:09:29,au2312C408,au2312C408,50.52,0.0,0.0,0.0,1,50.38,52.34,1,50.52,0.0,0.0,0.0,0.0,0.0,13
2023-05-10 14:10:08,au2312C408,au2312C408,50.52,0.0,0.0,0.0,1,50.38,54.62,1,50.52,0.0,0.0,0.0,0.0,0.0,13
2023-05-10 14:10:08,au2312C408,au2312C408,50.52,0.0,0.0,0.0,1,50.38,54.6,1,50.52,0.0,0.0,0.0,0.0,0.0,13
2023-05-10 14:22:58,au2312C408,au2312C408,50.52,0.0,0.0,0.0,1,49.26,54.6,1,50.52,0.0,0.0,0.0,0.0,0.0,13
2023-05-10 14:22:59,au2312C408,au2312C408,50.52,0.0,0.0,0.0,1,49.28,54.6,1,50.52,0.0,0.0,0.0,0.0,0.0,13
2023-05-10 14:46:05,au2312C408,au2312C408,50.52,0.0,0.0,0.0,1,49.28,54.6,1,50.52,0.0,0.0,0.0,0.0,0.0,13
2023-05-10 14:46:08,au2312C408,au2312C408,50.52,0.0,0.0,0.0,1,49.28,54.6,1,50.52,0.0,0.0,0.0,0.0,0.0,13
2023-05-10 14:46:15,au2312C408,au2312C408,50.52,0.0,0.0,0.0,1,49.38,53.98,1,50.52,0.0,0.0,0.0,0.0,0.0,13
2023-05-10 14:46:15,au2312C408,au2312C408,50.52,0.0,0.0,0.0,1,49.38,53.98,1,50.52,0.0,0.0,0.0,0.0,0.0,13
2023-05-10 14:46:16,au2312C408,au2312C408,50.52,0.0,0.0,0.0,1,49.4,53.96,1,50.52,0.0,0.0,0.0,0.0,0.0,13
2023-05-10 14:51:19,au2312C408,au2312C408,50.52,0.0,0.0,0.0,1,49.4,53.96,1,50.52,0.0,0.0,0.0,0.0,0.0,13
2023-05-10 14:55:51,au2312C408,au2312C408,50.52,0.0,0.0,0.0,1,49.4,53.96,1,50.52,0.0,0.0,0.0,0.0,0.0,13
2023-05-10 14:55:53,au2312C408,au2312C408,50.52,0.0,0.0,0.0,1,49.6,53.96,1,50.52,0.0,0.0,0.0,0.0,0.0,13
2023-05-10 14:55:53,au2312C408,au2312C408,50.52,0.0,0.0,0.0,1,49.6,53.96,1,50.52,0.0,0.0,0.0,0.0,0.0,13
2023-05-10 14:55:54,au2312C408,au2312C408,50.52,0.0,0.0,0.0,1,49.62,53.96,1,50.52,0.0,0.0,0.0,0.0,0.0,13
2023-05-10 14:59:03,au2312C408,au2312C408,50.52,0.0,0.0,0.0,1,49.6,54.18,1,50.52,0.0,0.0,0.0,0.0,0.0,13
2023-05-10 15:14:42,au2312C408,au2312C408,50.52,0.0,0.0,0.0,1,49.6,54.18,1,50.52,0.0,0.0,0.0,0.0,0.0,13
