time,symbol_id,symbol_name,last,trade_volume,trade_amount,open_interest_change,bv1,bp1,ap1,av1,yesterday_close,today_open,today_high,today_low,volume,amount,open_interest
2023-05-09 21:00:03,au2312P488,au2312P488,40.6,0.0,0.0,0.0,1,31.32,49.52,1,40.6,40.16,0.0,0.0,0.0,0.0,10
2023-05-09 21:00:08,au2312P488,au2312P488,40.6,0.0,0.0,0.0,1,31.34,49.5,1,40.6,40.16,0.0,0.0,0.0,0.0,10
2023-05-09 21:00:09,au2312P488,au2312P488,40.6,0.0,0.0,0.0,1,33.58,47.26,1,40.6,40.16,0.0,0.0,0.0,0.0,10
2023-05-09 21:00:10,au2312P488,au2312P488,40.6,0.0,0.0,0.0,1,33.58,47.26,1,40.6,40.16,0.0,0.0,0.0,0.0,10
2023-05-09 21:00:10,au2312P488,au2312P488,40.6,0.0,0.0,0.0,1,33.6,47.24,1,40.6,40.16,0.0,0.0,0.0,0.0,10
2023-05-09 21:00:11,au2312P488,au2312P488,40.6,0.0,0.0,0.0,1,35.84,45.0,1,40.6,40.16,0.0,0.0,0.0,0.0,10
2023-05-09 21:00:11,au2312P488,au2312P488,40.6,0.0,0.0,0.0,1,35.86,44.98,1,40.6,40.16,0.0,0.0,0.0,0.0,10
2023-05-09 21:00:12,au2312P488,au2312P488,40.6,0.0,0.0,0.0,1,38.1,42.74,1,40.6,40.16,0.0,0.0,0.0,0.0,10
2023-05-09 21:00:12,au2312P488,au2312P488,40.6,0.0,0.0,0.0,1,38.1,42.74,1,40.6,40.16,0.0,0.0,0.0,0.0,10
2023-05-09 21:00:13,au2312P488,au2312P488,40.6,0.0,0.0,0.0,1,38.12,42.72,1,40.6,40.16,0.0,0.0,0.0,0.0,10
2023-05-09 21:00:13,au2312P488,au2312P488,40.6,0.0,0.0,0.0,1,39.46,41.54,1,40.6,40.16,0.0,0.0,0.0,0.0,10
2023-05-09 21:00:14,au2312P488,au2312P488,40.6,0.0,0.0,0.0,1,39.48,41.52,1,40.6,40.16,0.0,0.0,0.0,0.0,10
2023-05-09 21:03:07,au2312P488,au2312P488,40.6,0.0,0.0,0.0,1,39.48,41.54,1,40.6,40.16,0.0,0.0,0.0,0.0,10
2023-05-09 21:13:22,au2312P488,au2312P488,40.6,0.0,0.0,0.0,1,39.48,41.52,1,40.6,40.16,0.0,0.0,0.0,0.0,10
2023-05-09 21:14:29,au2312P488,au2312P488,40.6,0.0,0.0,0.0,1,39.48,41.54,1,40.6,40.16,0.0,0.0,0.0,0.0,10
2023-05-09 21:14:30,au2312P488,au2312P488,40.6,0.0,0.0,0.0,1,39.48,41.54,2,40.6,40.16,0.0,0.0,0.0,0.0,10
2023-05-09 21:30:11,au2312P488,au2312P488,40.6,0.0,0.0,0.0,1,39.48,41.54,1,40.6,40.16,0.0,0.0,0.0,0.0,10
2023-05-09 21:30:40,au2312P488,au2312P488,40.6,0.0,0.0,0.0,1,39.48,41.52,1,40.6,40.16,0.0,0.0,0.0,0.0,10
2023-05-09 21:30:49,au2312P488,au2312P488,40.6,0.0,0.0,0.0,1,39.48,41.54,1,40.6,40.16,0.0,0.0,0.0,0.0,10
2023-05-09 21:30:49,au2312P488,au2312P488,40.6,0.0,0.0,0.0,1,39.48,41.54,2,40.6,40.16,0.0,0.0,0.0,0.0,10
2023-05-09 21:38:12,au2312P488,au2312P488,40.6,0.0,0.0,0.0,1,39.48,41.54,1,40.6,40.16,0.0,0.0,0.0,0.0,10
2023-05-09 21:38:13,au2312P488,au2312P488,40.6,0.0,0.0,0.0,1,39.48,41.54,2,40.6,40.16,0.0,0.0,0.0,0.0,10
2023-05-09 21:38:14,au2312P488,au2312P488,40.6,0.0,0.0,0.0,1,39.48,41.54,1,40.6,40.16,0.0,0.0,0.0,0.0,10
2023-05-09 21:38:15,au2312P488,au2312P488,40.6,0.0,0.0,0.0,1,39.48,41.52,1,40.6,40.16,0.0,0.0,0.0,0.0,10
2023-05-09 21:38:16,au2312P488,au2312P488,40.6,0.0,0.0,0.0,1,39.48,41.54,1,40.6,40.16,0.0,0.0,0.0,0.0,10
2023-05-09 21:38:17,au2312P488,au2312P488,40.6,0.0,0.0,0.0,1,39.48,41.52,1,40.6,40.16,0.0,0.0,0.0,0.0,10
2023-05-09 21:38:44,au2312P488,au2312P488,40.6,0.0,0.0,0.0,1,39.48,41.54,1,40.6,40.16,0.0,0.0,0.0,0.0,10
2023-05-09 21:38:44,au2312P488,au2312P488,40.6,0.0,0.0,0.0,1,39.48,41.52,1,40.6,40.16,0.0,0.0,0.0,0.0,10
2023-05-09 21:38:45,au2312P488,au2312P488,40.6,0.0,0.0,0.0,1,39.48,41.54,1,40.6,40.16,0.0,0.0,0.0,0.0,10
2023-05-09 21:38:45,au2312P488,au2312P488,40.6,0.0,0.0,0.0,1,39.48,41.52,1,40.6,40.16,0.0,0.0,0.0,0.0,10
2023-05-09 21:52:03,au2312P488,au2312P488,40.6,0.0,0.0,0.0,1,39.46,41.52,1,40.6,40.16,0.0,0.0,0.0,0.0,10
2023-05-09 21:52:03,au2312P488,au2312P488,40.6,0.0,0.0,0.0,1,39.48,41.52,1,40.6,40.16,0.0,0.0,0.0,0.0,10
2023-05-09 21:52:04,au2312P488,au2312P488,40.6,0.0,0.0,0.0,1,39.46,41.52,1,40.6,40.16,0.0,0.0,0.0,0.0,10
2023-05-09 21:52:04,au2312P488,au2312P488,40.6,0.0,0.0,0.0,2,39.46,41.52,1,40.6,40.16,0.0,0.0,0.0,0.0,10
2023-05-09 21:52:25,au2312P488,au2312P488,40.6,0.0,0.0,0.0,1,39.46,41.52,1,40.6,40.16,0.0,0.0,0.0,0.0,10
2023-05-09 21:55:20,au2312P488,au2312P488,40.6,0.0,0.0,0.0,2,39.46,41.52,1,40.6,40.16,0.0,0.0,0.0,0.0,10
2023-05-09 21:55:38,au2312P488,au2312P488,40.6,0.0,0.0,0.0,1,39.46,41.52,1,40.6,40.16,0.0,0.0,0.0,0.0,10
2023-05-09 21:55:54,au2312P488,au2312P488,40.6,0.0,0.0,0.0,2,39.46,41.52,1,40.6,40.16,0.0,0.0,0.0,0.0,10
2023-05-09 21:55:56,au2312P488,au2312P488,40.6,0.0,0.0,0.0,1,39.46,41.52,1,40.6,40.16,0.0,0.0,0.0,0.0,10
2023-05-09 21:56:51,au2312P488,au2312P488,40.6,0.0,0.0,0.0,1,39.48,41.52,1,40.6,40.16,0.0,0.0,0.0,0.0,10
2023-05-09 21:56:56,au2312P488,au2312P488,40.6,0.0,0.0,0.0,1,39.46,41.52,1,40.6,40.16,0.0,0.0,0.0,0.0,10
2023-05-09 21:56:56,au2312P488,au2312P488,40.6,0.0,0.0,0.0,2,39.46,41.52,1,40.6,40.16,0.0,0.0,0.0,0.0,10
2023-05-09 21:57:52,au2312P488,au2312P488,40.6,0.0,0.0,0.0,1,39.46,41.52,1,40.6,40.16,0.0,0.0,0.0,0.0,10
2023-05-09 21:58:16,au2312P488,au2312P488,40.6,0.0,0.0,0.0,1,39.48,41.52,1,40.6,40.16,0.0,0.0,0.0,0.0,10
2023-05-09 21:58:40,au2312P488,au2312P488,40.6,0.0,0.0,0.0,1,39.46,41.52,1,40.6,40.16,0.0,0.0,0.0,0.0,10
2023-05-09 21:58:40,au2312P488,au2312P488,40.6,0.0,0.0,0.0,2,39.46,41.52,1,40.6,40.16,0.0,0.0,0.0,0.0,10
2023-05-09 21:58:46,au2312P488,au2312P488,40.6,0.0,0.0,0.0,1,39.46,41.52,1,40.6,40.16,0.0,0.0,0.0,0.0,10
2023-05-09 21:59:12,au2312P488,au2312P488,40.6,0.0,0.0,0.0,2,39.46,41.52,1,40.6,40.16,0.0,0.0,0.0,0.0,10
2023-05-09 21:59:12,au2312P488,au2312P488,40.6,0.0,0.0,0.0,1,39.46,41.52,1,40.6,40.16,0.0,0.0,0.0,0.0,10
2023-05-09 22:00:20,au2312P488,au2312P488,40.6,0.0,0.0,0.0,2,39.46,41.52,1,40.6,40.16,0.0,0.0,0.0,0.0,10
2023-05-09 22:00:32,au2312P488,au2312P488,40.6,0.0,0.0,0.0,1,39.46,41.52,1,40.6,40.16,0.0,0.0,0.0,0.0,10
2023-05-09 22:00:53,au2312P488,au2312P488,40.6,0.0,0.0,0.0,2,39.46,41.52,1,40.6,40.16,0.0,0.0,0.0,0.0,10
2023-05-09 22:01:24,au2312P488,au2312P488,40.6,0.0,0.0,0.0,1,39.46,41.52,1,40.6,40.16,0.0,0.0,0.0,0.0,10
2023-05-09 22:01:24,au2312P488,au2312P488,40.6,0.0,0.0,0.0,2,39.46,41.52,1,40.6,40.16,0.0,0.0,0.0,0.0,10
2023-05-09 22:01:26,au2312P488,au2312P488,40.6,0.0,0.0,0.0,1,39.46,41.52,1,40.6,40.16,0.0,0.0,0.0,0.0,10
2023-05-09 22:01:27,au2312P488,au2312P488,40.6,0.0,0.0,0.0,2,39.46,41.52,1,40.6,40.16,0.0,0.0,0.0,0.0,10
2023-05-09 22:01:29,au2312P488,au2312P488,40.6,0.0,0.0,0.0,1,39.46,41.52,1,40.6,40.16,0.0,0.0,0.0,0.0,10
2023-05-09 22:02:40,au2312P488,au2312P488,40.6,0.0,0.0,0.0,1,39.48,41.52,1,40.6,40.16,0.0,0.0,0.0,0.0,10
2023-05-09 22:04:02,au2312P488,au2312P488,40.6,0.0,0.0,0.0,1,39.46,41.52,1,40.6,40.16,0.0,0.0,0.0,0.0,10
2023-05-09 22:04:03,au2312P488,au2312P488,40.6,0.0,0.0,0.0,2,39.46,41.52,1,40.6,40.16,0.0,0.0,0.0,0.0,10
2023-05-09 22:04:16,au2312P488,au2312P488,40.6,0.0,0.0,0.0,1,39.46,41.52,1,40.6,40.16,0.0,0.0,0.0,0.0,10
2023-05-09 22:04:23,au2312P488,au2312P488,40.6,0.0,0.0,0.0,2,39.46,41.52,1,40.6,40.16,0.0,0.0,0.0,0.0,10
2023-05-09 22:04:40,au2312P488,au2312P488,40.6,0.0,0.0,0.0,1,39.46,41.52,1,40.6,40.16,0.0,0.0,0.0,0.0,10
2023-05-09 22:05:07,au2312P488,au2312P488,40.6,0.0,0.0,0.0,1,39.48,41.52,1,40.6,40.16,0.0,0.0,0.0,0.0,10
2023-05-09 22:07:47,au2312P488,au2312P488,40.6,0.0,0.0,0.0,1,39.46,41.52,1,40.6,40.16,0.0,0.0,0.0,0.0,10
2023-05-09 22:07:47,au2312P488,au2312P488,40.6,0.0,0.0,0.0,2,39.46,41.52,1,40.6,40.16,0.0,0.0,0.0,0.0,10
2023-05-09 22:07:48,au2312P488,au2312P488,40.6,0.0,0.0,0.0,1,39.46,41.52,1,40.6,40.16,0.0,0.0,0.0,0.0,10
2023-05-09 22:08:08,au2312P488,au2312P488,40.6,0.0,0.0,0.0,2,39.46,41.52,1,40.6,40.16,0.0,0.0,0.0,0.0,10
2023-05-09 22:08:08,au2312P488,au2312P488,40.6,0.0,0.0,0.0,1,39.46,41.52,1,40.6,40.16,0.0,0.0,0.0,0.0,10
2023-05-09 22:08:09,au2312P488,au2312P488,40.6,0.0,0.0,0.0,2,39.46,41.52,1,40.6,40.16,0.0,0.0,0.0,0.0,10
2023-05-09 22:08:11,au2312P488,au2312P488,40.6,0.0,0.0,0.0,1,39.46,41.52,1,40.6,40.16,0.0,0.0,0.0,0.0,10
2023-05-09 22:08:54,au2312P488,au2312P488,40.6,0.0,0.0,0.0,2,39.46,41.52,1,40.6,40.16,0.0,0.0,0.0,0.0,10
2023-05-09 22:09:02,au2312P488,au2312P488,40.6,0.0,0.0,0.0,1,39.46,41.52,1,40.6,40.16,0.0,0.0,0.0,0.0,10
2023-05-09 22:09:41,au2312P488,au2312P488,40.6,0.0,0.0,0.0,1,39.48,41.52,1,40.6,40.16,0.0,0.0,0.0,0.0,10
2023-05-09 22:25:12,au2312P488,au2312P488,40.6,0.0,0.0,0.0,1,39.48,41.54,1,40.6,40.16,0.0,0.0,0.0,0.0,10
2023-05-09 22:25:13,au2312P488,au2312P488,40.6,0.0,0.0,0.0,1,39.48,41.54,2,40.6,40.16,0.0,0.0,0.0,0.0,10
2023-05-09 22:25:26,au2312P488,au2312P488,40.6,0.0,0.0,0.0,1,39.48,41.54,1,40.6,40.16,0.0,0.0,0.0,0.0,10
2023-05-09 22:26:09,au2312P488,au2312P488,40.6,0.0,0.0,0.0,1,39.48,41.52,1,40.6,40.16,0.0,0.0,0.0,0.0,10
2023-05-09 22:32:51,au2312P488,au2312P488,40.6,0.0,0.0,0.0,1,39.48,41.54,1,40.6,40.16,0.0,0.0,0.0,0.0,10
2023-05-09 22:32:52,au2312P488,au2312P488,40.6,0.0,0.0,0.0,1,39.48,41.54,2,40.6,40.16,0.0,0.0,0.0,0.0,10
2023-05-09 22:57:04,au2312P488,au2312P488,40.6,0.0,0.0,0.0,1,39.46,41.54,1,40.6,40.16,0.0,0.0,0.0,0.0,10
2023-05-09 23:00:32,au2312P488,au2312P488,40.6,0.0,0.0,0.0,1,39.48,41.54,2,40.6,40.16,0.0,0.0,0.0,0.0,10
2023-05-09 23:02:01,au2312P488,au2312P488,40.6,0.0,0.0,0.0,1,39.48,41.54,1,40.6,40.16,0.0,0.0,0.0,0.0,10
2023-05-09 23:08:50,au2312P488,au2312P488,40.6,0.0,0.0,0.0,1,39.48,41.52,1,40.6,40.16,0.0,0.0,0.0,0.0,10
2023-05-09 23:09:44,au2312P488,au2312P488,40.6,0.0,0.0,0.0,1,39.48,41.54,1,40.6,40.16,0.0,0.0,0.0,0.0,10
2023-05-09 23:11:19,au2312P488,au2312P488,40.6,0.0,0.0,0.0,1,39.48,41.52,1,40.6,40.16,0.0,0.0,0.0,0.0,10
2023-05-09 23:16:01,au2312P488,au2312P488,40.6,0.0,0.0,0.0,1,39.48,41.54,1,40.6,40.16,0.0,0.0,0.0,0.0,10
2023-05-09 23:16:02,au2312P488,au2312P488,40.6,0.0,0.0,0.0,1,39.48,41.54,2,40.6,40.16,0.0,0.0,0.0,0.0,10
2023-05-09 23:16:03,au2312P488,au2312P488,40.6,0.0,0.0,0.0,1,39.48,41.54,1,40.6,40.16,0.0,0.0,0.0,0.0,10
2023-05-09 23:16:04,au2312P488,au2312P488,40.6,0.0,0.0,0.0,1,39.48,41.54,2,40.6,40.16,0.0,0.0,0.0,0.0,10
2023-05-09 23:16:05,au2312P488,au2312P488,40.6,0.0,0.0,0.0,1,39.48,41.54,1,40.6,40.16,0.0,0.0,0.0,0.0,10
2023-05-09 23:26:28,au2312P488,au2312P488,40.6,0.0,0.0,0.0,1,39.48,0.0,0,40.6,40.16,0.0,0.0,0.0,0.0,10
2023-05-09 23:26:30,au2312P488,au2312P488,40.6,0.0,0.0,0.0,1,39.48,73.0,1,40.6,40.16,0.0,0.0,0.0,0.0,10
2023-05-09 23:26:30,au2312P488,au2312P488,40.6,0.0,0.0,0.0,1,39.48,72.98,1,40.6,40.16,0.0,0.0,0.0,0.0,10
2023-05-09 23:26:31,au2312P488,au2312P488,40.6,0.0,0.0,0.0,1,39.48,72.92,1,40.6,40.16,0.0,0.0,0.0,0.0,10
2023-05-09 23:26:31,au2312P488,au2312P488,40.6,0.0,0.0,0.0,1,39.48,72.92,1,40.6,40.16,0.0,0.0,0.0,0.0,10
2023-05-09 23:26:32,au2312P488,au2312P488,40.6,0.0,0.0,0.0,1,39.48,72.9,1,40.6,40.16,0.0,0.0,0.0,0.0,10
2023-05-09 23:26:32,au2312P488,au2312P488,40.6,0.0,0.0,0.0,1,39.48,72.84,1,40.6,40.16,0.0,0.0,0.0,0.0,10
2023-05-09 23:26:33,au2312P488,au2312P488,40.6,0.0,0.0,0.0,1,39.48,72.84,1,40.6,40.16,0.0,0.0,0.0,0.0,10
2023-05-09 23:26:33,au2312P488,au2312P488,40.6,0.0,0.0,0.0,1,39.48,72.82,1,40.6,40.16,0.0,0.0,0.0,0.0,10
2023-05-09 23:26:34,au2312P488,au2312P488,40.6,0.0,0.0,0.0,1,39.48,72.76,1,40.6,40.16,0.0,0.0,0.0,0.0,10
2023-05-09 23:26:34,au2312P488,au2312P488,40.6,0.0,0.0,0.0,1,39.48,72.76,1,40.6,40.16,0.0,0.0,0.0,0.0,10
2023-05-09 23:26:35,au2312P488,au2312P488,40.6,0.0,0.0,0.0,1,39.48,72.74,1,40.6,40.16,0.0,0.0,0.0,0.0,10
2023-05-09 23:26:35,au2312P488,au2312P488,40.6,0.0,0.0,0.0,1,39.48,72.68,1,40.6,40.16,0.0,0.0,0.0,0.0,10
2023-05-09 23:26:36,au2312P488,au2312P488,40.6,0.0,0.0,0.0,1,39.48,72.68,1,40.6,40.16,0.0,0.0,0.0,0.0,10
2023-05-09 23:26:36,au2312P488,au2312P488,40.6,0.0,0.0,0.0,1,39.48,72.66,1,40.6,40.16,0.0,0.0,0.0,0.0,10
2023-05-09 23:26:37,au2312P488,au2312P488,40.6,0.0,0.0,0.0,1,39.48,72.6,1,40.6,40.16,0.0,0.0,0.0,0.0,10
2023-05-09 23:26:37,au2312P488,au2312P488,40.6,0.0,0.0,0.0,1,39.48,72.6,1,40.6,40.16,0.0,0.0,0.0,0.0,10
2023-05-09 23:26:38,au2312P488,au2312P488,40.6,0.0,0.0,0.0,1,39.48,72.58,1,40.6,40.16,0.0,0.0,0.0,0.0,10
2023-05-09 23:26:38,au2312P488,au2312P488,40.6,0.0,0.0,0.0,1,39.48,72.52,1,40.6,40.16,0.0,0.0,0.0,0.0,10
2023-05-09 23:26:39,au2312P488,au2312P488,40.6,0.0,0.0,0.0,1,39.48,72.52,1,40.6,40.16,0.0,0.0,0.0,0.0,10
2023-05-09 23:26:39,au2312P488,au2312P488,40.6,0.0,0.0,0.0,1,39.48,72.5,1,40.6,40.16,0.0,0.0,0.0,0.0,10
2023-05-09 23:26:40,au2312P488,au2312P488,40.6,0.0,0.0,0.0,1,39.48,72.44,1,40.6,40.16,0.0,0.0,0.0,0.0,10
2023-05-09 23:26:40,au2312P488,au2312P488,40.6,0.0,0.0,0.0,1,39.48,72.44,1,40.6,40.16,0.0,0.0,0.0,0.0,10
2023-05-09 23:26:41,au2312P488,au2312P488,40.6,0.0,0.0,0.0,1,39.48,72.42,1,40.6,40.16,0.0,0.0,0.0,0.0,10
2023-05-09 23:26:41,au2312P488,au2312P488,40.6,0.0,0.0,0.0,1,39.48,72.36,1,40.6,40.16,0.0,0.0,0.0,0.0,10
2023-05-09 23:26:42,au2312P488,au2312P488,40.6,0.0,0.0,0.0,1,39.48,72.36,1,40.6,40.16,0.0,0.0,0.0,0.0,10
2023-05-09 23:26:42,au2312P488,au2312P488,40.6,0.0,0.0,0.0,1,39.48,72.34,1,40.6,40.16,0.0,0.0,0.0,0.0,10
2023-05-09 23:26:43,au2312P488,au2312P488,40.6,0.0,0.0,0.0,1,39.48,72.28,1,40.6,40.16,0.0,0.0,0.0,0.0,10
2023-05-09 23:26:43,au2312P488,au2312P488,40.6,0.0,0.0,0.0,1,39.48,72.28,1,40.6,40.16,0.0,0.0,0.0,0.0,10
2023-05-09 23:26:44,au2312P488,au2312P488,40.6,0.0,0.0,0.0,1,39.48,72.26,1,40.6,40.16,0.0,0.0,0.0,0.0,10
2023-05-09 23:26:44,au2312P488,au2312P488,40.6,0.0,0.0,0.0,1,39.48,72.2,1,40.6,40.16,0.0,0.0,0.0,0.0,10
2023-05-09 23:26:45,au2312P488,au2312P488,40.6,0.0,0.0,0.0,1,39.48,72.2,1,40.6,40.16,0.0,0.0,0.0,0.0,10
2023-05-09 23:26:45,au2312P488,au2312P488,40.6,0.0,0.0,0.0,1,39.48,72.18,1,40.6,40.16,0.0,0.0,0.0,0.0,10
2023-05-09 23:26:46,au2312P488,au2312P488,40.6,0.0,0.0,0.0,1,39.48,72.12,1,40.6,40.16,0.0,0.0,0.0,0.0,10
2023-05-09 23:26:47,au2312P488,au2312P488,40.6,0.0,0.0,0.0,1,39.48,72.12,1,40.6,40.16,0.0,0.0,0.0,0.0,10
2023-05-09 23:26:47,au2312P488,au2312P488,40.6,0.0,0.0,0.0,1,39.48,72.1,1,40.6,40.16,0.0,0.0,0.0,0.0,10
2023-05-09 23:26:48,au2312P488,au2312P488,40.6,0.0,0.0,0.0,1,39.48,72.04,1,40.6,40.16,0.0,0.0,0.0,0.0,10
2023-05-09 23:26:48,au2312P488,au2312P488,40.6,0.0,0.0,0.0,1,39.48,72.04,1,40.6,40.16,0.0,0.0,0.0,0.0,10
2023-05-09 23:26:49,au2312P488,au2312P488,40.6,0.0,0.0,0.0,1,39.48,72.02,1,40.6,40.16,0.0,0.0,0.0,0.0,10
2023-05-09 23:26:49,au2312P488,au2312P488,40.6,0.0,0.0,0.0,1,39.48,71.96,1,40.6,40.16,0.0,0.0,0.0,0.0,10
2023-05-09 23:26:50,au2312P488,au2312P488,40.6,0.0,0.0,0.0,1,39.48,71.96,1,40.6,40.16,0.0,0.0,0.0,0.0,10
2023-05-09 23:26:50,au2312P488,au2312P488,40.6,0.0,0.0,0.0,1,39.48,71.94,1,40.6,40.16,0.0,0.0,0.0,0.0,10
2023-05-09 23:26:51,au2312P488,au2312P488,40.6,0.0,0.0,0.0,1,39.48,71.88,1,40.6,40.16,0.0,0.0,0.0,0.0,10
2023-05-09 23:26:51,au2312P488,au2312P488,40.6,0.0,0.0,0.0,1,39.48,71.88,1,40.6,40.16,0.0,0.0,0.0,0.0,10
2023-05-09 23:26:52,au2312P488,au2312P488,40.6,0.0,0.0,0.0,1,39.48,71.86,1,40.6,40.16,0.0,0.0,0.0,0.0,10
2023-05-09 23:26:52,au2312P488,au2312P488,40.6,0.0,0.0,0.0,1,39.48,71.8,1,40.6,40.16,0.0,0.0,0.0,0.0,10
2023-05-09 23:26:53,au2312P488,au2312P488,40.6,0.0,0.0,0.0,1,39.48,71.8,1,40.6,40.16,0.0,0.0,0.0,0.0,10
2023-05-09 23:26:53,au2312P488,au2312P488,40.6,0.0,0.0,0.0,1,39.48,71.78,1,40.6,40.16,0.0,0.0,0.0,0.0,10
2023-05-09 23:26:54,au2312P488,au2312P488,40.6,0.0,0.0,0.0,1,39.48,71.72,1,40.6,40.16,0.0,0.0,0.0,0.0,10
2023-05-09 23:26:54,au2312P488,au2312P488,40.6,0.0,0.0,0.0,1,39.48,71.72,1,40.6,40.16,0.0,0.0,0.0,0.0,10
2023-05-09 23:26:55,au2312P488,au2312P488,40.6,0.0,0.0,0.0,1,39.48,71.7,1,40.6,40.16,0.0,0.0,0.0,0.0,10
2023-05-09 23:26:55,au2312P488,au2312P488,40.6,0.0,0.0,0.0,1,39.48,71.64,1,40.6,40.16,0.0,0.0,0.0,0.0,10
2023-05-09 23:26:56,au2312P488,au2312P488,40.6,0.0,0.0,0.0,1,39.48,71.64,1,40.6,40.16,0.0,0.0,0.0,0.0,10
2023-05-09 23:26:56,au2312P488,au2312P488,40.6,0.0,0.0,0.0,1,39.48,71.62,1,40.6,40.16,0.0,0.0,0.0,0.0,10
2023-05-09 23:26:57,au2312P488,au2312P488,40.6,0.0,0.0,0.0,1,39.48,71.56,1,40.6,40.16,0.0,0.0,0.0,0.0,10
2023-05-09 23:26:57,au2312P488,au2312P488,40.6,0.0,0.0,0.0,1,39.48,71.56,1,40.6,40.16,0.0,0.0,0.0,0.0,10
2023-05-09 23:26:58,au2312P488,au2312P488,40.6,0.0,0.0,0.0,1,39.48,71.54,1,40.6,40.16,0.0,0.0,0.0,0.0,10
2023-05-09 23:26:58,au2312P488,au2312P488,40.6,0.0,0.0,0.0,1,39.48,71.48,1,40.6,40.16,0.0,0.0,0.0,0.0,10
2023-05-09 23:26:59,au2312P488,au2312P488,40.6,0.0,0.0,0.0,1,39.48,71.48,1,40.6,40.16,0.0,0.0,0.0,0.0,10
2023-05-09 23:26:59,au2312P488,au2312P488,40.6,0.0,0.0,0.0,1,39.48,71.46,1,40.6,40.16,0.0,0.0,0.0,0.0,10
2023-05-09 23:27:00,au2312P488,au2312P488,40.6,0.0,0.0,0.0,1,39.48,71.4,1,40.6,40.16,0.0,0.0,0.0,0.0,10
2023-05-09 23:27:00,au2312P488,au2312P488,40.6,0.0,0.0,0.0,1,39.48,71.4,1,40.6,40.16,0.0,0.0,0.0,0.0,10
2023-05-09 23:27:01,au2312P488,au2312P488,40.6,0.0,0.0,0.0,1,39.48,71.38,1,40.6,40.16,0.0,0.0,0.0,0.0,10
2023-05-09 23:27:01,au2312P488,au2312P488,40.6,0.0,0.0,0.0,1,39.48,71.32,1,40.6,40.16,0.0,0.0,0.0,0.0,10
2023-05-09 23:27:02,au2312P488,au2312P488,40.6,0.0,0.0,0.0,1,39.48,71.32,1,40.6,40.16,0.0,0.0,0.0,0.0,10
2023-05-09 23:27:02,au2312P488,au2312P488,40.6,0.0,0.0,0.0,1,39.48,71.3,1,40.6,40.16,0.0,0.0,0.0,0.0,10
2023-05-09 23:27:03,au2312P488,au2312P488,40.6,0.0,0.0,0.0,1,39.48,71.24,1,40.6,40.16,0.0,0.0,0.0,0.0,10
2023-05-09 23:27:03,au2312P488,au2312P488,40.6,0.0,0.0,0.0,1,39.48,71.24,1,40.6,40.16,0.0,0.0,0.0,0.0,10
2023-05-09 23:27:04,au2312P488,au2312P488,40.6,0.0,0.0,0.0,1,39.48,71.22,1,40.6,40.16,0.0,0.0,0.0,0.0,10
2023-05-09 23:27:04,au2312P488,au2312P488,40.6,0.0,0.0,0.0,1,39.48,71.16,1,40.6,40.16,0.0,0.0,0.0,0.0,10
2023-05-09 23:27:05,au2312P488,au2312P488,40.6,0.0,0.0,0.0,1,39.48,71.16,1,40.6,40.16,0.0,0.0,0.0,0.0,10
2023-05-09 23:27:05,au2312P488,au2312P488,40.6,0.0,0.0,0.0,1,39.48,71.14,1,40.6,40.16,0.0,0.0,0.0,0.0,10
2023-05-09 23:27:06,au2312P488,au2312P488,40.6,0.0,0.0,0.0,1,39.48,71.08,1,40.6,40.16,0.0,0.0,0.0,0.0,10
2023-05-09 23:27:06,au2312P488,au2312P488,40.6,0.0,0.0,0.0,1,39.48,71.08,1,40.6,40.16,0.0,0.0,0.0,0.0,10
2023-05-09 23:27:07,au2312P488,au2312P488,40.6,0.0,0.0,0.0,1,39.48,71.06,1,40.6,40.16,0.0,0.0,0.0,0.0,10
2023-05-09 23:27:07,au2312P488,au2312P488,40.6,0.0,0.0,0.0,1,39.48,71.0,1,40.6,40.16,0.0,0.0,0.0,0.0,10
2023-05-09 23:27:08,au2312P488,au2312P488,40.6,0.0,0.0,0.0,1,39.48,71.0,1,40.6,40.16,0.0,0.0,0.0,0.0,10
2023-05-09 23:27:08,au2312P488,au2312P488,40.6,0.0,0.0,0.0,1,39.48,70.98,1,40.6,40.16,0.0,0.0,0.0,0.0,10
2023-05-09 23:27:09,au2312P488,au2312P488,40.6,0.0,0.0,0.0,1,39.48,70.92,1,40.6,40.16,0.0,0.0,0.0,0.0,10
2023-05-09 23:27:09,au2312P488,au2312P488,40.6,0.0,0.0,0.0,1,39.48,70.92,1,40.6,40.16,0.0,0.0,0.0,0.0,10
2023-05-09 23:27:10,au2312P488,au2312P488,40.6,0.0,0.0,0.0,1,39.48,70.9,1,40.6,40.16,0.0,0.0,0.0,0.0,10
2023-05-09 23:27:10,au2312P488,au2312P488,40.6,0.0,0.0,0.0,1,39.48,70.84,1,40.6,40.16,0.0,0.0,0.0,0.0,10
2023-05-09 23:27:11,au2312P488,au2312P488,40.6,0.0,0.0,0.0,1,39.48,70.84,1,40.6,40.16,0.0,0.0,0.0,0.0,10
2023-05-09 23:27:11,au2312P488,au2312P488,40.6,0.0,0.0,0.0,1,39.48,70.82,1,40.6,40.16,0.0,0.0,0.0,0.0,10
2023-05-09 23:27:12,au2312P488,au2312P488,40.6,0.0,0.0,0.0,1,39.48,70.76,1,40.6,40.16,0.0,0.0,0.0,0.0,10
2023-05-09 23:27:12,au2312P488,au2312P488,40.6,0.0,0.0,0.0,1,39.48,70.76,1,40.6,40.16,0.0,0.0,0.0,0.0,10
2023-05-09 23:27:13,au2312P488,au2312P488,40.6,0.0,0.0,0.0,1,39.48,70.74,1,40.6,40.16,0.0,0.0,0.0,0.0,10
2023-05-09 23:27:13,au2312P488,au2312P488,40.6,0.0,0.0,0.0,1,39.48,70.68,1,40.6,40.16,0.0,0.0,0.0,0.0,10
2023-05-09 23:27:14,au2312P488,au2312P488,40.6,0.0,0.0,0.0,1,39.48,70.68,1,40.6,40.16,0.0,0.0,0.0,0.0,10
2023-05-09 23:27:14,au2312P488,au2312P488,40.6,0.0,0.0,0.0,1,39.48,70.66,1,40.6,40.16,0.0,0.0,0.0,0.0,10
2023-05-09 23:27:15,au2312P488,au2312P488,40.6,0.0,0.0,0.0,1,39.48,70.6,1,40.6,40.16,0.0,0.0,0.0,0.0,10
2023-05-09 23:27:15,au2312P488,au2312P488,40.6,0.0,0.0,0.0,1,39.48,70.6,1,40.6,40.16,0.0,0.0,0.0,0.0,10
2023-05-09 23:27:16,au2312P488,au2312P488,40.6,0.0,0.0,0.0,1,39.48,70.58,1,40.6,40.16,0.0,0.0,0.0,0.0,10
2023-05-09 23:27:16,au2312P488,au2312P488,40.6,0.0,0.0,0.0,1,39.48,70.52,1,40.6,40.16,0.0,0.0,0.0,0.0,10
2023-05-09 23:27:17,au2312P488,au2312P488,40.6,0.0,0.0,0.0,1,39.48,70.52,1,40.6,40.16,0.0,0.0,0.0,0.0,10
2023-05-09 23:27:17,au2312P488,au2312P488,40.6,0.0,0.0,0.0,1,39.48,70.5,1,40.6,40.16,0.0,0.0,0.0,0.0,10
2023-05-09 23:27:18,au2312P488,au2312P488,40.6,0.0,0.0,0.0,1,39.48,70.44,1,40.6,40.16,0.0,0.0,0.0,0.0,10
2023-05-09 23:27:18,au2312P488,au2312P488,40.6,0.0,0.0,0.0,1,39.48,70.44,1,40.6,40.16,0.0,0.0,0.0,0.0,10
2023-05-09 23:27:19,au2312P488,au2312P488,40.6,0.0,0.0,0.0,1,39.48,70.42,1,40.6,40.16,0.0,0.0,0.0,0.0,10
2023-05-09 23:27:19,au2312P488,au2312P488,40.6,0.0,0.0,0.0,1,39.48,70.36,1,40.6,40.16,0.0,0.0,0.0,0.0,10
2023-05-09 23:27:20,au2312P488,au2312P488,40.6,0.0,0.0,0.0,1,39.48,70.36,1,40.6,40.16,0.0,0.0,0.0,0.0,10
2023-05-09 23:27:20,au2312P488,au2312P488,40.6,0.0,0.0,0.0,1,39.48,70.34,1,40.6,40.16,0.0,0.0,0.0,0.0,10
2023-05-09 23:27:21,au2312P488,au2312P488,40.6,0.0,0.0,0.0,1,39.48,70.28,1,40.6,40.16,0.0,0.0,0.0,0.0,10
2023-05-09 23:27:21,au2312P488,au2312P488,40.6,0.0,0.0,0.0,1,39.48,70.28,1,40.6,40.16,0.0,0.0,0.0,0.0,10
2023-05-09 23:27:22,au2312P488,au2312P488,40.6,0.0,0.0,0.0,1,39.48,70.26,1,40.6,40.16,0.0,0.0,0.0,0.0,10
2023-05-09 23:27:22,au2312P488,au2312P488,40.6,0.0,0.0,0.0,1,39.48,70.2,1,40.6,40.16,0.0,0.0,0.0,0.0,10
2023-05-09 23:27:23,au2312P488,au2312P488,40.6,0.0,0.0,0.0,1,39.48,70.2,1,40.6,40.16,0.0,0.0,0.0,0.0,10
2023-05-09 23:27:23,au2312P488,au2312P488,40.6,0.0,0.0,0.0,1,39.48,70.18,1,40.6,40.16,0.0,0.0,0.0,0.0,10
2023-05-09 23:27:24,au2312P488,au2312P488,40.6,0.0,0.0,0.0,1,39.48,70.12,1,40.6,40.16,0.0,0.0,0.0,0.0,10
2023-05-09 23:27:24,au2312P488,au2312P488,40.6,0.0,0.0,0.0,1,39.48,70.12,1,40.6,40.16,0.0,0.0,0.0,0.0,10
2023-05-09 23:27:25,au2312P488,au2312P488,40.6,0.0,0.0,0.0,1,39.48,70.1,1,40.6,40.16,0.0,0.0,0.0,0.0,10
2023-05-09 23:27:25,au2312P488,au2312P488,40.6,0.0,0.0,0.0,1,39.48,70.04,1,40.6,40.16,0.0,0.0,0.0,0.0,10
2023-05-09 23:27:26,au2312P488,au2312P488,40.6,0.0,0.0,0.0,1,39.48,70.04,1,40.6,40.16,0.0,0.0,0.0,0.0,10
2023-05-09 23:27:26,au2312P488,au2312P488,40.6,0.0,0.0,0.0,1,39.48,70.02,1,40.6,40.16,0.0,0.0,0.0,0.0,10
2023-05-09 23:27:27,au2312P488,au2312P488,40.6,0.0,0.0,0.0,1,39.48,69.96,1,40.6,40.16,0.0,0.0,0.0,0.0,10
2023-05-09 23:27:27,au2312P488,au2312P488,40.6,0.0,0.0,0.0,1,39.48,69.96,1,40.6,40.16,0.0,0.0,0.0,0.0,10
2023-05-09 23:27:28,au2312P488,au2312P488,40.6,0.0,0.0,0.0,1,39.48,69.94,1,40.6,40.16,0.0,0.0,0.0,0.0,10
2023-05-09 23:27:28,au2312P488,au2312P488,40.6,0.0,0.0,0.0,1,39.48,69.88,1,40.6,40.16,0.0,0.0,0.0,0.0,10
2023-05-09 23:27:29,au2312P488,au2312P488,40.6,0.0,0.0,0.0,1,39.48,69.88,1,40.6,40.16,0.0,0.0,0.0,0.0,10
2023-05-09 23:27:29,au2312P488,au2312P488,40.6,0.0,0.0,0.0,1,39.48,69.86,1,40.6,40.16,0.0,0.0,0.0,0.0,10
2023-05-09 23:27:30,au2312P488,au2312P488,40.6,0.0,0.0,0.0,1,39.48,69.8,1,40.6,40.16,0.0,0.0,0.0,0.0,10
2023-05-09 23:27:30,au2312P488,au2312P488,40.6,0.0,0.0,0.0,1,39.48,69.8,1,40.6,40.16,0.0,0.0,0.0,0.0,10
2023-05-09 23:27:31,au2312P488,au2312P488,40.6,0.0,0.0,0.0,1,39.48,69.78,1,40.6,40.16,0.0,0.0,0.0,0.0,10
2023-05-09 23:27:31,au2312P488,au2312P488,40.6,0.0,0.0,0.0,1,39.48,69.72,1,40.6,40.16,0.0,0.0,0.0,0.0,10
2023-05-09 23:27:32,au2312P488,au2312P488,40.6,0.0,0.0,0.0,1,39.48,69.72,1,40.6,40.16,0.0,0.0,0.0,0.0,10
2023-05-09 23:27:32,au2312P488,au2312P488,40.6,0.0,0.0,0.0,1,39.48,69.7,1,40.6,40.16,0.0,0.0,0.0,0.0,10
2023-05-09 23:27:33,au2312P488,au2312P488,40.6,0.0,0.0,0.0,1,39.48,69.64,1,40.6,40.16,0.0,0.0,0.0,0.0,10
2023-05-09 23:27:33,au2312P488,au2312P488,40.6,0.0,0.0,0.0,1,39.48,69.64,1,40.6,40.16,0.0,0.0,0.0,0.0,10
2023-05-09 23:27:34,au2312P488,au2312P488,40.6,0.0,0.0,0.0,1,39.48,69.62,1,40.6,40.16,0.0,0.0,0.0,0.0,10
2023-05-09 23:27:34,au2312P488,au2312P488,40.6,0.0,0.0,0.0,1,39.48,69.56,1,40.6,40.16,0.0,0.0,0.0,0.0,10
2023-05-09 23:27:35,au2312P488,au2312P488,40.6,0.0,0.0,0.0,1,39.48,69.56,1,40.6,40.16,0.0,0.0,0.0,0.0,10
2023-05-09 23:27:35,au2312P488,au2312P488,40.6,0.0,0.0,0.0,1,39.48,69.54,1,40.6,40.16,0.0,0.0,0.0,0.0,10
2023-05-09 23:27:36,au2312P488,au2312P488,40.6,0.0,0.0,0.0,1,39.48,69.48,1,40.6,40.16,0.0,0.0,0.0,0.0,10
2023-05-09 23:27:36,au2312P488,au2312P488,40.6,0.0,0.0,0.0,1,39.48,69.48,1,40.6,40.16,0.0,0.0,0.0,0.0,10
2023-05-09 23:27:37,au2312P488,au2312P488,40.6,0.0,0.0,0.0,1,39.48,69.46,1,40.6,40.16,0.0,0.0,0.0,0.0,10
2023-05-09 23:27:37,au2312P488,au2312P488,40.6,0.0,0.0,0.0,1,39.48,69.4,1,40.6,40.16,0.0,0.0,0.0,0.0,10
2023-05-09 23:27:38,au2312P488,au2312P488,40.6,0.0,0.0,0.0,1,39.48,69.4,1,40.6,40.16,0.0,0.0,0.0,0.0,10
2023-05-09 23:27:38,au2312P488,au2312P488,40.6,0.0,0.0,0.0,1,39.48,69.38,1,40.6,40.16,0.0,0.0,0.0,0.0,10
2023-05-09 23:27:39,au2312P488,au2312P488,40.6,0.0,0.0,0.0,1,39.48,69.32,1,40.6,40.16,0.0,0.0,0.0,0.0,10
2023-05-09 23:27:39,au2312P488,au2312P488,40.6,0.0,0.0,0.0,1,39.48,69.32,1,40.6,40.16,0.0,0.0,0.0,0.0,10
2023-05-09 23:27:40,au2312P488,au2312P488,40.6,0.0,0.0,0.0,1,39.48,69.3,1,40.6,40.16,0.0,0.0,0.0,0.0,10
2023-05-09 23:27:40,au2312P488,au2312P488,40.6,0.0,0.0,0.0,1,39.48,69.24,1,40.6,40.16,0.0,0.0,0.0,0.0,10
2023-05-09 23:27:41,au2312P488,au2312P488,40.6,0.0,0.0,0.0,1,39.48,69.24,1,40.6,40.16,0.0,0.0,0.0,0.0,10
2023-05-09 23:27:41,au2312P488,au2312P488,40.6,0.0,0.0,0.0,1,39.48,69.22,1,40.6,40.16,0.0,0.0,0.0,0.0,10
2023-05-09 23:27:42,au2312P488,au2312P488,40.6,0.0,0.0,0.0,1,39.48,69.16,1,40.6,40.16,0.0,0.0,0.0,0.0,10
2023-05-09 23:27:42,au2312P488,au2312P488,40.6,0.0,0.0,0.0,1,39.48,69.16,1,40.6,40.16,0.0,0.0,0.0,0.0,10
2023-05-09 23:27:43,au2312P488,au2312P488,40.6,0.0,0.0,0.0,1,39.48,69.14,1,40.6,40.16,0.0,0.0,0.0,0.0,10
2023-05-09 23:27:43,au2312P488,au2312P488,40.6,0.0,0.0,0.0,1,39.48,69.08,1,40.6,40.16,0.0,0.0,0.0,0.0,10
2023-05-09 23:27:44,au2312P488,au2312P488,40.6,0.0,0.0,0.0,1,39.48,69.08,1,40.6,40.16,0.0,0.0,0.0,0.0,10
2023-05-09 23:27:44,au2312P488,au2312P488,40.6,0.0,0.0,0.0,1,39.48,69.06,1,40.6,40.16,0.0,0.0,0.0,0.0,10
2023-05-09 23:27:45,au2312P488,au2312P488,40.6,0.0,0.0,0.0,1,39.48,69.0,1,40.6,40.16,0.0,0.0,0.0,0.0,10
2023-05-09 23:27:45,au2312P488,au2312P488,40.6,0.0,0.0,0.0,1,39.48,69.0,1,40.6,40.16,0.0,0.0,0.0,0.0,10
2023-05-09 23:27:46,au2312P488,au2312P488,40.6,0.0,0.0,0.0,1,39.48,68.98,1,40.6,40.16,0.0,0.0,0.0,0.0,10
2023-05-09 23:27:46,au2312P488,au2312P488,40.6,0.0,0.0,0.0,1,39.48,68.92,1,40.6,40.16,0.0,0.0,0.0,0.0,10
2023-05-09 23:27:47,au2312P488,au2312P488,40.6,0.0,0.0,0.0,1,39.48,68.92,1,40.6,40.16,0.0,0.0,0.0,0.0,10
2023-05-09 23:27:47,au2312P488,au2312P488,40.6,0.0,0.0,0.0,1,39.48,68.9,1,40.6,40.16,0.0,0.0,0.0,0.0,10
2023-05-09 23:27:48,au2312P488,au2312P488,40.6,0.0,0.0,0.0,1,39.48,68.84,1,40.6,40.16,0.0,0.0,0.0,0.0,10
2023-05-09 23:27:48,au2312P488,au2312P488,40.6,0.0,0.0,0.0,1,39.48,68.84,1,40.6,40.16,0.0,0.0,0.0,0.0,10
2023-05-09 23:27:49,au2312P488,au2312P488,40.6,0.0,0.0,0.0,1,39.48,68.82,1,40.6,40.16,0.0,0.0,0.0,0.0,10
2023-05-09 23:27:49,au2312P488,au2312P488,40.6,0.0,0.0,0.0,1,39.48,68.76,1,40.6,40.16,0.0,0.0,0.0,0.0,10
2023-05-09 23:27:50,au2312P488,au2312P488,40.6,0.0,0.0,0.0,1,39.48,68.76,1,40.6,40.16,0.0,0.0,0.0,0.0,10
2023-05-09 23:27:51,au2312P488,au2312P488,40.6,0.0,0.0,0.0,1,39.48,68.74,1,40.6,40.16,0.0,0.0,0.0,0.0,10
2023-05-09 23:27:51,au2312P488,au2312P488,40.6,0.0,0.0,0.0,1,39.48,68.68,1,40.6,40.16,0.0,0.0,0.0,0.0,10
2023-05-09 23:27:52,au2312P488,au2312P488,40.6,0.0,0.0,0.0,1,39.48,68.68,1,40.6,40.16,0.0,0.0,0.0,0.0,10
2023-05-09 23:27:52,au2312P488,au2312P488,40.6,0.0,0.0,0.0,1,39.48,68.66,1,40.6,40.16,0.0,0.0,0.0,0.0,10
2023-05-09 23:27:53,au2312P488,au2312P488,40.6,0.0,0.0,0.0,1,39.48,68.6,1,40.6,40.16,0.0,0.0,0.0,0.0,10
2023-05-09 23:27:53,au2312P488,au2312P488,40.6,0.0,0.0,0.0,1,39.48,68.6,1,40.6,40.16,0.0,0.0,0.0,0.0,10
2023-05-09 23:27:54,au2312P488,au2312P488,40.6,0.0,0.0,0.0,1,39.48,68.58,1,40.6,40.16,0.0,0.0,0.0,0.0,10
2023-05-09 23:27:54,au2312P488,au2312P488,40.6,0.0,0.0,0.0,1,39.48,68.52,1,40.6,40.16,0.0,0.0,0.0,0.0,10
2023-05-09 23:27:55,au2312P488,au2312P488,40.6,0.0,0.0,0.0,1,39.48,68.52,1,40.6,40.16,0.0,0.0,0.0,0.0,10
2023-05-09 23:27:55,au2312P488,au2312P488,40.6,0.0,0.0,0.0,1,39.48,68.5,1,40.6,40.16,0.0,0.0,0.0,0.0,10
2023-05-09 23:27:56,au2312P488,au2312P488,40.6,0.0,0.0,0.0,1,39.48,68.44,1,40.6,40.16,0.0,0.0,0.0,0.0,10
2023-05-09 23:27:56,au2312P488,au2312P488,40.6,0.0,0.0,0.0,1,39.48,68.44,1,40.6,40.16,0.0,0.0,0.0,0.0,10
2023-05-09 23:27:57,au2312P488,au2312P488,40.6,0.0,0.0,0.0,1,39.48,68.42,1,40.6,40.16,0.0,0.0,0.0,0.0,10
2023-05-09 23:27:57,au2312P488,au2312P488,40.6,0.0,0.0,0.0,1,39.48,68.36,1,40.6,40.16,0.0,0.0,0.0,0.0,10
2023-05-09 23:27:58,au2312P488,au2312P488,40.6,0.0,0.0,0.0,1,39.48,68.36,1,40.6,40.16,0.0,0.0,0.0,0.0,10
2023-05-09 23:27:58,au2312P488,au2312P488,40.6,0.0,0.0,0.0,1,39.48,68.34,1,40.6,40.16,0.0,0.0,0.0,0.0,10
2023-05-09 23:27:59,au2312P488,au2312P488,40.6,0.0,0.0,0.0,1,39.48,68.28,1,40.6,40.16,0.0,0.0,0.0,0.0,10
2023-05-09 23:27:59,au2312P488,au2312P488,40.6,0.0,0.0,0.0,1,39.48,68.28,1,40.6,40.16,0.0,0.0,0.0,0.0,10
2023-05-09 23:28:00,au2312P488,au2312P488,40.6,0.0,0.0,0.0,1,39.48,68.26,1,40.6,40.16,0.0,0.0,0.0,0.0,10
2023-05-09 23:28:00,au2312P488,au2312P488,40.6,0.0,0.0,0.0,1,39.48,68.2,1,40.6,40.16,0.0,0.0,0.0,0.0,10
2023-05-09 23:28:01,au2312P488,au2312P488,40.6,0.0,0.0,0.0,1,39.48,68.2,1,40.6,40.16,0.0,0.0,0.0,0.0,10
2023-05-09 23:28:01,au2312P488,au2312P488,40.6,0.0,0.0,0.0,1,39.48,68.18,1,40.6,40.16,0.0,0.0,0.0,0.0,10
2023-05-09 23:28:02,au2312P488,au2312P488,40.6,0.0,0.0,0.0,1,39.48,68.12,1,40.6,40.16,0.0,0.0,0.0,0.0,10
2023-05-09 23:28:02,au2312P488,au2312P488,40.6,0.0,0.0,0.0,1,39.48,68.12,1,40.6,40.16,0.0,0.0,0.0,0.0,10
2023-05-09 23:28:03,au2312P488,au2312P488,40.6,0.0,0.0,0.0,1,39.48,68.1,1,40.6,40.16,0.0,0.0,0.0,0.0,10
2023-05-09 23:28:03,au2312P488,au2312P488,40.6,0.0,0.0,0.0,1,39.48,68.04,1,40.6,40.16,0.0,0.0,0.0,0.0,10
2023-05-09 23:28:04,au2312P488,au2312P488,40.6,0.0,0.0,0.0,1,39.48,68.04,1,40.6,40.16,0.0,0.0,0.0,0.0,10
2023-05-09 23:28:04,au2312P488,au2312P488,40.6,0.0,0.0,0.0,1,39.48,68.02,1,40.6,40.16,0.0,0.0,0.0,0.0,10
2023-05-09 23:28:05,au2312P488,au2312P488,40.6,0.0,0.0,0.0,1,39.48,67.96,1,40.6,40.16,0.0,0.0,0.0,0.0,10
2023-05-09 23:28:05,au2312P488,au2312P488,40.6,0.0,0.0,0.0,1,39.48,67.96,1,40.6,40.16,0.0,0.0,0.0,0.0,10
2023-05-09 23:28:06,au2312P488,au2312P488,40.6,0.0,0.0,0.0,1,39.48,67.94,1,40.6,40.16,0.0,0.0,0.0,0.0,10
2023-05-09 23:28:06,au2312P488,au2312P488,40.6,0.0,0.0,0.0,1,39.48,67.88,1,40.6,40.16,0.0,0.0,0.0,0.0,10
2023-05-09 23:28:07,au2312P488,au2312P488,40.6,0.0,0.0,0.0,1,39.48,67.88,1,40.6,40.16,0.0,0.0,0.0,0.0,10
2023-05-09 23:28:07,au2312P488,au2312P488,40.6,0.0,0.0,0.0,1,39.48,67.86,1,40.6,40.16,0.0,0.0,0.0,0.0,10
2023-05-09 23:28:08,au2312P488,au2312P488,40.6,0.0,0.0,0.0,1,39.48,67.8,1,40.6,40.16,0.0,0.0,0.0,0.0,10
2023-05-09 23:28:08,au2312P488,au2312P488,40.6,0.0,0.0,0.0,1,39.48,67.8,1,40.6,40.16,0.0,0.0,0.0,0.0,10
2023-05-09 23:28:09,au2312P488,au2312P488,40.6,0.0,0.0,0.0,1,39.48,67.78,1,40.6,40.16,0.0,0.0,0.0,0.0,10
2023-05-09 23:28:09,au2312P488,au2312P488,40.6,0.0,0.0,0.0,1,39.48,67.72,1,40.6,40.16,0.0,0.0,0.0,0.0,10
2023-05-09 23:28:10,au2312P488,au2312P488,40.6,0.0,0.0,0.0,1,39.48,67.72,1,40.6,40.16,0.0,0.0,0.0,0.0,10
2023-05-09 23:28:10,au2312P488,au2312P488,40.6,0.0,0.0,0.0,1,39.48,67.7,1,40.6,40.16,0.0,0.0,0.0,0.0,10
2023-05-09 23:28:11,au2312P488,au2312P488,40.6,0.0,0.0,0.0,1,39.48,67.64,1,40.6,40.16,0.0,0.0,0.0,0.0,10
2023-05-09 23:28:11,au2312P488,au2312P488,40.6,0.0,0.0,0.0,1,39.48,67.64,1,40.6,40.16,0.0,0.0,0.0,0.0,10
2023-05-09 23:28:12,au2312P488,au2312P488,40.6,0.0,0.0,0.0,1,39.48,67.62,1,40.6,40.16,0.0,0.0,0.0,0.0,10
2023-05-09 23:28:12,au2312P488,au2312P488,40.6,0.0,0.0,0.0,1,39.48,67.56,1,40.6,40.16,0.0,0.0,0.0,0.0,10
2023-05-09 23:28:13,au2312P488,au2312P488,40.6,0.0,0.0,0.0,1,39.48,67.56,1,40.6,40.16,0.0,0.0,0.0,0.0,10
2023-05-09 23:28:13,au2312P488,au2312P488,40.6,0.0,0.0,0.0,1,39.48,67.54,1,40.6,40.16,0.0,0.0,0.0,0.0,10
2023-05-09 23:28:14,au2312P488,au2312P488,40.6,0.0,0.0,0.0,1,39.48,67.48,1,40.6,40.16,0.0,0.0,0.0,0.0,10
2023-05-09 23:28:14,au2312P488,au2312P488,40.6,0.0,0.0,0.0,1,39.48,67.48,1,40.6,40.16,0.0,0.0,0.0,0.0,10
2023-05-09 23:28:15,au2312P488,au2312P488,40.6,0.0,0.0,0.0,1,39.48,67.46,1,40.6,40.16,0.0,0.0,0.0,0.0,10
2023-05-09 23:28:15,au2312P488,au2312P488,40.6,0.0,0.0,0.0,1,39.48,67.4,1,40.6,40.16,0.0,0.0,0.0,0.0,10
2023-05-09 23:28:16,au2312P488,au2312P488,40.6,0.0,0.0,0.0,1,39.48,67.4,1,40.6,40.16,0.0,0.0,0.0,0.0,10
2023-05-09 23:28:16,au2312P488,au2312P488,40.6,0.0,0.0,0.0,1,39.48,67.38,1,40.6,40.16,0.0,0.0,0.0,0.0,10
2023-05-09 23:28:17,au2312P488,au2312P488,40.6,0.0,0.0,0.0,1,39.48,67.32,1,40.6,40.16,0.0,0.0,0.0,0.0,10
2023-05-09 23:28:17,au2312P488,au2312P488,40.6,0.0,0.0,0.0,1,39.48,67.32,1,40.6,40.16,0.0,0.0,0.0,0.0,10
2023-05-09 23:28:18,au2312P488,au2312P488,40.6,0.0,0.0,0.0,1,39.48,67.3,1,40.6,40.16,0.0,0.0,0.0,0.0,10
2023-05-09 23:28:18,au2312P488,au2312P488,40.6,0.0,0.0,0.0,1,39.48,67.24,1,40.6,40.16,0.0,0.0,0.0,0.0,10
2023-05-09 23:28:19,au2312P488,au2312P488,40.6,0.0,0.0,0.0,1,39.48,67.24,1,40.6,40.16,0.0,0.0,0.0,0.0,10
2023-05-09 23:28:19,au2312P488,au2312P488,40.6,0.0,0.0,0.0,1,39.48,67.22,1,40.6,40.16,0.0,0.0,0.0,0.0,10
2023-05-09 23:28:20,au2312P488,au2312P488,40.6,0.0,0.0,0.0,1,39.48,67.16,1,40.6,40.16,0.0,0.0,0.0,0.0,10
2023-05-09 23:28:20,au2312P488,au2312P488,40.6,0.0,0.0,0.0,1,39.48,67.16,1,40.6,40.16,0.0,0.0,0.0,0.0,10
2023-05-09 23:28:21,au2312P488,au2312P488,40.6,0.0,0.0,0.0,1,39.48,67.14,1,40.6,40.16,0.0,0.0,0.0,0.0,10
2023-05-09 23:28:21,au2312P488,au2312P488,40.6,0.0,0.0,0.0,1,39.48,67.08,1,40.6,40.16,0.0,0.0,0.0,0.0,10
2023-05-09 23:28:22,au2312P488,au2312P488,40.6,0.0,0.0,0.0,1,39.48,67.08,1,40.6,40.16,0.0,0.0,0.0,0.0,10
2023-05-09 23:28:22,au2312P488,au2312P488,40.6,0.0,0.0,0.0,1,39.48,67.06,1,40.6,40.16,0.0,0.0,0.0,0.0,10
2023-05-09 23:28:23,au2312P488,au2312P488,40.6,0.0,0.0,0.0,1,39.48,67.0,1,40.6,40.16,0.0,0.0,0.0,0.0,10
2023-05-09 23:28:23,au2312P488,au2312P488,40.6,0.0,0.0,0.0,1,39.48,67.0,1,40.6,40.16,0.0,0.0,0.0,0.0,10
2023-05-09 23:28:24,au2312P488,au2312P488,40.6,0.0,0.0,0.0,1,39.48,66.98,1,40.6,40.16,0.0,0.0,0.0,0.0,10
2023-05-09 23:28:24,au2312P488,au2312P488,40.6,0.0,0.0,0.0,1,39.48,66.92,1,40.6,40.16,0.0,0.0,0.0,0.0,10
2023-05-09 23:28:25,au2312P488,au2312P488,40.6,0.0,0.0,0.0,1,39.48,66.92,1,40.6,40.16,0.0,0.0,0.0,0.0,10
2023-05-09 23:28:25,au2312P488,au2312P488,40.6,0.0,0.0,0.0,1,39.48,66.9,1,40.6,40.16,0.0,0.0,0.0,0.0,10
2023-05-09 23:28:26,au2312P488,au2312P488,40.6,0.0,0.0,0.0,1,39.48,66.84,1,40.6,40.16,0.0,0.0,0.0,0.0,10
2023-05-09 23:28:26,au2312P488,au2312P488,40.6,0.0,0.0,0.0,1,39.48,66.84,1,40.6,40.16,0.0,0.0,0.0,0.0,10
2023-05-09 23:28:27,au2312P488,au2312P488,40.6,0.0,0.0,0.0,1,39.48,66.82,1,40.6,40.16,0.0,0.0,0.0,0.0,10
2023-05-09 23:28:27,au2312P488,au2312P488,40.6,0.0,0.0,0.0,1,39.48,66.76,1,40.6,40.16,0.0,0.0,0.0,0.0,10
2023-05-09 23:28:28,au2312P488,au2312P488,40.6,0.0,0.0,0.0,1,39.48,66.76,1,40.6,40.16,0.0,0.0,0.0,0.0,10
2023-05-09 23:28:28,au2312P488,au2312P488,40.6,0.0,0.0,0.0,1,39.48,66.74,1,40.6,40.16,0.0,0.0,0.0,0.0,10
2023-05-09 23:28:29,au2312P488,au2312P488,40.6,0.0,0.0,0.0,1,39.48,66.68,1,40.6,40.16,0.0,0.0,0.0,0.0,10
2023-05-09 23:28:29,au2312P488,au2312P488,40.6,0.0,0.0,0.0,1,39.48,66.68,1,40.6,40.16,0.0,0.0,0.0,0.0,10
2023-05-09 23:28:30,au2312P488,au2312P488,40.6,0.0,0.0,0.0,1,39.48,66.66,1,40.6,40.16,0.0,0.0,0.0,0.0,10
2023-05-09 23:28:30,au2312P488,au2312P488,40.6,0.0,0.0,0.0,1,39.48,66.6,1,40.6,40.16,0.0,0.0,0.0,0.0,10
2023-05-09 23:28:31,au2312P488,au2312P488,40.6,0.0,0.0,0.0,1,39.48,66.6,1,40.6,40.16,0.0,0.0,0.0,0.0,10
2023-05-09 23:28:32,au2312P488,au2312P488,40.6,0.0,0.0,0.0,1,39.48,66.58,1,40.6,40.16,0.0,0.0,0.0,0.0,10
2023-05-09 23:28:32,au2312P488,au2312P488,40.6,0.0,0.0,0.0,1,39.48,66.52,1,40.6,40.16,0.0,0.0,0.0,0.0,10
2023-05-09 23:28:33,au2312P488,au2312P488,40.6,0.0,0.0,0.0,1,39.48,66.52,1,40.6,40.16,0.0,0.0,0.0,0.0,10
2023-05-09 23:28:33,au2312P488,au2312P488,40.6,0.0,0.0,0.0,1,39.48,66.5,1,40.6,40.16,0.0,0.0,0.0,0.0,10
2023-05-09 23:28:34,au2312P488,au2312P488,40.6,0.0,0.0,0.0,1,39.48,66.44,1,40.6,40.16,0.0,0.0,0.0,0.0,10
2023-05-09 23:28:34,au2312P488,au2312P488,40.6,0.0,0.0,0.0,1,39.48,66.44,1,40.6,40.16,0.0,0.0,0.0,0.0,10
2023-05-09 23:28:35,au2312P488,au2312P488,40.6,0.0,0.0,0.0,1,39.48,66.42,1,40.6,40.16,0.0,0.0,0.0,0.0,10
2023-05-09 23:28:35,au2312P488,au2312P488,40.6,0.0,0.0,0.0,1,39.48,66.36,1,40.6,40.16,0.0,0.0,0.0,0.0,10
2023-05-09 23:28:36,au2312P488,au2312P488,40.6,0.0,0.0,0.0,1,39.48,66.36,1,40.6,40.16,0.0,0.0,0.0,0.0,10
2023-05-09 23:28:36,au2312P488,au2312P488,40.6,0.0,0.0,0.0,1,39.48,66.34,1,40.6,40.16,0.0,0.0,0.0,0.0,10
2023-05-09 23:28:37,au2312P488,au2312P488,40.6,0.0,0.0,0.0,1,39.48,66.28,1,40.6,40.16,0.0,0.0,0.0,0.0,10
2023-05-09 23:28:37,au2312P488,au2312P488,40.6,0.0,0.0,0.0,1,39.48,66.28,1,40.6,40.16,0.0,0.0,0.0,0.0,10
2023-05-09 23:28:38,au2312P488,au2312P488,40.6,0.0,0.0,0.0,1,39.48,66.26,1,40.6,40.16,0.0,0.0,0.0,0.0,10
2023-05-09 23:28:38,au2312P488,au2312P488,40.6,0.0,0.0,0.0,1,39.48,66.2,1,40.6,40.16,0.0,0.0,0.0,0.0,10
2023-05-09 23:28:39,au2312P488,au2312P488,40.6,0.0,0.0,0.0,1,39.48,66.2,1,40.6,40.16,0.0,0.0,0.0,0.0,10
2023-05-09 23:28:39,au2312P488,au2312P488,40.6,0.0,0.0,0.0,1,39.48,66.18,1,40.6,40.16,0.0,0.0,0.0,0.0,10
2023-05-09 23:28:40,au2312P488,au2312P488,40.6,0.0,0.0,0.0,1,39.48,66.12,1,40.6,40.16,0.0,0.0,0.0,0.0,10
2023-05-09 23:28:40,au2312P488,au2312P488,40.6,0.0,0.0,0.0,1,39.48,66.12,1,40.6,40.16,0.0,0.0,0.0,0.0,10
2023-05-09 23:28:41,au2312P488,au2312P488,40.6,0.0,0.0,0.0,1,39.48,66.1,1,40.6,40.16,0.0,0.0,0.0,0.0,10
2023-05-09 23:28:41,au2312P488,au2312P488,40.6,0.0,0.0,0.0,1,39.48,66.04,1,40.6,40.16,0.0,0.0,0.0,0.0,10
2023-05-09 23:28:42,au2312P488,au2312P488,40.6,0.0,0.0,0.0,1,39.48,66.04,1,40.6,40.16,0.0,0.0,0.0,0.0,10
2023-05-09 23:28:42,au2312P488,au2312P488,40.6,0.0,0.0,0.0,1,39.48,66.02,1,40.6,40.16,0.0,0.0,0.0,0.0,10
2023-05-09 23:28:43,au2312P488,au2312P488,40.6,0.0,0.0,0.0,1,39.48,65.96,1,40.6,40.16,0.0,0.0,0.0,0.0,10
2023-05-09 23:28:43,au2312P488,au2312P488,40.6,0.0,0.0,0.0,1,39.48,65.96,1,40.6,40.16,0.0,0.0,0.0,0.0,10
2023-05-09 23:28:44,au2312P488,au2312P488,40.6,0.0,0.0,0.0,1,39.48,65.94,1,40.6,40.16,0.0,0.0,0.0,0.0,10
2023-05-09 23:28:44,au2312P488,au2312P488,40.6,0.0,0.0,0.0,1,39.48,65.88,1,40.6,40.16,0.0,0.0,0.0,0.0,10
2023-05-09 23:28:45,au2312P488,au2312P488,40.6,0.0,0.0,0.0,1,39.48,65.88,1,40.6,40.16,0.0,0.0,0.0,0.0,10
2023-05-09 23:28:45,au2312P488,au2312P488,40.6,0.0,0.0,0.0,1,39.48,65.86,1,40.6,40.16,0.0,0.0,0.0,0.0,10
2023-05-09 23:28:46,au2312P488,au2312P488,40.6,0.0,0.0,0.0,1,39.48,65.8,1,40.6,40.16,0.0,0.0,0.0,0.0,10
2023-05-09 23:28:46,au2312P488,au2312P488,40.6,0.0,0.0,0.0,1,39.48,65.8,1,40.6,40.16,0.0,0.0,0.0,0.0,10
2023-05-09 23:28:47,au2312P488,au2312P488,40.6,0.0,0.0,0.0,1,39.48,65.78,1,40.6,40.16,0.0,0.0,0.0,0.0,10
2023-05-09 23:28:47,au2312P488,au2312P488,40.6,0.0,0.0,0.0,1,39.48,65.72,1,40.6,40.16,0.0,0.0,0.0,0.0,10
2023-05-09 23:28:48,au2312P488,au2312P488,40.6,0.0,0.0,0.0,1,39.48,65.72,1,40.6,40.16,0.0,0.0,0.0,0.0,10
2023-05-09 23:28:48,au2312P488,au2312P488,40.6,0.0,0.0,0.0,1,39.48,65.7,1,40.6,40.16,0.0,0.0,0.0,0.0,10
2023-05-09 23:28:49,au2312P488,au2312P488,40.6,0.0,0.0,0.0,1,39.48,65.64,1,40.6,40.16,0.0,0.0,0.0,0.0,10
2023-05-09 23:28:49,au2312P488,au2312P488,40.6,0.0,0.0,0.0,1,39.48,65.64,1,40.6,40.16,0.0,0.0,0.0,0.0,10
2023-05-09 23:28:50,au2312P488,au2312P488,40.6,0.0,0.0,0.0,1,39.48,65.62,1,40.6,40.16,0.0,0.0,0.0,0.0,10
2023-05-09 23:28:50,au2312P488,au2312P488,40.6,0.0,0.0,0.0,1,39.48,65.56,1,40.6,40.16,0.0,0.0,0.0,0.0,10
2023-05-09 23:28:51,au2312P488,au2312P488,40.6,0.0,0.0,0.0,1,39.48,65.56,1,40.6,40.16,0.0,0.0,0.0,0.0,10
2023-05-09 23:28:51,au2312P488,au2312P488,40.6,0.0,0.0,0.0,1,39.48,65.54,1,40.6,40.16,0.0,0.0,0.0,0.0,10
2023-05-09 23:28:52,au2312P488,au2312P488,40.6,0.0,0.0,0.0,1,39.48,65.48,1,40.6,40.16,0.0,0.0,0.0,0.0,10
2023-05-09 23:28:52,au2312P488,au2312P488,40.6,0.0,0.0,0.0,1,39.48,65.48,1,40.6,40.16,0.0,0.0,0.0,0.0,10
2023-05-09 23:28:53,au2312P488,au2312P488,40.6,0.0,0.0,0.0,1,39.48,65.46,1,40.6,40.16,0.0,0.0,0.0,0.0,10
2023-05-09 23:28:53,au2312P488,au2312P488,40.6,0.0,0.0,0.0,1,39.48,65.4,1,40.6,40.16,0.0,0.0,0.0,0.0,10
2023-05-09 23:28:54,au2312P488,au2312P488,40.6,0.0,0.0,0.0,1,39.48,65.4,1,40.6,40.16,0.0,0.0,0.0,0.0,10
2023-05-09 23:28:54,au2312P488,au2312P488,40.6,0.0,0.0,0.0,1,39.48,65.38,1,40.6,40.16,0.0,0.0,0.0,0.0,10
2023-05-09 23:28:55,au2312P488,au2312P488,40.6,0.0,0.0,0.0,1,39.48,65.32,1,40.6,40.16,0.0,0.0,0.0,0.0,10
2023-05-09 23:28:55,au2312P488,au2312P488,40.6,0.0,0.0,0.0,1,39.48,65.32,1,40.6,40.16,0.0,0.0,0.0,0.0,10
2023-05-09 23:28:56,au2312P488,au2312P488,40.6,0.0,0.0,0.0,1,39.48,65.3,1,40.6,40.16,0.0,0.0,0.0,0.0,10
2023-05-09 23:28:56,au2312P488,au2312P488,40.6,0.0,0.0,0.0,1,39.48,65.24,1,40.6,40.16,0.0,0.0,0.0,0.0,10
2023-05-09 23:28:57,au2312P488,au2312P488,40.6,0.0,0.0,0.0,1,39.48,65.24,1,40.6,40.16,0.0,0.0,0.0,0.0,10
2023-05-09 23:28:57,au2312P488,au2312P488,40.6,0.0,0.0,0.0,1,39.48,65.22,1,40.6,40.16,0.0,0.0,0.0,0.0,10
2023-05-09 23:28:58,au2312P488,au2312P488,40.6,0.0,0.0,0.0,1,39.48,65.16,1,40.6,40.16,0.0,0.0,0.0,0.0,10
2023-05-09 23:28:58,au2312P488,au2312P488,40.6,0.0,0.0,0.0,1,39.48,65.16,1,40.6,40.16,0.0,0.0,0.0,0.0,10
2023-05-09 23:28:59,au2312P488,au2312P488,40.6,0.0,0.0,0.0,1,39.48,65.14,1,40.6,40.16,0.0,0.0,0.0,0.0,10
2023-05-09 23:28:59,au2312P488,au2312P488,40.6,0.0,0.0,0.0,1,39.48,65.08,1,40.6,40.16,0.0,0.0,0.0,0.0,10
2023-05-09 23:29:00,au2312P488,au2312P488,40.6,0.0,0.0,0.0,1,39.48,65.08,1,40.6,40.16,0.0,0.0,0.0,0.0,10
2023-05-09 23:29:00,au2312P488,au2312P488,40.6,0.0,0.0,0.0,1,39.48,65.06,1,40.6,40.16,0.0,0.0,0.0,0.0,10
2023-05-09 23:29:01,au2312P488,au2312P488,40.6,0.0,0.0,0.0,1,39.48,65.0,1,40.6,40.16,0.0,0.0,0.0,0.0,10
2023-05-09 23:29:01,au2312P488,au2312P488,40.6,0.0,0.0,0.0,1,39.48,64.98,1,40.6,40.16,0.0,0.0,0.0,0.0,10
2023-05-09 23:29:02,au2312P488,au2312P488,40.6,0.0,0.0,0.0,1,39.48,64.92,1,40.6,40.16,0.0,0.0,0.0,0.0,10
2023-05-09 23:29:02,au2312P488,au2312P488,40.6,0.0,0.0,0.0,1,39.48,64.9,1,40.6,40.16,0.0,0.0,0.0,0.0,10
2023-05-09 23:29:03,au2312P488,au2312P488,40.6,0.0,0.0,0.0,1,39.48,64.84,1,40.6,40.16,0.0,0.0,0.0,0.0,10
2023-05-09 23:29:03,au2312P488,au2312P488,40.6,0.0,0.0,0.0,1,39.48,64.82,1,40.6,40.16,0.0,0.0,0.0,0.0,10
2023-05-09 23:29:04,au2312P488,au2312P488,40.6,0.0,0.0,0.0,1,39.48,64.76,1,40.6,40.16,0.0,0.0,0.0,0.0,10
2023-05-09 23:29:04,au2312P488,au2312P488,40.6,0.0,0.0,0.0,1,39.48,64.76,1,40.6,40.16,0.0,0.0,0.0,0.0,10
2023-05-09 23:29:05,au2312P488,au2312P488,40.6,0.0,0.0,0.0,1,39.48,64.74,1,40.6,40.16,0.0,0.0,0.0,0.0,10
2023-05-09 23:29:05,au2312P488,au2312P488,40.6,0.0,0.0,0.0,1,39.48,64.68,1,40.6,40.16,0.0,0.0,0.0,0.0,10
2023-05-09 23:29:06,au2312P488,au2312P488,40.6,0.0,0.0,0.0,1,39.48,64.68,1,40.6,40.16,0.0,0.0,0.0,0.0,10
2023-05-09 23:29:06,au2312P488,au2312P488,40.6,0.0,0.0,0.0,1,39.48,64.66,1,40.6,40.16,0.0,0.0,0.0,0.0,10
2023-05-09 23:29:07,au2312P488,au2312P488,40.6,0.0,0.0,0.0,1,39.48,64.6,1,40.6,40.16,0.0,0.0,0.0,0.0,10
2023-05-09 23:29:07,au2312P488,au2312P488,40.6,0.0,0.0,0.0,1,39.48,64.6,1,40.6,40.16,0.0,0.0,0.0,0.0,10
2023-05-09 23:29:08,au2312P488,au2312P488,40.6,0.0,0.0,0.0,1,39.48,64.58,1,40.6,40.16,0.0,0.0,0.0,0.0,10
2023-05-09 23:29:08,au2312P488,au2312P488,40.6,0.0,0.0,0.0,1,39.48,64.52,1,40.6,40.16,0.0,0.0,0.0,0.0,10
2023-05-09 23:29:09,au2312P488,au2312P488,40.6,0.0,0.0,0.0,1,39.48,64.52,1,40.6,40.16,0.0,0.0,0.0,0.0,10
2023-05-09 23:29:09,au2312P488,au2312P488,40.6,0.0,0.0,0.0,1,39.48,64.5,1,40.6,40.16,0.0,0.0,0.0,0.0,10
2023-05-09 23:29:10,au2312P488,au2312P488,40.6,0.0,0.0,0.0,1,39.48,64.44,1,40.6,40.16,0.0,0.0,0.0,0.0,10
2023-05-09 23:29:10,au2312P488,au2312P488,40.6,0.0,0.0,0.0,1,39.48,64.44,1,40.6,40.16,0.0,0.0,0.0,0.0,10
2023-05-09 23:29:11,au2312P488,au2312P488,40.6,0.0,0.0,0.0,1,39.48,64.42,1,40.6,40.16,0.0,0.0,0.0,0.0,10
2023-05-09 23:29:11,au2312P488,au2312P488,40.6,0.0,0.0,0.0,1,39.48,64.36,1,40.6,40.16,0.0,0.0,0.0,0.0,10
2023-05-09 23:29:12,au2312P488,au2312P488,40.6,0.0,0.0,0.0,1,39.48,64.36,1,40.6,40.16,0.0,0.0,0.0,0.0,10
2023-05-09 23:29:12,au2312P488,au2312P488,40.6,0.0,0.0,0.0,1,39.48,64.34,1,40.6,40.16,0.0,0.0,0.0,0.0,10
2023-05-09 23:29:13,au2312P488,au2312P488,40.6,0.0,0.0,0.0,1,39.48,64.28,1,40.6,40.16,0.0,0.0,0.0,0.0,10
2023-05-09 23:29:13,au2312P488,au2312P488,40.6,0.0,0.0,0.0,1,39.48,64.28,1,40.6,40.16,0.0,0.0,0.0,0.0,10
2023-05-09 23:29:14,au2312P488,au2312P488,40.6,0.0,0.0,0.0,1,39.48,64.26,1,40.6,40.16,0.0,0.0,0.0,0.0,10
2023-05-09 23:29:14,au2312P488,au2312P488,40.6,0.0,0.0,0.0,1,39.48,64.2,1,40.6,40.16,0.0,0.0,0.0,0.0,10
2023-05-09 23:29:15,au2312P488,au2312P488,40.6,0.0,0.0,0.0,1,39.48,64.2,1,40.6,40.16,0.0,0.0,0.0,0.0,10
2023-05-09 23:29:15,au2312P488,au2312P488,40.6,0.0,0.0,0.0,1,39.48,64.18,1,40.6,40.16,0.0,0.0,0.0,0.0,10
2023-05-09 23:29:16,au2312P488,au2312P488,40.6,0.0,0.0,0.0,1,39.48,64.12,1,40.6,40.16,0.0,0.0,0.0,0.0,10
2023-05-09 23:29:16,au2312P488,au2312P488,40.6,0.0,0.0,0.0,1,39.48,64.12,1,40.6,40.16,0.0,0.0,0.0,0.0,10
2023-05-09 23:29:17,au2312P488,au2312P488,40.6,0.0,0.0,0.0,1,39.48,64.1,1,40.6,40.16,0.0,0.0,0.0,0.0,10
2023-05-09 23:29:17,au2312P488,au2312P488,40.6,0.0,0.0,0.0,1,39.48,64.04,1,40.6,40.16,0.0,0.0,0.0,0.0,10
2023-05-09 23:29:18,au2312P488,au2312P488,40.6,0.0,0.0,0.0,1,39.48,64.04,1,40.6,40.16,0.0,0.0,0.0,0.0,10
2023-05-09 23:29:18,au2312P488,au2312P488,40.6,0.0,0.0,0.0,1,39.48,64.02,1,40.6,40.16,0.0,0.0,0.0,0.0,10
2023-05-09 23:29:19,au2312P488,au2312P488,40.6,0.0,0.0,0.0,1,39.48,63.96,1,40.6,40.16,0.0,0.0,0.0,0.0,10
2023-05-09 23:29:19,au2312P488,au2312P488,40.6,0.0,0.0,0.0,1,39.48,63.96,1,40.6,40.16,0.0,0.0,0.0,0.0,10
2023-05-09 23:29:20,au2312P488,au2312P488,40.6,0.0,0.0,0.0,1,39.48,63.94,1,40.6,40.16,0.0,0.0,0.0,0.0,10
2023-05-09 23:29:20,au2312P488,au2312P488,40.6,0.0,0.0,0.0,1,39.48,63.88,1,40.6,40.16,0.0,0.0,0.0,0.0,10
2023-05-09 23:29:21,au2312P488,au2312P488,40.6,0.0,0.0,0.0,1,39.48,63.88,1,40.6,40.16,0.0,0.0,0.0,0.0,10
2023-05-09 23:29:21,au2312P488,au2312P488,40.6,0.0,0.0,0.0,1,39.48,63.86,1,40.6,40.16,0.0,0.0,0.0,0.0,10
2023-05-09 23:29:22,au2312P488,au2312P488,40.6,0.0,0.0,0.0,1,39.48,63.8,1,40.6,40.16,0.0,0.0,0.0,0.0,10
2023-05-09 23:29:22,au2312P488,au2312P488,40.6,0.0,0.0,0.0,1,39.48,63.8,1,40.6,40.16,0.0,0.0,0.0,0.0,10
2023-05-09 23:29:23,au2312P488,au2312P488,40.6,0.0,0.0,0.0,1,39.48,63.78,1,40.6,40.16,0.0,0.0,0.0,0.0,10
2023-05-09 23:29:23,au2312P488,au2312P488,40.6,0.0,0.0,0.0,1,39.48,63.72,1,40.6,40.16,0.0,0.0,0.0,0.0,10
2023-05-09 23:29:24,au2312P488,au2312P488,40.6,0.0,0.0,0.0,1,39.48,63.72,1,40.6,40.16,0.0,0.0,0.0,0.0,10
2023-05-09 23:29:24,au2312P488,au2312P488,40.6,0.0,0.0,0.0,1,39.48,63.7,1,40.6,40.16,0.0,0.0,0.0,0.0,10
2023-05-09 23:29:25,au2312P488,au2312P488,40.6,0.0,0.0,0.0,1,39.48,63.64,1,40.6,40.16,0.0,0.0,0.0,0.0,10
2023-05-09 23:29:25,au2312P488,au2312P488,40.6,0.0,0.0,0.0,1,39.48,63.64,1,40.6,40.16,0.0,0.0,0.0,0.0,10
2023-05-09 23:29:26,au2312P488,au2312P488,40.6,0.0,0.0,0.0,1,39.48,63.62,1,40.6,40.16,0.0,0.0,0.0,0.0,10
2023-05-09 23:29:26,au2312P488,au2312P488,40.6,0.0,0.0,0.0,1,39.48,63.56,1,40.6,40.16,0.0,0.0,0.0,0.0,10
2023-05-09 23:29:27,au2312P488,au2312P488,40.6,0.0,0.0,0.0,1,39.48,63.56,1,40.6,40.16,0.0,0.0,0.0,0.0,10
2023-05-09 23:29:27,au2312P488,au2312P488,40.6,0.0,0.0,0.0,1,39.48,63.54,1,40.6,40.16,0.0,0.0,0.0,0.0,10
2023-05-09 23:29:28,au2312P488,au2312P488,40.6,0.0,0.0,0.0,1,39.48,63.48,1,40.6,40.16,0.0,0.0,0.0,0.0,10
2023-05-09 23:29:28,au2312P488,au2312P488,40.6,0.0,0.0,0.0,1,39.48,63.48,1,40.6,40.16,0.0,0.0,0.0,0.0,10
2023-05-09 23:29:29,au2312P488,au2312P488,40.6,0.0,0.0,0.0,1,39.48,63.46,1,40.6,40.16,0.0,0.0,0.0,0.0,10
2023-05-09 23:29:29,au2312P488,au2312P488,40.6,0.0,0.0,0.0,1,39.48,63.4,1,40.6,40.16,0.0,0.0,0.0,0.0,10
2023-05-09 23:29:30,au2312P488,au2312P488,40.6,0.0,0.0,0.0,1,39.48,63.4,1,40.6,40.16,0.0,0.0,0.0,0.0,10
2023-05-09 23:29:30,au2312P488,au2312P488,40.6,0.0,0.0,0.0,1,39.48,63.38,1,40.6,40.16,0.0,0.0,0.0,0.0,10
2023-05-09 23:29:31,au2312P488,au2312P488,40.6,0.0,0.0,0.0,1,39.48,63.32,1,40.6,40.16,0.0,0.0,0.0,0.0,10
2023-05-09 23:29:31,au2312P488,au2312P488,40.6,0.0,0.0,0.0,1,39.48,63.32,1,40.6,40.16,0.0,0.0,0.0,0.0,10
2023-05-09 23:29:32,au2312P488,au2312P488,40.6,0.0,0.0,0.0,1,39.48,63.3,1,40.6,40.16,0.0,0.0,0.0,0.0,10
2023-05-09 23:29:32,au2312P488,au2312P488,40.6,0.0,0.0,0.0,1,39.48,63.24,1,40.6,40.16,0.0,0.0,0.0,0.0,10
2023-05-09 23:29:33,au2312P488,au2312P488,40.6,0.0,0.0,0.0,1,39.54,63.24,1,40.6,40.16,0.0,0.0,0.0,0.0,10
2023-05-09 23:29:33,au2312P488,au2312P488,40.6,0.0,0.0,0.0,1,39.54,63.24,1,40.6,40.16,0.0,0.0,0.0,0.0,10
2023-05-09 23:29:34,au2312P488,au2312P488,40.6,0.0,0.0,0.0,1,39.56,63.22,1,40.6,40.16,0.0,0.0,0.0,0.0,10
2023-05-09 23:29:34,au2312P488,au2312P488,40.6,0.0,0.0,0.0,1,39.56,63.16,1,40.6,40.16,0.0,0.0,0.0,0.0,10
2023-05-09 23:29:35,au2312P488,au2312P488,40.6,0.0,0.0,0.0,1,39.56,63.16,1,40.6,40.16,0.0,0.0,0.0,0.0,10
2023-05-09 23:29:35,au2312P488,au2312P488,40.6,0.0,0.0,0.0,1,39.56,63.14,1,40.6,40.16,0.0,0.0,0.0,0.0,10
2023-05-09 23:29:36,au2312P488,au2312P488,40.6,0.0,0.0,0.0,1,39.56,63.08,1,40.6,40.16,0.0,0.0,0.0,0.0,10
2023-05-09 23:29:36,au2312P488,au2312P488,40.6,0.0,0.0,0.0,1,39.56,63.08,1,40.6,40.16,0.0,0.0,0.0,0.0,10
2023-05-09 23:29:37,au2312P488,au2312P488,40.6,0.0,0.0,0.0,1,39.56,63.06,1,40.6,40.16,0.0,0.0,0.0,0.0,10
2023-05-09 23:29:37,au2312P488,au2312P488,40.6,0.0,0.0,0.0,1,39.56,63.0,1,40.6,40.16,0.0,0.0,0.0,0.0,10
2023-05-09 23:29:38,au2312P488,au2312P488,40.6,0.0,0.0,0.0,1,39.56,49.88,1,40.6,40.16,0.0,0.0,0.0,0.0,10
2023-05-09 23:29:38,au2312P488,au2312P488,40.6,0.0,0.0,0.0,1,39.56,49.82,1,40.6,40.16,0.0,0.0,0.0,0.0,10
2023-05-09 23:29:39,au2312P488,au2312P488,40.6,0.0,0.0,0.0,1,39.56,49.82,1,40.6,40.16,0.0,0.0,0.0,0.0,10
2023-05-09 23:29:39,au2312P488,au2312P488,40.6,0.0,0.0,0.0,1,39.56,46.06,1,40.6,40.16,0.0,0.0,0.0,0.0,10
2023-05-09 23:29:40,au2312P488,au2312P488,40.6,0.0,0.0,0.0,1,39.56,46.06,1,40.6,40.16,0.0,0.0,0.0,0.0,10
2023-05-09 23:29:40,au2312P488,au2312P488,40.6,0.0,0.0,0.0,1,39.56,46.04,1,40.6,40.16,0.0,0.0,0.0,0.0,10
2023-05-09 23:29:41,au2312P488,au2312P488,40.6,0.0,0.0,0.0,1,39.56,42.28,1,40.6,40.16,0.0,0.0,0.0,0.0,10
2023-05-09 23:29:41,au2312P488,au2312P488,40.6,0.0,0.0,0.0,1,39.56,42.28,1,40.6,40.16,0.0,0.0,0.0,0.0,10
2023-05-09 23:29:42,au2312P488,au2312P488,40.6,0.0,0.0,0.0,1,39.56,42.26,1,40.6,40.16,0.0,0.0,0.0,0.0,10
2023-05-09 23:41:28,au2312P488,au2312P488,40.6,0.0,0.0,0.0,1,39.56,42.26,1,40.6,40.16,0.0,0.0,0.0,0.0,10
2023-05-10 00:08:15,au2312P488,au2312P488,40.6,0.0,0.0,0.0,0,0.0,42.26,1,40.6,40.16,0.0,0.0,0.0,0.0,10
2023-05-10 00:08:15,au2312P488,au2312P488,40.6,0.0,0.0,0.0,1,9.42,42.26,1,40.6,40.16,0.0,0.0,0.0,0.0,10
2023-05-10 00:08:16,au2312P488,au2312P488,40.6,0.0,0.0,0.0,2,9.44,42.26,1,40.6,40.16,0.0,0.0,0.0,0.0,10
2023-05-10 00:08:16,au2312P488,au2312P488,40.6,0.0,0.0,0.0,1,9.5,42.26,1,40.6,40.16,0.0,0.0,0.0,0.0,10
2023-05-10 00:08:17,au2312P488,au2312P488,40.6,0.0,0.0,0.0,1,9.5,42.26,1,40.6,40.16,0.0,0.0,0.0,0.0,10
2023-05-10 00:08:17,au2312P488,au2312P488,40.6,0.0,0.0,0.0,1,9.52,42.26,1,40.6,40.16,0.0,0.0,0.0,0.0,10
2023-05-10 00:08:18,au2312P488,au2312P488,40.6,0.0,0.0,0.0,1,9.58,42.26,1,40.6,40.16,0.0,0.0,0.0,0.0,10
2023-05-10 00:08:18,au2312P488,au2312P488,40.6,0.0,0.0,0.0,1,9.58,42.26,1,40.6,40.16,0.0,0.0,0.0,0.0,10
2023-05-10 00:08:19,au2312P488,au2312P488,40.6,0.0,0.0,0.0,1,9.6,42.26,1,40.6,40.16,0.0,0.0,0.0,0.0,10
2023-05-10 00:08:19,au2312P488,au2312P488,40.6,0.0,0.0,0.0,1,9.66,42.26,1,40.6,40.16,0.0,0.0,0.0,0.0,10
2023-05-10 00:08:20,au2312P488,au2312P488,40.6,0.0,0.0,0.0,1,9.66,42.26,1,40.6,40.16,0.0,0.0,0.0,0.0,10
2023-05-10 00:08:20,au2312P488,au2312P488,40.6,0.0,0.0,0.0,1,9.68,42.26,1,40.6,40.16,0.0,0.0,0.0,0.0,10
2023-05-10 00:08:21,au2312P488,au2312P488,40.6,0.0,0.0,0.0,1,9.74,42.26,1,40.6,40.16,0.0,0.0,0.0,0.0,10
2023-05-10 00:08:21,au2312P488,au2312P488,40.6,0.0,0.0,0.0,1,9.74,42.26,1,40.6,40.16,0.0,0.0,0.0,0.0,10
2023-05-10 00:08:22,au2312P488,au2312P488,40.6,0.0,0.0,0.0,1,9.76,42.26,1,40.6,40.16,0.0,0.0,0.0,0.0,10
2023-05-10 00:08:22,au2312P488,au2312P488,40.6,0.0,0.0,0.0,1,9.82,42.26,1,40.6,40.16,0.0,0.0,0.0,0.0,10
2023-05-10 00:08:23,au2312P488,au2312P488,40.6,0.0,0.0,0.0,1,9.82,42.26,1,40.6,40.16,0.0,0.0,0.0,0.0,10
2023-05-10 00:08:23,au2312P488,au2312P488,40.6,0.0,0.0,0.0,1,9.84,42.26,1,40.6,40.16,0.0,0.0,0.0,0.0,10
2023-05-10 00:08:24,au2312P488,au2312P488,40.6,0.0,0.0,0.0,1,9.9,42.26,1,40.6,40.16,0.0,0.0,0.0,0.0,10
2023-05-10 00:08:24,au2312P488,au2312P488,40.6,0.0,0.0,0.0,1,9.9,42.26,1,40.6,40.16,0.0,0.0,0.0,0.0,10
2023-05-10 00:08:25,au2312P488,au2312P488,40.6,0.0,0.0,0.0,1,9.92,42.26,1,40.6,40.16,0.0,0.0,0.0,0.0,10
2023-05-10 00:08:25,au2312P488,au2312P488,40.6,0.0,0.0,0.0,1,9.98,42.26,1,40.6,40.16,0.0,0.0,0.0,0.0,10
2023-05-10 00:08:26,au2312P488,au2312P488,40.6,0.0,0.0,0.0,1,9.98,42.26,1,40.6,40.16,0.0,0.0,0.0,0.0,10
2023-05-10 00:08:26,au2312P488,au2312P488,40.6,0.0,0.0,0.0,1,10.0,42.26,1,40.6,40.16,0.0,0.0,0.0,0.0,10
2023-05-10 00:08:27,au2312P488,au2312P488,40.6,0.0,0.0,0.0,1,10.06,42.26,1,40.6,40.16,0.0,0.0,0.0,0.0,10
2023-05-10 00:08:27,au2312P488,au2312P488,40.6,0.0,0.0,0.0,1,10.06,42.26,1,40.6,40.16,0.0,0.0,0.0,0.0,10
2023-05-10 00:08:28,au2312P488,au2312P488,40.6,0.0,0.0,0.0,1,10.08,42.26,1,40.6,40.16,0.0,0.0,0.0,0.0,10
2023-05-10 00:08:28,au2312P488,au2312P488,40.6,0.0,0.0,0.0,1,10.14,42.26,1,40.6,40.16,0.0,0.0,0.0,0.0,10
2023-05-10 00:08:29,au2312P488,au2312P488,40.6,0.0,0.0,0.0,1,10.14,42.26,1,40.6,40.16,0.0,0.0,0.0,0.0,10
2023-05-10 00:08:29,au2312P488,au2312P488,40.6,0.0,0.0,0.0,1,10.16,42.26,1,40.6,40.16,0.0,0.0,0.0,0.0,10
2023-05-10 00:08:30,au2312P488,au2312P488,40.6,0.0,0.0,0.0,1,10.22,42.26,1,40.6,40.16,0.0,0.0,0.0,0.0,10
2023-05-10 00:08:30,au2312P488,au2312P488,40.6,0.0,0.0,0.0,1,10.22,42.26,1,40.6,40.16,0.0,0.0,0.0,0.0,10
2023-05-10 00:08:31,au2312P488,au2312P488,40.6,0.0,0.0,0.0,1,10.24,42.26,1,40.6,40.16,0.0,0.0,0.0,0.0,10
2023-05-10 00:08:31,au2312P488,au2312P488,40.6,0.0,0.0,0.0,1,10.3,42.26,1,40.6,40.16,0.0,0.0,0.0,0.0,10
2023-05-10 00:08:32,au2312P488,au2312P488,40.6,0.0,0.0,0.0,1,10.3,42.26,1,40.6,40.16,0.0,0.0,0.0,0.0,10
2023-05-10 00:08:32,au2312P488,au2312P488,40.6,0.0,0.0,0.0,1,10.32,42.26,1,40.6,40.16,0.0,0.0,0.0,0.0,10
2023-05-10 00:08:33,au2312P488,au2312P488,40.6,0.0,0.0,0.0,1,10.38,42.26,1,40.6,40.16,0.0,0.0,0.0,0.0,10
2023-05-10 00:08:33,au2312P488,au2312P488,40.6,0.0,0.0,0.0,1,10.38,42.26,1,40.6,40.16,0.0,0.0,0.0,0.0,10
2023-05-10 00:08:34,au2312P488,au2312P488,40.6,0.0,0.0,0.0,1,10.4,42.26,1,40.6,40.16,0.0,0.0,0.0,0.0,10
2023-05-10 00:08:34,au2312P488,au2312P488,40.6,0.0,0.0,0.0,1,10.46,42.26,1,40.6,40.16,0.0,0.0,0.0,0.0,10
2023-05-10 00:08:35,au2312P488,au2312P488,40.6,0.0,0.0,0.0,1,10.46,42.26,1,40.6,40.16,0.0,0.0,0.0,0.0,10
2023-05-10 00:08:35,au2312P488,au2312P488,40.6,0.0,0.0,0.0,1,10.48,42.26,1,40.6,40.16,0.0,0.0,0.0,0.0,10
2023-05-10 00:08:36,au2312P488,au2312P488,40.6,0.0,0.0,0.0,1,10.54,42.26,1,40.6,40.16,0.0,0.0,0.0,0.0,10
2023-05-10 00:08:36,au2312P488,au2312P488,40.6,0.0,0.0,0.0,1,10.54,42.26,1,40.6,40.16,0.0,0.0,0.0,0.0,10
2023-05-10 00:08:37,au2312P488,au2312P488,40.6,0.0,0.0,0.0,1,10.56,42.26,1,40.6,40.16,0.0,0.0,0.0,0.0,10
2023-05-10 00:08:37,au2312P488,au2312P488,40.6,0.0,0.0,0.0,1,10.62,42.26,1,40.6,40.16,0.0,0.0,0.0,0.0,10
2023-05-10 00:08:38,au2312P488,au2312P488,40.6,0.0,0.0,0.0,1,10.62,42.26,1,40.6,40.16,0.0,0.0,0.0,0.0,10
2023-05-10 00:08:38,au2312P488,au2312P488,40.6,0.0,0.0,0.0,1,10.64,42.26,1,40.6,40.16,0.0,0.0,0.0,0.0,10
2023-05-10 00:08:39,au2312P488,au2312P488,40.6,0.0,0.0,0.0,1,10.7,42.26,1,40.6,40.16,0.0,0.0,0.0,0.0,10
2023-05-10 00:08:39,au2312P488,au2312P488,40.6,0.0,0.0,0.0,1,10.7,42.26,1,40.6,40.16,0.0,0.0,0.0,0.0,10
2023-05-10 00:08:40,au2312P488,au2312P488,40.6,0.0,0.0,0.0,1,10.72,42.26,1,40.6,40.16,0.0,0.0,0.0,0.0,10
2023-05-10 00:08:40,au2312P488,au2312P488,40.6,0.0,0.0,0.0,1,10.78,42.26,1,40.6,40.16,0.0,0.0,0.0,0.0,10
2023-05-10 00:08:41,au2312P488,au2312P488,40.6,0.0,0.0,0.0,1,10.78,42.26,1,40.6,40.16,0.0,0.0,0.0,0.0,10
2023-05-10 00:08:41,au2312P488,au2312P488,40.6,0.0,0.0,0.0,1,10.8,42.26,1,40.6,40.16,0.0,0.0,0.0,0.0,10
2023-05-10 00:08:42,au2312P488,au2312P488,40.6,0.0,0.0,0.0,1,10.86,42.26,1,40.6,40.16,0.0,0.0,0.0,0.0,10
2023-05-10 00:08:42,au2312P488,au2312P488,40.6,0.0,0.0,0.0,1,10.86,42.26,1,40.6,40.16,0.0,0.0,0.0,0.0,10
2023-05-10 00:08:43,au2312P488,au2312P488,40.6,0.0,0.0,0.0,1,10.88,42.26,1,40.6,40.16,0.0,0.0,0.0,0.0,10
2023-05-10 00:08:43,au2312P488,au2312P488,40.6,0.0,0.0,0.0,1,10.94,42.26,1,40.6,40.16,0.0,0.0,0.0,0.0,10
2023-05-10 00:08:44,au2312P488,au2312P488,40.6,0.0,0.0,0.0,1,10.94,42.26,1,40.6,40.16,0.0,0.0,0.0,0.0,10
2023-05-10 00:08:44,au2312P488,au2312P488,40.6,0.0,0.0,0.0,1,10.96,42.26,1,40.6,40.16,0.0,0.0,0.0,0.0,10
2023-05-10 00:08:45,au2312P488,au2312P488,40.6,0.0,0.0,0.0,1,11.02,42.26,1,40.6,40.16,0.0,0.0,0.0,0.0,10
2023-05-10 00:08:45,au2312P488,au2312P488,40.6,0.0,0.0,0.0,1,11.02,42.26,1,40.6,40.16,0.0,0.0,0.0,0.0,10
2023-05-10 00:08:46,au2312P488,au2312P488,40.6,0.0,0.0,0.0,1,11.04,42.26,1,40.6,40.16,0.0,0.0,0.0,0.0,10
2023-05-10 00:08:46,au2312P488,au2312P488,40.6,0.0,0.0,0.0,1,11.1,42.26,1,40.6,40.16,0.0,0.0,0.0,0.0,10
2023-05-10 00:08:47,au2312P488,au2312P488,40.6,0.0,0.0,0.0,1,11.1,42.26,1,40.6,40.16,0.0,0.0,0.0,0.0,10
2023-05-10 00:08:47,au2312P488,au2312P488,40.6,0.0,0.0,0.0,1,11.12,42.26,1,40.6,40.16,0.0,0.0,0.0,0.0,10
2023-05-10 00:08:48,au2312P488,au2312P488,40.6,0.0,0.0,0.0,1,11.18,42.26,1,40.6,40.16,0.0,0.0,0.0,0.0,10
2023-05-10 00:08:48,au2312P488,au2312P488,40.6,0.0,0.0,0.0,1,11.18,42.26,1,40.6,40.16,0.0,0.0,0.0,0.0,10
2023-05-10 00:08:49,au2312P488,au2312P488,40.6,0.0,0.0,0.0,1,11.2,42.26,1,40.6,40.16,0.0,0.0,0.0,0.0,10
2023-05-10 00:08:49,au2312P488,au2312P488,40.6,0.0,0.0,0.0,1,11.26,42.26,1,40.6,40.16,0.0,0.0,0.0,0.0,10
2023-05-10 00:08:50,au2312P488,au2312P488,40.6,0.0,0.0,0.0,1,11.26,42.26,1,40.6,40.16,0.0,0.0,0.0,0.0,10
2023-05-10 00:08:50,au2312P488,au2312P488,40.6,0.0,0.0,0.0,1,11.28,42.26,1,40.6,40.16,0.0,0.0,0.0,0.0,10
2023-05-10 00:08:51,au2312P488,au2312P488,40.6,0.0,0.0,0.0,1,11.34,42.26,1,40.6,40.16,0.0,0.0,0.0,0.0,10
2023-05-10 00:08:51,au2312P488,au2312P488,40.6,0.0,0.0,0.0,1,11.34,42.26,1,40.6,40.16,0.0,0.0,0.0,0.0,10
2023-05-10 00:08:52,au2312P488,au2312P488,40.6,0.0,0.0,0.0,1,11.36,42.26,1,40.6,40.16,0.0,0.0,0.0,0.0,10
2023-05-10 00:08:52,au2312P488,au2312P488,40.6,0.0,0.0,0.0,1,11.42,42.26,1,40.6,40.16,0.0,0.0,0.0,0.0,10
2023-05-10 00:08:53,au2312P488,au2312P488,40.6,0.0,0.0,0.0,1,11.42,42.26,1,40.6,40.16,0.0,0.0,0.0,0.0,10
2023-05-10 00:08:53,au2312P488,au2312P488,40.6,0.0,0.0,0.0,1,11.44,42.26,1,40.6,40.16,0.0,0.0,0.0,0.0,10
2023-05-10 00:08:54,au2312P488,au2312P488,40.6,0.0,0.0,0.0,1,11.5,42.26,1,40.6,40.16,0.0,0.0,0.0,0.0,10
2023-05-10 00:08:54,au2312P488,au2312P488,40.6,0.0,0.0,0.0,1,11.5,42.26,1,40.6,40.16,0.0,0.0,0.0,0.0,10
2023-05-10 00:08:55,au2312P488,au2312P488,40.6,0.0,0.0,0.0,1,11.52,42.26,1,40.6,40.16,0.0,0.0,0.0,0.0,10
2023-05-10 00:08:55,au2312P488,au2312P488,40.6,0.0,0.0,0.0,1,11.58,42.26,1,40.6,40.16,0.0,0.0,0.0,0.0,10
2023-05-10 00:08:56,au2312P488,au2312P488,40.6,0.0,0.0,0.0,1,11.58,42.26,1,40.6,40.16,0.0,0.0,0.0,0.0,10
2023-05-10 00:08:56,au2312P488,au2312P488,40.6,0.0,0.0,0.0,1,11.6,42.26,1,40.6,40.16,0.0,0.0,0.0,0.0,10
2023-05-10 00:08:57,au2312P488,au2312P488,40.6,0.0,0.0,0.0,1,11.66,42.26,1,40.6,40.16,0.0,0.0,0.0,0.0,10
2023-05-10 00:08:57,au2312P488,au2312P488,40.6,0.0,0.0,0.0,1,11.66,42.26,1,40.6,40.16,0.0,0.0,0.0,0.0,10
2023-05-10 00:08:58,au2312P488,au2312P488,40.6,0.0,0.0,0.0,1,11.68,42.26,1,40.6,40.16,0.0,0.0,0.0,0.0,10
2023-05-10 00:08:58,au2312P488,au2312P488,40.6,0.0,0.0,0.0,1,11.74,42.26,1,40.6,40.16,0.0,0.0,0.0,0.0,10
2023-05-10 00:08:59,au2312P488,au2312P488,40.6,0.0,0.0,0.0,1,11.74,42.26,1,40.6,40.16,0.0,0.0,0.0,0.0,10
2023-05-10 00:08:59,au2312P488,au2312P488,40.6,0.0,0.0,0.0,1,11.76,42.26,1,40.6,40.16,0.0,0.0,0.0,0.0,10
2023-05-10 00:09:00,au2312P488,au2312P488,40.6,0.0,0.0,0.0,1,11.82,42.26,1,40.6,40.16,0.0,0.0,0.0,0.0,10
2023-05-10 00:09:00,au2312P488,au2312P488,40.6,0.0,0.0,0.0,1,11.82,42.26,1,40.6,40.16,0.0,0.0,0.0,0.0,10
2023-05-10 00:09:01,au2312P488,au2312P488,40.6,0.0,0.0,0.0,1,11.84,42.26,1,40.6,40.16,0.0,0.0,0.0,0.0,10
2023-05-10 00:09:01,au2312P488,au2312P488,40.6,0.0,0.0,0.0,1,11.9,42.26,1,40.6,40.16,0.0,0.0,0.0,0.0,10
2023-05-10 00:09:02,au2312P488,au2312P488,40.6,0.0,0.0,0.0,1,11.9,42.26,1,40.6,40.16,0.0,0.0,0.0,0.0,10
2023-05-10 00:09:02,au2312P488,au2312P488,40.6,0.0,0.0,0.0,1,11.92,42.26,1,40.6,40.16,0.0,0.0,0.0,0.0,10
2023-05-10 00:09:03,au2312P488,au2312P488,40.6,0.0,0.0,0.0,1,11.98,42.26,1,40.6,40.16,0.0,0.0,0.0,0.0,10
2023-05-10 00:09:03,au2312P488,au2312P488,40.6,0.0,0.0,0.0,1,11.98,42.26,1,40.6,40.16,0.0,0.0,0.0,0.0,10
2023-05-10 00:09:04,au2312P488,au2312P488,40.6,0.0,0.0,0.0,1,12.0,42.26,1,40.6,40.16,0.0,0.0,0.0,0.0,10
2023-05-10 00:09:04,au2312P488,au2312P488,40.6,0.0,0.0,0.0,1,12.06,42.26,1,40.6,40.16,0.0,0.0,0.0,0.0,10
2023-05-10 00:09:05,au2312P488,au2312P488,40.6,0.0,0.0,0.0,1,12.06,42.26,1,40.6,40.16,0.0,0.0,0.0,0.0,10
2023-05-10 00:09:05,au2312P488,au2312P488,40.6,0.0,0.0,0.0,1,12.08,42.26,1,40.6,40.16,0.0,0.0,0.0,0.0,10
2023-05-10 00:09:06,au2312P488,au2312P488,40.6,0.0,0.0,0.0,1,12.14,42.26,1,40.6,40.16,0.0,0.0,0.0,0.0,10
2023-05-10 00:09:06,au2312P488,au2312P488,40.6,0.0,0.0,0.0,1,12.14,42.26,1,40.6,40.16,0.0,0.0,0.0,0.0,10
2023-05-10 00:09:07,au2312P488,au2312P488,40.6,0.0,0.0,0.0,1,12.16,42.26,1,40.6,40.16,0.0,0.0,0.0,0.0,10
2023-05-10 00:09:07,au2312P488,au2312P488,40.6,0.0,0.0,0.0,1,12.22,42.26,1,40.6,40.16,0.0,0.0,0.0,0.0,10
2023-05-10 00:09:08,au2312P488,au2312P488,40.6,0.0,0.0,0.0,1,12.22,42.26,1,40.6,40.16,0.0,0.0,0.0,0.0,10
2023-05-10 00:09:08,au2312P488,au2312P488,40.6,0.0,0.0,0.0,1,12.24,42.26,1,40.6,40.16,0.0,0.0,0.0,0.0,10
2023-05-10 00:09:09,au2312P488,au2312P488,40.6,0.0,0.0,0.0,1,12.3,42.26,1,40.6,40.16,0.0,0.0,0.0,0.0,10
2023-05-10 00:09:09,au2312P488,au2312P488,40.6,0.0,0.0,0.0,1,12.3,42.26,1,40.6,40.16,0.0,0.0,0.0,0.0,10
2023-05-10 00:09:10,au2312P488,au2312P488,40.6,0.0,0.0,0.0,1,12.32,42.26,1,40.6,40.16,0.0,0.0,0.0,0.0,10
2023-05-10 00:09:10,au2312P488,au2312P488,40.6,0.0,0.0,0.0,1,12.38,42.26,1,40.6,40.16,0.0,0.0,0.0,0.0,10
2023-05-10 00:09:11,au2312P488,au2312P488,40.6,0.0,0.0,0.0,1,12.38,42.26,1,40.6,40.16,0.0,0.0,0.0,0.0,10
2023-05-10 00:09:11,au2312P488,au2312P488,40.6,0.0,0.0,0.0,1,12.4,42.26,1,40.6,40.16,0.0,0.0,0.0,0.0,10
2023-05-10 00:09:12,au2312P488,au2312P488,40.6,0.0,0.0,0.0,1,12.46,42.26,1,40.6,40.16,0.0,0.0,0.0,0.0,10
2023-05-10 00:09:12,au2312P488,au2312P488,40.6,0.0,0.0,0.0,1,12.46,42.26,1,40.6,40.16,0.0,0.0,0.0,0.0,10
2023-05-10 00:09:13,au2312P488,au2312P488,40.6,0.0,0.0,0.0,1,12.48,42.26,1,40.6,40.16,0.0,0.0,0.0,0.0,10
2023-05-10 00:09:13,au2312P488,au2312P488,40.6,0.0,0.0,0.0,1,12.54,42.26,1,40.6,40.16,0.0,0.0,0.0,0.0,10
2023-05-10 00:09:14,au2312P488,au2312P488,40.6,0.0,0.0,0.0,1,12.54,42.26,1,40.6,40.16,0.0,0.0,0.0,0.0,10
2023-05-10 00:09:14,au2312P488,au2312P488,40.6,0.0,0.0,0.0,1,12.56,42.26,1,40.6,40.16,0.0,0.0,0.0,0.0,10
2023-05-10 00:09:15,au2312P488,au2312P488,40.6,0.0,0.0,0.0,1,12.62,42.26,1,40.6,40.16,0.0,0.0,0.0,0.0,10
2023-05-10 00:09:15,au2312P488,au2312P488,40.6,0.0,0.0,0.0,1,12.62,42.26,1,40.6,40.16,0.0,0.0,0.0,0.0,10
2023-05-10 00:09:16,au2312P488,au2312P488,40.6,0.0,0.0,0.0,1,12.64,42.26,1,40.6,40.16,0.0,0.0,0.0,0.0,10
2023-05-10 00:09:16,au2312P488,au2312P488,40.6,0.0,0.0,0.0,1,12.7,42.26,1,40.6,40.16,0.0,0.0,0.0,0.0,10
2023-05-10 00:09:17,au2312P488,au2312P488,40.6,0.0,0.0,0.0,1,12.7,42.26,1,40.6,40.16,0.0,0.0,0.0,0.0,10
2023-05-10 00:09:17,au2312P488,au2312P488,40.6,0.0,0.0,0.0,1,12.72,42.26,1,40.6,40.16,0.0,0.0,0.0,0.0,10
2023-05-10 00:09:18,au2312P488,au2312P488,40.6,0.0,0.0,0.0,1,12.78,42.26,1,40.6,40.16,0.0,0.0,0.0,0.0,10
2023-05-10 00:09:18,au2312P488,au2312P488,40.6,0.0,0.0,0.0,1,12.78,42.26,1,40.6,40.16,0.0,0.0,0.0,0.0,10
2023-05-10 00:09:19,au2312P488,au2312P488,40.6,0.0,0.0,0.0,1,12.8,42.26,1,40.6,40.16,0.0,0.0,0.0,0.0,10
2023-05-10 00:09:19,au2312P488,au2312P488,40.6,0.0,0.0,0.0,1,12.86,42.26,1,40.6,40.16,0.0,0.0,0.0,0.0,10
2023-05-10 00:09:20,au2312P488,au2312P488,40.6,0.0,0.0,0.0,1,12.86,42.26,1,40.6,40.16,0.0,0.0,0.0,0.0,10
2023-05-10 00:09:20,au2312P488,au2312P488,40.6,0.0,0.0,0.0,1,12.88,42.26,1,40.6,40.16,0.0,0.0,0.0,0.0,10
2023-05-10 00:09:21,au2312P488,au2312P488,40.6,0.0,0.0,0.0,1,12.94,42.26,1,40.6,40.16,0.0,0.0,0.0,0.0,10
2023-05-10 00:09:21,au2312P488,au2312P488,40.6,0.0,0.0,0.0,1,12.94,42.26,1,40.6,40.16,0.0,0.0,0.0,0.0,10
2023-05-10 00:09:22,au2312P488,au2312P488,40.6,0.0,0.0,0.0,1,12.96,42.26,1,40.6,40.16,0.0,0.0,0.0,0.0,10
2023-05-10 00:09:22,au2312P488,au2312P488,40.6,0.0,0.0,0.0,1,13.02,42.26,1,40.6,40.16,0.0,0.0,0.0,0.0,10
2023-05-10 00:09:23,au2312P488,au2312P488,40.6,0.0,0.0,0.0,1,13.02,42.26,1,40.6,40.16,0.0,0.0,0.0,0.0,10
2023-05-10 00:09:23,au2312P488,au2312P488,40.6,0.0,0.0,0.0,1,13.04,42.26,1,40.6,40.16,0.0,0.0,0.0,0.0,10
2023-05-10 00:09:24,au2312P488,au2312P488,40.6,0.0,0.0,0.0,1,13.1,42.26,1,40.6,40.16,0.0,0.0,0.0,0.0,10
2023-05-10 00:09:24,au2312P488,au2312P488,40.6,0.0,0.0,0.0,1,13.1,42.26,1,40.6,40.16,0.0,0.0,0.0,0.0,10
2023-05-10 00:09:25,au2312P488,au2312P488,40.6,0.0,0.0,0.0,1,13.12,42.26,1,40.6,40.16,0.0,0.0,0.0,0.0,10
2023-05-10 00:09:25,au2312P488,au2312P488,40.6,0.0,0.0,0.0,1,13.18,42.26,1,40.6,40.16,0.0,0.0,0.0,0.0,10
2023-05-10 00:09:26,au2312P488,au2312P488,40.6,0.0,0.0,0.0,1,13.18,42.26,1,40.6,40.16,0.0,0.0,0.0,0.0,10
2023-05-10 00:09:26,au2312P488,au2312P488,40.6,0.0,0.0,0.0,1,13.2,42.26,1,40.6,40.16,0.0,0.0,0.0,0.0,10
2023-05-10 00:09:27,au2312P488,au2312P488,40.6,0.0,0.0,0.0,1,13.26,42.26,1,40.6,40.16,0.0,0.0,0.0,0.0,10
2023-05-10 00:09:27,au2312P488,au2312P488,40.6,0.0,0.0,0.0,1,13.26,42.26,1,40.6,40.16,0.0,0.0,0.0,0.0,10
2023-05-10 00:09:28,au2312P488,au2312P488,40.6,0.0,0.0,0.0,1,13.28,42.26,1,40.6,40.16,0.0,0.0,0.0,0.0,10
2023-05-10 00:09:28,au2312P488,au2312P488,40.6,0.0,0.0,0.0,1,13.34,42.26,1,40.6,40.16,0.0,0.0,0.0,0.0,10
2023-05-10 00:09:29,au2312P488,au2312P488,40.6,0.0,0.0,0.0,1,13.34,42.26,1,40.6,40.16,0.0,0.0,0.0,0.0,10
2023-05-10 00:09:29,au2312P488,au2312P488,40.6,0.0,0.0,0.0,1,13.36,42.26,1,40.6,40.16,0.0,0.0,0.0,0.0,10
2023-05-10 00:09:30,au2312P488,au2312P488,40.6,0.0,0.0,0.0,1,13.42,42.26,1,40.6,40.16,0.0,0.0,0.0,0.0,10
2023-05-10 00:09:30,au2312P488,au2312P488,40.6,0.0,0.0,0.0,1,13.42,42.26,1,40.6,40.16,0.0,0.0,0.0,0.0,10
2023-05-10 00:09:31,au2312P488,au2312P488,40.6,0.0,0.0,0.0,1,13.44,42.26,1,40.6,40.16,0.0,0.0,0.0,0.0,10
2023-05-10 00:09:31,au2312P488,au2312P488,40.6,0.0,0.0,0.0,1,13.5,42.26,1,40.6,40.16,0.0,0.0,0.0,0.0,10
2023-05-10 00:09:32,au2312P488,au2312P488,40.6,0.0,0.0,0.0,1,13.5,42.26,1,40.6,40.16,0.0,0.0,0.0,0.0,10
2023-05-10 00:09:32,au2312P488,au2312P488,40.6,0.0,0.0,0.0,1,13.52,42.26,1,40.6,40.16,0.0,0.0,0.0,0.0,10
2023-05-10 00:09:33,au2312P488,au2312P488,40.6,0.0,0.0,0.0,1,13.58,42.26,1,40.6,40.16,0.0,0.0,0.0,0.0,10
2023-05-10 00:09:33,au2312P488,au2312P488,40.6,0.0,0.0,0.0,1,13.58,42.26,1,40.6,40.16,0.0,0.0,0.0,0.0,10
2023-05-10 00:09:34,au2312P488,au2312P488,40.6,0.0,0.0,0.0,1,13.6,42.26,1,40.6,40.16,0.0,0.0,0.0,0.0,10
2023-05-10 00:09:34,au2312P488,au2312P488,40.6,0.0,0.0,0.0,1,13.66,42.26,1,40.6,40.16,0.0,0.0,0.0,0.0,10
2023-05-10 00:09:35,au2312P488,au2312P488,40.6,0.0,0.0,0.0,1,13.66,42.26,1,40.6,40.16,0.0,0.0,0.0,0.0,10
2023-05-10 00:09:35,au2312P488,au2312P488,40.6,0.0,0.0,0.0,1,13.68,42.26,1,40.6,40.16,0.0,0.0,0.0,0.0,10
2023-05-10 00:09:36,au2312P488,au2312P488,40.6,0.0,0.0,0.0,1,13.74,42.26,1,40.6,40.16,0.0,0.0,0.0,0.0,10
2023-05-10 00:09:36,au2312P488,au2312P488,40.6,0.0,0.0,0.0,1,13.74,42.26,1,40.6,40.16,0.0,0.0,0.0,0.0,10
2023-05-10 00:09:37,au2312P488,au2312P488,40.6,0.0,0.0,0.0,1,13.76,42.26,1,40.6,40.16,0.0,0.0,0.0,0.0,10
2023-05-10 00:09:37,au2312P488,au2312P488,40.6,0.0,0.0,0.0,1,13.82,42.26,1,40.6,40.16,0.0,0.0,0.0,0.0,10
2023-05-10 00:09:38,au2312P488,au2312P488,40.6,0.0,0.0,0.0,1,13.82,42.26,1,40.6,40.16,0.0,0.0,0.0,0.0,10
2023-05-10 00:09:38,au2312P488,au2312P488,40.6,0.0,0.0,0.0,1,13.84,42.26,1,40.6,40.16,0.0,0.0,0.0,0.0,10
2023-05-10 00:09:39,au2312P488,au2312P488,40.6,0.0,0.0,0.0,1,13.9,42.26,1,40.6,40.16,0.0,0.0,0.0,0.0,10
2023-05-10 00:09:39,au2312P488,au2312P488,40.6,0.0,0.0,0.0,1,13.9,42.26,1,40.6,40.16,0.0,0.0,0.0,0.0,10
2023-05-10 00:09:40,au2312P488,au2312P488,40.6,0.0,0.0,0.0,1,13.92,42.26,1,40.6,40.16,0.0,0.0,0.0,0.0,10
2023-05-10 00:09:40,au2312P488,au2312P488,40.6,0.0,0.0,0.0,1,13.98,42.26,1,40.6,40.16,0.0,0.0,0.0,0.0,10
2023-05-10 00:09:41,au2312P488,au2312P488,40.6,0.0,0.0,0.0,1,13.98,42.26,1,40.6,40.16,0.0,0.0,0.0,0.0,10
2023-05-10 00:09:41,au2312P488,au2312P488,40.6,0.0,0.0,0.0,1,14.0,42.26,1,40.6,40.16,0.0,0.0,0.0,0.0,10
2023-05-10 00:09:42,au2312P488,au2312P488,40.6,0.0,0.0,0.0,1,14.06,42.26,1,40.6,40.16,0.0,0.0,0.0,0.0,10
2023-05-10 00:09:42,au2312P488,au2312P488,40.6,0.0,0.0,0.0,1,14.06,42.26,1,40.6,40.16,0.0,0.0,0.0,0.0,10
2023-05-10 00:09:43,au2312P488,au2312P488,40.6,0.0,0.0,0.0,1,14.08,42.26,1,40.6,40.16,0.0,0.0,0.0,0.0,10
2023-05-10 00:09:43,au2312P488,au2312P488,40.6,0.0,0.0,0.0,1,14.14,42.26,1,40.6,40.16,0.0,0.0,0.0,0.0,10
2023-05-10 00:09:44,au2312P488,au2312P488,40.6,0.0,0.0,0.0,1,14.14,42.26,1,40.6,40.16,0.0,0.0,0.0,0.0,10
2023-05-10 00:09:44,au2312P488,au2312P488,40.6,0.0,0.0,0.0,1,14.16,42.26,1,40.6,40.16,0.0,0.0,0.0,0.0,10
2023-05-10 00:09:45,au2312P488,au2312P488,40.6,0.0,0.0,0.0,1,14.22,42.26,1,40.6,40.16,0.0,0.0,0.0,0.0,10
2023-05-10 00:09:45,au2312P488,au2312P488,40.6,0.0,0.0,0.0,1,14.22,42.26,1,40.6,40.16,0.0,0.0,0.0,0.0,10
2023-05-10 00:09:46,au2312P488,au2312P488,40.6,0.0,0.0,0.0,1,14.24,42.26,1,40.6,40.16,0.0,0.0,0.0,0.0,10
2023-05-10 00:09:46,au2312P488,au2312P488,40.6,0.0,0.0,0.0,1,14.3,42.26,1,40.6,40.16,0.0,0.0,0.0,0.0,10
2023-05-10 00:09:47,au2312P488,au2312P488,40.6,0.0,0.0,0.0,1,14.3,42.26,1,40.6,40.16,0.0,0.0,0.0,0.0,10
2023-05-10 00:09:47,au2312P488,au2312P488,40.6,0.0,0.0,0.0,1,14.32,42.26,1,40.6,40.16,0.0,0.0,0.0,0.0,10
2023-05-10 00:09:48,au2312P488,au2312P488,40.6,0.0,0.0,0.0,1,14.38,42.26,1,40.6,40.16,0.0,0.0,0.0,0.0,10
2023-05-10 00:09:48,au2312P488,au2312P488,40.6,0.0,0.0,0.0,1,14.38,42.26,1,40.6,40.16,0.0,0.0,0.0,0.0,10
2023-05-10 00:09:49,au2312P488,au2312P488,40.6,0.0,0.0,0.0,1,14.4,42.26,1,40.6,40.16,0.0,0.0,0.0,0.0,10
2023-05-10 00:09:49,au2312P488,au2312P488,40.6,0.0,0.0,0.0,1,14.46,42.26,1,40.6,40.16,0.0,0.0,0.0,0.0,10
2023-05-10 00:09:50,au2312P488,au2312P488,40.6,0.0,0.0,0.0,1,14.46,42.26,1,40.6,40.16,0.0,0.0,0.0,0.0,10
2023-05-10 00:09:50,au2312P488,au2312P488,40.6,0.0,0.0,0.0,1,14.48,42.26,1,40.6,40.16,0.0,0.0,0.0,0.0,10
2023-05-10 00:09:51,au2312P488,au2312P488,40.6,0.0,0.0,0.0,1,14.54,42.26,1,40.6,40.16,0.0,0.0,0.0,0.0,10
2023-05-10 00:09:51,au2312P488,au2312P488,40.6,0.0,0.0,0.0,1,14.54,42.26,1,40.6,40.16,0.0,0.0,0.0,0.0,10
2023-05-10 00:09:52,au2312P488,au2312P488,40.6,0.0,0.0,0.0,1,14.56,42.26,1,40.6,40.16,0.0,0.0,0.0,0.0,10
2023-05-10 00:09:52,au2312P488,au2312P488,40.6,0.0,0.0,0.0,1,14.62,42.26,1,40.6,40.16,0.0,0.0,0.0,0.0,10
2023-05-10 00:09:53,au2312P488,au2312P488,40.6,0.0,0.0,0.0,1,14.62,42.26,1,40.6,40.16,0.0,0.0,0.0,0.0,10
2023-05-10 00:09:53,au2312P488,au2312P488,40.6,0.0,0.0,0.0,1,14.64,42.26,1,40.6,40.16,0.0,0.0,0.0,0.0,10
2023-05-10 00:09:54,au2312P488,au2312P488,40.6,0.0,0.0,0.0,1,14.7,42.26,1,40.6,40.16,0.0,0.0,0.0,0.0,10
2023-05-10 00:09:54,au2312P488,au2312P488,40.6,0.0,0.0,0.0,1,14.7,42.26,1,40.6,40.16,0.0,0.0,0.0,0.0,10
2023-05-10 00:09:55,au2312P488,au2312P488,40.6,0.0,0.0,0.0,1,14.72,42.26,1,40.6,40.16,0.0,0.0,0.0,0.0,10
2023-05-10 00:09:55,au2312P488,au2312P488,40.6,0.0,0.0,0.0,1,14.78,42.26,1,40.6,40.16,0.0,0.0,0.0,0.0,10
2023-05-10 00:09:56,au2312P488,au2312P488,40.6,0.0,0.0,0.0,1,14.78,42.26,1,40.6,40.16,0.0,0.0,0.0,0.0,10
2023-05-10 00:09:56,au2312P488,au2312P488,40.6,0.0,0.0,0.0,1,14.8,42.26,1,40.6,40.16,0.0,0.0,0.0,0.0,10
2023-05-10 00:09:57,au2312P488,au2312P488,40.6,0.0,0.0,0.0,1,14.86,42.26,1,40.6,40.16,0.0,0.0,0.0,0.0,10
2023-05-10 00:09:57,au2312P488,au2312P488,40.6,0.0,0.0,0.0,1,14.86,42.26,1,40.6,40.16,0.0,0.0,0.0,0.0,10
2023-05-10 00:09:58,au2312P488,au2312P488,40.6,0.0,0.0,0.0,1,14.88,42.26,1,40.6,40.16,0.0,0.0,0.0,0.0,10
2023-05-10 00:09:58,au2312P488,au2312P488,40.6,0.0,0.0,0.0,1,14.94,42.26,1,40.6,40.16,0.0,0.0,0.0,0.0,10
2023-05-10 00:09:59,au2312P488,au2312P488,40.6,0.0,0.0,0.0,1,14.94,42.26,1,40.6,40.16,0.0,0.0,0.0,0.0,10
2023-05-10 00:09:59,au2312P488,au2312P488,40.6,0.0,0.0,0.0,1,14.96,42.26,1,40.6,40.16,0.0,0.0,0.0,0.0,10
2023-05-10 00:10:00,au2312P488,au2312P488,40.6,0.0,0.0,0.0,1,15.02,42.26,1,40.6,40.16,0.0,0.0,0.0,0.0,10
2023-05-10 00:10:00,au2312P488,au2312P488,40.6,0.0,0.0,0.0,1,15.02,42.26,1,40.6,40.16,0.0,0.0,0.0,0.0,10
2023-05-10 00:10:01,au2312P488,au2312P488,40.6,0.0,0.0,0.0,1,15.04,42.26,1,40.6,40.16,0.0,0.0,0.0,0.0,10
2023-05-10 00:10:01,au2312P488,au2312P488,40.6,0.0,0.0,0.0,1,15.1,42.26,1,40.6,40.16,0.0,0.0,0.0,0.0,10
2023-05-10 00:10:02,au2312P488,au2312P488,40.6,0.0,0.0,0.0,1,15.1,42.26,1,40.6,40.16,0.0,0.0,0.0,0.0,10
2023-05-10 00:10:02,au2312P488,au2312P488,40.6,0.0,0.0,0.0,1,15.12,42.26,1,40.6,40.16,0.0,0.0,0.0,0.0,10
2023-05-10 00:10:03,au2312P488,au2312P488,40.6,0.0,0.0,0.0,1,15.18,42.26,1,40.6,40.16,0.0,0.0,0.0,0.0,10
2023-05-10 00:10:03,au2312P488,au2312P488,40.6,0.0,0.0,0.0,1,15.18,42.26,1,40.6,40.16,0.0,0.0,0.0,0.0,10
2023-05-10 00:10:04,au2312P488,au2312P488,40.6,0.0,0.0,0.0,1,15.2,42.26,1,40.6,40.16,0.0,0.0,0.0,0.0,10
2023-05-10 00:10:04,au2312P488,au2312P488,40.6,0.0,0.0,0.0,1,15.26,42.26,1,40.6,40.16,0.0,0.0,0.0,0.0,10
2023-05-10 00:10:05,au2312P488,au2312P488,40.6,0.0,0.0,0.0,1,15.26,42.26,1,40.6,40.16,0.0,0.0,0.0,0.0,10
2023-05-10 00:10:05,au2312P488,au2312P488,40.6,0.0,0.0,0.0,1,15.28,42.26,1,40.6,40.16,0.0,0.0,0.0,0.0,10
2023-05-10 00:10:06,au2312P488,au2312P488,40.6,0.0,0.0,0.0,1,15.34,42.26,1,40.6,40.16,0.0,0.0,0.0,0.0,10
2023-05-10 00:10:06,au2312P488,au2312P488,40.6,0.0,0.0,0.0,1,15.34,42.26,1,40.6,40.16,0.0,0.0,0.0,0.0,10
2023-05-10 00:10:07,au2312P488,au2312P488,40.6,0.0,0.0,0.0,1,15.36,42.26,1,40.6,40.16,0.0,0.0,0.0,0.0,10
2023-05-10 00:10:07,au2312P488,au2312P488,40.6,0.0,0.0,0.0,1,15.42,42.26,1,40.6,40.16,0.0,0.0,0.0,0.0,10
2023-05-10 00:10:08,au2312P488,au2312P488,40.6,0.0,0.0,0.0,1,15.42,42.26,1,40.6,40.16,0.0,0.0,0.0,0.0,10
2023-05-10 00:10:08,au2312P488,au2312P488,40.6,0.0,0.0,0.0,1,15.44,42.26,1,40.6,40.16,0.0,0.0,0.0,0.0,10
2023-05-10 00:10:09,au2312P488,au2312P488,40.6,0.0,0.0,0.0,1,15.5,42.26,1,40.6,40.16,0.0,0.0,0.0,0.0,10
2023-05-10 00:10:09,au2312P488,au2312P488,40.6,0.0,0.0,0.0,1,15.5,42.26,1,40.6,40.16,0.0,0.0,0.0,0.0,10
2023-05-10 00:10:10,au2312P488,au2312P488,40.6,0.0,0.0,0.0,1,15.52,42.26,1,40.6,40.16,0.0,0.0,0.0,0.0,10
2023-05-10 00:10:10,au2312P488,au2312P488,40.6,0.0,0.0,0.0,1,15.58,42.26,1,40.6,40.16,0.0,0.0,0.0,0.0,10
2023-05-10 00:10:11,au2312P488,au2312P488,40.6,0.0,0.0,0.0,1,15.58,42.26,1,40.6,40.16,0.0,0.0,0.0,0.0,10
2023-05-10 00:10:11,au2312P488,au2312P488,40.6,0.0,0.0,0.0,1,15.6,42.26,1,40.6,40.16,0.0,0.0,0.0,0.0,10
2023-05-10 00:10:12,au2312P488,au2312P488,40.6,0.0,0.0,0.0,1,15.66,42.26,1,40.6,40.16,0.0,0.0,0.0,0.0,10
2023-05-10 00:10:12,au2312P488,au2312P488,40.6,0.0,0.0,0.0,1,15.66,42.26,1,40.6,40.16,0.0,0.0,0.0,0.0,10
2023-05-10 00:10:13,au2312P488,au2312P488,40.6,0.0,0.0,0.0,1,15.68,42.26,1,40.6,40.16,0.0,0.0,0.0,0.0,10
2023-05-10 00:10:13,au2312P488,au2312P488,40.6,0.0,0.0,0.0,1,15.74,42.26,1,40.6,40.16,0.0,0.0,0.0,0.0,10
2023-05-10 00:10:14,au2312P488,au2312P488,40.6,0.0,0.0,0.0,1,15.74,42.26,1,40.6,40.16,0.0,0.0,0.0,0.0,10
2023-05-10 00:10:14,au2312P488,au2312P488,40.6,0.0,0.0,0.0,1,15.76,42.26,1,40.6,40.16,0.0,0.0,0.0,0.0,10
2023-05-10 00:10:15,au2312P488,au2312P488,40.6,0.0,0.0,0.0,1,15.82,42.26,1,40.6,40.16,0.0,0.0,0.0,0.0,10
2023-05-10 00:10:15,au2312P488,au2312P488,40.6,0.0,0.0,0.0,1,15.82,42.26,1,40.6,40.16,0.0,0.0,0.0,0.0,10
2023-05-10 00:10:16,au2312P488,au2312P488,40.6,0.0,0.0,0.0,1,15.84,42.26,1,40.6,40.16,0.0,0.0,0.0,0.0,10
2023-05-10 00:10:16,au2312P488,au2312P488,40.6,0.0,0.0,0.0,1,15.9,42.26,1,40.6,40.16,0.0,0.0,0.0,0.0,10
2023-05-10 00:10:17,au2312P488,au2312P488,40.6,0.0,0.0,0.0,1,15.9,42.26,1,40.6,40.16,0.0,0.0,0.0,0.0,10
2023-05-10 00:10:17,au2312P488,au2312P488,40.6,0.0,0.0,0.0,1,15.92,42.26,1,40.6,40.16,0.0,0.0,0.0,0.0,10
2023-05-10 00:10:18,au2312P488,au2312P488,40.6,0.0,0.0,0.0,1,15.98,42.26,1,40.6,40.16,0.0,0.0,0.0,0.0,10
2023-05-10 00:10:18,au2312P488,au2312P488,40.6,0.0,0.0,0.0,1,15.98,42.26,1,40.6,40.16,0.0,0.0,0.0,0.0,10
2023-05-10 00:10:19,au2312P488,au2312P488,40.6,0.0,0.0,0.0,1,16.0,42.26,1,40.6,40.16,0.0,0.0,0.0,0.0,10
2023-05-10 00:10:19,au2312P488,au2312P488,40.6,0.0,0.0,0.0,1,16.06,42.26,1,40.6,40.16,0.0,0.0,0.0,0.0,10
2023-05-10 00:10:20,au2312P488,au2312P488,40.6,0.0,0.0,0.0,1,16.06,42.26,1,40.6,40.16,0.0,0.0,0.0,0.0,10
2023-05-10 00:10:20,au2312P488,au2312P488,40.6,0.0,0.0,0.0,1,16.08,42.26,1,40.6,40.16,0.0,0.0,0.0,0.0,10
2023-05-10 00:10:21,au2312P488,au2312P488,40.6,0.0,0.0,0.0,1,16.14,42.26,1,40.6,40.16,0.0,0.0,0.0,0.0,10
2023-05-10 00:10:21,au2312P488,au2312P488,40.6,0.0,0.0,0.0,1,16.14,42.26,1,40.6,40.16,0.0,0.0,0.0,0.0,10
2023-05-10 00:10:22,au2312P488,au2312P488,40.6,0.0,0.0,0.0,1,16.16,42.26,1,40.6,40.16,0.0,0.0,0.0,0.0,10
2023-05-10 00:10:22,au2312P488,au2312P488,40.6,0.0,0.0,0.0,1,16.22,42.26,1,40.6,40.16,0.0,0.0,0.0,0.0,10
2023-05-10 00:10:23,au2312P488,au2312P488,40.6,0.0,0.0,0.0,1,16.22,42.26,1,40.6,40.16,0.0,0.0,0.0,0.0,10
2023-05-10 00:10:23,au2312P488,au2312P488,40.6,0.0,0.0,0.0,1,16.24,42.26,1,40.6,40.16,0.0,0.0,0.0,0.0,10
2023-05-10 00:10:24,au2312P488,au2312P488,40.6,0.0,0.0,0.0,1,16.3,42.26,1,40.6,40.16,0.0,0.0,0.0,0.0,10
2023-05-10 00:10:24,au2312P488,au2312P488,40.6,0.0,0.0,0.0,1,16.3,42.26,1,40.6,40.16,0.0,0.0,0.0,0.0,10
2023-05-10 00:10:25,au2312P488,au2312P488,40.6,0.0,0.0,0.0,1,16.32,42.26,1,40.6,40.16,0.0,0.0,0.0,0.0,10
2023-05-10 00:10:25,au2312P488,au2312P488,40.6,0.0,0.0,0.0,1,16.38,42.26,1,40.6,40.16,0.0,0.0,0.0,0.0,10
2023-05-10 00:10:26,au2312P488,au2312P488,40.6,0.0,0.0,0.0,1,16.38,42.26,1,40.6,40.16,0.0,0.0,0.0,0.0,10
2023-05-10 00:10:26,au2312P488,au2312P488,40.6,0.0,0.0,0.0,1,16.4,42.26,1,40.6,40.16,0.0,0.0,0.0,0.0,10
2023-05-10 00:10:27,au2312P488,au2312P488,40.6,0.0,0.0,0.0,1,16.46,42.26,1,40.6,40.16,0.0,0.0,0.0,0.0,10
2023-05-10 00:10:27,au2312P488,au2312P488,40.6,0.0,0.0,0.0,1,16.46,42.26,1,40.6,40.16,0.0,0.0,0.0,0.0,10
2023-05-10 00:10:28,au2312P488,au2312P488,40.6,0.0,0.0,0.0,1,16.48,42.26,1,40.6,40.16,0.0,0.0,0.0,0.0,10
2023-05-10 00:10:28,au2312P488,au2312P488,40.6,0.0,0.0,0.0,1,16.54,42.26,1,40.6,40.16,0.0,0.0,0.0,0.0,10
2023-05-10 00:10:29,au2312P488,au2312P488,40.6,0.0,0.0,0.0,1,16.54,42.26,1,40.6,40.16,0.0,0.0,0.0,0.0,10
2023-05-10 00:10:29,au2312P488,au2312P488,40.6,0.0,0.0,0.0,1,16.56,42.26,1,40.6,40.16,0.0,0.0,0.0,0.0,10
2023-05-10 00:10:30,au2312P488,au2312P488,40.6,0.0,0.0,0.0,1,16.62,42.26,1,40.6,40.16,0.0,0.0,0.0,0.0,10
2023-05-10 00:10:30,au2312P488,au2312P488,40.6,0.0,0.0,0.0,1,16.62,42.26,1,40.6,40.16,0.0,0.0,0.0,0.0,10
2023-05-10 00:10:31,au2312P488,au2312P488,40.6,0.0,0.0,0.0,1,16.64,42.26,1,40.6,40.16,0.0,0.0,0.0,0.0,10
2023-05-10 00:10:31,au2312P488,au2312P488,40.6,0.0,0.0,0.0,1,16.7,42.26,1,40.6,40.16,0.0,0.0,0.0,0.0,10
2023-05-10 00:10:32,au2312P488,au2312P488,40.6,0.0,0.0,0.0,1,16.7,42.26,1,40.6,40.16,0.0,0.0,0.0,0.0,10
2023-05-10 00:10:32,au2312P488,au2312P488,40.6,0.0,0.0,0.0,1,16.72,42.26,1,40.6,40.16,0.0,0.0,0.0,0.0,10
2023-05-10 00:10:33,au2312P488,au2312P488,40.6,0.0,0.0,0.0,1,16.78,42.26,1,40.6,40.16,0.0,0.0,0.0,0.0,10
2023-05-10 00:10:33,au2312P488,au2312P488,40.6,0.0,0.0,0.0,1,16.78,42.26,1,40.6,40.16,0.0,0.0,0.0,0.0,10
2023-05-10 00:10:34,au2312P488,au2312P488,40.6,0.0,0.0,0.0,1,16.8,42.26,1,40.6,40.16,0.0,0.0,0.0,0.0,10
2023-05-10 00:10:34,au2312P488,au2312P488,40.6,0.0,0.0,0.0,1,16.86,42.26,1,40.6,40.16,0.0,0.0,0.0,0.0,10
2023-05-10 00:10:35,au2312P488,au2312P488,40.6,0.0,0.0,0.0,1,16.86,42.26,1,40.6,40.16,0.0,0.0,0.0,0.0,10
2023-05-10 00:10:35,au2312P488,au2312P488,40.6,0.0,0.0,0.0,1,16.88,42.26,1,40.6,40.16,0.0,0.0,0.0,0.0,10
2023-05-10 00:10:36,au2312P488,au2312P488,40.6,0.0,0.0,0.0,1,16.94,42.26,1,40.6,40.16,0.0,0.0,0.0,0.0,10
2023-05-10 00:10:36,au2312P488,au2312P488,40.6,0.0,0.0,0.0,1,16.94,42.26,1,40.6,40.16,0.0,0.0,0.0,0.0,10
2023-05-10 00:10:37,au2312P488,au2312P488,40.6,0.0,0.0,0.0,1,16.96,42.26,1,40.6,40.16,0.0,0.0,0.0,0.0,10
2023-05-10 00:10:37,au2312P488,au2312P488,40.6,0.0,0.0,0.0,1,17.02,42.26,1,40.6,40.16,0.0,0.0,0.0,0.0,10
2023-05-10 00:10:38,au2312P488,au2312P488,40.6,0.0,0.0,0.0,1,17.02,42.26,1,40.6,40.16,0.0,0.0,0.0,0.0,10
2023-05-10 00:10:38,au2312P488,au2312P488,40.6,0.0,0.0,0.0,1,17.04,42.26,1,40.6,40.16,0.0,0.0,0.0,0.0,10
2023-05-10 00:10:39,au2312P488,au2312P488,40.6,0.0,0.0,0.0,1,17.1,42.26,1,40.6,40.16,0.0,0.0,0.0,0.0,10
2023-05-10 00:10:39,au2312P488,au2312P488,40.6,0.0,0.0,0.0,1,17.1,42.26,1,40.6,40.16,0.0,0.0,0.0,0.0,10
2023-05-10 00:10:40,au2312P488,au2312P488,40.6,0.0,0.0,0.0,2,17.12,42.26,1,40.6,40.16,0.0,0.0,0.0,0.0,10
2023-05-10 00:10:40,au2312P488,au2312P488,40.6,0.0,0.0,0.0,1,17.18,42.26,1,40.6,40.16,0.0,0.0,0.0,0.0,10
2023-05-10 00:10:41,au2312P488,au2312P488,40.6,0.0,0.0,0.0,1,17.18,42.26,1,40.6,40.16,0.0,0.0,0.0,0.0,10
2023-05-10 00:10:41,au2312P488,au2312P488,40.6,0.0,0.0,0.0,1,17.2,42.26,1,40.6,40.16,0.0,0.0,0.0,0.0,10
2023-05-10 00:10:42,au2312P488,au2312P488,40.6,0.0,0.0,0.0,1,17.26,42.26,1,40.6,40.16,0.0,0.0,0.0,0.0,10
2023-05-10 00:10:42,au2312P488,au2312P488,40.6,0.0,0.0,0.0,1,17.26,42.26,1,40.6,40.16,0.0,0.0,0.0,0.0,10
2023-05-10 00:10:43,au2312P488,au2312P488,40.6,0.0,0.0,0.0,1,17.28,42.26,1,40.6,40.16,0.0,0.0,0.0,0.0,10
2023-05-10 00:10:43,au2312P488,au2312P488,40.6,0.0,0.0,0.0,1,17.34,42.26,1,40.6,40.16,0.0,0.0,0.0,0.0,10
2023-05-10 00:10:44,au2312P488,au2312P488,40.6,0.0,0.0,0.0,1,17.34,42.26,1,40.6,40.16,0.0,0.0,0.0,0.0,10
2023-05-10 00:10:44,au2312P488,au2312P488,40.6,0.0,0.0,0.0,1,17.36,42.26,1,40.6,40.16,0.0,0.0,0.0,0.0,10
2023-05-10 00:10:45,au2312P488,au2312P488,40.6,0.0,0.0,0.0,1,17.42,42.26,1,40.6,40.16,0.0,0.0,0.0,0.0,10
2023-05-10 00:10:45,au2312P488,au2312P488,40.6,0.0,0.0,0.0,1,17.42,42.26,1,40.6,40.16,0.0,0.0,0.0,0.0,10
2023-05-10 00:10:46,au2312P488,au2312P488,40.6,0.0,0.0,0.0,1,17.44,42.26,1,40.6,40.16,0.0,0.0,0.0,0.0,10
2023-05-10 00:10:46,au2312P488,au2312P488,40.6,0.0,0.0,0.0,1,17.5,42.26,1,40.6,40.16,0.0,0.0,0.0,0.0,10
2023-05-10 00:10:47,au2312P488,au2312P488,40.6,0.0,0.0,0.0,1,17.5,42.26,1,40.6,40.16,0.0,0.0,0.0,0.0,10
2023-05-10 00:10:47,au2312P488,au2312P488,40.6,0.0,0.0,0.0,1,17.52,42.26,1,40.6,40.16,0.0,0.0,0.0,0.0,10
2023-05-10 00:10:48,au2312P488,au2312P488,40.6,0.0,0.0,0.0,1,17.58,42.26,1,40.6,40.16,0.0,0.0,0.0,0.0,10
2023-05-10 00:10:48,au2312P488,au2312P488,40.6,0.0,0.0,0.0,1,17.58,42.26,1,40.6,40.16,0.0,0.0,0.0,0.0,10
2023-05-10 00:10:49,au2312P488,au2312P488,40.6,0.0,0.0,0.0,1,17.6,42.26,1,40.6,40.16,0.0,0.0,0.0,0.0,10
2023-05-10 00:10:49,au2312P488,au2312P488,40.6,0.0,0.0,0.0,1,17.66,42.26,1,40.6,40.16,0.0,0.0,0.0,0.0,10
2023-05-10 00:10:50,au2312P488,au2312P488,40.6,0.0,0.0,0.0,1,17.66,42.26,1,40.6,40.16,0.0,0.0,0.0,0.0,10
2023-05-10 00:10:50,au2312P488,au2312P488,40.6,0.0,0.0,0.0,1,17.68,42.26,1,40.6,40.16,0.0,0.0,0.0,0.0,10
2023-05-10 00:10:51,au2312P488,au2312P488,40.6,0.0,0.0,0.0,1,17.74,42.26,1,40.6,40.16,0.0,0.0,0.0,0.0,10
2023-05-10 00:10:51,au2312P488,au2312P488,40.6,0.0,0.0,0.0,1,17.74,42.26,1,40.6,40.16,0.0,0.0,0.0,0.0,10
2023-05-10 00:10:52,au2312P488,au2312P488,40.6,0.0,0.0,0.0,1,17.76,42.26,1,40.6,40.16,0.0,0.0,0.0,0.0,10
2023-05-10 00:10:52,au2312P488,au2312P488,40.6,0.0,0.0,0.0,1,17.82,42.26,1,40.6,40.16,0.0,0.0,0.0,0.0,10
2023-05-10 00:10:53,au2312P488,au2312P488,40.6,0.0,0.0,0.0,1,17.82,42.26,1,40.6,40.16,0.0,0.0,0.0,0.0,10
2023-05-10 00:10:53,au2312P488,au2312P488,40.6,0.0,0.0,0.0,1,17.84,42.26,1,40.6,40.16,0.0,0.0,0.0,0.0,10
2023-05-10 00:10:54,au2312P488,au2312P488,40.6,0.0,0.0,0.0,1,17.9,42.26,1,40.6,40.16,0.0,0.0,0.0,0.0,10
2023-05-10 00:10:54,au2312P488,au2312P488,40.6,0.0,0.0,0.0,1,17.9,42.26,1,40.6,40.16,0.0,0.0,0.0,0.0,10
2023-05-10 00:10:55,au2312P488,au2312P488,40.6,0.0,0.0,0.0,1,17.92,42.26,1,40.6,40.16,0.0,0.0,0.0,0.0,10
2023-05-10 00:10:55,au2312P488,au2312P488,40.6,0.0,0.0,0.0,1,17.98,42.26,1,40.6,40.16,0.0,0.0,0.0,0.0,10
2023-05-10 00:10:56,au2312P488,au2312P488,40.6,0.0,0.0,0.0,1,17.98,42.26,1,40.6,40.16,0.0,0.0,0.0,0.0,10
2023-05-10 00:10:56,au2312P488,au2312P488,40.6,0.0,0.0,0.0,1,18.0,42.26,1,40.6,40.16,0.0,0.0,0.0,0.0,10
2023-05-10 00:10:57,au2312P488,au2312P488,40.6,0.0,0.0,0.0,1,18.06,42.26,1,40.6,40.16,0.0,0.0,0.0,0.0,10
2023-05-10 00:10:57,au2312P488,au2312P488,40.6,0.0,0.0,0.0,1,18.06,42.26,1,40.6,40.16,0.0,0.0,0.0,0.0,10
2023-05-10 00:10:58,au2312P488,au2312P488,40.6,0.0,0.0,0.0,1,18.08,42.26,1,40.6,40.16,0.0,0.0,0.0,0.0,10
2023-05-10 00:10:58,au2312P488,au2312P488,40.6,0.0,0.0,0.0,1,18.14,42.26,1,40.6,40.16,0.0,0.0,0.0,0.0,10
2023-05-10 00:10:59,au2312P488,au2312P488,40.6,0.0,0.0,0.0,1,18.14,42.26,1,40.6,40.16,0.0,0.0,0.0,0.0,10
2023-05-10 00:10:59,au2312P488,au2312P488,40.6,0.0,0.0,0.0,1,18.16,42.26,1,40.6,40.16,0.0,0.0,0.0,0.0,10
2023-05-10 00:11:00,au2312P488,au2312P488,40.6,0.0,0.0,0.0,1,18.22,42.26,1,40.6,40.16,0.0,0.0,0.0,0.0,10
2023-05-10 00:11:00,au2312P488,au2312P488,40.6,0.0,0.0,0.0,1,18.22,42.26,1,40.6,40.16,0.0,0.0,0.0,0.0,10
2023-05-10 00:11:01,au2312P488,au2312P488,40.6,0.0,0.0,0.0,1,18.24,42.26,1,40.6,40.16,0.0,0.0,0.0,0.0,10
2023-05-10 00:11:01,au2312P488,au2312P488,40.6,0.0,0.0,0.0,1,18.3,42.26,1,40.6,40.16,0.0,0.0,0.0,0.0,10
2023-05-10 00:11:02,au2312P488,au2312P488,40.6,0.0,0.0,0.0,1,18.3,42.26,1,40.6,40.16,0.0,0.0,0.0,0.0,10
2023-05-10 00:11:02,au2312P488,au2312P488,40.6,0.0,0.0,0.0,1,18.32,42.26,1,40.6,40.16,0.0,0.0,0.0,0.0,10
2023-05-10 00:11:03,au2312P488,au2312P488,40.6,0.0,0.0,0.0,1,18.38,42.26,1,40.6,40.16,0.0,0.0,0.0,0.0,10
2023-05-10 00:11:03,au2312P488,au2312P488,40.6,0.0,0.0,0.0,1,18.38,42.26,1,40.6,40.16,0.0,0.0,0.0,0.0,10
2023-05-10 00:11:04,au2312P488,au2312P488,40.6,0.0,0.0,0.0,1,18.4,42.26,1,40.6,40.16,0.0,0.0,0.0,0.0,10
2023-05-10 00:11:04,au2312P488,au2312P488,40.6,0.0,0.0,0.0,1,18.46,42.26,1,40.6,40.16,0.0,0.0,0.0,0.0,10
2023-05-10 00:11:05,au2312P488,au2312P488,40.6,0.0,0.0,0.0,1,18.46,42.26,1,40.6,40.16,0.0,0.0,0.0,0.0,10
2023-05-10 00:11:05,au2312P488,au2312P488,40.6,0.0,0.0,0.0,1,18.48,42.26,1,40.6,40.16,0.0,0.0,0.0,0.0,10
2023-05-10 00:11:06,au2312P488,au2312P488,40.6,0.0,0.0,0.0,1,18.54,42.26,1,40.6,40.16,0.0,0.0,0.0,0.0,10
2023-05-10 00:11:06,au2312P488,au2312P488,40.6,0.0,0.0,0.0,1,18.54,42.26,1,40.6,40.16,0.0,0.0,0.0,0.0,10
2023-05-10 00:11:07,au2312P488,au2312P488,40.6,0.0,0.0,0.0,1,18.56,42.26,1,40.6,40.16,0.0,0.0,0.0,0.0,10
2023-05-10 00:11:07,au2312P488,au2312P488,40.6,0.0,0.0,0.0,1,18.62,42.26,1,40.6,40.16,0.0,0.0,0.0,0.0,10
2023-05-10 00:11:08,au2312P488,au2312P488,40.6,0.0,0.0,0.0,1,18.62,42.26,1,40.6,40.16,0.0,0.0,0.0,0.0,10
2023-05-10 00:11:08,au2312P488,au2312P488,40.6,0.0,0.0,0.0,1,18.64,42.26,1,40.6,40.16,0.0,0.0,0.0,0.0,10
2023-05-10 00:11:09,au2312P488,au2312P488,40.6,0.0,0.0,0.0,1,18.7,42.26,1,40.6,40.16,0.0,0.0,0.0,0.0,10
2023-05-10 00:11:09,au2312P488,au2312P488,40.6,0.0,0.0,0.0,1,18.7,42.26,1,40.6,40.16,0.0,0.0,0.0,0.0,10
2023-05-10 00:11:10,au2312P488,au2312P488,40.6,0.0,0.0,0.0,1,18.72,42.26,1,40.6,40.16,0.0,0.0,0.0,0.0,10
2023-05-10 00:11:10,au2312P488,au2312P488,40.6,0.0,0.0,0.0,1,18.78,42.26,1,40.6,40.16,0.0,0.0,0.0,0.0,10
2023-05-10 00:11:11,au2312P488,au2312P488,40.6,0.0,0.0,0.0,1,18.78,42.26,1,40.6,40.16,0.0,0.0,0.0,0.0,10
2023-05-10 00:11:11,au2312P488,au2312P488,40.6,0.0,0.0,0.0,1,18.8,42.26,1,40.6,40.16,0.0,0.0,0.0,0.0,10
2023-05-10 00:11:12,au2312P488,au2312P488,40.6,0.0,0.0,0.0,1,18.86,42.26,1,40.6,40.16,0.0,0.0,0.0,0.0,10
2023-05-10 00:11:12,au2312P488,au2312P488,40.6,0.0,0.0,0.0,1,18.86,42.26,1,40.6,40.16,0.0,0.0,0.0,0.0,10
2023-05-10 00:11:13,au2312P488,au2312P488,40.6,0.0,0.0,0.0,1,18.88,42.26,1,40.6,40.16,0.0,0.0,0.0,0.0,10
2023-05-10 00:11:13,au2312P488,au2312P488,40.6,0.0,0.0,0.0,1,18.94,42.26,1,40.6,40.16,0.0,0.0,0.0,0.0,10
2023-05-10 00:11:14,au2312P488,au2312P488,40.6,0.0,0.0,0.0,1,18.94,42.26,1,40.6,40.16,0.0,0.0,0.0,0.0,10
2023-05-10 00:11:14,au2312P488,au2312P488,40.6,0.0,0.0,0.0,1,18.96,42.26,1,40.6,40.16,0.0,0.0,0.0,0.0,10
2023-05-10 00:11:15,au2312P488,au2312P488,40.6,0.0,0.0,0.0,1,19.02,42.26,1,40.6,40.16,0.0,0.0,0.0,0.0,10
2023-05-10 00:11:15,au2312P488,au2312P488,40.6,0.0,0.0,0.0,1,19.02,42.26,1,40.6,40.16,0.0,0.0,0.0,0.0,10
2023-05-10 00:11:16,au2312P488,au2312P488,40.6,0.0,0.0,0.0,1,19.04,42.26,1,40.6,40.16,0.0,0.0,0.0,0.0,10
2023-05-10 00:11:16,au2312P488,au2312P488,40.6,0.0,0.0,0.0,1,19.1,42.26,1,40.6,40.16,0.0,0.0,0.0,0.0,10
2023-05-10 00:11:17,au2312P488,au2312P488,40.6,0.0,0.0,0.0,1,19.1,42.26,1,40.6,40.16,0.0,0.0,0.0,0.0,10
2023-05-10 00:11:17,au2312P488,au2312P488,40.6,0.0,0.0,0.0,1,19.12,42.26,1,40.6,40.16,0.0,0.0,0.0,0.0,10
2023-05-10 00:11:18,au2312P488,au2312P488,40.6,0.0,0.0,0.0,1,19.18,42.26,1,40.6,40.16,0.0,0.0,0.0,0.0,10
2023-05-10 00:11:18,au2312P488,au2312P488,40.6,0.0,0.0,0.0,1,19.18,42.26,1,40.6,40.16,0.0,0.0,0.0,0.0,10
2023-05-10 00:11:19,au2312P488,au2312P488,40.6,0.0,0.0,0.0,1,19.2,42.26,1,40.6,40.16,0.0,0.0,0.0,0.0,10
2023-05-10 00:11:19,au2312P488,au2312P488,40.6,0.0,0.0,0.0,1,19.26,42.26,1,40.6,40.16,0.0,0.0,0.0,0.0,10
2023-05-10 00:11:20,au2312P488,au2312P488,40.6,0.0,0.0,0.0,1,19.26,42.26,1,40.6,40.16,0.0,0.0,0.0,0.0,10
2023-05-10 00:11:20,au2312P488,au2312P488,40.6,0.0,0.0,0.0,1,19.28,42.26,1,40.6,40.16,0.0,0.0,0.0,0.0,10
2023-05-10 00:11:21,au2312P488,au2312P488,40.6,0.0,0.0,0.0,1,19.34,42.26,1,40.6,40.16,0.0,0.0,0.0,0.0,10
2023-05-10 00:11:21,au2312P488,au2312P488,40.6,0.0,0.0,0.0,1,19.34,42.26,1,40.6,40.16,0.0,0.0,0.0,0.0,10
2023-05-10 00:11:22,au2312P488,au2312P488,40.6,0.0,0.0,0.0,1,19.36,42.26,1,40.6,40.16,0.0,0.0,0.0,0.0,10
2023-05-10 00:11:22,au2312P488,au2312P488,40.6,0.0,0.0,0.0,1,19.42,42.26,1,40.6,40.16,0.0,0.0,0.0,0.0,10
2023-05-10 00:11:23,au2312P488,au2312P488,40.6,0.0,0.0,0.0,1,19.42,42.26,1,40.6,40.16,0.0,0.0,0.0,0.0,10
2023-05-10 00:11:23,au2312P488,au2312P488,40.6,0.0,0.0,0.0,1,19.44,42.26,1,40.6,40.16,0.0,0.0,0.0,0.0,10
2023-05-10 00:11:24,au2312P488,au2312P488,40.6,0.0,0.0,0.0,1,19.5,42.26,1,40.6,40.16,0.0,0.0,0.0,0.0,10
2023-05-10 00:11:24,au2312P488,au2312P488,40.6,0.0,0.0,0.0,1,19.5,42.26,1,40.6,40.16,0.0,0.0,0.0,0.0,10
2023-05-10 00:11:25,au2312P488,au2312P488,40.6,0.0,0.0,0.0,1,19.52,42.26,1,40.6,40.16,0.0,0.0,0.0,0.0,10
2023-05-10 00:11:25,au2312P488,au2312P488,40.6,0.0,0.0,0.0,1,19.58,42.26,1,40.6,40.16,0.0,0.0,0.0,0.0,10
2023-05-10 00:11:26,au2312P488,au2312P488,40.6,0.0,0.0,0.0,1,19.58,42.26,1,40.6,40.16,0.0,0.0,0.0,0.0,10
2023-05-10 00:11:26,au2312P488,au2312P488,40.6,0.0,0.0,0.0,1,19.6,42.26,1,40.6,40.16,0.0,0.0,0.0,0.0,10
2023-05-10 00:11:27,au2312P488,au2312P488,40.6,0.0,0.0,0.0,1,19.66,42.26,1,40.6,40.16,0.0,0.0,0.0,0.0,10
2023-05-10 00:11:27,au2312P488,au2312P488,40.6,0.0,0.0,0.0,1,19.66,42.26,1,40.6,40.16,0.0,0.0,0.0,0.0,10
2023-05-10 00:11:28,au2312P488,au2312P488,40.6,0.0,0.0,0.0,1,19.68,42.26,1,40.6,40.16,0.0,0.0,0.0,0.0,10
2023-05-10 00:11:28,au2312P488,au2312P488,40.6,0.0,0.0,0.0,1,19.74,42.26,1,40.6,40.16,0.0,0.0,0.0,0.0,10
2023-05-10 00:11:29,au2312P488,au2312P488,40.6,0.0,0.0,0.0,1,19.74,42.26,1,40.6,40.16,0.0,0.0,0.0,0.0,10
2023-05-10 00:11:29,au2312P488,au2312P488,40.6,0.0,0.0,0.0,1,19.76,42.26,1,40.6,40.16,0.0,0.0,0.0,0.0,10
2023-05-10 00:11:30,au2312P488,au2312P488,40.6,0.0,0.0,0.0,1,19.82,42.26,1,40.6,40.16,0.0,0.0,0.0,0.0,10
2023-05-10 00:11:30,au2312P488,au2312P488,40.6,0.0,0.0,0.0,1,19.82,42.26,1,40.6,40.16,0.0,0.0,0.0,0.0,10
2023-05-10 00:11:31,au2312P488,au2312P488,40.6,0.0,0.0,0.0,1,19.84,42.26,1,40.6,40.16,0.0,0.0,0.0,0.0,10
2023-05-10 00:11:31,au2312P488,au2312P488,40.6,0.0,0.0,0.0,1,19.9,42.26,1,40.6,40.16,0.0,0.0,0.0,0.0,10
2023-05-10 00:11:32,au2312P488,au2312P488,40.6,0.0,0.0,0.0,1,19.9,42.26,1,40.6,40.16,0.0,0.0,0.0,0.0,10
2023-05-10 00:11:32,au2312P488,au2312P488,40.6,0.0,0.0,0.0,1,19.92,42.26,1,40.6,40.16,0.0,0.0,0.0,0.0,10
2023-05-10 00:11:33,au2312P488,au2312P488,40.6,0.0,0.0,0.0,1,19.98,42.26,1,40.6,40.16,0.0,0.0,0.0,0.0,10
2023-05-10 00:11:33,au2312P488,au2312P488,40.6,0.0,0.0,0.0,1,19.98,42.26,1,40.6,40.16,0.0,0.0,0.0,0.0,10
2023-05-10 00:11:34,au2312P488,au2312P488,40.6,0.0,0.0,0.0,1,20.0,42.26,1,40.6,40.16,0.0,0.0,0.0,0.0,10
2023-05-10 00:11:34,au2312P488,au2312P488,40.6,0.0,0.0,0.0,1,20.06,42.26,1,40.6,40.16,0.0,0.0,0.0,0.0,10
2023-05-10 00:11:35,au2312P488,au2312P488,40.6,0.0,0.0,0.0,1,20.06,42.26,1,40.6,40.16,0.0,0.0,0.0,0.0,10
2023-05-10 00:11:35,au2312P488,au2312P488,40.6,0.0,0.0,0.0,1,20.08,42.26,1,40.6,40.16,0.0,0.0,0.0,0.0,10
2023-05-10 00:11:36,au2312P488,au2312P488,40.6,0.0,0.0,0.0,1,20.14,42.26,1,40.6,40.16,0.0,0.0,0.0,0.0,10
2023-05-10 00:11:36,au2312P488,au2312P488,40.6,0.0,0.0,0.0,1,20.14,42.26,1,40.6,40.16,0.0,0.0,0.0,0.0,10
2023-05-10 00:11:37,au2312P488,au2312P488,40.6,0.0,0.0,0.0,1,20.16,42.26,1,40.6,40.16,0.0,0.0,0.0,0.0,10
2023-05-10 00:11:37,au2312P488,au2312P488,40.6,0.0,0.0,0.0,1,20.22,42.26,1,40.6,40.16,0.0,0.0,0.0,0.0,10
2023-05-10 00:11:38,au2312P488,au2312P488,40.6,0.0,0.0,0.0,1,20.22,42.26,1,40.6,40.16,0.0,0.0,0.0,0.0,10
2023-05-10 00:11:38,au2312P488,au2312P488,40.6,0.0,0.0,0.0,1,20.24,42.26,1,40.6,40.16,0.0,0.0,0.0,0.0,10
2023-05-10 00:11:39,au2312P488,au2312P488,40.6,0.0,0.0,0.0,1,20.3,42.26,1,40.6,40.16,0.0,0.0,0.0,0.0,10
2023-05-10 00:11:39,au2312P488,au2312P488,40.6,0.0,0.0,0.0,1,20.3,42.26,1,40.6,40.16,0.0,0.0,0.0,0.0,10
2023-05-10 00:11:40,au2312P488,au2312P488,40.6,0.0,0.0,0.0,1,20.32,42.26,1,40.6,40.16,0.0,0.0,0.0,0.0,10
2023-05-10 00:11:40,au2312P488,au2312P488,40.6,0.0,0.0,0.0,1,20.38,42.26,1,40.6,40.16,0.0,0.0,0.0,0.0,10
2023-05-10 00:11:41,au2312P488,au2312P488,40.6,0.0,0.0,0.0,1,20.38,42.26,1,40.6,40.16,0.0,0.0,0.0,0.0,10
2023-05-10 00:11:41,au2312P488,au2312P488,40.6,0.0,0.0,0.0,1,20.4,42.26,1,40.6,40.16,0.0,0.0,0.0,0.0,10
2023-05-10 00:11:42,au2312P488,au2312P488,40.6,0.0,0.0,0.0,1,20.46,42.26,1,40.6,40.16,0.0,0.0,0.0,0.0,10
2023-05-10 00:11:42,au2312P488,au2312P488,40.6,0.0,0.0,0.0,1,20.46,42.26,1,40.6,40.16,0.0,0.0,0.0,0.0,10
2023-05-10 00:11:43,au2312P488,au2312P488,40.6,0.0,0.0,0.0,1,20.48,42.26,1,40.6,40.16,0.0,0.0,0.0,0.0,10
2023-05-10 00:11:43,au2312P488,au2312P488,40.6,0.0,0.0,0.0,1,20.54,42.26,1,40.6,40.16,0.0,0.0,0.0,0.0,10
2023-05-10 00:11:44,au2312P488,au2312P488,40.6,0.0,0.0,0.0,1,20.54,42.26,1,40.6,40.16,0.0,0.0,0.0,0.0,10
2023-05-10 00:11:44,au2312P488,au2312P488,40.6,0.0,0.0,0.0,1,20.56,42.26,1,40.6,40.16,0.0,0.0,0.0,0.0,10
2023-05-10 00:11:45,au2312P488,au2312P488,40.6,0.0,0.0,0.0,1,20.62,42.26,1,40.6,40.16,0.0,0.0,0.0,0.0,10
2023-05-10 00:11:45,au2312P488,au2312P488,40.6,0.0,0.0,0.0,1,20.62,42.26,1,40.6,40.16,0.0,0.0,0.0,0.0,10
2023-05-10 00:11:46,au2312P488,au2312P488,40.6,0.0,0.0,0.0,1,20.64,42.26,1,40.6,40.16,0.0,0.0,0.0,0.0,10
2023-05-10 00:11:46,au2312P488,au2312P488,40.6,0.0,0.0,0.0,1,20.7,42.26,1,40.6,40.16,0.0,0.0,0.0,0.0,10
2023-05-10 00:11:47,au2312P488,au2312P488,40.6,0.0,0.0,0.0,1,20.7,42.26,1,40.6,40.16,0.0,0.0,0.0,0.0,10
2023-05-10 00:11:47,au2312P488,au2312P488,40.6,0.0,0.0,0.0,1,20.72,42.26,1,40.6,40.16,0.0,0.0,0.0,0.0,10
2023-05-10 00:11:48,au2312P488,au2312P488,40.6,0.0,0.0,0.0,1,20.78,42.26,1,40.6,40.16,0.0,0.0,0.0,0.0,10
2023-05-10 00:11:48,au2312P488,au2312P488,40.6,0.0,0.0,0.0,1,20.78,42.26,1,40.6,40.16,0.0,0.0,0.0,0.0,10
2023-05-10 00:11:49,au2312P488,au2312P488,40.6,0.0,0.0,0.0,1,20.8,42.26,1,40.6,40.16,0.0,0.0,0.0,0.0,10
2023-05-10 00:11:49,au2312P488,au2312P488,40.6,0.0,0.0,0.0,1,20.86,42.26,1,40.6,40.16,0.0,0.0,0.0,0.0,10
2023-05-10 00:11:50,au2312P488,au2312P488,40.6,0.0,0.0,0.0,1,20.86,42.26,1,40.6,40.16,0.0,0.0,0.0,0.0,10
2023-05-10 00:11:50,au2312P488,au2312P488,40.6,0.0,0.0,0.0,1,20.88,42.26,1,40.6,40.16,0.0,0.0,0.0,0.0,10
2023-05-10 00:11:51,au2312P488,au2312P488,40.6,0.0,0.0,0.0,1,20.94,42.26,1,40.6,40.16,0.0,0.0,0.0,0.0,10
2023-05-10 00:11:51,au2312P488,au2312P488,40.6,0.0,0.0,0.0,1,20.94,42.26,1,40.6,40.16,0.0,0.0,0.0,0.0,10
2023-05-10 00:11:52,au2312P488,au2312P488,40.6,0.0,0.0,0.0,1,20.96,42.26,1,40.6,40.16,0.0,0.0,0.0,0.0,10
2023-05-10 00:11:52,au2312P488,au2312P488,40.6,0.0,0.0,0.0,1,21.02,42.26,1,40.6,40.16,0.0,0.0,0.0,0.0,10
2023-05-10 00:11:53,au2312P488,au2312P488,40.6,0.0,0.0,0.0,1,21.02,42.26,1,40.6,40.16,0.0,0.0,0.0,0.0,10
2023-05-10 00:11:53,au2312P488,au2312P488,40.6,0.0,0.0,0.0,1,21.04,42.26,1,40.6,40.16,0.0,0.0,0.0,0.0,10
2023-05-10 00:11:54,au2312P488,au2312P488,40.6,0.0,0.0,0.0,1,21.1,42.26,1,40.6,40.16,0.0,0.0,0.0,0.0,10
2023-05-10 00:11:54,au2312P488,au2312P488,40.6,0.0,0.0,0.0,1,21.1,42.26,1,40.6,40.16,0.0,0.0,0.0,0.0,10
2023-05-10 00:11:55,au2312P488,au2312P488,40.6,0.0,0.0,0.0,1,21.12,42.26,1,40.6,40.16,0.0,0.0,0.0,0.0,10
2023-05-10 00:11:55,au2312P488,au2312P488,40.6,0.0,0.0,0.0,1,21.18,42.26,1,40.6,40.16,0.0,0.0,0.0,0.0,10
2023-05-10 00:11:56,au2312P488,au2312P488,40.6,0.0,0.0,0.0,1,21.18,42.26,1,40.6,40.16,0.0,0.0,0.0,0.0,10
2023-05-10 00:11:56,au2312P488,au2312P488,40.6,0.0,0.0,0.0,1,21.2,42.26,1,40.6,40.16,0.0,0.0,0.0,0.0,10
2023-05-10 00:11:57,au2312P488,au2312P488,40.6,0.0,0.0,0.0,1,21.26,42.26,1,40.6,40.16,0.0,0.0,0.0,0.0,10
2023-05-10 00:11:57,au2312P488,au2312P488,40.6,0.0,0.0,0.0,1,21.26,42.26,1,40.6,40.16,0.0,0.0,0.0,0.0,10
2023-05-10 00:11:58,au2312P488,au2312P488,40.6,0.0,0.0,0.0,1,21.28,42.26,1,40.6,40.16,0.0,0.0,0.0,0.0,10
2023-05-10 00:11:58,au2312P488,au2312P488,40.6,0.0,0.0,0.0,1,21.34,42.26,1,40.6,40.16,0.0,0.0,0.0,0.0,10
2023-05-10 00:11:59,au2312P488,au2312P488,40.6,0.0,0.0,0.0,1,21.34,42.26,1,40.6,40.16,0.0,0.0,0.0,0.0,10
2023-05-10 00:11:59,au2312P488,au2312P488,40.6,0.0,0.0,0.0,1,21.36,42.26,1,40.6,40.16,0.0,0.0,0.0,0.0,10
2023-05-10 00:12:00,au2312P488,au2312P488,40.6,0.0,0.0,0.0,1,21.42,42.26,1,40.6,40.16,0.0,0.0,0.0,0.0,10
2023-05-10 00:12:00,au2312P488,au2312P488,40.6,0.0,0.0,0.0,1,21.42,42.26,1,40.6,40.16,0.0,0.0,0.0,0.0,10
2023-05-10 00:12:01,au2312P488,au2312P488,40.6,0.0,0.0,0.0,1,21.44,42.26,1,40.6,40.16,0.0,0.0,0.0,0.0,10
2023-05-10 00:12:01,au2312P488,au2312P488,40.6,0.0,0.0,0.0,1,21.5,42.26,1,40.6,40.16,0.0,0.0,0.0,0.0,10
2023-05-10 00:12:02,au2312P488,au2312P488,40.6,0.0,0.0,0.0,1,21.5,42.26,1,40.6,40.16,0.0,0.0,0.0,0.0,10
2023-05-10 00:12:02,au2312P488,au2312P488,40.6,0.0,0.0,0.0,1,21.52,42.26,1,40.6,40.16,0.0,0.0,0.0,0.0,10
2023-05-10 00:12:03,au2312P488,au2312P488,40.6,0.0,0.0,0.0,1,21.58,42.26,1,40.6,40.16,0.0,0.0,0.0,0.0,10
2023-05-10 00:12:03,au2312P488,au2312P488,40.6,0.0,0.0,0.0,1,21.58,42.26,1,40.6,40.16,0.0,0.0,0.0,0.0,10
2023-05-10 00:12:04,au2312P488,au2312P488,40.6,0.0,0.0,0.0,1,21.6,42.26,1,40.6,40.16,0.0,0.0,0.0,0.0,10
2023-05-10 00:12:04,au2312P488,au2312P488,40.6,0.0,0.0,0.0,1,21.66,42.26,1,40.6,40.16,0.0,0.0,0.0,0.0,10
2023-05-10 00:12:05,au2312P488,au2312P488,40.6,0.0,0.0,0.0,1,21.66,42.26,1,40.6,40.16,0.0,0.0,0.0,0.0,10
2023-05-10 00:12:05,au2312P488,au2312P488,40.6,0.0,0.0,0.0,1,21.68,42.26,1,40.6,40.16,0.0,0.0,0.0,0.0,10
2023-05-10 00:12:06,au2312P488,au2312P488,40.6,0.0,0.0,0.0,1,21.74,42.26,1,40.6,40.16,0.0,0.0,0.0,0.0,10
2023-05-10 00:12:06,au2312P488,au2312P488,40.6,0.0,0.0,0.0,1,21.74,42.26,1,40.6,40.16,0.0,0.0,0.0,0.0,10
2023-05-10 00:12:07,au2312P488,au2312P488,40.6,0.0,0.0,0.0,1,21.76,42.26,1,40.6,40.16,0.0,0.0,0.0,0.0,10
2023-05-10 00:12:07,au2312P488,au2312P488,40.6,0.0,0.0,0.0,1,21.82,42.26,1,40.6,40.16,0.0,0.0,0.0,0.0,10
2023-05-10 00:12:08,au2312P488,au2312P488,40.6,0.0,0.0,0.0,1,21.82,42.26,1,40.6,40.16,0.0,0.0,0.0,0.0,10
2023-05-10 00:12:08,au2312P488,au2312P488,40.6,0.0,0.0,0.0,1,21.84,42.26,1,40.6,40.16,0.0,0.0,0.0,0.0,10
2023-05-10 00:12:09,au2312P488,au2312P488,40.6,0.0,0.0,0.0,1,21.9,42.26,1,40.6,40.16,0.0,0.0,0.0,0.0,10
2023-05-10 00:12:09,au2312P488,au2312P488,40.6,0.0,0.0,0.0,1,21.9,42.26,1,40.6,40.16,0.0,0.0,0.0,0.0,10
2023-05-10 00:12:10,au2312P488,au2312P488,40.6,0.0,0.0,0.0,1,21.92,42.26,1,40.6,40.16,0.0,0.0,0.0,0.0,10
2023-05-10 00:12:10,au2312P488,au2312P488,40.6,0.0,0.0,0.0,1,21.98,42.26,1,40.6,40.16,0.0,0.0,0.0,0.0,10
2023-05-10 00:12:11,au2312P488,au2312P488,40.6,0.0,0.0,0.0,1,21.98,42.26,1,40.6,40.16,0.0,0.0,0.0,0.0,10
2023-05-10 00:12:11,au2312P488,au2312P488,40.6,0.0,0.0,0.0,1,22.0,42.26,1,40.6,40.16,0.0,0.0,0.0,0.0,10
2023-05-10 00:12:12,au2312P488,au2312P488,40.6,0.0,0.0,0.0,1,22.06,42.26,1,40.6,40.16,0.0,0.0,0.0,0.0,10
2023-05-10 00:12:12,au2312P488,au2312P488,40.6,0.0,0.0,0.0,1,22.06,42.26,1,40.6,40.16,0.0,0.0,0.0,0.0,10
2023-05-10 00:12:13,au2312P488,au2312P488,40.6,0.0,0.0,0.0,1,22.08,42.26,1,40.6,40.16,0.0,0.0,0.0,0.0,10
