time,symbol_id,symbol_name,last,trade_volume,trade_amount,open_interest_change,bv1,bp1,ap1,av1,yesterday_close,today_open,today_high,today_low,volume,amount,open_interest
2023-05-10 08:30:01,OP90002149,沪深300ETF购12月4400,0.0,0.0,0.0,-242.0,0,0.0,0.0,0,0.0977,0.0926,0.0,0.0,0.0,0.0,204
2023-05-10 09:25:00,OP90002149,沪深300ETF购12月4400,0.0,0.0,0.0,0.0,1,0.0919,0.1005,1,0.0977,0.0926,0.0,0.0,0.0,0.0,204
2023-05-10 09:30:00,OP90002149,沪深300ETF购12月4400,0.0,0.0,0.0,0.0,1,0.0919,0.1005,1,0.0977,0.0926,0.0,0.0,0.0,0.0,204
2023-05-10 09:30:00,OP90002149,沪深300ETF购12月4400,0.0,0.0,0.0,0.0,1,0.0915,0.1005,1,0.0977,0.0926,0.0,0.0,0.0,0.0,204
2023-05-10 09:30:01,OP90002149,沪深300ETF购12月4400,0.0,0.0,0.0,0.0,1,0.0873,0.1047,1,0.0977,0.0926,0.0,0.0,0.0,0.0,204
2023-05-10 09:30:02,OP90002149,沪深300ETF购12月4400,0.0,0.0,0.0,0.0,4,0.039,0.1551,4,0.0977,0.0926,0.0,0.0,0.0,0.0,204
2023-05-10 09:30:18,OP90002149,沪深300ETF购12月4400,0.0,0.0,0.0,0.0,4,0.039,0.1551,4,0.0977,0.0926,0.0,0.0,0.0,0.0,204
2023-05-10 09:30:27,OP90002149,沪深300ETF购12月4400,0.0,0.0,0.0,0.0,20,0.0884,0.1042,20,0.0977,0.0926,0.0,0.0,0.0,0.0,204
2023-05-10 09:30:28,OP90002149,沪深300ETF购12月4400,0.0,0.0,0.0,0.0,20,0.093,0.0993,20,0.0977,0.0926,0.0,0.0,0.0,0.0,204
2023-05-10 09:30:28,OP90002149,沪深300ETF购12月4400,0.0,0.0,0.0,0.0,10,0.0931,0.0993,20,0.0977,0.0926,0.0,0.0,0.0,0.0,204
2023-05-10 09:30:29,OP90002149,沪深300ETF购12月4400,0.0,0.0,0.0,0.0,10,0.0931,0.0993,20,0.0977,0.0926,0.0,0.0,0.0,0.0,204
2023-05-10 09:30:29,OP90002149,沪深300ETF购12月4400,0.0,0.0,0.0,0.0,20,0.0933,0.0996,40,0.0977,0.0926,0.0,0.0,0.0,0.0,204
2023-05-10 09:30:30,OP90002149,沪深300ETF购12月4400,0.0,0.0,0.0,0.0,10,0.0934,0.0993,20,0.0977,0.0926,0.0,0.0,0.0,0.0,204
2023-05-10 09:30:31,OP90002149,沪深300ETF购12月4400,0.0,0.0,0.0,0.0,10,0.0934,0.0993,20,0.0977,0.0926,0.0,0.0,0.0,0.0,204
2023-05-10 09:30:32,OP90002149,沪深300ETF购12月4400,0.0,0.0,0.0,0.0,10,0.0934,0.0993,20,0.0977,0.0926,0.0,0.0,0.0,0.0,204
2023-05-10 09:30:37,OP90002149,沪深300ETF购12月4400,0.0,0.0,0.0,0.0,10,0.0934,0.0993,20,0.0977,0.0926,0.0,0.0,0.0,0.0,204
2023-05-10 09:30:39,OP90002149,沪深300ETF购12月4400,0.0,0.0,0.0,0.0,30,0.0934,0.099,20,0.0977,0.0926,0.0,0.0,0.0,0.0,204
2023-05-10 09:30:40,OP90002149,沪深300ETF购12月4400,0.0,0.0,0.0,0.0,30,0.0934,0.099,20,0.0977,0.0926,0.0,0.0,0.0,0.0,204
2023-05-10 09:30:41,OP90002149,沪深300ETF购12月4400,0.0,0.0,0.0,0.0,30,0.0934,0.0987,20,0.0977,0.0926,0.0,0.0,0.0,0.0,204
2023-05-10 09:30:42,OP90002149,沪深300ETF购12月4400,0.0,0.0,0.0,0.0,30,0.0934,0.0987,20,0.0977,0.0926,0.0,0.0,0.0,0.0,204
2023-05-10 09:30:43,OP90002149,沪深300ETF购12月4400,0.0,0.0,0.0,0.0,30,0.0934,0.099,20,0.0977,0.0926,0.0,0.0,0.0,0.0,204
2023-05-10 09:30:45,OP90002149,沪深300ETF购12月4400,0.0,0.0,0.0,0.0,30,0.0934,0.099,20,0.0977,0.0926,0.0,0.0,0.0,0.0,204
2023-05-10 09:30:45,OP90002149,沪深300ETF购12月4400,0.0,0.0,0.0,0.0,30,0.0934,0.0987,20,0.0977,0.0926,0.0,0.0,0.0,0.0,204
2023-05-10 09:30:48,OP90002149,沪深300ETF购12月4400,0.0,0.0,0.0,0.0,30,0.0934,0.0987,20,0.0977,0.0926,0.0,0.0,0.0,0.0,204
2023-05-10 09:30:51,OP90002149,沪深300ETF购12月4400,0.0,0.0,0.0,0.0,30,0.0934,0.0987,20,0.0977,0.0926,0.0,0.0,0.0,0.0,204
2023-05-10 09:30:54,OP90002149,沪深300ETF购12月4400,0.0,0.0,0.0,0.0,30,0.0934,0.0987,20,0.0977,0.0926,0.0,0.0,0.0,0.0,204
2023-05-10 09:30:56,OP90002149,沪深300ETF购12月4400,0.0,0.0,0.0,0.0,10,0.0934,0.0983,20,0.0977,0.0926,0.0,0.0,0.0,0.0,204
2023-05-10 09:30:56,OP90002149,沪深300ETF购12月4400,0.0,0.0,0.0,0.0,30,0.0934,0.0986,20,0.0977,0.0926,0.0,0.0,0.0,0.0,204
2023-05-10 09:30:57,OP90002149,沪深300ETF购12月4400,0.0,0.0,0.0,0.0,10,0.0934,0.0983,20,0.0977,0.0926,0.0,0.0,0.0,0.0,204
2023-05-10 09:30:57,OP90002149,沪深300ETF购12月4400,0.0,0.0,0.0,0.0,10,0.0934,0.0983,20,0.0977,0.0926,0.0,0.0,0.0,0.0,204
2023-05-10 09:30:58,OP90002149,沪深300ETF购12月4400,0.0,0.0,0.0,0.0,30,0.0934,0.0986,20,0.0977,0.0926,0.0,0.0,0.0,0.0,204
2023-05-10 09:30:59,OP90002149,沪深300ETF购12月4400,0.0,0.0,0.0,0.0,10,0.0934,0.0983,20,0.0977,0.0926,0.0,0.0,0.0,0.0,204
2023-05-10 09:30:59,OP90002149,沪深300ETF购12月4400,0.0,0.0,0.0,0.0,10,0.0934,0.0983,20,0.0977,0.0926,0.0,0.0,0.0,0.0,204
2023-05-10 09:31:00,OP90002149,沪深300ETF购12月4400,0.0,0.0,0.0,0.0,10,0.0934,0.0983,20,0.0977,0.0926,0.0,0.0,0.0,0.0,204
2023-05-10 09:31:00,OP90002149,沪深300ETF购12月4400,0.0,0.0,0.0,0.0,10,0.0934,0.098,20,0.0977,0.0926,0.0,0.0,0.0,0.0,204
2023-05-10 09:31:01,OP90002149,沪深300ETF购12月4400,0.0,0.0,0.0,0.0,10,0.0934,0.0977,20,0.0977,0.0926,0.0,0.0,0.0,0.0,204
2023-05-10 09:31:01,OP90002149,沪深300ETF购12月4400,0.0,0.0,0.0,0.0,10,0.0934,0.0977,20,0.0977,0.0926,0.0,0.0,0.0,0.0,204
2023-05-10 09:31:02,OP90002149,沪深300ETF购12月4400,0.0,0.0,0.0,0.0,10,0.0934,0.0977,20,0.0977,0.0926,0.0,0.0,0.0,0.0,204
2023-05-10 09:31:02,OP90002149,沪深300ETF购12月4400,0.0,0.0,0.0,0.0,10,0.0929,0.0973,20,0.0977,0.0926,0.0,0.0,0.0,0.0,204
2023-05-10 09:31:05,OP90002149,沪深300ETF购12月4400,0.0,0.0,0.0,0.0,10,0.0929,0.097,20,0.0977,0.0926,0.0,0.0,0.0,0.0,204
2023-05-10 09:31:05,OP90002149,沪深300ETF购12月4400,0.0,0.0,0.0,0.0,10,0.0929,0.097,20,0.0977,0.0926,0.0,0.0,0.0,0.0,204
2023-05-10 09:31:06,OP90002149,沪深300ETF购12月4400,0.0,0.0,0.0,0.0,10,0.0923,0.097,20,0.0977,0.0926,0.0,0.0,0.0,0.0,204
2023-05-10 09:31:06,OP90002149,沪深300ETF购12月4400,0.0,0.0,0.0,0.0,10,0.0923,0.097,20,0.0977,0.0926,0.0,0.0,0.0,0.0,204
2023-05-10 09:31:07,OP90002149,沪深300ETF购12月4400,0.0,0.0,0.0,0.0,10,0.0923,0.097,20,0.0977,0.0926,0.0,0.0,0.0,0.0,204
2023-05-10 09:31:07,OP90002149,沪深300ETF购12月4400,0.0,0.0,0.0,0.0,10,0.0923,0.097,20,0.0977,0.0926,0.0,0.0,0.0,0.0,204
2023-05-10 09:31:08,OP90002149,沪深300ETF购12月4400,0.0,0.0,0.0,0.0,10,0.0923,0.0967,20,0.0977,0.0926,0.0,0.0,0.0,0.0,204
2023-05-10 09:31:08,OP90002149,沪深300ETF购12月4400,0.0,0.0,0.0,0.0,10,0.0923,0.0967,20,0.0977,0.0926,0.0,0.0,0.0,0.0,204
2023-05-10 09:31:09,OP90002149,沪深300ETF购12月4400,0.0,0.0,0.0,0.0,10,0.0923,0.0967,20,0.0977,0.0926,0.0,0.0,0.0,0.0,204
2023-05-10 09:31:09,OP90002149,沪深300ETF购12月4400,0.0,0.0,0.0,0.0,10,0.0918,0.0967,20,0.0977,0.0926,0.0,0.0,0.0,0.0,204
2023-05-10 09:31:11,OP90002149,沪深300ETF购12月4400,0.0,0.0,0.0,0.0,10,0.0918,0.0967,20,0.0977,0.0926,0.0,0.0,0.0,0.0,204
2023-05-10 09:31:12,OP90002149,沪深300ETF购12月4400,0.0,0.0,0.0,0.0,30,0.0918,0.0971,40,0.0977,0.0926,0.0,0.0,0.0,0.0,204
2023-05-10 09:31:12,OP90002149,沪深300ETF购12月4400,0.0,0.0,0.0,0.0,30,0.0918,0.0971,40,0.0977,0.0926,0.0,0.0,0.0,0.0,204
2023-05-10 09:31:13,OP90002149,沪深300ETF购12月4400,0.0,0.0,0.0,0.0,50,0.0918,0.0971,20,0.0977,0.0926,0.0,0.0,0.0,0.0,204
2023-05-10 09:31:13,OP90002149,沪深300ETF购12月4400,0.0,0.0,0.0,0.0,50,0.0918,0.0968,20,0.0977,0.0926,0.0,0.0,0.0,0.0,204
2023-05-10 09:31:14,OP90002149,沪深300ETF购12月4400,0.0,0.0,0.0,0.0,50,0.0918,0.0968,20,0.0977,0.0926,0.0,0.0,0.0,0.0,204
2023-05-10 09:31:14,OP90002149,沪深300ETF购12月4400,0.0,0.0,0.0,0.0,70,0.0918,0.0971,20,0.0977,0.0926,0.0,0.0,0.0,0.0,204
2023-05-10 09:31:15,OP90002149,沪深300ETF购12月4400,0.0,0.0,0.0,0.0,70,0.0918,0.0971,20,0.0977,0.0926,0.0,0.0,0.0,0.0,204
2023-05-10 09:31:18,OP90002149,沪深300ETF购12月4400,0.0,0.0,0.0,0.0,50,0.0918,0.0968,20,0.0977,0.0926,0.0,0.0,0.0,0.0,204
2023-05-10 09:31:20,OP90002149,沪深300ETF购12月4400,0.0,0.0,0.0,0.0,30,0.0918,0.0964,20,0.0977,0.0926,0.0,0.0,0.0,0.0,204
2023-05-10 09:31:20,OP90002149,沪深300ETF购12月4400,0.0,0.0,0.0,0.0,10,0.0918,0.0964,20,0.0977,0.0926,0.0,0.0,0.0,0.0,204
2023-05-10 09:31:21,OP90002149,沪深300ETF购12月4400,0.0,0.0,0.0,0.0,10,0.0918,0.0964,20,0.0977,0.0926,0.0,0.0,0.0,0.0,204
2023-05-10 09:31:21,OP90002149,沪深300ETF购12月4400,0.0,0.0,0.0,0.0,10,0.0918,0.0964,20,0.0977,0.0926,0.0,0.0,0.0,0.0,204
2023-05-10 09:31:22,OP90002149,沪深300ETF购12月4400,0.0,0.0,0.0,0.0,10,0.0918,0.0964,20,0.0977,0.0926,0.0,0.0,0.0,0.0,204
2023-05-10 09:31:22,OP90002149,沪深300ETF购12月4400,0.0,0.0,0.0,0.0,10,0.0918,0.0964,20,0.0977,0.0926,0.0,0.0,0.0,0.0,204
2023-05-10 09:31:23,OP90002149,沪深300ETF购12月4400,0.0,0.0,0.0,0.0,30,0.0914,0.0964,20,0.0977,0.0926,0.0,0.0,0.0,0.0,204
2023-05-10 09:31:23,OP90002149,沪深300ETF购12月4400,0.0,0.0,0.0,0.0,10,0.0914,0.0964,20,0.0977,0.0926,0.0,0.0,0.0,0.0,204
2023-05-10 09:31:24,OP90002149,沪深300ETF购12月4400,0.0,0.0,0.0,0.0,10,0.0914,0.0964,20,0.0977,0.0926,0.0,0.0,0.0,0.0,204
2023-05-10 09:31:24,OP90002149,沪深300ETF购12月4400,0.0,0.0,0.0,0.0,10,0.0914,0.0964,20,0.0977,0.0926,0.0,0.0,0.0,0.0,204
2023-05-10 09:31:26,OP90002149,沪深300ETF购12月4400,0.0,0.0,0.0,0.0,10,0.0914,0.0964,20,0.0977,0.0926,0.0,0.0,0.0,0.0,204
2023-05-10 09:31:30,OP90002149,沪深300ETF购12月4400,0.0,0.0,0.0,0.0,30,0.0914,0.0963,20,0.0977,0.0926,0.0,0.0,0.0,0.0,204
2023-05-10 09:31:31,OP90002149,沪深300ETF购12月4400,0.0,0.0,0.0,0.0,30,0.0914,0.0963,20,0.0977,0.0926,0.0,0.0,0.0,0.0,204
2023-05-10 09:31:32,OP90002149,沪深300ETF购12月4400,0.0,0.0,0.0,0.0,30,0.0914,0.0963,20,0.0977,0.0926,0.0,0.0,0.0,0.0,204
2023-05-10 09:31:35,OP90002149,沪深300ETF购12月4400,0.0,0.0,0.0,0.0,10,0.0914,0.0963,20,0.0977,0.0926,0.0,0.0,0.0,0.0,204
2023-05-10 09:31:35,OP90002149,沪深300ETF购12月4400,0.0,0.0,0.0,0.0,10,0.0914,0.0963,20,0.0977,0.0926,0.0,0.0,0.0,0.0,204
2023-05-10 09:31:36,OP90002149,沪深300ETF购12月4400,0.0,0.0,0.0,0.0,30,0.0914,0.0963,20,0.0977,0.0926,0.0,0.0,0.0,0.0,204
2023-05-10 09:31:40,OP90002149,沪深300ETF购12月4400,0.0,0.0,0.0,0.0,30,0.0914,0.0963,20,0.0977,0.0926,0.0,0.0,0.0,0.0,204
2023-05-10 09:31:45,OP90002149,沪深300ETF购12月4400,0.0,0.0,0.0,0.0,30,0.0914,0.0963,20,0.0977,0.0926,0.0,0.0,0.0,0.0,204
2023-05-10 09:31:48,OP90002149,沪深300ETF购12月4400,0.0,0.0,0.0,0.0,30,0.0914,0.0963,20,0.0977,0.0926,0.0,0.0,0.0,0.0,204
2023-05-10 09:31:49,OP90002149,沪深300ETF购12月4400,0.0,0.0,0.0,0.0,30,0.0914,0.0963,20,0.0977,0.0926,0.0,0.0,0.0,0.0,204
2023-05-10 09:31:52,OP90002149,沪深300ETF购12月4400,0.0,0.0,0.0,0.0,30,0.0914,0.0963,20,0.0977,0.0926,0.0,0.0,0.0,0.0,204
2023-05-10 09:31:55,OP90002149,沪深300ETF购12月4400,0.0,0.0,0.0,0.0,40,0.0914,0.0963,30,0.0977,0.0926,0.0,0.0,0.0,0.0,204
2023-05-10 09:31:55,OP90002149,沪深300ETF购12月4400,0.0,0.0,0.0,0.0,30,0.0914,0.0962,20,0.0977,0.0926,0.0,0.0,0.0,0.0,204
2023-05-10 09:31:56,OP90002149,沪深300ETF购12月4400,0.0,0.0,0.0,0.0,40,0.0914,0.0962,10,0.0977,0.0926,0.0,0.0,0.0,0.0,204
2023-05-10 09:31:56,OP90002149,沪深300ETF购12月4400,0.0,0.0,0.0,0.0,30,0.0914,0.0961,20,0.0977,0.0926,0.0,0.0,0.0,0.0,204
2023-05-10 09:31:57,OP90002149,沪深300ETF购12月4400,0.0,0.0,0.0,0.0,40,0.0914,0.0961,10,0.0977,0.0926,0.0,0.0,0.0,0.0,204
2023-05-10 09:31:57,OP90002149,沪深300ETF购12月4400,0.0,0.0,0.0,0.0,30,0.0914,0.096,20,0.0977,0.0926,0.0,0.0,0.0,0.0,204
2023-05-10 09:31:58,OP90002149,沪深300ETF购12月4400,0.0,0.0,0.0,0.0,60,0.0914,0.096,30,0.0977,0.0926,0.0,0.0,0.0,0.0,204
2023-05-10 09:31:58,OP90002149,沪深300ETF购12月4400,0.0,0.0,0.0,0.0,50,0.0914,0.0959,20,0.0977,0.0926,0.0,0.0,0.0,0.0,204
2023-05-10 09:31:59,OP90002149,沪深300ETF购12月4400,0.0,0.0,0.0,0.0,60,0.0914,0.0959,30,0.0977,0.0926,0.0,0.0,0.0,0.0,204
2023-05-10 09:31:59,OP90002149,沪深300ETF购12月4400,0.0,0.0,0.0,0.0,50,0.0914,0.0958,20,0.0977,0.0926,0.0,0.0,0.0,0.0,204
2023-05-10 09:32:00,OP90002149,沪深300ETF购12月4400,0.0,0.0,0.0,0.0,60,0.0914,0.0958,10,0.0977,0.0926,0.0,0.0,0.0,0.0,204
2023-05-10 09:32:00,OP90002149,沪深300ETF购12月4400,0.0,0.0,0.0,0.0,70,0.0914,0.0957,20,0.0977,0.0926,0.0,0.0,0.0,0.0,204
2023-05-10 09:32:01,OP90002149,沪深300ETF购12月4400,0.0,0.0,0.0,0.0,80,0.0914,0.0957,10,0.0977,0.0926,0.0,0.0,0.0,0.0,204
2023-05-10 09:32:01,OP90002149,沪深300ETF购12月4400,0.0,0.0,0.0,0.0,70,0.0914,0.0956,20,0.0977,0.0926,0.0,0.0,0.0,0.0,204
2023-05-10 09:32:02,OP90002149,沪深300ETF购12月4400,0.0,0.0,0.0,0.0,80,0.0914,0.0956,10,0.0977,0.0926,0.0,0.0,0.0,0.0,204
2023-05-10 09:32:02,OP90002149,沪深300ETF购12月4400,0.0,0.0,0.0,0.0,70,0.0914,0.0955,20,0.0977,0.0926,0.0,0.0,0.0,0.0,204
2023-05-10 09:32:03,OP90002149,沪深300ETF购12月4400,0.0,0.0,0.0,0.0,80,0.0914,0.0955,10,0.0977,0.0926,0.0,0.0,0.0,0.0,204
2023-05-10 09:32:03,OP90002149,沪深300ETF购12月4400,0.0,0.0,0.0,0.0,70,0.0914,0.0954,20,0.0977,0.0926,0.0,0.0,0.0,0.0,204
2023-05-10 09:32:04,OP90002149,沪深300ETF购12月4400,0.0,0.0,0.0,0.0,80,0.0914,0.0954,10,0.0977,0.0926,0.0,0.0,0.0,0.0,204
2023-05-10 09:32:04,OP90002149,沪深300ETF购12月4400,0.0,0.0,0.0,0.0,90,0.0914,0.0953,20,0.0977,0.0926,0.0,0.0,0.0,0.0,204
2023-05-10 09:32:05,OP90002149,沪深300ETF购12月4400,0.0,0.0,0.0,0.0,100,0.0914,0.0953,10,0.0977,0.0926,0.0,0.0,0.0,0.0,204
2023-05-10 09:32:05,OP90002149,沪深300ETF购12月4400,0.0,0.0,0.0,0.0,70,0.0914,0.0952,20,0.0977,0.0926,0.0,0.0,0.0,0.0,204
2023-05-10 09:32:06,OP90002149,沪深300ETF购12月4400,0.0,0.0,0.0,0.0,80,0.0914,0.0952,10,0.0977,0.0926,0.0,0.0,0.0,0.0,204
2023-05-10 09:32:06,OP90002149,沪深300ETF购12月4400,0.0,0.0,0.0,0.0,70,0.0914,0.0951,20,0.0977,0.0926,0.0,0.0,0.0,0.0,204
2023-05-10 09:32:07,OP90002149,沪深300ETF购12月4400,0.0,0.0,0.0,0.0,60,0.0914,0.0951,30,0.0977,0.0926,0.0,0.0,0.0,0.0,204
2023-05-10 09:32:07,OP90002149,沪深300ETF购12月4400,0.0,0.0,0.0,0.0,50,0.0914,0.095,20,0.0977,0.0926,0.0,0.0,0.0,0.0,204
2023-05-10 09:32:08,OP90002149,沪深300ETF购12月4400,0.0,0.0,0.0,0.0,60,0.0914,0.095,30,0.0977,0.0926,0.0,0.0,0.0,0.0,204
2023-05-10 09:32:08,OP90002149,沪深300ETF购12月4400,0.0,0.0,0.0,0.0,70,0.0914,0.0949,20,0.0977,0.0926,0.0,0.0,0.0,0.0,204
2023-05-10 09:32:09,OP90002149,沪深300ETF购12月4400,0.0,0.0,0.0,0.0,80,0.0914,0.0949,10,0.0977,0.0926,0.0,0.0,0.0,0.0,204
2023-05-10 09:32:09,OP90002149,沪深300ETF购12月4400,0.0,0.0,0.0,0.0,70,0.0914,0.0948,20,0.0977,0.0926,0.0,0.0,0.0,0.0,204
2023-05-10 09:32:10,OP90002149,沪深300ETF购12月4400,0.0,0.0,0.0,0.0,80,0.0914,0.0948,10,0.0977,0.0926,0.0,0.0,0.0,0.0,204
2023-05-10 09:32:10,OP90002149,沪深300ETF购12月4400,0.0,0.0,0.0,0.0,90,0.0914,0.0947,20,0.0977,0.0926,0.0,0.0,0.0,0.0,204
2023-05-10 09:32:11,OP90002149,沪深300ETF购12月4400,0.0,0.0,0.0,0.0,100,0.0914,0.0947,10,0.0977,0.0926,0.0,0.0,0.0,0.0,204
2023-05-10 09:32:11,OP90002149,沪深300ETF购12月4400,0.0,0.0,0.0,0.0,90,0.0914,0.0946,20,0.0977,0.0926,0.0,0.0,0.0,0.0,204
2023-05-10 09:32:12,OP90002149,沪深300ETF购12月4400,0.0,0.0,0.0,0.0,80,0.0914,0.0946,10,0.0977,0.0926,0.0,0.0,0.0,0.0,204
2023-05-10 09:32:12,OP90002149,沪深300ETF购12月4400,0.0,0.0,0.0,0.0,70,0.0914,0.0945,20,0.0977,0.0926,0.0,0.0,0.0,0.0,204
2023-05-10 09:32:13,OP90002149,沪深300ETF购12月4400,0.0,0.0,0.0,0.0,80,0.0914,0.0945,10,0.0977,0.0926,0.0,0.0,0.0,0.0,204
2023-05-10 09:32:13,OP90002149,沪深300ETF购12月4400,0.0,0.0,0.0,0.0,70,0.0914,0.0944,20,0.0977,0.0926,0.0,0.0,0.0,0.0,204
2023-05-10 09:32:14,OP90002149,沪深300ETF购12月4400,0.0,0.0,0.0,0.0,80,0.0914,0.0944,10,0.0977,0.0926,0.0,0.0,0.0,0.0,204
2023-05-10 09:32:14,OP90002149,沪深300ETF购12月4400,0.0,0.0,0.0,0.0,20,0.0915,0.0944,20,0.0977,0.0926,0.0,0.0,0.0,0.0,204
2023-05-10 09:32:15,OP90002149,沪深300ETF购12月4400,0.0,0.0,0.0,0.0,10,0.0916,0.0944,10,0.0977,0.0926,0.0,0.0,0.0,0.0,204
2023-05-10 09:32:15,OP90002149,沪深300ETF购12月4400,0.0,0.0,0.0,0.0,20,0.0917,0.0944,20,0.0977,0.0926,0.0,0.0,0.0,0.0,204
2023-05-10 09:32:16,OP90002149,沪深300ETF购12月4400,0.0,0.0,0.0,0.0,10,0.0918,0.0944,10,0.0977,0.0926,0.0,0.0,0.0,0.0,204
2023-05-10 09:32:16,OP90002149,沪深300ETF购12月4400,0.0,0.0,0.0,0.0,30,0.0918,0.0943,20,0.0977,0.0926,0.0,0.0,0.0,0.0,204
2023-05-10 09:32:17,OP90002149,沪深300ETF购12月4400,0.0,0.0,0.0,0.0,60,0.0918,0.0943,10,0.0977,0.0926,0.0,0.0,0.0,0.0,204
2023-05-10 09:32:17,OP90002149,沪深300ETF购12月4400,0.0,0.0,0.0,0.0,20,0.0919,0.0943,20,0.0977,0.0926,0.0,0.0,0.0,0.0,204
2023-05-10 09:32:18,OP90002149,沪深300ETF购12月4400,0.0,0.0,0.0,0.0,10,0.092,0.0943,10,0.0977,0.0926,0.0,0.0,0.0,0.0,204
2023-05-10 09:32:18,OP90002149,沪深300ETF购12月4400,0.0,0.0,0.0,0.0,20,0.0921,0.0943,20,0.0977,0.0926,0.0,0.0,0.0,0.0,204
2023-05-10 09:32:19,OP90002149,沪深300ETF购12月4400,0.0,0.0,0.0,0.0,10,0.0922,0.0943,10,0.0977,0.0926,0.0,0.0,0.0,0.0,204
2023-05-10 09:32:19,OP90002149,沪深300ETF购12月4400,0.0,0.0,0.0,0.0,20,0.0923,0.0943,20,0.0977,0.0926,0.0,0.0,0.0,0.0,204
2023-05-10 09:32:20,OP90002149,沪深300ETF购12月4400,0.0,0.0,0.0,0.0,10,0.0924,0.0943,10,0.0977,0.0926,0.0,0.0,0.0,0.0,204
2023-05-10 09:32:20,OP90002149,沪深300ETF购12月4400,0.0,0.0,0.0,0.0,20,0.0925,0.0944,20,0.0977,0.0926,0.0,0.0,0.0,0.0,204
2023-05-10 09:32:21,OP90002149,沪深300ETF购12月4400,0.0,0.0,0.0,0.0,10,0.0926,0.0944,10,0.0977,0.0926,0.0,0.0,0.0,0.0,204
2023-05-10 09:32:21,OP90002149,沪深300ETF购12月4400,0.0,0.0,0.0,0.0,10,0.0926,0.0944,20,0.0977,0.0926,0.0,0.0,0.0,0.0,204
2023-05-10 09:32:22,OP90002149,沪深300ETF购12月4400,0.0,0.0,0.0,0.0,40,0.0926,0.0948,10,0.0977,0.0926,0.0,0.0,0.0,0.0,204
2023-05-10 09:32:22,OP90002149,沪深300ETF购12月4400,0.0,0.0,0.0,0.0,30,0.0926,0.0947,20,0.0977,0.0926,0.0,0.0,0.0,0.0,204
2023-05-10 09:32:23,OP90002149,沪深300ETF购12月4400,0.0,0.0,0.0,0.0,40,0.0926,0.0947,10,0.0977,0.0926,0.0,0.0,0.0,0.0,204
2023-05-10 09:32:23,OP90002149,沪深300ETF购12月4400,0.0,0.0,0.0,0.0,30,0.0926,0.0946,20,0.0977,0.0926,0.0,0.0,0.0,0.0,204
2023-05-10 09:32:24,OP90002149,沪深300ETF购12月4400,0.0,0.0,0.0,0.0,40,0.0926,0.0946,10,0.0977,0.0926,0.0,0.0,0.0,0.0,204
2023-05-10 09:32:24,OP90002149,沪深300ETF购12月4400,0.0,0.0,0.0,0.0,45,0.0926,0.0945,20,0.0977,0.0926,0.0,0.0,0.0,0.0,204
2023-05-10 09:32:25,OP90002149,沪深300ETF购12月4400,0.0,0.0,0.0,0.0,40,0.0926,0.0945,10,0.0977,0.0926,0.0,0.0,0.0,0.0,204
2023-05-10 09:32:25,OP90002149,沪深300ETF购12月4400,0.0,0.0,0.0,0.0,10,0.0926,0.0944,20,0.0977,0.0926,0.0,0.0,0.0,0.0,204
2023-05-10 09:32:26,OP90002149,沪深300ETF购12月4400,0.0,0.0,0.0,0.0,30,0.0926,0.0944,10,0.0977,0.0926,0.0,0.0,0.0,0.0,204
2023-05-10 09:32:26,OP90002149,沪深300ETF购12月4400,0.0,0.0,0.0,0.0,10,0.0926,0.0944,20,0.0977,0.0926,0.0,0.0,0.0,0.0,204
2023-05-10 09:32:27,OP90002149,沪深300ETF购12月4400,0.0,0.0,0.0,0.0,40,0.0926,0.0948,10,0.0977,0.0926,0.0,0.0,0.0,0.0,204
2023-05-10 09:32:27,OP90002149,沪深300ETF购12月4400,0.0,0.0,0.0,0.0,30,0.0926,0.0947,35,0.0977,0.0926,0.0,0.0,0.0,0.0,204
2023-05-10 09:32:28,OP90002149,沪深300ETF购12月4400,0.0,0.0,0.0,0.0,40,0.0926,0.0946,20,0.0977,0.0926,0.0,0.0,0.0,0.0,204
2023-05-10 09:32:28,OP90002149,沪深300ETF购12月4400,0.0,0.0,0.0,0.0,10,0.0926,0.0946,20,0.0977,0.0926,0.0,0.0,0.0,0.0,204
2023-05-10 09:32:29,OP90002149,沪深300ETF购12月4400,0.0,0.0,0.0,0.0,40,0.0926,0.0946,10,0.0977,0.0926,0.0,0.0,0.0,0.0,204
2023-05-10 09:32:29,OP90002149,沪深300ETF购12月4400,0.0,0.0,0.0,0.0,30,0.0926,0.0945,20,0.0977,0.0926,0.0,0.0,0.0,0.0,204
2023-05-10 09:32:30,OP90002149,沪深300ETF购12月4400,0.0,0.0,0.0,0.0,40,0.0926,0.0945,10,0.0977,0.0926,0.0,0.0,0.0,0.0,204
2023-05-10 09:32:30,OP90002149,沪深300ETF购12月4400,0.0,0.0,0.0,0.0,10,0.0926,0.0944,20,0.0977,0.0926,0.0,0.0,0.0,0.0,204
2023-05-10 09:32:31,OP90002149,沪深300ETF购12月4400,0.0,0.0,0.0,0.0,15,0.0927,0.0943,15,0.0977,0.0926,0.0,0.0,0.0,0.0,204
2023-05-10 09:32:31,OP90002149,沪深300ETF购12月4400,0.0,0.0,0.0,0.0,10,0.0928,0.0943,15,0.0977,0.0926,0.0,0.0,0.0,0.0,204
2023-05-10 09:32:32,OP90002149,沪深300ETF购12月4400,0.0,0.0,0.0,0.0,15,0.0929,0.0943,35,0.0977,0.0926,0.0,0.0,0.0,0.0,204
2023-05-10 09:32:32,OP90002149,沪深300ETF购12月4400,0.0,0.0,0.0,0.0,10,0.0929,0.0942,20,0.0977,0.0926,0.0,0.0,0.0,0.0,204
2023-05-10 09:32:33,OP90002149,沪深300ETF购12月4400,0.0,0.0,0.0,0.0,10,0.0929,0.0941,15,0.0977,0.0926,0.0,0.0,0.0,0.0,204
2023-05-10 09:32:33,OP90002149,沪深300ETF购12月4400,0.0,0.0,0.0,0.0,40,0.0924,0.0941,35,0.0977,0.0926,0.0,0.0,0.0,0.0,204
2023-05-10 09:32:34,OP90002149,沪深300ETF购12月4400,0.0,0.0,0.0,0.0,25,0.0925,0.0941,45,0.0977,0.0926,0.0,0.0,0.0,0.0,204
2023-05-10 09:32:34,OP90002149,沪深300ETF购12月4400,0.0,0.0,0.0,0.0,25,0.0925,0.0941,35,0.0977,0.0926,0.0,0.0,0.0,0.0,204
2023-05-10 09:32:35,OP90002149,沪深300ETF购12月4400,0.0,0.0,0.0,0.0,25,0.0925,0.0941,35,0.0977,0.0926,0.0,0.0,0.0,0.0,204
2023-05-10 09:32:35,OP90002149,沪深300ETF购12月4400,0.0,0.0,0.0,0.0,25,0.0925,0.0941,35,0.0977,0.0926,0.0,0.0,0.0,0.0,204
2023-05-10 09:32:36,OP90002149,沪深300ETF购12月4400,0.0,0.0,0.0,0.0,25,0.0925,0.0941,35,0.0977,0.0926,0.0,0.0,0.0,0.0,204
2023-05-10 09:32:36,OP90002149,沪深300ETF购12月4400,0.0,0.0,0.0,0.0,25,0.0925,0.0941,35,0.0977,0.0926,0.0,0.0,0.0,0.0,204
2023-05-10 09:32:37,OP90002149,沪深300ETF购12月4400,0.0,0.0,0.0,0.0,25,0.0925,0.0941,35,0.0977,0.0926,0.0,0.0,0.0,0.0,204
2023-05-10 09:32:37,OP90002149,沪深300ETF购12月4400,0.0,0.0,0.0,0.0,25,0.0925,0.0941,20,0.0977,0.0926,0.0,0.0,0.0,0.0,204
2023-05-10 09:32:38,OP90002149,沪深300ETF购12月4400,0.0,0.0,0.0,0.0,25,0.0925,0.0945,30,0.0977,0.0926,0.0,0.0,0.0,0.0,204
2023-05-10 09:32:38,OP90002149,沪深300ETF购12月4400,0.0,0.0,0.0,0.0,25,0.0925,0.0944,35,0.0977,0.0926,0.0,0.0,0.0,0.0,204
2023-05-10 09:32:39,OP90002149,沪深300ETF购12月4400,0.0,0.0,0.0,0.0,35,0.0925,0.0943,20,0.0977,0.0926,0.0,0.0,0.0,0.0,204
2023-05-10 09:32:39,OP90002149,沪深300ETF购12月4400,0.0,0.0,0.0,0.0,25,0.0925,0.0943,20,0.0977,0.0926,0.0,0.0,0.0,0.0,204
2023-05-10 09:32:40,OP90002149,沪深300ETF购12月4400,0.0,0.0,0.0,0.0,35,0.0925,0.0943,10,0.0977,0.0926,0.0,0.0,0.0,0.0,204
2023-05-10 09:32:40,OP90002149,沪深300ETF购12月4400,0.0,0.0,0.0,0.0,25,0.0925,0.0942,20,0.0977,0.0926,0.0,0.0,0.0,0.0,204
2023-05-10 09:32:41,OP90002149,沪深300ETF购12月4400,0.0,0.0,0.0,0.0,25,0.0925,0.0942,30,0.0977,0.0926,0.0,0.0,0.0,0.0,204
2023-05-10 09:32:41,OP90002149,沪深300ETF购12月4400,0.0,0.0,0.0,0.0,25,0.0925,0.0941,20,0.0977,0.0926,0.0,0.0,0.0,0.0,204
2023-05-10 09:32:42,OP90002149,沪深300ETF购12月4400,0.0,0.0,0.0,0.0,25,0.0925,0.0941,20,0.0977,0.0926,0.0,0.0,0.0,0.0,204
2023-05-10 09:32:42,OP90002149,沪深300ETF购12月4400,0.0,0.0,0.0,0.0,25,0.0925,0.0944,20,0.0977,0.0926,0.0,0.0,0.0,0.0,204
2023-05-10 09:32:43,OP90002149,沪深300ETF购12月4400,0.0,0.0,0.0,0.0,35,0.0925,0.0943,15,0.0977,0.0926,0.0,0.0,0.0,0.0,204
2023-05-10 09:32:44,OP90002149,沪深300ETF购12月4400,0.0,0.0,0.0,0.0,25,0.0925,0.0942,10,0.0977,0.0926,0.0,0.0,0.0,0.0,204
2023-05-10 09:32:44,OP90002149,沪深300ETF购12月4400,0.0,0.0,0.0,0.0,25,0.0925,0.0941,20,0.0977,0.0926,0.0,0.0,0.0,0.0,204
2023-05-10 09:32:45,OP90002149,沪深300ETF购12月4400,0.0,0.0,0.0,0.0,25,0.0925,0.0945,30,0.0977,0.0926,0.0,0.0,0.0,0.0,204
2023-05-10 09:32:45,OP90002149,沪深300ETF购12月4400,0.0,0.0,0.0,0.0,25,0.0925,0.0944,35,0.0977,0.0926,0.0,0.0,0.0,0.0,204
2023-05-10 09:32:46,OP90002149,沪深300ETF购12月4400,0.0,0.0,0.0,0.0,35,0.0925,0.0943,20,0.0977,0.0926,0.0,0.0,0.0,0.0,204
2023-05-10 09:32:46,OP90002149,沪深300ETF购12月4400,0.0,0.0,0.0,0.0,25,0.0925,0.0942,15,0.0977,0.0926,0.0,0.0,0.0,0.0,204
2023-05-10 09:32:47,OP90002149,沪深300ETF购12月4400,0.0,0.0,0.0,0.0,25,0.0925,0.0942,45,0.0977,0.0926,0.0,0.0,0.0,0.0,204
2023-05-10 09:32:47,OP90002149,沪深300ETF购12月4400,0.0,0.0,0.0,0.0,25,0.0925,0.0942,40,0.0977,0.0926,0.0,0.0,0.0,0.0,204
2023-05-10 09:32:48,OP90002149,沪深300ETF购12月4400,0.0,0.0,0.0,0.0,35,0.0925,0.0942,20,0.0977,0.0926,0.0,0.0,0.0,0.0,204
2023-05-10 09:32:48,OP90002149,沪深300ETF购12月4400,0.0,0.0,0.0,0.0,25,0.0925,0.0942,15,0.0977,0.0926,0.0,0.0,0.0,0.0,204
2023-05-10 09:32:49,OP90002149,沪深300ETF购12月4400,0.0,0.0,0.0,0.0,35,0.0925,0.0942,20,0.0977,0.0926,0.0,0.0,0.0,0.0,204
2023-05-10 09:32:49,OP90002149,沪深300ETF购12月4400,0.0,0.0,0.0,0.0,45,0.0925,0.0945,20,0.0977,0.0926,0.0,0.0,0.0,0.0,204
2023-05-10 09:32:50,OP90002149,沪深300ETF购12月4400,0.0,0.0,0.0,0.0,55,0.0925,0.0944,15,0.0977,0.0926,0.0,0.0,0.0,0.0,204
2023-05-10 09:32:50,OP90002149,沪深300ETF购12月4400,0.0,0.0,0.0,0.0,25,0.0925,0.0943,20,0.0977,0.0926,0.0,0.0,0.0,0.0,204
2023-05-10 09:32:51,OP90002149,沪深300ETF购12月4400,0.0,0.0,0.0,0.0,35,0.0925,0.0942,15,0.0977,0.0926,0.0,0.0,0.0,0.0,204
2023-05-10 09:32:51,OP90002149,沪深300ETF购12月4400,0.0,0.0,0.0,0.0,25,0.0925,0.0942,15,0.0977,0.0926,0.0,0.0,0.0,0.0,204
2023-05-10 09:32:52,OP90002149,沪深300ETF购12月4400,0.0,0.0,0.0,0.0,25,0.0925,0.0942,25,0.0977,0.0926,0.0,0.0,0.0,0.0,204
2023-05-10 09:32:52,OP90002149,沪深300ETF购12月4400,0.0,0.0,0.0,0.0,25,0.0925,0.0942,35,0.0977,0.0926,0.0,0.0,0.0,0.0,204
2023-05-10 09:32:53,OP90002149,沪深300ETF购12月4400,0.0,0.0,0.0,0.0,35,0.0925,0.0942,35,0.0977,0.0926,0.0,0.0,0.0,0.0,204
2023-05-10 09:32:53,OP90002149,沪深300ETF购12月4400,0.0,0.0,0.0,0.0,45,0.0925,0.0944,20,0.0977,0.0926,0.0,0.0,0.0,0.0,204
2023-05-10 09:32:54,OP90002149,沪深300ETF购12月4400,0.0,0.0,0.0,0.0,55,0.0925,0.0944,10,0.0977,0.0926,0.0,0.0,0.0,0.0,204
2023-05-10 09:32:54,OP90002149,沪深300ETF购12月4400,0.0,0.0,0.0,0.0,45,0.0925,0.0943,20,0.0977,0.0926,0.0,0.0,0.0,0.0,204
2023-05-10 09:32:55,OP90002149,沪深300ETF购12月4400,0.0,0.0,0.0,0.0,55,0.0925,0.0943,10,0.0977,0.0926,0.0,0.0,0.0,0.0,204
2023-05-10 09:32:55,OP90002149,沪深300ETF购12月4400,0.0,0.0,0.0,0.0,25,0.0925,0.0943,20,0.0977,0.0926,0.0,0.0,0.0,0.0,204
2023-05-10 09:32:56,OP90002149,沪深300ETF购12月4400,0.0,0.0,0.0,0.0,55,0.0925,0.0943,10,0.0977,0.0926,0.0,0.0,0.0,0.0,204
2023-05-10 09:32:56,OP90002149,沪深300ETF购12月4400,0.0,0.0,0.0,0.0,45,0.0925,0.0942,15,0.0977,0.0926,0.0,0.0,0.0,0.0,204
2023-05-10 09:32:57,OP90002149,沪深300ETF购12月4400,0.0,0.0,0.0,0.0,35,0.0925,0.0942,30,0.0977,0.0926,0.0,0.0,0.0,0.0,204
2023-05-10 09:32:57,OP90002149,沪深300ETF购12月4400,0.0,0.0,0.0,0.0,25,0.0925,0.0942,20,0.0977,0.0926,0.0,0.0,0.0,0.0,204
2023-05-10 09:32:58,OP90002149,沪深300ETF购12月4400,0.0,0.0,0.0,0.0,55,0.0925,0.0946,10,0.0977,0.0926,0.0,0.0,0.0,0.0,204
2023-05-10 09:32:58,OP90002149,沪深300ETF购12月4400,0.0,0.0,0.0,0.0,45,0.0925,0.0945,35,0.0977,0.0926,0.0,0.0,0.0,0.0,204
2023-05-10 09:32:59,OP90002149,沪深300ETF购12月4400,0.0,0.0,0.0,0.0,55,0.0925,0.0944,20,0.0977,0.0926,0.0,0.0,0.0,0.0,204
2023-05-10 09:32:59,OP90002149,沪深300ETF购12月4400,0.0,0.0,0.0,0.0,45,0.0925,0.0944,20,0.0977,0.0926,0.0,0.0,0.0,0.0,204
2023-05-10 09:33:00,OP90002149,沪深300ETF购12月4400,0.0,0.0,0.0,0.0,55,0.0925,0.0944,10,0.0977,0.0926,0.0,0.0,0.0,0.0,204
2023-05-10 09:33:00,OP90002149,沪深300ETF购12月4400,0.0,0.0,0.0,0.0,20,0.0926,0.0945,20,0.0977,0.0926,0.0,0.0,0.0,0.0,204
2023-05-10 09:33:01,OP90002149,沪深300ETF购12月4400,0.0,0.0,0.0,0.0,25,0.0927,0.0945,10,0.0977,0.0926,0.0,0.0,0.0,0.0,204
2023-05-10 09:33:01,OP90002149,沪深300ETF购12月4400,0.0,0.0,0.0,0.0,45,0.0927,0.0946,20,0.0977,0.0926,0.0,0.0,0.0,0.0,204
2023-05-10 09:33:02,OP90002149,沪深300ETF购12月4400,0.0,0.0,0.0,0.0,55,0.0927,0.0945,15,0.0977,0.0926,0.0,0.0,0.0,0.0,204
2023-05-10 09:33:02,OP90002149,沪深300ETF购12月4400,0.0,0.0,0.0,0.0,45,0.0927,0.0946,20,0.0977,0.0926,0.0,0.0,0.0,0.0,204
2023-05-10 09:33:03,OP90002149,沪深300ETF购12月4400,0.0,0.0,0.0,0.0,55,0.0927,0.0946,10,0.0977,0.0926,0.0,0.0,0.0,0.0,204
2023-05-10 09:33:03,OP90002149,沪深300ETF购12月4400,0.0,0.0,0.0,0.0,45,0.0927,0.0946,20,0.0977,0.0926,0.0,0.0,0.0,0.0,204
2023-05-10 09:33:04,OP90002149,沪深300ETF购12月4400,0.0,0.0,0.0,0.0,55,0.0927,0.0946,10,0.0977,0.0926,0.0,0.0,0.0,0.0,204
2023-05-10 09:33:04,OP90002149,沪深300ETF购12月4400,0.0,0.0,0.0,0.0,20,0.0928,0.0947,20,0.0977,0.0926,0.0,0.0,0.0,0.0,204
2023-05-10 09:33:05,OP90002149,沪深300ETF购12月4400,0.0,0.0,0.0,0.0,25,0.0929,0.0947,10,0.0977,0.0926,0.0,0.0,0.0,0.0,204
2023-05-10 09:33:05,OP90002149,沪深300ETF购12月4400,0.0,0.0,0.0,0.0,45,0.0929,0.0948,20,0.0977,0.0926,0.0,0.0,0.0,0.0,204
2023-05-10 09:33:06,OP90002149,沪深300ETF购12月4400,0.0,0.0,0.0,0.0,55,0.0929,0.0947,15,0.0977,0.0926,0.0,0.0,0.0,0.0,204
2023-05-10 09:33:06,OP90002149,沪深300ETF购12月4400,0.0,0.0,0.0,0.0,25,0.0929,0.0947,35,0.0977,0.0926,0.0,0.0,0.0,0.0,204
2023-05-10 09:33:07,OP90002149,沪深300ETF购12月4400,0.0,0.0,0.0,0.0,35,0.0929,0.0947,35,0.0977,0.0926,0.0,0.0,0.0,0.0,204
2023-05-10 09:33:07,OP90002149,沪深300ETF购12月4400,0.0,0.0,0.0,0.0,25,0.0929,0.0947,35,0.0977,0.0926,0.0,0.0,0.0,0.0,204
2023-05-10 09:33:08,OP90002149,沪深300ETF购12月4400,0.0,0.0,0.0,0.0,35,0.0929,0.0946,20,0.0977,0.0926,0.0,0.0,0.0,0.0,204
2023-05-10 09:33:08,OP90002149,沪深300ETF购12月4400,0.0,0.0,0.0,0.0,10,0.0929,0.0945,15,0.0977,0.0926,0.0,0.0,0.0,0.0,204
2023-05-10 09:33:09,OP90002149,沪深300ETF购12月4400,0.0,0.0,0.0,0.0,10,0.0929,0.0945,35,0.0977,0.0926,0.0,0.0,0.0,0.0,204
2023-05-10 09:33:09,OP90002149,沪深300ETF购12月4400,0.0,0.0,0.0,0.0,15,0.093,0.0945,35,0.0977,0.0926,0.0,0.0,0.0,0.0,204
2023-05-10 09:33:10,OP90002149,沪深300ETF购12月4400,0.0,0.0,0.0,0.0,25,0.093,0.0945,15,0.0977,0.0926,0.0,0.0,0.0,0.0,204
2023-05-10 09:33:10,OP90002149,沪深300ETF购12月4400,0.0,0.0,0.0,0.0,25,0.093,0.0945,15,0.0977,0.0926,0.0,0.0,0.0,0.0,204
2023-05-10 09:33:11,OP90002149,沪深300ETF购12月4400,0.0,0.0,0.0,0.0,25,0.093,0.0945,15,0.0977,0.0926,0.0,0.0,0.0,0.0,204
2023-05-10 09:33:12,OP90002149,沪深300ETF购12月4400,0.0,0.0,0.0,0.0,25,0.093,0.0948,50,0.0977,0.0926,0.0,0.0,0.0,0.0,204
2023-05-10 09:33:12,OP90002149,沪深300ETF购12月4400,0.0,0.0,0.0,0.0,25,0.093,0.0947,15,0.0977,0.0926,0.0,0.0,0.0,0.0,204
2023-05-10 09:33:13,OP90002149,沪深300ETF购12月4400,0.0,0.0,0.0,0.0,45,0.093,0.0949,60,0.0977,0.0926,0.0,0.0,0.0,0.0,204
2023-05-10 09:33:13,OP90002149,沪深300ETF购12月4400,0.0,0.0,0.0,0.0,20,0.0931,0.0948,15,0.0977,0.0926,0.0,0.0,0.0,0.0,204
2023-05-10 09:33:14,OP90002149,沪深300ETF购12月4400,0.0,0.0,0.0,0.0,25,0.0932,0.0948,15,0.0977,0.0926,0.0,0.0,0.0,0.0,204
2023-05-10 09:33:14,OP90002149,沪深300ETF购12月4400,0.0,0.0,0.0,0.0,25,0.0932,0.0948,15,0.0977,0.0926,0.0,0.0,0.0,0.0,204
2023-05-10 09:33:15,OP90002149,沪深300ETF购12月4400,0.0,0.0,0.0,0.0,25,0.0932,0.095,60,0.0977,0.0926,0.0,0.0,0.0,0.0,204
2023-05-10 09:33:15,OP90002149,沪深300ETF购12月4400,0.0,0.0,0.0,0.0,45,0.0932,0.095,30,0.0977,0.0926,0.0,0.0,0.0,0.0,204
2023-05-10 09:33:16,OP90002149,沪深300ETF购12月4400,0.0,0.0,0.0,0.0,65,0.0932,0.095,15,0.0977,0.0926,0.0,0.0,0.0,0.0,204
2023-05-10 09:33:16,OP90002149,沪深300ETF购12月4400,0.0,0.0,0.0,0.0,75,0.0932,0.0951,20,0.0977,0.0926,0.0,0.0,0.0,0.0,204
2023-05-10 09:33:17,OP90002149,沪深300ETF购12月4400,0.0,0.0,0.0,0.0,20,0.0933,0.0952,60,0.0977,0.0926,0.0,0.0,0.0,0.0,204
2023-05-10 09:33:17,OP90002149,沪深300ETF购12月4400,0.0,0.0,0.0,0.0,15,0.0934,0.0952,60,0.0977,0.0926,0.0,0.0,0.0,0.0,204
2023-05-10 09:33:18,OP90002149,沪深300ETF购12月4400,0.0,0.0,0.0,0.0,10,0.0935,0.0952,30,0.0977,0.0926,0.0,0.0,0.0,0.0,204
2023-05-10 09:33:18,OP90002149,沪深300ETF购12月4400,0.0,0.0,0.0,0.0,15,0.0936,0.0954,20,0.0977,0.0926,0.0,0.0,0.0,0.0,204
2023-05-10 09:33:19,OP90002149,沪深300ETF购12月4400,0.0,0.0,0.0,0.0,10,0.0937,0.0953,15,0.0977,0.0926,0.0,0.0,0.0,0.0,204
2023-05-10 09:33:19,OP90002149,沪深300ETF购12月4400,0.0,0.0,0.0,0.0,15,0.0938,0.0955,20,0.0977,0.0926,0.0,0.0,0.0,0.0,204
2023-05-10 09:33:20,OP90002149,沪深300ETF购12月4400,0.0,0.0,0.0,0.0,10,0.0939,0.0956,20,0.0977,0.0926,0.0,0.0,0.0,0.0,204
2023-05-10 09:33:20,OP90002149,沪深300ETF购12月4400,0.0,0.0,0.0,0.0,15,0.094,0.0955,15,0.0977,0.0926,0.0,0.0,0.0,0.0,204
2023-05-10 09:33:21,OP90002149,沪深300ETF购12月4400,0.0,0.0,0.0,0.0,10,0.0941,0.0955,15,0.0977,0.0926,0.0,0.0,0.0,0.0,204
2023-05-10 09:33:21,OP90002149,沪深300ETF购12月4400,0.0,0.0,0.0,0.0,15,0.0942,0.0955,15,0.0977,0.0926,0.0,0.0,0.0,0.0,204
2023-05-10 09:33:22,OP90002149,沪深300ETF购12月4400,0.0,0.0,0.0,0.0,15,0.0942,0.0955,15,0.0977,0.0926,0.0,0.0,0.0,0.0,204
2023-05-10 09:33:22,OP90002149,沪深300ETF购12月4400,0.0,0.0,0.0,0.0,15,0.0942,0.0955,15,0.0977,0.0926,0.0,0.0,0.0,0.0,204
2023-05-10 09:33:23,OP90002149,沪深300ETF购12月4400,0.0,0.0,0.0,0.0,10,0.0943,0.0955,15,0.0977,0.0926,0.0,0.0,0.0,0.0,204
2023-05-10 09:33:24,OP90002149,沪深300ETF购12月4400,0.0,0.0,0.0,0.0,15,0.0944,0.0955,15,0.0977,0.0926,0.0,0.0,0.0,0.0,204
2023-05-10 09:33:24,OP90002149,沪深300ETF购12月4400,0.0,0.0,0.0,0.0,15,0.0944,0.0955,15,0.0977,0.0926,0.0,0.0,0.0,0.0,204
2023-05-10 09:33:25,OP90002149,沪深300ETF购12月4400,0.0,0.0,0.0,0.0,25,0.0944,0.0955,15,0.0977,0.0926,0.0,0.0,0.0,0.0,204
2023-05-10 09:33:26,OP90002149,沪深300ETF购12月4400,0.0,0.0,0.0,0.0,10,0.0944,0.0955,15,0.0977,0.0926,0.0,0.0,0.0,0.0,204
2023-05-10 09:33:26,OP90002149,沪深300ETF购12月4400,0.0,0.0,0.0,0.0,10,0.0941,0.0955,15,0.0977,0.0926,0.0,0.0,0.0,0.0,204
2023-05-10 09:33:27,OP90002149,沪深300ETF购12月4400,0.0,0.0,0.0,0.0,15,0.0942,0.0955,15,0.0977,0.0926,0.0,0.0,0.0,0.0,204
2023-05-10 09:33:27,OP90002149,沪深300ETF购12月4400,0.0,0.0,0.0,0.0,10,0.0943,0.0955,15,0.0977,0.0926,0.0,0.0,0.0,0.0,204
2023-05-10 09:33:28,OP90002149,沪深300ETF购12月4400,0.0,0.0,0.0,0.0,15,0.0944,0.0955,15,0.0977,0.0926,0.0,0.0,0.0,0.0,204
2023-05-10 09:33:28,OP90002149,沪深300ETF购12月4400,0.0,0.0,0.0,0.0,10,0.0945,0.0958,30,0.0977,0.0926,0.0,0.0,0.0,0.0,204
2023-05-10 09:33:29,OP90002149,沪深300ETF购12月4400,0.0,0.0,0.0,0.0,25,0.0945,0.0957,15,0.0977,0.0926,0.0,0.0,0.0,0.0,204
2023-05-10 09:33:29,OP90002149,沪深300ETF购12月4400,0.0,0.0,0.0,0.0,25,0.0945,0.0957,15,0.0977,0.0926,0.0,0.0,0.0,0.0,204
2023-05-10 09:33:30,OP90002149,沪深300ETF购12月4400,0.0,0.0,0.0,0.0,25,0.0945,0.096,40,0.0977,0.0926,0.0,0.0,0.0,0.0,204
2023-05-10 09:33:30,OP90002149,沪深300ETF购12月4400,0.0,0.0,0.0,0.0,25,0.0945,0.0959,15,0.0977,0.0926,0.0,0.0,0.0,0.0,204
2023-05-10 09:33:31,OP90002149,沪深300ETF购12月4400,0.0,0.0,0.0,0.0,25,0.0945,0.0959,15,0.0977,0.0926,0.0,0.0,0.0,0.0,204
2023-05-10 09:33:31,OP90002149,沪深300ETF购12月4400,0.0,0.0,0.0,0.0,10,0.0945,0.0959,15,0.0977,0.0926,0.0,0.0,0.0,0.0,204
2023-05-10 09:33:32,OP90002149,沪深300ETF购12月4400,0.0,0.0,0.0,0.0,20,0.0943,0.0959,15,0.0977,0.0926,0.0,0.0,0.0,0.0,204
2023-05-10 09:33:32,OP90002149,沪深300ETF购12月4400,0.0,0.0,0.0,0.0,25,0.0943,0.0959,15,0.0977,0.0926,0.0,0.0,0.0,0.0,204
2023-05-10 09:33:33,OP90002149,沪深300ETF购12月4400,0.0,0.0,0.0,0.0,25,0.0943,0.0959,15,0.0977,0.0926,0.0,0.0,0.0,0.0,204
2023-05-10 09:33:33,OP90002149,沪深300ETF购12月4400,0.0,0.0,0.0,0.0,25,0.0943,0.0959,15,0.0977,0.0926,0.0,0.0,0.0,0.0,204
2023-05-10 09:33:35,OP90002149,沪深300ETF购12月4400,0.0,0.0,0.0,0.0,10,0.0943,0.0959,15,0.0977,0.0926,0.0,0.0,0.0,0.0,204
2023-05-10 09:33:35,OP90002149,沪深300ETF购12月4400,0.0,0.0,0.0,0.0,15,0.0943,0.0959,15,0.0977,0.0926,0.0,0.0,0.0,0.0,204
2023-05-10 09:33:36,OP90002149,沪深300ETF购12月4400,0.0,0.0,0.0,0.0,25,0.0943,0.0959,15,0.0977,0.0926,0.0,0.0,0.0,0.0,204
2023-05-10 09:33:40,OP90002149,沪深300ETF购12月4400,0.0,0.0,0.0,0.0,10,0.0943,0.0959,15,0.0977,0.0926,0.0,0.0,0.0,0.0,204
2023-05-10 09:33:40,OP90002149,沪深300ETF购12月4400,0.0,0.0,0.0,0.0,15,0.0943,0.0959,15,0.0977,0.0926,0.0,0.0,0.0,0.0,204
2023-05-10 09:33:41,OP90002149,沪深300ETF购12月4400,0.0,0.0,0.0,0.0,10,0.0942,0.0959,35,0.0977,0.0926,0.0,0.0,0.0,0.0,204
2023-05-10 09:33:41,OP90002149,沪深300ETF购12月4400,0.0,0.0,0.0,0.0,40,0.094,0.0957,20,0.0977,0.0926,0.0,0.0,0.0,0.0,204
2023-05-10 09:33:42,OP90002149,沪深300ETF购12月4400,0.0,0.0,0.0,0.0,10,0.0941,0.0956,20,0.0977,0.0926,0.0,0.0,0.0,0.0,204
2023-05-10 09:33:42,OP90002149,沪深300ETF购12月4400,0.0,0.0,0.0,0.0,10,0.0939,0.0955,15,0.0977,0.0926,0.0,0.0,0.0,0.0,204
2023-05-10 09:33:43,OP90002149,沪深300ETF购12月4400,0.0,0.0,0.0,0.0,10,0.0939,0.0955,35,0.0977,0.0926,0.0,0.0,0.0,0.0,204
2023-05-10 09:33:43,OP90002149,沪深300ETF购12月4400,0.0,0.0,0.0,0.0,10,0.0939,0.0955,35,0.0977,0.0926,0.0,0.0,0.0,0.0,204
2023-05-10 09:33:44,OP90002149,沪深300ETF购12月4400,0.0,0.0,0.0,0.0,10,0.0938,0.0955,35,0.0977,0.0926,0.0,0.0,0.0,0.0,204
2023-05-10 09:33:44,OP90002149,沪深300ETF购12月4400,0.0,0.0,0.0,0.0,15,0.0939,0.0955,35,0.0977,0.0926,0.0,0.0,0.0,0.0,204
2023-05-10 09:33:45,OP90002149,沪深300ETF购12月4400,0.0,0.0,0.0,0.0,10,0.094,0.0955,15,0.0977,0.0926,0.0,0.0,0.0,0.0,204
2023-05-10 09:33:45,OP90002149,沪深300ETF购12月4400,0.0,0.0,0.0,0.0,10,0.094,0.0955,15,0.0977,0.0926,0.0,0.0,0.0,0.0,204
2023-05-10 09:33:46,OP90002149,沪深300ETF购12月4400,0.0,0.0,0.0,0.0,25,0.094,0.0955,15,0.0977,0.0926,0.0,0.0,0.0,0.0,204
2023-05-10 09:33:48,OP90002149,沪深300ETF购12月4400,0.0,0.0,0.0,0.0,25,0.094,0.0955,15,0.0977,0.0926,0.0,0.0,0.0,0.0,204
2023-05-10 09:33:52,OP90002149,沪深300ETF购12月4400,0.0,0.0,0.0,0.0,10,0.094,0.0955,35,0.0977,0.0926,0.0,0.0,0.0,0.0,204
2023-05-10 09:33:53,OP90002149,沪深300ETF购12月4400,0.0,0.0,0.0,0.0,10,0.0937,0.0955,35,0.0977,0.0926,0.0,0.0,0.0,0.0,204
2023-05-10 09:33:53,OP90002149,沪深300ETF购12月4400,0.0,0.0,0.0,0.0,15,0.0938,0.0955,35,0.0977,0.0926,0.0,0.0,0.0,0.0,204
2023-05-10 09:33:54,OP90002149,沪深300ETF购12月4400,0.0,0.0,0.0,0.0,10,0.0939,0.0955,35,0.0977,0.0926,0.0,0.0,0.0,0.0,204
2023-05-10 09:33:54,OP90002149,沪深300ETF购12月4400,0.0,0.0,0.0,0.0,15,0.094,0.0955,15,0.0977,0.0926,0.0,0.0,0.0,0.0,204
2023-05-10 09:33:55,OP90002149,沪深300ETF购12月4400,0.0,0.0,0.0,0.0,10,0.0941,0.0955,15,0.0977,0.0926,0.0,0.0,0.0,0.0,204
2023-05-10 09:33:56,OP90002149,沪深300ETF购12月4400,0.0,0.0,0.0,0.0,25,0.0938,0.0954,20,0.0977,0.0926,0.0,0.0,0.0,0.0,204
2023-05-10 09:33:56,OP90002149,沪深300ETF购12月4400,0.0,0.0,0.0,0.0,25,0.0938,0.0953,15,0.0977,0.0926,0.0,0.0,0.0,0.0,204
2023-05-10 09:33:57,OP90002149,沪深300ETF购12月4400,0.0,0.0,0.0,0.0,25,0.0938,0.0953,15,0.0977,0.0926,0.0,0.0,0.0,0.0,204
2023-05-10 09:33:57,OP90002149,沪深300ETF购12月4400,0.0,0.0,0.0,0.0,25,0.0938,0.0953,15,0.0977,0.0926,0.0,0.0,0.0,0.0,204
2023-05-10 09:33:58,OP90002149,沪深300ETF购12月4400,0.0,0.0,0.0,0.0,25,0.0938,0.0953,15,0.0977,0.0926,0.0,0.0,0.0,0.0,204
2023-05-10 09:33:58,OP90002149,沪深300ETF购12月4400,0.0,0.0,0.0,0.0,25,0.0938,0.0953,15,0.0977,0.0926,0.0,0.0,0.0,0.0,204
2023-05-10 09:33:59,OP90002149,沪深300ETF购12月4400,0.0,0.0,0.0,0.0,25,0.0938,0.0953,15,0.0977,0.0926,0.0,0.0,0.0,0.0,204
2023-05-10 09:33:59,OP90002149,沪深300ETF购12月4400,0.0,0.0,0.0,0.0,25,0.0938,0.0953,15,0.0977,0.0926,0.0,0.0,0.0,0.0,204
2023-05-10 09:34:00,OP90002149,沪深300ETF购12月4400,0.0,0.0,0.0,0.0,25,0.0938,0.0953,15,0.0977,0.0926,0.0,0.0,0.0,0.0,204
2023-05-10 09:34:00,OP90002149,沪深300ETF购12月4400,0.0,0.0,0.0,0.0,25,0.0938,0.0953,15,0.0977,0.0926,0.0,0.0,0.0,0.0,204
2023-05-10 09:34:01,OP90002149,沪深300ETF购12月4400,0.0,0.0,0.0,0.0,25,0.0938,0.0953,15,0.0977,0.0926,0.0,0.0,0.0,0.0,204
2023-05-10 09:34:01,OP90002149,沪深300ETF购12月4400,0.0,0.0,0.0,0.0,25,0.0938,0.0953,15,0.0977,0.0926,0.0,0.0,0.0,0.0,204
2023-05-10 09:34:02,OP90002149,沪深300ETF购12月4400,0.0,0.0,0.0,0.0,25,0.0938,0.0953,15,0.0977,0.0926,0.0,0.0,0.0,0.0,204
2023-05-10 09:34:02,OP90002149,沪深300ETF购12月4400,0.0,0.0,0.0,0.0,25,0.0938,0.0953,15,0.0977,0.0926,0.0,0.0,0.0,0.0,204
2023-05-10 09:34:03,OP90002149,沪深300ETF购12月4400,0.0,0.0,0.0,0.0,25,0.0938,0.0953,15,0.0977,0.0926,0.0,0.0,0.0,0.0,204
2023-05-10 09:34:03,OP90002149,沪深300ETF购12月4400,0.0,0.0,0.0,0.0,10,0.0938,0.0953,15,0.0977,0.0926,0.0,0.0,0.0,0.0,204
2023-05-10 09:34:04,OP90002149,沪深300ETF购12月4400,0.0,0.0,0.0,0.0,10,0.0936,0.0953,35,0.0977,0.0926,0.0,0.0,0.0,0.0,204
2023-05-10 09:34:04,OP90002149,沪深300ETF购12月4400,0.0,0.0,0.0,0.0,15,0.0937,0.0953,35,0.0977,0.0926,0.0,0.0,0.0,0.0,204
2023-05-10 09:34:05,OP90002149,沪深300ETF购12月4400,0.0,0.0,0.0,0.0,20,0.0934,0.0952,20,0.0977,0.0926,0.0,0.0,0.0,0.0,204
2023-05-10 09:34:05,OP90002149,沪深300ETF购12月4400,0.0,0.0,0.0,0.0,15,0.0935,0.0951,15,0.0977,0.0926,0.0,0.0,0.0,0.0,204
2023-05-10 09:34:06,OP90002149,沪深300ETF购12月4400,0.0,0.0,0.0,0.0,10,0.0936,0.0951,15,0.0977,0.0926,0.0,0.0,0.0,0.0,204
2023-05-10 09:34:06,OP90002149,沪深300ETF购12月4400,0.0,0.0,0.0,0.0,20,0.0933,0.0951,15,0.0977,0.0926,0.0,0.0,0.0,0.0,204
2023-05-10 09:34:07,OP90002149,沪深300ETF购12月4400,0.0,0.0,0.0,0.0,15,0.0934,0.095,20,0.0977,0.0926,0.0,0.0,0.0,0.0,204
2023-05-10 09:34:07,OP90002149,沪深300ETF购12月4400,0.0,0.0,0.0,0.0,10,0.0935,0.0949,15,0.0977,0.0926,0.0,0.0,0.0,0.0,204
2023-05-10 09:34:08,OP90002149,沪深300ETF购12月4400,0.0,0.0,0.0,0.0,15,0.0936,0.0949,15,0.0977,0.0926,0.0,0.0,0.0,0.0,204
2023-05-10 09:34:08,OP90002149,沪深300ETF购12月4400,0.0,0.0,0.0,0.0,10,0.0937,0.0949,15,0.0977,0.0926,0.0,0.0,0.0,0.0,204
2023-05-10 09:34:09,OP90002149,沪深300ETF购12月4400,0.0,0.0,0.0,0.0,15,0.0938,0.0949,15,0.0977,0.0926,0.0,0.0,0.0,0.0,204
2023-05-10 09:34:09,OP90002149,沪深300ETF购12月4400,0.0,0.0,0.0,0.0,25,0.0938,0.0949,15,0.0977,0.0926,0.0,0.0,0.0,0.0,204
2023-05-10 09:34:10,OP90002149,沪深300ETF购12月4400,0.0,0.0,0.0,0.0,25,0.0938,0.0949,15,0.0977,0.0926,0.0,0.0,0.0,0.0,204
2023-05-10 09:34:10,OP90002149,沪深300ETF购12月4400,0.0,0.0,0.0,0.0,25,0.0938,0.0949,15,0.0977,0.0926,0.0,0.0,0.0,0.0,204
2023-05-10 09:34:11,OP90002149,沪深300ETF购12月4400,0.0,0.0,0.0,0.0,10,0.0938,0.0949,15,0.0977,0.0926,0.0,0.0,0.0,0.0,204
2023-05-10 09:34:11,OP90002149,沪深300ETF购12月4400,0.0,0.0,0.0,0.0,10,0.0934,0.0949,15,0.0977,0.0926,0.0,0.0,0.0,0.0,204
2023-05-10 09:34:12,OP90002149,沪深300ETF购12月4400,0.0,0.0,0.0,0.0,15,0.0935,0.0949,15,0.0977,0.0926,0.0,0.0,0.0,0.0,204
2023-05-10 09:34:12,OP90002149,沪深300ETF购12月4400,0.0,0.0,0.0,0.0,10,0.0936,0.0949,15,0.0977,0.0926,0.0,0.0,0.0,0.0,204
2023-05-10 09:34:13,OP90002149,沪深300ETF购12月4400,0.0,0.0,0.0,0.0,25,0.0936,0.0949,15,0.0977,0.0926,0.0,0.0,0.0,0.0,204
2023-05-10 09:34:13,OP90002149,沪深300ETF购12月4400,0.0,0.0,0.0,0.0,25,0.0936,0.0949,15,0.0977,0.0926,0.0,0.0,0.0,0.0,204
2023-05-10 09:34:14,OP90002149,沪深300ETF购12月4400,0.0,0.0,0.0,0.0,15,0.0936,0.0949,15,0.0977,0.0926,0.0,0.0,0.0,0.0,204
2023-05-10 09:34:14,OP90002149,沪深300ETF购12月4400,0.0,0.0,0.0,0.0,25,0.0936,0.0949,15,0.0977,0.0926,0.0,0.0,0.0,0.0,204
2023-05-10 09:34:15,OP90002149,沪深300ETF购12月4400,0.0,0.0,0.0,0.0,10,0.0936,0.0949,15,0.0977,0.0926,0.0,0.0,0.0,0.0,204
2023-05-10 09:34:20,OP90002149,沪深300ETF购12月4400,0.0,0.0,0.0,0.0,10,0.0936,0.0949,15,0.0977,0.0926,0.0,0.0,0.0,0.0,204
2023-05-10 09:34:20,OP90002149,沪深300ETF购12月4400,0.0,0.0,0.0,0.0,10,0.0933,0.0949,15,0.0977,0.0926,0.0,0.0,0.0,0.0,204
2023-05-10 09:34:21,OP90002149,沪深300ETF购12月4400,0.0,0.0,0.0,0.0,15,0.0934,0.0949,15,0.0977,0.0926,0.0,0.0,0.0,0.0,204
2023-05-10 09:34:21,OP90002149,沪深300ETF购12月4400,0.0,0.0,0.0,0.0,10,0.0935,0.0949,15,0.0977,0.0926,0.0,0.0,0.0,0.0,204
2023-05-10 09:34:22,OP90002149,沪深300ETF购12月4400,0.0,0.0,0.0,0.0,15,0.0936,0.0949,15,0.0977,0.0926,0.0,0.0,0.0,0.0,204
2023-05-10 09:34:22,OP90002149,沪深300ETF购12月4400,0.0,0.0,0.0,0.0,10,0.0935,0.0949,15,0.0977,0.0926,0.0,0.0,0.0,0.0,204
2023-05-10 09:34:23,OP90002149,沪深300ETF购12月4400,0.0,0.0,0.0,0.0,15,0.0935,0.0949,15,0.0977,0.0926,0.0,0.0,0.0,0.0,204
2023-05-10 09:34:23,OP90002149,沪深300ETF购12月4400,0.0,0.0,0.0,0.0,25,0.0935,0.0949,15,0.0977,0.0926,0.0,0.0,0.0,0.0,204
2023-05-10 09:34:26,OP90002149,沪深300ETF购12月4400,0.0,0.0,0.0,0.0,10,0.0935,0.0949,15,0.0977,0.0926,0.0,0.0,0.0,0.0,204
2023-05-10 09:34:26,OP90002149,沪深300ETF购12月4400,0.0,0.0,0.0,0.0,10,0.0933,0.0949,15,0.0977,0.0926,0.0,0.0,0.0,0.0,204
2023-05-10 09:34:27,OP90002149,沪深300ETF购12月4400,0.0,0.0,0.0,0.0,10,0.0933,0.0949,15,0.0977,0.0926,0.0,0.0,0.0,0.0,204
2023-05-10 09:34:27,OP90002149,沪深300ETF购12月4400,0.0,0.0,0.0,0.0,15,0.0934,0.0949,15,0.0977,0.0926,0.0,0.0,0.0,0.0,204
2023-05-10 09:34:28,OP90002149,沪深300ETF购12月4400,0.0,0.0,0.0,0.0,10,0.0935,0.0949,15,0.0977,0.0926,0.0,0.0,0.0,0.0,204
2023-05-10 09:34:28,OP90002149,沪深300ETF购12月4400,0.0,0.0,0.0,0.0,10,0.0935,0.0949,35,0.0977,0.0926,0.0,0.0,0.0,0.0,204
2023-05-10 09:34:29,OP90002149,沪深300ETF购12月4400,0.0,0.0,0.0,0.0,10,0.0932,0.0949,35,0.0977,0.0926,0.0,0.0,0.0,0.0,204
2023-05-10 09:34:29,OP90002149,沪深300ETF购12月4400,0.0,0.0,0.0,0.0,15,0.0933,0.0949,35,0.0977,0.0926,0.0,0.0,0.0,0.0,204
2023-05-10 09:34:30,OP90002149,沪深300ETF购12月4400,0.0,0.0,0.0,0.0,10,0.0934,0.0949,35,0.0977,0.0926,0.0,0.0,0.0,0.0,204
2023-05-10 09:34:30,OP90002149,沪深300ETF购12月4400,0.0,0.0,0.0,0.0,25,0.0934,0.0949,35,0.0977,0.0926,0.0,0.0,0.0,0.0,204
2023-05-10 09:34:31,OP90002149,沪深300ETF购12月4400,0.0,0.0,0.0,0.0,10,0.0934,0.0949,35,0.0977,0.0926,0.0,0.0,0.0,0.0,204
2023-05-10 09:34:31,OP90002149,沪深300ETF购12月4400,0.0,0.0,0.0,0.0,20,0.0931,0.0949,35,0.0977,0.0926,0.0,0.0,0.0,0.0,204
2023-05-10 09:34:32,OP90002149,沪深300ETF购12月4400,0.0,0.0,0.0,0.0,15,0.0932,0.0949,35,0.0977,0.0926,0.0,0.0,0.0,0.0,204
2023-05-10 09:34:32,OP90002149,沪深300ETF购12月4400,0.0,0.0,0.0,0.0,10,0.0933,0.0949,35,0.0977,0.0926,0.0,0.0,0.0,0.0,204
2023-05-10 09:34:33,OP90002149,沪深300ETF购12月4400,0.0,0.0,0.0,0.0,10,0.0933,0.0948,20,0.0977,0.0926,0.0,0.0,0.0,0.0,204
2023-05-10 09:34:33,OP90002149,沪深300ETF购12月4400,0.0,0.0,0.0,0.0,20,0.093,0.0947,15,0.0977,0.0926,0.0,0.0,0.0,0.0,204
2023-05-10 09:34:34,OP90002149,沪深300ETF购12月4400,0.0,0.0,0.0,0.0,10,0.093,0.0947,35,0.0977,0.0926,0.0,0.0,0.0,0.0,204
2023-05-10 09:34:34,OP90002149,沪深300ETF购12月4400,0.0,0.0,0.0,0.0,25,0.093,0.0947,35,0.0977,0.0926,0.0,0.0,0.0,0.0,204
2023-05-10 09:34:36,OP90002149,沪深300ETF购12月4400,0.0,0.0,0.0,0.0,25,0.093,0.0947,35,0.0977,0.0926,0.0,0.0,0.0,0.0,204
2023-05-10 09:34:36,OP90002149,沪深300ETF购12月4400,0.0,0.0,0.0,0.0,25,0.093,0.0947,35,0.0977,0.0926,0.0,0.0,0.0,0.0,204
2023-05-10 09:34:37,OP90002149,沪深300ETF购12月4400,0.0,0.0,0.0,0.0,25,0.093,0.0947,35,0.0977,0.0926,0.0,0.0,0.0,0.0,204
2023-05-10 09:34:37,OP90002149,沪深300ETF购12月4400,0.0,0.0,0.0,0.0,25,0.093,0.0947,15,0.0977,0.0926,0.0,0.0,0.0,0.0,204
2023-05-10 09:34:38,OP90002149,沪深300ETF购12月4400,0.0,0.0,0.0,0.0,25,0.093,0.0947,15,0.0977,0.0926,0.0,0.0,0.0,0.0,204
2023-05-10 09:34:38,OP90002149,沪深300ETF购12月4400,0.0,0.0,0.0,0.0,25,0.093,0.0947,35,0.0977,0.0926,0.0,0.0,0.0,0.0,204
2023-05-10 09:34:39,OP90002149,沪深300ETF购12月4400,0.0,0.0,0.0,0.0,25,0.093,0.0947,35,0.0977,0.0926,0.0,0.0,0.0,0.0,204
2023-05-10 09:34:39,OP90002149,沪深300ETF购12月4400,0.0,0.0,0.0,0.0,25,0.093,0.0947,35,0.0977,0.0926,0.0,0.0,0.0,0.0,204
2023-05-10 09:34:41,OP90002149,沪深300ETF购12月4400,0.0,0.0,0.0,0.0,25,0.093,0.0947,35,0.0977,0.0926,0.0,0.0,0.0,0.0,204
2023-05-10 09:34:42,OP90002149,沪深300ETF购12月4400,0.0,0.0,0.0,0.0,45,0.093,0.0947,15,0.0977,0.0926,0.0,0.0,0.0,0.0,204
2023-05-10 09:34:44,OP90002149,沪深300ETF购12月4400,0.0,0.0,0.0,0.0,25,0.093,0.0947,35,0.0977,0.0926,0.0,0.0,0.0,0.0,204
2023-05-10 09:34:44,OP90002149,沪深300ETF购12月4400,0.0,0.0,0.0,0.0,25,0.093,0.0947,35,0.0977,0.0926,0.0,0.0,0.0,0.0,204
2023-05-10 09:34:45,OP90002149,沪深300ETF购12月4400,0.0,0.0,0.0,0.0,25,0.093,0.0947,35,0.0977,0.0926,0.0,0.0,0.0,0.0,204
2023-05-10 09:34:47,OP90002149,沪深300ETF购12月4400,0.0,0.0,0.0,0.0,25,0.093,0.0947,35,0.0977,0.0926,0.0,0.0,0.0,0.0,204
2023-05-10 09:34:48,OP90002149,沪深300ETF购12月4400,0.0,0.0,0.0,0.0,45,0.093,0.0947,15,0.0977,0.0926,0.0,0.0,0.0,0.0,204
2023-05-10 09:34:50,OP90002149,沪深300ETF购12月4400,0.0,0.0,0.0,0.0,65,0.093,0.0947,15,0.0977,0.0926,0.0,0.0,0.0,0.0,204
2023-05-10 09:34:51,OP90002149,沪深300ETF购12月4400,0.0,0.0,0.0,0.0,45,0.093,0.0947,15,0.0977,0.0926,0.0,0.0,0.0,0.0,204
2023-05-10 09:34:52,OP90002149,沪深300ETF购12月4400,0.0,0.0,0.0,0.0,45,0.093,0.0949,40,0.0977,0.0926,0.0,0.0,0.0,0.0,204
2023-05-10 09:34:52,OP90002149,沪深300ETF购12月4400,0.0,0.0,0.0,0.0,20,0.0931,0.0949,15,0.0977,0.0926,0.0,0.0,0.0,0.0,204
2023-05-10 09:34:53,OP90002149,沪深300ETF购12月4400,0.0,0.0,0.0,0.0,25,0.0932,0.0949,25,0.0977,0.0926,0.0,0.0,0.0,0.0,204
2023-05-10 09:34:53,OP90002149,沪深300ETF购12月4400,0.0,0.0,0.0,0.0,45,0.0932,0.0949,15,0.0977,0.0926,0.0,0.0,0.0,0.0,204
2023-05-10 09:34:54,OP90002149,沪深300ETF购12月4400,0.0,0.0,0.0,0.0,55,0.0932,0.0949,15,0.0977,0.0926,0.0,0.0,0.0,0.0,204
2023-05-10 09:34:54,OP90002149,沪深300ETF购12月4400,0.0,0.0,0.0,0.0,75,0.0932,0.0949,15,0.0977,0.0926,0.0,0.0,0.0,0.0,204
2023-05-10 09:34:55,OP90002149,沪深300ETF购12月4400,0.0,0.0,0.0,0.0,55,0.0932,0.0949,35,0.0977,0.0926,0.0,0.0,0.0,0.0,204
2023-05-10 09:34:55,OP90002149,沪深300ETF购12月4400,0.0,0.0,0.0,0.0,35,0.0932,0.0949,35,0.0977,0.0926,0.0,0.0,0.0,0.0,204
2023-05-10 09:34:56,OP90002149,沪深300ETF购12月4400,0.0,0.0,0.0,0.0,45,0.0932,0.0949,15,0.0977,0.0926,0.0,0.0,0.0,0.0,204
2023-05-10 09:34:56,OP90002149,沪深300ETF购12月4400,0.0,0.0,0.0,0.0,35,0.0932,0.0949,15,0.0977,0.0926,0.0,0.0,0.0,0.0,204
2023-05-10 09:34:57,OP90002149,沪深300ETF购12月4400,0.0,0.0,0.0,0.0,25,0.0932,0.0949,15,0.0977,0.0926,0.0,0.0,0.0,0.0,204
2023-05-10 09:34:57,OP90002149,沪深300ETF购12月4400,0.0,0.0,0.0,0.0,25,0.0932,0.0949,15,0.0977,0.0926,0.0,0.0,0.0,0.0,204
2023-05-10 09:34:59,OP90002149,沪深300ETF购12月4400,0.0,0.0,0.0,0.0,25,0.0932,0.0949,15,0.0977,0.0926,0.0,0.0,0.0,0.0,204
2023-05-10 09:35:00,OP90002149,沪深300ETF购12月4400,0.0,0.0,0.0,0.0,45,0.0932,0.0949,15,0.0977,0.0926,0.0,0.0,0.0,0.0,204
2023-05-10 09:35:01,OP90002149,沪深300ETF购12月4400,0.0,0.0,0.0,0.0,45,0.0932,0.0949,15,0.0977,0.0926,0.0,0.0,0.0,0.0,204
2023-05-10 09:35:01,OP90002149,沪深300ETF购12月4400,0.0,0.0,0.0,0.0,25,0.0932,0.0949,15,0.0977,0.0926,0.0,0.0,0.0,0.0,204
2023-05-10 09:35:02,OP90002149,沪深300ETF购12月4400,0.0,0.0,0.0,0.0,25,0.0932,0.0948,10,0.0977,0.0926,0.0,0.0,0.0,0.0,204
2023-05-10 09:35:02,OP90002149,沪深300ETF购12月4400,0.0,0.0,0.0,0.0,10,0.0932,0.0947,15,0.0977,0.0926,0.0,0.0,0.0,0.0,204
2023-05-10 09:35:03,OP90002149,沪深300ETF购12月4400,0.0,0.0,0.0,0.0,20,0.093,0.0947,35,0.0977,0.0926,0.0,0.0,0.0,0.0,204
2023-05-10 09:35:03,OP90002149,沪深300ETF购12月4400,0.0,0.0,0.0,0.0,10,0.093,0.0947,35,0.0977,0.0926,0.0,0.0,0.0,0.0,204
2023-05-10 09:35:04,OP90002149,沪深300ETF购12月4400,0.0,0.0,0.0,0.0,30,0.0928,0.0947,35,0.0977,0.0926,0.0,0.0,0.0,0.0,204
2023-05-10 09:35:04,OP90002149,沪深300ETF购12月4400,0.0,0.0,0.0,0.0,10,0.0928,0.0946,20,0.0977,0.0926,0.0,0.0,0.0,0.0,204
2023-05-10 09:35:05,OP90002149,沪深300ETF购12月4400,0.0,0.0,0.0,0.0,25,0.0928,0.0945,15,0.0977,0.0926,0.0,0.0,0.0,0.0,204
2023-05-10 09:35:05,OP90002149,沪深300ETF购12月4400,0.0,0.0,0.0,0.0,10,0.0928,0.0945,35,0.0977,0.0926,0.0,0.0,0.0,0.0,204
2023-05-10 09:35:06,OP90002149,沪深300ETF购12月4400,0.0,0.0,0.0,0.0,10,0.0929,0.0944,20,0.0977,0.0926,0.0,0.0,0.0,0.0,204
2023-05-10 09:35:06,OP90002149,沪深300ETF购12月4400,0.0,0.0,0.0,0.0,20,0.0928,0.0943,15,0.0977,0.0926,0.0,0.0,0.0,0.0,204
2023-05-10 09:35:07,OP90002149,沪深300ETF购12月4400,0.0,0.0,0.0,0.0,20,0.0928,0.0943,35,0.0977,0.0926,0.0,0.0,0.0,0.0,204
2023-05-10 09:35:07,OP90002149,沪深300ETF购12月4400,0.0,0.0,0.0,0.0,10,0.0928,0.0943,35,0.0977,0.0926,0.0,0.0,0.0,0.0,204
2023-05-10 09:35:08,OP90002149,沪深300ETF购12月4400,0.0,0.0,0.0,0.0,30,0.0926,0.0943,15,0.0977,0.0926,0.0,0.0,0.0,0.0,204
2023-05-10 09:35:08,OP90002149,沪深300ETF购12月4400,0.0,0.0,0.0,0.0,15,0.0927,0.0943,15,0.0977,0.0926,0.0,0.0,0.0,0.0,204
2023-05-10 09:35:09,OP90002149,沪深300ETF购12月4400,0.0,0.0,0.0,0.0,10,0.0928,0.0943,15,0.0977,0.0926,0.0,0.0,0.0,0.0,204
2023-05-10 09:35:09,OP90002149,沪深300ETF购12月4400,0.0,0.0,0.0,0.0,15,0.0929,0.0943,15,0.0977,0.0926,0.0,0.0,0.0,0.0,204
2023-05-10 09:35:10,OP90002149,沪深300ETF购12月4400,0.0,0.0,0.0,0.0,10,0.093,0.0943,15,0.0977,0.0926,0.0,0.0,0.0,0.0,204
2023-05-10 09:35:10,OP90002149,沪深300ETF购12月4400,0.0,0.0,0.0,0.0,15,0.0931,0.0946,30,0.0977,0.0926,0.0,0.0,0.0,0.0,204
2023-05-10 09:35:11,OP90002149,沪深300ETF购12月4400,0.0,0.0,0.0,0.0,10,0.0932,0.0945,15,0.0977,0.0926,0.0,0.0,0.0,0.0,204
2023-05-10 09:35:11,OP90002149,沪深300ETF购12月4400,0.0,0.0,0.0,0.0,25,0.0932,0.0945,25,0.0977,0.0926,0.0,0.0,0.0,0.0,204
2023-05-10 09:35:12,OP90002149,沪深300ETF购12月4400,0.0,0.0,0.0,0.0,25,0.0932,0.0945,15,0.0977,0.0926,0.0,0.0,0.0,0.0,204
2023-05-10 09:35:12,OP90002149,沪深300ETF购12月4400,0.0,0.0,0.0,0.0,10,0.0932,0.0945,15,0.0977,0.0926,0.0,0.0,0.0,0.0,204
2023-05-10 09:35:13,OP90002149,沪深300ETF购12月4400,0.0,0.0,0.0,0.0,10,0.0929,0.0945,25,0.0977,0.0926,0.0,0.0,0.0,0.0,204
2023-05-10 09:35:13,OP90002149,沪深300ETF购12月4400,0.0,0.0,0.0,0.0,15,0.093,0.0945,25,0.0977,0.0926,0.0,0.0,0.0,0.0,204
2023-05-10 09:35:14,OP90002149,沪深300ETF购12月4400,0.0,0.0,0.0,0.0,10,0.0931,0.0945,25,0.0977,0.0926,0.0,0.0,0.0,0.0,204
2023-05-10 09:35:14,OP90002149,沪深300ETF购12月4400,0.0,0.0,0.0,0.0,25,0.0931,0.0945,15,0.0977,0.0926,0.0,0.0,0.0,0.0,204
2023-05-10 09:35:15,OP90002149,沪深300ETF购12月4400,0.0,0.0,0.0,0.0,25,0.0931,0.0945,15,0.0977,0.0926,0.0,0.0,0.0,0.0,204
2023-05-10 09:35:16,OP90002149,沪深300ETF购12月4400,0.0,0.0,0.0,0.0,10,0.0931,0.0945,15,0.0977,0.0926,0.0,0.0,0.0,0.0,204
2023-05-10 09:35:16,OP90002149,沪深300ETF购12月4400,0.0,0.0,0.0,0.0,10,0.0929,0.0945,15,0.0977,0.0926,0.0,0.0,0.0,0.0,204
2023-05-10 09:35:17,OP90002149,沪深300ETF购12月4400,0.0,0.0,0.0,0.0,40,0.0927,0.0945,15,0.0977,0.0926,0.0,0.0,0.0,0.0,204
2023-05-10 09:35:17,OP90002149,沪深300ETF购12月4400,0.0,0.0,0.0,0.0,15,0.0928,0.0945,35,0.0977,0.0926,0.0,0.0,0.0,0.0,204
2023-05-10 09:35:18,OP90002149,沪深300ETF购12月4400,0.0,0.0,0.0,0.0,10,0.0929,0.0945,35,0.0977,0.0926,0.0,0.0,0.0,0.0,204
2023-05-10 09:35:18,OP90002149,沪深300ETF购12月4400,0.0,0.0,0.0,0.0,10,0.0929,0.0945,15,0.0977,0.0926,0.0,0.0,0.0,0.0,204
2023-05-10 09:35:19,OP90002149,沪深300ETF购12月4400,0.0,0.0,0.0,0.0,10,0.0928,0.0945,15,0.0977,0.0926,0.0,0.0,0.0,0.0,204
2023-05-10 09:35:19,OP90002149,沪深300ETF购12月4400,0.0,0.0,0.0,0.0,10,0.0928,0.0945,35,0.0977,0.0926,0.0,0.0,0.0,0.0,204
2023-05-10 09:35:20,OP90002149,沪深300ETF购12月4400,0.0,0.0,0.0,0.0,10,0.0927,0.0945,35,0.0977,0.0926,0.0,0.0,0.0,0.0,204
2023-05-10 09:35:20,OP90002149,沪深300ETF购12月4400,0.0,0.0,0.0,0.0,10,0.0927,0.0945,55,0.0977,0.0926,0.0,0.0,0.0,0.0,204
2023-05-10 09:35:21,OP90002149,沪深300ETF购12月4400,0.0,0.0,0.0,0.0,10,0.0927,0.0945,55,0.0977,0.0926,0.0,0.0,0.0,0.0,204
2023-05-10 09:35:21,OP90002149,沪深300ETF购12月4400,0.0,0.0,0.0,0.0,20,0.0927,0.0945,65,0.0977,0.0926,0.0,0.0,0.0,0.0,204
2023-05-10 09:35:22,OP90002149,沪深300ETF购12月4400,0.0,0.0,0.0,0.0,15,0.0928,0.0945,55,0.0977,0.0926,0.0,0.0,0.0,0.0,204
2023-05-10 09:35:22,OP90002149,沪深300ETF购12月4400,0.0,0.0,0.0,0.0,10,0.0929,0.0945,65,0.0977,0.0926,0.0,0.0,0.0,0.0,204
2023-05-10 09:35:23,OP90002149,沪深300ETF购12月4400,0.0,0.0,0.0,0.0,10,0.0929,0.0945,65,0.0977,0.0926,0.0,0.0,0.0,0.0,204
2023-05-10 09:35:23,OP90002149,沪深300ETF购12月4400,0.0,0.0,0.0,0.0,10,0.0927,0.0945,55,0.0977,0.0926,0.0,0.0,0.0,0.0,204
2023-05-10 09:35:24,OP90002149,沪深300ETF购12月4400,0.0,0.0,0.0,0.0,20,0.0927,0.0945,65,0.0977,0.0926,0.0,0.0,0.0,0.0,204
2023-05-10 09:35:24,OP90002149,沪深300ETF购12月4400,0.0,0.0,0.0,0.0,10,0.0927,0.0945,55,0.0977,0.0926,0.0,0.0,0.0,0.0,204
2023-05-10 09:35:25,OP90002149,沪深300ETF购12月4400,0.0,0.0,0.0,0.0,20,0.0927,0.0945,65,0.0977,0.0926,0.0,0.0,0.0,0.0,204
2023-05-10 09:35:25,OP90002149,沪深300ETF购12月4400,0.0,0.0,0.0,0.0,10,0.0927,0.0945,55,0.0977,0.0926,0.0,0.0,0.0,0.0,204
2023-05-10 09:35:26,OP90002149,沪深300ETF购12月4400,0.0,0.0,0.0,0.0,20,0.0927,0.0945,65,0.0977,0.0926,0.0,0.0,0.0,0.0,204
2023-05-10 09:35:26,OP90002149,沪深300ETF购12月4400,0.0,0.0,0.0,0.0,10,0.0927,0.0945,55,0.0977,0.0926,0.0,0.0,0.0,0.0,204
2023-05-10 09:35:27,OP90002149,沪深300ETF购12月4400,0.0,0.0,0.0,0.0,10,0.0927,0.0945,65,0.0977,0.0926,0.0,0.0,0.0,0.0,204
2023-05-10 09:35:31,OP90002149,沪深300ETF购12月4400,0.0,0.0,0.0,0.0,30,0.0926,0.0945,65,0.0977,0.0926,0.0,0.0,0.0,0.0,204
2023-05-10 09:35:32,OP90002149,沪深300ETF购12月4400,0.0,0.0,0.0,0.0,25,0.0926,0.0944,20,0.0977,0.0926,0.0,0.0,0.0,0.0,204
2023-05-10 09:35:32,OP90002149,沪深300ETF购12月4400,0.0,0.0,0.0,0.0,25,0.0926,0.0943,15,0.0977,0.0926,0.0,0.0,0.0,0.0,204
2023-05-10 09:35:33,OP90002149,沪深300ETF购12月4400,0.0,0.0,0.0,0.0,25,0.0926,0.0943,35,0.0977,0.0926,0.0,0.0,0.0,0.0,204
2023-05-10 09:35:43,OP90002149,沪深300ETF购12月4400,0.0,0.0,0.0,0.0,10,0.0926,0.0943,35,0.0977,0.0926,0.0,0.0,0.0,0.0,204
2023-05-10 09:35:43,OP90002149,沪深300ETF购12月4400,0.0,0.0,0.0,0.0,10,0.0926,0.0943,35,0.0977,0.0926,0.0,0.0,0.0,0.0,204
2023-05-10 09:35:44,OP90002149,沪深300ETF购12月4400,0.0,0.0,0.0,0.0,20,0.0926,0.0943,35,0.0977,0.0926,0.0,0.0,0.0,0.0,204
2023-05-10 09:35:44,OP90002149,沪深300ETF购12月4400,0.0,0.0,0.0,0.0,10,0.0926,0.0943,35,0.0977,0.0926,0.0,0.0,0.0,0.0,204
2023-05-10 09:35:45,OP90002149,沪深300ETF购12月4400,0.0,0.0,0.0,0.0,25,0.0926,0.0943,35,0.0977,0.0926,0.0,0.0,0.0,0.0,204
2023-05-10 09:35:45,OP90002149,沪深300ETF购12月4400,0.0,0.0,0.0,0.0,10,0.0927,0.0943,35,0.0977,0.0926,0.0,0.0,0.0,0.0,204
2023-05-10 09:35:46,OP90002149,沪深300ETF购12月4400,0.0,0.0,0.0,0.0,10,0.0927,0.0943,15,0.0977,0.0926,0.0,0.0,0.0,0.0,204
2023-05-10 09:35:46,OP90002149,沪深300ETF购12月4400,0.0,0.0,0.0,0.0,10,0.0926,0.0943,15,0.0977,0.0926,0.0,0.0,0.0,0.0,204
2023-05-10 09:35:47,OP90002149,沪深300ETF购12月4400,0.0,0.0,0.0,0.0,25,0.0926,0.0943,45,0.0977,0.0926,0.0,0.0,0.0,0.0,204
2023-05-10 09:35:47,OP90002149,沪深300ETF购12月4400,0.0,0.0,0.0,0.0,25,0.0926,0.0943,35,0.0977,0.0926,0.0,0.0,0.0,0.0,204
2023-05-10 09:35:48,OP90002149,沪深300ETF购12月4400,0.0,0.0,0.0,0.0,55,0.0926,0.0943,15,0.0977,0.0926,0.0,0.0,0.0,0.0,204
2023-05-10 09:35:48,OP90002149,沪深300ETF购12月4400,0.0,0.0,0.0,0.0,75,0.0926,0.0943,15,0.0977,0.0926,0.0,0.0,0.0,0.0,204
2023-05-10 09:35:49,OP90002149,沪深300ETF购12月4400,0.0,0.0,0.0,0.0,75,0.0926,0.0943,15,0.0977,0.0926,0.0,0.0,0.0,0.0,204
2023-05-10 09:35:49,OP90002149,沪深300ETF购12月4400,0.0,0.0,0.0,0.0,55,0.0926,0.0943,35,0.0977,0.0926,0.0,0.0,0.0,0.0,204
2023-05-10 09:35:52,OP90002149,沪深300ETF购12月4400,0.0,0.0,0.0,0.0,75,0.0926,0.0943,35,0.0977,0.0926,0.0,0.0,0.0,0.0,204
2023-05-10 09:35:54,OP90002149,沪深300ETF购12月4400,0.0,0.0,0.0,0.0,75,0.0926,0.0943,35,0.0977,0.0926,0.0,0.0,0.0,0.0,204
2023-05-10 09:35:57,OP90002149,沪深300ETF购12月4400,0.0,0.0,0.0,0.0,105,0.0926,0.0943,15,0.0977,0.0926,0.0,0.0,0.0,0.0,204
2023-05-10 09:35:58,OP90002149,沪深300ETF购12月4400,0.0,0.0,0.0,0.0,95,0.0926,0.0943,15,0.0977,0.0926,0.0,0.0,0.0,0.0,204
2023-05-10 09:35:58,OP90002149,沪深300ETF购12月4400,0.0,0.0,0.0,0.0,95,0.0926,0.0943,15,0.0977,0.0926,0.0,0.0,0.0,0.0,204
2023-05-10 09:35:59,OP90002149,沪深300ETF购12月4400,0.0,0.0,0.0,0.0,95,0.0926,0.0943,15,0.0977,0.0926,0.0,0.0,0.0,0.0,204
2023-05-10 09:36:00,OP90002149,沪深300ETF购12月4400,0.0,0.0,0.0,0.0,95,0.0926,0.0943,15,0.0977,0.0926,0.0,0.0,0.0,0.0,204
2023-05-10 09:36:00,OP90002149,沪深300ETF购12月4400,0.0,0.0,0.0,0.0,95,0.0926,0.0945,70,0.0977,0.0926,0.0,0.0,0.0,0.0,204
2023-05-10 09:36:01,OP90002149,沪深300ETF购12月4400,0.0,0.0,0.0,0.0,20,0.0927,0.0944,15,0.0977,0.0926,0.0,0.0,0.0,0.0,204
2023-05-10 09:36:01,OP90002149,沪深300ETF购12月4400,0.0,0.0,0.0,0.0,25,0.0928,0.0944,15,0.0977,0.0926,0.0,0.0,0.0,0.0,204
2023-05-10 09:36:02,OP90002149,沪深300ETF购12月4400,0.0,0.0,0.0,0.0,25,0.0928,0.0944,15,0.0977,0.0926,0.0,0.0,0.0,0.0,204
2023-05-10 09:36:02,OP90002149,沪深300ETF购12月4400,0.0,0.0,0.0,0.0,10,0.0929,0.0944,15,0.0977,0.0926,0.0,0.0,0.0,0.0,204
2023-05-10 09:36:03,OP90002149,沪深300ETF购12月4400,0.0,0.0,0.0,0.0,15,0.093,0.0944,15,0.0977,0.0926,0.0,0.0,0.0,0.0,204
2023-05-10 09:36:03,OP90002149,沪深300ETF购12月4400,0.0,0.0,0.0,0.0,10,0.0931,0.0944,15,0.0977,0.0926,0.0,0.0,0.0,0.0,204
2023-05-10 09:36:04,OP90002149,沪深300ETF购12月4400,0.0,0.0,0.0,0.0,10,0.0931,0.0944,15,0.0977,0.0926,0.0,0.0,0.0,0.0,204
2023-05-10 09:36:04,OP90002149,沪深300ETF购12月4400,0.0,0.0,0.0,0.0,10,0.0931,0.0944,15,0.0977,0.0926,0.0,0.0,0.0,0.0,204
2023-05-10 09:36:05,OP90002149,沪深300ETF购12月4400,0.0,0.0,0.0,0.0,10,0.0931,0.0944,15,0.0977,0.0926,0.0,0.0,0.0,0.0,204
2023-05-10 09:36:05,OP90002149,沪深300ETF购12月4400,0.0,0.0,0.0,0.0,25,0.0931,0.0944,15,0.0977,0.0926,0.0,0.0,0.0,0.0,204
2023-05-10 09:36:06,OP90002149,沪深300ETF购12月4400,0.0,0.0,0.0,0.0,10,0.0931,0.0944,15,0.0977,0.0926,0.0,0.0,0.0,0.0,204
2023-05-10 09:36:07,OP90002149,沪深300ETF购12月4400,0.0,0.0,0.0,0.0,10,0.0931,0.0944,15,0.0977,0.0926,0.0,0.0,0.0,0.0,204
2023-05-10 09:36:08,OP90002149,沪深300ETF购12月4400,0.0,0.0,0.0,0.0,15,0.0932,0.0944,15,0.0977,0.0926,0.0,0.0,0.0,0.0,204
2023-05-10 09:36:08,OP90002149,沪深300ETF购12月4400,0.0,0.0,0.0,0.0,10,0.0933,0.0944,15,0.0977,0.0926,0.0,0.0,0.0,0.0,204
2023-05-10 09:36:09,OP90002149,沪深300ETF购12月4400,0.0,0.0,0.0,0.0,45,0.0933,0.0946,70,0.0977,0.0926,0.0,0.0,0.0,0.0,204
2023-05-10 09:36:09,OP90002149,沪深300ETF购12月4400,0.0,0.0,0.0,0.0,45,0.0933,0.0945,15,0.0977,0.0926,0.0,0.0,0.0,0.0,204
2023-05-10 09:36:10,OP90002149,沪深300ETF购12月4400,0.0,0.0,0.0,0.0,45,0.0933,0.0946,50,0.0977,0.0926,0.0,0.0,0.0,0.0,204
2023-05-10 09:36:10,OP90002149,沪深300ETF购12月4400,0.0,0.0,0.0,0.0,65,0.0933,0.0947,30,0.0977,0.0926,0.0,0.0,0.0,0.0,204
2023-05-10 09:36:11,OP90002149,沪深300ETF购12月4400,0.0,0.0,0.0,0.0,65,0.0933,0.0947,15,0.0977,0.0926,0.0,0.0,0.0,0.0,204
2023-05-10 09:36:11,OP90002149,沪深300ETF购12月4400,0.0,0.0,0.0,0.0,65,0.0933,0.0947,15,0.0977,0.0926,0.0,0.0,0.0,0.0,204
2023-05-10 09:36:12,OP90002149,沪深300ETF购12月4400,0.0,0.0,0.0,0.0,65,0.0933,0.0947,15,0.0977,0.0926,0.0,0.0,0.0,0.0,204
2023-05-10 09:36:12,OP90002149,沪深300ETF购12月4400,0.0,0.0,0.0,0.0,50,0.0933,0.0947,15,0.0977,0.0926,0.0,0.0,0.0,0.0,204
2023-05-10 09:36:13,OP90002149,沪深300ETF购12月4400,0.0,0.0,0.0,0.0,30,0.0933,0.0947,15,0.0977,0.0926,0.0,0.0,0.0,0.0,204
2023-05-10 09:36:13,OP90002149,沪深300ETF购12月4400,0.0,0.0,0.0,0.0,30,0.0933,0.0947,15,0.0977,0.0926,0.0,0.0,0.0,0.0,204
2023-05-10 09:36:14,OP90002149,沪深300ETF购12月4400,0.0,0.0,0.0,0.0,45,0.0933,0.0947,15,0.0977,0.0926,0.0,0.0,0.0,0.0,204
2023-05-10 09:36:14,OP90002149,沪深300ETF购12月4400,0.0,0.0,0.0,0.0,45,0.0933,0.0947,15,0.0977,0.0926,0.0,0.0,0.0,0.0,204
2023-05-10 09:36:16,OP90002149,沪深300ETF购12月4400,0.0,0.0,0.0,0.0,30,0.0933,0.0947,15,0.0977,0.0926,0.0,0.0,0.0,0.0,204
2023-05-10 09:36:17,OP90002149,沪深300ETF购12月4400,0.0,0.0,0.0,0.0,30,0.0933,0.0947,15,0.0977,0.0926,0.0,0.0,0.0,0.0,204
2023-05-10 09:36:17,OP90002149,沪深300ETF购12月4400,0.0,0.0,0.0,0.0,15,0.0934,0.0947,15,0.0977,0.0926,0.0,0.0,0.0,0.0,204
2023-05-10 09:36:18,OP90002149,沪深300ETF购12月4400,0.0,0.0,0.0,0.0,10,0.0935,0.0947,15,0.0977,0.0926,0.0,0.0,0.0,0.0,204
2023-05-10 09:36:18,OP90002149,沪深300ETF购12月4400,0.0,0.0,0.0,0.0,10,0.0935,0.0947,15,0.0977,0.0926,0.0,0.0,0.0,0.0,204
2023-05-10 09:36:19,OP90002149,沪深300ETF购12月4400,0.0,0.0,0.0,0.0,30,0.0935,0.095,50,0.0977,0.0926,0.0,0.0,0.0,0.0,204
2023-05-10 09:36:19,OP90002149,沪深300ETF购12月4400,0.0,0.0,0.0,0.0,15,0.0936,0.0949,15,0.0977,0.0926,0.0,0.0,0.0,0.0,204
2023-05-10 09:36:20,OP90002149,沪深300ETF购12月4400,0.0,0.0,0.0,0.0,10,0.0937,0.0949,15,0.0977,0.0926,0.0,0.0,0.0,0.0,204
2023-05-10 09:36:20,OP90002149,沪深300ETF购12月4400,0.0,0.0,0.0,0.0,10,0.0937,0.0949,15,0.0977,0.0926,0.0,0.0,0.0,0.0,204
2023-05-10 09:36:21,OP90002149,沪深300ETF购12月4400,0.0,0.0,0.0,0.0,25,0.0937,0.0949,15,0.0977,0.0926,0.0,0.0,0.0,0.0,204
2023-05-10 09:36:21,OP90002149,沪深300ETF购12月4400,0.0,0.0,0.0,0.0,25,0.0937,0.0949,15,0.0977,0.0926,0.0,0.0,0.0,0.0,204
2023-05-10 09:36:22,OP90002149,沪深300ETF购12月4400,0.0,0.0,0.0,0.0,25,0.0937,0.0949,15,0.0977,0.0926,0.0,0.0,0.0,0.0,204
2023-05-10 09:36:22,OP90002149,沪深300ETF购12月4400,0.0,0.0,0.0,0.0,25,0.0937,0.0949,15,0.0977,0.0926,0.0,0.0,0.0,0.0,204
2023-05-10 09:36:23,OP90002149,沪深300ETF购12月4400,0.0,0.0,0.0,0.0,10,0.0937,0.0949,15,0.0977,0.0926,0.0,0.0,0.0,0.0,204
2023-05-10 09:36:23,OP90002149,沪深300ETF购12月4400,0.0,0.0,0.0,0.0,15,0.0937,0.0949,15,0.0977,0.0926,0.0,0.0,0.0,0.0,204
2023-05-10 09:36:24,OP90002149,沪深300ETF购12月4400,0.0,0.0,0.0,0.0,10,0.0938,0.0949,15,0.0977,0.0926,0.0,0.0,0.0,0.0,204
2023-05-10 09:36:24,OP90002149,沪深300ETF购12月4400,0.0,0.0,0.0,0.0,20,0.0938,0.0949,15,0.0977,0.0926,0.0,0.0,0.0,0.0,204
2023-05-10 09:36:25,OP90002149,沪深300ETF购12月4400,0.0,0.0,0.0,0.0,10,0.0939,0.0949,15,0.0977,0.0926,0.0,0.0,0.0,0.0,204
2023-05-10 09:36:25,OP90002149,沪深300ETF购12月4400,0.0,0.0,0.0,0.0,20,0.0938,0.0949,35,0.0977,0.0926,0.0,0.0,0.0,0.0,204
2023-05-10 09:36:26,OP90002149,沪深300ETF购12月4400,0.0,0.0,0.0,0.0,20,0.0938,0.0949,35,0.0977,0.0926,0.0,0.0,0.0,0.0,204
2023-05-10 09:36:26,OP90002149,沪深300ETF购12月4400,0.0,0.0,0.0,0.0,20,0.0938,0.0949,35,0.0977,0.0926,0.0,0.0,0.0,0.0,204
2023-05-10 09:36:27,OP90002149,沪深300ETF购12月4400,0.0,0.0,0.0,0.0,10,0.0937,0.0949,35,0.0977,0.0926,0.0,0.0,0.0,0.0,204
2023-05-10 09:36:27,OP90002149,沪深300ETF购12月4400,0.0,0.0,0.0,0.0,10,0.0935,0.0949,35,0.0977,0.0926,0.0,0.0,0.0,0.0,204
2023-05-10 09:36:28,OP90002149,沪深300ETF购12月4400,0.0,0.0,0.0,0.0,10,0.0935,0.0949,35,0.0977,0.0926,0.0,0.0,0.0,0.0,204
2023-05-10 09:36:31,OP90002149,沪深300ETF购12月4400,0.0,0.0,0.0,0.0,10,0.0935,0.0949,40,0.0977,0.0926,0.0,0.0,0.0,0.0,204
2023-05-10 09:36:31,OP90002149,沪深300ETF购12月4400,0.0,0.0,0.0,0.0,40,0.0933,0.0949,40,0.0977,0.0926,0.0,0.0,0.0,0.0,204
2023-05-10 09:36:32,OP90002149,沪深300ETF购12月4400,0.0,0.0,0.0,0.0,20,0.0933,0.0949,60,0.0977,0.0926,0.0,0.0,0.0,0.0,204
2023-05-10 09:36:32,OP90002149,沪深300ETF购12月4400,0.0,0.0,0.0,0.0,20,0.0932,0.0949,70,0.0977,0.0926,0.0,0.0,0.0,0.0,204
2023-05-10 09:36:33,OP90002149,沪深300ETF购12月4400,0.0,0.0,0.0,0.0,60,0.0931,0.0945,20,0.0977,0.0926,0.0,0.0,0.0,0.0,204
2023-05-10 09:36:33,OP90002149,沪深300ETF购12月4400,0.0,0.0,0.0,0.0,40,0.0931,0.0944,15,0.0977,0.0926,0.0,0.0,0.0,0.0,204
2023-05-10 09:36:34,OP90002149,沪深300ETF购12月4400,0.0,0.0,0.0,0.0,50,0.0931,0.0944,15,0.0977,0.0926,0.0,0.0,0.0,0.0,204
2023-05-10 09:36:34,OP90002149,沪深300ETF购12月4400,0.0,0.0,0.0,0.0,30,0.0931,0.0944,15,0.0977,0.0926,0.0,0.0,0.0,0.0,204
2023-05-10 09:36:35,OP90002149,沪深300ETF购12月4400,0.0,0.0,0.0,0.0,10,0.0931,0.0944,15,0.0977,0.0926,0.0,0.0,0.0,0.0,204
2023-05-10 09:36:35,OP90002149,沪深300ETF购12月4400,0.0,0.0,0.0,0.0,10,0.093,0.0944,15,0.0977,0.0926,0.0,0.0,0.0,0.0,204
2023-05-10 09:36:38,OP90002149,沪深300ETF购12月4400,0.0,0.0,0.0,0.0,10,0.093,0.0944,15,0.0977,0.0926,0.0,0.0,0.0,0.0,204
2023-05-10 09:36:38,OP90002149,沪深300ETF购12月4400,0.0,0.0,0.0,0.0,25,0.093,0.0944,15,0.0977,0.0926,0.0,0.0,0.0,0.0,204
2023-05-10 09:36:39,OP90002149,沪深300ETF购12月4400,0.0,0.0,0.0,0.0,25,0.093,0.0944,15,0.0977,0.0926,0.0,0.0,0.0,0.0,204
2023-05-10 09:36:39,OP90002149,沪深300ETF购12月4400,0.0,0.0,0.0,0.0,25,0.093,0.0944,15,0.0977,0.0926,0.0,0.0,0.0,0.0,204
2023-05-10 09:36:40,OP90002149,沪深300ETF购12月4400,0.0,0.0,0.0,0.0,45,0.093,0.0944,15,0.0977,0.0926,0.0,0.0,0.0,0.0,204
2023-05-10 09:36:40,OP90002149,沪深300ETF购12月4400,0.0,0.0,0.0,0.0,45,0.093,0.0948,70,0.0977,0.0926,0.0,0.0,0.0,0.0,204
2023-05-10 09:36:41,OP90002149,沪深300ETF购12月4400,0.0,0.0,0.0,0.0,75,0.093,0.0947,15,0.0977,0.0926,0.0,0.0,0.0,0.0,204
2023-05-10 09:36:41,OP90002149,沪深300ETF购12月4400,0.0,0.0,0.0,0.0,75,0.093,0.0947,15,0.0977,0.0926,0.0,0.0,0.0,0.0,204
2023-05-10 09:36:46,OP90002149,沪深300ETF购12月4400,0.0,0.0,0.0,0.0,55,0.093,0.0947,35,0.0977,0.0926,0.0,0.0,0.0,0.0,204
2023-05-10 09:36:47,OP90002149,沪深300ETF购12月4400,0.0,0.0,0.0,0.0,55,0.093,0.0945,20,0.0977,0.0926,0.0,0.0,0.0,0.0,204
2023-05-10 09:36:47,OP90002149,沪深300ETF购12月4400,0.0,0.0,0.0,0.0,55,0.093,0.0944,15,0.0977,0.0926,0.0,0.0,0.0,0.0,204
2023-05-10 09:36:48,OP90002149,沪深300ETF购12月4400,0.0,0.0,0.0,0.0,55,0.093,0.0944,15,0.0977,0.0926,0.0,0.0,0.0,0.0,204
2023-05-10 09:36:48,OP90002149,沪深300ETF购12月4400,0.0,0.0,0.0,0.0,40,0.093,0.0944,15,0.0977,0.0926,0.0,0.0,0.0,0.0,204
2023-05-10 09:36:49,OP90002149,沪深300ETF购12月4400,0.0,0.0,0.0,0.0,10,0.093,0.0944,15,0.0977,0.0926,0.0,0.0,0.0,0.0,204
2023-05-10 09:36:49,OP90002149,沪深300ETF购12月4400,0.0,0.0,0.0,0.0,10,0.093,0.0944,15,0.0977,0.0926,0.0,0.0,0.0,0.0,204
2023-05-10 09:36:50,OP90002149,沪深300ETF购12月4400,0.0,0.0,0.0,0.0,10,0.093,0.0944,15,0.0977,0.0926,0.0,0.0,0.0,0.0,204
2023-05-10 09:36:50,OP90002149,沪深300ETF购12月4400,0.0,0.0,0.0,0.0,10,0.093,0.0944,15,0.0977,0.0926,0.0,0.0,0.0,0.0,204
2023-05-10 09:36:51,OP90002149,沪深300ETF购12月4400,0.0,0.0,0.0,0.0,10,0.0929,0.0944,15,0.0977,0.0926,0.0,0.0,0.0,0.0,204
2023-05-10 09:36:51,OP90002149,沪深300ETF购12月4400,0.0,0.0,0.0,0.0,15,0.093,0.0944,15,0.0977,0.0926,0.0,0.0,0.0,0.0,204
2023-05-10 09:36:52,OP90002149,沪深300ETF购12月4400,0.0,0.0,0.0,0.0,10,0.0931,0.0944,15,0.0977,0.0926,0.0,0.0,0.0,0.0,204
2023-05-10 09:36:52,OP90002149,沪深300ETF购12月4400,0.0,0.0,0.0,0.0,10,0.0931,0.0944,15,0.0977,0.0926,0.0,0.0,0.0,0.0,204
2023-05-10 09:36:53,OP90002149,沪深300ETF购12月4400,0.0,0.0,0.0,0.0,10,0.0931,0.0944,15,0.0977,0.0926,0.0,0.0,0.0,0.0,204
2023-05-10 09:36:54,OP90002149,沪深300ETF购12月4400,0.0,0.0,0.0,0.0,10,0.0928,0.0944,15,0.0977,0.0926,0.0,0.0,0.0,0.0,204
2023-05-10 09:36:54,OP90002149,沪深300ETF购12月4400,0.0,0.0,0.0,0.0,15,0.0929,0.0944,15,0.0977,0.0926,0.0,0.0,0.0,0.0,204
2023-05-10 09:36:55,OP90002149,沪深300ETF购12月4400,0.0,0.0,0.0,0.0,10,0.093,0.0944,15,0.0977,0.0926,0.0,0.0,0.0,0.0,204
2023-05-10 09:36:55,OP90002149,沪深300ETF购12月4400,0.0,0.0,0.0,0.0,15,0.0931,0.0944,15,0.0977,0.0926,0.0,0.0,0.0,0.0,204
2023-05-10 09:36:56,OP90002149,沪深300ETF购12月4400,0.0,0.0,0.0,0.0,50,0.0927,0.094,10,0.0977,0.0926,0.0,0.0,0.0,0.0,204
2023-05-10 09:36:56,OP90002149,沪深300ETF购12月4400,0.0,0.0,0.0,0.0,15,0.0928,0.094,15,0.0977,0.0926,0.0,0.0,0.0,0.0,204
2023-05-10 09:36:57,OP90002149,沪深300ETF购12月4400,0.0,0.0,0.0,0.0,10,0.0929,0.094,15,0.0977,0.0926,0.0,0.0,0.0,0.0,204
2023-05-10 09:36:57,OP90002149,沪深300ETF购12月4400,0.0,0.0,0.0,0.0,10,0.0929,0.094,15,0.0977,0.0926,0.0,0.0,0.0,0.0,204
2023-05-10 09:36:58,OP90002149,沪深300ETF购12月4400,0.0,0.0,0.0,0.0,25,0.0929,0.094,15,0.0977,0.0926,0.0,0.0,0.0,0.0,204
2023-05-10 09:36:58,OP90002149,沪深300ETF购12月4400,0.0,0.0,0.0,0.0,10,0.0929,0.094,15,0.0977,0.0926,0.0,0.0,0.0,0.0,204
2023-05-10 09:36:59,OP90002149,沪深300ETF购12月4400,0.0,0.0,0.0,0.0,10,0.0929,0.094,15,0.0977,0.0926,0.0,0.0,0.0,0.0,204
2023-05-10 09:36:59,OP90002149,沪深300ETF购12月4400,0.0,0.0,0.0,0.0,10,0.0929,0.094,15,0.0977,0.0926,0.0,0.0,0.0,0.0,204
2023-05-10 09:37:00,OP90002149,沪深300ETF购12月4400,0.0,0.0,0.0,0.0,10,0.0927,0.094,15,0.0977,0.0926,0.0,0.0,0.0,0.0,204
2023-05-10 09:37:00,OP90002149,沪深300ETF购12月4400,0.0,0.0,0.0,0.0,25,0.0927,0.094,15,0.0977,0.0926,0.0,0.0,0.0,0.0,204
2023-05-10 09:37:01,OP90002149,沪深300ETF购12月4400,0.0,0.0,0.0,0.0,10,0.0927,0.094,35,0.0977,0.0926,0.0,0.0,0.0,0.0,204
2023-05-10 09:37:01,OP90002149,沪深300ETF购12月4400,0.0,0.0,0.0,0.0,60,0.0925,0.094,35,0.0977,0.0926,0.0,0.0,0.0,0.0,204
2023-05-10 09:37:02,OP90002149,沪深300ETF购12月4400,0.0,0.0,0.0,0.0,60,0.0925,0.094,55,0.0977,0.0926,0.0,0.0,0.0,0.0,204
2023-05-10 09:37:02,OP90002149,沪深300ETF购12月4400,0.0,0.0,0.0,0.0,30,0.0925,0.094,55,0.0977,0.0926,0.0,0.0,0.0,0.0,204
2023-05-10 09:37:03,OP90002149,沪深300ETF购12月4400,0.0,0.0,0.0,0.0,10,0.0925,0.094,75,0.0977,0.0926,0.0,0.0,0.0,0.0,204
2023-05-10 09:37:03,OP90002149,沪深300ETF购12月4400,0.0,0.0,0.0,0.0,10,0.0925,0.094,85,0.0977,0.0926,0.0,0.0,0.0,0.0,204
2023-05-10 09:37:04,OP90002149,沪深300ETF购12月4400,0.0,0.0,0.0,0.0,10,0.0926,0.094,75,0.0977,0.0926,0.0,0.0,0.0,0.0,204
2023-05-10 09:37:04,OP90002149,沪深300ETF购12月4400,0.0,0.0,0.0,0.0,25,0.0925,0.094,75,0.0977,0.0926,0.0,0.0,0.0,0.0,204
2023-05-10 09:37:05,OP90002149,沪深300ETF购12月4400,0.0,0.0,0.0,0.0,45,0.0925,0.094,75,0.0977,0.0926,0.0,0.0,0.0,0.0,204
2023-05-10 09:37:05,OP90002149,沪深300ETF购12月4400,0.0,0.0,0.0,0.0,45,0.0925,0.094,85,0.0977,0.0926,0.0,0.0,0.0,0.0,204
2023-05-10 09:37:08,OP90002149,沪深300ETF购12月4400,0.0,0.0,0.0,0.0,25,0.0925,0.094,85,0.0977,0.0926,0.0,0.0,0.0,0.0,204
2023-05-10 09:37:08,OP90002149,沪深300ETF购12月4400,0.0,0.0,0.0,0.0,25,0.0925,0.094,75,0.0977,0.0926,0.0,0.0,0.0,0.0,204
2023-05-10 09:37:09,OP90002149,沪深300ETF购12月4400,0.0,0.0,0.0,0.0,25,0.0925,0.094,65,0.0977,0.0926,0.0,0.0,0.0,0.0,204
2023-05-10 09:37:10,OP90002149,沪深300ETF购12月4400,0.0,0.0,0.0,0.0,25,0.0925,0.094,50,0.0977,0.0926,0.0,0.0,0.0,0.0,204
2023-05-10 09:37:10,OP90002149,沪深300ETF购12月4400,0.0,0.0,0.0,0.0,25,0.0925,0.094,20,0.0977,0.0926,0.0,0.0,0.0,0.0,204
2023-05-10 09:37:11,OP90002149,沪深300ETF购12月4400,0.0,0.0,0.0,0.0,25,0.0925,0.094,35,0.0977,0.0926,0.0,0.0,0.0,0.0,204
2023-05-10 09:37:11,OP90002149,沪深300ETF购12月4400,0.0,0.0,0.0,0.0,25,0.0925,0.094,35,0.0977,0.0926,0.0,0.0,0.0,0.0,204
2023-05-10 09:37:12,OP90002149,沪深300ETF购12月4400,0.0,0.0,0.0,0.0,25,0.0925,0.094,35,0.0977,0.0926,0.0,0.0,0.0,0.0,204
2023-05-10 09:37:12,OP90002149,沪深300ETF购12月4400,0.0,0.0,0.0,0.0,25,0.0925,0.094,20,0.0977,0.0926,0.0,0.0,0.0,0.0,204
2023-05-10 09:37:13,OP90002149,沪深300ETF购12月4400,0.0,0.0,0.0,0.0,45,0.0925,0.0941,20,0.0977,0.0926,0.0,0.0,0.0,0.0,204
2023-05-10 09:37:13,OP90002149,沪深300ETF购12月4400,0.0,0.0,0.0,0.0,55,0.0925,0.0941,20,0.0977,0.0926,0.0,0.0,0.0,0.0,204
2023-05-10 09:37:14,OP90002149,沪深300ETF购12月4400,0.0,0.0,0.0,0.0,55,0.0925,0.0941,20,0.0977,0.0926,0.0,0.0,0.0,0.0,204
2023-05-10 09:37:15,OP90002149,沪深300ETF购12月4400,0.0,0.0,0.0,0.0,55,0.0925,0.094,15,0.0977,0.0926,0.0,0.0,0.0,0.0,204
2023-05-10 09:37:15,OP90002149,沪深300ETF购12月4400,0.0,0.0,0.0,0.0,55,0.0925,0.094,15,0.0977,0.0926,0.0,0.0,0.0,0.0,204
2023-05-10 09:37:16,OP90002149,沪深300ETF购12月4400,0.0,0.0,0.0,0.0,4,0.0926,0.094,15,0.0977,0.0926,0.0,0.0,0.0,0.0,204
2023-05-10 09:37:17,OP90002149,沪深300ETF购12月4400,0.0,0.0,0.0,0.0,15,0.0927,0.094,15,0.0977,0.0926,0.0,0.0,0.0,0.0,204
2023-05-10 09:37:17,OP90002149,沪深300ETF购12月4400,0.0,0.0,0.0,0.0,15,0.0927,0.094,15,0.0977,0.0926,0.0,0.0,0.0,0.0,204
2023-05-10 09:37:18,OP90002149,沪深300ETF购12月4400,0.0,0.0,0.0,0.0,15,0.0927,0.094,15,0.0977,0.0926,0.0,0.0,0.0,0.0,204
2023-05-10 09:37:18,OP90002149,沪深300ETF购12月4400,0.0,0.0,0.0,0.0,10,0.0928,0.094,15,0.0977,0.0926,0.0,0.0,0.0,0.0,204
2023-05-10 09:37:19,OP90002149,沪深300ETF购12月4400,0.0,0.0,0.0,0.0,10,0.0927,0.094,15,0.0977,0.0926,0.0,0.0,0.0,0.0,204
2023-05-10 09:37:19,OP90002149,沪深300ETF购12月4400,0.0,0.0,0.0,0.0,25,0.0927,0.094,15,0.0977,0.0926,0.0,0.0,0.0,0.0,204
2023-05-10 09:37:20,OP90002149,沪深300ETF购12月4400,0.0,0.0,0.0,0.0,25,0.0927,0.094,25,0.0977,0.0926,0.0,0.0,0.0,0.0,204
2023-05-10 09:37:20,OP90002149,沪深300ETF购12月4400,0.0,0.0,0.0,0.0,25,0.0927,0.094,10,0.0977,0.0926,0.0,0.0,0.0,0.0,204
2023-05-10 09:37:21,OP90002149,沪深300ETF购12月4400,0.0,0.0,0.0,0.0,25,0.0927,0.094,10,0.0977,0.0926,0.0,0.0,0.0,0.0,204
2023-05-10 09:37:23,OP90002149,沪深300ETF购12月4400,0.0,0.0,0.0,0.0,25,0.0927,0.094,10,0.0977,0.0926,0.0,0.0,0.0,0.0,204
2023-05-10 09:37:23,OP90002149,沪深300ETF购12月4400,0.0,0.0,0.0,0.0,25,0.0927,0.0939,15,0.0977,0.0926,0.0,0.0,0.0,0.0,204
2023-05-10 09:37:24,OP90002149,沪深300ETF购12月4400,0.0,0.0,0.0,0.0,25,0.0927,0.094,10,0.0977,0.0926,0.0,0.0,0.0,0.0,204
2023-05-10 09:37:24,OP90002149,沪深300ETF购12月4400,0.0,0.0,0.0,0.0,25,0.0927,0.094,25,0.0977,0.0926,0.0,0.0,0.0,0.0,204
2023-05-10 09:37:26,OP90002149,沪深300ETF购12月4400,0.0,0.0,0.0,0.0,10,0.0927,0.094,25,0.0977,0.0926,0.0,0.0,0.0,0.0,204
2023-05-10 09:37:31,OP90002149,沪深300ETF购12月4400,0.0,0.0,0.0,0.0,10,0.0927,0.094,25,0.0977,0.0926,0.0,0.0,0.0,0.0,204
2023-05-10 09:37:31,OP90002149,沪深300ETF购12月4400,0.0,0.0,0.0,0.0,14,0.0926,0.094,25,0.0977,0.0926,0.0,0.0,0.0,0.0,204
2023-05-10 09:37:32,OP90002149,沪深300ETF购12月4400,0.0,0.0,0.0,0.0,14,0.0926,0.094,25,0.0977,0.0926,0.0,0.0,0.0,0.0,204
2023-05-10 09:37:32,OP90002149,沪深300ETF购12月4400,0.0,0.0,0.0,0.0,4,0.0926,0.094,25,0.0977,0.0926,0.0,0.0,0.0,0.0,204
2023-05-10 09:37:33,OP90002149,沪深300ETF购12月4400,0.0,0.0,0.0,0.0,4,0.0926,0.094,25,0.0977,0.0926,0.0,0.0,0.0,0.0,204
2023-05-10 09:37:33,OP90002149,沪深300ETF购12月4400,0.0,0.0,0.0,0.0,19,0.0926,0.094,25,0.0977,0.0926,0.0,0.0,0.0,0.0,204
2023-05-10 09:37:34,OP90002149,沪深300ETF购12月4400,0.0,0.0,0.0,0.0,19,0.0926,0.094,25,0.0977,0.0926,0.0,0.0,0.0,0.0,204
2023-05-10 09:37:34,OP90002149,沪深300ETF购12月4400,0.0,0.0,0.0,0.0,19,0.0926,0.094,25,0.0977,0.0926,0.0,0.0,0.0,0.0,204
2023-05-10 09:37:35,OP90002149,沪深300ETF购12月4400,0.0,0.0,0.0,0.0,4,0.0926,0.094,25,0.0977,0.0926,0.0,0.0,0.0,0.0,204
2023-05-10 09:37:35,OP90002149,沪深300ETF购12月4400,0.0,0.0,0.0,0.0,4,0.0926,0.094,25,0.0977,0.0926,0.0,0.0,0.0,0.0,204
2023-05-10 09:37:36,OP90002149,沪深300ETF购12月4400,0.0,0.0,0.0,0.0,4,0.0926,0.094,45,0.0977,0.0926,0.0,0.0,0.0,0.0,204
2023-05-10 09:37:36,OP90002149,沪深300ETF购12月4400,0.0,0.0,0.0,0.0,4,0.0926,0.094,65,0.0977,0.0926,0.0,0.0,0.0,0.0,204
2023-05-10 09:37:37,OP90002149,沪深300ETF购12月4400,0.0,0.0,0.0,0.0,4,0.0926,0.094,65,0.0977,0.0926,0.0,0.0,0.0,0.0,204
2023-05-10 09:37:37,OP90002149,沪深300ETF购12月4400,0.0,0.0,0.0,0.0,4,0.0926,0.094,65,0.0977,0.0926,0.0,0.0,0.0,0.0,204
2023-05-10 09:37:38,OP90002149,沪深300ETF购12月4400,0.0,0.0,0.0,0.0,4,0.0926,0.094,65,0.0977,0.0926,0.0,0.0,0.0,0.0,204
2023-05-10 09:37:38,OP90002149,沪深300ETF购12月4400,0.0,0.0,0.0,0.0,4,0.0926,0.094,65,0.0977,0.0926,0.0,0.0,0.0,0.0,204
2023-05-10 09:37:39,OP90002149,沪深300ETF购12月4400,0.0,0.0,0.0,0.0,4,0.0926,0.094,65,0.0977,0.0926,0.0,0.0,0.0,0.0,204
2023-05-10 09:37:39,OP90002149,沪深300ETF购12月4400,0.0,0.0,0.0,0.0,4,0.0926,0.094,65,0.0977,0.0926,0.0,0.0,0.0,0.0,204
2023-05-10 09:37:40,OP90002149,沪深300ETF购12月4400,0.0,0.0,0.0,0.0,4,0.0926,0.094,85,0.0977,0.0926,0.0,0.0,0.0,0.0,204
2023-05-10 09:37:40,OP90002149,沪深300ETF购12月4400,0.0,0.0,0.0,0.0,4,0.0926,0.094,85,0.0977,0.0926,0.0,0.0,0.0,0.0,204
2023-05-10 09:37:41,OP90002149,沪深300ETF购12月4400,0.0,0.0,0.0,0.0,4,0.0926,0.094,85,0.0977,0.0926,0.0,0.0,0.0,0.0,204
2023-05-10 09:37:41,OP90002149,沪深300ETF购12月4400,0.0,0.0,0.0,0.0,4,0.0926,0.0939,20,0.0977,0.0926,0.0,0.0,0.0,0.0,204
2023-05-10 09:37:42,OP90002149,沪深300ETF购12月4400,0.0,0.0,0.0,0.0,4,0.0926,0.0938,15,0.0977,0.0926,0.0,0.0,0.0,0.0,204
2023-05-10 09:37:42,OP90002149,沪深300ETF购12月4400,0.0,0.0,0.0,0.0,4,0.0926,0.0937,20,0.0977,0.0926,0.0,0.0,0.0,0.0,204
2023-05-10 09:37:43,OP90002149,沪深300ETF购12月4400,0.0,0.0,0.0,0.0,4,0.0926,0.0936,15,0.0977,0.0926,0.0,0.0,0.0,0.0,204
2023-05-10 09:37:43,OP90002149,沪深300ETF购12月4400,0.0,0.0,0.0,0.0,4,0.0926,0.0936,65,0.0977,0.0926,0.0,0.0,0.0,0.0,204
2023-05-10 09:37:44,OP90002149,沪深300ETF购12月4400,0.0,0.0,0.0,0.0,4,0.0926,0.0936,65,0.0977,0.0926,0.0,0.0,0.0,0.0,204
2023-05-10 09:37:44,OP90002149,沪深300ETF购12月4400,0.0,0.0,0.0,0.0,4,0.0926,0.0936,65,0.0977,0.0926,0.0,0.0,0.0,0.0,204
2023-05-10 09:37:45,OP90002149,沪深300ETF购12月4400,0.0,0.0,0.0,0.0,4,0.0926,0.0936,65,0.0977,0.0926,0.0,0.0,0.0,0.0,204
2023-05-10 09:37:45,OP90002149,沪深300ETF购12月4400,0.0,0.0,0.0,0.0,4,0.0926,0.0936,65,0.0977,0.0926,0.0,0.0,0.0,0.0,204
2023-05-10 09:37:46,OP90002149,沪深300ETF购12月4400,0.0,0.0,0.0,0.0,4,0.0926,0.0936,45,0.0977,0.0926,0.0,0.0,0.0,0.0,204
2023-05-10 09:37:46,OP90002149,沪深300ETF购12月4400,0.0,0.0,0.0,0.0,4,0.0926,0.0936,45,0.0977,0.0926,0.0,0.0,0.0,0.0,204
2023-05-10 09:37:47,OP90002149,沪深300ETF购12月4400,0.0,0.0,0.0,0.0,4,0.0926,0.0936,45,0.0977,0.0926,0.0,0.0,0.0,0.0,204
2023-05-10 09:37:47,OP90002149,沪深300ETF购12月4400,0.0,0.0,0.0,0.0,4,0.0926,0.0936,45,0.0977,0.0926,0.0,0.0,0.0,0.0,204
2023-05-10 09:37:48,OP90002149,沪深300ETF购12月4400,0.0,0.0,0.0,0.0,4,0.0926,0.0936,45,0.0977,0.0926,0.0,0.0,0.0,0.0,204
2023-05-10 09:37:48,OP90002149,沪深300ETF购12月4400,0.0,0.0,0.0,0.0,4,0.0926,0.0936,45,0.0977,0.0926,0.0,0.0,0.0,0.0,204
2023-05-10 09:37:49,OP90002149,沪深300ETF购12月4400,0.0,0.0,0.0,0.0,4,0.0926,0.0936,45,0.0977,0.0926,0.0,0.0,0.0,0.0,204
2023-05-10 09:37:49,OP90002149,沪深300ETF购12月4400,0.0,0.0,0.0,0.0,4,0.0926,0.0936,45,0.0977,0.0926,0.0,0.0,0.0,0.0,204
2023-05-10 09:37:50,OP90002149,沪深300ETF购12月4400,0.0,0.0,0.0,0.0,4,0.0926,0.0936,45,0.0977,0.0926,0.0,0.0,0.0,0.0,204
2023-05-10 09:37:50,OP90002149,沪深300ETF购12月4400,0.0,0.0,0.0,0.0,4,0.0926,0.0936,25,0.0977,0.0926,0.0,0.0,0.0,0.0,204
2023-05-10 09:37:51,OP90002149,沪深300ETF购12月4400,0.0,0.0,0.0,0.0,4,0.0926,0.0936,25,0.0977,0.0926,0.0,0.0,0.0,0.0,204
2023-05-10 09:37:51,OP90002149,沪深300ETF购12月4400,0.0,0.0,0.0,0.0,4,0.0926,0.0936,25,0.0977,0.0926,0.0,0.0,0.0,0.0,204
2023-05-10 09:37:52,OP90002149,沪深300ETF购12月4400,0.0,0.0,0.0,0.0,4,0.0926,0.0936,45,0.0977,0.0926,0.0,0.0,0.0,0.0,204
2023-05-10 09:37:52,OP90002149,沪深300ETF购12月4400,0.0,0.0,0.0,0.0,4,0.0926,0.0936,45,0.0977,0.0926,0.0,0.0,0.0,0.0,204
2023-05-10 09:37:53,OP90002149,沪深300ETF购12月4400,0.0,0.0,0.0,0.0,4,0.0926,0.0936,45,0.0977,0.0926,0.0,0.0,0.0,0.0,204
2023-05-10 09:37:53,OP90002149,沪深300ETF购12月4400,0.0,0.0,0.0,0.0,4,0.0926,0.0936,45,0.0977,0.0926,0.0,0.0,0.0,0.0,204
2023-05-10 09:37:54,OP90002149,沪深300ETF购12月4400,0.0,0.0,0.0,0.0,4,0.0926,0.0936,25,0.0977,0.0926,0.0,0.0,0.0,0.0,204
2023-05-10 09:37:54,OP90002149,沪深300ETF购12月4400,0.0,0.0,0.0,0.0,4,0.0926,0.0936,25,0.0977,0.0926,0.0,0.0,0.0,0.0,204
2023-05-10 09:37:55,OP90002149,沪深300ETF购12月4400,0.0,0.0,0.0,0.0,4,0.0926,0.0936,25,0.0977,0.0926,0.0,0.0,0.0,0.0,204
2023-05-10 09:37:55,OP90002149,沪深300ETF购12月4400,0.0,0.0,0.0,0.0,4,0.0926,0.0936,25,0.0977,0.0926,0.0,0.0,0.0,0.0,204
2023-05-10 09:37:56,OP90002149,沪深300ETF购12月4400,0.0,0.0,0.0,0.0,4,0.0926,0.0936,25,0.0977,0.0926,0.0,0.0,0.0,0.0,204
2023-05-10 09:37:56,OP90002149,沪深300ETF购12月4400,0.0,0.0,0.0,0.0,4,0.0926,0.0936,25,0.0977,0.0926,0.0,0.0,0.0,0.0,204
2023-05-10 09:37:57,OP90002149,沪深300ETF购12月4400,0.0,0.0,0.0,0.0,4,0.0926,0.0936,25,0.0977,0.0926,0.0,0.0,0.0,0.0,204
2023-05-10 09:37:57,OP90002149,沪深300ETF购12月4400,0.0,0.0,0.0,0.0,4,0.0926,0.0936,25,0.0977,0.0926,0.0,0.0,0.0,0.0,204
2023-05-10 09:37:58,OP90002149,沪深300ETF购12月4400,0.0,0.0,0.0,0.0,4,0.0926,0.0936,25,0.0977,0.0926,0.0,0.0,0.0,0.0,204
2023-05-10 09:37:58,OP90002149,沪深300ETF购12月4400,0.0,0.0,0.0,0.0,4,0.0926,0.0936,25,0.0977,0.0926,0.0,0.0,0.0,0.0,204
2023-05-10 09:37:59,OP90002149,沪深300ETF购12月4400,0.0,0.0,0.0,0.0,4,0.0926,0.0936,25,0.0977,0.0926,0.0,0.0,0.0,0.0,204
2023-05-10 09:37:59,OP90002149,沪深300ETF购12月4400,0.0,0.0,0.0,0.0,4,0.0926,0.0936,25,0.0977,0.0926,0.0,0.0,0.0,0.0,204
2023-05-10 09:38:00,OP90002149,沪深300ETF购12月4400,0.0,0.0,0.0,0.0,4,0.0926,0.0936,25,0.0977,0.0926,0.0,0.0,0.0,0.0,204
2023-05-10 09:38:00,OP90002149,沪深300ETF购12月4400,0.0,0.0,0.0,0.0,4,0.0926,0.0936,25,0.0977,0.0926,0.0,0.0,0.0,0.0,204
2023-05-10 09:38:01,OP90002149,沪深300ETF购12月4400,0.0,0.0,0.0,0.0,4,0.0926,0.0936,25,0.0977,0.0926,0.0,0.0,0.0,0.0,204
2023-05-10 09:38:01,OP90002149,沪深300ETF购12月4400,0.0,0.0,0.0,0.0,4,0.0926,0.0936,25,0.0977,0.0926,0.0,0.0,0.0,0.0,204
2023-05-10 09:38:02,OP90002149,沪深300ETF购12月4400,0.0,0.0,0.0,0.0,4,0.0926,0.0936,25,0.0977,0.0926,0.0,0.0,0.0,0.0,204
2023-05-10 09:38:02,OP90002149,沪深300ETF购12月4400,0.0,0.0,0.0,0.0,4,0.0926,0.0936,25,0.0977,0.0926,0.0,0.0,0.0,0.0,204
2023-05-10 09:38:03,OP90002149,沪深300ETF购12月4400,0.0,0.0,0.0,0.0,4,0.0926,0.0936,25,0.0977,0.0926,0.0,0.0,0.0,0.0,204
2023-05-10 09:38:03,OP90002149,沪深300ETF购12月4400,0.0,0.0,0.0,0.0,4,0.0926,0.0936,25,0.0977,0.0926,0.0,0.0,0.0,0.0,204
2023-05-10 09:38:04,OP90002149,沪深300ETF购12月4400,0.0,0.0,0.0,0.0,4,0.0926,0.0936,10,0.0977,0.0926,0.0,0.0,0.0,0.0,204
2023-05-10 09:38:06,OP90002149,沪深300ETF购12月4400,0.0,0.0,0.0,0.0,4,0.0926,0.0936,10,0.0977,0.0926,0.0,0.0,0.0,0.0,204
2023-05-10 09:38:06,OP90002149,沪深300ETF购12月4400,0.0,0.0,0.0,0.0,15,0.0927,0.0936,10,0.0977,0.0926,0.0,0.0,0.0,0.0,204
2023-05-10 09:38:07,OP90002149,沪深300ETF购12月4400,0.0,0.0,0.0,0.0,15,0.0927,0.0936,10,0.0977,0.0926,0.0,0.0,0.0,0.0,204
2023-05-10 09:38:07,OP90002149,沪深300ETF购12月4400,0.0,0.0,0.0,0.0,15,0.0927,0.0936,10,0.0977,0.0926,0.0,0.0,0.0,0.0,204
2023-05-10 09:38:08,OP90002149,沪深300ETF购12月4400,0.0,0.0,0.0,0.0,25,0.0927,0.0936,10,0.0977,0.0926,0.0,0.0,0.0,0.0,204
2023-05-10 09:38:08,OP90002149,沪深300ETF购12月4400,0.0,0.0,0.0,0.0,25,0.0927,0.0936,10,0.0977,0.0926,0.0,0.0,0.0,0.0,204
2023-05-10 09:38:09,OP90002149,沪深300ETF购12月4400,0.0,0.0,0.0,0.0,25,0.0927,0.0937,10,0.0977,0.0926,0.0,0.0,0.0,0.0,204
2023-05-10 09:38:09,OP90002149,沪深300ETF购12月4400,0.0,0.0,0.0,0.0,25,0.0927,0.0937,10,0.0977,0.0926,0.0,0.0,0.0,0.0,204
2023-05-10 09:38:10,OP90002149,沪深300ETF购12月4400,0.0,0.0,0.0,0.0,25,0.0927,0.0938,10,0.0977,0.0926,0.0,0.0,0.0,0.0,204
2023-05-10 09:38:10,OP90002149,沪深300ETF购12月4400,0.0,0.0,0.0,0.0,25,0.0927,0.0938,10,0.0977,0.0926,0.0,0.0,0.0,0.0,204
2023-05-10 09:38:11,OP90002149,沪深300ETF购12月4400,0.0,0.0,0.0,0.0,15,0.0927,0.0939,10,0.0977,0.0926,0.0,0.0,0.0,0.0,204
2023-05-10 09:38:11,OP90002149,沪深300ETF购12月4400,0.0,0.0,0.0,0.0,15,0.0927,0.0939,10,0.0977,0.0926,0.0,0.0,0.0,0.0,204
2023-05-10 09:38:12,OP90002149,沪深300ETF购12月4400,0.0,0.0,0.0,0.0,10,0.0928,0.094,10,0.0977,0.0926,0.0,0.0,0.0,0.0,204
2023-05-10 09:38:12,OP90002149,沪深300ETF购12月4400,0.0,0.0,0.0,0.0,15,0.0929,0.094,10,0.0977,0.0926,0.0,0.0,0.0,0.0,204
2023-05-10 09:38:13,OP90002149,沪深300ETF购12月4400,0.0,0.0,0.0,0.0,10,0.093,0.094,10,0.0977,0.0926,0.0,0.0,0.0,0.0,204
2023-05-10 09:38:13,OP90002149,沪深300ETF购12月4400,0.0,0.0,0.0,0.0,15,0.0931,0.094,10,0.0977,0.0926,0.0,0.0,0.0,0.0,204
2023-05-10 09:38:14,OP90002149,沪深300ETF购12月4400,0.0,0.0,0.0,0.0,35,0.0931,0.0942,10,0.0977,0.0926,0.0,0.0,0.0,0.0,204
2023-05-10 09:38:14,OP90002149,沪深300ETF购12月4400,0.0,0.0,0.0,0.0,20,0.0931,0.0942,10,0.0977,0.0926,0.0,0.0,0.0,0.0,204
2023-05-10 09:38:15,OP90002149,沪深300ETF购12月4400,0.0,0.0,0.0,0.0,30,0.0928,0.094,20,0.0977,0.0926,0.0,0.0,0.0,0.0,204
2023-05-10 09:38:15,OP90002149,沪深300ETF购12月4400,0.0,0.0,0.0,0.0,20,0.0927,0.0939,15,0.0977,0.0926,0.0,0.0,0.0,0.0,204
2023-05-10 09:38:16,OP90002149,沪深300ETF购12月4400,0.0,0.0,0.0,0.0,15,0.0927,0.0939,15,0.0977,0.0926,0.0,0.0,0.0,0.0,204
2023-05-10 09:38:16,OP90002149,沪深300ETF购12月4400,0.0,0.0,0.0,0.0,35,0.0927,0.094,20,0.0977,0.0926,0.0,0.0,0.0,0.0,204
2023-05-10 09:38:17,OP90002149,沪深300ETF购12月4400,0.0,0.0,0.0,0.0,25,0.0927,0.094,45,0.0977,0.0926,0.0,0.0,0.0,0.0,204
2023-05-10 09:38:17,OP90002149,沪深300ETF购12月4400,0.0,0.0,0.0,0.0,25,0.0927,0.094,45,0.0977,0.0926,0.0,0.0,0.0,0.0,204
2023-05-10 09:38:18,OP90002149,沪深300ETF购12月4400,0.0,0.0,0.0,0.0,25,0.0927,0.094,65,0.0977,0.0926,0.0,0.0,0.0,0.0,204
2023-05-10 09:38:18,OP90002149,沪深300ETF购12月4400,0.0,0.0,0.0,0.0,25,0.0927,0.094,50,0.0977,0.0926,0.0,0.0,0.0,0.0,204
2023-05-10 09:38:19,OP90002149,沪深300ETF购12月4400,0.0,0.0,0.0,0.0,25,0.0927,0.094,30,0.0977,0.0926,0.0,0.0,0.0,0.0,204
2023-05-10 09:38:19,OP90002149,沪深300ETF购12月4400,0.0,0.0,0.0,0.0,25,0.0927,0.094,30,0.0977,0.0926,0.0,0.0,0.0,0.0,204
2023-05-10 09:38:20,OP90002149,沪深300ETF购12月4400,0.0,0.0,0.0,0.0,45,0.0927,0.094,10,0.0977,0.0926,0.0,0.0,0.0,0.0,204
2023-05-10 09:38:20,OP90002149,沪深300ETF购12月4400,0.0,0.0,0.0,0.0,65,0.0927,0.094,10,0.0977,0.0926,0.0,0.0,0.0,0.0,204
2023-05-10 09:38:21,OP90002149,沪深300ETF购12月4400,0.0,0.0,0.0,0.0,65,0.0927,0.094,10,0.0977,0.0926,0.0,0.0,0.0,0.0,204
2023-05-10 09:38:21,OP90002149,沪深300ETF购12月4400,0.0,0.0,0.0,0.0,65,0.0927,0.094,25,0.0977,0.0926,0.0,0.0,0.0,0.0,204
2023-05-10 09:38:22,OP90002149,沪深300ETF购12月4400,0.0,0.0,0.0,0.0,65,0.0927,0.094,25,0.0977,0.0926,0.0,0.0,0.0,0.0,204
2023-05-10 09:38:22,OP90002149,沪深300ETF购12月4400,0.0,0.0,0.0,0.0,65,0.0927,0.094,25,0.0977,0.0926,0.0,0.0,0.0,0.0,204
2023-05-10 09:38:23,OP90002149,沪深300ETF购12月4400,0.0,0.0,0.0,0.0,45,0.0927,0.094,10,0.0977,0.0926,0.0,0.0,0.0,0.0,204
2023-05-10 09:38:24,OP90002149,沪深300ETF购12月4400,0.0,0.0,0.0,0.0,45,0.0927,0.094,10,0.0977,0.0926,0.0,0.0,0.0,0.0,204
2023-05-10 09:38:24,OP90002149,沪深300ETF购12月4400,0.0,0.0,0.0,0.0,30,0.0927,0.0939,15,0.0977,0.0926,0.0,0.0,0.0,0.0,204
2023-05-10 09:38:25,OP90002149,沪深300ETF购12月4400,0.0,0.0,0.0,0.0,30,0.0927,0.0939,25,0.0977,0.0926,0.0,0.0,0.0,0.0,204
2023-05-10 09:38:25,OP90002149,沪深300ETF购12月4400,0.0,0.0,0.0,0.0,30,0.0927,0.0939,25,0.0977,0.0926,0.0,0.0,0.0,0.0,204
2023-05-10 09:38:26,OP90002149,沪深300ETF购12月4400,0.0,0.0,0.0,0.0,30,0.0927,0.0939,25,0.0977,0.0926,0.0,0.0,0.0,0.0,204
2023-05-10 09:38:26,OP90002149,沪深300ETF购12月4400,0.0,0.0,0.0,0.0,45,0.0927,0.0939,25,0.0977,0.0926,0.0,0.0,0.0,0.0,204
2023-05-10 09:38:27,OP90002149,沪深300ETF购12月4400,0.0,0.0,0.0,0.0,45,0.0927,0.0939,25,0.0977,0.0926,0.0,0.0,0.0,0.0,204
2023-05-10 09:38:28,OP90002149,沪深300ETF购12月4400,0.0,0.0,0.0,0.0,45,0.0927,0.0939,10,0.0977,0.0926,0.0,0.0,0.0,0.0,204
2023-05-10 09:38:29,OP90002149,沪深300ETF购12月4400,0.0,0.0,0.0,0.0,45,0.0927,0.0939,10,0.0977,0.0926,0.0,0.0,0.0,0.0,204
2023-05-10 09:38:29,OP90002149,沪深300ETF购12月4400,0.0,0.0,0.0,0.0,30,0.0927,0.0939,25,0.0977,0.0926,0.0,0.0,0.0,0.0,204
2023-05-10 09:38:30,OP90002149,沪深300ETF购12月4400,0.0,0.0,0.0,0.0,30,0.0927,0.0939,25,0.0977,0.0926,0.0,0.0,0.0,0.0,204
2023-05-10 09:38:30,OP90002149,沪深300ETF购12月4400,0.0,0.0,0.0,0.0,15,0.0928,0.0939,25,0.0977,0.0926,0.0,0.0,0.0,0.0,204
2023-05-10 09:38:31,OP90002149,沪深300ETF购12月4400,0.0,0.0,0.0,0.0,10,0.0929,0.0939,25,0.0977,0.0926,0.0,0.0,0.0,0.0,204
2023-05-10 09:38:31,OP90002149,沪深300ETF购12月4400,0.0,0.0,0.0,0.0,10,0.0927,0.0939,25,0.0977,0.0926,0.0,0.0,0.0,0.0,204
2023-05-10 09:38:32,OP90002149,沪深300ETF购12月4400,0.0,0.0,0.0,0.0,14,0.0926,0.0939,25,0.0977,0.0926,0.0,0.0,0.0,0.0,204
2023-05-10 09:38:32,OP90002149,沪深300ETF购12月4400,0.0,0.0,0.0,0.0,14,0.0926,0.0939,25,0.0977,0.0926,0.0,0.0,0.0,0.0,204
2023-05-10 09:38:33,OP90002149,沪深300ETF购12月4400,0.0,0.0,0.0,0.0,14,0.0926,0.0939,25,0.0977,0.0926,0.0,0.0,0.0,0.0,204
2023-05-10 09:38:33,OP90002149,沪深300ETF购12月4400,0.0,0.0,0.0,0.0,4,0.0926,0.0939,25,0.0977,0.0926,0.0,0.0,0.0,0.0,204
2023-05-10 09:38:35,OP90002149,沪深300ETF购12月4400,0.0,0.0,0.0,0.0,4,0.0926,0.0939,10,0.0977,0.0926,0.0,0.0,0.0,0.0,204
2023-05-10 09:38:36,OP90002149,沪深300ETF购12月4400,0.0,0.0,0.0,0.0,15,0.0927,0.0939,10,0.0977,0.0926,0.0,0.0,0.0,0.0,204
2023-05-10 09:38:36,OP90002149,沪深300ETF购12月4400,0.0,0.0,0.0,0.0,10,0.0928,0.0939,10,0.0977,0.0926,0.0,0.0,0.0,0.0,204
2023-05-10 09:38:37,OP90002149,沪深300ETF购12月4400,0.0,0.0,0.0,0.0,10,0.0928,0.0939,10,0.0977,0.0926,0.0,0.0,0.0,0.0,204
2023-05-10 09:38:37,OP90002149,沪深300ETF购12月4400,0.0,0.0,0.0,0.0,25,0.0928,0.0939,25,0.0977,0.0926,0.0,0.0,0.0,0.0,204
2023-05-10 09:38:39,OP90002149,沪深300ETF购12月4400,0.0,0.0,0.0,0.0,25,0.0928,0.0939,10,0.0977,0.0926,0.0,0.0,0.0,0.0,204
2023-05-10 09:38:40,OP90002149,沪深300ETF购12月4400,0.0,0.0,0.0,0.0,10,0.0928,0.0939,10,0.0977,0.0926,0.0,0.0,0.0,0.0,204
2023-05-10 09:38:41,OP90002149,沪深300ETF购12月4400,0.0,0.0,0.0,0.0,10,0.0927,0.0938,15,0.0977,0.0926,0.0,0.0,0.0,0.0,204
2023-05-10 09:38:41,OP90002149,沪深300ETF购12月4400,0.0,0.0,0.0,0.0,10,0.0927,0.0938,15,0.0977,0.0926,0.0,0.0,0.0,0.0,204
2023-05-10 09:38:42,OP90002149,沪深300ETF购12月4400,0.0,0.0,0.0,0.0,14,0.0926,0.0938,15,0.0977,0.0926,0.0,0.0,0.0,0.0,204
2023-05-10 09:38:42,OP90002149,沪深300ETF购12月4400,0.0,0.0,0.0,0.0,29,0.0926,0.0938,15,0.0977,0.0926,0.0,0.0,0.0,0.0,204
2023-05-10 09:38:43,OP90002149,沪深300ETF购12月4400,0.0,0.0,0.0,0.0,29,0.0926,0.0938,25,0.0977,0.0926,0.0,0.0,0.0,0.0,204
2023-05-10 09:38:43,OP90002149,沪深300ETF购12月4400,0.0,0.0,0.0,0.0,29,0.0926,0.0938,25,0.0977,0.0926,0.0,0.0,0.0,0.0,204
2023-05-10 09:38:44,OP90002149,沪深300ETF购12月4400,0.0,0.0,0.0,0.0,29,0.0926,0.0938,25,0.0977,0.0926,0.0,0.0,0.0,0.0,204
2023-05-10 09:38:49,OP90002149,沪深300ETF购12月4400,0.0,0.0,0.0,0.0,29,0.0926,0.0938,10,0.0977,0.0926,0.0,0.0,0.0,0.0,204
2023-05-10 09:38:50,OP90002149,沪深300ETF购12月4400,0.0,0.0,0.0,0.0,29,0.0926,0.0938,10,0.0977,0.0926,0.0,0.0,0.0,0.0,204
2023-05-10 09:38:50,OP90002149,沪深300ETF购12月4400,0.0,0.0,0.0,0.0,29,0.0926,0.0938,10,0.0977,0.0926,0.0,0.0,0.0,0.0,204
2023-05-10 09:38:51,OP90002149,沪深300ETF购12月4400,0.0,0.0,0.0,0.0,39,0.0926,0.0938,10,0.0977,0.0926,0.0,0.0,0.0,0.0,204
2023-05-10 09:38:52,OP90002149,沪深300ETF购12月4400,0.0,0.0,0.0,0.0,29,0.0926,0.0938,10,0.0977,0.0926,0.0,0.0,0.0,0.0,204
2023-05-10 09:38:52,OP90002149,沪深300ETF购12月4400,0.0,0.0,0.0,0.0,29,0.0926,0.0938,10,0.0977,0.0926,0.0,0.0,0.0,0.0,204
2023-05-10 09:38:53,OP90002149,沪深300ETF购12月4400,0.0,0.0,0.0,0.0,49,0.0926,0.0939,10,0.0977,0.0926,0.0,0.0,0.0,0.0,204
2023-05-10 09:38:53,OP90002149,沪深300ETF购12月4400,0.0,0.0,0.0,0.0,59,0.0926,0.0939,10,0.0977,0.0926,0.0,0.0,0.0,0.0,204
2023-05-10 09:38:54,OP90002149,沪深300ETF购12月4400,0.0,0.0,0.0,0.0,10,0.0927,0.0939,10,0.0977,0.0926,0.0,0.0,0.0,0.0,204
2023-05-10 09:38:54,OP90002149,沪深300ETF购12月4400,0.0,0.0,0.0,0.0,15,0.0928,0.0939,10,0.0977,0.0926,0.0,0.0,0.0,0.0,204
2023-05-10 09:38:55,OP90002149,沪深300ETF购12月4400,0.0,0.0,0.0,0.0,10,0.0929,0.094,10,0.0977,0.0926,0.0,0.0,0.0,0.0,204
2023-05-10 09:38:55,OP90002149,沪深300ETF购12月4400,0.0,0.0,0.0,0.0,15,0.093,0.094,10,0.0977,0.0926,0.0,0.0,0.0,0.0,204
2023-05-10 09:38:56,OP90002149,沪深300ETF购12月4400,0.0,0.0,0.0,0.0,25,0.093,0.094,10,0.0977,0.0926,0.0,0.0,0.0,0.0,204
2023-05-10 09:39:01,OP90002149,沪深300ETF购12月4400,0.0,0.0,0.0,0.0,15,0.093,0.094,10,0.0977,0.0926,0.0,0.0,0.0,0.0,204
2023-05-10 09:39:01,OP90002149,沪深300ETF购12月4400,0.0,0.0,0.0,0.0,25,0.093,0.094,10,0.0977,0.0926,0.0,0.0,0.0,0.0,204
2023-05-10 09:39:02,OP90002149,沪深300ETF购12月4400,0.0,0.0,0.0,0.0,30,0.0929,0.094,10,0.0977,0.0926,0.0,0.0,0.0,0.0,204
2023-05-10 09:39:02,OP90002149,沪深300ETF购12月4400,0.0,0.0,0.0,0.0,45,0.0929,0.094,25,0.0977,0.0926,0.0,0.0,0.0,0.0,204
2023-05-10 09:39:03,OP90002149,沪深300ETF购12月4400,0.0,0.0,0.0,0.0,45,0.0929,0.094,10,0.0977,0.0926,0.0,0.0,0.0,0.0,204
2023-05-10 09:39:04,OP90002149,沪深300ETF购12月4400,0.0,0.0,0.0,0.0,45,0.0929,0.094,10,0.0977,0.0926,0.0,0.0,0.0,0.0,204
2023-05-10 09:39:06,OP90002149,沪深300ETF购12月4400,0.0,0.0,0.0,0.0,45,0.0929,0.094,10,0.0977,0.0926,0.0,0.0,0.0,0.0,204
2023-05-10 09:39:07,OP90002149,沪深300ETF购12月4400,0.0,0.0,0.0,0.0,45,0.0929,0.094,10,0.0977,0.0926,0.0,0.0,0.0,0.0,204
2023-05-10 09:39:07,OP90002149,沪深300ETF购12月4400,0.0,0.0,0.0,0.0,45,0.0929,0.094,10,0.0977,0.0926,0.0,0.0,0.0,0.0,204
2023-05-10 09:39:08,OP90002149,沪深300ETF购12月4400,0.0,0.0,0.0,0.0,45,0.0929,0.094,10,0.0977,0.0926,0.0,0.0,0.0,0.0,204
2023-05-10 09:39:09,OP90002149,沪深300ETF购12月4400,0.0,0.0,0.0,0.0,65,0.0929,0.094,10,0.0977,0.0926,0.0,0.0,0.0,0.0,204
2023-05-10 09:39:09,OP90002149,沪深300ETF购12月4400,0.0,0.0,0.0,0.0,20,0.093,0.094,10,0.0977,0.0926,0.0,0.0,0.0,0.0,204
2023-05-10 09:39:10,OP90002149,沪深300ETF购12月4400,0.0,0.0,0.0,0.0,10,0.0932,0.0942,10,0.0977,0.0926,0.0,0.0,0.0,0.0,204
2023-05-10 09:39:10,OP90002149,沪深300ETF购12月4400,0.0,0.0,0.0,0.0,25,0.0933,0.0942,10,0.0977,0.0926,0.0,0.0,0.0,0.0,204
2023-05-10 09:39:11,OP90002149,沪深300ETF购12月4400,0.0,0.0,0.0,0.0,25,0.0933,0.0944,10,0.0977,0.0926,0.0,0.0,0.0,0.0,204
2023-05-10 09:39:11,OP90002149,沪深300ETF购12月4400,0.0,0.0,0.0,0.0,25,0.0933,0.0944,10,0.0977,0.0926,0.0,0.0,0.0,0.0,204
2023-05-10 09:39:12,OP90002149,沪深300ETF购12月4400,0.0,0.0,0.0,0.0,25,0.0933,0.0946,10,0.0977,0.0926,0.0,0.0,0.0,0.0,204
2023-05-10 09:39:12,OP90002149,沪深300ETF购12月4400,0.0,0.0,0.0,0.0,25,0.0933,0.0946,10,0.0977,0.0926,0.0,0.0,0.0,0.0,204
2023-05-10 09:39:13,OP90002149,沪深300ETF购12月4400,0.0,0.0,0.0,0.0,25,0.0933,0.0947,50,0.0977,0.0926,0.0,0.0,0.0,0.0,204
2023-05-10 09:39:13,OP90002149,沪深300ETF购12月4400,0.0,0.0,0.0,0.0,25,0.0933,0.0947,20,0.0977,0.0926,0.0,0.0,0.0,0.0,204
2023-05-10 09:39:14,OP90002149,沪深300ETF购12月4400,0.0,0.0,0.0,0.0,25,0.0933,0.0948,60,0.0977,0.0926,0.0,0.0,0.0,0.0,204
2023-05-10 09:39:14,OP90002149,沪深300ETF购12月4400,0.0,0.0,0.0,0.0,25,0.0933,0.0948,50,0.0977,0.0926,0.0,0.0,0.0,0.0,204
2023-05-10 09:39:15,OP90002149,沪深300ETF购12月4400,0.0,0.0,0.0,0.0,25,0.0933,0.0948,35,0.0977,0.0926,0.0,0.0,0.0,0.0,204
2023-05-10 09:39:15,OP90002149,沪深300ETF购12月4400,0.0,0.0,0.0,0.0,25,0.0933,0.0948,35,0.0977,0.0926,0.0,0.0,0.0,0.0,204
2023-05-10 09:39:18,OP90002149,沪深300ETF购12月4400,0.0,0.0,0.0,0.0,25,0.0933,0.0948,35,0.0977,0.0926,0.0,0.0,0.0,0.0,204
2023-05-10 09:39:18,OP90002149,沪深300ETF购12月4400,0.0,0.0,0.0,0.0,25,0.0933,0.0948,35,0.0977,0.0926,0.0,0.0,0.0,0.0,204
2023-05-10 09:39:19,OP90002149,沪深300ETF购12月4400,0.0,0.0,0.0,0.0,30,0.0933,0.0948,45,0.0977,0.0926,0.0,0.0,0.0,0.0,204
2023-05-10 09:39:20,OP90002149,沪深300ETF购12月4400,0.0,0.0,0.0,0.0,30,0.0933,0.0948,45,0.0977,0.0926,0.0,0.0,0.0,0.0,204
2023-05-10 09:39:20,OP90002149,沪深300ETF购12月4400,0.0,0.0,0.0,0.0,30,0.0933,0.0948,45,0.0977,0.0926,0.0,0.0,0.0,0.0,204
2023-05-10 09:39:21,OP90002149,沪深300ETF购12月4400,0.0,0.0,0.0,0.0,30,0.0933,0.0948,45,0.0977,0.0926,0.0,0.0,0.0,0.0,204
2023-05-10 09:39:31,OP90002149,沪深300ETF购12月4400,0.0,0.0,0.0,0.0,30,0.0933,0.0948,45,0.0977,0.0926,0.0,0.0,0.0,0.0,204
2023-05-10 09:39:32,OP90002149,沪深300ETF购12月4400,0.0,0.0,0.0,0.0,15,0.0934,0.0948,45,0.0977,0.0926,0.0,0.0,0.0,0.0,204
2023-05-10 09:39:32,OP90002149,沪深300ETF购12月4400,0.0,0.0,0.0,0.0,10,0.0935,0.0948,45,0.0977,0.0926,0.0,0.0,0.0,0.0,204
2023-05-10 09:39:33,OP90002149,沪深300ETF购12月4400,0.0,0.0,0.0,0.0,25,0.0935,0.0948,45,0.0977,0.0926,0.0,0.0,0.0,0.0,204
2023-05-10 09:39:34,OP90002149,沪深300ETF购12月4400,0.0,0.0,0.0,0.0,25,0.0935,0.0948,45,0.0977,0.0926,0.0,0.0,0.0,0.0,204
2023-05-10 09:39:35,OP90002149,沪深300ETF购12月4400,0.0,0.0,0.0,0.0,10,0.0934,0.0948,45,0.0977,0.0926,0.0,0.0,0.0,0.0,204
2023-05-10 09:39:35,OP90002149,沪深300ETF购12月4400,0.0,0.0,0.0,0.0,15,0.0935,0.0948,45,0.0977,0.0926,0.0,0.0,0.0,0.0,204
2023-05-10 09:39:36,OP90002149,沪深300ETF购12月4400,0.0,0.0,0.0,0.0,10,0.0934,0.0948,65,0.0977,0.0926,0.0,0.0,0.0,0.0,204
2023-05-10 09:39:37,OP90002149,沪深300ETF购12月4400,0.0,0.0,0.0,0.0,10,0.0934,0.0947,20,0.0977,0.0926,0.0,0.0,0.0,0.0,204
2023-05-10 09:39:37,OP90002149,沪深300ETF购12月4400,0.0,0.0,0.0,0.0,10,0.0934,0.0946,15,0.0977,0.0926,0.0,0.0,0.0,0.0,204
2023-05-10 09:39:38,OP90002149,沪深300ETF购12月4400,0.0,0.0,0.0,0.0,15,0.0935,0.0946,10,0.0977,0.0926,0.0,0.0,0.0,0.0,204
2023-05-10 09:39:38,OP90002149,沪深300ETF购12月4400,0.0,0.0,0.0,0.0,10,0.0936,0.0946,10,0.0977,0.0926,0.0,0.0,0.0,0.0,204
2023-05-10 09:39:39,OP90002149,沪深300ETF购12月4400,0.0,0.0,0.0,0.0,15,0.0937,0.0946,10,0.0977,0.0926,0.0,0.0,0.0,0.0,204
2023-05-10 09:39:39,OP90002149,沪深300ETF购12月4400,0.0,0.0,0.0,0.0,25,0.0937,0.0946,10,0.0977,0.0926,0.0,0.0,0.0,0.0,204
2023-05-10 09:39:40,OP90002149,沪深300ETF购12月4400,0.0,0.0,0.0,0.0,10,0.0936,0.0946,10,0.0977,0.0926,0.0,0.0,0.0,0.0,204
2023-05-10 09:39:41,OP90002149,沪深300ETF购12月4400,0.0,0.0,0.0,0.0,15,0.0936,0.0946,10,0.0977,0.0926,0.0,0.0,0.0,0.0,204
2023-05-10 09:39:42,OP90002149,沪深300ETF购12月4400,0.0,0.0,0.0,0.0,10,0.0935,0.0946,10,0.0977,0.0926,0.0,0.0,0.0,0.0,204
2023-05-10 09:39:42,OP90002149,沪深300ETF购12月4400,0.0,0.0,0.0,0.0,15,0.0935,0.0946,10,0.0977,0.0926,0.0,0.0,0.0,0.0,204
2023-05-10 09:39:43,OP90002149,沪深300ETF购12月4400,0.0,0.0,0.0,0.0,10,0.0936,0.0946,10,0.0977,0.0926,0.0,0.0,0.0,0.0,204
2023-05-10 09:39:43,OP90002149,沪深300ETF购12月4400,0.0,0.0,0.0,0.0,25,0.0936,0.0946,10,0.0977,0.0926,0.0,0.0,0.0,0.0,204
2023-05-10 09:39:44,OP90002149,沪深300ETF购12月4400,0.0,0.0,0.0,0.0,10,0.0935,0.0946,10,0.0977,0.0926,0.0,0.0,0.0,0.0,204
2023-05-10 09:39:44,OP90002149,沪深300ETF购12月4400,0.0,0.0,0.0,0.0,15,0.0935,0.0946,25,0.0977,0.0926,0.0,0.0,0.0,0.0,204
2023-05-10 09:39:45,OP90002149,沪深300ETF购12月4400,0.0,0.0,0.0,0.0,25,0.0935,0.0946,10,0.0977,0.0926,0.0,0.0,0.0,0.0,204
2023-05-10 09:39:47,OP90002149,沪深300ETF购12月4400,0.0,0.0,0.0,0.0,25,0.0935,0.0946,10,0.0977,0.0926,0.0,0.0,0.0,0.0,204
2023-05-10 09:39:48,OP90002149,沪深300ETF购12月4400,0.0,0.0,0.0,0.0,25,0.0935,0.0946,10,0.0977,0.0926,0.0,0.0,0.0,0.0,204
2023-05-10 09:39:48,OP90002149,沪深300ETF购12月4400,0.0,0.0,0.0,0.0,25,0.0935,0.0946,10,0.0977,0.0926,0.0,0.0,0.0,0.0,204
2023-05-10 09:39:49,OP90002149,沪深300ETF购12月4400,0.0,0.0,0.0,0.0,25,0.0935,0.0946,10,0.0977,0.0926,0.0,0.0,0.0,0.0,204
2023-05-10 09:39:50,OP90002149,沪深300ETF购12月4400,0.0,0.0,0.0,0.0,15,0.0935,0.0946,10,0.0977,0.0926,0.0,0.0,0.0,0.0,204
2023-05-10 09:39:52,OP90002149,沪深300ETF购12月4400,0.0,0.0,0.0,0.0,10,0.0934,0.0946,50,0.0977,0.0926,0.0,0.0,0.0,0.0,204
2023-05-10 09:39:53,OP90002149,沪深300ETF购12月4400,0.0,0.0,0.0,0.0,60,0.0932,0.0945,35,0.0977,0.0926,0.0,0.0,0.0,0.0,204
2023-05-10 09:39:53,OP90002149,沪深300ETF购12月4400,0.0,0.0,0.0,0.0,30,0.0932,0.0945,65,0.0977,0.0926,0.0,0.0,0.0,0.0,204
2023-05-10 09:39:54,OP90002149,沪深300ETF购12月4400,0.0,0.0,0.0,0.0,10,0.0933,0.0945,85,0.0977,0.0926,0.0,0.0,0.0,0.0,204
2023-05-10 09:39:54,OP90002149,沪深300ETF购12月4400,0.0,0.0,0.0,0.0,10,0.093,0.0945,50,0.0977,0.0926,0.0,0.0,0.0,0.0,204
2023-05-10 09:39:55,OP90002149,沪深300ETF购12月4400,0.0,0.0,0.0,0.0,15,0.0931,0.0945,10,0.0977,0.0926,0.0,0.0,0.0,0.0,204
2023-05-10 09:39:55,OP90002149,沪深300ETF购12月4400,0.0,0.0,0.0,0.0,20,0.0933,0.0945,10,0.0977,0.0926,0.0,0.0,0.0,0.0,204
2023-05-10 09:39:56,OP90002149,沪深300ETF购12月4400,0.0,0.0,0.0,0.0,15,0.0934,0.0945,10,0.0977,0.0926,0.0,0.0,0.0,0.0,204
2023-05-10 09:39:56,OP90002149,沪深300ETF购12月4400,0.0,0.0,0.0,0.0,15,0.0934,0.0945,10,0.0977,0.0926,0.0,0.0,0.0,0.0,204
2023-05-10 09:39:57,OP90002149,沪深300ETF购12月4400,0.0,0.0,0.0,0.0,10,0.0935,0.0945,10,0.0977,0.0926,0.0,0.0,0.0,0.0,204
2023-05-10 09:39:57,OP90002149,沪深300ETF购12月4400,0.0,0.0,0.0,0.0,20,0.0933,0.0945,10,0.0977,0.0926,0.0,0.0,0.0,0.0,204
2023-05-10 09:39:58,OP90002149,沪深300ETF购12月4400,0.0,0.0,0.0,0.0,25,0.0934,0.0945,10,0.0977,0.0926,0.0,0.0,0.0,0.0,204
2023-05-10 09:39:58,OP90002149,沪深300ETF购12月4400,0.0,0.0,0.0,0.0,25,0.0934,0.0945,10,0.0977,0.0926,0.0,0.0,0.0,0.0,204
2023-05-10 09:39:59,OP90002149,沪深300ETF购12月4400,0.0,0.0,0.0,0.0,25,0.0934,0.0945,10,0.0977,0.0926,0.0,0.0,0.0,0.0,204
2023-05-10 09:40:00,OP90002149,沪深300ETF购12月4400,0.0,0.0,0.0,0.0,25,0.0934,0.0945,10,0.0977,0.0926,0.0,0.0,0.0,0.0,204
2023-05-10 09:40:02,OP90002149,沪深300ETF购12月4400,0.0,0.0,0.0,0.0,25,0.0934,0.0945,10,0.0977,0.0926,0.0,0.0,0.0,0.0,204
2023-05-10 09:40:03,OP90002149,沪深300ETF购12月4400,0.0,0.0,0.0,0.0,25,0.0934,0.0945,10,0.0977,0.0926,0.0,0.0,0.0,0.0,204
2023-05-10 09:40:03,OP90002149,沪深300ETF购12月4400,0.0,0.0,0.0,0.0,45,0.0934,0.0945,25,0.0977,0.0926,0.0,0.0,0.0,0.0,204
2023-05-10 09:40:04,OP90002149,沪深300ETF购12月4400,0.0,0.0,0.0,0.0,20,0.0934,0.0945,25,0.0977,0.0926,0.0,0.0,0.0,0.0,204
2023-05-10 09:40:04,OP90002149,沪深300ETF购12月4400,0.0,0.0,0.0,0.0,10,0.0935,0.0945,30,0.0977,0.0926,0.0,0.0,0.0,0.0,204
2023-05-10 09:40:05,OP90002149,沪深300ETF购12月4400,0.0,0.0,0.0,0.0,10,0.0934,0.0945,30,0.0977,0.0926,0.0,0.0,0.0,0.0,204
2023-05-10 09:40:05,OP90002149,沪深300ETF购12月4400,0.0,0.0,0.0,0.0,40,0.0932,0.0944,35,0.0977,0.0926,0.0,0.0,0.0,0.0,204
2023-05-10 09:40:06,OP90002149,沪深300ETF购12月4400,0.0,0.0,0.0,0.0,40,0.0932,0.0944,45,0.0977,0.0926,0.0,0.0,0.0,0.0,204
2023-05-10 09:40:06,OP90002149,沪深300ETF购12月4400,0.0,0.0,0.0,0.0,30,0.0932,0.0944,45,0.0977,0.0926,0.0,0.0,0.0,0.0,204
2023-05-10 09:40:07,OP90002149,沪深300ETF购12月4400,0.0,0.0,0.0,0.0,10,0.0932,0.0944,45,0.0977,0.0926,0.0,0.0,0.0,0.0,204
2023-05-10 09:40:07,OP90002149,沪深300ETF购12月4400,0.0,0.0,0.0,0.0,10,0.0932,0.0944,45,0.0977,0.0926,0.0,0.0,0.0,0.0,204
2023-05-10 09:40:08,OP90002149,沪深300ETF购12月4400,0.0,0.0,0.0,0.0,60,0.0927,0.0944,45,0.0977,0.0926,0.0,0.0,0.0,0.0,204
2023-05-10 09:40:08,OP90002149,沪深300ETF购12月4400,0.0,0.0,0.0,0.0,15,0.0928,0.0944,55,0.0977,0.0926,0.0,0.0,0.0,0.0,204
2023-05-10 09:40:09,OP90002149,沪深300ETF购12月4400,0.0,0.0,0.0,0.0,10,0.0929,0.0944,55,0.0977,0.0926,0.0,0.0,0.0,0.0,204
2023-05-10 09:40:09,OP90002149,沪深300ETF购12月4400,0.0,0.0,0.0,0.0,15,0.093,0.0944,55,0.0977,0.0926,0.0,0.0,0.0,0.0,204
2023-05-10 09:40:10,OP90002149,沪深300ETF购12月4400,0.0,0.0,0.0,0.0,10,0.0931,0.0944,35,0.0977,0.0926,0.0,0.0,0.0,0.0,204
2023-05-10 09:40:10,OP90002149,沪深300ETF购12月4400,0.0,0.0,0.0,0.0,15,0.0932,0.0944,10,0.0977,0.0926,0.0,0.0,0.0,0.0,204
2023-05-10 09:40:11,OP90002149,沪深300ETF购12月4400,0.0,0.0,0.0,0.0,10,0.0933,0.0944,10,0.0977,0.0926,0.0,0.0,0.0,0.0,204
2023-05-10 09:40:11,OP90002149,沪深300ETF购12月4400,0.0,0.0,0.0,0.0,15,0.0934,0.0944,10,0.0977,0.0926,0.0,0.0,0.0,0.0,204
2023-05-10 09:40:12,OP90002149,沪深300ETF购12月4400,0.0,0.0,0.0,0.0,10,0.0935,0.0944,10,0.0977,0.0926,0.0,0.0,0.0,0.0,204
2023-05-10 09:40:12,OP90002149,沪深300ETF购12月4400,0.0,0.0,0.0,0.0,25,0.0935,0.0944,10,0.0977,0.0926,0.0,0.0,0.0,0.0,204
2023-05-10 09:40:13,OP90002149,沪深300ETF购12月4400,0.0,0.0,0.0,0.0,25,0.0935,0.0944,10,0.0977,0.0926,0.0,0.0,0.0,0.0,204
