time,symbol_id,symbol_name,last,trade_volume,trade_amount,open_interest_change,bv1,bp1,ap1,av1,yesterday_close,today_open,today_high,today_low,volume,amount,open_interest
2023-05-10 08:30:03,OP90002153,沪深300ETF沽12月3900,0.0,0.0,0.0,-26.0,0,0.0,0.0,0,0.0976,0.1018,0.0,0.0,0.0,0.0,148
2023-05-10 09:25:00,OP90002153,沪深300ETF沽12月3900,0.0,0.0,0.0,0.0,1,0.0958,0.0999,1,0.0976,0.1018,0.0,0.0,0.0,0.0,148
2023-05-10 09:30:00,OP90002153,沪深300ETF沽12月3900,0.0,0.0,0.0,0.0,1,0.0958,0.1048,1,0.0976,0.1018,0.0,0.0,0.0,0.0,148
2023-05-10 09:30:00,OP90002153,沪深300ETF沽12月3900,0.0,0.0,0.0,0.0,1,0.0958,0.1048,1,0.0976,0.1018,0.0,0.0,0.0,0.0,148
2023-05-10 09:30:01,OP90002153,沪深300ETF沽12月3900,0.0,0.0,0.0,0.0,1,0.0874,0.1048,1,0.0976,0.1018,0.0,0.0,0.0,0.0,148
2023-05-10 09:30:02,OP90002153,沪深300ETF沽12月3900,0.0,0.0,0.0,0.0,7,0.0556,0.1569,4,0.0976,0.1018,0.0,0.0,0.0,0.0,148
2023-05-10 09:30:18,OP90002153,沪深300ETF沽12月3900,0.0,0.0,0.0,0.0,7,0.0556,0.1569,4,0.0976,0.1018,0.0,0.0,0.0,0.0,148
2023-05-10 09:30:27,OP90002153,沪深300ETF沽12月3900,0.0,0.0,0.0,0.0,20,0.09,0.1055,20,0.0976,0.1018,0.0,0.0,0.0,0.0,148
2023-05-10 09:30:28,OP90002153,沪深300ETF沽12月3900,0.0,0.0,0.0,0.0,20,0.0957,0.1017,20,0.0976,0.1018,0.0,0.0,0.0,0.0,148
2023-05-10 09:30:28,OP90002153,沪深300ETF沽12月3900,0.0,0.0,0.0,0.0,40,0.0957,0.1017,20,0.0976,0.1018,0.0,0.0,0.0,0.0,148
2023-05-10 09:30:29,OP90002153,沪深300ETF沽12月3900,0.0,0.0,0.0,0.0,40,0.0957,0.1017,20,0.0976,0.1018,0.0,0.0,0.0,0.0,148
2023-05-10 09:30:29,OP90002153,沪深300ETF沽12月3900,0.0,0.0,0.0,0.0,40,0.0957,0.1014,20,0.0976,0.1018,0.0,0.0,0.0,0.0,148
2023-05-10 09:30:31,OP90002153,沪深300ETF沽12月3900,0.0,0.0,0.0,0.0,60,0.0957,0.1014,20,0.0976,0.1018,0.0,0.0,0.0,0.0,148
2023-05-10 09:30:32,OP90002153,沪深300ETF沽12月3900,0.0,0.0,0.0,0.0,60,0.0957,0.1014,20,0.0976,0.1018,0.0,0.0,0.0,0.0,148
2023-05-10 09:30:37,OP90002153,沪深300ETF沽12月3900,0.0,0.0,0.0,0.0,40,0.0957,0.1014,20,0.0976,0.1018,0.0,0.0,0.0,0.0,148
2023-05-10 09:30:40,OP90002153,沪深300ETF沽12月3900,0.0,0.0,0.0,0.0,40,0.0957,0.1014,20,0.0976,0.1018,0.0,0.0,0.0,0.0,148
2023-05-10 09:30:41,OP90002153,沪深300ETF沽12月3900,0.0,0.0,0.0,0.0,20,0.0958,0.1017,20,0.0976,0.1018,0.0,0.0,0.0,0.0,148
2023-05-10 09:30:41,OP90002153,沪深300ETF沽12月3900,0.0,0.0,0.0,0.0,20,0.0958,0.1017,20,0.0976,0.1018,0.0,0.0,0.0,0.0,148
2023-05-10 09:30:43,OP90002153,沪深300ETF沽12月3900,0.0,0.0,0.0,0.0,40,0.0957,0.1014,20,0.0976,0.1018,0.0,0.0,0.0,0.0,148
2023-05-10 09:30:43,OP90002153,沪深300ETF沽12月3900,0.0,0.0,0.0,0.0,40,0.0957,0.1014,20,0.0976,0.1018,0.0,0.0,0.0,0.0,148
2023-05-10 09:30:45,OP90002153,沪深300ETF沽12月3900,0.0,0.0,0.0,0.0,40,0.0957,0.1014,20,0.0976,0.1018,0.0,0.0,0.0,0.0,148
2023-05-10 09:30:48,OP90002153,沪深300ETF沽12月3900,0.0,0.0,0.0,0.0,60,0.0957,0.1014,20,0.0976,0.1018,0.0,0.0,0.0,0.0,148
2023-05-10 09:30:49,OP90002153,沪深300ETF沽12月3900,0.0,0.0,0.0,0.0,60,0.0957,0.1017,20,0.0976,0.1018,0.0,0.0,0.0,0.0,148
2023-05-10 09:30:50,OP90002153,沪深300ETF沽12月3900,0.0,0.0,0.0,0.0,60,0.0957,0.1014,20,0.0976,0.1018,0.0,0.0,0.0,0.0,148
2023-05-10 09:30:51,OP90002153,沪深300ETF沽12月3900,0.0,0.0,0.0,0.0,40,0.0957,0.1014,20,0.0976,0.1018,0.0,0.0,0.0,0.0,148
2023-05-10 09:30:51,OP90002153,沪深300ETF沽12月3900,0.0,0.0,0.0,0.0,40,0.0957,0.1017,20,0.0976,0.1018,0.0,0.0,0.0,0.0,148
2023-05-10 09:30:53,OP90002153,沪深300ETF沽12月3900,0.0,0.0,0.0,0.0,40,0.0957,0.1014,20,0.0976,0.1018,0.0,0.0,0.0,0.0,148
2023-05-10 09:30:54,OP90002153,沪深300ETF沽12月3900,0.0,0.0,0.0,0.0,40,0.0957,0.1014,20,0.0976,0.1018,0.0,0.0,0.0,0.0,148
2023-05-10 09:30:56,OP90002153,沪深300ETF沽12月3900,0.0,0.0,0.0,0.0,20,0.0958,0.1018,20,0.0976,0.1018,0.0,0.0,0.0,0.0,148
2023-05-10 09:30:56,OP90002153,沪深300ETF沽12月3900,0.0,0.0,0.0,0.0,20,0.0958,0.1018,20,0.0976,0.1018,0.0,0.0,0.0,0.0,148
2023-05-10 09:30:57,OP90002153,沪深300ETF沽12月3900,0.0,0.0,0.0,0.0,20,0.0958,0.1018,20,0.0976,0.1018,0.0,0.0,0.0,0.0,148
2023-05-10 09:30:58,OP90002153,沪深300ETF沽12月3900,0.0,0.0,0.0,0.0,40,0.0957,0.1015,20,0.0976,0.1018,0.0,0.0,0.0,0.0,148
2023-05-10 09:30:58,OP90002153,沪深300ETF沽12月3900,0.0,0.0,0.0,0.0,40,0.0957,0.1015,20,0.0976,0.1018,0.0,0.0,0.0,0.0,148
2023-05-10 09:30:59,OP90002153,沪深300ETF沽12月3900,0.0,0.0,0.0,0.0,40,0.0957,0.1015,20,0.0976,0.1018,0.0,0.0,0.0,0.0,148
2023-05-10 09:31:00,OP90002153,沪深300ETF沽12月3900,0.0,0.0,0.0,0.0,20,0.0958,0.1018,20,0.0976,0.1018,0.0,0.0,0.0,0.0,148
2023-05-10 09:31:00,OP90002153,沪深300ETF沽12月3900,0.0,0.0,0.0,0.0,40,0.0958,0.1018,20,0.0976,0.1018,0.0,0.0,0.0,0.0,148
2023-05-10 09:31:01,OP90002153,沪深300ETF沽12月3900,0.0,0.0,0.0,0.0,20,0.0963,0.1022,20,0.0976,0.1018,0.0,0.0,0.0,0.0,148
2023-05-10 09:31:01,OP90002153,沪深300ETF沽12月3900,0.0,0.0,0.0,0.0,40,0.0963,0.1022,20,0.0976,0.1018,0.0,0.0,0.0,0.0,148
2023-05-10 09:31:02,OP90002153,沪深300ETF沽12月3900,0.0,0.0,0.0,0.0,60,0.0963,0.1022,20,0.0976,0.1018,0.0,0.0,0.0,0.0,148
2023-05-10 09:31:02,OP90002153,沪深300ETF沽12月3900,0.0,0.0,0.0,0.0,20,0.0967,0.1027,20,0.0976,0.1018,0.0,0.0,0.0,0.0,148
2023-05-10 09:31:05,OP90002153,沪深300ETF沽12月3900,0.0,0.0,0.0,0.0,40,0.0967,0.1027,20,0.0976,0.1018,0.0,0.0,0.0,0.0,148
2023-05-10 09:31:05,OP90002153,沪深300ETF沽12月3900,0.0,0.0,0.0,0.0,20,0.097,0.103,20,0.0976,0.1018,0.0,0.0,0.0,0.0,148
2023-05-10 09:31:06,OP90002153,沪深300ETF沽12月3900,0.0,0.0,0.0,0.0,20,0.097,0.103,20,0.0976,0.1018,0.0,0.0,0.0,0.0,148
2023-05-10 09:31:06,OP90002153,沪深300ETF沽12月3900,0.0,0.0,0.0,0.0,20,0.097,0.103,20,0.0976,0.1018,0.0,0.0,0.0,0.0,148
2023-05-10 09:31:08,OP90002153,沪深300ETF沽12月3900,0.0,0.0,0.0,0.0,20,0.097,0.103,20,0.0976,0.1018,0.0,0.0,0.0,0.0,148
2023-05-10 09:31:09,OP90002153,沪深300ETF沽12月3900,0.0,0.0,0.0,0.0,20,0.097,0.103,20,0.0976,0.1018,0.0,0.0,0.0,0.0,148
2023-05-10 09:31:09,OP90002153,沪深300ETF沽12月3900,0.0,0.0,0.0,0.0,40,0.097,0.103,20,0.0976,0.1018,0.0,0.0,0.0,0.0,148
2023-05-10 09:31:10,OP90002153,沪深300ETF沽12月3900,0.0,0.0,0.0,0.0,60,0.097,0.103,20,0.0976,0.1018,0.0,0.0,0.0,0.0,148
2023-05-10 09:31:10,OP90002153,沪深300ETF沽12月3900,0.0,0.0,0.0,0.0,60,0.097,0.103,20,0.0976,0.1018,0.0,0.0,0.0,0.0,148
2023-05-10 09:31:11,OP90002153,沪深300ETF沽12月3900,0.0,0.0,0.0,0.0,40,0.097,0.103,20,0.0976,0.1018,0.0,0.0,0.0,0.0,148
2023-05-10 09:31:12,OP90002153,沪深300ETF沽12月3900,0.0,0.0,0.0,0.0,40,0.097,0.1026,20,0.0976,0.1018,0.0,0.0,0.0,0.0,148
2023-05-10 09:31:13,OP90002153,沪深300ETF沽12月3900,0.0,0.0,0.0,0.0,40,0.097,0.1028,20,0.0976,0.1018,0.0,0.0,0.0,0.0,148
2023-05-10 09:31:13,OP90002153,沪深300ETF沽12月3900,0.0,0.0,0.0,0.0,40,0.097,0.1029,20,0.0976,0.1018,0.0,0.0,0.0,0.0,148
2023-05-10 09:31:14,OP90002153,沪深300ETF沽12月3900,0.0,0.0,0.0,0.0,40,0.097,0.1029,20,0.0976,0.1018,0.0,0.0,0.0,0.0,148
2023-05-10 09:31:14,OP90002153,沪深300ETF沽12月3900,0.0,0.0,0.0,0.0,40,0.097,0.1029,20,0.0976,0.1018,0.0,0.0,0.0,0.0,148
2023-05-10 09:31:15,OP90002153,沪深300ETF沽12月3900,0.0,0.0,0.0,0.0,40,0.097,0.1026,20,0.0976,0.1018,0.0,0.0,0.0,0.0,148
2023-05-10 09:31:17,OP90002153,沪深300ETF沽12月3900,0.0,0.0,0.0,0.0,40,0.097,0.1026,20,0.0976,0.1018,0.0,0.0,0.0,0.0,148
2023-05-10 09:31:18,OP90002153,沪深300ETF沽12月3900,0.0,0.0,0.0,0.0,40,0.097,0.1026,20,0.0976,0.1018,0.0,0.0,0.0,0.0,148
2023-05-10 09:31:20,OP90002153,沪深300ETF沽12月3900,0.0,0.0,0.0,0.0,20,0.0973,0.1028,20,0.0976,0.1018,0.0,0.0,0.0,0.0,148
2023-05-10 09:31:20,OP90002153,沪深300ETF沽12月3900,0.0,0.0,0.0,0.0,20,0.0973,0.1031,20,0.0976,0.1018,0.0,0.0,0.0,0.0,148
2023-05-10 09:31:21,OP90002153,沪深300ETF沽12月3900,0.0,0.0,0.0,0.0,40,0.0972,0.1032,20,0.0976,0.1018,0.0,0.0,0.0,0.0,148
2023-05-10 09:31:21,OP90002153,沪深300ETF沽12月3900,0.0,0.0,0.0,0.0,60,0.0972,0.1032,20,0.0976,0.1018,0.0,0.0,0.0,0.0,148
2023-05-10 09:31:23,OP90002153,沪深300ETF沽12月3900,0.0,0.0,0.0,0.0,10,0.0973,0.1032,20,0.0976,0.1018,0.0,0.0,0.0,0.0,148
2023-05-10 09:31:26,OP90002153,沪深300ETF沽12月3900,0.0,0.0,0.0,0.0,10,0.0973,0.1032,20,0.0976,0.1018,0.0,0.0,0.0,0.0,148
2023-05-10 09:31:27,OP90002153,沪深300ETF沽12月3900,0.0,0.0,0.0,0.0,10,0.0973,0.1032,20,0.0976,0.1018,0.0,0.0,0.0,0.0,148
2023-05-10 09:31:30,OP90002153,沪深300ETF沽12月3900,0.0,0.0,0.0,0.0,20,0.0974,0.1032,40,0.0976,0.1018,0.0,0.0,0.0,0.0,148
2023-05-10 09:31:31,OP90002153,沪深300ETF沽12月3900,0.0,0.0,0.0,0.0,10,0.0975,0.1028,20,0.0976,0.1018,0.0,0.0,0.0,0.0,148
2023-05-10 09:31:31,OP90002153,沪深300ETF沽12月3900,0.0,0.0,0.0,0.0,20,0.0976,0.1028,40,0.0976,0.1018,0.0,0.0,0.0,0.0,148
2023-05-10 09:31:32,OP90002153,沪深300ETF沽12月3900,0.0,0.0,0.0,0.0,10,0.0977,0.1025,20,0.0976,0.1018,0.0,0.0,0.0,0.0,148
2023-05-10 09:31:32,OP90002153,沪深300ETF沽12月3900,0.0,0.0,0.0,0.0,20,0.0978,0.1025,40,0.0976,0.1018,0.0,0.0,0.0,0.0,148
2023-05-10 09:31:33,OP90002153,沪深300ETF沽12月3900,0.0,0.0,0.0,0.0,40,0.0978,0.1025,40,0.0976,0.1018,0.0,0.0,0.0,0.0,148
2023-05-10 09:31:33,OP90002153,沪深300ETF沽12月3900,0.0,0.0,0.0,0.0,20,0.0979,0.1025,40,0.0976,0.1018,0.0,0.0,0.0,0.0,148
2023-05-10 09:31:34,OP90002153,沪深300ETF沽12月3900,0.0,0.0,0.0,0.0,10,0.098,0.1025,40,0.0976,0.1018,0.0,0.0,0.0,0.0,148
2023-05-10 09:31:34,OP90002153,沪深300ETF沽12月3900,0.0,0.0,0.0,0.0,20,0.0981,0.1025,40,0.0976,0.1018,0.0,0.0,0.0,0.0,148
2023-05-10 09:31:35,OP90002153,沪深300ETF沽12月3900,0.0,0.0,0.0,0.0,10,0.0982,0.1025,60,0.0976,0.1018,0.0,0.0,0.0,0.0,148
2023-05-10 09:31:35,OP90002153,沪深300ETF沽12月3900,0.0,0.0,0.0,0.0,20,0.0983,0.1025,60,0.0976,0.1018,0.0,0.0,0.0,0.0,148
2023-05-10 09:31:36,OP90002153,沪深300ETF沽12月3900,0.0,0.0,0.0,0.0,10,0.0984,0.1025,60,0.0976,0.1018,0.0,0.0,0.0,0.0,148
2023-05-10 09:31:36,OP90002153,沪深300ETF沽12月3900,0.0,0.0,0.0,0.0,20,0.0985,0.1025,60,0.0976,0.1018,0.0,0.0,0.0,0.0,148
2023-05-10 09:31:37,OP90002153,沪深300ETF沽12月3900,0.0,0.0,0.0,0.0,10,0.0986,0.1025,60,0.0976,0.1018,0.0,0.0,0.0,0.0,148
2023-05-10 09:31:37,OP90002153,沪深300ETF沽12月3900,0.0,0.0,0.0,0.0,20,0.0987,0.1025,60,0.0976,0.1018,0.0,0.0,0.0,0.0,148
2023-05-10 09:31:38,OP90002153,沪深300ETF沽12月3900,0.0,0.0,0.0,0.0,10,0.0988,0.1025,60,0.0976,0.1018,0.0,0.0,0.0,0.0,148
2023-05-10 09:31:38,OP90002153,沪深300ETF沽12月3900,0.0,0.0,0.0,0.0,20,0.0989,0.1025,60,0.0976,0.1018,0.0,0.0,0.0,0.0,148
2023-05-10 09:31:39,OP90002153,沪深300ETF沽12月3900,0.0,0.0,0.0,0.0,10,0.099,0.1025,60,0.0976,0.1018,0.0,0.0,0.0,0.0,148
2023-05-10 09:31:39,OP90002153,沪深300ETF沽12月3900,0.0,0.0,0.0,0.0,20,0.0991,0.1025,60,0.0976,0.1018,0.0,0.0,0.0,0.0,148
2023-05-10 09:31:40,OP90002153,沪深300ETF沽12月3900,0.0,0.0,0.0,0.0,10,0.0992,0.1025,60,0.0976,0.1018,0.0,0.0,0.0,0.0,148
2023-05-10 09:31:40,OP90002153,沪深300ETF沽12月3900,0.0,0.0,0.0,0.0,20,0.0993,0.1025,60,0.0976,0.1018,0.0,0.0,0.0,0.0,148
2023-05-10 09:31:41,OP90002153,沪深300ETF沽12月3900,0.0,0.0,0.0,0.0,10,0.0994,0.1025,60,0.0976,0.1018,0.0,0.0,0.0,0.0,148
2023-05-10 09:31:41,OP90002153,沪深300ETF沽12月3900,0.0,0.0,0.0,0.0,30,0.0994,0.1024,20,0.0976,0.1018,0.0,0.0,0.0,0.0,148
2023-05-10 09:31:42,OP90002153,沪深300ETF沽12月3900,0.0,0.0,0.0,0.0,30,0.0994,0.1024,20,0.0976,0.1018,0.0,0.0,0.0,0.0,148
2023-05-10 09:31:42,OP90002153,沪深300ETF沽12月3900,0.0,0.0,0.0,0.0,30,0.0994,0.1024,40,0.0976,0.1018,0.0,0.0,0.0,0.0,148
2023-05-10 09:31:43,OP90002153,沪深300ETF沽12月3900,0.0,0.0,0.0,0.0,30,0.0994,0.1023,20,0.0976,0.1018,0.0,0.0,0.0,0.0,148
2023-05-10 09:31:45,OP90002153,沪深300ETF沽12月3900,0.0,0.0,0.0,0.0,30,0.0994,0.1021,20,0.0976,0.1018,0.0,0.0,0.0,0.0,148
2023-05-10 09:31:45,OP90002153,沪深300ETF沽12月3900,0.0,0.0,0.0,0.0,30,0.0994,0.102,20,0.0976,0.1018,0.0,0.0,0.0,0.0,148
2023-05-10 09:31:47,OP90002153,沪深300ETF沽12月3900,0.0,0.0,0.0,0.0,30,0.0994,0.102,20,0.0976,0.1018,0.0,0.0,0.0,0.0,148
2023-05-10 09:31:48,OP90002153,沪深300ETF沽12月3900,0.0,0.0,0.0,0.0,30,0.0994,0.102,20,0.0976,0.1018,0.0,0.0,0.0,0.0,148
2023-05-10 09:31:49,OP90002153,沪深300ETF沽12月3900,0.0,0.0,0.0,0.0,30,0.0994,0.102,20,0.0976,0.1018,0.0,0.0,0.0,0.0,148
2023-05-10 09:31:51,OP90002153,沪深300ETF沽12月3900,0.0,0.0,0.0,0.0,30,0.0994,0.1018,20,0.0976,0.1018,0.0,0.0,0.0,0.0,148
2023-05-10 09:31:52,OP90002153,沪深300ETF沽12月3900,0.0,0.0,0.0,0.0,10,0.0995,0.1017,20,0.0976,0.1018,0.0,0.0,0.0,0.0,148
2023-05-10 09:31:52,OP90002153,沪深300ETF沽12月3900,0.0,0.0,0.0,0.0,30,0.0995,0.1017,40,0.0976,0.1018,0.0,0.0,0.0,0.0,148
2023-05-10 09:31:53,OP90002153,沪深300ETF沽12月3900,0.0,0.0,0.0,0.0,30,0.0995,0.1016,20,0.0976,0.1018,0.0,0.0,0.0,0.0,148
2023-05-10 09:31:53,OP90002153,沪深300ETF沽12月3900,0.0,0.0,0.0,0.0,30,0.0995,0.1016,20,0.0976,0.1018,0.0,0.0,0.0,0.0,148
2023-05-10 09:31:55,OP90002153,沪深300ETF沽12月3900,0.0,0.0,0.0,0.0,40,0.0995,0.1016,30,0.0976,0.1018,0.0,0.0,0.0,0.0,148
2023-05-10 09:31:55,OP90002153,沪深300ETF沽12月3900,0.0,0.0,0.0,0.0,30,0.0995,0.1015,20,0.0976,0.1018,0.0,0.0,0.0,0.0,148
2023-05-10 09:31:56,OP90002153,沪深300ETF沽12月3900,0.0,0.0,0.0,0.0,40,0.0995,0.1015,10,0.0976,0.1018,0.0,0.0,0.0,0.0,148
2023-05-10 09:31:56,OP90002153,沪深300ETF沽12月3900,0.0,0.0,0.0,0.0,10,0.0995,0.1014,20,0.0976,0.1018,0.0,0.0,0.0,0.0,148
2023-05-10 09:31:57,OP90002153,沪深300ETF沽12月3900,0.0,0.0,0.0,0.0,10,0.0995,0.1014,10,0.0976,0.1018,0.0,0.0,0.0,0.0,148
2023-05-10 09:31:57,OP90002153,沪深300ETF沽12月3900,0.0,0.0,0.0,0.0,10,0.0995,0.1013,20,0.0976,0.1018,0.0,0.0,0.0,0.0,148
2023-05-10 09:31:58,OP90002153,沪深300ETF沽12月3900,0.0,0.0,0.0,0.0,20,0.0991,0.1013,20,0.0976,0.1018,0.0,0.0,0.0,0.0,148
2023-05-10 09:31:58,OP90002153,沪深300ETF沽12月3900,0.0,0.0,0.0,0.0,10,0.0991,0.1012,20,0.0976,0.1018,0.0,0.0,0.0,0.0,148
2023-05-10 09:31:59,OP90002153,沪深300ETF沽12月3900,0.0,0.0,0.0,0.0,20,0.0991,0.1012,30,0.0976,0.1018,0.0,0.0,0.0,0.0,148
2023-05-10 09:31:59,OP90002153,沪深300ETF沽12月3900,0.0,0.0,0.0,0.0,10,0.0991,0.1011,20,0.0976,0.1018,0.0,0.0,0.0,0.0,148
2023-05-10 09:32:00,OP90002153,沪深300ETF沽12月3900,0.0,0.0,0.0,0.0,20,0.0991,0.1011,30,0.0976,0.1018,0.0,0.0,0.0,0.0,148
2023-05-10 09:32:00,OP90002153,沪深300ETF沽12月3900,0.0,0.0,0.0,0.0,10,0.0991,0.101,20,0.0976,0.1018,0.0,0.0,0.0,0.0,148
2023-05-10 09:32:01,OP90002153,沪深300ETF沽12月3900,0.0,0.0,0.0,0.0,40,0.0991,0.1011,20,0.0976,0.1018,0.0,0.0,0.0,0.0,148
2023-05-10 09:32:01,OP90002153,沪深300ETF沽12月3900,0.0,0.0,0.0,0.0,10,0.0991,0.1011,20,0.0976,0.1018,0.0,0.0,0.0,0.0,148
2023-05-10 09:32:02,OP90002153,沪深300ETF沽12月3900,0.0,0.0,0.0,0.0,20,0.0991,0.1011,30,0.0976,0.1018,0.0,0.0,0.0,0.0,148
2023-05-10 09:32:02,OP90002153,沪深300ETF沽12月3900,0.0,0.0,0.0,0.0,10,0.0991,0.101,20,0.0976,0.1018,0.0,0.0,0.0,0.0,148
2023-05-10 09:32:03,OP90002153,沪深300ETF沽12月3900,0.0,0.0,0.0,0.0,10,0.0991,0.101,10,0.0976,0.1018,0.0,0.0,0.0,0.0,148
2023-05-10 09:32:03,OP90002153,沪深300ETF沽12月3900,0.0,0.0,0.0,0.0,10,0.0991,0.1009,20,0.0976,0.1018,0.0,0.0,0.0,0.0,148
2023-05-10 09:32:04,OP90002153,沪深300ETF沽12月3900,0.0,0.0,0.0,0.0,20,0.0991,0.1011,20,0.0976,0.1018,0.0,0.0,0.0,0.0,148
2023-05-10 09:32:04,OP90002153,沪深300ETF沽12月3900,0.0,0.0,0.0,0.0,10,0.0991,0.1011,20,0.0976,0.1018,0.0,0.0,0.0,0.0,148
2023-05-10 09:32:05,OP90002153,沪深300ETF沽12月3900,0.0,0.0,0.0,0.0,20,0.0991,0.1011,30,0.0976,0.1018,0.0,0.0,0.0,0.0,148
2023-05-10 09:32:05,OP90002153,沪深300ETF沽12月3900,0.0,0.0,0.0,0.0,10,0.0991,0.101,20,0.0976,0.1018,0.0,0.0,0.0,0.0,148
2023-05-10 09:32:06,OP90002153,沪深300ETF沽12月3900,0.0,0.0,0.0,0.0,10,0.0991,0.101,10,0.0976,0.1018,0.0,0.0,0.0,0.0,148
2023-05-10 09:32:06,OP90002153,沪深300ETF沽12月3900,0.0,0.0,0.0,0.0,10,0.0991,0.1009,20,0.0976,0.1018,0.0,0.0,0.0,0.0,148
2023-05-10 09:32:07,OP90002153,沪深300ETF沽12月3900,0.0,0.0,0.0,0.0,30,0.0991,0.1011,20,0.0976,0.1018,0.0,0.0,0.0,0.0,148
2023-05-10 09:32:07,OP90002153,沪深300ETF沽12月3900,0.0,0.0,0.0,0.0,30,0.0991,0.1011,20,0.0976,0.1018,0.0,0.0,0.0,0.0,148
2023-05-10 09:32:08,OP90002153,沪深300ETF沽12月3900,0.0,0.0,0.0,0.0,20,0.0992,0.1011,30,0.0976,0.1018,0.0,0.0,0.0,0.0,148
2023-05-10 09:32:08,OP90002153,沪深300ETF沽12月3900,0.0,0.0,0.0,0.0,20,0.0992,0.1011,20,0.0976,0.1018,0.0,0.0,0.0,0.0,148
2023-05-10 09:32:09,OP90002153,沪深300ETF沽12月3900,0.0,0.0,0.0,0.0,10,0.0993,0.1013,80,0.0976,0.1018,0.0,0.0,0.0,0.0,148
2023-05-10 09:32:09,OP90002153,沪深300ETF沽12月3900,0.0,0.0,0.0,0.0,30,0.0993,0.1012,20,0.0976,0.1018,0.0,0.0,0.0,0.0,148
2023-05-10 09:32:10,OP90002153,沪深300ETF沽12月3900,0.0,0.0,0.0,0.0,30,0.0993,0.1012,30,0.0976,0.1018,0.0,0.0,0.0,0.0,148
2023-05-10 09:32:10,OP90002153,沪深300ETF沽12月3900,0.0,0.0,0.0,0.0,30,0.0993,0.1011,20,0.0976,0.1018,0.0,0.0,0.0,0.0,148
2023-05-10 09:32:11,OP90002153,沪深300ETF沽12月3900,0.0,0.0,0.0,0.0,40,0.0993,0.1011,20,0.0976,0.1018,0.0,0.0,0.0,0.0,148
2023-05-10 09:32:11,OP90002153,沪深300ETF沽12月3900,0.0,0.0,0.0,0.0,30,0.0993,0.1011,20,0.0976,0.1018,0.0,0.0,0.0,0.0,148
2023-05-10 09:32:12,OP90002153,沪深300ETF沽12月3900,0.0,0.0,0.0,0.0,30,0.0993,0.1011,20,0.0976,0.1018,0.0,0.0,0.0,0.0,148
2023-05-10 09:32:12,OP90002153,沪深300ETF沽12月3900,0.0,0.0,0.0,0.0,30,0.0993,0.1011,20,0.0976,0.1018,0.0,0.0,0.0,0.0,148
2023-05-10 09:32:13,OP90002153,沪深300ETF沽12月3900,0.0,0.0,0.0,0.0,30,0.0993,0.1011,20,0.0976,0.1018,0.0,0.0,0.0,0.0,148
2023-05-10 09:32:13,OP90002153,沪深300ETF沽12月3900,0.0,0.0,0.0,0.0,30,0.0993,0.1011,20,0.0976,0.1018,0.0,0.0,0.0,0.0,148
2023-05-10 09:32:14,OP90002153,沪深300ETF沽12月3900,0.0,0.0,0.0,0.0,30,0.0993,0.1011,20,0.0976,0.1018,0.0,0.0,0.0,0.0,148
2023-05-10 09:32:14,OP90002153,沪深300ETF沽12月3900,0.0,0.0,0.0,0.0,30,0.0993,0.1011,20,0.0976,0.1018,0.0,0.0,0.0,0.0,148
2023-05-10 09:32:15,OP90002153,沪深300ETF沽12月3900,0.0,0.0,0.0,0.0,30,0.0993,0.1011,20,0.0976,0.1018,0.0,0.0,0.0,0.0,148
2023-05-10 09:32:15,OP90002153,沪深300ETF沽12月3900,0.0,0.0,0.0,0.0,30,0.0993,0.1011,20,0.0976,0.1018,0.0,0.0,0.0,0.0,148
2023-05-10 09:32:16,OP90002153,沪深300ETF沽12月3900,0.0,0.0,0.0,0.0,30,0.0993,0.1011,20,0.0976,0.1018,0.0,0.0,0.0,0.0,148
2023-05-10 09:32:16,OP90002153,沪深300ETF沽12月3900,0.0,0.0,0.0,0.0,30,0.0993,0.1011,20,0.0976,0.1018,0.0,0.0,0.0,0.0,148
2023-05-10 09:32:17,OP90002153,沪深300ETF沽12月3900,0.0,0.0,0.0,0.0,30,0.0993,0.1011,20,0.0976,0.1018,0.0,0.0,0.0,0.0,148
2023-05-10 09:32:17,OP90002153,沪深300ETF沽12月3900,0.0,0.0,0.0,0.0,30,0.0993,0.1011,20,0.0976,0.1018,0.0,0.0,0.0,0.0,148
2023-05-10 09:32:18,OP90002153,沪深300ETF沽12月3900,0.0,0.0,0.0,0.0,30,0.0993,0.1011,20,0.0976,0.1018,0.0,0.0,0.0,0.0,148
2023-05-10 09:32:18,OP90002153,沪深300ETF沽12月3900,0.0,0.0,0.0,0.0,10,0.0993,0.1011,20,0.0976,0.1018,0.0,0.0,0.0,0.0,148
2023-05-10 09:32:19,OP90002153,沪深300ETF沽12月3900,0.0,0.0,0.0,0.0,10,0.0993,0.1011,40,0.0976,0.1018,0.0,0.0,0.0,0.0,148
2023-05-10 09:32:19,OP90002153,沪深300ETF沽12月3900,0.0,0.0,0.0,0.0,10,0.0993,0.101,20,0.0976,0.1018,0.0,0.0,0.0,0.0,148
2023-05-10 09:32:20,OP90002153,沪深300ETF沽12月3900,0.0,0.0,0.0,0.0,10,0.0993,0.101,20,0.0976,0.1018,0.0,0.0,0.0,0.0,148
2023-05-10 09:32:20,OP90002153,沪深300ETF沽12月3900,0.0,0.0,0.0,0.0,10,0.0993,0.101,20,0.0976,0.1018,0.0,0.0,0.0,0.0,148
2023-05-10 09:32:21,OP90002153,沪深300ETF沽12月3900,0.0,0.0,0.0,0.0,10,0.0993,0.101,20,0.0976,0.1018,0.0,0.0,0.0,0.0,148
2023-05-10 09:32:21,OP90002153,沪深300ETF沽12月3900,0.0,0.0,0.0,0.0,10,0.0993,0.101,20,0.0976,0.1018,0.0,0.0,0.0,0.0,148
2023-05-10 09:32:22,OP90002153,沪深300ETF沽12月3900,0.0,0.0,0.0,0.0,10,0.0992,0.101,20,0.0976,0.1018,0.0,0.0,0.0,0.0,148
2023-05-10 09:32:22,OP90002153,沪深300ETF沽12月3900,0.0,0.0,0.0,0.0,10,0.0992,0.101,20,0.0976,0.1018,0.0,0.0,0.0,0.0,148
2023-05-10 09:32:23,OP90002153,沪深300ETF沽12月3900,0.0,0.0,0.0,0.0,10,0.0992,0.101,20,0.0976,0.1018,0.0,0.0,0.0,0.0,148
2023-05-10 09:32:25,OP90002153,沪深300ETF沽12月3900,0.0,0.0,0.0,0.0,30,0.0992,0.101,20,0.0976,0.1018,0.0,0.0,0.0,0.0,148
2023-05-10 09:32:25,OP90002153,沪深300ETF沽12月3900,0.0,0.0,0.0,0.0,30,0.0992,0.1009,15,0.0976,0.1018,0.0,0.0,0.0,0.0,148
2023-05-10 09:32:26,OP90002153,沪深300ETF沽12月3900,0.0,0.0,0.0,0.0,10,0.0992,0.1008,20,0.0976,0.1018,0.0,0.0,0.0,0.0,148
2023-05-10 09:32:26,OP90002153,沪深300ETF沽12月3900,0.0,0.0,0.0,0.0,20,0.0993,0.1007,15,0.0976,0.1018,0.0,0.0,0.0,0.0,148
2023-05-10 09:32:27,OP90002153,沪深300ETF沽12月3900,0.0,0.0,0.0,0.0,10,0.0994,0.1007,15,0.0976,0.1018,0.0,0.0,0.0,0.0,148
2023-05-10 09:32:27,OP90002153,沪深300ETF沽12月3900,0.0,0.0,0.0,0.0,30,0.0993,0.1007,15,0.0976,0.1018,0.0,0.0,0.0,0.0,148
2023-05-10 09:32:28,OP90002153,沪深300ETF沽12月3900,0.0,0.0,0.0,0.0,10,0.0993,0.1007,15,0.0976,0.1018,0.0,0.0,0.0,0.0,148
2023-05-10 09:32:28,OP90002153,沪深300ETF沽12月3900,0.0,0.0,0.0,0.0,10,0.0993,0.1007,15,0.0976,0.1018,0.0,0.0,0.0,0.0,148
2023-05-10 09:32:30,OP90002153,沪深300ETF沽12月3900,0.0,0.0,0.0,0.0,10,0.0993,0.1007,15,0.0976,0.1018,0.0,0.0,0.0,0.0,148
2023-05-10 09:32:30,OP90002153,沪深300ETF沽12月3900,0.0,0.0,0.0,0.0,30,0.0991,0.1001,20,0.0976,0.1018,0.0,0.0,0.0,0.0,148
2023-05-10 09:32:31,OP90002153,沪深300ETF沽12月3900,0.0,0.0,0.0,0.0,10,0.0991,0.1001,20,0.0976,0.1018,0.0,0.0,0.0,0.0,148
2023-05-10 09:32:31,OP90002153,沪深300ETF沽12月3900,0.0,0.0,0.0,0.0,10,0.0991,0.1001,20,0.0976,0.1018,0.0,0.0,0.0,0.0,148
2023-05-10 09:32:32,OP90002153,沪深300ETF沽12月3900,0.0,0.0,0.0,0.0,30,0.0991,0.1001,20,0.0976,0.1018,0.0,0.0,0.0,0.0,148
2023-05-10 09:32:33,OP90002153,沪深300ETF沽12月3900,0.0,0.0,0.0,0.0,30,0.0991,0.1001,20,0.0976,0.1018,0.0,0.0,0.0,0.0,148
2023-05-10 09:32:33,OP90002153,沪深300ETF沽12月3900,0.0,0.0,0.0,0.0,10,0.0991,0.1001,20,0.0976,0.1018,0.0,0.0,0.0,0.0,148
2023-05-10 09:32:34,OP90002153,沪深300ETF沽12月3900,0.0,0.0,0.0,0.0,10,0.0991,0.1001,20,0.0976,0.1018,0.0,0.0,0.0,0.0,148
2023-05-10 09:32:35,OP90002153,沪深300ETF沽12月3900,0.0,0.0,0.0,0.0,10,0.0991,0.1001,20,0.0976,0.1018,0.0,0.0,0.0,0.0,148
2023-05-10 09:32:36,OP90002153,沪深300ETF沽12月3900,0.0,0.0,0.0,0.0,30,0.0991,0.1001,20,0.0976,0.1018,0.0,0.0,0.0,0.0,148
2023-05-10 09:32:37,OP90002153,沪深300ETF沽12月3900,0.0,0.0,0.0,0.0,30,0.0991,0.1008,60,0.0976,0.1018,0.0,0.0,0.0,0.0,148
2023-05-10 09:32:37,OP90002153,沪深300ETF沽12月3900,0.0,0.0,0.0,0.0,30,0.0991,0.1008,50,0.0976,0.1018,0.0,0.0,0.0,0.0,148
2023-05-10 09:32:40,OP90002153,沪深300ETF沽12月3900,0.0,0.0,0.0,0.0,30,0.0991,0.1008,50,0.0976,0.1018,0.0,0.0,0.0,0.0,148
2023-05-10 09:32:41,OP90002153,沪深300ETF沽12月3900,0.0,0.0,0.0,0.0,30,0.0991,0.1008,40,0.0976,0.1018,0.0,0.0,0.0,0.0,148
2023-05-10 09:32:43,OP90002153,沪深300ETF沽12月3900,0.0,0.0,0.0,0.0,30,0.0991,0.1008,40,0.0976,0.1018,0.0,0.0,0.0,0.0,148
2023-05-10 09:32:43,OP90002153,沪深300ETF沽12月3900,0.0,0.0,0.0,0.0,30,0.0991,0.1008,40,0.0976,0.1018,0.0,0.0,0.0,0.0,148
2023-05-10 09:32:44,OP90002153,沪深300ETF沽12月3900,0.0,0.0,0.0,0.0,30,0.0991,0.1008,40,0.0976,0.1018,0.0,0.0,0.0,0.0,148
2023-05-10 09:32:44,OP90002153,沪深300ETF沽12月3900,0.0,0.0,0.0,0.0,30,0.0991,0.1008,40,0.0976,0.1018,0.0,0.0,0.0,0.0,148
2023-05-10 09:32:45,OP90002153,沪深300ETF沽12月3900,0.0,0.0,0.0,0.0,20,0.0992,0.1008,20,0.0976,0.1018,0.0,0.0,0.0,0.0,148
2023-05-10 09:32:45,OP90002153,沪深300ETF沽12月3900,0.0,0.0,0.0,0.0,10,0.0993,0.1008,20,0.0976,0.1018,0.0,0.0,0.0,0.0,148
2023-05-10 09:32:46,OP90002153,沪深300ETF沽12月3900,0.0,0.0,0.0,0.0,20,0.0994,0.1008,20,0.0976,0.1018,0.0,0.0,0.0,0.0,148
2023-05-10 09:32:46,OP90002153,沪深300ETF沽12月3900,0.0,0.0,0.0,0.0,10,0.0995,0.1008,20,0.0976,0.1018,0.0,0.0,0.0,0.0,148
2023-05-10 09:32:47,OP90002153,沪深300ETF沽12月3900,0.0,0.0,0.0,0.0,30,0.0995,0.1008,20,0.0976,0.1018,0.0,0.0,0.0,0.0,148
2023-05-10 09:32:47,OP90002153,沪深300ETF沽12月3900,0.0,0.0,0.0,0.0,30,0.0995,0.1008,20,0.0976,0.1018,0.0,0.0,0.0,0.0,148
2023-05-10 09:32:48,OP90002153,沪深300ETF沽12月3900,0.0,0.0,0.0,0.0,30,0.0995,0.1008,20,0.0976,0.1018,0.0,0.0,0.0,0.0,148
2023-05-10 09:32:48,OP90002153,沪深300ETF沽12月3900,0.0,0.0,0.0,0.0,30,0.0995,0.1008,20,0.0976,0.1018,0.0,0.0,0.0,0.0,148
2023-05-10 09:32:49,OP90002153,沪深300ETF沽12月3900,0.0,0.0,0.0,0.0,30,0.0995,0.1008,20,0.0976,0.1018,0.0,0.0,0.0,0.0,148
2023-05-10 09:32:49,OP90002153,沪深300ETF沽12月3900,0.0,0.0,0.0,0.0,30,0.0995,0.1008,20,0.0976,0.1018,0.0,0.0,0.0,0.0,148
2023-05-10 09:32:50,OP90002153,沪深300ETF沽12月3900,0.0,0.0,0.0,0.0,30,0.0995,0.1008,20,0.0976,0.1018,0.0,0.0,0.0,0.0,148
2023-05-10 09:32:50,OP90002153,沪深300ETF沽12月3900,0.0,0.0,0.0,0.0,30,0.0995,0.1008,20,0.0976,0.1018,0.0,0.0,0.0,0.0,148
2023-05-10 09:32:51,OP90002153,沪深300ETF沽12月3900,0.0,0.0,0.0,0.0,30,0.0995,0.1008,20,0.0976,0.1018,0.0,0.0,0.0,0.0,148
2023-05-10 09:32:51,OP90002153,沪深300ETF沽12月3900,0.0,0.0,0.0,0.0,10,0.0995,0.1008,20,0.0976,0.1018,0.0,0.0,0.0,0.0,148
2023-05-10 09:32:52,OP90002153,沪深300ETF沽12月3900,0.0,0.0,0.0,0.0,10,0.0995,0.1008,20,0.0976,0.1018,0.0,0.0,0.0,0.0,148
2023-05-10 09:32:52,OP90002153,沪深300ETF沽12月3900,0.0,0.0,0.0,0.0,10,0.0995,0.1008,20,0.0976,0.1018,0.0,0.0,0.0,0.0,148
2023-05-10 09:32:53,OP90002153,沪深300ETF沽12月3900,0.0,0.0,0.0,0.0,10,0.0995,0.1008,20,0.0976,0.1018,0.0,0.0,0.0,0.0,148
2023-05-10 09:32:53,OP90002153,沪深300ETF沽12月3900,0.0,0.0,0.0,0.0,20,0.0993,0.1008,20,0.0976,0.1018,0.0,0.0,0.0,0.0,148
2023-05-10 09:32:54,OP90002153,沪深300ETF沽12月3900,0.0,0.0,0.0,0.0,10,0.0993,0.1008,20,0.0976,0.1018,0.0,0.0,0.0,0.0,148
2023-05-10 09:32:54,OP90002153,沪深300ETF沽12月3900,0.0,0.0,0.0,0.0,30,0.0993,0.1008,20,0.0976,0.1018,0.0,0.0,0.0,0.0,148
2023-05-10 09:32:55,OP90002153,沪深300ETF沽12月3900,0.0,0.0,0.0,0.0,30,0.0993,0.1008,20,0.0976,0.1018,0.0,0.0,0.0,0.0,148
2023-05-10 09:32:55,OP90002153,沪深300ETF沽12月3900,0.0,0.0,0.0,0.0,30,0.0993,0.1008,20,0.0976,0.1018,0.0,0.0,0.0,0.0,148
2023-05-10 09:32:56,OP90002153,沪深300ETF沽12月3900,0.0,0.0,0.0,0.0,30,0.0993,0.1008,20,0.0976,0.1018,0.0,0.0,0.0,0.0,148
2023-05-10 09:32:56,OP90002153,沪深300ETF沽12月3900,0.0,0.0,0.0,0.0,30,0.0993,0.1008,20,0.0976,0.1018,0.0,0.0,0.0,0.0,148
2023-05-10 09:32:57,OP90002153,沪深300ETF沽12月3900,0.0,0.0,0.0,0.0,30,0.0993,0.1008,20,0.0976,0.1018,0.0,0.0,0.0,0.0,148
2023-05-10 09:32:57,OP90002153,沪深300ETF沽12月3900,0.0,0.0,0.0,0.0,30,0.0993,0.1008,20,0.0976,0.1018,0.0,0.0,0.0,0.0,148
2023-05-10 09:32:58,OP90002153,沪深300ETF沽12月3900,0.0,0.0,0.0,0.0,30,0.0993,0.1008,20,0.0976,0.1018,0.0,0.0,0.0,0.0,148
2023-05-10 09:32:58,OP90002153,沪深300ETF沽12月3900,0.0,0.0,0.0,0.0,30,0.0993,0.1008,20,0.0976,0.1018,0.0,0.0,0.0,0.0,148
2023-05-10 09:32:59,OP90002153,沪深300ETF沽12月3900,0.0,0.0,0.0,0.0,10,0.0993,0.1008,20,0.0976,0.1018,0.0,0.0,0.0,0.0,148
2023-05-10 09:32:59,OP90002153,沪深300ETF沽12月3900,0.0,0.0,0.0,0.0,10,0.0993,0.1008,20,0.0976,0.1018,0.0,0.0,0.0,0.0,148
2023-05-10 09:33:00,OP90002153,沪深300ETF沽12月3900,0.0,0.0,0.0,0.0,10,0.0993,0.1008,20,0.0976,0.1018,0.0,0.0,0.0,0.0,148
2023-05-10 09:33:00,OP90002153,沪深300ETF沽12月3900,0.0,0.0,0.0,0.0,10,0.0993,0.1008,60,0.0976,0.1018,0.0,0.0,0.0,0.0,148
2023-05-10 09:33:01,OP90002153,沪深300ETF沽12月3900,0.0,0.0,0.0,0.0,10,0.0993,0.1008,60,0.0976,0.1018,0.0,0.0,0.0,0.0,148
2023-05-10 09:33:01,OP90002153,沪深300ETF沽12月3900,0.0,0.0,0.0,0.0,10,0.0993,0.1008,60,0.0976,0.1018,0.0,0.0,0.0,0.0,148
2023-05-10 09:33:02,OP90002153,沪深300ETF沽12月3900,0.0,0.0,0.0,0.0,10,0.0993,0.1008,60,0.0976,0.1018,0.0,0.0,0.0,0.0,148
2023-05-10 09:33:02,OP90002153,沪深300ETF沽12月3900,0.0,0.0,0.0,0.0,10,0.0993,0.1008,60,0.0976,0.1018,0.0,0.0,0.0,0.0,148
2023-05-10 09:33:03,OP90002153,沪深300ETF沽12月3900,0.0,0.0,0.0,0.0,10,0.0993,0.1008,60,0.0976,0.1018,0.0,0.0,0.0,0.0,148
2023-05-10 09:33:03,OP90002153,沪深300ETF沽12月3900,0.0,0.0,0.0,0.0,40,0.0991,0.1008,60,0.0976,0.1018,0.0,0.0,0.0,0.0,148
2023-05-10 09:33:04,OP90002153,沪深300ETF沽12月3900,0.0,0.0,0.0,0.0,10,0.0991,0.1007,20,0.0976,0.1018,0.0,0.0,0.0,0.0,148
2023-05-10 09:33:04,OP90002153,沪深300ETF沽12月3900,0.0,0.0,0.0,0.0,10,0.0991,0.1006,15,0.0976,0.1018,0.0,0.0,0.0,0.0,148
2023-05-10 09:33:05,OP90002153,沪深300ETF沽12月3900,0.0,0.0,0.0,0.0,10,0.0991,0.1006,15,0.0976,0.1018,0.0,0.0,0.0,0.0,148
2023-05-10 09:33:05,OP90002153,沪深300ETF沽12月3900,0.0,0.0,0.0,0.0,10,0.0991,0.1006,15,0.0976,0.1018,0.0,0.0,0.0,0.0,148
2023-05-10 09:33:06,OP90002153,沪深300ETF沽12月3900,0.0,0.0,0.0,0.0,30,0.0991,0.1006,15,0.0976,0.1018,0.0,0.0,0.0,0.0,148
2023-05-10 09:33:06,OP90002153,沪深300ETF沽12月3900,0.0,0.0,0.0,0.0,30,0.0991,0.1006,15,0.0976,0.1018,0.0,0.0,0.0,0.0,148
2023-05-10 09:33:07,OP90002153,沪深300ETF沽12月3900,0.0,0.0,0.0,0.0,20,0.0992,0.1006,15,0.0976,0.1018,0.0,0.0,0.0,0.0,148
2023-05-10 09:33:07,OP90002153,沪深300ETF沽12月3900,0.0,0.0,0.0,0.0,10,0.0993,0.1006,15,0.0976,0.1018,0.0,0.0,0.0,0.0,148
2023-05-10 09:33:08,OP90002153,沪深300ETF沽12月3900,0.0,0.0,0.0,0.0,20,0.0994,0.1006,15,0.0976,0.1018,0.0,0.0,0.0,0.0,148
2023-05-10 09:33:08,OP90002153,沪深300ETF沽12月3900,0.0,0.0,0.0,0.0,10,0.0995,0.1006,15,0.0976,0.1018,0.0,0.0,0.0,0.0,148
2023-05-10 09:33:09,OP90002153,沪深300ETF沽12月3900,0.0,0.0,0.0,0.0,30,0.0995,0.1006,15,0.0976,0.1018,0.0,0.0,0.0,0.0,148
2023-05-10 09:33:09,OP90002153,沪深300ETF沽12月3900,0.0,0.0,0.0,0.0,30,0.0995,0.1006,15,0.0976,0.1018,0.0,0.0,0.0,0.0,148
2023-05-10 09:33:10,OP90002153,沪深300ETF沽12月3900,0.0,0.0,0.0,0.0,20,0.0995,0.1006,15,0.0976,0.1018,0.0,0.0,0.0,0.0,148
2023-05-10 09:33:10,OP90002153,沪深300ETF沽12月3900,0.0,0.0,0.0,0.0,20,0.0993,0.1006,15,0.0976,0.1018,0.0,0.0,0.0,0.0,148
2023-05-10 09:33:11,OP90002153,沪深300ETF沽12月3900,0.0,0.0,0.0,0.0,30,0.0992,0.1006,15,0.0976,0.1018,0.0,0.0,0.0,0.0,148
2023-05-10 09:33:11,OP90002153,沪深300ETF沽12月3900,0.0,0.0,0.0,0.0,30,0.0992,0.1006,15,0.0976,0.1018,0.0,0.0,0.0,0.0,148
2023-05-10 09:33:12,OP90002153,沪深300ETF沽12月3900,0.0,0.0,0.0,0.0,10,0.0992,0.1006,15,0.0976,0.1018,0.0,0.0,0.0,0.0,148
2023-05-10 09:33:12,OP90002153,沪深300ETF沽12月3900,0.0,0.0,0.0,0.0,10,0.0992,0.1006,15,0.0976,0.1018,0.0,0.0,0.0,0.0,148
2023-05-10 09:33:13,OP90002153,沪深300ETF沽12月3900,0.0,0.0,0.0,0.0,20,0.099,0.1006,15,0.0976,0.1018,0.0,0.0,0.0,0.0,148
2023-05-10 09:33:13,OP90002153,沪深300ETF沽12月3900,0.0,0.0,0.0,0.0,20,0.099,0.1006,15,0.0976,0.1018,0.0,0.0,0.0,0.0,148
2023-05-10 09:33:14,OP90002153,沪深300ETF沽12月3900,0.0,0.0,0.0,0.0,20,0.099,0.1006,15,0.0976,0.1018,0.0,0.0,0.0,0.0,148
2023-05-10 09:33:14,OP90002153,沪深300ETF沽12月3900,0.0,0.0,0.0,0.0,20,0.099,0.1006,15,0.0976,0.1018,0.0,0.0,0.0,0.0,148
2023-05-10 09:33:15,OP90002153,沪深300ETF沽12月3900,0.0,0.0,0.0,0.0,20,0.099,0.1006,15,0.0976,0.1018,0.0,0.0,0.0,0.0,148
2023-05-10 09:33:15,OP90002153,沪深300ETF沽12月3900,0.0,0.0,0.0,0.0,20,0.099,0.1006,15,0.0976,0.1018,0.0,0.0,0.0,0.0,148
2023-05-10 09:33:16,OP90002153,沪深300ETF沽12月3900,0.0,0.0,0.0,0.0,20,0.099,0.1006,15,0.0976,0.1018,0.0,0.0,0.0,0.0,148
2023-05-10 09:33:16,OP90002153,沪深300ETF沽12月3900,0.0,0.0,0.0,0.0,30,0.0989,0.1006,35,0.0976,0.1018,0.0,0.0,0.0,0.0,148
2023-05-10 09:33:17,OP90002153,沪深300ETF沽12月3900,0.0,0.0,0.0,0.0,30,0.0989,0.1006,35,0.0976,0.1018,0.0,0.0,0.0,0.0,148
2023-05-10 09:33:17,OP90002153,沪深300ETF沽12月3900,0.0,0.0,0.0,0.0,20,0.0988,0.1005,20,0.0976,0.1018,0.0,0.0,0.0,0.0,148
2023-05-10 09:33:18,OP90002153,沪深300ETF沽12月3900,0.0,0.0,0.0,0.0,30,0.0986,0.1004,15,0.0976,0.1018,0.0,0.0,0.0,0.0,148
2023-05-10 09:33:18,OP90002153,沪深300ETF沽12月3900,0.0,0.0,0.0,0.0,35,0.0987,0.1004,35,0.0976,0.1018,0.0,0.0,0.0,0.0,148
2023-05-10 09:33:19,OP90002153,沪深300ETF沽12月3900,0.0,0.0,0.0,0.0,45,0.0987,0.1004,35,0.0976,0.1018,0.0,0.0,0.0,0.0,148
2023-05-10 09:33:19,OP90002153,沪深300ETF沽12月3900,0.0,0.0,0.0,0.0,30,0.0987,0.1004,35,0.0976,0.1018,0.0,0.0,0.0,0.0,148
2023-05-10 09:33:20,OP90002153,沪深300ETF沽12月3900,0.0,0.0,0.0,0.0,30,0.0987,0.1004,35,0.0976,0.1018,0.0,0.0,0.0,0.0,148
2023-05-10 09:33:20,OP90002153,沪深300ETF沽12月3900,0.0,0.0,0.0,0.0,10,0.0987,0.1002,20,0.0976,0.1018,0.0,0.0,0.0,0.0,148
2023-05-10 09:33:21,OP90002153,沪深300ETF沽12月3900,0.0,0.0,0.0,0.0,30,0.0985,0.1002,40,0.0976,0.1018,0.0,0.0,0.0,0.0,148
2023-05-10 09:33:21,OP90002153,沪深300ETF沽12月3900,0.0,0.0,0.0,0.0,30,0.0985,0.1002,40,0.0976,0.1018,0.0,0.0,0.0,0.0,148
2023-05-10 09:33:28,OP90002153,沪深300ETF沽12月3900,0.0,0.0,0.0,0.0,10,0.0985,0.1001,20,0.0976,0.1018,0.0,0.0,0.0,0.0,148
2023-05-10 09:33:28,OP90002153,沪深300ETF沽12月3900,0.0,0.0,0.0,0.0,10,0.0985,0.1,15,0.0976,0.1018,0.0,0.0,0.0,0.0,148
2023-05-10 09:33:29,OP90002153,沪深300ETF沽12月3900,0.0,0.0,0.0,0.0,20,0.0983,0.1,35,0.0976,0.1018,0.0,0.0,0.0,0.0,148
2023-05-10 09:33:29,OP90002153,沪深300ETF沽12月3900,0.0,0.0,0.0,0.0,20,0.0983,0.1,35,0.0976,0.1018,0.0,0.0,0.0,0.0,148
2023-05-10 09:33:31,OP90002153,沪深300ETF沽12月3900,0.0,0.0,0.0,0.0,10,0.0984,0.1,35,0.0976,0.1018,0.0,0.0,0.0,0.0,148
2023-05-10 09:33:32,OP90002153,沪深300ETF沽12月3900,0.0,0.0,0.0,0.0,30,0.0984,0.1,15,0.0976,0.1018,0.0,0.0,0.0,0.0,148
2023-05-10 09:33:32,OP90002153,沪深300ETF沽12月3900,0.0,0.0,0.0,0.0,15,0.0985,0.1,15,0.0976,0.1018,0.0,0.0,0.0,0.0,148
2023-05-10 09:33:33,OP90002153,沪深300ETF沽12月3900,0.0,0.0,0.0,0.0,30,0.0985,0.1,15,0.0976,0.1018,0.0,0.0,0.0,0.0,148
2023-05-10 09:33:33,OP90002153,沪深300ETF沽12月3900,0.0,0.0,0.0,0.0,30,0.0985,0.1,15,0.0976,0.1018,0.0,0.0,0.0,0.0,148
2023-05-10 09:33:34,OP90002153,沪深300ETF沽12月3900,0.0,0.0,0.0,0.0,45,0.0985,0.1,15,0.0976,0.1018,0.0,0.0,0.0,0.0,148
2023-05-10 09:33:35,OP90002153,沪深300ETF沽12月3900,0.0,0.0,0.0,0.0,65,0.0985,0.1,15,0.0976,0.1018,0.0,0.0,0.0,0.0,148
2023-05-10 09:33:38,OP90002153,沪深300ETF沽12月3900,0.0,0.0,0.0,0.0,65,0.0985,0.1,15,0.0976,0.1018,0.0,0.0,0.0,0.0,148
2023-05-10 09:33:39,OP90002153,沪深300ETF沽12月3900,0.0,0.0,0.0,0.0,65,0.0985,0.1,15,0.0976,0.1018,0.0,0.0,0.0,0.0,148
2023-05-10 09:33:41,OP90002153,沪深300ETF沽12月3900,0.0,0.0,0.0,0.0,20,0.0986,0.1,15,0.0976,0.1018,0.0,0.0,0.0,0.0,148
2023-05-10 09:33:41,OP90002153,沪深300ETF沽12月3900,0.0,0.0,0.0,0.0,15,0.0987,0.1002,40,0.0976,0.1018,0.0,0.0,0.0,0.0,148
2023-05-10 09:33:42,OP90002153,沪深300ETF沽12月3900,0.0,0.0,0.0,0.0,30,0.0988,0.1002,25,0.0976,0.1018,0.0,0.0,0.0,0.0,148
2023-05-10 09:33:42,OP90002153,沪深300ETF沽12月3900,0.0,0.0,0.0,0.0,35,0.0989,0.1002,15,0.0976,0.1018,0.0,0.0,0.0,0.0,148
2023-05-10 09:33:43,OP90002153,沪深300ETF沽12月3900,0.0,0.0,0.0,0.0,45,0.0989,0.1002,15,0.0976,0.1018,0.0,0.0,0.0,0.0,148
2023-05-10 09:33:43,OP90002153,沪深300ETF沽12月3900,0.0,0.0,0.0,0.0,45,0.0989,0.1002,15,0.0976,0.1018,0.0,0.0,0.0,0.0,148
2023-05-10 09:33:44,OP90002153,沪深300ETF沽12月3900,0.0,0.0,0.0,0.0,45,0.0989,0.1002,15,0.0976,0.1018,0.0,0.0,0.0,0.0,148
2023-05-10 09:33:46,OP90002153,沪深300ETF沽12月3900,0.0,0.0,0.0,0.0,30,0.0989,0.1002,15,0.0976,0.1018,0.0,0.0,0.0,0.0,148
2023-05-10 09:33:47,OP90002153,沪深300ETF沽12月3900,0.0,0.0,0.0,0.0,25,0.0989,0.1002,15,0.0976,0.1018,0.0,0.0,0.0,0.0,148
2023-05-10 09:33:47,OP90002153,沪深300ETF沽12月3900,0.0,0.0,0.0,0.0,25,0.0989,0.1002,15,0.0976,0.1018,0.0,0.0,0.0,0.0,148
2023-05-10 09:33:53,OP90002153,沪深300ETF沽12月3900,0.0,0.0,0.0,0.0,45,0.0989,0.1002,15,0.0976,0.1018,0.0,0.0,0.0,0.0,148
2023-05-10 09:33:54,OP90002153,沪深300ETF沽12月3900,0.0,0.0,0.0,0.0,10,0.0989,0.1002,15,0.0976,0.1018,0.0,0.0,0.0,0.0,148
2023-05-10 09:33:54,OP90002153,沪深300ETF沽12月3900,0.0,0.0,0.0,0.0,10,0.0989,0.1002,15,0.0976,0.1018,0.0,0.0,0.0,0.0,148
2023-05-10 09:33:55,OP90002153,沪深300ETF沽12月3900,0.0,0.0,0.0,0.0,10,0.0989,0.1002,15,0.0976,0.1018,0.0,0.0,0.0,0.0,148
2023-05-10 09:33:55,OP90002153,沪深300ETF沽12月3900,0.0,0.0,0.0,0.0,25,0.0989,0.1002,15,0.0976,0.1018,0.0,0.0,0.0,0.0,148
2023-05-10 09:33:58,OP90002153,沪深300ETF沽12月3900,0.0,0.0,0.0,0.0,10,0.0989,0.1002,15,0.0976,0.1018,0.0,0.0,0.0,0.0,148
2023-05-10 09:33:59,OP90002153,沪深300ETF沽12月3900,0.0,0.0,0.0,0.0,10,0.0989,0.1002,15,0.0976,0.1018,0.0,0.0,0.0,0.0,148
2023-05-10 09:33:59,OP90002153,沪深300ETF沽12月3900,0.0,0.0,0.0,0.0,15,0.099,0.1002,15,0.0976,0.1018,0.0,0.0,0.0,0.0,148
2023-05-10 09:34:00,OP90002153,沪深300ETF沽12月3900,0.0,0.0,0.0,0.0,10,0.0991,0.1002,15,0.0976,0.1018,0.0,0.0,0.0,0.0,148
2023-05-10 09:34:00,OP90002153,沪深300ETF沽12月3900,0.0,0.0,0.0,0.0,25,0.0991,0.1002,15,0.0976,0.1018,0.0,0.0,0.0,0.0,148
2023-05-10 09:34:01,OP90002153,沪深300ETF沽12月3900,0.0,0.0,0.0,0.0,25,0.0991,0.1002,15,0.0976,0.1018,0.0,0.0,0.0,0.0,148
2023-05-10 09:34:01,OP90002153,沪深300ETF沽12月3900,0.0,0.0,0.0,0.0,25,0.0991,0.1002,15,0.0976,0.1018,0.0,0.0,0.0,0.0,148
2023-05-10 09:34:03,OP90002153,沪深300ETF沽12月3900,0.0,0.0,0.0,0.0,25,0.0991,0.1005,10,0.0976,0.1018,0.0,0.0,0.0,0.0,148
2023-05-10 09:34:03,OP90002153,沪深300ETF沽12月3900,0.0,0.0,0.0,0.0,10,0.0992,0.1004,15,0.0976,0.1018,0.0,0.0,0.0,0.0,148
2023-05-10 09:34:04,OP90002153,沪深300ETF沽12月3900,0.0,0.0,0.0,0.0,35,0.0993,0.1007,30,0.0976,0.1018,0.0,0.0,0.0,0.0,148
2023-05-10 09:34:04,OP90002153,沪深300ETF沽12月3900,0.0,0.0,0.0,0.0,25,0.0993,0.1006,15,0.0976,0.1018,0.0,0.0,0.0,0.0,148
2023-05-10 09:34:05,OP90002153,沪深300ETF沽12月3900,0.0,0.0,0.0,0.0,20,0.0994,0.1006,15,0.0976,0.1018,0.0,0.0,0.0,0.0,148
2023-05-10 09:34:05,OP90002153,沪深300ETF沽12月3900,0.0,0.0,0.0,0.0,15,0.0995,0.1006,15,0.0976,0.1018,0.0,0.0,0.0,0.0,148
2023-05-10 09:34:06,OP90002153,沪深300ETF沽12月3900,0.0,0.0,0.0,0.0,35,0.0995,0.101,30,0.0976,0.1018,0.0,0.0,0.0,0.0,148
2023-05-10 09:34:06,OP90002153,沪深300ETF沽12月3900,0.0,0.0,0.0,0.0,10,0.0996,0.101,20,0.0976,0.1018,0.0,0.0,0.0,0.0,148
2023-05-10 09:34:07,OP90002153,沪深300ETF沽12月3900,0.0,0.0,0.0,0.0,15,0.0996,0.101,20,0.0976,0.1018,0.0,0.0,0.0,0.0,148
2023-05-10 09:34:07,OP90002153,沪深300ETF沽12月3900,0.0,0.0,0.0,0.0,15,0.0996,0.101,20,0.0976,0.1018,0.0,0.0,0.0,0.0,148
2023-05-10 09:34:08,OP90002153,沪深300ETF沽12月3900,0.0,0.0,0.0,0.0,20,0.0995,0.101,20,0.0976,0.1018,0.0,0.0,0.0,0.0,148
2023-05-10 09:34:09,OP90002153,沪深300ETF沽12月3900,0.0,0.0,0.0,0.0,70,0.0994,0.101,20,0.0976,0.1018,0.0,0.0,0.0,0.0,148
2023-05-10 09:34:09,OP90002153,沪深300ETF沽12月3900,0.0,0.0,0.0,0.0,15,0.0995,0.101,20,0.0976,0.1018,0.0,0.0,0.0,0.0,148
2023-05-10 09:34:10,OP90002153,沪深300ETF沽12月3900,0.0,0.0,0.0,0.0,35,0.0995,0.101,20,0.0976,0.1018,0.0,0.0,0.0,0.0,148
2023-05-10 09:34:10,OP90002153,沪深300ETF沽12月3900,0.0,0.0,0.0,0.0,35,0.0995,0.101,20,0.0976,0.1018,0.0,0.0,0.0,0.0,148
2023-05-10 09:34:12,OP90002153,沪深300ETF沽12月3900,0.0,0.0,0.0,0.0,45,0.0995,0.101,20,0.0976,0.1018,0.0,0.0,0.0,0.0,148
2023-05-10 09:34:13,OP90002153,沪深300ETF沽12月3900,0.0,0.0,0.0,0.0,45,0.0995,0.101,20,0.0976,0.1018,0.0,0.0,0.0,0.0,148
2023-05-10 09:34:13,OP90002153,沪深300ETF沽12月3900,0.0,0.0,0.0,0.0,45,0.0995,0.101,20,0.0976,0.1018,0.0,0.0,0.0,0.0,148
2023-05-10 09:34:14,OP90002153,沪深300ETF沽12月3900,0.0,0.0,0.0,0.0,45,0.0995,0.101,20,0.0976,0.1018,0.0,0.0,0.0,0.0,148
2023-05-10 09:34:15,OP90002153,沪深300ETF沽12月3900,0.0,0.0,0.0,0.0,45,0.0995,0.101,20,0.0976,0.1018,0.0,0.0,0.0,0.0,148
2023-05-10 09:34:15,OP90002153,沪深300ETF沽12月3900,0.0,0.0,0.0,0.0,45,0.0995,0.1012,60,0.0976,0.1018,0.0,0.0,0.0,0.0,148
2023-05-10 09:34:16,OP90002153,沪深300ETF沽12月3900,0.0,0.0,0.0,0.0,20,0.0996,0.1011,15,0.0976,0.1018,0.0,0.0,0.0,0.0,148
2023-05-10 09:34:16,OP90002153,沪深300ETF沽12月3900,0.0,0.0,0.0,0.0,25,0.0996,0.1011,15,0.0976,0.1018,0.0,0.0,0.0,0.0,148
2023-05-10 09:34:17,OP90002153,沪深300ETF沽12月3900,0.0,0.0,0.0,0.0,45,0.0996,0.1011,15,0.0976,0.1018,0.0,0.0,0.0,0.0,148
2023-05-10 09:34:17,OP90002153,沪深300ETF沽12月3900,0.0,0.0,0.0,0.0,45,0.0996,0.1011,15,0.0976,0.1018,0.0,0.0,0.0,0.0,148
2023-05-10 09:34:18,OP90002153,沪深300ETF沽12月3900,0.0,0.0,0.0,0.0,30,0.0996,0.1011,15,0.0976,0.1018,0.0,0.0,0.0,0.0,148
2023-05-10 09:34:19,OP90002153,沪深300ETF沽12月3900,0.0,0.0,0.0,0.0,30,0.0996,0.1011,15,0.0976,0.1018,0.0,0.0,0.0,0.0,148
2023-05-10 09:34:20,OP90002153,沪深300ETF沽12月3900,0.0,0.0,0.0,0.0,45,0.0997,0.1011,15,0.0976,0.1018,0.0,0.0,0.0,0.0,148
2023-05-10 09:34:20,OP90002153,沪深300ETF沽12月3900,0.0,0.0,0.0,0.0,45,0.0997,0.1011,15,0.0976,0.1018,0.0,0.0,0.0,0.0,148
2023-05-10 09:34:21,OP90002153,沪深300ETF沽12月3900,0.0,0.0,0.0,0.0,20,0.0998,0.1011,15,0.0976,0.1018,0.0,0.0,0.0,0.0,148
2023-05-10 09:34:21,OP90002153,沪深300ETF沽12月3900,0.0,0.0,0.0,0.0,20,0.0998,0.1011,15,0.0976,0.1018,0.0,0.0,0.0,0.0,148
2023-05-10 09:34:22,OP90002153,沪深300ETF沽12月3900,0.0,0.0,0.0,0.0,20,0.0998,0.1011,15,0.0976,0.1018,0.0,0.0,0.0,0.0,148
2023-05-10 09:34:22,OP90002153,沪深300ETF沽12月3900,0.0,0.0,0.0,0.0,20,0.0998,0.1011,15,0.0976,0.1018,0.0,0.0,0.0,0.0,148
2023-05-10 09:34:23,OP90002153,沪深300ETF沽12月3900,0.0,0.0,0.0,0.0,45,0.0998,0.1011,15,0.0976,0.1018,0.0,0.0,0.0,0.0,148
2023-05-10 09:34:23,OP90002153,沪深300ETF沽12月3900,0.0,0.0,0.0,0.0,30,0.0998,0.1011,15,0.0976,0.1018,0.0,0.0,0.0,0.0,148
2023-05-10 09:34:24,OP90002153,沪深300ETF沽12月3900,0.0,0.0,0.0,0.0,30,0.0998,0.1011,15,0.0976,0.1018,0.0,0.0,0.0,0.0,148
2023-05-10 09:34:24,OP90002153,沪深300ETF沽12月3900,0.0,0.0,0.0,0.0,45,0.0998,0.1011,15,0.0976,0.1018,0.0,0.0,0.0,0.0,148
2023-05-10 09:34:27,OP90002153,沪深300ETF沽12月3900,0.0,0.0,0.0,0.0,30,0.0998,0.1011,15,0.0976,0.1018,0.0,0.0,0.0,0.0,148
2023-05-10 09:34:28,OP90002153,沪深300ETF沽12月3900,0.0,0.0,0.0,0.0,30,0.0998,0.1011,15,0.0976,0.1018,0.0,0.0,0.0,0.0,148
2023-05-10 09:34:28,OP90002153,沪深300ETF沽12月3900,0.0,0.0,0.0,0.0,15,0.0999,0.1011,15,0.0976,0.1018,0.0,0.0,0.0,0.0,148
2023-05-10 09:34:29,OP90002153,沪深300ETF沽12月3900,0.0,0.0,0.0,0.0,45,0.0999,0.1011,15,0.0976,0.1018,0.0,0.0,0.0,0.0,148
2023-05-10 09:34:29,OP90002153,沪深300ETF沽12月3900,0.0,0.0,0.0,0.0,25,0.0999,0.1011,15,0.0976,0.1018,0.0,0.0,0.0,0.0,148
2023-05-10 09:34:30,OP90002153,沪深300ETF沽12月3900,0.0,0.0,0.0,0.0,25,0.0999,0.1011,15,0.0976,0.1018,0.0,0.0,0.0,0.0,148
2023-05-10 09:34:30,OP90002153,沪深300ETF沽12月3900,0.0,0.0,0.0,0.0,45,0.0999,0.1011,15,0.0976,0.1018,0.0,0.0,0.0,0.0,148
2023-05-10 09:34:31,OP90002153,沪深300ETF沽12月3900,0.0,0.0,0.0,0.0,45,0.0999,0.1011,15,0.0976,0.1018,0.0,0.0,0.0,0.0,148
2023-05-10 09:34:31,OP90002153,沪深300ETF沽12月3900,0.0,0.0,0.0,0.0,45,0.0999,0.1011,15,0.0976,0.1018,0.0,0.0,0.0,0.0,148
2023-05-10 09:34:32,OP90002153,沪深300ETF沽12月3900,0.0,0.0,0.0,0.0,45,0.0999,0.1011,15,0.0976,0.1018,0.0,0.0,0.0,0.0,148
2023-05-10 09:34:32,OP90002153,沪深300ETF沽12月3900,0.0,0.0,0.0,0.0,25,0.0999,0.1011,15,0.0976,0.1018,0.0,0.0,0.0,0.0,148
2023-05-10 09:34:33,OP90002153,沪深300ETF沽12月3900,0.0,0.0,0.0,0.0,45,0.0999,0.1015,10,0.0976,0.1018,0.0,0.0,0.0,0.0,148
2023-05-10 09:34:33,OP90002153,沪深300ETF沽12月3900,0.0,0.0,0.0,0.0,10,0.1,0.1014,15,0.0976,0.1018,0.0,0.0,0.0,0.0,148
2023-05-10 09:34:34,OP90002153,沪深300ETF沽12月3900,0.0,0.0,0.0,0.0,30,0.1,0.1014,15,0.0976,0.1018,0.0,0.0,0.0,0.0,148
2023-05-10 09:34:34,OP90002153,沪深300ETF沽12月3900,0.0,0.0,0.0,0.0,30,0.1,0.1014,15,0.0976,0.1018,0.0,0.0,0.0,0.0,148
2023-05-10 09:34:35,OP90002153,沪深300ETF沽12月3900,0.0,0.0,0.0,0.0,15,0.1001,0.1014,15,0.0976,0.1018,0.0,0.0,0.0,0.0,148
2023-05-10 09:34:35,OP90002153,沪深300ETF沽12月3900,0.0,0.0,0.0,0.0,10,0.1001,0.1014,15,0.0976,0.1018,0.0,0.0,0.0,0.0,148
2023-05-10 09:34:36,OP90002153,沪深300ETF沽12月3900,0.0,0.0,0.0,0.0,10,0.1001,0.1014,15,0.0976,0.1018,0.0,0.0,0.0,0.0,148
2023-05-10 09:34:37,OP90002153,沪深300ETF沽12月3900,0.0,0.0,0.0,0.0,10,0.1001,0.1014,15,0.0976,0.1018,0.0,0.0,0.0,0.0,148
2023-05-10 09:34:38,OP90002153,沪深300ETF沽12月3900,0.0,0.0,0.0,0.0,10,0.1001,0.1014,15,0.0976,0.1018,0.0,0.0,0.0,0.0,148
2023-05-10 09:34:39,OP90002153,沪深300ETF沽12月3900,0.0,0.0,0.0,0.0,30,0.1001,0.1014,15,0.0976,0.1018,0.0,0.0,0.0,0.0,148
2023-05-10 09:34:39,OP90002153,沪深300ETF沽12月3900,0.0,0.0,0.0,0.0,10,0.1001,0.1014,15,0.0976,0.1018,0.0,0.0,0.0,0.0,148
2023-05-10 09:34:40,OP90002153,沪深300ETF沽12月3900,0.0,0.0,0.0,0.0,10,0.1001,0.1014,15,0.0976,0.1018,0.0,0.0,0.0,0.0,148
2023-05-10 09:34:41,OP90002153,沪深300ETF沽12月3900,0.0,0.0,0.0,0.0,10,0.1001,0.1014,15,0.0976,0.1018,0.0,0.0,0.0,0.0,148
2023-05-10 09:34:42,OP90002153,沪深300ETF沽12月3900,0.0,0.0,0.0,0.0,10,0.1001,0.1014,15,0.0976,0.1018,0.0,0.0,0.0,0.0,148
2023-05-10 09:34:42,OP90002153,沪深300ETF沽12月3900,0.0,0.0,0.0,0.0,10,0.1001,0.1014,15,0.0976,0.1018,0.0,0.0,0.0,0.0,148
2023-05-10 09:34:43,OP90002153,沪深300ETF沽12月3900,0.0,0.0,0.0,0.0,10,0.1001,0.1014,15,0.0976,0.1018,0.0,0.0,0.0,0.0,148
2023-05-10 09:34:44,OP90002153,沪深300ETF沽12月3900,0.0,0.0,0.0,0.0,30,0.1001,0.1014,15,0.0976,0.1018,0.0,0.0,0.0,0.0,148
2023-05-10 09:34:44,OP90002153,沪深300ETF沽12月3900,0.0,0.0,0.0,0.0,10,0.1001,0.1014,15,0.0976,0.1018,0.0,0.0,0.0,0.0,148
2023-05-10 09:34:45,OP90002153,沪深300ETF沽12月3900,0.0,0.0,0.0,0.0,30,0.1001,0.1014,15,0.0976,0.1018,0.0,0.0,0.0,0.0,148
2023-05-10 09:34:46,OP90002153,沪深300ETF沽12月3900,0.0,0.0,0.0,0.0,15,0.1002,0.1014,15,0.0976,0.1018,0.0,0.0,0.0,0.0,148
2023-05-10 09:34:46,OP90002153,沪深300ETF沽12月3900,0.0,0.0,0.0,0.0,30,0.1003,0.1014,15,0.0976,0.1018,0.0,0.0,0.0,0.0,148
2023-05-10 09:34:47,OP90002153,沪深300ETF沽12月3900,0.0,0.0,0.0,0.0,45,0.1003,0.1014,15,0.0976,0.1018,0.0,0.0,0.0,0.0,148
2023-05-10 09:34:47,OP90002153,沪深300ETF沽12月3900,0.0,0.0,0.0,0.0,20,0.1003,0.1014,15,0.0976,0.1018,0.0,0.0,0.0,0.0,148
2023-05-10 09:34:48,OP90002153,沪深300ETF沽12月3900,0.0,0.0,0.0,0.0,10,0.1001,0.1014,15,0.0976,0.1018,0.0,0.0,0.0,0.0,148
2023-05-10 09:34:48,OP90002153,沪深300ETF沽12月3900,0.0,0.0,0.0,0.0,45,0.1001,0.1014,15,0.0976,0.1018,0.0,0.0,0.0,0.0,148
2023-05-10 09:34:49,OP90002153,沪深300ETF沽12月3900,0.0,0.0,0.0,0.0,30,0.1001,0.1014,15,0.0976,0.1018,0.0,0.0,0.0,0.0,148
2023-05-10 09:34:49,OP90002153,沪深300ETF沽12月3900,0.0,0.0,0.0,0.0,30,0.1001,0.1014,15,0.0976,0.1018,0.0,0.0,0.0,0.0,148
2023-05-10 09:34:50,OP90002153,沪深300ETF沽12月3900,0.0,0.0,0.0,0.0,45,0.1001,0.1014,15,0.0976,0.1018,0.0,0.0,0.0,0.0,148
2023-05-10 09:34:50,OP90002153,沪深300ETF沽12月3900,0.0,0.0,0.0,0.0,30,0.1001,0.1014,15,0.0976,0.1018,0.0,0.0,0.0,0.0,148
2023-05-10 09:34:51,OP90002153,沪深300ETF沽12月3900,0.0,0.0,0.0,0.0,30,0.1001,0.1014,15,0.0976,0.1018,0.0,0.0,0.0,0.0,148
2023-05-10 09:34:51,OP90002153,沪深300ETF沽12月3900,0.0,0.0,0.0,0.0,10,0.1001,0.1014,15,0.0976,0.1018,0.0,0.0,0.0,0.0,148
2023-05-10 09:34:52,OP90002153,沪深300ETF沽12月3900,0.0,0.0,0.0,0.0,10,0.1001,0.1014,15,0.0976,0.1018,0.0,0.0,0.0,0.0,148
2023-05-10 09:34:52,OP90002153,沪深300ETF沽12月3900,0.0,0.0,0.0,0.0,10,0.1001,0.1014,15,0.0976,0.1018,0.0,0.0,0.0,0.0,148
2023-05-10 09:34:53,OP90002153,沪深300ETF沽12月3900,0.0,0.0,0.0,0.0,10,0.1001,0.1014,15,0.0976,0.1018,0.0,0.0,0.0,0.0,148
2023-05-10 09:34:53,OP90002153,沪深300ETF沽12月3900,0.0,0.0,0.0,0.0,10,0.1001,0.1014,15,0.0976,0.1018,0.0,0.0,0.0,0.0,148
2023-05-10 09:34:54,OP90002153,沪深300ETF沽12月3900,0.0,0.0,0.0,0.0,10,0.1001,0.1014,15,0.0976,0.1018,0.0,0.0,0.0,0.0,148
2023-05-10 09:34:54,OP90002153,沪深300ETF沽12月3900,0.0,0.0,0.0,0.0,10,0.1001,0.1014,15,0.0976,0.1018,0.0,0.0,0.0,0.0,148
2023-05-10 09:34:55,OP90002153,沪深300ETF沽12月3900,0.0,0.0,0.0,0.0,10,0.1001,0.1014,15,0.0976,0.1018,0.0,0.0,0.0,0.0,148
2023-05-10 09:34:55,OP90002153,沪深300ETF沽12月3900,0.0,0.0,0.0,0.0,30,0.1001,0.1014,15,0.0976,0.1018,0.0,0.0,0.0,0.0,148
2023-05-10 09:34:56,OP90002153,沪深300ETF沽12月3900,0.0,0.0,0.0,0.0,20,0.0999,0.1014,15,0.0976,0.1018,0.0,0.0,0.0,0.0,148
2023-05-10 09:34:56,OP90002153,沪深300ETF沽12月3900,0.0,0.0,0.0,0.0,15,0.0999,0.1014,35,0.0976,0.1018,0.0,0.0,0.0,0.0,148
2023-05-10 09:34:57,OP90002153,沪深300ETF沽12月3900,0.0,0.0,0.0,0.0,45,0.0999,0.1014,15,0.0976,0.1018,0.0,0.0,0.0,0.0,148
2023-05-10 09:34:57,OP90002153,沪深300ETF沽12月3900,0.0,0.0,0.0,0.0,30,0.0999,0.1014,15,0.0976,0.1018,0.0,0.0,0.0,0.0,148
2023-05-10 09:34:58,OP90002153,沪深300ETF沽12月3900,0.0,0.0,0.0,0.0,30,0.0999,0.1014,15,0.0976,0.1018,0.0,0.0,0.0,0.0,148
2023-05-10 09:34:58,OP90002153,沪深300ETF沽12月3900,0.0,0.0,0.0,0.0,30,0.0999,0.1014,15,0.0976,0.1018,0.0,0.0,0.0,0.0,148
2023-05-10 09:34:59,OP90002153,沪深300ETF沽12月3900,0.0,0.0,0.0,0.0,30,0.0999,0.1014,15,0.0976,0.1018,0.0,0.0,0.0,0.0,148
2023-05-10 09:34:59,OP90002153,沪深300ETF沽12月3900,0.0,0.0,0.0,0.0,45,0.0999,0.1014,15,0.0976,0.1018,0.0,0.0,0.0,0.0,148
2023-05-10 09:35:00,OP90002153,沪深300ETF沽12月3900,0.0,0.0,0.0,0.0,30,0.0999,0.1014,15,0.0976,0.1018,0.0,0.0,0.0,0.0,148
2023-05-10 09:35:01,OP90002153,沪深300ETF沽12月3900,0.0,0.0,0.0,0.0,30,0.0999,0.1014,15,0.0976,0.1018,0.0,0.0,0.0,0.0,148
2023-05-10 09:35:01,OP90002153,沪深300ETF沽12月3900,0.0,0.0,0.0,0.0,45,0.0999,0.1014,15,0.0976,0.1018,0.0,0.0,0.0,0.0,148
2023-05-10 09:35:02,OP90002153,沪深300ETF沽12月3900,0.0,0.0,0.0,0.0,20,0.1,0.1014,15,0.0976,0.1018,0.0,0.0,0.0,0.0,148
2023-05-10 09:35:02,OP90002153,沪深300ETF沽12月3900,0.0,0.0,0.0,0.0,35,0.1001,0.1014,15,0.0976,0.1018,0.0,0.0,0.0,0.0,148
2023-05-10 09:35:03,OP90002153,沪深300ETF沽12月3900,0.0,0.0,0.0,0.0,10,0.1002,0.1017,10,0.0976,0.1018,0.0,0.0,0.0,0.0,148
2023-05-10 09:35:03,OP90002153,沪深300ETF沽12月3900,0.0,0.0,0.0,0.0,35,0.1003,0.1016,15,0.0976,0.1018,0.0,0.0,0.0,0.0,148
2023-05-10 09:35:04,OP90002153,沪深300ETF沽12月3900,0.0,0.0,0.0,0.0,35,0.1003,0.1016,15,0.0976,0.1018,0.0,0.0,0.0,0.0,148
2023-05-10 09:35:04,OP90002153,沪深300ETF沽12月3900,0.0,0.0,0.0,0.0,10,0.1004,0.1019,10,0.0976,0.1018,0.0,0.0,0.0,0.0,148
2023-05-10 09:35:05,OP90002153,沪深300ETF沽12月3900,0.0,0.0,0.0,0.0,15,0.1005,0.1018,15,0.0976,0.1018,0.0,0.0,0.0,0.0,148
2023-05-10 09:35:05,OP90002153,沪深300ETF沽12月3900,0.0,0.0,0.0,0.0,10,0.1006,0.1018,15,0.0976,0.1018,0.0,0.0,0.0,0.0,148
2023-05-10 09:35:06,OP90002153,沪深300ETF沽12月3900,0.0,0.0,0.0,0.0,45,0.1006,0.1018,15,0.0976,0.1018,0.0,0.0,0.0,0.0,148
2023-05-10 09:35:06,OP90002153,沪深300ETF沽12月3900,0.0,0.0,0.0,0.0,20,0.1007,0.102,10,0.0976,0.1018,0.0,0.0,0.0,0.0,148
2023-05-10 09:35:07,OP90002153,沪深300ETF沽12月3900,0.0,0.0,0.0,0.0,30,0.1006,0.1019,15,0.0976,0.1018,0.0,0.0,0.0,0.0,148
2023-05-10 09:35:07,OP90002153,沪深300ETF沽12月3900,0.0,0.0,0.0,0.0,45,0.1006,0.1019,15,0.0976,0.1018,0.0,0.0,0.0,0.0,148
2023-05-10 09:35:08,OP90002153,沪深300ETF沽12月3900,0.0,0.0,0.0,0.0,50,0.1004,0.1019,35,0.0976,0.1018,0.0,0.0,0.0,0.0,148
2023-05-10 09:35:08,OP90002153,沪深300ETF沽12月3900,0.0,0.0,0.0,0.0,15,0.1005,0.1019,35,0.0976,0.1018,0.0,0.0,0.0,0.0,148
2023-05-10 09:35:09,OP90002153,沪深300ETF沽12月3900,0.0,0.0,0.0,0.0,15,0.1005,0.1019,35,0.0976,0.1018,0.0,0.0,0.0,0.0,148
2023-05-10 09:35:10,OP90002153,沪深300ETF沽12月3900,0.0,0.0,0.0,0.0,10,0.1004,0.1019,35,0.0976,0.1018,0.0,0.0,0.0,0.0,148
2023-05-10 09:35:16,OP90002153,沪深300ETF沽12月3900,0.0,0.0,0.0,0.0,30,0.1004,0.1019,35,0.0976,0.1018,0.0,0.0,0.0,0.0,148
2023-05-10 09:35:17,OP90002153,沪深300ETF沽12月3900,0.0,0.0,0.0,0.0,15,0.1005,0.1019,35,0.0976,0.1018,0.0,0.0,0.0,0.0,148
2023-05-10 09:35:17,OP90002153,沪深300ETF沽12月3900,0.0,0.0,0.0,0.0,20,0.1006,0.1019,35,0.0976,0.1018,0.0,0.0,0.0,0.0,148
2023-05-10 09:35:18,OP90002153,沪深300ETF沽12月3900,0.0,0.0,0.0,0.0,15,0.1007,0.1019,35,0.0976,0.1018,0.0,0.0,0.0,0.0,148
2023-05-10 09:35:18,OP90002153,沪深300ETF沽12月3900,0.0,0.0,0.0,0.0,45,0.1007,0.1019,35,0.0976,0.1018,0.0,0.0,0.0,0.0,148
2023-05-10 09:35:19,OP90002153,沪深300ETF沽12月3900,0.0,0.0,0.0,0.0,45,0.1007,0.1019,20,0.0976,0.1018,0.0,0.0,0.0,0.0,148
2023-05-10 09:35:21,OP90002153,沪深300ETF沽12月3900,0.0,0.0,0.0,0.0,25,0.1007,0.1019,20,0.0976,0.1018,0.0,0.0,0.0,0.0,148
2023-05-10 09:35:22,OP90002153,沪深300ETF沽12月3900,0.0,0.0,0.0,0.0,25,0.1007,0.1018,15,0.0976,0.1018,0.0,0.0,0.0,0.0,148
2023-05-10 09:35:23,OP90002153,沪深300ETF沽12月3900,0.0,0.0,0.0,0.0,25,0.1007,0.1019,20,0.0976,0.1018,0.0,0.0,0.0,0.0,148
2023-05-10 09:35:24,OP90002153,沪深300ETF沽12月3900,0.0,0.0,0.0,0.0,25,0.1007,0.1019,35,0.0976,0.1018,0.0,0.0,0.0,0.0,148
2023-05-10 09:35:25,OP90002153,沪深300ETF沽12月3900,0.0,0.0,0.0,0.0,25,0.1007,0.102,20,0.0976,0.1018,0.0,0.0,0.0,0.0,148
2023-05-10 09:35:25,OP90002153,沪深300ETF沽12月3900,0.0,0.0,0.0,0.0,25,0.1007,0.102,35,0.0976,0.1018,0.0,0.0,0.0,0.0,148
2023-05-10 09:35:26,OP90002153,沪深300ETF沽12月3900,0.0,0.0,0.0,0.0,45,0.1007,0.102,35,0.0976,0.1018,0.0,0.0,0.0,0.0,148
2023-05-10 09:35:28,OP90002153,沪深300ETF沽12月3900,0.0,0.0,0.0,0.0,45,0.1007,0.102,20,0.0976,0.1018,0.0,0.0,0.0,0.0,148
2023-05-10 09:35:29,OP90002153,沪深300ETF沽12月3900,0.0,0.0,0.0,0.0,45,0.1007,0.102,20,0.0976,0.1018,0.0,0.0,0.0,0.0,148
2023-05-10 09:35:29,OP90002153,沪深300ETF沽12月3900,0.0,0.0,0.0,0.0,45,0.1007,0.102,35,0.0976,0.1018,0.0,0.0,0.0,0.0,148
2023-05-10 09:35:30,OP90002153,沪深300ETF沽12月3900,0.0,0.0,0.0,0.0,45,0.1007,0.102,20,0.0976,0.1018,0.0,0.0,0.0,0.0,148
2023-05-10 09:35:31,OP90002153,沪深300ETF沽12月3900,0.0,0.0,0.0,0.0,45,0.1007,0.102,20,0.0976,0.1018,0.0,0.0,0.0,0.0,148
2023-05-10 09:35:31,OP90002153,沪深300ETF沽12月3900,0.0,0.0,0.0,0.0,45,0.1007,0.102,35,0.0976,0.1018,0.0,0.0,0.0,0.0,148
2023-05-10 09:35:34,OP90002153,沪深300ETF沽12月3900,0.0,0.0,0.0,0.0,45,0.1007,0.102,35,0.0976,0.1018,0.0,0.0,0.0,0.0,148
2023-05-10 09:35:34,OP90002153,沪深300ETF沽12月3900,0.0,0.0,0.0,0.0,45,0.1007,0.102,35,0.0976,0.1018,0.0,0.0,0.0,0.0,148
2023-05-10 09:35:38,OP90002153,沪深300ETF沽12月3900,0.0,0.0,0.0,0.0,45,0.1007,0.102,35,0.0976,0.1018,0.0,0.0,0.0,0.0,148
2023-05-10 09:35:40,OP90002153,沪深300ETF沽12月3900,0.0,0.0,0.0,0.0,45,0.1007,0.102,35,0.0976,0.1018,0.0,0.0,0.0,0.0,148
2023-05-10 09:35:47,OP90002153,沪深300ETF沽12月3900,0.0,0.0,0.0,0.0,10,0.1007,0.102,35,0.0976,0.1018,0.0,0.0,0.0,0.0,148
2023-05-10 09:35:48,OP90002153,沪深300ETF沽12月3900,0.0,0.0,0.0,0.0,10,0.1007,0.102,35,0.0976,0.1018,0.0,0.0,0.0,0.0,148
2023-05-10 09:35:49,OP90002153,沪深300ETF沽12月3900,0.0,0.0,0.0,0.0,10,0.1007,0.102,35,0.0976,0.1018,0.0,0.0,0.0,0.0,148
2023-05-10 09:35:50,OP90002153,沪深300ETF沽12月3900,0.0,0.0,0.0,0.0,10,0.1007,0.102,35,0.0976,0.1018,0.0,0.0,0.0,0.0,148
2023-05-10 09:35:50,OP90002153,沪深300ETF沽12月3900,0.0,0.0,0.0,0.0,30,0.1007,0.102,35,0.0976,0.1018,0.0,0.0,0.0,0.0,148
2023-05-10 09:35:51,OP90002153,沪深300ETF沽12月3900,0.0,0.0,0.0,0.0,20,0.1007,0.102,35,0.0976,0.1018,0.0,0.0,0.0,0.0,148
2023-05-10 09:35:51,OP90002153,沪深300ETF沽12月3900,0.0,0.0,0.0,0.0,30,0.1006,0.102,35,0.0976,0.1018,0.0,0.0,0.0,0.0,148
2023-05-10 09:35:52,OP90002153,沪深300ETF沽12月3900,0.0,0.0,0.0,0.0,45,0.1006,0.102,35,0.0976,0.1018,0.0,0.0,0.0,0.0,148
2023-05-10 09:35:52,OP90002153,沪深300ETF沽12月3900,0.0,0.0,0.0,0.0,45,0.1006,0.102,35,0.0976,0.1018,0.0,0.0,0.0,0.0,148
2023-05-10 09:35:55,OP90002153,沪深300ETF沽12月3900,0.0,0.0,0.0,0.0,10,0.1006,0.102,35,0.0976,0.1018,0.0,0.0,0.0,0.0,148
2023-05-10 09:35:56,OP90002153,沪深300ETF沽12月3900,0.0,0.0,0.0,0.0,25,0.1006,0.102,35,0.0976,0.1018,0.0,0.0,0.0,0.0,148
2023-05-10 09:35:57,OP90002153,沪深300ETF沽12月3900,0.0,0.0,0.0,0.0,10,0.1006,0.102,35,0.0976,0.1018,0.0,0.0,0.0,0.0,148
2023-05-10 09:35:59,OP90002153,沪深300ETF沽12月3900,0.0,0.0,0.0,0.0,10,0.1006,0.102,35,0.0976,0.1018,0.0,0.0,0.0,0.0,148
2023-05-10 09:36:00,OP90002153,沪深300ETF沽12月3900,0.0,0.0,0.0,0.0,70,0.1003,0.102,35,0.0976,0.1018,0.0,0.0,0.0,0.0,148
2023-05-10 09:36:00,OP90002153,沪深300ETF沽12月3900,0.0,0.0,0.0,0.0,30,0.1003,0.102,55,0.0976,0.1018,0.0,0.0,0.0,0.0,148
2023-05-10 09:36:01,OP90002153,沪深300ETF沽12月3900,0.0,0.0,0.0,0.0,20,0.1002,0.1019,20,0.0976,0.1018,0.0,0.0,0.0,0.0,148
2023-05-10 09:36:01,OP90002153,沪深300ETF沽12月3900,0.0,0.0,0.0,0.0,10,0.1002,0.1018,35,0.0976,0.1018,0.0,0.0,0.0,0.0,148
2023-05-10 09:36:02,OP90002153,沪深300ETF沽12月3900,0.0,0.0,0.0,0.0,10,0.1002,0.1018,35,0.0976,0.1018,0.0,0.0,0.0,0.0,148
2023-05-10 09:36:03,OP90002153,沪深300ETF沽12月3900,0.0,0.0,0.0,0.0,10,0.1002,0.1018,35,0.0976,0.1018,0.0,0.0,0.0,0.0,148
2023-05-10 09:36:04,OP90002153,沪深300ETF沽12月3900,0.0,0.0,0.0,0.0,10,0.1002,0.1018,35,0.0976,0.1018,0.0,0.0,0.0,0.0,148
2023-05-10 09:36:05,OP90002153,沪深300ETF沽12月3900,0.0,0.0,0.0,0.0,10,0.1002,0.1018,35,0.0976,0.1018,0.0,0.0,0.0,0.0,148
2023-05-10 09:36:06,OP90002153,沪深300ETF沽12月3900,0.0,0.0,0.0,0.0,10,0.1002,0.1018,35,0.0976,0.1018,0.0,0.0,0.0,0.0,148
2023-05-10 09:36:07,OP90002153,沪深300ETF沽12月3900,0.0,0.0,0.0,0.0,10,0.1002,0.1018,35,0.0976,0.1018,0.0,0.0,0.0,0.0,148
2023-05-10 09:36:08,OP90002153,沪深300ETF沽12月3900,0.0,0.0,0.0,0.0,10,0.1002,0.1018,35,0.0976,0.1018,0.0,0.0,0.0,0.0,148
2023-05-10 09:36:08,OP90002153,沪深300ETF沽12月3900,0.0,0.0,0.0,0.0,10,0.1002,0.1017,20,0.0976,0.1018,0.0,0.0,0.0,0.0,148
2023-05-10 09:36:09,OP90002153,沪深300ETF沽12月3900,0.0,0.0,0.0,0.0,10,0.1001,0.1016,15,0.0976,0.1018,0.0,0.0,0.0,0.0,148
2023-05-10 09:36:09,OP90002153,沪深300ETF沽12月3900,0.0,0.0,0.0,0.0,10,0.1001,0.1016,55,0.0976,0.1018,0.0,0.0,0.0,0.0,148
2023-05-10 09:36:10,OP90002153,沪深300ETF沽12月3900,0.0,0.0,0.0,0.0,10,0.1001,0.1015,20,0.0976,0.1018,0.0,0.0,0.0,0.0,148
2023-05-10 09:36:10,OP90002153,沪深300ETF沽12月3900,0.0,0.0,0.0,0.0,10,0.1001,0.1014,15,0.0976,0.1018,0.0,0.0,0.0,0.0,148
2023-05-10 09:36:11,OP90002153,沪深300ETF沽12月3900,0.0,0.0,0.0,0.0,10,0.0999,0.1014,15,0.0976,0.1018,0.0,0.0,0.0,0.0,148
2023-05-10 09:36:11,OP90002153,沪深300ETF沽12月3900,0.0,0.0,0.0,0.0,10,0.0999,0.1014,35,0.0976,0.1018,0.0,0.0,0.0,0.0,148
2023-05-10 09:36:12,OP90002153,沪深300ETF沽12月3900,0.0,0.0,0.0,0.0,25,0.0999,0.1014,35,0.0976,0.1018,0.0,0.0,0.0,0.0,148
2023-05-10 09:36:13,OP90002153,沪深300ETF沽12月3900,0.0,0.0,0.0,0.0,25,0.0999,0.1014,15,0.0976,0.1018,0.0,0.0,0.0,0.0,148
2023-05-10 09:36:15,OP90002153,沪深300ETF沽12月3900,0.0,0.0,0.0,0.0,25,0.0999,0.1014,15,0.0976,0.1018,0.0,0.0,0.0,0.0,148
2023-05-10 09:36:15,OP90002153,沪深300ETF沽12月3900,0.0,0.0,0.0,0.0,25,0.0999,0.1014,15,0.0976,0.1018,0.0,0.0,0.0,0.0,148
2023-05-10 09:36:17,OP90002153,沪深300ETF沽12月3900,0.0,0.0,0.0,0.0,10,0.0999,0.1014,55,0.0976,0.1018,0.0,0.0,0.0,0.0,148
2023-05-10 09:36:17,OP90002153,沪深300ETF沽12月3900,0.0,0.0,0.0,0.0,50,0.0997,0.1014,55,0.0976,0.1018,0.0,0.0,0.0,0.0,148
2023-05-10 09:36:18,OP90002153,沪深300ETF沽12月3900,0.0,0.0,0.0,0.0,15,0.0998,0.1013,20,0.0976,0.1018,0.0,0.0,0.0,0.0,148
2023-05-10 09:36:18,OP90002153,沪深300ETF沽12月3900,0.0,0.0,0.0,0.0,30,0.0997,0.1014,75,0.0976,0.1018,0.0,0.0,0.0,0.0,148
2023-05-10 09:36:19,OP90002153,沪深300ETF沽12月3900,0.0,0.0,0.0,0.0,10,0.0997,0.1013,20,0.0976,0.1018,0.0,0.0,0.0,0.0,148
2023-05-10 09:36:19,OP90002153,沪深300ETF沽12月3900,0.0,0.0,0.0,0.0,10,0.0997,0.1012,15,0.0976,0.1018,0.0,0.0,0.0,0.0,148
2023-05-10 09:36:20,OP90002153,沪深300ETF沽12月3900,0.0,0.0,0.0,0.0,40,0.0996,0.1012,35,0.0976,0.1018,0.0,0.0,0.0,0.0,148
2023-05-10 09:36:20,OP90002153,沪深300ETF沽12月3900,0.0,0.0,0.0,0.0,10,0.0996,0.1012,35,0.0976,0.1018,0.0,0.0,0.0,0.0,148
2023-05-10 09:36:21,OP90002153,沪深300ETF沽12月3900,0.0,0.0,0.0,0.0,10,0.0996,0.1012,35,0.0976,0.1018,0.0,0.0,0.0,0.0,148
2023-05-10 09:36:21,OP90002153,沪深300ETF沽12月3900,0.0,0.0,0.0,0.0,10,0.0996,0.1011,20,0.0976,0.1018,0.0,0.0,0.0,0.0,148
2023-05-10 09:36:22,OP90002153,沪深300ETF沽12月3900,0.0,0.0,0.0,0.0,10,0.0996,0.101,15,0.0976,0.1018,0.0,0.0,0.0,0.0,148
2023-05-10 09:36:22,OP90002153,沪深300ETF沽12月3900,0.0,0.0,0.0,0.0,25,0.0996,0.101,55,0.0976,0.1018,0.0,0.0,0.0,0.0,148
2023-05-10 09:36:23,OP90002153,沪深300ETF沽12月3900,0.0,0.0,0.0,0.0,10,0.0996,0.101,55,0.0976,0.1018,0.0,0.0,0.0,0.0,148
2023-05-10 09:36:23,OP90002153,沪深300ETF沽12月3900,0.0,0.0,0.0,0.0,10,0.0996,0.101,55,0.0976,0.1018,0.0,0.0,0.0,0.0,148
2023-05-10 09:36:24,OP90002153,沪深300ETF沽12月3900,0.0,0.0,0.0,0.0,25,0.0996,0.101,75,0.0976,0.1018,0.0,0.0,0.0,0.0,148
2023-05-10 09:36:24,OP90002153,沪深300ETF沽12月3900,0.0,0.0,0.0,0.0,10,0.0996,0.101,75,0.0976,0.1018,0.0,0.0,0.0,0.0,148
2023-05-10 09:36:25,OP90002153,沪深300ETF沽12月3900,0.0,0.0,0.0,0.0,10,0.0996,0.101,55,0.0976,0.1018,0.0,0.0,0.0,0.0,148
2023-05-10 09:36:25,OP90002153,沪深300ETF沽12月3900,0.0,0.0,0.0,0.0,25,0.0996,0.101,35,0.0976,0.1018,0.0,0.0,0.0,0.0,148
2023-05-10 09:36:28,OP90002153,沪深300ETF沽12月3900,0.0,0.0,0.0,0.0,25,0.0996,0.101,35,0.0976,0.1018,0.0,0.0,0.0,0.0,148
2023-05-10 09:36:29,OP90002153,沪深300ETF沽12月3900,0.0,0.0,0.0,0.0,25,0.0996,0.101,35,0.0976,0.1018,0.0,0.0,0.0,0.0,148
2023-05-10 09:36:31,OP90002153,沪深300ETF沽12月3900,0.0,0.0,0.0,0.0,45,0.0996,0.101,20,0.0976,0.1018,0.0,0.0,0.0,0.0,148
2023-05-10 09:36:31,OP90002153,沪深300ETF沽12月3900,0.0,0.0,0.0,0.0,45,0.0996,0.101,20,0.0976,0.1018,0.0,0.0,0.0,0.0,148
2023-05-10 09:36:32,OP90002153,沪深300ETF沽12月3900,0.0,0.0,0.0,0.0,20,0.0997,0.1013,40,0.0976,0.1018,0.0,0.0,0.0,0.0,148
2023-05-10 09:36:32,OP90002153,沪深300ETF沽12月3900,0.0,0.0,0.0,0.0,15,0.0998,0.1013,20,0.0976,0.1018,0.0,0.0,0.0,0.0,148
2023-05-10 09:36:33,OP90002153,沪深300ETF沽12月3900,0.0,0.0,0.0,0.0,10,0.0999,0.1013,20,0.0976,0.1018,0.0,0.0,0.0,0.0,148
2023-05-10 09:36:33,OP90002153,沪深300ETF沽12月3900,0.0,0.0,0.0,0.0,15,0.1,0.1013,20,0.0976,0.1018,0.0,0.0,0.0,0.0,148
2023-05-10 09:36:34,OP90002153,沪深300ETF沽12月3900,0.0,0.0,0.0,0.0,10,0.1001,0.1012,15,0.0976,0.1018,0.0,0.0,0.0,0.0,148
2023-05-10 09:36:34,OP90002153,沪深300ETF沽12月3900,0.0,0.0,0.0,0.0,10,0.0999,0.1012,15,0.0976,0.1018,0.0,0.0,0.0,0.0,148
2023-05-10 09:36:35,OP90002153,沪深300ETF沽12月3900,0.0,0.0,0.0,0.0,25,0.0999,0.1012,15,0.0976,0.1018,0.0,0.0,0.0,0.0,148
2023-05-10 09:36:38,OP90002153,沪深300ETF沽12月3900,0.0,0.0,0.0,0.0,10,0.0999,0.1012,15,0.0976,0.1018,0.0,0.0,0.0,0.0,148
2023-05-10 09:36:38,OP90002153,沪深300ETF沽12月3900,0.0,0.0,0.0,0.0,10,0.0999,0.1012,15,0.0976,0.1018,0.0,0.0,0.0,0.0,148
2023-05-10 09:36:39,OP90002153,沪深300ETF沽12月3900,0.0,0.0,0.0,0.0,10,0.0999,0.1012,15,0.0976,0.1018,0.0,0.0,0.0,0.0,148
2023-05-10 09:36:39,OP90002153,沪深300ETF沽12月3900,0.0,0.0,0.0,0.0,10,0.0999,0.1012,15,0.0976,0.1018,0.0,0.0,0.0,0.0,148
2023-05-10 09:36:40,OP90002153,沪深300ETF沽12月3900,0.0,0.0,0.0,0.0,10,0.0999,0.1011,20,0.0976,0.1018,0.0,0.0,0.0,0.0,148
2023-05-10 09:36:40,OP90002153,沪深300ETF沽12月3900,0.0,0.0,0.0,0.0,40,0.0996,0.101,15,0.0976,0.1018,0.0,0.0,0.0,0.0,148
2023-05-10 09:36:41,OP90002153,沪深300ETF沽12月3900,0.0,0.0,0.0,0.0,25,0.0996,0.101,15,0.0976,0.1018,0.0,0.0,0.0,0.0,148
2023-05-10 09:36:41,OP90002153,沪深300ETF沽12月3900,0.0,0.0,0.0,0.0,25,0.0996,0.101,15,0.0976,0.1018,0.0,0.0,0.0,0.0,148
2023-05-10 09:36:42,OP90002153,沪深300ETF沽12月3900,0.0,0.0,0.0,0.0,25,0.0996,0.101,15,0.0976,0.1018,0.0,0.0,0.0,0.0,148
2023-05-10 09:36:46,OP90002153,沪深300ETF沽12月3900,0.0,0.0,0.0,0.0,25,0.0996,0.101,15,0.0976,0.1018,0.0,0.0,0.0,0.0,148
2023-05-10 09:36:47,OP90002153,沪深300ETF沽12月3900,0.0,0.0,0.0,0.0,25,0.0996,0.101,35,0.0976,0.1018,0.0,0.0,0.0,0.0,148
2023-05-10 09:36:48,OP90002153,沪深300ETF沽12月3900,0.0,0.0,0.0,0.0,45,0.0996,0.101,35,0.0976,0.1018,0.0,0.0,0.0,0.0,148
2023-05-10 09:36:49,OP90002153,沪深300ETF沽12月3900,0.0,0.0,0.0,0.0,65,0.0996,0.101,20,0.0976,0.1018,0.0,0.0,0.0,0.0,148
2023-05-10 09:36:49,OP90002153,沪深300ETF沽12月3900,0.0,0.0,0.0,0.0,65,0.0996,0.101,20,0.0976,0.1018,0.0,0.0,0.0,0.0,148
2023-05-10 09:36:50,OP90002153,沪深300ETF沽12月3900,0.0,0.0,0.0,0.0,65,0.0996,0.101,20,0.0976,0.1018,0.0,0.0,0.0,0.0,148
2023-05-10 09:36:50,OP90002153,沪深300ETF沽12月3900,0.0,0.0,0.0,0.0,65,0.0996,0.101,35,0.0976,0.1018,0.0,0.0,0.0,0.0,148
2023-05-10 09:36:51,OP90002153,沪深300ETF沽12月3900,0.0,0.0,0.0,0.0,45,0.0996,0.101,35,0.0976,0.1018,0.0,0.0,0.0,0.0,148
2023-05-10 09:36:51,OP90002153,沪深300ETF沽12月3900,0.0,0.0,0.0,0.0,25,0.0996,0.101,35,0.0976,0.1018,0.0,0.0,0.0,0.0,148
2023-05-10 09:36:54,OP90002153,沪深300ETF沽12月3900,0.0,0.0,0.0,0.0,25,0.0996,0.101,35,0.0976,0.1018,0.0,0.0,0.0,0.0,148
2023-05-10 09:36:56,OP90002153,沪深300ETF沽12月3900,0.0,0.0,0.0,0.0,10,0.1,0.101,15,0.0976,0.1018,0.0,0.0,0.0,0.0,148
2023-05-10 09:36:56,OP90002153,沪深300ETF沽12月3900,0.0,0.0,0.0,0.0,15,0.1001,0.1013,10,0.0976,0.1018,0.0,0.0,0.0,0.0,148
2023-05-10 09:36:57,OP90002153,沪深300ETF沽12月3900,0.0,0.0,0.0,0.0,15,0.1001,0.1013,30,0.0976,0.1018,0.0,0.0,0.0,0.0,148
2023-05-10 09:36:57,OP90002153,沪深300ETF沽12月3900,0.0,0.0,0.0,0.0,15,0.1001,0.1013,35,0.0976,0.1018,0.0,0.0,0.0,0.0,148
2023-05-10 09:36:58,OP90002153,沪深300ETF沽12月3900,0.0,0.0,0.0,0.0,10,0.1002,0.1013,35,0.0976,0.1018,0.0,0.0,0.0,0.0,148
2023-05-10 09:36:58,OP90002153,沪深300ETF沽12月3900,0.0,0.0,0.0,0.0,15,0.1003,0.1013,35,0.0976,0.1018,0.0,0.0,0.0,0.0,148
2023-05-10 09:36:59,OP90002153,沪深300ETF沽12月3900,0.0,0.0,0.0,0.0,15,0.1003,0.1013,20,0.0976,0.1018,0.0,0.0,0.0,0.0,148
2023-05-10 09:36:59,OP90002153,沪深300ETF沽12月3900,0.0,0.0,0.0,0.0,15,0.1003,0.1013,20,0.0976,0.1018,0.0,0.0,0.0,0.0,148
2023-05-10 09:37:00,OP90002153,沪深300ETF沽12月3900,0.0,0.0,0.0,0.0,15,0.1003,0.1013,20,0.0976,0.1018,0.0,0.0,0.0,0.0,148
2023-05-10 09:37:00,OP90002153,沪深300ETF沽12月3900,0.0,0.0,0.0,0.0,15,0.1003,0.1016,60,0.0976,0.1018,0.0,0.0,0.0,0.0,148
2023-05-10 09:37:01,OP90002153,沪深300ETF沽12月3900,0.0,0.0,0.0,0.0,15,0.1003,0.1016,50,0.0976,0.1018,0.0,0.0,0.0,0.0,148
2023-05-10 09:37:01,OP90002153,沪深300ETF沽12月3900,0.0,0.0,0.0,0.0,35,0.1003,0.1016,35,0.0976,0.1018,0.0,0.0,0.0,0.0,148
2023-05-10 09:37:02,OP90002153,沪深300ETF沽12月3900,0.0,0.0,0.0,0.0,35,0.1003,0.1016,20,0.0976,0.1018,0.0,0.0,0.0,0.0,148
2023-05-10 09:37:02,OP90002153,沪深300ETF沽12月3900,0.0,0.0,0.0,0.0,35,0.1003,0.1016,20,0.0976,0.1018,0.0,0.0,0.0,0.0,148
2023-05-10 09:37:03,OP90002153,沪深300ETF沽12月3900,0.0,0.0,0.0,0.0,10,0.1004,0.1016,20,0.0976,0.1018,0.0,0.0,0.0,0.0,148
2023-05-10 09:37:03,OP90002153,沪深300ETF沽12月3900,0.0,0.0,0.0,0.0,15,0.1005,0.1016,20,0.0976,0.1018,0.0,0.0,0.0,0.0,148
2023-05-10 09:37:04,OP90002153,沪深300ETF沽12月3900,0.0,0.0,0.0,0.0,35,0.1005,0.102,40,0.0976,0.1018,0.0,0.0,0.0,0.0,148
2023-05-10 09:37:04,OP90002153,沪深300ETF沽12月3900,0.0,0.0,0.0,0.0,45,0.1005,0.1019,15,0.0976,0.1018,0.0,0.0,0.0,0.0,148
2023-05-10 09:37:05,OP90002153,沪深300ETF沽12月3900,0.0,0.0,0.0,0.0,45,0.1005,0.1019,15,0.0976,0.1018,0.0,0.0,0.0,0.0,148
2023-05-10 09:37:05,OP90002153,沪深300ETF沽12月3900,0.0,0.0,0.0,0.0,45,0.1005,0.1019,15,0.0976,0.1018,0.0,0.0,0.0,0.0,148
2023-05-10 09:37:06,OP90002153,沪深300ETF沽12月3900,0.0,0.0,0.0,0.0,45,0.1005,0.1019,15,0.0976,0.1018,0.0,0.0,0.0,0.0,148
2023-05-10 09:37:09,OP90002153,沪深300ETF沽12月3900,0.0,0.0,0.0,0.0,25,0.1005,0.1019,15,0.0976,0.1018,0.0,0.0,0.0,0.0,148
2023-05-10 09:37:10,OP90002153,沪深300ETF沽12月3900,0.0,0.0,0.0,0.0,15,0.1005,0.1019,15,0.0976,0.1018,0.0,0.0,0.0,0.0,148
2023-05-10 09:37:11,OP90002153,沪深300ETF沽12月3900,0.0,0.0,0.0,0.0,15,0.1005,0.1019,15,0.0976,0.1018,0.0,0.0,0.0,0.0,148
2023-05-10 09:37:12,OP90002153,沪深300ETF沽12月3900,0.0,0.0,0.0,0.0,15,0.1005,0.1019,15,0.0976,0.1018,0.0,0.0,0.0,0.0,148
2023-05-10 09:37:12,OP90002153,沪深300ETF沽12月3900,0.0,0.0,0.0,0.0,30,0.1004,0.1019,15,0.0976,0.1018,0.0,0.0,0.0,0.0,148
2023-05-10 09:37:13,OP90002153,沪深300ETF沽12月3900,0.0,0.0,0.0,0.0,15,0.1004,0.1019,35,0.0976,0.1018,0.0,0.0,0.0,0.0,148
2023-05-10 09:37:13,OP90002153,沪深300ETF沽12月3900,0.0,0.0,0.0,0.0,15,0.1004,0.1019,35,0.0976,0.1018,0.0,0.0,0.0,0.0,148
2023-05-10 09:37:14,OP90002153,沪深300ETF沽12月3900,0.0,0.0,0.0,0.0,15,0.1004,0.1019,35,0.0976,0.1018,0.0,0.0,0.0,0.0,148
2023-05-10 09:37:15,OP90002153,沪深300ETF沽12月3900,0.0,0.0,0.0,0.0,25,0.1004,0.1019,35,0.0976,0.1018,0.0,0.0,0.0,0.0,148
2023-05-10 09:37:15,OP90002153,沪深300ETF沽12月3900,0.0,0.0,0.0,0.0,25,0.1004,0.1019,35,0.0976,0.1018,0.0,0.0,0.0,0.0,148
2023-05-10 09:37:16,OP90002153,沪深300ETF沽12月3900,0.0,0.0,0.0,0.0,45,0.1004,0.1019,35,0.0976,0.1018,0.0,0.0,0.0,0.0,148
2023-05-10 09:37:17,OP90002153,沪深300ETF沽12月3900,0.0,0.0,0.0,0.0,45,0.1004,0.1019,35,0.0976,0.1018,0.0,0.0,0.0,0.0,148
2023-05-10 09:37:20,OP90002153,沪深300ETF沽12月3900,0.0,0.0,0.0,0.0,25,0.1004,0.1019,35,0.0976,0.1018,0.0,0.0,0.0,0.0,148
2023-05-10 09:37:21,OP90002153,沪深300ETF沽12月3900,0.0,0.0,0.0,0.0,10,0.1004,0.1019,35,0.0976,0.1018,0.0,0.0,0.0,0.0,148
2023-05-10 09:37:21,OP90002153,沪深300ETF沽12月3900,0.0,0.0,0.0,0.0,10,0.1004,0.1019,35,0.0976,0.1018,0.0,0.0,0.0,0.0,148
2023-05-10 09:37:22,OP90002153,沪深300ETF沽12月3900,0.0,0.0,0.0,0.0,10,0.1004,0.1019,35,0.0976,0.1018,0.0,0.0,0.0,0.0,148
2023-05-10 09:37:22,OP90002153,沪深300ETF沽12月3900,0.0,0.0,0.0,0.0,10,0.1004,0.1019,35,0.0976,0.1018,0.0,0.0,0.0,0.0,148
2023-05-10 09:37:23,OP90002153,沪深300ETF沽12月3900,0.0,0.0,0.0,0.0,15,0.1005,0.1019,35,0.0976,0.1018,0.0,0.0,0.0,0.0,148
2023-05-10 09:37:23,OP90002153,沪深300ETF沽12月3900,0.0,0.0,0.0,0.0,15,0.1005,0.1019,35,0.0976,0.1018,0.0,0.0,0.0,0.0,148
2023-05-10 09:37:24,OP90002153,沪深300ETF沽12月3900,0.0,0.0,0.0,0.0,30,0.1004,0.1019,35,0.0976,0.1018,0.0,0.0,0.0,0.0,148
2023-05-10 09:37:24,OP90002153,沪深300ETF沽12月3900,0.0,0.0,0.0,0.0,25,0.1004,0.1019,35,0.0976,0.1018,0.0,0.0,0.0,0.0,148
2023-05-10 09:37:27,OP90002153,沪深300ETF沽12月3900,0.0,0.0,0.0,0.0,25,0.1004,0.1019,35,0.0976,0.1018,0.0,0.0,0.0,0.0,148
2023-05-10 09:37:32,OP90002153,沪深300ETF沽12月3900,0.0,0.0,0.0,0.0,45,0.1004,0.1019,35,0.0976,0.1018,0.0,0.0,0.0,0.0,148
2023-05-10 09:37:33,OP90002153,沪深300ETF沽12月3900,0.0,0.0,0.0,0.0,55,0.1004,0.1019,35,0.0976,0.1018,0.0,0.0,0.0,0.0,148
2023-05-10 09:37:33,OP90002153,沪深300ETF沽12月3900,0.0,0.0,0.0,0.0,55,0.1004,0.1019,35,0.0976,0.1018,0.0,0.0,0.0,0.0,148
2023-05-10 09:37:34,OP90002153,沪深300ETF沽12月3900,0.0,0.0,0.0,0.0,55,0.1004,0.1019,20,0.0976,0.1018,0.0,0.0,0.0,0.0,148
2023-05-10 09:37:34,OP90002153,沪深300ETF沽12月3900,0.0,0.0,0.0,0.0,20,0.1005,0.1019,20,0.0976,0.1018,0.0,0.0,0.0,0.0,148
2023-05-10 09:37:35,OP90002153,沪深300ETF沽12月3900,0.0,0.0,0.0,0.0,25,0.1006,0.1018,15,0.0976,0.1018,0.0,0.0,0.0,0.0,148
2023-05-10 09:37:35,OP90002153,沪深300ETF沽12月3900,0.0,0.0,0.0,0.0,45,0.1006,0.1018,15,0.0976,0.1018,0.0,0.0,0.0,0.0,148
2023-05-10 09:37:36,OP90002153,沪深300ETF沽12月3900,0.0,0.0,0.0,0.0,55,0.1006,0.1019,20,0.0976,0.1018,0.0,0.0,0.0,0.0,148
2023-05-10 09:37:36,OP90002153,沪深300ETF沽12月3900,0.0,0.0,0.0,0.0,55,0.1006,0.1019,35,0.0976,0.1018,0.0,0.0,0.0,0.0,148
2023-05-10 09:37:39,OP90002153,沪深300ETF沽12月3900,0.0,0.0,0.0,0.0,20,0.1007,0.1019,20,0.0976,0.1018,0.0,0.0,0.0,0.0,148
2023-05-10 09:37:40,OP90002153,沪深300ETF沽12月3900,0.0,0.0,0.0,0.0,15,0.1008,0.1019,20,0.0976,0.1018,0.0,0.0,0.0,0.0,148
2023-05-10 09:37:40,OP90002153,沪深300ETF沽12月3900,0.0,0.0,0.0,0.0,35,0.1008,0.1019,20,0.0976,0.1018,0.0,0.0,0.0,0.0,148
2023-05-10 09:37:41,OP90002153,沪深300ETF沽12月3900,0.0,0.0,0.0,0.0,45,0.1008,0.1019,20,0.0976,0.1018,0.0,0.0,0.0,0.0,148
2023-05-10 09:37:42,OP90002153,沪深300ETF沽12月3900,0.0,0.0,0.0,0.0,20,0.1009,0.1021,50,0.0976,0.1018,0.0,0.0,0.0,0.0,148
2023-05-10 09:37:42,OP90002153,沪深300ETF沽12月3900,0.0,0.0,0.0,0.0,15,0.101,0.1021,35,0.0976,0.1018,0.0,0.0,0.0,0.0,148
2023-05-10 09:37:43,OP90002153,沪深300ETF沽12月3900,0.0,0.0,0.0,0.0,35,0.101,0.1021,20,0.0976,0.1018,0.0,0.0,0.0,0.0,148
2023-05-10 09:37:43,OP90002153,沪深300ETF沽12月3900,0.0,0.0,0.0,0.0,35,0.101,0.1021,20,0.0976,0.1018,0.0,0.0,0.0,0.0,148
2023-05-10 09:37:44,OP90002153,沪深300ETF沽12月3900,0.0,0.0,0.0,0.0,20,0.1011,0.1024,50,0.0976,0.1018,0.0,0.0,0.0,0.0,148
2023-05-10 09:37:44,OP90002153,沪深300ETF沽12月3900,0.0,0.0,0.0,0.0,15,0.1012,0.1023,15,0.0976,0.1018,0.0,0.0,0.0,0.0,148
2023-05-10 09:37:45,OP90002153,沪深300ETF沽12月3900,0.0,0.0,0.0,0.0,15,0.1012,0.1023,15,0.0976,0.1018,0.0,0.0,0.0,0.0,148
2023-05-10 09:37:45,OP90002153,沪深300ETF沽12月3900,0.0,0.0,0.0,0.0,20,0.1011,0.1023,15,0.0976,0.1018,0.0,0.0,0.0,0.0,148
2023-05-10 09:37:46,OP90002153,沪深300ETF沽12月3900,0.0,0.0,0.0,0.0,30,0.101,0.1023,15,0.0976,0.1018,0.0,0.0,0.0,0.0,148
2023-05-10 09:37:46,OP90002153,沪深300ETF沽12月3900,0.0,0.0,0.0,0.0,15,0.1011,0.1023,15,0.0976,0.1018,0.0,0.0,0.0,0.0,148
2023-05-10 09:37:47,OP90002153,沪深300ETF沽12月3900,0.0,0.0,0.0,0.0,15,0.1011,0.1023,15,0.0976,0.1018,0.0,0.0,0.0,0.0,148
2023-05-10 09:37:48,OP90002153,沪深300ETF沽12月3900,0.0,0.0,0.0,0.0,15,0.1011,0.1023,15,0.0976,0.1018,0.0,0.0,0.0,0.0,148
2023-05-10 09:37:49,OP90002153,沪深300ETF沽12月3900,0.0,0.0,0.0,0.0,15,0.1011,0.1023,15,0.0976,0.1018,0.0,0.0,0.0,0.0,148
2023-05-10 09:37:51,OP90002153,沪深300ETF沽12月3900,0.0,0.0,0.0,0.0,35,0.1011,0.1023,15,0.0976,0.1018,0.0,0.0,0.0,0.0,148
2023-05-10 09:37:52,OP90002153,沪深300ETF沽12月3900,0.0,0.0,0.0,0.0,10,0.1012,0.1024,20,0.0976,0.1018,0.0,0.0,0.0,0.0,148
2023-05-10 09:37:52,OP90002153,沪深300ETF沽12月3900,0.0,0.0,0.0,0.0,15,0.1013,0.1024,35,0.0976,0.1018,0.0,0.0,0.0,0.0,148
2023-05-10 09:37:53,OP90002153,沪深300ETF沽12月3900,0.0,0.0,0.0,0.0,35,0.1013,0.1024,35,0.0976,0.1018,0.0,0.0,0.0,0.0,148
2023-05-10 09:37:53,OP90002153,沪深300ETF沽12月3900,0.0,0.0,0.0,0.0,35,0.1013,0.1024,35,0.0976,0.1018,0.0,0.0,0.0,0.0,148
2023-05-10 09:37:54,OP90002153,沪深300ETF沽12月3900,0.0,0.0,0.0,0.0,30,0.1012,0.1024,35,0.0976,0.1018,0.0,0.0,0.0,0.0,148
2023-05-10 09:37:54,OP90002153,沪深300ETF沽12月3900,0.0,0.0,0.0,0.0,25,0.1012,0.1024,35,0.0976,0.1018,0.0,0.0,0.0,0.0,148
2023-05-10 09:37:57,OP90002153,沪深300ETF沽12月3900,0.0,0.0,0.0,0.0,10,0.1012,0.1024,35,0.0976,0.1018,0.0,0.0,0.0,0.0,148
2023-05-10 09:37:58,OP90002153,沪深300ETF沽12月3900,0.0,0.0,0.0,0.0,10,0.1012,0.1024,35,0.0976,0.1018,0.0,0.0,0.0,0.0,148
2023-05-10 09:37:58,OP90002153,沪深300ETF沽12月3900,0.0,0.0,0.0,0.0,10,0.1011,0.1024,35,0.0976,0.1018,0.0,0.0,0.0,0.0,148
2023-05-10 09:37:59,OP90002153,沪深300ETF沽12月3900,0.0,0.0,0.0,0.0,60,0.101,0.1024,35,0.0976,0.1018,0.0,0.0,0.0,0.0,148
2023-05-10 09:37:59,OP90002153,沪深300ETF沽12月3900,0.0,0.0,0.0,0.0,15,0.1011,0.1024,35,0.0976,0.1018,0.0,0.0,0.0,0.0,148
2023-05-10 09:38:00,OP90002153,沪深300ETF沽12月3900,0.0,0.0,0.0,0.0,10,0.1011,0.1024,35,0.0976,0.1018,0.0,0.0,0.0,0.0,148
2023-05-10 09:38:01,OP90002153,沪深300ETF沽12月3900,0.0,0.0,0.0,0.0,10,0.1011,0.1024,35,0.0976,0.1018,0.0,0.0,0.0,0.0,148
2023-05-10 09:38:02,OP90002153,沪深300ETF沽12月3900,0.0,0.0,0.0,0.0,10,0.1011,0.1024,35,0.0976,0.1018,0.0,0.0,0.0,0.0,148
2023-05-10 09:38:04,OP90002153,沪深300ETF沽12月3900,0.0,0.0,0.0,0.0,10,0.1011,0.1024,35,0.0976,0.1018,0.0,0.0,0.0,0.0,148
2023-05-10 09:38:06,OP90002153,沪深300ETF沽12月3900,0.0,0.0,0.0,0.0,40,0.1009,0.1024,35,0.0976,0.1018,0.0,0.0,0.0,0.0,148
2023-05-10 09:38:06,OP90002153,沪深300ETF沽12月3900,0.0,0.0,0.0,0.0,40,0.1008,0.1024,35,0.0976,0.1018,0.0,0.0,0.0,0.0,148
2023-05-10 09:38:07,OP90002153,沪深300ETF沽12月3900,0.0,0.0,0.0,0.0,30,0.1008,0.1024,35,0.0976,0.1018,0.0,0.0,0.0,0.0,148
2023-05-10 09:38:08,OP90002153,沪深300ETF沽12月3900,0.0,0.0,0.0,0.0,30,0.1008,0.1024,35,0.0976,0.1018,0.0,0.0,0.0,0.0,148
2023-05-10 09:38:08,OP90002153,沪深300ETF沽12月3900,0.0,0.0,0.0,0.0,20,0.1008,0.1024,55,0.0976,0.1018,0.0,0.0,0.0,0.0,148
2023-05-10 09:38:09,OP90002153,沪深300ETF沽12月3900,0.0,0.0,0.0,0.0,20,0.1007,0.1024,55,0.0976,0.1018,0.0,0.0,0.0,0.0,148
2023-05-10 09:38:09,OP90002153,沪深300ETF沽12月3900,0.0,0.0,0.0,0.0,15,0.1007,0.1024,105,0.0976,0.1018,0.0,0.0,0.0,0.0,148
2023-05-10 09:38:10,OP90002153,沪深300ETF沽12月3900,0.0,0.0,0.0,0.0,10,0.1007,0.1024,105,0.0976,0.1018,0.0,0.0,0.0,0.0,148
2023-05-10 09:38:10,OP90002153,沪深300ETF沽12月3900,0.0,0.0,0.0,0.0,30,0.1007,0.1024,85,0.0976,0.1018,0.0,0.0,0.0,0.0,148
2023-05-10 09:38:11,OP90002153,沪深300ETF沽12月3900,0.0,0.0,0.0,0.0,10,0.1007,0.1024,115,0.0976,0.1018,0.0,0.0,0.0,0.0,148
2023-05-10 09:38:11,OP90002153,沪深300ETF沽12月3900,0.0,0.0,0.0,0.0,10,0.1007,0.1024,95,0.0976,0.1018,0.0,0.0,0.0,0.0,148
2023-05-10 09:38:12,OP90002153,沪深300ETF沽12月3900,0.0,0.0,0.0,0.0,10,0.1007,0.1022,20,0.0976,0.1018,0.0,0.0,0.0,0.0,148
2023-05-10 09:38:12,OP90002153,沪深300ETF沽12月3900,0.0,0.0,0.0,0.0,10,0.1007,0.1021,20,0.0976,0.1018,0.0,0.0,0.0,0.0,148
2023-05-10 09:38:13,OP90002153,沪深300ETF沽12月3900,0.0,0.0,0.0,0.0,10,0.1005,0.1021,20,0.0976,0.1018,0.0,0.0,0.0,0.0,148
2023-05-10 09:38:13,OP90002153,沪深300ETF沽12月3900,0.0,0.0,0.0,0.0,10,0.1005,0.1021,40,0.0976,0.1018,0.0,0.0,0.0,0.0,148
2023-05-10 09:38:14,OP90002153,沪深300ETF沽12月3900,0.0,0.0,0.0,0.0,10,0.1005,0.1021,50,0.0976,0.1018,0.0,0.0,0.0,0.0,148
2023-05-10 09:38:14,OP90002153,沪深300ETF沽12月3900,0.0,0.0,0.0,0.0,10,0.1005,0.1021,50,0.0976,0.1018,0.0,0.0,0.0,0.0,148
2023-05-10 09:38:15,OP90002153,沪深300ETF沽12月3900,0.0,0.0,0.0,0.0,15,0.1006,0.1021,10,0.0976,0.1018,0.0,0.0,0.0,0.0,148
2023-05-10 09:38:15,OP90002153,沪深300ETF沽12月3900,0.0,0.0,0.0,0.0,35,0.1006,0.102,15,0.0976,0.1018,0.0,0.0,0.0,0.0,148
2023-05-10 09:38:16,OP90002153,沪深300ETF沽12月3900,0.0,0.0,0.0,0.0,10,0.1007,0.102,15,0.0976,0.1018,0.0,0.0,0.0,0.0,148
2023-05-10 09:38:16,OP90002153,沪深300ETF沽12月3900,0.0,0.0,0.0,0.0,15,0.1008,0.102,15,0.0976,0.1018,0.0,0.0,0.0,0.0,148
2023-05-10 09:38:17,OP90002153,沪深300ETF沽12月3900,0.0,0.0,0.0,0.0,15,0.1008,0.102,15,0.0976,0.1018,0.0,0.0,0.0,0.0,148
2023-05-10 09:38:17,OP90002153,沪深300ETF沽12月3900,0.0,0.0,0.0,0.0,15,0.1008,0.102,15,0.0976,0.1018,0.0,0.0,0.0,0.0,148
2023-05-10 09:38:18,OP90002153,沪深300ETF沽12月3900,0.0,0.0,0.0,0.0,15,0.1008,0.102,15,0.0976,0.1018,0.0,0.0,0.0,0.0,148
2023-05-10 09:38:19,OP90002153,沪深300ETF沽12月3900,0.0,0.0,0.0,0.0,30,0.1006,0.102,15,0.0976,0.1018,0.0,0.0,0.0,0.0,148
2023-05-10 09:38:19,OP90002153,沪深300ETF沽12月3900,0.0,0.0,0.0,0.0,15,0.1007,0.102,15,0.0976,0.1018,0.0,0.0,0.0,0.0,148
2023-05-10 09:38:22,OP90002153,沪深300ETF沽12月3900,0.0,0.0,0.0,0.0,15,0.1007,0.102,15,0.0976,0.1018,0.0,0.0,0.0,0.0,148
2023-05-10 09:38:23,OP90002153,沪深300ETF沽12月3900,0.0,0.0,0.0,0.0,15,0.1007,0.102,35,0.0976,0.1018,0.0,0.0,0.0,0.0,148
2023-05-10 09:38:23,OP90002153,沪深300ETF沽12月3900,0.0,0.0,0.0,0.0,10,0.1006,0.102,35,0.0976,0.1018,0.0,0.0,0.0,0.0,148
2023-05-10 09:38:24,OP90002153,沪深300ETF沽12月3900,0.0,0.0,0.0,0.0,15,0.1007,0.102,35,0.0976,0.1018,0.0,0.0,0.0,0.0,148
2023-05-10 09:38:24,OP90002153,沪深300ETF沽12月3900,0.0,0.0,0.0,0.0,15,0.1007,0.102,35,0.0976,0.1018,0.0,0.0,0.0,0.0,148
2023-05-10 09:38:25,OP90002153,沪深300ETF沽12月3900,0.0,0.0,0.0,0.0,10,0.1008,0.102,35,0.0976,0.1018,0.0,0.0,0.0,0.0,148
2023-05-10 09:38:26,OP90002153,沪深300ETF沽12月3900,0.0,0.0,0.0,0.0,10,0.1008,0.102,35,0.0976,0.1018,0.0,0.0,0.0,0.0,148
2023-05-10 09:38:28,OP90002153,沪深300ETF沽12月3900,0.0,0.0,0.0,0.0,40,0.1006,0.102,35,0.0976,0.1018,0.0,0.0,0.0,0.0,148
2023-05-10 09:38:29,OP90002153,沪深300ETF沽12月3900,0.0,0.0,0.0,0.0,15,0.1006,0.102,35,0.0976,0.1018,0.0,0.0,0.0,0.0,148
2023-05-10 09:38:29,OP90002153,沪深300ETF沽12月3900,0.0,0.0,0.0,0.0,15,0.1006,0.102,35,0.0976,0.1018,0.0,0.0,0.0,0.0,148
2023-05-10 09:38:30,OP90002153,沪深300ETF沽12月3900,0.0,0.0,0.0,0.0,10,0.1007,0.102,35,0.0976,0.1018,0.0,0.0,0.0,0.0,148
2023-05-10 09:38:30,OP90002153,沪深300ETF沽12月3900,0.0,0.0,0.0,0.0,25,0.1007,0.102,35,0.0976,0.1018,0.0,0.0,0.0,0.0,148
2023-05-10 09:38:31,OP90002153,沪深300ETF沽12月3900,0.0,0.0,0.0,0.0,25,0.1007,0.102,35,0.0976,0.1018,0.0,0.0,0.0,0.0,148
2023-05-10 09:38:32,OP90002153,沪深300ETF沽12月3900,0.0,0.0,0.0,0.0,25,0.1007,0.102,35,0.0976,0.1018,0.0,0.0,0.0,0.0,148
2023-05-10 09:38:33,OP90002153,沪深300ETF沽12月3900,0.0,0.0,0.0,0.0,25,0.1007,0.102,35,0.0976,0.1018,0.0,0.0,0.0,0.0,148
2023-05-10 09:38:34,OP90002153,沪深300ETF沽12月3900,0.0,0.0,0.0,0.0,25,0.1007,0.102,35,0.0976,0.1018,0.0,0.0,0.0,0.0,148
2023-05-10 09:38:35,OP90002153,沪深300ETF沽12月3900,0.0,0.0,0.0,0.0,10,0.1007,0.102,35,0.0976,0.1018,0.0,0.0,0.0,0.0,148
2023-05-10 09:38:36,OP90002153,沪深300ETF沽12月3900,0.0,0.0,0.0,0.0,10,0.1006,0.102,35,0.0976,0.1018,0.0,0.0,0.0,0.0,148
2023-05-10 09:38:36,OP90002153,沪深300ETF沽12月3900,0.0,0.0,0.0,0.0,10,0.1006,0.102,35,0.0976,0.1018,0.0,0.0,0.0,0.0,148
2023-05-10 09:38:37,OP90002153,沪深300ETF沽12月3900,0.0,0.0,0.0,0.0,15,0.1006,0.102,35,0.0976,0.1018,0.0,0.0,0.0,0.0,148
2023-05-10 09:38:37,OP90002153,沪深300ETF沽12月3900,0.0,0.0,0.0,0.0,25,0.1006,0.102,35,0.0976,0.1018,0.0,0.0,0.0,0.0,148
2023-05-10 09:38:39,OP90002153,沪深300ETF沽12月3900,0.0,0.0,0.0,0.0,25,0.1006,0.102,35,0.0976,0.1018,0.0,0.0,0.0,0.0,148
2023-05-10 09:38:41,OP90002153,沪深300ETF沽12月3900,0.0,0.0,0.0,0.0,25,0.1006,0.102,35,0.0976,0.1018,0.0,0.0,0.0,0.0,148
2023-05-10 09:38:43,OP90002153,沪深300ETF沽12月3900,0.0,0.0,0.0,0.0,25,0.1006,0.102,35,0.0976,0.1018,0.0,0.0,0.0,0.0,148
2023-05-10 09:38:44,OP90002153,沪深300ETF沽12月3900,0.0,0.0,0.0,0.0,25,0.1006,0.102,35,0.0976,0.1018,0.0,0.0,0.0,0.0,148
2023-05-10 09:38:45,OP90002153,沪深300ETF沽12月3900,0.0,0.0,0.0,0.0,35,0.1006,0.102,35,0.0976,0.1018,0.0,0.0,0.0,0.0,148
2023-05-10 09:38:51,OP90002153,沪深300ETF沽12月3900,0.0,0.0,0.0,0.0,25,0.1006,0.102,35,0.0976,0.1018,0.0,0.0,0.0,0.0,148
2023-05-10 09:38:52,OP90002153,沪深300ETF沽12月3900,0.0,0.0,0.0,0.0,25,0.1006,0.102,35,0.0976,0.1018,0.0,0.0,0.0,0.0,148
2023-05-10 09:38:53,OP90002153,沪深300ETF沽12月3900,0.0,0.0,0.0,0.0,25,0.1006,0.102,35,0.0976,0.1018,0.0,0.0,0.0,0.0,148
2023-05-10 09:38:55,OP90002153,沪深300ETF沽12月3900,0.0,0.0,0.0,0.0,25,0.1006,0.102,35,0.0976,0.1018,0.0,0.0,0.0,0.0,148
2023-05-10 09:38:57,OP90002153,沪深300ETF沽12月3900,0.0,0.0,0.0,0.0,25,0.1006,0.102,35,0.0976,0.1018,0.0,0.0,0.0,0.0,148
2023-05-10 09:38:57,OP90002153,沪深300ETF沽12月3900,0.0,0.0,0.0,0.0,25,0.1006,0.102,35,0.0976,0.1018,0.0,0.0,0.0,0.0,148
2023-05-10 09:38:58,OP90002153,沪深300ETF沽12月3900,0.0,0.0,0.0,0.0,10,0.1006,0.102,35,0.0976,0.1018,0.0,0.0,0.0,0.0,148
2023-05-10 09:38:59,OP90002153,沪深300ETF沽12月3900,0.0,0.0,0.0,0.0,10,0.1006,0.102,35,0.0976,0.1018,0.0,0.0,0.0,0.0,148
2023-05-10 09:38:59,OP90002153,沪深300ETF沽12月3900,0.0,0.0,0.0,0.0,10,0.1006,0.102,35,0.0976,0.1018,0.0,0.0,0.0,0.0,148
2023-05-10 09:39:00,OP90002153,沪深300ETF沽12月3900,0.0,0.0,0.0,0.0,10,0.1006,0.102,45,0.0976,0.1018,0.0,0.0,0.0,0.0,148
2023-05-10 09:39:00,OP90002153,沪深300ETF沽12月3900,0.0,0.0,0.0,0.0,10,0.1006,0.102,45,0.0976,0.1018,0.0,0.0,0.0,0.0,148
2023-05-10 09:39:01,OP90002153,沪深300ETF沽12月3900,0.0,0.0,0.0,0.0,25,0.1006,0.102,45,0.0976,0.1018,0.0,0.0,0.0,0.0,148
2023-05-10 09:39:03,OP90002153,沪深300ETF沽12月3900,0.0,0.0,0.0,0.0,25,0.1006,0.102,45,0.0976,0.1018,0.0,0.0,0.0,0.0,148
2023-05-10 09:39:04,OP90002153,沪深300ETF沽12月3900,0.0,0.0,0.0,0.0,10,0.1006,0.102,35,0.0976,0.1018,0.0,0.0,0.0,0.0,148
2023-05-10 09:39:06,OP90002153,沪深300ETF沽12月3900,0.0,0.0,0.0,0.0,10,0.1006,0.102,45,0.0976,0.1018,0.0,0.0,0.0,0.0,148
2023-05-10 09:39:08,OP90002153,沪深300ETF沽12月3900,0.0,0.0,0.0,0.0,10,0.1006,0.1019,40,0.0976,0.1018,0.0,0.0,0.0,0.0,148
2023-05-10 09:39:09,OP90002153,沪深300ETF沽12月3900,0.0,0.0,0.0,0.0,40,0.1003,0.1018,15,0.0976,0.1018,0.0,0.0,0.0,0.0,148
2023-05-10 09:39:09,OP90002153,沪深300ETF沽12月3900,0.0,0.0,0.0,0.0,10,0.1003,0.1017,20,0.0976,0.1018,0.0,0.0,0.0,0.0,148
2023-05-10 09:39:10,OP90002153,沪深300ETF沽12月3900,0.0,0.0,0.0,0.0,20,0.1001,0.1016,15,0.0976,0.1018,0.0,0.0,0.0,0.0,148
2023-05-10 09:39:10,OP90002153,沪深300ETF沽12月3900,0.0,0.0,0.0,0.0,20,0.1001,0.1016,35,0.0976,0.1018,0.0,0.0,0.0,0.0,148
2023-05-10 09:39:11,OP90002153,沪深300ETF沽12月3900,0.0,0.0,0.0,0.0,10,0.1001,0.1016,45,0.0976,0.1018,0.0,0.0,0.0,0.0,148
2023-05-10 09:39:11,OP90002153,沪深300ETF沽12月3900,0.0,0.0,0.0,0.0,20,0.1,0.1016,45,0.0976,0.1018,0.0,0.0,0.0,0.0,148
2023-05-10 09:39:12,OP90002153,沪深300ETF沽12月3900,0.0,0.0,0.0,0.0,70,0.0999,0.1016,65,0.0976,0.1018,0.0,0.0,0.0,0.0,148
2023-05-10 09:39:12,OP90002153,沪深300ETF沽12月3900,0.0,0.0,0.0,0.0,55,0.0999,0.1015,20,0.0976,0.1018,0.0,0.0,0.0,0.0,148
2023-05-10 09:39:13,OP90002153,沪深300ETF沽12月3900,0.0,0.0,0.0,0.0,35,0.0999,0.1014,15,0.0976,0.1018,0.0,0.0,0.0,0.0,148
2023-05-10 09:39:13,OP90002153,沪深300ETF沽12月3900,0.0,0.0,0.0,0.0,10,0.0999,0.1013,20,0.0976,0.1018,0.0,0.0,0.0,0.0,148
2023-05-10 09:39:14,OP90002153,沪深300ETF沽12月3900,0.0,0.0,0.0,0.0,10,0.1,0.1012,15,0.0976,0.1018,0.0,0.0,0.0,0.0,148
2023-05-10 09:39:14,OP90002153,沪深300ETF沽12月3900,0.0,0.0,0.0,0.0,10,0.1,0.1012,45,0.0976,0.1018,0.0,0.0,0.0,0.0,148
2023-05-10 09:39:15,OP90002153,沪深300ETF沽12月3900,0.0,0.0,0.0,0.0,10,0.1,0.1012,45,0.0976,0.1018,0.0,0.0,0.0,0.0,148
2023-05-10 09:39:16,OP90002153,沪深300ETF沽12月3900,0.0,0.0,0.0,0.0,10,0.1,0.1012,25,0.0976,0.1018,0.0,0.0,0.0,0.0,148
2023-05-10 09:39:17,OP90002153,沪深300ETF沽12月3900,0.0,0.0,0.0,0.0,10,0.1,0.1012,25,0.0976,0.1018,0.0,0.0,0.0,0.0,148
2023-05-10 09:39:18,OP90002153,沪深300ETF沽12月3900,0.0,0.0,0.0,0.0,25,0.1,0.1012,45,0.0976,0.1018,0.0,0.0,0.0,0.0,148
2023-05-10 09:39:19,OP90002153,沪深300ETF沽12月3900,0.0,0.0,0.0,0.0,25,0.1,0.1012,35,0.0976,0.1018,0.0,0.0,0.0,0.0,148
2023-05-10 09:39:19,OP90002153,沪深300ETF沽12月3900,0.0,0.0,0.0,0.0,25,0.1,0.1012,35,0.0976,0.1018,0.0,0.0,0.0,0.0,148
2023-05-10 09:39:20,OP90002153,沪深300ETF沽12月3900,0.0,0.0,0.0,0.0,25,0.1,0.1012,20,0.0976,0.1018,0.0,0.0,0.0,0.0,148
2023-05-10 09:39:21,OP90002153,沪深300ETF沽12月3900,0.0,0.0,0.0,0.0,25,0.1,0.1012,20,0.0976,0.1018,0.0,0.0,0.0,0.0,148
2023-05-10 09:39:23,OP90002153,沪深300ETF沽12月3900,0.0,0.0,0.0,0.0,25,0.1,0.1012,20,0.0976,0.1018,0.0,0.0,0.0,0.0,148
2023-05-10 09:39:23,OP90002153,沪深300ETF沽12月3900,0.0,0.0,0.0,0.0,25,0.1,0.1011,15,0.0976,0.1018,0.0,0.0,0.0,0.0,148
2023-05-10 09:39:24,OP90002153,沪深300ETF沽12月3900,0.0,0.0,0.0,0.0,25,0.1,0.1012,20,0.0976,0.1018,0.0,0.0,0.0,0.0,148
2023-05-10 09:39:24,OP90002153,沪深300ETF沽12月3900,0.0,0.0,0.0,0.0,25,0.1,0.1012,35,0.0976,0.1018,0.0,0.0,0.0,0.0,148
2023-05-10 09:39:25,OP90002153,沪深300ETF沽12月3900,0.0,0.0,0.0,0.0,25,0.1,0.1012,35,0.0976,0.1018,0.0,0.0,0.0,0.0,148
2023-05-10 09:39:27,OP90002153,沪深300ETF沽12月3900,0.0,0.0,0.0,0.0,25,0.1,0.1012,20,0.0976,0.1018,0.0,0.0,0.0,0.0,148
2023-05-10 09:39:27,OP90002153,沪深300ETF沽12月3900,0.0,0.0,0.0,0.0,25,0.1,0.1012,20,0.0976,0.1018,0.0,0.0,0.0,0.0,148
2023-05-10 09:39:29,OP90002153,沪深300ETF沽12月3900,0.0,0.0,0.0,0.0,35,0.1,0.1012,20,0.0976,0.1018,0.0,0.0,0.0,0.0,148
2023-05-10 09:39:29,OP90002153,沪深300ETF沽12月3900,0.0,0.0,0.0,0.0,35,0.1,0.1012,35,0.0976,0.1018,0.0,0.0,0.0,0.0,148
2023-05-10 09:39:30,OP90002153,沪深300ETF沽12月3900,0.0,0.0,0.0,0.0,35,0.1,0.1012,20,0.0976,0.1018,0.0,0.0,0.0,0.0,148
2023-05-10 09:39:31,OP90002153,沪深300ETF沽12月3900,0.0,0.0,0.0,0.0,35,0.1,0.1012,20,0.0976,0.1018,0.0,0.0,0.0,0.0,148
2023-05-10 09:39:31,OP90002153,沪深300ETF沽12月3900,0.0,0.0,0.0,0.0,35,0.1,0.1012,20,0.0976,0.1018,0.0,0.0,0.0,0.0,148
2023-05-10 09:39:32,OP90002153,沪深300ETF沽12月3900,0.0,0.0,0.0,0.0,35,0.1,0.1012,35,0.0976,0.1018,0.0,0.0,0.0,0.0,148
2023-05-10 09:39:32,OP90002153,沪深300ETF沽12月3900,0.0,0.0,0.0,0.0,35,0.1,0.1012,20,0.0976,0.1018,0.0,0.0,0.0,0.0,148
2023-05-10 09:39:35,OP90002153,沪深300ETF沽12月3900,0.0,0.0,0.0,0.0,35,0.1,0.1012,20,0.0976,0.1018,0.0,0.0,0.0,0.0,148
2023-05-10 09:39:37,OP90002153,沪深300ETF沽12月3900,0.0,0.0,0.0,0.0,35,0.1,0.1012,20,0.0976,0.1018,0.0,0.0,0.0,0.0,148
2023-05-10 09:39:38,OP90002153,沪深300ETF沽12月3900,0.0,0.0,0.0,0.0,35,0.1,0.1012,35,0.0976,0.1018,0.0,0.0,0.0,0.0,148
2023-05-10 09:39:38,OP90002153,沪深300ETF沽12月3900,0.0,0.0,0.0,0.0,35,0.1,0.1012,35,0.0976,0.1018,0.0,0.0,0.0,0.0,148
2023-05-10 09:39:39,OP90002153,沪深300ETF沽12月3900,0.0,0.0,0.0,0.0,20,0.1,0.1012,35,0.0976,0.1018,0.0,0.0,0.0,0.0,148
2023-05-10 09:39:39,OP90002153,沪深300ETF沽12月3900,0.0,0.0,0.0,0.0,20,0.1,0.1012,35,0.0976,0.1018,0.0,0.0,0.0,0.0,148
2023-05-10 09:39:40,OP90002153,沪深300ETF沽12月3900,0.0,0.0,0.0,0.0,35,0.1,0.1012,35,0.0976,0.1018,0.0,0.0,0.0,0.0,148
2023-05-10 09:39:40,OP90002153,沪深300ETF沽12月3900,0.0,0.0,0.0,0.0,35,0.1,0.1012,35,0.0976,0.1018,0.0,0.0,0.0,0.0,148
2023-05-10 09:39:41,OP90002153,沪深300ETF沽12月3900,0.0,0.0,0.0,0.0,35,0.1,0.1012,20,0.0976,0.1018,0.0,0.0,0.0,0.0,148
2023-05-10 09:39:41,OP90002153,沪深300ETF沽12月3900,0.0,0.0,0.0,0.0,35,0.1,0.1012,20,0.0976,0.1018,0.0,0.0,0.0,0.0,148
2023-05-10 09:39:51,OP90002153,沪深300ETF沽12月3900,0.0,0.0,0.0,0.0,35,0.1,0.1012,20,0.0976,0.1018,0.0,0.0,0.0,0.0,148
2023-05-10 09:39:51,OP90002153,沪深300ETF沽12月3900,0.0,0.0,0.0,0.0,35,0.1,0.1012,35,0.0976,0.1018,0.0,0.0,0.0,0.0,148
2023-05-10 09:39:52,OP90002153,沪深300ETF沽12月3900,0.0,0.0,0.0,0.0,35,0.1,0.1012,20,0.0976,0.1018,0.0,0.0,0.0,0.0,148
2023-05-10 09:39:52,OP90002153,沪深300ETF沽12月3900,0.0,0.0,0.0,0.0,35,0.1,0.1014,30,0.0976,0.1018,0.0,0.0,0.0,0.0,148
2023-05-10 09:39:53,OP90002153,沪深300ETF沽12月3900,0.0,0.0,0.0,0.0,55,0.1,0.1014,30,0.0976,0.1018,0.0,0.0,0.0,0.0,148
2023-05-10 09:39:53,OP90002153,沪深300ETF沽12月3900,0.0,0.0,0.0,0.0,45,0.1,0.1014,20,0.0976,0.1018,0.0,0.0,0.0,0.0,148
2023-05-10 09:39:54,OP90002153,沪深300ETF沽12月3900,0.0,0.0,0.0,0.0,10,0.1001,0.1014,20,0.0976,0.1018,0.0,0.0,0.0,0.0,148
2023-05-10 09:39:54,OP90002153,沪深300ETF沽12月3900,0.0,0.0,0.0,0.0,15,0.1002,0.1014,20,0.0976,0.1018,0.0,0.0,0.0,0.0,148
2023-05-10 09:39:55,OP90002153,沪深300ETF沽12月3900,0.0,0.0,0.0,0.0,10,0.1002,0.1012,20,0.0976,0.1018,0.0,0.0,0.0,0.0,148
2023-05-10 09:39:55,OP90002153,沪深300ETF沽12月3900,0.0,0.0,0.0,0.0,10,0.1002,0.1011,15,0.0976,0.1018,0.0,0.0,0.0,0.0,148
2023-05-10 09:39:56,OP90002153,沪深300ETF沽12月3900,0.0,0.0,0.0,0.0,10,0.1002,0.1011,15,0.0976,0.1018,0.0,0.0,0.0,0.0,148
2023-05-10 09:39:56,OP90002153,沪深300ETF沽12月3900,0.0,0.0,0.0,0.0,10,0.1002,0.1011,35,0.0976,0.1018,0.0,0.0,0.0,0.0,148
2023-05-10 09:39:57,OP90002153,沪深300ETF沽12月3900,0.0,0.0,0.0,0.0,10,0.1001,0.1011,35,0.0976,0.1018,0.0,0.0,0.0,0.0,148
2023-05-10 09:39:57,OP90002153,沪深300ETF沽12月3900,0.0,0.0,0.0,0.0,25,0.1001,0.1011,20,0.0976,0.1018,0.0,0.0,0.0,0.0,148
2023-05-10 09:39:58,OP90002153,沪深300ETF沽12月3900,0.0,0.0,0.0,0.0,15,0.1001,0.1011,20,0.0976,0.1018,0.0,0.0,0.0,0.0,148
2023-05-10 09:39:58,OP90002153,沪深300ETF沽12月3900,0.0,0.0,0.0,0.0,15,0.1001,0.1011,20,0.0976,0.1018,0.0,0.0,0.0,0.0,148
2023-05-10 09:39:59,OP90002153,沪深300ETF沽12月3900,0.0,0.0,0.0,0.0,15,0.1001,0.1014,60,0.0976,0.1018,0.0,0.0,0.0,0.0,148
2023-05-10 09:39:59,OP90002153,沪深300ETF沽12月3900,0.0,0.0,0.0,0.0,15,0.1001,0.1013,15,0.0976,0.1018,0.0,0.0,0.0,0.0,148
2023-05-10 09:40:01,OP90002153,沪深300ETF沽12月3900,0.0,0.0,0.0,0.0,15,0.1001,0.1013,15,0.0976,0.1018,0.0,0.0,0.0,0.0,148
2023-05-10 09:40:02,OP90002153,沪深300ETF沽12月3900,0.0,0.0,0.0,0.0,35,0.1001,0.1013,15,0.0976,0.1018,0.0,0.0,0.0,0.0,148
2023-05-10 09:40:02,OP90002153,沪深300ETF沽12月3900,0.0,0.0,0.0,0.0,35,0.1001,0.1014,50,0.0976,0.1018,0.0,0.0,0.0,0.0,148
2023-05-10 09:40:03,OP90002153,沪深300ETF沽12月3900,0.0,0.0,0.0,0.0,35,0.1001,0.1014,30,0.0976,0.1018,0.0,0.0,0.0,0.0,148
2023-05-10 09:40:04,OP90002153,沪深300ETF沽12月3900,0.0,0.0,0.0,0.0,35,0.1001,0.1014,30,0.0976,0.1018,0.0,0.0,0.0,0.0,148
2023-05-10 09:40:04,OP90002153,沪深300ETF沽12月3900,0.0,0.0,0.0,0.0,35,0.1001,0.1014,30,0.0976,0.1018,0.0,0.0,0.0,0.0,148
2023-05-10 09:40:05,OP90002153,沪深300ETF沽12月3900,0.0,0.0,0.0,0.0,55,0.1001,0.1014,30,0.0976,0.1018,0.0,0.0,0.0,0.0,148
2023-05-10 09:40:06,OP90002153,沪深300ETF沽12月3900,0.0,0.0,0.0,0.0,55,0.1001,0.1014,30,0.0976,0.1018,0.0,0.0,0.0,0.0,148
2023-05-10 09:40:06,OP90002153,沪深300ETF沽12月3900,0.0,0.0,0.0,0.0,20,0.1002,0.1014,30,0.0976,0.1018,0.0,0.0,0.0,0.0,148
2023-05-10 09:40:07,OP90002153,沪深300ETF沽12月3900,0.0,0.0,0.0,0.0,15,0.1003,0.1014,20,0.0976,0.1018,0.0,0.0,0.0,0.0,148
2023-05-10 09:40:07,OP90002153,沪深300ETF沽12月3900,0.0,0.0,0.0,0.0,45,0.1003,0.1014,20,0.0976,0.1018,0.0,0.0,0.0,0.0,148
2023-05-10 09:40:09,OP90002153,沪深300ETF沽12月3900,0.0,0.0,0.0,0.0,25,0.1003,0.1014,20,0.0976,0.1018,0.0,0.0,0.0,0.0,148
2023-05-10 09:40:09,OP90002153,沪深300ETF沽12月3900,0.0,0.0,0.0,0.0,25,0.1003,0.1014,20,0.0976,0.1018,0.0,0.0,0.0,0.0,148
2023-05-10 09:40:10,OP90002153,沪深300ETF沽12月3900,0.0,0.0,0.0,0.0,25,0.1003,0.1014,35,0.0976,0.1018,0.0,0.0,0.0,0.0,148
2023-05-10 09:40:10,OP90002153,沪深300ETF沽12月3900,0.0,0.0,0.0,0.0,25,0.1003,0.1014,35,0.0976,0.1018,0.0,0.0,0.0,0.0,148
2023-05-10 09:40:11,OP90002153,沪深300ETF沽12月3900,0.0,0.0,0.0,0.0,25,0.1003,0.1014,35,0.0976,0.1018,0.0,0.0,0.0,0.0,148
2023-05-10 09:40:12,OP90002153,沪深300ETF沽12月3900,0.0,0.0,0.0,0.0,10,0.1003,0.1014,35,0.0976,0.1018,0.0,0.0,0.0,0.0,148
2023-05-10 09:40:13,OP90002153,沪深300ETF沽12月3900,0.0,0.0,0.0,0.0,10,0.1003,0.1014,35,0.0976,0.1018,0.0,0.0,0.0,0.0,148
2023-05-10 09:40:13,OP90002153,沪深300ETF沽12月3900,0.0,0.0,0.0,0.0,10,0.1003,0.1014,35,0.0976,0.1018,0.0,0.0,0.0,0.0,148
2023-05-10 09:40:14,OP90002153,沪深300ETF沽12月3900,0.0,0.0,0.0,0.0,10,0.1002,0.1014,35,0.0976,0.1018,0.0,0.0,0.0,0.0,148
2023-05-10 09:40:14,OP90002153,沪深300ETF沽12月3900,0.0,0.0,0.0,0.0,10,0.1002,0.1014,35,0.0976,0.1018,0.0,0.0,0.0,0.0,148
2023-05-10 09:40:16,OP90002153,沪深300ETF沽12月3900,0.0,0.0,0.0,0.0,10,0.1001,0.1014,35,0.0976,0.1018,0.0,0.0,0.0,0.0,148
2023-05-10 09:40:16,OP90002153,沪深300ETF沽12月3900,0.0,0.0,0.0,0.0,15,0.1002,0.1014,35,0.0976,0.1018,0.0,0.0,0.0,0.0,148
2023-05-10 09:40:17,OP90002153,沪深300ETF沽12月3900,0.0,0.0,0.0,0.0,15,0.1002,0.1014,35,0.0976,0.1018,0.0,0.0,0.0,0.0,148
2023-05-10 09:40:18,OP90002153,沪深300ETF沽12月3900,0.0,0.0,0.0,0.0,15,0.1002,0.1014,35,0.0976,0.1018,0.0,0.0,0.0,0.0,148
2023-05-10 09:40:19,OP90002153,沪深300ETF沽12月3900,0.0,0.0,0.0,0.0,15,0.1002,0.1014,35,0.0976,0.1018,0.0,0.0,0.0,0.0,148
2023-05-10 09:40:19,OP90002153,沪深300ETF沽12月3900,0.0,0.0,0.0,0.0,15,0.1002,0.1014,35,0.0976,0.1018,0.0,0.0,0.0,0.0,148
2023-05-10 09:40:20,OP90002153,沪深300ETF沽12月3900,0.0,0.0,0.0,0.0,25,0.1002,0.1014,35,0.0976,0.1018,0.0,0.0,0.0,0.0,148
2023-05-10 09:40:20,OP90002153,沪深300ETF沽12月3900,0.0,0.0,0.0,0.0,25,0.1002,0.1014,20,0.0976,0.1018,0.0,0.0,0.0,0.0,148
2023-05-10 09:40:22,OP90002153,沪深300ETF沽12月3900,0.0,0.0,0.0,0.0,25,0.1002,0.1014,20,0.0976,0.1018,0.0,0.0,0.0,0.0,148
2023-05-10 09:40:23,OP90002153,沪深300ETF沽12月3900,0.0,0.0,0.0,0.0,25,0.1002,0.1014,20,0.0976,0.1018,0.0,0.0,0.0,0.0,148
2023-05-10 09:40:25,OP90002153,沪深300ETF沽12月3900,0.0,0.0,0.0,0.0,10,0.1003,0.1014,20,0.0976,0.1018,0.0,0.0,0.0,0.0,148
2023-05-10 09:40:26,OP90002153,沪深300ETF沽12月3900,0.0,0.0,0.0,0.0,15,0.1004,0.1015,40,0.0976,0.1018,0.0,0.0,0.0,0.0,148
2023-05-10 09:40:26,OP90002153,沪深300ETF沽12月3900,0.0,0.0,0.0,0.0,45,0.1004,0.1015,20,0.0976,0.1018,0.0,0.0,0.0,0.0,148
2023-05-10 09:40:27,OP90002153,沪深300ETF沽12月3900,0.0,0.0,0.0,0.0,10,0.1005,0.1015,20,0.0976,0.1018,0.0,0.0,0.0,0.0,148
2023-05-10 09:40:27,OP90002153,沪深300ETF沽12月3900,0.0,0.0,0.0,0.0,15,0.1006,0.1015,20,0.0976,0.1018,0.0,0.0,0.0,0.0,148
2023-05-10 09:40:28,OP90002153,沪深300ETF沽12月3900,0.0,0.0,0.0,0.0,25,0.1006,0.1015,20,0.0976,0.1018,0.0,0.0,0.0,0.0,148
2023-05-10 09:40:28,OP90002153,沪深300ETF沽12月3900,0.0,0.0,0.0,0.0,25,0.1006,0.1015,20,0.0976,0.1018,0.0,0.0,0.0,0.0,148
2023-05-10 09:40:29,OP90002153,沪深300ETF沽12月3900,0.0,0.0,0.0,0.0,25,0.1006,0.1018,20,0.0976,0.1018,0.0,0.0,0.0,0.0,148
2023-05-10 09:40:29,OP90002153,沪深300ETF沽12月3900,0.0,0.0,0.0,0.0,25,0.1006,0.1017,15,0.0976,0.1018,0.0,0.0,0.0,0.0,148
2023-05-10 09:40:30,OP90002153,沪深300ETF沽12月3900,0.0,0.0,0.0,0.0,25,0.1006,0.1018,20,0.0976,0.1018,0.0,0.0,0.0,0.0,148
2023-05-10 09:40:31,OP90002153,沪深300ETF沽12月3900,0.0,0.0,0.0,0.0,25,0.1006,0.1018,35,0.0976,0.1018,0.0,0.0,0.0,0.0,148
2023-05-10 09:40:31,OP90002153,沪深300ETF沽12月3900,0.0,0.0,0.0,0.0,55,0.1006,0.1018,20,0.0976,0.1018,0.0,0.0,0.0,0.0,148
2023-05-10 09:40:32,OP90002153,沪深300ETF沽12月3900,0.0,0.0,0.0,0.0,55,0.1006,0.1019,20,0.0976,0.1018,0.0,0.0,0.0,0.0,148
2023-05-10 09:40:32,OP90002153,沪深300ETF沽12月3900,0.0,0.0,0.0,0.0,20,0.1007,0.1019,20,0.0976,0.1018,0.0,0.0,0.0,0.0,148
2023-05-10 09:40:33,OP90002153,沪深300ETF沽12月3900,0.0,0.0,0.0,0.0,25,0.1008,0.1019,20,0.0976,0.1018,0.0,0.0,0.0,0.0,148
2023-05-10 09:40:33,OP90002153,沪深300ETF沽12月3900,0.0,0.0,0.0,0.0,55,0.1008,0.1019,20,0.0976,0.1018,0.0,0.0,0.0,0.0,148
2023-05-10 09:40:34,OP90002153,沪深300ETF沽12月3900,0.0,0.0,0.0,0.0,55,0.1008,0.1019,20,0.0976,0.1018,0.0,0.0,0.0,0.0,148
2023-05-10 09:40:34,OP90002153,沪深300ETF沽12月3900,0.0,0.0,0.0,0.0,55,0.1008,0.1019,20,0.0976,0.1018,0.0,0.0,0.0,0.0,148
2023-05-10 09:40:35,OP90002153,沪深300ETF沽12月3900,0.0,0.0,0.0,0.0,55,0.1008,0.1019,20,0.0976,0.1018,0.0,0.0,0.0,0.0,148
2023-05-10 09:40:35,OP90002153,沪深300ETF沽12月3900,0.0,0.0,0.0,0.0,55,0.1008,0.1019,20,0.0976,0.1018,0.0,0.0,0.0,0.0,148
2023-05-10 09:40:39,OP90002153,沪深300ETF沽12月3900,0.0,0.0,0.0,0.0,35,0.1008,0.1019,20,0.0976,0.1018,0.0,0.0,0.0,0.0,148
2023-05-10 09:40:39,OP90002153,沪深300ETF沽12月3900,0.0,0.0,0.0,0.0,25,0.1008,0.1019,35,0.0976,0.1018,0.0,0.0,0.0,0.0,148
2023-05-10 09:40:40,OP90002153,沪深300ETF沽12月3900,0.0,0.0,0.0,0.0,10,0.1008,0.1019,55,0.0976,0.1018,0.0,0.0,0.0,0.0,148
2023-05-10 09:40:40,OP90002153,沪深300ETF沽12月3900,0.0,0.0,0.0,0.0,10,0.1008,0.1019,55,0.0976,0.1018,0.0,0.0,0.0,0.0,148
2023-05-10 09:40:41,OP90002153,沪深300ETF沽12月3900,0.0,0.0,0.0,0.0,10,0.1008,0.1019,55,0.0976,0.1018,0.0,0.0,0.0,0.0,148
2023-05-10 09:40:41,OP90002153,沪深300ETF沽12月3900,0.0,0.0,0.0,0.0,10,0.1008,0.1019,55,0.0976,0.1018,0.0,0.0,0.0,0.0,148
2023-05-10 09:40:42,OP90002153,沪深300ETF沽12月3900,0.0,0.0,0.0,0.0,10,0.1008,0.1019,55,0.0976,0.1018,0.0,0.0,0.0,0.0,148
2023-05-10 09:40:42,OP90002153,沪深300ETF沽12月3900,0.0,0.0,0.0,0.0,10,0.1008,0.1019,75,0.0976,0.1018,0.0,0.0,0.0,0.0,148
2023-05-10 09:40:43,OP90002153,沪深300ETF沽12月3900,0.0,0.0,0.0,0.0,10,0.1007,0.1019,75,0.0976,0.1018,0.0,0.0,0.0,0.0,148
2023-05-10 09:40:43,OP90002153,沪深300ETF沽12月3900,0.0,0.0,0.0,0.0,10,0.1007,0.1019,75,0.0976,0.1018,0.0,0.0,0.0,0.0,148
2023-05-10 09:40:44,OP90002153,沪深300ETF沽12月3900,0.0,0.0,0.0,0.0,10,0.1006,0.1019,75,0.0976,0.1018,0.0,0.0,0.0,0.0,148
2023-05-10 09:40:44,OP90002153,沪深300ETF沽12月3900,0.0,0.0,0.0,0.0,10,0.1006,0.1019,75,0.0976,0.1018,0.0,0.0,0.0,0.0,148
2023-05-10 09:40:46,OP90002153,沪深300ETF沽12月3900,0.0,0.0,0.0,0.0,10,0.1006,0.1019,75,0.0976,0.1018,0.0,0.0,0.0,0.0,148
2023-05-10 09:40:46,OP90002153,沪深300ETF沽12月3900,0.0,0.0,0.0,0.0,10,0.1006,0.1019,75,0.0976,0.1018,0.0,0.0,0.0,0.0,148
2023-05-10 09:40:47,OP90002153,沪深300ETF沽12月3900,0.0,0.0,0.0,0.0,15,0.1007,0.1019,75,0.0976,0.1018,0.0,0.0,0.0,0.0,148
2023-05-10 09:40:47,OP90002153,沪深300ETF沽12月3900,0.0,0.0,0.0,0.0,15,0.1007,0.1019,75,0.0976,0.1018,0.0,0.0,0.0,0.0,148
2023-05-10 09:40:49,OP90002153,沪深300ETF沽12月3900,0.0,0.0,0.0,0.0,25,0.1007,0.1019,55,0.0976,0.1018,0.0,0.0,0.0,0.0,148
2023-05-10 09:40:50,OP90002153,沪深300ETF沽12月3900,0.0,0.0,0.0,0.0,25,0.1007,0.1019,55,0.0976,0.1018,0.0,0.0,0.0,0.0,148
2023-05-10 09:40:51,OP90002153,沪深300ETF沽12月3900,0.0,0.0,0.0,0.0,15,0.1007,0.1019,55,0.0976,0.1018,0.0,0.0,0.0,0.0,148
2023-05-10 09:40:51,OP90002153,沪深300ETF沽12月3900,0.0,0.0,0.0,0.0,15,0.1007,0.1019,55,0.0976,0.1018,0.0,0.0,0.0,0.0,148
2023-05-10 09:40:52,OP90002153,沪深300ETF沽12月3900,0.0,0.0,0.0,0.0,25,0.1007,0.1019,55,0.0976,0.1018,0.0,0.0,0.0,0.0,148
2023-05-10 09:40:52,OP90002153,沪深300ETF沽12月3900,0.0,0.0,0.0,0.0,25,0.1007,0.1019,40,0.0976,0.1018,0.0,0.0,0.0,0.0,148
2023-05-10 09:40:53,OP90002153,沪深300ETF沽12月3900,0.0,0.0,0.0,0.0,25,0.1007,0.1019,55,0.0976,0.1018,0.0,0.0,0.0,0.0,148
2023-05-10 09:41:01,OP90002153,沪深300ETF沽12月3900,0.0,0.0,0.0,0.0,45,0.1007,0.1019,40,0.0976,0.1018,0.0,0.0,0.0,0.0,148
2023-05-10 09:41:01,OP90002153,沪深300ETF沽12月3900,0.0,0.0,0.0,0.0,10,0.1008,0.1019,40,0.0976,0.1018,0.0,0.0,0.0,0.0,148
2023-05-10 09:41:02,OP90002153,沪深300ETF沽12月3900,0.0,0.0,0.0,0.0,15,0.1009,0.1019,40,0.0976,0.1018,0.0,0.0,0.0,0.0,148
2023-05-10 09:41:02,OP90002153,沪深300ETF沽12月3900,0.0,0.0,0.0,0.0,15,0.1009,0.1019,40,0.0976,0.1018,0.0,0.0,0.0,0.0,148
2023-05-10 09:41:03,OP90002153,沪深300ETF沽12月3900,0.0,0.0,0.0,0.0,25,0.1009,0.1019,40,0.0976,0.1018,0.0,0.0,0.0,0.0,148
2023-05-10 09:41:04,OP90002153,沪深300ETF沽12月3900,0.0,0.0,0.0,0.0,45,0.1009,0.1019,40,0.0976,0.1018,0.0,0.0,0.0,0.0,148
2023-05-10 09:41:04,OP90002153,沪深300ETF沽12月3900,0.0,0.0,0.0,0.0,45,0.1009,0.1019,40,0.0976,0.1018,0.0,0.0,0.0,0.0,148
2023-05-10 09:41:05,OP90002153,沪深300ETF沽12月3900,0.0,0.0,0.0,0.0,10,0.101,0.1019,20,0.0976,0.1018,0.0,0.0,0.0,0.0,148
2023-05-10 09:41:05,OP90002153,沪深300ETF沽12月3900,0.0,0.0,0.0,0.0,15,0.1011,0.1021,20,0.0976,0.1018,0.0,0.0,0.0,0.0,148
2023-05-10 09:41:06,OP90002153,沪深300ETF沽12月3900,0.0,0.0,0.0,0.0,45,0.1011,0.1021,20,0.0976,0.1018,0.0,0.0,0.0,0.0,148
2023-05-10 09:41:07,OP90002153,沪深300ETF沽12月3900,0.0,0.0,0.0,0.0,45,0.1011,0.1022,50,0.0976,0.1018,0.0,0.0,0.0,0.0,148
2023-05-10 09:41:07,OP90002153,沪深300ETF沽12月3900,0.0,0.0,0.0,0.0,45,0.1011,0.1022,20,0.0976,0.1018,0.0,0.0,0.0,0.0,148
2023-05-10 09:41:08,OP90002153,沪深300ETF沽12月3900,0.0,0.0,0.0,0.0,45,0.1011,0.1023,20,0.0976,0.1018,0.0,0.0,0.0,0.0,148
2023-05-10 09:41:08,OP90002153,沪深300ETF沽12月3900,0.0,0.0,0.0,0.0,45,0.1011,0.1023,20,0.0976,0.1018,0.0,0.0,0.0,0.0,148
2023-05-10 09:41:09,OP90002153,沪深300ETF沽12月3900,0.0,0.0,0.0,0.0,45,0.1011,0.1023,20,0.0976,0.1018,0.0,0.0,0.0,0.0,148
2023-05-10 09:41:09,OP90002153,沪深300ETF沽12月3900,0.0,0.0,0.0,0.0,45,0.1011,0.1023,20,0.0976,0.1018,0.0,0.0,0.0,0.0,148
2023-05-10 09:41:10,OP90002153,沪深300ETF沽12月3900,0.0,0.0,0.0,0.0,25,0.1011,0.1023,20,0.0976,0.1018,0.0,0.0,0.0,0.0,148
2023-05-10 09:41:10,OP90002153,沪深300ETF沽12月3900,0.0,0.0,0.0,0.0,25,0.1011,0.1023,35,0.0976,0.1018,0.0,0.0,0.0,0.0,148
2023-05-10 09:41:13,OP90002153,沪深300ETF沽12月3900,0.0,0.0,0.0,0.0,25,0.1011,0.1023,20,0.0976,0.1018,0.0,0.0,0.0,0.0,148
2023-05-10 09:41:13,OP90002153,沪深300ETF沽12月3900,0.0,0.0,0.0,0.0,10,0.1012,0.1023,35,0.0976,0.1018,0.0,0.0,0.0,0.0,148
2023-05-10 09:41:14,OP90002153,沪深300ETF沽12月3900,0.0,0.0,0.0,0.0,15,0.1013,0.1023,35,0.0976,0.1018,0.0,0.0,0.0,0.0,148
2023-05-10 09:41:14,OP90002153,沪深300ETF沽12月3900,0.0,0.0,0.0,0.0,10,0.1013,0.1023,35,0.0976,0.1018,0.0,0.0,0.0,0.0,148
2023-05-10 09:41:15,OP90002153,沪深300ETF沽12月3900,0.0,0.0,0.0,0.0,10,0.1013,0.1023,55,0.0976,0.1018,0.0,0.0,0.0,0.0,148
2023-05-10 09:41:17,OP90002153,沪深300ETF沽12月3900,0.0,0.0,0.0,0.0,10,0.1013,0.1023,40,0.0976,0.1018,0.0,0.0,0.0,0.0,148
2023-05-10 09:41:17,OP90002153,沪深300ETF沽12月3900,0.0,0.0,0.0,0.0,15,0.1014,0.1023,20,0.0976,0.1018,0.0,0.0,0.0,0.0,148
2023-05-10 09:41:18,OP90002153,沪深300ETF沽12月3900,0.0,0.0,0.0,0.0,10,0.1014,0.1023,20,0.0976,0.1018,0.0,0.0,0.0,0.0,148
2023-05-10 09:41:18,OP90002153,沪深300ETF沽12月3900,0.0,0.0,0.0,0.0,10,0.1014,0.1023,35,0.0976,0.1018,0.0,0.0,0.0,0.0,148
2023-05-10 09:41:19,OP90002153,沪深300ETF沽12月3900,0.0,0.0,0.0,0.0,10,0.1014,0.1023,35,0.0976,0.1018,0.0,0.0,0.0,0.0,148
2023-05-10 09:41:23,OP90002153,沪深300ETF沽12月3900,0.0,0.0,0.0,0.0,10,0.1014,0.1023,35,0.0976,0.1018,0.0,0.0,0.0,0.0,148
2023-05-10 09:41:24,OP90002153,沪深300ETF沽12月3900,0.0,0.0,0.0,0.0,10,0.1014,0.1023,55,0.0976,0.1018,0.0,0.0,0.0,0.0,148
2023-05-10 09:41:24,OP90002153,沪深300ETF沽12月3900,0.0,0.0,0.0,0.0,10,0.1014,0.1023,55,0.0976,0.1018,0.0,0.0,0.0,0.0,148
2023-05-10 09:41:25,OP90002153,沪深300ETF沽12月3900,0.0,0.0,0.0,0.0,10,0.1014,0.1023,55,0.0976,0.1018,0.0,0.0,0.0,0.0,148
2023-05-10 09:41:25,OP90002153,沪深300ETF沽12月3900,0.0,0.0,0.0,0.0,10,0.1014,0.1023,55,0.0976,0.1018,0.0,0.0,0.0,0.0,148
2023-05-10 09:41:28,OP90002153,沪深300ETF沽12月3900,0.0,0.0,0.0,0.0,10,0.1014,0.1023,55,0.0976,0.1018,0.0,0.0,0.0,0.0,148
2023-05-10 09:41:29,OP90002153,沪深300ETF沽12月3900,0.0,0.0,0.0,0.0,10,0.1014,0.1023,55,0.0976,0.1018,0.0,0.0,0.0,0.0,148
2023-05-10 09:41:30,OP90002153,沪深300ETF沽12月3900,0.0,0.0,0.0,0.0,10,0.1014,0.1023,55,0.0976,0.1018,0.0,0.0,0.0,0.0,148
2023-05-10 09:41:31,OP90002153,沪深300ETF沽12月3900,0.0,0.0,0.0,0.0,10,0.1014,0.1023,55,0.0976,0.1018,0.0,0.0,0.0,0.0,148
2023-05-10 09:41:35,OP90002153,沪深300ETF沽12月3900,0.0,0.0,0.0,0.0,10,0.1014,0.1023,55,0.0976,0.1018,0.0,0.0,0.0,0.0,148
2023-05-10 09:41:36,OP90002153,沪深300ETF沽12月3900,0.0,0.0,0.0,0.0,10,0.1014,0.1023,55,0.0976,0.1018,0.0,0.0,0.0,0.0,148
2023-05-10 09:41:36,OP90002153,沪深300ETF沽12月3900,0.0,0.0,0.0,0.0,10,0.1014,0.1023,55,0.0976,0.1018,0.0,0.0,0.0,0.0,148
2023-05-10 09:41:37,OP90002153,沪深300ETF沽12月3900,0.0,0.0,0.0,0.0,10,0.1013,0.1023,55,0.0976,0.1018,0.0,0.0,0.0,0.0,148
2023-05-10 09:41:38,OP90002153,沪深300ETF沽12月3900,0.0,0.0,0.0,0.0,20,0.1013,0.1023,35,0.0976,0.1018,0.0,0.0,0.0,0.0,148
2023-05-10 09:41:39,OP90002153,沪深300ETF沽12月3900,0.0,0.0,0.0,0.0,20,0.1013,0.1023,35,0.0976,0.1018,0.0,0.0,0.0,0.0,148
2023-05-10 09:41:40,OP90002153,沪深300ETF沽12月3900,0.0,0.0,0.0,0.0,10,0.1013,0.1023,35,0.0976,0.1018,0.0,0.0,0.0,0.0,148
2023-05-10 09:41:41,OP90002153,沪深300ETF沽12月3900,0.0,0.0,0.0,0.0,10,0.1013,0.1023,35,0.0976,0.1018,0.0,0.0,0.0,0.0,148
2023-05-10 09:41:42,OP90002153,沪深300ETF沽12月3900,0.0,0.0,0.0,0.0,10,0.1013,0.1023,35,0.0976,0.1018,0.0,0.0,0.0,0.0,148
2023-05-10 09:41:42,OP90002153,沪深300ETF沽12月3900,0.0,0.0,0.0,0.0,10,0.1013,0.1023,35,0.0976,0.1018,0.0,0.0,0.0,0.0,148
