time,symbol_id,symbol_name,last,trade_volume,trade_amount,open_interest_change,bv1,bp1,ap1,av1,yesterday_close,today_open,today_high,today_low,volume,amount,open_interest
2023-05-10 08:30:04,OP90002178,沪深300ETF沽12月4500,0.0,0.0,0.0,-10.0,0,0.0,0.0,0,0.4248,0.4335,0.0,0.0,0.0,0.0,227
2023-05-10 09:25:00,OP90002178,沪深300ETF沽12月4500,0.0,0.0,0.0,0.0,1,0.4058,0.4239,1,0.4248,0.4335,0.0,0.0,0.0,0.0,227
2023-05-10 09:30:00,OP90002178,沪深300ETF沽12月4500,0.0,0.0,0.0,0.0,1,0.4058,0.4462,1,0.4248,0.4335,0.0,0.0,0.0,0.0,227
2023-05-10 09:30:00,OP90002178,沪深300ETF沽12月4500,0.0,0.0,0.0,0.0,1,0.4058,0.4462,1,0.4248,0.4335,0.0,0.0,0.0,0.0,227
2023-05-10 09:30:01,OP90002178,沪深300ETF沽12月4500,0.0,0.0,0.0,0.0,1,0.3797,0.4556,1,0.4248,0.4335,0.0,0.0,0.0,0.0,227
2023-05-10 09:30:02,OP90002178,沪深300ETF沽12月4500,0.0,0.0,0.0,0.0,3,0.2421,0.6818,4,0.4248,0.4335,0.0,0.0,0.0,0.0,227
2023-05-10 09:30:18,OP90002178,沪深300ETF沽12月4500,0.0,0.0,0.0,0.0,3,0.2421,0.6818,4,0.4248,0.4335,0.0,0.0,0.0,0.0,227
2023-05-10 09:30:27,OP90002178,沪深300ETF沽12月4500,0.0,0.0,0.0,0.0,20,0.408,0.4387,20,0.4248,0.4335,0.0,0.0,0.0,0.0,227
2023-05-10 09:30:28,OP90002178,沪深300ETF沽12月4500,0.0,0.0,0.0,0.0,20,0.4184,0.4284,20,0.4248,0.4335,0.0,0.0,0.0,0.0,227
2023-05-10 09:30:28,OP90002178,沪深300ETF沽12月4500,0.0,0.0,0.0,0.0,20,0.4184,0.4283,10,0.4248,0.4335,0.0,0.0,0.0,0.0,227
2023-05-10 09:30:29,OP90002178,沪深300ETF沽12月4500,0.0,0.0,0.0,0.0,20,0.4184,0.4283,10,0.4248,0.4335,0.0,0.0,0.0,0.0,227
2023-05-10 09:30:31,OP90002178,沪深300ETF沽12月4500,0.0,0.0,0.0,0.0,20,0.4184,0.4283,10,0.4248,0.4335,0.0,0.0,0.0,0.0,227
2023-05-10 09:30:32,OP90002178,沪深300ETF沽12月4500,0.0,0.0,0.0,0.0,20,0.4184,0.4283,10,0.4248,0.4335,0.0,0.0,0.0,0.0,227
2023-05-10 09:30:37,OP90002178,沪深300ETF沽12月4500,0.0,0.0,0.0,0.0,20,0.4184,0.4283,10,0.4248,0.4335,0.0,0.0,0.0,0.0,227
2023-05-10 09:30:39,OP90002178,沪深300ETF沽12月4500,0.0,0.0,0.0,0.0,20,0.4191,0.4283,30,0.4248,0.4335,0.0,0.0,0.0,0.0,227
2023-05-10 09:30:40,OP90002178,沪深300ETF沽12月4500,0.0,0.0,0.0,0.0,20,0.4191,0.4283,30,0.4248,0.4335,0.0,0.0,0.0,0.0,227
2023-05-10 09:30:41,OP90002178,沪深300ETF沽12月4500,0.0,0.0,0.0,0.0,20,0.4199,0.4283,30,0.4248,0.4335,0.0,0.0,0.0,0.0,227
2023-05-10 09:30:43,OP90002178,沪深300ETF沽12月4500,0.0,0.0,0.0,0.0,20,0.4192,0.4283,30,0.4248,0.4335,0.0,0.0,0.0,0.0,227
2023-05-10 09:30:45,OP90002178,沪深300ETF沽12月4500,0.0,0.0,0.0,0.0,20,0.4192,0.4283,30,0.4248,0.4335,0.0,0.0,0.0,0.0,227
2023-05-10 09:30:45,OP90002178,沪深300ETF沽12月4500,0.0,0.0,0.0,0.0,20,0.4199,0.4283,30,0.4248,0.4335,0.0,0.0,0.0,0.0,227
2023-05-10 09:30:48,OP90002178,沪深300ETF沽12月4500,0.0,0.0,0.0,0.0,20,0.4199,0.4283,30,0.4248,0.4335,0.0,0.0,0.0,0.0,227
2023-05-10 09:30:51,OP90002178,沪深300ETF沽12月4500,0.0,0.0,0.0,0.0,20,0.4199,0.4283,30,0.4248,0.4335,0.0,0.0,0.0,0.0,227
2023-05-10 09:30:52,OP90002178,沪深300ETF沽12月4500,0.0,0.0,0.0,0.0,20,0.4206,0.4283,10,0.4248,0.4335,0.0,0.0,0.0,0.0,227
2023-05-10 09:30:53,OP90002178,沪深300ETF沽12月4500,0.0,0.0,0.0,0.0,20,0.4198,0.4283,30,0.4248,0.4335,0.0,0.0,0.0,0.0,227
2023-05-10 09:30:54,OP90002178,沪深300ETF沽12月4500,0.0,0.0,0.0,0.0,20,0.4198,0.4283,30,0.4248,0.4335,0.0,0.0,0.0,0.0,227
2023-05-10 09:30:56,OP90002178,沪深300ETF沽12月4500,0.0,0.0,0.0,0.0,20,0.4209,0.4283,10,0.4248,0.4335,0.0,0.0,0.0,0.0,227
2023-05-10 09:30:57,OP90002178,沪深300ETF沽12月4500,0.0,0.0,0.0,0.0,20,0.4209,0.4291,10,0.4248,0.4335,0.0,0.0,0.0,0.0,227
2023-05-10 09:30:57,OP90002178,沪深300ETF沽12月4500,0.0,0.0,0.0,0.0,20,0.4209,0.4291,10,0.4248,0.4335,0.0,0.0,0.0,0.0,227
2023-05-10 09:30:58,OP90002178,沪深300ETF沽12月4500,0.0,0.0,0.0,0.0,20,0.4209,0.4291,10,0.4248,0.4335,0.0,0.0,0.0,0.0,227
2023-05-10 09:30:59,OP90002178,沪深300ETF沽12月4500,0.0,0.0,0.0,0.0,20,0.4209,0.4291,10,0.4248,0.4335,0.0,0.0,0.0,0.0,227
2023-05-10 09:31:00,OP90002178,沪深300ETF沽12月4500,0.0,0.0,0.0,0.0,20,0.4219,0.4291,10,0.4248,0.4335,0.0,0.0,0.0,0.0,227
2023-05-10 09:31:01,OP90002178,沪深300ETF沽12月4500,0.0,0.0,0.0,0.0,20,0.4219,0.4295,10,0.4248,0.4335,0.0,0.0,0.0,0.0,227
2023-05-10 09:31:01,OP90002178,沪深300ETF沽12月4500,0.0,0.0,0.0,0.0,20,0.423,0.4313,20,0.4248,0.4335,0.0,0.0,0.0,0.0,227
2023-05-10 09:31:02,OP90002178,沪深300ETF沽12月4500,0.0,0.0,0.0,0.0,20,0.4229,0.4312,10,0.4248,0.4335,0.0,0.0,0.0,0.0,227
2023-05-10 09:31:02,OP90002178,沪深300ETF沽12月4500,0.0,0.0,0.0,0.0,20,0.4236,0.4319,20,0.4248,0.4335,0.0,0.0,0.0,0.0,227
2023-05-10 09:31:03,OP90002178,沪深300ETF沽12月4500,0.0,0.0,0.0,0.0,20,0.4234,0.4318,10,0.4248,0.4335,0.0,0.0,0.0,0.0,227
2023-05-10 09:31:03,OP90002178,沪深300ETF沽12月4500,0.0,0.0,0.0,0.0,20,0.4234,0.4318,20,0.4248,0.4335,0.0,0.0,0.0,0.0,227
2023-05-10 09:31:04,OP90002178,沪深300ETF沽12月4500,0.0,0.0,0.0,0.0,20,0.4235,0.4317,10,0.4248,0.4335,0.0,0.0,0.0,0.0,227
2023-05-10 09:31:04,OP90002178,沪深300ETF沽12月4500,0.0,0.0,0.0,0.0,20,0.4235,0.4326,10,0.4248,0.4335,0.0,0.0,0.0,0.0,227
2023-05-10 09:31:05,OP90002178,沪深300ETF沽12月4500,0.0,0.0,0.0,0.0,20,0.4245,0.4326,10,0.4248,0.4335,0.0,0.0,0.0,0.0,227
2023-05-10 09:31:05,OP90002178,沪深300ETF沽12月4500,0.0,0.0,0.0,0.0,20,0.4245,0.4326,10,0.4248,0.4335,0.0,0.0,0.0,0.0,227
2023-05-10 09:31:06,OP90002178,沪深300ETF沽12月4500,0.0,0.0,0.0,0.0,20,0.4252,0.4326,10,0.4248,0.4335,0.0,0.0,0.0,0.0,227
2023-05-10 09:31:06,OP90002178,沪深300ETF沽12月4500,0.0,0.0,0.0,0.0,20,0.4252,0.4326,10,0.4248,0.4335,0.0,0.0,0.0,0.0,227
2023-05-10 09:31:07,OP90002178,沪深300ETF沽12月4500,0.0,0.0,0.0,0.0,20,0.4252,0.4326,10,0.4248,0.4335,0.0,0.0,0.0,0.0,227
2023-05-10 09:31:09,OP90002178,沪深300ETF沽12月4500,0.0,0.0,0.0,0.0,20,0.4252,0.4326,10,0.4248,0.4335,0.0,0.0,0.0,0.0,227
2023-05-10 09:31:09,OP90002178,沪深300ETF沽12月4500,0.0,0.0,0.0,0.0,20,0.4259,0.4334,10,0.4248,0.4335,0.0,0.0,0.0,0.0,227
2023-05-10 09:31:10,OP90002178,沪深300ETF沽12月4500,0.0,0.0,0.0,0.0,20,0.4259,0.4341,10,0.4248,0.4335,0.0,0.0,0.0,0.0,227
2023-05-10 09:31:10,OP90002178,沪深300ETF沽12月4500,0.0,0.0,0.0,0.0,20,0.4259,0.4341,10,0.4248,0.4335,0.0,0.0,0.0,0.0,227
2023-05-10 09:31:11,OP90002178,沪深300ETF沽12月4500,0.0,0.0,0.0,0.0,20,0.4252,0.4341,30,0.4248,0.4335,0.0,0.0,0.0,0.0,227
2023-05-10 09:31:13,OP90002178,沪深300ETF沽12月4500,0.0,0.0,0.0,0.0,20,0.4252,0.4341,30,0.4248,0.4335,0.0,0.0,0.0,0.0,227
2023-05-10 09:31:14,OP90002178,沪深300ETF沽12月4500,0.0,0.0,0.0,0.0,20,0.4252,0.4341,30,0.4248,0.4335,0.0,0.0,0.0,0.0,227
2023-05-10 09:31:15,OP90002178,沪深300ETF沽12月4500,0.0,0.0,0.0,0.0,20,0.4252,0.4341,30,0.4248,0.4335,0.0,0.0,0.0,0.0,227
2023-05-10 09:31:18,OP90002178,沪深300ETF沽12月4500,0.0,0.0,0.0,0.0,20,0.4259,0.4341,30,0.4248,0.4335,0.0,0.0,0.0,0.0,227
2023-05-10 09:31:19,OP90002178,沪深300ETF沽12月4500,0.0,0.0,0.0,0.0,20,0.4259,0.4341,30,0.4248,0.4335,0.0,0.0,0.0,0.0,227
2023-05-10 09:31:20,OP90002178,沪深300ETF沽12月4500,0.0,0.0,0.0,0.0,20,0.4269,0.4341,10,0.4248,0.4335,0.0,0.0,0.0,0.0,227
2023-05-10 09:31:20,OP90002178,沪深300ETF沽12月4500,0.0,0.0,0.0,0.0,20,0.4269,0.4351,10,0.4248,0.4335,0.0,0.0,0.0,0.0,227
2023-05-10 09:31:21,OP90002178,沪深300ETF沽12月4500,0.0,0.0,0.0,0.0,20,0.4269,0.4351,10,0.4248,0.4335,0.0,0.0,0.0,0.0,227
2023-05-10 09:31:21,OP90002178,沪深300ETF沽12月4500,0.0,0.0,0.0,0.0,20,0.4269,0.4351,10,0.4248,0.4335,0.0,0.0,0.0,0.0,227
2023-05-10 09:31:22,OP90002178,沪深300ETF沽12月4500,0.0,0.0,0.0,0.0,20,0.4269,0.4351,10,0.4248,0.4335,0.0,0.0,0.0,0.0,227
2023-05-10 09:31:23,OP90002178,沪深300ETF沽12月4500,0.0,0.0,0.0,0.0,20,0.4269,0.4351,10,0.4248,0.4335,0.0,0.0,0.0,0.0,227
2023-05-10 09:31:24,OP90002178,沪深300ETF沽12月4500,0.0,0.0,0.0,0.0,20,0.4277,0.4351,10,0.4248,0.4335,0.0,0.0,0.0,0.0,227
2023-05-10 09:31:24,OP90002178,沪深300ETF沽12月4500,0.0,0.0,0.0,0.0,20,0.4277,0.436,20,0.4248,0.4335,0.0,0.0,0.0,0.0,227
2023-05-10 09:31:25,OP90002178,沪深300ETF沽12月4500,0.0,0.0,0.0,0.0,20,0.4276,0.4376,20,0.4248,0.4335,0.0,0.0,0.0,0.0,227
2023-05-10 09:31:25,OP90002178,沪深300ETF沽12月4500,0.0,0.0,0.0,0.0,20,0.4276,0.4375,10,0.4248,0.4335,0.0,0.0,0.0,0.0,227
2023-05-10 09:31:30,OP90002178,沪深300ETF沽12月4500,0.0,0.0,0.0,0.0,20,0.4276,0.4374,20,0.4248,0.4335,0.0,0.0,0.0,0.0,227
2023-05-10 09:31:31,OP90002178,沪深300ETF沽12月4500,0.0,0.0,0.0,0.0,20,0.4267,0.4367,20,0.4248,0.4335,0.0,0.0,0.0,0.0,227
2023-05-10 09:31:31,OP90002178,沪深300ETF沽12月4500,0.0,0.0,0.0,0.0,20,0.4267,0.4366,30,0.4248,0.4335,0.0,0.0,0.0,0.0,227
2023-05-10 09:31:32,OP90002178,沪深300ETF沽12月4500,0.0,0.0,0.0,0.0,20,0.4267,0.4365,20,0.4248,0.4335,0.0,0.0,0.0,0.0,227
2023-05-10 09:31:32,OP90002178,沪深300ETF沽12月4500,0.0,0.0,0.0,0.0,20,0.4267,0.4364,10,0.4248,0.4335,0.0,0.0,0.0,0.0,227
2023-05-10 09:31:33,OP90002178,沪深300ETF沽12月4500,0.0,0.0,0.0,0.0,20,0.4267,0.4363,20,0.4248,0.4335,0.0,0.0,0.0,0.0,227
2023-05-10 09:31:33,OP90002178,沪深300ETF沽12月4500,0.0,0.0,0.0,0.0,20,0.4267,0.4363,20,0.4248,0.4335,0.0,0.0,0.0,0.0,227
2023-05-10 09:31:34,OP90002178,沪深300ETF沽12月4500,0.0,0.0,0.0,0.0,20,0.4267,0.4366,20,0.4248,0.4335,0.0,0.0,0.0,0.0,227
2023-05-10 09:31:34,OP90002178,沪深300ETF沽12月4500,0.0,0.0,0.0,0.0,20,0.4274,0.4365,10,0.4248,0.4335,0.0,0.0,0.0,0.0,227
2023-05-10 09:31:35,OP90002178,沪深300ETF沽12月4500,0.0,0.0,0.0,0.0,20,0.4274,0.4364,20,0.4248,0.4335,0.0,0.0,0.0,0.0,227
2023-05-10 09:31:35,OP90002178,沪深300ETF沽12月4500,0.0,0.0,0.0,0.0,20,0.4274,0.4363,10,0.4248,0.4335,0.0,0.0,0.0,0.0,227
2023-05-10 09:31:36,OP90002178,沪深300ETF沽12月4500,0.0,0.0,0.0,0.0,20,0.4274,0.4362,20,0.4248,0.4335,0.0,0.0,0.0,0.0,227
2023-05-10 09:31:36,OP90002178,沪深300ETF沽12月4500,0.0,0.0,0.0,0.0,20,0.4266,0.4361,10,0.4248,0.4335,0.0,0.0,0.0,0.0,227
2023-05-10 09:31:37,OP90002178,沪深300ETF沽12月4500,0.0,0.0,0.0,0.0,20,0.4266,0.436,20,0.4248,0.4335,0.0,0.0,0.0,0.0,227
2023-05-10 09:31:37,OP90002178,沪深300ETF沽12月4500,0.0,0.0,0.0,0.0,20,0.4266,0.4359,10,0.4248,0.4335,0.0,0.0,0.0,0.0,227
2023-05-10 09:31:38,OP90002178,沪深300ETF沽12月4500,0.0,0.0,0.0,0.0,20,0.4266,0.4358,20,0.4248,0.4335,0.0,0.0,0.0,0.0,227
2023-05-10 09:31:38,OP90002178,沪深300ETF沽12月4500,0.0,0.0,0.0,0.0,20,0.4266,0.4357,10,0.4248,0.4335,0.0,0.0,0.0,0.0,227
2023-05-10 09:31:42,OP90002178,沪深300ETF沽12月4500,0.0,0.0,0.0,0.0,20,0.4259,0.4357,30,0.4248,0.4335,0.0,0.0,0.0,0.0,227
2023-05-10 09:31:43,OP90002178,沪深300ETF沽12月4500,0.0,0.0,0.0,0.0,20,0.4259,0.4356,20,0.4248,0.4335,0.0,0.0,0.0,0.0,227
2023-05-10 09:31:43,OP90002178,沪深300ETF沽12月4500,0.0,0.0,0.0,0.0,20,0.4259,0.4355,10,0.4248,0.4335,0.0,0.0,0.0,0.0,227
2023-05-10 09:31:44,OP90002178,沪深300ETF沽12月4500,0.0,0.0,0.0,0.0,20,0.4259,0.4354,20,0.4248,0.4335,0.0,0.0,0.0,0.0,227
2023-05-10 09:31:44,OP90002178,沪深300ETF沽12月4500,0.0,0.0,0.0,0.0,20,0.4259,0.4353,10,0.4248,0.4335,0.0,0.0,0.0,0.0,227
2023-05-10 09:31:45,OP90002178,沪深300ETF沽12月4500,0.0,0.0,0.0,0.0,20,0.4252,0.4352,40,0.4248,0.4335,0.0,0.0,0.0,0.0,227
2023-05-10 09:31:45,OP90002178,沪深300ETF沽12月4500,0.0,0.0,0.0,0.0,20,0.4252,0.4351,30,0.4248,0.4335,0.0,0.0,0.0,0.0,227
2023-05-10 09:31:46,OP90002178,沪深300ETF沽12月4500,0.0,0.0,0.0,0.0,20,0.4259,0.435,20,0.4248,0.4335,0.0,0.0,0.0,0.0,227
2023-05-10 09:31:47,OP90002178,沪深300ETF沽12月4500,0.0,0.0,0.0,0.0,20,0.425,0.4349,10,0.4248,0.4335,0.0,0.0,0.0,0.0,227
2023-05-10 09:31:48,OP90002178,沪深300ETF沽12月4500,0.0,0.0,0.0,0.0,20,0.425,0.4348,20,0.4248,0.4335,0.0,0.0,0.0,0.0,227
2023-05-10 09:31:48,OP90002178,沪深300ETF沽12月4500,0.0,0.0,0.0,0.0,20,0.425,0.4349,20,0.4248,0.4335,0.0,0.0,0.0,0.0,227
2023-05-10 09:31:49,OP90002178,沪深300ETF沽12月4500,0.0,0.0,0.0,0.0,20,0.425,0.4349,20,0.4248,0.4335,0.0,0.0,0.0,0.0,227
2023-05-10 09:31:49,OP90002178,沪深300ETF沽12月4500,0.0,0.0,0.0,0.0,20,0.425,0.4348,10,0.4248,0.4335,0.0,0.0,0.0,0.0,227
2023-05-10 09:31:50,OP90002178,沪深300ETF沽12月4500,0.0,0.0,0.0,0.0,20,0.425,0.4347,20,0.4248,0.4335,0.0,0.0,0.0,0.0,227
2023-05-10 09:31:50,OP90002178,沪深300ETF沽12月4500,0.0,0.0,0.0,0.0,20,0.425,0.4346,10,0.4248,0.4335,0.0,0.0,0.0,0.0,227
2023-05-10 09:31:51,OP90002178,沪深300ETF沽12月4500,0.0,0.0,0.0,0.0,20,0.425,0.4345,20,0.4248,0.4335,0.0,0.0,0.0,0.0,227
2023-05-10 09:31:51,OP90002178,沪深300ETF沽12月4500,0.0,0.0,0.0,0.0,20,0.4242,0.4342,20,0.4248,0.4335,0.0,0.0,0.0,0.0,227
2023-05-10 09:31:52,OP90002178,沪深300ETF沽12月4500,0.0,0.0,0.0,0.0,20,0.4242,0.4341,30,0.4248,0.4335,0.0,0.0,0.0,0.0,227
2023-05-10 09:31:52,OP90002178,沪深300ETF沽12月4500,0.0,0.0,0.0,0.0,20,0.4242,0.434,20,0.4248,0.4335,0.0,0.0,0.0,0.0,227
2023-05-10 09:31:53,OP90002178,沪深300ETF沽12月4500,0.0,0.0,0.0,0.0,20,0.4242,0.434,20,0.4248,0.4335,0.0,0.0,0.0,0.0,227
2023-05-10 09:31:53,OP90002178,沪深300ETF沽12月4500,0.0,0.0,0.0,0.0,20,0.4242,0.434,20,0.4248,0.4335,0.0,0.0,0.0,0.0,227
2023-05-10 09:31:54,OP90002178,沪深300ETF沽12月4500,0.0,0.0,0.0,0.0,20,0.4242,0.4341,20,0.4248,0.4335,0.0,0.0,0.0,0.0,227
2023-05-10 09:31:54,OP90002178,沪深300ETF沽12月4500,0.0,0.0,0.0,0.0,20,0.4249,0.4341,40,0.4248,0.4335,0.0,0.0,0.0,0.0,227
2023-05-10 09:31:55,OP90002178,沪深300ETF沽12月4500,0.0,0.0,0.0,0.0,10,0.425,0.434,30,0.4248,0.4335,0.0,0.0,0.0,0.0,227
2023-05-10 09:31:55,OP90002178,沪深300ETF沽12月4500,0.0,0.0,0.0,0.0,10,0.425,0.4339,20,0.4248,0.4335,0.0,0.0,0.0,0.0,227
2023-05-10 09:31:56,OP90002178,沪深300ETF沽12月4500,0.0,0.0,0.0,0.0,10,0.425,0.4339,30,0.4248,0.4335,0.0,0.0,0.0,0.0,227
2023-05-10 09:31:57,OP90002178,沪深300ETF沽12月4500,0.0,0.0,0.0,0.0,10,0.425,0.4338,20,0.4248,0.4335,0.0,0.0,0.0,0.0,227
2023-05-10 09:31:57,OP90002178,沪深300ETF沽12月4500,0.0,0.0,0.0,0.0,10,0.425,0.4337,10,0.4248,0.4335,0.0,0.0,0.0,0.0,227
2023-05-10 09:31:58,OP90002178,沪深300ETF沽12月4500,0.0,0.0,0.0,0.0,20,0.4249,0.4336,20,0.4248,0.4335,0.0,0.0,0.0,0.0,227
2023-05-10 09:31:58,OP90002178,沪深300ETF沽12月4500,0.0,0.0,0.0,0.0,20,0.4235,0.4335,30,0.4248,0.4335,0.0,0.0,0.0,0.0,227
2023-05-10 09:31:59,OP90002178,沪深300ETF沽12月4500,0.0,0.0,0.0,0.0,20,0.4235,0.4334,20,0.4248,0.4335,0.0,0.0,0.0,0.0,227
2023-05-10 09:32:00,OP90002178,沪深300ETF沽12月4500,0.0,0.0,0.0,0.0,10,0.4236,0.4333,20,0.4248,0.4335,0.0,0.0,0.0,0.0,227
2023-05-10 09:32:00,OP90002178,沪深300ETF沽12月4500,0.0,0.0,0.0,0.0,10,0.4236,0.4332,20,0.4248,0.4335,0.0,0.0,0.0,0.0,227
2023-05-10 09:32:01,OP90002178,沪深300ETF沽12月4500,0.0,0.0,0.0,0.0,10,0.4236,0.4331,10,0.4248,0.4335,0.0,0.0,0.0,0.0,227
2023-05-10 09:32:02,OP90002178,沪深300ETF沽12月4500,0.0,0.0,0.0,0.0,10,0.4236,0.433,20,0.4248,0.4335,0.0,0.0,0.0,0.0,227
2023-05-10 09:32:02,OP90002178,沪深300ETF沽12月4500,0.0,0.0,0.0,0.0,20,0.4235,0.433,20,0.4248,0.4335,0.0,0.0,0.0,0.0,227
2023-05-10 09:32:03,OP90002178,沪深300ETF沽12月4500,0.0,0.0,0.0,0.0,20,0.4235,0.433,20,0.4248,0.4335,0.0,0.0,0.0,0.0,227
2023-05-10 09:32:04,OP90002178,沪深300ETF沽12月4500,0.0,0.0,0.0,0.0,20,0.4235,0.4334,20,0.4248,0.4335,0.0,0.0,0.0,0.0,227
2023-05-10 09:32:04,OP90002178,沪深300ETF沽12月4500,0.0,0.0,0.0,0.0,10,0.4236,0.4333,10,0.4248,0.4335,0.0,0.0,0.0,0.0,227
2023-05-10 09:32:05,OP90002178,沪深300ETF沽12月4500,0.0,0.0,0.0,0.0,10,0.4236,0.4332,30,0.4248,0.4335,0.0,0.0,0.0,0.0,227
2023-05-10 09:32:05,OP90002178,沪深300ETF沽12月4500,0.0,0.0,0.0,0.0,10,0.4236,0.4331,20,0.4248,0.4335,0.0,0.0,0.0,0.0,227
2023-05-10 09:32:06,OP90002178,沪深300ETF沽12月4500,0.0,0.0,0.0,0.0,10,0.4236,0.4332,20,0.4248,0.4335,0.0,0.0,0.0,0.0,227
2023-05-10 09:32:07,OP90002178,沪深300ETF沽12月4500,0.0,0.0,0.0,0.0,20,0.4244,0.4332,20,0.4248,0.4335,0.0,0.0,0.0,0.0,227
2023-05-10 09:32:07,OP90002178,沪深300ETF沽12月4500,0.0,0.0,0.0,0.0,20,0.4251,0.4333,40,0.4248,0.4335,0.0,0.0,0.0,0.0,227
2023-05-10 09:32:08,OP90002178,沪深300ETF沽12月4500,0.0,0.0,0.0,0.0,10,0.4252,0.4333,40,0.4248,0.4335,0.0,0.0,0.0,0.0,227
2023-05-10 09:32:08,OP90002178,沪深300ETF沽12月4500,0.0,0.0,0.0,0.0,30,0.4252,0.4333,60,0.4248,0.4335,0.0,0.0,0.0,0.0,227
2023-05-10 09:32:09,OP90002178,沪深300ETF沽12月4500,0.0,0.0,0.0,0.0,20,0.4252,0.4332,10,0.4248,0.4335,0.0,0.0,0.0,0.0,227
2023-05-10 09:32:09,OP90002178,沪深300ETF沽12月4500,0.0,0.0,0.0,0.0,10,0.4253,0.4332,30,0.4248,0.4335,0.0,0.0,0.0,0.0,227
2023-05-10 09:32:10,OP90002178,沪深300ETF沽12月4500,0.0,0.0,0.0,0.0,10,0.4253,0.4332,30,0.4248,0.4335,0.0,0.0,0.0,0.0,227
2023-05-10 09:32:10,OP90002178,沪深300ETF沽12月4500,0.0,0.0,0.0,0.0,10,0.4253,0.4332,30,0.4248,0.4335,0.0,0.0,0.0,0.0,227
2023-05-10 09:32:11,OP90002178,沪深300ETF沽12月4500,0.0,0.0,0.0,0.0,10,0.4253,0.4332,30,0.4248,0.4335,0.0,0.0,0.0,0.0,227
2023-05-10 09:32:12,OP90002178,沪深300ETF沽12月4500,0.0,0.0,0.0,0.0,10,0.4253,0.4332,30,0.4248,0.4335,0.0,0.0,0.0,0.0,227
2023-05-10 09:32:12,OP90002178,沪深300ETF沽12月4500,0.0,0.0,0.0,0.0,20,0.425,0.4332,30,0.4248,0.4335,0.0,0.0,0.0,0.0,227
2023-05-10 09:32:13,OP90002178,沪深300ETF沽12月4500,0.0,0.0,0.0,0.0,20,0.4234,0.4332,30,0.4248,0.4335,0.0,0.0,0.0,0.0,227
2023-05-10 09:32:14,OP90002178,沪深300ETF沽12月4500,0.0,0.0,0.0,0.0,10,0.4235,0.4324,20,0.4248,0.4335,0.0,0.0,0.0,0.0,227
2023-05-10 09:32:15,OP90002178,沪深300ETF沽12月4500,0.0,0.0,0.0,0.0,10,0.4235,0.4323,10,0.4248,0.4335,0.0,0.0,0.0,0.0,227
2023-05-10 09:32:15,OP90002178,沪深300ETF沽12月4500,0.0,0.0,0.0,0.0,10,0.4235,0.4323,10,0.4248,0.4335,0.0,0.0,0.0,0.0,227
2023-05-10 09:32:17,OP90002178,沪深300ETF沽12月4500,0.0,0.0,0.0,0.0,10,0.4235,0.4323,10,0.4248,0.4335,0.0,0.0,0.0,0.0,227
2023-05-10 09:32:17,OP90002178,沪深300ETF沽12月4500,0.0,0.0,0.0,0.0,60,0.423,0.4323,10,0.4248,0.4335,0.0,0.0,0.0,0.0,227
2023-05-10 09:32:18,OP90002178,沪深300ETF沽12月4500,0.0,0.0,0.0,0.0,40,0.423,0.4322,20,0.4248,0.4335,0.0,0.0,0.0,0.0,227
2023-05-10 09:32:19,OP90002178,沪深300ETF沽12月4500,0.0,0.0,0.0,0.0,20,0.423,0.4316,20,0.4248,0.4335,0.0,0.0,0.0,0.0,227
2023-05-10 09:32:19,OP90002178,沪深300ETF沽12月4500,0.0,0.0,0.0,0.0,10,0.4231,0.4315,10,0.4248,0.4335,0.0,0.0,0.0,0.0,227
2023-05-10 09:32:21,OP90002178,沪深300ETF沽12月4500,0.0,0.0,0.0,0.0,10,0.4231,0.4315,10,0.4248,0.4335,0.0,0.0,0.0,0.0,227
2023-05-10 09:32:22,OP90002178,沪深300ETF沽12月4500,0.0,0.0,0.0,0.0,10,0.4231,0.4315,10,0.4248,0.4335,0.0,0.0,0.0,0.0,227
2023-05-10 09:32:22,OP90002178,沪深300ETF沽12月4500,0.0,0.0,0.0,0.0,20,0.423,0.4316,20,0.4248,0.4335,0.0,0.0,0.0,0.0,227
2023-05-10 09:32:24,OP90002178,沪深300ETF沽12月4500,0.0,0.0,0.0,0.0,20,0.423,0.4316,30,0.4248,0.4335,0.0,0.0,0.0,0.0,227
2023-05-10 09:32:24,OP90002178,沪深300ETF沽12月4500,0.0,0.0,0.0,0.0,10,0.4231,0.4315,10,0.4248,0.4335,0.0,0.0,0.0,0.0,227
2023-05-10 09:32:25,OP90002178,沪深300ETF沽12月4500,0.0,0.0,0.0,0.0,10,0.4231,0.4315,10,0.4248,0.4335,0.0,0.0,0.0,0.0,227
2023-05-10 09:32:26,OP90002178,沪深300ETF沽12月4500,0.0,0.0,0.0,0.0,10,0.4231,0.4315,10,0.4248,0.4335,0.0,0.0,0.0,0.0,227
2023-05-10 09:32:27,OP90002178,沪深300ETF沽12月4500,0.0,0.0,0.0,0.0,10,0.4231,0.4315,10,0.4248,0.4335,0.0,0.0,0.0,0.0,227
2023-05-10 09:32:27,OP90002178,沪深300ETF沽12月4500,0.0,0.0,0.0,0.0,20,0.423,0.4316,20,0.4248,0.4335,0.0,0.0,0.0,0.0,227
2023-05-10 09:32:28,OP90002178,沪深300ETF沽12月4500,0.0,0.0,0.0,0.0,20,0.423,0.4316,20,0.4248,0.4335,0.0,0.0,0.0,0.0,227
2023-05-10 09:32:28,OP90002178,沪深300ETF沽12月4500,0.0,0.0,0.0,0.0,20,0.423,0.4316,20,0.4248,0.4335,0.0,0.0,0.0,0.0,227
2023-05-10 09:32:29,OP90002178,沪深300ETF沽12月4500,0.0,0.0,0.0,0.0,20,0.423,0.4316,20,0.4248,0.4335,0.0,0.0,0.0,0.0,227
2023-05-10 09:32:29,OP90002178,沪深300ETF沽12月4500,0.0,0.0,0.0,0.0,10,0.4231,0.4315,10,0.4248,0.4335,0.0,0.0,0.0,0.0,227
2023-05-10 09:32:30,OP90002178,沪深300ETF沽12月4500,0.0,0.0,0.0,0.0,10,0.4231,0.4314,10,0.4248,0.4335,0.0,0.0,0.0,0.0,227
2023-05-10 09:32:30,OP90002178,沪深300ETF沽12月4500,0.0,0.0,0.0,0.0,20,0.4258,0.4303,20,0.4248,0.4335,0.0,0.0,0.0,0.0,227
2023-05-10 09:32:31,OP90002178,沪深300ETF沽12月4500,0.0,0.0,0.0,0.0,20,0.4258,0.4303,20,0.4248,0.4335,0.0,0.0,0.0,0.0,227
2023-05-10 09:32:31,OP90002178,沪深300ETF沽12月4500,0.0,0.0,0.0,0.0,20,0.4258,0.4303,20,0.4248,0.4335,0.0,0.0,0.0,0.0,227
2023-05-10 09:32:32,OP90002178,沪深300ETF沽12月4500,0.0,0.0,0.0,0.0,20,0.4258,0.4303,20,0.4248,0.4335,0.0,0.0,0.0,0.0,227
2023-05-10 09:32:32,OP90002178,沪深300ETF沽12月4500,0.0,0.0,0.0,0.0,20,0.427,0.4315,40,0.4248,0.4335,0.0,0.0,0.0,0.0,227
2023-05-10 09:32:33,OP90002178,沪深300ETF沽12月4500,0.0,0.0,0.0,0.0,20,0.427,0.4315,20,0.4248,0.4335,0.0,0.0,0.0,0.0,227
2023-05-10 09:32:33,OP90002178,沪深300ETF沽12月4500,0.0,0.0,0.0,0.0,20,0.427,0.4315,20,0.4248,0.4335,0.0,0.0,0.0,0.0,227
2023-05-10 09:32:34,OP90002178,沪深300ETF沽12月4500,0.0,0.0,0.0,0.0,20,0.427,0.4315,20,0.4248,0.4335,0.0,0.0,0.0,0.0,227
2023-05-10 09:32:35,OP90002178,沪深300ETF沽12月4500,0.0,0.0,0.0,0.0,20,0.427,0.4314,10,0.4248,0.4335,0.0,0.0,0.0,0.0,227
2023-05-10 09:32:37,OP90002178,沪深300ETF沽12月4500,0.0,0.0,0.0,0.0,20,0.427,0.4314,10,0.4248,0.4335,0.0,0.0,0.0,0.0,227
2023-05-10 09:32:37,OP90002178,沪深300ETF沽12月4500,0.0,0.0,0.0,0.0,20,0.427,0.4314,10,0.4248,0.4335,0.0,0.0,0.0,0.0,227
2023-05-10 09:32:38,OP90002178,沪深300ETF沽12月4500,0.0,0.0,0.0,0.0,20,0.427,0.4314,10,0.4248,0.4335,0.0,0.0,0.0,0.0,227
2023-05-10 09:32:38,OP90002178,沪深300ETF沽12月4500,0.0,0.0,0.0,0.0,20,0.427,0.4314,30,0.4248,0.4335,0.0,0.0,0.0,0.0,227
2023-05-10 09:32:39,OP90002178,沪深300ETF沽12月4500,0.0,0.0,0.0,0.0,20,0.427,0.4314,30,0.4248,0.4335,0.0,0.0,0.0,0.0,227
2023-05-10 09:32:39,OP90002178,沪深300ETF沽12月4500,0.0,0.0,0.0,0.0,20,0.427,0.4314,30,0.4248,0.4335,0.0,0.0,0.0,0.0,227
2023-05-10 09:32:40,OP90002178,沪深300ETF沽12月4500,0.0,0.0,0.0,0.0,20,0.427,0.4314,30,0.4248,0.4335,0.0,0.0,0.0,0.0,227
2023-05-10 09:32:40,OP90002178,沪深300ETF沽12月4500,0.0,0.0,0.0,0.0,20,0.427,0.4314,30,0.4248,0.4335,0.0,0.0,0.0,0.0,227
2023-05-10 09:32:41,OP90002178,沪深300ETF沽12月4500,0.0,0.0,0.0,0.0,20,0.427,0.4314,30,0.4248,0.4335,0.0,0.0,0.0,0.0,227
2023-05-10 09:32:41,OP90002178,沪深300ETF沽12月4500,0.0,0.0,0.0,0.0,20,0.427,0.4314,20,0.4248,0.4335,0.0,0.0,0.0,0.0,227
2023-05-10 09:32:42,OP90002178,沪深300ETF沽12月4500,0.0,0.0,0.0,0.0,20,0.427,0.4314,20,0.4248,0.4335,0.0,0.0,0.0,0.0,227
2023-05-10 09:32:42,OP90002178,沪深300ETF沽12月4500,0.0,0.0,0.0,0.0,20,0.427,0.4314,30,0.4248,0.4335,0.0,0.0,0.0,0.0,227
2023-05-10 09:32:43,OP90002178,沪深300ETF沽12月4500,0.0,0.0,0.0,0.0,20,0.427,0.4314,20,0.4248,0.4335,0.0,0.0,0.0,0.0,227
2023-05-10 09:32:43,OP90002178,沪深300ETF沽12月4500,0.0,0.0,0.0,0.0,20,0.427,0.4313,10,0.4248,0.4335,0.0,0.0,0.0,0.0,227
2023-05-10 09:32:44,OP90002178,沪深300ETF沽12月4500,0.0,0.0,0.0,0.0,20,0.427,0.4313,10,0.4248,0.4335,0.0,0.0,0.0,0.0,227
2023-05-10 09:32:44,OP90002178,沪深300ETF沽12月4500,0.0,0.0,0.0,0.0,20,0.427,0.4314,20,0.4248,0.4335,0.0,0.0,0.0,0.0,227
2023-05-10 09:32:45,OP90002178,沪深300ETF沽12月4500,0.0,0.0,0.0,0.0,20,0.427,0.4314,20,0.4248,0.4335,0.0,0.0,0.0,0.0,227
2023-05-10 09:32:45,OP90002178,沪深300ETF沽12月4500,0.0,0.0,0.0,0.0,20,0.427,0.4314,20,0.4248,0.4335,0.0,0.0,0.0,0.0,227
2023-05-10 09:32:46,OP90002178,沪深300ETF沽12月4500,0.0,0.0,0.0,0.0,20,0.427,0.4314,20,0.4248,0.4335,0.0,0.0,0.0,0.0,227
2023-05-10 09:32:46,OP90002178,沪深300ETF沽12月4500,0.0,0.0,0.0,0.0,20,0.427,0.4315,20,0.4248,0.4335,0.0,0.0,0.0,0.0,227
2023-05-10 09:32:47,OP90002178,沪深300ETF沽12月4500,0.0,0.0,0.0,0.0,20,0.427,0.4315,20,0.4248,0.4335,0.0,0.0,0.0,0.0,227
2023-05-10 09:32:47,OP90002178,沪深300ETF沽12月4500,0.0,0.0,0.0,0.0,20,0.427,0.4315,20,0.4248,0.4335,0.0,0.0,0.0,0.0,227
2023-05-10 09:32:48,OP90002178,沪深300ETF沽12月4500,0.0,0.0,0.0,0.0,20,0.427,0.4315,20,0.4248,0.4335,0.0,0.0,0.0,0.0,227
2023-05-10 09:32:48,OP90002178,沪深300ETF沽12月4500,0.0,0.0,0.0,0.0,20,0.427,0.4315,20,0.4248,0.4335,0.0,0.0,0.0,0.0,227
2023-05-10 09:32:49,OP90002178,沪深300ETF沽12月4500,0.0,0.0,0.0,0.0,20,0.427,0.4315,50,0.4248,0.4335,0.0,0.0,0.0,0.0,227
2023-05-10 09:32:49,OP90002178,沪深300ETF沽12月4500,0.0,0.0,0.0,0.0,20,0.427,0.4315,50,0.4248,0.4335,0.0,0.0,0.0,0.0,227
2023-05-10 09:32:50,OP90002178,沪深300ETF沽12月4500,0.0,0.0,0.0,0.0,20,0.427,0.4315,50,0.4248,0.4335,0.0,0.0,0.0,0.0,227
2023-05-10 09:32:50,OP90002178,沪深300ETF沽12月4500,0.0,0.0,0.0,0.0,20,0.427,0.4315,50,0.4248,0.4335,0.0,0.0,0.0,0.0,227
2023-05-10 09:32:51,OP90002178,沪深300ETF沽12月4500,0.0,0.0,0.0,0.0,20,0.427,0.4315,50,0.4248,0.4335,0.0,0.0,0.0,0.0,227
2023-05-10 09:32:51,OP90002178,沪深300ETF沽12月4500,0.0,0.0,0.0,0.0,20,0.427,0.4315,50,0.4248,0.4335,0.0,0.0,0.0,0.0,227
2023-05-10 09:32:52,OP90002178,沪深300ETF沽12月4500,0.0,0.0,0.0,0.0,20,0.427,0.4315,50,0.4248,0.4335,0.0,0.0,0.0,0.0,227
2023-05-10 09:32:52,OP90002178,沪深300ETF沽12月4500,0.0,0.0,0.0,0.0,20,0.427,0.4315,50,0.4248,0.4335,0.0,0.0,0.0,0.0,227
2023-05-10 09:32:53,OP90002178,沪深300ETF沽12月4500,0.0,0.0,0.0,0.0,20,0.427,0.4315,50,0.4248,0.4335,0.0,0.0,0.0,0.0,227
2023-05-10 09:32:53,OP90002178,沪深300ETF沽12月4500,0.0,0.0,0.0,0.0,20,0.427,0.4315,50,0.4248,0.4335,0.0,0.0,0.0,0.0,227
2023-05-10 09:32:54,OP90002178,沪深300ETF沽12月4500,0.0,0.0,0.0,0.0,20,0.427,0.4315,50,0.4248,0.4335,0.0,0.0,0.0,0.0,227
2023-05-10 09:32:54,OP90002178,沪深300ETF沽12月4500,0.0,0.0,0.0,0.0,20,0.427,0.4315,50,0.4248,0.4335,0.0,0.0,0.0,0.0,227
2023-05-10 09:32:55,OP90002178,沪深300ETF沽12月4500,0.0,0.0,0.0,0.0,20,0.427,0.4315,50,0.4248,0.4335,0.0,0.0,0.0,0.0,227
2023-05-10 09:32:55,OP90002178,沪深300ETF沽12月4500,0.0,0.0,0.0,0.0,20,0.427,0.4315,40,0.4248,0.4335,0.0,0.0,0.0,0.0,227
2023-05-10 09:32:56,OP90002178,沪深300ETF沽12月4500,0.0,0.0,0.0,0.0,20,0.427,0.4314,10,0.4248,0.4335,0.0,0.0,0.0,0.0,227
2023-05-10 09:32:56,OP90002178,沪深300ETF沽12月4500,0.0,0.0,0.0,0.0,20,0.427,0.4314,10,0.4248,0.4335,0.0,0.0,0.0,0.0,227
2023-05-10 09:32:57,OP90002178,沪深300ETF沽12月4500,0.0,0.0,0.0,0.0,20,0.427,0.4314,10,0.4248,0.4335,0.0,0.0,0.0,0.0,227
2023-05-10 09:32:57,OP90002178,沪深300ETF沽12月4500,0.0,0.0,0.0,0.0,20,0.427,0.4314,10,0.4248,0.4335,0.0,0.0,0.0,0.0,227
2023-05-10 09:32:58,OP90002178,沪深300ETF沽12月4500,0.0,0.0,0.0,0.0,20,0.427,0.4314,10,0.4248,0.4335,0.0,0.0,0.0,0.0,227
2023-05-10 09:32:58,OP90002178,沪深300ETF沽12月4500,0.0,0.0,0.0,0.0,20,0.427,0.4314,10,0.4248,0.4335,0.0,0.0,0.0,0.0,227
2023-05-10 09:32:59,OP90002178,沪深300ETF沽12月4500,0.0,0.0,0.0,0.0,20,0.427,0.4314,10,0.4248,0.4335,0.0,0.0,0.0,0.0,227
2023-05-10 09:32:59,OP90002178,沪深300ETF沽12月4500,0.0,0.0,0.0,0.0,20,0.427,0.4314,10,0.4248,0.4335,0.0,0.0,0.0,0.0,227
2023-05-10 09:33:00,OP90002178,沪深300ETF沽12月4500,0.0,0.0,0.0,0.0,20,0.427,0.4314,10,0.4248,0.4335,0.0,0.0,0.0,0.0,227
2023-05-10 09:33:00,OP90002178,沪深300ETF沽12月4500,0.0,0.0,0.0,0.0,20,0.4258,0.4303,20,0.4248,0.4335,0.0,0.0,0.0,0.0,227
2023-05-10 09:33:01,OP90002178,沪深300ETF沽12月4500,0.0,0.0,0.0,0.0,20,0.4258,0.4303,40,0.4248,0.4335,0.0,0.0,0.0,0.0,227
2023-05-10 09:33:01,OP90002178,沪深300ETF沽12月4500,0.0,0.0,0.0,0.0,20,0.4258,0.4303,40,0.4248,0.4335,0.0,0.0,0.0,0.0,227
2023-05-10 09:33:02,OP90002178,沪深300ETF沽12月4500,0.0,0.0,0.0,0.0,20,0.4258,0.4303,40,0.4248,0.4335,0.0,0.0,0.0,0.0,227
2023-05-10 09:33:02,OP90002178,沪深300ETF沽12月4500,0.0,0.0,0.0,0.0,20,0.4258,0.4303,40,0.4248,0.4335,0.0,0.0,0.0,0.0,227
2023-05-10 09:33:03,OP90002178,沪深300ETF沽12月4500,0.0,0.0,0.0,0.0,20,0.4258,0.4303,40,0.4248,0.4335,0.0,0.0,0.0,0.0,227
2023-05-10 09:33:03,OP90002178,沪深300ETF沽12月4500,0.0,0.0,0.0,0.0,20,0.4258,0.4303,40,0.4248,0.4335,0.0,0.0,0.0,0.0,227
2023-05-10 09:33:04,OP90002178,沪深300ETF沽12月4500,0.0,0.0,0.0,0.0,20,0.4258,0.4303,40,0.4248,0.4335,0.0,0.0,0.0,0.0,227
2023-05-10 09:33:04,OP90002178,沪深300ETF沽12月4500,0.0,0.0,0.0,0.0,20,0.4258,0.4303,40,0.4248,0.4335,0.0,0.0,0.0,0.0,227
2023-05-10 09:33:05,OP90002178,沪深300ETF沽12月4500,0.0,0.0,0.0,0.0,20,0.4258,0.4303,40,0.4248,0.4335,0.0,0.0,0.0,0.0,227
2023-05-10 09:33:05,OP90002178,沪深300ETF沽12月4500,0.0,0.0,0.0,0.0,20,0.4258,0.4303,40,0.4248,0.4335,0.0,0.0,0.0,0.0,227
2023-05-10 09:33:06,OP90002178,沪深300ETF沽12月4500,0.0,0.0,0.0,0.0,20,0.4258,0.4303,40,0.4248,0.4335,0.0,0.0,0.0,0.0,227
2023-05-10 09:33:06,OP90002178,沪深300ETF沽12月4500,0.0,0.0,0.0,0.0,20,0.4258,0.4303,40,0.4248,0.4335,0.0,0.0,0.0,0.0,227
2023-05-10 09:33:07,OP90002178,沪深300ETF沽12月4500,0.0,0.0,0.0,0.0,20,0.4258,0.4303,40,0.4248,0.4335,0.0,0.0,0.0,0.0,227
2023-05-10 09:33:07,OP90002178,沪深300ETF沽12月4500,0.0,0.0,0.0,0.0,20,0.4268,0.4312,20,0.4248,0.4335,0.0,0.0,0.0,0.0,227
2023-05-10 09:33:08,OP90002178,沪深300ETF沽12月4500,0.0,0.0,0.0,0.0,20,0.4268,0.4312,20,0.4248,0.4335,0.0,0.0,0.0,0.0,227
2023-05-10 09:33:08,OP90002178,沪深300ETF沽12月4500,0.0,0.0,0.0,0.0,20,0.4268,0.4312,20,0.4248,0.4335,0.0,0.0,0.0,0.0,227
2023-05-10 09:33:09,OP90002178,沪深300ETF沽12月4500,0.0,0.0,0.0,0.0,20,0.4268,0.4312,20,0.4248,0.4335,0.0,0.0,0.0,0.0,227
2023-05-10 09:33:09,OP90002178,沪深300ETF沽12月4500,0.0,0.0,0.0,0.0,20,0.4268,0.4311,10,0.4248,0.4335,0.0,0.0,0.0,0.0,227
2023-05-10 09:33:10,OP90002178,沪深300ETF沽12月4500,0.0,0.0,0.0,0.0,20,0.4268,0.4311,10,0.4248,0.4335,0.0,0.0,0.0,0.0,227
2023-05-10 09:33:10,OP90002178,沪深300ETF沽12月4500,0.0,0.0,0.0,0.0,20,0.4268,0.4311,10,0.4248,0.4335,0.0,0.0,0.0,0.0,227
2023-05-10 09:33:11,OP90002178,沪深300ETF沽12月4500,0.0,0.0,0.0,0.0,20,0.4268,0.4311,10,0.4248,0.4335,0.0,0.0,0.0,0.0,227
2023-05-10 09:33:11,OP90002178,沪深300ETF沽12月4500,0.0,0.0,0.0,0.0,20,0.4268,0.4311,10,0.4248,0.4335,0.0,0.0,0.0,0.0,227
2023-05-10 09:33:12,OP90002178,沪深300ETF沽12月4500,0.0,0.0,0.0,0.0,20,0.4268,0.4311,30,0.4248,0.4335,0.0,0.0,0.0,0.0,227
2023-05-10 09:33:12,OP90002178,沪深300ETF沽12月4500,0.0,0.0,0.0,0.0,20,0.4258,0.4303,20,0.4248,0.4335,0.0,0.0,0.0,0.0,227
2023-05-10 09:33:13,OP90002178,沪深300ETF沽12月4500,0.0,0.0,0.0,0.0,20,0.4258,0.4302,10,0.4248,0.4335,0.0,0.0,0.0,0.0,227
2023-05-10 09:33:13,OP90002178,沪深300ETF沽12月4500,0.0,0.0,0.0,0.0,20,0.4258,0.4302,10,0.4248,0.4335,0.0,0.0,0.0,0.0,227
2023-05-10 09:33:14,OP90002178,沪深300ETF沽12月4500,0.0,0.0,0.0,0.0,20,0.4258,0.4302,10,0.4248,0.4335,0.0,0.0,0.0,0.0,227
2023-05-10 09:33:14,OP90002178,沪深300ETF沽12月4500,0.0,0.0,0.0,0.0,20,0.4258,0.4302,10,0.4248,0.4335,0.0,0.0,0.0,0.0,227
2023-05-10 09:33:15,OP90002178,沪深300ETF沽12月4500,0.0,0.0,0.0,0.0,20,0.4258,0.4302,10,0.4248,0.4335,0.0,0.0,0.0,0.0,227
2023-05-10 09:33:15,OP90002178,沪深300ETF沽12月4500,0.0,0.0,0.0,0.0,20,0.4258,0.4302,10,0.4248,0.4335,0.0,0.0,0.0,0.0,227
2023-05-10 09:33:16,OP90002178,沪深300ETF沽12月4500,0.0,0.0,0.0,0.0,20,0.4258,0.4302,10,0.4248,0.4335,0.0,0.0,0.0,0.0,227
2023-05-10 09:33:16,OP90002178,沪深300ETF沽12月4500,0.0,0.0,0.0,0.0,20,0.4258,0.4302,10,0.4248,0.4335,0.0,0.0,0.0,0.0,227
2023-05-10 09:33:17,OP90002178,沪深300ETF沽12月4500,0.0,0.0,0.0,0.0,20,0.4258,0.4302,10,0.4248,0.4335,0.0,0.0,0.0,0.0,227
2023-05-10 09:33:17,OP90002178,沪深300ETF沽12月4500,0.0,0.0,0.0,0.0,20,0.4246,0.4291,20,0.4248,0.4335,0.0,0.0,0.0,0.0,227
2023-05-10 09:33:18,OP90002178,沪深300ETF沽12月4500,0.0,0.0,0.0,0.0,20,0.4246,0.4291,40,0.4248,0.4335,0.0,0.0,0.0,0.0,227
2023-05-10 09:33:18,OP90002178,沪深300ETF沽12月4500,0.0,0.0,0.0,0.0,20,0.4246,0.4291,40,0.4248,0.4335,0.0,0.0,0.0,0.0,227
2023-05-10 09:33:19,OP90002178,沪深300ETF沽12月4500,0.0,0.0,0.0,0.0,20,0.4246,0.4291,40,0.4248,0.4335,0.0,0.0,0.0,0.0,227
2023-05-10 09:33:19,OP90002178,沪深300ETF沽12月4500,0.0,0.0,0.0,0.0,20,0.4246,0.429,10,0.4248,0.4335,0.0,0.0,0.0,0.0,227
2023-05-10 09:33:20,OP90002178,沪深300ETF沽12月4500,0.0,0.0,0.0,0.0,20,0.4246,0.429,10,0.4248,0.4335,0.0,0.0,0.0,0.0,227
2023-05-10 09:33:20,OP90002178,沪深300ETF沽12月4500,0.0,0.0,0.0,0.0,20,0.4246,0.429,10,0.4248,0.4335,0.0,0.0,0.0,0.0,227
2023-05-10 09:33:28,OP90002178,沪深300ETF沽12月4500,0.0,0.0,0.0,0.0,20,0.4235,0.428,20,0.4248,0.4335,0.0,0.0,0.0,0.0,227
2023-05-10 09:33:29,OP90002178,沪深300ETF沽12月4500,0.0,0.0,0.0,0.0,20,0.4235,0.4279,10,0.4248,0.4335,0.0,0.0,0.0,0.0,227
2023-05-10 09:33:29,OP90002178,沪深300ETF沽12月4500,0.0,0.0,0.0,0.0,20,0.4235,0.4279,10,0.4248,0.4335,0.0,0.0,0.0,0.0,227
2023-05-10 09:33:30,OP90002178,沪深300ETF沽12月4500,0.0,0.0,0.0,0.0,20,0.4235,0.4279,10,0.4248,0.4335,0.0,0.0,0.0,0.0,227
2023-05-10 09:33:30,OP90002178,沪深300ETF沽12月4500,0.0,0.0,0.0,0.0,20,0.4235,0.4279,10,0.4248,0.4335,0.0,0.0,0.0,0.0,227
2023-05-10 09:33:32,OP90002178,沪深300ETF沽12月4500,0.0,0.0,0.0,0.0,20,0.4235,0.428,40,0.4248,0.4335,0.0,0.0,0.0,0.0,227
2023-05-10 09:33:32,OP90002178,沪深300ETF沽12月4500,0.0,0.0,0.0,0.0,20,0.4235,0.428,40,0.4248,0.4335,0.0,0.0,0.0,0.0,227
2023-05-10 09:33:33,OP90002178,沪深300ETF沽12月4500,0.0,0.0,0.0,0.0,20,0.4235,0.4279,10,0.4248,0.4335,0.0,0.0,0.0,0.0,227
2023-05-10 09:33:33,OP90002178,沪深300ETF沽12月4500,0.0,0.0,0.0,0.0,20,0.4235,0.428,40,0.4248,0.4335,0.0,0.0,0.0,0.0,227
2023-05-10 09:33:34,OP90002178,沪深300ETF沽12月4500,0.0,0.0,0.0,0.0,20,0.4235,0.4279,10,0.4248,0.4335,0.0,0.0,0.0,0.0,227
2023-05-10 09:33:34,OP90002178,沪深300ETF沽12月4500,0.0,0.0,0.0,0.0,20,0.4235,0.4279,10,0.4248,0.4335,0.0,0.0,0.0,0.0,227
2023-05-10 09:33:35,OP90002178,沪深300ETF沽12月4500,0.0,0.0,0.0,0.0,20,0.4235,0.428,20,0.4248,0.4335,0.0,0.0,0.0,0.0,227
2023-05-10 09:33:35,OP90002178,沪深300ETF沽12月4500,0.0,0.0,0.0,0.0,20,0.4235,0.428,20,0.4248,0.4335,0.0,0.0,0.0,0.0,227
2023-05-10 09:33:37,OP90002178,沪深300ETF沽12月4500,0.0,0.0,0.0,0.0,20,0.4235,0.4279,10,0.4248,0.4335,0.0,0.0,0.0,0.0,227
2023-05-10 09:33:39,OP90002178,沪深300ETF沽12月4500,0.0,0.0,0.0,0.0,20,0.4235,0.428,20,0.4248,0.4335,0.0,0.0,0.0,0.0,227
2023-05-10 09:33:40,OP90002178,沪深300ETF沽12月4500,0.0,0.0,0.0,0.0,20,0.4235,0.428,20,0.4248,0.4335,0.0,0.0,0.0,0.0,227
2023-05-10 09:33:41,OP90002178,沪深300ETF沽12月4500,0.0,0.0,0.0,0.0,20,0.4248,0.4284,20,0.4248,0.4335,0.0,0.0,0.0,0.0,227
2023-05-10 09:33:41,OP90002178,沪深300ETF沽12月4500,0.0,0.0,0.0,0.0,20,0.4248,0.4288,10,0.4248,0.4335,0.0,0.0,0.0,0.0,227
2023-05-10 09:33:42,OP90002178,沪深300ETF沽12月4500,0.0,0.0,0.0,0.0,20,0.4248,0.4292,20,0.4248,0.4335,0.0,0.0,0.0,0.0,227
2023-05-10 09:33:42,OP90002178,沪深300ETF沽12月4500,0.0,0.0,0.0,0.0,20,0.4248,0.4292,20,0.4248,0.4335,0.0,0.0,0.0,0.0,227
2023-05-10 09:33:43,OP90002178,沪深300ETF沽12月4500,0.0,0.0,0.0,0.0,20,0.4248,0.4291,10,0.4248,0.4335,0.0,0.0,0.0,0.0,227
2023-05-10 09:33:46,OP90002178,沪深300ETF沽12月4500,0.0,0.0,0.0,0.0,20,0.4248,0.4292,20,0.4248,0.4335,0.0,0.0,0.0,0.0,227
2023-05-10 09:33:49,OP90002178,沪深300ETF沽12月4500,0.0,0.0,0.0,0.0,20,0.4248,0.4291,10,0.4248,0.4335,0.0,0.0,0.0,0.0,227
2023-05-10 09:33:49,OP90002178,沪深300ETF沽12月4500,0.0,0.0,0.0,0.0,20,0.4248,0.4292,20,0.4248,0.4335,0.0,0.0,0.0,0.0,227
2023-05-10 09:33:50,OP90002178,沪深300ETF沽12月4500,0.0,0.0,0.0,0.0,20,0.4248,0.4291,10,0.4248,0.4335,0.0,0.0,0.0,0.0,227
2023-05-10 09:33:52,OP90002178,沪深300ETF沽12月4500,0.0,0.0,0.0,0.0,20,0.4248,0.4292,20,0.4248,0.4335,0.0,0.0,0.0,0.0,227
2023-05-10 09:33:52,OP90002178,沪深300ETF沽12月4500,0.0,0.0,0.0,0.0,20,0.4248,0.4292,20,0.4248,0.4335,0.0,0.0,0.0,0.0,227
2023-05-10 09:33:53,OP90002178,沪深300ETF沽12月4500,0.0,0.0,0.0,0.0,20,0.4248,0.4292,20,0.4248,0.4335,0.0,0.0,0.0,0.0,227
2023-05-10 09:33:54,OP90002178,沪深300ETF沽12月4500,0.0,0.0,0.0,0.0,20,0.4248,0.4292,20,0.4248,0.4335,0.0,0.0,0.0,0.0,227
2023-05-10 09:33:54,OP90002178,沪深300ETF沽12月4500,0.0,0.0,0.0,0.0,20,0.4248,0.4291,10,0.4248,0.4335,0.0,0.0,0.0,0.0,227
2023-05-10 09:33:55,OP90002178,沪深300ETF沽12月4500,0.0,0.0,0.0,0.0,20,0.4248,0.4291,10,0.4248,0.4335,0.0,0.0,0.0,0.0,227
2023-05-10 09:33:55,OP90002178,沪深300ETF沽12月4500,0.0,0.0,0.0,0.0,20,0.4248,0.4292,20,0.4248,0.4335,0.0,0.0,0.0,0.0,227
2023-05-10 09:33:56,OP90002178,沪深300ETF沽12月4500,0.0,0.0,0.0,0.0,20,0.4248,0.4292,20,0.4248,0.4335,0.0,0.0,0.0,0.0,227
2023-05-10 09:33:56,OP90002178,沪深300ETF沽12月4500,0.0,0.0,0.0,0.0,20,0.4248,0.4292,20,0.4248,0.4335,0.0,0.0,0.0,0.0,227
2023-05-10 09:33:57,OP90002178,沪深300ETF沽12月4500,0.0,0.0,0.0,0.0,20,0.4248,0.4292,20,0.4248,0.4335,0.0,0.0,0.0,0.0,227
2023-05-10 09:33:57,OP90002178,沪深300ETF沽12月4500,0.0,0.0,0.0,0.0,20,0.4248,0.4292,20,0.4248,0.4335,0.0,0.0,0.0,0.0,227
2023-05-10 09:33:58,OP90002178,沪深300ETF沽12月4500,0.0,0.0,0.0,0.0,20,0.4248,0.4292,20,0.4248,0.4335,0.0,0.0,0.0,0.0,227
2023-05-10 09:33:58,OP90002178,沪深300ETF沽12月4500,0.0,0.0,0.0,0.0,20,0.4248,0.4292,20,0.4248,0.4335,0.0,0.0,0.0,0.0,227
2023-05-10 09:33:59,OP90002178,沪深300ETF沽12月4500,0.0,0.0,0.0,0.0,20,0.4248,0.4292,20,0.4248,0.4335,0.0,0.0,0.0,0.0,227
2023-05-10 09:33:59,OP90002178,沪深300ETF沽12月4500,0.0,0.0,0.0,0.0,20,0.4248,0.4292,20,0.4248,0.4335,0.0,0.0,0.0,0.0,227
2023-05-10 09:34:00,OP90002178,沪深300ETF沽12月4500,0.0,0.0,0.0,0.0,20,0.4248,0.4292,20,0.4248,0.4335,0.0,0.0,0.0,0.0,227
2023-05-10 09:34:00,OP90002178,沪深300ETF沽12月4500,0.0,0.0,0.0,0.0,20,0.4248,0.4292,20,0.4248,0.4335,0.0,0.0,0.0,0.0,227
2023-05-10 09:34:01,OP90002178,沪深300ETF沽12月4500,0.0,0.0,0.0,0.0,20,0.4248,0.4292,20,0.4248,0.4335,0.0,0.0,0.0,0.0,227
2023-05-10 09:34:01,OP90002178,沪深300ETF沽12月4500,0.0,0.0,0.0,0.0,20,0.4248,0.4292,20,0.4248,0.4335,0.0,0.0,0.0,0.0,227
2023-05-10 09:34:02,OP90002178,沪深300ETF沽12月4500,0.0,0.0,0.0,0.0,20,0.4248,0.4292,20,0.4248,0.4335,0.0,0.0,0.0,0.0,227
2023-05-10 09:34:02,OP90002178,沪深300ETF沽12月4500,0.0,0.0,0.0,0.0,20,0.4248,0.4292,20,0.4248,0.4335,0.0,0.0,0.0,0.0,227
2023-05-10 09:34:03,OP90002178,沪深300ETF沽12月4500,0.0,0.0,0.0,0.0,20,0.4248,0.4292,20,0.4248,0.4335,0.0,0.0,0.0,0.0,227
2023-05-10 09:34:03,OP90002178,沪深300ETF沽12月4500,0.0,0.0,0.0,0.0,20,0.4258,0.4297,10,0.4248,0.4335,0.0,0.0,0.0,0.0,227
2023-05-10 09:34:04,OP90002178,沪深300ETF沽12月4500,0.0,0.0,0.0,0.0,20,0.4258,0.4299,20,0.4248,0.4335,0.0,0.0,0.0,0.0,227
2023-05-10 09:34:04,OP90002178,沪深300ETF沽12月4500,0.0,0.0,0.0,0.0,20,0.4258,0.4299,30,0.4248,0.4335,0.0,0.0,0.0,0.0,227
2023-05-10 09:34:05,OP90002178,沪深300ETF沽12月4500,0.0,0.0,0.0,0.0,20,0.4258,0.4303,20,0.4248,0.4335,0.0,0.0,0.0,0.0,227
2023-05-10 09:34:05,OP90002178,沪深300ETF沽12月4500,0.0,0.0,0.0,0.0,20,0.4258,0.4303,20,0.4248,0.4335,0.0,0.0,0.0,0.0,227
2023-05-10 09:34:06,OP90002178,沪深300ETF沽12月4500,0.0,0.0,0.0,0.0,20,0.4258,0.4303,20,0.4248,0.4335,0.0,0.0,0.0,0.0,227
2023-05-10 09:34:06,OP90002178,沪深300ETF沽12月4500,0.0,0.0,0.0,0.0,20,0.4258,0.4303,20,0.4248,0.4335,0.0,0.0,0.0,0.0,227
2023-05-10 09:34:07,OP90002178,沪深300ETF沽12月4500,0.0,0.0,0.0,0.0,20,0.4258,0.4302,10,0.4248,0.4335,0.0,0.0,0.0,0.0,227
2023-05-10 09:34:11,OP90002178,沪深300ETF沽12月4500,0.0,0.0,0.0,0.0,20,0.4258,0.4303,20,0.4248,0.4335,0.0,0.0,0.0,0.0,227
2023-05-10 09:34:13,OP90002178,沪深300ETF沽12月4500,0.0,0.0,0.0,0.0,20,0.4258,0.4302,10,0.4248,0.4335,0.0,0.0,0.0,0.0,227
2023-05-10 09:34:14,OP90002178,沪深300ETF沽12月4500,0.0,0.0,0.0,0.0,20,0.4258,0.4303,20,0.4248,0.4335,0.0,0.0,0.0,0.0,227
2023-05-10 09:34:14,OP90002178,沪深300ETF沽12月4500,0.0,0.0,0.0,0.0,20,0.4258,0.4303,20,0.4248,0.4335,0.0,0.0,0.0,0.0,227
2023-05-10 09:34:15,OP90002178,沪深300ETF沽12月4500,0.0,0.0,0.0,0.0,20,0.4258,0.4302,10,0.4248,0.4335,0.0,0.0,0.0,0.0,227
2023-05-10 09:34:15,OP90002178,沪深300ETF沽12月4500,0.0,0.0,0.0,0.0,20,0.4258,0.4303,20,0.4248,0.4335,0.0,0.0,0.0,0.0,227
2023-05-10 09:34:16,OP90002178,沪深300ETF沽12月4500,0.0,0.0,0.0,0.0,20,0.4258,0.4303,20,0.4248,0.4335,0.0,0.0,0.0,0.0,227
2023-05-10 09:34:19,OP90002178,沪深300ETF沽12月4500,0.0,0.0,0.0,0.0,20,0.4258,0.4303,20,0.4248,0.4335,0.0,0.0,0.0,0.0,227
2023-05-10 09:34:20,OP90002178,沪深300ETF沽12月4500,0.0,0.0,0.0,0.0,20,0.4268,0.4306,10,0.4248,0.4335,0.0,0.0,0.0,0.0,227
2023-05-10 09:34:20,OP90002178,沪深300ETF沽12月4500,0.0,0.0,0.0,0.0,20,0.4268,0.4307,20,0.4248,0.4335,0.0,0.0,0.0,0.0,227
2023-05-10 09:34:21,OP90002178,沪深300ETF沽12月4500,0.0,0.0,0.0,0.0,20,0.4268,0.4307,20,0.4248,0.4335,0.0,0.0,0.0,0.0,227
2023-05-10 09:34:21,OP90002178,沪深300ETF沽12月4500,0.0,0.0,0.0,0.0,20,0.4268,0.4307,20,0.4248,0.4335,0.0,0.0,0.0,0.0,227
2023-05-10 09:34:22,OP90002178,沪深300ETF沽12月4500,0.0,0.0,0.0,0.0,20,0.4268,0.4307,20,0.4248,0.4335,0.0,0.0,0.0,0.0,227
2023-05-10 09:34:22,OP90002178,沪深300ETF沽12月4500,0.0,0.0,0.0,0.0,20,0.4268,0.4307,20,0.4248,0.4335,0.0,0.0,0.0,0.0,227
2023-05-10 09:34:23,OP90002178,沪深300ETF沽12月4500,0.0,0.0,0.0,0.0,20,0.4268,0.4307,20,0.4248,0.4335,0.0,0.0,0.0,0.0,227
2023-05-10 09:34:23,OP90002178,沪深300ETF沽12月4500,0.0,0.0,0.0,0.0,20,0.4268,0.4307,20,0.4248,0.4335,0.0,0.0,0.0,0.0,227
2023-05-10 09:34:24,OP90002178,沪深300ETF沽12月4500,0.0,0.0,0.0,0.0,20,0.4268,0.4307,30,0.4248,0.4335,0.0,0.0,0.0,0.0,227
2023-05-10 09:34:24,OP90002178,沪深300ETF沽12月4500,0.0,0.0,0.0,0.0,20,0.4268,0.4307,30,0.4248,0.4335,0.0,0.0,0.0,0.0,227
2023-05-10 09:34:25,OP90002178,沪深300ETF沽12月4500,0.0,0.0,0.0,0.0,20,0.4268,0.4307,30,0.4248,0.4335,0.0,0.0,0.0,0.0,227
2023-05-10 09:34:25,OP90002178,沪深300ETF沽12月4500,0.0,0.0,0.0,0.0,20,0.4268,0.4307,20,0.4248,0.4335,0.0,0.0,0.0,0.0,227
2023-05-10 09:34:26,OP90002178,沪深300ETF沽12月4500,0.0,0.0,0.0,0.0,20,0.4268,0.431,10,0.4248,0.4335,0.0,0.0,0.0,0.0,227
2023-05-10 09:34:26,OP90002178,沪深300ETF沽12月4500,0.0,0.0,0.0,0.0,20,0.4268,0.4313,20,0.4248,0.4335,0.0,0.0,0.0,0.0,227
2023-05-10 09:34:27,OP90002178,沪深300ETF沽12月4500,0.0,0.0,0.0,0.0,20,0.4268,0.4312,10,0.4248,0.4335,0.0,0.0,0.0,0.0,227
2023-05-10 09:34:27,OP90002178,沪深300ETF沽12月4500,0.0,0.0,0.0,0.0,20,0.4268,0.4312,10,0.4248,0.4335,0.0,0.0,0.0,0.0,227
2023-05-10 09:34:28,OP90002178,沪深300ETF沽12月4500,0.0,0.0,0.0,0.0,20,0.4268,0.4312,10,0.4248,0.4335,0.0,0.0,0.0,0.0,227
2023-05-10 09:34:28,OP90002178,沪深300ETF沽12月4500,0.0,0.0,0.0,0.0,20,0.4268,0.4312,10,0.4248,0.4335,0.0,0.0,0.0,0.0,227
2023-05-10 09:34:29,OP90002178,沪深300ETF沽12月4500,0.0,0.0,0.0,0.0,20,0.4268,0.4312,10,0.4248,0.4335,0.0,0.0,0.0,0.0,227
2023-05-10 09:34:29,OP90002178,沪深300ETF沽12月4500,0.0,0.0,0.0,0.0,20,0.4268,0.4312,10,0.4248,0.4335,0.0,0.0,0.0,0.0,227
2023-05-10 09:34:30,OP90002178,沪深300ETF沽12月4500,0.0,0.0,0.0,0.0,20,0.4268,0.4312,10,0.4248,0.4335,0.0,0.0,0.0,0.0,227
2023-05-10 09:34:30,OP90002178,沪深300ETF沽12月4500,0.0,0.0,0.0,0.0,20,0.4268,0.4312,10,0.4248,0.4335,0.0,0.0,0.0,0.0,227
2023-05-10 09:34:31,OP90002178,沪深300ETF沽12月4500,0.0,0.0,0.0,0.0,20,0.4268,0.4312,10,0.4248,0.4335,0.0,0.0,0.0,0.0,227
2023-05-10 09:34:31,OP90002178,沪深300ETF沽12月4500,0.0,0.0,0.0,0.0,20,0.4268,0.4312,10,0.4248,0.4335,0.0,0.0,0.0,0.0,227
2023-05-10 09:34:32,OP90002178,沪深300ETF沽12月4500,0.0,0.0,0.0,0.0,20,0.4268,0.4312,10,0.4248,0.4335,0.0,0.0,0.0,0.0,227
2023-05-10 09:34:32,OP90002178,沪深300ETF沽12月4500,0.0,0.0,0.0,0.0,20,0.4268,0.4312,10,0.4248,0.4335,0.0,0.0,0.0,0.0,227
2023-05-10 09:34:33,OP90002178,沪深300ETF沽12月4500,0.0,0.0,0.0,0.0,20,0.4279,0.4314,20,0.4248,0.4335,0.0,0.0,0.0,0.0,227
2023-05-10 09:34:33,OP90002178,沪深300ETF沽12月4500,0.0,0.0,0.0,0.0,20,0.4279,0.4314,30,0.4248,0.4335,0.0,0.0,0.0,0.0,227
2023-05-10 09:34:34,OP90002178,沪深300ETF沽12月4500,0.0,0.0,0.0,0.0,20,0.4279,0.4317,10,0.4248,0.4335,0.0,0.0,0.0,0.0,227
2023-05-10 09:34:34,OP90002178,沪深300ETF沽12月4500,0.0,0.0,0.0,0.0,20,0.4279,0.432,10,0.4248,0.4335,0.0,0.0,0.0,0.0,227
2023-05-10 09:34:35,OP90002178,沪深300ETF沽12月4500,0.0,0.0,0.0,0.0,20,0.4279,0.432,10,0.4248,0.4335,0.0,0.0,0.0,0.0,227
2023-05-10 09:34:35,OP90002178,沪深300ETF沽12月4500,0.0,0.0,0.0,0.0,20,0.4279,0.432,10,0.4248,0.4335,0.0,0.0,0.0,0.0,227
2023-05-10 09:34:36,OP90002178,沪深300ETF沽12月4500,0.0,0.0,0.0,0.0,20,0.4279,0.432,10,0.4248,0.4335,0.0,0.0,0.0,0.0,227
2023-05-10 09:34:36,OP90002178,沪深300ETF沽12月4500,0.0,0.0,0.0,0.0,20,0.4279,0.432,10,0.4248,0.4335,0.0,0.0,0.0,0.0,227
2023-05-10 09:34:37,OP90002178,沪深300ETF沽12月4500,0.0,0.0,0.0,0.0,20,0.4279,0.432,10,0.4248,0.4335,0.0,0.0,0.0,0.0,227
2023-05-10 09:34:37,OP90002178,沪深300ETF沽12月4500,0.0,0.0,0.0,0.0,20,0.4265,0.431,20,0.4248,0.4335,0.0,0.0,0.0,0.0,227
2023-05-10 09:34:38,OP90002178,沪深300ETF沽12月4500,0.0,0.0,0.0,0.0,20,0.4265,0.431,20,0.4248,0.4335,0.0,0.0,0.0,0.0,227
2023-05-10 09:34:38,OP90002178,沪深300ETF沽12月4500,0.0,0.0,0.0,0.0,20,0.4265,0.431,20,0.4248,0.4335,0.0,0.0,0.0,0.0,227
2023-05-10 09:34:40,OP90002178,沪深300ETF沽12月4500,0.0,0.0,0.0,0.0,20,0.4265,0.431,20,0.4248,0.4335,0.0,0.0,0.0,0.0,227
2023-05-10 09:34:40,OP90002178,沪深300ETF沽12月4500,0.0,0.0,0.0,0.0,20,0.4265,0.431,20,0.4248,0.4335,0.0,0.0,0.0,0.0,227
2023-05-10 09:34:41,OP90002178,沪深300ETF沽12月4500,0.0,0.0,0.0,0.0,20,0.4265,0.431,20,0.4248,0.4335,0.0,0.0,0.0,0.0,227
2023-05-10 09:34:42,OP90002178,沪深300ETF沽12月4500,0.0,0.0,0.0,0.0,20,0.4265,0.431,20,0.4248,0.4335,0.0,0.0,0.0,0.0,227
2023-05-10 09:34:43,OP90002178,沪深300ETF沽12月4500,0.0,0.0,0.0,0.0,20,0.4265,0.431,20,0.4248,0.4335,0.0,0.0,0.0,0.0,227
2023-05-10 09:34:44,OP90002178,沪深300ETF沽12月4500,0.0,0.0,0.0,0.0,20,0.4265,0.431,20,0.4248,0.4335,0.0,0.0,0.0,0.0,227
2023-05-10 09:34:45,OP90002178,沪深300ETF沽12月4500,0.0,0.0,0.0,0.0,20,0.4265,0.431,20,0.4248,0.4335,0.0,0.0,0.0,0.0,227
2023-05-10 09:34:45,OP90002178,沪深300ETF沽12月4500,0.0,0.0,0.0,0.0,20,0.4277,0.432,10,0.4248,0.4335,0.0,0.0,0.0,0.0,227
2023-05-10 09:34:46,OP90002178,沪深300ETF沽12月4500,0.0,0.0,0.0,0.0,20,0.4277,0.432,10,0.4248,0.4335,0.0,0.0,0.0,0.0,227
2023-05-10 09:34:46,OP90002178,沪深300ETF沽12月4500,0.0,0.0,0.0,0.0,20,0.4277,0.432,20,0.4248,0.4335,0.0,0.0,0.0,0.0,227
2023-05-10 09:34:47,OP90002178,沪深300ETF沽12月4500,0.0,0.0,0.0,0.0,20,0.4277,0.432,10,0.4248,0.4335,0.0,0.0,0.0,0.0,227
2023-05-10 09:34:47,OP90002178,沪深300ETF沽12月4500,0.0,0.0,0.0,0.0,20,0.4277,0.4322,40,0.4248,0.4335,0.0,0.0,0.0,0.0,227
2023-05-10 09:34:48,OP90002178,沪深300ETF沽12月4500,0.0,0.0,0.0,0.0,20,0.4277,0.4321,10,0.4248,0.4335,0.0,0.0,0.0,0.0,227
2023-05-10 09:34:48,OP90002178,沪深300ETF沽12月4500,0.0,0.0,0.0,0.0,20,0.4277,0.4321,10,0.4248,0.4335,0.0,0.0,0.0,0.0,227
2023-05-10 09:34:50,OP90002178,沪深300ETF沽12月4500,0.0,0.0,0.0,0.0,20,0.4277,0.4321,10,0.4248,0.4335,0.0,0.0,0.0,0.0,227
2023-05-10 09:34:51,OP90002178,沪深300ETF沽12月4500,0.0,0.0,0.0,0.0,20,0.4277,0.4321,30,0.4248,0.4335,0.0,0.0,0.0,0.0,227
2023-05-10 09:34:52,OP90002178,沪深300ETF沽12月4500,0.0,0.0,0.0,0.0,20,0.4265,0.431,20,0.4248,0.4335,0.0,0.0,0.0,0.0,227
2023-05-10 09:34:52,OP90002178,沪深300ETF沽12月4500,0.0,0.0,0.0,0.0,20,0.4265,0.431,40,0.4248,0.4335,0.0,0.0,0.0,0.0,227
2023-05-10 09:34:53,OP90002178,沪深300ETF沽12月4500,0.0,0.0,0.0,0.0,20,0.4265,0.431,40,0.4248,0.4335,0.0,0.0,0.0,0.0,227
2023-05-10 09:34:53,OP90002178,沪深300ETF沽12月4500,0.0,0.0,0.0,0.0,20,0.4265,0.431,40,0.4248,0.4335,0.0,0.0,0.0,0.0,227
2023-05-10 09:34:54,OP90002178,沪深300ETF沽12月4500,0.0,0.0,0.0,0.0,20,0.4265,0.431,40,0.4248,0.4335,0.0,0.0,0.0,0.0,227
2023-05-10 09:34:54,OP90002178,沪深300ETF沽12月4500,0.0,0.0,0.0,0.0,20,0.4265,0.431,40,0.4248,0.4335,0.0,0.0,0.0,0.0,227
2023-05-10 09:34:55,OP90002178,沪深300ETF沽12月4500,0.0,0.0,0.0,0.0,20,0.4265,0.431,40,0.4248,0.4335,0.0,0.0,0.0,0.0,227
2023-05-10 09:34:55,OP90002178,沪深300ETF沽12月4500,0.0,0.0,0.0,0.0,20,0.4265,0.431,40,0.4248,0.4335,0.0,0.0,0.0,0.0,227
2023-05-10 09:34:56,OP90002178,沪深300ETF沽12月4500,0.0,0.0,0.0,0.0,20,0.4265,0.431,40,0.4248,0.4335,0.0,0.0,0.0,0.0,227
2023-05-10 09:34:57,OP90002178,沪深300ETF沽12月4500,0.0,0.0,0.0,0.0,20,0.4265,0.431,40,0.4248,0.4335,0.0,0.0,0.0,0.0,227
2023-05-10 09:34:57,OP90002178,沪深300ETF沽12月4500,0.0,0.0,0.0,0.0,20,0.4265,0.4309,10,0.4248,0.4335,0.0,0.0,0.0,0.0,227
2023-05-10 09:34:58,OP90002178,沪深300ETF沽12月4500,0.0,0.0,0.0,0.0,20,0.4265,0.4309,10,0.4248,0.4335,0.0,0.0,0.0,0.0,227
2023-05-10 09:34:58,OP90002178,沪深300ETF沽12月4500,0.0,0.0,0.0,0.0,20,0.4265,0.431,50,0.4248,0.4335,0.0,0.0,0.0,0.0,227
2023-05-10 09:34:59,OP90002178,沪深300ETF沽12月4500,0.0,0.0,0.0,0.0,20,0.4265,0.431,50,0.4248,0.4335,0.0,0.0,0.0,0.0,227
2023-05-10 09:34:59,OP90002178,沪深300ETF沽12月4500,0.0,0.0,0.0,0.0,20,0.4265,0.431,50,0.4248,0.4335,0.0,0.0,0.0,0.0,227
2023-05-10 09:35:00,OP90002178,沪深300ETF沽12月4500,0.0,0.0,0.0,0.0,20,0.4265,0.431,50,0.4248,0.4335,0.0,0.0,0.0,0.0,227
2023-05-10 09:35:01,OP90002178,沪深300ETF沽12月4500,0.0,0.0,0.0,0.0,20,0.4265,0.431,40,0.4248,0.4335,0.0,0.0,0.0,0.0,227
2023-05-10 09:35:01,OP90002178,沪深300ETF沽12月4500,0.0,0.0,0.0,0.0,20,0.4265,0.431,50,0.4248,0.4335,0.0,0.0,0.0,0.0,227
2023-05-10 09:35:02,OP90002178,沪深300ETF沽12月4500,0.0,0.0,0.0,0.0,20,0.4265,0.431,40,0.4248,0.4335,0.0,0.0,0.0,0.0,227
2023-05-10 09:35:02,OP90002178,沪深300ETF沽12月4500,0.0,0.0,0.0,0.0,20,0.4277,0.432,40,0.4248,0.4335,0.0,0.0,0.0,0.0,227
2023-05-10 09:35:03,OP90002178,沪深300ETF沽12月4500,0.0,0.0,0.0,0.0,20,0.4277,0.432,20,0.4248,0.4335,0.0,0.0,0.0,0.0,227
2023-05-10 09:35:03,OP90002178,沪深300ETF沽12月4500,0.0,0.0,0.0,0.0,20,0.4277,0.432,20,0.4248,0.4335,0.0,0.0,0.0,0.0,227
2023-05-10 09:35:04,OP90002178,沪深300ETF沽12月4500,0.0,0.0,0.0,0.0,20,0.4277,0.4322,20,0.4248,0.4335,0.0,0.0,0.0,0.0,227
2023-05-10 09:35:04,OP90002178,沪深300ETF沽12月4500,0.0,0.0,0.0,0.0,20,0.4277,0.4322,20,0.4248,0.4335,0.0,0.0,0.0,0.0,227
2023-05-10 09:35:05,OP90002178,沪深300ETF沽12月4500,0.0,0.0,0.0,0.0,20,0.4277,0.4322,20,0.4248,0.4335,0.0,0.0,0.0,0.0,227
2023-05-10 09:35:05,OP90002178,沪深300ETF沽12月4500,0.0,0.0,0.0,0.0,20,0.4277,0.4322,20,0.4248,0.4335,0.0,0.0,0.0,0.0,227
2023-05-10 09:35:06,OP90002178,沪深300ETF沽12月4500,0.0,0.0,0.0,0.0,20,0.4288,0.4325,10,0.4248,0.4335,0.0,0.0,0.0,0.0,227
2023-05-10 09:35:06,OP90002178,沪深300ETF沽12月4500,0.0,0.0,0.0,0.0,20,0.4288,0.4327,10,0.4248,0.4335,0.0,0.0,0.0,0.0,227
2023-05-10 09:35:07,OP90002178,沪深300ETF沽12月4500,0.0,0.0,0.0,0.0,20,0.4288,0.4327,10,0.4248,0.4335,0.0,0.0,0.0,0.0,227
2023-05-10 09:35:07,OP90002178,沪深300ETF沽12月4500,0.0,0.0,0.0,0.0,20,0.4288,0.4332,10,0.4248,0.4335,0.0,0.0,0.0,0.0,227
2023-05-10 09:35:08,OP90002178,沪深300ETF沽12月4500,0.0,0.0,0.0,0.0,20,0.4288,0.4332,10,0.4248,0.4335,0.0,0.0,0.0,0.0,227
2023-05-10 09:35:08,OP90002178,沪深300ETF沽12月4500,0.0,0.0,0.0,0.0,20,0.4288,0.4332,10,0.4248,0.4335,0.0,0.0,0.0,0.0,227
2023-05-10 09:35:09,OP90002178,沪深300ETF沽12月4500,0.0,0.0,0.0,0.0,20,0.4288,0.4332,30,0.4248,0.4335,0.0,0.0,0.0,0.0,227
2023-05-10 09:35:09,OP90002178,沪深300ETF沽12月4500,0.0,0.0,0.0,0.0,20,0.4288,0.4332,30,0.4248,0.4335,0.0,0.0,0.0,0.0,227
2023-05-10 09:35:10,OP90002178,沪深300ETF沽12月4500,0.0,0.0,0.0,0.0,20,0.4277,0.4322,20,0.4248,0.4335,0.0,0.0,0.0,0.0,227
2023-05-10 09:35:11,OP90002178,沪深300ETF沽12月4500,0.0,0.0,0.0,0.0,20,0.4277,0.4321,10,0.4248,0.4335,0.0,0.0,0.0,0.0,227
2023-05-10 09:35:11,OP90002178,沪深300ETF沽12月4500,0.0,0.0,0.0,0.0,20,0.4277,0.4321,10,0.4248,0.4335,0.0,0.0,0.0,0.0,227
2023-05-10 09:35:12,OP90002178,沪深300ETF沽12月4500,0.0,0.0,0.0,0.0,20,0.4277,0.4321,10,0.4248,0.4335,0.0,0.0,0.0,0.0,227
2023-05-10 09:35:12,OP90002178,沪深300ETF沽12月4500,0.0,0.0,0.0,0.0,20,0.4277,0.4321,10,0.4248,0.4335,0.0,0.0,0.0,0.0,227
2023-05-10 09:35:13,OP90002178,沪深300ETF沽12月4500,0.0,0.0,0.0,0.0,20,0.4277,0.4321,10,0.4248,0.4335,0.0,0.0,0.0,0.0,227
2023-05-10 09:35:13,OP90002178,沪深300ETF沽12月4500,0.0,0.0,0.0,0.0,20,0.4277,0.4321,10,0.4248,0.4335,0.0,0.0,0.0,0.0,227
2023-05-10 09:35:14,OP90002178,沪深300ETF沽12月4500,0.0,0.0,0.0,0.0,20,0.4277,0.4321,10,0.4248,0.4335,0.0,0.0,0.0,0.0,227
2023-05-10 09:35:14,OP90002178,沪深300ETF沽12月4500,0.0,0.0,0.0,0.0,20,0.4277,0.4322,40,0.4248,0.4335,0.0,0.0,0.0,0.0,227
2023-05-10 09:35:15,OP90002178,沪深300ETF沽12月4500,0.0,0.0,0.0,0.0,20,0.4277,0.4322,40,0.4248,0.4335,0.0,0.0,0.0,0.0,227
2023-05-10 09:35:16,OP90002178,沪深300ETF沽12月4500,0.0,0.0,0.0,0.0,20,0.4287,0.4322,20,0.4248,0.4335,0.0,0.0,0.0,0.0,227
2023-05-10 09:35:16,OP90002178,沪深300ETF沽12月4500,0.0,0.0,0.0,0.0,20,0.4287,0.4324,20,0.4248,0.4335,0.0,0.0,0.0,0.0,227
2023-05-10 09:35:17,OP90002178,沪深300ETF沽12月4500,0.0,0.0,0.0,0.0,20,0.4287,0.4324,20,0.4248,0.4335,0.0,0.0,0.0,0.0,227
2023-05-10 09:35:17,OP90002178,沪深300ETF沽12月4500,0.0,0.0,0.0,0.0,20,0.4287,0.4324,20,0.4248,0.4335,0.0,0.0,0.0,0.0,227
2023-05-10 09:35:18,OP90002178,沪深300ETF沽12月4500,0.0,0.0,0.0,0.0,20,0.4287,0.4324,20,0.4248,0.4335,0.0,0.0,0.0,0.0,227
2023-05-10 09:35:18,OP90002178,沪深300ETF沽12月4500,0.0,0.0,0.0,0.0,20,0.4287,0.4324,20,0.4248,0.4335,0.0,0.0,0.0,0.0,227
2023-05-10 09:35:20,OP90002178,沪深300ETF沽12月4500,0.0,0.0,0.0,0.0,20,0.4287,0.4329,50,0.4248,0.4335,0.0,0.0,0.0,0.0,227
2023-05-10 09:35:20,OP90002178,沪深300ETF沽12月4500,0.0,0.0,0.0,0.0,20,0.4287,0.4329,50,0.4248,0.4335,0.0,0.0,0.0,0.0,227
2023-05-10 09:35:21,OP90002178,沪深300ETF沽12月4500,0.0,0.0,0.0,0.0,20,0.4287,0.4329,50,0.4248,0.4335,0.0,0.0,0.0,0.0,227
2023-05-10 09:35:28,OP90002178,沪深300ETF沽12月4500,0.0,0.0,0.0,0.0,20,0.4287,0.4329,40,0.4248,0.4335,0.0,0.0,0.0,0.0,227
2023-05-10 09:35:30,OP90002178,沪深300ETF沽12月4500,0.0,0.0,0.0,0.0,20,0.4296,0.4329,20,0.4248,0.4335,0.0,0.0,0.0,0.0,227
2023-05-10 09:35:30,OP90002178,沪深300ETF沽12月4500,0.0,0.0,0.0,0.0,20,0.4296,0.4329,20,0.4248,0.4335,0.0,0.0,0.0,0.0,227
2023-05-10 09:35:31,OP90002178,沪深300ETF沽12月4500,0.0,0.0,0.0,0.0,20,0.4296,0.4329,30,0.4248,0.4335,0.0,0.0,0.0,0.0,227
2023-05-10 09:35:31,OP90002178,沪深300ETF沽12月4500,0.0,0.0,0.0,0.0,20,0.4296,0.4329,20,0.4248,0.4335,0.0,0.0,0.0,0.0,227
2023-05-10 09:35:33,OP90002178,沪深300ETF沽12月4500,0.0,0.0,0.0,0.0,20,0.4296,0.4329,20,0.4248,0.4335,0.0,0.0,0.0,0.0,227
2023-05-10 09:35:38,OP90002178,沪深300ETF沽12月4500,0.0,0.0,0.0,0.0,20,0.4296,0.4329,20,0.4248,0.4335,0.0,0.0,0.0,0.0,227
2023-05-10 09:35:38,OP90002178,沪深300ETF沽12月4500,0.0,0.0,0.0,0.0,20,0.4296,0.4329,20,0.4248,0.4335,0.0,0.0,0.0,0.0,227
2023-05-10 09:35:40,OP90002178,沪深300ETF沽12月4500,0.0,0.0,0.0,0.0,20,0.4296,0.4329,20,0.4248,0.4335,0.0,0.0,0.0,0.0,227
2023-05-10 09:35:43,OP90002178,沪深300ETF沽12月4500,0.0,0.0,0.0,0.0,20,0.4296,0.4329,20,0.4248,0.4335,0.0,0.0,0.0,0.0,227
2023-05-10 09:35:45,OP90002178,沪深300ETF沽12月4500,0.0,0.0,0.0,0.0,20,0.4296,0.4329,20,0.4248,0.4335,0.0,0.0,0.0,0.0,227
2023-05-10 09:35:46,OP90002178,沪深300ETF沽12月4500,0.0,0.0,0.0,0.0,20,0.4296,0.4329,20,0.4248,0.4335,0.0,0.0,0.0,0.0,227
2023-05-10 09:35:47,OP90002178,沪深300ETF沽12月4500,0.0,0.0,0.0,0.0,20,0.4296,0.4328,10,0.4248,0.4335,0.0,0.0,0.0,0.0,227
2023-05-10 09:35:48,OP90002178,沪深300ETF沽12月4500,0.0,0.0,0.0,0.0,20,0.4284,0.4327,20,0.4248,0.4335,0.0,0.0,0.0,0.0,227
2023-05-10 09:35:48,OP90002178,沪深300ETF沽12月4500,0.0,0.0,0.0,0.0,20,0.4284,0.4326,10,0.4248,0.4335,0.0,0.0,0.0,0.0,227
2023-05-10 09:35:49,OP90002178,沪深300ETF沽12月4500,0.0,0.0,0.0,0.0,20,0.4284,0.4327,20,0.4248,0.4335,0.0,0.0,0.0,0.0,227
2023-05-10 09:35:50,OP90002178,沪深300ETF沽12月4500,0.0,0.0,0.0,0.0,20,0.4284,0.4327,20,0.4248,0.4335,0.0,0.0,0.0,0.0,227
2023-05-10 09:35:50,OP90002178,沪深300ETF沽12月4500,0.0,0.0,0.0,0.0,20,0.4284,0.4327,20,0.4248,0.4335,0.0,0.0,0.0,0.0,227
2023-05-10 09:35:51,OP90002178,沪深300ETF沽12月4500,0.0,0.0,0.0,0.0,20,0.4284,0.4327,20,0.4248,0.4335,0.0,0.0,0.0,0.0,227
2023-05-10 09:35:52,OP90002178,沪深300ETF沽12月4500,0.0,0.0,0.0,0.0,20,0.4284,0.4327,20,0.4248,0.4335,0.0,0.0,0.0,0.0,227
2023-05-10 09:35:53,OP90002178,沪深300ETF沽12月4500,0.0,0.0,0.0,0.0,20,0.4284,0.4327,20,0.4248,0.4335,0.0,0.0,0.0,0.0,227
2023-05-10 09:35:54,OP90002178,沪深300ETF沽12月4500,0.0,0.0,0.0,0.0,20,0.4284,0.4327,20,0.4248,0.4335,0.0,0.0,0.0,0.0,227
2023-05-10 09:35:55,OP90002178,沪深300ETF沽12月4500,0.0,0.0,0.0,0.0,20,0.4284,0.4327,30,0.4248,0.4335,0.0,0.0,0.0,0.0,227
2023-05-10 09:35:56,OP90002178,沪深300ETF沽12月4500,0.0,0.0,0.0,0.0,20,0.4284,0.4327,20,0.4248,0.4335,0.0,0.0,0.0,0.0,227
2023-05-10 09:35:57,OP90002178,沪深300ETF沽12月4500,0.0,0.0,0.0,0.0,20,0.4284,0.4326,10,0.4248,0.4335,0.0,0.0,0.0,0.0,227
2023-05-10 09:35:58,OP90002178,沪深300ETF沽12月4500,0.0,0.0,0.0,0.0,20,0.4284,0.4327,20,0.4248,0.4335,0.0,0.0,0.0,0.0,227
2023-05-10 09:35:58,OP90002178,沪深300ETF沽12月4500,0.0,0.0,0.0,0.0,20,0.4284,0.4327,30,0.4248,0.4335,0.0,0.0,0.0,0.0,227
2023-05-10 09:35:59,OP90002178,沪深300ETF沽12月4500,0.0,0.0,0.0,0.0,20,0.4284,0.4327,30,0.4248,0.4335,0.0,0.0,0.0,0.0,227
2023-05-10 09:36:00,OP90002178,沪深300ETF沽12月4500,0.0,0.0,0.0,0.0,20,0.4284,0.4327,50,0.4248,0.4335,0.0,0.0,0.0,0.0,227
2023-05-10 09:36:00,OP90002178,沪深300ETF沽12月4500,0.0,0.0,0.0,0.0,10,0.4281,0.4317,20,0.4248,0.4335,0.0,0.0,0.0,0.0,227
2023-05-10 09:36:01,OP90002178,沪深300ETF沽12月4500,0.0,0.0,0.0,0.0,20,0.4275,0.4317,50,0.4248,0.4335,0.0,0.0,0.0,0.0,227
2023-05-10 09:36:01,OP90002178,沪深300ETF沽12月4500,0.0,0.0,0.0,0.0,20,0.4275,0.4317,40,0.4248,0.4335,0.0,0.0,0.0,0.0,227
2023-05-10 09:36:02,OP90002178,沪深300ETF沽12月4500,0.0,0.0,0.0,0.0,20,0.4275,0.4316,10,0.4248,0.4335,0.0,0.0,0.0,0.0,227
2023-05-10 09:36:02,OP90002178,沪深300ETF沽12月4500,0.0,0.0,0.0,0.0,20,0.4275,0.4317,40,0.4248,0.4335,0.0,0.0,0.0,0.0,227
2023-05-10 09:36:03,OP90002178,沪深300ETF沽12月4500,0.0,0.0,0.0,0.0,20,0.4275,0.4317,40,0.4248,0.4335,0.0,0.0,0.0,0.0,227
2023-05-10 09:36:04,OP90002178,沪深300ETF沽12月4500,0.0,0.0,0.0,0.0,20,0.4275,0.4316,10,0.4248,0.4335,0.0,0.0,0.0,0.0,227
2023-05-10 09:36:05,OP90002178,沪深300ETF沽12月4500,0.0,0.0,0.0,0.0,20,0.4275,0.4316,10,0.4248,0.4335,0.0,0.0,0.0,0.0,227
2023-05-10 09:36:06,OP90002178,沪深300ETF沽12月4500,0.0,0.0,0.0,0.0,20,0.4275,0.4317,40,0.4248,0.4335,0.0,0.0,0.0,0.0,227
2023-05-10 09:36:06,OP90002178,沪深300ETF沽12月4500,0.0,0.0,0.0,0.0,20,0.4275,0.4317,40,0.4248,0.4335,0.0,0.0,0.0,0.0,227
2023-05-10 09:36:07,OP90002178,沪深300ETF沽12月4500,0.0,0.0,0.0,0.0,20,0.4275,0.4317,50,0.4248,0.4335,0.0,0.0,0.0,0.0,227
2023-05-10 09:36:07,OP90002178,沪深300ETF沽12月4500,0.0,0.0,0.0,0.0,20,0.4275,0.4317,50,0.4248,0.4335,0.0,0.0,0.0,0.0,227
2023-05-10 09:36:08,OP90002178,沪深300ETF沽12月4500,0.0,0.0,0.0,0.0,20,0.4275,0.4317,50,0.4248,0.4335,0.0,0.0,0.0,0.0,227
2023-05-10 09:36:09,OP90002178,沪深300ETF沽12月4500,0.0,0.0,0.0,0.0,20,0.4275,0.4317,50,0.4248,0.4335,0.0,0.0,0.0,0.0,227
2023-05-10 09:36:10,OP90002178,沪深300ETF沽12月4500,0.0,0.0,0.0,0.0,20,0.4274,0.4305,20,0.4248,0.4335,0.0,0.0,0.0,0.0,227
2023-05-10 09:36:10,OP90002178,沪深300ETF沽12月4500,0.0,0.0,0.0,0.0,20,0.4274,0.4305,40,0.4248,0.4335,0.0,0.0,0.0,0.0,227
2023-05-10 09:36:11,OP90002178,沪深300ETF沽12月4500,0.0,0.0,0.0,0.0,20,0.4274,0.4305,40,0.4248,0.4335,0.0,0.0,0.0,0.0,227
2023-05-10 09:36:11,OP90002178,沪深300ETF沽12月4500,0.0,0.0,0.0,0.0,20,0.4274,0.4305,40,0.4248,0.4335,0.0,0.0,0.0,0.0,227
2023-05-10 09:36:12,OP90002178,沪深300ETF沽12月4500,0.0,0.0,0.0,0.0,20,0.4274,0.4305,20,0.4248,0.4335,0.0,0.0,0.0,0.0,227
2023-05-10 09:36:13,OP90002178,沪深300ETF沽12月4500,0.0,0.0,0.0,0.0,20,0.4274,0.4314,30,0.4248,0.4335,0.0,0.0,0.0,0.0,227
2023-05-10 09:36:13,OP90002178,沪深300ETF沽12月4500,0.0,0.0,0.0,0.0,20,0.4274,0.4314,30,0.4248,0.4335,0.0,0.0,0.0,0.0,227
2023-05-10 09:36:14,OP90002178,沪深300ETF沽12月4500,0.0,0.0,0.0,0.0,20,0.4274,0.4314,30,0.4248,0.4335,0.0,0.0,0.0,0.0,227
2023-05-10 09:36:17,OP90002178,沪深300ETF沽12月4500,0.0,0.0,0.0,0.0,10,0.4272,0.4306,20,0.4248,0.4335,0.0,0.0,0.0,0.0,227
2023-05-10 09:36:17,OP90002178,沪深300ETF沽12月4500,0.0,0.0,0.0,0.0,10,0.4272,0.4306,40,0.4248,0.4335,0.0,0.0,0.0,0.0,227
2023-05-10 09:36:18,OP90002178,沪深300ETF沽12月4500,0.0,0.0,0.0,0.0,40,0.4263,0.4306,50,0.4248,0.4335,0.0,0.0,0.0,0.0,227
2023-05-10 09:36:18,OP90002178,沪深300ETF沽12月4500,0.0,0.0,0.0,0.0,40,0.4263,0.4306,50,0.4248,0.4335,0.0,0.0,0.0,0.0,227
2023-05-10 09:36:21,OP90002178,沪深300ETF沽12月4500,0.0,0.0,0.0,0.0,40,0.4263,0.4306,50,0.4248,0.4335,0.0,0.0,0.0,0.0,227
2023-05-10 09:36:21,OP90002178,沪深300ETF沽12月4500,0.0,0.0,0.0,0.0,40,0.4263,0.4306,50,0.4248,0.4335,0.0,0.0,0.0,0.0,227
2023-05-10 09:36:24,OP90002178,沪深300ETF沽12月4500,0.0,0.0,0.0,0.0,40,0.4263,0.4306,50,0.4248,0.4335,0.0,0.0,0.0,0.0,227
2023-05-10 09:36:25,OP90002178,沪深300ETF沽12月4500,0.0,0.0,0.0,0.0,40,0.4263,0.4306,40,0.4248,0.4335,0.0,0.0,0.0,0.0,227
2023-05-10 09:36:26,OP90002178,沪深300ETF沽12月4500,0.0,0.0,0.0,0.0,40,0.4263,0.4306,40,0.4248,0.4335,0.0,0.0,0.0,0.0,227
2023-05-10 09:36:27,OP90002178,沪深300ETF沽12月4500,0.0,0.0,0.0,0.0,40,0.4263,0.4305,10,0.4248,0.4335,0.0,0.0,0.0,0.0,227
2023-05-10 09:36:27,OP90002178,沪深300ETF沽12月4500,0.0,0.0,0.0,0.0,40,0.4263,0.4305,10,0.4248,0.4335,0.0,0.0,0.0,0.0,227
2023-05-10 09:36:28,OP90002178,沪深300ETF沽12月4500,0.0,0.0,0.0,0.0,40,0.4263,0.4305,10,0.4248,0.4335,0.0,0.0,0.0,0.0,227
2023-05-10 09:36:29,OP90002178,沪深300ETF沽12月4500,0.0,0.0,0.0,0.0,40,0.4263,0.4306,40,0.4248,0.4335,0.0,0.0,0.0,0.0,227
2023-05-10 09:36:31,OP90002178,沪深300ETF沽12月4500,0.0,0.0,0.0,0.0,20,0.4275,0.4306,20,0.4248,0.4335,0.0,0.0,0.0,0.0,227
2023-05-10 09:36:31,OP90002178,沪深300ETF沽12月4500,0.0,0.0,0.0,0.0,20,0.4275,0.4306,20,0.4248,0.4335,0.0,0.0,0.0,0.0,227
2023-05-10 09:36:32,OP90002178,沪深300ETF沽12月4500,0.0,0.0,0.0,0.0,20,0.4275,0.4314,20,0.4248,0.4335,0.0,0.0,0.0,0.0,227
2023-05-10 09:36:32,OP90002178,沪深300ETF沽12月4500,0.0,0.0,0.0,0.0,20,0.4275,0.4314,20,0.4248,0.4335,0.0,0.0,0.0,0.0,227
2023-05-10 09:36:33,OP90002178,沪深300ETF沽12月4500,0.0,0.0,0.0,0.0,20,0.4275,0.4314,20,0.4248,0.4335,0.0,0.0,0.0,0.0,227
2023-05-10 09:36:33,OP90002178,沪深300ETF沽12月4500,0.0,0.0,0.0,0.0,20,0.4275,0.4314,20,0.4248,0.4335,0.0,0.0,0.0,0.0,227
2023-05-10 09:36:34,OP90002178,沪深300ETF沽12月4500,0.0,0.0,0.0,0.0,20,0.4275,0.4314,20,0.4248,0.4335,0.0,0.0,0.0,0.0,227
2023-05-10 09:36:34,OP90002178,沪深300ETF沽12月4500,0.0,0.0,0.0,0.0,20,0.4275,0.4313,10,0.4248,0.4335,0.0,0.0,0.0,0.0,227
2023-05-10 09:36:37,OP90002178,沪深300ETF沽12月4500,0.0,0.0,0.0,0.0,20,0.4275,0.4314,20,0.4248,0.4335,0.0,0.0,0.0,0.0,227
2023-05-10 09:36:38,OP90002178,沪深300ETF沽12月4500,0.0,0.0,0.0,0.0,20,0.4275,0.4313,10,0.4248,0.4335,0.0,0.0,0.0,0.0,227
2023-05-10 09:36:39,OP90002178,沪深300ETF沽12月4500,0.0,0.0,0.0,0.0,20,0.4274,0.4307,20,0.4248,0.4335,0.0,0.0,0.0,0.0,227
2023-05-10 09:36:40,OP90002178,沪深300ETF沽12月4500,0.0,0.0,0.0,0.0,10,0.4272,0.4307,40,0.4248,0.4335,0.0,0.0,0.0,0.0,227
2023-05-10 09:36:40,OP90002178,沪深300ETF沽12月4500,0.0,0.0,0.0,0.0,10,0.4272,0.4307,40,0.4248,0.4335,0.0,0.0,0.0,0.0,227
2023-05-10 09:36:41,OP90002178,沪深300ETF沽12月4500,0.0,0.0,0.0,0.0,40,0.4264,0.4307,40,0.4248,0.4335,0.0,0.0,0.0,0.0,227
2023-05-10 09:36:42,OP90002178,沪深300ETF沽12月4500,0.0,0.0,0.0,0.0,40,0.4264,0.4307,40,0.4248,0.4335,0.0,0.0,0.0,0.0,227
2023-05-10 09:36:42,OP90002178,沪深300ETF沽12月4500,0.0,0.0,0.0,0.0,20,0.4264,0.4307,40,0.4248,0.4335,0.0,0.0,0.0,0.0,227
2023-05-10 09:36:43,OP90002178,沪深300ETF沽12月4500,0.0,0.0,0.0,0.0,20,0.4264,0.4307,40,0.4248,0.4335,0.0,0.0,0.0,0.0,227
2023-05-10 09:36:46,OP90002178,沪深300ETF沽12月4500,0.0,0.0,0.0,0.0,20,0.4272,0.4307,40,0.4248,0.4335,0.0,0.0,0.0,0.0,227
2023-05-10 09:36:46,OP90002178,沪深300ETF沽12月4500,0.0,0.0,0.0,0.0,20,0.4272,0.4307,40,0.4248,0.4335,0.0,0.0,0.0,0.0,227
2023-05-10 09:36:48,OP90002178,沪深300ETF沽12月4500,0.0,0.0,0.0,0.0,20,0.4277,0.4307,20,0.4248,0.4335,0.0,0.0,0.0,0.0,227
2023-05-10 09:36:49,OP90002178,沪深300ETF沽12月4500,0.0,0.0,0.0,0.0,20,0.4277,0.4317,30,0.4248,0.4335,0.0,0.0,0.0,0.0,227
2023-05-10 09:36:49,OP90002178,沪深300ETF沽12月4500,0.0,0.0,0.0,0.0,20,0.4277,0.4317,30,0.4248,0.4335,0.0,0.0,0.0,0.0,227
2023-05-10 09:36:54,OP90002178,沪深300ETF沽12月4500,0.0,0.0,0.0,0.0,20,0.4277,0.4317,30,0.4248,0.4335,0.0,0.0,0.0,0.0,227
2023-05-10 09:36:56,OP90002178,沪深300ETF沽12月4500,0.0,0.0,0.0,0.0,40,0.4277,0.4317,20,0.4248,0.4335,0.0,0.0,0.0,0.0,227
2023-05-10 09:36:56,OP90002178,沪深300ETF沽12月4500,0.0,0.0,0.0,0.0,20,0.4277,0.4317,20,0.4248,0.4335,0.0,0.0,0.0,0.0,227
2023-05-10 09:36:57,OP90002178,沪深300ETF沽12月4500,0.0,0.0,0.0,0.0,20,0.4277,0.4317,20,0.4248,0.4335,0.0,0.0,0.0,0.0,227
2023-05-10 09:36:57,OP90002178,沪深300ETF沽12月4500,0.0,0.0,0.0,0.0,20,0.4277,0.4317,20,0.4248,0.4335,0.0,0.0,0.0,0.0,227
2023-05-10 09:36:58,OP90002178,沪深300ETF沽12月4500,0.0,0.0,0.0,0.0,20,0.4277,0.4317,20,0.4248,0.4335,0.0,0.0,0.0,0.0,227
2023-05-10 09:36:58,OP90002178,沪深300ETF沽12月4500,0.0,0.0,0.0,0.0,20,0.4277,0.4317,20,0.4248,0.4335,0.0,0.0,0.0,0.0,227
2023-05-10 09:37:00,OP90002178,沪深300ETF沽12月4500,0.0,0.0,0.0,0.0,20,0.4287,0.4317,20,0.4248,0.4335,0.0,0.0,0.0,0.0,227
2023-05-10 09:37:00,OP90002178,沪深300ETF沽12月4500,0.0,0.0,0.0,0.0,20,0.4287,0.4317,20,0.4248,0.4335,0.0,0.0,0.0,0.0,227
2023-05-10 09:37:01,OP90002178,沪深300ETF沽12月4500,0.0,0.0,0.0,0.0,20,0.4287,0.4321,30,0.4248,0.4335,0.0,0.0,0.0,0.0,227
2023-05-10 09:37:01,OP90002178,沪深300ETF沽12月4500,0.0,0.0,0.0,0.0,20,0.4287,0.4321,20,0.4248,0.4335,0.0,0.0,0.0,0.0,227
2023-05-10 09:37:02,OP90002178,沪深300ETF沽12月4500,0.0,0.0,0.0,0.0,20,0.4287,0.4321,20,0.4248,0.4335,0.0,0.0,0.0,0.0,227
2023-05-10 09:37:02,OP90002178,沪深300ETF沽12月4500,0.0,0.0,0.0,0.0,20,0.4297,0.433,20,0.4248,0.4335,0.0,0.0,0.0,0.0,227
2023-05-10 09:37:03,OP90002178,沪深300ETF沽12月4500,0.0,0.0,0.0,0.0,20,0.4297,0.433,30,0.4248,0.4335,0.0,0.0,0.0,0.0,227
2023-05-10 09:37:03,OP90002178,沪深300ETF沽12月4500,0.0,0.0,0.0,0.0,20,0.4297,0.433,30,0.4248,0.4335,0.0,0.0,0.0,0.0,227
2023-05-10 09:37:05,OP90002178,沪深300ETF沽12月4500,0.0,0.0,0.0,0.0,20,0.4297,0.433,20,0.4248,0.4335,0.0,0.0,0.0,0.0,227
2023-05-10 09:37:06,OP90002178,沪深300ETF沽12月4500,0.0,0.0,0.0,0.0,20,0.4297,0.433,20,0.4248,0.4335,0.0,0.0,0.0,0.0,227
2023-05-10 09:37:07,OP90002178,沪深300ETF沽12月4500,0.0,0.0,0.0,0.0,20,0.4297,0.4329,10,0.4248,0.4335,0.0,0.0,0.0,0.0,227
2023-05-10 09:37:07,OP90002178,沪深300ETF沽12月4500,0.0,0.0,0.0,0.0,20,0.4297,0.433,20,0.4248,0.4335,0.0,0.0,0.0,0.0,227
2023-05-10 09:37:09,OP90002178,沪深300ETF沽12月4500,0.0,0.0,0.0,0.0,20,0.4297,0.4329,10,0.4248,0.4335,0.0,0.0,0.0,0.0,227
2023-05-10 09:37:11,OP90002178,沪深300ETF沽12月4500,0.0,0.0,0.0,0.0,20,0.4297,0.433,20,0.4248,0.4335,0.0,0.0,0.0,0.0,227
2023-05-10 09:37:12,OP90002178,沪深300ETF沽12月4500,0.0,0.0,0.0,0.0,20,0.4287,0.4326,20,0.4248,0.4335,0.0,0.0,0.0,0.0,227
2023-05-10 09:37:13,OP90002178,沪深300ETF沽12月4500,0.0,0.0,0.0,0.0,20,0.4286,0.4325,10,0.4248,0.4335,0.0,0.0,0.0,0.0,227
2023-05-10 09:37:13,OP90002178,沪深300ETF沽12月4500,0.0,0.0,0.0,0.0,20,0.4286,0.4325,10,0.4248,0.4335,0.0,0.0,0.0,0.0,227
2023-05-10 09:37:14,OP90002178,沪深300ETF沽12月4500,0.0,0.0,0.0,0.0,20,0.4286,0.4326,20,0.4248,0.4335,0.0,0.0,0.0,0.0,227
2023-05-10 09:37:15,OP90002178,沪深300ETF沽12月4500,0.0,0.0,0.0,0.0,20,0.4286,0.4326,20,0.4248,0.4335,0.0,0.0,0.0,0.0,227
2023-05-10 09:37:15,OP90002178,沪深300ETF沽12月4500,0.0,0.0,0.0,0.0,20,0.4286,0.4326,20,0.4248,0.4335,0.0,0.0,0.0,0.0,227
2023-05-10 09:37:16,OP90002178,沪深300ETF沽12月4500,0.0,0.0,0.0,0.0,20,0.4294,0.4331,40,0.4248,0.4335,0.0,0.0,0.0,0.0,227
2023-05-10 09:37:17,OP90002178,沪深300ETF沽12月4500,0.0,0.0,0.0,0.0,20,0.4294,0.4331,40,0.4248,0.4335,0.0,0.0,0.0,0.0,227
2023-05-10 09:37:17,OP90002178,沪深300ETF沽12月4500,0.0,0.0,0.0,0.0,20,0.4294,0.4331,30,0.4248,0.4335,0.0,0.0,0.0,0.0,227
2023-05-10 09:37:20,OP90002178,沪深300ETF沽12月4500,0.0,0.0,0.0,0.0,20,0.4286,0.4327,20,0.4248,0.4335,0.0,0.0,0.0,0.0,227
2023-05-10 09:37:21,OP90002178,沪深300ETF沽12月4500,0.0,0.0,0.0,0.0,20,0.4286,0.4326,10,0.4248,0.4335,0.0,0.0,0.0,0.0,227
2023-05-10 09:37:21,OP90002178,沪深300ETF沽12月4500,0.0,0.0,0.0,0.0,20,0.4286,0.4326,10,0.4248,0.4335,0.0,0.0,0.0,0.0,227
2023-05-10 09:37:22,OP90002178,沪深300ETF沽12月4500,0.0,0.0,0.0,0.0,20,0.4286,0.4327,20,0.4248,0.4335,0.0,0.0,0.0,0.0,227
2023-05-10 09:37:22,OP90002178,沪深300ETF沽12月4500,0.0,0.0,0.0,0.0,20,0.4286,0.4327,20,0.4248,0.4335,0.0,0.0,0.0,0.0,227
2023-05-10 09:37:23,OP90002178,沪深300ETF沽12月4500,0.0,0.0,0.0,0.0,20,0.4286,0.4327,20,0.4248,0.4335,0.0,0.0,0.0,0.0,227
2023-05-10 09:37:23,OP90002178,沪深300ETF沽12月4500,0.0,0.0,0.0,0.0,20,0.4286,0.4327,20,0.4248,0.4335,0.0,0.0,0.0,0.0,227
2023-05-10 09:37:24,OP90002178,沪深300ETF沽12月4500,0.0,0.0,0.0,0.0,20,0.4286,0.4327,30,0.4248,0.4335,0.0,0.0,0.0,0.0,227
2023-05-10 09:37:24,OP90002178,沪深300ETF沽12月4500,0.0,0.0,0.0,0.0,20,0.4286,0.4327,20,0.4248,0.4335,0.0,0.0,0.0,0.0,227
2023-05-10 09:37:25,OP90002178,沪深300ETF沽12月4500,0.0,0.0,0.0,0.0,20,0.4286,0.4327,20,0.4248,0.4335,0.0,0.0,0.0,0.0,227
2023-05-10 09:37:27,OP90002178,沪深300ETF沽12月4500,0.0,0.0,0.0,0.0,20,0.4286,0.4327,30,0.4248,0.4335,0.0,0.0,0.0,0.0,227
2023-05-10 09:37:29,OP90002178,沪深300ETF沽12月4500,0.0,0.0,0.0,0.0,20,0.4286,0.4327,30,0.4248,0.4335,0.0,0.0,0.0,0.0,227
2023-05-10 09:37:31,OP90002178,沪深300ETF沽12月4500,0.0,0.0,0.0,0.0,20,0.4286,0.4327,20,0.4248,0.4335,0.0,0.0,0.0,0.0,227
2023-05-10 09:37:31,OP90002178,沪深300ETF沽12月4500,0.0,0.0,0.0,0.0,20,0.4286,0.4327,20,0.4248,0.4335,0.0,0.0,0.0,0.0,227
2023-05-10 09:37:32,OP90002178,沪深300ETF沽12月4500,0.0,0.0,0.0,0.0,20,0.4294,0.433,10,0.4248,0.4335,0.0,0.0,0.0,0.0,227
2023-05-10 09:37:32,OP90002178,沪深300ETF沽12月4500,0.0,0.0,0.0,0.0,20,0.4294,0.433,20,0.4248,0.4335,0.0,0.0,0.0,0.0,227
2023-05-10 09:37:33,OP90002178,沪深300ETF沽12月4500,0.0,0.0,0.0,0.0,20,0.4294,0.433,20,0.4248,0.4335,0.0,0.0,0.0,0.0,227
2023-05-10 09:37:33,OP90002178,沪深300ETF沽12月4500,0.0,0.0,0.0,0.0,20,0.4294,0.433,20,0.4248,0.4335,0.0,0.0,0.0,0.0,227
2023-05-10 09:37:34,OP90002178,沪深300ETF沽12月4500,0.0,0.0,0.0,0.0,20,0.4294,0.433,20,0.4248,0.4335,0.0,0.0,0.0,0.0,227
2023-05-10 09:37:34,OP90002178,沪深300ETF沽12月4500,0.0,0.0,0.0,0.0,20,0.4294,0.4334,10,0.4248,0.4335,0.0,0.0,0.0,0.0,227
2023-05-10 09:37:35,OP90002178,沪深300ETF沽12月4500,0.0,0.0,0.0,0.0,20,0.4294,0.4334,10,0.4248,0.4335,0.0,0.0,0.0,0.0,227
2023-05-10 09:37:35,OP90002178,沪深300ETF沽12月4500,0.0,0.0,0.0,0.0,20,0.4294,0.4336,10,0.4248,0.4335,0.0,0.0,0.0,0.0,227
2023-05-10 09:37:36,OP90002178,沪深300ETF沽12月4500,0.0,0.0,0.0,0.0,20,0.4294,0.4336,10,0.4248,0.4335,0.0,0.0,0.0,0.0,227
2023-05-10 09:37:40,OP90002178,沪深300ETF沽12月4500,0.0,0.0,0.0,0.0,20,0.4294,0.4336,10,0.4248,0.4335,0.0,0.0,0.0,0.0,227
2023-05-10 09:37:41,OP90002178,沪深300ETF沽12月4500,0.0,0.0,0.0,0.0,20,0.4304,0.4337,30,0.4248,0.4335,0.0,0.0,0.0,0.0,227
2023-05-10 09:37:42,OP90002178,沪深300ETF沽12月4500,0.0,0.0,0.0,0.0,20,0.4304,0.4337,20,0.4248,0.4335,0.0,0.0,0.0,0.0,227
2023-05-10 09:37:42,OP90002178,沪深300ETF沽12月4500,0.0,0.0,0.0,0.0,20,0.4304,0.4337,20,0.4248,0.4335,0.0,0.0,0.0,0.0,227
2023-05-10 09:37:43,OP90002178,沪深300ETF沽12月4500,0.0,0.0,0.0,0.0,20,0.4304,0.4337,20,0.4248,0.4335,0.0,0.0,0.0,0.0,227
2023-05-10 09:37:44,OP90002178,沪深300ETF沽12月4500,0.0,0.0,0.0,0.0,20,0.4304,0.4337,20,0.4248,0.4335,0.0,0.0,0.0,0.0,227
2023-05-10 09:37:45,OP90002178,沪深300ETF沽12月4500,0.0,0.0,0.0,0.0,20,0.4304,0.4337,20,0.4248,0.4335,0.0,0.0,0.0,0.0,227
2023-05-10 09:37:46,OP90002178,沪深300ETF沽12月4500,0.0,0.0,0.0,0.0,20,0.4304,0.4336,10,0.4248,0.4335,0.0,0.0,0.0,0.0,227
2023-05-10 09:37:46,OP90002178,沪深300ETF沽12月4500,0.0,0.0,0.0,0.0,20,0.4304,0.4336,10,0.4248,0.4335,0.0,0.0,0.0,0.0,227
2023-05-10 09:37:47,OP90002178,沪深300ETF沽12月4500,0.0,0.0,0.0,0.0,20,0.4304,0.4337,20,0.4248,0.4335,0.0,0.0,0.0,0.0,227
2023-05-10 09:37:48,OP90002178,沪深300ETF沽12月4500,0.0,0.0,0.0,0.0,20,0.4304,0.4337,20,0.4248,0.4335,0.0,0.0,0.0,0.0,227
2023-05-10 09:37:48,OP90002178,沪深300ETF沽12月4500,0.0,0.0,0.0,0.0,20,0.4304,0.4337,20,0.4248,0.4335,0.0,0.0,0.0,0.0,227
2023-05-10 09:37:52,OP90002178,沪深300ETF沽12月4500,0.0,0.0,0.0,0.0,20,0.4304,0.4337,20,0.4248,0.4335,0.0,0.0,0.0,0.0,227
2023-05-10 09:37:52,OP90002178,沪深300ETF沽12月4500,0.0,0.0,0.0,0.0,20,0.4304,0.4337,20,0.4248,0.4335,0.0,0.0,0.0,0.0,227
2023-05-10 09:37:53,OP90002178,沪深300ETF沽12月4500,0.0,0.0,0.0,0.0,20,0.4304,0.4337,20,0.4248,0.4335,0.0,0.0,0.0,0.0,227
2023-05-10 09:37:53,OP90002178,沪深300ETF沽12月4500,0.0,0.0,0.0,0.0,40,0.4304,0.4344,30,0.4248,0.4335,0.0,0.0,0.0,0.0,227
2023-05-10 09:37:54,OP90002178,沪深300ETF沽12月4500,0.0,0.0,0.0,0.0,40,0.4304,0.4344,30,0.4248,0.4335,0.0,0.0,0.0,0.0,227
2023-05-10 09:37:56,OP90002178,沪深300ETF沽12月4500,0.0,0.0,0.0,0.0,40,0.4304,0.4344,20,0.4248,0.4335,0.0,0.0,0.0,0.0,227
2023-05-10 09:37:56,OP90002178,沪深300ETF沽12月4500,0.0,0.0,0.0,0.0,40,0.4304,0.4343,10,0.4248,0.4335,0.0,0.0,0.0,0.0,227
2023-05-10 09:37:58,OP90002178,沪深300ETF沽12月4500,0.0,0.0,0.0,0.0,20,0.4304,0.4343,30,0.4248,0.4335,0.0,0.0,0.0,0.0,227
2023-05-10 09:37:59,OP90002178,沪深300ETF沽12月4500,0.0,0.0,0.0,0.0,20,0.4304,0.4343,30,0.4248,0.4335,0.0,0.0,0.0,0.0,227
2023-05-10 09:38:01,OP90002178,沪深300ETF沽12月4500,0.0,0.0,0.0,0.0,20,0.4304,0.4343,30,0.4248,0.4335,0.0,0.0,0.0,0.0,227
2023-05-10 09:38:02,OP90002178,沪深300ETF沽12月4500,0.0,0.0,0.0,0.0,20,0.4304,0.4343,30,0.4248,0.4335,0.0,0.0,0.0,0.0,227
2023-05-10 09:38:06,OP90002178,沪深300ETF沽12月4500,0.0,0.0,0.0,0.0,20,0.4298,0.4335,20,0.4248,0.4335,0.0,0.0,0.0,0.0,227
2023-05-10 09:38:07,OP90002178,沪深300ETF沽12月4500,0.0,0.0,0.0,0.0,20,0.4298,0.4335,40,0.4248,0.4335,0.0,0.0,0.0,0.0,227
2023-05-10 09:38:07,OP90002178,沪深300ETF沽12月4500,0.0,0.0,0.0,0.0,20,0.4298,0.4334,10,0.4248,0.4335,0.0,0.0,0.0,0.0,227
2023-05-10 09:38:08,OP90002178,沪深300ETF沽12月4500,0.0,0.0,0.0,0.0,10,0.4294,0.4334,30,0.4248,0.4335,0.0,0.0,0.0,0.0,227
2023-05-10 09:38:09,OP90002178,沪深300ETF沽12月4500,0.0,0.0,0.0,0.0,10,0.4294,0.4334,30,0.4248,0.4335,0.0,0.0,0.0,0.0,227
2023-05-10 09:38:09,OP90002178,沪深300ETF沽12月4500,0.0,0.0,0.0,0.0,20,0.4293,0.4334,30,0.4248,0.4335,0.0,0.0,0.0,0.0,227
2023-05-10 09:38:10,OP90002178,沪深300ETF沽12月4500,0.0,0.0,0.0,0.0,20,0.4293,0.4334,30,0.4248,0.4335,0.0,0.0,0.0,0.0,227
2023-05-10 09:38:11,OP90002178,沪深300ETF沽12月4500,0.0,0.0,0.0,0.0,20,0.4293,0.4334,20,0.4248,0.4335,0.0,0.0,0.0,0.0,227
2023-05-10 09:38:11,OP90002178,沪深300ETF沽12月4500,0.0,0.0,0.0,0.0,20,0.4293,0.4334,20,0.4248,0.4335,0.0,0.0,0.0,0.0,227
2023-05-10 09:38:12,OP90002178,沪深300ETF沽12月4500,0.0,0.0,0.0,0.0,20,0.4293,0.4333,10,0.4248,0.4335,0.0,0.0,0.0,0.0,227
2023-05-10 09:38:12,OP90002178,沪深300ETF沽12月4500,0.0,0.0,0.0,0.0,20,0.4285,0.4324,20,0.4248,0.4335,0.0,0.0,0.0,0.0,227
2023-05-10 09:38:13,OP90002178,沪深300ETF沽12月4500,0.0,0.0,0.0,0.0,20,0.4285,0.4324,40,0.4248,0.4335,0.0,0.0,0.0,0.0,227
2023-05-10 09:38:13,OP90002178,沪深300ETF沽12月4500,0.0,0.0,0.0,0.0,20,0.4285,0.4323,10,0.4248,0.4335,0.0,0.0,0.0,0.0,227
2023-05-10 09:38:14,OP90002178,沪深300ETF沽12月4500,0.0,0.0,0.0,0.0,20,0.4285,0.4324,40,0.4248,0.4335,0.0,0.0,0.0,0.0,227
2023-05-10 09:38:14,OP90002178,沪深300ETF沽12月4500,0.0,0.0,0.0,0.0,20,0.4285,0.4324,40,0.4248,0.4335,0.0,0.0,0.0,0.0,227
2023-05-10 09:38:15,OP90002178,沪深300ETF沽12月4500,0.0,0.0,0.0,0.0,20,0.4291,0.4324,20,0.4248,0.4335,0.0,0.0,0.0,0.0,227
2023-05-10 09:38:15,OP90002178,沪深300ETF沽12月4500,0.0,0.0,0.0,0.0,20,0.4297,0.4333,20,0.4248,0.4335,0.0,0.0,0.0,0.0,227
2023-05-10 09:38:16,OP90002178,沪深300ETF沽12月4500,0.0,0.0,0.0,0.0,20,0.4297,0.4333,20,0.4248,0.4335,0.0,0.0,0.0,0.0,227
2023-05-10 09:38:16,OP90002178,沪深300ETF沽12月4500,0.0,0.0,0.0,0.0,20,0.4297,0.4333,20,0.4248,0.4335,0.0,0.0,0.0,0.0,227
2023-05-10 09:38:17,OP90002178,沪深300ETF沽12月4500,0.0,0.0,0.0,0.0,20,0.4297,0.4333,30,0.4248,0.4335,0.0,0.0,0.0,0.0,227
2023-05-10 09:38:20,OP90002178,沪深300ETF沽12月4500,0.0,0.0,0.0,0.0,20,0.4291,0.4333,30,0.4248,0.4335,0.0,0.0,0.0,0.0,227
2023-05-10 09:38:20,OP90002178,沪深300ETF沽12月4500,0.0,0.0,0.0,0.0,20,0.4291,0.4333,30,0.4248,0.4335,0.0,0.0,0.0,0.0,227
2023-05-10 09:38:22,OP90002178,沪深300ETF沽12月4500,0.0,0.0,0.0,0.0,20,0.4291,0.4333,20,0.4248,0.4335,0.0,0.0,0.0,0.0,227
2023-05-10 09:38:22,OP90002178,沪深300ETF沽12月4500,0.0,0.0,0.0,0.0,20,0.4291,0.4333,20,0.4248,0.4335,0.0,0.0,0.0,0.0,227
2023-05-10 09:38:23,OP90002178,沪深300ETF沽12月4500,0.0,0.0,0.0,0.0,20,0.4291,0.4332,10,0.4248,0.4335,0.0,0.0,0.0,0.0,227
2023-05-10 09:38:23,OP90002178,沪深300ETF沽12月4500,0.0,0.0,0.0,0.0,20,0.4291,0.4333,20,0.4248,0.4335,0.0,0.0,0.0,0.0,227
2023-05-10 09:38:24,OP90002178,沪深300ETF沽12月4500,0.0,0.0,0.0,0.0,20,0.4291,0.4333,20,0.4248,0.4335,0.0,0.0,0.0,0.0,227
2023-05-10 09:38:24,OP90002178,沪深300ETF沽12月4500,0.0,0.0,0.0,0.0,20,0.4291,0.4334,40,0.4248,0.4335,0.0,0.0,0.0,0.0,227
2023-05-10 09:38:25,OP90002178,沪深300ETF沽12月4500,0.0,0.0,0.0,0.0,20,0.4291,0.4333,10,0.4248,0.4335,0.0,0.0,0.0,0.0,227
2023-05-10 09:38:25,OP90002178,沪深300ETF沽12月4500,0.0,0.0,0.0,0.0,20,0.4291,0.4334,40,0.4248,0.4335,0.0,0.0,0.0,0.0,227
2023-05-10 09:38:26,OP90002178,沪深300ETF沽12月4500,0.0,0.0,0.0,0.0,20,0.4291,0.4334,40,0.4248,0.4335,0.0,0.0,0.0,0.0,227
2023-05-10 09:38:26,OP90002178,沪深300ETF沽12月4500,0.0,0.0,0.0,0.0,20,0.4291,0.4333,10,0.4248,0.4335,0.0,0.0,0.0,0.0,227
2023-05-10 09:38:31,OP90002178,沪深300ETF沽12月4500,0.0,0.0,0.0,0.0,20,0.4291,0.4334,40,0.4248,0.4335,0.0,0.0,0.0,0.0,227
2023-05-10 09:38:33,OP90002178,沪深300ETF沽12月4500,0.0,0.0,0.0,0.0,20,0.4291,0.4333,10,0.4248,0.4335,0.0,0.0,0.0,0.0,227
2023-05-10 09:38:34,OP90002178,沪深300ETF沽12月4500,0.0,0.0,0.0,0.0,20,0.4291,0.4333,10,0.4248,0.4335,0.0,0.0,0.0,0.0,227
2023-05-10 09:38:36,OP90002178,沪深300ETF沽12月4500,0.0,0.0,0.0,0.0,20,0.4291,0.4333,30,0.4248,0.4335,0.0,0.0,0.0,0.0,227
2023-05-10 09:38:37,OP90002178,沪深300ETF沽12月4500,0.0,0.0,0.0,0.0,20,0.4291,0.4333,30,0.4248,0.4335,0.0,0.0,0.0,0.0,227
2023-05-10 09:38:39,OP90002178,沪深300ETF沽12月4500,0.0,0.0,0.0,0.0,20,0.4291,0.4333,30,0.4248,0.4335,0.0,0.0,0.0,0.0,227
2023-05-10 09:38:41,OP90002178,沪深300ETF沽12月4500,0.0,0.0,0.0,0.0,40,0.4291,0.4333,20,0.4248,0.4335,0.0,0.0,0.0,0.0,227
2023-05-10 09:38:41,OP90002178,沪深300ETF沽12月4500,0.0,0.0,0.0,0.0,40,0.4291,0.4333,20,0.4248,0.4335,0.0,0.0,0.0,0.0,227
2023-05-10 09:38:42,OP90002178,沪深300ETF沽12月4500,0.0,0.0,0.0,0.0,40,0.4291,0.4333,20,0.4248,0.4335,0.0,0.0,0.0,0.0,227
2023-05-10 09:38:43,OP90002178,沪深300ETF沽12月4500,0.0,0.0,0.0,0.0,40,0.4291,0.4333,20,0.4248,0.4335,0.0,0.0,0.0,0.0,227
2023-05-10 09:38:43,OP90002178,沪深300ETF沽12月4500,0.0,0.0,0.0,0.0,40,0.4291,0.4332,10,0.4248,0.4335,0.0,0.0,0.0,0.0,227
2023-05-10 09:38:44,OP90002178,沪深300ETF沽12月4500,0.0,0.0,0.0,0.0,40,0.4291,0.4332,10,0.4248,0.4335,0.0,0.0,0.0,0.0,227
2023-05-10 09:38:45,OP90002178,沪深300ETF沽12月4500,0.0,0.0,0.0,0.0,40,0.4291,0.4333,20,0.4248,0.4335,0.0,0.0,0.0,0.0,227
2023-05-10 09:38:45,OP90002178,沪深300ETF沽12月4500,0.0,0.0,0.0,0.0,40,0.4291,0.4332,10,0.4248,0.4335,0.0,0.0,0.0,0.0,227
2023-05-10 09:38:46,OP90002178,沪深300ETF沽12月4500,0.0,0.0,0.0,0.0,40,0.4291,0.4333,20,0.4248,0.4335,0.0,0.0,0.0,0.0,227
2023-05-10 09:38:46,OP90002178,沪深300ETF沽12月4500,0.0,0.0,0.0,0.0,40,0.4291,0.4333,20,0.4248,0.4335,0.0,0.0,0.0,0.0,227
2023-05-10 09:38:47,OP90002178,沪深300ETF沽12月4500,0.0,0.0,0.0,0.0,40,0.4291,0.4332,10,0.4248,0.4335,0.0,0.0,0.0,0.0,227
2023-05-10 09:38:47,OP90002178,沪深300ETF沽12月4500,0.0,0.0,0.0,0.0,40,0.4291,0.4333,20,0.4248,0.4335,0.0,0.0,0.0,0.0,227
2023-05-10 09:38:49,OP90002178,沪深300ETF沽12月4500,0.0,0.0,0.0,0.0,40,0.4291,0.4332,10,0.4248,0.4335,0.0,0.0,0.0,0.0,227
2023-05-10 09:38:51,OP90002178,沪深300ETF沽12月4500,0.0,0.0,0.0,0.0,40,0.4291,0.4332,10,0.4248,0.4335,0.0,0.0,0.0,0.0,227
2023-05-10 09:38:52,OP90002178,沪深300ETF沽12月4500,0.0,0.0,0.0,0.0,40,0.4291,0.4332,10,0.4248,0.4335,0.0,0.0,0.0,0.0,227
2023-05-10 09:38:53,OP90002178,沪深300ETF沽12月4500,0.0,0.0,0.0,0.0,20,0.4291,0.4332,30,0.4248,0.4335,0.0,0.0,0.0,0.0,227
2023-05-10 09:38:53,OP90002178,沪深300ETF沽12月4500,0.0,0.0,0.0,0.0,20,0.4291,0.4332,20,0.4248,0.4335,0.0,0.0,0.0,0.0,227
2023-05-10 09:38:54,OP90002178,沪深300ETF沽12月4500,0.0,0.0,0.0,0.0,20,0.4291,0.4331,10,0.4248,0.4335,0.0,0.0,0.0,0.0,227
2023-05-10 09:38:55,OP90002178,沪深300ETF沽12月4500,0.0,0.0,0.0,0.0,20,0.4291,0.4331,10,0.4248,0.4335,0.0,0.0,0.0,0.0,227
2023-05-10 09:39:01,OP90002178,沪深300ETF沽12月4500,0.0,0.0,0.0,0.0,20,0.4291,0.4332,20,0.4248,0.4335,0.0,0.0,0.0,0.0,227
2023-05-10 09:39:01,OP90002178,沪深300ETF沽12月4500,0.0,0.0,0.0,0.0,20,0.4291,0.4331,10,0.4248,0.4335,0.0,0.0,0.0,0.0,227
2023-05-10 09:39:02,OP90002178,沪深300ETF沽12月4500,0.0,0.0,0.0,0.0,20,0.4291,0.4332,20,0.4248,0.4335,0.0,0.0,0.0,0.0,227
2023-05-10 09:39:02,OP90002178,沪深300ETF沽12月4500,0.0,0.0,0.0,0.0,20,0.4291,0.4332,20,0.4248,0.4335,0.0,0.0,0.0,0.0,227
2023-05-10 09:39:03,OP90002178,沪深300ETF沽12月4500,0.0,0.0,0.0,0.0,20,0.4291,0.4331,10,0.4248,0.4335,0.0,0.0,0.0,0.0,227
2023-05-10 09:39:06,OP90002178,沪深300ETF沽12月4500,0.0,0.0,0.0,0.0,20,0.4291,0.4331,10,0.4248,0.4335,0.0,0.0,0.0,0.0,227
2023-05-10 09:39:08,OP90002178,沪深300ETF沽12月4500,0.0,0.0,0.0,0.0,20,0.4286,0.432,20,0.4248,0.4335,0.0,0.0,0.0,0.0,227
2023-05-10 09:39:09,OP90002178,沪深300ETF沽12月4500,0.0,0.0,0.0,0.0,10,0.4283,0.432,40,0.4248,0.4335,0.0,0.0,0.0,0.0,227
2023-05-10 09:39:09,OP90002178,沪深300ETF沽12月4500,0.0,0.0,0.0,0.0,20,0.4278,0.432,40,0.4248,0.4335,0.0,0.0,0.0,0.0,227
2023-05-10 09:39:10,OP90002178,沪深300ETF沽12月4500,0.0,0.0,0.0,0.0,20,0.4278,0.4319,20,0.4248,0.4335,0.0,0.0,0.0,0.0,227
2023-05-10 09:39:10,OP90002178,沪深300ETF沽12月4500,0.0,0.0,0.0,0.0,20,0.4278,0.4318,10,0.4248,0.4335,0.0,0.0,0.0,0.0,227
2023-05-10 09:39:11,OP90002178,沪深300ETF沽12月4500,0.0,0.0,0.0,0.0,20,0.4278,0.4318,10,0.4248,0.4335,0.0,0.0,0.0,0.0,227
2023-05-10 09:39:11,OP90002178,沪深300ETF沽12月4500,0.0,0.0,0.0,0.0,20,0.4278,0.4318,30,0.4248,0.4335,0.0,0.0,0.0,0.0,227
2023-05-10 09:39:12,OP90002178,沪深300ETF沽12月4500,0.0,0.0,0.0,0.0,20,0.4278,0.4318,30,0.4248,0.4335,0.0,0.0,0.0,0.0,227
2023-05-10 09:39:12,OP90002178,沪深300ETF沽12月4500,0.0,0.0,0.0,0.0,20,0.4278,0.4318,30,0.4248,0.4335,0.0,0.0,0.0,0.0,227
2023-05-10 09:39:13,OP90002178,沪深300ETF沽12月4500,0.0,0.0,0.0,0.0,20,0.427,0.4311,20,0.4248,0.4335,0.0,0.0,0.0,0.0,227
2023-05-10 09:39:13,OP90002178,沪深300ETF沽12月4500,0.0,0.0,0.0,0.0,20,0.427,0.4311,40,0.4248,0.4335,0.0,0.0,0.0,0.0,227
2023-05-10 09:39:14,OP90002178,沪深300ETF沽12月4500,0.0,0.0,0.0,0.0,20,0.427,0.4311,40,0.4248,0.4335,0.0,0.0,0.0,0.0,227
2023-05-10 09:39:15,OP90002178,沪深300ETF沽12月4500,0.0,0.0,0.0,0.0,20,0.427,0.431,10,0.4248,0.4335,0.0,0.0,0.0,0.0,227
2023-05-10 09:39:15,OP90002178,沪深300ETF沽12月4500,0.0,0.0,0.0,0.0,20,0.427,0.4311,40,0.4248,0.4335,0.0,0.0,0.0,0.0,227
2023-05-10 09:39:16,OP90002178,沪深300ETF沽12月4500,0.0,0.0,0.0,0.0,20,0.427,0.4311,40,0.4248,0.4335,0.0,0.0,0.0,0.0,227
2023-05-10 09:39:17,OP90002178,沪深300ETF沽12月4500,0.0,0.0,0.0,0.0,20,0.427,0.4311,40,0.4248,0.4335,0.0,0.0,0.0,0.0,227
2023-05-10 09:39:19,OP90002178,沪深300ETF沽12月4500,0.0,0.0,0.0,0.0,20,0.4278,0.4311,20,0.4248,0.4335,0.0,0.0,0.0,0.0,227
2023-05-10 09:39:19,OP90002178,沪深300ETF沽12月4500,0.0,0.0,0.0,0.0,20,0.4278,0.4319,30,0.4248,0.4335,0.0,0.0,0.0,0.0,227
2023-05-10 09:39:20,OP90002178,沪深300ETF沽12月4500,0.0,0.0,0.0,0.0,20,0.4278,0.4319,30,0.4248,0.4335,0.0,0.0,0.0,0.0,227
2023-05-10 09:39:20,OP90002178,沪深300ETF沽12月4500,0.0,0.0,0.0,0.0,20,0.4278,0.4318,10,0.4248,0.4335,0.0,0.0,0.0,0.0,227
2023-05-10 09:39:27,OP90002178,沪深300ETF沽12月4500,0.0,0.0,0.0,0.0,20,0.4278,0.4319,20,0.4248,0.4335,0.0,0.0,0.0,0.0,227
2023-05-10 09:39:28,OP90002178,沪深300ETF沽12月4500,0.0,0.0,0.0,0.0,20,0.4278,0.4319,20,0.4248,0.4335,0.0,0.0,0.0,0.0,227
2023-05-10 09:39:29,OP90002178,沪深300ETF沽12月4500,0.0,0.0,0.0,0.0,20,0.4278,0.4319,20,0.4248,0.4335,0.0,0.0,0.0,0.0,227
2023-05-10 09:39:29,OP90002178,沪深300ETF沽12月4500,0.0,0.0,0.0,0.0,20,0.4278,0.4319,20,0.4248,0.4335,0.0,0.0,0.0,0.0,227
2023-05-10 09:39:30,OP90002178,沪深300ETF沽12月4500,0.0,0.0,0.0,0.0,20,0.4278,0.4319,20,0.4248,0.4335,0.0,0.0,0.0,0.0,227
2023-05-10 09:39:31,OP90002178,沪深300ETF沽12月4500,0.0,0.0,0.0,0.0,20,0.4278,0.4319,20,0.4248,0.4335,0.0,0.0,0.0,0.0,227
2023-05-10 09:39:31,OP90002178,沪深300ETF沽12月4500,0.0,0.0,0.0,0.0,20,0.4278,0.4318,10,0.4248,0.4335,0.0,0.0,0.0,0.0,227
2023-05-10 09:39:32,OP90002178,沪深300ETF沽12月4500,0.0,0.0,0.0,0.0,20,0.4278,0.4319,20,0.4248,0.4335,0.0,0.0,0.0,0.0,227
2023-05-10 09:39:32,OP90002178,沪深300ETF沽12月4500,0.0,0.0,0.0,0.0,20,0.4278,0.4319,30,0.4248,0.4335,0.0,0.0,0.0,0.0,227
2023-05-10 09:39:36,OP90002178,沪深300ETF沽12月4500,0.0,0.0,0.0,0.0,20,0.4288,0.4319,20,0.4248,0.4335,0.0,0.0,0.0,0.0,227
2023-05-10 09:39:36,OP90002178,沪深300ETF沽12月4500,0.0,0.0,0.0,0.0,20,0.4288,0.4319,20,0.4248,0.4335,0.0,0.0,0.0,0.0,227
2023-05-10 09:39:38,OP90002178,沪深300ETF沽12月4500,0.0,0.0,0.0,0.0,20,0.4278,0.4318,10,0.4248,0.4335,0.0,0.0,0.0,0.0,227
2023-05-10 09:39:38,OP90002178,沪深300ETF沽12月4500,0.0,0.0,0.0,0.0,20,0.4278,0.4318,10,0.4248,0.4335,0.0,0.0,0.0,0.0,227
2023-05-10 09:39:39,OP90002178,沪深300ETF沽12月4500,0.0,0.0,0.0,0.0,20,0.4278,0.4318,30,0.4248,0.4335,0.0,0.0,0.0,0.0,227
2023-05-10 09:39:39,OP90002178,沪深300ETF沽12月4500,0.0,0.0,0.0,0.0,20,0.4278,0.4318,30,0.4248,0.4335,0.0,0.0,0.0,0.0,227
2023-05-10 09:39:40,OP90002178,沪深300ETF沽12月4500,0.0,0.0,0.0,0.0,20,0.4278,0.4318,30,0.4248,0.4335,0.0,0.0,0.0,0.0,227
2023-05-10 09:39:41,OP90002178,沪深300ETF沽12月4500,0.0,0.0,0.0,0.0,20,0.4278,0.4318,30,0.4248,0.4335,0.0,0.0,0.0,0.0,227
2023-05-10 09:39:44,OP90002178,沪深300ETF沽12月4500,0.0,0.0,0.0,0.0,20,0.4278,0.4318,20,0.4248,0.4335,0.0,0.0,0.0,0.0,227
2023-05-10 09:39:45,OP90002178,沪深300ETF沽12月4500,0.0,0.0,0.0,0.0,20,0.4278,0.4317,10,0.4248,0.4335,0.0,0.0,0.0,0.0,227
2023-05-10 09:39:45,OP90002178,沪深300ETF沽12月4500,0.0,0.0,0.0,0.0,20,0.4278,0.4318,20,0.4248,0.4335,0.0,0.0,0.0,0.0,227
2023-05-10 09:39:49,OP90002178,沪深300ETF沽12月4500,0.0,0.0,0.0,0.0,40,0.4278,0.432,30,0.4248,0.4335,0.0,0.0,0.0,0.0,227
2023-05-10 09:39:50,OP90002178,沪深300ETF沽12月4500,0.0,0.0,0.0,0.0,40,0.4278,0.432,20,0.4248,0.4335,0.0,0.0,0.0,0.0,227
2023-05-10 09:39:51,OP90002178,沪深300ETF沽12月4500,0.0,0.0,0.0,0.0,40,0.4278,0.432,30,0.4248,0.4335,0.0,0.0,0.0,0.0,227
2023-05-10 09:39:52,OP90002178,沪深300ETF沽12月4500,0.0,0.0,0.0,0.0,20,0.429,0.432,20,0.4248,0.4335,0.0,0.0,0.0,0.0,227
2023-05-10 09:39:53,OP90002178,沪深300ETF沽12月4500,0.0,0.0,0.0,0.0,20,0.429,0.4323,20,0.4248,0.4335,0.0,0.0,0.0,0.0,227
2023-05-10 09:39:53,OP90002178,沪深300ETF沽12月4500,0.0,0.0,0.0,0.0,20,0.429,0.4323,20,0.4248,0.4335,0.0,0.0,0.0,0.0,227
2023-05-10 09:39:54,OP90002178,沪深300ETF沽12月4500,0.0,0.0,0.0,0.0,20,0.429,0.4323,20,0.4248,0.4335,0.0,0.0,0.0,0.0,227
2023-05-10 09:39:54,OP90002178,沪深300ETF沽12月4500,0.0,0.0,0.0,0.0,20,0.429,0.4322,10,0.4248,0.4335,0.0,0.0,0.0,0.0,227
2023-05-10 09:39:55,OP90002178,沪深300ETF沽12月4500,0.0,0.0,0.0,0.0,10,0.4284,0.4319,20,0.4248,0.4335,0.0,0.0,0.0,0.0,227
2023-05-10 09:39:55,OP90002178,沪深300ETF沽12月4500,0.0,0.0,0.0,0.0,10,0.4279,0.4319,40,0.4248,0.4335,0.0,0.0,0.0,0.0,227
2023-05-10 09:39:56,OP90002178,沪深300ETF沽12月4500,0.0,0.0,0.0,0.0,10,0.4279,0.4319,40,0.4248,0.4335,0.0,0.0,0.0,0.0,227
2023-05-10 09:39:56,OP90002178,沪深300ETF沽12月4500,0.0,0.0,0.0,0.0,20,0.4276,0.4319,40,0.4248,0.4335,0.0,0.0,0.0,0.0,227
2023-05-10 09:39:57,OP90002178,沪深300ETF沽12月4500,0.0,0.0,0.0,0.0,20,0.4276,0.4319,40,0.4248,0.4335,0.0,0.0,0.0,0.0,227
2023-05-10 09:39:57,OP90002178,沪深300ETF沽12月4500,0.0,0.0,0.0,0.0,20,0.4276,0.4319,40,0.4248,0.4335,0.0,0.0,0.0,0.0,227
2023-05-10 09:39:58,OP90002178,沪深300ETF沽12月4500,0.0,0.0,0.0,0.0,20,0.4276,0.4319,50,0.4248,0.4335,0.0,0.0,0.0,0.0,227
2023-05-10 09:40:01,OP90002178,沪深300ETF沽12月4500,0.0,0.0,0.0,0.0,20,0.4276,0.4319,50,0.4248,0.4335,0.0,0.0,0.0,0.0,227
2023-05-10 09:40:01,OP90002178,沪深300ETF沽12月4500,0.0,0.0,0.0,0.0,20,0.4276,0.4319,50,0.4248,0.4335,0.0,0.0,0.0,0.0,227
2023-05-10 09:40:02,OP90002178,沪深300ETF沽12月4500,0.0,0.0,0.0,0.0,20,0.4276,0.4319,50,0.4248,0.4335,0.0,0.0,0.0,0.0,227
2023-05-10 09:40:02,OP90002178,沪深300ETF沽12月4500,0.0,0.0,0.0,0.0,20,0.4286,0.4319,30,0.4248,0.4335,0.0,0.0,0.0,0.0,227
2023-05-10 09:40:03,OP90002178,沪深300ETF沽12月4500,0.0,0.0,0.0,0.0,20,0.4286,0.4319,20,0.4248,0.4335,0.0,0.0,0.0,0.0,227
2023-05-10 09:40:03,OP90002178,沪深300ETF沽12月4500,0.0,0.0,0.0,0.0,20,0.4286,0.4319,20,0.4248,0.4335,0.0,0.0,0.0,0.0,227
2023-05-10 09:40:04,OP90002178,沪深300ETF沽12月4500,0.0,0.0,0.0,0.0,20,0.4286,0.4319,20,0.4248,0.4335,0.0,0.0,0.0,0.0,227
2023-05-10 09:40:05,OP90002178,沪深300ETF沽12月4500,0.0,0.0,0.0,0.0,20,0.4286,0.4322,40,0.4248,0.4335,0.0,0.0,0.0,0.0,227
2023-05-10 09:40:06,OP90002178,沪深300ETF沽12月4500,0.0,0.0,0.0,0.0,40,0.4286,0.4322,20,0.4248,0.4335,0.0,0.0,0.0,0.0,227
2023-05-10 09:40:06,OP90002178,沪深300ETF沽12月4500,0.0,0.0,0.0,0.0,20,0.4296,0.4322,20,0.4248,0.4335,0.0,0.0,0.0,0.0,227
2023-05-10 09:40:07,OP90002178,沪深300ETF沽12月4500,0.0,0.0,0.0,0.0,20,0.4296,0.4322,30,0.4248,0.4335,0.0,0.0,0.0,0.0,227
2023-05-10 09:40:07,OP90002178,沪深300ETF沽12月4500,0.0,0.0,0.0,0.0,20,0.4296,0.4322,20,0.4248,0.4335,0.0,0.0,0.0,0.0,227
2023-05-10 09:40:09,OP90002178,沪深300ETF沽12月4500,0.0,0.0,0.0,0.0,20,0.4296,0.4322,20,0.4248,0.4335,0.0,0.0,0.0,0.0,227
2023-05-10 09:40:09,OP90002178,沪深300ETF沽12月4500,0.0,0.0,0.0,0.0,20,0.4296,0.4321,10,0.4248,0.4335,0.0,0.0,0.0,0.0,227
2023-05-10 09:40:10,OP90002178,沪深300ETF沽12月4500,0.0,0.0,0.0,0.0,40,0.4286,0.4321,10,0.4248,0.4335,0.0,0.0,0.0,0.0,227
2023-05-10 09:40:10,OP90002178,沪深300ETF沽12月4500,0.0,0.0,0.0,0.0,40,0.4286,0.4321,10,0.4248,0.4335,0.0,0.0,0.0,0.0,227
2023-05-10 09:40:11,OP90002178,沪深300ETF沽12月4500,0.0,0.0,0.0,0.0,20,0.4286,0.4321,10,0.4248,0.4335,0.0,0.0,0.0,0.0,227
2023-05-10 09:40:11,OP90002178,沪深300ETF沽12月4500,0.0,0.0,0.0,0.0,20,0.4286,0.4321,10,0.4248,0.4335,0.0,0.0,0.0,0.0,227
2023-05-10 09:40:12,OP90002178,沪深300ETF沽12月4500,0.0,0.0,0.0,0.0,20,0.4286,0.4321,10,0.4248,0.4335,0.0,0.0,0.0,0.0,227
2023-05-10 09:40:12,OP90002178,沪深300ETF沽12月4500,0.0,0.0,0.0,0.0,20,0.4286,0.4321,30,0.4248,0.4335,0.0,0.0,0.0,0.0,227
2023-05-10 09:40:13,OP90002178,沪深300ETF沽12月4500,0.0,0.0,0.0,0.0,20,0.4286,0.4321,30,0.4248,0.4335,0.0,0.0,0.0,0.0,227
2023-05-10 09:40:13,OP90002178,沪深300ETF沽12月4500,0.0,0.0,0.0,0.0,20,0.4286,0.4321,30,0.4248,0.4335,0.0,0.0,0.0,0.0,227
2023-05-10 09:40:14,OP90002178,沪深300ETF沽12月4500,0.0,0.0,0.0,0.0,20,0.4286,0.4321,30,0.4248,0.4335,0.0,0.0,0.0,0.0,227
2023-05-10 09:40:19,OP90002178,沪深300ETF沽12月4500,0.0,0.0,0.0,0.0,20,0.4286,0.4321,20,0.4248,0.4335,0.0,0.0,0.0,0.0,227
2023-05-10 09:40:20,OP90002178,沪深300ETF沽12月4500,0.0,0.0,0.0,0.0,20,0.4286,0.432,10,0.4248,0.4335,0.0,0.0,0.0,0.0,227
2023-05-10 09:40:20,OP90002178,沪深300ETF沽12月4500,0.0,0.0,0.0,0.0,20,0.4286,0.4321,20,0.4248,0.4335,0.0,0.0,0.0,0.0,227
2023-05-10 09:40:21,OP90002178,沪深300ETF沽12月4500,0.0,0.0,0.0,0.0,20,0.4286,0.4321,20,0.4248,0.4335,0.0,0.0,0.0,0.0,227
2023-05-10 09:40:22,OP90002178,沪深300ETF沽12月4500,0.0,0.0,0.0,0.0,20,0.4286,0.432,10,0.4248,0.4335,0.0,0.0,0.0,0.0,227
2023-05-10 09:40:22,OP90002178,沪深300ETF沽12月4500,0.0,0.0,0.0,0.0,20,0.4286,0.4321,20,0.4248,0.4335,0.0,0.0,0.0,0.0,227
2023-05-10 09:40:23,OP90002178,沪深300ETF沽12月4500,0.0,0.0,0.0,0.0,20,0.4286,0.4321,20,0.4248,0.4335,0.0,0.0,0.0,0.0,227
2023-05-10 09:40:23,OP90002178,沪深300ETF沽12月4500,0.0,0.0,0.0,0.0,20,0.4286,0.4321,20,0.4248,0.4335,0.0,0.0,0.0,0.0,227
2023-05-10 09:40:24,OP90002178,沪深300ETF沽12月4500,0.0,0.0,0.0,0.0,20,0.4286,0.432,10,0.4248,0.4335,0.0,0.0,0.0,0.0,227
2023-05-10 09:40:24,OP90002178,沪深300ETF沽12月4500,0.0,0.0,0.0,0.0,20,0.4286,0.4321,20,0.4248,0.4335,0.0,0.0,0.0,0.0,227
2023-05-10 09:40:25,OP90002178,沪深300ETF沽12月4500,0.0,0.0,0.0,0.0,20,0.4286,0.4321,20,0.4248,0.4335,0.0,0.0,0.0,0.0,227
2023-05-10 09:40:25,OP90002178,沪深300ETF沽12月4500,0.0,0.0,0.0,0.0,40,0.4286,0.4322,30,0.4248,0.4335,0.0,0.0,0.0,0.0,227
2023-05-10 09:40:26,OP90002178,沪深300ETF沽12月4500,0.0,0.0,0.0,0.0,20,0.4295,0.4322,20,0.4248,0.4335,0.0,0.0,0.0,0.0,227
2023-05-10 09:40:26,OP90002178,沪深300ETF沽12月4500,0.0,0.0,0.0,0.0,60,0.4295,0.4325,20,0.4248,0.4335,0.0,0.0,0.0,0.0,227
2023-05-10 09:40:27,OP90002178,沪深300ETF沽12月4500,0.0,0.0,0.0,0.0,60,0.4295,0.4325,20,0.4248,0.4335,0.0,0.0,0.0,0.0,227
2023-05-10 09:40:27,OP90002178,沪深300ETF沽12月4500,0.0,0.0,0.0,0.0,40,0.4295,0.4332,30,0.4248,0.4335,0.0,0.0,0.0,0.0,227
2023-05-10 09:40:28,OP90002178,沪深300ETF沽12月4500,0.0,0.0,0.0,0.0,40,0.4295,0.4332,30,0.4248,0.4335,0.0,0.0,0.0,0.0,227
2023-05-10 09:40:28,OP90002178,沪深300ETF沽12月4500,0.0,0.0,0.0,0.0,40,0.4295,0.4332,30,0.4248,0.4335,0.0,0.0,0.0,0.0,227
2023-05-10 09:40:29,OP90002178,沪深300ETF沽12月4500,0.0,0.0,0.0,0.0,40,0.4295,0.4332,30,0.4248,0.4335,0.0,0.0,0.0,0.0,227
2023-05-10 09:40:29,OP90002178,沪深300ETF沽12月4500,0.0,0.0,0.0,0.0,40,0.4295,0.4332,30,0.4248,0.4335,0.0,0.0,0.0,0.0,227
2023-05-10 09:40:30,OP90002178,沪深300ETF沽12月4500,0.0,0.0,0.0,0.0,40,0.4295,0.4332,30,0.4248,0.4335,0.0,0.0,0.0,0.0,227
2023-05-10 09:40:31,OP90002178,沪深300ETF沽12月4500,0.0,0.0,0.0,0.0,40,0.4295,0.4332,20,0.4248,0.4335,0.0,0.0,0.0,0.0,227
2023-05-10 09:40:32,OP90002178,沪深300ETF沽12月4500,0.0,0.0,0.0,0.0,20,0.4307,0.4332,20,0.4248,0.4335,0.0,0.0,0.0,0.0,227
2023-05-10 09:40:32,OP90002178,沪深300ETF沽12月4500,0.0,0.0,0.0,0.0,20,0.4307,0.4335,20,0.4248,0.4335,0.0,0.0,0.0,0.0,227
2023-05-10 09:40:33,OP90002178,沪深300ETF沽12月4500,0.0,0.0,0.0,0.0,20,0.4307,0.4335,20,0.4248,0.4335,0.0,0.0,0.0,0.0,227
2023-05-10 09:40:33,OP90002178,沪深300ETF沽12月4500,0.0,0.0,0.0,0.0,20,0.4307,0.4339,10,0.4248,0.4335,0.0,0.0,0.0,0.0,227
2023-05-10 09:40:34,OP90002178,沪深300ETF沽12月4500,0.0,0.0,0.0,0.0,20,0.4307,0.4339,10,0.4248,0.4335,0.0,0.0,0.0,0.0,227
2023-05-10 09:40:34,OP90002178,沪深300ETF沽12月4500,0.0,0.0,0.0,0.0,20,0.4307,0.4343,10,0.4248,0.4335,0.0,0.0,0.0,0.0,227
2023-05-10 09:40:35,OP90002178,沪深300ETF沽12月4500,0.0,0.0,0.0,0.0,20,0.4307,0.4343,10,0.4248,0.4335,0.0,0.0,0.0,0.0,227
2023-05-10 09:40:39,OP90002178,沪深300ETF沽12月4500,0.0,0.0,0.0,0.0,20,0.4307,0.4343,30,0.4248,0.4335,0.0,0.0,0.0,0.0,227
2023-05-10 09:40:40,OP90002178,沪深300ETF沽12月4500,0.0,0.0,0.0,0.0,10,0.4299,0.4337,20,0.4248,0.4335,0.0,0.0,0.0,0.0,227
2023-05-10 09:40:40,OP90002178,沪深300ETF沽12月4500,0.0,0.0,0.0,0.0,30,0.4295,0.4335,20,0.4248,0.4335,0.0,0.0,0.0,0.0,227
2023-05-10 09:40:41,OP90002178,沪深300ETF沽12月4500,0.0,0.0,0.0,0.0,10,0.4295,0.4335,60,0.4248,0.4335,0.0,0.0,0.0,0.0,227
2023-05-10 09:40:41,OP90002178,沪深300ETF沽12月4500,0.0,0.0,0.0,0.0,20,0.4294,0.4335,60,0.4248,0.4335,0.0,0.0,0.0,0.0,227
2023-05-10 09:40:42,OP90002178,沪深300ETF沽12月4500,0.0,0.0,0.0,0.0,20,0.4294,0.4334,10,0.4248,0.4335,0.0,0.0,0.0,0.0,227
2023-05-10 09:40:42,OP90002178,沪深300ETF沽12月4500,0.0,0.0,0.0,0.0,20,0.4294,0.4334,10,0.4248,0.4335,0.0,0.0,0.0,0.0,227
2023-05-10 09:40:43,OP90002178,沪深300ETF沽12月4500,0.0,0.0,0.0,0.0,20,0.4294,0.4334,10,0.4248,0.4335,0.0,0.0,0.0,0.0,227
2023-05-10 09:40:43,OP90002178,沪深300ETF沽12月4500,0.0,0.0,0.0,0.0,20,0.4294,0.4334,10,0.4248,0.4335,0.0,0.0,0.0,0.0,227
2023-05-10 09:40:44,OP90002178,沪深300ETF沽12月4500,0.0,0.0,0.0,0.0,20,0.4294,0.4334,10,0.4248,0.4335,0.0,0.0,0.0,0.0,227
2023-05-10 09:40:46,OP90002178,沪深300ETF沽12月4500,0.0,0.0,0.0,0.0,20,0.4294,0.4334,10,0.4248,0.4335,0.0,0.0,0.0,0.0,227
2023-05-10 09:40:47,OP90002178,沪深300ETF沽12月4500,0.0,0.0,0.0,0.0,20,0.4294,0.4335,60,0.4248,0.4335,0.0,0.0,0.0,0.0,227
2023-05-10 09:40:49,OP90002178,沪深300ETF沽12月4500,0.0,0.0,0.0,0.0,20,0.4294,0.4335,60,0.4248,0.4335,0.0,0.0,0.0,0.0,227
2023-05-10 09:40:49,OP90002178,沪深300ETF沽12月4500,0.0,0.0,0.0,0.0,20,0.4294,0.4335,40,0.4248,0.4335,0.0,0.0,0.0,0.0,227
2023-05-10 09:40:50,OP90002178,沪深300ETF沽12月4500,0.0,0.0,0.0,0.0,20,0.4294,0.4335,40,0.4248,0.4335,0.0,0.0,0.0,0.0,227
2023-05-10 09:40:51,OP90002178,沪深300ETF沽12月4500,0.0,0.0,0.0,0.0,20,0.4294,0.4335,20,0.4248,0.4335,0.0,0.0,0.0,0.0,227
2023-05-10 09:40:52,OP90002178,沪深300ETF沽12月4500,0.0,0.0,0.0,0.0,20,0.4304,0.4335,20,0.4248,0.4335,0.0,0.0,0.0,0.0,227
2023-05-10 09:40:52,OP90002178,沪深300ETF沽12月4500,0.0,0.0,0.0,0.0,20,0.4304,0.4335,20,0.4248,0.4335,0.0,0.0,0.0,0.0,227
2023-05-10 09:40:53,OP90002178,沪深300ETF沽12月4500,0.0,0.0,0.0,0.0,20,0.4304,0.4339,40,0.4248,0.4335,0.0,0.0,0.0,0.0,227
2023-05-10 09:40:53,OP90002178,沪深300ETF沽12月4500,0.0,0.0,0.0,0.0,20,0.4304,0.4339,30,0.4248,0.4335,0.0,0.0,0.0,0.0,227
2023-05-10 09:41:03,OP90002178,沪深300ETF沽12月4500,0.0,0.0,0.0,0.0,20,0.4304,0.4339,30,0.4248,0.4335,0.0,0.0,0.0,0.0,227
2023-05-10 09:41:05,OP90002178,沪深300ETF沽12月4500,0.0,0.0,0.0,0.0,40,0.4304,0.4339,20,0.4248,0.4335,0.0,0.0,0.0,0.0,227
2023-05-10 09:41:05,OP90002178,沪深300ETF沽12月4500,0.0,0.0,0.0,0.0,20,0.4316,0.4339,20,0.4248,0.4335,0.0,0.0,0.0,0.0,227
2023-05-10 09:41:06,OP90002178,沪深300ETF沽12月4500,0.0,0.0,0.0,0.0,20,0.4316,0.4339,20,0.4248,0.4335,0.0,0.0,0.0,0.0,227
2023-05-10 09:41:06,OP90002178,沪深300ETF沽12月4500,0.0,0.0,0.0,0.0,20,0.4316,0.4341,10,0.4248,0.4335,0.0,0.0,0.0,0.0,227
2023-05-10 09:41:07,OP90002178,沪深300ETF沽12月4500,0.0,0.0,0.0,0.0,20,0.4316,0.4341,10,0.4248,0.4335,0.0,0.0,0.0,0.0,227
2023-05-10 09:41:07,OP90002178,沪深300ETF沽12月4500,0.0,0.0,0.0,0.0,20,0.4316,0.4343,20,0.4248,0.4335,0.0,0.0,0.0,0.0,227
2023-05-10 09:41:08,OP90002178,沪深300ETF沽12月4500,0.0,0.0,0.0,0.0,20,0.4316,0.4343,20,0.4248,0.4335,0.0,0.0,0.0,0.0,227
2023-05-10 09:41:09,OP90002178,沪深300ETF沽12月4500,0.0,0.0,0.0,0.0,20,0.4316,0.4343,20,0.4248,0.4335,0.0,0.0,0.0,0.0,227
2023-05-10 09:41:09,OP90002178,沪深300ETF沽12月4500,0.0,0.0,0.0,0.0,20,0.4316,0.4343,20,0.4248,0.4335,0.0,0.0,0.0,0.0,227
2023-05-10 09:41:10,OP90002178,沪深300ETF沽12月4500,0.0,0.0,0.0,0.0,20,0.4316,0.4343,20,0.4248,0.4335,0.0,0.0,0.0,0.0,227
2023-05-10 09:41:10,OP90002178,沪深300ETF沽12月4500,0.0,0.0,0.0,0.0,20,0.4316,0.4342,10,0.4248,0.4335,0.0,0.0,0.0,0.0,227
2023-05-10 09:41:11,OP90002178,沪深300ETF沽12月4500,0.0,0.0,0.0,0.0,20,0.4316,0.4342,10,0.4248,0.4335,0.0,0.0,0.0,0.0,227
2023-05-10 09:41:11,OP90002178,沪深300ETF沽12月4500,0.0,0.0,0.0,0.0,20,0.4316,0.4343,20,0.4248,0.4335,0.0,0.0,0.0,0.0,227
2023-05-10 09:41:12,OP90002178,沪深300ETF沽12月4500,0.0,0.0,0.0,0.0,20,0.4316,0.4343,20,0.4248,0.4335,0.0,0.0,0.0,0.0,227
2023-05-10 09:41:13,OP90002178,沪深300ETF沽12月4500,0.0,0.0,0.0,0.0,20,0.4316,0.4343,20,0.4248,0.4335,0.0,0.0,0.0,0.0,227
2023-05-10 09:41:14,OP90002178,沪深300ETF沽12月4500,0.0,0.0,0.0,0.0,20,0.4316,0.4343,20,0.4248,0.4335,0.0,0.0,0.0,0.0,227
2023-05-10 09:41:14,OP90002178,沪深300ETF沽12月4500,0.0,0.0,0.0,0.0,20,0.4316,0.4343,20,0.4248,0.4335,0.0,0.0,0.0,0.0,227
2023-05-10 09:41:15,OP90002178,沪深300ETF沽12月4500,0.0,0.0,0.0,0.0,20,0.4316,0.4342,10,0.4248,0.4335,0.0,0.0,0.0,0.0,227
2023-05-10 09:41:15,OP90002178,沪深300ETF沽12月4500,0.0,0.0,0.0,0.0,20,0.4316,0.4342,20,0.4248,0.4335,0.0,0.0,0.0,0.0,227
2023-05-10 09:41:17,OP90002178,沪深300ETF沽12月4500,0.0,0.0,0.0,0.0,20,0.4316,0.4342,20,0.4248,0.4335,0.0,0.0,0.0,0.0,227
2023-05-10 09:41:17,OP90002178,沪深300ETF沽12月4500,0.0,0.0,0.0,0.0,20,0.4316,0.4342,20,0.4248,0.4335,0.0,0.0,0.0,0.0,227
2023-05-10 09:41:18,OP90002178,沪深300ETF沽12月4500,0.0,0.0,0.0,0.0,20,0.4316,0.4342,20,0.4248,0.4335,0.0,0.0,0.0,0.0,227
2023-05-10 09:41:19,OP90002178,沪深300ETF沽12月4500,0.0,0.0,0.0,0.0,20,0.4316,0.4342,30,0.4248,0.4335,0.0,0.0,0.0,0.0,227
2023-05-10 09:41:19,OP90002178,沪深300ETF沽12月4500,0.0,0.0,0.0,0.0,20,0.4316,0.4342,20,0.4248,0.4335,0.0,0.0,0.0,0.0,227
2023-05-10 09:41:20,OP90002178,沪深300ETF沽12月4500,0.0,0.0,0.0,0.0,20,0.4316,0.4342,20,0.4248,0.4335,0.0,0.0,0.0,0.0,227
2023-05-10 09:41:20,OP90002178,沪深300ETF沽12月4500,0.0,0.0,0.0,0.0,20,0.4316,0.4342,20,0.4248,0.4335,0.0,0.0,0.0,0.0,227
2023-05-10 09:41:21,OP90002178,沪深300ETF沽12月4500,0.0,0.0,0.0,0.0,20,0.4316,0.4346,10,0.4248,0.4335,0.0,0.0,0.0,0.0,227
2023-05-10 09:41:21,OP90002178,沪深300ETF沽12月4500,0.0,0.0,0.0,0.0,20,0.4316,0.4346,20,0.4248,0.4335,0.0,0.0,0.0,0.0,227
2023-05-10 09:41:22,OP90002178,沪深300ETF沽12月4500,0.0,0.0,0.0,0.0,20,0.4316,0.4346,20,0.4248,0.4335,0.0,0.0,0.0,0.0,227
2023-05-10 09:41:22,OP90002178,沪深300ETF沽12月4500,0.0,0.0,0.0,0.0,20,0.4316,0.4345,10,0.4248,0.4335,0.0,0.0,0.0,0.0,227
2023-05-10 09:41:23,OP90002178,沪深300ETF沽12月4500,0.0,0.0,0.0,0.0,20,0.4316,0.4345,10,0.4248,0.4335,0.0,0.0,0.0,0.0,227
2023-05-10 09:41:24,OP90002178,沪深300ETF沽12月4500,0.0,0.0,0.0,0.0,20,0.431,0.4345,30,0.4248,0.4335,0.0,0.0,0.0,0.0,227
2023-05-10 09:41:24,OP90002178,沪深300ETF沽12月4500,0.0,0.0,0.0,0.0,10,0.4307,0.4345,30,0.4248,0.4335,0.0,0.0,0.0,0.0,227
2023-05-10 09:41:25,OP90002178,沪深300ETF沽12月4500,0.0,0.0,0.0,0.0,10,0.4305,0.4345,50,0.4248,0.4335,0.0,0.0,0.0,0.0,227
2023-05-10 09:41:25,OP90002178,沪深300ETF沽12月4500,0.0,0.0,0.0,0.0,30,0.4304,0.4345,50,0.4248,0.4335,0.0,0.0,0.0,0.0,227
2023-05-10 09:41:26,OP90002178,沪深300ETF沽12月4500,0.0,0.0,0.0,0.0,20,0.4304,0.4345,50,0.4248,0.4335,0.0,0.0,0.0,0.0,227
2023-05-10 09:41:27,OP90002178,沪深300ETF沽12月4500,0.0,0.0,0.0,0.0,20,0.4304,0.4345,50,0.4248,0.4335,0.0,0.0,0.0,0.0,227
2023-05-10 09:41:27,OP90002178,沪深300ETF沽12月4500,0.0,0.0,0.0,0.0,20,0.4304,0.4345,50,0.4248,0.4335,0.0,0.0,0.0,0.0,227
2023-05-10 09:41:28,OP90002178,沪深300ETF沽12月4500,0.0,0.0,0.0,0.0,20,0.4304,0.4345,50,0.4248,0.4335,0.0,0.0,0.0,0.0,227
2023-05-10 09:41:29,OP90002178,沪深300ETF沽12月4500,0.0,0.0,0.0,0.0,20,0.4304,0.4345,40,0.4248,0.4335,0.0,0.0,0.0,0.0,227
2023-05-10 09:41:30,OP90002178,沪深300ETF沽12月4500,0.0,0.0,0.0,0.0,20,0.4304,0.4345,40,0.4248,0.4335,0.0,0.0,0.0,0.0,227
2023-05-10 09:41:30,OP90002178,沪深300ETF沽12月4500,0.0,0.0,0.0,0.0,20,0.4304,0.4345,50,0.4248,0.4335,0.0,0.0,0.0,0.0,227
2023-05-10 09:41:31,OP90002178,沪深300ETF沽12月4500,0.0,0.0,0.0,0.0,20,0.4304,0.4345,40,0.4248,0.4335,0.0,0.0,0.0,0.0,227
2023-05-10 09:41:31,OP90002178,沪深300ETF沽12月4500,0.0,0.0,0.0,0.0,20,0.4304,0.4345,40,0.4248,0.4335,0.0,0.0,0.0,0.0,227
2023-05-10 09:41:33,OP90002178,沪深300ETF沽12月4500,0.0,0.0,0.0,0.0,20,0.4304,0.4345,40,0.4248,0.4335,0.0,0.0,0.0,0.0,227
2023-05-10 09:41:35,OP90002178,沪深300ETF沽12月4500,0.0,0.0,0.0,0.0,20,0.4304,0.4345,40,0.4248,0.4335,0.0,0.0,0.0,0.0,227
2023-05-10 09:41:36,OP90002178,沪深300ETF沽12月4500,0.0,0.0,0.0,0.0,20,0.4304,0.4344,10,0.4248,0.4335,0.0,0.0,0.0,0.0,227
2023-05-10 09:41:37,OP90002178,沪深300ETF沽12月4500,0.0,0.0,0.0,0.0,20,0.4304,0.4344,10,0.4248,0.4335,0.0,0.0,0.0,0.0,227
2023-05-10 09:41:38,OP90002178,沪深300ETF沽12月4500,0.0,0.0,0.0,0.0,20,0.4304,0.4345,40,0.4248,0.4335,0.0,0.0,0.0,0.0,227
2023-05-10 09:41:39,OP90002178,沪深300ETF沽12月4500,0.0,0.0,0.0,0.0,20,0.4304,0.4345,20,0.4248,0.4335,0.0,0.0,0.0,0.0,227
2023-05-10 09:41:39,OP90002178,沪深300ETF沽12月4500,0.0,0.0,0.0,0.0,20,0.4304,0.4345,20,0.4248,0.4335,0.0,0.0,0.0,0.0,227
2023-05-10 09:41:40,OP90002178,沪深300ETF沽12月4500,0.0,0.0,0.0,0.0,20,0.4304,0.4345,30,0.4248,0.4335,0.0,0.0,0.0,0.0,227
2023-05-10 09:41:42,OP90002178,沪深300ETF沽12月4500,0.0,0.0,0.0,0.0,20,0.4304,0.4345,30,0.4248,0.4335,0.0,0.0,0.0,0.0,227
2023-05-10 09:41:42,OP90002178,沪深300ETF沽12月4500,0.0,0.0,0.0,0.0,20,0.4304,0.4345,30,0.4248,0.4335,0.0,0.0,0.0,0.0,227
2023-05-10 09:41:43,OP90002178,沪深300ETF沽12月4500,0.0,0.0,0.0,0.0,20,0.4304,0.4345,30,0.4248,0.4335,0.0,0.0,0.0,0.0,227
2023-05-10 09:41:44,OP90002178,沪深300ETF沽12月4500,0.0,0.0,0.0,0.0,20,0.4304,0.4345,30,0.4248,0.4335,0.0,0.0,0.0,0.0,227
2023-05-10 09:41:44,OP90002178,沪深300ETF沽12月4500,0.0,0.0,0.0,0.0,20,0.4304,0.4345,30,0.4248,0.4335,0.0,0.0,0.0,0.0,227
2023-05-10 09:41:45,OP90002178,沪深300ETF沽12月4500,0.0,0.0,0.0,0.0,20,0.4304,0.4345,30,0.4248,0.4335,0.0,0.0,0.0,0.0,227
2023-05-10 09:41:45,OP90002178,沪深300ETF沽12月4500,0.0,0.0,0.0,0.0,20,0.4304,0.4345,30,0.4248,0.4335,0.0,0.0,0.0,0.0,227
2023-05-10 09:41:47,OP90002178,沪深300ETF沽12月4500,0.0,0.0,0.0,0.0,20,0.4304,0.4345,20,0.4248,0.4335,0.0,0.0,0.0,0.0,227
2023-05-10 09:41:48,OP90002178,沪深300ETF沽12月4500,0.0,0.0,0.0,0.0,20,0.4314,0.4347,20,0.4248,0.4335,0.0,0.0,0.0,0.0,227
2023-05-10 09:41:48,OP90002178,沪深300ETF沽12月4500,0.0,0.0,0.0,0.0,20,0.4314,0.4349,50,0.4248,0.4335,0.0,0.0,0.0,0.0,227
2023-05-10 09:41:49,OP90002178,沪深300ETF沽12月4500,0.0,0.0,0.0,0.0,20,0.4314,0.4349,20,0.4248,0.4335,0.0,0.0,0.0,0.0,227
2023-05-10 09:41:49,OP90002178,沪深300ETF沽12月4500,0.0,0.0,0.0,0.0,20,0.4314,0.4349,20,0.4248,0.4335,0.0,0.0,0.0,0.0,227
2023-05-10 09:41:50,OP90002178,沪深300ETF沽12月4500,0.0,0.0,0.0,0.0,20,0.4314,0.4349,20,0.4248,0.4335,0.0,0.0,0.0,0.0,227
2023-05-10 09:41:51,OP90002178,沪深300ETF沽12月4500,0.0,0.0,0.0,0.0,20,0.4314,0.4349,20,0.4248,0.4335,0.0,0.0,0.0,0.0,227
2023-05-10 09:41:51,OP90002178,沪深300ETF沽12月4500,0.0,0.0,0.0,0.0,20,0.4314,0.4349,20,0.4248,0.4335,0.0,0.0,0.0,0.0,227
2023-05-10 09:41:52,OP90002178,沪深300ETF沽12月4500,0.0,0.0,0.0,0.0,20,0.4314,0.4349,20,0.4248,0.4335,0.0,0.0,0.0,0.0,227
2023-05-10 09:41:52,OP90002178,沪深300ETF沽12月4500,0.0,0.0,0.0,0.0,20,0.4314,0.4349,20,0.4248,0.4335,0.0,0.0,0.0,0.0,227
2023-05-10 09:41:53,OP90002178,沪深300ETF沽12月4500,0.0,0.0,0.0,0.0,20,0.4314,0.4349,20,0.4248,0.4335,0.0,0.0,0.0,0.0,227
