time,symbol_id,symbol_name,last,trade_volume,trade_amount,open_interest_change,bv1,bp1,ap1,av1,yesterday_close,today_open,today_high,today_low,volume,amount,open_interest
2023-05-10 08:30:03,OP90002152,沪深300ETF沽12月3800,0.0,0.0,0.0,-191.0,0,0.0,0.0,0,0.0712,0.0732,0.0,0.0,0.0,0.0,297
2023-05-10 09:25:00,OP90002152,沪深300ETF沽12月3800,0.0,0.0,0.0,0.0,1,0.07,0.0729,1,0.0712,0.0732,0.0,0.0,0.0,0.0,297
2023-05-10 09:30:00,OP90002152,沪深300ETF沽12月3800,0.0,0.0,0.0,0.0,1,0.07,0.0762,1,0.0712,0.0732,0.0,0.0,0.0,0.0,297
2023-05-10 09:30:00,OP90002152,沪深300ETF沽12月3800,0.0,0.0,0.0,0.0,1,0.07,0.0764,1,0.0712,0.0732,0.0,0.0,0.0,0.0,297
2023-05-10 09:30:01,OP90002152,沪深300ETF沽12月3800,0.0,0.0,0.0,0.0,1,0.0637,0.0764,1,0.0712,0.0732,0.0,0.0,0.0,0.0,297
2023-05-10 09:30:02,OP90002152,沪深300ETF沽12月3800,0.0,0.0,0.0,0.0,7,0.0405,0.1146,4,0.0712,0.0732,0.0,0.0,0.0,0.0,297
2023-05-10 09:30:18,OP90002152,沪深300ETF沽12月3800,0.0,0.0,0.0,0.0,7,0.0405,0.1146,4,0.0712,0.0732,0.0,0.0,0.0,0.0,297
2023-05-10 09:30:27,OP90002152,沪深300ETF沽12月3800,0.0,0.0,0.0,0.0,20,0.0651,0.0771,20,0.0712,0.0732,0.0,0.0,0.0,0.0,297
2023-05-10 09:30:28,OP90002152,沪深300ETF沽12月3800,0.0,0.0,0.0,0.0,20,0.0693,0.0743,20,0.0712,0.0732,0.0,0.0,0.0,0.0,297
2023-05-10 09:30:28,OP90002152,沪深300ETF沽12月3800,0.0,0.0,0.0,0.0,40,0.0693,0.0743,20,0.0712,0.0732,0.0,0.0,0.0,0.0,297
2023-05-10 09:30:29,OP90002152,沪深300ETF沽12月3800,0.0,0.0,0.0,0.0,40,0.0693,0.0741,20,0.0712,0.0732,0.0,0.0,0.0,0.0,297
2023-05-10 09:30:29,OP90002152,沪深300ETF沽12月3800,0.0,0.0,0.0,0.0,40,0.0693,0.0741,20,0.0712,0.0732,0.0,0.0,0.0,0.0,297
2023-05-10 09:30:31,OP90002152,沪深300ETF沽12月3800,0.0,0.0,0.0,0.0,60,0.0693,0.0741,20,0.0712,0.0732,0.0,0.0,0.0,0.0,297
2023-05-10 09:30:31,OP90002152,沪深300ETF沽12月3800,0.0,0.0,0.0,0.0,60,0.0693,0.0741,20,0.0712,0.0732,0.0,0.0,0.0,0.0,297
2023-05-10 09:30:32,OP90002152,沪深300ETF沽12月3800,0.0,0.0,0.0,0.0,60,0.0693,0.0739,20,0.0712,0.0732,0.0,0.0,0.0,0.0,297
2023-05-10 09:30:33,OP90002152,沪深300ETF沽12月3800,0.0,0.0,0.0,0.0,60,0.0693,0.0739,20,0.0712,0.0732,0.0,0.0,0.0,0.0,297
2023-05-10 09:30:36,OP90002152,沪深300ETF沽12月3800,0.0,0.0,0.0,0.0,60,0.0693,0.0741,20,0.0712,0.0732,0.0,0.0,0.0,0.0,297
2023-05-10 09:30:37,OP90002152,沪深300ETF沽12月3800,0.0,0.0,0.0,0.0,60,0.0693,0.0739,20,0.0712,0.0732,0.0,0.0,0.0,0.0,297
2023-05-10 09:30:37,OP90002152,沪深300ETF沽12月3800,0.0,0.0,0.0,0.0,40,0.0693,0.0741,20,0.0712,0.0732,0.0,0.0,0.0,0.0,297
2023-05-10 09:30:38,OP90002152,沪深300ETF沽12月3800,0.0,0.0,0.0,0.0,40,0.0693,0.0739,20,0.0712,0.0732,0.0,0.0,0.0,0.0,297
2023-05-10 09:30:39,OP90002152,沪深300ETF沽12月3800,0.0,0.0,0.0,0.0,40,0.0693,0.0741,20,0.0712,0.0732,0.0,0.0,0.0,0.0,297
2023-05-10 09:30:40,OP90002152,沪深300ETF沽12月3800,0.0,0.0,0.0,0.0,40,0.0693,0.0741,20,0.0712,0.0732,0.0,0.0,0.0,0.0,297
2023-05-10 09:30:41,OP90002152,沪深300ETF沽12月3800,0.0,0.0,0.0,0.0,40,0.0693,0.0743,60,0.0712,0.0732,0.0,0.0,0.0,0.0,297
2023-05-10 09:30:41,OP90002152,沪深300ETF沽12月3800,0.0,0.0,0.0,0.0,40,0.0693,0.0743,40,0.0712,0.0732,0.0,0.0,0.0,0.0,297
2023-05-10 09:30:42,OP90002152,沪深300ETF沽12月3800,0.0,0.0,0.0,0.0,60,0.0693,0.0741,20,0.0712,0.0732,0.0,0.0,0.0,0.0,297
2023-05-10 09:30:43,OP90002152,沪深300ETF沽12月3800,0.0,0.0,0.0,0.0,60,0.0693,0.0741,20,0.0712,0.0732,0.0,0.0,0.0,0.0,297
2023-05-10 09:30:43,OP90002152,沪深300ETF沽12月3800,0.0,0.0,0.0,0.0,60,0.0693,0.0741,20,0.0712,0.0732,0.0,0.0,0.0,0.0,297
2023-05-10 09:30:44,OP90002152,沪深300ETF沽12月3800,0.0,0.0,0.0,0.0,60,0.0693,0.0739,20,0.0712,0.0732,0.0,0.0,0.0,0.0,297
2023-05-10 09:30:45,OP90002152,沪深300ETF沽12月3800,0.0,0.0,0.0,0.0,40,0.0693,0.0739,20,0.0712,0.0732,0.0,0.0,0.0,0.0,297
2023-05-10 09:30:45,OP90002152,沪深300ETF沽12月3800,0.0,0.0,0.0,0.0,40,0.0693,0.0741,20,0.0712,0.0732,0.0,0.0,0.0,0.0,297
2023-05-10 09:30:48,OP90002152,沪深300ETF沽12月3800,0.0,0.0,0.0,0.0,40,0.0693,0.0741,20,0.0712,0.0732,0.0,0.0,0.0,0.0,297
2023-05-10 09:30:51,OP90002152,沪深300ETF沽12月3800,0.0,0.0,0.0,0.0,40,0.0693,0.0741,20,0.0712,0.0732,0.0,0.0,0.0,0.0,297
2023-05-10 09:30:54,OP90002152,沪深300ETF沽12月3800,0.0,0.0,0.0,0.0,40,0.0693,0.0739,20,0.0712,0.0732,0.0,0.0,0.0,0.0,297
2023-05-10 09:30:54,OP90002152,沪深300ETF沽12月3800,0.0,0.0,0.0,0.0,60,0.0693,0.0739,20,0.0712,0.0732,0.0,0.0,0.0,0.0,297
2023-05-10 09:30:56,OP90002152,沪深300ETF沽12月3800,0.0,0.0,0.0,0.0,40,0.0693,0.0743,40,0.0712,0.0732,0.0,0.0,0.0,0.0,297
2023-05-10 09:30:56,OP90002152,沪深300ETF沽12月3800,0.0,0.0,0.0,0.0,40,0.0693,0.0741,20,0.0712,0.0732,0.0,0.0,0.0,0.0,297
2023-05-10 09:30:57,OP90002152,沪深300ETF沽12月3800,0.0,0.0,0.0,0.0,40,0.0693,0.0741,20,0.0712,0.0732,0.0,0.0,0.0,0.0,297
2023-05-10 09:30:57,OP90002152,沪深300ETF沽12月3800,0.0,0.0,0.0,0.0,40,0.0693,0.0741,20,0.0712,0.0732,0.0,0.0,0.0,0.0,297
2023-05-10 09:30:59,OP90002152,沪深300ETF沽12月3800,0.0,0.0,0.0,0.0,40,0.0693,0.0741,20,0.0712,0.0732,0.0,0.0,0.0,0.0,297
2023-05-10 09:31:00,OP90002152,沪深300ETF沽12月3800,0.0,0.0,0.0,0.0,40,0.0693,0.0741,20,0.0712,0.0732,0.0,0.0,0.0,0.0,297
2023-05-10 09:31:00,OP90002152,沪深300ETF沽12月3800,0.0,0.0,0.0,0.0,20,0.0694,0.0743,20,0.0712,0.0732,0.0,0.0,0.0,0.0,297
2023-05-10 09:31:01,OP90002152,沪深300ETF沽12月3800,0.0,0.0,0.0,0.0,20,0.0696,0.0746,20,0.0712,0.0732,0.0,0.0,0.0,0.0,297
2023-05-10 09:31:01,OP90002152,沪深300ETF沽12月3800,0.0,0.0,0.0,0.0,20,0.0696,0.0746,20,0.0712,0.0732,0.0,0.0,0.0,0.0,297
2023-05-10 09:31:02,OP90002152,沪深300ETF沽12月3800,0.0,0.0,0.0,0.0,20,0.0696,0.0746,20,0.0712,0.0732,0.0,0.0,0.0,0.0,297
2023-05-10 09:31:02,OP90002152,沪深300ETF沽12月3800,0.0,0.0,0.0,0.0,20,0.0699,0.0749,20,0.0712,0.0732,0.0,0.0,0.0,0.0,297
2023-05-10 09:31:03,OP90002152,沪深300ETF沽12月3800,0.0,0.0,0.0,0.0,20,0.0697,0.0747,20,0.0712,0.0732,0.0,0.0,0.0,0.0,297
2023-05-10 09:31:05,OP90002152,沪深300ETF沽12月3800,0.0,0.0,0.0,0.0,20,0.0701,0.075,20,0.0712,0.0732,0.0,0.0,0.0,0.0,297
2023-05-10 09:31:05,OP90002152,沪深300ETF沽12月3800,0.0,0.0,0.0,0.0,40,0.0701,0.075,20,0.0712,0.0732,0.0,0.0,0.0,0.0,297
2023-05-10 09:31:06,OP90002152,沪深300ETF沽12月3800,0.0,0.0,0.0,0.0,40,0.0701,0.075,20,0.0712,0.0732,0.0,0.0,0.0,0.0,297
2023-05-10 09:31:06,OP90002152,沪深300ETF沽12月3800,0.0,0.0,0.0,0.0,20,0.0702,0.0752,20,0.0712,0.0732,0.0,0.0,0.0,0.0,297
2023-05-10 09:31:07,OP90002152,沪深300ETF沽12月3800,0.0,0.0,0.0,0.0,20,0.0702,0.0752,20,0.0712,0.0732,0.0,0.0,0.0,0.0,297
2023-05-10 09:31:08,OP90002152,沪深300ETF沽12月3800,0.0,0.0,0.0,0.0,20,0.0702,0.0752,20,0.0712,0.0732,0.0,0.0,0.0,0.0,297
2023-05-10 09:31:09,OP90002152,沪深300ETF沽12月3800,0.0,0.0,0.0,0.0,20,0.0702,0.0752,20,0.0712,0.0732,0.0,0.0,0.0,0.0,297
2023-05-10 09:31:11,OP90002152,沪深300ETF沽12月3800,0.0,0.0,0.0,0.0,40,0.0701,0.075,20,0.0712,0.0732,0.0,0.0,0.0,0.0,297
2023-05-10 09:31:12,OP90002152,沪深300ETF沽12月3800,0.0,0.0,0.0,0.0,40,0.0701,0.0747,20,0.0712,0.0732,0.0,0.0,0.0,0.0,297
2023-05-10 09:31:12,OP90002152,沪深300ETF沽12月3800,0.0,0.0,0.0,0.0,40,0.0701,0.0747,20,0.0712,0.0732,0.0,0.0,0.0,0.0,297
2023-05-10 09:31:13,OP90002152,沪深300ETF沽12月3800,0.0,0.0,0.0,0.0,40,0.0701,0.075,20,0.0712,0.0732,0.0,0.0,0.0,0.0,297
2023-05-10 09:31:14,OP90002152,沪深300ETF沽12月3800,0.0,0.0,0.0,0.0,60,0.0701,0.0748,20,0.0712,0.0732,0.0,0.0,0.0,0.0,297
2023-05-10 09:31:15,OP90002152,沪深300ETF沽12月3800,0.0,0.0,0.0,0.0,60,0.0701,0.0748,20,0.0712,0.0732,0.0,0.0,0.0,0.0,297
2023-05-10 09:31:15,OP90002152,沪深300ETF沽12月3800,0.0,0.0,0.0,0.0,60,0.0701,0.0748,20,0.0712,0.0732,0.0,0.0,0.0,0.0,297
2023-05-10 09:31:18,OP90002152,沪深300ETF沽12月3800,0.0,0.0,0.0,0.0,40,0.0701,0.0748,20,0.0712,0.0732,0.0,0.0,0.0,0.0,297
2023-05-10 09:31:19,OP90002152,沪深300ETF沽12月3800,0.0,0.0,0.0,0.0,40,0.0701,0.075,20,0.0712,0.0732,0.0,0.0,0.0,0.0,297
2023-05-10 09:31:20,OP90002152,沪深300ETF沽12月3800,0.0,0.0,0.0,0.0,20,0.0702,0.0752,20,0.0712,0.0732,0.0,0.0,0.0,0.0,297
2023-05-10 09:31:20,OP90002152,沪深300ETF沽12月3800,0.0,0.0,0.0,0.0,20,0.0702,0.0752,20,0.0712,0.0732,0.0,0.0,0.0,0.0,297
2023-05-10 09:31:21,OP90002152,沪深300ETF沽12月3800,0.0,0.0,0.0,0.0,40,0.0701,0.075,20,0.0712,0.0732,0.0,0.0,0.0,0.0,297
2023-05-10 09:31:22,OP90002152,沪深300ETF沽12月3800,0.0,0.0,0.0,0.0,60,0.0701,0.075,20,0.0712,0.0732,0.0,0.0,0.0,0.0,297
2023-05-10 09:31:23,OP90002152,沪深300ETF沽12月3800,0.0,0.0,0.0,0.0,20,0.0702,0.0752,20,0.0712,0.0732,0.0,0.0,0.0,0.0,297
2023-05-10 09:31:23,OP90002152,沪深300ETF沽12月3800,0.0,0.0,0.0,0.0,20,0.0702,0.0751,10,0.0712,0.0732,0.0,0.0,0.0,0.0,297
2023-05-10 09:31:26,OP90002152,沪深300ETF沽12月3800,0.0,0.0,0.0,0.0,20,0.0702,0.0751,10,0.0712,0.0732,0.0,0.0,0.0,0.0,297
2023-05-10 09:31:27,OP90002152,沪深300ETF沽12月3800,0.0,0.0,0.0,0.0,70,0.0701,0.075,20,0.0712,0.0732,0.0,0.0,0.0,0.0,297
2023-05-10 09:31:27,OP90002152,沪深300ETF沽12月3800,0.0,0.0,0.0,0.0,60,0.0701,0.0749,10,0.0712,0.0732,0.0,0.0,0.0,0.0,297
2023-05-10 09:31:28,OP90002152,沪深300ETF沽12月3800,0.0,0.0,0.0,0.0,60,0.0701,0.0749,10,0.0712,0.0732,0.0,0.0,0.0,0.0,297
2023-05-10 09:31:30,OP90002152,沪深300ETF沽12月3800,0.0,0.0,0.0,0.0,60,0.0701,0.0748,20,0.0712,0.0732,0.0,0.0,0.0,0.0,297
2023-05-10 09:31:30,OP90002152,沪深300ETF沽12月3800,0.0,0.0,0.0,0.0,20,0.0702,0.0747,10,0.0712,0.0732,0.0,0.0,0.0,0.0,297
2023-05-10 09:31:31,OP90002152,沪深300ETF沽12月3800,0.0,0.0,0.0,0.0,20,0.0702,0.0747,30,0.0712,0.0732,0.0,0.0,0.0,0.0,297
2023-05-10 09:31:32,OP90002152,沪深300ETF沽12月3800,0.0,0.0,0.0,0.0,40,0.0702,0.0745,20,0.0712,0.0732,0.0,0.0,0.0,0.0,297
2023-05-10 09:31:32,OP90002152,沪深300ETF沽12月3800,0.0,0.0,0.0,0.0,20,0.0703,0.0744,10,0.0712,0.0732,0.0,0.0,0.0,0.0,297
2023-05-10 09:31:33,OP90002152,沪深300ETF沽12月3800,0.0,0.0,0.0,0.0,20,0.0703,0.0744,30,0.0712,0.0732,0.0,0.0,0.0,0.0,297
2023-05-10 09:31:35,OP90002152,沪深300ETF沽12月3800,0.0,0.0,0.0,0.0,20,0.0703,0.0744,30,0.0712,0.0732,0.0,0.0,0.0,0.0,297
2023-05-10 09:31:44,OP90002152,沪深300ETF沽12月3800,0.0,0.0,0.0,0.0,40,0.0703,0.0744,30,0.0712,0.0732,0.0,0.0,0.0,0.0,297
2023-05-10 09:31:45,OP90002152,沪深300ETF沽12月3800,0.0,0.0,0.0,0.0,20,0.0704,0.0742,20,0.0712,0.0732,0.0,0.0,0.0,0.0,297
2023-05-10 09:31:45,OP90002152,沪深300ETF沽12月3800,0.0,0.0,0.0,0.0,40,0.0704,0.0741,10,0.0712,0.0732,0.0,0.0,0.0,0.0,297
2023-05-10 09:31:46,OP90002152,沪深300ETF沽12月3800,0.0,0.0,0.0,0.0,20,0.0705,0.0741,50,0.0712,0.0732,0.0,0.0,0.0,0.0,297
2023-05-10 09:31:47,OP90002152,沪深300ETF沽12月3800,0.0,0.0,0.0,0.0,40,0.0705,0.0741,50,0.0712,0.0732,0.0,0.0,0.0,0.0,297
2023-05-10 09:31:48,OP90002152,沪深300ETF沽12月3800,0.0,0.0,0.0,0.0,20,0.0706,0.0741,70,0.0712,0.0732,0.0,0.0,0.0,0.0,297
2023-05-10 09:31:49,OP90002152,沪深300ETF沽12月3800,0.0,0.0,0.0,0.0,40,0.0706,0.0741,70,0.0712,0.0732,0.0,0.0,0.0,0.0,297
2023-05-10 09:31:49,OP90002152,沪深300ETF沽12月3800,0.0,0.0,0.0,0.0,20,0.0707,0.0741,50,0.0712,0.0732,0.0,0.0,0.0,0.0,297
2023-05-10 09:31:51,OP90002152,沪深300ETF沽12月3800,0.0,0.0,0.0,0.0,20,0.0707,0.0741,50,0.0712,0.0732,0.0,0.0,0.0,0.0,297
2023-05-10 09:31:52,OP90002152,沪深300ETF沽12月3800,0.0,0.0,0.0,0.0,20,0.0707,0.0741,50,0.0712,0.0732,0.0,0.0,0.0,0.0,297
2023-05-10 09:31:55,OP90002152,沪深300ETF沽12月3800,0.0,0.0,0.0,0.0,30,0.0707,0.0741,60,0.0712,0.0732,0.0,0.0,0.0,0.0,297
2023-05-10 09:31:55,OP90002152,沪深300ETF沽12月3800,0.0,0.0,0.0,0.0,20,0.0708,0.0741,50,0.0712,0.0732,0.0,0.0,0.0,0.0,297
2023-05-10 09:31:56,OP90002152,沪深300ETF沽12月3800,0.0,0.0,0.0,0.0,10,0.0708,0.0741,60,0.0712,0.0732,0.0,0.0,0.0,0.0,297
2023-05-10 09:31:56,OP90002152,沪深300ETF沽12月3800,0.0,0.0,0.0,0.0,20,0.0709,0.0741,50,0.0712,0.0732,0.0,0.0,0.0,0.0,297
2023-05-10 09:31:57,OP90002152,沪深300ETF沽12月3800,0.0,0.0,0.0,0.0,10,0.0709,0.0741,60,0.0712,0.0732,0.0,0.0,0.0,0.0,297
2023-05-10 09:31:57,OP90002152,沪深300ETF沽12月3800,0.0,0.0,0.0,0.0,20,0.0709,0.074,20,0.0712,0.0732,0.0,0.0,0.0,0.0,297
2023-05-10 09:31:58,OP90002152,沪深300ETF沽12月3800,0.0,0.0,0.0,0.0,10,0.0709,0.0739,10,0.0712,0.0732,0.0,0.0,0.0,0.0,297
2023-05-10 09:31:58,OP90002152,沪深300ETF沽12月3800,0.0,0.0,0.0,0.0,20,0.0709,0.0738,20,0.0712,0.0732,0.0,0.0,0.0,0.0,297
2023-05-10 09:31:59,OP90002152,沪深300ETF沽12月3800,0.0,0.0,0.0,0.0,10,0.0709,0.0737,10,0.0712,0.0732,0.0,0.0,0.0,0.0,297
2023-05-10 09:31:59,OP90002152,沪深300ETF沽12月3800,0.0,0.0,0.0,0.0,20,0.071,0.0737,30,0.0712,0.0732,0.0,0.0,0.0,0.0,297
2023-05-10 09:32:00,OP90002152,沪深300ETF沽12月3800,0.0,0.0,0.0,0.0,10,0.071,0.0737,40,0.0712,0.0732,0.0,0.0,0.0,0.0,297
2023-05-10 09:32:00,OP90002152,沪深300ETF沽12月3800,0.0,0.0,0.0,0.0,20,0.0711,0.0736,20,0.0712,0.0732,0.0,0.0,0.0,0.0,297
2023-05-10 09:32:01,OP90002152,沪深300ETF沽12月3800,0.0,0.0,0.0,0.0,10,0.0711,0.0735,10,0.0712,0.0732,0.0,0.0,0.0,0.0,297
2023-05-10 09:32:01,OP90002152,沪深300ETF沽12月3800,0.0,0.0,0.0,0.0,20,0.0711,0.0734,20,0.0712,0.0732,0.0,0.0,0.0,0.0,297
2023-05-10 09:32:02,OP90002152,沪深300ETF沽12月3800,0.0,0.0,0.0,0.0,10,0.0711,0.0733,10,0.0712,0.0732,0.0,0.0,0.0,0.0,297
2023-05-10 09:32:02,OP90002152,沪深300ETF沽12月3800,0.0,0.0,0.0,0.0,20,0.0712,0.0733,30,0.0712,0.0732,0.0,0.0,0.0,0.0,297
2023-05-10 09:32:03,OP90002152,沪深300ETF沽12月3800,0.0,0.0,0.0,0.0,30,0.0712,0.0733,40,0.0712,0.0732,0.0,0.0,0.0,0.0,297
2023-05-10 09:32:03,OP90002152,沪深300ETF沽12月3800,0.0,0.0,0.0,0.0,20,0.0713,0.0733,50,0.0712,0.0732,0.0,0.0,0.0,0.0,297
2023-05-10 09:32:04,OP90002152,沪深300ETF沽12月3800,0.0,0.0,0.0,0.0,30,0.0713,0.0733,60,0.0712,0.0732,0.0,0.0,0.0,0.0,297
2023-05-10 09:32:04,OP90002152,沪深300ETF沽12月3800,0.0,0.0,0.0,0.0,20,0.0714,0.0733,70,0.0712,0.0732,0.0,0.0,0.0,0.0,297
2023-05-10 09:32:05,OP90002152,沪深300ETF沽12月3800,0.0,0.0,0.0,0.0,10,0.0714,0.0733,80,0.0712,0.0732,0.0,0.0,0.0,0.0,297
2023-05-10 09:32:05,OP90002152,沪深300ETF沽12月3800,0.0,0.0,0.0,0.0,20,0.0715,0.0733,50,0.0712,0.0732,0.0,0.0,0.0,0.0,297
2023-05-10 09:32:06,OP90002152,沪深300ETF沽12月3800,0.0,0.0,0.0,0.0,30,0.0715,0.0733,60,0.0712,0.0732,0.0,0.0,0.0,0.0,297
2023-05-10 09:32:06,OP90002152,沪深300ETF沽12月3800,0.0,0.0,0.0,0.0,20,0.0716,0.0732,10,0.0712,0.0732,0.0,0.0,0.0,0.0,297
2023-05-10 09:32:07,OP90002152,沪深300ETF沽12月3800,0.0,0.0,0.0,0.0,30,0.0716,0.0732,40,0.0712,0.0732,0.0,0.0,0.0,0.0,297
2023-05-10 09:32:07,OP90002152,沪深300ETF沽12月3800,0.0,0.0,0.0,0.0,20,0.0717,0.0732,20,0.0712,0.0732,0.0,0.0,0.0,0.0,297
2023-05-10 09:32:08,OP90002152,沪深300ETF沽12月3800,0.0,0.0,0.0,0.0,30,0.0717,0.0732,10,0.0712,0.0732,0.0,0.0,0.0,0.0,297
2023-05-10 09:32:08,OP90002152,沪深300ETF沽12月3800,0.0732,10.0,7320.0,1.0,20,0.0718,0.0733,20,0.0712,0.0732,0.0732,0.0732,10.0,7320.0,298
2023-05-10 09:32:09,OP90002152,沪深300ETF沽12月3800,0.0732,0.0,0.0,0.0,30,0.0718,0.0732,10,0.0712,0.0732,0.0732,0.0732,10.0,7320.0,298
2023-05-10 09:32:09,OP90002152,沪深300ETF沽12月3800,0.0732,0.0,0.0,0.0,20,0.0719,0.0732,10,0.0712,0.0732,0.0732,0.0732,10.0,7320.0,298
2023-05-10 09:32:10,OP90002152,沪深300ETF沽12月3800,0.0732,0.0,0.0,0.0,20,0.0719,0.0732,30,0.0712,0.0732,0.0732,0.0732,10.0,7320.0,298
2023-05-10 09:32:10,OP90002152,沪深300ETF沽12月3800,0.0732,0.0,0.0,0.0,20,0.0719,0.0732,30,0.0712,0.0732,0.0732,0.0732,10.0,7320.0,298
2023-05-10 09:32:11,OP90002152,沪深300ETF沽12月3800,0.0732,0.0,0.0,0.0,20,0.0717,0.0732,50,0.0712,0.0732,0.0732,0.0732,10.0,7320.0,298
2023-05-10 09:32:11,OP90002152,沪深300ETF沽12月3800,0.0732,0.0,0.0,0.0,20,0.0717,0.0732,50,0.0712,0.0732,0.0732,0.0732,10.0,7320.0,298
2023-05-10 09:32:12,OP90002152,沪深300ETF沽12月3800,0.0732,0.0,0.0,0.0,20,0.0717,0.0732,30,0.0712,0.0732,0.0732,0.0732,10.0,7320.0,298
2023-05-10 09:32:12,OP90002152,沪深300ETF沽12月3800,0.0732,0.0,0.0,0.0,20,0.0717,0.0732,50,0.0712,0.0732,0.0732,0.0732,10.0,7320.0,298
2023-05-10 09:32:13,OP90002152,沪深300ETF沽12月3800,0.0732,0.0,0.0,0.0,20,0.0717,0.0732,50,0.0712,0.0732,0.0732,0.0732,10.0,7320.0,298
2023-05-10 09:32:14,OP90002152,沪深300ETF沽12月3800,0.0732,0.0,0.0,0.0,20,0.0717,0.0732,50,0.0712,0.0732,0.0732,0.0732,10.0,7320.0,298
2023-05-10 09:32:15,OP90002152,沪深300ETF沽12月3800,0.0732,0.0,0.0,0.0,20,0.0717,0.0732,70,0.0712,0.0732,0.0732,0.0732,10.0,7320.0,298
2023-05-10 09:32:19,OP90002152,沪深300ETF沽12月3800,0.0732,0.0,0.0,0.0,60,0.0716,0.0731,20,0.0712,0.0732,0.0732,0.0732,10.0,7320.0,298
2023-05-10 09:32:19,OP90002152,沪深300ETF沽12月3800,0.0732,0.0,0.0,0.0,60,0.0716,0.073,10,0.0712,0.0732,0.0732,0.0732,10.0,7320.0,298
2023-05-10 09:32:20,OP90002152,沪深300ETF沽12月3800,0.0732,0.0,0.0,0.0,20,0.0717,0.073,10,0.0712,0.0732,0.0732,0.0732,10.0,7320.0,298
2023-05-10 09:32:20,OP90002152,沪深300ETF沽12月3800,0.0732,0.0,0.0,0.0,20,0.0717,0.073,10,0.0712,0.0732,0.0732,0.0732,10.0,7320.0,298
2023-05-10 09:32:25,OP90002152,沪深300ETF沽12月3800,0.0732,0.0,0.0,0.0,20,0.0717,0.073,10,0.0712,0.0732,0.0732,0.0732,10.0,7320.0,298
2023-05-10 09:32:26,OP90002152,沪深300ETF沽12月3800,0.0732,0.0,0.0,0.0,20,0.0717,0.073,10,0.0712,0.0732,0.0732,0.0732,10.0,7320.0,298
2023-05-10 09:32:26,OP90002152,沪深300ETF沽12月3800,0.0732,0.0,0.0,0.0,20,0.0717,0.073,10,0.0712,0.0732,0.0732,0.0732,10.0,7320.0,298
2023-05-10 09:32:27,OP90002152,沪深300ETF沽12月3800,0.0732,0.0,0.0,0.0,20,0.0717,0.073,10,0.0712,0.0732,0.0732,0.0732,10.0,7320.0,298
2023-05-10 09:32:28,OP90002152,沪深300ETF沽12月3800,0.0732,0.0,0.0,0.0,20,0.0717,0.073,10,0.0712,0.0732,0.0732,0.0732,10.0,7320.0,298
2023-05-10 09:32:29,OP90002152,沪深300ETF沽12月3800,0.0732,0.0,0.0,0.0,20,0.0717,0.073,25,0.0712,0.0732,0.0732,0.0732,10.0,7320.0,298
2023-05-10 09:32:30,OP90002152,沪深300ETF沽12月3800,0.0732,0.0,0.0,0.0,20,0.0717,0.073,25,0.0712,0.0732,0.0732,0.0732,10.0,7320.0,298
2023-05-10 09:32:30,OP90002152,沪深300ETF沽12月3800,0.0732,0.0,0.0,0.0,20,0.0717,0.0729,20,0.0712,0.0732,0.0732,0.0732,10.0,7320.0,298
2023-05-10 09:32:31,OP90002152,沪深300ETF沽12月3800,0.0732,0.0,0.0,0.0,20,0.0717,0.0729,20,0.0712,0.0732,0.0732,0.0732,10.0,7320.0,298
2023-05-10 09:32:32,OP90002152,沪深300ETF沽12月3800,0.0732,0.0,0.0,0.0,20,0.0717,0.0729,20,0.0712,0.0732,0.0732,0.0732,10.0,7320.0,298
2023-05-10 09:32:32,OP90002152,沪深300ETF沽12月3800,0.0732,0.0,0.0,0.0,20,0.0717,0.0729,20,0.0712,0.0732,0.0732,0.0732,10.0,7320.0,298
2023-05-10 09:32:33,OP90002152,沪深300ETF沽12月3800,0.0732,0.0,0.0,0.0,20,0.0717,0.0729,20,0.0712,0.0732,0.0732,0.0732,10.0,7320.0,298
2023-05-10 09:32:34,OP90002152,沪深300ETF沽12月3800,0.0732,0.0,0.0,0.0,20,0.0717,0.0729,20,0.0712,0.0732,0.0732,0.0732,10.0,7320.0,298
2023-05-10 09:32:36,OP90002152,沪深300ETF沽12月3800,0.0732,0.0,0.0,0.0,20,0.0717,0.0729,20,0.0712,0.0732,0.0732,0.0732,10.0,7320.0,298
2023-05-10 09:32:37,OP90002152,沪深300ETF沽12月3800,0.0732,0.0,0.0,0.0,20,0.0717,0.073,10,0.0712,0.0732,0.0732,0.0732,10.0,7320.0,298
2023-05-10 09:32:37,OP90002152,沪深300ETF沽12月3800,0.0732,0.0,0.0,0.0,20,0.0717,0.0729,15,0.0712,0.0732,0.0732,0.0732,10.0,7320.0,298
2023-05-10 09:32:39,OP90002152,沪深300ETF沽12月3800,0.0732,0.0,0.0,0.0,20,0.0717,0.0729,15,0.0712,0.0732,0.0732,0.0732,10.0,7320.0,298
2023-05-10 09:32:40,OP90002152,沪深300ETF沽12月3800,0.0732,0.0,0.0,0.0,20,0.0717,0.0729,15,0.0712,0.0732,0.0732,0.0732,10.0,7320.0,298
2023-05-10 09:32:43,OP90002152,沪深300ETF沽12月3800,0.0732,0.0,0.0,0.0,20,0.0717,0.0729,15,0.0712,0.0732,0.0732,0.0732,10.0,7320.0,298
2023-05-10 09:32:43,OP90002152,沪深300ETF沽12月3800,0.0732,0.0,0.0,0.0,20,0.0717,0.0729,15,0.0712,0.0732,0.0732,0.0732,10.0,7320.0,298
2023-05-10 09:32:44,OP90002152,沪深300ETF沽12月3800,0.0732,0.0,0.0,0.0,15,0.0717,0.0729,15,0.0712,0.0732,0.0732,0.0732,10.0,7320.0,298
2023-05-10 09:32:44,OP90002152,沪深300ETF沽12月3800,0.0732,0.0,0.0,0.0,20,0.0718,0.0729,15,0.0712,0.0732,0.0732,0.0732,10.0,7320.0,298
2023-05-10 09:32:45,OP90002152,沪深300ETF沽12月3800,0.0732,0.0,0.0,0.0,15,0.0719,0.0729,15,0.0712,0.0732,0.0732,0.0732,10.0,7320.0,298
2023-05-10 09:32:45,OP90002152,沪深300ETF沽12月3800,0.0732,0.0,0.0,0.0,20,0.072,0.0729,15,0.0712,0.0732,0.0732,0.0732,10.0,7320.0,298
2023-05-10 09:32:46,OP90002152,沪深300ETF沽12月3800,0.0732,0.0,0.0,0.0,35,0.072,0.0732,30,0.0712,0.0732,0.0732,0.0732,10.0,7320.0,298
2023-05-10 09:32:46,OP90002152,沪深300ETF沽12月3800,0.0732,0.0,0.0,0.0,20,0.0721,0.0731,15,0.0712,0.0732,0.0732,0.0732,10.0,7320.0,298
2023-05-10 09:32:47,OP90002152,沪深300ETF沽12月3800,0.0732,0.0,0.0,0.0,20,0.072,0.0731,15,0.0712,0.0732,0.0732,0.0732,10.0,7320.0,298
2023-05-10 09:32:47,OP90002152,沪深300ETF沽12月3800,0.0732,0.0,0.0,0.0,35,0.072,0.0731,15,0.0712,0.0732,0.0732,0.0732,10.0,7320.0,298
2023-05-10 09:32:48,OP90002152,沪深300ETF沽12月3800,0.0732,0.0,0.0,0.0,20,0.0721,0.0731,15,0.0712,0.0732,0.0732,0.0732,10.0,7320.0,298
2023-05-10 09:32:48,OP90002152,沪深300ETF沽12月3800,0.0732,0.0,0.0,0.0,20,0.0721,0.0731,15,0.0712,0.0732,0.0732,0.0732,10.0,7320.0,298
2023-05-10 09:32:49,OP90002152,沪深300ETF沽12月3800,0.0732,0.0,0.0,0.0,20,0.0721,0.0731,15,0.0712,0.0732,0.0732,0.0732,10.0,7320.0,298
2023-05-10 09:32:49,OP90002152,沪深300ETF沽12月3800,0.0732,0.0,0.0,0.0,20,0.072,0.0731,15,0.0712,0.0732,0.0732,0.0732,10.0,7320.0,298
2023-05-10 09:32:50,OP90002152,沪深300ETF沽12月3800,0.0732,0.0,0.0,0.0,20,0.072,0.0731,15,0.0712,0.0732,0.0732,0.0732,10.0,7320.0,298
2023-05-10 09:32:50,OP90002152,沪深300ETF沽12月3800,0.0732,0.0,0.0,0.0,20,0.0719,0.073,10,0.0712,0.0732,0.0732,0.0732,10.0,7320.0,298
2023-05-10 09:32:51,OP90002152,沪深300ETF沽12月3800,0.0732,0.0,0.0,0.0,20,0.0718,0.0729,15,0.0712,0.0732,0.0732,0.0732,10.0,7320.0,298
2023-05-10 09:32:51,OP90002152,沪深300ETF沽12月3800,0.0732,0.0,0.0,0.0,35,0.0718,0.0729,15,0.0712,0.0732,0.0732,0.0732,10.0,7320.0,298
2023-05-10 09:32:52,OP90002152,沪深300ETF沽12月3800,0.0732,0.0,0.0,0.0,20,0.0719,0.0729,15,0.0712,0.0732,0.0732,0.0732,10.0,7320.0,298
2023-05-10 09:32:52,OP90002152,沪深300ETF沽12月3800,0.0732,0.0,0.0,0.0,35,0.0719,0.0729,15,0.0712,0.0732,0.0732,0.0732,10.0,7320.0,298
2023-05-10 09:32:53,OP90002152,沪深300ETF沽12月3800,0.0732,0.0,0.0,0.0,20,0.072,0.0729,15,0.0712,0.0732,0.0732,0.0732,10.0,7320.0,298
2023-05-10 09:32:53,OP90002152,沪深300ETF沽12月3800,0.0732,0.0,0.0,0.0,20,0.072,0.0729,15,0.0712,0.0732,0.0732,0.0732,10.0,7320.0,298
2023-05-10 09:32:54,OP90002152,沪深300ETF沽12月3800,0.0732,0.0,0.0,0.0,20,0.0718,0.0729,15,0.0712,0.0732,0.0732,0.0732,10.0,7320.0,298
2023-05-10 09:32:54,OP90002152,沪深300ETF沽12月3800,0.0732,0.0,0.0,0.0,35,0.0718,0.0729,15,0.0712,0.0732,0.0732,0.0732,10.0,7320.0,298
2023-05-10 09:32:55,OP90002152,沪深300ETF沽12月3800,0.0732,0.0,0.0,0.0,20,0.0719,0.0729,15,0.0712,0.0732,0.0732,0.0732,10.0,7320.0,298
2023-05-10 09:32:55,OP90002152,沪深300ETF沽12月3800,0.0732,0.0,0.0,0.0,20,0.0719,0.073,10,0.0712,0.0732,0.0732,0.0732,10.0,7320.0,298
2023-05-10 09:32:56,OP90002152,沪深300ETF沽12月3800,0.0732,0.0,0.0,0.0,15,0.0719,0.0729,15,0.0712,0.0732,0.0732,0.0732,10.0,7320.0,298
2023-05-10 09:32:56,OP90002152,沪深300ETF沽12月3800,0.0732,0.0,0.0,0.0,20,0.072,0.0729,15,0.0712,0.0732,0.0732,0.0732,10.0,7320.0,298
2023-05-10 09:32:57,OP90002152,沪深300ETF沽12月3800,0.0732,0.0,0.0,0.0,20,0.0718,0.0729,15,0.0712,0.0732,0.0732,0.0732,10.0,7320.0,298
2023-05-10 09:32:57,OP90002152,沪深300ETF沽12月3800,0.0732,0.0,0.0,0.0,20,0.0718,0.0729,15,0.0712,0.0732,0.0732,0.0732,10.0,7320.0,298
2023-05-10 09:32:58,OP90002152,沪深300ETF沽12月3800,0.0732,0.0,0.0,0.0,20,0.0718,0.0729,15,0.0712,0.0732,0.0732,0.0732,10.0,7320.0,298
2023-05-10 09:32:58,OP90002152,沪深300ETF沽12月3800,0.0732,0.0,0.0,0.0,20,0.0718,0.0729,15,0.0712,0.0732,0.0732,0.0732,10.0,7320.0,298
2023-05-10 09:32:59,OP90002152,沪深300ETF沽12月3800,0.0732,0.0,0.0,0.0,20,0.0718,0.0729,15,0.0712,0.0732,0.0732,0.0732,10.0,7320.0,298
2023-05-10 09:32:59,OP90002152,沪深300ETF沽12月3800,0.0732,0.0,0.0,0.0,20,0.0718,0.0729,15,0.0712,0.0732,0.0732,0.0732,10.0,7320.0,298
2023-05-10 09:33:00,OP90002152,沪深300ETF沽12月3800,0.0732,0.0,0.0,0.0,20,0.0716,0.0729,15,0.0712,0.0732,0.0732,0.0732,10.0,7320.0,298
2023-05-10 09:33:00,OP90002152,沪深300ETF沽12月3800,0.0732,0.0,0.0,0.0,20,0.0716,0.0729,15,0.0712,0.0732,0.0732,0.0732,10.0,7320.0,298
2023-05-10 09:33:01,OP90002152,沪深300ETF沽12月3800,0.0732,0.0,0.0,0.0,35,0.0716,0.0729,15,0.0712,0.0732,0.0732,0.0732,10.0,7320.0,298
2023-05-10 09:33:01,OP90002152,沪深300ETF沽12月3800,0.0732,0.0,0.0,0.0,20,0.0717,0.0729,15,0.0712,0.0732,0.0732,0.0732,10.0,7320.0,298
2023-05-10 09:33:02,OP90002152,沪深300ETF沽12月3800,0.0732,0.0,0.0,0.0,20,0.0717,0.0729,15,0.0712,0.0732,0.0732,0.0732,10.0,7320.0,298
2023-05-10 09:33:02,OP90002152,沪深300ETF沽12月3800,0.0732,0.0,0.0,0.0,35,0.0717,0.0729,15,0.0712,0.0732,0.0732,0.0732,10.0,7320.0,298
2023-05-10 09:33:03,OP90002152,沪深300ETF沽12月3800,0.0732,0.0,0.0,0.0,20,0.0718,0.0729,15,0.0712,0.0732,0.0732,0.0732,10.0,7320.0,298
2023-05-10 09:33:03,OP90002152,沪深300ETF沽12月3800,0.0732,0.0,0.0,0.0,20,0.0718,0.0729,25,0.0712,0.0732,0.0732,0.0732,10.0,7320.0,298
2023-05-10 09:33:04,OP90002152,沪深300ETF沽12月3800,0.0732,0.0,0.0,0.0,20,0.0718,0.0729,25,0.0712,0.0732,0.0732,0.0732,10.0,7320.0,298
2023-05-10 09:33:04,OP90002152,沪深300ETF沽12月3800,0.0732,0.0,0.0,0.0,20,0.0718,0.0729,25,0.0712,0.0732,0.0732,0.0732,10.0,7320.0,298
2023-05-10 09:33:05,OP90002152,沪深300ETF沽12月3800,0.0732,0.0,0.0,0.0,20,0.0718,0.0729,25,0.0712,0.0732,0.0732,0.0732,10.0,7320.0,298
2023-05-10 09:33:07,OP90002152,沪深300ETF沽12月3800,0.0732,0.0,0.0,0.0,20,0.0718,0.0729,25,0.0712,0.0732,0.0732,0.0732,10.0,7320.0,298
2023-05-10 09:33:07,OP90002152,沪深300ETF沽12月3800,0.0732,0.0,0.0,0.0,15,0.0719,0.0733,20,0.0712,0.0732,0.0732,0.0732,10.0,7320.0,298
2023-05-10 09:33:08,OP90002152,沪深300ETF沽12月3800,0.0732,0.0,0.0,0.0,20,0.072,0.0732,15,0.0712,0.0732,0.0732,0.0732,10.0,7320.0,298
2023-05-10 09:33:08,OP90002152,沪深300ETF沽12月3800,0.0732,0.0,0.0,0.0,35,0.072,0.0732,25,0.0712,0.0732,0.0732,0.0732,10.0,7320.0,298
2023-05-10 09:33:09,OP90002152,沪深300ETF沽12月3800,0.0732,0.0,0.0,0.0,20,0.0721,0.0732,25,0.0712,0.0732,0.0732,0.0732,10.0,7320.0,298
2023-05-10 09:33:10,OP90002152,沪深300ETF沽12月3800,0.0732,0.0,0.0,0.0,35,0.0721,0.0732,25,0.0712,0.0732,0.0732,0.0732,10.0,7320.0,298
2023-05-10 09:33:10,OP90002152,沪深300ETF沽12月3800,0.0732,0.0,0.0,0.0,20,0.0722,0.0732,25,0.0712,0.0732,0.0732,0.0732,10.0,7320.0,298
2023-05-10 09:33:11,OP90002152,沪深300ETF沽12月3800,0.0732,0.0,0.0,0.0,20,0.0722,0.0732,25,0.0712,0.0732,0.0732,0.0732,10.0,7320.0,298
2023-05-10 09:33:11,OP90002152,沪深300ETF沽12月3800,0.0732,0.0,0.0,0.0,20,0.072,0.0732,25,0.0712,0.0732,0.0732,0.0732,10.0,7320.0,298
2023-05-10 09:33:12,OP90002152,沪深300ETF沽12月3800,0.0732,0.0,0.0,0.0,20,0.072,0.0731,10,0.0712,0.0732,0.0732,0.0732,10.0,7320.0,298
2023-05-10 09:33:12,OP90002152,沪深300ETF沽12月3800,0.0732,0.0,0.0,0.0,20,0.0718,0.073,15,0.0712,0.0732,0.0732,0.0732,10.0,7320.0,298
2023-05-10 09:33:13,OP90002152,沪深300ETF沽12月3800,0.0732,0.0,0.0,0.0,20,0.0718,0.0729,10,0.0712,0.0732,0.0732,0.0732,10.0,7320.0,298
2023-05-10 09:33:13,OP90002152,沪深300ETF沽12月3800,0.0732,0.0,0.0,0.0,20,0.0717,0.0728,15,0.0712,0.0732,0.0732,0.0732,10.0,7320.0,298
2023-05-10 09:33:14,OP90002152,沪深300ETF沽12月3800,0.0732,0.0,0.0,0.0,35,0.0717,0.0728,25,0.0712,0.0732,0.0732,0.0732,10.0,7320.0,298
2023-05-10 09:33:14,OP90002152,沪深300ETF沽12月3800,0.0732,0.0,0.0,0.0,20,0.0718,0.0728,25,0.0712,0.0732,0.0732,0.0732,10.0,7320.0,298
2023-05-10 09:33:15,OP90002152,沪深300ETF沽12月3800,0.0732,0.0,0.0,0.0,20,0.0718,0.0728,25,0.0712,0.0732,0.0732,0.0732,10.0,7320.0,298
2023-05-10 09:33:15,OP90002152,沪深300ETF沽12月3800,0.0732,0.0,0.0,0.0,20,0.0717,0.0728,25,0.0712,0.0732,0.0732,0.0732,10.0,7320.0,298
2023-05-10 09:33:16,OP90002152,沪深300ETF沽12月3800,0.0732,0.0,0.0,0.0,20,0.0717,0.0728,25,0.0712,0.0732,0.0732,0.0732,10.0,7320.0,298
2023-05-10 09:33:16,OP90002152,沪深300ETF沽12月3800,0.0732,0.0,0.0,0.0,20,0.0716,0.0728,25,0.0712,0.0732,0.0732,0.0732,10.0,7320.0,298
2023-05-10 09:33:17,OP90002152,沪深300ETF沽12月3800,0.0732,0.0,0.0,0.0,15,0.0717,0.0728,25,0.0712,0.0732,0.0732,0.0732,10.0,7320.0,298
2023-05-10 09:33:17,OP90002152,沪深300ETF沽12月3800,0.0732,0.0,0.0,0.0,35,0.0717,0.0728,25,0.0712,0.0732,0.0732,0.0732,10.0,7320.0,298
2023-05-10 09:33:18,OP90002152,沪深300ETF沽12月3800,0.0732,0.0,0.0,0.0,35,0.0717,0.0728,25,0.0712,0.0732,0.0732,0.0732,10.0,7320.0,298
2023-05-10 09:33:18,OP90002152,沪深300ETF沽12月3800,0.0732,0.0,0.0,0.0,35,0.0717,0.0728,25,0.0712,0.0732,0.0732,0.0732,10.0,7320.0,298
2023-05-10 09:33:19,OP90002152,沪深300ETF沽12月3800,0.0732,0.0,0.0,0.0,20,0.0717,0.0728,25,0.0712,0.0732,0.0732,0.0732,10.0,7320.0,298
2023-05-10 09:33:20,OP90002152,沪深300ETF沽12月3800,0.0732,0.0,0.0,0.0,60,0.0715,0.0728,25,0.0712,0.0732,0.0732,0.0732,10.0,7320.0,298
2023-05-10 09:33:20,OP90002152,沪深300ETF沽12月3800,0.0732,0.0,0.0,0.0,20,0.0716,0.0727,10,0.0712,0.0732,0.0732,0.0732,10.0,7320.0,298
2023-05-10 09:33:21,OP90002152,沪深300ETF沽12月3800,0.0732,0.0,0.0,0.0,20,0.0715,0.0726,15,0.0712,0.0732,0.0732,0.0732,10.0,7320.0,298
2023-05-10 09:33:21,OP90002152,沪深300ETF沽12月3800,0.0732,0.0,0.0,0.0,20,0.0713,0.0725,10,0.0712,0.0732,0.0732,0.0732,10.0,7320.0,298
2023-05-10 09:33:22,OP90002152,沪深300ETF沽12月3800,0.0732,0.0,0.0,0.0,15,0.0714,0.0725,25,0.0712,0.0732,0.0732,0.0732,10.0,7320.0,298
2023-05-10 09:33:22,OP90002152,沪深300ETF沽12月3800,0.0732,0.0,0.0,0.0,35,0.0714,0.0725,25,0.0712,0.0732,0.0732,0.0732,10.0,7320.0,298
2023-05-10 09:33:23,OP90002152,沪深300ETF沽12月3800,0.0732,0.0,0.0,0.0,35,0.0714,0.0725,25,0.0712,0.0732,0.0732,0.0732,10.0,7320.0,298
2023-05-10 09:33:23,OP90002152,沪深300ETF沽12月3800,0.0732,0.0,0.0,0.0,20,0.0715,0.0725,25,0.0712,0.0732,0.0732,0.0732,10.0,7320.0,298
2023-05-10 09:33:24,OP90002152,沪深300ETF沽12月3800,0.0732,0.0,0.0,0.0,35,0.0715,0.0725,25,0.0712,0.0732,0.0732,0.0732,10.0,7320.0,298
2023-05-10 09:33:28,OP90002152,沪深300ETF沽12月3800,0.0732,0.0,0.0,0.0,20,0.0715,0.0725,25,0.0712,0.0732,0.0732,0.0732,10.0,7320.0,298
2023-05-10 09:33:28,OP90002152,沪深300ETF沽12月3800,0.0732,0.0,0.0,0.0,20,0.0713,0.0725,25,0.0712,0.0732,0.0732,0.0732,10.0,7320.0,298
2023-05-10 09:33:29,OP90002152,沪深300ETF沽12月3800,0.0732,0.0,0.0,0.0,20,0.0713,0.0725,25,0.0712,0.0732,0.0732,0.0732,10.0,7320.0,298
2023-05-10 09:33:29,OP90002152,沪深300ETF沽12月3800,0.0732,0.0,0.0,0.0,35,0.0713,0.0725,25,0.0712,0.0732,0.0732,0.0732,10.0,7320.0,298
2023-05-10 09:33:30,OP90002152,沪深300ETF沽12月3800,0.0732,0.0,0.0,0.0,20,0.0714,0.0725,25,0.0712,0.0732,0.0732,0.0732,10.0,7320.0,298
2023-05-10 09:33:30,OP90002152,沪深300ETF沽12月3800,0.0732,0.0,0.0,0.0,35,0.0714,0.0725,25,0.0712,0.0732,0.0732,0.0732,10.0,7320.0,298
2023-05-10 09:33:31,OP90002152,沪深300ETF沽12月3800,0.0732,0.0,0.0,0.0,20,0.0715,0.0725,10,0.0712,0.0732,0.0732,0.0732,10.0,7320.0,298
2023-05-10 09:33:31,OP90002152,沪深300ETF沽12月3800,0.0732,0.0,0.0,0.0,15,0.0716,0.0725,10,0.0712,0.0732,0.0732,0.0732,10.0,7320.0,298
2023-05-10 09:33:32,OP90002152,沪深300ETF沽12月3800,0.0732,0.0,0.0,0.0,35,0.0716,0.0727,10,0.0712,0.0732,0.0732,0.0732,10.0,7320.0,298
2023-05-10 09:33:32,OP90002152,沪深300ETF沽12月3800,0.0732,0.0,0.0,0.0,35,0.0716,0.0726,15,0.0712,0.0732,0.0732,0.0732,10.0,7320.0,298
2023-05-10 09:33:33,OP90002152,沪深300ETF沽12月3800,0.0732,0.0,0.0,0.0,20,0.0716,0.0725,10,0.0712,0.0732,0.0732,0.0732,10.0,7320.0,298
2023-05-10 09:33:33,OP90002152,沪深300ETF沽12月3800,0.0732,0.0,0.0,0.0,20,0.0714,0.0725,10,0.0712,0.0732,0.0732,0.0732,10.0,7320.0,298
2023-05-10 09:33:34,OP90002152,沪深300ETF沽12月3800,0.0732,0.0,0.0,0.0,15,0.0715,0.0725,10,0.0712,0.0732,0.0732,0.0732,10.0,7320.0,298
2023-05-10 09:33:34,OP90002152,沪深300ETF沽12月3800,0.0732,0.0,0.0,0.0,35,0.0715,0.0725,10,0.0712,0.0732,0.0732,0.0732,10.0,7320.0,298
2023-05-10 09:33:35,OP90002152,沪深300ETF沽12月3800,0.0732,0.0,0.0,0.0,20,0.0716,0.0725,10,0.0712,0.0732,0.0732,0.0732,10.0,7320.0,298
2023-05-10 09:33:35,OP90002152,沪深300ETF沽12月3800,0.0732,0.0,0.0,0.0,15,0.0717,0.0729,30,0.0712,0.0732,0.0732,0.0732,10.0,7320.0,298
2023-05-10 09:33:36,OP90002152,沪深300ETF沽12月3800,0.0732,0.0,0.0,0.0,35,0.0717,0.0728,25,0.0712,0.0732,0.0732,0.0732,10.0,7320.0,298
2023-05-10 09:33:36,OP90002152,沪深300ETF沽12月3800,0.0732,0.0,0.0,0.0,15,0.0717,0.0728,25,0.0712,0.0732,0.0732,0.0732,10.0,7320.0,298
2023-05-10 09:33:37,OP90002152,沪深300ETF沽12月3800,0.0732,0.0,0.0,0.0,15,0.0717,0.0728,25,0.0712,0.0732,0.0732,0.0732,10.0,7320.0,298
2023-05-10 09:33:37,OP90002152,沪深300ETF沽12月3800,0.0732,0.0,0.0,0.0,15,0.0717,0.0728,25,0.0712,0.0732,0.0732,0.0732,10.0,7320.0,298
2023-05-10 09:33:40,OP90002152,沪深300ETF沽12月3800,0.0732,0.0,0.0,0.0,35,0.0717,0.0728,25,0.0712,0.0732,0.0732,0.0732,10.0,7320.0,298
2023-05-10 09:33:41,OP90002152,沪深300ETF沽12月3800,0.0732,0.0,0.0,0.0,20,0.0718,0.0728,10,0.0712,0.0732,0.0732,0.0732,10.0,7320.0,298
2023-05-10 09:33:41,OP90002152,沪深300ETF沽12月3800,0.0732,0.0,0.0,0.0,15,0.0719,0.0731,20,0.0712,0.0732,0.0732,0.0732,10.0,7320.0,298
2023-05-10 09:33:42,OP90002152,沪深300ETF沽12月3800,0.0732,0.0,0.0,0.0,35,0.0719,0.073,15,0.0712,0.0732,0.0732,0.0732,10.0,7320.0,298
2023-05-10 09:33:42,OP90002152,沪深300ETF沽12月3800,0.0732,0.0,0.0,0.0,35,0.0719,0.073,25,0.0712,0.0732,0.0732,0.0732,10.0,7320.0,298
2023-05-10 09:33:43,OP90002152,沪深300ETF沽12月3800,0.0732,0.0,0.0,0.0,35,0.0719,0.073,15,0.0712,0.0732,0.0732,0.0732,10.0,7320.0,298
2023-05-10 09:33:43,OP90002152,沪深300ETF沽12月3800,0.0732,0.0,0.0,0.0,35,0.0719,0.073,15,0.0712,0.0732,0.0732,0.0732,10.0,7320.0,298
2023-05-10 09:33:44,OP90002152,沪深300ETF沽12月3800,0.0732,0.0,0.0,0.0,35,0.0719,0.073,15,0.0712,0.0732,0.0732,0.0732,10.0,7320.0,298
2023-05-10 09:33:44,OP90002152,沪深300ETF沽12月3800,0.0732,0.0,0.0,0.0,35,0.0719,0.073,15,0.0712,0.0732,0.0732,0.0732,10.0,7320.0,298
2023-05-10 09:33:45,OP90002152,沪深300ETF沽12月3800,0.0732,0.0,0.0,0.0,35,0.0719,0.073,15,0.0712,0.0732,0.0732,0.0732,10.0,7320.0,298
2023-05-10 09:33:45,OP90002152,沪深300ETF沽12月3800,0.0732,0.0,0.0,0.0,35,0.0719,0.073,15,0.0712,0.0732,0.0732,0.0732,10.0,7320.0,298
2023-05-10 09:33:46,OP90002152,沪深300ETF沽12月3800,0.0732,0.0,0.0,0.0,35,0.0719,0.073,15,0.0712,0.0732,0.0732,0.0732,10.0,7320.0,298
2023-05-10 09:33:46,OP90002152,沪深300ETF沽12月3800,0.0732,0.0,0.0,0.0,35,0.0719,0.073,15,0.0712,0.0732,0.0732,0.0732,10.0,7320.0,298
2023-05-10 09:33:47,OP90002152,沪深300ETF沽12月3800,0.0732,0.0,0.0,0.0,15,0.0719,0.073,15,0.0712,0.0732,0.0732,0.0732,10.0,7320.0,298
2023-05-10 09:33:47,OP90002152,沪深300ETF沽12月3800,0.0732,0.0,0.0,0.0,15,0.0719,0.073,15,0.0712,0.0732,0.0732,0.0732,10.0,7320.0,298
2023-05-10 09:33:48,OP90002152,沪深300ETF沽12月3800,0.0732,0.0,0.0,0.0,15,0.0719,0.073,15,0.0712,0.0732,0.0732,0.0732,10.0,7320.0,298
2023-05-10 09:33:52,OP90002152,沪深300ETF沽12月3800,0.0732,0.0,0.0,0.0,35,0.0719,0.073,15,0.0712,0.0732,0.0732,0.0732,10.0,7320.0,298
2023-05-10 09:33:53,OP90002152,沪深300ETF沽12月3800,0.0732,0.0,0.0,0.0,35,0.0719,0.073,15,0.0712,0.0732,0.0732,0.0732,10.0,7320.0,298
2023-05-10 09:33:53,OP90002152,沪深300ETF沽12月3800,0.0732,0.0,0.0,0.0,35,0.0719,0.073,15,0.0712,0.0732,0.0732,0.0732,10.0,7320.0,298
2023-05-10 09:33:54,OP90002152,沪深300ETF沽12月3800,0.0732,0.0,0.0,0.0,15,0.0719,0.073,15,0.0712,0.0732,0.0732,0.0732,10.0,7320.0,298
2023-05-10 09:33:54,OP90002152,沪深300ETF沽12月3800,0.0732,0.0,0.0,0.0,30,0.0718,0.073,15,0.0712,0.0732,0.0732,0.0732,10.0,7320.0,298
2023-05-10 09:33:55,OP90002152,沪深300ETF沽12月3800,0.0732,0.0,0.0,0.0,45,0.0718,0.073,15,0.0712,0.0732,0.0732,0.0732,10.0,7320.0,298
2023-05-10 09:33:55,OP90002152,沪深300ETF沽12月3800,0.0732,0.0,0.0,0.0,45,0.0718,0.073,25,0.0712,0.0732,0.0732,0.0732,10.0,7320.0,298
2023-05-10 09:33:56,OP90002152,沪深300ETF沽12月3800,0.0732,0.0,0.0,0.0,35,0.0718,0.073,25,0.0712,0.0732,0.0732,0.0732,10.0,7320.0,298
2023-05-10 09:33:56,OP90002152,沪深300ETF沽12月3800,0.0732,0.0,0.0,0.0,35,0.0718,0.073,25,0.0712,0.0732,0.0732,0.0732,10.0,7320.0,298
2023-05-10 09:33:57,OP90002152,沪深300ETF沽12月3800,0.0732,0.0,0.0,0.0,35,0.0718,0.073,15,0.0712,0.0732,0.0732,0.0732,10.0,7320.0,298
2023-05-10 09:33:57,OP90002152,沪深300ETF沽12月3800,0.0732,0.0,0.0,0.0,35,0.0718,0.073,15,0.0712,0.0732,0.0732,0.0732,10.0,7320.0,298
2023-05-10 09:33:58,OP90002152,沪深300ETF沽12月3800,0.0732,0.0,0.0,0.0,35,0.0718,0.073,15,0.0712,0.0732,0.0732,0.0732,10.0,7320.0,298
2023-05-10 09:33:58,OP90002152,沪深300ETF沽12月3800,0.0732,0.0,0.0,0.0,35,0.0718,0.073,15,0.0712,0.0732,0.0732,0.0732,10.0,7320.0,298
2023-05-10 09:33:59,OP90002152,沪深300ETF沽12月3800,0.0732,0.0,0.0,0.0,35,0.0718,0.073,15,0.0712,0.0732,0.0732,0.0732,10.0,7320.0,298
2023-05-10 09:33:59,OP90002152,沪深300ETF沽12月3800,0.0732,0.0,0.0,0.0,35,0.0718,0.073,15,0.0712,0.0732,0.0732,0.0732,10.0,7320.0,298
2023-05-10 09:34:00,OP90002152,沪深300ETF沽12月3800,0.0732,0.0,0.0,0.0,20,0.0719,0.073,15,0.0712,0.0732,0.0732,0.0732,10.0,7320.0,298
2023-05-10 09:34:00,OP90002152,沪深300ETF沽12月3800,0.0732,0.0,0.0,0.0,15,0.072,0.073,15,0.0712,0.0732,0.0732,0.0732,10.0,7320.0,298
2023-05-10 09:34:01,OP90002152,沪深300ETF沽12月3800,0.0732,0.0,0.0,0.0,35,0.072,0.073,15,0.0712,0.0732,0.0732,0.0732,10.0,7320.0,298
2023-05-10 09:34:01,OP90002152,沪深300ETF沽12月3800,0.0732,0.0,0.0,0.0,35,0.072,0.073,15,0.0712,0.0732,0.0732,0.0732,10.0,7320.0,298
2023-05-10 09:34:02,OP90002152,沪深300ETF沽12月3800,0.0732,0.0,0.0,0.0,35,0.072,0.073,15,0.0712,0.0732,0.0732,0.0732,10.0,7320.0,298
2023-05-10 09:34:02,OP90002152,沪深300ETF沽12月3800,0.0732,0.0,0.0,0.0,35,0.072,0.0733,20,0.0712,0.0732,0.0732,0.0732,10.0,7320.0,298
2023-05-10 09:34:03,OP90002152,沪深300ETF沽12月3800,0.0732,0.0,0.0,0.0,35,0.072,0.0732,15,0.0712,0.0732,0.0732,0.0732,10.0,7320.0,298
2023-05-10 09:34:03,OP90002152,沪深300ETF沽12月3800,0.0732,0.0,0.0,0.0,35,0.072,0.0732,15,0.0712,0.0732,0.0732,0.0732,10.0,7320.0,298
2023-05-10 09:34:04,OP90002152,沪深300ETF沽12月3800,0.0732,0.0,0.0,0.0,20,0.0721,0.0733,10,0.0712,0.0732,0.0732,0.0732,10.0,7320.0,298
2023-05-10 09:34:04,OP90002152,沪深300ETF沽12月3800,0.0732,0.0,0.0,0.0,15,0.0722,0.0733,15,0.0712,0.0732,0.0732,0.0732,10.0,7320.0,298
2023-05-10 09:34:05,OP90002152,沪深300ETF沽12月3800,0.0732,0.0,0.0,0.0,20,0.0723,0.0734,10,0.0712,0.0732,0.0732,0.0732,10.0,7320.0,298
2023-05-10 09:34:05,OP90002152,沪深300ETF沽12月3800,0.0732,0.0,0.0,0.0,15,0.0724,0.0734,15,0.0712,0.0732,0.0732,0.0732,10.0,7320.0,298
2023-05-10 09:34:06,OP90002152,沪深300ETF沽12月3800,0.0732,0.0,0.0,0.0,35,0.0724,0.0734,15,0.0712,0.0732,0.0732,0.0732,10.0,7320.0,298
2023-05-10 09:34:06,OP90002152,沪深300ETF沽12月3800,0.0732,0.0,0.0,0.0,35,0.0724,0.0736,10,0.0712,0.0732,0.0732,0.0732,10.0,7320.0,298
2023-05-10 09:34:07,OP90002152,沪深300ETF沽12月3800,0.0732,0.0,0.0,0.0,35,0.0724,0.0735,15,0.0712,0.0732,0.0732,0.0732,10.0,7320.0,298
2023-05-10 09:34:07,OP90002152,沪深300ETF沽12月3800,0.0732,0.0,0.0,0.0,35,0.0724,0.0735,15,0.0712,0.0732,0.0732,0.0732,10.0,7320.0,298
2023-05-10 09:34:08,OP90002152,沪深300ETF沽12月3800,0.0732,0.0,0.0,0.0,15,0.0724,0.0735,25,0.0712,0.0732,0.0732,0.0732,10.0,7320.0,298
2023-05-10 09:34:10,OP90002152,沪深300ETF沽12月3800,0.0732,0.0,0.0,0.0,15,0.0724,0.0735,25,0.0712,0.0732,0.0732,0.0732,10.0,7320.0,298
2023-05-10 09:34:12,OP90002152,沪深300ETF沽12月3800,0.0732,0.0,0.0,0.0,15,0.0724,0.0735,15,0.0712,0.0732,0.0732,0.0732,10.0,7320.0,298
2023-05-10 09:34:13,OP90002152,沪深300ETF沽12月3800,0.0732,0.0,0.0,0.0,35,0.0724,0.0735,15,0.0712,0.0732,0.0732,0.0732,10.0,7320.0,298
2023-05-10 09:34:13,OP90002152,沪深300ETF沽12月3800,0.0732,0.0,0.0,0.0,35,0.0724,0.0735,25,0.0712,0.0732,0.0732,0.0732,10.0,7320.0,298
2023-05-10 09:34:14,OP90002152,沪深300ETF沽12月3800,0.0732,0.0,0.0,0.0,35,0.0724,0.0735,25,0.0712,0.0732,0.0732,0.0732,10.0,7320.0,298
2023-05-10 09:34:15,OP90002152,沪深300ETF沽12月3800,0.0732,0.0,0.0,0.0,35,0.0724,0.0735,25,0.0712,0.0732,0.0732,0.0732,10.0,7320.0,298
2023-05-10 09:34:15,OP90002152,沪深300ETF沽12月3800,0.0732,0.0,0.0,0.0,35,0.0724,0.0735,10,0.0712,0.0732,0.0732,0.0732,10.0,7320.0,298
2023-05-10 09:34:17,OP90002152,沪深300ETF沽12月3800,0.0732,0.0,0.0,0.0,35,0.0724,0.0735,10,0.0712,0.0732,0.0732,0.0732,10.0,7320.0,298
2023-05-10 09:34:18,OP90002152,沪深300ETF沽12月3800,0.0732,0.0,0.0,0.0,35,0.0724,0.0734,15,0.0712,0.0732,0.0732,0.0732,10.0,7320.0,298
2023-05-10 09:34:19,OP90002152,沪深300ETF沽12月3800,0.0732,0.0,0.0,0.0,20,0.0725,0.0735,10,0.0712,0.0732,0.0732,0.0732,10.0,7320.0,298
2023-05-10 09:34:20,OP90002152,沪深300ETF沽12月3800,0.0732,0.0,0.0,0.0,35,0.0725,0.0736,15,0.0712,0.0732,0.0732,0.0732,10.0,7320.0,298
2023-05-10 09:34:20,OP90002152,沪深300ETF沽12月3800,0.0732,0.0,0.0,0.0,20,0.0726,0.0736,15,0.0712,0.0732,0.0732,0.0732,10.0,7320.0,298
2023-05-10 09:34:21,OP90002152,沪深300ETF沽12月3800,0.0732,0.0,0.0,0.0,35,0.0726,0.0736,15,0.0712,0.0732,0.0732,0.0732,10.0,7320.0,298
2023-05-10 09:34:21,OP90002152,沪深300ETF沽12月3800,0.0732,0.0,0.0,0.0,35,0.0726,0.0736,15,0.0712,0.0732,0.0732,0.0732,10.0,7320.0,298
2023-05-10 09:34:26,OP90002152,沪深300ETF沽12月3800,0.0732,0.0,0.0,0.0,35,0.0726,0.0737,10,0.0712,0.0732,0.0732,0.0732,10.0,7320.0,298
2023-05-10 09:34:26,OP90002152,沪深300ETF沽12月3800,0.0732,0.0,0.0,0.0,35,0.0726,0.0737,25,0.0712,0.0732,0.0732,0.0732,10.0,7320.0,298
2023-05-10 09:34:28,OP90002152,沪深300ETF沽12月3800,0.0732,0.0,0.0,0.0,35,0.0726,0.0737,25,0.0712,0.0732,0.0732,0.0732,10.0,7320.0,298
2023-05-10 09:34:29,OP90002152,沪深300ETF沽12月3800,0.0732,0.0,0.0,0.0,35,0.0726,0.0737,25,0.0712,0.0732,0.0732,0.0732,10.0,7320.0,298
2023-05-10 09:34:32,OP90002152,沪深300ETF沽12月3800,0.0732,0.0,0.0,0.0,35,0.0726,0.0737,10,0.0712,0.0732,0.0732,0.0732,10.0,7320.0,298
2023-05-10 09:34:33,OP90002152,沪深300ETF沽12月3800,0.0732,0.0,0.0,0.0,20,0.0727,0.074,30,0.0712,0.0732,0.0732,0.0732,10.0,7320.0,298
2023-05-10 09:34:33,OP90002152,沪深300ETF沽12月3800,0.0732,0.0,0.0,0.0,15,0.0728,0.0735,10,0.0712,0.0732,0.0732,0.0732,10.0,7320.0,298
2023-05-10 09:34:34,OP90002152,沪深300ETF沽12月3800,0.0732,0.0,0.0,0.0,35,0.0728,0.074,10,0.0712,0.0732,0.0732,0.0732,10.0,7320.0,298
2023-05-10 09:34:34,OP90002152,沪深300ETF沽12月3800,0.0732,0.0,0.0,0.0,20,0.0729,0.0738,10,0.0712,0.0732,0.0732,0.0732,10.0,7320.0,298
2023-05-10 09:34:35,OP90002152,沪深300ETF沽12月3800,0.0732,0.0,0.0,0.0,35,0.0729,0.0738,15,0.0712,0.0732,0.0732,0.0732,10.0,7320.0,298
2023-05-10 09:34:35,OP90002152,沪深300ETF沽12月3800,0.0732,0.0,0.0,0.0,20,0.0729,0.0736,10,0.0712,0.0732,0.0732,0.0732,10.0,7320.0,298
2023-05-10 09:34:36,OP90002152,沪深300ETF沽12月3800,0.0732,0.0,0.0,0.0,20,0.0729,0.0738,15,0.0712,0.0732,0.0732,0.0732,10.0,7320.0,298
2023-05-10 09:34:36,OP90002152,沪深300ETF沽12月3800,0.0732,0.0,0.0,0.0,20,0.0729,0.0736,10,0.0712,0.0732,0.0732,0.0732,10.0,7320.0,298
2023-05-10 09:34:37,OP90002152,沪深300ETF沽12月3800,0.0732,0.0,0.0,0.0,20,0.0728,0.0738,15,0.0712,0.0732,0.0732,0.0732,10.0,7320.0,298
2023-05-10 09:34:37,OP90002152,沪深300ETF沽12月3800,0.0732,0.0,0.0,0.0,20,0.0725,0.0737,10,0.0712,0.0732,0.0732,0.0732,10.0,7320.0,298
2023-05-10 09:34:38,OP90002152,沪深300ETF沽12月3800,0.0732,0.0,0.0,0.0,15,0.0726,0.0736,15,0.0712,0.0732,0.0732,0.0732,10.0,7320.0,298
2023-05-10 09:34:38,OP90002152,沪深300ETF沽12月3800,0.0732,0.0,0.0,0.0,35,0.0726,0.0738,10,0.0712,0.0732,0.0732,0.0732,10.0,7320.0,298
2023-05-10 09:34:39,OP90002152,沪深300ETF沽12月3800,0.0732,0.0,0.0,0.0,20,0.0727,0.0737,15,0.0712,0.0732,0.0732,0.0732,10.0,7320.0,298
2023-05-10 09:34:39,OP90002152,沪深300ETF沽12月3800,0.0732,0.0,0.0,0.0,35,0.0727,0.0737,15,0.0712,0.0732,0.0732,0.0732,10.0,7320.0,298
2023-05-10 09:34:40,OP90002152,沪深300ETF沽12月3800,0.0732,0.0,0.0,0.0,35,0.0727,0.0737,15,0.0712,0.0732,0.0732,0.0732,10.0,7320.0,298
2023-05-10 09:34:40,OP90002152,沪深300ETF沽12月3800,0.0732,0.0,0.0,0.0,35,0.0727,0.0735,10,0.0712,0.0732,0.0732,0.0732,10.0,7320.0,298
2023-05-10 09:34:41,OP90002152,沪深300ETF沽12月3800,0.0732,0.0,0.0,0.0,35,0.0727,0.0737,15,0.0712,0.0732,0.0732,0.0732,10.0,7320.0,298
2023-05-10 09:34:41,OP90002152,沪深300ETF沽12月3800,0.0732,0.0,0.0,0.0,35,0.0727,0.0737,15,0.0712,0.0732,0.0732,0.0732,10.0,7320.0,298
2023-05-10 09:34:42,OP90002152,沪深300ETF沽12月3800,0.0732,0.0,0.0,0.0,35,0.0727,0.0737,25,0.0712,0.0732,0.0732,0.0732,10.0,7320.0,298
2023-05-10 09:34:42,OP90002152,沪深300ETF沽12月3800,0.0732,0.0,0.0,0.0,35,0.0727,0.0737,25,0.0712,0.0732,0.0732,0.0732,10.0,7320.0,298
2023-05-10 09:34:43,OP90002152,沪深300ETF沽12月3800,0.0732,0.0,0.0,0.0,35,0.0727,0.0737,25,0.0712,0.0732,0.0732,0.0732,10.0,7320.0,298
2023-05-10 09:34:43,OP90002152,沪深300ETF沽12月3800,0.0732,0.0,0.0,0.0,35,0.0727,0.0737,15,0.0712,0.0732,0.0732,0.0732,10.0,7320.0,298
2023-05-10 09:34:44,OP90002152,沪深300ETF沽12月3800,0.0732,0.0,0.0,0.0,20,0.0728,0.0738,10,0.0712,0.0732,0.0732,0.0732,10.0,7320.0,298
2023-05-10 09:34:44,OP90002152,沪深300ETF沽12月3800,0.0732,0.0,0.0,0.0,35,0.0728,0.0738,15,0.0712,0.0732,0.0732,0.0732,10.0,7320.0,298
2023-05-10 09:34:45,OP90002152,沪深300ETF沽12月3800,0.0732,0.0,0.0,0.0,35,0.0728,0.0738,15,0.0712,0.0732,0.0732,0.0732,10.0,7320.0,298
2023-05-10 09:34:45,OP90002152,沪深300ETF沽12月3800,0.0732,0.0,0.0,0.0,20,0.0729,0.0741,10,0.0712,0.0732,0.0732,0.0732,10.0,7320.0,298
2023-05-10 09:34:46,OP90002152,沪深300ETF沽12月3800,0.0732,0.0,0.0,0.0,15,0.073,0.0738,10,0.0712,0.0732,0.0732,0.0732,10.0,7320.0,298
2023-05-10 09:34:46,OP90002152,沪深300ETF沽12月3800,0.0732,0.0,0.0,0.0,35,0.073,0.0738,10,0.0712,0.0732,0.0732,0.0732,10.0,7320.0,298
2023-05-10 09:34:47,OP90002152,沪深300ETF沽12月3800,0.0732,0.0,0.0,0.0,35,0.073,0.074,15,0.0712,0.0732,0.0732,0.0732,10.0,7320.0,298
2023-05-10 09:34:47,OP90002152,沪深300ETF沽12月3800,0.0732,0.0,0.0,0.0,20,0.0731,0.0736,10,0.0712,0.0732,0.0732,0.0732,10.0,7320.0,298
2023-05-10 09:34:48,OP90002152,沪深300ETF沽12月3800,0.0732,0.0,0.0,0.0,20,0.073,0.0736,10,0.0712,0.0732,0.0732,0.0732,10.0,7320.0,298
2023-05-10 09:34:48,OP90002152,沪深300ETF沽12月3800,0.0732,0.0,0.0,0.0,20,0.0729,0.074,25,0.0712,0.0732,0.0732,0.0732,10.0,7320.0,298
2023-05-10 09:34:49,OP90002152,沪深300ETF沽12月3800,0.0732,0.0,0.0,0.0,15,0.0729,0.0736,10,0.0712,0.0732,0.0732,0.0732,10.0,7320.0,298
2023-05-10 09:34:49,OP90002152,沪深300ETF沽12月3800,0.0732,0.0,0.0,0.0,35,0.0729,0.074,25,0.0712,0.0732,0.0732,0.0732,10.0,7320.0,298
2023-05-10 09:34:50,OP90002152,沪深300ETF沽12月3800,0.0732,0.0,0.0,0.0,35,0.0729,0.0738,10,0.0712,0.0732,0.0732,0.0732,10.0,7320.0,298
2023-05-10 09:34:50,OP90002152,沪深300ETF沽12月3800,0.0732,0.0,0.0,0.0,20,0.0729,0.0738,15,0.0712,0.0732,0.0732,0.0732,10.0,7320.0,298
2023-05-10 09:34:51,OP90002152,沪深300ETF沽12月3800,0.0732,0.0,0.0,0.0,20,0.0728,0.0738,15,0.0712,0.0732,0.0732,0.0732,10.0,7320.0,298
2023-05-10 09:34:51,OP90002152,沪深300ETF沽12月3800,0.0732,0.0,0.0,0.0,40,0.0727,0.0738,15,0.0712,0.0732,0.0732,0.0732,10.0,7320.0,298
2023-05-10 09:34:52,OP90002152,沪深300ETF沽12月3800,0.0732,0.0,0.0,0.0,45,0.0727,0.0737,10,0.0712,0.0732,0.0732,0.0732,10.0,7320.0,298
2023-05-10 09:34:52,OP90002152,沪深300ETF沽12月3800,0.0732,0.0,0.0,0.0,45,0.0727,0.0737,15,0.0712,0.0732,0.0732,0.0732,10.0,7320.0,298
2023-05-10 09:34:53,OP90002152,沪深300ETF沽12月3800,0.0732,0.0,0.0,0.0,45,0.0727,0.0737,15,0.0712,0.0732,0.0732,0.0732,10.0,7320.0,298
2023-05-10 09:34:53,OP90002152,沪深300ETF沽12月3800,0.0732,0.0,0.0,0.0,45,0.0727,0.0738,10,0.0712,0.0732,0.0732,0.0732,10.0,7320.0,298
2023-05-10 09:34:54,OP90002152,沪深300ETF沽12月3800,0.0732,0.0,0.0,0.0,45,0.0727,0.0738,10,0.0712,0.0732,0.0732,0.0732,10.0,7320.0,298
2023-05-10 09:34:54,OP90002152,沪深300ETF沽12月3800,0.0732,0.0,0.0,0.0,35,0.0727,0.074,20,0.0712,0.0732,0.0732,0.0732,10.0,7320.0,298
2023-05-10 09:34:55,OP90002152,沪深300ETF沽12月3800,0.0732,0.0,0.0,0.0,20,0.0728,0.0739,15,0.0712,0.0732,0.0732,0.0732,10.0,7320.0,298
2023-05-10 09:34:55,OP90002152,沪深300ETF沽12月3800,0.0732,0.0,0.0,0.0,20,0.0728,0.0739,15,0.0712,0.0732,0.0732,0.0732,10.0,7320.0,298
2023-05-10 09:34:56,OP90002152,沪深300ETF沽12月3800,0.0732,0.0,0.0,0.0,40,0.0726,0.0739,15,0.0712,0.0732,0.0732,0.0732,10.0,7320.0,298
2023-05-10 09:34:56,OP90002152,沪深300ETF沽12月3800,0.0732,0.0,0.0,0.0,15,0.0727,0.0737,10,0.0712,0.0732,0.0732,0.0732,10.0,7320.0,298
2023-05-10 09:34:57,OP90002152,沪深300ETF沽12月3800,0.0732,0.0,0.0,0.0,15,0.0727,0.0738,10,0.0712,0.0732,0.0732,0.0732,10.0,7320.0,298
2023-05-10 09:34:57,OP90002152,沪深300ETF沽12月3800,0.0732,0.0,0.0,0.0,15,0.0727,0.0738,35,0.0712,0.0732,0.0732,0.0732,10.0,7320.0,298
2023-05-10 09:34:58,OP90002152,沪深300ETF沽12月3800,0.0732,0.0,0.0,0.0,15,0.0727,0.0738,25,0.0712,0.0732,0.0732,0.0732,10.0,7320.0,298
2023-05-10 09:35:00,OP90002152,沪深300ETF沽12月3800,0.0732,0.0,0.0,0.0,15,0.0727,0.0738,35,0.0712,0.0732,0.0732,0.0732,10.0,7320.0,298
2023-05-10 09:35:00,OP90002152,沪深300ETF沽12月3800,0.0732,0.0,0.0,0.0,15,0.0727,0.0738,25,0.0712,0.0732,0.0732,0.0732,10.0,7320.0,298
2023-05-10 09:35:01,OP90002152,沪深300ETF沽12月3800,0.0732,0.0,0.0,0.0,15,0.0727,0.0738,35,0.0712,0.0732,0.0732,0.0732,10.0,7320.0,298
2023-05-10 09:35:01,OP90002152,沪深300ETF沽12月3800,0.0732,0.0,0.0,0.0,15,0.0727,0.0738,10,0.0712,0.0732,0.0732,0.0732,10.0,7320.0,298
2023-05-10 09:35:02,OP90002152,沪深300ETF沽12月3800,0.0732,0.0,0.0,0.0,20,0.0728,0.0741,10,0.0712,0.0732,0.0732,0.0732,10.0,7320.0,298
2023-05-10 09:35:02,OP90002152,沪深300ETF沽12月3800,0.0732,0.0,0.0,0.0,15,0.0729,0.0743,60,0.0712,0.0732,0.0732,0.0732,10.0,7320.0,298
2023-05-10 09:35:03,OP90002152,沪深300ETF沽12月3800,0.0732,0.0,0.0,0.0,20,0.073,0.0736,10,0.0712,0.0732,0.0732,0.0732,10.0,7320.0,298
2023-05-10 09:35:03,OP90002152,沪深300ETF沽12月3800,0.0732,0.0,0.0,0.0,15,0.0731,0.0736,10,0.0712,0.0732,0.0732,0.0732,10.0,7320.0,298
2023-05-10 09:35:04,OP90002152,沪深300ETF沽12月3800,0.0732,0.0,0.0,0.0,35,0.0731,0.0736,10,0.0712,0.0732,0.0732,0.0732,10.0,7320.0,298
2023-05-10 09:35:04,OP90002152,沪深300ETF沽12月3800,0.0732,0.0,0.0,0.0,35,0.0731,0.0736,10,0.0712,0.0732,0.0732,0.0732,10.0,7320.0,298
2023-05-10 09:35:05,OP90002152,沪深300ETF沽12月3800,0.0732,0.0,0.0,0.0,35,0.0731,0.0736,10,0.0712,0.0732,0.0732,0.0732,10.0,7320.0,298
2023-05-10 09:35:05,OP90002152,沪深300ETF沽12月3800,0.0732,0.0,0.0,0.0,20,0.0732,0.0736,10,0.0712,0.0732,0.0732,0.0732,10.0,7320.0,298
2023-05-10 09:35:06,OP90002152,沪深300ETF沽12月3800,0.0732,0.0,0.0,0.0,15,0.0733,0.0736,10,0.0712,0.0732,0.0732,0.0732,10.0,7320.0,298
2023-05-10 09:35:06,OP90002152,沪深300ETF沽12月3800,0.0732,0.0,0.0,0.0,20,0.0734,0.0736,10,0.0712,0.0732,0.0732,0.0732,10.0,7320.0,298
2023-05-10 09:35:07,OP90002152,沪深300ETF沽12月3800,0.0732,0.0,0.0,0.0,20,0.0733,0.0736,10,0.0712,0.0732,0.0732,0.0732,10.0,7320.0,298
2023-05-10 09:35:07,OP90002152,沪深300ETF沽12月3800,0.0732,0.0,0.0,0.0,15,0.0733,0.0743,60,0.0712,0.0732,0.0732,0.0732,10.0,7320.0,298
2023-05-10 09:35:08,OP90002152,沪深300ETF沽12月3800,0.0732,0.0,0.0,0.0,20,0.0732,0.0743,80,0.0712,0.0732,0.0732,0.0732,10.0,7320.0,298
2023-05-10 09:35:08,OP90002152,沪深300ETF沽12月3800,0.0732,0.0,0.0,0.0,15,0.0733,0.074,10,0.0712,0.0732,0.0732,0.0732,10.0,7320.0,298
2023-05-10 09:35:09,OP90002152,沪深300ETF沽12月3800,0.0732,0.0,0.0,0.0,15,0.0733,0.074,10,0.0712,0.0732,0.0732,0.0732,10.0,7320.0,298
2023-05-10 09:35:09,OP90002152,沪深300ETF沽12月3800,0.0732,0.0,0.0,0.0,15,0.0733,0.074,10,0.0712,0.0732,0.0732,0.0732,10.0,7320.0,298
2023-05-10 09:35:10,OP90002152,沪深300ETF沽12月3800,0.0732,0.0,0.0,0.0,15,0.0733,0.0743,80,0.0712,0.0732,0.0732,0.0732,10.0,7320.0,298
2023-05-10 09:35:10,OP90002152,沪深300ETF沽12月3800,0.0732,0.0,0.0,0.0,20,0.0731,0.0739,10,0.0712,0.0732,0.0732,0.0732,10.0,7320.0,298
2023-05-10 09:35:11,OP90002152,沪深300ETF沽12月3800,0.0732,0.0,0.0,0.0,30,0.073,0.0742,25,0.0712,0.0732,0.0732,0.0732,10.0,7320.0,298
2023-05-10 09:35:11,OP90002152,沪深300ETF沽12月3800,0.0732,0.0,0.0,0.0,15,0.0731,0.0741,10,0.0712,0.0732,0.0732,0.0732,10.0,7320.0,298
2023-05-10 09:35:12,OP90002152,沪深300ETF沽12月3800,0.0732,0.0,0.0,0.0,15,0.0731,0.074,15,0.0712,0.0732,0.0732,0.0732,10.0,7320.0,298
2023-05-10 09:35:12,OP90002152,沪深300ETF沽12月3800,0.0732,0.0,0.0,0.0,15,0.0731,0.0742,10,0.0712,0.0732,0.0732,0.0732,10.0,7320.0,298
2023-05-10 09:35:13,OP90002152,沪深300ETF沽12月3800,0.0732,0.0,0.0,0.0,15,0.0731,0.0741,15,0.0712,0.0732,0.0732,0.0732,10.0,7320.0,298
2023-05-10 09:35:13,OP90002152,沪深300ETF沽12月3800,0.0732,0.0,0.0,0.0,15,0.0731,0.0742,10,0.0712,0.0732,0.0732,0.0732,10.0,7320.0,298
2023-05-10 09:35:14,OP90002152,沪深300ETF沽12月3800,0.0732,0.0,0.0,0.0,35,0.0731,0.0741,10,0.0712,0.0732,0.0732,0.0732,10.0,7320.0,298
2023-05-10 09:35:14,OP90002152,沪深300ETF沽12月3800,0.0732,0.0,0.0,0.0,35,0.0731,0.0741,15,0.0712,0.0732,0.0732,0.0732,10.0,7320.0,298
2023-05-10 09:35:15,OP90002152,沪深300ETF沽12月3800,0.0732,0.0,0.0,0.0,35,0.0731,0.074,10,0.0712,0.0732,0.0732,0.0732,10.0,7320.0,298
2023-05-10 09:35:16,OP90002152,沪深300ETF沽12月3800,0.0732,0.0,0.0,0.0,35,0.0731,0.074,10,0.0712,0.0732,0.0732,0.0732,10.0,7320.0,298
2023-05-10 09:35:16,OP90002152,沪深300ETF沽12月3800,0.0732,0.0,0.0,0.0,20,0.0732,0.0742,10,0.0712,0.0732,0.0732,0.0732,10.0,7320.0,298
2023-05-10 09:35:17,OP90002152,沪深300ETF沽12月3800,0.0732,0.0,0.0,0.0,15,0.0733,0.0743,40,0.0712,0.0732,0.0732,0.0732,10.0,7320.0,298
2023-05-10 09:35:17,OP90002152,沪深300ETF沽12月3800,0.0732,0.0,0.0,0.0,35,0.0733,0.0741,10,0.0712,0.0732,0.0732,0.0732,10.0,7320.0,298
2023-05-10 09:35:18,OP90002152,沪深300ETF沽12月3800,0.0732,0.0,0.0,0.0,35,0.0733,0.0744,50,0.0712,0.0732,0.0732,0.0732,10.0,7320.0,298
2023-05-10 09:35:18,OP90002152,沪深300ETF沽12月3800,0.0732,0.0,0.0,0.0,35,0.0733,0.0743,10,0.0712,0.0732,0.0732,0.0732,10.0,7320.0,298
2023-05-10 09:35:19,OP90002152,沪深300ETF沽12月3800,0.0732,0.0,0.0,0.0,35,0.0733,0.0744,20,0.0712,0.0732,0.0732,0.0732,10.0,7320.0,298
2023-05-10 09:35:19,OP90002152,沪深300ETF沽12月3800,0.0732,0.0,0.0,0.0,35,0.0733,0.0744,30,0.0712,0.0732,0.0732,0.0732,10.0,7320.0,298
2023-05-10 09:35:20,OP90002152,沪深300ETF沽12月3800,0.0732,0.0,0.0,0.0,20,0.0734,0.0744,30,0.0712,0.0732,0.0732,0.0732,10.0,7320.0,298
2023-05-10 09:35:20,OP90002152,沪深300ETF沽12月3800,0.0732,0.0,0.0,0.0,15,0.0735,0.0744,20,0.0712,0.0732,0.0732,0.0732,10.0,7320.0,298
2023-05-10 09:35:21,OP90002152,沪深300ETF沽12月3800,0.0732,0.0,0.0,0.0,35,0.0735,0.0743,10,0.0712,0.0732,0.0732,0.0732,10.0,7320.0,298
2023-05-10 09:35:21,OP90002152,沪深300ETF沽12月3800,0.0732,0.0,0.0,0.0,20,0.0734,0.0744,20,0.0712,0.0732,0.0732,0.0732,10.0,7320.0,298
2023-05-10 09:35:22,OP90002152,沪深300ETF沽12月3800,0.0732,0.0,0.0,0.0,15,0.0734,0.0743,25,0.0712,0.0732,0.0732,0.0732,10.0,7320.0,298
2023-05-10 09:35:22,OP90002152,沪深300ETF沽12月3800,0.0732,0.0,0.0,0.0,35,0.0734,0.0743,25,0.0712,0.0732,0.0732,0.0732,10.0,7320.0,298
2023-05-10 09:35:23,OP90002152,沪深300ETF沽12月3800,0.0732,0.0,0.0,0.0,35,0.0734,0.0743,10,0.0712,0.0732,0.0732,0.0732,10.0,7320.0,298
2023-05-10 09:35:24,OP90002152,沪深300ETF沽12月3800,0.0732,0.0,0.0,0.0,35,0.0734,0.0744,20,0.0712,0.0732,0.0732,0.0732,10.0,7320.0,298
2023-05-10 09:35:25,OP90002152,沪深300ETF沽12月3800,0.0732,0.0,0.0,0.0,35,0.0734,0.0744,10,0.0712,0.0732,0.0732,0.0732,10.0,7320.0,298
2023-05-10 09:35:28,OP90002152,沪深300ETF沽12月3800,0.0732,0.0,0.0,0.0,35,0.0734,0.0745,60,0.0712,0.0732,0.0732,0.0732,10.0,7320.0,298
2023-05-10 09:35:28,OP90002152,沪深300ETF沽12月3800,0.0732,0.0,0.0,0.0,35,0.0734,0.0744,10,0.0712,0.0732,0.0732,0.0732,10.0,7320.0,298
2023-05-10 09:35:31,OP90002152,沪深300ETF沽12月3800,0.0732,0.0,0.0,0.0,35,0.0734,0.0745,60,0.0712,0.0732,0.0732,0.0732,10.0,7320.0,298
2023-05-10 09:35:31,OP90002152,沪深300ETF沽12月3800,0.0732,0.0,0.0,0.0,35,0.0734,0.0745,75,0.0712,0.0732,0.0732,0.0732,10.0,7320.0,298
2023-05-10 09:35:32,OP90002152,沪深300ETF沽12月3800,0.0732,0.0,0.0,0.0,35,0.0734,0.0745,55,0.0712,0.0732,0.0732,0.0732,10.0,7320.0,298
2023-05-10 09:35:32,OP90002152,沪深300ETF沽12月3800,0.0732,0.0,0.0,0.0,35,0.0734,0.0745,35,0.0712,0.0732,0.0732,0.0732,10.0,7320.0,298
2023-05-10 09:35:33,OP90002152,沪深300ETF沽12月3800,0.0732,0.0,0.0,0.0,35,0.0734,0.0745,25,0.0712,0.0732,0.0732,0.0732,10.0,7320.0,298
2023-05-10 09:35:33,OP90002152,沪深300ETF沽12月3800,0.0732,0.0,0.0,0.0,35,0.0734,0.0744,10,0.0712,0.0732,0.0732,0.0732,10.0,7320.0,298
2023-05-10 09:35:34,OP90002152,沪深300ETF沽12月3800,0.0732,0.0,0.0,0.0,35,0.0734,0.0744,15,0.0712,0.0732,0.0732,0.0732,10.0,7320.0,298
2023-05-10 09:35:34,OP90002152,沪深300ETF沽12月3800,0.0732,0.0,0.0,0.0,35,0.0734,0.0743,10,0.0712,0.0732,0.0732,0.0732,10.0,7320.0,298
2023-05-10 09:35:35,OP90002152,沪深300ETF沽12月3800,0.0732,0.0,0.0,0.0,35,0.0734,0.0743,10,0.0712,0.0732,0.0732,0.0732,10.0,7320.0,298
2023-05-10 09:35:36,OP90002152,沪深300ETF沽12月3800,0.0732,0.0,0.0,0.0,35,0.0734,0.0743,25,0.0712,0.0732,0.0732,0.0732,10.0,7320.0,298
2023-05-10 09:35:36,OP90002152,沪深300ETF沽12月3800,0.0732,0.0,0.0,0.0,35,0.0734,0.0743,10,0.0712,0.0732,0.0732,0.0732,10.0,7320.0,298
2023-05-10 09:35:37,OP90002152,沪深300ETF沽12月3800,0.0732,0.0,0.0,0.0,35,0.0734,0.0743,10,0.0712,0.0732,0.0732,0.0732,10.0,7320.0,298
2023-05-10 09:35:37,OP90002152,沪深300ETF沽12月3800,0.0732,0.0,0.0,0.0,35,0.0734,0.0745,10,0.0712,0.0732,0.0732,0.0732,10.0,7320.0,298
2023-05-10 09:35:38,OP90002152,沪深300ETF沽12月3800,0.0732,0.0,0.0,0.0,35,0.0734,0.0744,15,0.0712,0.0732,0.0732,0.0732,10.0,7320.0,298
2023-05-10 09:35:39,OP90002152,沪深300ETF沽12月3800,0.0732,0.0,0.0,0.0,35,0.0734,0.0744,25,0.0712,0.0732,0.0732,0.0732,10.0,7320.0,298
2023-05-10 09:35:39,OP90002152,沪深300ETF沽12月3800,0.0732,0.0,0.0,0.0,35,0.0734,0.0744,25,0.0712,0.0732,0.0732,0.0732,10.0,7320.0,298
2023-05-10 09:35:41,OP90002152,沪深300ETF沽12月3800,0.0732,0.0,0.0,0.0,35,0.0734,0.0744,15,0.0712,0.0732,0.0732,0.0732,10.0,7320.0,298
2023-05-10 09:35:41,OP90002152,沪深300ETF沽12月3800,0.0732,0.0,0.0,0.0,35,0.0734,0.0743,10,0.0712,0.0732,0.0732,0.0732,10.0,7320.0,298
2023-05-10 09:35:42,OP90002152,沪深300ETF沽12月3800,0.0732,0.0,0.0,0.0,35,0.0734,0.0743,25,0.0712,0.0732,0.0732,0.0732,10.0,7320.0,298
2023-05-10 09:35:42,OP90002152,沪深300ETF沽12月3800,0.0732,0.0,0.0,0.0,20,0.0734,0.0743,15,0.0712,0.0732,0.0732,0.0732,10.0,7320.0,298
2023-05-10 09:35:43,OP90002152,沪深300ETF沽12月3800,0.0732,0.0,0.0,0.0,35,0.0734,0.0745,10,0.0712,0.0732,0.0732,0.0732,10.0,7320.0,298
2023-05-10 09:35:43,OP90002152,沪深300ETF沽12月3800,0.0732,0.0,0.0,0.0,35,0.0734,0.0744,15,0.0712,0.0732,0.0732,0.0732,10.0,7320.0,298
2023-05-10 09:35:44,OP90002152,沪深300ETF沽12月3800,0.0732,0.0,0.0,0.0,35,0.0734,0.0744,15,0.0712,0.0732,0.0732,0.0732,10.0,7320.0,298
2023-05-10 09:35:44,OP90002152,沪深300ETF沽12月3800,0.0732,0.0,0.0,0.0,35,0.0734,0.0744,25,0.0712,0.0732,0.0732,0.0732,10.0,7320.0,298
2023-05-10 09:35:45,OP90002152,沪深300ETF沽12月3800,0.0732,0.0,0.0,0.0,35,0.0734,0.0744,15,0.0712,0.0732,0.0732,0.0732,10.0,7320.0,298
2023-05-10 09:35:47,OP90002152,沪深300ETF沽12月3800,0.0732,0.0,0.0,0.0,60,0.0733,0.0743,10,0.0712,0.0732,0.0732,0.0732,10.0,7320.0,298
2023-05-10 09:35:48,OP90002152,沪深300ETF沽12月3800,0.0732,0.0,0.0,0.0,40,0.0733,0.0742,15,0.0712,0.0732,0.0732,0.0732,10.0,7320.0,298
2023-05-10 09:35:48,OP90002152,沪深300ETF沽12月3800,0.0732,0.0,0.0,0.0,10,0.0733,0.0742,15,0.0712,0.0732,0.0732,0.0732,10.0,7320.0,298
2023-05-10 09:35:49,OP90002152,沪深300ETF沽12月3800,0.0732,0.0,0.0,0.0,20,0.0732,0.0742,15,0.0712,0.0732,0.0732,0.0732,10.0,7320.0,298
2023-05-10 09:35:49,OP90002152,沪深300ETF沽12月3800,0.0732,0.0,0.0,0.0,20,0.0732,0.0742,15,0.0712,0.0732,0.0732,0.0732,10.0,7320.0,298
2023-05-10 09:35:50,OP90002152,沪深300ETF沽12月3800,0.0732,0.0,0.0,0.0,15,0.0733,0.0742,15,0.0712,0.0732,0.0732,0.0732,10.0,7320.0,298
2023-05-10 09:35:50,OP90002152,沪深300ETF沽12月3800,0.0732,0.0,0.0,0.0,35,0.0733,0.0743,10,0.0712,0.0732,0.0732,0.0732,10.0,7320.0,298
2023-05-10 09:35:51,OP90002152,沪深300ETF沽12月3800,0.0732,0.0,0.0,0.0,35,0.0733,0.0743,15,0.0712,0.0732,0.0732,0.0732,10.0,7320.0,298
2023-05-10 09:35:51,OP90002152,沪深300ETF沽12月3800,0.0732,0.0,0.0,0.0,20,0.0733,0.0743,25,0.0712,0.0732,0.0732,0.0732,10.0,7320.0,298
2023-05-10 09:35:52,OP90002152,沪深300ETF沽12月3800,0.0732,0.0,0.0,0.0,35,0.0733,0.0743,15,0.0712,0.0732,0.0732,0.0732,10.0,7320.0,298
2023-05-10 09:35:53,OP90002152,沪深300ETF沽12月3800,0.0732,0.0,0.0,0.0,35,0.0733,0.0743,25,0.0712,0.0732,0.0732,0.0732,10.0,7320.0,298
2023-05-10 09:35:54,OP90002152,沪深300ETF沽12月3800,0.0732,0.0,0.0,0.0,35,0.0733,0.0743,15,0.0712,0.0732,0.0732,0.0732,10.0,7320.0,298
2023-05-10 09:35:55,OP90002152,沪深300ETF沽12月3800,0.0732,0.0,0.0,0.0,35,0.0733,0.0743,15,0.0712,0.0732,0.0732,0.0732,10.0,7320.0,298
2023-05-10 09:35:55,OP90002152,沪深300ETF沽12月3800,0.0732,0.0,0.0,0.0,20,0.0733,0.0743,15,0.0712,0.0732,0.0732,0.0732,10.0,7320.0,298
2023-05-10 09:35:56,OP90002152,沪深300ETF沽12月3800,0.0732,0.0,0.0,0.0,15,0.0733,0.0743,15,0.0712,0.0732,0.0732,0.0732,10.0,7320.0,298
2023-05-10 09:35:56,OP90002152,沪深300ETF沽12月3800,0.0732,0.0,0.0,0.0,35,0.0733,0.0743,25,0.0712,0.0732,0.0732,0.0732,10.0,7320.0,298
2023-05-10 09:35:57,OP90002152,沪深300ETF沽12月3800,0.0732,0.0,0.0,0.0,20,0.0733,0.0743,15,0.0712,0.0732,0.0732,0.0732,10.0,7320.0,298
2023-05-10 09:35:57,OP90002152,沪深300ETF沽12月3800,0.0732,0.0,0.0,0.0,70,0.0732,0.0743,15,0.0712,0.0732,0.0732,0.0732,10.0,7320.0,298
2023-05-10 09:35:58,OP90002152,沪深300ETF沽12月3800,0.0732,0.0,0.0,0.0,70,0.0732,0.0743,15,0.0712,0.0732,0.0732,0.0732,10.0,7320.0,298
2023-05-10 09:35:59,OP90002152,沪深300ETF沽12月3800,0.0732,0.0,0.0,0.0,70,0.0732,0.0743,15,0.0712,0.0732,0.0732,0.0732,10.0,7320.0,298
2023-05-10 09:35:59,OP90002152,沪深300ETF沽12月3800,0.0732,0.0,0.0,0.0,70,0.0732,0.0743,15,0.0712,0.0732,0.0732,0.0732,10.0,7320.0,298
2023-05-10 09:36:00,OP90002152,沪深300ETF沽12月3800,0.0732,0.0,0.0,0.0,50,0.0732,0.0743,45,0.0712,0.0732,0.0732,0.0732,10.0,7320.0,298
2023-05-10 09:36:00,OP90002152,沪深300ETF沽12月3800,0.0732,0.0,0.0,0.0,40,0.073,0.0741,10,0.0712,0.0732,0.0732,0.0732,10.0,7320.0,298
2023-05-10 09:36:01,OP90002152,沪深300ETF沽12月3800,0.0732,0.0,0.0,0.0,80,0.0728,0.074,15,0.0712,0.0732,0.0732,0.0732,10.0,7320.0,298
2023-05-10 09:36:01,OP90002152,沪深300ETF沽12月3800,0.0732,0.0,0.0,0.0,15,0.0729,0.074,15,0.0712,0.0732,0.0732,0.0732,10.0,7320.0,298
2023-05-10 09:36:02,OP90002152,沪深300ETF沽12月3800,0.0732,0.0,0.0,0.0,15,0.0729,0.074,15,0.0712,0.0732,0.0732,0.0732,10.0,7320.0,298
2023-05-10 09:36:03,OP90002152,沪深300ETF沽12月3800,0.0732,0.0,0.0,0.0,15,0.0729,0.074,25,0.0712,0.0732,0.0732,0.0732,10.0,7320.0,298
2023-05-10 09:36:04,OP90002152,沪深300ETF沽12月3800,0.0732,0.0,0.0,0.0,15,0.0729,0.074,15,0.0712,0.0732,0.0732,0.0732,10.0,7320.0,298
2023-05-10 09:36:04,OP90002152,沪深300ETF沽12月3800,0.0732,0.0,0.0,0.0,40,0.0728,0.0739,10,0.0712,0.0732,0.0732,0.0732,10.0,7320.0,298
2023-05-10 09:36:05,OP90002152,沪深300ETF沽12月3800,0.0732,0.0,0.0,0.0,25,0.0728,0.0738,15,0.0712,0.0732,0.0732,0.0732,10.0,7320.0,298
2023-05-10 09:36:05,OP90002152,沪深300ETF沽12月3800,0.0732,0.0,0.0,0.0,25,0.0728,0.0739,30,0.0712,0.0732,0.0732,0.0732,10.0,7320.0,298
2023-05-10 09:36:06,OP90002152,沪深300ETF沽12月3800,0.0732,0.0,0.0,0.0,25,0.0728,0.0739,35,0.0712,0.0732,0.0732,0.0732,10.0,7320.0,298
2023-05-10 09:36:06,OP90002152,沪深300ETF沽12月3800,0.0732,0.0,0.0,0.0,25,0.0728,0.0739,35,0.0712,0.0732,0.0732,0.0732,10.0,7320.0,298
2023-05-10 09:36:07,OP90002152,沪深300ETF沽12月3800,0.0732,0.0,0.0,0.0,25,0.0728,0.0739,35,0.0712,0.0732,0.0732,0.0732,10.0,7320.0,298
2023-05-10 09:36:07,OP90002152,沪深300ETF沽12月3800,0.0732,0.0,0.0,0.0,25,0.0728,0.0739,35,0.0712,0.0732,0.0732,0.0732,10.0,7320.0,298
2023-05-10 09:36:08,OP90002152,沪深300ETF沽12月3800,0.0732,0.0,0.0,0.0,25,0.0728,0.0739,35,0.0712,0.0732,0.0732,0.0732,10.0,7320.0,298
2023-05-10 09:36:08,OP90002152,沪深300ETF沽12月3800,0.0732,0.0,0.0,0.0,15,0.0728,0.0739,35,0.0712,0.0732,0.0732,0.0732,10.0,7320.0,298
2023-05-10 09:36:09,OP90002152,沪深300ETF沽12月3800,0.0732,0.0,0.0,0.0,15,0.0728,0.0737,10,0.0712,0.0732,0.0732,0.0732,10.0,7320.0,298
2023-05-10 09:36:09,OP90002152,沪深300ETF沽12月3800,0.0732,0.0,0.0,0.0,15,0.0728,0.0737,45,0.0712,0.0732,0.0732,0.0732,10.0,7320.0,298
2023-05-10 09:36:10,OP90002152,沪深300ETF沽12月3800,0.0732,0.0,0.0,0.0,60,0.0727,0.0737,35,0.0712,0.0732,0.0732,0.0732,10.0,7320.0,298
2023-05-10 09:36:10,OP90002152,沪深300ETF沽12月3800,0.0732,0.0,0.0,0.0,65,0.0727,0.0737,45,0.0712,0.0732,0.0732,0.0732,10.0,7320.0,298
2023-05-10 09:36:11,OP90002152,沪深300ETF沽12月3800,0.0732,0.0,0.0,0.0,65,0.0727,0.0737,35,0.0712,0.0732,0.0732,0.0732,10.0,7320.0,298
2023-05-10 09:36:11,OP90002152,沪深300ETF沽12月3800,0.0732,0.0,0.0,0.0,65,0.0727,0.0737,45,0.0712,0.0732,0.0732,0.0732,10.0,7320.0,298
2023-05-10 09:36:12,OP90002152,沪深300ETF沽12月3800,0.0732,0.0,0.0,0.0,65,0.0727,0.0737,30,0.0712,0.0732,0.0732,0.0732,10.0,7320.0,298
2023-05-10 09:36:13,OP90002152,沪深300ETF沽12月3800,0.0732,0.0,0.0,0.0,65,0.0727,0.0737,20,0.0712,0.0732,0.0732,0.0732,10.0,7320.0,298
2023-05-10 09:36:13,OP90002152,沪深300ETF沽12月3800,0.0732,0.0,0.0,0.0,65,0.0727,0.0736,10,0.0712,0.0732,0.0732,0.0732,10.0,7320.0,298
2023-05-10 09:36:15,OP90002152,沪深300ETF沽12月3800,0.0732,0.0,0.0,0.0,65,0.0727,0.0737,20,0.0712,0.0732,0.0732,0.0732,10.0,7320.0,298
2023-05-10 09:36:15,OP90002152,沪深300ETF沽12月3800,0.0732,0.0,0.0,0.0,65,0.0727,0.0737,30,0.0712,0.0732,0.0732,0.0732,10.0,7320.0,298
2023-05-10 09:36:16,OP90002152,沪深300ETF沽12月3800,0.0732,0.0,0.0,0.0,65,0.0727,0.0737,20,0.0712,0.0732,0.0732,0.0732,10.0,7320.0,298
2023-05-10 09:36:16,OP90002152,沪深300ETF沽12月3800,0.0732,0.0,0.0,0.0,65,0.0727,0.0737,20,0.0712,0.0732,0.0732,0.0732,10.0,7320.0,298
2023-05-10 09:36:17,OP90002152,沪深300ETF沽12月3800,0.0732,0.0,0.0,0.0,65,0.0727,0.0737,35,0.0712,0.0732,0.0732,0.0732,10.0,7320.0,298
2023-05-10 09:36:17,OP90002152,沪深300ETF沽12月3800,0.0732,0.0,0.0,0.0,45,0.0727,0.0736,10,0.0712,0.0732,0.0732,0.0732,10.0,7320.0,298
2023-05-10 09:36:18,OP90002152,沪深300ETF沽12月3800,0.0732,0.0,0.0,0.0,15,0.0727,0.0736,25,0.0712,0.0732,0.0732,0.0732,10.0,7320.0,298
2023-05-10 09:36:18,OP90002152,沪深300ETF沽12月3800,0.0732,0.0,0.0,0.0,15,0.0727,0.0736,25,0.0712,0.0732,0.0732,0.0732,10.0,7320.0,298
2023-05-10 09:36:19,OP90002152,沪深300ETF沽12月3800,0.0732,0.0,0.0,0.0,40,0.0725,0.0736,15,0.0712,0.0732,0.0732,0.0732,10.0,7320.0,298
2023-05-10 09:36:19,OP90002152,沪深300ETF沽12月3800,0.0732,0.0,0.0,0.0,10,0.0725,0.0736,15,0.0712,0.0732,0.0732,0.0732,10.0,7320.0,298
2023-05-10 09:36:20,OP90002152,沪深300ETF沽12月3800,0.0732,0.0,0.0,0.0,15,0.0725,0.0736,15,0.0712,0.0732,0.0732,0.0732,10.0,7320.0,298
2023-05-10 09:36:20,OP90002152,沪深300ETF沽12月3800,0.0732,0.0,0.0,0.0,15,0.0725,0.0735,10,0.0712,0.0732,0.0732,0.0732,10.0,7320.0,298
2023-05-10 09:36:21,OP90002152,沪深300ETF沽12月3800,0.0732,0.0,0.0,0.0,15,0.0725,0.0737,60,0.0712,0.0732,0.0732,0.0732,10.0,7320.0,298
2023-05-10 09:36:21,OP90002152,沪深300ETF沽12月3800,0.0732,0.0,0.0,0.0,15,0.0725,0.0734,10,0.0712,0.0732,0.0732,0.0732,10.0,7320.0,298
2023-05-10 09:36:22,OP90002152,沪深300ETF沽12月3800,0.0732,0.0,0.0,0.0,15,0.0725,0.0734,20,0.0712,0.0732,0.0732,0.0732,10.0,7320.0,298
2023-05-10 09:36:22,OP90002152,沪深300ETF沽12月3800,0.0732,0.0,0.0,0.0,15,0.0725,0.0734,10,0.0712,0.0732,0.0732,0.0732,10.0,7320.0,298
2023-05-10 09:36:23,OP90002152,沪深300ETF沽12月3800,0.0732,0.0,0.0,0.0,15,0.0725,0.0734,20,0.0712,0.0732,0.0732,0.0732,10.0,7320.0,298
2023-05-10 09:36:23,OP90002152,沪深300ETF沽12月3800,0.0732,0.0,0.0,0.0,15,0.0725,0.0734,10,0.0712,0.0732,0.0732,0.0732,10.0,7320.0,298
2023-05-10 09:36:24,OP90002152,沪深300ETF沽12月3800,0.0732,0.0,0.0,0.0,15,0.0725,0.0734,30,0.0712,0.0732,0.0732,0.0732,10.0,7320.0,298
2023-05-10 09:36:25,OP90002152,沪深300ETF沽12月3800,0.0732,0.0,0.0,0.0,15,0.0725,0.0734,20,0.0712,0.0732,0.0732,0.0732,10.0,7320.0,298
2023-05-10 09:36:26,OP90002152,沪深300ETF沽12月3800,0.0732,0.0,0.0,0.0,15,0.0725,0.0734,10,0.0712,0.0732,0.0732,0.0732,10.0,7320.0,298
2023-05-10 09:36:26,OP90002152,沪深300ETF沽12月3800,0.0732,0.0,0.0,0.0,15,0.0725,0.0734,20,0.0712,0.0732,0.0732,0.0732,10.0,7320.0,298
2023-05-10 09:36:27,OP90002152,沪深300ETF沽12月3800,0.0732,0.0,0.0,0.0,15,0.0725,0.0737,30,0.0712,0.0732,0.0732,0.0732,10.0,7320.0,298
2023-05-10 09:36:27,OP90002152,沪深300ETF沽12月3800,0.0732,0.0,0.0,0.0,15,0.0725,0.0734,10,0.0712,0.0732,0.0732,0.0732,10.0,7320.0,298
2023-05-10 09:36:28,OP90002152,沪深300ETF沽12月3800,0.0732,0.0,0.0,0.0,15,0.0725,0.0734,20,0.0712,0.0732,0.0732,0.0732,10.0,7320.0,298
2023-05-10 09:36:28,OP90002152,沪深300ETF沽12月3800,0.0732,0.0,0.0,0.0,15,0.0725,0.0736,35,0.0712,0.0732,0.0732,0.0732,10.0,7320.0,298
2023-05-10 09:36:29,OP90002152,沪深300ETF沽12月3800,0.0732,0.0,0.0,0.0,15,0.0725,0.0735,10,0.0712,0.0732,0.0732,0.0732,10.0,7320.0,298
2023-05-10 09:36:30,OP90002152,沪深300ETF沽12月3800,0.0732,0.0,0.0,0.0,15,0.0725,0.0736,20,0.0712,0.0732,0.0732,0.0732,10.0,7320.0,298
2023-05-10 09:36:30,OP90002152,沪深300ETF沽12月3800,0.0732,0.0,0.0,0.0,15,0.0725,0.0735,10,0.0712,0.0732,0.0732,0.0732,10.0,7320.0,298
2023-05-10 09:36:31,OP90002152,沪深300ETF沽12月3800,0.0732,0.0,0.0,0.0,35,0.0725,0.0736,20,0.0712,0.0732,0.0732,0.0732,10.0,7320.0,298
2023-05-10 09:36:31,OP90002152,沪深300ETF沽12月3800,0.0732,0.0,0.0,0.0,35,0.0725,0.0737,20,0.0712,0.0732,0.0732,0.0732,10.0,7320.0,298
2023-05-10 09:36:32,OP90002152,沪深300ETF沽12月3800,0.0732,0.0,0.0,0.0,20,0.0726,0.0736,10,0.0712,0.0732,0.0732,0.0732,10.0,7320.0,298
2023-05-10 09:36:32,OP90002152,沪深300ETF沽12月3800,0.0732,0.0,0.0,0.0,15,0.0727,0.0736,10,0.0712,0.0732,0.0732,0.0732,10.0,7320.0,298
2023-05-10 09:36:33,OP90002152,沪深300ETF沽12月3800,0.0732,0.0,0.0,0.0,35,0.0727,0.0736,10,0.0712,0.0732,0.0732,0.0732,10.0,7320.0,298
2023-05-10 09:36:33,OP90002152,沪深300ETF沽12月3800,0.0732,0.0,0.0,0.0,35,0.0727,0.0736,10,0.0712,0.0732,0.0732,0.0732,10.0,7320.0,298
2023-05-10 09:36:34,OP90002152,沪深300ETF沽12月3800,0.0732,0.0,0.0,0.0,15,0.0727,0.0736,10,0.0712,0.0732,0.0732,0.0732,10.0,7320.0,298
2023-05-10 09:36:34,OP90002152,沪深300ETF沽12月3800,0.0732,0.0,0.0,0.0,15,0.0727,0.0737,20,0.0712,0.0732,0.0732,0.0732,10.0,7320.0,298
2023-05-10 09:36:35,OP90002152,沪深300ETF沽12月3800,0.0732,0.0,0.0,0.0,15,0.0727,0.0735,10,0.0712,0.0732,0.0732,0.0732,10.0,7320.0,298
2023-05-10 09:36:35,OP90002152,沪深300ETF沽12月3800,0.0732,0.0,0.0,0.0,15,0.0727,0.0735,10,0.0712,0.0732,0.0732,0.0732,10.0,7320.0,298
2023-05-10 09:36:36,OP90002152,沪深300ETF沽12月3800,0.0732,0.0,0.0,0.0,15,0.0727,0.0737,20,0.0712,0.0732,0.0732,0.0732,10.0,7320.0,298
2023-05-10 09:36:36,OP90002152,沪深300ETF沽12月3800,0.0732,0.0,0.0,0.0,15,0.0727,0.0739,80,0.0712,0.0732,0.0732,0.0732,10.0,7320.0,298
2023-05-10 09:36:37,OP90002152,沪深300ETF沽12月3800,0.0732,0.0,0.0,0.0,15,0.0727,0.0736,10,0.0712,0.0732,0.0732,0.0732,10.0,7320.0,298
2023-05-10 09:36:37,OP90002152,沪深300ETF沽12月3800,0.0732,0.0,0.0,0.0,15,0.0727,0.0738,15,0.0712,0.0732,0.0732,0.0732,10.0,7320.0,298
2023-05-10 09:36:38,OP90002152,沪深300ETF沽12月3800,0.0732,0.0,0.0,0.0,10,0.0726,0.0739,80,0.0712,0.0732,0.0732,0.0732,10.0,7320.0,298
2023-05-10 09:36:38,OP90002152,沪深300ETF沽12月3800,0.0732,0.0,0.0,0.0,15,0.0726,0.0738,15,0.0712,0.0732,0.0732,0.0732,10.0,7320.0,298
2023-05-10 09:36:39,OP90002152,沪深300ETF沽12月3800,0.0732,0.0,0.0,0.0,40,0.0725,0.0738,35,0.0712,0.0732,0.0732,0.0732,10.0,7320.0,298
2023-05-10 09:36:39,OP90002152,沪深300ETF沽12月3800,0.0732,0.0,0.0,0.0,50,0.0724,0.0734,10,0.0712,0.0732,0.0732,0.0732,10.0,7320.0,298
2023-05-10 09:36:40,OP90002152,沪深300ETF沽12月3800,0.0732,0.0,0.0,0.0,25,0.0724,0.0734,25,0.0712,0.0732,0.0732,0.0732,10.0,7320.0,298
2023-05-10 09:36:40,OP90002152,沪深300ETF沽12月3800,0.0732,0.0,0.0,0.0,25,0.0724,0.0734,15,0.0712,0.0732,0.0732,0.0732,10.0,7320.0,298
2023-05-10 09:36:41,OP90002152,沪深300ETF沽12月3800,0.0732,0.0,0.0,0.0,25,0.0724,0.0734,10,0.0712,0.0732,0.0732,0.0732,10.0,7320.0,298
2023-05-10 09:36:41,OP90002152,沪深300ETF沽12月3800,0.0732,0.0,0.0,0.0,25,0.0724,0.0735,20,0.0712,0.0732,0.0732,0.0732,10.0,7320.0,298
2023-05-10 09:36:42,OP90002152,沪深300ETF沽12月3800,0.0732,0.0,0.0,0.0,25,0.0724,0.0735,15,0.0712,0.0732,0.0732,0.0732,10.0,7320.0,298
2023-05-10 09:36:42,OP90002152,沪深300ETF沽12月3800,0.0732,0.0,0.0,0.0,25,0.0724,0.0735,35,0.0712,0.0732,0.0732,0.0732,10.0,7320.0,298
2023-05-10 09:36:43,OP90002152,沪深300ETF沽12月3800,0.0732,0.0,0.0,0.0,25,0.0724,0.0734,10,0.0712,0.0732,0.0732,0.0732,10.0,7320.0,298
2023-05-10 09:36:43,OP90002152,沪深300ETF沽12月3800,0.0732,0.0,0.0,0.0,25,0.0724,0.0734,25,0.0712,0.0732,0.0732,0.0732,10.0,7320.0,298
2023-05-10 09:36:44,OP90002152,沪深300ETF沽12月3800,0.0732,0.0,0.0,0.0,15,0.0724,0.0734,25,0.0712,0.0732,0.0732,0.0732,10.0,7320.0,298
2023-05-10 09:36:45,OP90002152,沪深300ETF沽12月3800,0.0732,0.0,0.0,0.0,15,0.0724,0.0734,10,0.0712,0.0732,0.0732,0.0732,10.0,7320.0,298
2023-05-10 09:36:46,OP90002152,沪深300ETF沽12月3800,0.0732,0.0,0.0,0.0,35,0.0724,0.0735,20,0.0712,0.0732,0.0732,0.0732,10.0,7320.0,298
2023-05-10 09:36:46,OP90002152,沪深300ETF沽12月3800,0.0732,0.0,0.0,0.0,35,0.0724,0.0735,10,0.0712,0.0732,0.0732,0.0732,10.0,7320.0,298
2023-05-10 09:36:47,OP90002152,沪深300ETF沽12月3800,0.0732,0.0,0.0,0.0,35,0.0724,0.0735,10,0.0712,0.0732,0.0732,0.0732,10.0,7320.0,298
2023-05-10 09:36:47,OP90002152,沪深300ETF沽12月3800,0.0732,0.0,0.0,0.0,35,0.0724,0.0735,10,0.0712,0.0732,0.0732,0.0732,10.0,7320.0,298
2023-05-10 09:36:48,OP90002152,沪深300ETF沽12月3800,0.0732,0.0,0.0,0.0,35,0.0724,0.0736,20,0.0712,0.0732,0.0732,0.0732,10.0,7320.0,298
2023-05-10 09:36:48,OP90002152,沪深300ETF沽12月3800,0.0732,0.0,0.0,0.0,20,0.0725,0.0735,10,0.0712,0.0732,0.0732,0.0732,10.0,7320.0,298
2023-05-10 09:36:49,OP90002152,沪深300ETF沽12月3800,0.0732,0.0,0.0,0.0,15,0.0726,0.0735,10,0.0712,0.0732,0.0732,0.0732,10.0,7320.0,298
2023-05-10 09:36:49,OP90002152,沪深300ETF沽12月3800,0.0732,0.0,0.0,0.0,35,0.0726,0.0735,10,0.0712,0.0732,0.0732,0.0732,10.0,7320.0,298
2023-05-10 09:36:50,OP90002152,沪深300ETF沽12月3800,0.0732,0.0,0.0,0.0,35,0.0726,0.0738,50,0.0712,0.0732,0.0732,0.0732,10.0,7320.0,298
2023-05-10 09:36:50,OP90002152,沪深300ETF沽12月3800,0.0732,0.0,0.0,0.0,35,0.0726,0.0735,10,0.0712,0.0732,0.0732,0.0732,10.0,7320.0,298
2023-05-10 09:36:51,OP90002152,沪深300ETF沽12月3800,0.0732,0.0,0.0,0.0,15,0.0726,0.0737,15,0.0712,0.0732,0.0732,0.0732,10.0,7320.0,298
2023-05-10 09:36:51,OP90002152,沪深300ETF沽12月3800,0.0732,0.0,0.0,0.0,15,0.0726,0.0734,10,0.0712,0.0732,0.0732,0.0732,10.0,7320.0,298
2023-05-10 09:36:52,OP90002152,沪深300ETF沽12月3800,0.0732,0.0,0.0,0.0,15,0.0726,0.0737,15,0.0712,0.0732,0.0732,0.0732,10.0,7320.0,298
2023-05-10 09:36:52,OP90002152,沪深300ETF沽12月3800,0.0732,0.0,0.0,0.0,15,0.0726,0.0735,10,0.0712,0.0732,0.0732,0.0732,10.0,7320.0,298
2023-05-10 09:36:54,OP90002152,沪深300ETF沽12月3800,0.0732,0.0,0.0,0.0,15,0.0726,0.0735,20,0.0712,0.0732,0.0732,0.0732,10.0,7320.0,298
2023-05-10 09:36:55,OP90002152,沪深300ETF沽12月3800,0.0732,0.0,0.0,0.0,15,0.0726,0.0734,10,0.0712,0.0732,0.0732,0.0732,10.0,7320.0,298
2023-05-10 09:36:55,OP90002152,沪深300ETF沽12月3800,0.0732,0.0,0.0,0.0,15,0.0726,0.0737,35,0.0712,0.0732,0.0732,0.0732,10.0,7320.0,298
2023-05-10 09:36:56,OP90002152,沪深300ETF沽12月3800,0.0732,0.0,0.0,0.0,55,0.0726,0.0737,15,0.0712,0.0732,0.0732,0.0732,10.0,7320.0,298
2023-05-10 09:36:56,OP90002152,沪深300ETF沽12月3800,0.0732,0.0,0.0,0.0,35,0.0726,0.0736,10,0.0712,0.0732,0.0732,0.0732,10.0,7320.0,298
2023-05-10 09:36:57,OP90002152,沪深300ETF沽12月3800,0.0732,0.0,0.0,0.0,15,0.0726,0.0737,40,0.0712,0.0732,0.0732,0.0732,10.0,7320.0,298
2023-05-10 09:36:57,OP90002152,沪深300ETF沽12月3800,0.0732,0.0,0.0,0.0,35,0.0726,0.0737,40,0.0712,0.0732,0.0732,0.0732,10.0,7320.0,298
2023-05-10 09:36:58,OP90002152,沪深300ETF沽12月3800,0.0732,0.0,0.0,0.0,35,0.0726,0.0735,10,0.0712,0.0732,0.0732,0.0732,10.0,7320.0,298
2023-05-10 09:36:58,OP90002152,沪深300ETF沽12月3800,0.0732,0.0,0.0,0.0,35,0.0726,0.0738,40,0.0712,0.0732,0.0732,0.0732,10.0,7320.0,298
2023-05-10 09:36:59,OP90002152,沪深300ETF沽12月3800,0.0732,0.0,0.0,0.0,35,0.0726,0.0738,20,0.0712,0.0732,0.0732,0.0732,10.0,7320.0,298
2023-05-10 09:36:59,OP90002152,沪深300ETF沽12月3800,0.0732,0.0,0.0,0.0,35,0.0726,0.0738,20,0.0712,0.0732,0.0732,0.0732,10.0,7320.0,298
2023-05-10 09:37:00,OP90002152,沪深300ETF沽12月3800,0.0732,0.0,0.0,0.0,35,0.0726,0.0738,20,0.0712,0.0732,0.0732,0.0732,10.0,7320.0,298
2023-05-10 09:37:00,OP90002152,沪深300ETF沽12月3800,0.0732,0.0,0.0,0.0,35,0.0726,0.0739,20,0.0712,0.0732,0.0732,0.0732,10.0,7320.0,298
2023-05-10 09:37:01,OP90002152,沪深300ETF沽12月3800,0.0732,0.0,0.0,0.0,20,0.0727,0.0738,10,0.0712,0.0732,0.0732,0.0732,10.0,7320.0,298
2023-05-10 09:37:01,OP90002152,沪深300ETF沽12月3800,0.0732,0.0,0.0,0.0,15,0.0728,0.074,30,0.0712,0.0732,0.0732,0.0732,10.0,7320.0,298
2023-05-10 09:37:02,OP90002152,沪深300ETF沽12月3800,0.0732,0.0,0.0,0.0,20,0.0729,0.0738,10,0.0712,0.0732,0.0732,0.0732,10.0,7320.0,298
2023-05-10 09:37:02,OP90002152,沪深300ETF沽12月3800,0.0732,0.0,0.0,0.0,15,0.073,0.0738,10,0.0712,0.0732,0.0732,0.0732,10.0,7320.0,298
2023-05-10 09:37:03,OP90002152,沪深300ETF沽12月3800,0.0732,0.0,0.0,0.0,35,0.073,0.0738,10,0.0712,0.0732,0.0732,0.0732,10.0,7320.0,298
2023-05-10 09:37:03,OP90002152,沪深300ETF沽12月3800,0.0732,0.0,0.0,0.0,20,0.0731,0.0742,50,0.0712,0.0732,0.0732,0.0732,10.0,7320.0,298
2023-05-10 09:37:04,OP90002152,沪深300ETF沽12月3800,0.0732,0.0,0.0,0.0,15,0.0732,0.0742,20,0.0712,0.0732,0.0732,0.0732,10.0,7320.0,298
2023-05-10 09:37:04,OP90002152,沪深300ETF沽12月3800,0.0732,0.0,0.0,0.0,35,0.0732,0.0742,20,0.0712,0.0732,0.0732,0.0732,10.0,7320.0,298
2023-05-10 09:37:06,OP90002152,沪深300ETF沽12月3800,0.0732,0.0,0.0,0.0,35,0.0732,0.0741,10,0.0712,0.0732,0.0732,0.0732,10.0,7320.0,298
2023-05-10 09:37:07,OP90002152,沪深300ETF沽12月3800,0.0732,0.0,0.0,0.0,35,0.0732,0.0742,30,0.0712,0.0732,0.0732,0.0732,10.0,7320.0,298
2023-05-10 09:37:07,OP90002152,沪深300ETF沽12月3800,0.0732,0.0,0.0,0.0,35,0.0732,0.0741,10,0.0712,0.0732,0.0732,0.0732,10.0,7320.0,298
2023-05-10 09:37:08,OP90002152,沪深300ETF沽12月3800,0.0732,0.0,0.0,0.0,35,0.0732,0.0741,10,0.0712,0.0732,0.0732,0.0732,10.0,7320.0,298
2023-05-10 09:37:09,OP90002152,沪深300ETF沽12月3800,0.0732,0.0,0.0,0.0,15,0.0732,0.0742,30,0.0712,0.0732,0.0732,0.0732,10.0,7320.0,298
2023-05-10 09:37:10,OP90002152,沪深300ETF沽12月3800,0.0732,0.0,0.0,0.0,15,0.0732,0.0739,10,0.0712,0.0732,0.0732,0.0732,10.0,7320.0,298
2023-05-10 09:37:10,OP90002152,沪深300ETF沽12月3800,0.0732,0.0,0.0,0.0,15,0.0732,0.0741,10,0.0712,0.0732,0.0732,0.0732,10.0,7320.0,298
2023-05-10 09:37:12,OP90002152,沪深300ETF沽12月3800,0.0732,0.0,0.0,0.0,15,0.0732,0.0742,20,0.0712,0.0732,0.0732,0.0732,10.0,7320.0,298
2023-05-10 09:37:12,OP90002152,沪深300ETF沽12月3800,0.0732,0.0,0.0,0.0,20,0.0731,0.074,10,0.0712,0.0732,0.0732,0.0732,10.0,7320.0,298
2023-05-10 09:37:13,OP90002152,沪深300ETF沽12月3800,0.0732,0.0,0.0,0.0,15,0.0731,0.074,35,0.0712,0.0732,0.0732,0.0732,10.0,7320.0,298
2023-05-10 09:37:13,OP90002152,沪深300ETF沽12月3800,0.0732,0.0,0.0,0.0,15,0.0731,0.074,35,0.0712,0.0732,0.0732,0.0732,10.0,7320.0,298
2023-05-10 09:37:14,OP90002152,沪深300ETF沽12月3800,0.0732,0.0,0.0,0.0,15,0.0731,0.074,20,0.0712,0.0732,0.0732,0.0732,10.0,7320.0,298
2023-05-10 09:37:14,OP90002152,沪深300ETF沽12月3800,0.0732,0.0,0.0,0.0,35,0.0731,0.074,20,0.0712,0.0732,0.0732,0.0732,10.0,7320.0,298
2023-05-10 09:37:15,OP90002152,沪深300ETF沽12月3800,0.0732,0.0,0.0,0.0,35,0.0731,0.074,20,0.0712,0.0732,0.0732,0.0732,10.0,7320.0,298
2023-05-10 09:37:15,OP90002152,沪深300ETF沽12月3800,0.0732,0.0,0.0,0.0,35,0.0731,0.0741,10,0.0712,0.0732,0.0732,0.0732,10.0,7320.0,298
2023-05-10 09:37:16,OP90002152,沪深300ETF沽12月3800,0.0732,0.0,0.0,0.0,35,0.0731,0.0741,10,0.0712,0.0732,0.0732,0.0732,10.0,7320.0,298
2023-05-10 09:37:17,OP90002152,沪深300ETF沽12月3800,0.0732,0.0,0.0,0.0,35,0.0731,0.0741,10,0.0712,0.0732,0.0732,0.0732,10.0,7320.0,298
2023-05-10 09:37:20,OP90002152,沪深300ETF沽12月3800,0.0732,0.0,0.0,0.0,15,0.0731,0.0742,50,0.0712,0.0732,0.0732,0.0732,10.0,7320.0,298
2023-05-10 09:37:21,OP90002152,沪深300ETF沽12月3800,0.0732,0.0,0.0,0.0,20,0.073,0.0739,10,0.0712,0.0732,0.0732,0.0732,10.0,7320.0,298
2023-05-10 09:37:21,OP90002152,沪深300ETF沽12月3800,0.0732,0.0,0.0,0.0,15,0.073,0.0739,45,0.0712,0.0732,0.0732,0.0732,10.0,7320.0,298
2023-05-10 09:37:22,OP90002152,沪深300ETF沽12月3800,0.0732,0.0,0.0,0.0,15,0.073,0.0739,20,0.0712,0.0732,0.0732,0.0732,10.0,7320.0,298
2023-05-10 09:37:22,OP90002152,沪深300ETF沽12月3800,0.0732,0.0,0.0,0.0,35,0.073,0.0739,20,0.0712,0.0732,0.0732,0.0732,10.0,7320.0,298
2023-05-10 09:37:23,OP90002152,沪深300ETF沽12月3800,0.0732,0.0,0.0,0.0,35,0.073,0.0741,30,0.0712,0.0732,0.0732,0.0732,10.0,7320.0,298
2023-05-10 09:37:23,OP90002152,沪深300ETF沽12月3800,0.0732,0.0,0.0,0.0,35,0.073,0.0741,35,0.0712,0.0732,0.0732,0.0732,10.0,7320.0,298
2023-05-10 09:37:24,OP90002152,沪深300ETF沽12月3800,0.0732,0.0,0.0,0.0,35,0.073,0.074,10,0.0712,0.0732,0.0732,0.0732,10.0,7320.0,298
2023-05-10 09:37:24,OP90002152,沪深300ETF沽12月3800,0.0732,0.0,0.0,0.0,35,0.073,0.074,10,0.0712,0.0732,0.0732,0.0732,10.0,7320.0,298
2023-05-10 09:37:25,OP90002152,沪深300ETF沽12月3800,0.0732,0.0,0.0,0.0,35,0.073,0.0741,20,0.0712,0.0732,0.0732,0.0732,10.0,7320.0,298
2023-05-10 09:37:25,OP90002152,沪深300ETF沽12月3800,0.0732,0.0,0.0,0.0,35,0.073,0.0741,30,0.0712,0.0732,0.0732,0.0732,10.0,7320.0,298
2023-05-10 09:37:26,OP90002152,沪深300ETF沽12月3800,0.0732,0.0,0.0,0.0,35,0.073,0.0741,45,0.0712,0.0732,0.0732,0.0732,10.0,7320.0,298
2023-05-10 09:37:27,OP90002152,沪深300ETF沽12月3800,0.0732,0.0,0.0,0.0,35,0.073,0.0741,45,0.0712,0.0732,0.0732,0.0732,10.0,7320.0,298
2023-05-10 09:37:27,OP90002152,沪深300ETF沽12月3800,0.0732,0.0,0.0,0.0,35,0.073,0.0741,45,0.0712,0.0732,0.0732,0.0732,10.0,7320.0,298
2023-05-10 09:37:29,OP90002152,沪深300ETF沽12月3800,0.0732,0.0,0.0,0.0,35,0.073,0.0741,35,0.0712,0.0732,0.0732,0.0732,10.0,7320.0,298
2023-05-10 09:37:29,OP90002152,沪深300ETF沽12月3800,0.0732,0.0,0.0,0.0,35,0.073,0.0741,45,0.0712,0.0732,0.0732,0.0732,10.0,7320.0,298
2023-05-10 09:37:31,OP90002152,沪深300ETF沽12月3800,0.0732,0.0,0.0,0.0,35,0.073,0.0741,30,0.0712,0.0732,0.0732,0.0732,10.0,7320.0,298
2023-05-10 09:37:32,OP90002152,沪深300ETF沽12月3800,0.0732,0.0,0.0,0.0,35,0.073,0.0741,20,0.0712,0.0732,0.0732,0.0732,10.0,7320.0,298
2023-05-10 09:37:32,OP90002152,沪深300ETF沽12月3800,0.0732,0.0,0.0,0.0,20,0.0731,0.0742,20,0.0712,0.0732,0.0732,0.0732,10.0,7320.0,298
2023-05-10 09:37:33,OP90002152,沪深300ETF沽12月3800,0.0732,0.0,0.0,0.0,15,0.0732,0.0742,10,0.0712,0.0732,0.0732,0.0732,10.0,7320.0,298
2023-05-10 09:37:33,OP90002152,沪深300ETF沽12月3800,0.0732,0.0,0.0,0.0,35,0.0732,0.0742,10,0.0712,0.0732,0.0732,0.0732,10.0,7320.0,298
2023-05-10 09:37:34,OP90002152,沪深300ETF沽12月3800,0.0732,0.0,0.0,0.0,35,0.0732,0.0743,20,0.0712,0.0732,0.0732,0.0732,10.0,7320.0,298
2023-05-10 09:37:34,OP90002152,沪深300ETF沽12月3800,0.0732,0.0,0.0,0.0,20,0.0733,0.0741,10,0.0712,0.0732,0.0732,0.0732,10.0,7320.0,298
2023-05-10 09:37:35,OP90002152,沪深300ETF沽12月3800,0.0732,0.0,0.0,0.0,15,0.0734,0.0741,10,0.0712,0.0732,0.0732,0.0732,10.0,7320.0,298
2023-05-10 09:37:35,OP90002152,沪深300ETF沽12月3800,0.0732,0.0,0.0,0.0,35,0.0734,0.0741,10,0.0712,0.0732,0.0732,0.0732,10.0,7320.0,298
2023-05-10 09:37:36,OP90002152,沪深300ETF沽12月3800,0.0732,0.0,0.0,0.0,35,0.0734,0.0741,10,0.0712,0.0732,0.0732,0.0732,10.0,7320.0,298
2023-05-10 09:37:39,OP90002152,沪深300ETF沽12月3800,0.0732,0.0,0.0,0.0,20,0.0735,0.0743,20,0.0712,0.0732,0.0732,0.0732,10.0,7320.0,298
2023-05-10 09:37:40,OP90002152,沪深300ETF沽12月3800,0.0732,0.0,0.0,0.0,35,0.0735,0.0742,10,0.0712,0.0732,0.0732,0.0732,10.0,7320.0,298
2023-05-10 09:37:41,OP90002152,沪深300ETF沽12月3800,0.0732,0.0,0.0,0.0,35,0.0735,0.0742,10,0.0712,0.0732,0.0732,0.0732,10.0,7320.0,298
2023-05-10 09:37:42,OP90002152,沪深300ETF沽12月3800,0.0732,0.0,0.0,0.0,20,0.0736,0.0744,50,0.0712,0.0732,0.0732,0.0732,10.0,7320.0,298
2023-05-10 09:37:42,OP90002152,沪深300ETF沽12月3800,0.0732,0.0,0.0,0.0,35,0.0736,0.0743,10,0.0712,0.0732,0.0732,0.0732,10.0,7320.0,298
2023-05-10 09:37:43,OP90002152,沪深300ETF沽12月3800,0.0732,0.0,0.0,0.0,35,0.0736,0.0745,40,0.0712,0.0732,0.0732,0.0732,10.0,7320.0,298
2023-05-10 09:37:43,OP90002152,沪深300ETF沽12月3800,0.0732,0.0,0.0,0.0,35,0.0736,0.0744,10,0.0712,0.0732,0.0732,0.0732,10.0,7320.0,298
2023-05-10 09:37:44,OP90002152,沪深300ETF沽12月3800,0.0732,0.0,0.0,0.0,20,0.0737,0.0746,60,0.0712,0.0732,0.0732,0.0732,10.0,7320.0,298
2023-05-10 09:37:44,OP90002152,沪深300ETF沽12月3800,0.0732,0.0,0.0,0.0,20,0.0736,0.0744,10,0.0712,0.0732,0.0732,0.0732,10.0,7320.0,298
2023-05-10 09:37:45,OP90002152,沪深300ETF沽12月3800,0.0732,0.0,0.0,0.0,15,0.0737,0.0744,10,0.0712,0.0732,0.0732,0.0732,10.0,7320.0,298
2023-05-10 09:37:45,OP90002152,沪深300ETF沽12月3800,0.0732,0.0,0.0,0.0,35,0.0737,0.0745,20,0.0712,0.0732,0.0732,0.0732,10.0,7320.0,298
2023-05-10 09:37:46,OP90002152,沪深300ETF沽12月3800,0.0732,0.0,0.0,0.0,20,0.0737,0.0743,10,0.0712,0.0732,0.0732,0.0732,10.0,7320.0,298
2023-05-10 09:37:46,OP90002152,沪深300ETF沽12月3800,0.0732,0.0,0.0,0.0,20,0.0734,0.0743,10,0.0712,0.0732,0.0732,0.0732,10.0,7320.0,298
2023-05-10 09:37:47,OP90002152,沪深300ETF沽12月3800,0.0732,0.0,0.0,0.0,15,0.0735,0.0745,30,0.0712,0.0732,0.0732,0.0732,10.0,7320.0,298
2023-05-10 09:37:47,OP90002152,沪深300ETF沽12月3800,0.0732,0.0,0.0,0.0,35,0.0735,0.0744,10,0.0712,0.0732,0.0732,0.0732,10.0,7320.0,298
2023-05-10 09:37:48,OP90002152,沪深300ETF沽12月3800,0.0732,0.0,0.0,0.0,35,0.0735,0.0745,30,0.0712,0.0732,0.0732,0.0732,10.0,7320.0,298
2023-05-10 09:37:48,OP90002152,沪深300ETF沽12月3800,0.0732,0.0,0.0,0.0,35,0.0735,0.0744,10,0.0712,0.0732,0.0732,0.0732,10.0,7320.0,298
2023-05-10 09:37:51,OP90002152,沪深300ETF沽12月3800,0.0732,0.0,0.0,0.0,20,0.0736,0.0744,10,0.0712,0.0732,0.0732,0.0732,10.0,7320.0,298
2023-05-10 09:37:52,OP90002152,沪深300ETF沽12月3800,0.0732,0.0,0.0,0.0,15,0.0737,0.0745,20,0.0712,0.0732,0.0732,0.0732,10.0,7320.0,298
2023-05-10 09:37:52,OP90002152,沪深300ETF沽12月3800,0.0732,0.0,0.0,0.0,35,0.0737,0.0745,10,0.0712,0.0732,0.0732,0.0732,10.0,7320.0,298
2023-05-10 09:37:53,OP90002152,沪深300ETF沽12月3800,0.0732,0.0,0.0,0.0,35,0.0737,0.0745,10,0.0712,0.0732,0.0732,0.0732,10.0,7320.0,298
2023-05-10 09:37:53,OP90002152,沪深300ETF沽12月3800,0.0732,0.0,0.0,0.0,35,0.0737,0.0745,20,0.0712,0.0732,0.0732,0.0732,10.0,7320.0,298
2023-05-10 09:37:54,OP90002152,沪深300ETF沽12月3800,0.0732,0.0,0.0,0.0,35,0.0737,0.0747,70,0.0712,0.0732,0.0732,0.0732,10.0,7320.0,298
2023-05-10 09:37:54,OP90002152,沪深300ETF沽12月3800,0.0732,0.0,0.0,0.0,35,0.0737,0.0746,15,0.0712,0.0732,0.0732,0.0732,10.0,7320.0,298
2023-05-10 09:37:56,OP90002152,沪深300ETF沽12月3800,0.0732,0.0,0.0,0.0,35,0.0737,0.0747,70,0.0712,0.0732,0.0732,0.0732,10.0,7320.0,298
2023-05-10 09:37:56,OP90002152,沪深300ETF沽12月3800,0.0732,0.0,0.0,0.0,35,0.0737,0.0747,75,0.0712,0.0732,0.0732,0.0732,10.0,7320.0,298
2023-05-10 09:37:57,OP90002152,沪深300ETF沽12月3800,0.0732,0.0,0.0,0.0,35,0.0737,0.0747,85,0.0712,0.0732,0.0732,0.0732,10.0,7320.0,298
2023-05-10 09:37:58,OP90002152,沪深300ETF沽12月3800,0.0732,0.0,0.0,0.0,15,0.0736,0.0745,10,0.0712,0.0732,0.0732,0.0732,10.0,7320.0,298
2023-05-10 09:37:58,OP90002152,沪深300ETF沽12月3800,0.0732,0.0,0.0,0.0,20,0.0735,0.0745,35,0.0712,0.0732,0.0732,0.0732,10.0,7320.0,298
2023-05-10 09:37:59,OP90002152,沪深300ETF沽12月3800,0.0732,0.0,0.0,0.0,15,0.0735,0.0745,35,0.0712,0.0732,0.0732,0.0732,10.0,7320.0,298
2023-05-10 09:37:59,OP90002152,沪深300ETF沽12月3800,0.0732,0.0,0.0,0.0,35,0.0735,0.0745,35,0.0712,0.0732,0.0732,0.0732,10.0,7320.0,298
2023-05-10 09:38:01,OP90002152,沪深300ETF沽12月3800,0.0732,0.0,0.0,0.0,20,0.0736,0.0745,35,0.0712,0.0732,0.0732,0.0732,10.0,7320.0,298
2023-05-10 09:38:01,OP90002152,沪深300ETF沽12月3800,0.0732,0.0,0.0,0.0,30,0.0735,0.0745,35,0.0712,0.0732,0.0732,0.0732,10.0,7320.0,298
2023-05-10 09:38:02,OP90002152,沪深300ETF沽12月3800,0.0732,0.0,0.0,0.0,35,0.0735,0.0745,35,0.0712,0.0732,0.0732,0.0732,10.0,7320.0,298
2023-05-10 09:38:03,OP90002152,沪深300ETF沽12月3800,0.0732,0.0,0.0,0.0,20,0.0735,0.0745,35,0.0712,0.0732,0.0732,0.0732,10.0,7320.0,298
2023-05-10 09:38:03,OP90002152,沪深300ETF沽12月3800,0.0732,0.0,0.0,0.0,20,0.0734,0.0745,35,0.0712,0.0732,0.0732,0.0732,10.0,7320.0,298
2023-05-10 09:38:04,OP90002152,沪深300ETF沽12月3800,0.0732,0.0,0.0,0.0,15,0.0735,0.0745,35,0.0712,0.0732,0.0732,0.0732,10.0,7320.0,298
2023-05-10 09:38:04,OP90002152,沪深300ETF沽12月3800,0.0732,0.0,0.0,0.0,35,0.0735,0.0745,35,0.0712,0.0732,0.0732,0.0732,10.0,7320.0,298
2023-05-10 09:38:06,OP90002152,沪深300ETF沽12月3800,0.0732,0.0,0.0,0.0,20,0.0734,0.0745,35,0.0712,0.0732,0.0732,0.0732,10.0,7320.0,298
2023-05-10 09:38:06,OP90002152,沪深300ETF沽12月3800,0.0732,0.0,0.0,0.0,30,0.0733,0.0745,45,0.0712,0.0732,0.0732,0.0732,10.0,7320.0,298
2023-05-10 09:38:07,OP90002152,沪深300ETF沽12月3800,0.0732,0.0,0.0,0.0,35,0.0733,0.0745,45,0.0712,0.0732,0.0732,0.0732,10.0,7320.0,298
2023-05-10 09:38:07,OP90002152,沪深300ETF沽12月3800,0.0732,0.0,0.0,0.0,35,0.0733,0.0745,55,0.0712,0.0732,0.0732,0.0732,10.0,7320.0,298
2023-05-10 09:38:08,OP90002152,沪深300ETF沽12月3800,0.0732,0.0,0.0,0.0,35,0.0733,0.0742,10,0.0712,0.0732,0.0732,0.0732,10.0,7320.0,298
2023-05-10 09:38:09,OP90002152,沪深300ETF沽12月3800,0.0732,0.0,0.0,0.0,35,0.0733,0.0742,20,0.0712,0.0732,0.0732,0.0732,10.0,7320.0,298
2023-05-10 09:38:09,OP90002152,沪深300ETF沽12月3800,0.0732,0.0,0.0,0.0,35,0.0733,0.0745,60,0.0712,0.0732,0.0732,0.0732,10.0,7320.0,298
2023-05-10 09:38:10,OP90002152,沪深300ETF沽12月3800,0.0732,0.0,0.0,0.0,20,0.0733,0.0744,15,0.0712,0.0732,0.0732,0.0732,10.0,7320.0,298
2023-05-10 09:38:10,OP90002152,沪深300ETF沽12月3800,0.0732,0.0,0.0,0.0,20,0.0732,0.0744,25,0.0712,0.0732,0.0732,0.0732,10.0,7320.0,298
2023-05-10 09:38:11,OP90002152,沪深300ETF沽12月3800,0.0732,0.0,0.0,0.0,15,0.0733,0.0744,15,0.0712,0.0732,0.0732,0.0732,10.0,7320.0,298
2023-05-10 09:38:11,OP90002152,沪深300ETF沽12月3800,0.0732,0.0,0.0,0.0,20,0.0732,0.0742,10,0.0712,0.0732,0.0732,0.0732,10.0,7320.0,298
2023-05-10 09:38:12,OP90002152,沪深300ETF沽12月3800,0.0732,0.0,0.0,0.0,40,0.0731,0.0741,15,0.0712,0.0732,0.0732,0.0732,10.0,7320.0,298
2023-05-10 09:38:12,OP90002152,沪深300ETF沽12月3800,0.0732,0.0,0.0,0.0,35,0.0731,0.0741,15,0.0712,0.0732,0.0732,0.0732,10.0,7320.0,298
2023-05-10 09:38:13,OP90002152,沪深300ETF沽12月3800,0.0732,0.0,0.0,0.0,15,0.0731,0.0741,15,0.0712,0.0732,0.0732,0.0732,10.0,7320.0,298
2023-05-10 09:38:13,OP90002152,沪深300ETF沽12月3800,0.0732,0.0,0.0,0.0,15,0.0731,0.0741,25,0.0712,0.0732,0.0732,0.0732,10.0,7320.0,298
2023-05-10 09:38:14,OP90002152,沪深300ETF沽12月3800,0.0732,0.0,0.0,0.0,15,0.0731,0.0741,25,0.0712,0.0732,0.0732,0.0732,10.0,7320.0,298
2023-05-10 09:38:14,OP90002152,沪深300ETF沽12月3800,0.0732,0.0,0.0,0.0,15,0.0731,0.0741,10,0.0712,0.0732,0.0732,0.0732,10.0,7320.0,298
2023-05-10 09:38:15,OP90002152,沪深300ETF沽12月3800,0.0732,0.0,0.0,0.0,20,0.0732,0.0741,20,0.0712,0.0732,0.0732,0.0732,10.0,7320.0,298
2023-05-10 09:38:15,OP90002152,沪深300ETF沽12月3800,0.0732,0.0,0.0,0.0,15,0.0733,0.0741,20,0.0712,0.0732,0.0732,0.0732,10.0,7320.0,298
2023-05-10 09:38:16,OP90002152,沪深300ETF沽12月3800,0.0732,0.0,0.0,0.0,35,0.0733,0.0744,30,0.0712,0.0732,0.0732,0.0732,10.0,7320.0,298
2023-05-10 09:38:16,OP90002152,沪深300ETF沽12月3800,0.0732,0.0,0.0,0.0,35,0.0733,0.0741,10,0.0712,0.0732,0.0732,0.0732,10.0,7320.0,298
2023-05-10 09:38:17,OP90002152,沪深300ETF沽12月3800,0.0732,0.0,0.0,0.0,35,0.0733,0.0741,20,0.0712,0.0732,0.0732,0.0732,10.0,7320.0,298
2023-05-10 09:38:17,OP90002152,沪深300ETF沽12月3800,0.0732,0.0,0.0,0.0,35,0.0733,0.0743,10,0.0712,0.0732,0.0732,0.0732,10.0,7320.0,298
2023-05-10 09:38:18,OP90002152,沪深300ETF沽12月3800,0.0732,0.0,0.0,0.0,35,0.0733,0.0743,15,0.0712,0.0732,0.0732,0.0732,10.0,7320.0,298
2023-05-10 09:38:18,OP90002152,沪深300ETF沽12月3800,0.0732,0.0,0.0,0.0,35,0.0733,0.0743,25,0.0712,0.0732,0.0732,0.0732,10.0,7320.0,298
2023-05-10 09:38:19,OP90002152,沪深300ETF沽12月3800,0.0732,0.0,0.0,0.0,15,0.0733,0.0743,15,0.0712,0.0732,0.0732,0.0732,10.0,7320.0,298
2023-05-10 09:38:19,OP90002152,沪深300ETF沽12月3800,0.0732,0.0,0.0,0.0,15,0.0733,0.0743,25,0.0712,0.0732,0.0732,0.0732,10.0,7320.0,298
2023-05-10 09:38:20,OP90002152,沪深300ETF沽12月3800,0.0732,0.0,0.0,0.0,15,0.0733,0.0743,35,0.0712,0.0732,0.0732,0.0732,10.0,7320.0,298
2023-05-10 09:38:20,OP90002152,沪深300ETF沽12月3800,0.0732,0.0,0.0,0.0,15,0.0733,0.0743,25,0.0712,0.0732,0.0732,0.0732,10.0,7320.0,298
2023-05-10 09:38:21,OP90002152,沪深300ETF沽12月3800,0.0732,0.0,0.0,0.0,15,0.0733,0.0743,25,0.0712,0.0732,0.0732,0.0732,10.0,7320.0,298
2023-05-10 09:38:21,OP90002152,沪深300ETF沽12月3800,0.0732,0.0,0.0,0.0,15,0.0733,0.0743,10,0.0712,0.0732,0.0732,0.0732,10.0,7320.0,298
2023-05-10 09:38:22,OP90002152,沪深300ETF沽12月3800,0.0732,0.0,0.0,0.0,35,0.0733,0.0744,60,0.0712,0.0732,0.0732,0.0732,10.0,7320.0,298
2023-05-10 09:38:22,OP90002152,沪深300ETF沽12月3800,0.0732,0.0,0.0,0.0,35,0.0733,0.0744,65,0.0712,0.0732,0.0732,0.0732,10.0,7320.0,298
2023-05-10 09:38:23,OP90002152,沪深300ETF沽12月3800,0.0732,0.0,0.0,0.0,15,0.0733,0.0742,10,0.0712,0.0732,0.0732,0.0732,10.0,7320.0,298
2023-05-10 09:38:23,OP90002152,沪深300ETF沽12月3800,0.0732,0.0,0.0,0.0,15,0.0733,0.0742,20,0.0712,0.0732,0.0732,0.0732,10.0,7320.0,298
2023-05-10 09:38:24,OP90002152,沪深300ETF沽12月3800,0.0732,0.0,0.0,0.0,15,0.0733,0.0742,20,0.0712,0.0732,0.0732,0.0732,10.0,7320.0,298
2023-05-10 09:38:24,OP90002152,沪深300ETF沽12月3800,0.0732,0.0,0.0,0.0,35,0.0733,0.0742,20,0.0712,0.0732,0.0732,0.0732,10.0,7320.0,298
2023-05-10 09:38:25,OP90002152,沪深300ETF沽12月3800,0.0732,0.0,0.0,0.0,35,0.0733,0.0742,20,0.0712,0.0732,0.0732,0.0732,10.0,7320.0,298
2023-05-10 09:38:25,OP90002152,沪深300ETF沽12月3800,0.0732,0.0,0.0,0.0,35,0.0733,0.0745,30,0.0712,0.0732,0.0732,0.0732,10.0,7320.0,298
2023-05-10 09:38:26,OP90002152,沪深300ETF沽12月3800,0.0732,0.0,0.0,0.0,35,0.0733,0.0744,15,0.0712,0.0732,0.0732,0.0732,10.0,7320.0,298
2023-05-10 09:38:26,OP90002152,沪深300ETF沽12月3800,0.0732,0.0,0.0,0.0,15,0.0733,0.0744,15,0.0712,0.0732,0.0732,0.0732,10.0,7320.0,298
2023-05-10 09:38:28,OP90002152,沪深300ETF沽12月3800,0.0732,0.0,0.0,0.0,15,0.0733,0.0743,10,0.0712,0.0732,0.0732,0.0732,10.0,7320.0,298
2023-05-10 09:38:28,OP90002152,沪深300ETF沽12月3800,0.0732,0.0,0.0,0.0,15,0.0733,0.0742,15,0.0712,0.0732,0.0732,0.0732,10.0,7320.0,298
2023-05-10 09:38:29,OP90002152,沪深300ETF沽12月3800,0.0732,0.0,0.0,0.0,15,0.0733,0.0743,50,0.0712,0.0732,0.0732,0.0732,10.0,7320.0,298
2023-05-10 09:38:29,OP90002152,沪深300ETF沽12月3800,0.0732,0.0,0.0,0.0,15,0.0733,0.0743,30,0.0712,0.0732,0.0732,0.0732,10.0,7320.0,298
2023-05-10 09:38:30,OP90002152,沪深300ETF沽12月3800,0.0732,0.0,0.0,0.0,15,0.0733,0.0743,20,0.0712,0.0732,0.0732,0.0732,10.0,7320.0,298
2023-05-10 09:38:30,OP90002152,沪深300ETF沽12月3800,0.0732,0.0,0.0,0.0,15,0.0733,0.0743,15,0.0712,0.0732,0.0732,0.0732,10.0,7320.0,298
2023-05-10 09:38:31,OP90002152,沪深300ETF沽12月3800,0.0732,0.0,0.0,0.0,35,0.0733,0.0743,20,0.0712,0.0732,0.0732,0.0732,10.0,7320.0,298
2023-05-10 09:38:32,OP90002152,沪深300ETF沽12月3800,0.0732,0.0,0.0,0.0,35,0.0733,0.0743,20,0.0712,0.0732,0.0732,0.0732,10.0,7320.0,298
2023-05-10 09:38:34,OP90002152,沪深300ETF沽12月3800,0.0732,0.0,0.0,0.0,35,0.0733,0.0743,20,0.0712,0.0732,0.0732,0.0732,10.0,7320.0,298
2023-05-10 09:38:35,OP90002152,沪深300ETF沽12月3800,0.0732,0.0,0.0,0.0,20,0.0732,0.0743,30,0.0712,0.0732,0.0732,0.0732,10.0,7320.0,298
2023-05-10 09:38:36,OP90002152,沪深300ETF沽12月3800,0.0732,0.0,0.0,0.0,15,0.0732,0.0742,15,0.0712,0.0732,0.0732,0.0732,10.0,7320.0,298
2023-05-10 09:38:36,OP90002152,沪深300ETF沽12月3800,0.0732,0.0,0.0,0.0,15,0.0732,0.0742,15,0.0712,0.0732,0.0732,0.0732,10.0,7320.0,298
2023-05-10 09:38:37,OP90002152,沪深300ETF沽12月3800,0.0732,0.0,0.0,0.0,15,0.0732,0.0743,30,0.0712,0.0732,0.0732,0.0732,10.0,7320.0,298
2023-05-10 09:38:37,OP90002152,沪深300ETF沽12月3800,0.0732,0.0,0.0,0.0,15,0.0732,0.0743,45,0.0712,0.0732,0.0732,0.0732,10.0,7320.0,298
2023-05-10 09:38:39,OP90002152,沪深300ETF沽12月3800,0.0732,0.0,0.0,0.0,15,0.0732,0.0743,45,0.0712,0.0732,0.0732,0.0732,10.0,7320.0,298
2023-05-10 09:38:40,OP90002152,沪深300ETF沽12月3800,0.0732,0.0,0.0,0.0,35,0.0732,0.0743,45,0.0712,0.0732,0.0732,0.0732,10.0,7320.0,298
2023-05-10 09:38:41,OP90002152,沪深300ETF沽12月3800,0.0732,0.0,0.0,0.0,35,0.0732,0.0743,45,0.0712,0.0732,0.0732,0.0732,10.0,7320.0,298
2023-05-10 09:38:41,OP90002152,沪深300ETF沽12月3800,0.0732,0.0,0.0,0.0,35,0.0732,0.0743,45,0.0712,0.0732,0.0732,0.0732,10.0,7320.0,298
2023-05-10 09:38:42,OP90002152,沪深300ETF沽12月3800,0.0732,0.0,0.0,0.0,35,0.0732,0.0743,20,0.0712,0.0732,0.0732,0.0732,10.0,7320.0,298
2023-05-10 09:38:43,OP90002152,沪深300ETF沽12月3800,0.0732,0.0,0.0,0.0,35,0.0732,0.0743,20,0.0712,0.0732,0.0732,0.0732,10.0,7320.0,298
2023-05-10 09:38:43,OP90002152,沪深300ETF沽12月3800,0.0732,0.0,0.0,0.0,35,0.0732,0.0743,35,0.0712,0.0732,0.0732,0.0732,10.0,7320.0,298
2023-05-10 09:38:44,OP90002152,沪深300ETF沽12月3800,0.0732,0.0,0.0,0.0,35,0.0732,0.0743,35,0.0712,0.0732,0.0732,0.0732,10.0,7320.0,298
2023-05-10 09:38:45,OP90002152,沪深300ETF沽12月3800,0.0732,0.0,0.0,0.0,35,0.0732,0.0743,35,0.0712,0.0732,0.0732,0.0732,10.0,7320.0,298
2023-05-10 09:38:46,OP90002152,沪深300ETF沽12月3800,0.0732,0.0,0.0,0.0,35,0.0732,0.0743,20,0.0712,0.0732,0.0732,0.0732,10.0,7320.0,298
2023-05-10 09:38:46,OP90002152,沪深300ETF沽12月3800,0.0732,0.0,0.0,0.0,35,0.0732,0.0743,20,0.0712,0.0732,0.0732,0.0732,10.0,7320.0,298
2023-05-10 09:38:49,OP90002152,沪深300ETF沽12月3800,0.0732,0.0,0.0,0.0,15,0.0732,0.0743,20,0.0712,0.0732,0.0732,0.0732,10.0,7320.0,298
2023-05-10 09:38:50,OP90002152,沪深300ETF沽12月3800,0.0732,0.0,0.0,0.0,15,0.0732,0.0743,35,0.0712,0.0732,0.0732,0.0732,10.0,7320.0,298
2023-05-10 09:38:51,OP90002152,沪深300ETF沽12月3800,0.0732,0.0,0.0,0.0,15,0.0732,0.0743,35,0.0712,0.0732,0.0732,0.0732,10.0,7320.0,298
2023-05-10 09:38:51,OP90002152,沪深300ETF沽12月3800,0.0732,0.0,0.0,0.0,15,0.0732,0.0741,10,0.0712,0.0732,0.0732,0.0732,10.0,7320.0,298
2023-05-10 09:38:52,OP90002152,沪深300ETF沽12月3800,0.0732,0.0,0.0,0.0,15,0.0732,0.0743,35,0.0712,0.0732,0.0732,0.0732,10.0,7320.0,298
2023-05-10 09:38:52,OP90002152,沪深300ETF沽12月3800,0.0732,0.0,0.0,0.0,15,0.0732,0.0743,55,0.0712,0.0732,0.0732,0.0732,10.0,7320.0,298
2023-05-10 09:38:53,OP90002152,沪深300ETF沽12月3800,0.0732,0.0,0.0,0.0,15,0.0732,0.0743,45,0.0712,0.0732,0.0732,0.0732,10.0,7320.0,298
2023-05-10 09:38:53,OP90002152,沪深300ETF沽12月3800,0.0732,0.0,0.0,0.0,15,0.0732,0.0743,45,0.0712,0.0732,0.0732,0.0732,10.0,7320.0,298
2023-05-10 09:38:54,OP90002152,沪深300ETF沽12月3800,0.0732,0.0,0.0,0.0,15,0.0732,0.0743,55,0.0712,0.0732,0.0732,0.0732,10.0,7320.0,298
2023-05-10 09:38:55,OP90002152,沪深300ETF沽12月3800,0.0732,0.0,0.0,0.0,15,0.0732,0.0743,45,0.0712,0.0732,0.0732,0.0732,10.0,7320.0,298
2023-05-10 09:38:55,OP90002152,沪深300ETF沽12月3800,0.0732,0.0,0.0,0.0,15,0.0732,0.0742,10,0.0712,0.0732,0.0732,0.0732,10.0,7320.0,298
2023-05-10 09:38:56,OP90002152,沪深300ETF沽12月3800,0.0732,0.0,0.0,0.0,15,0.0732,0.0742,15,0.0712,0.0732,0.0732,0.0732,10.0,7320.0,298
2023-05-10 09:38:56,OP90002152,沪深300ETF沽12月3800,0.0732,0.0,0.0,0.0,15,0.0732,0.0742,25,0.0712,0.0732,0.0732,0.0732,10.0,7320.0,298
2023-05-10 09:38:57,OP90002152,沪深300ETF沽12月3800,0.0732,0.0,0.0,0.0,15,0.0732,0.0742,15,0.0712,0.0732,0.0732,0.0732,10.0,7320.0,298
2023-05-10 09:38:58,OP90002152,沪深300ETF沽12月3800,0.0732,0.0,0.0,0.0,15,0.0732,0.0742,15,0.0712,0.0732,0.0732,0.0732,10.0,7320.0,298
2023-05-10 09:38:59,OP90002152,沪深300ETF沽12月3800,0.0732,0.0,0.0,0.0,15,0.0732,0.0742,15,0.0712,0.0732,0.0732,0.0732,10.0,7320.0,298
2023-05-10 09:39:00,OP90002152,沪深300ETF沽12月3800,0.0732,0.0,0.0,0.0,15,0.0732,0.0742,15,0.0712,0.0732,0.0732,0.0732,10.0,7320.0,298
2023-05-10 09:39:02,OP90002152,沪深300ETF沽12月3800,0.0732,0.0,0.0,0.0,15,0.0732,0.0743,50,0.0712,0.0732,0.0732,0.0732,10.0,7320.0,298
2023-05-10 09:39:02,OP90002152,沪深300ETF沽12月3800,0.0732,0.0,0.0,0.0,15,0.0732,0.0743,65,0.0712,0.0732,0.0732,0.0732,10.0,7320.0,298
2023-05-10 09:39:04,OP90002152,沪深300ETF沽12月3800,0.0732,0.0,0.0,0.0,15,0.0732,0.0743,55,0.0712,0.0732,0.0732,0.0732,10.0,7320.0,298
2023-05-10 09:39:05,OP90002152,沪深300ETF沽12月3800,0.0732,0.0,0.0,0.0,15,0.0732,0.0742,10,0.0712,0.0732,0.0732,0.0732,10.0,7320.0,298
2023-05-10 09:39:05,OP90002152,沪深300ETF沽12月3800,0.0732,0.0,0.0,0.0,15,0.0732,0.0742,25,0.0712,0.0732,0.0732,0.0732,10.0,7320.0,298
2023-05-10 09:39:06,OP90002152,沪深300ETF沽12月3800,0.0732,0.0,0.0,0.0,15,0.0732,0.0742,15,0.0712,0.0732,0.0732,0.0732,10.0,7320.0,298
2023-05-10 09:39:07,OP90002152,沪深300ETF沽12月3800,0.0732,0.0,0.0,0.0,15,0.0732,0.0742,25,0.0712,0.0732,0.0732,0.0732,10.0,7320.0,298
2023-05-10 09:39:08,OP90002152,沪深300ETF沽12月3800,0.0732,0.0,0.0,0.0,15,0.0732,0.0742,10,0.0712,0.0732,0.0732,0.0732,10.0,7320.0,298
2023-05-10 09:39:08,OP90002152,沪深300ETF沽12月3800,0.0732,0.0,0.0,0.0,40,0.073,0.0742,25,0.0712,0.0732,0.0732,0.0732,10.0,7320.0,298
2023-05-10 09:39:09,OP90002152,沪深300ETF沽12月3800,0.0732,0.0,0.0,0.0,15,0.073,0.0742,85,0.0712,0.0732,0.0732,0.0732,10.0,7320.0,298
2023-05-10 09:39:09,OP90002152,沪深300ETF沽12月3800,0.0732,0.0,0.0,0.0,30,0.0729,0.0742,95,0.0712,0.0732,0.0732,0.0732,10.0,7320.0,298
2023-05-10 09:39:10,OP90002152,沪深300ETF沽12月3800,0.0732,0.0,0.0,0.0,15,0.0729,0.0742,75,0.0712,0.0732,0.0732,0.0732,10.0,7320.0,298
2023-05-10 09:39:10,OP90002152,沪深300ETF沽12月3800,0.0732,0.0,0.0,0.0,30,0.0728,0.0742,85,0.0712,0.0732,0.0732,0.0732,10.0,7320.0,298
2023-05-10 09:39:11,OP90002152,沪深300ETF沽12月3800,0.0732,0.0,0.0,0.0,25,0.0728,0.074,10,0.0712,0.0732,0.0732,0.0732,10.0,7320.0,298
2023-05-10 09:39:11,OP90002152,沪深300ETF沽12月3800,0.0732,0.0,0.0,0.0,10,0.0727,0.0739,15,0.0712,0.0732,0.0732,0.0732,10.0,7320.0,298
2023-05-10 09:39:12,OP90002152,沪深300ETF沽12月3800,0.0732,0.0,0.0,0.0,15,0.0727,0.0739,45,0.0712,0.0732,0.0732,0.0732,10.0,7320.0,298
2023-05-10 09:39:12,OP90002152,沪深300ETF沽12月3800,0.0732,0.0,0.0,0.0,15,0.0727,0.0739,85,0.0712,0.0732,0.0732,0.0732,10.0,7320.0,298
2023-05-10 09:39:13,OP90002152,沪深300ETF沽12月3800,0.0732,0.0,0.0,0.0,15,0.0727,0.0739,85,0.0712,0.0732,0.0732,0.0732,10.0,7320.0,298
2023-05-10 09:39:13,OP90002152,沪深300ETF沽12月3800,0.0732,0.0,0.0,0.0,15,0.0727,0.0739,95,0.0712,0.0732,0.0732,0.0732,10.0,7320.0,298
2023-05-10 09:39:14,OP90002152,沪深300ETF沽12月3800,0.0732,0.0,0.0,0.0,15,0.0727,0.0739,95,0.0712,0.0732,0.0732,0.0732,10.0,7320.0,298
2023-05-10 09:39:14,OP90002152,沪深300ETF沽12月3800,0.0732,0.0,0.0,0.0,10,0.0726,0.0739,85,0.0712,0.0732,0.0732,0.0732,10.0,7320.0,298
2023-05-10 09:39:15,OP90002152,沪深300ETF沽12月3800,0.0732,0.0,0.0,0.0,15,0.0726,0.0738,10,0.0712,0.0732,0.0732,0.0732,10.0,7320.0,298
2023-05-10 09:39:15,OP90002152,沪深300ETF沽12月3800,0.0732,0.0,0.0,0.0,15,0.0726,0.0737,15,0.0712,0.0732,0.0732,0.0732,10.0,7320.0,298
2023-05-10 09:39:16,OP90002152,沪深300ETF沽12月3800,0.0732,0.0,0.0,0.0,15,0.0726,0.0737,45,0.0712,0.0732,0.0732,0.0732,10.0,7320.0,298
2023-05-10 09:39:17,OP90002152,沪深300ETF沽12月3800,0.0732,0.0,0.0,0.0,15,0.0726,0.0737,30,0.0712,0.0732,0.0732,0.0732,10.0,7320.0,298
2023-05-10 09:39:19,OP90002152,沪深300ETF沽12月3800,0.0732,0.0,0.0,0.0,35,0.0726,0.0737,30,0.0712,0.0732,0.0732,0.0732,10.0,7320.0,298
2023-05-10 09:39:20,OP90002152,沪深300ETF沽12月3800,0.0732,0.0,0.0,0.0,35,0.0726,0.0737,20,0.0712,0.0732,0.0732,0.0732,10.0,7320.0,298
2023-05-10 09:39:20,OP90002152,沪深300ETF沽12月3800,0.0732,0.0,0.0,0.0,35,0.0726,0.0737,20,0.0712,0.0732,0.0732,0.0732,10.0,7320.0,298
2023-05-10 09:39:21,OP90002152,沪深300ETF沽12月3800,0.0732,0.0,0.0,0.0,35,0.0726,0.0737,20,0.0712,0.0732,0.0732,0.0732,10.0,7320.0,298
2023-05-10 09:39:21,OP90002152,沪深300ETF沽12月3800,0.0732,0.0,0.0,0.0,35,0.0726,0.0739,80,0.0712,0.0732,0.0732,0.0732,10.0,7320.0,298
2023-05-10 09:39:22,OP90002152,沪深300ETF沽12月3800,0.0732,0.0,0.0,0.0,35,0.0726,0.0738,15,0.0712,0.0732,0.0732,0.0732,10.0,7320.0,298
