time,symbol_id,symbol_name,last,trade_volume,trade_amount,open_interest_change,bv1,bp1,ap1,av1,yesterday_close,today_open,today_high,today_low,volume,amount,open_interest
2023-05-10 19:12:58,TA311P4850,TA311P4850,131.0,0.0,0.0,0.0,0,0.0,0.0,0,131.0,0.0,0.0,0.0,0.0,0.0,9
2023-05-10 21:01:11,TA311P4850,TA311P4850,131.0,0.0,0.0,0.0,2,8.5,0.0,0,131.0,0.0,0.0,0.0,0.0,0.0,9
2023-05-10 21:01:15,TA311P4850,TA311P4850,131.0,0.0,0.0,0.0,1,9.0,0.0,0,131.0,0.0,0.0,0.0,0.0,0.0,9
2023-05-10 21:01:16,TA311P4850,TA311P4850,131.0,0.0,0.0,0.0,2,9.5,0.0,0,131.0,0.0,0.0,0.0,0.0,0.0,9
2023-05-10 21:01:27,TA311P4850,TA311P4850,131.0,0.0,0.0,0.0,2,9.5,448.5,1,131.0,0.0,0.0,0.0,0.0,0.0,9
2023-05-10 21:31:15,TA311P4850,TA311P4850,131.0,0.0,0.0,0.0,1,10.0,448.5,1,131.0,0.0,0.0,0.0,0.0,0.0,9
2023-05-10 21:31:16,TA311P4850,TA311P4850,131.0,0.0,0.0,0.0,2,10.5,448.5,1,131.0,0.0,0.0,0.0,0.0,0.0,9
2023-05-10 22:01:15,TA311P4850,TA311P4850,131.0,0.0,0.0,0.0,1,11.0,448.5,1,131.0,0.0,0.0,0.0,0.0,0.0,9
2023-05-10 22:01:16,TA311P4850,TA311P4850,131.0,0.0,0.0,0.0,2,11.5,448.5,1,131.0,0.0,0.0,0.0,0.0,0.0,9
2023-05-10 22:45:04,TA311P4850,TA311P4850,131.0,0.0,0.0,0.0,1,12.0,448.5,1,131.0,0.0,0.0,0.0,0.0,0.0,9
2023-05-10 22:45:09,TA311P4850,TA311P4850,131.0,0.0,0.0,0.0,2,12.5,448.5,1,131.0,0.0,0.0,0.0,0.0,0.0,9
2023-05-10 22:57:10,TA311P4850,TA311P4850,131.0,0.0,0.0,0.0,1,12.0,448.5,1,131.0,0.0,0.0,0.0,0.0,0.0,9
2023-05-10 22:58:14,TA311P4850,TA311P4850,131.0,0.0,0.0,0.0,1,12.0,0.0,0,131.0,0.0,0.0,0.0,0.0,0.0,9
2023-05-11 09:01:13,TA311P4850,TA311P4850,131.0,0.0,0.0,0.0,2,20.0,0.0,0,131.0,0.0,0.0,0.0,0.0,0.0,9
2023-05-11 09:01:31,TA311P4850,TA311P4850,131.0,0.0,0.0,0.0,1,20.5,0.0,0,131.0,0.0,0.0,0.0,0.0,0.0,9
2023-05-11 09:01:33,TA311P4850,TA311P4850,131.0,0.0,0.0,0.0,2,21.0,0.0,0,131.0,0.0,0.0,0.0,0.0,0.0,9
2023-05-11 09:01:47,TA311P4850,TA311P4850,131.0,0.0,0.0,0.0,2,21.0,448.5,1,131.0,0.0,0.0,0.0,0.0,0.0,9
2023-05-11 09:35:04,TA311P4850,TA311P4850,131.0,0.0,0.0,0.0,1,21.5,448.5,1,131.0,0.0,0.0,0.0,0.0,0.0,9
2023-05-11 09:35:08,TA311P4850,TA311P4850,131.0,0.0,0.0,0.0,2,22.0,448.5,1,131.0,0.0,0.0,0.0,0.0,0.0,9
2023-05-11 10:06:36,TA311P4850,TA311P4850,131.0,0.0,0.0,0.0,1,22.5,448.5,1,131.0,0.0,0.0,0.0,0.0,0.0,9
2023-05-11 10:06:41,TA311P4850,TA311P4850,131.0,0.0,0.0,0.0,2,23.0,448.5,1,131.0,0.0,0.0,0.0,0.0,0.0,9
2023-05-11 10:12:12,TA311P4850,TA311P4850,131.0,0.0,0.0,0.0,1,22.5,448.5,1,131.0,0.0,0.0,0.0,0.0,0.0,9
2023-05-11 10:13:11,TA311P4850,TA311P4850,131.0,0.0,0.0,0.0,1,22.5,0.0,0,131.0,0.0,0.0,0.0,0.0,0.0,9
2023-05-11 10:30:18,TA311P4850,TA311P4850,131.0,0.0,0.0,0.0,2,30.5,0.0,0,131.0,0.0,0.0,0.0,0.0,0.0,9
2023-05-11 10:30:38,TA311P4850,TA311P4850,131.0,0.0,0.0,0.0,2,30.5,448.5,1,131.0,0.0,0.0,0.0,0.0,0.0,9
2023-05-11 10:48:55,TA311P4850,TA311P4850,131.0,0.0,0.0,0.0,1,31.0,448.5,1,131.0,0.0,0.0,0.0,0.0,0.0,9
2023-05-11 10:49:01,TA311P4850,TA311P4850,131.0,0.0,0.0,0.0,2,31.5,448.5,1,131.0,0.0,0.0,0.0,0.0,0.0,9
2023-05-11 11:23:24,TA311P4850,TA311P4850,131.0,0.0,0.0,0.0,3,113.5,127.0,3,131.0,0.0,0.0,0.0,0.0,0.0,9
2023-05-11 11:23:25,TA311P4850,TA311P4850,131.0,0.0,0.0,0.0,6,113.5,127.0,6,131.0,0.0,0.0,0.0,0.0,0.0,9
2023-05-11 11:23:26,TA311P4850,TA311P4850,131.0,0.0,0.0,0.0,3,121.5,124.5,3,131.0,0.0,0.0,0.0,0.0,0.0,9
2023-05-11 11:23:27,TA311P4850,TA311P4850,131.0,0.0,0.0,0.0,3,122.0,124.0,3,131.0,0.0,0.0,0.0,0.0,0.0,9
2023-05-11 11:23:31,TA311P4850,TA311P4850,131.0,0.0,0.0,0.0,6,122.0,124.0,6,131.0,0.0,0.0,0.0,0.0,0.0,9
2023-05-11 11:23:39,TA311P4850,TA311P4850,131.0,0.0,0.0,0.0,9,122.0,124.0,9,131.0,0.0,0.0,0.0,0.0,0.0,9
2023-05-11 11:23:40,TA311P4850,TA311P4850,131.0,0.0,0.0,0.0,6,122.0,124.0,6,131.0,0.0,0.0,0.0,0.0,0.0,9
2023-05-11 11:23:41,TA311P4850,TA311P4850,131.0,0.0,0.0,0.0,9,122.0,124.0,9,131.0,0.0,0.0,0.0,0.0,0.0,9
2023-05-11 11:23:43,TA311P4850,TA311P4850,131.0,0.0,0.0,0.0,6,122.0,124.0,6,131.0,0.0,0.0,0.0,0.0,0.0,9
2023-05-11 11:23:49,TA311P4850,TA311P4850,131.0,0.0,0.0,0.0,3,122.0,124.0,3,131.0,0.0,0.0,0.0,0.0,0.0,9
2023-05-11 11:23:51,TA311P4850,TA311P4850,131.0,0.0,0.0,0.0,3,116.5,129.5,3,131.0,0.0,0.0,0.0,0.0,0.0,9
2023-05-11 11:23:53,TA311P4850,TA311P4850,131.0,0.0,0.0,0.0,1,31.0,0.0,0,131.0,0.0,0.0,0.0,0.0,0.0,9
2023-05-11 11:23:54,TA311P4850,TA311P4850,131.0,0.0,0.0,0.0,2,31.5,0.0,0,131.0,0.0,0.0,0.0,0.0,0.0,9
2023-05-11 11:27:08,TA311P4850,TA311P4850,131.0,0.0,0.0,0.0,1,31.0,0.0,0,131.0,0.0,0.0,0.0,0.0,0.0,9
2023-05-11 11:29:59,TA311P4850,TA311P4850,131.0,0.0,0.0,0.0,1,0.5,0.0,0,131.0,0.0,0.0,0.0,0.0,0.0,9
2023-05-11 13:31:12,TA311P4850,TA311P4850,131.0,0.0,0.0,0.0,2,8.5,0.0,0,131.0,0.0,0.0,0.0,0.0,0.0,9
2023-05-11 13:31:39,TA311P4850,TA311P4850,131.0,0.0,0.0,0.0,2,8.5,448.5,1,131.0,0.0,0.0,0.0,0.0,0.0,9
2023-05-11 13:50:33,TA311P4850,TA311P4850,131.0,0.0,0.0,0.0,3,110.5,123.5,3,131.0,0.0,0.0,0.0,0.0,0.0,9
2023-05-11 13:50:34,TA311P4850,TA311P4850,131.0,0.0,0.0,0.0,6,110.5,123.5,6,131.0,0.0,0.0,0.0,0.0,0.0,9
2023-05-11 13:50:35,TA311P4850,TA311P4850,131.0,0.0,0.0,0.0,3,118.0,121.0,3,131.0,0.0,0.0,0.0,0.0,0.0,9
2023-05-11 13:50:37,TA311P4850,TA311P4850,131.0,0.0,0.0,0.0,3,118.5,120.5,3,131.0,0.0,0.0,0.0,0.0,0.0,9
2023-05-11 13:50:41,TA311P4850,TA311P4850,131.0,0.0,0.0,0.0,6,118.5,120.5,6,131.0,0.0,0.0,0.0,0.0,0.0,9
2023-05-11 13:50:48,TA311P4850,TA311P4850,131.0,0.0,0.0,0.0,9,118.5,120.5,9,131.0,0.0,0.0,0.0,0.0,0.0,9
2023-05-11 13:50:49,TA311P4850,TA311P4850,131.0,0.0,0.0,0.0,6,118.5,120.5,6,131.0,0.0,0.0,0.0,0.0,0.0,9
2023-05-11 13:50:50,TA311P4850,TA311P4850,131.0,0.0,0.0,0.0,9,118.5,120.5,6,131.0,0.0,0.0,0.0,0.0,0.0,9
2023-05-11 13:50:53,TA311P4850,TA311P4850,131.0,0.0,0.0,0.0,6,118.5,120.5,3,131.0,0.0,0.0,0.0,0.0,0.0,9
2023-05-11 13:50:58,TA311P4850,TA311P4850,131.0,0.0,0.0,0.0,3,118.5,121.0,3,131.0,0.0,0.0,0.0,0.0,0.0,9
2023-05-11 13:51:01,TA311P4850,TA311P4850,131.0,0.0,0.0,0.0,3,113.0,126.0,3,131.0,0.0,0.0,0.0,0.0,0.0,9
2023-05-11 13:51:03,TA311P4850,TA311P4850,131.0,0.0,0.0,0.0,1,0.5,0.0,0,131.0,0.0,0.0,0.0,0.0,0.0,9
2023-05-11 13:51:04,TA311P4850,TA311P4850,131.0,0.0,0.0,0.0,2,1.0,0.0,0,131.0,0.0,0.0,0.0,0.0,0.0,9
2023-05-11 13:51:12,TA311P4850,TA311P4850,131.0,0.0,0.0,0.0,3,1.0,0.0,0,131.0,0.0,0.0,0.0,0.0,0.0,9
2023-05-11 13:58:01,TA311P4850,TA311P4850,131.0,0.0,0.0,0.0,3,110.0,123.0,3,131.0,0.0,0.0,0.0,0.0,0.0,9
2023-05-11 13:58:02,TA311P4850,TA311P4850,131.0,0.0,0.0,0.0,6,110.0,123.0,6,131.0,0.0,0.0,0.0,0.0,0.0,9
2023-05-11 13:58:03,TA311P4850,TA311P4850,131.0,0.0,0.0,0.0,3,118.0,121.0,3,131.0,0.0,0.0,0.0,0.0,0.0,9
2023-05-11 13:58:04,TA311P4850,TA311P4850,131.0,0.0,0.0,0.0,3,118.5,120.5,3,131.0,0.0,0.0,0.0,0.0,0.0,9
2023-05-11 13:58:09,TA311P4850,TA311P4850,131.0,0.0,0.0,0.0,6,118.5,120.5,6,131.0,0.0,0.0,0.0,0.0,0.0,9
2023-05-11 13:58:18,TA311P4850,TA311P4850,131.0,0.0,0.0,0.0,9,118.5,120.5,6,131.0,0.0,0.0,0.0,0.0,0.0,9
2023-05-11 13:58:21,TA311P4850,TA311P4850,131.0,0.0,0.0,0.0,6,118.5,120.5,3,131.0,0.0,0.0,0.0,0.0,0.0,9
2023-05-11 13:58:26,TA311P4850,TA311P4850,131.0,0.0,0.0,0.0,3,118.5,121.0,3,131.0,0.0,0.0,0.0,0.0,0.0,9
2023-05-11 13:58:28,TA311P4850,TA311P4850,131.0,0.0,0.0,0.0,3,113.0,126.0,3,131.0,0.0,0.0,0.0,0.0,0.0,9
2023-05-11 13:58:30,TA311P4850,TA311P4850,131.0,0.0,0.0,0.0,1,1.0,0.0,0,131.0,0.0,0.0,0.0,0.0,0.0,9
2023-05-11 13:58:31,TA311P4850,TA311P4850,131.0,0.0,0.0,0.0,2,1.5,0.0,0,131.0,0.0,0.0,0.0,0.0,0.0,9
2023-05-11 13:59:01,TA311P4850,TA311P4850,131.0,0.0,0.0,0.0,1,2.0,0.0,0,131.0,0.0,0.0,0.0,0.0,0.0,9
2023-05-11 13:59:02,TA311P4850,TA311P4850,131.0,0.0,0.0,0.0,2,2.5,0.0,0,131.0,0.0,0.0,0.0,0.0,0.0,9
2023-05-11 14:10:17,TA311P4850,TA311P4850,131.0,0.0,0.0,0.0,3,110.5,123.5,3,131.0,0.0,0.0,0.0,0.0,0.0,9
2023-05-11 14:10:18,TA311P4850,TA311P4850,131.0,0.0,0.0,0.0,6,110.5,123.5,6,131.0,0.0,0.0,0.0,0.0,0.0,9
2023-05-11 14:10:20,TA311P4850,TA311P4850,131.0,0.0,0.0,0.0,3,119.0,122.0,3,131.0,0.0,0.0,0.0,0.0,0.0,9
2023-05-11 14:10:21,TA311P4850,TA311P4850,131.0,0.0,0.0,0.0,3,119.5,121.5,6,131.0,0.0,0.0,0.0,0.0,0.0,9
2023-05-11 14:10:26,TA311P4850,TA311P4850,131.0,0.0,0.0,0.0,6,119.5,121.5,9,131.0,0.0,0.0,0.0,0.0,0.0,9
2023-05-11 14:10:33,TA311P4850,TA311P4850,131.0,0.0,0.0,0.0,9,119.5,121.5,9,131.0,0.0,0.0,0.0,0.0,0.0,9
2023-05-11 14:10:33,TA311P4850,TA311P4850,131.0,0.0,0.0,0.0,6,119.5,121.5,6,131.0,0.0,0.0,0.0,0.0,0.0,9
2023-05-11 14:10:34,TA311P4850,TA311P4850,131.0,0.0,0.0,0.0,9,119.5,121.5,9,131.0,0.0,0.0,0.0,0.0,0.0,9
2023-05-11 14:10:38,TA311P4850,TA311P4850,131.0,0.0,0.0,0.0,6,119.5,121.5,6,131.0,0.0,0.0,0.0,0.0,0.0,9
2023-05-11 14:10:43,TA311P4850,TA311P4850,131.0,0.0,0.0,0.0,3,119.5,121.5,3,131.0,0.0,0.0,0.0,0.0,0.0,9
2023-05-11 14:10:45,TA311P4850,TA311P4850,131.0,0.0,0.0,0.0,3,114.0,127.0,3,131.0,0.0,0.0,0.0,0.0,0.0,9
2023-05-11 14:10:48,TA311P4850,TA311P4850,131.0,0.0,0.0,0.0,1,2.0,0.0,0,131.0,0.0,0.0,0.0,0.0,0.0,9
2023-05-11 14:10:49,TA311P4850,TA311P4850,131.0,0.0,0.0,0.0,2,10.0,0.0,0,131.0,0.0,0.0,0.0,0.0,0.0,9
2023-05-11 14:41:04,TA311P4850,TA311P4850,131.0,0.0,0.0,0.0,1,10.5,0.0,0,131.0,0.0,0.0,0.0,0.0,0.0,9
2023-05-11 14:41:08,TA311P4850,TA311P4850,131.0,0.0,0.0,0.0,2,11.0,0.0,0,131.0,0.0,0.0,0.0,0.0,0.0,9
