time,symbol_id,symbol_name,last,trade_volume,trade_amount,open_interest_change,bv1,bp1,ap1,av1,yesterday_close,today_open,today_high,today_low,volume,amount,open_interest
2023-05-10 19:12:58,TA401P5700,TA401P5700,635.5,0.0,0.0,0.0,0,0.0,0.0,0,635.5,0.0,0.0,0.0,0.0,0.0,497
2023-05-10 21:00:03,TA401P5700,TA401P5700,635.5,0.0,0.0,0.0,1,518.5,728.0,1,635.5,0.0,0.0,0.0,0.0,0.0,497
2023-05-10 21:01:33,TA401P5700,TA401P5700,635.5,0.0,0.0,0.0,1,518.5,626.0,10,635.5,0.0,0.0,0.0,0.0,0.0,497
2023-05-10 21:01:33,TA401P5700,TA401P5700,635.5,0.0,0.0,0.0,1,518.5,728.0,1,635.5,0.0,0.0,0.0,0.0,0.0,497
2023-05-10 21:03:11,TA401P5700,TA401P5700,635.5,0.0,0.0,0.0,1,565.5,728.0,1,635.5,0.0,0.0,0.0,0.0,0.0,497
2023-05-10 22:56:29,TA401P5700,TA401P5700,635.5,0.0,0.0,0.0,2,352.5,0.0,0,635.5,0.0,0.0,0.0,0.0,0.0,497
2023-05-10 22:56:32,TA401P5700,TA401P5700,635.5,0.0,0.0,0.0,1,354.0,962.0,1,635.5,0.0,0.0,0.0,0.0,0.0,497
2023-05-10 22:59:49,TA401P5700,TA401P5700,635.5,0.0,0.0,0.0,0,0.0,0.0,0,635.5,0.0,0.0,0.0,0.0,0.0,497
2023-05-11 09:00:03,TA401P5700,TA401P5700,635.5,0.0,0.0,0.0,1,541.0,749.5,1,635.5,0.0,0.0,0.0,0.0,0.0,497
2023-05-11 09:02:01,TA401P5700,TA401P5700,635.5,0.0,0.0,0.0,1,588.0,749.5,1,635.5,0.0,0.0,0.0,0.0,0.0,497
2023-05-11 11:10:57,TA401P5700,TA401P5700,635.5,0.0,0.0,0.0,1,526.0,749.5,1,635.5,0.0,0.0,0.0,0.0,0.0,497
2023-05-11 11:10:58,TA401P5700,TA401P5700,635.5,0.0,0.0,0.0,1,573.0,749.5,1,635.5,0.0,0.0,0.0,0.0,0.0,497
2023-05-11 11:29:29,TA401P5700,TA401P5700,635.5,0.0,0.0,0.0,1,379.0,749.5,1,635.5,0.0,0.0,0.0,0.0,0.0,497
2023-05-11 11:29:30,TA401P5700,TA401P5700,635.5,0.0,0.0,0.0,1,524.0,749.5,1,635.5,0.0,0.0,0.0,0.0,0.0,497
2023-05-11 13:45:41,TA401P5700,TA401P5700,635.5,0.0,0.0,0.0,5,611.0,616.5,5,635.5,0.0,0.0,0.0,0.0,0.0,497
2023-05-11 13:45:45,TA401P5700,TA401P5700,635.5,0.0,0.0,0.0,5,611.0,615.0,5,635.5,0.0,0.0,0.0,0.0,0.0,497
2023-05-11 13:45:51,TA401P5700,TA401P5700,635.5,0.0,0.0,0.0,5,609.0,615.0,5,635.5,0.0,0.0,0.0,0.0,0.0,497
2023-05-11 13:45:58,TA401P5700,TA401P5700,635.5,0.0,0.0,0.0,5,609.0,613.5,5,635.5,0.0,0.0,0.0,0.0,0.0,497
2023-05-11 13:47:29,TA401P5700,TA401P5700,635.5,0.0,0.0,0.0,5,607.0,613.5,5,635.5,0.0,0.0,0.0,0.0,0.0,497
2023-05-11 13:47:31,TA401P5700,TA401P5700,635.5,0.0,0.0,0.0,5,608.0,613.5,5,635.5,0.0,0.0,0.0,0.0,0.0,497
2023-05-11 13:48:28,TA401P5700,TA401P5700,635.5,0.0,0.0,0.0,5,609.0,613.5,5,635.5,0.0,0.0,0.0,0.0,0.0,497
2023-05-11 13:48:29,TA401P5700,TA401P5700,635.5,0.0,0.0,0.0,5,609.0,615.0,5,635.5,0.0,0.0,0.0,0.0,0.0,497
2023-05-11 13:48:30,TA401P5700,TA401P5700,635.5,0.0,0.0,0.0,5,610.0,615.0,5,635.5,0.0,0.0,0.0,0.0,0.0,497
2023-05-11 13:48:32,TA401P5700,TA401P5700,635.5,0.0,0.0,0.0,5,609.0,613.5,5,635.5,0.0,0.0,0.0,0.0,0.0,497
2023-05-11 13:50:13,TA401P5700,TA401P5700,635.5,0.0,0.0,0.0,5,609.0,615.0,5,635.5,0.0,0.0,0.0,0.0,0.0,497
2023-05-11 13:50:14,TA401P5700,TA401P5700,635.5,0.0,0.0,0.0,5,610.0,615.0,5,635.5,0.0,0.0,0.0,0.0,0.0,497
2023-05-11 13:50:58,TA401P5700,TA401P5700,635.5,0.0,0.0,0.0,5,611.5,615.0,5,635.5,0.0,0.0,0.0,0.0,0.0,497
2023-05-11 13:51:00,TA401P5700,TA401P5700,635.5,0.0,0.0,0.0,5,611.5,749.5,1,635.5,0.0,0.0,0.0,0.0,0.0,497
2023-05-11 13:51:01,TA401P5700,TA401P5700,635.5,0.0,0.0,0.0,5,611.5,617.0,5,635.5,0.0,0.0,0.0,0.0,0.0,497
2023-05-11 13:51:02,TA401P5700,TA401P5700,635.5,0.0,0.0,0.0,5,611.5,615.5,5,635.5,0.0,0.0,0.0,0.0,0.0,497
2023-05-11 13:51:03,TA401P5700,TA401P5700,635.5,0.0,0.0,0.0,5,610.0,615.5,5,635.5,0.0,0.0,0.0,0.0,0.0,497
2023-05-11 13:51:09,TA401P5700,TA401P5700,635.5,0.0,0.0,0.0,5,610.0,614.0,5,635.5,0.0,0.0,0.0,0.0,0.0,497
2023-05-11 13:51:11,TA401P5700,TA401P5700,635.5,0.0,0.0,0.0,1,524.0,614.0,5,635.5,0.0,0.0,0.0,0.0,0.0,497
2023-05-11 13:51:12,TA401P5700,TA401P5700,635.5,0.0,0.0,0.0,5,608.5,614.0,5,635.5,0.0,0.0,0.0,0.0,0.0,497
2023-05-11 13:51:18,TA401P5700,TA401P5700,635.5,0.0,0.0,0.0,5,608.5,613.0,5,635.5,0.0,0.0,0.0,0.0,0.0,497
2023-05-11 13:51:26,TA401P5700,TA401P5700,635.5,0.0,0.0,0.0,5,606.5,613.0,5,635.5,0.0,0.0,0.0,0.0,0.0,497
2023-05-11 13:51:31,TA401P5700,TA401P5700,635.5,0.0,0.0,0.0,5,606.5,611.5,5,635.5,0.0,0.0,0.0,0.0,0.0,497
2023-05-11 13:52:01,TA401P5700,TA401P5700,635.5,0.0,0.0,0.0,5,607.5,613.0,5,635.5,0.0,0.0,0.0,0.0,0.0,497
2023-05-11 13:52:03,TA401P5700,TA401P5700,635.5,0.0,0.0,0.0,5,607.5,749.5,1,635.5,0.0,0.0,0.0,0.0,0.0,497
2023-05-11 13:52:04,TA401P5700,TA401P5700,635.5,0.0,0.0,0.0,5,609.0,614.5,5,635.5,0.0,0.0,0.0,0.0,0.0,497
2023-05-11 13:52:08,TA401P5700,TA401P5700,635.5,0.0,0.0,0.0,5,610.0,614.5,5,635.5,0.0,0.0,0.0,0.0,0.0,497
2023-05-11 13:52:09,TA401P5700,TA401P5700,635.5,0.0,0.0,0.0,5,610.0,749.5,1,635.5,0.0,0.0,0.0,0.0,0.0,497
2023-05-11 13:52:12,TA401P5700,TA401P5700,635.5,0.0,0.0,0.0,5,612.0,749.5,1,635.5,0.0,0.0,0.0,0.0,0.0,497
2023-05-11 13:52:18,TA401P5700,TA401P5700,635.5,0.0,0.0,0.0,5,612.0,616.5,5,635.5,0.0,0.0,0.0,0.0,0.0,497
2023-05-11 13:53:35,TA401P5700,TA401P5700,635.5,0.0,0.0,0.0,5,610.0,616.5,5,635.5,0.0,0.0,0.0,0.0,0.0,497
2023-05-11 13:53:44,TA401P5700,TA401P5700,635.5,0.0,0.0,0.0,5,611.0,616.5,5,635.5,0.0,0.0,0.0,0.0,0.0,497
2023-05-11 13:53:58,TA401P5700,TA401P5700,635.5,0.0,0.0,0.0,5,611.0,615.0,5,635.5,0.0,0.0,0.0,0.0,0.0,497
2023-05-11 13:53:59,TA401P5700,TA401P5700,635.5,0.0,0.0,0.0,5,610.0,615.0,5,635.5,0.0,0.0,0.0,0.0,0.0,497
2023-05-11 13:54:07,TA401P5700,TA401P5700,635.5,0.0,0.0,0.0,1,524.0,615.0,5,635.5,0.0,0.0,0.0,0.0,0.0,497
2023-05-11 13:54:09,TA401P5700,TA401P5700,635.5,0.0,0.0,0.0,1,524.0,613.5,5,635.5,0.0,0.0,0.0,0.0,0.0,497
2023-05-11 13:54:09,TA401P5700,TA401P5700,635.5,0.0,0.0,0.0,5,608.0,613.5,5,635.5,0.0,0.0,0.0,0.0,0.0,497
2023-05-11 13:54:58,TA401P5700,TA401P5700,635.5,0.0,0.0,0.0,5,609.0,613.5,5,635.5,0.0,0.0,0.0,0.0,0.0,497
2023-05-11 13:55:55,TA401P5700,TA401P5700,635.5,0.0,0.0,0.0,5,610.0,615.0,5,635.5,0.0,0.0,0.0,0.0,0.0,497
2023-05-11 13:56:08,TA401P5700,TA401P5700,635.5,0.0,0.0,0.0,5,611.0,615.0,5,635.5,0.0,0.0,0.0,0.0,0.0,497
2023-05-11 13:56:08,TA401P5700,TA401P5700,635.5,0.0,0.0,0.0,5,611.0,617.0,5,635.5,0.0,0.0,0.0,0.0,0.0,497
2023-05-11 13:56:17,TA401P5700,TA401P5700,635.5,0.0,0.0,0.0,5,611.0,615.5,5,635.5,0.0,0.0,0.0,0.0,0.0,497
2023-05-11 13:56:40,TA401P5700,TA401P5700,635.5,0.0,0.0,0.0,5,611.0,617.0,5,635.5,0.0,0.0,0.0,0.0,0.0,497
2023-05-11 13:56:47,TA401P5700,TA401P5700,635.5,0.0,0.0,0.0,5,612.0,617.0,5,635.5,0.0,0.0,0.0,0.0,0.0,497
2023-05-11 13:58:36,TA401P5700,TA401P5700,635.5,0.0,0.0,0.0,5,611.0,615.5,5,635.5,0.0,0.0,0.0,0.0,0.0,497
2023-05-11 13:59:21,TA401P5700,TA401P5700,635.5,0.0,0.0,0.0,5,611.0,617.0,5,635.5,0.0,0.0,0.0,0.0,0.0,497
2023-05-11 13:59:26,TA401P5700,TA401P5700,635.5,0.0,0.0,0.0,5,612.5,617.0,5,635.5,0.0,0.0,0.0,0.0,0.0,497
2023-05-11 14:00:13,TA401P5700,TA401P5700,635.5,0.0,0.0,0.0,5,612.5,619.0,5,635.5,0.0,0.0,0.0,0.0,0.0,497
2023-05-11 14:00:18,TA401P5700,TA401P5700,635.5,0.0,0.0,0.0,5,614.0,619.0,5,635.5,0.0,0.0,0.0,0.0,0.0,497
2023-05-11 14:00:28,TA401P5700,TA401P5700,635.5,0.0,0.0,0.0,5,614.0,749.5,1,635.5,0.0,0.0,0.0,0.0,0.0,497
2023-05-11 14:00:34,TA401P5700,TA401P5700,635.5,0.0,0.0,0.0,5,616.0,749.5,1,635.5,0.0,0.0,0.0,0.0,0.0,497
2023-05-11 14:00:36,TA401P5700,TA401P5700,635.5,0.0,0.0,0.0,5,616.0,620.5,5,635.5,0.0,0.0,0.0,0.0,0.0,497
2023-05-11 14:00:39,TA401P5700,TA401P5700,635.5,0.0,0.0,0.0,5,614.0,620.5,5,635.5,0.0,0.0,0.0,0.0,0.0,497
2023-05-11 14:00:40,TA401P5700,TA401P5700,635.5,0.0,0.0,0.0,5,614.0,619.0,5,635.5,0.0,0.0,0.0,0.0,0.0,497
2023-05-11 14:01:30,TA401P5700,TA401P5700,635.5,0.0,0.0,0.0,5,614.0,618.0,5,635.5,0.0,0.0,0.0,0.0,0.0,497
2023-05-11 14:01:38,TA401P5700,TA401P5700,635.5,0.0,0.0,0.0,5,612.0,618.0,5,635.5,0.0,0.0,0.0,0.0,0.0,497
2023-05-11 14:01:54,TA401P5700,TA401P5700,635.5,0.0,0.0,0.0,5,612.0,616.5,5,635.5,0.0,0.0,0.0,0.0,0.0,497
2023-05-11 14:02:15,TA401P5700,TA401P5700,635.5,0.0,0.0,0.0,5,613.5,618.0,5,635.5,0.0,0.0,0.0,0.0,0.0,497
2023-05-11 14:02:51,TA401P5700,TA401P5700,635.5,0.0,0.0,0.0,5,613.5,620.0,5,635.5,0.0,0.0,0.0,0.0,0.0,497
2023-05-11 14:02:52,TA401P5700,TA401P5700,635.5,0.0,0.0,0.0,5,614.5,620.0,5,635.5,0.0,0.0,0.0,0.0,0.0,497
2023-05-11 14:03:02,TA401P5700,TA401P5700,635.5,0.0,0.0,0.0,5,615.5,620.0,5,635.5,0.0,0.0,0.0,0.0,0.0,497
2023-05-11 14:04:50,TA401P5700,TA401P5700,635.5,0.0,0.0,0.0,5,615.5,622.0,5,635.5,0.0,0.0,0.0,0.0,0.0,497
2023-05-11 14:04:58,TA401P5700,TA401P5700,635.5,0.0,0.0,0.0,5,617.5,622.0,5,635.5,0.0,0.0,0.0,0.0,0.0,497
2023-05-11 14:05:14,TA401P5700,TA401P5700,635.5,0.0,0.0,0.0,5,615.5,622.0,5,635.5,0.0,0.0,0.0,0.0,0.0,497
2023-05-11 14:05:21,TA401P5700,TA401P5700,635.5,0.0,0.0,0.0,5,615.5,620.5,5,635.5,0.0,0.0,0.0,0.0,0.0,497
2023-05-11 14:06:06,TA401P5700,TA401P5700,635.5,0.0,0.0,0.0,1,524.0,620.5,5,635.5,0.0,0.0,0.0,0.0,0.0,497
2023-05-11 14:06:06,TA401P5700,TA401P5700,635.5,0.0,0.0,0.0,5,613.5,619.0,5,635.5,0.0,0.0,0.0,0.0,0.0,497
2023-05-11 14:06:37,TA401P5700,TA401P5700,635.5,0.0,0.0,0.0,5,613.5,617.5,5,635.5,0.0,0.0,0.0,0.0,0.0,497
2023-05-11 14:06:40,TA401P5700,TA401P5700,635.5,0.0,0.0,0.0,1,524.0,617.5,5,635.5,0.0,0.0,0.0,0.0,0.0,497
2023-05-11 14:06:42,TA401P5700,TA401P5700,635.5,0.0,0.0,0.0,5,612.0,617.5,5,635.5,0.0,0.0,0.0,0.0,0.0,497
2023-05-11 14:06:43,TA401P5700,TA401P5700,635.5,0.0,0.0,0.0,5,613.0,617.5,5,635.5,0.0,0.0,0.0,0.0,0.0,497
2023-05-11 14:07:07,TA401P5700,TA401P5700,635.5,0.0,0.0,0.0,5,613.0,619.0,5,635.5,0.0,0.0,0.0,0.0,0.0,497
2023-05-11 14:07:09,TA401P5700,TA401P5700,635.5,0.0,0.0,0.0,5,614.5,619.0,5,635.5,0.0,0.0,0.0,0.0,0.0,497
2023-05-11 14:08:11,TA401P5700,TA401P5700,635.5,0.0,0.0,0.0,5,614.5,621.0,5,635.5,0.0,0.0,0.0,0.0,0.0,497
2023-05-11 14:08:13,TA401P5700,TA401P5700,635.5,0.0,0.0,0.0,5,616.0,621.0,5,635.5,0.0,0.0,0.0,0.0,0.0,497
2023-05-11 14:09:07,TA401P5700,TA401P5700,635.5,0.0,0.0,0.0,5,617.0,621.0,5,635.5,0.0,0.0,0.0,0.0,0.0,497
2023-05-11 14:10:03,TA401P5700,TA401P5700,635.5,0.0,0.0,0.0,5,616.0,621.0,5,635.5,0.0,0.0,0.0,0.0,0.0,497
2023-05-11 14:10:42,TA401P5700,TA401P5700,635.5,0.0,0.0,0.0,5,614.0,619.5,5,635.5,0.0,0.0,0.0,0.0,0.0,497
2023-05-11 14:12:16,TA401P5700,TA401P5700,635.5,0.0,0.0,0.0,5,615.0,619.5,5,635.5,0.0,0.0,0.0,0.0,0.0,497
2023-05-11 14:13:01,TA401P5700,TA401P5700,635.5,0.0,0.0,0.0,5,616.0,621.0,5,635.5,0.0,0.0,0.0,0.0,0.0,497
2023-05-11 14:14:31,TA401P5700,TA401P5700,635.5,0.0,0.0,0.0,5,615.0,619.5,5,635.5,0.0,0.0,0.0,0.0,0.0,497
2023-05-11 14:14:39,TA401P5700,TA401P5700,635.5,0.0,0.0,0.0,5,613.0,619.5,5,635.5,0.0,0.0,0.0,0.0,0.0,497
2023-05-11 14:14:42,TA401P5700,TA401P5700,635.5,0.0,0.0,0.0,5,613.0,618.5,5,635.5,0.0,0.0,0.0,0.0,0.0,497
2023-05-11 14:15:50,TA401P5700,TA401P5700,635.5,0.0,0.0,0.0,1,524.0,618.5,5,635.5,0.0,0.0,0.0,0.0,0.0,497
2023-05-11 14:15:53,TA401P5700,TA401P5700,635.5,0.0,0.0,0.0,5,611.5,617.0,5,635.5,0.0,0.0,0.0,0.0,0.0,497
2023-05-11 14:16:25,TA401P5700,TA401P5700,635.5,0.0,0.0,0.0,5,612.5,617.0,5,635.5,0.0,0.0,0.0,0.0,0.0,497
2023-05-11 14:16:57,TA401P5700,TA401P5700,635.5,0.0,0.0,0.0,5,612.5,618.5,5,635.5,0.0,0.0,0.0,0.0,0.0,497
2023-05-11 14:17:01,TA401P5700,TA401P5700,635.5,0.0,0.0,0.0,5,613.5,618.5,5,635.5,0.0,0.0,0.0,0.0,0.0,497
2023-05-11 14:17:05,TA401P5700,TA401P5700,635.5,0.0,0.0,0.0,5,614.5,618.5,5,635.5,0.0,0.0,0.0,0.0,0.0,497
2023-05-11 14:17:08,TA401P5700,TA401P5700,635.5,0.0,0.0,0.0,5,614.5,620.5,5,635.5,0.0,0.0,0.0,0.0,0.0,497
2023-05-11 14:17:17,TA401P5700,TA401P5700,635.5,0.0,0.0,0.0,5,614.5,619.5,5,635.5,0.0,0.0,0.0,0.0,0.0,497
2023-05-11 14:17:52,TA401P5700,TA401P5700,635.5,0.0,0.0,0.0,5,613.5,618.0,5,635.5,0.0,0.0,0.0,0.0,0.0,497
2023-05-11 14:18:10,TA401P5700,TA401P5700,635.5,0.0,0.0,0.0,5,611.5,618.0,5,635.5,0.0,0.0,0.0,0.0,0.0,497
2023-05-11 14:18:11,TA401P5700,TA401P5700,635.5,0.0,0.0,0.0,5,611.5,617.0,5,635.5,0.0,0.0,0.0,0.0,0.0,497
2023-05-11 14:18:16,TA401P5700,TA401P5700,635.5,0.0,0.0,0.0,5,613.0,617.0,5,635.5,0.0,0.0,0.0,0.0,0.0,497
2023-05-11 14:18:37,TA401P5700,TA401P5700,635.5,0.0,0.0,0.0,5,611.5,617.0,5,635.5,0.0,0.0,0.0,0.0,0.0,497
2023-05-11 14:19:03,TA401P5700,TA401P5700,635.5,0.0,0.0,0.0,5,613.0,617.0,5,635.5,0.0,0.0,0.0,0.0,0.0,497
2023-05-11 14:19:14,TA401P5700,TA401P5700,635.5,0.0,0.0,0.0,5,613.0,618.0,5,635.5,0.0,0.0,0.0,0.0,0.0,497
2023-05-11 14:20:02,TA401P5700,TA401P5700,635.5,0.0,0.0,0.0,5,611.5,616.5,5,635.5,0.0,0.0,0.0,0.0,0.0,497
2023-05-11 14:20:11,TA401P5700,TA401P5700,635.5,0.0,0.0,0.0,5,611.5,615.0,5,635.5,0.0,0.0,0.0,0.0,0.0,497
2023-05-11 14:20:11,TA401P5700,TA401P5700,635.5,0.0,0.0,0.0,1,524.0,615.0,5,635.5,0.0,0.0,0.0,0.0,0.0,497
2023-05-11 14:20:12,TA401P5700,TA401P5700,635.5,0.0,0.0,0.0,5,610.0,615.0,5,635.5,0.0,0.0,0.0,0.0,0.0,497
2023-05-11 14:20:59,TA401P5700,TA401P5700,635.5,0.0,0.0,0.0,5,610.0,614.0,5,635.5,0.0,0.0,0.0,0.0,0.0,497
2023-05-11 14:21:00,TA401P5700,TA401P5700,635.5,0.0,0.0,0.0,1,524.0,614.0,5,635.5,0.0,0.0,0.0,0.0,0.0,497
2023-05-11 14:21:01,TA401P5700,TA401P5700,635.5,0.0,0.0,0.0,5,608.5,614.0,5,635.5,0.0,0.0,0.0,0.0,0.0,497
2023-05-11 14:21:16,TA401P5700,TA401P5700,635.5,0.0,0.0,0.0,5,609.5,614.0,5,635.5,0.0,0.0,0.0,0.0,0.0,497
2023-05-11 14:21:21,TA401P5700,TA401P5700,635.5,0.0,0.0,0.0,5,609.5,615.0,5,635.5,0.0,0.0,0.0,0.0,0.0,497
2023-05-11 14:21:23,TA401P5700,TA401P5700,635.5,0.0,0.0,0.0,5,609.5,749.5,1,635.5,0.0,0.0,0.0,0.0,0.0,497
2023-05-11 14:21:25,TA401P5700,TA401P5700,635.5,0.0,0.0,0.0,5,609.5,617.0,5,635.5,0.0,0.0,0.0,0.0,0.0,497
2023-05-11 14:21:28,TA401P5700,TA401P5700,635.5,0.0,0.0,0.0,5,612.5,617.0,5,635.5,0.0,0.0,0.0,0.0,0.0,497
2023-05-11 14:21:35,TA401P5700,TA401P5700,635.5,0.0,0.0,0.0,5,612.5,619.0,5,635.5,0.0,0.0,0.0,0.0,0.0,497
2023-05-11 14:21:37,TA401P5700,TA401P5700,635.5,0.0,0.0,0.0,5,613.5,619.0,5,635.5,0.0,0.0,0.0,0.0,0.0,497
2023-05-11 14:21:43,TA401P5700,TA401P5700,635.5,0.0,0.0,0.0,5,614.5,619.0,5,635.5,0.0,0.0,0.0,0.0,0.0,497
2023-05-11 14:21:54,TA401P5700,TA401P5700,635.5,0.0,0.0,0.0,5,614.5,749.5,1,635.5,0.0,0.0,0.0,0.0,0.0,497
2023-05-11 14:21:58,TA401P5700,TA401P5700,635.5,0.0,0.0,0.0,5,616.0,621.5,5,635.5,0.0,0.0,0.0,0.0,0.0,497
2023-05-11 14:22:08,TA401P5700,TA401P5700,635.5,0.0,0.0,0.0,5,617.0,749.5,1,635.5,0.0,0.0,0.0,0.0,0.0,497
2023-05-11 14:22:11,TA401P5700,TA401P5700,635.5,0.0,0.0,0.0,5,617.0,622.0,5,635.5,0.0,0.0,0.0,0.0,0.0,497
2023-05-11 14:22:35,TA401P5700,TA401P5700,635.5,0.0,0.0,0.0,5,618.5,624.0,5,635.5,0.0,0.0,0.0,0.0,0.0,497
2023-05-11 14:22:56,TA401P5700,TA401P5700,635.5,0.0,0.0,0.0,5,620.0,624.0,5,635.5,0.0,0.0,0.0,0.0,0.0,497
2023-05-11 14:23:00,TA401P5700,TA401P5700,635.5,0.0,0.0,0.0,5,620.0,749.5,1,635.5,0.0,0.0,0.0,0.0,0.0,497
2023-05-11 14:23:02,TA401P5700,TA401P5700,635.5,0.0,0.0,0.0,5,620.0,626.0,5,635.5,0.0,0.0,0.0,0.0,0.0,497
2023-05-11 14:23:05,TA401P5700,TA401P5700,635.5,0.0,0.0,0.0,5,620.0,624.5,5,635.5,0.0,0.0,0.0,0.0,0.0,497
2023-05-11 14:23:13,TA401P5700,TA401P5700,635.5,0.0,0.0,0.0,5,620.0,626.0,5,635.5,0.0,0.0,0.0,0.0,0.0,497
2023-05-11 14:23:15,TA401P5700,TA401P5700,635.5,0.0,0.0,0.0,5,621.5,626.0,5,635.5,0.0,0.0,0.0,0.0,0.0,497
2023-05-11 14:23:19,TA401P5700,TA401P5700,635.5,0.0,0.0,0.0,5,620.0,626.0,5,635.5,0.0,0.0,0.0,0.0,0.0,497
2023-05-11 14:23:33,TA401P5700,TA401P5700,635.5,0.0,0.0,0.0,5,620.0,624.5,5,635.5,0.0,0.0,0.0,0.0,0.0,497
2023-05-11 14:23:36,TA401P5700,TA401P5700,635.5,0.0,0.0,0.0,5,620.0,626.0,5,635.5,0.0,0.0,0.0,0.0,0.0,497
2023-05-11 14:23:44,TA401P5700,TA401P5700,635.5,0.0,0.0,0.0,5,621.0,626.0,5,635.5,0.0,0.0,0.0,0.0,0.0,497
2023-05-11 14:24:29,TA401P5700,TA401P5700,635.5,0.0,0.0,0.0,5,622.0,626.0,5,635.5,0.0,0.0,0.0,0.0,0.0,497
2023-05-11 14:25:41,TA401P5700,TA401P5700,635.5,0.0,0.0,0.0,5,622.0,628.0,5,635.5,0.0,0.0,0.0,0.0,0.0,497
2023-05-11 14:26:20,TA401P5700,TA401P5700,635.5,0.0,0.0,0.0,5,622.0,626.5,5,635.5,0.0,0.0,0.0,0.0,0.0,497
2023-05-11 14:26:22,TA401P5700,TA401P5700,635.5,0.0,0.0,0.0,5,621.0,626.5,5,635.5,0.0,0.0,0.0,0.0,0.0,497
2023-05-11 14:27:48,TA401P5700,TA401P5700,635.5,0.0,0.0,0.0,5,621.0,625.0,5,635.5,0.0,0.0,0.0,0.0,0.0,497
2023-05-11 14:28:13,TA401P5700,TA401P5700,635.5,0.0,0.0,0.0,5,619.0,625.0,5,635.5,0.0,0.0,0.0,0.0,0.0,497
2023-05-11 14:28:40,TA401P5700,TA401P5700,635.5,0.0,0.0,0.0,5,620.5,625.0,5,635.5,0.0,0.0,0.0,0.0,0.0,497
2023-05-11 14:29:31,TA401P5700,TA401P5700,635.5,0.0,0.0,0.0,5,619.0,625.0,5,635.5,0.0,0.0,0.0,0.0,0.0,497
2023-05-11 14:29:40,TA401P5700,TA401P5700,635.5,0.0,0.0,0.0,5,619.0,623.5,5,635.5,0.0,0.0,0.0,0.0,0.0,497
2023-05-11 14:30:22,TA401P5700,TA401P5700,635.5,0.0,0.0,0.0,5,620.5,625.0,5,635.5,0.0,0.0,0.0,0.0,0.0,497
2023-05-11 14:30:35,TA401P5700,TA401P5700,635.5,0.0,0.0,0.0,5,620.5,627.0,5,635.5,0.0,0.0,0.0,0.0,0.0,497
2023-05-11 14:30:36,TA401P5700,TA401P5700,635.5,0.0,0.0,0.0,5,622.0,627.0,5,635.5,0.0,0.0,0.0,0.0,0.0,497
2023-05-11 14:31:41,TA401P5700,TA401P5700,635.5,0.0,0.0,0.0,5,622.0,749.5,1,635.5,0.0,0.0,0.0,0.0,0.0,497
2023-05-11 14:31:43,TA401P5700,TA401P5700,635.5,0.0,0.0,0.0,5,623.5,629.5,5,635.5,0.0,0.0,0.0,0.0,0.0,497
2023-05-11 14:32:18,TA401P5700,TA401P5700,635.5,0.0,0.0,0.0,5,623.5,628.0,5,635.5,0.0,0.0,0.0,0.0,0.0,497
2023-05-11 14:33:06,TA401P5700,TA401P5700,635.5,0.0,0.0,0.0,5,622.0,628.0,5,635.5,0.0,0.0,0.0,0.0,0.0,497
2023-05-11 14:33:08,TA401P5700,TA401P5700,635.5,0.0,0.0,0.0,5,622.0,626.0,5,635.5,0.0,0.0,0.0,0.0,0.0,497
2023-05-11 14:33:27,TA401P5700,TA401P5700,635.5,0.0,0.0,0.0,5,622.0,628.0,5,635.5,0.0,0.0,0.0,0.0,0.0,497
2023-05-11 14:33:27,TA401P5700,TA401P5700,635.5,0.0,0.0,0.0,5,622.0,626.0,5,635.5,0.0,0.0,0.0,0.0,0.0,497
2023-05-11 14:34:02,TA401P5700,TA401P5700,635.5,0.0,0.0,0.0,5,620.0,626.0,5,635.5,0.0,0.0,0.0,0.0,0.0,497
2023-05-11 14:34:34,TA401P5700,TA401P5700,635.5,0.0,0.0,0.0,5,621.0,626.0,5,635.5,0.0,0.0,0.0,0.0,0.0,497
2023-05-11 14:34:49,TA401P5700,TA401P5700,635.5,0.0,0.0,0.0,5,622.0,626.0,5,635.5,0.0,0.0,0.0,0.0,0.0,497
2023-05-11 14:34:49,TA401P5700,TA401P5700,635.5,0.0,0.0,0.0,5,622.0,628.0,5,635.5,0.0,0.0,0.0,0.0,0.0,497
2023-05-11 14:35:02,TA401P5700,TA401P5700,635.5,0.0,0.0,0.0,5,622.0,626.5,5,635.5,0.0,0.0,0.0,0.0,0.0,497
2023-05-11 14:35:40,TA401P5700,TA401P5700,635.5,0.0,0.0,0.0,5,622.0,628.0,5,635.5,0.0,0.0,0.0,0.0,0.0,497
2023-05-11 14:35:54,TA401P5700,TA401P5700,635.5,0.0,0.0,0.0,5,623.0,628.0,5,635.5,0.0,0.0,0.0,0.0,0.0,497
2023-05-11 14:36:42,TA401P5700,TA401P5700,635.5,0.0,0.0,0.0,5,622.0,626.5,5,635.5,0.0,0.0,0.0,0.0,0.0,497
2023-05-11 14:37:20,TA401P5700,TA401P5700,635.5,0.0,0.0,0.0,5,622.0,628.0,5,635.5,0.0,0.0,0.0,0.0,0.0,497
2023-05-11 14:37:21,TA401P5700,TA401P5700,635.5,0.0,0.0,0.0,5,623.0,628.0,5,635.5,0.0,0.0,0.0,0.0,0.0,497
2023-05-11 14:37:22,TA401P5700,TA401P5700,635.5,0.0,0.0,0.0,5,623.0,749.5,1,635.5,0.0,0.0,0.0,0.0,0.0,497
2023-05-11 14:37:24,TA401P5700,TA401P5700,635.5,0.0,0.0,0.0,5,623.0,629.5,5,635.5,0.0,0.0,0.0,0.0,0.0,497
2023-05-11 14:37:26,TA401P5700,TA401P5700,635.5,0.0,0.0,0.0,5,624.0,629.5,5,635.5,0.0,0.0,0.0,0.0,0.0,497
2023-05-11 14:37:31,TA401P5700,TA401P5700,635.5,0.0,0.0,0.0,5,624.0,749.5,1,635.5,0.0,0.0,0.0,0.0,0.0,497
2023-05-11 14:37:32,TA401P5700,TA401P5700,635.5,0.0,0.0,0.0,5,626.0,749.5,1,635.5,0.0,0.0,0.0,0.0,0.0,497
2023-05-11 14:37:38,TA401P5700,TA401P5700,635.5,0.0,0.0,0.0,5,626.0,631.5,5,635.5,0.0,0.0,0.0,0.0,0.0,497
2023-05-11 14:37:51,TA401P5700,TA401P5700,635.5,0.0,0.0,0.0,10,628.0,631.5,5,635.5,0.0,0.0,0.0,0.0,0.0,497
2023-05-11 14:37:56,TA401P5700,TA401P5700,635.5,0.0,0.0,0.0,5,626.0,631.5,5,635.5,0.0,0.0,0.0,0.0,0.0,497
2023-05-11 14:37:57,TA401P5700,TA401P5700,635.5,0.0,0.0,0.0,5,626.0,630.0,5,635.5,0.0,0.0,0.0,0.0,0.0,497
2023-05-11 14:38:06,TA401P5700,TA401P5700,635.5,0.0,0.0,0.0,5,626.0,631.5,5,635.5,0.0,0.0,0.0,0.0,0.0,497
2023-05-11 14:38:10,TA401P5700,TA401P5700,635.5,0.0,0.0,0.0,5,627.5,631.5,5,635.5,0.0,0.0,0.0,0.0,0.0,497
2023-05-11 14:38:47,TA401P5700,TA401P5700,635.5,0.0,0.0,0.0,5,627.5,633.5,5,635.5,0.0,0.0,0.0,0.0,0.0,497
2023-05-11 14:39:00,TA401P5700,TA401P5700,635.5,0.0,0.0,0.0,5,630.0,749.5,1,635.5,0.0,0.0,0.0,0.0,0.0,497
2023-05-11 14:39:01,TA401P5700,TA401P5700,635.5,0.0,0.0,0.0,5,630.0,635.5,5,635.5,0.0,0.0,0.0,0.0,0.0,497
2023-05-11 14:39:26,TA401P5700,TA401P5700,635.5,0.0,0.0,0.0,5,631.5,635.5,5,635.5,0.0,0.0,0.0,0.0,0.0,497
2023-05-11 14:39:33,TA401P5700,TA401P5700,635.5,0.0,0.0,0.0,5,631.5,637.5,5,635.5,0.0,0.0,0.0,0.0,0.0,497
2023-05-11 14:39:42,TA401P5700,TA401P5700,635.5,0.0,0.0,0.0,5,631.5,636.0,5,635.5,0.0,0.0,0.0,0.0,0.0,497
2023-05-11 14:40:10,TA401P5700,TA401P5700,635.5,0.0,0.0,0.0,5,631.5,637.5,5,635.5,0.0,0.0,0.0,0.0,0.0,497
2023-05-11 14:40:26,TA401P5700,TA401P5700,635.5,0.0,0.0,0.0,5,633.0,637.5,5,635.5,0.0,0.0,0.0,0.0,0.0,497
2023-05-11 14:41:04,TA401P5700,TA401P5700,635.5,0.0,0.0,0.0,5,633.0,639.5,5,635.5,0.0,0.0,0.0,0.0,0.0,497
2023-05-11 14:41:08,TA401P5700,TA401P5700,635.5,0.0,0.0,0.0,5,633.0,637.5,5,635.5,0.0,0.0,0.0,0.0,0.0,497
2023-05-11 14:41:12,TA401P5700,TA401P5700,635.5,0.0,0.0,0.0,5,631.5,637.5,5,635.5,0.0,0.0,0.0,0.0,0.0,497
2023-05-11 14:41:26,TA401P5700,TA401P5700,635.5,0.0,0.0,0.0,5,632.5,637.5,5,635.5,0.0,0.0,0.0,0.0,0.0,497
2023-05-11 14:41:56,TA401P5700,TA401P5700,635.5,0.0,0.0,0.0,5,631.5,636.0,5,635.5,0.0,0.0,0.0,0.0,0.0,497
2023-05-11 14:42:03,TA401P5700,TA401P5700,635.5,0.0,0.0,0.0,5,632.5,637.5,5,635.5,0.0,0.0,0.0,0.0,0.0,497
2023-05-11 14:44:11,TA401P5700,TA401P5700,635.5,0.0,0.0,0.0,5,631.5,636.0,5,635.5,0.0,0.0,0.0,0.0,0.0,497
2023-05-11 14:44:13,TA401P5700,TA401P5700,635.5,0.0,0.0,0.0,1,524.0,636.0,5,635.5,0.0,0.0,0.0,0.0,0.0,497
2023-05-11 14:44:14,TA401P5700,TA401P5700,635.5,0.0,0.0,0.0,1,525.5,636.0,5,635.5,0.0,0.0,0.0,0.0,0.0,497
2023-05-11 14:44:14,TA401P5700,TA401P5700,635.5,0.0,0.0,0.0,1,571.0,636.0,5,635.5,0.0,0.0,0.0,0.0,0.0,497
2023-05-11 14:44:15,TA401P5700,TA401P5700,635.5,0.0,0.0,0.0,5,629.5,636.0,5,635.5,0.0,0.0,0.0,0.0,0.0,497
2023-05-11 14:44:24,TA401P5700,TA401P5700,635.5,0.0,0.0,0.0,5,630.5,636.0,5,635.5,0.0,0.0,0.0,0.0,0.0,497
2023-05-11 14:45:18,TA401P5700,TA401P5700,635.5,0.0,0.0,0.0,5,629.5,634.5,5,635.5,0.0,0.0,0.0,0.0,0.0,497
2023-05-11 14:45:24,TA401P5700,TA401P5700,635.5,0.0,0.0,0.0,1,571.0,634.5,5,635.5,0.0,0.0,0.0,0.0,0.0,497
2023-05-11 14:45:24,TA401P5700,TA401P5700,635.5,0.0,0.0,0.0,5,627.5,634.5,5,635.5,0.0,0.0,0.0,0.0,0.0,497
2023-05-11 14:45:25,TA401P5700,TA401P5700,635.5,0.0,0.0,0.0,5,627.5,633.0,5,635.5,0.0,0.0,0.0,0.0,0.0,497
2023-05-11 14:45:53,TA401P5700,TA401P5700,635.5,0.0,0.0,0.0,5,628.5,633.0,5,635.5,0.0,0.0,0.0,0.0,0.0,497
2023-05-11 14:46:01,TA401P5700,TA401P5700,635.5,0.0,0.0,0.0,5,628.5,634.5,5,635.5,0.0,0.0,0.0,0.0,0.0,497
2023-05-11 14:46:37,TA401P5700,TA401P5700,635.5,0.0,0.0,0.0,5,628.5,633.0,5,635.5,0.0,0.0,0.0,0.0,0.0,497
2023-05-11 14:46:53,TA401P5700,TA401P5700,635.5,0.0,0.0,0.0,5,627.5,633.0,5,635.5,0.0,0.0,0.0,0.0,0.0,497
2023-05-11 14:47:05,TA401P5700,TA401P5700,635.5,0.0,0.0,0.0,5,627.5,631.5,5,635.5,0.0,0.0,0.0,0.0,0.0,497
2023-05-11 14:47:07,TA401P5700,TA401P5700,635.5,0.0,0.0,0.0,1,571.0,631.5,5,635.5,0.0,0.0,0.0,0.0,0.0,497
2023-05-11 14:47:08,TA401P5700,TA401P5700,635.5,0.0,0.0,0.0,5,626.0,631.5,5,635.5,0.0,0.0,0.0,0.0,0.0,497
2023-05-11 14:47:19,TA401P5700,TA401P5700,635.5,0.0,0.0,0.0,5,627.5,631.5,5,635.5,0.0,0.0,0.0,0.0,0.0,497
2023-05-11 14:47:29,TA401P5700,TA401P5700,635.5,0.0,0.0,0.0,5,627.5,633.0,5,635.5,0.0,0.0,0.0,0.0,0.0,497
2023-05-11 14:47:51,TA401P5700,TA401P5700,635.5,0.0,0.0,0.0,5,629.0,633.0,5,635.5,0.0,0.0,0.0,0.0,0.0,497
2023-05-11 14:48:05,TA401P5700,TA401P5700,635.5,0.0,0.0,0.0,5,627.5,633.0,5,635.5,0.0,0.0,0.0,0.0,0.0,497
2023-05-11 14:48:25,TA401P5700,TA401P5700,635.5,0.0,0.0,0.0,5,627.5,631.5,5,635.5,0.0,0.0,0.0,0.0,0.0,497
2023-05-11 14:48:25,TA401P5700,TA401P5700,635.5,0.0,0.0,0.0,5,625.5,631.5,5,635.5,0.0,0.0,0.0,0.0,0.0,497
2023-05-11 14:48:39,TA401P5700,TA401P5700,635.5,0.0,0.0,0.0,5,625.5,630.0,5,635.5,0.0,0.0,0.0,0.0,0.0,497
2023-05-11 14:48:47,TA401P5700,TA401P5700,635.5,0.0,0.0,0.0,5,623.5,630.0,5,635.5,0.0,0.0,0.0,0.0,0.0,497
2023-05-11 14:48:53,TA401P5700,TA401P5700,635.5,0.0,0.0,0.0,5,623.5,628.5,5,635.5,0.0,0.0,0.0,0.0,0.0,497
2023-05-11 14:49:10,TA401P5700,TA401P5700,635.5,0.0,0.0,0.0,1,571.0,628.5,5,635.5,0.0,0.0,0.0,0.0,0.0,497
2023-05-11 14:49:11,TA401P5700,TA401P5700,635.5,0.0,0.0,0.0,5,622.5,628.5,5,635.5,0.0,0.0,0.0,0.0,0.0,497
2023-05-11 14:49:14,TA401P5700,TA401P5700,635.5,0.0,0.0,0.0,5,622.5,627.0,5,635.5,0.0,0.0,0.0,0.0,0.0,497
2023-05-11 14:49:16,TA401P5700,TA401P5700,635.5,0.0,0.0,0.0,5,622.5,628.5,5,635.5,0.0,0.0,0.0,0.0,0.0,497
2023-05-11 14:49:16,TA401P5700,TA401P5700,635.5,0.0,0.0,0.0,5,624.0,628.5,5,635.5,0.0,0.0,0.0,0.0,0.0,497
2023-05-11 14:49:20,TA401P5700,TA401P5700,635.5,0.0,0.0,0.0,5,624.0,630.5,5,635.5,0.0,0.0,0.0,0.0,0.0,497
2023-05-11 14:49:22,TA401P5700,TA401P5700,635.5,0.0,0.0,0.0,5,625.5,630.5,5,635.5,0.0,0.0,0.0,0.0,0.0,497
2023-05-11 14:49:45,TA401P5700,TA401P5700,635.5,0.0,0.0,0.0,5,627.0,749.5,1,635.5,0.0,0.0,0.0,0.0,0.0,497
2023-05-11 14:49:47,TA401P5700,TA401P5700,635.5,0.0,0.0,0.0,5,627.0,633.0,5,635.5,0.0,0.0,0.0,0.0,0.0,497
2023-05-11 14:50:05,TA401P5700,TA401P5700,635.5,0.0,0.0,0.0,5,627.0,631.5,5,635.5,0.0,0.0,0.0,0.0,0.0,497
2023-05-11 14:50:10,TA401P5700,TA401P5700,635.5,0.0,0.0,0.0,5,627.0,633.0,5,635.5,0.0,0.0,0.0,0.0,0.0,497
2023-05-11 14:51:21,TA401P5700,TA401P5700,635.5,0.0,0.0,0.0,5,628.5,633.0,5,635.5,0.0,0.0,0.0,0.0,0.0,497
2023-05-11 14:52:17,TA401P5700,TA401P5700,635.5,0.0,0.0,0.0,5,627.0,633.0,5,635.5,0.0,0.0,0.0,0.0,0.0,497
2023-05-11 14:52:21,TA401P5700,TA401P5700,635.5,0.0,0.0,0.0,5,627.0,631.5,5,635.5,0.0,0.0,0.0,0.0,0.0,497
2023-05-11 14:52:56,TA401P5700,TA401P5700,635.5,0.0,0.0,0.0,5,627.0,633.0,5,635.5,0.0,0.0,0.0,0.0,0.0,497
2023-05-11 14:53:58,TA401P5700,TA401P5700,635.5,0.0,0.0,0.0,5,628.5,633.0,5,635.5,0.0,0.0,0.0,0.0,0.0,497
2023-05-11 14:54:01,TA401P5700,TA401P5700,635.5,0.0,0.0,0.0,5,627.0,633.0,5,635.5,0.0,0.0,0.0,0.0,0.0,497
2023-05-11 14:54:27,TA401P5700,TA401P5700,635.5,0.0,0.0,0.0,5,627.0,631.5,5,635.5,0.0,0.0,0.0,0.0,0.0,497
2023-05-11 14:55:29,TA401P5700,TA401P5700,635.5,0.0,0.0,0.0,5,627.0,633.0,5,635.5,0.0,0.0,0.0,0.0,0.0,497
2023-05-11 14:55:53,TA401P5700,TA401P5700,635.5,0.0,0.0,0.0,5,628.5,633.0,5,635.5,0.0,0.0,0.0,0.0,0.0,497
2023-05-11 14:55:56,TA401P5700,TA401P5700,635.5,0.0,0.0,0.0,5,627.0,633.0,5,635.5,0.0,0.0,0.0,0.0,0.0,497
2023-05-11 14:56:06,TA401P5700,TA401P5700,635.5,0.0,0.0,0.0,5,627.0,631.5,5,635.5,0.0,0.0,0.0,0.0,0.0,497
2023-05-11 14:57:58,TA401P5700,TA401P5700,635.5,0.0,0.0,0.0,5,627.0,633.0,5,635.5,0.0,0.0,0.0,0.0,0.0,497
2023-05-11 14:58:09,TA401P5700,TA401P5700,635.5,0.0,0.0,0.0,5,627.0,749.5,1,635.5,0.0,0.0,0.0,0.0,0.0,497
2023-05-11 14:58:10,TA401P5700,TA401P5700,635.5,0.0,0.0,0.0,5,627.0,636.0,5,635.5,0.0,0.0,0.0,0.0,0.0,497
2023-05-11 14:58:12,TA401P5700,TA401P5700,635.5,0.0,0.0,0.0,5,627.0,634.5,5,635.5,0.0,0.0,0.0,0.0,0.0,497
2023-05-11 14:58:20,TA401P5700,TA401P5700,635.5,0.0,0.0,0.0,5,627.0,636.0,5,635.5,0.0,0.0,0.0,0.0,0.0,497
2023-05-11 14:58:26,TA401P5700,TA401P5700,635.5,0.0,0.0,0.0,5,630.5,636.0,5,635.5,0.0,0.0,0.0,0.0,0.0,497
2023-05-11 14:58:28,TA401P5700,TA401P5700,635.5,0.0,0.0,0.0,5,632.0,749.5,1,635.5,0.0,0.0,0.0,0.0,0.0,497
2023-05-11 14:58:32,TA401P5700,TA401P5700,635.5,0.0,0.0,0.0,5,632.0,639.0,5,635.5,0.0,0.0,0.0,0.0,0.0,497
2023-05-11 14:58:34,TA401P5700,TA401P5700,635.5,0.0,0.0,0.0,5,633.5,639.0,5,635.5,0.0,0.0,0.0,0.0,0.0,497
2023-05-11 14:58:40,TA401P5700,TA401P5700,635.5,0.0,0.0,0.0,5,635.0,749.5,1,635.5,0.0,0.0,0.0,0.0,0.0,497
2023-05-11 14:58:42,TA401P5700,TA401P5700,635.5,0.0,0.0,0.0,5,635.0,640.0,5,635.5,0.0,0.0,0.0,0.0,0.0,497
2023-05-11 14:58:45,TA401P5700,TA401P5700,635.5,0.0,0.0,0.0,5,635.0,749.5,1,635.5,0.0,0.0,0.0,0.0,0.0,497
2023-05-11 14:58:46,TA401P5700,TA401P5700,635.5,0.0,0.0,0.0,5,635.0,641.5,5,635.5,0.0,0.0,0.0,0.0,0.0,497
2023-05-11 14:58:57,TA401P5700,TA401P5700,635.5,0.0,0.0,0.0,1,571.0,749.5,1,635.5,0.0,0.0,0.0,0.0,0.0,497
2023-05-11 14:59:21,TA401P5700,TA401P5700,635.5,0.0,0.0,0.0,1,533.0,749.5,1,635.5,0.0,0.0,0.0,0.0,0.0,497
