time,symbol_id,symbol_name,last,trade_volume,trade_amount,open_interest_change,bv1,bp1,ap1,av1,yesterday_close,today_open,today_high,today_low,volume,amount,open_interest
2023-05-10 19:12:58,TA401P4800,TA401P4800,169.0,0.0,0.0,0.0,0,0.0,0.0,0,169.0,163.5,0.0,0.0,0.0,0.0,407
2023-05-10 20:59:00,TA401P4800,TA401P4800,169.0,0.0,0.0,0.0,18,49.0,0.0,0,169.0,163.5,0.0,0.0,0.0,0.0,407
2023-05-10 21:00:01,TA401P4800,TA401P4800,169.0,0.0,0.0,0.0,1,76.5,0.0,0,169.0,163.5,0.0,0.0,0.0,0.0,407
2023-05-10 21:00:02,TA401P4800,TA401P4800,169.0,0.0,0.0,0.0,1,76.5,264.0,1,169.0,163.5,0.0,0.0,0.0,0.0,407
2023-05-10 21:01:10,TA401P4800,TA401P4800,169.0,0.0,0.0,0.0,1,77.0,264.0,1,169.0,163.5,0.0,0.0,0.0,0.0,407
2023-05-10 21:01:10,TA401P4800,TA401P4800,169.0,0.0,0.0,0.0,1,122.5,264.0,1,169.0,163.5,0.0,0.0,0.0,0.0,407
2023-05-10 21:01:14,TA401P4800,TA401P4800,169.0,0.0,0.0,0.0,5,157.5,264.0,1,169.0,163.5,0.0,0.0,0.0,0.0,407
2023-05-10 21:01:16,TA401P4800,TA401P4800,169.0,0.0,0.0,0.0,5,157.5,161.5,5,169.0,163.5,0.0,0.0,0.0,0.0,407
2023-05-10 21:01:26,TA401P4800,TA401P4800,169.0,0.0,0.0,0.0,5,158.5,161.5,5,169.0,163.5,0.0,0.0,0.0,0.0,407
2023-05-10 21:01:28,TA401P4800,TA401P4800,169.0,0.0,0.0,0.0,5,158.5,264.0,1,169.0,163.5,0.0,0.0,0.0,0.0,407
2023-05-10 21:01:28,TA401P4800,TA401P4800,169.0,0.0,0.0,0.0,5,158.5,163.0,5,169.0,163.5,0.0,0.0,0.0,0.0,407
2023-05-10 21:01:34,TA401P4800,TA401P4800,169.0,0.0,0.0,0.0,5,158.5,162.0,5,169.0,163.5,0.0,0.0,0.0,0.0,407
2023-05-10 21:02:06,TA401P4800,TA401P4800,169.0,0.0,0.0,0.0,5,158.5,163.0,5,169.0,163.5,0.0,0.0,0.0,0.0,407
2023-05-10 21:02:09,TA401P4800,TA401P4800,169.0,0.0,0.0,0.0,5,159.5,163.0,5,169.0,163.5,0.0,0.0,0.0,0.0,407
2023-05-10 21:02:22,TA401P4800,TA401P4800,169.0,0.0,0.0,0.0,5,160.5,163.0,5,169.0,163.5,0.0,0.0,0.0,0.0,407
2023-05-10 21:02:32,TA401P4800,TA401P4800,169.0,0.0,0.0,0.0,5,160.5,164.5,5,169.0,163.5,0.0,0.0,0.0,0.0,407
2023-05-10 21:02:54,TA401P4800,TA401P4800,169.0,0.0,0.0,0.0,5,161.5,164.5,5,169.0,163.5,0.0,0.0,0.0,0.0,407
2023-05-10 21:04:24,TA401P4800,TA401P4800,169.0,0.0,0.0,0.0,5,161.5,166.0,5,169.0,163.5,0.0,0.0,0.0,0.0,407
2023-05-10 21:04:26,TA401P4800,TA401P4800,169.0,0.0,0.0,0.0,5,161.5,165.5,5,169.0,163.5,0.0,0.0,0.0,0.0,407
2023-05-10 21:04:44,TA401P4800,TA401P4800,169.0,0.0,0.0,0.0,5,161.5,165.0,5,169.0,163.5,0.0,0.0,0.0,0.0,407
2023-05-10 21:05:03,TA401P4800,TA401P4800,169.0,0.0,0.0,0.0,5,160.5,164.0,5,169.0,163.5,0.0,0.0,0.0,0.0,407
2023-05-10 21:05:25,TA401P4800,TA401P4800,169.0,0.0,0.0,0.0,5,161.5,164.0,5,169.0,163.5,0.0,0.0,0.0,0.0,407
2023-05-10 21:05:55,TA401P4800,TA401P4800,169.0,0.0,0.0,0.0,5,160.5,164.0,5,169.0,163.5,0.0,0.0,0.0,0.0,407
2023-05-10 21:06:00,TA401P4800,TA401P4800,169.0,0.0,0.0,0.0,5,160.5,163.5,5,169.0,163.5,0.0,0.0,0.0,0.0,407
2023-05-10 21:06:06,TA401P4800,TA401P4800,169.0,0.0,0.0,0.0,5,159.5,163.5,5,169.0,163.5,0.0,0.0,0.0,0.0,407
2023-05-10 21:06:07,TA401P4800,TA401P4800,169.0,0.0,0.0,0.0,5,159.5,162.5,5,169.0,163.5,0.0,0.0,0.0,0.0,407
2023-05-10 21:06:36,TA401P4800,TA401P4800,169.0,0.0,0.0,0.0,5,160.0,162.5,5,169.0,163.5,0.0,0.0,0.0,0.0,407
2023-05-10 21:07:23,TA401P4800,TA401P4800,169.0,0.0,0.0,0.0,5,160.0,163.5,5,169.0,163.5,0.0,0.0,0.0,0.0,407
2023-05-10 21:07:26,TA401P4800,TA401P4800,169.0,0.0,0.0,0.0,5,160.5,163.5,5,169.0,163.5,0.0,0.0,0.0,0.0,407
2023-05-10 21:07:41,TA401P4800,TA401P4800,169.0,0.0,0.0,0.0,5,161.0,163.5,5,169.0,163.5,0.0,0.0,0.0,0.0,407
2023-05-10 21:08:49,TA401P4800,TA401P4800,169.0,0.0,0.0,0.0,5,161.0,164.5,5,169.0,163.5,0.0,0.0,0.0,0.0,407
2023-05-10 21:09:20,TA401P4800,TA401P4800,169.0,0.0,0.0,0.0,5,161.5,164.5,5,169.0,163.5,0.0,0.0,0.0,0.0,407
2023-05-10 21:09:59,TA401P4800,TA401P4800,169.0,0.0,0.0,0.0,5,161.5,264.0,1,169.0,163.5,0.0,0.0,0.0,0.0,407
2023-05-10 21:10:02,TA401P4800,TA401P4800,169.0,0.0,0.0,0.0,5,161.5,258.5,1,169.0,163.5,0.0,0.0,0.0,0.0,407
2023-05-10 21:10:02,TA401P4800,TA401P4800,169.0,0.0,0.0,0.0,5,161.5,213.0,1,169.0,163.5,0.0,0.0,0.0,0.0,407
2023-05-10 21:10:06,TA401P4800,TA401P4800,169.0,0.0,0.0,0.0,5,162.5,213.0,1,169.0,163.5,0.0,0.0,0.0,0.0,407
2023-05-10 21:10:07,TA401P4800,TA401P4800,169.0,0.0,0.0,0.0,5,162.5,166.0,5,169.0,163.5,0.0,0.0,0.0,0.0,407
2023-05-10 21:10:10,TA401P4800,TA401P4800,169.0,0.0,0.0,0.0,5,163.0,166.0,5,169.0,163.5,0.0,0.0,0.0,0.0,407
2023-05-10 21:10:43,TA401P4800,TA401P4800,169.0,0.0,0.0,0.0,5,163.5,166.0,5,169.0,163.5,0.0,0.0,0.0,0.0,407
2023-05-10 21:10:56,TA401P4800,TA401P4800,169.0,0.0,0.0,0.0,5,163.5,213.0,1,169.0,163.5,0.0,0.0,0.0,0.0,407
2023-05-10 21:10:56,TA401P4800,TA401P4800,169.0,0.0,0.0,0.0,5,163.5,167.0,5,169.0,163.5,0.0,0.0,0.0,0.0,407
2023-05-10 21:11:03,TA401P4800,TA401P4800,169.0,0.0,0.0,0.0,5,164.0,167.0,5,169.0,163.5,0.0,0.0,0.0,0.0,407
2023-05-10 21:11:23,TA401P4800,TA401P4800,169.0,0.0,0.0,0.0,5,164.0,166.5,5,169.0,163.5,0.0,0.0,0.0,0.0,407
2023-05-10 21:11:27,TA401P4800,TA401P4800,169.0,0.0,0.0,0.0,5,163.5,166.5,5,169.0,163.5,0.0,0.0,0.0,0.0,407
2023-05-10 21:11:29,TA401P4800,TA401P4800,169.0,0.0,0.0,0.0,1,147.5,166.5,5,169.0,163.5,0.0,0.0,0.0,0.0,407
2023-05-10 21:11:30,TA401P4800,TA401P4800,169.0,0.0,0.0,0.0,5,162.5,166.5,5,169.0,163.5,0.0,0.0,0.0,0.0,407
2023-05-10 21:11:31,TA401P4800,TA401P4800,169.0,0.0,0.0,0.0,5,162.5,166.0,5,169.0,163.5,0.0,0.0,0.0,0.0,407
2023-05-10 21:11:54,TA401P4800,TA401P4800,169.0,0.0,0.0,0.0,5,163.0,166.0,5,169.0,163.5,0.0,0.0,0.0,0.0,407
2023-05-10 21:12:02,TA401P4800,TA401P4800,169.0,0.0,0.0,0.0,5,163.5,166.0,5,169.0,163.5,0.0,0.0,0.0,0.0,407
2023-05-10 21:12:27,TA401P4800,TA401P4800,169.0,0.0,0.0,0.0,5,163.5,166.5,5,169.0,163.5,0.0,0.0,0.0,0.0,407
2023-05-10 21:12:28,TA401P4800,TA401P4800,169.0,0.0,0.0,0.0,5,164.0,166.5,5,169.0,163.5,0.0,0.0,0.0,0.0,407
2023-05-10 21:12:46,TA401P4800,TA401P4800,169.0,0.0,0.0,0.0,5,164.0,213.0,1,169.0,163.5,0.0,0.0,0.0,0.0,407
2023-05-10 21:12:48,TA401P4800,TA401P4800,169.0,0.0,0.0,0.0,5,164.0,174.5,1,169.0,163.5,0.0,0.0,0.0,0.0,407
2023-05-10 21:12:48,TA401P4800,TA401P4800,169.0,0.0,0.0,0.0,5,164.0,167.5,5,169.0,163.5,0.0,0.0,0.0,0.0,407
2023-05-10 21:13:12,TA401P4800,TA401P4800,169.0,0.0,0.0,0.0,5,164.0,167.0,5,169.0,163.5,0.0,0.0,0.0,0.0,407
2023-05-10 21:15:20,TA401P4800,TA401P4800,169.0,0.0,0.0,0.0,5,164.0,166.5,5,169.0,163.5,0.0,0.0,0.0,0.0,407
2023-05-10 21:16:07,TA401P4800,TA401P4800,169.0,0.0,0.0,0.0,5,164.5,167.0,5,169.0,163.5,0.0,0.0,0.0,0.0,407
2023-05-10 21:16:09,TA401P4800,TA401P4800,169.0,0.0,0.0,0.0,5,164.5,174.5,1,169.0,163.5,0.0,0.0,0.0,0.0,407
2023-05-10 21:16:14,TA401P4800,TA401P4800,169.0,0.0,0.0,0.0,5,165.0,168.0,5,169.0,163.5,0.0,0.0,0.0,0.0,407
2023-05-10 21:16:22,TA401P4800,TA401P4800,169.0,0.0,0.0,0.0,5,165.5,168.0,5,169.0,163.5,0.0,0.0,0.0,0.0,407
2023-05-10 21:16:29,TA401P4800,TA401P4800,169.0,0.0,0.0,0.0,5,165.5,174.5,1,169.0,163.5,0.0,0.0,0.0,0.0,407
2023-05-10 21:16:32,TA401P4800,TA401P4800,169.0,0.0,0.0,0.0,5,166.0,169.5,5,169.0,163.5,0.0,0.0,0.0,0.0,407
2023-05-10 21:16:33,TA401P4800,TA401P4800,169.0,0.0,0.0,0.0,5,166.0,169.0,5,169.0,163.5,0.0,0.0,0.0,0.0,407
2023-05-10 21:17:09,TA401P4800,TA401P4800,169.0,0.0,0.0,0.0,5,166.5,169.0,5,169.0,163.5,0.0,0.0,0.0,0.0,407
2023-05-10 21:18:34,TA401P4800,TA401P4800,169.0,0.0,0.0,0.0,5,167.0,169.5,5,169.0,163.5,0.0,0.0,0.0,0.0,407
2023-05-10 21:19:13,TA401P4800,TA401P4800,169.0,0.0,0.0,0.0,5,166.5,169.5,5,169.0,163.5,0.0,0.0,0.0,0.0,407
2023-05-10 21:19:14,TA401P4800,TA401P4800,169.0,0.0,0.0,0.0,5,166.5,169.0,5,169.0,163.5,0.0,0.0,0.0,0.0,407
2023-05-10 21:20:24,TA401P4800,TA401P4800,169.0,0.0,0.0,0.0,1,147.5,169.0,5,169.0,163.5,0.0,0.0,0.0,0.0,407
2023-05-10 21:20:26,TA401P4800,TA401P4800,169.0,0.0,0.0,0.0,1,158.0,169.0,5,169.0,163.5,0.0,0.0,0.0,0.0,407
2023-05-10 21:20:30,TA401P4800,TA401P4800,169.0,0.0,0.0,0.0,5,165.0,168.5,5,169.0,163.5,0.0,0.0,0.0,0.0,407
2023-05-10 21:20:57,TA401P4800,TA401P4800,169.0,0.0,0.0,0.0,5,165.5,168.5,5,169.0,163.5,0.0,0.0,0.0,0.0,407
2023-05-10 21:21:32,TA401P4800,TA401P4800,169.0,0.0,0.0,0.0,5,165.5,168.0,5,169.0,163.5,0.0,0.0,0.0,0.0,407
2023-05-10 21:22:47,TA401P4800,TA401P4800,169.0,0.0,0.0,0.0,5,166.0,168.5,5,169.0,163.5,0.0,0.0,0.0,0.0,407
2023-05-10 21:23:25,TA401P4800,TA401P4800,169.0,0.0,0.0,0.0,5,165.5,168.0,5,169.0,163.5,0.0,0.0,0.0,0.0,407
2023-05-10 21:24:23,TA401P4800,TA401P4800,169.0,0.0,0.0,0.0,5,164.0,167.5,5,169.0,163.5,0.0,0.0,0.0,0.0,407
2023-05-10 21:24:36,TA401P4800,TA401P4800,169.0,0.0,0.0,0.0,5,164.5,167.5,5,169.0,163.5,0.0,0.0,0.0,0.0,407
2023-05-10 21:24:42,TA401P4800,TA401P4800,169.0,0.0,0.0,0.0,5,165.0,167.5,5,169.0,163.5,0.0,0.0,0.0,0.0,407
2023-05-10 21:25:38,TA401P4800,TA401P4800,169.0,0.0,0.0,0.0,5,165.0,168.0,5,169.0,163.5,0.0,0.0,0.0,0.0,407
2023-05-10 21:25:44,TA401P4800,TA401P4800,169.0,0.0,0.0,0.0,5,165.5,168.0,5,169.0,163.5,0.0,0.0,0.0,0.0,407
2023-05-10 21:27:02,TA401P4800,TA401P4800,169.0,0.0,0.0,0.0,5,165.5,174.5,1,169.0,163.5,0.0,0.0,0.0,0.0,407
2023-05-10 21:27:03,TA401P4800,TA401P4800,169.0,0.0,0.0,0.0,5,165.5,169.0,5,169.0,163.5,0.0,0.0,0.0,0.0,407
2023-05-10 21:27:06,TA401P4800,TA401P4800,169.0,0.0,0.0,0.0,5,166.0,169.0,5,169.0,163.5,0.0,0.0,0.0,0.0,407
2023-05-10 21:27:56,TA401P4800,TA401P4800,169.0,0.0,0.0,0.0,5,166.5,169.0,5,169.0,163.5,0.0,0.0,0.0,0.0,407
2023-05-10 21:28:35,TA401P4800,TA401P4800,169.0,0.0,0.0,0.0,5,166.0,169.0,5,169.0,163.5,0.0,0.0,0.0,0.0,407
2023-05-10 21:28:39,TA401P4800,TA401P4800,169.0,0.0,0.0,0.0,5,166.0,168.5,5,169.0,163.5,0.0,0.0,0.0,0.0,407
2023-05-10 21:31:34,TA401P4800,TA401P4800,169.0,0.0,0.0,0.0,1,158.0,168.5,5,169.0,163.5,0.0,0.0,0.0,0.0,407
2023-05-10 21:31:35,TA401P4800,TA401P4800,169.0,0.0,0.0,0.0,5,165.0,168.5,5,169.0,163.5,0.0,0.0,0.0,0.0,407
2023-05-10 21:31:36,TA401P4800,TA401P4800,169.0,0.0,0.0,0.0,5,165.0,168.0,5,169.0,163.5,0.0,0.0,0.0,0.0,407
2023-05-10 21:31:48,TA401P4800,TA401P4800,169.0,0.0,0.0,0.0,5,165.5,168.0,5,169.0,163.5,0.0,0.0,0.0,0.0,407
2023-05-10 21:33:13,TA401P4800,TA401P4800,169.0,0.0,0.0,0.0,5,166.0,168.5,5,169.0,163.5,0.0,0.0,0.0,0.0,407
2023-05-10 21:33:19,TA401P4800,TA401P4800,169.0,0.0,0.0,0.0,5,166.0,174.5,1,169.0,163.5,0.0,0.0,0.0,0.0,407
2023-05-10 21:33:21,TA401P4800,TA401P4800,169.0,0.0,0.0,0.0,5,166.0,169.5,5,169.0,163.5,0.0,0.0,0.0,0.0,407
2023-05-10 21:34:25,TA401P4800,TA401P4800,169.0,0.0,0.0,0.0,5,166.0,169.0,5,169.0,163.5,0.0,0.0,0.0,0.0,407
2023-05-10 21:35:15,TA401P4800,TA401P4800,169.0,0.0,0.0,0.0,5,166.0,168.5,5,169.0,163.5,0.0,0.0,0.0,0.0,407
2023-05-10 21:36:20,TA401P4800,TA401P4800,169.0,0.0,0.0,0.0,5,166.5,169.0,5,169.0,163.5,0.0,0.0,0.0,0.0,407
2023-05-10 21:37:10,TA401P4800,TA401P4800,169.0,0.0,0.0,0.0,5,166.0,168.5,5,169.0,163.5,0.0,0.0,0.0,0.0,407
2023-05-10 21:37:28,TA401P4800,TA401P4800,169.0,0.0,0.0,0.0,1,158.0,168.5,5,169.0,163.5,0.0,0.0,0.0,0.0,407
2023-05-10 21:37:29,TA401P4800,TA401P4800,169.0,0.0,0.0,0.0,5,165.0,168.5,5,169.0,163.5,0.0,0.0,0.0,0.0,407
2023-05-10 21:37:42,TA401P4800,TA401P4800,169.0,0.0,0.0,0.0,5,165.5,168.5,5,169.0,163.5,0.0,0.0,0.0,0.0,407
2023-05-10 21:37:58,TA401P4800,TA401P4800,169.0,0.0,0.0,0.0,5,166.0,168.5,5,169.0,163.5,0.0,0.0,0.0,0.0,407
2023-05-10 21:38:00,TA401P4800,TA401P4800,169.0,0.0,0.0,0.0,5,166.0,169.0,5,169.0,163.5,0.0,0.0,0.0,0.0,407
2023-05-10 21:38:01,TA401P4800,TA401P4800,169.0,0.0,0.0,0.0,5,166.5,169.0,5,169.0,163.5,0.0,0.0,0.0,0.0,407
2023-05-10 21:38:06,TA401P4800,TA401P4800,169.0,0.0,0.0,0.0,5,166.5,170.0,5,169.0,163.5,0.0,0.0,0.0,0.0,407
2023-05-10 21:38:06,TA401P4800,TA401P4800,169.0,0.0,0.0,0.0,5,167.0,170.0,5,169.0,163.5,0.0,0.0,0.0,0.0,407
2023-05-10 21:38:31,TA401P4800,TA401P4800,169.0,0.0,0.0,0.0,5,167.5,170.0,5,169.0,163.5,0.0,0.0,0.0,0.0,407
2023-05-10 21:39:23,TA401P4800,TA401P4800,169.0,0.0,0.0,0.0,5,167.5,174.5,1,169.0,163.5,0.0,0.0,0.0,0.0,407
2023-05-10 21:39:24,TA401P4800,TA401P4800,169.0,0.0,0.0,0.0,5,167.5,171.0,5,169.0,163.5,0.0,0.0,0.0,0.0,407
2023-05-10 21:39:45,TA401P4800,TA401P4800,169.0,0.0,0.0,0.0,5,168.0,171.0,5,169.0,163.5,0.0,0.0,0.0,0.0,407
2023-05-10 21:39:55,TA401P4800,TA401P4800,169.0,0.0,0.0,0.0,5,168.5,171.0,5,169.0,163.5,0.0,0.0,0.0,0.0,407
2023-05-10 21:40:28,TA401P4800,TA401P4800,169.0,0.0,0.0,0.0,5,168.0,170.5,5,169.0,163.5,0.0,0.0,0.0,0.0,407
2023-05-10 21:41:33,TA401P4800,TA401P4800,169.0,0.0,0.0,0.0,5,168.0,171.0,5,169.0,163.5,0.0,0.0,0.0,0.0,407
2023-05-10 21:41:35,TA401P4800,TA401P4800,169.0,0.0,0.0,0.0,5,169.0,171.0,5,169.0,163.5,0.0,0.0,0.0,0.0,407
2023-05-10 21:42:43,TA401P4800,TA401P4800,169.0,0.0,0.0,0.0,5,169.0,172.5,5,169.0,163.5,0.0,0.0,0.0,0.0,407
2023-05-10 21:42:50,TA401P4800,TA401P4800,169.0,0.0,0.0,0.0,5,169.5,172.5,5,169.0,163.5,0.0,0.0,0.0,0.0,407
2023-05-10 21:42:57,TA401P4800,TA401P4800,169.0,0.0,0.0,0.0,5,169.5,172.0,5,169.0,163.5,0.0,0.0,0.0,0.0,407
2023-05-10 21:44:04,TA401P4800,TA401P4800,169.0,0.0,0.0,0.0,5,169.0,172.0,5,169.0,163.5,0.0,0.0,0.0,0.0,407
2023-05-10 21:44:08,TA401P4800,TA401P4800,169.0,0.0,0.0,0.0,5,169.0,171.5,5,169.0,163.5,0.0,0.0,0.0,0.0,407
2023-05-10 21:44:49,TA401P4800,TA401P4800,169.0,0.0,0.0,0.0,1,158.0,171.0,5,169.0,163.5,0.0,0.0,0.0,0.0,407
2023-05-10 21:44:50,TA401P4800,TA401P4800,169.0,0.0,0.0,0.0,5,168.0,171.0,5,169.0,163.5,0.0,0.0,0.0,0.0,407
2023-05-10 21:44:58,TA401P4800,TA401P4800,169.0,0.0,0.0,0.0,5,168.5,171.0,5,169.0,163.5,0.0,0.0,0.0,0.0,407
2023-05-10 21:45:14,TA401P4800,TA401P4800,169.0,0.0,0.0,0.0,5,168.0,171.0,5,169.0,163.5,0.0,0.0,0.0,0.0,407
2023-05-10 21:47:34,TA401P4800,TA401P4800,169.0,0.0,0.0,0.0,5,169.0,171.0,5,169.0,163.5,0.0,0.0,0.0,0.0,407
2023-05-10 21:48:01,TA401P4800,TA401P4800,169.0,0.0,0.0,0.0,5,169.0,171.5,5,169.0,163.5,0.0,0.0,0.0,0.0,407
2023-05-10 21:48:05,TA401P4800,TA401P4800,169.0,0.0,0.0,0.0,5,169.0,174.5,1,169.0,163.5,0.0,0.0,0.0,0.0,407
2023-05-10 21:48:07,TA401P4800,TA401P4800,169.0,0.0,0.0,0.0,5,169.0,172.5,5,169.0,163.5,0.0,0.0,0.0,0.0,407
2023-05-10 21:48:08,TA401P4800,TA401P4800,169.0,0.0,0.0,0.0,5,169.5,172.5,5,169.0,163.5,0.0,0.0,0.0,0.0,407
2023-05-10 21:48:24,TA401P4800,TA401P4800,169.0,0.0,0.0,0.0,5,170.0,172.5,5,169.0,163.5,0.0,0.0,0.0,0.0,407
2023-05-10 21:48:39,TA401P4800,TA401P4800,169.0,0.0,0.0,0.0,5,170.0,174.5,1,169.0,163.5,0.0,0.0,0.0,0.0,407
2023-05-10 21:48:40,TA401P4800,TA401P4800,169.0,0.0,0.0,0.0,5,170.0,173.5,5,169.0,163.5,0.0,0.0,0.0,0.0,407
2023-05-10 21:48:45,TA401P4800,TA401P4800,169.0,0.0,0.0,0.0,5,170.5,173.5,5,169.0,163.5,0.0,0.0,0.0,0.0,407
2023-05-10 21:48:53,TA401P4800,TA401P4800,169.0,0.0,0.0,0.0,5,171.5,173.5,5,169.0,163.5,0.0,0.0,0.0,0.0,407
2023-05-10 21:49:06,TA401P4800,TA401P4800,169.0,0.0,0.0,0.0,5,170.5,173.5,5,169.0,163.5,0.0,0.0,0.0,0.0,407
2023-05-10 21:49:21,TA401P4800,TA401P4800,169.0,0.0,0.0,0.0,5,170.5,173.0,5,169.0,163.5,0.0,0.0,0.0,0.0,407
2023-05-10 21:50:00,TA401P4800,TA401P4800,169.0,0.0,0.0,0.0,1,158.0,173.0,5,169.0,163.5,0.0,0.0,0.0,0.0,407
2023-05-10 21:50:02,TA401P4800,TA401P4800,169.0,0.0,0.0,0.0,5,169.5,173.0,5,169.0,163.5,0.0,0.0,0.0,0.0,407
2023-05-10 21:50:05,TA401P4800,TA401P4800,169.0,0.0,0.0,0.0,5,169.5,172.5,5,169.0,163.5,0.0,0.0,0.0,0.0,407
2023-05-10 21:51:29,TA401P4800,TA401P4800,169.0,0.0,0.0,0.0,5,169.5,172.0,5,169.0,163.5,0.0,0.0,0.0,0.0,407
2023-05-10 21:51:40,TA401P4800,TA401P4800,169.0,0.0,0.0,0.0,1,158.0,172.0,5,169.0,163.5,0.0,0.0,0.0,0.0,407
2023-05-10 21:51:41,TA401P4800,TA401P4800,169.0,0.0,0.0,0.0,5,168.0,171.5,5,169.0,163.5,0.0,0.0,0.0,0.0,407
2023-05-10 21:51:46,TA401P4800,TA401P4800,169.0,0.0,0.0,0.0,5,168.5,171.5,5,169.0,163.5,0.0,0.0,0.0,0.0,407
2023-05-10 21:52:01,TA401P4800,TA401P4800,169.0,0.0,0.0,0.0,5,169.0,171.5,5,169.0,163.5,0.0,0.0,0.0,0.0,407
2023-05-10 21:53:17,TA401P4800,TA401P4800,169.0,0.0,0.0,0.0,5,169.5,172.0,5,169.0,163.5,0.0,0.0,0.0,0.0,407
2023-05-10 21:53:25,TA401P4800,TA401P4800,169.0,0.0,0.0,0.0,5,169.5,174.5,1,169.0,163.5,0.0,0.0,0.0,0.0,407
2023-05-10 21:53:26,TA401P4800,TA401P4800,169.0,0.0,0.0,0.0,5,169.5,173.0,5,169.0,163.5,0.0,0.0,0.0,0.0,407
2023-05-10 21:53:56,TA401P4800,TA401P4800,169.0,0.0,0.0,0.0,5,170.0,173.0,5,169.0,163.5,0.0,0.0,0.0,0.0,407
2023-05-10 21:54:06,TA401P4800,TA401P4800,169.0,0.0,0.0,0.0,5,170.0,174.5,1,169.0,163.5,0.0,0.0,0.0,0.0,407
2023-05-10 21:54:09,TA401P4800,TA401P4800,169.0,0.0,0.0,0.0,5,170.0,174.0,5,169.0,163.5,0.0,0.0,0.0,0.0,407
2023-05-10 21:54:12,TA401P4800,TA401P4800,169.0,0.0,0.0,0.0,5,171.0,174.0,5,169.0,163.5,0.0,0.0,0.0,0.0,407
2023-05-10 21:55:19,TA401P4800,TA401P4800,169.0,0.0,0.0,0.0,5,171.0,173.5,5,169.0,163.5,0.0,0.0,0.0,0.0,407
2023-05-10 21:55:22,TA401P4800,TA401P4800,169.0,0.0,0.0,0.0,5,170.0,173.5,5,169.0,163.5,0.0,0.0,0.0,0.0,407
2023-05-10 21:55:29,TA401P4800,TA401P4800,169.0,0.0,0.0,0.0,5,170.0,173.0,5,169.0,163.5,0.0,0.0,0.0,0.0,407
2023-05-10 21:56:02,TA401P4800,TA401P4800,169.0,0.0,0.0,0.0,5,170.0,172.5,5,169.0,163.5,0.0,0.0,0.0,0.0,407
2023-05-10 21:56:16,TA401P4800,TA401P4800,169.0,0.0,0.0,0.0,1,158.0,172.5,5,169.0,163.5,0.0,0.0,0.0,0.0,407
2023-05-10 21:56:17,TA401P4800,TA401P4800,169.0,0.0,0.0,0.0,5,168.5,172.5,5,169.0,163.5,0.0,0.0,0.0,0.0,407
2023-05-10 21:56:26,TA401P4800,TA401P4800,169.0,0.0,0.0,0.0,5,168.5,172.0,5,169.0,163.5,0.0,0.0,0.0,0.0,407
2023-05-10 21:56:36,TA401P4800,TA401P4800,169.0,0.0,0.0,0.0,5,169.0,172.0,5,169.0,163.5,0.0,0.0,0.0,0.0,407
2023-05-10 21:58:10,TA401P4800,TA401P4800,169.0,0.0,0.0,0.0,5,169.5,172.0,5,169.0,163.5,0.0,0.0,0.0,0.0,407
2023-05-10 21:58:16,TA401P4800,TA401P4800,169.0,0.0,0.0,0.0,5,169.5,172.5,5,169.0,163.5,0.0,0.0,0.0,0.0,407
2023-05-10 21:58:18,TA401P4800,TA401P4800,169.0,0.0,0.0,0.0,5,170.0,172.5,5,169.0,163.5,0.0,0.0,0.0,0.0,407
2023-05-10 21:59:06,TA401P4800,TA401P4800,169.0,0.0,0.0,0.0,5,170.5,182.0,1,169.0,163.5,0.0,0.0,0.0,0.0,407
2023-05-10 21:59:10,TA401P4800,TA401P4800,169.0,0.0,0.0,0.0,5,170.5,174.0,5,169.0,163.5,0.0,0.0,0.0,0.0,407
2023-05-10 21:59:12,TA401P4800,TA401P4800,169.0,0.0,0.0,0.0,5,171.5,174.0,5,169.0,163.5,0.0,0.0,0.0,0.0,407
2023-05-10 21:59:48,TA401P4800,TA401P4800,169.0,0.0,0.0,0.0,5,170.5,174.0,5,169.0,163.5,0.0,0.0,0.0,0.0,407
2023-05-10 22:00:03,TA401P4800,TA401P4800,169.0,0.0,0.0,0.0,5,170.5,173.5,5,169.0,163.5,0.0,0.0,0.0,0.0,407
2023-05-10 22:00:05,TA401P4800,TA401P4800,169.0,0.0,0.0,0.0,5,170.5,173.0,5,169.0,163.5,0.0,0.0,0.0,0.0,407
2023-05-10 22:00:05,TA401P4800,TA401P4800,169.0,0.0,0.0,0.0,1,158.0,173.0,5,169.0,163.5,0.0,0.0,0.0,0.0,407
2023-05-10 22:00:08,TA401P4800,TA401P4800,169.0,0.0,0.0,0.0,1,158.0,172.5,5,169.0,163.5,0.0,0.0,0.0,0.0,407
2023-05-10 22:00:09,TA401P4800,TA401P4800,169.0,0.0,0.0,0.0,5,169.0,172.5,5,169.0,163.5,0.0,0.0,0.0,0.0,407
2023-05-10 22:00:22,TA401P4800,TA401P4800,169.0,0.0,0.0,0.0,5,169.0,172.0,5,169.0,163.5,0.0,0.0,0.0,0.0,407
2023-05-10 22:00:28,TA401P4800,TA401P4800,169.0,0.0,0.0,0.0,5,169.0,171.5,5,169.0,163.5,0.0,0.0,0.0,0.0,407
2023-05-10 22:01:35,TA401P4800,TA401P4800,169.0,0.0,0.0,0.0,1,158.0,171.5,5,169.0,163.5,0.0,0.0,0.0,0.0,407
2023-05-10 22:01:36,TA401P4800,TA401P4800,169.0,0.0,0.0,0.0,5,168.0,171.5,5,169.0,163.5,0.0,0.0,0.0,0.0,407
2023-05-10 22:01:51,TA401P4800,TA401P4800,169.0,0.0,0.0,0.0,5,168.5,171.5,5,169.0,163.5,0.0,0.0,0.0,0.0,407
2023-05-10 22:02:26,TA401P4800,TA401P4800,169.0,0.0,0.0,0.0,5,168.5,171.0,5,169.0,163.5,0.0,0.0,0.0,0.0,407
2023-05-10 22:02:57,TA401P4800,TA401P4800,169.0,0.0,0.0,0.0,5,168.0,171.0,5,169.0,163.5,0.0,0.0,0.0,0.0,407
2023-05-10 22:05:09,TA401P4800,TA401P4800,169.0,0.0,0.0,0.0,5,168.5,171.0,5,169.0,163.5,0.0,0.0,0.0,0.0,407
2023-05-10 22:05:43,TA401P4800,TA401P4800,169.0,0.0,0.0,0.0,5,169.0,171.5,5,169.0,163.5,0.0,0.0,0.0,0.0,407
2023-05-10 22:06:27,TA401P4800,TA401P4800,169.0,0.0,0.0,0.0,5,168.5,171.5,5,169.0,163.5,0.0,0.0,0.0,0.0,407
2023-05-10 22:06:28,TA401P4800,TA401P4800,169.0,0.0,0.0,0.0,5,168.5,171.0,5,169.0,163.5,0.0,0.0,0.0,0.0,407
2023-05-10 22:06:28,TA401P4800,TA401P4800,169.0,0.0,0.0,0.0,1,158.0,171.0,5,169.0,163.5,0.0,0.0,0.0,0.0,407
2023-05-10 22:06:31,TA401P4800,TA401P4800,169.0,0.0,0.0,0.0,5,167.5,171.0,5,169.0,163.5,0.0,0.0,0.0,0.0,407
2023-05-10 22:07:17,TA401P4800,TA401P4800,169.0,0.0,0.0,0.0,5,167.5,170.5,5,169.0,163.5,0.0,0.0,0.0,0.0,407
2023-05-10 22:08:13,TA401P4800,TA401P4800,169.0,0.0,0.0,0.0,5,167.5,170.0,5,169.0,163.5,0.0,0.0,0.0,0.0,407
2023-05-10 22:08:57,TA401P4800,TA401P4800,169.0,0.0,0.0,0.0,5,167.5,170.5,5,169.0,163.5,0.0,0.0,0.0,0.0,407
2023-05-10 22:08:58,TA401P4800,TA401P4800,169.0,0.0,0.0,0.0,5,168.0,170.5,5,169.0,163.5,0.0,0.0,0.0,0.0,407
2023-05-10 22:09:43,TA401P4800,TA401P4800,169.0,0.0,0.0,0.0,5,168.0,172.0,5,169.0,163.5,0.0,0.0,0.0,0.0,407
2023-05-10 22:09:46,TA401P4800,TA401P4800,169.0,0.0,0.0,0.0,5,168.5,172.0,5,169.0,163.5,0.0,0.0,0.0,0.0,407
2023-05-10 22:09:52,TA401P4800,TA401P4800,169.0,0.0,0.0,0.0,5,168.5,182.0,1,169.0,163.5,0.0,0.0,0.0,0.0,407
2023-05-10 22:09:53,TA401P4800,TA401P4800,169.0,0.0,0.0,0.0,5,168.5,173.0,5,169.0,163.5,0.0,0.0,0.0,0.0,407
2023-05-10 22:09:58,TA401P4800,TA401P4800,169.0,0.0,0.0,0.0,5,170.0,173.0,5,169.0,163.5,0.0,0.0,0.0,0.0,407
2023-05-10 22:10:01,TA401P4800,TA401P4800,169.0,0.0,0.0,0.0,5,170.5,173.0,5,169.0,163.5,0.0,0.0,0.0,0.0,407
2023-05-10 22:10:01,TA401P4800,TA401P4800,169.0,0.0,0.0,0.0,5,170.5,182.0,1,169.0,163.5,0.0,0.0,0.0,0.0,407
2023-05-10 22:10:03,TA401P4800,TA401P4800,169.0,0.0,0.0,0.0,5,170.5,174.0,5,169.0,163.5,0.0,0.0,0.0,0.0,407
2023-05-10 22:10:05,TA401P4800,TA401P4800,169.0,0.0,0.0,0.0,5,171.0,174.0,5,169.0,163.5,0.0,0.0,0.0,0.0,407
2023-05-10 22:10:08,TA401P4800,TA401P4800,169.0,0.0,0.0,0.0,5,171.0,182.0,1,169.0,163.5,0.0,0.0,0.0,0.0,407
2023-05-10 22:10:10,TA401P4800,TA401P4800,169.0,0.0,0.0,0.0,5,173.0,182.0,1,169.0,163.5,0.0,0.0,0.0,0.0,407
2023-05-10 22:10:14,TA401P4800,TA401P4800,169.0,0.0,0.0,0.0,5,173.0,175.5,5,169.0,163.5,0.0,0.0,0.0,0.0,407
2023-05-10 22:10:20,TA401P4800,TA401P4800,169.0,0.0,0.0,0.0,5,171.0,175.5,5,169.0,163.5,0.0,0.0,0.0,0.0,407
2023-05-10 22:10:22,TA401P4800,TA401P4800,169.0,0.0,0.0,0.0,5,172.0,175.5,5,169.0,163.5,0.0,0.0,0.0,0.0,407
2023-05-10 22:10:26,TA401P4800,TA401P4800,169.0,0.0,0.0,0.0,5,172.0,175.0,5,169.0,163.5,0.0,0.0,0.0,0.0,407
2023-05-10 22:11:20,TA401P4800,TA401P4800,169.0,0.0,0.0,0.0,5,172.0,174.5,5,169.0,163.5,0.0,0.0,0.0,0.0,407
2023-05-10 22:11:22,TA401P4800,TA401P4800,169.0,0.0,0.0,0.0,5,171.0,174.5,5,169.0,163.5,0.0,0.0,0.0,0.0,407
2023-05-10 22:11:25,TA401P4800,TA401P4800,169.0,0.0,0.0,0.0,5,171.0,174.0,5,169.0,163.5,0.0,0.0,0.0,0.0,407
2023-05-10 22:12:02,TA401P4800,TA401P4800,169.0,0.0,0.0,0.0,5,171.5,174.0,5,169.0,163.5,0.0,0.0,0.0,0.0,407
2023-05-10 22:12:03,TA401P4800,TA401P4800,169.0,0.0,0.0,0.0,5,171.5,174.5,5,169.0,163.5,0.0,0.0,0.0,0.0,407
2023-05-10 22:12:10,TA401P4800,TA401P4800,169.0,0.0,0.0,0.0,5,172.0,174.5,5,169.0,163.5,0.0,0.0,0.0,0.0,407
2023-05-10 22:12:23,TA401P4800,TA401P4800,169.0,0.0,0.0,0.0,5,172.0,176.0,5,169.0,163.5,0.0,0.0,0.0,0.0,407
2023-05-10 22:12:23,TA401P4800,TA401P4800,169.0,0.0,0.0,0.0,5,172.0,175.5,5,169.0,163.5,0.0,0.0,0.0,0.0,407
2023-05-10 22:12:33,TA401P4800,TA401P4800,169.0,0.0,0.0,0.0,5,172.0,175.0,5,169.0,163.5,0.0,0.0,0.0,0.0,407
2023-05-10 22:12:52,TA401P4800,TA401P4800,169.0,0.0,0.0,0.0,5,171.5,174.5,5,169.0,163.5,0.0,0.0,0.0,0.0,407
2023-05-10 22:13:09,TA401P4800,TA401P4800,169.0,0.0,0.0,0.0,5,172.0,174.5,5,169.0,163.5,0.0,0.0,0.0,0.0,407
2023-05-10 22:15:15,TA401P4800,TA401P4800,169.0,0.0,0.0,0.0,5,171.5,174.5,5,169.0,163.5,0.0,0.0,0.0,0.0,407
2023-05-10 22:16:05,TA401P4800,TA401P4800,169.0,0.0,0.0,0.0,5,172.0,174.5,5,169.0,163.5,0.0,0.0,0.0,0.0,407
2023-05-10 22:16:06,TA401P4800,TA401P4800,169.0,0.0,0.0,0.0,5,172.0,175.0,5,169.0,163.5,0.0,0.0,0.0,0.0,407
2023-05-10 22:16:25,TA401P4800,TA401P4800,169.0,0.0,0.0,0.0,5,172.5,175.0,5,169.0,163.5,0.0,0.0,0.0,0.0,407
2023-05-10 22:16:25,TA401P4800,TA401P4800,169.0,0.0,0.0,0.0,5,172.5,182.0,1,169.0,163.5,0.0,0.0,0.0,0.0,407
2023-05-10 22:16:31,TA401P4800,TA401P4800,169.0,0.0,0.0,0.0,5,173.5,182.0,1,169.0,163.5,0.0,0.0,0.0,0.0,407
2023-05-10 22:16:34,TA401P4800,TA401P4800,169.0,0.0,0.0,0.0,5,173.5,177.0,5,169.0,163.5,0.0,0.0,0.0,0.0,407
2023-05-10 22:16:42,TA401P4800,TA401P4800,169.0,0.0,0.0,0.0,5,173.5,176.5,5,169.0,163.5,0.0,0.0,0.0,0.0,407
2023-05-10 22:18:13,TA401P4800,TA401P4800,169.0,0.0,0.0,0.0,5,174.0,176.5,5,169.0,163.5,0.0,0.0,0.0,0.0,407
2023-05-10 22:18:18,TA401P4800,TA401P4800,169.0,0.0,0.0,0.0,5,174.0,177.0,5,169.0,163.5,0.0,0.0,0.0,0.0,407
2023-05-10 22:18:21,TA401P4800,TA401P4800,169.0,0.0,0.0,0.0,5,174.5,177.0,5,169.0,163.5,0.0,0.0,0.0,0.0,407
2023-05-10 22:18:22,TA401P4800,TA401P4800,169.0,0.0,0.0,0.0,5,174.5,182.0,1,169.0,163.5,0.0,0.0,0.0,0.0,407
2023-05-10 22:18:22,TA401P4800,TA401P4800,169.0,0.0,0.0,0.0,5,174.5,178.5,5,169.0,163.5,0.0,0.0,0.0,0.0,407
2023-05-10 22:18:31,TA401P4800,TA401P4800,169.0,0.0,0.0,0.0,5,174.5,178.0,5,169.0,163.5,0.0,0.0,0.0,0.0,407
2023-05-10 22:19:00,TA401P4800,TA401P4800,169.0,0.0,0.0,0.0,5,174.5,177.0,5,169.0,163.5,0.0,0.0,0.0,0.0,407
2023-05-10 22:21:15,TA401P4800,TA401P4800,169.0,0.0,0.0,0.0,5,174.0,177.0,5,169.0,163.5,0.0,0.0,0.0,0.0,407
2023-05-10 22:24:05,TA401P4800,TA401P4800,169.0,0.0,0.0,0.0,5,174.0,176.5,5,169.0,163.5,0.0,0.0,0.0,0.0,407
2023-05-10 22:24:08,TA401P4800,TA401P4800,169.0,0.0,0.0,0.0,1,163.5,176.5,5,169.0,163.5,0.0,0.0,0.0,0.0,407
2023-05-10 22:24:09,TA401P4800,TA401P4800,169.0,0.0,0.0,0.0,5,172.5,176.5,5,169.0,163.5,0.0,0.0,0.0,0.0,407
2023-05-10 22:24:22,TA401P4800,TA401P4800,169.0,0.0,0.0,0.0,5,172.5,176.0,5,169.0,163.5,0.0,0.0,0.0,0.0,407
2023-05-10 22:24:33,TA401P4800,TA401P4800,169.0,0.0,0.0,0.0,5,173.0,176.0,5,169.0,163.5,0.0,0.0,0.0,0.0,407
2023-05-10 22:27:24,TA401P4800,TA401P4800,169.0,0.0,0.0,0.0,5,173.0,175.5,5,169.0,163.5,0.0,0.0,0.0,0.0,407
2023-05-10 22:27:25,TA401P4800,TA401P4800,169.0,0.0,0.0,0.0,5,172.5,175.5,5,169.0,163.5,0.0,0.0,0.0,0.0,407
2023-05-10 22:27:56,TA401P4800,TA401P4800,169.0,0.0,0.0,0.0,5,172.5,175.0,5,169.0,163.5,0.0,0.0,0.0,0.0,407
2023-05-10 22:30:03,TA401P4800,TA401P4800,169.0,0.0,0.0,0.0,5,172.5,174.0,5,169.0,163.5,0.0,0.0,0.0,0.0,407
2023-05-10 22:30:05,TA401P4800,TA401P4800,169.0,0.0,0.0,0.0,5,171.0,174.0,5,169.0,163.5,0.0,0.0,0.0,0.0,407
2023-05-10 22:30:19,TA401P4800,TA401P4800,169.0,0.0,0.0,0.0,5,171.0,173.5,5,169.0,163.5,0.0,0.0,0.0,0.0,407
2023-05-10 22:30:31,TA401P4800,TA401P4800,169.0,0.0,0.0,0.0,1,163.5,173.5,5,169.0,163.5,0.0,0.0,0.0,0.0,407
2023-05-10 22:30:32,TA401P4800,TA401P4800,169.0,0.0,0.0,0.0,5,170.0,173.5,5,169.0,163.5,0.0,0.0,0.0,0.0,407
2023-05-10 22:30:39,TA401P4800,TA401P4800,169.0,0.0,0.0,0.0,5,170.0,173.0,5,169.0,163.5,0.0,0.0,0.0,0.0,407
2023-05-10 22:30:57,TA401P4800,TA401P4800,169.0,0.0,0.0,0.0,5,170.0,172.5,5,169.0,163.5,0.0,0.0,0.0,0.0,407
2023-05-10 22:31:13,TA401P4800,TA401P4800,169.0,0.0,0.0,0.0,5,170.0,173.0,5,169.0,163.5,0.0,0.0,0.0,0.0,407
2023-05-10 22:31:25,TA401P4800,TA401P4800,169.0,0.0,0.0,0.0,5,170.5,173.0,5,169.0,163.5,0.0,0.0,0.0,0.0,407
2023-05-10 22:31:44,TA401P4800,TA401P4800,169.0,0.0,0.0,0.0,5,170.5,182.0,1,169.0,163.5,0.0,0.0,0.0,0.0,407
2023-05-10 22:31:45,TA401P4800,TA401P4800,169.0,0.0,0.0,0.0,5,171.0,182.0,1,169.0,163.5,0.0,0.0,0.0,0.0,407
2023-05-10 22:31:46,TA401P4800,TA401P4800,169.0,0.0,0.0,0.0,5,171.0,174.5,5,169.0,163.5,0.0,0.0,0.0,0.0,407
2023-05-10 22:31:49,TA401P4800,TA401P4800,169.0,0.0,0.0,0.0,5,171.0,174.0,5,169.0,163.5,0.0,0.0,0.0,0.0,407
2023-05-10 22:32:01,TA401P4800,TA401P4800,169.0,0.0,0.0,0.0,5,171.0,173.5,5,169.0,163.5,0.0,0.0,0.0,0.0,407
2023-05-10 22:32:04,TA401P4800,TA401P4800,169.0,0.0,0.0,0.0,5,170.5,173.5,5,169.0,163.5,0.0,0.0,0.0,0.0,407
2023-05-10 22:33:13,TA401P4800,TA401P4800,169.0,0.0,0.0,0.0,5,170.5,173.0,5,169.0,163.5,0.0,0.0,0.0,0.0,407
2023-05-10 22:33:14,TA401P4800,TA401P4800,169.0,0.0,0.0,0.0,1,163.5,173.0,5,169.0,163.5,0.0,0.0,0.0,0.0,407
2023-05-10 22:33:16,TA401P4800,TA401P4800,169.0,0.0,0.0,0.0,5,169.0,173.0,5,169.0,163.5,0.0,0.0,0.0,0.0,407
2023-05-10 22:33:20,TA401P4800,TA401P4800,169.0,0.0,0.0,0.0,5,169.0,172.5,5,169.0,163.5,0.0,0.0,0.0,0.0,407
2023-05-10 22:33:43,TA401P4800,TA401P4800,169.0,0.0,0.0,0.0,5,169.5,172.5,5,169.0,163.5,0.0,0.0,0.0,0.0,407
2023-05-10 22:33:47,TA401P4800,TA401P4800,169.0,0.0,0.0,0.0,5,170.0,172.5,5,169.0,163.5,0.0,0.0,0.0,0.0,407
2023-05-10 22:33:53,TA401P4800,TA401P4800,169.0,0.0,0.0,0.0,5,170.0,173.0,5,169.0,163.5,0.0,0.0,0.0,0.0,407
2023-05-10 22:33:54,TA401P4800,TA401P4800,169.0,0.0,0.0,0.0,5,170.0,182.0,1,169.0,163.5,0.0,0.0,0.0,0.0,407
2023-05-10 22:34:00,TA401P4800,TA401P4800,169.0,0.0,0.0,0.0,5,170.0,174.5,5,169.0,163.5,0.0,0.0,0.0,0.0,407
2023-05-10 22:34:02,TA401P4800,TA401P4800,169.0,0.0,0.0,0.0,5,171.0,174.5,5,169.0,163.5,0.0,0.0,0.0,0.0,407
2023-05-10 22:34:04,TA401P4800,TA401P4800,169.0,0.0,0.0,0.0,5,172.0,174.5,5,169.0,163.5,0.0,0.0,0.0,0.0,407
2023-05-10 22:34:28,TA401P4800,TA401P4800,169.0,0.0,0.0,0.0,5,172.0,182.0,1,169.0,163.5,0.0,0.0,0.0,0.0,407
2023-05-10 22:34:30,TA401P4800,TA401P4800,169.0,0.0,0.0,0.0,5,172.0,176.0,5,169.0,163.5,0.0,0.0,0.0,0.0,407
2023-05-10 22:34:33,TA401P4800,TA401P4800,169.0,0.0,0.0,0.0,5,172.0,175.0,5,169.0,163.5,0.0,0.0,0.0,0.0,407
2023-05-10 22:34:41,TA401P4800,TA401P4800,169.0,0.0,0.0,0.0,5,172.0,174.5,5,169.0,163.5,0.0,0.0,0.0,0.0,407
2023-05-10 22:34:44,TA401P4800,TA401P4800,169.0,0.0,0.0,0.0,5,171.0,174.5,5,169.0,163.5,0.0,0.0,0.0,0.0,407
2023-05-10 22:34:50,TA401P4800,TA401P4800,169.0,0.0,0.0,0.0,5,171.0,173.5,5,169.0,163.5,0.0,0.0,0.0,0.0,407
2023-05-10 22:34:54,TA401P4800,TA401P4800,169.0,0.0,0.0,0.0,1,163.5,173.5,5,169.0,163.5,0.0,0.0,0.0,0.0,407
2023-05-10 22:34:58,TA401P4800,TA401P4800,169.0,0.0,0.0,0.0,1,163.5,173.0,5,169.0,163.5,0.0,0.0,0.0,0.0,407
2023-05-10 22:34:59,TA401P4800,TA401P4800,169.0,0.0,0.0,0.0,5,169.5,173.0,5,169.0,163.5,0.0,0.0,0.0,0.0,407
2023-05-10 22:35:46,TA401P4800,TA401P4800,169.0,0.0,0.0,0.0,5,169.5,172.5,5,169.0,163.5,0.0,0.0,0.0,0.0,407
2023-05-10 22:36:36,TA401P4800,TA401P4800,169.0,0.0,0.0,0.0,1,163.5,172.5,5,169.0,163.5,0.0,0.0,0.0,0.0,407
2023-05-10 22:36:37,TA401P4800,TA401P4800,169.0,0.0,0.0,0.0,5,168.5,172.0,5,169.0,163.5,0.0,0.0,0.0,0.0,407
2023-05-10 22:37:01,TA401P4800,TA401P4800,169.0,0.0,0.0,0.0,5,169.0,172.0,5,169.0,163.5,0.0,0.0,0.0,0.0,407
2023-05-10 22:37:13,TA401P4800,TA401P4800,169.0,0.0,0.0,0.0,5,169.5,172.0,5,169.0,163.5,0.0,0.0,0.0,0.0,407
2023-05-10 22:37:14,TA401P4800,TA401P4800,169.0,0.0,0.0,0.0,5,169.5,172.5,5,169.0,163.5,0.0,0.0,0.0,0.0,407
2023-05-10 22:37:15,TA401P4800,TA401P4800,169.0,0.0,0.0,0.0,5,169.5,182.0,1,169.0,163.5,0.0,0.0,0.0,0.0,407
2023-05-10 22:37:16,TA401P4800,TA401P4800,169.0,0.0,0.0,0.0,5,169.5,173.5,5,169.0,163.5,0.0,0.0,0.0,0.0,407
2023-05-10 22:37:19,TA401P4800,TA401P4800,169.0,0.0,0.0,0.0,5,170.5,173.5,5,169.0,163.5,0.0,0.0,0.0,0.0,407
2023-05-10 22:37:54,TA401P4800,TA401P4800,169.0,0.0,0.0,0.0,5,171.0,173.5,5,169.0,163.5,0.0,0.0,0.0,0.0,407
2023-05-10 22:39:03,TA401P4800,TA401P4800,169.0,0.0,0.0,0.0,5,170.5,173.5,5,169.0,163.5,0.0,0.0,0.0,0.0,407
2023-05-10 22:39:04,TA401P4800,TA401P4800,169.0,0.0,0.0,0.0,5,170.5,173.0,5,169.0,163.5,0.0,0.0,0.0,0.0,407
2023-05-10 22:39:36,TA401P4800,TA401P4800,169.0,0.0,0.0,0.0,5,169.0,173.0,5,169.0,163.5,0.0,0.0,0.0,0.0,407
2023-05-10 22:39:59,TA401P4800,TA401P4800,169.0,0.0,0.0,0.0,5,169.5,173.0,5,169.0,163.5,0.0,0.0,0.0,0.0,407
2023-05-10 22:40:16,TA401P4800,TA401P4800,169.0,0.0,0.0,0.0,5,169.0,173.0,5,169.0,163.5,0.0,0.0,0.0,0.0,407
2023-05-10 22:40:20,TA401P4800,TA401P4800,169.0,0.0,0.0,0.0,5,169.0,171.5,5,169.0,163.5,0.0,0.0,0.0,0.0,407
2023-05-10 22:40:41,TA401P4800,TA401P4800,169.0,0.0,0.0,0.0,5,169.0,173.0,5,169.0,163.5,0.0,0.0,0.0,0.0,407
2023-05-10 22:40:51,TA401P4800,TA401P4800,169.0,0.0,0.0,0.0,5,169.5,173.0,5,169.0,163.5,0.0,0.0,0.0,0.0,407
2023-05-10 22:41:01,TA401P4800,TA401P4800,169.0,0.0,0.0,0.0,5,170.0,173.0,5,169.0,163.5,0.0,0.0,0.0,0.0,407
2023-05-10 22:41:38,TA401P4800,TA401P4800,169.0,0.0,0.0,0.0,5,170.5,173.0,5,169.0,163.5,0.0,0.0,0.0,0.0,407
2023-05-10 22:41:51,TA401P4800,TA401P4800,169.0,0.0,0.0,0.0,5,170.5,182.0,1,169.0,163.5,0.0,0.0,0.0,0.0,407
2023-05-10 22:41:52,TA401P4800,TA401P4800,169.0,0.0,0.0,0.0,5,170.5,174.5,5,169.0,163.5,0.0,0.0,0.0,0.0,407
2023-05-10 22:41:57,TA401P4800,TA401P4800,169.0,0.0,0.0,0.0,5,170.5,173.5,5,169.0,163.5,0.0,0.0,0.0,0.0,407
2023-05-10 22:43:21,TA401P4800,TA401P4800,169.0,0.0,0.0,0.0,5,170.5,173.0,5,169.0,163.5,0.0,0.0,0.0,0.0,407
2023-05-10 22:43:37,TA401P4800,TA401P4800,169.0,0.0,0.0,0.0,5,170.0,173.0,5,169.0,163.5,0.0,0.0,0.0,0.0,407
2023-05-10 22:44:14,TA401P4800,TA401P4800,169.0,0.0,0.0,0.0,5,170.5,173.0,5,169.0,163.5,0.0,0.0,0.0,0.0,407
2023-05-10 22:44:33,TA401P4800,TA401P4800,169.0,0.0,0.0,0.0,5,170.5,173.5,5,169.0,163.5,0.0,0.0,0.0,0.0,407
2023-05-10 22:46:56,TA401P4800,TA401P4800,169.0,0.0,0.0,0.0,5,170.0,173.5,5,169.0,163.5,0.0,0.0,0.0,0.0,407
2023-05-10 22:46:58,TA401P4800,TA401P4800,169.0,0.0,0.0,0.0,5,170.0,173.0,5,169.0,163.5,0.0,0.0,0.0,0.0,407
2023-05-10 22:49:15,TA401P4800,TA401P4800,169.0,0.0,0.0,0.0,5,170.0,172.5,5,169.0,163.5,0.0,0.0,0.0,0.0,407
2023-05-10 22:49:18,TA401P4800,TA401P4800,169.0,0.0,0.0,0.0,5,168.5,172.5,5,169.0,163.5,0.0,0.0,0.0,0.0,407
2023-05-10 22:49:34,TA401P4800,TA401P4800,169.0,0.0,0.0,0.0,5,169.0,172.5,5,169.0,163.5,0.0,0.0,0.0,0.0,407
2023-05-10 22:50:30,TA401P4800,TA401P4800,169.0,0.0,0.0,0.0,5,169.5,172.5,5,169.0,163.5,0.0,0.0,0.0,0.0,407
2023-05-10 22:55:13,TA401P4800,TA401P4800,169.0,0.0,0.0,0.0,5,169.5,173.0,5,169.0,163.5,0.0,0.0,0.0,0.0,407
2023-05-10 22:55:55,TA401P4800,TA401P4800,169.0,0.0,0.0,0.0,5,169.5,174.5,5,169.0,163.5,0.0,0.0,0.0,0.0,407
2023-05-10 22:55:55,TA401P4800,TA401P4800,169.0,0.0,0.0,0.0,1,163.5,182.0,1,169.0,163.5,0.0,0.0,0.0,0.0,407
2023-05-10 22:56:29,TA401P4800,TA401P4800,169.0,0.0,0.0,0.0,1,77.0,0.0,0,169.0,163.5,0.0,0.0,0.0,0.0,407
2023-05-10 22:56:30,TA401P4800,TA401P4800,169.0,0.0,0.0,0.0,2,81.0,0.0,0,169.0,163.5,0.0,0.0,0.0,0.0,407
2023-05-10 22:56:31,TA401P4800,TA401P4800,169.0,0.0,0.0,0.0,2,81.0,482.5,1,169.0,163.5,0.0,0.0,0.0,0.0,407
2023-05-10 22:56:31,TA401P4800,TA401P4800,169.0,0.0,0.0,0.0,1,82.5,482.5,1,169.0,163.5,0.0,0.0,0.0,0.0,407
2023-05-10 22:56:32,TA401P4800,TA401P4800,169.0,0.0,0.0,0.0,2,90.5,482.5,1,169.0,163.5,0.0,0.0,0.0,0.0,407
2023-05-10 22:56:34,TA401P4800,TA401P4800,169.0,0.0,0.0,0.0,2,90.5,477.0,1,169.0,163.5,0.0,0.0,0.0,0.0,407
2023-05-10 22:56:34,TA401P4800,TA401P4800,169.0,0.0,0.0,0.0,2,90.5,475.5,1,169.0,163.5,0.0,0.0,0.0,0.0,407
2023-05-10 22:57:09,TA401P4800,TA401P4800,169.0,0.0,0.0,0.0,1,77.0,475.5,1,169.0,163.5,0.0,0.0,0.0,0.0,407
2023-05-10 22:57:09,TA401P4800,TA401P4800,169.0,0.0,0.0,0.0,1,78.5,475.5,1,169.0,163.5,0.0,0.0,0.0,0.0,407
2023-05-10 22:57:59,TA401P4800,TA401P4800,169.0,0.0,0.0,0.0,1,77.0,475.5,1,169.0,163.5,0.0,0.0,0.0,0.0,407
2023-05-10 22:59:49,TA401P4800,TA401P4800,169.0,0.0,0.0,0.0,1,77.0,0.0,0,169.0,163.5,0.0,0.0,0.0,0.0,407
2023-05-11 09:00:01,TA401P4800,TA401P4800,169.0,0.0,0.0,0.0,1,77.0,271.5,1,169.0,163.5,0.0,0.0,0.0,0.0,407
2023-05-11 09:00:03,TA401P4800,TA401P4800,169.0,0.0,0.0,0.0,1,104.0,271.5,1,169.0,163.5,0.0,0.0,0.0,0.0,407
2023-05-11 09:01:11,TA401P4800,TA401P4800,169.0,0.0,0.0,0.0,2,108.0,271.5,1,169.0,163.5,0.0,0.0,0.0,0.0,407
2023-05-11 09:01:12,TA401P4800,TA401P4800,169.0,0.0,0.0,0.0,1,135.0,271.5,1,169.0,163.5,0.0,0.0,0.0,0.0,407
2023-05-11 09:01:25,TA401P4800,TA401P4800,169.0,0.0,0.0,0.0,2,143.0,271.5,1,169.0,163.5,0.0,0.0,0.0,0.0,407
2023-05-11 09:01:25,TA401P4800,TA401P4800,169.0,0.0,0.0,0.0,1,158.0,271.5,1,169.0,163.5,0.0,0.0,0.0,0.0,407
2023-05-11 09:01:26,TA401P4800,TA401P4800,169.0,0.0,0.0,0.0,5,168.5,271.5,1,169.0,163.5,0.0,0.0,0.0,0.0,407
2023-05-11 09:01:30,TA401P4800,TA401P4800,169.0,0.0,0.0,0.0,5,168.5,172.5,5,169.0,163.5,0.0,0.0,0.0,0.0,407
2023-05-11 09:01:38,TA401P4800,TA401P4800,169.0,0.0,0.0,0.0,5,168.5,271.5,1,169.0,163.5,0.0,0.0,0.0,0.0,407
2023-05-11 09:01:39,TA401P4800,TA401P4800,169.0,0.0,0.0,0.0,5,168.5,173.5,5,169.0,163.5,0.0,0.0,0.0,0.0,407
2023-05-11 09:01:41,TA401P4800,TA401P4800,169.0,0.0,0.0,0.0,5,169.5,173.5,5,169.0,163.5,0.0,0.0,0.0,0.0,407
2023-05-11 09:03:04,TA401P4800,TA401P4800,169.0,0.0,0.0,0.0,5,169.5,172.5,5,169.0,163.5,0.0,0.0,0.0,0.0,407
2023-05-11 09:03:38,TA401P4800,TA401P4800,169.0,0.0,0.0,0.0,5,168.5,172.5,5,169.0,163.5,0.0,0.0,0.0,0.0,407
2023-05-11 09:03:42,TA401P4800,TA401P4800,169.0,0.0,0.0,0.0,5,168.5,171.0,5,169.0,163.5,0.0,0.0,0.0,0.0,407
2023-05-11 09:04:01,TA401P4800,TA401P4800,169.0,0.0,0.0,0.0,5,168.5,172.5,5,169.0,163.5,0.0,0.0,0.0,0.0,407
2023-05-11 09:04:03,TA401P4800,TA401P4800,169.0,0.0,0.0,0.0,5,169.5,172.5,5,169.0,163.5,0.0,0.0,0.0,0.0,407
2023-05-11 09:04:44,TA401P4800,TA401P4800,169.0,0.0,0.0,0.0,5,169.5,271.5,1,169.0,163.5,0.0,0.0,0.0,0.0,407
2023-05-11 09:04:47,TA401P4800,TA401P4800,169.0,0.0,0.0,0.0,5,169.5,173.5,5,169.0,163.5,0.0,0.0,0.0,0.0,407
2023-05-11 09:04:49,TA401P4800,TA401P4800,169.0,0.0,0.0,0.0,5,170.0,173.5,5,169.0,163.5,0.0,0.0,0.0,0.0,407
2023-05-11 09:05:07,TA401P4800,TA401P4800,169.0,0.0,0.0,0.0,5,170.5,173.5,5,169.0,163.5,0.0,0.0,0.0,0.0,407
2023-05-11 09:07:33,TA401P4800,TA401P4800,169.0,0.0,0.0,0.0,5,170.0,173.0,5,169.0,163.5,0.0,0.0,0.0,0.0,407
2023-05-11 09:07:34,TA401P4800,TA401P4800,169.0,0.0,0.0,0.0,5,170.0,172.5,5,169.0,163.5,0.0,0.0,0.0,0.0,407
2023-05-11 09:08:33,TA401P4800,TA401P4800,169.0,0.0,0.0,0.0,5,168.5,172.5,5,169.0,163.5,0.0,0.0,0.0,0.0,407
2023-05-11 09:08:38,TA401P4800,TA401P4800,169.0,0.0,0.0,0.0,5,168.5,172.0,5,169.0,163.5,0.0,0.0,0.0,0.0,407
2023-05-11 09:09:01,TA401P4800,TA401P4800,169.0,0.0,0.0,0.0,5,168.5,171.5,5,169.0,163.5,0.0,0.0,0.0,0.0,407
2023-05-11 09:09:22,TA401P4800,TA401P4800,169.0,0.0,0.0,0.0,5,169.0,171.5,5,169.0,163.5,0.0,0.0,0.0,0.0,407
2023-05-11 09:09:22,TA401P4800,TA401P4800,169.0,0.0,0.0,0.0,5,169.0,271.5,1,169.0,163.5,0.0,0.0,0.0,0.0,407
2023-05-11 09:09:23,TA401P4800,TA401P4800,169.0,0.0,0.0,0.0,5,169.0,173.0,5,169.0,163.5,0.0,0.0,0.0,0.0,407
2023-05-11 09:09:38,TA401P4800,TA401P4800,169.0,0.0,0.0,0.0,5,169.0,172.5,5,169.0,163.5,0.0,0.0,0.0,0.0,407
2023-05-11 09:10:06,TA401P4800,TA401P4800,169.0,0.0,0.0,0.0,5,169.0,172.0,5,169.0,163.5,0.0,0.0,0.0,0.0,407
2023-05-11 09:11:12,TA401P4800,TA401P4800,169.0,0.0,0.0,0.0,5,170.0,172.5,5,169.0,163.5,0.0,0.0,0.0,0.0,407
2023-05-11 09:12:08,TA401P4800,TA401P4800,169.0,0.0,0.0,0.0,5,169.0,172.5,5,169.0,163.5,0.0,0.0,0.0,0.0,407
2023-05-11 09:12:11,TA401P4800,TA401P4800,169.0,0.0,0.0,0.0,5,169.0,172.0,5,169.0,163.5,0.0,0.0,0.0,0.0,407
2023-05-11 09:12:14,TA401P4800,TA401P4800,169.0,0.0,0.0,0.0,5,169.0,171.5,5,169.0,163.5,0.0,0.0,0.0,0.0,407
2023-05-11 09:12:24,TA401P4800,TA401P4800,169.0,0.0,0.0,0.0,5,167.5,171.5,5,169.0,163.5,0.0,0.0,0.0,0.0,407
2023-05-11 09:13:02,TA401P4800,TA401P4800,169.0,0.0,0.0,0.0,5,168.0,171.5,5,169.0,163.5,0.0,0.0,0.0,0.0,407
2023-05-11 09:13:58,TA401P4800,TA401P4800,169.0,0.0,0.0,0.0,5,168.5,171.5,5,169.0,163.5,0.0,0.0,0.0,0.0,407
2023-05-11 09:14:38,TA401P4800,TA401P4800,169.0,0.0,0.0,0.0,5,168.5,172.0,5,169.0,163.5,0.0,0.0,0.0,0.0,407
2023-05-11 09:14:38,TA401P4800,TA401P4800,169.0,0.0,0.0,0.0,5,169.0,172.0,5,169.0,163.5,0.0,0.0,0.0,0.0,407
2023-05-11 09:15:12,TA401P4800,TA401P4800,169.0,0.0,0.0,0.0,5,168.5,171.5,5,169.0,163.5,0.0,0.0,0.0,0.0,407
2023-05-11 09:15:32,TA401P4800,TA401P4800,169.0,0.0,0.0,0.0,5,168.5,171.0,5,169.0,163.5,0.0,0.0,0.0,0.0,407
2023-05-11 09:15:39,TA401P4800,TA401P4800,169.0,0.0,0.0,0.0,5,167.0,171.0,5,169.0,163.5,0.0,0.0,0.0,0.0,407
2023-05-11 09:16:22,TA401P4800,TA401P4800,169.0,0.0,0.0,0.0,5,167.0,170.5,5,169.0,163.5,0.0,0.0,0.0,0.0,407
2023-05-11 09:16:53,TA401P4800,TA401P4800,169.0,0.0,0.0,0.0,5,167.5,170.5,5,169.0,163.5,0.0,0.0,0.0,0.0,407
2023-05-11 09:17:17,TA401P4800,TA401P4800,169.0,0.0,0.0,0.0,5,168.0,170.5,5,169.0,163.5,0.0,0.0,0.0,0.0,407
2023-05-11 09:17:24,TA401P4800,TA401P4800,169.0,0.0,0.0,0.0,5,168.0,171.0,5,169.0,163.5,0.0,0.0,0.0,0.0,407
2023-05-11 09:17:35,TA401P4800,TA401P4800,169.0,0.0,0.0,0.0,5,168.5,271.5,1,169.0,163.5,0.0,0.0,0.0,0.0,407
2023-05-11 09:17:36,TA401P4800,TA401P4800,169.0,0.0,0.0,0.0,5,168.5,172.5,5,169.0,163.5,0.0,0.0,0.0,0.0,407
2023-05-11 09:18:16,TA401P4800,TA401P4800,169.0,0.0,0.0,0.0,5,169.0,172.5,5,169.0,163.5,0.0,0.0,0.0,0.0,407
2023-05-11 09:19:29,TA401P4800,TA401P4800,169.0,0.0,0.0,0.0,5,169.5,172.5,5,169.0,163.5,0.0,0.0,0.0,0.0,407
2023-05-11 09:19:51,TA401P4800,TA401P4800,169.0,0.0,0.0,0.0,5,170.0,172.5,5,169.0,163.5,0.0,0.0,0.0,0.0,407
2023-05-11 09:23:04,TA401P4800,TA401P4800,169.0,0.0,0.0,0.0,5,169.5,172.5,5,169.0,163.5,0.0,0.0,0.0,0.0,407
2023-05-11 09:23:24,TA401P4800,TA401P4800,169.0,0.0,0.0,0.0,5,169.5,172.0,5,169.0,163.5,0.0,0.0,0.0,0.0,407
2023-05-11 09:24:10,TA401P4800,TA401P4800,169.0,0.0,0.0,0.0,5,168.0,172.0,5,169.0,163.5,0.0,0.0,0.0,0.0,407
2023-05-11 09:24:24,TA401P4800,TA401P4800,169.0,0.0,0.0,0.0,5,168.5,172.0,5,169.0,163.5,0.0,0.0,0.0,0.0,407
2023-05-11 09:24:56,TA401P4800,TA401P4800,169.0,0.0,0.0,0.0,5,168.5,171.5,5,169.0,163.5,0.0,0.0,0.0,0.0,407
2023-05-11 09:26:16,TA401P4800,TA401P4800,169.0,0.0,0.0,0.0,5,168.5,171.0,5,169.0,163.5,0.0,0.0,0.0,0.0,407
2023-05-11 09:26:21,TA401P4800,TA401P4800,169.0,0.0,0.0,0.0,5,168.0,171.0,5,169.0,163.5,0.0,0.0,0.0,0.0,407
2023-05-11 09:26:43,TA401P4800,TA401P4800,169.0,0.0,0.0,0.0,5,168.0,170.5,5,169.0,163.5,0.0,0.0,0.0,0.0,407
2023-05-11 09:27:03,TA401P4800,TA401P4800,169.0,0.0,0.0,0.0,1,158.0,170.5,5,169.0,163.5,0.0,0.0,0.0,0.0,407
2023-05-11 09:27:04,TA401P4800,TA401P4800,169.0,0.0,0.0,0.0,5,166.5,170.5,5,169.0,163.5,0.0,0.0,0.0,0.0,407
2023-05-11 09:27:14,TA401P4800,TA401P4800,169.0,0.0,0.0,0.0,5,166.5,170.0,5,169.0,163.5,0.0,0.0,0.0,0.0,407
2023-05-11 09:27:53,TA401P4800,TA401P4800,169.0,0.0,0.0,0.0,5,166.5,169.5,5,169.0,163.5,0.0,0.0,0.0,0.0,407
2023-05-11 09:27:56,TA401P4800,TA401P4800,169.0,0.0,0.0,0.0,1,158.0,169.5,5,169.0,163.5,0.0,0.0,0.0,0.0,407
2023-05-11 09:27:56,TA401P4800,TA401P4800,169.0,0.0,0.0,0.0,5,165.5,169.5,5,169.0,163.5,0.0,0.0,0.0,0.0,407
2023-05-11 09:28:01,TA401P4800,TA401P4800,169.0,0.0,0.0,0.0,5,166.5,169.5,5,169.0,163.5,0.0,0.0,0.0,0.0,407
2023-05-11 09:28:08,TA401P4800,TA401P4800,169.0,0.0,0.0,0.0,5,166.5,170.0,5,169.0,163.5,0.0,0.0,0.0,0.0,407
2023-05-11 09:28:08,TA401P4800,TA401P4800,169.0,0.0,0.0,0.0,5,167.5,170.0,5,169.0,163.5,0.0,0.0,0.0,0.0,407
2023-05-11 09:30:22,TA401P4800,TA401P4800,169.0,0.0,0.0,0.0,5,167.5,271.5,1,169.0,163.5,0.0,0.0,0.0,0.0,407
2023-05-11 09:30:23,TA401P4800,TA401P4800,169.0,0.0,0.0,0.0,5,167.5,266.0,1,169.0,163.5,0.0,0.0,0.0,0.0,407
2023-05-11 09:30:23,TA401P4800,TA401P4800,169.0,0.0,0.0,0.0,5,167.5,220.5,1,169.0,163.5,0.0,0.0,0.0,0.0,407
2023-05-11 09:30:24,TA401P4800,TA401P4800,169.0,0.0,0.0,0.0,5,167.5,171.5,5,169.0,163.5,0.0,0.0,0.0,0.0,407
2023-05-11 09:30:42,TA401P4800,TA401P4800,169.0,0.0,0.0,0.0,5,168.0,171.5,5,169.0,163.5,0.0,0.0,0.0,0.0,407
2023-05-11 09:30:46,TA401P4800,TA401P4800,169.0,0.0,0.0,0.0,5,169.0,171.5,5,169.0,163.5,0.0,0.0,0.0,0.0,407
2023-05-11 09:35:27,TA401P4800,TA401P4800,169.0,0.0,0.0,0.0,5,169.0,173.0,5,169.0,163.5,0.0,0.0,0.0,0.0,407
2023-05-11 09:35:31,TA401P4800,TA401P4800,169.0,0.0,0.0,0.0,5,169.5,173.0,5,169.0,163.5,0.0,0.0,0.0,0.0,407
2023-05-11 09:38:10,TA401P4800,TA401P4800,169.0,0.0,0.0,0.0,5,169.5,172.5,5,169.0,163.5,0.0,0.0,0.0,0.0,407
2023-05-11 09:39:09,TA401P4800,TA401P4800,169.0,0.0,0.0,0.0,5,169.0,172.5,5,169.0,163.5,0.0,0.0,0.0,0.0,407
2023-05-11 09:39:10,TA401P4800,TA401P4800,169.0,0.0,0.0,0.0,5,169.0,171.5,5,169.0,163.5,0.0,0.0,0.0,0.0,407
2023-05-11 09:39:14,TA401P4800,TA401P4800,169.0,0.0,0.0,0.0,1,158.0,171.5,5,169.0,163.5,0.0,0.0,0.0,0.0,407
2023-05-11 09:39:16,TA401P4800,TA401P4800,169.0,0.0,0.0,0.0,5,167.5,171.5,5,169.0,163.5,0.0,0.0,0.0,0.0,407
2023-05-11 09:39:33,TA401P4800,TA401P4800,169.0,0.0,0.0,0.0,5,168.0,171.5,5,169.0,163.5,0.0,0.0,0.0,0.0,407
2023-05-11 09:40:16,TA401P4800,TA401P4800,169.0,0.0,0.0,0.0,5,168.0,171.0,5,169.0,163.5,0.0,0.0,0.0,0.0,407
2023-05-11 09:40:39,TA401P4800,TA401P4800,169.0,0.0,0.0,0.0,5,168.0,170.5,5,169.0,163.5,0.0,0.0,0.0,0.0,407
2023-05-11 09:40:43,TA401P4800,TA401P4800,169.0,0.0,0.0,0.0,5,167.5,170.5,5,169.0,163.5,0.0,0.0,0.0,0.0,407
2023-05-11 09:40:51,TA401P4800,TA401P4800,169.0,0.0,0.0,0.0,1,158.0,170.5,5,169.0,163.5,0.0,0.0,0.0,0.0,407
2023-05-11 09:40:54,TA401P4800,TA401P4800,169.0,0.0,0.0,0.0,1,158.0,169.5,5,169.0,163.5,0.0,0.0,0.0,0.0,407
2023-05-11 09:40:55,TA401P4800,TA401P4800,169.0,0.0,0.0,0.0,5,166.0,169.5,5,169.0,163.5,0.0,0.0,0.0,0.0,407
2023-05-11 09:41:02,TA401P4800,TA401P4800,169.0,0.0,0.0,0.0,5,166.5,169.5,5,169.0,163.5,0.0,0.0,0.0,0.0,407
2023-05-11 09:41:26,TA401P4800,TA401P4800,169.0,0.0,0.0,0.0,5,166.0,169.5,5,169.0,163.5,0.0,0.0,0.0,0.0,407
2023-05-11 09:41:31,TA401P4800,TA401P4800,169.0,0.0,0.0,0.0,1,158.0,169.5,5,169.0,163.5,0.0,0.0,0.0,0.0,407
2023-05-11 09:41:32,TA401P4800,TA401P4800,169.0,0.0,0.0,0.0,1,158.0,168.0,5,169.0,163.5,0.0,0.0,0.0,0.0,407
2023-05-11 09:41:38,TA401P4800,TA401P4800,169.0,0.0,0.0,0.0,5,164.5,168.0,5,169.0,163.5,0.0,0.0,0.0,0.0,407
2023-05-11 09:42:10,TA401P4800,TA401P4800,169.0,0.0,0.0,0.0,5,165.5,168.0,5,169.0,163.5,0.0,0.0,0.0,0.0,407
2023-05-11 09:42:41,TA401P4800,TA401P4800,169.0,0.0,0.0,0.0,5,165.5,169.5,5,169.0,163.5,0.0,0.0,0.0,0.0,407
2023-05-11 09:42:43,TA401P4800,TA401P4800,169.0,0.0,0.0,0.0,5,166.0,169.5,5,169.0,163.5,0.0,0.0,0.0,0.0,407
2023-05-11 09:43:15,TA401P4800,TA401P4800,169.0,0.0,0.0,0.0,5,167.0,169.5,5,169.0,163.5,0.0,0.0,0.0,0.0,407
2023-05-11 09:44:15,TA401P4800,TA401P4800,169.0,0.0,0.0,0.0,5,166.0,169.5,5,169.0,163.5,0.0,0.0,0.0,0.0,407
2023-05-11 09:45:51,TA401P4800,TA401P4800,169.0,0.0,0.0,0.0,5,166.0,168.5,5,169.0,163.5,0.0,0.0,0.0,0.0,407
2023-05-11 09:46:28,TA401P4800,TA401P4800,169.0,0.0,0.0,0.0,5,164.5,168.5,5,169.0,163.5,0.0,0.0,0.0,0.0,407
2023-05-11 09:46:44,TA401P4800,TA401P4800,169.0,0.0,0.0,0.0,5,164.5,167.5,5,169.0,163.5,0.0,0.0,0.0,0.0,407
2023-05-11 09:48:29,TA401P4800,TA401P4800,169.0,0.0,0.0,0.0,5,165.5,168.5,5,169.0,163.5,0.0,0.0,0.0,0.0,407
2023-05-11 09:51:38,TA401P4800,TA401P4800,169.0,0.0,0.0,0.0,5,166.0,168.5,5,169.0,163.5,0.0,0.0,0.0,0.0,407
2023-05-11 09:52:54,TA401P4800,TA401P4800,169.0,0.0,0.0,0.0,5,166.0,178.0,1,169.0,163.5,0.0,0.0,0.0,0.0,407
2023-05-11 09:52:55,TA401P4800,TA401P4800,169.0,0.0,0.0,0.0,5,166.0,170.0,5,169.0,163.5,0.0,0.0,0.0,0.0,407
2023-05-11 09:53:07,TA401P4800,TA401P4800,169.0,0.0,0.0,0.0,5,166.5,170.0,5,169.0,163.5,0.0,0.0,0.0,0.0,407
2023-05-11 09:56:09,TA401P4800,TA401P4800,169.0,0.0,0.0,0.0,5,166.5,169.5,5,169.0,163.5,0.0,0.0,0.0,0.0,407
2023-05-11 09:56:48,TA401P4800,TA401P4800,169.0,0.0,0.0,0.0,5,166.5,169.0,5,169.0,163.5,0.0,0.0,0.0,0.0,407
2023-05-11 09:57:11,TA401P4800,TA401P4800,169.0,0.0,0.0,0.0,5,166.0,169.0,5,169.0,163.5,0.0,0.0,0.0,0.0,407
2023-05-11 09:59:23,TA401P4800,TA401P4800,169.0,0.0,0.0,0.0,5,166.5,169.0,5,169.0,163.5,0.0,0.0,0.0,0.0,407
2023-05-11 09:59:42,TA401P4800,TA401P4800,169.0,0.0,0.0,0.0,5,166.5,169.5,5,169.0,163.5,0.0,0.0,0.0,0.0,407
2023-05-11 10:00:02,TA401P4800,TA401P4800,169.0,0.0,0.0,0.0,5,167.0,169.5,5,169.0,163.5,0.0,0.0,0.0,0.0,407
2023-05-11 10:03:03,TA401P4800,TA401P4800,169.0,0.0,0.0,0.0,5,167.0,171.0,5,169.0,163.5,0.0,0.0,0.0,0.0,407
2023-05-11 10:03:52,TA401P4800,TA401P4800,169.0,0.0,0.0,0.0,5,167.0,170.5,5,169.0,163.5,0.0,0.0,0.0,0.0,407
2023-05-11 10:04:33,TA401P4800,TA401P4800,169.0,0.0,0.0,0.0,5,167.0,169.5,5,169.0,163.5,0.0,0.0,0.0,0.0,407
2023-05-11 10:05:59,TA401P4800,TA401P4800,169.0,0.0,0.0,0.0,5,166.5,169.5,5,169.0,163.5,0.0,0.0,0.0,0.0,407
2023-05-11 10:06:00,TA401P4800,TA401P4800,169.0,0.0,0.0,0.0,1,154.0,169.5,5,169.0,163.5,0.0,0.0,0.0,0.0,407
2023-05-11 10:06:01,TA401P4800,TA401P4800,169.0,0.0,0.0,0.0,5,165.5,169.5,5,169.0,163.5,0.0,0.0,0.0,0.0,407
2023-05-11 10:06:03,TA401P4800,TA401P4800,169.0,0.0,0.0,0.0,5,165.5,168.5,5,169.0,163.5,0.0,0.0,0.0,0.0,407
2023-05-11 10:08:03,TA401P4800,TA401P4800,169.0,0.0,0.0,0.0,5,166.5,169.5,5,169.0,163.5,0.0,0.0,0.0,0.0,407
2023-05-11 10:08:55,TA401P4800,TA401P4800,169.0,0.0,0.0,0.0,5,166.5,170.5,5,169.0,163.5,0.0,0.0,0.0,0.0,407
2023-05-11 10:08:57,TA401P4800,TA401P4800,169.0,0.0,0.0,0.0,5,167.0,170.5,5,169.0,163.5,0.0,0.0,0.0,0.0,407
2023-05-11 10:10:54,TA401P4800,TA401P4800,169.0,0.0,0.0,0.0,5,166.5,170.5,5,169.0,163.5,0.0,0.0,0.0,0.0,407
2023-05-11 10:10:56,TA401P4800,TA401P4800,169.0,0.0,0.0,0.0,1,154.0,170.5,5,169.0,163.5,0.0,0.0,0.0,0.0,407
2023-05-11 10:11:01,TA401P4800,TA401P4800,169.0,0.0,0.0,0.0,5,164.5,170.5,5,169.0,163.5,0.0,0.0,0.0,0.0,407
2023-05-11 10:11:02,TA401P4800,TA401P4800,169.0,0.0,0.0,0.0,5,164.5,168.5,5,169.0,163.5,0.0,0.0,0.0,0.0,407
2023-05-11 10:11:48,TA401P4800,TA401P4800,169.0,0.0,0.0,0.0,5,164.5,168.0,5,169.0,163.5,0.0,0.0,0.0,0.0,407
2023-05-11 10:12:16,TA401P4800,TA401P4800,169.0,0.0,0.0,0.0,5,164.5,167.5,5,169.0,163.5,0.0,0.0,0.0,0.0,407
2023-05-11 10:13:07,TA401P4800,TA401P4800,169.0,0.0,0.0,0.0,1,154.0,167.5,5,169.0,163.5,0.0,0.0,0.0,0.0,407
2023-05-11 10:13:10,TA401P4800,TA401P4800,169.0,0.0,0.0,0.0,5,163.0,167.0,5,169.0,163.5,0.0,0.0,0.0,0.0,407
2023-05-11 10:13:35,TA401P4800,TA401P4800,169.0,0.0,0.0,0.0,1,154.0,167.0,5,169.0,163.5,0.0,0.0,0.0,0.0,407
2023-05-11 10:13:37,TA401P4800,TA401P4800,169.0,0.0,0.0,0.0,5,162.0,167.0,5,169.0,163.5,0.0,0.0,0.0,0.0,407
2023-05-11 10:13:40,TA401P4800,TA401P4800,169.0,0.0,0.0,0.0,5,162.0,165.5,5,169.0,163.5,0.0,0.0,0.0,0.0,407
2023-05-11 10:14:00,TA401P4800,TA401P4800,169.0,0.0,0.0,0.0,5,162.0,165.0,5,169.0,163.5,0.0,0.0,0.0,0.0,407
2023-05-11 10:14:13,TA401P4800,TA401P4800,169.0,0.0,0.0,0.0,5,162.0,164.5,5,169.0,163.5,0.0,0.0,0.0,0.0,407
2023-05-11 10:14:13,TA401P4800,TA401P4800,169.0,0.0,0.0,0.0,1,154.0,164.5,5,169.0,163.5,0.0,0.0,0.0,0.0,407
2023-05-11 10:14:19,TA401P4800,TA401P4800,169.0,0.0,0.0,0.0,5,159.5,164.5,5,169.0,163.5,0.0,0.0,0.0,0.0,407
2023-05-11 10:14:24,TA401P4800,TA401P4800,169.0,0.0,0.0,0.0,5,159.5,163.0,5,169.0,163.5,0.0,0.0,0.0,0.0,407
2023-05-11 10:14:34,TA401P4800,TA401P4800,169.0,0.0,0.0,0.0,5,160.5,163.0,5,169.0,163.5,0.0,0.0,0.0,0.0,407
2023-05-11 10:30:12,TA401P4800,TA401P4800,169.0,0.0,0.0,0.0,5,159.5,163.0,5,169.0,163.5,0.0,0.0,0.0,0.0,407
2023-05-11 10:30:14,TA401P4800,TA401P4800,169.0,0.0,0.0,0.0,1,154.0,163.0,5,169.0,163.5,0.0,0.0,0.0,0.0,407
2023-05-11 10:30:21,TA401P4800,TA401P4800,169.0,0.0,0.0,0.0,1,154.0,161.0,5,169.0,163.5,0.0,0.0,0.0,0.0,407
2023-05-11 10:30:22,TA401P4800,TA401P4800,169.0,0.0,0.0,0.0,5,158.0,161.0,5,169.0,163.5,0.0,0.0,0.0,0.0,407
2023-05-11 10:30:36,TA401P4800,TA401P4800,169.0,0.0,0.0,0.0,5,158.0,163.0,5,169.0,163.5,0.0,0.0,0.0,0.0,407
2023-05-11 10:30:37,TA401P4800,TA401P4800,169.0,0.0,0.0,0.0,5,159.0,163.0,5,169.0,163.5,0.0,0.0,0.0,0.0,407
2023-05-11 10:30:46,TA401P4800,TA401P4800,169.0,0.0,0.0,0.0,5,159.0,162.0,5,169.0,163.5,0.0,0.0,0.0,0.0,407
2023-05-11 10:31:06,TA401P4800,TA401P4800,169.0,0.0,0.0,0.0,5,159.0,163.0,5,169.0,163.5,0.0,0.0,0.0,0.0,407
2023-05-11 10:31:07,TA401P4800,TA401P4800,169.0,0.0,0.0,0.0,5,160.0,163.0,5,169.0,163.5,0.0,0.0,0.0,0.0,407
2023-05-11 10:32:11,TA401P4800,TA401P4800,169.0,0.0,0.0,0.0,5,160.0,164.5,5,169.0,163.5,0.0,0.0,0.0,0.0,407
2023-05-11 10:32:12,TA401P4800,TA401P4800,169.0,0.0,0.0,0.0,5,161.0,164.5,5,169.0,163.5,0.0,0.0,0.0,0.0,407
2023-05-11 10:32:15,TA401P4800,TA401P4800,169.0,0.0,0.0,0.0,5,161.0,163.5,5,169.0,163.5,0.0,0.0,0.0,0.0,407
2023-05-11 10:33:22,TA401P4800,TA401P4800,169.0,0.0,0.0,0.0,5,161.0,164.5,5,169.0,163.5,0.0,0.0,0.0,0.0,407
2023-05-11 10:34:07,TA401P4800,TA401P4800,169.0,0.0,0.0,0.0,5,162.0,164.5,5,169.0,163.5,0.0,0.0,0.0,0.0,407
2023-05-11 10:34:22,TA401P4800,TA401P4800,169.0,0.0,0.0,0.0,5,162.0,178.0,1,169.0,163.5,0.0,0.0,0.0,0.0,407
2023-05-11 10:34:24,TA401P4800,TA401P4800,169.0,0.0,0.0,0.0,5,162.0,166.0,5,169.0,163.5,0.0,0.0,0.0,0.0,407
2023-05-11 10:35:32,TA401P4800,TA401P4800,169.0,0.0,0.0,0.0,5,163.0,166.0,5,169.0,163.5,0.0,0.0,0.0,0.0,407
2023-05-11 10:36:47,TA401P4800,TA401P4800,169.0,0.0,0.0,0.0,5,162.0,166.0,5,169.0,163.5,0.0,0.0,0.0,0.0,407
2023-05-11 10:36:51,TA401P4800,TA401P4800,169.0,0.0,0.0,0.0,5,162.0,165.0,5,169.0,163.5,0.0,0.0,0.0,0.0,407
2023-05-11 10:37:14,TA401P4800,TA401P4800,169.0,0.0,0.0,0.0,5,163.0,166.0,5,169.0,163.5,0.0,0.0,0.0,0.0,407
2023-05-11 10:39:26,TA401P4800,TA401P4800,169.0,0.0,0.0,0.0,5,162.0,165.5,5,169.0,163.5,0.0,0.0,0.0,0.0,407
2023-05-11 10:39:36,TA401P4800,TA401P4800,169.0,0.0,0.0,0.0,5,162.0,164.5,5,169.0,163.5,0.0,0.0,0.0,0.0,407
2023-05-11 10:39:50,TA401P4800,TA401P4800,169.0,0.0,0.0,0.0,5,160.5,164.5,5,169.0,163.5,0.0,0.0,0.0,0.0,407
2023-05-11 10:39:57,TA401P4800,TA401P4800,169.0,0.0,0.0,0.0,5,160.5,163.5,5,169.0,163.5,0.0,0.0,0.0,0.0,407
2023-05-11 10:40:27,TA401P4800,TA401P4800,169.0,0.0,0.0,0.0,5,160.5,164.5,5,169.0,163.5,0.0,0.0,0.0,0.0,407
2023-05-11 10:41:08,TA401P4800,TA401P4800,169.0,0.0,0.0,0.0,5,160.5,163.5,5,169.0,163.5,0.0,0.0,0.0,0.0,407
2023-05-11 10:43:28,TA401P4800,TA401P4800,169.0,0.0,0.0,0.0,5,160.5,164.5,5,169.0,163.5,0.0,0.0,0.0,0.0,407
2023-05-11 10:43:29,TA401P4800,TA401P4800,169.0,0.0,0.0,0.0,5,161.5,164.5,5,169.0,163.5,0.0,0.0,0.0,0.0,407
2023-05-11 10:44:56,TA401P4800,TA401P4800,169.0,0.0,0.0,0.0,5,160.5,164.5,5,169.0,163.5,0.0,0.0,0.0,0.0,407
2023-05-11 10:44:57,TA401P4800,TA401P4800,169.0,0.0,0.0,0.0,5,160.5,163.5,5,169.0,163.5,0.0,0.0,0.0,0.0,407
2023-05-11 10:45:15,TA401P4800,TA401P4800,169.0,0.0,0.0,0.0,1,162.0,163.5,5,169.0,163.5,0.0,0.0,0.0,0.0,407
2023-05-11 10:45:15,TA401P4800,TA401P4800,163.5,1.0,163.5,-1.0,1,162.0,163.5,31,169.0,163.5,163.5,163.5,1.0,163.5,406
2023-05-11 10:45:16,TA401P4800,TA401P4800,162.0,2.0,325.5,-2.0,5,160.5,163.5,31,169.0,163.5,163.5,162.0,3.0,489.0,404
2023-05-11 10:45:16,TA401P4800,TA401P4800,162.0,0.0,0.0,0.0,1,162.5,163.5,31,169.0,163.5,163.5,162.0,3.0,489.0,404
2023-05-11 10:45:17,TA401P4800,TA401P4800,162.5,1.0,163.0,-1.0,1,161.5,162.5,24,169.0,163.5,163.5,162.0,4.0,652.0,403
2023-05-11 10:45:17,TA401P4800,TA401P4800,161.5,1.0,160.5,-1.0,1,154.0,162.5,24,169.0,163.5,163.5,161.5,5.0,812.5,402
2023-05-11 10:45:18,TA401P4800,TA401P4800,161.5,0.0,0.0,0.0,5,159.0,162.5,24,169.0,163.5,163.5,161.5,5.0,812.5,402
2023-05-11 10:45:18,TA401P4800,TA401P4800,161.5,0.0,0.0,0.0,1,160.5,162.5,24,169.0,163.5,163.5,161.5,5.0,812.5,402
2023-05-11 10:45:18,TA401P4800,TA401P4800,161.5,0.0,0.0,0.0,5,159.0,162.5,24,169.0,163.5,163.5,161.5,5.0,812.5,402
2023-05-11 10:45:18,TA401P4800,TA401P4800,161.5,0.0,0.0,0.0,1,160.5,162.5,24,169.0,163.5,163.5,161.5,5.0,812.5,402
2023-05-11 10:45:20,TA401P4800,TA401P4800,161.5,0.0,0.0,0.0,1,160.0,162.5,24,169.0,163.5,163.5,161.5,5.0,812.5,402
2023-05-11 10:45:21,TA401P4800,TA401P4800,161.5,0.0,0.0,0.0,5,159.0,162.5,24,169.0,163.5,163.5,161.5,5.0,812.5,402
2023-05-11 10:45:23,TA401P4800,TA401P4800,161.5,0.0,0.0,0.0,1,160.0,162.5,24,169.0,163.5,163.5,161.5,5.0,812.5,402
2023-05-11 10:45:43,TA401P4800,TA401P4800,161.5,0.0,0.0,0.0,1,160.0,162.0,5,169.0,163.5,163.5,161.5,5.0,812.5,402
2023-05-11 10:46:02,TA401P4800,TA401P4800,160.0,1.0,159.5,-1.0,1,154.0,162.0,5,169.0,163.5,163.5,160.0,6.0,972.0,401
2023-05-11 10:46:03,TA401P4800,TA401P4800,160.0,0.0,0.0,0.0,5,157.5,161.0,5,169.0,163.5,163.5,160.0,6.0,972.0,401
2023-05-11 10:46:19,TA401P4800,TA401P4800,160.0,0.0,0.0,0.0,5,158.5,161.0,5,169.0,163.5,163.5,160.0,6.0,972.0,401
2023-05-11 10:46:53,TA401P4800,TA401P4800,160.0,0.0,0.0,0.0,1,159.0,161.0,5,169.0,163.5,163.5,160.0,6.0,972.0,401
2023-05-11 10:47:11,TA401P4800,TA401P4800,160.0,0.0,0.0,0.0,1,159.0,162.0,5,169.0,163.5,163.5,160.0,6.0,972.0,401
2023-05-11 10:47:42,TA401P4800,TA401P4800,160.0,0.0,0.0,0.0,1,159.0,161.0,5,169.0,163.5,163.5,160.0,6.0,972.0,401
2023-05-11 10:48:04,TA401P4800,TA401P4800,159.0,1.0,158.5,-1.0,5,157.5,161.0,5,169.0,163.5,163.5,159.0,7.0,1130.5,400
2023-05-11 10:49:27,TA401P4800,TA401P4800,159.0,0.0,0.0,0.0,5,157.5,160.0,5,169.0,163.5,163.5,159.0,7.0,1130.5,400
2023-05-11 10:49:31,TA401P4800,TA401P4800,159.0,0.0,0.0,0.0,5,156.0,160.0,5,169.0,163.5,163.5,159.0,7.0,1130.5,400
2023-05-11 10:50:15,TA401P4800,TA401P4800,159.0,0.0,0.0,0.0,5,156.0,159.0,5,169.0,163.5,163.5,159.0,7.0,1130.5,400
2023-05-11 10:50:58,TA401P4800,TA401P4800,159.0,0.0,0.0,0.0,1,154.0,159.0,5,169.0,163.5,163.5,159.0,7.0,1130.5,400
2023-05-11 10:50:58,TA401P4800,TA401P4800,159.0,0.0,0.0,0.0,5,154.5,159.0,5,169.0,163.5,163.5,159.0,7.0,1130.5,400
2023-05-11 10:51:00,TA401P4800,TA401P4800,159.0,0.0,0.0,0.0,5,154.5,158.0,5,169.0,163.5,163.5,159.0,7.0,1130.5,400
2023-05-11 10:51:21,TA401P4800,TA401P4800,159.0,0.0,0.0,0.0,5,155.5,158.0,5,169.0,163.5,163.5,159.0,7.0,1130.5,400
2023-05-11 10:51:24,TA401P4800,TA401P4800,159.0,0.0,0.0,0.0,5,155.5,159.0,5,169.0,163.5,163.5,159.0,7.0,1130.5,400
2023-05-11 10:51:44,TA401P4800,TA401P4800,159.0,0.0,0.0,0.0,5,156.5,159.0,5,169.0,163.5,163.5,159.0,7.0,1130.5,400
2023-05-11 10:52:02,TA401P4800,TA401P4800,159.0,0.0,0.0,0.0,5,155.5,159.0,5,169.0,163.5,163.5,159.0,7.0,1130.5,400
2023-05-11 10:52:28,TA401P4800,TA401P4800,159.0,0.0,0.0,0.0,5,155.5,158.0,5,169.0,163.5,163.5,159.0,7.0,1130.5,400
2023-05-11 10:52:54,TA401P4800,TA401P4800,159.0,0.0,0.0,0.0,5,155.5,159.0,5,169.0,163.5,163.5,159.0,7.0,1130.5,400
2023-05-11 10:53:00,TA401P4800,TA401P4800,159.0,0.0,0.0,0.0,5,156.5,159.0,5,169.0,163.5,163.5,159.0,7.0,1130.5,400
2023-05-11 10:55:48,TA401P4800,TA401P4800,159.0,0.0,0.0,0.0,5,156.5,162.5,24,169.0,163.5,163.5,159.0,7.0,1130.5,400
2023-05-11 10:55:49,TA401P4800,TA401P4800,159.0,0.0,0.0,0.0,5,156.5,160.5,5,169.0,163.5,163.5,159.0,7.0,1130.5,400
2023-05-11 10:56:06,TA401P4800,TA401P4800,159.0,0.0,0.0,0.0,5,156.5,159.5,5,169.0,163.5,163.5,159.0,7.0,1130.5,400
2023-05-11 10:58:49,TA401P4800,TA401P4800,159.0,0.0,0.0,0.0,5,156.5,160.5,5,169.0,163.5,163.5,159.0,7.0,1130.5,400
2023-05-11 11:00:00,TA401P4800,TA401P4800,159.0,0.0,0.0,0.0,5,157.5,160.5,5,169.0,163.5,163.5,159.0,7.0,1130.5,400
2023-05-11 11:00:41,TA401P4800,TA401P4800,159.0,0.0,0.0,0.0,5,157.5,162.5,24,169.0,163.5,163.5,159.0,7.0,1130.5,400
2023-05-11 11:00:43,TA401P4800,TA401P4800,159.0,0.0,0.0,0.0,5,158.5,162.5,24,169.0,163.5,163.5,159.0,7.0,1130.5,400
2023-05-11 11:00:45,TA401P4800,TA401P4800,159.0,0.0,0.0,0.0,5,158.5,162.0,5,169.0,163.5,163.5,159.0,7.0,1130.5,400
2023-05-11 11:01:44,TA401P4800,TA401P4800,159.0,0.0,0.0,0.0,5,158.5,161.0,5,169.0,163.5,163.5,159.0,7.0,1130.5,400
2023-05-11 11:01:47,TA401P4800,TA401P4800,159.0,0.0,0.0,0.0,5,157.5,161.0,5,169.0,163.5,163.5,159.0,7.0,1130.5,400
2023-05-11 11:02:03,TA401P4800,TA401P4800,159.0,0.0,0.0,0.0,5,157.5,160.5,5,169.0,163.5,163.5,159.0,7.0,1130.5,400
2023-05-11 11:02:06,TA401P4800,TA401P4800,159.0,0.0,0.0,0.0,1,154.0,160.5,5,169.0,163.5,163.5,159.0,7.0,1130.5,400
2023-05-11 11:02:10,TA401P4800,TA401P4800,159.0,0.0,0.0,0.0,5,156.0,160.5,5,169.0,163.5,163.5,159.0,7.0,1130.5,400
2023-05-11 11:02:11,TA401P4800,TA401P4800,159.0,0.0,0.0,0.0,5,156.0,159.5,5,169.0,163.5,163.5,159.0,7.0,1130.5,400
2023-05-11 11:04:45,TA401P4800,TA401P4800,159.0,0.0,0.0,0.0,5,157.0,159.5,5,169.0,163.5,163.5,159.0,7.0,1130.5,400
2023-05-11 11:04:48,TA401P4800,TA401P4800,159.0,0.0,0.0,0.0,5,157.0,160.5,5,169.0,163.5,163.5,159.0,7.0,1130.5,400
2023-05-11 11:05:46,TA401P4800,TA401P4800,159.0,0.0,0.0,0.0,5,157.0,159.5,5,169.0,163.5,163.5,159.0,7.0,1130.5,400
2023-05-11 11:06:52,TA401P4800,TA401P4800,159.0,0.0,0.0,0.0,5,157.0,160.5,5,169.0,163.5,163.5,159.0,7.0,1130.5,400
2023-05-11 11:07:11,TA401P4800,TA401P4800,159.0,0.0,0.0,0.0,5,157.5,160.5,5,169.0,163.5,163.5,159.0,7.0,1130.5,400
2023-05-11 11:07:12,TA401P4800,TA401P4800,159.0,0.0,0.0,0.0,5,157.5,162.5,24,169.0,163.5,163.5,159.0,7.0,1130.5,400
2023-05-11 11:07:14,TA401P4800,TA401P4800,159.0,0.0,0.0,0.0,5,157.5,162.0,5,169.0,163.5,163.5,159.0,7.0,1130.5,400
2023-05-11 11:07:32,TA401P4800,TA401P4800,159.0,0.0,0.0,0.0,5,157.5,161.0,5,169.0,163.5,163.5,159.0,7.0,1130.5,400
2023-05-11 11:10:58,TA401P4800,TA401P4800,159.0,0.0,0.0,0.0,5,158.5,162.0,5,169.0,163.5,163.5,159.0,7.0,1130.5,400
2023-05-11 11:12:33,TA401P4800,TA401P4800,159.0,0.0,0.0,0.0,5,158.5,161.0,5,169.0,163.5,163.5,159.0,7.0,1130.5,400
2023-05-11 11:13:03,TA401P4800,TA401P4800,159.0,0.0,0.0,0.0,5,157.5,161.0,5,169.0,163.5,163.5,159.0,7.0,1130.5,400
2023-05-11 11:13:13,TA401P4800,TA401P4800,159.0,0.0,0.0,0.0,5,157.5,160.0,5,169.0,163.5,163.5,159.0,7.0,1130.5,400
2023-05-11 11:13:52,TA401P4800,TA401P4800,159.0,0.0,0.0,0.0,1,154.0,160.0,5,169.0,163.5,163.5,159.0,7.0,1130.5,400
2023-05-11 11:13:54,TA401P4800,TA401P4800,159.0,0.0,0.0,0.0,5,156.0,160.0,5,169.0,163.5,163.5,159.0,7.0,1130.5,400
2023-05-11 11:14:32,TA401P4800,TA401P4800,159.0,0.0,0.0,0.0,5,156.0,159.0,5,169.0,163.5,163.5,159.0,7.0,1130.5,400
2023-05-11 11:19:40,TA401P4800,TA401P4800,159.0,0.0,0.0,0.0,5,154.5,159.0,5,169.0,163.5,163.5,159.0,7.0,1130.5,400
2023-05-11 11:19:42,TA401P4800,TA401P4800,159.0,0.0,0.0,0.0,5,154.5,158.0,5,169.0,163.5,163.5,159.0,7.0,1130.5,400
2023-05-11 11:20:05,TA401P4800,TA401P4800,159.0,0.0,0.0,0.0,5,155.5,158.0,5,169.0,163.5,163.5,159.0,7.0,1130.5,400
2023-05-11 11:20:21,TA401P4800,TA401P4800,159.0,0.0,0.0,0.0,5,155.5,159.0,5,169.0,163.5,163.5,159.0,7.0,1130.5,400
2023-05-11 11:26:12,TA401P4800,TA401P4800,159.0,0.0,0.0,0.0,5,156.0,159.0,5,169.0,163.5,163.5,159.0,7.0,1130.5,400
2023-05-11 11:27:04,TA401P4800,TA401P4800,159.0,0.0,0.0,0.0,5,156.0,162.5,24,169.0,163.5,163.5,159.0,7.0,1130.5,400
2023-05-11 11:27:05,TA401P4800,TA401P4800,159.0,0.0,0.0,0.0,5,156.0,160.5,5,169.0,163.5,163.5,159.0,7.0,1130.5,400
2023-05-11 11:27:07,TA401P4800,TA401P4800,159.0,0.0,0.0,0.0,5,157.0,160.5,5,169.0,163.5,163.5,159.0,7.0,1130.5,400
2023-05-11 11:29:06,TA401P4800,TA401P4800,159.0,0.0,0.0,0.0,5,158.0,160.5,5,169.0,163.5,163.5,159.0,7.0,1130.5,400
2023-05-11 11:29:27,TA401P4800,TA401P4800,159.0,0.0,0.0,0.0,1,154.0,178.0,1,169.0,163.5,163.5,159.0,7.0,1130.5,400
2023-05-11 11:29:36,TA401P4800,TA401P4800,159.0,0.0,0.0,0.0,1,136.0,178.0,1,169.0,163.5,163.5,159.0,7.0,1130.5,400
2023-05-11 13:30:00,TA401P4800,TA401P4800,159.0,0.0,0.0,0.0,1,76.5,178.0,1,169.0,163.5,163.5,159.0,7.0,1130.5,400
2023-05-11 13:30:17,TA401P4800,TA401P4800,159.0,0.0,0.0,0.0,1,104.5,178.0,1,169.0,163.5,163.5,159.0,7.0,1130.5,400
2023-05-11 13:31:18,TA401P4800,TA401P4800,159.0,0.0,0.0,0.0,2,108.5,178.0,1,169.0,163.5,163.5,159.0,7.0,1130.5,400
2023-05-11 13:31:18,TA401P4800,TA401P4800,159.0,0.0,0.0,0.0,1,150.0,178.0,1,169.0,163.5,163.5,159.0,7.0,1130.5,400
2023-05-11 13:31:18,TA401P4800,TA401P4800,159.0,0.0,0.0,0.0,2,108.5,178.0,1,169.0,163.5,163.5,159.0,7.0,1130.5,400
2023-05-11 13:31:18,TA401P4800,TA401P4800,159.0,0.0,0.0,0.0,1,150.0,178.0,1,169.0,163.5,163.5,159.0,7.0,1130.5,400
2023-05-11 13:44:15,TA401P4800,TA401P4800,159.0,0.0,0.0,0.0,1,150.0,157.0,5,169.0,163.5,163.5,159.0,7.0,1130.5,400
2023-05-11 13:44:16,TA401P4800,TA401P4800,159.0,0.0,0.0,0.0,5,153.5,157.0,5,169.0,163.5,163.5,159.0,7.0,1130.5,400
2023-05-11 13:44:51,TA401P4800,TA401P4800,159.0,0.0,0.0,0.0,5,154.5,157.0,5,169.0,163.5,163.5,159.0,7.0,1130.5,400
2023-05-11 13:45:20,TA401P4800,TA401P4800,159.0,0.0,0.0,0.0,5,153.5,157.0,5,169.0,163.5,163.5,159.0,7.0,1130.5,400
2023-05-11 13:45:23,TA401P4800,TA401P4800,159.0,0.0,0.0,0.0,5,153.5,156.5,5,169.0,163.5,163.5,159.0,7.0,1130.5,400
2023-05-11 13:45:25,TA401P4800,TA401P4800,159.0,0.0,0.0,0.0,5,153.5,156.0,5,169.0,163.5,163.5,159.0,7.0,1130.5,400
2023-05-11 13:45:28,TA401P4800,TA401P4800,159.0,0.0,0.0,0.0,1,150.0,156.0,5,169.0,163.5,163.5,159.0,7.0,1130.5,400
2023-05-11 13:45:29,TA401P4800,TA401P4800,159.0,0.0,0.0,0.0,5,152.5,156.0,5,169.0,163.5,163.5,159.0,7.0,1130.5,400
2023-05-11 13:45:36,TA401P4800,TA401P4800,159.0,0.0,0.0,0.0,5,152.5,155.0,5,169.0,163.5,163.5,159.0,7.0,1130.5,400
2023-05-11 13:45:51,TA401P4800,TA401P4800,159.0,0.0,0.0,0.0,5,151.0,155.0,5,169.0,163.5,163.5,159.0,7.0,1130.5,400
2023-05-11 13:45:56,TA401P4800,TA401P4800,159.0,0.0,0.0,0.0,5,151.0,154.5,5,169.0,163.5,163.5,159.0,7.0,1130.5,400
2023-05-11 13:47:29,TA401P4800,TA401P4800,159.0,0.0,0.0,0.0,5,151.0,154.0,5,169.0,163.5,163.5,159.0,7.0,1130.5,400
2023-05-11 13:50:58,TA401P4800,TA401P4800,159.0,0.0,0.0,0.0,5,151.5,154.0,5,169.0,163.5,163.5,159.0,7.0,1130.5,400
2023-05-11 13:51:24,TA401P4800,TA401P4800,159.0,0.0,0.0,0.0,5,151.0,154.0,5,169.0,163.5,163.5,159.0,7.0,1130.5,400
2023-05-11 13:52:09,TA401P4800,TA401P4800,159.0,0.0,0.0,0.0,5,151.0,154.5,5,169.0,163.5,163.5,159.0,7.0,1130.5,400
2023-05-11 13:52:12,TA401P4800,TA401P4800,159.0,0.0,0.0,0.0,5,152.0,154.5,5,169.0,163.5,163.5,159.0,7.0,1130.5,400
2023-05-11 13:54:07,TA401P4800,TA401P4800,159.0,0.0,0.0,0.0,5,151.0,154.5,5,169.0,163.5,163.5,159.0,7.0,1130.5,400
2023-05-11 13:56:11,TA401P4800,TA401P4800,159.0,0.0,0.0,0.0,5,151.5,154.5,5,169.0,163.5,163.5,159.0,7.0,1130.5,400
2023-05-11 13:57:10,TA401P4800,TA401P4800,159.0,0.0,0.0,0.0,5,152.0,154.5,5,169.0,163.5,163.5,159.0,7.0,1130.5,400
2023-05-11 13:57:57,TA401P4800,TA401P4800,154.5,3.0,464.5,0.0,5,152.0,154.5,2,169.0,163.5,163.5,154.5,10.0,1595.0,400
2023-05-11 13:57:59,TA401P4800,TA401P4800,154.5,2.0,307.0,0.0,5,152.0,156.0,5,169.0,163.5,163.5,154.5,12.0,1902.0,400
2023-05-11 13:58:01,TA401P4800,TA401P4800,154.5,0.0,0.0,0.0,5,152.0,155.5,5,169.0,163.5,163.5,154.5,12.0,1902.0,400
2023-05-11 13:59:34,TA401P4800,TA401P4800,154.5,0.0,0.0,0.0,5,152.5,155.5,5,169.0,163.5,163.5,154.5,12.0,1902.0,400
2023-05-11 14:00:27,TA401P4800,TA401P4800,154.5,0.0,0.0,0.0,5,153.0,156.0,5,169.0,163.5,163.5,154.5,12.0,1902.0,400
2023-05-11 14:00:31,TA401P4800,TA401P4800,154.5,0.0,0.0,0.0,5,153.0,178.0,1,169.0,163.5,163.5,154.5,12.0,1902.0,400
2023-05-11 14:00:34,TA401P4800,TA401P4800,154.5,0.0,0.0,0.0,5,153.5,178.0,1,169.0,163.5,163.5,154.5,12.0,1902.0,400
2023-05-11 14:00:35,TA401P4800,TA401P4800,154.5,0.0,0.0,0.0,5,153.5,157.0,5,169.0,163.5,163.5,154.5,12.0,1902.0,400
2023-05-11 14:00:40,TA401P4800,TA401P4800,154.5,0.0,0.0,0.0,5,153.5,156.5,5,169.0,163.5,163.5,154.5,12.0,1902.0,400
2023-05-11 14:01:29,TA401P4800,TA401P4800,154.5,0.0,0.0,0.0,5,153.5,156.0,5,169.0,163.5,163.5,154.5,12.0,1902.0,400
2023-05-11 14:01:48,TA401P4800,TA401P4800,154.5,0.0,0.0,0.0,5,153.0,156.0,5,169.0,163.5,163.5,154.5,12.0,1902.0,400
2023-05-11 14:01:58,TA401P4800,TA401P4800,154.5,0.0,0.0,0.0,5,153.0,155.0,5,169.0,163.5,163.5,154.5,12.0,1902.0,400
2023-05-11 14:02:51,TA401P4800,TA401P4800,154.5,0.0,0.0,0.0,5,153.0,156.0,5,169.0,163.5,163.5,154.5,12.0,1902.0,400
2023-05-11 14:04:56,TA401P4800,TA401P4800,154.5,0.0,0.0,0.0,5,153.0,178.0,1,169.0,163.5,163.5,154.5,12.0,1902.0,400
2023-05-11 14:04:57,TA401P4800,TA401P4800,154.5,0.0,0.0,0.0,5,153.5,157.5,5,169.0,163.5,163.5,154.5,12.0,1902.0,400
2023-05-11 14:05:14,TA401P4800,TA401P4800,154.5,0.0,0.0,0.0,5,153.5,157.0,5,169.0,163.5,163.5,154.5,12.0,1902.0,400
2023-05-11 14:06:05,TA401P4800,TA401P4800,154.5,0.0,0.0,0.0,5,153.5,156.5,5,169.0,163.5,163.5,154.5,12.0,1902.0,400
2023-05-11 14:06:35,TA401P4800,TA401P4800,154.5,0.0,0.0,0.0,5,153.5,156.0,5,169.0,163.5,163.5,154.5,12.0,1902.0,400
2023-05-11 14:06:36,TA401P4800,TA401P4800,154.5,0.0,0.0,0.0,5,153.0,156.0,5,169.0,163.5,163.5,154.5,12.0,1902.0,400
2023-05-11 14:08:54,TA401P4800,TA401P4800,154.5,0.0,0.0,0.0,5,153.5,156.0,5,169.0,163.5,163.5,154.5,12.0,1902.0,400
2023-05-11 14:09:07,TA401P4800,TA401P4800,154.5,0.0,0.0,0.0,5,153.5,156.5,5,169.0,163.5,163.5,154.5,12.0,1902.0,400
2023-05-11 14:11:04,TA401P4800,TA401P4800,156.5,5.0,784.0,0.0,5,153.5,156.0,31,169.0,163.5,163.5,154.5,17.0,2686.0,400
2023-05-11 14:14:39,TA401P4800,TA401P4800,156.5,0.0,0.0,0.0,5,153.5,155.5,5,169.0,163.5,163.5,154.5,17.0,2686.0,400
2023-05-11 14:14:40,TA401P4800,TA401P4800,156.5,0.0,0.0,0.0,5,153.0,155.5,5,169.0,163.5,163.5,154.5,17.0,2686.0,400
2023-05-11 14:15:51,TA401P4800,TA401P4800,156.5,0.0,0.0,0.0,1,122.5,155.5,5,169.0,163.5,163.5,154.5,17.0,2686.0,400
2023-05-11 14:15:51,TA401P4800,TA401P4800,156.5,0.0,0.0,0.0,5,151.5,155.5,5,169.0,163.5,163.5,154.5,17.0,2686.0,400
2023-05-11 14:16:13,TA401P4800,TA401P4800,156.5,0.0,0.0,0.0,5,152.0,155.5,5,169.0,163.5,163.5,154.5,17.0,2686.0,400
2023-05-11 14:17:04,TA401P4800,TA401P4800,156.5,0.0,0.0,0.0,5,153.0,155.5,5,169.0,163.5,163.5,154.5,17.0,2686.0,400
2023-05-11 14:18:37,TA401P4800,TA401P4800,156.5,0.0,0.0,0.0,5,152.0,155.5,5,169.0,163.5,163.5,154.5,17.0,2686.0,400
2023-05-11 14:20:05,TA401P4800,TA401P4800,156.5,0.0,0.0,0.0,5,152.0,154.5,5,169.0,163.5,163.5,154.5,17.0,2686.0,400
2023-05-11 14:20:54,TA401P4800,TA401P4800,156.5,0.0,0.0,0.0,1,145.0,154.5,5,169.0,163.5,163.5,154.5,17.0,2686.0,400
2023-05-11 14:20:56,TA401P4800,TA401P4800,156.5,0.0,0.0,0.0,5,150.5,154.5,5,169.0,163.5,163.5,154.5,17.0,2686.0,400
2023-05-11 14:21:00,TA401P4800,TA401P4800,156.5,0.0,0.0,0.0,5,150.5,154.0,5,169.0,163.5,163.5,154.5,17.0,2686.0,400
2023-05-11 14:21:25,TA401P4800,TA401P4800,156.5,0.0,0.0,0.0,5,151.5,154.0,5,169.0,163.5,163.5,154.5,17.0,2686.0,400
2023-05-11 14:21:26,TA401P4800,TA401P4800,156.5,0.0,0.0,0.0,5,151.5,154.5,5,169.0,163.5,163.5,154.5,17.0,2686.0,400
2023-05-11 14:21:35,TA401P4800,TA401P4800,156.5,0.0,0.0,0.0,5,152.0,154.5,5,169.0,163.5,163.5,154.5,17.0,2686.0,400
2023-05-11 14:21:37,TA401P4800,TA401P4800,156.5,0.0,0.0,0.0,5,152.0,156.0,31,169.0,163.5,163.5,154.5,17.0,2686.0,400
2023-05-11 14:21:54,TA401P4800,TA401P4800,156.5,0.0,0.0,0.0,5,152.5,156.0,31,169.0,163.5,163.5,154.5,17.0,2686.0,400
2023-05-11 14:22:02,TA401P4800,TA401P4800,156.5,0.0,0.0,0.0,5,153.5,156.0,31,169.0,163.5,163.5,154.5,17.0,2686.0,400
2023-05-11 14:22:08,TA401P4800,TA401P4800,156.5,0.0,0.0,0.0,5,153.5,156.5,5,169.0,163.5,163.5,154.5,17.0,2686.0,400
2023-05-11 14:22:45,TA401P4800,TA401P4800,156.5,0.0,0.0,0.0,5,153.5,158.0,5,169.0,163.5,163.5,154.5,17.0,2686.0,400
2023-05-11 14:22:47,TA401P4800,TA401P4800,156.5,0.0,0.0,0.0,5,154.5,158.0,5,169.0,163.5,163.5,154.5,17.0,2686.0,400
2023-05-11 14:23:45,TA401P4800,TA401P4800,156.5,0.0,0.0,0.0,5,155.5,158.0,5,169.0,163.5,163.5,154.5,17.0,2686.0,400
2023-05-11 14:25:57,TA401P4800,TA401P4800,156.5,0.0,0.0,0.0,5,155.5,178.0,1,169.0,163.5,163.5,154.5,17.0,2686.0,400
2023-05-11 14:25:58,TA401P4800,TA401P4800,156.5,0.0,0.0,0.0,5,155.5,159.5,5,169.0,163.5,163.5,154.5,17.0,2686.0,400
2023-05-11 14:26:21,TA401P4800,TA401P4800,156.5,0.0,0.0,0.0,5,155.5,158.5,5,169.0,163.5,163.5,154.5,17.0,2686.0,400
2023-05-11 14:29:35,TA401P4800,TA401P4800,156.5,0.0,0.0,0.0,5,154.5,158.5,5,169.0,163.5,163.5,154.5,17.0,2686.0,400
2023-05-11 14:29:36,TA401P4800,TA401P4800,156.5,0.0,0.0,0.0,5,154.5,157.5,5,169.0,163.5,163.5,154.5,17.0,2686.0,400
2023-05-11 14:30:35,TA401P4800,TA401P4800,156.5,0.0,0.0,0.0,5,155.5,158.5,5,169.0,163.5,163.5,154.5,17.0,2686.0,400
2023-05-11 14:32:11,TA401P4800,TA401P4800,156.5,0.0,0.0,0.0,5,155.5,160.0,5,169.0,163.5,163.5,154.5,17.0,2686.0,400
2023-05-11 14:32:21,TA401P4800,TA401P4800,156.5,0.0,0.0,0.0,5,155.5,159.0,5,169.0,163.5,163.5,154.5,17.0,2686.0,400
2023-05-11 14:34:12,TA401P4800,TA401P4800,156.5,0.0,0.0,0.0,5,155.5,158.0,5,169.0,163.5,163.5,154.5,17.0,2686.0,400
2023-05-11 14:35:43,TA401P4800,TA401P4800,156.5,0.0,0.0,0.0,5,155.5,159.0,5,169.0,163.5,163.5,154.5,17.0,2686.0,400
2023-05-11 14:37:27,TA401P4800,TA401P4800,156.5,0.0,0.0,0.0,5,156.5,159.0,5,169.0,163.5,163.5,154.5,17.0,2686.0,400
2023-05-11 14:37:31,TA401P4800,TA401P4800,156.5,0.0,0.0,0.0,5,156.5,178.0,1,169.0,163.5,163.5,154.5,17.0,2686.0,400
2023-05-11 14:37:37,TA401P4800,TA401P4800,156.5,0.0,0.0,0.0,5,156.5,161.0,5,169.0,163.5,163.5,154.5,17.0,2686.0,400
2023-05-11 14:38:06,TA401P4800,TA401P4800,156.5,0.0,0.0,0.0,5,157.5,161.0,5,169.0,163.5,163.5,154.5,17.0,2686.0,400
2023-05-11 14:38:54,TA401P4800,TA401P4800,156.5,0.0,0.0,0.0,5,158.5,161.0,5,169.0,163.5,163.5,154.5,17.0,2686.0,400
2023-05-11 14:38:58,TA401P4800,TA401P4800,156.5,0.0,0.0,0.0,5,158.5,178.0,1,169.0,163.5,163.5,154.5,17.0,2686.0,400
2023-05-11 14:39:00,TA401P4800,TA401P4800,156.5,0.0,0.0,0.0,5,158.5,162.5,5,169.0,163.5,163.5,154.5,17.0,2686.0,400
2023-05-11 14:39:25,TA401P4800,TA401P4800,156.5,0.0,0.0,0.0,5,159.5,162.5,5,169.0,163.5,163.5,154.5,17.0,2686.0,400
2023-05-11 14:40:28,TA401P4800,TA401P4800,156.5,0.0,0.0,0.0,5,159.5,164.5,5,169.0,163.5,163.5,154.5,17.0,2686.0,400
2023-05-11 14:40:58,TA401P4800,TA401P4800,156.5,0.0,0.0,0.0,5,160.5,164.5,5,169.0,163.5,163.5,154.5,17.0,2686.0,400
2023-05-11 14:41:13,TA401P4800,TA401P4800,156.5,0.0,0.0,0.0,5,160.5,163.5,5,169.0,163.5,163.5,154.5,17.0,2686.0,400
2023-05-11 14:44:15,TA401P4800,TA401P4800,156.5,0.0,0.0,0.0,5,159.5,163.5,5,169.0,163.5,163.5,154.5,17.0,2686.0,400
2023-05-11 14:45:18,TA401P4800,TA401P4800,156.5,0.0,0.0,0.0,5,159.5,162.5,5,169.0,163.5,163.5,154.5,17.0,2686.0,400
2023-05-11 14:45:31,TA401P4800,TA401P4800,156.5,0.0,0.0,0.0,5,157.5,162.5,5,169.0,163.5,163.5,154.5,17.0,2686.0,400
2023-05-11 14:45:52,TA401P4800,TA401P4800,156.5,0.0,0.0,0.0,5,158.5,162.5,5,169.0,163.5,163.5,154.5,17.0,2686.0,400
2023-05-11 14:47:07,TA401P4800,TA401P4800,156.5,0.0,0.0,0.0,5,158.5,161.5,5,169.0,163.5,163.5,154.5,17.0,2686.0,400
2023-05-11 14:48:40,TA401P4800,TA401P4800,156.5,0.0,0.0,0.0,5,157.5,161.5,5,169.0,163.5,163.5,154.5,17.0,2686.0,400
2023-05-11 14:48:52,TA401P4800,TA401P4800,156.5,0.0,0.0,0.0,5,157.5,160.5,5,169.0,163.5,163.5,154.5,17.0,2686.0,400
2023-05-11 14:49:10,TA401P4800,TA401P4800,156.5,0.0,0.0,0.0,1,145.0,160.5,5,169.0,163.5,163.5,154.5,17.0,2686.0,400
2023-05-11 14:49:11,TA401P4800,TA401P4800,156.5,0.0,0.0,0.0,5,156.0,160.5,5,169.0,163.5,163.5,154.5,17.0,2686.0,400
2023-05-11 14:49:23,TA401P4800,TA401P4800,156.5,0.0,0.0,0.0,5,157.0,160.5,5,169.0,163.5,163.5,154.5,17.0,2686.0,400
2023-05-11 14:49:55,TA401P4800,TA401P4800,156.5,0.0,0.0,0.0,5,157.0,161.5,5,169.0,163.5,163.5,154.5,17.0,2686.0,400
2023-05-11 14:51:21,TA401P4800,TA401P4800,156.5,0.0,0.0,0.0,5,158.0,161.5,5,169.0,163.5,163.5,154.5,17.0,2686.0,400
2023-05-11 14:58:09,TA401P4800,TA401P4800,156.5,0.0,0.0,0.0,5,158.0,163.0,5,169.0,163.5,163.5,154.5,17.0,2686.0,400
2023-05-11 14:58:23,TA401P4800,TA401P4800,156.5,0.0,0.0,0.0,5,159.0,163.0,5,169.0,163.5,163.5,154.5,17.0,2686.0,400
2023-05-11 14:58:34,TA401P4800,TA401P4800,156.5,0.0,0.0,0.0,5,159.0,178.0,1,169.0,163.5,163.5,154.5,17.0,2686.0,400
2023-05-11 14:58:35,TA401P4800,TA401P4800,156.5,0.0,0.0,0.0,5,160.0,178.0,1,169.0,163.5,163.5,154.5,17.0,2686.0,400
2023-05-11 14:58:36,TA401P4800,TA401P4800,156.5,0.0,0.0,0.0,5,160.0,165.0,5,169.0,163.5,163.5,154.5,17.0,2686.0,400
2023-05-11 14:58:57,TA401P4800,TA401P4800,156.5,0.0,0.0,0.0,1,145.0,178.0,1,169.0,163.5,163.5,154.5,17.0,2686.0,400
2023-05-11 14:59:15,TA401P4800,TA401P4800,156.5,0.0,0.0,0.0,1,104.5,178.0,1,169.0,163.5,163.5,154.5,17.0,2686.0,400
2023-05-11 14:59:15,TA401P4800,TA401P4800,156.5,0.0,0.0,0.0,1,104.5,178.0,1,169.0,163.5,163.5,154.5,17.0,2686.0,400
