time,symbol_id,symbol_name,last,trade_volume,trade_amount,open_interest_change,bv1,bp1,ap1,av1,yesterday_close,today_open,today_high,today_low,volume,amount,open_interest
2023-05-10 19:12:58,TA401C5100,TA401C5100,416.5,0.0,0.0,0.0,0,0.0,0.0,0,416.5,0.0,0.0,0.0,0.0,0.0,34
2023-05-10 21:00:00,TA401C5100,TA401C5100,416.5,0.0,0.0,0.0,1,318.0,527.0,1,416.5,0.0,0.0,0.0,0.0,0.0,34
2023-05-10 21:01:10,TA401C5100,TA401C5100,416.5,0.0,0.0,0.0,5,426.0,527.0,1,416.5,0.0,0.0,0.0,0.0,0.0,34
2023-05-10 21:01:12,TA401C5100,TA401C5100,416.5,0.0,0.0,0.0,5,426.0,436.0,5,416.5,0.0,0.0,0.0,0.0,0.0,34
2023-05-10 21:01:29,TA401C5100,TA401C5100,416.5,0.0,0.0,0.0,5,426.0,433.5,5,416.5,0.0,0.0,0.0,0.0,0.0,34
2023-05-10 21:01:33,TA401C5100,TA401C5100,416.5,0.0,0.0,0.0,5,426.0,428.5,10,416.5,0.0,0.0,0.0,0.0,0.0,34
2023-05-10 21:01:33,TA401C5100,TA401C5100,416.5,0.0,0.0,0.0,1,318.0,428.5,10,416.5,0.0,0.0,0.0,0.0,0.0,34
2023-05-10 21:01:34,TA401C5100,TA401C5100,416.5,0.0,0.0,0.0,5,422.5,428.5,10,416.5,0.0,0.0,0.0,0.0,0.0,34
2023-05-10 21:02:07,TA401C5100,TA401C5100,416.5,0.0,0.0,0.0,1,370.0,428.5,10,416.5,0.0,0.0,0.0,0.0,0.0,34
2023-05-10 21:02:08,TA401C5100,TA401C5100,416.5,0.0,0.0,0.0,5,419.0,428.5,10,416.5,0.0,0.0,0.0,0.0,0.0,34
2023-05-10 21:02:13,TA401C5100,TA401C5100,416.5,0.0,0.0,0.0,5,419.0,428.5,15,416.5,0.0,0.0,0.0,0.0,0.0,34
2023-05-10 21:02:48,TA401C5100,TA401C5100,416.5,0.0,0.0,0.0,5,419.0,426.0,5,416.5,0.0,0.0,0.0,0.0,0.0,34
2023-05-10 21:03:02,TA401C5100,TA401C5100,416.5,0.0,0.0,0.0,5,416.0,426.0,5,416.5,0.0,0.0,0.0,0.0,0.0,34
2023-05-10 21:03:58,TA401C5100,TA401C5100,416.5,0.0,0.0,0.0,5,416.0,424.0,5,416.5,0.0,0.0,0.0,0.0,0.0,34
2023-05-10 21:05:04,TA401C5100,TA401C5100,416.5,0.0,0.0,0.0,5,418.0,424.0,5,416.5,0.0,0.0,0.0,0.0,0.0,34
2023-05-10 21:05:55,TA401C5100,TA401C5100,416.5,0.0,0.0,0.0,5,418.0,426.0,5,416.5,0.0,0.0,0.0,0.0,0.0,34
2023-05-10 21:05:57,TA401C5100,TA401C5100,416.5,0.0,0.0,0.0,5,420.0,426.0,5,416.5,0.0,0.0,0.0,0.0,0.0,34
2023-05-10 21:06:03,TA401C5100,TA401C5100,416.5,0.0,0.0,0.0,5,420.0,428.5,10,416.5,0.0,0.0,0.0,0.0,0.0,34
2023-05-10 21:06:09,TA401C5100,TA401C5100,416.5,0.0,0.0,0.0,5,422.0,428.5,10,416.5,0.0,0.0,0.0,0.0,0.0,34
2023-05-10 21:07:23,TA401C5100,TA401C5100,416.5,0.0,0.0,0.0,5,422.0,427.0,5,416.5,0.0,0.0,0.0,0.0,0.0,34
2023-05-10 21:07:25,TA401C5100,TA401C5100,416.5,0.0,0.0,0.0,5,420.0,427.0,5,416.5,0.0,0.0,0.0,0.0,0.0,34
2023-05-10 21:07:46,TA401C5100,TA401C5100,416.5,0.0,0.0,0.0,5,420.0,425.0,5,416.5,0.0,0.0,0.0,0.0,0.0,34
2023-05-10 21:08:50,TA401C5100,TA401C5100,416.5,0.0,0.0,0.0,5,417.5,425.0,5,416.5,0.0,0.0,0.0,0.0,0.0,34
2023-05-10 21:09:59,TA401C5100,TA401C5100,416.5,0.0,0.0,0.0,5,417.5,422.5,5,416.5,0.0,0.0,0.0,0.0,0.0,34
2023-05-10 21:10:00,TA401C5100,TA401C5100,416.5,0.0,0.0,0.0,1,370.0,422.5,5,416.5,0.0,0.0,0.0,0.0,0.0,34
2023-05-10 21:10:04,TA401C5100,TA401C5100,416.5,0.0,0.0,0.0,5,414.0,421.0,5,416.5,0.0,0.0,0.0,0.0,0.0,34
2023-05-10 21:10:43,TA401C5100,TA401C5100,416.5,0.0,0.0,0.0,5,414.0,419.0,5,416.5,0.0,0.0,0.0,0.0,0.0,34
2023-05-10 21:10:58,TA401C5100,TA401C5100,416.5,0.0,0.0,0.0,5,411.5,419.0,5,416.5,0.0,0.0,0.0,0.0,0.0,34
2023-05-10 21:11:08,TA401C5100,TA401C5100,416.5,0.0,0.0,0.0,5,413.0,419.0,5,416.5,0.0,0.0,0.0,0.0,0.0,34
2023-05-10 21:11:29,TA401C5100,TA401C5100,416.5,0.0,0.0,0.0,5,415.0,421.0,5,416.5,0.0,0.0,0.0,0.0,0.0,34
2023-05-10 21:12:02,TA401C5100,TA401C5100,416.5,0.0,0.0,0.0,5,413.0,419.5,5,416.5,0.0,0.0,0.0,0.0,0.0,34
2023-05-10 21:12:32,TA401C5100,TA401C5100,416.5,0.0,0.0,0.0,5,413.0,417.5,5,416.5,0.0,0.0,0.0,0.0,0.0,34
2023-05-10 21:12:46,TA401C5100,TA401C5100,416.5,0.0,0.0,0.0,1,370.0,417.5,5,416.5,0.0,0.0,0.0,0.0,0.0,34
2023-05-10 21:12:47,TA401C5100,TA401C5100,416.5,0.0,0.0,0.0,5,410.5,417.5,5,416.5,0.0,0.0,0.0,0.0,0.0,34
2023-05-10 21:13:14,TA401C5100,TA401C5100,416.5,0.0,0.0,0.0,5,412.5,417.5,5,416.5,0.0,0.0,0.0,0.0,0.0,34
2023-05-10 21:15:20,TA401C5100,TA401C5100,416.5,0.0,0.0,0.0,5,412.5,419.5,5,416.5,0.0,0.0,0.0,0.0,0.0,34
2023-05-10 21:15:29,TA401C5100,TA401C5100,416.5,0.0,0.0,0.0,5,412.5,418.0,5,416.5,0.0,0.0,0.0,0.0,0.0,34
2023-05-10 21:16:09,TA401C5100,TA401C5100,416.5,0.0,0.0,0.0,5,410.5,418.0,5,416.5,0.0,0.0,0.0,0.0,0.0,34
2023-05-10 21:16:11,TA401C5100,TA401C5100,416.5,0.0,0.0,0.0,5,410.5,415.5,5,416.5,0.0,0.0,0.0,0.0,0.0,34
2023-05-10 21:16:20,TA401C5100,TA401C5100,416.5,0.0,0.0,0.0,1,370.0,415.5,5,416.5,0.0,0.0,0.0,0.0,0.0,34
2023-05-10 21:16:23,TA401C5100,TA401C5100,416.5,0.0,0.0,0.0,1,370.0,414.0,5,416.5,0.0,0.0,0.0,0.0,0.0,34
2023-05-10 21:16:24,TA401C5100,TA401C5100,416.5,0.0,0.0,0.0,5,408.5,414.0,5,416.5,0.0,0.0,0.0,0.0,0.0,34
2023-05-10 21:17:05,TA401C5100,TA401C5100,416.5,0.0,0.0,0.0,1,370.0,414.0,5,416.5,0.0,0.0,0.0,0.0,0.0,34
2023-05-10 21:17:06,TA401C5100,TA401C5100,416.5,0.0,0.0,0.0,5,406.5,414.0,5,416.5,0.0,0.0,0.0,0.0,0.0,34
2023-05-10 21:17:09,TA401C5100,TA401C5100,416.5,0.0,0.0,0.0,5,406.5,412.5,5,416.5,0.0,0.0,0.0,0.0,0.0,34
2023-05-10 21:18:14,TA401C5100,TA401C5100,416.5,0.0,0.0,0.0,5,408.0,412.5,5,416.5,0.0,0.0,0.0,0.0,0.0,34
2023-05-10 21:18:23,TA401C5100,TA401C5100,416.5,0.0,0.0,0.0,5,406.5,412.5,5,416.5,0.0,0.0,0.0,0.0,0.0,34
2023-05-10 21:18:41,TA401C5100,TA401C5100,416.5,0.0,0.0,0.0,1,370.0,411.0,5,416.5,0.0,0.0,0.0,0.0,0.0,34
2023-05-10 21:18:42,TA401C5100,TA401C5100,416.5,0.0,0.0,0.0,5,405.5,411.0,5,416.5,0.0,0.0,0.0,0.0,0.0,34
2023-05-10 21:19:08,TA401C5100,TA401C5100,416.5,0.0,0.0,0.0,5,405.5,412.5,5,416.5,0.0,0.0,0.0,0.0,0.0,34
2023-05-10 21:19:09,TA401C5100,TA401C5100,416.5,0.0,0.0,0.0,5,407.5,412.5,5,416.5,0.0,0.0,0.0,0.0,0.0,34
2023-05-10 21:19:19,TA401C5100,TA401C5100,416.5,0.0,0.0,0.0,5,407.5,428.5,10,416.5,0.0,0.0,0.0,0.0,0.0,34
2023-05-10 21:19:20,TA401C5100,TA401C5100,416.5,0.0,0.0,0.0,5,407.5,414.5,5,416.5,0.0,0.0,0.0,0.0,0.0,34
2023-05-10 21:19:52,TA401C5100,TA401C5100,416.5,0.0,0.0,0.0,5,407.5,412.5,5,416.5,0.0,0.0,0.0,0.0,0.0,34
2023-05-10 21:20:16,TA401C5100,TA401C5100,416.5,0.0,0.0,0.0,5,407.5,414.5,5,416.5,0.0,0.0,0.0,0.0,0.0,34
2023-05-10 21:20:24,TA401C5100,TA401C5100,416.5,0.0,0.0,0.0,5,407.5,428.5,10,416.5,0.0,0.0,0.0,0.0,0.0,34
2023-05-10 21:20:28,TA401C5100,TA401C5100,416.5,0.0,0.0,0.0,5,407.5,416.0,5,416.5,0.0,0.0,0.0,0.0,0.0,34
2023-05-10 21:20:30,TA401C5100,TA401C5100,416.5,0.0,0.0,0.0,5,409.0,416.0,5,416.5,0.0,0.0,0.0,0.0,0.0,34
2023-05-10 21:20:56,TA401C5100,TA401C5100,416.5,0.0,0.0,0.0,5,409.0,414.0,5,416.5,0.0,0.0,0.0,0.0,0.0,34
2023-05-10 21:21:31,TA401C5100,TA401C5100,416.5,0.0,0.0,0.0,5,409.0,416.0,5,416.5,0.0,0.0,0.0,0.0,0.0,34
2023-05-10 21:21:33,TA401C5100,TA401C5100,416.5,0.0,0.0,0.0,5,410.5,416.0,5,416.5,0.0,0.0,0.0,0.0,0.0,34
2023-05-10 21:22:00,TA401C5100,TA401C5100,416.5,0.0,0.0,0.0,5,409.0,414.5,5,416.5,0.0,0.0,0.0,0.0,0.0,34
2023-05-10 21:23:25,TA401C5100,TA401C5100,416.5,0.0,0.0,0.0,5,410.5,416.0,5,416.5,0.0,0.0,0.0,0.0,0.0,34
2023-05-10 21:24:23,TA401C5100,TA401C5100,416.5,0.0,0.0,0.0,5,412.0,428.5,10,416.5,0.0,0.0,0.0,0.0,0.0,34
2023-05-10 21:24:24,TA401C5100,TA401C5100,416.5,0.0,0.0,0.0,5,412.0,418.5,5,416.5,0.0,0.0,0.0,0.0,0.0,34
2023-05-10 21:24:41,TA401C5100,TA401C5100,416.5,0.0,0.0,0.0,5,412.0,417.0,5,416.5,0.0,0.0,0.0,0.0,0.0,34
2023-05-10 21:24:43,TA401C5100,TA401C5100,416.5,0.0,0.0,0.0,5,410.5,417.0,5,416.5,0.0,0.0,0.0,0.0,0.0,34
2023-05-10 21:25:46,TA401C5100,TA401C5100,416.5,0.0,0.0,0.0,5,410.5,415.0,5,416.5,0.0,0.0,0.0,0.0,0.0,34
2023-05-10 21:27:07,TA401C5100,TA401C5100,416.5,0.0,0.0,0.0,5,408.0,415.0,5,416.5,0.0,0.0,0.0,0.0,0.0,34
2023-05-10 21:28:01,TA401C5100,TA401C5100,416.5,0.0,0.0,0.0,5,408.0,413.5,5,416.5,0.0,0.0,0.0,0.0,0.0,34
2023-05-10 21:28:27,TA401C5100,TA401C5100,416.5,0.0,0.0,0.0,5,409.5,415.0,5,416.5,0.0,0.0,0.0,0.0,0.0,34
2023-05-10 21:31:31,TA401C5100,TA401C5100,416.5,0.0,0.0,0.0,5,411.5,428.5,10,416.5,0.0,0.0,0.0,0.0,0.0,34
2023-05-10 21:31:32,TA401C5100,TA401C5100,416.5,0.0,0.0,0.0,5,411.5,417.5,5,416.5,0.0,0.0,0.0,0.0,0.0,34
2023-05-10 21:32:50,TA401C5100,TA401C5100,416.5,0.0,0.0,0.0,5,409.5,417.5,5,416.5,0.0,0.0,0.0,0.0,0.0,34
2023-05-10 21:32:51,TA401C5100,TA401C5100,416.5,0.0,0.0,0.0,5,409.5,416.0,5,416.5,0.0,0.0,0.0,0.0,0.0,34
2023-05-10 21:33:18,TA401C5100,TA401C5100,416.5,0.0,0.0,0.0,5,409.5,414.5,5,416.5,0.0,0.0,0.0,0.0,0.0,34
2023-05-10 21:35:06,TA401C5100,TA401C5100,416.5,0.0,0.0,0.0,5,409.5,416.0,5,416.5,0.0,0.0,0.0,0.0,0.0,34
2023-05-10 21:35:07,TA401C5100,TA401C5100,416.5,0.0,0.0,0.0,5,411.0,416.0,5,416.5,0.0,0.0,0.0,0.0,0.0,34
2023-05-10 21:35:43,TA401C5100,TA401C5100,416.5,0.0,0.0,0.0,5,411.0,428.5,10,416.5,0.0,0.0,0.0,0.0,0.0,34
2023-05-10 21:35:44,TA401C5100,TA401C5100,416.5,0.0,0.0,0.0,5,411.0,418.0,5,416.5,0.0,0.0,0.0,0.0,0.0,34
2023-05-10 21:36:03,TA401C5100,TA401C5100,416.5,0.0,0.0,0.0,5,411.0,416.5,5,416.5,0.0,0.0,0.0,0.0,0.0,34
2023-05-10 21:36:11,TA401C5100,TA401C5100,416.5,0.0,0.0,0.0,5,409.5,415.0,5,416.5,0.0,0.0,0.0,0.0,0.0,34
2023-05-10 21:37:10,TA401C5100,TA401C5100,416.5,0.0,0.0,0.0,5,411.0,416.5,5,416.5,0.0,0.0,0.0,0.0,0.0,34
2023-05-10 21:38:00,TA401C5100,TA401C5100,416.5,0.0,0.0,0.0,5,411.0,415.0,5,416.5,0.0,0.0,0.0,0.0,0.0,34
2023-05-10 21:38:00,TA401C5100,TA401C5100,416.5,0.0,0.0,0.0,5,409.5,415.0,5,416.5,0.0,0.0,0.0,0.0,0.0,34
2023-05-10 21:38:06,TA401C5100,TA401C5100,416.5,0.0,0.0,0.0,1,370.0,415.0,5,416.5,0.0,0.0,0.0,0.0,0.0,34
2023-05-10 21:38:08,TA401C5100,TA401C5100,416.5,0.0,0.0,0.0,5,407.0,415.0,5,416.5,0.0,0.0,0.0,0.0,0.0,34
2023-05-10 21:38:12,TA401C5100,TA401C5100,416.5,0.0,0.0,0.0,5,407.0,413.0,5,416.5,0.0,0.0,0.0,0.0,0.0,34
2023-05-10 21:38:24,TA401C5100,TA401C5100,416.5,0.0,0.0,0.0,5,408.5,413.0,5,416.5,0.0,0.0,0.0,0.0,0.0,34
2023-05-10 21:38:31,TA401C5100,TA401C5100,416.5,0.0,0.0,0.0,5,407.0,413.0,5,416.5,0.0,0.0,0.0,0.0,0.0,34
2023-05-10 21:39:23,TA401C5100,TA401C5100,416.5,0.0,0.0,0.0,5,407.0,411.5,5,416.5,0.0,0.0,0.0,0.0,0.0,34
2023-05-10 21:39:47,TA401C5100,TA401C5100,416.5,0.0,0.0,0.0,1,370.0,411.5,5,416.5,0.0,0.0,0.0,0.0,0.0,34
2023-05-10 21:39:48,TA401C5100,TA401C5100,416.5,0.0,0.0,0.0,5,404.5,411.5,5,416.5,0.0,0.0,0.0,0.0,0.0,34
2023-05-10 21:39:56,TA401C5100,TA401C5100,416.5,0.0,0.0,0.0,5,404.5,410.0,5,416.5,0.0,0.0,0.0,0.0,0.0,34
2023-05-10 21:40:04,TA401C5100,TA401C5100,416.5,0.0,0.0,0.0,5,406.0,411.5,5,416.5,0.0,0.0,0.0,0.0,0.0,34
2023-05-10 21:40:54,TA401C5100,TA401C5100,416.5,0.0,0.0,0.0,5,407.5,411.5,5,416.5,0.0,0.0,0.0,0.0,0.0,34
2023-05-10 21:40:55,TA401C5100,TA401C5100,416.5,0.0,0.0,0.0,5,407.5,414.0,5,416.5,0.0,0.0,0.0,0.0,0.0,34
2023-05-10 21:41:23,TA401C5100,TA401C5100,416.5,0.0,0.0,0.0,5,407.5,412.5,5,416.5,0.0,0.0,0.0,0.0,0.0,34
2023-05-10 21:41:26,TA401C5100,TA401C5100,416.5,0.0,0.0,0.0,5,406.0,412.5,5,416.5,0.0,0.0,0.0,0.0,0.0,34
2023-05-10 21:41:33,TA401C5100,TA401C5100,416.5,0.0,0.0,0.0,5,406.0,411.0,5,416.5,0.0,0.0,0.0,0.0,0.0,34
2023-05-10 21:42:45,TA401C5100,TA401C5100,416.5,0.0,0.0,0.0,1,370.0,411.0,5,416.5,0.0,0.0,0.0,0.0,0.0,34
2023-05-10 21:42:46,TA401C5100,TA401C5100,416.5,0.0,0.0,0.0,5,404.0,411.0,5,416.5,0.0,0.0,0.0,0.0,0.0,34
2023-05-10 21:42:51,TA401C5100,TA401C5100,416.5,0.0,0.0,0.0,5,404.0,409.5,5,416.5,0.0,0.0,0.0,0.0,0.0,34
2023-05-10 21:44:04,TA401C5100,TA401C5100,416.5,0.0,0.0,0.0,5,405.5,411.0,5,416.5,0.0,0.0,0.0,0.0,0.0,34
2023-05-10 21:44:49,TA401C5100,TA401C5100,416.5,0.0,0.0,0.0,5,407.0,428.5,10,416.5,0.0,0.0,0.0,0.0,0.0,34
2023-05-10 21:44:50,TA401C5100,TA401C5100,416.5,0.0,0.0,0.0,5,407.0,413.0,5,416.5,0.0,0.0,0.0,0.0,0.0,34
2023-05-10 21:44:58,TA401C5100,TA401C5100,416.5,0.0,0.0,0.0,5,407.0,411.5,5,416.5,0.0,0.0,0.0,0.0,0.0,34
2023-05-10 21:45:14,TA401C5100,TA401C5100,416.5,0.0,0.0,0.0,5,407.0,413.0,5,416.5,0.0,0.0,0.0,0.0,0.0,34
2023-05-10 21:47:25,TA401C5100,TA401C5100,416.5,0.0,0.0,0.0,5,407.0,411.5,5,416.5,0.0,0.0,0.0,0.0,0.0,34
2023-05-10 21:47:34,TA401C5100,TA401C5100,416.5,0.0,0.0,0.0,5,405.5,411.5,5,416.5,0.0,0.0,0.0,0.0,0.0,34
2023-05-10 21:48:03,TA401C5100,TA401C5100,416.5,0.0,0.0,0.0,5,405.5,410.0,5,416.5,0.0,0.0,0.0,0.0,0.0,34
2023-05-10 21:48:05,TA401C5100,TA401C5100,416.5,0.0,0.0,0.0,5,403.0,410.0,5,416.5,0.0,0.0,0.0,0.0,0.0,34
2023-05-10 21:48:20,TA401C5100,TA401C5100,416.5,0.0,0.0,0.0,5,403.0,408.5,5,416.5,0.0,0.0,0.0,0.0,0.0,34
2023-05-10 21:48:39,TA401C5100,TA401C5100,416.5,0.0,0.0,0.0,1,370.0,408.5,5,416.5,0.0,0.0,0.0,0.0,0.0,34
2023-05-10 21:48:40,TA401C5100,TA401C5100,416.5,0.0,0.0,0.0,1,370.0,407.0,5,416.5,0.0,0.0,0.0,0.0,0.0,34
2023-05-10 21:48:43,TA401C5100,TA401C5100,416.5,0.0,0.0,0.0,5,400.5,407.0,5,416.5,0.0,0.0,0.0,0.0,0.0,34
2023-05-10 21:48:54,TA401C5100,TA401C5100,416.5,0.0,0.0,0.0,5,400.5,405.5,5,416.5,0.0,0.0,0.0,0.0,0.0,34
2023-05-10 21:49:19,TA401C5100,TA401C5100,416.5,0.0,0.0,0.0,5,400.5,407.0,5,416.5,0.0,0.0,0.0,0.0,0.0,34
2023-05-10 21:49:20,TA401C5100,TA401C5100,416.5,0.0,0.0,0.0,5,402.0,407.0,5,416.5,0.0,0.0,0.0,0.0,0.0,34
2023-05-10 21:50:00,TA401C5100,TA401C5100,416.5,0.0,0.0,0.0,5,402.0,409.5,5,416.5,0.0,0.0,0.0,0.0,0.0,34
2023-05-10 21:50:04,TA401C5100,TA401C5100,416.5,0.0,0.0,0.0,5,403.5,409.5,5,416.5,0.0,0.0,0.0,0.0,0.0,34
2023-05-10 21:51:28,TA401C5100,TA401C5100,416.5,0.0,0.0,0.0,5,405.0,409.5,5,416.5,0.0,0.0,0.0,0.0,0.0,34
2023-05-10 21:51:39,TA401C5100,TA401C5100,416.5,0.0,0.0,0.0,5,405.0,412.0,5,416.5,0.0,0.0,0.0,0.0,0.0,34
2023-05-10 21:52:02,TA401C5100,TA401C5100,416.5,0.0,0.0,0.0,5,405.0,410.5,5,416.5,0.0,0.0,0.0,0.0,0.0,34
2023-05-10 21:53:17,TA401C5100,TA401C5100,416.5,0.0,0.0,0.0,5,403.5,409.0,5,416.5,0.0,0.0,0.0,0.0,0.0,34
2023-05-10 21:53:25,TA401C5100,TA401C5100,416.5,0.0,0.0,0.0,1,370.0,409.0,5,416.5,0.0,0.0,0.0,0.0,0.0,34
2023-05-10 21:53:26,TA401C5100,TA401C5100,416.5,0.0,0.0,0.0,5,401.5,409.0,5,416.5,0.0,0.0,0.0,0.0,0.0,34
2023-05-10 21:53:57,TA401C5100,TA401C5100,416.5,0.0,0.0,0.0,5,401.5,407.5,5,416.5,0.0,0.0,0.0,0.0,0.0,34
2023-05-10 21:54:05,TA401C5100,TA401C5100,416.5,0.0,0.0,0.0,1,370.0,407.5,5,416.5,0.0,0.0,0.0,0.0,0.0,34
2023-05-10 21:54:05,TA401C5100,TA401C5100,416.5,0.0,0.0,0.0,1,370.0,405.0,5,416.5,0.0,0.0,0.0,0.0,0.0,34
2023-05-10 21:54:09,TA401C5100,TA401C5100,416.5,0.0,0.0,0.0,5,398.5,405.0,5,416.5,0.0,0.0,0.0,0.0,0.0,34
2023-05-10 21:54:27,TA401C5100,TA401C5100,416.5,0.0,0.0,0.0,5,398.5,403.5,5,416.5,0.0,0.0,0.0,0.0,0.0,34
2023-05-10 21:55:22,TA401C5100,TA401C5100,416.5,0.0,0.0,0.0,5,398.5,405.0,5,416.5,0.0,0.0,0.0,0.0,0.0,34
2023-05-10 21:55:23,TA401C5100,TA401C5100,416.5,0.0,0.0,0.0,5,400.0,405.0,5,416.5,0.0,0.0,0.0,0.0,0.0,34
2023-05-10 21:56:00,TA401C5100,TA401C5100,416.5,0.0,0.0,0.0,5,400.0,428.5,10,416.5,0.0,0.0,0.0,0.0,0.0,34
2023-05-10 21:56:03,TA401C5100,TA401C5100,416.5,0.0,0.0,0.0,5,400.0,407.5,5,416.5,0.0,0.0,0.0,0.0,0.0,34
2023-05-10 21:56:05,TA401C5100,TA401C5100,416.5,0.0,0.0,0.0,5,401.5,407.5,5,416.5,0.0,0.0,0.0,0.0,0.0,34
2023-05-10 21:58:16,TA401C5100,TA401C5100,416.5,0.0,0.0,0.0,5,401.5,406.0,5,416.5,0.0,0.0,0.0,0.0,0.0,34
2023-05-10 21:58:18,TA401C5100,TA401C5100,416.5,0.0,0.0,0.0,5,400.0,406.0,5,416.5,0.0,0.0,0.0,0.0,0.0,34
2023-05-10 21:59:06,TA401C5100,TA401C5100,416.5,0.0,0.0,0.0,5,400.0,404.5,5,416.5,0.0,0.0,0.0,0.0,0.0,34
2023-05-10 21:59:06,TA401C5100,TA401C5100,416.5,0.0,0.0,0.0,1,370.0,404.5,5,416.5,0.0,0.0,0.0,0.0,0.0,34
2023-05-10 21:59:07,TA401C5100,TA401C5100,416.5,0.0,0.0,0.0,5,398.0,404.5,5,416.5,0.0,0.0,0.0,0.0,0.0,34
2023-05-10 22:00:04,TA401C5100,TA401C5100,416.5,0.0,0.0,0.0,5,400.0,404.5,5,416.5,0.0,0.0,0.0,0.0,0.0,34
2023-05-10 22:00:05,TA401C5100,TA401C5100,416.5,0.0,0.0,0.0,5,400.0,406.0,5,416.5,0.0,0.0,0.0,0.0,0.0,34
2023-05-10 22:00:11,TA401C5100,TA401C5100,416.5,0.0,0.0,0.0,5,401.5,406.0,5,416.5,0.0,0.0,0.0,0.0,0.0,34
2023-05-10 22:00:25,TA401C5100,TA401C5100,416.5,0.0,0.0,0.0,5,401.5,408.5,5,416.5,0.0,0.0,0.0,0.0,0.0,34
2023-05-10 22:00:29,TA401C5100,TA401C5100,416.5,0.0,0.0,0.0,5,403.0,408.5,5,416.5,0.0,0.0,0.0,0.0,0.0,34
2023-05-10 22:01:03,TA401C5100,TA401C5100,416.5,0.0,0.0,0.0,5,401.5,408.5,5,416.5,0.0,0.0,0.0,0.0,0.0,34
2023-05-10 22:01:04,TA401C5100,TA401C5100,416.5,0.0,0.0,0.0,5,401.5,407.0,5,416.5,0.0,0.0,0.0,0.0,0.0,34
2023-05-10 22:01:22,TA401C5100,TA401C5100,416.5,0.0,0.0,0.0,5,401.5,408.5,5,416.5,0.0,0.0,0.0,0.0,0.0,34
2023-05-10 22:01:24,TA401C5100,TA401C5100,416.5,0.0,0.0,0.0,5,403.0,408.5,5,416.5,0.0,0.0,0.0,0.0,0.0,34
2023-05-10 22:02:55,TA401C5100,TA401C5100,416.5,0.0,0.0,0.0,5,404.5,428.5,10,416.5,0.0,0.0,0.0,0.0,0.0,34
2023-05-10 22:02:56,TA401C5100,TA401C5100,416.5,0.0,0.0,0.0,5,404.5,411.0,5,416.5,0.0,0.0,0.0,0.0,0.0,34
2023-05-10 22:03:00,TA401C5100,TA401C5100,416.5,0.0,0.0,0.0,5,404.5,409.5,5,416.5,0.0,0.0,0.0,0.0,0.0,34
2023-05-10 22:03:07,TA401C5100,TA401C5100,416.5,0.0,0.0,0.0,5,403.0,409.5,5,416.5,0.0,0.0,0.0,0.0,0.0,34
2023-05-10 22:03:38,TA401C5100,TA401C5100,416.5,0.0,0.0,0.0,5,403.0,408.0,5,416.5,0.0,0.0,0.0,0.0,0.0,34
2023-05-10 22:05:14,TA401C5100,TA401C5100,416.5,0.0,0.0,0.0,5,400.5,408.0,5,416.5,0.0,0.0,0.0,0.0,0.0,34
2023-05-10 22:05:19,TA401C5100,TA401C5100,416.5,0.0,0.0,0.0,5,402.0,408.0,5,416.5,0.0,0.0,0.0,0.0,0.0,34
2023-05-10 22:06:28,TA401C5100,TA401C5100,416.5,0.0,0.0,0.0,5,402.0,409.5,5,416.5,0.0,0.0,0.0,0.0,0.0,34
2023-05-10 22:06:37,TA401C5100,TA401C5100,416.5,0.0,0.0,0.0,5,403.5,409.5,5,416.5,0.0,0.0,0.0,0.0,0.0,34
2023-05-10 22:07:22,TA401C5100,TA401C5100,416.5,0.0,0.0,0.0,5,405.0,409.5,5,416.5,0.0,0.0,0.0,0.0,0.0,34
2023-05-10 22:08:02,TA401C5100,TA401C5100,416.5,0.0,0.0,0.0,5,405.0,412.0,5,416.5,0.0,0.0,0.0,0.0,0.0,34
2023-05-10 22:08:23,TA401C5100,TA401C5100,416.5,0.0,0.0,0.0,5,405.0,410.5,5,416.5,0.0,0.0,0.0,0.0,0.0,34
2023-05-10 22:08:58,TA401C5100,TA401C5100,416.5,0.0,0.0,0.0,5,403.5,409.0,5,416.5,0.0,0.0,0.0,0.0,0.0,34
2023-05-10 22:09:48,TA401C5100,TA401C5100,416.5,0.0,0.0,0.0,1,302.5,409.0,5,416.5,0.0,0.0,0.0,0.0,0.0,34
2023-05-10 22:09:49,TA401C5100,TA401C5100,416.5,0.0,0.0,0.0,2,309.0,409.0,5,416.5,0.0,0.0,0.0,0.0,0.0,34
2023-05-10 22:09:49,TA401C5100,TA401C5100,416.5,0.0,0.0,0.0,1,354.5,409.0,5,416.5,0.0,0.0,0.0,0.0,0.0,34
2023-05-10 22:09:50,TA401C5100,TA401C5100,416.5,0.0,0.0,0.0,5,400.5,407.0,5,416.5,0.0,0.0,0.0,0.0,0.0,34
2023-05-10 22:09:54,TA401C5100,TA401C5100,416.5,0.0,0.0,0.0,5,400.5,405.0,5,416.5,0.0,0.0,0.0,0.0,0.0,34
2023-05-10 22:09:56,TA401C5100,TA401C5100,416.5,0.0,0.0,0.0,1,354.5,405.0,5,416.5,0.0,0.0,0.0,0.0,0.0,34
2023-05-10 22:10:00,TA401C5100,TA401C5100,416.5,0.0,0.0,0.0,5,397.5,405.0,5,416.5,0.0,0.0,0.0,0.0,0.0,34
2023-05-10 22:10:04,TA401C5100,TA401C5100,416.5,0.0,0.0,0.0,5,397.5,402.5,5,416.5,0.0,0.0,0.0,0.0,0.0,34
2023-05-10 22:10:06,TA401C5100,TA401C5100,416.5,0.0,0.0,0.0,1,354.5,402.5,5,416.5,0.0,0.0,0.0,0.0,0.0,34
2023-05-10 22:10:08,TA401C5100,TA401C5100,416.5,0.0,0.0,0.0,1,354.5,399.5,5,416.5,0.0,0.0,0.0,0.0,0.0,34
2023-05-10 22:10:09,TA401C5100,TA401C5100,416.5,0.0,0.0,0.0,5,393.0,399.5,5,416.5,0.0,0.0,0.0,0.0,0.0,34
2023-05-10 22:10:21,TA401C5100,TA401C5100,416.5,0.0,0.0,0.0,5,395.0,399.5,5,416.5,0.0,0.0,0.0,0.0,0.0,34
2023-05-10 22:10:27,TA401C5100,TA401C5100,416.5,0.0,0.0,0.0,5,395.0,402.5,5,416.5,0.0,0.0,0.0,0.0,0.0,34
2023-05-10 22:10:32,TA401C5100,TA401C5100,416.5,0.0,0.0,0.0,5,395.0,401.0,5,416.5,0.0,0.0,0.0,0.0,0.0,34
2023-05-10 22:11:17,TA401C5100,TA401C5100,416.5,0.0,0.0,0.0,5,396.5,401.0,5,416.5,0.0,0.0,0.0,0.0,0.0,34
2023-05-10 22:11:21,TA401C5100,TA401C5100,416.5,0.0,0.0,0.0,5,396.5,402.5,5,416.5,0.0,0.0,0.0,0.0,0.0,34
2023-05-10 22:11:25,TA401C5100,TA401C5100,416.5,0.0,0.0,0.0,5,398.5,428.5,10,416.5,0.0,0.0,0.0,0.0,0.0,34
2023-05-10 22:11:27,TA401C5100,TA401C5100,416.5,0.0,0.0,0.0,5,398.5,404.0,5,416.5,0.0,0.0,0.0,0.0,0.0,34
2023-05-10 22:11:34,TA401C5100,TA401C5100,416.5,0.0,0.0,0.0,5,396.5,404.0,5,416.5,0.0,0.0,0.0,0.0,0.0,34
2023-05-10 22:11:35,TA401C5100,TA401C5100,416.5,0.0,0.0,0.0,5,396.5,402.5,5,416.5,0.0,0.0,0.0,0.0,0.0,34
2023-05-10 22:12:10,TA401C5100,TA401C5100,416.5,0.0,0.0,0.0,5,396.5,401.0,5,416.5,0.0,0.0,0.0,0.0,0.0,34
2023-05-10 22:12:18,TA401C5100,TA401C5100,416.5,0.0,0.0,0.0,1,354.5,401.0,5,416.5,0.0,0.0,0.0,0.0,0.0,34
2023-05-10 22:12:19,TA401C5100,TA401C5100,416.5,0.0,0.0,0.0,5,394.5,401.0,5,416.5,0.0,0.0,0.0,0.0,0.0,34
2023-05-10 22:12:33,TA401C5100,TA401C5100,416.5,0.0,0.0,0.0,5,396.0,401.0,5,416.5,0.0,0.0,0.0,0.0,0.0,34
2023-05-10 22:12:39,TA401C5100,TA401C5100,416.5,0.0,0.0,0.0,5,396.0,402.5,5,416.5,0.0,0.0,0.0,0.0,0.0,34
2023-05-10 22:12:53,TA401C5100,TA401C5100,416.5,0.0,0.0,0.0,5,397.5,402.5,5,416.5,0.0,0.0,0.0,0.0,0.0,34
2023-05-10 22:13:09,TA401C5100,TA401C5100,416.5,0.0,0.0,0.0,5,396.0,402.5,5,416.5,0.0,0.0,0.0,0.0,0.0,34
2023-05-10 22:15:06,TA401C5100,TA401C5100,416.5,0.0,0.0,0.0,5,397.5,402.5,5,416.5,0.0,0.0,0.0,0.0,0.0,34
2023-05-10 22:15:15,TA401C5100,TA401C5100,416.5,0.0,0.0,0.0,5,397.5,405.0,5,416.5,0.0,0.0,0.0,0.0,0.0,34
2023-05-10 22:15:25,TA401C5100,TA401C5100,416.5,0.0,0.0,0.0,5,397.5,403.5,5,416.5,0.0,0.0,0.0,0.0,0.0,34
2023-05-10 22:16:02,TA401C5100,TA401C5100,416.5,0.0,0.0,0.0,5,397.5,402.0,5,416.5,0.0,0.0,0.0,0.0,0.0,34
2023-05-10 22:16:05,TA401C5100,TA401C5100,416.5,0.0,0.0,0.0,5,396.0,402.0,5,416.5,0.0,0.0,0.0,0.0,0.0,34
2023-05-10 22:16:25,TA401C5100,TA401C5100,416.5,0.0,0.0,0.0,1,354.5,400.5,5,416.5,0.0,0.0,0.0,0.0,0.0,34
2023-05-10 22:16:26,TA401C5100,TA401C5100,416.5,0.0,0.0,0.0,5,393.5,400.5,5,416.5,0.0,0.0,0.0,0.0,0.0,34
2023-05-10 22:16:30,TA401C5100,TA401C5100,416.5,0.0,0.0,0.0,5,393.5,399.0,5,416.5,0.0,0.0,0.0,0.0,0.0,34
2023-05-10 22:16:32,TA401C5100,TA401C5100,416.5,0.0,0.0,0.0,1,354.5,399.0,5,416.5,0.0,0.0,0.0,0.0,0.0,34
2023-05-10 22:16:34,TA401C5100,TA401C5100,416.5,0.0,0.0,0.0,5,391.5,399.0,5,416.5,0.0,0.0,0.0,0.0,0.0,34
2023-05-10 22:16:38,TA401C5100,TA401C5100,416.5,0.0,0.0,0.0,5,393.0,399.0,5,416.5,0.0,0.0,0.0,0.0,0.0,34
2023-05-10 22:18:13,TA401C5100,TA401C5100,416.5,0.0,0.0,0.0,5,393.0,397.5,5,416.5,0.0,0.0,0.0,0.0,0.0,34
2023-05-10 22:18:18,TA401C5100,TA401C5100,416.5,0.0,0.0,0.0,5,391.5,397.5,5,416.5,0.0,0.0,0.0,0.0,0.0,34
2023-05-10 22:18:26,TA401C5100,TA401C5100,416.5,0.0,0.0,0.0,1,354.5,395.5,5,416.5,0.0,0.0,0.0,0.0,0.0,34
2023-05-10 22:18:27,TA401C5100,TA401C5100,416.5,0.0,0.0,0.0,5,389.5,395.5,5,416.5,0.0,0.0,0.0,0.0,0.0,34
2023-05-10 22:18:58,TA401C5100,TA401C5100,416.5,0.0,0.0,0.0,5,391.0,397.5,5,416.5,0.0,0.0,0.0,0.0,0.0,34
2023-05-10 22:19:04,TA401C5100,TA401C5100,416.5,0.0,0.0,0.0,5,392.5,397.5,5,416.5,0.0,0.0,0.0,0.0,0.0,34
2023-05-10 22:19:40,TA401C5100,TA401C5100,416.5,0.0,0.0,0.0,5,391.0,397.5,5,416.5,0.0,0.0,0.0,0.0,0.0,34
2023-05-10 22:20:28,TA401C5100,TA401C5100,416.5,0.0,0.0,0.0,5,392.5,397.5,5,416.5,0.0,0.0,0.0,0.0,0.0,34
2023-05-10 22:21:15,TA401C5100,TA401C5100,416.5,0.0,0.0,0.0,5,392.5,428.5,10,416.5,0.0,0.0,0.0,0.0,0.0,34
2023-05-10 22:21:16,TA401C5100,TA401C5100,416.5,0.0,0.0,0.0,5,392.5,399.5,5,416.5,0.0,0.0,0.0,0.0,0.0,34
2023-05-10 22:23:14,TA401C5100,TA401C5100,416.5,0.0,0.0,0.0,5,392.5,397.5,5,416.5,0.0,0.0,0.0,0.0,0.0,34
2023-05-10 22:23:54,TA401C5100,TA401C5100,416.5,0.0,0.0,0.0,5,392.5,399.5,5,416.5,0.0,0.0,0.0,0.0,0.0,34
2023-05-10 22:24:05,TA401C5100,TA401C5100,416.5,0.0,0.0,0.0,5,394.5,399.5,5,416.5,0.0,0.0,0.0,0.0,0.0,34
2023-05-10 22:25:17,TA401C5100,TA401C5100,416.5,0.0,0.0,0.0,5,394.5,428.5,10,416.5,0.0,0.0,0.0,0.0,0.0,34
2023-05-10 22:25:18,TA401C5100,TA401C5100,416.5,0.0,0.0,0.0,5,394.5,402.0,5,416.5,0.0,0.0,0.0,0.0,0.0,34
2023-05-10 22:26:14,TA401C5100,TA401C5100,416.5,0.0,0.0,0.0,5,394.5,400.5,5,416.5,0.0,0.0,0.0,0.0,0.0,34
2023-05-10 22:27:24,TA401C5100,TA401C5100,416.5,0.0,0.0,0.0,5,396.0,400.5,5,416.5,0.0,0.0,0.0,0.0,0.0,34
2023-05-10 22:27:25,TA401C5100,TA401C5100,416.5,0.0,0.0,0.0,5,396.0,402.0,5,416.5,0.0,0.0,0.0,0.0,0.0,34
2023-05-10 22:29:23,TA401C5100,TA401C5100,416.5,0.0,0.0,0.0,5,396.0,400.5,5,416.5,0.0,0.0,0.0,0.0,0.0,34
2023-05-10 22:29:31,TA401C5100,TA401C5100,416.5,0.0,0.0,0.0,5,394.5,400.5,5,416.5,0.0,0.0,0.0,0.0,0.0,34
2023-05-10 22:30:01,TA401C5100,TA401C5100,416.5,0.0,0.0,0.0,5,396.5,402.0,5,416.5,0.0,0.0,0.0,0.0,0.0,34
2023-05-10 22:30:03,TA401C5100,TA401C5100,416.5,0.0,0.0,0.0,5,396.5,428.5,10,416.5,0.0,0.0,0.0,0.0,0.0,34
2023-05-10 22:30:05,TA401C5100,TA401C5100,416.5,0.0,0.0,0.0,5,398.0,428.5,10,416.5,0.0,0.0,0.0,0.0,0.0,34
2023-05-10 22:30:07,TA401C5100,TA401C5100,416.5,0.0,0.0,0.0,5,398.0,403.5,5,416.5,0.0,0.0,0.0,0.0,0.0,34
2023-05-10 22:30:31,TA401C5100,TA401C5100,416.5,0.0,0.0,0.0,5,398.0,428.5,10,416.5,0.0,0.0,0.0,0.0,0.0,34
2023-05-10 22:30:32,TA401C5100,TA401C5100,416.5,0.0,0.0,0.0,5,398.0,405.0,5,416.5,0.0,0.0,0.0,0.0,0.0,34
2023-05-10 22:30:36,TA401C5100,TA401C5100,416.5,0.0,0.0,0.0,5,399.5,405.0,5,416.5,0.0,0.0,0.0,0.0,0.0,34
2023-05-10 22:30:51,TA401C5100,TA401C5100,416.5,0.0,0.0,0.0,5,399.5,428.5,10,416.5,0.0,0.0,0.0,0.0,0.0,34
2023-05-10 22:30:52,TA401C5100,TA401C5100,416.5,0.0,0.0,0.0,5,399.5,407.5,5,416.5,0.0,0.0,0.0,0.0,0.0,34
2023-05-10 22:31:00,TA401C5100,TA401C5100,416.5,0.0,0.0,0.0,5,399.5,406.0,5,416.5,0.0,0.0,0.0,0.0,0.0,34
2023-05-10 22:31:10,TA401C5100,TA401C5100,416.5,0.0,0.0,0.0,5,399.5,404.5,5,416.5,0.0,0.0,0.0,0.0,0.0,34
2023-05-10 22:31:25,TA401C5100,TA401C5100,416.5,0.0,0.0,0.0,5,398.0,404.5,5,416.5,0.0,0.0,0.0,0.0,0.0,34
2023-05-10 22:31:44,TA401C5100,TA401C5100,416.5,0.0,0.0,0.0,5,398.0,402.5,5,416.5,0.0,0.0,0.0,0.0,0.0,34
2023-05-10 22:32:01,TA401C5100,TA401C5100,416.5,0.0,0.0,0.0,5,398.0,404.5,5,416.5,0.0,0.0,0.0,0.0,0.0,34
2023-05-10 22:33:15,TA401C5100,TA401C5100,416.5,0.0,0.0,0.0,5,400.0,404.5,5,416.5,0.0,0.0,0.0,0.0,0.0,34
2023-05-10 22:33:17,TA401C5100,TA401C5100,416.5,0.0,0.0,0.0,5,400.0,428.5,10,416.5,0.0,0.0,0.0,0.0,0.0,34
2023-05-10 22:33:18,TA401C5100,TA401C5100,416.5,0.0,0.0,0.0,5,400.0,407.0,5,416.5,0.0,0.0,0.0,0.0,0.0,34
2023-05-10 22:33:31,TA401C5100,TA401C5100,416.5,0.0,0.0,0.0,5,400.0,405.5,5,416.5,0.0,0.0,0.0,0.0,0.0,34
2023-05-10 22:33:47,TA401C5100,TA401C5100,416.5,0.0,0.0,0.0,5,398.0,405.5,5,416.5,0.0,0.0,0.0,0.0,0.0,34
2023-05-10 22:33:47,TA401C5100,TA401C5100,416.5,0.0,0.0,0.0,5,398.0,404.0,5,416.5,0.0,0.0,0.0,0.0,0.0,34
2023-05-10 22:33:54,TA401C5100,TA401C5100,416.5,0.0,0.0,0.0,1,354.5,404.0,5,416.5,0.0,0.0,0.0,0.0,0.0,34
2023-05-10 22:33:56,TA401C5100,TA401C5100,416.5,0.0,0.0,0.0,1,354.5,400.5,5,416.5,0.0,0.0,0.0,0.0,0.0,34
2023-05-10 22:34:00,TA401C5100,TA401C5100,416.5,0.0,0.0,0.0,5,394.5,400.5,5,416.5,0.0,0.0,0.0,0.0,0.0,34
2023-05-10 22:34:13,TA401C5100,TA401C5100,416.5,0.0,0.0,0.0,5,394.5,399.0,5,416.5,0.0,0.0,0.0,0.0,0.0,34
2023-05-10 22:34:14,TA401C5100,TA401C5100,416.5,0.0,0.0,0.0,1,354.5,399.0,5,416.5,0.0,0.0,0.0,0.0,0.0,34
2023-05-10 22:34:15,TA401C5100,TA401C5100,416.5,0.0,0.0,0.0,5,392.0,399.0,5,416.5,0.0,0.0,0.0,0.0,0.0,34
2023-05-10 22:34:36,TA401C5100,TA401C5100,416.5,0.0,0.0,0.0,5,394.0,399.0,5,416.5,0.0,0.0,0.0,0.0,0.0,34
2023-05-10 22:34:43,TA401C5100,TA401C5100,416.5,0.0,0.0,0.0,5,394.0,400.5,5,416.5,0.0,0.0,0.0,0.0,0.0,34
2023-05-10 22:34:48,TA401C5100,TA401C5100,416.5,0.0,0.0,0.0,5,396.0,400.5,5,416.5,0.0,0.0,0.0,0.0,0.0,34
2023-05-10 22:34:48,TA401C5100,TA401C5100,416.5,0.0,0.0,0.0,5,396.0,428.5,10,416.5,0.0,0.0,0.0,0.0,0.0,34
2023-05-10 22:34:49,TA401C5100,TA401C5100,416.5,0.0,0.0,0.0,5,396.0,402.0,5,416.5,0.0,0.0,0.0,0.0,0.0,34
2023-05-10 22:34:54,TA401C5100,TA401C5100,416.5,0.0,0.0,0.0,5,396.0,428.5,10,416.5,0.0,0.0,0.0,0.0,0.0,34
2023-05-10 22:34:55,TA401C5100,TA401C5100,416.5,0.0,0.0,0.0,5,396.0,404.5,5,416.5,0.0,0.0,0.0,0.0,0.0,34
2023-05-10 22:34:57,TA401C5100,TA401C5100,416.5,0.0,0.0,0.0,5,398.0,404.5,5,416.5,0.0,0.0,0.0,0.0,0.0,34
2023-05-10 22:36:24,TA401C5100,TA401C5100,416.5,0.0,0.0,0.0,5,400.0,404.5,5,416.5,0.0,0.0,0.0,0.0,0.0,34
2023-05-10 22:36:36,TA401C5100,TA401C5100,416.5,0.0,0.0,0.0,5,400.0,428.5,10,416.5,0.0,0.0,0.0,0.0,0.0,34
2023-05-10 22:36:39,TA401C5100,TA401C5100,416.5,0.0,0.0,0.0,5,400.0,407.0,5,416.5,0.0,0.0,0.0,0.0,0.0,34
2023-05-10 22:36:59,TA401C5100,TA401C5100,416.5,0.0,0.0,0.0,5,400.0,405.5,5,416.5,0.0,0.0,0.0,0.0,0.0,34
2023-05-10 22:37:02,TA401C5100,TA401C5100,416.5,0.0,0.0,0.0,5,398.0,405.5,5,416.5,0.0,0.0,0.0,0.0,0.0,34
2023-05-10 22:37:10,TA401C5100,TA401C5100,416.5,0.0,0.0,0.0,5,399.5,405.5,5,416.5,0.0,0.0,0.0,0.0,0.0,34
2023-05-10 22:37:14,TA401C5100,TA401C5100,416.5,0.0,0.0,0.0,5,398.0,404.0,5,416.5,0.0,0.0,0.0,0.0,0.0,34
2023-05-10 22:37:16,TA401C5100,TA401C5100,416.5,0.0,0.0,0.0,1,354.5,404.0,5,416.5,0.0,0.0,0.0,0.0,0.0,34
2023-05-10 22:37:17,TA401C5100,TA401C5100,416.5,0.0,0.0,0.0,1,354.5,401.0,5,416.5,0.0,0.0,0.0,0.0,0.0,34
2023-05-10 22:37:20,TA401C5100,TA401C5100,416.5,0.0,0.0,0.0,5,395.5,401.0,5,416.5,0.0,0.0,0.0,0.0,0.0,34
2023-05-10 22:38:55,TA401C5100,TA401C5100,416.5,0.0,0.0,0.0,5,395.5,404.0,5,416.5,0.0,0.0,0.0,0.0,0.0,34
2023-05-10 22:39:03,TA401C5100,TA401C5100,416.5,0.0,0.0,0.0,5,397.0,404.0,5,416.5,0.0,0.0,0.0,0.0,0.0,34
2023-05-10 22:40:11,TA401C5100,TA401C5100,416.5,0.0,0.0,0.0,5,398.5,404.0,5,416.5,0.0,0.0,0.0,0.0,0.0,34
2023-05-10 22:40:12,TA401C5100,TA401C5100,416.5,0.0,0.0,0.0,5,398.5,428.5,10,416.5,0.0,0.0,0.0,0.0,0.0,34
2023-05-10 22:40:14,TA401C5100,TA401C5100,416.5,0.0,0.0,0.0,5,398.5,407.0,5,416.5,0.0,0.0,0.0,0.0,0.0,34
2023-05-10 22:40:16,TA401C5100,TA401C5100,416.5,0.0,0.0,0.0,5,401.0,407.0,5,416.5,0.0,0.0,0.0,0.0,0.0,34
2023-05-10 22:40:39,TA401C5100,TA401C5100,416.5,0.0,0.0,0.0,5,398.5,405.5,5,416.5,0.0,0.0,0.0,0.0,0.0,34
2023-05-10 22:41:02,TA401C5100,TA401C5100,416.5,0.0,0.0,0.0,5,398.5,403.0,5,416.5,0.0,0.0,0.0,0.0,0.0,34
2023-05-10 22:41:03,TA401C5100,TA401C5100,416.5,0.0,0.0,0.0,5,396.0,403.0,5,416.5,0.0,0.0,0.0,0.0,0.0,34
2023-05-10 22:42:50,TA401C5100,TA401C5100,416.5,0.0,0.0,0.0,5,397.5,403.0,5,416.5,0.0,0.0,0.0,0.0,0.0,34
2023-05-10 22:43:35,TA401C5100,TA401C5100,416.5,0.0,0.0,0.0,5,397.5,405.5,5,416.5,0.0,0.0,0.0,0.0,0.0,34
2023-05-10 22:43:37,TA401C5100,TA401C5100,416.5,0.0,0.0,0.0,5,399.0,405.5,5,416.5,0.0,0.0,0.0,0.0,0.0,34
2023-05-10 22:43:59,TA401C5100,TA401C5100,416.5,0.0,0.0,0.0,5,399.0,404.0,5,416.5,0.0,0.0,0.0,0.0,0.0,34
2023-05-10 22:44:08,TA401C5100,TA401C5100,416.5,0.0,0.0,0.0,5,397.5,404.0,5,416.5,0.0,0.0,0.0,0.0,0.0,34
2023-05-10 22:44:15,TA401C5100,TA401C5100,416.5,0.0,0.0,0.0,5,397.5,402.5,5,416.5,0.0,0.0,0.0,0.0,0.0,34
2023-05-10 22:44:33,TA401C5100,TA401C5100,416.5,0.0,0.0,0.0,1,354.5,402.5,5,416.5,0.0,0.0,0.0,0.0,0.0,34
2023-05-10 22:44:35,TA401C5100,TA401C5100,416.5,0.0,0.0,0.0,5,395.5,402.5,5,416.5,0.0,0.0,0.0,0.0,0.0,34
2023-05-10 22:44:54,TA401C5100,TA401C5100,416.5,0.0,0.0,0.0,5,397.0,402.5,5,416.5,0.0,0.0,0.0,0.0,0.0,34
2023-05-10 22:46:30,TA401C5100,TA401C5100,416.5,0.0,0.0,0.0,5,397.0,404.0,5,416.5,0.0,0.0,0.0,0.0,0.0,34
2023-05-10 22:46:56,TA401C5100,TA401C5100,416.5,0.0,0.0,0.0,5,398.5,404.0,5,416.5,0.0,0.0,0.0,0.0,0.0,34
2023-05-10 22:46:59,TA401C5100,TA401C5100,416.5,0.0,0.0,0.0,5,398.5,428.5,10,416.5,0.0,0.0,0.0,0.0,0.0,34
2023-05-10 22:46:59,TA401C5100,TA401C5100,416.5,0.0,0.0,0.0,5,398.5,406.5,5,416.5,0.0,0.0,0.0,0.0,0.0,34
2023-05-10 22:48:02,TA401C5100,TA401C5100,416.5,0.0,0.0,0.0,5,398.5,405.0,5,416.5,0.0,0.0,0.0,0.0,0.0,34
2023-05-10 22:48:37,TA401C5100,TA401C5100,416.5,0.0,0.0,0.0,5,400.0,405.0,5,416.5,0.0,0.0,0.0,0.0,0.0,34
2023-05-10 22:48:50,TA401C5100,TA401C5100,416.5,0.0,0.0,0.0,5,398.5,405.0,5,416.5,0.0,0.0,0.0,0.0,0.0,34
2023-05-10 22:49:18,TA401C5100,TA401C5100,416.5,0.0,0.0,0.0,5,400.0,405.0,5,416.5,0.0,0.0,0.0,0.0,0.0,34
2023-05-10 22:50:42,TA401C5100,TA401C5100,416.5,0.0,0.0,0.0,5,398.5,405.0,5,416.5,0.0,0.0,0.0,0.0,0.0,34
2023-05-10 22:52:58,TA401C5100,TA401C5100,416.5,0.0,0.0,0.0,5,398.5,403.5,5,416.5,0.0,0.0,0.0,0.0,0.0,34
2023-05-10 22:53:11,TA401C5100,TA401C5100,416.5,0.0,0.0,0.0,5,398.5,405.0,5,416.5,0.0,0.0,0.0,0.0,0.0,34
2023-05-10 22:55:13,TA401C5100,TA401C5100,416.5,0.0,0.0,0.0,1,354.5,405.0,5,416.5,0.0,0.0,0.0,0.0,0.0,34
2023-05-10 22:55:16,TA401C5100,TA401C5100,416.5,0.0,0.0,0.0,1,354.5,403.5,5,416.5,0.0,0.0,0.0,0.0,0.0,34
2023-05-10 22:55:17,TA401C5100,TA401C5100,416.5,0.0,0.0,0.0,5,395.5,403.5,5,416.5,0.0,0.0,0.0,0.0,0.0,34
2023-05-10 22:55:55,TA401C5100,TA401C5100,416.5,0.0,0.0,0.0,1,354.5,428.5,10,416.5,0.0,0.0,0.0,0.0,0.0,34
2023-05-10 22:56:29,TA401C5100,TA401C5100,416.5,0.0,0.0,0.0,1,181.5,0.0,0,416.5,0.0,0.0,0.0,0.0,0.0,34
2023-05-10 22:56:30,TA401C5100,TA401C5100,416.5,0.0,0.0,0.0,2,188.0,729.0,1,416.5,0.0,0.0,0.0,0.0,0.0,34
2023-05-10 22:56:30,TA401C5100,TA401C5100,416.5,0.0,0.0,0.0,1,189.5,729.0,1,416.5,0.0,0.0,0.0,0.0,0.0,34
2023-05-10 22:56:31,TA401C5100,TA401C5100,416.5,0.0,0.0,0.0,2,196.0,729.0,1,416.5,0.0,0.0,0.0,0.0,0.0,34
2023-05-10 22:56:32,TA401C5100,TA401C5100,416.5,0.0,0.0,0.0,1,197.5,729.0,1,416.5,0.0,0.0,0.0,0.0,0.0,34
2023-05-10 22:56:33,TA401C5100,TA401C5100,416.5,0.0,0.0,0.0,2,204.0,729.0,1,416.5,0.0,0.0,0.0,0.0,0.0,34
2023-05-10 22:56:33,TA401C5100,TA401C5100,416.5,0.0,0.0,0.0,1,205.5,729.0,1,416.5,0.0,0.0,0.0,0.0,0.0,34
2023-05-10 22:56:34,TA401C5100,TA401C5100,416.5,0.0,0.0,0.0,2,212.0,729.0,1,416.5,0.0,0.0,0.0,0.0,0.0,34
2023-05-10 22:56:35,TA401C5100,TA401C5100,416.5,0.0,0.0,0.0,1,213.5,729.0,1,416.5,0.0,0.0,0.0,0.0,0.0,34
2023-05-10 22:56:36,TA401C5100,TA401C5100,416.5,0.0,0.0,0.0,2,220.0,729.0,1,416.5,0.0,0.0,0.0,0.0,0.0,34
2023-05-10 22:56:36,TA401C5100,TA401C5100,416.5,0.0,0.0,0.0,1,221.5,729.0,1,416.5,0.0,0.0,0.0,0.0,0.0,34
2023-05-10 22:56:38,TA401C5100,TA401C5100,416.5,0.0,0.0,0.0,2,228.0,729.0,1,416.5,0.0,0.0,0.0,0.0,0.0,34
2023-05-10 22:56:38,TA401C5100,TA401C5100,416.5,0.0,0.0,0.0,1,229.5,729.0,1,416.5,0.0,0.0,0.0,0.0,0.0,34
2023-05-10 22:56:39,TA401C5100,TA401C5100,416.5,0.0,0.0,0.0,2,236.0,729.0,1,416.5,0.0,0.0,0.0,0.0,0.0,34
2023-05-10 22:56:39,TA401C5100,TA401C5100,416.5,0.0,0.0,0.0,1,237.5,729.0,1,416.5,0.0,0.0,0.0,0.0,0.0,34
2023-05-10 22:56:40,TA401C5100,TA401C5100,416.5,0.0,0.0,0.0,2,244.0,729.0,1,416.5,0.0,0.0,0.0,0.0,0.0,34
2023-05-10 22:56:41,TA401C5100,TA401C5100,416.5,0.0,0.0,0.0,1,245.5,729.0,1,416.5,0.0,0.0,0.0,0.0,0.0,34
2023-05-10 22:56:43,TA401C5100,TA401C5100,416.5,0.0,0.0,0.0,2,252.0,729.0,1,416.5,0.0,0.0,0.0,0.0,0.0,34
2023-05-10 22:56:44,TA401C5100,TA401C5100,416.5,0.0,0.0,0.0,1,253.5,729.0,1,416.5,0.0,0.0,0.0,0.0,0.0,34
2023-05-10 22:56:45,TA401C5100,TA401C5100,416.5,0.0,0.0,0.0,2,260.0,729.0,1,416.5,0.0,0.0,0.0,0.0,0.0,34
2023-05-10 22:56:45,TA401C5100,TA401C5100,416.5,0.0,0.0,0.0,1,261.5,729.0,1,416.5,0.0,0.0,0.0,0.0,0.0,34
2023-05-10 22:56:48,TA401C5100,TA401C5100,416.5,0.0,0.0,0.0,2,268.0,729.0,1,416.5,0.0,0.0,0.0,0.0,0.0,34
2023-05-10 22:56:48,TA401C5100,TA401C5100,416.5,0.0,0.0,0.0,1,269.5,729.0,1,416.5,0.0,0.0,0.0,0.0,0.0,34
2023-05-10 22:56:50,TA401C5100,TA401C5100,416.5,0.0,0.0,0.0,2,276.0,729.0,1,416.5,0.0,0.0,0.0,0.0,0.0,34
2023-05-10 22:56:50,TA401C5100,TA401C5100,416.5,0.0,0.0,0.0,1,277.5,729.0,1,416.5,0.0,0.0,0.0,0.0,0.0,34
2023-05-10 22:56:51,TA401C5100,TA401C5100,416.5,0.0,0.0,0.0,2,284.0,729.0,1,416.5,0.0,0.0,0.0,0.0,0.0,34
2023-05-10 22:57:09,TA401C5100,TA401C5100,416.5,0.0,0.0,0.0,1,181.5,729.0,1,416.5,0.0,0.0,0.0,0.0,0.0,34
2023-05-10 22:57:10,TA401C5100,TA401C5100,416.5,0.0,0.0,0.0,1,183.0,729.0,1,416.5,0.0,0.0,0.0,0.0,0.0,34
2023-05-10 22:59:49,TA401C5100,TA401C5100,416.5,0.0,0.0,0.0,0,0.0,0.0,0,416.5,0.0,0.0,0.0,0.0,0.0,34
2023-05-11 09:00:02,TA401C5100,TA401C5100,416.5,0.0,0.0,0.0,1,302.5,511.0,1,416.5,0.0,0.0,0.0,0.0,0.0,34
2023-05-11 09:01:11,TA401C5100,TA401C5100,416.5,0.0,0.0,0.0,1,336.0,511.0,1,416.5,0.0,0.0,0.0,0.0,0.0,34
2023-05-11 09:01:12,TA401C5100,TA401C5100,416.5,0.0,0.0,0.0,1,363.5,511.0,1,416.5,0.0,0.0,0.0,0.0,0.0,34
2023-05-11 09:01:26,TA401C5100,TA401C5100,416.5,0.0,0.0,0.0,5,399.5,406.5,5,416.5,0.0,0.0,0.0,0.0,0.0,34
2023-05-11 09:01:31,TA401C5100,TA401C5100,416.5,0.0,0.0,0.0,5,399.5,404.5,5,416.5,0.0,0.0,0.0,0.0,0.0,34
2023-05-11 09:01:38,TA401C5100,TA401C5100,416.5,0.0,0.0,0.0,1,363.5,404.5,5,416.5,0.0,0.0,0.0,0.0,0.0,34
2023-05-11 09:01:39,TA401C5100,TA401C5100,416.5,0.0,0.0,0.0,5,397.0,404.5,5,416.5,0.0,0.0,0.0,0.0,0.0,34
2023-05-11 09:03:10,TA401C5100,TA401C5100,416.5,0.0,0.0,0.0,5,398.5,404.5,5,416.5,0.0,0.0,0.0,0.0,0.0,34
2023-05-11 09:03:38,TA401C5100,TA401C5100,416.5,0.0,0.0,0.0,5,400.5,406.5,5,416.5,0.0,0.0,0.0,0.0,0.0,34
2023-05-11 09:03:40,TA401C5100,TA401C5100,416.5,0.0,0.0,0.0,5,400.5,511.0,1,416.5,0.0,0.0,0.0,0.0,0.0,34
2023-05-11 09:03:41,TA401C5100,TA401C5100,416.5,0.0,0.0,0.0,5,400.5,409.0,5,416.5,0.0,0.0,0.0,0.0,0.0,34
2023-05-11 09:03:44,TA401C5100,TA401C5100,416.5,0.0,0.0,0.0,5,400.5,407.5,5,416.5,0.0,0.0,0.0,0.0,0.0,34
2023-05-11 09:04:01,TA401C5100,TA401C5100,416.5,0.0,0.0,0.0,5,400.5,406.0,5,416.5,0.0,0.0,0.0,0.0,0.0,34
2023-05-11 09:04:03,TA401C5100,TA401C5100,416.5,0.0,0.0,0.0,5,398.5,406.0,5,416.5,0.0,0.0,0.0,0.0,0.0,34
2023-05-11 09:04:29,TA401C5100,TA401C5100,416.5,0.0,0.0,0.0,5,398.5,404.0,5,416.5,0.0,0.0,0.0,0.0,0.0,34
2023-05-11 09:04:44,TA401C5100,TA401C5100,416.5,0.0,0.0,0.0,1,363.5,404.0,5,416.5,0.0,0.0,0.0,0.0,0.0,34
2023-05-11 09:04:47,TA401C5100,TA401C5100,416.5,0.0,0.0,0.0,5,396.5,404.0,5,416.5,0.0,0.0,0.0,0.0,0.0,34
2023-05-11 09:04:48,TA401C5100,TA401C5100,416.5,0.0,0.0,0.0,5,396.5,402.5,5,416.5,0.0,0.0,0.0,0.0,0.0,34
2023-05-11 09:07:31,TA401C5100,TA401C5100,416.5,0.0,0.0,0.0,5,398.0,402.5,5,416.5,0.0,0.0,0.0,0.0,0.0,34
2023-05-11 09:07:33,TA401C5100,TA401C5100,416.5,0.0,0.0,0.0,5,398.0,404.0,5,416.5,0.0,0.0,0.0,0.0,0.0,34
2023-05-11 09:08:28,TA401C5100,TA401C5100,416.5,0.0,0.0,0.0,5,399.5,404.0,5,416.5,0.0,0.0,0.0,0.0,0.0,34
2023-05-11 09:08:33,TA401C5100,TA401C5100,416.5,0.0,0.0,0.0,5,399.5,511.0,1,416.5,0.0,0.0,0.0,0.0,0.0,34
2023-05-11 09:08:34,TA401C5100,TA401C5100,416.5,0.0,0.0,0.0,5,401.0,511.0,1,416.5,0.0,0.0,0.0,0.0,0.0,34
2023-05-11 09:08:37,TA401C5100,TA401C5100,416.5,0.0,0.0,0.0,5,401.0,408.0,5,416.5,0.0,0.0,0.0,0.0,0.0,34
2023-05-11 09:09:11,TA401C5100,TA401C5100,416.5,0.0,0.0,0.0,5,401.0,406.0,5,416.5,0.0,0.0,0.0,0.0,0.0,34
2023-05-11 09:09:22,TA401C5100,TA401C5100,416.5,0.0,0.0,0.0,5,399.5,406.0,5,416.5,0.0,0.0,0.0,0.0,0.0,34
2023-05-11 09:11:12,TA401C5100,TA401C5100,416.5,0.0,0.0,0.0,5,399.5,404.0,5,416.5,0.0,0.0,0.0,0.0,0.0,34
2023-05-11 09:11:16,TA401C5100,TA401C5100,416.5,0.0,0.0,0.0,5,396.5,404.0,5,416.5,0.0,0.0,0.0,0.0,0.0,34
2023-05-11 09:11:55,TA401C5100,TA401C5100,416.5,0.0,0.0,0.0,5,398.5,404.0,5,416.5,0.0,0.0,0.0,0.0,0.0,34
2023-05-11 09:12:09,TA401C5100,TA401C5100,416.5,0.0,0.0,0.0,5,398.5,406.0,5,416.5,0.0,0.0,0.0,0.0,0.0,34
2023-05-11 09:12:11,TA401C5100,TA401C5100,416.5,0.0,0.0,0.0,5,400.0,406.0,5,416.5,0.0,0.0,0.0,0.0,0.0,34
2023-05-11 09:12:19,TA401C5100,TA401C5100,416.5,0.0,0.0,0.0,5,401.5,406.0,5,416.5,0.0,0.0,0.0,0.0,0.0,34
2023-05-11 09:12:46,TA401C5100,TA401C5100,416.5,0.0,0.0,0.0,5,401.5,409.0,5,416.5,0.0,0.0,0.0,0.0,0.0,34
2023-05-11 09:13:03,TA401C5100,TA401C5100,416.5,0.0,0.0,0.0,5,401.5,407.5,5,416.5,0.0,0.0,0.0,0.0,0.0,34
2023-05-11 09:14:38,TA401C5100,TA401C5100,416.5,0.0,0.0,0.0,5,400.0,407.5,5,416.5,0.0,0.0,0.0,0.0,0.0,34
2023-05-11 09:14:38,TA401C5100,TA401C5100,416.5,0.0,0.0,0.0,5,400.0,405.5,5,416.5,0.0,0.0,0.0,0.0,0.0,34
2023-05-11 09:15:10,TA401C5100,TA401C5100,416.5,0.0,0.0,0.0,5,400.0,407.5,5,416.5,0.0,0.0,0.0,0.0,0.0,34
2023-05-11 09:15:10,TA401C5100,TA401C5100,416.5,0.0,0.0,0.0,5,401.5,407.5,5,416.5,0.0,0.0,0.0,0.0,0.0,34
2023-05-11 09:15:40,TA401C5100,TA401C5100,416.5,0.0,0.0,0.0,5,403.0,511.0,1,416.5,0.0,0.0,0.0,0.0,0.0,34
2023-05-11 09:15:41,TA401C5100,TA401C5100,416.5,0.0,0.0,0.0,5,403.0,410.0,5,416.5,0.0,0.0,0.0,0.0,0.0,34
2023-05-11 09:17:12,TA401C5100,TA401C5100,416.5,0.0,0.0,0.0,5,403.0,408.5,5,416.5,0.0,0.0,0.0,0.0,0.0,34
2023-05-11 09:17:29,TA401C5100,TA401C5100,416.5,0.0,0.0,0.0,5,401.5,408.5,5,416.5,0.0,0.0,0.0,0.0,0.0,34
2023-05-11 09:17:30,TA401C5100,TA401C5100,416.5,0.0,0.0,0.0,5,401.5,406.5,5,416.5,0.0,0.0,0.0,0.0,0.0,34
2023-05-11 09:18:12,TA401C5100,TA401C5100,416.5,0.0,0.0,0.0,5,398.5,406.5,5,416.5,0.0,0.0,0.0,0.0,0.0,34
2023-05-11 09:19:04,TA401C5100,TA401C5100,416.5,0.0,0.0,0.0,5,400.0,406.5,5,416.5,0.0,0.0,0.0,0.0,0.0,34
2023-05-11 09:19:26,TA401C5100,TA401C5100,416.5,0.0,0.0,0.0,5,400.0,405.0,5,416.5,0.0,0.0,0.0,0.0,0.0,34
2023-05-11 09:19:29,TA401C5100,TA401C5100,416.5,0.0,0.0,0.0,5,398.5,405.0,5,416.5,0.0,0.0,0.0,0.0,0.0,34
2023-05-11 09:19:52,TA401C5100,TA401C5100,416.5,0.0,0.0,0.0,5,398.5,403.5,5,416.5,0.0,0.0,0.0,0.0,0.0,34
2023-05-11 09:21:04,TA401C5100,TA401C5100,416.5,0.0,0.0,0.0,5,398.5,405.0,5,416.5,0.0,0.0,0.0,0.0,0.0,34
2023-05-11 09:23:14,TA401C5100,TA401C5100,416.5,0.0,0.0,0.0,5,400.0,405.0,5,416.5,0.0,0.0,0.0,0.0,0.0,34
2023-05-11 09:24:14,TA401C5100,TA401C5100,416.5,0.0,0.0,0.0,5,400.0,511.0,1,416.5,0.0,0.0,0.0,0.0,0.0,34
2023-05-11 09:24:15,TA401C5100,TA401C5100,416.5,0.0,0.0,0.0,5,400.0,408.0,5,416.5,0.0,0.0,0.0,0.0,0.0,34
2023-05-11 09:24:32,TA401C5100,TA401C5100,416.5,0.0,0.0,0.0,5,400.0,406.5,5,416.5,0.0,0.0,0.0,0.0,0.0,34
2023-05-11 09:24:56,TA401C5100,TA401C5100,416.5,0.0,0.0,0.0,5,401.5,406.5,5,416.5,0.0,0.0,0.0,0.0,0.0,34
2023-05-11 09:26:11,TA401C5100,TA401C5100,416.5,0.0,0.0,0.0,5,401.5,408.0,5,416.5,0.0,0.0,0.0,0.0,0.0,34
2023-05-11 09:26:21,TA401C5100,TA401C5100,416.5,0.0,0.0,0.0,5,403.5,408.0,5,416.5,0.0,0.0,0.0,0.0,0.0,34
2023-05-11 09:26:41,TA401C5100,TA401C5100,416.5,0.0,0.0,0.0,5,403.5,511.0,1,416.5,0.0,0.0,0.0,0.0,0.0,34
2023-05-11 09:26:42,TA401C5100,TA401C5100,416.5,0.0,0.0,0.0,5,403.5,411.0,5,416.5,0.0,0.0,0.0,0.0,0.0,34
2023-05-11 09:27:14,TA401C5100,TA401C5100,416.5,0.0,0.0,0.0,5,405.0,411.0,5,416.5,0.0,0.0,0.0,0.0,0.0,34
2023-05-11 09:27:55,TA401C5100,TA401C5100,416.5,0.0,0.0,0.0,5,406.5,411.0,5,416.5,0.0,0.0,0.0,0.0,0.0,34
2023-05-11 09:27:56,TA401C5100,TA401C5100,416.5,0.0,0.0,0.0,5,406.5,511.0,1,416.5,0.0,0.0,0.0,0.0,0.0,34
2023-05-11 09:27:56,TA401C5100,TA401C5100,416.5,0.0,0.0,0.0,5,406.5,414.0,5,416.5,0.0,0.0,0.0,0.0,0.0,34
2023-05-11 09:28:01,TA401C5100,TA401C5100,416.5,0.0,0.0,0.0,5,406.5,412.5,5,416.5,0.0,0.0,0.0,0.0,0.0,34
2023-05-11 09:28:05,TA401C5100,TA401C5100,416.5,0.0,0.0,0.0,5,405.0,410.5,5,416.5,0.0,0.0,0.0,0.0,0.0,34
2023-05-11 09:28:14,TA401C5100,TA401C5100,416.5,0.0,0.0,0.0,5,402.0,410.5,5,416.5,0.0,0.0,0.0,0.0,0.0,34
2023-05-11 09:28:15,TA401C5100,TA401C5100,416.5,0.0,0.0,0.0,5,402.0,408.5,5,416.5,0.0,0.0,0.0,0.0,0.0,34
2023-05-11 09:28:28,TA401C5100,TA401C5100,416.5,0.0,0.0,0.0,5,404.0,408.5,5,416.5,0.0,0.0,0.0,0.0,0.0,34
2023-05-11 09:28:28,TA401C5100,TA401C5100,416.5,0.0,0.0,0.0,5,404.0,410.5,5,416.5,0.0,0.0,0.0,0.0,0.0,34
2023-05-11 09:30:23,TA401C5100,TA401C5100,416.5,0.0,0.0,0.0,5,404.0,408.5,5,416.5,0.0,0.0,0.0,0.0,0.0,34
2023-05-11 09:30:23,TA401C5100,TA401C5100,416.5,0.0,0.0,0.0,5,402.0,408.5,5,416.5,0.0,0.0,0.0,0.0,0.0,34
2023-05-11 09:30:43,TA401C5100,TA401C5100,416.5,0.0,0.0,0.0,5,402.0,407.0,5,416.5,0.0,0.0,0.0,0.0,0.0,34
2023-05-11 09:30:45,TA401C5100,TA401C5100,416.5,0.0,0.0,0.0,1,363.5,407.0,5,416.5,0.0,0.0,0.0,0.0,0.0,34
2023-05-11 09:30:47,TA401C5100,TA401C5100,416.5,0.0,0.0,0.0,5,400.0,407.0,5,416.5,0.0,0.0,0.0,0.0,0.0,34
2023-05-11 09:32:38,TA401C5100,TA401C5100,416.5,0.0,0.0,0.0,5,401.5,407.0,5,416.5,0.0,0.0,0.0,0.0,0.0,34
2023-05-11 09:35:09,TA401C5100,TA401C5100,416.5,0.0,0.0,0.0,5,400.0,407.0,5,416.5,0.0,0.0,0.0,0.0,0.0,34
2023-05-11 09:35:23,TA401C5100,TA401C5100,416.5,0.0,0.0,0.0,5,400.0,405.5,5,416.5,0.0,0.0,0.0,0.0,0.0,34
2023-05-11 09:35:47,TA401C5100,TA401C5100,416.5,0.0,0.0,0.0,1,363.5,405.5,5,416.5,0.0,0.0,0.0,0.0,0.0,34
2023-05-11 09:35:48,TA401C5100,TA401C5100,416.5,0.0,0.0,0.0,5,397.0,405.5,5,416.5,0.0,0.0,0.0,0.0,0.0,34
2023-05-11 09:35:52,TA401C5100,TA401C5100,416.5,0.0,0.0,0.0,5,399.0,405.5,5,416.5,0.0,0.0,0.0,0.0,0.0,34
2023-05-11 09:39:09,TA401C5100,TA401C5100,416.5,0.0,0.0,0.0,5,401.0,405.5,5,416.5,0.0,0.0,0.0,0.0,0.0,34
2023-05-11 09:39:09,TA401C5100,TA401C5100,416.5,0.0,0.0,0.0,5,401.0,407.0,5,416.5,0.0,0.0,0.0,0.0,0.0,34
2023-05-11 09:39:15,TA401C5100,TA401C5100,416.5,0.0,0.0,0.0,5,402.5,407.0,5,416.5,0.0,0.0,0.0,0.0,0.0,34
2023-05-11 09:40:08,TA401C5100,TA401C5100,416.5,0.0,0.0,0.0,5,402.5,511.0,1,416.5,0.0,0.0,0.0,0.0,0.0,34
2023-05-11 09:40:08,TA401C5100,TA401C5100,416.5,0.0,0.0,0.0,5,402.5,409.5,5,416.5,0.0,0.0,0.0,0.0,0.0,34
2023-05-11 09:40:20,TA401C5100,TA401C5100,416.5,0.0,0.0,0.0,5,404.0,409.5,5,416.5,0.0,0.0,0.0,0.0,0.0,34
2023-05-11 09:40:51,TA401C5100,TA401C5100,416.5,0.0,0.0,0.0,5,404.0,511.0,1,416.5,0.0,0.0,0.0,0.0,0.0,34
2023-05-11 09:40:52,TA401C5100,TA401C5100,416.5,0.0,0.0,0.0,5,406.0,413.0,5,416.5,0.0,0.0,0.0,0.0,0.0,34
2023-05-11 09:41:01,TA401C5100,TA401C5100,416.5,0.0,0.0,0.0,5,406.0,411.5,5,416.5,0.0,0.0,0.0,0.0,0.0,34
2023-05-11 09:41:03,TA401C5100,TA401C5100,416.5,0.0,0.0,0.0,5,404.0,411.5,5,416.5,0.0,0.0,0.0,0.0,0.0,34
2023-05-11 09:41:23,TA401C5100,TA401C5100,416.5,0.0,0.0,0.0,5,406.0,411.5,5,416.5,0.0,0.0,0.0,0.0,0.0,34
2023-05-11 09:41:26,TA401C5100,TA401C5100,416.5,0.0,0.0,0.0,5,406.0,413.0,5,416.5,0.0,0.0,0.0,0.0,0.0,34
2023-05-11 09:41:30,TA401C5100,TA401C5100,416.5,0.0,0.0,0.0,5,408.5,413.0,5,416.5,0.0,0.0,0.0,0.0,0.0,34
2023-05-11 09:41:32,TA401C5100,TA401C5100,416.5,0.0,0.0,0.0,5,408.5,511.0,1,416.5,0.0,0.0,0.0,0.0,0.0,34
2023-05-11 09:41:37,TA401C5100,TA401C5100,416.5,0.0,0.0,0.0,5,408.5,416.0,5,416.5,0.0,0.0,0.0,0.0,0.0,34
2023-05-11 09:41:53,TA401C5100,TA401C5100,416.5,0.0,0.0,0.0,5,408.5,414.0,5,416.5,0.0,0.0,0.0,0.0,0.0,34
2023-05-11 09:42:07,TA401C5100,TA401C5100,416.5,0.0,0.0,0.0,5,406.0,414.0,5,416.5,0.0,0.0,0.0,0.0,0.0,34
2023-05-11 09:42:10,TA401C5100,TA401C5100,416.5,0.0,0.0,0.0,5,406.0,412.0,5,416.5,0.0,0.0,0.0,0.0,0.0,34
2023-05-11 09:42:41,TA401C5100,TA401C5100,416.5,0.0,0.0,0.0,1,363.5,410.0,5,416.5,0.0,0.0,0.0,0.0,0.0,34
2023-05-11 09:42:44,TA401C5100,TA401C5100,416.5,0.0,0.0,0.0,5,403.0,410.0,5,416.5,0.0,0.0,0.0,0.0,0.0,34
2023-05-11 09:43:19,TA401C5100,TA401C5100,416.5,0.0,0.0,0.0,5,403.0,407.5,5,416.5,0.0,0.0,0.0,0.0,0.0,34
2023-05-11 09:43:34,TA401C5100,TA401C5100,416.5,0.0,0.0,0.0,5,400.0,407.5,5,416.5,0.0,0.0,0.0,0.0,0.0,34
2023-05-11 09:44:12,TA401C5100,TA401C5100,416.5,0.0,0.0,0.0,5,402.0,407.5,5,416.5,0.0,0.0,0.0,0.0,0.0,34
2023-05-11 09:44:15,TA401C5100,TA401C5100,416.5,0.0,0.0,0.0,5,402.0,410.0,5,416.5,0.0,0.0,0.0,0.0,0.0,34
2023-05-11 09:45:45,TA401C5100,TA401C5100,416.5,0.0,0.0,0.0,5,404.0,410.0,5,416.5,0.0,0.0,0.0,0.0,0.0,34
2023-05-11 09:46:28,TA401C5100,TA401C5100,416.5,0.0,0.0,0.0,5,404.0,511.0,1,416.5,0.0,0.0,0.0,0.0,0.0,34
2023-05-11 09:46:30,TA401C5100,TA401C5100,416.5,0.0,0.0,0.0,5,404.0,412.0,5,416.5,0.0,0.0,0.0,0.0,0.0,34
2023-05-11 09:46:41,TA401C5100,TA401C5100,416.5,0.0,0.0,0.0,5,406.0,412.0,5,416.5,0.0,0.0,0.0,0.0,0.0,34
2023-05-11 09:48:57,TA401C5100,TA401C5100,416.5,0.0,0.0,0.0,5,404.0,412.0,5,416.5,0.0,0.0,0.0,0.0,0.0,34
2023-05-11 09:50:22,TA401C5100,TA401C5100,416.5,0.0,0.0,0.0,5,404.0,410.0,5,416.5,0.0,0.0,0.0,0.0,0.0,34
2023-05-11 09:51:59,TA401C5100,TA401C5100,416.5,0.0,0.0,0.0,5,401.0,408.5,5,416.5,0.0,0.0,0.0,0.0,0.0,34
2023-05-11 09:53:39,TA401C5100,TA401C5100,416.5,0.0,0.0,0.0,5,401.0,406.5,5,416.5,0.0,0.0,0.0,0.0,0.0,34
2023-05-11 09:56:24,TA401C5100,TA401C5100,416.5,0.0,0.0,0.0,5,401.0,408.5,5,416.5,0.0,0.0,0.0,0.0,0.0,34
2023-05-11 09:56:28,TA401C5100,TA401C5100,416.5,0.0,0.0,0.0,5,402.5,408.5,5,416.5,0.0,0.0,0.0,0.0,0.0,34
2023-05-11 09:59:14,TA401C5100,TA401C5100,416.5,0.0,0.0,0.0,5,402.5,407.0,5,416.5,0.0,0.0,0.0,0.0,0.0,34
2023-05-11 09:59:41,TA401C5100,TA401C5100,416.5,0.0,0.0,0.0,5,401.0,407.0,5,416.5,0.0,0.0,0.0,0.0,0.0,34
2023-05-11 10:03:33,TA401C5100,TA401C5100,416.5,0.0,0.0,0.0,5,401.0,405.5,5,416.5,0.0,0.0,0.0,0.0,0.0,34
2023-05-11 10:05:51,TA401C5100,TA401C5100,416.5,0.0,0.0,0.0,5,401.0,407.0,5,416.5,0.0,0.0,0.0,0.0,0.0,34
2023-05-11 10:06:00,TA401C5100,TA401C5100,416.5,0.0,0.0,0.0,5,403.0,511.0,1,416.5,0.0,0.0,0.0,0.0,0.0,34
2023-05-11 10:06:01,TA401C5100,TA401C5100,416.5,0.0,0.0,0.0,5,403.0,409.5,5,416.5,0.0,0.0,0.0,0.0,0.0,34
2023-05-11 10:07:57,TA401C5100,TA401C5100,416.5,0.0,0.0,0.0,5,403.0,408.0,5,416.5,0.0,0.0,0.0,0.0,0.0,34
2023-05-11 10:08:09,TA401C5100,TA401C5100,416.5,0.0,0.0,0.0,5,401.0,408.0,5,416.5,0.0,0.0,0.0,0.0,0.0,34
2023-05-11 10:08:12,TA401C5100,TA401C5100,416.5,0.0,0.0,0.0,5,401.0,406.5,5,416.5,0.0,0.0,0.0,0.0,0.0,34
2023-05-11 10:08:55,TA401C5100,TA401C5100,416.5,0.0,0.0,0.0,1,299.5,406.5,5,416.5,0.0,0.0,0.0,0.0,0.0,34
2023-05-11 10:08:56,TA401C5100,TA401C5100,416.5,0.0,0.0,0.0,2,306.0,406.5,5,416.5,0.0,0.0,0.0,0.0,0.0,34
2023-05-11 10:08:56,TA401C5100,TA401C5100,416.5,0.0,0.0,0.0,1,351.5,406.5,5,416.5,0.0,0.0,0.0,0.0,0.0,34
2023-05-11 10:09:00,TA401C5100,TA401C5100,416.5,0.0,0.0,0.0,5,398.5,406.5,5,416.5,0.0,0.0,0.0,0.0,0.0,34
2023-05-11 10:09:01,TA401C5100,TA401C5100,416.5,0.0,0.0,0.0,5,398.5,404.5,5,416.5,0.0,0.0,0.0,0.0,0.0,34
2023-05-11 10:09:43,TA401C5100,TA401C5100,416.5,0.0,0.0,0.0,5,400.0,404.5,5,416.5,0.0,0.0,0.0,0.0,0.0,34
2023-05-11 10:10:54,TA401C5100,TA401C5100,416.5,0.0,0.0,0.0,5,400.0,511.0,1,416.5,0.0,0.0,0.0,0.0,0.0,34
2023-05-11 10:11:00,TA401C5100,TA401C5100,416.5,0.0,0.0,0.0,5,400.0,411.0,5,416.5,0.0,0.0,0.0,0.0,0.0,34
2023-05-11 10:11:04,TA401C5100,TA401C5100,416.5,0.0,0.0,0.0,5,403.5,411.0,5,416.5,0.0,0.0,0.0,0.0,0.0,34
2023-05-11 10:12:14,TA401C5100,TA401C5100,416.5,0.0,0.0,0.0,5,406.0,411.0,5,416.5,0.0,0.0,0.0,0.0,0.0,34
2023-05-11 10:13:07,TA401C5100,TA401C5100,416.5,0.0,0.0,0.0,5,406.0,511.0,1,416.5,0.0,0.0,0.0,0.0,0.0,34
2023-05-11 10:13:08,TA401C5100,TA401C5100,416.5,0.0,0.0,0.0,5,406.0,413.5,5,416.5,0.0,0.0,0.0,0.0,0.0,34
2023-05-11 10:13:31,TA401C5100,TA401C5100,416.5,0.0,0.0,0.0,5,408.0,413.5,5,416.5,0.0,0.0,0.0,0.0,0.0,34
2023-05-11 10:13:34,TA401C5100,TA401C5100,416.5,0.0,0.0,0.0,5,408.0,416.5,5,416.5,0.0,0.0,0.0,0.0,0.0,34
2023-05-11 10:13:41,TA401C5100,TA401C5100,416.5,0.0,0.0,0.0,5,410.0,416.5,5,416.5,0.0,0.0,0.0,0.0,0.0,34
2023-05-11 10:14:06,TA401C5100,TA401C5100,416.5,0.0,0.0,0.0,5,410.0,511.0,1,416.5,0.0,0.0,0.0,0.0,0.0,34
2023-05-11 10:14:06,TA401C5100,TA401C5100,416.5,0.0,0.0,0.0,5,410.0,417.5,5,416.5,0.0,0.0,0.0,0.0,0.0,34
2023-05-11 10:14:13,TA401C5100,TA401C5100,416.5,0.0,0.0,0.0,5,412.0,417.5,5,416.5,0.0,0.0,0.0,0.0,0.0,34
2023-05-11 10:14:15,TA401C5100,TA401C5100,416.5,0.0,0.0,0.0,5,412.0,511.0,1,416.5,0.0,0.0,0.0,0.0,0.0,34
2023-05-11 10:14:17,TA401C5100,TA401C5100,416.5,0.0,0.0,0.0,5,412.0,420.0,5,416.5,0.0,0.0,0.0,0.0,0.0,34
2023-05-11 10:14:22,TA401C5100,TA401C5100,416.5,0.0,0.0,0.0,5,415.0,420.0,5,416.5,0.0,0.0,0.0,0.0,0.0,34
2023-05-11 10:14:23,TA401C5100,TA401C5100,416.5,0.0,0.0,0.0,5,415.0,511.0,1,416.5,0.0,0.0,0.0,0.0,0.0,34
2023-05-11 10:14:24,TA401C5100,TA401C5100,416.5,0.0,0.0,0.0,5,415.0,422.5,5,416.5,0.0,0.0,0.0,0.0,0.0,34
2023-05-11 10:14:32,TA401C5100,TA401C5100,416.5,0.0,0.0,0.0,5,415.0,420.5,5,416.5,0.0,0.0,0.0,0.0,0.0,34
2023-05-11 10:30:12,TA401C5100,TA401C5100,416.5,0.0,0.0,0.0,5,415.0,422.5,5,416.5,0.0,0.0,0.0,0.0,0.0,34
2023-05-11 10:30:14,TA401C5100,TA401C5100,416.5,0.0,0.0,0.0,5,415.0,511.0,1,416.5,0.0,0.0,0.0,0.0,0.0,34
2023-05-11 10:30:16,TA401C5100,TA401C5100,416.5,0.0,0.0,0.0,5,415.0,424.5,5,416.5,0.0,0.0,0.0,0.0,0.0,34
2023-05-11 10:30:17,TA401C5100,TA401C5100,416.5,0.0,0.0,0.0,5,417.5,424.5,5,416.5,0.0,0.0,0.0,0.0,0.0,34
2023-05-11 10:30:39,TA401C5100,TA401C5100,416.5,0.0,0.0,0.0,5,415.0,424.5,5,416.5,0.0,0.0,0.0,0.0,0.0,34
2023-05-11 10:30:41,TA401C5100,TA401C5100,416.5,0.0,0.0,0.0,5,415.0,422.5,5,416.5,0.0,0.0,0.0,0.0,0.0,34
2023-05-11 10:31:08,TA401C5100,TA401C5100,416.5,0.0,0.0,0.0,5,415.0,420.0,5,416.5,0.0,0.0,0.0,0.0,0.0,34
2023-05-11 10:32:07,TA401C5100,TA401C5100,416.5,0.0,0.0,0.0,1,351.5,420.0,5,416.5,0.0,0.0,0.0,0.0,0.0,34
2023-05-11 10:32:07,TA401C5100,TA401C5100,416.5,0.0,0.0,0.0,2,355.0,420.0,5,416.5,0.0,0.0,0.0,0.0,0.0,34
2023-05-11 10:32:08,TA401C5100,TA401C5100,416.5,0.0,0.0,0.0,5,411.5,420.0,5,416.5,0.0,0.0,0.0,0.0,0.0,34
2023-05-11 10:32:37,TA401C5100,TA401C5100,416.5,0.0,0.0,0.0,5,413.5,420.0,5,416.5,0.0,0.0,0.0,0.0,0.0,34
2023-05-11 10:33:10,TA401C5100,TA401C5100,416.5,0.0,0.0,0.0,5,411.5,420.0,5,416.5,0.0,0.0,0.0,0.0,0.0,34
2023-05-11 10:33:22,TA401C5100,TA401C5100,416.5,0.0,0.0,0.0,5,411.5,417.5,5,416.5,0.0,0.0,0.0,0.0,0.0,34
2023-05-11 10:34:21,TA401C5100,TA401C5100,416.5,0.0,0.0,0.0,1,397.0,417.5,5,416.5,0.0,0.0,0.0,0.0,0.0,34
2023-05-11 10:34:24,TA401C5100,TA401C5100,416.5,0.0,0.0,0.0,5,408.5,417.5,5,416.5,0.0,0.0,0.0,0.0,0.0,34
2023-05-11 10:34:25,TA401C5100,TA401C5100,416.5,0.0,0.0,0.0,5,408.5,415.5,5,416.5,0.0,0.0,0.0,0.0,0.0,34
2023-05-11 10:35:59,TA401C5100,TA401C5100,416.5,0.0,0.0,0.0,5,408.5,413.5,5,416.5,0.0,0.0,0.0,0.0,0.0,34
2023-05-11 10:36:47,TA401C5100,TA401C5100,416.5,0.0,0.0,0.0,5,408.5,415.5,5,416.5,0.0,0.0,0.0,0.0,0.0,34
2023-05-11 10:37:22,TA401C5100,TA401C5100,416.5,0.0,0.0,0.0,5,408.5,413.5,5,416.5,0.0,0.0,0.0,0.0,0.0,34
2023-05-11 10:37:37,TA401C5100,TA401C5100,416.5,0.0,0.0,0.0,1,397.0,413.5,5,416.5,0.0,0.0,0.0,0.0,0.0,34
2023-05-11 10:37:38,TA401C5100,TA401C5100,416.5,0.0,0.0,0.0,5,405.5,413.5,5,416.5,0.0,0.0,0.0,0.0,0.0,34
2023-05-11 10:37:53,TA401C5100,TA401C5100,416.5,0.0,0.0,0.0,5,407.5,413.5,5,416.5,0.0,0.0,0.0,0.0,0.0,34
2023-05-11 10:39:23,TA401C5100,TA401C5100,416.5,0.0,0.0,0.0,5,407.5,415.5,5,416.5,0.0,0.0,0.0,0.0,0.0,34
2023-05-11 10:39:27,TA401C5100,TA401C5100,416.5,0.0,0.0,0.0,5,409.5,415.5,5,416.5,0.0,0.0,0.0,0.0,0.0,34
2023-05-11 10:39:34,TA401C5100,TA401C5100,416.5,0.0,0.0,0.0,5,409.5,511.0,1,416.5,0.0,0.0,0.0,0.0,0.0,34
2023-05-11 10:39:35,TA401C5100,TA401C5100,416.5,0.0,0.0,0.0,5,409.5,418.5,5,416.5,0.0,0.0,0.0,0.0,0.0,34
2023-05-11 10:39:46,TA401C5100,TA401C5100,416.5,0.0,0.0,0.0,5,411.5,418.5,5,416.5,0.0,0.0,0.0,0.0,0.0,34
2023-05-11 10:41:08,TA401C5100,TA401C5100,416.5,0.0,0.0,0.0,5,413.5,418.5,5,416.5,0.0,0.0,0.0,0.0,0.0,34
2023-05-11 10:41:10,TA401C5100,TA401C5100,416.5,0.0,0.0,0.0,5,413.5,511.0,1,416.5,0.0,0.0,0.0,0.0,0.0,34
2023-05-11 10:41:11,TA401C5100,TA401C5100,416.5,0.0,0.0,0.0,5,413.5,421.5,5,416.5,0.0,0.0,0.0,0.0,0.0,34
2023-05-11 10:41:39,TA401C5100,TA401C5100,416.5,0.0,0.0,0.0,5,413.5,419.5,5,416.5,0.0,0.0,0.0,0.0,0.0,34
2023-05-11 10:43:18,TA401C5100,TA401C5100,416.5,0.0,0.0,0.0,5,411.5,419.5,5,416.5,0.0,0.0,0.0,0.0,0.0,34
2023-05-11 10:43:28,TA401C5100,TA401C5100,416.5,0.0,0.0,0.0,5,411.5,417.5,5,416.5,0.0,0.0,0.0,0.0,0.0,34
2023-05-11 10:45:03,TA401C5100,TA401C5100,416.5,0.0,0.0,0.0,5,413.5,419.5,5,416.5,0.0,0.0,0.0,0.0,0.0,34
2023-05-11 10:45:17,TA401C5100,TA401C5100,416.5,0.0,0.0,0.0,5,413.5,511.0,1,416.5,0.0,0.0,0.0,0.0,0.0,34
2023-05-11 10:45:20,TA401C5100,TA401C5100,416.5,0.0,0.0,0.0,5,416.0,511.0,1,416.5,0.0,0.0,0.0,0.0,0.0,34
2023-05-11 10:45:21,TA401C5100,TA401C5100,416.5,0.0,0.0,0.0,5,416.0,423.0,5,416.5,0.0,0.0,0.0,0.0,0.0,34
2023-05-11 10:45:49,TA401C5100,TA401C5100,416.5,0.0,0.0,0.0,5,418.0,423.0,5,416.5,0.0,0.0,0.0,0.0,0.0,34
2023-05-11 10:46:02,TA401C5100,TA401C5100,416.5,0.0,0.0,0.0,5,418.0,426.0,5,416.5,0.0,0.0,0.0,0.0,0.0,34
2023-05-11 10:46:12,TA401C5100,TA401C5100,416.5,0.0,0.0,0.0,5,420.0,426.0,5,416.5,0.0,0.0,0.0,0.0,0.0,34
2023-05-11 10:47:06,TA401C5100,TA401C5100,416.5,0.0,0.0,0.0,5,418.0,426.0,5,416.5,0.0,0.0,0.0,0.0,0.0,34
2023-05-11 10:47:11,TA401C5100,TA401C5100,416.5,0.0,0.0,0.0,5,418.0,424.0,5,416.5,0.0,0.0,0.0,0.0,0.0,34
2023-05-11 10:47:40,TA401C5100,TA401C5100,416.5,0.0,0.0,0.0,5,418.0,426.0,5,416.5,0.0,0.0,0.0,0.0,0.0,34
2023-05-11 10:47:44,TA401C5100,TA401C5100,416.5,0.0,0.0,0.0,5,420.0,426.0,5,416.5,0.0,0.0,0.0,0.0,0.0,34
2023-05-11 10:48:07,TA401C5100,TA401C5100,416.5,0.0,0.0,0.0,5,420.0,429.0,5,416.5,0.0,0.0,0.0,0.0,0.0,34
2023-05-11 10:49:22,TA401C5100,TA401C5100,416.5,0.0,0.0,0.0,5,422.0,429.0,5,416.5,0.0,0.0,0.0,0.0,0.0,34
2023-05-11 10:50:12,TA401C5100,TA401C5100,416.5,0.0,0.0,0.0,5,424.0,429.0,5,416.5,0.0,0.0,0.0,0.0,0.0,34
2023-05-11 10:50:54,TA401C5100,TA401C5100,416.5,0.0,0.0,0.0,5,424.0,511.0,1,416.5,0.0,0.0,0.0,0.0,0.0,34
2023-05-11 10:50:56,TA401C5100,TA401C5100,416.5,0.0,0.0,0.0,5,424.0,432.5,5,416.5,0.0,0.0,0.0,0.0,0.0,34
2023-05-11 10:51:02,TA401C5100,TA401C5100,416.5,0.0,0.0,0.0,5,426.5,432.5,5,416.5,0.0,0.0,0.0,0.0,0.0,34
2023-05-11 10:51:21,TA401C5100,TA401C5100,416.5,0.0,0.0,0.0,5,424.0,432.5,5,416.5,0.0,0.0,0.0,0.0,0.0,34
2023-05-11 10:51:24,TA401C5100,TA401C5100,416.5,0.0,0.0,0.0,5,424.0,430.5,5,416.5,0.0,0.0,0.0,0.0,0.0,34
2023-05-11 10:51:27,TA401C5100,TA401C5100,416.5,0.0,0.0,0.0,1,397.0,430.5,5,416.5,0.0,0.0,0.0,0.0,0.0,34
2023-05-11 10:51:30,TA401C5100,TA401C5100,416.5,0.0,0.0,0.0,5,421.5,430.5,5,416.5,0.0,0.0,0.0,0.0,0.0,34
2023-05-11 10:51:44,TA401C5100,TA401C5100,416.5,0.0,0.0,0.0,5,421.5,428.5,5,416.5,0.0,0.0,0.0,0.0,0.0,34
2023-05-11 10:52:02,TA401C5100,TA401C5100,416.5,0.0,0.0,0.0,5,421.5,430.5,5,416.5,0.0,0.0,0.0,0.0,0.0,34
2023-05-11 10:52:04,TA401C5100,TA401C5100,416.5,0.0,0.0,0.0,5,424.0,430.5,5,416.5,0.0,0.0,0.0,0.0,0.0,34
2023-05-11 10:55:19,TA401C5100,TA401C5100,416.5,0.0,0.0,0.0,5,421.5,428.5,5,416.5,0.0,0.0,0.0,0.0,0.0,34
2023-05-11 10:55:47,TA401C5100,TA401C5100,416.5,0.0,0.0,0.0,5,421.5,426.0,5,416.5,0.0,0.0,0.0,0.0,0.0,34
2023-05-11 10:55:48,TA401C5100,TA401C5100,416.5,0.0,0.0,0.0,1,397.0,426.0,5,416.5,0.0,0.0,0.0,0.0,0.0,34
2023-05-11 10:55:49,TA401C5100,TA401C5100,416.5,0.0,0.0,0.0,5,419.0,426.0,5,416.5,0.0,0.0,0.0,0.0,0.0,34
2023-05-11 11:00:19,TA401C5100,TA401C5100,416.5,0.0,0.0,0.0,5,419.0,424.0,5,416.5,0.0,0.0,0.0,0.0,0.0,34
2023-05-11 11:00:38,TA401C5100,TA401C5100,416.5,0.0,0.0,0.0,1,397.0,424.0,5,416.5,0.0,0.0,0.0,0.0,0.0,34
2023-05-11 11:00:42,TA401C5100,TA401C5100,416.5,0.0,0.0,0.0,1,397.0,421.5,5,416.5,0.0,0.0,0.0,0.0,0.0,34
2023-05-11 11:00:43,TA401C5100,TA401C5100,416.5,0.0,0.0,0.0,5,414.5,421.5,5,416.5,0.0,0.0,0.0,0.0,0.0,34
2023-05-11 11:01:47,TA401C5100,TA401C5100,416.5,0.0,0.0,0.0,5,416.5,421.5,5,416.5,0.0,0.0,0.0,0.0,0.0,34
2023-05-11 11:01:47,TA401C5100,TA401C5100,416.5,0.0,0.0,0.0,5,416.5,424.0,5,416.5,0.0,0.0,0.0,0.0,0.0,34
2023-05-11 11:02:03,TA401C5100,TA401C5100,416.5,0.0,0.0,0.0,5,418.5,424.0,5,416.5,0.0,0.0,0.0,0.0,0.0,34
2023-05-11 11:02:06,TA401C5100,TA401C5100,416.5,0.0,0.0,0.0,5,418.5,511.0,1,416.5,0.0,0.0,0.0,0.0,0.0,34
2023-05-11 11:02:07,TA401C5100,TA401C5100,416.5,0.0,0.0,0.0,5,418.5,427.5,5,416.5,0.0,0.0,0.0,0.0,0.0,34
2023-05-11 11:02:12,TA401C5100,TA401C5100,416.5,0.0,0.0,0.0,5,420.5,427.5,5,416.5,0.0,0.0,0.0,0.0,0.0,34
2023-05-11 11:04:43,TA401C5100,TA401C5100,416.5,0.0,0.0,0.0,5,420.5,425.5,5,416.5,0.0,0.0,0.0,0.0,0.0,34
2023-05-11 11:04:45,TA401C5100,TA401C5100,416.5,0.0,0.0,0.0,5,418.5,425.5,5,416.5,0.0,0.0,0.0,0.0,0.0,34
2023-05-11 11:04:49,TA401C5100,TA401C5100,416.5,0.0,0.0,0.0,5,418.5,423.5,5,416.5,0.0,0.0,0.0,0.0,0.0,34
2023-05-11 11:04:50,TA401C5100,TA401C5100,416.5,0.0,0.0,0.0,1,397.0,423.5,5,416.5,0.0,0.0,0.0,0.0,0.0,34
2023-05-11 11:04:50,TA401C5100,TA401C5100,416.5,0.0,0.0,0.0,5,415.5,423.5,5,416.5,0.0,0.0,0.0,0.0,0.0,34
2023-05-11 11:05:45,TA401C5100,TA401C5100,416.5,0.0,0.0,0.0,5,417.5,423.5,5,416.5,0.0,0.0,0.0,0.0,0.0,34
2023-05-11 11:05:57,TA401C5100,TA401C5100,416.5,0.0,0.0,0.0,5,417.5,425.5,5,416.5,0.0,0.0,0.0,0.0,0.0,34
2023-05-11 11:06:52,TA401C5100,TA401C5100,416.5,0.0,0.0,0.0,5,417.5,423.5,5,416.5,0.0,0.0,0.0,0.0,0.0,34
2023-05-11 11:06:54,TA401C5100,TA401C5100,416.5,0.0,0.0,0.0,5,415.5,423.5,5,416.5,0.0,0.0,0.0,0.0,0.0,34
2023-05-11 11:06:57,TA401C5100,TA401C5100,416.5,0.0,0.0,0.0,5,415.5,421.5,5,416.5,0.0,0.0,0.0,0.0,0.0,34
2023-05-11 11:07:12,TA401C5100,TA401C5100,416.5,0.0,0.0,0.0,1,397.0,421.5,5,416.5,0.0,0.0,0.0,0.0,0.0,34
2023-05-11 11:07:13,TA401C5100,TA401C5100,416.5,0.0,0.0,0.0,5,412.0,421.5,5,416.5,0.0,0.0,0.0,0.0,0.0,34
2023-05-11 11:07:30,TA401C5100,TA401C5100,416.5,0.0,0.0,0.0,5,414.0,421.5,5,416.5,0.0,0.0,0.0,0.0,0.0,34
2023-05-11 11:10:58,TA401C5100,TA401C5100,416.5,0.0,0.0,0.0,5,414.0,419.0,5,416.5,0.0,0.0,0.0,0.0,0.0,34
2023-05-11 11:12:34,TA401C5100,TA401C5100,416.5,0.0,0.0,0.0,5,414.0,421.5,5,416.5,0.0,0.0,0.0,0.0,0.0,34
2023-05-11 11:13:10,TA401C5100,TA401C5100,416.5,0.0,0.0,0.0,5,416.0,421.5,5,416.5,0.0,0.0,0.0,0.0,0.0,34
2023-05-11 11:13:50,TA401C5100,TA401C5100,416.5,0.0,0.0,0.0,5,416.0,424.5,5,416.5,0.0,0.0,0.0,0.0,0.0,34
2023-05-11 11:14:18,TA401C5100,TA401C5100,416.5,0.0,0.0,0.0,5,418.0,424.5,5,416.5,0.0,0.0,0.0,0.0,0.0,34
2023-05-11 11:14:56,TA401C5100,TA401C5100,416.5,0.0,0.0,0.0,5,420.0,424.5,5,416.5,0.0,0.0,0.0,0.0,0.0,34
2023-05-11 11:14:59,TA401C5100,TA401C5100,416.5,0.0,0.0,0.0,5,420.0,427.5,5,416.5,0.0,0.0,0.0,0.0,0.0,34
2023-05-11 11:15:19,TA401C5100,TA401C5100,416.5,0.0,0.0,0.0,5,420.0,425.5,5,416.5,0.0,0.0,0.0,0.0,0.0,34
2023-05-11 11:16:36,TA401C5100,TA401C5100,416.5,0.0,0.0,0.0,5,418.0,425.5,5,416.5,0.0,0.0,0.0,0.0,0.0,34
2023-05-11 11:18:33,TA401C5100,TA401C5100,416.5,0.0,0.0,0.0,5,420.0,425.5,5,416.5,0.0,0.0,0.0,0.0,0.0,34
2023-05-11 11:19:39,TA401C5100,TA401C5100,416.5,0.0,0.0,0.0,5,420.0,427.5,5,416.5,0.0,0.0,0.0,0.0,0.0,34
2023-05-11 11:25:08,TA401C5100,TA401C5100,416.5,0.0,0.0,0.0,5,422.0,427.5,5,416.5,0.0,0.0,0.0,0.0,0.0,34
2023-05-11 11:25:58,TA401C5100,TA401C5100,416.5,0.0,0.0,0.0,5,420.0,427.5,5,416.5,0.0,0.0,0.0,0.0,0.0,34
2023-05-11 11:26:12,TA401C5100,TA401C5100,416.5,0.0,0.0,0.0,5,420.0,425.5,5,416.5,0.0,0.0,0.0,0.0,0.0,34
2023-05-11 11:27:04,TA401C5100,TA401C5100,416.5,0.0,0.0,0.0,1,397.0,425.5,5,416.5,0.0,0.0,0.0,0.0,0.0,34
2023-05-11 11:27:05,TA401C5100,TA401C5100,416.5,0.0,0.0,0.0,5,417.0,425.5,5,416.5,0.0,0.0,0.0,0.0,0.0,34
2023-05-11 11:27:06,TA401C5100,TA401C5100,416.5,0.0,0.0,0.0,5,417.0,423.5,5,416.5,0.0,0.0,0.0,0.0,0.0,34
2023-05-11 11:29:21,TA401C5100,TA401C5100,416.5,0.0,0.0,0.0,1,397.0,421.5,5,416.5,0.0,0.0,0.0,0.0,0.0,34
2023-05-11 11:29:23,TA401C5100,TA401C5100,416.5,0.0,0.0,0.0,5,414.5,421.5,5,416.5,0.0,0.0,0.0,0.0,0.0,34
2023-05-11 11:29:27,TA401C5100,TA401C5100,416.5,0.0,0.0,0.0,1,397.0,511.0,1,416.5,0.0,0.0,0.0,0.0,0.0,34
2023-05-11 11:29:29,TA401C5100,TA401C5100,416.5,0.0,0.0,0.0,1,314.0,511.0,1,416.5,0.0,0.0,0.0,0.0,0.0,34
2023-05-11 13:31:15,TA401C5100,TA401C5100,416.5,0.0,0.0,0.0,1,366.0,511.0,1,416.5,0.0,0.0,0.0,0.0,0.0,34
2023-05-11 13:44:16,TA401C5100,TA401C5100,416.5,0.0,0.0,0.0,1,366.0,433.5,5,416.5,0.0,0.0,0.0,0.0,0.0,34
2023-05-11 13:44:18,TA401C5100,TA401C5100,416.5,0.0,0.0,0.0,5,427.0,433.5,5,416.5,0.0,0.0,0.0,0.0,0.0,34
2023-05-11 13:44:28,TA401C5100,TA401C5100,416.5,0.0,0.0,0.0,1,366.0,433.5,5,416.5,0.0,0.0,0.0,0.0,0.0,34
2023-05-11 13:44:29,TA401C5100,TA401C5100,416.5,0.0,0.0,0.0,5,424.5,433.5,5,416.5,0.0,0.0,0.0,0.0,0.0,34
2023-05-11 13:44:49,TA401C5100,TA401C5100,416.5,0.0,0.0,0.0,5,424.5,431.5,5,416.5,0.0,0.0,0.0,0.0,0.0,34
2023-05-11 13:45:23,TA401C5100,TA401C5100,416.5,0.0,0.0,0.0,5,426.5,431.5,5,416.5,0.0,0.0,0.0,0.0,0.0,34
2023-05-11 13:45:24,TA401C5100,TA401C5100,416.5,0.0,0.0,0.0,5,426.5,433.5,5,416.5,0.0,0.0,0.0,0.0,0.0,34
2023-05-11 13:45:34,TA401C5100,TA401C5100,416.5,0.0,0.0,0.0,5,428.5,433.5,5,416.5,0.0,0.0,0.0,0.0,0.0,34
2023-05-11 13:45:36,TA401C5100,TA401C5100,416.5,0.0,0.0,0.0,5,428.5,511.0,1,416.5,0.0,0.0,0.0,0.0,0.0,34
2023-05-11 13:45:38,TA401C5100,TA401C5100,416.5,0.0,0.0,0.0,5,428.5,436.5,5,416.5,0.0,0.0,0.0,0.0,0.0,34
2023-05-11 13:45:56,TA401C5100,TA401C5100,416.5,0.0,0.0,0.0,5,430.5,436.5,5,416.5,0.0,0.0,0.0,0.0,0.0,34
2023-05-11 13:50:19,TA401C5100,TA401C5100,416.5,0.0,0.0,0.0,5,428.5,436.5,5,416.5,0.0,0.0,0.0,0.0,0.0,34
2023-05-11 13:51:11,TA401C5100,TA401C5100,416.5,0.0,0.0,0.0,5,430.5,436.5,5,416.5,0.0,0.0,0.0,0.0,0.0,34
2023-05-11 13:51:27,TA401C5100,TA401C5100,416.5,0.0,0.0,0.0,5,430.5,511.0,1,416.5,0.0,0.0,0.0,0.0,0.0,34
2023-05-11 13:51:28,TA401C5100,TA401C5100,416.5,0.0,0.0,0.0,5,430.5,439.5,5,416.5,0.0,0.0,0.0,0.0,0.0,34
2023-05-11 13:51:29,TA401C5100,TA401C5100,416.5,0.0,0.0,0.0,5,432.5,439.5,5,416.5,0.0,0.0,0.0,0.0,0.0,34
2023-05-11 13:52:02,TA401C5100,TA401C5100,416.5,0.0,0.0,0.0,5,432.5,437.5,5,416.5,0.0,0.0,0.0,0.0,0.0,34
2023-05-11 13:52:03,TA401C5100,TA401C5100,416.5,0.0,0.0,0.0,5,430.5,437.5,5,416.5,0.0,0.0,0.0,0.0,0.0,34
2023-05-11 13:52:09,TA401C5100,TA401C5100,416.5,0.0,0.0,0.0,1,366.0,437.5,5,416.5,0.0,0.0,0.0,0.0,0.0,34
2023-05-11 13:52:11,TA401C5100,TA401C5100,416.5,0.0,0.0,0.0,1,366.0,434.5,5,416.5,0.0,0.0,0.0,0.0,0.0,34
2023-05-11 13:52:13,TA401C5100,TA401C5100,416.5,0.0,0.0,0.0,5,426.5,434.5,5,416.5,0.0,0.0,0.0,0.0,0.0,34
2023-05-11 13:53:58,TA401C5100,TA401C5100,416.5,0.0,0.0,0.0,5,428.5,434.5,5,416.5,0.0,0.0,0.0,0.0,0.0,34
2023-05-11 13:54:07,TA401C5100,TA401C5100,416.5,0.0,0.0,0.0,5,428.5,437.5,5,416.5,0.0,0.0,0.0,0.0,0.0,34
2023-05-11 13:54:08,TA401C5100,TA401C5100,416.5,0.0,0.0,0.0,5,430.5,437.5,5,416.5,0.0,0.0,0.0,0.0,0.0,34
2023-05-11 13:55:56,TA401C5100,TA401C5100,416.5,0.0,0.0,0.0,5,430.5,435.5,5,416.5,0.0,0.0,0.0,0.0,0.0,34
2023-05-11 13:55:59,TA401C5100,TA401C5100,416.5,0.0,0.0,0.0,5,428.5,435.5,5,416.5,0.0,0.0,0.0,0.0,0.0,34
2023-05-11 13:56:46,TA401C5100,TA401C5100,416.5,0.0,0.0,0.0,5,428.5,433.5,5,416.5,0.0,0.0,0.0,0.0,0.0,34
2023-05-11 13:58:36,TA401C5100,TA401C5100,416.5,0.0,0.0,0.0,5,428.5,435.5,5,416.5,0.0,0.0,0.0,0.0,0.0,34
2023-05-11 13:59:31,TA401C5100,TA401C5100,416.5,0.0,0.0,0.0,5,428.5,433.5,5,416.5,0.0,0.0,0.0,0.0,0.0,34
2023-05-11 13:59:31,TA401C5100,TA401C5100,416.5,0.0,0.0,0.0,1,366.0,433.5,5,416.5,0.0,0.0,0.0,0.0,0.0,34
2023-05-11 13:59:32,TA401C5100,TA401C5100,416.5,0.0,0.0,0.0,2,369.5,433.5,5,416.5,0.0,0.0,0.0,0.0,0.0,34
2023-05-11 13:59:32,TA401C5100,TA401C5100,416.5,0.0,0.0,0.0,1,411.0,433.5,5,416.5,0.0,0.0,0.0,0.0,0.0,34
2023-05-11 13:59:33,TA401C5100,TA401C5100,416.5,0.0,0.0,0.0,5,426.0,433.5,5,416.5,0.0,0.0,0.0,0.0,0.0,34
2023-05-11 14:00:28,TA401C5100,TA401C5100,416.5,0.0,0.0,0.0,5,426.0,431.0,5,416.5,0.0,0.0,0.0,0.0,0.0,34
2023-05-11 14:00:30,TA401C5100,TA401C5100,416.5,0.0,0.0,0.0,1,411.0,431.0,5,416.5,0.0,0.0,0.0,0.0,0.0,34
2023-05-11 14:00:31,TA401C5100,TA401C5100,416.5,0.0,0.0,0.0,5,422.0,431.0,5,416.5,0.0,0.0,0.0,0.0,0.0,34
2023-05-11 14:00:36,TA401C5100,TA401C5100,416.5,0.0,0.0,0.0,5,424.0,431.0,5,416.5,0.0,0.0,0.0,0.0,0.0,34
2023-05-11 14:01:21,TA401C5100,TA401C5100,416.5,0.0,0.0,0.0,5,426.0,431.0,5,416.5,0.0,0.0,0.0,0.0,0.0,34
2023-05-11 14:01:29,TA401C5100,TA401C5100,416.5,0.0,0.0,0.0,5,426.0,433.5,5,416.5,0.0,0.0,0.0,0.0,0.0,34
2023-05-11 14:01:53,TA401C5100,TA401C5100,416.5,0.0,0.0,0.0,5,428.0,433.5,5,416.5,0.0,0.0,0.0,0.0,0.0,34
2023-05-11 14:02:16,TA401C5100,TA401C5100,416.5,0.0,0.0,0.0,5,426.0,433.5,5,416.5,0.0,0.0,0.0,0.0,0.0,34
2023-05-11 14:02:51,TA401C5100,TA401C5100,416.5,0.0,0.0,0.0,5,426.0,431.5,5,416.5,0.0,0.0,0.0,0.0,0.0,34
2023-05-11 14:02:57,TA401C5100,TA401C5100,416.5,0.0,0.0,0.0,5,423.0,431.5,5,416.5,0.0,0.0,0.0,0.0,0.0,34
2023-05-11 14:04:56,TA401C5100,TA401C5100,416.5,0.0,0.0,0.0,5,423.0,429.5,5,416.5,0.0,0.0,0.0,0.0,0.0,34
2023-05-11 14:06:13,TA401C5100,TA401C5100,416.5,0.0,0.0,0.0,5,425.0,431.5,5,416.5,0.0,0.0,0.0,0.0,0.0,34
2023-05-11 14:08:16,TA401C5100,TA401C5100,416.5,0.0,0.0,0.0,5,425.0,429.5,5,416.5,0.0,0.0,0.0,0.0,0.0,34
2023-05-11 14:08:52,TA401C5100,TA401C5100,416.5,0.0,0.0,0.0,5,423.0,429.5,5,416.5,0.0,0.0,0.0,0.0,0.0,34
2023-05-11 14:14:31,TA401C5100,TA401C5100,416.5,0.0,0.0,0.0,5,424.5,429.5,5,416.5,0.0,0.0,0.0,0.0,0.0,34
2023-05-11 14:14:37,TA401C5100,TA401C5100,416.5,0.0,0.0,0.0,5,424.5,431.5,5,416.5,0.0,0.0,0.0,0.0,0.0,34
2023-05-11 14:14:59,TA401C5100,TA401C5100,416.5,0.0,0.0,0.0,5,426.0,431.5,5,416.5,0.0,0.0,0.0,0.0,0.0,34
2023-05-11 14:15:49,TA401C5100,TA401C5100,416.5,0.0,0.0,0.0,5,426.0,511.0,1,416.5,0.0,0.0,0.0,0.0,0.0,34
2023-05-11 14:15:52,TA401C5100,TA401C5100,416.5,0.0,0.0,0.0,5,426.0,434.5,5,416.5,0.0,0.0,0.0,0.0,0.0,34
2023-05-11 14:16:32,TA401C5100,TA401C5100,416.5,0.0,0.0,0.0,5,426.0,433.0,5,416.5,0.0,0.0,0.0,0.0,0.0,34
2023-05-11 14:17:04,TA401C5100,TA401C5100,416.5,0.0,0.0,0.0,5,426.0,431.0,5,416.5,0.0,0.0,0.0,0.0,0.0,34
2023-05-11 14:18:10,TA401C5100,TA401C5100,416.5,0.0,0.0,0.0,5,426.0,433.0,5,416.5,0.0,0.0,0.0,0.0,0.0,34
2023-05-11 14:18:42,TA401C5100,TA401C5100,416.5,0.0,0.0,0.0,5,428.0,433.0,5,416.5,0.0,0.0,0.0,0.0,0.0,34
2023-05-11 14:19:14,TA401C5100,TA401C5100,416.5,0.0,0.0,0.0,5,426.0,433.0,5,416.5,0.0,0.0,0.0,0.0,0.0,34
2023-05-11 14:20:05,TA401C5100,TA401C5100,416.5,0.0,0.0,0.0,5,428.0,433.0,5,416.5,0.0,0.0,0.0,0.0,0.0,34
2023-05-11 14:20:11,TA401C5100,TA401C5100,416.5,0.0,0.0,0.0,5,428.0,511.0,1,416.5,0.0,0.0,0.0,0.0,0.0,34
2023-05-11 14:20:12,TA401C5100,TA401C5100,416.5,0.0,0.0,0.0,5,428.0,435.5,5,416.5,0.0,0.0,0.0,0.0,0.0,34
2023-05-11 14:21:06,TA401C5100,TA401C5100,416.5,0.0,0.0,0.0,5,430.0,435.5,5,416.5,0.0,0.0,0.0,0.0,0.0,34
2023-05-11 14:21:23,TA401C5100,TA401C5100,416.5,0.0,0.0,0.0,5,428.0,433.5,5,416.5,0.0,0.0,0.0,0.0,0.0,34
2023-05-11 14:21:28,TA401C5100,TA401C5100,416.5,0.0,0.0,0.0,1,411.0,433.5,5,416.5,0.0,0.0,0.0,0.0,0.0,34
2023-05-11 14:21:29,TA401C5100,TA401C5100,416.5,0.0,0.0,0.0,5,425.0,433.5,5,416.5,0.0,0.0,0.0,0.0,0.0,34
2023-05-11 14:21:35,TA401C5100,TA401C5100,416.5,0.0,0.0,0.0,5,425.0,431.5,5,416.5,0.0,0.0,0.0,0.0,0.0,34
2023-05-11 14:21:54,TA401C5100,TA401C5100,416.5,0.0,0.0,0.0,1,411.0,429.5,5,416.5,0.0,0.0,0.0,0.0,0.0,34
2023-05-11 14:21:55,TA401C5100,TA401C5100,416.5,0.0,0.0,0.0,5,422.0,429.5,5,416.5,0.0,0.0,0.0,0.0,0.0,34
2023-05-11 14:22:33,TA401C5100,TA401C5100,416.5,0.0,0.0,0.0,5,422.0,427.5,5,416.5,0.0,0.0,0.0,0.0,0.0,34
2023-05-11 14:22:46,TA401C5100,TA401C5100,416.5,0.0,0.0,0.0,1,411.0,427.5,5,416.5,0.0,0.0,0.0,0.0,0.0,34
2023-05-11 14:22:46,TA401C5100,TA401C5100,416.5,0.0,0.0,0.0,5,419.0,427.5,5,416.5,0.0,0.0,0.0,0.0,0.0,34
2023-05-11 14:23:00,TA401C5100,TA401C5100,416.5,0.0,0.0,0.0,5,419.0,425.5,5,416.5,0.0,0.0,0.0,0.0,0.0,34
2023-05-11 14:25:57,TA401C5100,TA401C5100,416.5,0.0,0.0,0.0,1,411.0,425.5,5,416.5,0.0,0.0,0.0,0.0,0.0,34
2023-05-11 14:25:58,TA401C5100,TA401C5100,416.5,0.0,0.0,0.0,5,416.0,425.5,5,416.5,0.0,0.0,0.0,0.0,0.0,34
2023-05-11 14:26:02,TA401C5100,TA401C5100,416.5,0.0,0.0,0.0,5,416.0,423.5,5,416.5,0.0,0.0,0.0,0.0,0.0,34
2023-05-11 14:26:21,TA401C5100,TA401C5100,416.5,0.0,0.0,0.0,5,418.0,423.5,5,416.5,0.0,0.0,0.0,0.0,0.0,34
2023-05-11 14:28:04,TA401C5100,TA401C5100,416.5,0.0,0.0,0.0,5,418.0,425.5,5,416.5,0.0,0.0,0.0,0.0,0.0,34
2023-05-11 14:29:35,TA401C5100,TA401C5100,416.5,0.0,0.0,0.0,5,420.0,425.5,5,416.5,0.0,0.0,0.0,0.0,0.0,34
2023-05-11 14:30:35,TA401C5100,TA401C5100,416.5,0.0,0.0,0.0,5,418.0,425.5,5,416.5,0.0,0.0,0.0,0.0,0.0,34
2023-05-11 14:30:38,TA401C5100,TA401C5100,416.5,0.0,0.0,0.0,5,418.0,423.5,5,416.5,0.0,0.0,0.0,0.0,0.0,34
2023-05-11 14:31:42,TA401C5100,TA401C5100,416.5,0.0,0.0,0.0,1,411.0,423.5,5,416.5,0.0,0.0,0.0,0.0,0.0,34
2023-05-11 14:31:43,TA401C5100,TA401C5100,416.5,0.0,0.0,0.0,5,415.0,423.5,5,416.5,0.0,0.0,0.0,0.0,0.0,34
2023-05-11 14:33:06,TA401C5100,TA401C5100,416.5,0.0,0.0,0.0,5,417.0,423.5,5,416.5,0.0,0.0,0.0,0.0,0.0,34
2023-05-11 14:37:29,TA401C5100,TA401C5100,416.5,0.0,0.0,0.0,5,417.0,422.0,5,416.5,0.0,0.0,0.0,0.0,0.0,34
2023-05-11 14:37:30,TA401C5100,TA401C5100,416.5,0.0,0.0,0.0,5,415.0,422.0,5,416.5,0.0,0.0,0.0,0.0,0.0,34
2023-05-11 14:37:34,TA401C5100,TA401C5100,416.5,0.0,0.0,0.0,5,415.0,419.5,5,416.5,0.0,0.0,0.0,0.0,0.0,34
2023-05-11 14:37:51,TA401C5100,TA401C5100,416.5,0.0,0.0,0.0,10,418.0,419.5,5,416.5,0.0,0.0,0.0,0.0,0.0,34
2023-05-11 14:37:56,TA401C5100,TA401C5100,416.5,0.0,0.0,0.0,10,418.0,422.0,5,416.5,0.0,0.0,0.0,0.0,0.0,34
2023-05-11 14:38:03,TA401C5100,TA401C5100,416.5,0.0,0.0,0.0,5,415.0,422.0,5,416.5,0.0,0.0,0.0,0.0,0.0,34
2023-05-11 14:38:10,TA401C5100,TA401C5100,416.5,0.0,0.0,0.0,5,415.0,420.0,5,416.5,0.0,0.0,0.0,0.0,0.0,34
2023-05-11 14:38:54,TA401C5100,TA401C5100,416.5,0.0,0.0,0.0,5,412.0,420.0,5,416.5,0.0,0.0,0.0,0.0,0.0,34
2023-05-11 14:39:02,TA401C5100,TA401C5100,416.5,0.0,0.0,0.0,5,412.0,418.0,5,416.5,0.0,0.0,0.0,0.0,0.0,34
2023-05-11 14:39:33,TA401C5100,TA401C5100,416.5,0.0,0.0,0.0,1,310.5,418.0,5,416.5,0.0,0.0,0.0,0.0,0.0,34
2023-05-11 14:39:34,TA401C5100,TA401C5100,416.5,0.0,0.0,0.0,2,317.0,418.0,5,416.5,0.0,0.0,0.0,0.0,0.0,34
2023-05-11 14:39:34,TA401C5100,TA401C5100,416.5,0.0,0.0,0.0,1,362.5,418.0,5,416.5,0.0,0.0,0.0,0.0,0.0,34
2023-05-11 14:39:34,TA401C5100,TA401C5100,416.5,0.0,0.0,0.0,5,409.5,418.0,5,416.5,0.0,0.0,0.0,0.0,0.0,34
2023-05-11 14:40:34,TA401C5100,TA401C5100,416.5,0.0,0.0,0.0,5,409.5,416.0,5,416.5,0.0,0.0,0.0,0.0,0.0,34
2023-05-11 14:41:56,TA401C5100,TA401C5100,416.5,0.0,0.0,0.0,5,409.5,418.0,5,416.5,0.0,0.0,0.0,0.0,0.0,34
2023-05-11 14:44:11,TA401C5100,TA401C5100,416.5,0.0,0.0,0.0,5,411.5,418.0,5,416.5,0.0,0.0,0.0,0.0,0.0,34
2023-05-11 14:45:25,TA401C5100,TA401C5100,416.5,0.0,0.0,0.0,5,411.5,420.5,5,416.5,0.0,0.0,0.0,0.0,0.0,34
2023-05-11 14:45:26,TA401C5100,TA401C5100,416.5,0.0,0.0,0.0,5,413.5,420.5,5,416.5,0.0,0.0,0.0,0.0,0.0,34
2023-05-11 14:48:38,TA401C5100,TA401C5100,416.5,0.0,0.0,0.0,5,415.5,420.5,5,416.5,0.0,0.0,0.0,0.0,0.0,34
2023-05-11 14:48:45,TA401C5100,TA401C5100,416.5,0.0,0.0,0.0,5,415.5,423.5,5,416.5,0.0,0.0,0.0,0.0,0.0,34
2023-05-11 14:49:12,TA401C5100,TA401C5100,416.5,0.0,0.0,0.0,5,417.5,423.5,5,416.5,0.0,0.0,0.0,0.0,0.0,34
2023-05-11 14:49:20,TA401C5100,TA401C5100,416.5,0.0,0.0,0.0,5,415.5,423.5,5,416.5,0.0,0.0,0.0,0.0,0.0,34
2023-05-11 14:49:25,TA401C5100,TA401C5100,416.5,0.0,0.0,0.0,5,415.5,421.5,5,416.5,0.0,0.0,0.0,0.0,0.0,34
2023-05-11 14:49:46,TA401C5100,TA401C5100,416.5,0.0,0.0,0.0,1,362.5,421.5,5,416.5,0.0,0.0,0.0,0.0,0.0,34
2023-05-11 14:49:47,TA401C5100,TA401C5100,416.5,0.0,0.0,0.0,5,412.5,421.5,5,416.5,0.0,0.0,0.0,0.0,0.0,34
2023-05-11 14:49:58,TA401C5100,TA401C5100,416.5,0.0,0.0,0.0,5,412.5,419.5,5,416.5,0.0,0.0,0.0,0.0,0.0,34
2023-05-11 14:58:09,TA401C5100,TA401C5100,416.5,0.0,0.0,0.0,1,362.5,419.5,5,416.5,0.0,0.0,0.0,0.0,0.0,34
2023-05-11 14:58:10,TA401C5100,TA401C5100,416.5,0.0,0.0,0.0,5,409.5,419.5,5,416.5,0.0,0.0,0.0,0.0,0.0,34
2023-05-11 14:58:18,TA401C5100,TA401C5100,416.5,0.0,0.0,0.0,5,409.5,417.0,5,416.5,0.0,0.0,0.0,0.0,0.0,34
2023-05-11 14:58:31,TA401C5100,TA401C5100,416.5,0.0,0.0,0.0,5,409.5,415.0,5,416.5,0.0,0.0,0.0,0.0,0.0,34
2023-05-11 14:58:34,TA401C5100,TA401C5100,416.5,0.0,0.0,0.0,1,362.5,415.0,5,416.5,0.0,0.0,0.0,0.0,0.0,34
2023-05-11 14:58:37,TA401C5100,TA401C5100,416.5,0.0,0.0,0.0,5,406.0,415.0,5,416.5,0.0,0.0,0.0,0.0,0.0,34
2023-05-11 14:58:40,TA401C5100,TA401C5100,416.5,0.0,0.0,0.0,5,406.0,413.0,5,416.5,0.0,0.0,0.0,0.0,0.0,34
2023-05-11 14:58:57,TA401C5100,TA401C5100,416.5,0.0,0.0,0.0,1,362.5,511.0,1,416.5,0.0,0.0,0.0,0.0,0.0,34
2023-05-11 14:59:15,TA401C5100,TA401C5100,416.5,0.0,0.0,0.0,1,304.5,511.0,1,416.5,0.0,0.0,0.0,0.0,0.0,34
2023-05-11 14:59:33,TA401C5100,TA401C5100,416.5,0.0,0.0,0.0,1,338.5,511.0,1,416.5,0.0,0.0,0.0,0.0,0.0,34
