time,symbol_id,symbol_name,last,trade_volume,trade_amount,open_interest_change,bv1,bp1,ap1,av1,yesterday_close,today_open,today_high,today_low,volume,amount,open_interest
2023-05-10 19:12:58,TA401C6000,TA401C6000,118.0,0.0,0.0,0.0,0,0.0,0.0,0,118.0,0.0,0.0,0.0,0.0,0.0,88
2023-05-10 20:59:00,TA401C6000,TA401C6000,118.0,0.0,0.0,0.0,3,30.0,266.0,17,118.0,0.0,0.0,0.0,0.0,0.0,88
2023-05-10 21:00:03,TA401C6000,TA401C6000,118.0,0.0,0.0,0.0,3,30.0,228.0,1,118.0,0.0,0.0,0.0,0.0,0.0,88
2023-05-10 21:00:04,TA401C6000,TA401C6000,118.0,0.0,0.0,0.0,1,57.5,228.0,1,118.0,0.0,0.0,0.0,0.0,0.0,88
2023-05-10 21:00:17,TA401C6000,TA401C6000,118.0,0.0,0.0,0.0,1,57.5,200.5,1,118.0,0.0,0.0,0.0,0.0,0.0,88
2023-05-10 21:00:23,TA401C6000,TA401C6000,118.0,0.0,0.0,0.0,1,57.5,200.5,18,118.0,0.0,0.0,0.0,0.0,0.0,88
2023-05-10 21:00:24,TA401C6000,TA401C6000,118.0,0.0,0.0,0.0,1,57.5,173.0,1,118.0,0.0,0.0,0.0,0.0,0.0,88
2023-05-10 21:01:10,TA401C6000,TA401C6000,118.0,0.0,0.0,0.0,1,58.0,173.0,1,118.0,0.0,0.0,0.0,0.0,0.0,88
2023-05-10 21:01:11,TA401C6000,TA401C6000,118.0,0.0,0.0,0.0,1,103.5,173.0,1,118.0,0.0,0.0,0.0,0.0,0.0,88
2023-05-10 21:01:15,TA401C6000,TA401C6000,118.0,0.0,0.0,0.0,1,103.5,147.5,1,118.0,0.0,0.0,0.0,0.0,0.0,88
2023-05-10 21:01:16,TA401C6000,TA401C6000,118.0,0.0,0.0,0.0,5,121.0,147.5,1,118.0,0.0,0.0,0.0,0.0,0.0,88
2023-05-10 21:01:17,TA401C6000,TA401C6000,118.0,0.0,0.0,0.0,5,121.0,127.0,5,118.0,0.0,0.0,0.0,0.0,0.0,88
2023-05-10 21:01:28,TA401C6000,TA401C6000,118.0,0.0,0.0,0.0,1,103.5,127.0,5,118.0,0.0,0.0,0.0,0.0,0.0,88
2023-05-10 21:01:28,TA401C6000,TA401C6000,118.0,0.0,0.0,0.0,5,119.5,127.0,5,118.0,0.0,0.0,0.0,0.0,0.0,88
2023-05-10 21:01:33,TA401C6000,TA401C6000,118.0,0.0,0.0,0.0,5,119.5,125.0,5,118.0,0.0,0.0,0.0,0.0,0.0,88
2023-05-10 21:01:44,TA401C6000,TA401C6000,118.0,0.0,0.0,0.0,1,103.5,125.0,5,118.0,0.0,0.0,0.0,0.0,0.0,88
2023-05-10 21:01:45,TA401C6000,TA401C6000,118.0,0.0,0.0,0.0,5,118.0,125.0,5,118.0,0.0,0.0,0.0,0.0,0.0,88
2023-05-10 21:02:13,TA401C6000,TA401C6000,118.0,0.0,0.0,0.0,5,118.0,123.0,5,118.0,0.0,0.0,0.0,0.0,0.0,88
2023-05-10 21:02:36,TA401C6000,TA401C6000,118.0,0.0,0.0,0.0,5,116.5,123.0,5,118.0,0.0,0.0,0.0,0.0,0.0,88
2023-05-10 21:04:22,TA401C6000,TA401C6000,118.0,0.0,0.0,0.0,5,116.5,121.0,5,118.0,0.0,0.0,0.0,0.0,0.0,88
2023-05-10 21:04:24,TA401C6000,TA401C6000,118.0,0.0,0.0,0.0,5,115.5,121.0,5,118.0,0.0,0.0,0.0,0.0,0.0,88
2023-05-10 21:05:04,TA401C6000,TA401C6000,118.0,0.0,0.0,0.0,5,116.5,121.0,5,118.0,0.0,0.0,0.0,0.0,0.0,88
2023-05-10 21:06:02,TA401C6000,TA401C6000,118.0,0.0,0.0,0.0,5,117.5,121.0,5,118.0,0.0,0.0,0.0,0.0,0.0,88
2023-05-10 21:06:06,TA401C6000,TA401C6000,118.0,0.0,0.0,0.0,5,117.5,123.0,5,118.0,0.0,0.0,0.0,0.0,0.0,88
2023-05-10 21:06:47,TA401C6000,TA401C6000,118.0,0.0,0.0,0.0,5,118.5,123.0,5,118.0,0.0,0.0,0.0,0.0,0.0,88
2023-05-10 21:07:25,TA401C6000,TA401C6000,118.0,0.0,0.0,0.0,5,117.5,123.0,5,118.0,0.0,0.0,0.0,0.0,0.0,88
2023-05-10 21:09:30,TA401C6000,TA401C6000,118.0,0.0,0.0,0.0,5,116.0,123.0,5,118.0,0.0,0.0,0.0,0.0,0.0,88
2023-05-10 21:10:08,TA401C6000,TA401C6000,118.0,0.0,0.0,0.0,5,116.0,120.0,5,118.0,0.0,0.0,0.0,0.0,0.0,88
2023-05-10 21:10:42,TA401C6000,TA401C6000,118.0,0.0,0.0,0.0,1,103.5,120.0,5,118.0,0.0,0.0,0.0,0.0,0.0,88
2023-05-10 21:10:43,TA401C6000,TA401C6000,118.0,0.0,0.0,0.0,5,115.0,120.0,5,118.0,0.0,0.0,0.0,0.0,0.0,88
2023-05-10 21:11:32,TA401C6000,TA401C6000,118.0,0.0,0.0,0.0,5,115.5,120.0,5,118.0,0.0,0.0,0.0,0.0,0.0,88
2023-05-10 21:12:27,TA401C6000,TA401C6000,118.0,0.0,0.0,0.0,5,115.0,120.0,5,118.0,0.0,0.0,0.0,0.0,0.0,88
2023-05-10 21:16:09,TA401C6000,TA401C6000,118.0,0.0,0.0,0.0,1,103.5,120.0,5,118.0,0.0,0.0,0.0,0.0,0.0,88
2023-05-10 21:16:11,TA401C6000,TA401C6000,118.0,0.0,0.0,0.0,5,114.0,120.0,5,118.0,0.0,0.0,0.0,0.0,0.0,88
2023-05-10 21:16:15,TA401C6000,TA401C6000,118.0,0.0,0.0,0.0,5,114.0,118.5,5,118.0,0.0,0.0,0.0,0.0,0.0,88
2023-05-10 21:16:23,TA401C6000,TA401C6000,118.0,0.0,0.0,0.0,1,103.5,118.5,5,118.0,0.0,0.0,0.0,0.0,0.0,88
2023-05-10 21:16:25,TA401C6000,TA401C6000,118.0,0.0,0.0,0.0,5,113.0,118.5,5,118.0,0.0,0.0,0.0,0.0,0.0,88
2023-05-10 21:16:47,TA401C6000,TA401C6000,118.0,0.0,0.0,0.0,5,113.5,118.5,5,118.0,0.0,0.0,0.0,0.0,0.0,88
2023-05-10 21:17:05,TA401C6000,TA401C6000,118.0,0.0,0.0,0.0,5,113.0,118.5,5,118.0,0.0,0.0,0.0,0.0,0.0,88
2023-05-10 21:17:20,TA401C6000,TA401C6000,118.0,0.0,0.0,0.0,5,113.0,117.0,5,118.0,0.0,0.0,0.0,0.0,0.0,88
2023-05-10 21:18:41,TA401C6000,TA401C6000,118.0,0.0,0.0,0.0,1,103.5,117.0,5,118.0,0.0,0.0,0.0,0.0,0.0,88
2023-05-10 21:18:43,TA401C6000,TA401C6000,118.0,0.0,0.0,0.0,5,112.0,117.0,5,118.0,0.0,0.0,0.0,0.0,0.0,88
2023-05-10 21:18:52,TA401C6000,TA401C6000,118.0,0.0,0.0,0.0,5,112.5,117.0,5,118.0,0.0,0.0,0.0,0.0,0.0,88
2023-05-10 21:19:11,TA401C6000,TA401C6000,118.0,0.0,0.0,0.0,5,113.0,117.0,5,118.0,0.0,0.0,0.0,0.0,0.0,88
2023-05-10 21:20:31,TA401C6000,TA401C6000,118.0,0.0,0.0,0.0,5,113.5,117.0,5,118.0,0.0,0.0,0.0,0.0,0.0,88
2023-05-10 21:21:33,TA401C6000,TA401C6000,118.0,0.0,0.0,0.0,5,114.0,117.0,5,118.0,0.0,0.0,0.0,0.0,0.0,88
2023-05-10 21:23:38,TA401C6000,TA401C6000,118.0,0.0,0.0,0.0,5,114.5,117.0,5,118.0,0.0,0.0,0.0,0.0,0.0,88
2023-05-10 21:24:20,TA401C6000,TA401C6000,118.0,0.0,0.0,0.0,5,114.5,118.5,5,118.0,0.0,0.0,0.0,0.0,0.0,88
2023-05-10 21:27:02,TA401C6000,TA401C6000,118.0,0.0,0.0,0.0,5,114.0,118.5,5,118.0,0.0,0.0,0.0,0.0,0.0,88
2023-05-10 21:27:56,TA401C6000,TA401C6000,118.0,0.0,0.0,0.0,1,103.5,118.5,5,118.0,0.0,0.0,0.0,0.0,0.0,88
2023-05-10 21:27:58,TA401C6000,TA401C6000,118.0,0.0,0.0,0.0,5,113.0,118.5,5,118.0,0.0,0.0,0.0,0.0,0.0,88
2023-05-10 21:28:19,TA401C6000,TA401C6000,118.0,0.0,0.0,0.0,5,113.5,118.5,5,118.0,0.0,0.0,0.0,0.0,0.0,88
2023-05-10 21:28:36,TA401C6000,TA401C6000,118.0,0.0,0.0,0.0,5,114.0,118.5,5,118.0,0.0,0.0,0.0,0.0,0.0,88
2023-05-10 21:31:36,TA401C6000,TA401C6000,118.0,0.0,0.0,0.0,5,114.5,118.5,5,118.0,0.0,0.0,0.0,0.0,0.0,88
2023-05-10 21:33:13,TA401C6000,TA401C6000,118.0,0.0,0.0,0.0,5,114.0,118.5,5,118.0,0.0,0.0,0.0,0.0,0.0,88
2023-05-10 21:35:15,TA401C6000,TA401C6000,118.0,0.0,0.0,0.0,5,114.5,118.5,5,118.0,0.0,0.0,0.0,0.0,0.0,88
2023-05-10 21:36:11,TA401C6000,TA401C6000,118.0,0.0,0.0,0.0,5,114.0,118.5,5,118.0,0.0,0.0,0.0,0.0,0.0,88
2023-05-10 21:37:30,TA401C6000,TA401C6000,118.0,0.0,0.0,0.0,5,114.5,118.5,5,118.0,0.0,0.0,0.0,0.0,0.0,88
2023-05-10 21:38:00,TA401C6000,TA401C6000,118.0,0.0,0.0,0.0,5,114.0,118.5,5,118.0,0.0,0.0,0.0,0.0,0.0,88
2023-05-10 21:38:05,TA401C6000,TA401C6000,118.0,0.0,0.0,0.0,5,113.0,118.5,5,118.0,0.0,0.0,0.0,0.0,0.0,88
2023-05-10 21:38:33,TA401C6000,TA401C6000,118.0,0.0,0.0,0.0,5,113.0,117.0,5,118.0,0.0,0.0,0.0,0.0,0.0,88
2023-05-10 21:39:47,TA401C6000,TA401C6000,118.0,0.0,0.0,0.0,5,112.0,117.0,5,118.0,0.0,0.0,0.0,0.0,0.0,88
2023-05-10 21:40:07,TA401C6000,TA401C6000,118.0,0.0,0.0,0.0,5,112.5,117.0,5,118.0,0.0,0.0,0.0,0.0,0.0,88
2023-05-10 21:40:59,TA401C6000,TA401C6000,118.0,0.0,0.0,0.0,5,113.0,117.0,5,118.0,0.0,0.0,0.0,0.0,0.0,88
2023-05-10 21:41:33,TA401C6000,TA401C6000,118.0,0.0,0.0,0.0,5,112.5,117.0,5,118.0,0.0,0.0,0.0,0.0,0.0,88
2023-05-10 21:42:49,TA401C6000,TA401C6000,118.0,0.0,0.0,0.0,1,103.5,117.0,5,118.0,0.0,0.0,0.0,0.0,0.0,88
2023-05-10 21:42:50,TA401C6000,TA401C6000,118.0,0.0,0.0,0.0,5,111.5,117.0,5,118.0,0.0,0.0,0.0,0.0,0.0,88
2023-05-10 21:42:56,TA401C6000,TA401C6000,118.0,0.0,0.0,0.0,5,112.0,117.0,5,118.0,0.0,0.0,0.0,0.0,0.0,88
2023-05-10 21:44:14,TA401C6000,TA401C6000,118.0,0.0,0.0,0.0,5,112.5,117.0,5,118.0,0.0,0.0,0.0,0.0,0.0,88
2023-05-10 21:45:17,TA401C6000,TA401C6000,118.0,0.0,0.0,0.0,5,113.0,117.0,5,118.0,0.0,0.0,0.0,0.0,0.0,88
2023-05-10 21:47:34,TA401C6000,TA401C6000,118.0,0.0,0.0,0.0,5,112.5,117.0,5,118.0,0.0,0.0,0.0,0.0,0.0,88
2023-05-10 21:48:02,TA401C6000,TA401C6000,118.0,0.0,0.0,0.0,1,103.5,117.0,5,118.0,0.0,0.0,0.0,0.0,0.0,88
2023-05-10 21:48:03,TA401C6000,TA401C6000,118.0,0.0,0.0,0.0,5,111.5,117.0,5,118.0,0.0,0.0,0.0,0.0,0.0,88
2023-05-10 21:48:21,TA401C6000,TA401C6000,118.0,0.0,0.0,0.0,5,111.5,115.5,5,118.0,0.0,0.0,0.0,0.0,0.0,88
2023-05-10 21:48:39,TA401C6000,TA401C6000,118.0,0.0,0.0,0.0,1,103.5,115.5,5,118.0,0.0,0.0,0.0,0.0,0.0,88
2023-05-10 21:48:44,TA401C6000,TA401C6000,118.0,0.0,0.0,0.0,5,110.5,115.5,5,118.0,0.0,0.0,0.0,0.0,0.0,88
2023-05-10 21:49:22,TA401C6000,TA401C6000,118.0,0.0,0.0,0.0,5,111.0,115.5,5,118.0,0.0,0.0,0.0,0.0,0.0,88
2023-05-10 21:50:04,TA401C6000,TA401C6000,118.0,0.0,0.0,0.0,5,111.5,115.5,5,118.0,0.0,0.0,0.0,0.0,0.0,88
2023-05-10 21:51:29,TA401C6000,TA401C6000,118.0,0.0,0.0,0.0,5,112.0,115.5,5,118.0,0.0,0.0,0.0,0.0,0.0,88
2023-05-10 21:53:20,TA401C6000,TA401C6000,118.0,0.0,0.0,0.0,5,111.5,115.5,5,118.0,0.0,0.0,0.0,0.0,0.0,88
2023-05-10 21:53:59,TA401C6000,TA401C6000,118.0,0.0,0.0,0.0,5,110.5,115.5,5,118.0,0.0,0.0,0.0,0.0,0.0,88
2023-05-10 21:54:06,TA401C6000,TA401C6000,118.0,0.0,0.0,0.0,1,103.5,115.5,5,118.0,0.0,0.0,0.0,0.0,0.0,88
2023-05-10 21:54:09,TA401C6000,TA401C6000,118.0,0.0,0.0,0.0,5,109.5,115.5,5,118.0,0.0,0.0,0.0,0.0,0.0,88
2023-05-10 21:54:16,TA401C6000,TA401C6000,118.0,0.0,0.0,0.0,5,109.5,114.0,5,118.0,0.0,0.0,0.0,0.0,0.0,88
2023-05-10 21:56:03,TA401C6000,TA401C6000,118.0,0.0,0.0,0.0,5,110.0,114.0,5,118.0,0.0,0.0,0.0,0.0,0.0,88
2023-05-10 21:56:18,TA401C6000,TA401C6000,118.0,0.0,0.0,0.0,5,110.5,114.0,5,118.0,0.0,0.0,0.0,0.0,0.0,88
2023-05-10 21:58:16,TA401C6000,TA401C6000,118.0,0.0,0.0,0.0,5,110.0,114.0,5,118.0,0.0,0.0,0.0,0.0,0.0,88
2023-05-10 21:59:06,TA401C6000,TA401C6000,118.0,0.0,0.0,0.0,1,103.5,114.0,5,118.0,0.0,0.0,0.0,0.0,0.0,88
2023-05-10 21:59:12,TA401C6000,TA401C6000,118.0,0.0,0.0,0.0,5,108.5,114.0,5,118.0,0.0,0.0,0.0,0.0,0.0,88
2023-05-10 21:59:28,TA401C6000,TA401C6000,118.0,0.0,0.0,0.0,5,109.0,114.0,5,118.0,0.0,0.0,0.0,0.0,0.0,88
2023-05-10 22:00:05,TA401C6000,TA401C6000,118.0,0.0,0.0,0.0,5,109.5,114.0,5,118.0,0.0,0.0,0.0,0.0,0.0,88
2023-05-10 22:00:08,TA401C6000,TA401C6000,118.0,0.0,0.0,0.0,5,110.0,114.0,5,118.0,0.0,0.0,0.0,0.0,0.0,88
2023-05-10 22:00:30,TA401C6000,TA401C6000,118.0,0.0,0.0,0.0,5,110.5,114.0,5,118.0,0.0,0.0,0.0,0.0,0.0,88
2023-05-10 22:02:26,TA401C6000,TA401C6000,118.0,0.0,0.0,0.0,5,111.0,114.0,5,118.0,0.0,0.0,0.0,0.0,0.0,88
2023-05-10 22:05:09,TA401C6000,TA401C6000,118.0,0.0,0.0,0.0,5,110.5,114.0,5,118.0,0.0,0.0,0.0,0.0,0.0,88
2023-05-10 22:05:43,TA401C6000,TA401C6000,118.0,0.0,0.0,0.0,1,103.5,114.0,5,118.0,0.0,0.0,0.0,0.0,0.0,88
2023-05-10 22:05:44,TA401C6000,TA401C6000,118.0,0.0,0.0,0.0,5,110.0,114.0,5,118.0,0.0,0.0,0.0,0.0,0.0,88
2023-05-10 22:06:22,TA401C6000,TA401C6000,118.0,0.0,0.0,0.0,5,110.5,114.0,5,118.0,0.0,0.0,0.0,0.0,0.0,88
2023-05-10 22:07:20,TA401C6000,TA401C6000,118.0,0.0,0.0,0.0,5,111.0,114.0,5,118.0,0.0,0.0,0.0,0.0,0.0,88
2023-05-10 22:07:48,TA401C6000,TA401C6000,118.0,0.0,0.0,0.0,5,111.0,115.5,5,118.0,0.0,0.0,0.0,0.0,0.0,88
2023-05-10 22:08:00,TA401C6000,TA401C6000,118.0,0.0,0.0,0.0,5,111.5,115.5,5,118.0,0.0,0.0,0.0,0.0,0.0,88
2023-05-10 22:08:58,TA401C6000,TA401C6000,118.0,0.0,0.0,0.0,5,111.0,115.5,5,118.0,0.0,0.0,0.0,0.0,0.0,88
2023-05-10 22:09:49,TA401C6000,TA401C6000,118.0,0.0,0.0,0.0,1,103.5,115.5,5,118.0,0.0,0.0,0.0,0.0,0.0,88
2023-05-10 22:09:56,TA401C6000,TA401C6000,118.0,0.0,0.0,0.0,1,103.5,113.5,5,118.0,0.0,0.0,0.0,0.0,0.0,88
2023-05-10 22:10:00,TA401C6000,TA401C6000,118.0,0.0,0.0,0.0,5,109.0,113.5,5,118.0,0.0,0.0,0.0,0.0,0.0,88
2023-05-10 22:10:06,TA401C6000,TA401C6000,118.0,0.0,0.0,0.0,1,103.5,113.5,5,118.0,0.0,0.0,0.0,0.0,0.0,88
2023-05-10 22:10:07,TA401C6000,TA401C6000,118.0,0.0,0.0,0.0,5,108.0,113.5,5,118.0,0.0,0.0,0.0,0.0,0.0,88
2023-05-10 22:10:09,TA401C6000,TA401C6000,118.0,0.0,0.0,0.0,1,103.5,113.5,5,118.0,0.0,0.0,0.0,0.0,0.0,88
2023-05-10 22:10:15,TA401C6000,TA401C6000,118.0,0.0,0.0,0.0,5,107.5,113.5,5,118.0,0.0,0.0,0.0,0.0,0.0,88
2023-05-10 22:10:18,TA401C6000,TA401C6000,118.0,0.0,0.0,0.0,5,107.5,112.0,5,118.0,0.0,0.0,0.0,0.0,0.0,88
2023-05-10 22:10:30,TA401C6000,TA401C6000,118.0,0.0,0.0,0.0,5,108.0,112.0,5,118.0,0.0,0.0,0.0,0.0,0.0,88
2023-05-10 22:11:20,TA401C6000,TA401C6000,118.0,0.0,0.0,0.0,5,108.5,112.0,5,118.0,0.0,0.0,0.0,0.0,0.0,88
2023-05-10 22:12:58,TA401C6000,TA401C6000,118.0,0.0,0.0,0.0,5,109.0,112.0,5,118.0,0.0,0.0,0.0,0.0,0.0,88
2023-05-10 22:16:06,TA401C6000,TA401C6000,118.0,0.0,0.0,0.0,5,108.5,112.0,5,118.0,0.0,0.0,0.0,0.0,0.0,88
2023-05-10 22:16:25,TA401C6000,TA401C6000,118.0,0.0,0.0,0.0,1,103.5,112.0,5,118.0,0.0,0.0,0.0,0.0,0.0,88
2023-05-10 22:16:31,TA401C6000,TA401C6000,118.0,0.0,0.0,0.0,5,107.0,112.0,5,118.0,0.0,0.0,0.0,0.0,0.0,88
2023-05-10 22:16:45,TA401C6000,TA401C6000,118.0,0.0,0.0,0.0,5,107.5,112.0,5,118.0,0.0,0.0,0.0,0.0,0.0,88
2023-05-10 22:18:17,TA401C6000,TA401C6000,118.0,0.0,0.0,0.0,5,107.0,112.0,5,118.0,0.0,0.0,0.0,0.0,0.0,88
2023-05-10 22:18:23,TA401C6000,TA401C6000,118.0,0.0,0.0,0.0,1,103.5,112.0,5,118.0,0.0,0.0,0.0,0.0,0.0,88
2023-05-10 22:18:24,TA401C6000,TA401C6000,118.0,0.0,0.0,0.0,5,106.0,112.0,5,118.0,0.0,0.0,0.0,0.0,0.0,88
2023-05-10 22:18:30,TA401C6000,TA401C6000,118.0,0.0,0.0,0.0,5,106.0,110.5,5,118.0,0.0,0.0,0.0,0.0,0.0,88
2023-05-10 22:18:35,TA401C6000,TA401C6000,118.0,0.0,0.0,0.0,5,106.5,110.5,5,118.0,0.0,0.0,0.0,0.0,0.0,88
2023-05-10 22:19:06,TA401C6000,TA401C6000,118.0,0.0,0.0,0.0,5,107.0,110.5,5,118.0,0.0,0.0,0.0,0.0,0.0,88
2023-05-10 22:23:55,TA401C6000,TA401C6000,118.0,0.0,0.0,0.0,5,107.5,110.5,5,118.0,0.0,0.0,0.0,0.0,0.0,88
2023-05-10 22:25:17,TA401C6000,TA401C6000,118.0,0.0,0.0,0.0,5,108.0,110.5,5,118.0,0.0,0.0,0.0,0.0,0.0,88
2023-05-10 22:25:17,TA401C6000,TA401C6000,118.0,0.0,0.0,0.0,5,108.0,112.0,5,118.0,0.0,0.0,0.0,0.0,0.0,88
2023-05-10 22:27:56,TA401C6000,TA401C6000,118.0,0.0,0.0,0.0,5,108.5,112.0,5,118.0,0.0,0.0,0.0,0.0,0.0,88
2023-05-10 22:29:30,TA401C6000,TA401C6000,118.0,0.0,0.0,0.0,5,108.0,112.0,5,118.0,0.0,0.0,0.0,0.0,0.0,88
2023-05-10 22:30:11,TA401C6000,TA401C6000,118.0,0.0,0.0,0.0,5,108.5,112.0,5,118.0,0.0,0.0,0.0,0.0,0.0,88
2023-05-10 22:30:14,TA401C6000,TA401C6000,118.0,0.0,0.0,0.0,5,109.0,112.0,5,118.0,0.0,0.0,0.0,0.0,0.0,88
2023-05-10 22:30:37,TA401C6000,TA401C6000,118.0,0.0,0.0,0.0,5,109.0,155.0,1,118.0,0.0,0.0,0.0,0.0,0.0,88
2023-05-10 22:30:38,TA401C6000,TA401C6000,118.0,0.0,0.0,0.0,5,109.5,114.0,5,118.0,0.0,0.0,0.0,0.0,0.0,88
2023-05-10 22:31:25,TA401C6000,TA401C6000,118.0,0.0,0.0,0.0,5,109.0,114.0,5,118.0,0.0,0.0,0.0,0.0,0.0,88
2023-05-10 22:33:16,TA401C6000,TA401C6000,118.0,0.0,0.0,0.0,5,109.5,114.0,5,118.0,0.0,0.0,0.0,0.0,0.0,88
2023-05-10 22:33:53,TA401C6000,TA401C6000,118.0,0.0,0.0,0.0,5,109.0,114.0,5,118.0,0.0,0.0,0.0,0.0,0.0,88
2023-05-10 22:33:54,TA401C6000,TA401C6000,118.0,0.0,0.0,0.0,1,103.5,114.0,5,118.0,0.0,0.0,0.0,0.0,0.0,88
2023-05-10 22:34:01,TA401C6000,TA401C6000,118.0,0.0,0.0,0.0,1,103.5,112.0,5,118.0,0.0,0.0,0.0,0.0,0.0,88
2023-05-10 22:34:02,TA401C6000,TA401C6000,118.0,0.0,0.0,0.0,5,107.5,112.0,5,118.0,0.0,0.0,0.0,0.0,0.0,88
2023-05-10 22:34:29,TA401C6000,TA401C6000,118.0,0.0,0.0,0.0,1,103.5,112.0,5,118.0,0.0,0.0,0.0,0.0,0.0,88
2023-05-10 22:34:32,TA401C6000,TA401C6000,118.0,0.0,0.0,0.0,5,106.5,112.0,5,118.0,0.0,0.0,0.0,0.0,0.0,88
2023-05-10 22:34:35,TA401C6000,TA401C6000,118.0,0.0,0.0,0.0,5,107.0,112.0,5,118.0,0.0,0.0,0.0,0.0,0.0,88
2023-05-10 22:34:41,TA401C6000,TA401C6000,118.0,0.0,0.0,0.0,5,107.5,112.0,5,118.0,0.0,0.0,0.0,0.0,0.0,88
2023-05-10 22:34:49,TA401C6000,TA401C6000,118.0,0.0,0.0,0.0,5,108.0,112.0,5,118.0,0.0,0.0,0.0,0.0,0.0,88
2023-05-10 22:35:00,TA401C6000,TA401C6000,118.0,0.0,0.0,0.0,5,108.5,112.0,5,118.0,0.0,0.0,0.0,0.0,0.0,88
2023-05-10 22:35:08,TA401C6000,TA401C6000,118.0,0.0,0.0,0.0,5,109.0,112.0,5,118.0,0.0,0.0,0.0,0.0,0.0,88
2023-05-10 22:36:36,TA401C6000,TA401C6000,118.0,0.0,0.0,0.0,5,109.5,114.0,5,118.0,0.0,0.0,0.0,0.0,0.0,88
2023-05-10 22:37:14,TA401C6000,TA401C6000,118.0,0.0,0.0,0.0,5,109.0,114.0,5,118.0,0.0,0.0,0.0,0.0,0.0,88
2023-05-10 22:37:16,TA401C6000,TA401C6000,118.0,0.0,0.0,0.0,1,103.5,114.0,5,118.0,0.0,0.0,0.0,0.0,0.0,88
2023-05-10 22:37:20,TA401C6000,TA401C6000,118.0,0.0,0.0,0.0,1,103.5,112.5,5,118.0,0.0,0.0,0.0,0.0,0.0,88
2023-05-10 22:37:21,TA401C6000,TA401C6000,118.0,0.0,0.0,0.0,5,108.0,112.5,5,118.0,0.0,0.0,0.0,0.0,0.0,88
2023-05-10 22:39:03,TA401C6000,TA401C6000,118.0,0.0,0.0,0.0,5,108.5,112.5,5,118.0,0.0,0.0,0.0,0.0,0.0,88
2023-05-10 22:40:11,TA401C6000,TA401C6000,118.0,0.0,0.0,0.0,5,109.0,112.5,5,118.0,0.0,0.0,0.0,0.0,0.0,88
2023-05-10 22:40:17,TA401C6000,TA401C6000,118.0,0.0,0.0,0.0,5,109.0,114.0,5,118.0,0.0,0.0,0.0,0.0,0.0,88
2023-05-10 22:40:21,TA401C6000,TA401C6000,118.0,0.0,0.0,0.0,5,110.0,114.0,5,118.0,0.0,0.0,0.0,0.0,0.0,88
2023-05-10 22:40:44,TA401C6000,TA401C6000,118.0,0.0,0.0,0.0,5,109.0,114.0,5,118.0,0.0,0.0,0.0,0.0,0.0,88
2023-05-10 22:41:16,TA401C6000,TA401C6000,118.0,0.0,0.0,0.0,1,103.5,114.0,5,118.0,0.0,0.0,0.0,0.0,0.0,88
2023-05-10 22:41:16,TA401C6000,TA401C6000,118.0,0.0,0.0,0.0,5,108.0,112.5,5,118.0,0.0,0.0,0.0,0.0,0.0,88
2023-05-10 22:42:46,TA401C6000,TA401C6000,118.0,0.0,0.0,0.0,5,108.5,112.5,5,118.0,0.0,0.0,0.0,0.0,0.0,88
2023-05-10 22:43:09,TA401C6000,TA401C6000,118.0,0.0,0.0,0.0,5,109.0,112.5,5,118.0,0.0,0.0,0.0,0.0,0.0,88
2023-05-10 22:43:42,TA401C6000,TA401C6000,118.0,0.0,0.0,0.0,5,109.5,112.5,5,118.0,0.0,0.0,0.0,0.0,0.0,88
2023-05-10 22:44:07,TA401C6000,TA401C6000,118.0,0.0,0.0,0.0,5,109.0,112.5,5,118.0,0.0,0.0,0.0,0.0,0.0,88
2023-05-10 22:44:33,TA401C6000,TA401C6000,118.0,0.0,0.0,0.0,5,108.0,112.5,5,118.0,0.0,0.0,0.0,0.0,0.0,88
2023-05-10 22:44:39,TA401C6000,TA401C6000,118.0,0.0,0.0,0.0,5,108.5,112.5,5,118.0,0.0,0.0,0.0,0.0,0.0,88
2023-05-10 22:46:29,TA401C6000,TA401C6000,118.0,0.0,0.0,0.0,5,109.0,112.5,5,118.0,0.0,0.0,0.0,0.0,0.0,88
2023-05-10 22:47:24,TA401C6000,TA401C6000,118.0,0.0,0.0,0.0,5,109.5,112.5,5,118.0,0.0,0.0,0.0,0.0,0.0,88
2023-05-10 22:51:03,TA401C6000,TA401C6000,118.0,0.0,0.0,0.0,5,109.0,112.5,5,118.0,0.0,0.0,0.0,0.0,0.0,88
2023-05-10 22:55:13,TA401C6000,TA401C6000,118.0,0.0,0.0,0.0,1,103.5,112.5,5,118.0,0.0,0.0,0.0,0.0,0.0,88
2023-05-10 22:55:15,TA401C6000,TA401C6000,118.0,0.0,0.0,0.0,5,107.5,112.5,5,118.0,0.0,0.0,0.0,0.0,0.0,88
2023-05-10 22:55:55,TA401C6000,TA401C6000,118.0,0.0,0.0,0.0,1,103.5,130.5,1,118.0,0.0,0.0,0.0,0.0,0.0,88
2023-05-10 22:56:29,TA401C6000,TA401C6000,118.0,0.0,0.0,0.0,1,58.0,200.5,17,118.0,0.0,0.0,0.0,0.0,0.0,88
2023-05-10 22:56:30,TA401C6000,TA401C6000,118.0,0.0,0.0,0.0,2,58.5,200.5,17,118.0,0.0,0.0,0.0,0.0,0.0,88
2023-05-10 22:56:30,TA401C6000,TA401C6000,118.0,0.0,0.0,0.0,2,58.5,197.5,1,118.0,0.0,0.0,0.0,0.0,0.0,88
2023-05-10 22:57:09,TA401C6000,TA401C6000,118.0,0.0,0.0,0.0,1,58.0,197.5,1,118.0,0.0,0.0,0.0,0.0,0.0,88
2023-05-10 22:57:40,TA401C6000,TA401C6000,118.0,0.0,0.0,0.0,3,30.0,197.5,1,118.0,0.0,0.0,0.0,0.0,0.0,88
2023-05-10 22:57:41,TA401C6000,TA401C6000,118.0,0.0,0.0,0.0,1,31.5,197.5,1,118.0,0.0,0.0,0.0,0.0,0.0,88
2023-05-10 22:57:59,TA401C6000,TA401C6000,118.0,0.0,0.0,0.0,3,30.0,197.5,1,118.0,0.0,0.0,0.0,0.0,0.0,88
2023-05-10 22:58:13,TA401C6000,TA401C6000,118.0,0.0,0.0,0.0,3,30.0,200.5,17,118.0,0.0,0.0,0.0,0.0,0.0,88
2023-05-11 09:00:04,TA401C6000,TA401C6000,118.0,0.0,0.0,0.0,1,57.0,173.5,1,118.0,0.0,0.0,0.0,0.0,0.0,88
2023-05-11 09:00:15,TA401C6000,TA401C6000,118.0,0.0,0.0,0.0,1,57.0,146.5,1,118.0,0.0,0.0,0.0,0.0,0.0,88
2023-05-11 09:00:58,TA401C6000,TA401C6000,118.0,0.0,0.0,0.0,1,57.0,146.5,18,118.0,0.0,0.0,0.0,0.0,0.0,88
2023-05-11 09:01:11,TA401C6000,TA401C6000,118.0,0.0,0.0,0.0,2,60.5,146.5,18,118.0,0.0,0.0,0.0,0.0,0.0,88
2023-05-11 09:01:11,TA401C6000,TA401C6000,118.0,0.0,0.0,0.0,1,87.5,146.5,18,118.0,0.0,0.0,0.0,0.0,0.0,88
2023-05-11 09:01:17,TA401C6000,TA401C6000,118.0,0.0,0.0,0.0,1,57.0,146.5,18,118.0,0.0,0.0,0.0,0.0,0.0,88
2023-05-11 09:01:18,TA401C6000,TA401C6000,118.0,0.0,0.0,0.0,1,87.5,146.5,18,118.0,0.0,0.0,0.0,0.0,0.0,88
2023-05-11 09:01:22,TA401C6000,TA401C6000,118.0,0.0,0.0,0.0,5,108.5,146.5,18,118.0,0.0,0.0,0.0,0.0,0.0,88
2023-05-11 09:01:30,TA401C6000,TA401C6000,118.0,0.0,0.0,0.0,5,108.5,115.0,5,118.0,0.0,0.0,0.0,0.0,0.0,88
2023-05-11 09:03:26,TA401C6000,TA401C6000,118.0,0.0,0.0,0.0,5,109.5,115.0,5,118.0,0.0,0.0,0.0,0.0,0.0,88
2023-05-11 09:04:42,TA401C6000,TA401C6000,118.0,0.0,0.0,0.0,5,108.5,115.0,5,118.0,0.0,0.0,0.0,0.0,0.0,88
2023-05-11 09:05:04,TA401C6000,TA401C6000,118.0,0.0,0.0,0.0,5,108.5,113.0,5,118.0,0.0,0.0,0.0,0.0,0.0,88
2023-05-11 09:05:37,TA401C6000,TA401C6000,118.0,0.0,0.0,0.0,1,87.5,113.0,5,118.0,0.0,0.0,0.0,0.0,0.0,88
2023-05-11 09:05:38,TA401C6000,TA401C6000,118.0,0.0,0.0,0.0,5,107.5,113.0,5,118.0,0.0,0.0,0.0,0.0,0.0,88
2023-05-11 09:06:14,TA401C6000,TA401C6000,118.0,0.0,0.0,0.0,5,108.0,113.0,5,118.0,0.0,0.0,0.0,0.0,0.0,88
2023-05-11 09:06:40,TA401C6000,TA401C6000,118.0,0.0,0.0,0.0,5,108.5,113.0,5,118.0,0.0,0.0,0.0,0.0,0.0,88
2023-05-11 09:07:36,TA401C6000,TA401C6000,118.0,0.0,0.0,0.0,5,109.5,113.0,5,118.0,0.0,0.0,0.0,0.0,0.0,88
2023-05-11 09:08:44,TA401C6000,TA401C6000,118.0,0.0,0.0,0.0,5,110.0,113.0,5,118.0,0.0,0.0,0.0,0.0,0.0,88
2023-05-11 09:09:22,TA401C6000,TA401C6000,118.0,0.0,0.0,0.0,5,109.5,113.0,5,118.0,0.0,0.0,0.0,0.0,0.0,88
2023-05-11 09:11:29,TA401C6000,TA401C6000,118.0,0.0,0.0,0.0,5,108.5,113.0,5,118.0,0.0,0.0,0.0,0.0,0.0,88
2023-05-11 09:12:07,TA401C6000,TA401C6000,118.0,0.0,0.0,0.0,5,109.0,113.0,5,118.0,0.0,0.0,0.0,0.0,0.0,88
2023-05-11 09:12:11,TA401C6000,TA401C6000,118.0,0.0,0.0,0.0,5,109.5,113.0,5,118.0,0.0,0.0,0.0,0.0,0.0,88
2023-05-11 09:12:19,TA401C6000,TA401C6000,118.0,0.0,0.0,0.0,5,110.0,113.0,5,118.0,0.0,0.0,0.0,0.0,0.0,88
2023-05-11 09:12:46,TA401C6000,TA401C6000,118.0,0.0,0.0,0.0,5,110.0,115.0,5,118.0,0.0,0.0,0.0,0.0,0.0,88
2023-05-11 09:15:36,TA401C6000,TA401C6000,118.0,0.0,0.0,0.0,5,110.5,115.0,5,118.0,0.0,0.0,0.0,0.0,0.0,88
2023-05-11 09:17:35,TA401C6000,TA401C6000,118.0,0.0,0.0,0.0,5,110.0,115.0,5,118.0,0.0,0.0,0.0,0.0,0.0,88
2023-05-11 09:19:27,TA401C6000,TA401C6000,118.0,0.0,0.0,0.0,1,99.5,115.0,5,118.0,0.0,0.0,0.0,0.0,0.0,88
2023-05-11 09:19:27,TA401C6000,TA401C6000,118.0,0.0,0.0,0.0,5,109.0,115.0,5,118.0,0.0,0.0,0.0,0.0,0.0,88
2023-05-11 09:23:26,TA401C6000,TA401C6000,118.0,0.0,0.0,0.0,5,109.5,115.0,5,118.0,0.0,0.0,0.0,0.0,0.0,88
2023-05-11 09:24:56,TA401C6000,TA401C6000,118.0,0.0,0.0,0.0,5,110.0,115.0,5,118.0,0.0,0.0,0.0,0.0,0.0,88
2023-05-11 09:26:17,TA401C6000,TA401C6000,118.0,0.0,0.0,0.0,5,110.5,115.0,5,118.0,0.0,0.0,0.0,0.0,0.0,88
2023-05-11 09:27:03,TA401C6000,TA401C6000,118.0,0.0,0.0,0.0,5,111.0,115.0,5,118.0,0.0,0.0,0.0,0.0,0.0,88
2023-05-11 09:27:22,TA401C6000,TA401C6000,118.0,0.0,0.0,0.0,5,111.5,115.0,5,118.0,0.0,0.0,0.0,0.0,0.0,88
2023-05-11 09:27:56,TA401C6000,TA401C6000,118.0,0.0,0.0,0.0,5,111.5,146.5,1,118.0,0.0,0.0,0.0,0.0,0.0,88
2023-05-11 09:27:58,TA401C6000,TA401C6000,118.0,0.0,0.0,0.0,5,111.5,117.0,5,118.0,0.0,0.0,0.0,0.0,0.0,88
2023-05-11 09:28:15,TA401C6000,TA401C6000,118.0,0.0,0.0,0.0,5,111.0,117.0,5,118.0,0.0,0.0,0.0,0.0,0.0,88
2023-05-11 09:30:31,TA401C6000,TA401C6000,118.0,0.0,0.0,0.0,5,111.0,115.0,5,118.0,0.0,0.0,0.0,0.0,0.0,88
2023-05-11 09:30:35,TA401C6000,TA401C6000,118.0,0.0,0.0,0.0,1,99.5,115.0,5,118.0,0.0,0.0,0.0,0.0,0.0,88
2023-05-11 09:30:37,TA401C6000,TA401C6000,118.0,0.0,0.0,0.0,5,110.0,115.0,5,118.0,0.0,0.0,0.0,0.0,0.0,88
2023-05-11 09:35:29,TA401C6000,TA401C6000,118.0,0.0,0.0,0.0,1,99.5,115.0,5,118.0,0.0,0.0,0.0,0.0,0.0,88
2023-05-11 09:35:32,TA401C6000,TA401C6000,118.0,0.0,0.0,0.0,5,108.5,115.0,5,118.0,0.0,0.0,0.0,0.0,0.0,88
2023-05-11 09:35:52,TA401C6000,TA401C6000,118.0,0.0,0.0,0.0,5,109.0,115.0,5,118.0,0.0,0.0,0.0,0.0,0.0,88
2023-05-11 09:39:00,TA401C6000,TA401C6000,118.0,0.0,0.0,0.0,5,109.5,115.0,5,118.0,0.0,0.0,0.0,0.0,0.0,88
2023-05-11 09:39:17,TA401C6000,TA401C6000,118.0,0.0,0.0,0.0,5,110.5,115.0,5,118.0,0.0,0.0,0.0,0.0,0.0,88
2023-05-11 09:40:20,TA401C6000,TA401C6000,118.0,0.0,0.0,0.0,5,111.0,115.0,5,118.0,0.0,0.0,0.0,0.0,0.0,88
2023-05-11 09:40:56,TA401C6000,TA401C6000,118.0,0.0,0.0,0.0,5,111.5,115.0,5,118.0,0.0,0.0,0.0,0.0,0.0,88
2023-05-11 09:41:26,TA401C6000,TA401C6000,118.0,0.0,0.0,0.0,5,111.5,117.0,5,118.0,0.0,0.0,0.0,0.0,0.0,88
2023-05-11 09:41:38,TA401C6000,TA401C6000,118.0,0.0,0.0,0.0,5,113.0,117.0,5,118.0,0.0,0.0,0.0,0.0,0.0,88
2023-05-11 09:41:55,TA401C6000,TA401C6000,118.0,0.0,0.0,0.0,5,111.5,117.0,5,118.0,0.0,0.0,0.0,0.0,0.0,88
2023-05-11 09:42:41,TA401C6000,TA401C6000,118.0,0.0,0.0,0.0,1,99.5,117.0,5,118.0,0.0,0.0,0.0,0.0,0.0,88
2023-05-11 09:42:44,TA401C6000,TA401C6000,118.0,0.0,0.0,0.0,5,110.5,117.0,5,118.0,0.0,0.0,0.0,0.0,0.0,88
2023-05-11 09:42:59,TA401C6000,TA401C6000,118.0,0.0,0.0,0.0,5,110.5,115.0,5,118.0,0.0,0.0,0.0,0.0,0.0,88
2023-05-11 09:45:52,TA401C6000,TA401C6000,118.0,0.0,0.0,0.0,5,111.0,115.0,5,118.0,0.0,0.0,0.0,0.0,0.0,88
2023-05-11 09:46:43,TA401C6000,TA401C6000,118.0,0.0,0.0,0.0,5,112.0,115.0,5,118.0,0.0,0.0,0.0,0.0,0.0,88
2023-05-11 09:48:27,TA401C6000,TA401C6000,118.0,0.0,0.0,0.0,5,111.0,115.0,5,118.0,0.0,0.0,0.0,0.0,0.0,88
2023-05-11 09:51:21,TA401C6000,TA401C6000,118.0,0.0,0.0,0.0,1,99.5,115.0,5,118.0,0.0,0.0,0.0,0.0,0.0,88
2023-05-11 09:51:23,TA401C6000,TA401C6000,118.0,0.0,0.0,0.0,5,109.5,115.0,5,118.0,0.0,0.0,0.0,0.0,0.0,88
2023-05-11 09:56:28,TA401C6000,TA401C6000,118.0,0.0,0.0,0.0,5,110.0,115.0,5,118.0,0.0,0.0,0.0,0.0,0.0,88
2023-05-11 09:59:42,TA401C6000,TA401C6000,118.0,0.0,0.0,0.0,5,109.5,115.0,5,118.0,0.0,0.0,0.0,0.0,0.0,88
2023-05-11 10:06:04,TA401C6000,TA401C6000,118.0,0.0,0.0,0.0,5,110.5,115.0,5,118.0,0.0,0.0,0.0,0.0,0.0,88
2023-05-11 10:08:03,TA401C6000,TA401C6000,118.0,0.0,0.0,0.0,5,109.5,115.0,5,118.0,0.0,0.0,0.0,0.0,0.0,88
2023-05-11 10:08:55,TA401C6000,TA401C6000,118.0,0.0,0.0,0.0,1,75.5,115.0,5,118.0,0.0,0.0,0.0,0.0,0.0,88
2023-05-11 10:08:56,TA401C6000,TA401C6000,118.0,0.0,0.0,0.0,2,82.0,115.0,5,118.0,0.0,0.0,0.0,0.0,0.0,88
2023-05-11 10:08:56,TA401C6000,TA401C6000,118.0,0.0,0.0,0.0,1,100.0,115.0,5,118.0,0.0,0.0,0.0,0.0,0.0,88
2023-05-11 10:08:57,TA401C6000,TA401C6000,118.0,0.0,0.0,0.0,5,108.5,115.0,5,118.0,0.0,0.0,0.0,0.0,0.0,88
2023-05-11 10:10:55,TA401C6000,TA401C6000,118.0,0.0,0.0,0.0,5,109.5,115.0,5,118.0,0.0,0.0,0.0,0.0,0.0,88
2023-05-11 10:11:05,TA401C6000,TA401C6000,118.0,0.0,0.0,0.0,5,110.0,115.0,5,118.0,0.0,0.0,0.0,0.0,0.0,88
2023-05-11 10:12:15,TA401C6000,TA401C6000,118.0,0.0,0.0,0.0,5,111.0,115.0,5,118.0,0.0,0.0,0.0,0.0,0.0,88
2023-05-11 10:13:34,TA401C6000,TA401C6000,118.0,0.0,0.0,0.0,5,111.0,117.0,5,118.0,0.0,0.0,0.0,0.0,0.0,88
2023-05-11 10:13:40,TA401C6000,TA401C6000,118.0,0.0,0.0,0.0,5,112.0,117.0,5,118.0,0.0,0.0,0.0,0.0,0.0,88
2023-05-11 10:14:00,TA401C6000,TA401C6000,118.0,0.0,0.0,0.0,5,113.0,117.0,5,118.0,0.0,0.0,0.0,0.0,0.0,88
2023-05-11 10:14:21,TA401C6000,TA401C6000,118.0,0.0,0.0,0.0,5,113.0,146.5,1,118.0,0.0,0.0,0.0,0.0,0.0,88
2023-05-11 10:14:25,TA401C6000,TA401C6000,118.0,0.0,0.0,0.0,5,114.0,119.5,5,118.0,0.0,0.0,0.0,0.0,0.0,88
2023-05-11 10:30:23,TA401C6000,TA401C6000,118.0,0.0,0.0,0.0,5,115.5,119.5,5,118.0,0.0,0.0,0.0,0.0,0.0,88
2023-05-11 10:30:38,TA401C6000,TA401C6000,118.0,0.0,0.0,0.0,5,114.0,119.5,5,118.0,0.0,0.0,0.0,0.0,0.0,88
2023-05-11 10:30:46,TA401C6000,TA401C6000,118.0,0.0,0.0,0.0,5,114.5,119.5,5,118.0,0.0,0.0,0.0,0.0,0.0,88
2023-05-11 10:31:07,TA401C6000,TA401C6000,118.0,0.0,0.0,0.0,5,114.0,119.5,5,118.0,0.0,0.0,0.0,0.0,0.0,88
2023-05-11 10:33:10,TA401C6000,TA401C6000,118.0,0.0,0.0,0.0,1,100.0,119.5,5,118.0,0.0,0.0,0.0,0.0,0.0,88
2023-05-11 10:33:11,TA401C6000,TA401C6000,118.0,0.0,0.0,0.0,5,113.0,119.5,5,118.0,0.0,0.0,0.0,0.0,0.0,88
2023-05-11 10:33:27,TA401C6000,TA401C6000,118.0,0.0,0.0,0.0,5,113.0,117.5,5,118.0,0.0,0.0,0.0,0.0,0.0,88
2023-05-11 10:34:34,TA401C6000,TA401C6000,118.0,0.0,0.0,0.0,5,112.0,117.5,5,118.0,0.0,0.0,0.0,0.0,0.0,88
2023-05-11 10:36:57,TA401C6000,TA401C6000,118.0,0.0,0.0,0.0,5,112.5,117.5,5,118.0,0.0,0.0,0.0,0.0,0.0,88
2023-05-11 10:37:22,TA401C6000,TA401C6000,118.0,0.0,0.0,0.0,5,112.0,117.5,5,118.0,0.0,0.0,0.0,0.0,0.0,88
2023-05-11 10:39:34,TA401C6000,TA401C6000,118.0,0.0,0.0,0.0,5,113.0,117.5,5,118.0,0.0,0.0,0.0,0.0,0.0,88
2023-05-11 10:39:59,TA401C6000,TA401C6000,118.0,0.0,0.0,0.0,5,114.0,117.5,5,118.0,0.0,0.0,0.0,0.0,0.0,88
2023-05-11 10:43:18,TA401C6000,TA401C6000,118.0,0.0,0.0,0.0,5,113.0,117.5,5,118.0,0.0,0.0,0.0,0.0,0.0,88
2023-05-11 10:44:57,TA401C6000,TA401C6000,118.0,0.0,0.0,0.0,5,113.5,117.5,5,118.0,0.0,0.0,0.0,0.0,0.0,88
2023-05-11 10:45:18,TA401C6000,TA401C6000,118.0,0.0,0.0,0.0,5,113.5,119.5,5,118.0,0.0,0.0,0.0,0.0,0.0,88
2023-05-11 10:45:24,TA401C6000,TA401C6000,118.0,0.0,0.0,0.0,5,114.5,119.5,5,118.0,0.0,0.0,0.0,0.0,0.0,88
2023-05-11 10:45:43,TA401C6000,TA401C6000,118.0,0.0,0.0,0.0,5,115.0,119.5,5,118.0,0.0,0.0,0.0,0.0,0.0,88
2023-05-11 10:45:58,TA401C6000,TA401C6000,118.0,0.0,0.0,0.0,5,115.5,119.5,5,118.0,0.0,0.0,0.0,0.0,0.0,88
2023-05-11 10:46:05,TA401C6000,TA401C6000,118.0,0.0,0.0,0.0,5,116.5,119.5,5,118.0,0.0,0.0,0.0,0.0,0.0,88
2023-05-11 10:47:11,TA401C6000,TA401C6000,118.0,0.0,0.0,0.0,5,115.5,119.5,5,118.0,0.0,0.0,0.0,0.0,0.0,88
2023-05-11 10:47:42,TA401C6000,TA401C6000,118.0,0.0,0.0,0.0,5,116.5,119.5,5,118.0,0.0,0.0,0.0,0.0,0.0,88
2023-05-11 10:47:53,TA401C6000,TA401C6000,118.0,0.0,0.0,0.0,5,116.5,122.0,5,118.0,0.0,0.0,0.0,0.0,0.0,88
2023-05-11 10:49:24,TA401C6000,TA401C6000,118.0,0.0,0.0,0.0,5,117.0,122.0,5,118.0,0.0,0.0,0.0,0.0,0.0,88
2023-05-11 10:50:12,TA401C6000,TA401C6000,118.0,0.0,0.0,0.0,5,117.5,122.0,5,118.0,0.0,0.0,0.0,0.0,0.0,88
2023-05-11 10:50:57,TA401C6000,TA401C6000,118.0,0.0,0.0,0.0,5,118.5,122.0,5,118.0,0.0,0.0,0.0,0.0,0.0,88
2023-05-11 10:51:12,TA401C6000,TA401C6000,118.0,0.0,0.0,0.0,5,118.5,146.5,1,118.0,0.0,0.0,0.0,0.0,0.0,88
2023-05-11 10:51:13,TA401C6000,TA401C6000,118.0,0.0,0.0,0.0,5,118.5,124.5,5,118.0,0.0,0.0,0.0,0.0,0.0,88
2023-05-11 10:51:25,TA401C6000,TA401C6000,118.0,0.0,0.0,0.0,5,117.5,124.5,5,118.0,0.0,0.0,0.0,0.0,0.0,88
2023-05-11 10:51:25,TA401C6000,TA401C6000,118.0,0.0,0.0,0.0,5,117.5,122.5,5,118.0,0.0,0.0,0.0,0.0,0.0,88
2023-05-11 10:52:06,TA401C6000,TA401C6000,118.0,0.0,0.0,0.0,5,118.0,122.5,5,118.0,0.0,0.0,0.0,0.0,0.0,88
2023-05-11 10:55:10,TA401C6000,TA401C6000,118.0,0.0,0.0,0.0,5,117.5,122.5,5,118.0,0.0,0.0,0.0,0.0,0.0,88
2023-05-11 10:55:19,TA401C6000,TA401C6000,118.0,0.0,0.0,0.0,1,100.0,122.5,5,118.0,0.0,0.0,0.0,0.0,0.0,88
2023-05-11 10:55:22,TA401C6000,TA401C6000,118.0,0.0,0.0,0.0,5,116.5,122.5,5,118.0,0.0,0.0,0.0,0.0,0.0,88
2023-05-11 10:55:48,TA401C6000,TA401C6000,118.0,0.0,0.0,0.0,5,116.5,120.5,5,118.0,0.0,0.0,0.0,0.0,0.0,88
2023-05-11 10:56:36,TA401C6000,TA401C6000,118.0,0.0,0.0,0.0,1,100.0,120.5,5,118.0,0.0,0.0,0.0,0.0,0.0,88
2023-05-11 10:56:37,TA401C6000,TA401C6000,118.0,0.0,0.0,0.0,5,115.5,120.5,5,118.0,0.0,0.0,0.0,0.0,0.0,88
2023-05-11 11:00:38,TA401C6000,TA401C6000,118.0,0.0,0.0,0.0,1,100.0,120.5,5,118.0,0.0,0.0,0.0,0.0,0.0,88
2023-05-11 11:00:45,TA401C6000,TA401C6000,118.0,0.0,0.0,0.0,5,114.0,120.5,5,118.0,0.0,0.0,0.0,0.0,0.0,88
2023-05-11 11:00:51,TA401C6000,TA401C6000,118.0,0.0,0.0,0.0,5,114.0,118.5,5,118.0,0.0,0.0,0.0,0.0,0.0,88
2023-05-11 11:01:47,TA401C6000,TA401C6000,118.0,0.0,0.0,0.0,5,114.5,118.5,5,118.0,0.0,0.0,0.0,0.0,0.0,88
2023-05-11 11:01:53,TA401C6000,TA401C6000,118.0,0.0,0.0,0.0,5,115.0,118.5,5,118.0,0.0,0.0,0.0,0.0,0.0,88
2023-05-11 11:02:06,TA401C6000,TA401C6000,118.0,0.0,0.0,0.0,5,115.0,120.5,5,118.0,0.0,0.0,0.0,0.0,0.0,88
2023-05-11 11:02:13,TA401C6000,TA401C6000,118.0,0.0,0.0,0.0,5,116.0,120.5,5,118.0,0.0,0.0,0.0,0.0,0.0,88
2023-05-11 11:04:45,TA401C6000,TA401C6000,118.0,0.0,0.0,0.0,5,115.0,120.5,5,118.0,0.0,0.0,0.0,0.0,0.0,88
2023-05-11 11:06:54,TA401C6000,TA401C6000,118.0,0.0,0.0,0.0,1,100.0,120.5,5,118.0,0.0,0.0,0.0,0.0,0.0,88
2023-05-11 11:06:56,TA401C6000,TA401C6000,118.0,0.0,0.0,0.0,5,114.0,120.5,5,118.0,0.0,0.0,0.0,0.0,0.0,88
2023-05-11 11:07:12,TA401C6000,TA401C6000,118.0,0.0,0.0,0.0,5,114.0,118.5,5,118.0,0.0,0.0,0.0,0.0,0.0,88
2023-05-11 11:10:57,TA401C6000,TA401C6000,118.0,0.0,0.0,0.0,1,75.5,118.5,5,118.0,0.0,0.0,0.0,0.0,0.0,88
2023-05-11 11:10:59,TA401C6000,TA401C6000,118.0,0.0,0.0,0.0,1,104.5,118.5,5,118.0,0.0,0.0,0.0,0.0,0.0,88
2023-05-11 11:11:01,TA401C6000,TA401C6000,118.0,0.0,0.0,0.0,5,112.5,118.5,5,118.0,0.0,0.0,0.0,0.0,0.0,88
2023-05-11 11:11:03,TA401C6000,TA401C6000,118.0,0.0,0.0,0.0,5,113.0,118.5,5,118.0,0.0,0.0,0.0,0.0,0.0,88
2023-05-11 11:12:33,TA401C6000,TA401C6000,118.0,0.0,0.0,0.0,5,113.5,118.5,5,118.0,0.0,0.0,0.0,0.0,0.0,88
2023-05-11 11:13:09,TA401C6000,TA401C6000,118.0,0.0,0.0,0.0,5,114.0,118.5,5,118.0,0.0,0.0,0.0,0.0,0.0,88
2023-05-11 11:13:47,TA401C6000,TA401C6000,118.0,0.0,0.0,0.0,5,114.5,118.5,5,118.0,0.0,0.0,0.0,0.0,0.0,88
2023-05-11 11:14:34,TA401C6000,TA401C6000,118.0,0.0,0.0,0.0,5,115.5,118.5,5,118.0,0.0,0.0,0.0,0.0,0.0,88
2023-05-11 11:14:59,TA401C6000,TA401C6000,118.0,0.0,0.0,0.0,5,115.5,120.5,5,118.0,0.0,0.0,0.0,0.0,0.0,88
2023-05-11 11:19:00,TA401C6000,TA401C6000,118.0,0.0,0.0,0.0,5,116.0,120.5,5,118.0,0.0,0.0,0.0,0.0,0.0,88
2023-05-11 11:27:04,TA401C6000,TA401C6000,118.0,0.0,0.0,0.0,5,115.5,120.5,5,118.0,0.0,0.0,0.0,0.0,0.0,88
2023-05-11 11:28:54,TA401C6000,TA401C6000,118.0,0.0,0.0,0.0,5,114.0,120.5,5,118.0,0.0,0.0,0.0,0.0,0.0,88
2023-05-11 11:29:27,TA401C6000,TA401C6000,118.0,0.0,0.0,0.0,1,104.5,146.5,1,118.0,0.0,0.0,0.0,0.0,0.0,88
2023-05-11 11:29:29,TA401C6000,TA401C6000,118.0,0.0,0.0,0.0,3,30.0,146.5,1,118.0,0.0,0.0,0.0,0.0,0.0,88
2023-05-11 11:29:30,TA401C6000,TA401C6000,118.0,0.0,0.0,0.0,1,57.5,146.5,1,118.0,0.0,0.0,0.0,0.0,0.0,88
2023-05-11 13:31:15,TA401C6000,TA401C6000,118.0,0.0,0.0,0.0,2,61.0,146.5,1,118.0,0.0,0.0,0.0,0.0,0.0,88
2023-05-11 13:31:16,TA401C6000,TA401C6000,118.0,0.0,0.0,0.0,1,106.5,146.5,1,118.0,0.0,0.0,0.0,0.0,0.0,88
2023-05-11 13:38:44,TA401C6000,TA401C6000,118.0,0.0,0.0,0.0,1,106.5,146.5,18,118.0,0.0,0.0,0.0,0.0,0.0,88
2023-05-11 13:44:20,TA401C6000,TA401C6000,118.0,0.0,0.0,0.0,1,106.5,123.0,5,118.0,0.0,0.0,0.0,0.0,0.0,88
2023-05-11 13:44:21,TA401C6000,TA401C6000,118.0,0.0,0.0,0.0,5,118.5,123.0,5,118.0,0.0,0.0,0.0,0.0,0.0,88
2023-05-11 13:45:27,TA401C6000,TA401C6000,118.0,0.0,0.0,0.0,5,119.0,123.0,5,118.0,0.0,0.0,0.0,0.0,0.0,88
2023-05-11 13:45:36,TA401C6000,TA401C6000,118.0,0.0,0.0,0.0,5,119.5,123.0,5,118.0,0.0,0.0,0.0,0.0,0.0,88
2023-05-11 13:45:51,TA401C6000,TA401C6000,118.0,0.0,0.0,0.0,5,120.0,123.0,5,118.0,0.0,0.0,0.0,0.0,0.0,88
2023-05-11 13:46:50,TA401C6000,TA401C6000,118.0,0.0,0.0,0.0,5,120.5,123.0,5,118.0,0.0,0.0,0.0,0.0,0.0,88
2023-05-11 13:46:56,TA401C6000,TA401C6000,118.0,0.0,0.0,0.0,5,120.5,125.0,5,118.0,0.0,0.0,0.0,0.0,0.0,88
2023-05-11 13:48:29,TA401C6000,TA401C6000,118.0,0.0,0.0,0.0,5,120.0,125.0,5,118.0,0.0,0.0,0.0,0.0,0.0,88
2023-05-11 13:50:19,TA401C6000,TA401C6000,118.0,0.0,0.0,0.0,5,119.0,123.5,5,118.0,0.0,0.0,0.0,0.0,0.0,88
2023-05-11 13:50:21,TA401C6000,TA401C6000,118.0,0.0,0.0,0.0,5,119.5,123.5,5,118.0,0.0,0.0,0.0,0.0,0.0,88
2023-05-11 13:51:11,TA401C6000,TA401C6000,118.0,0.0,0.0,0.0,5,120.0,123.5,5,118.0,0.0,0.0,0.0,0.0,0.0,88
2023-05-11 13:51:26,TA401C6000,TA401C6000,118.0,0.0,0.0,0.0,5,120.5,123.5,5,118.0,0.0,0.0,0.0,0.0,0.0,88
2023-05-11 13:51:35,TA401C6000,TA401C6000,118.0,0.0,0.0,0.0,5,121.0,123.5,5,118.0,0.0,0.0,0.0,0.0,0.0,88
2023-05-11 13:52:02,TA401C6000,TA401C6000,118.0,0.0,0.0,0.0,5,120.5,123.5,5,118.0,0.0,0.0,0.0,0.0,0.0,88
2023-05-11 13:52:07,TA401C6000,TA401C6000,118.0,0.0,0.0,0.0,5,119.5,123.5,5,118.0,0.0,0.0,0.0,0.0,0.0,88
2023-05-11 13:52:12,TA401C6000,TA401C6000,118.0,0.0,0.0,0.0,1,106.5,123.5,5,118.0,0.0,0.0,0.0,0.0,0.0,88
2023-05-11 13:52:18,TA401C6000,TA401C6000,118.0,0.0,0.0,0.0,5,118.5,123.5,5,118.0,0.0,0.0,0.0,0.0,0.0,88
2023-05-11 13:53:53,TA401C6000,TA401C6000,118.0,0.0,0.0,0.0,5,119.0,123.5,5,118.0,0.0,0.0,0.0,0.0,0.0,88
2023-05-11 13:54:01,TA401C6000,TA401C6000,118.0,0.0,0.0,0.0,5,119.5,123.5,5,118.0,0.0,0.0,0.0,0.0,0.0,88
2023-05-11 13:54:08,TA401C6000,TA401C6000,118.0,0.0,0.0,0.0,5,120.0,123.5,5,118.0,0.0,0.0,0.0,0.0,0.0,88
2023-05-11 13:55:59,TA401C6000,TA401C6000,118.0,0.0,0.0,0.0,5,119.5,123.5,5,118.0,0.0,0.0,0.0,0.0,0.0,88
2023-05-11 13:56:40,TA401C6000,TA401C6000,118.0,0.0,0.0,0.0,5,118.5,123.5,5,118.0,0.0,0.0,0.0,0.0,0.0,88
2023-05-11 13:58:19,TA401C6000,TA401C6000,118.0,0.0,0.0,0.0,5,119.0,123.5,5,118.0,0.0,0.0,0.0,0.0,0.0,88
2023-05-11 13:58:36,TA401C6000,TA401C6000,118.0,0.0,0.0,0.0,5,119.5,123.5,5,118.0,0.0,0.0,0.0,0.0,0.0,88
2023-05-11 13:59:26,TA401C6000,TA401C6000,118.0,0.0,0.0,0.0,5,119.0,123.5,5,118.0,0.0,0.0,0.0,0.0,0.0,88
2023-05-11 14:00:25,TA401C6000,TA401C6000,118.0,0.0,0.0,0.0,1,106.5,123.5,5,118.0,0.0,0.0,0.0,0.0,0.0,88
2023-05-11 14:00:30,TA401C6000,TA401C6000,118.0,0.0,0.0,0.0,1,106.5,121.5,5,118.0,0.0,0.0,0.0,0.0,0.0,88
2023-05-11 14:00:31,TA401C6000,TA401C6000,118.0,0.0,0.0,0.0,5,117.0,121.5,5,118.0,0.0,0.0,0.0,0.0,0.0,88
2023-05-11 14:00:36,TA401C6000,TA401C6000,118.0,0.0,0.0,0.0,5,117.5,121.5,5,118.0,0.0,0.0,0.0,0.0,0.0,88
2023-05-11 14:00:40,TA401C6000,TA401C6000,118.0,0.0,0.0,0.0,5,118.0,121.5,5,118.0,0.0,0.0,0.0,0.0,0.0,88
2023-05-11 14:01:38,TA401C6000,TA401C6000,118.0,0.0,0.0,0.0,5,118.5,121.5,5,118.0,0.0,0.0,0.0,0.0,0.0,88
2023-05-11 14:01:58,TA401C6000,TA401C6000,118.0,0.0,0.0,0.0,5,119.0,121.5,5,118.0,0.0,0.0,0.0,0.0,0.0,88
2023-05-11 14:02:15,TA401C6000,TA401C6000,118.0,0.0,0.0,0.0,5,118.5,121.5,5,118.0,0.0,0.0,0.0,0.0,0.0,88
2023-05-11 14:02:38,TA401C6000,TA401C6000,118.0,0.0,0.0,0.0,5,117.5,121.5,5,118.0,0.0,0.0,0.0,0.0,0.0,88
2023-05-11 14:06:36,TA401C6000,TA401C6000,118.0,0.0,0.0,0.0,5,118.0,121.5,5,118.0,0.0,0.0,0.0,0.0,0.0,88
2023-05-11 14:08:11,TA401C6000,TA401C6000,118.0,0.0,0.0,0.0,5,117.5,121.5,5,118.0,0.0,0.0,0.0,0.0,0.0,88
2023-05-11 14:14:42,TA401C6000,TA401C6000,118.0,0.0,0.0,0.0,5,118.0,121.5,5,118.0,0.0,0.0,0.0,0.0,0.0,88
2023-05-11 14:15:52,TA401C6000,TA401C6000,118.0,0.0,0.0,0.0,5,118.5,121.5,5,118.0,0.0,0.0,0.0,0.0,0.0,88
2023-05-11 14:17:04,TA401C6000,TA401C6000,118.0,0.0,0.0,0.0,5,118.0,121.5,5,118.0,0.0,0.0,0.0,0.0,0.0,88
2023-05-11 14:18:11,TA401C6000,TA401C6000,118.0,0.0,0.0,0.0,5,118.5,121.5,5,118.0,0.0,0.0,0.0,0.0,0.0,88
2023-05-11 14:20:07,TA401C6000,TA401C6000,118.0,0.0,0.0,0.0,5,118.5,123.5,5,118.0,0.0,0.0,0.0,0.0,0.0,88
2023-05-11 14:20:09,TA401C6000,TA401C6000,118.0,0.0,0.0,0.0,5,119.0,123.5,5,118.0,0.0,0.0,0.0,0.0,0.0,88
2023-05-11 14:21:00,TA401C6000,TA401C6000,118.0,0.0,0.0,0.0,5,119.5,123.5,5,118.0,0.0,0.0,0.0,0.0,0.0,88
2023-05-11 14:21:23,TA401C6000,TA401C6000,118.0,0.0,0.0,0.0,5,119.0,123.5,5,118.0,0.0,0.0,0.0,0.0,0.0,88
2023-05-11 14:21:26,TA401C6000,TA401C6000,118.0,0.0,0.0,0.0,1,106.5,123.5,5,118.0,0.0,0.0,0.0,0.0,0.0,88
2023-05-11 14:21:28,TA401C6000,TA401C6000,118.0,0.0,0.0,0.0,5,118.0,123.5,5,118.0,0.0,0.0,0.0,0.0,0.0,88
2023-05-11 14:21:43,TA401C6000,TA401C6000,118.0,0.0,0.0,0.0,5,118.0,122.0,5,118.0,0.0,0.0,0.0,0.0,0.0,88
2023-05-11 14:21:54,TA401C6000,TA401C6000,118.0,0.0,0.0,0.0,1,106.5,122.0,5,118.0,0.0,0.0,0.0,0.0,0.0,88
2023-05-11 14:21:58,TA401C6000,TA401C6000,118.0,0.0,0.0,0.0,5,116.5,122.0,5,118.0,0.0,0.0,0.0,0.0,0.0,88
2023-05-11 14:22:33,TA401C6000,TA401C6000,118.0,0.0,0.0,0.0,5,116.5,120.5,5,118.0,0.0,0.0,0.0,0.0,0.0,88
2023-05-11 14:22:49,TA401C6000,TA401C6000,118.0,0.0,0.0,0.0,1,106.5,120.5,5,118.0,0.0,0.0,0.0,0.0,0.0,88
2023-05-11 14:22:51,TA401C6000,TA401C6000,118.0,0.0,0.0,0.0,5,115.5,120.5,5,118.0,0.0,0.0,0.0,0.0,0.0,88
2023-05-11 14:29:42,TA401C6000,TA401C6000,118.0,0.0,0.0,0.0,5,116.0,120.5,5,118.0,0.0,0.0,0.0,0.0,0.0,88
2023-05-11 14:30:35,TA401C6000,TA401C6000,118.0,0.0,0.0,0.0,5,115.5,120.5,5,118.0,0.0,0.0,0.0,0.0,0.0,88
2023-05-11 14:31:40,TA401C6000,TA401C6000,118.0,0.0,0.0,0.0,5,115.5,119.0,5,118.0,0.0,0.0,0.0,0.0,0.0,88
2023-05-11 14:31:40,TA401C6000,TA401C6000,118.0,0.0,0.0,0.0,1,75.5,119.0,5,118.0,0.0,0.0,0.0,0.0,0.0,88
2023-05-11 14:31:41,TA401C6000,TA401C6000,118.0,0.0,0.0,0.0,5,114.5,119.0,5,118.0,0.0,0.0,0.0,0.0,0.0,88
2023-05-11 14:33:08,TA401C6000,TA401C6000,118.0,0.0,0.0,0.0,5,115.0,119.0,5,118.0,0.0,0.0,0.0,0.0,0.0,88
2023-05-11 14:37:22,TA401C6000,TA401C6000,118.0,0.0,0.0,0.0,5,114.5,119.0,5,118.0,0.0,0.0,0.0,0.0,0.0,88
2023-05-11 14:37:31,TA401C6000,TA401C6000,118.0,0.0,0.0,0.0,1,107.5,119.0,5,118.0,0.0,0.0,0.0,0.0,0.0,88
2023-05-11 14:37:38,TA401C6000,TA401C6000,118.0,0.0,0.0,0.0,5,113.5,119.0,5,118.0,0.0,0.0,0.0,0.0,0.0,88
2023-05-11 14:37:51,TA401C6000,TA401C6000,118.0,0.0,0.0,0.0,5,114.0,119.0,5,118.0,0.0,0.0,0.0,0.0,0.0,88
2023-05-11 14:38:58,TA401C6000,TA401C6000,118.0,0.0,0.0,0.0,5,113.5,117.5,5,118.0,0.0,0.0,0.0,0.0,0.0,88
2023-05-11 14:39:25,TA401C6000,TA401C6000,118.0,0.0,0.0,0.0,1,107.5,117.5,5,118.0,0.0,0.0,0.0,0.0,0.0,88
2023-05-11 14:39:26,TA401C6000,TA401C6000,118.0,0.0,0.0,0.0,5,112.5,117.5,5,118.0,0.0,0.0,0.0,0.0,0.0,88
2023-05-11 14:39:43,TA401C6000,TA401C6000,118.0,0.0,0.0,0.0,5,113.0,117.5,5,118.0,0.0,0.0,0.0,0.0,0.0,88
2023-05-11 14:40:58,TA401C6000,TA401C6000,118.0,0.0,0.0,0.0,5,112.5,117.5,5,118.0,0.0,0.0,0.0,0.0,0.0,88
2023-05-11 14:41:15,TA401C6000,TA401C6000,118.0,0.0,0.0,0.0,5,113.0,117.5,5,118.0,0.0,0.0,0.0,0.0,0.0,88
2023-05-11 14:45:24,TA401C6000,TA401C6000,118.0,0.0,0.0,0.0,5,113.5,117.5,5,118.0,0.0,0.0,0.0,0.0,0.0,88
2023-05-11 14:48:38,TA401C6000,TA401C6000,118.0,0.0,0.0,0.0,5,114.0,117.5,5,118.0,0.0,0.0,0.0,0.0,0.0,88
2023-05-11 14:48:50,TA401C6000,TA401C6000,118.0,0.0,0.0,0.0,5,114.5,117.5,5,118.0,0.0,0.0,0.0,0.0,0.0,88
2023-05-11 14:49:22,TA401C6000,TA401C6000,118.0,0.0,0.0,0.0,5,114.0,117.5,5,118.0,0.0,0.0,0.0,0.0,0.0,88
2023-05-11 14:49:45,TA401C6000,TA401C6000,118.0,0.0,0.0,0.0,5,113.0,117.5,5,118.0,0.0,0.0,0.0,0.0,0.0,88
2023-05-11 14:57:59,TA401C6000,TA401C6000,118.0,0.0,0.0,0.0,5,112.0,117.5,5,118.0,0.0,0.0,0.0,0.0,0.0,88
2023-05-11 14:58:26,TA401C6000,TA401C6000,118.0,0.0,0.0,0.0,5,112.0,116.0,5,118.0,0.0,0.0,0.0,0.0,0.0,88
2023-05-11 14:58:28,TA401C6000,TA401C6000,118.0,0.0,0.0,0.0,1,107.5,116.0,5,118.0,0.0,0.0,0.0,0.0,0.0,88
2023-05-11 14:58:32,TA401C6000,TA401C6000,118.0,0.0,0.0,0.0,5,110.5,116.0,5,118.0,0.0,0.0,0.0,0.0,0.0,88
2023-05-11 14:58:45,TA401C6000,TA401C6000,118.0,0.0,0.0,0.0,1,107.5,116.0,5,118.0,0.0,0.0,0.0,0.0,0.0,88
2023-05-11 14:58:50,TA401C6000,TA401C6000,118.0,0.0,0.0,0.0,5,109.5,114.0,5,118.0,0.0,0.0,0.0,0.0,0.0,88
2023-05-11 14:58:57,TA401C6000,TA401C6000,118.0,0.0,0.0,0.0,1,107.5,146.5,1,118.0,0.0,0.0,0.0,0.0,0.0,88
2023-05-11 14:59:15,TA401C6000,TA401C6000,118.0,0.0,0.0,0.0,1,57.5,146.5,1,118.0,0.0,0.0,0.0,0.0,0.0,88
2023-05-11 14:59:21,TA401C6000,TA401C6000,118.0,0.0,0.0,0.0,1,57.5,161.0,1,118.0,0.0,0.0,0.0,0.0,0.0,88
2023-05-11 14:59:49,TA401C6000,TA401C6000,118.0,0.0,0.0,0.0,1,57.5,136.5,1,118.0,0.0,0.0,0.0,0.0,0.0,88
