time,symbol_id,symbol_name,last,trade_volume,trade_amount,open_interest_change,bv1,bp1,ap1,av1,yesterday_close,today_open,today_high,today_low,volume,amount,open_interest
2023-05-10 19:12:58,TA401C5200,TA401C5200,368.5,0.0,0.0,0.0,0,0.0,0.0,0,368.5,360.5,0.0,0.0,0.0,0.0,52
2023-05-10 21:00:00,TA401C5200,TA401C5200,368.5,0.0,0.0,0.0,1,265.5,474.5,1,368.5,360.5,0.0,0.0,0.0,0.0,52
2023-05-10 21:01:10,TA401C5200,TA401C5200,368.5,0.0,0.0,0.0,5,373.5,474.5,1,368.5,360.5,0.0,0.0,0.0,0.0,52
2023-05-10 21:01:12,TA401C5200,TA401C5200,368.5,0.0,0.0,0.0,5,373.5,382.5,5,368.5,360.5,0.0,0.0,0.0,0.0,52
2023-05-10 21:01:29,TA401C5200,TA401C5200,368.5,0.0,0.0,0.0,5,373.5,380.0,5,368.5,360.5,0.0,0.0,0.0,0.0,52
2023-05-10 21:01:33,TA401C5200,TA401C5200,368.5,0.0,0.0,0.0,5,373.5,376.0,10,368.5,360.5,0.0,0.0,0.0,0.0,52
2023-05-10 21:01:42,TA401C5200,TA401C5200,368.5,0.0,0.0,0.0,5,370.0,376.0,10,368.5,360.5,0.0,0.0,0.0,0.0,52
2023-05-10 21:02:10,TA401C5200,TA401C5200,368.5,0.0,0.0,0.0,5,370.0,375.5,5,368.5,360.5,0.0,0.0,0.0,0.0,52
2023-05-10 21:02:13,TA401C5200,TA401C5200,368.5,0.0,0.0,0.0,1,265.5,375.5,5,368.5,360.5,0.0,0.0,0.0,0.0,52
2023-05-10 21:02:14,TA401C5200,TA401C5200,368.5,0.0,0.0,0.0,1,317.5,375.5,5,368.5,360.5,0.0,0.0,0.0,0.0,52
2023-05-10 21:02:14,TA401C5200,TA401C5200,368.5,0.0,0.0,0.0,5,367.0,375.5,5,368.5,360.5,0.0,0.0,0.0,0.0,52
2023-05-10 21:02:48,TA401C5200,TA401C5200,368.5,0.0,0.0,0.0,5,367.0,373.5,5,368.5,360.5,0.0,0.0,0.0,0.0,52
2023-05-10 21:03:04,TA401C5200,TA401C5200,368.5,0.0,0.0,0.0,1,354.5,373.5,5,368.5,360.5,0.0,0.0,0.0,0.0,52
2023-05-10 21:03:05,TA401C5200,TA401C5200,368.5,0.0,0.0,0.0,5,364.0,373.5,5,368.5,360.5,0.0,0.0,0.0,0.0,52
2023-05-10 21:03:22,TA401C5200,TA401C5200,368.5,0.0,0.0,0.0,5,366.0,373.5,5,368.5,360.5,0.0,0.0,0.0,0.0,52
2023-05-10 21:03:58,TA401C5200,TA401C5200,368.5,0.0,0.0,0.0,5,366.0,371.5,5,368.5,360.5,0.0,0.0,0.0,0.0,52
2023-05-10 21:03:59,TA401C5200,TA401C5200,368.5,0.0,0.0,0.0,5,364.0,371.5,5,368.5,360.5,0.0,0.0,0.0,0.0,52
2023-05-10 21:04:33,TA401C5200,TA401C5200,368.5,0.0,0.0,0.0,5,364.0,369.5,5,368.5,360.5,0.0,0.0,0.0,0.0,52
2023-05-10 21:04:57,TA401C5200,TA401C5200,368.5,0.0,0.0,0.0,5,364.0,371.5,5,368.5,360.5,0.0,0.0,0.0,0.0,52
2023-05-10 21:05:03,TA401C5200,TA401C5200,368.5,0.0,0.0,0.0,5,366.0,371.5,5,368.5,360.5,0.0,0.0,0.0,0.0,52
2023-05-10 21:05:55,TA401C5200,TA401C5200,368.5,0.0,0.0,0.0,5,366.0,376.0,10,368.5,360.5,0.0,0.0,0.0,0.0,52
2023-05-10 21:05:56,TA401C5200,TA401C5200,368.5,0.0,0.0,0.0,5,368.0,375.0,5,368.5,360.5,0.0,0.0,0.0,0.0,52
2023-05-10 21:06:07,TA401C5200,TA401C5200,368.5,0.0,0.0,0.0,5,370.0,375.0,5,368.5,360.5,0.0,0.0,0.0,0.0,52
2023-05-10 21:07:24,TA401C5200,TA401C5200,368.5,0.0,0.0,0.0,5,368.0,375.0,5,368.5,360.5,0.0,0.0,0.0,0.0,52
2023-05-10 21:07:36,TA401C5200,TA401C5200,368.5,0.0,0.0,0.0,5,368.0,373.5,5,368.5,360.5,0.0,0.0,0.0,0.0,52
2023-05-10 21:08:50,TA401C5200,TA401C5200,368.5,0.0,0.0,0.0,5,365.5,373.5,5,368.5,360.5,0.0,0.0,0.0,0.0,52
2023-05-10 21:08:52,TA401C5200,TA401C5200,368.5,0.0,0.0,0.0,5,365.5,372.0,5,368.5,360.5,0.0,0.0,0.0,0.0,52
2023-05-10 21:09:59,TA401C5200,TA401C5200,368.5,0.0,0.0,0.0,5,365.5,370.0,5,368.5,360.5,0.0,0.0,0.0,0.0,52
2023-05-10 21:10:00,TA401C5200,TA401C5200,368.5,0.0,0.0,0.0,1,354.5,370.0,5,368.5,360.5,0.0,0.0,0.0,0.0,52
2023-05-10 21:10:04,TA401C5200,TA401C5200,368.5,0.0,0.0,0.0,5,362.0,370.0,5,368.5,360.5,0.0,0.0,0.0,0.0,52
2023-05-10 21:10:08,TA401C5200,TA401C5200,368.5,0.0,0.0,0.0,5,362.0,368.5,5,368.5,360.5,0.0,0.0,0.0,0.0,52
2023-05-10 21:10:48,TA401C5200,TA401C5200,368.5,0.0,0.0,0.0,5,362.0,367.0,5,368.5,360.5,0.0,0.0,0.0,0.0,52
2023-05-10 21:10:59,TA401C5200,TA401C5200,368.5,0.0,0.0,0.0,1,354.5,367.0,5,368.5,360.5,0.0,0.0,0.0,0.0,52
2023-05-10 21:11:00,TA401C5200,TA401C5200,368.5,0.0,0.0,0.0,5,360.0,367.0,5,368.5,360.5,0.0,0.0,0.0,0.0,52
2023-05-10 21:11:23,TA401C5200,TA401C5200,368.5,0.0,0.0,0.0,5,361.5,367.0,5,368.5,360.5,0.0,0.0,0.0,0.0,52
2023-05-10 21:11:29,TA401C5200,TA401C5200,368.5,0.0,0.0,0.0,5,361.5,368.5,5,368.5,360.5,0.0,0.0,0.0,0.0,52
2023-05-10 21:11:32,TA401C5200,TA401C5200,368.5,0.0,0.0,0.0,5,363.0,368.5,5,368.5,360.5,0.0,0.0,0.0,0.0,52
2023-05-10 21:12:02,TA401C5200,TA401C5200,368.5,0.0,0.0,0.0,5,361.5,368.5,5,368.5,360.5,0.0,0.0,0.0,0.0,52
2023-05-10 21:12:03,TA401C5200,TA401C5200,368.5,0.0,0.0,0.0,5,361.5,367.0,5,368.5,360.5,0.0,0.0,0.0,0.0,52
2023-05-10 21:12:32,TA401C5200,TA401C5200,368.5,0.0,0.0,0.0,5,361.5,365.5,5,368.5,360.5,0.0,0.0,0.0,0.0,52
2023-05-10 21:12:46,TA401C5200,TA401C5200,368.5,0.0,0.0,0.0,1,354.5,365.5,5,368.5,360.5,0.0,0.0,0.0,0.0,52
2023-05-10 21:12:47,TA401C5200,TA401C5200,368.5,0.0,0.0,0.0,5,359.0,365.5,5,368.5,360.5,0.0,0.0,0.0,0.0,52
2023-05-10 21:13:11,TA401C5200,TA401C5200,368.5,0.0,0.0,0.0,5,360.5,365.5,5,368.5,360.5,0.0,0.0,0.0,0.0,52
2023-05-10 21:14:59,TA401C5200,TA401C5200,360.5,2.0,721.0,2.0,3,360.5,365.5,5,368.5,360.5,360.5,360.5,2.0,721.0,54
2023-05-10 21:15:20,TA401C5200,TA401C5200,360.5,0.0,0.0,0.0,3,360.5,367.0,5,368.5,360.5,360.5,360.5,2.0,721.0,54
2023-05-10 21:16:05,TA401C5200,TA401C5200,360.5,0.0,0.0,0.0,3,360.5,365.5,5,368.5,360.5,360.5,360.5,2.0,721.0,54
2023-05-10 21:16:09,TA401C5200,TA401C5200,360.5,0.0,0.0,0.0,5,359.0,365.5,5,368.5,360.5,360.5,360.5,2.0,721.0,54
2023-05-10 21:16:11,TA401C5200,TA401C5200,360.5,0.0,0.0,0.0,5,359.0,363.5,5,368.5,360.5,360.5,360.5,2.0,721.0,54
2023-05-10 21:16:20,TA401C5200,TA401C5200,360.5,0.0,0.0,0.0,1,354.5,363.5,5,368.5,360.5,360.5,360.5,2.0,721.0,54
2023-05-10 21:16:23,TA401C5200,TA401C5200,360.5,0.0,0.0,0.0,1,354.5,362.0,5,368.5,360.5,360.5,360.5,2.0,721.0,54
2023-05-10 21:16:24,TA401C5200,TA401C5200,360.5,0.0,0.0,0.0,5,357.5,362.0,5,368.5,360.5,360.5,360.5,2.0,721.0,54
2023-05-10 21:16:30,TA401C5200,TA401C5200,360.5,0.0,0.0,0.0,5,355.5,362.0,5,368.5,360.5,360.5,360.5,2.0,721.0,54
2023-05-10 21:16:46,TA401C5200,TA401C5200,360.5,0.0,0.0,0.0,5,357.0,362.0,5,368.5,360.5,360.5,360.5,2.0,721.0,54
2023-05-10 21:17:05,TA401C5200,TA401C5200,360.5,0.0,0.0,0.0,5,355.5,362.0,5,368.5,360.5,360.5,360.5,2.0,721.0,54
2023-05-10 21:17:20,TA401C5200,TA401C5200,360.5,0.0,0.0,0.0,5,355.5,360.5,5,368.5,360.5,360.5,360.5,2.0,721.0,54
2023-05-10 21:18:14,TA401C5200,TA401C5200,360.5,0.0,0.0,0.0,5,355.5,362.0,5,368.5,360.5,360.5,360.5,2.0,721.0,54
2023-05-10 21:18:16,TA401C5200,TA401C5200,360.5,0.0,0.0,0.0,5,357.0,362.0,5,368.5,360.5,360.5,360.5,2.0,721.0,54
2023-05-10 21:18:22,TA401C5200,TA401C5200,360.5,0.0,0.0,0.0,5,355.5,360.5,5,368.5,360.5,360.5,360.5,2.0,721.0,54
2023-05-10 21:18:41,TA401C5200,TA401C5200,360.5,0.0,0.0,0.0,1,253.0,360.5,5,368.5,360.5,360.5,360.5,2.0,721.0,54
2023-05-10 21:18:42,TA401C5200,TA401C5200,360.5,0.0,0.0,0.0,2,259.5,360.5,5,368.5,360.5,360.5,360.5,2.0,721.0,54
2023-05-10 21:18:42,TA401C5200,TA401C5200,360.5,0.0,0.0,0.0,1,305.0,360.5,5,368.5,360.5,360.5,360.5,2.0,721.0,54
2023-05-10 21:18:43,TA401C5200,TA401C5200,360.5,0.0,0.0,0.0,1,341.0,360.5,5,368.5,360.5,360.5,360.5,2.0,721.0,54
2023-05-10 21:18:43,TA401C5200,TA401C5200,360.5,0.0,0.0,0.0,5,354.0,360.5,5,368.5,360.5,360.5,360.5,2.0,721.0,54
2023-05-10 21:18:56,TA401C5200,TA401C5200,360.5,0.0,0.0,0.0,5,354.0,359.0,5,368.5,360.5,360.5,360.5,2.0,721.0,54
2023-05-10 21:19:07,TA401C5200,TA401C5200,360.5,0.0,0.0,0.0,5,355.5,360.5,5,368.5,360.5,360.5,360.5,2.0,721.0,54
2023-05-10 21:19:16,TA401C5200,TA401C5200,360.5,0.0,0.0,0.0,5,355.5,363.0,5,368.5,360.5,360.5,360.5,2.0,721.0,54
2023-05-10 21:19:19,TA401C5200,TA401C5200,360.5,0.0,0.0,0.0,5,357.0,363.0,5,368.5,360.5,360.5,360.5,2.0,721.0,54
2023-05-10 21:19:39,TA401C5200,TA401C5200,360.5,0.0,0.0,0.0,5,357.0,361.5,5,368.5,360.5,360.5,360.5,2.0,721.0,54
2023-05-10 21:19:56,TA401C5200,TA401C5200,360.5,0.0,0.0,0.0,5,355.5,361.5,5,368.5,360.5,360.5,360.5,2.0,721.0,54
2023-05-10 21:20:13,TA401C5200,TA401C5200,360.5,0.0,0.0,0.0,5,357.0,361.5,5,368.5,360.5,360.5,360.5,2.0,721.0,54
2023-05-10 21:20:24,TA401C5200,TA401C5200,360.5,0.0,0.0,0.0,5,357.0,376.0,10,368.5,360.5,360.5,360.5,2.0,721.0,54
2023-05-10 21:20:29,TA401C5200,TA401C5200,360.5,0.0,0.0,0.0,5,357.0,364.0,5,368.5,360.5,360.5,360.5,2.0,721.0,54
2023-05-10 21:20:58,TA401C5200,TA401C5200,360.5,0.0,0.0,0.0,5,357.0,362.5,5,368.5,360.5,360.5,360.5,2.0,721.0,54
2023-05-10 21:21:31,TA401C5200,TA401C5200,360.5,0.0,0.0,0.0,5,358.5,362.5,5,368.5,360.5,360.5,360.5,2.0,721.0,54
2023-05-10 21:21:31,TA401C5200,TA401C5200,360.5,0.0,0.0,0.0,5,358.5,364.0,5,368.5,360.5,360.5,360.5,2.0,721.0,54
2023-05-10 21:22:00,TA401C5200,TA401C5200,360.5,0.0,0.0,0.0,5,358.5,362.5,5,368.5,360.5,360.5,360.5,2.0,721.0,54
2023-05-10 21:22:47,TA401C5200,TA401C5200,360.5,0.0,0.0,0.0,5,357.0,362.5,5,368.5,360.5,360.5,360.5,2.0,721.0,54
2023-05-10 21:23:24,TA401C5200,TA401C5200,360.5,0.0,0.0,0.0,5,358.5,362.5,5,368.5,360.5,360.5,360.5,2.0,721.0,54
2023-05-10 21:23:25,TA401C5200,TA401C5200,360.5,0.0,0.0,0.0,5,358.5,364.0,5,368.5,360.5,360.5,360.5,2.0,721.0,54
2023-05-10 21:23:39,TA401C5200,TA401C5200,360.5,0.0,0.0,0.0,5,360.0,364.0,5,368.5,360.5,360.5,360.5,2.0,721.0,54
2023-05-10 21:24:20,TA401C5200,TA401C5200,360.5,0.0,0.0,0.0,5,360.0,376.0,10,368.5,360.5,360.5,360.5,2.0,721.0,54
2023-05-10 21:24:21,TA401C5200,TA401C5200,360.5,0.0,0.0,0.0,5,360.0,365.5,5,368.5,360.5,360.5,360.5,2.0,721.0,54
2023-05-10 21:24:43,TA401C5200,TA401C5200,360.5,0.0,0.0,0.0,5,360.0,364.0,5,368.5,360.5,360.5,360.5,2.0,721.0,54
2023-05-10 21:25:46,TA401C5200,TA401C5200,360.5,0.0,0.0,0.0,5,358.5,364.0,5,368.5,360.5,360.5,360.5,2.0,721.0,54
2023-05-10 21:27:07,TA401C5200,TA401C5200,360.5,0.0,0.0,0.0,5,358.5,362.5,5,368.5,360.5,360.5,360.5,2.0,721.0,54
2023-05-10 21:27:56,TA401C5200,TA401C5200,360.5,0.0,0.0,0.0,1,341.0,362.5,5,368.5,360.5,360.5,360.5,2.0,721.0,54
2023-05-10 21:27:58,TA401C5200,TA401C5200,360.5,0.0,0.0,0.0,5,356.0,362.5,5,368.5,360.5,360.5,360.5,2.0,721.0,54
2023-05-10 21:28:15,TA401C5200,TA401C5200,360.5,0.0,0.0,0.0,5,357.5,362.5,5,368.5,360.5,360.5,360.5,2.0,721.0,54
2023-05-10 21:28:36,TA401C5200,TA401C5200,360.5,0.0,0.0,0.0,5,357.5,364.0,5,368.5,360.5,360.5,360.5,2.0,721.0,54
2023-05-10 21:28:39,TA401C5200,TA401C5200,360.5,0.0,0.0,0.0,5,359.0,364.0,5,368.5,360.5,360.5,360.5,2.0,721.0,54
2023-05-10 21:32:22,TA401C5200,TA401C5200,360.5,0.0,0.0,0.0,5,360.5,366.0,5,368.5,360.5,360.5,360.5,2.0,721.0,54
2023-05-10 21:32:50,TA401C5200,TA401C5200,360.5,0.0,0.0,0.0,5,359.0,364.5,5,368.5,360.5,360.5,360.5,2.0,721.0,54
2023-05-10 21:33:13,TA401C5200,TA401C5200,360.5,0.0,0.0,0.0,5,359.0,363.0,5,368.5,360.5,360.5,360.5,2.0,721.0,54
2023-05-10 21:33:18,TA401C5200,TA401C5200,360.5,0.0,0.0,0.0,1,341.0,363.0,5,368.5,360.5,360.5,360.5,2.0,721.0,54
2023-05-10 21:33:19,TA401C5200,TA401C5200,360.5,0.0,0.0,0.0,5,356.5,363.0,5,368.5,360.5,360.5,360.5,2.0,721.0,54
2023-05-10 21:33:33,TA401C5200,TA401C5200,360.5,0.0,0.0,0.0,5,358.0,363.0,5,368.5,360.5,360.5,360.5,2.0,721.0,54
2023-05-10 21:35:06,TA401C5200,TA401C5200,360.5,0.0,0.0,0.0,5,358.0,364.5,5,368.5,360.5,360.5,360.5,2.0,721.0,54
2023-05-10 21:35:07,TA401C5200,TA401C5200,360.5,0.0,0.0,0.0,5,359.5,364.5,5,368.5,360.5,360.5,360.5,2.0,721.0,54
2023-05-10 21:36:11,TA401C5200,TA401C5200,360.5,0.0,0.0,0.0,5,359.5,363.0,5,368.5,360.5,360.5,360.5,2.0,721.0,54
2023-05-10 21:36:13,TA401C5200,TA401C5200,360.5,0.0,0.0,0.0,5,358.0,363.0,5,368.5,360.5,360.5,360.5,2.0,721.0,54
2023-05-10 21:37:10,TA401C5200,TA401C5200,360.5,0.0,0.0,0.0,5,359.5,364.5,5,368.5,360.5,360.5,360.5,2.0,721.0,54
2023-05-10 21:38:00,TA401C5200,TA401C5200,360.5,0.0,0.0,0.0,5,358.0,364.5,5,368.5,360.5,360.5,360.5,2.0,721.0,54
2023-05-10 21:38:04,TA401C5200,TA401C5200,360.5,0.0,0.0,0.0,5,358.0,362.5,5,368.5,360.5,360.5,360.5,2.0,721.0,54
2023-05-10 21:38:07,TA401C5200,TA401C5200,360.5,0.0,0.0,0.0,1,341.0,362.5,5,368.5,360.5,360.5,360.5,2.0,721.0,54
2023-05-10 21:38:08,TA401C5200,TA401C5200,360.5,0.0,0.0,0.0,5,356.0,362.5,5,368.5,360.5,360.5,360.5,2.0,721.0,54
2023-05-10 21:38:12,TA401C5200,TA401C5200,360.5,0.0,0.0,0.0,5,356.0,361.0,5,368.5,360.5,360.5,360.5,2.0,721.0,54
2023-05-10 21:39:47,TA401C5200,TA401C5200,360.5,0.0,0.0,0.0,5,356.0,359.5,5,368.5,360.5,360.5,360.5,2.0,721.0,54
2023-05-10 21:39:47,TA401C5200,TA401C5200,360.5,0.0,0.0,0.0,1,341.0,359.5,5,368.5,360.5,360.5,360.5,2.0,721.0,54
2023-05-10 21:39:47,TA401C5200,TA401C5200,360.5,0.0,0.0,0.0,5,353.5,359.5,5,368.5,360.5,360.5,360.5,2.0,721.0,54
2023-05-10 21:40:04,TA401C5200,TA401C5200,360.5,0.0,0.0,0.0,5,355.0,359.5,5,368.5,360.5,360.5,360.5,2.0,721.0,54
2023-05-10 21:40:34,TA401C5200,TA401C5200,360.5,0.0,0.0,0.0,5,355.0,361.0,5,368.5,360.5,360.5,360.5,2.0,721.0,54
2023-05-10 21:40:55,TA401C5200,TA401C5200,360.5,0.0,0.0,0.0,5,356.5,361.0,5,368.5,360.5,360.5,360.5,2.0,721.0,54
2023-05-10 21:41:26,TA401C5200,TA401C5200,360.5,0.0,0.0,0.0,5,355.0,361.0,5,368.5,360.5,360.5,360.5,2.0,721.0,54
2023-05-10 21:41:33,TA401C5200,TA401C5200,360.5,0.0,0.0,0.0,5,355.0,359.5,5,368.5,360.5,360.5,360.5,2.0,721.0,54
2023-05-10 21:42:45,TA401C5200,TA401C5200,360.5,0.0,0.0,0.0,1,341.0,359.5,5,368.5,360.5,360.5,360.5,2.0,721.0,54
2023-05-10 21:42:47,TA401C5200,TA401C5200,360.5,0.0,0.0,0.0,5,353.0,359.5,5,368.5,360.5,360.5,360.5,2.0,721.0,54
2023-05-10 21:42:51,TA401C5200,TA401C5200,360.5,0.0,0.0,0.0,5,353.0,358.0,5,368.5,360.5,360.5,360.5,2.0,721.0,54
2023-05-10 21:44:04,TA401C5200,TA401C5200,360.5,0.0,0.0,0.0,5,354.5,359.5,5,368.5,360.5,360.5,360.5,2.0,721.0,54
2023-05-10 21:45:14,TA401C5200,TA401C5200,360.5,0.0,0.0,0.0,5,356.0,361.5,5,368.5,360.5,360.5,360.5,2.0,721.0,54
2023-05-10 21:46:00,TA401C5200,TA401C5200,360.5,0.0,0.0,0.0,5,356.0,360.0,5,368.5,360.5,360.5,360.5,2.0,721.0,54
2023-05-10 21:47:34,TA401C5200,TA401C5200,360.5,0.0,0.0,0.0,5,354.5,360.0,5,368.5,360.5,360.5,360.5,2.0,721.0,54
2023-05-10 21:48:03,TA401C5200,TA401C5200,360.5,0.0,0.0,0.0,5,354.5,358.5,5,368.5,360.5,360.5,360.5,2.0,721.0,54
2023-05-10 21:48:05,TA401C5200,TA401C5200,360.5,0.0,0.0,0.0,1,341.0,358.5,5,368.5,360.5,360.5,360.5,2.0,721.0,54
2023-05-10 21:48:06,TA401C5200,TA401C5200,360.5,0.0,0.0,0.0,5,352.5,358.5,5,368.5,360.5,360.5,360.5,2.0,721.0,54
2023-05-10 21:48:20,TA401C5200,TA401C5200,360.5,0.0,0.0,0.0,5,352.5,357.0,5,368.5,360.5,360.5,360.5,2.0,721.0,54
2023-05-10 21:48:39,TA401C5200,TA401C5200,360.5,0.0,0.0,0.0,1,341.0,357.0,5,368.5,360.5,360.5,360.5,2.0,721.0,54
2023-05-10 21:48:41,TA401C5200,TA401C5200,360.5,0.0,0.0,0.0,5,350.0,357.0,5,368.5,360.5,360.5,360.5,2.0,721.0,54
2023-05-10 21:48:42,TA401C5200,TA401C5200,360.5,0.0,0.0,0.0,5,350.0,354.5,5,368.5,360.5,360.5,360.5,2.0,721.0,54
2023-05-10 21:49:19,TA401C5200,TA401C5200,360.5,0.0,0.0,0.0,5,350.0,357.0,5,368.5,360.5,360.5,360.5,2.0,721.0,54
2023-05-10 21:49:22,TA401C5200,TA401C5200,360.5,0.0,0.0,0.0,5,352.0,357.0,5,368.5,360.5,360.5,360.5,2.0,721.0,54
2023-05-10 21:50:33,TA401C5200,TA401C5200,360.5,0.0,0.0,0.0,5,353.5,376.0,10,368.5,360.5,360.5,360.5,2.0,721.0,54
2023-05-10 21:50:35,TA401C5200,TA401C5200,360.5,0.0,0.0,0.0,5,353.5,359.0,5,368.5,360.5,360.5,360.5,2.0,721.0,54
2023-05-10 21:51:03,TA401C5200,TA401C5200,360.5,0.0,0.0,0.0,5,353.5,357.5,5,368.5,360.5,360.5,360.5,2.0,721.0,54
2023-05-10 21:51:28,TA401C5200,TA401C5200,360.5,0.0,0.0,0.0,5,353.5,359.0,5,368.5,360.5,360.5,360.5,2.0,721.0,54
2023-05-10 21:51:40,TA401C5200,TA401C5200,360.5,0.0,0.0,0.0,5,353.5,376.0,10,368.5,360.5,360.5,360.5,2.0,721.0,54
2023-05-10 21:51:41,TA401C5200,TA401C5200,360.5,0.0,0.0,0.0,5,355.0,361.0,5,368.5,360.5,360.5,360.5,2.0,721.0,54
2023-05-10 21:52:01,TA401C5200,TA401C5200,360.5,0.0,0.0,0.0,5,355.0,359.5,5,368.5,360.5,360.5,360.5,2.0,721.0,54
2023-05-10 21:52:03,TA401C5200,TA401C5200,360.5,0.0,0.0,0.0,5,353.5,359.5,5,368.5,360.5,360.5,360.5,2.0,721.0,54
2023-05-10 21:53:17,TA401C5200,TA401C5200,360.5,0.0,0.0,0.0,5,353.5,357.5,5,368.5,360.5,360.5,360.5,2.0,721.0,54
2023-05-10 21:53:23,TA401C5200,TA401C5200,360.5,0.0,0.0,0.0,5,351.0,357.5,5,368.5,360.5,360.5,360.5,2.0,721.0,54
2023-05-10 21:53:59,TA401C5200,TA401C5200,360.5,0.0,0.0,0.0,5,351.0,356.0,5,368.5,360.5,360.5,360.5,2.0,721.0,54
2023-05-10 21:54:05,TA401C5200,TA401C5200,360.5,0.0,0.0,0.0,1,341.0,356.0,5,368.5,360.5,360.5,360.5,2.0,721.0,54
2023-05-10 21:54:08,TA401C5200,TA401C5200,360.5,0.0,0.0,0.0,1,341.0,353.5,5,368.5,360.5,360.5,360.5,2.0,721.0,54
2023-05-10 21:54:09,TA401C5200,TA401C5200,360.5,0.0,0.0,0.0,5,348.0,353.5,5,368.5,360.5,360.5,360.5,2.0,721.0,54
2023-05-10 21:54:33,TA401C5200,TA401C5200,360.5,0.0,0.0,0.0,5,348.0,352.0,5,368.5,360.5,360.5,360.5,2.0,721.0,54
2023-05-10 21:55:09,TA401C5200,TA401C5200,360.5,0.0,0.0,0.0,5,348.0,353.5,5,368.5,360.5,360.5,360.5,2.0,721.0,54
2023-05-10 21:55:27,TA401C5200,TA401C5200,360.5,0.0,0.0,0.0,5,349.5,353.5,5,368.5,360.5,360.5,360.5,2.0,721.0,54
2023-05-10 21:55:59,TA401C5200,TA401C5200,360.5,0.0,0.0,0.0,5,349.5,376.0,10,368.5,360.5,360.5,360.5,2.0,721.0,54
2023-05-10 21:56:00,TA401C5200,TA401C5200,360.5,0.0,0.0,0.0,5,349.5,355.5,5,368.5,360.5,360.5,360.5,2.0,721.0,54
2023-05-10 21:56:07,TA401C5200,TA401C5200,360.5,0.0,0.0,0.0,5,351.0,355.5,5,368.5,360.5,360.5,360.5,2.0,721.0,54
2023-05-10 21:56:28,TA401C5200,TA401C5200,360.5,0.0,0.0,0.0,5,351.0,357.5,5,368.5,360.5,360.5,360.5,2.0,721.0,54
2023-05-10 21:56:44,TA401C5200,TA401C5200,360.5,0.0,0.0,0.0,5,351.0,356.0,5,368.5,360.5,360.5,360.5,2.0,721.0,54
2023-05-10 21:58:16,TA401C5200,TA401C5200,360.5,0.0,0.0,0.0,5,349.5,354.5,5,368.5,360.5,360.5,360.5,2.0,721.0,54
2023-05-10 21:59:06,TA401C5200,TA401C5200,360.5,0.0,0.0,0.0,1,341.0,354.5,5,368.5,360.5,360.5,360.5,2.0,721.0,54
2023-05-10 21:59:08,TA401C5200,TA401C5200,360.5,0.0,0.0,0.0,1,341.0,352.5,5,368.5,360.5,360.5,360.5,2.0,721.0,54
2023-05-10 21:59:09,TA401C5200,TA401C5200,360.5,0.0,0.0,0.0,5,347.0,352.5,5,368.5,360.5,360.5,360.5,2.0,721.0,54
2023-05-10 22:00:03,TA401C5200,TA401C5200,360.5,0.0,0.0,0.0,5,347.0,354.5,5,368.5,360.5,360.5,360.5,2.0,721.0,54
2023-05-10 22:00:04,TA401C5200,TA401C5200,360.5,0.0,0.0,0.0,5,349.5,354.5,5,368.5,360.5,360.5,360.5,2.0,721.0,54
2023-05-10 22:00:22,TA401C5200,TA401C5200,360.5,0.0,0.0,0.0,5,351.0,356.5,5,368.5,360.5,360.5,360.5,2.0,721.0,54
2023-05-10 22:01:25,TA401C5200,TA401C5200,360.5,0.0,0.0,0.0,5,352.5,356.5,5,368.5,360.5,360.5,360.5,2.0,721.0,54
2023-05-10 22:01:35,TA401C5200,TA401C5200,360.5,0.0,0.0,0.0,5,352.5,376.0,10,368.5,360.5,360.5,360.5,2.0,721.0,54
2023-05-10 22:01:36,TA401C5200,TA401C5200,360.5,0.0,0.0,0.0,5,352.5,358.0,5,368.5,360.5,360.5,360.5,2.0,721.0,54
2023-05-10 22:03:38,TA401C5200,TA401C5200,360.5,0.0,0.0,0.0,5,352.5,356.5,5,368.5,360.5,360.5,360.5,2.0,721.0,54
2023-05-10 22:05:10,TA401C5200,TA401C5200,360.5,0.0,0.0,0.0,5,351.0,356.5,5,368.5,360.5,360.5,360.5,2.0,721.0,54
2023-05-10 22:06:28,TA401C5200,TA401C5200,360.5,0.0,0.0,0.0,5,351.0,358.0,5,368.5,360.5,360.5,360.5,2.0,721.0,54
2023-05-10 22:06:29,TA401C5200,TA401C5200,360.5,0.0,0.0,0.0,5,353.0,358.0,5,368.5,360.5,360.5,360.5,2.0,721.0,54
2023-05-10 22:08:06,TA401C5200,TA401C5200,360.5,0.0,0.0,0.0,5,353.0,360.5,5,368.5,360.5,360.5,360.5,2.0,721.0,54
2023-05-10 22:08:16,TA401C5200,TA401C5200,360.5,0.0,0.0,0.0,5,353.0,359.0,5,368.5,360.5,360.5,360.5,2.0,721.0,54
2023-05-10 22:08:57,TA401C5200,TA401C5200,360.5,0.0,0.0,0.0,5,353.0,357.5,5,368.5,360.5,360.5,360.5,2.0,721.0,54
2023-05-10 22:09:48,TA401C5200,TA401C5200,360.5,0.0,0.0,0.0,5,351.0,356.0,5,368.5,360.5,360.5,360.5,2.0,721.0,54
2023-05-10 22:09:51,TA401C5200,TA401C5200,360.5,0.0,0.0,0.0,1,341.0,356.0,5,368.5,360.5,360.5,360.5,2.0,721.0,54
2023-05-10 22:09:52,TA401C5200,TA401C5200,360.5,0.0,0.0,0.0,5,349.0,356.0,5,368.5,360.5,360.5,360.5,2.0,721.0,54
2023-05-10 22:09:55,TA401C5200,TA401C5200,360.5,0.0,0.0,0.0,5,349.0,354.0,5,368.5,360.5,360.5,360.5,2.0,721.0,54
2023-05-10 22:09:59,TA401C5200,TA401C5200,360.5,0.0,0.0,0.0,1,341.0,354.0,5,368.5,360.5,360.5,360.5,2.0,721.0,54
2023-05-10 22:10:00,TA401C5200,TA401C5200,360.5,0.0,0.0,0.0,5,347.0,354.0,5,368.5,360.5,360.5,360.5,2.0,721.0,54
2023-05-10 22:10:04,TA401C5200,TA401C5200,360.5,0.0,0.0,0.0,5,347.0,351.5,5,368.5,360.5,360.5,360.5,2.0,721.0,54
2023-05-10 22:10:06,TA401C5200,TA401C5200,360.5,0.0,0.0,0.0,1,341.0,351.5,5,368.5,360.5,360.5,360.5,2.0,721.0,54
2023-05-10 22:10:08,TA401C5200,TA401C5200,360.5,0.0,0.0,0.0,1,341.0,348.5,5,368.5,360.5,360.5,360.5,2.0,721.0,54
2023-05-10 22:10:09,TA401C5200,TA401C5200,360.5,0.0,0.0,0.0,5,343.0,348.5,5,368.5,360.5,360.5,360.5,2.0,721.0,54
2023-05-10 22:10:20,TA401C5200,TA401C5200,360.5,0.0,0.0,0.0,5,343.0,351.5,5,368.5,360.5,360.5,360.5,2.0,721.0,54
2023-05-10 22:10:22,TA401C5200,TA401C5200,360.5,0.0,0.0,0.0,5,343.0,350.0,5,368.5,360.5,360.5,360.5,2.0,721.0,54
2023-05-10 22:10:23,TA401C5200,TA401C5200,360.5,0.0,0.0,0.0,5,344.5,350.0,5,368.5,360.5,360.5,360.5,2.0,721.0,54
2023-05-10 22:11:17,TA401C5200,TA401C5200,360.5,0.0,0.0,0.0,5,346.0,350.0,5,368.5,360.5,360.5,360.5,2.0,721.0,54
2023-05-10 22:11:20,TA401C5200,TA401C5200,360.5,0.0,0.0,0.0,5,346.0,351.5,5,368.5,360.5,360.5,360.5,2.0,721.0,54
2023-05-10 22:11:25,TA401C5200,TA401C5200,360.5,0.0,0.0,0.0,5,346.0,376.0,10,368.5,360.5,360.5,360.5,2.0,721.0,54
2023-05-10 22:11:27,TA401C5200,TA401C5200,360.5,0.0,0.0,0.0,5,346.0,353.0,5,368.5,360.5,360.5,360.5,2.0,721.0,54
2023-05-10 22:11:28,TA401C5200,TA401C5200,360.5,0.0,0.0,0.0,5,347.5,353.0,5,368.5,360.5,360.5,360.5,2.0,721.0,54
2023-05-10 22:11:34,TA401C5200,TA401C5200,360.5,0.0,0.0,0.0,5,347.5,351.5,5,368.5,360.5,360.5,360.5,2.0,721.0,54
2023-05-10 22:11:37,TA401C5200,TA401C5200,360.5,0.0,0.0,0.0,5,346.0,351.5,5,368.5,360.5,360.5,360.5,2.0,721.0,54
2023-05-10 22:12:11,TA401C5200,TA401C5200,360.5,0.0,0.0,0.0,5,346.0,350.0,5,368.5,360.5,360.5,360.5,2.0,721.0,54
2023-05-10 22:12:36,TA401C5200,TA401C5200,360.5,0.0,0.0,0.0,5,346.0,351.5,5,368.5,360.5,360.5,360.5,2.0,721.0,54
2023-05-10 22:15:09,TA401C5200,TA401C5200,360.5,0.0,0.0,0.0,5,347.5,351.5,5,368.5,360.5,360.5,360.5,2.0,721.0,54
2023-05-10 22:15:13,TA401C5200,TA401C5200,360.5,0.0,0.0,0.0,5,347.5,354.0,5,368.5,360.5,360.5,360.5,2.0,721.0,54
2023-05-10 22:15:25,TA401C5200,TA401C5200,360.5,0.0,0.0,0.0,5,347.5,352.5,5,368.5,360.5,360.5,360.5,2.0,721.0,54
2023-05-10 22:16:00,TA401C5200,TA401C5200,360.5,0.0,0.0,0.0,5,347.5,351.0,5,368.5,360.5,360.5,360.5,2.0,721.0,54
2023-05-10 22:16:02,TA401C5200,TA401C5200,360.5,0.0,0.0,0.0,5,346.0,351.0,5,368.5,360.5,360.5,360.5,2.0,721.0,54
2023-05-10 22:16:25,TA401C5200,TA401C5200,360.5,0.0,0.0,0.0,1,341.0,349.5,5,368.5,360.5,360.5,360.5,2.0,721.0,54
2023-05-10 22:16:29,TA401C5200,TA401C5200,360.5,0.0,0.0,0.0,5,342.5,349.5,5,368.5,360.5,360.5,360.5,2.0,721.0,54
2023-05-10 22:16:30,TA401C5200,TA401C5200,360.5,0.0,0.0,0.0,5,342.5,348.0,5,368.5,360.5,360.5,360.5,2.0,721.0,54
2023-05-10 22:18:19,TA401C5200,TA401C5200,360.5,0.0,0.0,0.0,5,342.5,346.5,5,368.5,360.5,360.5,360.5,2.0,721.0,54
2023-05-10 22:18:19,TA401C5200,TA401C5200,360.5,0.0,0.0,0.0,1,327.0,346.5,5,368.5,360.5,360.5,360.5,2.0,721.0,54
2023-05-10 22:18:21,TA401C5200,TA401C5200,360.5,0.0,0.0,0.0,5,340.0,346.5,5,368.5,360.5,360.5,360.5,2.0,721.0,54
2023-05-10 22:18:27,TA401C5200,TA401C5200,360.5,0.0,0.0,0.0,5,340.0,345.0,5,368.5,360.5,360.5,360.5,2.0,721.0,54
2023-05-10 22:18:58,TA401C5200,TA401C5200,360.5,0.0,0.0,0.0,5,340.0,346.5,5,368.5,360.5,360.5,360.5,2.0,721.0,54
2023-05-10 22:18:59,TA401C5200,TA401C5200,360.5,0.0,0.0,0.0,5,342.0,346.5,5,368.5,360.5,360.5,360.5,2.0,721.0,54
2023-05-10 22:20:34,TA401C5200,TA401C5200,360.5,0.0,0.0,0.0,5,342.0,349.0,5,368.5,360.5,360.5,360.5,2.0,721.0,54
2023-05-10 22:20:49,TA401C5200,TA401C5200,360.5,0.0,0.0,0.0,5,342.0,347.5,5,368.5,360.5,360.5,360.5,2.0,721.0,54
2023-05-10 22:23:00,TA401C5200,TA401C5200,360.5,0.0,0.0,0.0,5,343.5,347.5,5,368.5,360.5,360.5,360.5,2.0,721.0,54
2023-05-10 22:24:04,TA401C5200,TA401C5200,360.5,0.0,0.0,0.0,5,343.5,349.0,5,368.5,360.5,360.5,360.5,2.0,721.0,54
2023-05-10 22:25:16,TA401C5200,TA401C5200,360.5,0.0,0.0,0.0,5,345.0,349.0,5,368.5,360.5,360.5,360.5,2.0,721.0,54
2023-05-10 22:27:23,TA401C5200,TA401C5200,360.5,0.0,0.0,0.0,5,345.0,351.0,5,368.5,360.5,360.5,360.5,2.0,721.0,54
2023-05-10 22:27:25,TA401C5200,TA401C5200,360.5,0.0,0.0,0.0,5,346.5,351.0,5,368.5,360.5,360.5,360.5,2.0,721.0,54
2023-05-10 22:29:15,TA401C5200,TA401C5200,360.5,0.0,0.0,0.0,5,345.0,351.0,5,368.5,360.5,360.5,360.5,2.0,721.0,54
2023-05-10 22:29:28,TA401C5200,TA401C5200,360.5,0.0,0.0,0.0,5,345.0,349.5,5,368.5,360.5,360.5,360.5,2.0,721.0,54
2023-05-10 22:30:00,TA401C5200,TA401C5200,360.5,0.0,0.0,0.0,5,345.0,351.0,5,368.5,360.5,360.5,360.5,2.0,721.0,54
2023-05-10 22:30:03,TA401C5200,TA401C5200,360.5,0.0,0.0,0.0,5,345.0,376.0,10,368.5,360.5,360.5,360.5,2.0,721.0,54
2023-05-10 22:30:05,TA401C5200,TA401C5200,360.5,0.0,0.0,0.0,5,347.5,376.0,10,368.5,360.5,360.5,360.5,2.0,721.0,54
2023-05-10 22:30:07,TA401C5200,TA401C5200,360.5,0.0,0.0,0.0,5,347.5,352.5,5,368.5,360.5,360.5,360.5,2.0,721.0,54
2023-05-10 22:30:31,TA401C5200,TA401C5200,360.5,0.0,0.0,0.0,5,347.5,376.0,10,368.5,360.5,360.5,360.5,2.0,721.0,54
2023-05-10 22:30:32,TA401C5200,TA401C5200,360.5,0.0,0.0,0.0,5,347.5,354.0,5,368.5,360.5,360.5,360.5,2.0,721.0,54
2023-05-10 22:30:36,TA401C5200,TA401C5200,360.5,0.0,0.0,0.0,5,349.0,354.0,5,368.5,360.5,360.5,360.5,2.0,721.0,54
2023-05-10 22:31:25,TA401C5200,TA401C5200,360.5,0.0,0.0,0.0,5,347.5,352.5,5,368.5,360.5,360.5,360.5,2.0,721.0,54
2023-05-10 22:33:14,TA401C5200,TA401C5200,360.5,0.0,0.0,0.0,5,347.5,354.0,5,368.5,360.5,360.5,360.5,2.0,721.0,54
2023-05-10 22:33:14,TA401C5200,TA401C5200,360.5,0.0,0.0,0.0,5,349.5,354.0,5,368.5,360.5,360.5,360.5,2.0,721.0,54
2023-05-10 22:33:47,TA401C5200,TA401C5200,360.5,0.0,0.0,0.0,5,347.5,354.0,5,368.5,360.5,360.5,360.5,2.0,721.0,54
2023-05-10 22:33:52,TA401C5200,TA401C5200,360.5,0.0,0.0,0.0,5,347.5,352.5,5,368.5,360.5,360.5,360.5,2.0,721.0,54
2023-05-10 22:33:54,TA401C5200,TA401C5200,360.5,0.0,0.0,0.0,1,327.0,352.5,5,368.5,360.5,360.5,360.5,2.0,721.0,54
2023-05-10 22:33:57,TA401C5200,TA401C5200,360.5,0.0,0.0,0.0,5,344.5,352.5,5,368.5,360.5,360.5,360.5,2.0,721.0,54
2023-05-10 22:33:59,TA401C5200,TA401C5200,360.5,0.0,0.0,0.0,5,344.5,350.5,5,368.5,360.5,360.5,360.5,2.0,721.0,54
2023-05-10 22:34:04,TA401C5200,TA401C5200,360.5,0.0,0.0,0.0,5,344.5,349.0,5,368.5,360.5,360.5,360.5,2.0,721.0,54
2023-05-10 22:34:13,TA401C5200,TA401C5200,360.5,0.0,0.0,0.0,1,327.0,349.0,5,368.5,360.5,360.5,360.5,2.0,721.0,54
2023-05-10 22:34:14,TA401C5200,TA401C5200,360.5,0.0,0.0,0.0,5,342.0,349.0,5,368.5,360.5,360.5,360.5,2.0,721.0,54
2023-05-10 22:34:28,TA401C5200,TA401C5200,360.5,0.0,0.0,0.0,5,342.0,347.5,5,368.5,360.5,360.5,360.5,2.0,721.0,54
2023-05-10 22:34:36,TA401C5200,TA401C5200,360.5,0.0,0.0,0.0,5,342.0,349.0,5,368.5,360.5,360.5,360.5,2.0,721.0,54
2023-05-10 22:34:36,TA401C5200,TA401C5200,360.5,0.0,0.0,0.0,5,344.0,349.0,5,368.5,360.5,360.5,360.5,2.0,721.0,54
2023-05-10 22:34:48,TA401C5200,TA401C5200,360.5,0.0,0.0,0.0,5,345.5,376.0,10,368.5,360.5,360.5,360.5,2.0,721.0,54
2023-05-10 22:34:49,TA401C5200,TA401C5200,360.5,0.0,0.0,0.0,5,345.5,351.0,5,368.5,360.5,360.5,360.5,2.0,721.0,54
2023-05-10 22:34:54,TA401C5200,TA401C5200,360.5,0.0,0.0,0.0,5,345.5,376.0,10,368.5,360.5,360.5,360.5,2.0,721.0,54
2023-05-10 22:34:55,TA401C5200,TA401C5200,360.5,0.0,0.0,0.0,5,345.5,353.5,5,368.5,360.5,360.5,360.5,2.0,721.0,54
2023-05-10 22:34:57,TA401C5200,TA401C5200,360.5,0.0,0.0,0.0,5,347.5,353.5,5,368.5,360.5,360.5,360.5,2.0,721.0,54
2023-05-10 22:35:28,TA401C5200,TA401C5200,360.5,0.0,0.0,0.0,5,347.5,352.0,5,368.5,360.5,360.5,360.5,2.0,721.0,54
2023-05-10 22:35:44,TA401C5200,TA401C5200,360.5,0.0,0.0,0.0,5,347.5,353.5,5,368.5,360.5,360.5,360.5,2.0,721.0,54
2023-05-10 22:35:48,TA401C5200,TA401C5200,360.5,0.0,0.0,0.0,5,349.0,353.5,5,368.5,360.5,360.5,360.5,2.0,721.0,54
2023-05-10 22:36:36,TA401C5200,TA401C5200,360.5,0.0,0.0,0.0,5,349.0,376.0,10,368.5,360.5,360.5,360.5,2.0,721.0,54
2023-05-10 22:36:37,TA401C5200,TA401C5200,360.5,0.0,0.0,0.0,5,349.0,355.5,5,368.5,360.5,360.5,360.5,2.0,721.0,54
2023-05-10 22:36:59,TA401C5200,TA401C5200,360.5,0.0,0.0,0.0,5,349.0,354.0,5,368.5,360.5,360.5,360.5,2.0,721.0,54
2023-05-10 22:37:14,TA401C5200,TA401C5200,360.5,0.0,0.0,0.0,5,347.5,352.0,5,368.5,360.5,360.5,360.5,2.0,721.0,54
2023-05-10 22:37:16,TA401C5200,TA401C5200,360.5,0.0,0.0,0.0,1,327.0,352.0,5,368.5,360.5,360.5,360.5,2.0,721.0,54
2023-05-10 22:37:23,TA401C5200,TA401C5200,360.5,0.0,0.0,0.0,5,344.5,352.0,5,368.5,360.5,360.5,360.5,2.0,721.0,54
2023-05-10 22:37:28,TA401C5200,TA401C5200,360.5,0.0,0.0,0.0,5,344.5,350.5,5,368.5,360.5,360.5,360.5,2.0,721.0,54
2023-05-10 22:38:55,TA401C5200,TA401C5200,360.5,0.0,0.0,0.0,5,346.0,350.5,5,368.5,360.5,360.5,360.5,2.0,721.0,54
2023-05-10 22:38:56,TA401C5200,TA401C5200,360.5,0.0,0.0,0.0,5,346.0,352.0,5,368.5,360.5,360.5,360.5,2.0,721.0,54
2023-05-10 22:39:06,TA401C5200,TA401C5200,360.5,0.0,0.0,0.0,5,347.5,352.0,5,368.5,360.5,360.5,360.5,2.0,721.0,54
2023-05-10 22:40:12,TA401C5200,TA401C5200,360.5,0.0,0.0,0.0,5,347.5,376.0,10,368.5,360.5,360.5,360.5,2.0,721.0,54
2023-05-10 22:40:12,TA401C5200,TA401C5200,360.5,0.0,0.0,0.0,5,349.5,376.0,10,368.5,360.5,360.5,360.5,2.0,721.0,54
2023-05-10 22:40:13,TA401C5200,TA401C5200,360.5,0.0,0.0,0.0,5,349.5,355.5,5,368.5,360.5,360.5,360.5,2.0,721.0,54
2023-05-10 22:40:41,TA401C5200,TA401C5200,360.5,0.0,0.0,0.0,5,349.5,354.0,5,368.5,360.5,360.5,360.5,2.0,721.0,54
2023-05-10 22:40:51,TA401C5200,TA401C5200,360.5,0.0,0.0,0.0,5,347.5,354.0,5,368.5,360.5,360.5,360.5,2.0,721.0,54
2023-05-10 22:41:02,TA401C5200,TA401C5200,360.5,0.0,0.0,0.0,5,347.5,352.0,5,368.5,360.5,360.5,360.5,2.0,721.0,54
2023-05-10 22:41:16,TA401C5200,TA401C5200,360.5,0.0,0.0,0.0,1,327.0,352.0,5,368.5,360.5,360.5,360.5,2.0,721.0,54
2023-05-10 22:41:17,TA401C5200,TA401C5200,360.5,0.0,0.0,0.0,5,345.0,352.0,5,368.5,360.5,360.5,360.5,2.0,721.0,54
2023-05-10 22:42:43,TA401C5200,TA401C5200,360.5,0.0,0.0,0.0,5,346.5,352.0,5,368.5,360.5,360.5,360.5,2.0,721.0,54
2023-05-10 22:43:19,TA401C5200,TA401C5200,360.5,0.0,0.0,0.0,5,348.0,352.0,5,368.5,360.5,360.5,360.5,2.0,721.0,54
2023-05-10 22:43:35,TA401C5200,TA401C5200,360.5,0.0,0.0,0.0,5,348.0,354.0,5,368.5,360.5,360.5,360.5,2.0,721.0,54
2023-05-10 22:44:02,TA401C5200,TA401C5200,360.5,0.0,0.0,0.0,5,348.0,352.5,5,368.5,360.5,360.5,360.5,2.0,721.0,54
2023-05-10 22:44:10,TA401C5200,TA401C5200,360.5,0.0,0.0,0.0,5,346.5,352.5,5,368.5,360.5,360.5,360.5,2.0,721.0,54
2023-05-10 22:44:34,TA401C5200,TA401C5200,360.5,0.0,0.0,0.0,5,346.5,350.5,5,368.5,360.5,360.5,360.5,2.0,721.0,54
2023-05-10 22:44:54,TA401C5200,TA401C5200,360.5,0.0,0.0,0.0,5,346.5,352.5,5,368.5,360.5,360.5,360.5,2.0,721.0,54
2023-05-10 22:46:56,TA401C5200,TA401C5200,360.5,0.0,0.0,0.0,5,348.0,376.0,10,368.5,360.5,360.5,360.5,2.0,721.0,54
2023-05-10 22:46:57,TA401C5200,TA401C5200,360.5,0.0,0.0,0.0,5,348.0,354.0,5,368.5,360.5,360.5,360.5,2.0,721.0,54
2023-05-10 22:49:18,TA401C5200,TA401C5200,360.5,0.0,0.0,0.0,5,349.5,354.0,5,368.5,360.5,360.5,360.5,2.0,721.0,54
2023-05-10 22:50:31,TA401C5200,TA401C5200,360.5,0.0,0.0,0.0,5,348.0,354.0,5,368.5,360.5,360.5,360.5,2.0,721.0,54
2023-05-10 22:51:03,TA401C5200,TA401C5200,360.5,0.0,0.0,0.0,5,348.0,352.5,5,368.5,360.5,360.5,360.5,2.0,721.0,54
2023-05-10 22:55:13,TA401C5200,TA401C5200,360.5,0.0,0.0,0.0,1,327.0,352.5,5,368.5,360.5,360.5,360.5,2.0,721.0,54
2023-05-10 22:55:16,TA401C5200,TA401C5200,360.5,0.0,0.0,0.0,5,345.5,352.5,5,368.5,360.5,360.5,360.5,2.0,721.0,54
2023-05-10 22:55:55,TA401C5200,TA401C5200,360.5,0.0,0.0,0.0,1,327.0,376.0,10,368.5,360.5,360.5,360.5,2.0,721.0,54
2023-05-10 22:56:29,TA401C5200,TA401C5200,360.5,0.0,0.0,0.0,1,318.0,0.0,0,368.5,360.5,360.5,360.5,2.0,721.0,54
2023-05-10 22:56:30,TA401C5200,TA401C5200,360.5,0.0,0.0,0.0,1,318.0,679.5,1,368.5,360.5,360.5,360.5,2.0,721.0,54
2023-05-10 22:59:49,TA401C5200,TA401C5200,360.5,0.0,0.0,0.0,1,318.0,0.0,0,368.5,360.5,360.5,360.5,2.0,721.0,54
2023-05-11 09:00:00,TA401C5200,TA401C5200,360.5,0.0,0.0,0.0,1,318.0,455.5,1,368.5,360.5,360.5,360.5,2.0,721.0,54
2023-05-11 09:00:01,TA401C5200,TA401C5200,360.5,0.0,0.0,0.0,1,341.0,455.5,1,368.5,360.5,360.5,360.5,2.0,721.0,54
2023-05-11 09:01:25,TA401C5200,TA401C5200,360.5,0.0,0.0,0.0,1,341.0,354.5,5,368.5,360.5,360.5,360.5,2.0,721.0,54
2023-05-11 09:01:33,TA401C5200,TA401C5200,360.5,0.0,0.0,0.0,5,347.5,354.5,5,368.5,360.5,360.5,360.5,2.0,721.0,54
2023-05-11 09:01:38,TA401C5200,TA401C5200,360.5,0.0,0.0,0.0,5,347.5,353.0,5,368.5,360.5,360.5,360.5,2.0,721.0,54
2023-05-11 09:03:25,TA401C5200,TA401C5200,360.5,0.0,0.0,0.0,5,349.0,353.0,5,368.5,360.5,360.5,360.5,2.0,721.0,54
2023-05-11 09:03:26,TA401C5200,TA401C5200,360.5,0.0,0.0,0.0,5,349.0,354.5,5,368.5,360.5,360.5,360.5,2.0,721.0,54
2023-05-11 09:03:38,TA401C5200,TA401C5200,360.5,0.0,0.0,0.0,5,349.0,455.5,1,368.5,360.5,360.5,360.5,2.0,721.0,54
2023-05-11 09:03:42,TA401C5200,TA401C5200,360.5,0.0,0.0,0.0,5,351.5,455.5,1,368.5,360.5,360.5,360.5,2.0,721.0,54
2023-05-11 09:03:43,TA401C5200,TA401C5200,360.5,0.0,0.0,0.0,5,351.5,356.5,5,368.5,360.5,360.5,360.5,2.0,721.0,54
2023-05-11 09:03:49,TA401C5200,TA401C5200,360.5,0.0,0.0,0.0,5,349.0,356.5,5,368.5,360.5,360.5,360.5,2.0,721.0,54
2023-05-11 09:03:58,TA401C5200,TA401C5200,360.5,0.0,0.0,0.0,5,349.0,355.0,5,368.5,360.5,360.5,360.5,2.0,721.0,54
2023-05-11 09:04:05,TA401C5200,TA401C5200,360.5,0.0,0.0,0.0,5,349.0,353.5,5,368.5,360.5,360.5,360.5,2.0,721.0,54
2023-05-11 09:04:11,TA401C5200,TA401C5200,349.0,1.0,348.5,1.0,20,349.0,353.5,5,368.5,360.5,360.5,349.0,3.0,1069.5,55
2023-05-11 09:04:29,TA401C5200,TA401C5200,349.0,0.0,0.0,0.0,4,349.0,353.5,5,368.5,360.5,360.5,349.0,3.0,1069.5,55
2023-05-11 09:04:42,TA401C5200,TA401C5200,349.0,0.0,0.0,0.0,5,347.0,353.5,5,368.5,360.5,360.5,349.0,3.0,1069.5,55
2023-05-11 09:04:45,TA401C5200,TA401C5200,349.0,0.0,0.0,0.0,5,347.0,351.5,5,368.5,360.5,360.5,349.0,3.0,1069.5,55
2023-05-11 09:05:35,TA401C5200,TA401C5200,349.0,0.0,0.0,0.0,5,344.5,351.5,5,368.5,360.5,360.5,349.0,3.0,1069.5,55
2023-05-11 09:06:31,TA401C5200,TA401C5200,349.0,0.0,0.0,0.0,5,346.0,351.5,5,368.5,360.5,360.5,349.0,3.0,1069.5,55
2023-05-11 09:07:30,TA401C5200,TA401C5200,349.0,0.0,0.0,0.0,5,346.0,353.5,5,368.5,360.5,360.5,349.0,3.0,1069.5,55
2023-05-11 09:07:32,TA401C5200,TA401C5200,349.0,0.0,0.0,0.0,5,347.5,353.5,5,368.5,360.5,360.5,349.0,3.0,1069.5,55
2023-05-11 09:07:34,TA401C5200,TA401C5200,349.0,0.0,0.0,0.0,5,349.0,353.5,5,368.5,360.5,360.5,349.0,3.0,1069.5,55
2023-05-11 09:08:33,TA401C5200,TA401C5200,349.0,0.0,0.0,0.0,5,349.0,455.5,1,368.5,360.5,360.5,349.0,3.0,1069.5,55
2023-05-11 09:08:34,TA401C5200,TA401C5200,349.0,0.0,0.0,0.0,5,350.5,455.5,1,368.5,360.5,360.5,349.0,3.0,1069.5,55
2023-05-11 09:08:37,TA401C5200,TA401C5200,349.0,0.0,0.0,0.0,5,350.5,356.5,5,368.5,360.5,360.5,349.0,3.0,1069.5,55
2023-05-11 09:09:10,TA401C5200,TA401C5200,349.0,0.0,0.0,0.0,5,350.5,355.0,5,368.5,360.5,360.5,349.0,3.0,1069.5,55
2023-05-11 09:09:22,TA401C5200,TA401C5200,349.0,0.0,0.0,0.0,5,349.0,355.0,5,368.5,360.5,360.5,349.0,3.0,1069.5,55
2023-05-11 09:09:31,TA401C5200,TA401C5200,349.0,0.0,0.0,0.0,5,349.0,353.5,5,368.5,360.5,360.5,349.0,3.0,1069.5,55
2023-05-11 09:09:44,TA401C5200,TA401C5200,349.0,0.0,0.0,0.0,5,349.0,355.0,5,368.5,360.5,360.5,349.0,3.0,1069.5,55
2023-05-11 09:11:10,TA401C5200,TA401C5200,349.0,0.0,0.0,0.0,5,349.0,353.5,5,368.5,360.5,360.5,349.0,3.0,1069.5,55
2023-05-11 09:11:12,TA401C5200,TA401C5200,349.0,0.0,0.0,0.0,1,341.0,353.5,5,368.5,360.5,360.5,349.0,3.0,1069.5,55
2023-05-11 09:11:13,TA401C5200,TA401C5200,349.0,0.0,0.0,0.0,5,347.0,353.5,5,368.5,360.5,360.5,349.0,3.0,1069.5,55
2023-05-11 09:12:08,TA401C5200,TA401C5200,349.0,0.0,0.0,0.0,5,348.5,353.5,5,368.5,360.5,360.5,349.0,3.0,1069.5,55
2023-05-11 09:12:13,TA401C5200,TA401C5200,349.0,0.0,0.0,0.0,5,350.0,355.0,5,368.5,360.5,360.5,349.0,3.0,1069.5,55
2023-05-11 09:12:46,TA401C5200,TA401C5200,349.0,0.0,0.0,0.0,5,350.0,357.5,5,368.5,360.5,360.5,349.0,3.0,1069.5,55
2023-05-11 09:13:02,TA401C5200,TA401C5200,349.0,0.0,0.0,0.0,5,350.0,356.0,5,368.5,360.5,360.5,349.0,3.0,1069.5,55
2023-05-11 09:14:38,TA401C5200,TA401C5200,349.0,0.0,0.0,0.0,5,350.0,354.0,5,368.5,360.5,360.5,349.0,3.0,1069.5,55
2023-05-11 09:14:43,TA401C5200,TA401C5200,349.0,0.0,0.0,0.0,5,348.5,354.0,5,368.5,360.5,360.5,349.0,3.0,1069.5,55
2023-05-11 09:15:08,TA401C5200,TA401C5200,349.0,0.0,0.0,0.0,5,350.0,354.0,5,368.5,360.5,360.5,349.0,3.0,1069.5,55
2023-05-11 09:15:09,TA401C5200,TA401C5200,349.0,0.0,0.0,0.0,5,350.0,356.0,5,368.5,360.5,360.5,349.0,3.0,1069.5,55
2023-05-11 09:15:32,TA401C5200,TA401C5200,349.0,0.0,0.0,0.0,5,351.5,356.0,5,368.5,360.5,360.5,349.0,3.0,1069.5,55
2023-05-11 09:15:39,TA401C5200,TA401C5200,349.0,0.0,0.0,0.0,5,351.5,358.0,5,368.5,360.5,360.5,349.0,3.0,1069.5,55
2023-05-11 09:16:25,TA401C5200,TA401C5200,349.0,0.0,0.0,0.0,5,353.0,358.0,5,368.5,360.5,360.5,349.0,3.0,1069.5,55
2023-05-11 09:17:12,TA401C5200,TA401C5200,349.0,0.0,0.0,0.0,5,351.5,358.0,5,368.5,360.5,360.5,349.0,3.0,1069.5,55
2023-05-11 09:17:13,TA401C5200,TA401C5200,349.0,0.0,0.0,0.0,5,351.5,356.5,5,368.5,360.5,360.5,349.0,3.0,1069.5,55
2023-05-11 09:17:35,TA401C5200,TA401C5200,349.0,0.0,0.0,0.0,5,349.0,356.5,5,368.5,360.5,360.5,349.0,3.0,1069.5,55
2023-05-11 09:17:37,TA401C5200,TA401C5200,349.0,0.0,0.0,0.0,5,349.0,354.5,5,368.5,360.5,360.5,349.0,3.0,1069.5,55
2023-05-11 09:19:29,TA401C5200,TA401C5200,349.0,0.0,0.0,0.0,1,341.0,354.5,5,368.5,360.5,360.5,349.0,3.0,1069.5,55
2023-05-11 09:19:31,TA401C5200,TA401C5200,349.0,0.0,0.0,0.0,5,347.0,354.5,5,368.5,360.5,360.5,349.0,3.0,1069.5,55
2023-05-11 09:19:33,TA401C5200,TA401C5200,349.0,0.0,0.0,0.0,5,347.0,352.5,5,368.5,360.5,360.5,349.0,3.0,1069.5,55
2023-05-11 09:21:02,TA401C5200,TA401C5200,349.0,0.0,0.0,0.0,5,348.5,354.5,5,368.5,360.5,360.5,349.0,3.0,1069.5,55
2023-05-11 09:24:10,TA401C5200,TA401C5200,349.0,0.0,0.0,0.0,5,350.0,354.5,5,368.5,360.5,360.5,349.0,3.0,1069.5,55
2023-05-11 09:24:54,TA401C5200,TA401C5200,349.0,0.0,0.0,0.0,5,350.0,356.5,5,368.5,360.5,360.5,349.0,3.0,1069.5,55
2023-05-11 09:26:09,TA401C5200,TA401C5200,349.0,0.0,0.0,0.0,5,351.5,356.5,5,368.5,360.5,360.5,349.0,3.0,1069.5,55
2023-05-11 09:26:32,TA401C5200,TA401C5200,349.0,0.0,0.0,0.0,5,351.5,358.5,5,368.5,360.5,360.5,349.0,3.0,1069.5,55
2023-05-11 09:26:42,TA401C5200,TA401C5200,349.0,0.0,0.0,0.0,5,353.0,358.5,5,368.5,360.5,360.5,349.0,3.0,1069.5,55
2023-05-11 09:27:18,TA401C5200,TA401C5200,349.0,0.0,0.0,0.0,5,353.0,455.5,1,368.5,360.5,360.5,349.0,3.0,1069.5,55
2023-05-11 09:27:18,TA401C5200,TA401C5200,349.0,0.0,0.0,0.0,5,355.0,361.0,5,368.5,360.5,360.5,349.0,3.0,1069.5,55
2023-05-11 09:27:27,TA401C5200,TA401C5200,349.0,0.0,0.0,0.0,5,355.0,359.5,5,368.5,360.5,360.5,349.0,3.0,1069.5,55
2023-05-11 09:27:43,TA401C5200,TA401C5200,349.0,0.0,0.0,0.0,5,353.0,359.5,5,368.5,360.5,360.5,349.0,3.0,1069.5,55
2023-05-11 09:27:52,TA401C5200,TA401C5200,349.0,0.0,0.0,0.0,5,354.5,359.5,5,368.5,360.5,360.5,349.0,3.0,1069.5,55
2023-05-11 09:27:56,TA401C5200,TA401C5200,349.0,0.0,0.0,0.0,5,356.0,361.0,5,368.5,360.5,360.5,349.0,3.0,1069.5,55
2023-05-11 09:28:01,TA401C5200,TA401C5200,349.0,0.0,0.0,0.0,5,354.5,361.0,5,368.5,360.5,360.5,349.0,3.0,1069.5,55
2023-05-11 09:28:04,TA401C5200,TA401C5200,349.0,0.0,0.0,0.0,5,354.5,359.5,5,368.5,360.5,360.5,349.0,3.0,1069.5,55
2023-05-11 09:28:08,TA401C5200,TA401C5200,349.0,0.0,0.0,0.0,1,341.0,359.5,5,368.5,360.5,360.5,349.0,3.0,1069.5,55
2023-05-11 09:28:09,TA401C5200,TA401C5200,349.0,0.0,0.0,0.0,5,352.0,359.5,5,368.5,360.5,360.5,349.0,3.0,1069.5,55
2023-05-11 09:28:10,TA401C5200,TA401C5200,349.0,0.0,0.0,0.0,5,352.0,358.0,5,368.5,360.5,360.5,349.0,3.0,1069.5,55
2023-05-11 09:28:29,TA401C5200,TA401C5200,349.0,0.0,0.0,0.0,5,353.5,358.0,5,368.5,360.5,360.5,349.0,3.0,1069.5,55
2023-05-11 09:30:00,TA401C5200,TA401C5200,349.0,0.0,0.0,0.0,5,353.5,359.5,5,368.5,360.5,360.5,349.0,3.0,1069.5,55
2023-05-11 09:30:08,TA401C5200,TA401C5200,349.0,0.0,0.0,0.0,5,353.5,358.0,5,368.5,360.5,360.5,349.0,3.0,1069.5,55
2023-05-11 09:30:22,TA401C5200,TA401C5200,349.0,0.0,0.0,0.0,5,352.0,358.0,5,368.5,360.5,360.5,349.0,3.0,1069.5,55
2023-05-11 09:30:30,TA401C5200,TA401C5200,349.0,0.0,0.0,0.0,5,352.0,356.5,5,368.5,360.5,360.5,349.0,3.0,1069.5,55
2023-05-11 09:30:35,TA401C5200,TA401C5200,349.0,0.0,0.0,0.0,1,341.0,356.5,5,368.5,360.5,360.5,349.0,3.0,1069.5,55
2023-05-11 09:30:37,TA401C5200,TA401C5200,349.0,0.0,0.0,0.0,5,350.0,356.5,5,368.5,360.5,360.5,349.0,3.0,1069.5,55
2023-05-11 09:31:49,TA401C5200,TA401C5200,349.0,0.0,0.0,0.0,5,350.0,355.0,5,368.5,360.5,360.5,349.0,3.0,1069.5,55
2023-05-11 09:35:28,TA401C5200,TA401C5200,349.0,0.0,0.0,0.0,5,347.5,355.0,5,368.5,360.5,360.5,349.0,3.0,1069.5,55
2023-05-11 09:35:29,TA401C5200,TA401C5200,349.0,0.0,0.0,0.0,5,347.5,353.5,5,368.5,360.5,360.5,349.0,3.0,1069.5,55
2023-05-11 09:36:14,TA401C5200,TA401C5200,349.0,0.0,0.0,0.0,5,349.0,353.5,5,368.5,360.5,360.5,349.0,3.0,1069.5,55
2023-05-11 09:39:09,TA401C5200,TA401C5200,349.0,0.0,0.0,0.0,5,349.0,355.0,5,368.5,360.5,360.5,349.0,3.0,1069.5,55
2023-05-11 09:39:10,TA401C5200,TA401C5200,349.0,0.0,0.0,0.0,5,349.0,455.5,1,368.5,360.5,360.5,349.0,3.0,1069.5,55
2023-05-11 09:39:13,TA401C5200,TA401C5200,349.0,0.0,0.0,0.0,5,351.0,455.5,1,368.5,360.5,360.5,349.0,3.0,1069.5,55
2023-05-11 09:39:16,TA401C5200,TA401C5200,349.0,0.0,0.0,0.0,5,351.0,357.5,5,368.5,360.5,360.5,349.0,3.0,1069.5,55
2023-05-11 09:40:16,TA401C5200,TA401C5200,349.0,0.0,0.0,0.0,5,352.5,357.5,5,368.5,360.5,360.5,349.0,3.0,1069.5,55
2023-05-11 09:40:45,TA401C5200,TA401C5200,349.0,0.0,0.0,0.0,5,352.5,455.5,1,368.5,360.5,360.5,349.0,3.0,1069.5,55
2023-05-11 09:40:46,TA401C5200,TA401C5200,349.0,0.0,0.0,0.0,5,352.5,360.0,5,368.5,360.5,360.5,349.0,3.0,1069.5,55
2023-05-11 09:40:51,TA401C5200,TA401C5200,349.0,0.0,0.0,0.0,5,354.0,360.0,5,368.5,360.5,360.5,349.0,3.0,1069.5,55
2023-05-11 09:41:03,TA401C5200,TA401C5200,349.0,0.0,0.0,0.0,5,354.0,358.5,5,368.5,360.5,360.5,349.0,3.0,1069.5,55
2023-05-11 09:41:23,TA401C5200,TA401C5200,349.0,0.0,0.0,0.0,5,354.0,360.0,5,368.5,360.5,360.5,349.0,3.0,1069.5,55
2023-05-11 09:41:26,TA401C5200,TA401C5200,349.0,0.0,0.0,0.0,5,355.5,360.0,5,368.5,360.5,360.5,349.0,3.0,1069.5,55
2023-05-11 09:41:26,TA401C5200,TA401C5200,349.0,0.0,0.0,0.0,5,355.5,455.5,1,368.5,360.5,360.5,349.0,3.0,1069.5,55
2023-05-11 09:41:28,TA401C5200,TA401C5200,349.0,0.0,0.0,0.0,5,355.5,362.5,5,368.5,360.5,360.5,349.0,3.0,1069.5,55
2023-05-11 09:41:30,TA401C5200,TA401C5200,349.0,0.0,0.0,0.0,5,357.0,362.5,5,368.5,360.5,360.5,349.0,3.0,1069.5,55
2023-05-11 09:41:33,TA401C5200,TA401C5200,349.0,0.0,0.0,0.0,5,357.0,455.5,1,368.5,360.5,360.5,349.0,3.0,1069.5,55
2023-05-11 09:41:35,TA401C5200,TA401C5200,349.0,0.0,0.0,0.0,5,357.0,364.0,5,368.5,360.5,360.5,349.0,3.0,1069.5,55
2023-05-11 09:41:51,TA401C5200,TA401C5200,349.0,0.0,0.0,0.0,5,357.0,362.5,5,368.5,360.5,360.5,349.0,3.0,1069.5,55
2023-05-11 09:42:07,TA401C5200,TA401C5200,349.0,0.0,0.0,0.0,5,355.5,361.0,5,368.5,360.5,360.5,349.0,3.0,1069.5,55
2023-05-11 09:42:11,TA401C5200,TA401C5200,349.0,0.0,0.0,0.0,5,353.0,359.5,5,368.5,360.5,360.5,349.0,3.0,1069.5,55
2023-05-11 09:42:48,TA401C5200,TA401C5200,349.0,0.0,0.0,0.0,5,353.0,358.0,5,368.5,360.5,360.5,349.0,3.0,1069.5,55
2023-05-11 09:42:59,TA401C5200,TA401C5200,349.0,0.0,0.0,0.0,1,341.0,358.0,5,368.5,360.5,360.5,349.0,3.0,1069.5,55
2023-05-11 09:43:00,TA401C5200,TA401C5200,349.0,0.0,0.0,0.0,5,350.0,358.0,5,368.5,360.5,360.5,349.0,3.0,1069.5,55
2023-05-11 09:43:04,TA401C5200,TA401C5200,349.0,0.0,0.0,0.0,5,351.5,358.0,5,368.5,360.5,360.5,349.0,3.0,1069.5,55
2023-05-11 09:43:17,TA401C5200,TA401C5200,349.0,0.0,0.0,0.0,5,351.5,356.5,5,368.5,360.5,360.5,349.0,3.0,1069.5,55
2023-05-11 09:44:15,TA401C5200,TA401C5200,349.0,0.0,0.0,0.0,5,351.5,358.0,5,368.5,360.5,360.5,349.0,3.0,1069.5,55
2023-05-11 09:45:46,TA401C5200,TA401C5200,349.0,0.0,0.0,0.0,5,353.0,358.0,5,368.5,360.5,360.5,349.0,3.0,1069.5,55
2023-05-11 09:45:54,TA401C5200,TA401C5200,349.0,0.0,0.0,0.0,5,353.0,360.5,5,368.5,360.5,360.5,349.0,3.0,1069.5,55
2023-05-11 09:46:41,TA401C5200,TA401C5200,349.0,0.0,0.0,0.0,5,355.0,360.5,5,368.5,360.5,360.5,349.0,3.0,1069.5,55
2023-05-11 09:48:30,TA401C5200,TA401C5200,349.0,0.0,0.0,0.0,5,355.0,359.0,5,368.5,360.5,360.5,349.0,3.0,1069.5,55
2023-05-11 09:48:53,TA401C5200,TA401C5200,349.0,0.0,0.0,0.0,5,353.0,359.0,5,368.5,360.5,360.5,349.0,3.0,1069.5,55
2023-05-11 09:50:32,TA401C5200,TA401C5200,349.0,0.0,0.0,0.0,5,353.0,357.5,5,368.5,360.5,360.5,349.0,3.0,1069.5,55
2023-05-11 09:51:21,TA401C5200,TA401C5200,349.0,0.0,0.0,0.0,1,341.0,357.5,5,368.5,360.5,360.5,349.0,3.0,1069.5,55
2023-05-11 09:51:22,TA401C5200,TA401C5200,349.0,0.0,0.0,0.0,5,350.5,357.5,5,368.5,360.5,360.5,349.0,3.0,1069.5,55
2023-05-11 09:53:04,TA401C5200,TA401C5200,349.0,0.0,0.0,0.0,5,350.5,356.0,5,368.5,360.5,360.5,349.0,3.0,1069.5,55
2023-05-11 09:56:47,TA401C5200,TA401C5200,349.0,0.0,0.0,0.0,5,352.0,357.5,5,368.5,360.5,360.5,349.0,3.0,1069.5,55
2023-05-11 09:59:05,TA401C5200,TA401C5200,349.0,0.0,0.0,0.0,5,352.0,356.0,5,368.5,360.5,360.5,349.0,3.0,1069.5,55
2023-05-11 09:59:10,TA401C5200,TA401C5200,349.0,0.0,0.0,0.0,5,350.5,356.0,5,368.5,360.5,360.5,349.0,3.0,1069.5,55
2023-05-11 09:59:42,TA401C5200,TA401C5200,349.0,0.0,0.0,0.0,5,350.5,354.5,5,368.5,360.5,360.5,349.0,3.0,1069.5,55
2023-05-11 10:03:19,TA401C5200,TA401C5200,349.0,0.0,0.0,0.0,5,348.0,354.5,5,368.5,360.5,360.5,349.0,3.0,1069.5,55
2023-05-11 10:04:05,TA401C5200,TA401C5200,349.0,0.0,0.0,0.0,5,349.5,354.5,5,368.5,360.5,360.5,349.0,3.0,1069.5,55
2023-05-11 10:05:51,TA401C5200,TA401C5200,349.0,0.0,0.0,0.0,5,349.5,356.0,5,368.5,360.5,360.5,349.0,3.0,1069.5,55
2023-05-11 10:05:52,TA401C5200,TA401C5200,349.0,0.0,0.0,0.0,5,351.0,356.0,5,368.5,360.5,360.5,349.0,3.0,1069.5,55
2023-05-11 10:06:00,TA401C5200,TA401C5200,349.0,0.0,0.0,0.0,5,351.0,455.5,1,368.5,360.5,360.5,349.0,3.0,1069.5,55
2023-05-11 10:06:02,TA401C5200,TA401C5200,349.0,0.0,0.0,0.0,5,351.0,358.0,5,368.5,360.5,360.5,349.0,3.0,1069.5,55
2023-05-11 10:06:06,TA401C5200,TA401C5200,349.0,0.0,0.0,0.0,5,353.0,358.0,5,368.5,360.5,360.5,349.0,3.0,1069.5,55
2023-05-11 10:07:38,TA401C5200,TA401C5200,349.0,0.0,0.0,0.0,5,351.0,356.5,5,368.5,360.5,360.5,349.0,3.0,1069.5,55
2023-05-11 10:08:12,TA401C5200,TA401C5200,349.0,0.0,0.0,0.0,5,351.0,355.0,5,368.5,360.5,360.5,349.0,3.0,1069.5,55
2023-05-11 10:08:12,TA401C5200,TA401C5200,349.0,0.0,0.0,0.0,1,341.0,355.0,5,368.5,360.5,360.5,349.0,3.0,1069.5,55
2023-05-11 10:08:13,TA401C5200,TA401C5200,349.0,0.0,0.0,0.0,5,349.0,355.0,5,368.5,360.5,360.5,349.0,3.0,1069.5,55
2023-05-11 10:08:58,TA401C5200,TA401C5200,349.0,0.0,0.0,0.0,5,349.0,353.5,5,368.5,360.5,360.5,349.0,3.0,1069.5,55
2023-05-11 10:10:54,TA401C5200,TA401C5200,349.0,0.0,0.0,0.0,5,349.0,455.5,1,368.5,360.5,360.5,349.0,3.0,1069.5,55
2023-05-11 10:11:00,TA401C5200,TA401C5200,349.0,0.0,0.0,0.0,5,349.0,359.0,5,368.5,360.5,360.5,349.0,3.0,1069.5,55
2023-05-11 10:11:04,TA401C5200,TA401C5200,349.0,0.0,0.0,0.0,5,352.0,359.0,5,368.5,360.5,360.5,349.0,3.0,1069.5,55
2023-05-11 10:12:13,TA401C5200,TA401C5200,349.0,0.0,0.0,0.0,5,354.0,359.0,5,368.5,360.5,360.5,349.0,3.0,1069.5,55
2023-05-11 10:12:58,TA401C5200,TA401C5200,349.0,0.0,0.0,0.0,5,354.0,455.5,1,368.5,360.5,360.5,349.0,3.0,1069.5,55
2023-05-11 10:12:59,TA401C5200,TA401C5200,349.0,0.0,0.0,0.0,5,354.0,361.0,5,368.5,360.5,360.5,349.0,3.0,1069.5,55
2023-05-11 10:13:07,TA401C5200,TA401C5200,349.0,0.0,0.0,0.0,5,355.5,361.0,5,368.5,360.5,360.5,349.0,3.0,1069.5,55
2023-05-11 10:13:32,TA401C5200,TA401C5200,349.0,0.0,0.0,0.0,5,355.5,455.5,1,368.5,360.5,360.5,349.0,3.0,1069.5,55
2023-05-11 10:13:33,TA401C5200,TA401C5200,349.0,0.0,0.0,0.0,5,357.0,455.5,1,368.5,360.5,360.5,349.0,3.0,1069.5,55
2023-05-11 10:13:35,TA401C5200,TA401C5200,349.0,0.0,0.0,0.0,5,357.0,364.5,5,368.5,360.5,360.5,349.0,3.0,1069.5,55
2023-05-11 10:13:44,TA401C5200,TA401C5200,349.0,0.0,0.0,0.0,5,357.0,363.0,5,368.5,360.5,360.5,349.0,3.0,1069.5,55
2023-05-11 10:13:58,TA401C5200,TA401C5200,349.0,0.0,0.0,0.0,5,358.5,363.0,5,368.5,360.5,360.5,349.0,3.0,1069.5,55
2023-05-11 10:14:00,TA401C5200,TA401C5200,349.0,0.0,0.0,0.0,5,358.5,364.5,5,368.5,360.5,360.5,349.0,3.0,1069.5,55
2023-05-11 10:14:06,TA401C5200,TA401C5200,349.0,0.0,0.0,0.0,5,358.5,455.5,1,368.5,360.5,360.5,349.0,3.0,1069.5,55
2023-05-11 10:14:06,TA401C5200,TA401C5200,349.0,0.0,0.0,0.0,5,358.5,365.0,5,368.5,360.5,360.5,349.0,3.0,1069.5,55
2023-05-11 10:14:13,TA401C5200,TA401C5200,349.0,0.0,0.0,0.0,5,360.0,365.0,5,368.5,360.5,360.5,349.0,3.0,1069.5,55
2023-05-11 10:14:14,TA401C5200,TA401C5200,349.0,0.0,0.0,0.0,5,360.0,455.5,1,368.5,360.5,360.5,349.0,3.0,1069.5,55
2023-05-11 10:14:15,TA401C5200,TA401C5200,349.0,0.0,0.0,0.0,5,362.0,455.5,1,368.5,360.5,360.5,349.0,3.0,1069.5,55
2023-05-11 10:14:16,TA401C5200,TA401C5200,349.0,0.0,0.0,0.0,5,362.0,368.0,5,368.5,360.5,360.5,349.0,3.0,1069.5,55
2023-05-11 10:30:12,TA401C5200,TA401C5200,349.0,0.0,0.0,0.0,5,362.0,455.5,1,368.5,360.5,360.5,349.0,3.0,1069.5,55
2023-05-11 10:30:13,TA401C5200,TA401C5200,349.0,0.0,0.0,0.0,5,365.0,455.5,1,368.5,360.5,360.5,349.0,3.0,1069.5,55
2023-05-11 10:30:18,TA401C5200,TA401C5200,349.0,0.0,0.0,0.0,5,365.0,371.0,5,368.5,360.5,360.5,349.0,3.0,1069.5,55
2023-05-11 10:30:21,TA401C5200,TA401C5200,349.0,0.0,0.0,0.0,5,366.5,455.5,1,368.5,360.5,360.5,349.0,3.0,1069.5,55
2023-05-11 10:30:23,TA401C5200,TA401C5200,349.0,0.0,0.0,0.0,5,366.5,373.0,5,368.5,360.5,360.5,349.0,3.0,1069.5,55
2023-05-11 10:30:35,TA401C5200,TA401C5200,349.0,0.0,0.0,0.0,5,366.5,371.5,5,368.5,360.5,360.5,349.0,3.0,1069.5,55
2023-05-11 10:30:36,TA401C5200,TA401C5200,349.0,0.0,0.0,0.0,5,365.0,371.5,5,368.5,360.5,360.5,349.0,3.0,1069.5,55
2023-05-11 10:30:38,TA401C5200,TA401C5200,349.0,0.0,0.0,0.0,5,365.0,369.5,5,368.5,360.5,360.5,349.0,3.0,1069.5,55
2023-05-11 10:30:40,TA401C5200,TA401C5200,349.0,0.0,0.0,0.0,1,341.0,369.5,5,368.5,360.5,360.5,349.0,3.0,1069.5,55
2023-05-11 10:30:41,TA401C5200,TA401C5200,349.0,0.0,0.0,0.0,5,362.0,369.5,5,368.5,360.5,360.5,349.0,3.0,1069.5,55
2023-05-11 10:30:46,TA401C5200,TA401C5200,349.0,0.0,0.0,0.0,5,364.0,369.5,5,368.5,360.5,360.5,349.0,3.0,1069.5,55
2023-05-11 10:31:06,TA401C5200,TA401C5200,349.0,0.0,0.0,0.0,5,362.0,369.5,5,368.5,360.5,360.5,349.0,3.0,1069.5,55
2023-05-11 10:31:08,TA401C5200,TA401C5200,349.0,0.0,0.0,0.0,5,362.0,367.5,5,368.5,360.5,360.5,349.0,3.0,1069.5,55
2023-05-11 10:31:23,TA401C5200,TA401C5200,349.0,0.0,0.0,0.0,5,362.0,369.5,5,368.5,360.5,360.5,349.0,3.0,1069.5,55
2023-05-11 10:31:51,TA401C5200,TA401C5200,349.0,0.0,0.0,0.0,5,362.0,368.0,5,368.5,360.5,360.5,349.0,3.0,1069.5,55
2023-05-11 10:32:12,TA401C5200,TA401C5200,349.0,0.0,0.0,0.0,5,359.0,368.0,5,368.5,360.5,360.5,349.0,3.0,1069.5,55
2023-05-11 10:32:15,TA401C5200,TA401C5200,349.0,0.0,0.0,0.0,5,360.5,368.0,5,368.5,360.5,360.5,349.0,3.0,1069.5,55
2023-05-11 10:33:05,TA401C5200,TA401C5200,349.0,0.0,0.0,0.0,5,360.5,366.0,5,368.5,360.5,360.5,349.0,3.0,1069.5,55
2023-05-11 10:33:22,TA401C5200,TA401C5200,349.0,0.0,0.0,0.0,5,359.0,366.0,5,368.5,360.5,360.5,349.0,3.0,1069.5,55
2023-05-11 10:34:07,TA401C5200,TA401C5200,349.0,0.0,0.0,0.0,5,359.0,364.5,5,368.5,360.5,360.5,349.0,3.0,1069.5,55
2023-05-11 10:34:34,TA401C5200,TA401C5200,349.0,0.0,0.0,0.0,5,356.0,364.5,5,368.5,360.5,360.5,349.0,3.0,1069.5,55
2023-05-11 10:34:55,TA401C5200,TA401C5200,349.0,0.0,0.0,0.0,5,357.5,364.5,5,368.5,360.5,360.5,349.0,3.0,1069.5,55
2023-05-11 10:35:11,TA401C5200,TA401C5200,349.0,0.0,0.0,0.0,5,357.5,363.0,5,368.5,360.5,360.5,349.0,3.0,1069.5,55
2023-05-11 10:35:59,TA401C5200,TA401C5200,349.0,0.0,0.0,0.0,5,356.0,363.0,5,368.5,360.5,360.5,349.0,3.0,1069.5,55
2023-05-11 10:36:05,TA401C5200,TA401C5200,349.0,0.0,0.0,0.0,5,356.0,361.5,5,368.5,360.5,360.5,349.0,3.0,1069.5,55
2023-05-11 10:36:46,TA401C5200,TA401C5200,349.0,0.0,0.0,0.0,5,356.0,363.0,5,368.5,360.5,360.5,349.0,3.0,1069.5,55
2023-05-11 10:36:48,TA401C5200,TA401C5200,349.0,0.0,0.0,0.0,5,357.5,363.0,5,368.5,360.5,360.5,349.0,3.0,1069.5,55
2023-05-11 10:37:22,TA401C5200,TA401C5200,349.0,0.0,0.0,0.0,5,356.0,363.0,5,368.5,360.5,360.5,349.0,3.0,1069.5,55
2023-05-11 10:37:23,TA401C5200,TA401C5200,349.0,0.0,0.0,0.0,5,356.0,361.5,5,368.5,360.5,360.5,349.0,3.0,1069.5,55
2023-05-11 10:39:20,TA401C5200,TA401C5200,349.0,0.0,0.0,0.0,5,356.0,363.0,5,368.5,360.5,360.5,349.0,3.0,1069.5,55
2023-05-11 10:39:26,TA401C5200,TA401C5200,349.0,0.0,0.0,0.0,5,357.5,363.0,5,368.5,360.5,360.5,349.0,3.0,1069.5,55
2023-05-11 10:39:32,TA401C5200,TA401C5200,349.0,0.0,0.0,0.0,5,357.5,455.5,1,368.5,360.5,360.5,349.0,3.0,1069.5,55
2023-05-11 10:39:33,TA401C5200,TA401C5200,349.0,0.0,0.0,0.0,5,357.5,365.5,5,368.5,360.5,360.5,349.0,3.0,1069.5,55
2023-05-11 10:39:35,TA401C5200,TA401C5200,349.0,0.0,0.0,0.0,5,359.5,365.5,5,368.5,360.5,360.5,349.0,3.0,1069.5,55
2023-05-11 10:39:57,TA401C5200,TA401C5200,349.0,0.0,0.0,0.0,5,359.5,368.0,5,368.5,360.5,360.5,349.0,3.0,1069.5,55
2023-05-11 10:40:09,TA401C5200,TA401C5200,349.0,0.0,0.0,0.0,5,359.5,366.5,5,368.5,360.5,360.5,349.0,3.0,1069.5,55
2023-05-11 10:41:02,TA401C5200,TA401C5200,349.0,0.0,0.0,0.0,5,361.0,366.5,5,368.5,360.5,360.5,349.0,3.0,1069.5,55
2023-05-11 10:41:11,TA401C5200,TA401C5200,349.0,0.0,0.0,0.0,5,361.0,368.0,5,368.5,360.5,360.5,349.0,3.0,1069.5,55
2023-05-11 10:42:29,TA401C5200,TA401C5200,349.0,0.0,0.0,0.0,5,361.0,366.5,5,368.5,360.5,360.5,349.0,3.0,1069.5,55
2023-05-11 10:43:28,TA401C5200,TA401C5200,349.0,0.0,0.0,0.0,5,359.5,366.5,5,368.5,360.5,360.5,349.0,3.0,1069.5,55
2023-05-11 10:43:30,TA401C5200,TA401C5200,349.0,0.0,0.0,0.0,5,359.5,365.0,5,368.5,360.5,360.5,349.0,3.0,1069.5,55
2023-05-11 10:44:56,TA401C5200,TA401C5200,349.0,0.0,0.0,0.0,5,359.5,366.5,5,368.5,360.5,360.5,349.0,3.0,1069.5,55
2023-05-11 10:45:03,TA401C5200,TA401C5200,349.0,0.0,0.0,0.0,5,361.0,366.5,5,368.5,360.5,360.5,349.0,3.0,1069.5,55
2023-05-11 10:45:16,TA401C5200,TA401C5200,349.0,0.0,0.0,0.0,5,361.0,455.5,1,368.5,360.5,360.5,349.0,3.0,1069.5,55
2023-05-11 10:45:19,TA401C5200,TA401C5200,349.0,0.0,0.0,0.0,5,361.0,370.5,5,368.5,360.5,360.5,349.0,3.0,1069.5,55
2023-05-11 10:45:19,TA401C5200,TA401C5200,349.0,0.0,0.0,0.0,5,364.0,370.5,5,368.5,360.5,360.5,349.0,3.0,1069.5,55
2023-05-11 10:45:49,TA401C5200,TA401C5200,349.0,0.0,0.0,0.0,5,365.5,370.5,5,368.5,360.5,360.5,349.0,3.0,1069.5,55
2023-05-11 10:46:02,TA401C5200,TA401C5200,349.0,0.0,0.0,0.0,5,365.5,455.5,1,368.5,360.5,360.5,349.0,3.0,1069.5,55
2023-05-11 10:46:03,TA401C5200,TA401C5200,349.0,0.0,0.0,0.0,5,365.5,374.0,5,368.5,360.5,360.5,349.0,3.0,1069.5,55
2023-05-11 10:46:05,TA401C5200,TA401C5200,349.0,0.0,0.0,0.0,5,367.5,374.0,5,368.5,360.5,360.5,349.0,3.0,1069.5,55
2023-05-11 10:46:19,TA401C5200,TA401C5200,349.0,0.0,0.0,0.0,5,367.5,372.5,5,368.5,360.5,360.5,349.0,3.0,1069.5,55
2023-05-11 10:47:06,TA401C5200,TA401C5200,349.0,0.0,0.0,0.0,5,365.5,372.5,5,368.5,360.5,360.5,349.0,3.0,1069.5,55
2023-05-11 10:47:42,TA401C5200,TA401C5200,349.0,0.0,0.0,0.0,5,367.0,372.5,5,368.5,360.5,360.5,349.0,3.0,1069.5,55
2023-05-11 10:47:53,TA401C5200,TA401C5200,349.0,0.0,0.0,0.0,5,367.0,374.0,5,368.5,360.5,360.5,349.0,3.0,1069.5,55
2023-05-11 10:48:04,TA401C5200,TA401C5200,349.0,0.0,0.0,0.0,5,368.5,374.0,5,368.5,360.5,360.5,349.0,3.0,1069.5,55
2023-05-11 10:50:05,TA401C5200,TA401C5200,349.0,0.0,0.0,0.0,5,368.5,455.5,1,368.5,360.5,360.5,349.0,3.0,1069.5,55
2023-05-11 10:50:06,TA401C5200,TA401C5200,349.0,0.0,0.0,0.0,5,370.0,377.0,5,368.5,360.5,360.5,349.0,3.0,1069.5,55
2023-05-11 10:50:54,TA401C5200,TA401C5200,349.0,0.0,0.0,0.0,5,372.5,377.0,5,368.5,360.5,360.5,349.0,3.0,1069.5,55
2023-05-11 10:50:59,TA401C5200,TA401C5200,349.0,0.0,0.0,0.0,5,372.5,455.5,1,368.5,360.5,360.5,349.0,3.0,1069.5,55
2023-05-11 10:51:00,TA401C5200,TA401C5200,349.0,0.0,0.0,0.0,5,372.5,379.5,5,368.5,360.5,360.5,349.0,3.0,1069.5,55
2023-05-11 10:51:21,TA401C5200,TA401C5200,349.0,0.0,0.0,0.0,5,372.5,377.5,5,368.5,360.5,360.5,349.0,3.0,1069.5,55
2023-05-11 10:51:25,TA401C5200,TA401C5200,349.0,0.0,0.0,0.0,5,370.0,377.5,5,368.5,360.5,360.5,349.0,3.0,1069.5,55
2023-05-11 10:51:37,TA401C5200,TA401C5200,349.0,0.0,0.0,0.0,5,370.0,376.0,5,368.5,360.5,360.5,349.0,3.0,1069.5,55
2023-05-11 10:52:07,TA401C5200,TA401C5200,349.0,0.0,0.0,0.0,5,370.0,377.5,5,368.5,360.5,360.5,349.0,3.0,1069.5,55
2023-05-11 10:52:16,TA401C5200,TA401C5200,349.0,0.0,0.0,0.0,5,372.0,377.5,5,368.5,360.5,360.5,349.0,3.0,1069.5,55
2023-05-11 10:52:54,TA401C5200,TA401C5200,349.0,0.0,0.0,0.0,5,370.0,377.5,5,368.5,360.5,360.5,349.0,3.0,1069.5,55
2023-05-11 10:53:00,TA401C5200,TA401C5200,349.0,0.0,0.0,0.0,5,370.0,375.5,5,368.5,360.5,360.5,349.0,3.0,1069.5,55
2023-05-11 10:55:19,TA401C5200,TA401C5200,349.0,0.0,0.0,0.0,1,341.0,375.5,5,368.5,360.5,360.5,349.0,3.0,1069.5,55
2023-05-11 10:55:20,TA401C5200,TA401C5200,349.0,0.0,0.0,0.0,5,367.5,375.5,5,368.5,360.5,360.5,349.0,3.0,1069.5,55
2023-05-11 10:55:45,TA401C5200,TA401C5200,349.0,0.0,0.0,0.0,5,367.5,373.5,5,368.5,360.5,360.5,349.0,3.0,1069.5,55
2023-05-11 10:58:47,TA401C5200,TA401C5200,349.0,0.0,0.0,0.0,5,367.5,372.0,5,368.5,360.5,360.5,349.0,3.0,1069.5,55
2023-05-11 10:58:49,TA401C5200,TA401C5200,349.0,0.0,0.0,0.0,1,341.0,372.0,5,368.5,360.5,360.5,349.0,3.0,1069.5,55
2023-05-11 10:58:50,TA401C5200,TA401C5200,349.0,0.0,0.0,0.0,5,364.5,372.0,5,368.5,360.5,360.5,349.0,3.0,1069.5,55
2023-05-11 10:59:05,TA401C5200,TA401C5200,349.0,0.0,0.0,0.0,5,366.0,372.0,5,368.5,360.5,360.5,349.0,3.0,1069.5,55
2023-05-11 11:00:38,TA401C5200,TA401C5200,349.0,0.0,0.0,0.0,5,364.5,369.5,5,368.5,360.5,360.5,349.0,3.0,1069.5,55
2023-05-11 11:00:49,TA401C5200,TA401C5200,349.0,0.0,0.0,0.0,5,361.5,369.5,5,368.5,360.5,360.5,349.0,3.0,1069.5,55
2023-05-11 11:00:52,TA401C5200,TA401C5200,349.0,0.0,0.0,0.0,5,361.5,368.0,5,368.5,360.5,360.5,349.0,3.0,1069.5,55
2023-05-11 11:01:37,TA401C5200,TA401C5200,349.0,0.0,0.0,0.0,5,363.0,368.0,5,368.5,360.5,360.5,349.0,3.0,1069.5,55
2023-05-11 11:01:46,TA401C5200,TA401C5200,349.0,0.0,0.0,0.0,5,363.0,369.5,5,368.5,360.5,360.5,349.0,3.0,1069.5,55
2023-05-11 11:01:48,TA401C5200,TA401C5200,349.0,0.0,0.0,0.0,5,364.5,369.5,5,368.5,360.5,360.5,349.0,3.0,1069.5,55
2023-05-11 11:01:51,TA401C5200,TA401C5200,349.0,0.0,0.0,0.0,5,364.5,455.5,1,368.5,360.5,360.5,349.0,3.0,1069.5,55
2023-05-11 11:01:52,TA401C5200,TA401C5200,349.0,0.0,0.0,0.0,5,364.5,371.5,5,368.5,360.5,360.5,349.0,3.0,1069.5,55
2023-05-11 11:02:05,TA401C5200,TA401C5200,349.0,0.0,0.0,0.0,5,366.0,371.5,5,368.5,360.5,360.5,349.0,3.0,1069.5,55
2023-05-11 11:02:07,TA401C5200,TA401C5200,349.0,0.0,0.0,0.0,5,366.0,455.5,1,368.5,360.5,360.5,349.0,3.0,1069.5,55
2023-05-11 11:02:12,TA401C5200,TA401C5200,349.0,0.0,0.0,0.0,5,368.0,455.5,1,368.5,360.5,360.5,349.0,3.0,1069.5,55
2023-05-11 11:02:13,TA401C5200,TA401C5200,349.0,0.0,0.0,0.0,5,368.0,375.0,5,368.5,360.5,360.5,349.0,3.0,1069.5,55
2023-05-11 11:02:35,TA401C5200,TA401C5200,349.0,0.0,0.0,0.0,5,368.0,373.0,5,368.5,360.5,360.5,349.0,3.0,1069.5,55
2023-05-11 11:04:44,TA401C5200,TA401C5200,349.0,0.0,0.0,0.0,5,366.0,373.0,5,368.5,360.5,360.5,349.0,3.0,1069.5,55
2023-05-11 11:04:47,TA401C5200,TA401C5200,349.0,0.0,0.0,0.0,5,366.0,371.0,5,368.5,360.5,360.5,349.0,3.0,1069.5,55
2023-05-11 11:04:50,TA401C5200,TA401C5200,349.0,0.0,0.0,0.0,1,341.0,371.0,5,368.5,360.5,360.5,349.0,3.0,1069.5,55
2023-05-11 11:04:50,TA401C5200,TA401C5200,349.0,0.0,0.0,0.0,5,363.5,371.0,5,368.5,360.5,360.5,349.0,3.0,1069.5,55
2023-05-11 11:05:45,TA401C5200,TA401C5200,349.0,0.0,0.0,0.0,5,365.5,371.0,5,368.5,360.5,360.5,349.0,3.0,1069.5,55
2023-05-11 11:06:53,TA401C5200,TA401C5200,349.0,0.0,0.0,0.0,5,363.5,371.0,5,368.5,360.5,360.5,349.0,3.0,1069.5,55
2023-05-11 11:06:54,TA401C5200,TA401C5200,349.0,0.0,0.0,0.0,5,363.5,369.0,5,368.5,360.5,360.5,349.0,3.0,1069.5,55
2023-05-11 11:07:12,TA401C5200,TA401C5200,349.0,0.0,0.0,0.0,1,341.0,369.0,5,368.5,360.5,360.5,349.0,3.0,1069.5,55
2023-05-11 11:07:13,TA401C5200,TA401C5200,349.0,0.0,0.0,0.0,5,360.0,369.0,5,368.5,360.5,360.5,349.0,3.0,1069.5,55
2023-05-11 11:07:22,TA401C5200,TA401C5200,349.0,0.0,0.0,0.0,5,361.5,369.0,5,368.5,360.5,360.5,349.0,3.0,1069.5,55
2023-05-11 11:08:13,TA401C5200,TA401C5200,349.0,0.0,0.0,0.0,5,363.0,369.0,5,368.5,360.5,360.5,349.0,3.0,1069.5,55
2023-05-11 11:10:57,TA401C5200,TA401C5200,349.0,0.0,0.0,0.0,5,361.5,367.5,5,368.5,360.5,360.5,349.0,3.0,1069.5,55
2023-05-11 11:13:07,TA401C5200,TA401C5200,349.0,0.0,0.0,0.0,5,363.0,369.0,5,368.5,360.5,360.5,349.0,3.0,1069.5,55
2023-05-11 11:13:52,TA401C5200,TA401C5200,349.0,0.0,0.0,0.0,5,364.5,371.5,5,368.5,360.5,360.5,349.0,3.0,1069.5,55
2023-05-11 11:14:32,TA401C5200,TA401C5200,349.0,0.0,0.0,0.0,5,366.5,371.5,5,368.5,360.5,360.5,349.0,3.0,1069.5,55
2023-05-11 11:14:56,TA401C5200,TA401C5200,349.0,0.0,0.0,0.0,5,366.5,455.5,1,368.5,360.5,360.5,349.0,3.0,1069.5,55
2023-05-11 11:14:56,TA401C5200,TA401C5200,349.0,0.0,0.0,0.0,5,366.5,374.0,5,368.5,360.5,360.5,349.0,3.0,1069.5,55
2023-05-11 11:15:19,TA401C5200,TA401C5200,349.0,0.0,0.0,0.0,5,366.5,372.5,5,368.5,360.5,360.5,349.0,3.0,1069.5,55
2023-05-11 11:17:21,TA401C5200,TA401C5200,349.0,0.0,0.0,0.0,5,366.5,371.0,5,368.5,360.5,360.5,349.0,3.0,1069.5,55
2023-05-11 11:18:32,TA401C5200,TA401C5200,349.0,0.0,0.0,0.0,5,366.5,372.5,5,368.5,360.5,360.5,349.0,3.0,1069.5,55
2023-05-11 11:19:36,TA401C5200,TA401C5200,349.0,0.0,0.0,0.0,5,368.0,375.0,5,368.5,360.5,360.5,349.0,3.0,1069.5,55
2023-05-11 11:20:21,TA401C5200,TA401C5200,349.0,0.0,0.0,0.0,5,368.0,373.0,5,368.5,360.5,360.5,349.0,3.0,1069.5,55
2023-05-11 11:25:07,TA401C5200,TA401C5200,349.0,0.0,0.0,0.0,5,368.0,375.0,5,368.5,360.5,360.5,349.0,3.0,1069.5,55
2023-05-11 11:25:58,TA401C5200,TA401C5200,349.0,0.0,0.0,0.0,5,368.0,373.5,5,368.5,360.5,360.5,349.0,3.0,1069.5,55
2023-05-11 11:26:19,TA401C5200,TA401C5200,349.0,0.0,0.0,0.0,5,366.5,373.5,5,368.5,360.5,360.5,349.0,3.0,1069.5,55
2023-05-11 11:27:03,TA401C5200,TA401C5200,349.0,0.0,0.0,0.0,5,366.5,372.0,5,368.5,360.5,360.5,349.0,3.0,1069.5,55
2023-05-11 11:27:05,TA401C5200,TA401C5200,349.0,0.0,0.0,0.0,1,341.0,372.0,5,368.5,360.5,360.5,349.0,3.0,1069.5,55
2023-05-11 11:27:06,TA401C5200,TA401C5200,349.0,0.0,0.0,0.0,5,363.5,372.0,5,368.5,360.5,360.5,349.0,3.0,1069.5,55
2023-05-11 11:27:18,TA401C5200,TA401C5200,349.0,0.0,0.0,0.0,5,365.0,372.0,5,368.5,360.5,360.5,349.0,3.0,1069.5,55
2023-05-11 11:28:31,TA401C5200,TA401C5200,349.0,0.0,0.0,0.0,5,365.0,370.5,5,368.5,360.5,360.5,349.0,3.0,1069.5,55
2023-05-11 11:29:19,TA401C5200,TA401C5200,349.0,0.0,0.0,0.0,5,363.5,370.5,5,368.5,360.5,360.5,349.0,3.0,1069.5,55
2023-05-11 11:29:21,TA401C5200,TA401C5200,349.0,0.0,0.0,0.0,5,363.5,368.5,5,368.5,360.5,360.5,349.0,3.0,1069.5,55
2023-05-11 11:29:27,TA401C5200,TA401C5200,349.0,0.0,0.0,0.0,1,341.0,455.5,1,368.5,360.5,360.5,349.0,3.0,1069.5,55
2023-05-11 13:44:15,TA401C5200,TA401C5200,349.0,0.0,0.0,0.0,1,341.0,380.0,5,368.5,360.5,360.5,349.0,3.0,1069.5,55
2023-05-11 13:44:18,TA401C5200,TA401C5200,349.0,0.0,0.0,0.0,5,374.0,380.0,5,368.5,360.5,360.5,349.0,3.0,1069.5,55
2023-05-11 13:44:28,TA401C5200,TA401C5200,349.0,0.0,0.0,0.0,1,341.0,380.0,5,368.5,360.5,360.5,349.0,3.0,1069.5,55
2023-05-11 13:44:29,TA401C5200,TA401C5200,349.0,0.0,0.0,0.0,5,371.5,380.0,5,368.5,360.5,360.5,349.0,3.0,1069.5,55
2023-05-11 13:44:37,TA401C5200,TA401C5200,349.0,0.0,0.0,0.0,5,373.0,380.0,5,368.5,360.5,360.5,349.0,3.0,1069.5,55
2023-05-11 13:44:48,TA401C5200,TA401C5200,349.0,0.0,0.0,0.0,5,373.0,378.5,5,368.5,360.5,360.5,349.0,3.0,1069.5,55
2023-05-11 13:45:26,TA401C5200,TA401C5200,349.0,0.0,0.0,0.0,5,373.0,380.0,5,368.5,360.5,360.5,349.0,3.0,1069.5,55
2023-05-11 13:45:32,TA401C5200,TA401C5200,349.0,0.0,0.0,0.0,5,374.5,380.0,5,368.5,360.5,360.5,349.0,3.0,1069.5,55
2023-05-11 13:45:37,TA401C5200,TA401C5200,349.0,0.0,0.0,0.0,5,374.5,455.5,1,368.5,360.5,360.5,349.0,3.0,1069.5,55
2023-05-11 13:45:39,TA401C5200,TA401C5200,349.0,0.0,0.0,0.0,5,374.5,382.5,5,368.5,360.5,360.5,349.0,3.0,1069.5,55
2023-05-11 13:45:45,TA401C5200,TA401C5200,349.0,0.0,0.0,0.0,5,376.0,382.5,5,368.5,360.5,360.5,349.0,3.0,1069.5,55
2023-05-11 13:46:33,TA401C5200,TA401C5200,349.0,0.0,0.0,0.0,5,376.0,378.0,1,368.5,360.5,360.5,349.0,3.0,1069.5,55
2023-05-11 13:46:33,TA401C5200,TA401C5200,378.0,1.0,378.5,1.0,5,376.0,382.5,5,368.5,360.5,378.0,349.0,4.0,1448.0,56
2023-05-11 13:46:47,TA401C5200,TA401C5200,378.0,0.0,0.0,0.0,5,377.5,382.5,5,368.5,360.5,378.0,349.0,4.0,1448.0,56
2023-05-11 13:50:17,TA401C5200,TA401C5200,378.0,0.0,0.0,0.0,5,376.0,382.5,5,368.5,360.5,378.0,349.0,4.0,1448.0,56
2023-05-11 13:51:00,TA401C5200,TA401C5200,378.0,0.0,0.0,0.0,5,376.0,381.0,5,368.5,360.5,378.0,349.0,4.0,1448.0,56
2023-05-11 13:51:11,TA401C5200,TA401C5200,378.0,0.0,0.0,0.0,5,376.0,382.5,5,368.5,360.5,378.0,349.0,4.0,1448.0,56
2023-05-11 13:51:18,TA401C5200,TA401C5200,378.0,0.0,0.0,0.0,5,377.5,382.5,5,368.5,360.5,378.0,349.0,4.0,1448.0,56
2023-05-11 13:51:27,TA401C5200,TA401C5200,378.0,0.0,0.0,0.0,5,377.5,455.5,1,368.5,360.5,378.0,349.0,4.0,1448.0,56
2023-05-11 13:51:31,TA401C5200,TA401C5200,378.0,0.0,0.0,0.0,5,377.5,385.5,5,368.5,360.5,378.0,349.0,4.0,1448.0,56
2023-05-11 13:51:35,TA401C5200,TA401C5200,378.0,0.0,0.0,0.0,5,379.0,385.5,5,368.5,360.5,378.0,349.0,4.0,1448.0,56
2023-05-11 13:52:02,TA401C5200,TA401C5200,378.0,0.0,0.0,0.0,5,379.0,383.5,5,368.5,360.5,378.0,349.0,4.0,1448.0,56
2023-05-11 13:52:03,TA401C5200,TA401C5200,378.0,0.0,0.0,0.0,5,377.5,383.5,5,368.5,360.5,378.0,349.0,4.0,1448.0,56
2023-05-11 13:52:09,TA401C5200,TA401C5200,378.0,0.0,0.0,0.0,1,341.0,383.5,5,368.5,360.5,378.0,349.0,4.0,1448.0,56
2023-05-11 13:52:11,TA401C5200,TA401C5200,378.0,0.0,0.0,0.0,1,341.0,380.5,5,368.5,360.5,378.0,349.0,4.0,1448.0,56
2023-05-11 13:52:13,TA401C5200,TA401C5200,378.0,0.0,0.0,0.0,5,373.0,380.5,5,368.5,360.5,378.0,349.0,4.0,1448.0,56
2023-05-11 13:53:35,TA401C5200,TA401C5200,378.0,0.0,0.0,0.0,5,375.0,380.5,5,368.5,360.5,378.0,349.0,4.0,1448.0,56
2023-05-11 13:54:07,TA401C5200,TA401C5200,378.0,0.0,0.0,0.0,5,375.0,383.5,5,368.5,360.5,378.0,349.0,4.0,1448.0,56
2023-05-11 13:54:08,TA401C5200,TA401C5200,378.0,0.0,0.0,0.0,5,377.0,383.5,5,368.5,360.5,378.0,349.0,4.0,1448.0,56
2023-05-11 13:55:55,TA401C5200,TA401C5200,378.0,0.0,0.0,0.0,5,377.0,381.5,5,368.5,360.5,378.0,349.0,4.0,1448.0,56
2023-05-11 13:56:06,TA401C5200,TA401C5200,378.0,0.0,0.0,0.0,5,375.0,381.5,5,368.5,360.5,378.0,349.0,4.0,1448.0,56
2023-05-11 13:56:47,TA401C5200,TA401C5200,378.0,0.0,0.0,0.0,5,375.0,380.0,5,368.5,360.5,378.0,349.0,4.0,1448.0,56
2023-05-11 13:58:48,TA401C5200,TA401C5200,378.0,0.0,0.0,0.0,5,375.0,381.5,5,368.5,360.5,378.0,349.0,4.0,1448.0,56
2023-05-11 13:59:31,TA401C5200,TA401C5200,378.0,0.0,0.0,0.0,5,375.0,379.5,5,368.5,360.5,378.0,349.0,4.0,1448.0,56
2023-05-11 14:00:18,TA401C5200,TA401C5200,378.0,0.0,0.0,0.0,5,372.0,379.5,5,368.5,360.5,378.0,349.0,4.0,1448.0,56
2023-05-11 14:00:29,TA401C5200,TA401C5200,378.0,0.0,0.0,0.0,5,372.0,377.0,5,368.5,360.5,378.0,349.0,4.0,1448.0,56
2023-05-11 14:01:29,TA401C5200,TA401C5200,378.0,0.0,0.0,0.0,5,372.0,379.5,5,368.5,360.5,378.0,349.0,4.0,1448.0,56
2023-05-11 14:01:48,TA401C5200,TA401C5200,378.0,0.0,0.0,0.0,5,374.0,379.5,5,368.5,360.5,378.0,349.0,4.0,1448.0,56
2023-05-11 14:02:38,TA401C5200,TA401C5200,378.0,0.0,0.0,0.0,5,372.0,379.5,5,368.5,360.5,378.0,349.0,4.0,1448.0,56
2023-05-11 14:02:41,TA401C5200,TA401C5200,378.0,0.0,0.0,0.0,5,372.0,378.0,5,368.5,360.5,378.0,349.0,4.0,1448.0,56
2023-05-11 14:03:05,TA401C5200,TA401C5200,378.0,0.0,0.0,0.0,5,372.0,376.5,5,368.5,360.5,378.0,349.0,4.0,1448.0,56
2023-05-11 14:04:56,TA401C5200,TA401C5200,378.0,0.0,0.0,0.0,1,341.0,376.5,5,368.5,360.5,378.0,349.0,4.0,1448.0,56
2023-05-11 14:04:57,TA401C5200,TA401C5200,378.0,0.0,0.0,0.0,5,369.0,376.5,5,368.5,360.5,378.0,349.0,4.0,1448.0,56
2023-05-11 14:05:26,TA401C5200,TA401C5200,378.0,0.0,0.0,0.0,5,370.5,376.5,5,368.5,360.5,378.0,349.0,4.0,1448.0,56
2023-05-11 14:06:14,TA401C5200,TA401C5200,378.0,0.0,0.0,0.0,5,372.0,376.5,5,368.5,360.5,378.0,349.0,4.0,1448.0,56
2023-05-11 14:06:36,TA401C5200,TA401C5200,378.0,0.0,0.0,0.0,5,372.0,378.0,5,368.5,360.5,378.0,349.0,4.0,1448.0,56
2023-05-11 14:08:13,TA401C5200,TA401C5200,378.0,0.0,0.0,0.0,5,372.0,376.5,5,368.5,360.5,378.0,349.0,4.0,1448.0,56
2023-05-11 14:08:53,TA401C5200,TA401C5200,378.0,0.0,0.0,0.0,5,370.5,376.5,5,368.5,360.5,378.0,349.0,4.0,1448.0,56
2023-05-11 14:14:37,TA401C5200,TA401C5200,378.0,0.0,0.0,0.0,5,372.0,376.5,5,368.5,360.5,378.0,349.0,4.0,1448.0,56
2023-05-11 14:14:40,TA401C5200,TA401C5200,378.0,0.0,0.0,0.0,5,372.0,378.0,5,368.5,360.5,378.0,349.0,4.0,1448.0,56
2023-05-11 14:15:44,TA401C5200,TA401C5200,378.0,0.0,0.0,0.0,5,373.5,378.0,5,368.5,360.5,378.0,349.0,4.0,1448.0,56
2023-05-11 14:15:50,TA401C5200,TA401C5200,378.0,0.0,0.0,0.0,5,373.5,455.5,1,368.5,360.5,378.0,349.0,4.0,1448.0,56
2023-05-11 14:15:52,TA401C5200,TA401C5200,378.0,0.0,0.0,0.0,5,373.5,380.5,5,368.5,360.5,378.0,349.0,4.0,1448.0,56
2023-05-11 14:16:25,TA401C5200,TA401C5200,378.0,0.0,0.0,0.0,5,373.5,379.0,5,368.5,360.5,378.0,349.0,4.0,1448.0,56
2023-05-11 14:17:05,TA401C5200,TA401C5200,378.0,0.0,0.0,0.0,5,373.5,377.5,5,368.5,360.5,378.0,349.0,4.0,1448.0,56
2023-05-11 14:17:07,TA401C5200,TA401C5200,378.0,0.0,0.0,0.0,5,372.0,377.5,5,368.5,360.5,378.0,349.0,4.0,1448.0,56
2023-05-11 14:18:10,TA401C5200,TA401C5200,378.0,0.0,0.0,0.0,5,373.5,377.5,5,368.5,360.5,378.0,349.0,4.0,1448.0,56
2023-05-11 14:18:10,TA401C5200,TA401C5200,378.0,0.0,0.0,0.0,5,373.5,379.0,5,368.5,360.5,378.0,349.0,4.0,1448.0,56
2023-05-11 14:20:07,TA401C5200,TA401C5200,378.0,0.0,0.0,0.0,5,373.5,455.5,1,368.5,360.5,378.0,349.0,4.0,1448.0,56
2023-05-11 14:20:09,TA401C5200,TA401C5200,378.0,0.0,0.0,0.0,5,375.0,381.5,5,368.5,360.5,378.0,349.0,4.0,1448.0,56
2023-05-11 14:21:23,TA401C5200,TA401C5200,378.0,0.0,0.0,0.0,5,375.0,379.5,5,368.5,360.5,378.0,349.0,4.0,1448.0,56
2023-05-11 14:21:26,TA401C5200,TA401C5200,378.0,0.0,0.0,0.0,5,373.5,379.5,5,368.5,360.5,378.0,349.0,4.0,1448.0,56
2023-05-11 14:21:35,TA401C5200,TA401C5200,378.0,0.0,0.0,0.0,5,373.5,378.0,5,368.5,360.5,378.0,349.0,4.0,1448.0,56
2023-05-11 14:21:40,TA401C5200,TA401C5200,378.0,0.0,0.0,0.0,1,341.0,378.0,5,368.5,360.5,378.0,349.0,4.0,1448.0,56
2023-05-11 14:21:42,TA401C5200,TA401C5200,378.0,0.0,0.0,0.0,5,370.5,378.0,5,368.5,360.5,378.0,349.0,4.0,1448.0,56
2023-05-11 14:21:54,TA401C5200,TA401C5200,378.0,0.0,0.0,0.0,5,370.5,376.5,5,368.5,360.5,378.0,349.0,4.0,1448.0,56
2023-05-11 14:22:08,TA401C5200,TA401C5200,378.0,0.0,0.0,0.0,5,370.5,375.0,5,368.5,360.5,378.0,349.0,4.0,1448.0,56
2023-05-11 14:22:08,TA401C5200,TA401C5200,378.0,0.0,0.0,0.0,1,341.0,375.0,5,368.5,360.5,378.0,349.0,4.0,1448.0,56
2023-05-11 14:22:10,TA401C5200,TA401C5200,378.0,0.0,0.0,0.0,5,368.5,375.0,5,368.5,360.5,378.0,349.0,4.0,1448.0,56
2023-05-11 14:22:44,TA401C5200,TA401C5200,378.0,0.0,0.0,0.0,5,368.5,373.5,5,368.5,360.5,378.0,349.0,4.0,1448.0,56
2023-05-11 14:22:57,TA401C5200,TA401C5200,378.0,0.0,0.0,0.0,1,341.0,373.5,5,368.5,360.5,378.0,349.0,4.0,1448.0,56
2023-05-11 14:22:58,TA401C5200,TA401C5200,378.0,0.0,0.0,0.0,5,365.5,373.5,5,368.5,360.5,378.0,349.0,4.0,1448.0,56
2023-05-11 14:23:01,TA401C5200,TA401C5200,378.0,0.0,0.0,0.0,5,365.5,372.0,5,368.5,360.5,378.0,349.0,4.0,1448.0,56
2023-05-11 14:25:58,TA401C5200,TA401C5200,378.0,0.0,0.0,0.0,5,365.5,370.5,5,368.5,360.5,378.0,349.0,4.0,1448.0,56
2023-05-11 14:28:12,TA401C5200,TA401C5200,378.0,0.0,0.0,0.0,5,365.5,372.0,5,368.5,360.5,378.0,349.0,4.0,1448.0,56
2023-05-11 14:29:31,TA401C5200,TA401C5200,378.0,0.0,0.0,0.0,5,367.0,372.0,5,368.5,360.5,378.0,349.0,4.0,1448.0,56
2023-05-11 14:30:36,TA401C5200,TA401C5200,378.0,0.0,0.0,0.0,5,365.5,372.0,5,368.5,360.5,378.0,349.0,4.0,1448.0,56
2023-05-11 14:30:39,TA401C5200,TA401C5200,378.0,0.0,0.0,0.0,5,365.5,370.5,5,368.5,360.5,378.0,349.0,4.0,1448.0,56
2023-05-11 14:32:01,TA401C5200,TA401C5200,378.0,0.0,0.0,0.0,5,363.0,370.5,5,368.5,360.5,378.0,349.0,4.0,1448.0,56
2023-05-11 14:33:02,TA401C5200,TA401C5200,378.0,0.0,0.0,0.0,5,364.5,370.5,5,368.5,360.5,378.0,349.0,4.0,1448.0,56
2023-05-11 14:34:02,TA401C5200,TA401C5200,378.0,0.0,0.0,0.0,5,366.0,370.5,5,368.5,360.5,378.0,349.0,4.0,1448.0,56
2023-05-11 14:34:50,TA401C5200,TA401C5200,378.0,0.0,0.0,0.0,5,364.5,370.5,5,368.5,360.5,378.0,349.0,4.0,1448.0,56
2023-05-11 14:37:23,TA401C5200,TA401C5200,378.0,0.0,0.0,0.0,5,364.5,369.0,5,368.5,360.5,378.0,349.0,4.0,1448.0,56
2023-05-11 14:37:30,TA401C5200,TA401C5200,378.0,0.0,0.0,0.0,1,341.0,369.0,5,368.5,360.5,378.0,349.0,4.0,1448.0,56
2023-05-11 14:37:31,TA401C5200,TA401C5200,378.0,0.0,0.0,0.0,5,361.5,369.0,5,368.5,360.5,378.0,349.0,4.0,1448.0,56
2023-05-11 14:37:33,TA401C5200,TA401C5200,378.0,0.0,0.0,0.0,5,361.5,367.0,5,368.5,360.5,378.0,349.0,4.0,1448.0,56
2023-05-11 14:37:51,TA401C5200,TA401C5200,378.0,0.0,0.0,0.0,10,365.5,367.0,5,368.5,360.5,378.0,349.0,4.0,1448.0,56
2023-05-11 14:37:57,TA401C5200,TA401C5200,378.0,0.0,0.0,0.0,10,365.5,369.0,5,368.5,360.5,378.0,349.0,4.0,1448.0,56
2023-05-11 14:38:03,TA401C5200,TA401C5200,378.0,0.0,0.0,0.0,5,363.0,369.0,5,368.5,360.5,378.0,349.0,4.0,1448.0,56
2023-05-11 14:38:06,TA401C5200,TA401C5200,378.0,0.0,0.0,0.0,5,363.0,367.5,5,368.5,360.5,378.0,349.0,4.0,1448.0,56
2023-05-11 14:38:54,TA401C5200,TA401C5200,378.0,0.0,0.0,0.0,5,361.5,367.5,5,368.5,360.5,378.0,349.0,4.0,1448.0,56
2023-05-11 14:38:58,TA401C5200,TA401C5200,378.0,0.0,0.0,0.0,5,361.5,366.0,5,368.5,360.5,378.0,349.0,4.0,1448.0,56
2023-05-11 14:39:02,TA401C5200,TA401C5200,378.0,0.0,0.0,0.0,1,341.0,366.0,5,368.5,360.5,378.0,349.0,4.0,1448.0,56
2023-05-11 14:39:03,TA401C5200,TA401C5200,378.0,0.0,0.0,0.0,5,358.5,366.0,5,368.5,360.5,378.0,349.0,4.0,1448.0,56
2023-05-11 14:39:32,TA401C5200,TA401C5200,378.0,0.0,0.0,0.0,5,358.5,364.5,5,368.5,360.5,378.0,349.0,4.0,1448.0,56
2023-05-11 14:40:58,TA401C5200,TA401C5200,378.0,0.0,0.0,0.0,5,358.5,363.0,5,368.5,360.5,378.0,349.0,4.0,1448.0,56
2023-05-11 14:41:15,TA401C5200,TA401C5200,378.0,0.0,0.0,0.0,5,358.5,364.5,5,368.5,360.5,378.0,349.0,4.0,1448.0,56
2023-05-11 14:44:13,TA401C5200,TA401C5200,378.0,0.0,0.0,0.0,5,360.0,364.5,5,368.5,360.5,378.0,349.0,4.0,1448.0,56
2023-05-11 14:45:18,TA401C5200,TA401C5200,378.0,0.0,0.0,0.0,5,360.0,367.0,5,368.5,360.5,378.0,349.0,4.0,1448.0,56
2023-05-11 14:45:26,TA401C5200,TA401C5200,378.0,0.0,0.0,0.0,5,361.5,367.0,5,368.5,360.5,378.0,349.0,4.0,1448.0,56
2023-05-11 14:48:34,TA401C5200,TA401C5200,378.0,0.0,0.0,0.0,5,363.0,367.0,5,368.5,360.5,378.0,349.0,4.0,1448.0,56
2023-05-11 14:48:38,TA401C5200,TA401C5200,378.0,0.0,0.0,0.0,5,363.0,455.5,1,368.5,360.5,378.0,349.0,4.0,1448.0,56
2023-05-11 14:48:39,TA401C5200,TA401C5200,378.0,0.0,0.0,0.0,5,363.0,369.5,5,368.5,360.5,378.0,349.0,4.0,1448.0,56
2023-05-11 14:48:52,TA401C5200,TA401C5200,378.0,0.0,0.0,0.0,5,364.5,369.5,5,368.5,360.5,378.0,349.0,4.0,1448.0,56
2023-05-11 14:49:10,TA401C5200,TA401C5200,378.0,0.0,0.0,0.0,5,364.5,455.5,1,368.5,360.5,378.0,349.0,4.0,1448.0,56
2023-05-11 14:49:11,TA401C5200,TA401C5200,378.0,0.0,0.0,0.0,5,364.5,371.0,5,368.5,360.5,378.0,349.0,4.0,1448.0,56
2023-05-11 14:49:17,TA401C5200,TA401C5200,378.0,0.0,0.0,0.0,5,364.5,369.5,5,368.5,360.5,378.0,349.0,4.0,1448.0,56
2023-05-11 14:49:23,TA401C5200,TA401C5200,378.0,0.0,0.0,0.0,5,363.0,369.5,5,368.5,360.5,378.0,349.0,4.0,1448.0,56
2023-05-11 14:49:25,TA401C5200,TA401C5200,378.0,0.0,0.0,0.0,5,363.0,368.0,5,368.5,360.5,378.0,349.0,4.0,1448.0,56
2023-05-11 14:49:47,TA401C5200,TA401C5200,378.0,0.0,0.0,0.0,1,341.0,368.0,5,368.5,360.5,378.0,349.0,4.0,1448.0,56
2023-05-11 14:49:48,TA401C5200,TA401C5200,378.0,0.0,0.0,0.0,5,360.5,368.0,5,368.5,360.5,378.0,349.0,4.0,1448.0,56
2023-05-11 14:49:58,TA401C5200,TA401C5200,378.0,0.0,0.0,0.0,5,360.5,366.0,5,368.5,360.5,378.0,349.0,4.0,1448.0,56
2023-05-11 14:58:09,TA401C5200,TA401C5200,378.0,0.0,0.0,0.0,1,341.0,366.0,5,368.5,360.5,378.0,349.0,4.0,1448.0,56
2023-05-11 14:58:10,TA401C5200,TA401C5200,378.0,0.0,0.0,0.0,5,358.0,366.0,5,368.5,360.5,378.0,349.0,4.0,1448.0,56
2023-05-11 14:58:18,TA401C5200,TA401C5200,378.0,0.0,0.0,0.0,5,358.0,364.0,5,368.5,360.5,378.0,349.0,4.0,1448.0,56
2023-05-11 14:58:28,TA401C5200,TA401C5200,378.0,0.0,0.0,0.0,1,341.0,362.0,5,368.5,360.5,378.0,349.0,4.0,1448.0,56
2023-05-11 14:58:32,TA401C5200,TA401C5200,378.0,0.0,0.0,0.0,5,355.5,362.0,5,368.5,360.5,378.0,349.0,4.0,1448.0,56
2023-05-11 14:58:40,TA401C5200,TA401C5200,378.0,0.0,0.0,0.0,5,355.5,360.0,5,368.5,360.5,378.0,349.0,4.0,1448.0,56
2023-05-11 14:58:45,TA401C5200,TA401C5200,378.0,0.0,0.0,0.0,1,341.0,360.0,5,368.5,360.5,378.0,349.0,4.0,1448.0,56
2023-05-11 14:58:46,TA401C5200,TA401C5200,378.0,0.0,0.0,0.0,5,353.5,360.0,5,368.5,360.5,378.0,349.0,4.0,1448.0,56
2023-05-11 14:58:57,TA401C5200,TA401C5200,378.0,0.0,0.0,0.0,1,341.0,455.5,1,368.5,360.5,378.0,349.0,4.0,1448.0,56
2023-05-11 14:58:57,TA401C5200,TA401C5200,378.0,0.0,0.0,0.0,1,341.0,455.5,1,368.5,360.5,378.0,349.0,4.0,1448.0,56
2023-05-11 14:58:57,TA401C5200,TA401C5200,378.0,0.0,0.0,0.0,1,341.0,455.5,1,368.5,360.5,378.0,349.0,4.0,1448.0,56
2023-05-11 14:58:57,TA401C5200,TA401C5200,378.0,0.0,0.0,0.0,1,341.0,455.5,1,368.5,360.5,378.0,349.0,4.0,1448.0,56
