time,symbol_id,symbol_name,last,trade_volume,trade_amount,open_interest_change,bv1,bp1,ap1,av1,yesterday_close,today_open,today_high,today_low,volume,amount,open_interest
2023-05-10 19:12:58,TA401C6300,TA401C6300,77.0,0.0,0.0,0.0,0,0.0,0.0,0,77.0,77.0,0.0,0.0,0.0,0.0,841
2023-05-10 20:59:00,TA401C6300,TA401C6300,77.0,0.0,0.0,0.0,6,51.5,166.0,51,77.0,77.0,0.0,0.0,0.0,0.0,841
2023-05-10 21:00:00,TA401C6300,TA401C6300,77.0,0.0,0.0,0.0,1,67.5,166.0,51,77.0,77.0,0.0,0.0,0.0,0.0,841
2023-05-10 21:00:04,TA401C6300,TA401C6300,77.0,0.0,0.0,0.0,1,67.5,138.5,1,77.0,77.0,0.0,0.0,0.0,0.0,841
2023-05-10 21:00:32,TA401C6300,TA401C6300,77.0,0.0,0.0,0.0,1,67.5,138.5,52,77.0,77.0,0.0,0.0,0.0,0.0,841
2023-05-10 21:00:33,TA401C6300,TA401C6300,77.0,0.0,0.0,0.0,1,67.5,111.0,1,77.0,77.0,0.0,0.0,0.0,0.0,841
2023-05-10 21:01:09,TA401C6300,TA401C6300,77.0,0.0,0.0,0.0,1,67.5,81.0,5,77.0,77.0,0.0,0.0,0.0,0.0,841
2023-05-10 21:01:10,TA401C6300,TA401C6300,77.0,0.0,0.0,0.0,5,77.0,81.0,5,77.0,77.0,0.0,0.0,0.0,0.0,841
2023-05-10 21:01:14,TA401C6300,TA401C6300,77.0,0.0,0.0,0.0,5,77.5,81.0,5,77.0,77.0,0.0,0.0,0.0,0.0,841
2023-05-10 21:01:27,TA401C6300,TA401C6300,77.0,0.0,0.0,0.0,5,77.5,80.5,5,77.0,77.0,0.0,0.0,0.0,0.0,841
2023-05-10 21:01:32,TA401C6300,TA401C6300,77.0,0.0,0.0,0.0,5,77.0,80.5,5,77.0,77.0,0.0,0.0,0.0,0.0,841
2023-05-10 21:01:33,TA401C6300,TA401C6300,77.0,0.0,0.0,0.0,5,77.0,80.0,5,77.0,77.0,0.0,0.0,0.0,0.0,841
2023-05-10 21:01:38,TA401C6300,TA401C6300,77.0,1.0,77.0,1.0,4,77.0,80.0,5,77.0,77.0,77.0,77.0,1.0,77.0,842
2023-05-10 21:01:42,TA401C6300,TA401C6300,77.0,0.0,0.0,0.0,5,75.5,80.0,5,77.0,77.0,77.0,77.0,1.0,77.0,842
2023-05-10 21:01:44,TA401C6300,TA401C6300,77.0,0.0,0.0,0.0,5,75.5,79.5,5,77.0,77.0,77.0,77.0,1.0,77.0,842
2023-05-10 21:02:05,TA401C6300,TA401C6300,77.0,0.0,0.0,0.0,5,75.5,79.0,5,77.0,77.0,77.0,77.0,1.0,77.0,842
2023-05-10 21:02:13,TA401C6300,TA401C6300,77.0,0.0,0.0,0.0,5,75.5,78.5,5,77.0,77.0,77.0,77.0,1.0,77.0,842
2023-05-10 21:02:37,TA401C6300,TA401C6300,77.0,0.0,0.0,0.0,5,75.5,78.0,5,77.0,77.0,77.0,77.0,1.0,77.0,842
2023-05-10 21:02:46,TA401C6300,TA401C6300,75.5,1.0,76.0,1.0,4,75.5,78.0,5,77.0,77.0,77.0,75.5,2.0,153.0,843
2023-05-10 21:02:49,TA401C6300,TA401C6300,75.5,0.0,0.0,0.0,5,74.0,78.0,5,77.0,77.0,77.0,75.5,2.0,153.0,843
2023-05-10 21:02:50,TA401C6300,TA401C6300,75.5,0.0,0.0,0.0,5,74.5,78.0,5,77.0,77.0,77.0,75.5,2.0,153.0,843
2023-05-10 21:03:04,TA401C6300,TA401C6300,75.5,0.0,0.0,0.0,5,74.5,77.5,5,77.0,77.0,77.0,75.5,2.0,153.0,843
2023-05-10 21:04:24,TA401C6300,TA401C6300,75.5,0.0,0.0,0.0,5,74.5,77.0,5,77.0,77.0,77.0,75.5,2.0,153.0,843
2023-05-10 21:05:55,TA401C6300,TA401C6300,75.5,0.0,0.0,0.0,5,74.5,77.5,5,77.0,77.0,77.0,75.5,2.0,153.0,843
2023-05-10 21:05:56,TA401C6300,TA401C6300,75.5,0.0,0.0,0.0,5,75.0,77.5,5,77.0,77.0,77.0,75.5,2.0,153.0,843
2023-05-10 21:06:06,TA401C6300,TA401C6300,75.5,0.0,0.0,0.0,5,75.0,78.5,5,77.0,77.0,77.0,75.5,2.0,153.0,843
2023-05-10 21:06:07,TA401C6300,TA401C6300,75.5,0.0,0.0,0.0,5,75.5,78.5,5,77.0,77.0,77.0,75.5,2.0,153.0,843
2023-05-10 21:07:23,TA401C6300,TA401C6300,75.5,0.0,0.0,0.0,5,75.5,78.0,5,77.0,77.0,77.0,75.5,2.0,153.0,843
2023-05-10 21:07:41,TA401C6300,TA401C6300,75.5,0.0,0.0,0.0,5,75.5,77.5,5,77.0,77.0,77.0,75.5,2.0,153.0,843
2023-05-10 21:09:13,TA401C6300,TA401C6300,75.5,0.0,0.0,0.0,5,75.0,77.5,5,77.0,77.0,77.0,75.5,2.0,153.0,843
2023-05-10 21:09:26,TA401C6300,TA401C6300,75.0,1.0,75.0,1.0,4,75.0,77.5,5,77.0,77.0,77.0,75.0,3.0,228.0,844
2023-05-10 21:09:59,TA401C6300,TA401C6300,75.0,0.0,0.0,0.0,1,67.5,77.5,5,77.0,77.0,77.0,75.0,3.0,228.0,844
2023-05-10 21:10:00,TA401C6300,TA401C6300,75.0,0.0,0.0,0.0,1,67.5,77.0,5,77.0,77.0,77.0,75.0,3.0,228.0,844
2023-05-10 21:10:01,TA401C6300,TA401C6300,75.0,0.0,0.0,0.0,5,73.5,77.0,5,77.0,77.0,77.0,75.0,3.0,228.0,844
2023-05-10 21:10:02,TA401C6300,TA401C6300,75.0,0.0,0.0,0.0,5,73.5,76.5,5,77.0,77.0,77.0,75.0,3.0,228.0,844
2023-05-10 21:10:11,TA401C6300,TA401C6300,75.0,0.0,0.0,0.0,5,74.0,76.5,5,77.0,77.0,77.0,75.0,3.0,228.0,844
2023-05-10 21:10:42,TA401C6300,TA401C6300,75.0,0.0,0.0,0.0,5,74.0,76.0,5,77.0,77.0,77.0,75.0,3.0,228.0,844
2023-05-10 21:11:00,TA401C6300,TA401C6300,75.0,0.0,0.0,0.0,5,73.5,76.0,5,77.0,77.0,77.0,75.0,3.0,228.0,844
2023-05-10 21:11:02,TA401C6300,TA401C6300,75.0,0.0,0.0,0.0,5,73.5,75.5,5,77.0,77.0,77.0,75.0,3.0,228.0,844
2023-05-10 21:11:24,TA401C6300,TA401C6300,75.0,0.0,0.0,0.0,5,73.5,76.0,5,77.0,77.0,77.0,75.0,3.0,228.0,844
2023-05-10 21:11:29,TA401C6300,TA401C6300,75.0,0.0,0.0,0.0,5,74.0,76.0,5,77.0,77.0,77.0,75.0,3.0,228.0,844
2023-05-10 21:12:27,TA401C6300,TA401C6300,75.0,0.0,0.0,0.0,5,73.5,76.0,5,77.0,77.0,77.0,75.0,3.0,228.0,844
2023-05-10 21:12:46,TA401C6300,TA401C6300,75.0,0.0,0.0,0.0,5,73.5,75.5,5,77.0,77.0,77.0,75.0,3.0,228.0,844
2023-05-10 21:13:03,TA401C6300,TA401C6300,75.5,2.0,149.5,0.0,5,73.5,75.5,3,77.0,77.0,77.0,75.0,5.0,377.5,844
2023-05-10 21:15:20,TA401C6300,TA401C6300,75.5,3.0,226.5,0.0,5,73.5,76.0,5,77.0,77.0,77.0,75.0,8.0,604.0,844
2023-05-10 21:16:04,TA401C6300,TA401C6300,75.5,0.0,0.0,0.0,5,73.5,75.5,5,77.0,77.0,77.0,75.0,8.0,604.0,844
2023-05-10 21:16:10,TA401C6300,TA401C6300,75.5,0.0,0.0,0.0,1,67.5,75.5,5,77.0,77.0,77.0,75.0,8.0,604.0,844
2023-05-10 21:16:10,TA401C6300,TA401C6300,75.5,0.0,0.0,0.0,1,67.5,75.0,5,77.0,77.0,77.0,75.0,8.0,604.0,844
2023-05-10 21:16:11,TA401C6300,TA401C6300,75.5,0.0,0.0,0.0,5,72.5,75.0,5,77.0,77.0,77.0,75.0,8.0,604.0,844
2023-05-10 21:16:23,TA401C6300,TA401C6300,75.5,0.0,0.0,0.0,5,72.5,74.5,5,77.0,77.0,77.0,75.0,8.0,604.0,844
2023-05-10 21:18:32,TA401C6300,TA401C6300,75.5,0.0,0.0,0.0,5,72.5,74.0,5,77.0,77.0,77.0,75.0,8.0,604.0,844
2023-05-10 21:18:34,TA401C6300,TA401C6300,75.5,0.0,0.0,0.0,5,71.5,74.0,5,77.0,77.0,77.0,75.0,8.0,604.0,844
2023-05-10 21:18:52,TA401C6300,TA401C6300,75.5,0.0,0.0,0.0,5,72.0,74.0,5,77.0,77.0,77.0,75.0,8.0,604.0,844
2023-05-10 21:19:13,TA401C6300,TA401C6300,75.5,0.0,0.0,0.0,5,72.5,74.0,5,77.0,77.0,77.0,75.0,8.0,604.0,844
2023-05-10 21:19:16,TA401C6300,TA401C6300,75.5,0.0,0.0,0.0,5,72.5,74.5,5,77.0,77.0,77.0,75.0,8.0,604.0,844
2023-05-10 21:20:24,TA401C6300,TA401C6300,75.5,0.0,0.0,0.0,5,73.0,111.0,1,77.0,77.0,77.0,75.0,8.0,604.0,844
2023-05-10 21:20:25,TA401C6300,TA401C6300,75.5,0.0,0.0,0.0,5,73.0,75.5,5,77.0,77.0,77.0,75.0,8.0,604.0,844
2023-05-10 21:20:37,TA401C6300,TA401C6300,75.5,0.0,0.0,0.0,5,73.0,75.0,5,77.0,77.0,77.0,75.0,8.0,604.0,844
2023-05-10 21:24:20,TA401C6300,TA401C6300,75.5,0.0,0.0,0.0,5,73.5,75.0,5,77.0,77.0,77.0,75.0,8.0,604.0,844
2023-05-10 21:25:46,TA401C6300,TA401C6300,75.5,0.0,0.0,0.0,5,73.0,75.0,5,77.0,77.0,77.0,75.0,8.0,604.0,844
2023-05-10 21:27:56,TA401C6300,TA401C6300,75.5,0.0,0.0,0.0,5,73.0,74.5,5,77.0,77.0,77.0,75.0,8.0,604.0,844
2023-05-10 21:27:57,TA401C6300,TA401C6300,75.5,0.0,0.0,0.0,1,67.5,74.5,5,77.0,77.0,77.0,75.0,8.0,604.0,844
2023-05-10 21:27:58,TA401C6300,TA401C6300,75.5,0.0,0.0,0.0,5,72.0,74.5,5,77.0,77.0,77.0,75.0,8.0,604.0,844
2023-05-10 21:28:00,TA401C6300,TA401C6300,75.5,0.0,0.0,0.0,5,72.5,74.5,5,77.0,77.0,77.0,75.0,8.0,604.0,844
2023-05-10 21:28:29,TA401C6300,TA401C6300,75.5,0.0,0.0,0.0,5,73.0,74.5,5,77.0,77.0,77.0,75.0,8.0,604.0,844
2023-05-10 21:28:39,TA401C6300,TA401C6300,75.5,0.0,0.0,0.0,5,73.0,75.0,5,77.0,77.0,77.0,75.0,8.0,604.0,844
2023-05-10 21:32:23,TA401C6300,TA401C6300,75.5,0.0,0.0,0.0,5,73.5,75.0,5,77.0,77.0,77.0,75.0,8.0,604.0,844
2023-05-10 21:32:27,TA401C6300,TA401C6300,75.5,0.0,0.0,0.0,5,73.5,76.0,5,77.0,77.0,77.0,75.0,8.0,604.0,844
2023-05-10 21:32:34,TA401C6300,TA401C6300,75.5,0.0,0.0,0.0,5,73.5,75.5,5,77.0,77.0,77.0,75.0,8.0,604.0,844
2023-05-10 21:32:50,TA401C6300,TA401C6300,75.5,0.0,0.0,0.0,5,73.0,75.5,5,77.0,77.0,77.0,75.0,8.0,604.0,844
2023-05-10 21:32:51,TA401C6300,TA401C6300,75.5,0.0,0.0,0.0,5,73.0,75.0,5,77.0,77.0,77.0,75.0,8.0,604.0,844
2023-05-10 21:33:19,TA401C6300,TA401C6300,75.5,0.0,0.0,0.0,5,73.0,74.5,5,77.0,77.0,77.0,75.0,8.0,604.0,844
2023-05-10 21:35:05,TA401C6300,TA401C6300,75.5,0.0,0.0,0.0,5,73.0,75.0,5,77.0,77.0,77.0,75.0,8.0,604.0,844
2023-05-10 21:38:02,TA401C6300,TA401C6300,75.5,0.0,0.0,0.0,5,73.0,74.5,5,77.0,77.0,77.0,75.0,8.0,604.0,844
2023-05-10 21:38:05,TA401C6300,TA401C6300,75.5,0.0,0.0,0.0,1,67.5,74.5,5,77.0,77.0,77.0,75.0,8.0,604.0,844
2023-05-10 21:38:06,TA401C6300,TA401C6300,75.5,0.0,0.0,0.0,5,72.0,74.5,5,77.0,77.0,77.0,75.0,8.0,604.0,844
2023-05-10 21:38:24,TA401C6300,TA401C6300,75.5,0.0,0.0,0.0,5,72.5,74.5,5,77.0,77.0,77.0,75.0,8.0,604.0,844
2023-05-10 21:39:20,TA401C6300,TA401C6300,75.5,0.0,0.0,0.0,5,72.5,74.0,5,77.0,77.0,77.0,75.0,8.0,604.0,844
2023-05-10 21:39:23,TA401C6300,TA401C6300,75.5,0.0,0.0,0.0,5,72.0,74.0,5,77.0,77.0,77.0,75.0,8.0,604.0,844
2023-05-10 21:39:56,TA401C6300,TA401C6300,75.5,0.0,0.0,0.0,5,72.0,73.5,5,77.0,77.0,77.0,75.0,8.0,604.0,844
2023-05-10 21:40:00,TA401C6300,TA401C6300,75.5,0.0,0.0,0.0,5,71.0,73.5,5,77.0,77.0,77.0,75.0,8.0,604.0,844
2023-05-10 21:40:02,TA401C6300,TA401C6300,75.5,0.0,0.0,0.0,5,71.5,73.5,5,77.0,77.0,77.0,75.0,8.0,604.0,844
2023-05-10 21:40:05,TA401C6300,TA401C6300,75.5,0.0,0.0,0.0,5,72.0,73.5,5,77.0,77.0,77.0,75.0,8.0,604.0,844
2023-05-10 21:40:06,TA401C6300,TA401C6300,75.5,0.0,0.0,0.0,5,72.0,74.0,5,77.0,77.0,77.0,75.0,8.0,604.0,844
2023-05-10 21:42:49,TA401C6300,TA401C6300,75.5,0.0,0.0,0.0,5,72.0,73.5,5,77.0,77.0,77.0,75.0,8.0,604.0,844
2023-05-10 21:42:49,TA401C6300,TA401C6300,75.5,0.0,0.0,0.0,5,71.5,73.5,5,77.0,77.0,77.0,75.0,8.0,604.0,844
2023-05-10 21:44:11,TA401C6300,TA401C6300,75.5,0.0,0.0,0.0,5,72.0,73.5,5,77.0,77.0,77.0,75.0,8.0,604.0,844
2023-05-10 21:44:14,TA401C6300,TA401C6300,75.5,0.0,0.0,0.0,5,72.0,74.0,5,77.0,77.0,77.0,75.0,8.0,604.0,844
2023-05-10 21:48:01,TA401C6300,TA401C6300,75.5,0.0,0.0,0.0,5,72.0,73.5,5,77.0,77.0,77.0,75.0,8.0,604.0,844
2023-05-10 21:48:02,TA401C6300,TA401C6300,75.5,0.0,0.0,0.0,5,71.5,73.5,5,77.0,77.0,77.0,75.0,8.0,604.0,844
2023-05-10 21:48:31,TA401C6300,TA401C6300,75.5,0.0,0.0,0.0,5,71.5,73.0,5,77.0,77.0,77.0,75.0,8.0,604.0,844
2023-05-10 21:48:39,TA401C6300,TA401C6300,75.5,0.0,0.0,0.0,5,70.5,73.0,5,77.0,77.0,77.0,75.0,8.0,604.0,844
2023-05-10 21:48:51,TA401C6300,TA401C6300,75.5,0.0,0.0,0.0,5,70.5,72.5,5,77.0,77.0,77.0,75.0,8.0,604.0,844
2023-05-10 21:49:19,TA401C6300,TA401C6300,75.5,0.0,0.0,0.0,5,70.5,73.0,5,77.0,77.0,77.0,75.0,8.0,604.0,844
2023-05-10 21:49:20,TA401C6300,TA401C6300,75.5,0.0,0.0,0.0,5,71.0,73.0,5,77.0,77.0,77.0,75.0,8.0,604.0,844
2023-05-10 21:50:33,TA401C6300,TA401C6300,75.5,0.0,0.0,0.0,5,71.5,73.0,5,77.0,77.0,77.0,75.0,8.0,604.0,844
2023-05-10 21:51:28,TA401C6300,TA401C6300,75.5,0.0,0.0,0.0,5,71.5,74.0,5,77.0,77.0,77.0,75.0,8.0,604.0,844
2023-05-10 21:52:03,TA401C6300,TA401C6300,75.5,0.0,0.0,0.0,5,71.5,73.5,5,77.0,77.0,77.0,75.0,8.0,604.0,844
2023-05-10 21:53:23,TA401C6300,TA401C6300,75.5,0.0,0.0,0.0,5,71.0,73.0,5,77.0,77.0,77.0,75.0,8.0,604.0,844
2023-05-10 21:54:03,TA401C6300,TA401C6300,75.5,0.0,0.0,0.0,5,71.0,72.5,5,77.0,77.0,77.0,75.0,8.0,604.0,844
2023-05-10 21:54:04,TA401C6300,TA401C6300,75.5,0.0,0.0,0.0,5,70.0,72.5,5,77.0,77.0,77.0,75.0,8.0,604.0,844
2023-05-10 21:54:06,TA401C6300,TA401C6300,75.5,0.0,0.0,0.0,5,70.0,72.0,5,77.0,77.0,77.0,75.0,8.0,604.0,844
2023-05-10 21:54:33,TA401C6300,TA401C6300,75.5,0.0,0.0,0.0,5,69.0,71.5,5,77.0,77.0,77.0,75.0,8.0,604.0,844
2023-05-10 21:54:35,TA401C6300,TA401C6300,75.5,0.0,0.0,0.0,5,69.5,71.5,5,77.0,77.0,77.0,75.0,8.0,604.0,844
2023-05-10 21:55:22,TA401C6300,TA401C6300,75.5,0.0,0.0,0.0,5,70.0,71.5,5,77.0,77.0,77.0,75.0,8.0,604.0,844
2023-05-10 21:55:22,TA401C6300,TA401C6300,75.5,0.0,0.0,0.0,5,70.0,72.0,5,77.0,77.0,77.0,75.0,8.0,604.0,844
2023-05-10 21:56:16,TA401C6300,TA401C6300,75.5,0.0,0.0,0.0,5,70.5,72.0,5,77.0,77.0,77.0,75.0,8.0,604.0,844
2023-05-10 21:56:17,TA401C6300,TA401C6300,75.5,0.0,0.0,0.0,5,70.5,81.5,1,77.0,77.0,77.0,75.0,8.0,604.0,844
2023-05-10 21:56:17,TA401C6300,TA401C6300,75.5,0.0,0.0,0.0,5,70.5,73.0,5,77.0,77.0,77.0,75.0,8.0,604.0,844
2023-05-10 21:56:21,TA401C6300,TA401C6300,75.5,0.0,0.0,0.0,5,70.5,72.5,5,77.0,77.0,77.0,75.0,8.0,604.0,844
2023-05-10 21:58:11,TA401C6300,TA401C6300,75.5,0.0,0.0,0.0,5,70.5,72.0,5,77.0,77.0,77.0,75.0,8.0,604.0,844
2023-05-10 21:58:16,TA401C6300,TA401C6300,75.5,0.0,0.0,0.0,5,70.0,72.0,5,77.0,77.0,77.0,75.0,8.0,604.0,844
2023-05-10 21:59:06,TA401C6300,TA401C6300,75.5,0.0,0.0,0.0,1,67.5,72.0,5,77.0,77.0,77.0,75.0,8.0,604.0,844
2023-05-10 21:59:07,TA401C6300,TA401C6300,75.5,0.0,0.0,0.0,5,69.0,71.5,5,77.0,77.0,77.0,75.0,8.0,604.0,844
2023-05-10 21:59:28,TA401C6300,TA401C6300,75.5,0.0,0.0,0.0,5,69.5,71.5,5,77.0,77.0,77.0,75.0,8.0,604.0,844
2023-05-10 22:00:06,TA401C6300,TA401C6300,75.5,0.0,0.0,0.0,5,70.0,71.5,5,77.0,77.0,77.0,75.0,8.0,604.0,844
2023-05-10 22:00:07,TA401C6300,TA401C6300,75.5,0.0,0.0,0.0,5,70.0,72.0,5,77.0,77.0,77.0,75.0,8.0,604.0,844
2023-05-10 22:00:26,TA401C6300,TA401C6300,75.5,0.0,0.0,0.0,5,70.0,81.5,1,77.0,77.0,77.0,75.0,8.0,604.0,844
2023-05-10 22:00:27,TA401C6300,TA401C6300,75.5,0.0,0.0,0.0,5,70.0,73.0,5,77.0,77.0,77.0,75.0,8.0,604.0,844
2023-05-10 22:00:28,TA401C6300,TA401C6300,75.5,0.0,0.0,0.0,5,70.5,73.0,5,77.0,77.0,77.0,75.0,8.0,604.0,844
2023-05-10 22:00:48,TA401C6300,TA401C6300,75.5,0.0,0.0,0.0,5,70.5,72.5,5,77.0,77.0,77.0,75.0,8.0,604.0,844
2023-05-10 22:05:42,TA401C6300,TA401C6300,75.5,0.0,0.0,0.0,5,70.5,72.0,5,77.0,77.0,77.0,75.0,8.0,604.0,844
2023-05-10 22:05:43,TA401C6300,TA401C6300,75.5,0.0,0.0,0.0,5,70.0,72.0,5,77.0,77.0,77.0,75.0,8.0,604.0,844
2023-05-10 22:06:28,TA401C6300,TA401C6300,75.5,0.0,0.0,0.0,5,70.5,72.5,5,77.0,77.0,77.0,75.0,8.0,604.0,844
2023-05-10 22:07:22,TA401C6300,TA401C6300,75.5,0.0,0.0,0.0,5,71.0,73.5,5,77.0,77.0,77.0,75.0,8.0,604.0,844
2023-05-10 22:07:24,TA401C6300,TA401C6300,75.5,0.0,0.0,0.0,5,71.0,73.0,5,77.0,77.0,77.0,75.0,8.0,604.0,844
2023-05-10 22:09:19,TA401C6300,TA401C6300,75.5,0.0,0.0,0.0,5,71.0,72.5,5,77.0,77.0,77.0,75.0,8.0,604.0,844
2023-05-10 22:09:46,TA401C6300,TA401C6300,75.5,0.0,0.0,0.0,5,70.5,72.5,5,77.0,77.0,77.0,75.0,8.0,604.0,844
2023-05-10 22:09:51,TA401C6300,TA401C6300,75.5,0.0,0.0,0.0,1,67.5,72.5,5,77.0,77.0,77.0,75.0,8.0,604.0,844
2023-05-10 22:09:52,TA401C6300,TA401C6300,75.5,0.0,0.0,0.0,1,67.5,72.0,5,77.0,77.0,77.0,75.0,8.0,604.0,844
2023-05-10 22:09:53,TA401C6300,TA401C6300,75.5,0.0,0.0,0.0,5,69.5,72.0,5,77.0,77.0,77.0,75.0,8.0,604.0,844
2023-05-10 22:10:01,TA401C6300,TA401C6300,75.5,0.0,0.0,0.0,5,69.5,71.5,5,77.0,77.0,77.0,75.0,8.0,604.0,844
2023-05-10 22:10:06,TA401C6300,TA401C6300,75.5,0.0,0.0,0.0,1,67.5,71.5,5,77.0,77.0,77.0,75.0,8.0,604.0,844
2023-05-10 22:10:07,TA401C6300,TA401C6300,75.5,0.0,0.0,0.0,5,68.5,71.0,5,77.0,77.0,77.0,75.0,8.0,604.0,844
2023-05-10 22:10:10,TA401C6300,TA401C6300,75.5,0.0,0.0,0.0,5,68.5,70.5,5,77.0,77.0,77.0,75.0,8.0,604.0,844
2023-05-10 22:11:14,TA401C6300,TA401C6300,75.5,0.0,0.0,0.0,5,69.0,70.5,5,77.0,77.0,77.0,75.0,8.0,604.0,844
2023-05-10 22:11:17,TA401C6300,TA401C6300,75.5,0.0,0.0,0.0,5,69.0,71.0,5,77.0,77.0,77.0,75.0,8.0,604.0,844
2023-05-10 22:11:25,TA401C6300,TA401C6300,75.5,0.0,0.0,0.0,5,69.5,71.0,5,77.0,77.0,77.0,75.0,8.0,604.0,844
2023-05-10 22:12:02,TA401C6300,TA401C6300,75.5,0.0,0.0,0.0,5,69.0,71.0,5,77.0,77.0,77.0,75.0,8.0,604.0,844
2023-05-10 22:12:53,TA401C6300,TA401C6300,75.5,0.0,0.0,0.0,5,69.5,71.0,5,77.0,77.0,77.0,75.0,8.0,604.0,844
2023-05-10 22:15:07,TA401C6300,TA401C6300,75.5,0.0,0.0,0.0,5,69.5,81.5,1,77.0,77.0,77.0,75.0,8.0,604.0,844
2023-05-10 22:15:07,TA401C6300,TA401C6300,75.5,0.0,0.0,0.0,5,69.5,72.0,5,77.0,77.0,77.0,75.0,8.0,604.0,844
2023-05-10 22:15:26,TA401C6300,TA401C6300,75.5,0.0,0.0,0.0,5,69.5,71.5,5,77.0,77.0,77.0,75.0,8.0,604.0,844
2023-05-10 22:16:06,TA401C6300,TA401C6300,75.5,0.0,0.0,0.0,5,69.0,71.5,5,77.0,77.0,77.0,75.0,8.0,604.0,844
2023-05-10 22:16:07,TA401C6300,TA401C6300,75.5,0.0,0.0,0.0,5,69.0,71.0,5,77.0,77.0,77.0,75.0,8.0,604.0,844
2023-05-10 22:16:27,TA401C6300,TA401C6300,75.5,0.0,0.0,0.0,1,62.0,71.0,5,77.0,77.0,77.0,75.0,8.0,604.0,844
2023-05-10 22:16:28,TA401C6300,TA401C6300,75.5,0.0,0.0,0.0,5,68.0,71.0,5,77.0,77.0,77.0,75.0,8.0,604.0,844
2023-05-10 22:16:29,TA401C6300,TA401C6300,75.5,0.0,0.0,0.0,5,68.0,70.5,5,77.0,77.0,77.0,75.0,8.0,604.0,844
2023-05-10 22:16:42,TA401C6300,TA401C6300,75.5,0.0,0.0,0.0,5,68.5,70.5,5,77.0,77.0,77.0,75.0,8.0,604.0,844
2023-05-10 22:17:37,TA401C6300,TA401C6300,68.5,2.0,136.0,2.0,20,68.5,70.5,5,77.0,77.0,77.0,68.5,10.0,740.0,846
2023-05-10 22:18:13,TA401C6300,TA401C6300,68.5,0.0,0.0,0.0,20,68.5,70.0,5,77.0,77.0,77.0,68.5,10.0,740.0,846
2023-05-10 22:18:18,TA401C6300,TA401C6300,68.5,0.0,0.0,0.0,5,68.0,70.0,5,77.0,77.0,77.0,68.5,10.0,740.0,846
2023-05-10 22:18:27,TA401C6300,TA401C6300,68.5,0.0,0.0,0.0,5,68.0,69.5,5,77.0,77.0,77.0,68.5,10.0,740.0,846
2023-05-10 22:19:00,TA401C6300,TA401C6300,68.5,0.0,0.0,0.0,5,68.0,70.0,5,77.0,77.0,77.0,68.5,10.0,740.0,846
2023-05-10 22:21:19,TA401C6300,TA401C6300,68.5,0.0,0.0,0.0,5,68.5,70.0,5,77.0,77.0,77.0,68.5,10.0,740.0,846
2023-05-10 22:24:04,TA401C6300,TA401C6300,68.5,0.0,0.0,0.0,5,68.5,71.0,5,77.0,77.0,77.0,68.5,10.0,740.0,846
2023-05-10 22:25:17,TA401C6300,TA401C6300,68.5,0.0,0.0,0.0,5,69.0,71.0,5,77.0,77.0,77.0,68.5,10.0,740.0,846
2023-05-10 22:26:21,TA401C6300,TA401C6300,68.5,0.0,0.0,0.0,5,69.0,70.5,5,77.0,77.0,77.0,68.5,10.0,740.0,846
2023-05-10 22:27:25,TA401C6300,TA401C6300,68.5,0.0,0.0,0.0,5,69.0,71.0,5,77.0,77.0,77.0,68.5,10.0,740.0,846
2023-05-10 22:29:30,TA401C6300,TA401C6300,68.5,0.0,0.0,0.0,5,69.0,70.5,5,77.0,77.0,77.0,68.5,10.0,740.0,846
2023-05-10 22:30:01,TA401C6300,TA401C6300,68.5,0.0,0.0,0.0,5,69.0,71.0,5,77.0,77.0,77.0,68.5,10.0,740.0,846
2023-05-10 22:30:03,TA401C6300,TA401C6300,68.5,0.0,0.0,0.0,5,69.5,71.0,5,77.0,77.0,77.0,68.5,10.0,740.0,846
2023-05-10 22:30:04,TA401C6300,TA401C6300,68.5,0.0,0.0,0.0,5,69.5,93.0,1,77.0,77.0,77.0,68.5,10.0,740.0,846
2023-05-10 22:30:04,TA401C6300,TA401C6300,68.5,0.0,0.0,0.0,5,69.5,92.5,1,77.0,77.0,77.0,68.5,10.0,740.0,846
2023-05-10 22:30:05,TA401C6300,TA401C6300,68.5,0.0,0.0,0.0,5,69.5,77.5,1,77.0,77.0,77.0,68.5,10.0,740.0,846
2023-05-10 22:30:05,TA401C6300,TA401C6300,68.5,0.0,0.0,0.0,5,69.5,71.5,5,77.0,77.0,77.0,68.5,10.0,740.0,846
2023-05-10 22:30:50,TA401C6300,TA401C6300,68.5,0.0,0.0,0.0,5,70.0,71.5,5,77.0,77.0,77.0,68.5,10.0,740.0,846
2023-05-10 22:31:10,TA401C6300,TA401C6300,68.5,0.0,0.0,0.0,5,69.5,71.5,5,77.0,77.0,77.0,68.5,10.0,740.0,846
2023-05-10 22:31:44,TA401C6300,TA401C6300,68.5,0.0,0.0,0.0,5,69.5,71.0,5,77.0,77.0,77.0,68.5,10.0,740.0,846
2023-05-10 22:32:04,TA401C6300,TA401C6300,68.5,0.0,0.0,0.0,5,69.5,71.5,5,77.0,77.0,77.0,68.5,10.0,740.0,846
2023-05-10 22:33:20,TA401C6300,TA401C6300,68.5,0.0,0.0,0.0,5,70.0,71.5,5,77.0,77.0,77.0,68.5,10.0,740.0,846
2023-05-10 22:33:47,TA401C6300,TA401C6300,68.5,0.0,0.0,0.0,5,69.5,71.5,5,77.0,77.0,77.0,68.5,10.0,740.0,846
2023-05-10 22:33:54,TA401C6300,TA401C6300,68.5,0.0,0.0,0.0,5,69.5,71.0,5,77.0,77.0,77.0,68.5,10.0,740.0,846
2023-05-10 22:33:54,TA401C6300,TA401C6300,68.5,0.0,0.0,0.0,1,62.0,71.0,5,77.0,77.0,77.0,68.5,10.0,740.0,846
2023-05-10 22:33:56,TA401C6300,TA401C6300,68.5,0.0,0.0,0.0,1,62.0,70.5,5,77.0,77.0,77.0,68.5,10.0,740.0,846
2023-05-10 22:33:58,TA401C6300,TA401C6300,68.5,0.0,0.0,0.0,5,68.5,70.5,5,77.0,77.0,77.0,68.5,10.0,740.0,846
2023-05-10 22:34:15,TA401C6300,TA401C6300,68.5,0.0,0.0,0.0,5,68.5,70.0,5,77.0,77.0,77.0,68.5,10.0,740.0,846
2023-05-10 22:34:29,TA401C6300,TA401C6300,68.5,0.0,0.0,0.0,1,62.0,70.0,5,77.0,77.0,77.0,68.5,10.0,740.0,846
2023-05-10 22:34:29,TA401C6300,TA401C6300,68.5,0.0,0.0,0.0,5,67.5,70.0,5,77.0,77.0,77.0,68.5,10.0,740.0,846
2023-05-10 22:34:30,TA401C6300,TA401C6300,68.5,0.0,0.0,0.0,5,68.0,70.0,5,77.0,77.0,77.0,68.5,10.0,740.0,846
2023-05-10 22:34:39,TA401C6300,TA401C6300,68.5,0.0,0.0,0.0,5,68.5,70.0,5,77.0,77.0,77.0,68.5,10.0,740.0,846
2023-05-10 22:34:44,TA401C6300,TA401C6300,68.5,0.0,0.0,0.0,5,68.5,70.5,5,77.0,77.0,77.0,68.5,10.0,740.0,846
2023-05-10 22:34:48,TA401C6300,TA401C6300,68.5,0.0,0.0,0.0,5,69.0,70.5,5,77.0,77.0,77.0,68.5,10.0,740.0,846
2023-05-10 22:34:54,TA401C6300,TA401C6300,68.5,0.0,0.0,0.0,5,69.0,71.5,5,77.0,77.0,77.0,68.5,10.0,740.0,846
2023-05-10 22:35:02,TA401C6300,TA401C6300,68.5,0.0,0.0,0.0,5,69.5,71.5,5,77.0,77.0,77.0,68.5,10.0,740.0,846
2023-05-10 22:36:36,TA401C6300,TA401C6300,68.5,0.0,0.0,0.0,5,70.0,71.5,5,77.0,77.0,77.0,68.5,10.0,740.0,846
2023-05-10 22:36:43,TA401C6300,TA401C6300,68.5,0.0,0.0,0.0,5,70.0,72.5,5,77.0,77.0,77.0,68.5,10.0,740.0,846
2023-05-10 22:36:47,TA401C6300,TA401C6300,68.5,0.0,0.0,0.0,5,70.0,72.0,5,77.0,77.0,77.0,68.5,10.0,740.0,846
2023-05-10 22:37:00,TA401C6300,TA401C6300,68.5,0.0,0.0,0.0,5,70.0,71.5,5,77.0,77.0,77.0,68.5,10.0,740.0,846
2023-05-10 22:37:00,TA401C6300,TA401C6300,68.5,0.0,0.0,0.0,5,69.5,71.5,5,77.0,77.0,77.0,68.5,10.0,740.0,846
2023-05-10 22:37:16,TA401C6300,TA401C6300,68.5,0.0,0.0,0.0,5,69.5,71.0,5,77.0,77.0,77.0,68.5,10.0,740.0,846
2023-05-10 22:37:16,TA401C6300,TA401C6300,68.5,0.0,0.0,0.0,1,62.0,71.0,5,77.0,77.0,77.0,68.5,10.0,740.0,846
2023-05-10 22:37:17,TA401C6300,TA401C6300,68.5,0.0,0.0,0.0,5,68.5,71.0,5,77.0,77.0,77.0,68.5,10.0,740.0,846
2023-05-10 22:37:32,TA401C6300,TA401C6300,68.5,0.0,0.0,0.0,5,69.0,71.0,5,77.0,77.0,77.0,68.5,10.0,740.0,846
2023-05-10 22:37:53,TA401C6300,TA401C6300,68.5,0.0,0.0,0.0,5,69.0,70.5,5,77.0,77.0,77.0,68.5,10.0,740.0,846
2023-05-10 22:38:01,TA401C6300,TA401C6300,68.5,0.0,0.0,0.0,5,68.5,70.5,5,77.0,77.0,77.0,68.5,10.0,740.0,846
2023-05-10 22:38:55,TA401C6300,TA401C6300,68.5,0.0,0.0,0.0,5,69.0,70.5,5,77.0,77.0,77.0,68.5,10.0,740.0,846
2023-05-10 22:38:55,TA401C6300,TA401C6300,68.5,0.0,0.0,0.0,5,69.0,71.0,5,77.0,77.0,77.0,68.5,10.0,740.0,846
2023-05-10 22:39:04,TA401C6300,TA401C6300,68.5,0.0,0.0,0.0,5,69.5,71.0,5,77.0,77.0,77.0,68.5,10.0,740.0,846
2023-05-10 22:40:12,TA401C6300,TA401C6300,68.5,0.0,0.0,0.0,5,69.5,77.5,1,77.0,77.0,77.0,68.5,10.0,740.0,846
2023-05-10 22:40:13,TA401C6300,TA401C6300,68.5,0.0,0.0,0.0,5,70.0,72.5,5,77.0,77.0,77.0,68.5,10.0,740.0,846
2023-05-10 22:40:13,TA401C6300,TA401C6300,68.5,0.0,0.0,0.0,5,70.0,72.0,5,77.0,77.0,77.0,68.5,10.0,740.0,846
2023-05-10 22:40:44,TA401C6300,TA401C6300,68.5,0.0,0.0,0.0,5,70.0,71.5,5,77.0,77.0,77.0,68.5,10.0,740.0,846
2023-05-10 22:40:51,TA401C6300,TA401C6300,68.5,0.0,0.0,0.0,5,69.5,71.5,5,77.0,77.0,77.0,68.5,10.0,740.0,846
2023-05-10 22:41:06,TA401C6300,TA401C6300,68.5,0.0,0.0,0.0,5,69.5,71.0,5,77.0,77.0,77.0,68.5,10.0,740.0,846
2023-05-10 22:41:16,TA401C6300,TA401C6300,68.5,0.0,0.0,0.0,5,68.5,71.0,5,77.0,77.0,77.0,68.5,10.0,740.0,846
2023-05-10 22:41:19,TA401C6300,TA401C6300,68.5,0.0,0.0,0.0,5,69.0,71.0,5,77.0,77.0,77.0,68.5,10.0,740.0,846
2023-05-10 22:43:05,TA401C6300,TA401C6300,68.5,0.0,0.0,0.0,5,69.5,71.0,5,77.0,77.0,77.0,68.5,10.0,740.0,846
2023-05-10 22:43:22,TA401C6300,TA401C6300,68.5,0.0,0.0,0.0,5,69.5,71.5,5,77.0,77.0,77.0,68.5,10.0,740.0,846
2023-05-10 22:44:11,TA401C6300,TA401C6300,68.5,0.0,0.0,0.0,5,69.5,71.0,5,77.0,77.0,77.0,68.5,10.0,740.0,846
2023-05-10 22:44:33,TA401C6300,TA401C6300,68.5,0.0,0.0,0.0,5,69.0,71.0,5,77.0,77.0,77.0,68.5,10.0,740.0,846
2023-05-10 22:45:04,TA401C6300,TA401C6300,68.5,0.0,0.0,0.0,5,69.5,71.0,5,77.0,77.0,77.0,68.5,10.0,740.0,846
2023-05-10 22:46:56,TA401C6300,TA401C6300,68.5,0.0,0.0,0.0,5,69.5,71.5,5,77.0,77.0,77.0,68.5,10.0,740.0,846
2023-05-10 22:48:37,TA401C6300,TA401C6300,68.5,0.0,0.0,0.0,5,70.0,71.5,5,77.0,77.0,77.0,68.5,10.0,740.0,846
2023-05-10 22:48:54,TA401C6300,TA401C6300,68.5,0.0,0.0,0.0,5,69.5,71.5,5,77.0,77.0,77.0,68.5,10.0,740.0,846
2023-05-10 22:49:20,TA401C6300,TA401C6300,68.5,0.0,0.0,0.0,5,70.0,71.5,5,77.0,77.0,77.0,68.5,10.0,740.0,846
2023-05-10 22:50:42,TA401C6300,TA401C6300,68.5,0.0,0.0,0.0,5,69.5,71.5,5,77.0,77.0,77.0,68.5,10.0,740.0,846
2023-05-10 22:55:13,TA401C6300,TA401C6300,68.5,0.0,0.0,0.0,5,68.0,71.5,5,77.0,77.0,77.0,68.5,10.0,740.0,846
2023-05-10 22:55:55,TA401C6300,TA401C6300,68.5,0.0,0.0,0.0,1,62.0,77.5,1,77.0,77.0,77.0,68.5,10.0,740.0,846
2023-05-10 22:56:29,TA401C6300,TA401C6300,68.5,0.0,0.0,0.0,6,51.5,138.5,51,77.0,77.0,77.0,68.5,10.0,740.0,846
2023-05-10 22:56:30,TA401C6300,TA401C6300,68.5,0.0,0.0,0.0,6,51.5,133.0,1,77.0,77.0,77.0,68.5,10.0,740.0,846
2023-05-10 22:56:32,TA401C6300,TA401C6300,68.5,0.0,0.0,0.0,6,51.5,138.5,51,77.0,77.0,77.0,68.5,10.0,740.0,846
2023-05-11 09:00:01,TA401C6300,TA401C6300,68.5,0.0,0.0,0.0,1,61.5,138.5,51,77.0,77.0,77.0,68.5,10.0,740.0,846
2023-05-11 09:00:04,TA401C6300,TA401C6300,68.5,0.0,0.0,0.0,1,61.5,111.5,1,77.0,77.0,77.0,68.5,10.0,740.0,846
2023-05-11 09:00:23,TA401C6300,TA401C6300,68.5,0.0,0.0,0.0,1,61.5,111.5,52,77.0,77.0,77.0,68.5,10.0,740.0,846
2023-05-11 09:00:23,TA401C6300,TA401C6300,68.5,0.0,0.0,0.0,1,61.5,84.5,1,77.0,77.0,77.0,68.5,10.0,740.0,846
2023-05-11 09:00:58,TA401C6300,TA401C6300,68.5,0.0,0.0,0.0,1,61.5,128.5,1,77.0,77.0,77.0,68.5,10.0,740.0,846
2023-05-11 09:01:06,TA401C6300,TA401C6300,68.5,0.0,0.0,0.0,1,61.5,101.5,1,77.0,77.0,77.0,68.5,10.0,740.0,846
2023-05-11 09:01:22,TA401C6300,TA401C6300,68.5,0.0,0.0,0.0,5,69.0,72.0,5,77.0,77.0,77.0,68.5,10.0,740.0,846
2023-05-11 09:01:26,TA401C6300,TA401C6300,68.5,0.0,0.0,0.0,5,69.5,72.0,5,77.0,77.0,77.0,68.5,10.0,740.0,846
2023-05-11 09:01:41,TA401C6300,TA401C6300,68.5,0.0,0.0,0.0,5,69.5,71.5,5,77.0,77.0,77.0,68.5,10.0,740.0,846
2023-05-11 09:03:25,TA401C6300,TA401C6300,68.5,0.0,0.0,0.0,5,70.0,71.5,5,77.0,77.0,77.0,68.5,10.0,740.0,846
2023-05-11 09:03:38,TA401C6300,TA401C6300,68.5,0.0,0.0,0.0,5,70.0,72.0,5,77.0,77.0,77.0,68.5,10.0,740.0,846
2023-05-11 09:03:39,TA401C6300,TA401C6300,68.5,0.0,0.0,0.0,5,70.5,72.0,5,77.0,77.0,77.0,68.5,10.0,740.0,846
2023-05-11 09:03:40,TA401C6300,TA401C6300,68.5,0.0,0.0,0.0,5,70.5,101.5,1,77.0,77.0,77.0,68.5,10.0,740.0,846
2023-05-11 09:03:41,TA401C6300,TA401C6300,68.5,0.0,0.0,0.0,5,70.5,73.0,5,77.0,77.0,77.0,68.5,10.0,740.0,846
2023-05-11 09:03:43,TA401C6300,TA401C6300,68.5,0.0,0.0,0.0,5,70.5,72.5,5,77.0,77.0,77.0,68.5,10.0,740.0,846
2023-05-11 09:03:58,TA401C6300,TA401C6300,68.5,0.0,0.0,0.0,5,70.5,72.0,5,77.0,77.0,77.0,68.5,10.0,740.0,846
2023-05-11 09:04:01,TA401C6300,TA401C6300,68.5,0.0,0.0,0.0,5,70.0,72.0,5,77.0,77.0,77.0,68.5,10.0,740.0,846
2023-05-11 09:04:29,TA401C6300,TA401C6300,68.5,0.0,0.0,0.0,5,70.0,71.5,5,77.0,77.0,77.0,68.5,10.0,740.0,846
2023-05-11 09:04:42,TA401C6300,TA401C6300,68.5,0.0,0.0,0.0,5,69.0,71.5,5,77.0,77.0,77.0,68.5,10.0,740.0,846
2023-05-11 09:04:48,TA401C6300,TA401C6300,68.5,0.0,0.0,0.0,5,69.0,71.0,5,77.0,77.0,77.0,68.5,10.0,740.0,846
2023-05-11 09:06:33,TA401C6300,TA401C6300,68.5,0.0,0.0,0.0,5,69.5,71.0,5,77.0,77.0,77.0,68.5,10.0,740.0,846
2023-05-11 09:07:33,TA401C6300,TA401C6300,68.5,0.0,0.0,0.0,5,69.5,71.5,5,77.0,77.0,77.0,68.5,10.0,740.0,846
2023-05-11 09:07:34,TA401C6300,TA401C6300,68.5,0.0,0.0,0.0,5,70.0,71.5,5,77.0,77.0,77.0,68.5,10.0,740.0,846
2023-05-11 09:08:33,TA401C6300,TA401C6300,68.5,0.0,0.0,0.0,5,70.0,78.5,1,77.0,77.0,77.0,68.5,10.0,740.0,846
2023-05-11 09:08:34,TA401C6300,TA401C6300,68.5,0.0,0.0,0.0,5,70.5,78.5,1,77.0,77.0,77.0,68.5,10.0,740.0,846
2023-05-11 09:08:35,TA401C6300,TA401C6300,68.5,0.0,0.0,0.0,5,70.5,72.5,5,77.0,77.0,77.0,68.5,10.0,740.0,846
2023-05-11 09:08:40,TA401C6300,TA401C6300,68.5,0.0,0.0,0.0,5,70.5,72.0,5,77.0,77.0,77.0,68.5,10.0,740.0,846
2023-05-11 09:09:22,TA401C6300,TA401C6300,68.5,0.0,0.0,0.0,5,70.0,72.0,5,77.0,77.0,77.0,68.5,10.0,740.0,846
2023-05-11 09:09:24,TA401C6300,TA401C6300,68.5,0.0,0.0,0.0,5,70.0,71.5,5,77.0,77.0,77.0,68.5,10.0,740.0,846
2023-05-11 09:09:44,TA401C6300,TA401C6300,68.5,0.0,0.0,0.0,5,70.0,72.0,5,77.0,77.0,77.0,68.5,10.0,740.0,846
2023-05-11 09:09:45,TA401C6300,TA401C6300,68.5,0.0,0.0,0.0,5,70.5,72.0,5,77.0,77.0,77.0,68.5,10.0,740.0,846
2023-05-11 09:10:53,TA401C6300,TA401C6300,68.5,0.0,0.0,0.0,5,70.0,72.0,5,77.0,77.0,77.0,68.5,10.0,740.0,846
2023-05-11 09:10:54,TA401C6300,TA401C6300,68.5,0.0,0.0,0.0,5,70.0,71.5,5,77.0,77.0,77.0,68.5,10.0,740.0,846
2023-05-11 09:11:29,TA401C6300,TA401C6300,68.5,0.0,0.0,0.0,5,69.0,71.5,5,77.0,77.0,77.0,68.5,10.0,740.0,846
2023-05-11 09:11:30,TA401C6300,TA401C6300,68.5,0.0,0.0,0.0,5,69.5,71.5,5,77.0,77.0,77.0,68.5,10.0,740.0,846
2023-05-11 09:12:07,TA401C6300,TA401C6300,68.5,0.0,0.0,0.0,5,70.0,71.5,5,77.0,77.0,77.0,68.5,10.0,740.0,846
2023-05-11 09:12:13,TA401C6300,TA401C6300,68.5,0.0,0.0,0.0,5,70.0,72.0,5,77.0,77.0,77.0,68.5,10.0,740.0,846
2023-05-11 09:12:13,TA401C6300,TA401C6300,68.5,0.0,0.0,0.0,5,70.5,72.0,5,77.0,77.0,77.0,68.5,10.0,740.0,846
2023-05-11 09:14:38,TA401C6300,TA401C6300,68.5,0.0,0.0,0.0,5,70.0,72.0,5,77.0,77.0,77.0,68.5,10.0,740.0,846
2023-05-11 09:14:43,TA401C6300,TA401C6300,68.5,0.0,0.0,0.0,5,70.0,71.5,5,77.0,77.0,77.0,68.5,10.0,740.0,846
2023-05-11 09:15:03,TA401C6300,TA401C6300,68.5,0.0,0.0,0.0,5,70.0,72.0,5,77.0,77.0,77.0,68.5,10.0,740.0,846
2023-05-11 09:15:09,TA401C6300,TA401C6300,68.5,0.0,0.0,0.0,5,70.5,72.0,5,77.0,77.0,77.0,68.5,10.0,740.0,846
2023-05-11 09:15:13,TA401C6300,TA401C6300,68.5,0.0,0.0,0.0,5,70.5,73.0,5,77.0,77.0,77.0,68.5,10.0,740.0,846
2023-05-11 09:15:14,TA401C6300,TA401C6300,68.5,0.0,0.0,0.0,5,70.5,72.5,5,77.0,77.0,77.0,68.5,10.0,740.0,846
2023-05-11 09:15:40,TA401C6300,TA401C6300,68.5,0.0,0.0,0.0,5,71.0,72.5,5,77.0,77.0,77.0,68.5,10.0,740.0,846
2023-05-11 09:17:13,TA401C6300,TA401C6300,68.5,0.0,0.0,0.0,5,70.5,72.5,5,77.0,77.0,77.0,68.5,10.0,740.0,846
2023-05-11 09:17:21,TA401C6300,TA401C6300,68.5,0.0,0.0,0.0,5,70.5,72.0,5,77.0,77.0,77.0,68.5,10.0,740.0,846
2023-05-11 09:17:36,TA401C6300,TA401C6300,68.5,0.0,0.0,0.0,5,69.5,72.0,5,77.0,77.0,77.0,68.5,10.0,740.0,846
2023-05-11 09:17:40,TA401C6300,TA401C6300,68.5,0.0,0.0,0.0,5,70.0,72.0,5,77.0,77.0,77.0,68.5,10.0,740.0,846
2023-05-11 09:19:26,TA401C6300,TA401C6300,68.5,0.0,0.0,0.0,5,70.0,71.5,5,77.0,77.0,77.0,68.5,10.0,740.0,846
2023-05-11 09:19:50,TA401C6300,TA401C6300,68.5,0.0,0.0,0.0,5,69.5,71.5,5,77.0,77.0,77.0,68.5,10.0,740.0,846
2023-05-11 09:21:02,TA401C6300,TA401C6300,68.5,0.0,0.0,0.0,5,70.0,71.5,5,77.0,77.0,77.0,68.5,10.0,740.0,846
2023-05-11 09:24:14,TA401C6300,TA401C6300,68.5,0.0,0.0,0.0,5,70.0,72.0,5,77.0,77.0,77.0,68.5,10.0,740.0,846
2023-05-11 09:24:54,TA401C6300,TA401C6300,68.5,0.0,0.0,0.0,5,70.5,72.0,5,77.0,77.0,77.0,68.5,10.0,740.0,846
2023-05-11 09:26:15,TA401C6300,TA401C6300,68.5,0.0,0.0,0.0,5,70.5,73.0,5,77.0,77.0,77.0,68.5,10.0,740.0,846
2023-05-11 09:26:21,TA401C6300,TA401C6300,68.5,0.0,0.0,0.0,5,71.0,73.0,5,77.0,77.0,77.0,68.5,10.0,740.0,846
2023-05-11 09:27:17,TA401C6300,TA401C6300,68.5,0.0,0.0,0.0,5,71.5,73.0,5,77.0,77.0,77.0,68.5,10.0,740.0,846
2023-05-11 09:27:56,TA401C6300,TA401C6300,68.5,0.0,0.0,0.0,5,71.5,74.0,5,77.0,77.0,77.0,68.5,10.0,740.0,846
2023-05-11 09:28:00,TA401C6300,TA401C6300,68.5,0.0,0.0,0.0,5,71.5,73.5,5,77.0,77.0,77.0,68.5,10.0,740.0,846
2023-05-11 09:28:03,TA401C6300,TA401C6300,68.5,0.0,0.0,0.0,5,71.5,73.0,5,77.0,77.0,77.0,68.5,10.0,740.0,846
2023-05-11 09:28:08,TA401C6300,TA401C6300,68.5,0.0,0.0,0.0,5,71.0,73.0,5,77.0,77.0,77.0,68.5,10.0,740.0,846
2023-05-11 09:28:14,TA401C6300,TA401C6300,68.5,0.0,0.0,0.0,5,71.0,72.5,5,77.0,77.0,77.0,68.5,10.0,740.0,846
2023-05-11 09:28:29,TA401C6300,TA401C6300,68.5,0.0,0.0,0.0,5,71.0,73.0,5,77.0,77.0,77.0,68.5,10.0,740.0,846
2023-05-11 09:30:00,TA401C6300,TA401C6300,68.5,0.0,0.0,0.0,5,71.5,73.0,5,77.0,77.0,77.0,68.5,10.0,740.0,846
2023-05-11 09:30:08,TA401C6300,TA401C6300,68.5,0.0,0.0,0.0,5,71.0,73.0,5,77.0,77.0,77.0,68.5,10.0,740.0,846
2023-05-11 09:30:22,TA401C6300,TA401C6300,68.5,0.0,0.0,0.0,5,71.0,72.5,5,77.0,77.0,77.0,68.5,10.0,740.0,846
2023-05-11 09:30:35,TA401C6300,TA401C6300,68.5,0.0,0.0,0.0,5,70.0,72.5,5,77.0,77.0,77.0,68.5,10.0,740.0,846
2023-05-11 09:30:42,TA401C6300,TA401C6300,68.5,0.0,0.0,0.0,5,70.0,72.0,5,77.0,77.0,77.0,68.5,10.0,740.0,846
2023-05-11 09:30:50,TA401C6300,TA401C6300,68.5,0.0,0.0,0.0,5,70.5,72.0,5,77.0,77.0,77.0,68.5,10.0,740.0,846
2023-05-11 09:32:22,TA401C6300,TA401C6300,68.5,0.0,0.0,0.0,5,70.0,72.0,5,77.0,77.0,77.0,68.5,10.0,740.0,846
2023-05-11 09:32:38,TA401C6300,TA401C6300,68.5,0.0,0.0,0.0,5,70.5,72.0,5,77.0,77.0,77.0,68.5,10.0,740.0,846
2023-05-11 09:35:23,TA401C6300,TA401C6300,68.5,0.0,0.0,0.0,5,70.0,72.0,5,77.0,77.0,77.0,68.5,10.0,740.0,846
2023-05-11 09:35:29,TA401C6300,TA401C6300,68.5,0.0,0.0,0.0,5,70.0,71.5,5,77.0,77.0,77.0,68.5,10.0,740.0,846
2023-05-11 09:39:09,TA401C6300,TA401C6300,68.5,0.0,0.0,0.0,5,70.5,72.0,5,77.0,77.0,77.0,68.5,10.0,740.0,846
2023-05-11 09:39:11,TA401C6300,TA401C6300,68.5,0.0,0.0,0.0,5,70.5,78.5,1,77.0,77.0,77.0,68.5,10.0,740.0,846
2023-05-11 09:39:12,TA401C6300,TA401C6300,68.5,0.0,0.0,0.0,5,70.5,73.0,5,77.0,77.0,77.0,68.5,10.0,740.0,846
2023-05-11 09:39:24,TA401C6300,TA401C6300,68.5,0.0,0.0,0.0,5,70.5,72.5,5,77.0,77.0,77.0,68.5,10.0,740.0,846
2023-05-11 09:40:15,TA401C6300,TA401C6300,68.5,0.0,0.0,0.0,5,71.0,72.5,5,77.0,77.0,77.0,68.5,10.0,740.0,846
2023-05-11 09:40:18,TA401C6300,TA401C6300,68.5,0.0,0.0,0.0,5,71.0,73.0,5,77.0,77.0,77.0,68.5,10.0,740.0,846
2023-05-11 09:40:26,TA401C6300,TA401C6300,68.5,0.0,0.0,0.0,5,71.0,72.5,5,77.0,77.0,77.0,68.5,10.0,740.0,846
2023-05-11 09:40:43,TA401C6300,TA401C6300,68.5,0.0,0.0,0.0,5,71.0,73.0,5,77.0,77.0,77.0,68.5,10.0,740.0,846
2023-05-11 09:40:47,TA401C6300,TA401C6300,68.5,0.0,0.0,0.0,5,71.5,73.0,5,77.0,77.0,77.0,68.5,10.0,740.0,846
2023-05-11 09:41:26,TA401C6300,TA401C6300,68.5,0.0,0.0,0.0,5,71.5,74.0,5,77.0,77.0,77.0,68.5,10.0,740.0,846
2023-05-11 09:41:27,TA401C6300,TA401C6300,68.5,0.0,0.0,0.0,5,72.0,74.0,5,77.0,77.0,77.0,68.5,10.0,740.0,846
2023-05-11 09:41:33,TA401C6300,TA401C6300,68.5,0.0,0.0,0.0,5,72.5,74.0,5,77.0,77.0,77.0,68.5,10.0,740.0,846
2023-05-11 09:41:53,TA401C6300,TA401C6300,68.5,0.0,0.0,0.0,6,72.0,74.0,5,77.0,77.0,77.0,68.5,10.0,740.0,846
2023-05-11 09:41:54,TA401C6300,TA401C6300,68.5,0.0,0.0,0.0,6,72.0,73.5,5,77.0,77.0,77.0,68.5,10.0,740.0,846
2023-05-11 09:42:07,TA401C6300,TA401C6300,68.5,0.0,0.0,0.0,1,72.0,73.5,5,77.0,77.0,77.0,68.5,10.0,740.0,846
2023-05-11 09:42:09,TA401C6300,TA401C6300,68.5,0.0,0.0,0.0,1,72.0,73.0,5,77.0,77.0,77.0,68.5,10.0,740.0,846
2023-05-11 09:42:41,TA401C6300,TA401C6300,72.0,1.0,74.0,0.0,5,71.0,72.5,5,77.0,77.0,77.0,68.5,11.0,814.0,846
2023-05-11 09:42:58,TA401C6300,TA401C6300,72.0,0.0,0.0,0.0,5,70.0,72.5,5,77.0,77.0,77.0,68.5,11.0,814.0,846
2023-05-11 09:43:04,TA401C6300,TA401C6300,72.0,0.0,0.0,0.0,5,70.5,72.5,5,77.0,77.0,77.0,68.5,11.0,814.0,846
2023-05-11 09:43:15,TA401C6300,TA401C6300,72.0,0.0,0.0,0.0,5,70.5,72.0,5,77.0,77.0,77.0,68.5,11.0,814.0,846
2023-05-11 09:44:15,TA401C6300,TA401C6300,72.0,0.0,0.0,0.0,5,70.5,72.5,5,77.0,77.0,77.0,68.5,11.0,814.0,846
2023-05-11 09:45:45,TA401C6300,TA401C6300,72.0,0.0,0.0,0.0,5,71.0,72.5,5,77.0,77.0,77.0,68.5,11.0,814.0,846
2023-05-11 09:46:39,TA401C6300,TA401C6300,72.0,0.0,0.0,0.0,5,71.0,73.5,5,77.0,77.0,77.0,68.5,11.0,814.0,846
2023-05-11 09:46:42,TA401C6300,TA401C6300,72.0,0.0,0.0,0.0,5,71.5,73.5,5,77.0,77.0,77.0,68.5,11.0,814.0,846
2023-05-11 09:47:05,TA401C6300,TA401C6300,72.0,0.0,0.0,0.0,5,71.5,73.0,5,77.0,77.0,77.0,68.5,11.0,814.0,846
2023-05-11 09:48:27,TA401C6300,TA401C6300,72.0,0.0,0.0,0.0,5,71.0,73.0,5,77.0,77.0,77.0,68.5,11.0,814.0,846
2023-05-11 09:48:36,TA401C6300,TA401C6300,71.0,1.0,74.0,0.0,4,71.0,73.0,5,77.0,77.0,77.0,68.5,12.0,888.0,846
2023-05-11 09:48:53,TA401C6300,TA401C6300,71.0,0.0,0.0,0.0,4,71.0,72.5,5,77.0,77.0,77.0,68.5,12.0,888.0,846
2023-05-11 09:50:29,TA401C6300,TA401C6300,71.0,0.0,0.0,0.0,5,70.0,72.5,5,77.0,77.0,77.0,68.5,12.0,888.0,846
2023-05-11 09:50:41,TA401C6300,TA401C6300,71.0,0.0,0.0,0.0,5,70.5,72.5,5,77.0,77.0,77.0,68.5,12.0,888.0,846
2023-05-11 09:51:21,TA401C6300,TA401C6300,71.0,0.0,0.0,0.0,5,70.5,72.0,5,77.0,77.0,77.0,68.5,12.0,888.0,846
2023-05-11 09:53:04,TA401C6300,TA401C6300,71.0,0.0,0.0,0.0,5,70.0,72.0,5,77.0,77.0,77.0,68.5,12.0,888.0,846
2023-05-11 09:53:39,TA401C6300,TA401C6300,71.0,0.0,0.0,0.0,5,70.0,71.5,5,77.0,77.0,77.0,68.5,12.0,888.0,846
2023-05-11 09:56:09,TA401C6300,TA401C6300,71.0,0.0,0.0,0.0,5,70.0,72.0,5,77.0,77.0,77.0,68.5,12.0,888.0,846
2023-05-11 09:56:28,TA401C6300,TA401C6300,71.0,0.0,0.0,0.0,5,70.5,72.0,5,77.0,77.0,77.0,68.5,12.0,888.0,846
2023-05-11 09:59:10,TA401C6300,TA401C6300,71.0,0.0,0.0,0.0,5,70.0,72.0,5,77.0,77.0,77.0,68.5,12.0,888.0,846
2023-05-11 09:59:14,TA401C6300,TA401C6300,71.0,0.0,0.0,0.0,5,70.0,71.5,5,77.0,77.0,77.0,68.5,12.0,888.0,846
2023-05-11 10:02:22,TA401C6300,TA401C6300,71.5,2.0,141.0,0.0,5,70.0,71.5,3,77.0,77.0,77.0,68.5,14.0,1029.0,846
2023-05-11 10:03:34,TA401C6300,TA401C6300,71.5,0.0,0.0,0.0,6,69.0,71.5,3,77.0,77.0,77.0,68.5,14.0,1029.0,846
2023-05-11 10:03:37,TA401C6300,TA401C6300,71.5,0.0,0.0,0.0,5,69.5,71.5,3,77.0,77.0,77.0,68.5,14.0,1029.0,846
2023-05-11 10:04:33,TA401C6300,TA401C6300,71.5,0.0,0.0,0.0,5,70.0,71.5,3,77.0,77.0,77.0,68.5,14.0,1029.0,846
2023-05-11 10:05:59,TA401C6300,TA401C6300,71.5,0.0,0.0,0.0,5,70.0,72.0,5,77.0,77.0,77.0,68.5,14.0,1029.0,846
2023-05-11 10:06:00,TA401C6300,TA401C6300,71.5,0.0,0.0,0.0,5,70.5,72.0,5,77.0,77.0,77.0,68.5,14.0,1029.0,846
2023-05-11 10:08:03,TA401C6300,TA401C6300,71.5,0.0,0.0,0.0,5,70.0,72.0,5,77.0,77.0,77.0,68.5,14.0,1029.0,846
2023-05-11 10:08:04,TA401C6300,TA401C6300,71.5,0.0,0.0,0.0,5,70.0,71.5,5,77.0,77.0,77.0,68.5,14.0,1029.0,846
2023-05-11 10:08:33,TA401C6300,TA401C6300,71.5,0.0,0.0,0.0,6,69.0,71.5,5,77.0,77.0,77.0,68.5,14.0,1029.0,846
2023-05-11 10:08:37,TA401C6300,TA401C6300,71.5,0.0,0.0,0.0,5,69.5,71.5,5,77.0,77.0,77.0,68.5,14.0,1029.0,846
2023-05-11 10:08:57,TA401C6300,TA401C6300,71.5,0.0,0.0,0.0,5,69.5,71.0,5,77.0,77.0,77.0,68.5,14.0,1029.0,846
2023-05-11 10:10:54,TA401C6300,TA401C6300,71.5,0.0,0.0,0.0,5,69.5,71.5,5,77.0,77.0,77.0,68.5,14.0,1029.0,846
2023-05-11 10:10:55,TA401C6300,TA401C6300,71.5,0.0,0.0,0.0,5,70.0,71.5,5,77.0,77.0,77.0,68.5,14.0,1029.0,846
2023-05-11 10:10:56,TA401C6300,TA401C6300,71.5,0.0,0.0,0.0,5,70.0,154.0,1,77.0,77.0,77.0,68.5,14.0,1029.0,846
2023-05-11 10:10:57,TA401C6300,TA401C6300,71.5,0.0,0.0,0.0,5,70.0,148.5,1,77.0,77.0,77.0,68.5,14.0,1029.0,846
2023-05-11 10:10:57,TA401C6300,TA401C6300,71.5,0.0,0.0,0.0,5,70.5,72.5,5,77.0,77.0,77.0,68.5,14.0,1029.0,846
2023-05-11 10:12:14,TA401C6300,TA401C6300,71.5,0.0,0.0,0.0,5,71.0,72.5,5,77.0,77.0,77.0,68.5,14.0,1029.0,846
2023-05-11 10:13:31,TA401C6300,TA401C6300,71.5,0.0,0.0,0.0,5,71.0,73.5,5,77.0,77.0,77.0,68.5,14.0,1029.0,846
2023-05-11 10:13:32,TA401C6300,TA401C6300,71.5,0.0,0.0,0.0,5,71.5,73.5,5,77.0,77.0,77.0,68.5,14.0,1029.0,846
2023-05-11 10:13:41,TA401C6300,TA401C6300,71.5,0.0,0.0,0.0,5,72.0,73.5,5,77.0,77.0,77.0,68.5,14.0,1029.0,846
2023-05-11 10:14:05,TA401C6300,TA401C6300,71.5,0.0,0.0,0.0,5,72.0,103.0,1,77.0,77.0,77.0,68.5,14.0,1029.0,846
2023-05-11 10:14:06,TA401C6300,TA401C6300,71.5,0.0,0.0,0.0,5,72.0,74.0,5,77.0,77.0,77.0,68.5,14.0,1029.0,846
2023-05-11 10:14:14,TA401C6300,TA401C6300,71.5,0.0,0.0,0.0,5,72.5,74.0,5,77.0,77.0,77.0,68.5,14.0,1029.0,846
2023-05-11 10:14:15,TA401C6300,TA401C6300,71.5,0.0,0.0,0.0,5,72.5,103.0,1,77.0,77.0,77.0,68.5,14.0,1029.0,846
2023-05-11 10:14:16,TA401C6300,TA401C6300,71.5,0.0,0.0,0.0,5,72.5,75.0,5,77.0,77.0,77.0,68.5,14.0,1029.0,846
2023-05-11 10:14:17,TA401C6300,TA401C6300,71.5,0.0,0.0,0.0,5,72.5,74.5,5,77.0,77.0,77.0,68.5,14.0,1029.0,846
2023-05-11 10:14:21,TA401C6300,TA401C6300,71.5,0.0,0.0,0.0,5,73.0,74.5,5,77.0,77.0,77.0,68.5,14.0,1029.0,846
2023-05-11 10:14:22,TA401C6300,TA401C6300,71.5,0.0,0.0,0.0,5,73.0,75.0,5,77.0,77.0,77.0,68.5,14.0,1029.0,846
2023-05-11 10:30:13,TA401C6300,TA401C6300,71.5,0.0,0.0,0.0,5,73.5,75.0,5,77.0,77.0,77.0,68.5,14.0,1029.0,846
2023-05-11 10:30:14,TA401C6300,TA401C6300,71.5,0.0,0.0,0.0,5,73.5,103.0,1,77.0,77.0,77.0,68.5,14.0,1029.0,846
2023-05-11 10:30:15,TA401C6300,TA401C6300,71.5,0.0,0.0,0.0,5,73.5,75.5,5,77.0,77.0,77.0,68.5,14.0,1029.0,846
2023-05-11 10:30:22,TA401C6300,TA401C6300,71.5,0.0,0.0,0.0,5,74.0,75.5,5,77.0,77.0,77.0,68.5,14.0,1029.0,846
2023-05-11 10:30:36,TA401C6300,TA401C6300,71.5,0.0,0.0,0.0,5,73.5,75.5,5,77.0,77.0,77.0,68.5,14.0,1029.0,846
2023-05-11 10:30:36,TA401C6300,TA401C6300,71.5,0.0,0.0,0.0,5,73.5,75.0,5,77.0,77.0,77.0,68.5,14.0,1029.0,846
2023-05-11 10:31:06,TA401C6300,TA401C6300,71.5,0.0,0.0,0.0,5,72.5,75.0,5,77.0,77.0,77.0,68.5,14.0,1029.0,846
2023-05-11 10:31:07,TA401C6300,TA401C6300,71.5,0.0,0.0,0.0,5,72.5,74.5,5,77.0,77.0,77.0,68.5,14.0,1029.0,846
2023-05-11 10:31:13,TA401C6300,TA401C6300,71.5,0.0,0.0,0.0,5,73.0,74.5,5,77.0,77.0,77.0,68.5,14.0,1029.0,846
2023-05-11 10:31:24,TA401C6300,TA401C6300,71.5,0.0,0.0,0.0,5,73.0,75.0,5,77.0,77.0,77.0,68.5,14.0,1029.0,846
2023-05-11 10:31:38,TA401C6300,TA401C6300,71.5,0.0,0.0,0.0,5,73.0,74.5,5,77.0,77.0,77.0,68.5,14.0,1029.0,846
2023-05-11 10:32:07,TA401C6300,TA401C6300,71.5,0.0,0.0,0.0,5,72.5,74.5,5,77.0,77.0,77.0,68.5,14.0,1029.0,846
2023-05-11 10:32:37,TA401C6300,TA401C6300,71.5,0.0,0.0,0.0,5,73.0,74.5,5,77.0,77.0,77.0,68.5,14.0,1029.0,846
2023-05-11 10:33:05,TA401C6300,TA401C6300,71.5,0.0,0.0,0.0,5,72.5,74.5,5,77.0,77.0,77.0,68.5,14.0,1029.0,846
2023-05-11 10:33:07,TA401C6300,TA401C6300,71.5,0.0,0.0,0.0,5,72.5,74.0,5,77.0,77.0,77.0,68.5,14.0,1029.0,846
2023-05-11 10:33:22,TA401C6300,TA401C6300,71.5,0.0,0.0,0.0,1,69.0,74.0,5,77.0,77.0,77.0,68.5,14.0,1029.0,846
2023-05-11 10:33:23,TA401C6300,TA401C6300,71.5,0.0,0.0,0.0,5,72.0,74.0,5,77.0,77.0,77.0,68.5,14.0,1029.0,846
2023-05-11 10:34:21,TA401C6300,TA401C6300,71.5,0.0,0.0,0.0,5,72.0,73.5,5,77.0,77.0,77.0,68.5,14.0,1029.0,846
2023-05-11 10:35:18,TA401C6300,TA401C6300,71.5,0.0,0.0,0.0,1,69.0,73.5,5,77.0,77.0,77.0,68.5,14.0,1029.0,846
2023-05-11 10:35:18,TA401C6300,TA401C6300,71.5,0.0,0.0,0.0,5,71.5,73.5,5,77.0,77.0,77.0,68.5,14.0,1029.0,846
2023-05-11 10:35:44,TA401C6300,TA401C6300,71.5,0.0,0.0,0.0,5,71.5,73.0,5,77.0,77.0,77.0,68.5,14.0,1029.0,846
2023-05-11 10:36:17,TA401C6300,TA401C6300,71.5,0.0,0.0,0.0,5,71.5,73.5,5,77.0,77.0,77.0,68.5,14.0,1029.0,846
2023-05-11 10:36:47,TA401C6300,TA401C6300,71.5,0.0,0.0,0.0,5,72.0,73.5,5,77.0,77.0,77.0,68.5,14.0,1029.0,846
2023-05-11 10:37:14,TA401C6300,TA401C6300,71.5,0.0,0.0,0.0,5,71.5,73.5,5,77.0,77.0,77.0,68.5,14.0,1029.0,846
2023-05-11 10:37:22,TA401C6300,TA401C6300,71.5,0.0,0.0,0.0,5,71.5,73.0,5,77.0,77.0,77.0,68.5,14.0,1029.0,846
2023-05-11 10:39:16,TA401C6300,TA401C6300,71.5,0.0,0.0,0.0,5,71.5,73.5,5,77.0,77.0,77.0,68.5,14.0,1029.0,846
2023-05-11 10:39:27,TA401C6300,TA401C6300,71.5,0.0,0.0,0.0,5,72.0,73.5,5,77.0,77.0,77.0,68.5,14.0,1029.0,846
2023-05-11 10:39:34,TA401C6300,TA401C6300,71.5,0.0,0.0,0.0,5,72.0,103.0,1,77.0,77.0,77.0,68.5,14.0,1029.0,846
2023-05-11 10:39:35,TA401C6300,TA401C6300,71.5,0.0,0.0,0.0,5,72.0,74.5,5,77.0,77.0,77.0,68.5,14.0,1029.0,846
2023-05-11 10:39:46,TA401C6300,TA401C6300,71.5,0.0,0.0,0.0,5,72.5,74.5,5,77.0,77.0,77.0,68.5,14.0,1029.0,846
2023-05-11 10:41:09,TA401C6300,TA401C6300,71.5,0.0,0.0,0.0,5,73.0,74.5,5,77.0,77.0,77.0,68.5,14.0,1029.0,846
2023-05-11 10:42:50,TA401C6300,TA401C6300,71.5,0.0,0.0,0.0,5,72.5,74.5,5,77.0,77.0,77.0,68.5,14.0,1029.0,846
2023-05-11 10:43:11,TA401C6300,TA401C6300,71.5,0.0,0.0,0.0,5,72.5,74.0,5,77.0,77.0,77.0,68.5,14.0,1029.0,846
2023-05-11 10:45:03,TA401C6300,TA401C6300,71.5,0.0,0.0,0.0,5,72.5,74.5,5,77.0,77.0,77.0,68.5,14.0,1029.0,846
2023-05-11 10:45:11,TA401C6300,TA401C6300,71.5,0.0,0.0,0.0,5,73.0,74.5,5,77.0,77.0,77.0,68.5,14.0,1029.0,846
2023-05-11 10:45:17,TA401C6300,TA401C6300,71.5,0.0,0.0,0.0,5,73.0,75.5,5,77.0,77.0,77.0,68.5,14.0,1029.0,846
2023-05-11 10:45:18,TA401C6300,TA401C6300,71.5,0.0,0.0,0.0,5,73.5,75.5,5,77.0,77.0,77.0,68.5,14.0,1029.0,846
2023-05-11 10:45:46,TA401C6300,TA401C6300,71.5,0.0,0.0,0.0,5,74.0,75.5,5,77.0,77.0,77.0,68.5,14.0,1029.0,846
2023-05-11 10:46:02,TA401C6300,TA401C6300,71.5,0.0,0.0,0.0,5,74.0,103.0,1,77.0,77.0,77.0,68.5,14.0,1029.0,846
2023-05-11 10:46:04,TA401C6300,TA401C6300,71.5,0.0,0.0,0.0,5,74.5,76.5,5,77.0,77.0,77.0,68.5,14.0,1029.0,846
2023-05-11 10:46:17,TA401C6300,TA401C6300,71.5,0.0,0.0,0.0,5,74.5,76.0,5,77.0,77.0,77.0,68.5,14.0,1029.0,846
2023-05-11 10:47:06,TA401C6300,TA401C6300,71.5,0.0,0.0,0.0,5,74.0,76.0,5,77.0,77.0,77.0,68.5,14.0,1029.0,846
2023-05-11 10:47:40,TA401C6300,TA401C6300,71.5,0.0,0.0,0.0,5,74.5,76.0,5,77.0,77.0,77.0,68.5,14.0,1029.0,846
2023-05-11 10:47:53,TA401C6300,TA401C6300,71.5,0.0,0.0,0.0,5,74.5,76.5,5,77.0,77.0,77.0,68.5,14.0,1029.0,846
2023-05-11 10:48:04,TA401C6300,TA401C6300,71.5,0.0,0.0,0.0,5,75.0,76.5,5,77.0,77.0,77.0,68.5,14.0,1029.0,846
2023-05-11 10:50:05,TA401C6300,TA401C6300,71.5,0.0,0.0,0.0,5,75.0,81.5,1,77.0,77.0,77.0,68.5,14.0,1029.0,846
2023-05-11 10:50:06,TA401C6300,TA401C6300,71.5,0.0,0.0,0.0,5,75.0,77.5,5,77.0,77.0,77.0,68.5,14.0,1029.0,846
2023-05-11 10:50:07,TA401C6300,TA401C6300,71.5,0.0,0.0,0.0,5,75.5,77.5,5,77.0,77.0,77.0,68.5,14.0,1029.0,846
2023-05-11 10:50:10,TA401C6300,TA401C6300,71.5,0.0,0.0,0.0,5,75.5,77.0,5,77.0,77.0,77.0,68.5,14.0,1029.0,846
2023-05-11 10:50:53,TA401C6300,TA401C6300,77.0,1.0,73.5,0.0,5,75.5,77.0,4,77.0,77.0,77.0,68.5,15.0,1102.5,846
2023-05-11 10:50:54,TA401C6300,TA401C6300,77.0,0.0,0.0,0.0,5,75.5,77.5,5,77.0,77.0,77.0,68.5,15.0,1102.5,846
2023-05-11 10:50:59,TA401C6300,TA401C6300,77.0,0.0,0.0,0.0,5,76.0,77.5,5,77.0,77.0,77.0,68.5,15.0,1102.5,846
2023-05-11 10:51:03,TA401C6300,TA401C6300,77.0,0.0,0.0,0.0,5,76.0,81.5,1,77.0,77.0,77.0,68.5,15.0,1102.5,846
2023-05-11 10:51:04,TA401C6300,TA401C6300,77.0,0.0,0.0,0.0,5,76.0,78.5,5,77.0,77.0,77.0,68.5,15.0,1102.5,846
2023-05-11 10:51:05,TA401C6300,TA401C6300,77.0,0.0,0.0,0.0,5,76.0,78.0,5,77.0,77.0,77.0,68.5,15.0,1102.5,846
2023-05-11 10:51:20,TA401C6300,TA401C6300,77.0,0.0,0.0,0.0,5,76.0,77.5,5,77.0,77.0,77.0,68.5,15.0,1102.5,846
2023-05-11 10:51:23,TA401C6300,TA401C6300,77.0,0.0,0.0,0.0,5,75.5,77.5,5,77.0,77.0,77.0,68.5,15.0,1102.5,846
2023-05-11 10:51:24,TA401C6300,TA401C6300,77.0,0.0,0.0,0.0,5,75.5,77.0,5,77.0,77.0,77.0,68.5,15.0,1102.5,846
2023-05-11 10:51:26,TA401C6300,TA401C6300,77.0,0.0,0.0,0.0,1,69.0,77.0,5,77.0,77.0,77.0,68.5,15.0,1102.5,846
2023-05-11 10:51:28,TA401C6300,TA401C6300,77.0,0.0,0.0,0.0,5,74.5,77.0,5,77.0,77.0,77.0,68.5,15.0,1102.5,846
2023-05-11 10:51:30,TA401C6300,TA401C6300,77.0,0.0,0.0,0.0,5,75.0,77.0,5,77.0,77.0,77.0,68.5,15.0,1102.5,846
2023-05-11 10:52:02,TA401C6300,TA401C6300,77.0,0.0,0.0,0.0,5,75.5,77.0,5,77.0,77.0,77.0,68.5,15.0,1102.5,846
2023-05-11 10:52:06,TA401C6300,TA401C6300,77.0,0.0,0.0,0.0,5,75.5,77.5,5,77.0,77.0,77.0,68.5,15.0,1102.5,846
2023-05-11 10:52:16,TA401C6300,TA401C6300,77.0,0.0,0.0,0.0,5,76.0,77.5,5,77.0,77.0,77.0,68.5,15.0,1102.5,846
2023-05-11 10:52:47,TA401C6300,TA401C6300,77.0,0.0,0.0,0.0,5,75.5,77.5,5,77.0,77.0,77.0,68.5,15.0,1102.5,846
2023-05-11 10:52:54,TA401C6300,TA401C6300,77.0,0.0,0.0,0.0,5,75.5,77.0,5,77.0,77.0,77.0,68.5,15.0,1102.5,846
2023-05-11 10:53:00,TA401C6300,TA401C6300,77.0,0.0,0.0,0.0,5,74.5,77.0,5,77.0,77.0,77.0,68.5,15.0,1102.5,846
2023-05-11 10:53:01,TA401C6300,TA401C6300,77.0,0.0,0.0,0.0,5,75.0,77.0,5,77.0,77.0,77.0,68.5,15.0,1102.5,846
2023-05-11 10:54:42,TA401C6300,TA401C6300,77.0,0.0,0.0,0.0,5,75.5,77.0,5,77.0,77.0,77.0,68.5,15.0,1102.5,846
2023-05-11 10:55:07,TA401C6300,TA401C6300,77.0,0.0,0.0,0.0,5,75.0,77.0,5,77.0,77.0,77.0,68.5,15.0,1102.5,846
2023-05-11 10:55:14,TA401C6300,TA401C6300,77.0,0.0,0.0,0.0,5,75.0,76.5,5,77.0,77.0,77.0,68.5,15.0,1102.5,846
2023-05-11 10:55:19,TA401C6300,TA401C6300,77.0,0.0,0.0,0.0,1,69.0,76.5,5,77.0,77.0,77.0,68.5,15.0,1102.5,846
2023-05-11 10:55:20,TA401C6300,TA401C6300,77.0,0.0,0.0,0.0,5,74.0,76.5,5,77.0,77.0,77.0,68.5,15.0,1102.5,846
2023-05-11 10:55:22,TA401C6300,TA401C6300,77.0,0.0,0.0,0.0,5,74.5,76.5,5,77.0,77.0,77.0,68.5,15.0,1102.5,846
2023-05-11 10:55:30,TA401C6300,TA401C6300,77.0,0.0,0.0,0.0,5,74.5,76.0,5,77.0,77.0,77.0,68.5,15.0,1102.5,846
2023-05-11 10:55:45,TA401C6300,TA401C6300,77.0,0.0,0.0,0.0,5,74.0,76.0,5,77.0,77.0,77.0,68.5,15.0,1102.5,846
2023-05-11 10:55:48,TA401C6300,TA401C6300,77.0,0.0,0.0,0.0,5,74.0,75.5,5,77.0,77.0,77.0,68.5,15.0,1102.5,846
2023-05-11 10:55:54,TA401C6300,TA401C6300,75.5,1.0,81.5,0.0,5,74.0,75.5,4,77.0,77.0,77.0,68.5,16.0,1184.0,846
2023-05-11 10:58:46,TA401C6300,TA401C6300,75.5,0.0,0.0,0.0,5,73.0,75.5,4,77.0,77.0,77.0,68.5,16.0,1184.0,846
2023-05-11 10:58:49,TA401C6300,TA401C6300,75.5,0.0,0.0,0.0,5,73.0,75.0,5,77.0,77.0,77.0,68.5,16.0,1184.0,846
2023-05-11 10:58:58,TA401C6300,TA401C6300,75.5,0.0,0.0,0.0,5,73.5,75.0,5,77.0,77.0,77.0,68.5,16.0,1184.0,846
2023-05-11 10:59:06,TA401C6300,TA401C6300,75.5,0.0,0.0,0.0,5,73.5,75.5,4,77.0,77.0,77.0,68.5,16.0,1184.0,846
2023-05-11 11:00:00,TA401C6300,TA401C6300,75.5,0.0,0.0,0.0,5,73.5,75.0,5,77.0,77.0,77.0,68.5,16.0,1184.0,846
2023-05-11 11:00:38,TA401C6300,TA401C6300,75.5,0.0,0.0,0.0,5,73.0,75.0,5,77.0,77.0,77.0,68.5,16.0,1184.0,846
2023-05-11 11:00:42,TA401C6300,TA401C6300,75.5,0.0,0.0,0.0,5,73.0,74.5,5,77.0,77.0,77.0,68.5,16.0,1184.0,846
2023-05-11 11:00:50,TA401C6300,TA401C6300,75.5,0.0,0.0,0.0,1,69.0,74.5,5,77.0,77.0,77.0,68.5,16.0,1184.0,846
2023-05-11 11:00:51,TA401C6300,TA401C6300,75.5,0.0,0.0,0.0,5,72.0,74.5,5,77.0,77.0,77.0,68.5,16.0,1184.0,846
2023-05-11 11:00:56,TA401C6300,TA401C6300,75.5,0.0,0.0,0.0,5,72.5,74.5,5,77.0,77.0,77.0,68.5,16.0,1184.0,846
2023-05-11 11:01:37,TA401C6300,TA401C6300,75.5,0.0,0.0,0.0,5,73.0,74.5,5,77.0,77.0,77.0,68.5,16.0,1184.0,846
2023-05-11 11:01:47,TA401C6300,TA401C6300,75.5,0.0,0.0,0.0,5,73.0,75.0,5,77.0,77.0,77.0,68.5,16.0,1184.0,846
2023-05-11 11:01:51,TA401C6300,TA401C6300,75.5,0.0,0.0,0.0,5,73.5,75.0,5,77.0,77.0,77.0,68.5,16.0,1184.0,846
2023-05-11 11:02:05,TA401C6300,TA401C6300,75.5,0.0,0.0,0.0,5,73.5,76.0,5,77.0,77.0,77.0,68.5,16.0,1184.0,846
2023-05-11 11:02:06,TA401C6300,TA401C6300,75.5,0.0,0.0,0.0,5,74.0,76.0,5,77.0,77.0,77.0,68.5,16.0,1184.0,846
2023-05-11 11:02:35,TA401C6300,TA401C6300,75.5,0.0,0.0,0.0,5,74.0,75.5,5,77.0,77.0,77.0,68.5,16.0,1184.0,846
2023-05-11 11:04:44,TA401C6300,TA401C6300,75.5,0.0,0.0,0.0,5,73.5,75.5,5,77.0,77.0,77.0,68.5,16.0,1184.0,846
2023-05-11 11:04:45,TA401C6300,TA401C6300,75.5,0.0,0.0,0.0,5,73.5,75.0,5,77.0,77.0,77.0,68.5,16.0,1184.0,846
2023-05-11 11:04:50,TA401C6300,TA401C6300,75.5,0.0,0.0,0.0,5,72.5,75.0,5,77.0,77.0,77.0,68.5,16.0,1184.0,846
2023-05-11 11:04:51,TA401C6300,TA401C6300,75.5,0.0,0.0,0.0,5,72.5,74.5,5,77.0,77.0,77.0,68.5,16.0,1184.0,846
2023-05-11 11:04:55,TA401C6300,TA401C6300,75.5,0.0,0.0,0.0,5,73.0,74.5,5,77.0,77.0,77.0,68.5,16.0,1184.0,846
2023-05-11 11:05:45,TA401C6300,TA401C6300,75.5,0.0,0.0,0.0,5,73.0,75.0,5,77.0,77.0,77.0,68.5,16.0,1184.0,846
2023-05-11 11:05:46,TA401C6300,TA401C6300,75.5,0.0,0.0,0.0,5,73.5,75.0,5,77.0,77.0,77.0,68.5,16.0,1184.0,846
2023-05-11 11:06:52,TA401C6300,TA401C6300,75.5,0.0,0.0,0.0,5,73.0,75.0,5,77.0,77.0,77.0,68.5,16.0,1184.0,846
2023-05-11 11:06:54,TA401C6300,TA401C6300,75.5,0.0,0.0,0.0,5,73.0,74.5,5,77.0,77.0,77.0,68.5,16.0,1184.0,846
2023-05-11 11:07:11,TA401C6300,TA401C6300,75.5,0.0,0.0,0.0,5,72.0,74.5,5,77.0,77.0,77.0,68.5,16.0,1184.0,846
2023-05-11 11:07:12,TA401C6300,TA401C6300,75.5,0.0,0.0,0.0,5,72.0,74.0,5,77.0,77.0,77.0,68.5,16.0,1184.0,846
2023-05-11 11:07:26,TA401C6300,TA401C6300,75.5,0.0,0.0,0.0,5,72.5,74.0,5,77.0,77.0,77.0,68.5,16.0,1184.0,846
2023-05-11 11:08:13,TA401C6300,TA401C6300,75.5,0.0,0.0,0.0,5,72.5,74.5,5,77.0,77.0,77.0,68.5,16.0,1184.0,846
2023-05-11 11:10:13,TA401C6300,TA401C6300,75.5,0.0,0.0,0.0,5,72.5,74.0,5,77.0,77.0,77.0,68.5,16.0,1184.0,846
2023-05-11 11:10:57,TA401C6300,TA401C6300,75.5,0.0,0.0,0.0,5,72.0,74.0,5,77.0,77.0,77.0,68.5,16.0,1184.0,846
2023-05-11 11:12:02,TA401C6300,TA401C6300,75.5,0.0,0.0,0.0,5,72.5,74.0,5,77.0,77.0,77.0,68.5,16.0,1184.0,846
2023-05-11 11:13:07,TA401C6300,TA401C6300,75.5,0.0,0.0,0.0,5,72.5,74.5,5,77.0,77.0,77.0,68.5,16.0,1184.0,846
2023-05-11 11:13:10,TA401C6300,TA401C6300,75.5,0.0,0.0,0.0,5,73.0,74.5,5,77.0,77.0,77.0,68.5,16.0,1184.0,846
2023-05-11 11:13:52,TA401C6300,TA401C6300,75.5,0.0,0.0,0.0,5,73.0,81.5,1,77.0,77.0,77.0,68.5,16.0,1184.0,846
2023-05-11 11:13:53,TA401C6300,TA401C6300,75.5,0.0,0.0,0.0,5,73.0,75.0,5,77.0,77.0,77.0,68.5,16.0,1184.0,846
2023-05-11 11:14:31,TA401C6300,TA401C6300,75.5,0.0,0.0,0.0,5,73.5,75.0,5,77.0,77.0,77.0,68.5,16.0,1184.0,846
2023-05-11 11:14:55,TA401C6300,TA401C6300,75.5,0.0,0.0,0.0,5,73.5,76.0,5,77.0,77.0,77.0,68.5,16.0,1184.0,846
2023-05-11 11:14:56,TA401C6300,TA401C6300,75.5,0.0,0.0,0.0,5,73.5,75.5,5,77.0,77.0,77.0,68.5,16.0,1184.0,846
2023-05-11 11:15:44,TA401C6300,TA401C6300,75.5,0.0,0.0,0.0,5,74.0,75.5,5,77.0,77.0,77.0,68.5,16.0,1184.0,846
2023-05-11 11:16:21,TA401C6300,TA401C6300,75.5,0.0,0.0,0.0,5,73.5,75.5,5,77.0,77.0,77.0,68.5,16.0,1184.0,846
2023-05-11 11:16:37,TA401C6300,TA401C6300,75.5,0.0,0.0,0.0,5,73.5,75.0,5,77.0,77.0,77.0,68.5,16.0,1184.0,846
2023-05-11 11:18:28,TA401C6300,TA401C6300,75.5,0.0,0.0,0.0,5,73.5,75.5,5,77.0,77.0,77.0,68.5,16.0,1184.0,846
2023-05-11 11:18:32,TA401C6300,TA401C6300,75.5,0.0,0.0,0.0,5,74.0,75.5,5,77.0,77.0,77.0,68.5,16.0,1184.0,846
2023-05-11 11:19:33,TA401C6300,TA401C6300,75.5,0.0,0.0,0.0,5,74.0,76.5,5,77.0,77.0,77.0,68.5,16.0,1184.0,846
2023-05-11 11:19:40,TA401C6300,TA401C6300,75.5,0.0,0.0,0.0,5,74.5,76.5,5,77.0,77.0,77.0,68.5,16.0,1184.0,846
2023-05-11 11:20:04,TA401C6300,TA401C6300,75.5,0.0,0.0,0.0,5,74.5,76.0,5,77.0,77.0,77.0,68.5,16.0,1184.0,846
2023-05-11 11:20:21,TA401C6300,TA401C6300,75.5,0.0,0.0,0.0,5,74.0,76.0,5,77.0,77.0,77.0,68.5,16.0,1184.0,846
2023-05-11 11:25:08,TA401C6300,TA401C6300,75.5,0.0,0.0,0.0,5,74.5,76.0,5,77.0,77.0,77.0,68.5,16.0,1184.0,846
2023-05-11 11:25:58,TA401C6300,TA401C6300,75.5,0.0,0.0,0.0,5,74.0,76.0,5,77.0,77.0,77.0,68.5,16.0,1184.0,846
2023-05-11 11:25:58,TA401C6300,TA401C6300,75.5,0.0,0.0,0.0,5,74.0,75.5,5,77.0,77.0,77.0,68.5,16.0,1184.0,846
2023-05-11 11:27:02,TA401C6300,TA401C6300,75.5,0.0,0.0,0.0,5,73.0,75.5,5,77.0,77.0,77.0,68.5,16.0,1184.0,846
2023-05-11 11:27:04,TA401C6300,TA401C6300,75.5,0.0,0.0,0.0,5,73.0,75.0,5,77.0,77.0,77.0,68.5,16.0,1184.0,846
2023-05-11 11:27:18,TA401C6300,TA401C6300,75.5,0.0,0.0,0.0,5,73.5,75.0,5,77.0,77.0,77.0,68.5,16.0,1184.0,846
2023-05-11 11:29:06,TA401C6300,TA401C6300,75.5,0.0,0.0,0.0,5,73.0,75.0,5,77.0,77.0,77.0,68.5,16.0,1184.0,846
2023-05-11 11:29:21,TA401C6300,TA401C6300,75.5,0.0,0.0,0.0,5,73.0,74.5,5,77.0,77.0,77.0,68.5,16.0,1184.0,846
2023-05-11 11:29:27,TA401C6300,TA401C6300,75.5,0.0,0.0,0.0,1,69.0,81.5,1,77.0,77.0,77.0,68.5,16.0,1184.0,846
2023-05-11 11:29:29,TA401C6300,TA401C6300,75.5,0.0,0.0,0.0,1,69.0,199.5,51,77.0,77.0,77.0,68.5,16.0,1184.0,846
2023-05-11 11:29:30,TA401C6300,TA401C6300,75.5,0.0,0.0,0.0,1,69.0,172.0,1,77.0,77.0,77.0,68.5,16.0,1184.0,846
2023-05-11 11:29:43,TA401C6300,TA401C6300,75.5,0.0,0.0,0.0,1,69.0,144.5,1,77.0,77.0,77.0,68.5,16.0,1184.0,846
2023-05-11 11:29:48,TA401C6300,TA401C6300,75.5,0.0,0.0,0.0,1,69.0,144.5,52,77.0,77.0,77.0,68.5,16.0,1184.0,846
2023-05-11 11:29:48,TA401C6300,TA401C6300,75.5,0.0,0.0,0.0,1,69.0,117.0,1,77.0,77.0,77.0,68.5,16.0,1184.0,846
2023-05-11 11:29:48,TA401C6300,TA401C6300,75.5,0.0,0.0,0.0,1,69.0,144.5,52,77.0,77.0,77.0,68.5,16.0,1184.0,846
2023-05-11 11:29:48,TA401C6300,TA401C6300,75.5,0.0,0.0,0.0,1,69.0,117.0,1,77.0,77.0,77.0,68.5,16.0,1184.0,846
2023-05-11 13:32:07,TA401C6300,TA401C6300,75.5,0.0,0.0,0.0,1,69.0,81.0,1,77.0,77.0,77.0,68.5,16.0,1184.0,846
2023-05-11 13:38:13,TA401C6300,TA401C6300,75.5,0.0,0.0,0.0,3,73.0,81.0,1,77.0,77.0,77.0,68.5,16.0,1184.0,846
2023-05-11 13:38:14,TA401C6300,TA401C6300,75.5,0.0,0.0,0.0,6,73.0,81.0,4,77.0,77.0,77.0,68.5,16.0,1184.0,846
2023-05-11 13:38:15,TA401C6300,TA401C6300,75.5,3.0,222.0,-3.0,6,73.0,76.5,3,77.0,77.0,77.0,68.5,19.0,1406.0,843
2023-05-11 13:38:16,TA401C6300,TA401C6300,75.5,0.0,0.0,0.0,3,73.5,76.0,3,77.0,77.0,77.0,68.5,19.0,1406.0,843
2023-05-11 13:38:19,TA401C6300,TA401C6300,75.5,0.0,0.0,0.0,6,73.5,76.0,6,77.0,77.0,77.0,68.5,19.0,1406.0,843
2023-05-11 13:38:21,TA401C6300,TA401C6300,75.5,0.0,0.0,0.0,6,73.5,76.0,9,77.0,77.0,77.0,68.5,19.0,1406.0,843
2023-05-11 13:38:24,TA401C6300,TA401C6300,76.0,6.0,456.5,3.0,18,73.0,76.0,3,77.0,77.0,77.0,68.5,25.0,1862.5,846
2023-05-11 13:38:25,TA401C6300,TA401C6300,76.0,0.0,0.0,0.0,15,73.0,76.0,3,77.0,77.0,77.0,68.5,25.0,1862.5,846
2023-05-11 13:38:26,TA401C6300,TA401C6300,76.0,0.0,0.0,0.0,12,73.0,76.0,3,77.0,77.0,77.0,68.5,25.0,1862.5,846
2023-05-11 13:38:27,TA401C6300,TA401C6300,76.0,0.0,0.0,0.0,15,73.0,76.0,3,77.0,77.0,77.0,68.5,25.0,1862.5,846
2023-05-11 13:38:30,TA401C6300,TA401C6300,76.0,0.0,0.0,0.0,18,73.0,76.0,6,77.0,77.0,77.0,68.5,25.0,1862.5,846
2023-05-11 13:38:33,TA401C6300,TA401C6300,76.0,0.0,0.0,0.0,15,73.0,76.0,6,77.0,77.0,77.0,68.5,25.0,1862.5,846
2023-05-11 13:38:33,TA401C6300,TA401C6300,76.0,0.0,0.0,0.0,12,73.0,76.0,3,77.0,77.0,77.0,68.5,25.0,1862.5,846
2023-05-11 13:38:34,TA401C6300,TA401C6300,76.0,0.0,0.0,0.0,9,73.0,76.0,3,77.0,77.0,77.0,68.5,25.0,1862.5,846
2023-05-11 13:38:35,TA401C6300,TA401C6300,76.0,0.0,0.0,0.0,6,73.0,76.0,3,77.0,77.0,77.0,68.5,25.0,1862.5,846
2023-05-11 13:38:38,TA401C6300,TA401C6300,76.0,0.0,0.0,0.0,3,73.0,76.0,3,77.0,77.0,77.0,68.5,25.0,1862.5,846
2023-05-11 13:38:40,TA401C6300,TA401C6300,76.0,0.0,0.0,0.0,3,70.5,78.5,3,77.0,77.0,77.0,68.5,25.0,1862.5,846
2023-05-11 13:38:43,TA401C6300,TA401C6300,76.0,0.0,0.0,0.0,1,69.0,81.0,1,77.0,77.0,77.0,68.5,25.0,1862.5,846
2023-05-11 13:39:51,TA401C6300,TA401C6300,76.0,0.0,0.0,0.0,3,73.5,81.0,1,77.0,77.0,77.0,68.5,25.0,1862.5,846
2023-05-11 13:39:52,TA401C6300,TA401C6300,76.0,0.0,0.0,0.0,6,73.5,81.0,4,77.0,77.0,77.0,68.5,25.0,1862.5,846
2023-05-11 13:39:53,TA401C6300,TA401C6300,76.0,3.0,223.5,0.0,6,73.5,77.0,3,77.0,77.0,77.0,68.5,28.0,2086.0,846
2023-05-11 13:39:54,TA401C6300,TA401C6300,76.0,0.0,0.0,0.0,3,74.0,76.5,3,77.0,77.0,77.0,68.5,28.0,2086.0,846
2023-05-11 13:40:00,TA401C6300,TA401C6300,76.0,0.0,0.0,0.0,3,74.0,76.5,6,77.0,77.0,77.0,68.5,28.0,2086.0,846
2023-05-11 13:40:01,TA401C6300,TA401C6300,76.0,0.0,0.0,0.0,6,74.0,76.5,6,77.0,77.0,77.0,68.5,28.0,2086.0,846
2023-05-11 13:40:02,TA401C6300,TA401C6300,76.5,6.0,464.0,0.0,1,76.5,77.0,9,77.0,77.0,77.0,68.5,34.0,2550.0,846
2023-05-11 13:40:02,TA401C6300,TA401C6300,76.5,1.0,75.0,0.0,3,74.0,77.0,9,77.0,77.0,77.0,68.5,35.0,2625.0,846
2023-05-11 13:40:05,TA401C6300,TA401C6300,76.5,0.0,0.0,0.0,6,74.0,77.0,9,77.0,77.0,77.0,68.5,35.0,2625.0,846
2023-05-11 13:40:05,TA401C6300,TA401C6300,76.5,0.0,0.0,0.0,6,74.0,77.0,6,77.0,77.0,77.0,68.5,35.0,2625.0,846
2023-05-11 13:40:06,TA401C6300,TA401C6300,76.5,0.0,0.0,0.0,3,74.0,77.0,6,77.0,77.0,77.0,68.5,35.0,2625.0,846
2023-05-11 13:40:07,TA401C6300,TA401C6300,76.5,0.0,0.0,0.0,3,74.0,77.0,9,77.0,77.0,77.0,68.5,35.0,2625.0,846
2023-05-11 13:40:07,TA401C6300,TA401C6300,76.5,0.0,0.0,0.0,6,74.0,77.0,9,77.0,77.0,77.0,68.5,35.0,2625.0,846
2023-05-11 13:40:08,TA401C6300,TA401C6300,76.5,0.0,0.0,0.0,6,74.0,77.0,12,77.0,77.0,77.0,68.5,35.0,2625.0,846
2023-05-11 13:40:10,TA401C6300,TA401C6300,76.5,0.0,0.0,0.0,6,74.0,77.0,9,77.0,77.0,77.0,68.5,35.0,2625.0,846
2023-05-11 13:40:10,TA401C6300,TA401C6300,76.5,0.0,0.0,0.0,6,74.0,77.0,6,77.0,77.0,77.0,68.5,35.0,2625.0,846
2023-05-11 13:40:13,TA401C6300,TA401C6300,76.5,0.0,0.0,0.0,3,74.0,77.0,6,77.0,77.0,77.0,68.5,35.0,2625.0,846
2023-05-11 13:40:17,TA401C6300,TA401C6300,76.5,0.0,0.0,0.0,3,73.5,77.0,6,77.0,77.0,77.0,68.5,35.0,2625.0,846
2023-05-11 13:40:18,TA401C6300,TA401C6300,76.5,0.0,0.0,0.0,3,73.5,77.0,3,77.0,77.0,77.0,68.5,35.0,2625.0,846
2023-05-11 13:40:18,TA401C6300,TA401C6300,76.5,0.0,0.0,0.0,3,71.5,79.5,3,77.0,77.0,77.0,68.5,35.0,2625.0,846
2023-05-11 13:40:21,TA401C6300,TA401C6300,76.5,0.0,0.0,0.0,1,69.0,81.0,1,77.0,77.0,77.0,68.5,35.0,2625.0,846
2023-05-11 13:40:29,TA401C6300,TA401C6300,76.5,0.0,0.0,0.0,1,70.0,81.0,1,77.0,77.0,77.0,68.5,35.0,2625.0,846
2023-05-11 13:40:46,TA401C6300,TA401C6300,76.5,0.0,0.0,0.0,1,69.0,81.0,1,77.0,77.0,77.0,68.5,35.0,2625.0,846
2023-05-11 13:41:06,TA401C6300,TA401C6300,76.5,0.0,0.0,0.0,3,74.0,81.0,1,77.0,77.0,77.0,68.5,35.0,2625.0,846
2023-05-11 13:41:07,TA401C6300,TA401C6300,76.5,0.0,0.0,0.0,3,74.0,81.0,4,77.0,77.0,77.0,68.5,35.0,2625.0,846
2023-05-11 13:41:08,TA401C6300,TA401C6300,76.5,0.0,0.0,0.0,3,76.5,77.5,3,77.0,77.0,77.0,68.5,35.0,2625.0,846
2023-05-11 13:41:08,TA401C6300,TA401C6300,76.5,3.0,225.0,0.0,3,74.0,77.5,6,77.0,77.0,77.0,68.5,38.0,2850.0,846
2023-05-11 13:41:10,TA401C6300,TA401C6300,76.5,0.0,0.0,0.0,3,74.5,77.0,3,77.0,77.0,77.0,68.5,38.0,2850.0,846
2023-05-11 13:41:14,TA401C6300,TA401C6300,76.5,0.0,0.0,0.0,3,74.5,77.0,6,77.0,77.0,77.0,68.5,38.0,2850.0,846
2023-05-11 13:41:16,TA401C6300,TA401C6300,76.5,0.0,0.0,0.0,6,74.5,77.0,6,77.0,77.0,77.0,68.5,38.0,2850.0,846
2023-05-11 13:41:17,TA401C6300,TA401C6300,77.0,6.0,472.0,0.0,1,77.0,77.5,12,77.0,77.0,77.0,68.5,44.0,3322.0,846
2023-05-11 13:41:17,TA401C6300,TA401C6300,77.0,1.0,75.5,0.0,3,74.5,77.5,12,77.0,77.0,77.0,68.5,45.0,3397.5,846
2023-05-11 13:41:20,TA401C6300,TA401C6300,77.0,0.0,0.0,0.0,3,74.5,77.5,9,77.0,77.0,77.0,68.5,45.0,3397.5,846
2023-05-11 13:41:20,TA401C6300,TA401C6300,77.0,0.0,0.0,0.0,6,74.5,77.5,6,77.0,77.0,77.0,68.5,45.0,3397.5,846
2023-05-11 13:41:23,TA401C6300,TA401C6300,77.0,0.0,0.0,0.0,9,74.5,77.5,9,77.0,77.0,77.0,68.5,45.0,3397.5,846
2023-05-11 13:41:25,TA401C6300,TA401C6300,77.0,0.0,0.0,0.0,9,74.5,77.5,6,77.0,77.0,77.0,68.5,45.0,3397.5,846
2023-05-11 13:41:25,TA401C6300,TA401C6300,77.0,0.0,0.0,0.0,9,74.5,77.5,3,77.0,77.0,77.0,68.5,45.0,3397.5,846
2023-05-11 13:41:28,TA401C6300,TA401C6300,77.0,0.0,0.0,0.0,6,74.5,77.5,3,77.0,77.0,77.0,68.5,45.0,3397.5,846
2023-05-11 13:41:32,TA401C6300,TA401C6300,77.0,0.0,0.0,0.0,3,74.5,77.5,3,77.0,77.0,77.0,68.5,45.0,3397.5,846
2023-05-11 13:41:34,TA401C6300,TA401C6300,77.0,0.0,0.0,0.0,3,72.0,80.0,3,77.0,77.0,77.0,68.5,45.0,3397.5,846
2023-05-11 13:41:36,TA401C6300,TA401C6300,77.0,0.0,0.0,0.0,1,69.5,81.0,1,77.0,77.0,77.0,68.5,45.0,3397.5,846
2023-05-11 13:42:08,TA401C6300,TA401C6300,77.0,0.0,0.0,0.0,1,69.0,81.0,1,77.0,77.0,77.0,68.5,45.0,3397.5,846
2023-05-11 13:42:45,TA401C6300,TA401C6300,77.0,0.0,0.0,0.0,3,74.5,81.0,1,77.0,77.0,77.0,68.5,45.0,3397.5,846
2023-05-11 13:42:46,TA401C6300,TA401C6300,77.0,0.0,0.0,0.0,3,74.5,81.0,4,77.0,77.0,77.0,68.5,45.0,3397.5,846
2023-05-11 13:42:47,TA401C6300,TA401C6300,77.0,0.0,0.0,0.0,3,77.5,78.5,3,77.0,77.0,77.0,68.5,45.0,3397.5,846
2023-05-11 13:42:47,TA401C6300,TA401C6300,77.5,3.0,226.5,3.0,3,74.5,78.5,3,77.0,77.0,77.5,68.5,48.0,3624.0,849
2023-05-11 13:42:48,TA401C6300,TA401C6300,77.5,0.0,0.0,0.0,3,75.0,78.0,3,77.0,77.0,77.5,68.5,48.0,3624.0,849
2023-05-11 13:42:53,TA401C6300,TA401C6300,77.5,0.0,0.0,0.0,6,75.0,78.0,6,77.0,77.0,77.5,68.5,48.0,3624.0,849
2023-05-11 13:42:55,TA401C6300,TA401C6300,77.5,0.0,0.0,0.0,3,75.5,78.0,3,77.0,77.0,77.5,68.5,48.0,3624.0,849
2023-05-11 13:42:55,TA401C6300,TA401C6300,77.5,0.0,0.0,0.0,3,76.0,78.0,6,77.0,77.0,77.5,68.5,48.0,3624.0,849
2023-05-11 13:42:56,TA401C6300,TA401C6300,77.5,0.0,0.0,0.0,6,76.0,78.0,6,77.0,77.0,77.5,68.5,48.0,3624.0,849
2023-05-11 13:42:56,TA401C6300,TA401C6300,78.0,6.0,480.0,3.0,3,78.0,78.5,12,77.0,77.0,78.0,68.5,54.0,4104.0,852
2023-05-11 13:42:57,TA401C6300,TA401C6300,78.0,3.0,228.0,0.0,3,76.0,78.5,12,77.0,77.0,78.0,68.5,57.0,4332.0,852
2023-05-11 13:42:59,TA401C6300,TA401C6300,78.0,0.0,0.0,0.0,6,76.0,78.5,9,77.0,77.0,78.0,68.5,57.0,4332.0,852
2023-05-11 13:43:02,TA401C6300,TA401C6300,78.0,0.0,0.0,0.0,6,76.0,78.5,12,77.0,77.0,78.0,68.5,57.0,4332.0,852
2023-05-11 13:43:04,TA401C6300,TA401C6300,78.0,0.0,0.0,0.0,6,76.0,78.5,9,77.0,77.0,78.0,68.5,57.0,4332.0,852
2023-05-11 13:43:04,TA401C6300,TA401C6300,78.0,0.0,0.0,0.0,3,76.5,78.5,9,77.0,77.0,78.0,68.5,57.0,4332.0,852
2023-05-11 13:43:04,TA401C6300,TA401C6300,78.0,0.0,0.0,0.0,3,76.5,78.5,6,77.0,77.0,78.0,68.5,57.0,4332.0,852
2023-05-11 13:43:06,TA401C6300,TA401C6300,78.0,0.0,0.0,0.0,3,76.5,78.5,3,77.0,77.0,78.0,68.5,57.0,4332.0,852
2023-05-11 13:43:07,TA401C6300,TA401C6300,78.0,0.0,0.0,0.0,3,76.0,78.5,3,77.0,77.0,78.0,68.5,57.0,4332.0,852
2023-05-11 13:43:10,TA401C6300,TA401C6300,78.0,0.0,0.0,0.0,3,75.5,78.5,3,77.0,77.0,78.0,68.5,57.0,4332.0,852
2023-05-11 13:43:12,TA401C6300,TA401C6300,78.0,0.0,0.0,0.0,3,73.0,81.0,1,77.0,77.0,78.0,68.5,57.0,4332.0,852
2023-05-11 13:43:14,TA401C6300,TA401C6300,78.0,0.0,0.0,0.0,1,71.0,81.0,1,77.0,77.0,78.0,68.5,57.0,4332.0,852
2023-05-11 13:44:11,TA401C6300,TA401C6300,78.0,0.0,0.0,0.0,10,75.5,79.0,10,77.0,77.0,78.0,68.5,57.0,4332.0,852
2023-05-11 13:44:18,TA401C6300,TA401C6300,78.0,0.0,0.0,0.0,10,76.0,79.0,10,77.0,77.0,78.0,68.5,57.0,4332.0,852
2023-05-11 13:44:25,TA401C6300,TA401C6300,78.0,0.0,0.0,0.0,10,76.0,78.5,10,77.0,77.0,78.0,68.5,57.0,4332.0,852
2023-05-11 13:44:28,TA401C6300,TA401C6300,78.0,0.0,0.0,0.0,10,75.5,78.5,10,77.0,77.0,78.0,68.5,57.0,4332.0,852
2023-05-11 13:45:01,TA401C6300,TA401C6300,78.0,0.0,0.0,0.0,10,75.5,78.0,10,77.0,77.0,78.0,68.5,57.0,4332.0,852
2023-05-11 13:45:06,TA401C6300,TA401C6300,78.0,1.0,76.0,0.0,10,75.5,78.0,9,77.0,77.0,78.0,68.5,58.0,4408.0,852
2023-05-11 13:45:10,TA401C6300,TA401C6300,78.0,1.0,76.0,0.0,10,75.5,78.0,8,77.0,77.0,78.0,68.5,59.0,4484.0,852
2023-05-11 13:45:24,TA401C6300,TA401C6300,78.0,0.0,0.0,0.0,10,76.0,78.0,8,77.0,77.0,78.0,68.5,59.0,4484.0,852
2023-05-11 13:45:34,TA401C6300,TA401C6300,78.0,0.0,0.0,0.0,10,76.0,78.5,10,77.0,77.0,78.0,68.5,59.0,4484.0,852
2023-05-11 13:45:36,TA401C6300,TA401C6300,78.0,0.0,0.0,0.0,10,76.5,78.5,10,77.0,77.0,78.0,68.5,59.0,4484.0,852
2023-05-11 13:45:53,TA401C6300,TA401C6300,78.0,0.0,0.0,0.0,10,76.5,80.0,10,77.0,77.0,78.0,68.5,59.0,4484.0,852
2023-05-11 13:46:07,TA401C6300,TA401C6300,78.0,0.0,0.0,0.0,10,77.0,80.0,10,77.0,77.0,78.0,68.5,59.0,4484.0,852
2023-05-11 13:46:16,TA401C6300,TA401C6300,78.0,0.0,0.0,0.0,10,77.0,79.5,10,77.0,77.0,78.0,68.5,59.0,4484.0,852
2023-05-11 13:50:14,TA401C6300,TA401C6300,78.0,0.0,0.0,0.0,10,76.5,79.5,10,77.0,77.0,78.0,68.5,59.0,4484.0,852
2023-05-11 13:50:17,TA401C6300,TA401C6300,78.0,0.0,0.0,0.0,10,76.5,79.0,10,77.0,77.0,78.0,68.5,59.0,4484.0,852
2023-05-11 13:51:24,TA401C6300,TA401C6300,78.0,0.0,0.0,0.0,10,77.0,79.0,10,77.0,77.0,78.0,68.5,59.0,4484.0,852
2023-05-11 13:51:35,TA401C6300,TA401C6300,78.0,0.0,0.0,0.0,10,77.0,79.5,10,77.0,77.0,78.0,68.5,59.0,4484.0,852
2023-05-11 13:52:07,TA401C6300,TA401C6300,78.0,0.0,0.0,0.0,10,76.5,79.5,10,77.0,77.0,78.0,68.5,59.0,4484.0,852
2023-05-11 13:52:09,TA401C6300,TA401C6300,78.0,0.0,0.0,0.0,1,75.0,79.5,10,77.0,77.0,78.0,68.5,59.0,4484.0,852
2023-05-11 13:52:10,TA401C6300,TA401C6300,78.0,0.0,0.0,0.0,10,75.5,79.0,10,77.0,77.0,78.0,68.5,59.0,4484.0,852
2023-05-11 13:52:28,TA401C6300,TA401C6300,78.0,0.0,0.0,0.0,10,75.5,78.5,10,77.0,77.0,78.0,68.5,59.0,4484.0,852
2023-05-11 13:52:52,TA401C6300,TA401C6300,78.0,0.0,0.0,0.0,5,75.5,79.0,5,77.0,77.0,78.0,68.5,59.0,4484.0,852
2023-05-11 13:53:06,TA401C6300,TA401C6300,78.0,0.0,0.0,0.0,5,75.5,78.5,5,77.0,77.0,78.0,68.5,59.0,4484.0,852
2023-05-11 13:53:35,TA401C6300,TA401C6300,78.0,0.0,0.0,0.0,5,76.0,78.5,5,77.0,77.0,78.0,68.5,59.0,4484.0,852
2023-05-11 13:54:01,TA401C6300,TA401C6300,78.0,0.0,0.0,0.0,5,76.5,78.5,5,77.0,77.0,78.0,68.5,59.0,4484.0,852
2023-05-11 13:54:11,TA401C6300,TA401C6300,78.0,0.0,0.0,0.0,5,76.5,79.0,5,77.0,77.0,78.0,68.5,59.0,4484.0,852
2023-05-11 13:56:08,TA401C6300,TA401C6300,78.0,0.0,0.0,0.0,5,76.0,79.0,5,77.0,77.0,78.0,68.5,59.0,4484.0,852
2023-05-11 13:56:46,TA401C6300,TA401C6300,78.0,0.0,0.0,0.0,5,76.0,78.5,5,77.0,77.0,78.0,68.5,59.0,4484.0,852
2023-05-11 14:00:25,TA401C6300,TA401C6300,78.0,0.0,0.0,0.0,5,75.0,78.5,5,77.0,77.0,78.0,68.5,59.0,4484.0,852
2023-05-11 14:00:28,TA401C6300,TA401C6300,78.0,0.0,0.0,0.0,5,75.0,78.0,5,77.0,77.0,78.0,68.5,59.0,4484.0,852
2023-05-11 14:01:21,TA401C6300,TA401C6300,78.0,0.0,0.0,0.0,5,75.5,78.0,5,77.0,77.0,78.0,68.5,59.0,4484.0,852
2023-05-11 14:01:53,TA401C6300,TA401C6300,78.0,0.0,0.0,0.0,5,76.0,78.0,5,77.0,77.0,78.0,68.5,59.0,4484.0,852
2023-05-11 14:02:15,TA401C6300,TA401C6300,78.0,0.0,0.0,0.0,5,75.5,78.0,5,77.0,77.0,78.0,68.5,59.0,4484.0,852
2023-05-11 14:02:54,TA401C6300,TA401C6300,78.0,0.0,0.0,0.0,5,74.5,78.0,5,77.0,77.0,78.0,68.5,59.0,4484.0,852
2023-05-11 14:03:02,TA401C6300,TA401C6300,78.0,0.0,0.0,0.0,5,74.5,77.5,5,77.0,77.0,78.0,68.5,59.0,4484.0,852
2023-05-11 14:04:32,TA401C6300,TA401C6300,78.0,0.0,0.0,0.0,5,75.0,77.5,5,77.0,77.0,78.0,68.5,59.0,4484.0,852
2023-05-11 14:06:36,TA401C6300,TA401C6300,78.0,0.0,0.0,0.0,5,75.5,77.5,5,77.0,77.0,78.0,68.5,59.0,4484.0,852
2023-05-11 14:08:11,TA401C6300,TA401C6300,78.0,0.0,0.0,0.0,5,75.0,77.5,5,77.0,77.0,78.0,68.5,59.0,4484.0,852
2023-05-11 14:12:23,TA401C6300,TA401C6300,77.5,2.0,152.0,-2.0,5,75.0,77.5,3,77.0,77.0,78.0,68.5,61.0,4636.0,850
2023-05-11 14:14:59,TA401C6300,TA401C6300,77.5,0.0,0.0,0.0,5,75.5,77.5,3,77.0,77.0,78.0,68.5,61.0,4636.0,850
2023-05-11 14:15:50,TA401C6300,TA401C6300,77.5,0.0,0.0,0.0,5,75.5,78.0,5,77.0,77.0,78.0,68.5,61.0,4636.0,850
2023-05-11 14:20:05,TA401C6300,TA401C6300,77.5,0.0,0.0,0.0,5,76.0,78.0,5,77.0,77.0,78.0,68.5,61.0,4636.0,850
2023-05-11 14:20:54,TA401C6300,TA401C6300,77.5,0.0,0.0,0.0,5,76.0,99.5,1,77.0,77.0,78.0,68.5,61.0,4636.0,850
2023-05-11 14:20:55,TA401C6300,TA401C6300,77.5,0.0,0.0,0.0,5,76.0,99.0,1,77.0,77.0,78.0,68.5,61.0,4636.0,850
2023-05-11 14:20:56,TA401C6300,TA401C6300,77.5,0.0,0.0,0.0,5,76.0,79.5,5,77.0,77.0,78.0,68.5,61.0,4636.0,850
2023-05-11 14:21:21,TA401C6300,TA401C6300,77.5,0.0,0.0,0.0,5,76.0,79.0,5,77.0,77.0,78.0,68.5,61.0,4636.0,850
2023-05-11 14:21:26,TA401C6300,TA401C6300,77.5,0.0,0.0,0.0,5,76.0,78.5,5,77.0,77.0,78.0,68.5,61.0,4636.0,850
2023-05-11 14:21:28,TA401C6300,TA401C6300,77.5,0.0,0.0,0.0,5,75.5,78.5,5,77.0,77.0,78.0,68.5,61.0,4636.0,850
2023-05-11 14:21:38,TA401C6300,TA401C6300,77.5,0.0,0.0,0.0,5,75.5,78.0,5,77.0,77.0,78.0,68.5,61.0,4636.0,850
2023-05-11 14:21:45,TA401C6300,TA401C6300,77.5,0.0,0.0,0.0,5,74.5,78.0,5,77.0,77.0,78.0,68.5,61.0,4636.0,850
2023-05-11 14:21:55,TA401C6300,TA401C6300,77.5,0.0,0.0,0.0,5,74.5,77.5,5,77.0,77.0,78.0,68.5,61.0,4636.0,850
2023-05-11 14:22:34,TA401C6300,TA401C6300,77.5,0.0,0.0,0.0,5,74.5,77.0,5,77.0,77.0,78.0,68.5,61.0,4636.0,850
2023-05-11 14:22:48,TA401C6300,TA401C6300,77.5,0.0,0.0,0.0,5,73.5,77.0,5,77.0,77.0,78.0,68.5,61.0,4636.0,850
2023-05-11 14:23:00,TA401C6300,TA401C6300,77.5,0.0,0.0,0.0,5,73.5,76.5,5,77.0,77.0,78.0,68.5,61.0,4636.0,850
2023-05-11 14:27:16,TA401C6300,TA401C6300,76.5,1.0,76.0,-1.0,5,73.5,76.5,4,77.0,77.0,78.0,68.5,62.0,4712.0,849
2023-05-11 14:29:35,TA401C6300,TA401C6300,76.5,0.0,0.0,0.0,5,74.0,76.5,4,77.0,77.0,78.0,68.5,62.0,4712.0,849
2023-05-11 14:30:36,TA401C6300,TA401C6300,76.5,0.0,0.0,0.0,5,73.5,76.5,4,77.0,77.0,78.0,68.5,62.0,4712.0,849
2023-05-11 14:31:41,TA401C6300,TA401C6300,76.5,0.0,0.0,0.0,5,73.5,76.0,5,77.0,77.0,78.0,68.5,62.0,4712.0,849
2023-05-11 14:32:11,TA401C6300,TA401C6300,76.5,0.0,0.0,0.0,5,72.5,76.0,5,77.0,77.0,78.0,68.5,62.0,4712.0,849
2023-05-11 14:32:16,TA401C6300,TA401C6300,76.5,0.0,0.0,0.0,5,73.0,76.0,5,77.0,77.0,78.0,68.5,62.0,4712.0,849
2023-05-11 14:33:10,TA401C6300,TA401C6300,76.5,0.0,0.0,0.0,5,73.5,76.0,5,77.0,77.0,78.0,68.5,62.0,4712.0,849
2023-05-11 14:37:22,TA401C6300,TA401C6300,76.5,0.0,0.0,0.0,5,73.0,76.0,5,77.0,77.0,78.0,68.5,62.0,4712.0,849
2023-05-11 14:37:31,TA401C6300,TA401C6300,76.5,0.0,0.0,0.0,5,73.0,75.5,5,77.0,77.0,78.0,68.5,62.0,4712.0,849
2023-05-11 14:37:33,TA401C6300,TA401C6300,76.5,0.0,0.0,0.0,5,72.0,75.5,5,77.0,77.0,78.0,68.5,62.0,4712.0,849
2023-05-11 14:37:44,TA401C6300,TA401C6300,76.5,0.0,0.0,0.0,5,72.5,75.5,5,77.0,77.0,78.0,68.5,62.0,4712.0,849
2023-05-11 14:37:57,TA401C6300,TA401C6300,76.5,0.0,0.0,0.0,5,73.0,75.5,5,77.0,77.0,78.0,68.5,62.0,4712.0,849
2023-05-11 14:38:54,TA401C6300,TA401C6300,76.5,0.0,0.0,0.0,5,72.5,75.5,5,77.0,77.0,78.0,68.5,62.0,4712.0,849
2023-05-11 14:39:02,TA401C6300,TA401C6300,76.5,0.0,0.0,0.0,5,72.5,75.0,5,77.0,77.0,78.0,68.5,62.0,4712.0,849
2023-05-11 14:39:25,TA401C6300,TA401C6300,76.5,0.0,0.0,0.0,1,69.0,75.0,5,77.0,77.0,78.0,68.5,62.0,4712.0,849
2023-05-11 14:39:26,TA401C6300,TA401C6300,76.5,0.0,0.0,0.0,5,71.5,75.0,5,77.0,77.0,78.0,68.5,62.0,4712.0,849
2023-05-11 14:39:41,TA401C6300,TA401C6300,76.5,0.0,0.0,0.0,5,72.0,75.0,5,77.0,77.0,78.0,68.5,62.0,4712.0,849
2023-05-11 14:40:34,TA401C6300,TA401C6300,76.5,0.0,0.0,0.0,5,72.0,74.5,5,77.0,77.0,78.0,68.5,62.0,4712.0,849
2023-05-11 14:45:18,TA401C6300,TA401C6300,72.0,2.0,152.0,2.0,3,72.0,74.5,5,77.0,77.0,78.0,68.5,64.0,4864.0,851
2023-05-11 14:45:27,TA401C6300,TA401C6300,72.0,0.0,0.0,0.0,5,72.5,74.5,5,77.0,77.0,78.0,68.5,64.0,4864.0,851
2023-05-11 14:46:01,TA401C6300,TA401C6300,72.0,0.0,0.0,0.0,3,72.0,74.5,5,77.0,77.0,78.0,68.5,64.0,4864.0,851
2023-05-11 14:47:05,TA401C6300,TA401C6300,72.0,0.0,0.0,0.0,5,72.5,74.5,5,77.0,77.0,78.0,68.5,64.0,4864.0,851
2023-05-11 14:47:51,TA401C6300,TA401C6300,72.0,0.0,0.0,0.0,3,72.0,74.5,5,77.0,77.0,78.0,68.5,64.0,4864.0,851
2023-05-11 14:48:16,TA401C6300,TA401C6300,72.0,1.0,76.0,1.0,25,72.0,74.5,5,77.0,77.0,78.0,68.5,65.0,4940.0,852
2023-05-11 14:48:38,TA401C6300,TA401C6300,72.0,0.0,0.0,0.0,5,72.5,74.5,5,77.0,77.0,78.0,68.5,65.0,4940.0,852
2023-05-11 14:48:50,TA401C6300,TA401C6300,72.0,0.0,0.0,0.0,5,72.5,75.0,5,77.0,77.0,78.0,68.5,65.0,4940.0,852
2023-05-11 14:48:51,TA401C6300,TA401C6300,72.0,0.0,0.0,0.0,5,73.0,75.0,5,77.0,77.0,78.0,68.5,65.0,4940.0,852
2023-05-11 14:49:20,TA401C6300,TA401C6300,72.0,0.0,0.0,0.0,5,72.5,75.0,5,77.0,77.0,78.0,68.5,65.0,4940.0,852
2023-05-11 14:49:45,TA401C6300,TA401C6300,72.0,0.0,0.0,0.0,23,72.0,75.0,5,77.0,77.0,78.0,68.5,65.0,4940.0,852
2023-05-11 14:49:57,TA401C6300,TA401C6300,72.0,0.0,0.0,0.0,23,72.0,74.5,5,77.0,77.0,78.0,68.5,65.0,4940.0,852
2023-05-11 14:49:58,TA401C6300,TA401C6300,72.0,0.0,0.0,0.0,5,71.5,74.5,5,77.0,77.0,78.0,68.5,65.0,4940.0,852
2023-05-11 14:58:09,TA401C6300,TA401C6300,72.0,0.0,0.0,0.0,5,70.5,74.5,5,77.0,77.0,78.0,68.5,65.0,4940.0,852
2023-05-11 14:58:12,TA401C6300,TA401C6300,72.0,0.0,0.0,0.0,5,71.0,74.5,5,77.0,77.0,78.0,68.5,65.0,4940.0,852
2023-05-11 14:58:18,TA401C6300,TA401C6300,72.0,0.0,0.0,0.0,5,71.0,74.0,5,77.0,77.0,78.0,68.5,65.0,4940.0,852
2023-05-11 14:58:28,TA401C6300,TA401C6300,72.0,0.0,0.0,0.0,5,70.5,73.5,5,77.0,77.0,78.0,68.5,65.0,4940.0,852
2023-05-11 14:58:40,TA401C6300,TA401C6300,72.0,0.0,0.0,0.0,1,69.0,73.5,5,77.0,77.0,78.0,68.5,65.0,4940.0,852
2023-05-11 14:58:41,TA401C6300,TA401C6300,72.0,0.0,0.0,0.0,5,69.5,73.0,5,77.0,77.0,78.0,68.5,65.0,4940.0,852
2023-05-11 14:58:42,TA401C6300,TA401C6300,72.0,0.0,0.0,0.0,5,70.0,73.0,5,77.0,77.0,78.0,68.5,65.0,4940.0,852
2023-05-11 14:58:57,TA401C6300,TA401C6300,72.0,0.0,0.0,0.0,1,69.0,90.5,1,77.0,77.0,78.0,68.5,65.0,4940.0,852
2023-05-11 14:59:15,TA401C6300,TA401C6300,72.0,0.0,0.0,0.0,1,69.0,117.0,1,77.0,77.0,78.0,68.5,65.0,4940.0,852
2023-05-11 14:59:43,TA401C6300,TA401C6300,72.0,0.0,0.0,0.0,1,69.0,89.5,1,77.0,77.0,78.0,68.5,65.0,4940.0,852
2023-05-11 14:59:43,TA401C6300,TA401C6300,72.0,0.0,0.0,0.0,1,69.0,89.5,1,77.0,77.0,78.0,68.5,65.0,4940.0,852
2023-05-11 14:59:43,TA401C6300,TA401C6300,72.0,0.0,0.0,0.0,1,69.0,89.5,1,77.0,77.0,78.0,68.5,65.0,4940.0,852
2023-05-11 14:59:43,TA401C6300,TA401C6300,72.0,0.0,0.0,0.0,1,69.0,89.5,1,77.0,77.0,78.0,68.5,65.0,4940.0,852
