time,symbol_id,symbol_name,last,trade_volume,trade_amount,open_interest_change,bv1,bp1,ap1,av1,yesterday_close,today_open,today_high,today_low,volume,amount,open_interest
2023-05-10 19:12:58,TA401P5300,TA401P5300,391.5,0.0,0.0,-12.0,0,0.0,0.0,0,391.5,392.5,0.0,0.0,0.0,0.0,206
2023-05-10 21:00:00,TA401P5300,TA401P5300,391.5,0.0,0.0,0.0,1,300.0,484.5,1,391.5,392.5,0.0,0.0,0.0,0.0,206
2023-05-10 21:00:02,TA401P5300,TA401P5300,391.5,0.0,0.0,0.0,1,327.5,484.5,1,391.5,392.5,0.0,0.0,0.0,0.0,206
2023-05-10 21:01:08,TA401P5300,TA401P5300,391.5,0.0,0.0,0.0,5,370.0,484.5,1,391.5,392.5,0.0,0.0,0.0,0.0,206
2023-05-10 21:01:10,TA401P5300,TA401P5300,391.5,0.0,0.0,0.0,5,370.0,377.0,5,391.5,392.5,0.0,0.0,0.0,0.0,206
2023-05-10 21:01:18,TA401P5300,TA401P5300,391.5,0.0,0.0,0.0,5,370.0,375.0,5,391.5,392.5,0.0,0.0,0.0,0.0,206
2023-05-10 21:01:26,TA401P5300,TA401P5300,391.5,0.0,0.0,0.0,5,370.0,377.0,5,391.5,392.5,0.0,0.0,0.0,0.0,206
2023-05-10 21:01:33,TA401P5300,TA401P5300,391.5,0.0,0.0,0.0,5,370.0,374.0,10,391.5,392.5,0.0,0.0,0.0,0.0,206
2023-05-10 21:01:33,TA401P5300,TA401P5300,391.5,0.0,0.0,0.0,5,370.0,377.0,5,391.5,392.5,0.0,0.0,0.0,0.0,206
2023-05-10 21:02:00,TA401P5300,TA401P5300,391.5,0.0,0.0,0.0,5,372.0,377.0,5,391.5,392.5,0.0,0.0,0.0,0.0,206
2023-05-10 21:02:06,TA401P5300,TA401P5300,391.5,0.0,0.0,0.0,5,372.0,484.5,1,391.5,392.5,0.0,0.0,0.0,0.0,206
2023-05-10 21:02:07,TA401P5300,TA401P5300,391.5,0.0,0.0,0.0,5,372.0,380.0,5,391.5,392.5,0.0,0.0,0.0,0.0,206
2023-05-10 21:02:17,TA401P5300,TA401P5300,391.5,0.0,0.0,0.0,5,374.0,380.0,5,391.5,392.5,0.0,0.0,0.0,0.0,206
2023-05-10 21:02:53,TA401P5300,TA401P5300,391.5,0.0,0.0,0.0,5,375.5,383.0,5,391.5,392.5,0.0,0.0,0.0,0.0,206
2023-05-10 21:03:59,TA401P5300,TA401P5300,391.5,0.0,0.0,0.0,5,377.0,383.0,5,391.5,392.5,0.0,0.0,0.0,0.0,206
2023-05-10 21:05:02,TA401P5300,TA401P5300,391.5,0.0,0.0,0.0,5,377.0,381.5,5,391.5,392.5,0.0,0.0,0.0,0.0,206
2023-05-10 21:05:03,TA401P5300,TA401P5300,391.5,0.0,0.0,0.0,5,375.5,381.5,5,391.5,392.5,0.0,0.0,0.0,0.0,206
2023-05-10 21:05:58,TA401P5300,TA401P5300,391.5,0.0,0.0,0.0,5,375.5,380.0,5,391.5,392.5,0.0,0.0,0.0,0.0,206
2023-05-10 21:06:00,TA401P5300,TA401P5300,391.5,0.0,0.0,0.0,5,373.5,380.0,5,391.5,392.5,0.0,0.0,0.0,0.0,206
2023-05-10 21:06:06,TA401P5300,TA401P5300,391.5,0.0,0.0,0.0,5,373.5,378.0,5,391.5,392.5,0.0,0.0,0.0,0.0,206
2023-05-10 21:07:24,TA401P5300,TA401P5300,391.5,0.0,0.0,0.0,5,373.5,380.0,5,391.5,392.5,0.0,0.0,0.0,0.0,206
2023-05-10 21:07:35,TA401P5300,TA401P5300,391.5,0.0,0.0,0.0,5,375.0,380.0,5,391.5,392.5,0.0,0.0,0.0,0.0,206
2023-05-10 21:08:50,TA401P5300,TA401P5300,391.5,0.0,0.0,0.0,5,376.5,380.0,5,391.5,392.5,0.0,0.0,0.0,0.0,206
2023-05-10 21:09:13,TA401P5300,TA401P5300,391.5,0.0,0.0,0.0,5,376.5,484.5,1,391.5,392.5,0.0,0.0,0.0,0.0,206
2023-05-10 21:09:14,TA401P5300,TA401P5300,391.5,0.0,0.0,0.0,5,376.5,382.0,5,391.5,392.5,0.0,0.0,0.0,0.0,206
2023-05-10 21:10:00,TA401P5300,TA401P5300,391.5,0.0,0.0,0.0,5,376.5,484.5,1,391.5,392.5,0.0,0.0,0.0,0.0,206
2023-05-10 21:10:05,TA401P5300,TA401P5300,391.5,0.0,0.0,0.0,5,376.5,385.0,5,391.5,392.5,0.0,0.0,0.0,0.0,206
2023-05-10 21:10:07,TA401P5300,TA401P5300,391.5,0.0,0.0,0.0,5,379.0,385.0,5,391.5,392.5,0.0,0.0,0.0,0.0,206
2023-05-10 21:10:42,TA401P5300,TA401P5300,391.5,0.0,0.0,0.0,5,380.5,385.0,5,391.5,392.5,0.0,0.0,0.0,0.0,206
2023-05-10 21:10:59,TA401P5300,TA401P5300,391.5,0.0,0.0,0.0,5,380.5,484.5,1,391.5,392.5,0.0,0.0,0.0,0.0,206
2023-05-10 21:11:00,TA401P5300,TA401P5300,391.5,0.0,0.0,0.0,5,380.5,387.0,5,391.5,392.5,0.0,0.0,0.0,0.0,206
2023-05-10 21:11:05,TA401P5300,TA401P5300,391.5,0.0,0.0,0.0,5,380.5,385.5,5,391.5,392.5,0.0,0.0,0.0,0.0,206
2023-05-10 21:11:18,TA401P5300,TA401P5300,391.5,0.0,0.0,0.0,5,382.0,385.5,5,391.5,392.5,0.0,0.0,0.0,0.0,206
2023-05-10 21:11:23,TA401P5300,TA401P5300,391.5,0.0,0.0,0.0,5,380.5,385.5,5,391.5,392.5,0.0,0.0,0.0,0.0,206
2023-05-10 21:11:29,TA401P5300,TA401P5300,391.5,0.0,0.0,0.0,1,327.5,384.0,5,391.5,392.5,0.0,0.0,0.0,0.0,206
2023-05-10 21:11:30,TA401P5300,TA401P5300,391.5,0.0,0.0,0.0,5,378.5,384.0,5,391.5,392.5,0.0,0.0,0.0,0.0,206
2023-05-10 21:11:54,TA401P5300,TA401P5300,391.5,0.0,0.0,0.0,5,380.0,384.0,5,391.5,392.5,0.0,0.0,0.0,0.0,206
2023-05-10 21:12:02,TA401P5300,TA401P5300,391.5,0.0,0.0,0.0,5,380.0,385.5,5,391.5,392.5,0.0,0.0,0.0,0.0,206
2023-05-10 21:12:28,TA401P5300,TA401P5300,391.5,0.0,0.0,0.0,5,381.5,385.5,5,391.5,392.5,0.0,0.0,0.0,0.0,206
2023-05-10 21:12:46,TA401P5300,TA401P5300,391.5,0.0,0.0,0.0,5,381.5,484.5,1,391.5,392.5,0.0,0.0,0.0,0.0,206
2023-05-10 21:12:47,TA401P5300,TA401P5300,391.5,0.0,0.0,0.0,5,381.5,387.5,5,391.5,392.5,0.0,0.0,0.0,0.0,206
2023-05-10 21:13:14,TA401P5300,TA401P5300,391.5,0.0,0.0,0.0,5,381.5,386.0,5,391.5,392.5,0.0,0.0,0.0,0.0,206
2023-05-10 21:16:09,TA401P5300,TA401P5300,391.5,0.0,0.0,0.0,5,381.5,387.5,5,391.5,392.5,0.0,0.0,0.0,0.0,206
2023-05-10 21:16:10,TA401P5300,TA401P5300,391.5,0.0,0.0,0.0,5,383.0,387.5,5,391.5,392.5,0.0,0.0,0.0,0.0,206
2023-05-10 21:16:20,TA401P5300,TA401P5300,391.5,0.0,0.0,0.0,5,383.0,484.5,1,391.5,392.5,0.0,0.0,0.0,0.0,206
2023-05-10 21:16:22,TA401P5300,TA401P5300,391.5,0.0,0.0,0.0,5,384.0,484.5,1,391.5,392.5,0.0,0.0,0.0,0.0,206
2023-05-10 21:16:24,TA401P5300,TA401P5300,391.5,0.0,0.0,0.0,5,384.0,389.0,5,391.5,392.5,0.0,0.0,0.0,0.0,206
2023-05-10 21:16:29,TA401P5300,TA401P5300,391.5,0.0,0.0,0.0,5,385.5,389.0,5,391.5,392.5,0.0,0.0,0.0,0.0,206
2023-05-10 21:16:30,TA401P5300,TA401P5300,391.5,0.0,0.0,0.0,5,385.5,391.0,5,391.5,392.5,0.0,0.0,0.0,0.0,206
2023-05-10 21:16:42,TA401P5300,TA401P5300,391.5,0.0,0.0,0.0,5,385.5,390.0,5,391.5,392.5,0.0,0.0,0.0,0.0,206
2023-05-10 21:18:32,TA401P5300,TA401P5300,391.5,0.0,0.0,0.0,5,386.5,391.0,5,391.5,392.5,0.0,0.0,0.0,0.0,206
2023-05-10 21:19:01,TA401P5300,TA401P5300,391.5,0.0,0.0,0.0,5,387.5,393.0,5,391.5,392.5,0.0,0.0,0.0,0.0,206
2023-05-10 21:19:05,TA401P5300,TA401P5300,391.5,0.0,0.0,0.0,5,387.5,391.5,5,391.5,392.5,0.0,0.0,0.0,0.0,206
2023-05-10 21:19:08,TA401P5300,TA401P5300,391.5,0.0,0.0,0.0,5,386.5,391.5,5,391.5,392.5,0.0,0.0,0.0,0.0,206
2023-05-10 21:19:11,TA401P5300,TA401P5300,391.5,0.0,0.0,0.0,5,386.5,390.0,5,391.5,392.5,0.0,0.0,0.0,0.0,206
2023-05-10 21:19:16,TA401P5300,TA401P5300,391.5,0.0,0.0,0.0,5,384.5,390.0,5,391.5,392.5,0.0,0.0,0.0,0.0,206
2023-05-10 21:19:52,TA401P5300,TA401P5300,391.5,0.0,0.0,0.0,5,386.0,390.0,5,391.5,392.5,0.0,0.0,0.0,0.0,206
2023-05-10 21:20:24,TA401P5300,TA401P5300,391.5,0.0,0.0,0.0,1,327.5,390.0,5,391.5,392.5,0.0,0.0,0.0,0.0,206
2023-05-10 21:20:26,TA401P5300,TA401P5300,391.5,0.0,0.0,0.0,1,371.0,390.0,5,391.5,392.5,0.0,0.0,0.0,0.0,206
2023-05-10 21:20:26,TA401P5300,TA401P5300,391.5,0.0,0.0,0.0,5,383.0,390.0,5,391.5,392.5,0.0,0.0,0.0,0.0,206
2023-05-10 21:20:31,TA401P5300,TA401P5300,391.5,0.0,0.0,0.0,5,383.0,389.0,5,391.5,392.5,0.0,0.0,0.0,0.0,206
2023-05-10 21:20:56,TA401P5300,TA401P5300,391.5,0.0,0.0,0.0,5,384.5,389.0,5,391.5,392.5,0.0,0.0,0.0,0.0,206
2023-05-10 21:21:31,TA401P5300,TA401P5300,391.5,0.0,0.0,0.0,5,383.0,389.0,5,391.5,392.5,0.0,0.0,0.0,0.0,206
2023-05-10 21:21:33,TA401P5300,TA401P5300,391.5,0.0,0.0,0.0,5,383.0,388.0,5,391.5,392.5,0.0,0.0,0.0,0.0,206
2023-05-10 21:21:56,TA401P5300,TA401P5300,391.5,0.0,0.0,0.0,5,384.5,388.0,5,391.5,392.5,0.0,0.0,0.0,0.0,206
2023-05-10 21:22:00,TA401P5300,TA401P5300,391.5,0.0,0.0,0.0,5,384.5,389.0,5,391.5,392.5,0.0,0.0,0.0,0.0,206
2023-05-10 21:23:37,TA401P5300,TA401P5300,391.5,0.0,0.0,0.0,5,383.0,387.5,5,391.5,392.5,0.0,0.0,0.0,0.0,206
2023-05-10 21:25:46,TA401P5300,TA401P5300,391.5,0.0,0.0,0.0,5,384.5,389.0,5,391.5,392.5,0.0,0.0,0.0,0.0,206
2023-05-10 21:27:57,TA401P5300,TA401P5300,391.5,0.0,0.0,0.0,5,384.5,484.5,1,391.5,392.5,0.0,0.0,0.0,0.0,206
2023-05-10 21:27:58,TA401P5300,TA401P5300,391.5,0.0,0.0,0.0,5,384.5,391.0,5,391.5,392.5,0.0,0.0,0.0,0.0,206
2023-05-10 21:28:01,TA401P5300,TA401P5300,391.5,0.0,0.0,0.0,5,385.5,391.0,5,391.5,392.5,0.0,0.0,0.0,0.0,206
2023-05-10 21:28:14,TA401P5300,TA401P5300,391.5,0.0,0.0,0.0,5,385.5,390.0,5,391.5,392.5,0.0,0.0,0.0,0.0,206
2023-05-10 21:28:27,TA401P5300,TA401P5300,391.5,0.0,0.0,0.0,5,384.5,390.0,5,391.5,392.5,0.0,0.0,0.0,0.0,206
2023-05-10 21:28:28,TA401P5300,TA401P5300,391.5,0.0,0.0,0.0,5,384.5,389.0,5,391.5,392.5,0.0,0.0,0.0,0.0,206
2023-05-10 21:31:31,TA401P5300,TA401P5300,391.5,0.0,0.0,0.0,1,371.0,389.0,5,391.5,392.5,0.0,0.0,0.0,0.0,206
2023-05-10 21:31:32,TA401P5300,TA401P5300,391.5,0.0,0.0,0.0,5,382.5,389.0,5,391.5,392.5,0.0,0.0,0.0,0.0,206
2023-05-10 21:31:33,TA401P5300,TA401P5300,391.5,0.0,0.0,0.0,5,382.5,388.0,5,391.5,392.5,0.0,0.0,0.0,0.0,206
2023-05-10 21:31:48,TA401P5300,TA401P5300,391.5,0.0,0.0,0.0,5,383.5,388.0,5,391.5,392.5,0.0,0.0,0.0,0.0,206
2023-05-10 21:32:28,TA401P5300,TA401P5300,391.5,0.0,0.0,0.0,5,383.5,387.0,5,391.5,392.5,0.0,0.0,0.0,0.0,206
2023-05-10 21:32:50,TA401P5300,TA401P5300,391.5,0.0,0.0,0.0,5,383.5,388.0,5,391.5,392.5,0.0,0.0,0.0,0.0,206
2023-05-10 21:33:13,TA401P5300,TA401P5300,391.5,0.0,0.0,0.0,5,383.5,484.5,1,391.5,392.5,0.0,0.0,0.0,0.0,206
2023-05-10 21:33:15,TA401P5300,TA401P5300,391.5,0.0,0.0,0.0,5,383.5,390.0,5,391.5,392.5,0.0,0.0,0.0,0.0,206
2023-05-10 21:33:15,TA401P5300,TA401P5300,391.5,0.0,0.0,0.0,5,384.5,390.0,5,391.5,392.5,0.0,0.0,0.0,0.0,206
2023-05-10 21:35:06,TA401P5300,TA401P5300,391.5,0.0,0.0,0.0,5,384.5,388.5,5,391.5,392.5,0.0,0.0,0.0,0.0,206
2023-05-10 21:35:43,TA401P5300,TA401P5300,391.5,0.0,0.0,0.0,5,383.5,388.5,5,391.5,392.5,0.0,0.0,0.0,0.0,206
2023-05-10 21:36:11,TA401P5300,TA401P5300,391.5,0.0,0.0,0.0,5,385.0,388.5,5,391.5,392.5,0.0,0.0,0.0,0.0,206
2023-05-10 21:36:20,TA401P5300,TA401P5300,391.5,0.0,0.0,0.0,5,385.0,390.0,5,391.5,392.5,0.0,0.0,0.0,0.0,206
2023-05-10 21:37:10,TA401P5300,TA401P5300,391.5,0.0,0.0,0.0,5,385.0,389.0,5,391.5,392.5,0.0,0.0,0.0,0.0,206
2023-05-10 21:37:25,TA401P5300,TA401P5300,391.5,0.0,0.0,0.0,5,383.5,389.0,5,391.5,392.5,0.0,0.0,0.0,0.0,206
2023-05-10 21:37:27,TA401P5300,TA401P5300,391.5,0.0,0.0,0.0,5,383.5,387.5,5,391.5,392.5,0.0,0.0,0.0,0.0,206
2023-05-10 21:37:57,TA401P5300,TA401P5300,391.5,0.0,0.0,0.0,5,383.5,389.0,5,391.5,392.5,0.0,0.0,0.0,0.0,206
2023-05-10 21:37:59,TA401P5300,TA401P5300,391.5,0.0,0.0,0.0,5,384.5,389.0,5,391.5,392.5,0.0,0.0,0.0,0.0,206
2023-05-10 21:38:01,TA401P5300,TA401P5300,391.5,0.0,0.0,0.0,5,384.5,484.5,1,391.5,392.5,0.0,0.0,0.0,0.0,206
2023-05-10 21:38:02,TA401P5300,TA401P5300,391.5,0.0,0.0,0.0,5,384.5,391.0,5,391.5,392.5,0.0,0.0,0.0,0.0,206
2023-05-10 21:38:05,TA401P5300,TA401P5300,391.5,0.0,0.0,0.0,5,385.5,391.0,5,391.5,392.5,0.0,0.0,0.0,0.0,206
2023-05-10 21:38:10,TA401P5300,TA401P5300,391.5,0.0,0.0,0.0,5,387.0,391.0,5,391.5,392.5,0.0,0.0,0.0,0.0,206
2023-05-10 21:39:23,TA401P5300,TA401P5300,391.5,0.0,0.0,0.0,5,387.0,484.5,1,391.5,392.5,0.0,0.0,0.0,0.0,206
2023-05-10 21:39:24,TA401P5300,TA401P5300,391.5,0.0,0.0,0.0,5,387.0,393.0,5,391.5,392.5,0.0,0.0,0.0,0.0,206
2023-05-10 21:39:46,TA401P5300,TA401P5300,391.5,0.0,0.0,0.0,5,388.0,393.0,5,391.5,392.5,0.0,0.0,0.0,0.0,206
2023-05-10 21:39:58,TA401P5300,TA401P5300,391.5,0.0,0.0,0.0,5,389.0,393.0,5,391.5,392.5,0.0,0.0,0.0,0.0,206
2023-05-10 21:40:05,TA401P5300,TA401P5300,391.5,0.0,0.0,0.0,5,388.0,393.0,5,391.5,392.5,0.0,0.0,0.0,0.0,206
2023-05-10 21:40:28,TA401P5300,TA401P5300,391.5,0.0,0.0,0.0,5,388.0,392.0,5,391.5,392.5,0.0,0.0,0.0,0.0,206
2023-05-10 21:41:09,TA401P5300,TA401P5300,391.5,0.0,0.0,0.0,5,386.0,392.0,5,391.5,392.5,0.0,0.0,0.0,0.0,206
2023-05-10 21:41:23,TA401P5300,TA401P5300,391.5,0.0,0.0,0.0,5,387.0,392.0,5,391.5,392.5,0.0,0.0,0.0,0.0,206
2023-05-10 21:41:28,TA401P5300,TA401P5300,391.5,0.0,0.0,0.0,5,388.0,392.0,5,391.5,392.5,0.0,0.0,0.0,0.0,206
2023-05-10 21:41:33,TA401P5300,TA401P5300,391.5,0.0,0.0,0.0,5,388.0,393.0,5,391.5,392.5,0.0,0.0,0.0,0.0,206
2023-05-10 21:41:40,TA401P5300,TA401P5300,391.5,0.0,0.0,0.0,5,389.0,393.0,5,391.5,392.5,0.0,0.0,0.0,0.0,206
2023-05-10 21:42:45,TA401P5300,TA401P5300,391.5,0.0,0.0,0.0,5,389.0,484.5,1,391.5,392.5,0.0,0.0,0.0,0.0,206
2023-05-10 21:42:46,TA401P5300,TA401P5300,391.5,0.0,0.0,0.0,5,389.0,395.0,5,391.5,392.5,0.0,0.0,0.0,0.0,206
2023-05-10 21:42:51,TA401P5300,TA401P5300,391.5,0.0,0.0,0.0,5,390.5,395.0,5,391.5,392.5,0.0,0.0,0.0,0.0,206
2023-05-10 21:44:04,TA401P5300,TA401P5300,391.5,0.0,0.0,0.0,5,389.0,393.5,5,391.5,392.5,0.0,0.0,0.0,0.0,206
2023-05-10 21:45:14,TA401P5300,TA401P5300,391.5,0.0,0.0,0.0,1,371.0,392.5,5,391.5,392.5,0.0,0.0,0.0,0.0,206
2023-05-10 21:45:16,TA401P5300,TA401P5300,391.5,0.0,0.0,0.0,5,387.0,392.5,5,391.5,392.5,0.0,0.0,0.0,0.0,206
2023-05-10 21:45:58,TA401P5300,TA401P5300,391.5,0.0,0.0,0.0,5,388.0,392.5,5,391.5,392.5,0.0,0.0,0.0,0.0,206
2023-05-10 21:48:00,TA401P5300,TA401P5300,391.5,0.0,0.0,0.0,5,389.5,393.5,5,391.5,392.5,0.0,0.0,0.0,0.0,206
2023-05-10 21:48:05,TA401P5300,TA401P5300,391.5,0.0,0.0,0.0,5,389.5,484.5,1,391.5,392.5,0.0,0.0,0.0,0.0,206
2023-05-10 21:48:06,TA401P5300,TA401P5300,391.5,0.0,0.0,0.0,5,389.5,395.5,5,391.5,392.5,0.0,0.0,0.0,0.0,206
2023-05-10 21:48:08,TA401P5300,TA401P5300,391.5,0.0,0.0,0.0,5,390.5,395.5,5,391.5,392.5,0.0,0.0,0.0,0.0,206
2023-05-10 21:48:31,TA401P5300,TA401P5300,391.5,0.0,0.0,0.0,5,391.5,395.5,5,391.5,392.5,0.0,0.0,0.0,0.0,206
2023-05-10 21:48:39,TA401P5300,TA401P5300,391.5,0.0,0.0,0.0,5,391.5,484.5,1,391.5,392.5,0.0,0.0,0.0,0.0,206
2023-05-10 21:48:41,TA401P5300,TA401P5300,391.5,0.0,0.0,0.0,5,391.5,397.5,5,391.5,392.5,0.0,0.0,0.0,0.0,206
2023-05-10 21:48:45,TA401P5300,TA401P5300,391.5,0.0,0.0,0.0,5,392.5,397.5,5,391.5,392.5,0.0,0.0,0.0,0.0,206
2023-05-10 21:48:56,TA401P5300,TA401P5300,391.5,0.0,0.0,0.0,5,393.5,397.5,5,391.5,392.5,0.0,0.0,0.0,0.0,206
2023-05-10 21:49:19,TA401P5300,TA401P5300,391.5,0.0,0.0,0.0,5,392.5,397.5,5,391.5,392.5,0.0,0.0,0.0,0.0,206
2023-05-10 21:49:22,TA401P5300,TA401P5300,391.5,0.0,0.0,0.0,5,392.5,396.0,5,391.5,392.5,0.0,0.0,0.0,0.0,206
2023-05-10 21:50:00,TA401P5300,TA401P5300,391.5,0.0,0.0,0.0,5,390.5,396.0,5,391.5,392.5,0.0,0.0,0.0,0.0,206
2023-05-10 21:50:33,TA401P5300,TA401P5300,391.5,0.0,0.0,0.0,5,390.5,395.0,5,391.5,392.5,0.0,0.0,0.0,0.0,206
2023-05-10 21:51:39,TA401P5300,TA401P5300,391.5,0.0,0.0,0.0,1,371.0,395.0,5,391.5,392.5,0.0,0.0,0.0,0.0,206
2023-05-10 21:51:42,TA401P5300,TA401P5300,391.5,0.0,0.0,0.0,5,388.5,395.0,5,391.5,392.5,0.0,0.0,0.0,0.0,206
2023-05-10 21:51:56,TA401P5300,TA401P5300,391.5,0.0,0.0,0.0,5,388.5,394.0,5,391.5,392.5,0.0,0.0,0.0,0.0,206
2023-05-10 21:52:03,TA401P5300,TA401P5300,391.5,0.0,0.0,0.0,5,389.5,394.0,5,391.5,392.5,0.0,0.0,0.0,0.0,206
2023-05-10 21:53:20,TA401P5300,TA401P5300,391.5,0.0,0.0,0.0,5,390.5,395.0,5,391.5,392.5,0.0,0.0,0.0,0.0,206
2023-05-10 21:53:59,TA401P5300,TA401P5300,391.5,0.0,0.0,0.0,5,391.5,397.0,5,391.5,392.5,0.0,0.0,0.0,0.0,206
2023-05-10 21:54:04,TA401P5300,TA401P5300,391.5,0.0,0.0,0.0,5,393.0,397.0,5,391.5,392.5,0.0,0.0,0.0,0.0,206
2023-05-10 21:54:06,TA401P5300,TA401P5300,391.5,0.0,0.0,0.0,5,393.0,399.0,5,391.5,392.5,0.0,0.0,0.0,0.0,206
2023-05-10 21:54:26,TA401P5300,TA401P5300,391.5,0.0,0.0,0.0,5,394.0,399.0,5,391.5,392.5,0.0,0.0,0.0,0.0,206
2023-05-10 21:55:09,TA401P5300,TA401P5300,391.5,0.0,0.0,0.0,5,394.0,398.0,5,391.5,392.5,0.0,0.0,0.0,0.0,206
2023-05-10 21:55:22,TA401P5300,TA401P5300,391.5,0.0,0.0,0.0,5,393.0,398.0,5,391.5,392.5,0.0,0.0,0.0,0.0,206
2023-05-10 21:55:27,TA401P5300,TA401P5300,391.5,0.0,0.0,0.0,5,393.0,397.0,5,391.5,392.5,0.0,0.0,0.0,0.0,206
2023-05-10 21:55:59,TA401P5300,TA401P5300,391.5,0.0,0.0,0.0,1,371.0,397.0,5,391.5,392.5,0.0,0.0,0.0,0.0,206
2023-05-10 21:56:00,TA401P5300,TA401P5300,391.5,0.0,0.0,0.0,5,391.0,397.0,5,391.5,392.5,0.0,0.0,0.0,0.0,206
2023-05-10 21:56:04,TA401P5300,TA401P5300,391.5,0.0,0.0,0.0,5,391.0,396.0,5,391.5,392.5,0.0,0.0,0.0,0.0,206
2023-05-10 21:56:17,TA401P5300,TA401P5300,391.5,0.0,0.0,0.0,5,391.0,395.0,5,391.5,392.5,0.0,0.0,0.0,0.0,206
2023-05-10 21:58:16,TA401P5300,TA401P5300,391.5,0.0,0.0,0.0,5,391.0,396.0,5,391.5,392.5,0.0,0.0,0.0,0.0,206
2023-05-10 21:58:22,TA401P5300,TA401P5300,391.5,0.0,0.0,0.0,5,392.0,396.0,5,391.5,392.5,0.0,0.0,0.0,0.0,206
2023-05-10 21:59:06,TA401P5300,TA401P5300,391.5,0.0,0.0,0.0,5,392.0,484.5,1,391.5,392.5,0.0,0.0,0.0,0.0,206
2023-05-10 21:59:08,TA401P5300,TA401P5300,391.5,0.0,0.0,0.0,5,393.5,484.5,1,391.5,392.5,0.0,0.0,0.0,0.0,206
2023-05-10 21:59:12,TA401P5300,TA401P5300,391.5,0.0,0.0,0.0,5,393.5,400.0,5,391.5,392.5,0.0,0.0,0.0,0.0,206
2023-05-10 21:59:15,TA401P5300,TA401P5300,391.5,0.0,0.0,0.0,5,393.5,399.0,5,391.5,392.5,0.0,0.0,0.0,0.0,206
2023-05-10 21:59:48,TA401P5300,TA401P5300,391.5,0.0,0.0,0.0,5,393.5,397.5,5,391.5,392.5,0.0,0.0,0.0,0.0,206
2023-05-10 22:00:03,TA401P5300,TA401P5300,391.5,0.0,0.0,0.0,5,392.0,397.5,5,391.5,392.5,0.0,0.0,0.0,0.0,206
2023-05-10 22:00:06,TA401P5300,TA401P5300,391.5,0.0,0.0,0.0,5,392.0,395.5,5,391.5,392.5,0.0,0.0,0.0,0.0,206
2023-05-10 22:00:11,TA401P5300,TA401P5300,391.5,0.0,0.0,0.0,1,371.0,395.5,5,391.5,392.5,0.0,0.0,0.0,0.0,206
2023-05-10 22:00:12,TA401P5300,TA401P5300,391.5,0.0,0.0,0.0,5,389.5,395.5,5,391.5,392.5,0.0,0.0,0.0,0.0,206
2023-05-10 22:00:17,TA401P5300,TA401P5300,391.5,0.0,0.0,0.0,5,391.0,395.5,5,391.5,392.5,0.0,0.0,0.0,0.0,206
2023-05-10 22:00:26,TA401P5300,TA401P5300,391.5,0.0,0.0,0.0,5,389.5,395.5,5,391.5,392.5,0.0,0.0,0.0,0.0,206
2023-05-10 22:00:28,TA401P5300,TA401P5300,391.5,0.0,0.0,0.0,5,389.5,394.0,5,391.5,392.5,0.0,0.0,0.0,0.0,206
2023-05-10 22:02:43,TA401P5300,TA401P5300,391.5,0.0,0.0,0.0,5,387.0,394.0,5,391.5,392.5,0.0,0.0,0.0,0.0,206
2023-05-10 22:02:50,TA401P5300,TA401P5300,391.5,0.0,0.0,0.0,5,387.0,393.0,5,391.5,392.5,0.0,0.0,0.0,0.0,206
2023-05-10 22:03:07,TA401P5300,TA401P5300,391.5,0.0,0.0,0.0,5,388.5,393.0,5,391.5,392.5,0.0,0.0,0.0,0.0,206
2023-05-10 22:05:14,TA401P5300,TA401P5300,391.5,0.0,0.0,0.0,5,389.5,394.0,5,391.5,392.5,0.0,0.0,0.0,0.0,206
2023-05-10 22:06:28,TA401P5300,TA401P5300,391.5,0.0,0.0,0.0,5,388.5,394.0,5,391.5,392.5,0.0,0.0,0.0,0.0,206
2023-05-10 22:06:31,TA401P5300,TA401P5300,391.5,0.0,0.0,0.0,5,388.5,392.5,5,391.5,392.5,0.0,0.0,0.0,0.0,206
2023-05-10 22:06:35,TA401P5300,TA401P5300,392.5,3.0,1177.5,0.0,5,388.5,392.5,2,391.5,392.5,392.5,392.5,3.0,1177.5,206
2023-05-10 22:07:22,TA401P5300,TA401P5300,392.5,0.0,0.0,0.0,1,371.0,392.5,2,391.5,392.5,392.5,392.5,3.0,1177.5,206
2023-05-10 22:07:24,TA401P5300,TA401P5300,392.5,0.0,0.0,0.0,5,387.0,392.5,2,391.5,392.5,392.5,392.5,3.0,1177.5,206
2023-05-10 22:08:55,TA401P5300,TA401P5300,392.5,0.0,0.0,0.0,5,388.0,392.5,2,391.5,392.5,392.5,392.5,3.0,1177.5,206
2023-05-10 22:09:19,TA401P5300,TA401P5300,392.5,0.0,0.0,0.0,5,388.0,394.0,5,391.5,392.5,392.5,392.5,3.0,1177.5,206
2023-05-10 22:09:46,TA401P5300,TA401P5300,392.5,0.0,0.0,0.0,5,389.5,394.0,5,391.5,392.5,392.5,392.5,3.0,1177.5,206
2023-05-10 22:09:51,TA401P5300,TA401P5300,392.5,0.0,0.0,0.0,5,389.5,484.5,1,391.5,392.5,392.5,392.5,3.0,1177.5,206
2023-05-10 22:09:52,TA401P5300,TA401P5300,392.5,0.0,0.0,0.0,5,391.0,484.5,1,391.5,392.5,392.5,392.5,3.0,1177.5,206
2023-05-10 22:09:57,TA401P5300,TA401P5300,392.5,0.0,0.0,0.0,5,392.5,398.0,5,391.5,392.5,392.5,392.5,3.0,1177.5,206
2023-05-10 22:10:04,TA401P5300,TA401P5300,392.5,0.0,0.0,0.0,5,394.0,398.0,5,391.5,392.5,392.5,392.5,3.0,1177.5,206
2023-05-10 22:10:06,TA401P5300,TA401P5300,392.5,0.0,0.0,0.0,5,394.0,484.5,1,391.5,392.5,392.5,392.5,3.0,1177.5,206
2023-05-10 22:10:08,TA401P5300,TA401P5300,392.5,0.0,0.0,0.0,5,397.0,484.5,1,391.5,392.5,392.5,392.5,3.0,1177.5,206
2023-05-10 22:10:09,TA401P5300,TA401P5300,392.5,0.0,0.0,0.0,5,397.0,402.0,5,391.5,392.5,392.5,392.5,3.0,1177.5,206
2023-05-10 22:10:20,TA401P5300,TA401P5300,392.5,0.0,0.0,0.0,5,394.0,402.0,5,391.5,392.5,392.5,392.5,3.0,1177.5,206
2023-05-10 22:10:22,TA401P5300,TA401P5300,392.5,0.0,0.0,0.0,5,395.5,402.0,5,391.5,392.5,392.5,392.5,3.0,1177.5,206
2023-05-10 22:10:24,TA401P5300,TA401P5300,392.5,0.0,0.0,0.0,5,395.5,400.5,5,391.5,392.5,392.5,392.5,3.0,1177.5,206
2023-05-10 22:11:21,TA401P5300,TA401P5300,392.5,0.0,0.0,0.0,5,395.5,399.0,5,391.5,392.5,392.5,392.5,3.0,1177.5,206
2023-05-10 22:11:24,TA401P5300,TA401P5300,392.5,0.0,0.0,0.0,5,394.0,399.0,5,391.5,392.5,392.5,392.5,3.0,1177.5,206
2023-05-10 22:12:02,TA401P5300,TA401P5300,392.5,0.0,0.0,0.0,5,395.5,399.0,5,391.5,392.5,392.5,392.5,3.0,1177.5,206
2023-05-10 22:12:03,TA401P5300,TA401P5300,392.5,0.0,0.0,0.0,5,395.5,400.5,5,391.5,392.5,392.5,392.5,3.0,1177.5,206
2023-05-10 22:12:52,TA401P5300,TA401P5300,392.5,0.0,0.0,0.0,5,394.0,399.0,5,391.5,392.5,392.5,392.5,3.0,1177.5,206
2023-05-10 22:13:06,TA401P5300,TA401P5300,392.5,0.0,0.0,0.0,5,395.5,399.0,5,391.5,392.5,392.5,392.5,3.0,1177.5,206
2023-05-10 22:13:09,TA401P5300,TA401P5300,392.5,0.0,0.0,0.0,5,395.5,400.5,5,391.5,392.5,392.5,392.5,3.0,1177.5,206
2023-05-10 22:15:06,TA401P5300,TA401P5300,392.5,0.0,0.0,0.0,5,395.5,399.0,5,391.5,392.5,392.5,392.5,3.0,1177.5,206
2023-05-10 22:15:11,TA401P5300,TA401P5300,392.5,0.0,0.0,0.0,5,394.0,399.0,5,391.5,392.5,392.5,392.5,3.0,1177.5,206
2023-05-10 22:16:00,TA401P5300,TA401P5300,392.5,0.0,0.0,0.0,5,395.5,399.0,5,391.5,392.5,392.5,392.5,3.0,1177.5,206
2023-05-10 22:16:02,TA401P5300,TA401P5300,392.5,0.0,0.0,0.0,5,395.5,400.5,5,391.5,392.5,392.5,392.5,3.0,1177.5,206
2023-05-10 22:16:25,TA401P5300,TA401P5300,392.5,0.0,0.0,0.0,5,395.5,484.5,1,391.5,392.5,392.5,392.5,3.0,1177.5,206
2023-05-10 22:16:27,TA401P5300,TA401P5300,392.5,0.0,0.0,0.0,5,397.5,484.5,1,391.5,392.5,392.5,392.5,3.0,1177.5,206
2023-05-10 22:16:29,TA401P5300,TA401P5300,392.5,0.0,0.0,0.0,5,397.5,403.5,5,391.5,392.5,392.5,392.5,3.0,1177.5,206
2023-05-10 22:16:32,TA401P5300,TA401P5300,392.5,0.0,0.0,0.0,5,399.5,403.5,5,391.5,392.5,392.5,392.5,3.0,1177.5,206
2023-05-10 22:16:42,TA401P5300,TA401P5300,392.5,0.0,0.0,0.0,5,397.5,403.5,5,391.5,392.5,392.5,392.5,3.0,1177.5,206
2023-05-10 22:17:23,TA401P5300,TA401P5300,392.5,0.0,0.0,0.0,5,399.0,403.5,5,391.5,392.5,392.5,392.5,3.0,1177.5,206
2023-05-10 22:18:19,TA401P5300,TA401P5300,392.5,0.0,0.0,0.0,5,399.0,484.5,1,391.5,392.5,392.5,392.5,3.0,1177.5,206
2023-05-10 22:18:20,TA401P5300,TA401P5300,392.5,0.0,0.0,0.0,5,399.0,406.0,5,391.5,392.5,392.5,392.5,3.0,1177.5,206
2023-05-10 22:18:21,TA401P5300,TA401P5300,392.5,0.0,0.0,0.0,5,400.5,406.0,5,391.5,392.5,392.5,392.5,3.0,1177.5,206
2023-05-10 22:19:00,TA401P5300,TA401P5300,392.5,0.0,0.0,0.0,5,399.0,406.0,5,391.5,392.5,392.5,392.5,3.0,1177.5,206
2023-05-10 22:19:00,TA401P5300,TA401P5300,392.5,0.0,0.0,0.0,5,399.0,404.0,5,391.5,392.5,392.5,392.5,3.0,1177.5,206
2023-05-10 22:19:42,TA401P5300,TA401P5300,392.5,0.0,0.0,0.0,5,400.5,404.0,5,391.5,392.5,392.5,392.5,3.0,1177.5,206
2023-05-10 22:20:28,TA401P5300,TA401P5300,392.5,0.0,0.0,0.0,5,399.0,404.0,5,391.5,392.5,392.5,392.5,3.0,1177.5,206
2023-05-10 22:24:04,TA401P5300,TA401P5300,392.5,0.0,0.0,0.0,5,399.0,402.5,5,391.5,392.5,392.5,392.5,3.0,1177.5,206
2023-05-10 22:24:05,TA401P5300,TA401P5300,392.5,0.0,0.0,0.0,1,345.5,402.5,5,391.5,392.5,392.5,392.5,3.0,1177.5,206
2023-05-10 22:24:06,TA401P5300,TA401P5300,392.5,0.0,0.0,0.0,5,397.0,402.5,5,391.5,392.5,392.5,392.5,3.0,1177.5,206
2023-05-10 22:27:23,TA401P5300,TA401P5300,392.5,0.0,0.0,0.0,5,397.0,401.0,5,391.5,392.5,392.5,392.5,3.0,1177.5,206
2023-05-10 22:27:25,TA401P5300,TA401P5300,392.5,0.0,0.0,0.0,1,345.5,401.0,5,391.5,392.5,392.5,392.5,3.0,1177.5,206
2023-05-10 22:27:26,TA401P5300,TA401P5300,392.5,0.0,0.0,0.0,5,395.0,401.0,5,391.5,392.5,392.5,392.5,3.0,1177.5,206
2023-05-10 22:29:23,TA401P5300,TA401P5300,392.5,0.0,0.0,0.0,5,396.5,401.0,5,391.5,392.5,392.5,392.5,3.0,1177.5,206
2023-05-10 22:30:00,TA401P5300,TA401P5300,392.5,0.0,0.0,0.0,5,395.0,401.0,5,391.5,392.5,392.5,392.5,3.0,1177.5,206
2023-05-10 22:30:03,TA401P5300,TA401P5300,392.5,0.0,0.0,0.0,1,345.5,401.0,5,391.5,392.5,392.5,392.5,3.0,1177.5,206
2023-05-10 22:30:04,TA401P5300,TA401P5300,392.5,0.0,0.0,0.0,5,393.5,401.0,5,391.5,392.5,392.5,392.5,3.0,1177.5,206
2023-05-10 22:30:05,TA401P5300,TA401P5300,392.5,0.0,0.0,0.0,5,393.5,398.0,5,391.5,392.5,392.5,392.5,3.0,1177.5,206
2023-05-10 22:30:36,TA401P5300,TA401P5300,392.5,0.0,0.0,0.0,1,345.5,396.5,5,391.5,392.5,392.5,392.5,3.0,1177.5,206
2023-05-10 22:30:37,TA401P5300,TA401P5300,392.5,0.0,0.0,0.0,5,391.5,396.5,5,391.5,392.5,392.5,392.5,3.0,1177.5,206
2023-05-10 22:31:13,TA401P5300,TA401P5300,392.5,0.0,0.0,0.0,5,393.0,396.5,5,391.5,392.5,392.5,392.5,3.0,1177.5,206
2023-05-10 22:31:25,TA401P5300,TA401P5300,392.5,0.0,0.0,0.0,5,393.0,398.0,5,391.5,392.5,392.5,392.5,3.0,1177.5,206
2023-05-10 22:33:13,TA401P5300,TA401P5300,392.5,0.0,0.0,0.0,5,393.0,396.5,5,391.5,392.5,392.5,392.5,3.0,1177.5,206
2023-05-10 22:33:14,TA401P5300,TA401P5300,392.5,0.0,0.0,0.0,5,391.5,396.5,5,391.5,392.5,392.5,392.5,3.0,1177.5,206
2023-05-10 22:33:52,TA401P5300,TA401P5300,392.5,0.0,0.0,0.0,5,393.0,396.5,5,391.5,392.5,392.5,392.5,3.0,1177.5,206
2023-05-10 22:33:53,TA401P5300,TA401P5300,396.5,5.0,1982.5,0.0,5,393.0,398.0,5,391.5,392.5,396.5,392.5,8.0,3160.0,206
2023-05-10 22:33:54,TA401P5300,TA401P5300,396.5,0.0,0.0,0.0,5,393.0,484.5,1,391.5,392.5,396.5,392.5,8.0,3160.0,206
2023-05-10 22:33:55,TA401P5300,TA401P5300,396.5,0.0,0.0,0.0,5,395.0,484.0,1,391.5,392.5,396.5,392.5,8.0,3160.0,206
2023-05-10 22:33:55,TA401P5300,TA401P5300,396.5,0.0,0.0,0.0,5,395.0,438.5,1,391.5,392.5,396.5,392.5,8.0,3160.0,206
2023-05-10 22:33:56,TA401P5300,TA401P5300,396.5,0.0,0.0,0.0,5,395.0,413.0,1,391.5,392.5,396.5,392.5,8.0,3160.0,206
2023-05-10 22:33:59,TA401P5300,TA401P5300,396.5,0.0,0.0,0.0,5,395.0,400.5,5,391.5,392.5,396.5,392.5,8.0,3160.0,206
2023-05-10 22:34:12,TA401P5300,TA401P5300,396.5,0.0,0.0,0.0,5,396.5,400.5,5,391.5,392.5,396.5,392.5,8.0,3160.0,206
2023-05-10 22:34:21,TA401P5300,TA401P5300,400.5,2.0,800.0,0.0,5,396.5,400.5,3,391.5,392.5,400.5,392.5,10.0,3960.0,206
2023-05-10 22:34:25,TA401P5300,TA401P5300,400.5,3.0,1201.0,0.0,5,396.5,402.5,5,391.5,392.5,400.5,392.5,13.0,5161.0,206
2023-05-10 22:34:35,TA401P5300,TA401P5300,400.5,0.0,0.0,0.0,5,396.5,401.0,5,391.5,392.5,400.5,392.5,13.0,5161.0,206
2023-05-10 22:34:44,TA401P5300,TA401P5300,400.5,0.0,0.0,0.0,5,395.0,401.0,5,391.5,392.5,400.5,392.5,13.0,5161.0,206
2023-05-10 22:34:47,TA401P5300,TA401P5300,400.5,0.0,0.0,0.0,5,395.0,399.5,5,391.5,392.5,400.5,392.5,13.0,5161.0,206
2023-05-10 22:34:54,TA401P5300,TA401P5300,400.5,0.0,0.0,0.0,5,392.5,399.5,5,391.5,392.5,400.5,392.5,13.0,5161.0,206
2023-05-10 22:34:56,TA401P5300,TA401P5300,400.5,0.0,0.0,0.0,5,392.5,397.5,5,391.5,392.5,400.5,392.5,13.0,5161.0,206
2023-05-10 22:35:48,TA401P5300,TA401P5300,400.5,0.0,0.0,0.0,5,392.5,396.0,5,391.5,392.5,400.5,392.5,13.0,5161.0,206
2023-05-10 22:35:48,TA401P5300,TA401P5300,400.5,0.0,0.0,0.0,1,345.5,396.0,5,391.5,392.5,400.5,392.5,13.0,5161.0,206
2023-05-10 22:35:49,TA401P5300,TA401P5300,400.5,0.0,0.0,0.0,5,390.5,396.0,5,391.5,392.5,400.5,392.5,13.0,5161.0,206
2023-05-10 22:37:02,TA401P5300,TA401P5300,400.5,0.0,0.0,0.0,5,392.0,396.0,5,391.5,392.5,400.5,392.5,13.0,5161.0,206
2023-05-10 22:37:14,TA401P5300,TA401P5300,400.5,0.0,0.0,0.0,5,392.0,397.5,5,391.5,392.5,400.5,392.5,13.0,5161.0,206
2023-05-10 22:37:16,TA401P5300,TA401P5300,400.5,0.0,0.0,0.0,5,392.0,413.0,1,391.5,392.5,400.5,392.5,13.0,5161.0,206
2023-05-10 22:37:18,TA401P5300,TA401P5300,400.5,0.0,0.0,0.0,5,392.0,400.0,5,391.5,392.5,400.5,392.5,13.0,5161.0,206
2023-05-10 22:37:21,TA401P5300,TA401P5300,400.5,0.0,0.0,0.0,5,394.0,400.0,5,391.5,392.5,400.5,392.5,13.0,5161.0,206
2023-05-10 22:38:01,TA401P5300,TA401P5300,400.5,0.0,0.0,0.0,5,395.5,400.0,5,391.5,392.5,400.5,392.5,13.0,5161.0,206
2023-05-10 22:38:55,TA401P5300,TA401P5300,400.5,0.0,0.0,0.0,5,394.0,398.5,5,391.5,392.5,400.5,392.5,13.0,5161.0,206
2023-05-10 22:39:03,TA401P5300,TA401P5300,400.5,0.0,0.0,0.0,1,345.5,398.5,5,391.5,392.5,400.5,392.5,13.0,5161.0,206
2023-05-10 22:39:05,TA401P5300,TA401P5300,400.5,0.0,0.0,0.0,5,391.5,398.5,5,391.5,392.5,400.5,392.5,13.0,5161.0,206
2023-05-10 22:39:06,TA401P5300,TA401P5300,400.5,0.0,0.0,0.0,5,391.5,397.0,5,391.5,392.5,400.5,392.5,13.0,5161.0,206
2023-05-10 22:39:21,TA401P5300,TA401P5300,400.5,0.0,0.0,0.0,5,393.0,397.0,5,391.5,392.5,400.5,392.5,13.0,5161.0,206
2023-05-10 22:40:12,TA401P5300,TA401P5300,400.5,0.0,0.0,0.0,5,391.5,397.0,5,391.5,392.5,400.5,392.5,13.0,5161.0,206
2023-05-10 22:40:15,TA401P5300,TA401P5300,400.5,0.0,0.0,0.0,5,391.5,395.5,5,391.5,392.5,400.5,392.5,13.0,5161.0,206
2023-05-10 22:40:16,TA401P5300,TA401P5300,400.5,0.0,0.0,0.0,1,345.5,395.5,5,391.5,392.5,400.5,392.5,13.0,5161.0,206
2023-05-10 22:40:18,TA401P5300,TA401P5300,400.5,0.0,0.0,0.0,5,389.5,395.5,5,391.5,392.5,400.5,392.5,13.0,5161.0,206
2023-05-10 22:40:35,TA401P5300,TA401P5300,400.5,0.0,0.0,0.0,5,391.0,395.5,5,391.5,392.5,400.5,392.5,13.0,5161.0,206
2023-05-10 22:40:51,TA401P5300,TA401P5300,400.5,0.0,0.0,0.0,5,392.5,397.0,5,391.5,392.5,400.5,392.5,13.0,5161.0,206
2023-05-10 22:41:06,TA401P5300,TA401P5300,400.5,0.0,0.0,0.0,5,392.5,399.5,5,391.5,392.5,400.5,392.5,13.0,5161.0,206
2023-05-10 22:41:16,TA401P5300,TA401P5300,400.5,0.0,0.0,0.0,5,394.0,399.5,5,391.5,392.5,400.5,392.5,13.0,5161.0,206
2023-05-10 22:41:25,TA401P5300,TA401P5300,400.5,0.0,0.0,0.0,5,394.0,398.0,5,391.5,392.5,400.5,392.5,13.0,5161.0,206
2023-05-10 22:41:51,TA401P5300,TA401P5300,400.5,0.0,0.0,0.0,5,394.0,399.5,5,391.5,392.5,400.5,392.5,13.0,5161.0,206
2023-05-10 22:42:47,TA401P5300,TA401P5300,400.5,0.0,0.0,0.0,5,394.0,398.0,5,391.5,392.5,400.5,392.5,13.0,5161.0,206
2023-05-10 22:42:52,TA401P5300,TA401P5300,400.5,0.0,0.0,0.0,5,392.5,398.0,5,391.5,392.5,400.5,392.5,13.0,5161.0,206
2023-05-10 22:43:42,TA401P5300,TA401P5300,400.5,0.0,0.0,0.0,5,392.5,396.5,5,391.5,392.5,400.5,392.5,13.0,5161.0,206
2023-05-10 22:44:07,TA401P5300,TA401P5300,400.5,0.0,0.0,0.0,5,392.5,398.0,5,391.5,392.5,400.5,392.5,13.0,5161.0,206
2023-05-10 22:44:11,TA401P5300,TA401P5300,400.5,0.0,0.0,0.0,5,394.0,398.0,5,391.5,392.5,400.5,392.5,13.0,5161.0,206
2023-05-10 22:44:33,TA401P5300,TA401P5300,400.5,0.0,0.0,0.0,5,394.0,413.0,1,391.5,392.5,400.5,392.5,13.0,5161.0,206
2023-05-10 22:44:35,TA401P5300,TA401P5300,400.5,0.0,0.0,0.0,5,394.0,400.0,5,391.5,392.5,400.5,392.5,13.0,5161.0,206
2023-05-10 22:44:39,TA401P5300,TA401P5300,400.5,0.0,0.0,0.0,5,394.0,398.5,5,391.5,392.5,400.5,392.5,13.0,5161.0,206
2023-05-10 22:46:56,TA401P5300,TA401P5300,400.5,0.0,0.0,0.0,5,392.5,398.5,5,391.5,392.5,400.5,392.5,13.0,5161.0,206
2023-05-10 22:46:58,TA401P5300,TA401P5300,400.5,0.0,0.0,0.0,5,392.5,397.0,5,391.5,392.5,400.5,392.5,13.0,5161.0,206
2023-05-10 22:49:15,TA401P5300,TA401P5300,400.5,0.0,0.0,0.0,1,345.5,397.0,5,391.5,392.5,400.5,392.5,13.0,5161.0,206
2023-05-10 22:49:16,TA401P5300,TA401P5300,400.5,0.0,0.0,0.0,5,390.0,397.0,5,391.5,392.5,400.5,392.5,13.0,5161.0,206
2023-05-10 22:49:21,TA401P5300,TA401P5300,400.5,0.0,0.0,0.0,5,390.0,395.5,5,391.5,392.5,400.5,392.5,13.0,5161.0,206
2023-05-10 22:49:34,TA401P5300,TA401P5300,400.5,0.0,0.0,0.0,5,391.5,395.5,5,391.5,392.5,400.5,392.5,13.0,5161.0,206
2023-05-10 22:50:31,TA401P5300,TA401P5300,400.5,0.0,0.0,0.0,5,391.5,397.0,5,391.5,392.5,400.5,392.5,13.0,5161.0,206
2023-05-10 22:52:58,TA401P5300,TA401P5300,400.5,0.0,0.0,0.0,5,393.0,397.0,5,391.5,392.5,400.5,392.5,13.0,5161.0,206
2023-05-10 22:53:10,TA401P5300,TA401P5300,400.5,0.0,0.0,0.0,5,391.5,397.0,5,391.5,392.5,400.5,392.5,13.0,5161.0,206
2023-05-10 22:55:13,TA401P5300,TA401P5300,400.5,0.0,0.0,0.0,5,391.5,413.0,1,391.5,392.5,400.5,392.5,13.0,5161.0,206
2023-05-10 22:55:16,TA401P5300,TA401P5300,400.5,0.0,0.0,0.0,5,393.0,399.5,5,391.5,392.5,400.5,392.5,13.0,5161.0,206
2023-05-10 22:55:55,TA401P5300,TA401P5300,400.5,0.0,0.0,0.0,1,345.5,413.0,1,391.5,392.5,400.5,392.5,13.0,5161.0,206
2023-05-10 22:56:29,TA401P5300,TA401P5300,400.5,0.0,0.0,0.0,1,300.0,438.0,1,391.5,392.5,400.5,392.5,13.0,5161.0,206
2023-05-10 22:57:40,TA401P5300,TA401P5300,400.5,0.0,0.0,0.0,1,300.0,0.0,0,391.5,392.5,400.5,392.5,13.0,5161.0,206
2023-05-10 22:57:41,TA401P5300,TA401P5300,400.5,0.0,0.0,0.0,1,300.0,704.5,1,391.5,392.5,400.5,392.5,13.0,5161.0,206
2023-05-10 22:59:49,TA401P5300,TA401P5300,400.5,0.0,0.0,0.0,1,300.0,0.0,0,391.5,392.5,400.5,392.5,13.0,5161.0,206
2023-05-11 09:00:00,TA401P5300,TA401P5300,400.5,0.0,0.0,0.0,1,300.0,497.0,1,391.5,392.5,400.5,392.5,13.0,5161.0,206
2023-05-11 09:00:03,TA401P5300,TA401P5300,400.5,0.0,0.0,0.0,1,327.0,497.0,1,391.5,392.5,400.5,392.5,13.0,5161.0,206
2023-05-11 09:01:24,TA401P5300,TA401P5300,400.5,0.0,0.0,0.0,5,390.0,497.0,1,391.5,392.5,400.5,392.5,13.0,5161.0,206
2023-05-11 09:01:25,TA401P5300,TA401P5300,400.5,0.0,0.0,0.0,5,390.0,396.5,5,391.5,392.5,400.5,392.5,13.0,5161.0,206
2023-05-11 09:01:31,TA401P5300,TA401P5300,400.5,0.0,0.0,0.0,5,392.0,396.5,5,391.5,392.5,400.5,392.5,13.0,5161.0,206
2023-05-11 09:01:38,TA401P5300,TA401P5300,400.5,0.0,0.0,0.0,5,392.0,497.0,1,391.5,392.5,400.5,392.5,13.0,5161.0,206
2023-05-11 09:01:40,TA401P5300,TA401P5300,400.5,0.0,0.0,0.0,5,392.0,398.5,5,391.5,392.5,400.5,392.5,13.0,5161.0,206
2023-05-11 09:02:25,TA401P5300,TA401P5300,400.5,0.0,0.0,0.0,5,392.0,397.0,5,391.5,392.5,400.5,392.5,13.0,5161.0,206
2023-05-11 09:03:38,TA401P5300,TA401P5300,400.5,0.0,0.0,0.0,5,390.0,395.5,5,391.5,392.5,400.5,392.5,13.0,5161.0,206
2023-05-11 09:03:39,TA401P5300,TA401P5300,400.5,0.0,0.0,0.0,5,390.0,394.0,5,391.5,392.5,400.5,392.5,13.0,5161.0,206
2023-05-11 09:04:01,TA401P5300,TA401P5300,400.5,0.0,0.0,0.0,5,390.0,395.5,5,391.5,392.5,400.5,392.5,13.0,5161.0,206
2023-05-11 09:04:05,TA401P5300,TA401P5300,395.5,2.0,794.0,0.0,5,392.0,395.5,3,391.5,392.5,400.5,392.5,15.0,5955.0,206
2023-05-11 09:04:28,TA401P5300,TA401P5300,395.5,0.0,0.0,0.0,5,392.0,398.0,5,391.5,392.5,400.5,392.5,15.0,5955.0,206
2023-05-11 09:04:45,TA401P5300,TA401P5300,395.5,0.0,0.0,0.0,5,393.5,398.0,5,391.5,392.5,400.5,392.5,15.0,5955.0,206
2023-05-11 09:05:36,TA401P5300,TA401P5300,395.5,0.0,0.0,0.0,5,393.5,400.5,5,391.5,392.5,400.5,392.5,15.0,5955.0,206
2023-05-11 09:06:03,TA401P5300,TA401P5300,395.5,0.0,0.0,0.0,5,393.5,399.0,5,391.5,392.5,400.5,392.5,15.0,5955.0,206
2023-05-11 09:07:30,TA401P5300,TA401P5300,395.5,0.0,0.0,0.0,5,393.5,397.5,5,391.5,392.5,400.5,392.5,15.0,5955.0,206
2023-05-11 09:07:33,TA401P5300,TA401P5300,395.5,0.0,0.0,0.0,5,392.0,397.5,5,391.5,392.5,400.5,392.5,15.0,5955.0,206
2023-05-11 09:07:36,TA401P5300,TA401P5300,395.5,0.0,0.0,0.0,5,392.0,396.0,5,391.5,392.5,400.5,392.5,15.0,5955.0,206
2023-05-11 09:08:34,TA401P5300,TA401P5300,395.5,0.0,0.0,0.0,1,327.0,396.0,5,391.5,392.5,400.5,392.5,15.0,5955.0,206
2023-05-11 09:08:34,TA401P5300,TA401P5300,395.5,0.0,0.0,0.0,1,376.5,396.0,5,391.5,392.5,400.5,392.5,15.0,5955.0,206
2023-05-11 09:08:37,TA401P5300,TA401P5300,395.5,0.0,0.0,0.0,5,389.5,396.0,5,391.5,392.5,400.5,392.5,15.0,5955.0,206
2023-05-11 09:08:44,TA401P5300,TA401P5300,395.5,0.0,0.0,0.0,5,389.5,394.5,5,391.5,392.5,400.5,392.5,15.0,5955.0,206
2023-05-11 09:09:11,TA401P5300,TA401P5300,395.5,0.0,0.0,0.0,5,391.0,394.5,5,391.5,392.5,400.5,392.5,15.0,5955.0,206
2023-05-11 09:09:22,TA401P5300,TA401P5300,395.5,0.0,0.0,0.0,5,391.0,396.0,5,391.5,392.5,400.5,392.5,15.0,5955.0,206
2023-05-11 09:09:22,TA401P5300,TA401P5300,395.5,0.0,0.0,0.0,5,391.0,497.0,1,391.5,392.5,400.5,392.5,15.0,5955.0,206
2023-05-11 09:09:23,TA401P5300,TA401P5300,395.5,0.0,0.0,0.0,5,391.0,397.5,5,391.5,392.5,400.5,392.5,15.0,5955.0,206
2023-05-11 09:09:43,TA401P5300,TA401P5300,395.5,0.0,0.0,0.0,5,391.0,396.0,5,391.5,392.5,400.5,392.5,15.0,5955.0,206
2023-05-11 09:11:12,TA401P5300,TA401P5300,395.5,0.0,0.0,0.0,5,392.5,397.5,5,391.5,392.5,400.5,392.5,15.0,5955.0,206
2023-05-11 09:12:08,TA401P5300,TA401P5300,395.5,0.0,0.0,0.0,5,392.5,396.0,5,391.5,392.5,400.5,392.5,15.0,5955.0,206
2023-05-11 09:12:09,TA401P5300,TA401P5300,395.5,0.0,0.0,0.0,5,391.0,396.0,5,391.5,392.5,400.5,392.5,15.0,5955.0,206
2023-05-11 09:12:13,TA401P5300,TA401P5300,395.5,0.0,0.0,0.0,1,376.5,396.0,5,391.5,392.5,400.5,392.5,15.0,5955.0,206
2023-05-11 09:12:14,TA401P5300,TA401P5300,395.5,0.0,0.0,0.0,1,376.5,394.5,5,391.5,392.5,400.5,392.5,15.0,5955.0,206
2023-05-11 09:12:16,TA401P5300,TA401P5300,395.5,0.0,0.0,0.0,5,389.0,394.5,5,391.5,392.5,400.5,392.5,15.0,5955.0,206
2023-05-11 09:13:58,TA401P5300,TA401P5300,395.5,0.0,0.0,0.0,5,390.5,394.5,5,391.5,392.5,400.5,392.5,15.0,5955.0,206
2023-05-11 09:14:38,TA401P5300,TA401P5300,395.5,0.0,0.0,0.0,5,390.5,396.0,5,391.5,392.5,400.5,392.5,15.0,5955.0,206
2023-05-11 09:14:43,TA401P5300,TA401P5300,395.5,0.0,0.0,0.0,5,392.0,396.0,5,391.5,392.5,400.5,392.5,15.0,5955.0,206
2023-05-11 09:15:09,TA401P5300,TA401P5300,395.5,0.0,0.0,0.0,5,390.5,396.0,5,391.5,392.5,400.5,392.5,15.0,5955.0,206
2023-05-11 09:15:10,TA401P5300,TA401P5300,395.5,0.0,0.0,0.0,5,390.5,394.5,5,391.5,392.5,400.5,392.5,15.0,5955.0,206
2023-05-11 09:15:12,TA401P5300,TA401P5300,395.5,0.0,0.0,0.0,1,376.5,394.5,5,391.5,392.5,400.5,392.5,15.0,5955.0,206
2023-05-11 09:15:15,TA401P5300,TA401P5300,395.5,0.0,0.0,0.0,5,388.5,394.5,5,391.5,392.5,400.5,392.5,15.0,5955.0,206
2023-05-11 09:15:39,TA401P5300,TA401P5300,395.5,0.0,0.0,0.0,5,388.5,393.0,5,391.5,392.5,400.5,392.5,15.0,5955.0,206
2023-05-11 09:17:21,TA401P5300,TA401P5300,395.5,0.0,0.0,0.0,5,388.5,394.5,5,391.5,392.5,400.5,392.5,15.0,5955.0,206
2023-05-11 09:17:29,TA401P5300,TA401P5300,395.5,0.0,0.0,0.0,5,390.0,394.5,5,391.5,392.5,400.5,392.5,15.0,5955.0,206
2023-05-11 09:18:12,TA401P5300,TA401P5300,395.5,0.0,0.0,0.0,5,390.0,397.0,5,391.5,392.5,400.5,392.5,15.0,5955.0,206
2023-05-11 09:19:04,TA401P5300,TA401P5300,395.5,0.0,0.0,0.0,5,390.0,395.5,5,391.5,392.5,400.5,392.5,15.0,5955.0,206
2023-05-11 09:19:25,TA401P5300,TA401P5300,395.5,0.0,0.0,0.0,5,391.5,395.5,5,391.5,392.5,400.5,392.5,15.0,5955.0,206
2023-05-11 09:19:29,TA401P5300,TA401P5300,395.5,0.0,0.0,0.0,5,391.5,397.0,5,391.5,392.5,400.5,392.5,15.0,5955.0,206
2023-05-11 09:19:33,TA401P5300,TA401P5300,395.5,0.0,0.0,0.0,5,393.0,397.0,5,391.5,392.5,400.5,392.5,15.0,5955.0,206
2023-05-11 09:21:04,TA401P5300,TA401P5300,395.5,0.0,0.0,0.0,5,391.5,397.0,5,391.5,392.5,400.5,392.5,15.0,5955.0,206
2023-05-11 09:23:14,TA401P5300,TA401P5300,395.5,0.0,0.0,0.0,5,391.5,395.5,5,391.5,392.5,400.5,392.5,15.0,5955.0,206
2023-05-11 09:24:14,TA401P5300,TA401P5300,395.5,0.0,0.0,0.0,1,376.5,395.5,5,391.5,392.5,400.5,392.5,15.0,5955.0,206
2023-05-11 09:24:15,TA401P5300,TA401P5300,395.5,0.0,0.0,0.0,5,389.0,395.5,5,391.5,392.5,400.5,392.5,15.0,5955.0,206
2023-05-11 09:24:24,TA401P5300,TA401P5300,395.5,0.0,0.0,0.0,5,390.5,395.5,5,391.5,392.5,400.5,392.5,15.0,5955.0,206
2023-05-11 09:26:01,TA401P5300,TA401P5300,395.5,0.0,0.0,0.0,5,390.5,394.0,5,391.5,392.5,400.5,392.5,15.0,5955.0,206
2023-05-11 09:26:15,TA401P5300,TA401P5300,395.5,0.0,0.0,0.0,5,389.0,394.0,5,391.5,392.5,400.5,392.5,15.0,5955.0,206
2023-05-11 09:26:41,TA401P5300,TA401P5300,395.5,0.0,0.0,0.0,5,389.0,392.5,5,391.5,392.5,400.5,392.5,15.0,5955.0,206
2023-05-11 09:27:03,TA401P5300,TA401P5300,395.5,0.0,0.0,0.0,1,376.5,392.5,5,391.5,392.5,400.5,392.5,15.0,5955.0,206
2023-05-11 09:27:04,TA401P5300,TA401P5300,395.5,0.0,0.0,0.0,5,386.5,392.5,5,391.5,392.5,400.5,392.5,15.0,5955.0,206
2023-05-11 09:27:19,TA401P5300,TA401P5300,395.5,0.0,0.0,0.0,5,386.5,391.0,5,391.5,392.5,400.5,392.5,15.0,5955.0,206
2023-05-11 09:27:56,TA401P5300,TA401P5300,395.5,0.0,0.0,0.0,1,376.5,391.0,5,391.5,392.5,400.5,392.5,15.0,5955.0,206
2023-05-11 09:27:57,TA401P5300,TA401P5300,395.5,0.0,0.0,0.0,5,384.0,391.0,5,391.5,392.5,400.5,392.5,15.0,5955.0,206
2023-05-11 09:28:01,TA401P5300,TA401P5300,395.5,0.0,0.0,0.0,5,385.5,391.0,5,391.5,392.5,400.5,392.5,15.0,5955.0,206
2023-05-11 09:28:05,TA401P5300,TA401P5300,395.5,0.0,0.0,0.0,5,387.0,391.0,5,391.5,392.5,400.5,392.5,15.0,5955.0,206
2023-05-11 09:28:08,TA401P5300,TA401P5300,395.5,0.0,0.0,0.0,5,387.0,392.5,5,391.5,392.5,400.5,392.5,15.0,5955.0,206
2023-05-11 09:30:22,TA401P5300,TA401P5300,395.5,0.0,0.0,0.0,5,388.5,392.5,5,391.5,392.5,400.5,392.5,15.0,5955.0,206
2023-05-11 09:30:31,TA401P5300,TA401P5300,395.5,0.0,0.0,0.0,5,388.5,394.5,5,391.5,392.5,400.5,392.5,15.0,5955.0,206
2023-05-11 09:30:35,TA401P5300,TA401P5300,395.5,0.0,0.0,0.0,5,390.0,394.5,5,391.5,392.5,400.5,392.5,15.0,5955.0,206
2023-05-11 09:31:54,TA401P5300,TA401P5300,395.5,0.0,0.0,0.0,5,390.0,397.0,5,391.5,392.5,400.5,392.5,15.0,5955.0,206
2023-05-11 09:31:59,TA401P5300,TA401P5300,395.5,0.0,0.0,0.0,5,391.5,397.0,5,391.5,392.5,400.5,392.5,15.0,5955.0,206
2023-05-11 09:32:10,TA401P5300,TA401P5300,395.5,0.0,0.0,0.0,5,391.5,395.5,5,391.5,392.5,400.5,392.5,15.0,5955.0,206
2023-05-11 09:32:38,TA401P5300,TA401P5300,395.5,0.0,0.0,0.0,5,390.0,395.5,5,391.5,392.5,400.5,392.5,15.0,5955.0,206
2023-05-11 09:35:09,TA401P5300,TA401P5300,395.5,0.0,0.0,0.0,5,391.5,395.5,5,391.5,392.5,400.5,392.5,15.0,5955.0,206
2023-05-11 09:35:29,TA401P5300,TA401P5300,395.5,0.0,0.0,0.0,5,391.5,397.0,5,391.5,392.5,400.5,392.5,15.0,5955.0,206
2023-05-11 09:39:04,TA401P5300,TA401P5300,395.5,0.0,0.0,0.0,5,391.5,396.0,5,391.5,392.5,400.5,392.5,15.0,5955.0,206
2023-05-11 09:39:09,TA401P5300,TA401P5300,395.5,0.0,0.0,0.0,5,390.0,396.0,5,391.5,392.5,400.5,392.5,15.0,5955.0,206
2023-05-11 09:39:13,TA401P5300,TA401P5300,395.5,0.0,0.0,0.0,5,390.0,394.5,5,391.5,392.5,400.5,392.5,15.0,5955.0,206
2023-05-11 09:40:16,TA401P5300,TA401P5300,395.5,0.0,0.0,0.0,1,376.5,393.0,5,391.5,392.5,400.5,392.5,15.0,5955.0,206
2023-05-11 09:40:17,TA401P5300,TA401P5300,395.5,0.0,0.0,0.0,5,387.0,393.0,5,391.5,392.5,400.5,392.5,15.0,5955.0,206
2023-05-11 09:40:25,TA401P5300,TA401P5300,395.5,0.0,0.0,0.0,5,388.5,393.0,5,391.5,392.5,400.5,392.5,15.0,5955.0,206
2023-05-11 09:40:51,TA401P5300,TA401P5300,395.5,0.0,0.0,0.0,5,387.0,391.5,5,391.5,392.5,400.5,392.5,15.0,5955.0,206
2023-05-11 09:41:26,TA401P5300,TA401P5300,395.5,0.0,0.0,0.0,5,384.5,390.0,5,391.5,392.5,400.5,392.5,15.0,5955.0,206
2023-05-11 09:41:30,TA401P5300,TA401P5300,395.5,0.0,0.0,0.0,5,384.5,388.5,5,391.5,392.5,400.5,392.5,15.0,5955.0,206
2023-05-11 09:41:33,TA401P5300,TA401P5300,395.5,0.0,0.0,0.0,1,376.5,388.5,5,391.5,392.5,400.5,392.5,15.0,5955.0,206
2023-05-11 09:41:36,TA401P5300,TA401P5300,395.5,0.0,0.0,0.0,5,382.5,388.5,5,391.5,392.5,400.5,392.5,15.0,5955.0,206
2023-05-11 09:41:53,TA401P5300,TA401P5300,395.5,0.0,0.0,0.0,5,384.0,388.5,5,391.5,392.5,400.5,392.5,15.0,5955.0,206
2023-05-11 09:42:24,TA401P5300,TA401P5300,388.5,5.0,1945.0,0.0,5,384.0,390.0,5,391.5,392.5,400.5,388.5,20.0,7900.0,206
2023-05-11 09:42:27,TA401P5300,TA401P5300,388.5,0.0,0.0,0.0,5,385.5,390.0,5,391.5,392.5,400.5,388.5,20.0,7900.0,206
2023-05-11 09:42:42,TA401P5300,TA401P5300,388.5,0.0,0.0,0.0,5,385.5,497.0,1,391.5,392.5,400.5,388.5,20.0,7900.0,206
2023-05-11 09:42:44,TA401P5300,TA401P5300,388.5,0.0,0.0,0.0,5,385.5,392.0,5,391.5,392.5,400.5,388.5,20.0,7900.0,206
2023-05-11 09:42:57,TA401P5300,TA401P5300,388.5,0.0,0.0,0.0,5,387.0,392.0,5,391.5,392.5,400.5,388.5,20.0,7900.0,206
2023-05-11 09:43:16,TA401P5300,TA401P5300,392.0,2.0,779.0,0.0,5,387.0,392.0,3,391.5,392.5,400.5,388.5,22.0,8679.0,206
2023-05-11 09:45:45,TA401P5300,TA401P5300,392.0,0.0,0.0,0.0,5,387.0,390.5,5,391.5,392.5,400.5,388.5,22.0,8679.0,206
2023-05-11 09:45:51,TA401P5300,TA401P5300,392.0,0.0,0.0,0.0,5,385.5,390.5,5,391.5,392.5,400.5,388.5,22.0,8679.0,206
2023-05-11 09:46:39,TA401P5300,TA401P5300,392.0,0.0,0.0,0.0,1,376.5,390.5,5,391.5,392.5,400.5,388.5,22.0,8679.0,206
2023-05-11 09:46:40,TA401P5300,TA401P5300,392.0,0.0,0.0,0.0,1,376.5,389.0,5,391.5,392.5,400.5,388.5,22.0,8679.0,206
2023-05-11 09:46:41,TA401P5300,TA401P5300,392.0,0.0,0.0,0.0,5,383.0,389.0,5,391.5,392.5,400.5,388.5,22.0,8679.0,206
2023-05-11 09:48:26,TA401P5300,TA401P5300,392.0,0.0,0.0,0.0,5,384.5,389.0,5,391.5,392.5,400.5,388.5,22.0,8679.0,206
2023-05-11 09:48:57,TA401P5300,TA401P5300,392.0,0.0,0.0,0.0,5,384.5,390.5,5,391.5,392.5,400.5,388.5,22.0,8679.0,206
2023-05-11 09:50:29,TA401P5300,TA401P5300,392.0,0.0,0.0,0.0,5,386.0,390.5,5,391.5,392.5,400.5,388.5,22.0,8679.0,206
2023-05-11 09:52:54,TA401P5300,TA401P5300,392.0,0.0,0.0,0.0,5,387.5,497.0,1,391.5,392.5,400.5,388.5,22.0,8679.0,206
2023-05-11 09:52:55,TA401P5300,TA401P5300,392.0,0.0,0.0,0.0,5,387.5,393.0,5,391.5,392.5,400.5,388.5,22.0,8679.0,206
2023-05-11 09:56:24,TA401P5300,TA401P5300,392.0,0.0,0.0,0.0,5,387.5,391.5,5,391.5,392.5,400.5,388.5,22.0,8679.0,206
2023-05-11 09:56:47,TA401P5300,TA401P5300,392.0,0.0,0.0,0.0,5,386.0,391.5,5,391.5,392.5,400.5,388.5,22.0,8679.0,206
2023-05-11 09:59:08,TA401P5300,TA401P5300,392.0,0.0,0.0,0.0,5,387.0,391.5,5,391.5,392.5,400.5,388.5,22.0,8679.0,206
2023-05-11 09:59:22,TA401P5300,TA401P5300,391.5,5.0,1959.0,0.0,5,387.0,393.0,5,391.5,392.5,400.5,388.5,27.0,10638.0,206
2023-05-11 09:59:23,TA401P5300,TA401P5300,391.5,0.0,0.0,0.0,5,388.0,393.0,5,391.5,392.5,400.5,388.5,27.0,10638.0,206
2023-05-11 10:03:19,TA401P5300,TA401P5300,391.5,0.0,0.0,0.0,5,389.5,393.0,5,391.5,392.5,400.5,388.5,27.0,10638.0,206
2023-05-11 10:04:33,TA401P5300,TA401P5300,391.5,0.0,0.0,0.0,5,388.0,393.0,5,391.5,392.5,400.5,388.5,27.0,10638.0,206
2023-05-11 10:05:52,TA401P5300,TA401P5300,391.5,0.0,0.0,0.0,5,388.0,392.0,5,391.5,392.5,400.5,388.5,27.0,10638.0,206
2023-05-11 10:05:59,TA401P5300,TA401P5300,391.5,0.0,0.0,0.0,1,376.5,392.0,5,391.5,392.5,400.5,388.5,27.0,10638.0,206
2023-05-11 10:06:01,TA401P5300,TA401P5300,391.5,0.0,0.0,0.0,5,385.5,392.0,5,391.5,392.5,400.5,388.5,27.0,10638.0,206
2023-05-11 10:06:03,TA401P5300,TA401P5300,391.5,0.0,0.0,0.0,5,385.5,390.5,5,391.5,392.5,400.5,388.5,27.0,10638.0,206
2023-05-11 10:07:38,TA401P5300,TA401P5300,391.5,0.0,0.0,0.0,5,386.5,390.5,5,391.5,392.5,400.5,388.5,27.0,10638.0,206
2023-05-11 10:08:03,TA401P5300,TA401P5300,391.5,0.0,0.0,0.0,5,386.5,392.0,5,391.5,392.5,400.5,388.5,27.0,10638.0,206
2023-05-11 10:08:09,TA401P5300,TA401P5300,391.5,0.0,0.0,0.0,5,388.0,392.0,5,391.5,392.5,400.5,388.5,27.0,10638.0,206
2023-05-11 10:08:32,TA401P5300,TA401P5300,391.5,0.0,0.0,0.0,5,388.0,394.0,5,391.5,392.5,400.5,388.5,27.0,10638.0,206
2023-05-11 10:09:01,TA401P5300,TA401P5300,391.5,0.0,0.0,0.0,5,389.5,394.0,5,391.5,392.5,400.5,388.5,27.0,10638.0,206
2023-05-11 10:10:54,TA401P5300,TA401P5300,391.5,0.0,0.0,0.0,1,345.5,393.0,5,391.5,392.5,400.5,388.5,27.0,10638.0,206
2023-05-11 10:10:56,TA401P5300,TA401P5300,391.5,0.0,0.0,0.0,5,385.5,393.0,5,391.5,392.5,400.5,388.5,27.0,10638.0,206
2023-05-11 10:10:57,TA401P5300,TA401P5300,391.5,0.0,0.0,0.0,5,385.5,390.0,5,391.5,392.5,400.5,388.5,27.0,10638.0,206
2023-05-11 10:12:12,TA401P5300,TA401P5300,391.5,0.0,0.0,0.0,1,345.5,390.0,5,391.5,392.5,400.5,388.5,27.0,10638.0,206
2023-05-11 10:12:13,TA401P5300,TA401P5300,391.5,0.0,0.0,0.0,1,345.5,388.5,5,391.5,392.5,400.5,388.5,27.0,10638.0,206
2023-05-11 10:12:16,TA401P5300,TA401P5300,391.5,0.0,0.0,0.0,5,382.5,388.5,5,391.5,392.5,400.5,388.5,27.0,10638.0,206
2023-05-11 10:13:07,TA401P5300,TA401P5300,391.5,0.0,0.0,0.0,5,382.5,387.0,5,391.5,392.5,400.5,388.5,27.0,10638.0,206
2023-05-11 10:13:32,TA401P5300,TA401P5300,391.5,0.0,0.0,0.0,1,345.5,387.0,5,391.5,392.5,400.5,388.5,27.0,10638.0,206
2023-05-11 10:13:33,TA401P5300,TA401P5300,391.5,0.0,0.0,0.0,1,345.5,385.5,5,391.5,392.5,400.5,388.5,27.0,10638.0,206
2023-05-11 10:13:38,TA401P5300,TA401P5300,391.5,0.0,0.0,0.0,5,379.5,385.5,5,391.5,392.5,400.5,388.5,27.0,10638.0,206
2023-05-11 10:13:58,TA401P5300,TA401P5300,391.5,0.0,0.0,0.0,5,379.5,384.0,5,391.5,392.5,400.5,388.5,27.0,10638.0,206
2023-05-11 10:14:06,TA401P5300,TA401P5300,391.5,0.0,0.0,0.0,1,345.5,384.0,5,391.5,392.5,400.5,388.5,27.0,10638.0,206
2023-05-11 10:14:09,TA401P5300,TA401P5300,391.5,0.0,0.0,0.0,5,378.5,384.0,5,391.5,392.5,400.5,388.5,27.0,10638.0,206
2023-05-11 10:14:14,TA401P5300,TA401P5300,391.5,0.0,0.0,0.0,5,378.5,382.5,5,391.5,392.5,400.5,388.5,27.0,10638.0,206
2023-05-11 10:14:14,TA401P5300,TA401P5300,391.5,0.0,0.0,0.0,1,345.5,382.5,5,391.5,392.5,400.5,388.5,27.0,10638.0,206
2023-05-11 10:14:15,TA401P5300,TA401P5300,391.5,0.0,0.0,0.0,1,345.5,381.0,5,391.5,392.5,400.5,388.5,27.0,10638.0,206
2023-05-11 10:14:21,TA401P5300,TA401P5300,391.5,0.0,0.0,0.0,5,375.0,381.0,5,391.5,392.5,400.5,388.5,27.0,10638.0,206
2023-05-11 10:14:34,TA401P5300,TA401P5300,391.5,0.0,0.0,0.0,5,376.5,381.0,5,391.5,392.5,400.5,388.5,27.0,10638.0,206
2023-05-11 10:30:12,TA401P5300,TA401P5300,391.5,0.0,0.0,0.0,5,375.0,381.0,5,391.5,392.5,400.5,388.5,27.0,10638.0,206
2023-05-11 10:30:13,TA401P5300,TA401P5300,391.5,0.0,0.0,0.0,1,345.5,381.0,5,391.5,392.5,400.5,388.5,27.0,10638.0,206
2023-05-11 10:30:13,TA401P5300,TA401P5300,391.5,0.0,0.0,0.0,1,345.5,378.5,5,391.5,392.5,400.5,388.5,27.0,10638.0,206
2023-05-11 10:30:21,TA401P5300,TA401P5300,391.5,0.0,0.0,0.0,1,345.5,377.0,5,391.5,392.5,400.5,388.5,27.0,10638.0,206
2023-05-11 10:30:23,TA401P5300,TA401P5300,391.5,0.0,0.0,0.0,5,371.5,377.0,5,391.5,392.5,400.5,388.5,27.0,10638.0,206
2023-05-11 10:30:36,TA401P5300,TA401P5300,391.5,0.0,0.0,0.0,5,373.0,378.5,5,391.5,392.5,400.5,388.5,27.0,10638.0,206
2023-05-11 10:31:00,TA401P5300,TA401P5300,391.5,0.0,0.0,0.0,5,374.5,378.5,5,391.5,392.5,400.5,388.5,27.0,10638.0,206
2023-05-11 10:31:06,TA401P5300,TA401P5300,391.5,0.0,0.0,0.0,5,374.5,497.0,1,391.5,392.5,400.5,388.5,27.0,10638.0,206
2023-05-11 10:31:09,TA401P5300,TA401P5300,391.5,0.0,0.0,0.0,5,376.0,497.0,1,391.5,392.5,400.5,388.5,27.0,10638.0,206
2023-05-11 10:31:10,TA401P5300,TA401P5300,391.5,0.0,0.0,0.0,5,376.0,381.5,5,391.5,392.5,400.5,388.5,27.0,10638.0,206
2023-05-11 10:31:13,TA401P5300,TA401P5300,391.5,0.0,0.0,0.0,5,376.0,380.0,5,391.5,392.5,400.5,388.5,27.0,10638.0,206
2023-05-11 10:31:17,TA401P5300,TA401P5300,391.5,0.0,0.0,0.0,5,378.0,380.0,5,391.5,392.5,400.5,388.5,27.0,10638.0,206
2023-05-11 10:31:17,TA401P5300,TA401P5300,378.0,5.0,1890.0,0.0,5,376.0,380.0,5,391.5,392.5,400.5,378.0,32.0,12528.0,206
2023-05-11 10:32:06,TA401P5300,TA401P5300,378.0,0.0,0.0,0.0,5,376.0,381.5,5,391.5,392.5,400.5,378.0,32.0,12528.0,206
2023-05-11 10:32:12,TA401P5300,TA401P5300,378.0,0.0,0.0,0.0,5,377.5,381.5,5,391.5,392.5,400.5,378.0,32.0,12528.0,206
2023-05-11 10:33:05,TA401P5300,TA401P5300,378.0,0.0,0.0,0.0,5,377.5,497.0,1,391.5,392.5,400.5,378.0,32.0,12528.0,206
2023-05-11 10:33:06,TA401P5300,TA401P5300,378.0,0.0,0.0,0.0,5,377.5,383.5,5,391.5,392.5,400.5,378.0,32.0,12528.0,206
2023-05-11 10:33:59,TA401P5300,TA401P5300,378.0,0.0,0.0,0.0,5,380.5,383.5,5,391.5,392.5,400.5,378.0,32.0,12528.0,206
2023-05-11 10:34:04,TA401P5300,TA401P5300,378.0,0.0,0.0,0.0,5,377.5,383.5,5,391.5,392.5,400.5,378.0,32.0,12528.0,206
2023-05-11 10:34:05,TA401P5300,TA401P5300,378.0,0.0,0.0,0.0,5,381.0,383.5,5,391.5,392.5,400.5,378.0,32.0,12528.0,206
2023-05-11 10:34:08,TA401P5300,TA401P5300,378.0,0.0,0.0,0.0,5,377.5,383.5,5,391.5,392.5,400.5,378.0,32.0,12528.0,206
2023-05-11 10:34:09,TA401P5300,TA401P5300,378.0,0.0,0.0,0.0,5,381.5,383.5,5,391.5,392.5,400.5,378.0,32.0,12528.0,206
2023-05-11 10:34:12,TA401P5300,TA401P5300,378.0,0.0,0.0,0.0,5,382.0,383.5,5,391.5,392.5,400.5,378.0,32.0,12528.0,206
2023-05-11 10:34:16,TA401P5300,TA401P5300,378.0,0.0,0.0,0.0,5,383.0,383.5,5,391.5,392.5,400.5,378.0,32.0,12528.0,206
2023-05-11 10:34:19,TA401P5300,TA401P5300,383.0,5.0,1920.5,-5.0,5,379.0,383.5,5,391.5,392.5,400.5,378.0,37.0,14448.5,201
2023-05-11 10:34:21,TA401P5300,TA401P5300,383.0,0.0,0.0,0.0,5,379.0,497.0,1,391.5,392.5,400.5,378.0,37.0,14448.5,201
2023-05-11 10:34:22,TA401P5300,TA401P5300,383.0,0.0,0.0,0.0,5,379.0,451.0,1,391.5,392.5,400.5,378.0,37.0,14448.5,201
2023-05-11 10:34:22,TA401P5300,TA401P5300,383.0,0.0,0.0,0.0,5,380.5,386.5,5,391.5,392.5,400.5,378.0,37.0,14448.5,201
2023-05-11 10:34:55,TA401P5300,TA401P5300,383.0,0.0,0.0,0.0,5,380.5,385.0,5,391.5,392.5,400.5,378.0,37.0,14448.5,201
2023-05-11 10:35:32,TA401P5300,TA401P5300,383.0,0.0,0.0,0.0,5,380.5,386.5,5,391.5,392.5,400.5,378.0,37.0,14448.5,201
2023-05-11 10:36:04,TA401P5300,TA401P5300,383.0,0.0,0.0,0.0,5,382.0,386.5,5,391.5,392.5,400.5,378.0,37.0,14448.5,201
2023-05-11 10:36:46,TA401P5300,TA401P5300,383.0,0.0,0.0,0.0,5,380.5,386.5,5,391.5,392.5,400.5,378.0,37.0,14448.5,201
2023-05-11 10:36:50,TA401P5300,TA401P5300,383.0,0.0,0.0,0.0,5,380.5,385.0,5,391.5,392.5,400.5,378.0,37.0,14448.5,201
2023-05-11 10:37:14,TA401P5300,TA401P5300,383.0,0.0,0.0,0.0,5,380.5,386.5,5,391.5,392.5,400.5,378.0,37.0,14448.5,201
2023-05-11 10:37:23,TA401P5300,TA401P5300,383.0,0.0,0.0,0.0,5,382.0,386.5,5,391.5,392.5,400.5,378.0,37.0,14448.5,201
2023-05-11 10:37:39,TA401P5300,TA401P5300,383.0,0.0,0.0,0.0,5,382.0,405.0,1,391.5,392.5,400.5,378.0,37.0,14448.5,201
2023-05-11 10:37:41,TA401P5300,TA401P5300,383.0,0.0,0.0,0.0,5,382.0,389.0,5,391.5,392.5,400.5,378.0,37.0,14448.5,201
2023-05-11 10:37:50,TA401P5300,TA401P5300,383.0,0.0,0.0,0.0,5,382.0,387.5,5,391.5,392.5,400.5,378.0,37.0,14448.5,201
2023-05-11 10:38:57,TA401P5300,TA401P5300,383.0,0.0,0.0,0.0,5,382.0,386.0,5,391.5,392.5,400.5,378.0,37.0,14448.5,201
2023-05-11 10:39:16,TA401P5300,TA401P5300,383.0,0.0,0.0,0.0,5,380.5,386.0,5,391.5,392.5,400.5,378.0,37.0,14448.5,201
2023-05-11 10:39:32,TA401P5300,TA401P5300,383.0,0.0,0.0,0.0,1,362.0,384.0,5,391.5,392.5,400.5,378.0,37.0,14448.5,201
2023-05-11 10:39:33,TA401P5300,TA401P5300,383.0,0.0,0.0,0.0,5,378.0,384.0,5,391.5,392.5,400.5,378.0,37.0,14448.5,201
2023-05-11 10:39:58,TA401P5300,TA401P5300,383.0,0.0,0.0,0.0,5,378.0,382.0,5,391.5,392.5,400.5,378.0,37.0,14448.5,201
2023-05-11 10:40:27,TA401P5300,TA401P5300,383.0,0.0,0.0,0.0,5,378.0,384.0,5,391.5,392.5,400.5,378.0,37.0,14448.5,201
2023-05-11 10:40:50,TA401P5300,TA401P5300,383.0,0.0,0.0,0.0,5,378.0,382.5,5,391.5,392.5,400.5,378.0,37.0,14448.5,201
2023-05-11 10:41:10,TA401P5300,TA401P5300,383.0,0.0,0.0,0.0,1,362.0,382.5,5,391.5,392.5,400.5,378.0,37.0,14448.5,201
2023-05-11 10:41:11,TA401P5300,TA401P5300,383.0,0.0,0.0,0.0,5,375.5,382.5,5,391.5,392.5,400.5,378.0,37.0,14448.5,201
2023-05-11 10:41:33,TA401P5300,TA401P5300,383.0,0.0,0.0,0.0,5,377.0,382.5,5,391.5,392.5,400.5,378.0,37.0,14448.5,201
2023-05-11 10:43:28,TA401P5300,TA401P5300,383.0,0.0,0.0,0.0,5,378.5,382.5,5,391.5,392.5,400.5,378.0,37.0,14448.5,201
2023-05-11 10:43:29,TA401P5300,TA401P5300,383.0,0.0,0.0,0.0,5,378.5,384.0,5,391.5,392.5,400.5,378.0,37.0,14448.5,201
2023-05-11 10:44:54,TA401P5300,TA401P5300,383.0,0.0,0.0,0.0,5,378.5,382.5,5,391.5,392.5,400.5,378.0,37.0,14448.5,201
2023-05-11 10:45:03,TA401P5300,TA401P5300,383.0,0.0,0.0,0.0,5,377.0,382.5,5,391.5,392.5,400.5,378.0,37.0,14448.5,201
2023-05-11 10:45:16,TA401P5300,TA401P5300,383.0,0.0,0.0,0.0,5,377.0,381.0,5,391.5,392.5,400.5,378.0,37.0,14448.5,201
2023-05-11 10:45:17,TA401P5300,TA401P5300,383.0,0.0,0.0,0.0,1,362.0,381.0,5,391.5,392.5,400.5,378.0,37.0,14448.5,201
2023-05-11 10:45:18,TA401P5300,TA401P5300,383.0,0.0,0.0,0.0,1,362.0,379.5,5,391.5,392.5,400.5,378.0,37.0,14448.5,201
2023-05-11 10:45:24,TA401P5300,TA401P5300,383.0,0.0,0.0,0.0,5,374.5,379.5,5,391.5,392.5,400.5,378.0,37.0,14448.5,201
2023-05-11 10:46:00,TA401P5300,TA401P5300,383.0,0.0,0.0,0.0,5,372.0,378.0,5,391.5,392.5,400.5,378.0,37.0,14448.5,201
2023-05-11 10:46:12,TA401P5300,TA401P5300,383.0,0.0,0.0,0.0,5,372.0,376.5,5,391.5,392.5,400.5,378.0,37.0,14448.5,201
2023-05-11 10:46:20,TA401P5300,TA401P5300,383.0,0.0,0.0,0.0,5,372.0,378.0,5,391.5,392.5,400.5,378.0,37.0,14448.5,201
2023-05-11 10:47:05,TA401P5300,TA401P5300,383.0,0.0,0.0,0.0,5,373.5,378.0,5,391.5,392.5,400.5,378.0,37.0,14448.5,201
2023-05-11 10:47:43,TA401P5300,TA401P5300,383.0,0.0,0.0,0.0,5,372.0,378.0,5,391.5,392.5,400.5,378.0,37.0,14448.5,201
2023-05-11 10:47:44,TA401P5300,TA401P5300,383.0,0.0,0.0,0.0,5,372.0,376.5,5,391.5,392.5,400.5,378.0,37.0,14448.5,201
2023-05-11 10:49:22,TA401P5300,TA401P5300,383.0,0.0,0.0,0.0,1,362.0,376.5,5,391.5,392.5,400.5,378.0,37.0,14448.5,201
2023-05-11 10:49:23,TA401P5300,TA401P5300,383.0,0.0,0.0,0.0,5,369.5,376.5,5,391.5,392.5,400.5,378.0,37.0,14448.5,201
2023-05-11 10:49:27,TA401P5300,TA401P5300,383.0,0.0,0.0,0.0,5,369.5,375.0,5,391.5,392.5,400.5,378.0,37.0,14448.5,201
2023-05-11 10:50:12,TA401P5300,TA401P5300,383.0,0.0,0.0,0.0,5,369.5,373.5,5,391.5,392.5,400.5,378.0,37.0,14448.5,201
2023-05-11 10:50:53,TA401P5300,TA401P5300,383.0,0.0,0.0,0.0,1,362.0,373.5,5,391.5,392.5,400.5,378.0,37.0,14448.5,201
2023-05-11 10:50:53,TA401P5300,TA401P5300,383.0,0.0,0.0,0.0,5,367.0,373.5,5,391.5,392.5,400.5,378.0,37.0,14448.5,201
2023-05-11 10:50:54,TA401P5300,TA401P5300,383.0,0.0,0.0,0.0,5,367.0,372.0,5,391.5,392.5,400.5,378.0,37.0,14448.5,201
2023-05-11 10:51:12,TA401P5300,TA401P5300,383.0,0.0,0.0,0.0,1,362.0,372.0,5,391.5,392.5,400.5,378.0,37.0,14448.5,201
2023-05-11 10:51:13,TA401P5300,TA401P5300,383.0,0.0,0.0,0.0,5,365.0,372.0,5,391.5,392.5,400.5,378.0,37.0,14448.5,201
2023-05-11 10:51:19,TA401P5300,TA401P5300,383.0,0.0,0.0,0.0,5,366.5,372.0,5,391.5,392.5,400.5,378.0,37.0,14448.5,201
2023-05-11 10:51:23,TA401P5300,TA401P5300,383.0,0.0,0.0,0.0,5,368.0,372.0,5,391.5,392.5,400.5,378.0,37.0,14448.5,201
2023-05-11 10:51:26,TA401P5300,TA401P5300,383.0,0.0,0.0,0.0,5,368.0,373.5,5,391.5,392.5,400.5,378.0,37.0,14448.5,201
2023-05-11 10:51:44,TA401P5300,TA401P5300,383.0,0.0,0.0,0.0,5,369.5,373.5,5,391.5,392.5,400.5,378.0,37.0,14448.5,201
2023-05-11 10:52:02,TA401P5300,TA401P5300,383.0,0.0,0.0,0.0,5,368.0,373.5,5,391.5,392.5,400.5,378.0,37.0,14448.5,201
2023-05-11 10:52:22,TA401P5300,TA401P5300,383.0,0.0,0.0,0.0,5,368.0,372.0,5,391.5,392.5,400.5,378.0,37.0,14448.5,201
2023-05-11 10:52:28,TA401P5300,TA401P5300,383.0,0.0,0.0,0.0,1,362.0,372.0,5,391.5,392.5,400.5,378.0,37.0,14448.5,201
2023-05-11 10:52:29,TA401P5300,TA401P5300,383.0,0.0,0.0,0.0,5,365.5,372.0,5,391.5,392.5,400.5,378.0,37.0,14448.5,201
2023-05-11 10:52:42,TA401P5300,TA401P5300,383.0,0.0,0.0,0.0,5,367.0,372.0,5,391.5,392.5,400.5,378.0,37.0,14448.5,201
2023-05-11 10:52:54,TA401P5300,TA401P5300,383.0,0.0,0.0,0.0,5,367.0,373.5,5,391.5,392.5,400.5,378.0,37.0,14448.5,201
2023-05-11 10:52:55,TA401P5300,TA401P5300,383.0,0.0,0.0,0.0,5,369.0,373.5,5,391.5,392.5,400.5,378.0,37.0,14448.5,201
2023-05-11 10:55:19,TA401P5300,TA401P5300,383.0,0.0,0.0,0.0,5,369.0,405.0,1,391.5,392.5,400.5,378.0,37.0,14448.5,201
2023-05-11 10:55:20,TA401P5300,TA401P5300,383.0,0.0,0.0,0.0,5,369.0,375.5,5,391.5,392.5,400.5,378.0,37.0,14448.5,201
2023-05-11 10:55:37,TA401P5300,TA401P5300,383.0,0.0,0.0,0.0,5,369.0,374.0,5,391.5,392.5,400.5,378.0,37.0,14448.5,201
2023-05-11 10:56:36,TA401P5300,TA401P5300,383.0,0.0,0.0,0.0,5,370.5,375.5,5,391.5,392.5,400.5,378.0,37.0,14448.5,201
2023-05-11 11:00:38,TA401P5300,TA401P5300,383.0,0.0,0.0,0.0,5,372.0,378.0,5,391.5,392.5,400.5,378.0,37.0,14448.5,201
2023-05-11 11:00:43,TA401P5300,TA401P5300,383.0,0.0,0.0,0.0,5,373.5,378.0,5,391.5,392.5,400.5,378.0,37.0,14448.5,201
2023-05-11 11:00:51,TA401P5300,TA401P5300,383.0,0.0,0.0,0.0,5,373.5,380.5,5,391.5,392.5,400.5,378.0,37.0,14448.5,201
2023-05-11 11:01:29,TA401P5300,TA401P5300,383.0,0.0,0.0,0.0,5,373.5,379.0,5,391.5,392.5,400.5,378.0,37.0,14448.5,201
2023-05-11 11:01:47,TA401P5300,TA401P5300,383.0,0.0,0.0,0.0,5,373.5,377.5,5,391.5,392.5,400.5,378.0,37.0,14448.5,201
2023-05-11 11:01:47,TA401P5300,TA401P5300,383.0,0.0,0.0,0.0,5,372.0,377.5,5,391.5,392.5,400.5,378.0,37.0,14448.5,201
2023-05-11 11:02:03,TA401P5300,TA401P5300,383.0,0.0,0.0,0.0,5,372.0,376.0,5,391.5,392.5,400.5,378.0,37.0,14448.5,201
2023-05-11 11:02:05,TA401P5300,TA401P5300,383.0,0.0,0.0,0.0,1,362.0,376.0,5,391.5,392.5,400.5,378.0,37.0,14448.5,201
2023-05-11 11:02:08,TA401P5300,TA401P5300,383.0,0.0,0.0,0.0,1,362.0,374.5,5,391.5,392.5,400.5,378.0,37.0,14448.5,201
2023-05-11 11:02:10,TA401P5300,TA401P5300,383.0,0.0,0.0,0.0,5,369.0,374.5,5,391.5,392.5,400.5,378.0,37.0,14448.5,201
2023-05-11 11:04:45,TA401P5300,TA401P5300,383.0,0.0,0.0,0.0,5,370.5,374.5,5,391.5,392.5,400.5,378.0,37.0,14448.5,201
2023-05-11 11:04:47,TA401P5300,TA401P5300,383.0,0.0,0.0,0.0,5,370.5,376.0,5,391.5,392.5,400.5,378.0,37.0,14448.5,201
2023-05-11 11:04:50,TA401P5300,TA401P5300,383.0,0.0,0.0,0.0,5,370.5,405.0,1,391.5,392.5,400.5,378.0,37.0,14448.5,201
2023-05-11 11:04:52,TA401P5300,TA401P5300,383.0,0.0,0.0,0.0,5,370.5,378.0,5,391.5,392.5,400.5,378.0,37.0,14448.5,201
2023-05-11 11:05:17,TA401P5300,TA401P5300,383.0,0.0,0.0,0.0,5,370.5,376.5,5,391.5,392.5,400.5,378.0,37.0,14448.5,201
2023-05-11 11:05:24,TA401P5300,TA401P5300,383.0,0.0,0.0,0.0,5,372.0,376.5,5,391.5,392.5,400.5,378.0,37.0,14448.5,201
2023-05-11 11:05:45,TA401P5300,TA401P5300,383.0,0.0,0.0,0.0,5,370.5,376.5,5,391.5,392.5,400.5,378.0,37.0,14448.5,201
2023-05-11 11:05:51,TA401P5300,TA401P5300,383.0,0.0,0.0,0.0,5,370.5,375.0,5,391.5,392.5,400.5,378.0,37.0,14448.5,201
2023-05-11 11:06:52,TA401P5300,TA401P5300,383.0,0.0,0.0,0.0,5,370.5,376.5,5,391.5,392.5,400.5,378.0,37.0,14448.5,201
2023-05-11 11:06:53,TA401P5300,TA401P5300,383.0,0.0,0.0,0.0,5,372.0,376.5,5,391.5,392.5,400.5,378.0,37.0,14448.5,201
2023-05-11 11:07:11,TA401P5300,TA401P5300,383.0,0.0,0.0,0.0,5,372.0,405.0,1,391.5,392.5,400.5,378.0,37.0,14448.5,201
2023-05-11 11:07:15,TA401P5300,TA401P5300,383.0,0.0,0.0,0.0,5,372.0,379.5,5,391.5,392.5,400.5,378.0,37.0,14448.5,201
2023-05-11 11:07:19,TA401P5300,TA401P5300,383.0,0.0,0.0,0.0,5,373.5,379.5,5,391.5,392.5,400.5,378.0,37.0,14448.5,201
2023-05-11 11:07:33,TA401P5300,TA401P5300,383.0,0.0,0.0,0.0,5,373.5,378.0,5,391.5,392.5,400.5,378.0,37.0,14448.5,201
2023-05-11 11:08:17,TA401P5300,TA401P5300,383.0,0.0,0.0,0.0,5,372.0,378.0,5,391.5,392.5,400.5,378.0,37.0,14448.5,201
2023-05-11 11:10:50,TA401P5300,TA401P5300,383.0,0.0,0.0,0.0,5,373.5,378.0,5,391.5,392.5,400.5,378.0,37.0,14448.5,201
2023-05-11 11:10:57,TA401P5300,TA401P5300,383.0,0.0,0.0,0.0,5,373.5,379.5,5,391.5,392.5,400.5,378.0,37.0,14448.5,201
2023-05-11 11:12:33,TA401P5300,TA401P5300,383.0,0.0,0.0,0.0,5,373.5,378.0,5,391.5,392.5,400.5,378.0,37.0,14448.5,201
2023-05-11 11:13:08,TA401P5300,TA401P5300,383.0,0.0,0.0,0.0,5,372.0,378.0,5,391.5,392.5,400.5,378.0,37.0,14448.5,201
2023-05-11 11:13:10,TA401P5300,TA401P5300,383.0,0.0,0.0,0.0,5,372.0,376.5,5,391.5,392.5,400.5,378.0,37.0,14448.5,201
2023-05-11 11:14:16,TA401P5300,TA401P5300,383.0,0.0,0.0,0.0,5,369.5,376.5,5,391.5,392.5,400.5,378.0,37.0,14448.5,201
2023-05-11 11:14:31,TA401P5300,TA401P5300,383.0,0.0,0.0,0.0,5,369.5,375.0,5,391.5,392.5,400.5,378.0,37.0,14448.5,201
2023-05-11 11:14:59,TA401P5300,TA401P5300,383.0,0.0,0.0,0.0,5,369.5,373.5,5,391.5,392.5,400.5,378.0,37.0,14448.5,201
2023-05-11 11:16:23,TA401P5300,TA401P5300,383.0,0.0,0.0,0.0,5,369.5,375.0,5,391.5,392.5,400.5,378.0,37.0,14448.5,201
2023-05-11 11:18:34,TA401P5300,TA401P5300,383.0,0.0,0.0,0.0,5,369.5,373.5,5,391.5,392.5,400.5,378.0,37.0,14448.5,201
2023-05-11 11:19:40,TA401P5300,TA401P5300,383.0,0.0,0.0,0.0,5,367.0,373.5,5,391.5,392.5,400.5,378.0,37.0,14448.5,201
2023-05-11 11:20:05,TA401P5300,TA401P5300,383.0,0.0,0.0,0.0,5,368.5,373.5,5,391.5,392.5,400.5,378.0,37.0,14448.5,201
2023-05-11 11:26:14,TA401P5300,TA401P5300,383.0,0.0,0.0,0.0,5,370.0,373.5,5,391.5,392.5,400.5,378.0,37.0,14448.5,201
2023-05-11 11:26:19,TA401P5300,TA401P5300,383.0,0.0,0.0,0.0,5,370.0,375.0,5,391.5,392.5,400.5,378.0,37.0,14448.5,201
2023-05-11 11:27:05,TA401P5300,TA401P5300,383.0,0.0,0.0,0.0,5,370.0,405.0,1,391.5,392.5,400.5,378.0,37.0,14448.5,201
2023-05-11 11:27:08,TA401P5300,TA401P5300,383.0,0.0,0.0,0.0,5,370.0,377.0,5,391.5,392.5,400.5,378.0,37.0,14448.5,201
2023-05-11 11:27:10,TA401P5300,TA401P5300,383.0,0.0,0.0,0.0,5,371.5,377.0,5,391.5,392.5,400.5,378.0,37.0,14448.5,201
2023-05-11 11:29:18,TA401P5300,TA401P5300,383.0,0.0,0.0,0.0,5,373.0,377.0,5,391.5,392.5,400.5,378.0,37.0,14448.5,201
2023-05-11 11:29:22,TA401P5300,TA401P5300,383.0,0.0,0.0,0.0,5,373.0,405.0,1,391.5,392.5,400.5,378.0,37.0,14448.5,201
2023-05-11 11:29:22,TA401P5300,TA401P5300,383.0,0.0,0.0,0.0,5,373.0,379.0,5,391.5,392.5,400.5,378.0,37.0,14448.5,201
2023-05-11 11:29:27,TA401P5300,TA401P5300,383.0,0.0,0.0,0.0,1,362.0,405.0,1,391.5,392.5,400.5,378.0,37.0,14448.5,201
2023-05-11 11:29:29,TA401P5300,TA401P5300,383.0,0.0,0.0,0.0,1,327.5,405.0,1,391.5,392.5,400.5,378.0,37.0,14448.5,201
2023-05-11 11:29:36,TA401P5300,TA401P5300,383.0,0.0,0.0,0.0,1,327.5,423.0,1,391.5,392.5,400.5,378.0,37.0,14448.5,201
2023-05-11 13:44:11,TA401P5300,TA401P5300,383.0,0.0,0.0,0.0,1,327.5,369.5,5,391.5,392.5,400.5,378.0,37.0,14448.5,201
2023-05-11 13:44:13,TA401P5300,TA401P5300,383.0,0.0,0.0,0.0,5,364.0,369.5,5,391.5,392.5,400.5,378.0,37.0,14448.5,201
2023-05-11 13:44:28,TA401P5300,TA401P5300,383.0,0.0,0.0,0.0,5,365.5,369.5,5,391.5,392.5,400.5,378.0,37.0,14448.5,201
2023-05-11 13:44:51,TA401P5300,TA401P5300,383.0,0.0,0.0,0.0,5,365.5,423.0,1,391.5,392.5,400.5,378.0,37.0,14448.5,201
2023-05-11 13:44:52,TA401P5300,TA401P5300,383.0,0.0,0.0,0.0,5,365.5,371.0,5,391.5,392.5,400.5,378.0,37.0,14448.5,201
2023-05-11 13:45:20,TA401P5300,TA401P5300,383.0,0.0,0.0,0.0,5,365.5,369.5,5,391.5,392.5,400.5,378.0,37.0,14448.5,201
2023-05-11 13:45:23,TA401P5300,TA401P5300,383.0,0.0,0.0,0.0,5,364.0,369.5,5,391.5,392.5,400.5,378.0,37.0,14448.5,201
2023-05-11 13:45:27,TA401P5300,TA401P5300,383.0,0.0,0.0,0.0,5,364.0,368.0,5,391.5,392.5,400.5,378.0,37.0,14448.5,201
2023-05-11 13:45:34,TA401P5300,TA401P5300,383.0,0.0,0.0,0.0,1,327.5,368.0,5,391.5,392.5,400.5,378.0,37.0,14448.5,201
2023-05-11 13:45:35,TA401P5300,TA401P5300,383.0,0.0,0.0,0.0,5,361.5,368.0,5,391.5,392.5,400.5,378.0,37.0,14448.5,201
2023-05-11 13:45:37,TA401P5300,TA401P5300,383.0,0.0,0.0,0.0,5,361.5,366.0,5,391.5,392.5,400.5,378.0,37.0,14448.5,201
2023-05-11 13:46:07,TA401P5300,TA401P5300,383.0,0.0,0.0,0.0,5,359.0,366.0,5,391.5,392.5,400.5,378.0,37.0,14448.5,201
2023-05-11 13:46:16,TA401P5300,TA401P5300,383.0,0.0,0.0,0.0,5,360.5,366.0,5,391.5,392.5,400.5,378.0,37.0,14448.5,201
2023-05-11 13:46:56,TA401P5300,TA401P5300,383.0,0.0,0.0,0.0,5,360.5,364.5,5,391.5,392.5,400.5,378.0,37.0,14448.5,201
2023-05-11 13:48:29,TA401P5300,TA401P5300,383.0,0.0,0.0,0.0,5,360.5,366.0,5,391.5,392.5,400.5,378.0,37.0,14448.5,201
2023-05-11 13:49:05,TA401P5300,TA401P5300,383.0,0.0,0.0,0.0,5,360.5,364.5,5,391.5,392.5,400.5,378.0,37.0,14448.5,201
2023-05-11 13:50:13,TA401P5300,TA401P5300,383.0,0.0,0.0,0.0,5,360.5,366.0,5,391.5,392.5,400.5,378.0,37.0,14448.5,201
2023-05-11 13:51:00,TA401P5300,TA401P5300,383.0,0.0,0.0,0.0,5,362.0,366.0,5,391.5,392.5,400.5,378.0,37.0,14448.5,201
2023-05-11 13:51:09,TA401P5300,TA401P5300,383.0,0.0,0.0,0.0,5,360.5,366.0,5,391.5,392.5,400.5,378.0,37.0,14448.5,201
2023-05-11 13:51:18,TA401P5300,TA401P5300,383.0,0.0,0.0,0.0,5,360.5,364.5,5,391.5,392.5,400.5,378.0,37.0,14448.5,201
2023-05-11 13:51:27,TA401P5300,TA401P5300,383.0,0.0,0.0,0.0,1,327.5,364.5,5,391.5,392.5,400.5,378.0,37.0,14448.5,201
2023-05-11 13:51:28,TA401P5300,TA401P5300,383.0,0.0,0.0,0.0,5,358.0,364.5,5,391.5,392.5,400.5,378.0,37.0,14448.5,201
2023-05-11 13:52:01,TA401P5300,TA401P5300,383.0,0.0,0.0,0.0,5,359.5,364.5,5,391.5,392.5,400.5,378.0,37.0,14448.5,201
2023-05-11 13:52:08,TA401P5300,TA401P5300,383.0,0.0,0.0,0.0,5,361.0,366.0,5,391.5,392.5,400.5,378.0,37.0,14448.5,201
2023-05-11 13:52:12,TA401P5300,TA401P5300,383.0,0.0,0.0,0.0,5,361.0,423.0,1,391.5,392.5,400.5,378.0,37.0,14448.5,201
2023-05-11 13:52:17,TA401P5300,TA401P5300,383.0,0.0,0.0,0.0,5,361.0,367.5,5,391.5,392.5,400.5,378.0,37.0,14448.5,201
2023-05-11 13:52:29,TA401P5300,TA401P5300,383.0,0.0,0.0,0.0,5,362.5,367.5,5,391.5,392.5,400.5,378.0,37.0,14448.5,201
2023-05-11 13:53:59,TA401P5300,TA401P5300,383.0,0.0,0.0,0.0,5,361.0,367.5,5,391.5,392.5,400.5,378.0,37.0,14448.5,201
2023-05-11 13:53:59,TA401P5300,TA401P5300,383.0,0.0,0.0,0.0,5,361.0,366.0,5,391.5,392.5,400.5,378.0,37.0,14448.5,201
2023-05-11 13:54:10,TA401P5300,TA401P5300,383.0,0.0,0.0,0.0,5,361.0,364.5,5,391.5,392.5,400.5,378.0,37.0,14448.5,201
2023-05-11 13:55:55,TA401P5300,TA401P5300,383.0,0.0,0.0,0.0,5,361.0,366.0,5,391.5,392.5,400.5,378.0,37.0,14448.5,201
2023-05-11 13:56:46,TA401P5300,TA401P5300,383.0,0.0,0.0,0.0,5,362.5,368.0,5,391.5,392.5,400.5,378.0,37.0,14448.5,201
2023-05-11 13:58:36,TA401P5300,TA401P5300,383.0,0.0,0.0,0.0,5,362.5,366.5,5,391.5,392.5,400.5,378.0,37.0,14448.5,201
2023-05-11 13:59:26,TA401P5300,TA401P5300,383.0,0.0,0.0,0.0,5,362.5,368.0,5,391.5,392.5,400.5,378.0,37.0,14448.5,201
2023-05-11 14:00:25,TA401P5300,TA401P5300,383.0,0.0,0.0,0.0,5,364.0,368.0,5,391.5,392.5,400.5,378.0,37.0,14448.5,201
2023-05-11 14:00:25,TA401P5300,TA401P5300,383.0,0.0,0.0,0.0,5,364.0,423.0,1,391.5,392.5,400.5,378.0,37.0,14448.5,201
2023-05-11 14:00:26,TA401P5300,TA401P5300,383.0,0.0,0.0,0.0,5,364.0,370.0,5,391.5,392.5,400.5,378.0,37.0,14448.5,201
2023-05-11 14:01:22,TA401P5300,TA401P5300,383.0,0.0,0.0,0.0,5,364.0,368.5,5,391.5,392.5,400.5,378.0,37.0,14448.5,201
2023-05-11 14:01:53,TA401P5300,TA401P5300,383.0,0.0,0.0,0.0,5,362.5,367.0,5,391.5,392.5,400.5,378.0,37.0,14448.5,201
2023-05-11 14:02:16,TA401P5300,TA401P5300,383.0,0.0,0.0,0.0,5,362.5,368.5,5,391.5,392.5,400.5,378.0,37.0,14448.5,201
2023-05-11 14:02:51,TA401P5300,TA401P5300,383.0,0.0,0.0,0.0,5,364.0,368.5,5,391.5,392.5,400.5,378.0,37.0,14448.5,201
2023-05-11 14:03:02,TA401P5300,TA401P5300,383.0,0.0,0.0,0.0,5,364.0,370.5,5,391.5,392.5,400.5,378.0,37.0,14448.5,201
2023-05-11 14:04:50,TA401P5300,TA401P5300,383.0,0.0,0.0,0.0,5,365.5,370.5,5,391.5,392.5,400.5,378.0,37.0,14448.5,201
2023-05-11 14:06:06,TA401P5300,TA401P5300,383.0,0.0,0.0,0.0,5,365.5,369.0,5,391.5,392.5,400.5,378.0,37.0,14448.5,201
2023-05-11 14:06:07,TA401P5300,TA401P5300,383.0,0.0,0.0,0.0,5,364.0,369.0,5,391.5,392.5,400.5,378.0,37.0,14448.5,201
2023-05-11 14:06:40,TA401P5300,TA401P5300,383.0,0.0,0.0,0.0,5,364.0,367.5,5,391.5,392.5,400.5,378.0,37.0,14448.5,201
2023-05-11 14:07:09,TA401P5300,TA401P5300,383.0,0.0,0.0,0.0,5,364.0,369.0,5,391.5,392.5,400.5,378.0,37.0,14448.5,201
2023-05-11 14:08:52,TA401P5300,TA401P5300,383.0,0.0,0.0,0.0,5,365.5,371.0,5,391.5,392.5,400.5,378.0,37.0,14448.5,201
2023-05-11 14:10:03,TA401P5300,TA401P5300,383.0,0.0,0.0,0.0,5,365.5,369.5,5,391.5,392.5,400.5,378.0,37.0,14448.5,201
2023-05-11 14:14:31,TA401P5300,TA401P5300,383.0,0.0,0.0,0.0,5,364.0,369.5,5,391.5,392.5,400.5,378.0,37.0,14448.5,201
2023-05-11 14:14:39,TA401P5300,TA401P5300,383.0,0.0,0.0,0.0,5,364.0,368.5,5,391.5,392.5,400.5,378.0,37.0,14448.5,201
2023-05-11 14:15:49,TA401P5300,TA401P5300,383.0,0.0,0.0,0.0,1,327.5,368.5,5,391.5,392.5,400.5,378.0,37.0,14448.5,201
2023-05-11 14:15:50,TA401P5300,TA401P5300,383.0,0.0,0.0,0.0,5,362.0,367.5,5,391.5,392.5,400.5,378.0,37.0,14448.5,201
2023-05-11 14:16:57,TA401P5300,TA401P5300,383.0,0.0,0.0,0.0,5,363.0,367.5,5,391.5,392.5,400.5,378.0,37.0,14448.5,201
2023-05-11 14:17:04,TA401P5300,TA401P5300,383.0,0.0,0.0,0.0,5,363.0,368.5,5,391.5,392.5,400.5,378.0,37.0,14448.5,201
2023-05-11 14:17:07,TA401P5300,TA401P5300,383.0,0.0,0.0,0.0,5,364.0,368.5,5,391.5,392.5,400.5,378.0,37.0,14448.5,201
2023-05-11 14:18:10,TA401P5300,TA401P5300,383.0,0.0,0.0,0.0,5,363.0,368.5,5,391.5,392.5,400.5,378.0,37.0,14448.5,201
2023-05-11 14:18:11,TA401P5300,TA401P5300,383.0,0.0,0.0,0.0,5,363.0,367.5,5,391.5,392.5,400.5,378.0,37.0,14448.5,201
2023-05-11 14:20:05,TA401P5300,TA401P5300,383.0,0.0,0.0,0.0,1,327.5,367.5,5,391.5,392.5,400.5,378.0,37.0,14448.5,201
2023-05-11 14:20:07,TA401P5300,TA401P5300,383.0,0.0,0.0,0.0,5,361.0,367.5,5,391.5,392.5,400.5,378.0,37.0,14448.5,201
2023-05-11 14:20:08,TA401P5300,TA401P5300,383.0,0.0,0.0,0.0,5,361.0,366.0,5,391.5,392.5,400.5,378.0,37.0,14448.5,201
2023-05-11 14:21:06,TA401P5300,TA401P5300,383.0,0.0,0.0,0.0,5,361.0,365.0,5,391.5,392.5,400.5,378.0,37.0,14448.5,201
2023-05-11 14:21:23,TA401P5300,TA401P5300,383.0,0.0,0.0,0.0,5,361.0,366.0,5,391.5,392.5,400.5,378.0,37.0,14448.5,201
2023-05-11 14:21:26,TA401P5300,TA401P5300,383.0,0.0,0.0,0.0,5,361.0,423.0,1,391.5,392.5,400.5,378.0,37.0,14448.5,201
2023-05-11 14:21:28,TA401P5300,TA401P5300,383.0,0.0,0.0,0.0,5,362.5,368.0,5,391.5,392.5,400.5,378.0,37.0,14448.5,201
2023-05-11 14:21:42,TA401P5300,TA401P5300,383.0,0.0,0.0,0.0,5,364.0,368.0,5,391.5,392.5,400.5,378.0,37.0,14448.5,201
2023-05-11 14:21:54,TA401P5300,TA401P5300,383.0,0.0,0.0,0.0,5,364.0,423.0,1,391.5,392.5,400.5,378.0,37.0,14448.5,201
2023-05-11 14:21:58,TA401P5300,TA401P5300,383.0,0.0,0.0,0.0,5,364.0,370.5,5,391.5,392.5,400.5,378.0,37.0,14448.5,201
2023-05-11 14:22:02,TA401P5300,TA401P5300,383.0,0.0,0.0,0.0,5,365.5,370.5,5,391.5,392.5,400.5,378.0,37.0,14448.5,201
2023-05-11 14:22:42,TA401P5300,TA401P5300,383.0,0.0,0.0,0.0,5,367.0,423.0,1,391.5,392.5,400.5,378.0,37.0,14448.5,201
2023-05-11 14:22:43,TA401P5300,TA401P5300,383.0,0.0,0.0,0.0,5,367.0,372.5,5,391.5,392.5,400.5,378.0,37.0,14448.5,201
2023-05-11 14:23:13,TA401P5300,TA401P5300,383.0,0.0,0.0,0.0,5,368.5,372.5,5,391.5,392.5,400.5,378.0,37.0,14448.5,201
2023-05-11 14:23:15,TA401P5300,TA401P5300,383.0,0.0,0.0,0.0,5,368.5,374.5,5,391.5,392.5,400.5,378.0,37.0,14448.5,201
2023-05-11 14:23:31,TA401P5300,TA401P5300,383.0,0.0,0.0,0.0,5,368.5,373.0,5,391.5,392.5,400.5,378.0,37.0,14448.5,201
2023-05-11 14:24:26,TA401P5300,TA401P5300,383.0,0.0,0.0,0.0,5,368.5,374.5,5,391.5,392.5,400.5,378.0,37.0,14448.5,201
2023-05-11 14:27:50,TA401P5300,TA401P5300,383.0,0.0,0.0,0.0,5,368.5,373.0,5,391.5,392.5,400.5,378.0,37.0,14448.5,201
2023-05-11 14:29:40,TA401P5300,TA401P5300,383.0,0.0,0.0,0.0,5,367.0,373.0,5,391.5,392.5,400.5,378.0,37.0,14448.5,201
2023-05-11 14:29:42,TA401P5300,TA401P5300,383.0,0.0,0.0,0.0,5,367.0,371.5,5,391.5,392.5,400.5,378.0,37.0,14448.5,201
2023-05-11 14:30:22,TA401P5300,TA401P5300,383.0,0.0,0.0,0.0,5,367.0,373.0,5,391.5,392.5,400.5,378.0,37.0,14448.5,201
2023-05-11 14:30:23,TA401P5300,TA401P5300,383.0,0.0,0.0,0.0,5,368.5,373.0,5,391.5,392.5,400.5,378.0,37.0,14448.5,201
2023-05-11 14:30:36,TA401P5300,TA401P5300,383.0,0.0,0.0,0.0,5,368.5,375.0,5,391.5,392.5,400.5,378.0,37.0,14448.5,201
2023-05-11 14:31:40,TA401P5300,TA401P5300,383.0,0.0,0.0,0.0,5,370.0,375.0,5,391.5,392.5,400.5,378.0,37.0,14448.5,201
2023-05-11 14:33:13,TA401P5300,TA401P5300,383.0,0.0,0.0,0.0,5,370.0,373.5,5,391.5,392.5,400.5,378.0,37.0,14448.5,201
2023-05-11 14:34:02,TA401P5300,TA401P5300,383.0,0.0,0.0,0.0,5,368.5,373.5,5,391.5,392.5,400.5,378.0,37.0,14448.5,201
2023-05-11 14:34:49,TA401P5300,TA401P5300,383.0,0.0,0.0,0.0,5,370.0,375.0,5,391.5,392.5,400.5,378.0,37.0,14448.5,201
2023-05-11 14:37:30,TA401P5300,TA401P5300,383.0,0.0,0.0,0.0,5,371.5,423.0,1,391.5,392.5,400.5,378.0,37.0,14448.5,201
2023-05-11 14:37:34,TA401P5300,TA401P5300,383.0,0.0,0.0,0.0,5,371.5,378.5,5,391.5,392.5,400.5,378.0,37.0,14448.5,201
2023-05-11 14:37:49,TA401P5300,TA401P5300,383.0,0.0,0.0,0.0,5,371.5,377.0,5,391.5,392.5,400.5,378.0,37.0,14448.5,201
2023-05-11 14:37:51,TA401P5300,TA401P5300,383.0,0.0,0.0,0.0,10,374.5,377.0,5,391.5,392.5,400.5,378.0,37.0,14448.5,201
2023-05-11 14:37:56,TA401P5300,TA401P5300,383.0,0.0,0.0,0.0,5,371.5,377.0,5,391.5,392.5,400.5,378.0,37.0,14448.5,201
2023-05-11 14:38:06,TA401P5300,TA401P5300,383.0,0.0,0.0,0.0,5,373.0,377.0,5,391.5,392.5,400.5,378.0,37.0,14448.5,201
2023-05-11 14:38:10,TA401P5300,TA401P5300,383.0,0.0,0.0,0.0,5,373.0,378.5,5,391.5,392.5,400.5,378.0,37.0,14448.5,201
2023-05-11 14:38:54,TA401P5300,TA401P5300,383.0,0.0,0.0,0.0,5,373.0,423.0,1,391.5,392.5,400.5,378.0,37.0,14448.5,201
2023-05-11 14:38:56,TA401P5300,TA401P5300,383.0,0.0,0.0,0.0,5,373.0,380.0,5,391.5,392.5,400.5,378.0,37.0,14448.5,201
2023-05-11 14:38:57,TA401P5300,TA401P5300,383.0,0.0,0.0,0.0,5,374.5,380.0,5,391.5,392.5,400.5,378.0,37.0,14448.5,201
2023-05-11 14:39:06,TA401P5300,TA401P5300,383.0,0.0,0.0,0.0,5,376.0,380.0,5,391.5,392.5,400.5,378.0,37.0,14448.5,201
2023-05-11 14:39:22,TA401P5300,TA401P5300,383.0,0.0,0.0,0.0,5,376.0,382.0,5,391.5,392.5,400.5,378.0,37.0,14448.5,201
2023-05-11 14:40:26,TA401P5300,TA401P5300,383.0,0.0,0.0,0.0,5,377.5,382.0,5,391.5,392.5,400.5,378.0,37.0,14448.5,201
2023-05-11 14:40:58,TA401P5300,TA401P5300,383.0,0.0,0.0,0.0,5,377.5,423.0,1,391.5,392.5,400.5,378.0,37.0,14448.5,201
2023-05-11 14:40:59,TA401P5300,TA401P5300,383.0,0.0,0.0,0.0,5,377.5,384.0,5,391.5,392.5,400.5,378.0,37.0,14448.5,201
2023-05-11 14:41:12,TA401P5300,TA401P5300,383.0,0.0,0.0,0.0,5,377.5,382.5,5,391.5,392.5,400.5,378.0,37.0,14448.5,201
2023-05-11 14:44:13,TA401P5300,TA401P5300,383.0,0.0,0.0,0.0,5,376.0,381.0,5,391.5,392.5,400.5,378.0,37.0,14448.5,201
2023-05-11 14:45:25,TA401P5300,TA401P5300,383.0,0.0,0.0,0.0,1,327.5,381.0,5,391.5,392.5,400.5,378.0,37.0,14448.5,201
2023-05-11 14:45:25,TA401P5300,TA401P5300,383.0,0.0,0.0,0.0,5,373.5,381.0,5,391.5,392.5,400.5,378.0,37.0,14448.5,201
2023-05-11 14:45:26,TA401P5300,TA401P5300,383.0,0.0,0.0,0.0,5,373.5,379.5,5,391.5,392.5,400.5,378.0,37.0,14448.5,201
2023-05-11 14:46:02,TA401P5300,TA401P5300,383.0,0.0,0.0,0.0,5,375.0,379.5,5,391.5,392.5,400.5,378.0,37.0,14448.5,201
2023-05-11 14:47:05,TA401P5300,TA401P5300,383.0,0.0,0.0,0.0,5,373.5,379.5,5,391.5,392.5,400.5,378.0,37.0,14448.5,201
2023-05-11 14:48:25,TA401P5300,TA401P5300,383.0,0.0,0.0,0.0,5,373.5,378.0,5,391.5,392.5,400.5,378.0,37.0,14448.5,201
2023-05-11 14:48:40,TA401P5300,TA401P5300,383.0,0.0,0.0,0.0,1,327.5,378.0,5,391.5,392.5,400.5,378.0,37.0,14448.5,201
2023-05-11 14:48:41,TA401P5300,TA401P5300,383.0,0.0,0.0,0.0,5,372.0,378.0,5,391.5,392.5,400.5,378.0,37.0,14448.5,201
2023-05-11 14:48:51,TA401P5300,TA401P5300,383.0,0.0,0.0,0.0,5,372.0,376.5,5,391.5,392.5,400.5,378.0,37.0,14448.5,201
2023-05-11 14:49:07,TA401P5300,TA401P5300,383.0,0.0,0.0,0.0,5,369.5,376.5,5,391.5,392.5,400.5,378.0,37.0,14448.5,201
2023-05-11 14:49:16,TA401P5300,TA401P5300,383.0,0.0,0.0,0.0,5,371.0,376.5,5,391.5,392.5,400.5,378.0,37.0,14448.5,201
2023-05-11 14:49:27,TA401P5300,TA401P5300,383.0,0.0,0.0,0.0,5,372.5,378.0,5,391.5,392.5,400.5,378.0,37.0,14448.5,201
2023-05-11 14:49:58,TA401P5300,TA401P5300,383.0,0.0,0.0,0.0,5,372.5,380.5,5,391.5,392.5,400.5,378.0,37.0,14448.5,201
2023-05-11 14:51:02,TA401P5300,TA401P5300,383.0,0.0,0.0,0.0,5,372.5,379.0,5,391.5,392.5,400.5,378.0,37.0,14448.5,201
2023-05-11 14:51:26,TA401P5300,TA401P5300,383.0,0.0,0.0,0.0,5,374.0,379.0,5,391.5,392.5,400.5,378.0,37.0,14448.5,201
2023-05-11 14:58:09,TA401P5300,TA401P5300,383.0,0.0,0.0,0.0,5,374.0,380.5,5,391.5,392.5,400.5,378.0,37.0,14448.5,201
2023-05-11 14:58:21,TA401P5300,TA401P5300,383.0,0.0,0.0,0.0,5,376.0,380.5,5,391.5,392.5,400.5,378.0,37.0,14448.5,201
2023-05-11 14:58:28,TA401P5300,TA401P5300,383.0,0.0,0.0,0.0,5,376.0,423.0,1,391.5,392.5,400.5,378.0,37.0,14448.5,201
2023-05-11 14:58:29,TA401P5300,TA401P5300,383.0,0.0,0.0,0.0,5,376.0,383.5,5,391.5,392.5,400.5,378.0,37.0,14448.5,201
2023-05-11 14:58:34,TA401P5300,TA401P5300,383.0,0.0,0.0,0.0,5,378.0,383.5,5,391.5,392.5,400.5,378.0,37.0,14448.5,201
2023-05-11 14:58:45,TA401P5300,TA401P5300,383.0,0.0,0.0,0.0,5,379.5,423.0,1,391.5,392.5,400.5,378.0,37.0,14448.5,201
2023-05-11 14:58:47,TA401P5300,TA401P5300,383.0,0.0,0.0,0.0,5,379.5,386.0,5,391.5,392.5,400.5,378.0,37.0,14448.5,201
2023-05-11 14:58:57,TA401P5300,TA401P5300,383.0,0.0,0.0,0.0,1,327.5,423.0,1,391.5,392.5,400.5,378.0,37.0,14448.5,201
2023-05-11 14:58:57,TA401P5300,TA401P5300,383.0,0.0,0.0,0.0,1,327.5,423.0,1,391.5,392.5,400.5,378.0,37.0,14448.5,201
2023-05-11 14:58:57,TA401P5300,TA401P5300,383.0,0.0,0.0,0.0,1,327.5,423.0,1,391.5,392.5,400.5,378.0,37.0,14448.5,201
2023-05-11 14:58:57,TA401P5300,TA401P5300,383.0,0.0,0.0,0.0,1,327.5,423.0,1,391.5,392.5,400.5,378.0,37.0,14448.5,201
